|j|Shivvers
|j|Judo
|player|p1|Shivvers|263
|player|p2|Judo|70
|gametype|singles
|gen|1
|tier|[Gen 1] Random Battle
|seed|
|rule|Sleep Clause Mod: Limit one foe put to sleep
|rule|Freeze Clause Mod: Limit one foe frozen
|rule|HP Percentage Mod: HP is shown in percentages
|
|start
|switch|p1a: Kakuna|Kakuna, L99|100\/100
|switch|p2a: Tentacruel|Tentacruel, L85|100\/100
|turn|1
|choice||
|
|move|p2a: Tentacruel|Swords Dance|p2a: Tentacruel
|-boost|p2a: Tentacruel|atk|2
|move|p1a: Kakuna|Harden|p1a: Kakuna
|-boost|p1a: Kakuna|def|1
|
|turn|2
|choice||
|
|move|p2a: Tentacruel|Swords Dance|p2a: Tentacruel
|-boost|p2a: Tentacruel|atk|2
|move|p1a: Kakuna|String Shot|p2a: Tentacruel
|-unboost|p2a: Tentacruel|spe|1
|
|turn|3
|choice||
|
|move|p2a: Tentacruel|Blizzard|p1a: Kakuna
|-damage|p1a: Kakuna|44\/100
|move|p1a: Kakuna|Harden|p1a: Kakuna
|-boost|p1a: Kakuna|def|1
|
|turn|4
|choice||
|
|move|p2a: Tentacruel|Blizzard|p1a: Kakuna|[miss]
|-miss|p2a: Tentacruel
|move|p1a: Kakuna|Harden|p1a: Kakuna
|-boost|p1a: Kakuna|def|1
|
|turn|5
|choice||
|
|move|p2a: Tentacruel|Blizzard|p1a: Kakuna|[miss]
|-miss|p2a: Tentacruel
|move|p1a: Kakuna|Harden|p1a: Kakuna
|-boost|p1a: Kakuna|def|1
|
|turn|6
|choice||
|
|move|p2a: Tentacruel|Swords Dance|p2a: Tentacruel
|-boost|p2a: Tentacruel|atk|2
|move|p1a: Kakuna|Harden|p1a: Kakuna
|-boost|p1a: Kakuna|def|1
|
|turn|7
|choice||
|
|move|p2a: Tentacruel|Blizzard|p1a: Kakuna
|-damage|p1a: Kakuna|0 fnt
|faint|p1a: Kakuna
|choice||
|
|switch|p1a: Jolteon|Jolteon, L79|100\/100
|turn|8
|choice||
|
|move|p1a: Jolteon|Thunder Wave|p2a: Tentacruel
|-status|p2a: Tentacruel|par
|move|p2a: Tentacruel|Hyper Beam|p1a: Jolteon
|-damage|p1a: Jolteon|0 fnt
|faint|p1a: Jolteon
|choice||
|
|switch|p1a: Dragonite|Dragonite, L85|100\/100
|turn|9
|choice||
|
|move|p1a: Dragonite|Agility|p1a: Dragonite
|-boost|p1a: Dragonite|spe|2
|move|p2a: Tentacruel|Blizzard|p1a: Dragonite
|-supereffective|p1a: Dragonite
|-damage|p1a: Dragonite|0 fnt
|faint|p1a: Dragonite
|choice||
|
|switch|p1a: Persian|Persian, L79|100\/100
|turn|10
|c|★Judo|lmao tentacruel XD
|choice||
|
|move|p1a: Persian|Thunderbolt|p2a: Tentacruel
|-supereffective|p2a: Tentacruel
|-damage|p2a: Tentacruel|75\/100 par
|move|p2a: Tentacruel|Hyper Beam|p1a: Persian
|-crit|p1a: Persian
|-damage|p1a: Persian|13\/100
|
|turn|11
|-mustrecharge|p2a: Tentacruel
|-mustrecharge|p2a: Tentacruel
|c|★Shivvers|Why is that thing so fast? XD
|choice||
|
|move|p1a: Persian|Thunderbolt|p2a: Tentacruel
|-supereffective|p2a: Tentacruel
|-damage|p2a: Tentacruel|50\/100 par
|cant|p2a: Tentacruel|recharge
|
|turn|12
|choice||
|
|move|p1a: Persian|Hyper Beam|p2a: Tentacruel
|-damage|p2a: Tentacruel|5\/100 par
|move|p2a: Tentacruel|Hyper Beam|p1a: Persian
|-damage|p1a: Persian|0 fnt
|faint|p1a: Persian
|choice||
|
|switch|p1a: Snorlax|Snorlax, L79|100\/100
|turn|13
|choice||
|
|move|p1a: Snorlax|Rest|p1a: Snorlax
|-fail|p1a: Snorlax
|move|p2a: Tentacruel|Hyper Beam|p1a: Snorlax|[miss]
|-miss|p2a: Tentacruel
|
|turn|14
|choice||
|
|move|p1a: Snorlax|Amnesia|p1a: Snorlax
|-boost|p1a: Snorlax|spd|2
|-boost|p1a: Snorlax|spa|2
|cant|p2a: Tentacruel|par
|
|turn|15
|choice||
|
|move|p1a: Snorlax|Blizzard|p2a: Tentacruel
|-resisted|p2a: Tentacruel
|-damage|p2a: Tentacruel|0 fnt
|faint|p2a: Tentacruel
|choice||
|
|switch|p2a: Charmeleon|Charmeleon, L85|100\/100
|turn|16
|choice||
|
|move|p2a: Charmeleon|Submission|p1a: Snorlax
|-supereffective|p1a: Snorlax
|-damage|p1a: Snorlax|75\/100
|-damage|p2a: Charmeleon|91\/100|[from] recoil|[of] p1a: Snorlax
|move|p1a: Snorlax|Blizzard|p2a: Charmeleon
|-damage|p2a: Charmeleon|41\/100
|
|turn|17
|c|★Judo|FAT THING
|choice||
|
|move|p2a: Charmeleon|Fire Blast|p1a: Snorlax|[miss]
|-miss|p2a: Charmeleon
|move|p1a: Snorlax|Blizzard|p2a: Charmeleon
|-damage|p2a: Charmeleon|0 fnt
|faint|p2a: Charmeleon
|c|★Shivvers|Good ol' Tubbs
|choice||
|
|switch|p2a: Nidorina|Nidorina, L90|100\/100
|turn|18
|choice||
|
|move|p2a: Nidorina|Body Slam|p1a: Snorlax
|-damage|p1a: Snorlax|59\/100
|move|p1a: Snorlax|Blizzard|p2a: Nidorina
|-damage|p2a: Nidorina|57\/100
|
|turn|19
|choice||
|
|move|p2a: Nidorina|Body Slam|p1a: Snorlax
|-damage|p1a: Snorlax|43\/100
|move|p1a: Snorlax|Blizzard|p2a: Nidorina
|-damage|p2a: Nidorina|13\/100
|
|turn|20
|choice||
|
|move|p2a: Nidorina|Body Slam|p1a: Snorlax
|-crit|p1a: Snorlax
|-damage|p1a: Snorlax|13\/100
|move|p1a: Snorlax|Blizzard|p2a: Nidorina
|-damage|p2a: Nidorina|0 fnt
|faint|p2a: Nidorina
|choice||
|
|switch|p2a: Dodrio|Dodrio, L85|100\/100
|turn|21
|choice||
|
|move|p2a: Dodrio|Hyper Beam|p1a: Snorlax
|-damage|p1a: Snorlax|0 fnt
|faint|p1a: Snorlax
|choice||
|
|switch|p1a: Starmie|Starmie, L79|100\/100
|turn|22
|c|★Judo|finally lol
|choice||
|
|move|p1a: Starmie|Thunderbolt|p2a: Dodrio
|-supereffective|p2a: Dodrio
|-damage|p2a: Dodrio|47\/100
|move|p2a: Dodrio|Hyper Beam|p1a: Starmie
|-damage|p1a: Starmie|25\/100
|
|turn|23
|-mustrecharge|p2a: Dodrio
|-mustrecharge|p2a: Dodrio
|choice||
|
|move|p1a: Starmie|Thunderbolt|p2a: Dodrio
|-supereffective|p2a: Dodrio
|-damage|p2a: Dodrio|0 fnt
|faint|p2a: Dodrio
|choice||
|
|switch|p2a: Magneton|Magneton, L90|100\/100
|turn|24
|choice||
|
|move|p1a: Starmie|Recover|p1a: Starmie
|-heal|p1a: Starmie|75\/100
|move|p2a: Magneton|Thunderbolt|p1a: Starmie
|-supereffective|p1a: Starmie
|-damage|p1a: Starmie|0 fnt
|faint|p1a: Starmie
|
|win|Judo
|player|p1
|player|p2