|join|kid gf lol
|join|amaniania
|player|p1|kid gf lol|168
|player|p2|amaniania|257
|gametype|singles
|gen|1
|tier|[Gen 1] OU (beta)
|rule|Sleep Clause Mod: Limit one foe put to sleep
|rule|Species Clause: Limit one of each Pokemon
|rule|OHKO Clause: OHKO moves are banned
|rule|Moody Clause: Moody is banned
|rule|Evasion Moves Clause: Evasion moves are banned
|rule|Endless Battle Clause: Forcing endless battles is banned.
|rule|HP Percentage Mod: HP is reported as percentages
|
|start
|switch|p1a: Wagginwrath|Poliwag|283\/283
|switch|p2a: buh|Poliwag|283\/283
|turn|1
|join|Catacomb
|chat|amaniania|i copy u
|join|Fieryguns
|
|switch|p1a: Tobypoke|Slowpoke|383\/383
|move|p2a: buh|Hypnosis|p1a: Tobypoke|[miss]
|-miss|p2a: buh
|
|turn|2
|join|i'matotaln00b
|
|switch|p2a: >|Staryu|263\/263
|move|p1a: Tobypoke|Psychic|p2a: >
|-damage|p2a: >|183\/263
|
|turn|3
|chat|kid gf lol|no plz i need poli
|chat|amaniania|pls no
|chat|amaniania|no toby pls
|
|switch|p1a: DigSingle|Diglett|223\/223
|move|p2a: >|Thunder Wave|p1a: DigSingle
|-immune|p1a: DigSingle|[msg]
|
|turn|4
|chat|amaniania|no dig pls
|
|switch|p2a: alrighty|Exeggcute|323\/323
|move|p1a: DigSingle|Earthquake|p2a: alrighty
|-crit|p2a: alrighty
|-resisted|p2a: alrighty
|-damage|p2a: alrighty|224\/323
|
|turn|5
|
|move|p1a: DigSingle|Slash|p2a: alrighty
|-crit|p2a: alrighty
|-damage|p2a: alrighty|140\/323
|move|p2a: alrighty|Sleep Powder|p1a: DigSingle
|-status|p1a: DigSingle|slp
|
|turn|6
|
|switch|p1a: Yumie|Staryu|263\/263
|move|p2a: alrighty|Stun Spore|p1a: Yumie|[miss]
|-miss|p2a: alrighty
|
|turn|7
|chat|amaniania|pls
|
|move|p1a: Yumie|Blizzard|p2a: alrighty
|-supereffective|p2a: alrighty
|-damage|p2a: alrighty|0 fnt
|faint|p2a: alrighty
|
|chat|kid gf lol|shreded
|
|switch|p2a: >|Staryu|183\/263
|turn|8
|
|move|p1a: Yumie|Thunder Wave|p2a: >
|-status|p2a: >|par
|move|p2a: >|Thunderbolt|p1a: Yumie
|-supereffective|p1a: Yumie
|-damage|p1a: Yumie|114\/263
|
|turn|9
|
|move|p1a: Yumie|Recover|p1a: Yumie
|-heal|p1a: Yumie|245\/263
|cant|p2a: >|par
|
|turn|10
|
|move|p1a: Yumie|Thunderbolt|p2a: >
|-supereffective|p2a: >
|-damage|p2a: >|36\/263 par
|move|p2a: >|Thunderbolt|p1a: Yumie
|-supereffective|p1a: Yumie
|-damage|p1a: Yumie|92\/263
|
|turn|11
|
|move|p1a: Yumie|Thunderbolt|p2a: >
|-supereffective|p2a: >
|-damage|p2a: >|0 fnt
|faint|p2a: >
|
|join|Eila-chan
|chat|kid gf lol|staryu is way op
|
|switch|p2a: moo|Meowth|283\/283
|turn|12
|
|move|p2a: moo|Slash|p1a: Yumie
|-crit|p1a: Yumie
|-damage|p1a: Yumie|0 fnt
|faint|p1a: Yumie
|
|
|switch|p1a: Tobypoke|Slowpoke|383\/383
|turn|13
|chat|amaniania|toby no
|chat|amaniania|pls
|
|move|p2a: moo|Screech|p1a: Tobypoke
|-unboost|p1a: Tobypoke|def|2
|move|p1a: Tobypoke|Reflect|p1a: Tobypoke
|
|turn|14
|chat|kid gf lol|toby plz
|
|move|p2a: moo|Slash|p1a: Tobypoke
|-crit|p1a: Tobypoke
|-damage|p1a: Tobypoke|314\/383
|move|p1a: Tobypoke|Amnesia|p1a: Tobypoke
|-boost|p1a: Tobypoke|spd|2
|-boost|p1a: Tobypoke|spa|2
|
|turn|15
|
|move|p2a: moo|Screech|p1a: Tobypoke
|-unboost|p1a: Tobypoke|def|2
|move|p1a: Tobypoke|Amnesia|p1a: Tobypoke
|-boost|p1a: Tobypoke|spd|2
|-boost|p1a: Tobypoke|spa|2
|
|turn|16
|
|move|p2a: moo|Screech|p1a: Tobypoke
|-unboost|p1a: Tobypoke|def|2
|move|p1a: Tobypoke|Amnesia|p1a: Tobypoke
|-boost|p1a: Tobypoke|spd|2
|-boost|p1a: Tobypoke|spa|2
|
|turn|17
|
|move|p2a: moo|Slash|p1a: Tobypoke
|-crit|p1a: Tobypoke
|-damage|p1a: Tobypoke|247\/383
|move|p1a: Tobypoke|Rest|p1a: Tobypoke
|-status|p1a: Tobypoke|slp
|-heal|p1a: Tobypoke|383\/383 slp|[silent]
|-status|p1a: Tobypoke|slp|[from] move: Rest
|
|turn|18
|chat|amaniania|does that
|chat|amaniania|not work
|chat|amaniania|or something
|chat|kid gf lol|it crits
|
|switch|p2a: buh|Poliwag|283\/283
|cant|p1a: Tobypoke|slp
|
|turn|19
|chat|amaniania|oh right
|chat|amaniania|ffffffffffeck
|
|move|p2a: buh|Amnesia|p2a: buh
|-boost|p2a: buh|spd|2
|-boost|p2a: buh|spa|2
|cant|p1a: Tobypoke|slp
|-curestatus|p1a: Tobypoke|slp
|
|turn|20
|chat|amaniania|oops
|chat|kid gf lol|no i have toby 
|
|move|p2a: buh|Amnesia|p2a: buh
|-boost|p2a: buh|spd|2
|-boost|p2a: buh|spa|2
|move|p1a: Tobypoke|Psychic|p2a: buh
|-damage|p2a: buh|134\/283
|
|turn|21
|chat|amaniania|now ded to toby
|
|move|p2a: buh|Hypnosis|p1a: Tobypoke
|-message|Sleep Clause Mod activated.
|move|p1a: Tobypoke|Psychic|p2a: buh
|-damage|p2a: buh|0 fnt
|faint|p2a: buh
|
|join|dragontrainerdrago
|chat|amaniania|:D
|chat|kid gf lol|nope
|chat|amaniania|gg
|
|switch|p2a: dat wall|Rhyhorn|363\/363
|turn|22
|
|move|p2a: dat wall|Body Slam|p1a: Tobypoke
|-damage|p1a: Tobypoke|230\/383
|move|p1a: Tobypoke|Psychic|p2a: dat wall
|-damage|p2a: dat wall|0 fnt
|faint|p2a: dat wall
|
|leave|i'matotaln00b
|
|switch|p2a: moo|Meowth|283\/283
|turn|23
|
|move|p2a: moo|Screech|p1a: Tobypoke
|move|p1a: Tobypoke|Psychic|p2a: moo
|-damage|p2a: moo|0 fnt
|faint|p2a: moo
|
|chat|kid gf lol|do you have any physical oves that arent slash lol
|
|switch|p2a: Moleman|Diglett|223\/223
|turn|24
|chat|amaniania|no
|chat|amaniania|:(
|join|Blue53
|chat|kid gf lol|eq?
|chat|Catacomb|lol
|chat|amaniania|meowth gets eq
|chat|amaniania|wtf
|chat|kid gf lol|no digg
|
|move|p2a: Moleman|Earthquake|p1a: Tobypoke
|-damage|p1a: Tobypoke|3\/383
|move|p1a: Tobypoke|Psychic|p2a: Moleman
|-damage|p2a: Moleman|0 fnt
|faint|p2a: Moleman
|
|win|kid gf lol
|chat|kid gf lol|ye
|leave|Catacomb
|chat|kid gf lol|s
|leave|Blue53
|leave|dragontrainerdrago
|join|Catacomb
|leave|amaniania
|player|p2
|leave|Catacomb
|leave|kid gf lol
|player|p1
|leave|Fieryguns
|leave|Eila-chan