|j|tr0mb0ner
|j|Peasounay
|player|p1|tr0mb0ner|1
|player|p2|Peasounay|80
|gametype|singles
|gen|1
|tier|[Gen 1] OU
|seed|29913,51912,61973,64207
|rule|Sleep Clause Mod: Limit one foe put to sleep
|rule|Freeze Clause Mod: Limit one foe frozen
|rule|Species Clause: Limit one of each Pokémon
|rule|OHKO Clause: OHKO moves are banned
|rule|Evasion Moves Clause: Evasion moves are banned
|rule|HP Percentage Mod: HP is shown in percentages
|
|start
|switch|p1a: Starmie|Starmie|323\/323
|switch|p2a: Shoooryuken!|Starmie|323\/323
|turn|1
|c|★Peasounay|hey man
|c|★tr0mb0ner|hi
|c|★Peasounay|how r u doing
|c|★tr0mb0ner|good hbu
|choice|move 3|switch 5
|
|switch|p2a: I Own RBY|Chansey|703\/703
|move|p1a: Starmie|Thunderbolt|p2a: I Own RBY
|-crit|p2a: I Own RBY
|-damage|p2a: I Own RBY|554\/703
|
|turn|2
|c|★Peasounay|doing good
|choice|move 2|move 2
|
|move|p1a: Starmie|Blizzard|p2a: I Own RBY
|-crit|p2a: I Own RBY
|-damage|p2a: I Own RBY|374\/703
|move|p2a: I Own RBY|Ice Beam|p1a: Starmie
|-resisted|p1a: Starmie
|-damage|p1a: Starmie|285\/323
|
|turn|3
|choice|move 2|move 1
|
|move|p1a: Starmie|Blizzard|p2a: I Own RBY
|-damage|p2a: I Own RBY|281\/703
|move|p2a: I Own RBY|Soft-Boiled|p2a: I Own RBY
|-heal|p2a: I Own RBY|632\/703
|
|turn|4
|choice|switch 3|move 2
|
|switch|p1a: Exeggutor|Exeggutor|393\/393
|move|p2a: I Own RBY|Ice Beam|p1a: Exeggutor
|-supereffective|p1a: Exeggutor
|-damage|p1a: Exeggutor|253\/393
|
|turn|5
|choice|move 1|switch 5
|
|switch|p2a: Shoooryuken!|Starmie|323\/323
|move|p1a: Exeggutor|Sleep Powder|p2a: Shoooryuken!
|-status|p2a: Shoooryuken!|slp
|
|turn|6
|choice|switch 3|move 1
|
|switch|p1a: Starmie|Starmie|285\/323
|-curestatus|p2a: Shoooryuken!|slp
|
|turn|7
|choice|move 3|switch 5
|
|switch|p2a: I Own RBY|Chansey|632\/703
|move|p1a: Starmie|Thunderbolt|p2a: I Own RBY
|-damage|p2a: I Own RBY|556\/703
|
|turn|8
|choice|move 2|move 2
|
|move|p1a: Starmie|Blizzard|p2a: I Own RBY
|-crit|p2a: I Own RBY
|-damage|p2a: I Own RBY|387\/703
|move|p2a: I Own RBY|Ice Beam|p1a: Starmie
|-resisted|p1a: Starmie
|-damage|p1a: Starmie|244\/323
|
|turn|9
|choice|move 2|move 1
|
|move|p1a: Starmie|Blizzard|p2a: I Own RBY
|-damage|p2a: I Own RBY|297\/703
|move|p2a: I Own RBY|Soft-Boiled|p2a: I Own RBY
|-heal|p2a: I Own RBY|648\/703
|
|turn|10
|choice|move 2|move 2
|
|move|p1a: Starmie|Blizzard|p2a: I Own RBY
|-damage|p2a: I Own RBY|556\/703
|move|p2a: I Own RBY|Ice Beam|p1a: Starmie
|-resisted|p1a: Starmie
|-damage|p1a: Starmie|205\/323
|
|turn|11
|choice|move 2|move 2
|
|move|p1a: Starmie|Blizzard|p2a: I Own RBY
|-damage|p2a: I Own RBY|471\/703
|move|p2a: I Own RBY|Ice Beam|p1a: Starmie
|-resisted|p1a: Starmie
|-damage|p1a: Starmie|169\/323
|
|turn|12
|choice|move 2|move 2
|
|move|p1a: Starmie|Blizzard|p2a: I Own RBY
|-crit|p2a: I Own RBY
|-damage|p2a: I Own RBY|308\/703
|move|p2a: I Own RBY|Ice Beam|p1a: Starmie
|-resisted|p1a: Starmie
|-damage|p1a: Starmie|131\/323
|
|turn|13
|choice|move 4|move 2
|
|move|p1a: Starmie|Recover|p1a: Starmie
|-heal|p1a: Starmie|292\/323
|move|p2a: I Own RBY|Ice Beam|p1a: Starmie
|-resisted|p1a: Starmie
|-damage|p1a: Starmie|253\/323
|
|turn|14
|choice|switch 3|move 1
|
|switch|p1a: Exeggutor|Exeggutor|253\/393
|move|p2a: I Own RBY|Soft-Boiled|p2a: I Own RBY
|-heal|p2a: I Own RBY|659\/703
|
|turn|15
|choice|move 1|switch 5
|
|switch|p2a: Shoooryuken!|Starmie|323\/323
|move|p1a: Exeggutor|Sleep Powder|p2a: Shoooryuken!
|-status|p2a: Shoooryuken!|slp
|
|turn|16
|choice|move 2|move 1
|
|cant|p2a: Shoooryuken!|slp
|move|p1a: Exeggutor|Egg Bomb|p2a: Shoooryuken!|[miss]
|-miss|p1a: Exeggutor
|
|turn|17
|choice|switch 3|switch 2
|
|switch|p2a: Wear Candoms Kid|Exeggutor|393\/393
|switch|p1a: Starmie|Starmie|253\/323
|
|turn|18
|choice|move 2|switch 6
|
|switch|p2a: Vagina|Cloyster|303\/303
|move|p1a: Starmie|Blizzard|p2a: Vagina
|-resisted|p2a: Vagina
|-damage|p2a: Vagina|275\/303
|
|turn|19
|choice|move 3|switch 5
|
|switch|p2a: I Own RBY|Chansey|659\/703
|move|p1a: Starmie|Thunderbolt|p2a: I Own RBY
|-damage|p2a: I Own RBY|582\/703
|
|turn|20
|choice|move 1|move 2
|
|move|p1a: Starmie|Psychic|p2a: I Own RBY
|-crit|p2a: I Own RBY
|-damage|p2a: I Own RBY|374\/703
|-unboost|p2a: I Own RBY|spd|1
|-unboost|p2a: I Own RBY|spa|1
|move|p2a: I Own RBY|Ice Beam|p1a: Starmie
|-resisted|p1a: Starmie
|-damage|p1a: Starmie|227\/323
|
|turn|21
|choice|move 1|move 1
|
|move|p1a: Starmie|Psychic|p2a: I Own RBY
|-damage|p2a: I Own RBY|224\/703
|-unboost|p2a: I Own RBY|spd|1
|-unboost|p2a: I Own RBY|spa|1
|move|p2a: I Own RBY|Soft-Boiled|p2a: I Own RBY
|-heal|p2a: I Own RBY|575\/703
|
|turn|22
|choice|move 1|move 1
|
|move|p1a: Starmie|Psychic|p2a: I Own RBY
|-crit|p2a: I Own RBY
|-damage|p2a: I Own RBY|388\/703
|-unboost|p2a: I Own RBY|spd|1
|-unboost|p2a: I Own RBY|spa|1
|move|p2a: I Own RBY|Soft-Boiled|p2a: I Own RBY
|-heal|p2a: I Own RBY|703\/703
|
|turn|23
|choice|move 1|switch 2
|
|switch|p2a: Shoooryuken!|Starmie|323\/323 slp
|move|p1a: Starmie|Psychic|p2a: Shoooryuken!
|-resisted|p2a: Shoooryuken!
|-damage|p2a: Shoooryuken!|275\/323 slp
|
|turn|24
|choice|move 1|switch 2
|
|switch|p2a: I Own RBY|Chansey|703\/703
|move|p1a: Starmie|Psychic|p2a: I Own RBY
|-damage|p2a: I Own RBY|598\/703
|
|turn|25
|choice|move 1|move 2
|
|move|p1a: Starmie|Psychic|p2a: I Own RBY
|-damage|p2a: I Own RBY|498\/703
|-unboost|p2a: I Own RBY|spd|1
|-unboost|p2a: I Own RBY|spa|1
|move|p2a: I Own RBY|Ice Beam|p1a: Starmie
|-resisted|p1a: Starmie
|-damage|p1a: Starmie|202\/323
|
|turn|26
|choice|move 1|move 2
|
|move|p1a: Starmie|Psychic|p2a: I Own RBY
|-damage|p2a: I Own RBY|335\/703
|-unboost|p2a: I Own RBY|spd|1
|-unboost|p2a: I Own RBY|spa|1
|move|p2a: I Own RBY|Ice Beam|p1a: Starmie
|-resisted|p1a: Starmie
|-damage|p1a: Starmie|183\/323
|
|turn|27
|choice|move 1|move 1
|
|move|p1a: Starmie|Psychic|p2a: I Own RBY
|-damage|p2a: I Own RBY|136\/703
|move|p2a: I Own RBY|Soft-Boiled|p2a: I Own RBY
|-heal|p2a: I Own RBY|487\/703
|
|turn|28
|choice|move 1|move 1
|
|move|p1a: Starmie|Psychic|p2a: I Own RBY
|-damage|p2a: I Own RBY|271\/703
|move|p2a: I Own RBY|Soft-Boiled|p2a: I Own RBY
|-heal|p2a: I Own RBY|622\/703
|
|turn|29
|choice|move 1|switch 6
|
|switch|p2a: Wear Candoms Kid|Exeggutor|393\/393
|move|p1a: Starmie|Psychic|p2a: Wear Candoms Kid
|-resisted|p2a: Wear Candoms Kid
|-damage|p2a: Wear Candoms Kid|345\/393
|-unboost|p2a: Wear Candoms Kid|spd|1
|-unboost|p2a: Wear Candoms Kid|spa|1
|
|turn|30
|choice|move 4|switch 6
|
|switch|p2a: I Own RBY|Chansey|622\/703
|move|p1a: Starmie|Recover|p1a: Starmie
|-heal|p1a: Starmie|323\/323
|
|turn|31
|choice|move 1|move 2
|
|move|p1a: Starmie|Psychic|p2a: I Own RBY
|-damage|p2a: I Own RBY|514\/703
|move|p2a: I Own RBY|Ice Beam|p1a: Starmie
|-resisted|p1a: Starmie
|-damage|p1a: Starmie|287\/323
|
|turn|32
|choice|move 1|move 2
|
|move|p1a: Starmie|Psychic|p2a: I Own RBY
|-damage|p2a: I Own RBY|405\/703
|move|p2a: I Own RBY|Ice Beam|p1a: Starmie
|-resisted|p1a: Starmie
|-damage|p1a: Starmie|245\/323
|-status|p1a: Starmie|frz
|
|turn|33
|choice|switch 3|move 1
|
|switch|p1a: Exeggutor|Exeggutor|253\/393
|move|p2a: I Own RBY|Soft-Boiled|p2a: I Own RBY
|-heal|p2a: I Own RBY|703\/703
|
|turn|34
|choice|move 4|switch 2
|
|switch|p2a: Shoooryuken!|Starmie|275\/323 slp
|move|p1a: Exeggutor|Psychic|p2a: Shoooryuken!
|-resisted|p2a: Shoooryuken!
|-damage|p2a: Shoooryuken!|212\/323 slp
|
|turn|35
|choice|move 2|switch 6
|
|switch|p2a: Wear Candoms Kid|Exeggutor|345\/393
|move|p1a: Exeggutor|Egg Bomb|p2a: Wear Candoms Kid|[miss]
|-miss|p1a: Exeggutor
|
|turn|36
|choice|move 3|move 1
|
|move|p1a: Exeggutor|Explosion|p2a: Wear Candoms Kid
|-damage|p2a: Wear Candoms Kid|78\/393
|faint|p1a: Exeggutor
|choice|switch 6|
|
|switch|p1a: Tauros|Tauros|353\/353
|turn|37
|choice|move 1|switch 6
|
|switch|p2a: Shoooryuken!|Starmie|212\/323 slp
|move|p1a: Tauros|Body Slam|p2a: Shoooryuken!
|-damage|p2a: Shoooryuken!|106\/323 slp
|
|turn|38
|choice|move 1|move 1
|
|cant|p2a: Shoooryuken!|slp
|move|p1a: Tauros|Body Slam|p2a: Shoooryuken!
|-damage|p2a: Shoooryuken!|0 fnt
|faint|p2a: Shoooryuken!
|choice||switch 2
|
|switch|p2a: I Own RBY|Chansey|703\/703
|turn|39
|choice|switch 2|move 3
|
|switch|p1a: Chansey|Chansey|703\/703
|move|p2a: I Own RBY|Thunder Wave|p1a: Chansey
|-status|p1a: Chansey|par
|
|turn|40
|choice|move 1|switch 5
|
|switch|p2a: Vagina|Cloyster|275\/303
|cant|p1a: Chansey|par
|
|turn|41
|choice|move 2|move 2
|
|move|p2a: Vagina|Clamp|p1a: Chansey
|-damage|p1a: Chansey|666\/703 par
|-activate|p1a: Chansey|move: Clamp|[of] p2a: Vagina
|cant|p1a: Chansey|partiallytrapped
|
|turn|42
|choice|switch 3|switch 6
|
|switch|p2a: Wear Candoms Kid|Exeggutor|78\/393
|switch|p1a: Starmie|Starmie|245\/323 frz
|
|turn|43
|choice|move 3|move 2
|
|cant|p1a: Starmie|frz
|move|p2a: Wear Candoms Kid|Psychic|p1a: Starmie
|-resisted|p1a: Starmie
|-damage|p1a: Starmie|188\/323 frz
|
|turn|44
|choice|switch 2|move 2
|
|switch|p1a: Tauros|Tauros|353\/353
|move|p2a: Wear Candoms Kid|Psychic|p1a: Tauros
|-damage|p1a: Tauros|198\/353
|-unboost|p1a: Tauros|spd|1
|-unboost|p1a: Tauros|spa|1
|
|turn|45
|choice|move 1|switch 6
|
|switch|p2a: Vagina|Cloyster|275\/303
|move|p1a: Tauros|Body Slam|p2a: Vagina
|-damage|p2a: Vagina|211\/303
|-status|p2a: Vagina|par
|
|turn|46
|choice|switch 3|switch 6
|
|switch|p1a: Chansey|Chansey|666\/703 par
|switch|p2a: Wear Candoms Kid|Exeggutor|78\/393
|
|turn|47
|choice|move 1|switch 6
|
|switch|p2a: Vagina|Cloyster|211\/303 par
|move|p1a: Chansey|Ice Beam|p2a: Vagina
|-resisted|p2a: Vagina
|-damage|p2a: Vagina|188\/303 par
|
|turn|48
|choice|move 2|move 2
|
|move|p2a: Vagina|Clamp|p1a: Chansey|[miss]
|-miss|p2a: Vagina
|move|p1a: Chansey|Seismic Toss|p2a: Vagina
|-damage|p2a: Vagina|88\/303 par
|
|turn|49
|choice|move 2|move 2
|
|move|p2a: Vagina|Clamp|p1a: Chansey
|-damage|p1a: Chansey|627\/703 par
|-activate|p1a: Chansey|move: Clamp|[of] p2a: Vagina
|cant|p1a: Chansey|par
|
|turn|50
|choice|switch 3|move 2
|
|switch|p1a: Tauros|Tauros|198\/353
|move|p2a: Vagina|Clamp|p1a: Tauros
|-damage|p1a: Tauros|154\/353
|-activate|p1a: Tauros|move: Clamp|[of] p2a: Vagina
|
|turn|51
|choice|switch 4|move 2
|
|switch|p1a: Snorlax|Snorlax|523\/523
|move|p2a: Vagina|Clamp|p1a: Snorlax
|-damage|p1a: Snorlax|474\/523
|-activate|p1a: Snorlax|move: Clamp|[of] p2a: Vagina
|
|turn|52
|choice|move 1|move 2
|
|cant|p1a: Snorlax|partiallytrapped
|move|p2a: Vagina|Clamp|p1a: Snorlax
|-damage|p1a: Snorlax|425\/523
|
|turn|53
|choice|move 1|switch 6
|
|switch|p2a: Wear Candoms Kid|Exeggutor|78\/393
|cant|p1a: Snorlax|partiallytrapped
|
|-end|p1a: Snorlax|Clamp|[partiallytrapped]
|turn|54
|choice|switch 2|move 2
|
|switch|p1a: Starmie|Starmie|188\/323 frz
|move|p2a: Wear Candoms Kid|Psychic|p1a: Starmie
|-resisted|p1a: Starmie
|-damage|p1a: Starmie|130\/323 frz
|
|turn|55
|choice|switch 3|move 2
|
|switch|p1a: Chansey|Chansey|627\/703 par
|move|p2a: Wear Candoms Kid|Psychic|p1a: Chansey
|-damage|p1a: Chansey|505\/703 par
|
|turn|56
|choice|switch 3|move 4
|
|switch|p1a: Starmie|Starmie|130\/323 frz
|move|p2a: Wear Candoms Kid|Explosion|p1a: Starmie
|-damage|p1a: Starmie|0 fnt
|faint|p1a: Starmie
|faint|p2a: Wear Candoms Kid
|c|★Peasounay|yup
|c|★Peasounay|good call
|c|★tr0mb0ner|finally
|c|★tr0mb0ner|its over
|c|★tr0mb0ner|i was torn on me swaping from lax or not
|c|★tr0mb0ner|the boom predicting is crazy
|c|★Peasounay|i mean
|choice|switch 4|switch 4
|
|switch|p2a: I'm God|Tauros|353\/353
|switch|p1a: Tauros|Tauros|154\/353
|turn|57
|c|★Peasounay|cloyster was pretty much dead
|choice|move 1|move 2
|
|move|p1a: Tauros|Body Slam|p2a: I'm God
|-damage|p2a: I'm God|253\/353
|move|p2a: I'm God|Body Slam|p1a: Tauros
|-crit|p1a: Tauros
|-damage|p1a: Tauros|0 fnt
|faint|p1a: Tauros
|choice|switch 3|
|
|switch|p1a: Chansey|Chansey|505\/703 par
|turn|58
|choice|move 2|switch 5
|
|switch|p2a: I Own RBY|Chansey|703\/703
|move|p1a: Chansey|Seismic Toss|p2a: I Own RBY
|-damage|p2a: I Own RBY|603\/703
|
|turn|59
|choice|move 3|switch 6
|
|switch|p2a: Vagina|Cloyster|88\/303 par
|move|p1a: Chansey|Soft-Boiled|p1a: Chansey
|-heal|p1a: Chansey|703\/703 par
|
|turn|60
|choice|move 2|move 4
|
|cant|p2a: Vagina|par
|move|p1a: Chansey|Seismic Toss|p2a: Vagina
|-damage|p2a: Vagina|0 fnt
|faint|p2a: Vagina
|choice||switch 3
|
|switch|p2a: MyBallsAreGolems|Rhydon|413\/413
|turn|61
|choice|move 1|move 1
|
|move|p2a: MyBallsAreGolems|Substitute|p2a: MyBallsAreGolems
|-start|p2a: MyBallsAreGolems|Substitute
|-damage|p2a: MyBallsAreGolems|310\/413
|move|p1a: Chansey|Ice Beam|p2a: MyBallsAreGolems
|-crit|p2a: MyBallsAreGolems
|-supereffective|p2a: MyBallsAreGolems
|-end|p2a: MyBallsAreGolems|Substitute
|
|turn|62
|choice|move 1|move 1
|
|move|p2a: MyBallsAreGolems|Substitute|p2a: MyBallsAreGolems
|-start|p2a: MyBallsAreGolems|Substitute
|-damage|p2a: MyBallsAreGolems|207\/413
|cant|p1a: Chansey|par
|
|turn|63
|choice|move 1|move 2
|
|move|p2a: MyBallsAreGolems|Earthquake|p1a: Chansey
|-damage|p1a: Chansey|326\/703 par
|move|p1a: Chansey|Ice Beam|p2a: MyBallsAreGolems
|-supereffective|p2a: MyBallsAreGolems
|-end|p2a: MyBallsAreGolems|Substitute
|
|turn|64
|choice|move 1|move 2
|
|move|p2a: MyBallsAreGolems|Earthquake|p1a: Chansey
|-damage|p1a: Chansey|0 fnt
|faint|p1a: Chansey
|choice|switch 2|
|
|switch|p1a: Snorlax|Snorlax|425\/523
|turn|65
|choice|move 3|move 2
|
|move|p2a: MyBallsAreGolems|Earthquake|p1a: Snorlax
|-damage|p1a: Snorlax|248\/523
|move|p1a: Snorlax|Earthquake|p2a: MyBallsAreGolems
|-supereffective|p2a: MyBallsAreGolems
|-damage|p2a: MyBallsAreGolems|68\/413
|
|turn|66
|choice|move 3|move 2
|
|move|p2a: MyBallsAreGolems|Earthquake|p1a: Snorlax
|-damage|p1a: Snorlax|54\/523
|move|p1a: Snorlax|Earthquake|p2a: MyBallsAreGolems
|-supereffective|p2a: MyBallsAreGolems
|-damage|p2a: MyBallsAreGolems|0 fnt
|faint|p2a: MyBallsAreGolems
|choice||switch 5
|
|switch|p2a: I'm God|Tauros|253\/353
|turn|67
|choice|move 2|move 2
|
|move|p2a: I'm God|Body Slam|p1a: Snorlax
|-damage|p1a: Snorlax|0 fnt
|faint|p1a: Snorlax
|c|★Peasounay|don't slowbro me
|c|★Peasounay|please
|choice|switch 5|
|
|switch|p1a: Slowbro|Slowbro|393\/393
|turn|68
|c|★Peasounay|always
|c|★tr0mb0ner|im tryna too
|c|★Peasounay|the slowbro
|c|★Peasounay|hahahaha
|choice|move 3|move 2
|
|move|p2a: I'm God|Body Slam|p1a: Slowbro
|-damage|p1a: Slowbro|299\/393
|-status|p1a: Slowbro|par
|move|p1a: Slowbro|Thunder Wave|p2a: I'm God
|-status|p2a: I'm God|par
|
|turn|69
|c|★tr0mb0ner|bruh
|c|★tr0mb0ner|i was just waiting for the body slam crit para hax
|choice|move 1|move 2
|
|move|p2a: I'm God|Body Slam|p1a: Slowbro
|-damage|p1a: Slowbro|213\/393 par
|move|p1a: Slowbro|Amnesia|p1a: Slowbro
|-boost|p1a: Slowbro|spd|2
|-boost|p1a: Slowbro|spa|2
|
|turn|70
|c|★Peasounay|there's like 50% odds all together that tauros paras\/crits
|choice|move 2|move 2
|
|move|p1a: Slowbro|Surf|p2a: I'm God
|-damage|p2a: I'm God|11\/353 par
|move|p2a: I'm God|Body Slam|p1a: Slowbro
|-damage|p1a: Slowbro|116\/393 par
|
|turn|71
|choice|move 4|move 3
|
|move|p1a: Slowbro|Rest|p1a: Slowbro
|-status|p1a: Slowbro|slp
|-heal|p1a: Slowbro|393\/393 slp|[silent]
|-status|p1a: Slowbro|slp|[from] move: Rest
|move|p2a: I'm God|Hyper Beam|p1a: Slowbro
|-damage|p1a: Slowbro|229\/393 slp
|
|turn|72
|-mustrecharge|p2a: I'm God
|-mustrecharge|p2a: I'm God
|c|★tr0mb0ner|yea tarous is the king o hax
|choice|move 2|move 1
|
|cant|p1a: Slowbro|slp
|cant|p2a: I'm God|recharge
|
|turn|73
|choice|move 2|move 3
|
|-curestatus|p1a: Slowbro|slp
|cant|p2a: I'm God|par
|
|turn|74
|choice|move 2|move 3
|
|move|p1a: Slowbro|Surf|p2a: I'm God
|-damage|p2a: I'm God|0 fnt
|faint|p2a: I'm God
|c|★Peasounay|gg i think
|c|★Peasounay|lol
|choice||switch 6
|
|switch|p2a: I Own RBY|Chansey|603\/703
|turn|75
|c|★tr0mb0ner|if yo chansey dont got tbolt
|c|★tr0mb0ner|im guessing it has counter
|c|★Peasounay|counter
|c|★tr0mb0ner|^
|choice|move 3|move 2
|
|move|p2a: I Own RBY|Ice Beam|p1a: Slowbro
|-resisted|p1a: Slowbro
|-damage|p1a: Slowbro|208\/393
|move|p1a: Slowbro|Thunder Wave|p2a: I Own RBY
|-status|p2a: I Own RBY|par
|
|turn|76
|c|★tr0mb0ner|unless u freeze
|c|★Peasounay|even if i freeze
|c|★Peasounay|can't kill
|choice|move 1|move 2
|
|move|p2a: I Own RBY|Ice Beam|p1a: Slowbro
|-resisted|p1a: Slowbro
|-damage|p1a: Slowbro|186\/393
|-status|p1a: Slowbro|frz
|cant|p1a: Slowbro|frz
|
|turn|77
|c|★tr0mb0ner|lmao
|c|★Peasounay|hahahahaha
|c|★tr0mb0ner|........................................
|c|★Peasounay|there ya go
|c|★tr0mb0ner|i shoulda just reste
|choice|move 1|move 2
|
|move|p2a: I Own RBY|Ice Beam|p1a: Slowbro
|-resisted|p1a: Slowbro
|-damage|p1a: Slowbro|166\/393 frz
|cant|p1a: Slowbro|frz
|
|turn|78
|choice|move 2|move 2
|
|move|p2a: I Own RBY|Ice Beam|p1a: Slowbro
|-resisted|p1a: Slowbro
|-damage|p1a: Slowbro|146\/393 frz
|cant|p1a: Slowbro|frz
|
|turn|79
|c|★Peasounay|i don't have any attacking pp left
|c|★Peasounay|that's it lmao
|c|★tr0mb0ner|will u die 1st from struggle
|c|★tr0mb0ner|or will i
|choice|move 2|move 3
|
|cant|p2a: I Own RBY|par
|cant|p1a: Slowbro|frz
|
|turn|80
|choice|move 2|move 3
|
|cant|p2a: I Own RBY|par
|cant|p1a: Slowbro|frz
|
|turn|81
|choice|move 2|move 3
|
|move|p2a: I Own RBY|Thunder Wave|p1a: Slowbro
|-fail|p1a: Slowbro
|cant|p1a: Slowbro|frz
|
|turn|82
|c|★Peasounay|let's just click fast lol
|choice|move 2|move 3
|
|move|p2a: I Own RBY|Thunder Wave|p1a: Slowbro
|-fail|p1a: Slowbro
|cant|p1a: Slowbro|frz
|
|turn|83
|choice|move 2|move 3
|
|move|p2a: I Own RBY|Thunder Wave|p1a: Slowbro
|-fail|p1a: Slowbro
|cant|p1a: Slowbro|frz
|
|turn|84
|choice|move 2|move 3
|
|move|p2a: I Own RBY|Thunder Wave|p1a: Slowbro
|-fail|p1a: Slowbro
|cant|p1a: Slowbro|frz
|
|turn|85
|choice|move 2|move 3
|
|cant|p2a: I Own RBY|par
|cant|p1a: Slowbro|frz
|
|turn|86
|c|★Peasounay|i've disabled animations
|choice|move 2|move 3
|
|cant|p2a: I Own RBY|par
|cant|p1a: Slowbro|frz
|
|turn|87
|choice|move 2|move 3
|
|move|p2a: I Own RBY|Thunder Wave|p1a: Slowbro
|-fail|p1a: Slowbro
|cant|p1a: Slowbro|frz
|
|turn|88
|choice|move 2|move 3
|
|move|p2a: I Own RBY|Thunder Wave|p1a: Slowbro
|-fail|p1a: Slowbro
|cant|p1a: Slowbro|frz
|
|turn|89
|c|★tr0mb0ner|how u do that
|choice|move 3|move 3
|
|cant|p2a: I Own RBY|par
|cant|p1a: Slowbro|frz
|
|turn|90
|c|★Peasounay|options
|c|★Peasounay|top right corner
|choice|move 2|move 3
|
|move|p2a: I Own RBY|Thunder Wave|p1a: Slowbro
|-fail|p1a: Slowbro
|cant|p1a: Slowbro|frz
|
|html|<div class="broadcast-red">Slowbro is in an endless loop.<\/div>
|turn|91
|choice|move 2|move 3
|
|move|p2a: I Own RBY|Thunder Wave|p1a: Slowbro
|-fail|p1a: Slowbro
|cant|p1a: Slowbro|frz
|
|turn|92
|choice|move 3|move 3
|
|move|p2a: I Own RBY|Thunder Wave|p1a: Slowbro
|-fail|p1a: Slowbro
|cant|p1a: Slowbro|frz
|
|turn|93
|choice|move 3|move 3
|
|move|p2a: I Own RBY|Thunder Wave|p1a: Slowbro
|-fail|p1a: Slowbro
|cant|p1a: Slowbro|frz
|
|turn|94
|choice|move 3|move 3
|
|cant|p2a: I Own RBY|par
|cant|p1a: Slowbro|frz
|
|turn|95
|choice|move 3|move 3
|
|move|p2a: I Own RBY|Thunder Wave|p1a: Slowbro
|-fail|p1a: Slowbro
|cant|p1a: Slowbro|frz
|
|turn|96
|choice|move 3|move 3
|
|move|p2a: I Own RBY|Thunder Wave|p1a: Slowbro
|-fail|p1a: Slowbro
|cant|p1a: Slowbro|frz
|
|turn|97
|choice|move 3|move 3
|
|move|p2a: I Own RBY|Thunder Wave|p1a: Slowbro
|-fail|p1a: Slowbro
|cant|p1a: Slowbro|frz
|
|turn|98
|choice|move 3|move 3
|
|move|p2a: I Own RBY|Thunder Wave|p1a: Slowbro
|-fail|p1a: Slowbro
|cant|p1a: Slowbro|frz
|
|turn|99
|choice|move 3|move 3
|
|move|p2a: I Own RBY|Thunder Wave|p1a: Slowbro
|-fail|p1a: Slowbro
|cant|p1a: Slowbro|frz
|
|turn|100
|choice|move 3|move 3
|
|move|p2a: I Own RBY|Thunder Wave|p1a: Slowbro
|-fail|p1a: Slowbro
|cant|p1a: Slowbro|frz
|
|turn|101
|choice|move 3|move 3
|
|move|p2a: I Own RBY|Thunder Wave|p1a: Slowbro
|-fail|p1a: Slowbro
|cant|p1a: Slowbro|frz
|
|turn|102
|choice|move 3|move 3
|
|cant|p2a: I Own RBY|par
|cant|p1a: Slowbro|frz
|
|turn|103
|choice|move 3|move 3
|
|move|p2a: I Own RBY|Thunder Wave|p1a: Slowbro
|-fail|p1a: Slowbro
|cant|p1a: Slowbro|frz
|
|turn|104
|choice|move 3|move 3
|
|move|p2a: I Own RBY|Thunder Wave|p1a: Slowbro
|-fail|p1a: Slowbro
|cant|p1a: Slowbro|frz
|
|turn|105
|choice|move 3|move 3
|
|move|p2a: I Own RBY|Thunder Wave|p1a: Slowbro
|-fail|p1a: Slowbro
|cant|p1a: Slowbro|frz
|
|turn|106
|choice|move 3|move 3
|
|move|p2a: I Own RBY|Thunder Wave|p1a: Slowbro
|-fail|p1a: Slowbro
|cant|p1a: Slowbro|frz
|
|turn|107
|choice|move 3|move 3
|
|cant|p2a: I Own RBY|par
|cant|p1a: Slowbro|frz
|
|turn|108
|choice|move 3|move 3
|
|move|p2a: I Own RBY|Thunder Wave|p1a: Slowbro
|-fail|p1a: Slowbro
|cant|p1a: Slowbro|frz
|
|turn|109
|choice|move 3|move 3
|
|move|p2a: I Own RBY|Thunder Wave|p1a: Slowbro
|-fail|p1a: Slowbro
|cant|p1a: Slowbro|frz
|
|turn|110
|j|Mirabel_
|choice|move 3|move 3
|
|cant|p2a: I Own RBY|par
|cant|p1a: Slowbro|frz
|
|turn|111
|choice|move 3|move 3
|
|move|p2a: I Own RBY|Thunder Wave|p1a: Slowbro
|-fail|p1a: Slowbro
|cant|p1a: Slowbro|frz
|
|turn|112
|choice|move 3|move 3
|
|move|p2a: I Own RBY|Thunder Wave|p1a: Slowbro
|-fail|p1a: Slowbro
|cant|p1a: Slowbro|frz
|
|turn|113
|choice|move 3|move 3
|
|move|p2a: I Own RBY|Thunder Wave|p1a: Slowbro
|-fail|p1a: Slowbro
|cant|p1a: Slowbro|frz
|
|turn|114
|choice|move 3|move 3
|
|move|p2a: I Own RBY|Thunder Wave|p1a: Slowbro
|-fail|p1a: Slowbro
|cant|p1a: Slowbro|frz
|
|turn|115
|choice|move 3|move 3
|
|move|p2a: I Own RBY|Thunder Wave|p1a: Slowbro
|-fail|p1a: Slowbro
|cant|p1a: Slowbro|frz
|
|turn|116
|choice|move 3|move 3
|
|move|p2a: I Own RBY|Thunder Wave|p1a: Slowbro
|-fail|p1a: Slowbro
|cant|p1a: Slowbro|frz
|
|turn|117
|choice|move 3|move 3
|
|cant|p2a: I Own RBY|par
|cant|p1a: Slowbro|frz
|
|turn|118
|choice|move 3|move 3
|
|cant|p2a: I Own RBY|par
|cant|p1a: Slowbro|frz
|
|turn|119
|choice|move 3|move 3
|
|cant|p2a: I Own RBY|par
|cant|p1a: Slowbro|frz
|
|turn|120
|choice|move 3|move 3
|
|cant|p2a: I Own RBY|par
|cant|p1a: Slowbro|frz
|
|turn|121
|choice|move 3|move 3
|
|move|p2a: I Own RBY|Thunder Wave|p1a: Slowbro
|-fail|p1a: Slowbro
|cant|p1a: Slowbro|frz
|
|turn|122
|choice|move 3|move 3
|
|move|p2a: I Own RBY|Thunder Wave|p1a: Slowbro
|-fail|p1a: Slowbro
|cant|p1a: Slowbro|frz
|
|turn|123
|choice|move 3|move 4
|
|cant|p1a: Slowbro|frz
|move|p2a: I Own RBY|Counter|p1a: Slowbro
|-fail|p2a: I Own RBY
|
|turn|124
|choice|move 3|move 4
|
|cant|p1a: Slowbro|frz
|move|p2a: I Own RBY|Counter|p1a: Slowbro
|-fail|p2a: I Own RBY
|
|turn|125
|choice|move 3|move 4
|
|cant|p1a: Slowbro|frz
|move|p2a: I Own RBY|Counter|p1a: Slowbro
|-fail|p2a: I Own RBY
|
|turn|126
|choice|move 3|move 4
|
|cant|p1a: Slowbro|frz
|move|p2a: I Own RBY|Counter|p1a: Slowbro
|-fail|p2a: I Own RBY
|
|turn|127
|choice|move 3|move 4
|
|cant|p1a: Slowbro|frz
|cant|p2a: I Own RBY|par
|
|turn|128
|choice|move 3|move 4
|
|cant|p1a: Slowbro|frz
|move|p2a: I Own RBY|Counter|p1a: Slowbro
|-fail|p2a: I Own RBY
|
|turn|129
|choice|move 3|move 4
|
|cant|p1a: Slowbro|frz
|cant|p2a: I Own RBY|par
|
|turn|130
|choice|move 3|move 4
|
|cant|p1a: Slowbro|frz
|cant|p2a: I Own RBY|par
|
|turn|131
|choice|move 3|move 4
|
|cant|p1a: Slowbro|frz
|move|p2a: I Own RBY|Counter|p1a: Slowbro
|-fail|p2a: I Own RBY
|
|turn|132
|choice|move 3|move 4
|
|cant|p1a: Slowbro|frz
|move|p2a: I Own RBY|Counter|p1a: Slowbro
|-fail|p2a: I Own RBY
|
|turn|133
|choice|move 3|move 4
|
|cant|p1a: Slowbro|frz
|move|p2a: I Own RBY|Counter|p1a: Slowbro
|-fail|p2a: I Own RBY
|
|turn|134
|choice|move 3|move 4
|
|cant|p1a: Slowbro|frz
|move|p2a: I Own RBY|Counter|p1a: Slowbro
|-fail|p2a: I Own RBY
|
|turn|135
|j|the rogue
|choice|move 3|move 4
|
|cant|p1a: Slowbro|frz
|move|p2a: I Own RBY|Counter|p1a: Slowbro
|-fail|p2a: I Own RBY
|
|turn|136
|choice|move 3|move 4
|
|cant|p1a: Slowbro|frz
|move|p2a: I Own RBY|Counter|p1a: Slowbro
|-fail|p2a: I Own RBY
|
|turn|137
|choice|move 3|move 4
|
|cant|p1a: Slowbro|frz
|move|p2a: I Own RBY|Counter|p1a: Slowbro
|-fail|p2a: I Own RBY
|
|turn|138
|choice|move 3|move 4
|
|cant|p1a: Slowbro|frz
|move|p2a: I Own RBY|Counter|p1a: Slowbro
|-fail|p2a: I Own RBY
|
|turn|139
|choice|move 3|move 4
|
|cant|p1a: Slowbro|frz
|move|p2a: I Own RBY|Counter|p1a: Slowbro
|-fail|p2a: I Own RBY
|
|turn|140
|choice|move 3|move 4
|
|cant|p1a: Slowbro|frz
|move|p2a: I Own RBY|Counter|p1a: Slowbro
|-fail|p2a: I Own RBY
|
|turn|141
|choice|move 3|move 4
|
|cant|p1a: Slowbro|frz
|move|p2a: I Own RBY|Counter|p1a: Slowbro
|-fail|p2a: I Own RBY
|
|turn|142
|choice|move 3|move 4
|
|cant|p1a: Slowbro|frz
|move|p2a: I Own RBY|Counter|p1a: Slowbro
|-fail|p2a: I Own RBY
|
|turn|143
|choice|move 3|move 4
|
|cant|p1a: Slowbro|frz
|move|p2a: I Own RBY|Counter|p1a: Slowbro
|-fail|p2a: I Own RBY
|
|turn|144
|choice|move 3|move 4
|
|cant|p1a: Slowbro|frz
|move|p2a: I Own RBY|Counter|p1a: Slowbro
|-fail|p2a: I Own RBY
|
|turn|145
|choice|move 3|move 4
|
|cant|p1a: Slowbro|frz
|move|p2a: I Own RBY|Counter|p1a: Slowbro
|-fail|p2a: I Own RBY
|
|turn|146
|choice|move 3|move 4
|
|cant|p1a: Slowbro|frz
|move|p2a: I Own RBY|Counter|p1a: Slowbro
|-fail|p2a: I Own RBY
|
|turn|147
|choice|move 3|move 4
|
|cant|p1a: Slowbro|frz
|cant|p2a: I Own RBY|par
|
|turn|148
|choice|move 3|move 4
|
|cant|p1a: Slowbro|frz
|move|p2a: I Own RBY|Counter|p1a: Slowbro
|-fail|p2a: I Own RBY
|
|turn|149
|c| the rogue|intense.
|choice|move 3|move 4
|
|cant|p1a: Slowbro|frz
|move|p2a: I Own RBY|Counter|p1a: Slowbro
|-fail|p2a: I Own RBY
|
|turn|150
|choice|move 3|move 4
|
|cant|p1a: Slowbro|frz
|move|p2a: I Own RBY|Counter|p1a: Slowbro
|-fail|p2a: I Own RBY
|
|turn|151
|choice|move 3|move 4
|
|cant|p1a: Slowbro|frz
|move|p2a: I Own RBY|Counter|p1a: Slowbro
|-fail|p2a: I Own RBY
|
|turn|152
|choice|move 3|move 4
|
|cant|p1a: Slowbro|frz
|move|p2a: I Own RBY|Counter|p1a: Slowbro
|-fail|p2a: I Own RBY
|
|turn|153
|choice|move 3|move 4
|
|cant|p1a: Slowbro|frz
|move|p2a: I Own RBY|Counter|p1a: Slowbro
|-fail|p2a: I Own RBY
|
|turn|154
|c| Mirabel_|ch wins tho
|choice|move 3|move 4
|
|cant|p1a: Slowbro|frz
|move|p2a: I Own RBY|Counter|p1a: Slowbro
|-fail|p2a: I Own RBY
|
|turn|155
|choice|move 3|move 4
|
|cant|p1a: Slowbro|frz
|cant|p2a: I Own RBY|par
|
|turn|156
|choice|move 3|move 4
|
|cant|p1a: Slowbro|frz
|move|p2a: I Own RBY|Counter|p1a: Slowbro
|-fail|p2a: I Own RBY
|
|turn|157
|choice|move 3|move 4
|
|cant|p1a: Slowbro|frz
|move|p2a: I Own RBY|Counter|p1a: Slowbro
|-fail|p2a: I Own RBY
|
|turn|158
|choice|move 3|move 4
|
|cant|p1a: Slowbro|frz
|move|p2a: I Own RBY|Counter|p1a: Slowbro
|-fail|p2a: I Own RBY
|
|turn|159
|choice|move 3|move 4
|
|cant|p1a: Slowbro|frz
|move|p2a: I Own RBY|Counter|p1a: Slowbro
|-fail|p2a: I Own RBY
|
|turn|160
|choice|move 3|move 1
|
|move|p2a: I Own RBY|Soft-Boiled|p2a: I Own RBY
|-heal|p2a: I Own RBY|703\/703 par
|cant|p1a: Slowbro|frz
|
|turn|161
|choice|move 3|move 1
|
|move|p2a: I Own RBY|Soft-Boiled|p2a: I Own RBY
|-fail|p2a: I Own RBY
|cant|p1a: Slowbro|frz
|
|turn|162
|choice|move 3|move 1
|
|cant|p2a: I Own RBY|par
|cant|p1a: Slowbro|frz
|
|turn|163
|choice|move 3|move 1
|
|cant|p2a: I Own RBY|par
|cant|p1a: Slowbro|frz
|
|turn|164
|choice|move 3|move 1
|
|cant|p2a: I Own RBY|par
|cant|p1a: Slowbro|frz
|
|turn|165
|choice|move 3|move 1
|
|move|p2a: I Own RBY|Soft-Boiled|p2a: I Own RBY
|-fail|p2a: I Own RBY
|cant|p1a: Slowbro|frz
|
|turn|166
|choice|move 3|move 1
|
|move|p2a: I Own RBY|Soft-Boiled|p2a: I Own RBY
|-fail|p2a: I Own RBY
|cant|p1a: Slowbro|frz
|
|turn|167
|choice|move 3|move 1
|
|cant|p2a: I Own RBY|par
|cant|p1a: Slowbro|frz
|
|turn|168
|choice|move 3|move 1
|
|move|p2a: I Own RBY|Soft-Boiled|p2a: I Own RBY
|-fail|p2a: I Own RBY
|cant|p1a: Slowbro|frz
|
|turn|169
|choice|move 3|move 1
|
|move|p2a: I Own RBY|Soft-Boiled|p2a: I Own RBY
|-fail|p2a: I Own RBY
|cant|p1a: Slowbro|frz
|
|turn|170
|choice|move 3|move 1
|
|cant|p2a: I Own RBY|par
|cant|p1a: Slowbro|frz
|
|turn|171
|choice|move 3|move 1
|
|move|p2a: I Own RBY|Soft-Boiled|p2a: I Own RBY
|-fail|p2a: I Own RBY
|cant|p1a: Slowbro|frz
|
|turn|172
|c|★tr0mb0ner|if only i rested
|c| Mirabel_|struggle OP in gen 1
|choice|move 3|move 1
|
|cant|p2a: I Own RBY|par
|cant|p1a: Slowbro|frz
|
|turn|173
|choice|move 3|move 1
|
|move|p2a: I Own RBY|Soft-Boiled|p2a: I Own RBY
|-fail|p2a: I Own RBY
|cant|p1a: Slowbro|frz
|
|turn|174
|choice|move 3|move 1
|
|move|p2a: I Own RBY|Struggle|p1a: Slowbro
|-damage|p1a: Slowbro|124\/393 frz
|-damage|p2a: I Own RBY|692\/703 par|[from] recoil|[of] p1a: Slowbro
|cant|p1a: Slowbro|frz
|
|turn|175
|choice|move 3|move 1
|
|cant|p2a: I Own RBY|par
|cant|p1a: Slowbro|frz
|
|turn|176
|choice|move 3|move 1
|
|move|p2a: I Own RBY|Struggle|p1a: Slowbro
|-damage|p1a: Slowbro|103\/393 frz
|-damage|p2a: I Own RBY|682\/703 par|[from] recoil|[of] p1a: Slowbro
|cant|p1a: Slowbro|frz
|
|turn|177
|l|the rogue
|choice|move 3|move 1
|
|move|p2a: I Own RBY|Struggle|p1a: Slowbro
|-damage|p1a: Slowbro|80\/393 frz
|-damage|p2a: I Own RBY|671\/703 par|[from] recoil|[of] p1a: Slowbro
|cant|p1a: Slowbro|frz
|
|turn|178
|c|★tr0mb0ner|froze me twice
|choice|move 3|move 1
|
|cant|p2a: I Own RBY|par
|cant|p1a: Slowbro|frz
|
|turn|179
|choice|move 3|move 1
|
|move|p2a: I Own RBY|Struggle|p1a: Slowbro
|-damage|p1a: Slowbro|58\/393 frz
|-damage|p2a: I Own RBY|660\/703 par|[from] recoil|[of] p1a: Slowbro
|cant|p1a: Slowbro|frz
|
|turn|180
|choice|move 3|move 1
|
|move|p2a: I Own RBY|Struggle|p1a: Slowbro
|-damage|p1a: Slowbro|38\/393 frz
|-damage|p2a: I Own RBY|650\/703 par|[from] recoil|[of] p1a: Slowbro
|cant|p1a: Slowbro|frz
|
|turn|181
|choice|move 3|move 1
|
|move|p2a: I Own RBY|Struggle|p1a: Slowbro
|-damage|p1a: Slowbro|18\/393 frz
|-damage|p2a: I Own RBY|640\/703 par|[from] recoil|[of] p1a: Slowbro
|cant|p1a: Slowbro|frz
|
|turn|182
|choice|move 3|move 1
|
|move|p2a: I Own RBY|Struggle|p1a: Slowbro
|-damage|p1a: Slowbro|0 fnt
|-damage|p2a: I Own RBY|631\/703 par|[from] recoil|[of] p1a: Slowbro
|faint|p1a: Slowbro
|
|win|Peasounay
|l|Peasounay
|player|p2