|join|nocheosferacaotica
|join|andrewandres
|player|p1|nocheosferacaotica|278
|player|p2|andrewandres|266
|gametype|singles
|gen|1
|tier|[Gen 1] Random Battle
|rule|Sleep Clause Mod: Limit one foe put to sleep
|rule|Freeze Clause Mod: Limit one foe frozen
|rule|HP Percentage Mod: HP is shown in percentages
|
|start
|switch|p1a: Seel|Seel, L96|320\/320
|switch|p2a: Magnemite|Magnemite, L96|243\/243
|turn|1
|
|switch|p1a: Venusaur|Venusaur, L85|310\/310
|move|p2a: Magnemite|Thunderbolt|p1a: Venusaur
|-resisted|p1a: Venusaur
|-damage|p1a: Venusaur|255\/310
|
|turn|2
|join|TozeMorcela
|
|switch|p2a: Kabuto|Kabuto, L96|252\/252
|move|p1a: Venusaur|Leech Seed|p2a: Kabuto
|-start|p2a: Kabuto|move: Leech Seed
|
|turn|3
|c| TozeMorcela|OMG
|leave|TozeMorcela
|c|★nocheosferacaotica|3:)
|
|switch|p2a: Charmeleon|Charmeleon, L85|272\/272
|move|p1a: Venusaur|Toxic|p2a: Charmeleon
|-status|p2a: Charmeleon|tox
|
|turn|4
|
|switch|p1a: Seel|Seel, L96|320\/320
|move|p2a: Charmeleon|Fire Blast|p1a: Seel
|-resisted|p1a: Seel
|-damage|p1a: Seel|267\/320
|-damage|p2a: Charmeleon|255\/272 tox|[from] tox|[of] p1a: Seel
|
|turn|5
|
|move|p2a: Charmeleon|Body Slam|p1a: Seel
|-damage|p1a: Seel|212\/320
|-damage|p2a: Charmeleon|221\/272 tox|[from] tox|[of] p1a: Seel
|move|p1a: Seel|Blizzard|p2a: Charmeleon
|-damage|p2a: Charmeleon|114\/272 tox
|
|turn|6
|
|move|p2a: Charmeleon|Slash|p1a: Seel
|-crit|p1a: Seel
|-damage|p1a: Seel|123\/320
|-damage|p2a: Charmeleon|63\/272 tox|[from] tox|[of] p1a: Seel
|move|p1a: Seel|Surf|p2a: Charmeleon
|-supereffective|p2a: Charmeleon
|-damage|p2a: Charmeleon|0 fnt
|faint|p2a: Charmeleon
|
|switch|p2a: Mr. Mime|Mr. Mime, L85|242\/242
|turn|7
|
|move|p2a: Mr. Mime|Thunderbolt|p1a: Seel
|-supereffective|p1a: Seel
|-damage|p1a: Seel|0 fnt
|faint|p1a: Seel
|c|★nocheosferacaotica|quier ver a un new anorexico
|
|switch|p1a: Venusaur|Venusaur, L85|255\/310
|turn|8
|
|move|p2a: Mr. Mime|Psychic|p1a: Venusaur
|-supereffective|p1a: Venusaur
|-damage|p1a: Venusaur|68\/310
|move|p1a: Venusaur|Toxic|p2a: Mr. Mime
|-status|p2a: Mr. Mime|tox
|
|turn|9
|
|move|p2a: Mr. Mime|Seismic Toss|p1a: Venusaur
|-damage|p1a: Venusaur|0 fnt
|faint|p1a: Venusaur
|
|switch|p1a: Scyther|Scyther, L85|293\/293
|turn|10
|
|move|p1a: Scyther|Slash|p2a: Mr. Mime
|-crit|p2a: Mr. Mime
|-damage|p2a: Mr. Mime|113\/242 tox
|move|p2a: Mr. Mime|Thunderbolt|p1a: Scyther
|-supereffective|p1a: Scyther
|-damage|p1a: Scyther|121\/293
|-damage|p2a: Mr. Mime|98\/242 tox|[from] tox|[of] p1a: Scyther
|
|turn|11
|
|switch|p2a: Kabuto|Kabuto, L96|252\/252
|move|p1a: Scyther|Hyper Beam|p2a: Kabuto
|-resisted|p2a: Kabuto
|-damage|p2a: Kabuto|199\/252
|
|turn|12
|-mustrecharge|p1a: Scyther
|-mustrecharge|p1a: Scyther
|
|cant|p1a: Scyther|recharge
|move|p2a: Kabuto|Body Slam|p1a: Scyther
|-damage|p1a: Scyther|50\/293
|-status|p1a: Scyther|par
|
|turn|13
|
|move|p2a: Kabuto|Slash|p1a: Scyther
|-crit|p1a: Scyther
|-damage|p1a: Scyther|0 fnt
|faint|p1a: Scyther
|
|switch|p1a: Lapras|Lapras, L79|367\/367
|turn|14
|
|move|p2a: Kabuto|Body Slam|p1a: Lapras
|-crit|p1a: Lapras
|-damage|p1a: Lapras|205\/367
|move|p1a: Lapras|Thunderbolt|p2a: Kabuto
|-supereffective|p2a: Kabuto
|-damage|p2a: Kabuto|52\/252
|
|turn|15
|
|move|p2a: Kabuto|Slash|p1a: Lapras
|-crit|p1a: Lapras
|-damage|p1a: Lapras|89\/367
|move|p1a: Lapras|Thunderbolt|p2a: Kabuto
|-supereffective|p2a: Kabuto
|-damage|p2a: Kabuto|0 fnt
|faint|p2a: Kabuto
|
|switch|p2a: Mr. Mime|Mr. Mime, L85|98\/242 tox
|-status|p2a: Mr. Mime|psn
|turn|16
|
|move|p2a: Mr. Mime|Thunderbolt|p1a: Lapras
|-supereffective|p1a: Lapras
|-damage|p1a: Lapras|0 fnt
|faint|p1a: Lapras
|
|switch|p1a: Primeape|Primeape, L85|284\/284
|turn|17
|
|move|p1a: Primeape|Body Slam|p2a: Mr. Mime
|-damage|p2a: Mr. Mime|18\/242 psn
|move|p2a: Mr. Mime|Psychic|p1a: Primeape
|-supereffective|p1a: Primeape
|-damage|p1a: Primeape|50\/284
|-unboost|p1a: Primeape|spd|1
|-unboost|p1a: Primeape|spa|1
|-damage|p2a: Mr. Mime|3\/242 psn|[from] psn|[of] p1a: Primeape
|
|turn|18
|
|move|p1a: Primeape|Body Slam|p2a: Mr. Mime
|-damage|p2a: Mr. Mime|0 fnt
|faint|p2a: Mr. Mime
|
|switch|p2a: Aerodactyl|Aerodactyl, L85|310\/310
|turn|19
|
|move|p2a: Aerodactyl|Double-Edge|p1a: Primeape
|-damage|p1a: Primeape|0 fnt
|-damage|p2a: Aerodactyl|298\/310|[from] recoil|[of] p1a: Primeape
|faint|p1a: Primeape
|
|switch|p1a: Fearow|Fearow, L85|284\/284
|turn|20
|c|★andrewandres|gg
|
|move|p2a: Aerodactyl|Double-Edge|p1a: Fearow
|-damage|p1a: Fearow|200\/284
|-damage|p2a: Aerodactyl|277\/310|[from] recoil|[of] p1a: Fearow
|move|p1a: Fearow|Mirror Move|p1a: Fearow
|move|p1a: Fearow|Double-Edge|p2a: Aerodactyl|[from]Mirror Move
|-resisted|p2a: Aerodactyl
|-damage|p2a: Aerodactyl|218\/310
|-damage|p1a: Fearow|186\/284|[from] recoil|[of] p2a: Aerodactyl
|
|turn|21
|
|move|p2a: Aerodactyl|Sky Attack|p1a: Fearow|[still]
|-prepare|p2a: Aerodactyl|Sky Attack|p1a: Fearow
|move|p1a: Fearow|Drill Peck|p2a: Aerodactyl
|-resisted|p2a: Aerodactyl
|-damage|p2a: Aerodactyl|172\/310
|
|turn|22
|
|move|p2a: Aerodactyl|Sky Attack|p1a: Fearow
|-damage|p1a: Fearow|0 fnt
|faint|p1a: Fearow
|
|win|andrewandres
|leave|nocheosferacaotica
|player|p1