|join|Subject Platinum
|join|ElectricPersian
|player|p1|Subject Platinum|2
|player|p2|ElectricPersian|168
|gametype|singles
|gen|1
|tier|[Gen 1] Random Battle
|rated
|rule|Sleep Clause Mod: Limit one foe put to sleep
|rule|Freeze Clause Mod: Limit one foe frozen
|rule|HP Percentage Mod: HP is shown in percentages
|
|start
|switch|p1a: Horsea|Horsea, L96|252\/252
|switch|p2a: Snorlax|Snorlax, L79|415\/415
|turn|1
|
|move|p1a: Horsea|Smokescreen|p2a: Snorlax
|-unboost|p2a: Snorlax|accuracy|1
|move|p2a: Snorlax|Amnesia|p2a: Snorlax
|-boost|p2a: Snorlax|spd|2
|-boost|p2a: Snorlax|spa|2
|
|turn|2
|
|move|p1a: Horsea|Smokescreen|p2a: Snorlax
|-unboost|p2a: Snorlax|accuracy|1
|move|p2a: Snorlax|Body Slam|p1a: Horsea|[miss]
|-miss|p2a: Snorlax
|
|turn|3
|
|move|p1a: Horsea|Smokescreen|p2a: Snorlax
|-unboost|p2a: Snorlax|accuracy|1
|move|p2a: Snorlax|Body Slam|p1a: Horsea|[miss]
|-miss|p2a: Snorlax
|
|turn|4
|
|move|p1a: Horsea|Smokescreen|p2a: Snorlax
|-unboost|p2a: Snorlax|accuracy|1
|move|p2a: Snorlax|Body Slam|p1a: Horsea
|-damage|p1a: Horsea|169\/252
|
|turn|5
|
|switch|p2a: Metapod|Metapod, L99|300\/300
|move|p1a: Horsea|Blizzard|p2a: Metapod|[miss]
|-miss|p1a: Horsea
|
|turn|6
|
|move|p1a: Horsea|Surf|p2a: Metapod
|-damage|p2a: Metapod|126\/300
|move|p2a: Metapod|String Shot|p1a: Horsea
|-unboost|p1a: Horsea|spe|1
|
|turn|7
|
|switch|p2a: Cloyster|Cloyster, L83|253\/253
|move|p1a: Horsea|Surf|p2a: Cloyster
|-resisted|p2a: Cloyster
|-damage|p2a: Cloyster|201\/253
|
|turn|8
|
|move|p2a: Cloyster|Hyper Beam|p1a: Horsea|[miss]
|-miss|p2a: Cloyster
|move|p1a: Horsea|Smokescreen|p2a: Cloyster
|-unboost|p2a: Cloyster|accuracy|1
|
|turn|9
|
|switch|p2a: Seaking|Seaking, L90|327\/327
|move|p1a: Horsea|Blizzard|p2a: Seaking
|-crit|p2a: Seaking
|-resisted|p2a: Seaking
|-damage|p2a: Seaking|239\/327
|
|turn|10
|
|move|p2a: Seaking|Hyper Beam|p1a: Horsea
|-damage|p1a: Horsea|55\/252
|move|p1a: Horsea|Smokescreen|p2a: Seaking
|-unboost|p2a: Seaking|accuracy|1
|
|turn|11
|-mustrecharge|p2a: Seaking
|-mustrecharge|p2a: Seaking
|
|cant|p2a: Seaking|recharge
|move|p1a: Horsea|Blizzard|p2a: Seaking
|-resisted|p2a: Seaking
|-damage|p2a: Seaking|196\/327
|
|turn|12
|
|move|p2a: Seaking|Hyper Beam|p1a: Horsea
|-damage|p1a: Horsea|0 fnt
|faint|p1a: Horsea
|
|switch|p1a: Pidgeotto|Pidgeotto, L90|297\/297
|turn|13
|
|switch|p2a: Cloyster|Cloyster, L83|201\/253
|move|p1a: Pidgeotto|Reflect|p1a: Pidgeotto
|-start|p1a: Pidgeotto|Reflect
|
|turn|14
|
|switch|p1a: Arbok|Arbok, L90|291\/291
|move|p2a: Cloyster|Ice Beam|p1a: Arbok
|-damage|p1a: Arbok|193\/291
|
|turn|15
|
|switch|p2a: Metapod|Metapod, L99|126\/300
|move|p1a: Arbok|Glare|p2a: Metapod
|-status|p2a: Metapod|par
|
|turn|16
|
|move|p1a: Arbok|Rock Slide|p2a: Metapod
|-supereffective|p2a: Metapod
|-damage|p2a: Metapod|0 fnt
|faint|p2a: Metapod
|
|switch|p2a: Snorlax|Snorlax, L79|415\/415
|turn|17
|
|switch|p1a: Hitmonchan|Hitmonchan, L90|273\/273
|move|p2a: Snorlax|Body Slam|p1a: Hitmonchan
|-damage|p1a: Hitmonchan|191\/273
|-status|p1a: Hitmonchan|par
|
|turn|18
|
|switch|p2a: Arbok|Arbok, L90|291\/291
|move|p1a: Hitmonchan|Submission|p2a: Arbok
|-resisted|p2a: Arbok
|-damage|p2a: Arbok|235\/291
|-damage|p1a: Hitmonchan|177\/273 par|[from] recoil|[of] p2a: Arbok
|
|turn|19
|
|move|p2a: Arbok|Body Slam|p1a: Hitmonchan
|-damage|p1a: Hitmonchan|111\/273 par
|move|p1a: Hitmonchan|Counter|p2a: Arbok
|-damage|p2a: Arbok|103\/291
|
|turn|20
|
|move|p2a: Arbok|Hyper Beam|p1a: Hitmonchan|[miss]
|-miss|p2a: Arbok
|move|p1a: Hitmonchan|Seismic Toss|p2a: Arbok
|-damage|p2a: Arbok|13\/291
|
|turn|21
|
|move|p2a: Arbok|Hyper Beam|p1a: Hitmonchan
|-damage|p1a: Hitmonchan|0 fnt
|faint|p1a: Hitmonchan
|
|switch|p1a: Arbok|Arbok, L90|193\/291
|turn|22
|
|switch|p2a: Cloyster|Cloyster, L83|201\/253
|move|p1a: Arbok|Body Slam|p2a: Cloyster
|-crit|p2a: Cloyster
|-damage|p2a: Cloyster|128\/253
|
|turn|23
|
|move|p1a: Arbok|Glare|p2a: Cloyster
|-status|p2a: Cloyster|par
|move|p2a: Cloyster|Ice Beam|p1a: Arbok
|-crit|p1a: Arbok
|-damage|p1a: Arbok|0 fnt
|faint|p1a: Arbok
|
|switch|p1a: Charmeleon|Charmeleon, L85|272\/272
|turn|24
|
|switch|p2a: Seaking|Seaking, L90|196\/327
|move|p1a: Charmeleon|Fire Blast|p2a: Seaking
|-resisted|p2a: Seaking
|-damage|p2a: Seaking|147\/327
|
|turn|25
|
|switch|p1a: Lickitung|Lickitung, L90|345\/345
|move|p2a: Seaking|Surf|p1a: Lickitung
|-damage|p1a: Lickitung|233\/345
|
|turn|26
|
|switch|p2a: Snorlax|Snorlax, L79|415\/415
|move|p1a: Lickitung|Hyper Beam|p2a: Snorlax
|-damage|p2a: Snorlax|240\/415
|
|turn|27
|-mustrecharge|p1a: Lickitung
|-mustrecharge|p1a: Lickitung
|
|cant|p1a: Lickitung|recharge
|move|p2a: Snorlax|Body Slam|p1a: Lickitung
|-damage|p1a: Lickitung|146\/345
|
|turn|28
|
|move|p1a: Lickitung|Body Slam|p2a: Snorlax
|-damage|p2a: Snorlax|146\/415
|move|p2a: Snorlax|Body Slam|p1a: Lickitung
|-damage|p1a: Lickitung|59\/345
|
|turn|29
|
|switch|p2a: Cloyster|Cloyster, L83|128\/253 par
|move|p1a: Lickitung|Hyper Beam|p2a: Cloyster
|-damage|p2a: Cloyster|54\/253 par
|
|turn|30
|-mustrecharge|p1a: Lickitung
|-mustrecharge|p1a: Lickitung
|
|cant|p1a: Lickitung|recharge
|move|p2a: Cloyster|Surf|p1a: Lickitung
|-damage|p1a: Lickitung|0 fnt
|faint|p1a: Lickitung
|
|switch|p1a: Charmeleon|Charmeleon, L85|272\/272
|turn|31
|
|move|p1a: Charmeleon|Seismic Toss|p2a: Cloyster
|-damage|p2a: Cloyster|0 fnt
|faint|p2a: Cloyster
|
|switch|p2a: Seaking|Seaking, L90|147\/327
|turn|32
|
|move|p1a: Charmeleon|Submission|p2a: Seaking
|-damage|p2a: Seaking|93\/327
|-damage|p1a: Charmeleon|259\/272|[from] recoil|[of] p2a: Seaking
|move|p2a: Seaking|Surf|p1a: Charmeleon
|-supereffective|p1a: Charmeleon
|-damage|p1a: Charmeleon|32\/272
|
|turn|33
|
|move|p1a: Charmeleon|Seismic Toss|p2a: Seaking
|-damage|p2a: Seaking|8\/327
|move|p2a: Seaking|Surf|p1a: Charmeleon
|-supereffective|p1a: Charmeleon
|-damage|p1a: Charmeleon|0 fnt
|faint|p1a: Charmeleon
|
|switch|p1a: Pidgeotto|Pidgeotto, L90|297\/297
|turn|34
|
|move|p1a: Pidgeotto|Double-Edge|p2a: Seaking
|-crit|p2a: Seaking
|-damage|p2a: Seaking|0 fnt
|-damage|p1a: Pidgeotto|295\/297|[from] recoil|[of] p2a: Seaking
|faint|p2a: Seaking
|
|switch|p2a: Snorlax|Snorlax, L79|146\/415
|turn|35
|
|move|p1a: Pidgeotto|Reflect|p1a: Pidgeotto
|-start|p1a: Pidgeotto|Reflect
|move|p2a: Snorlax|Body Slam|p1a: Pidgeotto
|-damage|p1a: Pidgeotto|240\/297
|
|turn|36
|
|move|p1a: Pidgeotto|Mirror Move|p1a: Pidgeotto
|move|p1a: Pidgeotto|Body Slam|p2a: Snorlax|[from]Mirror Move
|-damage|p2a: Snorlax|53\/415
|move|p2a: Snorlax|Body Slam|p1a: Pidgeotto
|-damage|p1a: Pidgeotto|186\/297
|
|turn|37
|
|move|p1a: Pidgeotto|Double-Edge|p2a: Snorlax
|-damage|p2a: Snorlax|0 fnt
|-damage|p1a: Pidgeotto|173\/297|[from] recoil|[of] p2a: Snorlax
|faint|p2a: Snorlax
|
|switch|p2a: Arbok|Arbok, L90|13\/291
|turn|38
|
|move|p2a: Arbok|Rock Slide|p1a: Pidgeotto
|-supereffective|p1a: Pidgeotto
|-damage|p1a: Pidgeotto|98\/297
|move|p1a: Pidgeotto|Double-Edge|p2a: Arbok
|-damage|p2a: Arbok|0 fnt
|-damage|p1a: Pidgeotto|95\/297|[from] recoil|[of] p2a: Arbok
|faint|p2a: Arbok
|
|switch|p2a: Hitmonlee|Hitmonlee, L90|273\/273
|turn|39
|
|move|p2a: Hitmonlee|Seismic Toss|p1a: Pidgeotto
|-damage|p1a: Pidgeotto|5\/297
|move|p1a: Pidgeotto|Sky Attack|p2a: Hitmonlee|[still]
|-prepare|p1a: Pidgeotto|Sky Attack|p2a: Hitmonlee
|
|turn|40
|
|move|p2a: Hitmonlee|Substitute|p2a: Hitmonlee
|-start|p2a: Hitmonlee|Substitute
|-damage|p2a: Hitmonlee|205\/273
|move|p1a: Pidgeotto|Sky Attack|p2a: Hitmonlee
|-supereffective|p2a: Hitmonlee
|-end|p2a: Hitmonlee|Substitute
|
|turn|41
|c|★Subject Platinum|gg
|
|move|p2a: Hitmonlee|Seismic Toss|p1a: Pidgeotto
|-damage|p1a: Pidgeotto|0 fnt
|faint|p1a: Pidgeotto
|
|win|ElectricPersian
|c|★ElectricPersian|gg
|raw|Subject Platinum's rating: 1323 &rarr; <strong>1301<\/strong><br \/>(-22 for losing)
|raw|ElectricPersian's rating: 1293 &rarr; <strong>1320<\/strong><br \/>(+27 for winning)
|leave|Subject Platinum
|player|p1