|join|kid gf lol
|join|Denning Rosewater
|player|p1|kid gf lol|167
|player|p2|Denning Rosewater|30
|gametype|singles
|gen|1
|tier|[Gen 1] OU (beta)
|rated
|rule|Sleep Clause Mod: Limit one foe put to sleep
|rule|Species Clause: Limit one of each Pokemon
|rule|OHKO Clause: OHKO moves are banned
|rule|Moody Clause: Moody is banned
|rule|Evasion Moves Clause: Evasion moves are banned
|rule|Endless Battle Clause: Forcing endless battles is banned.
|rule|HP Percentage Mod: HP is reported as percentages
|
|start
|switch|p1a: Foxxy Baby|Jolteon|333\/333
|switch|p2a: Gengar|Gengar|323\/323
|turn|1
|
|move|p1a: Foxxy Baby|Thunder Wave|p2a: Gengar
|-status|p2a: Gengar|par
|move|p2a: Gengar|Hypnosis|p1a: Foxxy Baby|[miss]
|-miss|p2a: Gengar
|
|turn|2
|
|move|p1a: Foxxy Baby|Thunderbolt|p2a: Gengar
|-damage|p2a: Gengar|228\/323 par
|move|p2a: Gengar|Hypnosis|p1a: Foxxy Baby
|-status|p1a: Foxxy Baby|slp
|
|turn|3
|
|switch|p2a: Golem|Golem|363\/363
|cant|p1a: Foxxy Baby|slp
|
|turn|4
|
|switch|p1a: Star Role|Starmie|323\/323
|move|p2a: Golem|Earthquake|p1a: Star Role
|-damage|p1a: Star Role|188\/323
|
|turn|5
|
|switch|p2a: Gengar|Gengar|228\/323 par
|move|p1a: Star Role|Psychic|p2a: Gengar|[miss]
|-miss|p1a: Star Role
|
|turn|6
|
|move|p1a: Star Role|Psychic|p2a: Gengar
|-supereffective|p2a: Gengar
|-damage|p2a: Gengar|40\/323 par
|move|p2a: Gengar|Explosion|p1a: Star Role
|-damage|p1a: Star Role|0 fnt
|faint|p1a: Star Role
|faint|p2a: Gengar
|
|switch|p2a: Tauros|Tauros|353\/353
|switch|p1a: The Clamps|Cloyster|303\/303
|turn|7
|
|move|p2a: Tauros|Thunder|p1a: The Clamps
|-supereffective|p1a: The Clamps
|-damage|p1a: The Clamps|129\/303
|move|p1a: The Clamps|Blizzard|p2a: Tauros
|-damage|p2a: Tauros|185\/353
|
|turn|8
|
|switch|p1a: TNT|Golem|363\/363
|move|p2a: Tauros|Thunder|p1a: TNT|[miss]
|-miss|p2a: Tauros
|-immune|p1a: TNT|[msg]
|
|turn|9
|
|move|p2a: Tauros|Blizzard|p1a: TNT|[miss]
|-miss|p2a: Tauros
|move|p1a: TNT|Explosion|p2a: Tauros
|-damage|p2a: Tauros|0 fnt
|faint|p2a: Tauros
|faint|p1a: TNT
|
|switch|p2a: Alakazam|Alakazam|313\/313
|switch|p1a: The Clamps|Cloyster|129\/303
|turn|10
|
|switch|p1a: Breakfast Pouch|Chansey|703\/703
|move|p2a: Alakazam|Psychic|p1a: Breakfast Pouch
|-damage|p1a: Breakfast Pouch|579\/703
|-unboost|p1a: Breakfast Pouch|spd|1
|-unboost|p1a: Breakfast Pouch|spa|1
|
|turn|11
|
|move|p2a: Alakazam|Psychic|p1a: Breakfast Pouch
|-damage|p1a: Breakfast Pouch|405\/703
|move|p1a: Breakfast Pouch|Thunder Wave|p2a: Alakazam
|-status|p2a: Alakazam|par
|
|turn|12
|
|move|p1a: Breakfast Pouch|Soft-Boiled|p1a: Breakfast Pouch
|-heal|p1a: Breakfast Pouch|703\/703
|move|p2a: Alakazam|Thunder Wave|p1a: Breakfast Pouch
|-status|p1a: Breakfast Pouch|par
|
|turn|13
|
|move|p2a: Alakazam|Psychic|p1a: Breakfast Pouch
|-damage|p1a: Breakfast Pouch|513\/703 par
|move|p1a: Breakfast Pouch|Soft-Boiled|p1a: Breakfast Pouch
|-heal|p1a: Breakfast Pouch|703\/703 par
|
|turn|14
|
|move|p2a: Alakazam|Psychic|p1a: Breakfast Pouch
|-crit|p1a: Breakfast Pouch
|-damage|p1a: Breakfast Pouch|444\/703 par
|-unboost|p1a: Breakfast Pouch|spd|1
|-unboost|p1a: Breakfast Pouch|spa|1
|cant|p1a: Breakfast Pouch|par
|
|turn|15
|
|cant|p2a: Alakazam|par
|move|p1a: Breakfast Pouch|Soft-Boiled|p1a: Breakfast Pouch
|-heal|p1a: Breakfast Pouch|703\/703 par
|
|turn|16
|
|cant|p2a: Alakazam|par
|move|p1a: Breakfast Pouch|Soft-Boiled|p1a: Breakfast Pouch
|-fail|p1a: Breakfast Pouch
|
|turn|17
|
|move|p2a: Alakazam|Psychic|p1a: Breakfast Pouch
|-crit|p1a: Breakfast Pouch
|-damage|p1a: Breakfast Pouch|450\/703 par
|move|p1a: Breakfast Pouch|Soft-Boiled|p1a: Breakfast Pouch
|-heal|p1a: Breakfast Pouch|703\/703 par
|
|turn|18
|
|switch|p2a: Exeggutor|Exeggutor|393\/393
|cant|p1a: Breakfast Pouch|par
|
|turn|19
|
|move|p2a: Exeggutor|Leech Seed|p1a: Breakfast Pouch
|-start|p1a: Breakfast Pouch|move: Leech Seed
|cant|p1a: Breakfast Pouch|par
|-damage|p1a: Breakfast Pouch|660\/703 par|[from] Leech Seed|[of] p2a: Exeggutor
|
|turn|20
|
|move|p2a: Exeggutor|Psychic|p1a: Breakfast Pouch
|-damage|p1a: Breakfast Pouch|428\/703 par
|move|p1a: Breakfast Pouch|Thunder Wave|p2a: Exeggutor
|-status|p2a: Exeggutor|par
|-damage|p1a: Breakfast Pouch|385\/703 par|[from] Leech Seed|[of] p2a: Exeggutor
|
|turn|21
|
|move|p2a: Exeggutor|Psychic|p1a: Breakfast Pouch
|-damage|p1a: Breakfast Pouch|166\/703 par
|move|p1a: Breakfast Pouch|Soft-Boiled|p1a: Breakfast Pouch
|-heal|p1a: Breakfast Pouch|517\/703 par
|-damage|p1a: Breakfast Pouch|474\/703 par|[from] Leech Seed|[of] p2a: Exeggutor
|
|turn|22
|
|move|p2a: Exeggutor|Psychic|p1a: Breakfast Pouch
|-damage|p1a: Breakfast Pouch|242\/703 par
|cant|p1a: Breakfast Pouch|par
|-damage|p1a: Breakfast Pouch|199\/703 par|[from] Leech Seed|[of] p2a: Exeggutor
|
|turn|23
|
|cant|p2a: Exeggutor|par
|move|p1a: Breakfast Pouch|Soft-Boiled|p1a: Breakfast Pouch
|-heal|p1a: Breakfast Pouch|550\/703 par
|-damage|p1a: Breakfast Pouch|507\/703 par|[from] Leech Seed|[of] p2a: Exeggutor
|
|turn|24
|chat|Denning Rosewater|aw fuck
|
|cant|p2a: Exeggutor|par
|move|p1a: Breakfast Pouch|Soft-Boiled|p1a: Breakfast Pouch
|-heal|p1a: Breakfast Pouch|703\/703 par
|-damage|p1a: Breakfast Pouch|660\/703 par|[from] Leech Seed|[of] p2a: Exeggutor
|
|turn|25
|
|move|p2a: Exeggutor|Psychic|p1a: Breakfast Pouch
|-damage|p1a: Breakfast Pouch|418\/703 par
|-unboost|p1a: Breakfast Pouch|spd|1
|-unboost|p1a: Breakfast Pouch|spa|1
|move|p1a: Breakfast Pouch|Ice Beam|p2a: Exeggutor
|-supereffective|p2a: Exeggutor
|-damage|p2a: Exeggutor|334\/393 par
|-damage|p1a: Breakfast Pouch|375\/703 par|[from] Leech Seed|[of] p2a: Exeggutor
|-heal|p2a: Exeggutor|377\/393 par|[silent]
|
|turn|26
|
|move|p2a: Exeggutor|Psychic|p1a: Breakfast Pouch
|-damage|p1a: Breakfast Pouch|82\/703 par
|-unboost|p1a: Breakfast Pouch|spd|1
|-unboost|p1a: Breakfast Pouch|spa|1
|move|p1a: Breakfast Pouch|Soft-Boiled|p1a: Breakfast Pouch
|-heal|p1a: Breakfast Pouch|433\/703 par
|-damage|p1a: Breakfast Pouch|390\/703 par|[from] Leech Seed|[of] p2a: Exeggutor
|-heal|p2a: Exeggutor|393\/393 par|[silent]
|
|turn|27
|
|move|p2a: Exeggutor|Psychic|p1a: Breakfast Pouch
|-damage|p1a: Breakfast Pouch|41\/703 par
|move|p1a: Breakfast Pouch|Soft-Boiled|p1a: Breakfast Pouch
|-heal|p1a: Breakfast Pouch|392\/703 par
|-damage|p1a: Breakfast Pouch|349\/703 par|[from] Leech Seed|[of] p2a: Exeggutor
|
|turn|28
|
|switch|p1a: Bad Luck Brian|Dragonite|385\/385
|move|p2a: Exeggutor|Psychic|p1a: Bad Luck Brian
|-damage|p1a: Bad Luck Brian|264\/385
|
|turn|29
|
|switch|p2a: Starmie|Starmie|323\/323
|move|p1a: Bad Luck Brian|Wrap|p2a: Starmie
|-damage|p2a: Starmie|306\/323
|-activate|p2a: Starmie|move: Wrap|[of] p1a: Bad Luck Brian
|
|turn|30
|chat|Denning Rosewater|Damn!
|
|switch|p1a: Breakfast Pouch|Chansey|349\/703 par
|cant|p2a: Starmie|partiallytrapped
|
|-end|p2a: Starmie|Wrap|[partiallytrapped]
|turn|31
|
|switch|p2a: Golem|Golem|363\/363
|cant|p1a: Breakfast Pouch|par
|
|turn|32
|
|switch|p1a: Bad Luck Brian|Dragonite|264\/385
|move|p2a: Golem|Rock Slide|p1a: Bad Luck Brian
|-supereffective|p1a: Bad Luck Brian
|-damage|p1a: Bad Luck Brian|67\/385
|
|turn|33
|
|move|p1a: Bad Luck Brian|Surf|p2a: Golem
|-supereffective|p2a: Golem
|-damage|p2a: Golem|0 fnt
|faint|p2a: Golem
|
|
|switch|p2a: Starmie|Starmie|306\/323
|turn|34
|
|switch|p1a: Breakfast Pouch|Chansey|349\/703 par
|move|p2a: Starmie|Blizzard|p1a: Breakfast Pouch
|-damage|p1a: Breakfast Pouch|252\/703 par
|
|turn|35
|
|move|p2a: Starmie|Blizzard|p1a: Breakfast Pouch
|-damage|p1a: Breakfast Pouch|168\/703 par
|move|p1a: Breakfast Pouch|Soft-Boiled|p1a: Breakfast Pouch
|-heal|p1a: Breakfast Pouch|519\/703 par
|
|turn|36
|
|move|p2a: Starmie|Blizzard|p1a: Breakfast Pouch
|-damage|p1a: Breakfast Pouch|426\/703 par
|cant|p1a: Breakfast Pouch|par
|
|turn|37
|
|move|p2a: Starmie|Blizzard|p1a: Breakfast Pouch
|-damage|p1a: Breakfast Pouch|340\/703 par
|move|p1a: Breakfast Pouch|Thunder Wave|p2a: Starmie
|-status|p2a: Starmie|par
|
|turn|38
|
|move|p2a: Starmie|Blizzard|p1a: Breakfast Pouch
|-damage|p1a: Breakfast Pouch|254\/703 par
|move|p1a: Breakfast Pouch|Soft-Boiled|p1a: Breakfast Pouch
|-heal|p1a: Breakfast Pouch|605\/703 par
|
|turn|39
|chat|kid gf lol|why did you let that happen lol
|chat|Denning Rosewater|everything is paralyzed
|
|move|p2a: Starmie|Blizzard|p1a: Breakfast Pouch
|-damage|p1a: Breakfast Pouch|519\/703 par
|cant|p1a: Breakfast Pouch|par
|
|turn|40
|chat|Denning Rosewater|would've got me eventually
|chat|kid gf lol|yeah but you let starmie be para'd
|
|move|p2a: Starmie|Blizzard|p1a: Breakfast Pouch
|-damage|p1a: Breakfast Pouch|430\/703 par
|cant|p1a: Breakfast Pouch|par
|
|turn|41
|
|move|p2a: Starmie|Blizzard|p1a: Breakfast Pouch
|-damage|p1a: Breakfast Pouch|332\/703 par
|move|p1a: Breakfast Pouch|Soft-Boiled|p1a: Breakfast Pouch
|-heal|p1a: Breakfast Pouch|683\/703 par
|
|turn|42
|
|cant|p2a: Starmie|par
|move|p1a: Breakfast Pouch|Ice Beam|p2a: Starmie
|-crit|p2a: Starmie
|-resisted|p2a: Starmie
|-damage|p2a: Starmie|235\/323 par
|
|turn|43
|chat|Denning Rosewater|I could used Psychic drops from the other psychics like I did before but it'd just be stalling
|
|move|p2a: Starmie|Thunderbolt|p1a: Breakfast Pouch
|-damage|p1a: Breakfast Pouch|606\/703 par
|move|p1a: Breakfast Pouch|Ice Beam|p2a: Starmie
|-resisted|p2a: Starmie
|-damage|p2a: Starmie|199\/323 par
|
|turn|44
|chat|Denning Rosewater|and you'd just switch into Cloyster or Dragonite
|
|move|p2a: Starmie|Thunderbolt|p1a: Breakfast Pouch
|-crit|p1a: Breakfast Pouch
|-damage|p1a: Breakfast Pouch|461\/703 par
|move|p1a: Breakfast Pouch|Ice Beam|p2a: Starmie
|-resisted|p2a: Starmie
|-damage|p2a: Starmie|164\/323 par
|
|turn|45
|
|move|p2a: Starmie|Thunderbolt|p1a: Breakfast Pouch
|-damage|p1a: Breakfast Pouch|394\/703 par
|move|p1a: Breakfast Pouch|Ice Beam|p2a: Starmie
|-resisted|p2a: Starmie
|-damage|p2a: Starmie|124\/323 par
|
|turn|46
|
|move|p2a: Starmie|Thunderbolt|p1a: Breakfast Pouch
|-crit|p1a: Breakfast Pouch
|-damage|p1a: Breakfast Pouch|244\/703 par
|move|p1a: Breakfast Pouch|Soft-Boiled|p1a: Breakfast Pouch
|-heal|p1a: Breakfast Pouch|595\/703 par
|
|turn|47
|
|cant|p2a: Starmie|par
|move|p1a: Breakfast Pouch|Ice Beam|p2a: Starmie
|-crit|p2a: Starmie
|-resisted|p2a: Starmie
|-damage|p2a: Starmie|42\/323 par
|
|turn|48
|
|move|p2a: Starmie|Recover|p2a: Starmie
|-heal|p2a: Starmie|203\/323 par
|move|p1a: Breakfast Pouch|Ice Beam|p2a: Starmie
|-resisted|p2a: Starmie
|-damage|p2a: Starmie|164\/323 par
|
|turn|49
|
|move|p2a: Starmie|Recover|p2a: Starmie
|-heal|p2a: Starmie|323\/323 par
|move|p1a: Breakfast Pouch|Ice Beam|p2a: Starmie
|-resisted|p2a: Starmie
|-damage|p2a: Starmie|285\/323 par
|
|turn|50
|
|move|p2a: Starmie|Thunderbolt|p1a: Breakfast Pouch
|-damage|p1a: Breakfast Pouch|520\/703 par
|move|p1a: Breakfast Pouch|Ice Beam|p2a: Starmie
|-crit|p2a: Starmie
|-resisted|p2a: Starmie
|-damage|p2a: Starmie|212\/323 par
|
|turn|51
|join|tester@PWNS
|
|cant|p2a: Starmie|par
|move|p1a: Breakfast Pouch|Ice Beam|p2a: Starmie
|-resisted|p2a: Starmie
|-damage|p2a: Starmie|171\/323 par
|
|turn|52
|
|move|p2a: Starmie|Thunderbolt|p1a: Breakfast Pouch
|-damage|p1a: Breakfast Pouch|448\/703 par
|move|p1a: Breakfast Pouch|Ice Beam|p2a: Starmie
|-resisted|p2a: Starmie
|-damage|p2a: Starmie|134\/323 par
|
|turn|53
|
|move|p2a: Starmie|Recover|p2a: Starmie
|-heal|p2a: Starmie|295\/323 par
|move|p1a: Breakfast Pouch|Ice Beam|p2a: Starmie
|-resisted|p2a: Starmie
|-damage|p2a: Starmie|258\/323 par
|
|turn|54
|leave|tester@PWNS
|
|move|p2a: Starmie|Recover|p2a: Starmie
|-heal|p2a: Starmie|323\/323 par
|move|p1a: Breakfast Pouch|Ice Beam|p2a: Starmie
|-resisted|p2a: Starmie
|-damage|p2a: Starmie|281\/323 par
|
|turn|55
|
|move|p2a: Starmie|Recover|p2a: Starmie
|-heal|p2a: Starmie|323\/323 par
|move|p1a: Breakfast Pouch|Ice Beam|p2a: Starmie
|-resisted|p2a: Starmie
|-damage|p2a: Starmie|284\/323 par
|
|turn|56
|
|switch|p1a: Foxxy Baby|Jolteon|333\/333 slp
|cant|p2a: Starmie|par
|
|turn|57
|
|switch|p1a: Breakfast Pouch|Chansey|448\/703 par
|switch|p2a: Alakazam|Alakazam|313\/313 par
|
|turn|58
|
|move|p2a: Alakazam|Psychic|p1a: Breakfast Pouch
|-damage|p1a: Breakfast Pouch|330\/703 par
|move|p1a: Breakfast Pouch|Ice Beam|p2a: Alakazam
|-damage|p2a: Alakazam|254\/313 par
|
|turn|59
|chat|Denning Rosewater|got my hopes up
|
|cant|p2a: Alakazam|par
|cant|p1a: Breakfast Pouch|par
|
|turn|60
|
|cant|p2a: Alakazam|par
|move|p1a: Breakfast Pouch|Soft-Boiled|p1a: Breakfast Pouch
|-heal|p1a: Breakfast Pouch|681\/703 par
|
|turn|61
|
|move|p2a: Alakazam|Psychic|p1a: Breakfast Pouch
|-damage|p1a: Breakfast Pouch|557\/703 par
|move|p1a: Breakfast Pouch|Ice Beam|p2a: Alakazam
|-damage|p2a: Alakazam|189\/313 par
|
|turn|62
|
|cant|p2a: Alakazam|par
|move|p1a: Breakfast Pouch|Thunder Wave|p2a: Alakazam
|-fail|p2a: Alakazam|par
|
|turn|63
|
|move|p2a: Alakazam|Recover|p2a: Alakazam
|-heal|p2a: Alakazam|313\/313 par
|move|p1a: Breakfast Pouch|Thunder Wave|p2a: Alakazam
|-fail|p2a: Alakazam|par
|
|turn|64
|
|move|p2a: Alakazam|Psychic|p1a: Breakfast Pouch
|-damage|p1a: Breakfast Pouch|421\/703 par
|cant|p1a: Breakfast Pouch|par
|
|turn|65
|
|move|p2a: Alakazam|Psychic|p1a: Breakfast Pouch
|-damage|p1a: Breakfast Pouch|293\/703 par
|-unboost|p1a: Breakfast Pouch|spd|1
|-unboost|p1a: Breakfast Pouch|spa|1
|move|p1a: Breakfast Pouch|Thunder Wave|p2a: Alakazam
|-fail|p2a: Alakazam|par
|
|turn|66
|
|move|p2a: Alakazam|Psychic|p1a: Breakfast Pouch
|-damage|p1a: Breakfast Pouch|117\/703 par
|-unboost|p1a: Breakfast Pouch|spd|1
|-unboost|p1a: Breakfast Pouch|spa|1
|move|p1a: Breakfast Pouch|Soft-Boiled|p1a: Breakfast Pouch
|-heal|p1a: Breakfast Pouch|468\/703 par
|
|turn|67
|
|cant|p2a: Alakazam|par
|move|p1a: Breakfast Pouch|Thunder Wave|p2a: Alakazam
|-fail|p2a: Alakazam|par
|
|turn|68
|
|move|p2a: Alakazam|Seismic Toss|p1a: Breakfast Pouch
|-damage|p1a: Breakfast Pouch|368\/703 par
|cant|p1a: Breakfast Pouch|par
|
|turn|69
|
|move|p2a: Alakazam|Seismic Toss|p1a: Breakfast Pouch
|-damage|p1a: Breakfast Pouch|268\/703 par
|cant|p1a: Breakfast Pouch|par
|
|turn|70
|
|move|p2a: Alakazam|Seismic Toss|p1a: Breakfast Pouch
|-damage|p1a: Breakfast Pouch|168\/703 par
|cant|p1a: Breakfast Pouch|par
|
|turn|71
|
|move|p2a: Alakazam|Psychic|p1a: Breakfast Pouch
|-damage|p1a: Breakfast Pouch|0 fnt
|faint|p1a: Breakfast Pouch
|
|
|switch|p1a: Bad Luck Brian|Dragonite|67\/385
|turn|72
|
|move|p1a: Bad Luck Brian|Wrap|p2a: Alakazam
|-crit|p2a: Alakazam
|-damage|p2a: Alakazam|267\/313 par
|-activate|p2a: Alakazam|move: Wrap|[of] p1a: Bad Luck Brian
|cant|p2a: Alakazam|par
|
|turn|73
|
|move|p1a: Bad Luck Brian|Wrap|p2a: Alakazam
|-damage|p2a: Alakazam|221\/313 par
|cant|p2a: Alakazam|partiallytrapped
|
|turn|74
|
|move|p1a: Bad Luck Brian|Wrap|p2a: Alakazam
|-damage|p2a: Alakazam|175\/313 par
|cant|p2a: Alakazam|partiallytrapped
|
|turn|75
|chat|kid gf lol|was out of softboiled
|
|move|p1a: Bad Luck Brian|Wrap|p2a: Alakazam
|-damage|p2a: Alakazam|129\/313 par
|cant|p2a: Alakazam|partiallytrapped
|
|-end|p2a: Alakazam|Wrap|[partiallytrapped]
|turn|76
|chat|Denning Rosewater|yea I figured
|
|move|p1a: Bad Luck Brian|Wrap|p2a: Alakazam
|-damage|p2a: Alakazam|104\/313 par
|-activate|p2a: Alakazam|move: Wrap|[of] p1a: Bad Luck Brian
|cant|p2a: Alakazam|par
|
|turn|77
|
|move|p1a: Bad Luck Brian|Wrap|p2a: Alakazam
|-damage|p2a: Alakazam|79\/313 par
|cant|p2a: Alakazam|partiallytrapped
|
|turn|78
|chat|Denning Rosewater|miss
|chat|Denning Rosewater|miss you son of a bitch
|
|move|p1a: Bad Luck Brian|Wrap|p2a: Alakazam
|-damage|p2a: Alakazam|54\/313 par
|cant|p2a: Alakazam|partiallytrapped
|
|turn|79
|
|move|p1a: Bad Luck Brian|Wrap|p2a: Alakazam
|-damage|p2a: Alakazam|29\/313 par
|cant|p2a: Alakazam|partiallytrapped
|
|-end|p2a: Alakazam|Wrap|[partiallytrapped]
|turn|80
|
|move|p1a: Bad Luck Brian|Surf|p2a: Alakazam
|-crit|p2a: Alakazam
|-damage|p2a: Alakazam|0 fnt
|faint|p2a: Alakazam
|
|chat|kid gf lol|1 down
|
|switch|p2a: Exeggutor|Exeggutor|393\/393 par
|turn|81
|chat|kid gf lol|although hes the easiest
|
|move|p1a: Bad Luck Brian|Wrap|p2a: Exeggutor|[miss]
|-miss|p1a: Bad Luck Brian
|move|p2a: Exeggutor|Sleep Powder|p1a: Bad Luck Brian
|-message|Sleep Clause Mod activated.
|
|turn|82
|chat|Denning Rosewater|yes
|chat|kid gf lol|lol
|
|move|p1a: Bad Luck Brian|Wrap|p2a: Exeggutor
|-damage|p2a: Exeggutor|377\/393 par
|-activate|p2a: Exeggutor|move: Wrap|[of] p1a: Bad Luck Brian
|cant|p2a: Exeggutor|par
|
|turn|83
|chat|Denning Rosewater|oh
|chat|Denning Rosewater|fuck
|chat|Denning Rosewater|Jolteon
|
|move|p1a: Bad Luck Brian|Wrap|p2a: Exeggutor
|-damage|p2a: Exeggutor|361\/393 par
|cant|p2a: Exeggutor|par
|
|-end|p2a: Exeggutor|Wrap|[partiallytrapped]
|turn|84
|chat|kid gf lol|that was your one shot lol
|join|wozniak
|chat|Denning Rosewater|should've used psychic
|
|move|p1a: Bad Luck Brian|Wrap|p2a: Exeggutor
|-damage|p2a: Exeggutor|343\/393 par
|-activate|p2a: Exeggutor|move: Wrap|[of] p1a: Bad Luck Brian
|cant|p2a: Exeggutor|partiallytrapped
|
|turn|85
|
|move|p1a: Bad Luck Brian|Wrap|p2a: Exeggutor
|-damage|p2a: Exeggutor|325\/393 par
|cant|p2a: Exeggutor|par
|
|-end|p2a: Exeggutor|Wrap|[partiallytrapped]
|turn|86
|
|move|p1a: Bad Luck Brian|Wrap|p2a: Exeggutor|[miss]
|-miss|p1a: Bad Luck Brian
|move|p2a: Exeggutor|Psychic|p1a: Bad Luck Brian
|-damage|p1a: Bad Luck Brian|0 fnt
|faint|p1a: Bad Luck Brian
|
|chat|kid gf lol|aww
|chat|Denning Rosewater|ok
|
|switch|p1a: The Clamps|Cloyster|129\/303
|turn|87
|
|move|p1a: The Clamps|Clamp|p2a: Exeggutor
|-crit|p2a: Exeggutor
|-resisted|p2a: Exeggutor
|-damage|p2a: Exeggutor|295\/393 par
|-activate|p2a: Exeggutor|move: Clamp|[of] p1a: The Clamps
|cant|p2a: Exeggutor|partiallytrapped
|
|turn|88
|chat|kid gf lol|cloyster is less reliable...
|
|move|p1a: The Clamps|Clamp|p2a: Exeggutor
|-damage|p2a: Exeggutor|265\/393 par
|cant|p2a: Exeggutor|partiallytrapped
|
|-end|p2a: Exeggutor|Clamp|[partiallytrapped]
|turn|89
|chat|Denning Rosewater|I can do this
|
|move|p1a: The Clamps|Clamp|p2a: Exeggutor|[miss]
|-miss|p1a: The Clamps
|cant|p2a: Exeggutor|par
|
|turn|90
|chat|Denning Rosewater|Damn it!
|chat|kid gf lol|rofl
|
|move|p1a: The Clamps|Clamp|p2a: Exeggutor|[miss]
|-miss|p1a: The Clamps
|move|p2a: Exeggutor|Mega Drain|p1a: The Clamps
|-supereffective|p1a: The Clamps
|-damage|p1a: The Clamps|13\/303
|-heal|p2a: Exeggutor|323\/393 par|[from] drain|[of] p1a: The Clamps
|
|turn|91
|chat|kid gf lol|noooooooo
|chat|Denning Rosewater|yes
|chat|Denning Rosewater|yes
|chat|kid gf lol|clamp is less reliable than wrap
|chat|Denning Rosewater|less accurate right?
|chat|Denning Rosewater|plus exeggutor resists
|
|move|p1a: The Clamps|Clamp|p2a: Exeggutor|[miss]
|-miss|p1a: The Clamps
|move|p2a: Exeggutor|Mega Drain|p1a: The Clamps
|-supereffective|p1a: The Clamps
|-damage|p1a: The Clamps|0 fnt
|-heal|p2a: Exeggutor|330\/393 par|[from] drain|[of] p1a: The Clamps
|faint|p1a: The Clamps
|
|chat|kid gf lol|oh damn it wtf
|chat|kid gf lol|that one clamp was all i needed
|
|switch|p1a: Foxxy Baby|Jolteon|333\/333 slp
|turn|92
|chat|Denning Rosewater|cmon exegg
|
|cant|p1a: Foxxy Baby|slp
|move|p2a: Exeggutor|Leech Seed|p1a: Foxxy Baby
|-start|p1a: Foxxy Baby|move: Leech Seed
|
|turn|93
|
|cant|p1a: Foxxy Baby|slp
|-damage|p1a: Foxxy Baby|313\/333 slp|[from] Leech Seed|[of] p2a: Exeggutor
|-heal|p2a: Exeggutor|350\/393 par|[silent]
|move|p2a: Exeggutor|Psychic|p1a: Foxxy Baby
|-damage|p1a: Foxxy Baby|204\/333 slp
|
|turn|94
|
|cant|p1a: Foxxy Baby|slp
|-damage|p1a: Foxxy Baby|184\/333 slp|[from] Leech Seed|[of] p2a: Exeggutor
|-heal|p2a: Exeggutor|370\/393 par|[silent]
|move|p2a: Exeggutor|Psychic|p1a: Foxxy Baby
|-damage|p1a: Foxxy Baby|72\/333 slp
|
|turn|95
|chat|Denning Rosewater|omfg
|chat|Denning Rosewater|yes
|
|cant|p1a: Foxxy Baby|slp
|-damage|p1a: Foxxy Baby|52\/333 slp|[from] Leech Seed|[of] p2a: Exeggutor
|-heal|p2a: Exeggutor|390\/393 par|[silent]
|move|p2a: Exeggutor|Psychic|p1a: Foxxy Baby
|-damage|p1a: Foxxy Baby|0 fnt
|faint|p1a: Foxxy Baby
|
|win|Denning Rosewater
|raw|Ladder updating...
|chat|Denning Rosewater|YESSSSS
|leave|wozniak
|leave|kid gf lol
|chat|kid gf lol|i seriously only needed that one clamp
|chat|Denning Rosewater|gg
|player|p1
|raw|kid gf lol's rating: 1358 &rarr; <strong>1332<\/strong><br \/>(-26 for losing)
|raw|Denning Rosewater's rating: 1254 &rarr; <strong>1286<\/strong><br \/>(+32 for winning)