|join|shrop05
|join|KyleCole
|player|p1|shrop05|156
|player|p2|KyleCole|84
|gametype|singles
|gen|1
|tier|[Gen 1] Random Battle
|rule|Sleep Clause Mod: Limit one foe put to sleep
|rule|Freeze Clause Mod: Limit one foe frozen
|rule|HP Percentage Mod: HP is shown in percentages
|
|start
|switch|p1a: Ninetales|Ninetales, L86|301\/301
|switch|p2a: Poliwrath|Poliwrath, L86|330\/330
|turn|1
|c|★KyleCole|no drought
|c|★KyleCole|nb
|c|★shrop05|WOW NICE LEAD
|c|★KyleCole|:]
|
|switch|p1a: Porygon|Porygon, L86|287\/287
|move|p2a: Poliwrath|Amnesia|p2a: Poliwrath
|-boost|p2a: Poliwrath|spd|2
|-boost|p2a: Poliwrath|spa|2
|
|turn|2
|
|switch|p1a: Mewtwo|Mewtwo, L65|273\/273
|move|p2a: Poliwrath|Hypnosis|p1a: Mewtwo|[miss]
|-miss|p2a: Poliwrath
|
|turn|3
|c|★KyleCole|fuuu
|c|★shrop05|you are the worst
|c|★shrop05|lol
|
|move|p1a: Mewtwo|Thunder Wave|p2a: Poliwrath
|-status|p2a: Poliwrath|par
|move|p2a: Poliwrath|Hypnosis|p1a: Mewtwo
|-status|p1a: Mewtwo|slp
|
|turn|4
|c|★shrop05|fukn pls
|
|cant|p1a: Mewtwo|slp
|move|p2a: Poliwrath|Surf|p1a: Mewtwo
|-damage|p1a: Mewtwo|119\/273 slp
|
|turn|5
|
|switch|p1a: Porygon|Porygon, L86|287\/287
|move|p2a: Poliwrath|Surf|p1a: Porygon
|-crit|p1a: Porygon
|-damage|p1a: Porygon|107\/287
|
|turn|6
|c|★shrop05|tfw i have nothing to stop this
|
|move|p1a: Porygon|Hyper Beam|p2a: Poliwrath
|-damage|p2a: Poliwrath|223\/330 par
|cant|p2a: Poliwrath|par
|
|turn|7
|
|cant|p1a: Porygon|recharge
|cant|p2a: Poliwrath|par
|
|turn|8
|c|★KyleCole|ok
|c|★shrop05|nvm
|
|move|p1a: Porygon|Thunderbolt|p2a: Poliwrath
|-supereffective|p2a: Poliwrath
|-damage|p2a: Poliwrath|150\/330 par
|move|p2a: Poliwrath|Surf|p1a: Porygon
|-damage|p1a: Porygon|0 fnt
|faint|p1a: Porygon
|
|switch|p1a: Hitmonchan|Hitmonchan, L86|261\/261
|turn|9
|
|move|p1a: Hitmonchan|Body Slam|p2a: Poliwrath
|-damage|p2a: Poliwrath|85\/330 par
|move|p2a: Poliwrath|Surf|p1a: Hitmonchan
|-damage|p1a: Hitmonchan|0 fnt
|faint|p1a: Hitmonchan
|c|★shrop05|why does that do literally zero
|c|★KyleCole|yo youre getting rekt
|
|switch|p1a: Mewtwo|Mewtwo, L65|119\/273 slp
|turn|10
|c|★KyleCole|poliwrath is the man
|c|★shrop05|full para
|c|★KyleCole|poliwrath used give shrop the meat!
|
|cant|p1a: Mewtwo|slp
|move|p2a: Poliwrath|Surf|p1a: Mewtwo
|-damage|p1a: Mewtwo|0 fnt
|faint|p1a: Mewtwo
|c|★shrop05|lol
|
|switch|p1a: Golem|Golem, L82|299\/299
|turn|11
|
|move|p1a: Golem|Earthquake|p2a: Poliwrath
|-crit|p2a: Poliwrath
|-damage|p2a: Poliwrath|0 fnt
|faint|p2a: Poliwrath
|
|switch|p2a: Omastar|Omastar, L86|296\/296
|turn|12
|
|move|p2a: Omastar|Hydro Pump|p1a: Golem
|-supereffective|p1a: Golem
|-damage|p1a: Golem|0 fnt
|faint|p1a: Golem
|
|switch|p1a: Arcanine|Arcanine, L86|330\/330
|turn|13
|
|move|p1a: Arcanine|Body Slam|p2a: Omastar
|-resisted|p2a: Omastar
|-damage|p2a: Omastar|270\/296
|-status|p2a: Omastar|par
|cant|p2a: Omastar|par
|
|turn|14
|c|★KyleCole|ok
|c|★shrop05|:]
|
|switch|p1a: Ninetales|Ninetales, L86|301\/301
|move|p2a: Omastar|Hydro Pump|p1a: Ninetales
|-supereffective|p1a: Ninetales
|-damage|p1a: Ninetales|37\/301
|
|turn|15
|
|move|p1a: Ninetales|Body Slam|p2a: Omastar
|-resisted|p2a: Omastar
|-damage|p2a: Omastar|252\/296 par
|move|p2a: Omastar|Seismic Toss|p1a: Ninetales
|-damage|p1a: Ninetales|0 fnt
|faint|p1a: Ninetales
|
|switch|p1a: Arcanine|Arcanine, L86|330\/330
|turn|16
|
|move|p1a: Arcanine|Fire Blast|p2a: Omastar
|-resisted|p2a: Omastar
|-damage|p2a: Omastar|230\/296 par
|move|p2a: Omastar|Hydro Pump|p1a: Arcanine
|-supereffective|p1a: Arcanine
|-damage|p1a: Arcanine|2\/330
|
|turn|17
|c|★shrop05|dum
|c|★shrop05|i got CTd
|c|★KyleCole|ur bad
|
|move|p1a: Arcanine|Body Slam|p2a: Omastar
|-resisted|p2a: Omastar
|-damage|p2a: Omastar|205\/296 par
|move|p2a: Omastar|Seismic Toss|p1a: Arcanine
|-damage|p1a: Arcanine|0 fnt
|faint|p1a: Arcanine
|
|win|KyleCole
|c|★KyleCole|rematch?
|leave|shrop05
|player|p1