|j|RnGoOdRa
|j|gen1masterrony
|player|p1|RnGoOdRa|265
|player|p2|gen1masterrony|169
|gametype|singles
|gen|1
|tier|[Gen 1] OU
|rated
|seed|
|rule|Sleep Clause Mod: Limit one foe put to sleep
|rule|Freeze Clause Mod: Limit one foe frozen
|rule|Species Clause: Limit one of each Pokémon
|rule|OHKO Clause: OHKO moves are banned
|rule|Evasion Moves Clause: Evasion moves are banned
|rule|HP Percentage Mod: HP is shown in percentages
|
|start
|switch|p1a: El Matador|Tauros|100\/100
|switch|p2a: Hypno|Hypno|100\/100
|turn|1
|choice||
|
|switch|p1a: Flora|Exeggutor|100\/100
|move|p2a: Hypno|Thunder Wave|p1a: Flora
|-status|p1a: Flora|par
|
|turn|2
|choice||
|
|switch|p2a: Starmie|Starmie|100\/100
|move|p1a: Flora|Sleep Powder|p2a: Starmie
|-status|p2a: Starmie|slp
|
|turn|3
|choice||
|
|switch|p2a: Hypno|Hypno|100\/100
|move|p1a: Flora|Mega Drain|p2a: Hypno
|-damage|p2a: Hypno|88\/100
|
|turn|4
|choice||
|
|move|p2a: Hypno|Psychic|p1a: Flora
|-resisted|p1a: Flora
|-damage|p1a: Flora|89\/100 par
|move|p1a: Flora|Explosion|p2a: Hypno
|-damage|p2a: Hypno|0 fnt
|faint|p2a: Hypno
|faint|p1a: Flora
|choice||
|
|switch|p2a: Exeggutor|Exeggutor|100\/100
|switch|p1a: Fortuna|Chansey|100\/100
|turn|5
|choice||
|
|move|p2a: Exeggutor|Sleep Powder|p1a: Fortuna
|-status|p1a: Fortuna|slp
|cant|p1a: Fortuna|slp
|
|turn|6
|choice||
|
|move|p2a: Exeggutor|Psychic|p1a: Fortuna
|-damage|p1a: Fortuna|82\/100 slp
|cant|p1a: Fortuna|slp
|
|turn|7
|choice||
|
|move|p2a: Exeggutor|Psychic|p1a: Fortuna
|-damage|p1a: Fortuna|65\/100 slp
|cant|p1a: Fortuna|slp
|
|turn|8
|choice||
|
|move|p2a: Exeggutor|Psychic|p1a: Fortuna
|-damage|p1a: Fortuna|48\/100 slp
|cant|p1a: Fortuna|slp
|
|turn|9
|choice||
|
|move|p2a: Exeggutor|Psychic|p1a: Fortuna
|-damage|p1a: Fortuna|32\/100 slp
|cant|p1a: Fortuna|slp
|
|turn|10
|choice||
|
|move|p2a: Exeggutor|Psychic|p1a: Fortuna
|-damage|p1a: Fortuna|13\/100 slp
|-unboost|p1a: Fortuna|spd|1
|-unboost|p1a: Fortuna|spa|1
|-curestatus|p1a: Fortuna|slp
|
|turn|11
|choice||
|
|move|p2a: Exeggutor|Psychic|p1a: Fortuna
|-crit|p1a: Fortuna
|-damage|p1a: Fortuna|0 fnt
|faint|p1a: Fortuna
|choice||
|
|switch|p1a: Charizard|Charizard|100\/100
|turn|12
|choice||
|
|move|p1a: Charizard|Fire Spin|p2a: Exeggutor|[miss]
|-miss|p1a: Charizard
|move|p2a: Exeggutor|Explosion|p1a: Charizard
|-damage|p1a: Charizard|17\/100
|faint|p2a: Exeggutor
|choice||
|
|switch|p2a: Alakazam|Alakazam|100\/100
|turn|13
|choice||
|
|switch|p1a: Alakazam|Alakazam|100\/100
|move|p2a: Alakazam|Psychic|p1a: Alakazam
|-resisted|p1a: Alakazam
|-damage|p1a: Alakazam|84\/100
|-unboost|p1a: Alakazam|spd|1
|-unboost|p1a: Alakazam|spa|1
|
|turn|14
|choice||
|
|move|p1a: Alakazam|Thunder Wave|p2a: Alakazam
|-status|p2a: Alakazam|par
|cant|p2a: Alakazam|par
|
|turn|15
|choice||
|
|move|p1a: Alakazam|Psychic|p2a: Alakazam
|-resisted|p2a: Alakazam
|-damage|p2a: Alakazam|90\/100 par
|cant|p2a: Alakazam|par
|
|turn|16
|choice||
|
|move|p1a: Alakazam|Psychic|p2a: Alakazam
|-crit|p2a: Alakazam
|-resisted|p2a: Alakazam
|-damage|p2a: Alakazam|57\/100 par
|move|p2a: Alakazam|Thunder Wave|p1a: Alakazam
|-status|p1a: Alakazam|par
|
|turn|17
|choice||
|
|move|p1a: Alakazam|Psychic|p2a: Alakazam
|-resisted|p2a: Alakazam
|-damage|p2a: Alakazam|46\/100 par
|move|p2a: Alakazam|Recover|p2a: Alakazam
|-heal|p2a: Alakazam|96\/100 par
|
|turn|18
|choice||
|
|move|p2a: Alakazam|Psychic|p1a: Alakazam
|-resisted|p1a: Alakazam
|-damage|p1a: Alakazam|59\/100 par
|-unboost|p1a: Alakazam|spd|1
|-unboost|p1a: Alakazam|spa|1
|cant|p1a: Alakazam|par
|
|turn|19
|choice||
|
|cant|p2a: Alakazam|par
|move|p1a: Alakazam|Recover|p1a: Alakazam
|-heal|p1a: Alakazam|100\/100 par
|
|turn|20
|choice||
|
|move|p2a: Alakazam|Psychic|p1a: Alakazam
|-resisted|p1a: Alakazam
|-damage|p1a: Alakazam|66\/100 par
|-unboost|p1a: Alakazam|spd|1
|-unboost|p1a: Alakazam|spa|1
|move|p1a: Alakazam|Psychic|p2a: Alakazam
|-resisted|p2a: Alakazam
|-damage|p2a: Alakazam|89\/100 par
|-unboost|p2a: Alakazam|spd|1
|-unboost|p2a: Alakazam|spa|1
|
|turn|21
|choice||
|
|move|p2a: Alakazam|Reflect|p2a: Alakazam
|-start|p2a: Alakazam|Reflect
|cant|p1a: Alakazam|par
|
|turn|22
|choice||
|
|move|p2a: Alakazam|Psychic|p1a: Alakazam
|-resisted|p1a: Alakazam
|-damage|p1a: Alakazam|38\/100 par
|move|p1a: Alakazam|Recover|p1a: Alakazam
|-heal|p1a: Alakazam|88\/100 par
|
|turn|23
|choice||
|
|switch|p1a: El Matador|Tauros|100\/100
|move|p2a: Alakazam|Psychic|p1a: El Matador
|-crit|p1a: El Matador
|-damage|p1a: El Matador|12\/100
|
|turn|24
|choice||
|
|move|p1a: El Matador|Hyper Beam|p2a: Alakazam|[miss]
|-miss|p1a: El Matador
|move|p2a: Alakazam|Psychic|p1a: El Matador
|-damage|p1a: El Matador|0 fnt
|faint|p1a: El Matador
|c|★RnGoOdRa|lol
|choice||
|
|switch|p1a: Charizard|Charizard|17\/100
|turn|25
|choice||
|
|move|p1a: Charizard|Fire Spin|p2a: Alakazam
|-damage|p2a: Alakazam|82\/100 par
|cant|p2a: Alakazam|partiallytrapped
|
|turn|26
|choice||
|
|switch|p2a: Starmie|Starmie|100\/100 slp
|move|p1a: Charizard|Fire Spin|p2a: Starmie
|-resisted|p2a: Starmie
|-damage|p2a: Starmie|98\/100 slp
|
|turn|27
|choice||
|
|switch|p1a: Rhydon|Rhydon|100\/100
|cant|p2a: Starmie|slp
|
|turn|28
|choice||
|
|cant|p2a: Starmie|slp
|move|p1a: Rhydon|Earthquake|p2a: Starmie
|-damage|p2a: Starmie|49\/100 slp
|
|turn|29
|choice||
|
|cant|p2a: Starmie|slp
|move|p1a: Rhydon|Earthquake|p2a: Starmie
|-damage|p2a: Starmie|2\/100 slp
|
|turn|30
|choice||
|
|cant|p2a: Starmie|slp
|move|p1a: Rhydon|Earthquake|p2a: Starmie
|-damage|p2a: Starmie|0 fnt
|faint|p2a: Starmie
|choice||
|
|switch|p2a: Alakazam|Alakazam|82\/100 par
|turn|31
|choice||
|
|move|p1a: Rhydon|Earthquake|p2a: Alakazam
|-damage|p2a: Alakazam|10\/100 par
|move|p2a: Alakazam|Psychic|p1a: Rhydon
|-crit|p1a: Rhydon
|-damage|p1a: Rhydon|0 fnt
|faint|p1a: Rhydon
|choice||
|
|switch|p1a: Charizard|Charizard|17\/100
|turn|32
|choice||
|
|move|p1a: Charizard|Slash|p2a: Alakazam
|-crit|p2a: Alakazam
|-damage|p2a: Alakazam|0 fnt
|faint|p2a: Alakazam
|choice||
|
|switch|p2a: Tauros|Tauros|100\/100
|turn|33
|choice||
|
|move|p2a: Tauros|Body Slam|p1a: Charizard
|-damage|p1a: Charizard|0 fnt
|faint|p1a: Charizard
|choice||
|
|switch|p1a: Alakazam|Alakazam|88\/100 par
|turn|34
|choice||
|
|move|p2a: Tauros|Body Slam|p1a: Alakazam
|-damage|p1a: Alakazam|34\/100 par
|move|p1a: Alakazam|Psychic|p2a: Tauros
|-damage|p2a: Tauros|54\/100
|-unboost|p2a: Tauros|spd|1
|-unboost|p2a: Tauros|spa|1
|
|turn|35
|choice||
|
|move|p2a: Tauros|Body Slam|p1a: Alakazam
|-damage|p1a: Alakazam|0 fnt
|faint|p1a: Alakazam
|
|win|gen1masterrony
|player|p1
|player|p2
|raw|RnGoOdRa's rating: 1000 &rarr; <strong>1000<\/strong><br \/>(+0 for losing)
|raw|gen1masterrony's rating: 1052 &rarr; <strong>1079<\/strong><br \/>(+27 for winning)
|l|RnGoOdRa