|join|bluecheesebandit
|join|slizzurp
|player|p1|bluecheesebandit|199
|player|p2|slizzurp|102
|gametype|singles
|gen|1
|tier|[Gen 1] Random Battle
|rated
|rule|Sleep Clause Mod: Limit one foe put to sleep
|rule|Freeze Clause Mod: Limit one foe frozen
|rule|HP Percentage Mod: HP is shown in percentages
|
|start
|switch|p1a: Koffing|Koffing, L96|272\/272
|switch|p2a: Golem|Golem, L79|288\/288
|turn|1
|
|switch|p1a: Dragonite|Dragonite, L85|328\/328
|move|p2a: Golem|Body Slam|p1a: Dragonite
|-damage|p1a: Dragonite|274\/328
|
|turn|2
|
|switch|p2a: Primeape|Primeape, L90|300\/300
|move|p1a: Dragonite|Blizzard|p2a: Primeape|[miss]
|-miss|p1a: Dragonite
|
|turn|3
|
|switch|p1a: Shellder|Shellder, L96|252\/252
|move|p2a: Primeape|Rock Slide|p1a: Shellder
|-damage|p1a: Shellder|203\/252
|
|turn|4
|
|move|p2a: Primeape|Body Slam|p1a: Shellder
|-crit|p1a: Shellder
|-damage|p1a: Shellder|91\/252
|move|p1a: Shellder|Toxic|p2a: Primeape
|-status|p2a: Primeape|tox
|
|turn|5
|
|move|p2a: Primeape|Body Slam|p1a: Shellder
|-damage|p1a: Shellder|35\/252
|-status|p1a: Shellder|par
|-damage|p2a: Primeape|282\/300 tox|[from] tox|[of] p1a: Shellder
|move|p1a: Shellder|Supersonic|p2a: Primeape|[miss]
|-miss|p1a: Shellder
|
|turn|6
|
|move|p2a: Primeape|Body Slam|p1a: Shellder
|-damage|p1a: Shellder|0 fnt
|faint|p1a: Shellder
|
|switch|p1a: Koffing|Koffing, L96|272\/272
|turn|7
|
|switch|p2a: Golem|Golem, L79|288\/288
|move|p1a: Koffing|Thunderbolt|p2a: Golem
|-immune|p2a: Golem|[msg]
|
|turn|8
|
|switch|p1a: Dragonite|Dragonite, L85|274\/328
|move|p2a: Golem|Rock Slide|p1a: Dragonite
|-supereffective|p1a: Dragonite
|-damage|p1a: Dragonite|131\/328
|
|turn|9
|
|switch|p2a: Primeape|Primeape, L90|282\/300 tox
|-status|p2a: Primeape|psn
|-damage|p2a: Primeape|264\/300 psn|[from] psn
|move|p1a: Dragonite|Blizzard|p2a: Primeape
|-crit|p2a: Primeape
|-damage|p2a: Primeape|51\/300 psn
|
|turn|10
|
|switch|p1a: Koffing|Koffing, L96|272\/272
|move|p2a: Primeape|Rock Slide|p1a: Koffing
|-damage|p1a: Koffing|216\/272
|-damage|p2a: Primeape|33\/300 psn|[from] psn|[of] p1a: Koffing
|
|turn|11
|
|move|p2a: Primeape|Hyper Beam|p1a: Koffing
|-damage|p1a: Koffing|108\/272
|-damage|p2a: Primeape|15\/300 psn|[from] psn|[of] p1a: Koffing
|move|p1a: Koffing|Sludge|p2a: Primeape
|-crit|p2a: Primeape
|-damage|p2a: Primeape|0 fnt
|faint|p2a: Primeape
|
|switch|p2a: Golem|Golem, L79|288\/288
|turn|12
|
|move|p1a: Koffing|Sludge|p2a: Golem
|-resisted|p2a: Golem
|-damage|p2a: Golem|275\/288
|move|p2a: Golem|Body Slam|p1a: Koffing
|-damage|p1a: Koffing|57\/272
|
|turn|13
|
|move|p1a: Koffing|Sludge|p2a: Golem
|-resisted|p2a: Golem
|-damage|p2a: Golem|263\/288
|move|p2a: Golem|Rock Slide|p1a: Koffing
|-damage|p1a: Koffing|0 fnt
|faint|p1a: Koffing
|
|switch|p1a: Dragonite|Dragonite, L85|131\/328
|turn|14
|
|move|p1a: Dragonite|Blizzard|p2a: Golem
|-supereffective|p2a: Golem
|-damage|p2a: Golem|16\/288
|move|p2a: Golem|Rock Slide|p1a: Dragonite|[miss]
|-miss|p2a: Golem
|
|turn|15
|
|switch|p1a: Marowak|Marowak, L90|291\/291
|move|p2a: Golem|Explosion|p1a: Marowak
|-damage|p1a: Marowak|96\/291
|faint|p2a: Golem
|
|switch|p2a: Slowpoke|Slowpoke, L96|368\/368
|turn|16
|
|move|p1a: Marowak|Body Slam|p2a: Slowpoke
|-crit|p2a: Slowpoke
|-damage|p2a: Slowpoke|249\/368
|move|p2a: Slowpoke|Amnesia|p2a: Slowpoke
|-boost|p2a: Slowpoke|spd|2
|-boost|p2a: Slowpoke|spa|2
|
|turn|17
|
|move|p1a: Marowak|Earthquake|p2a: Slowpoke
|-damage|p2a: Slowpoke|130\/368
|move|p2a: Slowpoke|Surf|p1a: Marowak
|-supereffective|p1a: Marowak
|-damage|p1a: Marowak|0 fnt
|faint|p1a: Marowak
|
|switch|p1a: Pinsir|Pinsir, L85|284\/284
|turn|18
|
|move|p1a: Pinsir|Body Slam|p2a: Slowpoke
|-crit|p2a: Slowpoke
|-damage|p2a: Slowpoke|0 fnt
|faint|p2a: Slowpoke
|
|switch|p2a: Charmeleon|Charmeleon, L85|272\/272
|turn|19
|
|switch|p1a: Arcanine|Arcanine, L85|327\/327
|move|p2a: Charmeleon|Body Slam|p1a: Arcanine
|-damage|p1a: Arcanine|274\/327
|
|turn|20
|
|move|p1a: Arcanine|Body Slam|p2a: Charmeleon
|-damage|p2a: Charmeleon|183\/272
|-status|p2a: Charmeleon|par
|cant|p2a: Charmeleon|par
|
|turn|21
|
|move|p1a: Arcanine|Body Slam|p2a: Charmeleon
|-damage|p2a: Charmeleon|96\/272 par
|cant|p2a: Charmeleon|par
|
|turn|22
|
|move|p1a: Arcanine|Body Slam|p2a: Charmeleon
|-damage|p2a: Charmeleon|8\/272 par
|move|p2a: Charmeleon|Body Slam|p1a: Arcanine
|-damage|p1a: Arcanine|222\/327
|
|turn|23
|
|move|p1a: Arcanine|Body Slam|p2a: Charmeleon
|-damage|p2a: Charmeleon|0 fnt
|faint|p2a: Charmeleon
|
|switch|p2a: Spearow|Spearow, L96|272\/272
|turn|24
|
|move|p1a: Arcanine|Fire Blast|p2a: Spearow
|-damage|p2a: Spearow|110\/272
|move|p2a: Spearow|Drill Peck|p1a: Arcanine
|-damage|p1a: Arcanine|143\/327
|
|turn|25
|
|move|p1a: Arcanine|Hyper Beam|p2a: Spearow
|-damage|p2a: Spearow|0 fnt
|faint|p2a: Spearow
|
|switch|p2a: Beedrill|Beedrill, L90|300\/300
|turn|26
|
|move|p1a: Arcanine|Fire Blast|p2a: Beedrill
|-supereffective|p2a: Beedrill
|-damage|p2a: Beedrill|0 fnt
|faint|p2a: Beedrill
|
|win|bluecheesebandit
|raw|bluecheesebandit's rating: 1000 &rarr; <strong>1061<\/strong><br \/>(+61 for winning)
|raw|slizzurp's rating: 1203 &rarr; <strong>1165<\/strong><br \/>(-38 for losing)
|leave|slizzurp
|player|p2