|j|Saltypleb69
|j|Hidol
|player|p1|Saltypleb69|290
|player|p2|Hidol|266
|gametype|singles
|gen|1
|tier|[Gen 1] Random Battle
|rated
|seed|35482,52277,25319,57712
|rule|Sleep Clause Mod: Limit one foe put to sleep
|rule|Freeze Clause Mod: Limit one foe frozen
|rule|HP Percentage Mod: HP is shown in percentages
|
|start
|switch|p1a: Rhydon|Rhydon, L79|328\/328
|switch|p2a: Mr. Mime|Mr. Mime, L85|242\/242
|turn|1
|choice|move 2|move 1
|
|move|p2a: Mr. Mime|Psychic|p1a: Rhydon
|-damage|p1a: Rhydon|182\/328
|move|p1a: Rhydon|Earthquake|p2a: Mr. Mime
|-damage|p2a: Mr. Mime|100\/242
|
|turn|2
|choice|move 2|move 1
|
|move|p2a: Mr. Mime|Psychic|p1a: Rhydon
|-crit|p1a: Rhydon
|-damage|p1a: Rhydon|0 fnt
|faint|p1a: Rhydon
|choice|switch 2|
|
|switch|p1a: Ninetales|Ninetales, L85|298\/298
|turn|3
|choice|move 1|switch 6
|
|switch|p2a: Golem|Golem, L79|288\/288
|move|p1a: Ninetales|Fire Blast|p2a: Golem
|-crit|p2a: Golem
|-resisted|p2a: Golem
|-damage|p2a: Golem|102\/288
|-status|p2a: Golem|brn
|
|turn|4
|choice|move 1|switch 5
|
|switch|p2a: Electrode|Electrode, L90|291\/291
|move|p1a: Ninetales|Fire Blast|p2a: Electrode|[miss]
|-miss|p1a: Ninetales
|
|turn|5
|choice|switch 3|move 2
|
|switch|p1a: Vileplume|Vileplume, L90|318\/318
|move|p2a: Electrode|Thunder Wave|p1a: Vileplume
|-status|p1a: Vileplume|par
|
|turn|6
|choice|move 3|switch 3
|
|switch|p2a: Nidorina|Nidorina, L90|309\/309
|cant|p1a: Vileplume|par
|
|turn|7
|choice|move 3|move 2
|
|move|p2a: Nidorina|Blizzard|p1a: Vileplume
|-supereffective|p1a: Vileplume
|-damage|p1a: Vileplume|202\/318 par
|cant|p1a: Vileplume|par
|
|turn|8
|choice|move 3|switch 4
|
|switch|p2a: Starmie|Starmie, L79|257\/257
|cant|p1a: Vileplume|par
|
|turn|9
|choice|move 2|move 2
|
|move|p2a: Starmie|Blizzard|p1a: Vileplume
|-supereffective|p1a: Vileplume
|-damage|p1a: Vileplume|60\/318 par
|move|p1a: Vileplume|Mega Drain|p2a: Starmie
|-supereffective|p2a: Starmie
|-damage|p2a: Starmie|160\/257
|-heal|p1a: Vileplume|108\/318 par|[from] drain|[of] p2a: Starmie
|
|turn|10
|choice|switch 4|move 2
|
|switch|p1a: Golduck|Golduck, L85|310\/310
|move|p2a: Starmie|Blizzard|p1a: Golduck
|-resisted|p1a: Golduck
|-damage|p1a: Golduck|269\/310
|-status|p1a: Golduck|frz
|
|turn|11
|choice|move 1|move 1
|
|move|p2a: Starmie|Recover|p2a: Starmie
|-heal|p2a: Starmie|257\/257
|cant|p1a: Golduck|frz
|
|turn|12
|choice|move 1|move 3
|
|move|p2a: Starmie|Thunderbolt|p1a: Golduck
|-supereffective|p1a: Golduck
|-damage|p1a: Golduck|135\/310 frz
|cant|p1a: Golduck|frz
|
|turn|13
|choice|move 2|move 3
|
|move|p2a: Starmie|Thunderbolt|p1a: Golduck
|-supereffective|p1a: Golduck
|-damage|p1a: Golduck|10\/310 frz
|cant|p1a: Golduck|frz
|
|turn|14
|choice|move 2|move 4
|
|move|p2a: Starmie|Thunder Wave|p1a: Golduck
|-fail|p1a: Golduck
|cant|p1a: Golduck|frz
|
|turn|15
|choice|move 2|move 4
|
|move|p2a: Starmie|Thunder Wave|p1a: Golduck
|-fail|p1a: Golduck
|cant|p1a: Golduck|frz
|
|turn|16
|choice|move 2|move 2
|
|move|p2a: Starmie|Blizzard|p1a: Golduck|[miss]
|-miss|p2a: Starmie
|cant|p1a: Golduck|frz
|
|turn|17
|choice|move 4|switch 3
|
|switch|p2a: Electrode|Electrode, L90|291\/291
|cant|p1a: Golduck|frz
|
|turn|18
|choice|move 3|move 4
|
|move|p2a: Electrode|Reflect|p2a: Electrode
|-start|p2a: Electrode|Reflect
|cant|p1a: Golduck|frz
|
|turn|19
|choice|move 3|move 2
|
|move|p2a: Electrode|Thunder Wave|p1a: Golduck
|-fail|p1a: Golduck
|cant|p1a: Golduck|frz
|
|turn|20
|choice|switch 4|move 4
|
|switch|p1a: Vileplume|Vileplume, L90|108\/318 par
|move|p2a: Electrode|Reflect|p2a: Electrode
|-fail|p2a: Electrode
|
|turn|21
|choice|move 3|switch 5
|
|switch|p2a: Golem|Golem, L79|102\/288 brn
|-damage|p2a: Golem|84\/288 brn|[from] brn
|move|p1a: Vileplume|Sleep Powder|p2a: Golem|[miss]
|-miss|p1a: Vileplume
|
|turn|22
|choice|move 2|move 1
|
|move|p2a: Golem|Earthquake|p1a: Vileplume
|-damage|p1a: Vileplume|61\/318 par
|-damage|p2a: Golem|66\/288 brn|[from] brn|[of] p1a: Vileplume
|move|p1a: Vileplume|Mega Drain|p2a: Golem
|-supereffective|p2a: Golem
|-damage|p2a: Golem|0 fnt
|-heal|p1a: Vileplume|94\/318 par|[from] drain|[of] p2a: Golem
|faint|p2a: Golem
|choice||switch 3
|
|switch|p2a: Starmie|Starmie, L79|257\/257
|turn|23
|choice|switch 4|move 2
|
|switch|p1a: Golduck|Golduck, L85|10\/310 frz
|move|p2a: Starmie|Blizzard|p1a: Golduck
|-resisted|p1a: Golduck
|-damage|p1a: Golduck|0 fnt
|faint|p1a: Golduck
|choice|switch 6|
|
|switch|p1a: Snorlax|Snorlax, L79|415\/415
|turn|24
|choice|move 3|switch 6
|
|switch|p2a: Mr. Mime|Mr. Mime, L85|100\/242
|move|p1a: Snorlax|Hyper Beam|p2a: Mr. Mime
|-damage|p2a: Mr. Mime|0 fnt
|faint|p2a: Mr. Mime
|choice||switch 2
|
|switch|p2a: Hitmonlee|Hitmonlee, L90|273\/273
|turn|25
|choice|switch 4|move 4
|
|switch|p1a: Vileplume|Vileplume, L90|94\/318 par
|move|p2a: Hitmonlee|Seismic Toss|p1a: Vileplume
|-damage|p1a: Vileplume|4\/318 par
|
|turn|26
|choice|move 3|move 2
|
|move|p2a: Hitmonlee|Body Slam|p1a: Vileplume
|-crit|p1a: Vileplume
|-damage|p1a: Vileplume|0 fnt
|faint|p1a: Vileplume
|choice|switch 3|
|
|switch|p1a: Ninetales|Ninetales, L85|298\/298
|turn|27
|choice|move 1|move 2
|
|move|p1a: Ninetales|Fire Blast|p2a: Hitmonlee
|-damage|p2a: Hitmonlee|76\/273
|move|p2a: Hitmonlee|Body Slam|p1a: Ninetales
|-crit|p1a: Ninetales
|-damage|p1a: Ninetales|121\/298
|
|turn|28
|choice|move 3|switch 6
|
|switch|p2a: Starmie|Starmie, L79|257\/257
|move|p1a: Ninetales|Hyper Beam|p2a: Starmie
|-crit|p2a: Starmie
|-damage|p2a: Starmie|70\/257
|
|turn|29
|-mustrecharge|p1a: Ninetales
|-mustrecharge|p1a: Ninetales
|choice|move 1|move 2
|
|move|p2a: Starmie|Blizzard|p1a: Ninetales
|-crit|p1a: Ninetales
|-damage|p1a: Ninetales|0 fnt
|faint|p1a: Ninetales
|choice|switch 4|
|
|switch|p1a: Snorlax|Snorlax, L79|415\/415
|turn|30
|choice|move 3|move 2
|
|move|p2a: Starmie|Blizzard|p1a: Snorlax
|-damage|p1a: Snorlax|325\/415
|move|p1a: Snorlax|Hyper Beam|p2a: Starmie|[miss]
|-miss|p1a: Snorlax
|
|turn|31
|choice|move 3|move 4
|
|move|p2a: Starmie|Thunder Wave|p1a: Snorlax
|-status|p1a: Snorlax|par
|move|p1a: Snorlax|Hyper Beam|p2a: Starmie
|-damage|p2a: Starmie|0 fnt
|faint|p2a: Starmie
|choice||switch 5
|
|switch|p2a: Electrode|Electrode, L90|291\/291
|turn|32
|choice|move 3|move 1
|
|move|p2a: Electrode|Explosion|p1a: Snorlax
|-damage|p1a: Snorlax|106\/415 par
|faint|p2a: Electrode
|choice||switch 6
|
|switch|p2a: Hitmonlee|Hitmonlee, L90|76\/273
|turn|33
|choice|move 3|move 4
|
|move|p2a: Hitmonlee|Seismic Toss|p1a: Snorlax
|-damage|p1a: Snorlax|16\/415 par
|move|p1a: Snorlax|Hyper Beam|p2a: Hitmonlee
|-damage|p2a: Hitmonlee|0 fnt
|faint|p2a: Hitmonlee
|choice||switch 4
|
|switch|p2a: Nidorina|Nidorina, L90|309\/309
|turn|34
|choice|move 3|move 1
|
|move|p2a: Nidorina|Body Slam|p1a: Snorlax
|-damage|p1a: Snorlax|0 fnt
|faint|p1a: Snorlax
|choice|switch 5|
|
|switch|p1a: Tauros|Tauros, L79|280\/280
|turn|35
|-message|Hidol forfeited.
|
|win|Saltypleb69
|player|p1
|player|p2
|l|Hidol
|raw|Saltypleb69's rating: 1040 &rarr; <strong>1079<\/strong><br \/>(+39 for winning)
|raw|Hidol's rating: 1091 &rarr; <strong>1064<\/strong><br \/>(-27 for losing)