|j|King UU
|j|Hargnyque
|player|p1|King UU|#kinguu
|player|p2|Hargnyque|26
|gametype|singles
|gen|1
|tier|[Gen 1] OU
|seed|61044,12269,42864,40783
|rule|Sleep Clause Mod: Limit one foe put to sleep
|rule|Freeze Clause Mod: Limit one foe frozen
|rule|Species Clause: Limit one of each Pokémon
|rule|OHKO Clause: OHKO moves are banned
|rule|Evasion Moves Clause: Evasion moves are banned
|rule|HP Percentage Mod: HP is shown in percentages
|
|start
|switch|p1a: Gengar|Gengar|323\/323
|switch|p2a: Jynx|Jynx|333\/333
|turn|1
Hargnyque made this room hidden.
|choice|move 1|move 2
|
|move|p1a: Gengar|Hypnosis|p2a: Jynx
|-status|p2a: Jynx|slp
|cant|p2a: Jynx|slp
|
|turn|2
|choice|move 3|switch 2
|
|switch|p2a: Chansey|Chansey|703\/703
|move|p1a: Gengar|Thunderbolt|p2a: Chansey
|-crit|p2a: Chansey
|-damage|p2a: Chansey|521\/703
|
|turn|3
|choice|move 2|move 2
|
|move|p1a: Gengar|Explosion|p2a: Chansey
|-crit|p2a: Chansey
|-damage|p2a: Chansey|0 fnt
|faint|p2a: Chansey
|faint|p1a: Gengar
|choice|switch 5|switch 4
|
|switch|p1a: Golem|Golem|363\/363
|switch|p2a: Slowbro|Slowbro|393\/393
|turn|4
|choice|move 4|move 1
|
|move|p1a: Golem|Explosion|p2a: Slowbro
|-damage|p2a: Slowbro|121\/393
|faint|p1a: Golem
|choice|switch 3|
|
|switch|p1a: Starmie|Starmie|323\/323
|turn|5
|c|★Hargnyque|too many explosions
|choice|move 2|switch 5
|
|switch|p2a: Exeggutor|Exeggutor|393\/393
|move|p1a: Starmie|Thunderbolt|p2a: Exeggutor
|-resisted|p2a: Exeggutor
|-damage|p2a: Exeggutor|362\/393
|
|turn|6
|choice|move 1|move 2
|
|move|p1a: Starmie|Blizzard|p2a: Exeggutor|[miss]
|-miss|p1a: Starmie
|move|p2a: Exeggutor|Stun Spore|p1a: Starmie|[miss]
|-miss|p2a: Exeggutor
|
|turn|7
|choice|move 1|move 2
|
|move|p1a: Starmie|Blizzard|p2a: Exeggutor
|-supereffective|p2a: Exeggutor
|-damage|p2a: Exeggutor|206\/393
|move|p2a: Exeggutor|Stun Spore|p1a: Starmie
|-status|p1a: Starmie|par
|
|turn|8
|choice|move 1|move 3
|
|move|p2a: Exeggutor|Explosion|p1a: Starmie
|-damage|p1a: Starmie|56\/323 par
|faint|p2a: Exeggutor
|choice||switch 6
|
|switch|p2a: Tauros|Tauros|353\/353
|turn|9
|choice|move 4|move 2
|
|move|p2a: Tauros|Body Slam|p1a: Starmie
|-damage|p1a: Starmie|0 fnt
|faint|p1a: Starmie
|choice|switch 2|
|
|switch|p1a: Chansey|Chansey|703\/703
|turn|10
|choice|move 4|switch 2
|
|switch|p2a: Jynx|Jynx|333\/333 slp
|move|p1a: Chansey|Counter|p2a: Jynx
|-damage|p2a: Jynx|221\/333 slp
|
|turn|11
|choice|switch 4|move 2
|
|switch|p1a: Jolteon|Jolteon|333\/333
|cant|p2a: Jynx|slp
|
|turn|12
|choice|move 1|switch 3
|
|switch|p2a: Golem|Golem|363\/363
|move|p1a: Jolteon|Thunderbolt|p2a: Golem
|-immune|p2a: Golem|[msg]
|
|turn|13
|choice|switch 6|move 1
|
|switch|p1a: Exeggutor|Exeggutor|393\/393
|move|p2a: Golem|Earthquake|p1a: Exeggutor
|-resisted|p1a: Exeggutor
|-damage|p1a: Exeggutor|328\/393
|
|turn|14
|choice|move 4|switch 3
|
|switch|p2a: Jynx|Jynx|221\/333 slp
|move|p1a: Exeggutor|Mega Drain|p2a: Jynx
|-damage|p2a: Jynx|168\/333 slp
|-heal|p1a: Exeggutor|354\/393|[from] drain|[of] p2a: Jynx
|
|turn|15
|choice|move 1|move 1
|
|cant|p2a: Jynx|slp
|move|p1a: Exeggutor|Sleep Powder|p2a: Jynx|[miss]
|-miss|p1a: Exeggutor
|
|turn|16
|choice|move 1|switch 2
|
|switch|p2a: Tauros|Tauros|353\/353
|move|p1a: Exeggutor|Sleep Powder|p2a: Tauros
|-message|Sleep Clause Mod activated.
|
|turn|17
|choice|move 2|move 2
|
|move|p2a: Tauros|Body Slam|p1a: Exeggutor
|-damage|p1a: Exeggutor|248\/393
|-status|p1a: Exeggutor|par
|move|p1a: Exeggutor|Psychic|p2a: Tauros
|-damage|p2a: Tauros|195\/353
|
|turn|18
|choice|switch 6|switch 3
|
|switch|p2a: Golem|Golem|363\/363
|switch|p1a: Jolteon|Jolteon|333\/333
|
|turn|19
|choice|switch 6|move 4
|
|switch|p1a: Exeggutor|Exeggutor|248\/393 par
|move|p2a: Golem|Body Slam|p1a: Exeggutor
|-damage|p1a: Exeggutor|171\/393 par
|
|turn|20
|choice|move 4|switch 2
|
|switch|p2a: Jynx|Jynx|168\/333 slp
|move|p1a: Exeggutor|Mega Drain|p2a: Jynx
|-damage|p2a: Jynx|112\/333 slp
|-heal|p1a: Exeggutor|199\/393 par|[from] drain|[of] p2a: Jynx
|
|turn|21
|choice|switch 6|move 1
|
|switch|p1a: Jolteon|Jolteon|333\/333
|cant|p2a: Jynx|slp
|
|turn|22
|choice|move 4|move 1
|
|move|p1a: Jolteon|Double Kick|p2a: Jynx
|-damage|p2a: Jynx|81\/333 slp
|-damage|p2a: Jynx|50\/333 slp
|-hitcount|p2a: Jynx|2
|-curestatus|p2a: Jynx|slp
|
|turn|23
|choice|move 4|switch 2
|
|switch|p2a: Golem|Golem|363\/363
|move|p1a: Jolteon|Double Kick|p2a: Golem
|-supereffective|p2a: Golem
|-damage|p2a: Golem|333\/363
|-damage|p2a: Golem|303\/363
|-hitcount|p2a: Golem|2
|
|turn|24
|choice|switch 6|switch 2
|
|switch|p1a: Exeggutor|Exeggutor|199\/393 par
|switch|p2a: Jynx|Jynx|50\/333
|
|turn|25
|choice|move 1|move 3
|
|move|p2a: Jynx|Rest|p2a: Jynx
|-status|p2a: Jynx|slp
|-heal|p2a: Jynx|333\/333 slp|[silent]
|-status|p2a: Jynx|slp|[from] move: Rest
|move|p1a: Exeggutor|Sleep Powder|p2a: Jynx
|-fail|p2a: Jynx|slp
|
|turn|26
|choice|move 4|move 1
|
|cant|p2a: Jynx|slp
|cant|p1a: Exeggutor|par
|
|turn|27
|choice|move 1|switch 5
|
|switch|p2a: Slowbro|Slowbro|121\/393
|move|p1a: Exeggutor|Sleep Powder|p2a: Slowbro
|-status|p2a: Slowbro|slp
|
|turn|28
|choice|move 4|switch 5
|
|switch|p2a: Jynx|Jynx|333\/333 slp
|move|p1a: Exeggutor|Mega Drain|p2a: Jynx|[miss]
|-miss|p1a: Exeggutor
|
|turn|29
|choice|move 3|move 1
|
|-curestatus|p2a: Jynx|slp
|cant|p1a: Exeggutor|par
|
|turn|30
|choice|move 3|move 1
|
|move|p2a: Jynx|Ice Beam|p1a: Exeggutor
|-supereffective|p1a: Exeggutor
|-damage|p1a: Exeggutor|13\/393 par
|move|p1a: Exeggutor|Explosion|p2a: Jynx
|-damage|p2a: Jynx|0 fnt
|faint|p2a: Jynx
|faint|p1a: Exeggutor
|choice|switch 4|switch 3
|
|switch|p2a: Tauros|Tauros|195\/353
|switch|p1a: Chansey|Chansey|703\/703
|turn|31
|choice|move 4|move 3
|
|move|p2a: Tauros|Earthquake|p1a: Chansey
|-damage|p1a: Chansey|504\/703
|move|p1a: Chansey|Counter|p2a: Tauros
|-fail|p1a: Chansey
|
|turn|32
|choice|move 3|move 3
|
|move|p2a: Tauros|Earthquake|p1a: Chansey
|-crit|p1a: Chansey
|-damage|p1a: Chansey|114\/703
|move|p1a: Chansey|Thunder Wave|p2a: Tauros
|-status|p2a: Tauros|par
|
|turn|33
|choice|move 2|move 4
|
|move|p1a: Chansey|Soft-Boiled|p1a: Chansey
|-heal|p1a: Chansey|465\/703
|move|p2a: Tauros|Hyper Beam|p1a: Chansey
|-damage|p1a: Chansey|0 fnt
|faint|p1a: Chansey
|choice|switch 6|
|
|switch|p1a: Jolteon|Jolteon|333\/333
|turn|34
|choice|move 4|move 3
|
|move|p1a: Jolteon|Double Kick|p2a: Tauros
|-supereffective|p2a: Tauros
|-damage|p2a: Tauros|158\/353 par
|-damage|p2a: Tauros|121\/353 par
|-hitcount|p2a: Tauros|2
|move|p2a: Tauros|Earthquake|p1a: Jolteon
|-supereffective|p1a: Jolteon
|-damage|p1a: Jolteon|110\/333
|
|turn|35
|choice|move 4|move 3
|
|move|p1a: Jolteon|Double Kick|p2a: Tauros
|-supereffective|p2a: Tauros
|-damage|p2a: Tauros|85\/353 par
|-damage|p2a: Tauros|49\/353 par
|-hitcount|p2a: Tauros|2
|move|p2a: Tauros|Earthquake|p1a: Jolteon
|-supereffective|p1a: Jolteon
|-damage|p1a: Jolteon|0 fnt
|faint|p1a: Jolteon
|
|win|Hargnyque
|c|★King UU|gg, next one
|l|King UU
|player|p1
|c|★Hargnyque|Was the hax a problem ?