|j|trickster is a fag
|j|beMypokeBitch
|player|p1|trickster is a fag|101
|player|p2|beMypokeBitch|25
|gametype|singles
|gen|1
|tier|[Gen 1] Random Battle
|rated
|seed|61332,39184,26313,19066
|rule|Sleep Clause Mod: Limit one foe put to sleep
|rule|Freeze Clause Mod: Limit one foe frozen
|rule|HP Percentage Mod: HP is shown in percentages
|
|start
|switch|p1a: Omastar|Omastar, L90|309\/309
|switch|p2a: Grimer|Grimer, L96|348\/348
|turn|1
|choice|move 3|move 2
|
|move|p1a: Omastar|Hydro Pump|p2a: Grimer
|-damage|p2a: Grimer|119\/348
|move|p2a: Grimer|Mega Drain|p1a: Omastar
|-supereffective|p1a: Omastar
|-damage|p1a: Omastar|230\/309
|-heal|p2a: Grimer|158\/348|[from] drain|[of] p1a: Omastar
|
|turn|2
|choice|move 3|move 2
|
|move|p1a: Omastar|Hydro Pump|p2a: Grimer|[miss]
|-miss|p1a: Omastar
|move|p2a: Grimer|Mega Drain|p1a: Omastar
|-supereffective|p1a: Omastar
|-damage|p1a: Omastar|158\/309
|-heal|p2a: Grimer|194\/348|[from] drain|[of] p1a: Omastar
|
|turn|3
|choice|move 3|move 2
|
|move|p1a: Omastar|Hydro Pump|p2a: Grimer|[miss]
|-miss|p1a: Omastar
|move|p2a: Grimer|Mega Drain|p1a: Omastar
|-supereffective|p1a: Omastar
|-damage|p1a: Omastar|84\/309
|-heal|p2a: Grimer|231\/348|[from] drain|[of] p1a: Omastar
|
|turn|4
|c|★trickster is a fag|...
|choice|move 3|move 2
|
|move|p1a: Omastar|Hydro Pump|p2a: Grimer
|-damage|p2a: Grimer|24\/348
|move|p2a: Grimer|Mega Drain|p1a: Omastar
|-supereffective|p1a: Omastar
|-damage|p1a: Omastar|12\/309
|-heal|p2a: Grimer|60\/348|[from] drain|[of] p1a: Omastar
|
|turn|5
|choice|move 2|move 2
|
|move|p1a: Omastar|Seismic Toss|p2a: Grimer
|-damage|p2a: Grimer|0 fnt
|faint|p2a: Grimer
|choice||switch 4
|
|switch|p2a: Pinsir|Pinsir, L85|284\/284
|turn|6
|choice|switch 5|move 1
|
|switch|p1a: Muk|Muk, L90|372\/372
|move|p2a: Pinsir|Body Slam|p1a: Muk
|-damage|p1a: Muk|293\/372
|
|turn|7
|choice|move 4|switch 3
|
|switch|p2a: Mr. Mime|Mr. Mime, L85|242\/242
|move|p1a: Muk|Sludge|p2a: Mr. Mime
|-damage|p2a: Mr. Mime|133\/242
|
|turn|8
|choice|switch 6|move 4
|
|switch|p1a: Mew|Mew, L74|300\/300
|move|p2a: Mr. Mime|Psychic|p1a: Mew
|-crit|p1a: Mew
|-resisted|p1a: Mew
|-damage|p1a: Mew|192\/300
|-unboost|p1a: Mew|spd|1
|-unboost|p1a: Mew|spa|1
|
|turn|9
|choice|move 1|move 1
|
|move|p2a: Mr. Mime|Thunderbolt|p1a: Mew
|-damage|p1a: Mew|76\/300
|move|p1a: Mew|Earthquake|p2a: Mr. Mime
|-damage|p2a: Mr. Mime|67\/242
|
|turn|10
|choice|move 1|move 1
|
|move|p2a: Mr. Mime|Thunderbolt|p1a: Mew
|-crit|p1a: Mew
|-damage|p1a: Mew|0 fnt
|faint|p1a: Mew
|choice|switch 4|
|
|switch|p1a: Arcanine|Arcanine, L85|327\/327
|turn|11
|choice|move 4|switch 2
|
|switch|p2a: Graveler|Graveler, L85|267\/267
|move|p1a: Arcanine|Fire Blast|p2a: Graveler
|-resisted|p2a: Graveler
|-damage|p2a: Graveler|179\/267
|
|turn|12
|choice|move 1|move 3
|
|move|p1a: Arcanine|Reflect|p1a: Arcanine
|-start|p1a: Arcanine|Reflect
|move|p2a: Graveler|Earthquake|p1a: Arcanine
|-supereffective|p1a: Arcanine
|-damage|p1a: Arcanine|206\/327
|
|turn|13
|choice|move 4|move 1
|
|move|p1a: Arcanine|Fire Blast|p2a: Graveler
|-resisted|p2a: Graveler
|-damage|p2a: Graveler|102\/267
|move|p2a: Graveler|Explosion|p1a: Arcanine
|-damage|p1a: Arcanine|83\/327
|faint|p2a: Graveler
|c|★trickster is a fag|i cant catch a break
|choice||switch 6
|
|switch|p2a: Raticate|Raticate, L85|267\/267
|turn|14
|choice|move 4|move 2
|
|move|p2a: Raticate|Hyper Beam|p1a: Arcanine
|-damage|p1a: Arcanine|7\/327
|move|p1a: Arcanine|Fire Blast|p2a: Raticate
|-crit|p2a: Raticate
|-damage|p2a: Raticate|0 fnt
|faint|p2a: Raticate
|choice||switch 5
|
|switch|p2a: Snorlax|Snorlax, L79|415\/415
|turn|15
|c|★trickster is a fag|my only hope is you continuing to do stupid shit
|choice|switch 2|move 3
|
|switch|p1a: Golem|Golem, L79|288\/288
|move|p2a: Snorlax|Thunderbolt|p1a: Golem
|-immune|p1a: Golem|[msg]
|
|turn|16
|choice|move 3|switch 3
|
|switch|p2a: Pinsir|Pinsir, L85|284\/284
|move|p1a: Golem|Earthquake|p2a: Pinsir
|-resisted|p2a: Pinsir
|-damage|p2a: Pinsir|242\/284
|
|turn|17
|choice|move 4|move 2
|
|move|p2a: Pinsir|Submission|p1a: Golem
|-crit|p1a: Golem
|-supereffective|p1a: Golem
|-damage|p1a: Golem|67\/288
|-damage|p2a: Pinsir|187\/284|[from] recoil|[of] p1a: Golem
|move|p1a: Golem|Explosion|p2a: Pinsir
|-damage|p2a: Pinsir|0 fnt
|faint|p2a: Pinsir
|faint|p1a: Golem
|choice|switch 5|switch 2
|
|switch|p2a: Mr. Mime|Mr. Mime, L85|67\/242
|switch|p1a: Omastar|Omastar, L90|12\/309
|turn|18
|choice|move 2|move 4
|
|move|p2a: Mr. Mime|Psychic|p1a: Omastar
|-damage|p1a: Omastar|0 fnt
|faint|p1a: Omastar
|choice|switch 2|
|
|switch|p1a: Arcanine|Arcanine, L85|7\/327
|turn|19
|choice|move 2|switch 3
|
|switch|p2a: Snorlax|Snorlax, L79|415\/415
|move|p1a: Arcanine|Body Slam|p2a: Snorlax
|-damage|p2a: Snorlax|336\/415
|
|turn|20
|choice|move 4|switch 3
|
|switch|p2a: Mr. Mime|Mr. Mime, L85|67\/242
|move|p1a: Arcanine|Fire Blast|p2a: Mr. Mime
|-damage|p2a: Mr. Mime|0 fnt
|faint|p2a: Mr. Mime
|-message|beMypokeBitch forfeited.
|
|win|trickster is a fag
|player|p1
|player|p2
|l|beMypokeBitch
|raw|trickster is a fag's rating: 1428 &rarr; <strong>1454<\/strong><br \/>(+26 for winning)
|raw|beMypokeBitch's rating: 1543 &rarr; <strong>1517<\/strong><br \/>(-26 for losing)