|join|kid gf lol
|join|MichaelCarrick
|player|p1|kid gf lol|167
|player|p2|MichaelCarrick|153
|gametype|singles
|gen|1
|tier|[Gen 1] OU (beta)
|rated
|rule|Sleep Clause Mod: Limit one foe put to sleep
|rule|Species Clause: Limit one of each Pokemon
|rule|OHKO Clause: OHKO moves are banned
|rule|Moody Clause: Moody is banned
|rule|Evasion Moves Clause: Evasion moves are banned
|rule|Endless Battle Clause: Forcing endless battles is banned.
|rule|HP Percentage Mod: HP is reported as percentages
|
|start
|switch|p1a: Im Fast SPEC|Alakazam|313\/313
|switch|p2a: Jynx|Jynx|333\/333
|turn|1
|
|switch|p1a: Special Wall|Chansey|703\/703
|move|p2a: Jynx|Lovely Kiss|p1a: Special Wall
|-status|p1a: Special Wall|slp
|
|turn|2
|
|switch|p1a: AnnoyingIfGood|Snorlax|523\/523
|move|p2a: Jynx|Reflect|p2a: Jynx
|
|turn|3
|
|move|p2a: Jynx|Psychic|p1a: AnnoyingIfGood
|-damage|p1a: AnnoyingIfGood|390\/523
|-unboost|p1a: AnnoyingIfGood|spd|1
|-unboost|p1a: AnnoyingIfGood|spa|1
|move|p1a: AnnoyingIfGood|Earthquake|p2a: Jynx
|-damage|p2a: Jynx|260\/333
|
|turn|4
|
|move|p2a: Jynx|Psychic|p1a: AnnoyingIfGood
|-damage|p1a: AnnoyingIfGood|191\/523
|move|p1a: AnnoyingIfGood|Earthquake|p2a: Jynx
|-damage|p2a: Jynx|181\/333
|
|turn|5
|
|move|p2a: Jynx|Psychic|p1a: AnnoyingIfGood
|-damage|p1a: AnnoyingIfGood|0 fnt
|faint|p1a: AnnoyingIfGood
|
|
|switch|p1a: GRR Strong|Tauros|353\/353
|turn|6
|
|move|p1a: GRR Strong|Body Slam|p2a: Jynx
|-damage|p2a: Jynx|92\/333
|-status|p2a: Jynx|par
|move|p2a: Jynx|Psychic|p1a: GRR Strong
|-damage|p1a: GRR Strong|234\/353
|
|turn|7
|
|move|p1a: GRR Strong|Body Slam|p2a: Jynx
|-damage|p2a: Jynx|0 fnt
|faint|p2a: Jynx
|
|
|switch|p2a: Snorlax|Snorlax|523\/523
|turn|8
|
|switch|p1a: Multi Purpose Guy|Exeggutor|393\/393
|move|p2a: Snorlax|Body Slam|p1a: Multi Purpose Guy
|-damage|p1a: Multi Purpose Guy|275\/393
|-status|p1a: Multi Purpose Guy|par
|
|turn|9
|
|move|p2a: Snorlax|Self-Destruct|p1a: Multi Purpose Guy
|-damage|p1a: Multi Purpose Guy|0 fnt
|faint|p1a: Multi Purpose Guy
|faint|p2a: Snorlax
|
|switch|p2a: Alakazam|Alakazam|313\/313
|switch|p1a: Special Wall|Chansey|703\/703 slp
|turn|10
|
|switch|p2a: Tauros|Tauros|353\/353
|cant|p1a: Special Wall|slp
|
|turn|11
|
|switch|p1a: Im Fast SPEC|Alakazam|313\/313
|move|p2a: Tauros|Body Slam|p1a: Im Fast SPEC
|-crit|p1a: Im Fast SPEC
|-damage|p1a: Im Fast SPEC|3\/313
|-status|p1a: Im Fast SPEC|par
|
|turn|12
|chat|kid gf lol|omg
|chat|MichaelCarrick|nice
|
|move|p2a: Tauros|Body Slam|p1a: Im Fast SPEC
|-damage|p1a: Im Fast SPEC|0 fnt
|faint|p1a: Im Fast SPEC
|
|
|switch|p1a: GRR Strong|Tauros|234\/353
|turn|13
|
|move|p2a: Tauros|Body Slam|p1a: GRR Strong
|-damage|p1a: GRR Strong|136\/353
|move|p1a: GRR Strong|Body Slam|p2a: Tauros
|-damage|p2a: Tauros|250\/353
|
|turn|14
|
|move|p2a: Tauros|Hyper Beam|p1a: GRR Strong
|-damage|p1a: GRR Strong|0 fnt
|faint|p1a: GRR Strong
|
|
|switch|p1a: TNT|Golem|363\/363
|turn|15
|
|move|p2a: Tauros|Blizzard|p1a: TNT
|-supereffective|p1a: TNT
|-damage|p1a: TNT|155\/363
|move|p1a: TNT|Explosion|p2a: Tauros
|-crit|p2a: Tauros
|-damage|p2a: Tauros|0 fnt
|faint|p2a: Tauros
|faint|p1a: TNT
|
|switch|p2a: Exeggutor|Exeggutor|393\/393
|switch|p1a: Special Wall|Chansey|703\/703 slp
|turn|16
|
|move|p2a: Exeggutor|Explosion|p1a: Special Wall
|-damage|p1a: Special Wall|24\/703 slp
|faint|p2a: Exeggutor
|
|switch|p2a: Alakazam|Alakazam|313\/313
|turn|17
|chat|kid gf lol|gg
|
|move|p2a: Alakazam|Psychic|p1a: Special Wall
|-damage|p1a: Special Wall|0 fnt
|faint|p1a: Special Wall
|
|win|MichaelCarrick
|raw|Ladder updating...
|chat|MichaelCarrick|gg
|raw|kid gf lol's rating: 1272 &rarr; <strong>1247<\/strong><br \/>(-25 for losing)
|raw|MichaelCarrick's rating: 1271 &rarr; <strong>1296<\/strong><br \/>(+25 for winning)