|j|Anon Domini
|j|moosaidmycow
|player|p1|Anon Domini|238
|player|p2|moosaidmycow|184
|gametype|singles
|gen|1
|tier|[Gen 1] Random Battle
|rated
|seed|
|rule|Sleep Clause Mod: Limit one foe put to sleep
|rule|Freeze Clause Mod: Limit one foe frozen
|rule|HP Percentage Mod: HP is shown in percentages
|
|start
|switch|p1a: Omanyte|Omanyte, L96|100\/100
|switch|p2a: Weedle|Weedle, L99|100\/100
|turn|1
|j|PattyKane
|c| PattyKane|go go moo
|choice||
|
|switch|p2a: Mewtwo|Mewtwo, L70|100\/100
|move|p1a: Omanyte|Hydro Pump|p2a: Mewtwo
|-damage|p2a: Mewtwo|60\/100
|
|turn|2
|choice||
|
|switch|p1a: Mew|Mew, L74|100\/100
|move|p2a: Mewtwo|Recover|p2a: Mewtwo
|-heal|p2a: Mewtwo|100\/100
|
|turn|3
|choice||
|
|switch|p2a: Weedle|Weedle, L99|100\/100
|move|p1a: Mew|Blizzard|p2a: Weedle
|-damage|p2a: Weedle|63\/100
|
|turn|4
|choice||
|
|move|p1a: Mew|Psychic|p2a: Weedle
|-crit|p2a: Weedle
|-supereffective|p2a: Weedle
|-damage|p2a: Weedle|0 fnt
|faint|p2a: Weedle
|choice||
|
|switch|p2a: Mewtwo|Mewtwo, L70|100\/100
|turn|5
|choice||
|
|move|p2a: Mewtwo|Body Slam|p1a: Mew
|-damage|p1a: Mew|85\/100
|move|p1a: Mew|Blizzard|p2a: Mewtwo
|-crit|p2a: Mewtwo
|-damage|p2a: Mewtwo|67\/100
|
|turn|6
|choice||
|
|move|p2a: Mewtwo|Thunderbolt|p1a: Mew
|-damage|p1a: Mew|61\/100
|move|p1a: Mew|Blizzard|p2a: Mewtwo
|-damage|p2a: Mewtwo|50\/100
|
|turn|7
|choice||
|
|move|p2a: Mewtwo|Recover|p2a: Mewtwo
|-heal|p2a: Mewtwo|99\/100
|move|p1a: Mew|Blizzard|p2a: Mewtwo
|-damage|p2a: Mewtwo|81\/100
|
|turn|8
|choice||
|
|move|p2a: Mewtwo|Thunderbolt|p1a: Mew
|-damage|p1a: Mew|38\/100
|move|p1a: Mew|Blizzard|p2a: Mewtwo
|-damage|p2a: Mewtwo|64\/100
|
|turn|9
|c|★moosaidmycow|dont try to freeze for a win
|choice||
|
|move|p2a: Mewtwo|Thunderbolt|p1a: Mew
|-damage|p1a: Mew|16\/100
|-status|p1a: Mew|par
|move|p1a: Mew|Explosion|p2a: Mewtwo
|-damage|p2a: Mewtwo|0 fnt
|faint|p2a: Mewtwo
|faint|p1a: Mew
|l|PattyKane
|c|★moosaidmycow|lol base on that luck eh
|choice||
|
|switch|p2a: Alakazam|Alakazam, L79|100\/100
|switch|p1a: Magmar|Magmar, L90|100\/100
|turn|10
|choice||
|
|move|p2a: Alakazam|Reflect|p2a: Alakazam
|-start|p2a: Alakazam|Reflect
|move|p1a: Magmar|Confuse Ray|p2a: Alakazam
|-start|p2a: Alakazam|confusion
|
|turn|11
|c|★moosaidmycow|c'mon malsani
|c|★moosaidmycow|i know ur not like that
|choice||
|
|-activate|p2a: Alakazam|confusion
|move|p2a: Alakazam|Thunder Wave|p1a: Magmar
|-status|p1a: Magmar|par
|cant|p1a: Magmar|par
|
|turn|12
|choice||
|
|-activate|p2a: Alakazam|confusion
|move|p2a: Alakazam|Psychic|p1a: Magmar
|-damage|p1a: Magmar|66\/100 par
|move|p1a: Magmar|Fire Blast|p2a: Alakazam
|-crit|p2a: Alakazam
|-damage|p2a: Alakazam|13\/100
|
|turn|13
|choice||
|
|-activate|p2a: Alakazam|confusion
|-damage|p2a: Alakazam|1\/100|[from] confusion
|move|p1a: Magmar|Body Slam|p2a: Alakazam
|-damage|p2a: Alakazam|0 fnt
|faint|p2a: Alakazam
|choice||
|
|switch|p2a: Golem|Golem, L79|100\/100
|turn|14
|choice||
|
|switch|p1a: Farfetch'd|Farfetch'd, L99|100\/100
|move|p2a: Golem|Rock Slide|p1a: Farfetch'd
|-crit|p1a: Farfetch'd
|-supereffective|p1a: Farfetch'd
|-damage|p1a: Farfetch'd|0 fnt
|faint|p1a: Farfetch'd
|c|★moosaidmycow|too easy to predict..
|c|★moosaidmycow|too bad u r lucky
|choice||
|
|switch|p1a: Omanyte|Omanyte, L96|100\/100
|turn|15
|c|★moosaidmycow|damn. surf
|choice||
|
|switch|p2a: Cloyster|Cloyster, L83|100\/100
|move|p1a: Omanyte|Hydro Pump|p2a: Cloyster
|-resisted|p2a: Cloyster
|-damage|p2a: Cloyster|70\/100
|
|turn|16
|choice||
|
|switch|p1a: Lickitung|Lickitung, L90|100\/100
|move|p2a: Cloyster|Blizzard|p1a: Lickitung
|-damage|p1a: Lickitung|61\/100
|
|turn|17
|choice||
|
|move|p2a: Cloyster|Blizzard|p1a: Lickitung
|-damage|p1a: Lickitung|23\/100
|move|p1a: Lickitung|Body Slam|p2a: Cloyster
|-damage|p2a: Cloyster|52\/100
|
|turn|18
|choice||
|
|move|p2a: Cloyster|Surf|p1a: Lickitung
|-damage|p1a: Lickitung|0 fnt
|faint|p1a: Lickitung
|choice||
|
|switch|p1a: Omanyte|Omanyte, L96|100\/100
|turn|19
|choice||
|
|move|p2a: Cloyster|Surf|p1a: Omanyte
|-damage|p1a: Omanyte|73\/100
|move|p1a: Omanyte|Seismic Toss|p2a: Cloyster
|-damage|p2a: Cloyster|14\/100
|
|turn|20
|choice||
|
|move|p2a: Cloyster|Blizzard|p1a: Omanyte
|-resisted|p1a: Omanyte
|-damage|p1a: Omanyte|52\/100
|move|p1a: Omanyte|Seismic Toss|p2a: Cloyster
|-damage|p2a: Cloyster|0 fnt
|faint|p2a: Cloyster
|choice||
|
|switch|p2a: Dragonite|Dragonite, L85|100\/100
|turn|21
|choice||
|
|move|p2a: Dragonite|Thunderbolt|p1a: Omanyte
|-supereffective|p1a: Omanyte
|-damage|p1a: Omanyte|8\/100
|move|p1a: Omanyte|Blizzard|p2a: Dragonite
|-crit|p2a: Dragonite
|-supereffective|p2a: Dragonite
|-damage|p2a: Dragonite|0 fnt
|faint|p2a: Dragonite
|c|★moosaidmycow|haha lucky like always man
|choice||
|
|switch|p2a: Golem|Golem, L79|100\/100
|turn|22
|c|★moosaidmycow|be proud
|choice||
|
|move|p1a: Omanyte|Hydro Pump|p2a: Golem
|-supereffective|p2a: Golem
|-damage|p2a: Golem|0 fnt
|faint|p2a: Golem
|
|win|Anon Domini
|player|p1
|player|p2
|raw|Anon Domini's rating: 1379 &rarr; <strong>1391<\/strong><br \/>(+12 for winning)
|raw|moosaidmycow's rating: 1231 &rarr; <strong>1216<\/strong><br \/>(-15 for losing)
|c|★moosaidmycow|no skill
|c|★moosaidmycow|xD
|l|moosaidmycow