|j|Lladruc
|j|Brendonfa
|player|p1|Lladruc|170
|player|p2|Brendonfa|229
|gametype|singles
|gen|1
|tier|[Gen 1] Random Battle
|rated
|seed|
|rule|Sleep Clause Mod: Limit one foe put to sleep
|rule|Freeze Clause Mod: Limit one foe frozen
|rule|HP Percentage Mod: HP is shown in percentages
|
|start
|switch|p1a: Kakuna|Kakuna, L99|100\/100
|switch|p2a: Venusaur|Venusaur, L85|100\/100
|turn|1
|choice||
|
|move|p2a: Venusaur|Leech Seed|p1a: Kakuna
|-start|p1a: Kakuna|move: Leech Seed
|move|p1a: Kakuna|Poison Sting|p2a: Venusaur
|-damage|p2a: Venusaur|97\/100
|-damage|p1a: Kakuna|94\/100|[from] Leech Seed|[of] p2a: Venusaur
|-heal|p2a: Venusaur|100\/100|[silent]
|
|turn|2
|choice||
|
|move|p2a: Venusaur|Body Slam|p1a: Kakuna
|-damage|p1a: Kakuna|72\/100
|-status|p1a: Kakuna|par
|move|p1a: Kakuna|Poison Sting|p2a: Venusaur
|-damage|p2a: Venusaur|97\/100
|-damage|p1a: Kakuna|66\/100 par|[from] Leech Seed|[of] p2a: Venusaur
|-heal|p2a: Venusaur|100\/100|[silent]
|
|turn|3
|choice||
|
|move|p2a: Venusaur|Body Slam|p1a: Kakuna
|-damage|p1a: Kakuna|44\/100 par
|move|p1a: Kakuna|Poison Sting|p2a: Venusaur
|-damage|p2a: Venusaur|97\/100
|-damage|p1a: Kakuna|37\/100 par|[from] Leech Seed|[of] p2a: Venusaur
|-heal|p2a: Venusaur|100\/100|[silent]
|
|turn|4
|choice||
|
|move|p2a: Venusaur|Body Slam|p1a: Kakuna
|-crit|p1a: Kakuna
|-damage|p1a: Kakuna|0 fnt
|faint|p1a: Kakuna
|choice||
|
|switch|p1a: Mewtwo|Mewtwo, L70|100\/100
|turn|5
|choice||
|
|switch|p2a: Magneton|Magneton, L90|100\/100
|move|p1a: Mewtwo|Psychic|p2a: Magneton
|-damage|p2a: Magneton|73\/100
|
|turn|6
|choice||
|
|move|p1a: Mewtwo|Blizzard|p2a: Magneton
|-crit|p2a: Magneton
|-damage|p2a: Magneton|29\/100
|move|p2a: Magneton|Thunderbolt|p1a: Mewtwo
|-crit|p1a: Mewtwo
|-damage|p1a: Mewtwo|28\/100
|
|turn|7
|choice||
|
|move|p1a: Mewtwo|Blizzard|p2a: Magneton
|-crit|p2a: Magneton
|-damage|p2a: Magneton|0 fnt
|faint|p2a: Magneton
|choice||
|
|switch|p2a: Kangaskhan|Kangaskhan, L85|100\/100
|turn|8
|choice||
|
|move|p1a: Mewtwo|Psychic|p2a: Kangaskhan
|-damage|p2a: Kangaskhan|59\/100
|-unboost|p2a: Kangaskhan|spd|1
|-unboost|p2a: Kangaskhan|spa|1
|move|p2a: Kangaskhan|Earthquake|p1a: Mewtwo
|-damage|p1a: Mewtwo|0 fnt
|faint|p1a: Mewtwo
|choice||
|
|switch|p1a: Tauros|Tauros, L79|100\/100
|turn|9
|choice||
|
|move|p1a: Tauros|Blizzard|p2a: Kangaskhan
|-damage|p2a: Kangaskhan|20\/100
|move|p2a: Kangaskhan|Counter|p1a: Tauros
|-fail|p2a: Kangaskhan
|
|turn|10
|choice||
|
|move|p1a: Tauros|Blizzard|p2a: Kangaskhan
|-crit|p2a: Kangaskhan
|-damage|p2a: Kangaskhan|0 fnt
|faint|p2a: Kangaskhan
|choice||
|
|switch|p2a: Dewgong|Dewgong, L85|100\/100
|turn|11
|choice||
|
|move|p1a: Tauros|Earthquake|p2a: Dewgong
|-damage|p2a: Dewgong|81\/100
|move|p2a: Dewgong|Blizzard|p1a: Tauros
|-damage|p1a: Tauros|41\/100
|
|turn|12
|choice||
|
|move|p1a: Tauros|Hyper Beam|p2a: Dewgong
|-damage|p2a: Dewgong|34\/100
|move|p2a: Dewgong|Blizzard|p1a: Tauros
|-damage|p1a: Tauros|0 fnt
|faint|p1a: Tauros
|choice||
|
|switch|p1a: Lapras|Lapras, L79|100\/100
|turn|13
|choice||
|
|move|p2a: Dewgong|Blizzard|p1a: Lapras|[miss]
|-miss|p2a: Dewgong
|move|p1a: Lapras|Thunderbolt|p2a: Dewgong
|-crit|p2a: Dewgong
|-supereffective|p2a: Dewgong
|-damage|p2a: Dewgong|0 fnt
|faint|p2a: Dewgong
|choice||
|
|switch|p2a: Mewtwo|Mewtwo, L70|100\/100
|turn|14
|choice||
|
|move|p2a: Mewtwo|Psychic|p1a: Lapras
|-damage|p1a: Lapras|75\/100
|move|p1a: Lapras|Confuse Ray|p2a: Mewtwo
|-start|p2a: Mewtwo|confusion
|
|turn|15
|choice||
|
|-activate|p2a: Mewtwo|confusion
|move|p2a: Mewtwo|Thunderbolt|p1a: Lapras
|-supereffective|p1a: Lapras
|-damage|p1a: Lapras|36\/100
|move|p1a: Lapras|Thunderbolt|p2a: Mewtwo
|-damage|p2a: Mewtwo|83\/100
|
|turn|16
|choice||
|
|-end|p2a: Mewtwo|confusion
|move|p2a: Mewtwo|Thunderbolt|p1a: Lapras
|-supereffective|p1a: Lapras
|-damage|p1a: Lapras|1\/100
|move|p1a: Lapras|Body Slam|p2a: Mewtwo
|-damage|p2a: Mewtwo|64\/100
|-status|p2a: Mewtwo|par
|
|turn|17
|c|★Brendonfa|lol
|choice||
|
|move|p1a: Lapras|Confuse Ray|p2a: Mewtwo
|-start|p2a: Mewtwo|confusion
|-activate|p2a: Mewtwo|confusion
|cant|p2a: Mewtwo|par
|
|turn|18
|choice||
|
|move|p1a: Lapras|Blizzard|p2a: Mewtwo
|-damage|p2a: Mewtwo|36\/100 par
|-activate|p2a: Mewtwo|confusion
|-damage|p2a: Mewtwo|26\/100 par|[from] confusion
|
|turn|19
|choice||
|
|move|p1a: Lapras|Blizzard|p2a: Mewtwo
|-crit|p2a: Mewtwo
|-damage|p2a: Mewtwo|0 fnt
|faint|p2a: Mewtwo
|choice||
|
|switch|p2a: Venusaur|Venusaur, L85|100\/100
|turn|20
|choice||
|
|move|p2a: Venusaur|Razor Leaf|p1a: Lapras
|-crit|p1a: Lapras
|-supereffective|p1a: Lapras
|-damage|p1a: Lapras|0 fnt
|faint|p1a: Lapras
|choice||
|
|switch|p1a: Starmie|Starmie, L79|100\/100
|turn|21
|choice||
|
|move|p1a: Starmie|Blizzard|p2a: Venusaur
|-supereffective|p2a: Venusaur
|-damage|p2a: Venusaur|59\/100
|move|p2a: Venusaur|Razor Leaf|p1a: Starmie
|-crit|p1a: Starmie
|-supereffective|p1a: Starmie
|-damage|p1a: Starmie|3\/100
|
|turn|22
|choice||
|
|move|p1a: Starmie|Blizzard|p2a: Venusaur
|-supereffective|p2a: Venusaur
|-damage|p2a: Venusaur|15\/100
|move|p2a: Venusaur|Razor Leaf|p1a: Starmie
|-crit|p1a: Starmie
|-supereffective|p1a: Starmie
|-damage|p1a: Starmie|0 fnt
|faint|p1a: Starmie
|choice||
|
|switch|p1a: Zapdos|Zapdos, L79|100\/100
|turn|23
|c|★Brendonfa|does all of your pokemon know blizzard?
|choice||
|
|move|p1a: Zapdos|Drill Peck|p2a: Venusaur
|-crit|p2a: Venusaur
|-supereffective|p2a: Venusaur
|-damage|p2a: Venusaur|0 fnt
|faint|p2a: Venusaur
|choice||
|
|switch|p2a: Dragonite|Dragonite, L85|100\/100
|turn|24
|choice||
|
|move|p1a: Zapdos|Thunder Wave|p2a: Dragonite
|-status|p2a: Dragonite|par
|cant|p2a: Dragonite|par
|
|turn|25
|choice||
|
|move|p1a: Zapdos|Thunderbolt|p2a: Dragonite
|-damage|p2a: Dragonite|73\/100 par
|cant|p2a: Dragonite|par
|
|turn|26
|choice||
|
|move|p1a: Zapdos|Thunderbolt|p2a: Dragonite
|-damage|p2a: Dragonite|44\/100 par
|move|p2a: Dragonite|Thunder Wave|p1a: Zapdos
|-status|p1a: Zapdos|par
|
|turn|27
|choice||
|
|move|p1a: Zapdos|Thunderbolt|p2a: Dragonite
|-damage|p2a: Dragonite|14\/100 par
|move|p2a: Dragonite|Thunder|p1a: Zapdos
|-damage|p1a: Zapdos|75\/100 par
|
|turn|28
|choice||
|
|move|p1a: Zapdos|Thunderbolt|p2a: Dragonite
|-damage|p2a: Dragonite|0 fnt
|faint|p2a: Dragonite
|
|win|Lladruc
|player|p1
|player|p2
|c|★Brendonfa|gg
|raw|Lladruc's rating: 1115 &rarr; <strong>1152<\/strong><br \/>(+37 for winning)
|raw|Brendonfa's rating: 1305 &rarr; <strong>1275<\/strong><br \/>(-30 for losing)