|join|dramlamb
|join|kid gf lol
|player|p1|dramlamb|36
|player|p2|kid gf lol|168
|gametype|singles
|gen|1
|tier|[Gen 1] OU (beta)
|rated
|rule|Sleep Clause Mod: Limit one foe put to sleep
|rule|Species Clause: Limit one of each Pokemon
|rule|OHKO Clause: OHKO moves are banned
|rule|Moody Clause: Moody is banned
|rule|Evasion Moves Clause: Evasion moves are banned
|rule|Endless Battle Clause: Forcing endless battles is banned.
|rule|HP Percentage Mod: HP is reported as percentages
|
|start
|switch|p1a: Alakazam|Alakazam|313\/313
|switch|p2a: Zam Lead|Alakazam|313\/313
|turn|1
|
|switch|p2a: Mr Mime|Jynx|333\/333
|move|p1a: Alakazam|Thunder Wave|p2a: Mr Mime
|-status|p2a: Mr Mime|par
|
|turn|2
|
|move|p1a: Alakazam|Psychic|p2a: Mr Mime
|-crit|p2a: Mr Mime
|-resisted|p2a: Mr Mime
|-damage|p2a: Mr Mime|191\/333 par
|cant|p2a: Mr Mime|par
|
|turn|3
|
|switch|p2a: Result Of Incest|Exeggutor|393\/393
|move|p1a: Alakazam|Psychic|p2a: Result Of Incest
|-crit|p2a: Result Of Incest
|-resisted|p2a: Result Of Incest
|-damage|p2a: Result Of Incest|274\/393
|
|turn|4
|
|move|p1a: Alakazam|Reflect|p1a: Alakazam
|move|p2a: Result Of Incest|Sleep Powder|p1a: Alakazam
|-status|p1a: Alakazam|slp
|
|turn|5
|
|switch|p1a: Snorlax|Snorlax|523\/523
|switch|p2a: Breakfast Pouch|Chansey|703\/703
|
|turn|6
|
|move|p2a: Breakfast Pouch|Thunder Wave|p1a: Snorlax
|-status|p1a: Snorlax|par
|cant|p1a: Snorlax|par
|
|turn|7
|
|switch|p2a: Result Of Incest|Exeggutor|274\/393
|move|p1a: Snorlax|Body Slam|p2a: Result Of Incest
|-damage|p2a: Result Of Incest|157\/393
|-status|p2a: Result Of Incest|par
|
|turn|8
|
|move|p2a: Result Of Incest|Explosion|p1a: Snorlax
|-crit|p1a: Snorlax
|-damage|p1a: Snorlax|0 fnt
|faint|p1a: Snorlax
|faint|p2a: Result Of Incest
|
|switch|p1a: Jynx|Jynx|333\/333
|switch|p2a: Mr Mime|Jynx|191\/333 par
|turn|9
|
|move|p1a: Jynx|Psychic|p2a: Mr Mime
|-resisted|p2a: Mr Mime
|-damage|p2a: Mr Mime|141\/333 par
|cant|p2a: Mr Mime|par
|
|turn|10
|
|move|p1a: Jynx|Psychic|p2a: Mr Mime
|-resisted|p2a: Mr Mime
|-damage|p2a: Mr Mime|91\/333 par
|move|p2a: Mr Mime|Psychic|p1a: Jynx
|-resisted|p1a: Jynx
|-damage|p1a: Jynx|282\/333
|-unboost|p1a: Jynx|spd|1
|-unboost|p1a: Jynx|spa|1
|
|turn|11
|
|move|p1a: Jynx|Psychic|p2a: Mr Mime
|-resisted|p2a: Mr Mime
|-damage|p2a: Mr Mime|53\/333 par
|move|p2a: Mr Mime|Psychic|p1a: Jynx
|-crit|p1a: Jynx
|-resisted|p1a: Jynx
|-damage|p1a: Jynx|180\/333
|-unboost|p1a: Jynx|spd|1
|-unboost|p1a: Jynx|spa|1
|
|turn|12
|
|switch|p1a: Alakazam|Alakazam|313\/313 slp
|move|p2a: Mr Mime|Blizzard|p1a: Alakazam
|-crit|p1a: Alakazam
|-damage|p1a: Alakazam|93\/313 slp
|
|turn|13
|
|switch|p1a: Jynx|Jynx|180\/333
|move|p2a: Mr Mime|Blizzard|p1a: Jynx
|-resisted|p1a: Jynx
|-damage|p1a: Jynx|105\/333
|
|turn|14
|
|move|p1a: Jynx|Psychic|p2a: Mr Mime
|-resisted|p2a: Mr Mime
|-damage|p2a: Mr Mime|0 fnt
|faint|p2a: Mr Mime
|
|
|switch|p2a: Kitty|Tauros|353\/353
|turn|15
|
|switch|p1a: Golem|Golem|363\/363
|move|p2a: Kitty|Body Slam|p1a: Golem
|-crit|p1a: Golem
|-resisted|p1a: Golem
|-damage|p1a: Golem|272\/363
|
|turn|16
|
|move|p2a: Kitty|Blizzard|p1a: Golem
|-supereffective|p1a: Golem
|-damage|p1a: Golem|64\/363
|move|p1a: Golem|Earthquake|p2a: Kitty
|-damage|p2a: Kitty|222\/353
|
|turn|17
|
|move|p2a: Kitty|Earthquake|p1a: Golem
|-supereffective|p1a: Golem
|-damage|p1a: Golem|0 fnt
|faint|p1a: Golem
|
|
|switch|p1a: Exeggutor|Exeggutor|393\/393
|turn|18
|
|move|p2a: Kitty|Blizzard|p1a: Exeggutor
|-supereffective|p1a: Exeggutor
|-damage|p1a: Exeggutor|269\/393
|move|p1a: Exeggutor|Sleep Powder|p2a: Kitty
|-status|p2a: Kitty|slp
|
|turn|19
|
|switch|p2a: Breakfast Pouch|Chansey|703\/703
|move|p1a: Exeggutor|Psychic|p2a: Breakfast Pouch
|-crit|p2a: Breakfast Pouch
|-damage|p2a: Breakfast Pouch|461\/703
|
|turn|20
|
|move|p1a: Exeggutor|Psychic|p2a: Breakfast Pouch
|-damage|p2a: Breakfast Pouch|347\/703
|move|p2a: Breakfast Pouch|Ice Beam|p1a: Exeggutor
|-supereffective|p1a: Exeggutor
|-damage|p1a: Exeggutor|131\/393
|
|turn|21
|
|move|p1a: Exeggutor|Explosion|p2a: Breakfast Pouch
|-damage|p2a: Breakfast Pouch|0 fnt
|faint|p2a: Breakfast Pouch
|faint|p1a: Exeggutor
|
|switch|p2a: Zam Lead|Alakazam|313\/313
|switch|p1a: Tauros|Tauros|353\/353
|turn|22
|
|move|p2a: Zam Lead|Psychic|p1a: Tauros
|-damage|p1a: Tauros|187\/353
|move|p1a: Tauros|Body Slam|p2a: Zam Lead
|-damage|p2a: Zam Lead|141\/313
|-status|p2a: Zam Lead|par
|
|turn|23
|
|switch|p2a: TNT|Golem|363\/363
|move|p1a: Tauros|Body Slam|p2a: TNT
|-resisted|p2a: TNT
|-damage|p2a: TNT|323\/363
|
|turn|24
|
|move|p1a: Tauros|Blizzard|p2a: TNT
|-supereffective|p2a: TNT
|-damage|p2a: TNT|122\/363
|move|p2a: TNT|Explosion|p1a: Tauros
|-damage|p1a: Tauros|0 fnt
|faint|p1a: Tauros
|faint|p2a: TNT
|
|switch|p2a: Zam Lead|Alakazam|141\/313 par
|switch|p1a: Jynx|Jynx|105\/333
|turn|25
|
|move|p1a: Jynx|Blizzard|p2a: Zam Lead
|-crit|p2a: Zam Lead
|-damage|p2a: Zam Lead|0 fnt
|faint|p2a: Zam Lead
|
|
|switch|p2a: Kitty|Tauros|222\/353 slp
|turn|26
|
|cant|p2a: Kitty|slp
|move|p1a: Jynx|Psychic|p2a: Kitty
|-damage|p2a: Kitty|97\/353 slp
|
|turn|27
|
|cant|p2a: Kitty|slp
|-curestatus|p2a: Kitty|slp
|move|p1a: Jynx|Psychic|p2a: Kitty
|-damage|p2a: Kitty|0 fnt
|faint|p2a: Kitty
|
|win|dramlamb
|raw|Ladder updating...
|chat|dramlamb|gg
|leave|kid gf lol
|player|p2
|raw|dramlamb's rating: 1315 &rarr; <strong>1343<\/strong><br \/>(+28 for winning)
|raw|kid gf lol's rating: 1461 &rarr; <strong>1433<\/strong><br \/>(-28 for losing)