|j|BladePrincess
|j|shahdoost
|player|p1|BladePrincess|166
|player|p2|shahdoost|254
|gametype|singles
|gen|1
|tier|[Gen 1] OU
|rated
|seed|41421,45104,291,16259
|rule|Sleep Clause Mod: Limit one foe put to sleep
|rule|Freeze Clause Mod: Limit one foe frozen
|rule|Species Clause: Limit one of each Pokémon
|rule|OHKO Clause: OHKO moves are banned
|rule|Evasion Moves Clause: Evasion moves are banned
|rule|HP Percentage Mod: HP is shown in percentages
|
|start
|switch|p1a: Vulcaron|Alakazam|313\/313
|switch|p2a: Starmie|Starmie|323\/323
|turn|1
|choice|move 3|move 3
|
|move|p1a: Vulcaron|Thunder Wave|p2a: Starmie
|-status|p2a: Starmie|par
|move|p2a: Starmie|Thunder Wave|p1a: Vulcaron
|-status|p1a: Vulcaron|par
|
|turn|2
|choice|move 4|move 1
|
|move|p1a: Vulcaron|Reflect|p1a: Vulcaron
|-start|p1a: Vulcaron|Reflect
|move|p2a: Starmie|Surf|p1a: Vulcaron
|-damage|p1a: Vulcaron|214\/313 par
|
|turn|3
|choice|move 2|move 1
|
|move|p1a: Vulcaron|Recover|p1a: Vulcaron
|-heal|p1a: Vulcaron|313\/313 par
|move|p2a: Starmie|Surf|p1a: Vulcaron
|-damage|p1a: Vulcaron|217\/313 par
|
|turn|4
|choice|move 1|switch 2
|
|switch|p2a: Snorlax|Snorlax|523\/523
|cant|p1a: Vulcaron|par
|
|turn|5
|choice|move 2|move 1
|
|move|p2a: Snorlax|Amnesia|p2a: Snorlax
|-boost|p2a: Snorlax|spd|2
|-boost|p2a: Snorlax|spa|2
|move|p1a: Vulcaron|Recover|p1a: Vulcaron
|-heal|p1a: Vulcaron|313\/313 par
|
|turn|6
|j|loris88
|c|★BladePrincess|K
|c|★BladePrincess|I'm badly
|c|★BladePrincess|I misplayed badly
|c|★BladePrincess|Off o a fabulous start
|choice|move 3|move 1
|
|move|p2a: Snorlax|Amnesia|p2a: Snorlax
|-boost|p2a: Snorlax|spd|2
|-boost|p2a: Snorlax|spa|2
|move|p1a: Vulcaron|Thunder Wave|p2a: Snorlax
|-status|p2a: Snorlax|par
|
|turn|7
|choice|switch 3|move 2
|
|switch|p1a: Manazran|Gengar|323\/323
|cant|p2a: Snorlax|par
|
|turn|8
|choice|move 3|move 2
|
|move|p1a: Manazran|Thunderbolt|p2a: Snorlax
|-damage|p2a: Snorlax|482\/523 par
|move|p2a: Snorlax|Blizzard|p1a: Manazran
|-damage|p1a: Manazran|142\/323
|
|turn|9
|choice|move 2|move 1
|
|move|p1a: Manazran|Explosion|p2a: Snorlax
|-damage|p2a: Snorlax|220\/523 par
|faint|p1a: Manazran
|choice|switch 5|
|
|switch|p1a: Microwavable|Dragonite|385\/385
|turn|10
|choice|move 2|move 2
|
|move|p1a: Microwavable|Wrap|p2a: Snorlax
|-damage|p2a: Snorlax|200\/523 par
|-activate|p2a: Snorlax|move: Wrap|[of] p1a: Microwavable
|cant|p2a: Snorlax|partiallytrapped
|
|turn|11
|choice|move 2|move 2
|
|move|p1a: Microwavable|Wrap|p2a: Snorlax
|-damage|p2a: Snorlax|180\/523 par
|cant|p2a: Snorlax|par
|
|turn|12
|choice|move 2|move 2
|
|move|p1a: Microwavable|Wrap|p2a: Snorlax
|-damage|p2a: Snorlax|160\/523 par
|cant|p2a: Snorlax|partiallytrapped
|
|turn|13
|choice|move 2|move 2
|
|move|p1a: Microwavable|Wrap|p2a: Snorlax
|-damage|p2a: Snorlax|140\/523 par
|cant|p2a: Snorlax|par
|
|turn|14
|choice|move 2|move 2
|
|move|p1a: Microwavable|Wrap|p2a: Snorlax
|-damage|p2a: Snorlax|120\/523 par
|cant|p2a: Snorlax|par
|
|-end|p2a: Snorlax|Wrap|[partiallytrapped]
|turn|15
|choice|move 3|switch 6
|
|switch|p2a: Tauros|Tauros|353\/353
|move|p1a: Microwavable|Hyper Beam|p2a: Tauros
|-damage|p2a: Tauros|199\/353
|
|turn|16
|-mustrecharge|p1a: Microwavable
|c|★BladePrincess|shit
|-mustrecharge|p1a: Microwavable
|choice|move 1|move 1
|
|move|p2a: Tauros|Body Slam|p1a: Microwavable
|-damage|p1a: Microwavable|277\/385
|cant|p1a: Microwavable|recharge
|
|turn|17
|choice|move 1|move 4
|
|move|p2a: Tauros|Blizzard|p1a: Microwavable
|-supereffective|p1a: Microwavable
|-damage|p1a: Microwavable|0 fnt
|faint|p1a: Microwavable
|choice|switch 6|
|
|switch|p1a: Bon Dance|Lapras|463\/463
|turn|18
|choice|move 4|move 1
|
|move|p2a: Tauros|Body Slam|p1a: Bon Dance
|-damage|p1a: Bon Dance|342\/463
|move|p1a: Bon Dance|Confuse Ray|p2a: Tauros
|-start|p2a: Tauros|confusion
|
|turn|19
|choice|move 1|move 1
|
|-activate|p2a: Tauros|confusion
|-damage|p2a: Tauros|163\/353|[from] confusion
|move|p1a: Bon Dance|Blizzard|p2a: Tauros
|-damage|p2a: Tauros|0 fnt
|faint|p2a: Tauros
|choice||switch 4
|
|switch|p2a: Chansey|Chansey|703\/703
|turn|20
|choice|move 4|move 4
|
|move|p1a: Bon Dance|Confuse Ray|p2a: Chansey
|-start|p2a: Chansey|confusion
|-activate|p2a: Chansey|confusion
|-damage|p2a: Chansey|668\/703|[from] confusion
|
|turn|21
|choice|move 3|move 4
|
|move|p1a: Bon Dance|Body Slam|p2a: Chansey
|-crit|p2a: Chansey
|-damage|p2a: Chansey|365\/703
|-end|p2a: Chansey|confusion
|move|p2a: Chansey|Thunder Wave|p1a: Bon Dance
|-status|p1a: Bon Dance|par
|
|turn|22
|c|★BladePrincess|>1 turn confusion
|c|★BladePrincess|I feel like voltages now
|c|★shahdoost|voltages?
|c|★BladePrincess|Oh um
|c|★BladePrincess|A user
|choice|move 4|move 3
|
|move|p2a: Chansey|Thunderbolt|p1a: Bon Dance
|-supereffective|p1a: Bon Dance
|-damage|p1a: Bon Dance|175\/463 par
|cant|p1a: Bon Dance|par
|
|turn|23
|choice|switch 3|move 3
|
|switch|p1a: Vulcaron|Alakazam|313\/313 par
|move|p2a: Chansey|Thunderbolt|p1a: Vulcaron
|-damage|p1a: Vulcaron|250\/313 par
|
|turn|24
|choice|move 3|move 2
|
|move|p2a: Chansey|Soft-Boiled|p2a: Chansey
|-heal|p2a: Chansey|703\/703
|move|p1a: Vulcaron|Thunder Wave|p2a: Chansey
|-status|p2a: Chansey|par
|
|turn|25
|choice|move 1|move 1
|
|move|p1a: Vulcaron|Psychic|p2a: Chansey
|-damage|p2a: Chansey|579\/703 par
|move|p2a: Chansey|Blizzard|p1a: Vulcaron
|-damage|p1a: Vulcaron|177\/313 par
|
|turn|26
|choice|move 2|move 1
|
|move|p1a: Vulcaron|Recover|p1a: Vulcaron
|-heal|p1a: Vulcaron|313\/313 par
|move|p2a: Chansey|Blizzard|p1a: Vulcaron
|-damage|p1a: Vulcaron|230\/313 par
|
|turn|27
|choice|move 1|switch 5
|
|switch|p2a: Rhydon|Rhydon|413\/413
|move|p1a: Vulcaron|Psychic|p2a: Rhydon
|-damage|p2a: Rhydon|197\/413
|
|turn|28
|choice|move 4|move 1
|
|move|p2a: Rhydon|Earthquake|p1a: Vulcaron
|-damage|p1a: Vulcaron|0 fnt
|faint|p1a: Vulcaron
|choice|switch 3|
|
|switch|p1a: Bon Dance|Lapras|175\/463 par
|turn|29
|choice|move 1|move 1
|
|move|p2a: Rhydon|Earthquake|p1a: Bon Dance
|-damage|p1a: Bon Dance|8\/463 par
|move|p1a: Bon Dance|Blizzard|p2a: Rhydon|[miss]
|-miss|p1a: Bon Dance
|
|turn|30
|c|★BladePrincess|._,
|c|★shahdoost|that sucks
|choice|move 1|move 1
|
|move|p2a: Rhydon|Earthquake|p1a: Bon Dance
|-damage|p1a: Bon Dance|0 fnt
|faint|p1a: Bon Dance
|c|★BladePrincess|I've lost anyway tbh
|c|★BladePrincess|I lose to Rhydon
|c|★shahdoost|hey, Rhydon is awesome
|choice|switch 2|
|
|switch|p1a: BladePrincess|Chansey|703\/703
|turn|31
|choice|move 1|move 1
|
|move|p1a: BladePrincess|Ice Beam|p2a: Rhydon
|-supereffective|p2a: Rhydon
|-damage|p2a: Rhydon|0 fnt
|faint|p2a: Rhydon
|c|★BladePrincess|OR NOT
|c|★shahdoost|lol
|choice||switch 5
|
|switch|p2a: Chansey|Chansey|579\/703 par
|turn|32
|choice|move 1|move 4
|
|move|p1a: BladePrincess|Ice Beam|p2a: Chansey
|-damage|p2a: Chansey|509\/703 par
|move|p2a: Chansey|Thunder Wave|p1a: BladePrincess
|-status|p1a: BladePrincess|par
|
|turn|33
|c|★shahdoost|this is not oging to be fun
|choice|move 4|move 3
|
|move|p2a: Chansey|Thunderbolt|p1a: BladePrincess
|-crit|p1a: BladePrincess
|-damage|p1a: BladePrincess|559\/703 par
|move|p1a: BladePrincess|Thunderbolt|p2a: Chansey
|-damage|p2a: Chansey|429\/703 par
|
|turn|34
|choice|move 4|move 3
|
|move|p2a: Chansey|Thunderbolt|p1a: BladePrincess
|-damage|p1a: BladePrincess|484\/703 par
|move|p1a: BladePrincess|Thunderbolt|p2a: Chansey
|-damage|p2a: Chansey|355\/703 par
|
|turn|35
|choice|move 1|move 3
|
|move|p2a: Chansey|Thunderbolt|p1a: BladePrincess
|-crit|p1a: BladePrincess
|-damage|p1a: BladePrincess|340\/703 par
|move|p1a: BladePrincess|Ice Beam|p2a: Chansey
|-damage|p2a: Chansey|284\/703 par
|
|turn|36
|choice|move 2|move 2
|
|move|p1a: BladePrincess|Soft-Boiled|p1a: BladePrincess
|-heal|p1a: BladePrincess|691\/703 par
|move|p2a: Chansey|Soft-Boiled|p2a: Chansey
|-heal|p2a: Chansey|635\/703 par
|
|turn|37
|choice|move 4|move 1
|
|cant|p2a: Chansey|par
|cant|p1a: BladePrincess|par
|
|turn|38
|choice|move 4|move 3
|
|move|p1a: BladePrincess|Thunderbolt|p2a: Chansey
|-damage|p2a: Chansey|563\/703 par
|cant|p2a: Chansey|par
|
|turn|39
|choice|move 1|move 3
|
|cant|p2a: Chansey|par
|move|p1a: BladePrincess|Ice Beam|p2a: Chansey
|-crit|p2a: Chansey
|-damage|p2a: Chansey|420\/703 par
|
|turn|40
|choice|move 4|move 3
|
|cant|p1a: BladePrincess|par
|move|p2a: Chansey|Thunderbolt|p1a: BladePrincess
|-damage|p1a: BladePrincess|617\/703 par
|
|turn|41
|choice|move 4|move 3
|
|move|p2a: Chansey|Thunderbolt|p1a: BladePrincess
|-damage|p1a: BladePrincess|541\/703 par
|move|p1a: BladePrincess|Thunderbolt|p2a: Chansey
|-damage|p2a: Chansey|344\/703 par
|
|turn|42
|c|★BladePrincess|I kinda
|c|★BladePrincess|Can't win
|choice|move 1|move 2
|
|move|p2a: Chansey|Soft-Boiled|p2a: Chansey
|-heal|p2a: Chansey|695\/703 par
|move|p1a: BladePrincess|Ice Beam|p2a: Chansey
|-damage|p2a: Chansey|618\/703 par
|
|turn|43
|c|★shahdoost|really?
|c|★BladePrincess|Well I'd have to be really lucky
|c|★shahdoost|well, I do get pretty unlucky
|choice|move 4|move 3
|
|move|p1a: BladePrincess|Thunderbolt|p2a: Chansey
|-damage|p2a: Chansey|541\/703 par
|move|p2a: Chansey|Thunderbolt|p1a: BladePrincess
|-crit|p1a: BladePrincess
|-damage|p1a: BladePrincess|384\/703 par
|
|turn|44
|c|★BladePrincess|So do I.
|choice|move 4|move 3
|
|move|p2a: Chansey|Thunderbolt|p1a: BladePrincess
|-damage|p1a: BladePrincess|305\/703 par
|move|p1a: BladePrincess|Thunderbolt|p2a: Chansey
|-damage|p2a: Chansey|469\/703 par
|
|turn|45
|choice|move 2|move 3
|
|move|p1a: BladePrincess|Soft-Boiled|p1a: BladePrincess
|-heal|p1a: BladePrincess|656\/703 par
|move|p2a: Chansey|Thunderbolt|p1a: BladePrincess
|-damage|p1a: BladePrincess|582\/703 par
|
|turn|46
|c|★BladePrincess|You there?
|choice|move 4|move 3
|
|move|p1a: BladePrincess|Thunderbolt|p2a: Chansey
|-damage|p2a: Chansey|392\/703 par
|move|p2a: Chansey|Thunderbolt|p1a: BladePrincess
|-damage|p1a: BladePrincess|506\/703 par
|
|turn|47
|c|★shahdoost|sorry
|c|★shahdoost|talking to my friend on skype
|choice|move 1|move 2
|
|move|p2a: Chansey|Soft-Boiled|p2a: Chansey
|-heal|p2a: Chansey|703\/703 par
|cant|p1a: BladePrincess|par
|
|turn|48
|c|★BladePrincess|ok
|choice|move 1|move 3
|
|move|p2a: Chansey|Thunderbolt|p1a: BladePrincess
|-damage|p1a: BladePrincess|429\/703 par
|move|p1a: BladePrincess|Ice Beam|p2a: Chansey
|-damage|p2a: Chansey|625\/703 par
|
|turn|49
|c|★BladePrincess|This is literally PP stall
|choice|move 2|move 3
|
|cant|p2a: Chansey|par
|move|p1a: BladePrincess|Soft-Boiled|p1a: BladePrincess
|-heal|p1a: BladePrincess|703\/703 par
|
|turn|50
|c|★shahdoost|indeed
|choice|move 1|move 3
|
|move|p1a: BladePrincess|Ice Beam|p2a: Chansey
|-damage|p2a: Chansey|555\/703 par
|move|p2a: Chansey|Thunderbolt|p1a: BladePrincess
|-damage|p1a: BladePrincess|630\/703 par
|
|turn|51
|choice|move 1|move 3
|
|cant|p2a: Chansey|par
|move|p1a: BladePrincess|Ice Beam|p2a: Chansey
|-damage|p2a: Chansey|486\/703 par
|
|turn|52
|choice|move 4|move 3
|
|move|p2a: Chansey|Thunderbolt|p1a: BladePrincess
|-damage|p1a: BladePrincess|559\/703 par
|move|p1a: BladePrincess|Thunderbolt|p2a: Chansey
|-damage|p2a: Chansey|409\/703 par
|
|turn|53
|choice|move 1|move 3
|
|move|p1a: BladePrincess|Ice Beam|p2a: Chansey
|-damage|p2a: Chansey|330\/703 par
|cant|p2a: Chansey|par
|
|turn|54
|choice|move 4|move 2
|
|move|p2a: Chansey|Soft-Boiled|p2a: Chansey
|-heal|p2a: Chansey|681\/703 par
|move|p1a: BladePrincess|Thunderbolt|p2a: Chansey
|-damage|p2a: Chansey|600\/703 par
|
|turn|55
|choice|move 1|move 3
|
|move|p2a: Chansey|Thunderbolt|p1a: BladePrincess
|-damage|p1a: BladePrincess|488\/703 par
|move|p1a: BladePrincess|Ice Beam|p2a: Chansey
|-damage|p2a: Chansey|528\/703 par
|
|turn|56
|choice|move 1|move 3
|
|move|p2a: Chansey|Thunderbolt|p1a: BladePrincess
|-damage|p1a: BladePrincess|414\/703 par
|cant|p1a: BladePrincess|par
|
|turn|57
|choice|move 4|move 3
|
|move|p2a: Chansey|Thunderbolt|p1a: BladePrincess
|-damage|p1a: BladePrincess|335\/703 par
|move|p1a: BladePrincess|Thunderbolt|p2a: Chansey
|-damage|p2a: Chansey|450\/703 par
|
|turn|58
|choice|move 2|move 3
|
|move|p1a: BladePrincess|Soft-Boiled|p1a: BladePrincess
|-heal|p1a: BladePrincess|686\/703 par
|cant|p2a: Chansey|par
|
|turn|59
|choice|move 4|move 3
|
|move|p1a: BladePrincess|Thunderbolt|p2a: Chansey
|-damage|p2a: Chansey|375\/703 par
|move|p2a: Chansey|Thunderbolt|p1a: BladePrincess
|-damage|p1a: BladePrincess|605\/703 par
|
|turn|60
|choice|move 1|move 3
|
|move|p1a: BladePrincess|Ice Beam|p2a: Chansey
|-damage|p2a: Chansey|296\/703 par
|move|p2a: Chansey|Thunderbolt|p1a: BladePrincess
|-damage|p1a: BladePrincess|533\/703 par
|
|turn|61
|choice|move 1|move 2
|
|move|p2a: Chansey|Soft-Boiled|p2a: Chansey
|-heal|p2a: Chansey|647\/703 par
|move|p1a: BladePrincess|Ice Beam|p2a: Chansey
|-damage|p2a: Chansey|578\/703 par
|
|turn|62
|choice|move 4|move 4
|
|move|p1a: BladePrincess|Thunderbolt|p2a: Chansey
|-damage|p2a: Chansey|504\/703 par
|cant|p2a: Chansey|par
|
|turn|63
|choice|move 4|move 4
|
|move|p1a: BladePrincess|Thunderbolt|p2a: Chansey
|-damage|p2a: Chansey|429\/703 par
|move|p2a: Chansey|Thunder Wave|p1a: BladePrincess
|-fail|p1a: BladePrincess|par
|
|turn|64
|choice|move 4|move 3
|
|move|p1a: BladePrincess|Thunderbolt|p2a: Chansey
|-damage|p2a: Chansey|354\/703 par
|cant|p2a: Chansey|par
|
|turn|65
|choice|move 4|move 2
|
|move|p2a: Chansey|Soft-Boiled|p2a: Chansey
|-heal|p2a: Chansey|703\/703 par
|move|p1a: BladePrincess|Thunderbolt|p2a: Chansey
|-damage|p2a: Chansey|630\/703 par
|
|turn|66
|choice|move 4|move 4
|
|cant|p1a: BladePrincess|par
|move|p2a: Chansey|Thunder Wave|p1a: BladePrincess
|-fail|p1a: BladePrincess|par
|
|turn|67
|choice|move 4|move 4
|
|move|p1a: BladePrincess|Thunderbolt|p2a: Chansey
|-damage|p2a: Chansey|559\/703 par
|move|p2a: Chansey|Thunder Wave|p1a: BladePrincess
|-fail|p1a: BladePrincess|par
|
|turn|68
|c|★BladePrincess|>TWave
|c|★BladePrincess|Nice PP stall
|choice|move 3|move 4
|
|move|p1a: BladePrincess|Thunder Wave|p2a: Chansey
|-fail|p2a: Chansey|par
|move|p2a: Chansey|Thunder Wave|p1a: BladePrincess
|-fail|p1a: BladePrincess|par
|
|turn|69
|c|★shahdoost|thanks
|c|★shahdoost|I'm quite proud of it   \/s
|choice|move 3|move 4
|
|move|p1a: BladePrincess|Thunder Wave|p2a: Chansey
|-fail|p2a: Chansey|par
|cant|p2a: Chansey|par
|
|turn|70
|c|★shahdoost|oh no
|l|loris88
|choice|move 4|switch 2
|
|switch|p2a: Starmie|Starmie|323\/323 par
|move|p1a: BladePrincess|Thunderbolt|p2a: Starmie
|-supereffective|p2a: Starmie
|-damage|p2a: Starmie|174\/323 par
|
|turn|71
|choice|move 4|move 2
|
|move|p2a: Starmie|Psychic|p1a: BladePrincess
|-damage|p1a: BladePrincess|431\/703 par
|move|p1a: BladePrincess|Thunderbolt|p2a: Starmie
|-supereffective|p2a: Starmie
|-damage|p2a: Starmie|12\/323 par
|
|turn|72
|choice|move 4|switch 2
|
|switch|p2a: Chansey|Chansey|559\/703 par
|cant|p1a: BladePrincess|par
|
|turn|73
|choice|move 2|move 4
|
|move|p2a: Chansey|Thunder Wave|p1a: BladePrincess
|-fail|p1a: BladePrincess|par
|move|p1a: BladePrincess|Soft-Boiled|p1a: BladePrincess
|-heal|p1a: BladePrincess|703\/703 par
|
|turn|74
|choice|move 4|move 4
|
|cant|p2a: Chansey|par
|move|p1a: BladePrincess|Thunderbolt|p2a: Chansey
|-damage|p2a: Chansey|481\/703 par
|
|turn|75
|choice|move 3|move 4
|
|cant|p2a: Chansey|par
|move|p1a: BladePrincess|Thunder Wave|p2a: Chansey
|-fail|p2a: Chansey|par
|
|turn|76
|choice|move 3|move 4
|
|cant|p2a: Chansey|par
|move|p1a: BladePrincess|Thunder Wave|p2a: Chansey
|-fail|p2a: Chansey|par
|
|turn|77
|choice|move 3|move 4
|
|cant|p2a: Chansey|par
|cant|p1a: BladePrincess|par
|
|turn|78
|choice|move 3|move 4
|
|cant|p1a: BladePrincess|par
|move|p2a: Chansey|Thunder Wave|p1a: BladePrincess
|-fail|p1a: BladePrincess|par
|
|turn|79
|choice|move 3|move 4
|
|cant|p2a: Chansey|par
|move|p1a: BladePrincess|Thunder Wave|p2a: Chansey
|-fail|p2a: Chansey|par
|
|turn|80
|choice|move 3|move 4
|
|move|p2a: Chansey|Thunder Wave|p1a: BladePrincess
|-fail|p1a: BladePrincess|par
|move|p1a: BladePrincess|Thunder Wave|p2a: Chansey
|-fail|p2a: Chansey|par
|
|turn|81
|choice|move 3|move 4
|
|cant|p1a: BladePrincess|par
|cant|p2a: Chansey|par
|
|turn|82
|choice|move 3|move 4
|
|move|p2a: Chansey|Thunder Wave|p1a: BladePrincess
|-fail|p1a: BladePrincess|par
|move|p1a: BladePrincess|Thunder Wave|p2a: Chansey
|-fail|p2a: Chansey|par
|
|turn|83
|choice|move 3|move 4
|
|move|p1a: BladePrincess|Thunder Wave|p2a: Chansey
|-fail|p2a: Chansey|par
|cant|p2a: Chansey|par
|
|turn|84
|choice|move 3|move 4
|
|move|p2a: Chansey|Thunder Wave|p1a: BladePrincess
|-fail|p1a: BladePrincess|par
|cant|p1a: BladePrincess|par
|
|turn|85
|choice|move 3|move 4
|
|move|p1a: BladePrincess|Thunder Wave|p2a: Chansey
|-fail|p2a: Chansey|par
|move|p2a: Chansey|Thunder Wave|p1a: BladePrincess
|-fail|p1a: BladePrincess|par
|
|turn|86
|choice|move 3|move 4
|
|cant|p1a: BladePrincess|par
|move|p2a: Chansey|Thunder Wave|p1a: BladePrincess
|-fail|p1a: BladePrincess|par
|
|turn|87
|choice|move 3|move 4
|
|cant|p2a: Chansey|par
|move|p1a: BladePrincess|Thunder Wave|p2a: Chansey
|-fail|p2a: Chansey|par
|
|turn|88
|choice|move 3|move 4
|
|move|p2a: Chansey|Thunder Wave|p1a: BladePrincess
|-fail|p1a: BladePrincess|par
|cant|p1a: BladePrincess|par
|
|turn|89
|choice|move 3|move 4
|
|move|p1a: BladePrincess|Thunder Wave|p2a: Chansey
|-fail|p2a: Chansey|par
|move|p2a: Chansey|Thunder Wave|p1a: BladePrincess
|-fail|p1a: BladePrincess|par
|
|turn|90
|choice|move 3|move 4
|
|move|p2a: Chansey|Thunder Wave|p1a: BladePrincess
|-fail|p1a: BladePrincess|par
|move|p1a: BladePrincess|Thunder Wave|p2a: Chansey
|-fail|p2a: Chansey|par
|
|turn|91
|choice|move 3|move 4
|
|cant|p1a: BladePrincess|par
|cant|p2a: Chansey|par
|
|turn|92
|choice|move 3|move 4
|
|move|p1a: BladePrincess|Thunder Wave|p2a: Chansey
|-fail|p2a: Chansey|par
|move|p2a: Chansey|Thunder Wave|p1a: BladePrincess
|-fail|p1a: BladePrincess|par
|
|turn|93
|choice|move 3|move 4
|
|move|p1a: BladePrincess|Thunder Wave|p2a: Chansey
|-fail|p2a: Chansey|par
|move|p2a: Chansey|Thunder Wave|p1a: BladePrincess
|-fail|p1a: BladePrincess|par
|
|turn|94
|choice|move 3|move 4
|
|cant|p2a: Chansey|par
|move|p1a: BladePrincess|Thunder Wave|p2a: Chansey
|-fail|p2a: Chansey|par
|
|turn|95
|choice|move 3|move 4
|
|move|p1a: BladePrincess|Thunder Wave|p2a: Chansey
|-fail|p2a: Chansey|par
|move|p2a: Chansey|Thunder Wave|p1a: BladePrincess
|-fail|p1a: BladePrincess|par
|
|turn|96
|choice|move 3|move 4
|
|move|p1a: BladePrincess|Thunder Wave|p2a: Chansey
|-fail|p2a: Chansey|par
|cant|p2a: Chansey|par
|
|turn|97
|choice|move 4|move 4
|
|move|p1a: BladePrincess|Thunderbolt|p2a: Chansey
|-damage|p2a: Chansey|403\/703 par
|move|p2a: Chansey|Thunder Wave|p1a: BladePrincess
|-fail|p1a: BladePrincess|par
|
|turn|98
|choice|move 3|move 4
|
|move|p2a: Chansey|Thunder Wave|p1a: BladePrincess
|-fail|p1a: BladePrincess|par
|move|p1a: BladePrincess|Thunder Wave|p2a: Chansey
|-fail|p2a: Chansey|par
|
|turn|99
|choice|move 3|move 4
|
|move|p2a: Chansey|Thunder Wave|p1a: BladePrincess
|-fail|p1a: BladePrincess|par
|move|p1a: BladePrincess|Thunder Wave|p2a: Chansey
|-fail|p2a: Chansey|par
|
|turn|100
|choice|move 3|move 4
|
|move|p1a: BladePrincess|Thunder Wave|p2a: Chansey
|-fail|p2a: Chansey|par
|move|p2a: Chansey|Thunder Wave|p1a: BladePrincess
|-fail|p1a: BladePrincess|par
|
|turn|101
|c|★BladePrincess|100 turns
|c|★BladePrincess|woo
|c|★shahdoost|we did it
|c|★BladePrincess|Now
|c|★BladePrincess|Can you make a smart play and finish me
|choice|move 3|move 4
|
|move|p1a: BladePrincess|Thunder Wave|p2a: Chansey
|-fail|p2a: Chansey|par
|move|p2a: Chansey|Thunder Wave|p1a: BladePrincess
|-fail|p1a: BladePrincess|par
|
|turn|102
|choice|move 3|move 4
|
|move|p1a: BladePrincess|Thunder Wave|p2a: Chansey
|-fail|p2a: Chansey|par
|cant|p2a: Chansey|par
|
|turn|103
|choice|move 3|move 4
|
|move|p2a: Chansey|Thunder Wave|p1a: BladePrincess
|-fail|p1a: BladePrincess|par
|move|p1a: BladePrincess|Thunder Wave|p2a: Chansey
|-fail|p2a: Chansey|par
|
|turn|104
|c|★shahdoost|this is kind the only thing I can do
|c|★BladePrincess|But you lose
|c|★shahdoost|if I send out snorlax, he dies. and starmie won't be able to do anything
|choice|move 3|move 4
|
|cant|p1a: BladePrincess|par
|cant|p2a: Chansey|par
|
|turn|105
|c|★BladePrincess|You have your trump card though?
|c|★BladePrincess|The mon I can't see.
|c|★shahdoost|indeed
|choice|move 3|move 4
|
|move|p1a: BladePrincess|Thunder Wave|p2a: Chansey
|-fail|p2a: Chansey|par
|move|p2a: Chansey|Thunder Wave|p1a: BladePrincess
|-fail|p1a: BladePrincess|par
|
|turn|106
|choice|move 3|move 4
|
|move|p1a: BladePrincess|Thunder Wave|p2a: Chansey
|-fail|p2a: Chansey|par
|cant|p2a: Chansey|par
|
|turn|107
|choice|move 3|move 4
|
|move|p1a: BladePrincess|Thunder Wave|p2a: Chansey
|-fail|p2a: Chansey|par
|move|p2a: Chansey|Thunder Wave|p1a: BladePrincess
|-fail|p1a: BladePrincess|par
|
|turn|108
|c|★shahdoost|but you have yours too
|choice|move 3|move 4
|
|move|p2a: Chansey|Thunder Wave|p1a: BladePrincess
|-fail|p1a: BladePrincess|par
|cant|p1a: BladePrincess|par
|
|turn|109
|c|★BladePrincess|I guess.
|c|★shahdoost|and I don't want mine paralyzed
|choice|move 3|move 4
|
|cant|p2a: Chansey|par
|cant|p1a: BladePrincess|par
|
|turn|110
|choice|move 3|move 4
|
|move|p2a: Chansey|Thunder Wave|p1a: BladePrincess
|-fail|p1a: BladePrincess|par
|move|p1a: BladePrincess|Thunder Wave|p2a: Chansey
|-fail|p2a: Chansey|par
|
|turn|111
|choice|move 3|move 4
|
|move|p1a: BladePrincess|Thunder Wave|p2a: Chansey
|-fail|p2a: Chansey|par
|move|p2a: Chansey|Thunder Wave|p1a: BladePrincess
|-fail|p1a: BladePrincess|par
|
|turn|112
|c|★BladePrincess|Well your almost out of T-Waves
|choice|move 3|move 4
|
|move|p1a: BladePrincess|Thunder Wave|p2a: Chansey
|-fail|p2a: Chansey|par
|move|p2a: Chansey|Thunder Wave|p1a: BladePrincess
|-fail|p1a: BladePrincess|par
|
|turn|113
|c|★shahdoost|indeed
|c|★BladePrincess|Ah Gen1OU
|c|★BladePrincess|So stally
|choice|move 3|move 3
|
|move|p2a: Chansey|Thunderbolt|p1a: BladePrincess
|-damage|p1a: BladePrincess|624\/703 par
|cant|p1a: BladePrincess|par
|
|turn|114
|c|★shahdoost|gen 2 can be worse
|choice|move 3|move 3
|
|cant|p1a: BladePrincess|par
|move|p2a: Chansey|Thunderbolt|p1a: BladePrincess
|-damage|p1a: BladePrincess|552\/703 par
|
|turn|115
|c|★BladePrincess|Ew leftovers
|choice|move 3|move 3
|
|cant|p2a: Chansey|par
|move|p1a: BladePrincess|Thunder Wave|p2a: Chansey
|-fail|p2a: Chansey|par
|
|turn|116
|choice|move 3|move 3
|
|cant|p2a: Chansey|par
|cant|p1a: BladePrincess|par
|
|turn|117
|choice|move 3|move 3
|
|move|p1a: BladePrincess|Thunder Wave|p2a: Chansey
|-fail|p2a: Chansey|par
|move|p2a: Chansey|Thunderbolt|p1a: BladePrincess
|-damage|p1a: BladePrincess|475\/703 par
|
|turn|118
|choice|move 3|move 3
|
|move|p1a: BladePrincess|Thunder Wave|p2a: Chansey
|-fail|p2a: Chansey|par
|move|p2a: Chansey|Thunderbolt|p1a: BladePrincess
|-damage|p1a: BladePrincess|406\/703 par
|
|turn|119
|choice|move 1|move 3
|
|move|p2a: Chansey|Thunderbolt|p1a: BladePrincess
|-damage|p1a: BladePrincess|328\/703 par
|move|p1a: BladePrincess|Ice Beam|p2a: Chansey
|-damage|p2a: Chansey|333\/703 par
|
|turn|120
|choice|move 2|move 2
|
|move|p1a: BladePrincess|Soft-Boiled|p1a: BladePrincess
|-heal|p1a: BladePrincess|679\/703 par
|move|p2a: Chansey|Soft-Boiled|p2a: Chansey
|-heal|p2a: Chansey|684\/703 par
|
|turn|121
|choice|move 1|move 1
|
|move|p1a: BladePrincess|Ice Beam|p2a: Chansey
|-damage|p2a: Chansey|613\/703 par
|move|p2a: Chansey|Blizzard|p1a: BladePrincess
|-damage|p1a: BladePrincess|582\/703 par
|
|turn|122
|choice|move 1|move 1
|
|move|p1a: BladePrincess|Ice Beam|p2a: Chansey
|-damage|p2a: Chansey|539\/703 par
|cant|p2a: Chansey|par
|
|turn|123
|choice|move 1|move 1
|
|move|p2a: Chansey|Blizzard|p1a: BladePrincess
|-damage|p1a: BladePrincess|487\/703 par
|cant|p1a: BladePrincess|par
|
|turn|124
|choice|move 1|move 1
|
|move|p2a: Chansey|Blizzard|p1a: BladePrincess
|-damage|p1a: BladePrincess|391\/703 par
|move|p1a: BladePrincess|Ice Beam|p2a: Chansey
|-damage|p2a: Chansey|462\/703 par
|
|turn|125
|choice|move 2|move 1
|
|cant|p1a: BladePrincess|par
|move|p2a: Chansey|Blizzard|p1a: BladePrincess
|-damage|p1a: BladePrincess|293\/703 par
|
|turn|126
|choice|move 2|move 1
|
|cant|p1a: BladePrincess|par
|move|p2a: Chansey|Blizzard|p1a: BladePrincess
|-crit|p1a: BladePrincess
|-damage|p1a: BladePrincess|113\/703 par
|
|turn|127
|c|★BladePrincess|No plz
|c|★BladePrincess|PLZ
|choice|move 2|move 1
|
|move|p2a: Chansey|Blizzard|p1a: BladePrincess
|-damage|p1a: BladePrincess|24\/703 par
|move|p1a: BladePrincess|Soft-Boiled|p1a: BladePrincess
|-heal|p1a: BladePrincess|375\/703 par
|
|turn|128
|c|★BladePrincess|Phew
|c|★shahdoost|that would have been so funny
|choice|move 2|move 2
|
|cant|p1a: BladePrincess|par
|cant|p2a: Chansey|par
|
|turn|129
|choice|move 2|move 2
|
|cant|p1a: BladePrincess|par
|cant|p2a: Chansey|par
|
|turn|130
|choice|move 2|move 2
|
|move|p1a: BladePrincess|Soft-Boiled|p1a: BladePrincess
|-heal|p1a: BladePrincess|703\/703 par
|move|p2a: Chansey|Soft-Boiled|p2a: Chansey
|-heal|p2a: Chansey|703\/703 par
|
|turn|131
|c|★BladePrincess|Saving this replay
|choice|move 4|move 2
|
|cant|p2a: Chansey|par
|move|p1a: BladePrincess|Thunderbolt|p2a: Chansey
|-damage|p2a: Chansey|625\/703 par
|
|turn|132
|choice|move 2|move 2
|
|move|p1a: BladePrincess|Soft-Boiled|p1a: BladePrincess
|-fail|p1a: BladePrincess
|move|p2a: Chansey|Soft-Boiled|p2a: Chansey
|-heal|p2a: Chansey|703\/703 par
|
|turn|133
|choice|move 2|move 2
|
|move|p1a: BladePrincess|Soft-Boiled|p1a: BladePrincess
|-fail|p1a: BladePrincess
|move|p2a: Chansey|Soft-Boiled|p2a: Chansey
|-fail|p2a: Chansey
|
|turn|134
|choice|move 2|move 2
|
|move|p1a: BladePrincess|Soft-Boiled|p1a: BladePrincess
|-fail|p1a: BladePrincess
|cant|p2a: Chansey|par
|
|turn|135
|j|Dis
|choice|move 2|move 2
|
|move|p1a: BladePrincess|Soft-Boiled|p1a: BladePrincess
|-fail|p1a: BladePrincess
|move|p2a: Chansey|Soft-Boiled|p2a: Chansey
|-fail|p2a: Chansey
|
|turn|136
|choice|move 4|move 2
|
|move|p2a: Chansey|Soft-Boiled|p2a: Chansey
|-fail|p2a: Chansey
|move|p1a: BladePrincess|Thunderbolt|p2a: Chansey
|-damage|p2a: Chansey|629\/703 par
|
|turn|137
|j|Rafooa11
|c| Rafooa11|gen 1 ou
|c| Rafooa11|this is the real deal
|c|★BladePrincess|It's stally ik, but never this stally
|c|★BladePrincess|usually
|choice|move 2|move 2
|
|cant|p1a: BladePrincess|par
|move|p2a: Chansey|Soft-Boiled|p2a: Chansey
|-heal|p2a: Chansey|703\/703 par
|
|turn|138
|c| Rafooa11|oh u named ur mons after users
|c| Rafooa11|why is micro a dnite
|c|★BladePrincess|Idk
|c|★shahdoost|IT'S ALWAYS LIKE THIS
|c|★BladePrincess|This is my longest gen1Ou battle
|choice|move 2|move 2
|
|cant|p2a: Chansey|par
|move|p1a: BladePrincess|Soft-Boiled|p1a: BladePrincess
|-fail|p1a: BladePrincess
|
|turn|139
|c|★BladePrincess|Other longest was like
|c| Dis|What's 21
|l|Rafooa11
|choice|move 2|move 2
|
|move|p2a: Chansey|Soft-Boiled|p2a: Chansey
|-fail|p2a: Chansey
|move|p1a: BladePrincess|Soft-Boiled|p1a: BladePrincess
|-fail|p1a: BladePrincess
|
|turn|140
|choice|move 2|move 2
|
|move|p2a: Chansey|Soft-Boiled|p2a: Chansey
|-fail|p2a: Chansey
|move|p1a: BladePrincess|Soft-Boiled|p1a: BladePrincess
|-fail|p1a: BladePrincess
|
|turn|141
|c|★BladePrincess|You there?
|choice|move 4|move 4
|
|move|p2a: Chansey|Thunder Wave|p1a: BladePrincess
|-fail|p1a: BladePrincess|par
|move|p1a: BladePrincess|Thunderbolt|p2a: Chansey
|-damage|p2a: Chansey|623\/703 par
|
|turn|142
|c|★BladePrincess|Finally
|c| Dis|2 more moves
|c| Dis|then struggle
|choice|move 4|move 1
|
|move|p2a: Chansey|Struggle|p1a: BladePrincess
|-damage|p1a: BladePrincess|639\/703 par
|-damage|p2a: Chansey|591\/703 par|[from] recoil|[of] p1a: BladePrincess
|move|p1a: BladePrincess|Thunderbolt|p2a: Chansey
|-damage|p2a: Chansey|519\/703 par
|
|turn|143
|c|★BladePrincess|Oh gosh
|c|★BladePrincess|Struggle is different in Gen 1
|c|★BladePrincess|Oh please help
|choice|move 2|move 1
|
|move|p2a: Chansey|Struggle|p1a: BladePrincess
|-crit|p1a: BladePrincess
|-damage|p1a: BladePrincess|520\/703 par
|-damage|p2a: Chansey|460\/703 par|[from] recoil|[of] p1a: BladePrincess
|cant|p1a: BladePrincess|par
|
|turn|144
|c| Dis|noh
|choice|move 2|move 1
|
|move|p2a: Chansey|Struggle|p1a: BladePrincess
|-damage|p1a: BladePrincess|457\/703 par
|-damage|p2a: Chansey|429\/703 par|[from] recoil|[of] p1a: BladePrincess
|move|p1a: BladePrincess|Soft-Boiled|p1a: BladePrincess
|-heal|p1a: BladePrincess|703\/703 par
|
|turn|145
|c| Dis|Don't help
|choice|move 1|switch 6
|
|switch|p2a: Snorlax|Snorlax|120\/523 par
|move|p1a: BladePrincess|Struggle|p2a: Snorlax
|-damage|p2a: Snorlax|93\/523 par
|-damage|p1a: BladePrincess|690\/703 par|[from] recoil|[of] p2a: Snorlax
|
|turn|146
|choice|switch 4|move 1
|
|switch|p1a: Champ1604|Jolteon|333\/333
|move|p2a: Snorlax|Amnesia|p2a: Snorlax
|-boost|p2a: Snorlax|spd|2
|-boost|p2a: Snorlax|spa|2
|
|turn|147
|c|★BladePrincess|Please
|c|★BladePrincess|fucking work
|choice|move 1|move 4
|
|move|p1a: Champ1604|Thunderbolt|p2a: Snorlax
|-damage|p2a: Snorlax|16\/523 par
|cant|p2a: Snorlax|par
|
|turn|148
|c|★BladePrincess|YES
|choice|move 1|move 4
|
|move|p1a: Champ1604|Thunderbolt|p2a: Snorlax
|-damage|p2a: Snorlax|0 fnt
|faint|p2a: Snorlax
|c|★BladePrincess|Woo
|choice||switch 3
|
|switch|p2a: Alakazam|Alakazam|313\/313
|turn|149
|c|★BladePrincess|Oh shit here we go
|choice|switch 4|move 4
|
|switch|p1a: BladePrincess|Chansey|690\/703 par
|move|p2a: Alakazam|Thunder Wave|p1a: BladePrincess
|-fail|p1a: BladePrincess|par
|
|turn|150
|choice|move 1|switch 6
|
|switch|p2a: Chansey|Chansey|429\/703 par
|move|p1a: BladePrincess|Struggle|p2a: Chansey
|-crit|p2a: Chansey
|-damage|p2a: Chansey|306\/703 par
|-damage|p1a: BladePrincess|629\/703 par|[from] recoil|[of] p2a: Chansey
|
|turn|151
|choice|move 1|move 1
|
|move|p1a: BladePrincess|Struggle|p2a: Chansey
|-damage|p2a: Chansey|243\/703 par
|-damage|p1a: BladePrincess|598\/703 par|[from] recoil|[of] p2a: Chansey
|move|p2a: Chansey|Struggle|p1a: BladePrincess
|-damage|p1a: BladePrincess|535\/703 par
|-damage|p2a: Chansey|212\/703 par|[from] recoil|[of] p1a: BladePrincess
|
|turn|152
|choice|move 1|move 1
|
|move|p2a: Chansey|Struggle|p1a: BladePrincess
|-crit|p1a: BladePrincess
|-damage|p1a: BladePrincess|413\/703 par
|-damage|p2a: Chansey|151\/703 par|[from] recoil|[of] p1a: BladePrincess
|move|p1a: BladePrincess|Struggle|p2a: Chansey
|-damage|p2a: Chansey|94\/703 par
|-damage|p1a: BladePrincess|385\/703 par|[from] recoil|[of] p2a: Chansey
|
|turn|153
|choice|move 1|move 1
|
|move|p2a: Chansey|Struggle|p1a: BladePrincess
|-damage|p1a: BladePrincess|329\/703 par
|-damage|p2a: Chansey|66\/703 par|[from] recoil|[of] p1a: BladePrincess
|move|p1a: BladePrincess|Struggle|p2a: Chansey
|-damage|p2a: Chansey|9\/703 par
|-damage|p1a: BladePrincess|301\/703 par|[from] recoil|[of] p2a: Chansey
|
|turn|154
|choice|move 1|move 1
|
|move|p1a: BladePrincess|Struggle|p2a: Chansey
|-damage|p2a: Chansey|0 fnt
|-damage|p1a: BladePrincess|297\/703 par|[from] recoil|[of] p2a: Chansey
|faint|p2a: Chansey
|choice||switch 6
|
|switch|p2a: Alakazam|Alakazam|313\/313
|turn|155
|choice|move 1|move 3
|
|move|p2a: Alakazam|Reflect|p2a: Alakazam
|-start|p2a: Alakazam|Reflect
|move|p1a: BladePrincess|Struggle|p2a: Alakazam
|-damage|p2a: Alakazam|294\/313
|-damage|p1a: BladePrincess|288\/703 par|[from] recoil|[of] p2a: Alakazam
|
|turn|156
|choice|move 1|move 1
|
|move|p2a: Alakazam|Psychic|p1a: BladePrincess
|-damage|p1a: BladePrincess|171\/703 par
|-unboost|p1a: BladePrincess|spd|1
|-unboost|p1a: BladePrincess|spa|1
|move|p1a: BladePrincess|Struggle|p2a: Alakazam
|-damage|p2a: Alakazam|274\/313
|-damage|p1a: BladePrincess|161\/703 par|[from] recoil|[of] p2a: Alakazam
|
|turn|157
|choice|move 1|move 1
|
|move|p2a: Alakazam|Psychic|p1a: BladePrincess
|-damage|p1a: BladePrincess|0 fnt
|faint|p1a: BladePrincess
|choice|switch 4|
|
|switch|p1a: Champ1604|Jolteon|333\/333
|turn|158
|choice|move 2|move 4
|
|move|p1a: Champ1604|Thunder Wave|p2a: Alakazam
|-status|p2a: Alakazam|par
|move|p2a: Alakazam|Thunder Wave|p1a: Champ1604
|-status|p1a: Champ1604|par
|
|turn|159
|choice|move 3|move 1
|
|move|p1a: Champ1604|Pin Missile|p2a: Alakazam|[miss]
|-miss|p1a: Champ1604
|move|p2a: Alakazam|Psychic|p1a: Champ1604
|-damage|p1a: Champ1604|210\/333 par
|
|turn|160
|choice|move 3|move 1
|
|move|p1a: Champ1604|Pin Missile|p2a: Alakazam
|-supereffective|p2a: Alakazam
|-damage|p2a: Alakazam|258\/313 par
|-damage|p2a: Alakazam|242\/313 par
|-damage|p2a: Alakazam|226\/313 par
|-damage|p2a: Alakazam|210\/313 par
|-damage|p2a: Alakazam|194\/313 par
|-hitcount|p2a: Alakazam|5
|move|p2a: Alakazam|Psychic|p1a: Champ1604
|-crit|p1a: Champ1604
|-damage|p1a: Champ1604|0 fnt
|faint|p1a: Champ1604
|
|win|shahdoost
|player|p1
|player|p2
|raw|BladePrincess's rating: 1063 &rarr; <strong>1053<\/strong><br \/>(-10 for losing)
|raw|shahdoost's rating: 1242 &rarr; <strong>1255<\/strong><br \/>(+13 for winning)
|c|★BladePrincess|Sigh gg