|join|alksdjflkdj
|join|yaldyyyy
|player|p1|alksdjflkdj|2
|player|p2|yaldyyyy|101
|gametype|singles
|gen|1
|tier|[Gen 1] Random Battle
|rated
|rule|Sleep Clause Mod: Limit one foe put to sleep
|rule|Freeze Clause Mod: Limit one foe frozen
|rule|HP Percentage Mod: HP is shown in percentages
|
|start
|switch|p1a: Meowth|Meowth, L96|272\/272
|switch|p2a: Hitmonlee|Hitmonlee, L90|273\/273
|turn|1
|
|move|p1a: Meowth|Body Slam|p2a: Hitmonlee
|-damage|p2a: Hitmonlee|176\/273
|move|p2a: Hitmonlee|Counter|p1a: Meowth
|-damage|p1a: Meowth|78\/272
|
|turn|2
|
|move|p1a: Meowth|Slash|p2a: Hitmonlee
|-crit|p2a: Hitmonlee
|-damage|p2a: Hitmonlee|33\/273
|move|p2a: Hitmonlee|Body Slam|p1a: Meowth
|-damage|p1a: Meowth|0 fnt
|faint|p1a: Meowth
|
|switch|p1a: Electabuzz|Electabuzz, L85|284\/284
|turn|3
|
|move|p1a: Electabuzz|Psychic|p2a: Hitmonlee
|-supereffective|p2a: Hitmonlee
|-damage|p2a: Hitmonlee|0 fnt
|faint|p2a: Hitmonlee
|
|switch|p2a: Dratini|Dratini, L96|274\/274
|turn|4
|
|switch|p1a: Snorlax|Snorlax, L79|415\/415
|move|p2a: Dratini|Blizzard|p1a: Snorlax
|-damage|p1a: Snorlax|318\/415
|
|turn|5
|
|switch|p2a: Tentacool|Tentacool, L96|272\/272
|move|p1a: Snorlax|Amnesia|p1a: Snorlax
|-boost|p1a: Snorlax|spd|2
|-boost|p1a: Snorlax|spa|2
|
|turn|6
|
|move|p2a: Tentacool|Hydro Pump|p1a: Snorlax|[miss]
|-miss|p2a: Tentacool
|move|p1a: Snorlax|Blizzard|p2a: Tentacool
|-resisted|p2a: Tentacool
|-damage|p2a: Tentacool|225\/272
|
|turn|7
|
|move|p2a: Tentacool|Hydro Pump|p1a: Snorlax
|-damage|p1a: Snorlax|208\/415
|move|p1a: Snorlax|Amnesia|p1a: Snorlax
|-boost|p1a: Snorlax|spd|2
|-boost|p1a: Snorlax|spa|2
|
|turn|8
|
|move|p2a: Tentacool|Hydro Pump|p1a: Snorlax
|-damage|p1a: Snorlax|136\/415
|move|p1a: Snorlax|Blizzard|p2a: Tentacool
|-resisted|p2a: Tentacool
|-damage|p2a: Tentacool|161\/272
|
|turn|9
|
|move|p2a: Tentacool|Hydro Pump|p1a: Snorlax|[miss]
|-miss|p2a: Tentacool
|move|p1a: Snorlax|Rest|p1a: Snorlax
|-status|p1a: Snorlax|slp
|-heal|p1a: Snorlax|415\/415 slp|[silent]
|-status|p1a: Snorlax|slp|[from] move: Rest
|
|turn|10
|
|move|p2a: Tentacool|Swords Dance|p2a: Tentacool
|-boost|p2a: Tentacool|atk|2
|cant|p1a: Snorlax|slp
|
|turn|11
|
|move|p2a: Tentacool|Swords Dance|p2a: Tentacool
|-boost|p2a: Tentacool|atk|2
|-curestatus|p1a: Snorlax|slp
|
|turn|12
|
|move|p2a: Tentacool|Double-Edge|p1a: Snorlax
|-damage|p1a: Snorlax|216\/415
|-damage|p2a: Tentacool|112\/272|[from] recoil|[of] p1a: Snorlax
|move|p1a: Snorlax|Blizzard|p2a: Tentacool
|-resisted|p2a: Tentacool
|-damage|p2a: Tentacool|38\/272
|
|turn|13
|
|move|p2a: Tentacool|Hydro Pump|p1a: Snorlax|[miss]
|-miss|p2a: Tentacool
|move|p1a: Snorlax|Ice Beam|p2a: Tentacool
|-resisted|p2a: Tentacool
|-damage|p2a: Tentacool|0 fnt
|faint|p2a: Tentacool
|
|switch|p2a: Chansey|Chansey, L79|557\/557
|turn|14
|
|move|p1a: Snorlax|Blizzard|p2a: Chansey
|-damage|p2a: Chansey|394\/557
|-status|p2a: Chansey|frz
|cant|p2a: Chansey|frz
|
|turn|15
|-message|yaldyyyy forfeited.
|
|win|alksdjflkdj
|raw|Ladder updating...
|leave|yaldyyyy
|player|p2
|raw|alksdjflkdj's rating: 1040 &rarr; <strong>1078<\/strong><br \/>(+38 for winning)
|raw|yaldyyyy's rating: 1086 &rarr; <strong>1060<\/strong><br \/>(-26 for losing)