|join|Abstrix
|join|Kyle1717
|player|p1|Abstrix|8
|player|p2|Kyle1717|102
|gametype|singles
|gen|1
|tier|[Gen 1] Random Battle
|rated
|rule|Sleep Clause Mod: Limit one foe put to sleep
|rule|Freeze Clause Mod: Limit one foe frozen
|rule|HP Percentage Mod: HP is shown in percentages
|
|start
|switch|p1a: Haunter|Haunter, L85|250\/250
|switch|p2a: Hitmonchan|Hitmonchan, L90|273\/273
|turn|1
|
|switch|p2a: Drowzee|Drowzee, L96|310\/310
|move|p1a: Haunter|Psychic|p2a: Drowzee
|-crit|p2a: Drowzee
|-resisted|p2a: Drowzee
|-damage|p2a: Drowzee|247\/310
|
|turn|2
|
|move|p1a: Haunter|Hypnosis|p2a: Drowzee
|-status|p2a: Drowzee|slp
|cant|p2a: Drowzee|slp
|
|turn|3
|
|move|p1a: Haunter|Confuse Ray|p2a: Drowzee
|-start|p2a: Drowzee|confusion
|-curestatus|p2a: Drowzee|slp
|
|turn|4
|
|move|p1a: Haunter|Hypnosis|p2a: Drowzee|[miss]
|-miss|p1a: Haunter
|-activate|p2a: Drowzee|confusion
|move|p2a: Drowzee|Psychic|p1a: Haunter
|-supereffective|p1a: Haunter
|-damage|p1a: Haunter|44\/250
|
|turn|5
|
|move|p1a: Haunter|Hypnosis|p2a: Drowzee
|-status|p2a: Drowzee|slp
|cant|p2a: Drowzee|slp
|
|turn|6
|
|move|p1a: Haunter|Psychic|p2a: Drowzee
|-crit|p2a: Drowzee
|-resisted|p2a: Drowzee
|-damage|p2a: Drowzee|188\/310 slp
|cant|p2a: Drowzee|slp
|
|turn|7
|
|move|p1a: Haunter|Mega Drain|p2a: Drowzee
|-damage|p2a: Drowzee|159\/310 slp
|-heal|p1a: Haunter|58\/250|[from] drain|[of] p2a: Drowzee
|cant|p2a: Drowzee|slp
|
|turn|8
|
|move|p1a: Haunter|Psychic|p2a: Drowzee
|-resisted|p2a: Drowzee
|-damage|p2a: Drowzee|129\/310 slp
|cant|p2a: Drowzee|slp
|
|turn|9
|
|move|p1a: Haunter|Psychic|p2a: Drowzee
|-resisted|p2a: Drowzee
|-damage|p2a: Drowzee|101\/310 slp
|-unboost|p2a: Drowzee|spd|1
|-unboost|p2a: Drowzee|spa|1
|-curestatus|p2a: Drowzee|slp
|
|turn|10
|
|move|p1a: Haunter|Hypnosis|p2a: Drowzee|[miss]
|-miss|p1a: Haunter
|-activate|p2a: Drowzee|confusion
|-damage|p2a: Drowzee|66\/310|[from] confusion
|
|turn|11
|
|move|p1a: Haunter|Hypnosis|p2a: Drowzee|[miss]
|-miss|p1a: Haunter
|-activate|p2a: Drowzee|confusion
|move|p2a: Drowzee|Rest|p2a: Drowzee
|-status|p2a: Drowzee|slp
|-heal|p2a: Drowzee|310\/310 slp|[silent]
|-status|p2a: Drowzee|slp|[from] move: Rest
|
|turn|12
|
|switch|p1a: Jolteon|Jolteon, L79|265\/265
|switch|p2a: Dragonite|Dragonite, L85|328\/328
|
|turn|13
|
|move|p1a: Jolteon|Thunderbolt|p2a: Dragonite
|-crit|p2a: Dragonite
|-damage|p2a: Dragonite|161\/328
|move|p2a: Dragonite|Thunder Wave|p1a: Jolteon
|-status|p1a: Jolteon|par
|
|turn|14
|
|switch|p2a: Onix|Onix, L90|246\/246
|move|p1a: Jolteon|Thunder Wave|p2a: Onix
|-immune|p2a: Onix|[msg]
|
|turn|15
|
|switch|p1a: Dragonite|Dragonite, L85|328\/328
|move|p2a: Onix|Rock Slide|p1a: Dragonite
|-supereffective|p1a: Dragonite
|-damage|p1a: Dragonite|220\/328
|
|turn|16
|
|move|p1a: Dragonite|Blizzard|p2a: Onix
|-supereffective|p2a: Onix
|-damage|p2a: Onix|0 fnt
|faint|p2a: Onix
|
|switch|p2a: Magnemite|Magnemite, L96|243\/243
|turn|17
|
|move|p1a: Dragonite|Blizzard|p2a: Magnemite
|-damage|p2a: Magnemite|166\/243
|move|p2a: Magnemite|Thunder Wave|p1a: Dragonite
|-status|p1a: Dragonite|par
|
|turn|18
|
|move|p2a: Magnemite|Thunderbolt|p1a: Dragonite
|-damage|p1a: Dragonite|99\/328 par
|move|p1a: Dragonite|Agility|p1a: Dragonite
|-boost|p1a: Dragonite|spe|2
|
|turn|19
|
|move|p1a: Dragonite|Blizzard|p2a: Magnemite
|-damage|p2a: Magnemite|93\/243
|move|p2a: Magnemite|Thunderbolt|p1a: Dragonite
|-damage|p1a: Dragonite|0 fnt
|faint|p1a: Dragonite
|
|switch|p1a: Dugtrio|Dugtrio, L85|233\/233
|turn|20
|
|switch|p2a: Dragonite|Dragonite, L85|161\/328
|move|p1a: Dugtrio|Slash|p2a: Dragonite
|-crit|p2a: Dragonite
|-damage|p2a: Dragonite|71\/328
|
|turn|21
|
|move|p1a: Dugtrio|Slash|p2a: Dragonite
|-crit|p2a: Dragonite
|-damage|p2a: Dragonite|0 fnt
|faint|p2a: Dragonite
|join|SkillGame
|
|switch|p2a: Hitmonchan|Hitmonchan, L90|273\/273
|turn|22
|
|switch|p1a: Haunter|Haunter, L85|58\/250
|move|p2a: Hitmonchan|Counter|p1a: Haunter
|-damage|p1a: Haunter|0 fnt
|faint|p1a: Haunter
|c|★Kyle1717|wat
|c|★Abstrix|?!
|c|★Abstrix|WTF
|c|★Abstrix|Counter on a ghost ? how ?
|
|switch|p1a: Starmie|Starmie, L79|257\/257
|turn|23
|c|★Kyle1717|scrappy
|
|switch|p2a: Drowzee|Drowzee, L96|310\/310 slp
|move|p1a: Starmie|Blizzard|p2a: Drowzee
|-damage|p2a: Drowzee|248\/310 slp
|
|turn|24
|c|★Kyle1717|dude i have no ida
|
|move|p1a: Starmie|Surf|p2a: Drowzee
|-damage|p2a: Drowzee|173\/310 slp
|cant|p2a: Drowzee|slp
|
|turn|25
|
|move|p1a: Starmie|Surf|p2a: Drowzee
|-damage|p2a: Drowzee|95\/310 slp
|-curestatus|p2a: Drowzee|slp
|
|turn|26
|
|switch|p1a: Jolteon|Jolteon, L79|265\/265 par
|move|p2a: Drowzee|Rest|p2a: Drowzee
|-status|p2a: Drowzee|slp
|-heal|p2a: Drowzee|310\/310 slp|[silent]
|-status|p2a: Drowzee|slp|[from] move: Rest
|
|turn|27
|
|cant|p2a: Drowzee|slp
|move|p1a: Jolteon|Sand Attack|p2a: Drowzee
|-unboost|p2a: Drowzee|accuracy|1
|
|turn|28
|
|-curestatus|p2a: Drowzee|slp
|move|p1a: Jolteon|Thunder Wave|p2a: Drowzee
|-status|p2a: Drowzee|par
|
|turn|29
|
|move|p1a: Jolteon|Thunderbolt|p2a: Drowzee
|-damage|p2a: Drowzee|233\/310 par
|move|p2a: Drowzee|Psychic|p1a: Jolteon
|-damage|p1a: Jolteon|161\/265 par
|-unboost|p1a: Jolteon|spd|1
|-unboost|p1a: Jolteon|spa|1
|
|turn|30
|
|switch|p2a: Magnemite|Magnemite, L96|93\/243
|cant|p1a: Jolteon|par
|
|turn|31
|
|switch|p2a: Drowzee|Drowzee, L96|233\/310 par
|switch|p1a: Dugtrio|Dugtrio, L85|233\/233
|
|turn|32
|
|switch|p1a: Jolteon|Jolteon, L79|161\/265 par
|move|p2a: Drowzee|Counter|p1a: Jolteon
|-fail|p2a: Drowzee
|
|turn|33
|
|move|p1a: Jolteon|Sand Attack|p2a: Drowzee
|-unboost|p2a: Drowzee|accuracy|1
|move|p2a: Drowzee|Rest|p2a: Drowzee
|-status|p2a: Drowzee|slp
|-heal|p2a: Drowzee|310\/310 slp|[silent]
|-status|p2a: Drowzee|slp|[from] move: Rest
|
|turn|34
|
|move|p1a: Jolteon|Double Kick|p2a: Drowzee
|-resisted|p2a: Drowzee
|-damage|p2a: Drowzee|301\/310 slp
|-damage|p2a: Drowzee|292\/310 slp
|-hitcount|p2a: Drowzee|2
|cant|p2a: Drowzee|slp
|
|turn|35
|
|cant|p1a: Jolteon|par
|-curestatus|p2a: Drowzee|slp
|
|turn|36
|
|move|p1a: Jolteon|Thunder Wave|p2a: Drowzee
|-status|p2a: Drowzee|par
|move|p2a: Drowzee|Psychic|p1a: Jolteon|[miss]
|-miss|p2a: Drowzee
|
|turn|37
|
|move|p1a: Jolteon|Sand Attack|p2a: Drowzee
|-unboost|p2a: Drowzee|accuracy|1
|move|p2a: Drowzee|Psychic|p1a: Jolteon
|-damage|p1a: Jolteon|57\/265 par
|-unboost|p1a: Jolteon|spd|1
|-unboost|p1a: Jolteon|spa|1
|
|turn|38
|leave|SkillGame
|
|switch|p2a: Magnemite|Magnemite, L96|93\/243
|move|p1a: Jolteon|Sand Attack|p2a: Magnemite
|-unboost|p2a: Magnemite|accuracy|1
|
|turn|39
|
|switch|p2a: Drowzee|Drowzee, L96|292\/310 par
|cant|p1a: Jolteon|par
|
|turn|40
|
|move|p2a: Drowzee|Psychic|p1a: Jolteon
|-damage|p1a: Jolteon|0 fnt
|faint|p1a: Jolteon
|
|switch|p1a: Starmie|Starmie, L79|257\/257
|turn|41
|
|move|p1a: Starmie|Surf|p2a: Drowzee
|-damage|p2a: Drowzee|207\/310 par
|cant|p2a: Drowzee|par
|
|turn|42
|
|move|p1a: Starmie|Surf|p2a: Drowzee
|-damage|p2a: Drowzee|122\/310 par
|cant|p2a: Drowzee|par
|
|turn|43
|
|move|p1a: Starmie|Surf|p2a: Drowzee
|-crit|p2a: Drowzee
|-damage|p2a: Drowzee|0 fnt
|faint|p2a: Drowzee
|
|switch|p2a: Omastar|Omastar, L90|309\/309
|turn|44
|
|move|p1a: Starmie|Thunderbolt|p2a: Omastar
|-supereffective|p2a: Omastar
|-damage|p2a: Omastar|217\/309
|move|p2a: Omastar|Mimic|p1a: Starmie
|-start|p2a: Omastar|Mimic|Recover
|
|turn|45
|
|move|p1a: Starmie|Thunderbolt|p2a: Omastar
|-supereffective|p2a: Omastar
|-damage|p2a: Omastar|129\/309
|-status|p2a: Omastar|par
|move|p2a: Omastar|Blizzard|p1a: Starmie
|-resisted|p1a: Starmie
|-damage|p1a: Starmie|206\/257
|-status|p1a: Starmie|frz
|
|turn|46
|
|switch|p1a: Dugtrio|Dugtrio, L85|233\/233
|move|p2a: Omastar|Blizzard|p1a: Dugtrio
|-supereffective|p1a: Dugtrio
|-damage|p1a: Dugtrio|0 fnt
|faint|p1a: Dugtrio
|-message|Abstrix forfeited.
|
|win|Kyle1717