|join|gaietta
|join|Dervodel
|player|p1|gaietta|112
|player|p2|Dervodel|238
|gametype|singles
|gen|1
|tier|[Gen 1] Random Battle
|rated
|rule|Sleep Clause Mod: Limit one foe put to sleep
|rule|Freeze Clause Mod: Limit one foe frozen
|rule|HP Percentage Mod: HP is shown in percentages
|
|start
|switch|p1a: Rattata|Rattata, L96|252\/252
|switch|p2a: Seadra|Seadra, L90|282\/282
|turn|1
|
|switch|p2a: Eevee|Eevee, L96|300\/300
|move|p1a: Rattata|Thunderbolt|p2a: Eevee
|-damage|p2a: Eevee|253\/300
|
|turn|2
|
|move|p1a: Rattata|Super Fang|p2a: Eevee
|-damage|p2a: Eevee|127\/300
|move|p2a: Eevee|Reflect|p2a: Eevee
|-start|p2a: Eevee|Reflect
|
|turn|3
|
|move|p1a: Rattata|Blizzard|p2a: Eevee
|-damage|p2a: Eevee|70\/300
|move|p2a: Eevee|Body Slam|p1a: Rattata
|-damage|p1a: Rattata|125\/252
|
|turn|4
|
|move|p1a: Rattata|Blizzard|p2a: Eevee
|-damage|p2a: Eevee|14\/300
|move|p2a: Eevee|Body Slam|p1a: Rattata
|-damage|p1a: Rattata|1\/252
|
|turn|5
|
|move|p1a: Rattata|Thunderbolt|p2a: Eevee
|-damage|p2a: Eevee|0 fnt
|faint|p2a: Eevee
|
|switch|p2a: Seadra|Seadra, L90|282\/282
|turn|6
|
|move|p2a: Seadra|Surf|p1a: Rattata
|-damage|p1a: Rattata|0 fnt
|faint|p1a: Rattata
|
|switch|p1a: Jynx|Jynx, L79|265\/265
|turn|7
|
|move|p2a: Seadra|Hydro Pump|p1a: Jynx
|-damage|p1a: Jynx|123\/265
|move|p1a: Jynx|Lovely Kiss|p2a: Seadra
|-status|p2a: Seadra|slp
|
|turn|8
|
|switch|p2a: Jynx|Jynx, L79|265\/265
|move|p1a: Jynx|Psychic|p2a: Jynx
|-crit|p2a: Jynx
|-resisted|p2a: Jynx
|-damage|p2a: Jynx|190\/265
|
|turn|9
|
|move|p2a: Jynx|Lovely Kiss|p1a: Jynx
|-status|p1a: Jynx|slp
|cant|p1a: Jynx|slp
|
|turn|10
|
|cant|p1a: Jynx|slp
|move|p2a: Jynx|Blizzard|p1a: Jynx|[miss]
|-miss|p2a: Jynx
|
|turn|11
|
|-curestatus|p1a: Jynx|slp
|move|p2a: Jynx|Psychic|p1a: Jynx
|-resisted|p1a: Jynx
|-damage|p1a: Jynx|80\/265
|-unboost|p1a: Jynx|spd|1
|-unboost|p1a: Jynx|spa|1
|
|turn|12
|
|move|p2a: Jynx|Lovely Kiss|p1a: Jynx|[miss]
|-miss|p2a: Jynx
|move|p1a: Jynx|Psychic|p2a: Jynx
|-resisted|p2a: Jynx
|-damage|p2a: Jynx|164\/265
|
|turn|13
|
|move|p1a: Jynx|Blizzard|p2a: Jynx
|-resisted|p2a: Jynx
|-damage|p2a: Jynx|125\/265
|move|p2a: Jynx|Lovely Kiss|p1a: Jynx|[miss]
|-miss|p2a: Jynx
|
|turn|14
|
|move|p1a: Jynx|Blizzard|p2a: Jynx
|-resisted|p2a: Jynx
|-damage|p2a: Jynx|88\/265
|move|p2a: Jynx|Lovely Kiss|p1a: Jynx
|-status|p1a: Jynx|slp
|
|turn|15
|
|move|p2a: Jynx|Blizzard|p1a: Jynx
|-resisted|p1a: Jynx
|-damage|p1a: Jynx|0 fnt
|faint|p1a: Jynx
|
|switch|p1a: Arbok|Arbok, L90|291\/291
|turn|16
|
|switch|p2a: Weepinbell|Weepinbell, L85|284\/284
|move|p1a: Arbok|Hyper Beam|p2a: Weepinbell
|-damage|p2a: Weepinbell|135\/284
|
|turn|17
|-mustrecharge|p1a: Arbok
|-mustrecharge|p1a: Arbok
|
|cant|p1a: Arbok|recharge
|move|p2a: Weepinbell|Stun Spore|p1a: Arbok
|-status|p1a: Arbok|par
|
|turn|18
|
|switch|p2a: Shellder|Shellder, L96|252\/252
|cant|p1a: Arbok|par
|
|turn|19
|
|move|p2a: Shellder|Surf|p1a: Arbok
|-damage|p1a: Arbok|191\/291 par
|move|p1a: Arbok|Glare|p2a: Shellder
|-status|p2a: Shellder|par
|
|turn|20
|
|cant|p1a: Arbok|par
|cant|p2a: Shellder|par
|
|turn|21
|
|move|p1a: Arbok|Earthquake|p2a: Shellder
|-damage|p2a: Shellder|193\/252 par
|cant|p2a: Shellder|par
|
|turn|22
|
|move|p1a: Arbok|Earthquake|p2a: Shellder
|-damage|p2a: Shellder|133\/252 par
|move|p2a: Shellder|Surf|p1a: Arbok
|-damage|p1a: Arbok|91\/291 par
|
|turn|23
|
|move|p1a: Arbok|Hyper Beam|p2a: Shellder
|-damage|p2a: Shellder|43\/252 par
|cant|p2a: Shellder|par
|
|turn|24
|-mustrecharge|p1a: Arbok
|-mustrecharge|p1a: Arbok
|
|cant|p1a: Arbok|recharge
|move|p2a: Shellder|Surf|p1a: Arbok
|-damage|p1a: Arbok|0 fnt
|faint|p1a: Arbok
|
|switch|p1a: Kabutops|Kabutops, L85|276\/276
|turn|25
|
|move|p1a: Kabutops|Swords Dance|p1a: Kabutops
|-boost|p1a: Kabutops|atk|2
|move|p2a: Shellder|Explosion|p1a: Kabutops
|-resisted|p1a: Kabutops
|-damage|p1a: Kabutops|171\/276
|faint|p2a: Shellder
|
|switch|p2a: Weepinbell|Weepinbell, L85|135\/284
|turn|26
|
|move|p1a: Kabutops|Hyper Beam|p2a: Weepinbell
|-damage|p2a: Weepinbell|0 fnt
|faint|p2a: Weepinbell
|
|switch|p2a: Zapdos|Zapdos, L79|304\/304
|turn|27
|
|move|p2a: Zapdos|Thunderbolt|p1a: Kabutops
|-supereffective|p1a: Kabutops
|-damage|p1a: Kabutops|0 fnt
|faint|p1a: Kabutops
|
|switch|p1a: Tangela|Tangela, L85|284\/284
|turn|28
|
|move|p2a: Zapdos|Drill Peck|p1a: Tangela
|-supereffective|p1a: Tangela
|-damage|p1a: Tangela|165\/284
|move|p1a: Tangela|Sleep Powder|p2a: Zapdos|[miss]
|-miss|p1a: Tangela
|
|turn|29
|
|switch|p2a: Seadra|Seadra, L90|282\/282 slp
|move|p1a: Tangela|Body Slam|p2a: Seadra
|-damage|p2a: Seadra|240\/282 slp
|
|turn|30
|
|switch|p2a: Zapdos|Zapdos, L79|304\/304
|move|p1a: Tangela|Swords Dance|p1a: Tangela
|-boost|p1a: Tangela|atk|2
|
|turn|31
|
|move|p2a: Zapdos|Drill Peck|p1a: Tangela
|-crit|p1a: Tangela
|-supereffective|p1a: Tangela
|-damage|p1a: Tangela|0 fnt
|faint|p1a: Tangela
|
|switch|p1a: Arcanine|Arcanine, L85|327\/327
|turn|32
|
|move|p1a: Arcanine|Fire Blast|p2a: Zapdos
|-damage|p2a: Zapdos|211\/304
|-status|p2a: Zapdos|brn
|move|p2a: Zapdos|Thunder Wave|p1a: Arcanine
|-status|p1a: Arcanine|par
|-damage|p2a: Zapdos|192\/304 brn|[from] brn|[of] p1a: Arcanine
|
|turn|33
|
|move|p2a: Zapdos|Thunderbolt|p1a: Arcanine
|-damage|p1a: Arcanine|223\/327 par
|-damage|p2a: Zapdos|173\/304 brn|[from] brn|[of] p1a: Arcanine
|move|p1a: Arcanine|Fire Blast|p2a: Zapdos
|-damage|p2a: Zapdos|76\/304 brn
|
|turn|34
|
|move|p2a: Zapdos|Thunderbolt|p1a: Arcanine
|-damage|p1a: Arcanine|111\/327 par
|-damage|p2a: Zapdos|57\/304 brn|[from] brn|[of] p1a: Arcanine
|move|p1a: Arcanine|Fire Blast|p2a: Zapdos
|-crit|p2a: Zapdos
|-damage|p2a: Zapdos|0 fnt
|faint|p2a: Zapdos
|c|★Dervodel|omg xD
|
|switch|p2a: Seadra|Seadra, L90|240\/282 slp
|turn|35
|
|cant|p2a: Seadra|slp
|move|p1a: Arcanine|Body Slam|p2a: Seadra
|-damage|p2a: Seadra|183\/282 slp
|
|turn|36
|
|cant|p2a: Seadra|slp
|move|p1a: Arcanine|Body Slam|p2a: Seadra
|-crit|p2a: Seadra
|-damage|p2a: Seadra|62\/282 slp
|
|turn|37
|c|★Dervodel|stahp!
|
|cant|p2a: Seadra|slp
|move|p1a: Arcanine|Body Slam|p2a: Seadra
|-crit|p2a: Seadra
|-damage|p2a: Seadra|0 fnt
|faint|p2a: Seadra
|
|switch|p2a: Jynx|Jynx, L79|88\/265
|turn|38
|
|move|p2a: Jynx|Psychic|p1a: Arcanine
|-damage|p1a: Arcanine|22\/327 par
|move|p1a: Arcanine|Fire Blast|p2a: Jynx
|-supereffective|p2a: Jynx
|-damage|p2a: Jynx|0 fnt
|faint|p2a: Jynx
|
|win|gaietta
|raw|gaietta's rating: 1314 &rarr; <strong>1337<\/strong><br \/>(+23 for winning)
|raw|Dervodel's rating: 1379 &rarr; <strong>1355<\/strong><br \/>(-24 for losing)
|c|★Dervodel|that glich