|j|icm
|j|business is cool
|player|p1|icm|247
|player|p2|business is cool|82
|gametype|singles
|gen|1
|tier|[Gen 1] Random Battle
|rated
|seed|33116,63063,50936,37461
|rule|Sleep Clause Mod: Limit one foe put to sleep
|rule|Freeze Clause Mod: Limit one foe frozen
|rule|HP Percentage Mod: HP is shown in percentages
|
|start
|switch|p1a: Nidoqueen|Nidoqueen, L85|327\/327
|switch|p2a: Mew|Mew, L74|300\/300
|turn|1
|choice|switch 4|switch 2
|
|switch|p2a: Wigglytuff|Wigglytuff, L90|435\/435
|switch|p1a: Raichu|Raichu, L85|276\/276
|
|turn|2
|choice|move 2|move 2
|
|move|p1a: Raichu|Thunder Wave|p2a: Wigglytuff
|-status|p2a: Wigglytuff|par
|move|p2a: Wigglytuff|Sing|p1a: Raichu
|-status|p1a: Raichu|slp
|
|turn|3
|choice|switch 6|move 4
|
|switch|p1a: Machoke|Machoke, L85|310\/310
|move|p2a: Wigglytuff|Hyper Beam|p1a: Machoke
|-crit|p1a: Machoke
|-damage|p1a: Machoke|0 fnt
|faint|p1a: Machoke
|choice|switch 3|
|
|switch|p1a: Jynx|Jynx, L79|265\/265
|turn|4
|choice|move 1|move 3
|
|move|p1a: Jynx|Psychic|p2a: Wigglytuff
|-damage|p2a: Wigglytuff|321\/435 par
|move|p2a: Wigglytuff|Body Slam|p1a: Jynx
|-damage|p1a: Jynx|108\/265
|
|turn|5
|choice|move 4|move 4
|
|move|p1a: Jynx|Lovely Kiss|p2a: Wigglytuff|[miss]
|-miss|p1a: Jynx
|move|p2a: Wigglytuff|Hyper Beam|p1a: Jynx|[miss]
|-miss|p2a: Wigglytuff
|
|turn|6
|choice|move 4|move 4
|
|move|p1a: Jynx|Lovely Kiss|p2a: Wigglytuff
|-fail|p2a: Wigglytuff
|move|p2a: Wigglytuff|Hyper Beam|p1a: Jynx|[miss]
|-miss|p2a: Wigglytuff
|
|turn|7
|choice|move 3|move 3
|
|move|p1a: Jynx|Blizzard|p2a: Wigglytuff
|-damage|p2a: Wigglytuff|169\/435 par
|cant|p2a: Wigglytuff|par
|
|turn|8
|choice|move 3|move 4
|
|move|p1a: Jynx|Blizzard|p2a: Wigglytuff
|-damage|p2a: Wigglytuff|22\/435 par
|cant|p2a: Wigglytuff|par
|
|turn|9
|choice|move 1|move 4
|
|move|p1a: Jynx|Psychic|p2a: Wigglytuff
|-damage|p2a: Wigglytuff|0 fnt
|faint|p2a: Wigglytuff
|choice||switch 3
|
|switch|p2a: Arcanine|Arcanine, L85|327\/327
|turn|10
|choice|move 3|move 3
|
|move|p2a: Arcanine|Fire Blast|p1a: Jynx
|-crit|p1a: Jynx
|-supereffective|p1a: Jynx
|-damage|p1a: Jynx|0 fnt
|faint|p1a: Jynx
|choice|switch 5|
|
|switch|p1a: Seadra|Seadra, L90|282\/282
|turn|11
|choice|move 1|switch 2
|
|switch|p2a: Mew|Mew, L74|300\/300
|move|p1a: Seadra|Surf|p2a: Mew
|-damage|p2a: Mew|175\/300
|
|turn|12
|choice|move 2|move 1
|
|move|p1a: Seadra|Blizzard|p2a: Mew
|-damage|p2a: Mew|72\/300
|move|p2a: Mew|Thunder Wave|p1a: Seadra
|-status|p1a: Seadra|par
|
|turn|13
|choice|move 1|move 4
|
|move|p2a: Mew|Fissure|p1a: Seadra|[miss]
|-miss|p2a: Mew
|move|p1a: Seadra|Surf|p2a: Mew
|-damage|p2a: Mew|0 fnt
|faint|p2a: Mew
|choice||switch 6
|
|switch|p2a: Venusaur|Venusaur, L85|310\/310
|turn|14
|choice|move 2|move 4
|
|move|p2a: Venusaur|Razor Leaf|p1a: Seadra
|-crit|p1a: Seadra
|-supereffective|p1a: Seadra
|-damage|p1a: Seadra|58\/282 par
|move|p1a: Seadra|Blizzard|p2a: Venusaur
|-supereffective|p2a: Venusaur
|-damage|p2a: Venusaur|123\/310
|
|turn|15
|choice|move 2|move 4
|
|move|p2a: Venusaur|Razor Leaf|p1a: Seadra
|-crit|p1a: Seadra
|-supereffective|p1a: Seadra
|-damage|p1a: Seadra|0 fnt
|faint|p1a: Seadra
|choice|switch 2|
|
|switch|p1a: Cloyster|Cloyster, L83|253\/253
|turn|16
|choice|move 2|move 4
|
|move|p2a: Venusaur|Razor Leaf|p1a: Cloyster
|-crit|p1a: Cloyster
|-supereffective|p1a: Cloyster
|-damage|p1a: Cloyster|24\/253
|move|p1a: Cloyster|Blizzard|p2a: Venusaur
|-supereffective|p2a: Venusaur
|-damage|p2a: Venusaur|0 fnt
|faint|p2a: Venusaur
|choice||switch 4
|
|switch|p2a: Haunter|Haunter, L85|250\/250
|turn|17
|choice|move 1|move 3
|
|move|p2a: Haunter|Thunderbolt|p1a: Cloyster
|-supereffective|p1a: Cloyster
|-damage|p1a: Cloyster|0 fnt
|faint|p1a: Cloyster
|choice|switch 4|
|
|switch|p1a: Nidoqueen|Nidoqueen, L85|327\/327
|turn|18
|choice|move 1|move 2
|
|move|p2a: Haunter|Explosion|p1a: Nidoqueen
|-damage|p1a: Nidoqueen|147\/327
|faint|p2a: Haunter
|choice||switch 2
|
|switch|p2a: Arcanine|Arcanine, L85|327\/327
|turn|19
|choice|move 3|move 3
|
|move|p2a: Arcanine|Fire Blast|p1a: Nidoqueen
|-crit|p1a: Nidoqueen
|-damage|p1a: Nidoqueen|0 fnt
|faint|p1a: Nidoqueen
|choice|switch 6|
|
|switch|p1a: Raichu|Raichu, L85|276\/276 slp
|turn|20
|choice|move 1|move 1
|
|cant|p1a: Raichu|slp
|move|p2a: Arcanine|Hyper Beam|p1a: Raichu
|-damage|p1a: Raichu|134\/276 slp
|
|turn|21
|-mustrecharge|p2a: Arcanine
|-mustrecharge|p2a: Arcanine
|choice|move 1|move 1
|
|cant|p1a: Raichu|slp
|cant|p2a: Arcanine|recharge
|
|turn|22
|choice|move 1|move 1
|
|cant|p1a: Raichu|slp
|move|p2a: Arcanine|Hyper Beam|p1a: Raichu
|-damage|p1a: Raichu|0 fnt
|faint|p1a: Raichu
|
|win|business is cool
|player|p1
|player|p2
|raw|icm's rating: 1287 &rarr; <strong>1261<\/strong><br \/>(-26 for losing)
|raw|business is cool's rating: 1270 &rarr; <strong>1296<\/strong><br \/>(+26 for winning)
|c|★business is cool|gg
|l|icm