|j|Giju
|j|Naj101
|player|p1|Giju|198
|player|p2|Naj101|244
|gametype|singles
|gen|1
|tier|[Gen 1] OU
|rated
|seed|32043,37846,11363,19766
|rule|Sleep Clause Mod: Limit one foe put to sleep
|rule|Freeze Clause Mod: Limit one foe frozen
|rule|Species Clause: Limit one of each Pokémon
|rule|OHKO Clause: OHKO moves are banned
|rule|Evasion Moves Clause: Evasion moves are banned
|rule|HP Percentage Mod: HP is shown in percentages
|
|start
|switch|p1a: Alakazam|Alakazam|313\/313
|switch|p2a: Exeggutor|Exeggutor|393\/393
|turn|1
|choice|move 1|move 3
|
|move|p1a: Alakazam|Thunder Wave|p2a: Exeggutor
|-status|p2a: Exeggutor|par
|move|p2a: Exeggutor|Sleep Powder|p1a: Alakazam
|-status|p1a: Alakazam|slp
|
|turn|2
|choice|switch 6|move 1
|
|switch|p1a: Lapras|Lapras|463\/463
|move|p2a: Exeggutor|Psychic|p1a: Lapras
|-damage|p1a: Lapras|334\/463
|-unboost|p1a: Lapras|spd|1
|-unboost|p1a: Lapras|spa|1
|
|turn|3
|choice|move 1|move 2
|
|move|p1a: Lapras|Confuse Ray|p2a: Exeggutor
|-start|p2a: Exeggutor|confusion
|-activate|p2a: Exeggutor|confusion
|move|p2a: Exeggutor|Mega Drain|p1a: Lapras
|-crit|p1a: Lapras
|-supereffective|p1a: Lapras
|-damage|p1a: Lapras|111\/463
|
|turn|4
|choice|move 4|switch 2
|
|switch|p2a: Chansey|Chansey|703\/703
|move|p1a: Lapras|Blizzard|p2a: Chansey
|-damage|p2a: Chansey|612\/703
|
|turn|5
|choice|move 1|move 1
|
|move|p1a: Lapras|Confuse Ray|p2a: Chansey
|-start|p2a: Chansey|confusion
|-activate|p2a: Chansey|confusion
|-damage|p2a: Chansey|577\/703|[from] confusion
|
|turn|6
|choice|move 2|move 1
|
|move|p1a: Lapras|Body Slam|p2a: Chansey
|-crit|p2a: Chansey
|-damage|p2a: Chansey|281\/703
|-activate|p2a: Chansey|confusion
|-damage|p2a: Chansey|246\/703|[from] confusion
|
|turn|7
|choice|move 2|move 3
|
|move|p1a: Lapras|Body Slam|p2a: Chansey
|-damage|p2a: Chansey|86\/703
|-activate|p2a: Chansey|confusion
|-damage|p2a: Chansey|51\/703|[from] confusion
|
|turn|8
|choice|move 2|move 3
|
|move|p1a: Lapras|Body Slam|p2a: Chansey
|-damage|p2a: Chansey|0 fnt
|faint|p2a: Chansey
|choice||switch 6
|
|switch|p2a: Slowbro|Slowbro|393\/393
|turn|9
|choice|move 3|move 1
|
|move|p1a: Lapras|Thunderbolt|p2a: Slowbro
|-supereffective|p2a: Slowbro
|-damage|p2a: Slowbro|291\/393
|move|p2a: Slowbro|Amnesia|p2a: Slowbro
|-boost|p2a: Slowbro|spd|2
|-boost|p2a: Slowbro|spa|2
|
|turn|10
|choice|move 1|move 4
|
|move|p1a: Lapras|Confuse Ray|p2a: Slowbro
|-start|p2a: Slowbro|confusion
|-activate|p2a: Slowbro|confusion
|-damage|p2a: Slowbro|263\/393|[from] confusion
|
|turn|11
|choice|move 3|move 4
|
|move|p1a: Lapras|Thunderbolt|p2a: Slowbro
|-crit|p2a: Slowbro
|-supereffective|p2a: Slowbro
|-damage|p2a: Slowbro|0 fnt
|faint|p2a: Slowbro
|choice||switch 3
|
|switch|p2a: Tauros|Tauros|353\/353
|turn|12
|choice|move 1|move 1
|
|move|p2a: Tauros|Body Slam|p1a: Lapras
|-damage|p1a: Lapras|0 fnt
|faint|p1a: Lapras
|choice|switch 2|
|
|switch|p1a: Exeggutor|Exeggutor|393\/393
|turn|13
|choice|move 3|move 4
|
|move|p2a: Tauros|Substitute|p2a: Tauros
|-start|p2a: Tauros|Substitute
|-damage|p2a: Tauros|265\/353
|move|p1a: Exeggutor|Psychic|p2a: Tauros
|-end|p2a: Tauros|Substitute
|
|turn|14
|choice|move 3|move 1
|
|move|p2a: Tauros|Body Slam|p1a: Exeggutor
|-crit|p1a: Exeggutor
|-damage|p1a: Exeggutor|193\/393
|move|p1a: Exeggutor|Psychic|p2a: Tauros
|-damage|p2a: Tauros|96\/353
|
|turn|15
|choice|move 3|move 2
|
|move|p2a: Tauros|Hyper Beam|p1a: Exeggutor
|-crit|p1a: Exeggutor
|-damage|p1a: Exeggutor|0 fnt
|faint|p1a: Exeggutor
|choice|switch 4|
|
|switch|p1a: Tauros|Tauros|353\/353
|turn|16
|choice|move 1|move 1
|
|move|p1a: Tauros|Body Slam|p2a: Tauros
|-crit|p2a: Tauros
|-damage|p2a: Tauros|0 fnt
|faint|p2a: Tauros
|choice||switch 2
|
|switch|p2a: Exeggutor|Exeggutor|393\/393 par
|turn|17
|choice|switch 3|move 2
|
|switch|p1a: Chansey|Chansey|703\/703
|move|p2a: Exeggutor|Mega Drain|p1a: Chansey
|-damage|p1a: Chansey|649\/703
|
|turn|18
|choice|move 3|move 1
|
|move|p1a: Chansey|Ice Beam|p2a: Exeggutor
|-supereffective|p2a: Exeggutor
|-damage|p2a: Exeggutor|256\/393 par
|move|p2a: Exeggutor|Psychic|p1a: Chansey
|-damage|p1a: Chansey|526\/703
|
|turn|19
|choice|move 3|move 1
|
|move|p1a: Chansey|Ice Beam|p2a: Exeggutor
|-supereffective|p2a: Exeggutor
|-damage|p2a: Exeggutor|121\/393 par
|cant|p2a: Exeggutor|par
|
|turn|20
|choice|move 3|move 4
|
|move|p1a: Chansey|Ice Beam|p2a: Exeggutor
|-supereffective|p2a: Exeggutor
|-damage|p2a: Exeggutor|0 fnt
|faint|p2a: Exeggutor
|choice||switch 4
|
|switch|p2a: Zapdos|Zapdos|383\/383
|turn|21
|choice|switch 5|move 2
|
|switch|p1a: Golem|Golem|363\/363
|move|p2a: Zapdos|Drill Peck|p1a: Golem
|-resisted|p1a: Golem
|-damage|p1a: Golem|326\/363
|
|turn|22
|choice|move 1|switch 5
|
|switch|p2a: Golem|Golem|363\/363
|move|p1a: Golem|Earthquake|p2a: Golem
|-crit|p2a: Golem
|-supereffective|p2a: Golem
|-damage|p2a: Golem|0 fnt
|faint|p2a: Golem
|-message|Naj101 forfeited.
|
|win|Giju
|player|p1
|player|p2
|c|★Giju|gg
|l|Naj101
|raw|Giju's rating: 1324 &rarr; <strong>1338<\/strong><br \/>(+14 for winning)
|raw|Naj101's rating: 1227 &rarr; <strong>1209<\/strong><br \/>(-18 for losing)