|join|xiaze1991
|join|MALESANI
|player|p1|xiaze1991|156
|player|p2|MALESANI|238
|gametype|singles
|gen|1
|tier|[Gen 1] Random Battle
|rated
|rule|Sleep Clause Mod: Limit one foe put to sleep
|rule|Freeze Clause Mod: Limit one foe frozen
|rule|HP Percentage Mod: HP is shown in percentages
|
|start
|switch|p1a: Diglett|Diglett, L96|214\/214
|switch|p2a: Jigglypuff|Jigglypuff, L99|428\/428
|turn|1
|
|switch|p2a: Golbat|Golbat, L90|318\/318
|move|p1a: Diglett|Substitute|p1a: Diglett
|-start|p1a: Diglett|Substitute
|-damage|p1a: Diglett|161\/214
|
|turn|2
|
|move|p1a: Diglett|Slash|p2a: Golbat
|-crit|p2a: Golbat
|-damage|p2a: Golbat|223\/318
|move|p2a: Golbat|Mega Drain|p1a: Diglett
|-supereffective|p1a: Diglett
|-end|p1a: Diglett|Substitute
|
|turn|3
|
|switch|p1a: Magneton|Magneton, L90|273\/273
|move|p2a: Golbat|Mega Drain|p1a: Magneton
|-damage|p1a: Magneton|252\/273
|-heal|p2a: Golbat|233\/318|[from] drain|[of] p1a: Magneton
|
|turn|4
|
|switch|p2a: Dragonair|Dragonair, L85|277\/277
|move|p1a: Magneton|Thunderbolt|p2a: Dragonair
|-resisted|p2a: Dragonair
|-damage|p2a: Dragonair|200\/277
|
|turn|5
|
|switch|p1a: Diglett|Diglett, L96|161\/214
|move|p2a: Dragonair|Blizzard|p1a: Diglett
|-crit|p1a: Diglett
|-supereffective|p1a: Diglett
|-damage|p1a: Diglett|0 fnt
|faint|p1a: Diglett
|
|switch|p1a: Rattata|Rattata, L96|252\/252
|turn|6
|
|move|p1a: Rattata|Super Fang|p2a: Dragonair|[miss]
|-miss|p1a: Rattata
|move|p2a: Dragonair|Blizzard|p1a: Rattata|[miss]
|-miss|p2a: Dragonair
|
|turn|7
|
|move|p1a: Rattata|Super Fang|p2a: Dragonair|[miss]
|-miss|p1a: Rattata
|move|p2a: Dragonair|Blizzard|p1a: Rattata
|-damage|p1a: Rattata|132\/252
|
|turn|8
|
|move|p1a: Rattata|Super Fang|p2a: Dragonair
|-damage|p2a: Dragonair|100\/277
|move|p2a: Dragonair|Body Slam|p1a: Rattata
|-damage|p1a: Rattata|51\/252
|
|turn|9
|
|move|p1a: Rattata|Body Slam|p2a: Dragonair
|-damage|p2a: Dragonair|0 fnt
|faint|p2a: Dragonair
|
|switch|p2a: Magmar|Magmar, L90|300\/300
|turn|10
|
|switch|p1a: Arcanine|Arcanine, L85|327\/327
|move|p2a: Magmar|Fire Blast|p1a: Arcanine
|-resisted|p1a: Arcanine
|-damage|p1a: Arcanine|255\/327
|
|turn|11
|
|switch|p2a: Blastoise|Blastoise, L85|308\/308
|move|p1a: Arcanine|Reflect|p1a: Arcanine
|-start|p1a: Arcanine|Reflect
|
|turn|12
|
|switch|p1a: Lapras|Lapras, L79|367\/367
|move|p2a: Blastoise|Earthquake|p1a: Lapras
|-crit|p1a: Lapras
|-damage|p1a: Lapras|216\/367
|
|turn|13
|
|move|p2a: Blastoise|Body Slam|p1a: Lapras
|-damage|p1a: Lapras|158\/367
|-status|p1a: Lapras|par
|move|p1a: Lapras|Confuse Ray|p2a: Blastoise
|-start|p2a: Blastoise|confusion
|
|turn|14
|
|switch|p2a: Magmar|Magmar, L90|300\/300
|move|p1a: Lapras|Rest|p1a: Lapras
|-status|p1a: Lapras|slp
|-heal|p1a: Lapras|367\/367 slp|[silent]
|-status|p1a: Lapras|slp|[from] move: Rest
|
|turn|15
|
|move|p2a: Magmar|Fire Blast|p1a: Lapras
|-damage|p1a: Lapras|232\/367 slp
|cant|p1a: Lapras|slp
|
|turn|16
|
|move|p2a: Magmar|Fire Blast|p1a: Lapras
|-damage|p1a: Lapras|106\/367 slp
|-curestatus|p1a: Lapras|slp
|
|turn|17
|
|move|p2a: Magmar|Fire Blast|p1a: Lapras
|-crit|p1a: Lapras
|-damage|p1a: Lapras|0 fnt
|faint|p1a: Lapras
|
|switch|p1a: Pidgeot|Pidgeot, L90|333\/333
|turn|18
|
|switch|p2a: Blastoise|Blastoise, L85|308\/308
|move|p1a: Pidgeot|Double-Edge|p2a: Blastoise
|-damage|p2a: Blastoise|214\/308
|-damage|p1a: Pidgeot|310\/333|[from] recoil|[of] p2a: Blastoise
|
|turn|19
|
|move|p1a: Pidgeot|Double-Edge|p2a: Blastoise
|-damage|p2a: Blastoise|117\/308
|-damage|p1a: Pidgeot|286\/333|[from] recoil|[of] p2a: Blastoise
|move|p2a: Blastoise|Surf|p1a: Pidgeot
|-damage|p1a: Pidgeot|177\/333
|
|turn|20
|
|move|p1a: Pidgeot|Hyper Beam|p2a: Blastoise
|-damage|p2a: Blastoise|0 fnt
|faint|p2a: Blastoise
|
|switch|p2a: Machamp|Machamp, L90|345\/345
|turn|21
|
|move|p1a: Pidgeot|Hyper Beam|p2a: Machamp
|-damage|p2a: Machamp|197\/345
|move|p2a: Machamp|Rock Slide|p1a: Pidgeot
|-supereffective|p1a: Pidgeot
|-damage|p1a: Pidgeot|25\/333
|
|turn|22
|-mustrecharge|p1a: Pidgeot
|-mustrecharge|p1a: Pidgeot
|
|cant|p1a: Pidgeot|recharge
|move|p2a: Machamp|Submission|p1a: Pidgeot
|-damage|p1a: Pidgeot|0 fnt
|-damage|p2a: Machamp|191\/345|[from] recoil|[of] p1a: Pidgeot
|faint|p1a: Pidgeot
|
|switch|p1a: Magneton|Magneton, L90|252\/273
|turn|23
|
|move|p1a: Magneton|Thunderbolt|p2a: Machamp
|-damage|p2a: Machamp|52\/345
|-status|p2a: Machamp|par
|move|p2a: Machamp|Earthquake|p1a: Magneton
|-supereffective|p1a: Magneton
|-damage|p1a: Magneton|62\/273
|
|turn|24
|
|move|p1a: Magneton|Thunderbolt|p2a: Machamp
|-damage|p2a: Machamp|0 fnt
|faint|p2a: Machamp
|
|switch|p2a: Golbat|Golbat, L90|233\/318
|turn|25
|
|move|p2a: Golbat|Hyper Beam|p1a: Magneton|[miss]
|-miss|p2a: Golbat
|move|p1a: Magneton|Thunderbolt|p2a: Golbat
|-supereffective|p2a: Golbat
|-damage|p2a: Golbat|0 fnt
|faint|p2a: Golbat
|
|switch|p2a: Magmar|Magmar, L90|300\/300
|turn|26
|
|move|p2a: Magmar|Fire Blast|p1a: Magneton|[miss]
|-miss|p2a: Magmar
|move|p1a: Magneton|Thunderbolt|p2a: Magmar
|-damage|p2a: Magmar|182\/300
|
|turn|27
|
|switch|p1a: Arcanine|Arcanine, L85|255\/327
|move|p2a: Magmar|Fire Blast|p1a: Arcanine
|-resisted|p1a: Arcanine
|-damage|p1a: Arcanine|185\/327
|
|turn|28
|
|move|p2a: Magmar|Confuse Ray|p1a: Arcanine
|-start|p1a: Arcanine|confusion
|-activate|p1a: Arcanine|confusion
|-damage|p1a: Arcanine|148\/327|[from] confusion
|
|turn|29
|
|move|p2a: Magmar|Fire Blast|p1a: Arcanine
|-resisted|p1a: Arcanine
|-damage|p1a: Arcanine|77\/327
|-activate|p1a: Arcanine|confusion
|-damage|p1a: Arcanine|40\/327|[from] confusion
|
|turn|30
|
|move|p2a: Magmar|Hyper Beam|p1a: Arcanine|[miss]
|-miss|p2a: Magmar
|-activate|p1a: Arcanine|confusion
|-damage|p1a: Arcanine|3\/327|[from] confusion
|
|turn|31
|
|move|p2a: Magmar|Hyper Beam|p1a: Arcanine
|-damage|p1a: Arcanine|0 fnt
|faint|p1a: Arcanine
|
|switch|p1a: Rattata|Rattata, L96|51\/252
|turn|32
|
|move|p2a: Magmar|Fire Blast|p1a: Rattata
|-damage|p1a: Rattata|0 fnt
|faint|p1a: Rattata
|
|switch|p1a: Magneton|Magneton, L90|62\/273
|turn|33
|
|move|p2a: Magmar|Confuse Ray|p1a: Magneton
|-start|p1a: Magneton|confusion
|-activate|p1a: Magneton|confusion
|move|p1a: Magneton|Thunderbolt|p2a: Magmar
|-damage|p2a: Magmar|53\/300
|
|turn|34
|
|move|p2a: Magmar|Hyper Beam|p1a: Magneton
|-damage|p1a: Magneton|0 fnt
|faint|p1a: Magneton
|
|win|MALESANI
|raw|xiaze1991's rating: 1338 &rarr; <strong>1320<\/strong><br \/>(-18 for losing)
|raw|MALESANI's rating: 1366 &rarr; <strong>1385<\/strong><br \/>(+19 for winning)
|leave|xiaze1991
|player|p1