|j|MALESANI
|j|poopyface5000
|player|p1|MALESANI|238
|player|p2|poopyface5000|102
|gametype|singles
|gen|1
|tier|[Gen 1] Random Battle
|rated
|seed|27412,49291,56111,15658
|rule|Sleep Clause Mod: Limit one foe put to sleep
|rule|Freeze Clause Mod: Limit one foe frozen
|rule|HP Percentage Mod: HP is shown in percentages
|
|start
|switch|p1a: Charmeleon|Charmeleon, L85|272\/272
|switch|p2a: Psyduck|Psyduck, L96|291\/291
|turn|1
|choice|switch 3|move 3
|
|switch|p1a: Victreebel|Victreebel, L85|310\/310
|move|p2a: Psyduck|Body Slam|p1a: Victreebel
|-crit|p1a: Victreebel
|-damage|p1a: Victreebel|190\/310
|
|turn|2
|choice|move 1|move 2
|
|move|p1a: Victreebel|Razor Leaf|p2a: Psyduck
|-crit|p2a: Psyduck
|-supereffective|p2a: Psyduck
|-damage|p2a: Psyduck|0 fnt
|faint|p2a: Psyduck
|choice||switch 2
|
|switch|p2a: Hypno|Hypno, L85|318\/318
|turn|3
|choice|switch 6|move 1
|
|switch|p1a: Mr. Mime|Mr. Mime, L85|242\/242
|move|p2a: Hypno|Psychic|p1a: Mr. Mime
|-resisted|p1a: Mr. Mime
|-damage|p1a: Mr. Mime|190\/242
|
|turn|4
|choice|move 2|move 4
|
|move|p1a: Mr. Mime|Thunder Wave|p2a: Hypno
|-status|p2a: Hypno|par
|move|p2a: Hypno|Thunder Wave|p1a: Mr. Mime
|-status|p1a: Mr. Mime|par
|
|turn|5
|choice|move 4|switch 5
|
|switch|p2a: Ninetales|Ninetales, L85|298\/298
|move|p1a: Mr. Mime|Seismic Toss|p2a: Ninetales
|-damage|p2a: Ninetales|213\/298
|
|turn|6
|choice|move 2|move 3
|
|move|p2a: Ninetales|Confuse Ray|p1a: Mr. Mime
|-start|p1a: Mr. Mime|confusion
|-activate|p1a: Mr. Mime|confusion
|move|p1a: Mr. Mime|Thunder Wave|p2a: Ninetales
|-status|p2a: Ninetales|par
|
|turn|7
|choice|move 1|move 1
|
|move|p2a: Ninetales|Fire Blast|p1a: Mr. Mime
|-damage|p1a: Mr. Mime|76\/242 par
|-activate|p1a: Mr. Mime|confusion
|move|p1a: Mr. Mime|Psychic|p2a: Ninetales
|-damage|p2a: Ninetales|122\/298 par
|
|turn|8
|choice|move 1|move 1
|
|move|p2a: Ninetales|Fire Blast|p1a: Mr. Mime
|-damage|p1a: Mr. Mime|0 fnt
|faint|p1a: Mr. Mime
|choice|switch 4|
|
|switch|p1a: Jolteon|Jolteon, L79|265\/265
|turn|9
|choice|move 1|move 3
|
|move|p1a: Jolteon|Thunderbolt|p2a: Ninetales
|-damage|p2a: Ninetales|39\/298 par
|move|p2a: Ninetales|Confuse Ray|p1a: Jolteon
|-start|p1a: Jolteon|confusion
|
|turn|10
|choice|switch 3|move 1
|
|switch|p1a: Charmeleon|Charmeleon, L85|272\/272
|move|p2a: Ninetales|Fire Blast|p1a: Charmeleon
|-resisted|p1a: Charmeleon
|-damage|p1a: Charmeleon|195\/272
|
|turn|11
|choice|move 4|move 4
|
|move|p1a: Charmeleon|Body Slam|p2a: Ninetales
|-damage|p2a: Ninetales|0 fnt
|faint|p2a: Ninetales
|choice||switch 6
|
|switch|p2a: Mew|Mew, L74|300\/300
|turn|12
|choice|move 2|move 3
|
|move|p2a: Mew|Horn Drill|p1a: Charmeleon
|-damage|p1a: Charmeleon|0 fnt
|-ohko
|faint|p1a: Charmeleon
|choice|switch 3|
|
|switch|p1a: Jolteon|Jolteon, L79|265\/265
|turn|13
|choice|move 4|switch 5
|
|switch|p2a: Hypno|Hypno, L85|318\/318 par
|move|p1a: Jolteon|Thunder Wave|p2a: Hypno
|-fail|p2a: Hypno|par
|
|turn|14
|choice|move 2|move 4
|
|move|p1a: Jolteon|Pin Missile|p2a: Hypno
|-supereffective|p2a: Hypno
|-damage|p2a: Hypno|300\/318 par
|-damage|p2a: Hypno|282\/318 par
|-hitcount|p2a: Hypno|2
|move|p2a: Hypno|Thunder Wave|p1a: Jolteon
|-status|p1a: Jolteon|par
|
|turn|15
|choice|move 1|switch 4
|
|switch|p2a: Snorlax|Snorlax, L79|415\/415
|move|p1a: Jolteon|Thunderbolt|p2a: Snorlax
|-damage|p2a: Snorlax|294\/415
|
|turn|16
|choice|move 4|move 2
|
|move|p2a: Snorlax|Earthquake|p1a: Jolteon
|-supereffective|p1a: Jolteon
|-damage|p1a: Jolteon|71\/265 par
|cant|p1a: Jolteon|par
|
|turn|17
|choice|move 1|move 2
|
|move|p2a: Snorlax|Earthquake|p1a: Jolteon
|-supereffective|p1a: Jolteon
|-damage|p1a: Jolteon|0 fnt
|faint|p1a: Jolteon
|choice|switch 5|
|
|switch|p1a: Articuno|Articuno, L79|304\/304
|turn|18
|choice|move 2|move 4
|
|move|p1a: Articuno|Blizzard|p2a: Snorlax
|-damage|p2a: Snorlax|137\/415
|-status|p2a: Snorlax|frz
|cant|p2a: Snorlax|frz
|
|turn|19
|choice|move 3|move 3
|
|move|p1a: Articuno|Mimic|p2a: Snorlax
|-start|p1a: Articuno|Mimic|Amnesia
|cant|p2a: Snorlax|frz
|
|turn|20
|choice|move 3|switch 5
|
|switch|p2a: Mew|Mew, L74|300\/300
|move|p1a: Articuno|Amnesia|p1a: Articuno
|-boost|p1a: Articuno|spd|2
|-boost|p1a: Articuno|spa|2
|
|turn|21
|choice|move 2|move 3
|
|move|p2a: Mew|Horn Drill|p1a: Articuno|[miss]
|-miss|p2a: Mew
|move|p1a: Articuno|Blizzard|p2a: Mew
|-damage|p2a: Mew|5\/300
|-message|Freeze Clause activated.
|
|turn|22
|choice|move 3|move 3
|
|move|p2a: Mew|Horn Drill|p1a: Articuno|[miss]
|-miss|p2a: Mew
|move|p1a: Articuno|Amnesia|p1a: Articuno
|-boost|p1a: Articuno|spd|2
|-boost|p1a: Articuno|spa|2
|
|turn|23
|choice|move 2|move 3
|
|move|p2a: Mew|Horn Drill|p1a: Articuno|[miss]
|-miss|p2a: Mew
|move|p1a: Articuno|Blizzard|p2a: Mew
|-damage|p2a: Mew|0 fnt
|faint|p2a: Mew
|choice||switch 4
|
|switch|p2a: Hypno|Hypno, L85|282\/318 par
|turn|24
|choice|move 2|move 2
|
|move|p1a: Articuno|Blizzard|p2a: Hypno
|-damage|p2a: Hypno|0 fnt
|faint|p2a: Hypno
|choice||switch 3
|
|switch|p2a: Raichu|Raichu, L85|276\/276
|turn|25
|choice|move 2|move 4
|
|move|p2a: Raichu|Thunderbolt|p1a: Articuno
|-supereffective|p1a: Articuno
|-damage|p1a: Articuno|244\/304
|move|p1a: Articuno|Blizzard|p2a: Raichu
|-damage|p2a: Raichu|0 fnt
|faint|p2a: Raichu
|-message|poopyface5000 forfeited.
|
|win|MALESANI
|player|p1
|player|p2
|l|poopyface5000
|raw|MALESANI's rating: 1314 &rarr; <strong>1331<\/strong><br \/>(+17 for winning)
|raw|poopyface5000's rating: 1253 &rarr; <strong>1232<\/strong><br \/>(-21 for losing)