|j|Zorage
|j|bgnnr1
|player|p1|Zorage|73
|player|p2|bgnnr1|265
|gametype|singles
|gen|1
|tier|[Gen 1] OU
|rated
|seed|
|rule|Sleep Clause Mod: Limit one foe put to sleep
|rule|Freeze Clause Mod: Limit one foe frozen
|rule|Species Clause: Limit one of each Pokémon
|rule|OHKO Clause: OHKO moves are banned
|rule|Evasion Moves Clause: Evasion moves are banned
|rule|HP Percentage Mod: HP is shown in percentages
|
|start
|switch|p1a: Jynx|Jynx|100\/100
|switch|p2a: Jynx|Jynx|100\/100
|turn|1
|choice||
|
|move|p2a: Jynx|Lovely Kiss|p1a: Jynx
|-status|p1a: Jynx|slp
|-curestatus|p1a: Jynx|slp
|
|turn|2
|choice||
|
|move|p1a: Jynx|Lovely Kiss|p2a: Jynx
|-status|p2a: Jynx|slp
|cant|p2a: Jynx|slp
|
|turn|3
|choice||
|
|switch|p1a: Tauros|Tauros|100\/100
|cant|p2a: Jynx|slp
|
|turn|4
|choice||
|
|switch|p2a: Tauros|Tauros|100\/100
|move|p1a: Tauros|Body Slam|p2a: Tauros
|-crit|p2a: Tauros
|-damage|p2a: Tauros|47\/100
|
|turn|5
|choice||
|
|move|p2a: Tauros|Body Slam|p1a: Tauros
|-damage|p1a: Tauros|70\/100
|move|p1a: Tauros|Hyper Beam|p2a: Tauros
|-damage|p2a: Tauros|0 fnt
|faint|p2a: Tauros
|choice||
|
|switch|p2a: Snorlax|Snorlax|100\/100
|turn|6
|choice||
|
|move|p1a: Tauros|Body Slam|p2a: Snorlax
|-damage|p2a: Snorlax|75\/100
|move|p2a: Snorlax|Body Slam|p1a: Tauros
|-damage|p1a: Tauros|37\/100
|
|turn|7
|choice||
|
|move|p1a: Tauros|Hyper Beam|p2a: Snorlax
|-damage|p2a: Snorlax|30\/100
|move|p2a: Snorlax|Counter|p1a: Tauros
|-damage|p1a: Tauros|0 fnt
|faint|p1a: Tauros
|choice||
|
|switch|p1a: Exeggutor|Exeggutor|100\/100
|turn|8
|choice||
|
|switch|p2a: Chansey|Chansey|100\/100
|move|p1a: Exeggutor|Psychic|p2a: Chansey
|-damage|p2a: Chansey|84\/100
|-unboost|p2a: Chansey|spd|1
|-unboost|p2a: Chansey|spa|1
|
|turn|9
|choice||
|
|switch|p1a: Jynx|Jynx|100\/100
|move|p2a: Chansey|Ice Beam|p1a: Jynx
|-resisted|p1a: Jynx
|-damage|p1a: Jynx|93\/100
|
|turn|10
|j|Le Austin
|choice||
|
|switch|p1a: Chansey|Chansey|100\/100
|switch|p2a: Jynx|Jynx|100\/100 slp
|
|turn|11
|choice||
|
|cant|p2a: Jynx|slp
|move|p1a: Chansey|Seismic Toss|p2a: Jynx
|-damage|p2a: Jynx|70\/100 slp
|
|turn|12
|choice||
|
|switch|p2a: Exeggutor|Exeggutor|100\/100
|move|p1a: Chansey|Thunder Wave|p2a: Exeggutor
|-status|p2a: Exeggutor|par
|
|turn|13
|choice||
|
|switch|p1a: Jynx|Jynx|93\/100
|move|p2a: Exeggutor|Sleep Powder|p1a: Jynx
|-status|p1a: Jynx|slp
|
|turn|14
|choice||
|
|cant|p1a: Jynx|slp
|move|p2a: Exeggutor|Sleep Powder|p1a: Jynx
|-fail|p1a: Jynx|slp
|
|turn|15
|choice||
|
|cant|p1a: Jynx|slp
|move|p2a: Exeggutor|Mega Drain|p1a: Jynx
|-damage|p1a: Jynx|74\/100 slp
|
|turn|16
|choice||
|
|cant|p1a: Jynx|slp
|move|p2a: Exeggutor|Mega Drain|p1a: Jynx
|-damage|p1a: Jynx|58\/100 slp
|
|turn|17
|choice||
|
|switch|p1a: Exeggutor|Exeggutor|100\/100
|move|p2a: Exeggutor|Mega Drain|p1a: Exeggutor
|-resisted|p1a: Exeggutor
|-damage|p1a: Exeggutor|95\/100
|
|turn|18
|choice||
|
|switch|p2a: Chansey|Chansey|84\/100
|move|p1a: Exeggutor|Psychic|p2a: Chansey
|-crit|p2a: Chansey
|-damage|p2a: Chansey|53\/100
|-unboost|p2a: Chansey|spd|1
|-unboost|p2a: Chansey|spa|1
|
|turn|19
|choice||
|
|switch|p1a: Jynx|Jynx|58\/100 slp
|move|p2a: Chansey|Ice Beam|p1a: Jynx
|-resisted|p1a: Jynx
|-damage|p1a: Jynx|50\/100 slp
|
|turn|20
|choice||
|
|cant|p1a: Jynx|slp
|move|p2a: Chansey|Thunderbolt|p1a: Jynx
|-damage|p1a: Jynx|34\/100 slp
|
|turn|21
|choice||
|
|cant|p1a: Jynx|slp
|move|p2a: Chansey|Thunderbolt|p1a: Jynx
|-damage|p1a: Jynx|20\/100 slp
|
|turn|22
|choice||
|
|-curestatus|p1a: Jynx|slp
|move|p2a: Chansey|Thunderbolt|p1a: Jynx
|-damage|p1a: Jynx|4\/100
|
|turn|23
|choice||
|
|move|p1a: Jynx|Rest|p1a: Jynx
|-status|p1a: Jynx|slp
|-heal|p1a: Jynx|100\/100 slp|[silent]
|-status|p1a: Jynx|slp|[from] move: Rest
|move|p2a: Chansey|Thunderbolt|p1a: Jynx
|-damage|p1a: Jynx|85\/100 slp
|
|turn|24
|choice||
|
|switch|p2a: Snorlax|Snorlax|30\/100
|cant|p1a: Jynx|slp
|
|turn|25
|choice||
|
|switch|p1a: Golem|Golem|100\/100
|move|p2a: Snorlax|Body Slam|p1a: Golem
|-resisted|p1a: Golem
|-damage|p1a: Golem|88\/100
|
|turn|26
|choice||
|
|move|p1a: Golem|Earthquake|p2a: Snorlax
|-damage|p2a: Snorlax|0 fnt
|faint|p2a: Snorlax
|choice||
|
|switch|p2a: Slowbro|Slowbro|100\/100
|turn|27
|choice||
|
|move|p1a: Golem|Explosion|p2a: Slowbro
|-damage|p2a: Slowbro|28\/100
|faint|p1a: Golem
|choice||
|
|switch|p1a: Exeggutor|Exeggutor|95\/100
|turn|28
|choice||
|
|switch|p2a: Chansey|Chansey|53\/100
|move|p1a: Exeggutor|Psychic|p2a: Chansey
|-damage|p2a: Chansey|35\/100
|
|turn|29
|choice||
|
|switch|p1a: Jynx|Jynx|85\/100 slp
|move|p2a: Chansey|Ice Beam|p1a: Jynx
|-resisted|p1a: Jynx
|-damage|p1a: Jynx|73\/100 slp
|
|turn|30
|choice||
|
|-curestatus|p1a: Jynx|slp
|move|p2a: Chansey|Thunderbolt|p1a: Jynx
|-damage|p1a: Jynx|48\/100
|
|turn|31
|choice||
|
|move|p1a: Jynx|Ice Beam|p2a: Chansey
|-damage|p2a: Chansey|20\/100
|move|p2a: Chansey|Soft-Boiled|p2a: Chansey
|-heal|p2a: Chansey|70\/100
|
|turn|32
|choice||
|
|move|p1a: Jynx|Ice Beam|p2a: Chansey
|-crit|p2a: Chansey
|-damage|p2a: Chansey|40\/100
|move|p2a: Chansey|Thunderbolt|p1a: Jynx
|-damage|p1a: Jynx|26\/100
|
|turn|33
|choice||
|
|move|p1a: Jynx|Ice Beam|p2a: Chansey
|-damage|p2a: Chansey|25\/100
|move|p2a: Chansey|Soft-Boiled|p2a: Chansey
|-heal|p2a: Chansey|75\/100
|
|turn|34
|choice||
|
|move|p1a: Jynx|Ice Beam|p2a: Chansey
|-damage|p2a: Chansey|59\/100
|move|p2a: Chansey|Thunderbolt|p1a: Jynx
|-damage|p1a: Jynx|1\/100
|
|turn|35
|choice||
|
|move|p1a: Jynx|Rest|p1a: Jynx
|-status|p1a: Jynx|slp
|-heal|p1a: Jynx|100\/100 slp|[silent]
|-status|p1a: Jynx|slp|[from] move: Rest
|move|p2a: Chansey|Thunderbolt|p1a: Jynx
|-damage|p1a: Jynx|77\/100 slp
|
|turn|36
|choice||
|
|cant|p1a: Jynx|slp
|move|p2a: Chansey|Thunderbolt|p1a: Jynx
|-damage|p1a: Jynx|54\/100 slp
|
|turn|37
|choice||
|
|-curestatus|p1a: Jynx|slp
|move|p2a: Chansey|Thunderbolt|p1a: Jynx
|-damage|p1a: Jynx|30\/100
|
|turn|38
|choice||
|
|move|p1a: Jynx|Ice Beam|p2a: Chansey
|-damage|p2a: Chansey|44\/100
|move|p2a: Chansey|Ice Beam|p1a: Jynx
|-resisted|p1a: Jynx
|-damage|p1a: Jynx|17\/100
|
|turn|39
|choice||
|
|move|p1a: Jynx|Rest|p1a: Jynx
|-status|p1a: Jynx|slp
|-heal|p1a: Jynx|100\/100 slp|[silent]
|-status|p1a: Jynx|slp|[from] move: Rest
|move|p2a: Chansey|Thunderbolt|p1a: Jynx
|-damage|p1a: Jynx|78\/100 slp
|
|turn|40
|choice||
|
|cant|p1a: Jynx|slp
|move|p2a: Chansey|Soft-Boiled|p2a: Chansey
|-heal|p2a: Chansey|94\/100
|
|turn|41
|choice||
|
|-curestatus|p1a: Jynx|slp
|move|p2a: Chansey|Thunderbolt|p1a: Jynx
|-damage|p1a: Jynx|53\/100
|
|turn|42
|choice||
|
|move|p1a: Jynx|Ice Beam|p2a: Chansey
|-crit|p2a: Chansey
|-damage|p2a: Chansey|64\/100
|move|p2a: Chansey|Thunderbolt|p1a: Jynx
|-damage|p1a: Jynx|28\/100
|
|turn|43
|choice||
|
|move|p1a: Jynx|Ice Beam|p2a: Chansey
|-damage|p2a: Chansey|49\/100
|move|p2a: Chansey|Thunderbolt|p1a: Jynx
|-damage|p1a: Jynx|4\/100
|
|turn|44
|choice||
|
|switch|p2a: Jynx|Jynx|70\/100 slp
|move|p1a: Jynx|Rest|p1a: Jynx
|-status|p1a: Jynx|slp
|-heal|p1a: Jynx|100\/100 slp|[silent]
|-status|p1a: Jynx|slp|[from] move: Rest
|
|turn|45
|choice||
|
|switch|p1a: Slowbro|Slowbro|100\/100
|-curestatus|p2a: Jynx|slp
|
|turn|46
|choice||
|
|switch|p1a: Jynx|Jynx|100\/100 slp
|move|p2a: Jynx|Blizzard|p1a: Jynx
|-resisted|p1a: Jynx
|-damage|p1a: Jynx|80\/100 slp
|
|turn|47
|choice||
|
|cant|p1a: Jynx|slp
|move|p2a: Jynx|Blizzard|p1a: Jynx
|-resisted|p1a: Jynx
|-damage|p1a: Jynx|61\/100 slp
|
|turn|48
|choice||
|
|-curestatus|p1a: Jynx|slp
|move|p2a: Jynx|Blizzard|p1a: Jynx
|-resisted|p1a: Jynx
|-damage|p1a: Jynx|40\/100
|
|turn|49
|choice||
|
|move|p2a: Jynx|Psychic|p1a: Jynx
|-resisted|p1a: Jynx
|-damage|p1a: Jynx|23\/100
|-unboost|p1a: Jynx|spd|1
|-unboost|p1a: Jynx|spa|1
|move|p1a: Jynx|Lovely Kiss|p2a: Jynx
|-status|p2a: Jynx|slp
|
|turn|50
|choice||
|
|switch|p2a: Chansey|Chansey|49\/100
|switch|p1a: Chansey|Chansey|100\/100
|
|turn|51
|choice||
|
|move|p2a: Chansey|Soft-Boiled|p2a: Chansey
|-heal|p2a: Chansey|99\/100
|move|p1a: Chansey|Ice Beam|p2a: Chansey
|-damage|p2a: Chansey|89\/100
|
|turn|52
|choice||
|
|switch|p2a: Slowbro|Slowbro|28\/100
|switch|p1a: Jynx|Jynx|23\/100
|
|turn|53
|choice||
|
|move|p1a: Jynx|Psychic|p2a: Slowbro
|-crit|p2a: Slowbro
|-resisted|p2a: Slowbro
|-damage|p2a: Slowbro|0 fnt
|faint|p2a: Slowbro
|choice||
|
|switch|p2a: Exeggutor|Exeggutor|100\/100 par
|turn|54
|choice||
|
|move|p1a: Jynx|Ice Beam|p2a: Exeggutor
|-supereffective|p2a: Exeggutor
|-damage|p2a: Exeggutor|50\/100 par
|move|p2a: Exeggutor|Mega Drain|p1a: Jynx
|-damage|p1a: Jynx|7\/100
|-heal|p2a: Exeggutor|57\/100 par|[from] drain|[of] p1a: Jynx
|
|turn|55
|choice||
|
|move|p1a: Jynx|Ice Beam|p2a: Exeggutor
|-supereffective|p2a: Exeggutor
|-damage|p2a: Exeggutor|11\/100 par
|move|p2a: Exeggutor|Mega Drain|p1a: Jynx
|-damage|p1a: Jynx|0 fnt
|-heal|p2a: Exeggutor|14\/100 par|[from] drain|[of] p1a: Jynx
|faint|p1a: Jynx
|choice||
|
|switch|p1a: Chansey|Chansey|100\/100
|turn|56
|choice||
|
|move|p1a: Chansey|Seismic Toss|p2a: Exeggutor
|-damage|p2a: Exeggutor|0 fnt
|faint|p2a: Exeggutor
|choice||
|
|switch|p2a: Chansey|Chansey|89\/100
|turn|57
|choice||
|
|move|p2a: Chansey|Ice Beam|p1a: Chansey
|-damage|p1a: Chansey|91\/100
|move|p1a: Chansey|Ice Beam|p2a: Chansey
|-damage|p2a: Chansey|79\/100
|
|turn|58
|choice||
|
|move|p2a: Chansey|Ice Beam|p1a: Chansey
|-crit|p1a: Chansey
|-damage|p1a: Chansey|68\/100
|move|p1a: Chansey|Ice Beam|p2a: Chansey
|-damage|p2a: Chansey|68\/100
|
|turn|59
|choice||
|
|move|p2a: Chansey|Ice Beam|p1a: Chansey
|-damage|p1a: Chansey|57\/100
|move|p1a: Chansey|Ice Beam|p2a: Chansey
|-crit|p2a: Chansey
|-damage|p2a: Chansey|48\/100
|
|turn|60
|choice||
|
|move|p1a: Chansey|Ice Beam|p2a: Chansey
|-damage|p2a: Chansey|38\/100
|move|p2a: Chansey|Ice Beam|p1a: Chansey
|-damage|p1a: Chansey|47\/100
|
|turn|61
|choice||
|
|move|p2a: Chansey|Soft-Boiled|p2a: Chansey
|-heal|p2a: Chansey|88\/100
|move|p1a: Chansey|Ice Beam|p2a: Chansey
|-damage|p2a: Chansey|77\/100
|
|turn|62
|choice||
|
|move|p2a: Chansey|Ice Beam|p1a: Chansey
|-damage|p1a: Chansey|35\/100
|move|p1a: Chansey|Ice Beam|p2a: Chansey
|-damage|p2a: Chansey|67\/100
|
|turn|63
|choice||
|
|move|p1a: Chansey|Soft-Boiled|p1a: Chansey
|-heal|p1a: Chansey|85\/100
|move|p2a: Chansey|Ice Beam|p1a: Chansey
|-damage|p1a: Chansey|74\/100
|
|turn|64
|choice||
|
|move|p1a: Chansey|Ice Beam|p2a: Chansey
|-damage|p2a: Chansey|55\/100
|move|p2a: Chansey|Ice Beam|p1a: Chansey
|-crit|p1a: Chansey
|-damage|p1a: Chansey|53\/100
|
|turn|65
|choice||
|
|move|p2a: Chansey|Ice Beam|p1a: Chansey
|-damage|p1a: Chansey|42\/100
|move|p1a: Chansey|Ice Beam|p2a: Chansey
|-damage|p2a: Chansey|44\/100
|
|turn|66
|choice||
|
|move|p2a: Chansey|Ice Beam|p1a: Chansey
|-damage|p1a: Chansey|31\/100
|move|p1a: Chansey|Soft-Boiled|p1a: Chansey
|-heal|p1a: Chansey|80\/100
|
|turn|67
|choice||
|
|move|p1a: Chansey|Ice Beam|p2a: Chansey
|-damage|p2a: Chansey|33\/100
|move|p2a: Chansey|Thunderbolt|p1a: Chansey
|-damage|p1a: Chansey|69\/100
|
|turn|68
|choice||
|
|move|p2a: Chansey|Thunderbolt|p1a: Chansey
|-damage|p1a: Chansey|59\/100
|move|p1a: Chansey|Ice Beam|p2a: Chansey
|-damage|p2a: Chansey|23\/100
|
|turn|69
|j|Peasounay
|l|Peasounay
|choice||
|
|move|p2a: Chansey|Soft-Boiled|p2a: Chansey
|-heal|p2a: Chansey|73\/100
|move|p1a: Chansey|Ice Beam|p2a: Chansey
|-damage|p2a: Chansey|62\/100
|
|turn|70
|choice||
|
|move|p1a: Chansey|Ice Beam|p2a: Chansey
|-damage|p2a: Chansey|51\/100
|move|p2a: Chansey|Thunder Wave|p1a: Chansey
|-status|p1a: Chansey|par
|
|turn|71
|choice||
|
|move|p2a: Chansey|Thunderbolt|p1a: Chansey
|-damage|p1a: Chansey|48\/100 par
|cant|p1a: Chansey|par
|
|turn|72
|choice||
|
|move|p2a: Chansey|Soft-Boiled|p2a: Chansey
|-heal|p2a: Chansey|100\/100
|move|p1a: Chansey|Soft-Boiled|p1a: Chansey
|-heal|p1a: Chansey|98\/100 par
|
|turn|73
|choice||
|
|move|p2a: Chansey|Thunderbolt|p1a: Chansey
|-damage|p1a: Chansey|86\/100 par
|move|p1a: Chansey|Ice Beam|p2a: Chansey
|-damage|p2a: Chansey|90\/100
|
|turn|74
|choice||
|
|switch|p2a: Jynx|Jynx|70\/100 slp
|move|p1a: Chansey|Ice Beam|p2a: Jynx
|-resisted|p2a: Jynx
|-damage|p2a: Jynx|58\/100 slp
|
|turn|75
|choice||
|
|cant|p2a: Jynx|slp
|move|p1a: Chansey|Seismic Toss|p2a: Jynx
|-damage|p2a: Jynx|28\/100 slp
|
|turn|76
|choice||
|
|cant|p2a: Jynx|slp
|cant|p1a: Chansey|par
|
|turn|77
|choice||
|
|cant|p2a: Jynx|slp
|move|p1a: Chansey|Seismic Toss|p2a: Jynx
|-damage|p2a: Jynx|0 fnt
|faint|p2a: Jynx
|choice||
|
|switch|p2a: Chansey|Chansey|90\/100
|turn|78
|choice||
|
|move|p2a: Chansey|Thunderbolt|p1a: Chansey
|-damage|p1a: Chansey|76\/100 par
|move|p1a: Chansey|Ice Beam|p2a: Chansey
|-damage|p2a: Chansey|79\/100
|
|turn|79
|choice||
|
|move|p2a: Chansey|Thunderbolt|p1a: Chansey
|-damage|p1a: Chansey|66\/100 par
|move|p1a: Chansey|Thunder Wave|p2a: Chansey
|-status|p2a: Chansey|par
|
|turn|80
|choice||
|
|move|p2a: Chansey|Thunderbolt|p1a: Chansey
|-crit|p1a: Chansey
|-damage|p1a: Chansey|46\/100 par
|move|p1a: Chansey|Soft-Boiled|p1a: Chansey
|-heal|p1a: Chansey|96\/100 par
|
|turn|81
|choice||
|
|move|p2a: Chansey|Thunderbolt|p1a: Chansey
|-damage|p1a: Chansey|85\/100 par
|move|p1a: Chansey|Seismic Toss|p2a: Chansey
|-damage|p2a: Chansey|65\/100 par
|
|turn|82
|choice||
|
|switch|p1a: Exeggutor|Exeggutor|95\/100
|move|p2a: Chansey|Thunderbolt|p1a: Exeggutor
|-crit|p1a: Exeggutor
|-resisted|p1a: Exeggutor
|-damage|p1a: Exeggutor|78\/100
|
|turn|83
|choice||
|
|move|p1a: Exeggutor|Explosion|p2a: Chansey
|-crit|p2a: Chansey
|-damage|p2a: Chansey|0 fnt
|faint|p2a: Chansey
|faint|p1a: Exeggutor
|
|win|Zorage
|player|p1
|player|p2
|raw|Zorage's rating: 1286 &rarr; <strong>1301<\/strong><br \/>(+15 for winning)
|raw|bgnnr1's rating: 1152 &rarr; <strong>1136<\/strong><br \/>(-16 for losing)
|l|bgnnr1