|j|Groudon80
|j|Danny Noonan
|player|p1|Groudon80|168
|player|p2|Danny Noonan|1
|gametype|singles
|gen|1
|tier|[Gen 1] Random Battle
|rated
|seed|
|rule|Sleep Clause Mod: Limit one foe put to sleep
|rule|Freeze Clause Mod: Limit one foe frozen
|rule|HP Percentage Mod: HP is shown in percentages
|
|start
|switch|p1a: Kingler|Kingler, L85|100\/100
|switch|p2a: Omanyte|Omanyte, L96|100\/100
|turn|1
|choice||
|
|switch|p1a: Seaking|Seaking, L90|100\/100
|move|p2a: Omanyte|Hydro Pump|p1a: Seaking|[miss]
|-miss|p2a: Omanyte
|
|turn|2
|c|★Danny Noonan|bahhhh
|choice||
|
|switch|p2a: Victreebel|Victreebel, L85|100\/100
|move|p1a: Seaking|Surf|p2a: Victreebel
|-resisted|p2a: Victreebel
|-damage|p2a: Victreebel|86\/100
|
|turn|3
|choice||
|
|move|p1a: Seaking|Blizzard|p2a: Victreebel
|-supereffective|p2a: Victreebel
|-damage|p2a: Victreebel|40\/100
|move|p2a: Victreebel|Razor Leaf|p1a: Seaking
|-crit|p1a: Seaking
|-supereffective|p1a: Seaking
|-damage|p1a: Seaking|23\/100
|
|turn|4
|choice||
|
|switch|p2a: Kadabra|Kadabra, L85|100\/100
|move|p1a: Seaking|Blizzard|p2a: Kadabra
|-crit|p2a: Kadabra
|-damage|p2a: Kadabra|43\/100
|
|turn|5
|c|★Danny Noonan|oh those crits
|c|★Danny Noonan|they hurt so much
|choice||
|
|switch|p1a: Exeggcute|Exeggcute, L96|100\/100
|move|p2a: Kadabra|Psychic|p1a: Exeggcute
|-resisted|p1a: Exeggcute
|-damage|p1a: Exeggcute|80\/100
|-unboost|p1a: Exeggcute|spd|1
|-unboost|p1a: Exeggcute|spa|1
|
|turn|6
|choice||
|
|move|p2a: Kadabra|Recover|p2a: Kadabra
|-heal|p2a: Kadabra|93\/100
|move|p1a: Exeggcute|Psychic|p2a: Kadabra
|-resisted|p2a: Kadabra
|-damage|p2a: Kadabra|82\/100
|
|turn|7
|choice||
|
|move|p2a: Kadabra|Reflect|p2a: Kadabra
|-start|p2a: Kadabra|Reflect
|move|p1a: Exeggcute|Stun Spore|p2a: Kadabra
|-status|p2a: Kadabra|par
|
|turn|8
|c|★Danny Noonan|at least i have the kadabratank
|choice||
|
|move|p1a: Exeggcute|Mega Drain|p2a: Kadabra
|-damage|p2a: Kadabra|72\/100 par
|-heal|p1a: Exeggcute|83\/100|[from] drain|[of] p2a: Kadabra
|move|p2a: Kadabra|Psychic|p1a: Exeggcute
|-crit|p1a: Exeggcute
|-resisted|p1a: Exeggcute
|-damage|p1a: Exeggcute|43\/100
|-unboost|p1a: Exeggcute|spd|1
|-unboost|p1a: Exeggcute|spa|1
|
|turn|9
|choice||
|
|switch|p1a: Magmar|Magmar, L90|100\/100
|cant|p2a: Kadabra|par
|
|turn|10
|choice||
|
|switch|p2a: Omanyte|Omanyte, L96|100\/100
|move|p1a: Magmar|Confuse Ray|p2a: Omanyte
|-start|p2a: Omanyte|confusion
|
|turn|11
|choice||
|
|switch|p1a: Seaking|Seaking, L90|23\/100
|-activate|p2a: Omanyte|confusion
|move|p2a: Omanyte|Blizzard|p1a: Seaking
|-resisted|p1a: Seaking
|-damage|p1a: Seaking|6\/100
|
|turn|12
|c|★Danny Noonan|doh
|c|★Danny Noonan|y me y
|choice||
|
|switch|p2a: Victreebel|Victreebel, L85|40\/100
|move|p1a: Seaking|Surf|p2a: Victreebel
|-resisted|p2a: Victreebel
|-damage|p2a: Victreebel|24\/100
|
|turn|13
|choice||
|
|move|p1a: Seaking|Blizzard|p2a: Victreebel
|-supereffective|p2a: Victreebel
|-damage|p2a: Victreebel|0 fnt
|faint|p2a: Victreebel
|choice||
|
|switch|p2a: Fearow|Fearow, L90|100\/100
|turn|14
|choice||
|
|switch|p1a: Graveler|Graveler, L85|100\/100
|move|p2a: Fearow|Drill Peck|p1a: Graveler
|-resisted|p1a: Graveler
|-damage|p1a: Graveler|86\/100
|
|turn|15
|c|★Danny Noonan|of course
|choice||
|
|move|p2a: Fearow|Drill Peck|p1a: Graveler
|-resisted|p1a: Graveler
|-damage|p1a: Graveler|72\/100
|move|p1a: Graveler|Earthquake|p2a: Fearow
|-immune|p2a: Fearow|[msg]
|
|turn|16
|c|★Danny Noonan|:D
|choice||
|
|switch|p1a: Kingler|Kingler, L85|100\/100
|move|p2a: Fearow|Mirror Move|p2a: Fearow
|-fail|p2a: Fearow
|
|turn|17
|c|★Danny Noonan|:(
|choice||
|
|switch|p2a: Gengar|Gengar, L79|100\/100
|move|p1a: Kingler|Crabhammer|p2a: Gengar
|-crit|p2a: Gengar
|-damage|p2a: Gengar|61\/100
|
|turn|18
|choice||
|
|switch|p1a: Exeggcute|Exeggcute, L96|43\/100
|move|p2a: Gengar|Hypnosis|p1a: Exeggcute
|-status|p1a: Exeggcute|slp
|
|turn|19
|choice||
|
|switch|p2a: Omanyte|Omanyte, L96|100\/100
|cant|p1a: Exeggcute|slp
|
|turn|20
|choice||
|
|switch|p1a: Kingler|Kingler, L85|100\/100
|move|p2a: Omanyte|Hydro Pump|p1a: Kingler
|-resisted|p1a: Kingler
|-damage|p1a: Kingler|58\/100
|
|turn|21
|choice||
|
|move|p1a: Kingler|Crabhammer|p2a: Omanyte
|-crit|p2a: Omanyte
|-damage|p2a: Omanyte|57\/100
|move|p2a: Omanyte|Hydro Pump|p1a: Kingler|[miss]
|-miss|p2a: Omanyte
|
|turn|22
|c|★Danny Noonan|damn
|choice||
|
|move|p1a: Kingler|Crabhammer|p2a: Omanyte
|-crit|p2a: Omanyte
|-damage|p2a: Omanyte|12\/100
|move|p2a: Omanyte|Hydro Pump|p1a: Kingler
|-resisted|p1a: Kingler
|-damage|p1a: Kingler|18\/100
|
|turn|23
|choice||
|
|move|p1a: Kingler|Crabhammer|p2a: Omanyte
|-crit|p2a: Omanyte
|-damage|p2a: Omanyte|0 fnt
|faint|p2a: Omanyte
|choice||
|
|switch|p2a: Fearow|Fearow, L90|100\/100
|turn|24
|choice||
|
|move|p2a: Fearow|Drill Peck|p1a: Kingler
|-damage|p1a: Kingler|0 fnt
|faint|p1a: Kingler
|choice||
|
|switch|p1a: Graveler|Graveler, L85|72\/100
|turn|25
|choice||
|
|move|p2a: Fearow|Drill Peck|p1a: Graveler
|-resisted|p1a: Graveler
|-damage|p1a: Graveler|57\/100
|move|p1a: Graveler|Rock Slide|p2a: Fearow
|-supereffective|p2a: Fearow
|-damage|p2a: Fearow|37\/100
|
|turn|26
|choice||
|
|move|p2a: Fearow|Hyper Beam|p1a: Graveler
|-resisted|p1a: Graveler
|-damage|p1a: Graveler|32\/100
|move|p1a: Graveler|Rock Slide|p2a: Fearow|[miss]
|-miss|p1a: Graveler
|
|turn|27
|-mustrecharge|p2a: Fearow
|c|★Danny Noonan|doh
|-mustrecharge|p2a: Fearow
|choice||
|
|cant|p2a: Fearow|recharge
|move|p1a: Graveler|Rock Slide|p2a: Fearow
|-supereffective|p2a: Fearow
|-damage|p2a: Fearow|0 fnt
|faint|p2a: Fearow
|choice||
|
|switch|p2a: Gengar|Gengar, L79|61\/100
|turn|28
|choice||
|
|switch|p1a: Seaking|Seaking, L90|6\/100
|move|p2a: Gengar|Psychic|p1a: Seaking
|-crit|p1a: Seaking
|-damage|p1a: Seaking|0 fnt
|faint|p1a: Seaking
|c|★Danny Noonan|your 6th concerns me
|choice||
|
|switch|p1a: Magmar|Magmar, L90|100\/100
|turn|29
|choice||
|
|move|p1a: Magmar|Fire Blast|p2a: Gengar
|-damage|p2a: Gengar|16\/100
|-status|p2a: Gengar|brn
|move|p2a: Gengar|Explosion|p1a: Magmar
|-crit|p1a: Magmar
|-damage|p1a: Magmar|0 fnt
|faint|p1a: Magmar
|faint|p2a: Gengar
|c|★Danny Noonan|yessss crit!
|choice||
|
|switch|p2a: Rapidash|Rapidash, L90|100\/100
|switch|p1a: Graveler|Graveler, L85|32\/100
|turn|30
|choice||
|
|move|p2a: Rapidash|Fire Blast|p1a: Graveler
|-resisted|p1a: Graveler
|-damage|p1a: Graveler|0 fnt
|faint|p1a: Graveler
|choice||
|
|switch|p1a: Machamp|Machamp, L90|100\/100
|turn|31
|c|★Danny Noonan|hmm
|c|★Danny Noonan|interesting ending here
|choice||
|
|move|p2a: Rapidash|Fire Blast|p1a: Machamp
|-damage|p1a: Machamp|61\/100
|move|p1a: Machamp|Body Slam|p2a: Rapidash
|-crit|p2a: Rapidash
|-damage|p2a: Rapidash|43\/100
|
|turn|32
|c|★Danny Noonan|or maybe not
|c|★Danny Noonan|need a crit
|choice||
|
|move|p2a: Rapidash|Fire Blast|p1a: Machamp|[miss]
|-miss|p2a: Rapidash
|move|p1a: Machamp|Earthquake|p2a: Rapidash
|-supereffective|p2a: Rapidash
|-damage|p2a: Rapidash|0 fnt
|faint|p2a: Rapidash
|c|★Danny Noonan|NOT THAT
|choice||
|
|switch|p2a: Kadabra|Kadabra, L85|72\/100 par
|turn|33
|choice||
|
|move|p1a: Machamp|Hyper Beam|p2a: Kadabra
|-crit|p2a: Kadabra
|-damage|p2a: Kadabra|0 fnt
|faint|p2a: Kadabra
|
|win|Groudon80
|player|p1
|player|p2
|c|★Groudon80|gg
|raw|Groudon80's rating: 1515 &rarr; <strong>1533<\/strong><br \/>(+18 for winning)
|raw|Danny Noonan's rating: 1467 &rarr; <strong>1450<\/strong><br \/>(-17 for losing)
|l|Groudon80
|l|Danny Noonan