|j|hanhansoloolo
|j|Feena
|player|p1|hanhansoloolo|169
|player|p2|Feena|263
|gametype|singles
|gen|1
|tier|[Gen 1] OU
|rated
|seed|37555,7100,31524,51481
|rule|Sleep Clause Mod: Limit one foe put to sleep
|rule|Freeze Clause Mod: Limit one foe frozen
|rule|Species Clause: Limit one of each Pokémon
|rule|OHKO Clause: OHKO moves are banned
|rule|Evasion Moves Clause: Evasion moves are banned
|rule|HP Percentage Mod: HP is shown in percentages
|
|start
|switch|p1a: Chansey|Chansey|703\/703
|switch|p2a: Alakazam|Alakazam|313\/313
|turn|1
|choice|move 2|switch 2
|
|switch|p2a: Exeggutor|Exeggutor|393\/393
|move|p1a: Chansey|Psychic|p2a: Exeggutor
|-resisted|p2a: Exeggutor
|-damage|p2a: Exeggutor|361\/393
|-unboost|p2a: Exeggutor|spd|1
|-unboost|p2a: Exeggutor|spa|1
|
|turn|2
|choice|move 3|move 2
|
|move|p2a: Exeggutor|Sleep Powder|p1a: Chansey
|-status|p1a: Chansey|slp
|cant|p1a: Chansey|slp
|
|turn|3
|choice|move 3|switch 5
|
|switch|p2a: Snorlax|Snorlax|523\/523
|cant|p1a: Chansey|slp
|
|turn|4
|choice|move 3|move 1
|
|cant|p1a: Chansey|slp
|move|p2a: Snorlax|Body Slam|p1a: Chansey
|-damage|p1a: Chansey|476\/703 slp
|
|turn|5
|choice|switch 6|move 1
|
|switch|p1a: Nidoqueen|Nidoqueen|383\/383
|move|p2a: Snorlax|Body Slam|p1a: Nidoqueen
|-damage|p1a: Nidoqueen|293\/383
|
|turn|6
|choice|move 2|switch 5
|
|switch|p2a: Exeggutor|Exeggutor|361\/393
|move|p1a: Nidoqueen|Ice Beam|p2a: Exeggutor
|-supereffective|p2a: Exeggutor
|-damage|p2a: Exeggutor|256\/393
|
|turn|7
|choice|move 3|move 1
|
|move|p1a: Nidoqueen|Fire Blast|p2a: Exeggutor
|-supereffective|p2a: Exeggutor
|-damage|p2a: Exeggutor|131\/393
|move|p2a: Exeggutor|Psychic|p1a: Nidoqueen
|-supereffective|p1a: Nidoqueen
|-damage|p1a: Nidoqueen|0 fnt
|faint|p1a: Nidoqueen
|choice|switch 2|
|
|switch|p1a: Arcanine|Arcanine|383\/383
|turn|8
|choice|move 2|switch 3
|
|switch|p2a: Chansey|Chansey|703\/703
|move|p1a: Arcanine|Flamethrower|p2a: Chansey
|-crit|p2a: Chansey
|-damage|p2a: Chansey|531\/703
|
|turn|9
|choice|move 2|move 3
|
|move|p1a: Arcanine|Flamethrower|p2a: Chansey
|-damage|p2a: Chansey|435\/703
|move|p2a: Chansey|Thunder Wave|p1a: Arcanine
|-status|p1a: Arcanine|par
|
|turn|10
|choice|switch 4|move 2
|
|switch|p1a: Alakazam|Alakazam|313\/313
|move|p2a: Chansey|Thunderbolt|p1a: Alakazam
|-damage|p1a: Alakazam|246\/313
|
|turn|11
|choice|move 2|move 3
|
|move|p1a: Alakazam|Psychic|p2a: Chansey
|-damage|p2a: Chansey|301\/703
|move|p2a: Chansey|Thunder Wave|p1a: Alakazam
|-status|p1a: Alakazam|par
|
|turn|12
|choice|move 1|move 4
|
|move|p2a: Chansey|Soft-Boiled|p2a: Chansey
|-heal|p2a: Chansey|652\/703
|move|p1a: Alakazam|Tri Attack|p2a: Chansey
|-damage|p2a: Chansey|541\/703
|
|turn|13
|choice|move 2|move 2
|
|move|p2a: Chansey|Thunderbolt|p1a: Alakazam
|-damage|p1a: Alakazam|182\/313 par
|move|p1a: Alakazam|Psychic|p2a: Chansey
|-damage|p2a: Chansey|415\/703
|-unboost|p2a: Chansey|spd|1
|-unboost|p2a: Chansey|spa|1
|
|turn|14
|choice|move 2|move 4
|
|move|p2a: Chansey|Soft-Boiled|p2a: Chansey
|-heal|p2a: Chansey|703\/703
|move|p1a: Alakazam|Psychic|p2a: Chansey
|-damage|p2a: Chansey|492\/703
|
|turn|15
|choice|move 2|move 4
|
|move|p2a: Chansey|Soft-Boiled|p2a: Chansey
|-heal|p2a: Chansey|703\/703
|move|p1a: Alakazam|Psychic|p2a: Chansey
|-crit|p2a: Chansey
|-damage|p2a: Chansey|468\/703
|
|turn|16
|choice|switch 5|move 4
|
|switch|p1a: Golem|Golem|363\/363
|move|p2a: Chansey|Soft-Boiled|p2a: Chansey
|-heal|p2a: Chansey|703\/703
|
|turn|17
|choice|move 4|switch 3
|
|switch|p2a: Exeggutor|Exeggutor|131\/393
|move|p1a: Golem|Seismic Toss|p2a: Exeggutor
|-damage|p2a: Exeggutor|31\/393
|
|turn|18
|choice|move 1|move 3
|
|move|p2a: Exeggutor|Mega Drain|p1a: Golem
|-supereffective|p1a: Golem
|-damage|p1a: Golem|37\/363
|-heal|p2a: Exeggutor|194\/393|[from] drain|[of] p1a: Golem
|move|p1a: Golem|Fire Blast|p2a: Exeggutor
|-supereffective|p2a: Exeggutor
|-damage|p2a: Exeggutor|84\/393
|-status|p2a: Exeggutor|brn
|
|turn|19
|choice|switch 6|move 1
|
|switch|p1a: Chansey|Chansey|476\/703 slp
|move|p2a: Exeggutor|Psychic|p1a: Chansey
|-damage|p1a: Chansey|354\/703 slp
|-damage|p2a: Exeggutor|60\/393 brn|[from] brn|[of] p1a: Chansey
|
|turn|20
|choice|move 2|move 4
|
|move|p2a: Exeggutor|Explosion|p1a: Chansey
|-damage|p1a: Chansey|0 fnt
|faint|p1a: Chansey
|faint|p2a: Exeggutor
|choice|switch 5|switch 2
|
|switch|p2a: Alakazam|Alakazam|313\/313
|switch|p1a: Alakazam|Alakazam|182\/313 par
|turn|21
|choice|move 4|move 3
|
|move|p2a: Alakazam|Seismic Toss|p1a: Alakazam
|-damage|p1a: Alakazam|82\/313 par
|move|p1a: Alakazam|Confusion|p2a: Alakazam
|-resisted|p2a: Alakazam
|-damage|p2a: Alakazam|285\/313
|
|turn|22
|choice|switch 4|move 3
|
|switch|p1a: Arcanine|Arcanine|383\/383 par
|move|p2a: Alakazam|Seismic Toss|p1a: Arcanine
|-damage|p1a: Arcanine|283\/383 par
|
|turn|23
|choice|move 2|move 1
|
|move|p2a: Alakazam|Psychic|p1a: Arcanine
|-damage|p1a: Arcanine|140\/383 par
|move|p1a: Arcanine|Flamethrower|p2a: Alakazam
|-damage|p2a: Alakazam|208\/313
|
|turn|24
|choice|move 2|move 1
|
|move|p2a: Alakazam|Psychic|p1a: Arcanine
|-damage|p1a: Arcanine|0 fnt
|faint|p1a: Arcanine
|choice|switch 6|
|
|switch|p1a: Golem|Golem|37\/363
|turn|25
|choice|move 4|move 1
|
|move|p2a: Alakazam|Psychic|p1a: Golem
|-damage|p1a: Golem|0 fnt
|faint|p1a: Golem
|choice|switch 4|
|
|switch|p1a: Alakazam|Alakazam|82\/313 par
|turn|26
|choice|move 2|move 3
|
|move|p2a: Alakazam|Seismic Toss|p1a: Alakazam
|-damage|p1a: Alakazam|0 fnt
|faint|p1a: Alakazam
|choice|switch 3|
|
|switch|p1a: Dragonite|Dragonite|385\/385
|turn|27
|choice|move 2|move 2
|
|move|p2a: Alakazam|Thunder Wave|p1a: Dragonite
|-status|p1a: Dragonite|par
|move|p1a: Dragonite|Thunder|p2a: Alakazam
|-damage|p2a: Alakazam|136\/313
|
|turn|28
|choice|move 2|move 4
|
|move|p2a: Alakazam|Recover|p2a: Alakazam
|-heal|p2a: Alakazam|292\/313
|cant|p1a: Dragonite|par
|
|turn|29
|choice|move 1|move 1
|
|move|p2a: Alakazam|Psychic|p1a: Dragonite
|-crit|p1a: Dragonite
|-damage|p1a: Dragonite|138\/385 par
|move|p1a: Dragonite|Ice Beam|p2a: Alakazam
|-damage|p2a: Alakazam|228\/313
|
|turn|30
|choice|move 2|move 1
|
|move|p2a: Alakazam|Psychic|p1a: Dragonite
|-crit|p1a: Dragonite
|-damage|p1a: Dragonite|0 fnt
|faint|p1a: Dragonite
|
|win|Feena
|player|p1
|player|p2
|raw|hanhansoloolo's rating: 1052 &rarr; <strong>1045<\/strong><br \/>(-7 for losing)
|raw|Feena's rating: 1274 &rarr; <strong>1285<\/strong><br \/>(+11 for winning)
|c|★hanhansoloolo|que treta