|j|tr0m
|j|Kutazing
|player|p1|tr0m|1
|player|p2|Kutazing|170
|gametype|singles
|gen|1
|tier|[Gen 1] OU
|rated
|seed|23761,2059,36931,20736
|rule|Sleep Clause Mod: Limit one foe put to sleep
|rule|Freeze Clause Mod: Limit one foe frozen
|rule|Species Clause: Limit one of each Pokémon
|rule|OHKO Clause: OHKO moves are banned
|rule|Evasion Moves Clause: Evasion moves are banned
|rule|HP Percentage Mod: HP is shown in percentages
|
|start
|switch|p1a: Starmie|Starmie|323\/323
|switch|p2a: Exeggutor|Exeggutor|393\/393
|turn|1
|choice|move 2|move 1
|
|move|p1a: Starmie|Blizzard|p2a: Exeggutor
|-supereffective|p2a: Exeggutor
|-damage|p2a: Exeggutor|221\/393
|move|p2a: Exeggutor|Sleep Powder|p1a: Starmie
|-status|p1a: Starmie|slp
|
|turn|2
|choice|switch 3|move 2
|
|switch|p1a: Exeggutor|Exeggutor|393\/393
|move|p2a: Exeggutor|Stun Spore|p1a: Exeggutor|[miss]
|-miss|p2a: Exeggutor
|
|turn|3
|choice|move 1|move 2
|
|move|p1a: Exeggutor|Sleep Powder|p2a: Exeggutor|[miss]
|-miss|p1a: Exeggutor
|move|p2a: Exeggutor|Stun Spore|p1a: Exeggutor
|-status|p1a: Exeggutor|par
|
|turn|4
|choice|move 1|move 4
|
|move|p2a: Exeggutor|Explosion|p1a: Exeggutor
|-damage|p1a: Exeggutor|112\/393 par
|faint|p2a: Exeggutor
|choice||switch 3
|
|switch|p2a: Tauros|Tauros|353\/353
|turn|5
|choice|switch 4|move 2
|
|switch|p1a: Snorlax|Snorlax|523\/523
|move|p2a: Tauros|Hyper Beam|p1a: Snorlax
|-damage|p1a: Snorlax|284\/523
|
|turn|6
|-mustrecharge|p2a: Tauros
|-mustrecharge|p2a: Tauros
|choice|move 3|move 1
|
|cant|p2a: Tauros|recharge
|move|p1a: Snorlax|Counter|p2a: Tauros
|-damage|p2a: Tauros|0 fnt
|faint|p2a: Tauros
|c|★Kutazing|lol wut
|choice||switch 2
|
|switch|p2a: Golem|Golem|363\/363
|turn|7
|choice|move 1|move 2
|
|move|p2a: Golem|Earthquake|p1a: Snorlax
|-damage|p1a: Snorlax|123\/523
|move|p1a: Snorlax|Body Slam|p2a: Golem
|-resisted|p2a: Golem
|-damage|p2a: Golem|322\/363
|-status|p2a: Golem|par
|
|turn|8
|choice|switch 4|move 2
|
|switch|p1a: Exeggutor|Exeggutor|112\/393 par
|move|p2a: Golem|Earthquake|p1a: Exeggutor
|-resisted|p1a: Exeggutor
|-damage|p1a: Exeggutor|38\/393 par
|
|turn|9
|choice|move 4|switch 5
|
|switch|p2a: Alakazam|Alakazam|313\/313
|move|p1a: Exeggutor|Psychic|p2a: Alakazam
|-resisted|p2a: Alakazam
|-damage|p2a: Alakazam|262\/313
|-unboost|p2a: Alakazam|spd|1
|-unboost|p2a: Alakazam|spa|1
|
|turn|10
|choice|switch 2|move 1
|
|switch|p1a: Chansey|Chansey|703\/703
|move|p2a: Alakazam|Psychic|p1a: Chansey
|-crit|p1a: Chansey
|-damage|p1a: Chansey|460\/703
|
|turn|11
|choice|move 1|switch 5
|
|switch|p2a: Golem|Golem|322\/363 par
|move|p1a: Chansey|Ice Beam|p2a: Golem
|-crit|p2a: Golem
|-supereffective|p2a: Golem
|-damage|p2a: Golem|0 fnt
|faint|p2a: Golem
|choice||switch 4
|
|switch|p2a: Cloyster|Cloyster|303\/303
|turn|12
|c|★tr0m|cause of specail drops
|choice|move 4|move 1
|
|move|p2a: Cloyster|Clamp|p1a: Chansey
|-damage|p1a: Chansey|422\/703
|-activate|p1a: Chansey|move: Clamp|[of] p2a: Cloyster
|cant|p1a: Chansey|partiallytrapped
|
|turn|13
|choice|switch 3|move 1
|
|switch|p1a: Starmie|Starmie|323\/323 slp
|move|p2a: Cloyster|Clamp|p1a: Starmie
|-resisted|p1a: Starmie
|-damage|p1a: Starmie|304\/323 slp
|-activate|p1a: Starmie|move: Clamp|[of] p2a: Cloyster
|
|turn|14
|choice|move 2|switch 6
|
|switch|p2a: Chansey|Chansey|703\/703
|cant|p1a: Starmie|slp
|
|-end|p1a: Starmie|Clamp|[partiallytrapped]
|turn|15
|choice|switch 3|move 4
|
|switch|p1a: Chansey|Chansey|422\/703
|move|p2a: Chansey|Thunderbolt|p1a: Chansey
|-damage|p1a: Chansey|351\/703
|-status|p1a: Chansey|par
|
|turn|16
|choice|move 4|switch 6
|
|switch|p2a: Cloyster|Cloyster|303\/303
|move|p1a: Chansey|Thunder Wave|p2a: Cloyster
|-status|p2a: Cloyster|par
|
|turn|17
|choice|move 3|move 1
|
|cant|p2a: Cloyster|par
|move|p1a: Chansey|Soft-Boiled|p1a: Chansey
|-heal|p1a: Chansey|702\/703 par
|
|turn|18
|choice|move 2|move 3
|
|move|p2a: Cloyster|Hyper Beam|p1a: Chansey
|-damage|p1a: Chansey|375\/703 par
|move|p1a: Chansey|Thunderbolt|p2a: Cloyster
|-supereffective|p2a: Cloyster
|-damage|p2a: Cloyster|128\/303 par
|
|turn|19
|-mustrecharge|p2a: Cloyster
|-mustrecharge|p2a: Cloyster
|choice|move 2|move 1
|
|cant|p2a: Cloyster|recharge
|move|p1a: Chansey|Thunderbolt|p2a: Cloyster
|-supereffective|p2a: Cloyster
|-damage|p2a: Cloyster|0 fnt
|faint|p2a: Cloyster
|choice||switch 5
|
|switch|p2a: Alakazam|Alakazam|262\/313
|turn|20
|choice|move 4|move 1
|
|move|p2a: Alakazam|Psychic|p1a: Chansey
|-damage|p1a: Chansey|255\/703 par
|cant|p1a: Chansey|par
|
|turn|21
|choice|move 4|move 1
|
|move|p2a: Alakazam|Psychic|p1a: Chansey
|-damage|p1a: Chansey|134\/703 par
|move|p1a: Chansey|Thunder Wave|p2a: Alakazam
|-status|p2a: Alakazam|par
|
|turn|22
|choice|move 1|move 1
|
|move|p2a: Alakazam|Psychic|p1a: Chansey
|-damage|p1a: Chansey|11\/703 par
|move|p1a: Chansey|Ice Beam|p2a: Alakazam
|-damage|p2a: Alakazam|197\/313 par
|
|turn|23
|choice|move 2|move 1
|
|move|p2a: Alakazam|Psychic|p1a: Chansey
|-damage|p1a: Chansey|0 fnt
|faint|p1a: Chansey
|choice|switch 4|
|
|switch|p1a: Snorlax|Snorlax|123\/523
|turn|24
|choice|move 4|move 3
|
|move|p1a: Snorlax|Hyper Beam|p2a: Alakazam
|-damage|p2a: Alakazam|0 fnt
|faint|p2a: Alakazam
|choice||switch 6
|
|switch|p2a: Chansey|Chansey|703\/703
|turn|25
|choice|move 2|move 1
|
|move|p1a: Snorlax|Self-Destruct|p2a: Chansey
|-damage|p2a: Chansey|0 fnt
|faint|p2a: Chansey
|faint|p1a: Snorlax
|
|win|tr0m
|player|p1
|player|p2
|raw|tr0m's rating: 1429 &rarr; <strong>1436<\/strong><br \/>(+7 for winning)
|raw|Kutazing's rating: 1154 &rarr; <strong>1146<\/strong><br \/>(-8 for losing)
|l|Kutazing