|join|MALESANI
|join|ULT Hurricane
|player|p1|MALESANI|238
|player|p2|ULT Hurricane|169
|gametype|singles
|gen|1
|tier|[Gen 1] Random Battle
|rated
|seed|50135,1018,18253,45614
|rule|Sleep Clause Mod: Limit one foe put to sleep
|rule|Freeze Clause Mod: Limit one foe frozen
|rule|HP Percentage Mod: HP is shown in percentages
|
|start
|switch|p1a: Parasect|Parasect, L90|291\/291
|switch|p2a: Tentacruel|Tentacruel, L85|310\/310
|turn|1
|choice|move 4|move 2
|
|move|p2a: Tentacruel|Blizzard|p1a: Parasect|[miss]
|-miss|p2a: Tentacruel
|move|p1a: Parasect|Spore|p2a: Tentacruel
|-status|p2a: Tentacruel|slp
|
|turn|2
|choice|move 3|move 2
|
|-curestatus|p2a: Tentacruel|slp
|move|p1a: Parasect|Slash|p2a: Tentacruel
|-damage|p2a: Tentacruel|249\/310
|
|turn|3
|choice|move 4|move 2
|
|move|p2a: Tentacruel|Blizzard|p1a: Parasect
|-supereffective|p1a: Parasect
|-damage|p1a: Parasect|90\/291
|move|p1a: Parasect|Spore|p2a: Tentacruel
|-status|p2a: Tentacruel|slp
|
|turn|4
|choice|move 1|move 2
|
|cant|p2a: Tentacruel|slp
|move|p1a: Parasect|Body Slam|p2a: Tentacruel
|-damage|p2a: Tentacruel|169\/310 slp
|
|turn|5
|choice|move 1|move 2
|
|cant|p2a: Tentacruel|slp
|move|p1a: Parasect|Body Slam|p2a: Tentacruel
|-damage|p2a: Tentacruel|93\/310 slp
|
|turn|6
|choice|move 3|switch 2
|
|switch|p2a: Metapod|Metapod, L99|300\/300
|move|p1a: Parasect|Slash|p2a: Metapod
|-crit|p2a: Metapod
|-damage|p2a: Metapod|172\/300
|
|turn|7
|choice|move 1|move 2
|
|move|p2a: Metapod|Harden|p2a: Metapod
|-boost|p2a: Metapod|def|1
|move|p1a: Parasect|Body Slam|p2a: Metapod
|-damage|p2a: Metapod|120\/300
|
|turn|8
|choice|move 3|move 2
|
|move|p2a: Metapod|Harden|p2a: Metapod
|-boost|p2a: Metapod|def|1
|move|p1a: Parasect|Slash|p2a: Metapod
|-crit|p2a: Metapod
|-damage|p2a: Metapod|5\/300
|
|turn|9
|choice|move 2|move 3
|
|move|p2a: Metapod|Tackle|p1a: Parasect
|-damage|p1a: Parasect|74\/291
|move|p1a: Parasect|Hyper Beam|p2a: Metapod
|-damage|p2a: Metapod|0 fnt
|faint|p2a: Metapod
|choice||switch 5
|
|switch|p2a: Jolteon|Jolteon, L79|265\/265
|turn|10
|choice|switch 5|move 2
|
|switch|p1a: Rhydon|Rhydon, L79|328\/328
|move|p2a: Jolteon|Pin Missile|p1a: Rhydon
|-damage|p1a: Rhydon|322\/328
|-damage|p1a: Rhydon|316\/328
|-damage|p1a: Rhydon|310\/328
|-damage|p1a: Rhydon|304\/328
|-hitcount|p1a: Rhydon|4
|
|turn|11
|choice|move 2|move 4
|
|move|p2a: Jolteon|Double Kick|p1a: Rhydon
|-supereffective|p1a: Rhydon
|-damage|p1a: Rhydon|278\/328
|-damage|p1a: Rhydon|252\/328
|-hitcount|p1a: Rhydon|2
|move|p1a: Rhydon|Rock Slide|p2a: Jolteon|[miss]
|-miss|p1a: Rhydon
|
|turn|12
|choice|move 4|switch 4
|
|switch|p2a: Snorlax|Snorlax, L79|415\/415
|move|p1a: Rhydon|Earthquake|p2a: Snorlax
|-damage|p2a: Snorlax|267\/415
|
|turn|13
|choice|move 4|move 2
|
|move|p1a: Rhydon|Earthquake|p2a: Snorlax
|-damage|p2a: Snorlax|115\/415
|move|p2a: Snorlax|Surf|p1a: Rhydon
|-supereffective|p1a: Rhydon
|-damage|p1a: Rhydon|0 fnt
|faint|p1a: Rhydon
|choice|switch 6|
|
|switch|p1a: Lickitung|Lickitung, L90|345\/345
|turn|14
|choice|move 3|move 4
|
|move|p1a: Lickitung|Swords Dance|p1a: Lickitung
|-boost|p1a: Lickitung|atk|2
|move|p2a: Snorlax|Rest|p2a: Snorlax
|-status|p2a: Snorlax|slp
|-heal|p2a: Snorlax|415\/415 slp|[silent]
|-status|p2a: Snorlax|slp|[from] move: Rest
|
|turn|15
|choice|move 3|switch 3
|
|switch|p2a: Cloyster|Cloyster, L83|253\/253
|move|p1a: Lickitung|Swords Dance|p1a: Lickitung
|-boost|p1a: Lickitung|atk|2
|
|turn|16
|choice|move 1|move 3
|
|move|p2a: Cloyster|Explosion|p1a: Lickitung
|-damage|p1a: Lickitung|122\/345
|faint|p2a: Cloyster
|choice||switch 4
|
|switch|p2a: Jolteon|Jolteon, L79|265\/265
|turn|17
|choice|move 2|move 4
|
|move|p2a: Jolteon|Double Kick|p1a: Lickitung
|-supereffective|p1a: Lickitung
|-damage|p1a: Lickitung|87\/345
|-damage|p1a: Lickitung|52\/345
|-hitcount|p1a: Lickitung|2
|move|p1a: Lickitung|Earthquake|p2a: Jolteon
|-supereffective|p2a: Jolteon
|-damage|p2a: Jolteon|0 fnt
|faint|p2a: Jolteon
|choice||switch 6
|
|switch|p2a: Mewtwo|Mewtwo, L68|285\/285
|turn|18
|choice|move 2|move 3
|
|move|p2a: Mewtwo|Ice Beam|p1a: Lickitung
|-damage|p1a: Lickitung|0 fnt
|faint|p1a: Lickitung
|choice|switch 3|
|
|switch|p1a: Electabuzz|Electabuzz, L85|284\/284
|turn|19
|choice|move 3|move 2
|
|move|p1a: Electabuzz|Thunder Wave|p2a: Mewtwo
|-status|p2a: Mewtwo|par
|move|p2a: Mewtwo|Amnesia|p2a: Mewtwo
|-boost|p2a: Mewtwo|spd|2
|-boost|p2a: Mewtwo|spa|2
|
|turn|20
|choice|move 4|move 2
|
|move|p1a: Electabuzz|Seismic Toss|p2a: Mewtwo
|-damage|p2a: Mewtwo|200\/285 par
|move|p2a: Mewtwo|Amnesia|p2a: Mewtwo
|-boost|p2a: Mewtwo|spd|2
|-boost|p2a: Mewtwo|spa|2
|
|turn|21
|choice|move 4|move 1
|
|move|p1a: Electabuzz|Seismic Toss|p2a: Mewtwo
|-damage|p2a: Mewtwo|115\/285 par
|move|p2a: Mewtwo|Psychic|p1a: Electabuzz
|-damage|p1a: Electabuzz|41\/284
|
|turn|22
|choice|move 4|move 4
|
|move|p1a: Electabuzz|Seismic Toss|p2a: Mewtwo
|-damage|p2a: Mewtwo|30\/285 par
|move|p2a: Mewtwo|Rest|p2a: Mewtwo
|-fail|p2a: Mewtwo
|
|turn|23
|choice|move 4|move 1
|
|move|p1a: Electabuzz|Seismic Toss|p2a: Mewtwo
|-damage|p2a: Mewtwo|0 fnt
|faint|p2a: Mewtwo
|choice||switch 3
|
|switch|p2a: Snorlax|Snorlax, L79|415\/415 slp
|turn|24
|choice|move 1|move 1
|
|move|p1a: Electabuzz|Thunderbolt|p2a: Snorlax
|-damage|p2a: Snorlax|300\/415 slp
|cant|p2a: Snorlax|slp
|
|turn|25
|choice|switch 5|move 1
|
|switch|p1a: Parasect|Parasect, L90|74\/291
|-curestatus|p2a: Snorlax|slp
|
|turn|26
|choice|move 2|move 3
|
|move|p1a: Parasect|Hyper Beam|p2a: Snorlax
|-damage|p2a: Snorlax|138\/415
|move|p2a: Snorlax|Ice Beam|p1a: Parasect
|-supereffective|p1a: Parasect
|-damage|p1a: Parasect|0 fnt
|faint|p1a: Parasect
|choice|switch 5|
|
|switch|p1a: Electabuzz|Electabuzz, L85|41\/284
|turn|27
|choice|move 1|move 4
|
|move|p1a: Electabuzz|Thunderbolt|p2a: Snorlax
|-damage|p2a: Snorlax|15\/415
|-status|p2a: Snorlax|par
|move|p2a: Snorlax|Rest|p2a: Snorlax
|-status|p2a: Snorlax|slp
|-heal|p2a: Snorlax|415\/415 slp|[silent]
|-status|p2a: Snorlax|slp|[from] move: Rest
|
|turn|28
|choice|move 2|move 1
|
|move|p1a: Electabuzz|Psychic|p2a: Snorlax
|-damage|p2a: Snorlax|340\/415 slp
|cant|p2a: Snorlax|slp
|
|turn|29
|choice|move 1|move 1
|
|move|p1a: Electabuzz|Thunderbolt|p2a: Snorlax
|-damage|p2a: Snorlax|213\/415 slp
|-curestatus|p2a: Snorlax|slp
|
|turn|30
|choice|move 1|move 1
|
|move|p1a: Electabuzz|Thunderbolt|p2a: Snorlax
|-damage|p2a: Snorlax|98\/415
|move|p2a: Snorlax|Amnesia|p2a: Snorlax
|-boost|p2a: Snorlax|spd|2
|-boost|p2a: Snorlax|spa|2
|
|turn|31
|choice|move 4|move 4
|
|move|p1a: Electabuzz|Seismic Toss|p2a: Snorlax
|-damage|p2a: Snorlax|13\/415
|move|p2a: Snorlax|Rest|p2a: Snorlax
|-status|p2a: Snorlax|slp
|-heal|p2a: Snorlax|415\/415 slp|[silent]
|-status|p2a: Snorlax|slp|[from] move: Rest
|
|turn|32
|choice|move 1|move 1
|
|move|p1a: Electabuzz|Thunderbolt|p2a: Snorlax
|-damage|p2a: Snorlax|353\/415 slp
|cant|p2a: Snorlax|slp
|
|turn|33
|choice|move 2|move 1
|
|move|p1a: Electabuzz|Psychic|p2a: Snorlax
|-damage|p2a: Snorlax|313\/415 slp
|-unboost|p2a: Snorlax|spd|1
|-unboost|p2a: Snorlax|spa|1
|-curestatus|p2a: Snorlax|slp
|
|turn|34
|choice|move 3|move 1
|
|move|p1a: Electabuzz|Thunder Wave|p2a: Snorlax
|-status|p2a: Snorlax|par
|move|p2a: Snorlax|Amnesia|p2a: Snorlax
|-boost|p2a: Snorlax|spd|2
|-boost|p2a: Snorlax|spa|2
|
|turn|35
|choice|move 4|move 4
|
|move|p1a: Electabuzz|Seismic Toss|p2a: Snorlax
|-damage|p2a: Snorlax|228\/415 par
|move|p2a: Snorlax|Rest|p2a: Snorlax
|-status|p2a: Snorlax|slp
|-heal|p2a: Snorlax|415\/415 slp|[silent]
|-status|p2a: Snorlax|slp|[from] move: Rest
|
|turn|36
|choice|switch 2|move 3
|
|switch|p1a: Flareon|Flareon, L90|300\/300
|cant|p2a: Snorlax|slp
|
|turn|37
|choice|move 3|move 2
|
|move|p1a: Flareon|Hyper Beam|p2a: Snorlax
|-damage|p2a: Snorlax|238\/415 slp
|-curestatus|p2a: Snorlax|slp
|
|turn|38
|-mustrecharge|p1a: Flareon
|-mustrecharge|p1a: Flareon
|choice|move 1|move 1
|
|cant|p1a: Flareon|recharge
|move|p2a: Snorlax|Amnesia|p2a: Snorlax
|-boost|p2a: Snorlax|spd|2
|-boost|p2a: Snorlax|spa|2
|
|turn|39
|choice|move 3|move 4
|
|move|p1a: Flareon|Hyper Beam|p2a: Snorlax
|-damage|p2a: Snorlax|62\/415
|move|p2a: Snorlax|Rest|p2a: Snorlax
|-status|p2a: Snorlax|slp
|-heal|p2a: Snorlax|415\/415 slp|[silent]
|-status|p2a: Snorlax|slp|[from] move: Rest
|
|turn|40
|-mustrecharge|p1a: Flareon
|-mustrecharge|p1a: Flareon
|choice|move 1|move 2
|
|cant|p1a: Flareon|recharge
|cant|p2a: Snorlax|slp
|
|turn|41
|choice|move 1|move 2
|
|move|p1a: Flareon|Body Slam|p2a: Snorlax
|-damage|p2a: Snorlax|303\/415 slp
|-curestatus|p2a: Snorlax|slp
|
|turn|42
|choice|move 3|move 2
|
|move|p1a: Flareon|Hyper Beam|p2a: Snorlax
|-damage|p2a: Snorlax|119\/415
|move|p2a: Snorlax|Surf|p1a: Flareon
|-supereffective|p1a: Flareon
|-damage|p1a: Flareon|52\/300
|
|turn|43
|-mustrecharge|p1a: Flareon
|-mustrecharge|p1a: Flareon
|choice|move 1|move 4
|
|cant|p1a: Flareon|recharge
|move|p2a: Snorlax|Rest|p2a: Snorlax
|-status|p2a: Snorlax|slp
|-heal|p2a: Snorlax|415\/415 slp|[silent]
|-status|p2a: Snorlax|slp|[from] move: Rest
|
|turn|44
|choice|move 1|move 2
|
|move|p1a: Flareon|Body Slam|p2a: Snorlax
|-damage|p2a: Snorlax|311\/415 slp
|cant|p2a: Snorlax|slp
|
|turn|45
|choice|move 1|move 4
|
|move|p1a: Flareon|Body Slam|p2a: Snorlax
|-damage|p2a: Snorlax|206\/415 slp
|-curestatus|p2a: Snorlax|slp
|
|turn|46
|choice|move 3|move 4
|
|move|p1a: Flareon|Hyper Beam|p2a: Snorlax
|-damage|p2a: Snorlax|11\/415
|move|p2a: Snorlax|Rest|p2a: Snorlax
|-status|p2a: Snorlax|slp
|-heal|p2a: Snorlax|415\/415 slp|[silent]
|-status|p2a: Snorlax|slp|[from] move: Rest
|
|turn|47
|-mustrecharge|p1a: Flareon
|-mustrecharge|p1a: Flareon
|choice|move 1|move 2
|
|cant|p1a: Flareon|recharge
|cant|p2a: Snorlax|slp
|
|turn|48
|choice|move 1|move 2
|
|move|p1a: Flareon|Body Slam|p2a: Snorlax
|-damage|p2a: Snorlax|307\/415 slp
|-curestatus|p2a: Snorlax|slp
|
|turn|49
|choice|move 3|move 2
|
|move|p1a: Flareon|Hyper Beam|p2a: Snorlax
|-crit|p2a: Snorlax
|-damage|p2a: Snorlax|0 fnt
|faint|p2a: Snorlax
|choice||switch 2
|
|switch|p2a: Tentacruel|Tentacruel, L85|93\/310 slp
|turn|50
|choice|switch 4|move 4
|
|switch|p1a: Jynx|Jynx, L79|265\/265
|cant|p2a: Tentacruel|slp
|
|turn|51
|choice|move 3|move 3
|
|-curestatus|p2a: Tentacruel|slp
|move|p1a: Jynx|Psychic|p2a: Tentacruel
|-supereffective|p2a: Tentacruel
|-damage|p2a: Tentacruel|0 fnt
|faint|p2a: Tentacruel
|
|win|MALESANI
|raw|MALESANI's rating: 1229 &rarr; <strong>1239<\/strong><br \/>(+10 for winning)
|raw|ULT Hurricane's rating: 1000 &rarr; <strong>1000<\/strong><br \/>(+0 for losing)