|j|reubenhood
|j|Kanto Bred
|player|p1|reubenhood|102
|player|p2|Kanto Bred|160
|gametype|singles
|gen|1
|tier|[Gen 1] Random Battle
|rated
|seed|31145,34375,15866,8797
|rule|Sleep Clause Mod: Limit one foe put to sleep
|rule|Freeze Clause Mod: Limit one foe frozen
|rule|HP Percentage Mod: HP is shown in percentages
|
|start
|switch|p1a: Venonat|Venonat, L96|310\/310
|switch|p2a: Poliwhirl|Poliwhirl, L85|284\/284
|turn|1
|choice|move 4|move 4
|
|move|p2a: Poliwhirl|Psychic|p1a: Venonat
|-supereffective|p1a: Venonat
|-damage|p1a: Venonat|184\/310
|move|p1a: Venonat|Sleep Powder|p2a: Poliwhirl|[miss]
|-miss|p1a: Venonat
|
|turn|2
|choice|move 4|move 3
|
|move|p2a: Poliwhirl|Hypnosis|p1a: Venonat
|-status|p1a: Venonat|slp
|cant|p1a: Venonat|slp
|
|turn|3
|choice|switch 4|move 4
|
|switch|p1a: Weepinbell|Weepinbell, L85|284\/284
|move|p2a: Poliwhirl|Psychic|p1a: Weepinbell
|-supereffective|p1a: Weepinbell
|-damage|p1a: Weepinbell|199\/284
|
|turn|4
|choice|move 2|switch 6
|
|switch|p2a: Charmeleon|Charmeleon, L85|272\/272
|move|p1a: Weepinbell|Swords Dance|p1a: Weepinbell
|-boost|p1a: Weepinbell|atk|2
|
|turn|5
|choice|switch 3|move 4
|
|switch|p1a: Poliwhirl|Poliwhirl, L85|284\/284
|move|p2a: Charmeleon|Body Slam|p1a: Poliwhirl
|-damage|p1a: Poliwhirl|231\/284
|
|turn|6
|choice|move 3|switch 2
|
|switch|p2a: Bulbasaur|Bulbasaur, L96|281\/281
|move|p1a: Poliwhirl|Surf|p2a: Bulbasaur
|-resisted|p2a: Bulbasaur
|-damage|p2a: Bulbasaur|244\/281
|
|turn|7
|choice|switch 6|move 4
|
|switch|p1a: Articuno|Articuno, L79|304\/304
|move|p2a: Bulbasaur|Razor Leaf|p1a: Articuno
|-resisted|p1a: Articuno
|-damage|p1a: Articuno|278\/304
|
|turn|8
|choice|move 3|switch 2
|
|switch|p2a: Charmeleon|Charmeleon, L85|272\/272
|move|p1a: Articuno|Reflect|p1a: Articuno
|-start|p1a: Articuno|Reflect
|
|turn|9
|choice|switch 6|move 3
|
|switch|p1a: Poliwhirl|Poliwhirl, L85|231\/284
|move|p2a: Charmeleon|Substitute|p2a: Charmeleon
|-start|p2a: Charmeleon|Substitute
|-damage|p2a: Charmeleon|204\/272
|
|turn|10
|choice|move 2|move 4
|
|move|p1a: Poliwhirl|Hypnosis|p2a: Charmeleon|[miss]
|-miss|p1a: Poliwhirl
|move|p2a: Charmeleon|Body Slam|p1a: Poliwhirl
|-damage|p1a: Poliwhirl|171\/284
|
|turn|11
|choice|move 3|move 4
|
|move|p1a: Poliwhirl|Surf|p2a: Charmeleon
|-supereffective|p2a: Charmeleon
|-end|p2a: Charmeleon|Substitute
|move|p2a: Charmeleon|Body Slam|p1a: Poliwhirl
|-damage|p1a: Poliwhirl|110\/284
|-status|p1a: Poliwhirl|par
|
|turn|12
|choice|switch 6|move 2
|
|switch|p1a: Articuno|Articuno, L79|278\/304
|move|p2a: Charmeleon|Slash|p1a: Articuno
|-crit|p1a: Articuno
|-damage|p1a: Articuno|208\/304
|
|turn|13
|choice|move 2|move 4
|
|move|p2a: Charmeleon|Body Slam|p1a: Articuno
|-damage|p1a: Articuno|157\/304
|move|p1a: Articuno|Blizzard|p2a: Charmeleon
|-damage|p2a: Charmeleon|42\/272
|
|turn|14
|choice|move 3|move 4
|
|move|p2a: Charmeleon|Body Slam|p1a: Articuno
|-crit|p1a: Articuno
|-damage|p1a: Articuno|63\/304
|move|p1a: Articuno|Reflect|p1a: Articuno
|-start|p1a: Articuno|Reflect
|
|turn|15
|choice|move 4|move 4
|
|move|p2a: Charmeleon|Body Slam|p1a: Articuno
|-damage|p1a: Articuno|41\/304
|-status|p1a: Articuno|par
|cant|p1a: Articuno|par
|
|turn|16
|choice|move 4|move 2
|
|move|p2a: Charmeleon|Slash|p1a: Articuno
|-crit|p1a: Articuno
|-damage|p1a: Articuno|0 fnt
|faint|p1a: Articuno
|choice|switch 4|
|
|switch|p1a: Venonat|Venonat, L96|184\/310 slp
|turn|17
|choice|move 2|move 2
|
|move|p2a: Charmeleon|Slash|p1a: Venonat
|-crit|p1a: Venonat
|-damage|p1a: Venonat|97\/310 slp
|-curestatus|p1a: Venonat|slp
|
|turn|18
|choice|move 2|move 4
|
|move|p2a: Charmeleon|Body Slam|p1a: Venonat
|-crit|p1a: Venonat
|-damage|p1a: Venonat|0 fnt
|faint|p1a: Venonat
|choice|switch 2|
|
|switch|p1a: Abra|Abra, L96|243\/243
|turn|19
|choice|move 4|move 4
|
|move|p1a: Abra|Seismic Toss|p2a: Charmeleon
|-damage|p2a: Charmeleon|0 fnt
|faint|p2a: Charmeleon
|choice||switch 6
|
|switch|p2a: Poliwhirl|Poliwhirl, L85|284\/284
|turn|20
|choice|move 2|move 4
|
|move|p1a: Abra|Thunder Wave|p2a: Poliwhirl
|-status|p2a: Poliwhirl|par
|move|p2a: Poliwhirl|Psychic|p1a: Abra
|-crit|p1a: Abra
|-resisted|p1a: Abra
|-damage|p1a: Abra|212\/243
|-unboost|p1a: Abra|spd|1
|-unboost|p1a: Abra|spa|1
|
|turn|21
|choice|move 4|move 2
|
|move|p1a: Abra|Seismic Toss|p2a: Poliwhirl
|-damage|p2a: Poliwhirl|188\/284 par
|move|p2a: Poliwhirl|Surf|p1a: Abra
|-damage|p1a: Abra|127\/243
|
|turn|22
|choice|move 3|move 2
|
|move|p1a: Abra|Reflect|p1a: Abra
|-start|p1a: Abra|Reflect
|move|p2a: Poliwhirl|Surf|p1a: Abra
|-damage|p1a: Abra|44\/243
|
|turn|23
|choice|move 2|move 2
|
|move|p1a: Abra|Thunder Wave|p2a: Poliwhirl
|-fail|p2a: Poliwhirl|par
|move|p2a: Poliwhirl|Surf|p1a: Abra
|-damage|p1a: Abra|0 fnt
|faint|p1a: Abra
|choice|switch 3|
|
|switch|p1a: Weepinbell|Weepinbell, L85|199\/284
|turn|24
|choice|move 1|move 4
|
|move|p1a: Weepinbell|Razor Leaf|p2a: Poliwhirl
|-crit|p2a: Poliwhirl
|-supereffective|p2a: Poliwhirl
|-damage|p2a: Poliwhirl|0 fnt
|faint|p2a: Poliwhirl
|choice||switch 4
|
|switch|p2a: Persian|Persian, L79|265\/265
|turn|25
|choice|move 4|move 1
|
|move|p2a: Persian|Slash|p1a: Weepinbell
|-crit|p1a: Weepinbell
|-damage|p1a: Weepinbell|59\/284
|move|p1a: Weepinbell|Toxic|p2a: Persian|[miss]
|-miss|p1a: Weepinbell
|
|turn|26
|choice|move 4|move 3
|
|move|p2a: Persian|Hyper Beam|p1a: Weepinbell
|-damage|p1a: Weepinbell|0 fnt
|faint|p1a: Weepinbell
|choice|switch 6|
|
|switch|p1a: Poliwhirl|Poliwhirl, L85|110\/284 par
|turn|27
|choice|move 2|move 3
|
|move|p2a: Persian|Hyper Beam|p1a: Poliwhirl
|-damage|p1a: Poliwhirl|0 fnt
|faint|p1a: Poliwhirl
|choice|switch 5|
|
|switch|p1a: Onix|Onix, L90|246\/246
|turn|28
|choice|move 4|move 4
|
|move|p2a: Persian|Bubble Beam|p1a: Onix
|-crit|p1a: Onix
|-supereffective|p1a: Onix
|-damage|p1a: Onix|0 fnt
|faint|p1a: Onix
|
|win|Kanto Bred
|raw|reubenhood's rating: 1078 &rarr; <strong>1062<\/strong><br \/>(-16 for losing)
|raw|Kanto Bred's rating: 1171 &rarr; <strong>1190<\/strong><br \/>(+19 for winning)