|j|trbaltussen
|j|OKayTee
|player|p1|trbaltussen|102
|player|p2|OKayTee|169
|gametype|singles
|gen|1
|tier|[Gen 1] OU
|rated
|seed|
|rule|Sleep Clause Mod: Limit one foe put to sleep
|rule|Freeze Clause Mod: Limit one foe frozen
|rule|Species Clause: Limit one of each Pokémon
|rule|OHKO Clause: OHKO moves are banned
|rule|Evasion Moves Clause: Evasion moves are banned
|rule|HP Percentage Mod: HP is shown in percentages
|
|start
|switch|p1a: Gengar|Gengar|100\/100
|switch|p2a: Alakazam|Alakazam|100\/100
|turn|1
|choice||
|
|switch|p1a: Tauros|Tauros|100\/100
|move|p2a: Alakazam|Psychic|p1a: Tauros
|-damage|p1a: Tauros|51\/100
|
|turn|2
|choice||
|
|move|p2a: Alakazam|Thunder Wave|p1a: Tauros
|-status|p1a: Tauros|par
|move|p1a: Tauros|Earthquake|p2a: Alakazam
|-damage|p2a: Alakazam|67\/100
|
|turn|3
|choice||
|
|move|p2a: Alakazam|Psychic|p1a: Tauros
|-damage|p1a: Tauros|4\/100 par
|-unboost|p1a: Tauros|spd|1
|-unboost|p1a: Tauros|spa|1
|move|p1a: Tauros|Earthquake|p2a: Alakazam
|-crit|p2a: Alakazam
|-damage|p2a: Alakazam|2\/100
|
|turn|4
|choice||
|
|move|p2a: Alakazam|Recover|p2a: Alakazam
|-heal|p2a: Alakazam|52\/100
|move|p1a: Tauros|Earthquake|p2a: Alakazam
|-damage|p2a: Alakazam|18\/100
|
|turn|5
|choice||
|
|move|p2a: Alakazam|Recover|p2a: Alakazam
|-heal|p2a: Alakazam|68\/100
|cant|p1a: Tauros|par
|
|turn|6
|choice||
|
|move|p2a: Alakazam|Psychic|p1a: Tauros
|-damage|p1a: Tauros|0 fnt
|faint|p1a: Tauros
|choice||
|
|switch|p1a: Jolteon|Jolteon|100\/100
|turn|7
|choice||
|
|switch|p2a: Tauros|Tauros|100\/100
|move|p1a: Jolteon|Thunder Wave|p2a: Tauros
|-status|p2a: Tauros|par
|
|turn|8
|choice||
|
|switch|p1a: Dragonite|Dragonite|100\/100
|move|p2a: Tauros|Earthquake|p1a: Dragonite
|-immune|p1a: Dragonite|[msg]
|
|turn|9
|choice||
|
|switch|p2a: Jolteon|Jolteon|100\/100
|move|p1a: Dragonite|Double-Edge|p2a: Jolteon
|-damage|p2a: Jolteon|65\/100
|-damage|p1a: Dragonite|93\/100|[from] recoil|[of] p2a: Jolteon
|
|turn|10
|choice||
|
|move|p2a: Jolteon|Thunder Wave|p1a: Dragonite
|-status|p1a: Dragonite|par
|cant|p1a: Dragonite|par
|
|turn|11
|choice||
|
|move|p2a: Jolteon|Thunder|p1a: Dragonite
|-damage|p1a: Dragonite|52\/100 par
|move|p1a: Dragonite|Thunder Wave|p2a: Jolteon
|-status|p2a: Jolteon|par
|
|turn|12
|choice||
|
|cant|p2a: Jolteon|par
|move|p1a: Dragonite|Hyper Beam|p2a: Jolteon
|-damage|p2a: Jolteon|19\/100 par
|
|turn|13
|-mustrecharge|p1a: Dragonite
|-mustrecharge|p1a: Dragonite
|choice||
|
|cant|p2a: Jolteon|par
|cant|p1a: Dragonite|recharge
|
|turn|14
|choice||
|
|cant|p2a: Jolteon|par
|cant|p1a: Dragonite|par
|
|turn|15
|choice||
|
|move|p2a: Jolteon|Thunder|p1a: Dragonite|[miss]
|-miss|p2a: Jolteon
|cant|p1a: Dragonite|par
|
|turn|16
|choice||
|
|move|p2a: Jolteon|Thunder|p1a: Dragonite
|-damage|p1a: Dragonite|14\/100 par
|move|p1a: Dragonite|Double-Edge|p2a: Jolteon
|-damage|p2a: Jolteon|0 fnt
|-damage|p1a: Dragonite|10\/100 par|[from] recoil|[of] p2a: Jolteon
|faint|p2a: Jolteon
|choice||
|
|switch|p2a: Slowbro|Slowbro|100\/100
|turn|17
|choice||
|
|move|p2a: Slowbro|Blizzard|p1a: Dragonite
|-supereffective|p1a: Dragonite
|-damage|p1a: Dragonite|0 fnt
|faint|p1a: Dragonite
|choice||
|
|switch|p1a: Starmie|Starmie|100\/100
|turn|18
|choice||
|
|move|p1a: Starmie|Thunderbolt|p2a: Slowbro
|-crit|p2a: Slowbro
|-supereffective|p2a: Slowbro
|-damage|p2a: Slowbro|14\/100
|move|p2a: Slowbro|Thunder Wave|p1a: Starmie
|-status|p1a: Starmie|par
|
|turn|19
|choice||
|
|move|p2a: Slowbro|Rest|p2a: Slowbro
|-status|p2a: Slowbro|slp
|-heal|p2a: Slowbro|100\/100 slp|[silent]
|-status|p2a: Slowbro|slp|[from] move: Rest
|move|p1a: Starmie|Thunderbolt|p2a: Slowbro
|-supereffective|p2a: Slowbro
|-damage|p2a: Slowbro|59\/100 slp
|
|turn|20
|choice||
|
|switch|p2a: Gengar|Gengar|100\/100
|move|p1a: Starmie|Thunderbolt|p2a: Gengar
|-damage|p2a: Gengar|80\/100
|
|turn|21
|choice||
|
|move|p2a: Gengar|Confuse Ray|p1a: Starmie
|-start|p1a: Starmie|confusion
|-activate|p1a: Starmie|confusion
|cant|p1a: Starmie|par
|
|turn|22
|choice||
|
|move|p2a: Gengar|Mega Drain|p1a: Starmie
|-supereffective|p1a: Starmie
|-damage|p1a: Starmie|77\/100 par
|-heal|p2a: Gengar|92\/100|[from] drain|[of] p1a: Starmie
|-end|p1a: Starmie|confusion
|move|p1a: Starmie|Psychic|p2a: Gengar
|-supereffective|p2a: Gengar
|-damage|p2a: Gengar|35\/100
|
|turn|23
|choice||
|
|move|p2a: Gengar|Explosion|p1a: Starmie
|-damage|p1a: Starmie|11\/100 par
|faint|p2a: Gengar
|choice||
|
|switch|p2a: Dragonite|Dragonite|100\/100
|turn|24
|choice||
|
|move|p2a: Dragonite|Wrap|p1a: Starmie
|-damage|p1a: Starmie|5\/100 par
|cant|p1a: Starmie|partiallytrapped
|
|turn|25
|choice||
|
|move|p2a: Dragonite|Wrap|p1a: Starmie|[from]Wrap
|-damage|p1a: Starmie|0 fnt
|faint|p1a: Starmie
|choice||
|
|switch|p1a: Gengar|Gengar|100\/100
|turn|26
|choice||
|
|switch|p2a: Alakazam|Alakazam|68\/100
|move|p1a: Gengar|Hypnosis|p2a: Alakazam|[miss]
|-miss|p1a: Gengar
|
|turn|27
|choice||
|
|switch|p1a: Snorlax|Snorlax|100\/100
|move|p2a: Alakazam|Psychic|p1a: Snorlax
|-damage|p1a: Snorlax|65\/100
|-unboost|p1a: Snorlax|spd|1
|-unboost|p1a: Snorlax|spa|1
|
|turn|28
|choice||
|
|move|p2a: Alakazam|Seismic Toss|p1a: Snorlax
|-damage|p1a: Snorlax|46\/100
|move|p1a: Snorlax|Double-Edge|p2a: Alakazam
|-damage|p2a: Alakazam|15\/100
|-damage|p1a: Snorlax|38\/100|[from] recoil|[of] p2a: Alakazam
|
|turn|29
|choice||
|
|move|p2a: Alakazam|Recover|p2a: Alakazam
|-heal|p2a: Alakazam|64\/100
|move|p1a: Snorlax|Double-Edge|p2a: Alakazam
|-damage|p2a: Alakazam|10\/100
|-damage|p1a: Snorlax|30\/100|[from] recoil|[of] p2a: Alakazam
|
|turn|30
|choice||
|
|switch|p2a: Dragonite|Dragonite|100\/100
|move|p1a: Snorlax|Earthquake|p2a: Dragonite
|-immune|p2a: Dragonite|[msg]
|
|turn|31
|choice||
|
|switch|p1a: Gengar|Gengar|100\/100
|move|p2a: Dragonite|Hyper Beam|p1a: Gengar
|-immune|p1a: Gengar|[msg]
|
|turn|32
|choice||
|
|switch|p2a: Slowbro|Slowbro|59\/100 slp
|move|p1a: Gengar|Night Shade|p2a: Slowbro
|-damage|p2a: Slowbro|33\/100 slp
|
|turn|33
|choice||
|
|move|p1a: Gengar|Thunderbolt|p2a: Slowbro
|-supereffective|p2a: Slowbro
|-damage|p2a: Slowbro|0 fnt
|faint|p2a: Slowbro
|choice||
|
|switch|p2a: Alakazam|Alakazam|10\/100
|turn|34
|choice||
|
|move|p2a: Alakazam|Recover|p2a: Alakazam
|-heal|p2a: Alakazam|60\/100
|move|p1a: Gengar|Night Shade|p2a: Alakazam
|-damage|p2a: Alakazam|28\/100
|
|turn|35
|choice||
|
|move|p2a: Alakazam|Recover|p2a: Alakazam
|-heal|p2a: Alakazam|78\/100
|move|p1a: Gengar|Hypnosis|p2a: Alakazam
|-status|p2a: Alakazam|slp
|
|turn|36
|choice||
|
|-curestatus|p2a: Alakazam|slp
|move|p1a: Gengar|Night Shade|p2a: Alakazam
|-damage|p2a: Alakazam|46\/100
|
|turn|37
|choice||
|
|move|p2a: Alakazam|Psychic|p1a: Gengar
|-supereffective|p1a: Gengar
|-damage|p1a: Gengar|31\/100
|-unboost|p1a: Gengar|spd|1
|-unboost|p1a: Gengar|spa|1
|move|p1a: Gengar|Hypnosis|p2a: Alakazam
|-status|p2a: Alakazam|slp
|
|turn|38
|choice||
|
|cant|p2a: Alakazam|slp
|move|p1a: Gengar|Night Shade|p2a: Alakazam
|-damage|p2a: Alakazam|14\/100 slp
|
|turn|39
|choice||
|
|switch|p2a: Dragonite|Dragonite|100\/100
|move|p1a: Gengar|Night Shade|p2a: Dragonite
|-damage|p2a: Dragonite|75\/100
|
|turn|40
|choice||
|
|move|p1a: Gengar|Night Shade|p2a: Dragonite
|-damage|p2a: Dragonite|49\/100
|move|p2a: Dragonite|Ice Beam|p1a: Gengar|[miss]
|-miss|p2a: Dragonite
|
|turn|41
|choice||
|
|move|p1a: Gengar|Night Shade|p2a: Dragonite
|-damage|p2a: Dragonite|23\/100
|move|p2a: Dragonite|Ice Beam|p1a: Gengar
|-damage|p1a: Gengar|3\/100
|
|turn|42
|choice||
|
|move|p1a: Gengar|Night Shade|p2a: Dragonite
|-damage|p2a: Dragonite|0 fnt
|faint|p2a: Dragonite
|choice||
|
|switch|p2a: Tauros|Tauros|100\/100 par
|turn|43
|choice||
|
|move|p1a: Gengar|Night Shade|p2a: Tauros
|-damage|p2a: Tauros|72\/100 par
|cant|p2a: Tauros|par
|
|turn|44
|choice||
|
|move|p1a: Gengar|Night Shade|p2a: Tauros
|-damage|p2a: Tauros|44\/100 par
|cant|p2a: Tauros|par
|
|turn|45
|j|simeer550
|choice||
|
|move|p1a: Gengar|Night Shade|p2a: Tauros
|-damage|p2a: Tauros|16\/100 par
|move|p2a: Tauros|Fire Blast|p1a: Gengar
|-damage|p1a: Gengar|0 fnt
|faint|p1a: Gengar
|j|mariobrassesco
|l|simeer550
|choice||
|
|switch|p1a: Snorlax|Snorlax|30\/100
|turn|46
|choice||
|
|move|p1a: Snorlax|Double-Edge|p2a: Tauros
|-damage|p2a: Tauros|0 fnt
|-damage|p1a: Snorlax|27\/100|[from] recoil|[of] p2a: Tauros
|faint|p2a: Tauros
|choice||
|
|switch|p2a: Alakazam|Alakazam|14\/100 slp
|turn|47
|choice||
|
|cant|p2a: Alakazam|slp
|move|p1a: Snorlax|Double-Edge|p2a: Alakazam
|-damage|p2a: Alakazam|0 fnt
|-damage|p1a: Snorlax|26\/100|[from] recoil|[of] p2a: Alakazam
|faint|p2a: Alakazam
|
|win|trbaltussen
|player|p1
|player|p2
|raw|trbaltussen's rating: 1000 &rarr; <strong>1040<\/strong><br \/>(+40 for winning)
|raw|OKayTee's rating: 1000 &rarr; <strong>1000<\/strong><br \/>(+0 for losing)
|c|★OKayTee|gg
|l|mariobrassesco
|l|OKayTee