|j|CZACHA
|j|Vector04
|player|p1|CZACHA|169
|player|p2|Vector04|101
|gametype|singles
|gen|1
|tier|[Gen 1] Random Battle
|rated
|seed|52594,43482,53297,2504
|rule|Sleep Clause Mod: Limit one foe put to sleep
|rule|Freeze Clause Mod: Limit one foe frozen
|rule|HP Percentage Mod: HP is shown in percentages
|
|start
|switch|p1a: Arbok|Arbok, L90|291\/291
|switch|p2a: Tangela|Tangela, L85|284\/284
|turn|1
|choice|move 1|move 2
|
|move|p1a: Arbok|Body Slam|p2a: Tangela
|-crit|p2a: Tangela
|-damage|p2a: Tangela|174\/284
|move|p2a: Tangela|Sleep Powder|p1a: Arbok
|-status|p1a: Arbok|slp
|
|turn|2
|choice|switch 5|move 3
|
|switch|p1a: Charmeleon|Charmeleon, L85|272\/272
|move|p2a: Tangela|Mega Drain|p1a: Charmeleon
|-resisted|p1a: Charmeleon
|-damage|p1a: Charmeleon|244\/272
|-heal|p2a: Tangela|188\/284|[from] drain|[of] p1a: Charmeleon
|
|turn|3
|choice|move 2|switch 3
|
|switch|p2a: Slowbro|Slowbro, L79|312\/312
|move|p1a: Charmeleon|Swords Dance|p1a: Charmeleon
|-boost|p1a: Charmeleon|atk|2
|
|turn|4
|choice|move 1|move 2
|
|move|p1a: Charmeleon|Body Slam|p2a: Slowbro
|-damage|p2a: Slowbro|227\/312
|move|p2a: Slowbro|Thunder Wave|p1a: Charmeleon
|-status|p1a: Charmeleon|par
|
|turn|5
|choice|switch 2|move 1
|
|switch|p1a: Wartortle|Wartortle, L85|274\/274
|move|p2a: Slowbro|Surf|p1a: Wartortle
|-resisted|p1a: Wartortle
|-damage|p1a: Wartortle|231\/274
|
|turn|6
|choice|move 1|move 3
|
|move|p1a: Wartortle|Mimic|p2a: Slowbro
|-start|p1a: Wartortle|Mimic|Surf
|move|p2a: Slowbro|Amnesia|p2a: Slowbro
|-boost|p2a: Slowbro|spd|2
|-boost|p2a: Slowbro|spa|2
|
|turn|7
|choice|move 4|move 3
|
|move|p1a: Wartortle|Body Slam|p2a: Slowbro
|-damage|p2a: Slowbro|182\/312
|move|p2a: Slowbro|Amnesia|p2a: Slowbro
|-boost|p2a: Slowbro|spd|2
|-boost|p2a: Slowbro|spa|2
|
|turn|8
|choice|move 4|move 1
|
|move|p1a: Wartortle|Body Slam|p2a: Slowbro
|-damage|p2a: Slowbro|136\/312
|move|p2a: Slowbro|Surf|p1a: Wartortle
|-resisted|p1a: Wartortle
|-damage|p1a: Wartortle|83\/274
|
|turn|9
|choice|move 4|move 1
|
|move|p1a: Wartortle|Body Slam|p2a: Slowbro
|-damage|p2a: Slowbro|90\/312
|move|p2a: Slowbro|Surf|p1a: Wartortle
|-resisted|p1a: Wartortle
|-damage|p1a: Wartortle|0 fnt
|faint|p1a: Wartortle
|choice|switch 4|
|
|switch|p1a: Persian|Persian, L79|265\/265
|turn|10
|choice|move 1|move 1
|
|move|p1a: Persian|Slash|p2a: Slowbro
|-crit|p2a: Slowbro
|-damage|p2a: Slowbro|0 fnt
|faint|p2a: Slowbro
|choice||switch 5
|
|switch|p2a: Hitmonlee|Hitmonlee, L90|273\/273
|turn|11
|choice|switch 5|move 1
|
|switch|p1a: Arbok|Arbok, L90|291\/291 slp
|move|p2a: Hitmonlee|Substitute|p2a: Hitmonlee
|-start|p2a: Hitmonlee|Substitute
|-damage|p2a: Hitmonlee|205\/273
|
|turn|12
|choice|move 1|move 2
|
|move|p2a: Hitmonlee|Body Slam|p1a: Arbok
|-damage|p1a: Arbok|210\/291 slp
|cant|p1a: Arbok|slp
|
|turn|13
|choice|move 1|move 2
|
|move|p2a: Hitmonlee|Body Slam|p1a: Arbok
|-damage|p1a: Arbok|126\/291 slp
|cant|p1a: Arbok|slp
|
|turn|14
|choice|move 1|move 2
|
|move|p2a: Hitmonlee|Body Slam|p1a: Arbok
|-damage|p1a: Arbok|42\/291 slp
|cant|p1a: Arbok|slp
|
|turn|15
|choice|move 1|move 2
|
|move|p2a: Hitmonlee|Body Slam|p1a: Arbok
|-crit|p1a: Arbok
|-damage|p1a: Arbok|0 fnt
|faint|p1a: Arbok
|choice|switch 3|
|
|switch|p1a: Muk|Muk, L90|372\/372
|turn|16
|choice|move 3|move 2
|
|move|p2a: Hitmonlee|Body Slam|p1a: Muk
|-damage|p1a: Muk|284\/372
|-status|p1a: Muk|par
|move|p1a: Muk|Sludge|p2a: Hitmonlee
|-end|p2a: Hitmonlee|Substitute
|
|turn|17
|choice|move 3|move 1
|
|move|p2a: Hitmonlee|Substitute|p2a: Hitmonlee
|-start|p2a: Hitmonlee|Substitute
|-damage|p2a: Hitmonlee|137\/273
|cant|p1a: Muk|par
|
|turn|18
|choice|move 3|move 4
|
|move|p2a: Hitmonlee|Seismic Toss|p1a: Muk
|-damage|p1a: Muk|194\/372 par
|move|p1a: Muk|Sludge|p2a: Hitmonlee
|-end|p2a: Hitmonlee|Substitute
|
|turn|19
|choice|move 3|move 1
|
|move|p2a: Hitmonlee|Substitute|p2a: Hitmonlee
|-start|p2a: Hitmonlee|Substitute
|-damage|p2a: Hitmonlee|69\/273
|move|p1a: Muk|Sludge|p2a: Hitmonlee
|-end|p2a: Hitmonlee|Substitute
|
|turn|20
|choice|move 3|move 2
|
|move|p2a: Hitmonlee|Body Slam|p1a: Muk
|-damage|p1a: Muk|105\/372 par
|cant|p1a: Muk|par
|
|turn|21
|choice|move 3|move 2
|
|move|p2a: Hitmonlee|Body Slam|p1a: Muk
|-damage|p1a: Muk|27\/372 par
|move|p1a: Muk|Sludge|p2a: Hitmonlee
|-damage|p2a: Hitmonlee|0 fnt
|faint|p2a: Hitmonlee
|choice||switch 4
|
|switch|p2a: Clefable|Clefable, L85|335\/335
|turn|22
|choice|move 1|move 3
|
|move|p2a: Clefable|Thunderbolt|p1a: Muk
|-damage|p1a: Muk|0 fnt
|faint|p1a: Muk
|choice|switch 6|
|
|switch|p1a: Rhydon|Rhydon, L79|328\/328
|turn|23
|choice|move 3|switch 3
|
|switch|p2a: Tangela|Tangela, L85|188\/284
|move|p1a: Rhydon|Body Slam|p2a: Tangela
|-damage|p2a: Tangela|138\/284
|-status|p2a: Tangela|par
|
|turn|24
|choice|switch 2|move 3
|
|switch|p1a: Charmeleon|Charmeleon, L85|244\/272 par
|move|p2a: Tangela|Mega Drain|p1a: Charmeleon
|-resisted|p1a: Charmeleon
|-damage|p1a: Charmeleon|219\/272 par
|-heal|p2a: Tangela|150\/284 par|[from] drain|[of] p1a: Charmeleon
|
|turn|25
|choice|move 4|move 1
|
|move|p1a: Charmeleon|Fire Blast|p2a: Tangela
|-supereffective|p2a: Tangela
|-damage|p2a: Tangela|0 fnt
|faint|p2a: Tangela
|choice||switch 3
|
|switch|p2a: Clefable|Clefable, L85|335\/335
|turn|26
|choice|move 3|move 3
|
|move|p2a: Clefable|Thunderbolt|p1a: Charmeleon
|-damage|p1a: Charmeleon|147\/272 par
|move|p1a: Charmeleon|Submission|p2a: Clefable
|-supereffective|p2a: Clefable
|-damage|p2a: Clefable|238\/335
|-damage|p1a: Charmeleon|123\/272 par|[from] recoil|[of] p2a: Clefable
|
|turn|27
|choice|move 1|move 3
|
|move|p2a: Clefable|Thunderbolt|p1a: Charmeleon
|-damage|p1a: Charmeleon|46\/272 par
|move|p1a: Charmeleon|Body Slam|p2a: Clefable
|-crit|p2a: Clefable
|-damage|p2a: Clefable|130\/335
|
|turn|28
|choice|move 4|move 3
|
|move|p2a: Clefable|Thunderbolt|p1a: Charmeleon|[miss]
|-miss|p2a: Clefable
|move|p1a: Charmeleon|Fire Blast|p2a: Clefable
|-damage|p2a: Clefable|23\/335
|
|turn|29
|choice|move 1|move 3
|
|move|p2a: Clefable|Thunderbolt|p1a: Charmeleon
|-crit|p1a: Charmeleon
|-damage|p1a: Charmeleon|0 fnt
|faint|p1a: Charmeleon
|choice|switch 5|
|
|switch|p1a: Persian|Persian, L79|265\/265
|turn|30
|choice|move 1|move 1
|
|move|p1a: Persian|Slash|p2a: Clefable
|-crit|p2a: Clefable
|-damage|p2a: Clefable|0 fnt
|faint|p2a: Clefable
|choice||switch 6
|
|switch|p2a: Jolteon|Jolteon, L79|265\/265
|turn|31
|choice|switch 2|move 2
|
|switch|p1a: Rhydon|Rhydon, L79|328\/328
|move|p2a: Jolteon|Thunder Wave|p1a: Rhydon
|-immune|p1a: Rhydon|[msg]
|
|turn|32
|choice|move 1|switch 2
|
|switch|p2a: Oddish|Oddish, L96|281\/281
|move|p1a: Rhydon|Earthquake|p2a: Oddish
|-crit|p2a: Oddish
|-damage|p2a: Oddish|25\/281
|
|turn|33
|choice|switch 2|move 3
|
|switch|p1a: Persian|Persian, L79|265\/265
|move|p2a: Oddish|Mega Drain|p1a: Persian
|-damage|p1a: Persian|205\/265
|-heal|p2a: Oddish|55\/281|[from] drain|[of] p1a: Persian
|
|turn|34
|choice|move 1|switch 2
|
|switch|p2a: Jolteon|Jolteon, L79|265\/265
|move|p1a: Persian|Slash|p2a: Jolteon
|-crit|p2a: Jolteon
|-damage|p2a: Jolteon|117\/265
|
|turn|35
|choice|move 1|move 4
|
|move|p2a: Jolteon|Sand Attack|p1a: Persian
|-unboost|p1a: Persian|accuracy|1
|move|p1a: Persian|Slash|p2a: Jolteon
|-crit|p2a: Jolteon
|-damage|p2a: Jolteon|0 fnt
|faint|p2a: Jolteon
|c|★CZACHA|gg
|choice||switch 2
|
|switch|p2a: Oddish|Oddish, L96|55\/281
|turn|36
|choice|move 1|move 3
|
|move|p1a: Persian|Slash|p2a: Oddish
|-crit|p2a: Oddish
|-damage|p2a: Oddish|0 fnt
|faint|p2a: Oddish
|
|win|CZACHA
|player|p1
|player|p2
|raw|CZACHA's rating: 1308 &rarr; <strong>1323<\/strong><br \/>(+15 for winning)
|raw|Vector04's rating: 1224 &rarr; <strong>1205<\/strong><br \/>(-19 for losing)
|l|Vector04
|l|CZACHA
|j|Vector04