|j|tr0m
|j|vvdfdvfvfv
|player|p1|tr0m|1
|player|p2|vvdfdvfvfv|2
|gametype|singles
|gen|1
|tier|[Gen 1] OU
|rated
|seed|64153,38630,65477,60969
|rule|Sleep Clause Mod: Limit one foe put to sleep
|rule|Freeze Clause Mod: Limit one foe frozen
|rule|Species Clause: Limit one of each Pokémon
|rule|OHKO Clause: OHKO moves are banned
|rule|Evasion Moves Clause: Evasion moves are banned
|rule|HP Percentage Mod: HP is shown in percentages
|
|start
|switch|p1a: Starmie|Starmie|323\/323
|switch|p2a: Starmie|Starmie|323\/323
|turn|1
|choice|switch 2|switch 6
|
|switch|p1a: Chansey|Chansey|703\/703
|switch|p2a: Chansey|Chansey|703\/703
|
|turn|2
|choice|move 1|switch 3
|
|switch|p2a: Lapras|Lapras|463\/463
|move|p1a: Chansey|Ice Beam|p2a: Lapras
|-resisted|p2a: Lapras
|-damage|p2a: Lapras|445\/463
|
|turn|3
|choice|move 2|switch 3
|
|switch|p2a: Chansey|Chansey|703\/703
|move|p1a: Chansey|Thunderbolt|p2a: Chansey
|-damage|p2a: Chansey|626\/703
|
|turn|4
|choice|move 1|switch 3
|
|switch|p2a: Lapras|Lapras|445\/463
|move|p1a: Chansey|Ice Beam|p2a: Lapras
|-resisted|p2a: Lapras
|-damage|p2a: Lapras|427\/463
|
|turn|5
|choice|move 2|move 1
|
|move|p2a: Lapras|Sing|p1a: Chansey
|-status|p1a: Chansey|slp
|cant|p1a: Chansey|slp
|
|turn|6
|choice|switch 2|switch 4
|
|switch|p2a: Snorlax|Snorlax|523\/523
|switch|p1a: Starmie|Starmie|323\/323
|
|turn|7
|choice|switch 3|move 1
|
|switch|p1a: Exeggutor|Exeggutor|393\/393
|move|p2a: Snorlax|Body Slam|p1a: Exeggutor|[miss]
|-miss|p2a: Snorlax
|
|turn|8
|choice|move 1|switch 6
|
|switch|p2a: Starmie|Starmie|323\/323
|move|p1a: Exeggutor|Sleep Powder|p2a: Starmie|[miss]
|-miss|p1a: Exeggutor
|
|turn|9
|choice|move 1|move 3
|
|move|p2a: Starmie|Thunder Wave|p1a: Exeggutor
|-status|p1a: Exeggutor|par
|cant|p1a: Exeggutor|par
|
|turn|10
|choice|move 1|move 1
|
|move|p2a: Starmie|Blizzard|p1a: Exeggutor
|-supereffective|p1a: Exeggutor
|-damage|p1a: Exeggutor|240\/393 par
|move|p1a: Exeggutor|Sleep Powder|p2a: Starmie
|-status|p2a: Starmie|slp
|
|turn|11
|choice|switch 4|move 1
|
|switch|p1a: Snorlax|Snorlax|523\/523
|cant|p2a: Starmie|slp
|
|turn|12
|choice|move 1|switch 4
|
|switch|p2a: Lapras|Lapras|427\/463
|move|p1a: Snorlax|Body Slam|p2a: Lapras
|-damage|p2a: Lapras|311\/463
|
|turn|13
|choice|switch 3|move 4
|
|switch|p1a: Starmie|Starmie|323\/323
|move|p2a: Lapras|Blizzard|p1a: Starmie|[miss]
|-miss|p2a: Lapras
|
|turn|14
|choice|move 3|move 3
|
|move|p1a: Starmie|Thunder Wave|p2a: Lapras
|-status|p2a: Lapras|par
|cant|p2a: Lapras|par
|
|turn|15
|choice|move 1|switch 3
|
|switch|p2a: Chansey|Chansey|626\/703
|move|p1a: Starmie|Psychic|p2a: Chansey
|-damage|p2a: Chansey|523\/703
|-unboost|p2a: Chansey|spd|1
|-unboost|p2a: Chansey|spa|1
|
|turn|16
|choice|move 3|move 1
|
|move|p1a: Starmie|Thunder Wave|p2a: Chansey
|-status|p2a: Chansey|par
|move|p2a: Chansey|Thunder Wave|p1a: Starmie
|-status|p1a: Starmie|par
|
|turn|17
|choice|move 1|move 1
|
|move|p1a: Starmie|Psychic|p2a: Chansey
|-damage|p2a: Chansey|378\/703 par
|move|p2a: Chansey|Thunder Wave|p1a: Starmie
|-fail|p1a: Starmie|par
|
|turn|18
|choice|move 1|move 4
|
|move|p1a: Starmie|Psychic|p2a: Chansey
|-damage|p2a: Chansey|217\/703 par
|move|p2a: Chansey|Soft-Boiled|p2a: Chansey
|-heal|p2a: Chansey|568\/703 par
|
|turn|19
|choice|move 1|move 4
|
|cant|p1a: Starmie|par
|cant|p2a: Chansey|par
|
|turn|20
|choice|move 1|move 4
|
|move|p1a: Starmie|Psychic|p2a: Chansey
|-crit|p2a: Chansey
|-damage|p2a: Chansey|385\/703 par
|-unboost|p2a: Chansey|spd|1
|-unboost|p2a: Chansey|spa|1
|cant|p2a: Chansey|par
|
|turn|21
|choice|switch 3|move 4
|
|switch|p1a: Snorlax|Snorlax|523\/523
|move|p2a: Chansey|Soft-Boiled|p2a: Chansey
|-heal|p2a: Chansey|703\/703 par
|
|turn|22
|choice|move 1|move 3
|
|move|p1a: Snorlax|Body Slam|p2a: Chansey
|-damage|p2a: Chansey|412\/703 par
|move|p2a: Chansey|Counter|p1a: Snorlax
|-damage|p1a: Snorlax|0 fnt
|faint|p1a: Snorlax
|choice|switch 6|
|
|switch|p1a: Tauros|Tauros|353\/353
|turn|23
|choice|move 1|switch 3
|
|switch|p2a: Lapras|Lapras|311\/463 par
|move|p1a: Tauros|Body Slam|p2a: Lapras
|-damage|p2a: Lapras|201\/463 par
|
|turn|24
|choice|move 1|move 4
|
|move|p1a: Tauros|Body Slam|p2a: Lapras
|-damage|p2a: Lapras|89\/463 par
|move|p2a: Lapras|Blizzard|p1a: Tauros
|-damage|p1a: Tauros|194\/353
|
|turn|25
|choice|move 1|move 3
|
|move|p1a: Tauros|Body Slam|p2a: Lapras
|-damage|p2a: Lapras|0 fnt
|faint|p2a: Lapras
|choice||switch 5
|
|switch|p2a: Tauros|Tauros|353\/353
|turn|26
|choice|move 1|move 1
|
|move|p1a: Tauros|Body Slam|p2a: Tauros
|-damage|p2a: Tauros|258\/353
|move|p2a: Tauros|Body Slam|p1a: Tauros
|-crit|p1a: Tauros
|-damage|p1a: Tauros|0 fnt
|faint|p1a: Tauros
|choice|switch 4|
|
|switch|p1a: Exeggutor|Exeggutor|240\/393 par
|turn|27
|choice|move 3|switch 4
|
|switch|p2a: Starmie|Starmie|323\/323 slp
|move|p1a: Exeggutor|Explosion|p2a: Starmie
|-damage|p2a: Starmie|35\/323 slp
|faint|p1a: Exeggutor
|choice|switch 5|
|
|switch|p1a: Bruh|Slowbro|393\/393
|turn|28
|choice|move 1|switch 6
|
|switch|p2a: Snorlax|Snorlax|523\/523
|move|p1a: Bruh|Amnesia|p1a: Bruh
|-boost|p1a: Bruh|spd|2
|-boost|p1a: Bruh|spa|2
|
|turn|29
|choice|move 3|move 1
|
|move|p1a: Bruh|Thunder Wave|p2a: Snorlax
|-status|p2a: Snorlax|par
|move|p2a: Snorlax|Body Slam|p1a: Bruh
|-crit|p1a: Bruh
|-damage|p1a: Bruh|203\/393
|
|turn|30
|choice|move 1|move 4
|
|move|p1a: Bruh|Amnesia|p1a: Bruh
|-boost|p1a: Bruh|spd|2
|-boost|p1a: Bruh|spa|2
|cant|p2a: Snorlax|par
|
|turn|31
|choice|move 2|move 4
|
|move|p1a: Bruh|Surf|p2a: Snorlax
|-damage|p2a: Snorlax|146\/523 par
|move|p2a: Snorlax|Self-Destruct|p1a: Bruh
|-damage|p1a: Bruh|0 fnt
|faint|p1a: Bruh
|faint|p2a: Snorlax
|choice|switch 3|switch 4
|
|switch|p2a: Tauros|Tauros|258\/353
|switch|p1a: Starmie|Starmie|323\/323 par
|turn|32
|choice|move 3|switch 3
|
|switch|p2a: Chansey|Chansey|412\/703 par
|move|p1a: Starmie|Thunder Wave|p2a: Chansey
|-fail|p2a: Chansey|par
|
|turn|33
|choice|move 1|move 4
|
|move|p1a: Starmie|Psychic|p2a: Chansey
|-damage|p2a: Chansey|306\/703 par
|move|p2a: Chansey|Soft-Boiled|p2a: Chansey
|-heal|p2a: Chansey|657\/703 par
|
|turn|34
|choice|move 1|move 1
|
|cant|p1a: Starmie|par
|cant|p2a: Chansey|par
|
|turn|35
|choice|move 1|move 3
|
|cant|p1a: Starmie|par
|cant|p2a: Chansey|par
|
|turn|36
|choice|move 1|move 1
|
|move|p1a: Starmie|Psychic|p2a: Chansey
|-damage|p2a: Chansey|558\/703 par
|-unboost|p2a: Chansey|spd|1
|-unboost|p2a: Chansey|spa|1
|move|p2a: Chansey|Thunder Wave|p1a: Starmie
|-fail|p1a: Starmie|par
|
|turn|37
|choice|move 1|move 4
|
|cant|p1a: Starmie|par
|cant|p2a: Chansey|par
|
|turn|38
|choice|move 1|move 4
|
|move|p1a: Starmie|Psychic|p2a: Chansey
|-damage|p2a: Chansey|412\/703 par
|move|p2a: Chansey|Soft-Boiled|p2a: Chansey
|-heal|p2a: Chansey|703\/703 par
|
|turn|39
|choice|move 1|move 1
|
|move|p1a: Starmie|Psychic|p2a: Chansey
|-damage|p2a: Chansey|550\/703 par
|-unboost|p2a: Chansey|spd|1
|-unboost|p2a: Chansey|spa|1
|move|p2a: Chansey|Thunder Wave|p1a: Starmie
|-fail|p1a: Starmie|par
|
|turn|40
|choice|move 1|move 4
|
|move|p1a: Starmie|Psychic|p2a: Chansey
|-crit|p2a: Chansey
|-damage|p2a: Chansey|341\/703 par
|move|p2a: Chansey|Soft-Boiled|p2a: Chansey
|-heal|p2a: Chansey|692\/703 par
|
|turn|41
|choice|move 1|move 1
|
|move|p1a: Starmie|Psychic|p2a: Chansey
|-damage|p2a: Chansey|473\/703 par
|-unboost|p2a: Chansey|spd|1
|-unboost|p2a: Chansey|spa|1
|move|p2a: Chansey|Thunder Wave|p1a: Starmie
|-fail|p1a: Starmie|par
|
|turn|42
|choice|move 1|move 4
|
|move|p1a: Starmie|Psychic|p2a: Chansey
|-damage|p2a: Chansey|193\/703 par
|-unboost|p2a: Chansey|spd|1
|-unboost|p2a: Chansey|spa|1
|move|p2a: Chansey|Soft-Boiled|p2a: Chansey
|-heal|p2a: Chansey|544\/703 par
|
|turn|43
|choice|move 1|switch 6
|
|switch|p2a: Starmie|Starmie|35\/323 slp
|move|p1a: Starmie|Psychic|p2a: Starmie
|-resisted|p2a: Starmie
|-damage|p2a: Starmie|0 fnt
|faint|p2a: Starmie
|choice||switch 6
|
|switch|p2a: Chansey|Chansey|544\/703 par
|turn|44
|choice|move 1|move 1
|
|move|p1a: Starmie|Psychic|p2a: Chansey
|-damage|p2a: Chansey|446\/703 par
|move|p2a: Chansey|Thunder Wave|p1a: Starmie
|-fail|p1a: Starmie|par
|
|turn|45
|choice|move 1|move 4
|
|move|p1a: Starmie|Psychic|p2a: Chansey
|-crit|p2a: Chansey
|-damage|p2a: Chansey|233\/703 par
|move|p2a: Chansey|Soft-Boiled|p2a: Chansey
|-heal|p2a: Chansey|584\/703 par
|
|turn|46
|choice|move 1|move 1
|
|move|p1a: Starmie|Psychic|p2a: Chansey
|-crit|p2a: Chansey
|-damage|p2a: Chansey|402\/703 par
|move|p2a: Chansey|Thunder Wave|p1a: Starmie
|-fail|p1a: Starmie|par
|
|turn|47
|choice|move 1|move 4
|
|move|p1a: Starmie|Psychic|p2a: Chansey
|-damage|p2a: Chansey|308\/703 par
|move|p2a: Chansey|Soft-Boiled|p2a: Chansey
|-heal|p2a: Chansey|659\/703 par
|
|turn|48
|c|★tr0m|gg
|c|★vvdfdvfvfv|gg
|-message|tr0m forfeited.
|
|win|vvdfdvfvfv
|player|p1
|player|p2
|l|tr0m
|raw|tr0m's rating: 1527 &rarr; <strong>1498<\/strong><br \/>(-29 for losing)
|raw|vvdfdvfvfv's rating: 1361 &rarr; <strong>1390<\/strong><br \/>(+29 for winning)