|j|Clarinetno1
|j|DAMSPAN
|player|p1|Clarinetno1|263
|player|p2|DAMSPAN|12
|gametype|singles
|gen|1
|tier|[Gen 1] Random Battle
|rated
|seed|
|rule|Sleep Clause Mod: Limit one foe put to sleep
|rule|Freeze Clause Mod: Limit one foe frozen
|rule|HP Percentage Mod: HP is shown in percentages
|
|start
|switch|p1a: Dragonite|Dragonite, L85|100\/100
|switch|p2a: Kadabra|Kadabra, L85|100\/100
|turn|1
|choice||
|
|switch|p1a: Magikarp|Magikarp, L99|100\/100
|move|p2a: Kadabra|Thunder Wave|p1a: Magikarp
|-status|p1a: Magikarp|par
|
|turn|2
|choice||
|
|switch|p2a: Snorlax|Snorlax, L79|100\/100
|move|p1a: Magikarp|Dragon Rage|p2a: Snorlax
|-damage|p2a: Snorlax|91\/100
|
|turn|3
|c|★DAMSPAN|lol
|choice||
|
|move|p2a: Snorlax|Amnesia|p2a: Snorlax
|-boost|p2a: Snorlax|spd|2
|-boost|p2a: Snorlax|spa|2
|move|p1a: Magikarp|Dragon Rage|p2a: Snorlax
|-damage|p2a: Snorlax|81\/100
|
|turn|4
|choice||
|
|switch|p1a: Jynx|Jynx, L79|100\/100
|move|p2a: Snorlax|Amnesia|p2a: Snorlax
|-boost|p2a: Snorlax|spd|2
|-boost|p2a: Snorlax|spa|2
|
|turn|5
|choice||
|
|move|p1a: Jynx|Lovely Kiss|p2a: Snorlax
|-status|p2a: Snorlax|slp
|cant|p2a: Snorlax|slp
|
|turn|6
|choice||
|
|move|p1a: Jynx|Blizzard|p2a: Snorlax
|-damage|p2a: Snorlax|70\/100 slp
|cant|p2a: Snorlax|slp
|
|turn|7
|choice||
|
|switch|p2a: Kadabra|Kadabra, L85|100\/100
|move|p1a: Jynx|Psychic|p2a: Kadabra
|-resisted|p2a: Kadabra
|-damage|p2a: Kadabra|86\/100
|-unboost|p2a: Kadabra|spd|1
|-unboost|p2a: Kadabra|spa|1
|
|turn|8
|choice||
|
|switch|p1a: Marowak|Marowak, L90|100\/100
|move|p2a: Kadabra|Thunder Wave|p1a: Marowak
|-immune|p1a: Marowak|[msg]
|
|turn|9
|choice||
|
|move|p2a: Kadabra|Psychic|p1a: Marowak
|-damage|p1a: Marowak|66\/100
|move|p1a: Marowak|Earthquake|p2a: Kadabra
|-damage|p2a: Kadabra|8\/100
|
|turn|10
|choice||
|
|move|p2a: Kadabra|Psychic|p1a: Marowak
|-crit|p1a: Marowak
|-damage|p1a: Marowak|0 fnt
|faint|p1a: Marowak
|choice||
|
|switch|p1a: Jolteon|Jolteon, L79|100\/100
|turn|11
|choice||
|
|switch|p2a: Dugtrio|Dugtrio, L85|100\/100
|move|p1a: Jolteon|Thunderbolt|p2a: Dugtrio
|-immune|p2a: Dugtrio|[msg]
|
|turn|12
|choice||
|
|switch|p1a: Dragonite|Dragonite, L85|100\/100
|move|p2a: Dugtrio|Substitute|p2a: Dugtrio
|-start|p2a: Dugtrio|Substitute
|-damage|p2a: Dugtrio|76\/100
|
|turn|13
|choice||
|
|move|p2a: Dugtrio|Slash|p1a: Dragonite
|-crit|p1a: Dragonite
|-damage|p1a: Dragonite|73\/100
|move|p1a: Dragonite|Surf|p2a: Dugtrio
|-supereffective|p2a: Dugtrio
|-end|p2a: Dugtrio|Substitute
|
|turn|14
|choice||
|
|switch|p2a: Snorlax|Snorlax, L79|70\/100 slp
|move|p1a: Dragonite|Surf|p2a: Snorlax
|-damage|p2a: Snorlax|47\/100 slp
|
|turn|15
|choice||
|
|move|p1a: Dragonite|Substitute|p1a: Dragonite
|-start|p1a: Dragonite|Substitute
|-damage|p1a: Dragonite|48\/100
|cant|p2a: Snorlax|slp
|
|turn|16
|choice||
|
|move|p1a: Dragonite|Blizzard|p2a: Snorlax
|-damage|p2a: Snorlax|21\/100 slp
|cant|p2a: Snorlax|slp
|
|turn|17
|choice||
|
|move|p1a: Dragonite|Blizzard|p2a: Snorlax
|-damage|p2a: Snorlax|0 fnt
|faint|p2a: Snorlax
|choice||
|
|switch|p2a: Kadabra|Kadabra, L85|8\/100
|turn|18
|choice||
|
|move|p2a: Kadabra|Seismic Toss|p1a: Dragonite
|-end|p1a: Dragonite|Substitute
|move|p1a: Dragonite|Surf|p2a: Kadabra
|-damage|p2a: Kadabra|0 fnt
|faint|p2a: Kadabra
|choice||
|
|switch|p2a: Golbat|Golbat, L90|100\/100
|turn|19
|choice||
|
|move|p2a: Golbat|Confuse Ray|p1a: Dragonite
|-start|p1a: Dragonite|confusion
|-activate|p1a: Dragonite|confusion
|move|p1a: Dragonite|Blizzard|p2a: Golbat
|-supereffective|p2a: Golbat
|-damage|p2a: Golbat|39\/100
|
|turn|20
|choice||
|
|move|p2a: Golbat|Hyper Beam|p1a: Dragonite
|-damage|p1a: Dragonite|16\/100
|-activate|p1a: Dragonite|confusion
|-damage|p1a: Dragonite|4\/100|[from] confusion
|
|turn|21
|-mustrecharge|p2a: Golbat
|-mustrecharge|p2a: Golbat
|choice||
|
|cant|p2a: Golbat|recharge
|-end|p1a: Dragonite|confusion
|move|p1a: Dragonite|Thunderbolt|p2a: Golbat
|-supereffective|p2a: Golbat
|-damage|p2a: Golbat|0 fnt
|faint|p2a: Golbat
|choice||
|
|switch|p2a: Dugtrio|Dugtrio, L85|76\/100
|turn|22
|choice||
|
|move|p2a: Dugtrio|Slash|p1a: Dragonite
|-crit|p1a: Dragonite
|-damage|p1a: Dragonite|0 fnt
|faint|p1a: Dragonite
|choice||
|
|switch|p1a: Persian|Persian, L79|100\/100
|turn|23
|choice||
|
|move|p2a: Dugtrio|Slash|p1a: Persian
|-crit|p1a: Persian
|-damage|p1a: Persian|55\/100
|move|p1a: Persian|Slash|p2a: Dugtrio
|-crit|p2a: Dugtrio
|-damage|p2a: Dugtrio|17\/100
|
|turn|24
|choice||
|
|move|p2a: Dugtrio|Slash|p1a: Persian
|-crit|p1a: Persian
|-damage|p1a: Persian|12\/100
|move|p1a: Persian|Slash|p2a: Dugtrio
|-crit|p2a: Dugtrio
|-damage|p2a: Dugtrio|0 fnt
|faint|p2a: Dugtrio
|choice||
|
|switch|p2a: Alakazam|Alakazam, L79|100\/100
|turn|25
|choice||
|
|switch|p1a: Jynx|Jynx, L79|100\/100
|move|p2a: Alakazam|Psychic|p1a: Jynx
|-resisted|p1a: Jynx
|-damage|p1a: Jynx|82\/100
|
|turn|26
|choice||
|
|move|p2a: Alakazam|Thunder Wave|p1a: Jynx
|-status|p1a: Jynx|par
|cant|p1a: Jynx|par
|
|turn|27
|choice||
|
|switch|p2a: Moltres|Moltres, L85|100\/100
|cant|p1a: Jynx|par
|
|turn|28
|choice||
|
|switch|p1a: Jolteon|Jolteon, L79|100\/100
|move|p2a: Moltres|Substitute|p2a: Moltres
|-start|p2a: Moltres|Substitute
|-damage|p2a: Moltres|76\/100
|
|turn|29
|choice||
|
|move|p1a: Jolteon|Thunder Wave|p2a: Moltres
|-status|p2a: Moltres|par
|move|p2a: Moltres|Fire Blast|p1a: Jolteon
|-damage|p1a: Jolteon|44\/100
|
|turn|30
|choice||
|
|move|p1a: Jolteon|Thunderbolt|p2a: Moltres
|-supereffective|p2a: Moltres
|-end|p2a: Moltres|Substitute
|move|p2a: Moltres|Fire Blast|p1a: Jolteon
|-damage|p1a: Jolteon|0 fnt
|faint|p1a: Jolteon
|choice||
|
|switch|p1a: Persian|Persian, L79|12\/100
|turn|31
|choice||
|
|switch|p2a: Alakazam|Alakazam, L79|100\/100
|move|p1a: Persian|Hyper Beam|p2a: Alakazam
|-damage|p2a: Alakazam|32\/100
|
|turn|32
|-mustrecharge|p1a: Persian
|-mustrecharge|p1a: Persian
|choice||
|
|move|p2a: Alakazam|Recover|p2a: Alakazam
|-heal|p2a: Alakazam|82\/100
|cant|p1a: Persian|recharge
|
|turn|33
|choice||
|
|move|p2a: Alakazam|Psychic|p1a: Persian
|-damage|p1a: Persian|0 fnt
|faint|p1a: Persian
|c|★DAMSPAN|ggwp
|choice||
|
|switch|p1a: Jynx|Jynx, L79|82\/100 par
|turn|34
|choice||
|
|switch|p2a: Moltres|Moltres, L85|76\/100 par
|move|p1a: Jynx|Blizzard|p2a: Moltres
|-supereffective|p2a: Moltres
|-damage|p2a: Moltres|22\/100 par
|
|turn|35
|choice||
|
|switch|p1a: Magikarp|Magikarp, L99|100\/100 par
|move|p2a: Moltres|Fire Blast|p1a: Magikarp
|-resisted|p1a: Magikarp
|-damage|p1a: Magikarp|48\/100 par
|
|turn|36
|choice||
|
|cant|p1a: Magikarp|par
|move|p2a: Moltres|Fire Blast|p1a: Magikarp
|-resisted|p1a: Magikarp
|-damage|p1a: Magikarp|0 fnt
|faint|p1a: Magikarp
|choice||
|
|switch|p1a: Jynx|Jynx, L79|82\/100 par
|turn|37
|choice||
|
|cant|p2a: Moltres|par
|move|p1a: Jynx|Psychic|p2a: Moltres
|-damage|p2a: Moltres|3\/100 par
|
|turn|38
|c|★DAMSPAN|omg
|choice||
|
|move|p2a: Moltres|Fire Blast|p1a: Jynx
|-supereffective|p1a: Jynx
|-damage|p1a: Jynx|0 fnt
|faint|p1a: Jynx
|
|win|DAMSPAN
|player|p1
|player|p2
|raw|Clarinetno1's rating: 1307 &rarr; <strong>1281<\/strong><br \/>(-26 for losing)
|raw|DAMSPAN's rating: 1199 &rarr; <strong>1232<\/strong><br \/>(+33 for winning)