|join|Disaster Area
|join|PK Mastr
|player|p1|Disaster Area|32
|player|p2|PK Mastr|257
|gametype|singles
|gen|1
|tier|[Gen 1] OU
|rated
|rule|Sleep Clause Mod: Limit one foe put to sleep
|rule|Freeze Clause Mod: Limit one foe frozen
|rule|Species Clause: Limit one of each Pokémon
|rule|OHKO Clause: OHKO moves are banned
|rule|Evasion Moves Clause: Evasion moves are banned
|rule|HP Percentage Mod: HP is shown in percentages
|
|start
|switch|p1a: Gengar|Gengar|323\/323
|switch|p2a: Hypnotic|Hypno|373\/373
|turn|1
|
|move|p1a: Gengar|Hypnosis|p2a: Hypnotic
|-status|p2a: Hypnotic|slp
|cant|p2a: Hypnotic|slp
|
|turn|2
|c|★Disaster Area|gl hf
|c|★PK Mastr|you too
|
|switch|p1a: Zapdos|Zapdos|383\/383
|-curestatus|p2a: Hypnotic|slp
|
|turn|3
|
|switch|p1a: Exeggutor|Exeggutor|393\/393
|move|p2a: Hypnotic|Hypnosis|p1a: Exeggutor
|-status|p1a: Exeggutor|slp
|
|turn|4
|
|switch|p2a: OSIRIS|Charizard|359\/359
|cant|p1a: Exeggutor|slp
|
|turn|5
|
|switch|p1a: Gengar|Gengar|323\/323
|move|p2a: OSIRIS|Swords Dance|p2a: OSIRIS
|-boost|p2a: OSIRIS|atk|2
|
|turn|6
|
|move|p1a: Gengar|Hypnosis|p2a: OSIRIS|[miss]
|-miss|p1a: Gengar
|move|p2a: OSIRIS|Earthquake|p1a: Gengar
|-supereffective|p1a: Gengar
|-damage|p1a: Gengar|0 fnt
|faint|p1a: Gengar
|
|switch|p1a: Zapdos|Zapdos|383\/383
|turn|7
|c|★PK Mastr|was hoping for a miss
|
|switch|p2a: TYRANT|Nidoking|365\/365
|move|p1a: Zapdos|Thunderbolt|p2a: TYRANT
|-immune|p2a: TYRANT|[msg]
|
|turn|8
|c|★Disaster Area|yeah you had to
|c|★Disaster Area|tbh tho I probably shoulda just
|c|★Disaster Area|doubled to zapper
|c|★Disaster Area|ugh
|
|move|p1a: Zapdos|Drill Peck|p2a: TYRANT
|-damage|p2a: TYRANT|268\/365
|move|p2a: TYRANT|Substitute|p2a: TYRANT
|-start|p2a: TYRANT|Substitute
|-damage|p2a: TYRANT|177\/365
|
|turn|9
|
|move|p1a: Zapdos|Drill Peck|p2a: TYRANT
|-end|p2a: TYRANT|Substitute
|move|p2a: TYRANT|Blizzard|p1a: Zapdos
|-crit|p1a: Zapdos
|-supereffective|p1a: Zapdos
|-damage|p1a: Zapdos|123\/383
|
|turn|10
|
|switch|p1a: Chansey|Chansey|703\/703
|move|p2a: TYRANT|Blizzard|p1a: Chansey
|-damage|p1a: Chansey|620\/703
|
|turn|11
|
|move|p2a: TYRANT|Earthquake|p1a: Chansey
|-damage|p1a: Chansey|326\/703
|move|p1a: Chansey|Ice Beam|p2a: TYRANT
|-supereffective|p2a: TYRANT
|-damage|p2a: TYRANT|0 fnt
|faint|p2a: TYRANT
|
|switch|p2a: GenghisKhan|Kangaskhan|413\/413
|turn|12
|
|switch|p1a: Kingler|Kingler|313\/313
|move|p2a: GenghisKhan|Mega Kick|p1a: Kingler
|-damage|p1a: Kingler|194\/313
|
|turn|13
|c|★PK Mastr|kiinngler
|
|switch|p2a: Thundra|Raichu|323\/323
|move|p1a: Kingler|Crabhammer|p2a: Thundra
|-crit|p2a: Thundra
|-damage|p2a: Thundra|186\/323
|
|turn|14
|
|switch|p1a: Exeggutor|Exeggutor|393\/393 slp
|move|p2a: Thundra|Thunder Wave|p1a: Exeggutor
|-fail|p1a: Exeggutor
|
|turn|15
|
|switch|p2a: OSIRIS|Charizard|359\/359
|cant|p1a: Exeggutor|slp
|
|turn|16
|
|switch|p1a: Kingler|Kingler|194\/313
|move|p2a: OSIRIS|Fire Blast|p1a: Kingler
|-crit|p1a: Kingler
|-resisted|p1a: Kingler
|-damage|p1a: Kingler|13\/313
|
|turn|17
|
|move|p2a: OSIRIS|Earthquake|p1a: Kingler
|-damage|p1a: Kingler|0 fnt
|faint|p1a: Kingler
|c|★PK Mastr|why the kingler?
|
|switch|p1a: Chansey|Chansey|326\/703
|turn|18
|c|★Disaster Area|sack.
|c|★PK Mastr|?
|c|★Disaster Area|also if u didn't
|c|★Disaster Area|crit fire blast
|c|★Disaster Area|I'd survive and force u out
|c|★Disaster Area|or KO you
|c|★Disaster Area|x_x
|c|★PK Mastr|h-beam would of done something too
|
|move|p2a: OSIRIS|Swords Dance|p2a: OSIRIS
|-boost|p2a: OSIRIS|atk|2
|move|p1a: Chansey|Soft-Boiled|p1a: Chansey
|-heal|p1a: Chansey|677\/703
|
|turn|19
|
|move|p2a: OSIRIS|Swords Dance|p2a: OSIRIS
|-boost|p2a: OSIRIS|atk|2
|move|p1a: Chansey|Thunder Wave|p2a: OSIRIS
|-status|p2a: OSIRIS|par
|
|turn|20
|
|move|p1a: Chansey|Thunderbolt|p2a: OSIRIS
|-supereffective|p2a: OSIRIS
|-damage|p2a: OSIRIS|186\/359 par
|move|p2a: OSIRIS|Hyper Beam|p1a: Chansey
|-crit|p1a: Chansey
|-damage|p1a: Chansey|82\/703
|
|turn|21
|-mustrecharge|p2a: OSIRIS
|c|★PK Mastr|wow
|c|★PK Mastr|the crit saved you
|-mustrecharge|p2a: OSIRIS
|
|move|p1a: Chansey|Soft-Boiled|p1a: Chansey
|-heal|p1a: Chansey|433\/703
|cant|p2a: OSIRIS|recharge
|
|turn|22
|
|switch|p1a: Exeggutor|Exeggutor|393\/393 slp
|move|p2a: OSIRIS|Swords Dance|p2a: OSIRIS
|-boost|p2a: OSIRIS|atk|2
|
|turn|23
|
|cant|p1a: Exeggutor|slp
|move|p2a: OSIRIS|Fire Blast|p1a: Exeggutor
|-supereffective|p1a: Exeggutor
|-damage|p1a: Exeggutor|178\/393 slp
|
|turn|24
|
|cant|p1a: Exeggutor|slp
|move|p2a: OSIRIS|Hyper Beam|p1a: Exeggutor
|-crit|p1a: Exeggutor
|-damage|p1a: Exeggutor|0 fnt
|faint|p1a: Exeggutor
|
|switch|p1a: Zapdos|Zapdos|123\/383
|turn|25
|c|★PK Mastr|damn crits
|
|move|p1a: Zapdos|Thunderbolt|p2a: OSIRIS
|-supereffective|p2a: OSIRIS
|-damage|p2a: OSIRIS|0 fnt
|faint|p2a: OSIRIS
|
|switch|p2a: Hypnotic|Hypno|373\/373
|turn|26
|
|move|p1a: Zapdos|Thunder Wave|p2a: Hypnotic
|-status|p2a: Hypnotic|par
|cant|p2a: Hypnotic|par
|
|turn|27
|
|move|p1a: Zapdos|Thunderbolt|p2a: Hypnotic
|-damage|p2a: Hypnotic|250\/373 par
|move|p2a: Hypnotic|Hypnosis|p1a: Zapdos|[miss]
|-miss|p2a: Hypnotic
|
|turn|28
|
|move|p1a: Zapdos|Thunderbolt|p2a: Hypnotic
|-damage|p2a: Hypnotic|136\/373 par
|move|p2a: Hypnotic|Hypnosis|p1a: Zapdos|[miss]
|-miss|p2a: Hypnotic
|
|turn|29
|c|★PK Mastr|sigh
|
|move|p1a: Zapdos|Drill Peck|p2a: Hypnotic
|-damage|p2a: Hypnotic|27\/373 par
|move|p2a: Hypnotic|Hypnosis|p1a: Zapdos
|-status|p1a: Zapdos|slp
|
|turn|30
|c|★Disaster Area|you got lucky with it earlier in fairness...
|c|★Disaster Area|well
|c|★Disaster Area|me missing with gar
|c|★Disaster Area|and the early wake
|
|cant|p1a: Zapdos|slp
|cant|p2a: Hypnotic|par
|
|turn|31
|c|★PK Mastr|yeah
|c|★PK Mastr|hax all around
|
|cant|p1a: Zapdos|slp
|move|p2a: Hypnotic|Psychic|p1a: Zapdos
|-damage|p1a: Zapdos|30\/383 slp
|-unboost|p1a: Zapdos|spd|1
|-unboost|p1a: Zapdos|spa|1
|
|turn|32
|
|switch|p1a: Chansey|Chansey|433\/703
|move|p2a: Hypnotic|Psychic|p1a: Chansey
|-damage|p1a: Chansey|312\/703
|-unboost|p1a: Chansey|spd|1
|-unboost|p1a: Chansey|spa|1
|
|turn|33
|
|move|p1a: Chansey|Ice Beam|p2a: Hypnotic
|-damage|p2a: Hypnotic|0 fnt
|faint|p2a: Hypnotic
|
|switch|p2a: Shenlong|Gyarados|393\/393
|turn|34
|
|move|p2a: Shenlong|Hyper Beam|p1a: Chansey
|-crit|p1a: Chansey
|-damage|p1a: Chansey|0 fnt
|faint|p1a: Chansey
|c|★Disaster Area|that mattered x_x
|c|★PK Mastr|lol
|
|switch|p1a: Tauros|Tauros|353\/353
|turn|35
|
|move|p1a: Tauros|Body Slam|p2a: Shenlong
|-damage|p2a: Shenlong|271\/393
|move|p2a: Shenlong|Body Slam|p1a: Tauros
|-crit|p1a: Tauros
|-damage|p1a: Tauros|201\/353
|
|turn|36
|c|★Disaster Area|that sure as hell helped you too..
|c|★PK Mastr|lol
|
|move|p1a: Tauros|Body Slam|p2a: Shenlong
|-damage|p2a: Shenlong|156\/393
|move|p2a: Shenlong|Blizzard|p1a: Tauros|[miss]
|-miss|p2a: Shenlong
|
|turn|37
|
|move|p1a: Tauros|Hyper Beam|p2a: Shenlong
|-damage|p2a: Shenlong|0 fnt
|faint|p2a: Shenlong
|
|switch|p2a: GenghisKhan|Kangaskhan|413\/413
|turn|38
|
|move|p1a: Tauros|Blizzard|p2a: GenghisKhan
|-damage|p2a: GenghisKhan|291\/413
|move|p2a: GenghisKhan|Mega Kick|p1a: Tauros
|-damage|p1a: Tauros|53\/353
|
|turn|39
|
|move|p1a: Tauros|Hyper Beam|p2a: GenghisKhan
|-damage|p2a: GenghisKhan|103\/413
|move|p2a: GenghisKhan|Hyper Beam|p1a: Tauros
|-damage|p1a: Tauros|0 fnt
|faint|p1a: Tauros
|c|★Disaster Area|needed a crit, rip
|c|★Disaster Area|gg
|
|switch|p1a: Zapdos|Zapdos|30\/383 slp
|turn|40
|c|★PK Mastr|gg
|
|-curestatus|p1a: Zapdos|slp
|move|p2a: GenghisKhan|Surf|p1a: Zapdos
|-damage|p1a: Zapdos|0 fnt
|faint|p1a: Zapdos
|
|win|PK Mastr
|c|★PK Mastr|close one
|raw|Disaster Area's rating: 1317 &rarr; <strong>1289<\/strong><br \/>(-28 for losing)
|raw|PK Mastr's rating: 1174 &rarr; <strong>1209<\/strong><br \/>(+35 for winning)
|leave|PK Mastr
|player|p2
|leave|Disaster Area
|player|p1
|join|Disaster Area