|j|howiam
|j|ereee
|player|p1|howiam|238
|player|p2|ereee|169
|gametype|singles
|gen|1
|tier|[Gen 1] Random Battle
|seed|45121,39307,11319,13280
|rule|Sleep Clause Mod: Limit one foe put to sleep
|rule|Freeze Clause Mod: Limit one foe frozen
|rule|HP Percentage Mod: HP is shown in percentages
|
|start
|switch|p1a: Sandslash|Sandslash, L85|301\/301
|switch|p2a: Tentacruel|Tentacruel, L85|310\/310
|turn|1
|c|★howiam|gl hf
|c|★ereee|you too
|choice|switch 5|move 3
|
|switch|p1a: Chansey|Chansey, L79|557\/557
|move|p2a: Tentacruel|Hydro Pump|p1a: Chansey
|-damage|p1a: Chansey|408\/557
|
|turn|2
|choice|move 2|switch 5
|
|switch|p2a: Arcanine|Arcanine, L85|327\/327
|move|p1a: Chansey|Thunderbolt|p2a: Arcanine
|-damage|p2a: Arcanine|261\/327
|
|turn|3
|choice|move 3|move 2
|
|move|p2a: Arcanine|Reflect|p2a: Arcanine
|-start|p2a: Arcanine|Reflect
|move|p1a: Chansey|Reflect|p1a: Chansey
|-start|p1a: Chansey|Reflect
|
|turn|4
|choice|move 2|move 2
|
|move|p2a: Arcanine|Reflect|p2a: Arcanine
|-fail|p2a: Arcanine
|move|p1a: Chansey|Thunderbolt|p2a: Arcanine
|-damage|p2a: Arcanine|195\/327
|
|turn|5
|choice|move 2|move 1
|
|move|p2a: Arcanine|Fire Blast|p1a: Chansey
|-damage|p1a: Chansey|301\/557
|-status|p1a: Chansey|brn
|move|p1a: Chansey|Thunderbolt|p2a: Arcanine
|-damage|p2a: Arcanine|134\/327
|-damage|p1a: Chansey|267\/557 brn|[from] brn|[of] p2a: Arcanine
|
|turn|6
|choice|move 1|move 1
|
|move|p2a: Arcanine|Fire Blast|p1a: Chansey
|-damage|p1a: Chansey|163\/557 brn
|move|p1a: Chansey|Soft-Boiled|p1a: Chansey
|-heal|p1a: Chansey|441\/557 brn
|-damage|p1a: Chansey|407\/557 brn|[from] brn
|
|turn|7
|choice|move 1|move 1
|
|move|p2a: Arcanine|Fire Blast|p1a: Chansey
|-crit|p1a: Chansey
|-damage|p1a: Chansey|197\/557 brn
|move|p1a: Chansey|Soft-Boiled|p1a: Chansey
|-heal|p1a: Chansey|475\/557 brn
|-damage|p1a: Chansey|441\/557 brn|[from] brn
|
|turn|8
|choice|move 1|move 1
|
|move|p2a: Arcanine|Fire Blast|p1a: Chansey
|-damage|p1a: Chansey|328\/557 brn
|move|p1a: Chansey|Soft-Boiled|p1a: Chansey
|-heal|p1a: Chansey|557\/557 brn
|-damage|p1a: Chansey|523\/557 brn|[from] brn
|
|turn|9
|choice|move 2|move 1
|
|move|p2a: Arcanine|Fire Blast|p1a: Chansey
|-damage|p1a: Chansey|407\/557 brn
|move|p1a: Chansey|Thunderbolt|p2a: Arcanine
|-damage|p2a: Arcanine|66\/327
|-damage|p1a: Chansey|373\/557 brn|[from] brn|[of] p2a: Arcanine
|
|turn|10
|choice|move 1|move 1
|
|move|p2a: Arcanine|Fire Blast|p1a: Chansey
|-damage|p1a: Chansey|259\/557 brn
|move|p1a: Chansey|Soft-Boiled|p1a: Chansey
|-heal|p1a: Chansey|537\/557 brn
|-damage|p1a: Chansey|503\/557 brn|[from] brn
|
|turn|11
|choice|move 2|move 1
|
|move|p2a: Arcanine|Fire Blast|p1a: Chansey
|-damage|p1a: Chansey|388\/557 brn
|move|p1a: Chansey|Thunderbolt|p2a: Arcanine
|-damage|p2a: Arcanine|0 fnt
|faint|p2a: Arcanine
|choice||switch 4
|
|switch|p2a: Ninetales|Ninetales, L85|298\/298
|turn|12
|choice|move 2|move 2
|
|move|p2a: Ninetales|Confuse Ray|p1a: Chansey
|-start|p1a: Chansey|confusion
|-activate|p1a: Chansey|confusion
|move|p1a: Chansey|Thunderbolt|p2a: Ninetales
|-damage|p2a: Ninetales|242\/298
|-damage|p1a: Chansey|354\/557 brn|[from] brn|[of] p2a: Ninetales
|
|turn|13
|choice|switch 2|move 3
|
|switch|p1a: Tentacruel|Tentacruel, L85|310\/310
|move|p2a: Ninetales|Body Slam|p1a: Tentacruel
|-damage|p1a: Tentacruel|247\/310
|
|turn|14
|choice|move 2|switch 5
|
|switch|p2a: Tentacruel|Tentacruel, L85|310\/310
|move|p1a: Tentacruel|Swords Dance|p1a: Tentacruel
|-boost|p1a: Tentacruel|atk|2
|
|turn|15
|choice|move 2|move 4
|
|move|p2a: Tentacruel|Hyper Beam|p1a: Tentacruel|[miss]
|-miss|p2a: Tentacruel
|move|p1a: Tentacruel|Swords Dance|p1a: Tentacruel
|-boost|p1a: Tentacruel|atk|2
|
|turn|16
|choice|move 1|move 4
|
|move|p1a: Tentacruel|Hyper Beam|p2a: Tentacruel
|-damage|p2a: Tentacruel|0 fnt
|faint|p2a: Tentacruel
|choice||switch 3
|
|switch|p2a: Alakazam|Alakazam, L79|249\/249
|turn|17
|choice|move 1|move 1
|
|move|p2a: Alakazam|Psychic|p1a: Tentacruel
|-crit|p1a: Tentacruel
|-supereffective|p1a: Tentacruel
|-damage|p1a: Tentacruel|0 fnt
|faint|p1a: Tentacruel
|choice|switch 4|
|
|switch|p1a: Mewtwo|Mewtwo, L70|293\/293
|turn|18
|choice|move 3|move 4
|
|move|p2a: Alakazam|Reflect|p2a: Alakazam
|-start|p2a: Alakazam|Reflect
|move|p1a: Mewtwo|Thunder Wave|p2a: Alakazam
|-status|p2a: Alakazam|par
|
|turn|19
|choice|move 1|move 2
|
|move|p1a: Mewtwo|Psychic|p2a: Alakazam
|-crit|p2a: Alakazam
|-resisted|p2a: Alakazam
|-damage|p2a: Alakazam|176\/249 par
|move|p2a: Alakazam|Thunder Wave|p1a: Mewtwo
|-status|p1a: Mewtwo|par
|
|turn|20
|choice|move 1|move 1
|
|move|p2a: Alakazam|Psychic|p1a: Mewtwo
|-crit|p1a: Mewtwo
|-resisted|p1a: Mewtwo
|-damage|p1a: Mewtwo|209\/293 par
|move|p1a: Mewtwo|Psychic|p2a: Alakazam
|-resisted|p2a: Alakazam
|-damage|p2a: Alakazam|141\/249 par
|
|turn|21
|choice|switch 2|move 1
|
|switch|p1a: Chansey|Chansey, L79|354\/557 brn
|-damage|p1a: Chansey|320\/557 brn|[from] brn
|cant|p2a: Alakazam|par
|
|turn|22
|choice|move 1|move 3
|
|move|p1a: Chansey|Soft-Boiled|p1a: Chansey
|-heal|p1a: Chansey|557\/557 brn
|-damage|p1a: Chansey|523\/557 brn|[from] brn
|move|p2a: Alakazam|Recover|p2a: Alakazam
|-heal|p2a: Alakazam|249\/249 par
|
|turn|23
|choice|move 2|move 1
|
|move|p1a: Chansey|Thunderbolt|p2a: Alakazam
|-damage|p2a: Alakazam|196\/249 par
|-damage|p1a: Chansey|489\/557 brn|[from] brn|[of] p2a: Alakazam
|cant|p2a: Alakazam|par
|
|turn|24
|choice|move 2|move 1
|
|move|p1a: Chansey|Thunderbolt|p2a: Alakazam
|-damage|p2a: Alakazam|145\/249 par
|-damage|p1a: Chansey|455\/557 brn|[from] brn|[of] p2a: Alakazam
|move|p2a: Alakazam|Psychic|p1a: Chansey
|-damage|p1a: Chansey|358\/557 brn
|
|turn|25
|choice|move 2|move 3
|
|move|p1a: Chansey|Thunderbolt|p2a: Alakazam
|-damage|p2a: Alakazam|94\/249 par
|-damage|p1a: Chansey|324\/557 brn|[from] brn|[of] p2a: Alakazam
|cant|p2a: Alakazam|par
|
|turn|26
|choice|move 2|move 3
|
|move|p1a: Chansey|Thunderbolt|p2a: Alakazam
|-damage|p2a: Alakazam|41\/249 par
|-damage|p1a: Chansey|290\/557 brn|[from] brn|[of] p2a: Alakazam
|move|p2a: Alakazam|Recover|p2a: Alakazam
|-heal|p2a: Alakazam|165\/249 par
|
|turn|27
|choice|move 2|move 3
|
|move|p1a: Chansey|Thunderbolt|p2a: Alakazam
|-crit|p2a: Alakazam
|-damage|p2a: Alakazam|68\/249 par
|-damage|p1a: Chansey|256\/557 brn|[from] brn|[of] p2a: Alakazam
|cant|p2a: Alakazam|par
|
|turn|28
|choice|move 2|move 3
|
|move|p1a: Chansey|Thunderbolt|p2a: Alakazam
|-damage|p2a: Alakazam|21\/249 par
|-damage|p1a: Chansey|222\/557 brn|[from] brn|[of] p2a: Alakazam
|move|p2a: Alakazam|Recover|p2a: Alakazam
|-heal|p2a: Alakazam|145\/249 par
|
|turn|29
|choice|move 1|move 1
|
|move|p1a: Chansey|Soft-Boiled|p1a: Chansey
|-heal|p1a: Chansey|500\/557 brn
|-damage|p1a: Chansey|466\/557 brn|[from] brn
|move|p2a: Alakazam|Psychic|p1a: Chansey
|-crit|p1a: Chansey
|-damage|p1a: Chansey|270\/557 brn
|
|turn|30
|choice|move 2|move 1
|
|move|p1a: Chansey|Thunderbolt|p2a: Alakazam
|-damage|p2a: Alakazam|92\/249 par
|-damage|p1a: Chansey|236\/557 brn|[from] brn|[of] p2a: Alakazam
|move|p2a: Alakazam|Psychic|p1a: Chansey
|-damage|p1a: Chansey|135\/557 brn
|
|turn|31
|choice|move 1|move 3
|
|move|p1a: Chansey|Soft-Boiled|p1a: Chansey
|-heal|p1a: Chansey|413\/557 brn
|-damage|p1a: Chansey|379\/557 brn|[from] brn
|move|p2a: Alakazam|Recover|p2a: Alakazam
|-heal|p2a: Alakazam|216\/249 par
|
|turn|32
|choice|move 1|switch 6
|
|switch|p2a: Mew|Mew, L74|300\/300
|move|p1a: Chansey|Soft-Boiled|p1a: Chansey
|-heal|p1a: Chansey|557\/557 brn
|-damage|p1a: Chansey|523\/557 brn|[from] brn
|
|turn|33
|choice|move 4|move 1
|
|move|p2a: Mew|Horn Drill|p1a: Chansey|[miss]
|-miss|p2a: Mew
|move|p1a: Chansey|Ice Beam|p2a: Mew
|-damage|p2a: Mew|230\/300
|-damage|p1a: Chansey|489\/557 brn|[from] brn|[of] p2a: Mew
|
|turn|34
|choice|move 3|move 1
|
|move|p2a: Mew|Horn Drill|p1a: Chansey
|-damage|p1a: Chansey|0 fnt
|-ohko
|faint|p1a: Chansey
|choice|switch 6|
|
|switch|p1a: Arcanine|Arcanine, L85|327\/327
|turn|35
|c|★ereee|sorry, had no tea against it
|c|★ereee|teq*
|c|★howiam|it's ok
|c|★howiam|don't worry
|choice|move 4|switch 5
|
|switch|p2a: Ninetales|Ninetales, L85|242\/298
|move|p1a: Arcanine|Reflect|p1a: Arcanine
|-start|p1a: Arcanine|Reflect
|
|turn|36
|choice|move 1|move 2
|
|move|p2a: Ninetales|Confuse Ray|p1a: Arcanine
|-start|p1a: Arcanine|confusion
|-activate|p1a: Arcanine|confusion
|move|p1a: Arcanine|Body Slam|p2a: Ninetales
|-crit|p2a: Ninetales
|-damage|p2a: Ninetales|89\/298
|-status|p2a: Ninetales|par
|
|turn|37
|choice|move 3|move 3
|
|-activate|p1a: Arcanine|confusion
|-damage|p1a: Arcanine|290\/327|[from] confusion
|move|p2a: Ninetales|Body Slam|p1a: Arcanine
|-damage|p1a: Arcanine|260\/327
|
|turn|38
|c|★ereee|you seem to be a very fair person, thats why i said
|choice|move 3|move 4
|
|-activate|p1a: Arcanine|confusion
|move|p1a: Arcanine|Hyper Beam|p2a: Ninetales|[miss]
|-miss|p1a: Arcanine
|move|p2a: Ninetales|Hyper Beam|p1a: Arcanine
|-damage|p1a: Arcanine|212\/327
|
|turn|39
|-mustrecharge|p2a: Ninetales
|-mustrecharge|p2a: Ninetales
|c|★howiam|thanks
|choice|move 3|move 1
|
|-end|p1a: Arcanine|confusion
|move|p1a: Arcanine|Hyper Beam|p2a: Ninetales
|-crit|p2a: Ninetales
|-damage|p2a: Ninetales|0 fnt
|faint|p2a: Ninetales
|choice||switch 6
|
|switch|p2a: Alakazam|Alakazam, L79|216\/249 par
|turn|40
|choice|move 1|move 4
|
|move|p1a: Arcanine|Body Slam|p2a: Alakazam
|-crit|p2a: Alakazam
|-damage|p2a: Alakazam|6\/249 par
|move|p2a: Alakazam|Reflect|p2a: Alakazam
|-start|p2a: Alakazam|Reflect
|
|turn|41
|choice|move 3|move 3
|
|move|p1a: Arcanine|Hyper Beam|p2a: Alakazam
|-damage|p2a: Alakazam|0 fnt
|faint|p2a: Alakazam
|choice||switch 2
|
|switch|p2a: Tangela|Tangela, L85|284\/284
|turn|42
|choice|move 2|move 1
|
|move|p1a: Arcanine|Fire Blast|p2a: Tangela
|-supereffective|p2a: Tangela
|-damage|p2a: Tangela|73\/284
|move|p2a: Tangela|Sleep Powder|p1a: Arcanine
|-status|p1a: Arcanine|slp
|
|turn|43
|choice|move 2|move 2
|
|cant|p1a: Arcanine|slp
|move|p2a: Tangela|Growth|p2a: Tangela
|-boost|p2a: Tangela|spa|1
|-boost|p2a: Tangela|spd|1
|
|turn|44
|choice|move 3|move 3
|
|-curestatus|p1a: Arcanine|slp
|move|p2a: Tangela|Mega Drain|p1a: Arcanine
|-resisted|p1a: Arcanine
|-damage|p1a: Arcanine|178\/327
|-heal|p2a: Tangela|90\/284|[from] drain|[of] p1a: Arcanine
|
|turn|45
|choice|move 3|move 1
|
|move|p1a: Arcanine|Hyper Beam|p2a: Tangela|[miss]
|-miss|p1a: Arcanine
|move|p2a: Tangela|Sleep Powder|p1a: Arcanine|[miss]
|-miss|p2a: Tangela
|
|turn|46
|choice|move 3|move 4
|
|move|p1a: Arcanine|Hyper Beam|p2a: Tangela
|-damage|p2a: Tangela|0 fnt
|faint|p2a: Tangela
|choice||switch 5
|
|switch|p2a: Mew|Mew, L74|230\/300
|turn|47
|choice|move 1|move 1
|
|move|p1a: Arcanine|Body Slam|p2a: Mew
|-damage|p2a: Mew|163\/300
|move|p2a: Mew|Horn Drill|p1a: Arcanine
|-immune|p1a: Arcanine|[ohko]
|
|turn|48
|c|★ereee|immune? why?
|c|★howiam|Arcanine is immune because it's faster than Mew
|c|★howiam|I think
|c|★ereee|oh, i see
|choice|move 1|move 4
|
|move|p1a: Arcanine|Body Slam|p2a: Mew
|-damage|p2a: Mew|99\/300
|move|p2a: Mew|Swords Dance|p2a: Mew
|-boost|p2a: Mew|atk|2
|
|turn|49
|choice|move 3|move 3
|
|move|p1a: Arcanine|Hyper Beam|p2a: Mew
|-crit|p2a: Mew
|-damage|p2a: Mew|0 fnt
|faint|p2a: Mew
|
|win|howiam
|player|p1
|player|p2
|c|★ereee|fails if the user has a lower level :D
|c|★howiam|gg
|l|ereee
|c|★howiam|it was very funny