|join|MALESANI
|join|The Diabolic Gift
|player|p1|MALESANI|238
|player|p2|The Diabolic Gift|265
|gametype|singles
|gen|1
|tier|[Gen 1] Random Battle
|rated
|seed|35381,62652,46797,56682
|rule|Sleep Clause Mod: Limit one foe put to sleep
|rule|Freeze Clause Mod: Limit one foe frozen
|rule|HP Percentage Mod: HP is shown in percentages
|
|start
|switch|p1a: Clefairy|Clefairy, L95|326\/326
|switch|p2a: Scyther|Scyther, L90|309\/309
|turn|1
|choice|move 2|move 1
|
|move|p2a: Scyther|Swords Dance|p2a: Scyther
|-boost|p2a: Scyther|atk|2
|move|p1a: Clefairy|Thunder Wave|p2a: Scyther
|-status|p2a: Scyther|par
|
|turn|2
|choice|move 1|move 2
|
|move|p1a: Clefairy|Blizzard|p2a: Scyther
|-supereffective|p2a: Scyther
|-damage|p2a: Scyther|117\/309 par
|move|p2a: Scyther|Slash|p1a: Clefairy
|-crit|p1a: Clefairy
|-damage|p1a: Clefairy|180\/326
|
|turn|3
|join|ethangod
|choice|move 1|switch 6
|
|switch|p2a: Jolteon|Jolteon, L79|265\/265
|move|p1a: Clefairy|Blizzard|p2a: Jolteon
|-crit|p2a: Jolteon
|-damage|p2a: Jolteon|131\/265
|
|turn|4
|choice|move 2|move 1
|
|move|p2a: Jolteon|Thunderbolt|p1a: Clefairy
|-damage|p1a: Clefairy|68\/326
|move|p1a: Clefairy|Thunder Wave|p2a: Jolteon
|-status|p2a: Jolteon|par
|
|turn|5
|leave|ethangod
|choice|move 1|move 1
|
|move|p1a: Clefairy|Blizzard|p2a: Jolteon
|-damage|p2a: Jolteon|62\/265 par
|cant|p2a: Jolteon|par
|
|turn|6
|choice|move 1|switch 5
|
|switch|p2a: Golduck|Golduck, L85|310\/310
|move|p1a: Clefairy|Blizzard|p2a: Golduck
|-resisted|p2a: Golduck
|-damage|p2a: Golduck|267\/310
|
|turn|7
|choice|move 2|move 4
|
|move|p2a: Golduck|Surf|p1a: Clefairy
|-damage|p1a: Clefairy|0 fnt
|faint|p1a: Clefairy
|choice|switch 2|
|
|switch|p1a: Hypno|Hypno, L85|318\/318
|turn|8
|choice|move 1|move 1
|
|move|p2a: Golduck|Amnesia|p2a: Golduck
|-boost|p2a: Golduck|spd|2
|-boost|p2a: Golduck|spa|2
|move|p1a: Hypno|Psychic|p2a: Golduck
|-damage|p2a: Golduck|214\/310
|
|turn|9
|choice|move 1|move 1
|
|move|p2a: Golduck|Amnesia|p2a: Golduck
|-boost|p2a: Golduck|spd|2
|-boost|p2a: Golduck|spa|2
|move|p1a: Hypno|Psychic|p2a: Golduck
|-damage|p2a: Golduck|178\/310
|
|turn|10
|choice|move 4|move 4
|
|move|p2a: Golduck|Surf|p1a: Hypno
|-damage|p1a: Hypno|95\/318
|move|p1a: Hypno|Thunder Wave|p2a: Golduck
|-status|p2a: Golduck|par
|
|turn|11
|choice|move 1|move 4
|
|move|p1a: Hypno|Psychic|p2a: Golduck
|-crit|p2a: Golduck
|-damage|p2a: Golduck|0 fnt
|faint|p2a: Golduck
|choice||switch 3
|
|switch|p2a: Lickitung|Lickitung, L90|345\/345
|turn|12
|choice|move 4|move 2
|
|move|p1a: Hypno|Thunder Wave|p2a: Lickitung
|-status|p2a: Lickitung|par
|move|p2a: Lickitung|Hyper Beam|p1a: Hypno
|-damage|p1a: Hypno|0 fnt
|faint|p1a: Hypno
|choice|switch 6|
|
|switch|p1a: Primeape|Primeape, L90|300\/300
|turn|13
|choice|move 4|switch 6
|
|switch|p2a: Scyther|Scyther, L90|117\/309 par
|move|p1a: Primeape|Submission|p2a: Scyther
|-resisted|p2a: Scyther
|-damage|p2a: Scyther|92\/309 par
|-damage|p1a: Primeape|294\/300|[from] recoil|[of] p2a: Scyther
|
|turn|14
|choice|move 2|move 3
|
|move|p1a: Primeape|Rock Slide|p2a: Scyther
|-crit|p2a: Scyther
|-supereffective|p2a: Scyther
|-damage|p2a: Scyther|0 fnt
|faint|p2a: Scyther
|choice||switch 4
|
|switch|p2a: Muk|Muk, L90|372\/372
|turn|15
|choice|move 1|move 4
|
|move|p1a: Primeape|Body Slam|p2a: Muk
|-damage|p2a: Muk|295\/372
|move|p2a: Muk|Sludge|p1a: Primeape
|-damage|p1a: Primeape|201\/300
|
|turn|16
|choice|move 1|move 4
|
|move|p1a: Primeape|Body Slam|p2a: Muk
|-damage|p2a: Muk|215\/372
|-status|p2a: Muk|par
|move|p2a: Muk|Sludge|p1a: Primeape
|-damage|p1a: Primeape|99\/300
|
|turn|17
|choice|move 3|move 4
|
|move|p1a: Primeape|Hyper Beam|p2a: Muk
|-damage|p2a: Muk|82\/372 par
|move|p2a: Muk|Sludge|p1a: Primeape
|-damage|p1a: Primeape|0 fnt
|faint|p1a: Primeape
|choice|switch 5|
|
|switch|p1a: Cloyster|Cloyster, L83|253\/253
|turn|18
|choice|move 4|move 1
|
|move|p1a: Cloyster|Surf|p2a: Muk
|-damage|p2a: Muk|0 fnt
|faint|p2a: Muk
|choice||switch 5
|
|switch|p2a: Jolteon|Jolteon, L79|62\/265 par
|turn|19
|choice|move 2|move 1
|
|move|p1a: Cloyster|Blizzard|p2a: Jolteon|[miss]
|-miss|p1a: Cloyster
|move|p2a: Jolteon|Thunderbolt|p1a: Cloyster
|-crit|p1a: Cloyster
|-supereffective|p1a: Cloyster
|-damage|p1a: Cloyster|0 fnt
|faint|p1a: Cloyster
|choice|switch 4|
|
|switch|p1a: Flareon|Flareon, L90|300\/300
|turn|20
|choice|move 1|move 4
|
|move|p1a: Flareon|Body Slam|p2a: Jolteon
|-damage|p2a: Jolteon|0 fnt
|faint|p2a: Jolteon
|choice||switch 6
|
|switch|p2a: Lickitung|Lickitung, L90|345\/345 par
|turn|21
|choice|switch 3|move 4
|
|switch|p1a: Seaking|Seaking, L90|327\/327
|cant|p2a: Lickitung|par
|
|turn|22
|choice|move 3|move 1
|
|move|p1a: Seaking|Surf|p2a: Lickitung
|-damage|p2a: Lickitung|225\/345 par
|move|p2a: Lickitung|Body Slam|p1a: Seaking
|-damage|p1a: Seaking|239\/327
|
|turn|23
|choice|move 3|move 1
|
|move|p1a: Seaking|Surf|p2a: Lickitung
|-damage|p2a: Lickitung|113\/345 par
|move|p2a: Lickitung|Body Slam|p1a: Seaking
|-damage|p1a: Seaking|163\/327
|
|turn|24
|choice|move 3|move 2
|
|move|p1a: Seaking|Surf|p2a: Lickitung
|-damage|p2a: Lickitung|0 fnt
|faint|p2a: Lickitung
|choice||switch 2
|
|switch|p2a: Nidoran-F|Nidoran-F, L96|300\/300
|turn|25
|choice|move 3|move 3
|
|move|p1a: Seaking|Surf|p2a: Nidoran-F|[miss]
|-miss|p1a: Seaking
|move|p2a: Nidoran-F|Body Slam|p1a: Seaking
|-damage|p1a: Seaking|109\/327
|-status|p1a: Seaking|par
|
|turn|26
|choice|move 3|move 2
|
|move|p2a: Nidoran-F|Substitute|p2a: Nidoran-F
|-start|p2a: Nidoran-F|Substitute
|-damage|p2a: Nidoran-F|225\/300
|move|p1a: Seaking|Surf|p2a: Nidoran-F
|-end|p2a: Nidoran-F|Substitute
|
|turn|27
|choice|move 3|move 3
|
|move|p2a: Nidoran-F|Body Slam|p1a: Seaking
|-damage|p1a: Seaking|55\/327 par
|move|p1a: Seaking|Surf|p2a: Nidoran-F
|-damage|p2a: Nidoran-F|93\/300
|
|turn|28
|choice|move 2|move 3
|
|move|p2a: Nidoran-F|Body Slam|p1a: Seaking
|-damage|p1a: Seaking|0 fnt
|faint|p1a: Seaking
|choice|switch 3|
|
|switch|p1a: Flareon|Flareon, L90|300\/300
|turn|29
|choice|move 1|move 4
|
|move|p1a: Flareon|Body Slam|p2a: Nidoran-F
|-damage|p2a: Nidoran-F|0 fnt
|faint|p2a: Nidoran-F
|
|win|MALESANI
|leave|The Diabolic Gift
|player|p2
|raw|MALESANI's rating: 1285 &rarr; <strong>1308<\/strong><br \/>(+23 for winning)
|raw|The Diabolic Gift's rating: 1250 &rarr; <strong>1227<\/strong><br \/>(-23 for losing)