|join|riwu
|join|AitorMaster
|player|p1|riwu|2
|player|p2|AitorMaster|169
|gametype|singles
|gen|1
|tier|[Gen 1] Random Battle
|rated
|seed|59200,6542,3747,58130
|rule|Sleep Clause Mod: Limit one foe put to sleep
|rule|Freeze Clause Mod: Limit one foe frozen
|rule|HP Percentage Mod: HP is shown in percentages
|
|start
|switch|p1a: Slowbro|Slowbro, L79|312\/312
|switch|p2a: Machop|Machop, L96|329\/329
|turn|1
|choice|move 2|move 2
|
|move|p2a: Machop|Body Slam|p1a: Slowbro
|-damage|p1a: Slowbro|254\/312
|-status|p1a: Slowbro|par
|cant|p1a: Slowbro|par
|
|turn|2
|choice|move 2|move 2
|
|move|p2a: Machop|Body Slam|p1a: Slowbro
|-damage|p1a: Slowbro|189\/312 par
|cant|p1a: Slowbro|par
|
|turn|3
|choice|move 2|move 2
|
|move|p2a: Machop|Body Slam|p1a: Slowbro
|-damage|p1a: Slowbro|127\/312 par
|move|p1a: Slowbro|Thunder Wave|p2a: Machop
|-status|p2a: Machop|par
|
|turn|4
|choice|move 3|switch 3
|
|switch|p2a: Nidorino|Nidorino, L90|293\/293
|move|p1a: Slowbro|Rest|p1a: Slowbro
|-status|p1a: Slowbro|slp
|-heal|p1a: Slowbro|312\/312 slp|[silent]
|-status|p1a: Slowbro|slp|[from] move: Rest
|
|turn|5
|choice|switch 6|move 2
|
|switch|p1a: Mewtwo|Mewtwo, L70|293\/293
|move|p2a: Nidorino|Thunderbolt|p1a: Mewtwo
|-crit|p1a: Mewtwo
|-damage|p1a: Mewtwo|206\/293
|-status|p1a: Mewtwo|par
|
|turn|6
|choice|move 1|switch 2
|
|switch|p2a: Geodude|Geodude, L96|272\/272
|move|p1a: Mewtwo|Psychic|p2a: Geodude
|-crit|p2a: Geodude
|-damage|p2a: Geodude|6\/272
|
|turn|7
|choice|switch 3|move 1
|
|switch|p1a: Magikarp|Magikarp, L99|240\/240
|move|p2a: Geodude|Explosion|p1a: Magikarp
|-damage|p1a: Magikarp|0 fnt
|faint|p1a: Magikarp
|faint|p2a: Geodude
|choice|switch 3|switch 4
|
|switch|p2a: Farfetch'd|Farfetch'd, L99|304\/304
|switch|p1a: Mewtwo|Mewtwo, L70|206\/293 par
|turn|8
|choice|switch 5|move 1
|
|switch|p1a: Electrode|Electrode, L90|291\/291
|move|p2a: Farfetch'd|Slash|p1a: Electrode
|-crit|p1a: Electrode
|-damage|p1a: Electrode|115\/291
|
|turn|9
|choice|move 4|switch 3
|
|switch|p2a: Machop|Machop, L96|329\/329 par
|move|p1a: Electrode|Thunder|p2a: Machop
|-damage|p2a: Machop|137\/329 par
|
|turn|10
|choice|move 4|move 2
|
|move|p1a: Electrode|Thunder|p2a: Machop
|-crit|p2a: Machop
|-damage|p2a: Machop|0 fnt
|faint|p2a: Machop
|choice||switch 2
|
|switch|p2a: Nidorino|Nidorino, L90|293\/293
|turn|11
|choice|move 4|move 4
|
|move|p1a: Electrode|Thunder|p2a: Nidorino
|-crit|p2a: Nidorino
|-damage|p2a: Nidorino|0 fnt
|faint|p2a: Nidorino
|choice||switch 6
|
|switch|p2a: Alakazam|Alakazam, L79|249\/249
|turn|12
|choice|move 1|move 1
|
|move|p1a: Electrode|Explosion|p2a: Alakazam
|-damage|p2a: Alakazam|0 fnt
|faint|p2a: Alakazam
|faint|p1a: Electrode
|choice|switch 4|switch 3
|
|switch|p2a: Farfetch'd|Farfetch'd, L99|304\/304
|switch|p1a: Ditto|Ditto, L99|296\/296
|turn|13
|choice|move 1|move 1
|
|move|p2a: Farfetch'd|Slash|p1a: Ditto
|-crit|p1a: Ditto
|-damage|p1a: Ditto|107\/296
|move|p1a: Ditto|Transform|p2a: Farfetch'd
|-transform|p1a: Ditto|p2a: Farfetch'd
|
|turn|14
|choice|move 1|move 1
|
|move|p2a: Farfetch'd|Slash|p1a: Ditto
|-damage|p1a: Ditto|10\/296
|move|p1a: Ditto|Slash|p2a: Farfetch'd
|-crit|p2a: Farfetch'd
|-damage|p2a: Farfetch'd|130\/304
|
|turn|15
|choice|move 1|move 1
|
|move|p2a: Farfetch'd|Slash|p1a: Ditto
|-crit|p1a: Ditto
|-damage|p1a: Ditto|0 fnt
|faint|p1a: Ditto
|choice|switch 2|
|
|switch|p1a: Tangela|Tangela, L85|284\/284
|turn|16
|choice|move 3|move 1
|
|move|p2a: Farfetch'd|Slash|p1a: Tangela
|-crit|p1a: Tangela
|-damage|p1a: Tangela|157\/284
|move|p1a: Tangela|Body Slam|p2a: Farfetch'd
|-damage|p2a: Farfetch'd|80\/304
|
|turn|17
|choice|move 4|move 1
|
|move|p2a: Farfetch'd|Slash|p1a: Tangela
|-crit|p1a: Tangela
|-damage|p1a: Tangela|29\/284
|move|p1a: Tangela|Hyper Beam|p2a: Farfetch'd
|-damage|p2a: Farfetch'd|0 fnt
|faint|p2a: Farfetch'd
|choice||switch 5
|
|switch|p2a: Mewtwo|Mewtwo, L70|293\/293
|turn|18
|choice|move 4|move 1
|
|move|p2a: Mewtwo|Psychic|p1a: Tangela
|-damage|p1a: Tangela|0 fnt
|faint|p1a: Tangela
|choice|switch 5|
|
|switch|p1a: Mewtwo|Mewtwo, L70|206\/293 par
|turn|19
|choice|move 1|move 1
|
|move|p2a: Mewtwo|Psychic|p1a: Mewtwo
|-resisted|p1a: Mewtwo
|-damage|p1a: Mewtwo|169\/293 par
|cant|p1a: Mewtwo|par
|
|turn|20
|choice|move 1|move 3
|
|move|p2a: Mewtwo|Hyper Beam|p1a: Mewtwo
|-damage|p1a: Mewtwo|72\/293 par
|cant|p1a: Mewtwo|par
|
|turn|21
|-mustrecharge|p2a: Mewtwo
|-mustrecharge|p2a: Mewtwo
|choice|move 3|move 1
|
|cant|p2a: Mewtwo|recharge
|move|p1a: Mewtwo|Rest|p1a: Mewtwo
|-status|p1a: Mewtwo|slp
|-heal|p1a: Mewtwo|293\/293 slp|[silent]
|-status|p1a: Mewtwo|slp|[from] move: Rest
|
|turn|22
|choice|move 1|move 1
|
|move|p2a: Mewtwo|Psychic|p1a: Mewtwo
|-resisted|p1a: Mewtwo
|-damage|p1a: Mewtwo|254\/293 slp
|-unboost|p1a: Mewtwo|spd|1
|-unboost|p1a: Mewtwo|spa|1
|cant|p1a: Mewtwo|slp
|
|turn|23
|choice|switch 6|move 1
|
|switch|p1a: Slowbro|Slowbro, L79|312\/312 slp
|move|p2a: Mewtwo|Psychic|p1a: Slowbro
|-resisted|p1a: Slowbro
|-damage|p1a: Slowbro|259\/312 slp
|
|turn|24
|choice|move 2|move 1
|
|move|p2a: Mewtwo|Psychic|p1a: Slowbro
|-resisted|p1a: Slowbro
|-damage|p1a: Slowbro|204\/312 slp
|cant|p1a: Slowbro|slp
|
|turn|25
|choice|move 2|move 1
|
|move|p2a: Mewtwo|Psychic|p1a: Slowbro
|-resisted|p1a: Slowbro
|-damage|p1a: Slowbro|150\/312 slp
|-curestatus|p1a: Slowbro|slp
|
|turn|26
|choice|move 2|move 4
|
|move|p2a: Mewtwo|Thunder Wave|p1a: Slowbro
|-status|p1a: Slowbro|par
|cant|p1a: Slowbro|par
|
|turn|27
|choice|move 2|move 1
|
|move|p2a: Mewtwo|Psychic|p1a: Slowbro
|-crit|p1a: Slowbro
|-resisted|p1a: Slowbro
|-damage|p1a: Slowbro|56\/312 par
|-unboost|p1a: Slowbro|spd|1
|-unboost|p1a: Slowbro|spa|1
|move|p1a: Slowbro|Thunder Wave|p2a: Mewtwo
|-status|p2a: Mewtwo|par
|
|turn|28
|choice|switch 6|move 3
|
|switch|p1a: Mewtwo|Mewtwo, L70|254\/293 slp
|move|p2a: Mewtwo|Hyper Beam|p1a: Mewtwo
|-damage|p1a: Mewtwo|153\/293 slp
|
|turn|29
|-mustrecharge|p2a: Mewtwo
|-mustrecharge|p2a: Mewtwo
|choice|move 1|move 1
|
|-curestatus|p1a: Mewtwo|slp
|cant|p2a: Mewtwo|recharge
|
|turn|30
|choice|move 1|move 4
|
|move|p1a: Mewtwo|Psychic|p2a: Mewtwo
|-resisted|p2a: Mewtwo
|-damage|p2a: Mewtwo|252\/293 par
|-unboost|p2a: Mewtwo|spd|1
|-unboost|p2a: Mewtwo|spa|1
|cant|p2a: Mewtwo|par
|
|turn|31
|choice|move 1|move 4
|
|move|p1a: Mewtwo|Psychic|p2a: Mewtwo
|-resisted|p2a: Mewtwo
|-damage|p2a: Mewtwo|192\/293 par
|move|p2a: Mewtwo|Thunder Wave|p1a: Mewtwo
|-status|p1a: Mewtwo|par
|
|turn|32
|choice|move 1|move 1
|
|move|p1a: Mewtwo|Psychic|p2a: Mewtwo
|-crit|p2a: Mewtwo
|-resisted|p2a: Mewtwo
|-damage|p2a: Mewtwo|119\/293 par
|cant|p2a: Mewtwo|par
|
|turn|33
|choice|move 1|move 2
|
|move|p1a: Mewtwo|Psychic|p2a: Mewtwo
|-crit|p2a: Mewtwo
|-resisted|p2a: Mewtwo
|-damage|p2a: Mewtwo|43\/293 par
|move|p2a: Mewtwo|Recover|p2a: Mewtwo
|-heal|p2a: Mewtwo|189\/293 par
|
|turn|34
|choice|move 1|move 1
|
|move|p1a: Mewtwo|Psychic|p2a: Mewtwo
|-crit|p2a: Mewtwo
|-resisted|p2a: Mewtwo
|-damage|p2a: Mewtwo|116\/293 par
|-unboost|p2a: Mewtwo|spd|1
|-unboost|p2a: Mewtwo|spa|1
|move|p2a: Mewtwo|Psychic|p1a: Mewtwo
|-resisted|p1a: Mewtwo
|-damage|p1a: Mewtwo|134\/293 par
|-unboost|p1a: Mewtwo|spd|1
|-unboost|p1a: Mewtwo|spa|1
|
|turn|35
|choice|move 3|move 2
|
|move|p1a: Mewtwo|Rest|p1a: Mewtwo
|-status|p1a: Mewtwo|slp
|-heal|p1a: Mewtwo|293\/293 slp|[silent]
|-status|p1a: Mewtwo|slp|[from] move: Rest
|cant|p2a: Mewtwo|par
|
|turn|36
|choice|move 1|move 2
|
|cant|p1a: Mewtwo|slp
|move|p2a: Mewtwo|Recover|p2a: Mewtwo
|-heal|p2a: Mewtwo|262\/293 par
|
|turn|37
|choice|move 1|move 4
|
|-curestatus|p1a: Mewtwo|slp
|move|p2a: Mewtwo|Thunder Wave|p1a: Mewtwo
|-status|p1a: Mewtwo|par
|
|turn|38
|choice|move 1|move 1
|
|move|p1a: Mewtwo|Psychic|p2a: Mewtwo
|-resisted|p2a: Mewtwo
|-damage|p2a: Mewtwo|212\/293 par
|move|p2a: Mewtwo|Psychic|p1a: Mewtwo
|-crit|p1a: Mewtwo
|-resisted|p1a: Mewtwo
|-damage|p1a: Mewtwo|220\/293 par
|
|turn|39
|choice|move 1|move 1
|
|move|p1a: Mewtwo|Psychic|p2a: Mewtwo
|-resisted|p2a: Mewtwo
|-damage|p2a: Mewtwo|163\/293 par
|move|p2a: Mewtwo|Psychic|p1a: Mewtwo
|-crit|p1a: Mewtwo
|-resisted|p1a: Mewtwo
|-damage|p1a: Mewtwo|143\/293 par
|-unboost|p1a: Mewtwo|spd|1
|-unboost|p1a: Mewtwo|spa|1
|
|turn|40
|choice|move 3|move 1
|
|move|p2a: Mewtwo|Psychic|p1a: Mewtwo
|-resisted|p1a: Mewtwo
|-damage|p1a: Mewtwo|103\/293 par
|-unboost|p1a: Mewtwo|spd|1
|-unboost|p1a: Mewtwo|spa|1
|move|p1a: Mewtwo|Rest|p1a: Mewtwo
|-status|p1a: Mewtwo|slp
|-heal|p1a: Mewtwo|293\/293 slp|[silent]
|-status|p1a: Mewtwo|slp|[from] move: Rest
|
|turn|41
|choice|switch 6|move 1
|
|switch|p1a: Slowbro|Slowbro, L79|56\/312 par
|move|p2a: Mewtwo|Psychic|p1a: Slowbro
|-resisted|p1a: Slowbro
|-damage|p1a: Slowbro|29\/312 par
|-unboost|p1a: Slowbro|spd|1
|-unboost|p1a: Slowbro|spa|1
|
|turn|42
|choice|switch 6|move 1
|
|switch|p1a: Mewtwo|Mewtwo, L70|293\/293 slp
|move|p2a: Mewtwo|Psychic|p1a: Mewtwo
|-resisted|p1a: Mewtwo
|-damage|p1a: Mewtwo|273\/293 slp
|
|turn|43
|choice|move 1|move 2
|
|cant|p1a: Mewtwo|slp
|cant|p2a: Mewtwo|par
|
|turn|44
|choice|move 1|move 4
|
|-curestatus|p1a: Mewtwo|slp
|move|p2a: Mewtwo|Thunder Wave|p1a: Mewtwo
|-status|p1a: Mewtwo|par
|
|turn|45
|choice|move 1|move 1
|
|move|p1a: Mewtwo|Psychic|p2a: Mewtwo
|-resisted|p2a: Mewtwo
|-damage|p2a: Mewtwo|89\/293 par
|move|p2a: Mewtwo|Psychic|p1a: Mewtwo
|-resisted|p1a: Mewtwo
|-damage|p1a: Mewtwo|254\/293 par
|
|turn|46
|choice|move 1|move 2
|
|move|p1a: Mewtwo|Psychic|p2a: Mewtwo
|-resisted|p2a: Mewtwo
|-damage|p2a: Mewtwo|10\/293 par
|move|p2a: Mewtwo|Recover|p2a: Mewtwo
|-heal|p2a: Mewtwo|156\/293 par
|
|turn|47
|choice|move 1|move 2
|
|move|p1a: Mewtwo|Psychic|p2a: Mewtwo
|-crit|p2a: Mewtwo
|-resisted|p2a: Mewtwo
|-damage|p2a: Mewtwo|79\/293 par
|move|p2a: Mewtwo|Recover|p2a: Mewtwo
|-heal|p2a: Mewtwo|225\/293 par
|
|turn|48
|choice|move 1|move 3
|
|cant|p1a: Mewtwo|par
|move|p2a: Mewtwo|Hyper Beam|p1a: Mewtwo
|-crit|p1a: Mewtwo
|-damage|p1a: Mewtwo|74\/293 par
|
|turn|49
|-mustrecharge|p2a: Mewtwo
|-mustrecharge|p2a: Mewtwo
|choice|move 3|move 1
|
|move|p1a: Mewtwo|Rest|p1a: Mewtwo
|-status|p1a: Mewtwo|slp
|-heal|p1a: Mewtwo|293\/293 slp|[silent]
|-status|p1a: Mewtwo|slp|[from] move: Rest
|cant|p2a: Mewtwo|recharge
|
|turn|50
|choice|move 1|move 3
|
|cant|p1a: Mewtwo|slp
|move|p2a: Mewtwo|Hyper Beam|p1a: Mewtwo
|-crit|p1a: Mewtwo
|-damage|p1a: Mewtwo|106\/293 slp
|
|turn|51
|-mustrecharge|p2a: Mewtwo
|-mustrecharge|p2a: Mewtwo
|choice|move 1|move 1
|
|-curestatus|p1a: Mewtwo|slp
|cant|p2a: Mewtwo|recharge
|
|turn|52
|choice|move 3|move 3
|
|move|p1a: Mewtwo|Rest|p1a: Mewtwo
|-status|p1a: Mewtwo|slp
|-heal|p1a: Mewtwo|293\/293 slp|[silent]
|-status|p1a: Mewtwo|slp|[from] move: Rest
|move|p2a: Mewtwo|Hyper Beam|p1a: Mewtwo
|-damage|p1a: Mewtwo|191\/293 slp
|
|turn|53
|-mustrecharge|p2a: Mewtwo
|-mustrecharge|p2a: Mewtwo
|choice|move 3|move 1
|
|cant|p1a: Mewtwo|slp
|cant|p2a: Mewtwo|recharge
|
|turn|54
|choice|move 3|move 4
|
|-curestatus|p1a: Mewtwo|slp
|cant|p2a: Mewtwo|par
|
|turn|55
|choice|move 1|move 4
|
|move|p1a: Mewtwo|Psychic|p2a: Mewtwo
|-resisted|p2a: Mewtwo
|-damage|p2a: Mewtwo|149\/293 par
|move|p2a: Mewtwo|Thunder Wave|p1a: Mewtwo
|-status|p1a: Mewtwo|par
|
|turn|56
|choice|move 3|move 2
|
|cant|p1a: Mewtwo|par
|cant|p2a: Mewtwo|par
|
|turn|57
|choice|move 3|move 3
|
|move|p1a: Mewtwo|Rest|p1a: Mewtwo
|-status|p1a: Mewtwo|slp
|-heal|p1a: Mewtwo|293\/293 slp|[silent]
|-status|p1a: Mewtwo|slp|[from] move: Rest
|move|p2a: Mewtwo|Hyper Beam|p1a: Mewtwo
|-damage|p1a: Mewtwo|194\/293 slp
|
|turn|58
|-mustrecharge|p2a: Mewtwo
|-mustrecharge|p2a: Mewtwo
|choice|move 1|move 1
|
|cant|p1a: Mewtwo|slp
|cant|p2a: Mewtwo|recharge
|
|turn|59
|choice|move 1|move 4
|
|-curestatus|p1a: Mewtwo|slp
|move|p2a: Mewtwo|Thunder Wave|p1a: Mewtwo
|-status|p1a: Mewtwo|par
|
|turn|60
|choice|move 3|move 1
|
|move|p1a: Mewtwo|Rest|p1a: Mewtwo
|-status|p1a: Mewtwo|slp
|-heal|p1a: Mewtwo|293\/293 slp|[silent]
|-status|p1a: Mewtwo|slp|[from] move: Rest
|cant|p2a: Mewtwo|par
|
|turn|61
|choice|move 3|move 2
|
|move|p2a: Mewtwo|Recover|p2a: Mewtwo
|-heal|p2a: Mewtwo|293\/293 par
|cant|p1a: Mewtwo|slp
|
|turn|62
|choice|move 1|move 4
|
|move|p2a: Mewtwo|Thunder Wave|p1a: Mewtwo
|-fail|p1a: Mewtwo
|-curestatus|p1a: Mewtwo|slp
|
|turn|63
|choice|move 1|move 4
|
|move|p2a: Mewtwo|Thunder Wave|p1a: Mewtwo
|-status|p1a: Mewtwo|par
|move|p1a: Mewtwo|Psychic|p2a: Mewtwo
|-crit|p2a: Mewtwo
|-resisted|p2a: Mewtwo
|-damage|p2a: Mewtwo|215\/293 par
|
|turn|64
|choice|move 1|move 3
|
|move|p2a: Mewtwo|Hyper Beam|p1a: Mewtwo
|-damage|p1a: Mewtwo|192\/293 par
|move|p1a: Mewtwo|Psychic|p2a: Mewtwo
|-resisted|p2a: Mewtwo
|-damage|p2a: Mewtwo|135\/293 par
|
|turn|65
|-mustrecharge|p2a: Mewtwo
|-mustrecharge|p2a: Mewtwo
|choice|move 3|move 1
|
|cant|p2a: Mewtwo|recharge
|move|p1a: Mewtwo|Rest|p1a: Mewtwo
|-status|p1a: Mewtwo|slp
|-heal|p1a: Mewtwo|293\/293 slp|[silent]
|-status|p1a: Mewtwo|slp|[from] move: Rest
|
|turn|66
|choice|move 1|move 1
|
|move|p2a: Mewtwo|Psychic|p1a: Mewtwo
|-crit|p1a: Mewtwo
|-resisted|p1a: Mewtwo
|-damage|p1a: Mewtwo|214\/293 slp
|cant|p1a: Mewtwo|slp
|
|turn|67
|choice|move 1|move 1
|
|cant|p2a: Mewtwo|par
|-curestatus|p1a: Mewtwo|slp
|
|turn|68
|choice|move 1|move 1
|
|move|p2a: Mewtwo|Psychic|p1a: Mewtwo
|-resisted|p1a: Mewtwo
|-damage|p1a: Mewtwo|195\/293
|-unboost|p1a: Mewtwo|spd|1
|-unboost|p1a: Mewtwo|spa|1
|move|p1a: Mewtwo|Psychic|p2a: Mewtwo
|-crit|p2a: Mewtwo
|-resisted|p2a: Mewtwo
|-damage|p2a: Mewtwo|66\/293 par
|-unboost|p2a: Mewtwo|spd|1
|-unboost|p2a: Mewtwo|spa|1
|
|turn|69
|choice|move 1|move 2
|
|move|p2a: Mewtwo|Recover|p2a: Mewtwo
|-heal|p2a: Mewtwo|212\/293 par
|move|p1a: Mewtwo|Psychic|p2a: Mewtwo
|-resisted|p2a: Mewtwo
|-damage|p2a: Mewtwo|145\/293 par
|
|turn|70
|choice|move 2|move 3
|
|move|p1a: Mewtwo|Ice Beam|p2a: Mewtwo
|-crit|p2a: Mewtwo
|-damage|p2a: Mewtwo|50\/293 par
|move|p2a: Mewtwo|Hyper Beam|p1a: Mewtwo
|-crit|p1a: Mewtwo
|-damage|p1a: Mewtwo|1\/293
|
|turn|71
|-mustrecharge|p2a: Mewtwo
|c|★riwu|gf
|-mustrecharge|p2a: Mewtwo
|choice|move 2|move 1
|
|move|p1a: Mewtwo|Ice Beam|p2a: Mewtwo
|-damage|p2a: Mewtwo|0 fnt
|faint|p2a: Mewtwo
|
|win|riwu
|raw|riwu's rating: 1494 &rarr; <strong>1504<\/strong><br \/>(+10 for winning)
|raw|AitorMaster's rating: 1304 &rarr; <strong>1294<\/strong><br \/>(-10 for losing)