|j|MALESANI
|j|johnhello
|player|p1|MALESANI|238
|player|p2|johnhello|265
|gametype|singles
|gen|1
|tier|[Gen 1] Random Battle
|rated
|seed|46814,31999,41441,14097
|rule|Sleep Clause Mod: Limit one foe put to sleep
|rule|Freeze Clause Mod: Limit one foe frozen
|rule|HP Percentage Mod: HP is shown in percentages
|
|start
|switch|p1a: Rhyhorn|Rhyhorn, L96|348\/348
|switch|p2a: Lapras|Lapras, L79|367\/367
|turn|1
|choice|switch 2|move 3
|
|switch|p1a: Mew|Mew, L74|300\/300
|move|p2a: Lapras|Blizzard|p1a: Mew|[miss]
|-miss|p2a: Lapras
|
|turn|2
|choice|move 4|switch 3
|
|switch|p2a: Marowak|Marowak, L90|291\/291
|move|p1a: Mew|Thunder Wave|p2a: Marowak
|-immune|p2a: Marowak|[msg]
|
|turn|3
|choice|move 3|switch 4
|
|switch|p2a: Jolteon|Jolteon, L79|265\/265
|move|p1a: Mew|Horn Drill|p2a: Jolteon
|-immune|p2a: Jolteon|[ohko]
|
|turn|4
|choice|move 4|move 4
|
|move|p2a: Jolteon|Thunder Wave|p1a: Mew
|-status|p1a: Mew|par
|move|p1a: Mew|Thunder Wave|p2a: Jolteon
|-status|p2a: Jolteon|par
|
|turn|5
|choice|move 2|move 1
|
|cant|p2a: Jolteon|par
|move|p1a: Mew|Earthquake|p2a: Jolteon
|-supereffective|p2a: Jolteon
|-damage|p2a: Jolteon|117\/265 par
|
|turn|6
|choice|switch 2|switch 4
|
|switch|p2a: Marowak|Marowak, L90|291\/291
|switch|p1a: Rhyhorn|Rhyhorn, L96|348\/348
|
|turn|7
|choice|switch 5|move 1
|
|switch|p1a: Ivysaur|Ivysaur, L85|276\/276
|move|p2a: Marowak|Earthquake|p1a: Ivysaur
|-damage|p1a: Ivysaur|147\/276
|
|turn|8
|choice|move 2|switch 4
|
|switch|p2a: Jolteon|Jolteon, L79|117\/265 par
|move|p1a: Ivysaur|Razor Leaf|p2a: Jolteon
|-crit|p2a: Jolteon
|-damage|p2a: Jolteon|17\/265 par
|
|turn|9
|choice|move 3|move 4
|
|move|p1a: Ivysaur|Body Slam|p2a: Jolteon
|-crit|p2a: Jolteon
|-damage|p2a: Jolteon|0 fnt
|faint|p2a: Jolteon
|choice||switch 5
|
|switch|p2a: Kangaskhan|Kangaskhan, L85|352\/352
|turn|10
|choice|move 1|move 4
|
|move|p2a: Kangaskhan|Earthquake|p1a: Ivysaur
|-damage|p1a: Ivysaur|64\/276
|move|p1a: Ivysaur|Sleep Powder|p2a: Kangaskhan
|-status|p2a: Kangaskhan|slp
|
|turn|11
|choice|move 2|switch 6
|
|switch|p2a: Nidorino|Nidorino, L90|293\/293
|move|p1a: Ivysaur|Razor Leaf|p2a: Nidorino
|-crit|p2a: Nidorino
|-resisted|p2a: Nidorino
|-damage|p2a: Nidorino|234\/293
|
|turn|12
|choice|switch 4|move 1
|
|switch|p1a: Porygon|Porygon, L85|284\/284
|move|p2a: Nidorino|Thunderbolt|p1a: Porygon
|-damage|p1a: Porygon|222\/284
|
|turn|13
|choice|move 3|switch 3
|
|switch|p2a: Lapras|Lapras, L79|367\/367
|move|p1a: Porygon|Thunder Wave|p2a: Lapras
|-status|p2a: Lapras|par
|
|turn|14
|choice|move 2|move 2
|
|move|p1a: Porygon|Thunderbolt|p2a: Lapras
|-supereffective|p2a: Lapras
|-damage|p2a: Lapras|250\/367 par
|move|p2a: Lapras|Confuse Ray|p1a: Porygon
|-start|p1a: Porygon|confusion
|
|turn|15
|choice|switch 2|switch 4
|
|switch|p1a: Mew|Mew, L74|300\/300 par
|switch|p2a: Marowak|Marowak, L90|291\/291
|
|turn|16
|choice|move 2|move 1
|
|move|p2a: Marowak|Earthquake|p1a: Mew
|-damage|p1a: Mew|188\/300 par
|move|p1a: Mew|Earthquake|p2a: Marowak
|-damage|p2a: Marowak|244\/291
|
|turn|17
|choice|move 2|move 1
|
|move|p2a: Marowak|Earthquake|p1a: Mew
|-crit|p1a: Mew
|-damage|p1a: Mew|0 fnt
|faint|p1a: Mew
|choice|switch 2|
|
|switch|p1a: Porygon|Porygon, L85|222\/284
|turn|18
|choice|move 4|switch 2
|
|switch|p2a: Staryu|Staryu, L90|237\/237
|move|p1a: Porygon|Blizzard|p2a: Staryu
|-resisted|p2a: Staryu
|-damage|p2a: Staryu|200\/237
|
|turn|19
|choice|move 3|move 3
|
|move|p2a: Staryu|Thunder Wave|p1a: Porygon
|-status|p1a: Porygon|par
|move|p1a: Porygon|Thunder Wave|p2a: Staryu
|-status|p2a: Staryu|par
|
|turn|20
|choice|move 2|switch 3
|
|switch|p2a: Nidorino|Nidorino, L90|234\/293
|move|p1a: Porygon|Thunderbolt|p2a: Nidorino
|-damage|p2a: Nidorino|157\/293
|-status|p2a: Nidorino|par
|
|turn|21
|choice|move 4|move 1
|
|cant|p2a: Nidorino|par
|move|p1a: Porygon|Blizzard|p2a: Nidorino
|-damage|p2a: Nidorino|64\/293 par
|
|turn|22
|choice|move 1|move 1
|
|cant|p2a: Nidorino|par
|cant|p1a: Porygon|par
|
|turn|23
|choice|move 1|move 1
|
|move|p2a: Nidorino|Thunderbolt|p1a: Porygon
|-damage|p1a: Porygon|160\/284 par
|cant|p1a: Porygon|par
|
|turn|24
|choice|move 1|move 1
|
|move|p2a: Nidorino|Thunderbolt|p1a: Porygon
|-damage|p1a: Porygon|100\/284 par
|cant|p1a: Porygon|par
|
|turn|25
|choice|move 1|move 1
|
|move|p2a: Nidorino|Thunderbolt|p1a: Porygon
|-damage|p1a: Porygon|39\/284 par
|cant|p1a: Porygon|par
|
|turn|26
|choice|switch 5|move 1
|
|switch|p1a: Rhyhorn|Rhyhorn, L96|348\/348
|move|p2a: Nidorino|Thunderbolt|p1a: Rhyhorn
|-immune|p1a: Rhyhorn|[msg]
|
|turn|27
|choice|move 3|switch 2
|
|switch|p2a: Marowak|Marowak, L90|244\/291
|move|p1a: Rhyhorn|Earthquake|p2a: Marowak
|-damage|p2a: Marowak|149\/291
|
|turn|28
|choice|switch 5|move 1
|
|switch|p1a: Porygon|Porygon, L85|39\/284 par
|move|p2a: Marowak|Earthquake|p1a: Porygon
|-damage|p1a: Porygon|0 fnt
|faint|p1a: Porygon
|choice|switch 4|
|
|switch|p1a: Ivysaur|Ivysaur, L85|64\/276
|turn|29
|choice|move 2|switch 2
|
|switch|p2a: Nidorino|Nidorino, L90|64\/293 par
|move|p1a: Ivysaur|Razor Leaf|p2a: Nidorino
|-crit|p2a: Nidorino
|-resisted|p2a: Nidorino
|-damage|p2a: Nidorino|6\/293 par
|
|turn|30
|choice|move 3|move 1
|
|move|p1a: Ivysaur|Body Slam|p2a: Nidorino
|-damage|p2a: Nidorino|0 fnt
|faint|p2a: Nidorino
|choice||switch 6
|
|switch|p2a: Kangaskhan|Kangaskhan, L85|352\/352 slp
|turn|31
|choice|move 4|move 4
|
|cant|p2a: Kangaskhan|slp
|move|p1a: Ivysaur|Leech Seed|p2a: Kangaskhan
|-start|p2a: Kangaskhan|move: Leech Seed
|
|turn|32
|choice|move 2|move 4
|
|cant|p2a: Kangaskhan|slp
|-damage|p2a: Kangaskhan|330\/352 slp|[from] Leech Seed|[of] p1a: Ivysaur
|-heal|p1a: Ivysaur|86\/276|[silent]
|move|p1a: Ivysaur|Razor Leaf|p2a: Kangaskhan
|-crit|p2a: Kangaskhan
|-damage|p2a: Kangaskhan|173\/352 slp
|
|turn|33
|choice|move 3|move 4
|
|cant|p2a: Kangaskhan|slp
|-damage|p2a: Kangaskhan|151\/352 slp|[from] Leech Seed|[of] p1a: Ivysaur
|-heal|p1a: Ivysaur|108\/276|[silent]
|move|p1a: Ivysaur|Body Slam|p2a: Kangaskhan
|-damage|p2a: Kangaskhan|99\/352 slp
|
|turn|34
|choice|move 3|move 4
|
|-damage|p2a: Kangaskhan|77\/352 slp|[from] Leech Seed|[of] p1a: Ivysaur
|-heal|p1a: Ivysaur|130\/276|[silent]
|-curestatus|p2a: Kangaskhan|slp
|move|p1a: Ivysaur|Body Slam|p2a: Kangaskhan
|-damage|p2a: Kangaskhan|24\/352
|
|turn|35
|choice|switch 3|move 2
|
|switch|p1a: Kabuto|Kabuto, L96|252\/252
|move|p2a: Kangaskhan|Hyper Beam|p1a: Kabuto
|-resisted|p1a: Kabuto
|-damage|p1a: Kabuto|187\/252
|-damage|p2a: Kangaskhan|2\/352|[from] Leech Seed|[of] p1a: Kabuto
|-heal|p1a: Kabuto|209\/252|[silent]
|
|turn|36
|-mustrecharge|p2a: Kangaskhan
|-mustrecharge|p2a: Kangaskhan
|choice|move 1|move 1
|
|cant|p2a: Kangaskhan|recharge
|-damage|p2a: Kangaskhan|0 fnt|[from] Leech Seed|[of] p1a: Kabuto
|-heal|p1a: Kabuto|211\/252|[silent]
|faint|p2a: Kangaskhan
|choice||switch 4
|
|switch|p2a: Lapras|Lapras, L79|250\/367 par
|turn|37
|choice|move 2|move 2
|
|move|p1a: Kabuto|Slash|p2a: Lapras
|-crit|p2a: Lapras
|-damage|p2a: Lapras|123\/367 par
|move|p2a: Lapras|Confuse Ray|p1a: Kabuto
|-start|p1a: Kabuto|confusion
|
|turn|38
|choice|move 4|move 4
|
|-activate|p1a: Kabuto|confusion
|move|p1a: Kabuto|Body Slam|p2a: Lapras
|-damage|p2a: Lapras|49\/367 par
|move|p2a: Lapras|Rest|p2a: Lapras
|-status|p2a: Lapras|slp
|-heal|p2a: Lapras|367\/367 slp|[silent]
|-status|p2a: Lapras|slp|[from] move: Rest
|
|turn|39
|choice|switch 3|move 1
|
|switch|p1a: Ivysaur|Ivysaur, L85|130\/276
|cant|p2a: Lapras|slp
|
|turn|40
|choice|move 2|switch 2
|
|switch|p2a: Marowak|Marowak, L90|149\/291
|move|p1a: Ivysaur|Razor Leaf|p2a: Marowak
|-crit|p2a: Marowak
|-supereffective|p2a: Marowak
|-damage|p2a: Marowak|0 fnt
|faint|p2a: Marowak
|choice||switch 3
|
|switch|p2a: Staryu|Staryu, L90|200\/237 par
|turn|41
|choice|move 2|move 3
|
|move|p1a: Ivysaur|Razor Leaf|p2a: Staryu
|-crit|p2a: Staryu
|-supereffective|p2a: Staryu
|-damage|p2a: Staryu|0 fnt
|faint|p2a: Staryu
|choice||switch 2
|
|switch|p2a: Lapras|Lapras, L79|367\/367 slp
|turn|42
|choice|switch 6|move 3
|
|switch|p1a: Primeape|Primeape, L90|300\/300
|-curestatus|p2a: Lapras|slp
|
|turn|43
|choice|move 1|move 2
|
|move|p1a: Primeape|Submission|p2a: Lapras
|-supereffective|p2a: Lapras
|-damage|p2a: Lapras|148\/367
|-damage|p1a: Primeape|246\/300|[from] recoil|[of] p2a: Lapras
|move|p2a: Lapras|Confuse Ray|p1a: Primeape
|-start|p1a: Primeape|confusion
|
|turn|44
|choice|move 1|move 3
|
|-activate|p1a: Primeape|confusion
|move|p1a: Primeape|Submission|p2a: Lapras
|-supereffective|p2a: Lapras
|-damage|p2a: Lapras|0 fnt
|-damage|p1a: Primeape|209\/300|[from] recoil|[of] p2a: Lapras
|faint|p2a: Lapras
|
|win|MALESANI
|player|p1
|player|p2
|raw|MALESANI's rating: 1377 &rarr; <strong>1400<\/strong><br \/>(+23 for winning)
|raw|johnhello's rating: 1428 &rarr; <strong>1405<\/strong><br \/>(-23 for losing)
|l|johnhello