|j|Iezus
|j|Gooooooooch
|player|p1|Iezus|275
|player|p2|Gooooooooch|34
|gametype|singles
|gen|1
|tier|[Gen 1] Random Battle
|rated
|seed|40659,13309,45160,19197
|rule|Sleep Clause Mod: Limit one foe put to sleep
|rule|Freeze Clause Mod: Limit one foe frozen
|rule|HP Percentage Mod: HP is shown in percentages
|
|start
|switch|p1a: Wartortle|Wartortle, L85|274\/274
|switch|p2a: Rapidash|Rapidash, L90|300\/300
|turn|1
|choice|move 2|switch 5
|
|switch|p2a: Wigglytuff|Wigglytuff, L90|435\/435
|move|p1a: Wartortle|Blizzard|p2a: Wigglytuff
|-damage|p2a: Wigglytuff|352\/435
|
|turn|2
|choice|switch 2|move 2
|
|switch|p1a: Ditto|Ditto, L99|296\/296
|move|p2a: Wigglytuff|Thunder Wave|p1a: Ditto
|-status|p1a: Ditto|par
|
|turn|3
|choice|move 1|move 3
|
|move|p2a: Wigglytuff|Double-Edge|p1a: Ditto
|-damage|p1a: Ditto|174\/296 par
|-damage|p2a: Wigglytuff|322\/435|[from] recoil|[of] p1a: Ditto
|move|p1a: Ditto|Transform|p2a: Wigglytuff
|-transform|p1a: Ditto|p2a: Wigglytuff
|
|turn|4
|choice|move 2|move 3
|
|move|p2a: Wigglytuff|Double-Edge|p1a: Ditto
|-crit|p1a: Ditto
|-damage|p1a: Ditto|0 fnt
|-damage|p2a: Wigglytuff|279\/435|[from] recoil|[of] p1a: Ditto
|faint|p1a: Ditto
|c|★Gooooooooch|gg
|c|★Gooooooooch|fairy netch
|choice|switch 2|
|
|switch|p1a: Wartortle|Wartortle, L85|274\/274
|turn|5
|choice|move 3|move 1
|
|move|p1a: Wartortle|Hydro Pump|p2a: Wigglytuff
|-damage|p2a: Wigglytuff|151\/435
|move|p2a: Wigglytuff|Sing|p1a: Wartortle
|-status|p1a: Wartortle|slp
|
|turn|6
|choice|switch 4|switch 2
|
|switch|p1a: Persian|Persian, L79|265\/265
|switch|p2a: Dragonair|Dragonair, L85|277\/277
|
|turn|7
|choice|move 2|move 3
|
|move|p1a: Persian|Body Slam|p2a: Dragonair
|-crit|p2a: Dragonair
|-damage|p2a: Dragonair|123\/277
|move|p2a: Dragonair|Thunder Wave|p1a: Persian
|-status|p1a: Persian|par
|
|turn|8
|choice|move 1|move 4
|
|move|p2a: Dragonair|Thunder|p1a: Persian
|-damage|p1a: Persian|175\/265 par
|move|p1a: Persian|Slash|p2a: Dragonair
|-crit|p2a: Dragonair
|-damage|p2a: Dragonair|5\/277
|
|turn|9
|choice|move 2|switch 4
|
|switch|p2a: Golem|Golem, L79|288\/288
|move|p1a: Persian|Body Slam|p2a: Golem
|-crit|p2a: Golem
|-resisted|p2a: Golem
|-damage|p2a: Golem|233\/288
|-status|p2a: Golem|par
|
|turn|10
|choice|move 3|move 4
|
|cant|p1a: Persian|par
|move|p2a: Golem|Earthquake|p1a: Persian
|-damage|p1a: Persian|50\/265 par
|
|turn|11
|choice|move 3|move 1
|
|move|p1a: Persian|Bubble Beam|p2a: Golem
|-supereffective|p2a: Golem
|-damage|p2a: Golem|57\/288 par
|-unboost|p2a: Golem|spe|1
|move|p2a: Golem|Body Slam|p1a: Persian
|-damage|p1a: Persian|0 fnt
|faint|p1a: Persian
|choice|switch 3|
|
|switch|p1a: Exeggutor|Exeggutor, L79|312\/312
|turn|12
|choice|move 2|move 3
|
|move|p1a: Exeggutor|Psychic|p2a: Golem
|-damage|p2a: Golem|0 fnt
|faint|p2a: Golem
|choice||switch 5
|
|switch|p2a: Rapidash|Rapidash, L90|300\/300
|turn|13
|choice|switch 5|move 1
|
|switch|p1a: Dragonite|Dragonite, L85|328\/328
|move|p2a: Rapidash|Fire Blast|p1a: Dragonite
|-resisted|p1a: Dragonite
|-damage|p1a: Dragonite|268\/328
|-status|p1a: Dragonite|brn
|
|turn|14
|choice|move 2|switch 3
|
|switch|p2a: Tentacruel|Tentacruel, L85|310\/310
|move|p1a: Dragonite|Ice Beam|p2a: Tentacruel
|-resisted|p2a: Tentacruel
|-damage|p2a: Tentacruel|285\/310
|-damage|p1a: Dragonite|248\/328 brn|[from] brn|[of] p2a: Tentacruel
|
|turn|15
|choice|switch 6|move 3
|
|switch|p1a: Jolteon|Jolteon, L79|265\/265
|move|p2a: Tentacruel|Blizzard|p1a: Jolteon
|-damage|p1a: Jolteon|170\/265
|
|turn|16
|choice|move 1|move 1
|
|move|p1a: Jolteon|Thunderbolt|p2a: Tentacruel
|-supereffective|p2a: Tentacruel
|-damage|p2a: Tentacruel|127\/310
|move|p2a: Tentacruel|Hydro Pump|p1a: Jolteon
|-damage|p1a: Jolteon|22\/265
|
|turn|17
|choice|move 1|move 1
|
|move|p1a: Jolteon|Thunderbolt|p2a: Tentacruel
|-supereffective|p2a: Tentacruel
|-damage|p2a: Tentacruel|0 fnt
|faint|p2a: Tentacruel
|choice||switch 6
|
|switch|p2a: Haunter|Haunter, L85|250\/250
|turn|18
|choice|switch 6|move 2
|
|switch|p1a: Dragonite|Dragonite, L85|248\/328 brn
|-damage|p1a: Dragonite|228\/328 brn|[from] brn
|move|p2a: Haunter|Psychic|p1a: Dragonite
|-damage|p1a: Dragonite|159\/328 brn
|
|turn|19
|choice|move 2|move 4
|
|move|p2a: Haunter|Confuse Ray|p1a: Dragonite
|-start|p1a: Dragonite|confusion
|-activate|p1a: Dragonite|confusion
|-damage|p1a: Dragonite|139\/328 brn|[from] confusion
|-damage|p1a: Dragonite|119\/328 brn|[from] brn|[of] p2a: Haunter
|
|turn|20
|choice|move 2|move 3
|
|move|p2a: Haunter|Thunderbolt|p1a: Dragonite
|-damage|p1a: Dragonite|52\/328 brn
|-activate|p1a: Dragonite|confusion
|move|p1a: Dragonite|Ice Beam|p2a: Haunter
|-damage|p2a: Haunter|195\/250
|-damage|p1a: Dragonite|32\/328 brn|[from] brn|[of] p2a: Haunter
|
|turn|21
|choice|move 2|move 3
|
|move|p2a: Haunter|Thunderbolt|p1a: Dragonite
|-damage|p1a: Dragonite|0 fnt
|faint|p1a: Dragonite
|choice|switch 5|
|
|switch|p1a: Exeggutor|Exeggutor, L79|312\/312
|turn|22
|choice|move 1|switch 4
|
|switch|p2a: Dragonair|Dragonair, L85|5\/277
|move|p1a: Exeggutor|Sleep Powder|p2a: Dragonair
|-status|p2a: Dragonair|slp
|
|turn|23
|choice|move 2|switch 2
|
|switch|p2a: Wigglytuff|Wigglytuff, L90|151\/435
|move|p1a: Exeggutor|Psychic|p2a: Wigglytuff
|-crit|p2a: Wigglytuff
|-damage|p2a: Wigglytuff|0 fnt
|faint|p2a: Wigglytuff
|choice||switch 3
|
|switch|p2a: Rapidash|Rapidash, L90|300\/300
|turn|24
|c|★Gooooooooch|gg
|c|★Iezus|gg
|choice|move 2|move 1
|
|move|p2a: Rapidash|Fire Blast|p1a: Exeggutor
|-supereffective|p1a: Exeggutor
|-damage|p1a: Exeggutor|109\/312
|move|p1a: Exeggutor|Psychic|p2a: Rapidash
|-damage|p2a: Rapidash|198\/300
|
|turn|25
|c|★Gooooooooch|I could miss and you could crit
|c|★Gooooooooch|then you win
|c|★Iezus|lol it will never happen
|c|★Iezus|and you have haunter left
|choice|move 2|move 1
|
|move|p2a: Rapidash|Fire Blast|p1a: Exeggutor|[miss]
|-miss|p2a: Rapidash
|move|p1a: Exeggutor|Psychic|p2a: Rapidash
|-crit|p2a: Rapidash
|-damage|p2a: Rapidash|0 fnt
|faint|p2a: Rapidash
|c|★Iezus|loool
|c|★Gooooooooch|Ohhhhhh
|c|★Gooooooooch|lol
|choice||switch 4
|
|switch|p2a: Haunter|Haunter, L85|195\/250
|turn|26
|c|★Iezus|that was a good prediction
|c|★Gooooooooch|Thanks
|choice|move 2|move 3
|
|move|p2a: Haunter|Thunderbolt|p1a: Exeggutor
|-resisted|p1a: Exeggutor
|-damage|p1a: Exeggutor|77\/312
|move|p1a: Exeggutor|Psychic|p2a: Haunter
|-supereffective|p2a: Haunter
|-damage|p2a: Haunter|30\/250
|
|turn|27
|choice|move 2|move 4
|
|move|p2a: Haunter|Confuse Ray|p1a: Exeggutor
|-start|p1a: Exeggutor|confusion
|-activate|p1a: Exeggutor|confusion
|-damage|p1a: Exeggutor|47\/312|[from] confusion
|
|turn|28
|c|★Gooooooooch|You win my friend
|choice|move 2|move 2
|
|move|p2a: Haunter|Psychic|p1a: Exeggutor
|-resisted|p1a: Exeggutor
|-damage|p1a: Exeggutor|15\/312
|-activate|p1a: Exeggutor|confusion
|-damage|p1a: Exeggutor|0 fnt|[from] confusion
|faint|p1a: Exeggutor
|choice|switch 6|
|
|switch|p1a: Jolteon|Jolteon, L79|22\/265
|turn|29
|c|★Iezus|i didn't expect that...
|choice|move 1|move 4
|
|move|p1a: Jolteon|Thunderbolt|p2a: Haunter
|-crit|p2a: Haunter
|-damage|p2a: Haunter|0 fnt
|faint|p2a: Haunter
|c|★Gooooooooch|I prepare for the worst
|choice||switch 2
|
|switch|p2a: Dragonair|Dragonair, L85|5\/277 slp
|turn|30
|choice|move 1|move 4
|
|move|p1a: Jolteon|Thunderbolt|p2a: Dragonair
|-resisted|p2a: Dragonair
|-damage|p2a: Dragonair|0 fnt
|faint|p2a: Dragonair
|
|win|Iezus
|player|p1
|player|p2