|j|SuperSunaArashi
|j|mackdaddyyoshi
|player|p1|SuperSunaArashi|161
|player|p2|mackdaddyyoshi|117
|gametype|singles
|gen|1
|tier|[Gen 1] Random Battle
|rated
|seed|60464,41461,54848,48142
|rule|Sleep Clause Mod: Limit one foe put to sleep
|rule|Freeze Clause Mod: Limit one foe frozen
|rule|HP Percentage Mod: HP is shown in percentages
|
|start
|switch|p1a: Kangaskhan|Kangaskhan, L85|352\/352
|switch|p2a: Geodude|Geodude, L96|272\/272
|turn|1
|choice|move 4|move 4
|
|move|p1a: Kangaskhan|Surf|p2a: Geodude
|-crit|p2a: Geodude
|-supereffective|p2a: Geodude
|-damage|p2a: Geodude|0 fnt
|faint|p2a: Geodude
|c|★mackdaddyyoshi|bitch
|choice||switch 2
|
|switch|p2a: Magnemite|Magnemite, L96|243\/243
|turn|2
|choice|move 1|move 4
|
|move|p1a: Kangaskhan|Earthquake|p2a: Magnemite
|-supereffective|p2a: Magnemite
|-damage|p2a: Magnemite|107\/243
|move|p2a: Magnemite|Thunder Wave|p1a: Kangaskhan
|-status|p1a: Kangaskhan|par
|
|turn|3
|choice|move 1|switch 5
|
|switch|p2a: Gyarados|Gyarados, L85|335\/335
|cant|p1a: Kangaskhan|par
|
|turn|4
|choice|move 3|move 1
|
|move|p2a: Gyarados|Surf|p1a: Kangaskhan
|-damage|p1a: Kangaskhan|203\/352 par
|move|p1a: Kangaskhan|Hyper Beam|p2a: Gyarados
|-damage|p2a: Gyarados|164\/335
|
|turn|5
|-mustrecharge|p1a: Kangaskhan
|-mustrecharge|p1a: Kangaskhan
|choice|move 1|move 1
|
|move|p2a: Gyarados|Surf|p1a: Kangaskhan
|-damage|p1a: Kangaskhan|54\/352 par
|cant|p1a: Kangaskhan|recharge
|
|turn|6
|choice|move 3|move 1
|
|move|p2a: Gyarados|Surf|p1a: Kangaskhan
|-damage|p1a: Kangaskhan|0 fnt
|faint|p1a: Kangaskhan
|choice|switch 4|
|
|switch|p1a: Blastoise|Blastoise, L85|308\/308
|turn|7
|choice|move 1|move 4
|
|move|p2a: Gyarados|Thunderbolt|p1a: Blastoise
|-supereffective|p1a: Blastoise
|-damage|p1a: Blastoise|162\/308
|move|p1a: Blastoise|Hyper Beam|p2a: Gyarados|[miss]
|-miss|p1a: Blastoise
|
|turn|8
|choice|move 1|move 4
|
|move|p2a: Gyarados|Thunderbolt|p1a: Blastoise
|-supereffective|p1a: Blastoise
|-damage|p1a: Blastoise|22\/308
|move|p1a: Blastoise|Hyper Beam|p2a: Gyarados
|-damage|p2a: Gyarados|62\/335
|
|turn|9
|-mustrecharge|p1a: Blastoise
|-mustrecharge|p1a: Blastoise
|choice|move 1|move 1
|
|move|p2a: Gyarados|Surf|p1a: Blastoise
|-resisted|p1a: Blastoise
|-damage|p1a: Blastoise|0 fnt
|faint|p1a: Blastoise
|choice|switch 5|
|
|switch|p1a: Raticate|Raticate, L85|267\/267
|turn|10
|choice|move 1|move 1
|
|move|p1a: Raticate|Super Fang|p2a: Gyarados
|-damage|p2a: Gyarados|31\/335
|move|p2a: Gyarados|Surf|p1a: Raticate
|-damage|p1a: Raticate|126\/267
|
|turn|11
|choice|move 2|move 1
|
|move|p1a: Raticate|Body Slam|p2a: Gyarados
|-damage|p2a: Gyarados|0 fnt
|faint|p2a: Gyarados
|choice||switch 3
|
|switch|p2a: Alakazam|Alakazam, L79|249\/249
|turn|12
|choice|move 1|move 1
|
|move|p2a: Alakazam|Psychic|p1a: Raticate
|-damage|p1a: Raticate|0 fnt
|faint|p1a: Raticate
|choice|switch 3|
|
|switch|p1a: Parasect|Parasect, L90|291\/291
|turn|13
|choice|move 3|switch 4
|
|switch|p2a: Farfetch'd|Farfetch'd, L99|304\/304
|move|p1a: Parasect|Spore|p2a: Farfetch'd
|-status|p2a: Farfetch'd|slp
|
|turn|14
|choice|move 4|switch 6
|
|switch|p2a: Nidorino|Nidorino, L90|293\/293
|move|p1a: Parasect|Slash|p2a: Nidorino
|-crit|p2a: Nidorino
|-damage|p2a: Nidorino|150\/293
|
|turn|15
|choice|move 1|move 1
|
|move|p2a: Nidorino|Body Slam|p1a: Parasect
|-damage|p1a: Parasect|238\/291
|-status|p1a: Parasect|par
|cant|p1a: Parasect|par
|
|turn|16
|choice|move 1|move 3
|
|move|p2a: Nidorino|Leer|p1a: Parasect
|-unboost|p1a: Parasect|def|1
|move|p1a: Parasect|Body Slam|p2a: Nidorino
|-damage|p2a: Nidorino|67\/293
|-status|p2a: Nidorino|par
|
|turn|17
|choice|move 4|move 4
|
|move|p2a: Nidorino|Rest|p2a: Nidorino
|-status|p2a: Nidorino|slp
|-heal|p2a: Nidorino|293\/293 slp|[silent]
|-status|p2a: Nidorino|slp|[from] move: Rest
|move|p1a: Parasect|Slash|p2a: Nidorino
|-crit|p2a: Nidorino
|-damage|p2a: Nidorino|163\/293 slp
|
|turn|18
|choice|move 4|move 1
|
|cant|p2a: Nidorino|slp
|move|p1a: Parasect|Slash|p2a: Nidorino
|-damage|p2a: Nidorino|100\/293 slp
|
|turn|19
|choice|move 4|move 1
|
|-curestatus|p2a: Nidorino|slp
|move|p1a: Parasect|Slash|p2a: Nidorino
|-damage|p2a: Nidorino|33\/293
|
|turn|20
|choice|move 4|move 4
|
|move|p2a: Nidorino|Rest|p2a: Nidorino
|-status|p2a: Nidorino|slp
|-heal|p2a: Nidorino|293\/293 slp|[silent]
|-status|p2a: Nidorino|slp|[from] move: Rest
|cant|p1a: Parasect|par
|
|turn|21
|choice|move 4|move 1
|
|cant|p2a: Nidorino|slp
|move|p1a: Parasect|Slash|p2a: Nidorino
|-crit|p2a: Nidorino
|-damage|p2a: Nidorino|170\/293 slp
|
|turn|22
|choice|move 4|move 1
|
|-curestatus|p2a: Nidorino|slp
|move|p1a: Parasect|Slash|p2a: Nidorino
|-crit|p2a: Nidorino
|-damage|p2a: Nidorino|47\/293
|
|turn|23
|choice|move 4|move 4
|
|move|p2a: Nidorino|Rest|p2a: Nidorino
|-status|p2a: Nidorino|slp
|-heal|p2a: Nidorino|293\/293 slp|[silent]
|-status|p2a: Nidorino|slp|[from] move: Rest
|move|p1a: Parasect|Slash|p2a: Nidorino
|-damage|p2a: Nidorino|221\/293 slp
|
|turn|24
|choice|move 4|move 1
|
|cant|p2a: Nidorino|slp
|move|p1a: Parasect|Slash|p2a: Nidorino
|-crit|p2a: Nidorino
|-damage|p2a: Nidorino|85\/293 slp
|
|turn|25
|choice|move 4|move 1
|
|-curestatus|p2a: Nidorino|slp
|cant|p1a: Parasect|par
|
|turn|26
|choice|move 1|move 4
|
|move|p2a: Nidorino|Rest|p2a: Nidorino
|-status|p2a: Nidorino|slp
|-heal|p2a: Nidorino|293\/293 slp|[silent]
|-status|p2a: Nidorino|slp|[from] move: Rest
|cant|p1a: Parasect|par
|
|turn|27
|choice|move 4|move 2
|
|cant|p2a: Nidorino|slp
|move|p1a: Parasect|Slash|p2a: Nidorino
|-damage|p2a: Nidorino|220\/293 slp
|
|turn|28
|choice|move 4|move 1
|
|-curestatus|p2a: Nidorino|slp
|move|p1a: Parasect|Slash|p2a: Nidorino
|-damage|p2a: Nidorino|154\/293
|
|turn|29
|choice|move 3|move 1
|
|move|p2a: Nidorino|Body Slam|p1a: Parasect
|-crit|p1a: Parasect
|-damage|p1a: Parasect|132\/291 par
|cant|p1a: Parasect|par
|
|turn|30
|choice|move 3|move 1
|
|move|p2a: Nidorino|Body Slam|p1a: Parasect
|-damage|p1a: Parasect|53\/291 par
|cant|p1a: Parasect|par
|
|turn|31
|choice|switch 2|move 1
|
|switch|p1a: Hitmonlee|Hitmonlee, L90|273\/273
|move|p2a: Nidorino|Body Slam|p1a: Hitmonlee
|-damage|p1a: Hitmonlee|200\/273
|
|turn|32
|choice|move 2|move 2
|
|move|p1a: Hitmonlee|Seismic Toss|p2a: Nidorino
|-damage|p2a: Nidorino|64\/293
|move|p2a: Nidorino|Thunderbolt|p1a: Hitmonlee
|-damage|p1a: Hitmonlee|120\/273
|
|turn|33
|choice|move 2|move 4
|
|move|p1a: Hitmonlee|Seismic Toss|p2a: Nidorino
|-damage|p2a: Nidorino|0 fnt
|faint|p2a: Nidorino
|choice||switch 4
|
|switch|p2a: Alakazam|Alakazam, L79|249\/249
|turn|34
|choice|switch 2|move 1
|
|switch|p1a: Parasect|Parasect, L90|53\/291 par
|move|p2a: Alakazam|Psychic|p1a: Parasect
|-crit|p1a: Parasect
|-damage|p1a: Parasect|0 fnt
|faint|p1a: Parasect
|choice|switch 6|
|
|switch|p1a: Arbok|Arbok, L90|291\/291
|turn|35
|c|★mackdaddyyoshi|gg
|choice|move 4|switch 6
|
|switch|p2a: Farfetch'd|Farfetch'd, L99|304\/304 slp
|move|p1a: Arbok|Glare|p2a: Farfetch'd
|-fail|p2a: Farfetch'd
|
|turn|36
|choice|move 3|move 2
|
|move|p1a: Arbok|Body Slam|p2a: Farfetch'd
|-damage|p2a: Farfetch'd|234\/304 slp
|cant|p2a: Farfetch'd|slp
|
|turn|37
|choice|move 1|move 2
|
|move|p1a: Arbok|Hyper Beam|p2a: Farfetch'd
|-damage|p2a: Farfetch'd|99\/304 slp
|cant|p2a: Farfetch'd|slp
|
|turn|38
|-mustrecharge|p1a: Arbok
|-mustrecharge|p1a: Arbok
|choice|move 1|move 4
|
|cant|p1a: Arbok|recharge
|-curestatus|p2a: Farfetch'd|slp
|
|turn|39
|choice|move 1|move 4
|
|move|p1a: Arbok|Hyper Beam|p2a: Farfetch'd
|-damage|p2a: Farfetch'd|0 fnt
|faint|p2a: Farfetch'd
|choice||switch 5
|
|switch|p2a: Magnemite|Magnemite, L96|107\/243
|turn|40
|choice|move 2|move 4
|
|move|p1a: Arbok|Earthquake|p2a: Magnemite
|-crit|p2a: Magnemite
|-supereffective|p2a: Magnemite
|-damage|p2a: Magnemite|0 fnt
|faint|p2a: Magnemite
|choice||switch 6
|
|switch|p2a: Alakazam|Alakazam, L79|249\/249
|turn|41
|choice|move 4|move 1
|
|move|p2a: Alakazam|Psychic|p1a: Arbok
|-supereffective|p1a: Arbok
|-damage|p1a: Arbok|67\/291
|-unboost|p1a: Arbok|spd|1
|-unboost|p1a: Arbok|spa|1
|move|p1a: Arbok|Glare|p2a: Alakazam
|-status|p2a: Alakazam|par
|
|turn|42
|choice|move 2|move 1
|
|move|p1a: Arbok|Earthquake|p2a: Alakazam
|-damage|p2a: Alakazam|142\/249 par
|move|p2a: Alakazam|Psychic|p1a: Arbok
|-supereffective|p1a: Arbok
|-damage|p1a: Arbok|0 fnt
|faint|p1a: Arbok
|choice|switch 2|
|
|switch|p1a: Hitmonlee|Hitmonlee, L90|120\/273
|turn|43
|choice|move 2|move 1
|
|move|p1a: Hitmonlee|Seismic Toss|p2a: Alakazam
|-damage|p2a: Alakazam|52\/249 par
|cant|p2a: Alakazam|par
|
|turn|44
|choice|move 2|move 1
|
|move|p1a: Hitmonlee|Seismic Toss|p2a: Alakazam
|-damage|p2a: Alakazam|0 fnt
|faint|p2a: Alakazam
|
|win|SuperSunaArashi
|player|p1
|player|p2
|raw|SuperSunaArashi's rating: 1094 &rarr; <strong>1115<\/strong><br \/>(+21 for winning)
|raw|mackdaddyyoshi's rating: 1031 &rarr; <strong>1019<\/strong><br \/>(-12 for losing)
|c|★SuperSunaArashi|gg
|l|mackdaddyyoshi