|j|Whoremaster
|j|Mirabel_
|player|p1|Whoremaster|43
|player|p2|Mirabel_|260
|gametype|singles
|gen|1
|tier|[Gen 1] OU
|seed|24836,56539,58058,60302
|rule|Sleep Clause Mod: Limit one foe put to sleep
|rule|Freeze Clause Mod: Limit one foe frozen
|rule|Species Clause: Limit one of each Pokémon
|rule|OHKO Clause: OHKO moves are banned
|rule|Evasion Moves Clause: Evasion moves are banned
|rule|HP Percentage Mod: HP is shown in percentages
|
|start
|switch|p1a: Alakazam|Alakazam|313\/313
|switch|p2a: フーディン|Alakazam|313\/313
|turn|1
|j|Agarest
|c|★Whoremaster|gl friend
|choice|switch 3|move 1
|
|switch|p1a: Chansey|Chansey|703\/703
|move|p2a: フーディン|Psychic|p1a: Chansey
|-damage|p1a: Chansey|574\/703
|
|turn|2
|choice|switch 2|move 1
|
|switch|p1a: Exeggutor|Exeggutor|393\/393
|move|p2a: フーディン|Psychic|p1a: Exeggutor
|-crit|p1a: Exeggutor
|-resisted|p1a: Exeggutor
|-damage|p1a: Exeggutor|276\/393
|
|turn|3
|choice|move 1|move 4
|
|move|p2a: フーディン|Seismic Toss|p1a: Exeggutor
|-damage|p1a: Exeggutor|176\/393
|move|p1a: Exeggutor|Sleep Powder|p2a: フーディン
|-status|p2a: フーディン|slp
|
|turn|4
|choice|move 2|move 1
|
|cant|p2a: フーディン|slp
|move|p1a: Exeggutor|Stun Spore|p2a: フーディン
|-fail|p2a: フーディン
|
|turn|5
|choice|move 3|switch 5
|
|switch|p2a: ナッシー|Exeggutor|393\/393
|move|p1a: Exeggutor|Psychic|p2a: ナッシー
|-resisted|p2a: ナッシー
|-damage|p2a: ナッシー|341\/393
|
|turn|6
|choice|switch 3|move 1
|
|switch|p1a: Alakazam|Alakazam|313\/313
|move|p2a: ナッシー|Sleep Powder|p1a: Alakazam
|-status|p1a: Alakazam|slp
|
|turn|7
|choice|switch 3|switch 3
|
|switch|p1a: Exeggutor|Exeggutor|176\/393
|switch|p2a: カビゴン|Snorlax|523\/523
|
|turn|8
|choice|move 3|move 4
|
|move|p1a: Exeggutor|Psychic|p2a: カビゴン
|-crit|p2a: カビゴン
|-damage|p2a: カビゴン|218\/523
|move|p2a: カビゴン|Hyper Beam|p1a: Exeggutor
|-damage|p1a: Exeggutor|0 fnt
|faint|p1a: Exeggutor
|j|Mista Jay
|choice|switch 2|
|
|switch|p1a: Chansey|Chansey|574\/703
|turn|9
|l|Mista Jay
|choice|switch 5|move 3
|
|switch|p1a: Golem|Golem|363\/363
|move|p2a: カビゴン|Self-Destruct|p1a: Golem
|-resisted|p1a: Golem
|-damage|p1a: Golem|229\/363
|faint|p2a: カビゴン
|choice||switch 3
|
|switch|p2a: ナッシー|Exeggutor|341\/393
|turn|10
|choice|switch 5|move 2
|
|switch|p1a: Chansey|Chansey|574\/703
|move|p2a: ナッシー|Psychic|p1a: Chansey
|-damage|p1a: Chansey|452\/703
|-unboost|p1a: Chansey|spd|1
|-unboost|p1a: Chansey|spa|1
|
|turn|11
|choice|move 3|move 2
|
|move|p2a: ナッシー|Psychic|p1a: Chansey
|-damage|p1a: Chansey|262\/703
|move|p1a: Chansey|Thunder Wave|p2a: ナッシー
|-status|p2a: ナッシー|par
|
|turn|12
|choice|switch 3|move 3
|
|switch|p1a: Alakazam|Alakazam|313\/313 slp
|cant|p2a: ナッシー|par
|
|turn|13
|choice|move 2|move 2
|
|cant|p1a: Alakazam|slp
|move|p2a: ナッシー|Psychic|p1a: Alakazam
|-resisted|p1a: Alakazam
|-damage|p1a: Alakazam|263\/313 slp
|-unboost|p1a: Alakazam|spd|1
|-unboost|p1a: Alakazam|spa|1
|
|turn|14
|choice|switch 3|move 2
|
|switch|p1a: Chansey|Chansey|262\/703
|move|p2a: ナッシー|Psychic|p1a: Chansey
|-damage|p1a: Chansey|147\/703
|
|turn|15
|choice|move 4|move 2
|
|move|p1a: Chansey|Soft-Boiled|p1a: Chansey
|-heal|p1a: Chansey|498\/703
|cant|p2a: ナッシー|par
|
|turn|16
|choice|switch 5|switch 6
|
|switch|p1a: Golem|Golem|229\/363
|switch|p2a: スターミー|Starmie|323\/323
|
|turn|17
|choice|switch 5|move 2
|
|switch|p1a: Chansey|Chansey|498\/703
|move|p2a: スターミー|Blizzard|p1a: Chansey
|-damage|p1a: Chansey|408\/703
|
|turn|18
|choice|move 1|switch 4
|
|switch|p2a: ラッキー|Chansey|703\/703
|move|p1a: Chansey|Ice Beam|p2a: ラッキー
|-damage|p2a: ラッキー|629\/703
|
|turn|19
|choice|move 4|move 4
|
|move|p2a: ラッキー|Thunderbolt|p1a: Chansey
|-damage|p1a: Chansey|334\/703
|move|p1a: Chansey|Soft-Boiled|p1a: Chansey
|-heal|p1a: Chansey|685\/703
|
|turn|20
|j|quirozm
|choice|move 1|move 3
|
|move|p2a: ラッキー|Ice Beam|p1a: Chansey
|-damage|p1a: Chansey|612\/703
|move|p1a: Chansey|Ice Beam|p2a: ラッキー
|-damage|p2a: ラッキー|560\/703
|
|turn|21
|c|★Whoremaster|dont like these lol
|c|★Whoremaster|lets paralysed eachother to make the game more fun
|c|★Whoremaster|u first tho
|choice|move 1|move 3
|
|move|p2a: ラッキー|Ice Beam|p1a: Chansey
|-damage|p1a: Chansey|536\/703
|move|p1a: Chansey|Ice Beam|p2a: ラッキー
|-damage|p2a: ラッキー|482\/703
|
|turn|22
|choice|move 3|move 3
|
|move|p2a: ラッキー|Ice Beam|p1a: Chansey
|-damage|p1a: Chansey|464\/703
|-status|p1a: Chansey|frz
|cant|p1a: Chansey|frz
|
|turn|23
|c|★Whoremaster|grr
|choice|switch 4|move 3
|
|switch|p1a: Snorlax|Snorlax|523\/523
|move|p2a: ラッキー|Ice Beam|p1a: Snorlax
|-crit|p1a: Snorlax
|-damage|p1a: Snorlax|312\/523
|
|turn|24
|choice|move 1|switch 6
|
|switch|p2a: ナッシー|Exeggutor|341\/393 par
|move|p1a: Snorlax|Amnesia|p1a: Snorlax
|-boost|p1a: Snorlax|spd|2
|-boost|p1a: Snorlax|spa|2
|
|turn|25
|choice|switch 5|move 4
|
|switch|p1a: Golem|Golem|229\/363
|move|p2a: ナッシー|Stun Spore|p1a: Golem
|-status|p1a: Golem|par
|
|turn|26
|c|★Whoremaster|not a fan of that
|l|quirozm
|choice|move 4|move 2
|
|move|p1a: Golem|Explosion|p2a: ナッシー
|-crit|p2a: ナッシー
|-damage|p2a: ナッシー|0 fnt
|faint|p2a: ナッシー
|faint|p1a: Golem
|choice|switch 6|switch 4
|
|switch|p2a: スターミー|Starmie|323\/323
|switch|p1a: Tauros|Tauros|353\/353
|turn|27
|choice|switch 5|move 3
|
|switch|p1a: Snorlax|Snorlax|312\/523
|move|p2a: スターミー|Thunder Wave|p1a: Snorlax
|-status|p1a: Snorlax|par
|
|turn|28
|choice|move 1|move 2
|
|move|p2a: スターミー|Blizzard|p1a: Snorlax
|-damage|p1a: Snorlax|180\/523 par
|move|p1a: Snorlax|Amnesia|p1a: Snorlax
|-boost|p1a: Snorlax|spd|2
|-boost|p1a: Snorlax|spa|2
|
|turn|29
|choice|move 4|move 2
|
|move|p2a: スターミー|Blizzard|p1a: Snorlax
|-damage|p1a: Snorlax|117\/523 par
|move|p1a: Snorlax|Rest|p1a: Snorlax
|-status|p1a: Snorlax|slp
|-heal|p1a: Snorlax|523\/523 slp|[silent]
|-status|p1a: Snorlax|slp|[from] move: Rest
|
|turn|30
|choice|move 3|switch 2
|
|switch|p2a: ケンタロス|Tauros|353\/353
|cant|p1a: Snorlax|slp
|
|turn|31
|choice|move 3|move 1
|
|move|p2a: ケンタロス|Body Slam|p1a: Snorlax
|-damage|p1a: Snorlax|400\/523 slp
|-curestatus|p1a: Snorlax|slp
|
|turn|32
|choice|move 3|move 1
|
|move|p2a: ケンタロス|Body Slam|p1a: Snorlax
|-damage|p1a: Snorlax|267\/523
|move|p1a: Snorlax|Psychic|p2a: ケンタロス
|-damage|p2a: ケンタロス|222\/353
|-unboost|p2a: ケンタロス|spd|1
|-unboost|p2a: ケンタロス|spa|1
|
|turn|33
|choice|move 4|move 1
|
|move|p2a: ケンタロス|Body Slam|p1a: Snorlax
|-crit|p1a: Snorlax
|-damage|p1a: Snorlax|0 fnt
|faint|p1a: Snorlax
|c|★Whoremaster|:(
|choice|switch 5|
|
|switch|p1a: Tauros|Tauros|353\/353
|turn|34
|c|★Mirabel_|no ands ifs
|c|★Mirabel_|or butts
|choice|move 1|move 1
|
|move|p1a: Tauros|Body Slam|p2a: ケンタロス
|-crit|p2a: ケンタロス
|-damage|p2a: ケンタロス|28\/353
|move|p2a: ケンタロス|Body Slam|p1a: Tauros
|-crit|p1a: Tauros
|-damage|p1a: Tauros|165\/353
|
|turn|35
|choice|move 1|move 2
|
|move|p1a: Tauros|Body Slam|p2a: ケンタロス
|-crit|p2a: ケンタロス
|-damage|p2a: ケンタロス|0 fnt
|faint|p2a: ケンタロス
|choice||switch 2
|
|switch|p2a: スターミー|Starmie|323\/323
|turn|36
|c|★Whoremaster|crit life
|choice|switch 3|move 2
|
|switch|p1a: Alakazam|Alakazam|263\/313 slp
|move|p2a: スターミー|Blizzard|p1a: Alakazam|[miss]
|-miss|p2a: スターミー
|
|turn|37
|c|★Whoremaster|whyd it have to be a freeze war m8
|choice|move 3|switch 6
|
|switch|p2a: ラッキー|Chansey|482\/703
|cant|p1a: Alakazam|slp
|
|turn|38
|choice|move 3|move 4
|
|cant|p1a: Alakazam|slp
|move|p2a: ラッキー|Thunderbolt|p1a: Alakazam
|-damage|p1a: Alakazam|203\/313 slp
|
|turn|39
|choice|move 3|move 4
|
|cant|p1a: Alakazam|slp
|move|p2a: ラッキー|Thunderbolt|p1a: Alakazam
|-damage|p1a: Alakazam|144\/313 slp
|
|turn|40
|choice|move 4|move 4
|
|cant|p1a: Alakazam|slp
|move|p2a: ラッキー|Thunderbolt|p1a: Alakazam
|-damage|p1a: Alakazam|83\/313 slp
|
|turn|41
|choice|move 4|move 4
|
|-curestatus|p1a: Alakazam|slp
|move|p2a: ラッキー|Thunderbolt|p1a: Alakazam
|-damage|p1a: Alakazam|24\/313
|
|turn|42
|choice|move 4|move 2
|
|move|p1a: Alakazam|Recover|p1a: Alakazam
|-heal|p1a: Alakazam|180\/313
|move|p2a: ラッキー|Thunder Wave|p1a: Alakazam
|-status|p1a: Alakazam|par
|
|turn|43
|choice|move 3|move 4
|
|move|p2a: ラッキー|Thunderbolt|p1a: Alakazam
|-damage|p1a: Alakazam|119\/313 par
|move|p1a: Alakazam|Thunder Wave|p2a: ラッキー
|-status|p2a: ラッキー|par
|
|turn|44
|choice|move 4|move 4
|
|move|p1a: Alakazam|Recover|p1a: Alakazam
|-heal|p1a: Alakazam|275\/313 par
|cant|p2a: ラッキー|par
|
|turn|45
|choice|move 1|move 4
|
|move|p1a: Alakazam|Psychic|p2a: ラッキー
|-crit|p2a: ラッキー
|-damage|p2a: ラッキー|249\/703 par
|cant|p2a: ラッキー|par
|
|turn|46
|choice|move 1|move 1
|
|move|p1a: Alakazam|Psychic|p2a: ラッキー
|-damage|p2a: ラッキー|128\/703 par
|move|p2a: ラッキー|Soft-Boiled|p2a: ラッキー
|-heal|p2a: ラッキー|479\/703 par
|
|turn|47
|choice|move 1|move 4
|
|move|p1a: Alakazam|Psychic|p2a: ラッキー
|-damage|p2a: ラッキー|349\/703 par
|move|p2a: ラッキー|Thunderbolt|p1a: Alakazam
|-damage|p1a: Alakazam|211\/313 par
|
|turn|48
|choice|move 1|move 1
|
|cant|p1a: Alakazam|par
|move|p2a: ラッキー|Soft-Boiled|p2a: ラッキー
|-heal|p2a: ラッキー|700\/703 par
|
|turn|49
|choice|move 1|move 4
|
|move|p1a: Alakazam|Psychic|p2a: ラッキー
|-crit|p2a: ラッキー
|-damage|p2a: ラッキー|470\/703 par
|cant|p2a: ラッキー|par
|
|turn|50
|choice|move 2|move 4
|
|move|p1a: Alakazam|Seismic Toss|p2a: ラッキー
|-damage|p2a: ラッキー|370\/703 par
|move|p2a: ラッキー|Thunderbolt|p1a: Alakazam
|-damage|p1a: Alakazam|151\/313 par
|
|turn|51
|choice|move 4|move 1
|
|move|p1a: Alakazam|Recover|p1a: Alakazam
|-heal|p1a: Alakazam|307\/313 par
|move|p2a: ラッキー|Soft-Boiled|p2a: ラッキー
|-heal|p2a: ラッキー|703\/703 par
|
|turn|52
|choice|move 3|move 4
|
|move|p1a: Alakazam|Thunder Wave|p2a: ラッキー
|-fail|p2a: ラッキー|par
|move|p2a: ラッキー|Thunderbolt|p1a: Alakazam
|-damage|p1a: Alakazam|249\/313 par
|
|turn|53
|choice|move 2|move 4
|
|cant|p1a: Alakazam|par
|move|p2a: ラッキー|Thunderbolt|p1a: Alakazam
|-damage|p1a: Alakazam|183\/313 par
|
|turn|54
|choice|move 1|move 4
|
|move|p1a: Alakazam|Psychic|p2a: ラッキー
|-crit|p2a: ラッキー
|-damage|p2a: ラッキー|465\/703 par
|-unboost|p2a: ラッキー|spd|1
|-unboost|p2a: ラッキー|spa|1
|cant|p2a: ラッキー|par
|
|turn|55
|choice|move 2|switch 5
|
|switch|p2a: フーディン|Alakazam|313\/313 slp
|move|p1a: Alakazam|Seismic Toss|p2a: フーディン
|-damage|p2a: フーディン|213\/313 slp
|
|turn|56
|choice|move 2|move 1
|
|cant|p2a: フーディン|slp
|cant|p1a: Alakazam|par
|
|turn|57
|choice|move 2|move 1
|
|-curestatus|p2a: フーディン|slp
|move|p1a: Alakazam|Seismic Toss|p2a: フーディン
|-damage|p2a: フーディン|113\/313
|
|turn|58
|choice|move 2|move 3
|
|move|p2a: フーディン|Recover|p2a: フーディン
|-heal|p2a: フーディン|269\/313
|move|p1a: Alakazam|Seismic Toss|p2a: フーディン
|-damage|p2a: フーディン|169\/313
|
|turn|59
|choice|move 3|move 4
|
|move|p2a: フーディン|Seismic Toss|p1a: Alakazam
|-damage|p1a: Alakazam|83\/313 par
|move|p1a: Alakazam|Thunder Wave|p2a: フーディン
|-status|p2a: フーディン|par
|
|turn|60
|c|★Whoremaster|2 turn wake up :'(
|choice|move 4|move 4
|
|move|p1a: Alakazam|Recover|p1a: Alakazam
|-heal|p1a: Alakazam|239\/313 par
|cant|p2a: フーディン|par
|
|turn|61
|choice|move 2|move 3
|
|move|p2a: フーディン|Recover|p2a: フーディン
|-heal|p2a: フーディン|313\/313 par
|move|p1a: Alakazam|Seismic Toss|p2a: フーディン
|-damage|p2a: フーディン|213\/313 par
|
|turn|62
|choice|move 2|move 4
|
|move|p1a: Alakazam|Seismic Toss|p2a: フーディン
|-damage|p2a: フーディン|113\/313 par
|move|p2a: フーディン|Seismic Toss|p1a: Alakazam
|-damage|p1a: Alakazam|139\/313 par
|
|turn|63
|choice|move 2|move 3
|
|cant|p1a: Alakazam|par
|move|p2a: フーディン|Recover|p2a: フーディン
|-heal|p2a: フーディン|269\/313 par
|
|turn|64
|choice|move 4|move 1
|
|cant|p1a: Alakazam|par
|move|p2a: フーディン|Psychic|p1a: Alakazam
|-resisted|p1a: Alakazam
|-damage|p1a: Alakazam|83\/313 par
|-unboost|p1a: Alakazam|spd|1
|-unboost|p1a: Alakazam|spa|1
|
|turn|65
|choice|move 4|move 4
|
|cant|p2a: フーディン|par
|move|p1a: Alakazam|Recover|p1a: Alakazam
|-heal|p1a: Alakazam|239\/313 par
|
|turn|66
|choice|switch 4|move 1
|
|switch|p1a: Chansey|Chansey|464\/703 frz
|cant|p2a: フーディン|par
|
|turn|67
|choice|switch 4|move 2
|
|switch|p1a: Alakazam|Alakazam|239\/313 par
|move|p2a: フーディン|Thunder Wave|p1a: Alakazam
|-fail|p1a: Alakazam|par
|
|turn|68
|choice|move 2|move 1
|
|cant|p2a: フーディン|par
|move|p1a: Alakazam|Seismic Toss|p2a: フーディン
|-damage|p2a: フーディン|169\/313 par
|
|turn|69
|choice|move 2|move 3
|
|move|p2a: フーディン|Recover|p2a: フーディン
|-heal|p2a: フーディン|313\/313 par
|move|p1a: Alakazam|Seismic Toss|p2a: フーディン
|-damage|p2a: フーディン|213\/313 par
|
|turn|70
|choice|move 2|move 3
|
|cant|p2a: フーディン|par
|move|p1a: Alakazam|Seismic Toss|p2a: フーディン
|-damage|p2a: フーディン|113\/313 par
|
|turn|71
|choice|move 2|move 3
|
|move|p2a: フーディン|Recover|p2a: フーディン
|-heal|p2a: フーディン|269\/313 par
|move|p1a: Alakazam|Seismic Toss|p2a: フーディン
|-damage|p2a: フーディン|169\/313 par
|
|turn|72
|choice|move 2|move 3
|
|move|p1a: Alakazam|Seismic Toss|p2a: フーディン
|-damage|p2a: フーディン|69\/313 par
|move|p2a: フーディン|Recover|p2a: フーディン
|-heal|p2a: フーディン|225\/313 par
|
|turn|73
|choice|move 2|move 3
|
|move|p1a: Alakazam|Seismic Toss|p2a: フーディン
|-damage|p2a: フーディン|125\/313 par
|move|p2a: フーディン|Recover|p2a: フーディン
|-heal|p2a: フーディン|281\/313 par
|
|turn|74
|choice|move 2|move 4
|
|move|p1a: Alakazam|Seismic Toss|p2a: フーディン
|-damage|p2a: フーディン|181\/313 par
|move|p2a: フーディン|Seismic Toss|p1a: Alakazam
|-damage|p1a: Alakazam|139\/313 par
|
|turn|75
|choice|move 4|move 4
|
|move|p1a: Alakazam|Recover|p1a: Alakazam
|-heal|p1a: Alakazam|295\/313 par
|move|p2a: フーディン|Seismic Toss|p1a: Alakazam
|-damage|p1a: Alakazam|195\/313 par
|
|turn|76
|choice|move 4|move 3
|
|move|p1a: Alakazam|Recover|p1a: Alakazam
|-heal|p1a: Alakazam|313\/313 par
|move|p2a: フーディン|Recover|p2a: フーディン
|-heal|p2a: フーディン|313\/313 par
|
|turn|77
|choice|move 3|move 1
|
|move|p1a: Alakazam|Thunder Wave|p2a: フーディン
|-fail|p2a: フーディン|par
|move|p2a: フーディン|Psychic|p1a: Alakazam
|-resisted|p1a: Alakazam
|-damage|p1a: Alakazam|263\/313 par
|-unboost|p1a: Alakazam|spd|1
|-unboost|p1a: Alakazam|spa|1
|
|turn|78
|j|eeveelution eevee
|choice|switch 4|move 4
|
|switch|p1a: Chansey|Chansey|464\/703 frz
|move|p2a: フーディン|Seismic Toss|p1a: Chansey
|-damage|p1a: Chansey|364\/703 frz
|
|turn|79
|j|pokeju
|choice|move 4|move 4
|
|cant|p1a: Chansey|frz
|move|p2a: フーディン|Seismic Toss|p1a: Chansey
|-damage|p1a: Chansey|264\/703 frz
|
|turn|80
|choice|switch 4|move 4
|
|switch|p1a: Alakazam|Alakazam|263\/313 par
|move|p2a: フーディン|Seismic Toss|p1a: Alakazam
|-damage|p1a: Alakazam|163\/313 par
|
|turn|81
|choice|move 4|move 4
|
|move|p1a: Alakazam|Recover|p1a: Alakazam
|-heal|p1a: Alakazam|313\/313 par
|move|p2a: フーディン|Seismic Toss|p1a: Alakazam
|-damage|p1a: Alakazam|213\/313 par
|
|turn|82
|choice|move 2|move 1
|
|cant|p2a: フーディン|par
|move|p1a: Alakazam|Seismic Toss|p2a: フーディン
|-damage|p2a: フーディン|213\/313 par
|
|turn|83
|j|Pr0n Snow
|choice|move 2|move 3
|
|cant|p1a: Alakazam|par
|move|p2a: フーディン|Recover|p2a: フーディン
|-heal|p2a: フーディン|313\/313 par
|
|turn|84
|choice|move 3|move 1
|
|move|p2a: フーディン|Psychic|p1a: Alakazam
|-crit|p1a: Alakazam
|-resisted|p1a: Alakazam
|-damage|p1a: Alakazam|111\/313 par
|move|p1a: Alakazam|Thunder Wave|p2a: フーディン
|-fail|p2a: フーディン|par
|
|turn|85
|choice|move 4|move 1
|
|move|p2a: フーディン|Psychic|p1a: Alakazam
|-crit|p1a: Alakazam
|-resisted|p1a: Alakazam
|-damage|p1a: Alakazam|7\/313 par
|move|p1a: Alakazam|Recover|p1a: Alakazam
|-heal|p1a: Alakazam|163\/313 par
|
|turn|86
|choice|move 4|move 1
|
|move|p2a: フーディン|Psychic|p1a: Alakazam
|-resisted|p1a: Alakazam
|-damage|p1a: Alakazam|110\/313 par
|move|p1a: Alakazam|Recover|p1a: Alakazam
|-heal|p1a: Alakazam|266\/313 par
|
|turn|87
|l|pokeju
|j|TonyRBY
|choice|move 2|move 1
|
|move|p2a: フーディン|Psychic|p1a: Alakazam
|-resisted|p1a: Alakazam
|-damage|p1a: Alakazam|213\/313 par
|move|p1a: Alakazam|Seismic Toss|p2a: フーディン
|-damage|p2a: フーディン|213\/313 par
|
|turn|88
|c|★Whoremaster|this nig waking up rly ruined my day
|choice|move 3|move 3
|
|cant|p2a: フーディン|par
|move|p1a: Alakazam|Thunder Wave|p2a: フーディン
|-fail|p2a: フーディン|par
|
|turn|89
|choice|move 3|move 3
|
|move|p2a: フーディン|Recover|p2a: フーディン
|-heal|p2a: フーディン|313\/313 par
|move|p1a: Alakazam|Thunder Wave|p2a: フーディン
|-fail|p2a: フーディン|par
|
|turn|90
|c|★Mirabel_|you started it
|c|★Whoremaster|took me like 6 turns tho lol
|l|eeveelution eevee
|c|★Mirabel_|lol
|c|★Whoremaster|didnt think id get him in time
|choice|move 3|move 1
|
|move|p2a: フーディン|Psychic|p1a: Alakazam
|-resisted|p1a: Alakazam
|-damage|p1a: Alakazam|162\/313 par
|-unboost|p1a: Alakazam|spd|1
|-unboost|p1a: Alakazam|spa|1
|move|p1a: Alakazam|Thunder Wave|p2a: フーディン
|-fail|p2a: フーディン|par
|
|turn|91
|choice|move 4|move 4
|
|move|p2a: フーディン|Seismic Toss|p1a: Alakazam
|-damage|p1a: Alakazam|62\/313 par
|move|p1a: Alakazam|Recover|p1a: Alakazam
|-heal|p1a: Alakazam|218\/313 par
|
|turn|92
|choice|switch 4|move 4
|
|switch|p1a: Chansey|Chansey|264\/703 frz
|move|p2a: フーディン|Seismic Toss|p1a: Chansey
|-damage|p1a: Chansey|164\/703 frz
|
|turn|93
|choice|switch 4|move 4
|
|switch|p1a: Alakazam|Alakazam|218\/313 par
|move|p2a: フーディン|Seismic Toss|p1a: Alakazam
|-damage|p1a: Alakazam|118\/313 par
|
|turn|94
|choice|move 4|move 1
|
|move|p2a: フーディン|Psychic|p1a: Alakazam
|-resisted|p1a: Alakazam
|-damage|p1a: Alakazam|63\/313 par
|move|p1a: Alakazam|Recover|p1a: Alakazam
|-heal|p1a: Alakazam|219\/313 par
|
|turn|95
|choice|move 1|move 4
|
|move|p2a: フーディン|Seismic Toss|p1a: Alakazam
|-damage|p1a: Alakazam|119\/313 par
|move|p1a: Alakazam|Psychic|p2a: フーディン
|-crit|p2a: フーディン
|-resisted|p2a: フーディン
|-damage|p2a: フーディン|219\/313 par
|
|turn|96
|choice|move 4|move 4
|
|move|p1a: Alakazam|Recover|p1a: Alakazam
|-heal|p1a: Alakazam|275\/313 par
|cant|p2a: フーディン|par
|
|turn|97
|c| Pr0n Snow|2 paralyzed zams, a frozen chansey, and a tauros at half health
|c| Pr0n Snow|your typical rby stallout
|c|★Whoremaster|he got a healthy starmie too
|c|★Whoremaster|a starmie in the prime of its life
|l|TonyRBY
|choice|move 1|move 2
|
|move|p1a: Alakazam|Psychic|p2a: フーディン
|-crit|p2a: フーディン
|-resisted|p2a: フーディン
|-damage|p2a: フーディン|115\/313 par
|cant|p2a: フーディン|par
|
|turn|98
|c| Pr0n Snow|that starmie is just using botox
|c|★Mirabel_|you're more than a superstar
|choice|move 2|move 3
|
|cant|p2a: フーディン|par
|cant|p1a: Alakazam|par
|
|turn|99
|choice|move 2|move 3
|
|move|p2a: フーディン|Recover|p2a: フーディン
|-heal|p2a: フーディン|271\/313 par
|move|p1a: Alakazam|Seismic Toss|p2a: フーディン
|-damage|p2a: フーディン|171\/313 par
|
|turn|100
|choice|move 2|move 3
|
|cant|p1a: Alakazam|par
|move|p2a: フーディン|Recover|p2a: フーディン
|-heal|p2a: フーディン|313\/313 par
|
|turn|101
|c|★Whoremaster|ima flip a coin
|c|★Whoremaster|heads or tails?
|choice|move 2|move 1
|
|move|p2a: フーディン|Psychic|p1a: Alakazam
|-resisted|p1a: Alakazam
|-damage|p1a: Alakazam|224\/313 par
|-unboost|p1a: Alakazam|spd|1
|-unboost|p1a: Alakazam|spa|1
|move|p1a: Alakazam|Seismic Toss|p2a: フーディン
|-damage|p2a: フーディン|213\/313 par
|
|turn|102
|c| Pr0n Snow|lel
|c|★Whoremaster|every time u psychic i get a spec drop
|choice|switch 4|move 4
|
|switch|p1a: Chansey|Chansey|164\/703 frz
|move|p2a: フーディン|Seismic Toss|p1a: Chansey
|-damage|p1a: Chansey|64\/703 frz
|
|turn|103
|c| Pr0n Snow|i want to make a gen 1 coin
|choice|switch 4|move 1
|
|switch|p1a: Alakazam|Alakazam|224\/313 par
|move|p2a: フーディン|Psychic|p1a: Alakazam
|-crit|p1a: Alakazam
|-resisted|p1a: Alakazam
|-damage|p1a: Alakazam|117\/313 par
|
|turn|104
|c| Pr0n Snow|heads frozen chansey
|c| Pr0n Snow|tails hyper beam crit
|choice|move 4|move 1
|
|move|p2a: フーディン|Psychic|p1a: Alakazam
|-resisted|p1a: Alakazam
|-damage|p1a: Alakazam|61\/313 par
|move|p1a: Alakazam|Recover|p1a: Alakazam
|-heal|p1a: Alakazam|217\/313 par
|
|turn|105
|choice|move 4|move 3
|
|move|p2a: フーディン|Recover|p2a: フーディン
|-heal|p2a: フーディン|313\/313 par
|move|p1a: Alakazam|Recover|p1a: Alakazam
|-heal|p1a: Alakazam|313\/313 par
|
|turn|106
|choice|move 3|move 2
|
|move|p2a: フーディン|Thunder Wave|p1a: Alakazam
|-fail|p1a: Alakazam|par
|move|p1a: Alakazam|Thunder Wave|p2a: フーディン
|-fail|p2a: フーディン|par
|
|turn|107
|choice|move 3|move 1
|
|move|p1a: Alakazam|Thunder Wave|p2a: フーディン
|-fail|p2a: フーディン|par
|move|p2a: フーディン|Psychic|p1a: Alakazam
|-crit|p1a: Alakazam
|-resisted|p1a: Alakazam
|-damage|p1a: Alakazam|203\/313 par
|
|turn|108
|choice|move 1|move 2
|
|move|p1a: Alakazam|Psychic|p2a: フーディン
|-resisted|p2a: フーディン
|-damage|p2a: フーディン|261\/313 par
|move|p2a: フーディン|Thunder Wave|p1a: Alakazam
|-fail|p1a: Alakazam|par
|
|turn|109
|c|★Whoremaster|crit life
|choice|move 1|move 2
|
|cant|p1a: Alakazam|par
|move|p2a: フーディン|Thunder Wave|p1a: Alakazam
|-fail|p1a: Alakazam|par
|
|turn|110
|choice|move 1|move 2
|
|move|p1a: Alakazam|Psychic|p2a: フーディン
|-resisted|p2a: フーディン
|-damage|p2a: フーディン|206\/313 par
|-unboost|p2a: フーディン|spd|1
|-unboost|p2a: フーディン|spa|1
|move|p2a: フーディン|Thunder Wave|p1a: Alakazam
|-fail|p1a: Alakazam|par
|
|turn|111
|choice|move 4|move 3
|
|move|p1a: Alakazam|Recover|p1a: Alakazam
|-heal|p1a: Alakazam|313\/313 par
|move|p2a: フーディン|Recover|p2a: フーディン
|-heal|p2a: フーディン|313\/313 par
|
|turn|112
|choice|move 2|switch 5
|
|switch|p2a: ラッキー|Chansey|465\/703 par
|move|p1a: Alakazam|Seismic Toss|p2a: ラッキー
|-damage|p2a: ラッキー|365\/703 par
|
|turn|113
|choice|move 2|move 2
|
|move|p1a: Alakazam|Seismic Toss|p2a: ラッキー
|-damage|p2a: ラッキー|265\/703 par
|move|p2a: ラッキー|Thunder Wave|p1a: Alakazam
|-fail|p1a: Alakazam|par
|
|turn|114
|choice|move 2|move 1
|
|move|p1a: Alakazam|Seismic Toss|p2a: ラッキー
|-damage|p2a: ラッキー|165\/703 par
|cant|p2a: ラッキー|par
|
|turn|115
|choice|move 1|move 1
|
|move|p1a: Alakazam|Psychic|p2a: ラッキー
|-damage|p2a: ラッキー|44\/703 par
|move|p2a: ラッキー|Soft-Boiled|p2a: ラッキー
|-heal|p2a: ラッキー|395\/703 par
|
|turn|116
|c| Pr0n Snow|rip
|choice|move 1|move 1
|
|move|p1a: Alakazam|Psychic|p2a: ラッキー
|-damage|p2a: ラッキー|276\/703 par
|move|p2a: ラッキー|Soft-Boiled|p2a: ラッキー
|-heal|p2a: ラッキー|627\/703 par
|
|turn|117
|choice|move 3|move 2
|
|move|p1a: Alakazam|Thunder Wave|p2a: ラッキー
|-fail|p2a: ラッキー|par
|move|p2a: ラッキー|Thunder Wave|p1a: Alakazam
|-fail|p1a: Alakazam|par
|
|turn|118
|choice|move 3|move 2
|
|cant|p1a: Alakazam|par
|move|p2a: ラッキー|Thunder Wave|p1a: Alakazam
|-fail|p1a: Alakazam|par
|
|turn|119
|c| Pr0n Snow|mira definitely won
|choice|move 3|switch 5
|
|switch|p2a: フーディン|Alakazam|313\/313 par
|move|p1a: Alakazam|Thunder Wave|p2a: フーディン
|-fail|p2a: フーディン|par
|
|turn|120
|c|★Whoremaster|pr0n
|c| Pr0n Snow|i think the japanese names are good luck
|c|★Whoremaster|have faith
|c| Pr0n Snow|no
|c| Pr0n Snow|i will not
|c|★Whoremaster|1v1 u little cunt
|choice|move 2|move 4
|
|move|p1a: Alakazam|Seismic Toss|p2a: フーディン
|-damage|p2a: フーディン|213\/313 par
|move|p2a: フーディン|Seismic Toss|p1a: Alakazam
|-damage|p1a: Alakazam|213\/313 par
|
|turn|121
|choice|move 2|move 3
|
|move|p1a: Alakazam|Seismic Toss|p2a: フーディン
|-damage|p2a: フーディン|113\/313 par
|move|p2a: フーディン|Recover|p2a: フーディン
|-heal|p2a: フーディン|269\/313 par
|
|turn|122
|c| Pr0n Snow|starmie
|choice|move 2|move 4
|
|cant|p1a: Alakazam|par
|move|p2a: フーディン|Seismic Toss|p1a: Alakazam
|-damage|p1a: Alakazam|113\/313 par
|
|turn|123
|choice|move 4|move 1
|
|move|p1a: Alakazam|Recover|p1a: Alakazam
|-heal|p1a: Alakazam|269\/313 par
|cant|p2a: フーディン|par
|
|turn|124
|choice|move 2|move 4
|
|move|p2a: フーディン|Seismic Toss|p1a: Alakazam
|-damage|p1a: Alakazam|169\/313 par
|move|p1a: Alakazam|Seismic Toss|p2a: フーディン
|-damage|p2a: フーディン|169\/313 par
|
|turn|125
|choice|move 4|move 3
|
|move|p1a: Alakazam|Recover|p1a: Alakazam
|-heal|p1a: Alakazam|313\/313 par
|move|p2a: フーディン|Recover|p2a: フーディン
|-heal|p2a: フーディン|313\/313 par
|
|turn|126
|choice|move 3|move 4
|
|move|p1a: Alakazam|Thunder Wave|p2a: フーディン
|-fail|p2a: フーディン|par
|move|p2a: フーディン|Seismic Toss|p1a: Alakazam
|-damage|p1a: Alakazam|213\/313 par
|
|turn|127
|choice|move 3|move 2
|
|move|p1a: Alakazam|Thunder Wave|p2a: フーディン
|-fail|p2a: フーディン|par
|cant|p2a: フーディン|par
|
|turn|128
|choice|move 4|move 2
|
|move|p1a: Alakazam|Recover|p1a: Alakazam
|-heal|p1a: Alakazam|313\/313 par
|move|p2a: フーディン|Thunder Wave|p1a: Alakazam
|-fail|p1a: Alakazam|par
|
|turn|129
|choice|move 3|move 2
|
|move|p1a: Alakazam|Thunder Wave|p2a: フーディン
|-fail|p2a: フーディン|par
|move|p2a: フーディン|Thunder Wave|p1a: Alakazam
|-fail|p1a: Alakazam|par
|
|turn|130
|choice|move 3|move 2
|
|move|p1a: Alakazam|Thunder Wave|p2a: フーディン
|-fail|p2a: フーディン|par
|cant|p2a: フーディン|par
|
|turn|131
|choice|move 3|move 2
|
|cant|p1a: Alakazam|par
|move|p2a: フーディン|Thunder Wave|p1a: Alakazam
|-fail|p1a: Alakazam|par
|
|turn|132
|c| Pr0n Snow|homeister
|c| Pr0n Snow|get triple tauros crit pls
|c|★Whoremaster|thats what im hoping
|c| Pr0n Snow|not too terrible of odds tbh
|c|★Whoremaster|would be a lot easier if his zam didnt wake up insta
|choice|move 3|move 2
|
|cant|p1a: Alakazam|par
|cant|p2a: フーディン|par
|
|turn|133
|choice|move 3|move 2
|
|move|p1a: Alakazam|Thunder Wave|p2a: フーディン
|-fail|p2a: フーディン|par
|move|p2a: フーディン|Thunder Wave|p1a: Alakazam
|-fail|p1a: Alakazam|par
|
|turn|134
|choice|move 3|move 2
|
|move|p2a: フーディン|Thunder Wave|p1a: Alakazam
|-fail|p1a: Alakazam|par
|move|p1a: Alakazam|Thunder Wave|p2a: フーディン
|-fail|p2a: フーディン|par
|
|turn|135
|choice|move 3|move 2
|
|move|p1a: Alakazam|Thunder Wave|p2a: フーディン
|-fail|p2a: フーディン|par
|move|p2a: フーディン|Thunder Wave|p1a: Alakazam
|-fail|p1a: Alakazam|par
|
|turn|136
|choice|move 2|move 2
|
|move|p2a: フーディン|Thunder Wave|p1a: Alakazam
|-fail|p1a: Alakazam|par
|cant|p1a: Alakazam|par
|
|turn|137
|choice|move 2|move 2
|
|move|p2a: フーディン|Thunder Wave|p1a: Alakazam
|-fail|p1a: Alakazam|par
|move|p1a: Alakazam|Seismic Toss|p2a: フーディン
|-damage|p2a: フーディン|213\/313 par
|
|turn|138
|choice|move 3|move 2
|
|move|p1a: Alakazam|Thunder Wave|p2a: フーディン
|-fail|p2a: フーディン|par
|move|p2a: フーディン|Thunder Wave|p1a: Alakazam
|-fail|p1a: Alakazam|par
|
|turn|139
|choice|move 3|move 2
|
|move|p1a: Alakazam|Thunder Wave|p2a: フーディン
|-fail|p2a: フーディン|par
|move|p2a: フーディン|Thunder Wave|p1a: Alakazam
|-fail|p1a: Alakazam|par
|
|turn|140
|choice|move 3|move 2
|
|move|p2a: フーディン|Thunder Wave|p1a: Alakazam
|-fail|p1a: Alakazam|par
|move|p1a: Alakazam|Thunder Wave|p2a: フーディン
|-fail|p2a: フーディン|par
|
|turn|141
|choice|move 3|move 3
|
|move|p1a: Alakazam|Thunder Wave|p2a: フーディン
|-fail|p2a: フーディン|par
|move|p2a: フーディン|Recover|p2a: フーディン
|-heal|p2a: フーディン|313\/313 par
|
|turn|142
|choice|move 3|move 2
|
|move|p2a: フーディン|Thunder Wave|p1a: Alakazam
|-fail|p1a: Alakazam|par
|move|p1a: Alakazam|Thunder Wave|p2a: フーディン
|-fail|p2a: フーディン|par
|
|turn|143
|choice|move 3|move 2
|
|move|p2a: フーディン|Thunder Wave|p1a: Alakazam
|-fail|p1a: Alakazam|par
|cant|p1a: Alakazam|par
|
|turn|144
|choice|move 3|move 2
|
|move|p2a: フーディン|Thunder Wave|p1a: Alakazam
|-fail|p1a: Alakazam|par
|move|p1a: Alakazam|Thunder Wave|p2a: フーディン
|-fail|p2a: フーディン|par
|
|turn|145
|c| Pr0n Snow|i want to see mira 256 a twave with starmie against tauros
|c|★Whoremaster|yeah ive had that happen
|choice|move 1|move 2
|
|move|p2a: フーディン|Thunder Wave|p1a: Alakazam
|-fail|p1a: Alakazam|par
|move|p1a: Alakazam|Psychic|p2a: フーディン
|-crit|p2a: フーディン
|-resisted|p2a: フーディン
|-damage|p2a: フーディン|211\/313 par
|
|turn|146
|c|★Whoremaster|was great
|choice|move 2|move 3
|
|move|p1a: Alakazam|Seismic Toss|p2a: フーディン
|-damage|p2a: フーディン|111\/313 par
|move|p2a: フーディン|Recover|p2a: フーディン
|-heal|p2a: フーディン|267\/313 par
|
|turn|147
|choice|move 2|move 4
|
|move|p2a: フーディン|Seismic Toss|p1a: Alakazam
|-damage|p1a: Alakazam|213\/313 par
|cant|p1a: Alakazam|par
|
|turn|148
|choice|move 4|move 4
|
|move|p1a: Alakazam|Recover|p1a: Alakazam
|-heal|p1a: Alakazam|313\/313 par
|move|p2a: フーディン|Seismic Toss|p1a: Alakazam
|-damage|p1a: Alakazam|213\/313 par
|
|turn|149
|j|eeveelution eevee
|choice|move 2|move 4
|
|move|p1a: Alakazam|Seismic Toss|p2a: フーディン
|-damage|p2a: フーディン|167\/313 par
|move|p2a: フーディン|Seismic Toss|p1a: Alakazam
|-damage|p1a: Alakazam|113\/313 par
|
|turn|150
|choice|move 4|move 4
|
|move|p2a: フーディン|Seismic Toss|p1a: Alakazam
|-damage|p1a: Alakazam|13\/313 par
|cant|p1a: Alakazam|par
|
|turn|151
|c|★Whoremaster|shit son
|choice|move 4|move 3
|
|move|p2a: フーディン|Recover|p2a: フーディン
|-heal|p2a: フーディン|313\/313 par
|move|p1a: Alakazam|Recover|p1a: Alakazam
|-heal|p1a: Alakazam|169\/313 par
|
|turn|152
|choice|move 4|move 4
|
|move|p2a: フーディン|Seismic Toss|p1a: Alakazam
|-damage|p1a: Alakazam|69\/313 par
|cant|p1a: Alakazam|par
|
|turn|153
|choice|move 4|move 4
|
|move|p1a: Alakazam|Recover|p1a: Alakazam
|-heal|p1a: Alakazam|225\/313 par
|move|p2a: フーディン|Seismic Toss|p1a: Alakazam
|-damage|p1a: Alakazam|125\/313 par
|
|turn|154
|choice|move 4|move 2
|
|move|p2a: フーディン|Thunder Wave|p1a: Alakazam
|-fail|p1a: Alakazam|par
|move|p1a: Alakazam|Recover|p1a: Alakazam
|-heal|p1a: Alakazam|281\/313 par
|
|turn|155
|choice|move 2|move 2
|
|move|p1a: Alakazam|Seismic Toss|p2a: フーディン
|-damage|p2a: フーディン|213\/313 par
|cant|p2a: フーディン|par
|
|turn|156
|choice|move 1|move 3
|
|move|p2a: フーディン|Recover|p2a: フーディン
|-heal|p2a: フーディン|313\/313 par
|move|p1a: Alakazam|Psychic|p2a: フーディン
|-resisted|p2a: フーディン
|-damage|p2a: フーディン|257\/313 par
|-unboost|p2a: フーディン|spd|1
|-unboost|p2a: フーディン|spa|1
|
|turn|157
|choice|switch 3|move 2
|
|switch|p1a: Tauros|Tauros|165\/353
|move|p2a: フーディン|Thunder Wave|p1a: Tauros
|-status|p1a: Tauros|par
|
|turn|158
|c|★Whoremaster|cunt
|choice|move 3|move 1
|
|move|p1a: Tauros|Hyper Beam|p2a: フーディン
|-damage|p2a: フーディン|0 fnt
|faint|p2a: フーディン
|choice||switch 6
|
|switch|p2a: スターミー|Starmie|323\/323
|turn|159
|choice|switch 3|move 2
|
|switch|p1a: Alakazam|Alakazam|281\/313 par
|move|p2a: スターミー|Blizzard|p1a: Alakazam
|-crit|p1a: Alakazam
|-damage|p1a: Alakazam|122\/313 par
|
|turn|160
|choice|move 4|switch 5
|
|switch|p2a: ラッキー|Chansey|627\/703 par
|cant|p1a: Alakazam|par
|
|turn|161
|choice|move 4|move 4
|
|move|p1a: Alakazam|Recover|p1a: Alakazam
|-heal|p1a: Alakazam|278\/313 par
|move|p2a: ラッキー|Thunderbolt|p1a: Alakazam
|-crit|p1a: Alakazam
|-damage|p1a: Alakazam|152\/313 par
|
|turn|162
|choice|move 4|move 4
|
|move|p1a: Alakazam|Recover|p1a: Alakazam
|-heal|p1a: Alakazam|308\/313 par
|move|p2a: ラッキー|Thunderbolt|p1a: Alakazam
|-damage|p1a: Alakazam|243\/313 par
|
|turn|163
|choice|move 1|move 4
|
|move|p1a: Alakazam|Psychic|p2a: ラッキー
|-damage|p2a: ラッキー|509\/703 par
|-unboost|p2a: ラッキー|spd|1
|-unboost|p2a: ラッキー|spa|1
|move|p2a: ラッキー|Thunderbolt|p1a: Alakazam
|-damage|p1a: Alakazam|204\/313 par
|
|turn|164
|choice|move 3|move 1
|
|move|p1a: Alakazam|Thunder Wave|p2a: ラッキー
|-fail|p2a: ラッキー|par
|move|p2a: ラッキー|Soft-Boiled|p2a: ラッキー
|-heal|p2a: ラッキー|703\/703 par
|
|turn|165
|choice|move 3|move 4
|
|cant|p1a: Alakazam|par
|move|p2a: ラッキー|Thunderbolt|p1a: Alakazam
|-damage|p1a: Alakazam|166\/313 par
|
|turn|166
|choice|move 3|move 4
|
|move|p1a: Alakazam|Thunder Wave|p2a: ラッキー
|-fail|p2a: ラッキー|par
|move|p2a: ラッキー|Thunderbolt|p1a: Alakazam
|-damage|p1a: Alakazam|122\/313 par
|
|turn|167
|choice|move 4|move 2
|
|move|p1a: Alakazam|Recover|p1a: Alakazam
|-heal|p1a: Alakazam|278\/313 par
|move|p2a: ラッキー|Thunder Wave|p1a: Alakazam
|-fail|p1a: Alakazam|par
|
|turn|168
|choice|move 1|move 4
|
|move|p1a: Alakazam|Psychic|p2a: ラッキー
|-damage|p2a: ラッキー|517\/703 par
|cant|p2a: ラッキー|par
|
|turn|169
|choice|move 3|move 4
|
|move|p1a: Alakazam|Thunder Wave|p2a: ラッキー
|-fail|p2a: ラッキー|par
|move|p2a: ラッキー|Thunderbolt|p1a: Alakazam
|-damage|p1a: Alakazam|234\/313 par
|
|turn|170
|choice|move 1|move 2
|
|move|p1a: Alakazam|Psychic|p2a: ラッキー
|-damage|p2a: ラッキー|311\/703 par
|-unboost|p2a: ラッキー|spd|1
|-unboost|p2a: ラッキー|spa|1
|cant|p2a: ラッキー|par
|
|turn|171
|choice|switch 3|move 1
|
|switch|p1a: Tauros|Tauros|165\/353 par
|move|p2a: ラッキー|Soft-Boiled|p2a: ラッキー
|-heal|p2a: ラッキー|662\/703 par
|
|turn|172
|c| Pr0n Snow|do et
|choice|move 1|move 4
|
|move|p1a: Tauros|Body Slam|p2a: ラッキー
|-crit|p2a: ラッキー
|-damage|p2a: ラッキー|168\/703 par
|move|p2a: ラッキー|Thunderbolt|p1a: Tauros
|-damage|p1a: Tauros|114\/353 par
|
|turn|173
|c| Pr0n Snow|yus
|c|★Whoremaster|hes doing it alright
|choice|move 1|move 4
|
|move|p1a: Tauros|Body Slam|p2a: ラッキー
|-crit|p2a: ラッキー
|-damage|p2a: ラッキー|0 fnt
|faint|p2a: ラッキー
|choice||switch 5
|
|switch|p2a: スターミー|Starmie|323\/323
|turn|174
|c|★Whoremaster|RODEO TIME
|c| Pr0n Snow|i'm really feeling it
|choice|switch 3|move 2
|
|switch|p1a: Alakazam|Alakazam|234\/313 par
|move|p2a: スターミー|Blizzard|p1a: Alakazam
|-damage|p1a: Alakazam|163\/313 par
|
|turn|175
|c|★Whoremaster|its all ogre now
|choice|move 4|move 1
|
|move|p2a: スターミー|Thunderbolt|p1a: Alakazam
|-damage|p1a: Alakazam|103\/313 par
|move|p1a: Alakazam|Recover|p1a: Alakazam
|-heal|p1a: Alakazam|259\/313 par
|
|turn|176
|choice|move 3|move 1
|
|move|p2a: スターミー|Thunderbolt|p1a: Alakazam
|-damage|p1a: Alakazam|202\/313 par
|move|p1a: Alakazam|Thunder Wave|p2a: スターミー
|-status|p2a: スターミー|par
|
|turn|177
|choice|move 2|move 1
|
|cant|p1a: Alakazam|par
|move|p2a: スターミー|Thunderbolt|p1a: Alakazam
|-damage|p1a: Alakazam|138\/313 par
|
|turn|178
|choice|move 4|move 1
|
|move|p1a: Alakazam|Recover|p1a: Alakazam
|-heal|p1a: Alakazam|294\/313 par
|move|p2a: スターミー|Thunderbolt|p1a: Alakazam
|-damage|p1a: Alakazam|232\/313 par
|
|turn|179
|choice|move 2|move 1
|
|move|p1a: Alakazam|Seismic Toss|p2a: スターミー
|-damage|p2a: スターミー|223\/323 par
|cant|p2a: スターミー|par
|
|turn|180
|choice|move 2|move 1
|
|move|p1a: Alakazam|Seismic Toss|p2a: スターミー
|-damage|p2a: スターミー|123\/323 par
|cant|p2a: スターミー|par
|
|turn|181
|choice|move 2|move 4
|
|move|p1a: Alakazam|Seismic Toss|p2a: スターミー
|-damage|p2a: スターミー|23\/323 par
|cant|p2a: スターミー|par
|
|turn|182
|choice|move 2|move 4
|
|move|p1a: Alakazam|Seismic Toss|p2a: スターミー
|-damage|p2a: スターミー|0 fnt
|faint|p2a: スターミー
|
|win|Whoremaster
|player|p1
|player|p2
|c|★Whoremaster|gg
|c|★Mirabel_|That was such a bad ending
|l|eeveelution eevee
|c|★Whoremaster|yeah i am disappointed
|c|★Mirabel_|great game, then that
|l|Mirabel_