|j|Momma Geo
|j|Soviet Union Frank
|player|p1|Momma Geo|290
|player|p2|Soviet Union Frank|12
|gametype|singles
|gen|1
|tier|[Gen 1] Random Battle
|rated
|seed|19675,60378,2256,59971
|rule|Sleep Clause Mod: Limit one foe put to sleep
|rule|Freeze Clause Mod: Limit one foe frozen
|rule|HP Percentage Mod: HP is shown in percentages
|
|start
|switch|p1a: Clefairy|Clefairy, L95|326\/326
|switch|p2a: Parasect|Parasect, L90|291\/291
|turn|1
|choice|move 4|move 3
|
|move|p1a: Clefairy|Metronome|p1a: Clefairy
|move|p1a: Clefairy|Pin Missile|p2a: Parasect|[from]Metronome|[miss]
|-miss|p1a: Clefairy
|move|p2a: Parasect|Growth|p2a: Parasect
|-boost|p2a: Parasect|spa|1
|-boost|p2a: Parasect|spd|1
|
|turn|2
|choice|move 2|move 1
|
|move|p1a: Clefairy|Thunder Wave|p2a: Parasect
|-status|p2a: Parasect|par
|cant|p2a: Parasect|par
|
|turn|3
|choice|move 4|move 1
|
|move|p1a: Clefairy|Metronome|p1a: Clefairy
|move|p1a: Clefairy|Supersonic|p2a: Parasect|[from]Metronome|[miss]
|-miss|p1a: Clefairy
|move|p2a: Parasect|Body Slam|p1a: Clefairy
|-damage|p1a: Clefairy|238\/326
|
|turn|4
|choice|move 1|move 4
|
|cant|p2a: Parasect|par
|move|p1a: Clefairy|Counter|p2a: Parasect
|-damage|p2a: Parasect|115\/291 par
|
|turn|5
|choice|move 1|move 4
|
|cant|p2a: Parasect|par
|move|p1a: Clefairy|Counter|p2a: Parasect
|-damage|p2a: Parasect|0 fnt
|faint|p2a: Parasect
|choice||switch 5
|
|switch|p2a: Electrode|Electrode, L90|291\/291
|turn|6
|choice|move 2|move 4
|
|move|p2a: Electrode|Thunderbolt|p1a: Clefairy
|-damage|p1a: Clefairy|119\/326
|move|p1a: Clefairy|Thunder Wave|p2a: Electrode
|-status|p2a: Electrode|par
|
|turn|7
|choice|switch 4|move 4
|
|switch|p1a: Marowak|Marowak, L90|291\/291
|cant|p2a: Electrode|par
|
|turn|8
|choice|move 3|switch 6
|
|switch|p2a: Articuno|Articuno, L79|304\/304
|move|p1a: Marowak|Earthquake|p2a: Articuno
|-immune|p2a: Articuno|[msg]
|
|turn|9
|choice|move 1|move 2
|
|move|p2a: Articuno|Ice Beam|p1a: Marowak
|-supereffective|p1a: Marowak
|-damage|p1a: Marowak|36\/291
|move|p1a: Marowak|Body Slam|p2a: Articuno
|-damage|p2a: Articuno|248\/304
|-status|p2a: Articuno|par
|
|turn|10
|choice|switch 3|move 2
|
|switch|p1a: Nidoran-M|Nidoran-M, L96|283\/283
|cant|p2a: Articuno|par
|
|turn|11
|choice|move 2|switch 3
|
|switch|p2a: Sandslash|Sandslash, L85|301\/301
|move|p1a: Nidoran-M|Substitute|p1a: Nidoran-M
|-start|p1a: Nidoran-M|Substitute
|-damage|p1a: Nidoran-M|213\/283
|
|turn|12
|choice|move 3|move 1
|
|move|p2a: Sandslash|Earthquake|p1a: Nidoran-M
|-crit|p1a: Nidoran-M
|-supereffective|p1a: Nidoran-M
|-end|p1a: Nidoran-M|Substitute
|move|p1a: Nidoran-M|Body Slam|p2a: Sandslash
|-damage|p2a: Sandslash|251\/301
|-status|p2a: Sandslash|par
|
|turn|13
|choice|move 2|move 1
|
|move|p1a: Nidoran-M|Substitute|p1a: Nidoran-M
|-start|p1a: Nidoran-M|Substitute
|-damage|p1a: Nidoran-M|143\/283
|move|p2a: Sandslash|Earthquake|p1a: Nidoran-M
|-supereffective|p1a: Nidoran-M
|-end|p1a: Nidoran-M|Substitute
|
|turn|14
|choice|move 2|move 1
|
|move|p1a: Nidoran-M|Substitute|p1a: Nidoran-M
|-start|p1a: Nidoran-M|Substitute
|-damage|p1a: Nidoran-M|73\/283
|move|p2a: Sandslash|Earthquake|p1a: Nidoran-M
|-crit|p1a: Nidoran-M
|-supereffective|p1a: Nidoran-M
|-end|p1a: Nidoran-M|Substitute
|
|turn|15
|choice|move 2|move 1
|
|move|p1a: Nidoran-M|Substitute|p1a: Nidoran-M
|-start|p1a: Nidoran-M|Substitute
|-damage|p1a: Nidoran-M|3\/283
|cant|p2a: Sandslash|par
|
|turn|16
|choice|move 4|move 1
|
|move|p1a: Nidoran-M|Rest|p1a: Nidoran-M
|-status|p1a: Nidoran-M|slp
|-heal|p1a: Nidoran-M|283\/283 slp|[silent]
|-status|p1a: Nidoran-M|slp|[from] move: Rest
|move|p2a: Sandslash|Earthquake|p1a: Nidoran-M
|-supereffective|p1a: Nidoran-M
|-end|p1a: Nidoran-M|Substitute
|
|turn|17
|choice|switch 4|move 1
|
|switch|p1a: Clefairy|Clefairy, L95|119\/326
|move|p2a: Sandslash|Earthquake|p1a: Clefairy
|-damage|p1a: Clefairy|0 fnt
|faint|p1a: Clefairy
|choice|switch 6|
|
|switch|p1a: Poliwhirl|Poliwhirl, L85|284\/284
|turn|18
|choice|move 1|switch 2
|
|switch|p2a: Poliwhirl|Poliwhirl, L85|284\/284
|move|p1a: Poliwhirl|Amnesia|p1a: Poliwhirl
|-boost|p1a: Poliwhirl|spd|2
|-boost|p1a: Poliwhirl|spa|2
|
|turn|19
|choice|move 2|move 1
|
|move|p2a: Poliwhirl|Amnesia|p2a: Poliwhirl
|-boost|p2a: Poliwhirl|spd|2
|-boost|p2a: Poliwhirl|spa|2
|move|p1a: Poliwhirl|Psychic|p2a: Poliwhirl
|-damage|p2a: Poliwhirl|219\/284
|
|turn|20
|choice|move 1|move 1
|
|move|p1a: Poliwhirl|Amnesia|p1a: Poliwhirl
|-boost|p1a: Poliwhirl|spd|2
|-boost|p1a: Poliwhirl|spa|2
|move|p2a: Poliwhirl|Amnesia|p2a: Poliwhirl
|-boost|p2a: Poliwhirl|spd|2
|-boost|p2a: Poliwhirl|spa|2
|
|turn|21
|choice|move 1|move 1
|
|move|p2a: Poliwhirl|Amnesia|p2a: Poliwhirl
|-boost|p2a: Poliwhirl|spd|2
|-boost|p2a: Poliwhirl|spa|2
|move|p1a: Poliwhirl|Amnesia|p1a: Poliwhirl
|-boost|p1a: Poliwhirl|spd|2
|-boost|p1a: Poliwhirl|spa|2
|
|turn|22
|choice|move 2|move 4
|
|move|p2a: Poliwhirl|Surf|p1a: Poliwhirl
|-resisted|p1a: Poliwhirl
|-damage|p1a: Poliwhirl|233\/284
|move|p1a: Poliwhirl|Psychic|p2a: Poliwhirl
|-damage|p2a: Poliwhirl|158\/284
|-unboost|p2a: Poliwhirl|spd|1
|-unboost|p2a: Poliwhirl|spa|1
|
|turn|23
|choice|move 2|move 2
|
|move|p1a: Poliwhirl|Psychic|p2a: Poliwhirl
|-damage|p2a: Poliwhirl|89\/284
|move|p2a: Poliwhirl|Psychic|p1a: Poliwhirl
|-crit|p1a: Poliwhirl
|-damage|p1a: Poliwhirl|112\/284
|
|turn|24
|choice|move 2|move 2
|
|move|p1a: Poliwhirl|Psychic|p2a: Poliwhirl
|-damage|p2a: Poliwhirl|23\/284
|move|p2a: Poliwhirl|Psychic|p1a: Poliwhirl
|-damage|p1a: Poliwhirl|62\/284
|
|turn|25
|choice|move 2|move 2
|
|move|p1a: Poliwhirl|Psychic|p2a: Poliwhirl
|-crit|p2a: Poliwhirl
|-damage|p2a: Poliwhirl|0 fnt
|faint|p2a: Poliwhirl
|choice||switch 4
|
|switch|p2a: Mr. Mime|Mr. Mime, L85|242\/242
|turn|26
|choice|move 3|move 3
|
|move|p2a: Mr. Mime|Thunderbolt|p1a: Poliwhirl
|-supereffective|p1a: Poliwhirl
|-damage|p1a: Poliwhirl|12\/284
|move|p1a: Poliwhirl|Surf|p2a: Mr. Mime
|-damage|p2a: Mr. Mime|0 fnt
|faint|p2a: Mr. Mime
|choice||switch 6
|
|switch|p2a: Electrode|Electrode, L90|291\/291 par
|turn|27
|choice|move 3|move 4
|
|move|p1a: Poliwhirl|Surf|p2a: Electrode
|-damage|p2a: Electrode|0 fnt
|faint|p2a: Electrode
|choice||switch 3
|
|switch|p2a: Articuno|Articuno, L79|248\/304 par
|turn|28
|choice|move 3|move 2
|
|move|p1a: Poliwhirl|Surf|p2a: Articuno
|-damage|p2a: Articuno|24\/304 par
|move|p2a: Articuno|Ice Beam|p1a: Poliwhirl
|-resisted|p1a: Poliwhirl
|-damage|p1a: Poliwhirl|0 fnt
|faint|p1a: Poliwhirl
|choice|switch 4|
|
|switch|p1a: Nidoran-M|Nidoran-M, L96|283\/283 slp
|turn|29
|choice|move 3|move 3
|
|cant|p1a: Nidoran-M|slp
|move|p2a: Articuno|Rest|p2a: Articuno
|-status|p2a: Articuno|slp
|-heal|p2a: Articuno|304\/304 slp|[silent]
|-status|p2a: Articuno|slp|[from] move: Rest
|
|turn|30
|choice|move 2|switch 2
|
|switch|p2a: Sandslash|Sandslash, L85|251\/301 par
|-curestatus|p1a: Nidoran-M|slp
|
|turn|31
|choice|switch 2|move 1
|
|switch|p1a: Dragonite|Dragonite, L85|328\/328
|move|p2a: Sandslash|Earthquake|p1a: Dragonite
|-immune|p1a: Dragonite|[msg]
|
|turn|32
|choice|move 1|move 4
|
|move|p1a: Dragonite|Blizzard|p2a: Sandslash|[miss]
|-miss|p1a: Dragonite
|move|p2a: Sandslash|Rock Slide|p1a: Dragonite
|-supereffective|p1a: Dragonite
|-damage|p1a: Dragonite|224\/328
|
|turn|33
|choice|move 1|switch 2
|
|switch|p2a: Articuno|Articuno, L79|304\/304 slp
|move|p1a: Dragonite|Blizzard|p2a: Articuno
|-damage|p2a: Articuno|225\/304 slp
|
|turn|34
|choice|move 2|move 2
|
|move|p1a: Dragonite|Substitute|p1a: Dragonite
|-start|p1a: Dragonite|Substitute
|-damage|p1a: Dragonite|142\/328
|cant|p2a: Articuno|slp
|
|turn|35
|choice|move 4|move 2
|
|move|p1a: Dragonite|Thunder|p2a: Articuno|[miss]
|-miss|p1a: Dragonite
|-curestatus|p2a: Articuno|slp
|
|turn|36
|choice|move 4|move 2
|
|move|p1a: Dragonite|Thunder|p2a: Articuno
|-supereffective|p2a: Articuno
|-damage|p2a: Articuno|62\/304
|move|p2a: Articuno|Ice Beam|p1a: Dragonite
|-supereffective|p1a: Dragonite
|-end|p1a: Dragonite|Substitute
|
|turn|37
|choice|move 4|move 3
|
|move|p1a: Dragonite|Thunder|p2a: Articuno
|-supereffective|p2a: Articuno
|-damage|p2a: Articuno|0 fnt
|faint|p2a: Articuno
|choice||switch 2
|
|switch|p2a: Sandslash|Sandslash, L85|251\/301 par
|turn|38
|choice|move 1|move 4
|
|move|p1a: Dragonite|Blizzard|p2a: Sandslash
|-supereffective|p2a: Sandslash
|-damage|p2a: Sandslash|20\/301 par
|move|p2a: Sandslash|Rock Slide|p1a: Dragonite
|-supereffective|p1a: Dragonite
|-damage|p1a: Dragonite|33\/328
|
|turn|39
|choice|move 1|move 4
|
|move|p1a: Dragonite|Blizzard|p2a: Sandslash
|-supereffective|p2a: Sandslash
|-damage|p2a: Sandslash|0 fnt
|faint|p2a: Sandslash
|
|win|Momma Geo
|player|p1
|player|p2
|raw|Momma Geo's rating: 1109 &rarr; <strong>1126<\/strong><br \/>(+17 for winning)
|raw|Soviet Union Frank's rating: 1000 &rarr; <strong>1000<\/strong><br \/>(+0 for losing)