|j|Khaytra
|j|Mirabel_
|player|p1|Khaytra|209
|player|p2|Mirabel_|260
|gametype|singles
|gen|1
|tier|[Gen 1] OU
|seed|53986,31241,8162,41135
|rule|Sleep Clause Mod: Limit one foe put to sleep
|rule|Freeze Clause Mod: Limit one foe frozen
|rule|Species Clause: Limit one of each Pokémon
|rule|OHKO Clause: OHKO moves are banned
|rule|Evasion Moves Clause: Evasion moves are banned
|rule|HP Percentage Mod: HP is shown in percentages
|
|start
|switch|p1a: Jynx|Jynx|333\/333
|switch|p2a: フーディン|Alakazam|313\/313
|turn|1
|j|Mandelbrot
|c|★Khaytra|gl hf!
|choice|switch 5|move 1
|
|switch|p1a: Chansey|Chansey|703\/703
|move|p2a: フーディン|Psychic|p1a: Chansey
|-crit|p1a: Chansey
|-damage|p1a: Chansey|462\/703
|
|turn|2
|c|★Mirabel_|no u
|choice|move 3|move 1
|
|move|p2a: フーディン|Psychic|p1a: Chansey
|-damage|p1a: Chansey|345\/703
|move|p1a: Chansey|Thunder Wave|p2a: フーディン
|-status|p2a: フーディン|par
|
|turn|3
|j|Enigami
|choice|move 4|switch 4
|
|switch|p2a: ラッキー|Chansey|703\/703
|move|p1a: Chansey|Soft-Boiled|p1a: Chansey
|-heal|p1a: Chansey|696\/703
|
|turn|4
|choice|move 1|move 4
|
|move|p2a: ラッキー|Thunderbolt|p1a: Chansey
|-crit|p1a: Chansey
|-damage|p1a: Chansey|557\/703
|move|p1a: Chansey|Ice Beam|p2a: ラッキー
|-damage|p2a: ラッキー|623\/703
|
|turn|5
|choice|switch 5|move 3
|
|switch|p1a: Jynx|Jynx|333\/333
|move|p2a: ラッキー|Ice Beam|p1a: Jynx
|-resisted|p1a: Jynx
|-damage|p1a: Jynx|294\/333
|
|turn|6
|j|LumberJak
|choice|switch 6|move 2
|
|switch|p1a: Zapdos|Zapdos|383\/383
|move|p2a: ラッキー|Thunder Wave|p1a: Zapdos
|-status|p1a: Zapdos|par
|
|turn|7
|choice|move 2|move 3
|
|move|p2a: ラッキー|Ice Beam|p1a: Zapdos
|-crit|p1a: Zapdos
|-supereffective|p1a: Zapdos
|-damage|p1a: Zapdos|113\/383 par
|move|p1a: Zapdos|Drill Peck|p2a: ラッキー
|-damage|p2a: ラッキー|366\/703
|
|turn|8
|choice|switch 6|move 3
|
|switch|p1a: Jynx|Jynx|294\/333
|move|p2a: ラッキー|Ice Beam|p1a: Jynx
|-resisted|p1a: Jynx
|-damage|p1a: Jynx|255\/333
|
|turn|9
|choice|move 3|move 1
|
|move|p1a: Jynx|Lovely Kiss|p2a: ラッキー
|-status|p2a: ラッキー|slp
|cant|p2a: ラッキー|slp
|
|turn|10
|choice|switch 2|switch 4
|
|switch|p1a: Tauros|Tauros|353\/353
|switch|p2a: フーディン|Alakazam|313\/313 par
|
|turn|11
|choice|move 1|move 2
|
|move|p1a: Tauros|Body Slam|p2a: フーディン
|-damage|p2a: フーディン|164\/313 par
|cant|p2a: フーディン|par
|
|turn|12
|choice|move 1|switch 3
|
|switch|p2a: カビゴン|Snorlax|523\/523
|move|p1a: Tauros|Body Slam|p2a: カビゴン
|-damage|p2a: カビゴン|400\/523
|
|turn|13
|j|trueWario
|choice|switch 6|move 1
|
|switch|p1a: Zapdos|Zapdos|113\/383 par
|move|p2a: カビゴン|Body Slam|p1a: Zapdos
|-damage|p1a: Zapdos|0 fnt
|faint|p1a: Zapdos
|j|Bomber
|choice|switch 4|
|
|switch|p1a: Exeggutor|Exeggutor|393\/393
|turn|14
|l|LumberJak
|choice|move 1|move 3
|
|move|p1a: Exeggutor|Psychic|p2a: カビゴン
|-crit|p2a: カビゴン
|-damage|p2a: カビゴン|99\/523
|move|p2a: カビゴン|Self-Destruct|p1a: Exeggutor
|-damage|p1a: Exeggutor|1\/393
|faint|p2a: カビゴン
|choice||switch 6
|
|switch|p2a: サンダー|Zapdos|383\/383
|turn|15
|choice|switch 3|move 1
|
|switch|p1a: Snorlax|Snorlax|523\/523
|move|p2a: サンダー|Thunderbolt|p1a: Snorlax
|-damage|p1a: Snorlax|346\/523
|
|turn|16
|choice|move 1|move 1
|
|move|p2a: サンダー|Thunderbolt|p1a: Snorlax
|-damage|p1a: Snorlax|180\/523
|move|p1a: Snorlax|Body Slam|p2a: サンダー
|-damage|p2a: サンダー|268\/383
|
|turn|17
|choice|move 3|move 1
|
|move|p2a: サンダー|Thunderbolt|p1a: Snorlax
|-damage|p1a: Snorlax|17\/523
|move|p1a: Snorlax|Self-Destruct|p2a: サンダー
|-damage|p2a: サンダー|0 fnt
|faint|p2a: サンダー
|faint|p1a: Snorlax
|choice|switch 6|switch 5
|
|switch|p1a: Tauros|Tauros|353\/353
|switch|p2a: ナッシー|Exeggutor|393\/393
|turn|18
|choice|switch 2|move 1
|
|switch|p1a: Jynx|Jynx|255\/333
|move|p2a: ナッシー|Sleep Powder|p1a: Jynx
|-status|p1a: Jynx|slp
|
|turn|19
|choice|switch 5|move 2
|
|switch|p1a: Chansey|Chansey|557\/703
|move|p2a: ナッシー|Psychic|p1a: Chansey
|-damage|p1a: Chansey|439\/703
|-unboost|p1a: Chansey|spd|1
|-unboost|p1a: Chansey|spa|1
|
|turn|20
|choice|move 1|move 4
|
|move|p2a: ナッシー|Stun Spore|p1a: Chansey
|-status|p1a: Chansey|par
|move|p1a: Chansey|Ice Beam|p2a: ナッシー
|-crit|p2a: ナッシー
|-supereffective|p2a: ナッシー
|-damage|p2a: ナッシー|136\/393
|
|turn|21
|choice|switch 5|move 3
|
|switch|p1a: Jynx|Jynx|255\/333 slp
|move|p2a: ナッシー|Explosion|p1a: Jynx
|-damage|p1a: Jynx|0 fnt
|faint|p1a: Jynx
|faint|p2a: ナッシー
|choice|switch 2|switch 2
|
|switch|p2a: ケンタロス|Tauros|353\/353
|switch|p1a: Tauros|Tauros|353\/353
|turn|22
|choice|move 1|move 1
|
|move|p1a: Tauros|Body Slam|p2a: ケンタロス
|-damage|p2a: ケンタロス|246\/353
|move|p2a: ケンタロス|Body Slam|p1a: Tauros
|-damage|p1a: Tauros|258\/353
|
|turn|23
|choice|move 1|move 1
|
|move|p2a: ケンタロス|Body Slam|p1a: Tauros
|-damage|p1a: Tauros|161\/353
|move|p1a: Tauros|Body Slam|p2a: ケンタロス
|-damage|p2a: ケンタロス|138\/353
|
|turn|24
|choice|move 2|move 2
|
|move|p1a: Tauros|Hyper Beam|p2a: ケンタロス
|-damage|p2a: ケンタロス|0 fnt
|faint|p2a: ケンタロス
|choice||switch 3
|
|switch|p2a: フーディン|Alakazam|164\/313 par
|turn|25
|choice|move 2|move 2
|
|move|p1a: Tauros|Hyper Beam|p2a: フーディン
|-damage|p2a: フーディン|0 fnt
|faint|p2a: フーディン
|choice||switch 4
|
|switch|p2a: ラッキー|Chansey|366\/703 slp
|turn|26
|choice|move 2|move 2
|
|move|p1a: Tauros|Hyper Beam|p2a: ラッキー
|-damage|p2a: ラッキー|0 fnt
|faint|p2a: ラッキー
|
|win|Khaytra
|player|p1
|player|p2
|c|★Khaytra|gg