|j|broncosfann88
|j|Mandelbrot
|player|p1|broncosfann88|244
|player|p2|Mandelbrot|101
|gametype|singles
|gen|1
|tier|[Gen 1] Random Battle
|rated
|seed|22805,15320,57170,29106
|rule|Sleep Clause Mod: Limit one foe put to sleep
|rule|Freeze Clause Mod: Limit one foe frozen
|rule|HP Percentage Mod: HP is shown in percentages
|
|start
|switch|p1a: Jigglypuff|Jigglypuff, L99|428\/428
|switch|p2a: Mewtwo|Mewtwo, L70|293\/293
|turn|1
|choice|move 3|switch 2
|
|switch|p2a: Pikachu|Pikachu, L96|262\/262
|move|p1a: Jigglypuff|Thunder Wave|p2a: Pikachu
|-status|p2a: Pikachu|par
|
|turn|2
|choice|switch 5|move 3
|
|switch|p1a: Snorlax|Snorlax, L79|415\/415
|move|p2a: Pikachu|Body Slam|p1a: Snorlax
|-damage|p1a: Snorlax|351\/415
|
|turn|3
|choice|move 2|move 4
|
|move|p1a: Snorlax|Earthquake|p2a: Pikachu
|-supereffective|p2a: Pikachu
|-damage|p2a: Pikachu|67\/262 par
|move|p2a: Pikachu|Thunder|p1a: Snorlax|[miss]
|-miss|p2a: Pikachu
|
|turn|4
|choice|move 1|move 4
|
|move|p1a: Snorlax|Amnesia|p1a: Snorlax
|-boost|p1a: Snorlax|spd|2
|-boost|p1a: Snorlax|spa|2
|move|p2a: Pikachu|Thunder|p1a: Snorlax
|-damage|p1a: Snorlax|282\/415
|
|turn|5
|choice|move 2|switch 4
|
|switch|p2a: Golbat|Golbat, L90|318\/318
|move|p1a: Snorlax|Earthquake|p2a: Golbat
|-immune|p2a: Golbat|[msg]
|
|turn|6
|choice|move 4|move 2
|
|move|p2a: Golbat|Screech|p1a: Snorlax
|-unboost|p1a: Snorlax|def|2
|move|p1a: Snorlax|Ice Beam|p2a: Golbat
|-supereffective|p2a: Golbat
|-damage|p2a: Golbat|122\/318
|
|turn|7
|choice|switch 2|move 1
|
|switch|p1a: Gastly|Gastly, L96|252\/252
|move|p2a: Golbat|Hyper Beam|p1a: Gastly
|-immune|p1a: Gastly|[msg]
|
|turn|8
|choice|move 4|switch 4
|
|switch|p2a: Pikachu|Pikachu, L96|67\/262 par
|move|p1a: Gastly|Thunderbolt|p2a: Pikachu
|-resisted|p2a: Pikachu
|-damage|p2a: Pikachu|10\/262 par
|
|turn|9
|choice|move 4|move 2
|
|move|p1a: Gastly|Thunderbolt|p2a: Pikachu
|-resisted|p2a: Pikachu
|-damage|p2a: Pikachu|0 fnt
|faint|p2a: Pikachu
|choice||switch 6
|
|switch|p2a: Porygon|Porygon, L85|284\/284
|turn|10
|choice|move 1|move 2
|
|move|p1a: Gastly|Hypnosis|p2a: Porygon
|-status|p2a: Porygon|slp
|cant|p2a: Porygon|slp
|
|turn|11
|choice|move 2|move 2
|
|move|p1a: Gastly|Confuse Ray|p2a: Porygon
|-start|p2a: Porygon|confusion
|cant|p2a: Porygon|slp
|
|turn|12
|choice|move 4|move 2
|
|move|p1a: Gastly|Thunderbolt|p2a: Porygon
|-damage|p2a: Porygon|179\/284 slp
|cant|p2a: Porygon|slp
|
|turn|13
|choice|move 4|switch 5
|
|switch|p2a: Jynx|Jynx, L79|265\/265
|move|p1a: Gastly|Thunderbolt|p2a: Jynx
|-damage|p2a: Jynx|178\/265
|-status|p2a: Jynx|par
|
|turn|14
|choice|switch 4|move 3
|
|switch|p1a: Dewgong|Dewgong, L85|327\/327
|cant|p2a: Jynx|par
|
|turn|15
|choice|move 4|move 1
|
|move|p1a: Dewgong|Surf|p2a: Jynx
|-damage|p2a: Jynx|76\/265 par
|move|p2a: Jynx|Lovely Kiss|p1a: Dewgong
|-status|p1a: Dewgong|slp
|
|turn|16
|choice|switch 2|move 3
|
|switch|p1a: Snorlax|Snorlax, L79|282\/415
|move|p2a: Jynx|Psychic|p1a: Snorlax
|-damage|p1a: Snorlax|177\/415
|
|turn|17
|choice|move 3|move 2
|
|move|p1a: Snorlax|Thunderbolt|p2a: Jynx
|-damage|p2a: Jynx|30\/265 par
|cant|p2a: Jynx|par
|
|turn|18
|choice|move 3|move 2
|
|move|p1a: Snorlax|Thunderbolt|p2a: Jynx
|-damage|p2a: Jynx|0 fnt
|faint|p2a: Jynx
|choice||switch 2
|
|switch|p2a: Mewtwo|Mewtwo, L70|293\/293
|turn|19
|choice|move 2|move 1
|
|move|p2a: Mewtwo|Psychic|p1a: Snorlax
|-crit|p1a: Snorlax
|-damage|p1a: Snorlax|0 fnt
|faint|p1a: Snorlax
|choice|switch 5|
|
|switch|p1a: Jigglypuff|Jigglypuff, L99|428\/428
|turn|20
|choice|move 3|move 1
|
|move|p2a: Mewtwo|Psychic|p1a: Jigglypuff
|-damage|p1a: Jigglypuff|280\/428
|-unboost|p1a: Jigglypuff|spd|1
|-unboost|p1a: Jigglypuff|spa|1
|move|p1a: Jigglypuff|Thunder Wave|p2a: Mewtwo
|-status|p2a: Mewtwo|par
|
|turn|21
|choice|move 1|move 1
|
|move|p1a: Jigglypuff|Bubble Beam|p2a: Mewtwo
|-damage|p2a: Mewtwo|275\/293 par
|move|p2a: Mewtwo|Psychic|p1a: Jigglypuff
|-crit|p1a: Jigglypuff
|-damage|p1a: Jigglypuff|0 fnt
|faint|p1a: Jigglypuff
|choice|switch 6|
|
|switch|p1a: Dragonite|Dragonite, L85|328\/328
|turn|22
|choice|move 1|move 3
|
|move|p1a: Dragonite|Body Slam|p2a: Mewtwo
|-damage|p2a: Mewtwo|179\/293 par
|move|p2a: Mewtwo|Body Slam|p1a: Dragonite
|-damage|p1a: Dragonite|285\/328
|
|turn|23
|choice|move 1|move 3
|
|move|p1a: Dragonite|Body Slam|p2a: Mewtwo
|-damage|p2a: Mewtwo|86\/293 par
|cant|p2a: Mewtwo|par
|
|turn|24
|choice|move 1|move 1
|
|move|p1a: Dragonite|Body Slam|p2a: Mewtwo
|-damage|p2a: Mewtwo|0 fnt
|faint|p2a: Mewtwo
|choice||switch 4
|
|switch|p2a: Golbat|Golbat, L90|122\/318
|turn|25
|choice|move 2|move 1
|
|move|p2a: Golbat|Hyper Beam|p1a: Dragonite
|-damage|p1a: Dragonite|181\/328
|move|p1a: Dragonite|Blizzard|p2a: Golbat
|-crit|p2a: Golbat
|-supereffective|p2a: Golbat
|-damage|p2a: Golbat|0 fnt
|faint|p2a: Golbat
|choice||switch 3
|
|switch|p2a: Poliwag|Poliwag, L96|272\/272
|turn|26
|choice|move 1|move 1
|
|move|p2a: Poliwag|Amnesia|p2a: Poliwag
|-boost|p2a: Poliwag|spd|2
|-boost|p2a: Poliwag|spa|2
|move|p1a: Dragonite|Body Slam|p2a: Poliwag
|-damage|p2a: Poliwag|166\/272
|
|turn|27
|choice|move 1|move 4
|
|move|p2a: Poliwag|Blizzard|p1a: Dragonite
|-supereffective|p1a: Dragonite
|-damage|p1a: Dragonite|0 fnt
|faint|p1a: Dragonite
|choice|switch 3|
|
|switch|p1a: Charizard|Charizard, L85|306\/306
|turn|28
|choice|move 3|move 3
|
|move|p2a: Poliwag|Surf|p1a: Charizard
|-supereffective|p1a: Charizard
|-damage|p1a: Charizard|0 fnt
|faint|p1a: Charizard
|choice|switch 4|
|
|switch|p1a: Gastly|Gastly, L96|252\/252
|turn|29
|choice|move 2|move 2
|
|move|p2a: Poliwag|Psychic|p1a: Gastly
|-supereffective|p1a: Gastly
|-damage|p1a: Gastly|82\/252
|move|p1a: Gastly|Confuse Ray|p2a: Poliwag
|-start|p2a: Poliwag|confusion
|
|turn|30
|choice|move 4|move 2
|
|-activate|p2a: Poliwag|confusion
|-damage|p2a: Poliwag|129\/272|[from] confusion
|move|p1a: Gastly|Thunderbolt|p2a: Poliwag
|-supereffective|p2a: Poliwag
|-damage|p2a: Poliwag|7\/272
|
|turn|31
|choice|switch 2|move 2
|
|switch|p1a: Dewgong|Dewgong, L85|327\/327 slp
|-activate|p2a: Poliwag|confusion
|move|p2a: Poliwag|Psychic|p1a: Dewgong
|-crit|p1a: Dewgong
|-damage|p1a: Dewgong|232\/327 slp
|
|turn|32
|choice|move 1|move 2
|
|-end|p2a: Poliwag|confusion
|move|p2a: Poliwag|Psychic|p1a: Dewgong
|-damage|p1a: Dewgong|141\/327 slp
|cant|p1a: Dewgong|slp
|
|turn|33
|-message|broncosfann88 forfeited.
|
|win|Mandelbrot
|l|broncosfann88
|player|p1
|raw|broncosfann88's rating: 1375 &rarr; <strong>1342<\/strong><br \/>(-33 for losing)
|raw|Mandelbrot's rating: 1101 &rarr; <strong>1143<\/strong><br \/>(+42 for winning)