|join|MALESANI
|join|arafalo2
|player|p1|MALESANI|110
|player|p2|arafalo2|1
|gametype|singles
|gen|1
|tier|[Gen 1] Random Battle
|rated
|seed|60531,4839,35407,3365
|rule|Sleep Clause Mod: Limit one foe put to sleep
|rule|Freeze Clause Mod: Limit one foe frozen
|rule|HP Percentage Mod: HP is shown in percentages
|
|start
|switch|p1a: Slowpoke|Slowpoke, L96|368\/368
|switch|p2a: Nidoqueen|Nidoqueen, L85|327\/327
|turn|1
|choice|move 4|move 4
|
|move|p2a: Nidoqueen|Thunder|p1a: Slowpoke
|-supereffective|p1a: Slowpoke
|-damage|p1a: Slowpoke|177\/368
|move|p1a: Slowpoke|Surf|p2a: Nidoqueen
|-supereffective|p2a: Nidoqueen
|-damage|p2a: Nidoqueen|148\/327
|
|turn|2
|choice|switch 2|switch 6
|
|switch|p2a: Electrode|Electrode, L90|291\/291
|switch|p1a: Cubone|Cubone, L96|291\/291
|
|turn|3
|choice|move 3|switch 4
|
|switch|p2a: Butterfree|Butterfree, L90|291\/291
|move|p1a: Cubone|Earthquake|p2a: Butterfree
|-immune|p2a: Butterfree|[msg]
|
|turn|4
|choice|move 4|move 2
|
|move|p2a: Butterfree|Sleep Powder|p1a: Cubone|[miss]
|-miss|p2a: Butterfree
|move|p1a: Cubone|Blizzard|p2a: Butterfree
|-supereffective|p2a: Butterfree
|-damage|p2a: Butterfree|151\/291
|
|turn|5
|choice|move 4|move 1
|
|move|p2a: Butterfree|Mega Drain|p1a: Cubone
|-crit|p1a: Cubone
|-supereffective|p1a: Cubone
|-damage|p1a: Cubone|138\/291
|-heal|p2a: Butterfree|227\/291|[from] drain|[of] p1a: Cubone
|move|p1a: Cubone|Blizzard|p2a: Butterfree
|-supereffective|p2a: Butterfree
|-damage|p2a: Butterfree|98\/291
|-status|p2a: Butterfree|frz
|
|turn|6
|choice|move 2|move 1
|
|cant|p2a: Butterfree|frz
|move|p1a: Cubone|Seismic Toss|p2a: Butterfree
|-damage|p2a: Butterfree|2\/291 frz
|
|turn|7
|choice|move 1|move 1
|
|cant|p2a: Butterfree|frz
|move|p1a: Cubone|Body Slam|p2a: Butterfree
|-damage|p2a: Butterfree|0 fnt
|faint|p2a: Butterfree
|choice||switch 5
|
|switch|p2a: Golduck|Golduck, L85|310\/310
|turn|8
|choice|move 3|move 1
|
|move|p2a: Golduck|Amnesia|p2a: Golduck
|-boost|p2a: Golduck|spd|2
|-boost|p2a: Golduck|spa|2
|move|p1a: Cubone|Earthquake|p2a: Golduck
|-damage|p2a: Golduck|208\/310
|
|turn|9
|choice|move 3|move 1
|
|move|p2a: Golduck|Amnesia|p2a: Golduck
|-boost|p2a: Golduck|spd|2
|-boost|p2a: Golduck|spa|2
|move|p1a: Cubone|Earthquake|p2a: Golduck
|-crit|p2a: Golduck
|-damage|p2a: Golduck|16\/310
|
|turn|10
|choice|move 2|move 4
|
|move|p2a: Golduck|Rest|p2a: Golduck
|-status|p2a: Golduck|slp
|-heal|p2a: Golduck|310\/310 slp|[silent]
|-status|p2a: Golduck|slp|[from] move: Rest
|move|p1a: Cubone|Seismic Toss|p2a: Golduck
|-damage|p2a: Golduck|214\/310 slp
|
|turn|11
|choice|move 3|move 2
|
|cant|p2a: Golduck|slp
|move|p1a: Cubone|Earthquake|p2a: Golduck
|-damage|p2a: Golduck|107\/310 slp
|
|turn|12
|choice|move 3|move 2
|
|-curestatus|p2a: Golduck|slp
|move|p1a: Cubone|Earthquake|p2a: Golduck
|-damage|p2a: Golduck|2\/310
|
|turn|13
|choice|move 3|move 2
|
|move|p2a: Golduck|Surf|p1a: Cubone
|-supereffective|p1a: Cubone
|-damage|p1a: Cubone|0 fnt
|faint|p1a: Cubone
|choice|switch 6|
|
|switch|p1a: Kadabra|Kadabra, L85|242\/242
|turn|14
|choice|move 2|switch 4
|
|switch|p2a: Electrode|Electrode, L90|291\/291
|move|p1a: Kadabra|Seismic Toss|p2a: Electrode
|-damage|p2a: Electrode|206\/291
|
|turn|15
|choice|switch 4|move 3
|
|switch|p1a: Hitmonchan|Hitmonchan, L90|273\/273
|move|p2a: Electrode|Thunderbolt|p1a: Hitmonchan
|-damage|p1a: Hitmonchan|129\/273
|
|turn|16
|choice|move 2|move 3
|
|move|p2a: Electrode|Thunderbolt|p1a: Hitmonchan
|-damage|p1a: Hitmonchan|0 fnt
|faint|p1a: Hitmonchan
|choice|switch 5|
|
|switch|p1a: Jolteon|Jolteon, L79|265\/265
|turn|17
|choice|move 2|move 2
|
|move|p2a: Electrode|Thunder Wave|p1a: Jolteon
|-status|p1a: Jolteon|par
|move|p1a: Jolteon|Thunder Wave|p2a: Electrode
|-status|p2a: Electrode|par
|
|turn|18
|choice|move 4|move 1
|
|cant|p2a: Electrode|par
|cant|p1a: Jolteon|par
|
|turn|19
|choice|move 1|switch 6
|
|switch|p2a: Nidoqueen|Nidoqueen, L85|148\/327
|move|p1a: Jolteon|Thunderbolt|p2a: Nidoqueen
|-immune|p2a: Nidoqueen|[msg]
|
|turn|20
|choice|switch 3|move 1
|
|switch|p1a: Butterfree|Butterfree, L90|291\/291
|move|p2a: Nidoqueen|Earthquake|p1a: Butterfree
|-immune|p1a: Butterfree|[msg]
|
|turn|21
|choice|move 2|switch 4
|
|switch|p2a: Golduck|Golduck, L85|2\/310
|move|p1a: Butterfree|Psychic|p2a: Golduck
|-damage|p2a: Golduck|0 fnt
|faint|p2a: Golduck
|choice||switch 2
|
|switch|p2a: Vulpix|Vulpix, L96|268\/268
|turn|22
|choice|switch 3|move 1
|
|switch|p1a: Jolteon|Jolteon, L79|265\/265 par
|move|p2a: Vulpix|Fire Blast|p1a: Jolteon
|-damage|p1a: Jolteon|146\/265 par
|
|turn|23
|choice|move 2|switch 4
|
|switch|p2a: Nidoqueen|Nidoqueen, L85|148\/327
|move|p1a: Jolteon|Thunder Wave|p2a: Nidoqueen
|-immune|p2a: Nidoqueen|[msg]
|
|turn|24
|choice|switch 3|move 3
|
|switch|p1a: Butterfree|Butterfree, L90|291\/291
|move|p2a: Nidoqueen|Thunderbolt|p1a: Butterfree
|-supereffective|p1a: Butterfree
|-damage|p1a: Butterfree|165\/291
|
|turn|25
|choice|move 4|switch 6
|
|switch|p2a: Electrode|Electrode, L90|206\/291 par
|move|p1a: Butterfree|Sleep Powder|p2a: Electrode|[miss]
|-miss|p1a: Butterfree
|
|turn|26
|choice|move 2|move 3
|
|move|p1a: Butterfree|Psychic|p2a: Electrode
|-damage|p2a: Electrode|140\/291 par
|cant|p2a: Electrode|par
|
|turn|27
|choice|move 2|move 3
|
|move|p1a: Butterfree|Psychic|p2a: Electrode
|-crit|p2a: Electrode
|-damage|p2a: Electrode|16\/291 par
|-unboost|p2a: Electrode|spd|1
|-unboost|p2a: Electrode|spa|1
|move|p2a: Electrode|Thunderbolt|p1a: Butterfree
|-supereffective|p1a: Butterfree
|-damage|p1a: Butterfree|32\/291
|
|turn|28
|choice|move 2|switch 4
|
|switch|p2a: Vulpix|Vulpix, L96|268\/268
|move|p1a: Butterfree|Psychic|p2a: Vulpix
|-damage|p2a: Vulpix|195\/268
|
|turn|29
|choice|move 4|move 2
|
|move|p2a: Vulpix|Body Slam|p1a: Butterfree
|-damage|p1a: Butterfree|0 fnt
|faint|p1a: Butterfree
|choice|switch 2|
|
|switch|p1a: Slowpoke|Slowpoke, L96|177\/368
|turn|30
|choice|move 1|move 2
|
|move|p2a: Vulpix|Body Slam|p1a: Slowpoke
|-damage|p1a: Slowpoke|128\/368
|move|p1a: Slowpoke|Thunder Wave|p2a: Vulpix
|-status|p2a: Vulpix|par
|
|turn|31
|choice|move 4|move 1
|
|move|p1a: Slowpoke|Surf|p2a: Vulpix
|-supereffective|p2a: Vulpix
|-damage|p2a: Vulpix|38\/268 par
|cant|p2a: Vulpix|par
|
|turn|32
|choice|move 3|move 1
|
|move|p1a: Slowpoke|Rest|p1a: Slowpoke
|-status|p1a: Slowpoke|slp
|-heal|p1a: Slowpoke|368\/368 slp|[silent]
|-status|p1a: Slowpoke|slp|[from] move: Rest
|cant|p2a: Vulpix|par
|
|turn|33
|choice|move 2|switch 4
|
|switch|p2a: Electrode|Electrode, L90|16\/291 par
|cant|p1a: Slowpoke|slp
|
|turn|34
|choice|move 4|move 3
|
|-curestatus|p1a: Slowpoke|slp
|move|p2a: Electrode|Thunderbolt|p1a: Slowpoke
|-supereffective|p1a: Slowpoke
|-damage|p1a: Slowpoke|86\/368
|-status|p1a: Slowpoke|par
|
|turn|35
|choice|move 4|move 3
|
|move|p2a: Electrode|Thunderbolt|p1a: Slowpoke
|-supereffective|p1a: Slowpoke
|-damage|p1a: Slowpoke|0 fnt
|faint|p1a: Slowpoke
|choice|switch 4|
|
|switch|p1a: Kadabra|Kadabra, L85|242\/242
|turn|36
|choice|move 2|switch 4
|
|switch|p2a: Vulpix|Vulpix, L96|38\/268 par
|move|p1a: Kadabra|Seismic Toss|p2a: Vulpix
|-damage|p2a: Vulpix|0 fnt
|faint|p2a: Vulpix
|choice||switch 3
|
|switch|p2a: Nidorino|Nidorino, L90|293\/293
|turn|37
|choice|move 1|move 2
|
|move|p1a: Kadabra|Psychic|p2a: Nidorino
|-supereffective|p2a: Nidorino
|-damage|p2a: Nidorino|0 fnt
|faint|p2a: Nidorino
|choice||switch 6
|
|switch|p2a: Nidoqueen|Nidoqueen, L85|148\/327
|turn|38
|choice|move 1|move 1
|
|move|p1a: Kadabra|Psychic|p2a: Nidoqueen
|-supereffective|p2a: Nidoqueen
|-damage|p2a: Nidoqueen|0 fnt
|faint|p2a: Nidoqueen
|choice||switch 4
|
|switch|p2a: Electrode|Electrode, L90|16\/291 par
|turn|39
|choice|switch 3|move 1
|
|switch|p1a: Jolteon|Jolteon, L79|146\/265 par
|move|p2a: Electrode|Explosion|p1a: Jolteon
|-damage|p1a: Jolteon|0 fnt
|faint|p1a: Jolteon
|faint|p2a: Electrode
|
|win|MALESANI