|join|MALESANI
|join|hadkal
|player|p1|MALESANI|238
|player|p2|hadkal|169
|gametype|singles
|gen|1
|tier|[Gen 1] Random Battle
|rated
|seed|11081,54317,34110,28419
|rule|Sleep Clause Mod: Limit one foe put to sleep
|rule|Freeze Clause Mod: Limit one foe frozen
|rule|HP Percentage Mod: HP is shown in percentages
|
|start
|switch|p1a: Venonat|Venonat, L96|310\/310
|switch|p2a: Koffing|Koffing, L96|272\/272
|turn|1
|choice|move 1|move 4
|
|move|p1a: Venonat|Psychic|p2a: Koffing
|-crit|p2a: Koffing
|-supereffective|p2a: Koffing
|-damage|p2a: Koffing|50\/272
|-unboost|p2a: Koffing|spd|1
|-unboost|p2a: Koffing|spa|1
|move|p2a: Koffing|Sludge|p1a: Venonat
|-damage|p1a: Venonat|230\/310
|
|turn|2
|choice|move 1|move 2
|
|move|p1a: Venonat|Psychic|p2a: Koffing
|-supereffective|p2a: Koffing
|-damage|p2a: Koffing|0 fnt
|faint|p2a: Koffing
|choice||switch 6
|
|switch|p2a: Alakazam|Alakazam, L79|249\/249
|turn|3
|choice|move 2|move 1
|
|move|p2a: Alakazam|Psychic|p1a: Venonat
|-supereffective|p1a: Venonat
|-damage|p1a: Venonat|0 fnt
|faint|p1a: Venonat
|choice|switch 2|
|
|switch|p1a: Golduck|Golduck, L85|310\/310
|turn|4
|choice|move 4|move 1
|
|move|p2a: Alakazam|Psychic|p1a: Golduck
|-damage|p1a: Golduck|205\/310
|-unboost|p1a: Golduck|spd|1
|-unboost|p1a: Golduck|spa|1
|move|p1a: Golduck|Body Slam|p2a: Alakazam
|-damage|p2a: Alakazam|161\/249
|
|turn|5
|choice|move 4|move 1
|
|move|p2a: Alakazam|Psychic|p1a: Golduck
|-damage|p1a: Golduck|30\/310
|move|p1a: Golduck|Body Slam|p2a: Alakazam
|-damage|p2a: Alakazam|78\/249
|-status|p2a: Alakazam|par
|
|turn|6
|choice|move 4|move 1
|
|move|p1a: Golduck|Body Slam|p2a: Alakazam
|-crit|p2a: Alakazam
|-damage|p2a: Alakazam|0 fnt
|faint|p2a: Alakazam
|choice||switch 2
|
|switch|p2a: Raticate|Raticate, L85|267\/267
|turn|7
|choice|move 2|move 2
|
|move|p2a: Raticate|Body Slam|p1a: Golduck
|-damage|p1a: Golduck|0 fnt
|faint|p1a: Golduck
|choice|switch 6|
|
|switch|p1a: Porygon|Porygon, L85|284\/284
|turn|8
|choice|move 4|move 1
|
|move|p2a: Raticate|Super Fang|p1a: Porygon
|-damage|p1a: Porygon|142\/284
|move|p1a: Porygon|Psychic|p2a: Raticate
|-damage|p2a: Raticate|185\/267
|
|turn|9
|choice|move 1|move 2
|
|move|p2a: Raticate|Body Slam|p1a: Porygon
|-crit|p1a: Porygon
|-damage|p1a: Porygon|0 fnt
|faint|p1a: Porygon
|choice|switch 4|
|
|switch|p1a: Blastoise|Blastoise, L85|308\/308
|turn|10
|choice|move 3|move 2
|
|move|p2a: Raticate|Body Slam|p1a: Blastoise
|-damage|p1a: Blastoise|234\/308
|move|p1a: Blastoise|Surf|p2a: Raticate
|-damage|p2a: Raticate|48\/267
|
|turn|11
|choice|move 3|move 1
|
|move|p2a: Raticate|Super Fang|p1a: Blastoise
|-damage|p1a: Blastoise|117\/308
|move|p1a: Blastoise|Surf|p2a: Raticate
|-damage|p2a: Raticate|0 fnt
|faint|p2a: Raticate
|choice||switch 5
|
|switch|p2a: Vileplume|Vileplume, L90|318\/318
|turn|12
|choice|switch 3|move 4
|
|switch|p1a: Ivysaur|Ivysaur, L85|276\/276
|move|p2a: Vileplume|Mega Drain|p1a: Ivysaur
|-resisted|p1a: Ivysaur
|-damage|p1a: Ivysaur|263\/276
|
|turn|13
|choice|move 1|move 3
|
|move|p1a: Ivysaur|Body Slam|p2a: Vileplume
|-damage|p2a: Vileplume|271\/318
|move|p2a: Vileplume|Sleep Powder|p1a: Ivysaur
|-status|p1a: Ivysaur|slp
|
|turn|14
|choice|switch 5|move 2
|
|switch|p1a: Zapdos|Zapdos, L79|304\/304
|move|p2a: Vileplume|Swords Dance|p2a: Vileplume
|-boost|p2a: Vileplume|atk|2
|
|turn|15
|choice|move 2|move 1
|
|move|p1a: Zapdos|Drill Peck|p2a: Vileplume
|-supereffective|p2a: Vileplume
|-damage|p2a: Vileplume|136\/318
|move|p2a: Vileplume|Body Slam|p1a: Zapdos
|-damage|p1a: Zapdos|171\/304
|
|turn|16
|choice|move 2|move 1
|
|move|p1a: Zapdos|Drill Peck|p2a: Vileplume
|-supereffective|p2a: Vileplume
|-damage|p2a: Vileplume|0 fnt
|faint|p2a: Vileplume
|choice||switch 3
|
|switch|p2a: Butterfree|Butterfree, L90|291\/291
|turn|17
|choice|move 1|move 3
|
|move|p1a: Zapdos|Thunderbolt|p2a: Butterfree
|-supereffective|p2a: Butterfree
|-damage|p2a: Butterfree|75\/291
|move|p2a: Butterfree|Psychic|p1a: Zapdos
|-damage|p1a: Zapdos|118\/304
|-unboost|p1a: Zapdos|spd|1
|-unboost|p1a: Zapdos|spa|1
|
|turn|18
|choice|move 2|move 2
|
|move|p1a: Zapdos|Drill Peck|p2a: Butterfree
|-supereffective|p2a: Butterfree
|-damage|p2a: Butterfree|0 fnt
|faint|p2a: Butterfree
|choice||switch 4
|
|switch|p2a: Blastoise|Blastoise, L85|308\/308
|turn|19
|choice|move 1|move 3
|
|move|p1a: Zapdos|Thunderbolt|p2a: Blastoise
|-crit|p2a: Blastoise
|-supereffective|p2a: Blastoise
|-damage|p2a: Blastoise|0 fnt
|faint|p2a: Blastoise
|
|win|MALESANI
|raw|MALESANI's rating: 1196 &rarr; <strong>1209<\/strong><br \/>(+13 for winning)
|raw|hadkal's rating: 1000 &rarr; <strong>1000<\/strong><br \/>(+0 for losing)
|leave|hadkal
|player|p2