|j|charrol
|j|InTheTrunkBitch
|player|p1|charrol|60
|player|p2|InTheTrunkBitch|216
|gametype|singles
|gen|1
|tier|[Gen 1] OU
|seed|14911,44278,6796,2187
|rule|Sleep Clause Mod: Limit one foe put to sleep
|rule|Freeze Clause Mod: Limit one foe frozen
|rule|Species Clause: Limit one of each Pokémon
|rule|OHKO Clause: OHKO moves are banned
|rule|Evasion Moves Clause: Evasion moves are banned
|rule|HP Percentage Mod: HP is shown in percentages
|
|start
|switch|p1a: Jynx|Jynx|333\/333
|switch|p2a: Gengar|Gengar|323\/323
|turn|1
|c|★InTheTrunkBitch|gl hf
|c|★charrol|gl u too
|j|GEOCONTROLLO
|l|GEOCONTROLLO
|c|★InTheTrunkBitch|:)
|choice|move 1|move 1
|
|move|p2a: Gengar|Hypnosis|p1a: Jynx
|-status|p1a: Jynx|slp
|cant|p1a: Jynx|slp
|
|turn|2
|j|GEOCONTROLLO
|c| GEOCONTROLLO|egl?
|c|★InTheTrunkBitch|y
|c|★charrol|the first porco dio is coming
|choice|switch 3|move 4
|
|switch|p1a: Exeggutor|Exeggutor|393\/393
|move|p2a: Gengar|Night Shade|p1a: Exeggutor
|-damage|p1a: Exeggutor|293\/393
|
|turn|3
|j|ZENO©
|choice|move 1|move 4
|
|move|p2a: Gengar|Night Shade|p1a: Exeggutor
|-damage|p1a: Exeggutor|193\/393
|move|p1a: Exeggutor|Sleep Powder|p2a: Gengar
|-status|p2a: Gengar|slp
|
|turn|4
|choice|move 2|switch 4
|
|switch|p2a: Chansey|Chansey|703\/703
|move|p1a: Exeggutor|Stun Spore|p2a: Chansey
|-status|p2a: Chansey|par
|
|turn|5
|choice|switch 3|switch 3
|
|switch|p1a: Jynx|Jynx|333\/333 slp
|switch|p2a: Snorlax|Snorlax|523\/523
|
|turn|6
|j|smilzo
|choice|switch 2|move 2
|
|switch|p1a: Chansey|Chansey|703\/703
|move|p2a: Snorlax|Body Slam|p1a: Chansey
|-damage|p1a: Chansey|426\/703
|
|turn|7
|choice|move 4|move 3
|
|move|p1a: Chansey|Soft-Boiled|p1a: Chansey
|-heal|p1a: Chansey|703\/703
|move|p2a: Snorlax|Earthquake|p1a: Chansey
|-damage|p1a: Chansey|468\/703
|
|turn|8
|choice|move 1|switch 3
|
|switch|p2a: Chansey|Chansey|703\/703 par
|move|p1a: Chansey|Thunder Wave|p2a: Chansey
|-fail|p2a: Chansey|par
|
|turn|9
|choice|move 4|move 4
|
|move|p1a: Chansey|Soft-Boiled|p1a: Chansey
|-heal|p1a: Chansey|703\/703
|move|p2a: Chansey|Ice Beam|p1a: Chansey
|-damage|p1a: Chansey|629\/703
|-status|p1a: Chansey|frz
|
|turn|10
|c|★InTheTrunkBitch|sry dude
|j|Hholden
|c|★charrol|porco dio
|c|★InTheTrunkBitch|there is first porco dio ok
|l|Hholden
|choice|switch 4|switch 3
|
|switch|p1a: Snorlax|Snorlax|523\/523
|switch|p2a: Snorlax|Snorlax|523\/523
|
|turn|11
|choice|move 1|move 1
|
|move|p1a: Snorlax|Body Slam|p2a: Snorlax
|-damage|p2a: Snorlax|385\/523
|move|p2a: Snorlax|Counter|p1a: Snorlax
|-damage|p1a: Snorlax|247\/523
|
|turn|12
|choice|move 1|switch 4
|
|switch|p2a: Gengar|Gengar|323\/323 slp
|move|p1a: Snorlax|Body Slam|p2a: Gengar
|-immune|p2a: Gengar|[msg]
|
|turn|13
|choice|move 2|switch 5
|
|switch|p2a: Zapdos|Zapdos|383\/383
|move|p1a: Snorlax|Amnesia|p1a: Snorlax
|-boost|p1a: Snorlax|spd|2
|-boost|p1a: Snorlax|spa|2
|
|turn|14
|choice|move 3|switch 4
|
|switch|p2a: Snorlax|Snorlax|385\/523
|move|p1a: Snorlax|Ice Beam|p2a: Snorlax
|-damage|p2a: Snorlax|236\/523
|
|turn|15
|choice|move 1|move 4
|
|move|p2a: Snorlax|Self-Destruct|p1a: Snorlax
|-damage|p1a: Snorlax|0 fnt
|faint|p1a: Snorlax
|faint|p2a: Snorlax
|choice|switch 5|switch 4
|
|switch|p1a: Tauros|Tauros|353\/353
|switch|p2a: Zapdos|Zapdos|383\/383
|turn|16
|choice|move 4|move 3
|
|move|p1a: Tauros|Blizzard|p2a: Zapdos
|-supereffective|p2a: Zapdos
|-damage|p2a: Zapdos|247\/383
|move|p2a: Zapdos|Thunder Wave|p1a: Tauros
|-status|p1a: Tauros|par
|
|turn|17
|choice|move 1|switch 5
|
|switch|p2a: Gengar|Gengar|323\/323 slp
|move|p1a: Tauros|Body Slam|p2a: Gengar
|-immune|p2a: Gengar|[msg]
|
|turn|18
|choice|move 1|switch 6
|
|switch|p2a: Starmie|Starmie|323\/323
|move|p1a: Tauros|Body Slam|p2a: Starmie
|-damage|p2a: Starmie|220\/323
|-status|p2a: Starmie|par
|
|turn|19
|choice|move 1|move 2
|
|cant|p2a: Starmie|par
|move|p1a: Tauros|Body Slam|p2a: Starmie
|-damage|p2a: Starmie|117\/323 par
|
|turn|20
|choice|move 1|move 3
|
|move|p2a: Starmie|Recover|p2a: Starmie
|-heal|p2a: Starmie|278\/323 par
|move|p1a: Tauros|Body Slam|p2a: Starmie
|-damage|p2a: Starmie|160\/323 par
|
|turn|21
|choice|move 1|move 3
|
|move|p2a: Starmie|Recover|p2a: Starmie
|-heal|p2a: Starmie|321\/323 par
|cant|p1a: Tauros|par
|
|turn|22
|choice|switch 4|move 2
|
|switch|p1a: Chansey|Chansey|629\/703 frz
|cant|p2a: Starmie|par
|
|turn|23
|choice|switch 2|switch 2
|
|switch|p1a: Jynx|Jynx|333\/333 slp
|switch|p2a: Koopacow|Tauros|353\/353
|
|turn|24
|choice|switch 2|move 1
|
|switch|p1a: Chansey|Chansey|629\/703 frz
|move|p2a: Koopacow|Body Slam|p1a: Chansey
|-damage|p1a: Chansey|378\/703 frz
|
|turn|25
|choice|switch 2|move 1
|
|switch|p1a: Jynx|Jynx|333\/333 slp
|move|p2a: Koopacow|Body Slam|p1a: Jynx
|-crit|p1a: Jynx
|-damage|p1a: Jynx|0 fnt
|faint|p1a: Jynx
|j|Duck
|c|★charrol|no
|c|★charrol|miss click
|c|★charrol|ouz
|choice|switch 6|
|
|switch|p1a: Starmie|Starmie|323\/323
|turn|26
|l|Duck
|choice|switch 4|switch 2
|
|switch|p1a: Tauros|Tauros|353\/353 par
|switch|p2a: Starmie|Starmie|321\/323 par
|
|turn|27
|choice|move 1|move 2
|
|move|p2a: Starmie|Thunderbolt|p1a: Tauros
|-crit|p1a: Tauros
|-damage|p1a: Tauros|166\/353 par
|move|p1a: Tauros|Body Slam|p2a: Starmie
|-damage|p2a: Starmie|207\/323 par
|
|turn|28
|j|Alexander
|choice|move 3|switch 6
|
|switch|p2a: Gengar|Gengar|323\/323 slp
|cant|p1a: Tauros|par
|
|turn|29
|choice|move 2|move 2
|
|cant|p2a: Gengar|slp
|move|p1a: Tauros|Earthquake|p2a: Gengar
|-supereffective|p2a: Gengar
|-damage|p2a: Gengar|111\/323 slp
|
|turn|30
|choice|move 4|switch 5
|
|switch|p2a: Zapdos|Zapdos|247\/383
|move|p1a: Tauros|Blizzard|p2a: Zapdos
|-supereffective|p2a: Zapdos
|-damage|p2a: Zapdos|119\/383
|
|turn|31
|choice|switch 2|move 2
|
|switch|p1a: Chansey|Chansey|378\/703 frz
|move|p2a: Zapdos|Thunderbolt|p1a: Chansey
|-damage|p1a: Chansey|242\/703 frz
|
|turn|32
|choice|move 1|move 3
|
|move|p2a: Zapdos|Thunder Wave|p1a: Chansey
|-fail|p1a: Chansey
|cant|p1a: Chansey|frz
|
|turn|33
|choice|move 1|move 2
|
|move|p2a: Zapdos|Thunderbolt|p1a: Chansey
|-damage|p1a: Chansey|125\/703 frz
|cant|p1a: Chansey|frz
|
|turn|34
|choice|move 1|move 1
|
|move|p2a: Zapdos|Drill Peck|p1a: Chansey
|-damage|p1a: Chansey|0 fnt
|faint|p1a: Chansey
|choice|switch 4|
|
|switch|p1a: Starmie|Starmie|323\/323
|turn|35
|choice|move 1|switch 3
|
|switch|p2a: Chansey|Chansey|703\/703 par
|move|p1a: Starmie|Blizzard|p2a: Chansey|[miss]
|-miss|p1a: Starmie
|
|turn|36
|choice|switch 2|move 4
|
|switch|p1a: Tauros|Tauros|166\/353 par
|move|p2a: Chansey|Ice Beam|p1a: Tauros
|-damage|p1a: Tauros|69\/353 par
|
|turn|37
|choice|move 2|switch 5
|
|switch|p2a: Gengar|Gengar|111\/323 slp
|cant|p1a: Tauros|par
|
|turn|38
|choice|move 2|move 2
|
|cant|p2a: Gengar|slp
|move|p1a: Tauros|Earthquake|p2a: Gengar
|-supereffective|p2a: Gengar
|-damage|p2a: Gengar|0 fnt
|faint|p2a: Gengar
|choice||switch 3
|
|switch|p2a: Zapdos|Zapdos|119\/383
|turn|39
|choice|move 1|move 1
|
|move|p2a: Zapdos|Drill Peck|p1a: Tauros
|-damage|p1a: Tauros|0 fnt
|faint|p1a: Tauros
|choice|switch 2|
|
|switch|p1a: Starmie|Starmie|323\/323
|turn|40
|choice|switch 3|switch 5
|
|switch|p1a: Exeggutor|Exeggutor|193\/393
|switch|p2a: Chansey|Chansey|703\/703 par
|
|turn|41
|choice|move 3|switch 6
|
|switch|p2a: Starmie|Starmie|207\/323 par
|move|p1a: Exeggutor|Psychic|p2a: Starmie
|-resisted|p2a: Starmie
|-damage|p2a: Starmie|149\/323 par
|-unboost|p2a: Starmie|spd|1
|-unboost|p2a: Starmie|spa|1
|
|turn|42
|choice|move 3|move 3
|
|move|p1a: Exeggutor|Psychic|p2a: Starmie
|-crit|p2a: Starmie
|-resisted|p2a: Starmie
|-damage|p2a: Starmie|18\/323 par
|-unboost|p2a: Starmie|spd|1
|-unboost|p2a: Starmie|spa|1
|move|p2a: Starmie|Recover|p2a: Starmie
|-heal|p2a: Starmie|179\/323 par
|
|turn|43
|choice|move 3|move 4
|
|move|p1a: Exeggutor|Psychic|p2a: Starmie
|-resisted|p2a: Starmie
|-damage|p2a: Starmie|60\/323 par
|cant|p2a: Starmie|par
|
|turn|44
|choice|move 3|move 1
|
|move|p1a: Exeggutor|Psychic|p2a: Starmie
|-resisted|p2a: Starmie
|-damage|p2a: Starmie|0 fnt
|faint|p2a: Starmie
|choice||switch 5
|
|switch|p2a: Zapdos|Zapdos|119\/383
|turn|45
|choice|move 3|switch 6
|
|switch|p2a: Chansey|Chansey|703\/703 par
|move|p1a: Exeggutor|Psychic|p2a: Chansey
|-damage|p2a: Chansey|588\/703 par
|
|turn|46
|j|Asuya
|choice|move 3|move 1
|
|move|p1a: Exeggutor|Psychic|p2a: Chansey
|-damage|p2a: Chansey|466\/703 par
|move|p2a: Chansey|Sing|p1a: Exeggutor
|-status|p1a: Exeggutor|slp
|
|turn|47
|c|★charrol|auz
|j|Bro Kappa
|c|★charrol|gg now i think
|choice|move 4|switch 2
|
|switch|p2a: Koopacow|Tauros|353\/353
|-curestatus|p1a: Exeggutor|slp
|
|turn|48
|c|★InTheTrunkBitch|gg
|choice|switch 3|move 1
|
|switch|p1a: Starmie|Starmie|323\/323
|move|p2a: Koopacow|Body Slam|p1a: Starmie
|-damage|p1a: Starmie|219\/323
|-status|p1a: Starmie|par
|
|turn|49
|j|Ryum
|choice|move 1|move 1
|
|move|p2a: Koopacow|Body Slam|p1a: Starmie
|-damage|p1a: Starmie|107\/323 par
|move|p1a: Starmie|Blizzard|p2a: Koopacow
|-damage|p2a: Koopacow|232\/353
|
|turn|50
|choice|move 4|move 3
|
|move|p2a: Koopacow|Hyper Beam|p1a: Starmie
|-damage|p1a: Starmie|0 fnt
|faint|p1a: Starmie
|c| Asuya|disaster area <3
|choice|switch 3|
|
|switch|p1a: Exeggutor|Exeggutor|193\/393
|turn|51
|c|★InTheTrunkBitch|Asuya :3
|c|★charrol|gg
|c|★InTheTrunkBitch|gg man
|c|★InTheTrunkBitch|was fun
|c|★InTheTrunkBitch|sorry about that early freeze
|c|★charrol|np
|c|★charrol|tied a comeback but was too hard
|c|★charrol|tried
|choice|move 4|move 3
|
|move|p2a: Koopacow|Hyper Beam|p1a: Exeggutor|[miss]
|-miss|p2a: Koopacow
|move|p1a: Exeggutor|Explosion|p2a: Koopacow
|-damage|p2a: Koopacow|0 fnt
|faint|p2a: Koopacow
|faint|p1a: Exeggutor
|
|win|InTheTrunkBitch
|player|p1
|player|p2
|j|amberrlamps
|l|amberrlamps
|l|Ryum
|l|Asuya
|l|GEOCONTROLLO
|j|ZNain
|l|smilzo
|l|Bro Kappa
|j|Slimmer