|join|nice thighs
|join|Dary0903
|player|p1|nice thighs|151
|player|p2|Dary0903|169
|gametype|singles
|gen|1
|tier|[Gen 1] Random Battle
|rated
|rule|Sleep Clause Mod: Limit one foe put to sleep
|rule|Freeze Clause Mod: Limit one foe frozen
|rule|HP Percentage Mod: HP is shown in percentages
|
|start
|switch|p1a: Sandslash|Sandslash, L85|301\/301
|switch|p2a: Gloom|Gloom, L90|291\/291
|turn|1
|
|switch|p1a: Clefable|Clefable, L85|335\/335
|move|p2a: Gloom|Sleep Powder|p1a: Clefable|[miss]
|-miss|p2a: Gloom
|
|turn|2
|
|move|p1a: Clefable|Ice Beam|p2a: Gloom
|-crit|p2a: Gloom
|-supereffective|p2a: Gloom
|-damage|p2a: Gloom|46\/291
|move|p2a: Gloom|Sleep Powder|p1a: Clefable
|-status|p1a: Clefable|slp
|
|turn|3
|
|switch|p1a: Dragonair|Dragonair, L85|277\/277
|move|p2a: Gloom|Swords Dance|p2a: Gloom
|-boost|p2a: Gloom|atk|2
|
|turn|4
|
|switch|p2a: Blastoise|Blastoise, L85|308\/308
|move|p1a: Dragonair|Ice Beam|p2a: Blastoise
|-resisted|p2a: Blastoise
|-damage|p2a: Blastoise|279\/308
|
|turn|5
|
|switch|p1a: Cloyster|Cloyster, L83|253\/253
|move|p2a: Blastoise|Blizzard|p1a: Cloyster
|-crit|p1a: Cloyster
|-resisted|p1a: Cloyster
|-damage|p1a: Cloyster|211\/253
|
|turn|6
|
|switch|p2a: Ivysaur|Ivysaur, L85|276\/276
|move|p1a: Cloyster|Toxic|p2a: Ivysaur
|
|turn|7
|
|switch|p1a: Dragonair|Dragonair, L85|277\/277
|move|p2a: Ivysaur|Leech Seed|p1a: Dragonair|[miss]
|-miss|p2a: Ivysaur
|
|turn|8
|
|switch|p2a: Blastoise|Blastoise, L85|279\/308
|move|p1a: Dragonair|Ice Beam|p2a: Blastoise
|-resisted|p2a: Blastoise
|-damage|p2a: Blastoise|249\/308
|
|turn|9
|
|switch|p1a: Cloyster|Cloyster, L83|211\/253
|move|p2a: Blastoise|Blizzard|p1a: Cloyster
|-resisted|p1a: Cloyster
|-damage|p1a: Cloyster|190\/253
|
|turn|10
|
|move|p2a: Blastoise|Earthquake|p1a: Cloyster
|-damage|p1a: Cloyster|149\/253
|move|p1a: Cloyster|Blizzard|p2a: Blastoise|[miss]
|-miss|p1a: Cloyster
|
|turn|11
|
|move|p2a: Blastoise|Earthquake|p1a: Cloyster
|-damage|p1a: Cloyster|112\/253
|move|p1a: Cloyster|Toxic|p2a: Blastoise
|-status|p2a: Blastoise|tox
|
|turn|12
|
|switch|p1a: Moltres|Moltres, L85|327\/327
|move|p2a: Blastoise|Earthquake|p1a: Moltres
|-immune|p1a: Moltres|[msg]
|-damage|p2a: Blastoise|230\/308 tox|[from] tox|[of] p1a: Moltres
|
|turn|13
|
|switch|p1a: Cloyster|Cloyster, L83|112\/253
|move|p2a: Blastoise|Surf|p1a: Cloyster
|-resisted|p1a: Cloyster
|-damage|p1a: Cloyster|61\/253
|-damage|p2a: Blastoise|192\/308 tox|[from] tox|[of] p1a: Cloyster
|
|turn|14
|
|move|p2a: Blastoise|Surf|p1a: Cloyster
|-crit|p1a: Cloyster
|-resisted|p1a: Cloyster
|-damage|p1a: Cloyster|0 fnt
|faint|p1a: Cloyster
|
|switch|p1a: Clefable|Clefable, L85|335\/335 slp
|turn|15
|
|move|p2a: Blastoise|Blizzard|p1a: Clefable
|-damage|p1a: Clefable|253\/335 slp
|-damage|p2a: Blastoise|135\/308 tox|[from] tox|[of] p1a: Clefable
|cant|p1a: Clefable|slp
|
|turn|16
|
|move|p2a: Blastoise|Surf|p1a: Clefable
|-crit|p1a: Clefable
|-damage|p1a: Clefable|57\/335 slp
|-damage|p2a: Blastoise|59\/308 tox|[from] tox|[of] p1a: Clefable
|cant|p1a: Clefable|slp
|
|turn|17
|
|switch|p1a: Dragonair|Dragonair, L85|277\/277
|move|p2a: Blastoise|Surf|p1a: Dragonair
|-resisted|p1a: Dragonair
|-damage|p1a: Dragonair|224\/277
|-damage|p2a: Blastoise|0 fnt|[from] tox|[of] p1a: Dragonair
|faint|p2a: Blastoise
|
|switch|p2a: Articuno|Articuno, L79|304\/304
|turn|18
|
|switch|p1a: Clefable|Clefable, L85|57\/335 slp
|move|p2a: Articuno|Mimic|p1a: Clefable
|-start|p2a: Articuno|Mimic|Hyper Beam
|
|turn|19
|
|move|p2a: Articuno|Ice Beam|p1a: Clefable
|-damage|p1a: Clefable|0 fnt
|faint|p1a: Clefable
|
|switch|p1a: Moltres|Moltres, L85|327\/327
|turn|20
|
|switch|p2a: Gloom|Gloom, L90|46\/291
|move|p1a: Moltres|Fire Blast|p2a: Gloom
|-supereffective|p2a: Gloom
|-damage|p2a: Gloom|0 fnt
|faint|p2a: Gloom
|
|switch|p2a: Rapidash|Rapidash, L90|300\/300
|turn|21
|
|switch|p1a: Dragonair|Dragonair, L85|224\/277
|move|p2a: Rapidash|Toxic|p1a: Dragonair
|-status|p1a: Dragonair|tox
|
|turn|22
|
|move|p2a: Rapidash|Fire Blast|p1a: Dragonair
|-resisted|p1a: Dragonair
|-damage|p1a: Dragonair|145\/277 tox
|move|p1a: Dragonair|Agility|p1a: Dragonair
|-boost|p1a: Dragonair|spe|2
|-damage|p1a: Dragonair|128\/277 tox|[from] psn
|
|turn|23
|
|move|p1a: Dragonair|Ice Beam|p2a: Rapidash
|-damage|p2a: Rapidash|243\/300
|-damage|p1a: Dragonair|94\/277 tox|[from] tox|[of] p2a: Rapidash
|move|p2a: Rapidash|Hyper Beam|p1a: Dragonair|[miss]
|-miss|p2a: Rapidash
|
|turn|24
|
|move|p1a: Dragonair|Hyper Beam|p2a: Rapidash
|-damage|p2a: Rapidash|131\/300
|-damage|p1a: Dragonair|43\/277 tox|[from] tox|[of] p2a: Rapidash
|move|p2a: Rapidash|Hyper Beam|p1a: Dragonair
|-damage|p1a: Dragonair|0 fnt
|faint|p1a: Dragonair
|
|switch|p1a: Sandslash|Sandslash, L85|301\/301
|turn|25
|
|move|p2a: Rapidash|Fire Blast|p1a: Sandslash
|-damage|p1a: Sandslash|120\/301
|move|p1a: Sandslash|Body Slam|p2a: Rapidash
|-damage|p2a: Rapidash|67\/300
|
|turn|26
|
|switch|p1a: Moltres|Moltres, L85|327\/327
|move|p2a: Rapidash|Fire Blast|p1a: Moltres
|-resisted|p1a: Moltres
|-damage|p1a: Moltres|282\/327
|
|turn|27
|
|move|p2a: Rapidash|Hyper Beam|p1a: Moltres
|-crit|p1a: Moltres
|-damage|p1a: Moltres|62\/327
|move|p1a: Moltres|Agility|p1a: Moltres
|-boost|p1a: Moltres|spe|2
|
|turn|28
|-mustrecharge|p2a: Rapidash
|-mustrecharge|p2a: Rapidash
|
|move|p1a: Moltres|Hyper Beam|p2a: Rapidash
|-crit|p2a: Rapidash
|-damage|p2a: Rapidash|0 fnt
|faint|p2a: Rapidash
|
|switch|p2a: Growlithe|Growlithe, L96|300\/300
|turn|29
|
|move|p1a: Moltres|Hyper Beam|p2a: Growlithe
|-damage|p2a: Growlithe|151\/300
|move|p2a: Growlithe|Body Slam|p1a: Moltres
|-damage|p1a: Moltres|4\/327
|-status|p1a: Moltres|par
|
|turn|30
|-mustrecharge|p1a: Moltres
|-mustrecharge|p1a: Moltres
|
|move|p2a: Growlithe|Body Slam|p1a: Moltres
|-damage|p1a: Moltres|0 fnt
|faint|p1a: Moltres
|
|switch|p1a: Kangaskhan|Kangaskhan, L85|352\/352
|turn|31
|
|move|p1a: Kangaskhan|Hyper Beam|p2a: Growlithe
|-damage|p2a: Growlithe|0 fnt
|faint|p2a: Growlithe
|
|switch|p2a: Articuno|Articuno, L79|304\/304
|turn|32
|
|move|p1a: Kangaskhan|Body Slam|p2a: Articuno
|-damage|p2a: Articuno|215\/304
|move|p2a: Articuno|Blizzard|p1a: Kangaskhan
|-damage|p1a: Kangaskhan|141\/352
|
|turn|33
|
|move|p1a: Kangaskhan|Hyper Beam|p2a: Articuno
|-damage|p2a: Articuno|56\/304
|move|p2a: Articuno|Blizzard|p1a: Kangaskhan
|-damage|p1a: Kangaskhan|0 fnt
|faint|p1a: Kangaskhan
|
|switch|p1a: Sandslash|Sandslash, L85|120\/301
|turn|34
|
|move|p2a: Articuno|Ice Beam|p1a: Sandslash
|-supereffective|p1a: Sandslash
|-damage|p1a: Sandslash|0 fnt
|faint|p1a: Sandslash
|
|win|Dary0903
|raw|nice thighs's rating: 1363 &rarr; <strong>1330<\/strong><br \/>(-33 for losing)
|raw|Dary0903's rating: 1079 &rarr; <strong>1126<\/strong><br \/>(+47 for winning)
|leave|nice thighs
|player|p1