|j|Cacamoumdr
|j|pcontreras18
|player|p1|Cacamoumdr|1
|player|p2|pcontreras18|266
|gametype|singles
|gen|1
|tier|[Gen 1] Random Battle
|rated
|seed|5965,20476,19633,28687
|rule|Sleep Clause Mod: Limit one foe put to sleep
|rule|Freeze Clause Mod: Limit one foe frozen
|rule|HP Percentage Mod: HP is shown in percentages
|
|start
|switch|p1a: Horsea|Horsea, L96|252\/252
|switch|p2a: Seaking|Seaking, L90|327\/327
|turn|1
|c|★pcontreras18|AMAZING GRAPHICS! :O
|choice|switch 4|move 4
|
|switch|p1a: Electabuzz|Electabuzz, L85|284\/284
|move|p2a: Seaking|Double-Edge|p1a: Electabuzz
|-damage|p1a: Electabuzz|185\/284
|-damage|p2a: Seaking|303\/327|[from] recoil|[of] p1a: Electabuzz
|
|turn|2
|c|★Cacamoumdr|Yeah sure
|choice|move 1|switch 3
|
|switch|p2a: Sandslash|Sandslash, L85|301\/301
|move|p1a: Electabuzz|Thunderbolt|p2a: Sandslash
|-immune|p2a: Sandslash|[msg]
|
|turn|3
|choice|switch 5|move 1
|
|switch|p1a: Fearow|Fearow, L90|300\/300
|move|p2a: Sandslash|Earthquake|p1a: Fearow
|-immune|p1a: Fearow|[msg]
|
|turn|4
|choice|move 4|move 3
|
|move|p1a: Fearow|Drill Peck|p2a: Sandslash
|-damage|p2a: Sandslash|227\/301
|move|p2a: Sandslash|Body Slam|p1a: Fearow
|-damage|p1a: Fearow|226\/300
|
|turn|5
|choice|move 1|move 4
|
|move|p1a: Fearow|Double-Edge|p2a: Sandslash
|-damage|p2a: Sandslash|129\/301
|-damage|p1a: Fearow|202\/300|[from] recoil|[of] p2a: Sandslash
|move|p2a: Sandslash|Swords Dance|p2a: Sandslash
|-boost|p2a: Sandslash|atk|2
|
|turn|6
|choice|move 3|move 3
|
|move|p1a: Fearow|Hyper Beam|p2a: Sandslash
|-damage|p2a: Sandslash|0 fnt
|faint|p2a: Sandslash
|choice||switch 4
|
|switch|p2a: Machamp|Machamp, L90|345\/345
|turn|7
|choice|move 4|move 2
|
|move|p1a: Fearow|Drill Peck|p2a: Machamp
|-supereffective|p2a: Machamp
|-damage|p2a: Machamp|156\/345
|move|p2a: Machamp|Rock Slide|p1a: Fearow
|-crit|p1a: Fearow
|-supereffective|p1a: Fearow
|-damage|p1a: Fearow|0 fnt
|faint|p1a: Fearow
|choice|switch 5|
|
|switch|p1a: Electabuzz|Electabuzz, L85|185\/284
|turn|8
|choice|move 2|move 3
|
|move|p1a: Electabuzz|Thunder Wave|p2a: Machamp
|-status|p2a: Machamp|par
|move|p2a: Machamp|Earthquake|p1a: Electabuzz
|-supereffective|p1a: Electabuzz
|-damage|p1a: Electabuzz|0 fnt
|faint|p1a: Electabuzz
|choice|switch 2|
|
|switch|p1a: Ekans|Ekans, L96|262\/262
|turn|9
|choice|move 1|move 3
|
|move|p1a: Ekans|Body Slam|p2a: Machamp
|-damage|p2a: Machamp|96\/345 par
|move|p2a: Machamp|Earthquake|p1a: Ekans
|-supereffective|p1a: Ekans
|-damage|p1a: Ekans|0 fnt
|faint|p1a: Ekans
|choice|switch 6|
|
|switch|p1a: Porygon|Porygon, L85|284\/284
|turn|10
|choice|move 3|move 1
|
|move|p1a: Porygon|Psychic|p2a: Machamp
|-supereffective|p2a: Machamp
|-damage|p2a: Machamp|0 fnt
|faint|p2a: Machamp
|choice||switch 6
|
|switch|p2a: Kingler|Kingler, L85|267\/267
|turn|11
|choice|move 4|move 1
|
|move|p2a: Kingler|Crabhammer|p1a: Porygon
|-crit|p1a: Porygon
|-damage|p1a: Porygon|150\/284
|move|p1a: Porygon|Thunderbolt|p2a: Kingler
|-supereffective|p2a: Kingler
|-damage|p2a: Kingler|109\/267
|
|turn|12
|choice|move 4|move 1
|
|move|p2a: Kingler|Crabhammer|p1a: Porygon
|-crit|p1a: Porygon
|-damage|p1a: Porygon|12\/284
|move|p1a: Porygon|Thunderbolt|p2a: Kingler
|-supereffective|p2a: Kingler
|-damage|p2a: Kingler|0 fnt
|faint|p2a: Kingler
|choice||switch 3
|
|switch|p2a: Seaking|Seaking, L90|303\/327
|turn|13
|choice|move 4|move 2
|
|move|p2a: Seaking|Surf|p1a: Porygon
|-damage|p1a: Porygon|0 fnt
|faint|p1a: Porygon
|choice|switch 3|
|
|switch|p1a: Jynx|Jynx, L79|265\/265
|turn|14
|choice|move 1|move 4
|
|move|p1a: Jynx|Lovely Kiss|p2a: Seaking
|-status|p2a: Seaking|slp
|-curestatus|p2a: Seaking|slp
|
|turn|15
|choice|move 1|move 4
|
|move|p1a: Jynx|Lovely Kiss|p2a: Seaking
|-status|p2a: Seaking|slp
|cant|p2a: Seaking|slp
|
|turn|16
|choice|move 2|move 4
|
|move|p1a: Jynx|Psychic|p2a: Seaking
|-damage|p2a: Seaking|227\/327 slp
|cant|p2a: Seaking|slp
|
|turn|17
|choice|move 2|move 4
|
|move|p1a: Jynx|Psychic|p2a: Seaking
|-damage|p2a: Seaking|147\/327 slp
|-unboost|p2a: Seaking|spd|1
|-unboost|p2a: Seaking|spa|1
|cant|p2a: Seaking|slp
|
|turn|18
|choice|move 2|move 4
|
|move|p1a: Jynx|Psychic|p2a: Seaking
|-damage|p2a: Seaking|19\/327 slp
|cant|p2a: Seaking|slp
|
|turn|19
|choice|move 2|move 4
|
|move|p1a: Jynx|Psychic|p2a: Seaking
|-crit|p2a: Seaking
|-damage|p2a: Seaking|0 fnt
|faint|p2a: Seaking
|choice||switch 2
|
|switch|p2a: Kangaskhan|Kangaskhan, L85|352\/352
|turn|20
|choice|move 1|move 4
|
|move|p2a: Kangaskhan|Earthquake|p1a: Jynx
|-damage|p1a: Jynx|146\/265
|move|p1a: Jynx|Lovely Kiss|p2a: Kangaskhan
|-status|p2a: Kangaskhan|slp
|
|turn|21
|choice|move 2|move 4
|
|cant|p2a: Kangaskhan|slp
|move|p1a: Jynx|Psychic|p2a: Kangaskhan
|-damage|p2a: Kangaskhan|218\/352 slp
|-unboost|p2a: Kangaskhan|spd|1
|-unboost|p2a: Kangaskhan|spa|1
|
|turn|22
|choice|move 2|move 4
|
|cant|p2a: Kangaskhan|slp
|move|p1a: Jynx|Psychic|p2a: Kangaskhan
|-crit|p2a: Kangaskhan
|-damage|p2a: Kangaskhan|0 fnt
|faint|p2a: Kangaskhan
|choice||switch 5
|
|switch|p2a: Alakazam|Alakazam, L79|249\/249
|turn|23
|choice|move 1|move 1
|
|move|p2a: Alakazam|Psychic|p1a: Jynx
|-resisted|p1a: Jynx
|-damage|p1a: Jynx|92\/265
|move|p1a: Jynx|Lovely Kiss|p2a: Alakazam|[miss]
|-miss|p1a: Jynx
|
|turn|24
|choice|move 1|move 1
|
|move|p2a: Alakazam|Psychic|p1a: Jynx
|-resisted|p1a: Jynx
|-damage|p1a: Jynx|40\/265
|-unboost|p1a: Jynx|spd|1
|-unboost|p1a: Jynx|spa|1
|move|p1a: Jynx|Lovely Kiss|p2a: Alakazam
|-status|p2a: Alakazam|slp
|
|turn|25
|choice|move 4|move 2
|
|cant|p2a: Alakazam|slp
|move|p1a: Jynx|Blizzard|p2a: Alakazam
|-damage|p2a: Alakazam|189\/249 slp
|
|turn|26
|choice|move 4|move 2
|
|cant|p2a: Alakazam|slp
|move|p1a: Jynx|Blizzard|p2a: Alakazam
|-damage|p2a: Alakazam|131\/249 slp
|
|turn|27
|choice|move 4|move 2
|
|cant|p2a: Alakazam|slp
|move|p1a: Jynx|Blizzard|p2a: Alakazam
|-damage|p2a: Alakazam|76\/249 slp
|
|turn|28
|choice|move 4|move 2
|
|cant|p2a: Alakazam|slp
|move|p1a: Jynx|Blizzard|p2a: Alakazam
|-damage|p2a: Alakazam|14\/249 slp
|
|turn|29
|choice|move 2|move 2
|
|cant|p2a: Alakazam|slp
|move|p1a: Jynx|Psychic|p2a: Alakazam
|-resisted|p2a: Alakazam
|-damage|p2a: Alakazam|0 fnt
|faint|p2a: Alakazam
|
|win|Cacamoumdr
|raw|Cacamoumdr's rating: 1123 &rarr; <strong>1140<\/strong><br \/>(+17 for winning)
|raw|pcontreras18's rating: 1000 &rarr; <strong>1000<\/strong><br \/>(+0 for losing)
|c|★pcontreras18|GG
|c|★Cacamoumdr|GG :)
|l|pcontreras18
|player|p2
|l|Cacamoumdr
|player|p1
|j|Cacamoumdr
|player|p1|Cacamoumdr|1