|j|eldougi
|j|MALESANI
|player|p1|eldougi|1
|player|p2|MALESANI|238
|gametype|singles
|gen|1
|tier|[Gen 1] Random Battle
|rated
|seed|9591,49954,12010,23099
|rule|Sleep Clause Mod: Limit one foe put to sleep
|rule|Freeze Clause Mod: Limit one foe frozen
|rule|HP Percentage Mod: HP is shown in percentages
|
|start
|switch|p1a: Pinsir|Pinsir, L85|284\/284
|switch|p2a: Rhyhorn|Rhyhorn, L96|348\/348
|turn|1
|choice|switch 2|switch 6
|
|switch|p1a: Kabutops|Kabutops, L85|276\/276
|switch|p2a: Nidorino|Nidorino, L90|293\/293
|
|turn|2
|choice|switch 6|move 4
|
|switch|p1a: Sandslash|Sandslash, L85|301\/301
|move|p2a: Nidorino|Thunder|p1a: Sandslash
|-immune|p1a: Sandslash|[msg]
|
|turn|3
|choice|move 1|switch 4
|
|switch|p2a: Vaporeon|Vaporeon, L85|395\/395
|move|p1a: Sandslash|Earthquake|p2a: Vaporeon
|-damage|p2a: Vaporeon|264\/395
|
|turn|4
|choice|switch 5|move 1
|
|switch|p1a: Chansey|Chansey, L79|557\/557
|move|p2a: Vaporeon|Surf|p1a: Chansey
|-damage|p1a: Chansey|448\/557
|
|turn|5
|choice|move 2|switch 6
|
|switch|p2a: Rhyhorn|Rhyhorn, L96|348\/348
|move|p1a: Chansey|Thunder Wave|p2a: Rhyhorn
|-immune|p2a: Rhyhorn|[msg]
|
|turn|6
|choice|switch 6|move 1
|
|switch|p1a: Kabutops|Kabutops, L85|276\/276
|move|p2a: Rhyhorn|Earthquake|p1a: Kabutops
|-supereffective|p1a: Kabutops
|-damage|p1a: Kabutops|66\/276
|
|turn|7
|choice|move 4|switch 6
|
|switch|p2a: Vaporeon|Vaporeon, L85|264\/395
|move|p1a: Kabutops|Surf|p2a: Vaporeon
|-resisted|p2a: Vaporeon
|-damage|p2a: Vaporeon|227\/395
|
|turn|8
|choice|move 3|move 1
|
|move|p1a: Kabutops|Hyper Beam|p2a: Vaporeon
|-damage|p2a: Vaporeon|67\/395
|move|p2a: Vaporeon|Surf|p1a: Kabutops
|-damage|p1a: Kabutops|0 fnt
|faint|p1a: Kabutops
|choice|switch 2|
|
|switch|p1a: Pinsir|Pinsir, L85|284\/284
|turn|9
|choice|move 3|move 1
|
|move|p1a: Pinsir|Body Slam|p2a: Vaporeon
|-damage|p2a: Vaporeon|0 fnt
|faint|p2a: Vaporeon
|choice||switch 5
|
|switch|p2a: Zapdos|Zapdos, L79|304\/304
|turn|10
|choice|switch 5|move 1
|
|switch|p1a: Sandslash|Sandslash, L85|301\/301
|move|p2a: Zapdos|Drill Peck|p1a: Sandslash
|-damage|p1a: Sandslash|237\/301
|
|turn|11
|choice|move 2|switch 4
|
|switch|p2a: Nidorino|Nidorino, L90|293\/293
|move|p1a: Sandslash|Swords Dance|p1a: Sandslash
|-boost|p1a: Sandslash|atk|2
|
|turn|12
|choice|move 1|move 3
|
|move|p2a: Nidorino|Blizzard|p1a: Sandslash
|-supereffective|p1a: Sandslash
|-damage|p1a: Sandslash|66\/301
|move|p1a: Sandslash|Earthquake|p2a: Nidorino
|-supereffective|p2a: Nidorino
|-damage|p2a: Nidorino|0 fnt
|faint|p2a: Nidorino
|choice||switch 3
|
|switch|p2a: Tentacruel|Tentacruel, L85|310\/310
|turn|13
|choice|switch 6|move 2
|
|switch|p1a: Chansey|Chansey, L79|448\/557
|move|p2a: Tentacruel|Surf|p1a: Chansey
|-damage|p1a: Chansey|340\/557
|
|turn|14
|choice|move 2|switch 6
|
|switch|p2a: Rhyhorn|Rhyhorn, L96|348\/348
|move|p1a: Chansey|Thunder Wave|p2a: Rhyhorn
|-immune|p2a: Rhyhorn|[msg]
|
|turn|15
|choice|switch 3|move 2
|
|switch|p1a: Charizard|Charizard, L85|306\/306
|move|p2a: Rhyhorn|Body Slam|p1a: Charizard
|-damage|p1a: Charizard|236\/306
|
|turn|16
|choice|move 4|move 4
|
|move|p1a: Charizard|Fire Blast|p2a: Rhyhorn
|-resisted|p2a: Rhyhorn
|-damage|p2a: Rhyhorn|257\/348
|move|p2a: Rhyhorn|Rock Slide|p1a: Charizard|[miss]
|-miss|p2a: Rhyhorn
|
|turn|17
|choice|move 4|move 4
|
|move|p1a: Charizard|Fire Blast|p2a: Rhyhorn
|-resisted|p2a: Rhyhorn
|-damage|p2a: Rhyhorn|172\/348
|-status|p2a: Rhyhorn|brn
|move|p2a: Rhyhorn|Rock Slide|p1a: Charizard
|-supereffective|p1a: Charizard
|-damage|p1a: Charizard|34\/306
|-damage|p2a: Rhyhorn|151\/348 brn|[from] brn|[of] p1a: Charizard
|
|turn|18
|choice|switch 6|move 2
|
|switch|p1a: Sandslash|Sandslash, L85|66\/301
|move|p2a: Rhyhorn|Body Slam|p1a: Sandslash
|-damage|p1a: Sandslash|35\/301
|-damage|p2a: Rhyhorn|130\/348 brn|[from] brn|[of] p1a: Sandslash
|
|turn|19
|choice|move 1|move 1
|
|move|p1a: Sandslash|Earthquake|p2a: Rhyhorn
|-supereffective|p2a: Rhyhorn
|-damage|p2a: Rhyhorn|0 fnt
|faint|p2a: Rhyhorn
|choice||switch 4
|
|switch|p2a: Zapdos|Zapdos, L79|304\/304
|turn|20
|choice|move 4|move 1
|
|move|p2a: Zapdos|Drill Peck|p1a: Sandslash
|-crit|p1a: Sandslash
|-damage|p1a: Sandslash|0 fnt
|faint|p1a: Sandslash
|choice|switch 4|
|
|switch|p1a: Mew|Mew, L74|300\/300
|turn|21
|choice|move 3|move 4
|
|move|p2a: Zapdos|Thunder Wave|p1a: Mew
|-status|p1a: Mew|par
|move|p1a: Mew|Thunderbolt|p2a: Zapdos
|-damage|p2a: Zapdos|260\/304
|
|turn|22
|choice|move 3|move 2
|
|move|p2a: Zapdos|Agility|p2a: Zapdos
|-boost|p2a: Zapdos|spe|2
|cant|p1a: Mew|par
|
|turn|23
|choice|move 3|move 3
|
|move|p2a: Zapdos|Thunderbolt|p1a: Mew
|-damage|p1a: Mew|196\/300 par
|cant|p1a: Mew|par
|
|turn|24
|choice|move 3|move 3
|
|move|p2a: Zapdos|Thunderbolt|p1a: Mew
|-crit|p1a: Mew
|-damage|p1a: Mew|0 fnt
|faint|p1a: Mew
|choice|switch 3|
|
|switch|p1a: Chansey|Chansey, L79|340\/557
|turn|25
|choice|move 2|move 1
|
|move|p2a: Zapdos|Drill Peck|p1a: Chansey
|-damage|p1a: Chansey|150\/557
|move|p1a: Chansey|Thunder Wave|p2a: Zapdos
|-status|p2a: Zapdos|par
|
|turn|26
|choice|move 1|move 1
|
|move|p1a: Chansey|Soft-Boiled|p1a: Chansey
|-heal|p1a: Chansey|428\/557
|move|p2a: Zapdos|Drill Peck|p1a: Chansey
|-crit|p1a: Chansey
|-damage|p1a: Chansey|58\/557
|
|turn|27
|choice|move 1|move 4
|
|move|p1a: Chansey|Soft-Boiled|p1a: Chansey
|-heal|p1a: Chansey|336\/557
|move|p2a: Zapdos|Thunder Wave|p1a: Chansey
|-status|p1a: Chansey|par
|
|turn|28
|choice|move 3|move 1
|
|move|p2a: Zapdos|Drill Peck|p1a: Chansey
|-crit|p1a: Chansey
|-damage|p1a: Chansey|0 fnt
|faint|p1a: Chansey
|choice|switch 6|
|
|switch|p1a: Charizard|Charizard, L85|34\/306
|turn|29
|choice|move 4|move 3
|
|move|p1a: Charizard|Fire Blast|p2a: Zapdos
|-damage|p2a: Zapdos|159\/304 par
|move|p2a: Zapdos|Thunderbolt|p1a: Charizard
|-supereffective|p1a: Charizard
|-damage|p1a: Charizard|0 fnt
|faint|p1a: Charizard
|choice|switch 5|
|
|switch|p1a: Pinsir|Pinsir, L85|284\/284
|turn|30
|choice|move 3|move 4
|
|move|p1a: Pinsir|Body Slam|p2a: Zapdos
|-damage|p2a: Zapdos|75\/304 par
|move|p2a: Zapdos|Thunder Wave|p1a: Pinsir
|-status|p1a: Pinsir|par
|
|turn|31
|choice|move 4|move 1
|
|cant|p2a: Zapdos|par
|move|p1a: Pinsir|Hyper Beam|p2a: Zapdos
|-crit|p2a: Zapdos
|-damage|p2a: Zapdos|0 fnt
|faint|p2a: Zapdos
|choice||switch 2
|
|switch|p2a: Tauros|Tauros, L79|280\/280
|turn|32
|choice|move 1|move 3
|
|move|p2a: Tauros|Body Slam|p1a: Pinsir
|-crit|p1a: Pinsir
|-damage|p1a: Pinsir|133\/284 par
|move|p1a: Pinsir|Submission|p2a: Tauros
|-supereffective|p2a: Tauros
|-damage|p2a: Tauros|151\/280
|-damage|p1a: Pinsir|101\/284 par|[from] recoil|[of] p2a: Tauros
|
|turn|33
|choice|move 4|move 3
|
|move|p2a: Tauros|Body Slam|p1a: Pinsir
|-damage|p1a: Pinsir|25\/284 par
|move|p1a: Pinsir|Hyper Beam|p2a: Tauros
|-damage|p2a: Tauros|18\/280
|
|turn|34
|-mustrecharge|p1a: Pinsir
|-mustrecharge|p1a: Pinsir
|choice|move 1|move 2
|
|move|p2a: Tauros|Earthquake|p1a: Pinsir
|-crit|p1a: Pinsir
|-resisted|p1a: Pinsir
|-damage|p1a: Pinsir|0 fnt
|faint|p1a: Pinsir
|
|win|MALESANI
|raw|eldougi's rating: 1312 &rarr; <strong>1297<\/strong><br \/>(-15 for losing)
|raw|MALESANI's rating: 1412 &rarr; <strong>1426<\/strong><br \/>(+14 for winning)