|join|luise0608
|join|shadowist
|player|p1|luise0608|169
|player|p2|shadowist|102
|gametype|singles
|gen|1
|tier|[Gen 1] Random Battle
|rated
|rule|Sleep Clause Mod: Limit one foe put to sleep
|rule|Freeze Clause Mod: Limit one foe frozen
|rule|HP Percentage Mod: HP is shown in percentages
|
|start
|switch|p1a: Caterpie|Caterpie, L99|290\/290
|switch|p2a: Articuno|Articuno, L79|304\/304
|turn|1
|
|switch|p1a: Lapras|Lapras, L79|367\/367
|move|p2a: Articuno|Ice Beam|p1a: Lapras
|-resisted|p1a: Lapras
|-damage|p1a: Lapras|342\/367
|
|turn|2
|
|switch|p2a: Kingler|Kingler, L85|267\/267
|move|p1a: Lapras|Thunderbolt|p2a: Kingler
|-supereffective|p2a: Kingler
|-damage|p2a: Kingler|109\/267
|
|turn|3
|
|switch|p2a: Bellsprout|Bellsprout, L96|291\/291
|move|p1a: Lapras|Thunderbolt|p2a: Bellsprout
|-resisted|p2a: Bellsprout
|-damage|p2a: Bellsprout|261\/291
|
|turn|4
|
|move|p1a: Lapras|Blizzard|p2a: Bellsprout
|-supereffective|p2a: Bellsprout
|-damage|p2a: Bellsprout|34\/291
|move|p2a: Bellsprout|Sleep Powder|p1a: Lapras|[miss]
|-miss|p2a: Bellsprout
|
|turn|5
|
|move|p1a: Lapras|Body Slam|p2a: Bellsprout
|-damage|p2a: Bellsprout|0 fnt
|faint|p2a: Bellsprout
|
|switch|p2a: Hitmonchan|Hitmonchan, L90|273\/273
|turn|6
|
|move|p2a: Hitmonchan|Submission|p1a: Lapras
|-supereffective|p1a: Lapras
|-damage|p1a: Lapras|91\/367
|-damage|p2a: Hitmonchan|211\/273|[from] recoil|[of] p1a: Lapras
|move|p1a: Lapras|Confuse Ray|p2a: Hitmonchan
|-start|p2a: Hitmonchan|confusion
|
|turn|7
|
|switch|p2a: Articuno|Articuno, L79|304\/304
|move|p1a: Lapras|Thunderbolt|p2a: Articuno
|-supereffective|p2a: Articuno
|-damage|p2a: Articuno|210\/304
|-status|p2a: Articuno|par
|
|turn|8
|
|switch|p2a: Hitmonchan|Hitmonchan, L90|211\/273
|move|p1a: Lapras|Confuse Ray|p2a: Hitmonchan
|-start|p2a: Hitmonchan|confusion
|
|turn|9
|
|switch|p2a: Snorlax|Snorlax, L79|415\/415
|move|p1a: Lapras|Thunderbolt|p2a: Snorlax
|-crit|p2a: Snorlax
|-damage|p2a: Snorlax|270\/415
|
|turn|10
|
|move|p1a: Lapras|Body Slam|p2a: Snorlax
|-damage|p2a: Snorlax|205\/415
|move|p2a: Snorlax|Amnesia|p2a: Snorlax
|-boost|p2a: Snorlax|spd|2
|-boost|p2a: Snorlax|spa|2
|
|turn|11
|
|move|p1a: Lapras|Body Slam|p2a: Snorlax
|-damage|p2a: Snorlax|146\/415
|move|p2a: Snorlax|Rest|p2a: Snorlax
|-status|p2a: Snorlax|slp
|-heal|p2a: Snorlax|415\/415 slp|[silent]
|-status|p2a: Snorlax|slp|[from] move: Rest
|
|turn|12
|
|move|p1a: Lapras|Thunderbolt|p2a: Snorlax
|-crit|p2a: Snorlax
|-damage|p2a: Snorlax|270\/415 slp
|cant|p2a: Snorlax|slp
|
|turn|13
|
|move|p1a: Lapras|Thunderbolt|p2a: Snorlax
|-damage|p2a: Snorlax|231\/415 slp
|-curestatus|p2a: Snorlax|slp
|
|turn|14
|
|move|p1a: Lapras|Thunderbolt|p2a: Snorlax
|-damage|p2a: Snorlax|196\/415
|move|p2a: Snorlax|Amnesia|p2a: Snorlax
|-boost|p2a: Snorlax|spd|2
|-boost|p2a: Snorlax|spa|2
|
|turn|15
|
|move|p1a: Lapras|Confuse Ray|p2a: Snorlax
|-start|p2a: Snorlax|confusion
|-activate|p2a: Snorlax|confusion
|move|p2a: Snorlax|Earthquake|p1a: Lapras
|-damage|p1a: Lapras|20\/367
|
|turn|16
|
|move|p1a: Lapras|Body Slam|p2a: Snorlax
|-damage|p2a: Snorlax|137\/415
|-activate|p2a: Snorlax|confusion
|-damage|p2a: Snorlax|99\/415|[from] confusion
|
|turn|17
|
|move|p1a: Lapras|Body Slam|p2a: Snorlax
|-damage|p2a: Snorlax|33\/415
|-activate|p2a: Snorlax|confusion
|move|p2a: Snorlax|Rest|p2a: Snorlax
|-status|p2a: Snorlax|slp
|-heal|p2a: Snorlax|415\/415 slp|[silent]
|-status|p2a: Snorlax|slp|[from] move: Rest
|
|turn|18
|
|move|p1a: Lapras|Body Slam|p2a: Snorlax
|-damage|p2a: Snorlax|351\/415 slp
|cant|p2a: Snorlax|slp
|
|turn|19
|
|move|p1a: Lapras|Body Slam|p2a: Snorlax
|-damage|p2a: Snorlax|291\/415 slp
|-curestatus|p2a: Snorlax|slp
|
|turn|20
|
|move|p1a: Lapras|Body Slam|p2a: Snorlax
|-damage|p2a: Snorlax|233\/415
|-end|p2a: Snorlax|confusion
|move|p2a: Snorlax|Earthquake|p1a: Lapras
|-damage|p1a: Lapras|0 fnt
|faint|p1a: Lapras
|
|switch|p1a: Mew|Mew, L74|300\/300
|turn|21
|
|move|p1a: Mew|Horn Drill|p2a: Snorlax|[miss]
|-miss|p1a: Mew
|move|p2a: Snorlax|Earthquake|p1a: Mew
|-damage|p1a: Mew|227\/300
|
|turn|22
|
|move|p1a: Mew|Horn Drill|p2a: Snorlax|[miss]
|-miss|p1a: Mew
|move|p2a: Snorlax|Self-Destruct|p1a: Mew
|-damage|p1a: Mew|0 fnt
|faint|p1a: Mew
|faint|p2a: Snorlax
|
|switch|p2a: Dratini|Dratini, L96|274\/274
|switch|p1a: Caterpie|Caterpie, L99|290\/290
|turn|23
|
|move|p2a: Dratini|Substitute|p2a: Dratini
|-start|p2a: Dratini|Substitute
|-damage|p2a: Dratini|206\/274
|move|p1a: Caterpie|String Shot|p2a: Dratini
|-fail|p2a: Dratini
|
|turn|24
|
|move|p2a: Dratini|Thunder|p1a: Caterpie
|-damage|p1a: Caterpie|172\/290
|move|p1a: Caterpie|Tackle|p2a: Dratini
|-activate|p2a: Dratini|Substitute|[damage]
|
|turn|25
|
|move|p2a: Dratini|Surf|p1a: Caterpie
|-damage|p1a: Caterpie|70\/290
|move|p1a: Caterpie|Tackle|p2a: Dratini
|-activate|p2a: Dratini|Substitute|[damage]
|
|turn|26
|
|move|p2a: Dratini|Surf|p1a: Caterpie
|-damage|p1a: Caterpie|0 fnt
|faint|p1a: Caterpie
|
|switch|p1a: Zapdos|Zapdos, L79|304\/304
|turn|27
|
|move|p1a: Zapdos|Thunderbolt|p2a: Dratini
|-crit|p2a: Dratini
|-resisted|p2a: Dratini
|-end|p2a: Dratini|Substitute
|move|p2a: Dratini|Thunder Wave|p1a: Zapdos
|-status|p1a: Zapdos|par
|
|turn|28
|
|move|p2a: Dratini|Surf|p1a: Zapdos
|-damage|p1a: Zapdos|258\/304 par
|cant|p1a: Zapdos|par
|
|turn|29
|
|move|p2a: Dratini|Substitute|p2a: Dratini
|-start|p2a: Dratini|Substitute
|-damage|p2a: Dratini|138\/274
|move|p1a: Zapdos|Thunder Wave|p2a: Dratini
|-status|p2a: Dratini|par
|
|turn|30
|
|move|p1a: Zapdos|Drill Peck|p2a: Dratini
|-end|p2a: Dratini|Substitute
|move|p2a: Dratini|Thunder|p1a: Zapdos
|-damage|p1a: Zapdos|194\/304 par
|
|turn|31
|
|cant|p1a: Zapdos|par
|move|p2a: Dratini|Surf|p1a: Zapdos
|-damage|p1a: Zapdos|143\/304 par
|
|turn|32
|
|move|p1a: Zapdos|Drill Peck|p2a: Dratini
|-damage|p2a: Dratini|44\/274 par
|move|p2a: Dratini|Thunder|p1a: Zapdos|[miss]
|-miss|p2a: Dratini
|
|turn|33
|
|move|p1a: Zapdos|Drill Peck|p2a: Dratini
|-damage|p2a: Dratini|0 fnt
|faint|p2a: Dratini
|
|switch|p2a: Kingler|Kingler, L85|109\/267
|turn|34
|
|move|p2a: Kingler|Hyper Beam|p1a: Zapdos|[miss]
|-miss|p2a: Kingler
|move|p1a: Zapdos|Thunderbolt|p2a: Kingler
|-supereffective|p2a: Kingler
|-damage|p2a: Kingler|0 fnt
|faint|p2a: Kingler
|
|switch|p2a: Hitmonchan|Hitmonchan, L90|211\/273
|turn|35
|
|move|p2a: Hitmonchan|Body Slam|p1a: Zapdos
|-damage|p1a: Zapdos|69\/304 par
|move|p1a: Zapdos|Thunder Wave|p2a: Hitmonchan
|-status|p2a: Hitmonchan|par
|
|turn|36
|
|move|p1a: Zapdos|Drill Peck|p2a: Hitmonchan
|-crit|p2a: Hitmonchan
|-supereffective|p2a: Hitmonchan
|-damage|p2a: Hitmonchan|0 fnt
|faint|p2a: Hitmonchan
|
|switch|p2a: Articuno|Articuno, L79|210\/304 par
|turn|37
|
|move|p1a: Zapdos|Thunderbolt|p2a: Articuno
|-crit|p2a: Articuno
|-supereffective|p2a: Articuno
|-damage|p2a: Articuno|0 fnt
|faint|p2a: Articuno
|
|win|luise0608