|join|alsdjflkj
|join|Geoffrei
|player|p1|alsdjflkj|170
|player|p2|Geoffrei|278
|gametype|singles
|gen|1
|tier|[Gen 1] Random Battle
|rated
|rule|Sleep Clause Mod: Limit one foe put to sleep
|rule|Freeze Clause Mod: Limit one foe frozen
|rule|HP Percentage Mod: HP is shown in percentages
|
|start
|switch|p1a: Tentacool|Tentacool, L96|272\/272
|switch|p2a: Raticate|Raticate, L85|267\/267
|turn|1
|
|move|p2a: Raticate|Super Fang|p1a: Tentacool
|-damage|p1a: Tentacool|136\/272
|move|p1a: Tentacool|Blizzard|p2a: Raticate
|-damage|p2a: Raticate|126\/267
|
|turn|2
|
|move|p2a: Raticate|Hyper Beam|p1a: Tentacool
|-crit|p1a: Tentacool
|-damage|p1a: Tentacool|0 fnt
|faint|p1a: Tentacool
|
|switch|p1a: Jolteon|Jolteon, L79|265\/265
|turn|3
|
|switch|p2a: Onix|Onix, L90|246\/246
|move|p1a: Jolteon|Thunderbolt|p2a: Onix
|-immune|p2a: Onix|[msg]
|
|turn|4
|
|switch|p1a: Jynx|Jynx, L79|265\/265
|move|p2a: Onix|Rock Slide|p1a: Jynx
|-crit|p1a: Jynx
|-supereffective|p1a: Jynx
|-damage|p1a: Jynx|0 fnt
|faint|p1a: Jynx
|
|switch|p1a: Diglett|Diglett, L96|214\/214
|turn|5
|
|switch|p2a: Poliwhirl|Poliwhirl, L85|284\/284
|move|p1a: Diglett|Earthquake|p2a: Poliwhirl
|-damage|p2a: Poliwhirl|162\/284
|
|turn|6
|
|switch|p1a: Magneton|Magneton, L90|273\/273
|move|p2a: Poliwhirl|Surf|p1a: Magneton
|-damage|p1a: Magneton|223\/273
|
|turn|7
|
|switch|p2a: Onix|Onix, L90|246\/246
|switch|p1a: Diglett|Diglett, L96|214\/214
|
|turn|8
|
|switch|p2a: Exeggutor|Exeggutor, L79|312\/312
|move|p1a: Diglett|Earthquake|p2a: Exeggutor
|-resisted|p2a: Exeggutor
|-damage|p2a: Exeggutor|257\/312
|
|turn|9
|
|switch|p1a: Rapidash|Rapidash, L90|300\/300
|move|p2a: Exeggutor|Sleep Powder|p1a: Rapidash|[miss]
|-miss|p2a: Exeggutor
|
|turn|10
|
|switch|p2a: Poliwhirl|Poliwhirl, L85|162\/284
|move|p1a: Rapidash|Fire Blast|p2a: Poliwhirl|[miss]
|-miss|p1a: Rapidash
|
|turn|11
|
|move|p1a: Rapidash|Fire Blast|p2a: Poliwhirl
|-crit|p2a: Poliwhirl
|-resisted|p2a: Poliwhirl
|-damage|p2a: Poliwhirl|0 fnt
|faint|p2a: Poliwhirl
|
|switch|p2a: Kangaskhan|Kangaskhan, L85|352\/352
|turn|12
|
|move|p1a: Rapidash|Fire Blast|p2a: Kangaskhan
|-crit|p2a: Kangaskhan
|-damage|p2a: Kangaskhan|0 fnt
|faint|p2a: Kangaskhan
|
|switch|p2a: Hitmonchan|Hitmonchan, L90|273\/273
|turn|13
|
|move|p1a: Rapidash|Fire Blast|p2a: Hitmonchan
|-crit|p2a: Hitmonchan
|-damage|p2a: Hitmonchan|0 fnt
|faint|p2a: Hitmonchan
|c|★Geoffrei|seriously?
|
|switch|p2a: Onix|Onix, L90|246\/246
|turn|14
|c|★Geoffrei|lol
|
|move|p1a: Rapidash|Reflect|p1a: Rapidash
|-start|p1a: Rapidash|Reflect
|move|p2a: Onix|Earthquake|p1a: Rapidash
|-supereffective|p1a: Rapidash
|-damage|p1a: Rapidash|218\/300
|
|turn|15
|
|move|p1a: Rapidash|Fire Blast|p2a: Onix|[miss]
|-miss|p1a: Rapidash
|move|p2a: Onix|Explosion|p1a: Rapidash
|-damage|p1a: Rapidash|125\/300
|faint|p2a: Onix
|
|switch|p2a: Raticate|Raticate, L85|126\/267
|turn|16
|
|move|p1a: Rapidash|Fire Blast|p2a: Raticate
|-damage|p2a: Raticate|0 fnt
|faint|p2a: Raticate
|
|switch|p2a: Exeggutor|Exeggutor, L79|257\/312
|turn|17
|c|★Geoffrei|congrats on your crist
|-message|Geoffrei forfeited.
|
|win|alsdjflkj
|raw|Ladder updating...
|leave|Geoffrei
|player|p2
|c|★alsdjflkj|congrats on being a moron
|raw|alsdjflkj's rating: 1074 &rarr; <strong>1110<\/strong><br \/>(+36 for winning)
|raw|Geoffrei's rating: 1168 &rarr; <strong>1137<\/strong><br \/>(-31 for losing)