|j|Whoremaster
|j|Feena
|player|p1|Whoremaster|43
|player|p2|Feena|263
|gametype|singles
|gen|1
|tier|[Gen 1] OU
|rated
|seed|39474,12622,44528,27312
|rule|Sleep Clause Mod: Limit one foe put to sleep
|rule|Freeze Clause Mod: Limit one foe frozen
|rule|Species Clause: Limit one of each Pokémon
|rule|OHKO Clause: OHKO moves are banned
|rule|Evasion Moves Clause: Evasion moves are banned
|rule|HP Percentage Mod: HP is shown in percentages
|
|start
|switch|p1a: Alakazam|Alakazam|313\/313
|switch|p2a: Alakazam|Alakazam|313\/313
|turn|1
|choice|switch 3|switch 3
|
|switch|p2a: Chansey|Chansey|703\/703
|switch|p1a: Chansey|Chansey|703\/703
|
|turn|2
|choice|move 3|switch 3
|
|switch|p2a: Alakazam|Alakazam|313\/313
|move|p1a: Chansey|Thunder Wave|p2a: Alakazam
|-status|p2a: Alakazam|par
|
|turn|3
|choice|move 1|move 1
|
|move|p1a: Chansey|Seismic Toss|p2a: Alakazam
|-damage|p2a: Alakazam|213\/313 par
|move|p2a: Alakazam|Psychic|p1a: Chansey
|-damage|p1a: Chansey|577\/703
|-unboost|p1a: Chansey|spd|1
|-unboost|p1a: Chansey|spa|1
|
|turn|4
|choice|move 1|switch 2
|
|switch|p2a: Exeggutor|Exeggutor|393\/393
|move|p1a: Chansey|Seismic Toss|p2a: Exeggutor
|-damage|p2a: Exeggutor|293\/393
|
|turn|5
|choice|switch 3|move 2
|
|switch|p1a: Alakazam|Alakazam|313\/313
|move|p2a: Exeggutor|Sleep Powder|p1a: Alakazam|[miss]
|-miss|p2a: Exeggutor
|
|turn|6
|choice|move 2|move 2
|
|move|p1a: Alakazam|Seismic Toss|p2a: Exeggutor
|-damage|p2a: Exeggutor|193\/393
|move|p2a: Exeggutor|Sleep Powder|p1a: Alakazam
|-status|p1a: Alakazam|slp
|
|turn|7
|choice|switch 2|move 1
|
|switch|p1a: Exeggutor|Exeggutor|393\/393
|move|p2a: Exeggutor|Psychic|p1a: Exeggutor
|-resisted|p1a: Exeggutor
|-damage|p1a: Exeggutor|338\/393
|
|turn|8
|choice|move 3|switch 2
|
|switch|p2a: Alakazam|Alakazam|213\/313 par
|move|p1a: Exeggutor|Double-Edge|p2a: Alakazam
|-damage|p2a: Alakazam|89\/313 par
|-damage|p1a: Exeggutor|307\/393|[from] recoil|[of] p2a: Alakazam
|
|turn|9
|choice|move 3|switch 4
|
|switch|p2a: Lapras|Lapras|463\/463
|move|p1a: Exeggutor|Double-Edge|p2a: Lapras
|-crit|p2a: Lapras
|-damage|p2a: Lapras|282\/463
|-damage|p1a: Exeggutor|262\/393|[from] recoil|[of] p2a: Lapras
|
|turn|10
|choice|switch 3|move 1
|
|switch|p1a: Chansey|Chansey|577\/703
|move|p2a: Lapras|Blizzard|p1a: Chansey
|-crit|p1a: Chansey
|-damage|p1a: Chansey|316\/703
|
|turn|11
|choice|move 4|switch 4
|
|switch|p2a: Alakazam|Alakazam|89\/313 par
|move|p1a: Chansey|Soft-Boiled|p1a: Chansey
|-heal|p1a: Chansey|667\/703
|
|turn|12
|choice|move 1|move 4
|
|move|p1a: Chansey|Seismic Toss|p2a: Alakazam
|-damage|p2a: Alakazam|0 fnt
|faint|p2a: Alakazam
|choice||switch 2
|
|switch|p2a: Exeggutor|Exeggutor|193\/393
|turn|13
|choice|move 2|move 1
|
|move|p2a: Exeggutor|Psychic|p1a: Chansey
|-damage|p1a: Chansey|549\/703
|move|p1a: Chansey|Reflect|p1a: Chansey
|-start|p1a: Chansey|Reflect
|
|turn|14
|choice|move 1|switch 3
|
|switch|p2a: Chansey|Chansey|703\/703
|move|p1a: Chansey|Seismic Toss|p2a: Chansey
|-damage|p2a: Chansey|603\/703
|
|turn|15
|choice|move 3|move 1
|
|move|p1a: Chansey|Thunder Wave|p2a: Chansey
|-status|p2a: Chansey|par
|cant|p2a: Chansey|par
|
|turn|16
|choice|move 1|move 4
|
|move|p1a: Chansey|Seismic Toss|p2a: Chansey
|-damage|p2a: Chansey|503\/703 par
|move|p2a: Chansey|Soft-Boiled|p2a: Chansey
|-heal|p2a: Chansey|703\/703 par
|
|turn|17
|choice|move 1|move 1
|
|move|p1a: Chansey|Seismic Toss|p2a: Chansey
|-damage|p2a: Chansey|603\/703 par
|move|p2a: Chansey|Ice Beam|p1a: Chansey
|-damage|p1a: Chansey|476\/703
|
|turn|18
|choice|move 4|move 1
|
|move|p1a: Chansey|Soft-Boiled|p1a: Chansey
|-heal|p1a: Chansey|703\/703
|move|p2a: Chansey|Ice Beam|p1a: Chansey
|-damage|p1a: Chansey|633\/703
|
|turn|19
|choice|switch 5|move 4
|
|switch|p1a: Snorlax|Snorlax|523\/523
|move|p2a: Chansey|Soft-Boiled|p2a: Chansey
|-heal|p2a: Chansey|703\/703 par
|
|turn|20
|choice|move 2|move 3
|
|move|p1a: Snorlax|Earthquake|p2a: Chansey
|-damage|p2a: Chansey|481\/703 par
|cant|p2a: Chansey|par
|
|turn|21
|choice|move 2|switch 3
|
|switch|p2a: Exeggutor|Exeggutor|193\/393
|move|p1a: Snorlax|Earthquake|p2a: Exeggutor
|-resisted|p2a: Exeggutor
|-damage|p2a: Exeggutor|149\/393
|
|turn|22
|choice|move 3|move 1
|
|move|p2a: Exeggutor|Psychic|p1a: Snorlax
|-damage|p1a: Snorlax|354\/523
|-unboost|p1a: Snorlax|spd|1
|-unboost|p1a: Snorlax|spa|1
|move|p1a: Snorlax|Hyper Beam|p2a: Exeggutor|[miss]
|-miss|p1a: Snorlax
|
|turn|23
|choice|switch 3|move 1
|
|switch|p1a: Exeggutor|Exeggutor|262\/393
|move|p2a: Exeggutor|Psychic|p1a: Exeggutor
|-resisted|p1a: Exeggutor
|-damage|p1a: Exeggutor|210\/393
|-unboost|p1a: Exeggutor|spd|1
|-unboost|p1a: Exeggutor|spa|1
|
|turn|24
|choice|move 3|move 4
|
|move|p2a: Exeggutor|Explosion|p1a: Exeggutor
|-damage|p1a: Exeggutor|0 fnt
|faint|p1a: Exeggutor
|faint|p2a: Exeggutor
|choice|switch 6|switch 4
|
|switch|p1a: Tauros|Tauros|353\/353
|switch|p2a: Lapras|Lapras|282\/463
|turn|25
|choice|switch 5|move 1
|
|switch|p1a: Chansey|Chansey|633\/703
|move|p2a: Lapras|Blizzard|p1a: Chansey
|-damage|p1a: Chansey|500\/703
|
|turn|26
|choice|switch 3|switch 3
|
|switch|p2a: Chansey|Chansey|481\/703 par
|switch|p1a: Snorlax|Snorlax|354\/523
|
|turn|27
|choice|move 2|move 3
|
|move|p1a: Snorlax|Earthquake|p2a: Chansey
|-damage|p2a: Chansey|241\/703 par
|move|p2a: Chansey|Thunder Wave|p1a: Snorlax
|-status|p1a: Snorlax|par
|
|turn|28
|choice|move 1|move 4
|
|move|p2a: Chansey|Soft-Boiled|p2a: Chansey
|-heal|p2a: Chansey|592\/703 par
|cant|p1a: Snorlax|par
|
|turn|29
|choice|move 1|move 1
|
|move|p2a: Chansey|Ice Beam|p1a: Snorlax
|-damage|p1a: Snorlax|260\/523 par
|move|p1a: Snorlax|Body Slam|p2a: Chansey
|-damage|p2a: Chansey|290\/703 par
|
|turn|30
|choice|move 4|move 4
|
|move|p2a: Chansey|Soft-Boiled|p2a: Chansey
|-heal|p2a: Chansey|641\/703 par
|cant|p1a: Snorlax|par
|
|turn|31
|choice|move 4|switch 3
|
|switch|p2a: Lapras|Lapras|282\/463
|cant|p1a: Snorlax|par
|
|turn|32
|choice|move 1|move 1
|
|move|p2a: Lapras|Blizzard|p1a: Snorlax
|-damage|p1a: Snorlax|89\/523 par
|cant|p1a: Snorlax|par
|
|turn|33
|c|★Whoremaster|hax lyfe
|choice|move 4|move 1
|
|move|p2a: Lapras|Blizzard|p1a: Snorlax
|-damage|p1a: Snorlax|0 fnt
|faint|p1a: Snorlax
|choice|switch 5|
|
|switch|p1a: Tauros|Tauros|353\/353
|turn|34
|choice|move 1|move 1
|
|move|p1a: Tauros|Body Slam|p2a: Lapras
|-crit|p2a: Lapras
|-damage|p2a: Lapras|69\/463
|-status|p2a: Lapras|par
|move|p2a: Lapras|Blizzard|p1a: Tauros|[miss]
|-miss|p2a: Lapras
|
|turn|35
|choice|move 1|move 1
|
|move|p1a: Tauros|Body Slam|p2a: Lapras
|-damage|p2a: Lapras|0 fnt
|faint|p2a: Lapras
|choice||switch 3
|
|switch|p2a: Chansey|Chansey|641\/703 par
|turn|36
|choice|switch 4|move 3
|
|switch|p1a: Rhydon|Rhydon|413\/413
|cant|p2a: Chansey|par
|
|turn|37
|choice|move 2|move 1
|
|move|p1a: Rhydon|Earthquake|p2a: Chansey
|-damage|p2a: Chansey|260\/703 par
|move|p2a: Chansey|Ice Beam|p1a: Rhydon
|-supereffective|p1a: Rhydon
|-damage|p1a: Rhydon|188\/413
|
|turn|38
|choice|move 2|move 1
|
|move|p1a: Rhydon|Earthquake|p2a: Chansey
|-damage|p2a: Chansey|0 fnt
|faint|p2a: Chansey
|choice||switch 6
|
|switch|p2a: Tauros|Tauros|353\/353
|turn|39
|choice|switch 3|move 3
|
|switch|p1a: Chansey|Chansey|500\/703
|move|p2a: Tauros|Blizzard|p1a: Chansey
|-damage|p1a: Chansey|431\/703
|-status|p1a: Chansey|frz
|
|turn|40
|c|★Whoremaster|damn
|choice|move 4|move 1
|
|move|p2a: Tauros|Body Slam|p1a: Chansey
|-damage|p1a: Chansey|152\/703 frz
|cant|p1a: Chansey|frz
|
|turn|41
|choice|move 4|switch 5
|
|switch|p2a: Snorlax|Snorlax|523\/523
|cant|p1a: Chansey|frz
|
|turn|42
|choice|switch 3|move 3
|
|switch|p1a: Rhydon|Rhydon|188\/413
|move|p2a: Snorlax|Amnesia|p2a: Snorlax
|-boost|p2a: Snorlax|spd|2
|-boost|p2a: Snorlax|spa|2
|
|turn|43
|choice|move 2|move 2
|
|move|p1a: Rhydon|Earthquake|p2a: Snorlax
|-damage|p2a: Snorlax|352\/523
|move|p2a: Snorlax|Blizzard|p1a: Rhydon
|-supereffective|p1a: Rhydon
|-damage|p1a: Rhydon|0 fnt
|faint|p1a: Rhydon
|choice|switch 4|
|
|switch|p1a: Tauros|Tauros|353\/353
|turn|44
|choice|move 1|move 2
|
|move|p1a: Tauros|Body Slam|p2a: Snorlax
|-damage|p2a: Snorlax|226\/523
|move|p2a: Snorlax|Blizzard|p1a: Tauros
|-damage|p1a: Tauros|184\/353
|
|turn|45
|choice|move 4|move 2
|
|move|p1a: Tauros|Hyper Beam|p2a: Snorlax
|-damage|p2a: Snorlax|3\/523
|move|p2a: Snorlax|Blizzard|p1a: Tauros
|-damage|p1a: Tauros|0 fnt
|faint|p1a: Tauros
|c|★Whoremaster|:(
|choice|switch 2|
|
|switch|p1a: Alakazam|Alakazam|313\/313 slp
|turn|46
|choice|move 4|move 1
|
|cant|p1a: Alakazam|slp
|move|p2a: Snorlax|Body Slam|p1a: Alakazam
|-damage|p1a: Alakazam|178\/313 slp
|
|turn|47
|choice|move 4|move 1
|
|cant|p1a: Alakazam|slp
|move|p2a: Snorlax|Body Slam|p1a: Alakazam
|-damage|p1a: Alakazam|42\/313 slp
|
|turn|48
|choice|move 4|move 1
|
|cant|p1a: Alakazam|slp
|move|p2a: Snorlax|Body Slam|p1a: Alakazam
|-damage|p1a: Alakazam|0 fnt
|faint|p1a: Alakazam
|c|★Whoremaster|gg
|choice|switch 3|
|
|switch|p1a: Chansey|Chansey|152\/703 frz
|turn|49
|c|★Feena|Gg
|choice|move 4|move 1
|
|cant|p1a: Chansey|frz
|move|p2a: Snorlax|Body Slam|p1a: Chansey
|-damage|p1a: Chansey|0 fnt
|faint|p1a: Chansey
|
|win|Feena
|player|p1
|player|p2
|raw|Whoremaster's rating: 1285 &rarr; <strong>1266<\/strong><br \/>(-19 for losing)
|raw|Feena's rating: 1366 &rarr; <strong>1381<\/strong><br \/>(+15 for winning)
|l|Whoremaster