|join|eldougi
|join|Lait
|player|p1|eldougi|170
|player|p2|Lait|159
|gametype|singles
|gen|1
|tier|[Gen 1] Random Battle
|rated
|rule|Sleep Clause Mod: Limit one foe put to sleep
|rule|Freeze Clause Mod: Limit one foe frozen
|rule|HP Percentage Mod: HP is shown in percentages
|
|start
|switch|p1a: Shellder|Shellder, L96|252\/252
|switch|p2a: Electabuzz|Electabuzz, L85|284\/284
|turn|1
|
|switch|p1a: Venusaur|Venusaur, L85|310\/310
|move|p2a: Electabuzz|Thunderbolt|p1a: Venusaur
|-crit|p1a: Venusaur
|-resisted|p1a: Venusaur
|-damage|p1a: Venusaur|228\/310
|
|turn|2
|
|move|p2a: Electabuzz|Psychic|p1a: Venusaur
|-supereffective|p1a: Venusaur
|-damage|p1a: Venusaur|112\/310
|move|p1a: Venusaur|Sleep Powder|p2a: Electabuzz
|-status|p2a: Electabuzz|slp
|
|turn|3
|
|switch|p2a: Gyarados|Gyarados, L85|335\/335
|move|p1a: Venusaur|Leech Seed|p2a: Gyarados
|-start|p2a: Gyarados|move: Leech Seed
|
|turn|4
|
|switch|p1a: Slowbro|Slowbro, L79|312\/312
|move|p2a: Gyarados|Blizzard|p1a: Slowbro
|-resisted|p1a: Slowbro
|-damage|p1a: Slowbro|261\/312
|-damage|p2a: Gyarados|315\/335|[from] Leech Seed|[of] p1a: Slowbro
|-heal|p1a: Slowbro|281\/312|[silent]
|
|turn|5
|
|switch|p2a: Electrode|Electrode, L85|276\/276
|move|p1a: Slowbro|Thunder Wave|p2a: Electrode
|-status|p2a: Electrode|par
|
|turn|6
|
|switch|p1a: Venusaur|Venusaur, L85|112\/310
|move|p2a: Electrode|Thunder|p1a: Venusaur
|-crit|p1a: Venusaur
|-resisted|p1a: Venusaur
|-damage|p1a: Venusaur|12\/310
|
|turn|7
|
|switch|p2a: Gyarados|Gyarados, L85|315\/335
|move|p1a: Venusaur|Leech Seed|p2a: Gyarados
|-start|p2a: Gyarados|move: Leech Seed
|
|turn|8
|
|switch|p1a: Slowbro|Slowbro, L79|281\/312
|move|p2a: Gyarados|Body Slam|p1a: Slowbro
|-damage|p1a: Slowbro|219\/312
|-damage|p2a: Gyarados|295\/335|[from] Leech Seed|[of] p1a: Slowbro
|-heal|p1a: Slowbro|239\/312|[silent]
|
|turn|9
|
|move|p2a: Gyarados|Thunderbolt|p1a: Slowbro
|-crit|p1a: Slowbro
|-supereffective|p1a: Slowbro
|-damage|p1a: Slowbro|0 fnt
|faint|p1a: Slowbro
|
|switch|p1a: Jolteon|Jolteon, L79|265\/265
|turn|10
|
|switch|p2a: Onix|Onix, L85|233\/233
|move|p1a: Jolteon|Thunderbolt|p2a: Onix
|-immune|p2a: Onix|[msg]
|
|turn|11
|
|switch|p1a: Shellder|Shellder, L96|252\/252
|move|p2a: Onix|Earthquake|p1a: Shellder
|-crit|p1a: Shellder
|-damage|p1a: Shellder|145\/252
|
|turn|12
|
|switch|p2a: Electabuzz|Electabuzz, L85|284\/284 slp
|move|p1a: Shellder|Blizzard|p2a: Electabuzz
|-damage|p2a: Electabuzz|212\/284 slp
|
|turn|13
|
|cant|p2a: Electabuzz|slp
|move|p1a: Shellder|Surf|p2a: Electabuzz|[miss]
|-miss|p1a: Shellder
|
|turn|14
|
|cant|p2a: Electabuzz|slp
|move|p1a: Shellder|Surf|p2a: Electabuzz
|-damage|p2a: Electabuzz|126\/284 slp
|
|turn|15
|
|cant|p2a: Electabuzz|slp
|move|p1a: Shellder|Surf|p2a: Electabuzz
|-damage|p2a: Electabuzz|45\/284 slp
|
|turn|16
|
|switch|p2a: Electrode|Electrode, L85|276\/276 par
|move|p1a: Shellder|Surf|p2a: Electrode
|-damage|p2a: Electrode|187\/276 par
|
|turn|17
|
|switch|p1a: Jolteon|Jolteon, L79|265\/265
|cant|p2a: Electrode|par
|
|turn|18
|
|move|p1a: Jolteon|Double Kick|p2a: Electrode
|-damage|p2a: Electrode|171\/276 par
|-damage|p2a: Electrode|155\/276 par
|-hitcount|p2a: Electrode|2
|cant|p2a: Electrode|par
|
|turn|19
|
|move|p1a: Jolteon|Double Kick|p2a: Electrode
|-damage|p2a: Electrode|138\/276 par
|-damage|p2a: Electrode|121\/276 par
|-hitcount|p2a: Electrode|2
|move|p2a: Electrode|Explosion|p1a: Jolteon
|-damage|p1a: Jolteon|47\/265
|faint|p2a: Electrode
|
|switch|p2a: Onix|Onix, L85|233\/233
|turn|20
|
|switch|p1a: Shellder|Shellder, L96|145\/252
|move|p2a: Onix|Rock Slide|p1a: Shellder
|-damage|p1a: Shellder|101\/252
|
|turn|21
|
|switch|p2a: Gyarados|Gyarados, L85|295\/335
|move|p1a: Shellder|Ice Beam|p2a: Gyarados
|-damage|p2a: Gyarados|244\/335
|
|turn|22
|
|move|p2a: Gyarados|Thunderbolt|p1a: Shellder
|-supereffective|p1a: Shellder
|-damage|p1a: Shellder|0 fnt
|faint|p1a: Shellder
|
|switch|p1a: Jolteon|Jolteon, L79|47\/265
|turn|23
|
|switch|p2a: Onix|Onix, L85|233\/233
|move|p1a: Jolteon|Double Kick|p2a: Onix
|-supereffective|p2a: Onix
|-damage|p2a: Onix|212\/233
|-damage|p2a: Onix|191\/233
|-hitcount|p2a: Onix|2
|
|turn|24
|
|switch|p1a: Butterfree|Butterfree, L85|276\/276
|move|p2a: Onix|Earthquake|p1a: Butterfree
|-immune|p1a: Butterfree|[msg]
|
|turn|25
|
|move|p1a: Butterfree|Sleep Powder|p2a: Onix
|-message|Sleep Clause Mod activated.
|move|p2a: Onix|Rock Slide|p1a: Butterfree
|-supereffective|p1a: Butterfree
|-damage|p1a: Butterfree|0 fnt
|faint|p1a: Butterfree
|
|switch|p1a: Venusaur|Venusaur, L85|12\/310
|turn|26
|
|switch|p2a: Electabuzz|Electabuzz, L85|45\/284 slp
|move|p1a: Venusaur|Razor Leaf|p2a: Electabuzz
|-crit|p2a: Electabuzz
|-damage|p2a: Electabuzz|0 fnt
|faint|p2a: Electabuzz
|
|switch|p2a: Kadabra|Kadabra, L85|242\/242
|turn|27
|
|move|p2a: Kadabra|Psychic|p1a: Venusaur
|-crit|p1a: Venusaur
|-supereffective|p1a: Venusaur
|-damage|p1a: Venusaur|0 fnt
|faint|p1a: Venusaur
|
|switch|p1a: Moltres|Moltres, L85|327\/327
|turn|28
|
|move|p2a: Kadabra|Thunder Wave|p1a: Moltres
|-status|p1a: Moltres|par
|move|p1a: Moltres|Fire Blast|p2a: Kadabra
|-damage|p2a: Kadabra|126\/242
|
|turn|29
|
|move|p2a: Kadabra|Recover|p2a: Kadabra
|-heal|p2a: Kadabra|242\/242
|cant|p1a: Moltres|par
|
|turn|30
|
|switch|p2a: Onix|Onix, L85|191\/233
|move|p1a: Moltres|Toxic|p2a: Onix
|-status|p2a: Onix|tox
|
|turn|31
|
|move|p2a: Onix|Rock Slide|p1a: Moltres
|-supereffective|p1a: Moltres
|-damage|p1a: Moltres|114\/327 par
|-damage|p2a: Onix|177\/233 tox|[from] tox|[of] p1a: Moltres
|cant|p1a: Moltres|par
|
|turn|32
|-message|eldougi forfeited.
|
|win|Lait
|raw|Ladder updating...
|leave|eldougi
|player|p1
|raw|eldougi's rating: 1249 &rarr; <strong>1222<\/strong><br \/>(-27 for losing)
|raw|Lait's rating: 1224 &rarr; <strong>1250<\/strong><br \/>(+26 for winning)