|join|hypothekmuse
|join|jb champ
|player|p1|hypothekmuse|161
|player|p2|jb champ|150
|gametype|singles
|gen|1
|tier|[Gen 1] OU (beta)
|rated
|rule|Sleep Clause Mod: Limit one foe put to sleep
|rule|Species Clause: Limit one of each Pokemon
|rule|OHKO Clause: OHKO moves are banned
|rule|Moody Clause: Moody is banned
|rule|Evasion Moves Clause: Evasion moves are banned
|rule|Endless Battle Clause: Forcing endless battles is banned.
|rule|HP Percentage Mod: HP is reported as percentages
|
|start
|switch|p1a: Exeggutor|Exeggutor|393\/393
|switch|p2a: Gengar|Gengar|323\/323
|turn|1
|
|move|p2a: Gengar|Hypnosis|p1a: Exeggutor|[miss]
|-miss|p2a: Gengar
|move|p1a: Exeggutor|Sleep Powder|p2a: Gengar
|-status|p2a: Gengar|slp
|
|turn|2
|join|FeZ_2.9
|
|switch|p2a: Alakazam|Alakazam|313\/313
|move|p1a: Exeggutor|Psychic|p2a: Alakazam
|-resisted|p2a: Alakazam
|-damage|p2a: Alakazam|263\/313
|
|turn|3
|
|switch|p1a: Alakazam|Alakazam|313\/313
|move|p2a: Alakazam|Thunder Wave|p1a: Alakazam
|-status|p1a: Alakazam|par
|
|turn|4
|
|switch|p2a: Golem|Golem|363\/363
|move|p1a: Alakazam|Thunder Wave|p2a: Golem
|-immune|p2a: Golem|[msg]
|
|turn|5
|
|switch|p1a: Snorlax|Snorlax|523\/523
|move|p2a: Golem|Rock Slide|p1a: Snorlax
|-damage|p1a: Snorlax|400\/523
|
|turn|6
|
|switch|p2a: Slowbro|Slowbro|393\/393
|move|p1a: Snorlax|Surf|p2a: Slowbro
|-resisted|p2a: Slowbro
|-damage|p2a: Slowbro|358\/393
|
|turn|7
|
|switch|p1a: Chansey|Chansey|703\/703
|move|p2a: Slowbro|Thunder Wave|p1a: Chansey
|-status|p1a: Chansey|par
|
|turn|8
|
|move|p2a: Slowbro|Amnesia|p2a: Slowbro
|-boost|p2a: Slowbro|spd|2
|-boost|p2a: Slowbro|spa|2
|move|p1a: Chansey|Thunder Wave|p2a: Slowbro
|-status|p2a: Slowbro|par
|
|turn|9
|
|move|p1a: Chansey|Thunderbolt|p2a: Slowbro
|-supereffective|p2a: Slowbro
|-damage|p2a: Slowbro|271\/393 par
|move|p2a: Slowbro|Amnesia|p2a: Slowbro
|-boost|p2a: Slowbro|spd|2
|-boost|p2a: Slowbro|spa|2
|
|turn|10
|
|move|p1a: Chansey|Thunderbolt|p2a: Slowbro
|-crit|p2a: Slowbro
|-supereffective|p2a: Slowbro
|-damage|p2a: Slowbro|0 fnt
|faint|p2a: Slowbro
|
|
|switch|p2a: Golem|Golem|363\/363
|turn|11
|
|move|p2a: Golem|Rock Slide|p1a: Chansey
|-damage|p1a: Chansey|451\/703 par
|cant|p1a: Chansey|par
|
|turn|12
|
|switch|p1a: Tauros|Tauros|353\/353
|move|p2a: Golem|Earthquake|p1a: Tauros
|-damage|p1a: Tauros|234\/353
|
|turn|13
|
|switch|p2a: Chansey|Chansey|703\/703
|move|p1a: Tauros|Ice Beam|p2a: Chansey
|-damage|p2a: Chansey|643\/703
|
|turn|14
|
|move|p1a: Tauros|Body Slam|p2a: Chansey
|-damage|p2a: Chansey|384\/703
|move|p2a: Chansey|Thunder Wave|p1a: Tauros
|-status|p1a: Tauros|par
|
|turn|15
|
|switch|p1a: Starmie|Starmie|323\/323
|move|p2a: Chansey|Soft-Boiled|p2a: Chansey
|-heal|p2a: Chansey|703\/703
|
|turn|16
|
|move|p1a: Starmie|Thunder Wave|p2a: Chansey
|-status|p2a: Chansey|par
|cant|p2a: Chansey|par
|
|turn|17
|
|move|p1a: Starmie|Surf|p2a: Chansey
|-damage|p2a: Chansey|587\/703 par
|cant|p2a: Chansey|par
|
|turn|18
|
|move|p1a: Starmie|Surf|p2a: Chansey
|-damage|p2a: Chansey|482\/703 par
|cant|p2a: Chansey|par
|
|turn|19
|
|move|p1a: Starmie|Surf|p2a: Chansey
|-damage|p2a: Chansey|368\/703 par
|cant|p2a: Chansey|par
|
|turn|20
|
|move|p1a: Starmie|Surf|p2a: Chansey
|-damage|p2a: Chansey|258\/703 par
|move|p2a: Chansey|Soft-Boiled|p2a: Chansey
|-heal|p2a: Chansey|609\/703 par
|
|turn|21
|
|switch|p1a: Tauros|Tauros|234\/353 par
|move|p2a: Chansey|Thunder Wave|p1a: Tauros
|-fail|p1a: Tauros|par
|
|turn|22
|
|switch|p2a: Golem|Golem|363\/363
|cant|p1a: Tauros|par
|
|turn|23
|
|move|p2a: Golem|Earthquake|p1a: Tauros
|-damage|p1a: Tauros|102\/353 par
|move|p1a: Tauros|Ice Beam|p2a: Golem
|-supereffective|p2a: Golem
|-damage|p2a: Golem|183\/363
|
|turn|24
|chat|jb champ|do you often do 1st gen battles?
|
|move|p2a: Golem|Earthquake|p1a: Tauros
|-damage|p1a: Tauros|0 fnt
|faint|p1a: Tauros
|
|
|switch|p1a: Chansey|Chansey|451\/703 par
|turn|25
|
|move|p2a: Golem|Explosion|p1a: Chansey
|-damage|p1a: Chansey|0 fnt
|faint|p1a: Chansey
|faint|p2a: Golem
|
|switch|p2a: Alakazam|Alakazam|263\/313
|switch|p1a: Starmie|Starmie|323\/323
|turn|26
|
|switch|p2a: Chansey|Chansey|609\/703 par
|move|p1a: Starmie|Thunder Wave|p2a: Chansey
|-fail|p2a: Chansey|par
|
|turn|27
|
|move|p1a: Starmie|Surf|p2a: Chansey
|-damage|p2a: Chansey|500\/703 par
|cant|p2a: Chansey|par
|
|turn|28
|
|move|p1a: Starmie|Surf|p2a: Chansey
|-crit|p2a: Chansey
|-damage|p2a: Chansey|273\/703 par
|move|p2a: Chansey|Thunder Wave|p1a: Starmie
|-status|p1a: Starmie|par
|
|turn|29
|
|switch|p1a: Exeggutor|Exeggutor|393\/393
|cant|p2a: Chansey|par
|
|turn|30
|
|move|p1a: Exeggutor|Explosion|p2a: Chansey
|-damage|p2a: Chansey|0 fnt
|faint|p2a: Chansey
|faint|p1a: Exeggutor
|
|switch|p1a: Alakazam|Alakazam|313\/313 par
|switch|p2a: Alakazam|Alakazam|263\/313
|turn|31
|
|move|p2a: Alakazam|Seismic Toss|p1a: Alakazam
|-damage|p1a: Alakazam|213\/313 par
|move|p1a: Alakazam|Reflect|p1a: Alakazam
|
|turn|32
|
|move|p2a: Alakazam|Seismic Toss|p1a: Alakazam
|-damage|p1a: Alakazam|113\/313 par
|move|p1a: Alakazam|Thunder Wave|p2a: Alakazam
|-status|p2a: Alakazam|par
|
|turn|33
|
|move|p1a: Alakazam|Recover|p1a: Alakazam
|-heal|p1a: Alakazam|269\/313 par
|move|p2a: Alakazam|Seismic Toss|p1a: Alakazam
|-damage|p1a: Alakazam|169\/313 par
|
|turn|34
|
|switch|p1a: Snorlax|Snorlax|400\/523
|move|p2a: Alakazam|Seismic Toss|p1a: Snorlax
|-damage|p1a: Snorlax|300\/523
|
|turn|35
|
|move|p1a: Snorlax|Hyper Beam|p2a: Alakazam
|-damage|p2a: Alakazam|0 fnt
|faint|p2a: Alakazam
|
|
|switch|p2a: Gengar|Gengar|323\/323 slp
|turn|36
|
|switch|p1a: Alakazam|Alakazam|169\/313 par
|cant|p2a: Gengar|slp
|
|turn|37
|
|cant|p2a: Gengar|slp
|move|p1a: Alakazam|Psychic|p2a: Gengar
|-crit|p2a: Gengar
|-supereffective|p2a: Gengar
|-damage|p2a: Gengar|0 fnt
|faint|p2a: Gengar
|
|
|switch|p2a: Tauros|Tauros|353\/353
|turn|38
|
|move|p2a: Tauros|Hyper Beam|p1a: Alakazam
|-damage|p1a: Alakazam|0 fnt
|faint|p1a: Alakazam
|
|
|switch|p1a: Starmie|Starmie|323\/323 par
|turn|39
|
|move|p2a: Tauros|Body Slam|p1a: Starmie
|-damage|p1a: Starmie|204\/323 par
|move|p1a: Starmie|Thunder Wave|p2a: Tauros
|-status|p2a: Tauros|par
|
|turn|40
|
|move|p1a: Starmie|Recover|p1a: Starmie
|-heal|p1a: Starmie|323\/323 par
|move|p2a: Tauros|Hyper Beam|p1a: Starmie
|-crit|p1a: Starmie
|-damage|p1a: Starmie|0 fnt
|faint|p1a: Starmie
|
|
|switch|p1a: Snorlax|Snorlax|300\/523
|turn|41
|
|move|p1a: Snorlax|Hyper Beam|p2a: Tauros|[miss]
|-miss|p1a: Snorlax
|cant|p2a: Tauros|par
|
|turn|42
|
|move|p1a: Snorlax|Hyper Beam|p2a: Tauros
|-damage|p2a: Tauros|151\/353 par
|move|p2a: Tauros|Body Slam|p1a: Snorlax
|-damage|p1a: Snorlax|161\/523
|
|turn|43
|
|cant|p1a: Snorlax|recharge
|move|p2a: Tauros|Hyper Beam|p1a: Snorlax
|-damage|p1a: Snorlax|0 fnt
|faint|p1a: Snorlax
|
|win|jb champ
|raw|Ladder updating...
|raw|hypothekmuse's rating: 1097 &rarr; <strong>1088<\/strong><br \/>(-9 for losing)
|raw|jb champ's rating: 1346 &rarr; <strong>1354<\/strong><br \/>(+8 for winning)