|join|the jews
|join|siijfosoj
|player|p1|the jews|101
|player|p2|siijfosoj|170
|gametype|singles
|gen|1
|tier|[Gen 1] Random Battle
|rated
|seed|64508,16183,30965,2218
|rule|Sleep Clause Mod: Limit one foe put to sleep
|rule|Freeze Clause Mod: Limit one foe frozen
|rule|HP Percentage Mod: HP is shown in percentages
|
|start
|switch|p1a: Squirtle|Squirtle, L96|279\/279
|switch|p2a: Muk|Muk, L90|372\/372
|turn|1
|choice|move 1|move 3
|
|move|p2a: Muk|Sludge|p1a: Squirtle
|-damage|p1a: Squirtle|197\/279
|move|p1a: Squirtle|Surf|p2a: Muk
|-damage|p2a: Muk|268\/372
|
|turn|2
|choice|move 1|move 2
|
|move|p2a: Muk|Body Slam|p1a: Squirtle
|-damage|p1a: Squirtle|125\/279
|move|p1a: Squirtle|Surf|p2a: Muk
|-damage|p2a: Muk|164\/372
|
|turn|3
|choice|move 1|move 2
|
|move|p2a: Muk|Body Slam|p1a: Squirtle
|-damage|p1a: Squirtle|46\/279
|-status|p1a: Squirtle|par
|cant|p1a: Squirtle|par
|
|turn|4
|choice|move 1|move 3
|
|move|p2a: Muk|Sludge|p1a: Squirtle
|-damage|p1a: Squirtle|0 fnt
|faint|p1a: Squirtle
|choice|switch 6|
|
|switch|p1a: Jynx|Jynx, L79|265\/265
|turn|5
|choice|move 2|move 1
|
|move|p1a: Jynx|Psychic|p2a: Muk
|-supereffective|p2a: Muk
|-damage|p2a: Muk|0 fnt
|faint|p2a: Muk
|choice||switch 4
|
|switch|p2a: Kingler|Kingler, L85|267\/267
|turn|6
|choice|move 1|move 2
|
|move|p1a: Jynx|Lovely Kiss|p2a: Kingler
|-status|p2a: Kingler|slp
|cant|p2a: Kingler|slp
|
|turn|7
|choice|move 2|switch 6
|
|switch|p2a: Lapras|Lapras, L79|367\/367
|move|p1a: Jynx|Psychic|p2a: Lapras
|-damage|p2a: Lapras|285\/367
|
|turn|8
|choice|move 2|move 1
|
|move|p1a: Jynx|Psychic|p2a: Lapras
|-damage|p2a: Lapras|207\/367
|move|p2a: Lapras|Body Slam|p1a: Jynx
|-damage|p1a: Jynx|176\/265
|-status|p1a: Jynx|par
|
|turn|9
|choice|move 2|move 1
|
|move|p2a: Lapras|Body Slam|p1a: Jynx
|-damage|p1a: Jynx|89\/265 par
|cant|p1a: Jynx|par
|
|turn|10
|choice|move 1|move 1
|
|move|p2a: Lapras|Body Slam|p1a: Jynx
|-crit|p1a: Jynx
|-damage|p1a: Jynx|0 fnt
|faint|p1a: Jynx
|choice|switch 5|
|
|switch|p1a: Muk|Muk, L90|372\/372
|turn|11
|choice|move 4|switch 3
|
|switch|p2a: Geodude|Geodude, L96|272\/272
|move|p1a: Muk|Sludge|p2a: Geodude
|-resisted|p2a: Geodude
|-damage|p2a: Geodude|256\/272
|-status|p2a: Geodude|psn
|
|turn|12
|choice|move 3|move 2
|
|move|p1a: Muk|Mega Drain|p2a: Geodude
|-supereffective|p2a: Geodude
|-damage|p2a: Geodude|106\/272 psn
|move|p2a: Geodude|Earthquake|p1a: Muk
|-supereffective|p1a: Muk
|-damage|p1a: Muk|143\/372
|-damage|p2a: Geodude|89\/272 psn|[from] psn|[of] p1a: Muk
|
|turn|13
|choice|move 3|switch 2
|
|switch|p2a: Venusaur|Venusaur, L85|310\/310
|move|p1a: Muk|Mega Drain|p2a: Venusaur
|-resisted|p2a: Venusaur
|-damage|p2a: Venusaur|305\/310
|-heal|p1a: Muk|145\/372|[from] drain|[of] p2a: Venusaur
|
|turn|14
|choice|switch 3|switch 2
|
|switch|p2a: Geodude|Geodude, L96|89\/272 psn
|-damage|p2a: Geodude|72\/272 psn|[from] psn
|switch|p1a: Kakuna|Kakuna, L99|290\/290
|
|turn|15
|choice|move 3|switch 6
|
|switch|p2a: Kingler|Kingler, L85|267\/267 slp
|move|p1a: Kakuna|String Shot|p2a: Kingler
|-unboost|p2a: Kingler|spe|1
|
|turn|16
|choice|switch 3|move 1
|
|switch|p1a: Muk|Muk, L90|145\/372
|cant|p2a: Kingler|slp
|
|turn|17
|choice|move 3|switch 5
|
|switch|p2a: Flareon|Flareon, L90|300\/300
|move|p1a: Muk|Mega Drain|p2a: Flareon
|-resisted|p2a: Flareon
|-damage|p2a: Flareon|290\/300
|-heal|p1a: Muk|150\/372|[from] drain|[of] p2a: Flareon
|
|turn|18
|choice|switch 4|move 4
|
|switch|p1a: Omastar|Omastar, L90|309\/309
|move|p2a: Flareon|Fire Blast|p1a: Omastar|[miss]
|-miss|p2a: Flareon
|
|turn|19
|choice|move 1|switch 3
|
|switch|p2a: Lapras|Lapras, L79|207\/367
|move|p1a: Omastar|Blizzard|p2a: Lapras
|-resisted|p2a: Lapras
|-damage|p2a: Lapras|179\/367
|
|turn|20
|choice|move 3|move 4
|
|move|p1a: Omastar|Seismic Toss|p2a: Lapras
|-damage|p2a: Lapras|89\/367
|move|p2a: Lapras|Rest|p2a: Lapras
|-status|p2a: Lapras|slp
|-heal|p2a: Lapras|367\/367 slp|[silent]
|-status|p2a: Lapras|slp|[from] move: Rest
|
|turn|21
|choice|switch 4|move 3
|
|switch|p1a: Muk|Muk, L90|150\/372
|cant|p2a: Lapras|slp
|
|turn|22
|choice|move 4|switch 6
|
|switch|p2a: Geodude|Geodude, L96|72\/272 psn
|-damage|p2a: Geodude|55\/272 psn|[from] psn
|move|p1a: Muk|Sludge|p2a: Geodude
|-resisted|p2a: Geodude
|-damage|p2a: Geodude|39\/272 psn
|
|turn|23
|choice|move 3|move 2
|
|move|p1a: Muk|Mega Drain|p2a: Geodude
|-supereffective|p2a: Geodude
|-damage|p2a: Geodude|0 fnt
|-heal|p1a: Muk|169\/372|[from] drain|[of] p2a: Geodude
|faint|p2a: Geodude
|choice||switch 3
|
|switch|p2a: Flareon|Flareon, L90|290\/300
|turn|24
|choice|switch 4|switch 2
|
|switch|p2a: Venusaur|Venusaur, L85|305\/310
|switch|p1a: Omastar|Omastar, L90|309\/309
|
|turn|25
|choice|switch 3|move 3
|
|switch|p1a: Kakuna|Kakuna, L99|290\/290
|move|p2a: Venusaur|Razor Leaf|p1a: Kakuna
|-crit|p1a: Kakuna
|-resisted|p1a: Kakuna
|-damage|p1a: Kakuna|248\/290
|
|turn|26
|choice|move 3|move 4
|
|move|p2a: Venusaur|Leech Seed|p1a: Kakuna
|-start|p1a: Kakuna|move: Leech Seed
|move|p1a: Kakuna|String Shot|p2a: Venusaur
|-unboost|p2a: Venusaur|spe|1
|-damage|p1a: Kakuna|230\/290|[from] Leech Seed|[of] p2a: Venusaur
|-heal|p2a: Venusaur|310\/310|[silent]
|
|turn|27
|choice|switch 4|switch 6
|
|switch|p1a: Muk|Muk, L90|169\/372
|switch|p2a: Lapras|Lapras, L79|367\/367 slp
|
|turn|28
|choice|move 4|move 1
|
|move|p1a: Muk|Sludge|p2a: Lapras
|-damage|p2a: Lapras|273\/367 slp
|-curestatus|p2a: Lapras|slp
|
|turn|29
|choice|move 3|move 2
|
|move|p1a: Muk|Mega Drain|p2a: Lapras
|-supereffective|p2a: Lapras
|-damage|p2a: Lapras|222\/367
|-heal|p1a: Muk|194\/372|[from] drain|[of] p2a: Lapras
|move|p2a: Lapras|Ice Beam|p1a: Muk
|-damage|p1a: Muk|103\/372
|-status|p1a: Muk|frz
|
|turn|30
|-message|the jews forfeited.
|
|win|siijfosoj
|leave|the jews
|player|p1
|raw|the jews's rating: 1349 &rarr; <strong>1318<\/strong><br \/>(-31 for losing)
|raw|siijfosoj's rating: 1121 &rarr; <strong>1160<\/strong><br \/>(+39 for winning)