|j|Yung Ramsay
|j|Ofursure
|player|p1|Yung Ramsay|162
|player|p2|Ofursure|101
|gametype|singles
|gen|1
|tier|[Gen 1] OU
|rated
|seed|15147,19903,45657,3489
|rule|Sleep Clause Mod: Limit one foe put to sleep
|rule|Freeze Clause Mod: Limit one foe frozen
|rule|Species Clause: Limit one of each Pokémon
|rule|OHKO Clause: OHKO moves are banned
|rule|Evasion Moves Clause: Evasion moves are banned
|rule|HP Percentage Mod: HP is shown in percentages
|
|start
|switch|p1a: Tyronius|Dragonite|385\/385
|switch|p2a: Snorlax|Snorlax|523\/523
|turn|1
|choice|move 2|move 1
|
|move|p1a: Tyronius|Agility|p1a: Tyronius
|-boost|p1a: Tyronius|spe|2
|move|p2a: Snorlax|Body Slam|p1a: Tyronius
|-damage|p1a: Tyronius|269\/385
|
|turn|2
|choice|move 1|move 1
|
|move|p1a: Tyronius|Wrap|p2a: Snorlax
|-damage|p2a: Snorlax|503\/523
|-activate|p2a: Snorlax|move: Wrap|[of] p1a: Tyronius
|cant|p2a: Snorlax|partiallytrapped
|
|turn|3
|choice|move 1|switch 2
|
|switch|p2a: Alakazam|Alakazam|313\/313
|move|p1a: Tyronius|Wrap|p2a: Alakazam
|-crit|p2a: Alakazam
|-damage|p2a: Alakazam|271\/313
|-activate|p2a: Alakazam|move: Wrap|[of] p1a: Tyronius
|
|turn|4
|choice|move 1|move 2
|
|move|p1a: Tyronius|Wrap|p2a: Alakazam
|-damage|p2a: Alakazam|229\/313
|cant|p2a: Alakazam|partiallytrapped
|
|-end|p2a: Alakazam|Wrap|[partiallytrapped]
|turn|5
|choice|move 1|move 2
|
|move|p1a: Tyronius|Wrap|p2a: Alakazam
|-damage|p2a: Alakazam|207\/313
|-activate|p2a: Alakazam|move: Wrap|[of] p1a: Tyronius
|cant|p2a: Alakazam|partiallytrapped
|
|turn|6
|choice|move 1|move 2
|
|move|p1a: Tyronius|Wrap|p2a: Alakazam
|-damage|p2a: Alakazam|185\/313
|cant|p2a: Alakazam|partiallytrapped
|
|-end|p2a: Alakazam|Wrap|[partiallytrapped]
|turn|7
|choice|move 1|move 2
|
|move|p1a: Tyronius|Wrap|p2a: Alakazam
|-crit|p2a: Alakazam
|-damage|p2a: Alakazam|139\/313
|-activate|p2a: Alakazam|move: Wrap|[of] p1a: Tyronius
|cant|p2a: Alakazam|partiallytrapped
|
|turn|8
|choice|move 1|move 2
|
|move|p1a: Tyronius|Wrap|p2a: Alakazam
|-damage|p2a: Alakazam|93\/313
|cant|p2a: Alakazam|partiallytrapped
|
|-end|p2a: Alakazam|Wrap|[partiallytrapped]
|turn|9
|choice|move 4|move 2
|
|move|p1a: Tyronius|Hyper Beam|p2a: Alakazam
|-damage|p2a: Alakazam|0 fnt
|faint|p2a: Alakazam
|choice||switch 3
|
|switch|p2a: Lapras|Lapras|463\/463
|turn|10
|choice|move 1|move 1
|
|move|p1a: Tyronius|Wrap|p2a: Lapras
|-damage|p2a: Lapras|447\/463
|-activate|p2a: Lapras|move: Wrap|[of] p1a: Tyronius
|cant|p2a: Lapras|partiallytrapped
|
|turn|11
|c|★Ofursure|you do know dragonnite leaders never work right
|choice|move 1|move 1
|
|move|p1a: Tyronius|Wrap|p2a: Lapras
|-damage|p2a: Lapras|431\/463
|cant|p2a: Lapras|partiallytrapped
|
|-end|p2a: Lapras|Wrap|[partiallytrapped]
|turn|12
|choice|move 1|move 1
|
|move|p1a: Tyronius|Wrap|p2a: Lapras
|-damage|p2a: Lapras|415\/463
|-activate|p2a: Lapras|move: Wrap|[of] p1a: Tyronius
|cant|p2a: Lapras|partiallytrapped
|
|turn|13
|choice|move 1|move 1
|
|move|p1a: Tyronius|Wrap|p2a: Lapras
|-damage|p2a: Lapras|399\/463
|cant|p2a: Lapras|partiallytrapped
|
|-end|p2a: Lapras|Wrap|[partiallytrapped]
|turn|14
|choice|move 1|move 1
|
|move|p1a: Tyronius|Wrap|p2a: Lapras
|-damage|p2a: Lapras|381\/463
|-activate|p2a: Lapras|move: Wrap|[of] p1a: Tyronius
|cant|p2a: Lapras|partiallytrapped
|
|turn|15
|choice|move 1|move 1
|
|move|p1a: Tyronius|Wrap|p2a: Lapras
|-damage|p2a: Lapras|363\/463
|cant|p2a: Lapras|partiallytrapped
|
|turn|16
|choice|move 1|move 1
|
|move|p1a: Tyronius|Wrap|p2a: Lapras
|-damage|p2a: Lapras|345\/463
|cant|p2a: Lapras|partiallytrapped
|
|-end|p2a: Lapras|Wrap|[partiallytrapped]
|turn|17
|choice|move 1|move 1
|
|move|p1a: Tyronius|Wrap|p2a: Lapras
|-damage|p2a: Lapras|328\/463
|-activate|p2a: Lapras|move: Wrap|[of] p1a: Tyronius
|cant|p2a: Lapras|partiallytrapped
|
|turn|18
|choice|move 1|move 1
|
|move|p1a: Tyronius|Wrap|p2a: Lapras
|-damage|p2a: Lapras|311\/463
|cant|p2a: Lapras|partiallytrapped
|
|turn|19
|choice|move 1|move 1
|
|move|p1a: Tyronius|Wrap|p2a: Lapras
|-damage|p2a: Lapras|294\/463
|cant|p2a: Lapras|partiallytrapped
|
|-end|p2a: Lapras|Wrap|[partiallytrapped]
|turn|20
|choice|move 1|move 1
|
|move|p1a: Tyronius|Wrap|p2a: Lapras|[miss]
|-miss|p1a: Tyronius
|move|p2a: Lapras|Blizzard|p1a: Tyronius|[miss]
|-miss|p2a: Lapras
|
|turn|21
|choice|move 1|move 1
|
|move|p1a: Tyronius|Wrap|p2a: Lapras
|-damage|p2a: Lapras|276\/463
|-activate|p2a: Lapras|move: Wrap|[of] p1a: Tyronius
|cant|p2a: Lapras|partiallytrapped
|
|turn|22
|-message|Ofursure forfeited.
|
|win|Yung Ramsay
|player|p1
|player|p2
|l|Ofursure
|raw|Yung Ramsay's rating: 1114 &rarr; <strong>1142<\/strong><br \/>(+28 for winning)
|raw|Ofursure's rating: 1152 &rarr; <strong>1124<\/strong><br \/>(-28 for losing)