|j|S1TheGod
|j|metabolite
|player|p1|S1TheGod|3
|player|p2|metabolite|105
|gametype|singles
|gen|1
|tier|[Gen 1] OU
|rated
|seed|
|rule|Sleep Clause Mod: Limit one foe put to sleep
|rule|Freeze Clause Mod: Limit one foe frozen
|rule|Species Clause: Limit one of each Pokémon
|rule|OHKO Clause: OHKO moves are banned
|rule|Evasion Moves Clause: Evasion moves are banned
|rule|HP Percentage Mod: HP is shown in percentages
|
|start
|switch|p1a: Alakazam|Alakazam|100\/100
|switch|p2a: Poliwrath|Poliwrath|100\/100
|turn|1
|choice||
|
|switch|p2a: Exeggutor|Exeggutor|100\/100
|move|p1a: Alakazam|Thunder Wave|p2a: Exeggutor
|-status|p2a: Exeggutor|par
|
|turn|2
|choice||
|
|move|p1a: Alakazam|Reflect|p1a: Alakazam
|-start|p1a: Alakazam|Reflect
|move|p2a: Exeggutor|Stun Spore|p1a: Alakazam
|-status|p1a: Alakazam|par
|
|turn|3
|choice||
|
|move|p1a: Alakazam|Psychic|p2a: Exeggutor
|-crit|p2a: Exeggutor
|-resisted|p2a: Exeggutor
|-damage|p2a: Exeggutor|75\/100 par
|move|p2a: Exeggutor|Psychic|p1a: Alakazam
|-resisted|p1a: Alakazam
|-damage|p1a: Alakazam|83\/100 par
|-unboost|p1a: Alakazam|spd|1
|-unboost|p1a: Alakazam|spa|1
|
|turn|4
|choice||
|
|switch|p2a: Zapdos|Zapdos|100\/100
|move|p1a: Alakazam|Psychic|p2a: Zapdos
|-damage|p2a: Zapdos|80\/100
|
|turn|5
|choice||
|
|switch|p1a: Tauros|Tauros|100\/100
|move|p2a: Zapdos|Thunderbolt|p1a: Tauros
|-damage|p1a: Tauros|56\/100
|-status|p1a: Tauros|par
|
|turn|6
|c|★S1TheGod|10% ok
|choice||
|
|switch|p2a: Poliwrath|Poliwrath|100\/100
|move|p1a: Tauros|Body Slam|p2a: Poliwrath
|-damage|p2a: Poliwrath|76\/100
|
|turn|7
|choice||
|
|move|p2a: Poliwrath|Submission|p1a: Tauros|[miss]
|-miss|p2a: Poliwrath
|cant|p1a: Tauros|par
|
|turn|8
|choice||
|
|move|p2a: Poliwrath|Amnesia|p2a: Poliwrath
|-boost|p2a: Poliwrath|spd|2
|-boost|p2a: Poliwrath|spa|2
|cant|p1a: Tauros|par
|
|turn|9
|choice||
|
|move|p2a: Poliwrath|Surf|p1a: Tauros
|-damage|p1a: Tauros|0 fnt
|faint|p1a: Tauros
|choice||
|
|switch|p1a: Exeggutor|Exeggutor|100\/100
|turn|10
|choice||
|
|move|p2a: Poliwrath|Hypnosis|p1a: Exeggutor|[miss]
|-miss|p2a: Poliwrath
|move|p1a: Exeggutor|Sleep Powder|p2a: Poliwrath
|-status|p2a: Poliwrath|slp
|
|turn|11
|choice||
|
|switch|p2a: Zapdos|Zapdos|80\/100
|move|p1a: Exeggutor|Psychic|p2a: Zapdos
|-crit|p2a: Zapdos
|-damage|p2a: Zapdos|27\/100
|-unboost|p2a: Zapdos|spd|1
|-unboost|p2a: Zapdos|spa|1
|
|turn|12
|choice||
|
|move|p2a: Zapdos|Drill Peck|p1a: Exeggutor
|-crit|p1a: Exeggutor
|-supereffective|p1a: Exeggutor
|-damage|p1a: Exeggutor|5\/100
|move|p1a: Exeggutor|Psychic|p2a: Zapdos
|-damage|p2a: Zapdos|0 fnt
|faint|p2a: Zapdos
|choice||
|
|switch|p2a: Tauros|Tauros|100\/100
|turn|13
|choice||
|
|switch|p1a: Slowbro|Slowbro|100\/100
|move|p2a: Tauros|Body Slam|p1a: Slowbro
|-damage|p1a: Slowbro|76\/100
|-status|p1a: Slowbro|par
|
|turn|14
|choice||
|
|switch|p2a: Exeggutor|Exeggutor|75\/100 par
|move|p1a: Slowbro|Thunder Wave|p2a: Exeggutor
|-fail|p2a: Exeggutor|par
|
|turn|15
|choice||
|
|move|p2a: Exeggutor|Explosion|p1a: Slowbro
|-damage|p1a: Slowbro|9\/100 par
|faint|p2a: Exeggutor
|choice||
|
|switch|p2a: Tauros|Tauros|100\/100
|turn|16
|choice||
|
|move|p2a: Tauros|Body Slam|p1a: Slowbro
|-damage|p1a: Slowbro|0 fnt
|faint|p1a: Slowbro
|choice||
|
|switch|p1a: Alakazam|Alakazam|83\/100 par
|turn|17
|choice||
|
|move|p2a: Tauros|Hyper Beam|p1a: Alakazam
|-crit|p1a: Alakazam
|-damage|p1a: Alakazam|0 fnt
|faint|p1a: Alakazam
|choice||
|
|switch|p1a: Persian|Persian|100\/100
|turn|18
|choice||
|
|move|p1a: Persian|Slash|p2a: Tauros
|-crit|p2a: Tauros
|-damage|p2a: Tauros|63\/100
|move|p2a: Tauros|Body Slam|p1a: Persian
|-crit|p1a: Persian
|-damage|p1a: Persian|22\/100
|
|turn|19
|choice||
|
|move|p1a: Persian|Slash|p2a: Tauros
|-crit|p2a: Tauros
|-damage|p2a: Tauros|25\/100
|move|p2a: Tauros|Body Slam|p1a: Persian
|-damage|p1a: Persian|0 fnt
|faint|p1a: Persian
|choice||
|
|switch|p1a: Starmie|Starmie|100\/100
|turn|20
|choice||
|
|move|p1a: Starmie|Blizzard|p2a: Tauros
|-damage|p2a: Tauros|0 fnt
|faint|p2a: Tauros
|choice||
|
|switch|p2a: Slowbro|Slowbro|100\/100
|turn|21
|choice||
|
|move|p1a: Starmie|Thunderbolt|p2a: Slowbro|[miss]
|-miss|p1a: Starmie
|move|p2a: Slowbro|Thunder Wave|p1a: Starmie
|-status|p1a: Starmie|par
|
|turn|22
|choice||
|
|move|p2a: Slowbro|Amnesia|p2a: Slowbro
|-boost|p2a: Slowbro|spd|2
|-boost|p2a: Slowbro|spa|2
|cant|p1a: Starmie|par
|
|turn|23
|c|★S1TheGod|thunderbolt has a 100% accuracy fuck this lmao
|-message|S1TheGod forfeited.
|
|win|metabolite
|player|p1
|player|p2
|l|S1TheGod
|raw|S1TheGod's rating: 1161 &rarr; <strong>1128<\/strong><br \/>(-33 for losing)
|raw|metabolite's rating: 1052 &rarr; <strong>1094<\/strong><br \/>(+42 for winning)