|join|Danny Noonan
|join|1timeplayerperson
|player|p1|Danny Noonan|265
|player|p2|1timeplayerperson|265
|gametype|singles
|gen|1
|tier|[Gen 1] Random Battle
|rated
|rule|Sleep Clause Mod: Limit one foe put to sleep
|rule|Freeze Clause Mod: Limit one foe frozen
|rule|HP Percentage Mod: HP is shown in percentages
|
|start
|switch|p1a: Mankey|Mankey, L96|272\/272
|switch|p2a: Weezing|Weezing, L85|284\/284
|turn|1
|
|move|p1a: Mankey|Body Slam|p2a: Weezing
|-damage|p2a: Weezing|230\/284
|-status|p2a: Weezing|par
|cant|p2a: Weezing|par
|
|turn|2
|
|move|p1a: Mankey|Body Slam|p2a: Weezing
|-damage|p2a: Weezing|174\/284 par
|move|p2a: Weezing|Sludge|p1a: Mankey
|-damage|p1a: Mankey|168\/272
|-status|p1a: Mankey|psn
|
|turn|3
|join|vgjvhjvhj
|
|move|p1a: Mankey|Mega Kick|p2a: Weezing
|-damage|p2a: Weezing|102\/284 par
|-damage|p1a: Mankey|151\/272 psn|[from] psn|[of] p2a: Weezing
|move|p2a: Weezing|Sludge|p1a: Mankey
|-damage|p1a: Mankey|53\/272 psn
|
|turn|4
|
|move|p1a: Mankey|Mega Kick|p2a: Weezing
|-damage|p2a: Weezing|20\/284 par
|-damage|p1a: Mankey|36\/272 psn|[from] psn|[of] p2a: Weezing
|move|p2a: Weezing|Sludge|p1a: Mankey
|-damage|p1a: Mankey|0 fnt
|faint|p1a: Mankey
|
|switch|p1a: Kingler|Kingler, L85|267\/267
|turn|5
|
|move|p1a: Kingler|Body Slam|p2a: Weezing
|-crit|p2a: Weezing
|-damage|p2a: Weezing|0 fnt
|faint|p2a: Weezing
|
|switch|p2a: Dragonite|Dragonite, L85|328\/328
|turn|6
|c|★Danny Noonan|oh this guy again
|c|★Danny Noonan|it just dawned on me
|
|move|p2a: Dragonite|Thunderbolt|p1a: Kingler
|-supereffective|p1a: Kingler
|-damage|p1a: Kingler|61\/267
|move|p1a: Kingler|Body Slam|p2a: Dragonite
|-damage|p2a: Dragonite|250\/328
|
|turn|7
|c| vgjvhjvhj|a rematch...
|c| vgjvhjvhj|why stay out?
|c| vgjvhjvhj|kingler can be a beast
|
|switch|p1a: Weepinbell|Weepinbell, L85|284\/284
|move|p2a: Dragonite|Thunderbolt|p1a: Weepinbell
|-resisted|p1a: Weepinbell
|-damage|p1a: Weepinbell|246\/284
|
|turn|8
|c|★Danny Noonan|not sure
|c| vgjvhjvhj|in the right circumstances
|c|★Danny Noonan|when its an alt i forget to try
|c| vgjvhjvhj|lol
|
|move|p2a: Dragonite|Thunder Wave|p1a: Weepinbell
|-status|p1a: Weepinbell|par
|cant|p1a: Weepinbell|par
|
|turn|9
|
|move|p2a: Dragonite|Ice Beam|p1a: Weepinbell
|-crit|p1a: Weepinbell
|-supereffective|p1a: Weepinbell
|-damage|p1a: Weepinbell|0 fnt
|faint|p1a: Weepinbell
|c|★Danny Noonan|ugh
|c|★Danny Noonan|couldnt stun spore
|c| vgjvhjvhj|rip in pasta
|
|switch|p1a: Jynx|Jynx, L79|265\/265
|turn|10
|c| vgjvhjvhj|also kingler didn't have blizzard?
|c|★Danny Noonan|nope
|c|★Danny Noonan|tried to para with a slam
|
|move|p1a: Jynx|Blizzard|p2a: Dragonite
|-crit|p2a: Dragonite
|-supereffective|p2a: Dragonite
|-damage|p2a: Dragonite|0 fnt
|faint|p2a: Dragonite
|c|★Danny Noonan|ohhhh im faster
|c|★Danny Noonan|thats huge
|c|★Danny Noonan|it jynx was para'd id be hurting
|
|switch|p2a: Charizard|Charizard, L85|306\/306
|turn|11
|
|move|p2a: Charizard|Fire Blast|p1a: Jynx
|-supereffective|p1a: Jynx
|-damage|p1a: Jynx|24\/265
|move|p1a: Jynx|Lovely Kiss|p2a: Charizard
|-status|p2a: Charizard|slp
|
|turn|12
|c| vgjvhjvhj|I'm surprised
|c| vgjvhjvhj|you risked that
|c|★Danny Noonan|gotta risk a lot to win a lot
|c| vgjvhjvhj|I would've feared a OHKO
|
|switch|p2a: Charmeleon|Charmeleon, L85|272\/272
|move|p1a: Jynx|Blizzard|p2a: Charmeleon
|-damage|p2a: Charmeleon|149\/272
|
|turn|13
|
|move|p1a: Jynx|Psychic|p2a: Charmeleon
|-damage|p2a: Charmeleon|49\/272
|move|p2a: Charmeleon|Slash|p1a: Jynx
|-crit|p1a: Jynx
|-damage|p1a: Jynx|0 fnt
|faint|p1a: Jynx
|
|switch|p1a: Persian|Persian, L79|265\/265
|turn|14
|
|move|p1a: Persian|Slash|p2a: Charmeleon
|-crit|p2a: Charmeleon
|-damage|p2a: Charmeleon|0 fnt
|faint|p2a: Charmeleon
|c|★Danny Noonan|itd be great it charizard stayed sleeping for a while
|
|switch|p2a: Nidoqueen|Nidoqueen, L85|327\/327
|turn|15
|
|move|p1a: Persian|Slash|p2a: Nidoqueen
|-crit|p2a: Nidoqueen
|-damage|p2a: Nidoqueen|225\/327
|move|p2a: Nidoqueen|Earthquake|p1a: Persian
|-damage|p1a: Persian|132\/265
|
|turn|16
|c|★Danny Noonan|nido is a tough one to run in to...
|
|move|p1a: Persian|Body Slam|p2a: Nidoqueen
|-damage|p2a: Nidoqueen|157\/327
|move|p2a: Nidoqueen|Earthquake|p1a: Persian
|-damage|p1a: Persian|11\/265
|
|turn|17
|c|★Danny Noonan|need a para
|
|move|p1a: Persian|Body Slam|p2a: Nidoqueen
|-damage|p2a: Nidoqueen|92\/327
|move|p2a: Nidoqueen|Body Slam|p1a: Persian
|-damage|p1a: Persian|0 fnt
|faint|p1a: Persian
|
|switch|p1a: Kingler|Kingler, L85|61\/267
|turn|18
|
|move|p2a: Nidoqueen|Thunderbolt|p1a: Kingler
|-supereffective|p1a: Kingler
|-damage|p1a: Kingler|0 fnt
|faint|p1a: Kingler
|c|★Danny Noonan|aw
|
|switch|p1a: Snorlax|Snorlax, L79|415\/415
|turn|19
|
|move|p2a: Nidoqueen|Body Slam|p1a: Snorlax
|-crit|p1a: Snorlax
|-damage|p1a: Snorlax|281\/415
|move|p1a: Snorlax|Body Slam|p2a: Nidoqueen
|-damage|p2a: Nidoqueen|4\/327
|-status|p2a: Nidoqueen|par
|
|turn|20
|
|move|p1a: Snorlax|Body Slam|p2a: Nidoqueen
|-damage|p2a: Nidoqueen|0 fnt
|faint|p2a: Nidoqueen
|c|★Danny Noonan|oh good
|
|switch|p2a: Sandslash|Sandslash, L85|301\/301
|turn|21
|c| vgjvhjvhj|rip
|
|move|p2a: Sandslash|Swords Dance|p2a: Sandslash
|-boost|p2a: Sandslash|atk|2
|move|p1a: Snorlax|Body Slam|p2a: Sandslash
|-damage|p2a: Sandslash|228\/301
|
|turn|22
|
|move|p2a: Sandslash|Swords Dance|p2a: Sandslash
|-boost|p2a: Sandslash|atk|2
|move|p1a: Snorlax|Body Slam|p2a: Sandslash
|-damage|p2a: Sandslash|158\/301
|
|turn|23
|c|★Danny Noonan|need to para....
|
|move|p2a: Sandslash|Earthquake|p1a: Snorlax
|-damage|p1a: Snorlax|0 fnt
|faint|p1a: Snorlax
|
|win|1timeplayerperson
|raw|Ladder updating...
|raw|Danny Noonan's rating: 1147 &rarr; <strong>1130<\/strong><br \/>(-17 for losing)
|raw|1timeplayerperson's rating: 1261 &rarr; <strong>1278<\/strong><br \/>(+17 for winning)
|c|★Danny Noonan|aw
|leave|Danny Noonan
|c|★1timeplayerperson|good game :)
|player|p1
|leave|vgjvhjvhj