|join|Shax
|join|ryan1997
|player|p1|Shax|101
|player|p2|ryan1997|144
|gametype|singles
|gen|1
|tier|[Gen 1] Ubers
|rule|Sleep Clause Mod: Limit one foe put to sleep
|rule|Freeze Clause Mod: Limit one foe frozen
|rule|Species Clause: Limit one of each Pokémon
|rule|OHKO Clause: OHKO moves are banned
|rule|Evasion Moves Clause: Evasion moves are banned
|rule|HP Percentage Mod: HP is shown in percentages
|
|start
|switch|p1a: Jynx|Jynx|333\/333
|switch|p2a: heatah fajita 1|Jynx|333\/333
|turn|1
|join|Nanako chin
|join|Weedle 4 LC Ubers
|join|miniman87654
|
|move|p2a: heatah fajita 1|Lovely Kiss|p1a: Jynx|[miss]
|-miss|p2a: heatah fajita 1
|move|p1a: Jynx|Lovely Kiss|p2a: heatah fajita 1
|-status|p2a: heatah fajita 1|slp
|
|turn|2
|join|LV9001Talonflame
|c|★ryan1997|lol
|join|baaaast
|c| miniman87654|the final countdown
|
|switch|p2a: heatah fajita 4|Slowbro|393\/393
|move|p1a: Jynx|Psychic|p2a: heatah fajita 4
|-resisted|p2a: heatah fajita 4
|-damage|p2a: heatah fajita 4|330\/393
|-unboost|p2a: heatah fajita 4|spd|1
|-unboost|p2a: heatah fajita 4|spa|1
|
|turn|3
|join|raseri
|c|★ryan1997|have lost every since 50 50 in this tournament
|
|move|p1a: Jynx|Mimic|p2a: heatah fajita 4
|-start|p1a: Jynx|Mimic|Rest
|move|p2a: heatah fajita 4|Thunder Wave|p1a: Jynx
|-status|p1a: Jynx|par
|
|turn|4
|join|Vileman
|leave|Vileman
|
|move|p2a: heatah fajita 4|Thunder Wave|p1a: Jynx
|-fail|p1a: Jynx|par
|move|p1a: Jynx|Psychic|p2a: heatah fajita 4
|-resisted|p2a: heatah fajita 4
|-damage|p2a: heatah fajita 4|240\/393
|
|turn|5
|c| baaaast|how was shax in that last battle
|c| baaaast|nice scouting fgt
|
|move|p2a: heatah fajita 4|Amnesia|p2a: heatah fajita 4
|-boost|p2a: heatah fajita 4|spd|2
|-boost|p2a: heatah fajita 4|spa|2
|cant|p1a: Jynx|par
|
|turn|6
|c|★Shax|Go away Salty Chunks!
|join|dom690
|
|switch|p1a: Exeggutor|Exeggutor|393\/393
|move|p2a: heatah fajita 4|Thunder Wave|p1a: Exeggutor
|-status|p1a: Exeggutor|par
|
|turn|7
|
|switch|p2a: heatah fajita 1|Jynx|333\/333 slp
|move|p1a: Exeggutor|Double-Edge|p2a: heatah fajita 1
|-damage|p2a: heatah fajita 1|198\/333 slp
|-damage|p1a: Exeggutor|360\/393 par|[from] recoil|[of] p2a: heatah fajita 1
|
|turn|8
|
|cant|p2a: heatah fajita 1|slp
|move|p1a: Exeggutor|Double-Edge|p2a: heatah fajita 1
|-damage|p2a: heatah fajita 1|53\/333 slp
|-damage|p1a: Exeggutor|324\/393 par|[from] recoil|[of] p2a: heatah fajita 1
|
|turn|9
|
|switch|p2a: heatah fajita 5|Chansey|703\/703
|cant|p1a: Exeggutor|par
|
|turn|10
|join|Marikeinen
|
|move|p2a: heatah fajita 5|Ice Beam|p1a: Exeggutor
|-supereffective|p1a: Exeggutor
|-damage|p1a: Exeggutor|186\/393 par
|move|p1a: Exeggutor|Explosion|p2a: heatah fajita 5
|-damage|p2a: heatah fajita 5|26\/703
|faint|p1a: Exeggutor
|c| Nanako chin|ummm there is an "ignore" checkbox on the top right.  just saying.
|
|switch|p1a: Alakazam|Alakazam|313\/313
|turn|11
|
|switch|p2a: heatah fajita 4|Slowbro|240\/393
|move|p1a: Alakazam|Psychic|p2a: heatah fajita 4
|-crit|p2a: heatah fajita 4
|-resisted|p2a: heatah fajita 4
|-damage|p2a: heatah fajita 4|91\/393
|-unboost|p2a: heatah fajita 4|spd|1
|-unboost|p2a: heatah fajita 4|spa|1
|
|turn|12
|c|★ryan1997|lmao
|c|★ryan1997|fuck you
|c| Weedle 4 LC Ubers|lol huge crit
|
|switch|p2a: heatah fajita 5|Chansey|26\/703
|move|p1a: Alakazam|Psychic|p2a: heatah fajita 5
|-damage|p2a: heatah fajita 5|0 fnt
|faint|p2a: heatah fajita 5
|c| baaast|lol crit drop too
|
|switch|p2a: heatah fajita 3|Mew|403\/403
|turn|13
|
|move|p1a: Alakazam|Thunder Wave|p2a: heatah fajita 3
|-status|p2a: heatah fajita 3|par
|move|p2a: heatah fajita 3|Swords Dance|p2a: heatah fajita 3
|-boost|p2a: heatah fajita 3|atk|2
|
|turn|14
|
|move|p1a: Alakazam|Reflect|p1a: Alakazam
|-start|p1a: Alakazam|Reflect
|move|p2a: heatah fajita 3|Hyper Beam|p1a: Alakazam
|-damage|p1a: Alakazam|142\/313
|
|turn|15
|-mustrecharge|p2a: heatah fajita 3
|-mustrecharge|p2a: heatah fajita 3
|
|move|p1a: Alakazam|Recover|p1a: Alakazam
|-heal|p1a: Alakazam|298\/313
|cant|p2a: heatah fajita 3|recharge
|
|turn|16
|c| baaast|get fuuuucekd
|
|move|p1a: Alakazam|Psychic|p2a: heatah fajita 3
|-resisted|p2a: heatah fajita 3
|-damage|p2a: heatah fajita 3|335\/403 par
|-unboost|p2a: heatah fajita 3|spd|1
|-unboost|p2a: heatah fajita 3|spa|1
|move|p2a: heatah fajita 3|Swords Dance|p2a: heatah fajita 3
|-boost|p2a: heatah fajita 3|atk|2
|
|turn|17
|
|move|p1a: Alakazam|Psychic|p2a: heatah fajita 3
|-resisted|p2a: heatah fajita 3
|-damage|p2a: heatah fajita 3|232\/403 par
|cant|p2a: heatah fajita 3|par
|
|turn|18
|
|move|p1a: Alakazam|Psychic|p2a: heatah fajita 3
|-resisted|p2a: heatah fajita 3
|-damage|p2a: heatah fajita 3|133\/403 par
|move|p2a: heatah fajita 3|Explosion|p1a: Alakazam
|-damage|p1a: Alakazam|0 fnt
|faint|p1a: Alakazam
|faint|p2a: heatah fajita 3
|c| Weedle 4 LC Ubers|npffffffffffffffff
|c|★ryan1997|lol nah sorry cant beat this luck
|
|switch|p1a: Mew|Mew|403\/403
|switch|p2a: heatah fajita 6|Snorlax|523\/523
|turn|19
|
|move|p1a: Mew|Swords Dance|p1a: Mew
|-boost|p1a: Mew|atk|2
|move|p2a: heatah fajita 6|Body Slam|p1a: Mew
|-damage|p1a: Mew|294\/403
|
|turn|20
|
|move|p1a: Mew|Earthquake|p2a: heatah fajita 6
|-damage|p2a: heatah fajita 6|335\/523
|move|p2a: heatah fajita 6|Body Slam|p1a: Mew
|-damage|p1a: Mew|183\/403
|
|turn|21
|c| baaast|nnpf
|
|move|p1a: Mew|Earthquake|p2a: heatah fajita 6
|-damage|p2a: heatah fajita 6|114\/523
|move|p2a: heatah fajita 6|Body Slam|p1a: Mew
|-damage|p1a: Mew|72\/403
|
|turn|22
|c| Weedle 4 LC Ubers|nnpf
|c|★ryan1997|just 1
|c| baaast|shax whose dick did you suck my god
|c|★ryan1997|but nah
|
|move|p1a: Mew|Earthquake|p2a: heatah fajita 6
|-damage|p2a: heatah fajita 6|0 fnt
|faint|p2a: heatah fajita 6
|
|switch|p2a: heatah fajita 2|Mewtwo|415\/415
|turn|23
|
|move|p2a: heatah fajita 2|Thunderbolt|p1a: Mew
|-damage|p1a: Mew|0 fnt
|faint|p1a: Mew
|
|switch|p1a: Chansey|Chansey|703\/703
|turn|24
|
|switch|p2a: heatah fajita 4|Slowbro|91\/393
|move|p1a: Chansey|Light Screen|p1a: Chansey
|-start|p1a: Chansey|Light Screen
|
|turn|25
|
|move|p1a: Chansey|Thunder Wave|p2a: heatah fajita 4
|-status|p2a: heatah fajita 4|par
|move|p2a: heatah fajita 4|Rest|p2a: heatah fajita 4
|-status|p2a: heatah fajita 4|slp
|-heal|p2a: heatah fajita 4|393\/393 slp|[silent]
|-status|p2a: heatah fajita 4|slp|[from] move: Rest
|
|turn|26
|c| baaast|lmfao light screen gen 1
|c| baaast|havent seen that
|c| Weedle 4 LC Ubers|^
|
|switch|p1a: Jynx|Jynx|333\/333 par
|cant|p2a: heatah fajita 4|slp
|
|turn|27
|c| Weedle 4 LC Ubers|ever, really
|
|move|p1a: Jynx|Mimic|p2a: heatah fajita 4
|-start|p1a: Jynx|Mimic|Rest
|-curestatus|p2a: heatah fajita 4|slp
|
|turn|28
|join|tazzie
|c| baaast|yeah not even in cc
|c| Weedle 4 LC Ubers|^
|
|move|p1a: Jynx|Rest|p1a: Jynx
|-fail|p1a: Jynx
|move|p2a: heatah fajita 4|Amnesia|p2a: heatah fajita 4
|-boost|p2a: heatah fajita 4|spd|2
|-boost|p2a: heatah fajita 4|spa|2
|
|turn|29
|
|switch|p1a: Chansey|Chansey|703\/703
|move|p2a: heatah fajita 4|Amnesia|p2a: heatah fajita 4
|-boost|p2a: heatah fajita 4|spd|2
|-boost|p2a: heatah fajita 4|spa|2
|
|turn|30
|
|move|p1a: Chansey|Thunder Wave|p2a: heatah fajita 4
|-status|p2a: heatah fajita 4|par
|move|p2a: heatah fajita 4|Thunder Wave|p1a: Chansey
|-status|p1a: Chansey|par
|
|turn|31
|
|switch|p1a: Jynx|Jynx|333\/333 par
|move|p2a: heatah fajita 4|Amnesia|p2a: heatah fajita 4
|-boost|p2a: heatah fajita 4|spd|2
|-boost|p2a: heatah fajita 4|spa|2
|
|turn|32
|
|switch|p1a: Chansey|Chansey|703\/703 par
|move|p2a: heatah fajita 4|Surf|p1a: Chansey
|-damage|p1a: Chansey|362\/703 par
|
|turn|33
|
|move|p1a: Chansey|Light Screen|p1a: Chansey
|-start|p1a: Chansey|Light Screen
|move|p2a: heatah fajita 4|Surf|p1a: Chansey
|-damage|p1a: Chansey|193\/703 par
|
|turn|34
|
|cant|p1a: Chansey|par
|move|p2a: heatah fajita 4|Surf|p1a: Chansey
|-damage|p1a: Chansey|4\/703 par
|
|turn|35
|
|move|p1a: Chansey|Soft-Boiled|p1a: Chansey
|-heal|p1a: Chansey|355\/703 par
|move|p2a: heatah fajita 4|Surf|p1a: Chansey
|-damage|p1a: Chansey|169\/703 par
|
|turn|36
|
|move|p1a: Chansey|Soft-Boiled|p1a: Chansey
|-heal|p1a: Chansey|520\/703 par
|move|p2a: heatah fajita 4|Surf|p1a: Chansey
|-damage|p1a: Chansey|337\/703 par
|
|turn|37
|
|move|p1a: Chansey|Soft-Boiled|p1a: Chansey
|-heal|p1a: Chansey|688\/703 par
|move|p2a: heatah fajita 4|Surf|p1a: Chansey
|-damage|p1a: Chansey|522\/703 par
|
|turn|38
|leave|raseri
|
|move|p1a: Chansey|Soft-Boiled|p1a: Chansey
|-heal|p1a: Chansey|703\/703 par
|move|p2a: heatah fajita 4|Surf|p1a: Chansey
|-damage|p1a: Chansey|524\/703 par
|
|turn|39
|leave|Marikeinen
|
|move|p1a: Chansey|Soft-Boiled|p1a: Chansey
|-heal|p1a: Chansey|703\/703 par
|move|p2a: heatah fajita 4|Surf|p1a: Chansey
|-damage|p1a: Chansey|513\/703 par
|
|turn|40
|
|move|p1a: Chansey|Soft-Boiled|p1a: Chansey
|-heal|p1a: Chansey|703\/703 par
|move|p2a: heatah fajita 4|Surf|p1a: Chansey
|-damage|p1a: Chansey|524\/703 par
|
|turn|41
|
|move|p1a: Chansey|Light Screen|p1a: Chansey
|-fail|p1a: Chansey
|cant|p2a: heatah fajita 4|par
|
|turn|42
|
|move|p1a: Chansey|Light Screen|p1a: Chansey
|-fail|p1a: Chansey
|move|p2a: heatah fajita 4|Surf|p1a: Chansey
|-damage|p1a: Chansey|341\/703 par
|
|turn|43
|
|move|p1a: Chansey|Soft-Boiled|p1a: Chansey
|-heal|p1a: Chansey|692\/703 par
|move|p2a: heatah fajita 4|Surf|p1a: Chansey
|-damage|p1a: Chansey|509\/703 par
|
|turn|44
|
|move|p1a: Chansey|Soft-Boiled|p1a: Chansey
|-heal|p1a: Chansey|703\/703 par
|cant|p2a: heatah fajita 4|par
|
|turn|45
|
|move|p1a: Chansey|Ice Beam|p2a: heatah fajita 4
|-resisted|p2a: heatah fajita 4
|-damage|p2a: heatah fajita 4|381\/393 par
|move|p2a: heatah fajita 4|Thunder Wave|p1a: Chansey
|-fail|p1a: Chansey|par
|
|turn|46
|
|move|p1a: Chansey|Ice Beam|p2a: heatah fajita 4
|-resisted|p2a: heatah fajita 4
|-damage|p2a: heatah fajita 4|369\/393 par
|cant|p2a: heatah fajita 4|par
|
|turn|47
|
|move|p1a: Chansey|Ice Beam|p2a: heatah fajita 4
|-resisted|p2a: heatah fajita 4
|-damage|p2a: heatah fajita 4|357\/393 par
|move|p2a: heatah fajita 4|Thunder Wave|p1a: Chansey
|-fail|p1a: Chansey|par
|
|turn|48
|
|cant|p1a: Chansey|par
|move|p2a: heatah fajita 4|Thunder Wave|p1a: Chansey
|-fail|p1a: Chansey|par
|
|turn|49
|
|move|p1a: Chansey|Ice Beam|p2a: heatah fajita 4
|-resisted|p2a: heatah fajita 4
|-damage|p2a: heatah fajita 4|345\/393 par
|cant|p2a: heatah fajita 4|par
|
|turn|50
|
|move|p1a: Chansey|Ice Beam|p2a: heatah fajita 4
|-crit|p2a: heatah fajita 4
|-resisted|p2a: heatah fajita 4
|-damage|p2a: heatah fajita 4|264\/393 par
|move|p2a: heatah fajita 4|Thunder Wave|p1a: Chansey
|-fail|p1a: Chansey|par
|
|turn|51
|
|cant|p1a: Chansey|par
|move|p2a: heatah fajita 4|Rest|p2a: heatah fajita 4
|-status|p2a: heatah fajita 4|slp
|-heal|p2a: heatah fajita 4|393\/393 slp|[silent]
|-status|p2a: heatah fajita 4|slp|[from] move: Rest
|
|turn|52
|
|switch|p1a: Jynx|Jynx|333\/333 par
|cant|p2a: heatah fajita 4|slp
|
|turn|53
|
|move|p1a: Jynx|Mimic|p2a: heatah fajita 4
|-start|p1a: Jynx|Mimic|Amnesia
|-curestatus|p2a: heatah fajita 4|slp
|
|turn|54
|
|cant|p1a: Jynx|par
|move|p2a: heatah fajita 4|Surf|p1a: Jynx
|-damage|p1a: Jynx|0 fnt
|faint|p1a: Jynx
|join|Will Shatner
|
|switch|p1a: Chansey|Chansey|703\/703 par
|turn|55
|c|★ryan1997|gone
|
|cant|p1a: Chansey|par
|move|p2a: heatah fajita 4|Surf|p1a: Chansey
|-damage|p1a: Chansey|332\/703 par
|
|turn|56
|
|cant|p1a: Chansey|par
|move|p2a: heatah fajita 4|Surf|p1a: Chansey
|-damage|p1a: Chansey|0 fnt
|faint|p1a: Chansey
|c|★ryan1997|smd shax
|
|switch|p1a: Mewtwo|Mewtwo|415\/415
|turn|57
|
|move|p1a: Mewtwo|Amnesia|p1a: Mewtwo
|-boost|p1a: Mewtwo|spd|2
|-boost|p1a: Mewtwo|spa|2
|move|p2a: heatah fajita 4|Surf|p1a: Mewtwo
|-damage|p1a: Mewtwo|278\/415
|
|turn|58
|c| Weedle 4 LC Ubers|lmao ryan bitching about hax
|
|move|p1a: Mewtwo|Amnesia|p1a: Mewtwo
|-boost|p1a: Mewtwo|spd|2
|-boost|p1a: Mewtwo|spa|2
|move|p2a: heatah fajita 4|Thunder Wave|p1a: Mewtwo
|-status|p1a: Mewtwo|par
|
|turn|59
|
|cant|p1a: Mewtwo|par
|move|p2a: heatah fajita 4|Surf|p1a: Mewtwo
|-damage|p1a: Mewtwo|173\/415 par
|
|turn|60
|
|move|p1a: Mewtwo|Recover|p1a: Mewtwo
|-heal|p1a: Mewtwo|380\/415 par
|move|p2a: heatah fajita 4|Surf|p1a: Mewtwo
|-damage|p1a: Mewtwo|260\/415 par
|
|turn|61
|
|move|p1a: Mewtwo|Recover|p1a: Mewtwo
|-heal|p1a: Mewtwo|415\/415 par
|move|p2a: heatah fajita 4|Surf|p1a: Mewtwo
|-crit|p1a: Mewtwo
|-damage|p1a: Mewtwo|267\/415 par
|
|turn|62
|
|move|p1a: Mewtwo|Recover|p1a: Mewtwo
|-heal|p1a: Mewtwo|415\/415 par
|move|p2a: heatah fajita 4|Surf|p1a: Mewtwo
|-damage|p1a: Mewtwo|309\/415 par
|
|turn|63
|
|move|p1a: Mewtwo|Barrier|p1a: Mewtwo
|-boost|p1a: Mewtwo|def|2
|move|p2a: heatah fajita 4|Amnesia|p2a: heatah fajita 4
|-boost|p2a: heatah fajita 4|spd|2
|-boost|p2a: heatah fajita 4|spa|2
|
|turn|64
|c| baaast|hahahha
|
|move|p1a: Mewtwo|Barrier|p1a: Mewtwo
|-boost|p1a: Mewtwo|def|2
|move|p2a: heatah fajita 4|Amnesia|p2a: heatah fajita 4
|-boost|p2a: heatah fajita 4|spd|2
|-boost|p2a: heatah fajita 4|spa|2
|
|turn|65
|
|move|p2a: heatah fajita 4|Amnesia|p2a: heatah fajita 4
|-boost|p2a: heatah fajita 4|spd|2
|-boost|p2a: heatah fajita 4|spa|2
|move|p1a: Mewtwo|Barrier|p1a: Mewtwo
|-boost|p1a: Mewtwo|def|2
|
|turn|66
|
|move|p2a: heatah fajita 4|Amnesia|p2a: heatah fajita 4
|-boost|p2a: heatah fajita 4|spd|2
|-boost|p2a: heatah fajita 4|spa|2
|move|p1a: Mewtwo|Recover|p1a: Mewtwo
|-heal|p1a: Mewtwo|415\/415 par
|
|turn|67
|
|move|p2a: heatah fajita 4|Amnesia|p2a: heatah fajita 4
|-boost|p2a: heatah fajita 4|spd|2
|-boost|p2a: heatah fajita 4|spa|2
|move|p1a: Mewtwo|Psychic|p2a: heatah fajita 4
|-resisted|p2a: heatah fajita 4
|-damage|p2a: heatah fajita 4|337\/393
|-unboost|p2a: heatah fajita 4|spd|1
|-unboost|p2a: heatah fajita 4|spa|1
|
|turn|68
|
|move|p2a: heatah fajita 4|Amnesia|p2a: heatah fajita 4
|-boost|p2a: heatah fajita 4|spd|2
|-boost|p2a: heatah fajita 4|spa|2
|move|p1a: Mewtwo|Psychic|p2a: heatah fajita 4
|-crit|p2a: heatah fajita 4
|-resisted|p2a: heatah fajita 4
|-damage|p2a: heatah fajita 4|173\/393
|
|turn|69
|c| baaast|mk so gen 1 ubers is as stally and shitty as gen 2
|
|move|p2a: heatah fajita 4|Rest|p2a: heatah fajita 4
|-status|p2a: heatah fajita 4|slp
|-heal|p2a: heatah fajita 4|393\/393 slp|[silent]
|-status|p2a: heatah fajita 4|slp|[from] move: Rest
|move|p1a: Mewtwo|Psychic|p2a: heatah fajita 4
|-resisted|p2a: heatah fajita 4
|-damage|p2a: heatah fajita 4|343\/393 slp
|-unboost|p2a: heatah fajita 4|spd|1
|-unboost|p2a: heatah fajita 4|spa|1
|
|turn|70
|c|★Shax|That is corret
|c|★Shax|correct*
|c| Nanako chin|I think the bro is toast
|
|cant|p2a: heatah fajita 4|slp
|move|p1a: Mewtwo|Psychic|p2a: heatah fajita 4
|-resisted|p2a: heatah fajita 4
|-damage|p2a: heatah fajita 4|285\/393 slp
|-unboost|p2a: heatah fajita 4|spd|1
|-unboost|p2a: heatah fajita 4|spa|1
|
|turn|71
|c| baaast|shax stfu you have no idea whats correct
|
|-curestatus|p2a: heatah fajita 4|slp
|cant|p1a: Mewtwo|par
|
|turn|72
|
|move|p2a: heatah fajita 4|Amnesia|p2a: heatah fajita 4
|-boost|p2a: heatah fajita 4|spd|2
|-boost|p2a: heatah fajita 4|spa|2
|cant|p1a: Mewtwo|par
|
|turn|73
|
|move|p2a: heatah fajita 4|Amnesia|p2a: heatah fajita 4
|-boost|p2a: heatah fajita 4|spd|2
|-boost|p2a: heatah fajita 4|spa|2
|move|p1a: Mewtwo|Amnesia|p1a: Mewtwo
|-boost|p1a: Mewtwo|spd|2
|-boost|p1a: Mewtwo|spa|2
|
|turn|74
|
|move|p2a: heatah fajita 4|Rest|p2a: heatah fajita 4
|-status|p2a: heatah fajita 4|slp
|-heal|p2a: heatah fajita 4|393\/393 slp|[silent]
|-status|p2a: heatah fajita 4|slp|[from] move: Rest
|move|p1a: Mewtwo|Amnesia|p1a: Mewtwo
|-boost|p1a: Mewtwo|spd|2
|-boost|p1a: Mewtwo|spa|2
|
|turn|75
|
|cant|p2a: heatah fajita 4|slp
|move|p1a: Mewtwo|Barrier|p1a: Mewtwo
|-boost|p1a: Mewtwo|def|2
|
|turn|76
|
|-curestatus|p2a: heatah fajita 4|slp
|cant|p1a: Mewtwo|par
|
|turn|77
|
|move|p2a: heatah fajita 4|Amnesia|p2a: heatah fajita 4
|-boost|p2a: heatah fajita 4|spd|2
|-boost|p2a: heatah fajita 4|spa|2
|move|p1a: Mewtwo|Barrier|p1a: Mewtwo
|-boost|p1a: Mewtwo|def|2
|
|turn|78
|
|move|p2a: heatah fajita 4|Thunder Wave|p1a: Mewtwo
|-fail|p1a: Mewtwo|par
|cant|p1a: Mewtwo|par
|
|turn|79
|
|move|p2a: heatah fajita 4|Thunder Wave|p1a: Mewtwo
|-fail|p1a: Mewtwo|par
|move|p1a: Mewtwo|Barrier|p1a: Mewtwo
|-boost|p1a: Mewtwo|def|2
|
|turn|80
|
|move|p2a: heatah fajita 4|Thunder Wave|p1a: Mewtwo
|-fail|p1a: Mewtwo|par
|move|p1a: Mewtwo|Barrier|p1a: Mewtwo
|-boost|p1a: Mewtwo|def|2
|
|turn|81
|join|Austin
|
|move|p2a: heatah fajita 4|Thunder Wave|p1a: Mewtwo
|-fail|p1a: Mewtwo|par
|move|p1a: Mewtwo|Barrier|p1a: Mewtwo
|-boost|p1a: Mewtwo|def|2
|
|turn|82
|c| baaast|whats the plan here shax
|leave|Will Shatner
|c|★Shax|There is no plan
|c|★Shax|It's all about PP
|c| baaast|so why is this still happening
|c| baaast|.....
|c|★Shax|This started when he switched in Slowbro against Chansey.
|c| baaast|of course its about pp
|
|move|p2a: heatah fajita 4|Thunder Wave|p1a: Mewtwo
|-fail|p1a: Mewtwo|par
|move|p1a: Mewtwo|Barrier|p1a: Mewtwo
|-boost|p1a: Mewtwo|def|2
|
|turn|83
|c|★ryan1997|even if you crit literally every psychic
|c|★ryan1997|you still lose
|
|move|p2a: heatah fajita 4|Thunder Wave|p1a: Mewtwo
|-fail|p1a: Mewtwo|par
|move|p1a: Mewtwo|Barrier|p1a: Mewtwo
|-boost|p1a: Mewtwo|def|2
|
|turn|84
|
|move|p2a: heatah fajita 4|Thunder Wave|p1a: Mewtwo
|-fail|p1a: Mewtwo|par
|move|p1a: Mewtwo|Barrier|p1a: Mewtwo
|-boost|p1a: Mewtwo|def|2
|
|turn|85
|
|move|p2a: heatah fajita 4|Thunder Wave|p1a: Mewtwo
|-fail|p1a: Mewtwo|par
|cant|p1a: Mewtwo|par
|
|turn|86
|c| baaast|confirmed shax has 0 clue whats going on
|
|move|p2a: heatah fajita 4|Thunder Wave|p1a: Mewtwo
|-fail|p1a: Mewtwo|par
|cant|p1a: Mewtwo|par
|
|turn|87
|
|move|p2a: heatah fajita 4|Thunder Wave|p1a: Mewtwo
|-fail|p1a: Mewtwo|par
|move|p1a: Mewtwo|Barrier|p1a: Mewtwo
|-boost|p1a: Mewtwo|def|2
|
|turn|88
|c| baaast|maybe he can win :)))))
|
|move|p2a: heatah fajita 4|Surf|p1a: Mewtwo
|-damage|p1a: Mewtwo|303\/415 par
|move|p1a: Mewtwo|Barrier|p1a: Mewtwo
|-boost|p1a: Mewtwo|def|2
|
|turn|89
|c| baaast|just has to get lucky
|join|Lando Bandito
|
|move|p2a: heatah fajita 4|Surf|p1a: Mewtwo
|-damage|p1a: Mewtwo|192\/415 par
|move|p1a: Mewtwo|Barrier|p1a: Mewtwo
|-boost|p1a: Mewtwo|def|2
|
|turn|90
|
|move|p2a: heatah fajita 4|Surf|p1a: Mewtwo
|-damage|p1a: Mewtwo|76\/415 par
|move|p1a: Mewtwo|Recover|p1a: Mewtwo
|-heal|p1a: Mewtwo|283\/415 par
|
|turn|91
|c| baaast|nnfpf
|
|move|p2a: heatah fajita 4|Surf|p1a: Mewtwo
|-damage|p1a: Mewtwo|166\/415 par
|move|p1a: Mewtwo|Barrier|p1a: Mewtwo
|-boost|p1a: Mewtwo|def|2
|
|turn|92
|
|move|p2a: heatah fajita 4|Surf|p1a: Mewtwo
|-damage|p1a: Mewtwo|56\/415 par
|move|p1a: Mewtwo|Recover|p1a: Mewtwo
|-heal|p1a: Mewtwo|263\/415 par
|
|turn|93
|
|move|p2a: heatah fajita 4|Thunder Wave|p1a: Mewtwo
|-fail|p1a: Mewtwo|par
|move|p1a: Mewtwo|Barrier|p1a: Mewtwo
|-boost|p1a: Mewtwo|def|2
|
|turn|94
|
|move|p2a: heatah fajita 4|Thunder Wave|p1a: Mewtwo
|-fail|p1a: Mewtwo|par
|move|p1a: Mewtwo|Barrier|p1a: Mewtwo
|-boost|p1a: Mewtwo|def|2
|
|turn|95
|
|move|p2a: heatah fajita 4|Thunder Wave|p1a: Mewtwo
|-fail|p1a: Mewtwo|par
|move|p1a: Mewtwo|Barrier|p1a: Mewtwo
|-boost|p1a: Mewtwo|def|2
|
|turn|96
|c| Weedle 4 LC Ubers|this is soooooo boring
|
|move|p2a: heatah fajita 4|Thunder Wave|p1a: Mewtwo
|-fail|p1a: Mewtwo|par
|cant|p1a: Mewtwo|par
|
|turn|97
|c| baaast|yeah
|
|move|p2a: heatah fajita 4|Thunder Wave|p1a: Mewtwo
|-fail|p1a: Mewtwo|par
|cant|p1a: Mewtwo|par
|
|turn|98
|
|move|p2a: heatah fajita 4|Thunder Wave|p1a: Mewtwo
|-fail|p1a: Mewtwo|par
|move|p1a: Mewtwo|Barrier|p1a: Mewtwo
|-boost|p1a: Mewtwo|def|2
|
|turn|99
|
|move|p2a: heatah fajita 4|Thunder Wave|p1a: Mewtwo
|-fail|p1a: Mewtwo|par
|move|p1a: Mewtwo|Barrier|p1a: Mewtwo
|-boost|p1a: Mewtwo|def|2
|
|turn|100
|
|move|p2a: heatah fajita 4|Thunder Wave|p1a: Mewtwo
|-fail|p1a: Mewtwo|par
|move|p1a: Mewtwo|Barrier|p1a: Mewtwo
|-boost|p1a: Mewtwo|def|2
|
|turn|101
|
|move|p2a: heatah fajita 4|Thunder Wave|p1a: Mewtwo
|-fail|p1a: Mewtwo|par
|cant|p1a: Mewtwo|par
|
|turn|102
|
|move|p2a: heatah fajita 4|Thunder Wave|p1a: Mewtwo
|-fail|p1a: Mewtwo|par
|move|p1a: Mewtwo|Barrier|p1a: Mewtwo
|-boost|p1a: Mewtwo|def|2
|
|turn|103
|c|★Shax|GSC Ubers is way better
|
|move|p2a: heatah fajita 4|Thunder Wave|p1a: Mewtwo
|-fail|p1a: Mewtwo|par
|move|p1a: Mewtwo|Barrier|p1a: Mewtwo
|-boost|p1a: Mewtwo|def|2
|
|turn|104
|c| baaast|this meta just needs restcover str8 banned
|c| Weedle 4 LC Ubers|thats not saying much about it
|c| miniman87654|Thunder Wave isnt working
|c| baaast|and it would be fine
|c| Weedle 4 LC Ubers|^
|
|move|p2a: heatah fajita 4|Thunder Wave|p1a: Mewtwo
|-fail|p1a: Mewtwo|par
|cant|p1a: Mewtwo|par
|
|turn|105
|
|move|p2a: heatah fajita 4|Thunder Wave|p1a: Mewtwo
|-fail|p1a: Mewtwo|par
|move|p1a: Mewtwo|Barrier|p1a: Mewtwo
|-boost|p1a: Mewtwo|def|2
|
|turn|106
|
|move|p2a: heatah fajita 4|Amnesia|p2a: heatah fajita 4
|-boost|p2a: heatah fajita 4|spd|2
|-boost|p2a: heatah fajita 4|spa|2
|move|p1a: Mewtwo|Barrier|p1a: Mewtwo
|-boost|p1a: Mewtwo|def|2
|
|turn|107
|
|move|p2a: heatah fajita 4|Amnesia|p2a: heatah fajita 4
|-boost|p2a: heatah fajita 4|spd|2
|-boost|p2a: heatah fajita 4|spa|2
|move|p1a: Mewtwo|Barrier|p1a: Mewtwo
|-boost|p1a: Mewtwo|def|2
|
|turn|108
|
|move|p2a: heatah fajita 4|Amnesia|p2a: heatah fajita 4
|-boost|p2a: heatah fajita 4|spd|2
|-boost|p2a: heatah fajita 4|spa|2
|move|p1a: Mewtwo|Barrier|p1a: Mewtwo
|-boost|p1a: Mewtwo|def|2
|
|turn|109
|
|move|p2a: heatah fajita 4|Amnesia|p2a: heatah fajita 4
|-boost|p2a: heatah fajita 4|spd|2
|-boost|p2a: heatah fajita 4|spa|2
|move|p1a: Mewtwo|Barrier|p1a: Mewtwo
|-boost|p1a: Mewtwo|def|2
|
|turn|110
|
|move|p2a: heatah fajita 4|Amnesia|p2a: heatah fajita 4
|-boost|p2a: heatah fajita 4|spd|2
|-boost|p2a: heatah fajita 4|spa|2
|move|p1a: Mewtwo|Barrier|p1a: Mewtwo
|-boost|p1a: Mewtwo|def|2
|
|turn|111
|c|★ryan1997|so just how much of my life are you gonna waste here
|c|★Shax|Alright, you got me.
|-message|Shax forfeited.
|
|win|ryan1997
|c| baaast|LOL
|leave|ryan1997
|player|p2
|c| baaast|no wayyyyyyyyyyyyyy
|leave|Weedle 4 LC Ubers
|c| baaast|did he just realize that
|leave|Nanako chin
|leave|LV9001Talonflame
|leave|Lando Bandito
|c| miniman87654|ohhhhhh