|join|Koumorideck
|join|Dary0903
|player|p1|Koumorideck|99
|player|p2|Dary0903|102
|gametype|singles
|gen|1
|tier|[Gen 1] Random Battle
|rated
|seed|4869,37607,20093,4128
|rule|Sleep Clause Mod: Limit one foe put to sleep
|rule|Freeze Clause Mod: Limit one foe frozen
|rule|HP Percentage Mod: HP is shown in percentages
|
|start
|switch|p1a: Raticate|Raticate, L85|267\/267
|switch|p2a: Persian|Persian, L79|265\/265
|turn|1
|choice|move 1|move 1
|
|move|p2a: Persian|Slash|p1a: Raticate
|-crit|p1a: Raticate
|-damage|p1a: Raticate|136\/267
|move|p1a: Raticate|Super Fang|p2a: Persian
|-damage|p2a: Persian|133\/265
|
|turn|2
|choice|move 4|move 4
|
|move|p2a: Persian|Screech|p1a: Raticate
|-unboost|p1a: Raticate|def|2
|move|p1a: Raticate|Body Slam|p2a: Persian
|-damage|p2a: Persian|16\/265
|
|turn|3
|choice|switch 3|move 1
|
|switch|p1a: Weedle|Weedle, L99|280\/280
|move|p2a: Persian|Slash|p1a: Weedle
|-crit|p1a: Weedle
|-damage|p1a: Weedle|115\/280
|
|turn|4
|choice|move 2|move 1
|
|move|p2a: Persian|Slash|p1a: Weedle
|-crit|p1a: Weedle
|-damage|p1a: Weedle|0 fnt
|faint|p1a: Weedle
|choice|switch 6|
|
|switch|p1a: Jolteon|Jolteon, L79|265\/265
|turn|5
|choice|move 4|move 3
|
|move|p1a: Jolteon|Double Kick|p2a: Persian
|-crit|p2a: Persian
|-supereffective|p2a: Persian
|-damage|p2a: Persian|0 fnt
|-hitcount|p2a: Persian|1
|faint|p2a: Persian
|choice||switch 6
|
|switch|p2a: Onix|Onix, L90|246\/246
|turn|6
|choice|switch 2|move 2
|
|switch|p1a: Seadra|Seadra, L90|282\/282
|move|p2a: Onix|Earthquake|p1a: Seadra
|-damage|p1a: Seadra|208\/282
|
|turn|7
|choice|move 3|switch 5
|
|switch|p2a: Exeggutor|Exeggutor, L79|312\/312
|move|p1a: Seadra|Smokescreen|p2a: Exeggutor
|-unboost|p2a: Exeggutor|accuracy|1
|
|turn|8
|choice|move 2|move 1
|
|move|p1a: Seadra|Blizzard|p2a: Exeggutor
|-crit|p2a: Exeggutor
|-supereffective|p2a: Exeggutor
|-damage|p2a: Exeggutor|8\/312
|move|p2a: Exeggutor|Sleep Powder|p1a: Seadra
|-status|p1a: Seadra|slp
|
|turn|9
|choice|move 2|move 2
|
|cant|p1a: Seadra|slp
|move|p2a: Exeggutor|Mega Drain|p1a: Seadra
|-supereffective|p1a: Seadra
|-damage|p1a: Seadra|120\/282 slp
|-heal|p2a: Exeggutor|52\/312|[from] drain|[of] p1a: Seadra
|
|turn|10
|choice|move 2|move 2
|
|cant|p1a: Seadra|slp
|move|p2a: Exeggutor|Mega Drain|p1a: Seadra|[miss]
|-miss|p2a: Exeggutor
|
|turn|11
|choice|move 2|move 2
|
|cant|p1a: Seadra|slp
|move|p2a: Exeggutor|Mega Drain|p1a: Seadra
|-supereffective|p1a: Seadra
|-damage|p1a: Seadra|39\/282 slp
|-heal|p2a: Exeggutor|92\/312|[from] drain|[of] p1a: Seadra
|
|turn|12
|choice|move 2|move 2
|
|cant|p1a: Seadra|slp
|move|p2a: Exeggutor|Mega Drain|p1a: Seadra
|-supereffective|p1a: Seadra
|-damage|p1a: Seadra|0 fnt
|-heal|p2a: Exeggutor|111\/312|[from] drain|[of] p1a: Seadra
|faint|p1a: Seadra
|choice|switch 3|
|
|switch|p1a: Raticate|Raticate, L85|136\/267
|turn|13
|choice|move 4|move 4
|
|move|p1a: Raticate|Body Slam|p2a: Exeggutor
|-damage|p2a: Exeggutor|27\/312
|-status|p2a: Exeggutor|par
|move|p2a: Exeggutor|Egg Bomb|p1a: Raticate|[miss]
|-miss|p2a: Exeggutor
|
|turn|14
|choice|move 4|move 2
|
|move|p1a: Raticate|Body Slam|p2a: Exeggutor
|-damage|p2a: Exeggutor|0 fnt
|faint|p2a: Exeggutor
|choice||switch 2
|
|switch|p2a: Ninetales|Ninetales, L85|298\/298
|turn|15
|choice|move 4|move 1
|
|move|p2a: Ninetales|Fire Blast|p1a: Raticate|[miss]
|-miss|p2a: Ninetales
|move|p1a: Raticate|Body Slam|p2a: Ninetales
|-damage|p2a: Ninetales|206\/298
|
|turn|16
|choice|move 2|move 1
|
|move|p2a: Ninetales|Fire Blast|p1a: Raticate
|-crit|p1a: Raticate
|-damage|p1a: Raticate|0 fnt
|faint|p1a: Raticate
|choice|switch 2|
|
|switch|p1a: Jolteon|Jolteon, L79|265\/265
|turn|17
|choice|move 4|move 1
|
|move|p1a: Jolteon|Double Kick|p2a: Ninetales
|-damage|p2a: Ninetales|189\/298
|-damage|p2a: Ninetales|172\/298
|-hitcount|p2a: Ninetales|2
|move|p2a: Ninetales|Fire Blast|p1a: Jolteon
|-damage|p1a: Jolteon|140\/265
|
|turn|18
|choice|move 1|move 1
|
|move|p1a: Jolteon|Thunderbolt|p2a: Ninetales
|-damage|p2a: Ninetales|82\/298
|move|p2a: Ninetales|Fire Blast|p1a: Jolteon
|-damage|p1a: Jolteon|23\/265
|
|turn|19
|choice|move 1|switch 5
|
|switch|p2a: Onix|Onix, L90|246\/246
|move|p1a: Jolteon|Thunderbolt|p2a: Onix
|-immune|p2a: Onix|[msg]
|
|turn|20
|choice|move 4|move 2
|
|move|p1a: Jolteon|Double Kick|p2a: Onix
|-supereffective|p2a: Onix
|-damage|p2a: Onix|226\/246
|-damage|p2a: Onix|206\/246
|-hitcount|p2a: Onix|2
|move|p2a: Onix|Earthquake|p1a: Jolteon
|-supereffective|p1a: Jolteon
|-damage|p1a: Jolteon|0 fnt
|faint|p1a: Jolteon
|choice|switch 5|
|
|switch|p1a: Mew|Mew, L74|300\/300
|turn|21
|choice|switch 4|move 3
|
|switch|p1a: Beedrill|Beedrill, L90|300\/300
|move|p2a: Onix|Rock Slide|p1a: Beedrill
|-supereffective|p1a: Beedrill
|-damage|p1a: Beedrill|119\/300
|
|turn|22
|choice|move 3|move 3
|
|move|p1a: Beedrill|Hyper Beam|p2a: Onix
|-resisted|p2a: Onix
|-damage|p2a: Onix|172\/246
|move|p2a: Onix|Rock Slide|p1a: Beedrill|[miss]
|-miss|p2a: Onix
|
|turn|23
|-mustrecharge|p1a: Beedrill
|-mustrecharge|p1a: Beedrill
|choice|move 1|move 3
|
|cant|p1a: Beedrill|recharge
|move|p2a: Onix|Rock Slide|p1a: Beedrill
|-supereffective|p1a: Beedrill
|-damage|p1a: Beedrill|0 fnt
|faint|p1a: Beedrill
|choice|switch 4|
|
|switch|p1a: Mew|Mew, L74|300\/300
|turn|24
|choice|move 2|move 1
|
|move|p1a: Mew|Psychic|p2a: Onix
|-damage|p2a: Onix|60\/246
|move|p2a: Onix|Toxic|p1a: Mew
|-status|p1a: Mew|tox
|
|turn|25
|choice|move 2|move 4
|
|move|p1a: Mew|Psychic|p2a: Onix
|-crit|p2a: Onix
|-damage|p2a: Onix|0 fnt
|faint|p2a: Onix
|choice||switch 3
|
|switch|p2a: Slowbro|Slowbro, L79|312\/312
|turn|26
|choice|move 4|move 3
|
|move|p1a: Mew|Fissure|p2a: Slowbro
|-damage|p2a: Slowbro|0 fnt
|-ohko
|faint|p2a: Slowbro
|choice||switch 4
|
|switch|p2a: Machop|Machop, L96|329\/329
|turn|27
|choice|move 2|move 2
|
|move|p1a: Mew|Psychic|p2a: Machop
|-supereffective|p2a: Machop
|-damage|p2a: Machop|110\/329
|-unboost|p2a: Machop|spd|1
|-unboost|p2a: Machop|spa|1
|-damage|p1a: Mew|282\/300 tox|[from] tox|[of] p2a: Machop
|move|p2a: Machop|Mega Kick|p1a: Mew
|-damage|p1a: Mew|177\/300 tox
|
|turn|28
|choice|move 2|move 1
|
|move|p1a: Mew|Psychic|p2a: Machop
|-supereffective|p2a: Machop
|-damage|p2a: Machop|0 fnt
|faint|p2a: Machop
|choice||switch 5
|
|switch|p2a: Ninetales|Ninetales, L85|82\/298
|turn|29
|choice|move 2|move 3
|
|move|p2a: Ninetales|Hyper Beam|p1a: Mew|[miss]
|-miss|p2a: Ninetales
|move|p1a: Mew|Psychic|p2a: Ninetales
|-damage|p2a: Ninetales|18\/298
|-damage|p1a: Mew|141\/300 tox|[from] tox|[of] p2a: Ninetales
|
|turn|30
|choice|move 2|move 3
|
|move|p2a: Ninetales|Hyper Beam|p1a: Mew
|-damage|p1a: Mew|35\/300 tox
|move|p1a: Mew|Psychic|p2a: Ninetales
|-damage|p2a: Ninetales|0 fnt
|faint|p2a: Ninetales
|
|win|Koumorideck
|raw|Koumorideck's rating: 1199 &rarr; <strong>1226<\/strong><br \/>(+27 for winning)
|raw|Dary0903's rating: 1237 &rarr; <strong>1209<\/strong><br \/>(-28 for losing)
|c|★Koumorideck|gg