|join|marcoasd
|join|Kel9901
|player|p1|marcoasd|265
|player|p2|Kel9901|266
|gametype|singles
|gen|1
|tier|[Gen 1] OU (beta)
|rated
|rule|Sleep Clause Mod: Limit one foe put to sleep
|rule|Species Clause: Limit one of each Pokemon
|rule|OHKO Clause: OHKO moves are banned
|rule|Moody Clause: Moody is banned
|rule|Evasion Moves Clause: Evasion moves are banned
|rule|Endless Battle Clause: Forcing endless battles is banned.
|rule|HP Percentage Mod: HP is reported as percentages
|
|start
|switch|p1a: Gengar|Gengar|323\/323
|switch|p2a: Gengar|Gengar|323\/323
|turn|1
|
|move|p2a: Gengar|Hypnosis|p1a: Gengar
|-status|p1a: Gengar|slp
|cant|p1a: Gengar|slp
|
|turn|2
|
|switch|p1a: Snorlax|Snorlax|523\/523
|move|p2a: Gengar|Night Shade|p1a: Snorlax
|-damage|p1a: Snorlax|423\/523
|
|turn|3
|
|switch|p2a: Exeggutor|Exeggutor|393\/393
|move|p1a: Snorlax|Earthquake|p2a: Exeggutor
|-resisted|p2a: Exeggutor
|-damage|p2a: Exeggutor|348\/393
|
|turn|4
|
|switch|p1a: Chansey|Chansey|703\/703
|move|p2a: Exeggutor|Stun Spore|p1a: Chansey
|-status|p1a: Chansey|par
|
|turn|5
|
|switch|p2a: Snorlax|Snorlax|523\/523
|switch|p1a: Lapras|Lapras|463\/463
|
|turn|6
|
|move|p1a: Lapras|Blizzard|p2a: Snorlax
|-damage|p2a: Snorlax|346\/523
|move|p2a: Snorlax|Body Slam|p1a: Lapras
|-crit|p1a: Lapras
|-damage|p1a: Lapras|218\/463
|-status|p1a: Lapras|par
|
|turn|7
|
|move|p2a: Snorlax|Body Slam|p1a: Lapras
|-damage|p1a: Lapras|104\/463 par
|move|p1a: Lapras|Rest|p1a: Lapras
|-status|p1a: Lapras|slp
|-heal|p1a: Lapras|463\/463 slp|[silent]
|-status|p1a: Lapras|slp|[from] move: Rest
|
|turn|8
|
|switch|p1a: Gengar|Gengar|323\/323 slp
|move|p2a: Snorlax|Body Slam|p1a: Gengar
|-immune|p1a: Gengar|[msg]
|
|turn|9
|
|switch|p1a: Exeggutor|Exeggutor|393\/393
|switch|p2a: Chansey|Chansey|703\/703
|
|turn|10
|
|move|p1a: Exeggutor|Sleep Powder|p2a: Chansey
|-status|p2a: Chansey|slp
|cant|p2a: Chansey|slp
|
|turn|11
|
|switch|p1a: Snorlax|Snorlax|423\/523
|cant|p2a: Chansey|slp
|
|turn|12
|
|switch|p2a: Exeggutor|Exeggutor|348\/393
|move|p1a: Snorlax|Earthquake|p2a: Exeggutor
|-resisted|p2a: Exeggutor
|-damage|p2a: Exeggutor|301\/393
|
|turn|13
|
|switch|p1a: Gengar|Gengar|323\/323 slp
|move|p2a: Exeggutor|Psychic|p1a: Gengar
|-supereffective|p1a: Gengar
|-damage|p1a: Gengar|117\/323 slp
|
|turn|14
|
|switch|p1a: Exeggutor|Exeggutor|393\/393
|switch|p2a: Snorlax|Snorlax|346\/523
|
|turn|15
|
|move|p1a: Exeggutor|Stun Spore|p2a: Snorlax
|-status|p2a: Snorlax|par
|move|p2a: Snorlax|Body Slam|p1a: Exeggutor
|-damage|p1a: Exeggutor|268\/393
|-status|p1a: Exeggutor|par
|
|turn|16
|
|switch|p2a: Exeggutor|Exeggutor|301\/393
|move|p1a: Exeggutor|Psychic|p2a: Exeggutor
|-resisted|p2a: Exeggutor
|-damage|p2a: Exeggutor|249\/393
|
|turn|17
|
|move|p2a: Exeggutor|Psychic|p1a: Exeggutor
|-resisted|p1a: Exeggutor
|-damage|p1a: Exeggutor|220\/393 par
|-unboost|p1a: Exeggutor|spd|1
|-unboost|p1a: Exeggutor|spa|1
|cant|p1a: Exeggutor|par
|
|turn|18
|
|switch|p1a: Chansey|Chansey|703\/703 par
|move|p2a: Exeggutor|Psychic|p1a: Chansey
|-damage|p1a: Chansey|576\/703 par
|
|turn|19
|
|move|p2a: Exeggutor|Psychic|p1a: Chansey
|-damage|p1a: Chansey|458\/703 par
|move|p1a: Chansey|Thunder Wave|p2a: Exeggutor
|-status|p2a: Exeggutor|par
|
|turn|20
|
|switch|p1a: Exeggutor|Exeggutor|220\/393 par
|move|p2a: Exeggutor|Explosion|p1a: Exeggutor
|-damage|p1a: Exeggutor|0 fnt
|faint|p1a: Exeggutor
|faint|p2a: Exeggutor
|
|switch|p1a: Lapras|Lapras|463\/463 slp
|switch|p2a: Golem|Golem|363\/363
|turn|21
|
|switch|p1a: Gengar|Gengar|117\/323 slp
|move|p2a: Golem|Rock Slide|p1a: Gengar
|-crit|p1a: Gengar
|-damage|p1a: Gengar|0 fnt
|faint|p1a: Gengar
|
|
|switch|p1a: Tauros|Tauros|353\/353
|turn|22
|
|move|p1a: Tauros|Blizzard|p2a: Golem
|-supereffective|p2a: Golem
|-damage|p2a: Golem|141\/363
|move|p2a: Golem|Explosion|p1a: Tauros
|-damage|p1a: Tauros|49\/353
|faint|p2a: Golem
|
|switch|p2a: Tauros|Tauros|353\/353
|turn|23
|
|move|p1a: Tauros|Body Slam|p2a: Tauros
|-damage|p2a: Tauros|254\/353
|move|p2a: Tauros|Body Slam|p1a: Tauros
|-damage|p1a: Tauros|0 fnt
|faint|p1a: Tauros
|
|
|switch|p1a: Snorlax|Snorlax|423\/523
|turn|24
|
|move|p2a: Tauros|Body Slam|p1a: Snorlax
|-damage|p1a: Snorlax|291\/523
|-status|p1a: Snorlax|par
|move|p1a: Snorlax|Body Slam|p2a: Tauros
|-damage|p2a: Tauros|136\/353
|
|turn|25
|
|move|p2a: Tauros|Hyper Beam|p1a: Snorlax
|-crit|p1a: Snorlax
|-damage|p1a: Snorlax|0 fnt
|faint|p1a: Snorlax
|
|
|switch|p1a: Chansey|Chansey|458\/703 par
|turn|26
|
|switch|p1a: Lapras|Lapras|463\/463 slp
|move|p2a: Tauros|Hyper Beam|p1a: Lapras
|-damage|p1a: Lapras|270\/463 slp
|
|turn|27
|
|cant|p2a: Tauros|recharge
|cant|p1a: Lapras|slp
|
|turn|28
|chat|Kel9901|you could have just switched lapras in first and therefore taken a slam instead
|
|move|p2a: Tauros|Body Slam|p1a: Lapras
|-crit|p1a: Lapras
|-damage|p1a: Lapras|24\/463 slp
|cant|p1a: Lapras|slp
|-curestatus|p1a: Lapras|slp
|
|turn|29
|chat|marcoasd|for what?
|chat|Kel9901|gg
|chat|Kel9901|if u switched lap first
|chat|marcoasd|to let chansey die lol
|chat|Kel9901|well i mean
|chat|Kel9901|u sent out cahnsey
|chat|Kel9901|to lure a beam
|chat|marcoasd|if i take a slam with chansey chansey dies 
|chat|Kel9901|but u could have just sent out lapras first to take a slam for the rest turn
|chat|marcoasd|ah
|chat|marcoasd|mmm
|chat|marcoasd|lol
|chat|marcoasd|you're right i'm on drugs
|
|move|p2a: Tauros|Body Slam|p1a: Lapras
|-damage|p1a: Lapras|0 fnt
|faint|p1a: Lapras
|
|
|switch|p1a: Chansey|Chansey|458\/703 par
|turn|30
|chat|Kel9901|marcoasd: you're right i'm on drugs
|
|move|p2a: Tauros|Hyper Beam|p1a: Chansey
|-damage|p1a: Chansey|0 fnt
|faint|p1a: Chansey
|
|win|Kel9901
|raw|Ladder updating...
|raw|marcoasd's rating: 1446 &rarr; <strong>1421<\/strong><br \/>(-25 for losing)
|raw|Kel9901's rating: 1361 &rarr; <strong>1392<\/strong><br \/>(+31 for winning)
|chat|marcoasd|gg
|chat|Kel9901|gg
|leave|marcoasd
|player|p1