|join|Zavion
|join|TYX
|player|p1|Zavion|167
|player|p2|TYX|185
|gametype|singles
|gen|1
|tier|[Gen 1] Random Battle
|rated
|rule|Sleep Clause Mod: Limit one foe put to sleep
|rule|Freeze Clause Mod: Limit one foe frozen
|rule|HP Percentage Mod: HP is shown in percentages
|
|start
|switch|p1a: Gengar|Gengar, L82|266\/266
|switch|p2a: Butterfree|Butterfree, L86|279\/279
|turn|1
|
|switch|p1a: Vileplume|Vileplume, L86|304\/304
|move|p2a: Butterfree|Stun Spore|p1a: Vileplume
|-status|p1a: Vileplume|par
|
|turn|2
|
|move|p2a: Butterfree|Psychic|p1a: Vileplume
|-supereffective|p1a: Vileplume
|-damage|p1a: Vileplume|199\/304 par
|-unboost|p1a: Vileplume|spd|1
|-unboost|p1a: Vileplume|spa|1
|cant|p1a: Vileplume|par
|
|turn|3
|
|move|p2a: Butterfree|Psychic|p1a: Vileplume
|-supereffective|p1a: Vileplume
|-damage|p1a: Vileplume|47\/304 par
|-unboost|p1a: Vileplume|spd|1
|-unboost|p1a: Vileplume|spa|1
|move|p1a: Vileplume|Sleep Powder|p2a: Butterfree
|-status|p2a: Butterfree|slp
|
|turn|4
|
|cant|p2a: Butterfree|slp
|move|p1a: Vileplume|Body Slam|p2a: Butterfree
|-damage|p2a: Butterfree|206\/279 slp
|
|turn|5
|
|cant|p2a: Butterfree|slp
|move|p1a: Vileplume|Body Slam|p2a: Butterfree
|-damage|p2a: Butterfree|137\/279 slp
|
|turn|6
|
|cant|p2a: Butterfree|slp
|move|p1a: Vileplume|Body Slam|p2a: Butterfree
|-damage|p2a: Butterfree|59\/279 slp
|
|turn|7
|
|cant|p2a: Butterfree|slp
|cant|p1a: Vileplume|par
|
|turn|8
|
|cant|p2a: Butterfree|slp
|-curestatus|p2a: Butterfree|slp
|move|p1a: Vileplume|Body Slam|p2a: Butterfree
|-damage|p2a: Butterfree|0 fnt
|faint|p2a: Butterfree
|
|switch|p2a: Nidorino|Nidorino, L88|287\/287
|turn|9
|
|move|p2a: Nidorino|Substitute|p2a: Nidorino
|-start|p2a: Nidorino|Substitute
|-damage|p2a: Nidorino|216\/287
|move|p1a: Vileplume|Sleep Powder|p2a: Nidorino
|-status|p2a: Nidorino|slp
|
|turn|10
|
|cant|p2a: Nidorino|slp
|cant|p1a: Vileplume|par
|
|turn|11
|
|switch|p1a: Gengar|Gengar, L82|266\/266
|cant|p2a: Nidorino|slp
|-curestatus|p2a: Nidorino|slp
|
|turn|12
|
|move|p1a: Gengar|Psychic|p2a: Nidorino
|-supereffective|p2a: Nidorino
|-end|p2a: Nidorino|Substitute
|move|p2a: Nidorino|Thunderbolt|p1a: Gengar
|-crit|p1a: Gengar
|-damage|p1a: Gengar|185\/266
|
|turn|13
|
|move|p1a: Gengar|Psychic|p2a: Nidorino
|-crit|p2a: Nidorino
|-supereffective|p2a: Nidorino
|-damage|p2a: Nidorino|0 fnt
|faint|p2a: Nidorino
|
|switch|p2a: Jolteon|Jolteon, L86|287\/287
|turn|14
|
|move|p2a: Jolteon|Thunder Wave|p1a: Gengar
|-status|p1a: Gengar|par
|move|p1a: Gengar|Hypnosis|p2a: Jolteon
|-status|p2a: Jolteon|slp
|
|turn|15
|
|switch|p2a: Kingler|Kingler, L86|270\/270
|switch|p1a: Sandslash|Sandslash, L86|304\/304
|
|turn|16
|
|switch|p1a: Golduck|Golduck, L86|313\/313
|move|p2a: Kingler|Swords Dance|p2a: Kingler
|-boost|p2a: Kingler|atk|2
|
|turn|17
|
|move|p1a: Golduck|Body Slam|p2a: Kingler
|-damage|p2a: Kingler|221\/270
|move|p2a: Kingler|Hyper Beam|p1a: Golduck
|-damage|p1a: Golduck|24\/313
|
|turn|18
|
|move|p1a: Golduck|Blizzard|p2a: Kingler
|-crit|p2a: Kingler
|-resisted|p2a: Kingler
|-damage|p2a: Kingler|114\/270
|cant|p2a: Kingler|recharge
|
|turn|19
|
|switch|p1a: Vileplume|Vileplume, L86|47\/304 par
|move|p2a: Kingler|Surf|p1a: Vileplume
|-resisted|p1a: Vileplume
|-damage|p1a: Vileplume|14\/304 par
|
|turn|20
|
|move|p2a: Kingler|Surf|p1a: Vileplume
|-resisted|p1a: Vileplume
|-damage|p1a: Vileplume|0 fnt
|faint|p1a: Vileplume
|
|switch|p1a: Gengar|Gengar, L82|185\/266 par
|turn|21
|
|move|p2a: Kingler|Crabhammer|p1a: Gengar
|-crit|p1a: Gengar
|-damage|p1a: Gengar|75\/266 par
|cant|p1a: Gengar|par
|
|turn|22
|
|move|p2a: Kingler|Surf|p1a: Gengar
|-crit|p1a: Gengar
|-damage|p1a: Gengar|0 fnt
|faint|p1a: Gengar
|
|switch|p1a: Dragonite|Dragonite, L82|317\/317
|turn|23
|
|move|p2a: Kingler|Hyper Beam|p1a: Dragonite
|-damage|p1a: Dragonite|38\/317
|move|p1a: Dragonite|Wrap|p2a: Kingler|[miss]
|-miss|p1a: Dragonite
|
|turn|24
|
|cant|p2a: Kingler|recharge
|move|p1a: Dragonite|Hyper Beam|p2a: Kingler|[miss]
|-miss|p1a: Dragonite
|
|turn|25
|
|move|p2a: Kingler|Crabhammer|p1a: Dragonite
|-crit|p1a: Dragonite
|-resisted|p1a: Dragonite
|-damage|p1a: Dragonite|0 fnt
|faint|p1a: Dragonite
|
|switch|p1a: Sandslash|Sandslash, L86|304\/304
|turn|26
|
|move|p2a: Kingler|Crabhammer|p1a: Sandslash
|-crit|p1a: Sandslash
|-supereffective|p1a: Sandslash
|-damage|p1a: Sandslash|0 fnt
|faint|p1a: Sandslash
|
|switch|p1a: Beedrill|Beedrill, L86|287\/287
|turn|27
|
|move|p1a: Beedrill|Hyper Beam|p2a: Kingler
|-damage|p2a: Kingler|31\/270
|move|p2a: Kingler|Hyper Beam|p1a: Beedrill
|-crit|p1a: Beedrill
|-damage|p1a: Beedrill|0 fnt
|faint|p1a: Beedrill
|-message|Zavion forfeited.
|leave|Zavion
|
|win|TYX
|raw|Ladder updating...
|player|p1
|raw|Zavion's rating: 1153 &rarr; <strong>1121<\/strong><br \/>(-32 for losing)
|raw|TYX's rating: 1051 &rarr; <strong>1093<\/strong><br \/>(+42 for winning)