|j|sciberbia
|j|Ancient Darkness
|player|p1|sciberbia|52
|player|p2|Ancient Darkness|101
|gametype|singles
|gen|1
|tier|[Gen 1] Random Battle
|rated
|seed|1452,34047,57633,59076
|rule|Sleep Clause Mod: Limit one foe put to sleep
|rule|Freeze Clause Mod: Limit one foe frozen
|rule|HP Percentage Mod: HP is shown in percentages
|
|start
|switch|p1a: Porygon|Porygon, L85|284\/284
|switch|p2a: Doduo|Doduo, L96|262\/262
|turn|1
|choice|move 4|move 4
|
|move|p2a: Doduo|Double-Edge|p1a: Porygon
|-crit|p1a: Porygon
|-damage|p1a: Porygon|0 fnt
|-damage|p2a: Doduo|191\/262|[from] recoil|[of] p1a: Porygon
|faint|p1a: Porygon
|choice|switch 5|
|
|switch|p1a: Golem|Golem, L79|288\/288
|turn|2
|choice|move 1|move 3
|
|move|p2a: Doduo|Reflect|p2a: Doduo
|-start|p2a: Doduo|Reflect
|move|p1a: Golem|Earthquake|p2a: Doduo
|-immune|p2a: Doduo|[msg]
|
|turn|3
|choice|move 2|switch 5
|
|switch|p2a: Starmie|Starmie, L79|257\/257
|move|p1a: Golem|Rock Slide|p2a: Starmie|[miss]
|-miss|p1a: Golem
|
|turn|4
|choice|switch 3|move 3
|
|switch|p1a: Muk|Muk, L90|372\/372
|move|p2a: Starmie|Blizzard|p1a: Muk
|-damage|p1a: Muk|289\/372
|
|turn|5
|choice|move 3|switch 2
|
|switch|p2a: Geodude|Geodude, L96|272\/272
|move|p1a: Muk|Body Slam|p2a: Geodude
|-crit|p2a: Geodude
|-resisted|p2a: Geodude
|-damage|p2a: Geodude|210\/272
|-status|p2a: Geodude|par
|
|turn|6
|choice|move 4|move 4
|
|move|p1a: Muk|Mega Drain|p2a: Geodude
|-crit|p2a: Geodude
|-supereffective|p2a: Geodude
|-damage|p2a: Geodude|0 fnt
|-heal|p1a: Muk|372\/372|[from] drain|[of] p2a: Geodude
|faint|p2a: Geodude
|choice||switch 3
|
|switch|p2a: Electabuzz|Electabuzz, L85|284\/284
|turn|7
|choice|switch 3|move 4
|
|switch|p1a: Golem|Golem, L79|288\/288
|move|p2a: Electabuzz|Psychic|p1a: Golem
|-damage|p1a: Golem|204\/288
|
|turn|8
|choice|move 1|switch 2
|
|switch|p2a: Starmie|Starmie, L79|257\/257
|move|p1a: Golem|Earthquake|p2a: Starmie
|-damage|p2a: Starmie|148\/257
|
|turn|9
|choice|switch 3|move 3
|
|switch|p1a: Muk|Muk, L90|372\/372
|move|p2a: Starmie|Blizzard|p1a: Muk
|-damage|p1a: Muk|284\/372
|-status|p1a: Muk|frz
|
|turn|10
|choice|switch 2|move 1
|
|switch|p1a: Magmar|Magmar, L90|300\/300
|move|p2a: Starmie|Recover|p2a: Starmie
|-heal|p2a: Starmie|257\/257
|
|turn|11
|choice|move 1|move 2
|
|move|p2a: Starmie|Thunder Wave|p1a: Magmar
|-status|p1a: Magmar|par
|move|p1a: Magmar|Body Slam|p2a: Starmie
|-damage|p2a: Starmie|180\/257
|
|turn|12
|choice|move 3|switch 4
|
|switch|p2a: Weezing|Weezing, L90|300\/300
|move|p1a: Magmar|Confuse Ray|p2a: Weezing
|-start|p2a: Weezing|confusion
|
|turn|13
|choice|move 4|switch 5
|
|switch|p2a: Doduo|Doduo, L96|191\/262
|move|p1a: Magmar|Fire Blast|p2a: Doduo
|-damage|p2a: Doduo|12\/262
|
|turn|14
|choice|switch 3|move 4
|
|switch|p1a: Golem|Golem, L79|204\/288
|move|p2a: Doduo|Double-Edge|p1a: Golem
|-resisted|p1a: Golem
|-damage|p1a: Golem|153\/288
|-damage|p2a: Doduo|0 fnt|[from] recoil|[of] p1a: Golem
|faint|p2a: Doduo
|choice||switch 4
|
|switch|p2a: Starmie|Starmie, L79|180\/257
|turn|15
|choice|switch 2|move 3
|
|switch|p1a: Muk|Muk, L90|284\/372 frz
|move|p2a: Starmie|Blizzard|p1a: Muk
|-damage|p1a: Muk|202\/372 frz
|
|turn|16
|choice|move 2|switch 2
|
|switch|p2a: Electabuzz|Electabuzz, L85|284\/284
|cant|p1a: Muk|frz
|
|turn|17
|choice|move 2|move 4
|
|move|p2a: Electabuzz|Psychic|p1a: Muk
|-crit|p1a: Muk
|-supereffective|p1a: Muk
|-damage|p1a: Muk|0 fnt
|faint|p1a: Muk
|choice|switch 2|
|
|switch|p1a: Golem|Golem, L79|153\/288
|turn|18
|choice|move 4|switch 2
|
|switch|p2a: Starmie|Starmie, L79|180\/257
|move|p1a: Golem|Explosion|p2a: Starmie
|-damage|p2a: Starmie|0 fnt
|faint|p2a: Starmie
|faint|p1a: Golem
|choice|switch 4|switch 2
|
|switch|p2a: Electabuzz|Electabuzz, L85|284\/284
|switch|p1a: Dragonair|Dragonair, L85|277\/277
|turn|19
|choice|move 1|move 2
|
|move|p2a: Electabuzz|Thunder Wave|p1a: Dragonair
|-status|p1a: Dragonair|par
|cant|p1a: Dragonair|par
|
|turn|20
|choice|move 1|move 3
|
|move|p2a: Electabuzz|Seismic Toss|p1a: Dragonair
|-damage|p1a: Dragonair|192\/277 par
|cant|p1a: Dragonair|par
|
|turn|21
|choice|move 1|move 3
|
|move|p2a: Electabuzz|Seismic Toss|p1a: Dragonair
|-damage|p1a: Dragonair|107\/277 par
|cant|p1a: Dragonair|par
|
|turn|22
|choice|move 1|move 3
|
|move|p2a: Electabuzz|Seismic Toss|p1a: Dragonair
|-damage|p1a: Dragonair|22\/277 par
|move|p1a: Dragonair|Thunder Wave|p2a: Electabuzz
|-status|p2a: Electabuzz|par
|
|turn|23
|choice|move 2|move 3
|
|move|p2a: Electabuzz|Seismic Toss|p1a: Dragonair
|-damage|p1a: Dragonair|0 fnt
|faint|p1a: Dragonair
|choice|switch 6|
|
|switch|p1a: Slowbro|Slowbro, L79|312\/312
|turn|24
|choice|move 1|move 2
|
|move|p1a: Slowbro|Amnesia|p1a: Slowbro
|-boost|p1a: Slowbro|spd|2
|-boost|p1a: Slowbro|spa|2
|cant|p2a: Electabuzz|par
|
|turn|25
|choice|move 1|move 2
|
|move|p1a: Slowbro|Amnesia|p1a: Slowbro
|-boost|p1a: Slowbro|spd|2
|-boost|p1a: Slowbro|spa|2
|move|p2a: Electabuzz|Thunder Wave|p1a: Slowbro
|-status|p1a: Slowbro|par
|
|turn|26
|choice|move 4|move 1
|
|move|p1a: Slowbro|Surf|p2a: Electabuzz
|-damage|p2a: Electabuzz|50\/284 par
|move|p2a: Electabuzz|Thunderbolt|p1a: Slowbro
|-supereffective|p1a: Slowbro
|-damage|p1a: Slowbro|238\/312 par
|
|turn|27
|choice|move 4|move 1
|
|move|p1a: Slowbro|Surf|p2a: Electabuzz
|-damage|p2a: Electabuzz|0 fnt
|faint|p2a: Electabuzz
|choice||switch 5
|
|switch|p2a: Weezing|Weezing, L90|300\/300
|turn|28
|choice|move 4|move 1
|
|move|p2a: Weezing|Explosion|p1a: Slowbro
|-damage|p1a: Slowbro|0 fnt
|faint|p1a: Slowbro
|faint|p2a: Weezing
|choice|switch 3|switch 6
|
|switch|p2a: Flareon|Flareon, L90|300\/300
|switch|p1a: Magmar|Magmar, L90|300\/300 par
|turn|29
|choice|move 3|move 4
|
|move|p2a: Flareon|Body Slam|p1a: Magmar
|-damage|p1a: Magmar|194\/300 par
|move|p1a: Magmar|Confuse Ray|p2a: Flareon
|-start|p2a: Flareon|confusion
|
|turn|30
|choice|move 1|move 4
|
|-activate|p2a: Flareon|confusion
|-damage|p2a: Flareon|249\/300|[from] confusion
|move|p1a: Magmar|Body Slam|p2a: Flareon
|-damage|p2a: Flareon|171\/300
|
|turn|31
|choice|move 1|move 4
|
|-activate|p2a: Flareon|confusion
|move|p2a: Flareon|Body Slam|p1a: Magmar
|-damage|p1a: Magmar|90\/300 par
|move|p1a: Magmar|Body Slam|p2a: Flareon
|-damage|p2a: Flareon|91\/300
|
|turn|32
|choice|move 1|move 4
|
|-activate|p2a: Flareon|confusion
|move|p2a: Flareon|Body Slam|p1a: Magmar
|-damage|p1a: Magmar|0 fnt
|faint|p1a: Magmar
|
|win|Ancient Darkness
|raw|sciberbia's rating: 1452 &rarr; <strong>1430<\/strong><br \/>(-22 for losing)
|raw|Ancient Darkness's rating: 1420 &rarr; <strong>1442<\/strong><br \/>(+22 for winning)