|j|Karno123
|j|MajorIdiocy
|player|p1|Karno123|20
|player|p2|MajorIdiocy|92
|gametype|singles
|gen|1
|tier|[Gen 1] OU
|rated
|seed|
|rule|Sleep Clause Mod: Limit one foe put to sleep
|rule|Freeze Clause Mod: Limit one foe frozen
|rule|Species Clause: Limit one of each Pokémon
|rule|OHKO Clause: OHKO moves are banned
|rule|Evasion Moves Clause: Evasion moves are banned
|rule|HP Percentage Mod: HP is shown in percentages
|
|start
|switch|p1a: Gengar|Gengar|100\/100
|switch|p2a: Exeggutor|Exeggutor|100\/100
|turn|1
|choice||
|
|move|p1a: Gengar|Hypnosis|p2a: Exeggutor|[miss]
|-miss|p1a: Gengar
|move|p2a: Exeggutor|Psychic|p1a: Gengar
|-supereffective|p1a: Gengar
|-damage|p1a: Gengar|36\/100
|
|turn|2
|choice||
|
|move|p1a: Gengar|Hypnosis|p2a: Exeggutor
|-status|p2a: Exeggutor|slp
|cant|p2a: Exeggutor|slp
|
|turn|3
|choice||
|
|switch|p1a: BullShit|Tauros|100\/100
|switch|p2a: Chansey|Chansey|100\/100
|
|turn|4
|choice||
|
|move|p1a: BullShit|Hyper Beam|p2a: Chansey
|-crit|p2a: Chansey
|-damage|p2a: Chansey|0 fnt
|faint|p2a: Chansey
|choice||
|
|switch|p2a: Alakazam|Alakazam|100\/100
|turn|5
|choice||
|
|move|p2a: Alakazam|Psychic|p1a: BullShit
|-damage|p1a: BullShit|51\/100
|-unboost|p1a: BullShit|spd|1
|-unboost|p1a: BullShit|spa|1
|move|p1a: BullShit|Hyper Beam|p2a: Alakazam
|-damage|p2a: Alakazam|15\/100
|
|turn|6
|-mustrecharge|p1a: BullShit
|-mustrecharge|p1a: BullShit
|choice||
|
|move|p2a: Alakazam|Recover|p2a: Alakazam
|-heal|p2a: Alakazam|65\/100
|cant|p1a: BullShit|recharge
|
|turn|7
|choice||
|
|move|p2a: Alakazam|Psychic|p1a: BullShit
|-damage|p1a: BullShit|0 fnt
|faint|p1a: BullShit
|choice||
|
|switch|p1a: Snorlax|Snorlax|100\/100
|turn|8
|choice||
|
|move|p2a: Alakazam|Thunder Wave|p1a: Snorlax
|-status|p1a: Snorlax|par
|move|p1a: Snorlax|Amnesia|p1a: Snorlax
|-boost|p1a: Snorlax|spd|2
|-boost|p1a: Snorlax|spa|2
|
|turn|9
|choice||
|
|move|p2a: Alakazam|Recover|p2a: Alakazam
|-heal|p2a: Alakazam|100\/100
|move|p1a: Snorlax|Amnesia|p1a: Snorlax
|-boost|p1a: Snorlax|spd|2
|-boost|p1a: Snorlax|spa|2
|
|turn|10
|choice||
|
|move|p2a: Alakazam|Reflect|p2a: Alakazam
|-start|p2a: Alakazam|Reflect
|move|p1a: Snorlax|Amnesia|p1a: Snorlax
|-boost|p1a: Snorlax|spd|2
|-boost|p1a: Snorlax|spa|2
|
|turn|11
|choice||
|
|move|p2a: Alakazam|Psychic|p1a: Snorlax
|-crit|p1a: Snorlax
|-damage|p1a: Snorlax|34\/100 par
|-unboost|p1a: Snorlax|spd|1
|-unboost|p1a: Snorlax|spa|1
|move|p1a: Snorlax|Thunderbolt|p2a: Alakazam
|-damage|p2a: Alakazam|51\/100
|
|turn|12
|choice||
|
|move|p2a: Alakazam|Psychic|p1a: Snorlax
|-damage|p1a: Snorlax|24\/100 par
|-unboost|p1a: Snorlax|spd|1
|-unboost|p1a: Snorlax|spa|1
|cant|p1a: Snorlax|par
|
|turn|13
|choice||
|
|move|p2a: Alakazam|Psychic|p1a: Snorlax
|-damage|p1a: Snorlax|13\/100 par
|move|p1a: Snorlax|Rest|p1a: Snorlax
|-status|p1a: Snorlax|slp
|-heal|p1a: Snorlax|100\/100 slp|[silent]
|-status|p1a: Snorlax|slp|[from] move: Rest
|
|turn|14
|choice||
|
|switch|p2a: Rhydon|Rhydon|100\/100
|cant|p1a: Snorlax|slp
|
|turn|15
|choice||
|
|move|p2a: Rhydon|Substitute|p2a: Rhydon
|-start|p2a: Rhydon|Substitute
|-damage|p2a: Rhydon|76\/100
|-curestatus|p1a: Snorlax|slp
|
|turn|16
|choice||
|
|move|p2a: Rhydon|Earthquake|p1a: Snorlax
|-damage|p1a: Snorlax|63\/100
|move|p1a: Snorlax|Amnesia|p1a: Snorlax
|-boost|p1a: Snorlax|spd|2
|-boost|p1a: Snorlax|spa|2
|
|turn|17
|choice||
|
|move|p2a: Rhydon|Earthquake|p1a: Snorlax
|-crit|p1a: Snorlax
|-damage|p1a: Snorlax|0 fnt
|faint|p1a: Snorlax
|choice||
|
|switch|p1a: Rockman|Rhydon|100\/100
|turn|18
|choice||
|
|move|p2a: Rhydon|Earthquake|p1a: Rockman
|-supereffective|p1a: Rockman
|-damage|p1a: Rockman|41\/100
|move|p1a: Rockman|Earthquake|p2a: Rhydon
|-supereffective|p2a: Rhydon
|-end|p2a: Rhydon|Substitute
|
|turn|19
|choice||
|
|move|p2a: Rhydon|Earthquake|p1a: Rockman
|-supereffective|p1a: Rockman
|-damage|p1a: Rockman|0 fnt
|faint|p1a: Rockman
|choice||
|
|switch|p1a: Slowbro|Slowbro|100\/100
|turn|20
|choice||
|
|switch|p2a: Exeggutor|Exeggutor|100\/100 slp
|move|p1a: Slowbro|Amnesia|p1a: Slowbro
|-boost|p1a: Slowbro|spd|2
|-boost|p1a: Slowbro|spa|2
|
|turn|21
|choice||
|
|cant|p2a: Exeggutor|slp
|move|p1a: Slowbro|Amnesia|p1a: Slowbro
|-boost|p1a: Slowbro|spd|2
|-boost|p1a: Slowbro|spa|2
|
|turn|22
|choice||
|
|cant|p2a: Exeggutor|slp
|move|p1a: Slowbro|Amnesia|p1a: Slowbro
|-boost|p1a: Slowbro|spd|2
|-boost|p1a: Slowbro|spa|2
|
|turn|23
|choice||
|
|cant|p2a: Exeggutor|slp
|move|p1a: Slowbro|Surf|p2a: Exeggutor
|-resisted|p2a: Exeggutor
|-damage|p2a: Exeggutor|59\/100 slp
|
|turn|24
|choice||
|
|cant|p2a: Exeggutor|slp
|move|p1a: Slowbro|Psychic|p2a: Exeggutor
|-resisted|p2a: Exeggutor
|-damage|p2a: Exeggutor|19\/100 slp
|
|turn|25
|choice||
|
|-curestatus|p2a: Exeggutor|slp
|move|p1a: Slowbro|Surf|p2a: Exeggutor
|-resisted|p2a: Exeggutor
|-damage|p2a: Exeggutor|0 fnt
|faint|p2a: Exeggutor
|choice||
|
|switch|p2a: Dragonite|Dragonite|100\/100
|turn|26
|choice||
|
|move|p2a: Dragonite|Wrap|p1a: Slowbro|[miss]
|-miss|p2a: Dragonite
|move|p1a: Slowbro|Psychic|p2a: Dragonite
|-damage|p2a: Dragonite|6\/100
|-unboost|p2a: Dragonite|spd|1
|-unboost|p2a: Dragonite|spa|1
|
|turn|27
|choice||
|
|move|p2a: Dragonite|Wrap|p1a: Slowbro
|-crit|p1a: Slowbro
|-damage|p1a: Slowbro|94\/100
|cant|p1a: Slowbro|partiallytrapped
|
|turn|28
|choice||
|
|move|p2a: Dragonite|Wrap|p1a: Slowbro|[from]Wrap
|-damage|p1a: Slowbro|87\/100
|cant|p1a: Slowbro|partiallytrapped
|
|turn|29
|choice||
|
|move|p2a: Dragonite|Wrap|p1a: Slowbro
|-damage|p1a: Slowbro|83\/100
|cant|p1a: Slowbro|partiallytrapped
|
|turn|30
|choice||
|
|move|p2a: Dragonite|Wrap|p1a: Slowbro|[from]Wrap
|-damage|p1a: Slowbro|80\/100
|cant|p1a: Slowbro|partiallytrapped
|
|turn|31
|choice||
|
|move|p2a: Dragonite|Wrap|p1a: Slowbro|[from]Wrap
|-damage|p1a: Slowbro|76\/100
|cant|p1a: Slowbro|partiallytrapped
|
|turn|32
|choice||
|
|move|p2a: Dragonite|Wrap|p1a: Slowbro
|-damage|p1a: Slowbro|73\/100
|cant|p1a: Slowbro|partiallytrapped
|
|turn|33
|choice||
|
|move|p2a: Dragonite|Wrap|p1a: Slowbro|[from]Wrap
|-damage|p1a: Slowbro|69\/100
|cant|p1a: Slowbro|partiallytrapped
|
|turn|34
|choice||
|
|move|p2a: Dragonite|Wrap|p1a: Slowbro|[from]Wrap
|-damage|p1a: Slowbro|66\/100
|cant|p1a: Slowbro|partiallytrapped
|
|turn|35
|choice||
|
|move|p2a: Dragonite|Wrap|p1a: Slowbro|[from]Wrap
|-damage|p1a: Slowbro|63\/100
|cant|p1a: Slowbro|partiallytrapped
|
|turn|36
|choice||
|
|move|p2a: Dragonite|Wrap|p1a: Slowbro|[from]Wrap
|-damage|p1a: Slowbro|60\/100
|cant|p1a: Slowbro|partiallytrapped
|
|turn|37
|choice||
|
|move|p2a: Dragonite|Wrap|p1a: Slowbro
|-crit|p1a: Slowbro
|-damage|p1a: Slowbro|52\/100
|cant|p1a: Slowbro|partiallytrapped
|
|turn|38
|choice||
|
|move|p2a: Dragonite|Wrap|p1a: Slowbro|[from]Wrap
|-damage|p1a: Slowbro|45\/100
|cant|p1a: Slowbro|partiallytrapped
|
|turn|39
|choice||
|
|move|p2a: Dragonite|Wrap|p1a: Slowbro|[from]Wrap
|-damage|p1a: Slowbro|37\/100
|cant|p1a: Slowbro|partiallytrapped
|
|turn|40
|choice||
|
|switch|p1a: Alakazam|Alakazam|100\/100
|move|p2a: Dragonite|Wrap|p1a: Alakazam
|-crit|p1a: Alakazam
|-damage|p1a: Alakazam|86\/100
|
|turn|41
|choice||
|
|cant|p1a: Alakazam|partiallytrapped
|move|p2a: Dragonite|Wrap|p1a: Alakazam|[from]Wrap
|-damage|p1a: Alakazam|72\/100
|
|turn|42
|choice||
|
|cant|p1a: Alakazam|partiallytrapped
|move|p2a: Dragonite|Wrap|p1a: Alakazam|[from]Wrap
|-damage|p1a: Alakazam|58\/100
|
|turn|43
|choice||
|
|switch|p2a: Alakazam|Alakazam|51\/100
|move|p1a: Alakazam|Psychic|p2a: Alakazam
|-resisted|p2a: Alakazam
|-damage|p2a: Alakazam|35\/100
|-unboost|p2a: Alakazam|spd|1
|-unboost|p2a: Alakazam|spa|1
|
|turn|44
|choice||
|
|move|p1a: Alakazam|Psychic|p2a: Alakazam
|-crit|p2a: Alakazam
|-resisted|p2a: Alakazam
|-damage|p2a: Alakazam|0 fnt
|faint|p2a: Alakazam
|choice||
|
|switch|p2a: Rhydon|Rhydon|76\/100
|turn|45
|choice||
|
|move|p1a: Alakazam|Psychic|p2a: Rhydon
|-crit|p2a: Rhydon
|-damage|p2a: Rhydon|0 fnt
|faint|p2a: Rhydon
|choice||
|
|switch|p2a: Tauros|Tauros|100\/100
|turn|46
|choice||
|
|switch|p1a: Gengar|Gengar|36\/100
|move|p2a: Tauros|Hyper Beam|p1a: Gengar
|-immune|p1a: Gengar|[msg]
|
|turn|47
|choice||
|
|move|p2a: Tauros|Earthquake|p1a: Gengar
|-supereffective|p1a: Gengar
|-damage|p1a: Gengar|0 fnt
|faint|p1a: Gengar
|choice||
|
|switch|p1a: Slowbro|Slowbro|37\/100
|turn|48
|choice||
|
|move|p2a: Tauros|Earthquake|p1a: Slowbro
|-crit|p1a: Slowbro
|-damage|p1a: Slowbro|2\/100
|move|p1a: Slowbro|Rest|p1a: Slowbro
|-status|p1a: Slowbro|slp
|-heal|p1a: Slowbro|100\/100 slp|[silent]
|-status|p1a: Slowbro|slp|[from] move: Rest
|
|turn|49
|choice||
|
|switch|p2a: Dragonite|Dragonite|6\/100
|cant|p1a: Slowbro|slp
|
|turn|50
|choice||
|
|move|p2a: Dragonite|Agility|p2a: Dragonite
|-boost|p2a: Dragonite|spe|2
|-curestatus|p1a: Slowbro|slp
|
|turn|51
|choice||
|
|move|p2a: Dragonite|Wrap|p1a: Slowbro|[miss]
|-miss|p2a: Dragonite
|move|p1a: Slowbro|Amnesia|p1a: Slowbro
|-boost|p1a: Slowbro|spd|2
|-boost|p1a: Slowbro|spa|2
|
|turn|52
|choice||
|
|move|p2a: Dragonite|Wrap|p1a: Slowbro
|-damage|p1a: Slowbro|97\/100
|cant|p1a: Slowbro|partiallytrapped
|
|turn|53
|choice||
|
|move|p2a: Dragonite|Wrap|p1a: Slowbro|[from]Wrap
|-damage|p1a: Slowbro|93\/100
|cant|p1a: Slowbro|partiallytrapped
|
|turn|54
|choice||
|
|move|p2a: Dragonite|Wrap|p1a: Slowbro|[from]Wrap
|-damage|p1a: Slowbro|90\/100
|cant|p1a: Slowbro|partiallytrapped
|
|turn|55
|choice||
|
|switch|p1a: Alakazam|Alakazam|58\/100
|move|p2a: Dragonite|Wrap|p1a: Alakazam|[miss]
|-miss|p2a: Dragonite
|
|turn|56
|choice||
|
|move|p2a: Dragonite|Wrap|p1a: Alakazam
|-damage|p1a: Alakazam|51\/100
|cant|p1a: Alakazam|partiallytrapped
|
|turn|57
|choice||
|
|move|p2a: Dragonite|Wrap|p1a: Alakazam|[from]Wrap
|-damage|p1a: Alakazam|44\/100
|cant|p1a: Alakazam|partiallytrapped
|
|turn|58
|choice||
|
|move|p2a: Dragonite|Wrap|p1a: Alakazam|[from]Wrap
|-damage|p1a: Alakazam|37\/100
|cant|p1a: Alakazam|partiallytrapped
|
|turn|59
|choice||
|
|move|p2a: Dragonite|Wrap|p1a: Alakazam
|-damage|p1a: Alakazam|30\/100
|cant|p1a: Alakazam|partiallytrapped
|
|turn|60
|choice||
|
|move|p2a: Dragonite|Wrap|p1a: Alakazam|[from]Wrap
|-damage|p1a: Alakazam|23\/100
|cant|p1a: Alakazam|partiallytrapped
|
|turn|61
|choice||
|
|move|p2a: Dragonite|Wrap|p1a: Alakazam|[from]Wrap
|-damage|p1a: Alakazam|16\/100
|cant|p1a: Alakazam|partiallytrapped
|
|turn|62
|choice||
|
|move|p2a: Dragonite|Wrap|p1a: Alakazam
|-damage|p1a: Alakazam|9\/100
|cant|p1a: Alakazam|partiallytrapped
|
|turn|63
|choice||
|
|move|p2a: Dragonite|Wrap|p1a: Alakazam|[from]Wrap
|-damage|p1a: Alakazam|2\/100
|cant|p1a: Alakazam|partiallytrapped
|
|turn|64
|choice||
|
|move|p2a: Dragonite|Wrap|p1a: Alakazam|[from]Wrap
|-damage|p1a: Alakazam|0 fnt
|faint|p1a: Alakazam
|choice||
|
|switch|p1a: Slowbro|Slowbro|90\/100
|turn|65
|choice||
|
|move|p2a: Dragonite|Wrap|p1a: Slowbro
|-damage|p1a: Slowbro|86\/100
|cant|p1a: Slowbro|partiallytrapped
|
|turn|66
|choice||
|
|move|p2a: Dragonite|Wrap|p1a: Slowbro|[from]Wrap
|-damage|p1a: Slowbro|83\/100
|cant|p1a: Slowbro|partiallytrapped
|
|turn|67
|choice||
|
|move|p2a: Dragonite|Wrap|p1a: Slowbro|[from]Wrap
|-damage|p1a: Slowbro|79\/100
|cant|p1a: Slowbro|partiallytrapped
|
|turn|68
|choice||
|
|move|p2a: Dragonite|Wrap|p1a: Slowbro|[from]Wrap
|-damage|p1a: Slowbro|76\/100
|cant|p1a: Slowbro|partiallytrapped
|
|turn|69
|choice||
|
|move|p2a: Dragonite|Wrap|p1a: Slowbro|[from]Wrap
|-damage|p1a: Slowbro|72\/100
|cant|p1a: Slowbro|partiallytrapped
|
|turn|70
|choice||
|
|move|p2a: Dragonite|Wrap|p1a: Slowbro
|-crit|p1a: Slowbro
|-damage|p1a: Slowbro|65\/100
|cant|p1a: Slowbro|partiallytrapped
|
|turn|71
|choice||
|
|move|p2a: Dragonite|Wrap|p1a: Slowbro|[from]Wrap
|-damage|p1a: Slowbro|57\/100
|cant|p1a: Slowbro|partiallytrapped
|
|turn|72
|choice||
|
|move|p2a: Dragonite|Wrap|p1a: Slowbro
|-damage|p1a: Slowbro|53\/100
|cant|p1a: Slowbro|partiallytrapped
|
|turn|73
|choice||
|
|move|p2a: Dragonite|Wrap|p1a: Slowbro|[from]Wrap
|-damage|p1a: Slowbro|50\/100
|cant|p1a: Slowbro|partiallytrapped
|
|turn|74
|choice||
|
|move|p2a: Dragonite|Wrap|p1a: Slowbro|[from]Wrap
|-damage|p1a: Slowbro|46\/100
|cant|p1a: Slowbro|partiallytrapped
|
|turn|75
|choice||
|
|move|p2a: Dragonite|Wrap|p1a: Slowbro|[miss]
|-miss|p2a: Dragonite
|move|p1a: Slowbro|Psychic|p2a: Dragonite
|-damage|p2a: Dragonite|0 fnt
|faint|p2a: Dragonite
|choice||
|
|switch|p2a: Tauros|Tauros|100\/100
|turn|76
|choice||
|
|move|p2a: Tauros|Earthquake|p1a: Slowbro
|-damage|p1a: Slowbro|28\/100
|move|p1a: Slowbro|Amnesia|p1a: Slowbro
|-boost|p1a: Slowbro|spd|2
|-boost|p1a: Slowbro|spa|2
|
|turn|77
|choice||
|
|move|p2a: Tauros|Body Slam|p1a: Slowbro
|-damage|p1a: Slowbro|5\/100
|move|p1a: Slowbro|Rest|p1a: Slowbro
|-status|p1a: Slowbro|slp
|-heal|p1a: Slowbro|100\/100 slp|[silent]
|-status|p1a: Slowbro|slp|[from] move: Rest
|
|turn|78
|choice||
|
|move|p2a: Tauros|Body Slam|p1a: Slowbro
|-crit|p1a: Slowbro
|-damage|p1a: Slowbro|53\/100 slp
|cant|p1a: Slowbro|slp
|
|turn|79
|choice||
|
|move|p2a: Tauros|Body Slam|p1a: Slowbro
|-damage|p1a: Slowbro|30\/100 slp
|-curestatus|p1a: Slowbro|slp
|
|turn|80
|choice||
|
|move|p2a: Tauros|Body Slam|p1a: Slowbro
|-damage|p1a: Slowbro|8\/100
|move|p1a: Slowbro|Rest|p1a: Slowbro
|-status|p1a: Slowbro|slp
|-heal|p1a: Slowbro|100\/100 slp|[silent]
|-status|p1a: Slowbro|slp|[from] move: Rest
|
|turn|81
|choice||
|
|move|p2a: Tauros|Body Slam|p1a: Slowbro
|-damage|p1a: Slowbro|78\/100 slp
|cant|p1a: Slowbro|slp
|
|turn|82
|choice||
|
|move|p2a: Tauros|Body Slam|p1a: Slowbro
|-damage|p1a: Slowbro|52\/100 slp
|-curestatus|p1a: Slowbro|slp
|
|turn|83
|choice||
|
|move|p2a: Tauros|Body Slam|p1a: Slowbro
|-damage|p1a: Slowbro|26\/100
|move|p1a: Slowbro|Amnesia|p1a: Slowbro
|-boost|p1a: Slowbro|spd|2
|-boost|p1a: Slowbro|spa|2
|
|turn|84
|choice||
|
|move|p2a: Tauros|Body Slam|p1a: Slowbro
|-crit|p1a: Slowbro
|-damage|p1a: Slowbro|0 fnt
|faint|p1a: Slowbro
|
|win|MajorIdiocy
|player|p1
|player|p2
|raw|Karno123's rating: 1100 &rarr; <strong>1077<\/strong><br \/>(-23 for losing)
|raw|MajorIdiocy's rating: 1126 &rarr; <strong>1149<\/strong><br \/>(+23 for winning)
|c|★MajorIdiocy|fiiinally
|c|★MajorIdiocy|haha
|c|★MajorIdiocy|slowbro so tanky
|c|★Karno123|hahaha
|c|★Karno123|good game buddy
|c|★MajorIdiocy|gg :D
|l|MajorIdiocy
|l|Karno123
|j|pefal
|l|pefal
|j|RocketSC
|l|RocketSC
|j|De_Kaczka