|join|MALESANI
|join|So'Mmario
|player|p1|MALESANI|238
|player|p2|So'Mmario|70
|gametype|singles
|gen|1
|tier|[Gen 1] Random Battle
|rated
|seed|24754,20981,20448,43212
|rule|Sleep Clause Mod: Limit one foe put to sleep
|rule|Freeze Clause Mod: Limit one foe frozen
|rule|HP Percentage Mod: HP is shown in percentages
|
|start
|switch|p1a: Snorlax|Snorlax, L79|415\/415
|switch|p2a: Nidoking|Nidoking, L85|311\/311
|turn|1
|choice|move 2|move 3
|
|move|p2a: Nidoking|Body Slam|p1a: Snorlax
|-damage|p1a: Snorlax|335\/415
|move|p1a: Snorlax|Blizzard|p2a: Nidoking
|-supereffective|p2a: Nidoking
|-damage|p2a: Nidoking|179\/311
|
|turn|2
|choice|move 2|move 3
|
|move|p2a: Nidoking|Body Slam|p1a: Snorlax
|-damage|p1a: Snorlax|261\/415
|move|p1a: Snorlax|Blizzard|p2a: Nidoking
|-supereffective|p2a: Nidoking
|-damage|p2a: Nidoking|49\/311
|
|turn|3
|choice|move 4|switch 2
|
|switch|p2a: Moltres|Moltres, L85|327\/327
|move|p1a: Snorlax|Body Slam|p2a: Moltres
|-damage|p2a: Moltres|236\/327
|-status|p2a: Moltres|par
|
|turn|4
|choice|move 1|move 2
|
|move|p1a: Snorlax|Amnesia|p1a: Snorlax
|-boost|p1a: Snorlax|spd|2
|-boost|p1a: Snorlax|spa|2
|cant|p2a: Moltres|par
|
|turn|5
|choice|move 2|switch 6
|
|switch|p2a: Alakazam|Alakazam, L79|249\/249
|move|p1a: Snorlax|Blizzard|p2a: Alakazam
|-damage|p2a: Alakazam|162\/249
|
|turn|6
|choice|move 4|move 2
|
|move|p2a: Alakazam|Thunder Wave|p1a: Snorlax
|-status|p1a: Snorlax|par
|move|p1a: Snorlax|Body Slam|p2a: Alakazam
|-crit|p2a: Alakazam
|-damage|p2a: Alakazam|0 fnt
|faint|p2a: Alakazam
|-message|So'Mmario forfeited.
|
|win|MALESANI
|leave|So'Mmario
|player|p2