|j|Enigami
|j|trueWario
|player|p1|Enigami|130
|player|p2|trueWario|102
|gametype|singles
|gen|1
|tier|[Gen 1] OU
|rated
|seed|41723,59539,19968,50172
|rule|Sleep Clause Mod: Limit one foe put to sleep
|rule|Freeze Clause Mod: Limit one foe frozen
|rule|Species Clause: Limit one of each Pokémon
|rule|OHKO Clause: OHKO moves are banned
|rule|Evasion Moves Clause: Evasion moves are banned
|rule|HP Percentage Mod: HP is shown in percentages
|
|start
|switch|p1a: Jolteon|Jolteon|333\/333
|switch|p2a: Erva da boa!|Exeggutor|393\/393
|turn|1
|choice|move 4|move 3
|
|move|p1a: Jolteon|Thunder Wave|p2a: Erva da boa!
|-status|p2a: Erva da boa!|par
|move|p2a: Erva da boa!|Sleep Powder|p1a: Jolteon
|-status|p1a: Jolteon|slp
|
|turn|2
|choice|move 2|move 1
|
|cant|p1a: Jolteon|slp
|cant|p2a: Erva da boa!|par
|
|turn|3
|choice|move 2|move 1
|
|cant|p1a: Jolteon|slp
|move|p2a: Erva da boa!|Psychic|p1a: Jolteon
|-damage|p1a: Jolteon|210\/333 slp
|
|turn|4
|choice|switch 4|move 1
|
|switch|p1a: Chansey|Chansey|703\/703
|move|p2a: Erva da boa!|Psychic|p1a: Chansey
|-damage|p1a: Chansey|581\/703
|
|turn|5
|choice|move 1|switch 4
|
|switch|p2a: Pai di santo|Alakazam|313\/313
|move|p1a: Chansey|Seismic Toss|p2a: Pai di santo
|-damage|p2a: Pai di santo|213\/313
|
|turn|6
|choice|move 3|switch 2
|
|switch|p2a: Putinha|Chansey|703\/703
|move|p1a: Chansey|Thunder Wave|p2a: Putinha
|-status|p2a: Putinha|par
|
|turn|7
|choice|switch 3|move 2
|
|switch|p1a: Snorlax|Snorlax|523\/523
|cant|p2a: Putinha|par
|
|turn|8
|choice|move 2|switch 6
|
|switch|p2a: Concha du mal|Cloyster|303\/303
|move|p1a: Snorlax|Earthquake|p2a: Concha du mal
|-damage|p2a: Concha du mal|244\/303
|
|turn|9
|choice|move 1|move 1
|
|move|p2a: Concha du mal|Clamp|p1a: Snorlax|[miss]
|-miss|p2a: Concha du mal
|move|p1a: Snorlax|Body Slam|p2a: Concha du mal
|-damage|p2a: Concha du mal|180\/303
|
|turn|10
|choice|move 1|move 1
|
|move|p2a: Concha du mal|Clamp|p1a: Snorlax|[miss]
|-miss|p2a: Concha du mal
|move|p1a: Snorlax|Body Slam|p2a: Concha du mal
|-damage|p2a: Concha du mal|110\/303
|
|turn|11
|choice|move 1|move 1
|
|move|p2a: Concha du mal|Clamp|p1a: Snorlax|[miss]
|-miss|p2a: Concha du mal
|move|p1a: Snorlax|Body Slam|p2a: Concha du mal
|-damage|p2a: Concha du mal|38\/303
|
|turn|12
|c|★Enigami|Wow, that sucks.
|c|★Enigami|Sorry.
|choice|move 1|move 1
|
|move|p2a: Concha du mal|Clamp|p1a: Snorlax
|-crit|p1a: Snorlax
|-damage|p1a: Snorlax|433\/523
|-activate|p1a: Snorlax|move: Clamp|[of] p2a: Concha du mal
|cant|p1a: Snorlax|partiallytrapped
|
|turn|13
|choice|switch 4|move 1
|
|switch|p1a: Jolteon|Jolteon|210\/333 slp
|move|p2a: Concha du mal|Clamp|p1a: Jolteon
|-damage|p1a: Jolteon|172\/333 slp
|-activate|p1a: Jolteon|move: Clamp|[of] p2a: Concha du mal
|
|turn|14
|choice|move 1|switch 3
|
|switch|p2a: Pauzudo|Tauros|353\/353
|cant|p1a: Jolteon|slp
|
|-end|p1a: Jolteon|Clamp|[partiallytrapped]
|turn|15
|choice|switch 5|move 1
|
|switch|p1a: Exeggutor|Exeggutor|393\/393
|move|p2a: Pauzudo|Body Slam|p1a: Exeggutor
|-damage|p1a: Exeggutor|289\/393
|
|turn|16
|choice|switch 4|switch 4
|
|switch|p2a: Erva da boa!|Exeggutor|393\/393 par
|switch|p1a: Snorlax|Snorlax|433\/523
|
|turn|17
|choice|move 1|move 4
|
|move|p1a: Snorlax|Body Slam|p2a: Erva da boa!
|-damage|p2a: Erva da boa!|274\/393 par
|cant|p2a: Erva da boa!|par
|
|turn|18
|choice|move 1|move 4
|
|move|p1a: Snorlax|Body Slam|p2a: Erva da boa!
|-damage|p2a: Erva da boa!|154\/393 par
|move|p2a: Erva da boa!|Stun Spore|p1a: Snorlax
|-status|p1a: Snorlax|par
|
|turn|19
|choice|switch 2|move 1
|
|switch|p1a: Moltres|Moltres|383\/383
|cant|p2a: Erva da boa!|par
|
|turn|20
|choice|move 2|switch 6
|
|switch|p2a: Putinha|Chansey|703\/703 par
|move|p1a: Moltres|Fire Spin|p2a: Putinha
|-damage|p2a: Putinha|683\/703 par
|-activate|p2a: Putinha|move: Fire Spin|[of] p1a: Moltres
|
|turn|21
|choice|switch 2|move 1
|
|switch|p1a: Snorlax|Snorlax|433\/523 par
|cant|p2a: Putinha|partiallytrapped
|
|-end|p2a: Putinha|Fire Spin|[partiallytrapped]
|turn|22
|choice|move 1|switch 5
|
|switch|p2a: Pedra di crack|Golem|363\/363
|cant|p1a: Snorlax|par
|
|turn|23
|choice|switch 4|move 3
|
|switch|p1a: Exeggutor|Exeggutor|289\/393
|move|p2a: Pedra di crack|Earthquake|p1a: Exeggutor
|-resisted|p1a: Exeggutor
|-damage|p1a: Exeggutor|222\/393
|
|turn|24
|choice|move 3|switch 5
|
|switch|p2a: Putinha|Chansey|683\/703 par
|move|p1a: Exeggutor|Psychic|p2a: Putinha
|-damage|p2a: Putinha|569\/703 par
|-unboost|p2a: Putinha|spd|1
|-unboost|p2a: Putinha|spa|1
|
|turn|25
|choice|switch 3|switch 6
|
|switch|p1a: Chansey|Chansey|581\/703
|switch|p2a: Erva da boa!|Exeggutor|154\/393 par
|
|turn|26
|choice|move 2|switch 6
|
|switch|p2a: Putinha|Chansey|569\/703 par
|move|p1a: Chansey|Reflect|p1a: Chansey
|-start|p1a: Chansey|Reflect
|
|turn|27
|choice|switch 4|move 2
|
|switch|p1a: Snorlax|Snorlax|433\/523 par
|move|p2a: Putinha|Ice Beam|p1a: Snorlax
|-damage|p1a: Snorlax|328\/523 par
|
|turn|28
|choice|move 2|switch 6
|
|switch|p2a: Erva da boa!|Exeggutor|154\/393 par
|move|p1a: Snorlax|Earthquake|p2a: Erva da boa!
|-resisted|p2a: Erva da boa!
|-damage|p2a: Erva da boa!|107\/393 par
|
|turn|29
|choice|switch 3|move 1
|
|switch|p1a: Exeggutor|Exeggutor|222\/393
|move|p2a: Erva da boa!|Psychic|p1a: Exeggutor
|-resisted|p1a: Exeggutor
|-damage|p1a: Exeggutor|169\/393
|
|turn|30
|choice|move 3|move 2
|
|move|p1a: Exeggutor|Psychic|p2a: Erva da boa!
|-resisted|p2a: Erva da boa!
|-damage|p2a: Erva da boa!|53\/393 par
|-unboost|p2a: Erva da boa!|spd|1
|-unboost|p2a: Erva da boa!|spa|1
|move|p2a: Erva da boa!|Explosion|p1a: Exeggutor
|-damage|p1a: Exeggutor|0 fnt
|faint|p1a: Exeggutor
|faint|p2a: Erva da boa!
|choice|switch 3|switch 2
|
|switch|p2a: Pai di santo|Alakazam|213\/313
|switch|p1a: Snorlax|Snorlax|328\/523 par
|turn|31
|choice|move 1|move 1
|
|move|p2a: Pai di santo|Psychic|p1a: Snorlax
|-damage|p1a: Snorlax|152\/523 par
|move|p1a: Snorlax|Body Slam|p2a: Pai di santo
|-damage|p2a: Pai di santo|50\/313
|
|turn|32
|choice|switch 4|move 1
|
|switch|p1a: Chansey|Chansey|581\/703
|move|p2a: Pai di santo|Psychic|p1a: Chansey
|-damage|p1a: Chansey|444\/703
|
|turn|33
|choice|move 3|switch 6
|
|switch|p2a: Putinha|Chansey|569\/703 par
|move|p1a: Chansey|Thunder Wave|p2a: Putinha
|-fail|p2a: Putinha|par
|
|turn|34
|choice|move 4|move 2
|
|move|p1a: Chansey|Soft-Boiled|p1a: Chansey
|-heal|p1a: Chansey|703\/703
|move|p2a: Putinha|Ice Beam|p1a: Chansey
|-damage|p1a: Chansey|633\/703
|
|turn|35
|choice|move 1|move 2
|
|move|p1a: Chansey|Seismic Toss|p2a: Putinha
|-damage|p2a: Putinha|469\/703 par
|move|p2a: Putinha|Ice Beam|p1a: Chansey
|-damage|p1a: Chansey|552\/703
|
|turn|36
|choice|move 1|move 3
|
|move|p1a: Chansey|Seismic Toss|p2a: Putinha
|-damage|p2a: Putinha|369\/703 par
|move|p2a: Putinha|Soft-Boiled|p2a: Putinha
|-heal|p2a: Putinha|703\/703 par
|
|turn|37
|choice|move 1|move 2
|
|move|p1a: Chansey|Seismic Toss|p2a: Putinha
|-damage|p2a: Putinha|603\/703 par
|move|p2a: Putinha|Ice Beam|p1a: Chansey
|-damage|p1a: Chansey|477\/703
|-status|p1a: Chansey|frz
|
|turn|38
|choice|switch 5|switch 5
|
|switch|p1a: Jolteon|Jolteon|172\/333 slp
|switch|p2a: Pedra di crack|Golem|363\/363
|
|turn|39
|choice|switch 5|move 3
|
|switch|p1a: Chansey|Chansey|477\/703 frz
|move|p2a: Pedra di crack|Earthquake|p1a: Chansey
|-damage|p1a: Chansey|128\/703 frz
|
|turn|40
|choice|move 1|move 3
|
|cant|p1a: Chansey|frz
|move|p2a: Pedra di crack|Earthquake|p1a: Chansey
|-damage|p1a: Chansey|0 fnt
|faint|p1a: Chansey
|choice|switch 6|
|
|switch|p1a: Tauros|Tauros|353\/353
|turn|41
|choice|switch 5|switch 3
|
|switch|p1a: Jolteon|Jolteon|172\/333 slp
|switch|p2a: Concha du mal|Cloyster|38\/303
|
|turn|42
|choice|move 1|move 2
|
|cant|p1a: Jolteon|slp
|move|p2a: Concha du mal|Blizzard|p1a: Jolteon
|-damage|p1a: Jolteon|48\/333 slp
|
|turn|43
|choice|move 1|move 1
|
|-curestatus|p1a: Jolteon|slp
|move|p2a: Concha du mal|Clamp|p1a: Jolteon
|-damage|p1a: Jolteon|14\/333
|-activate|p1a: Jolteon|move: Clamp|[of] p2a: Concha du mal
|
|turn|44
|choice|switch 4|move 1
|
|switch|p1a: Snorlax|Snorlax|152\/523 par
|move|p2a: Concha du mal|Clamp|p1a: Snorlax
|-damage|p1a: Snorlax|99\/523 par
|-activate|p1a: Snorlax|move: Clamp|[of] p2a: Concha du mal
|
|turn|45
|choice|move 1|move 1
|
|move|p2a: Concha du mal|Clamp|p1a: Snorlax
|-damage|p1a: Snorlax|46\/523 par
|cant|p1a: Snorlax|partiallytrapped
|
|-end|p1a: Snorlax|Clamp|[partiallytrapped]
|turn|46
|choice|move 4|move 2
|
|move|p2a: Concha du mal|Blizzard|p1a: Snorlax
|-damage|p1a: Snorlax|0 fnt
|faint|p1a: Snorlax
|choice|switch 2|
|
|switch|p1a: Moltres|Moltres|383\/383
|turn|47
|choice|move 1|move 3
|
|move|p1a: Moltres|Fire Blast|p2a: Concha du mal
|-damage|p2a: Concha du mal|0 fnt
|faint|p2a: Concha du mal
|choice||switch 3
|
|switch|p2a: Pedra di crack|Golem|363\/363
|turn|48
|choice|switch 4|move 2
|
|switch|p1a: Jolteon|Jolteon|14\/333
|move|p2a: Pedra di crack|Rock Slide|p1a: Jolteon
|-crit|p1a: Jolteon
|-damage|p1a: Jolteon|0 fnt
|faint|p1a: Jolteon
|choice|switch 5|
|
|switch|p1a: Tauros|Tauros|353\/353
|turn|49
|choice|move 4|move 1
|
|move|p1a: Tauros|Blizzard|p2a: Pedra di crack
|-crit|p2a: Pedra di crack
|-supereffective|p2a: Pedra di crack
|-damage|p2a: Pedra di crack|0 fnt
|faint|p2a: Pedra di crack
|choice||switch 5
|
|switch|p2a: Putinha|Chansey|603\/703 par
|turn|50
|choice|move 1|move 1
|
|move|p1a: Tauros|Body Slam|p2a: Putinha
|-damage|p2a: Putinha|340\/703 par
|move|p2a: Putinha|Thunder Wave|p1a: Tauros
|-status|p1a: Tauros|par
|
|turn|51
|choice|move 2|move 2
|
|move|p1a: Tauros|Hyper Beam|p2a: Putinha
|-crit|p2a: Putinha
|-damage|p2a: Putinha|0 fnt
|faint|p2a: Putinha
|choice||switch 4
|
|switch|p2a: Pauzudo|Tauros|353\/353
|turn|52
|choice|move 1|move 1
|
|move|p2a: Pauzudo|Body Slam|p1a: Tauros
|-damage|p1a: Tauros|250\/353 par
|move|p1a: Tauros|Body Slam|p2a: Pauzudo
|-damage|p2a: Pauzudo|252\/353
|
|turn|53
|choice|move 2|move 1
|
|move|p2a: Pauzudo|Body Slam|p1a: Tauros
|-damage|p1a: Tauros|138\/353 par
|move|p1a: Tauros|Hyper Beam|p2a: Pauzudo
|-crit|p2a: Pauzudo
|-damage|p2a: Pauzudo|0 fnt
|faint|p2a: Pauzudo
|c|★Enigami|:O
|choice||switch 6
|
|switch|p2a: Pai di santo|Alakazam|50\/313
|turn|54
|choice|move 2|move 1
|
|move|p2a: Pai di santo|Psychic|p1a: Tauros
|-damage|p1a: Tauros|0 fnt
|faint|p1a: Tauros
|choice|switch 4|
|
|switch|p1a: Moltres|Moltres|383\/383
|turn|55
|choice|move 4|move 2
|
|move|p2a: Pai di santo|Recover|p2a: Pai di santo
|-heal|p2a: Pai di santo|206\/313
|move|p1a: Moltres|Agility|p1a: Moltres
|-boost|p1a: Moltres|spe|2
|
|turn|56
|choice|move 2|move 2
|
|move|p1a: Moltres|Fire Spin|p2a: Pai di santo|[miss]
|-miss|p1a: Moltres
|move|p2a: Pai di santo|Recover|p2a: Pai di santo
|-heal|p2a: Pai di santo|313\/313
|
|turn|57
|choice|move 1|move 4
|
|move|p1a: Moltres|Fire Blast|p2a: Pai di santo
|-damage|p2a: Pai di santo|178\/313
|move|p2a: Pai di santo|Reflect|p2a: Pai di santo
|-start|p2a: Pai di santo|Reflect
|
|turn|58
|choice|move 2|move 2
|
|move|p1a: Moltres|Fire Spin|p2a: Pai di santo
|-crit|p2a: Pai di santo
|-damage|p2a: Pai di santo|142\/313
|-activate|p2a: Pai di santo|move: Fire Spin|[of] p1a: Moltres
|cant|p2a: Pai di santo|partiallytrapped
|
|turn|59
|choice|move 2|move 2
|
|move|p1a: Moltres|Fire Spin|p2a: Pai di santo
|-damage|p2a: Pai di santo|106\/313
|cant|p2a: Pai di santo|partiallytrapped
|
|turn|60
|choice|move 2|move 2
|
|move|p1a: Moltres|Fire Spin|p2a: Pai di santo
|-damage|p2a: Pai di santo|70\/313
|cant|p2a: Pai di santo|partiallytrapped
|
|turn|61
|choice|move 2|move 2
|
|move|p1a: Moltres|Fire Spin|p2a: Pai di santo
|-damage|p2a: Pai di santo|34\/313
|cant|p2a: Pai di santo|partiallytrapped
|
|-end|p2a: Pai di santo|Fire Spin|[partiallytrapped]
|turn|62
|choice|move 3|move 2
|
|move|p1a: Moltres|Hyper Beam|p2a: Pai di santo
|-crit|p2a: Pai di santo
|-damage|p2a: Pai di santo|0 fnt
|faint|p2a: Pai di santo
|
|win|Enigami
|player|p1
|player|p2
|c|★Enigami|gg
|raw|Enigami's rating: 1371 &rarr; <strong>1394<\/strong><br \/>(+23 for winning)
|raw|trueWario's rating: 1424 &rarr; <strong>1401<\/strong><br \/>(-23 for losing)
|c|★Enigami|That was really close