|join|yaldyyyy
|join|Eating pasta sorry
|player|p1|yaldyyyy|275
|player|p2|Eating pasta sorry|3
|gametype|singles
|gen|1
|tier|[Gen 1] Random Battle
|rated
|rule|Sleep Clause Mod: Limit one foe put to sleep
|rule|Freeze Clause Mod: Limit one foe frozen
|rule|HP Percentage Mod: HP is shown in percentages
|
|start
|switch|p1a: Wartortle|Wartortle, L85|274\/274
|switch|p2a: Rattata|Rattata, L96|252\/252
|turn|1
|
|move|p2a: Rattata|Super Fang|p1a: Wartortle
|-damage|p1a: Wartortle|137\/274
|move|p1a: Wartortle|Surf|p2a: Rattata
|-crit|p2a: Rattata
|-damage|p2a: Rattata|0 fnt
|faint|p2a: Rattata
|
|switch|p2a: Magneton|Magneton, L90|273\/273
|turn|2
|join|gyffyrd
|c|★Eating pasta sorry|GYFFYRD LEAVE
|c|★Eating pasta sorry|I HATE YOU
|
|switch|p1a: Golem|Golem, L79|288\/288
|move|p2a: Magneton|Thunderbolt|p1a: Golem
|-immune|p1a: Golem|[msg]
|
|turn|3
|c|★yaldyyyy|fucking gyffyrd
|
|switch|p2a: Vaporeon|Vaporeon, L85|395\/395
|move|p1a: Golem|Earthquake|p2a: Vaporeon
|-damage|p2a: Vaporeon|260\/395
|
|turn|4
|
|switch|p1a: Staryu|Staryu, L90|237\/237
|move|p2a: Vaporeon|Surf|p1a: Staryu
|-crit|p1a: Staryu
|-resisted|p1a: Staryu
|-damage|p1a: Staryu|112\/237
|
|turn|5
|
|switch|p2a: Magneton|Magneton, L90|273\/273
|move|p1a: Staryu|Recover|p1a: Staryu
|-heal|p1a: Staryu|230\/237
|
|turn|6
|
|switch|p1a: Kangaskhan|Kangaskhan, L85|352\/352
|move|p2a: Magneton|Mimic|p1a: Kangaskhan
|-start|p2a: Magneton|Mimic|Body Slam
|
|turn|7
|
|move|p1a: Kangaskhan|Earthquake|p2a: Magneton
|-supereffective|p2a: Magneton
|-damage|p2a: Magneton|144\/273
|move|p2a: Magneton|Thunder Wave|p1a: Kangaskhan
|-status|p1a: Kangaskhan|par
|
|turn|8
|leave|gyffyrd
|
|move|p2a: Magneton|Thunderbolt|p1a: Kangaskhan
|-damage|p1a: Kangaskhan|133\/352 par
|cant|p1a: Kangaskhan|par
|
|turn|9
|
|move|p2a: Magneton|Thunderbolt|p1a: Kangaskhan
|-damage|p1a: Kangaskhan|0 fnt
|faint|p1a: Kangaskhan
|
|switch|p1a: Golem|Golem, L79|288\/288
|turn|10
|
|switch|p2a: Vaporeon|Vaporeon, L85|260\/395
|move|p1a: Golem|Explosion|p2a: Vaporeon
|-damage|p2a: Vaporeon|0 fnt
|faint|p2a: Vaporeon
|faint|p1a: Golem
|
|switch|p2a: Magneton|Magneton, L90|144\/273
|switch|p1a: Rhydon|Rhydon, L79|328\/328
|turn|11
|
|switch|p2a: Primeape|Primeape, L90|300\/300
|move|p1a: Rhydon|Earthquake|p2a: Primeape
|-damage|p2a: Primeape|177\/300
|
|turn|12
|
|switch|p1a: Wartortle|Wartortle, L85|137\/274
|move|p2a: Primeape|Submission|p1a: Wartortle
|-damage|p1a: Wartortle|34\/274
|-damage|p2a: Primeape|152\/300|[from] recoil|[of] p1a: Wartortle
|
|turn|13
|
|move|p2a: Primeape|Body Slam|p1a: Wartortle
|-crit|p1a: Wartortle
|-damage|p1a: Wartortle|0 fnt
|faint|p1a: Wartortle
|
|switch|p1a: Arcanine|Arcanine, L85|327\/327
|turn|14
|
|switch|p2a: Magneton|Magneton, L90|144\/273
|move|p1a: Arcanine|Fire Blast|p2a: Magneton|[miss]
|-miss|p1a: Arcanine
|
|turn|15
|
|move|p1a: Arcanine|Fire Blast|p2a: Magneton|[miss]
|-miss|p1a: Arcanine
|move|p2a: Magneton|Thunder Wave|p1a: Arcanine
|-status|p1a: Arcanine|par
|
|turn|16
|
|move|p2a: Magneton|Thunderbolt|p1a: Arcanine
|-damage|p1a: Arcanine|198\/327 par
|move|p1a: Arcanine|Fire Blast|p2a: Magneton
|-damage|p2a: Magneton|55\/273
|
|turn|17
|
|move|p2a: Magneton|Hyper Beam|p1a: Arcanine
|-crit|p1a: Arcanine
|-damage|p1a: Arcanine|27\/327 par
|move|p1a: Arcanine|Fire Blast|p2a: Magneton
|-damage|p2a: Magneton|0 fnt
|faint|p2a: Magneton
|
|switch|p2a: Persian|Persian, L79|265\/265
|turn|18
|
|move|p2a: Persian|Slash|p1a: Arcanine
|-crit|p1a: Arcanine
|-damage|p1a: Arcanine|0 fnt
|faint|p1a: Arcanine
|
|switch|p1a: Staryu|Staryu, L90|230\/237
|turn|19
|
|switch|p2a: Kadabra|Kadabra, L85|242\/242
|move|p1a: Staryu|Surf|p2a: Kadabra
|-damage|p2a: Kadabra|170\/242
|
|turn|20
|
|move|p2a: Kadabra|Thunder Wave|p1a: Staryu
|-status|p1a: Staryu|par
|move|p1a: Staryu|Blizzard|p2a: Kadabra|[miss]
|-miss|p1a: Staryu
|
|turn|21
|
|move|p2a: Kadabra|Psychic|p1a: Staryu
|-damage|p1a: Staryu|104\/237 par
|move|p1a: Staryu|Blizzard|p2a: Kadabra|[miss]
|-miss|p1a: Staryu
|
|turn|22
|
|move|p2a: Kadabra|Psychic|p1a: Staryu
|-damage|p1a: Staryu|0 fnt
|faint|p1a: Staryu
|
|switch|p1a: Rhydon|Rhydon, L79|328\/328
|turn|23
|
|move|p2a: Kadabra|Psychic|p1a: Rhydon
|-damage|p1a: Rhydon|149\/328
|-unboost|p1a: Rhydon|spd|1
|-unboost|p1a: Rhydon|spa|1
|move|p1a: Rhydon|Earthquake|p2a: Kadabra
|-damage|p2a: Kadabra|0 fnt
|faint|p2a: Kadabra
|
|switch|p2a: Persian|Persian, L79|265\/265
|turn|24
|
|move|p2a: Persian|Screech|p1a: Rhydon
|-unboost|p1a: Rhydon|def|2
|move|p1a: Rhydon|Earthquake|p2a: Persian
|-crit|p2a: Persian
|-damage|p2a: Persian|0 fnt
|faint|p2a: Persian
|
|switch|p2a: Primeape|Primeape, L90|152\/300
|turn|25
|
|move|p2a: Primeape|Submission|p1a: Rhydon
|-crit|p1a: Rhydon
|-supereffective|p1a: Rhydon
|-damage|p1a: Rhydon|0 fnt
|-damage|p2a: Primeape|115\/300|[from] recoil|[of] p1a: Rhydon
|faint|p1a: Rhydon
|
|win|Eating pasta sorry
|raw|Ladder updating...
|raw|yaldyyyy's rating: 1208 &rarr; <strong>1188<\/strong><br \/>(-20 for losing)
|raw|Eating pasta sorry's rating: 1278 &rarr; <strong>1298<\/strong><br \/>(+20 for winning)