|j|mickyDM
|j|MALESANI
|player|p1|mickyDM|291
|player|p2|MALESANI|238
|gametype|singles
|gen|1
|tier|[Gen 1] Random Battle
|rated
|seed|6469,54858,22207,47878
|rule|Sleep Clause Mod: Limit one foe put to sleep
|rule|Freeze Clause Mod: Limit one foe frozen
|rule|HP Percentage Mod: HP is shown in percentages
|
|start
|switch|p1a: Golduck|Golduck, L85|310\/310
|switch|p2a: Sandslash|Sandslash, L85|301\/301
|turn|1
|choice|move 2|switch 3
|
|switch|p2a: Hypno|Hypno, L85|318\/318
|move|p1a: Golduck|Ice Beam|p2a: Hypno
|-damage|p2a: Hypno|262\/318
|
|turn|2
|choice|move 4|move 3
|
|move|p1a: Golduck|Body Slam|p2a: Hypno
|-damage|p2a: Hypno|196\/318
|move|p2a: Hypno|Hypnosis|p1a: Golduck
|-status|p1a: Golduck|slp
|
|turn|3
|choice|move 4|move 1
|
|cant|p1a: Golduck|slp
|move|p2a: Hypno|Psychic|p1a: Golduck
|-damage|p1a: Golduck|191\/310 slp
|
|turn|4
|choice|move 4|move 1
|
|cant|p1a: Golduck|slp
|move|p2a: Hypno|Psychic|p1a: Golduck
|-damage|p1a: Golduck|78\/310 slp
|
|turn|5
|choice|move 4|move 1
|
|cant|p1a: Golduck|slp
|move|p2a: Hypno|Psychic|p1a: Golduck
|-damage|p1a: Golduck|0 fnt
|faint|p1a: Golduck
|choice|switch 5|
|
|switch|p1a: Graveler|Graveler, L85|267\/267
|turn|6
|choice|move 1|move 3
|
|move|p2a: Hypno|Hypnosis|p1a: Graveler
|-status|p1a: Graveler|slp
|cant|p1a: Graveler|slp
|
|turn|7
|choice|move 1|move 1
|
|move|p2a: Hypno|Psychic|p1a: Graveler
|-crit|p1a: Graveler
|-damage|p1a: Graveler|0 fnt
|faint|p1a: Graveler
|choice|switch 4|
|
|switch|p1a: Cloyster|Cloyster, L83|253\/253
|turn|8
|choice|move 2|move 3
|
|move|p1a: Cloyster|Explosion|p2a: Hypno
|-crit|p2a: Hypno
|-damage|p2a: Hypno|0 fnt
|faint|p2a: Hypno
|faint|p1a: Cloyster
|choice|switch 2|switch 3
|
|switch|p2a: Sandslash|Sandslash, L85|301\/301
|switch|p1a: Machoke|Machoke, L85|310\/310
|turn|9
|choice|move 2|move 1
|
|move|p2a: Sandslash|Earthquake|p1a: Machoke
|-damage|p1a: Machoke|181\/310
|move|p1a: Machoke|Counter|p2a: Sandslash
|-fail|p1a: Machoke
|
|turn|10
|choice|move 2|move 1
|
|move|p2a: Sandslash|Earthquake|p1a: Machoke
|-damage|p1a: Machoke|63\/310
|move|p1a: Machoke|Counter|p2a: Sandslash
|-fail|p1a: Machoke
|
|turn|11
|choice|move 1|move 1
|
|move|p2a: Sandslash|Earthquake|p1a: Machoke
|-damage|p1a: Machoke|0 fnt
|faint|p1a: Machoke
|choice|switch 6|
|
|switch|p1a: Mew|Mew, L74|300\/300
|turn|12
|choice|move 4|move 3
|
|move|p1a: Mew|Blizzard|p2a: Sandslash
|-supereffective|p2a: Sandslash
|-damage|p2a: Sandslash|121\/301
|move|p2a: Sandslash|Body Slam|p1a: Mew
|-damage|p1a: Mew|230\/300
|
|turn|13
|choice|move 4|move 1
|
|move|p1a: Mew|Blizzard|p2a: Sandslash
|-supereffective|p2a: Sandslash
|-damage|p2a: Sandslash|0 fnt
|faint|p2a: Sandslash
|choice||switch 5
|
|switch|p2a: Blastoise|Blastoise, L85|308\/308
|turn|14
|choice|move 1|move 1
|
|move|p1a: Mew|Thunder Wave|p2a: Blastoise
|-status|p2a: Blastoise|par
|move|p2a: Blastoise|Hydro Pump|p1a: Mew
|-damage|p1a: Mew|109\/300
|
|turn|15
|choice|move 3|move 1
|
|move|p1a: Mew|Horn Drill|p2a: Blastoise|[miss]
|-miss|p1a: Mew
|cant|p2a: Blastoise|par
|
|turn|16
|choice|move 3|move 1
|
|move|p1a: Mew|Horn Drill|p2a: Blastoise|[miss]
|-miss|p1a: Mew
|move|p2a: Blastoise|Hydro Pump|p1a: Mew
|-damage|p1a: Mew|0 fnt
|faint|p1a: Mew
|-message|mickyDM forfeited.
|
|win|MALESANI
|player|p1
|player|p2
|l|mickyDM
|raw|mickyDM's rating: 1275 &rarr; <strong>1261<\/strong><br \/>(-14 for losing)
|raw|MALESANI's rating: 1433 &rarr; <strong>1444<\/strong><br \/>(+11 for winning)