|join|Pomman
|join|Dice
|player|p1|Pomman|#pomman
|player|p2|Dice|168
|gametype|singles
|gen|1
|tier|[Gen 1] OU
|seed|22393,59024,35312,9358
|rule|Sleep Clause Mod: Limit one foe put to sleep
|rule|Freeze Clause Mod: Limit one foe frozen
|rule|Species Clause: Limit one of each Pokémon
|rule|OHKO Clause: OHKO moves are banned
|rule|Evasion Moves Clause: Evasion moves are banned
|rule|HP Percentage Mod: HP is shown in percentages
|
|start
|switch|p1a: Exeggutor|Exeggutor|393\/393
|switch|p2a: Alakazam|Alakazam|313\/313
|turn|1
|c|★Pomman|hf
|choice|move 1|move 2
|
|move|p2a: Alakazam|Thunder Wave|p1a: Exeggutor
|-status|p1a: Exeggutor|par
|move|p1a: Exeggutor|Sleep Powder|p2a: Alakazam
|-status|p2a: Alakazam|slp
|
|turn|2
|choice|move 2|switch 6
|
|switch|p2a: Chansey|Chansey|703\/703
|cant|p1a: Exeggutor|par
|
|turn|3
|choice|move 2|move 1
|
|move|p2a: Chansey|Seismic Toss|p1a: Exeggutor
|-damage|p1a: Exeggutor|293\/393 par
|cant|p1a: Exeggutor|par
|
|turn|4
|choice|move 4|move 1
|
|move|p2a: Chansey|Seismic Toss|p1a: Exeggutor
|-damage|p1a: Exeggutor|193\/393 par
|cant|p1a: Exeggutor|par
|
|turn|5
|choice|move 3|switch 2
|
|switch|p2a: Rhydon|Rhydon|413\/413
|cant|p1a: Exeggutor|par
|
|turn|6
|choice|move 4|move 1
|
|move|p2a: Rhydon|Body Slam|p1a: Exeggutor
|-damage|p1a: Exeggutor|110\/393 par
|move|p1a: Exeggutor|Mega Drain|p2a: Rhydon
|-crit|p2a: Rhydon
|-supereffective|p2a: Rhydon
|-damage|p2a: Rhydon|0 fnt
|-heal|p1a: Exeggutor|316\/393 par|[from] drain|[of] p2a: Rhydon
|faint|p2a: Rhydon
|choice||switch 2
|
|switch|p2a: Chansey|Chansey|703\/703
|turn|7
|choice|move 3|move 1
|
|move|p2a: Chansey|Seismic Toss|p1a: Exeggutor
|-damage|p1a: Exeggutor|216\/393 par
|move|p1a: Exeggutor|Explosion|p2a: Chansey
|-damage|p2a: Chansey|5\/703
|faint|p1a: Exeggutor
|choice|switch 2|
|
|switch|p1a: Tauros|Tauros|353\/353
|turn|8
|choice|move 1|switch 3
|
|switch|p2a: Slowbro|Slowbro|393\/393
|move|p1a: Tauros|Body Slam|p2a: Slowbro
|-damage|p2a: Slowbro|298\/393
|
|turn|9
|choice|move 1|move 1
|
|move|p1a: Tauros|Body Slam|p2a: Slowbro
|-crit|p2a: Slowbro
|-damage|p2a: Slowbro|107\/393
|move|p2a: Slowbro|Thunder Wave|p1a: Tauros
|-status|p1a: Tauros|par
|
|turn|10
|choice|move 2|move 4
|
|move|p2a: Slowbro|Rest|p2a: Slowbro
|-status|p2a: Slowbro|slp
|-heal|p2a: Slowbro|393\/393 slp|[silent]
|-status|p2a: Slowbro|slp|[from] move: Rest
|cant|p1a: Tauros|par
|
|turn|11
|choice|switch 4|move 3
|
|switch|p1a: Chansey|Chansey|703\/703
|cant|p2a: Slowbro|slp
|
|turn|12
|choice|move 4|switch 6
|
|switch|p2a: Alakazam|Alakazam|313\/313 slp
|move|p1a: Chansey|Seismic Toss|p2a: Alakazam
|-damage|p2a: Alakazam|213\/313 slp
|
|turn|13
|choice|move 4|move 4
|
|cant|p2a: Alakazam|slp
|move|p1a: Chansey|Seismic Toss|p2a: Alakazam
|-damage|p2a: Alakazam|113\/313 slp
|
|turn|14
|choice|move 4|move 2
|
|cant|p2a: Alakazam|slp
|move|p1a: Chansey|Seismic Toss|p2a: Alakazam
|-damage|p2a: Alakazam|13\/313 slp
|
|turn|15
|choice|move 4|switch 5
|
|switch|p2a: Snorlax|Snorlax|523\/523
|move|p1a: Chansey|Seismic Toss|p2a: Snorlax
|-damage|p2a: Snorlax|423\/523
|
|turn|16
|choice|move 3|move 2
|
|move|p1a: Chansey|Reflect|p1a: Chansey
|-start|p1a: Chansey|Reflect
|move|p2a: Snorlax|Counter|p1a: Chansey
|-fail|p2a: Snorlax
|
|turn|17
|choice|move 4|move 1
|
|move|p1a: Chansey|Seismic Toss|p2a: Snorlax
|-damage|p2a: Snorlax|323\/523
|move|p2a: Snorlax|Body Slam|p1a: Chansey
|-damage|p1a: Chansey|556\/703
|
|turn|18
|choice|move 4|move 1
|
|move|p1a: Chansey|Seismic Toss|p2a: Snorlax
|-damage|p2a: Snorlax|223\/523
|move|p2a: Snorlax|Body Slam|p1a: Chansey
|-damage|p1a: Chansey|419\/703
|
|turn|19
|choice|move 1|switch 3
|
|switch|p2a: Chansey|Chansey|5\/703
|move|p1a: Chansey|Soft-Boiled|p1a: Chansey
|-heal|p1a: Chansey|703\/703
|
|turn|20
|choice|move 4|move 2
|
|move|p2a: Chansey|Soft-Boiled|p2a: Chansey
|-heal|p2a: Chansey|356\/703
|move|p1a: Chansey|Seismic Toss|p2a: Chansey
|-damage|p2a: Chansey|256\/703
|
|turn|21
|choice|switch 3|move 2
|
|switch|p1a: Starmie|Starmie|323\/323
|move|p2a: Chansey|Soft-Boiled|p2a: Chansey
|-heal|p2a: Chansey|607\/703
|
|turn|22
|choice|move 1|move 3
|
|move|p1a: Starmie|Blizzard|p2a: Chansey
|-damage|p2a: Chansey|510\/703
|move|p2a: Chansey|Thunder Wave|p1a: Starmie
|-status|p1a: Starmie|par
|
|turn|23
|choice|move 1|switch 3
|
|switch|p2a: Snorlax|Snorlax|223\/523
|move|p1a: Starmie|Blizzard|p2a: Snorlax|[miss]
|-miss|p1a: Starmie
|
|turn|24
|choice|move 1|move 1
|
|move|p2a: Snorlax|Body Slam|p1a: Starmie
|-damage|p1a: Starmie|208\/323 par
|move|p1a: Starmie|Blizzard|p2a: Snorlax
|-damage|p2a: Snorlax|99\/523
|
|turn|25
|choice|move 3|move 3
|
|move|p2a: Snorlax|Self-Destruct|p1a: Starmie
|-damage|p1a: Starmie|0 fnt
|faint|p1a: Starmie
|faint|p2a: Snorlax
|choice|switch 5|switch 4
|
|switch|p2a: Victreebel|Victreebel|363\/363
|switch|p1a: Snorlax|Snorlax|523\/523
|turn|26
|choice|switch 6|move 1
|
|switch|p1a: Alakazam|Alakazam|313\/313
|move|p2a: Victreebel|Sleep Powder|p1a: Alakazam
|-status|p1a: Alakazam|slp
|
|turn|27
|choice|switch 3|move 2
|
|switch|p1a: Chansey|Chansey|703\/703
|move|p2a: Victreebel|Swords Dance|p2a: Victreebel
|-boost|p2a: Victreebel|atk|2
|
|turn|28
|choice|move 2|move 4
|
|move|p2a: Victreebel|Hyper Beam|p1a: Chansey
|-damage|p1a: Chansey|0 fnt
|faint|p1a: Chansey
|choice|switch 6|
|
|switch|p1a: Snorlax|Snorlax|523\/523
|turn|29
|choice|move 2|move 2
|
|move|p2a: Victreebel|Swords Dance|p2a: Victreebel
|-boost|p2a: Victreebel|atk|2
|move|p1a: Snorlax|Ice Beam|p2a: Victreebel
|-supereffective|p2a: Victreebel
|-damage|p2a: Victreebel|249\/363
|
|turn|30
|choice|move 2|move 4
|
|move|p2a: Victreebel|Hyper Beam|p1a: Snorlax
|-damage|p1a: Snorlax|32\/523
|move|p1a: Snorlax|Ice Beam|p2a: Victreebel
|-supereffective|p2a: Victreebel
|-damage|p2a: Victreebel|129\/363
|
|turn|31
|-mustrecharge|p2a: Victreebel
|-mustrecharge|p2a: Victreebel
|choice|move 2|move 1
|
|cant|p2a: Victreebel|recharge
|move|p1a: Snorlax|Ice Beam|p2a: Victreebel
|-supereffective|p2a: Victreebel
|-damage|p2a: Victreebel|10\/363
|
|turn|32
|c|★Pomman|gg
|choice|move 2|move 3
|
|move|p2a: Victreebel|Razor Leaf|p1a: Snorlax
|-crit|p1a: Snorlax
|-damage|p1a: Snorlax|0 fnt
|faint|p1a: Snorlax
|choice|switch 4|
|
|switch|p1a: Tauros|Tauros|353\/353 par
|turn|33
|choice|move 1|move 4
|
|move|p2a: Victreebel|Hyper Beam|p1a: Tauros
|-damage|p1a: Tauros|0 fnt
|faint|p1a: Tauros
|choice|switch 3|
|
|switch|p1a: Alakazam|Alakazam|313\/313 slp
|turn|34
|choice|move 1|move 4
|
|cant|p1a: Alakazam|slp
|move|p2a: Victreebel|Hyper Beam|p1a: Alakazam
|-damage|p1a: Alakazam|0 fnt
|faint|p1a: Alakazam
|
|win|Dice