|j|xJoelituh
|j|Seri0usEnough
|player|p1|xJoelituh|134
|player|p2|Seri0usEnough|#zamrock
|gametype|singles
|gen|1
|tier|[Gen 1] OU
|seed|100,49017,23577,40299
|rule|Sleep Clause Mod: Limit one foe put to sleep
|rule|Freeze Clause Mod: Limit one foe frozen
|rule|Species Clause: Limit one of each Pokémon
|rule|OHKO Clause: OHKO moves are banned
|rule|Evasion Moves Clause: Evasion moves are banned
|rule|HP Percentage Mod: HP is shown in percentages
|
|start
|switch|p1a: Alakazam|Alakazam|313\/313
|switch|p2a: Jynx|Jynx|333\/333
|turn|1
|c|★xJoelituh|hf
|c|★Seri0usEnough|likewise
|j|QuagGod
|j|Gia-‘☆’-Gantic
|choice|move 3|move 1
|
|move|p1a: Alakazam|Thunder Wave|p2a: Jynx
|-status|p2a: Jynx|par
|move|p2a: Jynx|Lovely Kiss|p1a: Alakazam
|-status|p1a: Alakazam|slp
|
|turn|2
|j|mikko1
|l|QuagGod
|j|QuagGod
|choice|switch 2|switch 5
|
|switch|p1a: Tauros|Tauros|353\/353
|switch|p2a: Kangaskhan|Kangaskhan|413\/413
|
|turn|3
|choice|switch 3|move 1
|
|switch|p1a: Chansey|Chansey|703\/703
|move|p2a: Kangaskhan|Body Slam|p1a: Chansey
|-damage|p1a: Chansey|456\/703
|
|turn|4
|choice|move 4|move 1
|
|move|p2a: Kangaskhan|Body Slam|p1a: Chansey
|-damage|p1a: Chansey|207\/703
|move|p1a: Chansey|Counter|p2a: Kangaskhan
|-damage|p2a: Kangaskhan|0 fnt
|faint|p2a: Kangaskhan
|choice||switch 3
|
|switch|p2a: Persian|Persian|333\/333
|turn|5
|choice|switch 4|move 1
|
|switch|p1a: Exeggutor|Exeggutor|393\/393
|move|p2a: Persian|Slash|p1a: Exeggutor
|-crit|p1a: Exeggutor
|-damage|p1a: Exeggutor|243\/393
|
|turn|6
|choice|switch 3|switch 5
|
|switch|p2a: Jynx|Jynx|333\/333 par
|switch|p1a: Tauros|Tauros|353\/353
|
|turn|7
|j|ThaMoJoMan
|choice|move 1|move 2
|
|move|p1a: Tauros|Body Slam|p2a: Jynx
|-damage|p2a: Jynx|169\/333 par
|cant|p2a: Jynx|par
|
|turn|8
|choice|move 1|move 2
|
|move|p1a: Tauros|Body Slam|p2a: Jynx
|-damage|p2a: Jynx|0 fnt
|faint|p2a: Jynx
|choice||switch 4
|
|switch|p2a: Alakazam|Alakazam|313\/313
|turn|9
|choice|switch 3|switch 5
|
|switch|p2a: Persian|Persian|333\/333
|switch|p1a: Exeggutor|Exeggutor|243\/393
|
|turn|10
|l|ThaMoJoMan
|l|Gia-‘☆’-Gantic
|choice|move 1|switch 2
|
|switch|p2a: Gengar|Gengar|323\/323
|move|p1a: Exeggutor|Sleep Powder|p2a: Gengar
|-status|p2a: Gengar|slp
|
|turn|11
|choice|move 2|switch 5
|
|switch|p2a: Alakazam|Alakazam|313\/313
|move|p1a: Exeggutor|Psychic|p2a: Alakazam
|-crit|p2a: Alakazam
|-resisted|p2a: Alakazam
|-damage|p2a: Alakazam|212\/313
|
|turn|12
|choice|move 4|move 3
|
|move|p2a: Alakazam|Seismic Toss|p1a: Exeggutor
|-damage|p1a: Exeggutor|143\/393
|move|p1a: Exeggutor|Egg Bomb|p2a: Alakazam
|-crit|p2a: Alakazam
|-damage|p2a: Alakazam|0 fnt
|faint|p2a: Alakazam
|c|★xJoelituh|arg
|c|★xJoelituh|sry
|choice||switch 2
|
|switch|p2a: Persian|Persian|333\/333
|turn|13
|c|★Seri0usEnough|it's RBY
|c|★Seri0usEnough|idc
|c|★Seri0usEnough|lol
|choice|move 3|move 1
|
|move|p2a: Persian|Slash|p1a: Exeggutor
|-crit|p1a: Exeggutor
|-damage|p1a: Exeggutor|0 fnt
|faint|p1a: Exeggutor
|j|DrPorkchop120
|choice|switch 6|
|
|switch|p1a: Jolteon|Jolteon|333\/333
|turn|14
|choice|move 1|move 1
|
|move|p1a: Jolteon|Thunderbolt|p2a: Persian|[miss]
|-miss|p1a: Jolteon
|move|p2a: Persian|Slash|p1a: Jolteon
|-crit|p1a: Jolteon
|-damage|p1a: Jolteon|159\/333
|
|turn|15
|c|★Seri0usEnough|bop
|choice|move 1|move 1
|
|move|p1a: Jolteon|Thunderbolt|p2a: Persian
|-damage|p2a: Persian|172\/333
|-status|p2a: Persian|par
|move|p2a: Persian|Slash|p1a: Jolteon
|-crit|p1a: Jolteon
|-damage|p1a: Jolteon|0 fnt
|faint|p1a: Jolteon
|choice|switch 3|
|
|switch|p1a: Tauros|Tauros|353\/353
|turn|16
|l|DrPorkchop120
|choice|move 1|switch 6
|
|switch|p2a: Tauros|Tauros|353\/353
|move|p1a: Tauros|Body Slam|p2a: Tauros
|-damage|p2a: Tauros|250\/353
|
|turn|17
|c|★Seri0usEnough|beam killed btw
|c|★Seri0usEnough|guess u didn't know
|l|QuagGod
|c|★xJoelituh|yeah ik no worries
|c|★Seri0usEnough|well
|c|★Seri0usEnough|was ur best play
|choice|move 2|move 1
|
|move|p1a: Tauros|Hyper Beam|p2a: Tauros
|-damage|p2a: Tauros|81\/353
|move|p2a: Tauros|Body Slam|p1a: Tauros
|-damage|p1a: Tauros|244\/353
|
|turn|18
|-mustrecharge|p1a: Tauros
|-mustrecharge|p1a: Tauros
|c|★Seri0usEnough|huh
|choice|move 1|move 1
|
|move|p2a: Tauros|Body Slam|p1a: Tauros
|-damage|p1a: Tauros|146\/353
|cant|p1a: Tauros|recharge
|
|turn|19
|choice|move 1|move 2
|
|move|p1a: Tauros|Body Slam|p2a: Tauros
|-damage|p2a: Tauros|0 fnt
|faint|p2a: Tauros
|c|★Seri0usEnough|i deserved to get that tie
|c|★Seri0usEnough|after that
|c|★Seri0usEnough|loool
|c|★Seri0usEnough|w\/e
|choice||switch 5
|
|switch|p2a: Gengar|Gengar|323\/323 slp
|turn|20
|c|★xJoelituh|i have
|j|DOUMO
|c|★xJoelituh|lax in the back
|c|★xJoelituh|lol
|c|★Seri0usEnough|so?
|c|★xJoelituh|reflect lax
|c|★Seri0usEnough|what does that mean
|c|★Seri0usEnough|lol
|c|★xJoelituh|that i won anyway w that
|choice|move 3|move 3
|
|cant|p2a: Gengar|slp
|move|p1a: Tauros|Earthquake|p2a: Gengar
|-supereffective|p2a: Gengar
|-damage|p2a: Gengar|91\/323 slp
|
|turn|21
|c|★Seri0usEnough|i could just get damage and still have a chance
|c|★Seri0usEnough|lol....
|c|★Seri0usEnough|w.e u say g
|-message|Seri0usEnough forfeited.
|l|Seri0usEnough
|
|win|xJoelituh
|player|p2
|l|DOUMO