|j|Dazmi
|j|Wilchan
|player|p1|Dazmi|65
|player|p2|Wilchan|1
|gametype|singles
|gen|1
|tier|[Gen 1] OU
|rated
|seed|
|rule|Sleep Clause Mod: Limit one foe put to sleep
|rule|Freeze Clause Mod: Limit one foe frozen
|rule|Species Clause: Limit one of each Pokémon
|rule|OHKO Clause: OHKO moves are banned
|rule|Evasion Moves Clause: Evasion moves are banned
|rule|HP Percentage Mod: HP is shown in percentages
|
|start
|switch|p1a: Alakazam|Alakazam|100\/100
|switch|p2a: Alakazam|Alakazam|100\/100
|turn|1
|choice||
|
|move|p1a: Alakazam|Thunder Wave|p2a: Alakazam
|-status|p2a: Alakazam|par
|cant|p2a: Alakazam|par
|
|turn|2
|choice||
|
|switch|p1a: Chansey|Chansey|100\/100
|cant|p2a: Alakazam|par
|
|turn|3
|choice||
|
|move|p1a: Chansey|Ice Beam|p2a: Alakazam
|-crit|p2a: Alakazam
|-damage|p2a: Alakazam|65\/100 par
|cant|p2a: Alakazam|par
|
|turn|4
|choice||
|
|switch|p1a: Buffy|Rhydon|100\/100
|move|p2a: Alakazam|Thunder Wave|p1a: Buffy
|-immune|p1a: Buffy|[msg]
|
|turn|5
|choice||
|
|switch|p2a: Exeggutor|Exeggutor|100\/100
|move|p1a: Buffy|Substitute|p1a: Buffy
|-start|p1a: Buffy|Substitute
|-damage|p1a: Buffy|76\/100
|
|turn|6
|choice||
|
|move|p2a: Exeggutor|Stun Spore|p1a: Buffy|[miss]
|-miss|p2a: Exeggutor
|move|p1a: Buffy|Body Slam|p2a: Exeggutor
|-damage|p2a: Exeggutor|76\/100
|-status|p2a: Exeggutor|par
|
|turn|7
|choice||
|
|move|p1a: Buffy|Body Slam|p2a: Exeggutor
|-damage|p2a: Exeggutor|53\/100 par
|cant|p2a: Exeggutor|par
|
|turn|8
|choice||
|
|move|p1a: Buffy|Body Slam|p2a: Exeggutor
|-damage|p2a: Exeggutor|32\/100 par
|move|p2a: Exeggutor|Stun Spore|p1a: Buffy
|-status|p1a: Buffy|par
|
|turn|9
|choice||
|
|move|p2a: Exeggutor|Psychic|p1a: Buffy
|-end|p1a: Buffy|Substitute
|move|p1a: Buffy|Body Slam|p2a: Exeggutor
|-crit|p2a: Exeggutor
|-damage|p2a: Exeggutor|0 fnt
|faint|p2a: Exeggutor
|choice||
|
|switch|p2a: Slowbro|Slowbro|100\/100
|turn|10
|choice||
|
|switch|p1a: Chansey|Chansey|100\/100
|move|p2a: Slowbro|Surf|p1a: Chansey
|-damage|p1a: Chansey|88\/100
|
|turn|11
|choice||
|
|switch|p2a: Alakazam|Alakazam|65\/100 par
|move|p1a: Chansey|Thunder Wave|p2a: Alakazam
|-fail|p2a: Alakazam|par
|
|turn|12
|choice||
|
|move|p1a: Chansey|Ice Beam|p2a: Alakazam
|-damage|p2a: Alakazam|43\/100 par
|move|p2a: Alakazam|Thunder Wave|p1a: Chansey
|-status|p1a: Chansey|par
|
|turn|13
|choice||
|
|move|p2a: Alakazam|Recover|p2a: Alakazam
|-heal|p2a: Alakazam|93\/100 par
|move|p1a: Chansey|Ice Beam|p2a: Alakazam
|-damage|p2a: Alakazam|73\/100 par
|
|turn|14
|choice||
|
|move|p2a: Alakazam|Psychic|p1a: Chansey
|-damage|p1a: Chansey|68\/100 par
|move|p1a: Chansey|Ice Beam|p2a: Alakazam
|-crit|p2a: Alakazam
|-damage|p2a: Alakazam|37\/100 par
|
|turn|15
|choice||
|
|move|p2a: Alakazam|Recover|p2a: Alakazam
|-heal|p2a: Alakazam|86\/100 par
|cant|p1a: Chansey|par
|
|turn|16
|choice||
|
|move|p2a: Alakazam|Psychic|p1a: Chansey
|-damage|p1a: Chansey|50\/100 par
|-unboost|p1a: Chansey|spd|1
|-unboost|p1a: Chansey|spa|1
|move|p1a: Chansey|Soft-Boiled|p1a: Chansey
|-heal|p1a: Chansey|99\/100 par
|
|turn|17
|c|★Wilchan|I got a proposition for you
|c|★Wilchan|chansey vs alakazam death match
|c|★Dazmi|k
|c|★Wilchan|borh can u healing moves and do fair amount to damage to each other
|c|★Wilchan|but just so u know
|c|★Wilchan|if u back out of this and switch out
|c|★Wilchan|then you're a coward and u lost your honor and pride
|c|★Dazmi|k
|c|★Wilchan|now.... Let's do this
|choice||
|
|switch|p1a: Tauros|Tauros|100\/100
|move|p2a: Alakazam|Psychic|p1a: Tauros
|-damage|p1a: Tauros|50\/100
|-unboost|p1a: Tauros|spd|1
|-unboost|p1a: Tauros|spa|1
|
|turn|18
|c|★Wilchan|Haha coward
|c|★Dazmi|k
|choice||
|
|move|p1a: Tauros|Hyper Beam|p2a: Alakazam
|-damage|p2a: Alakazam|4\/100 par
|move|p2a: Alakazam|Psychic|p1a: Tauros
|-damage|p1a: Tauros|0 fnt
|faint|p1a: Tauros
|choice||
|
|switch|p1a: Chansey|Chansey|99\/100 par
|turn|19
|choice||
|
|move|p2a: Alakazam|Recover|p2a: Alakazam
|-heal|p2a: Alakazam|54\/100 par
|move|p1a: Chansey|Thunderbolt|p2a: Alakazam
|-damage|p2a: Alakazam|33\/100 par
|
|turn|20
|c|★Wilchan|Ok imma give u another chance to reclaim your honor
|c|★Wilchan|of u gots any pride as a man
|c|★Wilchan|you'll stay in
|choice||
|
|cant|p2a: Alakazam|par
|move|p1a: Chansey|Ice Beam|p2a: Alakazam
|-damage|p2a: Alakazam|13\/100 par
|
|turn|21
|choice||
|
|move|p2a: Alakazam|Recover|p2a: Alakazam
|-heal|p2a: Alakazam|62\/100 par
|move|p1a: Chansey|Ice Beam|p2a: Alakazam
|-damage|p2a: Alakazam|44\/100 par
|
|turn|22
|choice||
|
|move|p2a: Alakazam|Recover|p2a: Alakazam
|-heal|p2a: Alakazam|93\/100 par
|move|p1a: Chansey|Ice Beam|p2a: Alakazam
|-damage|p2a: Alakazam|73\/100 par
|
|turn|23
|choice||
|
|cant|p2a: Alakazam|par
|cant|p1a: Chansey|par
|
|turn|24
|choice||
|
|move|p2a: Alakazam|Psychic|p1a: Chansey
|-damage|p1a: Chansey|82\/100 par
|move|p1a: Chansey|Thunderbolt|p2a: Alakazam
|-damage|p2a: Alakazam|53\/100 par
|
|turn|25
|choice||
|
|cant|p2a: Alakazam|par
|move|p1a: Chansey|Thunderbolt|p2a: Alakazam
|-damage|p2a: Alakazam|33\/100 par
|
|turn|26
|choice||
|
|move|p2a: Alakazam|Recover|p2a: Alakazam
|-heal|p2a: Alakazam|83\/100 par
|move|p1a: Chansey|Thunderbolt|p2a: Alakazam
|-damage|p2a: Alakazam|62\/100 par
|
|turn|27
|choice||
|
|move|p2a: Alakazam|Psychic|p1a: Chansey
|-damage|p1a: Chansey|63\/100 par
|-unboost|p1a: Chansey|spd|1
|-unboost|p1a: Chansey|spa|1
|move|p1a: Chansey|Thunderbolt|p2a: Alakazam
|-damage|p2a: Alakazam|50\/100 par
|
|turn|28
|choice||
|
|cant|p2a: Alakazam|par
|move|p1a: Chansey|Thunderbolt|p2a: Alakazam
|-damage|p2a: Alakazam|37\/100 par
|
|turn|29
|choice||
|
|move|p2a: Alakazam|Recover|p2a: Alakazam
|-heal|p2a: Alakazam|86\/100 par
|move|p1a: Chansey|Thunderbolt|p2a: Alakazam
|-damage|p2a: Alakazam|74\/100 par
|
|turn|30
|choice||
|
|move|p2a: Alakazam|Psychic|p1a: Chansey
|-damage|p1a: Chansey|37\/100 par
|-unboost|p1a: Chansey|spd|1
|-unboost|p1a: Chansey|spa|1
|move|p1a: Chansey|Thunderbolt|p2a: Alakazam
|-damage|p2a: Alakazam|65\/100 par
|
|turn|31
|choice||
|
|move|p2a: Alakazam|Psychic|p1a: Chansey
|-damage|p1a: Chansey|0 fnt
|faint|p1a: Chansey
|choice||
|
|switch|p1a: Exeggutor|Exeggutor|100\/100
|turn|32
|choice||
|
|move|p1a: Exeggutor|Explosion|p2a: Alakazam
|-damage|p2a: Alakazam|0 fnt
|faint|p2a: Alakazam
|faint|p1a: Exeggutor
|choice||
|
|switch|p1a: Slowbro|Slowbro|100\/100
|switch|p2a: Slowbro|Slowbro|100\/100
|turn|33
|choice||
|
|move|p2a: Slowbro|Thunder Wave|p1a: Slowbro
|-status|p1a: Slowbro|par
|move|p1a: Slowbro|Amnesia|p1a: Slowbro
|-boost|p1a: Slowbro|spd|2
|-boost|p1a: Slowbro|spa|2
|
|turn|34
|choice||
|
|switch|p2a: Machamp|Machamp|100\/100
|move|p1a: Slowbro|Amnesia|p1a: Slowbro
|-boost|p1a: Slowbro|spd|2
|-boost|p1a: Slowbro|spa|2
|
|turn|35
|choice||
|
|move|p2a: Machamp|Thunder Punch|p1a: Slowbro
|-supereffective|p1a: Slowbro
|-damage|p1a: Slowbro|91\/100 par
|move|p1a: Slowbro|Surf|p2a: Machamp
|-damage|p2a: Machamp|2\/100
|
|turn|36
|choice||
|
|move|p2a: Machamp|Earthquake|p1a: Slowbro
|-damage|p1a: Slowbro|70\/100 par
|move|p1a: Slowbro|Amnesia|p1a: Slowbro
|-boost|p1a: Slowbro|spd|2
|-boost|p1a: Slowbro|spa|2
|
|turn|37
|choice||
|
|move|p2a: Machamp|Earthquake|p1a: Slowbro
|-damage|p1a: Slowbro|48\/100 par
|cant|p1a: Slowbro|par
|
|turn|38
|choice||
|
|move|p2a: Machamp|Earthquake|p1a: Slowbro
|-crit|p1a: Slowbro
|-damage|p1a: Slowbro|8\/100 par
|move|p1a: Slowbro|Surf|p2a: Machamp
|-damage|p2a: Machamp|0 fnt
|faint|p2a: Machamp
|choice||
|
|switch|p2a: Slowbro|Slowbro|100\/100
|turn|39
|choice||
|
|move|p2a: Slowbro|Psychic|p1a: Slowbro
|-resisted|p1a: Slowbro
|-damage|p1a: Slowbro|5\/100 par
|move|p1a: Slowbro|Rest|p1a: Slowbro
|-status|p1a: Slowbro|slp
|-heal|p1a: Slowbro|100\/100 slp|[silent]
|-status|p1a: Slowbro|slp|[from] move: Rest
|
|turn|40
|choice||
|
|switch|p2a: Electabuzz|Electabuzz|100\/100
|cant|p1a: Slowbro|slp
|
|turn|41
|choice||
|
|move|p2a: Electabuzz|Thunderbolt|p1a: Slowbro
|-supereffective|p1a: Slowbro
|-damage|p1a: Slowbro|83\/100 slp
|-curestatus|p1a: Slowbro|slp
|
|turn|42
|choice||
|
|move|p2a: Electabuzz|Thunderbolt|p1a: Slowbro
|-supereffective|p1a: Slowbro
|-damage|p1a: Slowbro|69\/100
|move|p1a: Slowbro|Surf|p2a: Electabuzz
|-damage|p2a: Electabuzz|0 fnt
|faint|p2a: Electabuzz
|choice||
|
|switch|p2a: Tauros|Tauros|100\/100
|turn|43
|choice||
|
|switch|p2a: Slowbro|Slowbro|100\/100
|move|p1a: Slowbro|Surf|p2a: Slowbro
|-resisted|p2a: Slowbro
|-damage|p2a: Slowbro|43\/100
|
|turn|44
|choice||
|
|move|p2a: Slowbro|Thunder Wave|p1a: Slowbro
|-status|p1a: Slowbro|par
|move|p1a: Slowbro|Surf|p2a: Slowbro
|-resisted|p2a: Slowbro
|-damage|p2a: Slowbro|0 fnt
|faint|p2a: Slowbro
|choice||
|
|switch|p2a: Tauros|Tauros|100\/100
|turn|45
|choice||
|
|move|p2a: Tauros|Double-Edge|p1a: Slowbro
|-damage|p1a: Slowbro|42\/100 par
|-damage|p2a: Tauros|93\/100|[from] recoil|[of] p1a: Slowbro
|move|p1a: Slowbro|Surf|p2a: Tauros
|-damage|p2a: Tauros|0 fnt
|faint|p2a: Tauros
|
|win|Dazmi
|player|p1
|player|p2
|raw|Dazmi's rating: 1174 &rarr; <strong>1192<\/strong><br \/>(+18 for winning)
|raw|Wilchan's rating: 1062 &rarr; <strong>1049<\/strong><br \/>(-13 for losing)
|c|★Dazmi|ggggggggggggggggggg
|l|Wilchan