|join|kcroxsox
|join|lkjalkfjlk
|player|p1|kcroxsox|102
|player|p2|lkjalkfjlk|102
|gametype|singles
|gen|1
|tier|[Gen 1] Random Battle
|rated
|rule|Sleep Clause Mod: Limit one foe put to sleep
|rule|Freeze Clause Mod: Limit one foe frozen
|rule|HP Percentage Mod: HP is shown in percentages
|
|start
|switch|p1a: Vileplume|Vileplume, L90|318\/318
|switch|p2a: Eevee|Eevee, L96|300\/300
|turn|1
|
|switch|p2a: Metapod|Metapod, L99|300\/300
|move|p1a: Vileplume|Sleep Powder|p2a: Metapod
|-status|p2a: Metapod|slp
|
|turn|2
|
|switch|p2a: Nidoking|Nidoking, L85|311\/311
|move|p1a: Vileplume|Swords Dance|p1a: Vileplume
|-boost|p1a: Vileplume|atk|2
|
|turn|3
|
|move|p2a: Nidoking|Blizzard|p1a: Vileplume
|-supereffective|p1a: Vileplume
|-damage|p1a: Vileplume|193\/318
|move|p1a: Vileplume|Mega Drain|p2a: Nidoking
|-damage|p2a: Nidoking|253\/311
|-heal|p1a: Vileplume|222\/318|[from] drain|[of] p2a: Nidoking
|
|turn|4
|
|move|p2a: Nidoking|Blizzard|p1a: Vileplume
|-supereffective|p1a: Vileplume
|-damage|p1a: Vileplume|99\/318
|move|p1a: Vileplume|Body Slam|p2a: Nidoking
|-crit|p2a: Nidoking
|-damage|p2a: Nidoking|123\/311
|
|turn|5
|
|move|p2a: Nidoking|Blizzard|p1a: Vileplume
|-crit|p1a: Vileplume
|-supereffective|p1a: Vileplume
|-damage|p1a: Vileplume|0 fnt
|faint|p1a: Vileplume
|
|switch|p1a: Poliwhirl|Poliwhirl, L85|284\/284
|turn|6
|
|move|p1a: Poliwhirl|Psychic|p2a: Nidoking
|-supereffective|p2a: Nidoking
|-damage|p2a: Nidoking|23\/311
|-unboost|p2a: Nidoking|spd|1
|-unboost|p2a: Nidoking|spa|1
|move|p2a: Nidoking|Thunderbolt|p1a: Poliwhirl
|-crit|p1a: Poliwhirl
|-supereffective|p1a: Poliwhirl
|-damage|p1a: Poliwhirl|0 fnt
|faint|p1a: Poliwhirl
|
|switch|p1a: Raichu|Raichu, L85|276\/276
|turn|7
|
|switch|p2a: Metapod|Metapod, L99|300\/300 slp
|move|p1a: Raichu|Surf|p2a: Metapod
|-damage|p2a: Metapod|192\/300 slp
|
|turn|8
|
|move|p1a: Raichu|Surf|p2a: Metapod
|-crit|p2a: Metapod
|-damage|p2a: Metapod|0 fnt
|faint|p2a: Metapod
|
|switch|p2a: Alakazam|Alakazam, L79|249\/249
|turn|9
|
|move|p2a: Alakazam|Thunder Wave|p1a: Raichu
|-status|p1a: Raichu|par
|move|p1a: Raichu|Thunder Wave|p2a: Alakazam
|-status|p2a: Alakazam|par
|
|turn|10
|
|move|p2a: Alakazam|Psychic|p1a: Raichu
|-damage|p1a: Raichu|167\/276 par
|-unboost|p1a: Raichu|spd|1
|-unboost|p1a: Raichu|spa|1
|move|p1a: Raichu|Thunderbolt|p2a: Alakazam
|-damage|p2a: Alakazam|198\/249 par
|
|turn|11
|
|move|p2a: Alakazam|Psychic|p1a: Raichu
|-damage|p1a: Raichu|21\/276 par
|cant|p1a: Raichu|par
|
|turn|12
|
|move|p2a: Alakazam|Psychic|p1a: Raichu
|-damage|p1a: Raichu|0 fnt
|faint|p1a: Raichu
|c|★kcroxsox|Dang
|
|switch|p1a: Persian|Persian, L79|265\/265
|turn|13
|
|switch|p2a: Aerodactyl|Aerodactyl, L90|327\/327
|move|p1a: Persian|Slash|p2a: Aerodactyl
|-crit|p2a: Aerodactyl
|-resisted|p2a: Aerodactyl
|-damage|p2a: Aerodactyl|273\/327
|
|turn|14
|
|move|p2a: Aerodactyl|Double-Edge|p1a: Persian
|-damage|p1a: Persian|155\/265
|-damage|p2a: Aerodactyl|246\/327|[from] recoil|[of] p1a: Persian
|move|p1a: Persian|Thunderbolt|p2a: Aerodactyl
|-crit|p2a: Aerodactyl
|-supereffective|p2a: Aerodactyl
|-damage|p2a: Aerodactyl|25\/327
|
|turn|15
|
|move|p2a: Aerodactyl|Hyper Beam|p1a: Persian
|-damage|p1a: Persian|0 fnt
|faint|p1a: Persian
|
|switch|p1a: Sandslash|Sandslash, L85|301\/301
|turn|16
|
|move|p2a: Aerodactyl|Hyper Beam|p1a: Sandslash
|-damage|p1a: Sandslash|189\/301
|move|p1a: Sandslash|Rock Slide|p2a: Aerodactyl
|-supereffective|p2a: Aerodactyl
|-damage|p2a: Aerodactyl|0 fnt
|faint|p2a: Aerodactyl
|
|switch|p2a: Nidoking|Nidoking, L85|23\/311
|turn|17
|
|move|p2a: Nidoking|Blizzard|p1a: Sandslash
|-supereffective|p1a: Sandslash
|-damage|p1a: Sandslash|1\/301
|move|p1a: Sandslash|Earthquake|p2a: Nidoking
|-supereffective|p2a: Nidoking
|-damage|p2a: Nidoking|0 fnt
|faint|p2a: Nidoking
|
|switch|p2a: Eevee|Eevee, L96|300\/300
|turn|18
|c|★kcroxsox|1\/301 health left
|
|move|p2a: Eevee|Body Slam|p1a: Sandslash
|-damage|p1a: Sandslash|0 fnt
|faint|p1a: Sandslash
|
|switch|p1a: Machamp|Machamp, L90|345\/345
|turn|19
|
|move|p2a: Eevee|Body Slam|p1a: Machamp
|-damage|p1a: Machamp|259\/345
|-status|p1a: Machamp|par
|move|p1a: Machamp|Submission|p2a: Eevee
|-supereffective|p2a: Eevee
|-damage|p2a: Eevee|3\/300
|-damage|p1a: Machamp|185\/345 par|[from] recoil|[of] p2a: Eevee
|
|turn|20
|c|★kcroxsox|Gg
|c|★lkjalkfjlk|go fuck yourself
|
|move|p2a: Eevee|Body Slam|p1a: Machamp
|-damage|p1a: Machamp|101\/345 par
|cant|p1a: Machamp|par
|
|turn|21
|c|★kcroxsox|What's your deal? I was congratsing you
|c|★kcroxsox|now you get to wait two minutes
|c|★kcroxsox|Amazing how it works. You decide to be a douche and people make your life suck more
|
|move|p2a: Eevee|Body Slam|p1a: Machamp
|-damage|p1a: Machamp|14\/345 par
|move|p1a: Machamp|Hyper Beam|p2a: Eevee
|-damage|p2a: Eevee|0 fnt
|faint|p2a: Eevee
|
|switch|p2a: Voltorb|Voltorb, L96|272\/272
|turn|22
|c|★kcroxsox|150 seconds. What to do?
|c|★kcroxsox|Ready?
|c|★kcroxsox|i almost am
|c|★kcroxsox|so many options
|c|★kcroxsox|ehich to choose
|
|move|p2a: Voltorb|Explosion|p1a: Machamp
|-damage|p1a: Machamp|0 fnt
|faint|p1a: Machamp
|faint|p2a: Voltorb
|
|win|lkjalkfjlk
|raw|Ladder updating...
|raw|kcroxsox's rating: 1187 &rarr; <strong>1152<\/strong><br \/>(-35 for losing)
|raw|lkjalkfjlk's rating: 1040 &rarr; <strong>1088<\/strong><br \/>(+48 for winning)
|c|★kcroxsox|Hope you learn how to not be a douche to people who wish you a good gsme
|c|★kcroxsox|or not and live with it.
|leave|kcroxsox
|player|p1