|join|riwu
|join|paolo.bassi
|player|p1|riwu|101
|player|p2|paolo.bassi|102
|gametype|singles
|gen|1
|tier|[Gen 1] Random Battle
|rated
|seed|24847,60948,57163,46521
|rule|Sleep Clause Mod: Limit one foe put to sleep
|rule|Freeze Clause Mod: Limit one foe frozen
|rule|HP Percentage Mod: HP is shown in percentages
|
|start
|switch|p1a: Venusaur|Venusaur, L85|310\/310
|switch|p2a: Eevee|Eevee, L96|300\/300
|turn|1
|choice|move 1|move 1
|
|move|p1a: Venusaur|Razor Leaf|p2a: Eevee
|-crit|p2a: Eevee
|-damage|p2a: Eevee|172\/300
|move|p2a: Eevee|Body Slam|p1a: Venusaur
|-crit|p1a: Venusaur
|-damage|p1a: Venusaur|159\/310
|
|turn|2
|choice|move 1|move 1
|
|move|p1a: Venusaur|Razor Leaf|p2a: Eevee
|-crit|p2a: Eevee
|-damage|p2a: Eevee|39\/300
|move|p2a: Eevee|Body Slam|p1a: Venusaur
|-damage|p1a: Venusaur|77\/310
|-status|p1a: Venusaur|par
|
|turn|3
|choice|move 1|move 1
|
|move|p2a: Eevee|Body Slam|p1a: Venusaur
|-damage|p1a: Venusaur|0 fnt
|faint|p1a: Venusaur
|choice|switch 2|
|
|switch|p1a: Poliwrath|Poliwrath, L85|327\/327
|turn|4
|choice|move 3|move 1
|
|move|p1a: Poliwrath|Blizzard|p2a: Eevee
|-crit|p2a: Eevee
|-damage|p2a: Eevee|0 fnt
|faint|p2a: Eevee
|choice||switch 6
|
|switch|p2a: Zapdos|Zapdos, L79|304\/304
|turn|5
|choice|switch 4|move 4
|
|switch|p1a: Marowak|Marowak, L90|291\/291
|move|p2a: Zapdos|Thunderbolt|p1a: Marowak
|-immune|p1a: Marowak|[msg]
|
|turn|6
|choice|move 4|switch 3
|
|switch|p2a: Golduck|Golduck, L85|310\/310
|move|p1a: Marowak|Blizzard|p2a: Golduck
|-crit|p2a: Golduck
|-resisted|p2a: Golduck
|-damage|p2a: Golduck|240\/310
|
|turn|7
|choice|switch 4|move 1
|
|switch|p1a: Poliwrath|Poliwrath, L85|327\/327
|move|p2a: Golduck|Amnesia|p2a: Golduck
|-boost|p2a: Golduck|spd|2
|-boost|p2a: Golduck|spa|2
|
|turn|8
|choice|move 2|move 3
|
|move|p2a: Golduck|Ice Beam|p1a: Poliwrath
|-resisted|p1a: Poliwrath
|-damage|p1a: Poliwrath|261\/327
|move|p1a: Poliwrath|Hypnosis|p2a: Golduck|[miss]
|-miss|p1a: Poliwrath
|
|turn|9
|choice|move 2|move 3
|
|move|p2a: Golduck|Ice Beam|p1a: Poliwrath
|-resisted|p1a: Poliwrath
|-damage|p1a: Poliwrath|197\/327
|-status|p1a: Poliwrath|frz
|cant|p1a: Poliwrath|frz
|
|turn|10
|choice|switch 3|move 1
|
|switch|p1a: Magneton|Magneton, L90|273\/273
|move|p2a: Golduck|Amnesia|p2a: Golduck
|-boost|p2a: Golduck|spd|2
|-boost|p2a: Golduck|spa|2
|
|turn|11
|choice|move 3|move 3
|
|move|p2a: Golduck|Ice Beam|p1a: Magneton
|-damage|p1a: Magneton|132\/273
|move|p1a: Magneton|Thunder Wave|p2a: Golduck
|-status|p2a: Golduck|par
|
|turn|12
|choice|move 1|move 3
|
|move|p1a: Magneton|Thunderbolt|p2a: Golduck
|-supereffective|p2a: Golduck
|-damage|p2a: Golduck|146\/310 par
|cant|p2a: Golduck|par
|
|turn|13
|choice|move 1|move 3
|
|move|p1a: Magneton|Thunderbolt|p2a: Golduck
|-supereffective|p2a: Golduck
|-damage|p2a: Golduck|47\/310 par
|move|p2a: Golduck|Ice Beam|p1a: Magneton
|-damage|p1a: Magneton|0 fnt
|faint|p1a: Magneton
|choice|switch 4|
|
|switch|p1a: Marowak|Marowak, L90|291\/291
|turn|14
|choice|move 3|move 3
|
|move|p1a: Marowak|Body Slam|p2a: Golduck
|-damage|p2a: Golduck|0 fnt
|faint|p2a: Golduck
|choice||switch 4
|
|switch|p2a: Jynx|Jynx, L79|265\/265
|turn|15
|choice|switch 3|move 2
|
|switch|p1a: Poliwrath|Poliwrath, L85|197\/327 frz
|move|p2a: Jynx|Blizzard|p1a: Poliwrath
|-resisted|p1a: Poliwrath
|-damage|p1a: Poliwrath|136\/327 frz
|
|turn|16
|choice|move 2|move 1
|
|move|p2a: Jynx|Psychic|p1a: Poliwrath
|-crit|p1a: Poliwrath
|-supereffective|p1a: Poliwrath
|-damage|p1a: Poliwrath|0 fnt
|faint|p1a: Poliwrath
|choice|switch 5|
|
|switch|p1a: Rapidash|Rapidash, L90|300\/300
|turn|17
|choice|move 1|switch 3
|
|switch|p2a: Zapdos|Zapdos, L79|304\/304
|move|p1a: Rapidash|Fire Blast|p2a: Zapdos|[miss]
|-miss|p1a: Rapidash
|
|turn|18
|choice|switch 3|move 3
|
|switch|p1a: Marowak|Marowak, L90|291\/291
|move|p2a: Zapdos|Drill Peck|p1a: Marowak
|-damage|p1a: Marowak|231\/291
|
|turn|19
|choice|move 2|switch 3
|
|switch|p2a: Jynx|Jynx, L79|265\/265
|move|p1a: Marowak|Earthquake|p2a: Jynx
|-damage|p2a: Jynx|86\/265
|
|turn|20
|choice|switch 6|move 4
|
|switch|p1a: Clefable|Clefable, L85|335\/335
|move|p2a: Jynx|Lovely Kiss|p1a: Clefable|[miss]
|-miss|p2a: Jynx
|
|turn|21
|choice|move 3|move 4
|
|move|p2a: Jynx|Lovely Kiss|p1a: Clefable
|-status|p1a: Clefable|slp
|-curestatus|p1a: Clefable|slp
|
|turn|22
|choice|move 3|move 4
|
|move|p2a: Jynx|Lovely Kiss|p1a: Clefable
|-status|p1a: Clefable|slp
|cant|p1a: Clefable|slp
|
|turn|23
|choice|switch 3|move 1
|
|switch|p1a: Rapidash|Rapidash, L90|300\/300
|move|p2a: Jynx|Psychic|p1a: Rapidash
|-damage|p1a: Rapidash|217\/300
|
|turn|24
|choice|move 1|move 1
|
|move|p1a: Rapidash|Fire Blast|p2a: Jynx
|-supereffective|p2a: Jynx
|-damage|p2a: Jynx|0 fnt
|faint|p2a: Jynx
|choice||switch 3
|
|switch|p2a: Zapdos|Zapdos, L79|304\/304
|turn|25
|choice|switch 6|move 3
|
|switch|p1a: Marowak|Marowak, L90|231\/291
|move|p2a: Zapdos|Drill Peck|p1a: Marowak
|-damage|p1a: Marowak|175\/291
|
|turn|26
|choice|move 4|move 3
|
|move|p2a: Zapdos|Drill Peck|p1a: Marowak
|-crit|p1a: Marowak
|-damage|p1a: Marowak|52\/291
|move|p1a: Marowak|Blizzard|p2a: Zapdos
|-supereffective|p2a: Zapdos
|-damage|p2a: Zapdos|199\/304
|
|turn|27
|choice|move 4|move 3
|
|move|p2a: Zapdos|Drill Peck|p1a: Marowak
|-damage|p1a: Marowak|0 fnt
|faint|p1a: Marowak
|choice|switch 6|
|
|switch|p1a: Rapidash|Rapidash, L90|217\/300
|turn|28
|choice|move 1|move 2
|
|move|p1a: Rapidash|Fire Blast|p2a: Zapdos|[miss]
|-miss|p1a: Rapidash
|move|p2a: Zapdos|Thunder Wave|p1a: Rapidash
|-status|p1a: Rapidash|par
|
|turn|29
|choice|move 1|move 3
|
|move|p2a: Zapdos|Drill Peck|p1a: Rapidash
|-damage|p1a: Rapidash|138\/300 par
|move|p1a: Rapidash|Fire Blast|p2a: Zapdos|[miss]
|-miss|p1a: Rapidash
|
|turn|30
|choice|move 1|move 3
|
|move|p2a: Zapdos|Drill Peck|p1a: Rapidash
|-damage|p1a: Rapidash|67\/300 par
|move|p1a: Rapidash|Fire Blast|p2a: Zapdos
|-crit|p2a: Zapdos
|-damage|p2a: Zapdos|0 fnt
|faint|p2a: Zapdos
|choice||switch 5
|
|switch|p2a: Hitmonchan|Hitmonchan, L90|273\/273
|turn|31
|choice|move 1|move 4
|
|move|p2a: Hitmonchan|Body Slam|p1a: Rapidash
|-damage|p1a: Rapidash|0 fnt
|faint|p1a: Rapidash
|choice|switch 3|
|
|switch|p1a: Clefable|Clefable, L85|335\/335 slp
|turn|32
|choice|move 2|move 2
|
|move|p2a: Hitmonchan|Submission|p1a: Clefable
|-crit|p1a: Clefable
|-supereffective|p1a: Clefable
|-damage|p1a: Clefable|0 fnt
|-damage|p2a: Hitmonchan|190\/273|[from] recoil|[of] p1a: Clefable
|faint|p1a: Clefable
|
|win|paolo.bassi