|join|Jellicent
|join|smilzo
|c|★smilzo|hf :]
|player|p1|Jellicent|2
|player|p2|smilzo|157
|gametype|singles
|gen|1
|tier|[Gen 1] OU
|rule|Sleep Clause Mod: Limit one foe put to sleep
|rule|Freeze Clause Mod: Limit one foe frozen
|rule|Species Clause: Limit one of each Pokémon
|rule|OHKO Clause: OHKO moves are banned
|rule|Evasion Moves Clause: Evasion moves are banned
|rule|HP Percentage Mod: HP is shown in percentages
|
|start
|switch|p1a: Alakazam|Alakazam|313\/313
|switch|p2a: Gengar|Gengar|323\/323
|turn|1
|join|ashiemore
|join|Disaster Area
|join|ParaSlam
|c|★Jellicent|gl hf
|c| Disaster Area|jolt>gar y\/y
|
|move|p1a: Alakazam|Psychic|p2a: Gengar
|-supereffective|p2a: Gengar
|-damage|p2a: Gengar|105\/323
|move|p2a: Gengar|Hypnosis|p1a: Alakazam
|-status|p1a: Alakazam|slp
|
|turn|2
|c| ParaSlam|everything > hypnomiss \/trauma
|c| ParaSlam|oh, it hit
|c|★smilzo|n_n
|c| Disaster Area|AND zam didn't crit
|c| Disaster Area|smilzo is luckE!
|
|switch|p1a: Starmie|Starmie|323\/323
|move|p2a: Gengar|Night Shade|p1a: Starmie
|-damage|p1a: Starmie|223\/323
|
|turn|3
|
|switch|p2a: Chansey|Chansey|703\/703
|move|p1a: Starmie|Psychic|p2a: Chansey
|-damage|p2a: Chansey|593\/703
|
|turn|4
|
|switch|p1a: Exeggutor|Exeggutor|393\/393
|move|p2a: Chansey|Thunder Wave|p1a: Exeggutor
|-status|p1a: Exeggutor|par
|
|turn|5
|join|Shax
|c| Shax|I would've been in this tour as well. :(
|
|switch|p2a: Starmie|Starmie|323\/323
|move|p1a: Exeggutor|Sleep Powder|p2a: Starmie
|-status|p2a: Starmie|slp
|
|turn|6
|
|switch|p1a: Snorlax|Snorlax|523\/523
|cant|p2a: Starmie|slp
|-curestatus|p2a: Starmie|slp
|
|turn|7
|
|switch|p2a: Snorlax|Snorlax|523\/523
|move|p1a: Snorlax|Earthquake|p2a: Snorlax
|-damage|p2a: Snorlax|410\/523
|
|turn|8
|
|move|p2a: Snorlax|Body Slam|p1a: Snorlax
|-damage|p1a: Snorlax|396\/523
|move|p1a: Snorlax|Body Slam|p2a: Snorlax
|-damage|p2a: Snorlax|276\/523
|
|turn|9
|join|Austin
|
|move|p1a: Snorlax|Earthquake|p2a: Snorlax
|-damage|p2a: Snorlax|163\/523
|move|p2a: Snorlax|Counter|p1a: Snorlax
|-fail|p2a: Snorlax
|
|turn|10
|c|★smilzo|n_n
|join|QuoteCS
|c| Disaster Area|did it vs me too
|c| Disaster Area|jelligod
|c| ParaSlam|Counter always miss its timing it seems :P
|c| Disaster Area|~(^.^)~
|join|GoodMorningEspeon
|c|★Jellicent|~(^.^)~
|c| Disaster Area|nah hardly for me
|leave|GoodMorningEspeon
|c| ParaSlam|I did it against you as well piex haha
|c| Disaster Area|today's was the first one I've had in ages
|
|move|p2a: Snorlax|Self-Destruct|p1a: Snorlax
|-damage|p1a: Snorlax|0 fnt
|faint|p1a: Snorlax
|faint|p2a: Snorlax
|
|switch|p2a: Starmie|Starmie|323\/323
|switch|p1a: Exeggutor|Exeggutor|393\/393 par
|turn|11
|
|switch|p2a: Gengar|Gengar|105\/323
|move|p1a: Exeggutor|Sleep Powder|p2a: Gengar
|-status|p2a: Gengar|slp
|
|turn|12
|
|switch|p2a: Chansey|Chansey|593\/703
|move|p1a: Exeggutor|Stun Spore|p2a: Chansey
|-status|p2a: Chansey|par
|
|turn|13
|join|MoxieInfinite
|
|move|p1a: Exeggutor|Psychic|p2a: Chansey
|-damage|p2a: Chansey|472\/703 par
|move|p2a: Chansey|Seismic Toss|p1a: Exeggutor
|-damage|p1a: Exeggutor|293\/393 par
|
|turn|14
|
|move|p1a: Exeggutor|Psychic|p2a: Chansey
|-damage|p2a: Chansey|360\/703 par
|-unboost|p2a: Chansey|spd|1
|-unboost|p2a: Chansey|spa|1
|move|p2a: Chansey|Soft-Boiled|p2a: Chansey
|-heal|p2a: Chansey|703\/703 par
|
|turn|15
|
|cant|p1a: Exeggutor|par
|cant|p2a: Chansey|par
|
|turn|16
|join|down with a tko
|
|move|p1a: Exeggutor|Psychic|p2a: Chansey
|-damage|p2a: Chansey|522\/703 par
|-unboost|p2a: Chansey|spd|1
|-unboost|p2a: Chansey|spa|1
|move|p2a: Chansey|Seismic Toss|p1a: Exeggutor
|-damage|p1a: Exeggutor|193\/393 par
|
|turn|17
|c| Disaster Area|this meta's so dull at the moment;
|c| Disaster Area|it's very fun to play but
|
|move|p1a: Exeggutor|Psychic|p2a: Chansey
|-damage|p2a: Chansey|275\/703 par
|move|p2a: Chansey|Seismic Toss|p1a: Exeggutor
|-damage|p1a: Exeggutor|93\/393 par
|
|turn|18
|c| Disaster Area|ultimately it feels like the difference between top players and even say eaverage players is so miniscule that the games victorious player is decided almost entirely on
|c| Disaster Area|RNG and when you time your explosions
|c| Disaster Area|and the latter aspect is less significant
|
|cant|p1a: Exeggutor|par
|cant|p2a: Chansey|par
|
|turn|19
|
|switch|p2a: Starmie|Starmie|323\/323
|move|p1a: Exeggutor|Explosion|p2a: Starmie
|-damage|p2a: Starmie|51\/323
|faint|p1a: Exeggutor
|c| Disaster Area|there's not any real legitimate way to fix it.. =\/
|
|switch|p1a: Starmie|Starmie|223\/323
|turn|20
|
|switch|p2a: Chansey|Chansey|275\/703 par
|move|p1a: Starmie|Thunderbolt|p2a: Chansey
|-damage|p2a: Chansey|201\/703 par
|
|turn|21
|
|switch|p2a: Golem|Golem|363\/363
|move|p1a: Starmie|Psychic|p2a: Golem
|-damage|p2a: Golem|215\/363
|
|turn|22
|c|+Austin|I dont think that many people take gen 1 too seriously and just play it just to have fun
|
|switch|p2a: Gengar|Gengar|105\/323 slp
|move|p1a: Starmie|Psychic|p2a: Gengar
|-supereffective|p2a: Gengar
|-damage|p2a: Gengar|0 fnt
|faint|p2a: Gengar
|c|+Austin|besides the smogon tournaments
|
|switch|p2a: Chansey|Chansey|201\/703 par
|turn|23
|
|move|p1a: Starmie|Psychic|p2a: Chansey
|-damage|p2a: Chansey|102\/703 par
|-unboost|p2a: Chansey|spd|1
|-unboost|p2a: Chansey|spa|1
|move|p2a: Chansey|Soft-Boiled|p2a: Chansey
|-heal|p2a: Chansey|453\/703 par
|
|turn|24
|
|move|p1a: Starmie|Psychic|p2a: Chansey
|-damage|p2a: Chansey|293\/703 par
|move|p2a: Chansey|Thunder Wave|p1a: Starmie
|-status|p1a: Starmie|par
|
|turn|25
|
|cant|p1a: Starmie|par
|move|p2a: Chansey|Soft-Boiled|p2a: Chansey
|-heal|p2a: Chansey|644\/703 par
|
|turn|26
|
|move|p1a: Starmie|Psychic|p2a: Chansey
|-damage|p2a: Chansey|496\/703 par
|cant|p2a: Chansey|par
|
|turn|27
|
|move|p1a: Starmie|Psychic|p2a: Chansey
|-damage|p2a: Chansey|329\/703 par
|-unboost|p2a: Chansey|spd|1
|-unboost|p2a: Chansey|spa|1
|move|p2a: Chansey|Seismic Toss|p1a: Starmie
|-damage|p1a: Starmie|123\/323 par
|
|turn|28
|
|switch|p2a: Starmie|Starmie|51\/323
|move|p1a: Starmie|Recover|p1a: Starmie
|-heal|p1a: Starmie|284\/323 par
|
|turn|29
|
|move|p2a: Starmie|Recover|p2a: Starmie
|-heal|p2a: Starmie|212\/323
|move|p1a: Starmie|Thunderbolt|p2a: Starmie
|-supereffective|p2a: Starmie
|-damage|p2a: Starmie|71\/323
|
|turn|30
|
|move|p2a: Starmie|Recover|p2a: Starmie
|-heal|p2a: Starmie|232\/323
|move|p1a: Starmie|Thunderbolt|p2a: Starmie
|-supereffective|p2a: Starmie
|-damage|p2a: Starmie|92\/323
|-status|p2a: Starmie|par
|
|turn|31
|
|move|p2a: Starmie|Thunderbolt|p1a: Starmie
|-supereffective|p1a: Starmie
|-damage|p1a: Starmie|136\/323 par
|move|p1a: Starmie|Thunderbolt|p2a: Starmie
|-supereffective|p2a: Starmie
|-damage|p2a: Starmie|0 fnt
|faint|p2a: Starmie
|
|switch|p2a: Tauros|Tauros|353\/353
|turn|32
|
|move|p2a: Tauros|Body Slam|p1a: Starmie
|-crit|p1a: Starmie
|-damage|p1a: Starmie|0 fnt
|faint|p1a: Starmie
|c|★smilzo|:v
|
|switch|p1a: Tauros|Tauros|353\/353
|turn|33
|
|move|p2a: Tauros|Body Slam|p1a: Tauros
|-crit|p1a: Tauros
|-damage|p1a: Tauros|148\/353
|move|p1a: Tauros|Body Slam|p2a: Tauros
|-damage|p2a: Tauros|241\/353
|
|turn|34
|c|★Jellicent|fight like men !_!
|c|★smilzo|um
|c|★smilzo|those hyperbeam mindgames pff
|c|★Jellicent|you got this still tauros
|c|★Jellicent|fight it like a man !_!
|
|move|p1a: Tauros|Blizzard|p2a: Tauros
|-damage|p2a: Tauros|141\/353
|move|p2a: Tauros|Hyper Beam|p1a: Tauros
|-damage|p1a: Tauros|0 fnt
|faint|p1a: Tauros
|c| ParaSlam|it tried the freeze lol
|c|+Austin|lol
|c| ParaSlam|haxor
|c|★smilzo|not enough skill
|c|★smilzo|to freeze
|
|switch|p1a: Alakazam|Alakazam|313\/313 slp
|turn|35
|
|cant|p1a: Alakazam|slp
|move|p2a: Tauros|Body Slam|p1a: Alakazam
|-damage|p1a: Alakazam|151\/313 slp
|
|turn|36
|c|★Jellicent|damn, gg
|c|★smilzo|gg c:
|
|cant|p1a: Alakazam|slp
|move|p2a: Tauros|Body Slam|p1a: Alakazam
|-damage|p1a: Alakazam|0 fnt
|faint|p1a: Alakazam
|
|switch|p1a: Zapdos|Zapdos|383\/383
|turn|37
|c| ParaSlam|wow
|join|Mistress Remilia
|c| ParaSlam|not yet
|
|move|p2a: Tauros|Hyper Beam|p1a: Zapdos
|-damage|p1a: Zapdos|193\/383
|move|p1a: Zapdos|Agility|p1a: Zapdos
|-boost|p1a: Zapdos|spe|2
|
|turn|38
|-mustrecharge|p2a: Tauros
|c| ParaSlam|oh, golem
|c|+Mistress Remilia|smilzo u can do it
|c|★smilzo|o hai remilia :]
|c| ParaSlam|nvm
|-mustrecharge|p2a: Tauros
|
|move|p1a: Zapdos|Thunderbolt|p2a: Tauros
|-damage|p2a: Tauros|0 fnt
|faint|p2a: Tauros
|c|★Jellicent|yeah ;-;
|
|switch|p2a: Golem|Golem|215\/363
|turn|39
|c| Disaster Area|hope for hax
|c| Disaster Area|=]
|c|★smilzo|reveal hp water
|c| ParaSlam|dp crit, rs miss
|c|+Mistress Remilia|golem is
|c|+Mistress Remilia|pretty sexy
|c|+Mistress Remilia|imo
|
|move|p1a: Zapdos|Drill Peck|p2a: Golem
|-resisted|p2a: Golem
|-damage|p2a: Golem|181\/363
|move|p2a: Golem|Rock Slide|p1a: Zapdos
|-supereffective|p1a: Zapdos
|-damage|p1a: Zapdos|0 fnt
|faint|p1a: Zapdos
|
|win|smilzo
|leave|Shax
|c| ParaSlam|:q
|c|★smilzo|e.e
|c|★Jellicent|gg
|leave|Disaster Area
|leave|Austin
|c|★smilzo|gg
|leave|smilzo
|leave|Jellicent
|leave|Mistress Remilia
|leave|ParaSlam
|player|p2
|player|p1
|leave|MoxieInfinite
|join|dfjsdad
|leave|dfjsdad
|join|mr.bivre
|leave|mr.bivre
|leave|ashiemore
|leave|QuoteCS
|join|Tehy
|leave|Tehy
|join|Dad's Dad
|leave|Dad's Dad