|join|CrapAtRBY
|join|rubsomebacononit
|player|p1|CrapAtRBY|170
|player|p2|rubsomebacononit|163
|gametype|singles
|gen|1
|tier|[Gen 1] Random Battle
|rule|Sleep Clause Mod: Limit one foe put to sleep
|rule|Freeze Clause Mod: Limit one foe frozen
|rule|HP Percentage Mod: HP is shown in percentages
|
|start
|switch|p1a: Cloyster|Cloyster, L83|253\/253
|switch|p2a: Seaking|Seaking, L90|327\/327
|turn|1
|c|★rubsomebacononit|Alright
|c|★rubsomebacononit|Good Luck!!
|join|Flerovium
|c|★rubsomebacononit|oh hey flerovium
|c| Flerovium|hey o\/
|c|★CrapAtRBY|Hey, sorr for being so awkward to schedule with, good luck
|
|move|p2a: Seaking|Double-Edge|p1a: Cloyster
|-crit|p1a: Cloyster
|-damage|p1a: Cloyster|166\/253
|-damage|p2a: Seaking|306\/327|[from] recoil|[of] p1a: Cloyster
|move|p1a: Cloyster|Toxic|p2a: Seaking
|-status|p2a: Seaking|tox
|
|turn|2
|c|★rubsomebacononit|nah its fine
|
|switch|p1a: Magneton|Magneton, L90|273\/273
|move|p2a: Seaking|Double-Edge|p1a: Magneton
|-crit|p1a: Magneton
|-damage|p1a: Magneton|140\/273
|-damage|p2a: Seaking|273\/327 tox|[from] recoil|[of] p1a: Magneton
|-damage|p2a: Seaking|253\/327 tox|[from] tox|[of] p1a: Magneton
|
|turn|3
|
|switch|p2a: Graveler|Graveler, L85|267\/267
|move|p1a: Magneton|Thunderbolt|p2a: Graveler
|-immune|p2a: Graveler|[msg]
|
|turn|4
|
|switch|p1a: Aerodactyl|Aerodactyl, L90|327\/327
|move|p2a: Graveler|Earthquake|p1a: Aerodactyl
|-immune|p1a: Aerodactyl|[msg]
|
|turn|5
|c|★rubsomebacononit|ok
|
|switch|p1a: Ivysaur|Ivysaur, L85|276\/276
|move|p2a: Graveler|Rock Slide|p1a: Ivysaur
|-damage|p1a: Ivysaur|174\/276
|
|turn|6
|
|switch|p2a: Dragonair|Dragonair, L85|277\/277
|move|p1a: Ivysaur|Razor Leaf|p2a: Dragonair
|-crit|p2a: Dragonair
|-resisted|p2a: Dragonair
|-damage|p2a: Dragonair|215\/277
|
|turn|7
|
|move|p2a: Dragonair|Ice Beam|p1a: Ivysaur
|-supereffective|p1a: Ivysaur
|-damage|p1a: Ivysaur|50\/276
|move|p1a: Ivysaur|Toxic|p2a: Dragonair|[miss]
|-miss|p1a: Ivysaur
|
|turn|8
|c|★rubsomebacononit|Cool.
|
|switch|p1a: Cloyster|Cloyster, L83|166\/253
|move|p2a: Dragonair|Ice Beam|p1a: Cloyster
|-resisted|p1a: Cloyster
|-damage|p1a: Cloyster|151\/253
|
|turn|9
|
|move|p2a: Dragonair|Thunder|p1a: Cloyster|[miss]
|-miss|p2a: Dragonair
|move|p1a: Cloyster|Blizzard|p2a: Dragonair
|-supereffective|p2a: Dragonair
|-damage|p2a: Dragonair|0 fnt
|faint|p2a: Dragonair
|
|switch|p2a: Persian|Persian, L79|265\/265
|turn|10
|
|move|p2a: Persian|Thunderbolt|p1a: Cloyster
|-crit|p1a: Cloyster
|-supereffective|p1a: Cloyster
|-damage|p1a: Cloyster|0 fnt
|faint|p1a: Cloyster
|
|switch|p1a: Arcanine|Arcanine, L85|327\/327
|turn|11
|
|move|p2a: Persian|Slash|p1a: Arcanine
|-crit|p1a: Arcanine
|-damage|p1a: Arcanine|225\/327
|move|p1a: Arcanine|Body Slam|p2a: Persian
|-damage|p2a: Persian|177\/265
|
|turn|12
|
|switch|p2a: Wigglytuff|Wigglytuff, L90|435\/435
|move|p1a: Arcanine|Body Slam|p2a: Wigglytuff
|-crit|p2a: Wigglytuff
|-damage|p2a: Wigglytuff|247\/435
|
|turn|13
|
|move|p1a: Arcanine|Reflect|p1a: Arcanine
|-start|p1a: Arcanine|Reflect
|move|p2a: Wigglytuff|Thunder Wave|p1a: Arcanine
|-status|p1a: Arcanine|par
|
|turn|14
|c|★rubsomebacononit|parahax oh no
|
|move|p2a: Wigglytuff|Bubble Beam|p1a: Arcanine
|-supereffective|p1a: Arcanine
|-damage|p1a: Arcanine|151\/327 par
|cant|p1a: Arcanine|par
|
|turn|15
|
|move|p2a: Wigglytuff|Bubble Beam|p1a: Arcanine
|-supereffective|p1a: Arcanine
|-damage|p1a: Arcanine|70\/327 par
|cant|p1a: Arcanine|par
|
|turn|16
|
|move|p2a: Wigglytuff|Bubble Beam|p1a: Arcanine
|-supereffective|p1a: Arcanine
|-damage|p1a: Arcanine|0 fnt
|faint|p1a: Arcanine
|
|switch|p1a: Ivysaur|Ivysaur, L85|50\/276
|turn|17
|
|move|p1a: Ivysaur|Razor Leaf|p2a: Wigglytuff
|-crit|p2a: Wigglytuff
|-damage|p2a: Wigglytuff|112\/435
|move|p2a: Wigglytuff|Thunder Wave|p1a: Ivysaur
|-status|p1a: Ivysaur|par
|
|turn|18
|
|move|p2a: Wigglytuff|Hyper Beam|p1a: Ivysaur
|-damage|p1a: Ivysaur|0 fnt
|faint|p1a: Ivysaur
|
|switch|p1a: Aerodactyl|Aerodactyl, L90|327\/327
|turn|19
|
|switch|p2a: Graveler|Graveler, L85|267\/267
|move|p1a: Aerodactyl|Double-Edge|p2a: Graveler
|-crit|p2a: Graveler
|-resisted|p2a: Graveler
|-damage|p2a: Graveler|202\/267
|-damage|p1a: Aerodactyl|311\/327|[from] recoil|[of] p2a: Graveler
|
|turn|20
|
|switch|p1a: Machop|Machop, L96|329\/329
|move|p2a: Graveler|Rock Slide|p1a: Machop
|-crit|p1a: Machop
|-resisted|p1a: Machop
|-damage|p1a: Machop|235\/329
|
|turn|21
|
|switch|p2a: Seaking|Seaking, L90|253\/327 tox
|-status|p2a: Seaking|psn
|-damage|p2a: Seaking|233\/327 psn|[from] psn
|move|p1a: Machop|Submission|p2a: Seaking
|-damage|p2a: Seaking|127\/327 psn
|-damage|p1a: Machop|209\/329|[from] recoil|[of] p2a: Seaking
|
|turn|22
|
|move|p2a: Seaking|Surf|p1a: Machop
|-damage|p1a: Machop|65\/329
|-damage|p2a: Seaking|107\/327 psn|[from] psn|[of] p1a: Machop
|move|p1a: Machop|Earthquake|p2a: Seaking
|-damage|p2a: Seaking|24\/327 psn
|
|turn|23
|
|move|p2a: Seaking|Surf|p1a: Machop
|-damage|p1a: Machop|0 fnt
|faint|p1a: Machop
|
|switch|p1a: Magneton|Magneton, L90|140\/273
|turn|24
|
|move|p1a: Magneton|Mimic|p2a: Seaking
|-start|p1a: Magneton|Mimic|Double-Edge
|move|p2a: Seaking|Hyper Beam|p1a: Magneton
|-damage|p1a: Magneton|39\/273
|-damage|p2a: Seaking|4\/327 psn|[from] psn|[of] p1a: Magneton
|
|turn|25
|-mustrecharge|p2a: Seaking
|c|★rubsomebacononit|ok
|-mustrecharge|p2a: Seaking
|
|move|p1a: Magneton|Thunderbolt|p2a: Seaking
|-supereffective|p2a: Seaking
|-damage|p2a: Seaking|0 fnt
|faint|p2a: Seaking
|
|switch|p2a: Graveler|Graveler, L85|202\/267
|turn|26
|leave|Flerovium
|
|move|p1a: Magneton|Hyper Beam|p2a: Graveler|[miss]
|-miss|p1a: Magneton
|move|p2a: Graveler|Rock Slide|p1a: Magneton
|-damage|p1a: Magneton|0 fnt
|faint|p1a: Magneton
|
|switch|p1a: Aerodactyl|Aerodactyl, L90|311\/327
|turn|27
|c|★rubsomebacononit|gg
|c|★CrapAtRBY|gg
|
|move|p1a: Aerodactyl|Sky Attack|p2a: Graveler|[still]
|-prepare|p1a: Aerodactyl|Sky Attack|p2a: Graveler
|move|p2a: Graveler|Rock Slide|p1a: Aerodactyl
|-supereffective|p1a: Aerodactyl
|-damage|p1a: Aerodactyl|124\/327
|
|turn|28
|
|move|p1a: Aerodactyl|Sky Attack|p2a: Graveler
|-crit|p2a: Graveler
|-resisted|p2a: Graveler
|-damage|p2a: Graveler|56\/267
|move|p2a: Graveler|Rock Slide|p1a: Aerodactyl
|-supereffective|p1a: Aerodactyl
|-damage|p1a: Aerodactyl|0 fnt
|faint|p1a: Aerodactyl
|
|win|rubsomebacononit
|c|★rubsomebacononit|ok