|join|pistolgang
|join|MALESANI
|player|p1|pistolgang|101
|player|p2|MALESANI|238
|gametype|singles
|gen|1
|tier|[Gen 1] Random Battle
|rated
|seed|6197,7991,31307,5840
|rule|Sleep Clause Mod: Limit one foe put to sleep
|rule|Freeze Clause Mod: Limit one foe frozen
|rule|HP Percentage Mod: HP is shown in percentages
|
|start
|switch|p1a: Voltorb|Voltorb, L96|272\/272
|switch|p2a: Growlithe|Growlithe, L96|300\/300
|turn|1
|choice|move 3|switch 5
|
|switch|p2a: Parasect|Parasect, L90|291\/291
|move|p1a: Voltorb|Thunder Wave|p2a: Parasect
|-status|p2a: Parasect|par
|
|turn|2
|c|★pistolgang|!weak parasect
|raw|<div class="infobox">Parasect (ignoring abilities):<br><span class="message-effect-weak">Weaknesses<\/span>: Bug, <b>Fire<\/b>, <b>Flying<\/b>, Ice, Poison, Rock<br><span class="message-effect-resist">Resistances<\/span>: Electric, Fighting, <b>Grass<\/b>, <b>Ground<\/b>, Water<br><span class="message-effect-immune">Immunities<\/span>: <font color=#999999>None<\/font><\/div>
|choice|switch 3|move 1
|
|switch|p1a: Rhydon|Rhydon, L79|328\/328
|move|p2a: Parasect|Body Slam|p1a: Rhydon
|-resisted|p1a: Rhydon
|-damage|p1a: Rhydon|298\/328
|
|turn|3
|choice|move 1|switch 2
|
|switch|p2a: Vaporeon|Vaporeon, L85|395\/395
|move|p1a: Rhydon|Rock Slide|p2a: Vaporeon
|-damage|p2a: Vaporeon|284\/395
|
|turn|4
|choice|switch 5|move 1
|
|switch|p1a: Raichu|Raichu, L85|276\/276
|move|p2a: Vaporeon|Surf|p1a: Raichu
|-damage|p1a: Raichu|174\/276
|
|turn|5
|choice|move 2|switch 2
|
|switch|p2a: Parasect|Parasect, L90|291\/291 par
|move|p1a: Raichu|Thunderbolt|p2a: Parasect
|-resisted|p2a: Parasect
|-damage|p2a: Parasect|239\/291 par
|
|turn|6
|choice|switch 6|move 1
|
|switch|p1a: Machamp|Machamp, L90|345\/345
|cant|p2a: Parasect|par
|
|turn|7
|choice|move 2|move 1
|
|move|p1a: Machamp|Rock Slide|p2a: Parasect
|-supereffective|p2a: Parasect
|-damage|p2a: Parasect|91\/291 par
|move|p2a: Parasect|Body Slam|p1a: Machamp
|-damage|p1a: Machamp|283\/345
|
|turn|8
|choice|move 2|move 3
|
|move|p1a: Machamp|Rock Slide|p2a: Parasect
|-supereffective|p2a: Parasect
|-damage|p2a: Parasect|0 fnt
|faint|p2a: Parasect
|choice||switch 6
|
|switch|p2a: Nidorino|Nidorino, L90|293\/293
|turn|9
|choice|move 3|move 3
|
|move|p2a: Nidorino|Blizzard|p1a: Machamp
|-damage|p1a: Machamp|207\/345
|move|p1a: Machamp|Submission|p2a: Nidorino
|-resisted|p2a: Nidorino
|-damage|p2a: Nidorino|217\/293
|-damage|p1a: Machamp|188\/345|[from] recoil|[of] p2a: Nidorino
|
|turn|10
|choice|move 4|move 2
|
|move|p2a: Nidorino|Double-Edge|p1a: Machamp
|-damage|p1a: Machamp|122\/345
|-damage|p2a: Nidorino|201\/293|[from] recoil|[of] p1a: Machamp
|move|p1a: Machamp|Body Slam|p2a: Nidorino
|-damage|p2a: Nidorino|104\/293
|
|turn|11
|choice|move 1|move 3
|
|move|p2a: Nidorino|Blizzard|p1a: Machamp|[miss]
|-miss|p2a: Nidorino
|move|p1a: Machamp|Hyper Beam|p2a: Nidorino
|-damage|p2a: Nidorino|0 fnt
|faint|p2a: Nidorino
|choice||switch 2
|
|switch|p2a: Vaporeon|Vaporeon, L85|284\/395
|turn|12
|choice|move 1|move 1
|
|move|p2a: Vaporeon|Surf|p1a: Machamp
|-crit|p1a: Machamp
|-damage|p1a: Machamp|0 fnt
|faint|p1a: Machamp
|choice|switch 6|
|
|switch|p1a: Raichu|Raichu, L85|174\/276
|turn|13
|choice|move 3|switch 5
|
|switch|p2a: Growlithe|Growlithe, L96|300\/300
|move|p1a: Raichu|Thunder Wave|p2a: Growlithe
|-status|p2a: Growlithe|par
|
|turn|14
|choice|move 1|move 2
|
|move|p1a: Raichu|Surf|p2a: Growlithe
|-crit|p2a: Growlithe
|-supereffective|p2a: Growlithe
|-damage|p2a: Growlithe|0 fnt
|faint|p2a: Growlithe
|choice||switch 4
|
|switch|p2a: Tauros|Tauros, L79|280\/280
|turn|15
|choice|move 3|move 4
|
|move|p1a: Raichu|Thunder Wave|p2a: Tauros
|-status|p2a: Tauros|par
|move|p2a: Tauros|Earthquake|p1a: Raichu
|-supereffective|p1a: Raichu
|-damage|p1a: Raichu|12\/276
|
|turn|16
|choice|move 2|move 2
|
|move|p1a: Raichu|Thunderbolt|p2a: Tauros
|-damage|p2a: Tauros|154\/280 par
|move|p2a: Tauros|Body Slam|p1a: Raichu
|-damage|p1a: Raichu|0 fnt
|faint|p1a: Raichu
|choice|switch 3|
|
|switch|p1a: Voltorb|Voltorb, L96|272\/272
|turn|17
|choice|move 1|move 4
|
|move|p1a: Voltorb|Explosion|p2a: Tauros
|-damage|p2a: Tauros|0 fnt
|faint|p2a: Tauros
|faint|p1a: Voltorb
|choice|switch 4|switch 5
|
|switch|p1a: Alakazam|Alakazam, L79|249\/249
|switch|p2a: Vaporeon|Vaporeon, L85|284\/395
|turn|18
|choice|move 1|move 3
|
|move|p1a: Alakazam|Psychic|p2a: Vaporeon
|-damage|p2a: Vaporeon|200\/395
|move|p2a: Vaporeon|Mimic|p1a: Alakazam
|-start|p2a: Vaporeon|Mimic|Thunder Wave
|
|turn|19
|choice|move 4|move 3
|
|move|p1a: Alakazam|Seismic Toss|p2a: Vaporeon
|-damage|p2a: Vaporeon|121\/395
|move|p2a: Vaporeon|Thunder Wave|p1a: Alakazam
|-status|p1a: Alakazam|par
|
|turn|20
|choice|move 3|move 4
|
|move|p2a: Vaporeon|Rest|p2a: Vaporeon
|-status|p2a: Vaporeon|slp
|-heal|p2a: Vaporeon|395\/395 slp|[silent]
|-status|p2a: Vaporeon|slp|[from] move: Rest
|cant|p1a: Alakazam|par
|
|turn|21
|choice|switch 2|move 1
|
|switch|p1a: Shellder|Shellder, L96|252\/252
|cant|p2a: Vaporeon|slp
|
|turn|22
|choice|move 3|move 1
|
|-curestatus|p2a: Vaporeon|slp
|move|p1a: Shellder|Ice Beam|p2a: Vaporeon
|-resisted|p2a: Vaporeon
|-damage|p2a: Vaporeon|371\/395
|
|turn|23
|choice|move 4|move 3
|
|move|p2a: Vaporeon|Thunder Wave|p1a: Shellder
|-status|p1a: Shellder|par
|cant|p1a: Shellder|par
|
|turn|24
|choice|move 4|move 1
|
|move|p2a: Vaporeon|Surf|p1a: Shellder
|-resisted|p1a: Shellder
|-damage|p1a: Shellder|183\/252 par
|cant|p1a: Shellder|par
|
|turn|25
|choice|move 4|move 1
|
|move|p2a: Vaporeon|Surf|p1a: Shellder
|-crit|p1a: Shellder
|-resisted|p1a: Shellder
|-damage|p1a: Shellder|52\/252 par
|cant|p1a: Shellder|par
|
|turn|26
|choice|move 4|move 1
|
|move|p2a: Vaporeon|Surf|p1a: Shellder
|-crit|p1a: Shellder
|-resisted|p1a: Shellder
|-damage|p1a: Shellder|0 fnt
|faint|p1a: Shellder
|choice|switch 2|
|
|switch|p1a: Alakazam|Alakazam, L79|249\/249 par
|turn|27
|choice|move 3|switch 3
|
|switch|p2a: Pidgeot|Pidgeot, L90|333\/333
|move|p1a: Alakazam|Thunder Wave|p2a: Pidgeot
|-status|p2a: Pidgeot|par
|
|turn|28
|choice|switch 5|move 2
|
|switch|p1a: Rhydon|Rhydon, L79|298\/328
|cant|p2a: Pidgeot|par
|
|turn|29
|choice|move 1|switch 3
|
|switch|p2a: Vaporeon|Vaporeon, L85|371\/395
|move|p1a: Rhydon|Rock Slide|p2a: Vaporeon
|-damage|p2a: Vaporeon|263\/395
|
|turn|30
|choice|move 4|move 1
|
|move|p2a: Vaporeon|Surf|p1a: Rhydon
|-supereffective|p1a: Rhydon
|-damage|p1a: Rhydon|0 fnt
|faint|p1a: Rhydon
|choice|switch 5|
|
|switch|p1a: Alakazam|Alakazam, L79|249\/249 par
|turn|31
|choice|move 1|move 3
|
|move|p2a: Vaporeon|Mimic|p1a: Alakazam
|-start|p2a: Vaporeon|Mimic|Thunder Wave
|move|p1a: Alakazam|Psychic|p2a: Vaporeon
|-damage|p2a: Vaporeon|175\/395
|-unboost|p2a: Vaporeon|spd|1
|-unboost|p2a: Vaporeon|spa|1
|
|turn|32
|choice|move 1|switch 3
|
|switch|p2a: Pidgeot|Pidgeot, L90|333\/333 par
|move|p1a: Alakazam|Psychic|p2a: Pidgeot
|-damage|p2a: Pidgeot|215\/333 par
|-unboost|p2a: Pidgeot|spd|1
|-unboost|p2a: Pidgeot|spa|1
|
|turn|33
|choice|move 1|move 1
|
|move|p1a: Alakazam|Psychic|p2a: Pidgeot
|-damage|p2a: Pidgeot|47\/333 par
|move|p2a: Pidgeot|Double-Edge|p1a: Alakazam
|-damage|p1a: Alakazam|77\/249 par
|-damage|p2a: Pidgeot|4\/333 par|[from] recoil|[of] p1a: Alakazam
|
|turn|34
|choice|move 4|move 1
|
|cant|p1a: Alakazam|par
|move|p2a: Pidgeot|Double-Edge|p1a: Alakazam
|-damage|p1a: Alakazam|0 fnt
|-damage|p2a: Pidgeot|0 fnt|[from] recoil|[of] p1a: Alakazam
|faint|p1a: Alakazam
|faint|p2a: Pidgeot
|
|win|MALESANI
|raw|pistolgang's rating: 1312 &rarr; <strong>1292<\/strong><br \/>(-20 for losing)
|raw|MALESANI's rating: 1326 &rarr; <strong>1345<\/strong><br \/>(+19 for winning)
|leave|pistolgang
|player|p1