|join|erik1erik
|join|gen 1 is mega homo
|player|p1|erik1erik|102
|player|p2|gen 1 is mega homo|266
|gametype|singles
|gen|1
|tier|[Gen 1] Random Battle
|rated
|rule|Sleep Clause Mod: Limit one foe put to sleep
|rule|Freeze Clause Mod: Limit one foe frozen
|rule|HP Percentage Mod: HP is shown in percentages
|
|start
|switch|p1a: Doduo|Doduo, L96|262\/262
|switch|p2a: Machop|Machop, L96|329\/329
|turn|1
|
|switch|p2a: Kabutops|Kabutops, L85|276\/276
|move|p1a: Doduo|Double-Edge|p2a: Kabutops
|-resisted|p2a: Kabutops
|-damage|p2a: Kabutops|220\/276
|-damage|p1a: Doduo|248\/262|[from] recoil|[of] p2a: Kabutops
|
|turn|2
|
|move|p1a: Doduo|Mimic|p2a: Kabutops
|-start|p1a: Doduo|Mimic|Body Slam
|move|p2a: Kabutops|Body Slam|p1a: Doduo
|-damage|p1a: Doduo|166\/262
|
|turn|3
|
|move|p1a: Doduo|Body Slam|p2a: Kabutops
|-resisted|p2a: Kabutops
|-damage|p2a: Kabutops|174\/276
|-status|p2a: Kabutops|par
|cant|p2a: Kabutops|par
|
|turn|4
|c|★gen 1 is mega homo|standard
|
|move|p1a: Doduo|Body Slam|p2a: Kabutops
|-resisted|p2a: Kabutops
|-damage|p2a: Kabutops|129\/276 par
|cant|p2a: Kabutops|par
|
|turn|5
|c|★gen 1 is mega homo|ok
|
|move|p1a: Doduo|Body Slam|p2a: Kabutops
|-crit|p2a: Kabutops
|-resisted|p2a: Kabutops
|-damage|p2a: Kabutops|34\/276 par
|move|p2a: Kabutops|Surf|p1a: Doduo
|-damage|p1a: Doduo|39\/262
|
|turn|6
|
|move|p1a: Doduo|Double-Edge|p2a: Kabutops
|-resisted|p2a: Kabutops
|-damage|p2a: Kabutops|0 fnt
|-damage|p1a: Doduo|31\/262|[from] recoil|[of] p2a: Kabutops
|faint|p2a: Kabutops
|
|switch|p2a: Zapdos|Zapdos, L79|304\/304
|turn|7
|
|move|p1a: Doduo|Double-Edge|p2a: Zapdos
|-damage|p2a: Zapdos|179\/304
|-damage|p1a: Doduo|0 fnt|[from] recoil|[of] p2a: Zapdos
|faint|p1a: Doduo
|
|switch|p1a: Wigglytuff|Wigglytuff, L85|412\/412
|turn|8
|
|switch|p2a: Machop|Machop, L96|329\/329
|move|p1a: Wigglytuff|Double-Edge|p2a: Machop
|-damage|p2a: Machop|214\/329
|-damage|p1a: Wigglytuff|384\/412|[from] recoil|[of] p2a: Machop
|
|turn|9
|
|switch|p1a: Beedrill|Beedrill, L85|284\/284
|move|p2a: Machop|Rock Slide|p1a: Beedrill
|-supereffective|p1a: Beedrill
|-damage|p1a: Beedrill|101\/284
|
|turn|10
|
|move|p1a: Beedrill|Hyper Beam|p2a: Machop
|-damage|p2a: Machop|91\/329
|move|p2a: Machop|Rock Slide|p1a: Beedrill
|-supereffective|p1a: Beedrill
|-damage|p1a: Beedrill|0 fnt
|faint|p1a: Beedrill
|
|switch|p1a: Jynx|Jynx, L79|265\/265
|turn|11
|
|move|p1a: Jynx|Psychic|p2a: Machop
|-supereffective|p2a: Machop
|-damage|p2a: Machop|0 fnt
|faint|p2a: Machop
|
|switch|p2a: Venomoth|Venomoth, L85|293\/293
|turn|12
|
|move|p2a: Venomoth|Stun Spore|p1a: Jynx
|-status|p1a: Jynx|par
|cant|p1a: Jynx|par
|
|turn|13
|
|switch|p2a: Parasect|Parasect, L85|276\/276
|move|p1a: Jynx|Lovely Kiss|p2a: Parasect
|-status|p2a: Parasect|slp
|
|turn|14
|
|switch|p2a: Ditto|Ditto, L99|296\/296
|cant|p1a: Jynx|par
|
|turn|15
|
|move|p2a: Ditto|Transform|p1a: Jynx
|-transform|p2a: Ditto|p1a: Jynx
|move|p1a: Jynx|Blizzard|p2a: Ditto
|-resisted|p2a: Ditto
|-damage|p2a: Ditto|244\/296
|
|turn|16
|
|move|p2a: Ditto|Psychic|p1a: Jynx
|-crit|p1a: Jynx
|-resisted|p1a: Jynx
|-damage|p1a: Jynx|162\/265 par
|-unboost|p1a: Jynx|spd|1
|-unboost|p1a: Jynx|spa|1
|move|p1a: Jynx|Psychic|p2a: Ditto
|-resisted|p2a: Ditto
|-damage|p2a: Ditto|218\/296
|-unboost|p2a: Ditto|spd|1
|-unboost|p2a: Ditto|spa|1
|
|turn|17
|
|move|p2a: Ditto|Psychic|p1a: Jynx
|-crit|p1a: Jynx
|-resisted|p1a: Jynx
|-damage|p1a: Jynx|58\/265 par
|move|p1a: Jynx|Psychic|p2a: Ditto
|-resisted|p2a: Ditto
|-damage|p2a: Ditto|175\/296
|
|turn|18
|
|move|p2a: Ditto|Psychic|p1a: Jynx
|-crit|p1a: Jynx
|-resisted|p1a: Jynx
|-damage|p1a: Jynx|0 fnt
|faint|p1a: Jynx
|
|switch|p1a: Wigglytuff|Wigglytuff, L85|384\/412
|turn|19
|
|move|p2a: Ditto|Lovely Kiss|p1a: Wigglytuff
|-status|p1a: Wigglytuff|slp
|cant|p1a: Wigglytuff|slp
|
|turn|20
|
|switch|p1a: Kingler|Kingler, L85|267\/267
|move|p2a: Ditto|Psychic|p1a: Kingler
|-crit|p1a: Kingler
|-damage|p1a: Kingler|2\/267
|-unboost|p1a: Kingler|spd|1
|-unboost|p1a: Kingler|spa|1
|
|turn|21
|
|move|p2a: Ditto|Psychic|p1a: Kingler
|-crit|p1a: Kingler
|-damage|p1a: Kingler|0 fnt
|faint|p1a: Kingler
|leave|erik1erik
|
|switch|p1a: Staryu|Staryu, L90|237\/237
|turn|22
|player|p1
|-message|erik1erik lost due to inactivity.
|
|win|gen 1 is mega homo
|raw|Ladder updating...