|j|smilzo
|j|marcoasd
|player|p1|smilzo|157
|player|p2|marcoasd|1
|gametype|singles
|gen|1
|tier|[Gen 1] OU
|seed|31254,44140,49150,8851
|rule|Sleep Clause Mod: Limit one foe put to sleep
|rule|Freeze Clause Mod: Limit one foe frozen
|rule|Species Clause: Limit one of each Pokémon
|rule|OHKO Clause: OHKO moves are banned
|rule|Evasion Moves Clause: Evasion moves are banned
|rule|HP Percentage Mod: HP is shown in percentages
|
|start
|switch|p1a: Alakazam|Alakazam|313\/313
|switch|p2a: Gengar|Gengar, M|323\/323
|turn|1
|choice|move 2|switch 2
|
|switch|p2a: Starmie|Starmie|323\/323
|move|p1a: Alakazam|Thunder Wave|p2a: Starmie
|-status|p2a: Starmie|par
|
|turn|2
|c|★marcoasd|marrone
|c|★smilzo|vedremo
|choice|move 4|move 1
|
|move|p1a: Alakazam|Seismic Toss|p2a: Starmie
|-damage|p2a: Starmie|223\/323 par
|move|p2a: Starmie|Thunder Wave|p1a: Alakazam
|-status|p1a: Alakazam|par
|
|turn|3
|choice|move 1|move 4
|
|move|p1a: Alakazam|Psychic|p2a: Starmie
|-resisted|p2a: Starmie
|-damage|p2a: Starmie|154\/323 par
|-unboost|p2a: Starmie|spd|1
|-unboost|p2a: Starmie|spa|1
|move|p2a: Starmie|Recover|p2a: Starmie
|-heal|p2a: Starmie|315\/323 par
|
|turn|4
|choice|move 2|switch 3
|
|switch|p2a: Chansey|Chansey|703\/703
|cant|p1a: Alakazam|par
|
|turn|5
|j|His name is TANO
|c|★smilzo|meh
|choice|move 1|switch 3
|
|switch|p2a: Starmie|Starmie|315\/323 par
|move|p1a: Alakazam|Psychic|p2a: Starmie
|-resisted|p2a: Starmie
|-damage|p2a: Starmie|252\/323 par
|
|turn|6
|choice|switch 4|move 4
|
|switch|p1a: Chansey|Chansey|703\/703
|move|p2a: Starmie|Recover|p2a: Starmie
|-heal|p2a: Starmie|323\/323 par
|
|turn|7
|j|CHARINOS
|choice|move 4|move 1
|
|move|p1a: Chansey|Seismic Toss|p2a: Starmie
|-damage|p2a: Starmie|223\/323 par
|move|p2a: Starmie|Thunder Wave|p1a: Chansey
|-status|p1a: Chansey|par
|
|turn|8
|choice|move 4|switch 6
|
|switch|p2a: Snorlax|Snorlax, M|523\/523
|move|p1a: Chansey|Seismic Toss|p2a: Snorlax
|-damage|p2a: Snorlax|423\/523
|
|turn|9
|choice|move 1|move 2
|
|move|p2a: Snorlax|Earthquake|p1a: Chansey
|-damage|p1a: Chansey|477\/703 par
|move|p1a: Chansey|Sing|p2a: Snorlax
|-status|p2a: Snorlax|slp
|
|turn|10
|j|Alexander
|c|★marcoasd|brussittimo gesto
|choice|switch 5|switch 6
|
|switch|p2a: Starmie|Starmie|223\/323 par
|switch|p1a: Snorlax|Snorlax|523\/523
|
|turn|11
|l|His name is TANO
|choice|move 1|move 1
|
|move|p1a: Snorlax|Body Slam|p2a: Starmie
|-damage|p2a: Starmie|101\/323 par
|move|p2a: Starmie|Thunder Wave|p1a: Snorlax
|-status|p1a: Snorlax|par
|
|turn|12
|choice|move 1|move 4
|
|cant|p2a: Starmie|par
|cant|p1a: Snorlax|par
|
|turn|13
|choice|move 1|move 4
|
|move|p2a: Starmie|Recover|p2a: Starmie
|-heal|p2a: Starmie|262\/323 par
|move|p1a: Snorlax|Body Slam|p2a: Starmie
|-damage|p2a: Starmie|143\/323 par
|
|turn|14
|choice|move 1|move 4
|
|move|p2a: Starmie|Recover|p2a: Starmie
|-heal|p2a: Starmie|304\/323 par
|cant|p1a: Snorlax|par
|
|turn|15
|choice|switch 5|switch 3
|
|switch|p2a: Chansey|Chansey|703\/703
|switch|p1a: Chansey|Chansey|477\/703 par
|
|turn|16
|choice|move 2|switch 6
|
|switch|p2a: Snorlax|Snorlax, M|423\/523 slp
|move|p1a: Chansey|Thunder Wave|p2a: Snorlax
|-fail|p2a: Snorlax
|
|turn|17
|choice|switch 3|move 1
|
|switch|p1a: Exeggutor|Exeggutor|393\/393
|cant|p2a: Snorlax|slp
|
|turn|18
|choice|move 3|switch 3
|
|switch|p2a: Starmie|Starmie|304\/323 par
|move|p1a: Exeggutor|Psychic|p2a: Starmie
|-resisted|p2a: Starmie
|-damage|p2a: Starmie|241\/323 par
|
|turn|19
|choice|switch 4|move 4
|
|switch|p1a: Alakazam|Alakazam|313\/313 par
|move|p2a: Starmie|Recover|p2a: Starmie
|-heal|p2a: Starmie|323\/323 par
|
|turn|20
|choice|move 1|move 2
|
|move|p1a: Alakazam|Psychic|p2a: Starmie
|-crit|p2a: Starmie
|-resisted|p2a: Starmie
|-damage|p2a: Starmie|197\/323 par
|cant|p2a: Starmie|par
|
|turn|21
|choice|move 4|move 4
|
|cant|p1a: Alakazam|par
|cant|p2a: Starmie|par
|
|turn|22
|j|charizard's power
|choice|move 4|move 4
|
|move|p1a: Alakazam|Seismic Toss|p2a: Starmie
|-damage|p2a: Starmie|97\/323 par
|move|p2a: Starmie|Recover|p2a: Starmie
|-heal|p2a: Starmie|258\/323 par
|
|turn|23
|choice|move 4|move 4
|
|move|p1a: Alakazam|Seismic Toss|p2a: Starmie
|-damage|p2a: Starmie|158\/323 par
|move|p2a: Starmie|Recover|p2a: Starmie
|-heal|p2a: Starmie|319\/323 par
|
|turn|24
|choice|move 1|switch 6
|
|switch|p2a: Chansey|Chansey|703\/703
|cant|p1a: Alakazam|par
|
|turn|25
|choice|move 2|switch 6
|
|switch|p2a: Starmie|Starmie|319\/323 par
|move|p1a: Alakazam|Thunder Wave|p2a: Starmie
|-fail|p2a: Starmie|par
|
|turn|26
|choice|move 4|move 2
|
|move|p1a: Alakazam|Seismic Toss|p2a: Starmie
|-damage|p2a: Starmie|219\/323 par
|move|p2a: Starmie|Blizzard|p1a: Alakazam|[miss]
|-miss|p2a: Starmie
|
|turn|27
|choice|move 1|move 4
|
|move|p1a: Alakazam|Psychic|p2a: Starmie
|-crit|p2a: Starmie
|-resisted|p2a: Starmie
|-damage|p2a: Starmie|86\/323 par
|-unboost|p2a: Starmie|spd|1
|-unboost|p2a: Starmie|spa|1
|move|p2a: Starmie|Recover|p2a: Starmie
|-heal|p2a: Starmie|247\/323 par
|
|turn|28
|choice|move 2|switch 6
|
|switch|p2a: Chansey|Chansey|703\/703
|move|p1a: Alakazam|Thunder Wave|p2a: Chansey
|-status|p2a: Chansey|par
|
|turn|29
|choice|switch 5|move 2
|
|switch|p1a: Snorlax|Snorlax|523\/523 par
|move|p2a: Chansey|Ice Beam|p1a: Snorlax
|-damage|p1a: Snorlax|430\/523 par
|
|turn|30
|choice|move 2|move 2
|
|move|p2a: Chansey|Ice Beam|p1a: Snorlax
|-damage|p1a: Snorlax|327\/523 par
|move|p1a: Snorlax|Earthquake|p2a: Chansey
|-damage|p2a: Chansey|459\/703 par
|
|turn|31
|choice|move 2|switch 2
|
|switch|p2a: Gengar|Gengar, M|323\/323
|move|p1a: Snorlax|Earthquake|p2a: Gengar
|-supereffective|p2a: Gengar
|-damage|p2a: Gengar|84\/323
|
|turn|32
|c|★smilzo|un bel botto
|c|★marcoasd|telefonatissimo
|c|★smilzo|eh però cosa mi faccio saltare
|c|★marcoasd|quello marrone
|c|★marcoasd|exeggutor è il migliore
|c|★marcoasd|per prendere lo scoppio, credo
|c|★marcoasd|anche se oddio, in range di HB ci va
|c|★smilzo|è quello che non voglio
|c|★smilzo|e,e
|c|★smilzo|facciamo una cosa del genere
|choice|switch 2|switch 4
|
|switch|p2a: Exeggutor|Exeggutor, M|393\/393
|switch|p1a: Starmie|Starmie|323\/323
|
|turn|33
|choice|switch 5|move 1
|
|switch|p1a: Alakazam|Alakazam|313\/313 par
|move|p2a: Exeggutor|Sleep Powder|p1a: Alakazam
|-fail|p1a: Alakazam
|
|turn|34
|choice|move 1|switch 6
|
|switch|p2a: Starmie|Starmie|247\/323 par
|move|p1a: Alakazam|Psychic|p2a: Starmie
|-resisted|p2a: Starmie
|-damage|p2a: Starmie|182\/323 par
|
|turn|35
|choice|move 1|move 4
|
|move|p1a: Alakazam|Psychic|p2a: Starmie
|-resisted|p2a: Starmie
|-damage|p2a: Starmie|112\/323 par
|-unboost|p2a: Starmie|spd|1
|-unboost|p2a: Starmie|spa|1
|move|p2a: Starmie|Recover|p2a: Starmie
|-heal|p2a: Starmie|273\/323 par
|
|turn|36
|choice|switch 2|move 4
|
|switch|p1a: Snorlax|Snorlax|327\/523 par
|move|p2a: Starmie|Recover|p2a: Starmie
|-heal|p2a: Starmie|323\/323 par
|
|turn|37
|j|Lusch
|c| Lusch|asd
|choice|move 1|move 2
|
|cant|p1a: Snorlax|par
|move|p2a: Starmie|Blizzard|p1a: Snorlax|[miss]
|-miss|p2a: Starmie
|
|turn|38
|c|★smilzo|e,e
|choice|move 1|switch 4
|
|switch|p2a: Gengar|Gengar, M|84\/323
|move|p1a: Snorlax|Body Slam|p2a: Gengar
|-immune|p2a: Gengar|[msg]
|
|turn|39
|c|★smilzo|kzz
|choice|switch 5|move 2
|
|switch|p1a: Starmie|Starmie|323\/323
|move|p2a: Gengar|Thunderbolt|p1a: Starmie
|-supereffective|p1a: Starmie
|-damage|p1a: Starmie|155\/323
|
|turn|40
|choice|move 4|switch 2
|
|switch|p2a: Chansey|Chansey|459\/703 par
|move|p1a: Starmie|Recover|p1a: Starmie
|-heal|p1a: Starmie|316\/323
|
|turn|41
|choice|switch 5|move 3
|
|switch|p1a: Snorlax|Snorlax|327\/523 par
|move|p2a: Chansey|Thunderbolt|p1a: Snorlax
|-damage|p1a: Snorlax|228\/523 par
|
|turn|42
|choice|move 2|switch 3
|
|switch|p2a: Snorlax|Snorlax, M|423\/523 slp
|move|p1a: Snorlax|Earthquake|p2a: Snorlax
|-damage|p2a: Snorlax|310\/523 slp
|
|turn|43
|choice|move 2|move 1
|
|cant|p2a: Snorlax|slp
|move|p1a: Snorlax|Earthquake|p2a: Snorlax
|-damage|p2a: Snorlax|198\/523 slp
|
|turn|44
|choice|move 1|move 1
|
|cant|p2a: Snorlax|slp
|cant|p1a: Snorlax|par
|
|turn|45
|choice|move 4|switch 6
|
|switch|p2a: Exeggutor|Exeggutor, M|393\/393
|cant|p1a: Snorlax|par
|
|turn|46
|c|★smilzo|ngh
|choice|switch 2|switch 2
|
|switch|p2a: Gengar|Gengar, M|84\/323
|switch|p1a: Alakazam|Alakazam|313\/313 par
|
|turn|47
|choice|switch 5|move 4
|
|switch|p1a: Starmie|Starmie|316\/323
|move|p2a: Gengar|Explosion|p1a: Starmie
|-damage|p1a: Starmie|75\/323
|faint|p2a: Gengar
|choice||switch 2
|
|switch|p2a: Exeggutor|Exeggutor, M|393\/393
|turn|48
|j|stryxx
|choice|move 4|switch 5
|
|switch|p2a: Tauros|Tauros|353\/353
|move|p1a: Starmie|Recover|p1a: Starmie
|-heal|p1a: Starmie|236\/323
|
|turn|49
|c|★marcoasd|fail
|c|★smilzo|gotem
|choice|move 3|switch 3
|
|switch|p2a: Chansey|Chansey|459\/703 par
|move|p1a: Starmie|Thunder Wave|p2a: Chansey
|-fail|p2a: Chansey|par
|
|turn|50
|choice|switch 2|move 3
|
|switch|p1a: Snorlax|Snorlax|228\/523 par
|cant|p2a: Chansey|par
|
|turn|51
|choice|move 1|move 3
|
|cant|p2a: Chansey|par
|move|p1a: Snorlax|Body Slam|p2a: Chansey
|-damage|p2a: Chansey|161\/703 par
|
|turn|52
|choice|move 2|switch 6
|
|switch|p2a: Snorlax|Snorlax, M|198\/523 slp
|move|p1a: Snorlax|Earthquake|p2a: Snorlax
|-damage|p2a: Snorlax|90\/523 slp
|
|turn|53
|choice|move 1|move 3
|
|cant|p2a: Snorlax|slp
|cant|p1a: Snorlax|par
|
|turn|54
|choice|move 1|move 3
|
|-curestatus|p2a: Snorlax|slp
|move|p1a: Snorlax|Body Slam|p2a: Snorlax
|-damage|p2a: Snorlax|0 fnt
|faint|p2a: Snorlax
|choice||switch 3
|
|switch|p2a: Tauros|Tauros|353\/353
|turn|55
|choice|move 3|move 3
|
|move|p2a: Tauros|Hyper Beam|p1a: Snorlax
|-damage|p1a: Snorlax|0 fnt
|faint|p1a: Snorlax
|c|★marcoasd|non è un 6-0
|c|★marcoasd|menomale
|c|★smilzo|ahaha
|choice|switch 2|
|
|switch|p1a: Starmie|Starmie|236\/323
|turn|56
|choice|move 2|switch 4
|
|switch|p2a: Starmie|Starmie|323\/323 par
|move|p1a: Starmie|Blizzard|p2a: Starmie
|-resisted|p2a: Starmie
|-damage|p2a: Starmie|277\/323 par
|
|turn|57
|j|Too old to dream
|choice|switch 5|move 1
|
|switch|p1a: Alakazam|Alakazam|313\/313 par
|cant|p2a: Starmie|par
|
|turn|58
|choice|move 1|move 2
|
|move|p1a: Alakazam|Psychic|p2a: Starmie
|-resisted|p2a: Starmie
|-damage|p2a: Starmie|208\/323 par
|move|p2a: Starmie|Blizzard|p1a: Alakazam
|-damage|p1a: Alakazam|237\/313 par
|
|turn|59
|j|Montblanc
|choice|move 1|move 4
|
|cant|p1a: Alakazam|par
|move|p2a: Starmie|Recover|p2a: Starmie
|-heal|p2a: Starmie|323\/323 par
|
|turn|60
|choice|move 1|move 2
|
|move|p1a: Alakazam|Psychic|p2a: Starmie
|-crit|p2a: Starmie
|-resisted|p2a: Starmie
|-damage|p2a: Starmie|189\/323 par
|move|p2a: Starmie|Blizzard|p1a: Alakazam
|-crit|p1a: Alakazam
|-damage|p1a: Alakazam|89\/313 par
|
|turn|61
|choice|move 4|switch 4
|
|switch|p2a: Tauros|Tauros|353\/353
|move|p1a: Alakazam|Seismic Toss|p2a: Tauros
|-damage|p2a: Tauros|253\/353
|
|turn|62
|l|Montblanc
|choice|move 1|move 1
|
|move|p2a: Tauros|Body Slam|p1a: Alakazam
|-damage|p1a: Alakazam|0 fnt
|faint|p1a: Alakazam
|choice|switch 5|
|
|switch|p1a: Starmie|Starmie|236\/323
|turn|63
|choice|move 2|move 1
|
|move|p1a: Starmie|Blizzard|p2a: Tauros
|-damage|p2a: Tauros|139\/353
|move|p2a: Tauros|Body Slam|p1a: Starmie
|-damage|p1a: Starmie|120\/323
|-status|p1a: Starmie|par
|
|turn|64
|c|★smilzo|male
|c|★marcoasd|bello
|choice|switch 4|switch 6
|
|switch|p2a: Chansey|Chansey|161\/703 par
|switch|p1a: Exeggutor|Exeggutor|393\/393
|
|turn|65
|choice|move 3|move 4
|
|move|p1a: Exeggutor|Psychic|p2a: Chansey
|-damage|p2a: Chansey|46\/703 par
|move|p2a: Chansey|Soft-Boiled|p2a: Chansey
|-heal|p2a: Chansey|397\/703 par
|
|turn|66
|choice|switch 3|move 4
|
|switch|p1a: Chansey|Chansey|477\/703 par
|move|p2a: Chansey|Soft-Boiled|p2a: Chansey
|-heal|p2a: Chansey|703\/703 par
|
|turn|67
|choice|move 3|switch 6
|
|switch|p2a: Tauros|Tauros|139\/353
|move|p1a: Chansey|Soft-Boiled|p1a: Chansey
|-heal|p1a: Chansey|703\/703 par
|
|turn|68
|choice|move 2|move 1
|
|move|p2a: Tauros|Body Slam|p1a: Chansey
|-crit|p1a: Chansey
|-damage|p1a: Chansey|170\/703 par
|move|p1a: Chansey|Thunder Wave|p2a: Tauros
|-status|p2a: Tauros|par
|
|turn|69
|choice|switch 4|move 1
|
|switch|p1a: Starmie|Starmie|120\/323 par
|cant|p2a: Tauros|par
|
|turn|70
|choice|move 4|move 3
|
|move|p1a: Starmie|Recover|p1a: Starmie
|-heal|p1a: Starmie|281\/323 par
|cant|p2a: Tauros|par
|
|turn|71
|choice|move 1|switch 6
|
|switch|p2a: Chansey|Chansey|703\/703 par
|move|p1a: Starmie|Thunderbolt|p2a: Chansey
|-damage|p2a: Chansey|627\/703 par
|
|turn|72
|choice|switch 4|move 2
|
|switch|p1a: Chansey|Chansey|170\/703 par
|move|p2a: Chansey|Ice Beam|p1a: Chansey
|-crit|p1a: Chansey
|-damage|p1a: Chansey|21\/703 par
|
|turn|73
|c|★smilzo|aiaiai
|choice|move 3|move 2
|
|move|p2a: Chansey|Ice Beam|p1a: Chansey
|-damage|p1a: Chansey|0 fnt
|faint|p1a: Chansey
|c|★marcoasd|la storia del comeback
|choice|switch 6|
|
|switch|p1a: Tauros|Tauros|353\/353
|turn|74
|c|★smilzo|guarda un po che mi tocca fare
|choice|move 1|move 1
|
|move|p1a: Tauros|Body Slam|p2a: Chansey
|-crit|p2a: Chansey
|-damage|p2a: Chansey|137\/703 par
|move|p2a: Chansey|Thunder Wave|p1a: Tauros
|-status|p1a: Tauros|par
|
|turn|75
|c|★marcoasd|dio verme
|choice|move 1|switch 6
|
|switch|p2a: Tauros|Tauros|139\/353 par
|move|p1a: Tauros|Body Slam|p2a: Tauros
|-crit|p2a: Tauros
|-damage|p2a: Tauros|0 fnt
|faint|p2a: Tauros
|choice||switch 4
|
|switch|p2a: Starmie|Starmie|189\/323 par
|turn|76
|j|Seven Cat
|choice|move 1|move 4
|
|move|p2a: Starmie|Recover|p2a: Starmie
|-heal|p2a: Starmie|323\/323 par
|move|p1a: Tauros|Body Slam|p2a: Starmie
|-damage|p2a: Starmie|207\/323 par
|
|turn|77
|choice|switch 4|move 3
|
|switch|p1a: Starmie|Starmie|281\/323 par
|move|p2a: Starmie|Thunderbolt|p1a: Starmie
|-supereffective|p1a: Starmie
|-damage|p1a: Starmie|141\/323 par
|
|turn|78
|choice|move 1|move 3
|
|cant|p2a: Starmie|par
|cant|p1a: Starmie|par
|
|turn|79
|choice|move 1|switch 6
|
|switch|p2a: Chansey|Chansey|137\/703 par
|move|p1a: Starmie|Thunderbolt|p2a: Chansey
|-crit|p2a: Chansey
|-damage|p2a: Chansey|0 fnt
|faint|p2a: Chansey
|choice||switch 6
|
|switch|p2a: Starmie|Starmie|207\/323 par
|turn|80
|choice|switch 3|move 3
|
|switch|p1a: Exeggutor|Exeggutor|393\/393
|move|p2a: Starmie|Thunderbolt|p1a: Exeggutor
|-crit|p1a: Exeggutor
|-resisted|p1a: Exeggutor
|-damage|p1a: Exeggutor|335\/393
|-status|p1a: Exeggutor|par
|
|turn|81
|choice|move 1|move 2
|
|cant|p2a: Starmie|par
|move|p1a: Exeggutor|Sleep Powder|p2a: Starmie
|-fail|p2a: Starmie
|
|turn|82
|choice|move 4|move 4
|
|move|p2a: Starmie|Recover|p2a: Starmie
|-heal|p2a: Starmie|323\/323 par
|cant|p1a: Exeggutor|par
|
|turn|83
|choice|move 4|move 2
|
|move|p2a: Starmie|Blizzard|p1a: Exeggutor
|-supereffective|p1a: Exeggutor
|-damage|p1a: Exeggutor|185\/393 par
|cant|p1a: Exeggutor|par
|
|turn|84
|c|★smilzo|dai
|choice|move 4|move 2
|
|move|p2a: Starmie|Blizzard|p1a: Exeggutor
|-supereffective|p1a: Exeggutor
|-damage|p1a: Exeggutor|24\/393 par
|cant|p1a: Exeggutor|par
|
|turn|85
|c|★smilzo|dio maiale
|c|★marcoasd|abb
|choice|move 4|move 2
|
|move|p2a: Starmie|Blizzard|p1a: Exeggutor
|-crit|p1a: Exeggutor
|-supereffective|p1a: Exeggutor
|-damage|p1a: Exeggutor|0 fnt
|faint|p1a: Exeggutor
|choice|switch 4|
|
|switch|p1a: Tauros|Tauros|353\/353 par
|turn|86
|choice|move 1|move 2
|
|move|p2a: Starmie|Blizzard|p1a: Tauros|[miss]
|-miss|p2a: Starmie
|move|p1a: Tauros|Body Slam|p2a: Starmie
|-damage|p2a: Starmie|220\/323 par
|
|turn|87
|choice|move 1|move 3
|
|cant|p2a: Starmie|par
|move|p1a: Tauros|Body Slam|p2a: Starmie
|-crit|p2a: Starmie
|-damage|p2a: Starmie|0 fnt
|faint|p2a: Starmie
|choice||switch 5
|
|switch|p2a: Exeggutor|Exeggutor, M|393\/393
|turn|88
|choice|move 1|move 3
|
|move|p2a: Exeggutor|Psychic|p1a: Tauros
|-damage|p1a: Tauros|190\/353 par
|move|p1a: Tauros|Body Slam|p2a: Exeggutor
|-damage|p2a: Exeggutor|273\/393
|-status|p2a: Exeggutor|par
|
|turn|89
|choice|move 4|move 3
|
|cant|p1a: Tauros|par
|move|p2a: Exeggutor|Psychic|p1a: Tauros
|-damage|p1a: Tauros|45\/353 par
|
|turn|90
|choice|move 2|move 3
|
|move|p1a: Tauros|Hyper Beam|p2a: Exeggutor
|-damage|p2a: Exeggutor|85\/393 par
|move|p2a: Exeggutor|Psychic|p1a: Tauros
|-damage|p1a: Tauros|0 fnt
|faint|p1a: Tauros
|c|★marcoasd|gg
|choice|switch 3|
|
|switch|p1a: Starmie|Starmie|141\/323 par
|turn|91
|c|★marcoasd|a meno che droppo e fai fp
|c|★smilzo|gg
|choice|move 2|move 3
|
|move|p1a: Starmie|Blizzard|p2a: Exeggutor
|-supereffective|p2a: Exeggutor
|-damage|p2a: Exeggutor|0 fnt
|faint|p2a: Exeggutor
|
|win|smilzo
|player|p1
|player|p2
|c|★marcoasd|rip
|l|Alexander