|join|macca
|join|Noratraika
|player|p1|macca|52
|player|p2|Noratraika|285
|gametype|singles
|gen|1
|tier|[Gen 1] Random Battle
|rated
|seed|8646,53735,25740,46567
|rule|Sleep Clause Mod: Limit one foe put to sleep
|rule|Freeze Clause Mod: Limit one foe frozen
|rule|HP Percentage Mod: HP is shown in percentages
|
|start
|switch|p1a: Cloyster|Cloyster, L83|253\/253
|switch|p2a: Tauros|Tauros, L79|280\/280
|turn|1
|choice|move 2|switch 2
|
|switch|p2a: Voltorb|Voltorb, L96|272\/272
|move|p1a: Cloyster|Surf|p2a: Voltorb
|-damage|p2a: Voltorb|158\/272
|
|turn|2
|choice|switch 2|move 1
|
|switch|p1a: Onix|Onix, L90|246\/246
|move|p2a: Voltorb|Explosion|p1a: Onix
|-resisted|p1a: Onix
|-damage|p1a: Onix|198\/246
|faint|p2a: Voltorb
|choice||switch 5
|
|switch|p2a: Gloom|Gloom, L90|291\/291
|turn|3
|choice|move 2|move 2
|
|move|p1a: Onix|Explosion|p2a: Gloom
|-damage|p2a: Gloom|87\/291
|faint|p1a: Onix
|choice|switch 2|
|
|switch|p1a: Cloyster|Cloyster, L83|253\/253
|turn|4
|choice|move 1|switch 6
|
|switch|p2a: Seadra|Seadra, L90|282\/282
|move|p1a: Cloyster|Blizzard|p2a: Seadra
|-resisted|p2a: Seadra
|-damage|p2a: Seadra|231\/282
|
|turn|5
|choice|move 4|move 3
|
|move|p2a: Seadra|Mimic|p1a: Cloyster
|-start|p2a: Seadra|Mimic|Toxic
|move|p1a: Cloyster|Toxic|p2a: Seadra
|-status|p2a: Seadra|tox
|
|turn|6
|choice|switch 6|move 3
|
|switch|p1a: Seadra|Seadra, L90|282\/282
|move|p2a: Seadra|Toxic|p1a: Seadra
|-status|p1a: Seadra|tox
|-damage|p2a: Seadra|214\/282 tox|[from] tox|[of] p1a: Seadra
|
|turn|7
|choice|move 4|move 1
|
|move|p2a: Seadra|Smokescreen|p1a: Seadra
|-unboost|p1a: Seadra|accuracy|1
|-damage|p2a: Seadra|180\/282 tox|[from] tox|[of] p1a: Seadra
|move|p1a: Seadra|Mimic|p2a: Seadra
|-start|p1a: Seadra|Mimic|Surf
|-damage|p1a: Seadra|265\/282 tox|[from] tox|[of] p2a: Seadra
|
|turn|8
|choice|move 3|switch 3
|
|switch|p2a: Dragonite|Dragonite, L85|328\/328
|move|p1a: Seadra|Smokescreen|p2a: Dragonite|[miss]
|-miss|p1a: Seadra
|-damage|p1a: Seadra|231\/282 tox|[from] tox|[of] p2a: Dragonite
|
|turn|9
|choice|switch 6|switch 3
|
|switch|p1a: Cloyster|Cloyster, L83|253\/253
|switch|p2a: Seadra|Seadra, L90|180\/282 tox
|-status|p2a: Seadra|psn
|-damage|p2a: Seadra|163\/282 psn|[from] psn
|
|turn|10
|choice|move 2|move 3
|
|move|p2a: Seadra|Mimic|p1a: Cloyster
|-start|p2a: Seadra|Mimic|Explosion
|-damage|p2a: Seadra|146\/282 psn|[from] psn|[of] p1a: Cloyster
|move|p1a: Cloyster|Surf|p2a: Seadra
|-resisted|p2a: Seadra
|-damage|p2a: Seadra|103\/282 psn
|
|turn|11
|choice|move 2|move 3
|
|move|p2a: Seadra|Explosion|p1a: Cloyster
|-damage|p1a: Cloyster|120\/253
|faint|p2a: Seadra
|choice||switch 3
|
|switch|p2a: Dragonite|Dragonite, L85|328\/328
|turn|12
|choice|move 1|move 1
|
|move|p2a: Dragonite|Thunderbolt|p1a: Cloyster
|-supereffective|p1a: Cloyster
|-damage|p1a: Cloyster|0 fnt
|faint|p1a: Cloyster
|choice|switch 6|
|
|switch|p1a: Seadra|Seadra, L90|231\/282 tox
|-status|p1a: Seadra|psn
|turn|13
|choice|move 1|switch 6
|
|switch|p2a: Gloom|Gloom, L90|87\/291
|move|p1a: Seadra|Blizzard|p2a: Gloom
|-supereffective|p2a: Gloom
|-damage|p2a: Gloom|0 fnt
|faint|p2a: Gloom
|choice||switch 4
|
|switch|p2a: Ekans|Ekans, L96|262\/262
|turn|14
|choice|move 2|move 1
|
|move|p1a: Seadra|Hydro Pump|p2a: Ekans
|-damage|p2a: Ekans|79\/262
|-damage|p1a: Seadra|214\/282 psn|[from] psn|[of] p2a: Ekans
|move|p2a: Ekans|Earthquake|p1a: Seadra
|-damage|p1a: Seadra|157\/282 psn
|
|turn|15
|choice|move 2|move 1
|
|move|p1a: Seadra|Hydro Pump|p2a: Ekans|[miss]
|-miss|p1a: Seadra
|-damage|p1a: Seadra|140\/282 psn|[from] psn|[of] p2a: Ekans
|move|p2a: Ekans|Earthquake|p1a: Seadra
|-damage|p1a: Seadra|81\/282 psn
|
|turn|16
|choice|move 2|move 1
|
|move|p1a: Seadra|Hydro Pump|p2a: Ekans
|-damage|p2a: Ekans|0 fnt
|faint|p2a: Ekans
|choice||switch 2
|
|switch|p2a: Tauros|Tauros, L79|280\/280
|turn|17
|choice|switch 4|move 3
|
|switch|p1a: Primeape|Primeape, L90|300\/300
|move|p2a: Tauros|Body Slam|p1a: Primeape
|-damage|p1a: Primeape|206\/300
|
|turn|18
|choice|move 2|switch 6
|
|switch|p2a: Dragonite|Dragonite, L85|328\/328
|move|p1a: Primeape|Submission|p2a: Dragonite
|-resisted|p2a: Dragonite
|-damage|p2a: Dragonite|280\/328
|-damage|p1a: Primeape|194\/300|[from] recoil|[of] p2a: Dragonite
|
|turn|19
|choice|move 4|move 1
|
|move|p1a: Primeape|Rock Slide|p2a: Dragonite
|-supereffective|p2a: Dragonite
|-damage|p2a: Dragonite|167\/328
|move|p2a: Dragonite|Thunderbolt|p1a: Primeape
|-damage|p1a: Primeape|114\/300
|
|turn|20
|choice|move 4|move 1
|
|move|p1a: Primeape|Rock Slide|p2a: Dragonite
|-supereffective|p2a: Dragonite
|-damage|p2a: Dragonite|36\/328
|move|p2a: Dragonite|Thunderbolt|p1a: Primeape
|-damage|p1a: Primeape|24\/300
|
|turn|21
|choice|move 4|move 1
|
|move|p1a: Primeape|Rock Slide|p2a: Dragonite
|-supereffective|p2a: Dragonite
|-damage|p2a: Dragonite|0 fnt
|faint|p2a: Dragonite
|choice||switch 6
|
|switch|p2a: Tauros|Tauros, L79|280\/280
|turn|22
|choice|move 2|move 3
|
|move|p1a: Primeape|Submission|p2a: Tauros
|-supereffective|p2a: Tauros
|-damage|p2a: Tauros|74\/280
|-damage|p1a: Primeape|0 fnt|[from] recoil|[of] p2a: Tauros
|faint|p1a: Primeape
|choice|switch 4|
|
|switch|p1a: Seadra|Seadra, L90|81\/282 psn
|turn|23
|choice|move 2|move 2
|
|move|p2a: Tauros|Hyper Beam|p1a: Seadra
|-crit|p1a: Seadra
|-damage|p1a: Seadra|0 fnt
|faint|p1a: Seadra
|choice|switch 5|
|
|switch|p1a: Vileplume|Vileplume, L90|318\/318
|turn|24
|choice|move 1|move 1
|
|move|p2a: Tauros|Blizzard|p1a: Vileplume
|-supereffective|p1a: Vileplume
|-damage|p1a: Vileplume|212\/318
|move|p1a: Vileplume|Sleep Powder|p2a: Tauros
|-status|p2a: Tauros|slp
|
|turn|25
|choice|move 4|move 3
|
|cant|p2a: Tauros|slp
|move|p1a: Vileplume|Swords Dance|p1a: Vileplume
|-boost|p1a: Vileplume|atk|2
|
|turn|26
|choice|move 3|move 3
|
|cant|p2a: Tauros|slp
|move|p1a: Vileplume|Body Slam|p2a: Tauros
|-damage|p2a: Tauros|0 fnt
|faint|p2a: Tauros
|
|win|macca
|raw|macca's rating: 1242 &rarr; <strong>1265<\/strong><br \/>(+23 for winning)
|raw|Noratraika's rating: 1206 &rarr; <strong>1184<\/strong><br \/>(-22 for losing)