|j|nbstahl
|j|ashleylion
|player|p1|nbstahl|188
|player|p2|ashleylion|2
|gametype|singles
|gen|1
|tier|[Gen 1] OU
|rated
|seed|7936,29205,52109,9208
|rule|Sleep Clause Mod: Limit one foe put to sleep
|rule|Freeze Clause Mod: Limit one foe frozen
|rule|Species Clause: Limit one of each Pokémon
|rule|OHKO Clause: OHKO moves are banned
|rule|Evasion Moves Clause: Evasion moves are banned
|rule|HP Percentage Mod: HP is shown in percentages
|
|start
|switch|p1a: Alakazam|Alakazam|313\/313
|switch|p2a: Lapras|Lapras|463\/463
|turn|1
|choice|move 4|move 1
|
|move|p1a: Alakazam|Thunder Wave|p2a: Lapras
|-status|p2a: Lapras|par
|move|p2a: Lapras|Blizzard|p1a: Alakazam
|-damage|p1a: Alakazam|193\/313
|
|turn|2
|choice|move 3|move 1
|
|move|p1a: Alakazam|Reflect|p1a: Alakazam
|-start|p1a: Alakazam|Reflect
|move|p2a: Lapras|Blizzard|p1a: Alakazam|[miss]
|-miss|p2a: Lapras
|
|turn|3
|choice|move 2|move 1
|
|move|p1a: Alakazam|Psychic|p2a: Lapras
|-damage|p2a: Lapras|329\/463 par
|-unboost|p2a: Lapras|spd|1
|-unboost|p2a: Lapras|spa|1
|move|p2a: Lapras|Blizzard|p1a: Alakazam
|-damage|p1a: Alakazam|120\/313
|
|turn|4
|choice|move 1|move 1
|
|move|p1a: Alakazam|Recover|p1a: Alakazam
|-heal|p1a: Alakazam|276\/313
|move|p2a: Lapras|Blizzard|p1a: Alakazam
|-damage|p1a: Alakazam|208\/313
|
|turn|5
|choice|move 2|move 4
|
|move|p1a: Alakazam|Psychic|p2a: Lapras
|-damage|p2a: Lapras|126\/463 par
|move|p2a: Lapras|Hydro Pump|p1a: Alakazam|[miss]
|-miss|p2a: Lapras
|
|turn|6
|choice|move 2|move 4
|
|move|p1a: Alakazam|Psychic|p2a: Lapras
|-damage|p2a: Lapras|0 fnt
|faint|p2a: Lapras
|choice||switch 2
|
|switch|p2a: Slowbro|Slowbro|393\/393
|turn|7
|choice|move 4|move 2
|
|move|p1a: Alakazam|Thunder Wave|p2a: Slowbro
|-status|p2a: Slowbro|par
|move|p2a: Slowbro|Body Slam|p1a: Alakazam
|-damage|p1a: Alakazam|160\/313
|
|turn|8
|choice|switch 3|move 2
|
|switch|p1a: Zapdos|Zapdos|383\/383
|move|p2a: Slowbro|Body Slam|p1a: Zapdos
|-damage|p1a: Zapdos|324\/383
|
|turn|9
|choice|move 1|move 2
|
|move|p1a: Zapdos|Thunderbolt|p2a: Slowbro
|-supereffective|p2a: Slowbro
|-damage|p2a: Slowbro|109\/393 par
|move|p2a: Slowbro|Body Slam|p1a: Zapdos
|-damage|p1a: Zapdos|265\/383
|-status|p1a: Zapdos|par
|
|turn|10
|choice|move 1|move 2
|
|cant|p1a: Zapdos|par
|move|p2a: Slowbro|Body Slam|p1a: Zapdos
|-damage|p1a: Zapdos|200\/383 par
|
|turn|11
|choice|move 1|move 1
|
|move|p1a: Zapdos|Thunderbolt|p2a: Slowbro
|-supereffective|p2a: Slowbro
|-damage|p2a: Slowbro|0 fnt
|faint|p2a: Slowbro
|choice||switch 3
|
|switch|p2a: Starmie|Starmie|323\/323
|turn|12
|choice|move 1|move 4
|
|move|p2a: Starmie|Hyper Beam|p1a: Zapdos
|-damage|p1a: Zapdos|88\/383 par
|move|p1a: Zapdos|Thunderbolt|p2a: Starmie
|-supereffective|p2a: Starmie
|-damage|p2a: Starmie|68\/323
|
|turn|13
|-mustrecharge|p2a: Starmie
|-mustrecharge|p2a: Starmie
|choice|move 1|move 1
|
|cant|p2a: Starmie|recharge
|cant|p1a: Zapdos|par
|
|turn|14
|choice|switch 5|move 4
|
|switch|p1a: Snorlax|Snorlax|523\/523
|move|p2a: Starmie|Hyper Beam|p1a: Snorlax
|-crit|p1a: Snorlax
|-damage|p1a: Snorlax|265\/523
|
|turn|15
|-mustrecharge|p2a: Starmie
|-mustrecharge|p2a: Starmie
|choice|move 1|move 1
|
|cant|p2a: Starmie|recharge
|move|p1a: Snorlax|Body Slam|p2a: Starmie
|-damage|p2a: Starmie|0 fnt
|faint|p2a: Starmie
|choice||switch 4
|
|switch|p2a: Blastoise|Blastoise|361\/361
|turn|16
|choice|move 1|move 4
|
|move|p2a: Blastoise|Earthquake|p1a: Snorlax
|-damage|p1a: Snorlax|170\/523
|move|p1a: Snorlax|Body Slam|p2a: Blastoise
|-damage|p2a: Blastoise|249\/361
|-status|p2a: Blastoise|par
|
|turn|17
|choice|switch 5|move 4
|
|switch|p1a: Zapdos|Zapdos|88\/383 par
|move|p2a: Blastoise|Earthquake|p1a: Zapdos
|-immune|p1a: Zapdos|[msg]
|
|turn|18
|choice|move 1|move 2
|
|move|p1a: Zapdos|Thunderbolt|p2a: Blastoise
|-supereffective|p2a: Blastoise
|-damage|p2a: Blastoise|0 fnt
|faint|p2a: Blastoise
|choice||switch 5
|
|switch|p2a: Dewgong|Dewgong|383\/383
|turn|19
|choice|move 1|move 4
|
|move|p2a: Dewgong|Hyper Beam|p1a: Zapdos
|-damage|p1a: Zapdos|0 fnt
|faint|p1a: Zapdos
|choice|switch 5|
|
|switch|p1a: Snorlax|Snorlax|170\/523
|turn|20
|choice|move 1|move 2
|
|move|p2a: Dewgong|Body Slam|p1a: Snorlax
|-damage|p1a: Snorlax|103\/523
|move|p1a: Snorlax|Body Slam|p2a: Dewgong
|-damage|p2a: Dewgong|255\/383
|
|turn|21
|choice|move 2|move 4
|
|move|p2a: Dewgong|Hyper Beam|p1a: Snorlax
|-damage|p1a: Snorlax|0 fnt
|faint|p1a: Snorlax
|choice|switch 3|
|
|switch|p1a: Alakazam|Alakazam|160\/313
|turn|22
|choice|move 4|move 4
|
|move|p1a: Alakazam|Thunder Wave|p2a: Dewgong
|-status|p2a: Dewgong|par
|move|p2a: Dewgong|Hyper Beam|p1a: Alakazam
|-damage|p1a: Alakazam|13\/313
|
|turn|23
|-mustrecharge|p2a: Dewgong
|-mustrecharge|p2a: Dewgong
|choice|move 3|move 1
|
|move|p1a: Alakazam|Reflect|p1a: Alakazam
|-start|p1a: Alakazam|Reflect
|cant|p2a: Dewgong|recharge
|
|turn|24
|choice|move 1|move 4
|
|move|p1a: Alakazam|Recover|p1a: Alakazam
|-heal|p1a: Alakazam|169\/313
|move|p2a: Dewgong|Hyper Beam|p1a: Alakazam
|-damage|p1a: Alakazam|91\/313
|
|turn|25
|-mustrecharge|p2a: Dewgong
|-mustrecharge|p2a: Dewgong
|choice|move 1|move 1
|
|move|p1a: Alakazam|Recover|p1a: Alakazam
|-heal|p1a: Alakazam|247\/313
|cant|p2a: Dewgong|recharge
|
|turn|26
|choice|move 2|move 4
|
|move|p1a: Alakazam|Psychic|p2a: Dewgong
|-damage|p2a: Dewgong|125\/383 par
|cant|p2a: Dewgong|par
|
|turn|27
|choice|move 2|move 4
|
|move|p1a: Alakazam|Psychic|p2a: Dewgong
|-damage|p2a: Dewgong|0 fnt
|faint|p2a: Dewgong
|choice||switch 6
|
|switch|p2a: Golduck|Golduck|363\/363
|turn|28
|choice|move 4|move 2
|
|move|p1a: Alakazam|Thunder Wave|p2a: Golduck
|-status|p2a: Golduck|par
|move|p2a: Golduck|Body Slam|p1a: Alakazam
|-damage|p1a: Alakazam|197\/313
|
|turn|29
|choice|move 2|move 2
|
|move|p1a: Alakazam|Psychic|p2a: Golduck
|-damage|p2a: Golduck|202\/363 par
|move|p2a: Golduck|Body Slam|p1a: Alakazam
|-crit|p1a: Alakazam
|-damage|p1a: Alakazam|16\/313
|
|turn|30
|choice|move 2|move 2
|
|move|p1a: Alakazam|Psychic|p2a: Golduck
|-damage|p2a: Golduck|60\/363 par
|-unboost|p2a: Golduck|spd|1
|-unboost|p2a: Golduck|spa|1
|cant|p2a: Golduck|par
|
|turn|31
|choice|move 2|move 2
|
|move|p1a: Alakazam|Psychic|p2a: Golduck
|-damage|p2a: Golduck|0 fnt
|faint|p2a: Golduck
|
|win|nbstahl
|player|p1
|player|p2
|raw|nbstahl's rating: 1193 &rarr; <strong>1206<\/strong><br \/>(+13 for winning)
|raw|ashleylion's rating: 1000 &rarr; <strong>1000<\/strong><br \/>(+0 for losing)