|j|hyogafodex
|j|Nintendi
|player|p1|hyogafodex|#yellow
|player|p2|Nintendi|#teamrocket
|gametype|singles
|gen|1
|tier|[Gen 1] OU
|seed|14981,41511,26331,16566
|rule|Sleep Clause Mod: Limit one foe put to sleep
|rule|Freeze Clause Mod: Limit one foe frozen
|rule|Species Clause: Limit one of each Pokémon
|rule|OHKO Clause: OHKO moves are banned
|rule|Evasion Moves Clause: Evasion moves are banned
|rule|HP Percentage Mod: HP is shown in percentages
|
|start
|switch|p1a: Chansey|Chansey|703\/703
|switch|p2a: Alakazam|Alakazam|313\/313
|turn|1
Nintendi turned on modjoin.
|raw|<div class="broadcast-red"><b>Moderated chat was set to +!<\/b><br \/>Only users of rank + and higher can talk.<\/div>
Nintendi made this room hidden.
|c|★hyogafodex|gl
|choice|move 3|move 3
|
|move|p2a: Alakazam|Thunder Wave|p1a: Chansey
|-status|p1a: Chansey|par
|move|p1a: Chansey|Thunder Wave|p2a: Alakazam
|-status|p2a: Alakazam|par
|
|turn|2
|c|★hyogafodex|regra num ero 1 de rby
|c|★hyogafodex|nao paralize a chansey
|choice|move 1|move 3
|
|move|p2a: Alakazam|Thunder Wave|p1a: Chansey
|-fail|p1a: Chansey|par
|move|p1a: Chansey|Ice Beam|p2a: Alakazam
|-damage|p2a: Alakazam|255\/313 par
|
|turn|3
|choice|switch 5|switch 3
|
|switch|p2a: Tauros|Tauros|353\/353
|switch|p1a: Rhydon|Rhydon|413\/413
|
|turn|4
|choice|move 3|move 3
|
|move|p2a: Tauros|Earthquake|p1a: Rhydon
|-supereffective|p1a: Rhydon
|-damage|p1a: Rhydon|264\/413
|move|p1a: Rhydon|Substitute|p1a: Rhydon
|-start|p1a: Rhydon|Substitute
|-damage|p1a: Rhydon|161\/413
|
|turn|5
|choice|move 1|move 3
|
|move|p2a: Tauros|Earthquake|p1a: Rhydon
|-supereffective|p1a: Rhydon
|-end|p1a: Rhydon|Substitute
|move|p1a: Rhydon|Earthquake|p2a: Tauros
|-damage|p2a: Tauros|198\/353
|
|turn|6
|choice|switch 4|move 2
|
|switch|p1a: Exeggutor|Exeggutor|393\/393
|move|p2a: Tauros|Blizzard|p1a: Exeggutor
|-supereffective|p1a: Exeggutor
|-damage|p1a: Exeggutor|274\/393
|
|turn|7
|choice|move 1|move 4
|
|move|p2a: Tauros|Hyper Beam|p1a: Exeggutor|[miss]
|-miss|p2a: Tauros
|move|p1a: Exeggutor|Sleep Powder|p2a: Tauros
|-status|p2a: Tauros|slp
|
|turn|8
|c|★Nintendi|pede
|c|★Nintendi|desculpa
|choice|move 2|switch 2
|
|switch|p2a: Chansey|Chansey|703\/703
|move|p1a: Exeggutor|Psychic|p2a: Chansey
|-damage|p2a: Chansey|592\/703
|-unboost|p2a: Chansey|spd|1
|-unboost|p2a: Chansey|spa|1
|
|turn|9
|choice|move 3|move 3
|
|move|p1a: Exeggutor|Explosion|p2a: Chansey
|-damage|p2a: Chansey|0 fnt
|faint|p2a: Chansey
|faint|p1a: Exeggutor
|choice|switch 3|switch 6
|
|switch|p1a: Tauros|Tauros|353\/353
|switch|p2a: Rhydon|Rhydon|413\/413
|turn|10
|choice|move 3|move 4
|
|move|p1a: Tauros|Earthquake|p2a: Rhydon
|-supereffective|p2a: Rhydon
|-damage|p2a: Rhydon|284\/413
|move|p2a: Rhydon|Substitute|p2a: Rhydon
|-start|p2a: Rhydon|Substitute
|-damage|p2a: Rhydon|181\/413
|
|turn|11
|choice|move 3|move 1
|
|move|p1a: Tauros|Earthquake|p2a: Rhydon
|-supereffective|p2a: Rhydon
|-end|p2a: Rhydon|Substitute
|move|p2a: Rhydon|Earthquake|p1a: Tauros
|-crit|p1a: Tauros
|-damage|p1a: Tauros|85\/353
|
|turn|12
|choice|move 4|switch 4
|
|switch|p2a: Exeggutor|Exeggutor|393\/393
|move|p1a: Tauros|Blizzard|p2a: Exeggutor
|-supereffective|p2a: Exeggutor
|-damage|p2a: Exeggutor|270\/393
|
|turn|13
|c|★Nintendi|nossa
|choice|switch 6|move 3
|
|switch|p1a: Slowbro|Slowbro|393\/393
|move|p2a: Exeggutor|Psychic|p1a: Slowbro
|-resisted|p1a: Slowbro
|-damage|p1a: Slowbro|322\/393
|-unboost|p1a: Slowbro|spd|1
|-unboost|p1a: Slowbro|spa|1
|
|turn|14
|choice|move 3|move 1
|
|move|p2a: Exeggutor|Leech Seed|p1a: Slowbro
|-start|p1a: Slowbro|move: Leech Seed
|move|p1a: Slowbro|Thunder Wave|p2a: Exeggutor
|-status|p2a: Exeggutor|par
|-damage|p1a: Slowbro|298\/393|[from] Leech Seed|[of] p2a: Exeggutor
|-heal|p2a: Exeggutor|294\/393 par|[silent]
|
|turn|15
|c|★Nintendi|quando baixa
|c|★Nintendi|spd
|choice|switch 6|move 4
|
|switch|p1a: Tauros|Tauros|85\/353
|cant|p2a: Exeggutor|par
|
|turn|16
|c|★Nintendi|baixa spa tambem
|c|★Nintendi|ne
|c|★hyogafodex|eh 1 so
|c|★hyogafodex|stat
|choice|move 1|move 3
|
|move|p1a: Tauros|Body Slam|p2a: Exeggutor
|-damage|p2a: Exeggutor|192\/393 par
|move|p2a: Exeggutor|Psychic|p1a: Tauros
|-crit|p1a: Tauros
|-damage|p1a: Tauros|0 fnt
|faint|p1a: Tauros
|c|★Nintendi|vc entendeu
|c|★Nintendi|a pergunta
|choice|switch 2|
|
|switch|p1a: Dragonite|Dragonite|385\/385
|turn|17
|choice|move 1|switch 5
|
|switch|p2a: Lapras|Lapras|463\/463
|move|p1a: Dragonite|Agility|p1a: Dragonite
|-boost|p1a: Dragonite|spe|2
|
|turn|18
|choice|move 2|move 1
|
|move|p1a: Dragonite|Wrap|p2a: Lapras|[miss]
|-miss|p1a: Dragonite
|move|p2a: Lapras|Blizzard|p1a: Dragonite|[miss]
|-miss|p2a: Lapras
|
|turn|19
|choice|move 2|move 1
|
|move|p1a: Dragonite|Wrap|p2a: Lapras
|-damage|p2a: Lapras|446\/463
|-activate|p2a: Lapras|move: Wrap|[of] p1a: Dragonite
|cant|p2a: Lapras|partiallytrapped
|
|turn|20
|choice|move 2|move 1
|
|move|p1a: Dragonite|Wrap|p2a: Lapras
|-damage|p2a: Lapras|429\/463
|cant|p2a: Lapras|partiallytrapped
|
|-end|p2a: Lapras|Wrap|[partiallytrapped]
|turn|21
|c|★Nintendi|v
|c|★Nintendi|s
|c|★Nintendi|f
|choice|move 2|move 1
|
|move|p1a: Dragonite|Wrap|p2a: Lapras
|-crit|p2a: Lapras
|-damage|p2a: Lapras|394\/463
|-activate|p2a: Lapras|move: Wrap|[of] p1a: Dragonite
|cant|p2a: Lapras|partiallytrapped
|
|turn|22
|c|★Nintendi|tier horrivel
|choice|move 2|move 1
|
|move|p1a: Dragonite|Wrap|p2a: Lapras
|-damage|p2a: Lapras|359\/463
|cant|p2a: Lapras|partiallytrapped
|
|turn|23
|choice|move 2|move 1
|
|move|p1a: Dragonite|Wrap|p2a: Lapras
|-damage|p2a: Lapras|324\/463
|cant|p2a: Lapras|partiallytrapped
|
|turn|24
|c|★hyogafodex|vc pode
|c|★hyogafodex|troca
|choice|move 2|move 1
|
|move|p1a: Dragonite|Wrap|p2a: Lapras
|-damage|p2a: Lapras|289\/463
|cant|p2a: Lapras|partiallytrapped
|
|-end|p2a: Lapras|Wrap|[partiallytrapped]
|turn|25
|c|★Nintendi|pra o que
|choice|move 2|move 1
|
|move|p1a: Dragonite|Wrap|p2a: Lapras
|-damage|p2a: Lapras|273\/463
|-activate|p2a: Lapras|move: Wrap|[of] p1a: Dragonite
|cant|p2a: Lapras|partiallytrapped
|
|turn|26
|c|★Nintendi|rofl
|choice|move 2|move 1
|
|move|p1a: Dragonite|Wrap|p2a: Lapras
|-damage|p2a: Lapras|257\/463
|cant|p2a: Lapras|partiallytrapped
|
|-end|p2a: Lapras|Wrap|[partiallytrapped]
|turn|27
|c|★Nintendi|!dt wrap, 1
No Pokémon, item, move, ability or nature named 'wrap, 1' was found. Showing the data of 'Wrap' instead.
|c|~|\/data-move Wrap
|raw|<font size="1"><font color=#585858>Priority:<\/font> 0&nbsp;|&ThickSpace;<font color=#585858>Gen:<\/font> 1&nbsp;|&ThickSpace;<font color=#585858><font color=black>&#10003; Contact<\/font><\/font>&nbsp;|&ThickSpace;<font color=#585858>Target:<\/font> One Adjacent Pokémon<\/font>
|c|★Nintendi|!dt gen 1 wrap
|html|<div class="message-error">No Pokémon, item, move, ability or nature named &apos;gen 1 wrap&apos; was found. (Check your spelling?)<\/div>
|c|★Nintendi|!dt wrap
|c|~|\/data-move Wrap
|raw|<font size="1"><font color=#585858>Priority:<\/font> 0&nbsp;|&ThickSpace;<font color=#585858>Gen:<\/font> 1&nbsp;|&ThickSpace;<font color=#585858><font color=black>&#10003; Contact<\/font><\/font>&nbsp;|&ThickSpace;<font color=#585858>Target:<\/font> One Adjacent Pokémon<\/font>
|c|★Nintendi|!dt wrap 1
No Pokémon, item, move, ability or nature named 'wrap 1' was found. Showing the data of 'Wrap' instead.
|c|~|\/data-move Wrap
|raw|<font size="1"><font color=#585858>Priority:<\/font> 0&nbsp;|&ThickSpace;<font color=#585858>Gen:<\/font> 1&nbsp;|&ThickSpace;<font color=#585858><font color=black>&#10003; Contact<\/font><\/font>&nbsp;|&ThickSpace;<font color=#585858>Target:<\/font> One Adjacent Pokémon<\/font>
|c|★Nintendi|vsf
|choice|move 2|move 1
|
|move|p1a: Dragonite|Wrap|p2a: Lapras
|-damage|p2a: Lapras|240\/463
|-activate|p2a: Lapras|move: Wrap|[of] p1a: Dragonite
|cant|p2a: Lapras|partiallytrapped
|
|turn|28
|choice|move 2|move 1
|
|move|p1a: Dragonite|Wrap|p2a: Lapras
|-damage|p2a: Lapras|223\/463
|cant|p2a: Lapras|partiallytrapped
|
|-end|p2a: Lapras|Wrap|[partiallytrapped]
|turn|29
|choice|move 3|move 1
|
|move|p1a: Dragonite|Hyper Beam|p2a: Lapras
|-crit|p2a: Lapras
|-damage|p2a: Lapras|0 fnt
|faint|p2a: Lapras
|choice||switch 4
|
|switch|p2a: Rhydon|Rhydon|181\/413
|turn|30
|choice|move 4|move 4
|
|move|p1a: Dragonite|Surf|p2a: Rhydon
|-supereffective|p2a: Rhydon
|-damage|p2a: Rhydon|0 fnt
|faint|p2a: Rhydon
|c|★Nintendi|que
|choice||switch 3
|
|switch|p2a: Alakazam|Alakazam|255\/313 par
|turn|31
|c|★Nintendi|\/\/ajuda
|choice|move 2|move 3
|
|move|p1a: Dragonite|Wrap|p2a: Alakazam
|-crit|p2a: Alakazam
|-damage|p2a: Alakazam|211\/313 par
|-activate|p2a: Alakazam|move: Wrap|[of] p1a: Dragonite
|cant|p2a: Alakazam|par
|
|turn|32
|choice|move 2|move 3
|
|move|p1a: Dragonite|Wrap|p2a: Alakazam
|-damage|p2a: Alakazam|167\/313 par
|cant|p2a: Alakazam|partiallytrapped
|
|-end|p2a: Alakazam|Wrap|[partiallytrapped]
|turn|33
|c|★Nintendi|pq
|c|★Nintendi|n teve que carregar
|c|★Nintendi|o hyper beam
|choice|move 3|move 3
|
|move|p1a: Dragonite|Hyper Beam|p2a: Alakazam
|-damage|p2a: Alakazam|0 fnt
|faint|p2a: Alakazam
|c|★hyogafodex|qnd mata
|c|★hyogafodex|n precisa
|c|★hyogafodex|carregar
|choice||switch 2
|
|switch|p2a: Tauros|Tauros|198\/353 slp
|turn|34
|choice|move 2|move 2
|
|move|p1a: Dragonite|Wrap|p2a: Tauros
|-damage|p2a: Tauros|182\/353 slp
|-activate|p2a: Tauros|move: Wrap|[of] p1a: Dragonite
|cant|p2a: Tauros|slp
|
|turn|35
|choice|move 2|move 2
|
|move|p1a: Dragonite|Wrap|p2a: Tauros
|-damage|p2a: Tauros|166\/353 slp
|cant|p2a: Tauros|slp
|
|turn|36
|choice|move 2|move 2
|
|move|p1a: Dragonite|Wrap|p2a: Tauros
|-damage|p2a: Tauros|150\/353 slp
|-curestatus|p2a: Tauros|slp
|
|turn|37
|choice|move 2|move 2
|
|move|p1a: Dragonite|Wrap|p2a: Tauros
|-damage|p2a: Tauros|134\/353
|cant|p2a: Tauros|partiallytrapped
|
|-end|p2a: Tauros|Wrap|[partiallytrapped]
|turn|38
|c|★Nintendi|missa
|c|★Nintendi|lol
|choice|move 3|move 2
|
|move|p1a: Dragonite|Hyper Beam|p2a: Tauros
|-crit|p2a: Tauros
|-damage|p2a: Tauros|0 fnt
|faint|p2a: Tauros
|choice||switch 5
|
|switch|p2a: Exeggutor|Exeggutor|192\/393 par
|turn|39
|choice|move 3|move 4
|
|move|p1a: Dragonite|Hyper Beam|p2a: Exeggutor|[miss]
|-miss|p1a: Dragonite
|cant|p2a: Exeggutor|par
|
|turn|40
|choice|move 3|move 4
|
|move|p1a: Dragonite|Hyper Beam|p2a: Exeggutor|[miss]
|-miss|p1a: Dragonite
|move|p2a: Exeggutor|Stun Spore|p1a: Dragonite|[miss]
|-miss|p2a: Exeggutor
|
|turn|41
|c|★hyogafodex|lol
|choice|move 3|move 4
|
|move|p1a: Dragonite|Hyper Beam|p2a: Exeggutor
|-damage|p2a: Exeggutor|38\/393 par
|move|p2a: Exeggutor|Stun Spore|p1a: Dragonite
|-status|p1a: Dragonite|par
|
|turn|42
|-mustrecharge|p1a: Dragonite
|-mustrecharge|p1a: Dragonite
|choice|move 1|move 2
|
|cant|p1a: Dragonite|recharge
|move|p2a: Exeggutor|Rest|p2a: Exeggutor
|-status|p2a: Exeggutor|slp
|-heal|p2a: Exeggutor|393\/393 slp|[silent]
|-status|p2a: Exeggutor|slp|[from] move: Rest
|
|turn|43
|c|★hyogafodex|gg
|choice|move 2|move 3
|
|move|p1a: Dragonite|Wrap|p2a: Exeggutor|[miss]
|-miss|p1a: Dragonite
|cant|p2a: Exeggutor|slp
|
|turn|44
|c|★Nintendi|gg nada
|choice|move 2|move 3
|
|cant|p1a: Dragonite|par
|-curestatus|p2a: Exeggutor|slp
|
|turn|45
|c|★hyogafodex|pera
|c|★hyogafodex|wtf
|choice|move 2|move 3
|
|move|p1a: Dragonite|Wrap|p2a: Exeggutor|[miss]
|-miss|p1a: Dragonite
|move|p2a: Exeggutor|Psychic|p1a: Dragonite
|-damage|p1a: Dragonite|268\/385 par
|-unboost|p1a: Dragonite|spd|1
|-unboost|p1a: Dragonite|spa|1
|
|turn|46
|choice|move 2|move 3
|
|move|p2a: Exeggutor|Psychic|p1a: Dragonite
|-crit|p1a: Dragonite
|-damage|p1a: Dragonite|38\/385 par
|move|p1a: Dragonite|Wrap|p2a: Exeggutor
|-damage|p2a: Exeggutor|375\/393
|-activate|p2a: Exeggutor|move: Wrap|[of] p1a: Dragonite
|
|turn|47
|c|★hyogafodex|skill
|choice|move 2|move 3
|
|cant|p2a: Exeggutor|partiallytrapped
|move|p1a: Dragonite|Wrap|p2a: Exeggutor
|-damage|p2a: Exeggutor|357\/393
|
|turn|48
|choice|move 2|move 3
|
|cant|p2a: Exeggutor|partiallytrapped
|move|p1a: Dragonite|Wrap|p2a: Exeggutor
|-damage|p2a: Exeggutor|339\/393
|
|turn|49
|choice|move 2|move 3
|
|cant|p2a: Exeggutor|partiallytrapped
|move|p1a: Dragonite|Wrap|p2a: Exeggutor
|-damage|p2a: Exeggutor|321\/393
|
|-end|p2a: Exeggutor|Wrap|[partiallytrapped]
|turn|50
|choice|move 3|move 3
|
|move|p2a: Exeggutor|Psychic|p1a: Dragonite
|-damage|p1a: Dragonite|0 fnt
|faint|p1a: Dragonite
|choice|switch 4|
|
|switch|p1a: Rhydon|Rhydon|161\/413
|turn|51
|choice|move 2|move 3
|
|move|p1a: Rhydon|Rock Slide|p2a: Exeggutor|[miss]
|-miss|p1a: Rhydon
|move|p2a: Exeggutor|Psychic|p1a: Rhydon
|-damage|p1a: Rhydon|0 fnt
|faint|p1a: Rhydon
|c|★Nintendi|eu vou
|c|★Nintendi|ganhar
|choice|switch 6|
|
|switch|p1a: Slowbro|Slowbro|298\/393
|turn|52
|choice|move 1|move 1
|
|move|p1a: Slowbro|Amnesia|p1a: Slowbro
|-boost|p1a: Slowbro|spd|2
|-boost|p1a: Slowbro|spa|2
|move|p2a: Exeggutor|Leech Seed|p1a: Slowbro
|-start|p1a: Slowbro|move: Leech Seed
|
|turn|53
|choice|move 3|move 3
|
|move|p1a: Slowbro|Thunder Wave|p2a: Exeggutor
|-status|p2a: Exeggutor|par
|-damage|p1a: Slowbro|274\/393|[from] Leech Seed|[of] p2a: Exeggutor
|-heal|p2a: Exeggutor|345\/393 par|[silent]
|move|p2a: Exeggutor|Psychic|p1a: Slowbro
|-resisted|p1a: Slowbro
|-damage|p1a: Slowbro|239\/393
|
|turn|54
|choice|move 1|move 4
|
|move|p1a: Slowbro|Amnesia|p1a: Slowbro
|-boost|p1a: Slowbro|spd|2
|-boost|p1a: Slowbro|spa|2
|-damage|p1a: Slowbro|215\/393|[from] Leech Seed|[of] p2a: Exeggutor
|-heal|p2a: Exeggutor|369\/393 par|[silent]
|move|p2a: Exeggutor|Stun Spore|p1a: Slowbro
|-status|p1a: Slowbro|par
|
|turn|55
|choice|move 1|move 2
|
|cant|p1a: Slowbro|par
|-damage|p1a: Slowbro|191\/393 par|[from] Leech Seed|[of] p2a: Exeggutor
|-heal|p2a: Exeggutor|393\/393 par|[silent]
|cant|p2a: Exeggutor|par
|
|turn|56
|choice|move 1|move 2
|
|move|p1a: Slowbro|Amnesia|p1a: Slowbro
|-boost|p1a: Slowbro|spd|2
|-boost|p1a: Slowbro|spa|2
|-damage|p1a: Slowbro|167\/393 par|[from] Leech Seed|[of] p2a: Exeggutor
|move|p2a: Exeggutor|Rest|p2a: Exeggutor
|-fail|p2a: Exeggutor
|
|turn|57
|choice|move 2|move 3
|
|cant|p1a: Slowbro|par
|-damage|p1a: Slowbro|143\/393 par|[from] Leech Seed|[of] p2a: Exeggutor
|move|p2a: Exeggutor|Psychic|p1a: Slowbro
|-crit|p1a: Slowbro
|-resisted|p1a: Slowbro
|-damage|p1a: Slowbro|0 fnt
|faint|p1a: Slowbro
|c|★Nintendi|ae
|c|★hyogafodex|CARALHO
|-message|hyogafodex forfeited.
|
|win|Nintendi
|l|hyogafodex
|player|p1