|join|andreWandres
|join|MrGoldd
|player|p1|andreWandres|10
|player|p2|MrGoldd|265
|gametype|singles
|gen|1
|tier|[Gen 1] Random Battle
|rule|Sleep Clause Mod: Limit one foe put to sleep
|rule|Freeze Clause Mod: Limit one foe frozen
|rule|HP Percentage Mod: HP is shown in percentages
|
|start
|switch|p1a: Horsea|Horsea, L96|252\/252
|switch|p2a: Machoke|Machoke, L85|310\/310
|turn|1
|join|Hell Umbreon
|
|switch|p2a: Wartortle|Wartortle, L85|274\/274
|move|p1a: Horsea|Hydro Pump|p2a: Wartortle
|-resisted|p2a: Wartortle
|-damage|p2a: Wartortle|196\/274
|
|turn|2
|c|★andreWandres|suerte ^^
|c| Hell Umbreon|lel
|join|foxy box
|
|move|p1a: Horsea|Hydro Pump|p2a: Wartortle
|-resisted|p2a: Wartortle
|-damage|p2a: Wartortle|116\/274
|move|p2a: Wartortle|Body Slam|p1a: Horsea
|-damage|p1a: Horsea|201\/252
|
|turn|3
|join|Miluett
|
|move|p1a: Horsea|Hydro Pump|p2a: Wartortle
|-resisted|p2a: Wartortle
|-damage|p2a: Wartortle|41\/274
|move|p2a: Wartortle|Body Slam|p1a: Horsea
|-damage|p1a: Horsea|150\/252
|
|turn|4
|leave|Miluett
|c|★MrGoldd|me jodieron ya jajaja
|join|utalawea
|
|move|p1a: Horsea|Surf|p2a: Wartortle
|-resisted|p2a: Wartortle
|-damage|p2a: Wartortle|0 fnt
|faint|p2a: Wartortle
|c|★andreWandres|xkk??
|c|★andreWandres|es el mas malo que tengo XD
|
|switch|p2a: Snorlax|Snorlax, L79|415\/415
|turn|5
|c| foxy box|oigan habia freeze clause eso explica mucho
|join|A SENSUAL MAGYKARP
|
|move|p1a: Horsea|Hydro Pump|p2a: Snorlax
|-damage|p2a: Snorlax|259\/415
|move|p2a: Snorlax|Amnesia|p2a: Snorlax
|-boost|p2a: Snorlax|spd|2
|-boost|p2a: Snorlax|spa|2
|
|turn|6
|join|julirizos
|
|move|p1a: Horsea|Hydro Pump|p2a: Snorlax
|-damage|p2a: Snorlax|180\/415
|move|p2a: Snorlax|Amnesia|p2a: Snorlax
|-boost|p2a: Snorlax|spd|2
|-boost|p2a: Snorlax|spa|2
|
|turn|7
|join|redpkmntrainer234
|join|Green Volt
|
|move|p1a: Horsea|Smokescreen|p2a: Snorlax
|-unboost|p2a: Snorlax|accuracy|1
|move|p2a: Snorlax|Amnesia|p2a: Snorlax
|-boost|p2a: Snorlax|spd|2
|-boost|p2a: Snorlax|spa|2
|
|turn|8
|join|dadwad
|
|move|p1a: Horsea|Smokescreen|p2a: Snorlax
|-unboost|p2a: Snorlax|accuracy|1
|move|p2a: Snorlax|Ice Beam|p1a: Horsea
|-resisted|p1a: Horsea
|-damage|p1a: Horsea|64\/252
|
|turn|9
|
|move|p1a: Horsea|Smokescreen|p2a: Snorlax
|-unboost|p2a: Snorlax|accuracy|1
|move|p2a: Snorlax|Ice Beam|p1a: Horsea
|-resisted|p1a: Horsea
|-damage|p1a: Horsea|0 fnt
|faint|p1a: Horsea
|c|★andreWandres|y no fallas?
|c|★andreWandres|XD
|c|★andreWandres|lol
|c|★andreWandres|y haora fallare yo..
|
|switch|p1a: Victreebel|Victreebel, L85|310\/310
|turn|10
|c| A SENSUAL MAGYKARP|lol
|c| Green Volt|Haora lol
|c|★andreWandres|merda..
|c|★andreWandres|que fail
|c| dadwad|luego yo andre
|c|★andreWandres|XD
|c| Green Volt|¿Saben?
|
|move|p1a: Victreebel|Razor Leaf|p2a: Snorlax
|-crit|p2a: Snorlax
|-damage|p2a: Snorlax|33\/415
|move|p2a: Snorlax|Rest|p2a: Snorlax
|-status|p2a: Snorlax|slp
|-heal|p2a: Snorlax|415\/415 slp|[silent]
|-status|p2a: Snorlax|slp|[from] move: Rest
|
|turn|11
|c| Hell Umbreon|yo tambien quiero xd
|c| Green Volt|Yo se usar teleport
|join|MG)FedeHax2
|
|move|p1a: Victreebel|Swords Dance|p1a: Victreebel
|-boost|p1a: Victreebel|atk|2
|cant|p2a: Snorlax|slp
|
|turn|12
|
|move|p1a: Victreebel|Body Slam|p2a: Snorlax
|-damage|p2a: Snorlax|252\/415 slp
|-curestatus|p2a: Snorlax|slp
|
|turn|13
|c| dadwad|andre ya te rete luego acepta
|leave|MG)FedeHax2
|c| Green Volt|y se usa asi: **TELETRANSPORTACION**
|c|★andreWandres|mmmm
|leave|Green Volt
|c|★andreWandres|me la voy a jugar
|
|move|p1a: Victreebel|Swords Dance|p1a: Victreebel
|-boost|p1a: Victreebel|atk|2
|move|p2a: Snorlax|Ice Beam|p1a: Victreebel|[miss]
|-miss|p2a: Snorlax
|
|turn|14
|c|★andreWandres|cancel
|c|★andreWandres|uffff
|
|move|p1a: Victreebel|Hyper Beam|p2a: Snorlax|[miss]
|-miss|p1a: Victreebel
|move|p2a: Snorlax|Ice Beam|p1a: Victreebel|[miss]
|-miss|p2a: Snorlax
|
|turn|15
|c| utalawea|.-.
|join|Green Volt
|c|★MrGoldd|dios
|c|★andreWandres|loool
|leave|redpkmntrainer234
|join|danykratos
|c| dadwad|._.
|
|move|p1a: Victreebel|Hyper Beam|p2a: Snorlax
|-damage|p2a: Snorlax|0 fnt
|faint|p2a: Snorlax
|c| Hell Umbreon|:0
|
|switch|p2a: Dugtrio|Dugtrio, L85|233\/233
|turn|16
|c| Hell Umbreon|re mega lol
|
|move|p2a: Dugtrio|Slash|p1a: Victreebel
|-crit|p1a: Victreebel
|-damage|p1a: Victreebel|201\/310
|move|p1a: Victreebel|Hyper Beam|p2a: Dugtrio
|-crit|p2a: Dugtrio
|-damage|p2a: Dugtrio|0 fnt
|faint|p2a: Dugtrio
|c| A SENSUAL MAGYKARP|lol
|c| A SENSUAL MAGYKARP|lol
|
|switch|p2a: Aerodactyl|Aerodactyl, L90|327\/327
|turn|17
|c|★MrGoldd|quiero revancha
|leave|Green Volt
|c| Hell Umbreon|el tipo normal en 1ra Gen es de categoria fisica
|c|★andreWandres|no repito
|c| Hell Umbreon|por eso siempre matas
|c| Hell Umbreon|7u7
|c|★andreWandres|hasta a aprtir del 10ª
|
|move|p2a: Aerodactyl|Reflect|p2a: Aerodactyl
|-start|p2a: Aerodactyl|Reflect
|move|p1a: Victreebel|Razor Leaf|p2a: Aerodactyl
|-crit|p2a: Aerodactyl
|-damage|p2a: Aerodactyl|181\/327
|
|turn|18
|c|★andreWandres|si esque llego xD
|c| Hell Umbreon|yo quiero pelear xd
|
|move|p2a: Aerodactyl|Sky Attack|p1a: Victreebel|[still]
|-prepare|p2a: Aerodactyl|Sky Attack|p1a: Victreebel
|move|p1a: Victreebel|Razor Leaf|p2a: Aerodactyl
|-crit|p2a: Aerodactyl
|-damage|p2a: Aerodactyl|42\/327
|
|turn|19
|c| utalawea|e hyperbeam no te hacia recargar si matabas
|join|raulcanxd
|c| A SENSUAL MAGYKARP|yo quiero
|c| raulcanxd|despues contra mi andres?
|c| A SENSUAL MAGYKARP|no contra mi
|c| dadwad|yo le pedi primero
|c|★MrGoldd|no revancha conmigo
|c| A SENSUAL MAGYKARP|que va fui yo
|c| raulcanxd|yo tambien le pedi
|
|move|p2a: Aerodactyl|Sky Attack|p1a: Victreebel
|-supereffective|p1a: Victreebel
|-damage|p1a: Victreebel|0 fnt
|faint|p1a: Victreebel
|c|★andreWandres|dadwad primero
|c|★andreWandres|luego raul
|c|★andreWandres|no raul no, q fusite el que daba la bara
|c|★andreWandres|insultado
|c|★andreWandres|etc
|c|★andreWandres|xk eras demasiado pesado XD
|c|★MrGoldd|luego que me den bichos que valgan la pena
|
|switch|p1a: Blastoise|Blastoise, L85|308\/308
|turn|20
|c|★andreWandres|sino sabes usarlo
|c| raulcanxd|e tio
|c|★andreWandres|es otra cosa
|
|move|p2a: Aerodactyl|Hyper Beam|p1a: Blastoise
|-damage|p1a: Blastoise|196\/308
|move|p1a: Blastoise|Blizzard|p2a: Aerodactyl
|-supereffective|p2a: Aerodactyl
|-damage|p2a: Aerodactyl|0 fnt
|faint|p2a: Aerodactyl
|c| raulcanxd|yo que hice?
|c| dadwad|hay lol blastoise
|
|switch|p2a: Machoke|Machoke, L85|310\/310
|turn|21
|
|move|p1a: Blastoise|Blizzard|p2a: Machoke
|-damage|p2a: Machoke|210\/310
|move|p2a: Machoke|Body Slam|p1a: Blastoise
|-damage|p1a: Blastoise|141\/308
|-status|p1a: Blastoise|par
|
|turn|22
|c| A SENSUAL MAGYKARP|podre luchar?
|c|★andreWandres|seras el 3º
|c| Hell Umbreon|y yo?
|c|★andreWandres|4º
|c| A SENSUAL MAGYKARP|graias
|
|move|p2a: Machoke|Body Slam|p1a: Blastoise
|-damage|p1a: Blastoise|86\/308 par
|move|p1a: Blastoise|Rest|p1a: Blastoise
|-status|p1a: Blastoise|slp
|-heal|p1a: Blastoise|308\/308 slp|[silent]
|-status|p1a: Blastoise|slp|[from] move: Rest
|
|turn|23
|c| Hell Umbreon|:0
|c|★andreWandres|si os parece bien
|c| Hell Umbreon|oki
|
|move|p2a: Machoke|Submission|p1a: Blastoise
|-damage|p1a: Blastoise|227\/308 slp
|-damage|p2a: Machoke|190\/310|[from] recoil|[of] p1a: Blastoise
|cant|p1a: Blastoise|slp
|
|turn|24
|
|switch|p2a: Machamp|Machamp, L90|345\/345
|-curestatus|p1a: Blastoise|slp
|
|turn|25
|c|★MrGoldd|mira las mierdas q tengo
|c|★andreWandres|haax
|c|★andreWandres|yo te invoco
|c| dadwad|jaja
|c|★andreWandres|para que vengas a mi
|c|★andreWandres|y hags efecto
|c|★andreWandres|contra este adversario
|c|★andreWandres|yo te invoco ¡¡
|c|★andreWandres|congela ¡¡
|c| dadwad|xD
|
|move|p2a: Machamp|Body Slam|p1a: Blastoise
|-crit|p1a: Blastoise
|-damage|p1a: Blastoise|81\/308
|move|p1a: Blastoise|Blizzard|p2a: Machamp
|-damage|p2a: Machamp|255\/345
|
|turn|26
|c| raulcanxd|yo el 3º?
|c|★andreWandres|casi
|c|★andreWandres|xD
|c|★MrGoldd|tengo tremendas mierdas, dame un starmie
|join|dho91
|
|move|p2a: Machamp|Body Slam|p1a: Blastoise
|-damage|p1a: Blastoise|0 fnt
|faint|p1a: Blastoise
|c|★andreWandres|yo la unica mierda q no tengo
|c|★andreWandres|es zapdos
|c|★andreWandres|y se slva por los pelos
|leave|julirizos
|
|switch|p1a: Venomoth|Venomoth, L85|293\/293
|turn|27
|join|poketrainer0
|
|move|p1a: Venomoth|Sleep Powder|p2a: Machamp
|-status|p2a: Machamp|slp
|cant|p2a: Machamp|slp
|
|turn|28
|c|★andreWandres|gg
|
|switch|p2a: Machoke|Machoke, L85|190\/310
|move|p1a: Venomoth|Psychic|p2a: Machoke
|-supereffective|p2a: Machoke
|-damage|p2a: Machoke|10\/310
|-unboost|p2a: Machoke|spd|1
|-unboost|p2a: Machoke|spa|1
|
|turn|29
|leave|poketrainer0
|
|move|p1a: Venomoth|Mega Drain|p2a: Machoke
|-damage|p2a: Machoke|0 fnt
|faint|p2a: Machoke
|c| A SENSUAL MAGYKARP|gg
|
|switch|p2a: Machamp|Machamp, L90|255\/345 slp
|turn|30
|
|move|p1a: Venomoth|Psychic|p2a: Machamp
|-supereffective|p2a: Machamp
|-damage|p2a: Machamp|112\/345 slp
|-unboost|p2a: Machamp|spd|1
|-unboost|p2a: Machamp|spa|1
|cant|p2a: Machamp|slp
|
|turn|31
|c|★MrGoldd|rematch
|c|★andreWandres|http:\/\/play.pokemonshowdown.com\/battle-gen1randombattle-251382998
|c| Hell Umbreon|revela tus otros pokimon
|c| Hell Umbreon|o feic
|leave|A SENSUAL MAGYKARP
|leave|raulcanxd
|leave|Hell Umbreon
|-message|MrGoldd forfeited.
|leave|MrGoldd
|
|win|andreWandres
|player|p2
|leave|dho91
|leave|danykratos
|leave|dadwad
|join|raulcanxd
|leave|raulcanxd