|j|Giju
|j|champ_dab
|player|p1|Giju|198
|player|p2|champ_dab|29
|gametype|singles
|gen|1
|tier|[Gen 1] OU
|rated
|seed|52595,50604,12397,54072
|rule|Sleep Clause Mod: Limit one foe put to sleep
|rule|Freeze Clause Mod: Limit one foe frozen
|rule|Species Clause: Limit one of each Pokémon
|rule|OHKO Clause: OHKO moves are banned
|rule|Evasion Moves Clause: Evasion moves are banned
|rule|HP Percentage Mod: HP is shown in percentages
|
|start
|switch|p1a: Alak|Alakazam|313\/313
|switch|p2a: Gengar|Gengar|323\/323
|turn|1
|choice|move 2|switch 2
|
|switch|p2a: Exeggutor|Exeggutor|393\/393
|move|p1a: Alak|Psychic|p2a: Exeggutor
|-resisted|p2a: Exeggutor
|-damage|p2a: Exeggutor|339\/393
|-unboost|p2a: Exeggutor|spd|1
|-unboost|p2a: Exeggutor|spa|1
|
|turn|2
|choice|move 1|move 3
|
|move|p1a: Alak|Thunder Wave|p2a: Exeggutor
|-status|p2a: Exeggutor|par
|cant|p2a: Exeggutor|par
|
|turn|3
|choice|move 4|move 3
|
|move|p1a: Alak|Seismic Toss|p2a: Exeggutor
|-damage|p2a: Exeggutor|239\/393 par
|cant|p2a: Exeggutor|par
|
|turn|4
|choice|move 4|move 3
|
|move|p1a: Alak|Seismic Toss|p2a: Exeggutor
|-damage|p2a: Exeggutor|139\/393 par
|cant|p2a: Exeggutor|par
|
|turn|5
|choice|switch 5|move 1
|
|switch|p1a: Snor|Snorlax|523\/523
|move|p2a: Exeggutor|Explosion|p1a: Snor
|-damage|p1a: Snor|172\/523
|faint|p2a: Exeggutor
|choice||switch 5
|
|switch|p2a: Lapras|Lapras|463\/463
|turn|6
|choice|move 4|move 1
|
|move|p2a: Lapras|Blizzard|p1a: Snor
|-damage|p1a: Snor|0 fnt
|faint|p1a: Snor
|choice|switch 3|
|
|switch|p1a: Chan|Chansey|703\/703
|turn|7
|choice|move 1|switch 3
|
|switch|p2a: Chansey|Chansey|703\/703
|move|p1a: Chan|Thunder Wave|p2a: Chansey|[miss]
|-miss|p1a: Chan
|
|turn|8
|choice|switch 2|move 4
|
|switch|p1a: Exe|Exeggutor|393\/393
|move|p2a: Chansey|Thunder Wave|p1a: Exe
|-status|p1a: Exe|par
|
|turn|9
|choice|move 1|switch 3
|
|switch|p2a: Lapras|Lapras|463\/463
|move|p1a: Exe|Sleep Powder|p2a: Lapras|[miss]
|-miss|p1a: Exe
|
|turn|10
|choice|move 1|move 4
|
|move|p2a: Lapras|Confuse Ray|p1a: Exe
|-start|p1a: Exe|confusion
|-activate|p1a: Exe|confusion
|move|p1a: Exe|Sleep Powder|p2a: Lapras
|-status|p2a: Lapras|slp
|
|turn|11
|choice|move 3|move 1
|
|-curestatus|p2a: Lapras|slp
|-activate|p1a: Exe|confusion
|move|p1a: Exe|Psychic|p2a: Lapras
|-damage|p2a: Lapras|344\/463
|
|turn|12
|choice|move 1|move 1
|
|move|p2a: Lapras|Blizzard|p1a: Exe|[miss]
|-miss|p2a: Lapras
|cant|p1a: Exe|par
|
|turn|13
|choice|move 1|move 1
|
|move|p2a: Lapras|Blizzard|p1a: Exe
|-crit|p1a: Exe
|-supereffective|p1a: Exe
|-damage|p1a: Exe|0 fnt
|faint|p1a: Exe
|choice|switch 2|
|
|switch|p1a: Chan|Chansey|703\/703
|turn|14
|choice|move 4|switch 3
|
|switch|p2a: Chansey|Chansey|703\/703
|move|p1a: Chan|Thunderbolt|p2a: Chansey
|-damage|p2a: Chansey|635\/703
|
|turn|15
|choice|move 3|move 4
|
|move|p1a: Chan|Ice Beam|p2a: Chansey
|-damage|p2a: Chansey|564\/703
|move|p2a: Chansey|Thunder Wave|p1a: Chan
|-status|p1a: Chan|par
|
|turn|16
|choice|move 1|switch 3
|
|switch|p2a: Lapras|Lapras|344\/463
|move|p1a: Chan|Thunder Wave|p2a: Lapras
|-status|p2a: Lapras|par
|
|turn|17
|choice|move 4|move 4
|
|move|p2a: Lapras|Confuse Ray|p1a: Chan
|-start|p1a: Chan|confusion
|-activate|p1a: Chan|confusion
|move|p1a: Chan|Thunderbolt|p2a: Lapras
|-supereffective|p2a: Lapras
|-damage|p2a: Lapras|192\/463 par
|
|turn|18
|choice|move 4|move 2
|
|move|p2a: Lapras|Body Slam|p1a: Chan
|-damage|p1a: Chan|537\/703 par
|-activate|p1a: Chan|confusion
|-damage|p1a: Chan|528\/703 par|[from] confusion
|
|turn|19
|choice|move 4|move 2
|
|move|p2a: Lapras|Body Slam|p1a: Chan
|-damage|p1a: Chan|366\/703 par
|-end|p1a: Chan|confusion
|move|p1a: Chan|Thunderbolt|p2a: Lapras
|-supereffective|p2a: Lapras
|-damage|p2a: Lapras|18\/463 par
|
|turn|20
|choice|switch 4|move 4
|
|switch|p1a: Tau|Tauros|353\/353
|move|p2a: Lapras|Confuse Ray|p1a: Tau
|-start|p1a: Tau|confusion
|
|turn|21
|choice|move 1|move 1
|
|-activate|p1a: Tau|confusion
|-damage|p1a: Tau|317\/353|[from] confusion
|move|p2a: Lapras|Blizzard|p1a: Tau
|-damage|p1a: Tau|156\/353
|
|turn|22
|choice|switch 5|move 1
|
|switch|p1a: Alak|Alakazam|313\/313
|move|p2a: Lapras|Blizzard|p1a: Alak|[miss]
|-miss|p2a: Lapras
|
|turn|23
|choice|move 2|move 2
|
|move|p1a: Alak|Psychic|p2a: Lapras
|-crit|p2a: Lapras
|-damage|p2a: Lapras|0 fnt
|faint|p2a: Lapras
|choice||switch 3
|
|switch|p2a: Chansey|Chansey|564\/703
|turn|24
|choice|switch 4|switch 4
|
|switch|p1a: Chan|Chansey|366\/703 par
|switch|p2a: Golem|Golem|363\/363
|
|turn|25
|choice|switch 5|move 2
|
|switch|p1a: Tau|Tauros|156\/353
|move|p2a: Golem|Earthquake|p1a: Tau
|-damage|p1a: Tau|18\/353
|
|turn|26
|choice|move 4|move 1
|
|move|p1a: Tau|Blizzard|p2a: Golem
|-supereffective|p2a: Golem
|-damage|p2a: Golem|132\/363
|move|p2a: Golem|Body Slam|p1a: Tau
|-damage|p1a: Tau|0 fnt
|faint|p1a: Tau
|choice|switch 4|
|
|switch|p1a: Alak|Alakazam|313\/313
|turn|27
|choice|move 2|switch 4
|
|switch|p2a: Chansey|Chansey|564\/703
|move|p1a: Alak|Psychic|p2a: Chansey
|-crit|p2a: Chansey
|-damage|p2a: Chansey|336\/703
|-unboost|p2a: Chansey|spd|1
|-unboost|p2a: Chansey|spa|1
|
|turn|28
|choice|switch 5|move 4
|
|switch|p1a: Chan|Chansey|366\/703 par
|move|p2a: Chansey|Thunder Wave|p1a: Chan
|-fail|p1a: Chan|par
|
|turn|29
|choice|move 3|move 2
|
|move|p2a: Chansey|Soft-Boiled|p2a: Chansey
|-heal|p2a: Chansey|687\/703
|move|p1a: Chan|Ice Beam|p2a: Chansey
|-damage|p2a: Chansey|580\/703
|
|turn|30
|choice|move 2|switch 6
|
|switch|p2a: Tauros|Tauros|353\/353
|move|p1a: Chan|Soft-Boiled|p1a: Chan
|-heal|p1a: Chan|703\/703 par
|
|turn|31
|choice|move 1|move 2
|
|move|p2a: Tauros|Body Slam|p1a: Chan
|-crit|p1a: Chan
|-damage|p1a: Chan|164\/703 par
|cant|p1a: Chan|par
|
|turn|32
|choice|move 3|move 2
|
|move|p2a: Tauros|Body Slam|p1a: Chan
|-damage|p1a: Chan|0 fnt
|faint|p1a: Chan
|choice|switch 6|
|
|switch|p1a: Gol|Golem|363\/363
|turn|33
|choice|move 1|switch 4
|
|switch|p2a: Golem|Golem|132\/363
|move|p1a: Gol|Earthquake|p2a: Golem
|-supereffective|p2a: Golem
|-damage|p2a: Golem|0 fnt
|faint|p2a: Golem
|choice||switch 6
|
|switch|p2a: Chansey|Chansey|580\/703
|turn|34
|choice|switch 5|move 1
|
|switch|p1a: Alak|Alakazam|313\/313
|move|p2a: Chansey|Ice Beam|p1a: Alak
|-damage|p1a: Alak|251\/313
|
|turn|35
|choice|move 1|move 1
|
|move|p1a: Alak|Thunder Wave|p2a: Chansey
|-status|p2a: Chansey|par
|move|p2a: Chansey|Ice Beam|p1a: Alak
|-damage|p1a: Alak|187\/313
|
|turn|36
|choice|move 2|move 1
|
|move|p1a: Alak|Psychic|p2a: Chansey
|-crit|p2a: Chansey
|-damage|p2a: Chansey|347\/703 par
|move|p2a: Chansey|Ice Beam|p1a: Alak
|-damage|p1a: Alak|130\/313
|
|turn|37
|choice|move 3|switch 4
|
|switch|p2a: Tauros|Tauros|353\/353
|move|p1a: Alak|Recover|p1a: Alak
|-heal|p1a: Alak|286\/313
|
|turn|38
|choice|move 1|move 2
|
|move|p1a: Alak|Thunder Wave|p2a: Tauros
|-status|p2a: Tauros|par
|move|p2a: Tauros|Body Slam|p1a: Alak
|-crit|p1a: Alak
|-damage|p1a: Alak|0 fnt
|faint|p1a: Alak
|choice|switch 5|
|
|switch|p1a: Gol|Golem|363\/363
|turn|39
|choice|move 1|move 1
|
|move|p1a: Gol|Earthquake|p2a: Tauros
|-damage|p2a: Tauros|214\/353 par
|move|p2a: Tauros|Blizzard|p1a: Gol
|-supereffective|p1a: Gol
|-damage|p1a: Gol|137\/363
|
|turn|40
|choice|move 1|move 1
|
|move|p1a: Gol|Earthquake|p2a: Tauros
|-damage|p2a: Tauros|84\/353 par
|move|p2a: Tauros|Blizzard|p1a: Gol
|-supereffective|p1a: Gol
|-damage|p1a: Gol|0 fnt
|faint|p1a: Gol
|
|win|champ_dab
|player|p1
|player|p2
|raw|Giju's rating: 1309 &rarr; <strong>1287<\/strong><br \/>(-22 for losing)
|raw|champ_dab's rating: 1277 &rarr; <strong>1305<\/strong><br \/>(+28 for winning)
|l|champ_dab
|l|Giju
|j|Giju