|join|luc1993
|join|kid gf lol
|player|p1|luc1993|153
|player|p2|kid gf lol|167
|gametype|singles
|gen|1
|tier|[Gen 1] OU (beta)
|rated
|rule|Sleep Clause Mod: Limit one foe put to sleep
|rule|Species Clause: Limit one of each Pokemon
|rule|OHKO Clause: OHKO moves are banned
|rule|Moody Clause: Moody is banned
|rule|Evasion Moves Clause: Evasion moves are banned
|rule|Endless Battle Clause: Forcing endless battles is banned.
|rule|HP Percentage Mod: HP is reported as percentages
|
|start
|switch|p1a: Gengar|Gengar|323\/323
|switch|p2a: Im Fast SPEC|Alakazam|313\/313
|turn|1
|
|switch|p1a: Snorlax|Snorlax|523\/523
|move|p2a: Im Fast SPEC|Thunder Wave|p1a: Snorlax
|-status|p1a: Snorlax|par
|
|turn|2
|
|move|p2a: Im Fast SPEC|Psychic|p1a: Snorlax
|-damage|p1a: Snorlax|362\/523 par
|-unboost|p1a: Snorlax|spd|1
|-unboost|p1a: Snorlax|spa|1
|move|p1a: Snorlax|Amnesia|p1a: Snorlax
|-boost|p1a: Snorlax|spd|2
|-boost|p1a: Snorlax|spa|2
|
|turn|3
|
|switch|p2a: GRR Strong|Tauros|353\/353
|move|p1a: Snorlax|Blizzard|p2a: GRR Strong
|-damage|p2a: GRR Strong|216\/353
|
|turn|4
|
|move|p2a: GRR Strong|Body Slam|p1a: Snorlax
|-damage|p1a: Snorlax|230\/523 par
|move|p1a: Snorlax|Blizzard|p2a: GRR Strong
|-damage|p2a: GRR Strong|75\/353
|
|turn|5
|
|move|p2a: GRR Strong|Hyper Beam|p1a: Snorlax
|-crit|p1a: Snorlax
|-damage|p1a: Snorlax|0 fnt
|faint|p1a: Snorlax
|
|
|switch|p1a: Starmie|Starmie|323\/323
|turn|6
|
|switch|p2a: Im Fast SPEC|Alakazam|313\/313
|move|p1a: Starmie|Thunderbolt|p2a: Im Fast SPEC
|-damage|p2a: Im Fast SPEC|250\/313
|
|turn|7
|
|switch|p1a: Exeggutor|Exeggutor|393\/393
|move|p2a: Im Fast SPEC|Thunder Wave|p1a: Exeggutor
|-status|p1a: Exeggutor|par
|
|turn|8
|
|switch|p2a: Special Wall|Chansey|703\/703
|cant|p1a: Exeggutor|par
|
|turn|9
|
|move|p2a: Special Wall|Ice Beam|p1a: Exeggutor
|-supereffective|p1a: Exeggutor
|-damage|p1a: Exeggutor|254\/393 par
|cant|p1a: Exeggutor|par
|
|turn|10
|
|switch|p2a: TNT|Golem|363\/363
|cant|p1a: Exeggutor|par
|
|turn|11
|
|switch|p2a: Special Wall|Chansey|703\/703
|cant|p1a: Exeggutor|par
|
|turn|12
|
|move|p2a: Special Wall|Ice Beam|p1a: Exeggutor
|-supereffective|p1a: Exeggutor
|-damage|p1a: Exeggutor|116\/393 par
|move|p1a: Exeggutor|Sleep Powder|p2a: Special Wall|[miss]
|-miss|p1a: Exeggutor
|
|turn|13
|
|move|p2a: Special Wall|Ice Beam|p1a: Exeggutor|[miss]
|-miss|p2a: Special Wall
|cant|p1a: Exeggutor|par
|
|turn|14
|
|move|p2a: Special Wall|Ice Beam|p1a: Exeggutor
|-supereffective|p1a: Exeggutor
|-damage|p1a: Exeggutor|0 fnt
|faint|p1a: Exeggutor
|
|
|switch|p1a: Gengar|Gengar|323\/323
|turn|15
|
|move|p1a: Gengar|Hypnosis|p2a: Special Wall
|-status|p2a: Special Wall|slp
|cant|p2a: Special Wall|slp
|-curestatus|p2a: Special Wall|slp
|
|turn|16
|
|switch|p2a: GRR Strong|Tauros|75\/353
|move|p1a: Gengar|Hypnosis|p2a: GRR Strong
|-status|p2a: GRR Strong|slp
|
|turn|17
|join|LynchyHD
|
|switch|p2a: Multi Purpose Guy|Exeggutor|393\/393
|switch|p1a: Tauros|Tauros|353\/353
|
|turn|18
|leave|LynchyHD
|
|switch|p1a: Gengar|Gengar|323\/323
|move|p2a: Multi Purpose Guy|Sleep Powder|p1a: Gengar
|-status|p1a: Gengar|slp
|
|turn|19
|
|switch|p1a: Starmie|Starmie|323\/323
|move|p2a: Multi Purpose Guy|Psychic|p1a: Starmie
|-resisted|p1a: Starmie
|-damage|p1a: Starmie|261\/323
|
|turn|20
|
|move|p1a: Starmie|Blizzard|p2a: Multi Purpose Guy
|-supereffective|p2a: Multi Purpose Guy
|-damage|p2a: Multi Purpose Guy|232\/393
|move|p2a: Multi Purpose Guy|Mega Drain|p1a: Starmie
|-supereffective|p1a: Starmie
|-damage|p1a: Starmie|139\/323
|-heal|p2a: Multi Purpose Guy|293\/393|[from] drain|[of] p1a: Starmie
|
|turn|21
|
|move|p1a: Starmie|Blizzard|p2a: Multi Purpose Guy
|-crit|p2a: Multi Purpose Guy
|-supereffective|p2a: Multi Purpose Guy
|-damage|p2a: Multi Purpose Guy|0 fnt
|faint|p2a: Multi Purpose Guy
|
|
|switch|p2a: Im Fast SPEC|Alakazam|250\/313
|turn|22
|
|move|p2a: Im Fast SPEC|Thunder Wave|p1a: Starmie
|-status|p1a: Starmie|par
|move|p1a: Starmie|Thunder Wave|p2a: Im Fast SPEC
|-status|p2a: Im Fast SPEC|par
|
|turn|23
|
|cant|p2a: Im Fast SPEC|par
|cant|p1a: Starmie|par
|
|turn|24
|
|move|p2a: Im Fast SPEC|Seismic Toss|p1a: Starmie
|-damage|p1a: Starmie|39\/323 par
|move|p1a: Starmie|Recover|p1a: Starmie
|-heal|p1a: Starmie|200\/323 par
|
|turn|25
|
|move|p2a: Im Fast SPEC|Seismic Toss|p1a: Starmie
|-damage|p1a: Starmie|100\/323 par
|move|p1a: Starmie|Blizzard|p2a: Im Fast SPEC
|-crit|p2a: Im Fast SPEC
|-damage|p2a: Im Fast SPEC|108\/313 par
|
|turn|26
|
|switch|p1a: Golem|Golem|363\/363
|move|p2a: Im Fast SPEC|Thunder Wave|p1a: Golem
|-immune|p1a: Golem|[msg]
|
|turn|27
|
|switch|p2a: GRR Strong|Tauros|75\/353 slp
|move|p1a: Golem|Earthquake|p2a: GRR Strong
|-damage|p2a: GRR Strong|0 fnt
|faint|p2a: GRR Strong
|
|
|switch|p2a: Special Wall|Chansey|703\/703
|turn|28
|
|move|p2a: Special Wall|Ice Beam|p1a: Golem
|-supereffective|p1a: Golem
|-damage|p1a: Golem|131\/363
|move|p1a: Golem|Explosion|p2a: Special Wall
|-damage|p2a: Special Wall|0 fnt
|faint|p2a: Special Wall
|faint|p1a: Golem
|
|switch|p2a: Im Fast SPEC|Alakazam|108\/313 par
|switch|p1a: Tauros|Tauros|353\/353
|turn|29
|
|switch|p2a: TNT|Golem|363\/363
|move|p1a: Tauros|Body Slam|p2a: TNT
|-crit|p2a: TNT
|-resisted|p2a: TNT
|-damage|p2a: TNT|276\/363
|
|turn|30
|
|switch|p1a: Gengar|Gengar|323\/323 slp
|move|p2a: TNT|Explosion|p1a: Gengar
|-immune|p1a: Gengar|[msg]
|faint|p2a: TNT
|
|switch|p2a: AnnoyingIfGood|Dragonite|385\/385
|turn|31
|
|cant|p1a: Gengar|slp
|move|p2a: AnnoyingIfGood|Agility|p2a: AnnoyingIfGood
|-boost|p2a: AnnoyingIfGood|spe|2
|
|turn|32
|
|move|p2a: AnnoyingIfGood|Substitute|p2a: AnnoyingIfGood
|-start|p2a: AnnoyingIfGood|Substitute
|-damage|p2a: AnnoyingIfGood|289\/385
|cant|p1a: Gengar|slp
|
|turn|33
|
|move|p2a: AnnoyingIfGood|Thunder|p1a: Gengar|[miss]
|-miss|p2a: AnnoyingIfGood
|cant|p1a: Gengar|slp
|
|turn|34
|
|move|p2a: AnnoyingIfGood|Thunder|p1a: Gengar
|-crit|p1a: Gengar
|-damage|p1a: Gengar|172\/323 slp
|cant|p1a: Gengar|slp
|
|turn|35
|
|move|p2a: AnnoyingIfGood|Thunder|p1a: Gengar
|-damage|p1a: Gengar|87\/323 slp
|cant|p1a: Gengar|slp
|
|turn|36
|
|move|p2a: AnnoyingIfGood|Thunder|p1a: Gengar|[miss]
|-miss|p2a: AnnoyingIfGood
|cant|p1a: Gengar|slp
|-curestatus|p1a: Gengar|slp
|
|turn|37
|
|move|p2a: AnnoyingIfGood|Thunder|p1a: Gengar|[miss]
|-miss|p2a: AnnoyingIfGood
|move|p1a: Gengar|Hypnosis|p2a: AnnoyingIfGood
|-status|p2a: AnnoyingIfGood|slp
|
|turn|38
|
|switch|p1a: Tauros|Tauros|353\/353
|cant|p2a: AnnoyingIfGood|slp
|
|turn|39
|chat|kid gf lol|70% seems more like 30
|
|cant|p2a: AnnoyingIfGood|slp
|-curestatus|p2a: AnnoyingIfGood|slp
|move|p1a: Tauros|Body Slam|p2a: AnnoyingIfGood
|-end|p2a: AnnoyingIfGood|Substitute
|
|turn|40
|
|move|p2a: AnnoyingIfGood|Wrap|p1a: Tauros
|-damage|p1a: Tauros|338\/353
|-activate|p1a: Tauros|move: Wrap|[of] p2a: AnnoyingIfGood
|cant|p1a: Tauros|partiallytrapped
|
|turn|41
|
|switch|p1a: Gengar|Gengar|87\/323
|move|p2a: AnnoyingIfGood|Wrap|p1a: Gengar
|-damage|p1a: Gengar|87\/323
|-activate|p1a: Gengar|move: Wrap|[of] p2a: AnnoyingIfGood
|
|turn|42
|
|move|p2a: AnnoyingIfGood|Wrap|p1a: Gengar
|-damage|p1a: Gengar|87\/323
|cant|p1a: Gengar|partiallytrapped
|
|-end|p1a: Gengar|Wrap|[partiallytrapped]
|turn|43
|
|move|p2a: AnnoyingIfGood|Thunder|p1a: Gengar|[miss]
|-miss|p2a: AnnoyingIfGood
|move|p1a: Gengar|Thunderbolt|p2a: AnnoyingIfGood
|-damage|p2a: AnnoyingIfGood|196\/385
|
|turn|44
|chat|kid gf lol|wtf
|
|move|p2a: AnnoyingIfGood|Thunder|p1a: Gengar
|-damage|p1a: Gengar|3\/323
|move|p1a: Gengar|Hypnosis|p2a: AnnoyingIfGood|[miss]
|-miss|p1a: Gengar
|
|turn|45
|
|move|p2a: AnnoyingIfGood|Thunder|p1a: Gengar
|-crit|p1a: Gengar
|-damage|p1a: Gengar|0 fnt
|faint|p1a: Gengar
|
|
|switch|p1a: Tauros|Tauros|338\/353
|turn|46
|
|move|p2a: AnnoyingIfGood|Wrap|p1a: Tauros
|-damage|p1a: Tauros|323\/353
|-activate|p1a: Tauros|move: Wrap|[of] p2a: AnnoyingIfGood
|cant|p1a: Tauros|partiallytrapped
|
|turn|47
|
|switch|p1a: Starmie|Starmie|100\/323 par
|move|p2a: AnnoyingIfGood|Wrap|p1a: Starmie
|-damage|p1a: Starmie|84\/323 par
|-activate|p1a: Starmie|move: Wrap|[of] p2a: AnnoyingIfGood
|
|turn|48
|
|move|p2a: AnnoyingIfGood|Wrap|p1a: Starmie
|-damage|p1a: Starmie|69\/323 par
|cant|p1a: Starmie|partiallytrapped
|
|turn|49
|
|switch|p1a: Tauros|Tauros|323\/353
|move|p2a: AnnoyingIfGood|Wrap|p1a: Tauros
|-damage|p1a: Tauros|308\/353
|-activate|p1a: Tauros|move: Wrap|[of] p2a: AnnoyingIfGood
|
|turn|50
|
|switch|p1a: Starmie|Starmie|69\/323 par
|move|p2a: AnnoyingIfGood|Wrap|p1a: Starmie
|-damage|p1a: Starmie|52\/323 par
|-activate|p1a: Starmie|move: Wrap|[of] p2a: AnnoyingIfGood
|
|turn|51
|
|switch|p1a: Tauros|Tauros|308\/353
|move|p2a: AnnoyingIfGood|Wrap|p1a: Tauros
|-crit|p1a: Tauros
|-damage|p1a: Tauros|275\/353
|-activate|p1a: Tauros|move: Wrap|[of] p2a: AnnoyingIfGood
|
|turn|52
|
|switch|p1a: Starmie|Starmie|52\/323 par
|move|p2a: AnnoyingIfGood|Wrap|p1a: Starmie
|-crit|p1a: Starmie
|-damage|p1a: Starmie|18\/323 par
|-activate|p1a: Starmie|move: Wrap|[of] p2a: AnnoyingIfGood
|
|turn|53
|
|switch|p1a: Tauros|Tauros|275\/353
|move|p2a: AnnoyingIfGood|Wrap|p1a: Tauros
|-damage|p1a: Tauros|259\/353
|-activate|p1a: Tauros|move: Wrap|[of] p2a: AnnoyingIfGood
|
|turn|54
|
|switch|p1a: Starmie|Starmie|18\/323 par
|move|p2a: AnnoyingIfGood|Wrap|p1a: Starmie
|-damage|p1a: Starmie|1\/323 par
|-activate|p1a: Starmie|move: Wrap|[of] p2a: AnnoyingIfGood
|
|turn|55
|
|move|p2a: AnnoyingIfGood|Wrap|p1a: Starmie
|-damage|p1a: Starmie|0 fnt
|faint|p1a: Starmie
|
|
|switch|p1a: Tauros|Tauros|259\/353
|turn|56
|
|move|p2a: AnnoyingIfGood|Wrap|p1a: Tauros|[miss]
|-miss|p2a: AnnoyingIfGood
|move|p1a: Tauros|Blizzard|p2a: AnnoyingIfGood
|-supereffective|p2a: AnnoyingIfGood
|-damage|p2a: AnnoyingIfGood|0 fnt
|faint|p2a: AnnoyingIfGood
|
|chat|kid gf lol|nooo
|
|switch|p2a: Im Fast SPEC|Alakazam|108\/313 par
|turn|57
|chat|luc1993|you needed to be really lucky to win this one
|
|move|p1a: Tauros|Body Slam|p2a: Im Fast SPEC
|-damage|p2a: Im Fast SPEC|0 fnt
|faint|p2a: Im Fast SPEC
|
|win|luc1993
|raw|Ladder updating...
|raw|luc1993's rating: 1342 &rarr; <strong>1355<\/strong><br \/>(+13 for winning)
|raw|kid gf lol's rating: 1168 &rarr; <strong>1155<\/strong><br \/>(-13 for losing)