|join|Zorage
|join|ElectricPersian
|player|p1|Zorage|166
|player|p2|ElectricPersian|168
|gametype|singles
|gen|1
|tier|[Gen 1] Random Battle
|rated
|rule|Sleep Clause Mod: Limit one foe put to sleep
|rule|Freeze Clause Mod: Limit one foe frozen
|rule|HP Percentage Mod: HP is shown in percentages
|
|start
|switch|p1a: Dugtrio|Dugtrio, L85|233\/233
|switch|p2a: Krabby|Krabby, L96|252\/252
|turn|1
|
|switch|p1a: Parasect|Parasect, L90|291\/291
|move|p2a: Krabby|Crabhammer|p1a: Parasect
|-crit|p1a: Parasect
|-resisted|p1a: Parasect
|-damage|p1a: Parasect|227\/291
|
|turn|2
|
|move|p2a: Krabby|Blizzard|p1a: Parasect
|-crit|p1a: Parasect
|-supereffective|p1a: Parasect
|-damage|p1a: Parasect|0 fnt
|faint|p1a: Parasect
|
|switch|p1a: Blastoise|Blastoise, L85|308\/308
|turn|3
|
|move|p1a: Blastoise|Earthquake|p2a: Krabby
|-damage|p2a: Krabby|197\/252
|move|p2a: Krabby|Body Slam|p1a: Blastoise
|-damage|p1a: Blastoise|238\/308
|
|turn|4
|
|move|p1a: Blastoise|Mimic|p2a: Krabby
|-start|p1a: Blastoise|Mimic|Blizzard
|move|p2a: Krabby|Body Slam|p1a: Blastoise
|-crit|p1a: Blastoise
|-damage|p1a: Blastoise|97\/308
|
|turn|5
|
|move|p1a: Blastoise|Blizzard|p2a: Krabby
|-resisted|p2a: Krabby
|-damage|p2a: Krabby|132\/252
|move|p2a: Krabby|Body Slam|p1a: Blastoise
|-damage|p1a: Blastoise|25\/308
|
|turn|6
|
|move|p1a: Blastoise|Hyper Beam|p2a: Krabby
|-damage|p2a: Krabby|52\/252
|move|p2a: Krabby|Body Slam|p1a: Blastoise
|-damage|p1a: Blastoise|0 fnt
|faint|p1a: Blastoise
|
|switch|p1a: Dugtrio|Dugtrio, L85|233\/233
|turn|7
|
|move|p1a: Dugtrio|Earthquake|p2a: Krabby
|-damage|p2a: Krabby|0 fnt
|faint|p2a: Krabby
|
|switch|p2a: Wartortle|Wartortle, L85|274\/274
|turn|8
|
|switch|p1a: Raticate|Raticate, L85|267\/267
|move|p2a: Wartortle|Surf|p1a: Raticate
|-damage|p1a: Raticate|150\/267
|
|turn|9
|
|switch|p2a: Magneton|Magneton, L90|273\/273
|move|p1a: Raticate|Super Fang|p2a: Magneton
|-damage|p2a: Magneton|137\/273
|
|turn|10
|
|move|p1a: Raticate|Hyper Beam|p2a: Magneton
|-damage|p2a: Magneton|14\/273
|move|p2a: Magneton|Thunderbolt|p1a: Raticate
|-damage|p1a: Raticate|0 fnt
|faint|p1a: Raticate
|
|switch|p1a: Dugtrio|Dugtrio, L85|233\/233
|turn|11
|
|switch|p2a: Nidoqueen|Nidoqueen, L85|327\/327
|move|p1a: Dugtrio|Slash|p2a: Nidoqueen
|-crit|p2a: Nidoqueen
|-damage|p2a: Nidoqueen|235\/327
|
|turn|12
|
|move|p1a: Dugtrio|Earthquake|p2a: Nidoqueen
|-crit|p2a: Nidoqueen
|-supereffective|p2a: Nidoqueen
|-damage|p2a: Nidoqueen|0 fnt
|faint|p2a: Nidoqueen
|
|switch|p2a: Wartortle|Wartortle, L85|274\/274
|turn|13
|
|switch|p1a: Primeape|Primeape, L90|300\/300
|move|p2a: Wartortle|Surf|p1a: Primeape
|-damage|p1a: Primeape|209\/300
|
|turn|14
|
|switch|p2a: Magneton|Magneton, L90|14\/273
|move|p1a: Primeape|Mega Kick|p2a: Magneton
|-damage|p2a: Magneton|0 fnt
|faint|p2a: Magneton
|
|switch|p2a: Mewtwo|Mewtwo, L68|285\/285
|turn|15
|
|move|p1a: Primeape|Mega Kick|p2a: Mewtwo
|-damage|p2a: Mewtwo|169\/285
|move|p2a: Mewtwo|Psychic|p1a: Primeape
|-supereffective|p1a: Primeape
|-damage|p1a: Primeape|15\/300
|
|turn|16
|
|move|p1a: Primeape|Hyper Beam|p2a: Mewtwo
|-damage|p2a: Mewtwo|23\/285
|move|p2a: Mewtwo|Psychic|p1a: Primeape
|-crit|p1a: Primeape
|-supereffective|p1a: Primeape
|-damage|p1a: Primeape|0 fnt
|faint|p1a: Primeape
|
|switch|p1a: Dugtrio|Dugtrio, L85|233\/233
|turn|17
|
|move|p1a: Dugtrio|Earthquake|p2a: Mewtwo
|-damage|p2a: Mewtwo|0 fnt
|faint|p2a: Mewtwo
|
|switch|p2a: Wartortle|Wartortle, L85|274\/274
|turn|18
|
|move|p1a: Dugtrio|Earthquake|p2a: Wartortle
|-damage|p2a: Wartortle|164\/274
|move|p2a: Wartortle|Surf|p1a: Dugtrio
|-supereffective|p1a: Dugtrio
|-damage|p1a: Dugtrio|52\/233
|
|turn|19
|
|move|p1a: Dugtrio|Earthquake|p2a: Wartortle
|-crit|p2a: Wartortle
|-damage|p2a: Wartortle|0 fnt
|faint|p2a: Wartortle
|
|switch|p2a: Parasect|Parasect, L90|291\/291
|turn|20
|
|move|p1a: Dugtrio|Sand Attack|p2a: Parasect
|-unboost|p2a: Parasect|accuracy|1
|move|p2a: Parasect|Spore|p1a: Dugtrio
|-status|p1a: Dugtrio|slp
|
|turn|21
|
|cant|p1a: Dugtrio|slp
|move|p2a: Parasect|Body Slam|p1a: Dugtrio
|-damage|p1a: Dugtrio|0 fnt
|faint|p1a: Dugtrio
|
|switch|p1a: Moltres|Moltres, L85|327\/327
|turn|22
|
|move|p1a: Moltres|Fire Blast|p2a: Parasect
|-supereffective|p2a: Parasect
|-damage|p2a: Parasect|0 fnt
|faint|p2a: Parasect
|
|win|Zorage
|raw|Zorage's rating: 1228 &rarr; <strong>1260<\/strong><br \/>(+32 for winning)
|raw|ElectricPersian's rating: 1331 &rarr; <strong>1305<\/strong><br \/>(-26 for losing)
|leave|ElectricPersian
|player|p2