|j|Mandelbrot
|j|tr0mb0ner
|player|p1|Mandelbrot|101
|player|p2|tr0mb0ner|1
|gametype|singles
|gen|1
|tier|[Gen 1] OU
|rated
|seed|9325,33933,35995,61713
|rule|Sleep Clause Mod: Limit one foe put to sleep
|rule|Freeze Clause Mod: Limit one foe frozen
|rule|Species Clause: Limit one of each Pokémon
|rule|OHKO Clause: OHKO moves are banned
|rule|Evasion Moves Clause: Evasion moves are banned
|rule|HP Percentage Mod: HP is shown in percentages
|
|start
|switch|p1a: Exeggutor|Exeggutor|393\/393
|switch|p2a: Gengar|Gengar|323\/323
|turn|1
|c|★Mandelbrot|good luck. have fun
|choice|move 1|move 1
|
|move|p2a: Gengar|Hypnosis|p1a: Exeggutor
|-status|p1a: Exeggutor|slp
|cant|p1a: Exeggutor|slp
|
|turn|2
|choice|move 1|switch 3
|
|switch|p2a: Lapras|Lapras|463\/463
|-curestatus|p1a: Exeggutor|slp
|
|turn|3
|choice|switch 4|switch 3
|
|switch|p2a: Gengar|Gengar|323\/323
|switch|p1a: Lapras|Lapras|463\/463
|
|turn|4
|choice|switch 5|move 1
|
|switch|p1a: Golem|Golem|363\/363
|move|p2a: Gengar|Hypnosis|p1a: Golem
|-status|p1a: Golem|slp
|
|turn|5
|choice|switch 4|move 3
|
|switch|p1a: Exeggutor|Exeggutor|393\/393
|move|p2a: Gengar|Psychic|p1a: Exeggutor
|-resisted|p1a: Exeggutor
|-damage|p1a: Exeggutor|358\/393
|
|turn|6
|choice|move 1|move 2
|
|move|p2a: Gengar|Explosion|p1a: Exeggutor
|-crit|p1a: Exeggutor
|-damage|p1a: Exeggutor|0 fnt
|faint|p1a: Exeggutor
|faint|p2a: Gengar
|choice|switch 2|switch 5
|
|switch|p2a: Alakazam|Alakazam|313\/313
|switch|p1a: Alakazam|Alakazam|313\/313
|turn|7
|choice|move 4|switch 2
|
|switch|p2a: Chansey|Chansey|703\/703
|move|p1a: Alakazam|Thunder Wave|p2a: Chansey
|-status|p2a: Chansey|par
|
|turn|8
|choice|move 1|move 1
|
|move|p1a: Alakazam|Psychic|p2a: Chansey
|-damage|p2a: Chansey|570\/703 par
|move|p2a: Chansey|Ice Beam|p1a: Alakazam
|-damage|p1a: Alakazam|255\/313
|
|turn|9
|choice|switch 5|move 1
|
|switch|p1a: Lapras|Lapras|463\/463
|move|p2a: Chansey|Ice Beam|p1a: Lapras
|-resisted|p1a: Lapras
|-damage|p1a: Lapras|445\/463
|
|turn|10
|choice|move 4|move 3
|
|move|p1a: Lapras|Confuse Ray|p2a: Chansey
|-start|p2a: Chansey|confusion
|cant|p2a: Chansey|par
|
|turn|11
|choice|move 3|switch 2
|
|switch|p2a: Alakazam|Alakazam|313\/313
|move|p1a: Lapras|Body Slam|p2a: Alakazam
|-damage|p2a: Alakazam|219\/313
|-status|p2a: Alakazam|par
|
|turn|12
|choice|move 4|move 1
|
|move|p1a: Lapras|Confuse Ray|p2a: Alakazam
|-start|p2a: Alakazam|confusion
|-activate|p2a: Alakazam|confusion
|move|p2a: Alakazam|Psychic|p1a: Lapras
|-damage|p1a: Lapras|303\/463
|
|turn|13
|choice|move 3|switch 2
|
|switch|p2a: Chansey|Chansey|570\/703 par
|move|p1a: Lapras|Body Slam|p2a: Chansey
|-damage|p2a: Chansey|404\/703 par
|
|turn|14
|choice|move 4|move 4
|
|move|p1a: Lapras|Confuse Ray|p2a: Chansey
|-start|p2a: Chansey|confusion
|-activate|p2a: Chansey|confusion
|move|p2a: Chansey|Soft-Boiled|p2a: Chansey
|-heal|p2a: Chansey|703\/703 par
|
|turn|15
|choice|move 3|switch 2
|
|switch|p2a: Alakazam|Alakazam|219\/313 par
|move|p1a: Lapras|Body Slam|p2a: Alakazam
|-damage|p2a: Alakazam|121\/313 par
|
|turn|16
|choice|move 4|move 4
|
|move|p1a: Lapras|Confuse Ray|p2a: Alakazam
|-start|p2a: Alakazam|confusion
|-activate|p2a: Alakazam|confusion
|-damage|p2a: Alakazam|84\/313 par|[from] confusion
|
|turn|17
|choice|move 3|switch 6
|
|switch|p2a: Snorlax|Snorlax|523\/523
|move|p1a: Lapras|Body Slam|p2a: Snorlax
|-damage|p2a: Snorlax|442\/523
|
|turn|18
|choice|move 1|move 1
|
|move|p1a: Lapras|Ice Beam|p2a: Snorlax
|-damage|p2a: Snorlax|296\/523
|move|p2a: Snorlax|Body Slam|p1a: Lapras
|-damage|p1a: Lapras|176\/463
|
|turn|19
|choice|move 1|move 2
|
|move|p1a: Lapras|Ice Beam|p2a: Snorlax
|-damage|p2a: Snorlax|145\/523
|move|p2a: Snorlax|Hyper Beam|p1a: Lapras|[miss]
|-miss|p2a: Snorlax
|
|turn|20
|choice|move 1|move 4
|
|move|p1a: Lapras|Ice Beam|p2a: Snorlax
|-damage|p2a: Snorlax|11\/523
|move|p2a: Snorlax|Self-Destruct|p1a: Lapras
|-damage|p1a: Lapras|0 fnt
|faint|p1a: Lapras
|faint|p2a: Snorlax
|c|★Mandelbrot|I knew I should have switched to golem...
|c|★tr0mb0ner|that hyper beam miss tho
|c|★Mandelbrot|It's a 10%. Those happen all the time.
|c|★tr0mb0ner|ye
|c|★Mandelbrot|Unfortunate yes.
|choice|switch 5|switch 2
|
|switch|p1a: Alakazam|Alakazam|255\/313
|switch|p2a: Chansey|Chansey|703\/703 par
|turn|21
|choice|move 3|move 1
|
|move|p1a: Alakazam|Seismic Toss|p2a: Chansey
|-damage|p2a: Chansey|603\/703 par
|cant|p2a: Chansey|par
|
|turn|22
|choice|move 1|move 1
|
|move|p1a: Alakazam|Psychic|p2a: Chansey
|-damage|p2a: Chansey|470\/703 par
|move|p2a: Chansey|Ice Beam|p1a: Alakazam
|-damage|p1a: Alakazam|194\/313
|
|turn|23
|choice|move 1|move 1
|
|move|p1a: Alakazam|Psychic|p2a: Chansey
|-damage|p2a: Chansey|343\/703 par
|move|p2a: Chansey|Ice Beam|p1a: Alakazam
|-damage|p1a: Alakazam|129\/313
|
|turn|24
|choice|switch 3|move 4
|
|switch|p1a: Tauros|Tauros|353\/353
|move|p2a: Chansey|Soft-Boiled|p2a: Chansey
|-heal|p2a: Chansey|694\/703 par
|
|turn|25
|choice|move 1|switch 3
|
|switch|p2a: Lapras|Lapras|463\/463
|move|p1a: Tauros|Body Slam|p2a: Lapras
|-damage|p2a: Lapras|349\/463
|
|turn|26
|choice|move 1|move 1
|
|move|p1a: Tauros|Body Slam|p2a: Lapras
|-damage|p2a: Lapras|224\/463
|move|p2a: Lapras|Blizzard|p1a: Tauros
|-damage|p1a: Tauros|174\/353
|
|turn|27
|choice|switch 4|move 1
|
|switch|p1a: Golem|Golem|363\/363 slp
|move|p2a: Lapras|Blizzard|p1a: Golem
|-supereffective|p1a: Golem
|-damage|p1a: Golem|0 fnt
|faint|p1a: Golem
|choice|switch 3|
|
|switch|p1a: Alakazam|Alakazam|129\/313
|turn|28
|choice|move 2|switch 3
|
|switch|p2a: Chansey|Chansey|694\/703 par
|move|p1a: Alakazam|Recover|p1a: Alakazam
|-heal|p1a: Alakazam|285\/313
|
|turn|29
|choice|move 1|move 2
|
|move|p1a: Alakazam|Psychic|p2a: Chansey
|-crit|p2a: Chansey
|-damage|p2a: Chansey|434\/703 par
|move|p2a: Chansey|Sing|p1a: Alakazam|[miss]
|-miss|p2a: Chansey
|
|turn|30
|c|★Mandelbrot|Woah!
|choice|move 1|move 2
|
|move|p1a: Alakazam|Psychic|p2a: Chansey
|-damage|p2a: Chansey|317\/703 par
|cant|p2a: Chansey|par
|
|turn|31
|choice|switch 4|move 4
|
|switch|p1a: Tauros|Tauros|174\/353
|move|p2a: Chansey|Soft-Boiled|p2a: Chansey
|-heal|p2a: Chansey|668\/703 par
|
|turn|32
|choice|move 1|move 3
|
|move|p1a: Tauros|Body Slam|p2a: Chansey
|-damage|p2a: Chansey|415\/703 par
|move|p2a: Chansey|Thunder Wave|p1a: Tauros
|-status|p1a: Tauros|par
|
|turn|33
|choice|move 1|switch 3
|
|switch|p2a: Lapras|Lapras|224\/463
|move|p1a: Tauros|Body Slam|p2a: Lapras
|-crit|p2a: Lapras
|-damage|p2a: Lapras|0 fnt
|faint|p2a: Lapras
|choice||switch 4
|
|switch|p2a: Tauros|Tauros|353\/353
|turn|34
|choice|move 1|move 1
|
|move|p2a: Tauros|Body Slam|p1a: Tauros
|-damage|p1a: Tauros|67\/353 par
|move|p1a: Tauros|Body Slam|p2a: Tauros
|-damage|p2a: Tauros|246\/353
|
|turn|35
|choice|move 2|move 1
|
|move|p2a: Tauros|Body Slam|p1a: Tauros
|-damage|p1a: Tauros|0 fnt
|faint|p1a: Tauros
|choice|switch 4|
|
|switch|p1a: Alakazam|Alakazam|285\/313
|turn|36
|choice|move 1|switch 3
|
|switch|p2a: Chansey|Chansey|415\/703 par
|move|p1a: Alakazam|Psychic|p2a: Chansey
|-crit|p2a: Chansey
|-damage|p2a: Chansey|173\/703 par
|
|turn|37
|choice|move 1|move 4
|
|move|p1a: Alakazam|Psychic|p2a: Chansey
|-crit|p2a: Chansey
|-damage|p2a: Chansey|0 fnt
|faint|p2a: Chansey
|c|★tr0mb0ner|bummer
|choice||switch 6
|
|switch|p2a: Alakazam|Alakazam|84\/313 par
|turn|38
|choice|move 3|move 4
|
|move|p1a: Alakazam|Seismic Toss|p2a: Alakazam
|-damage|p2a: Alakazam|0 fnt
|faint|p2a: Alakazam
|c|★tr0mb0ner|gg
|choice||switch 3
|
|switch|p2a: Tauros|Tauros|246\/353
|turn|39
|choice|move 4|move 4
|
|move|p1a: Alakazam|Thunder Wave|p2a: Tauros
|-status|p2a: Tauros|par
|move|p2a: Tauros|Hyper Beam|p1a: Alakazam
|-damage|p1a: Alakazam|4\/313
|
|turn|40
|-mustrecharge|p2a: Tauros
|-mustrecharge|p2a: Tauros
|choice|move 1|move 1
|
|move|p1a: Alakazam|Psychic|p2a: Tauros
|-damage|p2a: Tauros|85\/353 par
|-unboost|p2a: Tauros|spd|1
|-unboost|p2a: Tauros|spa|1
|cant|p2a: Tauros|recharge
|
|turn|41
|-message|tr0mb0ner forfeited.
|
|win|Mandelbrot
|player|p1
|player|p2
|l|tr0mb0ner
||Ladder (probably) updated, but score could not be retrieved (Response not received).