|join|XianJu
|join|ALLIE X
|player|p1|XianJu|130
|player|p2|ALLIE X|95
|gametype|singles
|gen|1
|tier|[Gen 1] Random Battle
|rated
|seed|58996,61590,41946,17884
|rule|Sleep Clause Mod: Limit one foe put to sleep
|rule|Freeze Clause Mod: Limit one foe frozen
|rule|HP Percentage Mod: HP is shown in percentages
|
|start
|switch|p1a: Rhyhorn|Rhyhorn, L96|348\/348
|switch|p2a: Poliwrath|Poliwrath, L85|327\/327
|turn|1
|choice|switch 4|move 4
|
|switch|p1a: Mr. Mime|Mr. Mime, L85|242\/242
|move|p2a: Poliwrath|Blizzard|p1a: Mr. Mime
|-damage|p1a: Mr. Mime|178\/242
|
|turn|2
|choice|move 2|move 2
|
|move|p1a: Mr. Mime|Psychic|p2a: Poliwrath
|-supereffective|p2a: Poliwrath
|-damage|p2a: Poliwrath|94\/327
|move|p2a: Poliwrath|Hypnosis|p1a: Mr. Mime|[miss]
|-miss|p2a: Poliwrath
|
|turn|3
|choice|move 2|switch 4
|
|switch|p2a: Exeggutor|Exeggutor, L79|312\/312
|move|p1a: Mr. Mime|Psychic|p2a: Exeggutor
|-resisted|p2a: Exeggutor
|-damage|p2a: Exeggutor|269\/312
|
|turn|4
|choice|move 1|move 1
|
|move|p1a: Mr. Mime|Thunder Wave|p2a: Exeggutor
|-status|p2a: Exeggutor|par
|move|p2a: Exeggutor|Sleep Powder|p1a: Mr. Mime|[miss]
|-miss|p2a: Exeggutor
|
|turn|5
|choice|switch 2|move 1
|
|switch|p1a: Sandshrew|Sandshrew, L96|291\/291
|move|p2a: Exeggutor|Sleep Powder|p1a: Sandshrew
|-status|p1a: Sandshrew|slp
|
|turn|6
|choice|switch 3|switch 4
|
|switch|p1a: Blastoise|Blastoise, L85|308\/308
|switch|p2a: Poliwrath|Poliwrath, L85|94\/327
|
|turn|7
|choice|move 4|switch 6
|
|switch|p2a: Haunter|Haunter, L85|250\/250
|move|p1a: Blastoise|Earthquake|p2a: Haunter
|-crit|p2a: Haunter
|-supereffective|p2a: Haunter
|-damage|p2a: Haunter|0 fnt
|faint|p2a: Haunter
|choice||switch 5
|
|switch|p2a: Farfetch'd|Farfetch'd, L99|304\/304
|turn|8
|choice|move 1|move 4
|
|move|p1a: Blastoise|Blizzard|p2a: Farfetch'd
|-supereffective|p2a: Farfetch'd
|-damage|p2a: Farfetch'd|129\/304
|move|p2a: Farfetch'd|Sand Attack|p1a: Blastoise
|-unboost|p1a: Blastoise|accuracy|1
|
|turn|9
|choice|move 1|switch 4
|
|switch|p2a: Exeggutor|Exeggutor, L79|269\/312 par
|move|p1a: Blastoise|Blizzard|p2a: Exeggutor|[miss]
|-miss|p1a: Blastoise
|
|turn|10
|choice|switch 2|move 2
|
|switch|p1a: Mr. Mime|Mr. Mime, L85|178\/242
|cant|p2a: Exeggutor|par
|
|turn|11
|choice|move 3|switch 3
|
|switch|p2a: Flareon|Flareon, L90|300\/300
|move|p1a: Mr. Mime|Seismic Toss|p2a: Flareon
|-damage|p2a: Flareon|215\/300
|
|turn|12
|choice|move 2|move 1
|
|move|p1a: Mr. Mime|Psychic|p2a: Flareon
|-damage|p2a: Flareon|136\/300
|move|p2a: Flareon|Fire Blast|p1a: Mr. Mime
|-damage|p1a: Mr. Mime|40\/242
|-status|p1a: Mr. Mime|brn
|
|turn|13
|choice|move 1|move 4
|
|move|p2a: Flareon|Quick Attack|p1a: Mr. Mime
|-damage|p1a: Mr. Mime|0 fnt
|faint|p1a: Mr. Mime
|choice|switch 2|
|
|switch|p1a: Blastoise|Blastoise, L85|308\/308
|turn|14
|choice|move 3|switch 3
|
|switch|p2a: Exeggutor|Exeggutor, L79|269\/312 par
|move|p1a: Blastoise|Hydro Pump|p2a: Exeggutor
|-resisted|p2a: Exeggutor
|-damage|p2a: Exeggutor|220\/312 par
|
|turn|15
|choice|move 1|move 3
|
|move|p1a: Blastoise|Blizzard|p2a: Exeggutor|[miss]
|-miss|p1a: Blastoise
|move|p2a: Exeggutor|Explosion|p1a: Blastoise
|-damage|p1a: Blastoise|120\/308
|faint|p2a: Exeggutor
|choice||switch 2
|
|switch|p2a: Raticate|Raticate, L85|267\/267
|turn|16
|choice|switch 3|move 2
|
|switch|p1a: Sandshrew|Sandshrew, L96|291\/291 slp
|move|p2a: Raticate|Hyper Beam|p1a: Sandshrew
|-damage|p1a: Sandshrew|157\/291 slp
|
|turn|17
|-mustrecharge|p2a: Raticate
|-mustrecharge|p2a: Raticate
|choice|switch 5|move 1
|
|switch|p1a: Primeape|Primeape, L90|300\/300
|cant|p2a: Raticate|recharge
|
|turn|18
|choice|move 4|move 1
|
|move|p1a: Primeape|Submission|p2a: Raticate
|-supereffective|p2a: Raticate
|-damage|p2a: Raticate|0 fnt
|-damage|p1a: Primeape|234\/300|[from] recoil|[of] p2a: Raticate
|faint|p2a: Raticate
|-message|ALLIE X forfeited.
|leave|ALLIE X
|
|win|XianJu
|player|p2
|raw|XianJu's rating: 1261 &rarr; <strong>1282<\/strong><br \/>(+21 for winning)
|raw|ALLIE X's rating: 1204 &rarr; <strong>1183<\/strong><br \/>(-21 for losing)