|join|saboo
|join|Noratraika
|player|p1|saboo|1
|player|p2|Noratraika|285
|gametype|singles
|gen|1
|tier|[Gen 1] Random Battle
|rated
|seed|39263,2002,62062,16746
|rule|Sleep Clause Mod: Limit one foe put to sleep
|rule|Freeze Clause Mod: Limit one foe frozen
|rule|HP Percentage Mod: HP is shown in percentages
|
|start
|switch|p1a: Butterfree|Butterfree, L90|291\/291
|switch|p2a: Alakazam|Alakazam, L79|249\/249
|turn|1
|choice|move 1|switch 2
|
|switch|p2a: Cubone|Cubone, L96|291\/291
|move|p1a: Butterfree|Mega Drain|p2a: Cubone
|-supereffective|p2a: Cubone
|-damage|p2a: Cubone|212\/291
|
|turn|2
|choice|move 4|move 3
|
|move|p1a: Butterfree|Stun Spore|p2a: Cubone
|-status|p2a: Cubone|par
|move|p2a: Cubone|Blizzard|p1a: Butterfree
|-crit|p1a: Butterfree
|-supereffective|p1a: Butterfree
|-damage|p1a: Butterfree|13\/291
|
|turn|3
|choice|move 1|move 4
|
|move|p1a: Butterfree|Mega Drain|p2a: Cubone
|-supereffective|p2a: Cubone
|-damage|p2a: Cubone|139\/291 par
|-heal|p1a: Butterfree|49\/291|[from] drain|[of] p2a: Cubone
|move|p2a: Cubone|Seismic Toss|p1a: Butterfree
|-damage|p1a: Butterfree|0 fnt
|faint|p1a: Butterfree
|choice|switch 6|
|
|switch|p1a: Starmie|Starmie, L79|257\/257
|turn|4
|choice|move 2|move 2
|
|move|p1a: Starmie|Surf|p2a: Cubone
|-supereffective|p2a: Cubone
|-damage|p2a: Cubone|0 fnt
|faint|p2a: Cubone
|choice||switch 5
|
|switch|p2a: Jolteon|Jolteon, L79|265\/265
|turn|5
|choice|switch 2|move 1
|
|switch|p1a: Cubone|Cubone, L96|291\/291
|move|p2a: Jolteon|Thunderbolt|p1a: Cubone
|-immune|p1a: Cubone|[msg]
|
|turn|6
|choice|move 1|switch 4
|
|switch|p2a: Blastoise|Blastoise, L85|308\/308
|move|p1a: Cubone|Earthquake|p2a: Blastoise
|-crit|p2a: Blastoise
|-damage|p2a: Blastoise|145\/308
|
|turn|7
|choice|move 3|move 1
|
|move|p2a: Blastoise|Hydro Pump|p1a: Cubone|[miss]
|-miss|p2a: Blastoise
|move|p1a: Cubone|Blizzard|p2a: Blastoise
|-resisted|p2a: Blastoise
|-damage|p2a: Blastoise|108\/308
|
|turn|8
|choice|move 1|move 1
|
|move|p2a: Blastoise|Hydro Pump|p1a: Cubone
|-supereffective|p1a: Cubone
|-damage|p1a: Cubone|0 fnt
|faint|p1a: Cubone
|choice|switch 3|
|
|switch|p1a: Nidorina|Nidorina, L90|309\/309
|turn|9
|choice|move 3|move 4
|
|move|p2a: Blastoise|Earthquake|p1a: Nidorina
|-supereffective|p1a: Nidorina
|-damage|p1a: Nidorina|158\/309
|move|p1a: Nidorina|Thunder|p2a: Blastoise
|-supereffective|p2a: Blastoise
|-damage|p2a: Blastoise|0 fnt
|faint|p2a: Blastoise
|choice||switch 3
|
|switch|p2a: Charizard|Charizard, L85|306\/306
|turn|10
|choice|move 1|move 3
|
|move|p2a: Charizard|Swords Dance|p2a: Charizard
|-boost|p2a: Charizard|atk|2
|move|p1a: Nidorina|Substitute|p1a: Nidorina
|-start|p1a: Nidorina|Substitute
|-damage|p1a: Nidorina|81\/309
|
|turn|11
|choice|move 4|move 4
|
|move|p2a: Charizard|Body Slam|p1a: Nidorina
|-end|p1a: Nidorina|Substitute
|move|p1a: Nidorina|Rest|p1a: Nidorina
|-status|p1a: Nidorina|slp
|-heal|p1a: Nidorina|309\/309 slp|[silent]
|-status|p1a: Nidorina|slp|[from] move: Rest
|
|turn|12
|choice|move 4|move 3
|
|move|p2a: Charizard|Swords Dance|p2a: Charizard
|-boost|p2a: Charizard|atk|2
|cant|p1a: Nidorina|slp
|
|turn|13
|choice|move 3|move 3
|
|move|p2a: Charizard|Swords Dance|p2a: Charizard
|-boost|p2a: Charizard|atk|2
|-curestatus|p1a: Nidorina|slp
|
|turn|14
|choice|move 3|move 1
|
|move|p2a: Charizard|Earthquake|p1a: Nidorina
|-crit|p1a: Nidorina
|-supereffective|p1a: Nidorina
|-damage|p1a: Nidorina|17\/309
|move|p1a: Nidorina|Thunder|p2a: Charizard
|-crit|p2a: Charizard
|-supereffective|p2a: Charizard
|-damage|p2a: Charizard|51\/306
|
|turn|15
|choice|move 2|move 4
|
|move|p2a: Charizard|Body Slam|p1a: Nidorina
|-crit|p1a: Nidorina
|-damage|p1a: Nidorina|0 fnt
|faint|p1a: Nidorina
|choice|switch 2|
|
|switch|p1a: Starmie|Starmie, L79|257\/257
|turn|16
|choice|move 2|move 4
|
|move|p1a: Starmie|Surf|p2a: Charizard
|-supereffective|p2a: Charizard
|-damage|p2a: Charizard|0 fnt
|faint|p2a: Charizard
|choice||switch 4
|
|switch|p2a: Jolteon|Jolteon, L79|265\/265
|turn|17
|choice|switch 4|move 1
|
|switch|p1a: Chansey|Chansey, L79|557\/557
|move|p2a: Jolteon|Thunderbolt|p1a: Chansey
|-damage|p1a: Chansey|472\/557
|
|turn|18
|choice|move 3|switch 6
|
|switch|p2a: Persian|Persian, L79|265\/265
|move|p1a: Chansey|Reflect|p1a: Chansey
|-start|p1a: Chansey|Reflect
|
|turn|19
|choice|move 4|move 1
|
|move|p2a: Persian|Slash|p1a: Chansey
|-crit|p1a: Chansey
|-damage|p1a: Chansey|196\/557
|move|p1a: Chansey|Thunder Wave|p2a: Persian
|-status|p2a: Persian|par
|
|turn|20
|choice|move 2|move 1
|
|move|p1a: Chansey|Thunderbolt|p2a: Persian
|-damage|p2a: Persian|188\/265 par
|move|p2a: Persian|Slash|p1a: Chansey
|-crit|p1a: Chansey
|-damage|p1a: Chansey|0 fnt
|faint|p1a: Chansey
|choice|switch 4|
|
|switch|p1a: Starmie|Starmie, L79|257\/257
|turn|21
|choice|move 2|move 1
|
|move|p1a: Starmie|Surf|p2a: Persian
|-damage|p2a: Persian|73\/265 par
|move|p2a: Persian|Slash|p1a: Starmie
|-crit|p1a: Starmie
|-damage|p1a: Starmie|148\/257
|
|turn|22
|choice|move 2|move 1
|
|move|p1a: Starmie|Surf|p2a: Persian
|-damage|p2a: Persian|0 fnt
|faint|p2a: Persian
|choice||switch 6
|
|switch|p2a: Jolteon|Jolteon, L79|265\/265
|turn|23
|choice|switch 5|move 1
|
|switch|p1a: Kakuna|Kakuna, L99|290\/290
|move|p2a: Jolteon|Thunderbolt|p1a: Kakuna
|-crit|p1a: Kakuna
|-damage|p1a: Kakuna|11\/290
|
|turn|24
|choice|move 2|move 4
|
|move|p2a: Jolteon|Double Kick|p1a: Kakuna
|-resisted|p1a: Kakuna
|-damage|p1a: Kakuna|7\/290
|-damage|p1a: Kakuna|3\/290
|-hitcount|p1a: Kakuna|2
|move|p1a: Kakuna|Poison Sting|p2a: Jolteon
|-damage|p2a: Jolteon|248\/265
|-status|p2a: Jolteon|psn
|
|turn|25
|choice|move 3|move 1
|
|move|p2a: Jolteon|Thunderbolt|p1a: Kakuna
|-crit|p1a: Kakuna
|-damage|p1a: Kakuna|0 fnt
|faint|p1a: Kakuna
|choice|switch 5|
|
|switch|p1a: Starmie|Starmie, L79|148\/257
|turn|26
|choice|move 3|move 1
|
|move|p2a: Jolteon|Thunderbolt|p1a: Starmie
|-supereffective|p1a: Starmie
|-damage|p1a: Starmie|0 fnt
|faint|p1a: Starmie
|
|win|Noratraika
|raw|saboo's rating: 1000 &rarr; <strong>1000<\/strong><br \/>(+0 for losing)
|raw|Noratraika's rating: 1098 &rarr; <strong>1116<\/strong><br \/>(+18 for winning)