|join|Inside My ASS
|join|XianJu
|player|p1|Inside My ASS|21
|player|p2|XianJu|130
|gametype|singles
|gen|1
|tier|[Gen 1] Random Battle
|rule|Sleep Clause Mod: Limit one foe put to sleep
|rule|Freeze Clause Mod: Limit one foe frozen
|rule|HP Percentage Mod: HP is shown in percentages
|
|start
|switch|p1a: Flareon|Flareon, L90|300\/300
|switch|p2a: Gengar|Gengar, L79|257\/257
|turn|1
|
|move|p2a: Gengar|Hypnosis|p1a: Flareon|[miss]
|-miss|p2a: Gengar
|move|p1a: Flareon|Fire Blast|p2a: Gengar
|-damage|p2a: Gengar|133\/257
|
|turn|2
|
|move|p2a: Gengar|Hypnosis|p1a: Flareon
|-status|p1a: Flareon|slp
|cant|p1a: Flareon|slp
|
|turn|3
|c|★Inside My ASS|bring it on america
|
|switch|p2a: Rhydon|Rhydon, L79|328\/328
|switch|p1a: Ditto|Ditto, L99|296\/296
|
|turn|4
|
|switch|p1a: Seadra|Seadra, L90|282\/282
|move|p2a: Rhydon|Substitute|p2a: Rhydon
|-start|p2a: Rhydon|Substitute
|-damage|p2a: Rhydon|246\/328
|
|turn|5
|c|★Inside My ASS|cowardly american hides behind doll
|c|★Inside My ASS|like little girl
|c|★XianJu|cowardly players switch out
|
|move|p1a: Seadra|Surf|p2a: Rhydon
|-supereffective|p2a: Rhydon
|-end|p2a: Rhydon|Substitute
|move|p2a: Rhydon|Body Slam|p1a: Seadra
|-damage|p1a: Seadra|222\/282
|
|turn|6
|c|★Inside My ASS|ha
|c|★Inside My ASS|you have switched yourself boy
|
|switch|p2a: Poliwrath|Poliwrath, L85|327\/327
|move|p1a: Seadra|Surf|p2a: Poliwrath
|-crit|p2a: Poliwrath
|-resisted|p2a: Poliwrath
|-damage|p2a: Poliwrath|197\/327
|
|turn|7
|c|★XianJu|yep i was scared of sleeping flareon
|c|★XianJu|ha
|
|move|p1a: Seadra|Surf|p2a: Poliwrath
|-resisted|p2a: Poliwrath
|-damage|p2a: Poliwrath|128\/327
|move|p2a: Poliwrath|Amnesia|p2a: Poliwrath
|-boost|p2a: Poliwrath|spd|2
|-boost|p2a: Poliwrath|spa|2
|
|turn|8
|
|switch|p1a: Ditto|Ditto, L99|296\/296
|move|p2a: Poliwrath|Surf|p1a: Ditto
|-damage|p1a: Ditto|107\/296
|
|turn|9
|
|move|p2a: Poliwrath|Surf|p1a: Ditto
|-damage|p1a: Ditto|0 fnt
|faint|p1a: Ditto
|
|switch|p1a: Dugtrio|Dugtrio, L85|233\/233
|turn|10
|
|move|p1a: Dugtrio|Earthquake|p2a: Poliwrath
|-crit|p2a: Poliwrath
|-damage|p2a: Poliwrath|0 fnt
|faint|p2a: Poliwrath
|c|★Inside My ASS|you die
|c|★Inside My ASS|now
|
|switch|p2a: Zapdos|Zapdos, L79|304\/304
|turn|11
|
|move|p1a: Dugtrio|Sand Attack|p2a: Zapdos
|-unboost|p2a: Zapdos|accuracy|1
|move|p2a: Zapdos|Thunder Wave|p1a: Dugtrio
|-immune|p1a: Dugtrio|[msg]
|
|turn|12
|
|move|p1a: Dugtrio|Substitute|p1a: Dugtrio
|-start|p1a: Dugtrio|Substitute
|-damage|p1a: Dugtrio|175\/233
|move|p2a: Zapdos|Drill Peck|p1a: Dugtrio|[miss]
|-miss|p2a: Zapdos
|
|turn|13
|c|★XianJu|why are you hiding girl
|
|move|p1a: Dugtrio|Mimic|p2a: Zapdos
|-start|p1a: Dugtrio|Mimic|Agility
|move|p2a: Zapdos|Drill Peck|p1a: Dugtrio
|-end|p1a: Dugtrio|Substitute
|
|turn|14
|
|switch|p2a: Abra|Abra, L96|243\/243
|move|p1a: Dugtrio|Sand Attack|p2a: Abra
|-unboost|p2a: Abra|accuracy|1
|
|turn|15
|
|move|p1a: Dugtrio|Earthquake|p2a: Abra
|-damage|p2a: Abra|58\/243
|move|p2a: Abra|Reflect|p2a: Abra
|-start|p2a: Abra|Reflect
|
|turn|16
|
|move|p1a: Dugtrio|Earthquake|p2a: Abra
|-damage|p2a: Abra|0 fnt
|faint|p2a: Abra
|
|switch|p2a: Zapdos|Zapdos, L79|304\/304
|turn|17
|c|★Inside My ASS|silly american
|
|move|p1a: Dugtrio|Sand Attack|p2a: Zapdos
|-unboost|p2a: Zapdos|accuracy|1
|move|p2a: Zapdos|Drill Peck|p1a: Dugtrio|[miss]
|-miss|p2a: Zapdos
|
|turn|18
|
|move|p1a: Dugtrio|Sand Attack|p2a: Zapdos|[miss]
|-miss|p1a: Dugtrio
|move|p2a: Zapdos|Drill Peck|p1a: Dugtrio|[miss]
|-miss|p2a: Zapdos
|
|turn|19
|c|★Inside My ASS|you keep missing
|
|move|p1a: Dugtrio|Sand Attack|p2a: Zapdos
|-unboost|p2a: Zapdos|accuracy|1
|move|p2a: Zapdos|Drill Peck|p1a: Dugtrio|[miss]
|-miss|p2a: Zapdos
|
|turn|20
|
|move|p1a: Dugtrio|Sand Attack|p2a: Zapdos
|-unboost|p2a: Zapdos|accuracy|1
|move|p2a: Zapdos|Drill Peck|p1a: Dugtrio
|-crit|p1a: Dugtrio
|-damage|p1a: Dugtrio|0 fnt
|faint|p1a: Dugtrio
|
|switch|p1a: Articuno|Articuno, L79|304\/304
|turn|21
|
|switch|p2a: Rhydon|Rhydon, L79|246\/328
|move|p1a: Articuno|Ice Beam|p2a: Rhydon
|-supereffective|p2a: Rhydon
|-damage|p2a: Rhydon|0 fnt
|faint|p2a: Rhydon
|c|★Inside My ASS|silly american
|
|switch|p2a: Zapdos|Zapdos, L79|304\/304
|turn|22
|
|move|p2a: Zapdos|Thunderbolt|p1a: Articuno
|-supereffective|p1a: Articuno
|-damage|p1a: Articuno|131\/304
|move|p1a: Articuno|Ice Beam|p2a: Zapdos
|-supereffective|p2a: Zapdos
|-damage|p2a: Zapdos|124\/304
|
|turn|23
|
|move|p2a: Zapdos|Thunderbolt|p1a: Articuno
|-supereffective|p1a: Articuno
|-damage|p1a: Articuno|0 fnt
|faint|p1a: Articuno
|c|★Inside My ASS|cyka
|
|switch|p1a: Gengar|Gengar, L79|257\/257
|turn|24
|
|move|p1a: Gengar|Psychic|p2a: Zapdos
|-crit|p2a: Zapdos
|-damage|p2a: Zapdos|11\/304
|move|p2a: Zapdos|Thunder Wave|p1a: Gengar
|-status|p1a: Gengar|par
|
|turn|25
|c|★Inside My ASS|american site
|
|move|p2a: Zapdos|Drill Peck|p1a: Gengar
|-damage|p1a: Gengar|155\/257 par
|move|p1a: Gengar|Psychic|p2a: Zapdos
|-damage|p2a: Zapdos|0 fnt
|faint|p2a: Zapdos
|
|switch|p2a: Gengar|Gengar, L79|133\/257
|turn|26
|
|switch|p2a: Hypno|Hypno, L85|318\/318
|move|p1a: Gengar|Hypnosis|p2a: Hypno|[miss]
|-miss|p1a: Gengar
|
|turn|27
|
|move|p2a: Hypno|Psychic|p1a: Gengar
|-supereffective|p1a: Gengar
|-damage|p1a: Gengar|0 fnt
|faint|p1a: Gengar
|
|switch|p1a: Seadra|Seadra, L90|222\/282
|turn|28
|
|move|p1a: Seadra|Blizzard|p2a: Hypno
|-crit|p2a: Hypno
|-damage|p2a: Hypno|162\/318
|move|p2a: Hypno|Thunder Wave|p1a: Seadra
|-status|p1a: Seadra|par
|
|turn|29
|
|switch|p2a: Gengar|Gengar, L79|133\/257
|cant|p1a: Seadra|par
|
|turn|30
|
|switch|p1a: Flareon|Flareon, L90|300\/300 slp
|move|p2a: Gengar|Mega Drain|p1a: Flareon
|-resisted|p1a: Flareon
|-damage|p1a: Flareon|287\/300 slp
|-heal|p2a: Gengar|139\/257|[from] drain|[of] p1a: Flareon
|
|turn|31
|
|move|p2a: Gengar|Thunderbolt|p1a: Flareon
|-damage|p1a: Flareon|233\/300 slp
|cant|p1a: Flareon|slp
|
|turn|32
|c|★Inside My ASS|awaken
|
|move|p2a: Gengar|Explosion|p1a: Flareon
|-damage|p1a: Flareon|52\/300 slp
|faint|p2a: Gengar
|
|switch|p2a: Hypno|Hypno, L85|162\/318
|turn|33
|
|cant|p1a: Flareon|slp
|move|p2a: Hypno|Psychic|p1a: Flareon
|-crit|p1a: Flareon
|-damage|p1a: Flareon|0 fnt
|faint|p1a: Flareon
|
|switch|p1a: Seadra|Seadra, L90|222\/282 par
|turn|34
|
|move|p2a: Hypno|Psychic|p1a: Seadra
|-damage|p1a: Seadra|131\/282 par
|move|p1a: Seadra|Hydro Pump|p2a: Hypno
|-crit|p2a: Hypno
|-damage|p2a: Hypno|0 fnt
|faint|p2a: Hypno
|
|win|Inside My ASS
|c|★Inside My ASS|i win again
|c|★Inside My ASS|for russia
|c|★Inside My ASS|admit defeat