|join|ilBabau
|join|Psychedelic Trip
|player|p1|ilBabau|102
|player|p2|Psychedelic Trip|168
|gametype|singles
|gen|1
|tier|[Gen 1] Random Battle
|rated
|rule|Sleep Clause Mod: Limit one foe put to sleep
|rule|Freeze Clause Mod: Limit one foe frozen
|rule|HP Percentage Mod: HP is shown in percentages
|
|start
|switch|p1a: Nidoran-F|Nidoran-F, L96|300\/300
|switch|p2a: Tentacool|Tentacool, L96|272\/272
|turn|1
|
|move|p2a: Tentacool|Hydro Pump|p1a: Nidoran-F|[miss]
|-miss|p2a: Tentacool
|move|p1a: Nidoran-F|Body Slam|p2a: Tentacool
|-damage|p2a: Tentacool|200\/272
|
|turn|2
|
|move|p2a: Tentacool|Barrier|p2a: Tentacool
|-boost|p2a: Tentacool|def|2
|move|p1a: Nidoran-F|Body Slam|p2a: Tentacool
|-damage|p2a: Tentacool|160\/272
|
|turn|3
|
|move|p2a: Tentacool|Hydro Pump|p1a: Nidoran-F
|-crit|p1a: Nidoran-F
|-damage|p1a: Nidoran-F|0 fnt
|faint|p1a: Nidoran-F
|
|switch|p1a: Gengar|Gengar, L79|257\/257
|turn|4
|
|move|p1a: Gengar|Thunderbolt|p2a: Tentacool
|-supereffective|p2a: Tentacool
|-damage|p2a: Tentacool|48\/272
|move|p2a: Tentacool|Hydro Pump|p1a: Gengar
|-damage|p1a: Gengar|118\/257
|
|turn|5
|
|move|p1a: Gengar|Thunderbolt|p2a: Tentacool
|-supereffective|p2a: Tentacool
|-damage|p2a: Tentacool|0 fnt
|faint|p2a: Tentacool
|
|switch|p2a: Kangaskhan|Kangaskhan, L85|352\/352
|turn|6
|
|move|p1a: Gengar|Hypnosis|p2a: Kangaskhan
|-status|p2a: Kangaskhan|slp
|cant|p2a: Kangaskhan|slp
|-curestatus|p2a: Kangaskhan|slp
|
|turn|7
|
|switch|p2a: Nidorina|Nidorina, L90|309\/309
|move|p1a: Gengar|Hypnosis|p2a: Nidorina
|-status|p2a: Nidorina|slp
|
|turn|8
|
|switch|p2a: Kangaskhan|Kangaskhan, L85|352\/352
|move|p1a: Gengar|Thunderbolt|p2a: Kangaskhan
|-damage|p2a: Kangaskhan|251\/352
|-status|p2a: Kangaskhan|par
|
|turn|9
|
|move|p1a: Gengar|Explosion|p2a: Kangaskhan
|-damage|p2a: Kangaskhan|69\/352 par
|faint|p1a: Gengar
|
|switch|p1a: Magmar|Magmar, L90|300\/300
|turn|10
|
|move|p1a: Magmar|Fire Blast|p2a: Kangaskhan
|-damage|p2a: Kangaskhan|0 fnt
|faint|p2a: Kangaskhan
|
|switch|p2a: Hitmonlee|Hitmonlee, L90|273\/273
|turn|11
|
|move|p1a: Magmar|Body Slam|p2a: Hitmonlee
|-damage|p2a: Hitmonlee|193\/273
|move|p2a: Hitmonlee|High Jump Kick|p1a: Magmar
|-damage|p1a: Magmar|152\/300
|
|turn|12
|
|move|p1a: Magmar|Body Slam|p2a: Hitmonlee
|-damage|p2a: Hitmonlee|110\/273
|-status|p2a: Hitmonlee|par
|move|p2a: Hitmonlee|Counter|p1a: Magmar
|-damage|p1a: Magmar|0 fnt
|faint|p1a: Magmar
|
|switch|p1a: Gyarados|Gyarados, L85|335\/335
|turn|13
|
|move|p1a: Gyarados|Surf|p2a: Hitmonlee
|-damage|p2a: Hitmonlee|0 fnt
|faint|p2a: Hitmonlee
|
|switch|p2a: Lapras|Lapras, L79|367\/367
|turn|14
|
|move|p1a: Gyarados|Hyper Beam|p2a: Lapras
|-damage|p2a: Lapras|211\/367
|move|p2a: Lapras|Confuse Ray|p1a: Gyarados
|-start|p1a: Gyarados|confusion
|
|turn|15
|-mustrecharge|p1a: Gyarados
|-mustrecharge|p1a: Gyarados
|
|cant|p1a: Gyarados|recharge
|move|p2a: Lapras|Thunderbolt|p1a: Gyarados
|-supereffective|p1a: Gyarados
|-damage|p1a: Gyarados|128\/335
|
|turn|16
|
|-activate|p1a: Gyarados|confusion
|-damage|p1a: Gyarados|87\/335|[from] confusion
|move|p2a: Lapras|Thunderbolt|p1a: Gyarados
|-crit|p1a: Gyarados
|-supereffective|p1a: Gyarados
|-damage|p1a: Gyarados|0 fnt
|faint|p1a: Gyarados
|
|switch|p1a: Articuno|Articuno, L79|304\/304
|turn|17
|
|move|p1a: Articuno|Blizzard|p2a: Lapras
|-crit|p2a: Lapras
|-resisted|p2a: Lapras
|-damage|p2a: Lapras|143\/367
|move|p2a: Lapras|Confuse Ray|p1a: Articuno
|-start|p1a: Articuno|confusion
|
|turn|18
|
|-activate|p1a: Articuno|confusion
|move|p1a: Articuno|Ice Beam|p2a: Lapras
|-resisted|p2a: Lapras
|-damage|p2a: Lapras|119\/367
|move|p2a: Lapras|Thunderbolt|p1a: Articuno
|-supereffective|p1a: Articuno
|-damage|p1a: Articuno|206\/304
|
|turn|19
|
|-end|p1a: Articuno|confusion
|move|p1a: Articuno|Mimic|p2a: Lapras
|-start|p1a: Articuno|Mimic|Body Slam
|move|p2a: Lapras|Body Slam|p1a: Articuno
|-damage|p1a: Articuno|160\/304
|
|turn|20
|
|move|p1a: Articuno|Body Slam|p2a: Lapras
|-damage|p2a: Lapras|65\/367
|move|p2a: Lapras|Confuse Ray|p1a: Articuno
|-start|p1a: Articuno|confusion
|
|turn|21
|
|-activate|p1a: Articuno|confusion
|move|p1a: Articuno|Reflect|p1a: Articuno
|-start|p1a: Articuno|Reflect
|move|p2a: Lapras|Rest|p2a: Lapras
|-status|p2a: Lapras|slp
|-heal|p2a: Lapras|367\/367 slp|[silent]
|-status|p2a: Lapras|slp|[from] move: Rest
|
|turn|22
|
|switch|p1a: Kabutops|Kabutops, L85|276\/276
|cant|p2a: Lapras|slp
|
|turn|23
|
|move|p1a: Kabutops|Swords Dance|p1a: Kabutops
|-boost|p1a: Kabutops|atk|2
|cant|p2a: Lapras|slp
|-curestatus|p2a: Lapras|slp
|
|turn|24
|
|switch|p2a: Nidorina|Nidorina, L90|309\/309 slp
|move|p1a: Kabutops|Hyper Beam|p2a: Nidorina|[miss]
|-miss|p1a: Kabutops
|
|turn|25
|
|move|p1a: Kabutops|Swords Dance|p1a: Kabutops
|-boost|p1a: Kabutops|atk|2
|cant|p2a: Nidorina|slp
|
|turn|26
|
|switch|p2a: Machoke|Machoke, L85|310\/310
|move|p1a: Kabutops|Swords Dance|p1a: Kabutops
|-boost|p1a: Kabutops|atk|2
|
|turn|27
|
|move|p1a: Kabutops|Body Slam|p2a: Machoke
|-damage|p2a: Machoke|38\/310
|-status|p2a: Machoke|par
|move|p2a: Machoke|Submission|p1a: Kabutops
|-supereffective|p1a: Kabutops
|-damage|p1a: Kabutops|124\/276
|-damage|p2a: Machoke|0 fnt|[from] recoil|[of] p1a: Kabutops
|faint|p2a: Machoke
|
|switch|p2a: Nidorina|Nidorina, L90|309\/309 slp
|turn|28
|
|move|p1a: Kabutops|Body Slam|p2a: Nidorina
|-damage|p2a: Nidorina|57\/309 slp
|cant|p2a: Nidorina|slp
|
|turn|29
|
|move|p1a: Kabutops|Body Slam|p2a: Nidorina
|-damage|p2a: Nidorina|0 fnt
|faint|p2a: Nidorina
|
|switch|p2a: Lapras|Lapras, L79|367\/367
|turn|30
|
|move|p1a: Kabutops|Hyper Beam|p2a: Lapras
|-crit|p2a: Lapras
|-damage|p2a: Lapras|87\/367
|move|p2a: Lapras|Thunderbolt|p1a: Kabutops
|-supereffective|p1a: Kabutops
|-damage|p1a: Kabutops|0 fnt
|faint|p1a: Kabutops
|
|switch|p1a: Articuno|Articuno, L79|160\/304
|turn|31
|
|move|p1a: Articuno|Mimic|p2a: Lapras
|-start|p1a: Articuno|Mimic|Thunderbolt
|move|p2a: Lapras|Thunderbolt|p1a: Articuno
|-supereffective|p1a: Articuno
|-damage|p1a: Articuno|69\/304
|
|turn|32
|
|move|p1a: Articuno|Thunderbolt|p2a: Lapras
|-supereffective|p2a: Lapras
|-damage|p2a: Lapras|0 fnt
|faint|p2a: Lapras
|
|win|ilBabau
|raw|Ladder updating...
|raw|ilBabau's rating: 1075 &rarr; <strong>1112<\/strong><br \/>(+37 for winning)
|raw|Psychedelic Trip's rating: 1177 &rarr; <strong>1144<\/strong><br \/>(-33 for losing)
|leave|Psychedelic Trip
|player|p2