|j|Svempire
|j|Dexeway
|player|p1|Svempire|212
|player|p2|Dexeway|169
|gametype|singles
|gen|1
|tier|[Gen 1] OU
|rated
|seed|
|rule|Sleep Clause Mod: Limit one foe put to sleep
|rule|Freeze Clause Mod: Limit one foe frozen
|rule|Species Clause: Limit one of each Pokémon
|rule|OHKO Clause: OHKO moves are banned
|rule|Evasion Moves Clause: Evasion moves are banned
|rule|HP Percentage Mod: HP is shown in percentages
|
|start
|switch|p1a: Alakazam|Alakazam, M|100\/100
|switch|p2a: Gaster|Alakazam|100\/100
|turn|1
|choice||
|
|move|p2a: Gaster|Thunder Wave|p1a: Alakazam
|-status|p1a: Alakazam|par
|move|p1a: Alakazam|Thunder Wave|p2a: Gaster
|-status|p2a: Gaster|par
|
|turn|2
|choice||
|
|switch|p2a: Alphys|Slowbro|100\/100
|move|p1a: Alakazam|Seismic Toss|p2a: Alphys
|-damage|p2a: Alphys|75\/100
|
|turn|3
|choice||
|
|move|p2a: Alphys|Amnesia|p2a: Alphys
|-boost|p2a: Alphys|spd|2
|-boost|p2a: Alphys|spa|2
|cant|p1a: Alakazam|par
|
|turn|4
|choice||
|
|move|p2a: Alphys|Surf|p1a: Alakazam
|-damage|p1a: Alakazam|51\/100 par
|move|p1a: Alakazam|Seismic Toss|p2a: Alphys
|-damage|p2a: Alphys|50\/100
|
|turn|5
|choice||
|
|move|p2a: Alphys|Surf|p1a: Alakazam
|-damage|p1a: Alakazam|3\/100 par
|move|p1a: Alakazam|Recover|p1a: Alakazam
|-heal|p1a: Alakazam|53\/100 par
|
|turn|6
|choice||
|
|move|p2a: Alphys|Amnesia|p2a: Alphys
|-boost|p2a: Alphys|spd|2
|-boost|p2a: Alphys|spa|2
|move|p1a: Alakazam|Thunder Wave|p2a: Alphys
|-status|p2a: Alphys|par
|
|turn|7
|choice||
|
|move|p2a: Alphys|Rest|p2a: Alphys
|-status|p2a: Alphys|slp
|-heal|p2a: Alphys|100\/100 slp|[silent]
|-status|p2a: Alphys|slp|[from] move: Rest
|move|p1a: Alakazam|Seismic Toss|p2a: Alphys
|-damage|p2a: Alphys|75\/100 slp
|
|turn|8
|choice||
|
|cant|p2a: Alphys|slp
|move|p1a: Alakazam|Seismic Toss|p2a: Alphys
|-damage|p2a: Alphys|50\/100 slp
|
|turn|9
|choice||
|
|-curestatus|p2a: Alphys|slp
|cant|p1a: Alakazam|par
|
|turn|10
|choice||
|
|move|p2a: Alphys|Surf|p1a: Alakazam
|-damage|p1a: Alakazam|0 fnt
|faint|p1a: Alakazam
|choice||
|
|switch|p1a: Chansey|Chansey|100\/100
|turn|11
|choice||
|
|move|p1a: Chansey|Seismic Toss|p2a: Alphys
|-damage|p2a: Alphys|24\/100
|move|p2a: Alphys|Rest|p2a: Alphys
|-status|p2a: Alphys|slp
|-heal|p2a: Alphys|100\/100 slp|[silent]
|-status|p2a: Alphys|slp|[from] move: Rest
|
|turn|12
|choice||
|
|move|p1a: Chansey|Seismic Toss|p2a: Alphys
|-damage|p2a: Alphys|75\/100 slp
|cant|p2a: Alphys|slp
|
|turn|13
|choice||
|
|switch|p2a: Riverpersn|Lapras|100\/100
|move|p1a: Chansey|Seismic Toss|p2a: Riverpersn
|-damage|p2a: Riverpersn|79\/100
|
|turn|14
|choice||
|
|move|p2a: Riverpersn|Body Slam|p1a: Chansey
|-crit|p1a: Chansey
|-damage|p1a: Chansey|53\/100
|move|p1a: Chansey|Thunder Wave|p2a: Riverpersn
|-status|p2a: Riverpersn|par
|
|turn|15
|choice||
|
|move|p1a: Chansey|Soft-Boiled|p1a: Chansey
|-heal|p1a: Chansey|100\/100
|cant|p2a: Riverpersn|par
|
|turn|16
|choice||
|
|switch|p2a: Asgore|Tauros|100\/100
|move|p1a: Chansey|Seismic Toss|p2a: Asgore
|-damage|p2a: Asgore|72\/100
|
|turn|17
|choice||
|
|move|p2a: Asgore|Hyper Beam|p1a: Chansey
|-crit|p1a: Chansey
|-damage|p1a: Chansey|0 fnt
|faint|p1a: Chansey
|c|★Svempire|...
|choice||
|
|switch|p1a: Slowbro|Slowbro, M|100\/100
|turn|18
|choice||
|
|move|p2a: Asgore|Double-Edge|p1a: Slowbro
|-damage|p1a: Slowbro|72\/100
|-damage|p2a: Asgore|64\/100|[from] recoil|[of] p1a: Slowbro
|move|p1a: Slowbro|Thunder Wave|p2a: Asgore
|-status|p2a: Asgore|par
|
|turn|19
|choice||
|
|switch|p2a: Riverpersn|Lapras|79\/100 par
|move|p1a: Slowbro|Psychic|p2a: Riverpersn
|-damage|p2a: Riverpersn|60\/100 par
|
|turn|20
|choice||
|
|move|p1a: Slowbro|Psychic|p2a: Riverpersn
|-damage|p2a: Riverpersn|38\/100 par
|-unboost|p2a: Riverpersn|spd|1
|-unboost|p2a: Riverpersn|spa|1
|move|p2a: Riverpersn|Thunderbolt|p1a: Slowbro
|-supereffective|p1a: Slowbro
|-damage|p1a: Slowbro|41\/100
|
|turn|21
|choice||
|
|move|p1a: Slowbro|Psychic|p2a: Riverpersn
|-damage|p2a: Riverpersn|8\/100 par
|move|p2a: Riverpersn|Thunderbolt|p1a: Slowbro
|-supereffective|p1a: Slowbro
|-damage|p1a: Slowbro|12\/100
|
|turn|22
|choice||
|
|switch|p2a: Alphys|Slowbro|75\/100 slp
|move|p1a: Slowbro|Psychic|p2a: Alphys
|-resisted|p2a: Alphys
|-damage|p2a: Alphys|61\/100 slp
|
|turn|23
|choice||
|
|move|p1a: Slowbro|Rest|p1a: Slowbro
|-status|p1a: Slowbro|slp
|-heal|p1a: Slowbro|100\/100 slp|[silent]
|-status|p1a: Slowbro|slp|[from] move: Rest
|-curestatus|p2a: Alphys|slp
|
|turn|24
|choice||
|
|switch|p1a: Exeggutor|Exeggutor, M|100\/100
|switch|p2a: Riverpersn|Lapras|8\/100 par
|
|turn|25
|choice||
|
|switch|p2a: Toriel|Chansey|100\/100
|move|p1a: Exeggutor|Psychic|p2a: Toriel
|-damage|p2a: Toriel|84\/100
|
|turn|26
|choice||
|
|switch|p2a: Undyne|Golem|100\/100
|move|p1a: Exeggutor|Sleep Powder|p2a: Undyne|[miss]
|-miss|p1a: Exeggutor
|
|turn|27
|choice||
|
|switch|p2a: Gaster|Alakazam|100\/100 par
|move|p1a: Exeggutor|Sleep Powder|p2a: Gaster
|-fail|p2a: Gaster
|
|turn|28
|choice||
|
|move|p1a: Exeggutor|Double-Edge|p2a: Gaster
|-crit|p2a: Gaster
|-damage|p2a: Gaster|22\/100 par
|-damage|p1a: Exeggutor|85\/100|[from] recoil|[of] p2a: Gaster
|cant|p2a: Gaster|par
|
|turn|29
|choice||
|
|switch|p2a: Undyne|Golem|100\/100
|move|p1a: Exeggutor|Double-Edge|p2a: Undyne
|-resisted|p2a: Undyne
|-damage|p2a: Undyne|93\/100
|-damage|p1a: Exeggutor|83\/100|[from] recoil|[of] p2a: Undyne
|
|turn|30
|choice||
|
|move|p1a: Exeggutor|Sleep Powder|p2a: Undyne|[miss]
|-miss|p1a: Exeggutor
|move|p2a: Undyne|Body Slam|p1a: Exeggutor
|-damage|p1a: Exeggutor|63\/100
|
|turn|31
|choice||
|
|move|p1a: Exeggutor|Sleep Powder|p2a: Undyne|[miss]
|-miss|p1a: Exeggutor
|move|p2a: Undyne|Rock Slide|p1a: Exeggutor
|-crit|p1a: Exeggutor
|-damage|p1a: Exeggutor|11\/100
|
|turn|32
|choice||
|
|move|p1a: Exeggutor|Sleep Powder|p2a: Undyne
|-status|p2a: Undyne|slp
|cant|p2a: Undyne|slp
|
|turn|33
|choice||
|
|move|p1a: Exeggutor|Explosion|p2a: Undyne
|-resisted|p2a: Undyne
|-damage|p2a: Undyne|64\/100 slp
|faint|p1a: Exeggutor
|choice||
|
|switch|p1a: Tauros|Tauros|100\/100
|turn|34
|choice||
|
|switch|p2a: Alphys|Slowbro|61\/100
|move|p1a: Tauros|Blizzard|p2a: Alphys
|-resisted|p2a: Alphys
|-damage|p2a: Alphys|50\/100
|
|turn|35
|choice||
|
|switch|p1a: Slowbro|Slowbro, M|100\/100 slp
|move|p2a: Alphys|Thunder Wave|p1a: Slowbro
|-fail|p1a: Slowbro
|
|turn|36
|choice||
|
|switch|p2a: Riverpersn|Lapras|8\/100 par
|cant|p1a: Slowbro|slp
|
|turn|37
|choice||
|
|switch|p1a: Tauros|Tauros|100\/100
|move|p2a: Riverpersn|Rest|p2a: Riverpersn
|-status|p2a: Riverpersn|slp
|-heal|p2a: Riverpersn|100\/100 slp|[silent]
|-status|p2a: Riverpersn|slp|[from] move: Rest
|
|turn|38
|choice||
|
|move|p1a: Tauros|Body Slam|p2a: Riverpersn
|-damage|p2a: Riverpersn|74\/100 slp
|cant|p2a: Riverpersn|slp
|
|turn|39
|choice||
|
|move|p1a: Tauros|Body Slam|p2a: Riverpersn
|-damage|p2a: Riverpersn|50\/100 slp
|-curestatus|p2a: Riverpersn|slp
|
|turn|40
|choice||
|
|switch|p1a: Slowbro|Slowbro, M|100\/100 slp
|switch|p2a: Undyne|Golem|64\/100 slp
|
|turn|41
|choice||
|
|switch|p2a: Alphys|Slowbro|50\/100
|switch|p1a: Tauros|Tauros|100\/100
|
|turn|42
|choice||
|
|switch|p1a: Slowbro|Slowbro, M|100\/100 slp
|move|p2a: Alphys|Thunder Wave|p1a: Slowbro
|-fail|p1a: Slowbro
|
|turn|43
|choice||
|
|-curestatus|p1a: Slowbro|slp
|move|p2a: Alphys|Rest|p2a: Alphys
|-status|p2a: Alphys|slp
|-heal|p2a: Alphys|100\/100 slp|[silent]
|-status|p2a: Alphys|slp|[from] move: Rest
|
|turn|44
|choice||
|
|switch|p2a: Asgore|Tauros|64\/100 par
|switch|p1a: Tauros|Tauros|100\/100
|
|turn|45
|choice||
|
|switch|p1a: Snorlax|Snorlax, M|100\/100
|switch|p2a: Undyne|Golem|64\/100 slp
|
|turn|46
|choice||
|
|switch|p2a: Alphys|Slowbro|100\/100 slp
|move|p1a: Snorlax|Earthquake|p2a: Alphys
|-damage|p2a: Alphys|80\/100 slp
|
|turn|47
|choice||
|
|cant|p2a: Alphys|slp
|move|p1a: Snorlax|Body Slam|p2a: Alphys
|-damage|p2a: Alphys|52\/100 slp
|
|turn|48
|choice||
|
|switch|p2a: Gaster|Alakazam|22\/100 par
|move|p1a: Snorlax|Body Slam|p2a: Gaster
|-damage|p2a: Gaster|0 fnt
|faint|p2a: Gaster
|choice||
|
|switch|p2a: Toriel|Chansey|84\/100
|turn|49
|choice||
|
|switch|p2a: Undyne|Golem|64\/100 slp
|move|p1a: Snorlax|Body Slam|p2a: Undyne
|-resisted|p2a: Undyne
|-damage|p2a: Undyne|53\/100 slp
|
|turn|50
|choice||
|
|cant|p2a: Undyne|slp
|move|p1a: Snorlax|Earthquake|p2a: Undyne
|-supereffective|p2a: Undyne
|-damage|p2a: Undyne|15\/100 slp
|
|turn|51
|choice||
|
|-curestatus|p2a: Undyne|slp
|move|p1a: Snorlax|Earthquake|p2a: Undyne
|-supereffective|p2a: Undyne
|-damage|p2a: Undyne|0 fnt
|faint|p2a: Undyne
|c|★Svempire|Can 3 pokèmon beat 6 ?
|choice||
|
|switch|p2a: Toriel|Chansey|84\/100
|turn|52
|choice||
|
|move|p2a: Toriel|Reflect|p2a: Toriel
|-start|p2a: Toriel|Reflect
|move|p1a: Snorlax|Body Slam|p2a: Toriel
|-damage|p2a: Toriel|64\/100
|
|turn|53
|choice||
|
|move|p2a: Toriel|Toxic|p1a: Snorlax
|-status|p1a: Snorlax|tox
|move|p1a: Snorlax|Body Slam|p2a: Toriel
|-damage|p2a: Toriel|44\/100
|-damage|p1a: Snorlax|94\/100 tox|[from] tox|[of] p2a: Toriel
|
|turn|54
|choice||
|
|move|p2a: Toriel|Soft-Boiled|p2a: Toriel
|-heal|p2a: Toriel|94\/100
|move|p1a: Snorlax|Body Slam|p2a: Toriel
|-damage|p2a: Toriel|73\/100
|-damage|p1a: Snorlax|82\/100 tox|[from] tox|[of] p2a: Toriel
|
|turn|55
|choice||
|
|move|p2a: Toriel|Ice Beam|p1a: Snorlax
|-crit|p1a: Snorlax
|-damage|p1a: Snorlax|45\/100 tox
|move|p1a: Snorlax|Body Slam|p2a: Toriel
|-damage|p2a: Toriel|51\/100
|-damage|p1a: Snorlax|27\/100 tox|[from] tox|[of] p2a: Toriel
|
|turn|56
|choice||
|
|move|p2a: Toriel|Ice Beam|p1a: Snorlax
|-damage|p1a: Snorlax|7\/100 tox
|move|p1a: Snorlax|Self-Destruct|p2a: Toriel
|-damage|p2a: Toriel|0 fnt
|faint|p2a: Toriel
|faint|p1a: Snorlax
|choice||
|
|switch|p2a: Riverpersn|Lapras|50\/100
|switch|p1a: Slowbro|Slowbro, M|100\/100
|turn|57
|choice||
|
|move|p2a: Riverpersn|Thunderbolt|p1a: Slowbro|[miss]
|-miss|p2a: Riverpersn
|move|p1a: Slowbro|Thunder Wave|p2a: Riverpersn
|-status|p2a: Riverpersn|par
|
|turn|58
|choice||
|
|move|p1a: Slowbro|Psychic|p2a: Riverpersn
|-damage|p2a: Riverpersn|29\/100 par
|cant|p2a: Riverpersn|par
|
|turn|59
|choice||
|
|move|p1a: Slowbro|Psychic|p2a: Riverpersn
|-damage|p2a: Riverpersn|9\/100 par
|cant|p2a: Riverpersn|par
|
|turn|60
|choice||
|
|move|p1a: Slowbro|Psychic|p2a: Riverpersn
|-damage|p2a: Riverpersn|0 fnt
|faint|p2a: Riverpersn
|choice||
|
|switch|p2a: Alphys|Slowbro|52\/100 slp
|turn|61
|choice||
|
|switch|p1a: Tauros|Tauros|100\/100
|-curestatus|p2a: Alphys|slp
|
|turn|62
|choice||
|
|switch|p1a: Slowbro|Slowbro, M|100\/100
|move|p2a: Alphys|Thunder Wave|p1a: Slowbro
|-status|p1a: Slowbro|par
|
|turn|63
|choice||
|
|move|p2a: Alphys|Amnesia|p2a: Alphys
|-boost|p2a: Alphys|spd|2
|-boost|p2a: Alphys|spa|2
|move|p1a: Slowbro|Thunder Wave|p2a: Alphys
|-status|p2a: Alphys|par
|
|turn|64
|choice||
|
|move|p2a: Alphys|Rest|p2a: Alphys
|-status|p2a: Alphys|slp
|-heal|p2a: Alphys|100\/100 slp|[silent]
|-status|p2a: Alphys|slp|[from] move: Rest
|cant|p1a: Slowbro|par
|
|turn|65
|choice||
|
|switch|p1a: Tauros|Tauros|100\/100
|cant|p2a: Alphys|slp
|
|turn|66
|choice||
|
|move|p1a: Tauros|Body Slam|p2a: Alphys
|-damage|p2a: Alphys|76\/100 slp
|-curestatus|p2a: Alphys|slp
|
|turn|67
|choice||
|
|switch|p1a: Slowbro|Slowbro, M|100\/100 par
|move|p2a: Alphys|Amnesia|p2a: Alphys
|-boost|p2a: Alphys|spd|2
|-boost|p2a: Alphys|spa|2
|
|turn|68
|choice||
|
|move|p2a: Alphys|Surf|p1a: Slowbro
|-resisted|p1a: Slowbro
|-damage|p1a: Slowbro|55\/100 par
|move|p1a: Slowbro|Psychic|p2a: Alphys
|-resisted|p2a: Alphys
|-damage|p2a: Alphys|72\/100
|
|turn|69
|choice||
|
|move|p2a: Alphys|Amnesia|p2a: Alphys
|-boost|p2a: Alphys|spd|2
|-boost|p2a: Alphys|spa|2
|move|p1a: Slowbro|Thunder Wave|p2a: Alphys
|-status|p2a: Alphys|par
|
|turn|70
|choice||
|
|move|p2a: Alphys|Surf|p1a: Slowbro
|-resisted|p1a: Slowbro
|-damage|p1a: Slowbro|1\/100 par
|move|p1a: Slowbro|Amnesia|p1a: Slowbro
|-boost|p1a: Slowbro|spd|2
|-boost|p1a: Slowbro|spa|2
|
|turn|71
|choice||
|
|move|p1a: Slowbro|Rest|p1a: Slowbro
|-status|p1a: Slowbro|slp
|-heal|p1a: Slowbro|100\/100 slp|[silent]
|-status|p1a: Slowbro|slp|[from] move: Rest
|move|p2a: Alphys|Surf|p1a: Slowbro
|-resisted|p1a: Slowbro
|-damage|p1a: Slowbro|72\/100 slp
|
|turn|72
|choice||
|
|cant|p2a: Alphys|par
|cant|p1a: Slowbro|slp
|
|turn|73
|choice||
|
|move|p2a: Alphys|Surf|p1a: Slowbro
|-resisted|p1a: Slowbro
|-damage|p1a: Slowbro|44\/100 slp
|-curestatus|p1a: Slowbro|slp
|
|turn|74
|choice||
|
|move|p1a: Slowbro|Amnesia|p1a: Slowbro
|-boost|p1a: Slowbro|spd|2
|-boost|p1a: Slowbro|spa|2
|move|p2a: Alphys|Thunder Wave|p1a: Slowbro
|-status|p1a: Slowbro|par
|
|turn|75
|choice||
|
|cant|p1a: Slowbro|par
|move|p2a: Alphys|Surf|p1a: Slowbro
|-crit|p1a: Slowbro
|-resisted|p1a: Slowbro
|-damage|p1a: Slowbro|14\/100 par
|
|turn|76
|choice||
|
|move|p1a: Slowbro|Rest|p1a: Slowbro
|-status|p1a: Slowbro|slp
|-heal|p1a: Slowbro|100\/100 slp|[silent]
|-status|p1a: Slowbro|slp|[from] move: Rest
|move|p2a: Alphys|Surf|p1a: Slowbro
|-resisted|p1a: Slowbro
|-damage|p1a: Slowbro|83\/100 slp
|
|turn|77
|choice||
|
|move|p2a: Alphys|Rest|p2a: Alphys
|-status|p2a: Alphys|slp
|-heal|p2a: Alphys|100\/100 slp|[silent]
|-status|p2a: Alphys|slp|[from] move: Rest
|cant|p1a: Slowbro|slp
|
|turn|78
|choice||
|
|cant|p2a: Alphys|slp
|-curestatus|p1a: Slowbro|slp
|
|turn|79
|choice||
|
|move|p1a: Slowbro|Amnesia|p1a: Slowbro
|-boost|p1a: Slowbro|spd|2
|-boost|p1a: Slowbro|spa|2
|-curestatus|p2a: Alphys|slp
|
|turn|80
|choice||
|
|move|p1a: Slowbro|Psychic|p2a: Alphys
|-resisted|p2a: Alphys
|-damage|p2a: Alphys|87\/100
|-unboost|p2a: Alphys|spd|1
|-unboost|p2a: Alphys|spa|1
|move|p2a: Alphys|Thunder Wave|p1a: Slowbro
|-status|p1a: Slowbro|par
|
|turn|81
|j|Andry~PM
|l|Andry~PM
|choice||
|
|move|p1a: Slowbro|Thunder Wave|p2a: Alphys
|-status|p2a: Alphys|par
|cant|p2a: Alphys|par
|
|turn|82
|choice||
|
|move|p2a: Alphys|Amnesia|p2a: Alphys
|-boost|p2a: Alphys|spd|2
|-boost|p2a: Alphys|spa|2
|move|p1a: Slowbro|Psychic|p2a: Alphys
|-resisted|p2a: Alphys
|-damage|p2a: Alphys|73\/100 par
|-unboost|p2a: Alphys|spd|1
|-unboost|p2a: Alphys|spa|1
|
|turn|83
|choice||
|
|move|p1a: Slowbro|Psychic|p2a: Alphys
|-resisted|p2a: Alphys
|-damage|p2a: Alphys|58\/100 par
|-unboost|p2a: Alphys|spd|1
|-unboost|p2a: Alphys|spa|1
|move|p2a: Alphys|Surf|p1a: Slowbro
|-crit|p1a: Slowbro
|-resisted|p1a: Slowbro
|-damage|p1a: Slowbro|57\/100 par
|
|turn|84
|choice||
|
|move|p1a: Slowbro|Psychic|p2a: Alphys
|-resisted|p2a: Alphys
|-damage|p2a: Alphys|41\/100 par
|cant|p2a: Alphys|par
|
|turn|85
|choice||
|
|move|p1a: Slowbro|Psychic|p2a: Alphys
|-resisted|p2a: Alphys
|-damage|p2a: Alphys|22\/100 par
|-unboost|p2a: Alphys|spd|1
|-unboost|p2a: Alphys|spa|1
|move|p2a: Alphys|Rest|p2a: Alphys
|-status|p2a: Alphys|slp
|-heal|p2a: Alphys|100\/100 slp|[silent]
|-status|p2a: Alphys|slp|[from] move: Rest
|
|turn|86
|choice||
|
|cant|p1a: Slowbro|par
|cant|p2a: Alphys|slp
|
|turn|87
|choice||
|
|cant|p1a: Slowbro|par
|-curestatus|p2a: Alphys|slp
|
|turn|88
|choice||
|
|move|p1a: Slowbro|Psychic|p2a: Alphys
|-resisted|p2a: Alphys
|-damage|p2a: Alphys|79\/100
|-unboost|p2a: Alphys|spd|1
|-unboost|p2a: Alphys|spa|1
|move|p2a: Alphys|Amnesia|p2a: Alphys
|-boost|p2a: Alphys|spd|2
|-boost|p2a: Alphys|spa|2
|
|turn|89
|choice||
|
|move|p2a: Alphys|Amnesia|p2a: Alphys
|-boost|p2a: Alphys|spd|2
|-boost|p2a: Alphys|spa|2
|move|p1a: Slowbro|Psychic|p2a: Alphys
|-resisted|p2a: Alphys
|-damage|p2a: Alphys|65\/100
|
|turn|90
|choice||
|
|move|p2a: Alphys|Surf|p1a: Slowbro
|-resisted|p1a: Slowbro
|-damage|p1a: Slowbro|42\/100 par
|move|p1a: Slowbro|Thunder Wave|p2a: Alphys
|-status|p2a: Alphys|par
|
|turn|91
|choice||
|
|move|p2a: Alphys|Surf|p1a: Slowbro
|-resisted|p1a: Slowbro
|-damage|p1a: Slowbro|28\/100 par
|move|p1a: Slowbro|Psychic|p2a: Alphys
|-resisted|p2a: Alphys
|-damage|p2a: Alphys|51\/100 par
|
|turn|92
|choice||
|
|move|p1a: Slowbro|Rest|p1a: Slowbro
|-status|p1a: Slowbro|slp
|-heal|p1a: Slowbro|100\/100 slp|[silent]
|-status|p1a: Slowbro|slp|[from] move: Rest
|cant|p2a: Alphys|par
|
|turn|93
|choice||
|
|switch|p1a: Tauros|Tauros|100\/100
|cant|p2a: Alphys|par
|
|turn|94
|choice||
|
|move|p1a: Tauros|Body Slam|p2a: Alphys
|-damage|p2a: Alphys|28\/100 par
|move|p2a: Alphys|Thunder Wave|p1a: Tauros
|-status|p1a: Tauros|par
|
|turn|95
|choice||
|
|move|p1a: Tauros|Hyper Beam|p2a: Alphys
|-damage|p2a: Alphys|0 fnt
|faint|p2a: Alphys
|choice||
|
|switch|p2a: Asgore|Tauros|64\/100 par
|turn|96
|choice||
|
|move|p1a: Tauros|Body Slam|p2a: Asgore
|-damage|p2a: Asgore|34\/100 par
|move|p2a: Asgore|Double-Edge|p1a: Tauros
|-crit|p1a: Tauros
|-damage|p1a: Tauros|29\/100 par
|-damage|p2a: Asgore|17\/100 par|[from] recoil|[of] p1a: Tauros
|
|turn|97
|choice||
|
|cant|p2a: Asgore|par
|move|p1a: Tauros|Hyper Beam|p2a: Asgore
|-damage|p2a: Asgore|0 fnt
|faint|p2a: Asgore
|
|win|Svempire
|player|p1
|player|p2
|raw|Svempire's rating: 1169 &rarr; <strong>1189<\/strong><br \/>(+20 for winning)
|raw|Dexeway's rating: 1097 &rarr; <strong>1077<\/strong><br \/>(-20 for losing)
|c|★Svempire|gg
|c|★Dexeway|gg