|j|Max Butt
|j|gymleaderfabe
|player|p1|Max Butt|43
|player|p2|gymleaderfabe|241
|gametype|singles
|gen|1
|tier|[Gen 1] Random Battle
|rated
|seed|38993,41061,45901,17718
|rule|Sleep Clause Mod: Limit one foe put to sleep
|rule|Freeze Clause Mod: Limit one foe frozen
|rule|HP Percentage Mod: HP is shown in percentages
|
|start
|switch|p1a: Sandshrew|Sandshrew, L96|291\/291
|switch|p2a: Golduck|Golduck, L85|310\/310
|turn|1
|c|★gymleaderfabe|oh hi again
|c|★Max Butt|long day for you
|c|★Max Butt|working back up to 1300?
|choice|switch 3|move 2
|
|switch|p1a: Mr. Mime|Mr. Mime, L85|242\/242
|move|p2a: Golduck|Blizzard|p1a: Mr. Mime
|-damage|p1a: Mr. Mime|170\/242
|
|turn|2
|c|★gymleaderfabe|working on this poop right now before the gym
|choice|move 1|switch 6
|
|switch|p2a: Golem|Golem, L79|288\/288
|move|p1a: Mr. Mime|Thunderbolt|p2a: Golem
|-immune|p2a: Golem|[msg]
|
|turn|3
|c|★Max Butt|hell yeah. pooping and pokemon.
|c|★gymleaderfabe|this is ussually when I play pokemon
|choice|switch 4|move 4
|
|switch|p1a: Blastoise|Blastoise, L85|308\/308
|move|p2a: Golem|Rock Slide|p1a: Blastoise
|-damage|p1a: Blastoise|239\/308
|
|turn|4
|c|★Max Butt|...have you been pooping all night?
|choice|move 3|switch 5
|
|switch|p2a: Nidorina|Nidorina, L90|309\/309
|move|p1a: Blastoise|Earthquake|p2a: Nidorina
|-supereffective|p2a: Nidorina
|-damage|p2a: Nidorina|175\/309
|
|turn|5
|choice|switch 3|move 3
|
|switch|p1a: Sandshrew|Sandshrew, L96|291\/291
|move|p2a: Nidorina|Thunder|p1a: Sandshrew
|-immune|p1a: Sandshrew|[msg]
|
|turn|6
|c|★gymleaderfabe|lol
|c|★gymleaderfabe|said ussually
|c|★gymleaderfabe|today was different
|c|★gymleaderfabe|I was on the blogs all day
|c|★Max Butt|celebrating the reverend dr martin luther king by fighting imaginary japanese monsters
|choice|move 1|switch 6
|
|switch|p2a: Golduck|Golduck, L85|310\/310
|move|p1a: Sandshrew|Earthquake|p2a: Golduck
|-damage|p2a: Golduck|178\/310
|
|turn|7
|choice|move 1|move 2
|
|move|p2a: Golduck|Blizzard|p1a: Sandshrew
|-supereffective|p1a: Sandshrew
|-damage|p1a: Sandshrew|61\/291
|move|p1a: Sandshrew|Earthquake|p2a: Golduck
|-damage|p2a: Golduck|45\/310
|
|turn|8
|choice|switch 3|move 4
|
|switch|p1a: Blastoise|Blastoise, L85|239\/308
|move|p2a: Golduck|Rest|p2a: Golduck
|-status|p2a: Golduck|slp
|-heal|p2a: Golduck|310\/310 slp|[silent]
|-status|p2a: Golduck|slp|[from] move: Rest
|
|turn|9
|choice|switch 4|switch 6
|
|switch|p2a: Nidorina|Nidorina, L90|175\/309
|switch|p1a: Mr. Mime|Mr. Mime, L85|170\/242
|
|turn|10
|c|★gymleaderfabe|you dont think he would do the same?
|c|★Max Butt|butterfree at last, butterfree at last...
|choice|move 2|move 2
|
|move|p1a: Mr. Mime|Psychic|p2a: Nidorina
|-supereffective|p2a: Nidorina
|-damage|p2a: Nidorina|0 fnt
|faint|p2a: Nidorina
|choice||switch 4
|
|switch|p2a: Tauros|Tauros, L79|280\/280
|turn|11
|choice|switch 4|move 1
|
|switch|p1a: Blastoise|Blastoise, L85|239\/308
|move|p2a: Tauros|Body Slam|p1a: Blastoise
|-damage|p1a: Blastoise|161\/308
|-status|p1a: Blastoise|par
|
|turn|12
|choice|move 1|move 4
|
|move|p2a: Tauros|Earthquake|p1a: Blastoise
|-damage|p1a: Blastoise|105\/308 par
|move|p1a: Blastoise|Blizzard|p2a: Tauros
|-damage|p2a: Tauros|177\/280
|
|turn|13
|choice|move 2|move 1
|
|move|p2a: Tauros|Body Slam|p1a: Blastoise
|-damage|p1a: Blastoise|35\/308 par
|move|p1a: Blastoise|Hyper Beam|p2a: Tauros
|-damage|p2a: Tauros|79\/280
|
|turn|14
|-mustrecharge|p1a: Blastoise
|-mustrecharge|p1a: Blastoise
|choice|move 1|move 1
|
|move|p2a: Tauros|Body Slam|p1a: Blastoise
|-damage|p1a: Blastoise|0 fnt
|faint|p1a: Blastoise
|c|★Max Butt|SHIT
|c|★Max Butt|the plan was to put ponyta in to finish the job
|c|★Max Butt|but ponyta doesnt have any offensive moves
|c|★gymleaderfabe|I had a game where ponyta had no attack
|choice|switch 5|
|
|switch|p1a: Gengar|Gengar, L79|257\/257
|turn|15
|c|★gymleaderfabe|lol same!
|c|★Max Butt|so its down to a speed tie
|choice|move 1|move 4
|
|move|p1a: Gengar|Hypnosis|p2a: Tauros
|-status|p2a: Tauros|slp
|-curestatus|p2a: Tauros|slp
|
|turn|16
|c|★Max Butt|NO
|choice|move 1|move 4
|
|move|p2a: Tauros|Earthquake|p1a: Gengar
|-supereffective|p1a: Gengar
|-damage|p1a: Gengar|91\/257
|move|p1a: Gengar|Hypnosis|p2a: Tauros|[miss]
|-miss|p1a: Gengar
|
|turn|17
|c|★Max Butt|not like this
|c|★Max Butt|...
|choice|move 1|move 4
|
|move|p2a: Tauros|Earthquake|p1a: Gengar
|-supereffective|p1a: Gengar
|-damage|p1a: Gengar|0 fnt
|faint|p1a: Gengar
|choice|switch 4|
|
|switch|p1a: Mr. Mime|Mr. Mime, L85|170\/242
|turn|18
|c|★gymleaderfabe|phew
|c|★Max Butt|gg you win
|choice|move 2|move 3
|
|move|p2a: Tauros|Hyper Beam|p1a: Mr. Mime
|-damage|p1a: Mr. Mime|3\/242
|move|p1a: Mr. Mime|Psychic|p2a: Tauros
|-damage|p2a: Tauros|0 fnt
|faint|p2a: Tauros
|c|★Max Butt|:|
|c|★gymleaderfabe|so close
|c|★gymleaderfabe|not even a crit
|c|★Max Butt|i thought a beam woulda done it
|choice||switch 3
|
|switch|p2a: Charizard|Charizard, L85|306\/306
|turn|19
|c|★Max Butt|mimes can't take punches
|c|★gymleaderfabe|I hope I win   I need it
|choice|switch 2|move 1
|
|switch|p1a: Ponyta|Ponyta, L96|291\/291
|move|p2a: Charizard|Body Slam|p1a: Ponyta
|-damage|p1a: Ponyta|228\/291
|
|turn|20
|c|★Max Butt|you will
|c|★Max Butt|here's worthless
|choice|move 1|switch 5
|
|switch|p2a: Golem|Golem, L79|288\/288
|move|p1a: Ponyta|Growl|p2a: Golem
|-unboost|p2a: Golem|atk|1
|
|turn|21
|choice|move 1|switch 6
|
|switch|p2a: Golduck|Golduck, L85|310\/310 slp
|move|p1a: Ponyta|Growl|p2a: Golduck
|-unboost|p2a: Golduck|atk|1
|
|turn|22
|choice|switch 2|move 1
|
|switch|p1a: Mr. Mime|Mr. Mime, L85|3\/242
|cant|p2a: Golduck|slp
|
|turn|23
|c|★gymleaderfabe|im sure ill loose somehow
|c|★gymleaderfabe|this game dont like me right now
|c|★Max Butt|ah, it'll take luck + miracle
|c|★gymleaderfabe|what if me loosing is the game way of saying get out and see the world
|c|★Max Butt|my last one COULD help me
|choice|move 2|switch 6
|
|switch|p2a: Golem|Golem, L79|288\/288
|move|p1a: Mr. Mime|Psychic|p2a: Golem
|-damage|p2a: Golem|154\/288
|-unboost|p2a: Golem|spd|1
|-unboost|p2a: Golem|spa|1
|
|turn|24
|choice|move 2|move 1
|
|move|p1a: Mr. Mime|Psychic|p2a: Golem
|-damage|p2a: Golem|0 fnt
|faint|p2a: Golem
|c|★gymleaderfabe|omg
|c|★gymleaderfabe|I fucked up
|choice||switch 5
|
|switch|p2a: Charizard|Charizard, L85|306\/306
|turn|25
|c|★Max Butt|didnt see the spc?
|choice|switch 2|move 1
|
|switch|p1a: Ponyta|Ponyta, L96|228\/291
|move|p2a: Charizard|Body Slam|p1a: Ponyta
|-damage|p1a: Ponyta|157\/291
|-status|p1a: Ponyta|par
|
|turn|26
|c|★gymleaderfabe|I dont know what I was thinking
|choice|move 1|switch 6
|
|switch|p2a: Golduck|Golduck, L85|310\/310 slp
|move|p1a: Ponyta|Growl|p2a: Golduck
|-unboost|p2a: Golduck|atk|1
|
|turn|27
|choice|switch 2|switch 6
|
|switch|p2a: Charizard|Charizard, L85|306\/306
|switch|p1a: Mr. Mime|Mr. Mime, L85|3\/242
|
|turn|28
|c|★Max Butt|good call there
|c|★gymleaderfabe|hi mr mime
|c|★gymleaderfabe|meet charizard
|choice|switch 2|move 1
|
|switch|p1a: Ponyta|Ponyta, L96|157\/291 par
|move|p2a: Charizard|Body Slam|p1a: Ponyta
|-damage|p1a: Ponyta|96\/291 par
|
|turn|29
|choice|switch 2|switch 6
|
|switch|p2a: Golduck|Golduck, L85|310\/310 slp
|switch|p1a: Mr. Mime|Mr. Mime, L85|3\/242
|
|turn|30
|c|★Max Butt|:)
|c|★gymleaderfabe|haha
|c|★gymleaderfabe|when switching I told myself oh shit I fucked up
|choice|move 1|switch 6
|
|switch|p2a: Charizard|Charizard, L85|306\/306
|move|p1a: Mr. Mime|Thunderbolt|p2a: Charizard
|-crit|p2a: Charizard
|-supereffective|p2a: Charizard
|-damage|p2a: Charizard|6\/306
|
|turn|31
|c|★Max Butt|daaaamn
|choice|switch 2|move 2
|
|switch|p1a: Ponyta|Ponyta, L96|96\/291 par
|move|p2a: Charizard|Earthquake|p1a: Ponyta
|-crit|p1a: Ponyta
|-supereffective|p1a: Ponyta
|-damage|p1a: Ponyta|0 fnt
|faint|p1a: Ponyta
|c|★gymleaderfabe|omg
|c|★gymleaderfabe|I told you
|c|★gymleaderfabe|ima loose
|choice|switch 6|
|
|switch|p1a: Chansey|Chansey, L79|557\/557
|turn|32
|choice|move 2|move 1
|
|move|p2a: Charizard|Body Slam|p1a: Chansey
|-damage|p1a: Chansey|402\/557
|move|p1a: Chansey|Ice Beam|p2a: Charizard
|-supereffective|p2a: Charizard
|-damage|p2a: Charizard|0 fnt
|faint|p2a: Charizard
|choice||switch 2
|
|switch|p2a: Machoke|Machoke, L85|310\/310
|turn|33
|c|★Max Butt|oh my
|c|★Max Butt|this COULD be close
|choice|move 4|move 1
|
|move|p2a: Machoke|Body Slam|p1a: Chansey
|-damage|p1a: Chansey|230\/557
|move|p1a: Chansey|Thunder Wave|p2a: Machoke
|-status|p2a: Machoke|par
|
|turn|34
|choice|move 2|move 1
|
|move|p1a: Chansey|Ice Beam|p2a: Machoke
|-damage|p2a: Machoke|228\/310 par
|move|p2a: Machoke|Body Slam|p1a: Chansey
|-damage|p1a: Chansey|73\/557
|
|turn|35
|c|★Max Butt|you MAY have choked this away
|c|★gymleaderfabe|I fucking lost
|choice|move 2|move 1
|
|move|p1a: Chansey|Ice Beam|p2a: Machoke
|-damage|p2a: Machoke|141\/310 par
|move|p2a: Machoke|Body Slam|p1a: Chansey
|-damage|p1a: Chansey|0 fnt
|faint|p1a: Chansey
|c|★Max Butt|i think i want chansey to die here
|c|★Max Butt|set up mime for duck
|choice|switch 2|
|
|switch|p1a: Mr. Mime|Mr. Mime, L85|3\/242
|turn|36
|c|★gymleaderfabe|nope
|c|★Max Butt|well, kudos to me for a match well played
|choice|move 2|move 1
|
|move|p1a: Mr. Mime|Psychic|p2a: Machoke
|-supereffective|p2a: Machoke
|-damage|p2a: Machoke|0 fnt
|faint|p2a: Machoke
|c|★Max Butt|assuming duck stays down one more?
|c|★Max Butt|could be close
|choice||switch 6
|
|switch|p2a: Golduck|Golduck, L85|310\/310 slp
|turn|37
|choice|move 1|move 3
|
|move|p1a: Mr. Mime|Thunderbolt|p2a: Golduck
|-supereffective|p2a: Golduck
|-damage|p2a: Golduck|165\/310 slp
|-curestatus|p2a: Golduck|slp
|
|turn|38
|c|★Max Butt|oh nooooooo
|choice|move 3|move 3
|
|move|p1a: Mr. Mime|Thunder Wave|p2a: Golduck
|-status|p2a: Golduck|par
|move|p2a: Golduck|Surf|p1a: Mr. Mime
|-damage|p1a: Mr. Mime|0 fnt
|faint|p1a: Mr. Mime
|c|★Max Butt|gotta go with plan b
|choice|switch 3|
|
|switch|p1a: Sandshrew|Sandshrew, L96|61\/291
|turn|39
|c|★Max Butt|ha, good match regardless
|choice|move 1|move 3
|
|move|p1a: Sandshrew|Earthquake|p2a: Golduck
|-damage|p2a: Golduck|33\/310 par
|cant|p2a: Golduck|par
|
|turn|40
|c|★Max Butt|:|
|c|★gymleaderfabe|come on
|c|★gymleaderfabe|omg
|c|★gymleaderfabe|WHAT THE FUCKING FUCK
|c|★gymleaderfabe|seriously
|c|★gymleaderfabe|I cant win a fucking game due to this bullshit
|choice|move 1|move 3
|
|move|p1a: Sandshrew|Earthquake|p2a: Golduck
|-damage|p2a: Golduck|0 fnt
|faint|p2a: Golduck
|
|win|Max Butt
|player|p1
|player|p2
|raw|Max Butt's rating: 1266 &rarr; <strong>1282<\/strong><br \/>(+16 for winning)
|raw|gymleaderfabe's rating: 1141 &rarr; <strong>1125<\/strong><br \/>(-16 for losing)
|c|★Max Butt|...maybe quake misses
|c|★Max Butt|nope
|c|★gymleaderfabe|I cant believe this fucking shit
|c|★gymleaderfabe|how the fuck did I blow this easy ass win
|c|★Max Butt|maybe overthought with charizard
|c|★gymleaderfabe|such bullshit
|c|★gymleaderfabe|ill give you the other 2
|c|★Max Butt|duck staying out for 5 turns didnt help either
|c|★gymleaderfabe|but this one
|c|★gymleaderfabe|come on
|c|★gymleaderfabe|I surived a thunderbolt and yet this is what kills me