|j|ZZfucboii
|j|T-clover
|player|p1|ZZfucboii|23
|player|p2|T-clover|143
|gametype|singles
|gen|1
|tier|[Gen 1] OU
|rated
|seed|15228,2635,10908,21574
|rule|Sleep Clause Mod: Limit one foe put to sleep
|rule|Freeze Clause Mod: Limit one foe frozen
|rule|Species Clause: Limit one of each Pokémon
|rule|OHKO Clause: OHKO moves are banned
|rule|Evasion Moves Clause: Evasion moves are banned
|rule|HP Percentage Mod: HP is shown in percentages
|
|start
|switch|p1a: Rapidash|Rapidash|333\/333
|switch|p2a: Gengar|Gengar|323\/323
|turn|1
|choice|move 1|move 1
|
|move|p2a: Gengar|Hypnosis|p1a: Rapidash|[miss]
|-miss|p2a: Gengar
|move|p1a: Rapidash|Agility|p1a: Rapidash
|-boost|p1a: Rapidash|spe|2
|
|turn|2
|choice|move 2|move 1
|
|move|p1a: Rapidash|Fire Spin|p2a: Gengar
|-crit|p2a: Gengar
|-damage|p2a: Gengar|297\/323
|-activate|p2a: Gengar|move: Fire Spin|[of] p1a: Rapidash
|cant|p2a: Gengar|partiallytrapped
|
|turn|3
|choice|move 2|switch 6
|
|switch|p2a: Sandslash|Sandslash|353\/353
|move|p1a: Rapidash|Fire Spin|p2a: Sandslash|[miss]
|-miss|p1a: Rapidash
|
|turn|4
|choice|switch 2|move 4
|
|switch|p1a: Dragonite|Dragonite|385\/385
|move|p2a: Sandslash|Swords Dance|p2a: Sandslash
|-boost|p2a: Sandslash|atk|2
|
|turn|5
|choice|move 1|move 2
|
|move|p1a: Dragonite|Agility|p1a: Dragonite
|-boost|p1a: Dragonite|spe|2
|move|p2a: Sandslash|Rock Slide|p1a: Dragonite
|-supereffective|p1a: Dragonite
|-damage|p1a: Dragonite|143\/385
|
|turn|6
|choice|move 2|switch 6
|
|switch|p2a: Gengar|Gengar|297\/323
|move|p1a: Dragonite|Blizzard|p2a: Gengar|[miss]
|-miss|p1a: Dragonite
|
|turn|7
|choice|move 2|move 1
|
|move|p1a: Dragonite|Blizzard|p2a: Gengar
|-crit|p2a: Gengar
|-damage|p2a: Gengar|143\/323
|move|p2a: Gengar|Hypnosis|p1a: Dragonite
|-status|p1a: Dragonite|slp
|
|turn|8
|choice|move 2|move 2
|
|cant|p1a: Dragonite|slp
|move|p2a: Gengar|Confuse Ray|p1a: Dragonite
|-start|p1a: Dragonite|confusion
|
|turn|9
|choice|move 2|switch 4
|
|switch|p2a: Cloyster|Cloyster|303\/303
|cant|p1a: Dragonite|slp
|
|turn|10
|choice|move 4|move 3
|
|cant|p1a: Dragonite|slp
|move|p2a: Cloyster|Toxic|p1a: Dragonite|[miss]
|-miss|p2a: Cloyster
|
|turn|11
|choice|move 4|move 4
|
|cant|p1a: Dragonite|slp
|move|p2a: Cloyster|Blizzard|p1a: Dragonite
|-supereffective|p1a: Dragonite
|-damage|p1a: Dragonite|0 fnt
|faint|p1a: Dragonite
|choice|switch 6|
|
|switch|p1a: Jolteon|Jolteon|333\/333
|turn|12
|choice|move 1|switch 6
|
|switch|p2a: Sandslash|Sandslash|353\/353
|move|p1a: Jolteon|Double Kick|p2a: Sandslash
|-damage|p2a: Sandslash|334\/353
|-damage|p2a: Sandslash|315\/353
|-hitcount|p2a: Sandslash|2
|
|turn|13
|choice|switch 4|move 4
|
|switch|p1a: Starmie|Starmie|323\/323
|move|p2a: Sandslash|Swords Dance|p2a: Sandslash
|-boost|p2a: Sandslash|atk|2
|
|turn|14
|choice|move 3|switch 6
|
|switch|p2a: Cloyster|Cloyster|303\/303
|move|p1a: Starmie|Surf|p2a: Cloyster
|-resisted|p2a: Cloyster
|-damage|p2a: Cloyster|241\/303
|
|turn|15
|choice|move 4|move 2
|
|move|p1a: Starmie|Thunderbolt|p2a: Cloyster
|-supereffective|p2a: Cloyster
|-damage|p2a: Cloyster|65\/303
|move|p2a: Cloyster|Explosion|p1a: Starmie
|-damage|p1a: Starmie|18\/323
|faint|p2a: Cloyster
|choice||switch 4
|
|switch|p2a: Gengar|Gengar|143\/323
|turn|16
|choice|move 1|move 3
|
|move|p1a: Starmie|Hydro Pump|p2a: Gengar
|-crit|p2a: Gengar
|-damage|p2a: Gengar|0 fnt
|faint|p2a: Gengar
|choice||switch 2
|
|switch|p2a: Tauros|Tauros|353\/353
|turn|17
|choice|move 1|move 2
|
|move|p1a: Starmie|Hydro Pump|p2a: Tauros
|-damage|p2a: Tauros|161\/353
|move|p2a: Tauros|Earthquake|p1a: Starmie
|-damage|p1a: Starmie|0 fnt
|faint|p1a: Starmie
|choice|switch 3|
|
|switch|p1a: Dugtrio|Dugtrio|273\/273
|turn|18
|choice|move 1|switch 3
|
|switch|p2a: Articuno|Articuno|383\/383
|move|p1a: Dugtrio|Earthquake|p2a: Articuno
|-immune|p2a: Articuno|[msg]
|
|turn|19
|choice|move 3|move 1
|
|move|p1a: Dugtrio|Rock Slide|p2a: Articuno
|-supereffective|p2a: Articuno
|-damage|p2a: Articuno|159\/383
|move|p2a: Articuno|Blizzard|p1a: Dugtrio
|-supereffective|p1a: Dugtrio
|-damage|p1a: Dugtrio|0 fnt
|faint|p1a: Dugtrio
|choice|switch 2|
|
|switch|p1a: Rapidash|Rapidash|333\/333
|turn|20
|choice|move 1|switch 6
|
|switch|p2a: Sandslash|Sandslash|315\/353
|move|p1a: Rapidash|Agility|p1a: Rapidash
|-boost|p1a: Rapidash|spe|2
|
|turn|21
|choice|move 2|move 1
|
|move|p1a: Rapidash|Fire Spin|p2a: Sandslash
|-crit|p2a: Sandslash
|-damage|p2a: Sandslash|272\/353
|-activate|p2a: Sandslash|move: Fire Spin|[of] p1a: Rapidash
|cant|p2a: Sandslash|partiallytrapped
|
|turn|22
|choice|move 2|move 1
|
|move|p1a: Rapidash|Fire Spin|p2a: Sandslash|[from]Fire Spin
|-damage|p2a: Sandslash|229\/353
|cant|p2a: Sandslash|partiallytrapped
|
|turn|23
|choice|move 2|move 1
|
|move|p1a: Rapidash|Fire Spin|p2a: Sandslash|[from]Fire Spin
|-damage|p2a: Sandslash|186\/353
|cant|p2a: Sandslash|partiallytrapped
|
|turn|24
|choice|move 2|move 1
|
|move|p1a: Rapidash|Fire Spin|p2a: Sandslash|[from]Fire Spin
|-damage|p2a: Sandslash|143\/353
|cant|p2a: Sandslash|partiallytrapped
|
|-end|p2a: Sandslash|Fire Spin|[partiallytrapped]
|turn|25
|choice|move 2|switch 5
|
|switch|p2a: Rapidash|Rapidash|333\/333
|move|p1a: Rapidash|Fire Spin|p2a: Rapidash|[miss]
|-miss|p1a: Rapidash
|
|turn|26
|choice|move 4|move 2
|
|move|p1a: Rapidash|Toxic|p2a: Rapidash
|-status|p2a: Rapidash|tox
|move|p2a: Rapidash|Toxic|p1a: Rapidash
|-status|p1a: Rapidash|tox
|-damage|p2a: Rapidash|313\/333 tox|[from] tox|[of] p1a: Rapidash
|
|turn|27
|choice|move 2|move 1
|
|move|p1a: Rapidash|Fire Spin|p2a: Rapidash
|-resisted|p2a: Rapidash
|-damage|p2a: Rapidash|304\/333 tox
|-activate|p2a: Rapidash|move: Fire Spin|[of] p1a: Rapidash
|-damage|p1a: Rapidash|313\/333 tox|[from] tox|[of] p2a: Rapidash
|cant|p2a: Rapidash|partiallytrapped
|-damage|p2a: Rapidash|264\/333 tox|[from] tox|[of] p1a: Rapidash
|
|turn|28
|choice|move 2|switch 5
|
|switch|p2a: Sandslash|Sandslash|143\/353
|move|p1a: Rapidash|Fire Spin|p2a: Sandslash
|-damage|p2a: Sandslash|119\/353
|-activate|p2a: Sandslash|move: Fire Spin|[of] p1a: Rapidash
|-damage|p1a: Rapidash|273\/333 tox|[from] tox|[of] p2a: Sandslash
|
|turn|29
|choice|move 2|switch 5
|
|switch|p2a: Rapidash|Rapidash|264\/333 tox
|-status|p2a: Rapidash|psn
|-damage|p2a: Rapidash|244\/333 psn|[from] psn
|move|p1a: Rapidash|Fire Spin|p2a: Rapidash|[miss]
|-miss|p1a: Rapidash
|-damage|p1a: Rapidash|213\/333 tox|[from] tox|[of] p2a: Rapidash
|
|turn|30
|choice|switch 5|switch 5
|
|switch|p1a: Alakazam|Alakazam|313\/313
|switch|p2a: Sandslash|Sandslash|119\/353
|
|turn|31
|choice|move 2|move 1
|
|move|p1a: Alakazam|Psychic|p2a: Sandslash
|-damage|p2a: Sandslash|0 fnt
|faint|p2a: Sandslash
|choice||switch 6
|
|switch|p2a: Articuno|Articuno|159\/383
|turn|32
|choice|move 2|move 1
|
|move|p1a: Alakazam|Psychic|p2a: Articuno
|-damage|p2a: Articuno|55\/383
|-unboost|p2a: Articuno|spd|1
|-unboost|p2a: Articuno|spa|1
|move|p2a: Articuno|Blizzard|p1a: Alakazam
|-damage|p1a: Alakazam|230\/313
|
|turn|33
|choice|move 2|move 1
|
|move|p1a: Alakazam|Psychic|p2a: Articuno
|-damage|p2a: Articuno|0 fnt
|faint|p2a: Articuno
|choice||switch 5
|
|switch|p2a: Rapidash|Rapidash|244\/333 psn
|turn|34
|choice|move 4|move 1
|
|move|p1a: Alakazam|Substitute|p1a: Alakazam
|-start|p1a: Alakazam|Substitute
|-damage|p1a: Alakazam|152\/313
|move|p2a: Rapidash|Fire Spin|p1a: Alakazam
|-activate|p1a: Alakazam|move: Fire Spin|[of] p2a: Rapidash
|-activate|p1a: Alakazam|Substitute|[damage]
|-damage|p2a: Rapidash|224\/333 psn|[from] psn|[of] p1a: Alakazam
|
|turn|35
|choice|move 1|move 1
|
|cant|p1a: Alakazam|partiallytrapped
|move|p2a: Rapidash|Fire Spin|p1a: Alakazam|[from]Fire Spin
|-activate|p1a: Alakazam|Substitute|[damage]
|-damage|p2a: Rapidash|204\/333 psn|[from] psn|[of] p1a: Alakazam
|
|-end|p1a: Alakazam|Fire Spin|[partiallytrapped]
|turn|36
|choice|move 1|move 1
|
|move|p1a: Alakazam|Recover|p1a: Alakazam
|-heal|p1a: Alakazam|308\/313
|move|p2a: Rapidash|Fire Spin|p1a: Alakazam|[from]Fire Spin
|-activate|p1a: Alakazam|move: Fire Spin|[of] p2a: Rapidash
|-activate|p1a: Alakazam|Substitute|[damage]
|-damage|p2a: Rapidash|184\/333 psn|[from] psn|[of] p1a: Alakazam
|
|turn|37
|choice|move 2|move 1
|
|cant|p1a: Alakazam|partiallytrapped
|move|p2a: Rapidash|Fire Spin|p1a: Alakazam|[from]Fire Spin
|-activate|p1a: Alakazam|Substitute|[damage]
|-damage|p2a: Rapidash|164\/333 psn|[from] psn|[of] p1a: Alakazam
|
|-end|p1a: Alakazam|Fire Spin|[partiallytrapped]
|turn|38
|choice|move 2|move 3
|
|move|p1a: Alakazam|Psychic|p2a: Rapidash
|-damage|p2a: Rapidash|12\/333 psn
|move|p2a: Rapidash|Fire Blast|p1a: Alakazam
|-end|p1a: Alakazam|Substitute
|-damage|p2a: Rapidash|0 fnt|[from] psn|[of] p1a: Alakazam
|faint|p2a: Rapidash
|choice||switch 3
|
|switch|p2a: Tauros|Tauros|161\/353
|turn|39
|choice|move 2|move 3
|
|move|p1a: Alakazam|Psychic|p2a: Tauros
|-crit|p2a: Tauros
|-damage|p2a: Tauros|0 fnt
|faint|p2a: Tauros
|
|win|ZZfucboii
|player|p1
|player|p2
|raw|ZZfucboii's rating: 1029 &rarr; <strong>1067<\/strong><br \/>(+38 for winning)
|raw|T-clover's rating: 1045 &rarr; <strong>1028<\/strong><br \/>(-17 for losing)
|l|T-clover
|c|★ZZfucboii|Gg