|join|luc1993
|join|jb champ
|player|p1|luc1993|153
|player|p2|jb champ|150
|gametype|singles
|gen|1
|tier|[Gen 1] OU (beta)
|rated
|rule|Sleep Clause Mod: Limit one foe put to sleep
|rule|Species Clause: Limit one of each Pokemon
|rule|OHKO Clause: OHKO moves are banned
|rule|Moody Clause: Moody is banned
|rule|Evasion Moves Clause: Evasion moves are banned
|rule|Endless Battle Clause: Forcing endless battles is banned.
|rule|HP Percentage Mod: HP is reported as percentages
|
|start
|switch|p1a: Venusaur|Venusaur|363\/363
|switch|p2a: Gengar|Gengar|323\/323
|turn|1
|chat|luc1993|hehe
|chat|jb champ|is this game serious?!
|
|switch|p1a: Rhydon|Rhydon|413\/413
|move|p2a: Gengar|Hypnosis|p1a: Rhydon|[miss]
|-miss|p2a: Gengar
|
|turn|2
|
|switch|p2a: Slowbro|Slowbro|393\/393
|move|p1a: Rhydon|Earthquake|p2a: Slowbro
|-damage|p2a: Slowbro|260\/393
|
|turn|3
|
|switch|p1a: Venusaur|Venusaur|363\/363
|move|p2a: Slowbro|Thunder Wave|p1a: Venusaur
|-status|p1a: Venusaur|par
|
|turn|4
|
|switch|p2a: Gengar|Gengar|323\/323
|move|p1a: Venusaur|Sleep Powder|p2a: Gengar
|-status|p2a: Gengar|slp
|
|turn|5
|
|switch|p2a: Alakazam|Alakazam|313\/313
|switch|p1a: Rhydon|Rhydon|413\/413
|
|turn|6
|
|move|p2a: Alakazam|Psychic|p1a: Rhydon
|-damage|p1a: Rhydon|195\/413
|-unboost|p1a: Rhydon|spd|1
|-unboost|p1a: Rhydon|spa|1
|move|p1a: Rhydon|Earthquake|p2a: Alakazam
|-damage|p2a: Alakazam|75\/313
|
|turn|7
|
|switch|p1a: Chansey|Chansey|703\/703
|move|p2a: Alakazam|Psychic|p1a: Chansey
|-crit|p1a: Chansey
|-damage|p1a: Chansey|433\/703
|
|turn|8
|
|switch|p2a: Gengar|Gengar|323\/323 slp
|move|p1a: Chansey|Thunder Wave|p2a: Gengar
|-fail|p2a: Gengar
|
|turn|9
|
|switch|p2a: Alakazam|Alakazam|75\/313
|move|p1a: Chansey|Ice Beam|p2a: Alakazam
|-crit|p2a: Alakazam
|-damage|p2a: Alakazam|0 fnt
|faint|p2a: Alakazam
|
|
|switch|p2a: Slowbro|Slowbro|260\/393
|turn|10
|
|switch|p1a: Venusaur|Venusaur|363\/363 par
|move|p2a: Slowbro|Amnesia|p2a: Slowbro
|-boost|p2a: Slowbro|spd|2
|-boost|p2a: Slowbro|spa|2
|
|turn|11
|
|switch|p1a: Tauros|Tauros|353\/353
|move|p2a: Slowbro|Surf|p1a: Tauros
|-damage|p1a: Tauros|131\/353
|
|turn|12
|
|switch|p1a: Venusaur|Venusaur|363\/363 par
|move|p2a: Slowbro|Surf|p1a: Venusaur
|-resisted|p1a: Venusaur
|-damage|p1a: Venusaur|265\/363 par
|
|turn|13
|
|switch|p2a: Chansey|Chansey|703\/703
|cant|p1a: Venusaur|par
|
|turn|14
|
|switch|p1a: Chansey|Chansey|433\/703
|move|p2a: Chansey|Blizzard|p1a: Chansey
|-damage|p1a: Chansey|339\/703
|
|turn|15
|
|move|p2a: Chansey|Blizzard|p1a: Chansey
|-damage|p1a: Chansey|241\/703
|move|p1a: Chansey|Soft-Boiled|p1a: Chansey
|-heal|p1a: Chansey|592\/703
|
|turn|16
|
|move|p2a: Chansey|Blizzard|p1a: Chansey
|-crit|p1a: Chansey
|-damage|p1a: Chansey|409\/703
|move|p1a: Chansey|Ice Beam|p2a: Chansey
|-damage|p2a: Chansey|622\/703
|
|turn|17
|
|move|p1a: Chansey|Ice Beam|p2a: Chansey
|-crit|p2a: Chansey
|-damage|p2a: Chansey|477\/703
|move|p2a: Chansey|Blizzard|p1a: Chansey
|-crit|p1a: Chansey
|-damage|p1a: Chansey|212\/703
|
|turn|18
|
|switch|p2a: Slowbro|Slowbro|260\/393
|move|p1a: Chansey|Soft-Boiled|p1a: Chansey
|-heal|p1a: Chansey|563\/703
|
|turn|19
|
|move|p1a: Chansey|Thunder Wave|p2a: Slowbro
|-status|p2a: Slowbro|par
|move|p2a: Slowbro|Amnesia|p2a: Slowbro
|-boost|p2a: Slowbro|spd|2
|-boost|p2a: Slowbro|spa|2
|
|turn|20
|
|switch|p1a: Lapras|Lapras|463\/463
|move|p2a: Slowbro|Surf|p1a: Lapras
|-resisted|p1a: Lapras
|-damage|p1a: Lapras|366\/463
|
|turn|21
|
|move|p1a: Lapras|Thunderbolt|p2a: Slowbro
|-supereffective|p2a: Slowbro
|-damage|p2a: Slowbro|178\/393 par
|move|p2a: Slowbro|Thunder Wave|p1a: Lapras
|-status|p1a: Lapras|par
|
|turn|22
|
|move|p1a: Lapras|Thunderbolt|p2a: Slowbro
|-crit|p2a: Slowbro
|-supereffective|p2a: Slowbro
|-damage|p2a: Slowbro|0 fnt
|faint|p2a: Slowbro
|
|
|switch|p2a: Chansey|Chansey|477\/703
|turn|23
|
|switch|p1a: Chansey|Chansey|563\/703
|move|p2a: Chansey|Thunderbolt|p1a: Chansey
|-damage|p1a: Chansey|485\/703
|-status|p1a: Chansey|par
|
|turn|24
|chat|luc1993|baby
|
|switch|p2a: Gengar|Gengar|323\/323 slp
|cant|p1a: Chansey|par
|
|turn|25
|
|switch|p2a: Tauros|Tauros|353\/353
|move|p1a: Chansey|Ice Beam|p2a: Tauros
|-damage|p2a: Tauros|251\/353
|
|turn|26
|
|move|p2a: Tauros|Body Slam|p1a: Chansey
|-crit|p1a: Chansey
|-damage|p1a: Chansey|0 fnt
|faint|p1a: Chansey
|
|chat|jb champ|baby
|
|switch|p1a: Snorlax|Snorlax|523\/523
|turn|27
|chat|luc1993|that was important for you
|
|switch|p2a: Chansey|Chansey|477\/703
|move|p1a: Snorlax|Body Slam|p2a: Chansey
|-damage|p2a: Chansey|201\/703
|
|turn|28
|
|move|p2a: Chansey|Thunder Wave|p1a: Snorlax
|-status|p1a: Snorlax|par
|move|p1a: Snorlax|Body Slam|p2a: Chansey
|-damage|p2a: Chansey|0 fnt
|faint|p2a: Chansey
|
|
|switch|p2a: Golem|Golem|363\/363
|turn|29
|
|move|p2a: Golem|Substitute|p2a: Golem
|-start|p2a: Golem|Substitute
|-damage|p2a: Golem|273\/363
|cant|p1a: Snorlax|par
|
|turn|30
|
|move|p2a: Golem|Earthquake|p1a: Snorlax
|-damage|p1a: Snorlax|353\/523 par
|move|p1a: Snorlax|Surf|p2a: Golem
|-supereffective|p2a: Golem
|-end|p2a: Golem|Substitute
|
|turn|31
|
|move|p2a: Golem|Substitute|p2a: Golem
|-start|p2a: Golem|Substitute
|-damage|p2a: Golem|183\/363
|move|p1a: Snorlax|Surf|p2a: Golem
|-supereffective|p2a: Golem
|-end|p2a: Golem|Substitute
|
|turn|32
|
|move|p2a: Golem|Substitute|p2a: Golem
|-start|p2a: Golem|Substitute
|-damage|p2a: Golem|93\/363
|move|p1a: Snorlax|Surf|p2a: Golem
|-supereffective|p2a: Golem
|-end|p2a: Golem|Substitute
|
|turn|33
|chat|jb champ|honestly
|chat|jb champ|can i even make another sub
|chat|jb champ|?
|chat|luc1993|dont know
|chat|luc1993|but honestly i think so yes
|
|move|p2a: Golem|Explosion|p1a: Snorlax
|-damage|p1a: Snorlax|0 fnt
|faint|p1a: Snorlax
|faint|p2a: Golem
|
|switch|p2a: Tauros|Tauros|251\/353
|switch|p1a: Lapras|Lapras|366\/463 par
|turn|34
|
|switch|p2a: Gengar|Gengar|323\/323 slp
|move|p1a: Lapras|Blizzard|p2a: Gengar
|-damage|p2a: Gengar|204\/323 slp
|
|turn|35
|
|cant|p2a: Gengar|slp
|cant|p1a: Lapras|par
|
|turn|36
|
|cant|p2a: Gengar|slp
|move|p1a: Lapras|Blizzard|p2a: Gengar
|-damage|p2a: Gengar|87\/323 slp
|
|turn|37
|
|cant|p2a: Gengar|slp
|-curestatus|p2a: Gengar|slp
|cant|p1a: Lapras|par
|
|turn|38
|
|move|p2a: Gengar|Thunderbolt|p1a: Lapras
|-crit|p1a: Lapras
|-supereffective|p1a: Lapras
|-damage|p1a: Lapras|0 fnt
|faint|p1a: Lapras
|
|chat|luc1993|omg
|
|switch|p1a: Venusaur|Venusaur|265\/363 par
|turn|39
|
|move|p2a: Gengar|Psychic|p1a: Venusaur|[miss]
|-miss|p2a: Gengar
|move|p1a: Venusaur|Sleep Powder|p2a: Gengar|[miss]
|-miss|p1a: Venusaur
|
|turn|40
|chat|jb champ|wow
|
|move|p2a: Gengar|Psychic|p1a: Venusaur
|-supereffective|p1a: Venusaur
|-damage|p1a: Venusaur|100\/363 par
|move|p1a: Venusaur|Sleep Powder|p2a: Gengar
|-status|p2a: Gengar|slp
|
|turn|41
|chat|luc1993|nothing happened
|
|cant|p2a: Gengar|slp
|-curestatus|p2a: Gengar|slp
|move|p1a: Venusaur|Substitute|p1a: Venusaur
|-start|p1a: Venusaur|Substitute
|-damage|p1a: Venusaur|10\/363 par
|
|turn|42
|
|move|p2a: Gengar|Psychic|p1a: Venusaur
|-supereffective|p1a: Venusaur
|-end|p1a: Venusaur|Substitute
|move|p1a: Venusaur|Sleep Powder|p2a: Gengar|[miss]
|-miss|p1a: Venusaur
|
|turn|43
|chat|luc1993|cmom
|chat|jb champ|...
|
|move|p2a: Gengar|Psychic|p1a: Venusaur
|-supereffective|p1a: Venusaur
|-damage|p1a: Venusaur|0 fnt
|faint|p1a: Venusaur
|
|
|switch|p1a: Rhydon|Rhydon|195\/413
|turn|44
|
|move|p2a: Gengar|Psychic|p1a: Rhydon
|-damage|p1a: Rhydon|59\/413
|move|p1a: Rhydon|Earthquake|p2a: Gengar
|-supereffective|p2a: Gengar
|-damage|p2a: Gengar|0 fnt
|faint|p2a: Gengar
|
|
|switch|p2a: Tauros|Tauros|251\/353
|turn|45
|
|move|p2a: Tauros|Earthquake|p1a: Rhydon
|-supereffective|p1a: Rhydon
|-damage|p1a: Rhydon|0 fnt
|faint|p1a: Rhydon
|
|chat|luc1993|mensch
|chat|luc1993|schon wieder opponent luck
|
|switch|p1a: Tauros|Tauros|131\/353
|turn|46
|chat|jb champ|there's no beating the champ
|
|move|p2a: Tauros|Hyper Beam|p1a: Tauros
|-damage|p1a: Tauros|0 fnt
|faint|p1a: Tauros
|
|win|jb champ
|raw|Ladder updating...
|raw|luc1993's rating: 1335 &rarr; <strong>1315<\/strong><br \/>(-20 for losing)
|raw|jb champ's rating: 1345 &rarr; <strong>1364<\/strong><br \/>(+19 for winning)
|chat|luc1993|kannstennix machen
|chat|jb champ|gg
|chat|luc1993|gg
|leave|jb champ
|player|p2