|j|Peasounay
|j|Suiging
|player|p1|Peasounay|80
|player|p2|Suiging|96
|gametype|singles
|gen|1
|tier|[Gen 1] OU
|seed|
|rule|Sleep Clause Mod: Limit one foe put to sleep
|rule|Freeze Clause Mod: Limit one foe frozen
|rule|Species Clause: Limit one of each Pokémon
|rule|OHKO Clause: OHKO moves are banned
|rule|Evasion Moves Clause: Evasion moves are banned
|rule|HP Percentage Mod: HP is shown in percentages
|
|start
|switch|p1a: Jynx|Jynx|100\/100
|switch|p2a: Zapdos|Zapdos|100\/100
|turn|1
|j|TIBot
|c|★Peasounay|gl hf
|j|Agarest
|c|★Suiging|you too
|j|BobbyCatalano
|j|Diegolh
|choice||
|
|switch|p1a: Rhydon|Rhydon|100\/100
|move|p2a: Zapdos|Thunder Wave|p1a: Rhydon
|-immune|p1a: Rhydon|[msg]
|
|turn|2
|choice||
|
|switch|p2a: Exeggutor|Exeggutor|100\/100
|switch|p1a: Jynx|Jynx|100\/100
|
|turn|3
|j|Mirabel_
|choice||
|
|move|p1a: Jynx|Lovely Kiss|p2a: Exeggutor|[miss]
|-miss|p1a: Jynx
|move|p2a: Exeggutor|Sleep Powder|p1a: Jynx
|-status|p1a: Jynx|slp
|
|turn|4
|choice||
|
|cant|p1a: Jynx|slp
|move|p2a: Exeggutor|Leech Seed|p1a: Jynx
|-start|p1a: Jynx|move: Leech Seed
|
|turn|5
|choice||
|
|switch|p1a: Exeggutor|Exeggutor|100\/100
|switch|p2a: Tauros|Tauros|100\/100
|
|turn|6
|choice||
|
|switch|p2a: Gengar|Gengar|100\/100
|move|p1a: Exeggutor|Sleep Powder|p2a: Gengar|[miss]
|-miss|p1a: Exeggutor
|
|turn|7
|choice||
|
|switch|p2a: Zapdos|Zapdos|100\/100
|move|p1a: Exeggutor|Sleep Powder|p2a: Zapdos|[miss]
|-miss|p1a: Exeggutor
|
|turn|8
|j|Shrewd_g
|choice||
|
|switch|p1a: Rhydon|Rhydon|100\/100
|move|p2a: Zapdos|Drill Peck|p1a: Rhydon
|-resisted|p1a: Rhydon
|-damage|p1a: Rhydon|92\/100
|
|turn|9
|j|Nayuki
|choice||
|
|switch|p2a: Exeggutor|Exeggutor|100\/100
|move|p1a: Rhydon|Rock Slide|p2a: Exeggutor
|-damage|p2a: Exeggutor|68\/100
|
|turn|10
|choice||
|
|switch|p1a: Jynx|Jynx|100\/100 slp
|move|p2a: Exeggutor|Psychic|p1a: Jynx
|-resisted|p1a: Jynx
|-damage|p1a: Jynx|83\/100 slp
|
|turn|11
|j|Ch01W0n5h1n
|choice||
|
|switch|p1a: Exeggutor|Exeggutor|100\/100
|move|p2a: Exeggutor|Psychic|p1a: Exeggutor
|-resisted|p1a: Exeggutor
|-damage|p1a: Exeggutor|87\/100
|
|turn|12
|l|Nayuki
|choice||
|
|move|p2a: Exeggutor|Psychic|p1a: Exeggutor
|-resisted|p1a: Exeggutor
|-damage|p1a: Exeggutor|75\/100
|move|p1a: Exeggutor|Sleep Powder|p2a: Exeggutor|[miss]
|-miss|p1a: Exeggutor
|
|turn|13
|c|★Peasounay|egg why u blind
|choice||
|
|switch|p2a: Zapdos|Zapdos|100\/100
|move|p1a: Exeggutor|Sleep Powder|p2a: Zapdos
|-status|p2a: Zapdos|slp
|
|turn|14
|c|★Suiging|3 heads yet can't aim
|choice||
|
|switch|p2a: Tauros|Tauros|100\/100
|move|p1a: Exeggutor|Psychic|p2a: Tauros
|-damage|p2a: Tauros|57\/100
|
|turn|15
|choice||
|
|move|p2a: Tauros|Body Slam|p1a: Exeggutor
|-damage|p1a: Exeggutor|47\/100
|-status|p1a: Exeggutor|par
|move|p1a: Exeggutor|Psychic|p2a: Tauros
|-damage|p2a: Tauros|14\/100
|
|turn|16
|choice||
|
|switch|p1a: Rhydon|Rhydon|92\/100
|move|p2a: Tauros|Blizzard|p1a: Rhydon|[miss]
|-miss|p2a: Tauros
|
|turn|17
|c|★Peasounay|dodged a bull
|c|★Peasounay|et
|c|★Suiging|ye
|choice||
|
|switch|p2a: Exeggutor|Exeggutor|68\/100
|switch|p1a: Slowbro|Slowbro|100\/100
|
|turn|18
|c|★Suiging|good one
|choice||
|
|move|p2a: Exeggutor|Leech Seed|p1a: Slowbro|[miss]
|-miss|p2a: Exeggutor
|move|p1a: Slowbro|Thunder Wave|p2a: Exeggutor
|-status|p2a: Exeggutor|par
|
|turn|19
|choice||
|
|move|p1a: Slowbro|Surf|p2a: Exeggutor
|-resisted|p2a: Exeggutor
|-damage|p2a: Exeggutor|57\/100 par
|move|p2a: Exeggutor|Leech Seed|p1a: Slowbro
|-start|p1a: Slowbro|move: Leech Seed
|
|turn|20
|choice||
|
|switch|p1a: Chansey|Chansey|100\/100
|cant|p2a: Exeggutor|par
|
|turn|21
|choice||
|
|move|p1a: Chansey|Seismic Toss|p2a: Exeggutor
|-damage|p2a: Exeggutor|32\/100 par
|cant|p2a: Exeggutor|par
|
|turn|22
|choice||
|
|switch|p2a: Golem|Golem|100\/100
|move|p1a: Chansey|Seismic Toss|p2a: Golem
|-damage|p2a: Golem|73\/100
|
|turn|23
|choice||
|
|move|p1a: Chansey|Reflect|p1a: Chansey
|-start|p1a: Chansey|Reflect
|move|p2a: Golem|Rock Slide|p1a: Chansey
|-damage|p1a: Chansey|81\/100
|
|turn|24
|choice||
|
|move|p1a: Chansey|Seismic Toss|p2a: Golem
|-damage|p2a: Golem|45\/100
|move|p2a: Golem|Body Slam|p1a: Chansey
|-damage|p1a: Chansey|67\/100
|
|turn|25
|choice||
|
|switch|p2a: Gengar|Gengar|100\/100
|move|p1a: Chansey|Seismic Toss|p2a: Gengar
|-damage|p2a: Gengar|70\/100
|
|turn|26
|c|★Suiging|big egg
|choice||
|
|switch|p2a: Slowbro|Slowbro|100\/100
|move|p1a: Chansey|Thunder Wave|p2a: Slowbro
|-status|p2a: Slowbro|par
|
|turn|27
|choice||
|
|move|p1a: Chansey|Seismic Toss|p2a: Slowbro
|-damage|p2a: Slowbro|75\/100 par
|move|p2a: Slowbro|Amnesia|p2a: Slowbro
|-boost|p2a: Slowbro|spd|2
|-boost|p2a: Slowbro|spa|2
|
|turn|28
|choice||
|
|move|p1a: Chansey|Seismic Toss|p2a: Slowbro
|-damage|p2a: Slowbro|50\/100 par
|cant|p2a: Slowbro|par
|
|turn|29
|choice||
|
|move|p1a: Chansey|Seismic Toss|p2a: Slowbro
|-damage|p2a: Slowbro|24\/100 par
|move|p2a: Slowbro|Rest|p2a: Slowbro
|-status|p2a: Slowbro|slp
|-heal|p2a: Slowbro|100\/100 slp|[silent]
|-status|p2a: Slowbro|slp|[from] move: Rest
|
|turn|30
|choice||
|
|move|p1a: Chansey|Seismic Toss|p2a: Slowbro
|-damage|p2a: Slowbro|75\/100 slp
|cant|p2a: Slowbro|slp
|
|turn|31
|choice||
|
|move|p1a: Chansey|Seismic Toss|p2a: Slowbro
|-damage|p2a: Slowbro|50\/100 slp
|-curestatus|p2a: Slowbro|slp
|
|turn|32
|choice||
|
|move|p1a: Chansey|Seismic Toss|p2a: Slowbro
|-damage|p2a: Slowbro|24\/100
|move|p2a: Slowbro|Thunder Wave|p1a: Chansey
|-status|p1a: Chansey|par
|
|turn|33
|choice||
|
|cant|p1a: Chansey|par
|move|p2a: Slowbro|Rest|p2a: Slowbro
|-status|p2a: Slowbro|slp
|-heal|p2a: Slowbro|100\/100 slp|[silent]
|-status|p2a: Slowbro|slp|[from] move: Rest
|
|turn|34
|choice||
|
|switch|p1a: Rhydon|Rhydon|92\/100
|cant|p2a: Slowbro|slp
|
|turn|35
|choice||
|
|move|p1a: Rhydon|Earthquake|p2a: Slowbro
|-damage|p2a: Slowbro|66\/100 slp
|-curestatus|p2a: Slowbro|slp
|
|turn|36
|choice||
|
|switch|p1a: Chansey|Chansey|67\/100 par
|move|p2a: Slowbro|Surf|p1a: Chansey
|-damage|p1a: Chansey|41\/100 par
|
|turn|37
|choice||
|
|move|p1a: Chansey|Thunder Wave|p2a: Slowbro
|-status|p2a: Slowbro|par
|move|p2a: Slowbro|Surf|p1a: Chansey
|-damage|p1a: Chansey|14\/100 par
|
|turn|38
|choice||
|
|move|p1a: Chansey|Soft-Boiled|p1a: Chansey
|-heal|p1a: Chansey|64\/100 par
|cant|p2a: Slowbro|par
|
|turn|39
|choice||
|
|cant|p1a: Chansey|par
|cant|p2a: Slowbro|par
|
|turn|40
|c|★Suiging|good turn
|choice||
|
|move|p1a: Chansey|Seismic Toss|p2a: Slowbro
|-damage|p2a: Slowbro|41\/100 par
|move|p2a: Slowbro|Rest|p2a: Slowbro
|-status|p2a: Slowbro|slp
|-heal|p2a: Slowbro|100\/100 slp|[silent]
|-status|p2a: Slowbro|slp|[from] move: Rest
|
|turn|41
|choice||
|
|move|p1a: Chansey|Seismic Toss|p2a: Slowbro
|-damage|p2a: Slowbro|75\/100 slp
|cant|p2a: Slowbro|slp
|
|turn|42
|choice||
|
|move|p1a: Chansey|Seismic Toss|p2a: Slowbro
|-damage|p2a: Slowbro|50\/100 slp
|-curestatus|p2a: Slowbro|slp
|
|turn|43
|choice||
|
|switch|p1a: Rhydon|Rhydon|92\/100
|move|p2a: Slowbro|Amnesia|p2a: Slowbro
|-boost|p2a: Slowbro|spd|2
|-boost|p2a: Slowbro|spa|2
|
|turn|44
|choice||
|
|switch|p1a: Slowbro|Slowbro|100\/100
|move|p2a: Slowbro|Surf|p1a: Slowbro
|-resisted|p1a: Slowbro
|-damage|p1a: Slowbro|61\/100
|
|turn|45
|choice||
|
|switch|p1a: Chansey|Chansey|64\/100 par
|move|p2a: Slowbro|Surf|p1a: Chansey
|-damage|p1a: Chansey|26\/100 par
|
|turn|46
|c|★Peasounay|mmmh
|choice||
|
|move|p1a: Chansey|Thunder Wave|p2a: Slowbro
|-status|p2a: Slowbro|par
|move|p2a: Slowbro|Surf|p1a: Chansey
|-damage|p1a: Chansey|0 fnt
|faint|p1a: Chansey
|choice||
|
|switch|p1a: Rhydon|Rhydon|92\/100
|turn|47
|j|bgnnr1
|c|★Suiging|testing
|c|★Suiging|i think i dced
|c|★Peasounay|tell me when everything's good
|c|★Suiging|ok back
|choice||
|
|move|p1a: Rhydon|Substitute|p1a: Rhydon
|-start|p1a: Rhydon|Substitute
|-damage|p1a: Rhydon|67\/100
|cant|p2a: Slowbro|par
|
|turn|48
|choice||
|
|move|p1a: Rhydon|Earthquake|p2a: Slowbro
|-damage|p2a: Slowbro|16\/100 par
|move|p2a: Slowbro|Surf|p1a: Rhydon
|-supereffective|p1a: Rhydon
|-end|p1a: Rhydon|Substitute
|
|turn|49
|choice||
|
|switch|p2a: Exeggutor|Exeggutor|32\/100 par
|move|p1a: Rhydon|Earthquake|p2a: Exeggutor
|-resisted|p2a: Exeggutor
|-damage|p2a: Exeggutor|13\/100 par
|
|turn|50
|choice||
|
|move|p1a: Rhydon|Earthquake|p2a: Exeggutor
|-resisted|p2a: Exeggutor
|-damage|p2a: Exeggutor|0 fnt
|faint|p2a: Exeggutor
|choice||
|
|switch|p2a: Tauros|Tauros|14\/100
|turn|51
|j|advacedgamer
|choice||
|
|switch|p1a: Snorlax|Snorlax|100\/100
|move|p2a: Tauros|Blizzard|p1a: Snorlax
|-damage|p1a: Snorlax|80\/100
|
|turn|52
|choice||
|
|switch|p2a: Zapdos|Zapdos|100\/100 slp
|move|p1a: Snorlax|Body Slam|p2a: Zapdos
|-damage|p2a: Zapdos|71\/100 slp
|
|turn|53
|choice||
|
|switch|p1a: Rhydon|Rhydon|67\/100
|cant|p2a: Zapdos|slp
|
|turn|54
|choice||
|
|cant|p2a: Zapdos|slp
|move|p1a: Rhydon|Substitute|p1a: Rhydon
|-start|p1a: Rhydon|Substitute
|-damage|p1a: Rhydon|42\/100
|
|turn|55
|choice||
|
|cant|p2a: Zapdos|slp
|move|p1a: Rhydon|Rock Slide|p2a: Zapdos|[miss]
|-miss|p1a: Rhydon
|
|turn|56
|choice||
|
|cant|p2a: Zapdos|slp
|move|p1a: Rhydon|Rock Slide|p2a: Zapdos
|-supereffective|p2a: Zapdos
|-damage|p2a: Zapdos|12\/100 slp
|
|turn|57
|c| advacedgamer|them hax
|choice||
|
|-curestatus|p2a: Zapdos|slp
|move|p1a: Rhydon|Body Slam|p2a: Zapdos
|-damage|p2a: Zapdos|0 fnt
|faint|p2a: Zapdos
|c|★Suiging|taste hidden power ice
|c|★Peasounay|rofl
|c|★Suiging|gg i guess
|choice||
|
|switch|p2a: Gengar|Gengar|70\/100
|turn|58
|c|★Peasounay|gg
|choice||
|
|move|p2a: Gengar|Mega Drain|p1a: Rhydon
|-supereffective|p1a: Rhydon
|-end|p1a: Rhydon|Substitute
|move|p1a: Rhydon|Earthquake|p2a: Gengar
|-supereffective|p2a: Gengar
|-damage|p2a: Gengar|0 fnt
|faint|p2a: Gengar
|choice||
|
|switch|p2a: Golem|Golem|45\/100
|turn|59
|c|★Peasounay|although you have a chance
|choice||
|
|switch|p1a: Jynx|Jynx|83\/100 slp
|move|p2a: Golem|Earthquake|p1a: Jynx
|-damage|p1a: Jynx|20\/100 slp
|
|turn|60
|choice||
|
|-curestatus|p1a: Jynx|slp
|move|p2a: Golem|Body Slam|p1a: Jynx
|-damage|p1a: Jynx|0 fnt
|faint|p1a: Jynx
|choice||
|
|switch|p1a: Exeggutor|Exeggutor|47\/100 par
|turn|61
|choice||
|
|switch|p2a: Slowbro|Slowbro|16\/100 par
|move|p1a: Exeggutor|Psychic|p2a: Slowbro
|-resisted|p2a: Slowbro
|-damage|p2a: Slowbro|0 fnt
|faint|p2a: Slowbro
|choice||
|
|switch|p2a: Tauros|Tauros|14\/100
|turn|62
|choice||
|
|move|p2a: Tauros|Blizzard|p1a: Exeggutor
|-supereffective|p1a: Exeggutor
|-damage|p1a: Exeggutor|14\/100 par
|move|p1a: Exeggutor|Psychic|p2a: Tauros
|-damage|p2a: Tauros|0 fnt
|faint|p2a: Tauros
|c|★Suiging|now i don't
|c|★Suiging|lol
|choice||
|
|switch|p2a: Golem|Golem|45\/100
|turn|63
|choice||
|
|move|p2a: Golem|Body Slam|p1a: Exeggutor
|-damage|p1a: Exeggutor|0 fnt
|faint|p1a: Exeggutor
|choice||
|
|switch|p1a: Slowbro|Slowbro|61\/100
|turn|64
|choice||
|
|move|p2a: Golem|Explosion|p1a: Slowbro
|-damage|p1a: Slowbro|0 fnt
|faint|p1a: Slowbro
|faint|p2a: Golem
|
|win|Peasounay
|player|p1
|player|p2
|l|TIBot
|c|★Peasounay|gg
|c|★Suiging|gg
|l|Ch01W0n5h1n
|l|Shrewd_g
|l|Suiging
|c| Diegolh|gg both
|l|Agarest
|l|Diegolh
|l|advacedgamer
|l|Peasounay
|l|BobbyCatalano