|j|charrol
|j|fa111
|player|p1|charrol|60
|player|p2|fa111|109
|gametype|singles
|gen|1
|tier|[Gen 1] OU
|rated
|seed|
|rule|Sleep Clause Mod: Limit one foe put to sleep
|rule|Freeze Clause Mod: Limit one foe frozen
|rule|Species Clause: Limit one of each Pokémon
|rule|OHKO Clause: OHKO moves are banned
|rule|Evasion Moves Clause: Evasion moves are banned
|rule|HP Percentage Mod: HP is shown in percentages
|
|start
|switch|p1a: Alakazam|Alakazam|100\/100
|switch|p2a: Exeggutor|Exeggutor|100\/100
|turn|1
|choice||
|
|move|p1a: Alakazam|Thunder Wave|p2a: Exeggutor
|-status|p2a: Exeggutor|par
|move|p2a: Exeggutor|Sleep Powder|p1a: Alakazam|[miss]
|-miss|p2a: Exeggutor
|
|turn|2
|choice||
|
|move|p1a: Alakazam|Seismic Toss|p2a: Exeggutor
|-damage|p2a: Exeggutor|75\/100 par
|move|p2a: Exeggutor|Sleep Powder|p1a: Alakazam|[miss]
|-miss|p2a: Exeggutor
|
|turn|3
|choice||
|
|move|p1a: Alakazam|Seismic Toss|p2a: Exeggutor
|-damage|p2a: Exeggutor|50\/100 par
|cant|p2a: Exeggutor|par
|
|turn|4
|choice||
|
|move|p1a: Alakazam|Seismic Toss|p2a: Exeggutor
|-damage|p2a: Exeggutor|24\/100 par
|move|p2a: Exeggutor|Sleep Powder|p1a: Alakazam|[miss]
|-miss|p2a: Exeggutor
|
|turn|5
|c|★fa111|gggggg
|choice||
|
|move|p1a: Alakazam|Seismic Toss|p2a: Exeggutor
|-damage|p2a: Exeggutor|0 fnt
|faint|p2a: Exeggutor
|choice||
|
|switch|p2a: Lapras|Lapras|100\/100
|turn|6
|choice||
|
|move|p1a: Alakazam|Thunder Wave|p2a: Lapras
|-status|p2a: Lapras|par
|move|p2a: Lapras|Sing|p1a: Alakazam|[miss]
|-miss|p2a: Lapras
|
|turn|7
|choice||
|
|move|p1a: Alakazam|Psychic|p2a: Lapras
|-damage|p2a: Lapras|70\/100 par
|move|p2a: Lapras|Sing|p1a: Alakazam|[miss]
|-miss|p2a: Lapras
|
|turn|8
|c|★fa111|wtf
|choice||
|
|move|p1a: Alakazam|Psychic|p2a: Lapras
|-damage|p2a: Lapras|42\/100 par
|move|p2a: Lapras|Sing|p1a: Alakazam|[miss]
|-miss|p2a: Lapras
|
|turn|9
|choice||
|
|move|p1a: Alakazam|Psychic|p2a: Lapras
|-crit|p2a: Lapras
|-damage|p2a: Lapras|0 fnt
|faint|p2a: Lapras
|c|★fa111|lol
|c|★charrol|lol
|c|★charrol|that's the first time for me too
|choice||
|
|switch|p2a: Tauros|Tauros|100\/100
|turn|10
|choice||
|
|switch|p1a: Rhydon|Rhydon|100\/100
|move|p2a: Tauros|Body Slam|p1a: Rhydon
|-resisted|p1a: Rhydon
|-damage|p1a: Rhydon|90\/100
|
|turn|11
|choice||
|
|switch|p1a: Lapras|Lapras|100\/100
|move|p2a: Tauros|Blizzard|p1a: Lapras
|-resisted|p1a: Lapras
|-damage|p1a: Lapras|96\/100
|
|turn|12
|choice||
|
|move|p2a: Tauros|Body Slam|p1a: Lapras
|-damage|p1a: Lapras|70\/100
|move|p1a: Lapras|Blizzard|p2a: Tauros
|-damage|p2a: Tauros|51\/100
|-status|p2a: Tauros|frz
|
|turn|13
|c|★fa111|lmao
|c|★fa111|thats to much
|choice||
|
|cant|p2a: Tauros|frz
|move|p1a: Lapras|Thunderbolt|p2a: Tauros
|-damage|p2a: Tauros|25\/100 frz
|
|turn|14
|choice||
|
|cant|p2a: Tauros|frz
|move|p1a: Lapras|Thunderbolt|p2a: Tauros
|-damage|p2a: Tauros|0 fnt
|faint|p2a: Tauros
|choice||
|
|switch|p2a: Starmie|Starmie|100\/100
|turn|15
|choice||
|
|switch|p1a: Chansey|Chansey|100\/100
|move|p2a: Starmie|Thunderbolt|p1a: Chansey
|-damage|p1a: Chansey|90\/100
|
|turn|16
|-message|fa111 forfeited.
|
|win|charrol
|player|p1
|player|p2
|l|fa111
|raw|charrol's rating: 1484 &rarr; <strong>1496<\/strong><br \/>(+12 for winning)
|raw|fa111's rating: 1331 &rarr; <strong>1319<\/strong><br \/>(-12 for losing)