|join|marcoasd
|join|DavidXanatos
|player|p1|marcoasd|102
|player|p2|DavidXanatos|165
|gametype|singles
|gen|1
|tier|[Gen 1] OU (beta)
|rated
|rule|Sleep Clause Mod: Limit one foe put to sleep
|rule|Species Clause: Limit one of each Pokemon
|rule|OHKO Clause: OHKO moves are banned
|rule|Moody Clause: Moody is banned
|rule|Evasion Moves Clause: Evasion moves are banned
|rule|Endless Battle Clause: Forcing endless battles is banned
|rule|HP Percentage Mod: HP is reported as percentages
|
|start
|switch|p1a: Gengar|Gengar|323\/323
|switch|p2a: Alakazam|Alakazam|313\/313
|turn|1
|
|switch|p1a: Snorlax|Snorlax|523\/523
|move|p2a: Alakazam|Thunder Wave|p1a: Snorlax
|-status|p1a: Snorlax|par
|
|turn|2
|join|byronthewellwell
|
|switch|p2a: Exeggutor|Exeggutor|393\/393
|switch|p1a: Chansey|Chansey|703\/703
|
|turn|3
|
|switch|p1a: Gengar|Gengar|323\/323
|move|p2a: Exeggutor|Sleep Powder|p1a: Gengar
|-status|p1a: Gengar|slp
|
|turn|4
|chat|byronthewellwell|?
|
|switch|p1a: Exeggutor|Exeggutor|393\/393
|switch|p2a: Snorlax|Snorlax|523\/523
|
|turn|5
|
|switch|p2a: Chansey|Chansey|703\/703
|move|p1a: Exeggutor|Sleep Powder|p2a: Chansey
|-status|p2a: Chansey|slp
|
|turn|6
|
|switch|p1a: Tauros|Tauros|353\/353
|switch|p2a: Alakazam|Alakazam|313\/313
|
|turn|7
|
|switch|p1a: Chansey|Chansey|703\/703
|move|p2a: Alakazam|Thunder Wave|p1a: Chansey
|-status|p1a: Chansey|par
|
|turn|8
|
|move|p2a: Alakazam|Psychic|p1a: Chansey
|-damage|p1a: Chansey|575\/703 par
|move|p1a: Chansey|Ice Beam|p2a: Alakazam
|-crit|p2a: Alakazam
|-damage|p2a: Alakazam|198\/313
|
|turn|9
|
|move|p2a: Alakazam|Psychic|p1a: Chansey
|-damage|p1a: Chansey|440\/703 par
|move|p1a: Chansey|Ice Beam|p2a: Alakazam
|-damage|p2a: Alakazam|133\/313
|
|turn|10
|
|move|p2a: Alakazam|Recover|p2a: Alakazam
|-heal|p2a: Alakazam|289\/313
|cant|p1a: Chansey|par
|
|turn|11
|chat|byronthewellwell|thunder pls
|
|switch|p2a: Snorlax|Snorlax|523\/523
|switch|p1a: Exeggutor|Exeggutor|393\/393
|
|turn|12
|
|move|p1a: Exeggutor|Psychic|p2a: Snorlax
|-damage|p2a: Snorlax|369\/523
|move|p2a: Snorlax|Body Slam|p1a: Exeggutor
|-damage|p1a: Exeggutor|281\/393
|-status|p1a: Exeggutor|par
|
|turn|13
|
|move|p2a: Snorlax|Body Slam|p1a: Exeggutor
|-damage|p1a: Exeggutor|158\/393 par
|cant|p1a: Exeggutor|par
|
|turn|14
|
|switch|p1a: Gengar|Gengar|323\/323 slp
|move|p2a: Snorlax|Hyper Beam|p1a: Gengar
|-immune|p1a: Gengar|[msg]
|
|turn|15
|
|switch|p1a: Snorlax|Snorlax|523\/523 par
|move|p2a: Snorlax|Body Slam|p1a: Snorlax
|-damage|p1a: Snorlax|385\/523 par
|
|turn|16
|
|move|p2a: Snorlax|Body Slam|p1a: Snorlax
|-damage|p1a: Snorlax|238\/523 par
|cant|p1a: Snorlax|par
|
|turn|17
|
|switch|p2a: Rhydon|Rhydon|413\/413
|switch|p1a: Lapras|Lapras|463\/463
|
|turn|18
|
|switch|p2a: Alakazam|Alakazam|289\/313
|move|p1a: Lapras|Blizzard|p2a: Alakazam|[miss]
|-miss|p1a: Lapras
|
|turn|19
|
|switch|p1a: Chansey|Chansey|440\/703 par
|move|p2a: Alakazam|Seismic Toss|p1a: Chansey
|-damage|p1a: Chansey|340\/703 par
|
|turn|20
|
|move|p2a: Alakazam|Psychic|p1a: Chansey
|-crit|p1a: Chansey
|-damage|p1a: Chansey|78\/703 par
|move|p1a: Chansey|Soft-Boiled|p1a: Chansey
|-heal|p1a: Chansey|429\/703 par
|
|turn|21
|
|move|p2a: Alakazam|Psychic|p1a: Chansey
|-damage|p1a: Chansey|312\/703 par
|-unboost|p1a: Chansey|spd|1
|-unboost|p1a: Chansey|spa|1
|move|p1a: Chansey|Soft-Boiled|p1a: Chansey
|-heal|p1a: Chansey|663\/703 par
|
|turn|22
|
|switch|p2a: Snorlax|Snorlax|369\/523
|move|p1a: Chansey|Thunder Wave|p2a: Snorlax
|-status|p2a: Snorlax|par
|
|turn|23
|
|switch|p1a: Lapras|Lapras|463\/463
|move|p2a: Snorlax|Body Slam|p1a: Lapras
|-damage|p1a: Lapras|335\/463
|
|turn|24
|
|move|p1a: Lapras|Blizzard|p2a: Snorlax
|-damage|p2a: Snorlax|202\/523 par
|move|p2a: Snorlax|Self-Destruct|p1a: Lapras
|-damage|p1a: Lapras|0 fnt
|faint|p1a: Lapras
|faint|p2a: Snorlax
|
|switch|p2a: Tauros|Tauros|353\/353
|switch|p1a: Exeggutor|Exeggutor|158\/393 par
|turn|25
|
|switch|p1a: Tauros|Tauros|353\/353
|move|p2a: Tauros|Blizzard|p1a: Tauros
|-crit|p1a: Tauros
|-damage|p1a: Tauros|164\/353
|
|turn|26
|
|move|p1a: Tauros|Body Slam|p2a: Tauros
|-damage|p2a: Tauros|243\/353
|-status|p2a: Tauros|par
|move|p2a: Tauros|Hyper Beam|p1a: Tauros
|-damage|p1a: Tauros|0 fnt
|faint|p1a: Tauros
|
|
|switch|p1a: Gengar|Gengar|323\/323 slp
|turn|27
|
|switch|p2a: Rhydon|Rhydon|413\/413
|cant|p1a: Gengar|slp
|
|turn|28
|
|cant|p1a: Gengar|slp
|move|p2a: Rhydon|Rock Slide|p1a: Gengar
|-damage|p1a: Gengar|179\/323 slp
|
|turn|29
|
|cant|p1a: Gengar|slp
|move|p2a: Rhydon|Earthquake|p1a: Gengar
|-supereffective|p1a: Gengar
|-damage|p1a: Gengar|0 fnt
|faint|p1a: Gengar
|
|
|switch|p1a: Exeggutor|Exeggutor|158\/393 par
|turn|30
|
|switch|p2a: Tauros|Tauros|243\/353 par
|cant|p1a: Exeggutor|par
|
|turn|31
|
|move|p2a: Tauros|Hyper Beam|p1a: Exeggutor
|-damage|p1a: Exeggutor|0 fnt
|faint|p1a: Exeggutor
|
|
|switch|p1a: Snorlax|Snorlax|238\/523 par
|turn|32
|
|switch|p2a: Rhydon|Rhydon|413\/413
|move|p1a: Snorlax|Earthquake|p2a: Rhydon
|-supereffective|p2a: Rhydon
|-damage|p2a: Rhydon|268\/413
|
|turn|33
|
|move|p2a: Rhydon|Earthquake|p1a: Snorlax
|-damage|p1a: Snorlax|47\/523 par
|cant|p1a: Snorlax|par
|
|turn|34
|
|move|p2a: Rhydon|Substitute|p2a: Rhydon
|-start|p2a: Rhydon|Substitute
|-damage|p2a: Rhydon|165\/413
|move|p1a: Snorlax|Self-Destruct|p2a: Rhydon
|-resisted|p2a: Rhydon
|-end|p2a: Rhydon|Substitute
|
|turn|35
|
|switch|p1a: Chansey|Chansey|663\/703 par
|move|p2a: Rhydon|Substitute|p2a: Rhydon
|-start|p2a: Rhydon|Substitute
|-damage|p2a: Rhydon|62\/413
|
|turn|36
|
|move|p2a: Rhydon|Earthquake|p1a: Chansey
|-damage|p1a: Chansey|252\/703 par
|cant|p1a: Chansey|par
|
|turn|37
|join|Machumppers
|
|move|p2a: Rhydon|Earthquake|p1a: Chansey
|-damage|p1a: Chansey|0 fnt
|faint|p1a: Chansey
|
|chat|marcoasd|gg
|chat|DavidXanatos|wp sir
|chat|DavidXanatos|gg
|
|switch|p1a: Snorlax|Snorlax|47\/523 par
|turn|38
|
|move|p2a: Rhydon|Earthquake|p1a: Snorlax
|-damage|p1a: Snorlax|0 fnt
|faint|p1a: Snorlax
|
|win|DavidXanatos
|raw|Ladder updating...
|chat|byronthewellwell|gen 4 battle ?
|raw|marcoasd's rating: 1517 &rarr; <strong>1488<\/strong><br \/>(-29 for losing)
|raw|DavidXanatos's rating: 1340 &rarr; <strong>1369<\/strong><br \/>(+29 for winning)
|chat|byronthewellwell|ou any of u guys
|leave|marcoasd
|player|p1