|j|key7
|j|Agarest
|player|p1|key7|65
|player|p2|Agarest|161
|gametype|singles
|gen|1
|tier|[Gen 1] Random Battle
|rated
|seed|20817,15398,21171,35702
|rule|Sleep Clause Mod: Limit one foe put to sleep
|rule|Freeze Clause Mod: Limit one foe frozen
|rule|HP Percentage Mod: HP is shown in percentages
|
|start
|switch|p1a: Gloom|Gloom, L90|291\/291
|switch|p2a: Parasect|Parasect, L90|291\/291
|turn|1
|choice|move 3|move 2
|
|move|p1a: Gloom|Sleep Powder|p2a: Parasect|[miss]
|-miss|p1a: Gloom
|move|p2a: Parasect|Spore|p1a: Gloom
|-status|p1a: Gloom|slp
|
|turn|2
|choice|move 3|move 1
|
|cant|p1a: Gloom|slp
|move|p2a: Parasect|Body Slam|p1a: Gloom
|-damage|p1a: Gloom|214\/291 slp
|
|turn|3
|choice|move 3|move 1
|
|cant|p1a: Gloom|slp
|move|p2a: Parasect|Body Slam|p1a: Gloom
|-damage|p1a: Gloom|135\/291 slp
|
|turn|4
|choice|move 3|move 1
|
|cant|p1a: Gloom|slp
|move|p2a: Parasect|Body Slam|p1a: Gloom
|-damage|p1a: Gloom|59\/291 slp
|
|turn|5
|choice|move 3|move 1
|
|-curestatus|p1a: Gloom|slp
|move|p2a: Parasect|Body Slam|p1a: Gloom
|-damage|p1a: Gloom|0 fnt
|faint|p1a: Gloom
|choice|switch 4|
|
|switch|p1a: Dragonite|Dragonite, L85|328\/328
|turn|6
|choice|move 1|move 1
|
|move|p1a: Dragonite|Substitute|p1a: Dragonite
|-start|p1a: Dragonite|Substitute
|-damage|p1a: Dragonite|246\/328
|move|p2a: Parasect|Body Slam|p1a: Dragonite
|-activate|p1a: Dragonite|Substitute|[damage]
|
|turn|7
|choice|move 2|move 2
|
|move|p1a: Dragonite|Blizzard|p2a: Parasect
|-crit|p2a: Parasect
|-supereffective|p2a: Parasect
|-damage|p2a: Parasect|0 fnt
|faint|p2a: Parasect
|choice||switch 3
|
|switch|p2a: Haunter|Haunter, L85|250\/250
|turn|8
|choice|move 2|move 1
|
|move|p2a: Haunter|Hypnosis|p1a: Dragonite
|-status|p1a: Dragonite|slp
|cant|p1a: Dragonite|slp
|
|turn|9
|choice|move 2|move 3
|
|move|p2a: Haunter|Psychic|p1a: Dragonite
|-end|p1a: Dragonite|Substitute
|cant|p1a: Dragonite|slp
|
|turn|10
|choice|switch 2|move 3
|
|switch|p1a: Caterpie|Caterpie, L99|290\/290
|move|p2a: Haunter|Psychic|p1a: Caterpie
|-damage|p1a: Caterpie|165\/290
|-unboost|p1a: Caterpie|spd|1
|-unboost|p1a: Caterpie|spa|1
|
|turn|11
|choice|move 2|move 3
|
|move|p2a: Haunter|Psychic|p1a: Caterpie
|-damage|p1a: Caterpie|0 fnt
|faint|p1a: Caterpie
|choice|switch 5|
|
|switch|p1a: Alakazam|Alakazam, L79|249\/249
|turn|12
|choice|move 1|switch 6
|
|switch|p2a: Mewtwo|Mewtwo, L68|285\/285
|move|p1a: Alakazam|Psychic|p2a: Mewtwo
|-resisted|p2a: Mewtwo
|-damage|p2a: Mewtwo|242\/285
|-unboost|p2a: Mewtwo|spd|1
|-unboost|p2a: Mewtwo|spa|1
|
|turn|13
|choice|move 4|switch 5
|
|switch|p2a: Pidgeotto|Pidgeotto, L90|297\/297
|move|p1a: Alakazam|Thunder Wave|p2a: Pidgeotto
|-status|p2a: Pidgeotto|par
|
|turn|14
|choice|switch 2|move 1
|
|switch|p1a: Dragonite|Dragonite, L85|246\/328 slp
|move|p2a: Pidgeotto|Double-Edge|p1a: Dragonite
|-damage|p1a: Dragonite|166\/328 slp
|-damage|p2a: Pidgeotto|277\/297 par|[from] recoil|[of] p1a: Dragonite
|
|turn|15
|choice|move 3|switch 5
|
|switch|p2a: Mewtwo|Mewtwo, L68|242\/285
|-curestatus|p1a: Dragonite|slp
|
|turn|16
|choice|move 2|move 2
|
|move|p2a: Mewtwo|Ice Beam|p1a: Dragonite
|-supereffective|p1a: Dragonite
|-damage|p1a: Dragonite|0 fnt
|faint|p1a: Dragonite
|choice|switch 6|
|
|switch|p1a: Persian|Persian, L79|265\/265
|turn|17
|choice|move 1|switch 6
|
|switch|p2a: Haunter|Haunter, L85|250\/250
|move|p1a: Persian|Slash|p2a: Haunter
|-immune|p2a: Haunter|[msg]
|
|turn|18
|choice|move 2|move 1
|
|move|p1a: Persian|Thunderbolt|p2a: Haunter
|-damage|p2a: Haunter|209\/250
|-status|p2a: Haunter|par
|cant|p2a: Haunter|par
|
|turn|19
|choice|switch 3|move 4
|
|switch|p1a: Cloyster|Cloyster, L83|253\/253
|cant|p2a: Haunter|par
|
|turn|20
|choice|move 2|move 2
|
|move|p1a: Cloyster|Blizzard|p2a: Haunter
|-crit|p2a: Haunter
|-damage|p2a: Haunter|18\/250 par
|move|p2a: Haunter|Mega Drain|p1a: Cloyster
|-supereffective|p1a: Cloyster
|-damage|p1a: Cloyster|184\/253
|-heal|p2a: Haunter|52\/250 par|[from] drain|[of] p1a: Cloyster
|
|turn|21
|choice|move 3|move 4
|
|move|p1a: Cloyster|Surf|p2a: Haunter
|-damage|p2a: Haunter|0 fnt
|faint|p2a: Haunter
|choice||switch 2
|
|switch|p2a: Staryu|Staryu, L90|237\/237
|turn|22
|choice|move 1|move 3
|
|move|p2a: Staryu|Thunderbolt|p1a: Cloyster
|-supereffective|p1a: Cloyster
|-damage|p1a: Cloyster|53\/253
|move|p1a: Cloyster|Explosion|p2a: Staryu
|-crit|p2a: Staryu
|-damage|p2a: Staryu|0 fnt
|faint|p2a: Staryu
|faint|p1a: Cloyster
|choice|switch 3|switch 5
|
|switch|p1a: Persian|Persian, L79|265\/265
|switch|p2a: Pidgeotto|Pidgeotto, L90|277\/297 par
|turn|23
|choice|move 1|move 3
|
|move|p1a: Persian|Slash|p2a: Pidgeotto
|-crit|p2a: Pidgeotto
|-damage|p2a: Pidgeotto|146\/297 par
|move|p2a: Pidgeotto|Mirror Move|p2a: Pidgeotto
|move|p2a: Pidgeotto|Slash|p1a: Persian|[from]Mirror Move
|-crit|p1a: Persian
|-damage|p1a: Persian|114\/265
|
|turn|24
|choice|move 4|move 1
|
|move|p1a: Persian|Hyper Beam|p2a: Pidgeotto
|-damage|p2a: Pidgeotto|16\/297 par
|cant|p2a: Pidgeotto|par
|
|turn|25
|-mustrecharge|p1a: Persian
|-mustrecharge|p1a: Persian
|choice|move 1|move 1
|
|cant|p1a: Persian|recharge
|move|p2a: Pidgeotto|Double-Edge|p1a: Persian
|-crit|p1a: Persian
|-damage|p1a: Persian|0 fnt
|-damage|p2a: Pidgeotto|0 fnt|[from] recoil|[of] p1a: Persian
|faint|p1a: Persian
|faint|p2a: Pidgeotto
|choice|switch 2|switch 4
|
|switch|p1a: Alakazam|Alakazam, L79|249\/249
|switch|p2a: Machamp|Machamp, L90|345\/345
|turn|26
|choice|move 2|move 3
|
|move|p1a: Alakazam|Reflect|p1a: Alakazam
|-start|p1a: Alakazam|Reflect
|move|p2a: Machamp|Body Slam|p1a: Alakazam
|-damage|p1a: Alakazam|187\/249
|
|turn|27
|choice|move 1|move 3
|
|move|p1a: Alakazam|Psychic|p2a: Machamp
|-supereffective|p2a: Machamp
|-damage|p2a: Machamp|100\/345
|-unboost|p2a: Machamp|spd|1
|-unboost|p2a: Machamp|spa|1
|move|p2a: Machamp|Body Slam|p1a: Alakazam
|-damage|p1a: Alakazam|117\/249
|-status|p1a: Alakazam|par
|
|turn|28
|choice|move 3|move 3
|
|move|p2a: Machamp|Body Slam|p1a: Alakazam
|-damage|p1a: Alakazam|50\/249 par
|move|p1a: Alakazam|Recover|p1a: Alakazam
|-heal|p1a: Alakazam|174\/249 par
|
|turn|29
|choice|move 3|move 3
|
|move|p2a: Machamp|Body Slam|p1a: Alakazam
|-damage|p1a: Alakazam|107\/249 par
|move|p1a: Alakazam|Recover|p1a: Alakazam
|-heal|p1a: Alakazam|231\/249 par
|
|turn|30
|choice|move 1|move 3
|
|move|p2a: Machamp|Body Slam|p1a: Alakazam
|-damage|p1a: Alakazam|170\/249 par
|cant|p1a: Alakazam|par
|
|turn|31
|choice|move 3|move 3
|
|move|p2a: Machamp|Body Slam|p1a: Alakazam
|-damage|p1a: Alakazam|106\/249 par
|move|p1a: Alakazam|Recover|p1a: Alakazam
|-heal|p1a: Alakazam|230\/249 par
|
|turn|32
|choice|move 1|move 3
|
|move|p2a: Machamp|Body Slam|p1a: Alakazam
|-damage|p1a: Alakazam|166\/249 par
|cant|p1a: Alakazam|par
|
|turn|33
|choice|move 3|move 3
|
|move|p2a: Machamp|Body Slam|p1a: Alakazam
|-damage|p1a: Alakazam|103\/249 par
|cant|p1a: Alakazam|par
|
|turn|34
|choice|move 3|move 3
|
|move|p2a: Machamp|Body Slam|p1a: Alakazam
|-damage|p1a: Alakazam|34\/249 par
|move|p1a: Alakazam|Recover|p1a: Alakazam
|-heal|p1a: Alakazam|158\/249 par
|
|turn|35
|choice|move 3|move 3
|
|move|p2a: Machamp|Body Slam|p1a: Alakazam
|-damage|p1a: Alakazam|90\/249 par
|cant|p1a: Alakazam|par
|
|turn|36
|choice|move 3|move 3
|
|move|p2a: Machamp|Body Slam|p1a: Alakazam
|-damage|p1a: Alakazam|20\/249 par
|move|p1a: Alakazam|Recover|p1a: Alakazam
|-heal|p1a: Alakazam|144\/249 par
|
|turn|37
|choice|move 3|move 3
|
|move|p2a: Machamp|Body Slam|p1a: Alakazam
|-damage|p1a: Alakazam|84\/249 par
|cant|p1a: Alakazam|par
|
|turn|38
|choice|move 3|move 3
|
|move|p2a: Machamp|Body Slam|p1a: Alakazam
|-damage|p1a: Alakazam|23\/249 par
|cant|p1a: Alakazam|par
|
|turn|39
|-message|key7 forfeited.
|
|win|Agarest
|l|key7
|player|p1
|raw|key7's rating: 1166 &rarr; <strong>1141<\/strong><br \/>(-25 for losing)
|raw|Agarest's rating: 1154 &rarr; <strong>1180<\/strong><br \/>(+26 for winning)
|c|★Agarest|Noob. ;)