|j|Ch01W0n5h1n
|j|Giory
|player|p1|Ch01W0n5h1n|165
|player|p2|Giory|234
|gametype|singles
|gen|1
|tier|[Gen 1] OU
|rated
|seed|3135,41531,55992,30641
|rule|Sleep Clause Mod: Limit one foe put to sleep
|rule|Freeze Clause Mod: Limit one foe frozen
|rule|Species Clause: Limit one of each Pokémon
|rule|OHKO Clause: OHKO moves are banned
|rule|Evasion Moves Clause: Evasion moves are banned
|rule|HP Percentage Mod: HP is shown in percentages
|
|start
|switch|p1a: Chance E|Chansey|703\/703
|switch|p2a: Alakazam|Alakazam|313\/313
|turn|1
|choice|move 1|switch 5
|
|switch|p2a: Zapdos|Zapdos|383\/383
|move|p1a: Chance E|Thunder Wave|p2a: Zapdos
|-status|p2a: Zapdos|par
|
|turn|2
|choice|move 4|move 4
|
|move|p1a: Chance E|Flash|p2a: Zapdos
|-unboost|p2a: Zapdos|accuracy|1
|move|p2a: Zapdos|Agility|p2a: Zapdos
|-boost|p2a: Zapdos|spe|2
|
|turn|3
|choice|move 4|move 2
|
|cant|p2a: Zapdos|par
|move|p1a: Chance E|Flash|p2a: Zapdos
|-unboost|p2a: Zapdos|accuracy|1
|
|turn|4
|choice|switch 3|move 2
|
|switch|p1a: Energy|Tauros|353\/353
|move|p2a: Zapdos|Drill Peck|p1a: Energy
|-damage|p1a: Energy|260\/353
|
|turn|5
|choice|move 3|move 3
|
|move|p1a: Energy|Blizzard|p2a: Zapdos
|-supereffective|p2a: Zapdos
|-damage|p2a: Zapdos|264\/383 par
|move|p2a: Zapdos|Thunder Wave|p1a: Energy
|-status|p1a: Energy|par
|
|turn|6
|choice|move 3|move 2
|
|move|p2a: Zapdos|Drill Peck|p1a: Energy|[miss]
|-miss|p2a: Zapdos
|move|p1a: Energy|Blizzard|p2a: Zapdos
|-supereffective|p2a: Zapdos
|-damage|p2a: Zapdos|128\/383 par
|
|turn|7
|choice|move 3|move 2
|
|move|p2a: Zapdos|Drill Peck|p1a: Energy
|-crit|p1a: Energy
|-damage|p1a: Energy|74\/353 par
|move|p1a: Energy|Blizzard|p2a: Zapdos
|-crit|p2a: Zapdos
|-supereffective|p2a: Zapdos
|-damage|p2a: Zapdos|0 fnt
|faint|p2a: Zapdos
|choice||switch 3
|
|switch|p2a: Tauros|Tauros|353\/353
|turn|8
|choice|switch 5|move 1
|
|switch|p1a: Mega Gastly|Cloyster|303\/303
|move|p2a: Tauros|Body Slam|p1a: Mega Gastly
|-crit|p1a: Mega Gastly
|-damage|p1a: Mega Gastly|180\/303
|
|turn|9
|choice|move 2|move 1
|
|move|p2a: Tauros|Body Slam|p1a: Mega Gastly
|-damage|p1a: Mega Gastly|116\/303
|move|p1a: Mega Gastly|Blizzard|p2a: Tauros
|-crit|p2a: Tauros
|-damage|p2a: Tauros|44\/353
|
|turn|10
|choice|switch 3|move 2
|
|switch|p1a: Chance E|Chansey|703\/703
|move|p2a: Tauros|Hyper Beam|p1a: Chance E
|-crit|p1a: Chance E
|-damage|p1a: Chance E|0 fnt
|faint|p1a: Chance E
|c|★Giory|wow
|choice|switch 4|
|
|switch|p1a: Hungry|Alakazam|313\/313
|turn|11
|c|★Giory|i totally didn't see that coming
|choice|move 3|switch 6
|
|switch|p2a: Chansey|Chansey|703\/703
|move|p1a: Hungry|Psychic|p2a: Chansey
|-crit|p2a: Chansey
|-damage|p2a: Chansey|460\/703
|
|turn|12
|choice|move 1|move 3
|
|move|p1a: Hungry|Thunder Wave|p2a: Chansey
|-status|p2a: Chansey|par
|move|p2a: Chansey|Thunder Wave|p1a: Hungry
|-status|p1a: Hungry|par
|
|turn|13
|choice|move 4|move 2
|
|move|p1a: Hungry|Reflect|p1a: Hungry
|-start|p1a: Hungry|Reflect
|move|p2a: Chansey|Soft-Boiled|p2a: Chansey
|-heal|p2a: Chansey|703\/703 par
|
|turn|14
|choice|move 3|move 1
|
|cant|p1a: Hungry|par
|move|p2a: Chansey|Ice Beam|p1a: Hungry
|-damage|p1a: Hungry|254\/313 par
|
|turn|15
|choice|move 3|move 4
|
|move|p1a: Hungry|Psychic|p2a: Chansey
|-damage|p2a: Chansey|585\/703 par
|-unboost|p2a: Chansey|spd|1
|-unboost|p2a: Chansey|spa|1
|cant|p2a: Chansey|par
|
|turn|16
|choice|move 3|switch 5
|
|switch|p2a: Alakazam|Alakazam|313\/313
|move|p1a: Hungry|Psychic|p2a: Alakazam
|-resisted|p2a: Alakazam
|-damage|p2a: Alakazam|258\/313
|-unboost|p2a: Alakazam|spd|1
|-unboost|p2a: Alakazam|spa|1
|
|turn|17
|choice|move 1|switch 5
|
|switch|p2a: Chansey|Chansey|585\/703 par
|cant|p1a: Hungry|par
|
|turn|18
|choice|move 3|move 1
|
|move|p1a: Hungry|Psychic|p2a: Chansey
|-damage|p2a: Chansey|455\/703 par
|move|p2a: Chansey|Ice Beam|p1a: Hungry
|-damage|p1a: Hungry|190\/313 par
|
|turn|19
|choice|move 3|move 2
|
|move|p1a: Hungry|Psychic|p2a: Chansey
|-damage|p2a: Chansey|329\/703 par
|move|p2a: Chansey|Soft-Boiled|p2a: Chansey
|-heal|p2a: Chansey|680\/703 par
|
|turn|20
|choice|move 2|switch 6
|
|switch|p2a: Tauros|Tauros|44\/353
|move|p1a: Hungry|Recover|p1a: Hungry
|-heal|p1a: Hungry|313\/313 par
|
|turn|21
|choice|move 3|move 2
|
|move|p2a: Tauros|Hyper Beam|p1a: Hungry
|-crit|p1a: Hungry
|-damage|p1a: Hungry|0 fnt
|faint|p1a: Hungry
|c|★Giory|that was a risky one
|choice|switch 2|
|
|switch|p1a: Cut.Exe|Exeggutor|393\/393
|turn|22
|choice|move 2|switch 6
|
|switch|p2a: Chansey|Chansey|680\/703 par
|move|p1a: Cut.Exe|Stun Spore|p2a: Chansey
|-fail|p2a: Chansey|par
|
|turn|23
|choice|move 3|move 3
|
|move|p1a: Cut.Exe|Psychic|p2a: Chansey
|-crit|p2a: Chansey
|-damage|p2a: Chansey|435\/703 par
|-unboost|p2a: Chansey|spd|1
|-unboost|p2a: Chansey|spa|1
|cant|p2a: Chansey|par
|
|turn|24
|choice|move 2|move 3
|
|move|p1a: Cut.Exe|Stun Spore|p2a: Chansey
|-fail|p2a: Chansey|par
|move|p2a: Chansey|Thunder Wave|p1a: Cut.Exe
|-status|p1a: Cut.Exe|par
|
|turn|25
|choice|move 2|move 2
|
|move|p1a: Cut.Exe|Stun Spore|p2a: Chansey
|-fail|p2a: Chansey|par
|move|p2a: Chansey|Soft-Boiled|p2a: Chansey
|-heal|p2a: Chansey|703\/703 par
|
|turn|26
|choice|move 3|move 1
|
|cant|p1a: Cut.Exe|par
|cant|p2a: Chansey|par
|
|turn|27
|c|★Giory|hehe
|choice|move 3|move 1
|
|cant|p1a: Cut.Exe|par
|move|p2a: Chansey|Ice Beam|p1a: Cut.Exe
|-supereffective|p1a: Cut.Exe
|-damage|p1a: Cut.Exe|299\/393 par
|
|turn|28
|choice|move 3|move 1
|
|move|p1a: Cut.Exe|Psychic|p2a: Chansey
|-damage|p2a: Chansey|528\/703 par
|move|p2a: Chansey|Ice Beam|p1a: Cut.Exe
|-supereffective|p1a: Cut.Exe
|-damage|p1a: Cut.Exe|218\/393 par
|
|turn|29
|choice|move 3|move 1
|
|move|p1a: Cut.Exe|Psychic|p2a: Chansey
|-crit|p2a: Chansey
|-damage|p2a: Chansey|277\/703 par
|move|p2a: Chansey|Ice Beam|p1a: Cut.Exe
|-supereffective|p1a: Cut.Exe
|-damage|p1a: Cut.Exe|136\/393 par
|
|turn|30
|choice|move 3|move 1
|
|move|p1a: Cut.Exe|Psychic|p2a: Chansey
|-damage|p2a: Chansey|108\/703 par
|cant|p2a: Chansey|par
|
|turn|31
|choice|move 3|move 2
|
|cant|p1a: Cut.Exe|par
|move|p2a: Chansey|Soft-Boiled|p2a: Chansey
|-heal|p2a: Chansey|459\/703 par
|
|turn|32
|choice|move 3|move 2
|
|move|p1a: Cut.Exe|Psychic|p2a: Chansey
|-damage|p2a: Chansey|282\/703 par
|move|p2a: Chansey|Soft-Boiled|p2a: Chansey
|-heal|p2a: Chansey|633\/703 par
|
|turn|33
|choice|move 3|move 1
|
|move|p1a: Cut.Exe|Psychic|p2a: Chansey
|-damage|p2a: Chansey|455\/703 par
|-unboost|p2a: Chansey|spd|1
|-unboost|p2a: Chansey|spa|1
|cant|p2a: Chansey|par
|
|turn|34
|choice|move 3|switch 2
|
|switch|p2a: Rhydon|Rhydon|413\/413
|cant|p1a: Cut.Exe|par
|
|turn|35
|c|★Ch01W0n5h1n|already lost
|choice|move 1|switch 2
|
|switch|p2a: Chansey|Chansey|455\/703 par
|move|p1a: Cut.Exe|Sleep Powder|p2a: Chansey
|-fail|p2a: Chansey
|
|turn|36
|choice|move 3|move 1
|
|move|p1a: Cut.Exe|Psychic|p2a: Chansey
|-damage|p2a: Chansey|335\/703 par
|move|p2a: Chansey|Ice Beam|p1a: Cut.Exe
|-supereffective|p1a: Cut.Exe
|-damage|p1a: Cut.Exe|14\/393 par
|
|turn|37
|choice|move 3|move 2
|
|cant|p1a: Cut.Exe|par
|move|p2a: Chansey|Soft-Boiled|p2a: Chansey
|-heal|p2a: Chansey|686\/703 par
|
|turn|38
|choice|switch 6|move 1
|
|switch|p1a: Golem|Golem|363\/363
|move|p2a: Chansey|Ice Beam|p1a: Golem
|-supereffective|p1a: Golem
|-damage|p1a: Golem|154\/363
|
|turn|39
|choice|move 2|move 1
|
|move|p1a: Golem|Body Slam|p2a: Chansey
|-damage|p2a: Chansey|492\/703 par
|move|p2a: Chansey|Ice Beam|p1a: Golem
|-supereffective|p1a: Golem
|-damage|p1a: Golem|0 fnt
|faint|p1a: Golem
|choice|switch 3|
|
|switch|p1a: Mega Gastly|Cloyster|116\/303
|turn|40
|choice|move 1|move 3
|
|move|p1a: Mega Gastly|Clamp|p2a: Chansey
|-damage|p2a: Chansey|458\/703 par
|-activate|p2a: Chansey|move: Clamp|[of] p1a: Mega Gastly
|cant|p2a: Chansey|partiallytrapped
|
|turn|41
|c|★Ch01W0n5h1n|now just messsing around lol
|choice|move 1|switch 5
|
|switch|p2a: Alakazam|Alakazam|258\/313
|move|p1a: Mega Gastly|Clamp|p2a: Alakazam|[miss]
|-miss|p1a: Mega Gastly
|
|turn|42
|c|★Giory|yeah
|choice|move 3|move 1
|
|move|p2a: Alakazam|Psychic|p1a: Mega Gastly
|-crit|p1a: Mega Gastly
|-damage|p1a: Mega Gastly|0 fnt
|faint|p1a: Mega Gastly
|choice|switch 5|
|
|switch|p1a: Energy|Tauros|74\/353 par
|turn|43
|choice|move 4|move 1
|
|move|p2a: Alakazam|Psychic|p1a: Energy
|-damage|p1a: Energy|0 fnt
|faint|p1a: Energy
|choice|switch 6|
|
|switch|p1a: Cut.Exe|Exeggutor|14\/393 par
|turn|44
|choice|move 3|move 1
|
|move|p2a: Alakazam|Psychic|p1a: Cut.Exe
|-crit|p1a: Cut.Exe
|-resisted|p1a: Cut.Exe
|-damage|p1a: Cut.Exe|0 fnt
|faint|p1a: Cut.Exe
|
|win|Giory
|raw|Ch01W0n5h1n's rating: 1328 &rarr; <strong>1297<\/strong><br \/>(-31 for losing)
|raw|Giory's rating: 1101 &rarr; <strong>1141<\/strong><br \/>(+40 for winning)
|c|★Giory|gg
|c|★Ch01W0n5h1n|gg
|l|Ch01W0n5h1n
|player|p1