|join|XianJu
|join|hondamx15
|player|p1|XianJu|130
|player|p2|hondamx15|101
|gametype|singles
|gen|1
|tier|[Gen 1] Random Battle
|rated
|seed|60115,46397,52944,61244
|rule|Sleep Clause Mod: Limit one foe put to sleep
|rule|Freeze Clause Mod: Limit one foe frozen
|rule|HP Percentage Mod: HP is shown in percentages
|
|start
|switch|p1a: Wartortle|Wartortle, L85|274\/274
|switch|p2a: Magnemite|Magnemite, L96|243\/243
|turn|1
|choice|switch 5|move 4
|
|switch|p1a: Dugtrio|Dugtrio, L85|233\/233
|move|p2a: Magnemite|Thunder Wave|p1a: Dugtrio
|-immune|p1a: Dugtrio|[msg]
|
|turn|2
|choice|move 3|switch 5
|
|switch|p2a: Scyther|Scyther, L90|309\/309
|move|p1a: Dugtrio|Substitute|p1a: Dugtrio
|-start|p1a: Dugtrio|Substitute
|-damage|p1a: Dugtrio|175\/233
|
|turn|3
|choice|move 4|move 3
|
|move|p1a: Dugtrio|Sand Attack|p2a: Scyther
|-unboost|p2a: Scyther|accuracy|1
|move|p2a: Scyther|Slash|p1a: Dugtrio|[miss]
|-miss|p2a: Scyther
|
|turn|4
|choice|move 2|switch 6
|
|switch|p2a: Wigglytuff|Wigglytuff, L90|435\/435
|move|p1a: Dugtrio|Slash|p2a: Wigglytuff
|-crit|p2a: Wigglytuff
|-damage|p2a: Wigglytuff|313\/435
|
|turn|5
|choice|move 1|move 2
|
|move|p1a: Dugtrio|Earthquake|p2a: Wigglytuff
|-damage|p2a: Wigglytuff|175\/435
|move|p2a: Wigglytuff|Body Slam|p1a: Dugtrio
|-crit|p1a: Dugtrio
|-end|p1a: Dugtrio|Substitute
|
|turn|6
|choice|move 1|move 4
|
|move|p1a: Dugtrio|Earthquake|p2a: Wigglytuff
|-damage|p2a: Wigglytuff|40\/435
|move|p2a: Wigglytuff|Bubble Beam|p1a: Dugtrio
|-crit|p1a: Dugtrio
|-supereffective|p1a: Dugtrio
|-damage|p1a: Dugtrio|20\/233
|-unboost|p1a: Dugtrio|spe|1
|
|turn|7
|choice|switch 2|move 4
|
|switch|p1a: Magnemite|Magnemite, L96|243\/243
|move|p2a: Wigglytuff|Bubble Beam|p1a: Magnemite
|-damage|p1a: Magnemite|212\/243
|
|turn|8
|choice|move 2|switch 3
|
|switch|p2a: Hitmonlee|Hitmonlee, L90|273\/273
|move|p1a: Magnemite|Thunderbolt|p2a: Hitmonlee
|-damage|p2a: Hitmonlee|77\/273
|
|turn|9
|choice|move 2|move 4
|
|move|p2a: Hitmonlee|High Jump Kick|p1a: Magnemite
|-damage|p1a: Magnemite|91\/243
|move|p1a: Magnemite|Thunderbolt|p2a: Hitmonlee
|-damage|p2a: Hitmonlee|0 fnt
|faint|p2a: Hitmonlee
|choice||switch 2
|
|switch|p2a: Onix|Onix, L90|246\/246
|turn|10
|choice|switch 4|move 4
|
|switch|p1a: Venusaur|Venusaur, L85|310\/310
|move|p2a: Onix|Earthquake|p1a: Venusaur
|-damage|p1a: Venusaur|224\/310
|
|turn|11
|choice|move 2|move 2
|
|move|p1a: Venusaur|Razor Leaf|p2a: Onix
|-crit|p2a: Onix
|-supereffective|p2a: Onix
|-damage|p2a: Onix|0 fnt
|faint|p2a: Onix
|choice||switch 4
|
|switch|p2a: Omanyte|Omanyte, L96|262\/262
|turn|12
|choice|move 2|move 1
|
|move|p1a: Venusaur|Razor Leaf|p2a: Omanyte
|-crit|p2a: Omanyte
|-supereffective|p2a: Omanyte
|-damage|p2a: Omanyte|0 fnt
|faint|p2a: Omanyte
|-message|hondamx15 forfeited.
|
|win|XianJu
|leave|hondamx15
|player|p2
|raw|XianJu's rating: 1209 &rarr; <strong>1221<\/strong><br \/>(+12 for winning)
|raw|hondamx15's rating: 1000 &rarr; <strong>1000<\/strong><br \/>(+0 for losing)