|j|NoFearFrogadier
|j|RocketSC
|player|p1|NoFearFrogadier|264
|player|p2|RocketSC|210
|gametype|singles
|gen|1
|tier|[Gen 1] OU
|rated
|seed|7843,49307,11527,30719
|rule|Sleep Clause Mod: Limit one foe put to sleep
|rule|Freeze Clause Mod: Limit one foe frozen
|rule|Species Clause: Limit one of each Pokémon
|rule|OHKO Clause: OHKO moves are banned
|rule|Evasion Moves Clause: Evasion moves are banned
|rule|HP Percentage Mod: HP is shown in percentages
|
|start
|switch|p1a: Marowak|Marowak|323\/323
|switch|p2a: Venusaur|Venusaur|363\/363
|turn|1
|c|★NoFearFrogadier|gl hf
|choice|switch 3|move 3
|
|switch|p1a: Weezing|Weezing|333\/333
|move|p2a: Venusaur|Reflect|p2a: Venusaur
|-start|p2a: Venusaur|Reflect
|
|turn|2
|choice|move 1|move 2
|
|move|p2a: Venusaur|Leech Seed|p1a: Weezing
|-start|p1a: Weezing|move: Leech Seed
|move|p1a: Weezing|Fire Blast|p2a: Venusaur|[miss]
|-miss|p1a: Weezing
|-damage|p1a: Weezing|313\/333|[from] Leech Seed|[of] p2a: Venusaur
|
|turn|3
|c|★NoFearFrogadier|grr
|choice|move 1|switch 6
|
|switch|p2a: Golem|Golem|363\/363
|move|p1a: Weezing|Fire Blast|p2a: Golem
|-resisted|p2a: Golem
|-damage|p2a: Golem|303\/363
|-damage|p1a: Weezing|293\/333|[from] Leech Seed|[of] p2a: Golem
|-heal|p2a: Golem|323\/363|[silent]
|
|turn|4
|choice|switch 2|move 2
|
|switch|p1a: Tentacruel|Tentacruel|363\/363
|move|p2a: Golem|Earthquake|p1a: Tentacruel
|-supereffective|p1a: Tentacruel
|-damage|p1a: Tentacruel|28\/363
|
|turn|5
|choice|move 2|switch 4
|
|switch|p2a: Snorlax|Snorlax|523\/523
|move|p1a: Tentacruel|Surf|p2a: Snorlax
|-damage|p2a: Snorlax|364\/523
|
|turn|6
|choice|move 3|move 4
|
|move|p1a: Tentacruel|Acid|p2a: Snorlax
|-damage|p2a: Snorlax|317\/523
|-unboost|p2a: Snorlax|def|1
|move|p2a: Snorlax|Amnesia|p2a: Snorlax
|-boost|p2a: Snorlax|spd|2
|-boost|p2a: Snorlax|spa|2
|
|turn|7
|choice|move 4|move 1
|
|move|p1a: Tentacruel|Mega Drain|p2a: Snorlax
|-damage|p2a: Snorlax|293\/523
|-heal|p1a: Tentacruel|40\/363|[from] drain|[of] p2a: Snorlax
|move|p2a: Snorlax|Body Slam|p1a: Tentacruel
|-damage|p1a: Tentacruel|0 fnt
|faint|p1a: Tentacruel
|choice|switch 3|
|
|switch|p1a: Marowak|Marowak|323\/323
|turn|8
|choice|move 3|move 3
|
|move|p1a: Marowak|Earthquake|p2a: Snorlax
|-damage|p2a: Snorlax|106\/523
|move|p2a: Snorlax|Surf|p1a: Marowak
|-supereffective|p1a: Marowak
|-damage|p1a: Marowak|0 fnt
|faint|p1a: Marowak
|c|★NoFearFrogadier|that beef
|choice|switch 5|
|
|switch|p1a: Dragonite|Dragonite|385\/385
|turn|9
|choice|move 3|move 2
|
|move|p1a: Dragonite|Skull Bash|p2a: Snorlax|[still]
|-prepare|p1a: Dragonite|Skull Bash|p2a: Snorlax
|move|p2a: Snorlax|Self-Destruct|p1a: Dragonite
|-damage|p1a: Dragonite|47\/385
|faint|p2a: Snorlax
|choice||switch 2
|
|switch|p2a: Scyther|Scyther|343\/343
|turn|10
|choice|move 1|move 3
|
|move|p2a: Scyther|Slash|p1a: Dragonite
|-crit|p1a: Dragonite
|-damage|p1a: Dragonite|0 fnt
|faint|p1a: Dragonite
|choice|switch 2|
|
|switch|p1a: Weezing|Weezing|293\/333
|turn|11
|choice|move 1|switch 6
|
|switch|p2a: Venusaur|Venusaur|363\/363
|move|p1a: Weezing|Fire Blast|p2a: Venusaur
|-supereffective|p2a: Venusaur
|-damage|p2a: Venusaur|186\/363
|
|turn|12
|choice|move 1|move 2
|
|move|p2a: Venusaur|Leech Seed|p1a: Weezing
|-start|p1a: Weezing|move: Leech Seed
|move|p1a: Weezing|Fire Blast|p2a: Venusaur
|-crit|p2a: Venusaur
|-supereffective|p2a: Venusaur
|-damage|p2a: Venusaur|0 fnt
|faint|p2a: Venusaur
|choice||switch 4
|
|switch|p2a: Golem|Golem|323\/363
|turn|13
|choice|switch 6|move 2
|
|switch|p1a: Machamp|Machamp|383\/383
|move|p2a: Golem|Earthquake|p1a: Machamp
|-damage|p1a: Machamp|238\/383
|
|turn|14
|choice|move 2|move 1
|
|move|p1a: Machamp|Low Kick|p2a: Golem
|-supereffective|p2a: Golem
|-damage|p2a: Golem|191\/363
|move|p2a: Golem|Explosion|p1a: Machamp
|-damage|p1a: Machamp|0 fnt
|faint|p1a: Machamp
|faint|p2a: Golem
|choice|switch 4|switch 6
|
|switch|p2a: Scyther|Scyther|343\/343
|switch|p1a: Ninetales|Ninetales|349\/349
|turn|15
|choice|move 3|move 3
|
|move|p2a: Scyther|Slash|p1a: Ninetales
|-crit|p1a: Ninetales
|-damage|p1a: Ninetales|214\/349
|move|p1a: Ninetales|Flamethrower|p2a: Scyther
|-supereffective|p2a: Scyther
|-damage|p2a: Scyther|21\/343
|
|turn|16
|choice|move 3|move 4
|
|move|p2a: Scyther|Hyper Beam|p1a: Ninetales
|-damage|p1a: Ninetales|66\/349
|move|p1a: Ninetales|Flamethrower|p2a: Scyther
|-supereffective|p2a: Scyther
|-damage|p2a: Scyther|0 fnt
|faint|p2a: Scyther
|choice||switch 5
|
|switch|p2a: Dragonite|Dragonite|385\/385
|turn|17
|c|★NoFearFrogadier|well played
|choice|move 2|move 2
|
|move|p1a: Ninetales|Confuse Ray|p2a: Dragonite
|-start|p2a: Dragonite|confusion
|-activate|p2a: Dragonite|confusion
|move|p2a: Dragonite|Surf|p1a: Ninetales
|-supereffective|p1a: Ninetales
|-damage|p1a: Ninetales|0 fnt
|faint|p1a: Ninetales
|choice|switch 6|
|
|switch|p1a: Weezing|Weezing|293\/333
|turn|18
|choice|move 2|move 4
|
|-activate|p2a: Dragonite|confusion
|move|p2a: Dragonite|Blizzard|p1a: Weezing|[miss]
|-miss|p2a: Dragonite
|move|p1a: Weezing|Thunderbolt|p2a: Dragonite
|-damage|p2a: Dragonite|318\/385
|-status|p2a: Dragonite|par
|
|turn|19
|choice|move 4|move 4
|
|move|p1a: Weezing|Hyper Beam|p2a: Dragonite
|-damage|p2a: Dragonite|209\/385 par
|cant|p2a: Dragonite|par
|
|turn|20
|-mustrecharge|p1a: Weezing
|-mustrecharge|p1a: Weezing
|choice|move 1|move 4
|
|cant|p1a: Weezing|recharge
|-activate|p2a: Dragonite|confusion
|-damage|p2a: Dragonite|165\/385 par|[from] confusion
|
|turn|21
|choice|move 2|move 4
|
|move|p1a: Weezing|Thunderbolt|p2a: Dragonite
|-crit|p2a: Dragonite
|-damage|p2a: Dragonite|40\/385 par
|-activate|p2a: Dragonite|confusion
|move|p2a: Dragonite|Blizzard|p1a: Weezing|[miss]
|-miss|p2a: Dragonite
|
|turn|22
|choice|move 2|move 4
|
|move|p1a: Weezing|Thunderbolt|p2a: Dragonite
|-damage|p2a: Dragonite|0 fnt
|faint|p2a: Dragonite
|choice||switch 3
|
|switch|p2a: Alakazam|Alakazam|313\/313
|turn|23
|c|★NoFearFrogadier|Holy shit....xD
|c|★NoFearFrogadier|gg
|choice|move 4|move 3
|
|move|p2a: Alakazam|Psychic|p1a: Weezing
|-supereffective|p1a: Weezing
|-damage|p1a: Weezing|26\/333
|-unboost|p1a: Weezing|spd|1
|-unboost|p1a: Weezing|spa|1
|move|p1a: Weezing|Hyper Beam|p2a: Alakazam
|-damage|p2a: Alakazam|149\/313
|
|turn|24
|-mustrecharge|p1a: Weezing
|c|★RocketSC|:)
|c|★RocketSC|gg
|-mustrecharge|p1a: Weezing
|choice|move 1|move 3
|
|move|p2a: Alakazam|Psychic|p1a: Weezing
|-supereffective|p1a: Weezing
|-damage|p1a: Weezing|0 fnt
|faint|p1a: Weezing
|
|win|RocketSC
|player|p1
|player|p2
|c|★NoFearFrogadier|You should check out my youtube channel! https:\/\/www.youtube.com\/channel\/UCBURWf65x_YGuvDD4KOHT1g
|raw|NoFearFrogadier's rating: 1026 &rarr; <strong>1012<\/strong><br \/>(-14 for losing)
|raw|RocketSC's rating: 1040 &rarr; <strong>1073<\/strong><br \/>(+33 for winning)
|l|RocketSC