|j|lt2 Levohl
|j|Pr0n Snow
|player|p1|lt2 Levohl|106
|player|p2|Pr0n Snow|96
|gametype|singles
|gen|1
|tier|[Gen 1] OU
|rated
|seed|3741,20725,52043,62079
|rule|Sleep Clause Mod: Limit one foe put to sleep
|rule|Freeze Clause Mod: Limit one foe frozen
|rule|Species Clause: Limit one of each Pokémon
|rule|OHKO Clause: OHKO moves are banned
|rule|Evasion Moves Clause: Evasion moves are banned
|rule|HP Percentage Mod: HP is shown in percentages
|
|start
|switch|p1a: Jynx|Jynx|333\/333
|switch|p2a: Gengar|Gengar|323\/323
|turn|1
|choice|move 2|move 1
|
|move|p2a: Gengar|Hypnosis|p1a: Jynx|[miss]
|-miss|p2a: Gengar
|move|p1a: Jynx|Psychic|p2a: Gengar
|-supereffective|p2a: Gengar
|-damage|p2a: Gengar|148\/323
|-unboost|p2a: Gengar|spd|1
|-unboost|p2a: Gengar|spa|1
|
|turn|2
|choice|move 2|move 3
|
|move|p2a: Gengar|Explosion|p1a: Jynx
|-damage|p1a: Jynx|0 fnt
|faint|p1a: Jynx
|faint|p2a: Gengar
|choice|switch 2|switch 3
|
|switch|p1a: Dragonite|Dragonite|385\/385
|switch|p2a: Chansey|Chansey|703\/703
|turn|3
|choice|move 2|move 4
|
|move|p1a: Dragonite|Agility|p1a: Dragonite
|-boost|p1a: Dragonite|spe|2
|move|p2a: Chansey|Thunder Wave|p1a: Dragonite
|-status|p1a: Dragonite|par
|
|turn|4
|choice|move 1|move 1
|
|move|p2a: Chansey|Ice Beam|p1a: Dragonite
|-crit|p1a: Dragonite
|-supereffective|p1a: Dragonite
|-damage|p1a: Dragonite|0 fnt
|faint|p1a: Dragonite
|c|★lt2 Levohl|What
|c|★Pr0n Snow|?
|c|★lt2 Levohl|agility is supposed to negate the paralysis reduction in gen 1
|c|★Pr0n Snow|that's after you get paralized
|choice|switch 4|
|
|switch|p1a: Tauros|Tauros|353\/353
|turn|5
|choice|move 4|move 4
|
|move|p1a: Tauros|Earthquake|p2a: Chansey
|-damage|p2a: Chansey|501\/703
|move|p2a: Chansey|Thunder Wave|p1a: Tauros
|-status|p1a: Tauros|par
|
|turn|6
|choice|move 4|move 1
|
|move|p2a: Chansey|Ice Beam|p1a: Tauros
|-damage|p1a: Tauros|255\/353 par
|move|p1a: Tauros|Earthquake|p2a: Chansey
|-damage|p2a: Chansey|300\/703
|
|turn|7
|choice|move 2|move 3
|
|move|p2a: Chansey|Soft-Boiled|p2a: Chansey
|-heal|p2a: Chansey|651\/703
|move|p1a: Tauros|Body Slam|p2a: Chansey
|-damage|p2a: Chansey|363\/703
|
|turn|8
|choice|move 2|switch 4
|
|switch|p2a: Snorlax|Snorlax|523\/523
|move|p1a: Tauros|Body Slam|p2a: Snorlax
|-damage|p2a: Snorlax|382\/523
|
|turn|9
|choice|move 2|move 1
|
|move|p2a: Snorlax|Body Slam|p1a: Tauros
|-damage|p1a: Tauros|151\/353 par
|move|p1a: Tauros|Body Slam|p2a: Snorlax
|-crit|p2a: Snorlax
|-damage|p2a: Snorlax|138\/523
|
|turn|10
|choice|move 2|move 1
|
|move|p2a: Snorlax|Body Slam|p1a: Tauros
|-damage|p1a: Tauros|47\/353 par
|move|p1a: Tauros|Body Slam|p2a: Snorlax
|-damage|p2a: Snorlax|2\/523
|
|turn|11
|c|★lt2 Levohl|What
|c|★lt2 Levohl|anti hax
|choice|move 2|move 3
|
|move|p2a: Snorlax|Earthquake|p1a: Tauros
|-damage|p1a: Tauros|0 fnt
|faint|p1a: Tauros
|choice|switch 6|
|
|switch|p1a: Chansey|Chansey|703\/703
|turn|12
|choice|move 1|switch 4
|
|switch|p2a: Chansey|Chansey|363\/703
|move|p1a: Chansey|Ice Beam|p2a: Chansey
|-damage|p2a: Chansey|284\/703
|
|turn|13
|choice|move 1|move 3
|
|move|p1a: Chansey|Ice Beam|p2a: Chansey
|-damage|p2a: Chansey|208\/703
|move|p2a: Chansey|Soft-Boiled|p2a: Chansey
|-heal|p2a: Chansey|559\/703
|
|turn|14
|choice|move 1|move 1
|
|move|p2a: Chansey|Ice Beam|p1a: Chansey
|-damage|p1a: Chansey|622\/703
|move|p1a: Chansey|Ice Beam|p2a: Chansey
|-damage|p2a: Chansey|490\/703
|
|turn|15
|choice|move 1|move 1
|
|move|p2a: Chansey|Ice Beam|p1a: Chansey
|-damage|p1a: Chansey|545\/703
|-status|p1a: Chansey|frz
|cant|p1a: Chansey|frz
|
|turn|16
|c|★lt2 Levohl|Fuck this shit
|-message|lt2 Levohl forfeited.
|
|win|Pr0n Snow
|player|p1
|player|p2
|l|lt2 Levohl
|raw|lt2 Levohl's rating: 1101 &rarr; <strong>1082<\/strong><br \/>(-19 for losing)
|raw|Pr0n Snow's rating: 1185 &rarr; <strong>1204<\/strong><br \/>(+19 for winning)