|j|Brendonfa
|j|Cristaldo1234
|player|p1|Brendonfa|229
|player|p2|Cristaldo1234|266
|gametype|singles
|gen|1
|tier|[Gen 1] Random Battle
|rated
|seed|9040,15991,27353,20589
|rule|Sleep Clause Mod: Limit one foe put to sleep
|rule|Freeze Clause Mod: Limit one foe frozen
|rule|HP Percentage Mod: HP is shown in percentages
|
|start
|switch|p1a: Psyduck|Psyduck, L96|291\/291
|switch|p2a: Pidgeot|Pidgeot, L90|333\/333
|turn|1
|choice|move 3|move 2
|
|move|p2a: Pidgeot|Sky Attack|p1a: Psyduck|[still]
|-prepare|p2a: Pidgeot|Sky Attack|p1a: Psyduck
|move|p1a: Psyduck|Ice Beam|p2a: Pidgeot
|-supereffective|p2a: Pidgeot
|-damage|p2a: Pidgeot|206\/333
|-status|p2a: Pidgeot|frz
|
|turn|2
|choice|move 1|move 1
|
|cant|p2a: Pidgeot|frz
|move|p1a: Psyduck|Amnesia|p1a: Psyduck
|-boost|p1a: Psyduck|spd|2
|-boost|p1a: Psyduck|spa|2
|
|turn|3
|choice|move 1|switch 5
|
|switch|p2a: Mewtwo|Mewtwo, L70|293\/293
|move|p1a: Psyduck|Amnesia|p1a: Psyduck
|-boost|p1a: Psyduck|spd|2
|-boost|p1a: Psyduck|spa|2
|
|turn|4
|choice|move 3|move 4
|
|move|p2a: Mewtwo|Thunderbolt|p1a: Psyduck
|-supereffective|p1a: Psyduck
|-damage|p1a: Psyduck|239\/291
|move|p1a: Psyduck|Ice Beam|p2a: Mewtwo
|-damage|p2a: Mewtwo|143\/293
|
|turn|5
|choice|move 1|move 3
|
|move|p2a: Mewtwo|Thunder Wave|p1a: Psyduck
|-status|p1a: Psyduck|par
|cant|p1a: Psyduck|par
|
|turn|6
|choice|move 1|move 1
|
|move|p2a: Mewtwo|Psychic|p1a: Psyduck
|-crit|p1a: Psyduck
|-damage|p1a: Psyduck|5\/291 par
|move|p1a: Psyduck|Amnesia|p1a: Psyduck
|-boost|p1a: Psyduck|spd|2
|-boost|p1a: Psyduck|spa|2
|
|turn|7
|choice|move 3|move 4
|
|move|p2a: Mewtwo|Thunderbolt|p1a: Psyduck
|-supereffective|p1a: Psyduck
|-damage|p1a: Psyduck|0 fnt
|faint|p1a: Psyduck
|choice|switch 4|
|
|switch|p1a: Pinsir|Pinsir, L85|284\/284
|turn|8
|choice|move 4|switch 6
|
|switch|p2a: Gengar|Gengar, L79|257\/257
|move|p1a: Pinsir|Body Slam|p2a: Gengar
|-immune|p2a: Gengar|[msg]
|
|turn|9
|choice|switch 2|move 4
|
|switch|p1a: Dragonair|Dragonair, L85|277\/277
|move|p2a: Gengar|Mega Drain|p1a: Dragonair
|-resisted|p1a: Dragonair
|-damage|p1a: Dragonair|260\/277
|
|turn|10
|choice|move 4|switch 4
|
|switch|p2a: Lapras|Lapras, L79|367\/367
|move|p1a: Dragonair|Thunder Wave|p2a: Lapras
|-status|p2a: Lapras|par
|
|turn|11
|choice|move 3|move 2
|
|move|p1a: Dragonair|Thunder|p2a: Lapras
|-supereffective|p2a: Lapras
|-damage|p2a: Lapras|215\/367 par
|move|p2a: Lapras|Blizzard|p1a: Dragonair
|-supereffective|p1a: Dragonair
|-damage|p1a: Dragonair|15\/277
|
|turn|12
|choice|move 3|move 1
|
|move|p1a: Dragonair|Thunder|p2a: Lapras
|-crit|p2a: Lapras
|-supereffective|p2a: Lapras
|-damage|p2a: Lapras|0 fnt
|faint|p2a: Lapras
|choice||switch 6
|
|switch|p2a: Mewtwo|Mewtwo, L70|143\/293
|turn|13
|choice|move 4|move 4
|
|move|p2a: Mewtwo|Thunderbolt|p1a: Dragonair
|-resisted|p1a: Dragonair
|-damage|p1a: Dragonair|0 fnt
|faint|p1a: Dragonair
|choice|switch 5|
|
|switch|p1a: Raticate|Raticate, L85|267\/267
|turn|14
|choice|move 2|switch 4
|
|switch|p2a: Gengar|Gengar, L79|257\/257
|move|p1a: Raticate|Blizzard|p2a: Gengar|[miss]
|-miss|p1a: Raticate
|
|turn|15
|choice|move 2|move 3
|
|move|p2a: Gengar|Psychic|p1a: Raticate
|-damage|p1a: Raticate|180\/267
|-unboost|p1a: Raticate|spd|1
|-unboost|p1a: Raticate|spa|1
|move|p1a: Raticate|Blizzard|p2a: Gengar
|-damage|p2a: Gengar|223\/257
|
|turn|16
|choice|switch 3|move 3
|
|switch|p1a: Alakazam|Alakazam, L79|249\/249
|move|p2a: Gengar|Psychic|p1a: Alakazam
|-resisted|p1a: Alakazam
|-damage|p1a: Alakazam|223\/249
|
|turn|17
|choice|move 3|move 2
|
|move|p1a: Alakazam|Thunder Wave|p2a: Gengar
|-status|p2a: Gengar|par
|move|p2a: Gengar|Explosion|p1a: Alakazam
|-crit|p1a: Alakazam
|-damage|p1a: Alakazam|0 fnt
|faint|p1a: Alakazam
|faint|p2a: Gengar
|choice|switch 6|switch 4
|
|switch|p2a: Mewtwo|Mewtwo, L70|143\/293
|switch|p1a: Slowbro|Slowbro, L79|312\/312
|turn|18
|choice|move 2|move 4
|
|move|p2a: Mewtwo|Thunderbolt|p1a: Slowbro
|-supereffective|p1a: Slowbro
|-damage|p1a: Slowbro|152\/312
|move|p1a: Slowbro|Amnesia|p1a: Slowbro
|-boost|p1a: Slowbro|spd|2
|-boost|p1a: Slowbro|spa|2
|
|turn|19
|choice|move 1|move 4
|
|move|p2a: Mewtwo|Thunderbolt|p1a: Slowbro
|-supereffective|p1a: Slowbro
|-damage|p1a: Slowbro|82\/312
|move|p1a: Slowbro|Thunder Wave|p2a: Mewtwo
|-status|p2a: Mewtwo|par
|
|turn|20
|choice|move 2|move 4
|
|move|p1a: Slowbro|Amnesia|p1a: Slowbro
|-boost|p1a: Slowbro|spd|2
|-boost|p1a: Slowbro|spa|2
|move|p2a: Mewtwo|Thunderbolt|p1a: Slowbro
|-crit|p1a: Slowbro
|-supereffective|p1a: Slowbro
|-damage|p1a: Slowbro|0 fnt
|faint|p1a: Slowbro
|choice|switch 3|
|
|switch|p1a: Raticate|Raticate, L85|180\/267
|turn|21
|choice|move 4|move 3
|
|move|p1a: Raticate|Body Slam|p2a: Mewtwo
|-damage|p2a: Mewtwo|37\/293 par
|move|p2a: Mewtwo|Thunder Wave|p1a: Raticate
|-status|p1a: Raticate|par
|
|turn|22
|choice|move 4|move 1
|
|move|p1a: Raticate|Body Slam|p2a: Mewtwo
|-damage|p2a: Mewtwo|0 fnt
|faint|p2a: Mewtwo
|choice||switch 5
|
|switch|p2a: Pidgeot|Pidgeot, L90|206\/333 frz
|turn|23
|choice|switch 2|move 4
|
|switch|p1a: Pinsir|Pinsir, L85|284\/284
|cant|p2a: Pidgeot|frz
|
|turn|24
|choice|move 1|move 4
|
|cant|p2a: Pidgeot|frz
|move|p1a: Pinsir|Swords Dance|p1a: Pinsir
|-boost|p1a: Pinsir|atk|2
|
|turn|25
|c|★Cristaldo1234|frozen in gen I never gets Thawed right?
|choice|move 1|move 4
|
|cant|p2a: Pidgeot|frz
|move|p1a: Pinsir|Swords Dance|p1a: Pinsir
|-boost|p1a: Pinsir|atk|2
|
|turn|26
|choice|move 1|switch 3
|
|switch|p2a: Mr. Mime|Mr. Mime, L85|242\/242
|move|p1a: Pinsir|Swords Dance|p1a: Pinsir
|-boost|p1a: Pinsir|atk|2
|
|turn|27
|choice|move 4|move 2
|
|move|p2a: Mr. Mime|Psychic|p1a: Pinsir
|-crit|p1a: Pinsir
|-damage|p1a: Pinsir|51\/284
|move|p1a: Pinsir|Body Slam|p2a: Mr. Mime
|-damage|p2a: Mr. Mime|0 fnt
|faint|p2a: Mr. Mime
|choice||switch 2
|
|switch|p2a: Porygon|Porygon, L85|284\/284
|turn|28
|choice|move 4|move 2
|
|move|p1a: Pinsir|Body Slam|p2a: Porygon
|-damage|p2a: Porygon|7\/284
|move|p2a: Porygon|Thunderbolt|p1a: Pinsir
|-damage|p1a: Pinsir|0 fnt
|faint|p1a: Pinsir
|choice|switch 2|
|
|switch|p1a: Raticate|Raticate, L85|180\/267 par
|turn|29
|choice|move 4|move 1
|
|move|p2a: Porygon|Recover|p2a: Porygon
|-heal|p2a: Porygon|149\/284
|move|p1a: Raticate|Body Slam|p2a: Porygon
|-damage|p2a: Porygon|51\/284
|
|turn|30
|choice|move 4|move 1
|
|move|p2a: Porygon|Recover|p2a: Porygon
|-heal|p2a: Porygon|193\/284
|move|p1a: Raticate|Body Slam|p2a: Porygon
|-damage|p2a: Porygon|106\/284
|
|turn|31
|choice|move 4|move 1
|
|move|p2a: Porygon|Recover|p2a: Porygon
|-heal|p2a: Porygon|248\/284
|move|p1a: Raticate|Body Slam|p2a: Porygon
|-damage|p2a: Porygon|153\/284
|
|turn|32
|choice|move 4|move 1
|
|move|p2a: Porygon|Recover|p2a: Porygon
|-heal|p2a: Porygon|284\/284
|move|p1a: Raticate|Body Slam|p2a: Porygon
|-damage|p2a: Porygon|187\/284
|
|turn|33
|choice|move 4|move 2
|
|move|p2a: Porygon|Thunderbolt|p1a: Raticate
|-damage|p1a: Raticate|104\/267 par
|move|p1a: Raticate|Body Slam|p2a: Porygon
|-damage|p2a: Porygon|99\/284
|
|turn|34
|choice|move 4|move 1
|
|move|p2a: Porygon|Recover|p2a: Porygon
|-heal|p2a: Porygon|241\/284
|move|p1a: Raticate|Body Slam|p2a: Porygon
|-damage|p2a: Porygon|142\/284
|
|turn|35
|choice|move 4|move 2
|
|move|p2a: Porygon|Thunderbolt|p1a: Raticate
|-damage|p1a: Raticate|28\/267 par
|cant|p1a: Raticate|par
|
|turn|36
|choice|move 3|move 2
|
|move|p2a: Porygon|Thunderbolt|p1a: Raticate
|-crit|p1a: Raticate
|-damage|p1a: Raticate|0 fnt
|faint|p1a: Raticate
|
|win|Cristaldo1234
|player|p1
|player|p2
|c|★Brendonfa|gg
|c|★Cristaldo1234|gg
|l|Brendonfa
||Ladder (probably) updated, but score could not be retrieved (Response not received).