|j|guillecefiro
|j|Iezus
|player|p1|guillecefiro|1
|player|p2|Iezus|275
|gametype|singles
|gen|1
|tier|[Gen 1] Random Battle
|rated
|seed|26123,63273,34224,54687
|rule|Sleep Clause Mod: Limit one foe put to sleep
|rule|Freeze Clause Mod: Limit one foe frozen
|rule|HP Percentage Mod: HP is shown in percentages
|
|start
|switch|p1a: Flareon|Flareon, L90|300\/300
|switch|p2a: Clefairy|Clefairy, L95|326\/326
|turn|1
|choice|move 4|switch 4
|
|switch|p2a: Poliwhirl|Poliwhirl, L85|284\/284
|move|p1a: Flareon|Body Slam|p2a: Poliwhirl
|-crit|p2a: Poliwhirl
|-damage|p2a: Poliwhirl|89\/284
|-status|p2a: Poliwhirl|par
|
|turn|2
|choice|move 4|move 3
|
|move|p1a: Flareon|Body Slam|p2a: Poliwhirl
|-damage|p2a: Poliwhirl|0 fnt
|faint|p2a: Poliwhirl
|choice||switch 3
|
|switch|p2a: Sandslash|Sandslash, L85|301\/301
|turn|3
|choice|move 2|move 4
|
|move|p1a: Flareon|Quick Attack|p2a: Sandslash
|-damage|p2a: Sandslash|265\/301
|move|p2a: Sandslash|Body Slam|p1a: Flareon
|-damage|p1a: Flareon|226\/300
|
|turn|4
|choice|move 1|move 1
|
|move|p1a: Flareon|Fire Blast|p2a: Sandslash
|-damage|p2a: Sandslash|49\/301
|-status|p2a: Sandslash|brn
|move|p2a: Sandslash|Earthquake|p1a: Flareon
|-supereffective|p1a: Flareon
|-damage|p1a: Flareon|96\/300
|-damage|p2a: Sandslash|31\/301 brn|[from] brn|[of] p1a: Flareon
|
|turn|5
|choice|move 4|move 1
|
|move|p1a: Flareon|Body Slam|p2a: Sandslash
|-crit|p2a: Sandslash
|-damage|p2a: Sandslash|0 fnt
|faint|p2a: Sandslash
|choice||switch 2
|
|switch|p2a: Koffing|Koffing, L96|272\/272
|turn|6
|choice|move 3|move 4
|
|move|p1a: Flareon|Hyper Beam|p2a: Koffing
|-damage|p2a: Koffing|149\/272
|move|p2a: Koffing|Sludge|p1a: Flareon
|-crit|p1a: Flareon
|-damage|p1a: Flareon|0 fnt
|faint|p1a: Flareon
|choice|switch 5|
|
|switch|p1a: Mew|Mew, L74|300\/300
|turn|7
|choice|move 2|switch 4
|
|switch|p2a: Clefairy|Clefairy, L95|326\/326
|move|p1a: Mew|Earthquake|p2a: Clefairy
|-damage|p2a: Clefairy|260\/326
|
|turn|8
|choice|switch 4|move 2
|
|switch|p1a: Lapras|Lapras, L79|367\/367
|move|p2a: Clefairy|Thunder Wave|p1a: Lapras
|-status|p1a: Lapras|par
|
|turn|9
|choice|move 1|move 1
|
|move|p2a: Clefairy|Thunderbolt|p1a: Lapras
|-supereffective|p1a: Lapras
|-damage|p1a: Lapras|240\/367 par
|move|p1a: Lapras|Confuse Ray|p2a: Clefairy
|-start|p2a: Clefairy|confusion
|
|turn|10
|choice|move 2|move 1
|
|-activate|p2a: Clefairy|confusion
|-damage|p2a: Clefairy|228\/326|[from] confusion
|move|p1a: Lapras|Body Slam|p2a: Clefairy
|-damage|p2a: Clefairy|169\/326
|
|turn|11
|choice|move 4|move 1
|
|-activate|p2a: Clefairy|confusion
|move|p2a: Clefairy|Thunderbolt|p1a: Lapras
|-supereffective|p1a: Lapras
|-damage|p1a: Lapras|117\/367 par
|move|p1a: Lapras|Rest|p1a: Lapras
|-status|p1a: Lapras|slp
|-heal|p1a: Lapras|367\/367 slp|[silent]
|-status|p1a: Lapras|slp|[from] move: Rest
|
|turn|12
|choice|switch 6|move 1
|
|switch|p1a: Sandslash|Sandslash, L85|301\/301
|-activate|p2a: Clefairy|confusion
|-damage|p2a: Clefairy|137\/326|[from] confusion
|
|turn|13
|choice|move 1|switch 6
|
|switch|p2a: Exeggutor|Exeggutor, L79|312\/312
|move|p1a: Sandslash|Earthquake|p2a: Exeggutor
|-resisted|p2a: Exeggutor
|-damage|p2a: Exeggutor|254\/312
|
|turn|14
|choice|switch 4|move 1
|
|switch|p1a: Mew|Mew, L74|300\/300
|move|p2a: Exeggutor|Sleep Powder|p1a: Mew
|-status|p1a: Mew|slp
|
|turn|15
|choice|move 3|move 4
|
|cant|p1a: Mew|slp
|move|p2a: Exeggutor|Mega Drain|p1a: Mew
|-damage|p1a: Mew|254\/300 slp
|-heal|p2a: Exeggutor|277\/312|[from] drain|[of] p1a: Mew
|
|turn|16
|choice|move 3|switch 5
|
|switch|p2a: Muk|Muk, L90|372\/372
|cant|p1a: Mew|slp
|
|turn|17
|choice|switch 2|move 4
|
|switch|p1a: Bellsprout|Bellsprout, L96|291\/291
|move|p2a: Muk|Screech|p1a: Bellsprout
|-unboost|p1a: Bellsprout|def|2
|
|turn|18
|choice|move 1|move 3
|
|move|p2a: Muk|Body Slam|p1a: Bellsprout
|-damage|p1a: Bellsprout|76\/291
|move|p1a: Bellsprout|Sleep Powder|p2a: Muk
|-status|p2a: Muk|slp
|
|turn|19
|choice|move 3|switch 4
|
|switch|p2a: Koffing|Koffing, L96|149\/272
|move|p1a: Bellsprout|Body Slam|p2a: Koffing
|-damage|p2a: Koffing|98\/272
|
|turn|20
|choice|move 3|move 2
|
|move|p1a: Bellsprout|Body Slam|p2a: Koffing
|-damage|p2a: Koffing|42\/272
|-status|p2a: Koffing|par
|move|p2a: Koffing|Fire Blast|p1a: Bellsprout
|-supereffective|p1a: Bellsprout
|-damage|p1a: Bellsprout|0 fnt
|faint|p1a: Bellsprout
|choice|switch 3|
|
|switch|p1a: Beedrill|Beedrill, L90|300\/300
|turn|21
|choice|move 1|move 1
|
|move|p1a: Beedrill|Hyper Beam|p2a: Koffing
|-crit|p2a: Koffing
|-damage|p2a: Koffing|0 fnt
|faint|p2a: Koffing
|choice||switch 5
|
|switch|p2a: Exeggutor|Exeggutor, L79|277\/312
|turn|22
|choice|move 4|move 3
|
|move|p1a: Beedrill|Twineedle|p2a: Exeggutor
|-supereffective|p2a: Exeggutor
|-damage|p2a: Exeggutor|164\/312
|-damage|p2a: Exeggutor|51\/312
|-hitcount|p2a: Exeggutor|2
|move|p2a: Exeggutor|Hyper Beam|p1a: Beedrill|[miss]
|-miss|p2a: Exeggutor
|
|turn|23
|choice|move 1|switch 6
|
|switch|p2a: Clefairy|Clefairy, L95|137\/326
|move|p1a: Beedrill|Hyper Beam|p2a: Clefairy
|-damage|p2a: Clefairy|0 fnt
|faint|p2a: Clefairy
|-message|Iezus forfeited.
|
|win|guillecefiro
|l|Iezus
|player|p2
|raw|guillecefiro's rating: 1152 &rarr; <strong>1189<\/strong><br \/>(+37 for winning)
|raw|Iezus's rating: 1344 &rarr; <strong>1314<\/strong><br \/>(-30 for losing)