|join|arafalo2
|join|teh Moron
|player|p1|arafalo2|102
|player|p2|teh Moron|275
|gametype|singles
|gen|1
|tier|[Gen 1] OU (beta)
|rated
|rule|Sleep Clause Mod: Limit one foe put to sleep
|rule|Species Clause: Limit one of each Pokemon
|rule|OHKO Clause: OHKO moves are banned
|rule|Moody Clause: Moody is banned
|rule|Evasion Moves Clause: Evasion moves are banned
|rule|Endless Battle Clause: Forcing endless battles is banned.
|rule|HP Percentage Mod: HP is reported as percentages
|
|start
|switch|p1a: Jynx|Jynx|333\/333
|switch|p2a: Alakazam|Alakazam|313\/313
|turn|1
|callback|decision
|
|move|p2a: Alakazam|Thunder Wave|p1a: Jynx
|-status|p1a: Jynx|par
|cant|p1a: Jynx|par
|
|turn|2
|callback|decision
|
|switch|p2a: Snorlax|Snorlax|523\/523
|move|p1a: Jynx|Lovely Kiss|p2a: Snorlax|[miss]
|-miss|p1a: Jynx
|
|turn|3
|callback|decision
|
|move|p2a: Snorlax|Body Slam|p1a: Jynx
|-crit|p1a: Jynx
|-damage|p1a: Jynx|0 fnt
|faint|p1a: Jynx
|
|callback|decision
|
|switch|p1a: Exeggutor|Exeggutor|393\/393
|turn|4
|callback|decision
|
|move|p1a: Exeggutor|Sleep Powder|p2a: Snorlax
|-status|p2a: Snorlax|slp
|cant|p2a: Snorlax|slp
|
|turn|5
|callback|decision
|
|switch|p2a: Chansey|Chansey|703\/703
|move|p1a: Exeggutor|Psychic|p2a: Chansey
|-damage|p2a: Chansey|584\/703
|
|turn|6
|callback|decision
|
|switch|p2a: Cloyster|Cloyster|303\/303
|move|p1a: Exeggutor|Explosion|p2a: Cloyster
|-damage|p2a: Cloyster|150\/303
|faint|p1a: Exeggutor
|callback|decision
|
|switch|p1a: Starmie|Starmie|323\/323
|turn|7
|callback|decision
|
|switch|p2a: Chansey|Chansey|584\/703
|move|p1a: Starmie|Thunderbolt|p2a: Chansey
|-damage|p2a: Chansey|507\/703
|
|turn|8
|callback|decision
|
|switch|p1a: Chansey|Chansey|703\/703
|move|p2a: Chansey|Ice Beam|p1a: Chansey
|-damage|p1a: Chansey|634\/703
|-status|p1a: Chansey|frz
|
|turn|9
|callback|decision
|-message|arafalo2 forfeited.
|
|win|teh Moron
|raw|Ladder updating...
|leave|arafalo2
|player|p1
|raw|Ladder (probably) updated, but score could not be retrieved (timeout).
|raw|Ladder (probably) updated, but score could not be retrieved (Error: socket hang up).