|j|Dervodel2
|j|Caiiiius
|player|p1|Dervodel2|238
|player|p2|Caiiiius|13
|gametype|singles
|gen|1
|tier|[Gen 1] Random Battle
|rated
|seed|33503,24099,10507,48800
|rule|Sleep Clause Mod: Limit one foe put to sleep
|rule|Freeze Clause Mod: Limit one foe frozen
|rule|HP Percentage Mod: HP is shown in percentages
|
|start
|switch|p1a: Starmie|Starmie, L79|257\/257
|switch|p2a: Staryu|Staryu, L90|237\/237
|turn|1
|choice|move 2|move 2
|
|move|p1a: Starmie|Thunderbolt|p2a: Staryu
|-supereffective|p2a: Staryu
|-damage|p2a: Staryu|111\/237
|move|p2a: Staryu|Thunderbolt|p1a: Starmie
|-supereffective|p1a: Starmie
|-damage|p1a: Starmie|133\/257
|
|turn|2
|choice|move 2|move 2
|
|move|p1a: Starmie|Thunderbolt|p2a: Staryu
|-supereffective|p2a: Staryu
|-damage|p2a: Staryu|0 fnt
|faint|p2a: Staryu
|choice||switch 6
|
|switch|p2a: Gengar|Gengar, L79|257\/257
|turn|3
|choice|switch 4|move 4
|
|switch|p1a: Snorlax|Snorlax, L79|415\/415
|move|p2a: Gengar|Thunderbolt|p1a: Snorlax
|-damage|p1a: Snorlax|328\/415
|
|turn|4
|choice|move 1|move 1
|
|move|p2a: Gengar|Hypnosis|p1a: Snorlax
|-status|p1a: Snorlax|slp
|cant|p1a: Snorlax|slp
|
|turn|5
|choice|switch 3|move 2
|
|switch|p1a: Arcanine|Arcanine, L85|327\/327
|move|p2a: Gengar|Psychic|p1a: Arcanine
|-crit|p1a: Arcanine
|-damage|p1a: Arcanine|200\/327
|-unboost|p1a: Arcanine|spd|1
|-unboost|p1a: Arcanine|spa|1
|
|turn|6
|choice|switch 3|move 4
|
|switch|p1a: Snorlax|Snorlax, L79|328\/415 slp
|move|p2a: Gengar|Thunderbolt|p1a: Snorlax
|-crit|p1a: Snorlax
|-damage|p1a: Snorlax|162\/415 slp
|
|turn|7
|choice|switch 5|move 4
|
|switch|p1a: Golem|Golem, L79|288\/288
|move|p2a: Gengar|Thunderbolt|p1a: Golem
|-immune|p1a: Golem|[msg]
|
|turn|8
|choice|move 3|move 3
|
|move|p2a: Gengar|Mega Drain|p1a: Golem
|-supereffective|p1a: Golem
|-damage|p1a: Golem|123\/288
|move|p1a: Golem|Earthquake|p2a: Gengar
|-supereffective|p2a: Gengar
|-damage|p2a: Gengar|5\/257
|
|turn|9
|choice|switch 3|move 3
|
|switch|p1a: Arcanine|Arcanine, L85|200\/327
|move|p2a: Gengar|Mega Drain|p1a: Arcanine
|-crit|p1a: Arcanine
|-resisted|p1a: Arcanine
|-damage|p1a: Arcanine|171\/327
|-heal|p2a: Gengar|19\/257|[from] drain|[of] p1a: Arcanine
|
|turn|10
|choice|move 3|move 4
|
|move|p2a: Gengar|Thunderbolt|p1a: Arcanine
|-damage|p1a: Arcanine|94\/327
|move|p1a: Arcanine|Fire Blast|p2a: Gengar
|-damage|p2a: Gengar|0 fnt
|faint|p2a: Gengar
|choice||switch 3
|
|switch|p2a: Tauros|Tauros, L79|280\/280
|turn|11
|choice|switch 5|move 1
|
|switch|p1a: Snorlax|Snorlax, L79|162\/415 slp
|move|p2a: Tauros|Earthquake|p1a: Snorlax
|-damage|p1a: Snorlax|86\/415 slp
|
|turn|12
|choice|move 2|move 3
|
|move|p2a: Tauros|Body Slam|p1a: Snorlax
|-crit|p1a: Snorlax
|-damage|p1a: Snorlax|0 fnt
|faint|p1a: Snorlax
|choice|switch 6|
|
|switch|p1a: Hitmonchan|Hitmonchan, L90|273\/273
|turn|13
|choice|move 4|switch 4
|
|switch|p2a: Zapdos|Zapdos, L79|304\/304
|move|p1a: Hitmonchan|Submission|p2a: Zapdos
|-crit|p2a: Zapdos
|-resisted|p2a: Zapdos
|-damage|p2a: Zapdos|204\/304
|-damage|p1a: Hitmonchan|248\/273|[from] recoil|[of] p2a: Zapdos
|
|turn|14
|choice|switch 3|move 3
|
|switch|p1a: Golem|Golem, L79|123\/288
|move|p2a: Zapdos|Drill Peck|p1a: Golem
|-resisted|p1a: Golem
|-damage|p1a: Golem|94\/288
|
|turn|15
|choice|move 4|switch 4
|
|switch|p2a: Tauros|Tauros, L79|280\/280
|move|p1a: Golem|Rock Slide|p2a: Tauros
|-damage|p2a: Tauros|199\/280
|
|turn|16
|choice|switch 3|move 1
|
|switch|p1a: Hitmonchan|Hitmonchan, L90|248\/273
|move|p2a: Tauros|Earthquake|p1a: Hitmonchan
|-crit|p1a: Hitmonchan
|-damage|p1a: Hitmonchan|121\/273
|
|turn|17
|choice|move 3|move 4
|
|move|p2a: Tauros|Hyper Beam|p1a: Hitmonchan
|-damage|p1a: Hitmonchan|0 fnt
|faint|p1a: Hitmonchan
|choice|switch 2|
|
|switch|p1a: Tentacruel|Tentacruel, L85|310\/310
|turn|18
|choice|move 3|move 3
|
|move|p1a: Tentacruel|Surf|p2a: Tauros
|-damage|p2a: Tauros|57\/280
|move|p2a: Tauros|Body Slam|p1a: Tentacruel
|-crit|p1a: Tentacruel
|-damage|p1a: Tentacruel|120\/310
|-status|p1a: Tentacruel|par
|
|turn|19
|choice|switch 3|move 4
|
|switch|p1a: Golem|Golem, L79|94\/288
|move|p2a: Tauros|Hyper Beam|p1a: Golem
|-resisted|p1a: Golem
|-damage|p1a: Golem|40\/288
|
|turn|20
|-mustrecharge|p2a: Tauros
|-mustrecharge|p2a: Tauros
|choice|move 3|move 1
|
|cant|p2a: Tauros|recharge
|move|p1a: Golem|Earthquake|p2a: Tauros
|-damage|p2a: Tauros|0 fnt
|faint|p2a: Tauros
|choice||switch 2
|
|switch|p2a: Metapod|Metapod, L99|300\/300
|turn|21
|choice|move 4|move 1
|
|move|p2a: Metapod|Tackle|p1a: Golem|[miss]
|-miss|p2a: Metapod
|move|p1a: Golem|Rock Slide|p2a: Metapod
|-supereffective|p2a: Metapod
|-damage|p2a: Metapod|124\/300
|
|turn|22
|choice|move 4|move 1
|
|move|p2a: Metapod|Tackle|p1a: Golem
|-resisted|p1a: Golem
|-damage|p1a: Golem|34\/288
|move|p1a: Golem|Rock Slide|p2a: Metapod
|-supereffective|p2a: Metapod
|-damage|p2a: Metapod|0 fnt
|faint|p2a: Metapod
|choice||switch 5
|
|switch|p2a: Mew|Mew, L74|300\/300
|turn|23
|choice|switch 5|move 2
|
|switch|p1a: Arcanine|Arcanine, L85|94\/327
|move|p2a: Mew|Psychic|p1a: Arcanine
|-damage|p1a: Arcanine|18\/327
|-unboost|p1a: Arcanine|spd|1
|-unboost|p1a: Arcanine|spa|1
|
|turn|24
|choice|move 1|move 2
|
|move|p1a: Arcanine|Hyper Beam|p2a: Mew
|-damage|p2a: Mew|175\/300
|move|p2a: Mew|Psychic|p1a: Arcanine
|-damage|p1a: Arcanine|0 fnt
|faint|p1a: Arcanine
|choice|switch 3|
|
|switch|p1a: Tentacruel|Tentacruel, L85|120\/310 par
|turn|25
|choice|move 1|move 2
|
|move|p2a: Mew|Psychic|p1a: Tentacruel
|-crit|p1a: Tentacruel
|-supereffective|p1a: Tentacruel
|-damage|p1a: Tentacruel|0 fnt
|faint|p1a: Tentacruel
|choice|switch 4|
|
|switch|p1a: Starmie|Starmie, L79|133\/257
|turn|26
|choice|move 4|move 1
|
|move|p1a: Starmie|Blizzard|p2a: Mew
|-damage|p2a: Mew|101\/300
|move|p2a: Mew|Hyper Beam|p1a: Starmie
|-damage|p1a: Starmie|40\/257
|
|turn|27
|-mustrecharge|p2a: Mew
|-mustrecharge|p2a: Mew
|choice|move 1|move 1
|
|move|p1a: Starmie|Recover|p1a: Starmie
|-heal|p1a: Starmie|168\/257
|cant|p2a: Mew|recharge
|
|turn|28
|choice|move 3|move 2
|
|move|p1a: Starmie|Surf|p2a: Mew
|-damage|p2a: Mew|7\/300
|move|p2a: Mew|Psychic|p1a: Starmie
|-resisted|p1a: Starmie
|-damage|p1a: Starmie|129\/257
|
|turn|29
|choice|move 1|move 2
|
|move|p1a: Starmie|Recover|p1a: Starmie
|-heal|p1a: Starmie|257\/257
|move|p2a: Mew|Psychic|p1a: Starmie
|-resisted|p1a: Starmie
|-damage|p1a: Starmie|221\/257
|
|turn|30
|choice|move 3|move 2
|
|move|p1a: Starmie|Surf|p2a: Mew
|-damage|p2a: Mew|0 fnt
|faint|p2a: Mew
|choice||switch 4
|
|switch|p2a: Zapdos|Zapdos, L79|204\/304
|turn|31
|choice|move 4|move 1
|
|move|p1a: Starmie|Blizzard|p2a: Zapdos
|-supereffective|p2a: Zapdos
|-damage|p2a: Zapdos|77\/304
|-status|p2a: Zapdos|frz
|cant|p2a: Zapdos|frz
|
|turn|32
|choice|move 2|move 1
|
|move|p1a: Starmie|Thunderbolt|p2a: Zapdos
|-damage|p2a: Zapdos|27\/304 frz
|cant|p2a: Zapdos|frz
|
|turn|33
|c|★Dervodel2|gg
|choice|move 3|move 1
|
|move|p1a: Starmie|Surf|p2a: Zapdos
|-damage|p2a: Zapdos|0 fnt
|faint|p2a: Zapdos
|
|win|Dervodel2
|player|p1
|player|p2