|join|3dwafle
|join|Kel9901
|player|p1|3dwafle|163
|player|p2|Kel9901|1
|gametype|singles
|gen|1
|tier|[Gen 1] Random Battle
|rated
|rule|Sleep Clause Mod: Limit one foe put to sleep
|rule|Freeze Clause Mod: Limit one foe frozen
|rule|HP Percentage Mod: HP is shown in percentages
|
|start
|switch|p1a: Vaporeon|Vaporeon, L86|399\/399
|switch|p2a: Weezing|Weezing, L86|287\/287
|turn|1
|
|move|p1a: Vaporeon|Body Slam|p2a: Weezing
|-damage|p2a: Weezing|246\/287
|-status|p2a: Weezing|par
|move|p2a: Weezing|Thunder|p1a: Vaporeon
|-supereffective|p1a: Vaporeon
|-damage|p1a: Vaporeon|256\/399
|-status|p1a: Vaporeon|par
|
|turn|2
|
|switch|p1a: Jolteon|Jolteon, L86|287\/287
|move|p2a: Weezing|Thunder|p1a: Jolteon|[miss]
|-miss|p2a: Weezing
|
|turn|3
|
|switch|p2a: Exeggutor|Exeggutor, L82|324\/324
|move|p1a: Jolteon|Sand Attack|p2a: Exeggutor
|-unboost|p2a: Exeggutor|accuracy|1
|
|turn|4
|c|★3dwafle|POCKET SAND!!!
|
|move|p1a: Jolteon|Sand Attack|p2a: Exeggutor
|-unboost|p2a: Exeggutor|accuracy|1
|move|p2a: Exeggutor|Stun Spore|p1a: Jolteon|[miss]
|-miss|p2a: Exeggutor
|
|turn|5
|c|★3dwafle|LOL
|
|move|p1a: Jolteon|Sand Attack|p2a: Exeggutor
|-unboost|p2a: Exeggutor|accuracy|1
|move|p2a: Exeggutor|Stun Spore|p1a: Jolteon
|-status|p1a: Jolteon|par
|
|turn|6
|
|switch|p2a: Parasect|Parasect, L86|279\/279
|cant|p1a: Jolteon|par
|
|turn|7
|c|★3dwafle|f uck u
|c|★3dwafle|shit
|
|move|p2a: Parasect|Slash|p1a: Jolteon
|-damage|p1a: Jolteon|229\/287 par
|move|p1a: Jolteon|Sand Attack|p2a: Parasect
|-unboost|p2a: Parasect|accuracy|1
|
|turn|8
|
|move|p2a: Parasect|Slash|p1a: Jolteon|[miss]
|-miss|p2a: Parasect
|move|p1a: Jolteon|Sand Attack|p2a: Parasect
|-unboost|p2a: Parasect|accuracy|1
|
|turn|9
|c|★Kel9901|sick of this shit lol
|c|★3dwafle|why
|c|★3dwafle|its sand
|c|★Kel9901|lol misses
|c|★3dwafle|u miss
|c|★3dwafle|caus i use sand attack
|c|★Kel9901|ik
|
|move|p2a: Parasect|Slash|p1a: Jolteon
|-damage|p1a: Jolteon|165\/287 par
|move|p1a: Jolteon|Sand Attack|p2a: Parasect
|-unboost|p2a: Parasect|accuracy|1
|
|turn|10
|c|★3dwafle|do u like it
|
|move|p2a: Parasect|Slash|p1a: Jolteon
|-damage|p1a: Jolteon|107\/287 par
|move|p1a: Jolteon|Body Slam|p2a: Parasect
|-damage|p2a: Parasect|224\/279
|-status|p2a: Parasect|par
|
|turn|11
|
|cant|p1a: Jolteon|par
|move|p2a: Parasect|Slash|p1a: Jolteon
|-crit|p1a: Jolteon
|-damage|p1a: Jolteon|0 fnt
|faint|p1a: Jolteon
|c|★3dwafle|f uck u
|
|switch|p1a: Chansey|Chansey, L82|578\/578
|turn|12
|c|★3dwafle|asshole
|
|switch|p2a: Starmie|Starmie, L82|266\/266
|move|p1a: Chansey|Ice Beam|p2a: Starmie
|-resisted|p2a: Starmie
|-damage|p2a: Starmie|233\/266
|
|turn|13
|c|★3dwafle|u stupid bitch
|c|★3dwafle|don't switch
|
|switch|p2a: Exeggutor|Exeggutor, L82|324\/324
|move|p1a: Chansey|Thunder Wave|p2a: Exeggutor
|-status|p2a: Exeggutor|par
|
|turn|14
|c|★3dwafle|stop
|
|move|p1a: Chansey|Thunder Wave|p2a: Exeggutor
|-fail|p2a: Exeggutor|par
|move|p2a: Exeggutor|Stun Spore|p1a: Chansey
|-status|p1a: Chansey|par
|
|turn|15
|c|★3dwafle|bitch
|
|move|p2a: Exeggutor|Egg Bomb|p1a: Chansey
|-damage|p1a: Chansey|413\/578 par
|cant|p1a: Chansey|par
|
|turn|16
|c|★3dwafle|f uck u
|
|move|p2a: Exeggutor|Egg Bomb|p1a: Chansey
|-damage|p1a: Chansey|255\/578 par
|move|p1a: Chansey|Ice Beam|p2a: Exeggutor
|-supereffective|p2a: Exeggutor
|-damage|p2a: Exeggutor|213\/324 par
|
|turn|17
|c|★Kel9901|throwing eggs at your egg lol
|c|★3dwafle|so funny
|c|★3dwafle|its so funny i forgot to laugh
|
|move|p2a: Exeggutor|Egg Bomb|p1a: Chansey
|-damage|p1a: Chansey|98\/578 par
|move|p1a: Chansey|Counter|p2a: Exeggutor
|-damage|p2a: Exeggutor|0 fnt
|faint|p2a: Exeggutor
|c|★3dwafle|lol
|
|switch|p2a: Flareon|Flareon, L86|287\/287
|turn|18
|c|★3dwafle|throw eggs at u lol
|
|switch|p1a: Starmie|Starmie, L82|266\/266
|move|p2a: Flareon|Body Slam|p1a: Starmie
|-damage|p1a: Starmie|182\/266
|
|turn|19
|
|switch|p2a: Parasect|Parasect, L86|224\/279 par
|move|p1a: Starmie|Thunder Wave|p2a: Parasect
|-fail|p2a: Parasect|par
|
|turn|20
|
|move|p1a: Starmie|Blizzard|p2a: Parasect
|-supereffective|p2a: Parasect
|-damage|p2a: Parasect|64\/279 par
|move|p2a: Parasect|Mega Drain|p1a: Starmie
|-crit|p1a: Starmie
|-supereffective|p1a: Starmie
|-damage|p1a: Starmie|26\/266
|-heal|p2a: Parasect|142\/279 par|[from] drain|[of] p1a: Starmie
|
|turn|21
|
|move|p1a: Starmie|Blizzard|p2a: Parasect
|-supereffective|p2a: Parasect
|-damage|p2a: Parasect|0 fnt
|faint|p2a: Parasect
|c|★3dwafle|ha ha
|c|★3dwafle|u mad bro
|
|switch|p2a: Flareon|Flareon, L86|287\/287
|turn|22
|
|move|p2a: Flareon|Quick Attack|p1a: Starmie
|-damage|p1a: Starmie|0 fnt
|faint|p1a: Starmie
|c|★3dwafle|f uck u
|c|★3dwafle|no quick attack#
|
|switch|p1a: Golem|Golem, L82|299\/299
|turn|23
|
|switch|p2a: Starmie|Starmie, L82|233\/266
|move|p1a: Golem|Earthquake|p2a: Starmie
|-damage|p2a: Starmie|127\/266
|
|turn|24
|
|switch|p1a: Wigglytuff|Wigglytuff, L86|416\/416
|move|p2a: Starmie|Surf|p1a: Wigglytuff
|-crit|p1a: Wigglytuff
|-damage|p1a: Wigglytuff|163\/416
|
|turn|25
|c|★3dwafle|wtf
|
|move|p2a: Starmie|Surf|p1a: Wigglytuff
|-damage|p1a: Wigglytuff|41\/416
|move|p1a: Wigglytuff|Hyper Beam|p2a: Starmie
|-damage|p2a: Starmie|0 fnt
|faint|p2a: Starmie
|c|★3dwafle|die bitch
|
|switch|p2a: Flareon|Flareon, L86|287\/287
|turn|26
|
|switch|p1a: Golem|Golem, L82|299\/299
|move|p2a: Flareon|Body Slam|p1a: Golem
|-resisted|p1a: Golem
|-damage|p1a: Golem|271\/299
|
|turn|27
|
|move|p2a: Flareon|Fire Blast|p1a: Golem
|-resisted|p1a: Golem
|-damage|p1a: Golem|180\/299
|move|p1a: Golem|Earthquake|p2a: Flareon
|-supereffective|p2a: Flareon
|-damage|p2a: Flareon|18\/287
|
|turn|28
|
|move|p2a: Flareon|Fire Blast|p1a: Golem|[miss]
|-miss|p2a: Flareon
|move|p1a: Golem|Earthquake|p2a: Flareon
|-supereffective|p2a: Flareon
|-damage|p2a: Flareon|0 fnt
|faint|p2a: Flareon
|c|★3dwafle|lol
|
|switch|p2a: Seaking|Seaking, L86|313\/313
|turn|29
|c|★3dwafle|u missed
|
|switch|p1a: Vaporeon|Vaporeon, L86|256\/399 par
|move|p2a: Seaking|Surf|p1a: Vaporeon
|-resisted|p1a: Vaporeon
|-damage|p1a: Vaporeon|217\/399 par
|
|turn|30
|
|move|p2a: Seaking|Surf|p1a: Vaporeon
|-resisted|p1a: Vaporeon
|-damage|p1a: Vaporeon|176\/399 par
|cant|p1a: Vaporeon|par
|
|turn|31
|c|★3dwafle|wtf
|
|move|p2a: Seaking|Double-Edge|p1a: Vaporeon
|-crit|p1a: Vaporeon
|-damage|p1a: Vaporeon|3\/399 par
|-damage|p2a: Seaking|270\/313|[from] recoil|[of] p1a: Vaporeon
|move|p1a: Vaporeon|Body Slam|p2a: Seaking
|-damage|p2a: Seaking|209\/313
|-status|p2a: Seaking|par
|
|turn|32
|c|★3dwafle|ha ha
|
|move|p2a: Seaking|Surf|p1a: Vaporeon
|-resisted|p1a: Vaporeon
|-damage|p1a: Vaporeon|0 fnt
|faint|p1a: Vaporeon
|c|★3dwafle|u are paralysed
|c|★Kel9901|yes
|
|switch|p1a: Wigglytuff|Wigglytuff, L86|41\/416
|turn|33
|c|★3dwafle|how do u feel
|
|switch|p2a: Weezing|Weezing, L86|246\/287 par
|move|p1a: Wigglytuff|Hyper Beam|p2a: Weezing
|-damage|p2a: Weezing|146\/287 par
|
|turn|34
|c|★3dwafle|i will win
|
|cant|p1a: Wigglytuff|recharge
|move|p2a: Weezing|Sludge|p1a: Wigglytuff
|-damage|p1a: Wigglytuff|0 fnt
|faint|p1a: Wigglytuff
|
|switch|p1a: Golem|Golem, L82|180\/299
|turn|35
|
|move|p1a: Golem|Earthquake|p2a: Weezing
|-supereffective|p2a: Weezing
|-damage|p2a: Weezing|0 fnt
|faint|p2a: Weezing
|
|switch|p2a: Seaking|Seaking, L86|209\/313 par
|turn|36
|c|★3dwafle|i am gonna win
|
|move|p1a: Golem|Explosion|p2a: Seaking
|-damage|p2a: Seaking|0 fnt
|faint|p2a: Seaking
|faint|p1a: Golem
|
|win|3dwafle
|raw|Ladder updating...
|raw|3dwafle's rating: 1152 &rarr; <strong>1187<\/strong><br \/>(+35 for winning)
|raw|Kel9901's rating: 1298 &rarr; <strong>1263<\/strong><br \/>(-35 for losing)
|c|★Kel9901|gg
|leave|Kel9901
|player|p2