|j|RickyMeister
|j|ONLYUSEmeFEET
|player|p1|RickyMeister|63
|player|p2|ONLYUSEmeFEET|102
|gametype|singles
|gen|1
|tier|[Gen 1] OU
|rated
|seed|
|rule|Sleep Clause Mod: Limit one foe put to sleep
|rule|Freeze Clause Mod: Limit one foe frozen
|rule|Species Clause: Limit one of each Pokémon
|rule|OHKO Clause: OHKO moves are banned
|rule|Evasion Moves Clause: Evasion moves are banned
|rule|HP Percentage Mod: HP is shown in percentages
|
|start
|switch|p1a: Starmie|Starmie|100\/100
|switch|p2a: Alakazam|Alakazam|100\/100
|turn|1
|choice||
|
|switch|p1a: Chansey|Chansey|100\/100
|move|p2a: Alakazam|Thunder Wave|p1a: Chansey
|-status|p1a: Chansey|par
|
|turn|2
|j|rghwgwd
|choice||
|
|move|p2a: Alakazam|Reflect|p2a: Alakazam
|-start|p2a: Alakazam|Reflect
|move|p1a: Chansey|Thunder Wave|p2a: Alakazam
|-status|p2a: Alakazam|par
|
|turn|3
|choice||
|
|move|p2a: Alakazam|Psychic|p1a: Chansey
|-crit|p1a: Chansey
|-damage|p1a: Chansey|68\/100 par
|cant|p1a: Chansey|par
|
|turn|4
|choice||
|
|move|p2a: Alakazam|Psychic|p1a: Chansey
|-damage|p1a: Chansey|51\/100 par
|move|p1a: Chansey|Soft-Boiled|p1a: Chansey
|-heal|p1a: Chansey|100\/100 par
|
|turn|5
|choice||
|
|switch|p2a: Jolteon|Jolteon|100\/100
|cant|p1a: Chansey|par
|
|turn|6
|choice||
|
|move|p2a: Jolteon|Double Kick|p1a: Chansey
|-supereffective|p1a: Chansey
|-damage|p1a: Chansey|86\/100 par
|-damage|p1a: Chansey|71\/100 par
|-hitcount|p1a: Chansey|2
|move|p1a: Chansey|Ice Beam|p2a: Jolteon
|-damage|p2a: Jolteon|77\/100
|
|turn|7
|choice||
|
|move|p2a: Jolteon|Double Kick|p1a: Chansey
|-supereffective|p1a: Chansey
|-damage|p1a: Chansey|58\/100 par
|-damage|p1a: Chansey|45\/100 par
|-hitcount|p1a: Chansey|2
|move|p1a: Chansey|Counter|p2a: Jolteon
|-damage|p2a: Jolteon|21\/100
|
|turn|8
|choice||
|
|move|p2a: Jolteon|Double Kick|p1a: Chansey
|-crit|p1a: Chansey
|-supereffective|p1a: Chansey
|-damage|p1a: Chansey|15\/100 par
|-damage|p1a: Chansey|0 fnt
|-hitcount|p1a: Chansey|2
|faint|p1a: Chansey
|choice||
|
|switch|p1a: Golem|Golem|100\/100
|turn|9
|choice||
|
|move|p2a: Jolteon|Double Kick|p1a: Golem
|-crit|p1a: Golem
|-supereffective|p1a: Golem
|-damage|p1a: Golem|84\/100
|-damage|p1a: Golem|67\/100
|-hitcount|p1a: Golem|2
|move|p1a: Golem|Earthquake|p2a: Jolteon
|-supereffective|p2a: Jolteon
|-damage|p2a: Jolteon|0 fnt
|faint|p2a: Jolteon
|choice||
|
|switch|p2a: Rhydon|Rhydon|100\/100
|turn|10
|choice||
|
|move|p1a: Golem|Earthquake|p2a: Rhydon
|-supereffective|p2a: Rhydon
|-damage|p2a: Rhydon|42\/100
|move|p2a: Rhydon|Earthquake|p1a: Golem
|-supereffective|p1a: Golem
|-damage|p1a: Golem|7\/100
|
|turn|11
|choice||
|
|switch|p2a: Arcanine|Arcanine|100\/100
|move|p1a: Golem|Earthquake|p2a: Arcanine
|-crit|p2a: Arcanine
|-supereffective|p2a: Arcanine
|-damage|p2a: Arcanine|0 fnt
|faint|p2a: Arcanine
|choice||
|
|switch|p2a: Starmie|Starmie|100\/100
|turn|12
|choice||
|
|switch|p1a: Lapras|Lapras|100\/100
|move|p2a: Starmie|Blizzard|p1a: Lapras
|-resisted|p1a: Lapras
|-damage|p1a: Lapras|96\/100
|
|turn|13
|choice||
|
|move|p2a: Starmie|Thunderbolt|p1a: Lapras
|-supereffective|p1a: Lapras
|-damage|p1a: Lapras|63\/100
|move|p1a: Lapras|Body Slam|p2a: Starmie
|-damage|p2a: Starmie|81\/100
|
|turn|14
|choice||
|
|move|p2a: Starmie|Thunder Wave|p1a: Lapras
|-status|p1a: Lapras|par
|cant|p1a: Lapras|par
|
|turn|15
|choice||
|
|move|p2a: Starmie|Thunderbolt|p1a: Lapras
|-supereffective|p1a: Lapras
|-damage|p1a: Lapras|31\/100 par
|move|p1a: Lapras|Thunderbolt|p2a: Starmie
|-supereffective|p2a: Starmie
|-damage|p2a: Starmie|32\/100
|
|turn|16
|choice||
|
|move|p2a: Starmie|Recover|p2a: Starmie
|-heal|p2a: Starmie|82\/100
|move|p1a: Lapras|Thunderbolt|p2a: Starmie
|-supereffective|p2a: Starmie
|-damage|p2a: Starmie|38\/100
|
|turn|17
|choice||
|
|move|p2a: Starmie|Recover|p2a: Starmie
|-heal|p2a: Starmie|88\/100
|move|p1a: Lapras|Confuse Ray|p2a: Starmie
|-start|p2a: Starmie|confusion
|
|turn|18
|choice||
|
|switch|p2a: Alakazam|Alakazam|100\/100 par
|move|p1a: Lapras|Body Slam|p2a: Alakazam
|-damage|p2a: Alakazam|72\/100 par
|
|turn|19
|choice||
|
|move|p2a: Alakazam|Psychic|p1a: Lapras
|-damage|p1a: Lapras|2\/100 par
|-unboost|p1a: Lapras|spd|1
|-unboost|p1a: Lapras|spa|1
|cant|p1a: Lapras|par
|
|turn|20
|choice||
|
|move|p2a: Alakazam|Psychic|p1a: Lapras
|-damage|p1a: Lapras|0 fnt
|faint|p1a: Lapras
|choice||
|
|switch|p1a: Tauros|Tauros|100\/100
|turn|21
|choice||
|
|move|p1a: Tauros|Body Slam|p2a: Alakazam
|-damage|p2a: Alakazam|25\/100 par
|move|p2a: Alakazam|Reflect|p2a: Alakazam
|-start|p2a: Alakazam|Reflect
|
|turn|22
|choice||
|
|move|p1a: Tauros|Body Slam|p2a: Alakazam
|-damage|p2a: Alakazam|0 fnt
|faint|p2a: Alakazam
|choice||
|
|switch|p2a: Starmie|Starmie|88\/100
|turn|23
|choice||
|
|switch|p1a: Golem|Golem|7\/100
|move|p2a: Starmie|Thunder Wave|p1a: Golem
|-immune|p1a: Golem|[msg]
|
|turn|24
|choice||
|
|move|p2a: Starmie|Blizzard|p1a: Golem
|-supereffective|p1a: Golem
|-damage|p1a: Golem|0 fnt
|faint|p1a: Golem
|choice||
|
|switch|p1a: Starmie|Starmie|100\/100
|turn|25
|choice||
|
|move|p1a: Starmie|Thunderbolt|p2a: Starmie
|-supereffective|p2a: Starmie
|-damage|p2a: Starmie|45\/100
|move|p2a: Starmie|Thunder Wave|p1a: Starmie
|-status|p1a: Starmie|par
|
|turn|26
|choice||
|
|move|p2a: Starmie|Recover|p2a: Starmie
|-heal|p2a: Starmie|95\/100
|move|p1a: Starmie|Thunderbolt|p2a: Starmie
|-supereffective|p2a: Starmie
|-damage|p2a: Starmie|48\/100
|
|turn|27
|choice||
|
|move|p2a: Starmie|Recover|p2a: Starmie
|-heal|p2a: Starmie|97\/100
|move|p1a: Starmie|Thunderbolt|p2a: Starmie
|-supereffective|p2a: Starmie
|-damage|p2a: Starmie|50\/100
|
|turn|28
|choice||
|
|move|p2a: Starmie|Recover|p2a: Starmie
|-heal|p2a: Starmie|99\/100
|move|p1a: Starmie|Thunderbolt|p2a: Starmie
|-supereffective|p2a: Starmie
|-damage|p2a: Starmie|54\/100
|
|turn|29
|choice||
|
|move|p2a: Starmie|Recover|p2a: Starmie
|-heal|p2a: Starmie|100\/100
|move|p1a: Starmie|Thunderbolt|p2a: Starmie
|-crit|p2a: Starmie
|-supereffective|p2a: Starmie
|-damage|p2a: Starmie|15\/100
|
|turn|30
|choice||
|
|move|p2a: Starmie|Recover|p2a: Starmie
|-heal|p2a: Starmie|65\/100
|move|p1a: Starmie|Thunderbolt|p2a: Starmie
|-supereffective|p2a: Starmie
|-damage|p2a: Starmie|21\/100
|
|turn|31
|choice||
|
|move|p2a: Starmie|Recover|p2a: Starmie
|-heal|p2a: Starmie|70\/100
|move|p1a: Starmie|Thunderbolt|p2a: Starmie
|-supereffective|p2a: Starmie
|-damage|p2a: Starmie|23\/100
|
|turn|32
|choice||
|
|move|p2a: Starmie|Recover|p2a: Starmie
|-heal|p2a: Starmie|73\/100
|cant|p1a: Starmie|par
|
|turn|33
|choice||
|
|move|p2a: Starmie|Thunderbolt|p1a: Starmie
|-supereffective|p1a: Starmie
|-damage|p1a: Starmie|51\/100 par
|move|p1a: Starmie|Thunderbolt|p2a: Starmie
|-supereffective|p2a: Starmie
|-damage|p2a: Starmie|26\/100
|
|turn|34
|choice||
|
|move|p2a: Starmie|Thunderbolt|p1a: Starmie
|-crit|p1a: Starmie
|-supereffective|p1a: Starmie
|-damage|p1a: Starmie|0 fnt
|faint|p1a: Starmie
|choice||
|
|switch|p1a: Tauros|Tauros|100\/100
|turn|35
|choice||
|
|move|p2a: Starmie|Thunder Wave|p1a: Tauros
|-status|p1a: Tauros|par
|move|p1a: Tauros|Body Slam|p2a: Starmie
|-damage|p2a: Starmie|0 fnt
|faint|p2a: Starmie
|choice||
|
|switch|p2a: Rhydon|Rhydon|42\/100
|turn|36
|choice||
|
|move|p2a: Rhydon|Substitute|p2a: Rhydon
|-start|p2a: Rhydon|Substitute
|-damage|p2a: Rhydon|17\/100
|move|p1a: Tauros|Earthquake|p2a: Rhydon
|-supereffective|p2a: Rhydon
|-end|p2a: Rhydon|Substitute
|
|turn|37
|choice||
|
|move|p2a: Rhydon|Rock Slide|p1a: Tauros
|-crit|p1a: Tauros
|-damage|p1a: Tauros|44\/100 par
|move|p1a: Tauros|Earthquake|p2a: Rhydon
|-crit|p2a: Rhydon
|-supereffective|p2a: Rhydon
|-damage|p2a: Rhydon|0 fnt
|faint|p2a: Rhydon
|choice||
|
|switch|p2a: Tauros|Tauros|100\/100
|turn|38
|choice||
|
|move|p2a: Tauros|Hyper Beam|p1a: Tauros
|-damage|p1a: Tauros|0 fnt
|faint|p1a: Tauros
|choice||
|
|switch|p1a: Exeggutor|Exeggutor|100\/100
|turn|39
|choice||
|
|move|p2a: Tauros|Blizzard|p1a: Exeggutor|[miss]
|-miss|p2a: Tauros
|move|p1a: Exeggutor|Explosion|p2a: Tauros
|-damage|p2a: Tauros|23\/100
|faint|p1a: Exeggutor
|
|win|ONLYUSEmeFEET
|player|p1
|player|p2
|raw|RickyMeister's rating: 1040 &rarr; <strong>1022<\/strong><br \/>(-18 for losing)
|raw|ONLYUSEmeFEET's rating: 1000 &rarr; <strong>1045<\/strong><br \/>(+45 for winning)