|j|icm
|j|Kowalt
|player|p1|icm|247
|player|p2|Kowalt|161
|gametype|singles
|gen|1
|tier|[Gen 1] Random Battle
|rated
|seed|
|rule|Sleep Clause Mod: Limit one foe put to sleep
|rule|Freeze Clause Mod: Limit one foe frozen
|rule|HP Percentage Mod: HP is shown in percentages
|
|start
|switch|p1a: Machoke|Machoke, L85|100\/100
|switch|p2a: Raticate|Raticate, L85|100\/100
|turn|1
|choice||
|
|move|p2a: Raticate|Body Slam|p1a: Machoke
|-crit|p1a: Machoke
|-damage|p1a: Machoke|44\/100
|move|p1a: Machoke|Counter|p2a: Raticate
|-damage|p2a: Raticate|0 fnt
|faint|p2a: Raticate
|choice||
|
|switch|p2a: Arbok|Arbok, L90|100\/100
|turn|2
|choice||
|
|move|p2a: Arbok|Glare|p1a: Machoke
|-status|p1a: Machoke|par
|move|p1a: Machoke|Body Slam|p2a: Arbok
|-damage|p2a: Arbok|78\/100
|
|turn|3
|choice||
|
|move|p2a: Arbok|Body Slam|p1a: Machoke
|-damage|p1a: Machoke|20\/100 par
|move|p1a: Machoke|Counter|p2a: Arbok
|-damage|p2a: Arbok|26\/100
|
|turn|4
|choice||
|
|move|p2a: Arbok|Body Slam|p1a: Machoke
|-damage|p1a: Machoke|0 fnt
|faint|p1a: Machoke
|choice||
|
|switch|p1a: Persian|Persian, L79|100\/100
|turn|5
|choice||
|
|move|p1a: Persian|Slash|p2a: Arbok
|-crit|p2a: Arbok
|-damage|p2a: Arbok|0 fnt
|faint|p2a: Arbok
|choice||
|
|switch|p2a: Vulpix|Vulpix, L96|100\/100
|turn|6
|choice||
|
|move|p1a: Persian|Bubble Beam|p2a: Vulpix
|-crit|p2a: Vulpix
|-supereffective|p2a: Vulpix
|-damage|p2a: Vulpix|51\/100
|move|p2a: Vulpix|Confuse Ray|p1a: Persian
|-start|p1a: Persian|confusion
|
|turn|7
|choice||
|
|-activate|p1a: Persian|confusion
|move|p1a: Persian|Bubble Beam|p2a: Vulpix
|-supereffective|p2a: Vulpix
|-damage|p2a: Vulpix|27\/100
|move|p2a: Vulpix|Reflect|p2a: Vulpix
|-start|p2a: Vulpix|Reflect
|
|turn|8
|choice||
|
|-activate|p1a: Persian|confusion
|-damage|p1a: Persian|89\/100|[from] confusion
|move|p2a: Vulpix|Body Slam|p1a: Persian
|-damage|p1a: Persian|66\/100
|
|turn|9
|choice||
|
|-activate|p1a: Persian|confusion
|move|p1a: Persian|Hyper Beam|p2a: Vulpix
|-damage|p2a: Vulpix|0 fnt
|faint|p2a: Vulpix
|choice||
|
|switch|p2a: Farfetch'd|Farfetch'd, L99|100\/100
|turn|10
|choice||
|
|-end|p1a: Persian|confusion
|move|p1a: Persian|Bubble Beam|p2a: Farfetch'd
|-damage|p2a: Farfetch'd|89\/100
|move|p2a: Farfetch'd|Substitute|p2a: Farfetch'd
|-start|p2a: Farfetch'd|Substitute
|-damage|p2a: Farfetch'd|64\/100
|
|turn|11
|choice||
|
|move|p1a: Persian|Slash|p2a: Farfetch'd
|-crit|p2a: Farfetch'd
|-end|p2a: Farfetch'd|Substitute
|move|p2a: Farfetch'd|Slash|p1a: Persian
|-crit|p1a: Persian
|-damage|p1a: Persian|0 fnt
|faint|p1a: Persian
|choice||
|
|switch|p1a: Weepinbell|Weepinbell, L85|100\/100
|turn|12
|choice||
|
|move|p2a: Farfetch'd|Substitute|p2a: Farfetch'd
|-start|p2a: Farfetch'd|Substitute
|-damage|p2a: Farfetch'd|39\/100
|move|p1a: Weepinbell|Sleep Powder|p2a: Farfetch'd
|-status|p2a: Farfetch'd|slp
|
|turn|13
|choice||
|
|cant|p2a: Farfetch'd|slp
|move|p1a: Weepinbell|Swords Dance|p1a: Weepinbell
|-boost|p1a: Weepinbell|atk|2
|
|turn|14
|choice||
|
|cant|p2a: Farfetch'd|slp
|move|p1a: Weepinbell|Body Slam|p2a: Farfetch'd
|-end|p2a: Farfetch'd|Substitute
|
|turn|15
|choice||
|
|-curestatus|p2a: Farfetch'd|slp
|move|p1a: Weepinbell|Swords Dance|p1a: Weepinbell
|-boost|p1a: Weepinbell|atk|2
|
|turn|16
|choice||
|
|move|p2a: Farfetch'd|Body Slam|p1a: Weepinbell
|-crit|p1a: Weepinbell
|-damage|p1a: Weepinbell|10\/100
|move|p1a: Weepinbell|Body Slam|p2a: Farfetch'd
|-damage|p2a: Farfetch'd|0 fnt
|faint|p2a: Farfetch'd
|choice||
|
|switch|p2a: Wartortle|Wartortle, L85|100\/100
|turn|17
|choice||
|
|move|p2a: Wartortle|Body Slam|p1a: Weepinbell
|-crit|p1a: Weepinbell
|-damage|p1a: Weepinbell|0 fnt
|faint|p1a: Weepinbell
|choice||
|
|switch|p1a: Squirtle|Squirtle, L96|100\/100
|turn|18
|choice||
|
|move|p2a: Wartortle|Body Slam|p1a: Squirtle
|-damage|p1a: Squirtle|83\/100
|move|p1a: Squirtle|Body Slam|p2a: Wartortle
|-crit|p2a: Wartortle
|-damage|p2a: Wartortle|61\/100
|-status|p2a: Wartortle|par
|
|turn|19
|choice||
|
|move|p1a: Squirtle|Body Slam|p2a: Wartortle
|-damage|p2a: Wartortle|42\/100 par
|cant|p2a: Wartortle|par
|
|turn|20
|choice||
|
|move|p1a: Squirtle|Body Slam|p2a: Wartortle
|-damage|p2a: Wartortle|23\/100 par
|move|p2a: Wartortle|Body Slam|p1a: Squirtle
|-damage|p1a: Squirtle|64\/100
|
|turn|21
|choice||
|
|move|p1a: Squirtle|Body Slam|p2a: Wartortle
|-damage|p2a: Wartortle|4\/100 par
|cant|p2a: Wartortle|par
|
|turn|22
|choice||
|
|move|p1a: Squirtle|Body Slam|p2a: Wartortle
|-damage|p2a: Wartortle|0 fnt
|faint|p2a: Wartortle
|choice||
|
|switch|p2a: Exeggutor|Exeggutor, L79|100\/100
|turn|23
|choice||
|
|move|p1a: Squirtle|Blizzard|p2a: Exeggutor
|-supereffective|p2a: Exeggutor
|-damage|p2a: Exeggutor|60\/100
|move|p2a: Exeggutor|Sleep Powder|p1a: Squirtle
|-status|p1a: Squirtle|slp
|
|turn|24
|choice||
|
|switch|p1a: Pidgeotto|Pidgeotto, L90|100\/100
|move|p2a: Exeggutor|Mega Drain|p1a: Pidgeotto
|-resisted|p1a: Pidgeotto
|-damage|p1a: Pidgeotto|91\/100
|-heal|p2a: Exeggutor|64\/100|[from] drain|[of] p1a: Pidgeotto
|
|turn|25
|choice||
|
|move|p1a: Pidgeotto|Double-Edge|p2a: Exeggutor
|-damage|p2a: Exeggutor|31\/100
|-damage|p1a: Pidgeotto|83\/100|[from] recoil|[of] p2a: Exeggutor
|move|p2a: Exeggutor|Explosion|p1a: Pidgeotto
|-damage|p1a: Pidgeotto|0 fnt
|faint|p1a: Pidgeotto
|faint|p2a: Exeggutor
|
|win|icm
|player|p1
|player|p2
|raw|icm's rating: 1220 &rarr; <strong>1239<\/strong><br \/>(+19 for winning)
|raw|Kowalt's rating: 1126 &rarr; <strong>1108<\/strong><br \/>(-18 for losing)
|l|icm