|join|ColoFacts
|join|PickledBeets
|player|p1|ColoFacts|127
|player|p2|PickledBeets|162
|gametype|singles
|gen|1
|tier|[Gen 1] Random Battle
|rated
|rule|Sleep Clause Mod: Limit one foe put to sleep
|rule|Freeze Clause Mod: Limit one foe frozen
|rule|HP Percentage Mod: HP is shown in percentages
|
|start
|switch|p1a: Victreebel|Victreebel, L85|310\/310
|switch|p2a: Golem|Golem, L79|288\/288
|turn|1
|
|switch|p1a: Kabutops|Kabutops, L85|276\/276
|switch|p2a: Ditto|Ditto, L99|296\/296
|
|turn|2
|
|move|p1a: Kabutops|Body Slam|p2a: Ditto
|-damage|p2a: Ditto|218\/296
|move|p2a: Ditto|Transform|p1a: Kabutops
|-transform|p2a: Ditto|p1a: Kabutops
|
|turn|3
|
|move|p1a: Kabutops|Surf|p2a: Ditto
|-damage|p2a: Ditto|116\/296
|move|p2a: Ditto|Surf|p1a: Kabutops
|-damage|p1a: Kabutops|174\/276
|
|turn|4
|
|move|p1a: Kabutops|Surf|p2a: Ditto
|-crit|p2a: Ditto
|-damage|p2a: Ditto|0 fnt
|faint|p2a: Ditto
|
|switch|p2a: Jolteon|Jolteon, L79|265\/265
|turn|5
|
|switch|p1a: Victreebel|Victreebel, L85|310\/310
|move|p2a: Jolteon|Thunderbolt|p1a: Victreebel
|-resisted|p1a: Victreebel
|-damage|p1a: Victreebel|269\/310
|
|turn|6
|
|switch|p2a: Jynx|Jynx, L79|265\/265
|move|p1a: Victreebel|Sleep Powder|p2a: Jynx
|-status|p2a: Jynx|slp
|
|turn|7
|
|switch|p1a: Arcanine|Arcanine, L85|327\/327
|cant|p2a: Jynx|slp
|
|turn|8
|
|switch|p2a: Golem|Golem, L79|288\/288
|move|p1a: Arcanine|Body Slam|p2a: Golem
|-resisted|p2a: Golem
|-damage|p2a: Golem|260\/288
|
|turn|9
|
|switch|p1a: Victreebel|Victreebel, L85|269\/310
|move|p2a: Golem|Earthquake|p1a: Victreebel
|-damage|p1a: Victreebel|143\/310
|
|turn|10
|
|move|p1a: Victreebel|Razor Leaf|p2a: Golem
|-crit|p2a: Golem
|-supereffective|p2a: Golem
|-damage|p2a: Golem|0 fnt
|faint|p2a: Golem
|
|switch|p2a: Jolteon|Jolteon, L79|265\/265
|turn|11
|
|move|p2a: Jolteon|Body Slam|p1a: Victreebel
|-crit|p1a: Victreebel
|-damage|p1a: Victreebel|40\/310
|-status|p1a: Victreebel|par
|move|p1a: Victreebel|Sleep Powder|p2a: Jolteon
|-message|Sleep Clause Mod activated.
|
|turn|12
|
|move|p2a: Jolteon|Body Slam|p1a: Victreebel
|-damage|p1a: Victreebel|0 fnt
|faint|p1a: Victreebel
|
|switch|p1a: Ditto|Ditto, L99|296\/296
|turn|13
|
|move|p2a: Jolteon|Thunderbolt|p1a: Ditto
|-damage|p1a: Ditto|181\/296
|move|p1a: Ditto|Transform|p2a: Jolteon
|-transform|p1a: Ditto|p2a: Jolteon
|
|turn|14
|
|switch|p1a: Arcanine|Arcanine, L85|327\/327
|move|p2a: Jolteon|Body Slam|p1a: Arcanine
|-damage|p1a: Arcanine|283\/327
|
|turn|15
|
|switch|p2a: Wartortle|Wartortle, L85|274\/274
|move|p1a: Arcanine|Body Slam|p2a: Wartortle
|-crit|p2a: Wartortle
|-damage|p2a: Wartortle|139\/274
|
|turn|16
|
|switch|p1a: Kabutops|Kabutops, L85|174\/276
|move|p2a: Wartortle|Surf|p1a: Kabutops
|-damage|p1a: Kabutops|86\/276
|
|turn|17
|
|move|p1a: Kabutops|Hyper Beam|p2a: Wartortle
|-damage|p2a: Wartortle|14\/274
|move|p2a: Wartortle|Surf|p1a: Kabutops
|-crit|p1a: Kabutops
|-damage|p1a: Kabutops|0 fnt
|faint|p1a: Kabutops
|
|switch|p1a: Scyther|Scyther, L90|309\/309
|turn|18
|
|switch|p2a: Cloyster|Cloyster, L83|253\/253
|move|p1a: Scyther|Slash|p2a: Cloyster
|-crit|p2a: Cloyster
|-damage|p2a: Cloyster|185\/253
|
|turn|19
|
|move|p1a: Scyther|Slash|p2a: Cloyster
|-crit|p2a: Cloyster
|-damage|p2a: Cloyster|111\/253
|move|p2a: Cloyster|Blizzard|p1a: Scyther
|-supereffective|p1a: Scyther
|-damage|p1a: Scyther|11\/309
|
|turn|20
|
|switch|p1a: Arcanine|Arcanine, L85|283\/327
|move|p2a: Cloyster|Ice Beam|p1a: Arcanine
|-damage|p1a: Arcanine|189\/327
|
|turn|21
|
|move|p1a: Arcanine|Body Slam|p2a: Cloyster
|-damage|p2a: Cloyster|68\/253
|-status|p2a: Cloyster|par
|move|p2a: Cloyster|Blizzard|p1a: Arcanine
|-damage|p1a: Arcanine|78\/327
|
|turn|22
|
|move|p1a: Arcanine|Body Slam|p2a: Cloyster
|-damage|p2a: Cloyster|26\/253 par
|move|p2a: Cloyster|Blizzard|p1a: Arcanine
|-damage|p1a: Arcanine|0 fnt
|faint|p1a: Arcanine
|
|switch|p1a: Scyther|Scyther, L90|11\/309
|turn|23
|
|move|p1a: Scyther|Slash|p2a: Cloyster
|-damage|p2a: Cloyster|0 fnt
|faint|p2a: Cloyster
|
|switch|p2a: Jolteon|Jolteon, L79|265\/265
|turn|24
|
|switch|p1a: Ditto|Ditto, L99|181\/296
|move|p2a: Jolteon|Thunderbolt|p1a: Ditto
|-crit|p1a: Ditto
|-damage|p1a: Ditto|0 fnt
|faint|p1a: Ditto
|
|switch|p1a: Rapidash|Rapidash, L90|300\/300
|turn|25
|
|move|p2a: Jolteon|Thunderbolt|p1a: Rapidash
|-damage|p1a: Rapidash|204\/300
|move|p1a: Rapidash|Fire Blast|p2a: Jolteon
|-crit|p2a: Jolteon
|-damage|p2a: Jolteon|20\/265
|
|turn|26
|c|★PickledBeets|gg
|
|move|p2a: Jolteon|Thunderbolt|p1a: Rapidash
|-damage|p1a: Rapidash|102\/300
|move|p1a: Rapidash|Fire Blast|p2a: Jolteon
|-damage|p2a: Jolteon|0 fnt
|faint|p2a: Jolteon
|
|switch|p2a: Wartortle|Wartortle, L85|14\/274
|turn|27
|
|move|p1a: Rapidash|Fire Blast|p2a: Wartortle
|-resisted|p2a: Wartortle
|-damage|p2a: Wartortle|0 fnt
|faint|p2a: Wartortle
|
|switch|p2a: Jynx|Jynx, L79|265\/265 slp
|turn|28
|
|move|p1a: Rapidash|Fire Blast|p2a: Jynx
|-supereffective|p2a: Jynx
|-damage|p2a: Jynx|3\/265 slp
|cant|p2a: Jynx|slp
|
|turn|29
|
|move|p1a: Rapidash|Fire Blast|p2a: Jynx
|-crit|p2a: Jynx
|-supereffective|p2a: Jynx
|-damage|p2a: Jynx|0 fnt
|faint|p2a: Jynx
|
|win|ColoFacts
|raw|ColoFacts's rating: 1184 &rarr; <strong>1218<\/strong><br \/>(+34 for winning)
|raw|PickledBeets's rating: 1315 &rarr; <strong>1287<\/strong><br \/>(-28 for losing)
|leave|PickledBeets
|player|p2