|join|smilzo
|join|BriIIance
|player|p1|smilzo|53
|player|p2|BriIIance|102
|gametype|singles
|gen|1
|tier|[Gen 1] OU (beta)
|rated
|rule|Sleep Clause Mod: Limit one foe put to sleep
|rule|Species Clause: Limit one of each Pokemon
|rule|OHKO Clause: OHKO moves are banned
|rule|Moody Clause: Moody is banned
|rule|Evasion Moves Clause: Evasion moves are banned
|rule|Endless Battle Clause: Forcing endless battles is banned.
|rule|HP Percentage Mod: HP is reported as percentages
|
|start
|switch|p1a: Venusaur|Venusaur|363\/363
|switch|p2a: Jynx|Jynx|333\/333
|turn|1
|join|localfrenchman
|
|move|p2a: Jynx|Blizzard|p1a: Venusaur
|-crit|p1a: Venusaur
|-supereffective|p1a: Venusaur
|-damage|p1a: Venusaur|0 fnt
|faint|p1a: Venusaur
|
|
|switch|p1a: Tauros|Tauros|353\/353
|turn|2
|
|switch|p2a: Golem|Golem|363\/363
|move|p1a: Tauros|Hyper Beam|p2a: Golem
|-resisted|p2a: Golem
|-damage|p2a: Golem|289\/363
|
|turn|3
|
|cant|p1a: Tauros|recharge
|move|p2a: Golem|Earthquake|p1a: Tauros
|-damage|p1a: Tauros|232\/353
|
|turn|4
|leave|localfrenchman
|
|switch|p1a: Slowbro|Slowbro|393\/393
|switch|p2a: Lapras|Lapras|463\/463
|
|turn|5
|
|move|p2a: Lapras|Confuse Ray|p1a: Slowbro
|-start|p1a: Slowbro|confusion
|-activate|p1a: Slowbro|confusion
|move|p1a: Slowbro|Amnesia|p1a: Slowbro
|-boost|p1a: Slowbro|spd|2
|-boost|p1a: Slowbro|spa|2
|
|turn|6
|
|switch|p2a: You're gonna be pi|Jolteon|333\/333
|-activate|p1a: Slowbro|confusion
|move|p1a: Slowbro|Amnesia|p1a: Slowbro
|-boost|p1a: Slowbro|spd|2
|-boost|p1a: Slowbro|spa|2
|
|turn|7
|
|move|p2a: You're gonna be pi|Thunderbolt|p1a: Slowbro
|-crit|p1a: Slowbro
|-supereffective|p1a: Slowbro
|-damage|p1a: Slowbro|0 fnt
|faint|p1a: Slowbro
|
|chat|smilzo|-.-
|
|switch|p1a: Chansey|Chansey|703\/703
|turn|8
|
|switch|p2a: Golem|Golem|289\/363
|move|p1a: Chansey|Thunder Wave|p2a: Golem
|-immune|p2a: Golem|[msg]
|
|turn|9
|
|switch|p2a: Jynx|Jynx|333\/333
|move|p1a: Chansey|Ice Beam|p2a: Jynx
|-resisted|p2a: Jynx
|-damage|p2a: Jynx|296\/333
|
|turn|10
|
|move|p2a: Jynx|Lovely Kiss|p1a: Chansey|[miss]
|-miss|p2a: Jynx
|move|p1a: Chansey|Thunder Wave|p2a: Jynx
|-status|p2a: Jynx|par
|
|turn|11
|
|move|p1a: Chansey|Thunderbolt|p2a: Jynx
|-damage|p2a: Jynx|219\/333 par
|move|p2a: Jynx|Lovely Kiss|p1a: Chansey|[miss]
|-miss|p2a: Jynx
|
|turn|12
|
|switch|p1a: Alakazam|Alakazam|313\/313
|cant|p2a: Jynx|par
|
|turn|13
|
|move|p1a: Alakazam|Psychic|p2a: Jynx
|-resisted|p2a: Jynx
|-damage|p2a: Jynx|151\/333 par
|-unboost|p2a: Jynx|spd|1
|-unboost|p2a: Jynx|spa|1
|move|p2a: Jynx|Lovely Kiss|p1a: Alakazam|[miss]
|-miss|p2a: Jynx
|
|turn|14
|
|move|p1a: Alakazam|Psychic|p2a: Jynx
|-resisted|p2a: Jynx
|-damage|p2a: Jynx|46\/333 par
|move|p2a: Jynx|Lovely Kiss|p1a: Alakazam|[miss]
|-miss|p2a: Jynx
|
|turn|15
|
|move|p1a: Alakazam|Psychic|p2a: Jynx
|-crit|p2a: Jynx
|-resisted|p2a: Jynx
|-damage|p2a: Jynx|0 fnt
|faint|p2a: Jynx
|
|
|switch|p2a: Golem|Golem|289\/363
|turn|16
|
|move|p1a: Alakazam|Reflect|p1a: Alakazam
|move|p2a: Golem|Explosion|p1a: Alakazam
|-damage|p1a: Alakazam|85\/313
|faint|p2a: Golem
|
|switch|p2a: Chansey|Chansey|703\/703
|turn|17
|
|move|p1a: Alakazam|Recover|p1a: Alakazam
|-heal|p1a: Alakazam|241\/313
|move|p2a: Chansey|Ice Beam|p1a: Alakazam
|-damage|p1a: Alakazam|175\/313
|
|turn|18
|
|move|p1a: Alakazam|Thunder Wave|p2a: Chansey
|-status|p2a: Chansey|par
|move|p2a: Chansey|Ice Beam|p1a: Alakazam
|-crit|p1a: Alakazam
|-damage|p1a: Alakazam|39\/313
|
|turn|19
|
|move|p1a: Alakazam|Recover|p1a: Alakazam
|-heal|p1a: Alakazam|195\/313
|move|p2a: Chansey|Ice Beam|p1a: Alakazam
|-damage|p1a: Alakazam|129\/313
|
|turn|20
|
|move|p1a: Alakazam|Psychic|p2a: Chansey
|-damage|p2a: Chansey|586\/703 par
|move|p2a: Chansey|Ice Beam|p1a: Alakazam
|-damage|p1a: Alakazam|64\/313
|
|turn|21
|
|move|p1a: Alakazam|Recover|p1a: Alakazam
|-heal|p1a: Alakazam|220\/313
|move|p2a: Chansey|Ice Beam|p1a: Alakazam
|-damage|p1a: Alakazam|157\/313
|
|turn|22
|
|move|p1a: Alakazam|Psychic|p2a: Chansey
|-damage|p2a: Chansey|460\/703 par
|-unboost|p2a: Chansey|spd|1
|-unboost|p2a: Chansey|spa|1
|move|p2a: Chansey|Ice Beam|p1a: Alakazam
|-damage|p1a: Alakazam|117\/313
|
|turn|23
|
|move|p1a: Alakazam|Psychic|p2a: Chansey
|-damage|p2a: Chansey|276\/703 par
|move|p2a: Chansey|Ice Beam|p1a: Alakazam
|-damage|p1a: Alakazam|71\/313
|
|turn|24
|
|switch|p2a: Lapras|Lapras|463\/463
|move|p1a: Alakazam|Recover|p1a: Alakazam
|-heal|p1a: Alakazam|227\/313
|
|turn|25
|
|switch|p2a: Chansey|Chansey|276\/703 par
|move|p1a: Alakazam|Thunder Wave|p2a: Chansey
|-fail|p2a: Chansey|par
|
|turn|26
|
|move|p1a: Alakazam|Psychic|p2a: Chansey
|-damage|p2a: Chansey|152\/703 par
|move|p2a: Chansey|Soft-Boiled|p2a: Chansey
|-heal|p2a: Chansey|503\/703 par
|
|turn|27
|
|switch|p1a: Tauros|Tauros|232\/353
|cant|p2a: Chansey|par
|
|turn|28
|
|move|p1a: Tauros|Body Slam|p2a: Chansey
|-damage|p2a: Chansey|223\/703 par
|cant|p2a: Chansey|par
|
|turn|29
|
|switch|p2a: Lapras|Lapras|463\/463
|move|p1a: Tauros|Body Slam|p2a: Lapras
|-damage|p2a: Lapras|343\/463
|
|turn|30
|
|move|p1a: Tauros|Body Slam|p2a: Lapras
|-damage|p2a: Lapras|229\/463
|move|p2a: Lapras|Confuse Ray|p1a: Tauros
|-start|p1a: Tauros|confusion
|
|turn|31
|
|switch|p1a: Jolteon|Jolteon|333\/333
|move|p2a: Lapras|Blizzard|p1a: Jolteon
|-damage|p1a: Jolteon|196\/333
|
|turn|32
|
|switch|p2a: Chansey|Chansey|223\/703 par
|move|p1a: Jolteon|Thunderbolt|p2a: Chansey
|-damage|p2a: Chansey|110\/703 par
|
|turn|33
|
|move|p1a: Jolteon|Thunderbolt|p2a: Chansey
|-damage|p2a: Chansey|1\/703 par
|move|p2a: Chansey|Soft-Boiled|p2a: Chansey
|-heal|p2a: Chansey|352\/703 par
|
|turn|34
|
|switch|p1a: Tauros|Tauros|232\/353
|cant|p2a: Chansey|par
|
|turn|35
|
|move|p1a: Tauros|Body Slam|p2a: Chansey
|-damage|p2a: Chansey|72\/703 par
|move|p2a: Chansey|Counter|p1a: Tauros
|-damage|p1a: Tauros|0 fnt
|faint|p1a: Tauros
|
|
|switch|p1a: Alakazam|Alakazam|227\/313
|turn|36
|
|move|p1a: Alakazam|Psychic|p2a: Chansey
|-damage|p2a: Chansey|0 fnt
|faint|p2a: Chansey
|
|
|switch|p2a: You're gonna be pi|Jolteon|333\/333
|turn|37
|
|move|p2a: You're gonna be pi|Thunder Wave|p1a: Alakazam
|-status|p1a: Alakazam|par
|move|p1a: Alakazam|Thunder Wave|p2a: You're gonna be pi
|-status|p2a: You're gonna be pi|par
|
|turn|38
|
|move|p2a: You're gonna be pi|Pin Missile|p1a: Alakazam
|-crit|p1a: Alakazam
|-supereffective|p1a: Alakazam
|-damage|p1a: Alakazam|168\/313 par
|-damage|p1a: Alakazam|109\/313 par
|-hitcount|p1a: Alakazam|2
|move|p1a: Alakazam|Psychic|p2a: You're gonna be pi
|-damage|p2a: You're gonna be pi|206\/333 par
|
|turn|39
|
|cant|p2a: You're gonna be pi|par
|move|p1a: Alakazam|Reflect|p1a: Alakazam
|
|turn|40
|
|move|p2a: You're gonna be pi|Thunderbolt|p1a: Alakazam
|-damage|p1a: Alakazam|13\/313 par
|move|p1a: Alakazam|Recover|p1a: Alakazam
|-heal|p1a: Alakazam|169\/313 par
|
|turn|41
|
|move|p2a: You're gonna be pi|Thunderbolt|p1a: Alakazam
|-damage|p1a: Alakazam|68\/313 par
|cant|p1a: Alakazam|par
|
|turn|42
|
|switch|p1a: Chansey|Chansey|703\/703
|move|p2a: You're gonna be pi|Thunderbolt|p1a: Chansey
|-damage|p1a: Chansey|589\/703
|
|turn|43
|
|move|p1a: Chansey|Ice Beam|p2a: You're gonna be pi
|-damage|p2a: You're gonna be pi|137\/333 par
|move|p2a: You're gonna be pi|Thunder Wave|p1a: Chansey
|-status|p1a: Chansey|par
|
|turn|44
|
|cant|p2a: You're gonna be pi|par
|move|p1a: Chansey|Ice Beam|p2a: You're gonna be pi
|-damage|p2a: You're gonna be pi|68\/333 par
|
|turn|45
|
|cant|p2a: You're gonna be pi|par
|cant|p1a: Chansey|par
|
|turn|46
|
|move|p2a: You're gonna be pi|Double Kick|p1a: Chansey
|-supereffective|p1a: Chansey
|-damage|p1a: Chansey|492\/703 par
|-damage|p1a: Chansey|395\/703 par
|-hitcount|p1a: Chansey|2
|move|p1a: Chansey|Ice Beam|p2a: You're gonna be pi
|-damage|p2a: You're gonna be pi|0 fnt
|faint|p2a: You're gonna be pi
|
|
|switch|p2a: Lapras|Lapras|229\/463
|turn|47
|
|move|p2a: Lapras|Confuse Ray|p1a: Chansey
|-start|p1a: Chansey|confusion
|cant|p1a: Chansey|par
|
|turn|48
|
|move|p2a: Lapras|Body Slam|p1a: Chansey
|-crit|p1a: Chansey
|-damage|p1a: Chansey|52\/703 par
|-activate|p1a: Chansey|confusion
|move|p1a: Chansey|Thunder Wave|p2a: Lapras
|-status|p2a: Lapras|par
|
|turn|49
|
|move|p2a: Lapras|Body Slam|p1a: Chansey
|-damage|p1a: Chansey|0 fnt
|faint|p1a: Chansey
|
|
|switch|p1a: Jolteon|Jolteon|196\/333
|turn|50
|
|move|p1a: Jolteon|Thunderbolt|p2a: Lapras
|-crit|p2a: Lapras
|-supereffective|p2a: Lapras
|-damage|p2a: Lapras|0 fnt
|faint|p2a: Lapras
|
|
|switch|p2a: Tauros|Tauros|353\/353
|turn|51
|
|move|p1a: Jolteon|Thunder Wave|p2a: Tauros
|-status|p2a: Tauros|par
|move|p2a: Tauros|Earthquake|p1a: Jolteon
|-supereffective|p1a: Jolteon
|-damage|p1a: Jolteon|0 fnt
|faint|p1a: Jolteon
|
|
|switch|p1a: Alakazam|Alakazam|68\/313 par
|turn|52
|
|move|p1a: Alakazam|Recover|p1a: Alakazam
|-heal|p1a: Alakazam|224\/313 par
|move|p2a: Tauros|Hyper Beam|p1a: Alakazam
|-crit|p1a: Alakazam
|-damage|p1a: Alakazam|0 fnt
|faint|p1a: Alakazam
|
|win|BriIIance
|raw|Ladder updating...
|raw|smilzo's rating: 1098 &rarr; <strong>1077<\/strong><br \/>(-21 for losing)
|raw|BriIIance's rating: 1154 &rarr; <strong>1175<\/strong><br \/>(+21 for winning)
|leave|smilzo
|player|p1