|j|i know your spread
|j|Peasounay
|player|p1|i know your spread|157
|player|p2|Peasounay|80
|gametype|singles
|gen|1
|tier|[Gen 1] OU
|seed|12837,53879,1773,445
|rule|Sleep Clause Mod: Limit one foe put to sleep
|rule|Freeze Clause Mod: Limit one foe frozen
|rule|Species Clause: Limit one of each Pokémon
|rule|OHKO Clause: OHKO moves are banned
|rule|Evasion Moves Clause: Evasion moves are banned
|rule|HP Percentage Mod: HP is shown in percentages
|
|start
|switch|p1a: Jynx|Jynx|333\/333
|switch|p2a: Jynx|Jynx|333\/333
|turn|1
|c|★i know your spread|hf
|c|★Peasounay|u2
|choice|move 1|move 1
|
|move|p2a: Jynx|Lovely Kiss|p1a: Jynx
|-status|p1a: Jynx|slp
|cant|p1a: Jynx|slp
|
|turn|2
|choice|move 2|switch 3
|
|switch|p2a: Snorlax|Snorlax|523\/523
|cant|p1a: Jynx|slp
|
|turn|3
|choice|switch 5|move 1
|
|switch|p1a: Snorlax|Snorlax|523\/523
|move|p2a: Snorlax|Body Slam|p1a: Snorlax
|-damage|p1a: Snorlax|392\/523
|
|turn|4
|choice|move 3|move 3
|
|move|p2a: Snorlax|Reflect|p2a: Snorlax
|-start|p2a: Snorlax|Reflect
|move|p1a: Snorlax|Earthquake|p2a: Snorlax
|-damage|p2a: Snorlax|471\/523
|
|turn|5
|choice|move 2|move 1
|
|move|p1a: Snorlax|Reflect|p1a: Snorlax
|-start|p1a: Snorlax|Reflect
|move|p2a: Snorlax|Body Slam|p1a: Snorlax
|-damage|p1a: Snorlax|327\/523
|
|turn|6
|choice|move 1|move 1
|
|move|p2a: Snorlax|Body Slam|p1a: Snorlax
|-damage|p1a: Snorlax|256\/523
|move|p1a: Snorlax|Body Slam|p2a: Snorlax
|-damage|p2a: Snorlax|401\/523
|
|turn|7
|choice|move 1|move 1
|
|move|p1a: Snorlax|Body Slam|p2a: Snorlax
|-damage|p2a: Snorlax|333\/523
|move|p2a: Snorlax|Body Slam|p1a: Snorlax
|-damage|p1a: Snorlax|189\/523
|
|turn|8
|choice|move 1|move 1
|
|move|p2a: Snorlax|Body Slam|p1a: Snorlax
|-damage|p1a: Snorlax|114\/523
|move|p1a: Snorlax|Body Slam|p2a: Snorlax
|-damage|p2a: Snorlax|265\/523
|
|turn|9
|choice|move 4|switch 6
|
|switch|p2a: Lapras|Lapras|463\/463
|move|p1a: Snorlax|Rest|p1a: Snorlax
|-status|p1a: Snorlax|slp
|-heal|p1a: Snorlax|523\/523 slp|[silent]
|-status|p1a: Snorlax|slp|[from] move: Rest
|
|turn|10
|choice|switch 4|move 1
|
|switch|p1a: Chansey|Chansey|703\/703
|move|p2a: Lapras|Blizzard|p1a: Chansey
|-damage|p1a: Chansey|578\/703
|
|turn|11
|choice|switch 5|switch 5
|
|switch|p2a: Chansey|Chansey|703\/703
|switch|p1a: Jynx|Jynx|333\/333 slp
|
|turn|12
|choice|move 3|switch 6
|
|switch|p2a: Snorlax|Snorlax|265\/523
|cant|p1a: Jynx|slp
|
|turn|13
|choice|switch 4|move 1
|
|switch|p1a: Snorlax|Snorlax|523\/523 slp
|move|p2a: Snorlax|Body Slam|p1a: Snorlax
|-damage|p1a: Snorlax|389\/523 slp
|
|turn|14
|choice|move 1|move 1
|
|cant|p1a: Snorlax|slp
|move|p2a: Snorlax|Body Slam|p1a: Snorlax
|-damage|p1a: Snorlax|248\/523 slp
|
|turn|15
|choice|move 1|move 1
|
|-curestatus|p1a: Snorlax|slp
|move|p2a: Snorlax|Body Slam|p1a: Snorlax
|-damage|p1a: Snorlax|117\/523
|
|turn|16
|c|★i know your spread|ah
|choice|switch 3|move 1
|
|switch|p1a: Exeggutor|Exeggutor|393\/393
|move|p2a: Snorlax|Body Slam|p1a: Exeggutor
|-damage|p1a: Exeggutor|270\/393
|-status|p1a: Exeggutor|par
|
|turn|17
|choice|move 1|switch 3
|
|switch|p2a: Jynx|Jynx|333\/333
|cant|p1a: Exeggutor|par
|
|turn|18
|choice|switch 5|move 2
|
|switch|p1a: Chansey|Chansey|578\/703
|move|p2a: Jynx|Blizzard|p1a: Chansey|[miss]
|-miss|p2a: Jynx
|
|turn|19
|choice|move 1|move 2
|
|move|p2a: Jynx|Blizzard|p1a: Chansey
|-damage|p1a: Chansey|453\/703
|move|p1a: Chansey|Thunder Wave|p2a: Jynx
|-status|p2a: Jynx|par
|
|turn|20
|choice|move 4|move 2
|
|move|p1a: Chansey|Soft-Boiled|p1a: Chansey
|-heal|p1a: Chansey|703\/703
|move|p2a: Jynx|Blizzard|p1a: Chansey
|-damage|p1a: Chansey|563\/703
|
|turn|21
|choice|switch 4|move 2
|
|switch|p1a: Jynx|Jynx|333\/333 slp
|move|p2a: Jynx|Blizzard|p1a: Jynx|[miss]
|-miss|p2a: Jynx
|
|turn|22
|choice|switch 5|switch 4
|
|switch|p1a: Exeggutor|Exeggutor|270\/393 par
|switch|p2a: Tauros|Tauros|353\/353
|
|turn|23
|choice|switch 3|switch 4
|
|switch|p2a: Jynx|Jynx|333\/333 par
|switch|p1a: Snorlax|Snorlax|117\/523
|
|turn|24
|choice|move 1|move 2
|
|move|p1a: Snorlax|Body Slam|p2a: Jynx
|-damage|p2a: Jynx|143\/333 par
|move|p2a: Jynx|Blizzard|p1a: Snorlax
|-crit|p1a: Snorlax
|-damage|p1a: Snorlax|0 fnt
|faint|p1a: Snorlax
|choice|switch 6|
|
|switch|p1a: Tauros|Tauros|353\/353
|turn|25
|choice|move 1|switch 2
|
|switch|p2a: Exeggutor|Exeggutor|393\/393
|move|p1a: Tauros|Body Slam|p2a: Exeggutor
|-damage|p2a: Exeggutor|276\/393
|
|turn|26
|choice|switch 3|move 2
|
|switch|p1a: Exeggutor|Exeggutor|270\/393 par
|move|p2a: Exeggutor|Psychic|p1a: Exeggutor
|-resisted|p1a: Exeggutor
|-damage|p1a: Exeggutor|220\/393 par
|-unboost|p1a: Exeggutor|spd|1
|-unboost|p1a: Exeggutor|spa|1
|
|turn|27
|choice|move 3|move 2
|
|move|p2a: Exeggutor|Psychic|p1a: Exeggutor
|-resisted|p1a: Exeggutor
|-damage|p1a: Exeggutor|146\/393 par
|cant|p1a: Exeggutor|par
|
|turn|28
|choice|move 1|switch 2
|
|switch|p2a: Jynx|Jynx|143\/333 par
|move|p1a: Exeggutor|Sleep Powder|p2a: Jynx
|-fail|p2a: Jynx
|
|turn|29
|choice|switch 5|move 2
|
|switch|p1a: Jynx|Jynx|333\/333 slp
|move|p2a: Jynx|Blizzard|p1a: Jynx
|-resisted|p1a: Jynx
|-damage|p1a: Jynx|263\/333 slp
|
|turn|30
|choice|switch 4|switch 4
|
|switch|p1a: Chansey|Chansey|563\/703
|switch|p2a: Tauros|Tauros|353\/353
|
|turn|31
|choice|move 1|switch 6
|
|switch|p2a: Chansey|Chansey|703\/703
|move|p1a: Chansey|Thunder Wave|p2a: Chansey
|-status|p2a: Chansey|par
|
|turn|32
|choice|switch 4|move 2
|
|switch|p1a: Jynx|Jynx|263\/333 slp
|move|p2a: Chansey|Ice Beam|p1a: Jynx
|-resisted|p1a: Jynx
|-damage|p1a: Jynx|225\/333 slp
|
|turn|33
|choice|switch 5|move 4
|
|switch|p1a: Exeggutor|Exeggutor|146\/393 par
|move|p2a: Chansey|Thunderbolt|p1a: Exeggutor
|-resisted|p1a: Exeggutor
|-damage|p1a: Exeggutor|114\/393 par
|
|turn|34
|j|Abstrix
|choice|move 3|switch 4
|
|switch|p2a: Jynx|Jynx|143\/333 par
|move|p1a: Exeggutor|Psychic|p2a: Jynx
|-resisted|p2a: Jynx
|-damage|p2a: Jynx|84\/333 par
|
|turn|35
|choice|switch 4|move 2
|
|switch|p1a: Chansey|Chansey|563\/703
|move|p2a: Jynx|Blizzard|p1a: Chansey
|-damage|p1a: Chansey|421\/703
|
|turn|36
|choice|move 4|switch 4
|
|switch|p2a: Chansey|Chansey|703\/703 par
|move|p1a: Chansey|Soft-Boiled|p1a: Chansey
|-heal|p1a: Chansey|703\/703
|
|turn|37
|choice|switch 5|move 4
|
|switch|p1a: Jynx|Jynx|225\/333 slp
|move|p2a: Chansey|Thunderbolt|p1a: Jynx
|-damage|p1a: Jynx|148\/333 slp
|
|turn|38
|choice|move 3|switch 6
|
|switch|p2a: Tauros|Tauros|353\/353
|cant|p1a: Jynx|slp
|
|turn|39
|choice|switch 2|move 2
|
|switch|p1a: Lapras|Lapras|463\/463
|move|p2a: Tauros|Body Slam|p1a: Lapras
|-damage|p1a: Lapras|351\/463
|
|turn|40
|choice|switch 4|switch 6
|
|switch|p2a: Chansey|Chansey|703\/703 par
|switch|p1a: Exeggutor|Exeggutor|114\/393 par
|
|turn|41
|choice|move 3|switch 4
|
|switch|p2a: Jynx|Jynx|84\/333 par
|move|p1a: Exeggutor|Psychic|p2a: Jynx
|-resisted|p2a: Jynx
|-damage|p2a: Jynx|23\/333 par
|
|turn|42
|choice|switch 4|move 3
|
|switch|p1a: Lapras|Lapras|351\/463
|move|p2a: Jynx|Psychic|p1a: Lapras
|-damage|p1a: Lapras|252\/463
|-unboost|p1a: Lapras|spd|1
|-unboost|p1a: Lapras|spa|1
|
|turn|43
|choice|move 4|switch 4
|
|switch|p2a: Chansey|Chansey|703\/703 par
|move|p1a: Lapras|Body Slam|p2a: Chansey
|-damage|p2a: Chansey|550\/703 par
|
|turn|44
|choice|switch 2|move 4
|
|switch|p1a: Jynx|Jynx|148\/333 slp
|move|p2a: Chansey|Thunderbolt|p1a: Jynx
|-damage|p1a: Jynx|66\/333 slp
|
|turn|45
|choice|move 3|move 4
|
|-curestatus|p1a: Jynx|slp
|cant|p2a: Chansey|par
|
|turn|46
|choice|move 4|move 4
|
|move|p1a: Jynx|Rest|p1a: Jynx
|-status|p1a: Jynx|slp
|-heal|p1a: Jynx|333\/333 slp|[silent]
|-status|p1a: Jynx|slp|[from] move: Rest
|move|p2a: Chansey|Thunderbolt|p1a: Jynx
|-crit|p1a: Jynx
|-damage|p1a: Jynx|172\/333 slp
|
|turn|47
|choice|switch 4|switch 3
|
|switch|p1a: Exeggutor|Exeggutor|114\/393 par
|switch|p2a: Snorlax|Snorlax|265\/523
|
|turn|48
|choice|move 1|switch 4
|
|switch|p2a: Jynx|Jynx|23\/333 par
|move|p1a: Exeggutor|Sleep Powder|p2a: Jynx
|-fail|p2a: Jynx
|
|turn|49
|choice|switch 4|move 4
|
|switch|p1a: Jynx|Jynx|172\/333 slp
|cant|p2a: Jynx|par
|
|turn|50
|choice|move 3|move 3
|
|cant|p1a: Jynx|slp
|move|p2a: Jynx|Psychic|p1a: Jynx
|-resisted|p1a: Jynx
|-damage|p1a: Jynx|124\/333 slp
|
|turn|51
|choice|move 3|move 1
|
|-curestatus|p1a: Jynx|slp
|cant|p2a: Jynx|par
|
|turn|52
|choice|move 3|move 1
|
|move|p1a: Jynx|Psychic|p2a: Jynx
|-resisted|p2a: Jynx
|-damage|p2a: Jynx|0 fnt
|faint|p2a: Jynx
|choice||switch 6
|
|switch|p2a: Tauros|Tauros|353\/353
|turn|53
|choice|switch 4|move 2
|
|switch|p1a: Exeggutor|Exeggutor|114\/393 par
|move|p2a: Tauros|Body Slam|p1a: Exeggutor
|-damage|p1a: Exeggutor|0 fnt
|faint|p1a: Exeggutor
|choice|switch 2|
|
|switch|p1a: Lapras|Lapras|252\/463
|turn|54
|choice|move 1|switch 3
|
|switch|p2a: Chansey|Chansey|550\/703 par
|move|p1a: Lapras|Blizzard|p2a: Chansey
|-damage|p2a: Chansey|420\/703 par
|
|turn|55
|choice|move 3|move 1
|
|move|p1a: Lapras|Confuse Ray|p2a: Chansey
|-start|p2a: Chansey|confusion
|-activate|p2a: Chansey|confusion
|move|p2a: Chansey|Soft-Boiled|p2a: Chansey
|-heal|p2a: Chansey|703\/703 par
|
|turn|56
|choice|switch 4|move 4
|
|switch|p1a: Jynx|Jynx|124\/333
|-activate|p2a: Chansey|confusion
|move|p2a: Chansey|Thunderbolt|p1a: Jynx
|-damage|p1a: Jynx|48\/333
|
|turn|57
|choice|move 3|move 4
|
|move|p1a: Jynx|Psychic|p2a: Chansey
|-damage|p2a: Chansey|604\/703 par
|-unboost|p2a: Chansey|spd|1
|-unboost|p2a: Chansey|spa|1
|-end|p2a: Chansey|confusion
|move|p2a: Chansey|Thunderbolt|p1a: Jynx
|-damage|p1a: Jynx|0 fnt
|faint|p1a: Jynx
|choice|switch 4|
|
|switch|p1a: Lapras|Lapras|252\/463
|turn|58
|choice|move 3|move 4
|
|move|p1a: Lapras|Confuse Ray|p2a: Chansey
|-start|p2a: Chansey|confusion
|-activate|p2a: Chansey|confusion
|-damage|p2a: Chansey|569\/703 par|[from] confusion
|
|turn|59
|choice|move 1|switch 3
|
|switch|p2a: Tauros|Tauros|353\/353
|move|p1a: Lapras|Blizzard|p2a: Tauros
|-damage|p2a: Tauros|181\/353
|
|turn|60
|choice|move 1|move 2
|
|move|p2a: Tauros|Body Slam|p1a: Lapras
|-damage|p1a: Lapras|144\/463
|move|p1a: Lapras|Blizzard|p2a: Tauros
|-damage|p2a: Tauros|0 fnt
|faint|p2a: Tauros
|choice||switch 5
|
|switch|p2a: Lapras|Lapras|463\/463
|turn|61
|choice|switch 5|switch 2
|
|switch|p2a: Exeggutor|Exeggutor|276\/393
|switch|p1a: Chansey|Chansey|703\/703
|
|turn|62
|choice|move 2|move 1
|
|move|p2a: Exeggutor|Sleep Powder|p1a: Chansey
|-status|p1a: Chansey|slp
|cant|p1a: Chansey|slp
|
|turn|63
|choice|move 2|move 2
|
|move|p2a: Exeggutor|Psychic|p1a: Chansey
|-damage|p1a: Chansey|579\/703 slp
|-curestatus|p1a: Chansey|slp
|
|turn|64
|choice|switch 5|move 1
|
|switch|p1a: Lapras|Lapras|144\/463
|move|p2a: Exeggutor|Sleep Powder|p1a: Lapras
|-status|p1a: Lapras|slp
|
|turn|65
|choice|switch 5|move 2
|
|switch|p1a: Chansey|Chansey|579\/703
|move|p2a: Exeggutor|Psychic|p1a: Chansey
|-damage|p1a: Chansey|462\/703
|
|turn|66
|choice|move 1|switch 3
|
|switch|p2a: Chansey|Chansey|569\/703 par
|move|p1a: Chansey|Thunder Wave|p2a: Chansey
|-fail|p2a: Chansey|par
|
|turn|67
|choice|switch 5|move 2
|
|switch|p1a: Lapras|Lapras|144\/463 slp
|cant|p2a: Chansey|par
|
|turn|68
|choice|switch 3|move 4
|
|switch|p1a: Tauros|Tauros|353\/353
|move|p2a: Chansey|Thunderbolt|p1a: Tauros
|-damage|p1a: Tauros|253\/353
|
|turn|69
|choice|move 1|move 3
|
|move|p1a: Tauros|Body Slam|p2a: Chansey
|-damage|p2a: Chansey|317\/703 par
|move|p2a: Chansey|Thunder Wave|p1a: Tauros
|-status|p1a: Tauros|par
|
|turn|70
|choice|move 1|switch 4
|
|switch|p2a: Snorlax|Snorlax|265\/523
|move|p1a: Tauros|Body Slam|p2a: Snorlax
|-crit|p2a: Snorlax
|-damage|p2a: Snorlax|33\/523
|
|turn|71
|choice|switch 5|move 4
|
|switch|p1a: Chansey|Chansey|462\/703
|move|p2a: Snorlax|Rest|p2a: Snorlax
|-status|p2a: Snorlax|slp
|-heal|p2a: Snorlax|523\/523 slp|[silent]
|-status|p2a: Snorlax|slp|[from] move: Rest
|
|turn|72
|choice|move 4|move 1
|
|move|p1a: Chansey|Soft-Boiled|p1a: Chansey
|-heal|p1a: Chansey|703\/703
|cant|p2a: Snorlax|slp
|
|turn|73
|choice|move 3|move 2
|
|move|p1a: Chansey|Thunderbolt|p2a: Snorlax
|-damage|p2a: Snorlax|414\/523 slp
|-curestatus|p2a: Snorlax|slp
|
|turn|74
|choice|move 2|switch 4
|
|switch|p2a: Chansey|Chansey|317\/703 par
|move|p1a: Chansey|Ice Beam|p2a: Chansey
|-damage|p2a: Chansey|245\/703 par
|
|turn|75
|choice|switch 5|move 1
|
|switch|p1a: Tauros|Tauros|253\/353 par
|cant|p2a: Chansey|par
|
|turn|76
|choice|move 1|switch 4
|
|switch|p2a: Snorlax|Snorlax|414\/523
|move|p1a: Tauros|Body Slam|p2a: Snorlax
|-damage|p2a: Snorlax|279\/523
|
|turn|77
|choice|move 4|move 1
|
|move|p2a: Snorlax|Body Slam|p1a: Tauros
|-damage|p1a: Tauros|143\/353 par
|move|p1a: Tauros|Blizzard|p2a: Snorlax
|-damage|p2a: Snorlax|176\/523
|
|turn|78
|choice|switch 5|move 1
|
|switch|p1a: Chansey|Chansey|703\/703
|move|p2a: Snorlax|Body Slam|p1a: Chansey
|-damage|p1a: Chansey|412\/703
|
|turn|79
|choice|move 2|move 1
|
|move|p1a: Chansey|Ice Beam|p2a: Snorlax
|-damage|p2a: Snorlax|80\/523
|move|p2a: Snorlax|Body Slam|p1a: Chansey
|-damage|p1a: Chansey|122\/703
|
|turn|80
|choice|move 4|move 1
|
|move|p1a: Chansey|Soft-Boiled|p1a: Chansey
|-heal|p1a: Chansey|473\/703
|move|p2a: Snorlax|Body Slam|p1a: Chansey
|-damage|p1a: Chansey|187\/703
|
|turn|81
|choice|move 2|move 4
|
|move|p1a: Chansey|Ice Beam|p2a: Snorlax
|-damage|p2a: Snorlax|0 fnt
|faint|p2a: Snorlax
|choice||switch 3
|
|switch|p2a: Exeggutor|Exeggutor|276\/393
|turn|82
|choice|switch 3|move 2
|
|switch|p1a: Lapras|Lapras|144\/463 slp
|move|p2a: Exeggutor|Psychic|p1a: Lapras
|-damage|p1a: Lapras|18\/463 slp
|-unboost|p1a: Lapras|spd|1
|-unboost|p1a: Lapras|spa|1
|
|turn|83
|choice|move 2|move 2
|
|cant|p1a: Lapras|slp
|move|p2a: Exeggutor|Psychic|p1a: Lapras
|-damage|p1a: Lapras|0 fnt
|faint|p1a: Lapras
|choice|switch 5|
|
|switch|p1a: Tauros|Tauros|143\/353 par
|turn|84
|c|★Peasounay|i just realised this is a mirror match lmao
|c|★i know your spread|i realized when u revealed lapras
|choice|move 3|move 2
|
|move|p2a: Exeggutor|Psychic|p1a: Tauros
|-damage|p1a: Tauros|0 fnt
|faint|p1a: Tauros
|choice|switch 3|
|
|switch|p1a: Chansey|Chansey|187\/703
|turn|85
|choice|move 2|move 4
|
|move|p2a: Exeggutor|Explosion|p1a: Chansey
|-damage|p1a: Chansey|0 fnt
|faint|p1a: Chansey
|faint|p2a: Exeggutor
|
|win|Peasounay
|player|p1
|player|p2
|c|★Peasounay|gg, very interesting and nice game
|c|★i know your spread|mh