|j|tr0mb0ner
|j|HappyEevee
|player|p1|tr0mb0ner|1
|player|p2|HappyEevee|95
|gametype|singles
|gen|1
|tier|[Gen 1] OU
|rated
|seed|18523,10176,43112,55199
|rule|Sleep Clause Mod: Limit one foe put to sleep
|rule|Freeze Clause Mod: Limit one foe frozen
|rule|Species Clause: Limit one of each Pokémon
|rule|OHKO Clause: OHKO moves are banned
|rule|Evasion Moves Clause: Evasion moves are banned
|rule|HP Percentage Mod: HP is shown in percentages
|
|start
|switch|p1a: Gengar|Gengar|323\/323
|switch|p2a: Microwavable|Alakazam|313\/313
|turn|1
|choice|switch 3|move 3
|
|switch|p1a: Exeggutor|Exeggutor|393\/393
|move|p2a: Microwavable|Thunder Wave|p1a: Exeggutor
|-status|p1a: Exeggutor|par
|
|turn|2
|choice|move 1|switch 5
|
|switch|p2a: Microwavable|Dragonite|385\/385
|cant|p1a: Exeggutor|par
|
|turn|3
|choice|move 1|move 2
|
|move|p2a: Microwavable|Wrap|p1a: Exeggutor
|-damage|p1a: Exeggutor|375\/393 par
|-activate|p1a: Exeggutor|move: Wrap|[of] p2a: Microwavable
|cant|p1a: Exeggutor|partiallytrapped
|
|turn|4
|choice|switch 3|move 2
|
|switch|p1a: Gengar|Gengar|323\/323
|move|p2a: Microwavable|Wrap|p1a: Gengar
|-damage|p1a: Gengar|323\/323
|-activate|p1a: Gengar|move: Wrap|[of] p2a: Microwavable
|
|turn|5
|choice|move 1|move 2
|
|cant|p1a: Gengar|partiallytrapped
|move|p2a: Microwavable|Wrap|p1a: Gengar
|-damage|p1a: Gengar|323\/323
|
|-end|p1a: Gengar|Wrap|[partiallytrapped]
|turn|6
|choice|move 1|switch 3
|
|switch|p2a: Manazran|Gengar|323\/323
|move|p1a: Gengar|Hypnosis|p2a: Manazran
|-status|p2a: Manazran|slp
|
|turn|7
|choice|move 2|switch 5
|
|switch|p2a: Microwavable|Alakazam|313\/313
|move|p1a: Gengar|Night Shade|p2a: Microwavable
|-damage|p2a: Microwavable|213\/313
|
|turn|8
|choice|switch 3|move 3
|
|switch|p1a: Exeggutor|Exeggutor|375\/393 par
|move|p2a: Microwavable|Thunder Wave|p1a: Exeggutor
|-fail|p1a: Exeggutor|par
|
|turn|9
|choice|move 4|move 4
|
|move|p2a: Microwavable|Reflect|p2a: Microwavable
|-start|p2a: Microwavable|Reflect
|move|p1a: Exeggutor|Egg Bomb|p2a: Microwavable|[miss]
|-miss|p1a: Exeggutor
|
|turn|10
|choice|move 2|move 2
|
|move|p2a: Microwavable|Recover|p2a: Microwavable
|-heal|p2a: Microwavable|313\/313
|move|p1a: Exeggutor|Psychic|p2a: Microwavable
|-resisted|p2a: Microwavable
|-damage|p2a: Microwavable|260\/313
|
|turn|11
|choice|move 2|move 1
|
|move|p2a: Microwavable|Psychic|p1a: Exeggutor
|-crit|p1a: Exeggutor
|-resisted|p1a: Exeggutor
|-damage|p1a: Exeggutor|265\/393 par
|move|p1a: Exeggutor|Psychic|p2a: Microwavable
|-resisted|p2a: Microwavable
|-damage|p2a: Microwavable|209\/313
|-unboost|p2a: Microwavable|spd|1
|-unboost|p2a: Microwavable|spa|1
|
|turn|12
|choice|move 2|move 2
|
|move|p2a: Microwavable|Recover|p2a: Microwavable
|-heal|p2a: Microwavable|313\/313
|move|p1a: Exeggutor|Psychic|p2a: Microwavable
|-resisted|p2a: Microwavable
|-damage|p2a: Microwavable|231\/313
|-unboost|p2a: Microwavable|spd|1
|-unboost|p2a: Microwavable|spa|1
|
|turn|13
|choice|move 2|switch 3
|
|switch|p2a: Microwavable|Dragonite|385\/385
|move|p1a: Exeggutor|Psychic|p2a: Microwavable
|-damage|p2a: Microwavable|268\/385
|-unboost|p2a: Microwavable|spd|1
|-unboost|p2a: Microwavable|spa|1
|
|turn|14
|choice|switch 3|move 2
|
|switch|p1a: Gengar|Gengar|323\/323
|move|p2a: Microwavable|Wrap|p1a: Gengar
|-damage|p1a: Gengar|323\/323
|-activate|p1a: Gengar|move: Wrap|[of] p2a: Microwavable
|
|turn|15
|choice|move 3|move 2
|
|cant|p1a: Gengar|partiallytrapped
|move|p2a: Microwavable|Wrap|p1a: Gengar
|-damage|p1a: Gengar|323\/323
|
|turn|16
|choice|move 3|switch 3
|
|switch|p2a: Microwavable|Alakazam|231\/313
|cant|p1a: Gengar|partiallytrapped
|
|-end|p1a: Gengar|Wrap|[partiallytrapped]
|turn|17
|choice|switch 3|move 3
|
|switch|p1a: Exeggutor|Exeggutor|265\/393 par
|move|p2a: Microwavable|Thunder Wave|p1a: Exeggutor
|-fail|p1a: Exeggutor|par
|
|turn|18
|c|★HappyEevee|This will be a long battle
|choice|move 4|move 4
|
|move|p2a: Microwavable|Reflect|p2a: Microwavable
|-start|p2a: Microwavable|Reflect
|cant|p1a: Exeggutor|par
|
|turn|19
|choice|switch 2|move 1
|
|switch|p1a: Chansey|Chansey|703\/703
|move|p2a: Microwavable|Psychic|p1a: Chansey
|-damage|p1a: Chansey|582\/703
|
|turn|20
|choice|move 2|switch 5
|
|switch|p2a: Manazran|Gengar|323\/323 slp
|move|p1a: Chansey|Thunder Wave|p2a: Manazran
|-fail|p2a: Manazran
|
|turn|21
|choice|switch 4|move 1
|
|switch|p1a: Zapdos|Zapdos|383\/383
|cant|p2a: Manazran|slp
|
|turn|22
|choice|move 2|move 1
|
|-curestatus|p2a: Manazran|slp
|move|p1a: Zapdos|Thunderbolt|p2a: Manazran
|-damage|p2a: Manazran|219\/323
|
|turn|23
|choice|switch 2|move 1
|
|switch|p1a: Exeggutor|Exeggutor|265\/393 par
|move|p2a: Manazran|Hypnosis|p1a: Exeggutor|[miss]
|-miss|p2a: Manazran
|
|turn|24
|choice|move 1|switch 5
|
|switch|p2a: Microwavable|Alakazam|231\/313
|move|p1a: Exeggutor|Sleep Powder|p2a: Microwavable
|-status|p2a: Microwavable|slp
|
|turn|25
|c|★HappyEevee|misplay of 2016
|choice|move 4|move 2
|
|cant|p2a: Microwavable|slp
|move|p1a: Exeggutor|Egg Bomb|p2a: Microwavable
|-damage|p2a: Microwavable|108\/313 slp
|
|turn|26
|c|★tr0mb0ner|still 2015
|c|★HappyEevee|My mistake is so massive
|c|★HappyEevee|It extends into 2016
|choice|move 4|switch 3
|
|switch|p2a: Microwavable|Dragonite|268\/385
|move|p1a: Exeggutor|Egg Bomb|p2a: Microwavable|[miss]
|-miss|p1a: Exeggutor
|
|turn|27
|choice|switch 3|move 2
|
|switch|p1a: Gengar|Gengar|323\/323
|move|p2a: Microwavable|Wrap|p1a: Gengar
|-damage|p1a: Gengar|323\/323
|-activate|p1a: Gengar|move: Wrap|[of] p2a: Microwavable
|
|turn|28
|choice|move 2|switch 5
|
|switch|p2a: Manazran|Gengar|219\/323
|cant|p1a: Gengar|partiallytrapped
|
|-end|p1a: Gengar|Wrap|[partiallytrapped]
|turn|29
|choice|switch 3|move 1
|
|switch|p1a: Exeggutor|Exeggutor|265\/393 par
|move|p2a: Manazran|Hypnosis|p1a: Exeggutor
|-fail|p1a: Exeggutor
|
|turn|30
|c|★HappyEevee|This is gonna be so long
|choice|move 2|switch 5
|
|switch|p2a: Microwavable|Dragonite|268\/385
|move|p1a: Exeggutor|Psychic|p2a: Microwavable
|-damage|p2a: Microwavable|151\/385
|
|turn|31
|choice|switch 3|switch 6
|
|switch|p2a: Asthmere Sivolisk|Lapras|463\/463
|switch|p1a: Gengar|Gengar|323\/323
|
|turn|32
|choice|move 3|move 4
|
|move|p1a: Gengar|Thunderbolt|p2a: Asthmere Sivolisk
|-supereffective|p2a: Asthmere Sivolisk
|-damage|p2a: Asthmere Sivolisk|263\/463
|move|p2a: Asthmere Sivolisk|Confuse Ray|p1a: Gengar
|-start|p1a: Gengar|confusion
|
|turn|33
|choice|switch 4|switch 5
|
|switch|p1a: Chansey|Chansey|582\/703
|switch|p2a: Manazran|Gengar|219\/323
|
|turn|34
|c|★HappyEevee|I've lost this tbh.
|choice|switch 3|move 1
|
|switch|p1a: Exeggutor|Exeggutor|265\/393 par
|move|p2a: Manazran|Hypnosis|p1a: Exeggutor
|-fail|p1a: Exeggutor
|
|turn|35
|choice|move 2|switch 3
|
|switch|p2a: Microwavable|Alakazam|108\/313 slp
|move|p1a: Exeggutor|Psychic|p2a: Microwavable|[miss]
|-miss|p1a: Exeggutor
|
|turn|36
|choice|move 4|move 2
|
|cant|p2a: Microwavable|slp
|move|p1a: Exeggutor|Egg Bomb|p2a: Microwavable
|-damage|p2a: Microwavable|0 fnt
|faint|p2a: Microwavable
|choice||switch 6
|
|switch|p2a: Microwavable|Dragonite|151\/385
|turn|37
|choice|switch 4|move 2
|
|switch|p1a: Gengar|Gengar|323\/323
|move|p2a: Microwavable|Wrap|p1a: Gengar|[miss]
|-miss|p2a: Microwavable
|
|turn|38
|choice|move 3|switch 3
|
|switch|p2a: Manazran|Gengar|219\/323
|move|p1a: Gengar|Thunderbolt|p2a: Manazran
|-damage|p2a: Manazran|143\/323
|
|turn|39
|choice|switch 4|move 1
|
|switch|p1a: Exeggutor|Exeggutor|265\/393 par
|move|p2a: Manazran|Hypnosis|p1a: Exeggutor|[miss]
|-miss|p2a: Manazran
|
|turn|40
|c|★HappyEevee|Yep, gg
|choice|move 2|move 2
|
|move|p2a: Manazran|Explosion|p1a: Exeggutor
|-damage|p1a: Exeggutor|37\/393 par
|faint|p2a: Manazran
|choice||switch 4
|
|switch|p2a: Champ1604|Jolteon|333\/333
|turn|41
|choice|switch 6|move 3
|
|switch|p1a: Golem|Golem|363\/363
|move|p2a: Champ1604|Pin Missile|p1a: Golem
|-damage|p1a: Golem|355\/363
|-damage|p1a: Golem|347\/363
|-damage|p1a: Golem|339\/363
|-damage|p1a: Golem|331\/363
|-damage|p1a: Golem|323\/363
|-hitcount|p1a: Golem|5
|
|turn|42
|choice|move 4|switch 5
|
|switch|p2a: Asthmere Sivolisk|Lapras|263\/463
|move|p1a: Golem|Body Slam|p2a: Asthmere Sivolisk
|-damage|p2a: Asthmere Sivolisk|178\/463
|
|turn|43
|choice|switch 3|move 1
|
|switch|p1a: Chansey|Chansey|582\/703
|move|p2a: Asthmere Sivolisk|Blizzard|p1a: Chansey
|-damage|p1a: Chansey|443\/703
|
|turn|44
|choice|move 3|move 4
|
|move|p2a: Asthmere Sivolisk|Confuse Ray|p1a: Chansey
|-start|p1a: Chansey|confusion
|-activate|p1a: Chansey|confusion
|-damage|p1a: Chansey|408\/703|[from] confusion
|
|turn|45
|choice|switch 2|move 3
|
|switch|p1a: Zapdos|Zapdos|383\/383
|move|p2a: Asthmere Sivolisk|Body Slam|p1a: Zapdos
|-damage|p1a: Zapdos|315\/383
|
|turn|46
|choice|move 2|move 4
|
|move|p1a: Zapdos|Thunderbolt|p2a: Asthmere Sivolisk
|-supereffective|p2a: Asthmere Sivolisk
|-damage|p2a: Asthmere Sivolisk|0 fnt
|faint|p2a: Asthmere Sivolisk
|choice||switch 3
|
|switch|p2a: Microwavable|Dragonite|151\/385
|turn|47
|choice|switch 4|move 1
|
|switch|p1a: Gengar|Gengar|323\/323
|move|p2a: Microwavable|Agility|p2a: Microwavable
|-boost|p2a: Microwavable|spe|2
|
|turn|48
|choice|move 3|move 4
|
|move|p2a: Microwavable|Surf|p1a: Gengar
|-damage|p1a: Gengar|259\/323
|move|p1a: Gengar|Thunderbolt|p2a: Microwavable
|-damage|p2a: Microwavable|59\/385
|
|turn|49
|choice|move 3|move 2
|
|move|p2a: Microwavable|Wrap|p1a: Gengar
|-damage|p1a: Gengar|259\/323
|-activate|p1a: Gengar|move: Wrap|[of] p2a: Microwavable
|cant|p1a: Gengar|partiallytrapped
|
|turn|50
|choice|move 3|move 2
|
|move|p2a: Microwavable|Wrap|p1a: Gengar
|-damage|p1a: Gengar|259\/323
|cant|p1a: Gengar|partiallytrapped
|
|turn|51
|choice|move 3|move 2
|
|move|p2a: Microwavable|Wrap|p1a: Gengar
|-damage|p1a: Gengar|259\/323
|cant|p1a: Gengar|partiallytrapped
|
|-end|p1a: Gengar|Wrap|[partiallytrapped]
|turn|52
|choice|move 3|move 2
|
|move|p2a: Microwavable|Wrap|p1a: Gengar
|-damage|p1a: Gengar|259\/323
|-activate|p1a: Gengar|move: Wrap|[of] p2a: Microwavable
|cant|p1a: Gengar|partiallytrapped
|
|turn|53
|choice|move 3|move 2
|
|move|p2a: Microwavable|Wrap|p1a: Gengar
|-damage|p1a: Gengar|259\/323
|cant|p1a: Gengar|partiallytrapped
|
|turn|54
|choice|move 3|move 2
|
|move|p2a: Microwavable|Wrap|p1a: Gengar
|-damage|p1a: Gengar|259\/323
|cant|p1a: Gengar|partiallytrapped
|
|-end|p1a: Gengar|Wrap|[partiallytrapped]
|turn|55
|choice|move 3|move 2
|
|move|p2a: Microwavable|Wrap|p1a: Gengar
|-damage|p1a: Gengar|259\/323
|-activate|p1a: Gengar|move: Wrap|[of] p2a: Microwavable
|cant|p1a: Gengar|partiallytrapped
|
|turn|56
|c|★tr0mb0ner|ill keep this up no prob
|choice|move 3|move 2
|
|move|p2a: Microwavable|Wrap|p1a: Gengar
|-damage|p1a: Gengar|259\/323
|cant|p1a: Gengar|partiallytrapped
|
|turn|57
|choice|move 3|move 2
|
|move|p2a: Microwavable|Wrap|p1a: Gengar
|-damage|p1a: Gengar|259\/323
|cant|p1a: Gengar|partiallytrapped
|
|-end|p1a: Gengar|Wrap|[partiallytrapped]
|turn|58
|c|★HappyEevee|Ik because my PP will get low.
|choice|move 3|switch 2
|
|switch|p2a: HappyEevee|Chansey|703\/703
|move|p1a: Gengar|Thunderbolt|p2a: HappyEevee
|-damage|p2a: HappyEevee|619\/703
|
|turn|59
|c|★HappyEevee|My mouse moved
|c|★HappyEevee|rip
|choice|switch 2|move 3
|
|switch|p1a: Chansey|Chansey|408\/703
|move|p2a: HappyEevee|Thunder Wave|p1a: Chansey
|-status|p1a: Chansey|par
|
|turn|60
|choice|move 1|switch 2
|
|switch|p2a: Microwavable|Dragonite|59\/385
|move|p1a: Chansey|Ice Beam|p2a: Microwavable
|-crit|p2a: Microwavable
|-supereffective|p2a: Microwavable
|-damage|p2a: Microwavable|0 fnt
|faint|p2a: Microwavable
|choice||switch 5
|
|switch|p2a: Champ1604|Jolteon|333\/333
|turn|61
|choice|switch 3|move 4
|
|switch|p1a: Golem|Golem|323\/363
|move|p2a: Champ1604|Double Kick|p1a: Golem
|-crit|p1a: Golem
|-supereffective|p1a: Golem
|-damage|p1a: Golem|259\/363
|-damage|p1a: Golem|195\/363
|-hitcount|p1a: Golem|2
|
|turn|62
|choice|move 2|move 4
|
|move|p2a: Champ1604|Double Kick|p1a: Golem
|-supereffective|p1a: Golem
|-damage|p1a: Golem|164\/363
|-damage|p1a: Golem|133\/363
|-hitcount|p1a: Golem|2
|move|p1a: Golem|Earthquake|p2a: Champ1604
|-supereffective|p2a: Champ1604
|-damage|p2a: Champ1604|0 fnt
|faint|p2a: Champ1604
|choice||switch 2
|
|switch|p2a: HappyEevee|Chansey|619\/703
|turn|63
|choice|switch 3|move 1
|
|switch|p1a: Chansey|Chansey|408\/703 par
|move|p2a: HappyEevee|Ice Beam|p1a: Chansey
|-damage|p1a: Chansey|329\/703 par
|
|turn|64
|choice|move 4|move 4
|
|move|p2a: HappyEevee|Thunderbolt|p1a: Chansey
|-damage|p1a: Chansey|256\/703 par
|move|p1a: Chansey|Soft-Boiled|p1a: Chansey
|-heal|p1a: Chansey|607\/703 par
|
|turn|65
|choice|move 1|move 4
|
|move|p2a: HappyEevee|Thunderbolt|p1a: Chansey
|-damage|p1a: Chansey|536\/703 par
|move|p1a: Chansey|Ice Beam|p2a: HappyEevee
|-damage|p2a: HappyEevee|540\/703
|
|turn|66
|choice|move 1|move 4
|
|move|p2a: HappyEevee|Thunderbolt|p1a: Chansey
|-damage|p1a: Chansey|456\/703 par
|move|p1a: Chansey|Ice Beam|p2a: HappyEevee
|-damage|p2a: HappyEevee|465\/703
|
|turn|67
|choice|move 4|move 4
|
|move|p2a: HappyEevee|Thunderbolt|p1a: Chansey
|-damage|p1a: Chansey|385\/703 par
|move|p1a: Chansey|Soft-Boiled|p1a: Chansey
|-heal|p1a: Chansey|703\/703 par
|
|turn|68
|choice|move 1|move 4
|
|move|p2a: HappyEevee|Thunderbolt|p1a: Chansey
|-damage|p1a: Chansey|624\/703 par
|move|p1a: Chansey|Ice Beam|p2a: HappyEevee
|-damage|p2a: HappyEevee|386\/703
|
|turn|69
|choice|move 1|move 2
|
|move|p2a: HappyEevee|Soft-Boiled|p2a: HappyEevee
|-heal|p2a: HappyEevee|703\/703
|move|p1a: Chansey|Ice Beam|p2a: HappyEevee
|-damage|p2a: HappyEevee|634\/703
|
|turn|70
|choice|move 1|move 1
|
|move|p2a: HappyEevee|Ice Beam|p1a: Chansey
|-damage|p1a: Chansey|544\/703 par
|move|p1a: Chansey|Ice Beam|p2a: HappyEevee
|-damage|p2a: HappyEevee|555\/703
|
|turn|71
|choice|move 1|move 4
|
|move|p2a: HappyEevee|Thunderbolt|p1a: Chansey
|-damage|p1a: Chansey|470\/703 par
|cant|p1a: Chansey|par
|
|turn|72
|choice|move 1|move 1
|
|move|p2a: HappyEevee|Ice Beam|p1a: Chansey
|-damage|p1a: Chansey|392\/703 par
|cant|p1a: Chansey|par
|
|turn|73
|choice|move 4|move 1
|
|move|p2a: HappyEevee|Ice Beam|p1a: Chansey
|-damage|p1a: Chansey|320\/703 par
|move|p1a: Chansey|Soft-Boiled|p1a: Chansey
|-heal|p1a: Chansey|671\/703 par
|
|turn|74
|choice|move 1|move 1
|
|move|p2a: HappyEevee|Ice Beam|p1a: Chansey
|-damage|p1a: Chansey|599\/703 par
|move|p1a: Chansey|Ice Beam|p2a: HappyEevee
|-damage|p2a: HappyEevee|476\/703
|
|turn|75
|choice|move 1|move 1
|
|move|p2a: HappyEevee|Ice Beam|p1a: Chansey
|-damage|p1a: Chansey|528\/703 par
|move|p1a: Chansey|Ice Beam|p2a: HappyEevee
|-damage|p2a: HappyEevee|403\/703
|
|turn|76
|choice|move 1|move 1
|
|move|p2a: HappyEevee|Ice Beam|p1a: Chansey
|-damage|p1a: Chansey|453\/703 par
|move|p1a: Chansey|Ice Beam|p2a: HappyEevee
|-damage|p2a: HappyEevee|335\/703
|
|turn|77
|choice|move 1|move 2
|
|move|p2a: HappyEevee|Soft-Boiled|p2a: HappyEevee
|-heal|p2a: HappyEevee|686\/703
|move|p1a: Chansey|Ice Beam|p2a: HappyEevee
|-damage|p2a: HappyEevee|612\/703
|
|turn|78
|choice|move 4|move 1
|
|move|p2a: HappyEevee|Ice Beam|p1a: Chansey
|-damage|p1a: Chansey|378\/703 par
|move|p1a: Chansey|Soft-Boiled|p1a: Chansey
|-heal|p1a: Chansey|703\/703 par
|
|turn|79
|choice|move 1|move 1
|
|move|p2a: HappyEevee|Ice Beam|p1a: Chansey
|-damage|p1a: Chansey|630\/703 par
|move|p1a: Chansey|Ice Beam|p2a: HappyEevee
|-damage|p2a: HappyEevee|542\/703
|
|turn|80
|choice|move 1|move 2
|
|move|p2a: HappyEevee|Soft-Boiled|p2a: HappyEevee
|-heal|p2a: HappyEevee|703\/703
|cant|p1a: Chansey|par
|
|turn|81
|choice|move 1|move 1
|
|move|p2a: HappyEevee|Ice Beam|p1a: Chansey
|-damage|p1a: Chansey|553\/703 par
|move|p1a: Chansey|Ice Beam|p2a: HappyEevee
|-damage|p2a: HappyEevee|629\/703
|
|turn|82
|choice|move 1|move 1
|
|move|p2a: HappyEevee|Ice Beam|p1a: Chansey
|-damage|p1a: Chansey|485\/703 par
|cant|p1a: Chansey|par
|
|turn|83
|choice|move 1|move 1
|
|move|p2a: HappyEevee|Ice Beam|p1a: Chansey
|-damage|p1a: Chansey|408\/703 par
|move|p1a: Chansey|Ice Beam|p2a: HappyEevee
|-crit|p2a: HappyEevee
|-damage|p2a: HappyEevee|496\/703
|
|turn|84
|choice|move 4|move 4
|
|move|p2a: HappyEevee|Thunderbolt|p1a: Chansey
|-damage|p1a: Chansey|340\/703 par
|move|p1a: Chansey|Soft-Boiled|p1a: Chansey
|-heal|p1a: Chansey|691\/703 par
|
|turn|85
|choice|move 1|move 2
|
|move|p2a: HappyEevee|Soft-Boiled|p2a: HappyEevee
|-heal|p2a: HappyEevee|703\/703
|move|p1a: Chansey|Ice Beam|p2a: HappyEevee
|-damage|p2a: HappyEevee|627\/703
|
|turn|86
|choice|move 1|move 1
|
|move|p2a: HappyEevee|Ice Beam|p1a: Chansey
|-damage|p1a: Chansey|610\/703 par
|move|p1a: Chansey|Ice Beam|p2a: HappyEevee
|-damage|p2a: HappyEevee|553\/703
|
|turn|87
|choice|move 1|move 4
|
|move|p2a: HappyEevee|Thunderbolt|p1a: Chansey
|-damage|p1a: Chansey|539\/703 par
|move|p1a: Chansey|Ice Beam|p2a: HappyEevee
|-damage|p2a: HappyEevee|481\/703
|
|turn|88
|choice|move 2|move 2
|
|move|p2a: HappyEevee|Soft-Boiled|p2a: HappyEevee
|-heal|p2a: HappyEevee|703\/703
|move|p1a: Chansey|Thunder Wave|p2a: HappyEevee
|-status|p2a: HappyEevee|par
|
|turn|89
|choice|move 3|move 1
|
|move|p1a: Chansey|Thunderbolt|p2a: HappyEevee
|-damage|p2a: HappyEevee|625\/703 par
|cant|p2a: HappyEevee|par
|
|turn|90
|choice|move 3|move 4
|
|move|p1a: Chansey|Thunderbolt|p2a: HappyEevee
|-damage|p2a: HappyEevee|555\/703 par
|move|p2a: HappyEevee|Thunderbolt|p1a: Chansey
|-damage|p1a: Chansey|470\/703 par
|
|turn|91
|choice|move 3|move 1
|
|move|p1a: Chansey|Thunderbolt|p2a: HappyEevee
|-crit|p2a: HappyEevee
|-damage|p2a: HappyEevee|422\/703 par
|move|p2a: HappyEevee|Ice Beam|p1a: Chansey
|-damage|p1a: Chansey|390\/703 par
|
|turn|92
|choice|move 3|move 2
|
|move|p2a: HappyEevee|Soft-Boiled|p2a: HappyEevee
|-heal|p2a: HappyEevee|703\/703 par
|move|p1a: Chansey|Thunderbolt|p2a: HappyEevee
|-damage|p2a: HappyEevee|629\/703 par
|
|turn|93
|choice|move 3|move 2
|
|move|p1a: Chansey|Thunderbolt|p2a: HappyEevee
|-damage|p2a: HappyEevee|552\/703 par
|move|p2a: HappyEevee|Soft-Boiled|p2a: HappyEevee
|-heal|p2a: HappyEevee|703\/703 par
|
|turn|94
|choice|switch 2|move 4
|
|switch|p1a: Gengar|Gengar|259\/323
|move|p2a: HappyEevee|Thunderbolt|p1a: Gengar
|-damage|p1a: Gengar|197\/323
|-status|p1a: Gengar|par
|
|turn|95
|choice|move 4|move 2
|
|cant|p1a: Gengar|par
|move|p2a: HappyEevee|Soft-Boiled|p2a: HappyEevee
|-fail|p2a: HappyEevee
|
|turn|96
|choice|move 4|move 2
|
|cant|p1a: Gengar|par
|cant|p2a: HappyEevee|par
|
|turn|97
|choice|move 4|move 2
|
|move|p1a: Gengar|Explosion|p2a: HappyEevee
|-crit|p2a: HappyEevee
|-damage|p2a: HappyEevee|0 fnt
|faint|p2a: HappyEevee
|faint|p1a: Gengar
|
|win|tr0mb0ner
|raw|tr0mb0ner's rating: 1270 &rarr; <strong>1281<\/strong><br \/>(+11 for winning)
|raw|HappyEevee's rating: 1043 &rarr; <strong>1036<\/strong><br \/>(-7 for losing)
|c|★HappyEevee|gg
|l|tr0mb0ner
|player|p1