|j|RocketSC
|j|Stuckle
|player|p1|RocketSC|210
|player|p2|Stuckle|120
|gametype|singles
|gen|1
|tier|[Gen 1] OU
|rated
|seed|
|rule|Sleep Clause Mod: Limit one foe put to sleep
|rule|Freeze Clause Mod: Limit one foe frozen
|rule|Species Clause: Limit one of each Pokémon
|rule|OHKO Clause: OHKO moves are banned
|rule|Evasion Moves Clause: Evasion moves are banned
|rule|HP Percentage Mod: HP is shown in percentages
|
|start
|switch|p1a: Jolteon|Jolteon|100\/100
|switch|p2a: Gengar|Gengar|100\/100
|turn|1
|j|cedsa
|choice||
|
|move|p1a: Jolteon|Thunder Wave|p2a: Gengar
|-status|p2a: Gengar|par
|move|p2a: Gengar|Night Shade|p1a: Jolteon
|-damage|p1a: Jolteon|70\/100
|
|turn|2
|choice||
|
|switch|p1a: Snorlax|Snorlax|100\/100
|move|p2a: Gengar|Hypnosis|p1a: Snorlax
|-status|p1a: Snorlax|slp
|
|turn|3
|choice||
|
|switch|p1a: Tauros|Tauros|100\/100
|move|p2a: Gengar|Psychic|p1a: Tauros
|-crit|p1a: Tauros
|-damage|p1a: Tauros|42\/100
|
|turn|4
|choice||
|
|move|p1a: Tauros|Earthquake|p2a: Gengar
|-supereffective|p2a: Gengar
|-damage|p2a: Gengar|31\/100 par
|move|p2a: Gengar|Psychic|p1a: Tauros
|-damage|p1a: Tauros|12\/100
|
|turn|5
|choice||
|
|move|p1a: Tauros|Earthquake|p2a: Gengar
|-supereffective|p2a: Gengar
|-damage|p2a: Gengar|0 fnt
|faint|p2a: Gengar
|choice||
|
|switch|p2a: Alakazam|Alakazam|100\/100
|turn|6
|choice||
|
|switch|p1a: Snorlax|Snorlax|100\/100 slp
|move|p2a: Alakazam|Psychic|p1a: Snorlax
|-damage|p1a: Snorlax|70\/100 slp
|-unboost|p1a: Snorlax|spd|1
|-unboost|p1a: Snorlax|spa|1
|
|turn|7
|choice||
|
|switch|p1a: Slowbro|Slowbro|100\/100
|move|p2a: Alakazam|Psybeam|p1a: Slowbro
|-resisted|p1a: Slowbro
|-damage|p1a: Slowbro|85\/100
|
|turn|8
|choice||
|
|move|p2a: Alakazam|Tri Attack|p1a: Slowbro
|-damage|p1a: Slowbro|75\/100
|move|p1a: Slowbro|Thunder Wave|p2a: Alakazam
|-status|p2a: Alakazam|par
|
|turn|9
|choice||
|
|move|p1a: Slowbro|Amnesia|p1a: Slowbro
|-boost|p1a: Slowbro|spd|2
|-boost|p1a: Slowbro|spa|2
|cant|p2a: Alakazam|par
|
|turn|10
|choice||
|
|move|p1a: Slowbro|Amnesia|p1a: Slowbro
|-boost|p1a: Slowbro|spd|2
|-boost|p1a: Slowbro|spa|2
|move|p2a: Alakazam|Psychic|p1a: Slowbro
|-resisted|p1a: Slowbro
|-damage|p1a: Slowbro|69\/100
|-unboost|p1a: Slowbro|spd|1
|-unboost|p1a: Slowbro|spa|1
|
|turn|11
|choice||
|
|move|p1a: Slowbro|Surf|p2a: Alakazam
|-damage|p2a: Alakazam|41\/100 par
|move|p2a: Alakazam|Psychic|p1a: Slowbro
|-resisted|p1a: Slowbro
|-damage|p1a: Slowbro|62\/100
|
|turn|12
|choice||
|
|move|p1a: Slowbro|Surf|p2a: Alakazam
|-damage|p2a: Alakazam|0 fnt
|faint|p2a: Alakazam
|choice||
|
|switch|p2a: Blastoise|Blastoise|100\/100
|turn|13
|choice||
|
|move|p2a: Blastoise|Earthquake|p1a: Slowbro
|-damage|p1a: Slowbro|46\/100
|move|p1a: Slowbro|Thunder Wave|p2a: Blastoise
|-status|p2a: Blastoise|par
|
|turn|14
|choice||
|
|move|p1a: Slowbro|Amnesia|p1a: Slowbro
|-boost|p1a: Slowbro|spd|2
|-boost|p1a: Slowbro|spa|2
|cant|p2a: Blastoise|par
|
|turn|15
|choice||
|
|move|p1a: Slowbro|Amnesia|p1a: Slowbro
|-boost|p1a: Slowbro|spd|2
|-boost|p1a: Slowbro|spa|2
|move|p2a: Blastoise|Hydro Pump|p1a: Slowbro
|-resisted|p1a: Slowbro
|-damage|p1a: Slowbro|41\/100
|
|turn|16
|choice||
|
|move|p1a: Slowbro|Surf|p2a: Blastoise
|-resisted|p2a: Blastoise
|-damage|p2a: Blastoise|46\/100 par
|move|p2a: Blastoise|Hydro Pump|p1a: Slowbro
|-resisted|p1a: Slowbro
|-damage|p1a: Slowbro|36\/100
|
|turn|17
|choice||
|
|move|p1a: Slowbro|Surf|p2a: Blastoise
|-resisted|p2a: Blastoise
|-damage|p2a: Blastoise|0 fnt
|faint|p2a: Blastoise
|j|LeInf
|choice||
|
|switch|p2a: Dragonite|Dragonite|100\/100
|turn|18
|choice||
|
|move|p2a: Dragonite|Thunderbolt|p1a: Slowbro
|-supereffective|p1a: Slowbro
|-damage|p1a: Slowbro|24\/100
|move|p1a: Slowbro|Thunder Wave|p2a: Dragonite
|-status|p2a: Dragonite|par
|
|turn|19
|choice||
|
|move|p1a: Slowbro|Rest|p1a: Slowbro
|-status|p1a: Slowbro|slp
|-heal|p1a: Slowbro|100\/100 slp|[silent]
|-status|p1a: Slowbro|slp|[from] move: Rest
|move|p2a: Dragonite|Toxic|p1a: Slowbro
|-fail|p1a: Slowbro
|
|turn|20
|l|LeInf
|choice||
|
|cant|p1a: Slowbro|slp
|move|p2a: Dragonite|Fire Blast|p1a: Slowbro
|-resisted|p1a: Slowbro
|-damage|p1a: Slowbro|97\/100 slp
|
|turn|21
|choice||
|
|-curestatus|p1a: Slowbro|slp
|move|p2a: Dragonite|Thunderbolt|p1a: Slowbro
|-supereffective|p1a: Slowbro
|-damage|p1a: Slowbro|86\/100
|
|turn|22
|choice||
|
|move|p1a: Slowbro|Surf|p2a: Dragonite
|-resisted|p2a: Dragonite
|-damage|p2a: Dragonite|53\/100 par
|move|p2a: Dragonite|Toxic|p1a: Slowbro|[miss]
|-miss|p2a: Dragonite
|
|turn|23
|choice||
|
|move|p1a: Slowbro|Surf|p2a: Dragonite
|-resisted|p2a: Dragonite
|-damage|p2a: Dragonite|4\/100 par
|move|p2a: Dragonite|Blizzard|p1a: Slowbro
|-resisted|p1a: Slowbro
|-damage|p1a: Slowbro|82\/100
|
|turn|24
|choice||
|
|move|p1a: Slowbro|Surf|p2a: Dragonite
|-resisted|p2a: Dragonite
|-damage|p2a: Dragonite|0 fnt
|faint|p2a: Dragonite
|choice||
|
|switch|p2a: Starmie|Starmie|100\/100
|turn|25
|choice||
|
|move|p2a: Starmie|Thunder Wave|p1a: Slowbro
|-status|p1a: Slowbro|par
|move|p1a: Slowbro|Thunder Wave|p2a: Starmie
|-status|p2a: Starmie|par
|
|turn|26
|choice||
|
|move|p2a: Starmie|Hydro Pump|p1a: Slowbro
|-crit|p1a: Slowbro
|-resisted|p1a: Slowbro
|-damage|p1a: Slowbro|43\/100 par
|cant|p1a: Slowbro|par
|
|turn|27
|choice||
|
|move|p2a: Starmie|Hydro Pump|p1a: Slowbro|[miss]
|-miss|p2a: Starmie
|move|p1a: Slowbro|Rest|p1a: Slowbro
|-status|p1a: Slowbro|slp
|-heal|p1a: Slowbro|100\/100 slp|[silent]
|-status|p1a: Slowbro|slp|[from] move: Rest
|
|turn|28
|choice||
|
|move|p2a: Starmie|Hydro Pump|p1a: Slowbro|[miss]
|-miss|p2a: Starmie
|cant|p1a: Slowbro|slp
|
|turn|29
|choice||
|
|move|p2a: Starmie|Hydro Pump|p1a: Slowbro
|-resisted|p1a: Slowbro
|-damage|p1a: Slowbro|95\/100 slp
|-curestatus|p1a: Slowbro|slp
|
|turn|30
|choice||
|
|cant|p2a: Starmie|par
|move|p1a: Slowbro|Surf|p2a: Starmie
|-resisted|p2a: Starmie
|-damage|p2a: Starmie|42\/100 par
|
|turn|31
|choice||
|
|move|p2a: Starmie|Recover|p2a: Starmie
|-heal|p2a: Starmie|92\/100 par
|move|p1a: Slowbro|Surf|p2a: Starmie
|-resisted|p2a: Starmie
|-damage|p2a: Starmie|31\/100 par
|
|turn|32
|choice||
|
|move|p2a: Starmie|Recover|p2a: Starmie
|-heal|p2a: Starmie|81\/100 par
|move|p1a: Slowbro|Surf|p2a: Starmie
|-resisted|p2a: Starmie
|-damage|p2a: Starmie|23\/100 par
|
|turn|33
|-message|Stuckle forfeited.
|
|win|RocketSC
|player|p1
|player|p2
|l|Stuckle
|raw|RocketSC's rating: 1049 &rarr; <strong>1077<\/strong><br \/>(+28 for winning)
|raw|Stuckle's rating: 1000 &rarr; <strong>1000<\/strong><br \/>(+0 for losing)
|l|cedsa