|join|123onetwothreeleaf
|join|Sphenodon
|player|p1|123onetwothreeleaf|250
|player|p2|Sphenodon|169
|gametype|singles
|gen|1
|tier|[Gen 1] Random Battle
|rated
|rule|Sleep Clause Mod: Limit one foe put to sleep
|rule|Freeze Clause Mod: Limit one foe frozen
|rule|HP Percentage Mod: HP is shown in percentages
|
|start
|switch|p1a: Nidoqueen|Nidoqueen, L85|327\/327
|switch|p2a: Lickitung|Lickitung, L85|327\/327
|turn|1
|
|move|p1a: Nidoqueen|Earthquake|p2a: Lickitung
|-damage|p2a: Lickitung|212\/327
|move|p2a: Lickitung|Swords Dance|p2a: Lickitung
|-boost|p2a: Lickitung|atk|2
|
|turn|2
|
|move|p1a: Nidoqueen|Earthquake|p2a: Lickitung
|-damage|p2a: Lickitung|104\/327
|move|p2a: Lickitung|Earthquake|p1a: Nidoqueen
|-supereffective|p1a: Nidoqueen
|-damage|p1a: Nidoqueen|119\/327
|
|turn|3
|
|move|p1a: Nidoqueen|Earthquake|p2a: Lickitung
|-damage|p2a: Lickitung|0 fnt
|faint|p2a: Lickitung
|
|switch|p2a: Primeape|Primeape, L85|284\/284
|turn|4
|
|move|p2a: Primeape|Body Slam|p1a: Nidoqueen
|-damage|p1a: Nidoqueen|52\/327
|move|p1a: Nidoqueen|Thunderbolt|p2a: Primeape
|-damage|p2a: Primeape|213\/284
|-status|p2a: Primeape|par
|
|turn|5
|
|move|p1a: Nidoqueen|Thunder|p2a: Primeape
|-damage|p2a: Primeape|121\/284 par
|move|p2a: Primeape|Body Slam|p1a: Nidoqueen
|-damage|p1a: Nidoqueen|0 fnt
|faint|p1a: Nidoqueen
|
|switch|p1a: Venusaur|Venusaur, L85|310\/310
|turn|6
|
|move|p1a: Venusaur|Leech Seed|p2a: Primeape
|-start|p2a: Primeape|move: Leech Seed
|move|p2a: Primeape|Hyper Beam|p1a: Venusaur
|-crit|p1a: Venusaur
|-damage|p1a: Venusaur|69\/310
|-damage|p2a: Primeape|104\/284 par|[from] Leech Seed|[of] p1a: Venusaur
|-heal|p1a: Venusaur|86\/310|[silent]
|
|turn|7
|
|move|p1a: Venusaur|Sleep Powder|p2a: Primeape
|-status|p2a: Primeape|slp
|cant|p2a: Primeape|slp
|-damage|p2a: Primeape|87\/284 slp|[from] Leech Seed|[of] p1a: Venusaur
|-heal|p1a: Venusaur|103\/310|[silent]
|
|turn|8
|c|★Sphenodon|What is this magic?
|c|★123onetwothreeleaf|I don't know
|
|switch|p2a: Ninetales|Ninetales, L85|298\/298
|move|p1a: Venusaur|Body Slam|p2a: Ninetales
|-damage|p2a: Ninetales|238\/298
|
|turn|9
|c|★Sphenodon|I'm reporting this as a bug when the match ends.
|
|switch|p1a: Dragonair|Dragonair, L85|277\/277
|move|p2a: Ninetales|Fire Blast|p1a: Dragonair
|-resisted|p1a: Dragonair
|-damage|p1a: Dragonair|201\/277
|
|turn|10
|c|★123onetwothreeleaf|?
|
|move|p2a: Ninetales|Confuse Ray|p1a: Dragonair
|-start|p1a: Dragonair|confusion
|-activate|p1a: Dragonair|confusion
|move|p1a: Dragonair|Thunder Wave|p2a: Ninetales
|-status|p2a: Ninetales|par
|
|turn|11
|
|-activate|p1a: Dragonair|confusion
|move|p1a: Dragonair|Body Slam|p2a: Ninetales
|-damage|p2a: Ninetales|181\/298 par
|move|p2a: Ninetales|Toxic|p1a: Dragonair
|-status|p1a: Dragonair|tox
|
|turn|12
|c|★Sphenodon|Or maybe Sleep Powder overwriting paralysis is a normal mecanic?
|c|★123onetwothreeleaf|maybe only in gen 1
|
|-activate|p1a: Dragonair|confusion
|-damage|p1a: Dragonair|166\/277 tox|[from] confusion
|-damage|p1a: Dragonair|149\/277 tox|[from] tox|[of] p2a: Ninetales
|cant|p2a: Ninetales|par
|
|turn|13
|c|★123onetwothreeleaf|I think
|
|switch|p1a: Venusaur|Venusaur, L85|103\/310
|cant|p2a: Ninetales|par
|
|turn|14
|c|★Sphenodon|I doubt that.
|
|move|p1a: Venusaur|Leech Seed|p2a: Ninetales
|-start|p2a: Ninetales|move: Leech Seed
|move|p2a: Ninetales|Fire Blast|p1a: Venusaur
|-crit|p1a: Venusaur
|-supereffective|p1a: Venusaur
|-damage|p1a: Venusaur|0 fnt
|faint|p1a: Venusaur
|
|switch|p1a: Dragonair|Dragonair, L85|149\/277 tox
|-status|p1a: Dragonair|psn
|turn|15
|
|move|p1a: Dragonair|Thunderbolt|p2a: Ninetales
|-damage|p2a: Ninetales|128\/298 par
|-damage|p1a: Dragonair|132\/277 psn|[from] psn|[of] p2a: Ninetales
|move|p2a: Ninetales|Confuse Ray|p1a: Dragonair
|-start|p1a: Dragonair|confusion
|-damage|p2a: Ninetales|110\/298 par|[from] Leech Seed|[of] p1a: Dragonair
|-heal|p1a: Dragonair|150\/277 psn|[silent]
|
|turn|16
|
|switch|p2a: Primeape|Primeape, L85|87\/284 slp
|-activate|p1a: Dragonair|confusion
|-damage|p1a: Dragonair|115\/277 psn|[from] confusion
|-damage|p1a: Dragonair|98\/277 psn|[from] psn|[of] p2a: Primeape
|
|turn|17
|
|cant|p2a: Primeape|slp
|-activate|p1a: Dragonair|confusion
|-damage|p1a: Dragonair|63\/277 psn|[from] confusion
|-damage|p1a: Dragonair|46\/277 psn|[from] psn|[of] p2a: Primeape
|
|turn|18
|
|cant|p2a: Primeape|slp
|-activate|p1a: Dragonair|confusion
|-damage|p1a: Dragonair|11\/277 psn|[from] confusion
|-damage|p1a: Dragonair|0 fnt|[from] psn|[of] p2a: Primeape
|faint|p1a: Dragonair
|
|switch|p1a: Machamp|Machamp, L85|327\/327
|turn|19
|
|switch|p2a: Seadra|Seadra, L85|267\/267
|move|p1a: Machamp|Hyper Beam|p2a: Seadra
|-damage|p2a: Seadra|148\/267
|
|turn|20
|
|move|p2a: Seadra|Hydro Pump|p1a: Machamp
|-damage|p1a: Machamp|168\/327
|cant|p1a: Machamp|recharge
|
|turn|21
|
|move|p2a: Seadra|Blizzard|p1a: Machamp
|-damage|p1a: Machamp|68\/327
|move|p1a: Machamp|Body Slam|p2a: Seadra
|-damage|p2a: Seadra|78\/267
|
|turn|22
|
|switch|p1a: Chansey|Chansey, L79|557\/557
|move|p2a: Seadra|Surf|p1a: Chansey
|-damage|p1a: Chansey|468\/557
|
|turn|23
|
|move|p2a: Seadra|Blizzard|p1a: Chansey
|-damage|p1a: Chansey|392\/557
|move|p1a: Chansey|Thunderbolt|p2a: Seadra
|-supereffective|p2a: Seadra
|-damage|p2a: Seadra|0 fnt
|faint|p2a: Seadra
|
|switch|p2a: Hitmonchan|Hitmonchan, L85|259\/259
|turn|24
|
|move|p2a: Hitmonchan|Submission|p1a: Chansey
|-supereffective|p1a: Chansey
|-damage|p1a: Chansey|0 fnt
|-damage|p2a: Hitmonchan|161\/259|[from] recoil|[of] p1a: Chansey
|faint|p1a: Chansey
|
|switch|p1a: Pidgeotto|Pidgeotto, L85|281\/281
|turn|25
|
|move|p2a: Hitmonchan|Submission|p1a: Pidgeotto
|-damage|p1a: Pidgeotto|164\/281
|-damage|p2a: Hitmonchan|132\/259|[from] recoil|[of] p1a: Pidgeotto
|move|p1a: Pidgeotto|Reflect|p1a: Pidgeotto
|-start|p1a: Pidgeotto|Reflect
|
|turn|26
|
|move|p2a: Hitmonchan|Seismic Toss|p1a: Pidgeotto
|-damage|p1a: Pidgeotto|79\/281
|move|p1a: Pidgeotto|Sky Attack|p2a: Hitmonchan|[still]
|-prepare|p1a: Pidgeotto|Sky Attack|p2a: Hitmonchan
|
|turn|27
|
|move|p2a: Hitmonchan|Seismic Toss|p1a: Pidgeotto
|-damage|p1a: Pidgeotto|0 fnt
|faint|p1a: Pidgeotto
|
|switch|p1a: Machamp|Machamp, L85|68\/327
|turn|28
|c|★Sphenodon|gg
|c|★123onetwothreeleaf|gg
|
|move|p2a: Hitmonchan|Body Slam|p1a: Machamp
|-damage|p1a: Machamp|0 fnt
|faint|p1a: Machamp
|
|win|Sphenodon
|raw|Ladder updating...
|raw|123onetwothreeleaf's rating: 1120 &rarr; <strong>1100<\/strong><br \/>(-20 for losing)
|raw|Sphenodon's rating: 1191 &rarr; <strong>1211<\/strong><br \/>(+20 for winning)
|leave|123onetwothreeleaf
|player|p1