|j|Mr.378
|j|Enigami
|player|p1|Mr.378|267
|player|p2|Enigami|101
|gametype|singles
|gen|1
|tier|[Gen 1] OU
|seed|21346,51076,59816,36115
|rule|Sleep Clause Mod: Limit one foe put to sleep
|rule|Freeze Clause Mod: Limit one foe frozen
|rule|Species Clause: Limit one of each Pokémon
|rule|OHKO Clause: OHKO moves are banned
|rule|Evasion Moves Clause: Evasion moves are banned
|rule|HP Percentage Mod: HP is shown in percentages
|
|start
|switch|p1a: Alakazam|Alakazam|313\/313
|switch|p2a: Jolteon|Jolteon|333\/333
|turn|1
|choice|switch 6|switch 4
|
|switch|p2a: Chansey|Chansey|703\/703
|switch|p1a: Golem|Golem|363\/363
|
|turn|2
|choice|switch 4|move 1
|
|switch|p1a: Exeggutor|Exeggutor|393\/393
|move|p2a: Chansey|Ice Beam|p1a: Exeggutor
|-supereffective|p1a: Exeggutor
|-damage|p1a: Exeggutor|264\/393
|
|turn|3
|choice|move 3|switch 4
|
|switch|p2a: Jolteon|Jolteon|333\/333
|move|p1a: Exeggutor|Sleep Powder|p2a: Jolteon|[miss]
|-miss|p1a: Exeggutor
|
|turn|4
|choice|move 3|move 2
|
|move|p2a: Jolteon|Pin Missile|p1a: Exeggutor
|-crit|p1a: Exeggutor
|-supereffective|p1a: Exeggutor
|-damage|p1a: Exeggutor|181\/393
|-damage|p1a: Exeggutor|98\/393
|-hitcount|p1a: Exeggutor|2
|move|p1a: Exeggutor|Sleep Powder|p2a: Jolteon
|-status|p2a: Jolteon|slp
|
|turn|5
|j|user zf
|choice|move 1|move 2
|
|cant|p2a: Jolteon|slp
|move|p1a: Exeggutor|Psychic|p2a: Jolteon
|-damage|p2a: Jolteon|217\/333 slp
|-unboost|p2a: Jolteon|spd|1
|-unboost|p2a: Jolteon|spa|1
|
|turn|6
|choice|move 1|switch 5
|
|switch|p2a: Exeggutor|Exeggutor|393\/393
|move|p1a: Exeggutor|Psychic|p2a: Exeggutor
|-resisted|p2a: Exeggutor
|-damage|p2a: Exeggutor|339\/393
|-unboost|p2a: Exeggutor|spd|1
|-unboost|p2a: Exeggutor|spa|1
|
|turn|7
|choice|move 1|switch 5
|
|switch|p2a: Jolteon|Jolteon|217\/333 slp
|move|p1a: Exeggutor|Psychic|p2a: Jolteon
|-damage|p2a: Jolteon|103\/333 slp
|
|turn|8
|choice|move 1|switch 5
|
|switch|p2a: Exeggutor|Exeggutor|339\/393
|move|p1a: Exeggutor|Psychic|p2a: Exeggutor
|-resisted|p2a: Exeggutor
|-damage|p2a: Exeggutor|282\/393
|
|turn|9
|choice|move 2|move 3
|
|move|p1a: Exeggutor|Explosion|p2a: Exeggutor
|-damage|p2a: Exeggutor|12\/393
|faint|p1a: Exeggutor
|c|★Enigami|GAH
|choice|switch 6|
|
|switch|p1a: Alakazam|Alakazam|313\/313
|turn|10
|c|★Enigami|I'm horrible at predicting explosion turns.
|c|★Mr.378|Low roll there
|choice|move 1|switch 4
|
|switch|p2a: Chansey|Chansey|703\/703
|move|p1a: Alakazam|Psychic|p2a: Chansey
|-damage|p2a: Chansey|574\/703
|
|turn|11
|choice|switch 2|move 3
|
|switch|p1a: Chansey|Chansey|703\/703
|move|p2a: Chansey|Thunder Wave|p1a: Chansey
|-status|p1a: Chansey|par
|
|turn|12
|c|★Enigami|Not sure what I was thinking there.
|choice|move 2|switch 5
|
|switch|p2a: Jolteon|Jolteon|103\/333 slp
|move|p1a: Chansey|Ice Beam|p2a: Jolteon
|-damage|p2a: Jolteon|28\/333 slp
|
|turn|13
|c| user zf|378 rby me after this y\/n?
|c|★Mr.378|Maybe
|choice|move 2|move 1
|
|cant|p2a: Jolteon|slp
|move|p1a: Chansey|Ice Beam|p2a: Jolteon
|-damage|p2a: Jolteon|0 fnt
|faint|p2a: Jolteon
|choice||switch 4
|
|switch|p2a: Exeggutor|Exeggutor|12\/393
|turn|14
|choice|move 2|move 1
|
|move|p2a: Exeggutor|Sleep Powder|p1a: Chansey
|-fail|p1a: Chansey
|cant|p1a: Chansey|par
|
|turn|15
|choice|move 2|move 4
|
|move|p2a: Exeggutor|Explosion|p1a: Chansey
|-damage|p1a: Chansey|0 fnt
|faint|p1a: Chansey
|faint|p2a: Exeggutor
|c|★Mr.378|Hax
|choice|switch 4|switch 5
|
|switch|p2a: Chansey|Chansey|574\/703
|switch|p1a: Golem|Golem|363\/363
|turn|16
|choice|switch 2|move 1
|
|switch|p1a: Alakazam|Alakazam|313\/313
|move|p2a: Chansey|Ice Beam|p1a: Alakazam
|-damage|p1a: Alakazam|256\/313
|
|turn|17
|choice|move 2|move 3
|
|move|p1a: Alakazam|Thunder Wave|p2a: Chansey
|-status|p2a: Chansey|par
|move|p2a: Chansey|Thunder Wave|p1a: Alakazam
|-status|p1a: Alakazam|par
|
|turn|18
|choice|move 1|move 1
|
|move|p1a: Alakazam|Psychic|p2a: Chansey
|-damage|p2a: Chansey|446\/703 par
|-unboost|p2a: Chansey|spd|1
|-unboost|p2a: Chansey|spa|1
|cant|p2a: Chansey|par
|
|turn|19
|choice|switch 3|move 4
|
|switch|p1a: Snorlax|Snorlax|523\/523
|move|p2a: Chansey|Soft-Boiled|p2a: Chansey
|-heal|p2a: Chansey|703\/703 par
|
|turn|20
|choice|move 1|move 3
|
|move|p1a: Snorlax|Body Slam|p2a: Chansey
|-damage|p2a: Chansey|395\/703 par
|move|p2a: Chansey|Thunder Wave|p1a: Snorlax
|-status|p1a: Snorlax|par
|
|turn|21
|choice|switch 2|switch 3
|
|switch|p1a: Golem|Golem|363\/363
|switch|p2a: Snorlax|Snorlax|523\/523
|
|turn|22
|choice|move 1|move 2
|
|move|p1a: Golem|Earthquake|p2a: Snorlax
|-damage|p2a: Snorlax|353\/523
|move|p2a: Snorlax|Earthquake|p1a: Golem
|-supereffective|p1a: Golem
|-damage|p1a: Golem|225\/363
|
|turn|23
|choice|move 1|move 2
|
|move|p1a: Golem|Earthquake|p2a: Snorlax
|-damage|p2a: Snorlax|191\/523
|move|p2a: Snorlax|Earthquake|p1a: Golem
|-supereffective|p1a: Golem
|-damage|p1a: Golem|81\/363
|
|turn|24
|choice|switch 5|switch 2
|
|switch|p1a: Tauros|Tauros|353\/353
|switch|p2a: Moltres|Moltres|383\/383
|
|turn|25
|c| user zf|piex team?
|c|★Enigami|Maybe, got it way back in a Battle Factory tournament and loved it so kept using it.
|choice|move 1|move 1
|
|move|p1a: Tauros|Body Slam|p2a: Moltres
|-damage|p2a: Moltres|274\/383
|-status|p2a: Moltres|par
|move|p2a: Moltres|Fire Blast|p1a: Tauros
|-damage|p1a: Tauros|142\/353
|
|turn|26
|choice|switch 5|move 4
|
|switch|p1a: Golem|Golem|81\/363
|move|p2a: Moltres|Agility|p2a: Moltres
|-boost|p2a: Moltres|spe|2
|
|turn|27
|choice|move 2|move 1
|
|move|p2a: Moltres|Fire Blast|p1a: Golem|[miss]
|-miss|p2a: Moltres
|move|p1a: Golem|Rock Slide|p2a: Moltres
|-supereffective|p2a: Moltres
|-damage|p2a: Moltres|0 fnt
|faint|p2a: Moltres
|c|★Enigami|NOOOO
|c|★Mr.378|lol
|c|★Enigami|Fricking Moltres has been choking so hard these past few games.
|choice||switch 6
|
|switch|p2a: Tauros|Tauros|353\/353
|turn|28
|choice|switch 3|move 3
|
|switch|p1a: Alakazam|Alakazam|256\/313 par
|move|p2a: Tauros|Earthquake|p1a: Alakazam
|-damage|p1a: Alakazam|130\/313 par
|
|turn|29
|choice|move 2|move 1
|
|move|p2a: Tauros|Body Slam|p1a: Alakazam
|-damage|p1a: Alakazam|0 fnt
|faint|p1a: Alakazam
|choice|switch 2|
|
|switch|p1a: Snorlax|Snorlax|523\/523 par
|turn|30
|choice|move 1|switch 3
|
|switch|p2a: Chansey|Chansey|395\/703 par
|move|p1a: Snorlax|Body Slam|p2a: Chansey
|-damage|p2a: Chansey|122\/703 par
|
|turn|31
|choice|move 2|move 4
|
|move|p2a: Chansey|Soft-Boiled|p2a: Chansey
|-heal|p2a: Chansey|473\/703 par
|move|p1a: Snorlax|Hyper Beam|p2a: Chansey
|-damage|p2a: Chansey|0 fnt
|faint|p2a: Chansey
|choice||switch 2
|
|switch|p2a: Snorlax|Snorlax|191\/523
|turn|32
|choice|switch 3|move 4
|
|switch|p1a: Golem|Golem|81\/363
|move|p2a: Snorlax|Self-Destruct|p1a: Golem
|-resisted|p1a: Golem
|-damage|p1a: Golem|0 fnt
|faint|p1a: Golem
|faint|p2a: Snorlax
|c|★Enigami|AGH
|c|★Enigami|ALWAYS
|c|★Enigami|WITH
|c|★Enigami|THE
|c|★Enigami|FRICKIN
|c|★Enigami|EXPLOSIONS
|c|★Enigami|NEVER
|c|★Enigami|GET
|c|★Enigami|IT
|c|★Enigami|RIGHT
|c|★Enigami|ONCE
|c|★Mr.378|It was your best way to win
|c|★Mr.378|I'm a legendary gscer = Legendary boom senses
|c|★Enigami|Guess the problem is I don't know how you play.
|choice|switch 3|switch 3
|
|switch|p2a: Tauros|Tauros|353\/353
|switch|p1a: Snorlax|Snorlax|523\/523 par
|turn|33
|c|★Enigami|I knew switching to Golem would be a good choice, but didn't know what kind of choice you'd make.
|choice|move 1|move 1
|
|move|p2a: Tauros|Body Slam|p1a: Snorlax
|-damage|p1a: Snorlax|395\/523 par
|cant|p1a: Snorlax|par
|
|turn|34
|choice|move 1|move 2
|
|move|p2a: Tauros|Hyper Beam|p1a: Snorlax
|-damage|p1a: Snorlax|170\/523 par
|move|p1a: Snorlax|Body Slam|p2a: Tauros
|-damage|p2a: Tauros|234\/353
|
|turn|35
|-mustrecharge|p2a: Tauros
|c|★Enigami|Argh
|-mustrecharge|p2a: Tauros
|choice|move 4|move 1
|
|cant|p2a: Tauros|recharge
|move|p1a: Snorlax|Self-Destruct|p2a: Tauros
|-damage|p2a: Tauros|0 fnt
|faint|p2a: Tauros
|faint|p1a: Snorlax
|
|win|Mr.378
|player|p1
|player|p2
|c|★Mr.378|There
|c|★Mr.378|gg
|c|★Enigami|Fricking garbage