|j|Bartok
|j|Regdrags
|player|p1|Bartok|1
|player|p2|Regdrags|70
|gametype|singles
|gen|1
|tier|[Gen 1] Random Battle
|rated
|seed|26658,12417,14868,31216
|rule|Sleep Clause Mod: Limit one foe put to sleep
|rule|Freeze Clause Mod: Limit one foe frozen
|rule|HP Percentage Mod: HP is shown in percentages
|
|start
|switch|p1a: Golduck|Golduck, L85|310\/310
|switch|p2a: Pikachu|Pikachu, L96|262\/262
|turn|1
|choice|switch 3|move 1
|
|switch|p1a: Marowak|Marowak, L90|291\/291
|move|p2a: Pikachu|Thunder|p1a: Marowak
|-immune|p1a: Marowak|[msg]
|
|turn|2
|choice|move 3|switch 4
|
|switch|p2a: Tangela|Tangela, L85|284\/284
|move|p1a: Marowak|Earthquake|p2a: Tangela
|-resisted|p2a: Tangela
|-damage|p2a: Tangela|237\/284
|
|turn|3
|choice|move 1|move 3
|
|move|p2a: Tangela|Mega Drain|p1a: Marowak
|-supereffective|p1a: Marowak
|-damage|p1a: Marowak|169\/291
|-heal|p2a: Tangela|284\/284|[from] drain|[of] p1a: Marowak
|move|p1a: Marowak|Blizzard|p2a: Tangela
|-supereffective|p2a: Tangela
|-damage|p2a: Tangela|167\/284
|
|turn|4
|choice|switch 4|move 3
|
|switch|p1a: Ninetales|Ninetales, L85|298\/298
|move|p2a: Tangela|Mega Drain|p1a: Ninetales
|-resisted|p1a: Ninetales
|-damage|p1a: Ninetales|280\/298
|-heal|p2a: Tangela|176\/284|[from] drain|[of] p1a: Ninetales
|
|turn|5
|choice|move 1|switch 2
|
|switch|p2a: Seel|Seel, L96|320\/320
|move|p1a: Ninetales|Fire Blast|p2a: Seel
|-resisted|p2a: Seel
|-damage|p2a: Seel|248\/320
|
|turn|6
|choice|switch 6|move 2
|
|switch|p1a: Lapras|Lapras, L79|367\/367
|move|p2a: Seel|Surf|p1a: Lapras
|-resisted|p1a: Lapras
|-damage|p1a: Lapras|311\/367
|
|turn|7
|choice|move 1|switch 6
|
|switch|p2a: Jolteon|Jolteon, L79|265\/265
|move|p1a: Lapras|Body Slam|p2a: Jolteon
|-damage|p2a: Jolteon|197\/265
|
|turn|8
|choice|switch 4|move 2
|
|switch|p1a: Marowak|Marowak, L90|169\/291
|move|p2a: Jolteon|Body Slam|p1a: Marowak
|-damage|p1a: Marowak|135\/291
|-status|p1a: Marowak|par
|
|turn|9
|choice|move 1|switch 2
|
|switch|p2a: Tangela|Tangela, L85|176\/284
|move|p1a: Marowak|Blizzard|p2a: Tangela
|-supereffective|p2a: Tangela
|-damage|p2a: Tangela|64\/284
|
|turn|10
|choice|move 1|move 3
|
|move|p2a: Tangela|Mega Drain|p1a: Marowak
|-supereffective|p1a: Marowak
|-damage|p1a: Marowak|13\/291 par
|-heal|p2a: Tangela|125\/284|[from] drain|[of] p1a: Marowak
|move|p1a: Marowak|Blizzard|p2a: Tangela
|-supereffective|p2a: Tangela
|-damage|p2a: Tangela|0 fnt
|faint|p2a: Tangela
|choice||switch 6
|
|switch|p2a: Seel|Seel, L96|248\/320
|turn|11
|choice|move 3|move 1
|
|move|p2a: Seel|Body Slam|p1a: Marowak
|-damage|p1a: Marowak|0 fnt
|faint|p1a: Marowak
|choice|switch 4|
|
|switch|p1a: Lapras|Lapras, L79|311\/367
|turn|12
|choice|move 1|move 1
|
|move|p2a: Seel|Body Slam|p1a: Lapras
|-damage|p1a: Lapras|254\/367
|move|p1a: Lapras|Body Slam|p2a: Seel
|-damage|p2a: Seel|195\/320
|
|turn|13
|choice|move 4|move 1
|
|move|p2a: Seel|Body Slam|p1a: Lapras
|-damage|p1a: Lapras|196\/367
|-status|p1a: Lapras|par
|move|p1a: Lapras|Thunderbolt|p2a: Seel
|-supereffective|p2a: Seel
|-damage|p2a: Seel|81\/320
|
|turn|14
|choice|move 4|switch 2
|
|switch|p2a: Jolteon|Jolteon, L79|197\/265
|move|p1a: Lapras|Thunderbolt|p2a: Jolteon
|-resisted|p2a: Jolteon
|-damage|p2a: Jolteon|169\/265
|
|turn|15
|choice|switch 5|move 1
|
|switch|p1a: Ivysaur|Ivysaur, L85|276\/276
|move|p2a: Jolteon|Thunderbolt|p1a: Ivysaur
|-resisted|p1a: Ivysaur
|-damage|p1a: Ivysaur|226\/276
|
|turn|16
|choice|move 4|switch 3
|
|switch|p2a: Weezing|Weezing, L90|300\/300
|move|p1a: Ivysaur|Leech Seed|p2a: Weezing
|-start|p2a: Weezing|move: Leech Seed
|
|turn|17
|choice|move 2|move 3
|
|move|p2a: Weezing|Fire Blast|p1a: Ivysaur|[miss]
|-miss|p2a: Weezing
|-damage|p2a: Weezing|282\/300|[from] Leech Seed|[of] p1a: Ivysaur
|-heal|p1a: Ivysaur|244\/276|[silent]
|move|p1a: Ivysaur|Sleep Powder|p2a: Weezing
|-status|p2a: Weezing|slp
|
|turn|18
|choice|move 3|switch 5
|
|switch|p2a: Mr. Mime|Mr. Mime, L85|242\/242
|move|p1a: Ivysaur|Body Slam|p2a: Mr. Mime
|-damage|p2a: Mr. Mime|186\/242
|
|turn|19
|choice|move 1|move 1
|
|move|p2a: Mr. Mime|Psychic|p1a: Ivysaur
|-crit|p1a: Ivysaur
|-supereffective|p1a: Ivysaur
|-damage|p1a: Ivysaur|0 fnt
|faint|p1a: Ivysaur
|choice|switch 6|
|
|switch|p1a: Ninetales|Ninetales, L85|280\/298
|turn|20
|choice|move 1|move 4
|
|move|p1a: Ninetales|Fire Blast|p2a: Mr. Mime|[miss]
|-miss|p1a: Ninetales
|move|p2a: Mr. Mime|Thunder Wave|p1a: Ninetales
|-status|p1a: Ninetales|par
|
|turn|21
|choice|move 1|move 1
|
|move|p2a: Mr. Mime|Psychic|p1a: Ninetales
|-damage|p1a: Ninetales|183\/298 par
|move|p1a: Ninetales|Fire Blast|p2a: Mr. Mime
|-damage|p2a: Mr. Mime|65\/242
|
|turn|22
|choice|move 1|move 1
|
|move|p2a: Mr. Mime|Psychic|p1a: Ninetales
|-damage|p1a: Ninetales|87\/298 par
|-unboost|p1a: Ninetales|spd|1
|-unboost|p1a: Ninetales|spa|1
|cant|p1a: Ninetales|par
|
|turn|23
|choice|move 1|move 1
|
|move|p2a: Mr. Mime|Psychic|p1a: Ninetales
|-crit|p1a: Ninetales
|-damage|p1a: Ninetales|0 fnt
|faint|p1a: Ninetales
|choice|switch 3|
|
|switch|p1a: Golduck|Golduck, L85|310\/310
|turn|24
|choice|move 3|move 3
|
|move|p2a: Mr. Mime|Thunderbolt|p1a: Golduck
|-supereffective|p1a: Golduck
|-damage|p1a: Golduck|161\/310
|move|p1a: Golduck|Surf|p2a: Mr. Mime
|-damage|p2a: Mr. Mime|0 fnt
|faint|p2a: Mr. Mime
|choice||switch 3
|
|switch|p2a: Jolteon|Jolteon, L79|169\/265
|turn|25
|choice|switch 2|move 1
|
|switch|p1a: Pinsir|Pinsir, L85|284\/284
|move|p2a: Jolteon|Thunderbolt|p1a: Pinsir
|-damage|p1a: Pinsir|167\/284
|
|turn|26
|choice|move 1|move 1
|
|move|p2a: Jolteon|Thunderbolt|p1a: Pinsir
|-damage|p1a: Pinsir|37\/284
|move|p1a: Pinsir|Body Slam|p2a: Jolteon
|-damage|p2a: Jolteon|73\/265
|
|turn|27
|choice|move 1|move 1
|
|move|p2a: Jolteon|Thunderbolt|p1a: Pinsir
|-damage|p1a: Pinsir|0 fnt
|faint|p1a: Pinsir
|-message|Bartok forfeited.
|
|win|Regdrags
|player|p1
|player|p2
|l|Bartok
|raw|Bartok's rating: 1235 &rarr; <strong>1204<\/strong><br \/>(-31 for losing)
|raw|Regdrags's rating: 1141 &rarr; <strong>1173<\/strong><br \/>(+32 for winning)
|c|★Regdrags|gg