|join|Noratraika
|join|RadDude86
|player|p1|Noratraika|285
|player|p2|RadDude86|102
|gametype|singles
|gen|1
|tier|[Gen 1] Random Battle
|rated
|seed|56103,59375,16124,14359
|rule|Sleep Clause Mod: Limit one foe put to sleep
|rule|Freeze Clause Mod: Limit one foe frozen
|rule|HP Percentage Mod: HP is shown in percentages
|
|start
|switch|p1a: Slowbro|Slowbro, L79|312\/312
|switch|p2a: Charizard|Charizard, L85|306\/306
|turn|1
|choice|move 4|switch 2
|
|switch|p2a: Oddish|Oddish, L96|281\/281
|move|p1a: Slowbro|Thunder Wave|p2a: Oddish
|-status|p2a: Oddish|par
|
|turn|2
|choice|switch 4|move 3
|
|switch|p1a: Growlithe|Growlithe, L96|300\/300
|cant|p2a: Oddish|par
|
|turn|3
|choice|move 4|move 4
|
|move|p1a: Growlithe|Mimic|p2a: Oddish
|-start|p1a: Growlithe|Mimic|Sleep Powder
|move|p2a: Oddish|Toxic|p1a: Growlithe
|-status|p1a: Growlithe|tox
|
|turn|4
|choice|move 2|move 3
|
|move|p1a: Growlithe|Fire Blast|p2a: Oddish
|-supereffective|p2a: Oddish
|-damage|p2a: Oddish|81\/281 par
|-damage|p1a: Growlithe|282\/300 tox|[from] tox|[of] p2a: Oddish
|move|p2a: Oddish|Sleep Powder|p1a: Growlithe
|-fail|p1a: Growlithe
|
|turn|5
|choice|move 2|switch 4
|
|switch|p2a: Cloyster|Cloyster, L83|253\/253
|move|p1a: Growlithe|Fire Blast|p2a: Cloyster
|-damage|p2a: Cloyster|137\/253
|-status|p2a: Cloyster|brn
|-damage|p1a: Growlithe|246\/300 tox|[from] tox|[of] p2a: Cloyster
|
|turn|6
|choice|move 2|move 3
|
|move|p1a: Growlithe|Fire Blast|p2a: Cloyster
|-damage|p2a: Cloyster|27\/253 brn
|-damage|p1a: Growlithe|192\/300 tox|[from] tox|[of] p2a: Cloyster
|move|p2a: Cloyster|Surf|p1a: Growlithe
|-crit|p1a: Growlithe
|-supereffective|p1a: Growlithe
|-damage|p1a: Growlithe|0 fnt
|faint|p1a: Growlithe
|choice|switch 5|
|
|switch|p1a: Victreebel|Victreebel, L85|310\/310
|turn|7
|choice|move 1|move 1
|
|move|p1a: Victreebel|Razor Leaf|p2a: Cloyster
|-crit|p2a: Cloyster
|-supereffective|p2a: Cloyster
|-damage|p2a: Cloyster|0 fnt
|faint|p2a: Cloyster
|choice||switch 6
|
|switch|p2a: Mewtwo|Mewtwo, L70|293\/293
|turn|8
|choice|move 3|move 4
|
|move|p2a: Mewtwo|Barrier|p2a: Mewtwo
|-boost|p2a: Mewtwo|def|2
|move|p1a: Victreebel|Stun Spore|p2a: Mewtwo
|-status|p2a: Mewtwo|par
|
|turn|9
|choice|switch 3|move 3
|
|switch|p1a: Machoke|Machoke, L85|310\/310
|move|p2a: Mewtwo|Thunderbolt|p1a: Machoke
|-damage|p1a: Machoke|217\/310
|
|turn|10
|choice|move 4|move 1
|
|move|p1a: Machoke|Earthquake|p2a: Mewtwo
|-damage|p2a: Mewtwo|248\/293 par
|move|p2a: Mewtwo|Psychic|p1a: Machoke
|-supereffective|p1a: Machoke
|-damage|p1a: Machoke|0 fnt
|faint|p1a: Machoke
|choice|switch 6|
|
|switch|p1a: Raticate|Raticate, L85|267\/267
|turn|11
|choice|move 1|move 4
|
|move|p1a: Raticate|Super Fang|p2a: Mewtwo
|-damage|p2a: Mewtwo|124\/293 par
|move|p2a: Mewtwo|Barrier|p2a: Mewtwo
|-boost|p2a: Mewtwo|def|2
|
|turn|12
|choice|move 1|move 1
|
|move|p1a: Raticate|Super Fang|p2a: Mewtwo
|-damage|p2a: Mewtwo|62\/293 par
|move|p2a: Mewtwo|Psychic|p1a: Raticate
|-damage|p1a: Raticate|139\/267
|
|turn|13
|choice|move 3|move 2
|
|move|p1a: Raticate|Body Slam|p2a: Mewtwo
|-crit|p2a: Mewtwo
|-damage|p2a: Mewtwo|0 fnt
|faint|p2a: Mewtwo
|choice||switch 5
|
|switch|p2a: Machamp|Machamp, L90|345\/345
|turn|14
|choice|move 1|move 4
|
|move|p1a: Raticate|Super Fang|p2a: Machamp
|-damage|p2a: Machamp|173\/345
|move|p2a: Machamp|Submission|p1a: Raticate
|-crit|p1a: Raticate
|-supereffective|p1a: Raticate
|-damage|p1a: Raticate|0 fnt
|-damage|p2a: Machamp|139\/345|[from] recoil|[of] p1a: Raticate
|faint|p1a: Raticate
|choice|switch 2|
|
|switch|p1a: Exeggutor|Exeggutor, L79|312\/312
|turn|15
|choice|move 4|move 1
|
|move|p2a: Machamp|Earthquake|p1a: Exeggutor
|-resisted|p1a: Exeggutor
|-damage|p1a: Exeggutor|261\/312
|move|p1a: Exeggutor|Psychic|p2a: Machamp
|-supereffective|p2a: Machamp
|-damage|p2a: Machamp|0 fnt
|faint|p2a: Machamp
|choice||switch 2
|
|switch|p2a: Charizard|Charizard, L85|306\/306
|turn|16
|choice|move 1|switch 3
|
|switch|p2a: Magneton|Magneton, L90|273\/273
|move|p1a: Exeggutor|Sleep Powder|p2a: Magneton|[miss]
|-miss|p1a: Exeggutor
|
|turn|17
|choice|move 1|move 3
|
|move|p2a: Magneton|Double-Edge|p1a: Exeggutor
|-damage|p1a: Exeggutor|192\/312
|-damage|p2a: Magneton|256\/273|[from] recoil|[of] p1a: Exeggutor
|move|p1a: Exeggutor|Sleep Powder|p2a: Magneton
|-status|p2a: Magneton|slp
|
|turn|18
|choice|move 2|switch 3
|
|switch|p2a: Charizard|Charizard, L85|306\/306
|move|p1a: Exeggutor|Mega Drain|p2a: Charizard
|-resisted|p2a: Charizard
|-damage|p2a: Charizard|295\/306
|-heal|p1a: Exeggutor|197\/312|[from] drain|[of] p2a: Charizard
|
|turn|19
|choice|move 4|move 1
|
|move|p2a: Charizard|Fire Blast|p1a: Exeggutor
|-supereffective|p1a: Exeggutor
|-damage|p1a: Exeggutor|0 fnt
|faint|p1a: Exeggutor
|choice|switch 4|
|
|switch|p1a: Slowbro|Slowbro, L79|312\/312
|turn|20
|choice|move 1|switch 3
|
|switch|p2a: Magneton|Magneton, L90|256\/273 slp
|move|p1a: Slowbro|Amnesia|p1a: Slowbro
|-boost|p1a: Slowbro|spd|2
|-boost|p1a: Slowbro|spa|2
|
|turn|21
|choice|move 1|move 4
|
|-curestatus|p2a: Magneton|slp
|move|p1a: Slowbro|Amnesia|p1a: Slowbro
|-boost|p1a: Slowbro|spd|2
|-boost|p1a: Slowbro|spa|2
|
|turn|22
|choice|move 4|move 4
|
|move|p2a: Magneton|Thunder Wave|p1a: Slowbro
|-status|p1a: Slowbro|par
|move|p1a: Slowbro|Thunder Wave|p2a: Magneton
|-status|p2a: Magneton|par
|
|turn|23
|choice|move 2|move 1
|
|move|p2a: Magneton|Thunderbolt|p1a: Slowbro
|-supereffective|p1a: Slowbro
|-damage|p1a: Slowbro|214\/312 par
|move|p1a: Slowbro|Surf|p2a: Magneton
|-damage|p2a: Magneton|88\/273 par
|
|turn|24
|choice|move 2|move 1
|
|move|p2a: Magneton|Thunderbolt|p1a: Slowbro
|-crit|p1a: Slowbro
|-supereffective|p1a: Slowbro
|-damage|p1a: Slowbro|0 fnt
|faint|p1a: Slowbro
|choice|switch 3|
|
|switch|p1a: Victreebel|Victreebel, L85|310\/310
|turn|25
|choice|move 1|move 4
|
|move|p1a: Victreebel|Razor Leaf|p2a: Magneton
|-crit|p2a: Magneton
|-damage|p2a: Magneton|0 fnt
|faint|p2a: Magneton
|choice||switch 3
|
|switch|p2a: Charizard|Charizard, L85|295\/306
|turn|26
|choice|move 3|move 1
|
|move|p2a: Charizard|Fire Blast|p1a: Victreebel
|-supereffective|p1a: Victreebel
|-damage|p1a: Victreebel|87\/310
|move|p1a: Victreebel|Stun Spore|p2a: Charizard|[miss]
|-miss|p1a: Victreebel
|
|turn|27
|choice|move 3|move 1
|
|move|p2a: Charizard|Fire Blast|p1a: Victreebel|[miss]
|-miss|p2a: Charizard
|move|p1a: Victreebel|Stun Spore|p2a: Charizard
|-status|p2a: Charizard|par
|
|turn|28
|choice|move 2|move 1
|
|move|p1a: Victreebel|Body Slam|p2a: Charizard
|-crit|p2a: Charizard
|-damage|p2a: Charizard|167\/306 par
|move|p2a: Charizard|Fire Blast|p1a: Victreebel|[miss]
|-miss|p2a: Charizard
|
|turn|29
|choice|move 2|move 1
|
|move|p1a: Victreebel|Body Slam|p2a: Charizard
|-damage|p2a: Charizard|95\/306 par
|cant|p2a: Charizard|par
|
|turn|30
|choice|move 4|move 2
|
|move|p1a: Victreebel|Hyper Beam|p2a: Charizard
|-damage|p2a: Charizard|0 fnt
|faint|p2a: Charizard
|choice||switch 4
|
|switch|p2a: Oddish|Oddish, L96|81\/281 par
|turn|31
|choice|move 4|move 3
|
|move|p1a: Victreebel|Hyper Beam|p2a: Oddish
|-damage|p2a: Oddish|0 fnt
|faint|p2a: Oddish
|
|win|Noratraika
|raw|Noratraika's rating: 1248 &rarr; <strong>1260<\/strong><br \/>(+12 for winning)
|raw|RadDude86's rating: 1045 &rarr; <strong>1037<\/strong><br \/>(-8 for losing)
|leave|Noratraika
|player|p1
|leave|RadDude86
|player|p2
|join|RadDude86
|c|★RadDude86|great match