|j|Dervodel2
|j|Caiiiius
|player|p1|Dervodel2|238
|player|p2|Caiiiius|13
|gametype|singles
|gen|1
|tier|[Gen 1] Random Battle
|rated
|seed|62643,20106,48798,12671
|rule|Sleep Clause Mod: Limit one foe put to sleep
|rule|Freeze Clause Mod: Limit one foe frozen
|rule|HP Percentage Mod: HP is shown in percentages
|
|start
|switch|p1a: Alakazam|Alakazam, L79|249\/249
|switch|p2a: Alakazam|Alakazam, L79|249\/249
|turn|1
|choice|move 4|switch 2
|
|switch|p2a: Weedle|Weedle, L99|280\/280
|move|p1a: Alakazam|Thunder Wave|p2a: Weedle
|-status|p2a: Weedle|par
|
|turn|2
|choice|move 1|move 1
|
|move|p1a: Alakazam|Psychic|p2a: Weedle
|-supereffective|p2a: Weedle
|-damage|p2a: Weedle|0 fnt
|faint|p2a: Weedle
|choice||switch 3
|
|switch|p2a: Tauros|Tauros, L79|280\/280
|turn|3
|choice|switch 6|move 1
|
|switch|p1a: Articuno|Articuno, L79|304\/304
|move|p2a: Tauros|Body Slam|p1a: Articuno
|-damage|p1a: Articuno|223\/304
|
|turn|4
|choice|move 1|move 1
|
|move|p2a: Tauros|Body Slam|p1a: Articuno
|-damage|p1a: Articuno|140\/304
|-status|p1a: Articuno|par
|move|p1a: Articuno|Ice Beam|p2a: Tauros
|-crit|p2a: Tauros
|-damage|p2a: Tauros|12\/280
|
|turn|5
|choice|switch 2|move 2
|
|switch|p1a: Kangaskhan|Kangaskhan, L85|352\/352
|move|p2a: Tauros|Hyper Beam|p1a: Kangaskhan
|-damage|p1a: Kangaskhan|193\/352
|
|turn|6
|-mustrecharge|p2a: Tauros
|-mustrecharge|p2a: Tauros
|choice|move 2|move 1
|
|cant|p2a: Tauros|recharge
|move|p1a: Kangaskhan|Body Slam|p2a: Tauros
|-damage|p2a: Tauros|0 fnt
|faint|p2a: Tauros
|choice||switch 6
|
|switch|p2a: Golem|Golem, L79|288\/288
|turn|7
|choice|move 1|move 3
|
|move|p1a: Kangaskhan|Surf|p2a: Golem
|-supereffective|p2a: Golem
|-damage|p2a: Golem|36\/288
|move|p2a: Golem|Earthquake|p1a: Kangaskhan
|-damage|p1a: Kangaskhan|79\/352
|
|turn|8
|choice|move 1|move 3
|
|move|p1a: Kangaskhan|Surf|p2a: Golem
|-supereffective|p2a: Golem
|-damage|p2a: Golem|0 fnt
|faint|p2a: Golem
|choice||switch 4
|
|switch|p2a: Persian|Persian, L79|265\/265
|turn|9
|choice|move 2|move 4
|
|move|p2a: Persian|Body Slam|p1a: Kangaskhan
|-crit|p1a: Kangaskhan
|-damage|p1a: Kangaskhan|0 fnt
|faint|p1a: Kangaskhan
|choice|switch 4|
|
|switch|p1a: Vileplume|Vileplume, L90|318\/318
|turn|10
|choice|move 3|switch 5
|
|switch|p2a: Jynx|Jynx, L79|265\/265
|move|p1a: Vileplume|Sleep Powder|p2a: Jynx|[miss]
|-miss|p1a: Vileplume
|
|turn|11
|choice|move 4|move 4
|
|move|p2a: Jynx|Blizzard|p1a: Vileplume
|-supereffective|p1a: Vileplume
|-damage|p1a: Vileplume|125\/318
|move|p1a: Vileplume|Body Slam|p2a: Jynx
|-damage|p2a: Jynx|151\/265
|
|turn|12
|choice|switch 3|move 4
|
|switch|p1a: Magmar|Magmar, L90|300\/300
|move|p2a: Jynx|Blizzard|p1a: Magmar
|-damage|p1a: Magmar|186\/300
|
|turn|13
|choice|move 3|switch 5
|
|switch|p2a: Persian|Persian, L79|265\/265
|move|p1a: Magmar|Fire Blast|p2a: Persian|[miss]
|-miss|p1a: Magmar
|
|turn|14
|choice|move 1|move 3
|
|move|p2a: Persian|Bubble Beam|p1a: Magmar
|-crit|p1a: Magmar
|-supereffective|p1a: Magmar
|-damage|p1a: Magmar|69\/300
|move|p1a: Magmar|Confuse Ray|p2a: Persian
|-start|p2a: Persian|confusion
|
|turn|15
|choice|switch 5|move 4
|
|switch|p1a: Exeggutor|Exeggutor, L79|312\/312
|-activate|p2a: Persian|confusion
|-damage|p2a: Persian|235\/265|[from] confusion
|
|turn|16
|choice|move 1|move 4
|
|-activate|p2a: Persian|confusion
|move|p2a: Persian|Body Slam|p1a: Exeggutor
|-damage|p1a: Exeggutor|236\/312
|move|p1a: Exeggutor|Sleep Powder|p2a: Persian
|-status|p2a: Persian|slp
|
|turn|17
|choice|switch 6|switch 5
|
|switch|p2a: Jynx|Jynx, L79|151\/265
|switch|p1a: Alakazam|Alakazam, L79|249\/249
|
|turn|18
|choice|switch 3|move 2
|
|switch|p1a: Vileplume|Vileplume, L90|125\/318
|move|p2a: Jynx|Lovely Kiss|p1a: Vileplume
|-status|p1a: Vileplume|slp
|
|turn|19
|choice|switch 3|move 3
|
|switch|p1a: Alakazam|Alakazam, L79|249\/249
|move|p2a: Jynx|Psychic|p1a: Alakazam
|-resisted|p1a: Alakazam
|-damage|p1a: Alakazam|216\/249
|-unboost|p1a: Alakazam|spd|1
|-unboost|p1a: Alakazam|spa|1
|
|turn|20
|choice|move 4|move 4
|
|move|p1a: Alakazam|Thunder Wave|p2a: Jynx
|-status|p2a: Jynx|par
|move|p2a: Jynx|Blizzard|p1a: Alakazam
|-damage|p1a: Alakazam|89\/249
|
|turn|21
|choice|move 3|move 4
|
|move|p1a: Alakazam|Recover|p1a: Alakazam
|-heal|p1a: Alakazam|213\/249
|move|p2a: Jynx|Blizzard|p1a: Alakazam
|-damage|p1a: Alakazam|77\/249
|-status|p1a: Alakazam|frz
|
|turn|22
|choice|switch 5|move 4
|
|switch|p1a: Magmar|Magmar, L90|69\/300
|move|p2a: Jynx|Blizzard|p1a: Magmar
|-damage|p1a: Magmar|0 fnt
|faint|p1a: Magmar
|choice|switch 2|
|
|switch|p1a: Articuno|Articuno, L79|140\/304 par
|turn|23
|choice|move 1|move 4
|
|cant|p2a: Jynx|par
|cant|p1a: Articuno|par
|
|turn|24
|choice|move 1|move 4
|
|move|p2a: Jynx|Blizzard|p1a: Articuno
|-damage|p1a: Articuno|48\/304 par
|move|p1a: Articuno|Ice Beam|p2a: Jynx
|-crit|p2a: Jynx
|-resisted|p2a: Jynx
|-damage|p2a: Jynx|40\/265 par
|
|turn|25
|choice|move 2|move 3
|
|move|p2a: Jynx|Psychic|p1a: Articuno
|-crit|p1a: Articuno
|-damage|p1a: Articuno|0 fnt
|faint|p1a: Articuno
|choice|switch 6|
|
|switch|p1a: Exeggutor|Exeggutor, L79|236\/312
|turn|26
|choice|move 2|move 4
|
|move|p1a: Exeggutor|Hyper Beam|p2a: Jynx
|-crit|p2a: Jynx
|-damage|p2a: Jynx|0 fnt
|faint|p2a: Jynx
|choice||switch 5
|
|switch|p2a: Persian|Persian, L79|235\/265 slp
|turn|27
|choice|move 2|move 4
|
|cant|p2a: Persian|slp
|move|p1a: Exeggutor|Hyper Beam|p2a: Persian
|-damage|p2a: Persian|115\/265 slp
|
|turn|28
|-mustrecharge|p1a: Exeggutor
|-mustrecharge|p1a: Exeggutor
|choice|move 1|move 4
|
|cant|p2a: Persian|slp
|cant|p1a: Exeggutor|recharge
|
|turn|29
|choice|move 2|move 4
|
|-curestatus|p2a: Persian|slp
|move|p1a: Exeggutor|Hyper Beam|p2a: Persian
|-damage|p2a: Persian|2\/265
|
|turn|30
|-mustrecharge|p1a: Exeggutor
|-mustrecharge|p1a: Exeggutor
|choice|move 1|move 4
|
|move|p2a: Persian|Body Slam|p1a: Exeggutor
|-damage|p1a: Exeggutor|165\/312
|cant|p1a: Exeggutor|recharge
|
|turn|31
|choice|move 4|move 4
|
|move|p2a: Persian|Body Slam|p1a: Exeggutor
|-damage|p1a: Exeggutor|92\/312
|-status|p1a: Exeggutor|par
|move|p1a: Exeggutor|Mega Drain|p2a: Persian
|-crit|p2a: Persian
|-damage|p2a: Persian|0 fnt
|-heal|p1a: Exeggutor|93\/312 par|[from] drain|[of] p2a: Persian
|faint|p2a: Persian
|choice||switch 2
|
|switch|p2a: Alakazam|Alakazam, L79|249\/249
|turn|32
|choice|move 3|move 1
|
|move|p2a: Alakazam|Psychic|p1a: Exeggutor
|-resisted|p1a: Exeggutor
|-damage|p1a: Exeggutor|49\/312 par
|move|p1a: Exeggutor|Explosion|p2a: Alakazam
|-damage|p2a: Alakazam|0 fnt
|faint|p2a: Alakazam
|faint|p1a: Exeggutor
|
|win|Dervodel2
|player|p1
|player|p2
|raw|Dervodel2's rating: 1402 &rarr; <strong>1410<\/strong><br \/>(+8 for winning)
|raw|Caiiiius's rating: 1151 &rarr; <strong>1142<\/strong><br \/>(-9 for losing)