|join|marcoasd
|join|Piexplode
|player|p1|marcoasd|169
|player|p2|Piexplode|32
|gametype|singles
|gen|1
|tier|[Gen 1] OU (beta)
|rule|Sleep Clause Mod: Limit one foe put to sleep
|rule|Species Clause: Limit one of each Pokemon
|rule|OHKO Clause: OHKO moves are banned
|rule|Moody Clause: Moody is banned
|rule|Evasion Moves Clause: Evasion moves are banned
|rule|Endless Battle Clause: Forcing endless battles is banned
|rule|HP Percentage Mod: HP is reported as percentages
|
|start
|switch|p1a: Ekans|Ekans, L5|23\/23
|switch|p2a: Zubat|Zubat, L5|23\/23
|turn|1
|chat|Piexplode|gl hf
|chat|marcoasd|only 2 were l 100
|chat|marcoasd|asd
|chat|Piexplode|asd
|chat|marcoasd|porca madonna
|chat|Piexplode|porco dio
|chat|Piexplode|yh porca madonna
|
|move|p1a: Ekans|Glare|p2a: Zubat
|-status|p2a: Zubat|par
|move|p2a: Zubat|Confuse Ray|p1a: Ekans
|-start|p1a: Ekans|confusion
|
|turn|2
|chat|Piexplode|xD
|
|switch|p1a: Venonat|Venonat, L5|25\/25
|move|p2a: Zubat|Substitute|p2a: Zubat
|-start|p2a: Zubat|Substitute
|-damage|p2a: Zubat|18\/23 par
|
|turn|3
|
|move|p1a: Venonat|Psychic|p2a: Zubat
|-supereffective|p2a: Zubat
|-end|p2a: Zubat|Substitute
|move|p2a: Zubat|Mimic|p1a: Venonat
|-start|p2a: Zubat|Mimic|Psychic
|
|turn|4
|
|move|p1a: Venonat|Psychic|p2a: Zubat
|-supereffective|p2a: Zubat
|-damage|p2a: Zubat|2\/23 par
|-unboost|p2a: Zubat|spd|1
|-unboost|p2a: Zubat|spa|1
|move|p2a: Zubat|Psychic|p1a: Venonat
|-supereffective|p1a: Venonat
|-damage|p1a: Venonat|14\/25
|-unboost|p1a: Venonat|spd|1
|-unboost|p1a: Venonat|spa|1
|
|turn|5
|chat|Piexplode|:]
|
|move|p1a: Venonat|Psychic|p2a: Zubat
|-crit|p2a: Zubat
|-supereffective|p2a: Zubat
|-damage|p2a: Zubat|0 fnt
|faint|p2a: Zubat
|
|chat|Piexplode|nice use of your ekans lead tho
|chat|marcoasd|yeah it outspeeds venonat
|
|switch|p2a: Goldeen|Goldeen, L5|24\/24
|turn|6
|chat|marcoasd|i suppose it's the best here
|chat|Piexplode|well
|chat|Piexplode|zubat beats nat too mediumly well in lead
|chat|Piexplode|but ultimately you can't really counter nat
|
|switch|p1a: Goldeen|Goldeen, L5|24\/24
|move|p2a: Goldeen|Double-Edge|p1a: Goldeen
|-crit|p1a: Goldeen
|-damage|p1a: Goldeen|6\/24
|-damage|p2a: Goldeen|19\/24|[from] recoil|[of] p1a: Goldeen
|
|turn|7
|
|move|p2a: Goldeen|Agility|p2a: Goldeen
|-boost|p2a: Goldeen|spe|2
|move|p1a: Goldeen|Double-Edge|p2a: Goldeen
|-damage|p2a: Goldeen|11\/24
|-damage|p1a: Goldeen|4\/24|[from] recoil|[of] p2a: Goldeen
|
|turn|8
|chat|Piexplode|:]
|
|switch|p1a: Cubone|Cubone, L5|24\/24
|move|p2a: Goldeen|Double-Edge|p1a: Cubone
|-damage|p1a: Cubone|17\/24
|-damage|p2a: Goldeen|9\/24|[from] recoil|[of] p1a: Cubone
|
|turn|9
|
|switch|p1a: Jigglypuff|Jigglypuff, L5|31\/31
|move|p2a: Goldeen|Blizzard|p1a: Jigglypuff
|-crit|p1a: Jigglypuff
|-damage|p1a: Jigglypuff|7\/31
|
|turn|10
|
|move|p2a: Goldeen|Double-Edge|p1a: Jigglypuff
|-damage|p1a: Jigglypuff|0 fnt
|-damage|p2a: Goldeen|7\/24|[from] recoil|[of] p1a: Jigglypuff
|faint|p1a: Jigglypuff
|
|
|switch|p1a: Ekans|Ekans, L5|23\/23
|turn|11
|join|salla
|
|move|p2a: Goldeen|Double-Edge|p1a: Ekans
|-damage|p1a: Ekans|13\/23
|-damage|p2a: Goldeen|4\/24|[from] recoil|[of] p1a: Ekans
|move|p1a: Ekans|Earthquake|p2a: Goldeen
|-damage|p2a: Goldeen|0 fnt
|faint|p2a: Goldeen
|
|
|switch|p2a: Venonat|Venonat, L5|25\/25
|turn|12
|
|move|p1a: Ekans|Glare|p2a: Venonat
|-status|p2a: Venonat|par
|cant|p2a: Venonat|par
|
|turn|13
|chat|Piexplode|ASD PORCA MADONNA
|chat|Piexplode|:]
|
|move|p1a: Ekans|Earthquake|p2a: Venonat
|-damage|p2a: Venonat|17\/25 par
|cant|p2a: Venonat|par
|
|turn|14
|chat|Piexplode|I always seem to lose in this tier >.>
|chat|Piexplode|okay so no
|chat|Piexplode|rock slide
|chat|marcoasd|auh
|chat|marcoasd|bo3?
|chat|Piexplode|means u probably have mega drain
|chat|Piexplode|yeah bo3
|
|move|p1a: Ekans|Rock Slide|p2a: Venonat
|-supereffective|p2a: Venonat
|-damage|p2a: Venonat|4\/25 par
|move|p2a: Venonat|Sleep Powder|p1a: Ekans
|-status|p1a: Ekans|slp
|
|turn|15
|
|cant|p1a: Ekans|slp
|move|p2a: Venonat|Stun Spore|p1a: Ekans
|-fail|p1a: Ekans
|
|turn|16
|
|cant|p1a: Ekans|slp
|-curestatus|p1a: Ekans|slp
|move|p2a: Venonat|Psychic|p1a: Ekans
|-supereffective|p1a: Ekans
|-damage|p1a: Ekans|0 fnt
|faint|p1a: Ekans
|
|chat|Piexplode|N_N nice predix
|
|switch|p1a: Venonat|Venonat, L5|14\/25
|turn|17
|chat|Piexplode|but not that nice
|
|move|p1a: Venonat|Psychic|p2a: Venonat
|-supereffective|p2a: Venonat
|-damage|p2a: Venonat|0 fnt
|faint|p2a: Venonat
|
|
|switch|p2a: Ekans|Ekans, L5|23\/23
|turn|18
|
|switch|p1a: Cubone|Cubone, L5|17\/24
|move|p2a: Ekans|Glare|p1a: Cubone
|-status|p1a: Cubone|par
|
|turn|19
|
|move|p2a: Ekans|Mega Drain|p1a: Cubone
|-supereffective|p1a: Cubone
|-damage|p1a: Cubone|8\/24 par
|move|p1a: Cubone|Earthquake|p2a: Ekans
|-supereffective|p2a: Ekans
|-damage|p2a: Ekans|0 fnt
|faint|p2a: Ekans
|
|chat|marcoasd|lol
|
|switch|p2a: Cubone|Cubone, L5|24\/24
|turn|20
|join|Kingmidas
|chat|Piexplode|I considered going to cubone
|chat|Piexplode|I really should have
|chat|Piexplode|tbh
|chat|Kingmidas|could have linked the game
|chat|Piexplode|cos then blizz would just straight KO
|chat|Kingmidas|piex
|chat|Piexplode|sorry km
|chat|Piexplode|didn't realise
|chat|Kingmidas|also you suck <3
|chat|Piexplode|anyone actually read it
|chat|Piexplode|yh ik
|chat|Piexplode|I have thought about this tier more than anyone else but I am garb at it
|chat|Piexplode|:]
|chat|Piexplode|same in XY ubers tho lel
|join|MoxieInfinite
|
|move|p2a: Cubone|Fire Blast|p1a: Cubone|[miss]
|-miss|p2a: Cubone
|move|p1a: Cubone|Earthquake|p2a: Cubone
|-damage|p2a: Cubone|15\/24
|
|turn|21
|chat|MoxieInfinite|go marco
|chat|Piexplode|umm
|chat|Piexplode|u shoulda blizzarded
|chat|Piexplode|xD
|
|move|p2a: Cubone|Blizzard|p1a: Cubone
|-supereffective|p1a: Cubone
|-damage|p1a: Cubone|0 fnt
|faint|p1a: Cubone
|
|chat|Piexplode|I just overpredicted
|chat|marcoasd|i don't run blizz
|
|switch|p1a: Goldeen|Goldeen, L5|4\/24
|turn|22
|chat|Piexplode|interseting
|
|switch|p2a: Jigglypuff|Jigglypuff, L5|31\/31
|move|p1a: Goldeen|Surf|p2a: Jigglypuff
|-damage|p2a: Jigglypuff|18\/31
|
|turn|23
|chat|Kingmidas|do you not outspeed veno?
|
|move|p1a: Goldeen|Surf|p2a: Jigglypuff
|-damage|p2a: Jigglypuff|4\/31
|move|p2a: Jigglypuff|Thunderbolt|p1a: Goldeen
|-supereffective|p1a: Goldeen
|-damage|p1a: Goldeen|0 fnt
|faint|p1a: Goldeen
|
|
|switch|p1a: Venonat|Venonat, L5|14\/25
|turn|24
|chat|Piexplode|only goldeen\/zubat\/ekans outspeed nat
|
|move|p1a: Venonat|Psychic|p2a: Jigglypuff
|-damage|p2a: Jigglypuff|0 fnt
|faint|p2a: Jigglypuff
|
|chat|Piexplode|gg
|
|switch|p2a: Cubone|Cubone, L5|15\/24
|turn|25
|chat|marcoasd|hell no, jiggly has 20
|chat|marcoasd|lol slowest ever
|
|move|p1a: Venonat|Psychic|p2a: Cubone
|-damage|p2a: Cubone|7\/24
|move|p2a: Cubone|Fire Blast|p1a: Venonat
|-supereffective|p1a: Venonat
|-damage|p1a: Venonat|0 fnt
|faint|p1a: Venonat
|
|chat|Kingmidas|I mean
|chat|Kingmidas|cubone
|
|switch|p1a: NidoranM|NidoranM, L5|24\/24
|turn|26
|chat|Piexplode|gotta eat after this
|chat|Piexplode|play r2 after
|chat|Kingmidas|Win pls
|chat|Piexplode|I'll link it
|
|move|p1a: NidoranM|Blizzard|p2a: Cubone
|-supereffective|p2a: Cubone
|-damage|p2a: Cubone|0 fnt
|faint|p2a: Cubone
|
|win|marcoasd
|chat|Piexplode|gg
|chat|marcoasd|gg
|chat|Piexplode|wp
|leave|Kingmidas
|leave|marcoasd
|player|p1
|leave|salla
|leave|MoxieInfinite
|leave|Piexplode
|player|p2
|join|Piexplode