|j|MALESANI
|j|Gorillabiscuit
|player|p1|MALESANI|238
|player|p2|Gorillabiscuit|225
|gametype|singles
|gen|1
|tier|[Gen 1] Random Battle
|rated
|seed|6118,27713,20609,64310
|rule|Sleep Clause Mod: Limit one foe put to sleep
|rule|Freeze Clause Mod: Limit one foe frozen
|rule|HP Percentage Mod: HP is shown in percentages
|
|start
|switch|p1a: Seel|Seel, L96|320\/320
|switch|p2a: Farfetch'd|Farfetch'd, L99|304\/304
|turn|1
|choice|move 1|switch 2
|
|switch|p2a: Venomoth|Venomoth, L85|293\/293
|move|p1a: Seel|Blizzard|p2a: Venomoth|[miss]
|-miss|p1a: Seel
|
|turn|2
|choice|move 2|move 2
|
|move|p2a: Venomoth|Sleep Powder|p1a: Seel
|-status|p1a: Seel|slp
|cant|p1a: Seel|slp
|
|turn|3
|choice|switch 6|move 4
|
|switch|p1a: Mew|Mew, L74|300\/300
|move|p2a: Venomoth|Psychic|p1a: Mew
|-resisted|p1a: Mew
|-damage|p1a: Mew|268\/300
|
|turn|4
|choice|move 3|move 3
|
|move|p2a: Venomoth|Stun Spore|p1a: Mew
|-status|p1a: Mew|par
|move|p1a: Mew|Swords Dance|p1a: Mew
|-boost|p1a: Mew|atk|2
|
|turn|5
|choice|move 2|move 4
|
|move|p2a: Venomoth|Psychic|p1a: Mew
|-resisted|p1a: Mew
|-damage|p1a: Mew|234\/300 par
|-unboost|p1a: Mew|spd|1
|-unboost|p1a: Mew|spa|1
|cant|p1a: Mew|par
|
|turn|6
|choice|move 2|move 4
|
|move|p2a: Venomoth|Psychic|p1a: Mew
|-resisted|p1a: Mew
|-damage|p1a: Mew|184\/300 par
|move|p1a: Mew|Earthquake|p2a: Venomoth
|-damage|p2a: Venomoth|163\/293
|
|turn|7
|choice|move 1|move 1
|
|move|p2a: Venomoth|Mega Drain|p1a: Mew
|-damage|p1a: Mew|140\/300 par
|-heal|p2a: Venomoth|185\/293|[from] drain|[of] p1a: Mew
|move|p1a: Mew|Hyper Beam|p2a: Venomoth
|-damage|p2a: Venomoth|0 fnt
|faint|p2a: Venomoth
|choice||switch 2
|
|switch|p2a: Farfetch'd|Farfetch'd, L99|304\/304
|turn|8
|choice|move 1|move 1
|
|move|p2a: Farfetch'd|Slash|p1a: Mew
|-crit|p1a: Mew
|-damage|p1a: Mew|0 fnt
|faint|p1a: Mew
|choice|switch 3|
|
|switch|p1a: Rhyhorn|Rhyhorn, L96|348\/348
|turn|9
|choice|move 4|switch 6
|
|switch|p2a: Nidorina|Nidorina, L90|309\/309
|move|p1a: Rhyhorn|Rock Slide|p2a: Nidorina
|-damage|p2a: Nidorina|206\/309
|
|turn|10
|choice|switch 5|move 1
|
|switch|p1a: Machamp|Machamp, L90|345\/345
|move|p2a: Nidorina|Blizzard|p1a: Machamp
|-damage|p1a: Machamp|266\/345
|
|turn|11
|choice|move 4|move 1
|
|move|p2a: Nidorina|Blizzard|p1a: Machamp
|-damage|p1a: Machamp|194\/345
|move|p1a: Machamp|Earthquake|p2a: Nidorina
|-supereffective|p2a: Nidorina
|-damage|p2a: Nidorina|6\/309
|
|turn|12
|choice|move 1|switch 6
|
|switch|p2a: Farfetch'd|Farfetch'd, L99|304\/304
|move|p1a: Machamp|Body Slam|p2a: Farfetch'd
|-damage|p2a: Farfetch'd|214\/304
|
|turn|13
|choice|switch 5|move 1
|
|switch|p1a: Rhyhorn|Rhyhorn, L96|348\/348
|move|p2a: Farfetch'd|Slash|p1a: Rhyhorn
|-crit|p1a: Rhyhorn
|-resisted|p1a: Rhyhorn
|-damage|p1a: Rhyhorn|283\/348
|
|turn|14
|choice|move 4|switch 6
|
|switch|p2a: Nidorina|Nidorina, L90|6\/309
|move|p1a: Rhyhorn|Rock Slide|p2a: Nidorina
|-damage|p2a: Nidorina|0 fnt
|faint|p2a: Nidorina
|choice||switch 3
|
|switch|p2a: Snorlax|Snorlax, L79|415\/415
|turn|15
|choice|switch 4|move 4
|
|switch|p1a: Weezing|Weezing, L90|300\/300
|move|p2a: Snorlax|Ice Beam|p1a: Weezing
|-damage|p1a: Weezing|257\/300
|
|turn|16
|choice|move 2|move 1
|
|move|p1a: Weezing|Sludge|p2a: Snorlax
|-damage|p2a: Snorlax|326\/415
|move|p2a: Snorlax|Amnesia|p2a: Snorlax
|-boost|p2a: Snorlax|spd|2
|-boost|p2a: Snorlax|spa|2
|
|turn|17
|choice|move 2|move 4
|
|move|p1a: Weezing|Sludge|p2a: Snorlax
|-damage|p2a: Snorlax|223\/415
|move|p2a: Snorlax|Ice Beam|p1a: Weezing
|-damage|p1a: Weezing|175\/300
|
|turn|18
|choice|move 2|move 4
|
|move|p1a: Weezing|Sludge|p2a: Snorlax
|-damage|p2a: Snorlax|120\/415
|move|p2a: Snorlax|Ice Beam|p1a: Weezing
|-damage|p1a: Weezing|87\/300
|
|turn|19
|choice|move 2|move 2
|
|move|p1a: Weezing|Sludge|p2a: Snorlax
|-damage|p2a: Snorlax|16\/415
|move|p2a: Snorlax|Rest|p2a: Snorlax
|-status|p2a: Snorlax|slp
|-heal|p2a: Snorlax|415\/415 slp|[silent]
|-status|p2a: Snorlax|slp|[from] move: Rest
|
|turn|20
|choice|move 2|switch 5
|
|switch|p2a: Charmeleon|Charmeleon, L85|272\/272
|move|p1a: Weezing|Sludge|p2a: Charmeleon
|-damage|p2a: Charmeleon|176\/272
|-status|p2a: Charmeleon|psn
|
|turn|21
|choice|switch 6|move 3
|
|switch|p1a: Seel|Seel, L96|320\/320 slp
|move|p2a: Charmeleon|Submission|p1a: Seel
|-damage|p1a: Seel|264\/320 slp
|-damage|p2a: Charmeleon|162\/272 psn|[from] recoil|[of] p1a: Seel
|-damage|p2a: Charmeleon|145\/272 psn|[from] psn|[of] p1a: Seel
|
|turn|22
|choice|move 1|switch 5
|
|switch|p2a: Snorlax|Snorlax, L79|415\/415 slp
|cant|p1a: Seel|slp
|
|turn|23
|choice|switch 6|move 1
|
|switch|p1a: Weezing|Weezing, L90|87\/300
|cant|p2a: Snorlax|slp
|
|turn|24
|choice|move 1|move 1
|
|move|p1a: Weezing|Explosion|p2a: Snorlax
|-crit|p2a: Snorlax
|-damage|p2a: Snorlax|0 fnt
|faint|p2a: Snorlax
|faint|p1a: Weezing
|choice|switch 4|switch 5
|
|switch|p2a: Charmeleon|Charmeleon, L85|145\/272 psn
|switch|p1a: Rhyhorn|Rhyhorn, L96|283\/348
|turn|25
|choice|move 2|move 3
|
|move|p2a: Charmeleon|Submission|p1a: Rhyhorn
|-supereffective|p1a: Rhyhorn
|-damage|p1a: Rhyhorn|201\/348
|-damage|p2a: Charmeleon|125\/272 psn|[from] recoil|[of] p1a: Rhyhorn
|-damage|p2a: Charmeleon|108\/272 psn|[from] psn|[of] p1a: Rhyhorn
|move|p1a: Rhyhorn|Earthquake|p2a: Charmeleon
|-supereffective|p2a: Charmeleon
|-damage|p2a: Charmeleon|0 fnt
|faint|p2a: Charmeleon
|choice||switch 6
|
|switch|p2a: Farfetch'd|Farfetch'd, L99|214\/304
|turn|26
|choice|move 4|move 3
|
|move|p2a: Farfetch'd|Sand Attack|p1a: Rhyhorn
|-unboost|p1a: Rhyhorn|accuracy|1
|move|p1a: Rhyhorn|Rock Slide|p2a: Farfetch'd
|-supereffective|p2a: Farfetch'd
|-damage|p2a: Farfetch'd|18\/304
|
|turn|27
|choice|switch 2|move 1
|
|switch|p1a: Cloyster|Cloyster, L83|253\/253
|move|p2a: Farfetch'd|Slash|p1a: Cloyster
|-crit|p1a: Cloyster
|-damage|p1a: Cloyster|160\/253
|
|turn|28
|choice|move 4|move 1
|
|move|p2a: Farfetch'd|Slash|p1a: Cloyster
|-crit|p1a: Cloyster
|-damage|p1a: Cloyster|59\/253
|move|p1a: Cloyster|Hyper Beam|p2a: Farfetch'd
|-damage|p2a: Farfetch'd|0 fnt
|faint|p2a: Farfetch'd
|choice||switch 4
|
|switch|p2a: Dragonair|Dragonair, L85|277\/277
|turn|29
|choice|move 1|move 1
|
|move|p2a: Dragonair|Thunder|p1a: Cloyster
|-supereffective|p1a: Cloyster
|-damage|p1a: Cloyster|0 fnt
|faint|p1a: Cloyster
|choice|switch 5|
|
|switch|p1a: Machamp|Machamp, L90|194\/345
|turn|30
|choice|move 1|move 1
|
|move|p2a: Dragonair|Thunder|p1a: Machamp
|-damage|p1a: Machamp|113\/345
|move|p1a: Machamp|Body Slam|p2a: Dragonair
|-damage|p2a: Dragonair|178\/277
|
|turn|31
|choice|move 1|move 1
|
|move|p2a: Dragonair|Thunder|p1a: Machamp|[miss]
|-miss|p2a: Dragonair
|move|p1a: Machamp|Body Slam|p2a: Dragonair
|-damage|p2a: Dragonair|74\/277
|
|turn|32
|choice|move 1|move 1
|
|move|p2a: Dragonair|Thunder|p1a: Machamp|[miss]
|-miss|p2a: Dragonair
|move|p1a: Machamp|Body Slam|p2a: Dragonair
|-damage|p2a: Dragonair|0 fnt
|faint|p2a: Dragonair
|
|win|MALESANI
|player|p1
|player|p2
|raw|MALESANI's rating: 1354 &rarr; <strong>1382<\/strong><br \/>(+28 for winning)
|raw|Gorillabiscuit's rating: 1490 &rarr; <strong>1463<\/strong><br \/>(-27 for losing)