|j|Yubikwitus
|j|Ch01W0n5h1n
|player|p1|Yubikwitus|43
|player|p2|Ch01W0n5h1n|165
|gametype|singles
|gen|1
|tier|[Gen 1] OU
|rated
|seed|38238,3247,30282,4937
|rule|Sleep Clause Mod: Limit one foe put to sleep
|rule|Freeze Clause Mod: Limit one foe frozen
|rule|Species Clause: Limit one of each Pokémon
|rule|OHKO Clause: OHKO moves are banned
|rule|Evasion Moves Clause: Evasion moves are banned
|rule|HP Percentage Mod: HP is shown in percentages
|
|start
|switch|p1a: Gengar|Gengar|323\/323
|switch|p2a: Chance E|Chansey|703\/703
|turn|1
|choice|move 4|move 4
|
|move|p1a: Gengar|Hypnosis|p2a: Chance E|[miss]
|-miss|p1a: Gengar
|move|p2a: Chance E|Flash|p1a: Gengar
|-unboost|p1a: Gengar|accuracy|1
|
|turn|2
|choice|move 1|move 4
|
|move|p1a: Gengar|Explosion|p2a: Chance E|[miss]
|-miss|p1a: Gengar
|faint|p1a: Gengar
|c|★Yubikwitus|nice lmao'
|choice|switch 2|
|
|switch|p1a: Zapdos|Zapdos|383\/383
|turn|3
|c|★Ch01W0n5h1n|didnt expect you to explode lol
|c|★Yubikwitus|was kida hoping it'd hit
|choice|move 3|move 1
|
|move|p1a: Zapdos|Thunder Wave|p2a: Chance E
|-status|p2a: Chance E|par
|move|p2a: Chance E|Thunder Wave|p1a: Zapdos
|-status|p1a: Zapdos|par
|
|turn|4
|choice|switch 5|move 4
|
|switch|p1a: Rhydon|Rhydon|413\/413
|cant|p2a: Chance E|par
|
|turn|5
|choice|move 4|switch 2
|
|switch|p2a: Mega Gastly|Cloyster|303\/303
|move|p1a: Rhydon|Substitute|p1a: Rhydon
|-start|p1a: Rhydon|Substitute
|-damage|p1a: Rhydon|310\/413
|
|turn|6
|choice|move 2|move 1
|
|move|p2a: Mega Gastly|Clamp|p1a: Rhydon
|-activate|p1a: Rhydon|move: Clamp|[of] p2a: Mega Gastly
|-crit|p1a: Rhydon
|-supereffective|p1a: Rhydon
|-end|p1a: Rhydon|Substitute
|cant|p1a: Rhydon|partiallytrapped
|
|turn|7
|choice|switch 6|move 1
|
|switch|p1a: Starmie|Starmie|323\/323
|move|p2a: Mega Gastly|Clamp|p1a: Starmie|[miss]
|-miss|p2a: Mega Gastly
|
|turn|8
|choice|move 2|switch 2
|
|switch|p2a: Chance E|Chansey|703\/703 par
|move|p1a: Starmie|Thunderbolt|p2a: Chance E
|-damage|p2a: Chance E|628\/703 par
|
|turn|9
|choice|switch 6|move 4
|
|switch|p1a: Rhydon|Rhydon|310\/413
|move|p2a: Chance E|Flash|p1a: Rhydon
|-unboost|p1a: Rhydon|accuracy|1
|
|turn|10
|choice|move 1|switch 2
|
|switch|p2a: Mega Gastly|Cloyster|303\/303
|move|p1a: Rhydon|Earthquake|p2a: Mega Gastly
|-damage|p2a: Mega Gastly|218\/303
|
|turn|11
|choice|switch 6|move 1
|
|switch|p1a: Starmie|Starmie|323\/323
|move|p2a: Mega Gastly|Clamp|p1a: Starmie
|-resisted|p1a: Starmie
|-damage|p1a: Starmie|304\/323
|-activate|p1a: Starmie|move: Clamp|[of] p2a: Mega Gastly
|
|turn|12
|choice|move 2|move 1
|
|cant|p1a: Starmie|partiallytrapped
|move|p2a: Mega Gastly|Clamp|p1a: Starmie
|-damage|p1a: Starmie|285\/323
|
|turn|13
|choice|move 2|move 1
|
|cant|p1a: Starmie|partiallytrapped
|move|p2a: Mega Gastly|Clamp|p1a: Starmie
|-damage|p1a: Starmie|266\/323
|
|turn|14
|choice|move 2|move 1
|
|cant|p1a: Starmie|partiallytrapped
|move|p2a: Mega Gastly|Clamp|p1a: Starmie
|-damage|p1a: Starmie|247\/323
|
|-end|p1a: Starmie|Clamp|[partiallytrapped]
|turn|15
|c|★Ch01W0n5h1n|guess its gonna be a long battle
|choice|move 2|switch 2
|
|switch|p2a: Chance E|Chansey|628\/703 par
|move|p1a: Starmie|Thunderbolt|p2a: Chance E
|-damage|p2a: Chance E|556\/703 par
|
|turn|16
|choice|switch 6|move 4
|
|switch|p1a: Rhydon|Rhydon|310\/413
|cant|p2a: Chance E|par
|
|turn|17
|choice|move 2|switch 4
|
|switch|p2a: Energy|Tauros|353\/353
|move|p1a: Rhydon|Rock Slide|p2a: Energy
|-damage|p2a: Energy|237\/353
|
|turn|18
|choice|switch 6|move 4
|
|switch|p1a: Starmie|Starmie|247\/323
|move|p2a: Energy|Body Slam|p1a: Starmie
|-damage|p1a: Starmie|144\/323
|
|turn|19
|choice|move 4|move 1
|
|move|p1a: Starmie|Thunder Wave|p2a: Energy
|-status|p2a: Energy|par
|move|p2a: Energy|Hyper Beam|p1a: Starmie|[miss]
|-miss|p2a: Energy
|
|turn|20
|choice|move 3|move 3
|
|move|p1a: Starmie|Recover|p1a: Starmie
|-heal|p1a: Starmie|305\/323
|move|p2a: Energy|Blizzard|p1a: Starmie
|-resisted|p1a: Starmie
|-damage|p1a: Starmie|269\/323
|
|turn|21
|choice|switch 3|move 3
|
|switch|p1a: Tauros|Tauros|353\/353
|cant|p2a: Energy|par
|
|turn|22
|choice|move 1|move 3
|
|move|p1a: Tauros|Body Slam|p2a: Energy
|-damage|p2a: Energy|127\/353 par
|move|p2a: Energy|Blizzard|p1a: Tauros
|-damage|p1a: Tauros|255\/353
|
|turn|23
|choice|move 3|switch 2
|
|switch|p2a: Mega Gastly|Cloyster|218\/303
|move|p1a: Tauros|Hyper Beam|p2a: Mega Gastly
|-damage|p2a: Mega Gastly|112\/303
|
|turn|24
|-mustrecharge|p1a: Tauros
|-mustrecharge|p1a: Tauros
|choice|move 1|move 3
|
|cant|p1a: Tauros|recharge
|move|p2a: Mega Gastly|Substitute|p2a: Mega Gastly
|-start|p2a: Mega Gastly|Substitute
|-damage|p2a: Mega Gastly|37\/303
|
|turn|25
|choice|move 1|move 4
|
|move|p1a: Tauros|Body Slam|p2a: Mega Gastly
|-crit|p2a: Mega Gastly
|-end|p2a: Mega Gastly|Substitute
|move|p2a: Mega Gastly|Blizzard|p1a: Tauros
|-damage|p1a: Tauros|88\/353
|
|turn|26
|choice|move 1|switch 3
|
|switch|p2a: Cut.Exe|Exeggutor|393\/393
|move|p1a: Tauros|Body Slam|p2a: Cut.Exe
|-crit|p2a: Cut.Exe
|-damage|p2a: Cut.Exe|163\/393
|
|turn|27
|choice|move 3|move 3
|
|move|p1a: Tauros|Hyper Beam|p2a: Cut.Exe
|-damage|p2a: Cut.Exe|0 fnt
|faint|p2a: Cut.Exe
|choice||switch 5
|
|switch|p2a: Need4Speed|Zapdos|383\/383
|turn|28
|choice|move 3|move 4
|
|move|p1a: Tauros|Hyper Beam|p2a: Need4Speed
|-damage|p2a: Need4Speed|175\/383
|move|p2a: Need4Speed|Toxic|p1a: Tauros
|-status|p1a: Tauros|tox
|
|turn|29
|-mustrecharge|p1a: Tauros
|-mustrecharge|p1a: Tauros
|choice|move 1|move 1
|
|cant|p1a: Tauros|recharge
|-damage|p1a: Tauros|66\/353 tox|[from] tox|[of] p2a: Need4Speed
|move|p2a: Need4Speed|Agility|p2a: Need4Speed
|-boost|p2a: Need4Speed|spe|2
|
|turn|30
|choice|move 3|move 2
|
|move|p2a: Need4Speed|Drill Peck|p1a: Tauros
|-crit|p1a: Tauros
|-damage|p1a: Tauros|0 fnt
|faint|p1a: Tauros
|choice|switch 6|
|
|switch|p1a: Rhydon|Rhydon|310\/413
|turn|31
|choice|move 2|move 2
|
|move|p2a: Need4Speed|Drill Peck|p1a: Rhydon
|-resisted|p1a: Rhydon
|-damage|p1a: Rhydon|272\/413
|move|p1a: Rhydon|Rock Slide|p2a: Need4Speed
|-crit|p2a: Need4Speed
|-supereffective|p2a: Need4Speed
|-damage|p2a: Need4Speed|0 fnt
|faint|p2a: Need4Speed
|choice||switch 3
|
|switch|p2a: Mega Gastly|Cloyster|37\/303
|turn|32
|choice|switch 3|move 1
|
|switch|p1a: Starmie|Starmie|269\/323
|move|p2a: Mega Gastly|Clamp|p1a: Starmie
|-crit|p1a: Starmie
|-resisted|p1a: Starmie
|-damage|p1a: Starmie|233\/323
|-activate|p1a: Starmie|move: Clamp|[of] p2a: Mega Gastly
|
|turn|33
|choice|move 3|move 1
|
|cant|p1a: Starmie|partiallytrapped
|move|p2a: Mega Gastly|Clamp|p1a: Starmie
|-damage|p1a: Starmie|197\/323
|
|-end|p1a: Starmie|Clamp|[partiallytrapped]
|turn|34
|choice|move 3|switch 4
|
|switch|p2a: Chance E|Chansey|556\/703 par
|move|p1a: Starmie|Recover|p1a: Starmie
|-heal|p1a: Starmie|323\/323
|
|turn|35
|choice|switch 3|move 4
|
|switch|p1a: Rhydon|Rhydon|272\/413
|move|p2a: Chance E|Flash|p1a: Rhydon|[miss]
|-miss|p2a: Chance E
|
|turn|36
|choice|move 1|switch 4
|
|switch|p2a: Mega Gastly|Cloyster|37\/303
|move|p1a: Rhydon|Earthquake|p2a: Mega Gastly
|-damage|p2a: Mega Gastly|0 fnt
|faint|p2a: Mega Gastly
|choice||switch 6
|
|switch|p2a: Derpizard|Charizard|359\/359
|turn|37
|choice|move 2|move 2
|
|move|p2a: Derpizard|Swords Dance|p2a: Derpizard
|-boost|p2a: Derpizard|atk|2
|move|p1a: Rhydon|Rock Slide|p2a: Derpizard
|-supereffective|p2a: Derpizard
|-damage|p2a: Derpizard|0 fnt
|faint|p2a: Derpizard
|choice||switch 2
|
|switch|p2a: Energy|Tauros|127\/353 par
|turn|38
|choice|move 1|move 2
|
|move|p1a: Rhydon|Earthquake|p2a: Energy
|-damage|p2a: Energy|0 fnt
|faint|p2a: Energy
|choice||switch 4
|
|switch|p2a: Chance E|Chansey|556\/703 par
|turn|39
|choice|move 4|move 4
|
|move|p1a: Rhydon|Substitute|p1a: Rhydon
|-start|p1a: Rhydon|Substitute
|-damage|p1a: Rhydon|169\/413
|move|p2a: Chance E|Flash|p1a: Rhydon|[miss]
|-miss|p2a: Chance E
|
|turn|40
|choice|move 1|move 3
|
|move|p1a: Rhydon|Earthquake|p2a: Chance E
|-damage|p2a: Chance E|192\/703 par
|cant|p2a: Chance E|par
|
|turn|41
|choice|move 1|move 3
|
|move|p1a: Rhydon|Earthquake|p2a: Chance E
|-damage|p2a: Chance E|0 fnt
|faint|p2a: Chance E
|
|win|Yubikwitus
|raw|Yubikwitus's rating: 1128 &rarr; <strong>1144<\/strong><br \/>(+16 for winning)
|raw|Ch01W0n5h1n's rating: 1000 &rarr; <strong>1000<\/strong><br \/>(+0 for losing)
|l|Ch01W0n5h1n
|player|p2
|c|★Yubikwitus|gg