|join|synser
|join|gen1masterrony
|player|p1|synser|169
|player|p2|gen1masterrony|169
|gametype|singles
|gen|1
|tier|[Gen 1] Random Battle
|rated
|rule|Sleep Clause Mod: Limit one foe put to sleep
|rule|Freeze Clause Mod: Limit one foe frozen
|rule|HP Percentage Mod: HP is shown in percentages
|
|start
|switch|p1a: Meowth|Meowth, L96|272\/272
|switch|p2a: Blastoise|Blastoise, L85|308\/308
|turn|1
|
|switch|p1a: Ivysaur|Ivysaur, L85|276\/276
|move|p2a: Blastoise|Body Slam|p1a: Ivysaur
|-crit|p1a: Ivysaur
|-damage|p1a: Ivysaur|156\/276
|
|turn|2
|
|switch|p2a: Farfetch'd|Farfetch'd, L99|304\/304
|move|p1a: Ivysaur|Leech Seed|p2a: Farfetch'd
|-start|p2a: Farfetch'd|move: Leech Seed
|
|turn|3
|
|move|p2a: Farfetch'd|Slash|p1a: Ivysaur
|-crit|p1a: Ivysaur
|-damage|p1a: Ivysaur|0 fnt
|faint|p1a: Ivysaur
|
|switch|p1a: Magneton|Magneton, L85|259\/259
|turn|4
|
|switch|p2a: Exeggutor|Exeggutor, L79|312\/312
|move|p1a: Magneton|Thunderbolt|p2a: Exeggutor
|-crit|p2a: Exeggutor
|-resisted|p2a: Exeggutor
|-damage|p2a: Exeggutor|221\/312
|
|turn|5
|
|move|p1a: Magneton|Thunder Wave|p2a: Exeggutor
|-status|p2a: Exeggutor|par
|move|p2a: Exeggutor|Sleep Powder|p1a: Magneton
|-status|p1a: Magneton|slp
|
|turn|6
|
|switch|p1a: Meowth|Meowth, L96|272\/272
|move|p2a: Exeggutor|Egg Bomb|p1a: Meowth
|-damage|p1a: Meowth|185\/272
|
|turn|7
|
|move|p1a: Meowth|Slash|p2a: Exeggutor
|-crit|p2a: Exeggutor
|-damage|p2a: Exeggutor|89\/312 par
|move|p2a: Exeggutor|Stun Spore|p1a: Meowth|[miss]
|-miss|p2a: Exeggutor
|
|turn|8
|
|move|p1a: Meowth|Slash|p2a: Exeggutor
|-crit|p2a: Exeggutor
|-damage|p2a: Exeggutor|0 fnt
|faint|p2a: Exeggutor
|
|switch|p2a: Hitmonchan|Hitmonchan, L85|259\/259
|turn|9
|
|switch|p1a: Butterfree|Butterfree, L85|276\/276
|move|p2a: Hitmonchan|Submission|p1a: Butterfree
|-crit|p1a: Butterfree
|-resisted|p1a: Butterfree
|-damage|p1a: Butterfree|218\/276
|-damage|p2a: Hitmonchan|245\/259|[from] recoil|[of] p1a: Butterfree
|
|turn|10
|
|switch|p2a: Blastoise|Blastoise, L85|308\/308
|move|p1a: Butterfree|Sleep Powder|p2a: Blastoise
|-status|p2a: Blastoise|slp
|
|turn|11
|
|switch|p2a: Charmander|Charmander, L96|270\/270
|move|p1a: Butterfree|Mega Drain|p2a: Charmander
|-resisted|p2a: Charmander
|-damage|p2a: Charmander|255\/270
|-heal|p1a: Butterfree|225\/276|[from] drain|[of] p2a: Charmander
|
|turn|12
|
|switch|p1a: Kangaskhan|Kangaskhan, L85|352\/352
|move|p2a: Charmander|Fire Blast|p1a: Kangaskhan
|-damage|p1a: Kangaskhan|187\/352
|
|turn|13
|
|move|p1a: Kangaskhan|Surf|p2a: Charmander
|-crit|p2a: Charmander
|-supereffective|p2a: Charmander
|-damage|p2a: Charmander|46\/270
|move|p2a: Charmander|Submission|p1a: Kangaskhan
|-supereffective|p1a: Kangaskhan
|-damage|p1a: Kangaskhan|74\/352
|-damage|p2a: Charmander|18\/270|[from] recoil|[of] p1a: Kangaskhan
|
|turn|14
|
|move|p1a: Kangaskhan|Surf|p2a: Charmander
|-supereffective|p2a: Charmander
|-damage|p2a: Charmander|0 fnt
|faint|p2a: Charmander
|
|switch|p2a: Hitmonchan|Hitmonchan, L85|245\/259
|turn|15
|
|move|p1a: Kangaskhan|Earthquake|p2a: Hitmonchan
|-damage|p2a: Hitmonchan|172\/259
|move|p2a: Hitmonchan|Submission|p1a: Kangaskhan|[miss]
|-miss|p2a: Hitmonchan
|
|turn|16
|
|move|p1a: Kangaskhan|Surf|p2a: Hitmonchan
|-damage|p2a: Hitmonchan|103\/259
|move|p2a: Hitmonchan|Body Slam|p1a: Kangaskhan
|-damage|p1a: Kangaskhan|9\/352
|
|turn|17
|
|switch|p2a: Farfetch'd|Farfetch'd, L99|304\/304
|move|p1a: Kangaskhan|Hyper Beam|p2a: Farfetch'd
|-damage|p2a: Farfetch'd|128\/304
|
|turn|18
|
|cant|p1a: Kangaskhan|recharge
|move|p2a: Farfetch'd|Slash|p1a: Kangaskhan
|-damage|p1a: Kangaskhan|0 fnt
|faint|p1a: Kangaskhan
|
|switch|p1a: Butterfree|Butterfree, L85|225\/276
|turn|19
|
|move|p2a: Farfetch'd|Slash|p1a: Butterfree
|-crit|p1a: Butterfree
|-damage|p1a: Butterfree|23\/276
|move|p1a: Butterfree|Sleep Powder|p2a: Farfetch'd
|-message|Sleep Clause Mod activated.
|
|turn|20
|
|move|p2a: Farfetch'd|Slash|p1a: Butterfree
|-crit|p1a: Butterfree
|-damage|p1a: Butterfree|0 fnt
|faint|p1a: Butterfree
|
|switch|p1a: Meowth|Meowth, L96|185\/272
|turn|21
|
|move|p1a: Meowth|Bubble Beam|p2a: Farfetch'd
|-damage|p2a: Farfetch'd|88\/304
|move|p2a: Farfetch'd|Slash|p1a: Meowth
|-crit|p1a: Meowth
|-damage|p1a: Meowth|0 fnt
|faint|p1a: Meowth
|
|switch|p1a: Magneton|Magneton, L85|259\/259 slp
|turn|22
|
|move|p2a: Farfetch'd|Slash|p1a: Magneton
|-crit|p1a: Magneton
|-damage|p1a: Magneton|110\/259 slp
|cant|p1a: Magneton|slp
|
|turn|23
|
|move|p2a: Farfetch'd|Slash|p1a: Magneton
|-crit|p1a: Magneton
|-damage|p1a: Magneton|0 fnt
|faint|p1a: Magneton
|c|★gen1masterrony|lol
|
|switch|p1a: Weepinbell|Weepinbell, L85|284\/284
|turn|24
|
|move|p2a: Farfetch'd|Slash|p1a: Weepinbell
|-crit|p1a: Weepinbell
|-damage|p1a: Weepinbell|83\/284
|move|p1a: Weepinbell|Razor Leaf|p2a: Farfetch'd
|-crit|p2a: Farfetch'd
|-resisted|p2a: Farfetch'd
|-damage|p2a: Farfetch'd|31\/304
|
|turn|25
|
|move|p2a: Farfetch'd|Slash|p1a: Weepinbell
|-crit|p1a: Weepinbell
|-damage|p1a: Weepinbell|0 fnt
|faint|p1a: Weepinbell
|
|win|gen1masterrony
|raw|Ladder updating...
|raw|synser's rating: 1040 &rarr; <strong>1029<\/strong><br \/>(-11 for losing)
|raw|gen1masterrony's rating: 1166 &rarr; <strong>1182<\/strong><br \/>(+16 for winning)
|c|★gen1masterrony|gg
|c|★synser|gg