|j|midnitefirefly
|j|Whoremaster
|player|p1|midnitefirefly|238
|player|p2|Whoremaster|43
|gametype|singles
|gen|1
|tier|[Gen 1] OU
|seed|37973,15628,44023,32493
|rule|Sleep Clause Mod: Limit one foe put to sleep
|rule|Freeze Clause Mod: Limit one foe frozen
|rule|Species Clause: Limit one of each Pokémon
|rule|OHKO Clause: OHKO moves are banned
|rule|Evasion Moves Clause: Evasion moves are banned
|rule|HP Percentage Mod: HP is shown in percentages
|
|start
|switch|p1a: Electrode|Electrode|323\/323
|switch|p2a: Old Mate|Alakazam|313\/313
|turn|1
|choice|switch 3|switch 3
|
|switch|p1a: Chansey|Chansey|703\/703
|switch|p2a: Bitch Tits|Chansey|703\/703
|
|turn|2
|choice|move 3|switch 3
|
|switch|p2a: Old Mate|Alakazam|313\/313
|move|p1a: Chansey|Ice Beam|p2a: Old Mate
|-damage|p2a: Old Mate|247\/313
|
|turn|3
|choice|move 3|move 1
|
|move|p2a: Old Mate|Psychic|p1a: Chansey
|-crit|p1a: Chansey
|-damage|p1a: Chansey|463\/703
|move|p1a: Chansey|Ice Beam|p2a: Old Mate
|-damage|p2a: Old Mate|189\/313
|
|turn|4
|choice|move 1|move 1
|
|move|p2a: Old Mate|Psychic|p1a: Chansey
|-crit|p1a: Chansey
|-damage|p1a: Chansey|214\/703
|-unboost|p1a: Chansey|spd|1
|-unboost|p1a: Chansey|spa|1
|move|p1a: Chansey|Thunder Wave|p2a: Old Mate
|-status|p2a: Old Mate|par
|
|turn|5
|choice|move 2|move 1
|
|move|p1a: Chansey|Soft-Boiled|p1a: Chansey
|-heal|p1a: Chansey|565\/703
|move|p2a: Old Mate|Psychic|p1a: Chansey
|-damage|p1a: Chansey|378\/703
|
|turn|6
|choice|move 2|move 4
|
|move|p1a: Chansey|Soft-Boiled|p1a: Chansey
|-heal|p1a: Chansey|703\/703
|cant|p2a: Old Mate|par
|
|turn|7
|choice|switch 4|move 4
|
|switch|p1a: Slowbro|Slowbro|393\/393
|move|p2a: Old Mate|Recover|p2a: Old Mate
|-heal|p2a: Old Mate|313\/313 par
|
|turn|8
|choice|move 3|switch 5
|
|switch|p2a: Jolteon|Jolteon|333\/333
|move|p1a: Slowbro|Amnesia|p1a: Slowbro
|-boost|p1a: Slowbro|spd|2
|-boost|p1a: Slowbro|spa|2
|
|turn|9
|choice|move 2|switch 3
|
|switch|p2a: Bitch Tits|Chansey|703\/703
|move|p1a: Slowbro|Surf|p2a: Bitch Tits
|-damage|p2a: Bitch Tits|526\/703
|
|turn|10
|choice|move 3|move 2
|
|move|p2a: Bitch Tits|Thunderbolt|p1a: Slowbro
|-crit|p1a: Slowbro
|-supereffective|p1a: Slowbro
|-damage|p1a: Slowbro|54\/393
|move|p1a: Slowbro|Amnesia|p1a: Slowbro
|-boost|p1a: Slowbro|spd|2
|-boost|p1a: Slowbro|spa|2
|
|turn|11
|choice|switch 2|move 2
|
|switch|p1a: Exeggutor|Exeggutor|393\/393
|move|p2a: Bitch Tits|Thunderbolt|p1a: Exeggutor
|-resisted|p1a: Exeggutor
|-damage|p1a: Exeggutor|360\/393
|
|turn|12
|choice|move 2|move 4
|
|move|p1a: Exeggutor|Sleep Powder|p2a: Bitch Tits
|-status|p2a: Bitch Tits|slp
|cant|p2a: Bitch Tits|slp
|
|turn|13
|choice|move 4|switch 5
|
|switch|p2a: Old Mate|Alakazam|313\/313 par
|move|p1a: Exeggutor|Psychic|p2a: Old Mate
|-resisted|p2a: Old Mate
|-damage|p2a: Old Mate|262\/313 par
|-unboost|p2a: Old Mate|spd|1
|-unboost|p2a: Old Mate|spa|1
|
|turn|14
|choice|switch 4|move 1
|
|switch|p1a: Chansey|Chansey|703\/703
|move|p2a: Old Mate|Psychic|p1a: Chansey
|-damage|p1a: Chansey|623\/703
|-unboost|p1a: Chansey|spd|1
|-unboost|p1a: Chansey|spa|1
|
|turn|15
|choice|move 3|move 1
|
|move|p1a: Chansey|Ice Beam|p2a: Old Mate
|-damage|p2a: Old Mate|196\/313 par
|move|p2a: Old Mate|Psychic|p1a: Chansey
|-damage|p1a: Chansey|489\/703
|-unboost|p1a: Chansey|spd|1
|-unboost|p1a: Chansey|spa|1
|
|turn|16
|choice|move 3|move 4
|
|move|p1a: Chansey|Ice Beam|p2a: Old Mate
|-damage|p2a: Old Mate|148\/313 par
|move|p2a: Old Mate|Recover|p2a: Old Mate
|-heal|p2a: Old Mate|304\/313 par
|
|turn|17
|choice|move 3|move 1
|
|move|p1a: Chansey|Ice Beam|p2a: Old Mate
|-damage|p2a: Old Mate|254\/313 par
|move|p2a: Old Mate|Psychic|p1a: Chansey
|-damage|p1a: Chansey|321\/703
|
|turn|18
|choice|move 2|move 1
|
|move|p1a: Chansey|Soft-Boiled|p1a: Chansey
|-heal|p1a: Chansey|672\/703
|cant|p2a: Old Mate|par
|
|turn|19
|choice|move 3|move 1
|
|move|p1a: Chansey|Ice Beam|p2a: Old Mate
|-damage|p2a: Old Mate|210\/313 par
|move|p2a: Old Mate|Psychic|p1a: Chansey
|-damage|p1a: Chansey|512\/703
|
|turn|20
|choice|move 3|move 1
|
|move|p1a: Chansey|Ice Beam|p2a: Old Mate
|-damage|p2a: Old Mate|166\/313 par
|cant|p2a: Old Mate|par
|
|turn|21
|choice|switch 2|move 4
|
|switch|p1a: Slowbro|Slowbro|54\/393
|move|p2a: Old Mate|Recover|p2a: Old Mate
|-heal|p2a: Old Mate|313\/313 par
|
|turn|22
|choice|move 4|switch 3
|
|switch|p2a: Jolteon|Jolteon|333\/333
|move|p1a: Slowbro|Rest|p1a: Slowbro
|-status|p1a: Slowbro|slp
|-heal|p1a: Slowbro|393\/393 slp|[silent]
|-status|p1a: Slowbro|slp|[from] move: Rest
|
|turn|23
|choice|switch 3|move 1
|
|switch|p1a: Electrode|Electrode|323\/323
|move|p2a: Jolteon|Thunderbolt|p1a: Electrode
|-resisted|p1a: Electrode
|-damage|p1a: Electrode|251\/323
|
|turn|24
|choice|move 2|switch 3
|
|switch|p2a: Old Mate|Alakazam|313\/313 par
|move|p1a: Electrode|Thunderbolt|p2a: Old Mate
|-damage|p2a: Old Mate|234\/313 par
|
|turn|25
|choice|switch 2|move 1
|
|switch|p1a: Chansey|Chansey|512\/703
|cant|p2a: Old Mate|par
|
|turn|26
|choice|move 3|move 4
|
|move|p1a: Chansey|Ice Beam|p2a: Old Mate
|-damage|p2a: Old Mate|166\/313 par
|move|p2a: Old Mate|Recover|p2a: Old Mate
|-heal|p2a: Old Mate|313\/313 par
|
|turn|27
|choice|switch 3|move 1
|
|switch|p1a: Slowbro|Slowbro|393\/393 slp
|move|p2a: Old Mate|Psychic|p1a: Slowbro
|-crit|p1a: Slowbro
|-resisted|p1a: Slowbro
|-damage|p1a: Slowbro|250\/393 slp
|
|turn|28
|choice|move 2|switch 3
|
|switch|p2a: Jolteon|Jolteon|333\/333
|cant|p1a: Slowbro|slp
|
|turn|29
|choice|switch 3|move 1
|
|switch|p1a: Chansey|Chansey|512\/703
|move|p2a: Jolteon|Thunderbolt|p1a: Chansey
|-damage|p1a: Chansey|407\/703
|
|turn|30
|choice|move 2|switch 5
|
|switch|p2a: Bitch Tits|Chansey|526\/703 slp
|move|p1a: Chansey|Soft-Boiled|p1a: Chansey
|-heal|p1a: Chansey|703\/703
|
|turn|31
|choice|switch 3|move 4
|
|switch|p1a: Slowbro|Slowbro|250\/393 slp
|cant|p2a: Bitch Tits|slp
|
|turn|32
|choice|move 2|switch 5
|
|switch|p2a: Jolteon|Jolteon|333\/333
|-curestatus|p1a: Slowbro|slp
|
|turn|33
|choice|switch 3|move 1
|
|switch|p1a: Chansey|Chansey|703\/703
|move|p2a: Jolteon|Thunderbolt|p1a: Chansey
|-damage|p1a: Chansey|587\/703
|-status|p1a: Chansey|par
|
|turn|34
|c|★Whoremaster|:(
|choice|move 1|move 4
|
|move|p2a: Jolteon|Double Kick|p1a: Chansey
|-supereffective|p1a: Chansey
|-damage|p1a: Chansey|485\/703 par
|-damage|p1a: Chansey|383\/703 par
|-hitcount|p1a: Chansey|2
|cant|p1a: Chansey|par
|
|turn|35
|choice|move 2|move 4
|
|move|p2a: Jolteon|Double Kick|p1a: Chansey
|-supereffective|p1a: Chansey
|-damage|p1a: Chansey|289\/703 par
|-damage|p1a: Chansey|195\/703 par
|-hitcount|p1a: Chansey|2
|move|p1a: Chansey|Soft-Boiled|p1a: Chansey
|-heal|p1a: Chansey|546\/703 par
|
|turn|36
|choice|move 1|move 4
|
|move|p2a: Jolteon|Double Kick|p1a: Chansey
|-supereffective|p1a: Chansey
|-damage|p1a: Chansey|450\/703 par
|-damage|p1a: Chansey|354\/703 par
|-hitcount|p1a: Chansey|2
|move|p1a: Chansey|Thunder Wave|p2a: Jolteon
|-status|p2a: Jolteon|par
|
|turn|37
|choice|move 2|switch 5
|
|switch|p2a: Bitch Tits|Chansey|526\/703 slp
|move|p1a: Chansey|Soft-Boiled|p1a: Chansey
|-heal|p1a: Chansey|703\/703 par
|
|turn|38
|choice|move 4|move 4
|
|cant|p2a: Bitch Tits|slp
|move|p1a: Chansey|Counter|p2a: Bitch Tits
|-damage|p2a: Bitch Tits|334\/703 slp
|
|turn|39
|choice|move 4|move 4
|
|-curestatus|p2a: Bitch Tits|slp
|move|p1a: Chansey|Counter|p2a: Bitch Tits
|-damage|p2a: Bitch Tits|0 fnt
|faint|p2a: Bitch Tits
|c|★Whoremaster|hmm forgot you can keep doing that
|choice||switch 2
|
|switch|p2a: Weird Cunt|Exeggutor|393\/393
|turn|40
|choice|move 3|switch 3
|
|switch|p2a: Old Mate|Alakazam|313\/313 par
|move|p1a: Chansey|Ice Beam|p2a: Old Mate
|-crit|p2a: Old Mate
|-damage|p2a: Old Mate|194\/313 par
|
|turn|41
|c|★Whoremaster|you typing out possibilities into your super computer?
|choice|move 3|move 4
|
|cant|p2a: Old Mate|par
|move|p1a: Chansey|Ice Beam|p2a: Old Mate
|-damage|p2a: Old Mate|131\/313 par
|
|turn|42
|choice|switch 3|move 4
|
|switch|p1a: Slowbro|Slowbro|250\/393
|move|p2a: Old Mate|Recover|p2a: Old Mate
|-heal|p2a: Old Mate|287\/313 par
|
|turn|43
|choice|move 3|move 2
|
|move|p1a: Slowbro|Amnesia|p1a: Slowbro
|-boost|p1a: Slowbro|spd|2
|-boost|p1a: Slowbro|spa|2
|move|p2a: Old Mate|Thunder Wave|p1a: Slowbro
|-status|p1a: Slowbro|par
|
|turn|44
|choice|move 2|switch 5
|
|switch|p2a: Jolteon|Jolteon|333\/333 par
|move|p1a: Slowbro|Surf|p2a: Jolteon
|-damage|p2a: Jolteon|145\/333 par
|
|turn|45
|choice|move 2|move 1
|
|move|p2a: Jolteon|Thunderbolt|p1a: Slowbro
|-supereffective|p1a: Slowbro
|-damage|p1a: Slowbro|123\/393 par
|move|p1a: Slowbro|Surf|p2a: Jolteon
|-damage|p2a: Jolteon|0 fnt
|faint|p2a: Jolteon
|choice||switch 3
|
|switch|p2a: Weird Cunt|Exeggutor|393\/393
|turn|46
|choice|move 4|move 2
|
|move|p2a: Weird Cunt|Double-Edge|p1a: Slowbro
|-damage|p1a: Slowbro|55\/393 par
|-damage|p2a: Weird Cunt|376\/393|[from] recoil|[of] p1a: Slowbro
|cant|p1a: Slowbro|par
|
|turn|47
|choice|move 4|move 2
|
|move|p2a: Weird Cunt|Double-Edge|p1a: Slowbro
|-damage|p1a: Slowbro|0 fnt
|-damage|p2a: Weird Cunt|363\/393|[from] recoil|[of] p1a: Slowbro
|faint|p1a: Slowbro
|choice|switch 4|
|
|switch|p1a: Exeggutor|Exeggutor|360\/393
|turn|48
|choice|move 2|switch 5
|
|switch|p2a: Old Mate|Alakazam|287\/313 par
|move|p1a: Exeggutor|Sleep Powder|p2a: Old Mate
|-fail|p2a: Old Mate
|
|turn|49
|choice|switch 3|move 3
|
|switch|p1a: Chansey|Chansey|703\/703 par
|move|p2a: Old Mate|Reflect|p2a: Old Mate
|-start|p2a: Old Mate|Reflect
|
|turn|50
|choice|move 3|move 2
|
|move|p2a: Old Mate|Thunder Wave|p1a: Chansey
|-fail|p1a: Chansey|par
|move|p1a: Chansey|Ice Beam|p2a: Old Mate
|-damage|p2a: Old Mate|227\/313 par
|
|turn|51
|choice|move 1|move 2
|
|move|p2a: Old Mate|Thunder Wave|p1a: Chansey
|-fail|p1a: Chansey|par
|cant|p1a: Chansey|par
|
|turn|52
|choice|move 1|move 2
|
|move|p2a: Old Mate|Thunder Wave|p1a: Chansey
|-fail|p1a: Chansey|par
|move|p1a: Chansey|Thunder Wave|p2a: Old Mate
|-fail|p2a: Old Mate|par
|
|turn|53
|choice|move 1|move 4
|
|move|p2a: Old Mate|Recover|p2a: Old Mate
|-heal|p2a: Old Mate|313\/313 par
|move|p1a: Chansey|Thunder Wave|p2a: Old Mate
|-fail|p2a: Old Mate|par
|
|turn|54
|choice|move 1|move 1
|
|move|p2a: Old Mate|Psychic|p1a: Chansey
|-crit|p1a: Chansey
|-damage|p1a: Chansey|473\/703 par
|move|p1a: Chansey|Thunder Wave|p2a: Old Mate
|-fail|p2a: Old Mate|par
|
|turn|55
|choice|move 2|move 1
|
|cant|p2a: Old Mate|par
|move|p1a: Chansey|Soft-Boiled|p1a: Chansey
|-heal|p1a: Chansey|703\/703 par
|
|turn|56
|choice|move 3|move 3
|
|cant|p2a: Old Mate|par
|cant|p1a: Chansey|par
|
|turn|57
|choice|move 3|move 2
|
|move|p2a: Old Mate|Thunder Wave|p1a: Chansey
|-fail|p1a: Chansey|par
|move|p1a: Chansey|Ice Beam|p2a: Old Mate
|-crit|p2a: Old Mate
|-damage|p2a: Old Mate|194\/313 par
|
|turn|58
|choice|move 3|move 4
|
|cant|p2a: Old Mate|par
|move|p1a: Chansey|Ice Beam|p2a: Old Mate
|-damage|p2a: Old Mate|136\/313 par
|
|turn|59
|choice|switch 5|move 4
|
|switch|p1a: Gengar|Gengar|323\/323
|move|p2a: Old Mate|Recover|p2a: Old Mate
|-heal|p2a: Old Mate|292\/313 par
|
|turn|60
|j|Mirabel_
|choice|move 3|move 1
|
|move|p1a: Gengar|Confuse Ray|p2a: Old Mate
|-start|p2a: Old Mate|confusion
|-activate|p2a: Old Mate|confusion
|move|p2a: Old Mate|Psychic|p1a: Gengar
|-crit|p1a: Gengar
|-supereffective|p1a: Gengar
|-damage|p1a: Gengar|0 fnt
|faint|p1a: Gengar
|choice|switch 3|
|
|switch|p1a: Exeggutor|Exeggutor|360\/393
|turn|61
|j|242mavsrule
|-message|midnitefirefly forfeited.
|
|win|Whoremaster
|l|midnitefirefly
|player|p1
|j|midnitefirefly
|player|p1|midnitefirefly|238
|c|★Whoremaster|gg
|l|Mirabel_
|l|242mavsrule
|j|TraceofLife
|l|midnitefirefly
|player|p1
|j|midnitefirefly
|player|p1|midnitefirefly|238