|join|axt
|join|Otherfiend007
|player|p1|axt|101
|player|p2|Otherfiend007|266
|gametype|singles
|gen|1
|tier|[Gen 1] Random Battle
|rated
|rule|Sleep Clause Mod: Limit one foe put to sleep
|rule|Freeze Clause Mod: Limit one foe frozen
|rule|HP Percentage Mod: HP is shown in percentages
|
|start
|switch|p1a: Aerodactyl|Aerodactyl, L85|310\/310
|switch|p2a: Squirtle|Squirtle, L96|279\/279
|turn|1
|
|switch|p1a: Slowbro|Slowbro, L79|312\/312
|move|p2a: Squirtle|Surf|p1a: Slowbro
|-resisted|p1a: Slowbro
|-damage|p1a: Slowbro|261\/312
|
|turn|2
|
|switch|p2a: Venomoth|Venomoth, L85|293\/293
|move|p1a: Slowbro|Amnesia|p1a: Slowbro
|-boost|p1a: Slowbro|spd|2
|-boost|p1a: Slowbro|spa|2
|
|turn|3
|
|move|p2a: Venomoth|Sleep Powder|p1a: Slowbro
|-status|p1a: Slowbro|slp
|cant|p1a: Slowbro|slp
|
|turn|4
|
|switch|p2a: Charizard|Charizard, L85|306\/306
|cant|p1a: Slowbro|slp
|
|turn|5
|
|move|p2a: Charizard|Swords Dance|p2a: Charizard
|-boost|p2a: Charizard|atk|2
|cant|p1a: Slowbro|slp
|-curestatus|p1a: Slowbro|slp
|
|turn|6
|
|move|p2a: Charizard|Hyper Beam|p1a: Slowbro
|-damage|p1a: Slowbro|94\/312
|move|p1a: Slowbro|Surf|p2a: Charizard
|-supereffective|p2a: Charizard
|-damage|p2a: Charizard|3\/306
|
|turn|7
|
|cant|p2a: Charizard|recharge
|move|p1a: Slowbro|Surf|p2a: Charizard
|-supereffective|p2a: Charizard
|-damage|p2a: Charizard|0 fnt
|faint|p2a: Charizard
|
|switch|p2a: Onix|Onix, L85|233\/233
|turn|8
|
|move|p2a: Onix|Earthquake|p1a: Slowbro
|-damage|p1a: Slowbro|31\/312
|move|p1a: Slowbro|Surf|p2a: Onix
|-supereffective|p2a: Onix
|-damage|p2a: Onix|0 fnt
|faint|p2a: Onix
|
|switch|p2a: Nidoking|Nidoking, L85|311\/311
|turn|9
|
|move|p2a: Nidoking|Thunderbolt|p1a: Slowbro
|-supereffective|p1a: Slowbro
|-damage|p1a: Slowbro|0 fnt
|faint|p1a: Slowbro
|
|switch|p1a: Kangaskhan|Kangaskhan, L85|352\/352
|turn|10
|
|move|p1a: Kangaskhan|Earthquake|p2a: Nidoking
|-supereffective|p2a: Nidoking
|-damage|p2a: Nidoking|162\/311
|move|p2a: Nidoking|Earthquake|p1a: Kangaskhan
|-damage|p1a: Kangaskhan|232\/352
|
|turn|11
|
|switch|p2a: Chansey|Chansey, L79|557\/557
|move|p1a: Kangaskhan|Earthquake|p2a: Chansey
|-damage|p2a: Chansey|355\/557
|
|turn|12
|
|move|p1a: Kangaskhan|Earthquake|p2a: Chansey
|-damage|p2a: Chansey|154\/557
|move|p2a: Chansey|Thunder Wave|p1a: Kangaskhan
|-status|p1a: Kangaskhan|par
|
|turn|13
|
|move|p2a: Chansey|Soft-Boiled|p2a: Chansey
|-heal|p2a: Chansey|432\/557
|move|p1a: Kangaskhan|Earthquake|p2a: Chansey
|-damage|p2a: Chansey|237\/557
|
|turn|14
|
|move|p2a: Chansey|Soft-Boiled|p2a: Chansey
|-heal|p2a: Chansey|515\/557
|move|p1a: Kangaskhan|Earthquake|p2a: Chansey
|-damage|p2a: Chansey|334\/557
|
|turn|15
|
|move|p2a: Chansey|Reflect|p2a: Chansey
|move|p1a: Kangaskhan|Earthquake|p2a: Chansey
|-damage|p2a: Chansey|237\/557
|
|turn|16
|
|move|p2a: Chansey|Soft-Boiled|p2a: Chansey
|-heal|p2a: Chansey|515\/557
|move|p1a: Kangaskhan|Surf|p2a: Chansey
|-damage|p2a: Chansey|473\/557
|
|turn|17
|
|switch|p1a: Gloom|Gloom, L85|276\/276
|move|p2a: Chansey|Ice Beam|p1a: Gloom
|-supereffective|p1a: Gloom
|-damage|p1a: Gloom|155\/276
|
|turn|18
|
|move|p2a: Chansey|Thunder Wave|p1a: Gloom
|-status|p1a: Gloom|par
|move|p1a: Gloom|Sleep Powder|p2a: Chansey
|-status|p2a: Chansey|slp
|
|turn|19
|
|cant|p2a: Chansey|slp
|cant|p1a: Gloom|par
|
|turn|20
|
|cant|p2a: Chansey|slp
|cant|p1a: Gloom|par
|
|turn|21
|c|★Otherfiend007|good turns sir
|
|cant|p2a: Chansey|slp
|cant|p1a: Gloom|par
|
|turn|22
|
|cant|p2a: Chansey|slp
|move|p1a: Gloom|Swords Dance|p1a: Gloom
|-boost|p1a: Gloom|atk|2
|
|turn|23
|
|cant|p2a: Chansey|slp
|cant|p1a: Gloom|par
|
|turn|24
|
|cant|p2a: Chansey|slp
|-curestatus|p2a: Chansey|slp
|move|p1a: Gloom|Sleep Powder|p2a: Chansey
|-status|p2a: Chansey|slp
|
|turn|25
|c|★Otherfiend007|aurgraagag
|
|cant|p2a: Chansey|slp
|move|p1a: Gloom|Double-Edge|p2a: Chansey
|-damage|p2a: Chansey|317\/557 slp
|-damage|p1a: Gloom|116\/276 par|[from] recoil|[of] p2a: Chansey
|
|turn|26
|
|cant|p2a: Chansey|slp
|move|p1a: Gloom|Swords Dance|p1a: Gloom
|-boost|p1a: Gloom|atk|2
|
|turn|27
|
|cant|p2a: Chansey|slp
|move|p1a: Gloom|Swords Dance|p1a: Gloom
|-boost|p1a: Gloom|atk|2
|
|turn|28
|
|cant|p2a: Chansey|slp
|cant|p1a: Gloom|par
|
|turn|29
|
|cant|p2a: Chansey|slp
|move|p1a: Gloom|Double-Edge|p2a: Chansey
|-damage|p2a: Chansey|7\/557 slp
|-damage|p1a: Gloom|39\/276 par|[from] recoil|[of] p2a: Chansey
|
|turn|30
|
|cant|p2a: Chansey|slp
|-curestatus|p2a: Chansey|slp
|move|p1a: Gloom|Double-Edge|p2a: Chansey
|-damage|p2a: Chansey|0 fnt
|-damage|p1a: Gloom|38\/276 par|[from] recoil|[of] p2a: Chansey
|faint|p2a: Chansey
|
|switch|p2a: Venomoth|Venomoth, L85|293\/293
|turn|31
|
|move|p2a: Venomoth|Psychic|p1a: Gloom
|-crit|p1a: Gloom
|-supereffective|p1a: Gloom
|-damage|p1a: Gloom|0 fnt
|faint|p1a: Gloom
|
|switch|p1a: Aerodactyl|Aerodactyl, L85|310\/310
|turn|32
|
|switch|p2a: Nidoking|Nidoking, L85|162\/311
|move|p1a: Aerodactyl|Sky Attack|p2a: Nidoking|[still]
|-prepare|p1a: Aerodactyl|Sky Attack|p2a: Nidoking
|
|turn|33
|
|move|p1a: Aerodactyl|Sky Attack|p2a: Nidoking
|-damage|p2a: Nidoking|0 fnt
|faint|p2a: Nidoking
|
|switch|p2a: Venomoth|Venomoth, L85|293\/293
|turn|34
|
|move|p1a: Aerodactyl|Sky Attack|p2a: Venomoth|[still]
|-prepare|p1a: Aerodactyl|Sky Attack|p2a: Venomoth
|move|p2a: Venomoth|Sleep Powder|p1a: Aerodactyl
|-status|p1a: Aerodactyl|slp
|
|turn|35
|
|cant|p1a: Aerodactyl|slp
|move|p2a: Venomoth|Psychic|p1a: Aerodactyl
|-damage|p1a: Aerodactyl|232\/310 slp
|
|turn|36
|
|cant|p1a: Aerodactyl|slp
|move|p2a: Venomoth|Psychic|p1a: Aerodactyl
|-damage|p1a: Aerodactyl|159\/310 slp
|-unboost|p1a: Aerodactyl|spd|1
|-unboost|p1a: Aerodactyl|spa|1
|
|turn|37
|
|switch|p1a: Goldeen|Goldeen, L96|281\/281
|move|p2a: Venomoth|Psychic|p1a: Goldeen
|-damage|p1a: Goldeen|201\/281
|
|turn|38
|
|move|p2a: Venomoth|Stun Spore|p1a: Goldeen|[miss]
|-miss|p2a: Venomoth
|move|p1a: Goldeen|Supersonic|p2a: Venomoth|[miss]
|-miss|p1a: Goldeen
|
|turn|39
|
|move|p2a: Venomoth|Stun Spore|p1a: Goldeen
|-status|p1a: Goldeen|par
|move|p1a: Goldeen|Supersonic|p2a: Venomoth
|-start|p2a: Venomoth|confusion
|
|turn|40
|
|-activate|p2a: Venomoth|confusion
|-damage|p2a: Venomoth|261\/293|[from] confusion
|cant|p1a: Goldeen|par
|
|turn|41
|
|-activate|p2a: Venomoth|confusion
|move|p2a: Venomoth|Mega Drain|p1a: Goldeen
|-supereffective|p1a: Goldeen
|-damage|p1a: Goldeen|131\/281 par
|-heal|p2a: Venomoth|293\/293|[from] drain|[of] p1a: Goldeen
|cant|p1a: Goldeen|par
|
|turn|42
|
|switch|p1a: Kangaskhan|Kangaskhan, L85|232\/352 par
|-activate|p2a: Venomoth|confusion
|-damage|p2a: Venomoth|261\/293|[from] confusion
|
|turn|43
|
|-end|p2a: Venomoth|confusion
|move|p2a: Venomoth|Psychic|p1a: Kangaskhan
|-damage|p1a: Kangaskhan|133\/352 par
|-unboost|p1a: Kangaskhan|spd|1
|-unboost|p1a: Kangaskhan|spa|1
|cant|p1a: Kangaskhan|par
|
|turn|44
|
|move|p2a: Venomoth|Psychic|p1a: Kangaskhan
|-damage|p1a: Kangaskhan|0 fnt
|faint|p1a: Kangaskhan
|
|switch|p1a: Goldeen|Goldeen, L96|131\/281 par
|turn|45
|
|move|p2a: Venomoth|Psychic|p1a: Goldeen
|-damage|p1a: Goldeen|53\/281 par
|cant|p1a: Goldeen|par
|
|turn|46
|
|move|p2a: Venomoth|Mega Drain|p1a: Goldeen
|-supereffective|p1a: Goldeen
|-damage|p1a: Goldeen|0 fnt
|-heal|p2a: Venomoth|287\/293|[from] drain|[of] p1a: Goldeen
|faint|p1a: Goldeen
|c|★axt|you lucky fuck
|c|★Otherfiend007|big part of gen one :(
|
|switch|p1a: Venusaur|Venusaur, L85|310\/310
|turn|47
|c|★Otherfiend007|you have to love it
|c|★Otherfiend007|or hate the format, lol
|
|move|p2a: Venomoth|Stun Spore|p1a: Venusaur|[miss]
|-miss|p2a: Venomoth
|move|p1a: Venusaur|Sleep Powder|p2a: Venomoth
|-status|p2a: Venomoth|slp
|
|turn|48
|c|★axt|why did they add the glitches of gen1to the gameplay in showdown
|c|★axt|its just stupid
|c|★Otherfiend007|because its supposed to be just like gen one?
|c|★Otherfiend007|they werent glitches
|
|cant|p2a: Venomoth|slp
|-curestatus|p2a: Venomoth|slp
|move|p1a: Venusaur|Swords Dance|p1a: Venusaur
|-boost|p1a: Venusaur|atk|2
|
|turn|49
|c|★Otherfiend007|they were the way the game was, lol
|
|move|p2a: Venomoth|Stun Spore|p1a: Venusaur
|-status|p1a: Venusaur|par
|move|p1a: Venusaur|Body Slam|p2a: Venomoth
|-damage|p2a: Venomoth|146\/293
|
|turn|50
|
|move|p2a: Venomoth|Psychic|p1a: Venusaur
|-supereffective|p1a: Venusaur
|-damage|p1a: Venusaur|205\/310 par
|move|p1a: Venusaur|Body Slam|p2a: Venomoth
|-damage|p2a: Venomoth|9\/293
|
|turn|51
|c|★axt|a random 100% accuracy move can miss at 0.4%
|
|move|p2a: Venomoth|Psychic|p1a: Venusaur
|-supereffective|p1a: Venusaur
|-damage|p1a: Venusaur|99\/310 par
|-unboost|p1a: Venusaur|spd|1
|-unboost|p1a: Venusaur|spa|1
|move|p1a: Venusaur|Body Slam|p2a: Venomoth
|-damage|p2a: Venomoth|0 fnt
|faint|p2a: Venomoth
|c|★Otherfiend007|hitmonchan is a dodgin machine
|c|★Otherfiend007|sometimes you miss :P
|c|★axt|ive lost quite a few because of that
|
|switch|p2a: Squirtle|Squirtle, L96|279\/279
|turn|52
|
|switch|p1a: Aerodactyl|Aerodactyl, L85|159\/310 slp
|move|p2a: Squirtle|Blizzard|p1a: Aerodactyl|[miss]
|-miss|p2a: Squirtle
|
|turn|53
|c|★Otherfiend007|the wire
|c|★Otherfiend007|it is down to it :P
|
|cant|p1a: Aerodactyl|slp
|-curestatus|p1a: Aerodactyl|slp
|move|p2a: Squirtle|Surf|p1a: Aerodactyl
|-crit|p1a: Aerodactyl
|-supereffective|p1a: Aerodactyl
|-damage|p1a: Aerodactyl|0 fnt
|faint|p1a: Aerodactyl
|c|★Otherfiend007|shiiiii
|
|switch|p1a: Venusaur|Venusaur, L85|99\/310 par
|turn|54
|c|★Otherfiend007|come on squirtle
|c|★Otherfiend007|use those sunglasses
|
|move|p2a: Squirtle|Blizzard|p1a: Venusaur
|-supereffective|p1a: Venusaur
|-damage|p1a: Venusaur|0 fnt
|faint|p1a: Venusaur
|
|win|Otherfiend007
|raw|Ladder updating...
|c|★Otherfiend007|woo hoo
|raw|axt's rating: 1278 &rarr; <strong>1260<\/strong><br \/>(-18 for losing)
|raw|Otherfiend007's rating: 1370 &rarr; <strong>1385<\/strong><br \/>(+15 for winning)
|c|★Otherfiend007|gg
|c|★axt|i feel stupid i lost to you
|c|★Otherfiend007|lol
|c|★Otherfiend007|why
|c|★Otherfiend007|im much higher than you
|c|★axt|7+ lost turns
|c|★Otherfiend007|id have felt worse
|c|★axt|cause of paralysis
|c|★Otherfiend007|please
|c|★Otherfiend007|chansey should have destroyed you
|c|★Otherfiend007|6 turns sleep in a row
|c|★Otherfiend007|he was checking everything you had
|c|★axt|i was actual aiming for that stall
|c|★Otherfiend007|why?
|c|★Otherfiend007|to t wave your whole team?
|c|★axt|cause i have nothing to counter chansey
|c|★Otherfiend007|lol
|c|★Otherfiend007|i know
|c|★axt|so i had to build up
|c|★Otherfiend007|that was the hax of this match
|c|★Otherfiend007|not anything i did ;)
|c|★Otherfiend007|trustme
|c|★axt|but then i missed half my attacks
|c|★Otherfiend007|i was not doing the "non- raging" on my end
|c|★Otherfiend007|i was like WHAT THE FUCK ARE YOU DREAMING OFF
|c|★Otherfiend007|SUCKING OFF BIRDOS EGGS?
|c|★Otherfiend007|WAKE THE FUCK UP YOU FAT PINK FUCK OF DESTRUCTION!!!!
|c|★axt|i had 3 turns of full paralysis in a row
|c|★Otherfiend007|haha
|c|★axt|while chansey was asleep
|c|★Otherfiend007|50% chance
|c|★Otherfiend007|i was sleeping for 6
|c|★Otherfiend007|pretty sure youre still winning them rngs there
|c|★axt|last match
|c|★axt|i had beedrill
|c|★axt|x4 attack and x2 speed
|c|★axt|i used twin needle
|c|★axt|100% accuracy
|c|★axt|it missed
|c|★axt|i got hit by blizzard
|c|★axt|and frozen
|c|★axt|and i lost
|c|★axt|i could have swept the whole team with just beedrill
|c|★axt|but no cause fuck gen 1
|c|★Otherfiend007|lol
|c|★Otherfiend007|sometimes that your only hope on the other side though
|c|★Otherfiend007|and you just gotta go for it
|c|★Otherfiend007|ive fired blizz into amnesia slowbro so many times
|c|★Otherfiend007|and frozen him
|c|★Otherfiend007|and people are like "WTF man?"
|c|★Otherfiend007|and im looking at like metapod and shit on my side and im like
|c|★Otherfiend007|dude...fuck you
|c|★Otherfiend007|youre the one thats got the super team i cant beat
|c|★Otherfiend007|and ive only really got a 10% chance of killing that fucker
|c|★Otherfiend007|i used my only good strat which was a gamble and it paid off
|c|★axt|i used metapod only for stringshot
|c|★Otherfiend007|im the master stratigian, fuck you
|c|★Otherfiend007|youre the lucky asshole with the golden horseshoe team :D
|c|★Otherfiend007|yeah
|c|★Otherfiend007|weedle is better cause you can psn too
|c|★axt|yeah
|c|★Otherfiend007|*shrugs*
|c|★axt|but make do with what you hav
|c|★axt|have
|c|★Otherfiend007|i didnt get to +1300 by just good playing
|c|★axt|you need luck too
|c|★Otherfiend007|i got to +1300 with good playing and hoping luck is with me when it sall you got
|c|★Otherfiend007|:D
|c|★Otherfiend007|you gotta know when to freeze em ;)
|c|★Otherfiend007|honestly my plan with chansey was to just para you whole team
|c|★axt|thats why i dont switch much
|c|★Otherfiend007|he could treat and check everything i had seen, and soft boiled\/reflect let him just sit there
|c|★Otherfiend007|yeah