|j|Dazmi
|j|RedGreenYellowBlue
|player|p1|Dazmi|65
|player|p2|RedGreenYellowBlue|163
|gametype|singles
|gen|1
|tier|[Gen 1] OU
|rated
|seed|
|rule|Sleep Clause Mod: Limit one foe put to sleep
|rule|Freeze Clause Mod: Limit one foe frozen
|rule|Species Clause: Limit one of each Pokémon
|rule|OHKO Clause: OHKO moves are banned
|rule|Evasion Moves Clause: Evasion moves are banned
|rule|HP Percentage Mod: HP is shown in percentages
|
|start
|switch|p1a: Victreebel|Victreebel|100\/100
|switch|p2a: Charizard|Charizard, M|100\/100
|turn|1
|choice||
|
|switch|p1a: Cloyster|Cloyster|100\/100
|move|p2a: Charizard|Fire Blast|p1a: Cloyster
|-damage|p1a: Cloyster|53\/100
|-status|p1a: Cloyster|brn
|
|turn|2
|choice||
|
|switch|p2a: Victreebel|Victreebel|100\/100
|move|p1a: Cloyster|Clamp|p2a: Victreebel
|-resisted|p2a: Victreebel
|-damage|p2a: Victreebel|95\/100
|-damage|p1a: Cloyster|47\/100 brn|[from] brn|[of] p2a: Victreebel
|
|turn|3
|choice||
|
|cant|p2a: Victreebel|partiallytrapped
|move|p1a: Cloyster|Clamp|p2a: Victreebel|[from]Clamp
|-damage|p2a: Victreebel|89\/100
|-damage|p1a: Cloyster|41\/100 brn|[from] brn|[of] p2a: Victreebel
|
|turn|4
|choice||
|
|cant|p2a: Victreebel|partiallytrapped
|move|p1a: Cloyster|Clamp|p2a: Victreebel|[from]Clamp
|-damage|p2a: Victreebel|84\/100
|-damage|p1a: Cloyster|35\/100 brn|[from] brn|[of] p2a: Victreebel
|
|turn|5
|choice||
|
|move|p2a: Victreebel|Wrap|p1a: Cloyster
|-damage|p1a: Cloyster|33\/100 brn
|cant|p1a: Cloyster|partiallytrapped
|-damage|p1a: Cloyster|27\/100 brn|[from] brn|[of] p2a: Victreebel
|
|turn|6
|choice||
|
|cant|p1a: Cloyster|partiallytrapped
|-damage|p1a: Cloyster|21\/100 brn|[from] brn|[of] p2a: Victreebel
|move|p2a: Victreebel|Wrap|p1a: Cloyster|[from]Wrap
|-damage|p1a: Cloyster|18\/100 brn
|
|turn|7
|choice||
|
|cant|p1a: Cloyster|partiallytrapped
|-damage|p1a: Cloyster|12\/100 brn|[from] brn|[of] p2a: Victreebel
|move|p2a: Victreebel|Wrap|p1a: Cloyster|[from]Wrap
|-damage|p1a: Cloyster|9\/100 brn
|
|turn|8
|choice||
|
|move|p2a: Victreebel|Wrap|p1a: Cloyster
|-damage|p1a: Cloyster|6\/100 brn
|cant|p1a: Cloyster|partiallytrapped
|-damage|p1a: Cloyster|0 fnt|[from] brn|[of] p2a: Victreebel
|faint|p1a: Cloyster
|choice||
|
|switch|p1a: Alakazam|Alakazam|100\/100
|turn|9
|choice||
|
|switch|p2a: Charizard|Charizard, M|100\/100
|move|p1a: Alakazam|Psychic|p2a: Charizard
|-damage|p2a: Charizard|62\/100
|
|turn|10
|choice||
|
|move|p1a: Alakazam|Thunder Wave|p2a: Charizard
|-status|p2a: Charizard|par
|cant|p2a: Charizard|par
|
|turn|11
|choice||
|
|switch|p1a: Dragonite|Dragonite|100\/100
|move|p2a: Charizard|Mega Kick|p1a: Dragonite
|-damage|p1a: Dragonite|80\/100
|
|turn|12
|choice||
|
|move|p1a: Dragonite|Agility|p1a: Dragonite
|-boost|p1a: Dragonite|spe|2
|move|p2a: Charizard|Mega Kick|p1a: Dragonite
|-crit|p1a: Dragonite
|-damage|p1a: Dragonite|38\/100
|
|turn|13
|choice||
|
|move|p1a: Dragonite|Wrap|p2a: Charizard
|-crit|p2a: Charizard
|-damage|p2a: Charizard|52\/100 par
|cant|p2a: Charizard|partiallytrapped
|
|turn|14
|choice||
|
|move|p1a: Dragonite|Wrap|p2a: Charizard|[from]Wrap
|-damage|p2a: Charizard|42\/100 par
|cant|p2a: Charizard|partiallytrapped
|
|turn|15
|choice||
|
|move|p1a: Dragonite|Wrap|p2a: Charizard
|-damage|p2a: Charizard|37\/100 par
|cant|p2a: Charizard|partiallytrapped
|
|turn|16
|choice||
|
|move|p1a: Dragonite|Wrap|p2a: Charizard|[from]Wrap
|-damage|p2a: Charizard|32\/100 par
|cant|p2a: Charizard|partiallytrapped
|
|turn|17
|choice||
|
|move|p1a: Dragonite|Wrap|p2a: Charizard|[from]Wrap
|-damage|p2a: Charizard|27\/100 par
|cant|p2a: Charizard|partiallytrapped
|
|turn|18
|choice||
|
|move|p1a: Dragonite|Wrap|p2a: Charizard|[from]Wrap
|-damage|p2a: Charizard|22\/100 par
|cant|p2a: Charizard|partiallytrapped
|
|turn|19
|choice||
|
|move|p1a: Dragonite|Hyper Beam|p2a: Charizard
|-damage|p2a: Charizard|0 fnt
|faint|p2a: Charizard
|choice||
|
|switch|p2a: Kabutops|Kabutops|100\/100
|turn|20
|choice||
|
|move|p1a: Dragonite|Wrap|p2a: Kabutops
|-resisted|p2a: Kabutops
|-damage|p2a: Kabutops|98\/100
|cant|p2a: Kabutops|partiallytrapped
|
|turn|21
|choice||
|
|move|p1a: Dragonite|Wrap|p2a: Kabutops|[from]Wrap
|-damage|p2a: Kabutops|96\/100
|cant|p2a: Kabutops|partiallytrapped
|
|turn|22
|choice||
|
|move|p1a: Dragonite|Wrap|p2a: Kabutops|[from]Wrap
|-damage|p2a: Kabutops|94\/100
|cant|p2a: Kabutops|partiallytrapped
|
|turn|23
|choice||
|
|move|p1a: Dragonite|Wrap|p2a: Kabutops
|-resisted|p2a: Kabutops
|-damage|p2a: Kabutops|92\/100
|cant|p2a: Kabutops|partiallytrapped
|
|turn|24
|choice||
|
|move|p1a: Dragonite|Wrap|p2a: Kabutops|[from]Wrap
|-damage|p2a: Kabutops|90\/100
|cant|p2a: Kabutops|partiallytrapped
|
|turn|25
|choice||
|
|move|p1a: Dragonite|Wrap|p2a: Kabutops|[from]Wrap
|-damage|p2a: Kabutops|87\/100
|cant|p2a: Kabutops|partiallytrapped
|
|turn|26
|choice||
|
|move|p1a: Dragonite|Wrap|p2a: Kabutops
|-resisted|p2a: Kabutops
|-damage|p2a: Kabutops|85\/100
|cant|p2a: Kabutops|partiallytrapped
|
|turn|27
|choice||
|
|move|p1a: Dragonite|Wrap|p2a: Kabutops|[from]Wrap
|-damage|p2a: Kabutops|83\/100
|cant|p2a: Kabutops|partiallytrapped
|
|turn|28
|choice||
|
|move|p1a: Dragonite|Wrap|p2a: Kabutops|[from]Wrap
|-damage|p2a: Kabutops|81\/100
|cant|p2a: Kabutops|partiallytrapped
|
|turn|29
|choice||
|
|move|p1a: Dragonite|Wrap|p2a: Kabutops
|-resisted|p2a: Kabutops
|-damage|p2a: Kabutops|79\/100
|cant|p2a: Kabutops|partiallytrapped
|
|turn|30
|choice||
|
|move|p1a: Dragonite|Wrap|p2a: Kabutops|[from]Wrap
|-damage|p2a: Kabutops|77\/100
|cant|p2a: Kabutops|partiallytrapped
|
|turn|31
|choice||
|
|move|p1a: Dragonite|Wrap|p2a: Kabutops|[from]Wrap
|-damage|p2a: Kabutops|74\/100
|cant|p2a: Kabutops|partiallytrapped
|
|turn|32
|choice||
|
|move|p1a: Dragonite|Wrap|p2a: Kabutops|[from]Wrap
|-damage|p2a: Kabutops|72\/100
|cant|p2a: Kabutops|partiallytrapped
|
|turn|33
|choice||
|
|move|p1a: Dragonite|Wrap|p2a: Kabutops
|-resisted|p2a: Kabutops
|-damage|p2a: Kabutops|70\/100
|cant|p2a: Kabutops|partiallytrapped
|
|turn|34
|choice||
|
|move|p1a: Dragonite|Wrap|p2a: Kabutops|[from]Wrap
|-damage|p2a: Kabutops|67\/100
|cant|p2a: Kabutops|partiallytrapped
|
|turn|35
|choice||
|
|move|p1a: Dragonite|Wrap|p2a: Kabutops|[from]Wrap
|-damage|p2a: Kabutops|65\/100
|cant|p2a: Kabutops|partiallytrapped
|
|turn|36
|choice||
|
|move|p1a: Dragonite|Wrap|p2a: Kabutops
|-resisted|p2a: Kabutops
|-damage|p2a: Kabutops|63\/100
|cant|p2a: Kabutops|partiallytrapped
|
|turn|37
|choice||
|
|move|p1a: Dragonite|Wrap|p2a: Kabutops|[from]Wrap
|-damage|p2a: Kabutops|61\/100
|cant|p2a: Kabutops|partiallytrapped
|
|turn|38
|choice||
|
|move|p1a: Dragonite|Wrap|p2a: Kabutops|[from]Wrap
|-damage|p2a: Kabutops|58\/100
|cant|p2a: Kabutops|partiallytrapped
|
|turn|39
|choice||
|
|move|p1a: Dragonite|Wrap|p2a: Kabutops
|-resisted|p2a: Kabutops
|-damage|p2a: Kabutops|57\/100
|cant|p2a: Kabutops|partiallytrapped
|
|turn|40
|choice||
|
|move|p1a: Dragonite|Wrap|p2a: Kabutops|[from]Wrap
|-damage|p2a: Kabutops|55\/100
|cant|p2a: Kabutops|partiallytrapped
|
|turn|41
|choice||
|
|move|p1a: Dragonite|Wrap|p2a: Kabutops
|-resisted|p2a: Kabutops
|-damage|p2a: Kabutops|53\/100
|cant|p2a: Kabutops|partiallytrapped
|
|turn|42
|choice||
|
|move|p1a: Dragonite|Wrap|p2a: Kabutops|[from]Wrap
|-damage|p2a: Kabutops|50\/100
|cant|p2a: Kabutops|partiallytrapped
|
|turn|43
|choice||
|
|move|p1a: Dragonite|Wrap|p2a: Kabutops
|-resisted|p2a: Kabutops
|-damage|p2a: Kabutops|48\/100
|cant|p2a: Kabutops|partiallytrapped
|
|turn|44
|choice||
|
|move|p1a: Dragonite|Wrap|p2a: Kabutops|[from]Wrap
|-damage|p2a: Kabutops|46\/100
|cant|p2a: Kabutops|partiallytrapped
|
|turn|45
|choice||
|
|move|p1a: Dragonite|Wrap|p2a: Kabutops|[from]Wrap
|-damage|p2a: Kabutops|44\/100
|cant|p2a: Kabutops|partiallytrapped
|
|turn|46
|choice||
|
|move|p1a: Dragonite|Hyper Beam|p2a: Kabutops
|-resisted|p2a: Kabutops
|-damage|p2a: Kabutops|22\/100
|move|p2a: Kabutops|Ice Beam|p1a: Dragonite
|-supereffective|p1a: Dragonite
|-damage|p1a: Dragonite|0 fnt
|faint|p1a: Dragonite
|choice||
|
|switch|p1a: Victreebel|Victreebel|100\/100
|turn|47
|choice||
|
|switch|p2a: Victreebel|Victreebel|84\/100
|move|p1a: Victreebel|Razor Leaf|p2a: Victreebel
|-crit|p2a: Victreebel
|-resisted|p2a: Victreebel
|-damage|p2a: Victreebel|76\/100
|
|turn|48
|choice||
|
|switch|p1a: Alakazam|Alakazam|100\/100
|move|p2a: Victreebel|Wrap|p1a: Alakazam
|-damage|p1a: Alakazam|94\/100
|
|turn|49
|c|★RedGreenYellowBlue|its raping time!
|choice||
|
|cant|p1a: Alakazam|partiallytrapped
|move|p2a: Victreebel|Wrap|p1a: Alakazam|[from]Wrap
|-damage|p1a: Alakazam|87\/100
|
|turn|50
|choice||
|
|move|p1a: Alakazam|Psychic|p2a: Victreebel
|-supereffective|p2a: Victreebel
|-damage|p2a: Victreebel|0 fnt
|faint|p2a: Victreebel
|choice||
|
|switch|p2a: Jolteon|Jolteon|100\/100
|turn|51
|choice||
|
|move|p2a: Jolteon|Pin Missile|p1a: Alakazam
|-supereffective|p1a: Alakazam
|-damage|p1a: Alakazam|78\/100
|-damage|p1a: Alakazam|69\/100
|-damage|p1a: Alakazam|60\/100
|-damage|p1a: Alakazam|51\/100
|-damage|p1a: Alakazam|42\/100
|-hitcount|p1a: Alakazam|5
|move|p1a: Alakazam|Psychic|p2a: Jolteon
|-damage|p2a: Jolteon|61\/100
|
|turn|52
|choice||
|
|switch|p1a: Tauros|Tauros|100\/100
|move|p2a: Jolteon|Thunder Wave|p1a: Tauros
|-status|p1a: Tauros|par
|
|turn|53
|choice||
|
|move|p2a: Jolteon|Double Kick|p1a: Tauros
|-supereffective|p1a: Tauros
|-damage|p1a: Tauros|90\/100 par
|-damage|p1a: Tauros|79\/100 par
|-hitcount|p1a: Tauros|2
|move|p1a: Tauros|Earthquake|p2a: Jolteon
|-supereffective|p2a: Jolteon
|-damage|p2a: Jolteon|0 fnt
|faint|p2a: Jolteon
|choice||
|
|switch|p2a: Hitmonlee|Hitmonlee|100\/100
|turn|54
|choice||
|
|move|p2a: Hitmonlee|Substitute|p2a: Hitmonlee
|-start|p2a: Hitmonlee|Substitute
|-damage|p2a: Hitmonlee|76\/100
|move|p1a: Tauros|Body Slam|p2a: Hitmonlee
|-end|p2a: Hitmonlee|Substitute
|
|turn|55
|choice||
|
|move|p2a: Hitmonlee|High Jump Kick|p1a: Tauros
|-supereffective|p1a: Tauros
|-damage|p1a: Tauros|8\/100 par
|move|p1a: Tauros|Body Slam|p2a: Hitmonlee
|-damage|p2a: Hitmonlee|25\/100
|-status|p2a: Hitmonlee|par
|
|turn|56
|choice||
|
|move|p1a: Tauros|Hyper Beam|p2a: Hitmonlee
|-damage|p2a: Hitmonlee|0 fnt
|faint|p2a: Hitmonlee
|choice||
|
|switch|p2a: Kabutops|Kabutops|22\/100
|turn|57
|choice||
|
|move|p2a: Kabutops|Ice Beam|p1a: Tauros
|-damage|p1a: Tauros|0 fnt
|faint|p1a: Tauros
|choice||
|
|switch|p1a: Victreebel|Victreebel|100\/100
|turn|58
|choice||
|
|move|p2a: Kabutops|Ice Beam|p1a: Victreebel
|-supereffective|p1a: Victreebel
|-damage|p1a: Victreebel|67\/100
|move|p1a: Victreebel|Razor Leaf|p2a: Kabutops
|-crit|p2a: Kabutops
|-supereffective|p2a: Kabutops
|-damage|p2a: Kabutops|0 fnt
|faint|p2a: Kabutops
|choice||
|
|switch|p2a: Snorlax|Snorlax|100\/100
|turn|59
|choice||
|
|move|p1a: Victreebel|Stun Spore|p2a: Snorlax
|-status|p2a: Snorlax|par
|move|p2a: Snorlax|Blizzard|p1a: Victreebel|[miss]
|-miss|p2a: Snorlax
|
|turn|60
|choice||
|
|move|p1a: Victreebel|Wrap|p2a: Snorlax|[miss]
|-miss|p1a: Victreebel
|move|p2a: Snorlax|Blizzard|p1a: Victreebel
|-supereffective|p1a: Victreebel
|-damage|p1a: Victreebel|27\/100
|
|turn|61
|choice||
|
|move|p1a: Victreebel|Wrap|p2a: Snorlax
|-damage|p2a: Snorlax|97\/100 par
|cant|p2a: Snorlax|partiallytrapped
|
|turn|62
|choice||
|
|move|p1a: Victreebel|Wrap|p2a: Snorlax|[from]Wrap
|-damage|p2a: Snorlax|94\/100 par
|cant|p2a: Snorlax|partiallytrapped
|
|turn|63
|choice||
|
|move|p1a: Victreebel|Wrap|p2a: Snorlax|[from]Wrap
|-damage|p2a: Snorlax|91\/100 par
|cant|p2a: Snorlax|partiallytrapped
|
|turn|64
|choice||
|
|move|p1a: Victreebel|Wrap|p2a: Snorlax|[from]Wrap
|-damage|p2a: Snorlax|88\/100 par
|cant|p2a: Snorlax|partiallytrapped
|
|turn|65
|choice||
|
|move|p1a: Victreebel|Wrap|p2a: Snorlax
|-crit|p2a: Snorlax
|-damage|p2a: Snorlax|82\/100 par
|cant|p2a: Snorlax|partiallytrapped
|
|turn|66
|choice||
|
|move|p1a: Victreebel|Wrap|p2a: Snorlax|[from]Wrap
|-damage|p2a: Snorlax|76\/100 par
|cant|p2a: Snorlax|partiallytrapped
|
|turn|67
|choice||
|
|move|p1a: Victreebel|Wrap|p2a: Snorlax|[from]Wrap
|-damage|p2a: Snorlax|69\/100 par
|cant|p2a: Snorlax|partiallytrapped
|
|turn|68
|choice||
|
|move|p1a: Victreebel|Wrap|p2a: Snorlax|[from]Wrap
|-damage|p2a: Snorlax|63\/100 par
|cant|p2a: Snorlax|partiallytrapped
|
|turn|69
|choice||
|
|move|p1a: Victreebel|Wrap|p2a: Snorlax|[from]Wrap
|-damage|p2a: Snorlax|57\/100 par
|cant|p2a: Snorlax|partiallytrapped
|
|turn|70
|choice||
|
|move|p1a: Victreebel|Wrap|p2a: Snorlax|[miss]
|-miss|p1a: Victreebel
|move|p2a: Snorlax|Blizzard|p1a: Victreebel
|-supereffective|p1a: Victreebel
|-damage|p1a: Victreebel|0 fnt
|faint|p1a: Victreebel
|choice||
|
|switch|p1a: Alakazam|Alakazam|42\/100
|turn|71
|choice||
|
|move|p1a: Alakazam|Recover|p1a: Alakazam
|-heal|p1a: Alakazam|92\/100
|move|p2a: Snorlax|Hyper Beam|p1a: Alakazam
|-crit|p1a: Alakazam
|-damage|p1a: Alakazam|0 fnt
|faint|p1a: Alakazam
|choice||
|
|switch|p1a: Snorlax|Snorlax|100\/100
|turn|72
|choice||
|
|move|p1a: Snorlax|Body Slam|p2a: Snorlax
|-damage|p2a: Snorlax|31\/100 par
|move|p2a: Snorlax|Body Slam|p1a: Snorlax
|-crit|p1a: Snorlax
|-damage|p1a: Snorlax|46\/100
|
|turn|73
|choice||
|
|move|p1a: Snorlax|Hyper Beam|p2a: Snorlax
|-damage|p2a: Snorlax|0 fnt
|faint|p2a: Snorlax
|
|win|Dazmi
|player|p1
|player|p2
|raw|Dazmi's rating: 1192 &rarr; <strong>1209<\/strong><br \/>(+17 for winning)
|raw|RedGreenYellowBlue's rating: 1089 &rarr; <strong>1073<\/strong><br \/>(-16 for losing)
|l|RedGreenYellowBlue
|c|★Dazmi|gggggggggggggggggg