|j|xordims
|j|guillecefiro
|player|p1|xordims|265
|player|p2|guillecefiro|102
|gametype|singles
|gen|1
|tier|[Gen 1] Random Battle
|rated
|seed|
|rule|Sleep Clause Mod: Limit one foe put to sleep
|rule|Freeze Clause Mod: Limit one foe frozen
|rule|HP Percentage Mod: HP is shown in percentages
|
|start
|switch|p1a: Snorlax|Snorlax, L79|100\/100
|switch|p2a: Fearow|Fearow, L90|100\/100
|turn|1
|choice||
|
|switch|p1a: Electabuzz|Electabuzz, L85|100\/100
|move|p2a: Fearow|Drill Peck|p1a: Electabuzz
|-resisted|p1a: Electabuzz
|-damage|p1a: Electabuzz|80\/100
|
|turn|2
|choice||
|
|switch|p2a: Electrode|Electrode, L90|100\/100
|move|p1a: Electabuzz|Thunder Wave|p2a: Electrode
|-status|p2a: Electrode|par
|
|turn|3
|choice||
|
|switch|p2a: Machoke|Machoke, L85|100\/100
|move|p1a: Electabuzz|Psychic|p2a: Machoke
|-supereffective|p2a: Machoke
|-damage|p2a: Machoke|44\/100
|
|turn|4
|choice||
|
|switch|p2a: Electrode|Electrode, L90|100\/100 par
|move|p1a: Electabuzz|Psychic|p2a: Electrode
|-damage|p2a: Electrode|82\/100 par
|-unboost|p2a: Electrode|spd|1
|-unboost|p2a: Electrode|spa|1
|
|turn|5
|choice||
|
|move|p1a: Electabuzz|Psychic|p2a: Electrode
|-damage|p2a: Electrode|52\/100 par
|move|p2a: Electrode|Reflect|p2a: Electrode
|-start|p2a: Electrode|Reflect
|
|turn|6
|choice||
|
|move|p1a: Electabuzz|Seismic Toss|p2a: Electrode
|-damage|p2a: Electrode|23\/100 par
|move|p2a: Electrode|Explosion|p1a: Electabuzz
|-damage|p1a: Electabuzz|0 fnt
|faint|p1a: Electabuzz
|faint|p2a: Electrode
|choice||
|
|switch|p1a: Venomoth|Venomoth, L85|100\/100
|switch|p2a: Charmeleon|Charmeleon, L85|100\/100
|turn|7
|choice||
|
|move|p1a: Venomoth|Stun Spore|p2a: Charmeleon
|-status|p2a: Charmeleon|par
|move|p2a: Charmeleon|Substitute|p2a: Charmeleon
|-start|p2a: Charmeleon|Substitute
|-damage|p2a: Charmeleon|75\/100 par
|
|turn|8
|choice||
|
|move|p1a: Venomoth|Psychic|p2a: Charmeleon
|-end|p2a: Charmeleon|Substitute
|move|p2a: Charmeleon|Fire Blast|p1a: Venomoth
|-supereffective|p1a: Venomoth
|-damage|p1a: Venomoth|33\/100
|
|turn|9
|choice||
|
|switch|p1a: Dewgong|Dewgong, L85|100\/100
|move|p2a: Charmeleon|Fire Blast|p1a: Dewgong
|-damage|p1a: Dewgong|70\/100
|
|turn|10
|choice||
|
|move|p1a: Dewgong|Surf|p2a: Charmeleon
|-supereffective|p2a: Charmeleon
|-damage|p2a: Charmeleon|0 fnt
|faint|p2a: Charmeleon
|choice||
|
|switch|p2a: Chansey|Chansey, L79|100\/100
|turn|11
|choice||
|
|move|p1a: Dewgong|Body Slam|p2a: Chansey
|-damage|p2a: Chansey|76\/100
|move|p2a: Chansey|Thunderbolt|p1a: Dewgong
|-supereffective|p1a: Dewgong
|-damage|p1a: Dewgong|34\/100
|
|turn|12
|choice||
|
|move|p1a: Dewgong|Body Slam|p2a: Chansey
|-damage|p2a: Chansey|51\/100
|move|p2a: Chansey|Soft-Boiled|p2a: Chansey
|-heal|p2a: Chansey|100\/100
|
|turn|13
|choice||
|
|move|p1a: Dewgong|Mimic|p2a: Chansey
|-start|p1a: Dewgong|Mimic|Ice Beam
|move|p2a: Chansey|Thunderbolt|p1a: Dewgong
|-supereffective|p1a: Dewgong
|-damage|p1a: Dewgong|0 fnt
|faint|p1a: Dewgong
|choice||
|
|switch|p1a: Venomoth|Venomoth, L85|33\/100
|turn|14
|choice||
|
|move|p1a: Venomoth|Sleep Powder|p2a: Chansey|[miss]
|-miss|p1a: Venomoth
|move|p2a: Chansey|Ice Beam|p1a: Venomoth
|-damage|p1a: Venomoth|13\/100
|
|turn|15
|choice||
|
|switch|p2a: Machoke|Machoke, L85|44\/100
|move|p1a: Venomoth|Sleep Powder|p2a: Machoke|[miss]
|-miss|p1a: Venomoth
|
|turn|16
|choice||
|
|move|p1a: Venomoth|Psychic|p2a: Machoke
|-crit|p2a: Machoke
|-supereffective|p2a: Machoke
|-damage|p2a: Machoke|0 fnt
|faint|p2a: Machoke
|choice||
|
|switch|p2a: Chansey|Chansey, L79|100\/100
|turn|17
|choice||
|
|move|p1a: Venomoth|Sleep Powder|p2a: Chansey
|-status|p2a: Chansey|slp
|-curestatus|p2a: Chansey|slp
|
|turn|18
|choice||
|
|move|p1a: Venomoth|Sleep Powder|p2a: Chansey|[miss]
|-miss|p1a: Venomoth
|move|p2a: Chansey|Ice Beam|p1a: Venomoth
|-damage|p1a: Venomoth|0 fnt
|faint|p1a: Venomoth
|choice||
|
|switch|p1a: Pidgeot|Pidgeot, L90|100\/100
|turn|19
|choice||
|
|move|p1a: Pidgeot|Double-Edge|p2a: Chansey
|-damage|p2a: Chansey|46\/100
|-damage|p1a: Pidgeot|78\/100|[from] recoil|[of] p2a: Chansey
|move|p2a: Chansey|Ice Beam|p1a: Pidgeot
|-supereffective|p1a: Pidgeot
|-damage|p1a: Pidgeot|35\/100
|
|turn|20
|choice||
|
|move|p1a: Pidgeot|Double-Edge|p2a: Chansey
|-damage|p2a: Chansey|0 fnt
|-damage|p1a: Pidgeot|16\/100|[from] recoil|[of] p2a: Chansey
|faint|p2a: Chansey
|choice||
|
|switch|p2a: Fearow|Fearow, L90|100\/100
|turn|21
|choice||
|
|move|p2a: Fearow|Double-Edge|p1a: Pidgeot
|-damage|p1a: Pidgeot|0 fnt
|-damage|p2a: Fearow|96\/100|[from] recoil|[of] p1a: Pidgeot
|faint|p1a: Pidgeot
|choice||
|
|switch|p1a: Weezing|Weezing, L90|100\/100
|turn|22
|choice||
|
|move|p2a: Fearow|Hyper Beam|p1a: Weezing
|-crit|p1a: Weezing
|-damage|p1a: Weezing|23\/100
|move|p1a: Weezing|Thunder|p2a: Fearow
|-supereffective|p2a: Fearow
|-damage|p2a: Fearow|28\/100
|-status|p2a: Fearow|par
|
|turn|23
|-mustrecharge|p2a: Fearow
|-mustrecharge|p2a: Fearow
|choice||
|
|move|p1a: Weezing|Fire Blast|p2a: Fearow|[miss]
|-miss|p1a: Weezing
|cant|p2a: Fearow|recharge
|
|turn|24
|choice||
|
|move|p1a: Weezing|Fire Blast|p2a: Fearow
|-damage|p2a: Fearow|0 fnt
|faint|p2a: Fearow
|choice||
|
|switch|p2a: Butterfree|Butterfree, L90|100\/100
|turn|25
|choice||
|
|move|p2a: Butterfree|Psychic|p1a: Weezing
|-supereffective|p1a: Weezing
|-damage|p1a: Weezing|0 fnt
|faint|p1a: Weezing
|choice||
|
|switch|p1a: Snorlax|Snorlax, L79|100\/100
|turn|26
|choice||
|
|move|p2a: Butterfree|Sleep Powder|p1a: Snorlax
|-status|p1a: Snorlax|slp
|cant|p1a: Snorlax|slp
|
|turn|27
|choice||
|
|move|p2a: Butterfree|Psychic|p1a: Snorlax
|-crit|p1a: Snorlax
|-damage|p1a: Snorlax|63\/100 slp
|-unboost|p1a: Snorlax|spd|1
|-unboost|p1a: Snorlax|spa|1
|cant|p1a: Snorlax|slp
|
|turn|28
|choice||
|
|move|p2a: Butterfree|Psychic|p1a: Snorlax
|-crit|p1a: Snorlax
|-damage|p1a: Snorlax|24\/100 slp
|cant|p1a: Snorlax|slp
|
|turn|29
|c|★guillecefiro|gg
|c|★xordims|gg
|choice||
|
|move|p2a: Butterfree|Psychic|p1a: Snorlax
|-damage|p1a: Snorlax|0 fnt
|faint|p1a: Snorlax
|
|win|guillecefiro
|player|p1
|player|p2
|raw|xordims's rating: 1378 &rarr; <strong>1349<\/strong><br \/>(-29 for losing)
|raw|guillecefiro's rating: 1208 &rarr; <strong>1244<\/strong><br \/>(+36 for winning)
|l|xordims