|join|Sumilydon
|join|PK Mastr
|player|p1|Sumilydon|167
|player|p2|PK Mastr|257
|gametype|singles
|gen|1
|tier|[Gen 1] OU
|rated
|seed|59224,46530,25857,56943
|rule|Sleep Clause Mod: Limit one foe put to sleep
|rule|Freeze Clause Mod: Limit one foe frozen
|rule|Species Clause: Limit one of each Pokémon
|rule|OHKO Clause: OHKO moves are banned
|rule|Evasion Moves Clause: Evasion moves are banned
|rule|HP Percentage Mod: HP is shown in percentages
|
|start
|switch|p1a: Luckster|Chansey|703\/703
|switch|p2a: BEPHOMETH|Alakazam|313\/313
|turn|1
|choice|move 4|switch 5
|
|switch|p2a: PU-TAI|Snorlax|523\/523
|move|p1a: Luckster|Body Slam|p2a: PU-TAI
|-damage|p2a: PU-TAI|498\/523
|
|turn|2
|c|★PK Mastr|wtf
|c|★PK Mastr|bodyslam?
|choice|switch 2|move 1
|
|switch|p1a: BoulDeSuif|Golem|363\/363
|move|p2a: PU-TAI|Mega Kick|p1a: BoulDeSuif
|-crit|p1a: BoulDeSuif
|-resisted|p1a: BoulDeSuif
|-damage|p1a: BoulDeSuif|247\/363
|
|turn|3
|c|★PK Mastr|why????
|choice|move 4|switch 4
|
|switch|p2a: ANUBIS|Dragonite|385\/385
|move|p1a: BoulDeSuif|Substitute|p1a: BoulDeSuif
|-start|p1a: BoulDeSuif|Substitute
|-damage|p1a: BoulDeSuif|157\/363
|
|turn|4
|choice|switch 2|move 2
|
|switch|p1a: Luckster|Chansey|703\/703
|move|p2a: ANUBIS|Agility|p2a: ANUBIS
|-boost|p2a: ANUBIS|spe|2
|
|turn|5
|choice|move 3|move 1
|
|move|p2a: ANUBIS|Wrap|p1a: Luckster
|-damage|p1a: Luckster|662\/703
|-activate|p1a: Luckster|move: Wrap|[of] p2a: ANUBIS
|cant|p1a: Luckster|partiallytrapped
|
|turn|6
|c|★PK Mastr|lol stop it
|c|★PK Mastr|you had a sub
|c|★PK Mastr|hit me with rockslide????
|choice|move 3|move 1
|
|move|p2a: ANUBIS|Wrap|p1a: Luckster
|-damage|p1a: Luckster|621\/703
|cant|p1a: Luckster|partiallytrapped
|
|-end|p1a: Luckster|Wrap|[partiallytrapped]
|turn|7
|c|★PK Mastr|but y bodyslam?
|c|★PK Mastr|chansey has shit for attack
|choice|move 3|move 1
|
|move|p2a: ANUBIS|Wrap|p1a: Luckster
|-damage|p1a: Luckster|584\/703
|-activate|p1a: Luckster|move: Wrap|[of] p2a: ANUBIS
|cant|p1a: Luckster|partiallytrapped
|
|turn|8
|choice|move 3|move 1
|
|move|p2a: ANUBIS|Wrap|p1a: Luckster
|-damage|p1a: Luckster|547\/703
|cant|p1a: Luckster|partiallytrapped
|
|-end|p1a: Luckster|Wrap|[partiallytrapped]
|turn|9
|choice|move 3|move 1
|
|move|p2a: ANUBIS|Wrap|p1a: Luckster
|-damage|p1a: Luckster|509\/703
|-activate|p1a: Luckster|move: Wrap|[of] p2a: ANUBIS
|cant|p1a: Luckster|partiallytrapped
|
|turn|10
|choice|move 3|move 1
|
|move|p2a: ANUBIS|Wrap|p1a: Luckster
|-damage|p1a: Luckster|471\/703
|cant|p1a: Luckster|partiallytrapped
|
|turn|11
|choice|move 3|move 1
|
|move|p2a: ANUBIS|Wrap|p1a: Luckster
|-damage|p1a: Luckster|433\/703
|cant|p1a: Luckster|partiallytrapped
|
|-end|p1a: Luckster|Wrap|[partiallytrapped]
|turn|12
|choice|move 3|move 3
|
|move|p2a: ANUBIS|Hyper Beam|p1a: Luckster
|-damage|p1a: Luckster|49\/703
|move|p1a: Luckster|Ice Beam|p2a: ANUBIS
|-supereffective|p2a: ANUBIS
|-damage|p2a: ANUBIS|56\/385
|
|turn|13
|-mustrecharge|p2a: ANUBIS
|-mustrecharge|p2a: ANUBIS
|choice|move 1|move 1
|
|cant|p2a: ANUBIS|recharge
|move|p1a: Luckster|Rest|p1a: Luckster
|-status|p1a: Luckster|slp
|-heal|p1a: Luckster|703\/703 slp|[silent]
|-status|p1a: Luckster|slp|[from] move: Rest
|
|turn|14
|c|★PK Mastr|wtf
|choice|move 3|move 4
|
|move|p2a: ANUBIS|Blizzard|p1a: Luckster
|-damage|p1a: Luckster|610\/703 slp
|cant|p1a: Luckster|slp
|
|turn|15
|choice|move 3|move 4
|
|move|p2a: ANUBIS|Blizzard|p1a: Luckster
|-damage|p1a: Luckster|521\/703 slp
|-curestatus|p1a: Luckster|slp
|
|turn|16
|choice|move 3|move 1
|
|move|p2a: ANUBIS|Wrap|p1a: Luckster|[miss]
|-miss|p2a: ANUBIS
|move|p1a: Luckster|Ice Beam|p2a: ANUBIS
|-supereffective|p2a: ANUBIS
|-damage|p2a: ANUBIS|0 fnt
|faint|p2a: ANUBIS
|choice||switch 4
|
|switch|p2a: PU-TAI|Snorlax|498\/523
|turn|17
|choice|switch 4|move 2
|
|switch|p1a: Alucard|Gengar|323\/323
|move|p2a: PU-TAI|Hyper Beam|p1a: Alucard
|-immune|p1a: Alucard|[msg]
|
|turn|18
|choice|move 3|move 3
|
|move|p1a: Alucard|Hypnosis|p2a: PU-TAI|[miss]
|-miss|p1a: Alucard
|move|p2a: PU-TAI|Earthquake|p1a: Alucard
|-supereffective|p1a: Alucard
|-damage|p1a: Alucard|91\/323
|
|turn|19
|choice|move 3|move 3
|
|move|p1a: Alucard|Hypnosis|p2a: PU-TAI
|-status|p2a: PU-TAI|slp
|cant|p2a: PU-TAI|slp
|
|turn|20
|choice|move 4|move 3
|
|move|p1a: Alucard|Night Shade|p2a: PU-TAI
|-damage|p2a: PU-TAI|398\/523 slp
|cant|p2a: PU-TAI|slp
|
|turn|21
|choice|move 4|switch 3
|
|switch|p2a: NEBULA|Starmie|323\/323
|move|p1a: Alucard|Night Shade|p2a: NEBULA
|-damage|p2a: NEBULA|223\/323
|
|turn|22
|choice|move 1|move 1
|
|move|p2a: NEBULA|Psychic|p1a: Alucard
|-crit|p1a: Alucard
|-supereffective|p1a: Alucard
|-damage|p1a: Alucard|0 fnt
|faint|p1a: Alucard
|choice|switch 4|
|
|switch|p1a: Luckster|Chansey|521\/703
|turn|23
|choice|move 2|move 3
|
|move|p2a: NEBULA|Blizzard|p1a: Luckster
|-damage|p1a: Luckster|436\/703
|move|p1a: Luckster|Thunderbolt|p2a: NEBULA
|-supereffective|p2a: NEBULA
|-damage|p2a: NEBULA|72\/323
|
|turn|24
|choice|move 2|move 3
|
|move|p2a: NEBULA|Blizzard|p1a: Luckster
|-damage|p1a: Luckster|339\/703
|move|p1a: Luckster|Thunderbolt|p2a: NEBULA
|-supereffective|p2a: NEBULA
|-damage|p2a: NEBULA|0 fnt
|faint|p2a: NEBULA
|choice||switch 6
|
|switch|p2a: TRIFORCE|Tauros|353\/353
|turn|25
|choice|switch 6|move 2
|
|switch|p1a: Redbull|Tauros|353\/353
|move|p2a: TRIFORCE|Hyper Beam|p1a: Redbull
|-damage|p1a: Redbull|173\/353
|
|turn|26
|-mustrecharge|p2a: TRIFORCE
|-mustrecharge|p2a: TRIFORCE
|choice|move 1|move 1
|
|move|p1a: Redbull|Body Slam|p2a: TRIFORCE
|-damage|p2a: TRIFORCE|245\/353
|cant|p2a: TRIFORCE|recharge
|
|turn|27
|choice|move 1|move 2
|
|move|p1a: Redbull|Body Slam|p2a: TRIFORCE
|-damage|p2a: TRIFORCE|142\/353
|move|p2a: TRIFORCE|Hyper Beam|p1a: Redbull|[miss]
|-miss|p2a: TRIFORCE
|
|turn|28
|choice|move 4|move 2
|
|move|p2a: TRIFORCE|Hyper Beam|p1a: Redbull
|-damage|p1a: Redbull|0 fnt
|faint|p1a: Redbull
|choice|switch 5|
|
|switch|p1a: Tropicool|Exeggutor|393\/393
|turn|29
|choice|move 1|switch 3
|
|switch|p2a: PU-TAI|Snorlax|398\/523 slp
|move|p1a: Tropicool|Explosion|p2a: PU-TAI
|-damage|p2a: PU-TAI|128\/523 slp
|faint|p1a: Tropicool
|choice|switch 2|
|
|switch|p1a: BoulDeSuif|Golem|157\/363
|turn|30
|choice|move 3|move 3
|
|move|p1a: BoulDeSuif|Earthquake|p2a: PU-TAI
|-damage|p2a: PU-TAI|0 fnt
|faint|p2a: PU-TAI
|choice||switch 3
|
|switch|p2a: TRIFORCE|Tauros|142\/353
|turn|31
|choice|move 1|move 4
|
|move|p2a: TRIFORCE|Blizzard|p1a: BoulDeSuif
|-supereffective|p1a: BoulDeSuif
|-damage|p1a: BoulDeSuif|0 fnt
|faint|p1a: BoulDeSuif
|choice|switch 3|
|
|switch|p1a: Sheriff|Starmie|323\/323
|turn|32
|choice|move 1|switch 5
|
|switch|p2a: BEPHOMETH|Alakazam|313\/313
|move|p1a: Sheriff|Psychic|p2a: BEPHOMETH
|-crit|p2a: BEPHOMETH
|-resisted|p2a: BEPHOMETH
|-damage|p2a: BEPHOMETH|237\/313
|
|turn|33
|choice|move 3|move 3
|
|move|p2a: BEPHOMETH|Thunder Wave|p1a: Sheriff
|-status|p1a: Sheriff|par
|cant|p1a: Sheriff|par
|
|turn|34
|choice|switch 6|move 1
|
|switch|p1a: Luckster|Chansey|339\/703
|move|p2a: BEPHOMETH|Psychic|p1a: Luckster
|-crit|p1a: Luckster
|-damage|p1a: Luckster|98\/703
|-unboost|p1a: Luckster|spd|1
|-unboost|p1a: Luckster|spa|1
|
|turn|35
|choice|move 1|move 1
|
|move|p2a: BEPHOMETH|Psychic|p1a: Luckster
|-damage|p1a: Luckster|0 fnt
|faint|p1a: Luckster
|choice|switch 6|
|
|switch|p1a: Sheriff|Starmie|323\/323 par
|turn|36
|choice|move 1|move 1
|
|move|p2a: BEPHOMETH|Psychic|p1a: Sheriff
|-resisted|p1a: Sheriff
|-damage|p1a: Sheriff|262\/323 par
|move|p1a: Sheriff|Psychic|p2a: BEPHOMETH
|-resisted|p2a: BEPHOMETH
|-damage|p2a: BEPHOMETH|192\/313
|
|turn|37
|choice|move 2|move 1
|
|move|p2a: BEPHOMETH|Psychic|p1a: Sheriff
|-resisted|p1a: Sheriff
|-damage|p1a: Sheriff|202\/323 par
|cant|p1a: Sheriff|par
|
|turn|38
|choice|move 2|switch 5
|
|switch|p2a: TRIFORCE|Tauros|142\/353
|cant|p1a: Sheriff|par
|
|turn|39
|choice|move 3|move 1
|
|move|p2a: TRIFORCE|Body Slam|p1a: Sheriff
|-crit|p1a: Sheriff
|-damage|p1a: Sheriff|0 fnt
|faint|p1a: Sheriff
|
|win|PK Mastr
|raw|Sumilydon's rating: 1038 &rarr; <strong>1032<\/strong><br \/>(-6 for losing)
|raw|PK Mastr's rating: 1302 &rarr; <strong>1309<\/strong><br \/>(+7 for winning)