|j|barbows
|j|NUMNUM0202
|player|p1|barbows|10
|player|p2|NUMNUM0202|127
|gametype|singles
|gen|1
|tier|[Gen 1] Random Battle
|rated
|seed|
|rule|Sleep Clause Mod: Limit one foe put to sleep
|rule|Freeze Clause Mod: Limit one foe frozen
|rule|HP Percentage Mod: HP is shown in percentages
|
|start
|switch|p1a: Krabby|Krabby, L96|100\/100
|switch|p2a: Eevee|Eevee, L96|100\/100
|turn|1
|choice||
|
|move|p2a: Eevee|Reflect|p2a: Eevee
|-start|p2a: Eevee|Reflect
|move|p1a: Krabby|Swords Dance|p1a: Krabby
|-boost|p1a: Krabby|atk|2
|
|turn|2
|choice||
|
|move|p2a: Eevee|Mimic|p1a: Krabby
|-start|p2a: Eevee|Mimic|Body Slam
|move|p1a: Krabby|Swords Dance|p1a: Krabby
|-boost|p1a: Krabby|atk|2
|
|turn|3
|choice||
|
|move|p2a: Eevee|Body Slam|p1a: Krabby
|-damage|p1a: Krabby|73\/100
|move|p1a: Krabby|Body Slam|p2a: Eevee
|-damage|p2a: Eevee|49\/100
|
|turn|4
|choice||
|
|move|p2a: Eevee|Sand Attack|p1a: Krabby
|-unboost|p1a: Krabby|accuracy|1
|move|p1a: Krabby|Body Slam|p2a: Eevee
|-damage|p2a: Eevee|0 fnt
|faint|p2a: Eevee
|choice||
|
|switch|p2a: Kadabra|Kadabra, L85|100\/100
|turn|5
|choice||
|
|move|p2a: Kadabra|Reflect|p2a: Kadabra
|-start|p2a: Kadabra|Reflect
|move|p1a: Krabby|Body Slam|p2a: Kadabra
|-crit|p2a: Kadabra
|-damage|p2a: Kadabra|0 fnt
|faint|p2a: Kadabra
|choice||
|
|switch|p2a: Tentacruel|Tentacruel, L85|100\/100
|turn|6
|choice||
|
|move|p2a: Tentacruel|Swords Dance|p2a: Tentacruel
|-boost|p2a: Tentacruel|atk|2
|move|p1a: Krabby|Body Slam|p2a: Tentacruel
|-damage|p2a: Tentacruel|0 fnt
|faint|p2a: Tentacruel
|c|★barbows|krabby sweeps
|choice||
|
|switch|p2a: Lapras|Lapras, L79|100\/100
|turn|7
|choice||
|
|move|p1a: Krabby|Body Slam|p2a: Lapras
|-damage|p2a: Lapras|24\/100
|move|p2a: Lapras|Confuse Ray|p1a: Krabby
|-start|p1a: Krabby|confusion
|
|turn|8
|c|★NUMNUM0202|omg lol
|choice||
|
|-activate|p1a: Krabby|confusion
|move|p1a: Krabby|Body Slam|p2a: Lapras
|-damage|p2a: Lapras|0 fnt
|faint|p2a: Lapras
|choice||
|
|switch|p2a: Electrode|Electrode, L90|100\/100
|turn|9
|c|★barbows|i wanna leave him there so much haha
|choice||
|
|switch|p1a: Sandslash|Sandslash, L85|100\/100
|move|p2a: Electrode|Explosion|p1a: Sandslash
|-damage|p1a: Sandslash|50\/100
|faint|p2a: Electrode
|c|★NUMNUM0202|dang it
|c|★barbows|damn, should've
|choice||
|
|switch|p2a: Hypno|Hypno, L85|100\/100
|turn|10
|choice||
|
|switch|p1a: Krabby|Krabby, L96|73\/100
|move|p2a: Hypno|Psychic|p1a: Krabby
|-crit|p1a: Krabby
|-damage|p1a: Krabby|0 fnt
|faint|p1a: Krabby
|choice||
|
|switch|p1a: Jynx|Jynx, L79|100\/100
|turn|11
|choice||
|
|move|p1a: Jynx|Lovely Kiss|p2a: Hypno
|-status|p2a: Hypno|slp
|cant|p2a: Hypno|slp
|
|turn|12
|choice||
|
|move|p1a: Jynx|Blizzard|p2a: Hypno
|-damage|p2a: Hypno|72\/100 slp
|cant|p2a: Hypno|slp
|
|turn|13
|choice||
|
|move|p1a: Jynx|Blizzard|p2a: Hypno
|-damage|p2a: Hypno|45\/100 slp
|cant|p2a: Hypno|slp
|
|turn|14
|choice||
|
|move|p1a: Jynx|Blizzard|p2a: Hypno
|-damage|p2a: Hypno|14\/100 slp
|cant|p2a: Hypno|slp
|
|turn|15
|choice||
|
|move|p1a: Jynx|Blizzard|p2a: Hypno
|-damage|p2a: Hypno|0 fnt
|faint|p2a: Hypno
|
|win|barbows
|player|p1
|player|p2
|raw|barbows's rating: 1381 &rarr; <strong>1401<\/strong><br \/>(+20 for winning)
|raw|NUMNUM0202's rating: 1376 &rarr; <strong>1356<\/strong><br \/>(-20 for losing)