|j|Lusch
|j|charrol
|player|p1|Lusch|153
|player|p2|charrol|60
|gametype|singles
|gen|1
|tier|[Gen 1] OU
|seed|
|rule|Sleep Clause Mod: Limit one foe put to sleep
|rule|Freeze Clause Mod: Limit one foe frozen
|rule|Species Clause: Limit one of each Pokémon
|rule|OHKO Clause: OHKO moves are banned
|rule|Evasion Moves Clause: Evasion moves are banned
|rule|HP Percentage Mod: HP is shown in percentages
|
|start
|switch|p1a: Alakazam|Alakazam, M|100\/100
|switch|p2a: Jolteon|Jolteon, M|100\/100
|turn|1
|choice||
|
|switch|p1a: Chansey|Chansey|100\/100
|move|p2a: Jolteon|Thunder Wave|p1a: Chansey
|-status|p1a: Chansey|par
|
|turn|2
|choice||
|
|switch|p2a: Alakazam|Alakazam, M|100\/100
|move|p1a: Chansey|Ice Beam|p2a: Alakazam
|-damage|p2a: Alakazam|81\/100
|
|turn|3
|choice||
|
|move|p2a: Alakazam|Psychic|p1a: Chansey
|-crit|p1a: Chansey
|-damage|p1a: Chansey|64\/100 par
|move|p1a: Chansey|Ice Beam|p2a: Alakazam
|-crit|p2a: Alakazam
|-damage|p2a: Alakazam|45\/100
|
|turn|4
|choice||
|
|move|p2a: Alakazam|Psychic|p1a: Chansey
|-damage|p1a: Chansey|45\/100 par
|move|p1a: Chansey|Ice Beam|p2a: Alakazam
|-crit|p2a: Alakazam
|-damage|p2a: Alakazam|3\/100
|
|turn|5
|choice||
|
|move|p2a: Alakazam|Recover|p2a: Alakazam
|-heal|p2a: Alakazam|53\/100
|move|p1a: Chansey|Soft-Boiled|p1a: Chansey
|-heal|p1a: Chansey|95\/100 par
|
|turn|6
|choice||
|
|move|p2a: Alakazam|Psychic|p1a: Chansey
|-damage|p1a: Chansey|76\/100 par
|cant|p1a: Chansey|par
|
|turn|7
|choice||
|
|move|p2a: Alakazam|Psychic|p1a: Chansey
|-damage|p1a: Chansey|57\/100 par
|cant|p1a: Chansey|par
|
|turn|8
|choice||
|
|move|p2a: Alakazam|Psychic|p1a: Chansey
|-damage|p1a: Chansey|38\/100 par
|move|p1a: Chansey|Soft-Boiled|p1a: Chansey
|-heal|p1a: Chansey|88\/100 par
|
|turn|9
|choice||
|
|move|p2a: Alakazam|Psychic|p1a: Chansey
|-crit|p1a: Chansey
|-damage|p1a: Chansey|51\/100 par
|-unboost|p1a: Chansey|spd|1
|-unboost|p1a: Chansey|spa|1
|move|p1a: Chansey|Ice Beam|p2a: Alakazam
|-damage|p2a: Alakazam|39\/100
|
|turn|10
|choice||
|
|move|p2a: Alakazam|Recover|p2a: Alakazam
|-heal|p2a: Alakazam|89\/100
|move|p1a: Chansey|Soft-Boiled|p1a: Chansey
|-heal|p1a: Chansey|100\/100 par
|
|turn|11
|choice||
|
|move|p2a: Alakazam|Psychic|p1a: Chansey
|-crit|p1a: Chansey
|-damage|p1a: Chansey|66\/100 par
|-unboost|p1a: Chansey|spd|1
|-unboost|p1a: Chansey|spa|1
|move|p1a: Chansey|Sing|p2a: Alakazam
|-status|p2a: Alakazam|slp
|
|turn|12
|choice||
|
|switch|p2a: Exeggutor|Exeggutor, M|100\/100
|switch|p1a: Snorlax|Snorlax, M|100\/100
|
|turn|13
|choice||
|
|switch|p1a: Chansey|Chansey|66\/100 par
|move|p2a: Exeggutor|Psychic|p1a: Chansey
|-damage|p1a: Chansey|50\/100 par
|-unboost|p1a: Chansey|spd|1
|-unboost|p1a: Chansey|spa|1
|
|turn|14
|choice||
|
|move|p2a: Exeggutor|Psychic|p1a: Chansey
|-damage|p1a: Chansey|23\/100 par
|move|p1a: Chansey|Soft-Boiled|p1a: Chansey
|-heal|p1a: Chansey|73\/100 par
|
|turn|15
|choice||
|
|move|p2a: Exeggutor|Psychic|p1a: Chansey
|-damage|p1a: Chansey|46\/100 par
|-unboost|p1a: Chansey|spd|1
|-unboost|p1a: Chansey|spa|1
|cant|p1a: Chansey|par
|
|turn|16
|choice||
|
|switch|p1a: Starmie|Starmie|100\/100
|move|p2a: Exeggutor|Psychic|p1a: Starmie
|-resisted|p1a: Starmie
|-damage|p1a: Starmie|81\/100
|
|turn|17
|choice||
|
|move|p1a: Starmie|Blizzard|p2a: Exeggutor
|-crit|p2a: Exeggutor
|-supereffective|p2a: Exeggutor
|-damage|p2a: Exeggutor|23\/100
|move|p2a: Exeggutor|Sleep Powder|p1a: Starmie|[miss]
|-miss|p2a: Exeggutor
|
|turn|18
|c|★charrol|nooo
|choice||
|
|switch|p2a: Lapras|Lapras, M|100\/100
|move|p1a: Starmie|Blizzard|p2a: Lapras
|-crit|p2a: Lapras
|-resisted|p2a: Lapras
|-damage|p2a: Lapras|90\/100
|
|turn|19
|choice||
|
|move|p1a: Starmie|Thunder Wave|p2a: Lapras
|-status|p2a: Lapras|par
|move|p2a: Lapras|Body Slam|p1a: Starmie
|-damage|p1a: Starmie|60\/100
|
|turn|20
|choice||
|
|move|p1a: Starmie|Thunderbolt|p2a: Lapras
|-crit|p2a: Lapras
|-supereffective|p2a: Lapras
|-damage|p2a: Lapras|27\/100 par
|cant|p2a: Lapras|par
|
|turn|21
|j|nbf per la gente
|c|★Lusch|the starmie power
|choice||
|
|switch|p2a: Alakazam|Alakazam, M|89\/100 slp
|move|p1a: Starmie|Thunderbolt|p2a: Alakazam
|-damage|p2a: Alakazam|71\/100 slp
|
|turn|22
|choice||
|
|switch|p2a: Jolteon|Jolteon, M|100\/100
|switch|p1a: Chansey|Chansey|46\/100 par
|
|turn|23
|choice||
|
|switch|p2a: Exeggutor|Exeggutor, M|23\/100
|move|p1a: Chansey|Thunder Wave|p2a: Exeggutor
|-status|p2a: Exeggutor|par
|
|turn|24
|choice||
|
|switch|p1a: Starmie|Starmie|60\/100
|move|p2a: Exeggutor|Explosion|p1a: Starmie
|-damage|p1a: Starmie|0 fnt
|faint|p1a: Starmie
|faint|p2a: Exeggutor
|choice||
|
|switch|p2a: Jolteon|Jolteon, M|100\/100
|switch|p1a: Snorlax|Snorlax, M|100\/100
|turn|25
|choice||
|
|switch|p2a: Lapras|Lapras, M|27\/100 par
|move|p1a: Snorlax|Body Slam|p2a: Lapras
|-damage|p2a: Lapras|0 fnt
|faint|p2a: Lapras
|choice||
|
|switch|p2a: Snorlax|Snorlax, M|100\/100
|turn|26
|choice||
|
|move|p1a: Snorlax|Reflect|p1a: Snorlax
|-start|p1a: Snorlax|Reflect
|move|p2a: Snorlax|Body Slam|p1a: Snorlax
|-damage|p1a: Snorlax|88\/100
|
|turn|27
|choice||
|
|move|p1a: Snorlax|Earthquake|p2a: Snorlax
|-damage|p2a: Snorlax|81\/100
|move|p2a: Snorlax|Counter|p1a: Snorlax
|-fail|p2a: Snorlax
|
|turn|28
|choice||
|
|move|p2a: Snorlax|Body Slam|p1a: Snorlax
|-damage|p1a: Snorlax|74\/100
|move|p1a: Snorlax|Earthquake|p2a: Snorlax
|-damage|p2a: Snorlax|60\/100
|
|turn|29
|choice||
|
|move|p1a: Snorlax|Earthquake|p2a: Snorlax
|-damage|p2a: Snorlax|40\/100
|move|p2a: Snorlax|Body Slam|p1a: Snorlax
|-damage|p1a: Snorlax|60\/100
|
|turn|30
|choice||
|
|switch|p1a: Chansey|Chansey|46\/100 par
|move|p2a: Snorlax|Self-Destruct|p1a: Chansey
|-damage|p1a: Chansey|0 fnt
|faint|p1a: Chansey
|faint|p2a: Snorlax
|choice||
|
|switch|p2a: Jolteon|Jolteon, M|100\/100
|switch|p1a: Snorlax|Snorlax, M|60\/100
|turn|31
|j|Peasounay
|choice||
|
|move|p2a: Jolteon|Thunder Wave|p1a: Snorlax
|-status|p1a: Snorlax|par
|move|p1a: Snorlax|Body Slam|p2a: Jolteon
|-crit|p2a: Jolteon
|-damage|p2a: Jolteon|22\/100
|
|turn|32
|choice||
|
|move|p2a: Jolteon|Thunderbolt|p1a: Snorlax
|-damage|p1a: Snorlax|30\/100 par
|move|p1a: Snorlax|Body Slam|p2a: Jolteon
|-damage|p2a: Jolteon|0 fnt
|faint|p2a: Jolteon
|choice||
|
|switch|p2a: Moltres|Moltres|100\/100
|turn|33
|choice||
|
|move|p2a: Moltres|Fire Blast|p1a: Snorlax
|-crit|p1a: Snorlax
|-damage|p1a: Snorlax|0 fnt
|faint|p1a: Snorlax
|choice||
|
|switch|p1a: Jolteon|Jolteon, M|100\/100
|turn|34
|c|★charrol|nooooooo
|choice||
|
|move|p1a: Jolteon|Thunderbolt|p2a: Moltres
|-supereffective|p2a: Moltres
|-damage|p2a: Moltres|45\/100
|move|p2a: Moltres|Agility|p2a: Moltres
|-boost|p2a: Moltres|spe|2
|
|turn|35
|c|★Lusch|phew
|choice||
|
|move|p2a: Moltres|Fire Spin|p1a: Jolteon|[miss]
|-miss|p2a: Moltres
|move|p1a: Jolteon|Thunderbolt|p2a: Moltres
|-crit|p2a: Moltres
|-supereffective|p2a: Moltres
|-damage|p2a: Moltres|0 fnt
|faint|p2a: Moltres
|c|★Lusch|ggs
|c|★charrol|plssss
|choice||
|
|switch|p2a: Alakazam|Alakazam, M|71\/100 slp
|turn|36
|choice||
|
|move|p1a: Jolteon|Thunderbolt|p2a: Alakazam
|-damage|p2a: Alakazam|39\/100 slp
|cant|p2a: Alakazam|slp
|
|turn|37
|choice||
|
|move|p1a: Jolteon|Thunderbolt|p2a: Alakazam
|-damage|p2a: Alakazam|9\/100 slp
|cant|p2a: Alakazam|slp
|
|turn|38
|choice||
|
|move|p1a: Jolteon|Thunderbolt|p2a: Alakazam
|-damage|p2a: Alakazam|0 fnt
|faint|p2a: Alakazam
|
|win|Lusch
|player|p1
|player|p2
|l|charrol
|l|Peasounay
|l|nbf per la gente