|join|XianJu
|join|jagredano
|player|p1|XianJu|130
|player|p2|jagredano|162
|gametype|singles
|gen|1
|tier|[Gen 1] Random Battle
|rated
|rule|Sleep Clause Mod: Limit one foe put to sleep
|rule|Freeze Clause Mod: Limit one foe frozen
|rule|HP Percentage Mod: HP is shown in percentages
|
|start
|switch|p1a: Horsea|Horsea, L96|252\/252
|switch|p2a: Mewtwo|Mewtwo, L70|293\/293
|turn|1
|
|move|p2a: Mewtwo|Psychic|p1a: Horsea
|-damage|p1a: Horsea|164\/252
|move|p1a: Horsea|Smokescreen|p2a: Mewtwo
|-unboost|p2a: Mewtwo|accuracy|1
|
|turn|2
|
|switch|p1a: Lickitung|Lickitung, L90|345\/345
|move|p2a: Mewtwo|Psychic|p1a: Lickitung
|-damage|p1a: Lickitung|241\/345
|
|turn|3
|
|move|p2a: Mewtwo|Psychic|p1a: Lickitung
|-damage|p1a: Lickitung|124\/345
|-unboost|p1a: Lickitung|spd|1
|-unboost|p1a: Lickitung|spa|1
|move|p1a: Lickitung|Swords Dance|p1a: Lickitung
|-boost|p1a: Lickitung|atk|2
|
|turn|4
|
|move|p2a: Mewtwo|Psychic|p1a: Lickitung|[miss]
|-miss|p2a: Mewtwo
|move|p1a: Lickitung|Body Slam|p2a: Mewtwo
|-damage|p2a: Mewtwo|119\/293
|
|turn|5
|
|move|p2a: Mewtwo|Psychic|p1a: Lickitung|[miss]
|-miss|p2a: Mewtwo
|move|p1a: Lickitung|Body Slam|p2a: Mewtwo
|-damage|p2a: Mewtwo|0 fnt
|faint|p2a: Mewtwo
|
|switch|p2a: Haunter|Haunter, L85|250\/250
|turn|6
|
|move|p2a: Haunter|Psychic|p1a: Lickitung
|-damage|p1a: Lickitung|5\/345
|move|p1a: Lickitung|Earthquake|p2a: Haunter
|-supereffective|p2a: Haunter
|-damage|p2a: Haunter|0 fnt
|faint|p2a: Haunter
|
|switch|p2a: Graveler|Graveler, L85|267\/267
|turn|7
|
|move|p2a: Graveler|Body Slam|p1a: Lickitung
|-damage|p1a: Lickitung|0 fnt
|faint|p1a: Lickitung
|
|switch|p1a: Horsea|Horsea, L96|164\/252
|turn|8
|
|move|p1a: Horsea|Hydro Pump|p2a: Graveler|[miss]
|-miss|p1a: Horsea
|move|p2a: Graveler|Explosion|p1a: Horsea
|-damage|p1a: Horsea|0 fnt
|faint|p1a: Horsea
|faint|p2a: Graveler
|
|switch|p1a: Hitmonlee|Hitmonlee, L90|273\/273
|switch|p2a: Seadra|Seadra, L90|282\/282
|turn|9
|
|move|p1a: Hitmonlee|High Jump Kick|p2a: Seadra
|-damage|p2a: Seadra|174\/282
|move|p2a: Seadra|Blizzard|p1a: Hitmonlee
|-damage|p1a: Hitmonlee|124\/273
|
|turn|10
|
|move|p1a: Hitmonlee|Body Slam|p2a: Seadra
|-damage|p2a: Seadra|105\/282
|-status|p2a: Seadra|par
|cant|p2a: Seadra|par
|
|turn|11
|
|move|p1a: Hitmonlee|High Jump Kick|p2a: Seadra
|-damage|p2a: Seadra|0 fnt
|faint|p2a: Seadra
|-message|jagredano forfeited.
|
|win|XianJu
|leave|jagredano
|player|p2
|raw|XianJu's rating: 1200 &rarr; <strong>1212<\/strong><br \/>(+12 for winning)
|raw|jagredano's rating: 1000 &rarr; <strong>1000<\/strong><br \/>(+0 for losing)