|join|AitorMaster
|join|MALESANI
|player|p1|AitorMaster|169
|player|p2|MALESANI|238
|gametype|singles
|gen|1
|tier|[Gen 1] Random Battle
|rated
|seed|34536,28564,36533,61048
|rule|Sleep Clause Mod: Limit one foe put to sleep
|rule|Freeze Clause Mod: Limit one foe frozen
|rule|HP Percentage Mod: HP is shown in percentages
|
|start
|switch|p1a: Mewtwo|Mewtwo, L68|285\/285
|switch|p2a: Dragonair|Dragonair, L85|277\/277
|turn|1
|choice|switch 6|move 2
|
|switch|p1a: Tangela|Tangela, L85|284\/284
|move|p2a: Dragonair|Body Slam|p1a: Tangela
|-damage|p1a: Tangela|239\/284
|-status|p1a: Tangela|par
|
|turn|2
|choice|move 3|move 1
|
|move|p2a: Dragonair|Blizzard|p1a: Tangela
|-supereffective|p1a: Tangela
|-damage|p1a: Tangela|118\/284 par
|move|p1a: Tangela|Body Slam|p2a: Dragonair
|-damage|p2a: Dragonair|226\/277
|
|turn|3
|choice|move 1|move 1
|
|move|p2a: Dragonair|Blizzard|p1a: Tangela
|-crit|p1a: Tangela
|-supereffective|p1a: Tangela
|-damage|p1a: Tangela|0 fnt
|faint|p1a: Tangela
|choice|switch 4|
|
|switch|p1a: Golduck|Golduck, L85|310\/310
|turn|4
|choice|move 2|move 3
|
|move|p1a: Golduck|Blizzard|p2a: Dragonair
|-crit|p2a: Dragonair
|-supereffective|p2a: Dragonair
|-damage|p2a: Dragonair|0 fnt
|faint|p2a: Dragonair
|choice||switch 3
|
|switch|p2a: Gengar|Gengar, L79|257\/257
|turn|5
|choice|switch 5|move 2
|
|switch|p1a: Golbat|Golbat, L90|318\/318
|move|p2a: Gengar|Thunderbolt|p1a: Golbat
|-supereffective|p1a: Golbat
|-damage|p1a: Golbat|179\/318
|
|turn|6
|choice|move 1|move 3
|
|move|p2a: Gengar|Psychic|p1a: Golbat
|-supereffective|p1a: Golbat
|-damage|p1a: Golbat|34\/318
|move|p1a: Golbat|Screech|p2a: Gengar
|-unboost|p2a: Gengar|def|2
|
|turn|7
|choice|move 3|move 2
|
|move|p2a: Gengar|Thunderbolt|p1a: Golbat
|-supereffective|p1a: Golbat
|-damage|p1a: Golbat|0 fnt
|faint|p1a: Golbat
|choice|switch 3|
|
|switch|p1a: Snorlax|Snorlax, L79|415\/415
|turn|8
|choice|move 3|switch 5
|
|switch|p2a: Butterfree|Butterfree, L90|291\/291
|move|p1a: Snorlax|Ice Beam|p2a: Butterfree
|-supereffective|p2a: Butterfree
|-damage|p2a: Butterfree|201\/291
|
|turn|9
|choice|move 4|move 1
|
|move|p2a: Butterfree|Sleep Powder|p1a: Snorlax
|-status|p1a: Snorlax|slp
|cant|p1a: Snorlax|slp
|
|turn|10
|choice|move 3|move 2
|
|move|p2a: Butterfree|Psychic|p1a: Snorlax
|-damage|p1a: Snorlax|327\/415 slp
|cant|p1a: Snorlax|slp
|
|turn|11
|choice|move 4|move 2
|
|move|p2a: Butterfree|Psychic|p1a: Snorlax
|-damage|p1a: Snorlax|244\/415 slp
|cant|p1a: Snorlax|slp
|
|turn|12
|choice|move 4|move 2
|
|move|p2a: Butterfree|Psychic|p1a: Snorlax
|-damage|p1a: Snorlax|157\/415 slp
|-unboost|p1a: Snorlax|spd|1
|-unboost|p1a: Snorlax|spa|1
|cant|p1a: Snorlax|slp
|
|turn|13
|choice|switch 2|move 2
|
|switch|p1a: Voltorb|Voltorb, L96|272\/272
|move|p2a: Butterfree|Psychic|p1a: Voltorb
|-damage|p1a: Voltorb|198\/272
|
|turn|14
|choice|move 2|move 4
|
|move|p1a: Voltorb|Thunder|p2a: Butterfree
|-supereffective|p2a: Butterfree
|-damage|p2a: Butterfree|0 fnt
|faint|p2a: Butterfree
|choice||switch 4
|
|switch|p2a: Magmar|Magmar, L90|300\/300
|turn|15
|choice|move 4|move 2
|
|move|p1a: Voltorb|Thunder Wave|p2a: Magmar
|-status|p2a: Magmar|par
|cant|p2a: Magmar|par
|
|turn|16
|choice|move 3|move 2
|
|move|p1a: Voltorb|Flash|p2a: Magmar
|-unboost|p2a: Magmar|accuracy|1
|move|p2a: Magmar|Fire Blast|p1a: Voltorb|[miss]
|-miss|p2a: Magmar
|
|turn|17
|choice|move 2|move 2
|
|move|p1a: Voltorb|Thunder|p2a: Magmar
|-crit|p2a: Magmar
|-damage|p2a: Magmar|100\/300 par
|move|p2a: Magmar|Fire Blast|p1a: Voltorb|[miss]
|-miss|p2a: Magmar
|
|turn|18
|choice|move 2|move 1
|
|move|p1a: Voltorb|Thunder|p2a: Magmar
|-crit|p2a: Magmar
|-damage|p2a: Magmar|0 fnt
|faint|p2a: Magmar
|choice||switch 6
|
|switch|p2a: Rapidash|Rapidash, L90|300\/300
|turn|19
|choice|move 4|move 3
|
|move|p1a: Voltorb|Thunder Wave|p2a: Rapidash
|-status|p2a: Rapidash|par
|move|p2a: Rapidash|Body Slam|p1a: Voltorb
|-damage|p1a: Voltorb|111\/272
|
|turn|20
|choice|move 3|move 1
|
|move|p1a: Voltorb|Flash|p2a: Rapidash
|-unboost|p2a: Rapidash|accuracy|1
|cant|p2a: Rapidash|par
|
|turn|21
|choice|move 2|move 3
|
|move|p1a: Voltorb|Thunder|p2a: Rapidash
|-damage|p2a: Rapidash|180\/300 par
|move|p2a: Rapidash|Body Slam|p1a: Voltorb
|-damage|p1a: Voltorb|30\/272
|-status|p1a: Voltorb|par
|
|turn|22
|choice|move 1|switch 2
|
|switch|p2a: Kabuto|Kabuto, L96|252\/252
|move|p1a: Voltorb|Explosion|p2a: Kabuto
|-crit|p2a: Kabuto
|-resisted|p2a: Kabuto
|-damage|p2a: Kabuto|107\/252
|faint|p1a: Voltorb
|choice|switch 2|
|
|switch|p1a: Snorlax|Snorlax, L79|157\/415 slp
|turn|23
|choice|move 4|move 2
|
|move|p2a: Kabuto|Surf|p1a: Snorlax
|-damage|p1a: Snorlax|50\/415 slp
|-curestatus|p1a: Snorlax|slp
|
|turn|24
|choice|move 4|move 4
|
|move|p2a: Kabuto|Body Slam|p1a: Snorlax
|-damage|p1a: Snorlax|0 fnt
|faint|p1a: Snorlax
|choice|switch 5|
|
|switch|p1a: Golduck|Golduck, L85|310\/310
|turn|25
|choice|move 2|move 4
|
|move|p1a: Golduck|Blizzard|p2a: Kabuto
|-resisted|p2a: Kabuto
|-damage|p2a: Kabuto|61\/252
|move|p2a: Kabuto|Body Slam|p1a: Golduck
|-damage|p1a: Golduck|233\/310
|
|turn|26
|choice|move 1|move 4
|
|move|p1a: Golduck|Amnesia|p1a: Golduck
|-boost|p1a: Golduck|spd|2
|-boost|p1a: Golduck|spa|2
|move|p2a: Kabuto|Body Slam|p1a: Golduck
|-damage|p1a: Golduck|160\/310
|-status|p1a: Golduck|par
|
|turn|27
|choice|move 2|move 4
|
|move|p2a: Kabuto|Body Slam|p1a: Golduck
|-damage|p1a: Golduck|82\/310 par
|move|p1a: Golduck|Blizzard|p2a: Kabuto|[miss]
|-miss|p1a: Golduck
|
|turn|28
|choice|move 2|move 4
|
|move|p2a: Kabuto|Body Slam|p1a: Golduck
|-damage|p1a: Golduck|12\/310 par
|move|p1a: Golduck|Blizzard|p2a: Kabuto
|-resisted|p2a: Kabuto
|-damage|p2a: Kabuto|0 fnt
|faint|p2a: Kabuto
|choice||switch 5
|
|switch|p2a: Gengar|Gengar, L79|257\/257
|turn|29
|choice|move 3|move 3
|
|move|p2a: Gengar|Psychic|p1a: Golduck
|-damage|p1a: Golduck|0 fnt
|faint|p1a: Golduck
|choice|switch 6|
|
|switch|p1a: Mewtwo|Mewtwo, L68|285\/285
|turn|30
|choice|move 1|move 1
|
|move|p2a: Gengar|Hypnosis|p1a: Mewtwo
|-status|p1a: Mewtwo|slp
|cant|p1a: Mewtwo|slp
|
|turn|31
|choice|move 1|move 2
|
|move|p2a: Gengar|Thunderbolt|p1a: Mewtwo
|-crit|p1a: Mewtwo
|-damage|p1a: Mewtwo|159\/285 slp
|cant|p1a: Mewtwo|slp
|
|turn|32
|choice|move 1|move 2
|
|move|p2a: Gengar|Thunderbolt|p1a: Mewtwo
|-damage|p1a: Mewtwo|98\/285 slp
|cant|p1a: Mewtwo|slp
|
|turn|33
|choice|move 1|move 2
|
|move|p2a: Gengar|Thunderbolt|p1a: Mewtwo
|-damage|p1a: Mewtwo|34\/285 slp
|cant|p1a: Mewtwo|slp
|
|turn|34
|choice|move 1|move 4
|
|move|p2a: Gengar|Explosion|p1a: Mewtwo
|-damage|p1a: Mewtwo|0 fnt
|faint|p1a: Mewtwo
|faint|p2a: Gengar
|
|win|MALESANI