|join|marcoasd
|join|kid gf lol
|player|p1|marcoasd|266
|player|p2|kid gf lol|37
|gametype|singles
|gen|1
|tier|[Gen 1] OU (beta)
|rated
|rule|Sleep Clause Mod: Limit one foe put to sleep
|rule|Species Clause: Limit one of each Pokémon
|rule|OHKO Clause: OHKO moves are banned
|rule|Moody Clause: Moody is banned
|rule|Evasion Moves Clause: Evasion moves are banned
|rule|Endless Battle Clause: Forcing endless battles is banned
|rule|HP Percentage Mod: HP is reported as percentages
|
|start
|switch|p1a: Exeggutor|Exeggutor|393\/393
|switch|p2a: 'Tauros|Gengar|323\/323
|turn|1
|
|move|p2a: 'Tauros|Hypnosis|p1a: Exeggutor
|-status|p1a: Exeggutor|slp
|cant|p1a: Exeggutor|slp
|-curestatus|p1a: Exeggutor|slp
|
|turn|2
|
|move|p2a: 'Tauros|Hypnosis|p1a: Exeggutor
|-status|p1a: Exeggutor|slp
|cant|p1a: Exeggutor|slp
|
|turn|3
|
|switch|p2a: Bad Luck Brian|Dragonite|385\/385
|switch|p1a: Alakazam|Alakazam|313\/313
|
|turn|4
|
|switch|p2a: Breakfast Pouch|Chansey|703\/703
|move|p1a: Alakazam|Thunder Wave|p2a: Breakfast Pouch
|-status|p2a: Breakfast Pouch|par
|
|turn|5
|
|move|p1a: Alakazam|Psychic|p2a: Breakfast Pouch
|-crit|p2a: Breakfast Pouch
|-damage|p2a: Breakfast Pouch|436\/703 par
|-unboost|p2a: Breakfast Pouch|spd|1
|-unboost|p2a: Breakfast Pouch|spa|1
|move|p2a: Breakfast Pouch|Ice Beam|p1a: Alakazam
|-damage|p1a: Alakazam|272\/313
|
|turn|6
|
|move|p1a: Alakazam|Psychic|p2a: Breakfast Pouch
|-damage|p2a: Breakfast Pouch|262\/703 par
|move|p2a: Breakfast Pouch|Soft-Boiled|p2a: Breakfast Pouch
|-heal|p2a: Breakfast Pouch|613\/703 par
|
|turn|7
|
|switch|p2a: Star Role|Starmie|323\/323
|move|p1a: Alakazam|Psychic|p2a: Star Role
|-resisted|p2a: Star Role
|-damage|p2a: Star Role|258\/323
|
|turn|8
|
|switch|p2a: Breakfast Pouch|Chansey|613\/703 par
|move|p1a: Alakazam|Thunder Wave|p2a: Breakfast Pouch
|-fail|p2a: Breakfast Pouch|par
|
|turn|9
|
|switch|p1a: Lapras|Lapras|463\/463
|cant|p2a: Breakfast Pouch|par
|
|turn|10
|
|move|p1a: Lapras|Confuse Ray|p2a: Breakfast Pouch
|-start|p2a: Breakfast Pouch|confusion
|cant|p2a: Breakfast Pouch|par
|
|turn|11
|
|switch|p1a: Snorlax|Snorlax|523\/523
|switch|p2a: Star Role|Starmie|258\/323
|
|turn|12
|
|move|p2a: Star Role|Thunder Wave|p1a: Snorlax
|-status|p1a: Snorlax|par
|cant|p1a: Snorlax|par
|
|turn|13
|
|move|p2a: Star Role|Psychic|p1a: Snorlax
|-damage|p1a: Snorlax|376\/523 par
|move|p1a: Snorlax|Earthquake|p2a: Star Role
|-crit|p2a: Star Role
|-damage|p2a: Star Role|75\/323
|
|turn|14
|
|move|p2a: Star Role|Recover|p2a: Star Role
|-heal|p2a: Star Role|236\/323
|move|p1a: Snorlax|Body Slam|p2a: Star Role
|-damage|p2a: Star Role|118\/323
|
|turn|15
|
|move|p2a: Star Role|Recover|p2a: Star Role
|-heal|p2a: Star Role|279\/323
|move|p1a: Snorlax|Body Slam|p2a: Star Role
|-damage|p2a: Star Role|170\/323
|
|turn|16
|
|switch|p2a: 'Tauros|Gengar|323\/323
|move|p1a: Snorlax|Body Slam|p2a: 'Tauros
|-immune|p2a: 'Tauros|[msg]
|
|turn|17
|
|switch|p2a: The Clamps|Cloyster|303\/303
|cant|p1a: Snorlax|par
|
|turn|18
|
|switch|p2a: Star Role|Starmie|170\/323
|switch|p1a: Lapras|Lapras|463\/463
|
|turn|19
|
|switch|p1a: Chansey|Chansey|703\/703
|move|p2a: Star Role|Thunder Wave|p1a: Chansey
|-status|p1a: Chansey|par
|
|turn|20
|
|switch|p2a: Breakfast Pouch|Chansey|613\/703 par
|move|p1a: Chansey|Thunder Wave|p2a: Breakfast Pouch
|-fail|p2a: Breakfast Pouch|par
|
|turn|21
|
|cant|p2a: Breakfast Pouch|par
|move|p1a: Chansey|Ice Beam|p2a: Breakfast Pouch
|-crit|p2a: Breakfast Pouch
|-damage|p2a: Breakfast Pouch|458\/703 par
|
|turn|22
|
|switch|p1a: Snorlax|Snorlax|376\/523 par
|cant|p2a: Breakfast Pouch|par
|
|turn|23
|
|switch|p2a: The Clamps|Cloyster|303\/303
|cant|p1a: Snorlax|par
|
|turn|24
|
|switch|p1a: Lapras|Lapras|463\/463
|move|p2a: The Clamps|Clamp|p1a: Lapras
|-resisted|p1a: Lapras
|-damage|p1a: Lapras|443\/463
|-activate|p1a: Lapras|move: Clamp|[of] p2a: The Clamps
|
|turn|25
|
|switch|p2a: Star Role|Starmie|170\/323
|cant|p1a: Lapras|partiallytrapped
|
|-end|p1a: Lapras|Clamp|[partiallytrapped]
|turn|26
|
|move|p2a: Star Role|Psychic|p1a: Lapras
|-damage|p1a: Lapras|335\/463
|move|p1a: Lapras|Thunderbolt|p2a: Star Role
|-supereffective|p2a: Star Role
|-damage|p2a: Star Role|30\/323
|
|turn|27
|
|switch|p2a: 'Tauros|Gengar|323\/323
|move|p1a: Lapras|Thunderbolt|p2a: 'Tauros
|-damage|p2a: 'Tauros|265\/323
|
|turn|28
|
|switch|p1a: Alakazam|Alakazam|272\/313
|move|p2a: 'Tauros|Thunderbolt|p1a: Alakazam
|-damage|p1a: Alakazam|199\/313
|
|turn|29
|
|switch|p2a: Breakfast Pouch|Chansey|458\/703 par
|move|p1a: Alakazam|Reflect|p1a: Alakazam
|
|turn|30
|
|move|p1a: Alakazam|Psychic|p2a: Breakfast Pouch
|-damage|p2a: Breakfast Pouch|340\/703 par
|-unboost|p2a: Breakfast Pouch|spd|1
|-unboost|p2a: Breakfast Pouch|spa|1
|move|p2a: Breakfast Pouch|Soft-Boiled|p2a: Breakfast Pouch
|-heal|p2a: Breakfast Pouch|691\/703 par
|
|turn|31
|
|move|p1a: Alakazam|Psychic|p2a: Breakfast Pouch
|-damage|p2a: Breakfast Pouch|499\/703 par
|move|p2a: Breakfast Pouch|Thunder Wave|p1a: Alakazam
|-status|p1a: Alakazam|par
|
|turn|32
|
|move|p1a: Alakazam|Psychic|p2a: Breakfast Pouch
|-crit|p2a: Breakfast Pouch
|-damage|p2a: Breakfast Pouch|235\/703 par
|cant|p2a: Breakfast Pouch|par
|
|turn|33
|
|move|p1a: Alakazam|Psychic|p2a: Breakfast Pouch
|-damage|p2a: Breakfast Pouch|47\/703 par
|move|p2a: Breakfast Pouch|Soft-Boiled|p2a: Breakfast Pouch
|-heal|p2a: Breakfast Pouch|398\/703 par
|
|turn|34
|
|cant|p1a: Alakazam|par
|move|p2a: Breakfast Pouch|Soft-Boiled|p2a: Breakfast Pouch
|-heal|p2a: Breakfast Pouch|703\/703 par
|
|turn|35
|
|move|p1a: Alakazam|Psychic|p2a: Breakfast Pouch
|-damage|p2a: Breakfast Pouch|503\/703 par
|move|p2a: Breakfast Pouch|Thunder Wave|p1a: Alakazam
|-fail|p1a: Alakazam|par
|
|turn|36
|
|move|p1a: Alakazam|Psychic|p2a: Breakfast Pouch
|-damage|p2a: Breakfast Pouch|317\/703 par
|move|p2a: Breakfast Pouch|Soft-Boiled|p2a: Breakfast Pouch
|-heal|p2a: Breakfast Pouch|668\/703 par
|
|turn|37
|
|move|p1a: Alakazam|Psychic|p2a: Breakfast Pouch
|-damage|p2a: Breakfast Pouch|472\/703 par
|cant|p2a: Breakfast Pouch|par
|
|turn|38
|
|move|p1a: Alakazam|Psychic|p2a: Breakfast Pouch
|-crit|p2a: Breakfast Pouch
|-damage|p2a: Breakfast Pouch|238\/703 par
|-unboost|p2a: Breakfast Pouch|spd|1
|-unboost|p2a: Breakfast Pouch|spa|1
|move|p2a: Breakfast Pouch|Soft-Boiled|p2a: Breakfast Pouch
|-heal|p2a: Breakfast Pouch|589\/703 par
|
|turn|39
|
|cant|p1a: Alakazam|par
|move|p2a: Breakfast Pouch|Soft-Boiled|p2a: Breakfast Pouch
|-heal|p2a: Breakfast Pouch|703\/703 par
|
|turn|40
|
|move|p1a: Alakazam|Recover|p1a: Alakazam
|-heal|p1a: Alakazam|313\/313 par
|cant|p2a: Breakfast Pouch|par
|
|turn|41
|
|move|p1a: Alakazam|Psychic|p2a: Breakfast Pouch
|-damage|p2a: Breakfast Pouch|433\/703 par
|move|p2a: Breakfast Pouch|Thunder Wave|p1a: Alakazam
|-fail|p1a: Alakazam|par
|
|turn|42
|
|move|p1a: Alakazam|Psychic|p2a: Breakfast Pouch
|-damage|p2a: Breakfast Pouch|201\/703 par
|cant|p2a: Breakfast Pouch|par
|
|turn|43
|
|switch|p2a: Bad Luck Brian|Dragonite|385\/385
|move|p1a: Alakazam|Psychic|p2a: Bad Luck Brian
|-damage|p2a: Bad Luck Brian|253\/385
|
|turn|44
|
|move|p2a: Bad Luck Brian|Wrap|p1a: Alakazam
|-damage|p1a: Alakazam|299\/313 par
|-activate|p1a: Alakazam|move: Wrap|[of] p2a: Bad Luck Brian
|cant|p1a: Alakazam|partiallytrapped
|
|turn|45
|
|move|p2a: Bad Luck Brian|Wrap|p1a: Alakazam
|-damage|p1a: Alakazam|285\/313 par
|cant|p1a: Alakazam|partiallytrapped
|
|turn|46
|
|move|p2a: Bad Luck Brian|Wrap|p1a: Alakazam
|-damage|p1a: Alakazam|271\/313 par
|cant|p1a: Alakazam|par
|
|turn|47
|
|move|p2a: Bad Luck Brian|Wrap|p1a: Alakazam
|-damage|p1a: Alakazam|257\/313 par
|cant|p1a: Alakazam|partiallytrapped
|
|turn|48
|
|move|p2a: Bad Luck Brian|Wrap|p1a: Alakazam
|-damage|p1a: Alakazam|243\/313 par
|cant|p1a: Alakazam|partiallytrapped
|
|-end|p1a: Alakazam|Wrap|[partiallytrapped]
|turn|49
|
|move|p2a: Bad Luck Brian|Wrap|p1a: Alakazam
|-crit|p1a: Alakazam
|-damage|p1a: Alakazam|216\/313 par
|-activate|p1a: Alakazam|move: Wrap|[of] p2a: Bad Luck Brian
|cant|p1a: Alakazam|partiallytrapped
|
|turn|50
|
|switch|p1a: Tauros|Tauros|353\/353
|move|p2a: Bad Luck Brian|Wrap|p1a: Tauros
|-damage|p1a: Tauros|338\/353
|-activate|p1a: Tauros|move: Wrap|[of] p2a: Bad Luck Brian
|
|turn|51
|
|cant|p1a: Tauros|partiallytrapped
|move|p2a: Bad Luck Brian|Wrap|p1a: Tauros
|-damage|p1a: Tauros|311\/353
|
|turn|52
|
|cant|p1a: Tauros|partiallytrapped
|move|p2a: Bad Luck Brian|Wrap|p1a: Tauros
|-damage|p1a: Tauros|284\/353
|
|-end|p1a: Tauros|Wrap|[partiallytrapped]
|turn|53
|
|switch|p2a: The Clamps|Cloyster|303\/303
|move|p1a: Tauros|Body Slam|p2a: The Clamps
|-damage|p2a: The Clamps|241\/303
|
|turn|54
|
|switch|p1a: Chansey|Chansey|703\/703 par
|move|p2a: The Clamps|Clamp|p1a: Chansey|[miss]
|-miss|p2a: The Clamps
|
|turn|55
|
|switch|p2a: Breakfast Pouch|Chansey|201\/703 par
|switch|p1a: Lapras|Lapras|335\/463
|
|turn|56
|
|move|p1a: Lapras|Confuse Ray|p2a: Breakfast Pouch
|-start|p2a: Breakfast Pouch|confusion
|cant|p2a: Breakfast Pouch|par
|
|turn|57
|
|switch|p1a: Tauros|Tauros|284\/353
|switch|p2a: The Clamps|Cloyster|241\/303
|
|turn|58
|
|move|p1a: Tauros|Body Slam|p2a: The Clamps
|-crit|p2a: The Clamps
|-damage|p2a: The Clamps|108\/303
|-status|p2a: The Clamps|par
|move|p2a: The Clamps|Clamp|p1a: Tauros
|-damage|p1a: Tauros|239\/353
|-activate|p1a: Tauros|move: Clamp|[of] p2a: The Clamps
|
|turn|59
|
|switch|p1a: Chansey|Chansey|703\/703 par
|cant|p2a: The Clamps|par
|
|turn|60
|
|switch|p1a: Lapras|Lapras|335\/463
|cant|p2a: The Clamps|par
|
|turn|61
|
|switch|p2a: 'Tauros|Gengar|265\/323
|move|p1a: Lapras|Thunderbolt|p2a: 'Tauros
|-crit|p2a: 'Tauros
|-damage|p2a: 'Tauros|148\/323
|
|turn|62
|
|switch|p1a: Alakazam|Alakazam|216\/313 par
|move|p2a: 'Tauros|Thunderbolt|p1a: Alakazam
|-damage|p1a: Alakazam|140\/313 par
|
|turn|63
|
|move|p2a: 'Tauros|Explosion|p1a: Alakazam
|-damage|p1a: Alakazam|0 fnt
|faint|p1a: Alakazam
|faint|p2a: 'Tauros
|
|switch|p2a: Eminem|Victreebel|363\/363
|switch|p1a: Lapras|Lapras|335\/463
|turn|64
|
|switch|p1a: Chansey|Chansey|703\/703 par
|move|p2a: Eminem|Wrap|p1a: Chansey
|-damage|p1a: Chansey|669\/703 par
|-activate|p1a: Chansey|move: Wrap|[of] p2a: Eminem
|
|turn|65
|
|switch|p1a: Exeggutor|Exeggutor|393\/393 slp
|move|p2a: Eminem|Wrap|p1a: Exeggutor
|-damage|p1a: Exeggutor|379\/393 slp
|-activate|p1a: Exeggutor|move: Wrap|[of] p2a: Eminem
|
|turn|66
|
|switch|p2a: Star Role|Starmie|30\/323
|switch|p1a: Tauros|Tauros|239\/353
|
|turn|67
|
|move|p2a: Star Role|Psychic|p1a: Tauros
|-damage|p1a: Tauros|116\/353
|move|p1a: Tauros|Body Slam|p2a: Star Role
|-crit|p2a: Star Role
|-damage|p2a: Star Role|0 fnt
|faint|p2a: Star Role
|
|
|switch|p2a: Eminem|Victreebel|363\/363
|turn|68
|
|switch|p1a: Exeggutor|Exeggutor|379\/393 slp
|move|p2a: Eminem|Razor Leaf|p1a: Exeggutor
|-crit|p1a: Exeggutor
|-resisted|p1a: Exeggutor
|-damage|p1a: Exeggutor|321\/393 slp
|
|turn|69
|
|move|p2a: Eminem|Razor Leaf|p1a: Exeggutor
|-crit|p1a: Exeggutor
|-resisted|p1a: Exeggutor
|-damage|p1a: Exeggutor|267\/393 slp
|cant|p1a: Exeggutor|slp
|
|turn|70
|
|switch|p1a: Chansey|Chansey|669\/703 par
|move|p2a: Eminem|Razor Leaf|p1a: Chansey
|-crit|p1a: Chansey
|-damage|p1a: Chansey|543\/703 par
|
|turn|71
|
|move|p2a: Eminem|Wrap|p1a: Chansey|[miss]
|-miss|p2a: Eminem
|move|p1a: Chansey|Ice Beam|p2a: Eminem
|-supereffective|p2a: Eminem
|-damage|p2a: Eminem|221\/363
|
|turn|72
|
|switch|p2a: Breakfast Pouch|Chansey|201\/703 par
|move|p1a: Chansey|Ice Beam|p2a: Breakfast Pouch
|-damage|p2a: Breakfast Pouch|133\/703 par
|
|turn|73
|
|switch|p1a: Snorlax|Snorlax|376\/523 par
|move|p2a: Breakfast Pouch|Soft-Boiled|p2a: Breakfast Pouch
|-heal|p2a: Breakfast Pouch|484\/703 par
|
|turn|74
|
|switch|p1a: Lapras|Lapras|335\/463
|cant|p2a: Breakfast Pouch|par
|
|turn|75
|
|move|p1a: Lapras|Confuse Ray|p2a: Breakfast Pouch
|-start|p2a: Breakfast Pouch|confusion
|-activate|p2a: Breakfast Pouch|confusion
|move|p2a: Breakfast Pouch|Soft-Boiled|p2a: Breakfast Pouch
|-heal|p2a: Breakfast Pouch|703\/703 par
|
|turn|76
|
|switch|p1a: Snorlax|Snorlax|376\/523 par
|cant|p2a: Breakfast Pouch|par
|
|turn|77
|
|move|p1a: Snorlax|Body Slam|p2a: Breakfast Pouch
|-damage|p2a: Breakfast Pouch|430\/703 par
|-end|p2a: Breakfast Pouch|confusion
|move|p2a: Breakfast Pouch|Counter|p1a: Snorlax
|-damage|p1a: Snorlax|0 fnt
|faint|p1a: Snorlax
|
|
|switch|p1a: Tauros|Tauros|116\/353
|turn|78
|
|move|p1a: Tauros|Hyper Beam|p2a: Breakfast Pouch
|-crit|p2a: Breakfast Pouch
|-damage|p2a: Breakfast Pouch|0 fnt
|faint|p2a: Breakfast Pouch
|
|
|switch|p2a: Eminem|Victreebel|221\/363
|turn|79
|
|switch|p1a: Chansey|Chansey|543\/703 par
|move|p2a: Eminem|Stun Spore|p1a: Chansey
|-fail|p1a: Chansey|par
|
|turn|80
|
|move|p2a: Eminem|Wrap|p1a: Chansey
|-damage|p1a: Chansey|509\/703 par
|-activate|p1a: Chansey|move: Wrap|[of] p2a: Eminem
|cant|p1a: Chansey|partiallytrapped
|
|turn|81
|
|move|p2a: Eminem|Wrap|p1a: Chansey
|-damage|p1a: Chansey|475\/703 par
|cant|p1a: Chansey|partiallytrapped
|
|-end|p1a: Chansey|Wrap|[partiallytrapped]
|turn|82
|
|move|p2a: Eminem|Wrap|p1a: Chansey
|-damage|p1a: Chansey|441\/703 par
|-activate|p1a: Chansey|move: Wrap|[of] p2a: Eminem
|cant|p1a: Chansey|partiallytrapped
|
|turn|83
|
|move|p2a: Eminem|Wrap|p1a: Chansey
|-damage|p1a: Chansey|407\/703 par
|cant|p1a: Chansey|partiallytrapped
|
|turn|84
|
|move|p2a: Eminem|Wrap|p1a: Chansey
|-damage|p1a: Chansey|373\/703 par
|cant|p1a: Chansey|par
|
|-end|p1a: Chansey|Wrap|[partiallytrapped]
|turn|85
|
|move|p2a: Eminem|Wrap|p1a: Chansey
|-damage|p1a: Chansey|337\/703 par
|-activate|p1a: Chansey|move: Wrap|[of] p2a: Eminem
|cant|p1a: Chansey|par
|
|turn|86
|
|move|p2a: Eminem|Wrap|p1a: Chansey
|-damage|p1a: Chansey|301\/703 par
|cant|p1a: Chansey|partiallytrapped
|
|-end|p1a: Chansey|Wrap|[partiallytrapped]
|turn|87
|
|switch|p1a: Lapras|Lapras|335\/463
|move|p2a: Eminem|Wrap|p1a: Lapras
|-damage|p1a: Lapras|320\/463
|-activate|p1a: Lapras|move: Wrap|[of] p2a: Eminem
|
|turn|88
|
|switch|p1a: Exeggutor|Exeggutor|267\/393 slp
|move|p2a: Eminem|Wrap|p1a: Exeggutor
|-damage|p1a: Exeggutor|253\/393 slp
|-activate|p1a: Exeggutor|move: Wrap|[of] p2a: Eminem
|
|turn|89
|
|switch|p1a: Tauros|Tauros|116\/353
|move|p2a: Eminem|Wrap|p1a: Tauros
|-damage|p1a: Tauros|102\/353
|-activate|p1a: Tauros|move: Wrap|[of] p2a: Eminem
|
|turn|90
|
|switch|p1a: Chansey|Chansey|301\/703 par
|move|p2a: Eminem|Wrap|p1a: Chansey
|-damage|p1a: Chansey|267\/703 par
|-activate|p1a: Chansey|move: Wrap|[of] p2a: Eminem
|
|turn|91
|
|move|p2a: Eminem|Wrap|p1a: Chansey
|-damage|p1a: Chansey|252\/703 par
|cant|p1a: Chansey|par
|
|turn|92
|
|move|p2a: Eminem|Wrap|p1a: Chansey
|-damage|p1a: Chansey|237\/703 par
|cant|p1a: Chansey|partiallytrapped
|
|-end|p1a: Chansey|Wrap|[partiallytrapped]
|turn|93
|
|move|p2a: Eminem|Wrap|p1a: Chansey
|-damage|p1a: Chansey|201\/703 par
|-activate|p1a: Chansey|move: Wrap|[of] p2a: Eminem
|cant|p1a: Chansey|partiallytrapped
|
|turn|94
|
|move|p2a: Eminem|Wrap|p1a: Chansey
|-damage|p1a: Chansey|165\/703 par
|cant|p1a: Chansey|par
|
|turn|95
|
|move|p2a: Eminem|Wrap|p1a: Chansey
|-damage|p1a: Chansey|129\/703 par
|cant|p1a: Chansey|partiallytrapped
|
|turn|96
|
|move|p2a: Eminem|Wrap|p1a: Chansey
|-damage|p1a: Chansey|93\/703 par
|cant|p1a: Chansey|partiallytrapped
|
|-end|p1a: Chansey|Wrap|[partiallytrapped]
|turn|97
|
|move|p2a: Eminem|Razor Leaf|p1a: Chansey|[miss]
|-miss|p2a: Eminem
|move|p1a: Chansey|Soft-Boiled|p1a: Chansey
|-heal|p1a: Chansey|444\/703 par
|
|turn|98
|
|move|p2a: Eminem|Wrap|p1a: Chansey|[miss]
|-miss|p2a: Eminem
|move|p1a: Chansey|Ice Beam|p2a: Eminem
|-supereffective|p2a: Eminem
|-damage|p2a: Eminem|77\/363
|
|turn|99
|
|move|p2a: Eminem|Wrap|p1a: Chansey
|-damage|p1a: Chansey|408\/703 par
|-activate|p1a: Chansey|move: Wrap|[of] p2a: Eminem
|cant|p1a: Chansey|partiallytrapped
|
|turn|100
|
|switch|p2a: Bad Luck Brian|Dragonite|253\/385
|cant|p1a: Chansey|par
|
|-end|p1a: Chansey|Wrap|[partiallytrapped]
|turn|101
|
|move|p2a: Bad Luck Brian|Agility|p2a: Bad Luck Brian
|-boost|p2a: Bad Luck Brian|spe|2
|move|p1a: Chansey|Ice Beam|p2a: Bad Luck Brian
|-supereffective|p2a: Bad Luck Brian
|-damage|p2a: Bad Luck Brian|0 fnt
|faint|p2a: Bad Luck Brian
|
|
|switch|p2a: Eminem|Victreebel|77\/363
|turn|102
|
|move|p2a: Eminem|Wrap|p1a: Chansey
|-damage|p1a: Chansey|374\/703 par
|-activate|p1a: Chansey|move: Wrap|[of] p2a: Eminem
|cant|p1a: Chansey|par
|
|turn|103
|
|move|p2a: Eminem|Wrap|p1a: Chansey
|-damage|p1a: Chansey|340\/703 par
|cant|p1a: Chansey|partiallytrapped
|
|turn|104
|
|move|p2a: Eminem|Wrap|p1a: Chansey
|-damage|p1a: Chansey|306\/703 par
|cant|p1a: Chansey|par
|
|turn|105
|
|move|p2a: Eminem|Wrap|p1a: Chansey
|-damage|p1a: Chansey|272\/703 par
|cant|p1a: Chansey|partiallytrapped
|
|turn|106
|
|move|p2a: Eminem|Wrap|p1a: Chansey
|-damage|p1a: Chansey|238\/703 par
|cant|p1a: Chansey|partiallytrapped
|
|-end|p1a: Chansey|Wrap|[partiallytrapped]
|turn|107
|
|move|p2a: Eminem|Wrap|p1a: Chansey|[miss]
|-miss|p2a: Eminem
|cant|p1a: Chansey|par
|
|turn|108
|
|move|p2a: Eminem|Wrap|p1a: Chansey
|-damage|p1a: Chansey|202\/703 par
|-activate|p1a: Chansey|move: Wrap|[of] p2a: Eminem
|cant|p1a: Chansey|partiallytrapped
|
|turn|109
|
|move|p2a: Eminem|Wrap|p1a: Chansey
|-damage|p1a: Chansey|166\/703 par
|cant|p1a: Chansey|partiallytrapped
|
|-end|p1a: Chansey|Wrap|[partiallytrapped]
|turn|110
|
|move|p2a: Eminem|Wrap|p1a: Chansey
|-damage|p1a: Chansey|131\/703 par
|-activate|p1a: Chansey|move: Wrap|[of] p2a: Eminem
|cant|p1a: Chansey|partiallytrapped
|
|turn|111
|
|move|p2a: Eminem|Wrap|p1a: Chansey
|-damage|p1a: Chansey|96\/703 par
|cant|p1a: Chansey|partiallytrapped
|
|-end|p1a: Chansey|Wrap|[partiallytrapped]
|turn|112
|
|move|p2a: Eminem|Razor Leaf|p1a: Chansey
|-crit|p1a: Chansey
|-damage|p1a: Chansey|0 fnt
|faint|p1a: Chansey
|
|
|switch|p1a: Tauros|Tauros|102\/353
|turn|113
|
|move|p1a: Tauros|Body Slam|p2a: Eminem
|-damage|p2a: Eminem|0 fnt
|faint|p2a: Eminem
|
|
|switch|p2a: The Clamps|Cloyster|108\/303 par
|turn|114
|chat|marcoasd|gg
|
|move|p1a: Tauros|Body Slam|p2a: The Clamps
|-damage|p2a: The Clamps|36\/303 par
|cant|p2a: The Clamps|par
|
|turn|115
|
|move|p1a: Tauros|Body Slam|p2a: The Clamps
|-damage|p2a: The Clamps|0 fnt
|faint|p2a: The Clamps
|
|win|marcoasd
|raw|Ladder updating...
|raw|marcoasd's rating: 1540 &rarr; <strong>1549<\/strong><br \/>(+9 for winning)
|raw|kid gf lol's rating: 1315 &rarr; <strong>1307<\/strong><br \/>(-8 for losing)
|leave|kid gf lol
|player|p2
|join|Not a fake