|join|RADRAD
|join|arafalo2
|player|p1|RADRAD|219
|player|p2|arafalo2|1
|gametype|singles
|gen|1
|tier|[Gen 1] OU (beta)
|rated
|rule|Sleep Clause Mod: Limit one foe put to sleep
|rule|Species Clause: Limit one of each Pokemon
|rule|OHKO Clause: OHKO moves are banned
|rule|Moody Clause: Moody is banned
|rule|Evasion Moves Clause: Evasion moves are banned
|rule|Endless Battle Clause: Forcing endless battles is banned.
|rule|HP Percentage Mod: HP is reported as percentages
|
|start
|switch|p1a: Starmie|Starmie|323\/323
|switch|p2a: Jynx|Jynx|333\/333
|turn|1
|
|move|p1a: Starmie|Thunderbolt|p2a: Jynx
|-crit|p2a: Jynx
|-damage|p2a: Jynx|176\/333
|move|p2a: Jynx|Lovely Kiss|p1a: Starmie
|-status|p1a: Starmie|slp
|
|turn|2
|join|Vaati
|
|switch|p1a: Ninetales|Ninetales|349\/349
|move|p2a: Jynx|Psychic|p1a: Ninetales
|-damage|p1a: Ninetales|252\/349
|-unboost|p1a: Ninetales|spd|1
|-unboost|p1a: Ninetales|spa|1
|
|turn|3
|
|switch|p2a: Chansey|Chansey|703\/703
|move|p1a: Ninetales|Flamethrower|p2a: Chansey
|-crit|p2a: Chansey
|-damage|p2a: Chansey|502\/703
|
|turn|4
|
|switch|p1a: Sandslash|Sandslash|353\/353
|move|p2a: Chansey|Thunder Wave|p1a: Sandslash
|-immune|p1a: Sandslash|[msg]
|
|turn|5
|
|move|p1a: Sandslash|Swords Dance|p1a: Sandslash
|-boost|p1a: Sandslash|atk|2
|move|p2a: Chansey|Ice Beam|p1a: Sandslash
|-supereffective|p1a: Sandslash
|-damage|p1a: Sandslash|147\/353
|
|turn|6
|
|move|p1a: Sandslash|Earthquake|p2a: Chansey
|-damage|p2a: Chansey|0 fnt
|faint|p2a: Chansey
|
|
|switch|p2a: Alakazam|Alakazam|313\/313
|turn|7
|
|move|p2a: Alakazam|Psychic|p1a: Sandslash
|-damage|p1a: Sandslash|0 fnt
|faint|p1a: Sandslash
|
|
|switch|p1a: Jolteon|Jolteon|333\/333
|turn|8
|
|move|p1a: Jolteon|Pin Missile|p2a: Alakazam
|-supereffective|p2a: Alakazam
|-damage|p2a: Alakazam|284\/313
|-damage|p2a: Alakazam|255\/313
|-hitcount|p2a: Alakazam|2
|move|p2a: Alakazam|Thunder Wave|p1a: Jolteon
|-status|p1a: Jolteon|par
|
|turn|9
|
|switch|p2a: Jynx|Jynx|176\/333
|cant|p1a: Jolteon|par
|
|turn|10
|
|move|p2a: Jynx|Psychic|p1a: Jolteon
|-crit|p1a: Jolteon
|-damage|p1a: Jolteon|136\/333 par
|move|p1a: Jolteon|Pin Missile|p2a: Jynx
|-supereffective|p2a: Jynx
|-damage|p2a: Jynx|145\/333
|-damage|p2a: Jynx|114\/333
|-damage|p2a: Jynx|83\/333
|-hitcount|p2a: Jynx|3
|
|turn|11
|
|switch|p1a: Ninetales|Ninetales|252\/349
|move|p2a: Jynx|Psychic|p1a: Ninetales
|-crit|p1a: Ninetales
|-damage|p1a: Ninetales|61\/349
|
|turn|12
|
|switch|p2a: Alakazam|Alakazam|255\/313
|move|p1a: Ninetales|Flamethrower|p2a: Alakazam
|-damage|p2a: Alakazam|171\/313
|-status|p2a: Alakazam|brn
|
|turn|13
|
|move|p2a: Alakazam|Seismic Toss|p1a: Ninetales
|-damage|p1a: Ninetales|0 fnt
|-damage|p2a: Alakazam|152\/313 brn|[from] brn|[of] p1a: Ninetales
|faint|p1a: Ninetales
|
|
|switch|p1a: Jynx|Jynx|333\/333
|turn|14
|
|move|p2a: Alakazam|Thunder Wave|p1a: Jynx
|-status|p1a: Jynx|par
|-damage|p2a: Alakazam|133\/313 brn|[from] brn|[of] p1a: Jynx
|move|p1a: Jynx|Ice Beam|p2a: Alakazam
|-damage|p2a: Alakazam|45\/313 brn
|
|turn|15
|
|move|p2a: Alakazam|Recover|p2a: Alakazam
|-heal|p2a: Alakazam|201\/313 brn
|-damage|p2a: Alakazam|182\/313 brn|[from] brn
|move|p1a: Jynx|Body Slam|p2a: Alakazam
|-crit|p2a: Alakazam
|-damage|p2a: Alakazam|47\/313 brn
|
|turn|16
|
|move|p2a: Alakazam|Recover|p2a: Alakazam
|-heal|p2a: Alakazam|203\/313 brn
|-damage|p2a: Alakazam|184\/313 brn|[from] brn
|move|p1a: Jynx|Body Slam|p2a: Alakazam
|-damage|p2a: Alakazam|107\/313 brn
|
|turn|17
|
|move|p2a: Alakazam|Recover|p2a: Alakazam
|-heal|p2a: Alakazam|263\/313 brn
|-damage|p2a: Alakazam|244\/313 brn|[from] brn
|move|p1a: Jynx|Lovely Kiss|p2a: Alakazam|[miss]
|-miss|p1a: Jynx
|
|turn|18
|
|move|p2a: Alakazam|Seismic Toss|p1a: Jynx
|-damage|p1a: Jynx|233\/333 par
|-damage|p2a: Alakazam|225\/313 brn|[from] brn|[of] p1a: Jynx
|move|p1a: Jynx|Ice Beam|p2a: Alakazam
|-crit|p2a: Alakazam
|-damage|p2a: Alakazam|49\/313 brn
|
|turn|19
|
|move|p2a: Alakazam|Recover|p2a: Alakazam
|-heal|p2a: Alakazam|205\/313 brn
|-damage|p2a: Alakazam|186\/313 brn|[from] brn
|move|p1a: Jynx|Ice Beam|p2a: Alakazam
|-damage|p2a: Alakazam|102\/313 brn
|
|turn|20
|
|move|p2a: Alakazam|Recover|p2a: Alakazam
|-heal|p2a: Alakazam|258\/313 brn
|-damage|p2a: Alakazam|239\/313 brn|[from] brn
|cant|p1a: Jynx|par
|
|turn|21
|
|switch|p1a: Venusaur|Venusaur|363\/363
|move|p2a: Alakazam|Seismic Toss|p1a: Venusaur
|-damage|p1a: Venusaur|263\/363
|-damage|p2a: Alakazam|220\/313 brn|[from] brn|[of] p1a: Venusaur
|
|turn|22
|
|move|p2a: Alakazam|Thunder Wave|p1a: Venusaur
|-status|p1a: Venusaur|par
|-damage|p2a: Alakazam|201\/313 brn|[from] brn|[of] p1a: Venusaur
|move|p1a: Venusaur|Leech Seed|p2a: Alakazam
|-start|p2a: Alakazam|move: Leech Seed
|
|turn|23
|
|switch|p2a: Jynx|Jynx|83\/333
|move|p1a: Venusaur|Razor Leaf|p2a: Jynx
|-crit|p2a: Jynx
|-damage|p2a: Jynx|0 fnt
|faint|p2a: Jynx
|
|
|switch|p2a: Alakazam|Alakazam|201\/313 brn
|turn|24
|
|move|p2a: Alakazam|Psychic|p1a: Venusaur
|-crit|p1a: Venusaur
|-supereffective|p1a: Venusaur
|-damage|p1a: Venusaur|0 fnt
|-damage|p2a: Alakazam|182\/313 brn|[from] brn|[of] p1a: Venusaur
|faint|p1a: Venusaur
|
|
|switch|p1a: Jolteon|Jolteon|136\/333 par
|turn|25
|
|move|p2a: Alakazam|Psychic|p1a: Jolteon
|-damage|p1a: Jolteon|15\/333 par
|-unboost|p1a: Jolteon|spd|1
|-unboost|p1a: Jolteon|spa|1
|-damage|p2a: Alakazam|163\/313 brn|[from] brn|[of] p1a: Jolteon
|move|p1a: Jolteon|Pin Missile|p2a: Alakazam
|-crit|p2a: Alakazam
|-supereffective|p2a: Alakazam
|-damage|p2a: Alakazam|99\/313 brn
|-damage|p2a: Alakazam|35\/313 brn
|-hitcount|p2a: Alakazam|2
|
|turn|26
|
|move|p2a: Alakazam|Seismic Toss|p1a: Jolteon
|-damage|p1a: Jolteon|0 fnt
|-damage|p2a: Alakazam|16\/313 brn|[from] brn|[of] p1a: Jolteon
|faint|p1a: Jolteon
|
|
|switch|p1a: Starmie|Starmie|323\/323 slp
|turn|27
|
|move|p2a: Alakazam|Recover|p2a: Alakazam
|-heal|p2a: Alakazam|172\/313 brn
|-damage|p2a: Alakazam|153\/313 brn|[from] brn
|cant|p1a: Starmie|slp
|-curestatus|p1a: Starmie|slp
|
|turn|28
|
|move|p2a: Alakazam|Thunder Wave|p1a: Starmie
|-status|p1a: Starmie|par
|-damage|p2a: Alakazam|134\/313 brn|[from] brn|[of] p1a: Starmie
|move|p1a: Starmie|Thunderbolt|p2a: Alakazam
|-crit|p2a: Alakazam
|-damage|p2a: Alakazam|16\/313 brn
|
|turn|29
|
|move|p2a: Alakazam|Recover|p2a: Alakazam
|-heal|p2a: Alakazam|172\/313 brn
|-damage|p2a: Alakazam|153\/313 brn|[from] brn
|cant|p1a: Starmie|par
|
|turn|30
|
|move|p2a: Alakazam|Seismic Toss|p1a: Starmie
|-damage|p1a: Starmie|223\/323 par
|-damage|p2a: Alakazam|134\/313 brn|[from] brn|[of] p1a: Starmie
|move|p1a: Starmie|Surf|p2a: Alakazam
|-damage|p2a: Alakazam|43\/313 brn
|
|turn|31
|
|move|p2a: Alakazam|Recover|p2a: Alakazam
|-heal|p2a: Alakazam|199\/313 brn
|-damage|p2a: Alakazam|180\/313 brn|[from] brn
|move|p1a: Starmie|Surf|p2a: Alakazam
|-damage|p2a: Alakazam|94\/313 brn
|
|turn|32
|
|move|p2a: Alakazam|Seismic Toss|p1a: Starmie
|-damage|p1a: Starmie|123\/323 par
|-damage|p2a: Alakazam|75\/313 brn|[from] brn|[of] p1a: Starmie
|move|p1a: Starmie|Surf|p2a: Alakazam
|-damage|p2a: Alakazam|0 fnt
|faint|p2a: Alakazam
|
|
|switch|p2a: Tauros|Tauros|353\/353
|turn|33
|
|move|p2a: Tauros|Hyper Beam|p1a: Starmie
|-crit|p1a: Starmie
|-damage|p1a: Starmie|0 fnt
|faint|p1a: Starmie
|
|
|switch|p1a: Jynx|Jynx|233\/333 par
|turn|34
|
|move|p2a: Tauros|Hyper Beam|p1a: Jynx
|-damage|p1a: Jynx|0 fnt
|faint|p1a: Jynx
|
|win|arafalo2
|raw|Ladder updating...
|raw|RADRAD's rating: 1092 &rarr; <strong>1074<\/strong><br \/>(-18 for losing)
|raw|arafalo2's rating: 1172 &rarr; <strong>1191<\/strong><br \/>(+19 for winning)
|leave|arafalo2
|player|p2