|join|Mandelbrot
|join|Rotom Washa 04
|player|p1|Mandelbrot|101
|player|p2|Rotom Washa 04|278
|gametype|singles
|gen|1
|tier|[Gen 1] Random Battle
|rated
|rule|Sleep Clause Mod: Limit one foe put to sleep
|rule|Freeze Clause Mod: Limit one foe frozen
|rule|HP Percentage Mod: HP is shown in percentages
|
|start
|switch|p1a: Nidorino|Nidorino, L90|293\/293
|switch|p2a: Kangaskhan|Kangaskhan, L85|352\/352
|turn|1
|
|move|p2a: Kangaskhan|Body Slam|p1a: Nidorino
|-damage|p1a: Nidorino|176\/293
|move|p1a: Nidorino|Thunder|p2a: Kangaskhan
|-damage|p2a: Kangaskhan|242\/352
|
|turn|2
|
|move|p2a: Kangaskhan|Earthquake|p1a: Nidorino
|-supereffective|p1a: Nidorino
|-damage|p1a: Nidorino|0 fnt
|faint|p1a: Nidorino
|c|★Rotom Washa 04|it's mega evolving....
|c|★Rotom Washa 04|:o
|c|★Rotom Washa 04|¡bam! Parental Bond
|
|switch|p1a: Dragonair|Dragonair, L85|277\/277
|turn|3
|
|move|p2a: Kangaskhan|Body Slam|p1a: Dragonair
|-damage|p1a: Dragonair|161\/277
|move|p1a: Dragonair|Thunder Wave|p2a: Kangaskhan
|-status|p2a: Kangaskhan|par
|
|turn|4
|
|move|p1a: Dragonair|Surf|p2a: Kangaskhan
|-damage|p2a: Kangaskhan|159\/352 par
|move|p2a: Kangaskhan|Body Slam|p1a: Dragonair
|-damage|p1a: Dragonair|53\/277
|
|turn|5
|
|move|p1a: Dragonair|Thunder|p2a: Kangaskhan
|-damage|p2a: Kangaskhan|57\/352 par
|move|p2a: Kangaskhan|Body Slam|p1a: Dragonair
|-damage|p1a: Dragonair|0 fnt
|faint|p1a: Dragonair
|
|switch|p1a: Butterfree|Butterfree, L90|291\/291
|turn|6
|
|move|p1a: Butterfree|Psychic|p2a: Kangaskhan
|-damage|p2a: Kangaskhan|0 fnt
|faint|p2a: Kangaskhan
|
|switch|p2a: Dodrio|Dodrio, L85|276\/276
|turn|7
|
|switch|p1a: Rhydon|Rhydon, L79|328\/328
|move|p2a: Dodrio|Drill Peck|p1a: Rhydon
|-resisted|p1a: Rhydon
|-damage|p1a: Rhydon|285\/328
|
|turn|8
|
|switch|p2a: Golduck|Golduck, L85|310\/310
|move|p1a: Rhydon|Body Slam|p2a: Golduck
|-damage|p2a: Golduck|237\/310
|
|turn|9
|
|switch|p1a: Gengar|Gengar, L79|257\/257
|move|p2a: Golduck|Surf|p1a: Gengar
|-damage|p1a: Gengar|186\/257
|
|turn|10
|
|switch|p2a: Dodrio|Dodrio, L85|276\/276
|move|p1a: Gengar|Mega Drain|p2a: Dodrio
|-crit|p2a: Dodrio
|-resisted|p2a: Dodrio
|-damage|p2a: Dodrio|239\/276
|-heal|p1a: Gengar|204\/257|[from] drain|[of] p2a: Dodrio
|
|turn|11
|
|move|p2a: Dodrio|Drill Peck|p1a: Gengar
|-damage|p1a: Gengar|82\/257
|move|p1a: Gengar|Thunderbolt|p2a: Dodrio
|-supereffective|p2a: Dodrio
|-damage|p2a: Dodrio|58\/276
|
|turn|12
|
|switch|p1a: Rhydon|Rhydon, L79|285\/328
|move|p2a: Dodrio|Drill Peck|p1a: Rhydon
|-resisted|p1a: Rhydon
|-damage|p1a: Rhydon|246\/328
|
|turn|13
|
|switch|p2a: Poliwhirl|Poliwhirl, L85|284\/284
|move|p1a: Rhydon|Body Slam|p2a: Poliwhirl
|-damage|p2a: Poliwhirl|204\/284
|
|turn|14
|
|switch|p1a: Exeggutor|Exeggutor, L79|312\/312
|move|p2a: Poliwhirl|Surf|p1a: Exeggutor
|-resisted|p1a: Exeggutor
|-damage|p1a: Exeggutor|281\/312
|
|turn|15
|
|move|p2a: Poliwhirl|Hypnosis|p1a: Exeggutor
|-status|p1a: Exeggutor|slp
|cant|p1a: Exeggutor|slp
|
|turn|16
|
|switch|p1a: Butterfree|Butterfree, L90|291\/291
|move|p2a: Poliwhirl|Amnesia|p2a: Poliwhirl
|-boost|p2a: Poliwhirl|spd|2
|-boost|p2a: Poliwhirl|spa|2
|
|turn|17
|
|move|p2a: Poliwhirl|Blizzard|p1a: Butterfree
|-supereffective|p1a: Butterfree
|-damage|p1a: Butterfree|67\/291
|-status|p1a: Butterfree|frz
|cant|p1a: Butterfree|frz
|
|turn|18
|
|switch|p1a: Gengar|Gengar, L79|82\/257
|move|p2a: Poliwhirl|Surf|p1a: Gengar
|-damage|p1a: Gengar|0 fnt
|faint|p1a: Gengar
|
|switch|p1a: Rhydon|Rhydon, L79|246\/328
|turn|19
|c|★Mandelbrot|...
|
|switch|p1a: Butterfree|Butterfree, L90|67\/291 frz
|move|p2a: Poliwhirl|Surf|p1a: Butterfree
|-damage|p1a: Butterfree|0 fnt
|faint|p1a: Butterfree
|c|★Rotom Washa 04|poliwhirl OP
|
|switch|p1a: Exeggutor|Exeggutor, L79|281\/312 slp
|turn|20
|c|★Mandelbrot|Agreed
|c|★Rotom Washa 04|Satoshi Taijiri Aprovedd
|
|move|p2a: Poliwhirl|Blizzard|p1a: Exeggutor|[miss]
|-miss|p2a: Poliwhirl
|cant|p1a: Exeggutor|slp
|
|turn|21
|c|★Mandelbrot|I've done a polywag sweep here.
|
|move|p2a: Poliwhirl|Blizzard|p1a: Exeggutor
|-supereffective|p1a: Exeggutor
|-damage|p1a: Exeggutor|70\/312 slp
|cant|p1a: Exeggutor|slp
|
|turn|22
|c|★Rotom Washa 04|Poly SWAG
|
|move|p2a: Poliwhirl|Blizzard|p1a: Exeggutor
|-supereffective|p1a: Exeggutor
|-damage|p1a: Exeggutor|0 fnt
|faint|p1a: Exeggutor
|
|switch|p1a: Rhydon|Rhydon, L79|246\/328
|turn|23
|
|move|p2a: Poliwhirl|Surf|p1a: Rhydon
|-supereffective|p1a: Rhydon
|-damage|p1a: Rhydon|0 fnt
|faint|p1a: Rhydon
|
|win|Rotom Washa 04
|raw|Ladder updating...
|c|★Mandelbrot|gg
|raw|Mandelbrot's rating: 1224 &rarr; <strong>1189<\/strong><br \/>(-35 for losing)
|raw|Rotom Washa 04's rating: 1076 &rarr; <strong>1116<\/strong><br \/>(+40 for winning)
|leave|Mandelbrot
|player|p1