|join|slizzurp
|join|Chargin' Chuck
|player|p1|slizzurp|102
|player|p2|Chargin' Chuck|176
|gametype|singles
|gen|1
|tier|[Gen 1] Random Battle
|rated
|rule|Sleep Clause Mod: Limit one foe put to sleep
|rule|Freeze Clause Mod: Limit one foe frozen
|rule|HP Percentage Mod: HP is shown in percentages
|
|start
|switch|p1a: Meowth|Meowth, L96|272\/272
|switch|p2a: Dugtrio|Dugtrio, L85|233\/233
|turn|1
|
|move|p2a: Dugtrio|Earthquake|p1a: Meowth
|-damage|p1a: Meowth|122\/272
|move|p1a: Meowth|Bubble Beam|p2a: Dugtrio
|-supereffective|p2a: Dugtrio
|-damage|p2a: Dugtrio|157\/233
|
|turn|2
|
|move|p2a: Dugtrio|Earthquake|p1a: Meowth
|-crit|p1a: Meowth
|-damage|p1a: Meowth|0 fnt
|faint|p1a: Meowth
|
|switch|p1a: Dewgong|Dewgong, L85|327\/327
|turn|3
|
|switch|p2a: Ditto|Ditto, L99|296\/296
|move|p1a: Dewgong|Surf|p2a: Ditto
|-damage|p2a: Ditto|172\/296
|
|turn|4
|
|move|p1a: Dewgong|Blizzard|p2a: Ditto
|-damage|p2a: Ditto|26\/296
|move|p2a: Ditto|Transform|p1a: Dewgong
|-transform|p2a: Ditto|p1a: Dewgong
|
|turn|5
|
|move|p1a: Dewgong|Body Slam|p2a: Ditto
|-damage|p2a: Ditto|0 fnt
|faint|p2a: Ditto
|
|switch|p2a: Electrode|Electrode, L90|291\/291
|turn|6
|
|switch|p1a: Vileplume|Vileplume, L90|318\/318
|move|p2a: Electrode|Thunder|p1a: Vileplume
|-resisted|p1a: Vileplume
|-damage|p1a: Vileplume|266\/318
|
|turn|7
|
|switch|p2a: Charmander|Charmander, L96|270\/270
|move|p1a: Vileplume|Sleep Powder|p2a: Charmander
|-status|p2a: Charmander|slp
|
|turn|8
|
|cant|p2a: Charmander|slp
|move|p1a: Vileplume|Swords Dance|p1a: Vileplume
|-boost|p1a: Vileplume|atk|2
|
|turn|9
|
|switch|p2a: Butterfree|Butterfree, L90|291\/291
|move|p1a: Vileplume|Body Slam|p2a: Butterfree
|-damage|p2a: Butterfree|130\/291
|
|turn|10
|
|move|p2a: Butterfree|Sleep Powder|p1a: Vileplume
|-status|p1a: Vileplume|slp
|cant|p1a: Vileplume|slp
|
|turn|11
|
|move|p2a: Butterfree|Psychic|p1a: Vileplume
|-supereffective|p1a: Vileplume
|-damage|p1a: Vileplume|161\/318 slp
|-unboost|p1a: Vileplume|spd|1
|-unboost|p1a: Vileplume|spa|1
|cant|p1a: Vileplume|slp
|
|turn|12
|
|switch|p1a: Jynx|Jynx, L79|265\/265
|move|p2a: Butterfree|Psychic|p1a: Jynx
|-resisted|p1a: Jynx
|-damage|p1a: Jynx|231\/265
|
|turn|13
|
|switch|p2a: Seadra|Seadra, L90|282\/282
|move|p1a: Jynx|Blizzard|p2a: Seadra
|-resisted|p2a: Seadra
|-damage|p2a: Seadra|229\/282
|
|turn|14
|
|move|p2a: Seadra|Smokescreen|p1a: Jynx
|-unboost|p1a: Jynx|accuracy|1
|move|p1a: Jynx|Psychic|p2a: Seadra
|-damage|p2a: Seadra|150\/282
|
|turn|15
|
|switch|p2a: Electrode|Electrode, L90|291\/291
|switch|p1a: Dewgong|Dewgong, L85|327\/327
|
|turn|16
|
|switch|p1a: Vileplume|Vileplume, L90|161\/318 slp
|move|p2a: Electrode|Thunderbolt|p1a: Vileplume
|-resisted|p1a: Vileplume
|-damage|p1a: Vileplume|116\/318 slp
|
|turn|17
|
|move|p2a: Electrode|Thunderbolt|p1a: Vileplume
|-resisted|p1a: Vileplume
|-damage|p1a: Vileplume|72\/318 slp
|-curestatus|p1a: Vileplume|slp
|
|turn|18
|
|switch|p2a: Charmander|Charmander, L96|270\/270 slp
|move|p1a: Vileplume|Body Slam|p2a: Charmander
|-damage|p2a: Charmander|193\/270 slp
|
|turn|19
|
|switch|p2a: Butterfree|Butterfree, L90|130\/291
|move|p1a: Vileplume|Swords Dance|p1a: Vileplume
|-boost|p1a: Vileplume|atk|2
|
|turn|20
|
|move|p2a: Butterfree|Sleep Powder|p1a: Vileplume
|-status|p1a: Vileplume|slp
|cant|p1a: Vileplume|slp
|
|turn|21
|
|switch|p1a: Jynx|Jynx, L79|231\/265
|move|p2a: Butterfree|Stun Spore|p1a: Jynx
|-status|p1a: Jynx|par
|
|turn|22
|
|switch|p2a: Charmander|Charmander, L96|193\/270 slp
|cant|p1a: Jynx|par
|
|turn|23
|
|cant|p2a: Charmander|slp
|cant|p1a: Jynx|par
|
|turn|24
|
|switch|p1a: Dewgong|Dewgong, L85|327\/327
|-curestatus|p2a: Charmander|slp
|
|turn|25
|
|move|p2a: Charmander|Fire Blast|p1a: Dewgong|[miss]
|-miss|p2a: Charmander
|move|p1a: Dewgong|Blizzard|p2a: Charmander
|-damage|p2a: Charmander|41\/270
|-status|p2a: Charmander|frz
|
|turn|26
|
|cant|p2a: Charmander|frz
|move|p1a: Dewgong|Body Slam|p2a: Charmander
|-crit|p2a: Charmander
|-damage|p2a: Charmander|0 fnt
|faint|p2a: Charmander
|
|switch|p2a: Electrode|Electrode, L90|291\/291
|turn|27
|
|switch|p1a: Jynx|Jynx, L79|231\/265 par
|move|p2a: Electrode|Thunderbolt|p1a: Jynx
|-damage|p1a: Jynx|136\/265 par
|
|turn|28
|
|switch|p2a: Butterfree|Butterfree, L90|130\/291
|move|p1a: Jynx|Lovely Kiss|p2a: Butterfree|[miss]
|-miss|p1a: Jynx
|
|turn|29
|
|move|p2a: Butterfree|Psychic|p1a: Jynx
|-resisted|p1a: Jynx
|-damage|p1a: Jynx|104\/265 par
|-unboost|p1a: Jynx|spd|1
|-unboost|p1a: Jynx|spa|1
|move|p1a: Jynx|Blizzard|p2a: Butterfree
|-supereffective|p2a: Butterfree
|-damage|p2a: Butterfree|0 fnt
|faint|p2a: Butterfree
|
|switch|p2a: Dugtrio|Dugtrio, L85|157\/233
|turn|30
|
|switch|p1a: Dewgong|Dewgong, L85|327\/327
|move|p2a: Dugtrio|Earthquake|p1a: Dewgong
|-damage|p1a: Dewgong|223\/327
|
|turn|31
|
|move|p2a: Dugtrio|Sand Attack|p1a: Dewgong
|-unboost|p1a: Dewgong|accuracy|1
|move|p1a: Dewgong|Blizzard|p2a: Dugtrio
|-supereffective|p2a: Dugtrio
|-damage|p2a: Dugtrio|0 fnt
|faint|p2a: Dugtrio
|
|switch|p2a: Electrode|Electrode, L90|291\/291
|turn|32
|
|switch|p1a: Vileplume|Vileplume, L90|72\/318 slp
|move|p2a: Electrode|Thunderbolt|p1a: Vileplume
|-resisted|p1a: Vileplume
|-damage|p1a: Vileplume|31\/318 slp
|
|turn|33
|
|move|p2a: Electrode|Thunderbolt|p1a: Vileplume
|-resisted|p1a: Vileplume
|-damage|p1a: Vileplume|0 fnt
|faint|p1a: Vileplume
|
|switch|p1a: Nidorina|Nidorina, L90|309\/309
|turn|34
|
|move|p2a: Electrode|Reflect|p2a: Electrode
|-start|p2a: Electrode|Reflect
|move|p1a: Nidorina|Double-Edge|p2a: Electrode
|-crit|p2a: Electrode
|-damage|p2a: Electrode|156\/291
|-damage|p1a: Nidorina|276\/309|[from] recoil|[of] p2a: Electrode
|
|turn|35
|
|move|p2a: Electrode|Thunderbolt|p1a: Nidorina
|-damage|p1a: Nidorina|148\/309
|move|p1a: Nidorina|Double-Edge|p2a: Electrode
|-damage|p2a: Electrode|120\/291
|-damage|p1a: Nidorina|139\/309|[from] recoil|[of] p2a: Electrode
|
|turn|36
|
|move|p2a: Electrode|Thunder|p1a: Nidorina|[miss]
|-miss|p2a: Electrode
|move|p1a: Nidorina|Thunderbolt|p2a: Electrode
|-resisted|p2a: Electrode
|-damage|p2a: Electrode|93\/291
|
|turn|37
|
|move|p2a: Electrode|Thunder|p1a: Nidorina
|-damage|p1a: Nidorina|0 fnt
|faint|p1a: Nidorina
|
|switch|p1a: Jynx|Jynx, L79|104\/265 par
|turn|38
|
|switch|p2a: Seadra|Seadra, L90|150\/282
|move|p1a: Jynx|Lovely Kiss|p2a: Seadra|[miss]
|-miss|p1a: Jynx
|
|turn|39
|
|switch|p1a: Omastar|Omastar, L90|309\/309
|move|p2a: Seadra|Surf|p1a: Omastar
|-damage|p1a: Omastar|213\/309
|
|turn|40
|
|move|p2a: Seadra|Surf|p1a: Omastar
|-crit|p1a: Omastar
|-damage|p1a: Omastar|34\/309
|move|p1a: Omastar|Seismic Toss|p2a: Seadra
|-damage|p2a: Seadra|60\/282
|
|turn|41
|
|move|p2a: Seadra|Surf|p1a: Omastar
|-damage|p1a: Omastar|0 fnt
|faint|p1a: Omastar
|
|switch|p1a: Dewgong|Dewgong, L85|223\/327
|turn|42
|
|move|p2a: Seadra|Smokescreen|p1a: Dewgong
|-unboost|p1a: Dewgong|accuracy|1
|move|p1a: Dewgong|Body Slam|p2a: Seadra|[miss]
|-miss|p1a: Dewgong
|
|turn|43
|
|move|p2a: Seadra|Smokescreen|p1a: Dewgong
|-unboost|p1a: Dewgong|accuracy|1
|move|p1a: Dewgong|Body Slam|p2a: Seadra|[miss]
|-miss|p1a: Dewgong
|
|turn|44
|
|switch|p2a: Electrode|Electrode, L90|93\/291
|switch|p1a: Jynx|Jynx, L79|104\/265 par
|
|turn|45
|
|move|p2a: Electrode|Thunder|p1a: Jynx
|-crit|p1a: Jynx
|-damage|p1a: Jynx|0 fnt
|faint|p1a: Jynx
|
|switch|p1a: Dewgong|Dewgong, L85|223\/327
|turn|46
|
|move|p2a: Electrode|Explosion|p1a: Dewgong
|-damage|p1a: Dewgong|20\/327
|faint|p2a: Electrode
|
|switch|p2a: Seadra|Seadra, L90|60\/282
|turn|47
|
|move|p2a: Seadra|Surf|p1a: Dewgong
|-resisted|p1a: Dewgong
|-damage|p1a: Dewgong|0 fnt
|faint|p1a: Dewgong
|
|win|Chargin' Chuck
|raw|slizzurp's rating: 1334 &rarr; <strong>1305<\/strong><br \/>(-29 for losing)
|raw|Chargin&apos; Chuck's rating: 1169 &rarr; <strong>1205<\/strong><br \/>(+36 for winning)
|c|★Chargin' Chuck|GG
|c|★slizzurp|gg