|join|markus1000
|join|Shogun 92
|player|p1|markus1000|1
|player|p2|Shogun 92|169
|gametype|singles
|gen|1
|tier|[Gen 1] Random Battle
|rated
|rule|Sleep Clause Mod: Limit one foe put to sleep
|rule|Freeze Clause Mod: Limit one foe frozen
|rule|HP Percentage Mod: HP is shown in percentages
|
|start
|switch|p1a: Mr. Mime|Mr. Mime, L86|244\/244
|switch|p2a: Scyther|Scyther, L86|296\/296
|turn|1
|
|move|p2a: Scyther|Agility|p2a: Scyther
|-boost|p2a: Scyther|spe|2
|move|p1a: Mr. Mime|Thunder Wave|p2a: Scyther
|-status|p2a: Scyther|par
|
|turn|2
|
|move|p1a: Mr. Mime|Thunderbolt|p2a: Scyther
|-supereffective|p2a: Scyther
|-damage|p2a: Scyther|102\/296 par
|move|p2a: Scyther|Slash|p1a: Mr. Mime
|-crit|p1a: Mr. Mime
|-damage|p1a: Mr. Mime|114\/244
|
|turn|3
|
|move|p1a: Mr. Mime|Thunderbolt|p2a: Scyther
|-supereffective|p2a: Scyther
|-damage|p2a: Scyther|0 fnt
|faint|p2a: Scyther
|
|switch|p2a: Mewtwo|Mewtwo, L71|297\/297
|turn|4
|
|move|p2a: Mewtwo|Body Slam|p1a: Mr. Mime
|-crit|p1a: Mr. Mime
|-damage|p1a: Mr. Mime|11\/244
|move|p1a: Mr. Mime|Thunder Wave|p2a: Mewtwo
|-status|p2a: Mewtwo|par
|
|turn|5
|
|switch|p1a: Chansey|Chansey, L82|578\/578
|cant|p2a: Mewtwo|par
|
|turn|6
|
|move|p2a: Mewtwo|Body Slam|p1a: Chansey
|-damage|p1a: Chansey|446\/578
|move|p1a: Chansey|Counter|p2a: Mewtwo
|-damage|p2a: Mewtwo|33\/297 par
|
|turn|7
|
|move|p1a: Chansey|Thunderbolt|p2a: Mewtwo
|-damage|p2a: Mewtwo|0 fnt
|faint|p2a: Mewtwo
|
|switch|p2a: Venusaur|Venusaur, L86|313\/313
|turn|8
|
|switch|p1a: Gloom|Gloom, L86|279\/279
|move|p2a: Venusaur|Sleep Powder|p1a: Gloom|[miss]
|-miss|p2a: Venusaur
|
|turn|9
|
|switch|p2a: Venomoth|Venomoth, L86|296\/296
|move|p1a: Gloom|Sleep Powder|p2a: Venomoth
|-status|p2a: Venomoth|slp
|
|turn|10
|
|cant|p2a: Venomoth|slp
|move|p1a: Gloom|Swords Dance|p1a: Gloom
|-boost|p1a: Gloom|atk|2
|
|turn|11
|
|cant|p2a: Venomoth|slp
|move|p1a: Gloom|Body Slam|p2a: Venomoth
|-damage|p2a: Venomoth|176\/296 slp
|
|turn|12
|
|cant|p2a: Venomoth|slp
|-curestatus|p2a: Venomoth|slp
|move|p1a: Gloom|Body Slam|p2a: Venomoth
|-damage|p2a: Venomoth|49\/296
|
|turn|13
|
|move|p2a: Venomoth|Psychic|p1a: Gloom
|-supereffective|p1a: Gloom
|-damage|p1a: Gloom|145\/279
|-unboost|p1a: Gloom|spd|1
|-unboost|p1a: Gloom|spa|1
|move|p1a: Gloom|Body Slam|p2a: Venomoth
|-damage|p2a: Venomoth|0 fnt
|faint|p2a: Venomoth
|
|switch|p2a: Tauros|Tauros, L82|291\/291
|turn|14
|
|move|p2a: Tauros|Blizzard|p1a: Gloom
|-supereffective|p1a: Gloom
|-damage|p1a: Gloom|0 fnt
|faint|p1a: Gloom
|
|switch|p1a: Vileplume|Vileplume, L86|304\/304
|turn|15
|
|switch|p2a: Hitmonchan|Hitmonchan, L86|261\/261
|move|p1a: Vileplume|Sleep Powder|p2a: Hitmonchan|[miss]
|-miss|p1a: Vileplume
|
|turn|16
|
|move|p2a: Hitmonchan|Body Slam|p1a: Vileplume
|-damage|p1a: Vileplume|237\/304
|-status|p1a: Vileplume|par
|move|p1a: Vileplume|Swords Dance|p1a: Vileplume
|-boost|p1a: Vileplume|atk|2
|
|turn|17
|
|move|p2a: Hitmonchan|Body Slam|p1a: Vileplume
|-damage|p1a: Vileplume|170\/304 par
|move|p1a: Vileplume|Body Slam|p2a: Hitmonchan
|-damage|p2a: Hitmonchan|152\/261
|
|turn|18
|
|move|p1a: Vileplume|Sleep Powder|p2a: Hitmonchan|[miss]
|-miss|p1a: Vileplume
|move|p2a: Hitmonchan|Counter|p1a: Vileplume
|-fail|p2a: Hitmonchan
|
|turn|19
|
|move|p2a: Hitmonchan|Body Slam|p1a: Vileplume
|-damage|p1a: Vileplume|99\/304 par
|cant|p1a: Vileplume|par
|
|turn|20
|
|move|p2a: Hitmonchan|Body Slam|p1a: Vileplume
|-damage|p1a: Vileplume|27\/304 par
|move|p1a: Vileplume|Sleep Powder|p2a: Hitmonchan
|-status|p2a: Hitmonchan|slp
|
|turn|21
|
|cant|p2a: Hitmonchan|slp
|cant|p1a: Vileplume|par
|
|turn|22
|
|cant|p2a: Hitmonchan|slp
|move|p1a: Vileplume|Body Slam|p2a: Hitmonchan
|-crit|p2a: Hitmonchan
|-damage|p2a: Hitmonchan|46\/261 slp
|
|turn|23
|
|cant|p2a: Hitmonchan|slp
|move|p1a: Vileplume|Body Slam|p2a: Hitmonchan
|-damage|p2a: Hitmonchan|0 fnt
|faint|p2a: Hitmonchan
|
|switch|p2a: Tauros|Tauros, L82|291\/291
|turn|24
|
|move|p2a: Tauros|Body Slam|p1a: Vileplume
|-damage|p1a: Vileplume|0 fnt
|faint|p1a: Vileplume
|
|switch|p1a: Hitmonlee|Hitmonlee, L86|261\/261
|turn|25
|
|switch|p2a: Venusaur|Venusaur, L86|313\/313
|move|p1a: Hitmonlee|Counter|p2a: Venusaur
|-damage|p2a: Venusaur|259\/313
|
|turn|26
|
|switch|p1a: Pikachu|Pikachu, L92|251\/251
|move|p2a: Venusaur|Sleep Powder|p1a: Pikachu
|-status|p1a: Pikachu|slp
|
|turn|27
|
|switch|p1a: Chansey|Chansey, L82|446\/578
|move|p2a: Venusaur|Body Slam|p1a: Chansey
|-damage|p1a: Chansey|310\/578
|
|turn|28
|
|move|p2a: Venusaur|Sleep Powder|p1a: Chansey
|-message|Sleep Clause Mod activated.
|move|p1a: Chansey|Thunder Wave|p2a: Venusaur
|-status|p2a: Venusaur|par
|
|turn|29
|
|move|p1a: Chansey|Ice Beam|p2a: Venusaur
|-supereffective|p2a: Venusaur
|-damage|p2a: Venusaur|133\/313 par
|move|p2a: Venusaur|Swords Dance|p2a: Venusaur
|-boost|p2a: Venusaur|atk|2
|
|turn|30
|
|switch|p1a: Pikachu|Pikachu, L92|251\/251 slp
|move|p2a: Venusaur|Body Slam|p1a: Pikachu
|-damage|p1a: Pikachu|77\/251 slp
|
|turn|31
|
|cant|p1a: Pikachu|slp
|move|p2a: Venusaur|Body Slam|p1a: Pikachu
|-damage|p1a: Pikachu|0 fnt
|faint|p1a: Pikachu
|
|switch|p1a: Mr. Mime|Mr. Mime, L86|11\/244
|turn|32
|
|move|p1a: Mr. Mime|Psychic|p2a: Venusaur
|-supereffective|p2a: Venusaur
|-damage|p2a: Venusaur|0 fnt
|faint|p2a: Venusaur
|
|switch|p2a: Tauros|Tauros, L82|291\/291
|turn|33
|
|move|p2a: Tauros|Body Slam|p1a: Mr. Mime
|-damage|p1a: Mr. Mime|0 fnt
|faint|p1a: Mr. Mime
|
|switch|p1a: Hitmonlee|Hitmonlee, L86|261\/261
|turn|34
|
|move|p2a: Tauros|Earthquake|p1a: Hitmonlee
|-damage|p1a: Hitmonlee|177\/261
|move|p1a: Hitmonlee|Counter|p2a: Tauros
|-fail|p1a: Hitmonlee
|
|turn|35
|
|move|p2a: Tauros|Earthquake|p1a: Hitmonlee
|-damage|p1a: Hitmonlee|86\/261
|move|p1a: Hitmonlee|Body Slam|p2a: Tauros
|-damage|p2a: Tauros|217\/291
|
|turn|36
|
|move|p2a: Tauros|Hyper Beam|p1a: Hitmonlee
|-damage|p1a: Hitmonlee|0 fnt
|faint|p1a: Hitmonlee
|
|switch|p1a: Chansey|Chansey, L82|310\/578
|turn|37
|
|move|p2a: Tauros|Hyper Beam|p1a: Chansey
|-damage|p1a: Chansey|0 fnt
|faint|p1a: Chansey
|
|win|Shogun 92
|raw|Ladder updating...
|raw|markus1000's rating: 1283 &rarr; <strong>1243<\/strong><br \/>(-40 for losing)
|raw|Shogun 92's rating: 1047 &rarr; <strong>1099<\/strong><br \/>(+52 for winning)
|c|★Shogun 92|gg