|j|pkmnryan
|j|ggc
|player|p1|pkmnryan|101
|player|p2|ggc|209
|gametype|singles
|gen|1
|tier|[Gen 1] OU
|seed|
|rule|Sleep Clause Mod: Limit one foe put to sleep
|rule|Freeze Clause Mod: Limit one foe frozen
|rule|Species Clause: Limit one of each Pokémon
|rule|OHKO Clause: OHKO moves are banned
|rule|Evasion Moves Clause: Evasion moves are banned
|rule|HP Percentage Mod: HP is shown in percentages
|
|start
|switch|p1a: Raichu|Raichu|100\/100
|switch|p2a: Jynx|Jynx|100\/100
|turn|1
|choice||
|
|switch|p2a: Chansey|Chansey|100\/100
|move|p1a: Raichu|Thunder Wave|p2a: Chansey
|-status|p2a: Chansey|par
|
|turn|2
|choice||
|
|switch|p1a: Snorlax|Snorlax|100\/100
|move|p2a: Chansey|Ice Beam|p1a: Snorlax
|-damage|p1a: Snorlax|80\/100
|
|turn|3
|choice||
|
|switch|p2a: Snorlax|Snorlax|100\/100
|move|p1a: Snorlax|Body Slam|p2a: Snorlax
|-damage|p2a: Snorlax|75\/100
|
|turn|4
|choice||
|
|move|p2a: Snorlax|Body Slam|p1a: Snorlax
|-damage|p1a: Snorlax|55\/100
|move|p1a: Snorlax|Body Slam|p2a: Snorlax
|-damage|p2a: Snorlax|50\/100
|
|turn|5
|choice||
|
|move|p2a: Snorlax|Self-Destruct|p1a: Snorlax
|-damage|p1a: Snorlax|0 fnt
|faint|p1a: Snorlax
|faint|p2a: Snorlax
|choice||
|
|switch|p2a: Jynx|Jynx|100\/100
|switch|p1a: Victreebel|Victreebel|100\/100
|turn|6
|choice||
|
|switch|p1a: Raichu|Raichu|100\/100
|move|p2a: Jynx|Lovely Kiss|p1a: Raichu
|-status|p1a: Raichu|slp
|
|turn|7
|choice||
|
|switch|p1a: Gyarados|Gyarados|100\/100
|move|p2a: Jynx|Blizzard|p1a: Gyarados
|-damage|p1a: Gyarados|66\/100
|
|turn|8
|choice||
|
|move|p2a: Jynx|Blizzard|p1a: Gyarados
|-damage|p1a: Gyarados|31\/100
|move|p1a: Gyarados|Surf|p2a: Jynx
|-damage|p2a: Jynx|67\/100
|
|turn|9
|choice||
|
|switch|p1a: Raichu|Raichu|100\/100 slp
|move|p2a: Jynx|Blizzard|p1a: Raichu
|-damage|p1a: Raichu|52\/100 slp
|
|turn|10
|choice||
|
|cant|p1a: Raichu|slp
|move|p2a: Jynx|Blizzard|p1a: Raichu
|-damage|p1a: Raichu|9\/100 slp
|
|turn|11
|choice||
|
|cant|p1a: Raichu|slp
|move|p2a: Jynx|Psychic|p1a: Raichu
|-damage|p1a: Raichu|0 fnt
|faint|p1a: Raichu
|choice||
|
|switch|p1a: Alakazam|Alakazam|100\/100
|turn|12
|choice||
|
|move|p1a: Alakazam|Tri Attack|p2a: Jynx
|-damage|p2a: Jynx|44\/100
|move|p2a: Jynx|Lovely Kiss|p1a: Alakazam|[miss]
|-miss|p2a: Jynx
|
|turn|13
|choice||
|
|move|p1a: Alakazam|Tri Attack|p2a: Jynx
|-crit|p2a: Jynx
|-damage|p2a: Jynx|3\/100
|move|p2a: Jynx|Lovely Kiss|p1a: Alakazam
|-status|p1a: Alakazam|slp
|
|turn|14
|choice||
|
|cant|p1a: Alakazam|slp
|move|p2a: Jynx|Blizzard|p1a: Alakazam
|-damage|p1a: Alakazam|65\/100 slp
|
|turn|15
|choice||
|
|cant|p1a: Alakazam|slp
|move|p2a: Jynx|Blizzard|p1a: Alakazam
|-damage|p1a: Alakazam|32\/100 slp
|
|turn|16
|choice||
|
|cant|p1a: Alakazam|slp
|move|p2a: Jynx|Blizzard|p1a: Alakazam
|-crit|p1a: Alakazam
|-damage|p1a: Alakazam|0 fnt
|faint|p1a: Alakazam
|choice||
|
|switch|p1a: Gyarados|Gyarados|31\/100
|turn|17
|choice||
|
|move|p2a: Jynx|Blizzard|p1a: Gyarados
|-damage|p1a: Gyarados|0 fnt
|faint|p1a: Gyarados
|choice||
|
|switch|p1a: Victreebel|Victreebel|100\/100
|turn|18
|choice||
|
|move|p2a: Jynx|Lovely Kiss|p1a: Victreebel
|-status|p1a: Victreebel|slp
|-curestatus|p1a: Victreebel|slp
|
|turn|19
|choice||
|
|move|p2a: Jynx|Lovely Kiss|p1a: Victreebel
|-status|p1a: Victreebel|slp
|cant|p1a: Victreebel|slp
|
|turn|20
|choice||
|
|move|p2a: Jynx|Psychic|p1a: Victreebel
|-supereffective|p1a: Victreebel
|-damage|p1a: Victreebel|44\/100 slp
|cant|p1a: Victreebel|slp
|
|turn|21
|j|Will Shatner
|-message|pkmnryan forfeited.
|
|win|ggc
|player|p1
|player|p2
|l|pkmnryan
|c|★ggc|lol
|c| Will Shatner|zam
|c| Will Shatner|is so versatile
|c| Will Shatner|tri attack
|c| Will Shatner|can burn para or freeze
|c| Will Shatner|excpet it cant
|c|★ggc|LOL
|l|ggc