|j|Sniffles
|j|World Revolution
|player|p1|Sniffles|161
|player|p2|World Revolution|102
|gametype|singles
|gen|1
|tier|[Gen 1] OU
|rated
|seed|60744,46451,43697,61433
|rule|Sleep Clause Mod: Limit one foe put to sleep
|rule|Freeze Clause Mod: Limit one foe frozen
|rule|Species Clause: Limit one of each Pokémon
|rule|OHKO Clause: OHKO moves are banned
|rule|Evasion Moves Clause: Evasion moves are banned
|rule|HP Percentage Mod: HP is shown in percentages
|
|start
|switch|p1a: GZA|Alakazam|313\/313
|switch|p2a: Gengar|Gengar|323\/323
|turn|1
|choice|move 1|move 2
|
|move|p1a: GZA|Psychic|p2a: Gengar
|-supereffective|p2a: Gengar
|-damage|p2a: Gengar|83\/323
|move|p2a: Gengar|Hypnosis|p1a: GZA
|-status|p1a: GZA|slp
|
|turn|2
|choice|move 2|move 4
|
|-curestatus|p1a: GZA|slp
|move|p2a: Gengar|Explosion|p1a: GZA
|-damage|p1a: GZA|16\/313
|faint|p2a: Gengar
|choice||switch 3
|
|switch|p2a: Snorlax|Snorlax|523\/523
|turn|3
|choice|move 3|move 1
|
|move|p1a: GZA|Recover|p1a: GZA
|-heal|p1a: GZA|172\/313
|move|p2a: Snorlax|Body Slam|p1a: GZA
|-damage|p1a: GZA|0 fnt
|faint|p1a: GZA
|choice|switch 2|
|
|switch|p1a: RZA|Dragonite|385\/385
|turn|4
|choice|move 4|move 1
|
|move|p1a: RZA|Wrap|p2a: Snorlax
|-damage|p2a: Snorlax|503\/523
|-activate|p2a: Snorlax|move: Wrap|[of] p1a: RZA
|cant|p2a: Snorlax|partiallytrapped
|
|turn|5
|choice|move 4|move 1
|
|move|p1a: RZA|Wrap|p2a: Snorlax
|-damage|p2a: Snorlax|483\/523
|cant|p2a: Snorlax|partiallytrapped
|
|-end|p2a: Snorlax|Wrap|[partiallytrapped]
|turn|6
|choice|move 4|move 1
|
|move|p1a: RZA|Wrap|p2a: Snorlax
|-damage|p2a: Snorlax|462\/523
|-activate|p2a: Snorlax|move: Wrap|[of] p1a: RZA
|cant|p2a: Snorlax|partiallytrapped
|
|turn|7
|choice|move 4|move 1
|
|move|p1a: RZA|Wrap|p2a: Snorlax
|-damage|p2a: Snorlax|441\/523
|cant|p2a: Snorlax|partiallytrapped
|
|-end|p2a: Snorlax|Wrap|[partiallytrapped]
|turn|8
|choice|move 4|switch 6
|
|switch|p2a: Tauros|Tauros|353\/353
|move|p1a: RZA|Wrap|p2a: Tauros
|-crit|p2a: Tauros
|-damage|p2a: Tauros|321\/353
|-activate|p2a: Tauros|move: Wrap|[of] p1a: RZA
|
|turn|9
|choice|switch 4|move 3
|
|switch|p1a: Ol Dirty Bastard|Exeggutor|393\/393
|cant|p2a: Tauros|partiallytrapped
|
|-end|p2a: Tauros|Wrap|[partiallytrapped]
|turn|10
|choice|move 3|switch 2
|
|switch|p2a: Exeggutor|Exeggutor|393\/393
|move|p1a: Ol Dirty Bastard|Sleep Powder|p2a: Exeggutor|[miss]
|-miss|p1a: Ol Dirty Bastard
|
|turn|11
|choice|move 3|move 2
|
|move|p2a: Exeggutor|Sleep Powder|p1a: Ol Dirty Bastard
|-status|p1a: Ol Dirty Bastard|slp
|cant|p1a: Ol Dirty Bastard|slp
|
|turn|12
|choice|switch 5|switch 4
|
|switch|p1a: Raekwon|Zapdos|383\/383
|switch|p2a: Cloyster|Cloyster|303\/303
|
|turn|13
|choice|move 1|switch 5
|
|switch|p2a: Golem|Golem|363\/363
|move|p1a: Raekwon|Thunderbolt|p2a: Golem
|-immune|p2a: Golem|[msg]
|
|turn|14
|choice|switch 5|move 3
|
|switch|p1a: Ol Dirty Bastard|Exeggutor|393\/393 slp
|move|p2a: Golem|Substitute|p2a: Golem
|-start|p2a: Golem|Substitute
|-damage|p2a: Golem|273\/363
|
|turn|15
|choice|move 2|move 2
|
|cant|p1a: Ol Dirty Bastard|slp
|move|p2a: Golem|Rock Slide|p1a: Ol Dirty Bastard
|-damage|p1a: Ol Dirty Bastard|284\/393 slp
|
|turn|16
|choice|move 1|switch 5
|
|switch|p2a: Cloyster|Cloyster|303\/303
|cant|p1a: Ol Dirty Bastard|slp
|
|turn|17
|choice|move 3|move 1
|
|move|p2a: Cloyster|Blizzard|p1a: Ol Dirty Bastard
|-supereffective|p1a: Ol Dirty Bastard
|-damage|p1a: Ol Dirty Bastard|49\/393 slp
|cant|p1a: Ol Dirty Bastard|slp
|
|turn|18
|choice|move 3|move 3
|
|move|p2a: Cloyster|Hyper Beam|p1a: Ol Dirty Bastard
|-damage|p1a: Ol Dirty Bastard|0 fnt
|faint|p1a: Ol Dirty Bastard
|choice|switch 5|
|
|switch|p1a: Raekwon|Zapdos|383\/383
|turn|19
|choice|switch 6|move 1
|
|switch|p1a: Method Man|Rhydon|413\/413
|move|p2a: Cloyster|Blizzard|p1a: Method Man
|-supereffective|p1a: Method Man
|-damage|p1a: Method Man|0 fnt
|faint|p1a: Method Man
|choice|switch 6|
|
|switch|p1a: Raekwon|Zapdos|383\/383
|turn|20
|choice|move 1|switch 5
|
|switch|p2a: Golem|Golem|273\/363
|move|p1a: Raekwon|Thunderbolt|p2a: Golem
|-immune|p2a: Golem|[msg]
|
|turn|21
|choice|switch 3|move 3
|
|switch|p1a: Ghostface Killah|Tauros|353\/353
|move|p2a: Golem|Substitute|p2a: Golem
|-start|p2a: Golem|Substitute
|-damage|p2a: Golem|183\/363
|
|turn|22
|choice|move 3|move 1
|
|move|p1a: Ghostface Killah|Earthquake|p2a: Golem
|-supereffective|p2a: Golem
|-end|p2a: Golem|Substitute
|move|p2a: Golem|Earthquake|p1a: Ghostface Killah
|-damage|p1a: Ghostface Killah|214\/353
|
|turn|23
|choice|move 3|switch 5
|
|switch|p2a: Cloyster|Cloyster|303\/303
|move|p1a: Ghostface Killah|Earthquake|p2a: Cloyster
|-crit|p2a: Cloyster
|-damage|p2a: Cloyster|210\/303
|
|turn|24
|choice|move 1|move 1
|
|move|p1a: Ghostface Killah|Body Slam|p2a: Cloyster
|-damage|p2a: Cloyster|138\/303
|move|p2a: Cloyster|Blizzard|p1a: Ghostface Killah
|-crit|p1a: Ghostface Killah
|-damage|p1a: Ghostface Killah|0 fnt
|faint|p1a: Ghostface Killah
|choice|switch 3|
|
|switch|p1a: Raekwon|Zapdos|383\/383
|turn|25
|choice|move 1|switch 5
|
|switch|p2a: Golem|Golem|183\/363
|move|p1a: Raekwon|Thunderbolt|p2a: Golem
|-immune|p2a: Golem|[msg]
|
|turn|26
|choice|switch 4|move 2
|
|switch|p1a: RZA|Dragonite|385\/385
|move|p2a: Golem|Rock Slide|p1a: RZA
|-supereffective|p1a: RZA
|-damage|p1a: RZA|203\/385
|
|turn|27
|choice|move 4|switch 4
|
|switch|p2a: Exeggutor|Exeggutor|393\/393
|move|p1a: RZA|Wrap|p2a: Exeggutor
|-damage|p2a: Exeggutor|377\/393
|-activate|p2a: Exeggutor|move: Wrap|[of] p1a: RZA
|
|turn|28
|choice|move 4|move 2
|
|move|p1a: RZA|Wrap|p2a: Exeggutor
|-damage|p2a: Exeggutor|361\/393
|cant|p2a: Exeggutor|partiallytrapped
|
|turn|29
|choice|move 4|move 2
|
|move|p1a: RZA|Wrap|p2a: Exeggutor
|-damage|p2a: Exeggutor|345\/393
|cant|p2a: Exeggutor|partiallytrapped
|
|turn|30
|choice|move 4|move 4
|
|move|p1a: RZA|Wrap|p2a: Exeggutor
|-damage|p2a: Exeggutor|329\/393
|cant|p2a: Exeggutor|partiallytrapped
|
|turn|31
|choice|move 4|move 4
|
|move|p1a: RZA|Wrap|p2a: Exeggutor
|-damage|p2a: Exeggutor|313\/393
|cant|p2a: Exeggutor|partiallytrapped
|
|-end|p2a: Exeggutor|Wrap|[partiallytrapped]
|turn|32
|choice|move 4|move 4
|
|move|p1a: RZA|Wrap|p2a: Exeggutor
|-damage|p2a: Exeggutor|297\/393
|-activate|p2a: Exeggutor|move: Wrap|[of] p1a: RZA
|cant|p2a: Exeggutor|partiallytrapped
|
|turn|33
|choice|move 4|move 4
|
|move|p1a: RZA|Wrap|p2a: Exeggutor
|-damage|p2a: Exeggutor|281\/393
|cant|p2a: Exeggutor|partiallytrapped
|
|-end|p2a: Exeggutor|Wrap|[partiallytrapped]
|turn|34
|choice|move 4|move 4
|
|move|p1a: RZA|Wrap|p2a: Exeggutor|[miss]
|-miss|p1a: RZA
|move|p2a: Exeggutor|Explosion|p1a: RZA
|-damage|p1a: RZA|0 fnt
|faint|p1a: RZA
|faint|p2a: Exeggutor
|choice|switch 4|switch 4
|
|switch|p1a: Raekwon|Zapdos|383\/383
|switch|p2a: Golem|Golem|183\/363
|turn|35
|choice|move 2|move 2
|
|move|p1a: Raekwon|Drill Peck|p2a: Golem
|-resisted|p2a: Golem
|-damage|p2a: Golem|146\/363
|move|p2a: Golem|Rock Slide|p1a: Raekwon
|-supereffective|p1a: Raekwon
|-damage|p1a: Raekwon|159\/383
|
|turn|36
|c|★Sniffles|Gg
|c|★World Revolution|gg
|choice|move 2|move 2
|
|move|p1a: Raekwon|Drill Peck|p2a: Golem
|-resisted|p2a: Golem
|-damage|p2a: Golem|107\/363
|move|p2a: Golem|Rock Slide|p1a: Raekwon|[miss]
|-miss|p2a: Golem
|
|turn|37
|choice|move 2|move 2
|
|move|p1a: Raekwon|Drill Peck|p2a: Golem
|-crit|p2a: Golem
|-resisted|p2a: Golem
|-damage|p2a: Golem|36\/363
|move|p2a: Golem|Rock Slide|p1a: Raekwon
|-supereffective|p1a: Raekwon
|-damage|p1a: Raekwon|0 fnt
|faint|p1a: Raekwon
|
|win|World Revolution
|raw|Sniffles's rating: 1143 &rarr; <strong>1113<\/strong><br \/>(-30 for losing)
|raw|World Revolution's rating: 1074 &rarr; <strong>1109<\/strong><br \/>(+35 for winning)
|l|Sniffles
|player|p1