|join|XianJu
|join|litos24
|player|p1|XianJu|130
|player|p2|litos24|50
|gametype|singles
|gen|1
|tier|[Gen 1] Random Battle
|rated
|rule|Sleep Clause Mod: Limit one foe put to sleep
|rule|Freeze Clause Mod: Limit one foe frozen
|rule|HP Percentage Mod: HP is shown in percentages
|
|start
|switch|p1a: Venomoth|Venomoth, L85|293\/293
|switch|p2a: Dewgong|Dewgong, L85|327\/327
|turn|1
|
|move|p1a: Venomoth|Sleep Powder|p2a: Dewgong|[miss]
|-miss|p1a: Venomoth
|move|p2a: Dewgong|Blizzard|p1a: Venomoth
|-damage|p1a: Venomoth|176\/293
|
|turn|2
|
|move|p1a: Venomoth|Sleep Powder|p2a: Dewgong
|-status|p2a: Dewgong|slp
|cant|p2a: Dewgong|slp
|
|turn|3
|
|switch|p2a: Weezing|Weezing, L90|300\/300
|move|p1a: Venomoth|Mega Drain|p2a: Weezing
|-resisted|p2a: Weezing
|-damage|p2a: Weezing|286\/300
|-heal|p1a: Venomoth|183\/293|[from] drain|[of] p2a: Weezing
|
|turn|4
|
|move|p1a: Venomoth|Psychic|p2a: Weezing
|-supereffective|p2a: Weezing
|-damage|p2a: Weezing|164\/300
|move|p2a: Weezing|Fire Blast|p1a: Venomoth
|-supereffective|p1a: Venomoth
|-damage|p1a: Venomoth|24\/293
|
|turn|5
|
|move|p1a: Venomoth|Psychic|p2a: Weezing
|-supereffective|p2a: Weezing
|-damage|p2a: Weezing|54\/300
|move|p2a: Weezing|Sludge|p1a: Venomoth
|-damage|p1a: Venomoth|0 fnt
|faint|p1a: Venomoth
|
|switch|p1a: Kabutops|Kabutops, L85|276\/276
|turn|6
|
|move|p1a: Kabutops|Surf|p2a: Weezing
|-damage|p2a: Weezing|0 fnt
|faint|p2a: Weezing
|
|switch|p2a: Venomoth|Venomoth, L85|293\/293
|turn|7
|
|move|p2a: Venomoth|Stun Spore|p1a: Kabutops
|-status|p1a: Kabutops|par
|move|p1a: Kabutops|Surf|p2a: Venomoth
|-crit|p2a: Venomoth
|-damage|p2a: Venomoth|137\/293
|
|turn|8
|
|move|p2a: Venomoth|Mega Drain|p1a: Kabutops
|-supereffective|p1a: Kabutops
|-damage|p1a: Kabutops|157\/276 par
|-heal|p2a: Venomoth|196\/293|[from] drain|[of] p1a: Kabutops
|move|p1a: Kabutops|Surf|p2a: Venomoth
|-damage|p2a: Venomoth|112\/293
|
|turn|9
|
|switch|p1a: Alakazam|Alakazam, L79|249\/249
|move|p2a: Venomoth|Mega Drain|p1a: Alakazam
|-damage|p1a: Alakazam|227\/249
|-heal|p2a: Venomoth|123\/293|[from] drain|[of] p1a: Alakazam
|
|turn|10
|
|move|p1a: Alakazam|Psychic|p2a: Venomoth
|-crit|p2a: Venomoth
|-supereffective|p2a: Venomoth
|-damage|p2a: Venomoth|0 fnt
|faint|p2a: Venomoth
|
|switch|p2a: Onix|Onix, L90|246\/246
|turn|11
|
|switch|p1a: Kabutops|Kabutops, L85|157\/276 par
|move|p2a: Onix|Toxic|p1a: Kabutops
|-fail|p1a: Kabutops
|
|turn|12
|
|move|p2a: Onix|Earthquake|p1a: Kabutops
|-supereffective|p1a: Kabutops
|-damage|p1a: Kabutops|5\/276 par
|cant|p1a: Kabutops|par
|
|turn|13
|
|move|p2a: Onix|Rock Slide|p1a: Kabutops
|-damage|p1a: Kabutops|0 fnt
|faint|p1a: Kabutops
|
|switch|p1a: Hitmonchan|Hitmonchan, L90|273\/273
|turn|14
|c|★litos24|!weakness hitmonchan
|raw|<div class="infobox">Hitmonchan (ignoring abilities):<br><span class="message-effect-weak">Weaknesses<\/span>: Fairy, Flying, Psychic<br><span class="message-effect-resist">Resistances<\/span>: Bug, Dark, Rock<br><span class="message-effect-immune">Immunities<\/span>: <font color=#999999>None<\/font><\/div>
|
|move|p1a: Hitmonchan|Submission|p2a: Onix|[miss]
|-miss|p1a: Hitmonchan
|move|p2a: Onix|Explosion|p1a: Hitmonchan
|-damage|p1a: Hitmonchan|98\/273
|faint|p2a: Onix
|
|switch|p2a: Kingler|Kingler, L85|267\/267
|turn|15
|
|move|p1a: Hitmonchan|Body Slam|p2a: Kingler
|-damage|p2a: Kingler|204\/267
|-status|p2a: Kingler|par
|move|p2a: Kingler|Swords Dance|p2a: Kingler
|-boost|p2a: Kingler|atk|2
|
|turn|16
|
|move|p1a: Hitmonchan|Seismic Toss|p2a: Kingler
|-damage|p2a: Kingler|114\/267 par
|cant|p2a: Kingler|par
|
|turn|17
|
|move|p1a: Hitmonchan|Seismic Toss|p2a: Kingler
|-damage|p2a: Kingler|24\/267 par
|cant|p2a: Kingler|par
|
|turn|18
|
|move|p1a: Hitmonchan|Seismic Toss|p2a: Kingler
|-damage|p2a: Kingler|0 fnt
|faint|p2a: Kingler
|c|★litos24|bullshit
|
|switch|p2a: Ninetales|Ninetales, L85|298\/298
|turn|19
|
|move|p2a: Ninetales|Fire Blast|p1a: Hitmonchan
|-damage|p1a: Hitmonchan|0 fnt
|faint|p1a: Hitmonchan
|
|switch|p1a: Alakazam|Alakazam, L79|227\/249
|turn|20
|
|move|p1a: Alakazam|Thunder Wave|p2a: Ninetales
|-status|p2a: Ninetales|par
|move|p2a: Ninetales|Reflect|p2a: Ninetales
|-start|p2a: Ninetales|Reflect
|
|turn|21
|
|move|p1a: Alakazam|Psychic|p2a: Ninetales
|-damage|p2a: Ninetales|210\/298 par
|-unboost|p2a: Ninetales|spd|1
|-unboost|p2a: Ninetales|spa|1
|cant|p2a: Ninetales|par
|
|turn|22
|
|move|p1a: Alakazam|Psychic|p2a: Ninetales
|-damage|p2a: Ninetales|66\/298 par
|move|p2a: Ninetales|Fire Blast|p1a: Alakazam
|-crit|p1a: Alakazam
|-damage|p1a: Alakazam|30\/249
|-status|p1a: Alakazam|brn
|
|turn|23
|
|move|p1a: Alakazam|Recover|p1a: Alakazam
|-heal|p1a: Alakazam|154\/249 brn
|-damage|p1a: Alakazam|139\/249 brn|[from] brn
|move|p2a: Ninetales|Body Slam|p1a: Alakazam
|-crit|p1a: Alakazam
|-damage|p1a: Alakazam|0 fnt
|faint|p1a: Alakazam
|
|switch|p1a: Farfetch'd|Farfetch'd, L99|304\/304
|turn|24
|
|move|p1a: Farfetch'd|Slash|p2a: Ninetales
|-damage|p2a: Ninetales|19\/298 par
|move|p2a: Ninetales|Fire Blast|p1a: Farfetch'd
|-damage|p1a: Farfetch'd|205\/304
|
|turn|25
|
|move|p1a: Farfetch'd|Slash|p2a: Ninetales
|-crit|p2a: Ninetales
|-damage|p2a: Ninetales|0 fnt
|faint|p2a: Ninetales
|
|switch|p2a: Dewgong|Dewgong, L85|327\/327 slp
|turn|26
|
|move|p1a: Farfetch'd|Sand Attack|p2a: Dewgong
|-unboost|p2a: Dewgong|accuracy|1
|-curestatus|p2a: Dewgong|slp
|
|turn|27
|
|move|p1a: Farfetch'd|Sand Attack|p2a: Dewgong
|-unboost|p2a: Dewgong|accuracy|1
|move|p2a: Dewgong|Surf|p1a: Farfetch'd|[miss]
|-miss|p2a: Dewgong
|
|turn|28
|
|move|p1a: Farfetch'd|Sand Attack|p2a: Dewgong
|-unboost|p2a: Dewgong|accuracy|1
|move|p2a: Dewgong|Surf|p1a: Farfetch'd|[miss]
|-miss|p2a: Dewgong
|
|turn|29
|
|move|p1a: Farfetch'd|Toxic|p2a: Dewgong
|-status|p2a: Dewgong|tox
|move|p2a: Dewgong|Surf|p1a: Farfetch'd
|-damage|p1a: Farfetch'd|101\/304
|-damage|p2a: Dewgong|307\/327 tox|[from] tox|[of] p1a: Farfetch'd
|
|turn|30
|
|move|p1a: Farfetch'd|Slash|p2a: Dewgong
|-crit|p2a: Dewgong
|-damage|p2a: Dewgong|159\/327 tox
|move|p2a: Dewgong|Blizzard|p1a: Farfetch'd
|-supereffective|p1a: Farfetch'd
|-damage|p1a: Farfetch'd|0 fnt
|faint|p1a: Farfetch'd
|
|switch|p1a: Flareon|Flareon, L90|300\/300
|turn|31
|
|move|p1a: Flareon|Fire Blast|p2a: Dewgong
|-damage|p2a: Dewgong|0 fnt
|faint|p2a: Dewgong
|
|win|XianJu
|leave|litos24
|player|p2
|raw|XianJu's rating: 1230 &rarr; <strong>1249<\/strong><br \/>(+19 for winning)
|raw|litos24's rating: 1152 &rarr; <strong>1133<\/strong><br \/>(-19 for losing)