|join|kid gf lol
|join|Wailmerfan01x
|player|p1|kid gf lol|168
|player|p2|Wailmerfan01x|2
|gametype|singles
|gen|1
|tier|[Gen 1] OU (beta)
|rated
|rule|Sleep Clause Mod: Limit one foe put to sleep
|rule|Species Clause: Limit one of each Pokemon
|rule|OHKO Clause: OHKO moves are banned
|rule|Moody Clause: Moody is banned
|rule|Evasion Moves Clause: Evasion moves are banned
|rule|Endless Battle Clause: Forcing endless battles is banned.
|rule|HP Percentage Mod: HP is reported as percentages
|
|start
|switch|p1a: Zam Lead|Alakazam|313\/313
|switch|p2a: WizardGuy|Alakazam|313\/313
|turn|1
|
|switch|p1a: Egg Kangaroo|Chansey|703\/703
|move|p2a: WizardGuy|Thunder Wave|p1a: Egg Kangaroo
|-status|p1a: Egg Kangaroo|par
|
|turn|2
|chat|kid gf lol|sup
|chat|Wailmerfan01x|hey
|
|switch|p2a: Billy|Cloyster|303\/303
|switch|p1a: Result of Incest|Exeggutor|393\/393
|
|turn|3
|
|switch|p1a: GhostInaShell|Cloyster|303\/303
|move|p2a: Billy|Clamp|p1a: GhostInaShell|[miss]
|-miss|p2a: Billy
|
|turn|4
|
|move|p1a: GhostInaShell|Clamp|p2a: Billy|[miss]
|-miss|p1a: GhostInaShell
|move|p2a: Billy|Clamp|p1a: GhostInaShell
|-crit|p1a: GhostInaShell
|-resisted|p1a: GhostInaShell
|-damage|p1a: GhostInaShell|260\/303
|-activate|p1a: GhostInaShell|move: Clamp|[of] p2a: Billy
|
|turn|5
|
|switch|p2a: Shadow|Gengar|323\/323
|cant|p1a: GhostInaShell|partiallytrapped
|
|-end|p1a: GhostInaShell|Clamp|[partiallytrapped]
|turn|6
|
|switch|p1a: Egg Kangaroo|Chansey|703\/703 par
|move|p2a: Shadow|Confuse Ray|p1a: Egg Kangaroo
|-start|p1a: Egg Kangaroo|confusion
|
|turn|7
|
|switch|p2a: El Bull|Tauros|353\/353
|switch|p1a: Zam Lead|Alakazam|313\/313
|
|turn|8
|
|switch|p1a: GhostInaShell|Cloyster|260\/303
|move|p2a: El Bull|Body Slam|p1a: GhostInaShell
|-damage|p1a: GhostInaShell|189\/303
|
|turn|9
|
|switch|p2a: Billy|Cloyster|303\/303
|move|p1a: GhostInaShell|Clamp|p2a: Billy|[miss]
|-miss|p1a: GhostInaShell
|
|turn|10
|
|move|p2a: Billy|Clamp|p1a: GhostInaShell
|-resisted|p1a: GhostInaShell
|-damage|p1a: GhostInaShell|167\/303
|-activate|p1a: GhostInaShell|move: Clamp|[of] p2a: Billy
|cant|p1a: GhostInaShell|partiallytrapped
|
|turn|11
|
|switch|p1a: Zam Lead|Alakazam|313\/313
|move|p2a: Billy|Clamp|p1a: Zam Lead
|-damage|p1a: Zam Lead|285\/313
|-activate|p1a: Zam Lead|move: Clamp|[of] p2a: Billy
|
|turn|12
|
|switch|p2a: The Egg|Chansey|703\/703
|cant|p1a: Zam Lead|partiallytrapped
|
|-end|p1a: Zam Lead|Clamp|[partiallytrapped]
|turn|13
|
|switch|p1a: Egg Kangaroo|Chansey|703\/703 par
|move|p2a: The Egg|Thunder Wave|p1a: Egg Kangaroo
|-fail|p1a: Egg Kangaroo|par
|
|turn|14
|join|magandrea
|leave|magandrea
|
|switch|p2a: Billy|Cloyster|303\/303
|move|p1a: Egg Kangaroo|Thunderbolt|p2a: Billy
|-supereffective|p2a: Billy
|-damage|p2a: Billy|134\/303
|
|turn|15
|
|switch|p1a: GhostInaShell|Cloyster|167\/303
|move|p2a: Billy|Clamp|p1a: GhostInaShell|[miss]
|-miss|p2a: Billy
|
|turn|16
|
|move|p2a: Billy|Clamp|p1a: GhostInaShell
|-resisted|p1a: GhostInaShell
|-damage|p1a: GhostInaShell|146\/303
|-activate|p1a: GhostInaShell|move: Clamp|[of] p2a: Billy
|cant|p1a: GhostInaShell|partiallytrapped
|
|turn|17
|
|switch|p1a: Zam Lead|Alakazam|285\/313
|move|p2a: Billy|Clamp|p1a: Zam Lead
|-damage|p1a: Zam Lead|251\/313
|-activate|p1a: Zam Lead|move: Clamp|[of] p2a: Billy
|
|turn|18
|
|switch|p2a: WizardGuy|Alakazam|313\/313
|cant|p1a: Zam Lead|partiallytrapped
|
|-end|p1a: Zam Lead|Clamp|[partiallytrapped]
|turn|19
|
|switch|p1a: Result of Incest|Exeggutor|393\/393
|move|p2a: WizardGuy|Seismic Toss|p1a: Result of Incest
|-damage|p1a: Result of Incest|293\/393
|
|turn|20
|
|move|p2a: WizardGuy|Thunder Wave|p1a: Result of Incest
|-status|p1a: Result of Incest|par
|move|p1a: Result of Incest|Sleep Powder|p2a: WizardGuy
|-status|p2a: WizardGuy|slp
|
|turn|21
|
|switch|p2a: The Egg|Chansey|703\/703
|move|p1a: Result of Incest|Psychic|p2a: The Egg
|-damage|p2a: The Egg|586\/703
|
|turn|22
|
|move|p2a: The Egg|Ice Beam|p1a: Result of Incest
|-supereffective|p1a: Result of Incest
|-damage|p1a: Result of Incest|155\/393 par
|move|p1a: Result of Incest|Explosion|p2a: The Egg
|-crit|p2a: The Egg
|-damage|p2a: The Egg|0 fnt
|faint|p2a: The Egg
|faint|p1a: Result of Incest
|
|switch|p1a: Zam Lead|Alakazam|251\/313
|switch|p2a: El Bull|Tauros|353\/353
|turn|23
|
|switch|p2a: WizardGuy|Alakazam|313\/313 slp
|move|p1a: Zam Lead|Thunder Wave|p2a: WizardGuy
|-fail|p2a: WizardGuy
|
|turn|24
|
|switch|p1a: That's Bull|Tauros|353\/353
|cant|p2a: WizardGuy|slp
|
|turn|25
|
|switch|p2a: El Bull|Tauros|353\/353
|move|p1a: That's Bull|Earthquake|p2a: El Bull
|-damage|p2a: El Bull|273\/353
|
|turn|26
|
|move|p2a: El Bull|Body Slam|p1a: That's Bull
|-crit|p1a: That's Bull
|-damage|p1a: That's Bull|142\/353
|-status|p1a: That's Bull|par
|move|p1a: That's Bull|Body Slam|p2a: El Bull
|-damage|p2a: El Bull|167\/353
|-status|p2a: El Bull|par
|
|turn|27
|
|move|p2a: El Bull|Hyper Beam|p1a: That's Bull
|-damage|p1a: That's Bull|0 fnt
|faint|p1a: That's Bull
|
|
|switch|p1a: Zam Lead|Alakazam|251\/313
|turn|28
|
|switch|p2a: WizardGuy|Alakazam|313\/313 slp
|move|p1a: Zam Lead|Psychic|p2a: WizardGuy
|-resisted|p2a: WizardGuy
|-damage|p2a: WizardGuy|262\/313 slp
|
|turn|29
|
|switch|p1a: GhostInaShell|Cloyster|146\/303
|cant|p2a: WizardGuy|slp
|
|turn|30
|
|switch|p2a: Billy|Cloyster|134\/303
|move|p1a: GhostInaShell|Clamp|p2a: Billy
|-crit|p2a: Billy
|-resisted|p2a: Billy
|-damage|p2a: Billy|91\/303
|-activate|p2a: Billy|move: Clamp|[of] p1a: GhostInaShell
|
|turn|31
|
|switch|p2a: WizardGuy|Alakazam|262\/313 slp
|move|p1a: GhostInaShell|Clamp|p2a: WizardGuy
|-damage|p2a: WizardGuy|234\/313 slp
|-activate|p2a: WizardGuy|move: Clamp|[of] p1a: GhostInaShell
|
|turn|32
|
|cant|p2a: WizardGuy|slp
|move|p1a: GhostInaShell|Clamp|p2a: WizardGuy
|-damage|p2a: WizardGuy|191\/313 slp
|
|turn|33
|
|cant|p2a: WizardGuy|slp
|move|p1a: GhostInaShell|Clamp|p2a: WizardGuy
|-damage|p2a: WizardGuy|148\/313 slp
|
|turn|34
|
|switch|p1a: TNT|Golem|363\/363
|cant|p2a: WizardGuy|slp
|-curestatus|p2a: WizardGuy|slp
|
|-end|p2a: WizardGuy|Clamp|[partiallytrapped]
|turn|35
|
|switch|p2a: Billy|Cloyster|91\/303
|move|p1a: TNT|Earthquake|p2a: Billy
|-damage|p2a: Billy|7\/303
|
|turn|36
|
|switch|p1a: GhostInaShell|Cloyster|146\/303
|move|p2a: Billy|Clamp|p1a: GhostInaShell
|-crit|p1a: GhostInaShell
|-resisted|p1a: GhostInaShell
|-damage|p1a: GhostInaShell|101\/303
|-activate|p1a: GhostInaShell|move: Clamp|[of] p2a: Billy
|
|turn|37
|
|move|p2a: Billy|Clamp|p1a: GhostInaShell
|-damage|p1a: GhostInaShell|56\/303
|cant|p1a: GhostInaShell|partiallytrapped
|
|turn|38
|
|cant|p1a: GhostInaShell|partiallytrapped
|move|p2a: Billy|Clamp|p1a: GhostInaShell
|-damage|p1a: GhostInaShell|11\/303
|
|-end|p1a: GhostInaShell|Clamp|[partiallytrapped]
|turn|39
|
|move|p2a: Billy|Clamp|p1a: GhostInaShell
|-resisted|p1a: GhostInaShell
|-damage|p1a: GhostInaShell|0 fnt
|faint|p1a: GhostInaShell
|
|
|switch|p1a: Zam Lead|Alakazam|251\/313
|turn|40
|
|switch|p2a: WizardGuy|Alakazam|148\/313
|move|p1a: Zam Lead|Seismic Toss|p2a: WizardGuy
|-damage|p2a: WizardGuy|48\/313
|
|turn|41
|
|move|p2a: WizardGuy|Recover|p2a: WizardGuy
|-heal|p2a: WizardGuy|204\/313
|move|p1a: Zam Lead|Seismic Toss|p2a: WizardGuy
|-damage|p2a: WizardGuy|104\/313
|
|turn|42
|
|move|p2a: WizardGuy|Thunder Wave|p1a: Zam Lead
|-status|p1a: Zam Lead|par
|move|p1a: Zam Lead|Thunder Wave|p2a: WizardGuy
|-status|p2a: WizardGuy|par
|
|turn|43
|
|move|p2a: WizardGuy|Recover|p2a: WizardGuy
|-heal|p2a: WizardGuy|260\/313 par
|move|p1a: Zam Lead|Seismic Toss|p2a: WizardGuy
|-damage|p2a: WizardGuy|160\/313 par
|
|turn|44
|
|move|p1a: Zam Lead|Seismic Toss|p2a: WizardGuy
|-damage|p2a: WizardGuy|60\/313 par
|move|p2a: WizardGuy|Recover|p2a: WizardGuy
|-heal|p2a: WizardGuy|216\/313 par
|
|turn|45
|
|move|p2a: WizardGuy|Seismic Toss|p1a: Zam Lead
|-damage|p1a: Zam Lead|151\/313 par
|cant|p1a: Zam Lead|par
|
|turn|46
|
|move|p1a: Zam Lead|Recover|p1a: Zam Lead
|-heal|p1a: Zam Lead|307\/313 par
|move|p2a: WizardGuy|Seismic Toss|p1a: Zam Lead
|-damage|p1a: Zam Lead|207\/313 par
|
|turn|47
|
|cant|p2a: WizardGuy|par
|move|p1a: Zam Lead|Seismic Toss|p2a: WizardGuy
|-damage|p2a: WizardGuy|116\/313 par
|
|turn|48
|
|cant|p2a: WizardGuy|par
|move|p1a: Zam Lead|Seismic Toss|p2a: WizardGuy
|-damage|p2a: WizardGuy|16\/313 par
|
|turn|49
|
|move|p1a: Zam Lead|Seismic Toss|p2a: WizardGuy
|-damage|p2a: WizardGuy|0 fnt
|faint|p2a: WizardGuy
|
|
|switch|p2a: El Bull|Tauros|167\/353 par
|turn|50
|
|move|p1a: Zam Lead|Psychic|p2a: El Bull
|-damage|p2a: El Bull|0 fnt
|faint|p2a: El Bull
|
|
|switch|p2a: Billy|Cloyster|7\/303
|turn|51
|
|switch|p1a: Egg Kangaroo|Chansey|703\/703 par
|move|p2a: Billy|Clamp|p1a: Egg Kangaroo
|-damage|p1a: Egg Kangaroo|664\/703 par
|-activate|p1a: Egg Kangaroo|move: Clamp|[of] p2a: Billy
|
|turn|52
|
|switch|p1a: Zam Lead|Alakazam|207\/313 par
|move|p2a: Billy|Clamp|p1a: Zam Lead
|-crit|p1a: Zam Lead
|-damage|p1a: Zam Lead|141\/313 par
|-activate|p1a: Zam Lead|move: Clamp|[of] p2a: Billy
|
|turn|53
|
|switch|p1a: Egg Kangaroo|Chansey|664\/703 par
|move|p2a: Billy|Clamp|p1a: Egg Kangaroo
|-damage|p1a: Egg Kangaroo|626\/703 par
|-activate|p1a: Egg Kangaroo|move: Clamp|[of] p2a: Billy
|
|turn|54
|
|switch|p2a: RockRoll|Golem|363\/363
|cant|p1a: Egg Kangaroo|partiallytrapped
|
|-end|p1a: Egg Kangaroo|Clamp|[partiallytrapped]
|turn|55
|
|move|p2a: RockRoll|Earthquake|p1a: Egg Kangaroo
|-damage|p1a: Egg Kangaroo|306\/703 par
|cant|p1a: Egg Kangaroo|par
|
|turn|56
|
|move|p2a: RockRoll|Earthquake|p1a: Egg Kangaroo
|-damage|p1a: Egg Kangaroo|0 fnt
|faint|p1a: Egg Kangaroo
|
|
|switch|p1a: TNT|Golem|363\/363
|turn|57
|
|move|p1a: TNT|Earthquake|p2a: RockRoll
|-supereffective|p2a: RockRoll
|-damage|p2a: RockRoll|156\/363
|move|p2a: RockRoll|Earthquake|p1a: TNT
|-supereffective|p1a: TNT
|-damage|p1a: TNT|149\/363
|
|turn|58
|
|move|p1a: TNT|Earthquake|p2a: RockRoll
|-supereffective|p2a: RockRoll
|-damage|p2a: RockRoll|0 fnt
|faint|p2a: RockRoll
|
|join|Bacon & Cheese
|
|switch|p2a: Billy|Cloyster|7\/303
|turn|59
|
|move|p2a: Billy|Blizzard|p1a: TNT
|-supereffective|p1a: TNT
|-damage|p1a: TNT|0 fnt
|faint|p1a: TNT
|
|
|switch|p1a: Zam Lead|Alakazam|141\/313 par
|turn|60
|
|move|p2a: Billy|Explosion|p1a: Zam Lead
|-damage|p1a: Zam Lead|0 fnt
|faint|p1a: Zam Lead
|faint|p2a: Billy
|
|win|Wailmerfan01x
|raw|Ladder updating...
|raw|kid gf lol's rating: 1380 &rarr; <strong>1350<\/strong><br \/>(-30 for losing)
|raw|Wailmerfan01x's rating: 1193 &rarr; <strong>1230<\/strong><br \/>(+37 for winning)
|leave|kid gf lol
|player|p1
|chat|Wailmerfan01x|good game