|j|maximv8
|j|MALESANI
|player|p1|maximv8|2
|player|p2|MALESANI|238
|gametype|singles
|gen|1
|tier|[Gen 1] Random Battle
|rated
|seed|4415,54098,15866,14223
|rule|Sleep Clause Mod: Limit one foe put to sleep
|rule|Freeze Clause Mod: Limit one foe frozen
|rule|HP Percentage Mod: HP is shown in percentages
|
|start
|switch|p1a: Starmie|Starmie, L79|257\/257
|switch|p2a: Kadabra|Kadabra, L85|242\/242
|turn|1
|choice|move 4|move 2
|
|move|p2a: Kadabra|Thunder Wave|p1a: Starmie
|-status|p1a: Starmie|par
|move|p1a: Starmie|Thunder Wave|p2a: Kadabra
|-status|p2a: Kadabra|par
|
|turn|2
|choice|move 2|move 4
|
|move|p1a: Starmie|Blizzard|p2a: Kadabra
|-damage|p2a: Kadabra|183\/242 par
|move|p2a: Kadabra|Seismic Toss|p1a: Starmie
|-damage|p1a: Starmie|172\/257 par
|
|turn|3
|choice|move 2|move 4
|
|move|p1a: Starmie|Blizzard|p2a: Kadabra|[miss]
|-miss|p1a: Starmie
|move|p2a: Kadabra|Seismic Toss|p1a: Starmie
|-damage|p1a: Starmie|87\/257 par
|
|turn|4
|choice|move 1|move 4
|
|cant|p1a: Starmie|par
|move|p2a: Kadabra|Seismic Toss|p1a: Starmie
|-damage|p1a: Starmie|2\/257 par
|
|turn|5
|choice|move 1|move 1
|
|move|p2a: Kadabra|Psychic|p1a: Starmie
|-resisted|p1a: Starmie
|-damage|p1a: Starmie|0 fnt
|faint|p1a: Starmie
|choice|switch 6|
|
|switch|p1a: Clefable|Clefable, L85|335\/335
|turn|6
|choice|move 3|move 2
|
|move|p1a: Clefable|Sing|p2a: Kadabra|[miss]
|-miss|p1a: Clefable
|cant|p2a: Kadabra|par
|
|turn|7
|choice|move 4|move 2
|
|move|p1a: Clefable|Thunderbolt|p2a: Kadabra
|-damage|p2a: Kadabra|135\/242 par
|cant|p2a: Kadabra|par
|
|turn|8
|choice|move 4|move 2
|
|move|p1a: Clefable|Thunderbolt|p2a: Kadabra
|-damage|p2a: Kadabra|85\/242 par
|move|p2a: Kadabra|Thunder Wave|p1a: Clefable
|-status|p1a: Clefable|par
|
|turn|9
|choice|move 4|move 1
|
|move|p2a: Kadabra|Psychic|p1a: Clefable
|-damage|p1a: Clefable|221\/335 par
|-unboost|p1a: Clefable|spd|1
|-unboost|p1a: Clefable|spa|1
|cant|p1a: Clefable|par
|
|turn|10
|choice|move 4|move 1
|
|move|p2a: Kadabra|Psychic|p1a: Clefable
|-damage|p1a: Clefable|58\/335 par
|-unboost|p1a: Clefable|spd|1
|-unboost|p1a: Clefable|spa|1
|cant|p1a: Clefable|par
|
|turn|11
|choice|move 3|move 4
|
|cant|p2a: Kadabra|par
|move|p1a: Clefable|Sing|p2a: Kadabra
|-fail|p2a: Kadabra
|
|turn|12
|choice|move 4|move 4
|
|move|p2a: Kadabra|Seismic Toss|p1a: Clefable
|-damage|p1a: Clefable|0 fnt
|faint|p1a: Clefable
|choice|switch 5|
|
|switch|p1a: Haunter|Haunter, L85|250\/250
|turn|13
|choice|move 4|move 1
|
|move|p1a: Haunter|Explosion|p2a: Kadabra
|-damage|p2a: Kadabra|0 fnt
|faint|p2a: Kadabra
|faint|p1a: Haunter
|choice|switch 2|switch 3
|
|switch|p1a: Pidgeotto|Pidgeotto, L90|297\/297
|switch|p2a: Nidorina|Nidorina, L90|309\/309
|turn|14
|c|★maximv8|the fuckin god kadabra
|choice|move 2|move 3
|
|move|p1a: Pidgeotto|Mirror Move|p1a: Pidgeotto
|-fail|p1a: Pidgeotto
|move|p2a: Nidorina|Thunderbolt|p1a: Pidgeotto
|-supereffective|p1a: Pidgeotto
|-damage|p1a: Pidgeotto|161\/297
|
|turn|15
|choice|switch 4|move 3
|
|switch|p1a: Venomoth|Venomoth, L85|293\/293
|move|p2a: Nidorina|Thunderbolt|p1a: Venomoth
|-damage|p1a: Venomoth|236\/293
|
|turn|16
|choice|move 1|move 4
|
|move|p1a: Venomoth|Sleep Powder|p2a: Nidorina
|-status|p2a: Nidorina|slp
|-curestatus|p2a: Nidorina|slp
|
|turn|17
|choice|move 3|move 4
|
|move|p1a: Venomoth|Psychic|p2a: Nidorina
|-supereffective|p2a: Nidorina
|-damage|p2a: Nidorina|149\/309
|-unboost|p2a: Nidorina|spd|1
|-unboost|p2a: Nidorina|spa|1
|move|p2a: Nidorina|Double-Edge|p1a: Venomoth
|-damage|p1a: Venomoth|156\/293
|-damage|p2a: Nidorina|129\/309|[from] recoil|[of] p1a: Venomoth
|
|turn|18
|choice|move 3|move 3
|
|move|p1a: Venomoth|Psychic|p2a: Nidorina
|-crit|p2a: Nidorina
|-supereffective|p2a: Nidorina
|-damage|p2a: Nidorina|0 fnt
|faint|p2a: Nidorina
|choice||switch 6
|
|switch|p2a: Mewtwo|Mewtwo, L70|293\/293
|turn|19
|choice|move 1|move 1
|
|move|p2a: Mewtwo|Psychic|p1a: Venomoth
|-supereffective|p1a: Venomoth
|-damage|p1a: Venomoth|0 fnt
|faint|p1a: Venomoth
|c|★maximv8|the fuckin god mewtwo xD
|c|★maximv8|gg
|-message|maximv8 forfeited.
|
|win|MALESANI
|player|p1
|player|p2
|l|maximv8
|raw|maximv8's rating: 1113 &rarr; <strong>1103<\/strong><br \/>(-10 for losing)
|raw|MALESANI's rating: 1345 &rarr; <strong>1353<\/strong><br \/>(+8 for winning)