|j|kcroxsox
|j|MALESANI
|player|p1|kcroxsox|169
|player|p2|MALESANI|238
|gametype|singles
|gen|1
|tier|[Gen 1] Random Battle
|rated
|seed|19584,3595,8134,52977
|rule|Sleep Clause Mod: Limit one foe put to sleep
|rule|Freeze Clause Mod: Limit one foe frozen
|rule|HP Percentage Mod: HP is shown in percentages
|
|start
|switch|p1a: Zapdos|Zapdos, L79|304\/304
|switch|p2a: Tangela|Tangela, L85|284\/284
|turn|1
|choice|move 2|switch 6
|
|switch|p2a: Raichu|Raichu, L85|276\/276
|move|p1a: Zapdos|Drill Peck|p2a: Raichu
|-resisted|p2a: Raichu
|-damage|p2a: Raichu|233\/276
|
|turn|2
|choice|switch 6|move 2
|
|switch|p1a: Mew|Mew, L74|300\/300
|move|p2a: Raichu|Thunder|p1a: Mew|[miss]
|-miss|p2a: Raichu
|
|turn|3
|choice|move 2|switch 6
|
|switch|p2a: Tangela|Tangela, L85|284\/284
|move|p1a: Mew|Thunder Wave|p2a: Tangela
|-status|p2a: Tangela|par
|
|turn|4
|choice|switch 6|move 4
|
|switch|p1a: Zapdos|Zapdos, L79|304\/304
|move|p2a: Tangela|Body Slam|p1a: Zapdos
|-damage|p1a: Zapdos|256\/304
|
|turn|5
|j|gman242424
|choice|move 2|move 4
|
|move|p1a: Zapdos|Drill Peck|p2a: Tangela
|-supereffective|p2a: Tangela
|-damage|p2a: Tangela|167\/284 par
|cant|p2a: Tangela|par
|
|turn|6
|choice|move 2|switch 6
|
|switch|p2a: Raichu|Raichu, L85|233\/276
|move|p1a: Zapdos|Drill Peck|p2a: Raichu
|-resisted|p2a: Raichu
|-damage|p2a: Raichu|189\/276
|
|turn|7
|choice|move 4|move 2
|
|move|p2a: Raichu|Thunder|p1a: Zapdos
|-damage|p1a: Zapdos|148\/304
|move|p1a: Zapdos|Thunderbolt|p2a: Raichu
|-resisted|p2a: Raichu
|-damage|p2a: Raichu|135\/276
|
|turn|8
|choice|move 4|move 2
|
|move|p2a: Raichu|Thunder|p1a: Zapdos
|-crit|p1a: Zapdos
|-damage|p1a: Zapdos|0 fnt
|faint|p1a: Zapdos
|choice|switch 6|
|
|switch|p1a: Mew|Mew, L74|300\/300
|turn|9
|choice|move 2|switch 6
|
|switch|p2a: Tangela|Tangela, L85|167\/284 par
|move|p1a: Mew|Thunder Wave|p2a: Tangela
|-fail|p2a: Tangela|par
|
|turn|10
|choice|move 3|move 4
|
|move|p1a: Mew|Thunderbolt|p2a: Tangela
|-resisted|p2a: Tangela
|-damage|p2a: Tangela|144\/284 par
|move|p2a: Tangela|Body Slam|p1a: Mew
|-damage|p1a: Mew|249\/300
|
|turn|11
|choice|move 4|move 2
|
|move|p1a: Mew|Swift|p2a: Tangela
|-damage|p2a: Tangela|118\/284 par
|cant|p2a: Tangela|par
|
|turn|12
|choice|switch 5|move 2
|
|switch|p1a: Lapras|Lapras, L79|367\/367
|cant|p2a: Tangela|par
|
|turn|13
|choice|move 1|move 1
|
|move|p1a: Lapras|Blizzard|p2a: Tangela
|-supereffective|p2a: Tangela
|-damage|p2a: Tangela|0 fnt
|faint|p2a: Tangela
|choice||switch 6
|
|switch|p2a: Raichu|Raichu, L85|135\/276
|turn|14
|choice|switch 4|move 2
|
|switch|p1a: Chansey|Chansey, L79|557\/557
|move|p2a: Raichu|Thunder|p1a: Chansey|[miss]
|-miss|p2a: Raichu
|
|turn|15
|choice|move 3|switch 2
|
|switch|p2a: Machamp|Machamp, L90|345\/345
|move|p1a: Chansey|Thunderbolt|p2a: Machamp
|-damage|p2a: Machamp|280\/345
|
|turn|16
|choice|move 2|move 4
|
|move|p2a: Machamp|Earthquake|p1a: Chansey
|-damage|p1a: Chansey|289\/557
|move|p1a: Chansey|Reflect|p1a: Chansey
|-start|p1a: Chansey|Reflect
|
|turn|17
|choice|move 1|move 3
|
|move|p2a: Machamp|Submission|p1a: Chansey
|-supereffective|p1a: Chansey
|-damage|p1a: Chansey|0 fnt
|-damage|p2a: Machamp|208\/345|[from] recoil|[of] p1a: Chansey
|faint|p1a: Chansey
|choice|switch 5|
|
|switch|p1a: Mew|Mew, L74|249\/300
|turn|18
|choice|move 2|move 2
|
|move|p1a: Mew|Thunder Wave|p2a: Machamp
|-status|p2a: Machamp|par
|move|p2a: Machamp|Hyper Beam|p1a: Mew
|-crit|p1a: Mew
|-damage|p1a: Mew|0 fnt
|faint|p1a: Mew
|choice|switch 4|
|
|switch|p1a: Lapras|Lapras, L79|367\/367
|turn|19
|choice|move 4|move 3
|
|move|p1a: Lapras|Confuse Ray|p2a: Machamp
|-start|p2a: Machamp|confusion
|-activate|p2a: Machamp|confusion
|-damage|p2a: Machamp|164\/345 par|[from] confusion
|
|turn|20
|choice|move 1|move 3
|
|move|p1a: Lapras|Blizzard|p2a: Machamp
|-damage|p2a: Machamp|44\/345 par
|-end|p2a: Machamp|confusion
|move|p2a: Machamp|Submission|p1a: Lapras|[miss]
|-miss|p2a: Machamp
|
|turn|21
|choice|move 2|move 3
|
|move|p1a: Lapras|Body Slam|p2a: Machamp
|-damage|p2a: Machamp|0 fnt
|faint|p2a: Machamp
|choice||switch 2
|
|switch|p2a: Raichu|Raichu, L85|135\/276
|turn|22
|l|gman242424
|choice|move 4|move 2
|
|move|p2a: Raichu|Thunder|p1a: Lapras
|-supereffective|p1a: Lapras
|-damage|p1a: Lapras|134\/367
|move|p1a: Lapras|Confuse Ray|p2a: Raichu
|-start|p2a: Raichu|confusion
|
|turn|23
|choice|move 2|move 2
|
|-activate|p2a: Raichu|confusion
|-damage|p2a: Raichu|95\/276|[from] confusion
|move|p1a: Lapras|Body Slam|p2a: Raichu
|-damage|p2a: Raichu|27\/276
|
|turn|24
|choice|move 3|move 2
|
|-activate|p2a: Raichu|confusion
|-damage|p2a: Raichu|0 fnt|[from] confusion
|faint|p2a: Raichu
|choice||switch 5
|
|switch|p2a: Kangaskhan|Kangaskhan, L85|352\/352
|turn|25
|choice|move 4|move 4
|
|move|p2a: Kangaskhan|Hyper Beam|p1a: Lapras|[miss]
|-miss|p2a: Kangaskhan
|move|p1a: Lapras|Confuse Ray|p2a: Kangaskhan
|-start|p2a: Kangaskhan|confusion
|
|turn|26
|choice|switch 3|move 4
|
|switch|p1a: Golem|Golem, L79|288\/288
|-activate|p2a: Kangaskhan|confusion
|-damage|p2a: Kangaskhan|318\/352|[from] confusion
|
|turn|27
|choice|move 1|move 2
|
|-activate|p2a: Kangaskhan|confusion
|move|p2a: Kangaskhan|Surf|p1a: Golem
|-supereffective|p1a: Golem
|-damage|p1a: Golem|43\/288
|move|p1a: Golem|Earthquake|p2a: Kangaskhan
|-damage|p2a: Kangaskhan|208\/352
|
|turn|28
|choice|move 2|move 2
|
|-activate|p2a: Kangaskhan|confusion
|move|p2a: Kangaskhan|Surf|p1a: Golem
|-supereffective|p1a: Golem
|-damage|p1a: Golem|0 fnt
|faint|p1a: Golem
|choice|switch 2|
|
|switch|p1a: Ditto|Ditto, L99|296\/296
|turn|29
|choice|move 1|move 4
|
|-end|p2a: Kangaskhan|confusion
|move|p2a: Kangaskhan|Hyper Beam|p1a: Ditto
|-crit|p1a: Ditto
|-damage|p1a: Ditto|0 fnt
|faint|p1a: Ditto
|choice|switch 3|
|
|switch|p1a: Lapras|Lapras, L79|134\/367
|turn|30
|choice|move 4|move 3
|
|move|p2a: Kangaskhan|Body Slam|p1a: Lapras
|-crit|p1a: Lapras
|-damage|p1a: Lapras|0 fnt
|faint|p1a: Lapras
|
|win|MALESANI
|player|p1
|player|p2
|c|★kcroxsox|gg
|raw|kcroxsox's rating: 1323 &rarr; <strong>1310<\/strong><br \/>(-13 for losing)
|raw|MALESANI's rating: 1443 &rarr; <strong>1457<\/strong><br \/>(+14 for winning)
|c|★kcroxsox|can't beat that many crits
|c|★MALESANI|gg