|join|A Temporary Name
|join|Azawa
|player|p1|A Temporary Name|163
|player|p2|Azawa|108
|gametype|singles
|gen|1
|tier|[Gen 1] Random Battle
|rated
|rule|Sleep Clause Mod: Limit one foe put to sleep
|rule|Freeze Clause Mod: Limit one foe frozen
|rule|HP Percentage Mod: HP is shown in percentages
|
|start
|switch|p1a: Charmander|Charmander, L96|270\/270
|switch|p2a: Chansey|Chansey, L79|557\/557
|turn|1
|
|move|p1a: Charmander|Substitute|p1a: Charmander
|-start|p1a: Charmander|Substitute
|-damage|p1a: Charmander|203\/270
|move|p2a: Chansey|Thunder Wave|p1a: Charmander
|-status|p1a: Charmander|par
|
|turn|2
|
|move|p2a: Chansey|Thunderbolt|p1a: Charmander
|-end|p1a: Charmander|Substitute
|move|p1a: Charmander|Swords Dance|p1a: Charmander
|-boost|p1a: Charmander|atk|2
|
|turn|3
|
|move|p2a: Chansey|Reflect|p2a: Chansey
|-start|p2a: Chansey|Reflect
|move|p1a: Charmander|Submission|p2a: Chansey
|-supereffective|p2a: Chansey
|-damage|p2a: Chansey|270\/557
|-damage|p1a: Charmander|132\/270 par|[from] recoil|[of] p2a: Chansey
|
|turn|4
|
|move|p2a: Chansey|Soft-Boiled|p2a: Chansey
|-heal|p2a: Chansey|548\/557
|move|p1a: Charmander|Submission|p2a: Chansey
|-supereffective|p2a: Chansey
|-damage|p2a: Chansey|297\/557
|-damage|p1a: Charmander|70\/270 par|[from] recoil|[of] p2a: Chansey
|
|turn|5
|
|move|p2a: Chansey|Soft-Boiled|p2a: Chansey
|-heal|p2a: Chansey|557\/557
|move|p1a: Charmander|Swords Dance|p1a: Charmander
|-boost|p1a: Charmander|atk|2
|
|turn|6
|
|move|p2a: Chansey|Thunderbolt|p1a: Charmander
|-damage|p1a: Charmander|0 fnt
|faint|p1a: Charmander
|
|switch|p1a: Raticate|Raticate, L85|267\/267
|turn|7
|
|move|p1a: Raticate|Super Fang|p2a: Chansey|[miss]
|-miss|p1a: Raticate
|move|p2a: Chansey|Thunder Wave|p1a: Raticate
|-status|p1a: Raticate|par
|
|turn|8
|
|move|p2a: Chansey|Thunderbolt|p1a: Raticate
|-damage|p1a: Raticate|177\/267 par
|move|p1a: Raticate|Super Fang|p2a: Chansey
|-damage|p2a: Chansey|279\/557
|
|turn|9
|
|move|p2a: Chansey|Thunderbolt|p1a: Raticate
|-damage|p1a: Raticate|88\/267 par
|cant|p1a: Raticate|par
|
|turn|10
|
|move|p2a: Chansey|Thunderbolt|p1a: Raticate
|-damage|p1a: Raticate|0 fnt
|faint|p1a: Raticate
|
|switch|p1a: Hitmonchan|Hitmonchan, L90|273\/273
|turn|11
|
|move|p1a: Hitmonchan|Submission|p2a: Chansey
|-supereffective|p2a: Chansey
|-damage|p2a: Chansey|0 fnt
|-damage|p1a: Hitmonchan|204\/273|[from] recoil|[of] p2a: Chansey
|faint|p2a: Chansey
|
|switch|p2a: Electabuzz|Electabuzz, L85|284\/284
|turn|12
|
|move|p2a: Electabuzz|Psychic|p1a: Hitmonchan
|-supereffective|p1a: Hitmonchan
|-damage|p1a: Hitmonchan|29\/273
|move|p1a: Hitmonchan|Counter|p2a: Electabuzz
|-fail|p1a: Hitmonchan
|
|turn|13
|
|switch|p1a: Dragonair|Dragonair, L85|277\/277
|move|p2a: Electabuzz|Psychic|p1a: Dragonair
|-damage|p1a: Dragonair|213\/277
|
|turn|14
|
|move|p2a: Electabuzz|Thunder Wave|p1a: Dragonair
|-status|p1a: Dragonair|par
|move|p1a: Dragonair|Body Slam|p2a: Electabuzz
|-damage|p2a: Electabuzz|214\/284
|
|turn|15
|
|switch|p2a: Porygon|Porygon, L85|284\/284
|move|p1a: Dragonair|Body Slam|p2a: Porygon
|-damage|p2a: Porygon|220\/284
|
|turn|16
|
|switch|p1a: Growlithe|Growlithe, L96|300\/300
|move|p2a: Porygon|Ice Beam|p1a: Growlithe
|-damage|p1a: Growlithe|225\/300
|
|turn|17
|
|move|p1a: Growlithe|Fire Blast|p2a: Porygon
|-damage|p2a: Porygon|104\/284
|-status|p2a: Porygon|brn
|move|p2a: Porygon|Thunder Wave|p1a: Growlithe
|-status|p1a: Growlithe|par
|-damage|p2a: Porygon|87\/284 brn|[from] brn|[of] p1a: Growlithe
|
|turn|18
|
|move|p2a: Porygon|Recover|p2a: Porygon
|-heal|p2a: Porygon|229\/284 brn
|-damage|p2a: Porygon|212\/284 brn|[from] brn
|move|p1a: Growlithe|Mimic|p2a: Porygon
|-start|p1a: Growlithe|Mimic|Tri Attack
|
|turn|19
|
|move|p2a: Porygon|Tri Attack|p1a: Growlithe
|-damage|p1a: Growlithe|180\/300 par
|-damage|p2a: Porygon|195\/284 brn|[from] brn|[of] p1a: Growlithe
|move|p1a: Growlithe|Reflect|p1a: Growlithe
|-start|p1a: Growlithe|Reflect
|
|turn|20
|
|switch|p2a: Slowpoke|Slowpoke, L96|368\/368
|cant|p1a: Growlithe|par
|
|turn|21
|
|switch|p1a: Dragonair|Dragonair, L85|213\/277 par
|move|p2a: Slowpoke|Amnesia|p2a: Slowpoke
|-boost|p2a: Slowpoke|spd|2
|-boost|p2a: Slowpoke|spa|2
|
|turn|22
|
|move|p2a: Slowpoke|Amnesia|p2a: Slowpoke
|-boost|p2a: Slowpoke|spd|2
|-boost|p2a: Slowpoke|spa|2
|cant|p1a: Dragonair|par
|
|turn|23
|
|move|p2a: Slowpoke|Amnesia|p2a: Slowpoke
|-boost|p2a: Slowpoke|spd|2
|-boost|p2a: Slowpoke|spa|2
|move|p1a: Dragonair|Thunder|p2a: Slowpoke|[miss]
|-miss|p1a: Dragonair
|
|turn|24
|
|move|p2a: Slowpoke|Surf|p1a: Dragonair
|-resisted|p1a: Dragonair
|-damage|p1a: Dragonair|31\/277 par
|move|p1a: Dragonair|Body Slam|p2a: Slowpoke
|-damage|p2a: Slowpoke|305\/368
|
|turn|25
|c|★Azawa|I'm lucky
|
|move|p2a: Slowpoke|Surf|p1a: Dragonair
|-resisted|p1a: Dragonair
|-damage|p1a: Dragonair|0 fnt
|faint|p1a: Dragonair
|
|switch|p1a: Butterfree|Butterfree, L90|291\/291
|turn|26
|
|switch|p2a: Porygon|Porygon, L85|195\/284 brn
|-damage|p2a: Porygon|178\/284 brn|[from] brn
|move|p1a: Butterfree|Sleep Powder|p2a: Porygon
|-fail|p2a: Porygon
|
|turn|27
|
|switch|p1a: Growlithe|Growlithe, L96|180\/300 par
|move|p2a: Porygon|Thunder Wave|p1a: Growlithe
|-fail|p1a: Growlithe|par
|-damage|p2a: Porygon|161\/284 brn|[from] brn|[of] p1a: Growlithe
|
|turn|28
|
|move|p2a: Porygon|Recover|p2a: Porygon
|-heal|p2a: Porygon|284\/284 brn
|-damage|p2a: Porygon|267\/284 brn|[from] brn
|cant|p1a: Growlithe|par
|
|turn|29
|
|move|p2a: Porygon|Ice Beam|p1a: Growlithe
|-damage|p1a: Growlithe|109\/300 par
|-damage|p2a: Porygon|250\/284 brn|[from] brn|[of] p1a: Growlithe
|cant|p1a: Growlithe|par
|
|turn|30
|
|move|p2a: Porygon|Ice Beam|p1a: Growlithe
|-damage|p1a: Growlithe|38\/300 par
|-damage|p2a: Porygon|233\/284 brn|[from] brn|[of] p1a: Growlithe
|move|p1a: Growlithe|Fire Blast|p2a: Porygon
|-damage|p2a: Porygon|109\/284 brn
|
|turn|31
|
|move|p2a: Porygon|Ice Beam|p1a: Growlithe
|-damage|p1a: Growlithe|0 fnt
|faint|p1a: Growlithe
|
|switch|p1a: Hitmonchan|Hitmonchan, L90|29\/273
|turn|32
|
|move|p1a: Hitmonchan|Seismic Toss|p2a: Porygon
|-damage|p2a: Porygon|19\/284 brn
|move|p2a: Porygon|Ice Beam|p1a: Hitmonchan
|-damage|p1a: Hitmonchan|0 fnt
|faint|p1a: Hitmonchan
|
|switch|p1a: Butterfree|Butterfree, L90|291\/291
|turn|33
|
|move|p1a: Butterfree|Psychic|p2a: Porygon
|-damage|p2a: Porygon|0 fnt
|faint|p2a: Porygon
|
|switch|p2a: Electabuzz|Electabuzz, L85|214\/284
|turn|34
|
|move|p2a: Electabuzz|Thunder Wave|p1a: Butterfree
|-status|p1a: Butterfree|par
|move|p1a: Butterfree|Sleep Powder|p2a: Electabuzz|[miss]
|-miss|p1a: Butterfree
|
|turn|35
|
|move|p2a: Electabuzz|Thunderbolt|p1a: Butterfree
|-supereffective|p1a: Butterfree
|-damage|p1a: Butterfree|94\/291 par
|move|p1a: Butterfree|Sleep Powder|p2a: Electabuzz
|-status|p2a: Electabuzz|slp
|
|turn|36
|
|switch|p2a: Tentacruel|Tentacruel, L85|310\/310
|move|p1a: Butterfree|Mega Drain|p2a: Tentacruel
|-damage|p2a: Tentacruel|287\/310
|-heal|p1a: Butterfree|105\/291 par|[from] drain|[of] p2a: Tentacruel
|
|turn|37
|
|move|p2a: Tentacruel|Blizzard|p1a: Butterfree
|-supereffective|p1a: Butterfree
|-damage|p1a: Butterfree|0 fnt
|faint|p1a: Butterfree
|
|win|Azawa
|leave|A Temporary Name
|player|p1
|c|★Azawa|Gg
|raw|A Temporary Name's rating: 1059 &rarr; <strong>1047<\/strong><br \/>(-12 for losing)
|raw|Azawa's rating: 1189 &rarr; <strong>1205<\/strong><br \/>(+16 for winning)