|j|smilzo
|j|marcoasd
|player|p1|smilzo|157
|player|p2|marcoasd|1
|gametype|singles
|gen|1
|tier|[Gen 1] OU
|seed|14675,28597,36235,62069
|rule|Sleep Clause Mod: Limit one foe put to sleep
|rule|Freeze Clause Mod: Limit one foe frozen
|rule|Species Clause: Limit one of each Pokémon
|rule|OHKO Clause: OHKO moves are banned
|rule|Evasion Moves Clause: Evasion moves are banned
|rule|HP Percentage Mod: HP is shown in percentages
|
|start
|switch|p1a: Gengar|Gengar, M|323\/323
|switch|p2a: Jynx|Jynx|333\/333
|turn|1
|c|★marcoasd|di che colore?
|c|★smilzo|non si sa
|c|★smilzo|:]
|c|★marcoasd|ma come
|c|★marcoasd|io dico giallo
|c|★smilzo|hai detto bene
|choice|move 1|move 3
|
|move|p1a: Gengar|Hypnosis|p2a: Jynx
|-status|p2a: Jynx|slp
|-curestatus|p2a: Jynx|slp
|
|turn|2
|c|★smilzo|rude
|choice|move 1|move 3
|
|move|p1a: Gengar|Hypnosis|p2a: Jynx
|-status|p2a: Jynx|slp
|cant|p2a: Jynx|slp
|
|turn|3
|c|★smilzo|cosi va meglio
|choice|move 3|switch 2
|
|switch|p2a: Chansey|Chansey|703\/703
|move|p1a: Gengar|Night Shade|p2a: Chansey
|-damage|p2a: Chansey|603\/703
|
|turn|4
|choice|switch 4|switch 6
|
|switch|p1a: Chansey|Chansey|703\/703
|switch|p2a: Starmie|Starmie|323\/323
|
|turn|5
|choice|move 1|switch 6
|
|switch|p2a: Chansey|Chansey|603\/703
|move|p1a: Chansey|Thunder Wave|p2a: Chansey
|-status|p2a: Chansey|par
|
|turn|6
|choice|switch 5|move 3
|
|switch|p1a: Snorlax|Snorlax, M|523\/523
|move|p2a: Chansey|Ice Beam|p1a: Snorlax
|-crit|p1a: Snorlax
|-damage|p1a: Snorlax|342\/523
|
|turn|7
|choice|move 3|move 2
|
|move|p1a: Snorlax|Earthquake|p2a: Chansey
|-damage|p2a: Chansey|370\/703 par
|cant|p2a: Chansey|par
|
|turn|8
|j|xtradollar AAamen
|choice|move 1|move 4
|
|move|p1a: Snorlax|Body Slam|p2a: Chansey
|-damage|p2a: Chansey|70\/703 par
|move|p2a: Chansey|Soft-Boiled|p2a: Chansey
|-heal|p2a: Chansey|421\/703 par
|
|turn|9
|choice|move 3|switch 3
|
|switch|p2a: Exeggutor|Exeggutor, M|393\/393
|move|p1a: Snorlax|Earthquake|p2a: Exeggutor
|-resisted|p2a: Exeggutor
|-damage|p2a: Exeggutor|347\/393
|
|turn|10
|choice|switch 4|move 1
|
|switch|p1a: Gengar|Gengar, M|323\/323
|move|p2a: Exeggutor|Sleep Powder|p1a: Gengar
|-status|p1a: Gengar|slp
|
|turn|11
|choice|switch 5|switch 3
|
|switch|p1a: Chansey|Chansey|703\/703
|switch|p2a: Chansey|Chansey|421\/703 par
|
|turn|12
|choice|switch 4|move 4
|
|switch|p1a: Snorlax|Snorlax, M|342\/523
|cant|p2a: Chansey|par
|
|turn|13
|choice|move 1|move 2
|
|move|p1a: Snorlax|Body Slam|p2a: Chansey
|-damage|p2a: Chansey|140\/703 par
|cant|p2a: Chansey|par
|
|turn|14
|c|★marcoasd|dio cane
|c|★smilzo|era counter?
|c|★marcoasd|ovviamente
|choice|move 1|switch 6
|
|switch|p2a: Starmie|Starmie|323\/323
|move|p1a: Snorlax|Body Slam|p2a: Starmie
|-damage|p2a: Starmie|211\/323
|
|turn|15
|c|★smilzo|D:
|choice|switch 4|move 3
|
|switch|p1a: Chansey|Chansey|703\/703
|move|p2a: Starmie|Thunder Wave|p1a: Chansey
|-status|p1a: Chansey|par
|
|turn|16
|choice|switch 4|move 1
|
|switch|p1a: Snorlax|Snorlax, M|342\/523
|move|p2a: Starmie|Psychic|p1a: Snorlax
|-crit|p1a: Snorlax
|-damage|p1a: Snorlax|67\/523
|-unboost|p1a: Snorlax|spd|1
|-unboost|p1a: Snorlax|spa|1
|
|turn|17
|c|★marcoasd|èh
|c|★smilzo|aiai
|choice|switch 4|move 1
|
|switch|p1a: Chansey|Chansey|703\/703 par
|move|p2a: Starmie|Psychic|p1a: Chansey
|-crit|p1a: Chansey
|-damage|p1a: Chansey|489\/703 par
|-unboost|p1a: Chansey|spd|1
|-unboost|p1a: Chansey|spa|1
|
|turn|18
|c|★marcoasd|colpi
|l|xtradollar AAamen
|choice|switch 4|switch 6
|
|switch|p2a: Chansey|Chansey|140\/703 par
|switch|p1a: Snorlax|Snorlax, M|67\/523
|
|turn|19
|choice|move 1|move 3
|
|move|p1a: Snorlax|Body Slam|p2a: Chansey
|-damage|p2a: Chansey|0 fnt
|faint|p2a: Chansey
|choice||switch 5
|
|switch|p2a: Tauros|Tauros|353\/353
|turn|20
|choice|move 4|move 1
|
|move|p2a: Tauros|Body Slam|p1a: Snorlax
|-damage|p1a: Snorlax|0 fnt
|faint|p1a: Snorlax
|choice|switch 3|
|
|switch|p1a: Exeggutor|Exeggutor, M|393\/393
|turn|21
|choice|move 2|switch 2
|
|switch|p2a: Jynx|Jynx|333\/333 slp
|move|p1a: Exeggutor|Stun Spore|p2a: Jynx
|-fail|p2a: Jynx
|
|turn|22
|choice|switch 6|move 3
|
|switch|p1a: Tauros|Tauros|353\/353
|cant|p2a: Jynx|slp
|
|turn|23
|choice|move 1|switch 3
|
|switch|p2a: Exeggutor|Exeggutor, M|347\/393
|move|p1a: Tauros|Body Slam|p2a: Exeggutor
|-damage|p2a: Exeggutor|239\/393
|
|turn|24
|choice|switch 4|move 3
|
|switch|p1a: Chansey|Chansey|489\/703 par
|move|p2a: Exeggutor|Psychic|p1a: Chansey
|-damage|p1a: Chansey|372\/703 par
|
|turn|25
|choice|move 1|move 3
|
|move|p2a: Exeggutor|Psychic|p1a: Chansey
|-damage|p1a: Chansey|246\/703 par
|cant|p1a: Chansey|par
|
|turn|26
|choice|move 4|move 2
|
|move|p2a: Exeggutor|Hyper Beam|p1a: Chansey
|-damage|p1a: Chansey|0 fnt
|faint|p1a: Chansey
|choice|switch 6|
|
|switch|p1a: Exeggutor|Exeggutor, M|393\/393
|turn|27
|choice|move 3|switch 3
|
|switch|p2a: Jynx|Jynx|333\/333 slp
|move|p1a: Exeggutor|Psychic|p2a: Jynx
|-resisted|p2a: Jynx
|-damage|p2a: Jynx|274\/333 slp
|
|turn|28
|choice|switch 4|switch 6
|
|switch|p2a: Starmie|Starmie|211\/323
|switch|p1a: Tauros|Tauros|353\/353
|
|turn|29
|choice|switch 4|move 3
|
|switch|p1a: Exeggutor|Exeggutor, M|393\/393
|move|p2a: Starmie|Thunder Wave|p1a: Exeggutor
|-status|p1a: Exeggutor|par
|
|turn|30
|choice|move 3|move 4
|
|move|p2a: Starmie|Recover|p2a: Starmie
|-heal|p2a: Starmie|323\/323
|cant|p1a: Exeggutor|par
|
|turn|31
|choice|move 3|switch 3
|
|switch|p2a: Exeggutor|Exeggutor, M|239\/393
|move|p1a: Exeggutor|Psychic|p2a: Exeggutor
|-resisted|p2a: Exeggutor
|-damage|p2a: Exeggutor|185\/393
|
|turn|32
|choice|move 2|move 3
|
|move|p2a: Exeggutor|Psychic|p1a: Exeggutor
|-resisted|p1a: Exeggutor
|-damage|p1a: Exeggutor|343\/393 par
|move|p1a: Exeggutor|Stun Spore|p2a: Exeggutor
|-status|p2a: Exeggutor|par
|
|turn|33
|choice|move 3|move 3
|
|cant|p1a: Exeggutor|par
|move|p2a: Exeggutor|Psychic|p1a: Exeggutor
|-crit|p1a: Exeggutor
|-resisted|p1a: Exeggutor
|-damage|p1a: Exeggutor|238\/393 par
|-unboost|p1a: Exeggutor|spd|1
|-unboost|p1a: Exeggutor|spa|1
|
|turn|34
|choice|move 3|move 3
|
|move|p2a: Exeggutor|Psychic|p1a: Exeggutor
|-resisted|p1a: Exeggutor
|-damage|p1a: Exeggutor|159\/393 par
|move|p1a: Exeggutor|Psychic|p2a: Exeggutor
|-resisted|p2a: Exeggutor
|-damage|p2a: Exeggutor|153\/393 par
|-unboost|p2a: Exeggutor|spd|1
|-unboost|p2a: Exeggutor|spa|1
|
|turn|35
|c|★marcoasd|comunque dovevi dire blu
|c|★marcoasd|il mio sesto era blu
|c|★smilzo|ooh
|c|★marcoasd|io ho detto giallo...
|j|Zargon
|choice|switch 5|move 3
|
|switch|p1a: Gengar|Gengar, M|323\/323 slp
|move|p2a: Exeggutor|Psychic|p1a: Gengar
|-supereffective|p1a: Gengar
|-damage|p1a: Gengar|194\/323 slp
|-unboost|p1a: Gengar|spd|1
|-unboost|p1a: Gengar|spa|1
|
|turn|36
|choice|move 3|switch 3
|
|switch|p2a: Starmie|Starmie|323\/323
|-curestatus|p1a: Gengar|slp
|
|turn|37
|c|★marcoasd|diolupo manaio
|choice|switch 5|move 1
|
|switch|p1a: Exeggutor|Exeggutor, M|159\/393 par
|move|p2a: Starmie|Psychic|p1a: Exeggutor
|-crit|p1a: Exeggutor
|-resisted|p1a: Exeggutor
|-damage|p1a: Exeggutor|75\/393 par
|-unboost|p1a: Exeggutor|spd|1
|-unboost|p1a: Exeggutor|spa|1
|
|turn|38
|choice|move 4|switch 3
|
|switch|p2a: Exeggutor|Exeggutor, M|153\/393 par
|cant|p1a: Exeggutor|par
|
|turn|39
|choice|move 4|move 2
|
|move|p2a: Exeggutor|Hyper Beam|p1a: Exeggutor|[miss]
|-miss|p2a: Exeggutor
|move|p1a: Exeggutor|Explosion|p2a: Exeggutor
|-damage|p2a: Exeggutor|0 fnt
|faint|p2a: Exeggutor
|faint|p1a: Exeggutor
|c|★marcoasd|bullshit
|choice|switch 4|switch 3
|
|switch|p2a: Starmie|Starmie|323\/323
|switch|p1a: Tauros|Tauros|353\/353
|turn|40
|choice|move 1|move 3
|
|move|p2a: Starmie|Thunder Wave|p1a: Tauros
|-status|p1a: Tauros|par
|cant|p1a: Tauros|par
|
|turn|41
|c|★marcoasd|marrone
|choice|move 1|move 1
|
|move|p2a: Starmie|Psychic|p1a: Tauros
|-damage|p1a: Tauros|223\/353 par
|-unboost|p1a: Tauros|spd|1
|-unboost|p1a: Tauros|spa|1
|move|p1a: Tauros|Body Slam|p2a: Starmie
|-crit|p2a: Starmie
|-damage|p2a: Starmie|117\/323
|
|turn|42
|choice|move 1|move 1
|
|move|p2a: Starmie|Psychic|p1a: Tauros
|-damage|p1a: Tauros|37\/353 par
|-unboost|p1a: Tauros|spd|1
|-unboost|p1a: Tauros|spa|1
|move|p1a: Tauros|Body Slam|p2a: Starmie
|-crit|p2a: Starmie
|-damage|p2a: Starmie|0 fnt
|faint|p2a: Starmie
|choice||switch 2
|
|switch|p2a: Tauros|Tauros|353\/353
|turn|43
|choice|move 4|move 2
|
|move|p2a: Tauros|Earthquake|p1a: Tauros
|-damage|p1a: Tauros|0 fnt
|faint|p1a: Tauros
|choice|switch 5|
|
|switch|p1a: Gengar|Gengar, M|194\/323
|turn|44
|choice|move 4|move 2
|
|move|p2a: Tauros|Earthquake|p1a: Gengar
|-supereffective|p1a: Gengar
|-damage|p1a: Gengar|0 fnt
|faint|p1a: Gengar
|choice|switch 2|
|
|switch|p1a: Zapdos|Zapdos|383\/383
|turn|45
|c|★marcoasd|GIALLO
|choice|move 1|move 1
|
|move|p2a: Tauros|Body Slam|p1a: Zapdos
|-damage|p1a: Zapdos|269\/383
|move|p1a: Zapdos|Thunderbolt|p2a: Tauros
|-damage|p2a: Tauros|175\/353
|
|turn|46
|choice|move 1|move 1
|
|move|p2a: Tauros|Body Slam|p1a: Zapdos
|-damage|p1a: Zapdos|153\/383
|move|p1a: Zapdos|Thunderbolt|p2a: Tauros
|-damage|p2a: Tauros|3\/353
|
|turn|47
|c|★smilzo|rip
|c|★marcoasd|gg
|choice|move 1|move 3
|
|move|p2a: Tauros|Hyper Beam|p1a: Zapdos
|-damage|p1a: Zapdos|0 fnt
|faint|p1a: Zapdos
|
|win|marcoasd
|player|p1
|player|p2
|c|★smilzo|gg