|join|riwu
|join|PickledBeets
|player|p1|riwu|2
|player|p2|PickledBeets|162
|gametype|singles
|gen|1
|tier|[Gen 1] Random Battle
|rated
|seed|19613,7240,60420,35199
|rule|Sleep Clause Mod: Limit one foe put to sleep
|rule|Freeze Clause Mod: Limit one foe frozen
|rule|HP Percentage Mod: HP is shown in percentages
|
|start
|switch|p1a: Electabuzz|Electabuzz, L85|284\/284
|switch|p2a: Tentacool|Tentacool, L96|272\/272
|turn|1
|choice|move 4|switch 5
|
|switch|p2a: Golem|Golem, L79|288\/288
|move|p1a: Electabuzz|Psychic|p2a: Golem
|-damage|p2a: Golem|202\/288
|
|turn|2
|choice|switch 6|move 4
|
|switch|p1a: Zapdos|Zapdos, L79|304\/304
|move|p2a: Golem|Earthquake|p1a: Zapdos
|-immune|p1a: Zapdos|[msg]
|
|turn|3
|choice|switch 2|move 4
|
|switch|p1a: Kabutops|Kabutops, L85|276\/276
|move|p2a: Golem|Earthquake|p1a: Kabutops
|-supereffective|p1a: Kabutops
|-damage|p1a: Kabutops|103\/276
|
|turn|4
|choice|move 2|switch 2
|
|switch|p2a: Shellder|Shellder, L96|252\/252
|move|p1a: Kabutops|Surf|p2a: Shellder
|-crit|p2a: Shellder
|-resisted|p2a: Shellder
|-damage|p2a: Shellder|140\/252
|
|turn|5
|choice|move 3|move 2
|
|move|p1a: Kabutops|Swords Dance|p1a: Kabutops
|-boost|p1a: Kabutops|atk|2
|move|p2a: Shellder|Explosion|p1a: Kabutops
|-resisted|p1a: Kabutops
|-damage|p1a: Kabutops|0 fnt
|faint|p1a: Kabutops
|faint|p2a: Shellder
|choice|switch 5|switch 2
|
|switch|p1a: Machamp|Machamp, L90|345\/345
|switch|p2a: Golem|Golem, L79|202\/288
|turn|6
|choice|move 2|switch 3
|
|switch|p2a: Haunter|Haunter, L85|250\/250
|move|p1a: Machamp|Earthquake|p2a: Haunter
|-supereffective|p2a: Haunter
|-damage|p2a: Haunter|0 fnt
|faint|p2a: Haunter
|choice||switch 3
|
|switch|p2a: Golem|Golem, L79|202\/288
|turn|7
|choice|move 2|switch 4
|
|switch|p2a: Zapdos|Zapdos, L79|304\/304
|move|p1a: Machamp|Earthquake|p2a: Zapdos
|-immune|p2a: Zapdos|[msg]
|
|turn|8
|choice|switch 6|move 4
|
|switch|p1a: Electabuzz|Electabuzz, L85|284\/284
|move|p2a: Zapdos|Thunderbolt|p1a: Electabuzz
|-resisted|p1a: Electabuzz
|-damage|p1a: Electabuzz|234\/284
|
|turn|9
|choice|move 4|switch 4
|
|switch|p2a: Golem|Golem, L79|202\/288
|move|p1a: Electabuzz|Psychic|p2a: Golem
|-crit|p2a: Golem
|-damage|p2a: Golem|50\/288
|-unboost|p2a: Golem|spd|1
|-unboost|p2a: Golem|spa|1
|
|turn|10
|choice|move 4|move 4
|
|move|p1a: Electabuzz|Psychic|p2a: Golem
|-damage|p2a: Golem|0 fnt
|faint|p2a: Golem
|-message|PickledBeets forfeited.
|
|win|riwu
|leave|PickledBeets
|player|p2