|j|Giory
|j|maximv8
|player|p1|Giory|234
|player|p2|maximv8|2
|gametype|singles
|gen|1
|tier|[Gen 1] Random Battle
|rated
|seed|45225,12106,48742,49366
|rule|Sleep Clause Mod: Limit one foe put to sleep
|rule|Freeze Clause Mod: Limit one foe frozen
|rule|HP Percentage Mod: HP is shown in percentages
|
|start
|switch|p1a: Bulbasaur|Bulbasaur, L96|281\/281
|switch|p2a: Ivysaur|Ivysaur, L85|276\/276
|turn|1
|choice|move 3|move 4
|
|move|p2a: Ivysaur|Body Slam|p1a: Bulbasaur
|-damage|p1a: Bulbasaur|227\/281
|move|p1a: Bulbasaur|Body Slam|p2a: Ivysaur
|-damage|p2a: Ivysaur|214\/276
|
|turn|2
|choice|move 4|switch 5
|
|switch|p2a: Rapidash|Rapidash, L90|300\/300
|move|p1a: Bulbasaur|Swords Dance|p1a: Bulbasaur
|-boost|p1a: Bulbasaur|atk|2
|
|turn|3
|choice|switch 4|move 1
|
|switch|p1a: Dewgong|Dewgong, L85|327\/327
|move|p2a: Rapidash|Fire Blast|p1a: Dewgong
|-damage|p1a: Dewgong|197\/327
|-status|p1a: Dewgong|brn
|
|turn|4
|c|★Giory|shit
|choice|move 4|switch 5
|
|switch|p2a: Ivysaur|Ivysaur, L85|214\/276
|move|p1a: Dewgong|Surf|p2a: Ivysaur
|-resisted|p2a: Ivysaur
|-damage|p2a: Ivysaur|158\/276
|-damage|p1a: Dewgong|177\/327 brn|[from] brn|[of] p2a: Ivysaur
|
|turn|5
|choice|move 2|move 2
|
|move|p1a: Dewgong|Blizzard|p2a: Ivysaur
|-supereffective|p2a: Ivysaur
|-damage|p2a: Ivysaur|0 fnt
|faint|p2a: Ivysaur
|choice||switch 5
|
|switch|p2a: Rapidash|Rapidash, L90|300\/300
|turn|6
|choice|move 4|move 1
|
|move|p2a: Rapidash|Fire Blast|p1a: Dewgong
|-damage|p1a: Dewgong|46\/327 brn
|move|p1a: Dewgong|Surf|p2a: Rapidash
|-supereffective|p2a: Rapidash
|-damage|p2a: Rapidash|79\/300
|-damage|p1a: Dewgong|26\/327 brn|[from] brn|[of] p2a: Rapidash
|
|turn|7
|choice|move 4|move 1
|
|move|p2a: Rapidash|Fire Blast|p1a: Dewgong
|-damage|p1a: Dewgong|0 fnt
|faint|p1a: Dewgong
|choice|switch 5|
|
|switch|p1a: Lickitung|Lickitung, L90|345\/345
|turn|8
|choice|move 1|move 4
|
|move|p2a: Rapidash|Agility|p2a: Rapidash
|-boost|p2a: Rapidash|spe|2
|move|p1a: Lickitung|Hyper Beam|p2a: Rapidash
|-damage|p2a: Rapidash|0 fnt
|faint|p2a: Rapidash
|choice||switch 4
|
|switch|p2a: Snorlax|Snorlax, L79|415\/415
|turn|9
|choice|move 2|move 2
|
|move|p1a: Lickitung|Swords Dance|p1a: Lickitung
|-boost|p1a: Lickitung|atk|2
|move|p2a: Snorlax|Thunderbolt|p1a: Lickitung
|-damage|p1a: Lickitung|295\/345
|
|turn|10
|choice|move 3|move 4
|
|move|p1a: Lickitung|Earthquake|p2a: Snorlax
|-damage|p2a: Snorlax|261\/415
|move|p2a: Snorlax|Ice Beam|p1a: Lickitung
|-damage|p1a: Lickitung|244\/345
|
|turn|11
|choice|move 3|move 2
|
|move|p1a: Lickitung|Earthquake|p2a: Snorlax
|-damage|p2a: Snorlax|116\/415
|move|p2a: Snorlax|Thunderbolt|p1a: Lickitung
|-damage|p1a: Lickitung|189\/345
|
|turn|12
|choice|move 1|move 3
|
|move|p1a: Lickitung|Hyper Beam|p2a: Snorlax
|-damage|p2a: Snorlax|0 fnt
|faint|p2a: Snorlax
|choice||switch 6
|
|switch|p2a: Mr. Mime|Mr. Mime, L85|242\/242
|turn|13
|choice|move 4|move 3
|
|move|p2a: Mr. Mime|Thunderbolt|p1a: Lickitung
|-crit|p1a: Lickitung
|-damage|p1a: Lickitung|20\/345
|move|p1a: Lickitung|Body Slam|p2a: Mr. Mime
|-damage|p2a: Mr. Mime|74\/242
|-status|p2a: Mr. Mime|par
|
|turn|14
|choice|move 1|move 3
|
|move|p1a: Lickitung|Hyper Beam|p2a: Mr. Mime
|-damage|p2a: Mr. Mime|0 fnt
|faint|p2a: Mr. Mime
|c|★Giory|wow
|choice||switch 2
|
|switch|p2a: Blastoise|Blastoise, L85|308\/308
|turn|15
|c|★Giory|this lickitung is gold
|choice|move 4|move 2
|
|move|p2a: Blastoise|Body Slam|p1a: Lickitung
|-crit|p1a: Lickitung
|-damage|p1a: Lickitung|0 fnt
|faint|p1a: Lickitung
|choice|switch 4|
|
|switch|p1a: Bulbasaur|Bulbasaur, L96|227\/281
|turn|16
|choice|move 2|move 4
|
|move|p2a: Blastoise|Blizzard|p1a: Bulbasaur
|-supereffective|p1a: Bulbasaur
|-damage|p1a: Bulbasaur|59\/281
|move|p1a: Bulbasaur|Leech Seed|p2a: Blastoise
|-start|p2a: Blastoise|move: Leech Seed
|
|turn|17
|choice|switch 2|move 4
|
|switch|p1a: Eevee|Eevee, L96|300\/300
|move|p2a: Blastoise|Blizzard|p1a: Eevee
|-damage|p1a: Eevee|219\/300
|-damage|p2a: Blastoise|289\/308|[from] Leech Seed|[of] p1a: Eevee
|-heal|p1a: Eevee|238\/300|[silent]
|
|turn|18
|choice|move 2|move 3
|
|move|p2a: Blastoise|Surf|p1a: Eevee
|-damage|p1a: Eevee|131\/300
|-damage|p2a: Blastoise|270\/308|[from] Leech Seed|[of] p1a: Eevee
|-heal|p1a: Eevee|150\/300|[silent]
|move|p1a: Eevee|Sand Attack|p2a: Blastoise
|-unboost|p2a: Blastoise|accuracy|1
|
|turn|19
|choice|move 1|move 2
|
|move|p2a: Blastoise|Body Slam|p1a: Eevee
|-damage|p1a: Eevee|85\/300
|-damage|p2a: Blastoise|251\/308|[from] Leech Seed|[of] p1a: Eevee
|-heal|p1a: Eevee|104\/300|[silent]
|move|p1a: Eevee|Body Slam|p2a: Blastoise
|-crit|p2a: Blastoise
|-damage|p2a: Blastoise|97\/308
|
|turn|20
|c|★Giory|wow
|c|★Giory|that critic
|choice|move 1|move 4
|
|move|p2a: Blastoise|Blizzard|p1a: Eevee
|-damage|p1a: Eevee|14\/300
|-damage|p2a: Blastoise|78\/308|[from] Leech Seed|[of] p1a: Eevee
|-heal|p1a: Eevee|33\/300|[silent]
|move|p1a: Eevee|Body Slam|p2a: Blastoise
|-damage|p2a: Blastoise|8\/308
|-status|p2a: Blastoise|par
|
|turn|21
|choice|move 1|move 3
|
|move|p1a: Eevee|Body Slam|p2a: Blastoise
|-damage|p2a: Blastoise|0 fnt
|faint|p2a: Blastoise
|choice||switch 3
|
|switch|p2a: Sandslash|Sandslash, L85|301\/301
|turn|22
|choice|move 4|move 1
|
|move|p1a: Eevee|Reflect|p1a: Eevee
|-start|p1a: Eevee|Reflect
|move|p2a: Sandslash|Earthquake|p1a: Eevee
|-damage|p1a: Eevee|0 fnt
|faint|p1a: Eevee
|choice|switch 2|
|
|switch|p1a: Bulbasaur|Bulbasaur, L96|59\/281
|turn|23
|choice|move 2|move 1
|
|move|p2a: Sandslash|Earthquake|p1a: Bulbasaur
|-damage|p1a: Bulbasaur|0 fnt
|faint|p1a: Bulbasaur
|choice|switch 6|
|
|switch|p1a: Hitmonlee|Hitmonlee, L90|273\/273
|turn|24
|choice|move 2|move 1
|
|move|p1a: Hitmonlee|High Jump Kick|p2a: Sandslash
|-damage|p2a: Sandslash|193\/301
|move|p2a: Sandslash|Earthquake|p1a: Hitmonlee
|-damage|p1a: Hitmonlee|125\/273
|
|turn|25
|choice|move 2|move 1
|
|move|p1a: Hitmonlee|High Jump Kick|p2a: Sandslash|[miss]
|-miss|p1a: Hitmonlee
|-damage|p1a: Hitmonlee|124\/273
|move|p2a: Sandslash|Earthquake|p1a: Hitmonlee
|-damage|p1a: Hitmonlee|0 fnt
|faint|p1a: Hitmonlee
|choice|switch 3|
|
|switch|p1a: Aerodactyl|Aerodactyl, L90|327\/327
|turn|26
|choice|move 4|move 2
|
|move|p1a: Aerodactyl|Sky Attack|p2a: Sandslash|[still]
|-prepare|p1a: Aerodactyl|Sky Attack|p2a: Sandslash
|move|p2a: Sandslash|Hyper Beam|p1a: Aerodactyl|[miss]
|-miss|p2a: Sandslash
|
|turn|27
|choice|move 1|move 2
|
|move|p1a: Aerodactyl|Sky Attack|p2a: Sandslash|[from]Sky Attack
|-damage|p2a: Sandslash|36\/301
|move|p2a: Sandslash|Hyper Beam|p1a: Aerodactyl
|-resisted|p1a: Aerodactyl
|-damage|p1a: Aerodactyl|268\/327
|
|turn|28
|-mustrecharge|p2a: Sandslash
|c|★Giory|gg
|-mustrecharge|p2a: Sandslash
|choice|move 2|move 1
|
|move|p1a: Aerodactyl|Hyper Beam|p2a: Sandslash
|-damage|p2a: Sandslash|0 fnt
|faint|p2a: Sandslash
|
|win|Giory
|raw|Giory's rating: 1126 &rarr; <strong>1143<\/strong><br \/>(+17 for winning)
|raw|maximv8's rating: 1000 &rarr; <strong>1000<\/strong><br \/>(+0 for losing)