|join|Chargin' Chuck
|join|iluvhermione
|player|p1|Chargin' Chuck|176
|player|p2|iluvhermione|265
|gametype|singles
|gen|1
|tier|[Gen 1] Random Battle
|rated
|rule|Sleep Clause Mod: Limit one foe put to sleep
|rule|Freeze Clause Mod: Limit one foe frozen
|rule|HP Percentage Mod: HP is shown in percentages
|
|start
|switch|p1a: Vileplume|Vileplume, L90|318\/318
|switch|p2a: Hitmonlee|Hitmonlee, L90|273\/273
|turn|1
|join|dvdf
|leave|dvdf
|
|move|p2a: Hitmonlee|Mimic|p1a: Vileplume
|-start|p2a: Hitmonlee|Mimic|Sleep Powder
|move|p1a: Vileplume|Sleep Powder|p2a: Hitmonlee
|-status|p2a: Hitmonlee|slp
|
|turn|2
|
|cant|p2a: Hitmonlee|slp
|move|p1a: Vileplume|Swords Dance|p1a: Vileplume
|-boost|p1a: Vileplume|atk|2
|
|turn|3
|
|cant|p2a: Hitmonlee|slp
|move|p1a: Vileplume|Body Slam|p2a: Hitmonlee
|-damage|p2a: Hitmonlee|112\/273 slp
|
|turn|4
|
|switch|p2a: Flareon|Flareon, L90|300\/300
|move|p1a: Vileplume|Body Slam|p2a: Flareon
|-damage|p2a: Flareon|158\/300
|-status|p2a: Flareon|par
|
|turn|5
|
|switch|p1a: Tentacruel|Tentacruel, L85|310\/310
|cant|p2a: Flareon|par
|
|turn|6
|
|switch|p2a: Venomoth|Venomoth, L85|293\/293
|move|p1a: Tentacruel|Surf|p2a: Venomoth
|-damage|p2a: Venomoth|175\/293
|
|turn|7
|
|switch|p1a: Vileplume|Vileplume, L90|318\/318
|move|p2a: Venomoth|Sleep Powder|p1a: Vileplume
|-status|p1a: Vileplume|slp
|
|turn|8
|
|move|p2a: Venomoth|Psychic|p1a: Vileplume
|-supereffective|p1a: Vileplume
|-damage|p1a: Vileplume|216\/318 slp
|-curestatus|p1a: Vileplume|slp
|
|turn|9
|
|move|p2a: Venomoth|Sleep Powder|p1a: Vileplume
|-status|p1a: Vileplume|slp
|cant|p1a: Vileplume|slp
|
|turn|10
|
|switch|p1a: Alakazam|Alakazam, L79|249\/249
|move|p2a: Venomoth|Psychic|p1a: Alakazam
|-resisted|p1a: Alakazam
|-damage|p1a: Alakazam|226\/249
|
|turn|11
|
|move|p1a: Alakazam|Psychic|p2a: Venomoth
|-supereffective|p2a: Venomoth
|-damage|p2a: Venomoth|0 fnt
|faint|p2a: Venomoth
|
|switch|p2a: Clefable|Clefable, L85|335\/335
|turn|12
|
|switch|p1a: Vileplume|Vileplume, L90|216\/318 slp
|move|p2a: Clefable|Thunder Wave|p1a: Vileplume
|-fail|p1a: Vileplume
|
|turn|13
|
|move|p2a: Clefable|Ice Beam|p1a: Vileplume
|-supereffective|p1a: Vileplume
|-damage|p1a: Vileplume|106\/318 slp
|cant|p1a: Vileplume|slp
|
|turn|14
|
|move|p2a: Clefable|Ice Beam|p1a: Vileplume
|-supereffective|p1a: Vileplume
|-damage|p1a: Vileplume|0 fnt
|faint|p1a: Vileplume
|
|switch|p1a: Raticate|Raticate, L85|267\/267
|turn|15
|
|move|p1a: Raticate|Super Fang|p2a: Clefable
|-damage|p2a: Clefable|168\/335
|move|p2a: Clefable|Thunder Wave|p1a: Raticate
|-status|p1a: Raticate|par
|
|turn|16
|
|switch|p2a: Flareon|Flareon, L90|158\/300 par
|cant|p1a: Raticate|par
|
|turn|17
|
|move|p1a: Raticate|Hyper Beam|p2a: Flareon
|-damage|p2a: Flareon|0 fnt
|faint|p2a: Flareon
|
|switch|p2a: Rhyhorn|Rhyhorn, L96|348\/348
|turn|18
|
|move|p2a: Rhyhorn|Substitute|p2a: Rhyhorn
|-start|p2a: Rhyhorn|Substitute
|-damage|p2a: Rhyhorn|261\/348
|cant|p1a: Raticate|par
|
|turn|19
|
|move|p2a: Rhyhorn|Earthquake|p1a: Raticate
|-damage|p1a: Raticate|108\/267 par
|move|p1a: Raticate|Bubble Beam|p2a: Rhyhorn
|-crit|p2a: Rhyhorn
|-supereffective|p2a: Rhyhorn
|-end|p2a: Rhyhorn|Substitute
|
|turn|20
|
|move|p2a: Rhyhorn|Substitute|p2a: Rhyhorn
|-start|p2a: Rhyhorn|Substitute
|-damage|p2a: Rhyhorn|174\/348
|move|p1a: Raticate|Bubble Beam|p2a: Rhyhorn
|-supereffective|p2a: Rhyhorn
|-end|p2a: Rhyhorn|Substitute
|
|turn|21
|
|switch|p1a: Tentacruel|Tentacruel, L85|310\/310
|move|p2a: Rhyhorn|Substitute|p2a: Rhyhorn
|-start|p2a: Rhyhorn|Substitute
|-damage|p2a: Rhyhorn|87\/348
|
|turn|22
|
|move|p1a: Tentacruel|Surf|p2a: Rhyhorn
|-supereffective|p2a: Rhyhorn
|-end|p2a: Rhyhorn|Substitute
|move|p2a: Rhyhorn|Earthquake|p1a: Tentacruel
|-supereffective|p1a: Tentacruel
|-damage|p1a: Tentacruel|0 fnt
|faint|p1a: Tentacruel
|
|switch|p1a: Alakazam|Alakazam, L79|226\/249
|turn|23
|
|switch|p2a: Hitmonlee|Hitmonlee, L90|112\/273 slp
|move|p1a: Alakazam|Psychic|p2a: Hitmonlee
|-supereffective|p2a: Hitmonlee
|-damage|p2a: Hitmonlee|0 fnt
|faint|p2a: Hitmonlee
|
|switch|p2a: Clefable|Clefable, L85|168\/335
|turn|24
|
|switch|p1a: Raticate|Raticate, L85|108\/267 par
|move|p2a: Clefable|Thunder Wave|p1a: Raticate
|-fail|p1a: Raticate|par
|
|turn|25
|
|switch|p2a: Omanyte|Omanyte, L96|262\/262
|move|p1a: Raticate|Bubble Beam|p2a: Omanyte
|-damage|p2a: Omanyte|234\/262
|
|turn|26
|
|move|p2a: Omanyte|Hydro Pump|p1a: Raticate
|-damage|p1a: Raticate|0 fnt
|faint|p1a: Raticate
|
|switch|p1a: Jolteon|Jolteon, L79|265\/265
|turn|27
|
|switch|p2a: Rhyhorn|Rhyhorn, L96|87\/348
|move|p1a: Jolteon|Sand Attack|p2a: Rhyhorn
|-unboost|p2a: Rhyhorn|accuracy|1
|
|turn|28
|
|switch|p1a: Pidgeot|Pidgeot, L90|333\/333
|move|p2a: Rhyhorn|Earthquake|p1a: Pidgeot
|-immune|p1a: Pidgeot|[msg]
|
|turn|29
|
|move|p1a: Pidgeot|Mirror Move|p1a: Pidgeot
|move|p1a: Pidgeot|Earthquake|p2a: Rhyhorn|[from]Mirror Move
|-supereffective|p2a: Rhyhorn
|-damage|p2a: Rhyhorn|0 fnt
|faint|p2a: Rhyhorn
|
|switch|p2a: Omanyte|Omanyte, L96|234\/262
|turn|30
|
|switch|p1a: Jolteon|Jolteon, L79|265\/265
|move|p2a: Omanyte|Blizzard|p1a: Jolteon
|-crit|p1a: Jolteon
|-damage|p1a: Jolteon|81\/265
|
|turn|31
|
|move|p1a: Jolteon|Thunderbolt|p2a: Omanyte
|-supereffective|p2a: Omanyte
|-damage|p2a: Omanyte|57\/262
|move|p2a: Omanyte|Blizzard|p1a: Jolteon
|-damage|p1a: Jolteon|0 fnt
|faint|p1a: Jolteon
|
|switch|p1a: Alakazam|Alakazam, L79|226\/249
|turn|32
|
|move|p1a: Alakazam|Psychic|p2a: Omanyte
|-damage|p2a: Omanyte|0 fnt
|faint|p2a: Omanyte
|
|switch|p2a: Clefable|Clefable, L85|168\/335
|turn|33
|
|move|p1a: Alakazam|Psychic|p2a: Clefable
|-damage|p2a: Clefable|63\/335
|move|p2a: Clefable|Sing|p1a: Alakazam
|-status|p1a: Alakazam|slp
|
|turn|34
|
|cant|p1a: Alakazam|slp
|move|p2a: Clefable|Ice Beam|p1a: Alakazam
|-crit|p1a: Alakazam
|-damage|p1a: Alakazam|125\/249 slp
|
|turn|35
|
|cant|p1a: Alakazam|slp
|move|p2a: Clefable|Ice Beam|p1a: Alakazam
|-damage|p1a: Alakazam|73\/249 slp
|
|turn|36
|
|cant|p1a: Alakazam|slp
|move|p2a: Clefable|Ice Beam|p1a: Alakazam
|-damage|p1a: Alakazam|22\/249 slp
|
|turn|37
|
|-curestatus|p1a: Alakazam|slp
|move|p2a: Clefable|Ice Beam|p1a: Alakazam
|-damage|p1a: Alakazam|0 fnt
|faint|p1a: Alakazam
|
|switch|p1a: Pidgeot|Pidgeot, L90|333\/333
|turn|38
|
|move|p1a: Pidgeot|Double-Edge|p2a: Clefable
|-damage|p2a: Clefable|0 fnt
|-damage|p1a: Pidgeot|318\/333|[from] recoil|[of] p2a: Clefable
|faint|p2a: Clefable
|
|win|Chargin' Chuck
|raw|Ladder updating...
|c|★Chargin' Chuck|gg
|c|★iluvhermione|gg
|leave|iluvhermione
|player|p2
|raw|Chargin&apos; Chuck's rating: 1327 &rarr; <strong>1341<\/strong><br \/>(+14 for winning)
|raw|iluvhermione's rating: 1214 &rarr; <strong>1197<\/strong><br \/>(-17 for losing)