|j|rimr
|j|Pale trainner
|player|p1|rimr|15
|player|p2|Pale trainner|42
|gametype|singles
|gen|1
|tier|[Gen 1] Random Battle
|rated
|seed|61491,12628,27693,55016
|rule|Sleep Clause Mod: Limit one foe put to sleep
|rule|Freeze Clause Mod: Limit one foe frozen
|rule|HP Percentage Mod: HP is shown in percentages
|
|start
|switch|p1a: Magikarp|Magikarp, L99|240\/240
|switch|p2a: Flareon|Flareon, L90|300\/300
|turn|1
|choice|move 1|move 4
|
|move|p2a: Flareon|Quick Attack|p1a: Magikarp
|-crit|p1a: Magikarp
|-damage|p1a: Magikarp|151\/240
|move|p1a: Magikarp|Dragon Rage|p2a: Flareon
|-damage|p2a: Flareon|260\/300
|
|turn|2
|choice|move 1|move 3
|
|move|p1a: Magikarp|Dragon Rage|p2a: Flareon
|-damage|p2a: Flareon|220\/300
|move|p2a: Flareon|Body Slam|p1a: Magikarp
|-damage|p1a: Magikarp|61\/240
|
|turn|3
|choice|move 1|move 4
|
|move|p2a: Flareon|Quick Attack|p1a: Magikarp
|-damage|p1a: Magikarp|16\/240
|move|p1a: Magikarp|Dragon Rage|p2a: Flareon
|-damage|p2a: Flareon|180\/300
|
|turn|4
|choice|move 1|move 4
|
|move|p2a: Flareon|Quick Attack|p1a: Magikarp
|-damage|p1a: Magikarp|0 fnt
|faint|p1a: Magikarp
|choice|switch 2|
|
|switch|p1a: Rhydon|Rhydon, L79|328\/328
|turn|5
|choice|move 1|switch 4
|
|switch|p2a: Seadra|Seadra, L90|282\/282
|move|p1a: Rhydon|Substitute|p1a: Rhydon
|-start|p1a: Rhydon|Substitute
|-damage|p1a: Rhydon|246\/328
|
|turn|6
|choice|move 2|move 1
|
|move|p2a: Seadra|Mimic|p1a: Rhydon
|-start|p2a: Seadra|Mimic|Rock Slide
|move|p1a: Rhydon|Earthquake|p2a: Seadra
|-damage|p2a: Seadra|175\/282
|
|turn|7
|choice|move 2|move 3
|
|move|p2a: Seadra|Smokescreen|p1a: Rhydon
|-fail|p1a: Rhydon
|move|p1a: Rhydon|Earthquake|p2a: Seadra
|-damage|p2a: Seadra|73\/282
|
|turn|8
|choice|move 2|move 4
|
|move|p2a: Seadra|Hydro Pump|p1a: Rhydon|[miss]
|-miss|p2a: Seadra
|move|p1a: Rhydon|Earthquake|p2a: Seadra
|-damage|p2a: Seadra|0 fnt
|faint|p2a: Seadra
|choice||switch 2
|
|switch|p2a: Butterfree|Butterfree, L90|291\/291
|turn|9
|choice|move 4|move 1
|
|move|p2a: Butterfree|Mega Drain|p1a: Rhydon
|-supereffective|p1a: Rhydon
|-end|p1a: Rhydon|Substitute
|move|p1a: Rhydon|Rock Slide|p2a: Butterfree
|-supereffective|p2a: Butterfree
|-damage|p2a: Butterfree|0 fnt
|faint|p2a: Butterfree
|choice||switch 6
|
|switch|p2a: Alakazam|Alakazam, L79|249\/249
|turn|10
|choice|move 2|move 4
|
|move|p2a: Alakazam|Reflect|p2a: Alakazam
|-start|p2a: Alakazam|Reflect
|move|p1a: Rhydon|Earthquake|p2a: Alakazam
|-damage|p2a: Alakazam|153\/249
|
|turn|11
|choice|move 2|move 1
|
|move|p2a: Alakazam|Psychic|p1a: Rhydon
|-damage|p1a: Rhydon|92\/328
|-unboost|p1a: Rhydon|spd|1
|-unboost|p1a: Rhydon|spa|1
|move|p1a: Rhydon|Earthquake|p2a: Alakazam
|-damage|p2a: Alakazam|66\/249
|
|turn|12
|choice|move 2|move 2
|
|move|p2a: Alakazam|Recover|p2a: Alakazam
|-heal|p2a: Alakazam|190\/249
|move|p1a: Rhydon|Earthquake|p2a: Alakazam
|-damage|p2a: Alakazam|105\/249
|
|turn|13
|choice|move 2|move 2
|
|move|p2a: Alakazam|Recover|p2a: Alakazam
|-heal|p2a: Alakazam|229\/249
|move|p1a: Rhydon|Earthquake|p2a: Alakazam
|-crit|p2a: Alakazam
|-damage|p2a: Alakazam|0 fnt
|faint|p2a: Alakazam
|choice||switch 3
|
|switch|p2a: Nidoking|Nidoking, L85|311\/311
|turn|14
|choice|move 2|move 1
|
|move|p2a: Nidoking|Earthquake|p1a: Rhydon
|-supereffective|p1a: Rhydon
|-damage|p1a: Rhydon|0 fnt
|faint|p1a: Rhydon
|choice|switch 6|
|
|switch|p1a: Tauros|Tauros, L79|280\/280
|turn|15
|choice|move 1|move 1
|
|move|p1a: Tauros|Earthquake|p2a: Nidoking
|-supereffective|p2a: Nidoking
|-damage|p2a: Nidoking|184\/311
|move|p2a: Nidoking|Earthquake|p1a: Tauros
|-crit|p1a: Tauros
|-damage|p1a: Tauros|58\/280
|
|turn|16
|choice|move 2|move 2
|
|move|p1a: Tauros|Blizzard|p2a: Nidoking
|-supereffective|p2a: Nidoking
|-damage|p2a: Nidoking|53\/311
|move|p2a: Nidoking|Body Slam|p1a: Tauros
|-damage|p1a: Tauros|1\/280
|
|turn|17
|choice|move 3|move 1
|
|move|p1a: Tauros|Body Slam|p2a: Nidoking
|-damage|p2a: Nidoking|0 fnt
|faint|p2a: Nidoking
|choice||switch 4
|
|switch|p2a: Flareon|Flareon, L90|180\/300
|turn|18
|choice|move 1|move 4
|
|move|p2a: Flareon|Quick Attack|p1a: Tauros
|-damage|p1a: Tauros|0 fnt
|faint|p1a: Tauros
|choice|switch 3|
|
|switch|p1a: Dragonite|Dragonite, L85|328\/328
|turn|19
|choice|move 2|move 1
|
|move|p1a: Dragonite|Thunder Wave|p2a: Flareon
|-status|p2a: Flareon|par
|move|p2a: Flareon|Hyper Beam|p1a: Dragonite
|-crit|p1a: Dragonite
|-damage|p1a: Dragonite|47\/328
|
|turn|20
|-mustrecharge|p2a: Flareon
|-mustrecharge|p2a: Flareon
|choice|move 1|move 1
|
|move|p1a: Dragonite|Surf|p2a: Flareon
|-supereffective|p2a: Flareon
|-damage|p2a: Flareon|60\/300 par
|cant|p2a: Flareon|recharge
|
|turn|21
|choice|move 1|move 4
|
|move|p2a: Flareon|Quick Attack|p1a: Dragonite
|-damage|p1a: Dragonite|10\/328
|move|p1a: Dragonite|Surf|p2a: Flareon
|-supereffective|p2a: Flareon
|-damage|p2a: Flareon|0 fnt
|faint|p2a: Flareon
|choice||switch 5
|
|switch|p2a: Jolteon|Jolteon, L79|265\/265
|turn|22
|choice|move 2|move 1
|
|move|p2a: Jolteon|Thunderbolt|p1a: Dragonite
|-damage|p1a: Dragonite|0 fnt
|faint|p1a: Dragonite
|choice|switch 4|
|
|switch|p1a: Mew|Mew, L74|300\/300
|turn|23
|choice|move 2|move 2
|
|move|p2a: Jolteon|Thunder Wave|p1a: Mew
|-status|p1a: Mew|par
|move|p1a: Mew|Thunder Wave|p2a: Jolteon
|-status|p2a: Jolteon|par
|
|turn|24
|choice|move 3|move 1
|
|move|p2a: Jolteon|Thunderbolt|p1a: Mew
|-crit|p1a: Mew
|-damage|p1a: Mew|112\/300 par
|move|p1a: Mew|Blizzard|p2a: Jolteon|[miss]
|-miss|p1a: Mew
|
|turn|25
|choice|move 1|move 1
|
|move|p2a: Jolteon|Thunderbolt|p1a: Mew
|-crit|p1a: Mew
|-damage|p1a: Mew|0 fnt
|faint|p1a: Mew
|choice|switch 5|
|
|switch|p1a: Cloyster|Cloyster, L83|253\/253
|turn|26
|choice|move 2|move 1
|
|move|p1a: Cloyster|Blizzard|p2a: Jolteon
|-damage|p2a: Jolteon|153\/265 par
|move|p2a: Jolteon|Thunderbolt|p1a: Cloyster
|-supereffective|p1a: Cloyster
|-damage|p1a: Cloyster|52\/253
|
|turn|27
|choice|move 4|move 1
|
|move|p1a: Cloyster|Hyper Beam|p2a: Jolteon
|-damage|p2a: Jolteon|20\/265 par
|move|p2a: Jolteon|Thunderbolt|p1a: Cloyster
|-supereffective|p1a: Cloyster
|-damage|p1a: Cloyster|0 fnt
|faint|p1a: Cloyster
|
|win|Pale trainner
|player|p1
|player|p2
|raw|rimr's rating: 1304 &rarr; <strong>1273<\/strong><br \/>(-31 for losing)
|raw|Pale trainner's rating: 1079 &rarr; <strong>1124<\/strong><br \/>(+45 for winning)