|j|HerpesFreeSince03
|j|everythingis4
|player|p1|HerpesFreeSince03|115
|player|p2|everythingis4|102
|gametype|singles
|gen|1
|tier|[Gen 1] Random Battle
|seed|48183,6242,31204,48813
|rule|Sleep Clause Mod: Limit one foe put to sleep
|rule|Freeze Clause Mod: Limit one foe frozen
|rule|HP Percentage Mod: HP is shown in percentages
|
|start
|switch|p1a: Hypno|Hypno, L85|318\/318
|switch|p2a: Metapod|Metapod, L99|300\/300
|turn|1
|c|★everythingis4|-.-
|c|★everythingis4|why
|choice|move 1|move 2
|
|move|p1a: Hypno|Psychic|p2a: Metapod
|-damage|p2a: Metapod|126\/300
|-unboost|p2a: Metapod|spd|1
|-unboost|p2a: Metapod|spa|1
|move|p2a: Metapod|String Shot|p1a: Hypno
|-unboost|p1a: Hypno|spe|1
|
|turn|2
|choice|move 1|move 1
|
|move|p2a: Metapod|Tackle|p1a: Hypno|[miss]
|-miss|p2a: Metapod
|move|p1a: Hypno|Psychic|p2a: Metapod
|-damage|p2a: Metapod|0 fnt
|faint|p2a: Metapod
|choice||switch 6
|
|switch|p2a: Jolteon|Jolteon, L79|265\/265
|turn|3
|c|★HerpesFreeSince03|God. You should not be allowed to reproduce
|choice|move 4|move 3
|
|move|p2a: Jolteon|Pin Missile|p1a: Hypno
|-supereffective|p1a: Hypno
|-damage|p1a: Hypno|301\/318
|-damage|p1a: Hypno|284\/318
|-damage|p1a: Hypno|267\/318
|-hitcount|p1a: Hypno|3
|move|p1a: Hypno|Thunder Wave|p2a: Jolteon
|-status|p2a: Jolteon|par
|
|turn|4
|c|★everythingis4|ehi boy
|c|★everythingis4|they gave me a metapod
|choice|move 1|move 2
|
|move|p1a: Hypno|Psychic|p2a: Jolteon
|-damage|p2a: Jolteon|164\/265 par
|-unboost|p2a: Jolteon|spd|1
|-unboost|p2a: Jolteon|spa|1
|cant|p2a: Jolteon|par
|
|turn|5
|c|★everythingis4|no there is something wrong
|c|★everythingis4|how thunder wave
|c|★everythingis4|can affect
|c|★everythingis4|a electric pokemon
|choice|move 1|move 2
|
|move|p1a: Hypno|Psychic|p2a: Jolteon
|-damage|p2a: Jolteon|19\/265 par
|-unboost|p2a: Jolteon|spd|1
|-unboost|p2a: Jolteon|spa|1
|move|p2a: Jolteon|Body Slam|p1a: Hypno
|-damage|p1a: Hypno|218\/318
|
|turn|6
|choice|move 1|move 2
|
|move|p1a: Hypno|Psychic|p2a: Jolteon
|-damage|p2a: Jolteon|0 fnt
|faint|p2a: Jolteon
|choice||switch 5
|
|switch|p2a: Rhydon|Rhydon, L79|328\/328
|turn|7
|choice|move 3|move 1
|
|move|p2a: Rhydon|Earthquake|p1a: Hypno
|-damage|p1a: Hypno|92\/318
|move|p1a: Hypno|Hypnosis|p2a: Rhydon
|-status|p2a: Rhydon|slp
|
|turn|8
|choice|move 1|switch 4
|
|switch|p2a: Chansey|Chansey, L79|557\/557
|move|p1a: Hypno|Psychic|p2a: Chansey
|-damage|p2a: Chansey|448\/557
|-unboost|p2a: Chansey|spd|1
|-unboost|p2a: Chansey|spa|1
|
|turn|9
|choice|move 4|move 2
|
|move|p2a: Chansey|Thunderbolt|p1a: Hypno
|-damage|p1a: Hypno|56\/318
|move|p1a: Hypno|Thunder Wave|p2a: Chansey
|-status|p2a: Chansey|par
|
|turn|10
|choice|move 1|move 2
|
|move|p1a: Hypno|Psychic|p2a: Chansey
|-damage|p2a: Chansey|297\/557 par
|-unboost|p2a: Chansey|spd|1
|-unboost|p2a: Chansey|spa|1
|move|p2a: Chansey|Thunderbolt|p1a: Hypno
|-crit|p1a: Hypno
|-damage|p1a: Hypno|0 fnt
|faint|p1a: Hypno
|choice|switch 4|
|
|switch|p1a: Fearow|Fearow, L90|300\/300
|turn|11
|choice|move 2|switch 4
|
|switch|p2a: Rhydon|Rhydon, L79|328\/328 slp
|move|p1a: Fearow|Hyper Beam|p2a: Rhydon|[miss]
|-miss|p1a: Fearow
|
|turn|12
|choice|switch 3|move 3
|
|switch|p1a: Tentacruel|Tentacruel, L85|310\/310
|cant|p2a: Rhydon|slp
|
|turn|13
|choice|move 4|switch 4
|
|switch|p2a: Chansey|Chansey, L79|297\/557 par
|move|p1a: Tentacruel|Blizzard|p2a: Chansey
|-damage|p2a: Chansey|200\/557 par
|
|turn|14
|choice|switch 5|move 1
|
|switch|p1a: Jolteon|Jolteon, L79|265\/265
|cant|p2a: Chansey|par
|
|turn|15
|choice|move 1|move 1
|
|move|p1a: Jolteon|Thunderbolt|p2a: Chansey
|-damage|p2a: Chansey|116\/557 par
|cant|p2a: Chansey|par
|
|turn|16
|c|★everythingis4|dude
|c|★everythingis4|u re too lucky
|c|★HerpesFreeSince03|Ur so bad
|c|★everythingis4|suck my dick
|choice|move 1|move 1
|
|move|p1a: Jolteon|Thunderbolt|p2a: Chansey
|-crit|p2a: Chansey
|-damage|p2a: Chansey|0 fnt
|faint|p2a: Chansey
|c|★everythingis4|i had a metapod
|choice||switch 4
|
|switch|p2a: Rhydon|Rhydon, L79|328\/328 slp
|turn|17
|choice|switch 5|move 1
|
|switch|p1a: Tentacruel|Tentacruel, L85|310\/310
|cant|p2a: Rhydon|slp
|
|turn|18
|choice|move 3|switch 3
|
|switch|p2a: Exeggutor|Exeggutor, L79|312\/312
|move|p1a: Tentacruel|Swords Dance|p1a: Tentacruel
|-boost|p1a: Tentacruel|atk|2
|
|turn|19
|choice|move 4|move 4
|
|move|p1a: Tentacruel|Blizzard|p2a: Exeggutor
|-supereffective|p2a: Exeggutor
|-damage|p2a: Exeggutor|129\/312
|-status|p2a: Exeggutor|frz
|cant|p2a: Exeggutor|frz
|
|turn|20
|c|★everythingis4|GO THE SHIT OUT OF THIS BATTLE.
|c|★everythingis4|I DONT WANT TO FIGHT ANYMORE
|-message|everythingis4 forfeited.
|
|win|HerpesFreeSince03
|player|p1
|player|p2
|l|everythingis4