|j|smilzo
|j|ConnorTorres
|player|p1|smilzo|157
|player|p2|ConnorTorres|163
|gametype|singles
|gen|1
|tier|[Gen 1] Random Battle
|rated
|seed|36959,16505,61878,45552
|rule|Sleep Clause Mod: Limit one foe put to sleep
|rule|Freeze Clause Mod: Limit one foe frozen
|rule|HP Percentage Mod: HP is shown in percentages
|
|start
|switch|p1a: Blastoise|Blastoise, L85|308\/308
|switch|p2a: Poliwhirl|Poliwhirl, L85|284\/284
|turn|1
|choice|switch 2|move 2
|
|switch|p1a: Venomoth|Venomoth, L85|293\/293
|move|p2a: Poliwhirl|Hypnosis|p1a: Venomoth
|-status|p1a: Venomoth|slp
|
|turn|2
|choice|switch 6|move 4
|
|switch|p1a: Zapdos|Zapdos, L79|304\/304
|move|p2a: Poliwhirl|Psychic|p1a: Zapdos
|-damage|p1a: Zapdos|263\/304
|
|turn|3
|choice|move 1|switch 3
|
|switch|p2a: Rhydon|Rhydon, L79|328\/328
|move|p1a: Zapdos|Thunder Wave|p2a: Rhydon
|-immune|p2a: Rhydon|[msg]
|
|turn|4
|choice|switch 2|move 1
|
|switch|p1a: Blastoise|Blastoise, L85|308\/308
|move|p2a: Rhydon|Rock Slide|p1a: Blastoise
|-damage|p1a: Blastoise|225\/308
|
|turn|5
|choice|move 2|switch 6
|
|switch|p2a: Jolteon|Jolteon, L79|265\/265
|move|p1a: Blastoise|Mimic|p2a: Jolteon
|-start|p1a: Blastoise|Mimic|Sand Attack
|
|turn|6
|choice|switch 4|move 1
|
|switch|p1a: Onix|Onix, L90|246\/246
|move|p2a: Jolteon|Thunderbolt|p1a: Onix
|-immune|p1a: Onix|[msg]
|
|turn|7
|choice|move 3|switch 3
|
|switch|p2a: Poliwhirl|Poliwhirl, L85|284\/284
|move|p1a: Onix|Earthquake|p2a: Poliwhirl
|-damage|p2a: Poliwhirl|185\/284
|
|turn|8
|choice|switch 4|move 2
|
|switch|p1a: Blastoise|Blastoise, L85|225\/308
|move|p2a: Poliwhirl|Hypnosis|p1a: Blastoise
|-message|Sleep Clause Mod activated.
|
|turn|9
|choice|switch 2|move 4
|
|switch|p1a: Zapdos|Zapdos, L79|263\/304
|move|p2a: Poliwhirl|Psychic|p1a: Zapdos
|-damage|p1a: Zapdos|227\/304
|
|turn|10
|choice|switch 2|switch 6
|
|switch|p2a: Rhydon|Rhydon, L79|328\/328
|switch|p1a: Blastoise|Blastoise, L85|225\/308
|
|turn|11
|choice|move 3|switch 3
|
|switch|p2a: Jolteon|Jolteon, L79|265\/265
|move|p1a: Blastoise|Blizzard|p2a: Jolteon|[miss]
|-miss|p1a: Blastoise
|
|turn|12
|choice|switch 4|move 4
|
|switch|p1a: Onix|Onix, L90|246\/246
|move|p2a: Jolteon|Pin Missile|p1a: Onix
|-crit|p1a: Onix
|-damage|p1a: Onix|237\/246
|-damage|p1a: Onix|228\/246
|-damage|p1a: Onix|219\/246
|-hitcount|p1a: Onix|3
|
|turn|13
|choice|move 3|switch 6
|
|switch|p2a: Poliwhirl|Poliwhirl, L85|185\/284
|move|p1a: Onix|Earthquake|p2a: Poliwhirl
|-crit|p2a: Poliwhirl
|-damage|p2a: Poliwhirl|4\/284
|
|turn|14
|choice|switch 4|move 2
|
|switch|p1a: Blastoise|Blastoise, L85|225\/308
|move|p2a: Poliwhirl|Hypnosis|p1a: Blastoise|[miss]
|-miss|p2a: Poliwhirl
|
|turn|15
|choice|move 3|move 2
|
|move|p2a: Poliwhirl|Hypnosis|p1a: Blastoise|[miss]
|-miss|p2a: Poliwhirl
|move|p1a: Blastoise|Blizzard|p2a: Poliwhirl|[miss]
|-miss|p1a: Blastoise
|
|turn|16
|choice|move 3|move 2
|
|move|p2a: Poliwhirl|Hypnosis|p1a: Blastoise
|-message|Sleep Clause Mod activated.
|move|p1a: Blastoise|Blizzard|p2a: Poliwhirl
|-resisted|p2a: Poliwhirl
|-damage|p2a: Poliwhirl|0 fnt
|faint|p2a: Poliwhirl
|choice||switch 6
|
|switch|p2a: Jolteon|Jolteon, L79|265\/265
|turn|17
|choice|switch 4|move 3
|
|switch|p1a: Onix|Onix, L90|219\/246
|move|p2a: Jolteon|Thunder Wave|p1a: Onix
|-immune|p1a: Onix|[msg]
|
|turn|18
|choice|move 3|switch 2
|
|switch|p2a: Ditto|Ditto, L99|296\/296
|move|p1a: Onix|Earthquake|p2a: Ditto
|-damage|p2a: Ditto|197\/296
|
|turn|19
|choice|move 3|move 1
|
|move|p1a: Onix|Earthquake|p2a: Ditto
|-crit|p2a: Ditto
|-damage|p2a: Ditto|7\/296
|move|p2a: Ditto|Transform|p1a: Onix
|-transform|p2a: Ditto|p1a: Onix
|
|turn|20
|choice|move 3|move 3
|
|move|p1a: Onix|Earthquake|p2a: Ditto
|-supereffective|p2a: Ditto
|-damage|p2a: Ditto|0 fnt
|faint|p2a: Ditto
|choice||switch 3
|
|switch|p2a: Rhydon|Rhydon, L79|328\/328
|turn|21
|choice|move 3|move 3
|
|move|p1a: Onix|Earthquake|p2a: Rhydon
|-supereffective|p2a: Rhydon
|-damage|p2a: Rhydon|191\/328
|move|p2a: Rhydon|Earthquake|p1a: Onix
|-supereffective|p1a: Onix
|-damage|p1a: Onix|82\/246
|
|turn|22
|choice|switch 4|move 3
|
|switch|p1a: Blastoise|Blastoise, L85|225\/308
|move|p2a: Rhydon|Earthquake|p1a: Blastoise
|-damage|p1a: Blastoise|114\/308
|
|turn|23
|choice|move 3|move 2
|
|move|p1a: Blastoise|Blizzard|p2a: Rhydon
|-supereffective|p2a: Rhydon
|-damage|p2a: Rhydon|0 fnt
|faint|p2a: Rhydon
|choice||switch 2
|
|switch|p2a: Jolteon|Jolteon, L79|265\/265
|turn|24
|choice|switch 4|switch 5
|
|switch|p2a: Snorlax|Snorlax, L79|415\/415
|switch|p1a: Onix|Onix, L90|82\/246
|
|turn|25
|choice|switch 4|move 3
|
|switch|p1a: Blastoise|Blastoise, L85|114\/308
|move|p2a: Snorlax|Blizzard|p1a: Blastoise
|-resisted|p1a: Blastoise
|-damage|p1a: Blastoise|83\/308
|
|turn|26
|choice|move 2|move 4
|
|move|p1a: Blastoise|Mimic|p2a: Snorlax
|-start|p1a: Blastoise|Mimic|Rest
|move|p2a: Snorlax|Thunderbolt|p1a: Blastoise
|-supereffective|p1a: Blastoise
|-damage|p1a: Blastoise|0 fnt
|faint|p1a: Blastoise
|choice|switch 2|
|
|switch|p1a: Zapdos|Zapdos, L79|227\/304
|turn|27
|choice|move 2|move 1
|
|move|p1a: Zapdos|Thunderbolt|p2a: Snorlax
|-damage|p2a: Snorlax|287\/415
|move|p2a: Snorlax|Amnesia|p2a: Snorlax
|-boost|p2a: Snorlax|spd|2
|-boost|p2a: Snorlax|spa|2
|
|turn|28
|choice|move 3|move 3
|
|move|p1a: Zapdos|Drill Peck|p2a: Snorlax
|-damage|p2a: Snorlax|190\/415
|move|p2a: Snorlax|Blizzard|p1a: Zapdos
|-supereffective|p1a: Zapdos
|-damage|p1a: Zapdos|44\/304
|
|turn|29
|choice|move 2|move 4
|
|move|p1a: Zapdos|Thunderbolt|p2a: Snorlax
|-damage|p2a: Snorlax|126\/415
|move|p2a: Snorlax|Thunderbolt|p1a: Zapdos
|-damage|p1a: Zapdos|0 fnt
|faint|p1a: Zapdos
|choice|switch 3|
|
|switch|p1a: Raticate|Raticate, L85|267\/267
|turn|30
|choice|move 4|move 2
|
|move|p1a: Raticate|Hyper Beam|p2a: Snorlax
|-damage|p2a: Snorlax|0 fnt
|faint|p2a: Snorlax
|choice||switch 5
|
|switch|p2a: Jolteon|Jolteon, L79|265\/265
|turn|31
|choice|switch 4|switch 4
|
|switch|p2a: Mewtwo|Mewtwo, L68|285\/285
|switch|p1a: Onix|Onix, L90|82\/246
|
|turn|32
|choice|move 1|move 1
|
|move|p2a: Mewtwo|Psychic|p1a: Onix
|-damage|p1a: Onix|0 fnt
|faint|p1a: Onix
|choice|switch 5|
|
|switch|p1a: Alakazam|Alakazam, L79|249\/249
|turn|33
|choice|move 4|move 1
|
|move|p1a: Alakazam|Thunder Wave|p2a: Mewtwo
|-status|p2a: Mewtwo|par
|move|p2a: Mewtwo|Psychic|p1a: Alakazam
|-resisted|p1a: Alakazam
|-damage|p1a: Alakazam|211\/249
|
|turn|34
|choice|move 1|move 3
|
|move|p1a: Alakazam|Psychic|p2a: Mewtwo
|-resisted|p2a: Mewtwo
|-damage|p2a: Mewtwo|243\/285 par
|-unboost|p2a: Mewtwo|spd|1
|-unboost|p2a: Mewtwo|spa|1
|cant|p2a: Mewtwo|par
|
|turn|35
|choice|move 1|move 3
|
|move|p1a: Alakazam|Psychic|p2a: Mewtwo
|-resisted|p2a: Mewtwo
|-damage|p2a: Mewtwo|174\/285 par
|move|p2a: Mewtwo|Hyper Beam|p1a: Alakazam
|-damage|p1a: Alakazam|99\/249
|
|turn|36
|-mustrecharge|p2a: Mewtwo
|-mustrecharge|p2a: Mewtwo
|choice|move 1|move 1
|
|move|p1a: Alakazam|Psychic|p2a: Mewtwo
|-crit|p2a: Mewtwo
|-resisted|p2a: Mewtwo
|-damage|p2a: Mewtwo|86\/285 par
|-unboost|p2a: Mewtwo|spd|1
|-unboost|p2a: Mewtwo|spa|1
|cant|p2a: Mewtwo|recharge
|
|turn|37
|choice|move 3|move 3
|
|move|p1a: Alakazam|Recover|p1a: Alakazam
|-heal|p1a: Alakazam|223\/249
|move|p2a: Mewtwo|Hyper Beam|p1a: Alakazam
|-damage|p1a: Alakazam|105\/249
|
|turn|38
|-mustrecharge|p2a: Mewtwo
|-mustrecharge|p2a: Mewtwo
|choice|move 3|move 1
|
|move|p1a: Alakazam|Recover|p1a: Alakazam
|-heal|p1a: Alakazam|229\/249
|cant|p2a: Mewtwo|recharge
|
|turn|39
|choice|move 1|switch 4
|
|switch|p2a: Jolteon|Jolteon, L79|265\/265
|move|p1a: Alakazam|Psychic|p2a: Jolteon
|-damage|p2a: Jolteon|173\/265
|
|turn|40
|choice|move 4|move 3
|
|move|p2a: Jolteon|Thunder Wave|p1a: Alakazam
|-status|p1a: Alakazam|par
|cant|p1a: Alakazam|par
|
|turn|41
|choice|move 4|move 1
|
|move|p2a: Jolteon|Thunderbolt|p1a: Alakazam
|-crit|p1a: Alakazam
|-damage|p1a: Alakazam|85\/249 par
|cant|p1a: Alakazam|par
|
|turn|42
|choice|move 4|move 1
|
|move|p2a: Jolteon|Thunderbolt|p1a: Alakazam
|-crit|p1a: Alakazam
|-damage|p1a: Alakazam|0 fnt
|faint|p1a: Alakazam
|choice|switch 6|
|
|switch|p1a: Venomoth|Venomoth, L85|293\/293 slp
|turn|43
|choice|move 1|move 1
|
|move|p2a: Jolteon|Thunderbolt|p1a: Venomoth
|-crit|p1a: Venomoth
|-damage|p1a: Venomoth|94\/293 slp
|cant|p1a: Venomoth|slp
|
|turn|44
|choice|move 1|move 1
|
|move|p2a: Jolteon|Thunderbolt|p1a: Venomoth
|-damage|p1a: Venomoth|0 fnt
|faint|p1a: Venomoth
|choice|switch 4|
|
|switch|p1a: Raticate|Raticate, L85|267\/267
|turn|45
|choice|move 2|move 3
|
|move|p2a: Jolteon|Thunder Wave|p1a: Raticate
|-status|p1a: Raticate|par
|move|p1a: Raticate|Body Slam|p2a: Jolteon
|-crit|p2a: Jolteon
|-damage|p2a: Jolteon|0 fnt
|faint|p2a: Jolteon
|choice||switch 4
|
|switch|p2a: Mewtwo|Mewtwo, L68|86\/285 par
|turn|46
|choice|move 4|move 1
|
|cant|p1a: Raticate|par
|move|p2a: Mewtwo|Psychic|p1a: Raticate
|-damage|p1a: Raticate|137\/267 par
|-unboost|p1a: Raticate|spd|1
|-unboost|p1a: Raticate|spa|1
|
|turn|47
|c|★smilzo|.-,
|c|★smilzo|bg
|choice|move 4|move 1
|
|cant|p2a: Mewtwo|par
|move|p1a: Raticate|Hyper Beam|p2a: Mewtwo|[miss]
|-miss|p1a: Raticate
|
|turn|48
|choice|move 4|move 1
|
|move|p2a: Mewtwo|Psychic|p1a: Raticate
|-damage|p1a: Raticate|0 fnt
|faint|p1a: Raticate
|
|win|ConnorTorres
|player|p1
|player|p2
|raw|smilzo's rating: 1310 &rarr; <strong>1283<\/strong><br \/>(-27 for losing)
|raw|ConnorTorres's rating: 1181 &rarr; <strong>1215<\/strong><br \/>(+34 for winning)
|l|smilzo