|join|riwu
|join|Hi5er
|player|p1|riwu|101
|player|p2|Hi5er|144
|gametype|singles
|gen|1
|tier|[Gen 1] Random Battle
|rated
|seed|17901,59801,18682,63408
|rule|Sleep Clause Mod: Limit one foe put to sleep
|rule|Freeze Clause Mod: Limit one foe frozen
|rule|HP Percentage Mod: HP is shown in percentages
|
|start
|switch|p1a: Pidgey|Pidgey, L96|272\/272
|switch|p2a: Dragonite|Dragonite, L85|328\/328
|turn|1
|choice|switch 6|move 1
|
|switch|p1a: Alakazam|Alakazam, L79|249\/249
|move|p2a: Dragonite|Thunder|p1a: Alakazam|[miss]
|-miss|p2a: Dragonite
|
|turn|2
|choice|move 3|move 3
|
|move|p1a: Alakazam|Thunder Wave|p2a: Dragonite
|-status|p2a: Dragonite|par
|move|p2a: Dragonite|Surf|p1a: Alakazam
|-damage|p1a: Alakazam|193\/249
|
|turn|3
|choice|move 1|move 3
|
|move|p1a: Alakazam|Psychic|p2a: Dragonite
|-damage|p2a: Dragonite|232\/328 par
|cant|p2a: Dragonite|par
|
|turn|4
|choice|move 1|move 4
|
|move|p1a: Alakazam|Psychic|p2a: Dragonite
|-damage|p2a: Dragonite|144\/328 par
|move|p2a: Dragonite|Hyper Beam|p1a: Alakazam
|-damage|p1a: Alakazam|0 fnt
|faint|p1a: Alakazam
|choice|switch 5|
|
|switch|p1a: Blastoise|Blastoise, L85|308\/308
|turn|5
|choice|move 3|switch 4
|
|switch|p2a: Lapras|Lapras, L79|367\/367
|move|p1a: Blastoise|Blizzard|p2a: Lapras
|-resisted|p2a: Lapras
|-damage|p2a: Lapras|346\/367
|
|turn|6
|choice|switch 2|move 2
|
|switch|p1a: Victreebel|Victreebel, L85|310\/310
|move|p2a: Lapras|Body Slam|p1a: Victreebel
|-damage|p1a: Victreebel|249\/310
|
|turn|7
|choice|move 1|switch 4
|
|switch|p2a: Dragonite|Dragonite, L85|144\/328 par
|move|p1a: Victreebel|Razor Leaf|p2a: Dragonite
|-crit|p2a: Dragonite
|-resisted|p2a: Dragonite
|-damage|p2a: Dragonite|116\/328 par
|
|turn|8
|choice|move 4|move 4
|
|move|p1a: Victreebel|Swords Dance|p1a: Victreebel
|-boost|p1a: Victreebel|atk|2
|move|p2a: Dragonite|Hyper Beam|p1a: Victreebel
|-crit|p1a: Victreebel
|-damage|p1a: Victreebel|0 fnt
|faint|p1a: Victreebel
|choice|switch 4|
|
|switch|p1a: Lickitung|Lickitung, L90|345\/345
|turn|9
|choice|move 1|move 3
|
|move|p1a: Lickitung|Hyper Beam|p2a: Dragonite
|-damage|p2a: Dragonite|3\/328 par
|move|p2a: Dragonite|Surf|p1a: Lickitung
|-damage|p1a: Lickitung|263\/345
|
|turn|10
|-mustrecharge|p1a: Lickitung
|-mustrecharge|p1a: Lickitung
|choice|move 1|switch 5
|
|switch|p2a: Machamp|Machamp, L90|345\/345
|cant|p1a: Lickitung|recharge
|
|turn|11
|choice|move 2|move 4
|
|move|p2a: Machamp|Submission|p1a: Lickitung
|-supereffective|p1a: Lickitung
|-damage|p1a: Lickitung|32\/345
|-damage|p2a: Machamp|288\/345|[from] recoil|[of] p1a: Lickitung
|move|p1a: Lickitung|Earthquake|p2a: Machamp
|-damage|p2a: Machamp|232\/345
|
|turn|12
|choice|move 1|move 1
|
|move|p2a: Machamp|Body Slam|p1a: Lickitung
|-damage|p1a: Lickitung|0 fnt
|faint|p1a: Lickitung
|choice|switch 2|
|
|switch|p1a: Blastoise|Blastoise, L85|308\/308
|turn|13
|choice|move 3|switch 4
|
|switch|p2a: Lapras|Lapras, L79|346\/367
|move|p1a: Blastoise|Blizzard|p2a: Lapras
|-crit|p2a: Lapras
|-resisted|p2a: Lapras
|-damage|p2a: Lapras|305\/367
|
|turn|14
|choice|switch 3|move 3
|
|switch|p1a: Muk|Muk, L90|372\/372
|move|p2a: Lapras|Thunderbolt|p1a: Muk
|-damage|p1a: Muk|310\/372
|
|turn|15
|choice|move 2|switch 5
|
|switch|p2a: Dragonite|Dragonite, L85|3\/328 par
|move|p1a: Muk|Body Slam|p2a: Dragonite
|-damage|p2a: Dragonite|0 fnt
|faint|p2a: Dragonite
|choice||switch 2
|
|switch|p2a: Vulpix|Vulpix, L96|268\/268
|turn|16
|choice|switch 3|move 4
|
|switch|p1a: Blastoise|Blastoise, L85|308\/308
|move|p2a: Vulpix|Confuse Ray|p1a: Blastoise
|-start|p1a: Blastoise|confusion
|
|turn|17
|choice|switch 3|move 2
|
|switch|p1a: Muk|Muk, L90|310\/372
|move|p2a: Vulpix|Toxic|p1a: Muk
|
|turn|18
|choice|switch 3|move 1
|
|switch|p1a: Blastoise|Blastoise, L85|308\/308
|move|p2a: Vulpix|Fire Blast|p1a: Blastoise
|-resisted|p1a: Blastoise
|-damage|p1a: Blastoise|238\/308
|
|turn|19
|choice|move 2|move 4
|
|move|p2a: Vulpix|Confuse Ray|p1a: Blastoise
|-start|p1a: Blastoise|confusion
|-activate|p1a: Blastoise|confusion
|move|p1a: Blastoise|Body Slam|p2a: Vulpix
|-damage|p2a: Vulpix|198\/268
|
|turn|20
|choice|move 4|move 1
|
|move|p2a: Vulpix|Fire Blast|p1a: Blastoise
|-resisted|p1a: Blastoise
|-damage|p1a: Blastoise|169\/308
|-activate|p1a: Blastoise|confusion
|-damage|p1a: Blastoise|142\/308|[from] confusion
|
|turn|21
|choice|move 4|move 2
|
|move|p2a: Vulpix|Toxic|p1a: Blastoise
|-status|p1a: Blastoise|tox
|-end|p1a: Blastoise|confusion
|move|p1a: Blastoise|Surf|p2a: Vulpix
|-supereffective|p2a: Vulpix
|-damage|p2a: Vulpix|0 fnt
|faint|p2a: Vulpix
|choice||switch 5
|
|switch|p2a: Lapras|Lapras, L79|305\/367
|turn|22
|choice|switch 3|move 2
|
|switch|p1a: Muk|Muk, L90|310\/372
|move|p2a: Lapras|Body Slam|p1a: Muk
|-damage|p1a: Muk|260\/372
|
|turn|23
|choice|move 2|switch 6
|
|switch|p2a: Omastar|Omastar, L90|309\/309
|move|p1a: Muk|Body Slam|p2a: Omastar
|-resisted|p2a: Omastar
|-damage|p2a: Omastar|282\/309
|-status|p2a: Omastar|par
|
|turn|24
|choice|move 4|move 1
|
|move|p1a: Muk|Mega Drain|p2a: Omastar
|-supereffective|p2a: Omastar
|-damage|p2a: Omastar|192\/309 par
|-heal|p1a: Muk|305\/372|[from] drain|[of] p2a: Omastar
|move|p2a: Omastar|Blizzard|p1a: Muk
|-damage|p1a: Muk|180\/372
|
|turn|25
|choice|move 4|move 3
|
|move|p1a: Muk|Mega Drain|p2a: Omastar
|-supereffective|p2a: Omastar
|-damage|p2a: Omastar|101\/309 par
|-heal|p1a: Muk|225\/372|[from] drain|[of] p2a: Omastar
|cant|p2a: Omastar|par
|
|turn|26
|choice|move 4|move 2
|
|move|p1a: Muk|Mega Drain|p2a: Omastar
|-supereffective|p2a: Omastar
|-damage|p2a: Omastar|21\/309 par
|-heal|p1a: Muk|265\/372|[from] drain|[of] p2a: Omastar
|cant|p2a: Omastar|par
|
|turn|27
|choice|move 4|switch 3
|
|switch|p2a: Victreebel|Victreebel, L85|310\/310
|move|p1a: Muk|Mega Drain|p2a: Victreebel
|-resisted|p2a: Victreebel
|-damage|p2a: Victreebel|305\/310
|-heal|p1a: Muk|267\/372|[from] drain|[of] p2a: Victreebel
|
|turn|28
|choice|switch 3|move 3
|
|switch|p1a: Blastoise|Blastoise, L85|142\/308 tox
|-status|p1a: Blastoise|psn
|-damage|p1a: Blastoise|123\/308 psn|[from] psn
|move|p2a: Victreebel|Sleep Powder|p1a: Blastoise
|-fail|p1a: Blastoise
|
|turn|29
|choice|move 3|switch 6
|
|switch|p2a: Lapras|Lapras, L79|305\/367
|move|p1a: Blastoise|Blizzard|p2a: Lapras
|-resisted|p2a: Lapras
|-damage|p2a: Lapras|285\/367
|-damage|p1a: Blastoise|104\/308 psn|[from] psn|[of] p2a: Lapras
|
|turn|30
|choice|switch 3|move 1
|
|switch|p1a: Muk|Muk, L90|267\/372
|move|p2a: Lapras|Blizzard|p1a: Muk|[miss]
|-miss|p2a: Lapras
|
|turn|31
|choice|move 2|switch 6
|
|switch|p2a: Victreebel|Victreebel, L85|305\/310
|move|p1a: Muk|Body Slam|p2a: Victreebel
|-damage|p2a: Victreebel|216\/310
|
|turn|32
|choice|move 2|move 3
|
|move|p2a: Victreebel|Sleep Powder|p1a: Muk
|-status|p1a: Muk|slp
|cant|p1a: Muk|slp
|
|turn|33
|choice|switch 6|move 2
|
|switch|p1a: Pidgey|Pidgey, L96|272\/272
|move|p2a: Victreebel|Swords Dance|p2a: Victreebel
|-boost|p2a: Victreebel|atk|2
|
|turn|34
|choice|move 3|move 4
|
|move|p2a: Victreebel|Body Slam|p1a: Pidgey
|-damage|p1a: Pidgey|109\/272
|move|p1a: Pidgey|Reflect|p1a: Pidgey
|-start|p1a: Pidgey|Reflect
|
|turn|35
|choice|move 1|move 4
|
|move|p2a: Victreebel|Body Slam|p1a: Pidgey
|-crit|p1a: Pidgey
|-damage|p1a: Pidgey|0 fnt
|faint|p1a: Pidgey
|choice|switch 3|
|
|switch|p1a: Blastoise|Blastoise, L85|104\/308 psn
|turn|36
|choice|move 3|switch 6
|
|switch|p2a: Lapras|Lapras, L79|285\/367
|move|p1a: Blastoise|Blizzard|p2a: Lapras
|-resisted|p2a: Lapras
|-damage|p2a: Lapras|265\/367
|-damage|p1a: Blastoise|85\/308 psn|[from] psn|[of] p2a: Lapras
|
|turn|37
|choice|switch 6|move 3
|
|switch|p1a: Muk|Muk, L90|267\/372 slp
|move|p2a: Lapras|Thunderbolt|p1a: Muk
|-crit|p1a: Muk
|-damage|p1a: Muk|140\/372 slp
|
|turn|38
|choice|move 1|move 1
|
|-curestatus|p1a: Muk|slp
|move|p2a: Lapras|Blizzard|p1a: Muk|[miss]
|-miss|p2a: Lapras
|
|turn|39
|choice|move 2|switch 3
|
|switch|p2a: Omastar|Omastar, L90|21\/309 par
|move|p1a: Muk|Body Slam|p2a: Omastar
|-resisted|p2a: Omastar
|-damage|p2a: Omastar|0 fnt
|faint|p2a: Omastar
|choice||switch 4
|
|switch|p2a: Machamp|Machamp, L90|232\/345
|turn|40
|c|★Hi5er|That muk of yours has been so lucky
|choice|move 2|move 1
|
|move|p2a: Machamp|Body Slam|p1a: Muk
|-damage|p1a: Muk|53\/372
|move|p1a: Muk|Body Slam|p2a: Machamp
|-damage|p2a: Machamp|159\/345
|-status|p2a: Machamp|par
|
|turn|41
|choice|move 3|move 1
|
|move|p1a: Muk|Sludge|p2a: Machamp
|-damage|p2a: Machamp|79\/345 par
|move|p2a: Machamp|Body Slam|p1a: Muk
|-damage|p1a: Muk|0 fnt
|faint|p1a: Muk
|choice|switch 6|
|
|switch|p1a: Blastoise|Blastoise, L85|85\/308 psn
|turn|42
|choice|move 3|move 3
|
|move|p1a: Blastoise|Blizzard|p2a: Machamp
|-damage|p2a: Machamp|0 fnt
|faint|p2a: Machamp
|choice||switch 6
|
|switch|p2a: Victreebel|Victreebel, L85|216\/310
|turn|43
|choice|move 3|move 1
|
|move|p1a: Blastoise|Blizzard|p2a: Victreebel
|-crit|p2a: Victreebel
|-supereffective|p2a: Victreebel
|-damage|p2a: Victreebel|0 fnt
|faint|p2a: Victreebel
|choice||switch 3
|
|switch|p2a: Lapras|Lapras, L79|265\/367
|turn|44
|c|★riwu|10% chance to win
|c|★Hi5er|So much luck haha I should have won ages ago
|choice|move 3|move 3
|
|move|p1a: Blastoise|Blizzard|p2a: Lapras
|-crit|p2a: Lapras
|-resisted|p2a: Lapras
|-damage|p2a: Lapras|226\/367
|-damage|p1a: Blastoise|66\/308 psn|[from] psn|[of] p2a: Lapras
|move|p2a: Lapras|Thunderbolt|p1a: Blastoise
|-supereffective|p1a: Blastoise
|-damage|p1a: Blastoise|0 fnt
|faint|p1a: Blastoise
|
|win|Hi5er
|raw|riwu's rating: 1428 &rarr; <strong>1401<\/strong><br \/>(-27 for losing)
|raw|Hi5er's rating: 1303 &rarr; <strong>1330<\/strong><br \/>(+27 for winning)