|j|Kel9901
|j|Pokermon 1
|player|p1|Kel9901|169
|player|p2|Pokermon 1|184
|gametype|singles
|gen|1
|tier|[Gen 1] Random Battle
|seed|
|rule|Sleep Clause Mod: Limit one foe put to sleep
|rule|Freeze Clause Mod: Limit one foe frozen
|rule|HP Percentage Mod: HP is shown in percentages
|
|start
|switch|p1a: Paras|Paras, L96|100\/100
|switch|p2a: Machop|Machop, L96|100\/100
|turn|1
|c|★Kel9901|lol
|c|★Kel9901|gl hf
|c|★Kel9901|where r u
|choice||
|
|move|p2a: Machop|Mega Kick|p1a: Paras
|-damage|p1a: Paras|57\/100
|move|p1a: Paras|Spore|p2a: Machop
|-status|p2a: Machop|slp
|
|turn|2
|c|★Kel9901|hurry u
|c|★Pokermon 1|phub
|choice||
|
|switch|p2a: Articuno|Articuno, L79|100\/100
|switch|p1a: Charizard|Charizard, L85|100\/100
|
|turn|3
|c|★Kel9901|oh
|c|★Kel9901|noob
|c|★Kel9901|lel
|c|★Kel9901|die
|c|★Kel9901|burn
|choice||
|
|switch|p2a: Starmie|Starmie, L79|100\/100
|move|p1a: Charizard|Fire Blast|p2a: Starmie
|-resisted|p2a: Starmie
|-damage|p2a: Starmie|79\/100
|
|turn|4
|c|★Kel9901|BURN
|c|★Pokermon 1|lel
|choice||
|
|switch|p1a: Mr. Mime|Mr. Mime, L85|100\/100
|move|p2a: Starmie|Thunder Wave|p1a: Mr. Mime
|-status|p1a: Mr. Mime|par
|
|turn|5
|choice||
|
|switch|p2a: Machop|Machop, L96|100\/100 slp
|move|p1a: Mr. Mime|Thunder Wave|p2a: Machop
|-fail|p2a: Machop
|
|turn|6
|choice||
|
|cant|p2a: Machop|slp
|move|p1a: Mr. Mime|Psychic|p2a: Machop
|-supereffective|p2a: Machop
|-damage|p2a: Machop|8\/100 slp
|-unboost|p2a: Machop|spd|1
|-unboost|p2a: Machop|spa|1
|
|turn|7
|choice||
|
|switch|p1a: Charizard|Charizard, L85|100\/100
|-curestatus|p2a: Machop|slp
|
|turn|8
|choice||
|
|move|p1a: Charizard|Body Slam|p2a: Machop
|-damage|p2a: Machop|0 fnt
|faint|p2a: Machop
|choice||
|
|switch|p2a: Starmie|Starmie, L79|79\/100
|turn|9
|c|★Kel9901|poo
|choice||
|
|move|p2a: Starmie|Thunderbolt|p1a: Charizard
|-supereffective|p1a: Charizard
|-damage|p1a: Charizard|60\/100
|-status|p1a: Charizard|par
|move|p1a: Charizard|Body Slam|p2a: Starmie
|-crit|p2a: Starmie
|-damage|p2a: Starmie|30\/100
|
|turn|10
|choice||
|
|move|p2a: Starmie|Recover|p2a: Starmie
|-heal|p2a: Starmie|79\/100
|move|p1a: Charizard|Body Slam|p2a: Starmie
|-crit|p2a: Starmie
|-damage|p2a: Starmie|30\/100
|
|turn|11
|choice||
|
|move|p2a: Starmie|Recover|p2a: Starmie
|-heal|p2a: Starmie|80\/100
|cant|p1a: Charizard|par
|
|turn|12
|choice||
|
|switch|p1a: Mr. Mime|Mr. Mime, L85|100\/100 par
|move|p2a: Starmie|Thunderbolt|p1a: Mr. Mime
|-damage|p1a: Mr. Mime|76\/100 par
|
|turn|13
|choice||
|
|move|p2a: Starmie|Blizzard|p1a: Mr. Mime
|-crit|p1a: Mr. Mime
|-damage|p1a: Mr. Mime|25\/100 par
|move|p1a: Mr. Mime|Thunder Wave|p2a: Starmie
|-status|p2a: Starmie|par
|
|turn|14
|choice||
|
|move|p2a: Starmie|Thunderbolt|p1a: Mr. Mime
|-crit|p1a: Mr. Mime
|-damage|p1a: Mr. Mime|0 fnt
|faint|p1a: Mr. Mime
|choice||
|
|switch|p1a: Clefable|Clefable, L85|100\/100
|turn|15
|c|★Pokermon 1|i have skill
|choice||
|
|move|p1a: Clefable|Thunderbolt|p2a: Starmie
|-supereffective|p2a: Starmie
|-damage|p2a: Starmie|31\/100 par
|move|p2a: Starmie|Thunder Wave|p1a: Clefable
|-status|p1a: Clefable|par
|
|turn|16
|choice||
|
|move|p2a: Starmie|Blizzard|p1a: Clefable|[miss]
|-miss|p2a: Starmie
|move|p1a: Clefable|Thunderbolt|p2a: Starmie
|-supereffective|p2a: Starmie
|-damage|p2a: Starmie|0 fnt
|faint|p2a: Starmie
|choice||
|
|switch|p2a: Raticate|Raticate, L85|100\/100
|turn|17
|choice||
|
|move|p2a: Raticate|Super Fang|p1a: Clefable
|-damage|p1a: Clefable|51\/100 par
|cant|p1a: Clefable|par
|
|turn|18
|choice||
|
|move|p2a: Raticate|Body Slam|p1a: Clefable
|-damage|p1a: Clefable|23\/100 par
|move|p1a: Clefable|Counter|p2a: Raticate
|-damage|p2a: Raticate|30\/100
|
|turn|19
|choice||
|
|move|p2a: Raticate|Hyper Beam|p1a: Clefable
|-damage|p1a: Clefable|0 fnt
|faint|p1a: Clefable
|choice||
|
|switch|p1a: Hitmonlee|Hitmonlee, L90|100\/100
|turn|20
|choice||
|
|move|p2a: Raticate|Hyper Beam|p1a: Hitmonlee
|-damage|p1a: Hitmonlee|34\/100
|move|p1a: Hitmonlee|High Jump Kick|p2a: Raticate
|-supereffective|p2a: Raticate
|-damage|p2a: Raticate|0 fnt
|faint|p2a: Raticate
|c|★Kel9901|k
|choice||
|
|switch|p2a: Articuno|Articuno, L79|100\/100
|turn|21
|choice||
|
|move|p1a: Hitmonlee|High Jump Kick|p2a: Articuno|[miss]
|-miss|p1a: Hitmonlee
|-damage|p1a: Hitmonlee|33\/100
|move|p2a: Articuno|Reflect|p2a: Articuno
|-start|p2a: Articuno|Reflect
|
|turn|22
|c|★Pokermon 1|nice
|choice||
|
|move|p1a: Hitmonlee|High Jump Kick|p2a: Articuno
|-damage|p2a: Articuno|82\/100
|move|p2a: Articuno|Ice Beam|p1a: Hitmonlee
|-damage|p1a: Hitmonlee|0 fnt
|faint|p1a: Hitmonlee
|choice||
|
|switch|p1a: Charizard|Charizard, L85|60\/100 par
|turn|23
|choice||
|
|move|p2a: Articuno|Ice Beam|p1a: Charizard
|-supereffective|p1a: Charizard
|-damage|p1a: Charizard|0 fnt
|faint|p1a: Charizard
|choice||
|
|switch|p1a: Nidoqueen|Nidoqueen, L85|100\/100
|turn|24
|choice||
|
|move|p1a: Nidoqueen|Thunder|p2a: Articuno
|-crit|p2a: Articuno
|-supereffective|p2a: Articuno
|-damage|p2a: Articuno|1\/100
|move|p2a: Articuno|Ice Beam|p1a: Nidoqueen
|-supereffective|p1a: Nidoqueen
|-damage|p1a: Nidoqueen|26\/100
|
|turn|25
|c|★Kel9901|k
|choice||
|
|move|p1a: Nidoqueen|Body Slam|p2a: Articuno
|-damage|p2a: Articuno|0 fnt
|faint|p2a: Articuno
|choice||
|
|switch|p2a: Sandslash|Sandslash, L85|100\/100
|turn|26
|c|★Pokermon 1|gg
|choice||
|
|move|p1a: Nidoqueen|Blizzard|p2a: Sandslash
|-supereffective|p2a: Sandslash
|-damage|p2a: Sandslash|33\/100
|move|p2a: Sandslash|Earthquake|p1a: Nidoqueen
|-supereffective|p1a: Nidoqueen
|-damage|p1a: Nidoqueen|0 fnt
|faint|p1a: Nidoqueen
|choice||
|
|switch|p1a: Paras|Paras, L96|57\/100
|turn|27
|choice||
|
|move|p2a: Sandslash|Rock Slide|p1a: Paras|[miss]
|-miss|p2a: Sandslash
|move|p1a: Paras|Mega Drain|p2a: Sandslash
|-supereffective|p2a: Sandslash
|-damage|p2a: Sandslash|0 fnt
|-heal|p1a: Paras|76\/100|[from] drain|[of] p2a: Sandslash
|faint|p2a: Sandslash
|choice||
|
|switch|p2a: Magmar|Magmar, L90|100\/100
|turn|28
|c|★Kel9901|cmon paras
|c|★Kel9901|u can do it!!!!
|choice||
|
|move|p2a: Magmar|Confuse Ray|p1a: Paras
|-start|p1a: Paras|confusion
|-activate|p1a: Paras|confusion
|-damage|p1a: Paras|61\/100|[from] confusion
|
|turn|29
|choice||
|
|move|p2a: Magmar|Hyper Beam|p1a: Paras
|-damage|p1a: Paras|12\/100
|-end|p1a: Paras|confusion
|move|p1a: Paras|Spore|p2a: Magmar
|-status|p2a: Magmar|slp
|
|turn|30
|-mustrecharge|p2a: Magmar
|-mustrecharge|p2a: Magmar
|choice||
|
|cant|p2a: Magmar|recharge
|move|p1a: Paras|Slash|p2a: Magmar
|-damage|p2a: Magmar|79\/100 slp
|
|turn|31
|choice||
|
|cant|p2a: Magmar|slp
|move|p1a: Paras|Slash|p2a: Magmar
|-crit|p2a: Magmar
|-damage|p2a: Magmar|40\/100 slp
|
|turn|32
|c|★Kel9901|lol if i win i will laugh so loud
|choice||
|
|cant|p2a: Magmar|slp
|move|p1a: Paras|Slash|p2a: Magmar
|-damage|p2a: Magmar|19\/100 slp
|
|turn|33
|c|★Kel9901|gg
|c|★Pokermon 1|fuck u
|c|★Kel9901|LOL
|choice||
|
|cant|p2a: Magmar|slp
|move|p1a: Paras|Body Slam|p2a: Magmar
|-damage|p2a: Magmar|0 fnt
|faint|p2a: Magmar
|
|win|Kel9901
|player|p1
|player|p2
|c|★Kel9901|LOL
|c|★Kel9901|l
|c|★Kel9901|lol
|c|★Kel9901|lol
|c|★Kel9901|lol
|c|★Kel9901|lol
|c|★Kel9901|lol
|c|★Kel9901|lol
|l|Pokermon 1
|c|★Kel9901|lol
|c|★Kel9901|lol