|j|RocketSC
|j|Tsavoren
|player|p1|RocketSC|210
|player|p2|Tsavoren|160
|gametype|singles
|gen|1
|tier|[Gen 1] OU
|seed|
|rule|Sleep Clause Mod: Limit one foe put to sleep
|rule|Freeze Clause Mod: Limit one foe frozen
|rule|Species Clause: Limit one of each Pokémon
|rule|OHKO Clause: OHKO moves are banned
|rule|Evasion Moves Clause: Evasion moves are banned
|rule|HP Percentage Mod: HP is shown in percentages
|
|start
|switch|p1a: Jolteon|Jolteon|100\/100
|switch|p2a: Alakazam|Alakazam|100\/100
|turn|1
|choice||
|
|switch|p2a: Rhydon|Rhydon|100\/100
|move|p1a: Jolteon|Thunder Wave|p2a: Rhydon
|-immune|p2a: Rhydon|[msg]
|
|turn|2
|choice||
|
|move|p1a: Jolteon|Reflect|p1a: Jolteon
|-start|p1a: Jolteon|Reflect
|move|p2a: Rhydon|Earthquake|p1a: Jolteon
|-supereffective|p1a: Jolteon
|-damage|p1a: Jolteon|43\/100
|
|turn|3
|choice||
|
|move|p1a: Jolteon|Pin Missile|p2a: Rhydon
|-damage|p2a: Rhydon|99\/100
|-damage|p2a: Rhydon|97\/100
|-damage|p2a: Rhydon|95\/100
|-damage|p2a: Rhydon|93\/100
|-hitcount|p2a: Rhydon|4
|move|p2a: Rhydon|Earthquake|p1a: Jolteon
|-supereffective|p1a: Jolteon
|-damage|p1a: Jolteon|0 fnt
|faint|p1a: Jolteon
|choice||
|
|switch|p1a: Rhydon|Rhydon|100\/100
|turn|4
|choice||
|
|switch|p2a: Lapras|Lapras|100\/100
|move|p1a: Rhydon|Earthquake|p2a: Lapras
|-damage|p2a: Lapras|65\/100
|
|turn|5
|choice||
|
|move|p2a: Lapras|Hydro Pump|p1a: Rhydon
|-supereffective|p1a: Rhydon
|-damage|p1a: Rhydon|0 fnt
|faint|p1a: Rhydon
|choice||
|
|switch|p1a: Slowbro|Slowbro|100\/100
|turn|6
|j|Tokagero
|choice||
|
|move|p2a: Lapras|Thunderbolt|p1a: Slowbro
|-supereffective|p1a: Slowbro
|-damage|p1a: Slowbro|58\/100
|move|p1a: Slowbro|Thunder Wave|p2a: Lapras
|-status|p2a: Lapras|par
|
|turn|7
|choice||
|
|move|p1a: Slowbro|Amnesia|p1a: Slowbro
|-boost|p1a: Slowbro|spd|2
|-boost|p1a: Slowbro|spa|2
|move|p2a: Lapras|Thunderbolt|p1a: Slowbro
|-crit|p1a: Slowbro
|-supereffective|p1a: Slowbro
|-damage|p1a: Slowbro|0 fnt
|faint|p1a: Slowbro
|c| Tokagero|hax lvl 1 gena
|choice||
|
|switch|p1a: Alakazam|Alakazam|100\/100
|turn|8
|c|★Tsavoren|weź se zapisuj moje pokemony
|choice||
|
|move|p1a: Alakazam|Reflect|p1a: Alakazam
|-start|p1a: Alakazam|Reflect
|move|p2a: Lapras|Hydro Pump|p1a: Alakazam|[miss]
|-miss|p2a: Lapras
|
|turn|9
|c| Tokagero|po co?
|choice||
|
|move|p1a: Alakazam|Psychic|p2a: Lapras
|-damage|p2a: Lapras|37\/100 par
|-unboost|p2a: Lapras|spd|1
|-unboost|p2a: Lapras|spa|1
|cant|p2a: Lapras|par
|
|turn|10
|c|★Tsavoren|nie ty
|choice||
|
|move|p1a: Alakazam|Psychic|p2a: Lapras
|-damage|p2a: Lapras|0 fnt
|faint|p2a: Lapras
|choice||
|
|switch|p2a: Gengar|Gengar|100\/100
|turn|11
|choice||
|
|move|p1a: Alakazam|Psychic|p2a: Gengar
|-crit|p2a: Gengar
|-supereffective|p2a: Gengar
|-damage|p2a: Gengar|0 fnt
|faint|p2a: Gengar
|choice||
|
|switch|p2a: Alakazam|Alakazam|100\/100
|turn|12
|choice||
|
|move|p1a: Alakazam|Thunder Wave|p2a: Alakazam
|-status|p2a: Alakazam|par
|move|p2a: Alakazam|Thunder Wave|p1a: Alakazam
|-status|p1a: Alakazam|par
|
|turn|13
|choice||
|
|move|p1a: Alakazam|Psychic|p2a: Alakazam
|-resisted|p2a: Alakazam
|-damage|p2a: Alakazam|85\/100 par
|move|p2a: Alakazam|Seismic Toss|p1a: Alakazam
|-damage|p1a: Alakazam|69\/100 par
|
|turn|14
|choice||
|
|move|p2a: Alakazam|Seismic Toss|p1a: Alakazam
|-damage|p1a: Alakazam|37\/100 par
|move|p1a: Alakazam|Psychic|p2a: Alakazam
|-resisted|p2a: Alakazam
|-damage|p2a: Alakazam|68\/100 par
|
|turn|15
|choice||
|
|move|p1a: Alakazam|Recover|p1a: Alakazam
|-heal|p1a: Alakazam|86\/100 par
|move|p2a: Alakazam|Seismic Toss|p1a: Alakazam
|-damage|p1a: Alakazam|54\/100 par
|
|turn|16
|choice||
|
|switch|p1a: Snorlax|Snorlax|100\/100
|cant|p2a: Alakazam|par
|
|turn|17
|choice||
|
|move|p1a: Snorlax|Amnesia|p1a: Snorlax
|-boost|p1a: Snorlax|spd|2
|-boost|p1a: Snorlax|spa|2
|move|p2a: Alakazam|Psychic|p1a: Snorlax
|-crit|p1a: Snorlax
|-damage|p1a: Snorlax|37\/100
|
|turn|18
|choice||
|
|move|p1a: Snorlax|Body Slam|p2a: Alakazam
|-damage|p2a: Alakazam|12\/100 par
|move|p2a: Alakazam|Seismic Toss|p1a: Snorlax
|-damage|p1a: Snorlax|18\/100
|
|turn|19
|choice||
|
|move|p1a: Snorlax|Rest|p1a: Snorlax
|-status|p1a: Snorlax|slp
|-heal|p1a: Snorlax|100\/100 slp|[silent]
|-status|p1a: Snorlax|slp|[from] move: Rest
|cant|p2a: Alakazam|par
|
|turn|20
|choice||
|
|switch|p2a: Snorlax|Snorlax|100\/100
|cant|p1a: Snorlax|slp
|
|turn|21
|choice||
|
|-curestatus|p1a: Snorlax|slp
|move|p2a: Snorlax|Self-Destruct|p1a: Snorlax
|-damage|p1a: Snorlax|25\/100
|faint|p2a: Snorlax
|choice||
|
|switch|p2a: Tauros|Tauros|100\/100
|turn|22
|choice||
|
|move|p2a: Tauros|Hyper Beam|p1a: Snorlax|[miss]
|-miss|p2a: Tauros
|move|p1a: Snorlax|Body Slam|p2a: Tauros
|-damage|p2a: Tauros|67\/100
|
|turn|23
|choice||
|
|move|p2a: Tauros|Hyper Beam|p1a: Snorlax
|-damage|p1a: Snorlax|0 fnt
|faint|p1a: Snorlax
|choice||
|
|switch|p1a: Tauros|Tauros|100\/100
|turn|24
|choice||
|
|switch|p2a: Alakazam|Alakazam|12\/100 par
|move|p1a: Tauros|Body Slam|p2a: Alakazam
|-damage|p2a: Alakazam|0 fnt
|faint|p2a: Alakazam
|choice||
|
|switch|p2a: Rhydon|Rhydon|93\/100
|turn|25
|choice||
|
|move|p1a: Tauros|Blizzard|p2a: Rhydon
|-supereffective|p2a: Rhydon
|-damage|p2a: Rhydon|36\/100
|move|p2a: Rhydon|Earthquake|p1a: Tauros
|-damage|p1a: Tauros|57\/100
|
|turn|26
|choice||
|
|move|p1a: Tauros|Blizzard|p2a: Rhydon
|-supereffective|p2a: Rhydon
|-damage|p2a: Rhydon|0 fnt
|faint|p2a: Rhydon
|choice||
|
|switch|p2a: Tauros|Tauros|67\/100
|turn|27
|choice||
|
|move|p1a: Tauros|Body Slam|p2a: Tauros
|-damage|p2a: Tauros|40\/100
|move|p2a: Tauros|Hyper Beam|p1a: Tauros
|-crit|p1a: Tauros
|-damage|p1a: Tauros|0 fnt
|faint|p1a: Tauros
|choice||
|
|switch|p1a: Alakazam|Alakazam|54\/100 par
|turn|28
|choice||
|
|move|p2a: Tauros|Hyper Beam|p1a: Alakazam
|-damage|p1a: Alakazam|0 fnt
|faint|p1a: Alakazam
|
|win|Tsavoren
|player|p1
|player|p2
|c|★RocketSC|gg