|j|arafalo2
|j|MALESANI
|player|p1|arafalo2|265
|player|p2|MALESANI|238
|gametype|singles
|gen|1
|tier|[Gen 1] Random Battle
|rated
|seed|2181,15698,51092,19062
|rule|Sleep Clause Mod: Limit one foe put to sleep
|rule|Freeze Clause Mod: Limit one foe frozen
|rule|HP Percentage Mod: HP is shown in percentages
|
|start
|switch|p1a: Dragonite|Dragonite, L85|328\/328
|switch|p2a: Machamp|Machamp, L90|345\/345
|turn|1
|choice|switch 5|move 1
|
|switch|p1a: Nidorino|Nidorino, L90|293\/293
|move|p2a: Machamp|Rock Slide|p1a: Nidorino
|-damage|p1a: Nidorino|208\/293
|
|turn|2
|choice|move 3|switch 4
|
|switch|p2a: Wartortle|Wartortle, L85|274\/274
|move|p1a: Nidorino|Thunderbolt|p2a: Wartortle
|-supereffective|p2a: Wartortle
|-damage|p2a: Wartortle|132\/274
|
|turn|3
|choice|move 3|move 3
|
|move|p1a: Nidorino|Thunderbolt|p2a: Wartortle
|-supereffective|p2a: Wartortle
|-damage|p2a: Wartortle|0 fnt
|faint|p2a: Wartortle
|choice||switch 5
|
|switch|p2a: Alakazam|Alakazam, L79|249\/249
|turn|4
|choice|move 3|move 1
|
|move|p2a: Alakazam|Psychic|p1a: Nidorino
|-supereffective|p1a: Nidorino
|-damage|p1a: Nidorino|0 fnt
|faint|p1a: Nidorino
|choice|switch 2|
|
|switch|p1a: Clefairy|Clefairy, L95|326\/326
|turn|5
|choice|move 1|switch 4
|
|switch|p2a: Machamp|Machamp, L90|345\/345
|move|p1a: Clefairy|Sing|p2a: Machamp|[miss]
|-miss|p1a: Clefairy
|
|turn|6
|choice|move 1|move 2
|
|move|p2a: Machamp|Submission|p1a: Clefairy
|-supereffective|p1a: Clefairy
|-damage|p1a: Clefairy|10\/326
|-damage|p2a: Machamp|266\/345|[from] recoil|[of] p1a: Clefairy
|move|p1a: Clefairy|Sing|p2a: Machamp|[miss]
|-miss|p1a: Clefairy
|
|turn|7
|choice|move 3|move 4
|
|move|p2a: Machamp|Body Slam|p1a: Clefairy
|-damage|p1a: Clefairy|0 fnt
|faint|p1a: Clefairy
|choice|switch 3|
|
|switch|p1a: Sandshrew|Sandshrew, L96|291\/291
|turn|8
|choice|move 1|move 2
|
|move|p2a: Machamp|Submission|p1a: Sandshrew|[miss]
|-miss|p2a: Machamp
|move|p1a: Sandshrew|Earthquake|p2a: Machamp
|-damage|p2a: Machamp|156\/345
|
|turn|9
|choice|move 1|move 2
|
|move|p2a: Machamp|Submission|p1a: Sandshrew
|-damage|p1a: Sandshrew|190\/291
|-damage|p2a: Machamp|131\/345|[from] recoil|[of] p1a: Sandshrew
|move|p1a: Sandshrew|Earthquake|p2a: Machamp
|-damage|p2a: Machamp|24\/345
|
|turn|10
|choice|switch 5|move 4
|
|switch|p1a: Dragonite|Dragonite, L85|328\/328
|move|p2a: Machamp|Body Slam|p1a: Dragonite
|-damage|p1a: Dragonite|243\/328
|
|turn|11
|choice|move 1|move 1
|
|move|p1a: Dragonite|Ice Beam|p2a: Machamp
|-damage|p2a: Machamp|0 fnt
|faint|p2a: Machamp
|choice||switch 4
|
|switch|p2a: Alakazam|Alakazam, L79|249\/249
|turn|12
|choice|move 2|move 1
|
|move|p2a: Alakazam|Psychic|p1a: Dragonite
|-damage|p1a: Dragonite|146\/328
|-unboost|p1a: Dragonite|spd|1
|-unboost|p1a: Dragonite|spa|1
|move|p1a: Dragonite|Thunder Wave|p2a: Alakazam
|-status|p2a: Alakazam|par
|
|turn|13
|choice|switch 5|move 4
|
|switch|p1a: Sandshrew|Sandshrew, L96|190\/291
|move|p2a: Alakazam|Thunder Wave|p1a: Sandshrew
|-immune|p1a: Sandshrew|[msg]
|
|turn|14
|choice|move 1|switch 2
|
|switch|p2a: Charizard|Charizard, L85|306\/306
|move|p1a: Sandshrew|Earthquake|p2a: Charizard
|-immune|p2a: Charizard|[msg]
|
|turn|15
|choice|move 4|move 1
|
|move|p2a: Charizard|Fire Blast|p1a: Sandshrew
|-damage|p1a: Sandshrew|2\/291
|-status|p1a: Sandshrew|brn
|move|p1a: Sandshrew|Rock Slide|p2a: Charizard
|-supereffective|p2a: Charizard
|-damage|p2a: Charizard|186\/306
|-damage|p1a: Sandshrew|0 fnt|[from] brn|[of] p2a: Charizard
|faint|p1a: Sandshrew
|choice|switch 4|
|
|switch|p1a: Cloyster|Cloyster, L83|253\/253
|turn|16
|choice|move 2|move 1
|
|move|p2a: Charizard|Fire Blast|p1a: Cloyster
|-crit|p1a: Cloyster
|-damage|p1a: Cloyster|25\/253
|-status|p1a: Cloyster|brn
|move|p1a: Cloyster|Surf|p2a: Charizard
|-supereffective|p2a: Charizard
|-damage|p2a: Charizard|4\/306
|-damage|p1a: Cloyster|10\/253 brn|[from] brn|[of] p2a: Charizard
|
|turn|17
|choice|move 2|move 3
|
|move|p2a: Charizard|Earthquake|p1a: Cloyster
|-damage|p1a: Cloyster|0 fnt
|faint|p1a: Cloyster
|choice|switch 5|
|
|switch|p1a: Dragonite|Dragonite, L85|146\/328
|turn|18
|choice|move 1|move 2
|
|move|p2a: Charizard|Hyper Beam|p1a: Dragonite
|-damage|p1a: Dragonite|49\/328
|move|p1a: Dragonite|Ice Beam|p2a: Charizard
|-supereffective|p2a: Charizard
|-damage|p2a: Charizard|0 fnt
|faint|p2a: Charizard
|choice||switch 2
|
|switch|p2a: Alakazam|Alakazam, L79|249\/249 par
|turn|19
|choice|move 3|move 1
|
|move|p1a: Dragonite|Hyper Beam|p2a: Alakazam|[miss]
|-miss|p1a: Dragonite
|move|p2a: Alakazam|Psychic|p1a: Dragonite
|-damage|p1a: Dragonite|0 fnt
|faint|p1a: Dragonite
|choice|switch 6|
|
|switch|p1a: Tauros|Tauros, L79|280\/280
|turn|20
|choice|move 3|move 4
|
|move|p1a: Tauros|Body Slam|p2a: Alakazam
|-crit|p2a: Alakazam
|-damage|p2a: Alakazam|5\/249 par
|move|p2a: Alakazam|Thunder Wave|p1a: Tauros
|-status|p1a: Tauros|par
|
|turn|21
|choice|move 3|move 1
|
|move|p2a: Alakazam|Psychic|p1a: Tauros
|-damage|p1a: Tauros|162\/280 par
|-unboost|p1a: Tauros|spd|1
|-unboost|p1a: Tauros|spa|1
|move|p1a: Tauros|Body Slam|p2a: Alakazam
|-damage|p2a: Alakazam|0 fnt
|faint|p2a: Alakazam
|choice||switch 6
|
|switch|p2a: Onix|Onix, L90|246\/246
|turn|22
|choice|move 4|move 1
|
|move|p2a: Onix|Explosion|p1a: Tauros
|-crit|p1a: Tauros
|-damage|p1a: Tauros|0 fnt
|faint|p1a: Tauros
|faint|p2a: Onix
|
|win|MALESANI
|player|p1
|player|p2
|l|arafalo2
|raw|arafalo2's rating: 1299 &rarr; <strong>1279<\/strong><br \/>(-20 for losing)
|raw|MALESANI's rating: 1358 &rarr; <strong>1375<\/strong><br \/>(+17 for winning)