|join|AjaxWashington
|join|jb champ
|player|p1|AjaxWashington|101
|player|p2|jb champ|150
|gametype|singles
|gen|1
|tier|[Gen 1] OU (beta)
|rated
|rule|Sleep Clause Mod: Limit one foe put to sleep
|rule|Species Clause: Limit one of each Pokemon
|rule|OHKO Clause: OHKO moves are banned
|rule|Moody Clause: Moody is banned
|rule|Evasion Moves Clause: Evasion moves are banned
|rule|Endless Battle Clause: Forcing endless battles is banned.
|rule|HP Percentage Mod: HP is reported as percentages
|
|start
|switch|p1a: Gengar|Gengar|323\/323
|switch|p2a: Gengar|Gengar|323\/323
|turn|1
|
|move|p1a: Gengar|Hypnosis|p2a: Gengar
|-status|p2a: Gengar|slp
|cant|p2a: Gengar|slp
|
|turn|2
|
|switch|p1a: Alakazam|Alakazam|313\/313
|switch|p2a: Alakazam|Alakazam|313\/313
|
|turn|3
|
|switch|p2a: Slowbro|Slowbro|393\/393
|move|p1a: Alakazam|Thunder Wave|p2a: Slowbro
|-status|p2a: Slowbro|par
|
|turn|4
|
|switch|p1a: Chansey|Chansey|703\/703
|move|p2a: Slowbro|Thunder Wave|p1a: Chansey
|-status|p1a: Chansey|par
|
|turn|5
|
|move|p1a: Chansey|Thunderbolt|p2a: Slowbro
|-supereffective|p2a: Slowbro
|-damage|p2a: Slowbro|217\/393 par
|cant|p2a: Slowbro|par
|
|turn|6
|
|move|p1a: Chansey|Thunderbolt|p2a: Slowbro
|-supereffective|p2a: Slowbro
|-damage|p2a: Slowbro|35\/393 par
|move|p2a: Slowbro|Rest|p2a: Slowbro
|-status|p2a: Slowbro|slp
|-heal|p2a: Slowbro|393\/393 slp|[silent]
|-status|p2a: Slowbro|slp|[from] move: Rest
|
|turn|7
|
|move|p1a: Chansey|Thunderbolt|p2a: Slowbro
|-supereffective|p2a: Slowbro
|-damage|p2a: Slowbro|227\/393 slp
|cant|p2a: Slowbro|slp
|
|turn|8
|
|move|p1a: Chansey|Thunderbolt|p2a: Slowbro
|-supereffective|p2a: Slowbro
|-damage|p2a: Slowbro|43\/393 slp
|cant|p2a: Slowbro|slp
|-curestatus|p2a: Slowbro|slp
|
|turn|9
|
|switch|p2a: Golem|Golem|363\/363
|move|p1a: Chansey|Thunderbolt|p2a: Golem
|-immune|p2a: Golem|[msg]
|
|turn|10
|
|move|p2a: Golem|Earthquake|p1a: Chansey
|-damage|p1a: Chansey|375\/703 par
|move|p1a: Chansey|Ice Beam|p2a: Golem
|-supereffective|p2a: Golem
|-damage|p2a: Golem|157\/363
|
|turn|11
|
|move|p2a: Golem|Earthquake|p1a: Chansey
|-crit|p1a: Chansey
|-damage|p1a: Chansey|0 fnt
|faint|p1a: Chansey
|
|
|switch|p1a: Tauros|Tauros|353\/353
|turn|12
|
|switch|p2a: Chansey|Chansey|703\/703
|move|p1a: Tauros|Blizzard|p2a: Chansey
|-damage|p2a: Chansey|628\/703
|
|turn|13
|
|switch|p1a: Snorlax|Snorlax|523\/523
|move|p2a: Chansey|Thunder Wave|p1a: Snorlax
|-status|p1a: Snorlax|par
|
|turn|14
|
|move|p2a: Chansey|Blizzard|p1a: Snorlax
|-damage|p1a: Snorlax|397\/523 par
|move|p1a: Snorlax|Earthquake|p2a: Chansey
|-crit|p2a: Chansey
|-damage|p2a: Chansey|145\/703
|
|turn|15
|
|move|p2a: Chansey|Soft-Boiled|p2a: Chansey
|-heal|p2a: Chansey|496\/703
|cant|p1a: Snorlax|par
|
|turn|16
|
|move|p2a: Chansey|Soft-Boiled|p2a: Chansey
|-heal|p2a: Chansey|703\/703
|move|p1a: Snorlax|Body Slam|p2a: Chansey
|-damage|p2a: Chansey|395\/703
|-status|p2a: Chansey|par
|
|turn|17
|
|move|p2a: Chansey|Blizzard|p1a: Snorlax
|-damage|p1a: Snorlax|273\/523 par
|move|p1a: Snorlax|Body Slam|p2a: Chansey
|-damage|p2a: Chansey|84\/703 par
|
|turn|18
|
|move|p2a: Chansey|Soft-Boiled|p2a: Chansey
|-heal|p2a: Chansey|435\/703 par
|move|p1a: Snorlax|Body Slam|p2a: Chansey
|-damage|p2a: Chansey|130\/703 par
|
|turn|19
|
|switch|p2a: Golem|Golem|157\/363
|move|p1a: Snorlax|Body Slam|p2a: Golem
|-crit|p2a: Golem
|-resisted|p2a: Golem
|-damage|p2a: Golem|66\/363
|
|turn|20
|
|switch|p1a: Exeggutor|Exeggutor|393\/393
|move|p2a: Golem|Earthquake|p1a: Exeggutor
|-resisted|p1a: Exeggutor
|-damage|p1a: Exeggutor|324\/393
|
|turn|21
|
|switch|p2a: Alakazam|Alakazam|313\/313
|move|p1a: Exeggutor|Psychic|p2a: Alakazam
|-resisted|p2a: Alakazam
|-damage|p2a: Alakazam|266\/313
|-unboost|p2a: Alakazam|spd|1
|-unboost|p2a: Alakazam|spa|1
|
|turn|22
|
|move|p2a: Alakazam|Thunder Wave|p1a: Exeggutor
|-status|p1a: Exeggutor|par
|move|p1a: Exeggutor|Psychic|p2a: Alakazam
|-resisted|p2a: Alakazam
|-damage|p2a: Alakazam|197\/313
|
|turn|23
|
|switch|p1a: Snorlax|Snorlax|273\/523 par
|move|p2a: Alakazam|Seismic Toss|p1a: Snorlax
|-damage|p1a: Snorlax|173\/523 par
|
|turn|24
|
|switch|p2a: Golem|Golem|66\/363
|move|p1a: Snorlax|Self-Destruct|p2a: Golem
|-resisted|p2a: Golem
|-damage|p2a: Golem|0 fnt
|faint|p2a: Golem
|faint|p1a: Snorlax
|
|switch|p2a: Alakazam|Alakazam|197\/313
|switch|p1a: Tauros|Tauros|353\/353
|turn|25
|
|move|p2a: Alakazam|Seismic Toss|p1a: Tauros
|-damage|p1a: Tauros|253\/353
|move|p1a: Tauros|Hyper Beam|p2a: Alakazam|[miss]
|-miss|p1a: Tauros
|
|turn|26
|
|move|p2a: Alakazam|Thunder Wave|p1a: Tauros
|-status|p1a: Tauros|par
|cant|p1a: Tauros|par
|
|turn|27
|
|switch|p2a: Chansey|Chansey|130\/703 par
|move|p1a: Tauros|Body Slam|p2a: Chansey
|-damage|p2a: Chansey|0 fnt
|faint|p2a: Chansey
|
|
|switch|p2a: Slowbro|Slowbro|43\/393
|turn|28
|
|move|p2a: Slowbro|Rest|p2a: Slowbro
|-status|p2a: Slowbro|slp
|-heal|p2a: Slowbro|393\/393 slp|[silent]
|-status|p2a: Slowbro|slp|[from] move: Rest
|move|p1a: Tauros|Body Slam|p2a: Slowbro
|-damage|p2a: Slowbro|294\/393 slp
|
|turn|29
|
|cant|p2a: Slowbro|slp
|move|p1a: Tauros|Body Slam|p2a: Slowbro
|-damage|p2a: Slowbro|200\/393 slp
|
|turn|30
|
|cant|p2a: Slowbro|slp
|-curestatus|p2a: Slowbro|slp
|move|p1a: Tauros|Hyper Beam|p2a: Slowbro
|-damage|p2a: Slowbro|42\/393
|
|turn|31
|
|move|p2a: Slowbro|Amnesia|p2a: Slowbro
|-boost|p2a: Slowbro|spd|2
|-boost|p2a: Slowbro|spa|2
|cant|p1a: Tauros|par
|
|turn|32
|
|move|p2a: Slowbro|Rest|p2a: Slowbro
|-status|p2a: Slowbro|slp
|-heal|p2a: Slowbro|393\/393 slp|[silent]
|-status|p2a: Slowbro|slp|[from] move: Rest
|cant|p1a: Tauros|par
|
|turn|33
|
|switch|p1a: Gengar|Gengar|323\/323
|cant|p2a: Slowbro|slp
|
|turn|34
|
|move|p1a: Gengar|Thunderbolt|p2a: Slowbro
|-supereffective|p2a: Slowbro
|-damage|p2a: Slowbro|293\/393 slp
|cant|p2a: Slowbro|slp
|-curestatus|p2a: Slowbro|slp
|
|turn|35
|
|switch|p1a: Alakazam|Alakazam|313\/313
|move|p2a: Slowbro|Thunder Wave|p1a: Alakazam
|-status|p1a: Alakazam|par
|
|turn|36
|
|move|p2a: Slowbro|Surf|p1a: Alakazam
|-damage|p1a: Alakazam|153\/313 par
|cant|p1a: Alakazam|par
|
|turn|37
|
|switch|p1a: Exeggutor|Exeggutor|324\/393 par
|move|p2a: Slowbro|Surf|p1a: Exeggutor
|-resisted|p1a: Exeggutor
|-damage|p1a: Exeggutor|244\/393 par
|
|turn|38
|
|switch|p2a: Gengar|Gengar|323\/323 slp
|cant|p1a: Exeggutor|par
|
|turn|39
|
|cant|p2a: Gengar|slp
|move|p1a: Exeggutor|Psychic|p2a: Gengar
|-supereffective|p2a: Gengar
|-damage|p2a: Gengar|113\/323 slp
|
|turn|40
|
|cant|p2a: Gengar|slp
|move|p1a: Exeggutor|Psychic|p2a: Gengar
|-supereffective|p2a: Gengar
|-damage|p2a: Gengar|0 fnt
|faint|p2a: Gengar
|
|
|switch|p2a: Alakazam|Alakazam|197\/313
|turn|41
|chat|AjaxWashington|i gotta say, this is a really good fun match
|chat|jb champ|it is
|
|move|p2a: Alakazam|Recover|p2a: Alakazam
|-heal|p2a: Alakazam|313\/313
|move|p1a: Exeggutor|Sleep Powder|p2a: Alakazam
|-status|p2a: Alakazam|slp
|
|turn|42
|
|switch|p1a: Tauros|Tauros|253\/353 par
|cant|p2a: Alakazam|slp
|
|turn|43
|
|cant|p2a: Alakazam|slp
|move|p1a: Tauros|Body Slam|p2a: Alakazam
|-damage|p2a: Alakazam|141\/313 slp
|
|turn|44
|
|switch|p2a: Slowbro|Slowbro|293\/393
|move|p1a: Tauros|Body Slam|p2a: Slowbro
|-damage|p2a: Slowbro|197\/393
|
|turn|45
|
|move|p2a: Slowbro|Amnesia|p2a: Slowbro
|-boost|p2a: Slowbro|spd|2
|-boost|p2a: Slowbro|spa|2
|cant|p1a: Tauros|par
|
|turn|46
|
|switch|p1a: Exeggutor|Exeggutor|244\/393 par
|move|p2a: Slowbro|Surf|p1a: Exeggutor
|-resisted|p1a: Exeggutor
|-damage|p1a: Exeggutor|156\/393 par
|
|turn|47
|
|move|p2a: Slowbro|Surf|p1a: Exeggutor
|-resisted|p1a: Exeggutor
|-damage|p1a: Exeggutor|71\/393 par
|move|p1a: Exeggutor|Stun Spore|p2a: Slowbro
|-status|p2a: Slowbro|par
|
|turn|48
|
|move|p1a: Exeggutor|Explosion|p2a: Slowbro
|-damage|p2a: Slowbro|0 fnt
|faint|p2a: Slowbro
|faint|p1a: Exeggutor
|chat|AjaxWashington|fucking finally
|
|switch|p2a: Tauros|Tauros|353\/353
|switch|p1a: Tauros|Tauros|253\/353 par
|turn|49
|chat|jb champ|:)
|
|move|p2a: Tauros|Body Slam|p1a: Tauros
|-crit|p1a: Tauros
|-damage|p1a: Tauros|46\/353 par
|cant|p1a: Tauros|par
|
|turn|50
|chat|AjaxWashington|i was wondering where your tauros was
|chat|jb champ|gg
|
|switch|p1a: Gengar|Gengar|323\/323
|move|p2a: Tauros|Body Slam|p1a: Gengar
|-immune|p1a: Gengar|[msg]
|
|turn|51
|chat|jb champ|there it is
|
|move|p1a: Gengar|Thunderbolt|p2a: Tauros
|-damage|p2a: Tauros|235\/353
|move|p2a: Tauros|Earthquake|p1a: Gengar
|-supereffective|p1a: Gengar
|-damage|p1a: Gengar|110\/323
|
|turn|52
|chat|AjaxWashington|i was like, everyone has a tauros
|
|move|p2a: Tauros|Earthquake|p1a: Gengar
|-supereffective|p1a: Gengar
|-damage|p1a: Gengar|0 fnt
|faint|p1a: Gengar
|
|
|switch|p1a: Alakazam|Alakazam|153\/313 par
|turn|53
|chat|jb champ|but i guess i got a bit lucky there
|
|move|p2a: Tauros|Body Slam|p1a: Alakazam
|-damage|p1a: Alakazam|0 fnt
|faint|p1a: Alakazam
|
|chat|AjaxWashington|shit i forgot my alakazam was paralized
|
|switch|p1a: Tauros|Tauros|46\/353 par
|turn|54
|chat|AjaxWashington|paralyzed*
|
|move|p2a: Tauros|Hyper Beam|p1a: Tauros|[miss]
|-miss|p2a: Tauros
|move|p1a: Tauros|Hyper Beam|p2a: Tauros
|-damage|p2a: Tauros|41\/353
|
|turn|55
|
|move|p2a: Tauros|Hyper Beam|p1a: Tauros
|-damage|p1a: Tauros|0 fnt
|faint|p1a: Tauros
|
|win|jb champ
|raw|Ladder updating...
|chat|AjaxWashington|WHY WOULD YOU HYPERBEAM
|raw|AjaxWashington's rating: 1252 &rarr; <strong>1233<\/strong><br \/>(-19 for losing)
|raw|jb champ's rating: 1331 &rarr; <strong>1346<\/strong><br \/>(+15 for winning)
|chat|AjaxWashington|YOU ALMOST FUCKED YOURSELF
|chat|jb champ|because its a nice finish ;)
|chat|jb champ|no risk no fun
|chat|AjaxWashington|haha
|chat|AjaxWashington|anyway nice game
|chat|jb champ|yes nice game