|j|Vashimus
|j|gengasaur
|player|p1|Vashimus|283
|player|p2|gengasaur|162
|gametype|singles
|gen|1
|tier|[Gen 1] OU
|rated
|seed|
|rule|Sleep Clause Mod: Limit one foe put to sleep
|rule|Freeze Clause Mod: Limit one foe frozen
|rule|Species Clause: Limit one of each Pokémon
|rule|OHKO Clause: OHKO moves are banned
|rule|Evasion Moves Clause: Evasion moves are banned
|rule|HP Percentage Mod: HP is shown in percentages
|
|start
|switch|p1a: Alakazam|Alakazam|100\/100
|switch|p2a: Exeggutor|Exeggutor|100\/100
|turn|1
|choice||
|
|move|p1a: Alakazam|Thunder Wave|p2a: Exeggutor
|-status|p2a: Exeggutor|par
|move|p2a: Exeggutor|Sleep Powder|p1a: Alakazam|[miss]
|-miss|p2a: Exeggutor
|
|turn|2
|choice||
|
|move|p1a: Alakazam|Seismic Toss|p2a: Exeggutor
|-damage|p2a: Exeggutor|75\/100 par
|cant|p2a: Exeggutor|par
|
|turn|3
|choice||
|
|move|p1a: Alakazam|Seismic Toss|p2a: Exeggutor
|-damage|p2a: Exeggutor|50\/100 par
|move|p2a: Exeggutor|Sleep Powder|p1a: Alakazam|[miss]
|-miss|p2a: Exeggutor
|
|turn|4
|choice||
|
|move|p1a: Alakazam|Seismic Toss|p2a: Exeggutor
|-damage|p2a: Exeggutor|24\/100 par
|cant|p2a: Exeggutor|par
|
|turn|5
|choice||
|
|switch|p2a: Chansey|Chansey|100\/100
|move|p1a: Alakazam|Seismic Toss|p2a: Chansey
|-damage|p2a: Chansey|86\/100
|
|turn|6
|choice||
|
|switch|p1a: Chansey|Chansey|100\/100
|move|p2a: Chansey|Thunderbolt|p1a: Chansey
|-damage|p1a: Chansey|90\/100
|
|turn|7
|choice||
|
|switch|p1a: Alakazam|Alakazam|100\/100
|switch|p2a: Alakazam|Alakazam|100\/100
|
|turn|8
|choice||
|
|move|p1a: Alakazam|Thunder Wave|p2a: Alakazam
|-status|p2a: Alakazam|par
|move|p2a: Alakazam|Thunder Wave|p1a: Alakazam
|-status|p1a: Alakazam|par
|
|turn|9
|choice||
|
|switch|p2a: Snorlax|Snorlax|100\/100
|cant|p1a: Alakazam|par
|
|turn|10
|choice||
|
|switch|p1a: Exeggutor|Exeggutor|100\/100
|move|p2a: Snorlax|Body Slam|p1a: Exeggutor
|-damage|p1a: Exeggutor|72\/100
|-status|p1a: Exeggutor|par
|
|turn|11
|choice||
|
|move|p2a: Snorlax|Body Slam|p1a: Exeggutor
|-damage|p1a: Exeggutor|39\/100 par
|cant|p1a: Exeggutor|par
|
|turn|12
|choice||
|
|move|p2a: Snorlax|Hyper Beam|p1a: Exeggutor
|-damage|p1a: Exeggutor|0 fnt
|faint|p1a: Exeggutor
|choice||
|
|switch|p1a: Chansey|Chansey|90\/100
|turn|13
|choice||
|
|move|p2a: Snorlax|Body Slam|p1a: Chansey
|-crit|p1a: Chansey
|-damage|p1a: Chansey|5\/100
|move|p1a: Chansey|Counter|p2a: Snorlax
|-damage|p2a: Snorlax|0 fnt
|faint|p2a: Snorlax
|choice||
|
|switch|p2a: Tauros|Tauros|100\/100
|turn|14
|choice||
|
|switch|p1a: Snorlax|Snorlax|100\/100
|move|p2a: Tauros|Body Slam|p1a: Snorlax
|-crit|p1a: Snorlax
|-damage|p1a: Snorlax|52\/100
|
|turn|15
|choice||
|
|move|p2a: Tauros|Body Slam|p1a: Snorlax
|-crit|p1a: Snorlax
|-damage|p1a: Snorlax|5\/100
|move|p1a: Snorlax|Body Slam|p2a: Tauros|[miss]
|-miss|p1a: Snorlax
|
|turn|16
|c|★Vashimus|lol
|choice||
|
|move|p2a: Tauros|Body Slam|p1a: Snorlax
|-crit|p1a: Snorlax
|-damage|p1a: Snorlax|0 fnt
|faint|p1a: Snorlax
|choice||
|
|switch|p1a: Starmie|Starmie|100\/100
|turn|17
|choice||
|
|move|p1a: Starmie|Thunder Wave|p2a: Tauros
|-status|p2a: Tauros|par
|move|p2a: Tauros|Body Slam|p1a: Starmie
|-damage|p1a: Starmie|68\/100
|
|turn|18
|choice||
|
|switch|p1a: Chansey|Chansey|5\/100
|switch|p2a: Chansey|Chansey|86\/100
|
|turn|19
|choice||
|
|move|p2a: Chansey|Thunderbolt|p1a: Chansey
|-damage|p1a: Chansey|0 fnt
|faint|p1a: Chansey
|choice||
|
|switch|p1a: Alakazam|Alakazam|100\/100 par
|turn|20
|choice||
|
|move|p2a: Chansey|Thunderbolt|p1a: Alakazam
|-damage|p1a: Alakazam|79\/100 par
|move|p1a: Alakazam|Psychic|p2a: Chansey
|-crit|p2a: Chansey
|-damage|p2a: Chansey|53\/100
|-unboost|p2a: Chansey|spd|1
|-unboost|p2a: Chansey|spa|1
|
|turn|21
|choice||
|
|switch|p2a: Alakazam|Alakazam|100\/100 par
|move|p1a: Alakazam|Psychic|p2a: Alakazam
|-crit|p2a: Alakazam
|-resisted|p2a: Alakazam
|-damage|p2a: Alakazam|70\/100 par
|
|turn|22
|choice||
|
|move|p2a: Alakazam|Seismic Toss|p1a: Alakazam
|-damage|p1a: Alakazam|47\/100 par
|move|p1a: Alakazam|Psychic|p2a: Alakazam
|-resisted|p2a: Alakazam
|-damage|p2a: Alakazam|52\/100 par
|
|turn|23
|choice||
|
|move|p1a: Alakazam|Recover|p1a: Alakazam
|-heal|p1a: Alakazam|97\/100 par
|move|p2a: Alakazam|Recover|p2a: Alakazam
|-heal|p2a: Alakazam|100\/100 par
|
|turn|24
|choice||
|
|cant|p1a: Alakazam|par
|move|p2a: Alakazam|Seismic Toss|p1a: Alakazam
|-damage|p1a: Alakazam|65\/100 par
|
|turn|25
|choice||
|
|move|p2a: Alakazam|Seismic Toss|p1a: Alakazam
|-damage|p1a: Alakazam|33\/100 par
|move|p1a: Alakazam|Recover|p1a: Alakazam
|-heal|p1a: Alakazam|83\/100 par
|
|turn|26
|choice||
|
|move|p2a: Alakazam|Seismic Toss|p1a: Alakazam
|-damage|p1a: Alakazam|51\/100 par
|cant|p1a: Alakazam|par
|
|turn|27
|choice||
|
|cant|p1a: Alakazam|par
|move|p2a: Alakazam|Seismic Toss|p1a: Alakazam
|-damage|p1a: Alakazam|19\/100 par
|
|turn|28
|choice||
|
|cant|p2a: Alakazam|par
|move|p1a: Alakazam|Seismic Toss|p2a: Alakazam
|-damage|p2a: Alakazam|69\/100 par
|
|turn|29
|choice||
|
|move|p2a: Alakazam|Seismic Toss|p1a: Alakazam
|-damage|p1a: Alakazam|0 fnt
|faint|p1a: Alakazam
|choice||
|
|switch|p1a: Tauros|Tauros|100\/100
|turn|30
|choice||
|
|switch|p2a: Golem|Golem|100\/100
|move|p1a: Tauros|Hyper Beam|p2a: Golem|[miss]
|-miss|p1a: Tauros
|
|turn|31
|choice||
|
|switch|p1a: Starmie|Starmie|68\/100
|move|p2a: Golem|Earthquake|p1a: Starmie
|-damage|p1a: Starmie|26\/100
|
|turn|32
|choice||
|
|switch|p2a: Chansey|Chansey|53\/100
|move|p1a: Starmie|Blizzard|p2a: Chansey
|-damage|p2a: Chansey|41\/100
|
|turn|33
|choice||
|
|move|p1a: Starmie|Recover|p1a: Starmie
|-heal|p1a: Starmie|75\/100
|move|p2a: Chansey|Thunderbolt|p1a: Starmie
|-supereffective|p1a: Starmie
|-damage|p1a: Starmie|27\/100
|-status|p1a: Starmie|par
|
|turn|34
|choice||
|
|move|p2a: Chansey|Thunderbolt|p1a: Starmie
|-supereffective|p1a: Starmie
|-damage|p1a: Starmie|0 fnt
|faint|p1a: Starmie
|choice||
|
|switch|p1a: Tauros|Tauros|100\/100
|turn|35
|choice||
|
|move|p1a: Tauros|Body Slam|p2a: Chansey
|-damage|p2a: Chansey|0 fnt
|faint|p2a: Chansey
|choice||
|
|switch|p2a: Golem|Golem|100\/100
|turn|36
|choice||
|
|move|p1a: Tauros|Blizzard|p2a: Golem
|-crit|p2a: Golem
|-supereffective|p2a: Golem
|-damage|p2a: Golem|0 fnt
|faint|p2a: Golem
|choice||
|
|switch|p2a: Tauros|Tauros|100\/100 par
|turn|37
|choice||
|
|move|p1a: Tauros|Body Slam|p2a: Tauros
|-crit|p2a: Tauros
|-damage|p2a: Tauros|41\/100 par
|move|p2a: Tauros|Body Slam|p1a: Tauros
|-crit|p1a: Tauros
|-damage|p1a: Tauros|45\/100
|
|turn|38
|choice||
|
|move|p1a: Tauros|Hyper Beam|p2a: Tauros
|-damage|p2a: Tauros|0 fnt
|faint|p2a: Tauros
|choice||
|
|switch|p2a: Alakazam|Alakazam|69\/100 par
|turn|39
|choice||
|
|move|p1a: Tauros|Hyper Beam|p2a: Alakazam
|-damage|p2a: Alakazam|0 fnt
|faint|p2a: Alakazam
|choice||
|
|switch|p2a: Exeggutor|Exeggutor|24\/100 par
|turn|40
|choice||
|
|move|p1a: Tauros|Body Slam|p2a: Exeggutor
|-damage|p2a: Exeggutor|0 fnt
|faint|p2a: Exeggutor
|
|win|Vashimus
|player|p1
|player|p2
|raw|Vashimus's rating: 1210 &rarr; <strong>1229<\/strong><br \/>(+19 for winning)
|raw|gengasaur's rating: 1134 &rarr; <strong>1115<\/strong><br \/>(-19 for losing)
|l|gengasaur