|join|erik1erik
|join|Lamona
|player|p1|erik1erik|169
|player|p2|Lamona|18
|gametype|singles
|gen|1
|tier|[Gen 1] Random Battle
|rated
|rule|Sleep Clause Mod: Limit one foe put to sleep
|rule|Freeze Clause Mod: Limit one foe frozen
|rule|HP Percentage Mod: HP is shown in percentages
|
|start
|switch|p1a: Magmar|Magmar, L85|284\/284
|switch|p2a: Pidgeotto|Pidgeotto, L85|281\/281
|turn|1
|
|switch|p2a: Slowpoke|Slowpoke, L96|368\/368
|move|p1a: Magmar|Fire Blast|p2a: Slowpoke
|-resisted|p2a: Slowpoke
|-damage|p2a: Slowpoke|284\/368
|
|turn|2
|
|switch|p1a: Ditto|Ditto, L99|296\/296
|move|p2a: Slowpoke|Thunder Wave|p1a: Ditto
|-status|p1a: Ditto|par
|
|turn|3
|
|switch|p2a: Pidgeotto|Pidgeotto, L85|281\/281
|cant|p1a: Ditto|par
|
|turn|4
|
|move|p2a: Pidgeotto|Sky Attack|p1a: Ditto|[still]
|-prepare|p2a: Pidgeotto|Sky Attack|p1a: Ditto
|move|p1a: Ditto|Transform|p2a: Pidgeotto
|-transform|p1a: Ditto|p2a: Pidgeotto
|
|turn|5
|
|move|p2a: Pidgeotto|Sky Attack|p1a: Ditto
|-damage|p1a: Ditto|152\/296 par
|move|p1a: Ditto|Reflect|p1a: Ditto
|-start|p1a: Ditto|Reflect
|
|turn|6
|
|move|p2a: Pidgeotto|Reflect|p2a: Pidgeotto
|-start|p2a: Pidgeotto|Reflect
|move|p1a: Ditto|Double-Edge|p2a: Pidgeotto
|-damage|p2a: Pidgeotto|221\/281
|-damage|p1a: Ditto|137\/296 par|[from] recoil|[of] p2a: Pidgeotto
|
|turn|7
|
|move|p2a: Pidgeotto|Sky Attack|p1a: Ditto|[still]
|-prepare|p2a: Pidgeotto|Sky Attack|p1a: Ditto
|move|p1a: Ditto|Double-Edge|p2a: Pidgeotto
|-damage|p2a: Pidgeotto|157\/281
|-damage|p1a: Ditto|121\/296 par|[from] recoil|[of] p2a: Pidgeotto
|
|turn|8
|
|move|p2a: Pidgeotto|Sky Attack|p1a: Ditto
|-crit|p1a: Ditto
|-damage|p1a: Ditto|0 fnt
|faint|p1a: Ditto
|
|switch|p1a: Mew|Mew, L74|300\/300
|turn|9
|
|move|p1a: Mew|Thunderbolt|p2a: Pidgeotto
|-supereffective|p2a: Pidgeotto
|-damage|p2a: Pidgeotto|13\/281
|-status|p2a: Pidgeotto|par
|move|p2a: Pidgeotto|Rest|p2a: Pidgeotto
|-status|p2a: Pidgeotto|slp
|-heal|p2a: Pidgeotto|281\/281 slp|[silent]
|-status|p2a: Pidgeotto|slp|[from] move: Rest
|
|turn|10
|
|switch|p2a: Arbok|Arbok, L85|276\/276
|move|p1a: Mew|Thunderbolt|p2a: Arbok
|-damage|p2a: Arbok|210\/276
|-status|p2a: Arbok|par
|
|turn|11
|
|move|p1a: Mew|Thunderbolt|p2a: Arbok
|-crit|p2a: Arbok
|-damage|p2a: Arbok|94\/276 par
|move|p2a: Arbok|Glare|p1a: Mew
|-status|p1a: Mew|par
|
|turn|12
|
|move|p1a: Mew|Thunderbolt|p2a: Arbok
|-damage|p2a: Arbok|30\/276 par
|cant|p2a: Arbok|par
|
|turn|13
|
|move|p1a: Mew|Thunderbolt|p2a: Arbok
|-damage|p2a: Arbok|0 fnt
|faint|p2a: Arbok
|
|switch|p2a: Weezing|Weezing, L85|284\/284
|turn|14
|
|move|p2a: Weezing|Sludge|p1a: Mew
|-damage|p1a: Mew|226\/300 par
|cant|p1a: Mew|par
|
|turn|15
|
|move|p2a: Weezing|Fire Blast|p1a: Mew
|-damage|p1a: Mew|137\/300 par
|cant|p1a: Mew|par
|
|turn|16
|
|move|p2a: Weezing|Sludge|p1a: Mew
|-damage|p1a: Mew|66\/300 par
|move|p1a: Mew|Thunderbolt|p2a: Weezing
|-damage|p2a: Weezing|230\/284
|
|turn|17
|
|move|p2a: Weezing|Sludge|p1a: Mew
|-damage|p1a: Mew|0 fnt
|faint|p1a: Mew
|
|switch|p1a: Alakazam|Alakazam, L79|249\/249
|turn|18
|
|switch|p2a: Slowpoke|Slowpoke, L96|284\/368
|move|p1a: Alakazam|Psychic|p2a: Slowpoke
|-resisted|p2a: Slowpoke
|-damage|p2a: Slowpoke|219\/368
|-unboost|p2a: Slowpoke|spd|1
|-unboost|p2a: Slowpoke|spa|1
|
|turn|19
|
|move|p1a: Alakazam|Psychic|p2a: Slowpoke
|-resisted|p2a: Slowpoke
|-damage|p2a: Slowpoke|115\/368
|-unboost|p2a: Slowpoke|spd|1
|-unboost|p2a: Slowpoke|spa|1
|move|p2a: Slowpoke|Thunder Wave|p1a: Alakazam
|-status|p1a: Alakazam|par
|
|turn|20
|
|switch|p2a: Kadabra|Kadabra, L85|242\/242
|move|p1a: Alakazam|Psychic|p2a: Kadabra
|-resisted|p2a: Kadabra
|-damage|p2a: Kadabra|203\/242
|
|turn|21
|
|move|p2a: Kadabra|Psychic|p1a: Alakazam
|-resisted|p1a: Alakazam
|-damage|p1a: Alakazam|203\/249 par
|move|p1a: Alakazam|Thunder Wave|p2a: Kadabra
|-status|p2a: Kadabra|par
|
|turn|22
|
|move|p1a: Alakazam|Seismic Toss|p2a: Kadabra
|-damage|p2a: Kadabra|124\/242 par
|move|p2a: Kadabra|Reflect|p2a: Kadabra
|-start|p2a: Kadabra|Reflect
|
|turn|23
|
|move|p1a: Alakazam|Seismic Toss|p2a: Kadabra
|-damage|p2a: Kadabra|45\/242 par
|move|p2a: Kadabra|Recover|p2a: Kadabra
|-heal|p2a: Kadabra|166\/242 par
|
|turn|24
|
|move|p1a: Alakazam|Seismic Toss|p2a: Kadabra
|-damage|p2a: Kadabra|87\/242 par
|move|p2a: Kadabra|Recover|p2a: Kadabra
|-heal|p2a: Kadabra|208\/242 par
|
|turn|25
|
|move|p1a: Alakazam|Seismic Toss|p2a: Kadabra
|-damage|p2a: Kadabra|129\/242 par
|move|p2a: Kadabra|Psychic|p1a: Alakazam
|-resisted|p1a: Alakazam
|-damage|p1a: Alakazam|161\/249 par
|-unboost|p1a: Alakazam|spd|1
|-unboost|p1a: Alakazam|spa|1
|
|turn|26
|
|switch|p1a: Magmar|Magmar, L85|284\/284
|cant|p2a: Kadabra|par
|
|turn|27
|
|move|p1a: Magmar|Fire Blast|p2a: Kadabra
|-damage|p2a: Kadabra|27\/242 par
|move|p2a: Kadabra|Thunder Wave|p1a: Magmar
|-status|p1a: Magmar|par
|
|turn|28
|
|move|p2a: Kadabra|Recover|p2a: Kadabra
|-heal|p2a: Kadabra|148\/242 par
|cant|p1a: Magmar|par
|
|turn|29
|
|cant|p2a: Kadabra|par
|move|p1a: Magmar|Fire Blast|p2a: Kadabra
|-damage|p2a: Kadabra|47\/242 par
|
|turn|30
|
|move|p2a: Kadabra|Recover|p2a: Kadabra
|-heal|p2a: Kadabra|168\/242 par
|move|p1a: Magmar|Fire Blast|p2a: Kadabra
|-damage|p2a: Kadabra|73\/242 par
|
|turn|31
|
|move|p2a: Kadabra|Recover|p2a: Kadabra
|-heal|p2a: Kadabra|194\/242 par
|move|p1a: Magmar|Fire Blast|p2a: Kadabra
|-damage|p2a: Kadabra|99\/242 par
|
|turn|32
|
|move|p2a: Kadabra|Recover|p2a: Kadabra
|-heal|p2a: Kadabra|220\/242 par
|cant|p1a: Magmar|par
|
|turn|33
|
|move|p2a: Kadabra|Psychic|p1a: Magmar
|-damage|p1a: Magmar|172\/284 par
|move|p1a: Magmar|Fire Blast|p2a: Kadabra
|-damage|p2a: Kadabra|130\/242 par
|
|turn|34
|
|move|p2a: Kadabra|Recover|p2a: Kadabra
|-heal|p2a: Kadabra|242\/242 par
|cant|p1a: Magmar|par
|
|turn|35
|
|move|p2a: Kadabra|Psychic|p1a: Magmar
|-damage|p1a: Magmar|53\/284 par
|move|p1a: Magmar|Hyper Beam|p2a: Kadabra
|-damage|p2a: Kadabra|149\/242 par
|
|turn|36
|
|move|p2a: Kadabra|Recover|p2a: Kadabra
|-heal|p2a: Kadabra|242\/242 par
|cant|p1a: Magmar|recharge
|
|turn|37
|
|move|p2a: Kadabra|Psychic|p1a: Magmar
|-damage|p1a: Magmar|0 fnt
|faint|p1a: Magmar
|
|switch|p1a: Chansey|Chansey, L79|557\/557
|turn|38
|
|move|p1a: Chansey|Thunderbolt|p2a: Kadabra
|-damage|p2a: Kadabra|194\/242 par
|cant|p2a: Kadabra|par
|
|turn|39
|
|move|p1a: Chansey|Ice Beam|p2a: Kadabra
|-damage|p2a: Kadabra|143\/242 par
|cant|p2a: Kadabra|par
|
|turn|40
|
|move|p1a: Chansey|Ice Beam|p2a: Kadabra
|-damage|p2a: Kadabra|91\/242 par
|move|p2a: Kadabra|Thunder Wave|p1a: Chansey
|-status|p1a: Chansey|par
|
|turn|41
|
|move|p2a: Kadabra|Recover|p2a: Kadabra
|-heal|p2a: Kadabra|212\/242 par
|move|p1a: Chansey|Ice Beam|p2a: Kadabra
|-damage|p2a: Kadabra|161\/242 par
|
|turn|42
|
|cant|p2a: Kadabra|par
|move|p1a: Chansey|Thunderbolt|p2a: Kadabra
|-damage|p2a: Kadabra|108\/242 par
|
|turn|43
|
|move|p2a: Kadabra|Recover|p2a: Kadabra
|-heal|p2a: Kadabra|229\/242 par
|move|p1a: Chansey|Thunderbolt|p2a: Kadabra
|-damage|p2a: Kadabra|177\/242 par
|
|turn|44
|
|move|p2a: Kadabra|Psychic|p1a: Chansey
|-damage|p1a: Chansey|448\/557 par
|cant|p1a: Chansey|par
|
|turn|45
|
|move|p2a: Kadabra|Psychic|p1a: Chansey
|-damage|p1a: Chansey|341\/557 par
|-unboost|p1a: Chansey|spd|1
|-unboost|p1a: Chansey|spa|1
|cant|p1a: Chansey|par
|
|turn|46
|
|switch|p1a: Alakazam|Alakazam, L79|161\/249 par
|move|p2a: Kadabra|Psychic|p1a: Alakazam
|-resisted|p1a: Alakazam
|-damage|p1a: Alakazam|117\/249 par
|
|turn|47
|
|move|p1a: Alakazam|Psychic|p2a: Kadabra
|-crit|p2a: Kadabra
|-resisted|p2a: Kadabra
|-damage|p2a: Kadabra|90\/242 par
|move|p2a: Kadabra|Recover|p2a: Kadabra
|-heal|p2a: Kadabra|211\/242 par
|
|turn|48
|
|move|p1a: Alakazam|Psychic|p2a: Kadabra
|-resisted|p2a: Kadabra
|-damage|p2a: Kadabra|173\/242 par
|move|p2a: Kadabra|Psychic|p1a: Alakazam
|-resisted|p1a: Alakazam
|-damage|p1a: Alakazam|72\/249 par
|
|turn|49
|
|cant|p1a: Alakazam|par
|move|p2a: Kadabra|Recover|p2a: Kadabra
|-heal|p2a: Kadabra|242\/242 par
|
|turn|50
|
|move|p1a: Alakazam|Psychic|p2a: Kadabra
|-resisted|p2a: Kadabra
|-damage|p2a: Kadabra|201\/242 par
|cant|p2a: Kadabra|par
|
|turn|51
|
|move|p1a: Alakazam|Seismic Toss|p2a: Kadabra
|-damage|p2a: Kadabra|122\/242 par
|move|p2a: Kadabra|Psychic|p1a: Alakazam
|-resisted|p1a: Alakazam
|-damage|p1a: Alakazam|24\/249 par
|-unboost|p1a: Alakazam|spd|1
|-unboost|p1a: Alakazam|spa|1
|
|turn|52
|
|move|p1a: Alakazam|Seismic Toss|p2a: Kadabra
|-damage|p2a: Kadabra|43\/242 par
|cant|p2a: Kadabra|par
|
|turn|53
|
|move|p1a: Alakazam|Seismic Toss|p2a: Kadabra
|-damage|p2a: Kadabra|0 fnt
|faint|p2a: Kadabra
|
|switch|p2a: Weezing|Weezing, L85|230\/284
|turn|54
|
|move|p2a: Weezing|Sludge|p1a: Alakazam
|-damage|p1a: Alakazam|0 fnt
|faint|p1a: Alakazam
|
|switch|p1a: Chansey|Chansey, L79|341\/557 par
|turn|55
|
|move|p2a: Weezing|Sludge|p1a: Chansey
|-damage|p1a: Chansey|161\/557 par
|move|p1a: Chansey|Thunder Wave|p2a: Weezing
|-status|p2a: Weezing|par
|
|turn|56
|
|move|p2a: Weezing|Sludge|p1a: Chansey
|-damage|p1a: Chansey|0 fnt
|faint|p1a: Chansey
|
|switch|p1a: Dragonite|Dragonite, L85|328\/328
|turn|57
|
|move|p1a: Dragonite|Thunderbolt|p2a: Weezing
|-crit|p2a: Weezing
|-damage|p2a: Weezing|93\/284 par
|move|p2a: Weezing|Sludge|p1a: Dragonite
|-damage|p1a: Dragonite|260\/328
|
|turn|58
|
|move|p1a: Dragonite|Thunderbolt|p2a: Weezing
|-damage|p2a: Weezing|25\/284 par
|move|p2a: Weezing|Explosion|p1a: Dragonite
|-damage|p1a: Dragonite|39\/328
|faint|p2a: Weezing
|
|switch|p2a: Fearow|Fearow, L85|284\/284
|turn|59
|
|move|p2a: Fearow|Hyper Beam|p1a: Dragonite
|-damage|p1a: Dragonite|0 fnt
|faint|p1a: Dragonite
|
|win|Lamona
|raw|Ladder updating...
|raw|erik1erik's rating: 1355 &rarr; <strong>1323<\/strong><br \/>(-32 for losing)
|raw|Lamona's rating: 1132 &rarr; <strong>1172<\/strong><br \/>(+40 for winning)
|leave|erik1erik
|player|p1