|j|Merlin Engine
|j|MALESANI
|player|p1|Merlin Engine|165
|player|p2|MALESANI|238
|gametype|singles
|gen|1
|tier|[Gen 1] Random Battle
|rated
|seed|21252,51611,6512,50583
|rule|Sleep Clause Mod: Limit one foe put to sleep
|rule|Freeze Clause Mod: Limit one foe frozen
|rule|HP Percentage Mod: HP is shown in percentages
|
|start
|switch|p1a: Parasect|Parasect, L90|291\/291
|switch|p2a: Magikarp|Magikarp, L99|240\/240
|turn|1
|choice|move 2|move 2
|
|move|p2a: Magikarp|Dragon Rage|p1a: Parasect
|-damage|p1a: Parasect|251\/291
|move|p1a: Parasect|Stun Spore|p2a: Magikarp|[miss]
|-miss|p1a: Parasect
|
|turn|2
|choice|move 2|move 2
|
|move|p2a: Magikarp|Dragon Rage|p1a: Parasect
|-damage|p1a: Parasect|211\/291
|move|p1a: Parasect|Stun Spore|p2a: Magikarp
|-status|p2a: Magikarp|par
|
|turn|3
|choice|move 3|move 2
|
|move|p1a: Parasect|Slash|p2a: Magikarp
|-crit|p2a: Magikarp
|-damage|p2a: Magikarp|116\/240 par
|cant|p2a: Magikarp|par
|
|turn|4
|choice|move 3|move 2
|
|move|p1a: Parasect|Slash|p2a: Magikarp
|-crit|p2a: Magikarp
|-damage|p2a: Magikarp|0 fnt
|faint|p2a: Magikarp
|choice||switch 3
|
|switch|p2a: Tauros|Tauros, L79|280\/280
|turn|5
|choice|move 2|move 1
|
|move|p2a: Tauros|Blizzard|p1a: Parasect
|-supereffective|p1a: Parasect
|-damage|p1a: Parasect|83\/291
|-status|p1a: Parasect|frz
|cant|p1a: Parasect|frz
|
|turn|6
|choice|move 2|move 2
|
|move|p2a: Tauros|Body Slam|p1a: Parasect
|-crit|p1a: Parasect
|-damage|p1a: Parasect|0 fnt
|faint|p1a: Parasect
|choice|switch 5|
|
|switch|p1a: Jynx|Jynx, L79|265\/265
|turn|7
|choice|move 3|move 2
|
|move|p2a: Tauros|Body Slam|p1a: Jynx
|-damage|p1a: Jynx|114\/265
|move|p1a: Jynx|Lovely Kiss|p2a: Tauros
|-status|p2a: Tauros|slp
|
|turn|8
|choice|move 1|switch 4
|
|switch|p2a: Jolteon|Jolteon, L79|265\/265
|move|p1a: Jynx|Psychic|p2a: Jolteon
|-damage|p2a: Jolteon|187\/265
|
|turn|9
|choice|move 2|move 1
|
|move|p2a: Jolteon|Thunderbolt|p1a: Jynx
|-crit|p1a: Jynx
|-damage|p1a: Jynx|0 fnt
|faint|p1a: Jynx
|choice|switch 4|
|
|switch|p1a: Charmeleon|Charmeleon, L85|272\/272
|turn|10
|choice|move 1|switch 2
|
|switch|p2a: Golem|Golem, L79|288\/288
|move|p1a: Charmeleon|Body Slam|p2a: Golem
|-resisted|p2a: Golem
|-damage|p2a: Golem|269\/288
|
|turn|11
|choice|move 3|move 1
|
|move|p1a: Charmeleon|Submission|p2a: Golem
|-supereffective|p2a: Golem
|-damage|p2a: Golem|195\/288
|-damage|p1a: Charmeleon|254\/272|[from] recoil|[of] p2a: Golem
|move|p2a: Golem|Body Slam|p1a: Charmeleon
|-damage|p1a: Charmeleon|180\/272
|
|turn|12
|choice|move 1|move 3
|
|move|p1a: Charmeleon|Body Slam|p2a: Golem
|-resisted|p2a: Golem
|-damage|p2a: Golem|177\/288
|move|p2a: Golem|Earthquake|p1a: Charmeleon
|-supereffective|p1a: Charmeleon
|-damage|p1a: Charmeleon|0 fnt
|faint|p1a: Charmeleon
|choice|switch 2|
|
|switch|p1a: Nidorino|Nidorino, L90|293\/293
|turn|13
|choice|move 2|switch 5
|
|switch|p2a: Exeggutor|Exeggutor, L79|312\/312
|move|p1a: Nidorino|Blizzard|p2a: Exeggutor
|-supereffective|p2a: Exeggutor
|-damage|p2a: Exeggutor|195\/312
|
|turn|14
|choice|switch 6|move 4
|
|switch|p1a: Porygon|Porygon, L85|284\/284
|move|p2a: Exeggutor|Psychic|p1a: Porygon
|-damage|p1a: Porygon|180\/284
|
|turn|15
|choice|move 1|move 1
|
|move|p2a: Exeggutor|Sleep Powder|p1a: Porygon
|-status|p1a: Porygon|slp
|cant|p1a: Porygon|slp
|
|turn|16
|choice|switch 3|move 4
|
|switch|p1a: Dodrio|Dodrio, L85|276\/276
|move|p2a: Exeggutor|Psychic|p1a: Dodrio
|-damage|p1a: Dodrio|156\/276
|-unboost|p1a: Dodrio|spd|1
|-unboost|p1a: Dodrio|spa|1
|
|turn|17
|choice|switch 6|move 3
|
|switch|p1a: Nidorino|Nidorino, L90|293\/293
|move|p2a: Exeggutor|Explosion|p1a: Nidorino
|-damage|p1a: Nidorino|47\/293
|faint|p2a: Exeggutor
|choice||switch 6
|
|switch|p2a: Mewtwo|Mewtwo, L70|293\/293
|turn|18
|choice|move 1|move 1
|
|move|p2a: Mewtwo|Psychic|p1a: Nidorino
|-crit|p1a: Nidorino
|-supereffective|p1a: Nidorino
|-damage|p1a: Nidorino|0 fnt
|faint|p1a: Nidorino
|choice|switch 6|
|
|switch|p1a: Dodrio|Dodrio, L85|156\/276
|turn|19
|choice|move 1|move 1
|
|move|p1a: Dodrio|Hyper Beam|p2a: Mewtwo
|-crit|p2a: Mewtwo
|-damage|p2a: Mewtwo|0 fnt
|faint|p2a: Mewtwo
|choice||switch 5
|
|switch|p2a: Golem|Golem, L79|177\/288
|turn|20
|choice|switch 3|move 4
|
|switch|p1a: Porygon|Porygon, L85|180\/284 slp
|move|p2a: Golem|Explosion|p1a: Porygon
|-damage|p1a: Porygon|0 fnt
|faint|p1a: Porygon
|faint|p2a: Golem
|choice|switch 3|switch 2
|
|switch|p2a: Jolteon|Jolteon, L79|187\/265
|switch|p1a: Dodrio|Dodrio, L85|156\/276
|turn|21
|choice|move 1|move 1
|
|move|p2a: Jolteon|Thunderbolt|p1a: Dodrio
|-crit|p1a: Dodrio
|-supereffective|p1a: Dodrio
|-damage|p1a: Dodrio|0 fnt
|faint|p1a: Dodrio
|
|win|MALESANI
|raw|Merlin Engine's rating: 1355 &rarr; <strong>1331<\/strong><br \/>(-24 for losing)
|raw|MALESANI's rating: 1283 &rarr; <strong>1313<\/strong><br \/>(+30 for winning)
|c|★Merlin Engine|gg
|c|★MALESANI|gg
|l|MALESANI
|player|p2