|join|EvilRabbitLord
|join|andrewandres
|player|p1|EvilRabbitLord|23
|player|p2|andrewandres|266
|gametype|singles
|gen|1
|tier|[Gen 1] Random Battle
|rated
|rule|Sleep Clause Mod: Limit one foe put to sleep
|rule|Freeze Clause Mod: Limit one foe frozen
|rule|HP Percentage Mod: HP is shown in percentages
|
|start
|switch|p1a: Tauros|Tauros, L79|280\/280
|switch|p2a: Flareon|Flareon, L85|284\/284
|turn|1
|
|switch|p2a: Golbat|Golbat, L85|301\/301
|move|p1a: Tauros|Body Slam|p2a: Golbat
|-crit|p2a: Golbat
|-damage|p2a: Golbat|113\/301
|
|turn|2
|
|move|p1a: Tauros|Body Slam|p2a: Golbat
|-damage|p2a: Golbat|16\/301
|-status|p2a: Golbat|par
|move|p2a: Golbat|Hyper Beam|p1a: Tauros
|-crit|p1a: Tauros
|-damage|p1a: Tauros|92\/280
|
|turn|3
|-mustrecharge|p2a: Golbat
|c|★EvilRabbitLord|bs
|-mustrecharge|p2a: Golbat
|
|move|p1a: Tauros|Body Slam|p2a: Golbat
|-crit|p2a: Golbat
|-damage|p2a: Golbat|0 fnt
|faint|p2a: Golbat
|
|switch|p2a: Cloyster|Cloyster, L83|253\/253
|turn|4
|
|switch|p1a: Cloyster|Cloyster, L83|253\/253
|move|p2a: Cloyster|Ice Beam|p1a: Cloyster
|-resisted|p1a: Cloyster
|-damage|p1a: Cloyster|231\/253
|
|turn|5
|
|move|p2a: Cloyster|Toxic|p1a: Cloyster
|-status|p1a: Cloyster|tox
|move|p1a: Cloyster|Toxic|p2a: Cloyster|[miss]
|-miss|p1a: Cloyster
|-damage|p1a: Cloyster|216\/253 tox|[from] tox|[of] p2a: Cloyster
|
|turn|6
|
|switch|p2a: Vileplume|Vileplume, L85|301\/301
|move|p1a: Cloyster|Toxic|p2a: Vileplume
|-damage|p1a: Cloyster|186\/253 tox|[from] tox|[of] p2a: Vileplume
|
|turn|7
|
|move|p1a: Cloyster|Blizzard|p2a: Vileplume|[miss]
|-miss|p1a: Cloyster
|-damage|p1a: Cloyster|141\/253 tox|[from] tox|[of] p2a: Vileplume
|move|p2a: Vileplume|Mega Drain|p1a: Cloyster
|-supereffective|p1a: Cloyster
|-damage|p1a: Cloyster|46\/253 tox
|
|turn|8
|
|switch|p1a: Ditto|Ditto, L99|296\/296
|switch|p2a: Cloyster|Cloyster, L83|253\/253
|
|turn|9
|
|move|p2a: Cloyster|Toxic|p1a: Ditto|[miss]
|-miss|p2a: Cloyster
|move|p1a: Ditto|Transform|p2a: Cloyster
|-transform|p1a: Ditto|p2a: Cloyster
|
|turn|10
|
|move|p1a: Ditto|Ice Beam|p2a: Cloyster
|-resisted|p2a: Cloyster
|-damage|p2a: Cloyster|226\/253
|move|p2a: Cloyster|Toxic|p1a: Ditto
|-status|p1a: Ditto|tox
|
|turn|11
|
|switch|p1a: Haunter|Haunter, L85|250\/250
|move|p2a: Cloyster|Ice Beam|p1a: Haunter
|-damage|p1a: Haunter|173\/250
|
|turn|12
|
|move|p1a: Haunter|Hypnosis|p2a: Cloyster|[miss]
|-miss|p1a: Haunter
|move|p2a: Cloyster|Ice Beam|p1a: Haunter
|-damage|p1a: Haunter|99\/250
|
|turn|13
|
|move|p1a: Haunter|Hypnosis|p2a: Cloyster
|-status|p2a: Cloyster|slp
|cant|p2a: Cloyster|slp
|-curestatus|p2a: Cloyster|slp
|
|turn|14
|
|move|p1a: Haunter|Hypnosis|p2a: Cloyster|[miss]
|-miss|p1a: Haunter
|move|p2a: Cloyster|Ice Beam|p1a: Haunter
|-crit|p1a: Haunter
|-damage|p1a: Haunter|0 fnt
|faint|p1a: Haunter
|
|switch|p1a: Ditto|Ditto, L99|296\/296 tox
|-status|p1a: Ditto|psn
|turn|15
|
|move|p2a: Cloyster|Ice Beam|p1a: Ditto
|-damage|p1a: Ditto|196\/296 psn
|move|p1a: Ditto|Transform|p2a: Cloyster
|-transform|p1a: Ditto|p2a: Cloyster
|-damage|p1a: Ditto|178\/296 psn|[from] psn|[of] p2a: Cloyster
|
|turn|16
|
|move|p1a: Ditto|Ice Beam|p2a: Cloyster
|-resisted|p2a: Cloyster
|-damage|p2a: Cloyster|200\/253
|-damage|p1a: Ditto|160\/296 psn|[from] psn|[of] p2a: Cloyster
|move|p2a: Cloyster|Ice Beam|p1a: Ditto
|-resisted|p1a: Ditto
|-damage|p1a: Ditto|137\/296 psn
|
|turn|17
|
|move|p2a: Cloyster|Ice Beam|p1a: Ditto
|-resisted|p1a: Ditto
|-damage|p1a: Ditto|115\/296 psn
|move|p1a: Ditto|Ice Beam|p2a: Cloyster
|-resisted|p2a: Cloyster
|-damage|p2a: Cloyster|174\/253
|-damage|p1a: Ditto|97\/296 psn|[from] psn|[of] p2a: Cloyster
|
|turn|18
|
|move|p1a: Ditto|Explosion|p2a: Cloyster
|-damage|p2a: Cloyster|23\/253
|faint|p1a: Ditto
|
|switch|p1a: Tauros|Tauros, L79|92\/280
|turn|19
|
|move|p1a: Tauros|Body Slam|p2a: Cloyster
|-crit|p2a: Cloyster
|-damage|p2a: Cloyster|0 fnt
|faint|p2a: Cloyster
|
|switch|p2a: Kangaskhan|Kangaskhan, L85|352\/352
|turn|20
|
|move|p1a: Tauros|Hyper Beam|p2a: Kangaskhan
|-crit|p2a: Kangaskhan
|-damage|p2a: Kangaskhan|76\/352
|move|p2a: Kangaskhan|Earthquake|p1a: Tauros
|-crit|p1a: Tauros
|-damage|p1a: Tauros|0 fnt
|faint|p1a: Tauros
|
|switch|p1a: Vaporeon|Vaporeon, L85|395\/395
|turn|21
|
|move|p2a: Kangaskhan|Earthquake|p1a: Vaporeon
|-damage|p1a: Vaporeon|313\/395
|move|p1a: Vaporeon|Blizzard|p2a: Kangaskhan
|-damage|p2a: Kangaskhan|0 fnt
|faint|p2a: Kangaskhan
|
|switch|p2a: Vileplume|Vileplume, L85|301\/301
|turn|22
|c|★EvilRabbitLord|you got me
|c|★EvilRabbitLord|i fucked up hard
|
|move|p1a: Vaporeon|Blizzard|p2a: Vileplume
|-supereffective|p2a: Vileplume
|-damage|p2a: Vileplume|125\/301
|move|p2a: Vileplume|Sleep Powder|p1a: Vaporeon|[miss]
|-miss|p2a: Vileplume
|
|turn|23
|c|★andrewandres|mygod..
|c|★EvilRabbitLord|:)
|c|★EvilRabbitLord|ty
|
|move|p1a: Vaporeon|Blizzard|p2a: Vileplume
|-supereffective|p2a: Vileplume
|-damage|p2a: Vileplume|0 fnt
|faint|p2a: Vileplume
|
|switch|p2a: Vaporeon|Vaporeon, L85|395\/395
|turn|24
|c|★andrewandres|stupid lucker
|c|★EvilRabbitLord|hey andrew
|c|★EvilRabbitLord|whats the highest youve been elo? number 7?
|
|move|p2a: Vaporeon|Mimic|p1a: Vaporeon
|-start|p2a: Vaporeon|Mimic|Surf
|move|p1a: Vaporeon|Body Slam|p2a: Vaporeon
|-damage|p2a: Vaporeon|336\/395
|-status|p2a: Vaporeon|par
|
|turn|25
|c|★EvilRabbitLord|I beat you a bunch of times on my other accounts- you got so mad but you just shot back up the leaderboard
|c|★EvilRabbitLord|you must play alot
|c|★andrewandres|zZzzZZ
|
|move|p1a: Vaporeon|Body Slam|p2a: Vaporeon
|-damage|p2a: Vaporeon|272\/395 par
|move|p2a: Vaporeon|Surf|p1a: Vaporeon
|-resisted|p1a: Vaporeon
|-damage|p1a: Vaporeon|263\/395
|
|turn|26
|c|★andrewandres|yo want win more points?
|c|★andrewandres|press
|
|move|p1a: Vaporeon|Body Slam|p2a: Vaporeon
|-damage|p2a: Vaporeon|216\/395 par
|cant|p2a: Vaporeon|par
|
|turn|27
|join|Extreme Harry
|
|move|p1a: Vaporeon|Body Slam|p2a: Vaporeon
|-damage|p2a: Vaporeon|155\/395 par
|move|p2a: Vaporeon|Surf|p1a: Vaporeon
|-resisted|p1a: Vaporeon
|-damage|p1a: Vaporeon|213\/395
|
|turn|28
|
|move|p1a: Vaporeon|Body Slam|p2a: Vaporeon
|-damage|p2a: Vaporeon|94\/395 par
|cant|p2a: Vaporeon|par
|
|turn|29
|
|move|p1a: Vaporeon|Body Slam|p2a: Vaporeon
|-damage|p2a: Vaporeon|34\/395 par
|cant|p2a: Vaporeon|par
|
|turn|30
|c|★andrewandres|my god..
|c|★andrewandres|thanks for the IP
|c|★andrewandres|bye bye accounts
|-message|andrewandres forfeited.
|leave|andrewandres
|
|win|EvilRabbitLord
|raw|Ladder updating...
|player|p2
|raw|EvilRabbitLord's rating: 1327 &rarr; <strong>1354<\/strong><br \/>(+27 for winning)
|raw|andrewandres's rating: 1447 &rarr; <strong>1420<\/strong><br \/>(-27 for losing)