|join|Disaster Area
|join|Dice
|player|p1|Disaster Area|32
|player|p2|Dice|168
|gametype|singles
|gen|1
|tier|[Gen 1] OU
|seed|24447,54977,10035,1279
|rule|Sleep Clause Mod: Limit one foe put to sleep
|rule|Freeze Clause Mod: Limit one foe frozen
|rule|Species Clause: Limit one of each Pokémon
|rule|OHKO Clause: OHKO moves are banned
|rule|Evasion Moves Clause: Evasion moves are banned
|rule|HP Percentage Mod: HP is shown in percentages
|
|start
|switch|p1a: Alakazam|Alakazam|313\/313
|switch|p2a: Alakazam|Alakazam|313\/313
|turn|1
|join|aerlberl
|c| aerlberl|first
|join|hey i'm pikachu
|c|★Disaster Area|gl hf
|c|★Dice|u2
|c| hey i'm pikachu|gg
|c| aerlberl|i'm watching this in gen VI graphics
|choice|switch 4|move 2
|
|switch|p1a: Chansey|Chansey|703\/703
|move|p2a: Alakazam|Thunder Wave|p1a: Chansey
|-status|p1a: Chansey|par
|
|turn|2
|join|ChilledGrease
|c| hey i'm pikachu|zammm
|c| aerlberl|epic
|choice|move 4|switch 6
|
|switch|p2a: Chansey|Chansey|703\/703
|cant|p1a: Chansey|par
|
|turn|3
|choice|move 4|move 1
|
|move|p2a: Chansey|Seismic Toss|p1a: Chansey
|-damage|p1a: Chansey|603\/703 par
|move|p1a: Chansey|Ice Beam|p2a: Chansey
|-damage|p2a: Chansey|626\/703
|
|turn|4
|leave|ChilledGrease
|choice|move 4|switch 5
|
|switch|p2a: Snorlax|Snorlax|523\/523
|cant|p1a: Chansey|par
|
|turn|5
|join|like its 1337
|c| aerlberl|have freeze clause?
|choice|switch 3|move 1
|
|switch|p1a: Lapras|Lapras|463\/463
|move|p2a: Snorlax|Body Slam|p1a: Lapras
|-damage|p1a: Lapras|336\/463
|
|turn|6
|c|★Dice|yes
|leave|like its 1337
|join|like its 1337
|choice|move 2|move 1
|
|move|p1a: Lapras|Blizzard|p2a: Snorlax
|-damage|p2a: Snorlax|337\/523
|move|p2a: Snorlax|Body Slam|p1a: Lapras
|-damage|p1a: Lapras|214\/463
|
|turn|7
|choice|move 1|move 1
|
|move|p1a: Lapras|Sing|p2a: Snorlax|[miss]
|-miss|p1a: Lapras
|move|p2a: Snorlax|Body Slam|p1a: Lapras
|-damage|p1a: Lapras|91\/463
|
|turn|8
|choice|move 1|switch 6
|
|switch|p2a: Alakazam|Alakazam|313\/313
|move|p1a: Lapras|Sing|p2a: Alakazam|[miss]
|-miss|p1a: Lapras
|
|turn|9
|c|★Disaster Area|mm
|c|★Disaster Area|don't like this asepct of the team I'm using
|choice|switch 4|move 1
|
|switch|p1a: Alakazam|Alakazam|313\/313
|move|p2a: Alakazam|Psychic|p1a: Alakazam
|-resisted|p1a: Alakazam
|-damage|p1a: Alakazam|262\/313
|
|turn|10
|c|★Dice|i dont like
|c|★Dice|sleep move
|c|★Dice|on lapras
|c|★Disaster Area|sleep on lap is good but
|c|★Disaster Area|this team
|c|★Disaster Area|doesn't make it work
|c|★Disaster Area|x_x
|choice|move 4|move 2
|
|move|p2a: Alakazam|Thunder Wave|p1a: Alakazam
|-status|p1a: Alakazam|par
|move|p1a: Alakazam|Thunder Wave|p2a: Alakazam
|-status|p2a: Alakazam|par
|
|turn|11
|choice|move 3|move 1
|
|move|p1a: Alakazam|Psychic|p2a: Alakazam
|-resisted|p2a: Alakazam
|-damage|p2a: Alakazam|265\/313 par
|-unboost|p2a: Alakazam|spd|1
|-unboost|p2a: Alakazam|spa|1
|move|p2a: Alakazam|Psychic|p1a: Alakazam
|-resisted|p1a: Alakazam
|-damage|p1a: Alakazam|228\/313 par
|
|turn|12
|choice|move 2|switch 5
|
|switch|p2a: Chansey|Chansey|626\/703
|move|p1a: Alakazam|Recover|p1a: Alakazam
|-heal|p1a: Alakazam|313\/313 par
|
|turn|13
|choice|move 3|move 1
|
|move|p2a: Chansey|Seismic Toss|p1a: Alakazam
|-damage|p1a: Alakazam|213\/313 par
|move|p1a: Alakazam|Psychic|p2a: Chansey
|-damage|p2a: Chansey|507\/703
|
|turn|14
|choice|move 3|move 1
|
|move|p2a: Chansey|Seismic Toss|p1a: Alakazam
|-damage|p1a: Alakazam|113\/313 par
|cant|p1a: Alakazam|par
|
|turn|15
|choice|switch 4|move 1
|
|switch|p1a: Lapras|Lapras|91\/463
|move|p2a: Chansey|Seismic Toss|p1a: Lapras
|-damage|p1a: Lapras|0 fnt
|faint|p1a: Lapras
|choice|switch 3|
|
|switch|p1a: Chansey|Chansey|603\/703 par
|turn|16
|choice|move 4|switch 5
|
|switch|p2a: Alakazam|Alakazam|265\/313 par
|move|p1a: Chansey|Ice Beam|p2a: Alakazam
|-damage|p2a: Alakazam|204\/313 par
|
|turn|17
|c|★Disaster Area|i'm gonna lose this lol
|choice|switch 2|move 4
|
|switch|p1a: Snorlax|Snorlax|523\/523
|move|p2a: Alakazam|Recover|p2a: Alakazam
|-heal|p2a: Alakazam|313\/313 par
|
|turn|18
|choice|switch 4|switch 5
|
|switch|p1a: Alakazam|Alakazam|113\/313 par
|switch|p2a: Chansey|Chansey|507\/703
|
|turn|19
|choice|move 4|move 1
|
|move|p2a: Chansey|Seismic Toss|p1a: Alakazam
|-damage|p1a: Alakazam|13\/313 par
|move|p1a: Alakazam|Thunder Wave|p2a: Chansey
|-status|p2a: Chansey|par
|
|turn|20
|choice|move 2|switch 2
|
|switch|p2a: Rhydon|Rhydon|413\/413
|move|p1a: Alakazam|Recover|p1a: Alakazam
|-heal|p1a: Alakazam|169\/313 par
|
|turn|21
|choice|switch 4|move 2
|
|switch|p1a: Snorlax|Snorlax|523\/523
|move|p2a: Rhydon|Substitute|p2a: Rhydon
|-start|p2a: Rhydon|Substitute
|-damage|p2a: Rhydon|310\/413
|
|turn|22
|choice|move 2|move 3
|
|move|p2a: Rhydon|Earthquake|p1a: Snorlax
|-damage|p1a: Snorlax|341\/523
|move|p1a: Snorlax|Reflect|p1a: Snorlax
|-start|p1a: Snorlax|Reflect
|
|turn|23
|choice|move 1|move 3
|
|move|p2a: Rhydon|Earthquake|p1a: Snorlax
|-damage|p1a: Snorlax|253\/523
|move|p1a: Snorlax|Amnesia|p1a: Snorlax
|-boost|p1a: Snorlax|spd|2
|-boost|p1a: Snorlax|spa|2
|
|turn|24
|choice|move 3|move 3
|
|move|p2a: Rhydon|Earthquake|p1a: Snorlax
|-damage|p1a: Snorlax|158\/523
|move|p1a: Snorlax|Rest|p1a: Snorlax
|-status|p1a: Snorlax|slp
|-heal|p1a: Snorlax|523\/523 slp|[silent]
|-status|p1a: Snorlax|slp|[from] move: Rest
|
|turn|25
|choice|move 1|move 3
|
|move|p2a: Rhydon|Earthquake|p1a: Snorlax
|-crit|p1a: Snorlax
|-damage|p1a: Snorlax|167\/523 slp
|cant|p1a: Snorlax|slp
|
|turn|26
|choice|move 3|move 3
|
|move|p2a: Rhydon|Earthquake|p1a: Snorlax
|-damage|p1a: Snorlax|73\/523 slp
|-curestatus|p1a: Snorlax|slp
|
|turn|27
|c|★Disaster Area|ugh yeah
|c|★Disaster Area|i can't win
|-message|Disaster Area forfeited.
|
|win|Dice
|c|★Dice|g g
|c|★Disaster Area|play another
|leave|like its 1337
|c|★Disaster Area|I'll use
|c|★Disaster Area|a not shit team
|leave|Disaster Area
|player|p1