|join|midnitefirefly
|join|checkmatemaster
|player|p1|midnitefirefly|169
|player|p2|checkmatemaster|2
|gametype|singles
|gen|1
|tier|[Gen 1] Random Battle
|rated
|rule|Sleep Clause Mod: Limit one foe put to sleep
|rule|Freeze Clause Mod: Limit one foe frozen
|rule|HP Percentage Mod: HP is shown in percentages
|
|start
|switch|p1a: Nidoran-M|Nidoran-M, L96|283\/283
|switch|p2a: Scyther|Scyther, L90|309\/309
|turn|1
|
|switch|p2a: Graveler|Graveler, L85|267\/267
|move|p1a: Nidoran-M|Body Slam|p2a: Graveler
|-resisted|p2a: Graveler
|-damage|p2a: Graveler|246\/267
|
|turn|2
|
|move|p1a: Nidoran-M|Leer|p2a: Graveler|[miss]
|-miss|p1a: Nidoran-M
|move|p2a: Graveler|Earthquake|p1a: Nidoran-M
|-supereffective|p1a: Nidoran-M
|-damage|p1a: Nidoran-M|0 fnt
|faint|p1a: Nidoran-M
|
|switch|p1a: Slowbro|Slowbro, L79|312\/312
|turn|3
|
|switch|p2a: Dewgong|Dewgong, L85|327\/327
|move|p1a: Slowbro|Surf|p2a: Dewgong
|-resisted|p2a: Dewgong
|-damage|p2a: Dewgong|293\/327
|
|turn|4
|
|move|p2a: Dewgong|Body Slam|p1a: Slowbro
|-damage|p1a: Slowbro|268\/312
|move|p1a: Slowbro|Thunder Wave|p2a: Dewgong
|-status|p2a: Dewgong|par
|
|turn|5
|
|move|p1a: Slowbro|Amnesia|p1a: Slowbro
|-boost|p1a: Slowbro|spd|2
|-boost|p1a: Slowbro|spa|2
|cant|p2a: Dewgong|par
|
|turn|6
|
|switch|p2a: Scyther|Scyther, L90|309\/309
|move|p1a: Slowbro|Amnesia|p1a: Slowbro
|-boost|p1a: Slowbro|spd|2
|-boost|p1a: Slowbro|spa|2
|
|turn|7
|
|move|p2a: Scyther|Agility|p2a: Scyther
|-boost|p2a: Scyther|spe|2
|move|p1a: Slowbro|Thunder Wave|p2a: Scyther
|-status|p2a: Scyther|par
|
|turn|8
|
|move|p2a: Scyther|Swords Dance|p2a: Scyther
|-boost|p2a: Scyther|atk|2
|move|p1a: Slowbro|Surf|p2a: Scyther
|-damage|p2a: Scyther|6\/309 par
|
|turn|9
|
|move|p2a: Scyther|Hyper Beam|p1a: Slowbro
|-damage|p1a: Slowbro|14\/312
|move|p1a: Slowbro|Surf|p2a: Scyther
|-damage|p2a: Scyther|0 fnt
|faint|p2a: Scyther
|
|switch|p2a: Hitmonlee|Hitmonlee, L90|273\/273
|turn|10
|
|move|p2a: Hitmonlee|Seismic Toss|p1a: Slowbro
|-damage|p1a: Slowbro|0 fnt
|faint|p1a: Slowbro
|
|switch|p1a: Mew|Mew, L74|300\/300
|turn|11
|
|switch|p2a: Graveler|Graveler, L85|246\/267
|move|p1a: Mew|Thunder Wave|p2a: Graveler
|-immune|p2a: Graveler|[msg]
|
|turn|12
|
|move|p1a: Mew|Hyper Beam|p2a: Graveler
|-resisted|p2a: Graveler
|-damage|p2a: Graveler|212\/267
|move|p2a: Graveler|Earthquake|p1a: Mew
|-damage|p1a: Mew|188\/300
|
|turn|13
|-mustrecharge|p1a: Mew
|-mustrecharge|p1a: Mew
|
|cant|p1a: Mew|recharge
|move|p2a: Graveler|Earthquake|p1a: Mew
|-damage|p1a: Mew|86\/300
|
|turn|14
|
|move|p1a: Mew|Soft-Boiled|p1a: Mew
|-heal|p1a: Mew|236\/300
|move|p2a: Graveler|Earthquake|p1a: Mew
|-damage|p1a: Mew|129\/300
|
|turn|15
|
|move|p1a: Mew|Soft-Boiled|p1a: Mew
|-heal|p1a: Mew|279\/300
|move|p2a: Graveler|Body Slam|p1a: Mew
|-damage|p1a: Mew|219\/300
|
|turn|16
|
|move|p1a: Mew|Soft-Boiled|p1a: Mew
|-heal|p1a: Mew|300\/300
|move|p2a: Graveler|Earthquake|p1a: Mew
|-damage|p1a: Mew|186\/300
|
|turn|17
|
|move|p1a: Mew|Hyper Beam|p2a: Graveler
|-resisted|p2a: Graveler
|-damage|p2a: Graveler|176\/267
|move|p2a: Graveler|Earthquake|p1a: Mew
|-damage|p1a: Mew|79\/300
|
|turn|18
|-mustrecharge|p1a: Mew
|-mustrecharge|p1a: Mew
|-message|midnitefirefly forfeited.
|
|win|checkmatemaster
|leave|midnitefirefly
|player|p1
|raw|midnitefirefly's rating: 1141 &rarr; <strong>1120<\/strong><br \/>(-21 for losing)
|raw|checkmatemaster's rating: 1196 &rarr; <strong>1217<\/strong><br \/>(+21 for winning)