|j|farmertome
|j|trickster is a fag
|player|p1|farmertome|102
|player|p2|trickster is a fag|102
|gametype|singles
|gen|1
|tier|[Gen 1] Random Battle
|rated
|seed|48508,49251,24335,53293
|rule|Sleep Clause Mod: Limit one foe put to sleep
|rule|Freeze Clause Mod: Limit one foe frozen
|rule|HP Percentage Mod: HP is shown in percentages
|
|start
|switch|p1a: Hitmonchan|Hitmonchan, L90|273\/273
|switch|p2a: Venusaur|Venusaur, L85|310\/310
|turn|1
|choice|move 1|move 2
|
|move|p1a: Hitmonchan|Body Slam|p2a: Venusaur
|-damage|p2a: Venusaur|237\/310
|move|p2a: Venusaur|Sleep Powder|p1a: Hitmonchan|[miss]
|-miss|p2a: Venusaur
|
|turn|2
|choice|move 1|move 2
|
|move|p1a: Hitmonchan|Body Slam|p2a: Venusaur
|-damage|p2a: Venusaur|159\/310
|-status|p2a: Venusaur|par
|move|p2a: Venusaur|Sleep Powder|p1a: Hitmonchan
|-status|p1a: Hitmonchan|slp
|
|turn|3
|choice|switch 3|move 3
|
|switch|p1a: Pinsir|Pinsir, L85|284\/284
|cant|p2a: Venusaur|par
|
|turn|4
|choice|move 1|switch 2
|
|switch|p2a: Ponyta|Ponyta, L96|291\/291
|move|p1a: Pinsir|Swords Dance|p1a: Pinsir
|-boost|p1a: Pinsir|atk|2
|
|turn|5
|choice|move 4|move 1
|
|move|p2a: Ponyta|Growl|p1a: Pinsir
|-unboost|p1a: Pinsir|atk|1
|move|p1a: Pinsir|Hyper Beam|p2a: Ponyta
|-damage|p2a: Ponyta|70\/291
|
|turn|6
|-mustrecharge|p1a: Pinsir
|-mustrecharge|p1a: Pinsir
|choice|move 1|switch 3
|
|switch|p2a: Moltres|Moltres, L85|327\/327
|cant|p1a: Pinsir|recharge
|
|turn|7
|choice|move 3|move 1
|
|move|p2a: Moltres|Fire Blast|p1a: Pinsir
|-supereffective|p1a: Pinsir
|-damage|p1a: Pinsir|0 fnt
|faint|p1a: Pinsir
|choice|switch 2|
|
|switch|p1a: Dragonair|Dragonair, L85|277\/277
|turn|8
|choice|move 1|switch 3
|
|switch|p2a: Ponyta|Ponyta, L96|70\/291
|move|p1a: Dragonair|Surf|p2a: Ponyta
|-crit|p2a: Ponyta
|-supereffective|p2a: Ponyta
|-damage|p2a: Ponyta|0 fnt
|faint|p2a: Ponyta
|choice||switch 5
|
|switch|p2a: Articuno|Articuno, L79|304\/304
|turn|9
|choice|switch 6|move 3
|
|switch|p1a: Starmie|Starmie, L79|257\/257
|move|p2a: Articuno|Blizzard|p1a: Starmie
|-resisted|p1a: Starmie
|-damage|p1a: Starmie|199\/257
|
|turn|10
|choice|move 4|switch 6
|
|switch|p2a: Chansey|Chansey, L79|557\/557
|move|p1a: Starmie|Thunder Wave|p2a: Chansey
|-status|p2a: Chansey|par
|
|turn|11
|choice|switch 5|move 4
|
|switch|p1a: Nidoking|Nidoking, L85|311\/311
|move|p2a: Chansey|Thunder Wave|p1a: Nidoking
|-immune|p1a: Nidoking|[msg]
|
|turn|12
|choice|move 2|switch 6
|
|switch|p2a: Articuno|Articuno, L79|304\/304
|move|p1a: Nidoking|Body Slam|p2a: Articuno
|-damage|p2a: Articuno|248\/304
|-status|p2a: Articuno|par
|
|turn|13
|choice|switch 5|move 3
|
|switch|p1a: Starmie|Starmie, L79|199\/257
|move|p2a: Articuno|Blizzard|p1a: Starmie
|-resisted|p1a: Starmie
|-damage|p1a: Starmie|133\/257
|
|turn|14
|choice|move 3|switch 6
|
|switch|p2a: Chansey|Chansey, L79|557\/557 par
|move|p1a: Starmie|Surf|p2a: Chansey
|-damage|p2a: Chansey|467\/557 par
|
|turn|15
|choice|switch 3|move 3
|
|switch|p1a: Hitmonchan|Hitmonchan, L90|273\/273 slp
|move|p2a: Chansey|Ice Beam|p1a: Hitmonchan
|-damage|p1a: Hitmonchan|185\/273 slp
|
|turn|16
|choice|move 1|move 3
|
|cant|p1a: Hitmonchan|slp
|move|p2a: Chansey|Ice Beam|p1a: Hitmonchan
|-crit|p1a: Hitmonchan
|-damage|p1a: Hitmonchan|0 fnt
|faint|p1a: Hitmonchan
|choice|switch 5|
|
|switch|p1a: Nidoking|Nidoking, L85|311\/311
|turn|17
|choice|move 2|switch 6
|
|switch|p2a: Articuno|Articuno, L79|248\/304 par
|move|p1a: Nidoking|Body Slam|p2a: Articuno
|-damage|p2a: Articuno|190\/304 par
|
|turn|18
|choice|switch 3|move 3
|
|switch|p1a: Starmie|Starmie, L79|133\/257
|cant|p2a: Articuno|par
|
|turn|19
|choice|move 3|switch 6
|
|switch|p2a: Chansey|Chansey, L79|467\/557 par
|move|p1a: Starmie|Surf|p2a: Chansey
|-damage|p2a: Chansey|381\/557 par
|
|turn|20
|choice|switch 4|move 3
|
|switch|p1a: Magmar|Magmar, L90|300\/300
|cant|p2a: Chansey|par
|
|turn|21
|c|★trickster is a fag|oook
|choice|move 3|switch 3
|
|switch|p2a: Moltres|Moltres, L85|327\/327
|move|p1a: Magmar|Body Slam|p2a: Moltres|[miss]
|-miss|p1a: Magmar
|
|turn|22
|choice|move 3|move 1
|
|move|p1a: Magmar|Body Slam|p2a: Moltres
|-damage|p2a: Moltres|262\/327
|move|p2a: Moltres|Fire Blast|p1a: Magmar
|-resisted|p1a: Magmar
|-damage|p1a: Magmar|222\/300
|
|turn|23
|choice|move 3|move 1
|
|move|p1a: Magmar|Body Slam|p2a: Moltres
|-crit|p2a: Moltres
|-damage|p2a: Moltres|135\/327
|-status|p2a: Moltres|par
|move|p2a: Moltres|Fire Blast|p1a: Magmar
|-resisted|p1a: Magmar
|-damage|p1a: Magmar|145\/300
|
|turn|24
|choice|move 3|move 4
|
|move|p1a: Magmar|Body Slam|p2a: Moltres
|-damage|p2a: Moltres|71\/327 par
|move|p2a: Moltres|Hyper Beam|p1a: Magmar
|-damage|p1a: Magmar|14\/300
|
|turn|25
|-mustrecharge|p2a: Moltres
|-mustrecharge|p2a: Moltres
|choice|move 2|move 1
|
|move|p1a: Magmar|Mimic|p2a: Moltres
|-start|p1a: Magmar|Mimic|Fire Blast
|cant|p2a: Moltres|recharge
|
|turn|26
|choice|move 3|move 1
|
|move|p1a: Magmar|Body Slam|p2a: Moltres
|-damage|p2a: Moltres|1\/327 par
|cant|p2a: Moltres|par
|
|turn|27
|choice|move 3|move 4
|
|move|p1a: Magmar|Body Slam|p2a: Moltres
|-damage|p2a: Moltres|0 fnt
|faint|p2a: Moltres
|choice||switch 4
|
|switch|p2a: Nidorina|Nidorina, L90|309\/309
|turn|28
|choice|move 2|move 4
|
|move|p1a: Magmar|Fire Blast|p2a: Nidorina
|-crit|p2a: Nidorina
|-damage|p2a: Nidorina|0 fnt
|faint|p2a: Nidorina
|c|★trickster is a fag|get fucking luckier
|c|★trickster is a fag|this is unreal
|choice||switch 3
|
|switch|p2a: Chansey|Chansey, L79|381\/557 par
|turn|29
|c|★farmertome|lolz i missed a 100% move
|c|★trickster is a fag|lolz so what
|c|★trickster is a fag|that was one move out of the whole game
|choice|move 3|move 3
|
|move|p1a: Magmar|Body Slam|p2a: Chansey
|-damage|p2a: Chansey|208\/557 par
|cant|p2a: Chansey|par
|
|turn|30
|c|★trickster is a fag|and it wasnt that big of a deal
|c|★farmertome|;)
|c|★trickster is a fag|ive been grossly haxed the whole time
|c|★trickster is a fag|not to mention your team being much better
|choice|move 3|move 1
|
|move|p1a: Magmar|Body Slam|p2a: Chansey
|-damage|p2a: Chansey|18\/557 par
|move|p2a: Chansey|Soft-Boiled|p2a: Chansey
|-heal|p2a: Chansey|296\/557 par
|
|turn|31
|choice|move 3|move 1
|
|move|p1a: Magmar|Body Slam|p2a: Chansey
|-crit|p2a: Chansey
|-damage|p2a: Chansey|0 fnt
|faint|p2a: Chansey
|c|★trickster is a fag|lmfao
|c|★farmertome|;)
|c|★trickster is a fag|oooooooook
|c|★trickster is a fag|youre so bad too
|c|★farmertome|;)
|choice||switch 2
|
|switch|p2a: Venusaur|Venusaur, L85|159\/310 par
|turn|32
|choice|move 4|move 4
|
|move|p1a: Magmar|Fire Blast|p2a: Venusaur
|-supereffective|p2a: Venusaur
|-damage|p2a: Venusaur|0 fnt
|faint|p2a: Venusaur
|c|★farmertome|;)
|c|★trickster is a fag|nice autistic repetition of the same thing over and over
|choice||switch 6
|
|switch|p2a: Articuno|Articuno, L79|190\/304 par
|turn|33
|c|★farmertome|:)
|choice|move 1|move 3
|
|move|p1a: Magmar|Confuse Ray|p2a: Articuno
|-start|p2a: Articuno|confusion
|-activate|p2a: Articuno|confusion
|-damage|p2a: Articuno|165\/304 par|[from] confusion
|
|turn|34
|c|★trickster is a fag|thats even more autistic
|c|★trickster is a fag|lmfao
|c|★trickster is a fag|still getting lucky
|c|★trickster is a fag|right to the end
|choice|move 3|move 3
|
|move|p1a: Magmar|Body Slam|p2a: Articuno
|-damage|p2a: Articuno|94\/304 par
|-end|p2a: Articuno|confusion
|move|p2a: Articuno|Blizzard|p1a: Magmar|[miss]
|-miss|p2a: Articuno
|
|turn|35
|c|★trickster is a fag|LOL
|choice|move 4|move 3
|
|move|p1a: Magmar|Fire Blast|p2a: Articuno
|-supereffective|p2a: Articuno
|-damage|p2a: Articuno|0 fnt
|faint|p2a: Articuno
|
|win|farmertome
|player|p1
|player|p2
|raw|farmertome's rating: 1311 &rarr; <strong>1340<\/strong><br \/>(+29 for winning)
|raw|trickster is a fag's rating: 1497 &rarr; <strong>1467<\/strong><br \/>(-30 for losing)
|c|★trickster is a fag|lmfao oh
|c|★trickster is a fag|youre not even 1350
|c|★farmertome|:)
|c|★trickster is a fag|that explains how horribly you played
|c|★trickster is a fag|welp, thanks for giving me a shot at winning despite the hax
|c|★farmertome|ur not even 1468
|c|★trickster is a fag|you were my only chance but
|c|★trickster is a fag|bud
|c|★farmertome|;)