|j|Peasounay
|j|trueWario
|player|p1|Peasounay|80
|player|p2|trueWario|163
|gametype|singles
|gen|1
|tier|[Gen 1] OU
|rated
|seed|63640,34390,33112,51397
|rule|Sleep Clause Mod: Limit one foe put to sleep
|rule|Freeze Clause Mod: Limit one foe frozen
|rule|Species Clause: Limit one of each Pokémon
|rule|OHKO Clause: OHKO moves are banned
|rule|Evasion Moves Clause: Evasion moves are banned
|rule|HP Percentage Mod: HP is shown in percentages
|
|start
|switch|p1a: WellIStallYourFace|Alakazam|313\/313
|switch|p2a: Erva da boa!|Exeggutor|393\/393
|turn|1
|choice|move 4|move 3
|
|move|p1a: WellIStallYourFace|Seismic Toss|p2a: Erva da boa!
|-damage|p2a: Erva da boa!|293\/393
|move|p2a: Erva da boa!|Sleep Powder|p1a: WellIStallYourFace|[miss]
|-miss|p2a: Erva da boa!
|
|turn|2
|c|★Peasounay|gl hf
|choice|move 4|move 3
|
|move|p1a: WellIStallYourFace|Seismic Toss|p2a: Erva da boa!
|-damage|p2a: Erva da boa!|193\/393
|move|p2a: Erva da boa!|Sleep Powder|p1a: WellIStallYourFace|[miss]
|-miss|p2a: Erva da boa!
|
|turn|3
|choice|move 4|move 3
|
|move|p1a: WellIStallYourFace|Seismic Toss|p2a: Erva da boa!
|-damage|p2a: Erva da boa!|93\/393
|move|p2a: Erva da boa!|Sleep Powder|p1a: WellIStallYourFace
|-status|p1a: WellIStallYourFace|slp
|
|turn|4
|j|SwagMastah420
|choice|move 4|switch 4
|
|switch|p2a: Pauzudo|Tauros|353\/353
|cant|p1a: WellIStallYourFace|slp
|
|turn|5
|l|SwagMastah420
|choice|switch 3|move 1
|
|switch|p1a: Yo Momma|Snorlax|523\/523
|move|p2a: Pauzudo|Body Slam|p1a: Yo Momma
|-damage|p1a: Yo Momma|382\/523
|
|turn|6
|choice|move 1|switch 6
|
|switch|p2a: Pedra de crack|Golem|363\/363
|move|p1a: Yo Momma|Body Slam|p2a: Pedra de crack
|-resisted|p2a: Pedra de crack
|-damage|p2a: Pedra de crack|322\/363
|-status|p2a: Pedra de crack|par
|
|turn|7
|choice|switch 2|switch 2
|
|switch|p1a: Wear Candoms Kid|Exeggutor|393\/393
|switch|p2a: Bicho no cru|Slowbro|393\/393
|
|turn|8
|choice|move 3|move 2
|
|move|p1a: Wear Candoms Kid|Hyper Beam|p2a: Bicho no cru
|-damage|p2a: Bicho no cru|279\/393
|move|p2a: Bicho no cru|Blizzard|p1a: Wear Candoms Kid
|-supereffective|p1a: Wear Candoms Kid
|-damage|p1a: Wear Candoms Kid|264\/393
|
|turn|9
|-mustrecharge|p1a: Wear Candoms Kid
|-mustrecharge|p1a: Wear Candoms Kid
|choice|move 1|move 2
|
|cant|p1a: Wear Candoms Kid|recharge
|move|p2a: Bicho no cru|Blizzard|p1a: Wear Candoms Kid
|-supereffective|p1a: Wear Candoms Kid
|-damage|p1a: Wear Candoms Kid|117\/393
|
|turn|10
|choice|move 1|move 2
|
|move|p1a: Wear Candoms Kid|Sleep Powder|p2a: Bicho no cru|[miss]
|-miss|p1a: Wear Candoms Kid
|move|p2a: Bicho no cru|Blizzard|p1a: Wear Candoms Kid
|-supereffective|p1a: Wear Candoms Kid
|-damage|p1a: Wear Candoms Kid|0 fnt
|faint|p1a: Wear Candoms Kid
|choice|switch 6|
|
|switch|p1a: ZFap ZFap ZFap|Zapdos|383\/383
|turn|11
|choice|switch 4|switch 2
|
|switch|p1a: I'm God|Tauros|353\/353
|switch|p2a: Pedra de crack|Golem|322\/363 par
|
|turn|12
|choice|move 1|switch 2
|
|switch|p2a: Bicho no cru|Slowbro|279\/393
|move|p1a: I'm God|Blizzard|p2a: Bicho no cru
|-crit|p2a: Bicho no cru
|-resisted|p2a: Bicho no cru
|-damage|p2a: Bicho no cru|190\/393
|-status|p2a: Bicho no cru|frz
|
|turn|13
|c|★trueWario|lol
|choice|move 2|move 2
|
|move|p1a: I'm God|Body Slam|p2a: Bicho no cru
|-damage|p2a: Bicho no cru|100\/393 frz
|cant|p2a: Bicho no cru|frz
|
|turn|14
|choice|switch 3|move 2
|
|switch|p1a: WellIStallYourFace|Alakazam|313\/313 slp
|cant|p2a: Bicho no cru|frz
|
|turn|15
|choice|move 2|switch 6
|
|switch|p2a: Pauzudo|Tauros|353\/353
|cant|p1a: WellIStallYourFace|slp
|
|turn|16
|choice|switch 2|move 1
|
|switch|p1a: Yo Momma|Snorlax|382\/523
|move|p2a: Pauzudo|Body Slam|p1a: Yo Momma
|-damage|p1a: Yo Momma|250\/523
|
|turn|17
|choice|move 2|switch 6
|
|switch|p2a: Bicho no cru|Slowbro|100\/393 frz
|move|p1a: Yo Momma|Earthquake|p2a: Bicho no cru
|-damage|p2a: Bicho no cru|21\/393 frz
|
|turn|18
|choice|move 1|switch 2
|
|switch|p2a: Pedra de crack|Golem|322\/363 par
|move|p1a: Yo Momma|Body Slam|p2a: Pedra de crack
|-resisted|p2a: Pedra de crack
|-damage|p2a: Pedra de crack|279\/363 par
|
|turn|19
|choice|move 2|switch 4
|
|switch|p2a: Erva da boa!|Exeggutor|93\/393
|move|p1a: Yo Momma|Earthquake|p2a: Erva da boa!
|-resisted|p2a: Erva da boa!
|-damage|p2a: Erva da boa!|44\/393
|
|turn|20
|choice|switch 2|move 1
|
|switch|p1a: WellIStallYourFace|Alakazam|313\/313 slp
|move|p2a: Erva da boa!|Psychic|p1a: WellIStallYourFace
|-resisted|p1a: WellIStallYourFace
|-damage|p1a: WellIStallYourFace|261\/313 slp
|
|turn|21
|choice|switch 2|switch 6
|
|switch|p1a: Yo Momma|Snorlax|250\/523
|switch|p2a: Pauzudo|Tauros|353\/353
|
|turn|22
|choice|move 1|switch 4
|
|switch|p2a: Pedra de crack|Golem|279\/363 par
|move|p1a: Yo Momma|Body Slam|p2a: Pedra de crack
|-resisted|p2a: Pedra de crack
|-damage|p2a: Pedra de crack|235\/363 par
|
|turn|23
|choice|move 1|switch 5
|
|switch|p2a: Pai de santo|Alakazam|313\/313
|move|p1a: Yo Momma|Body Slam|p2a: Pai de santo
|-damage|p2a: Pai de santo|152\/313
|
|turn|24
|choice|move 1|move 1
|
|move|p2a: Pai de santo|Psychic|p1a: Yo Momma
|-damage|p1a: Yo Momma|76\/523
|-unboost|p1a: Yo Momma|spd|1
|-unboost|p1a: Yo Momma|spa|1
|move|p1a: Yo Momma|Body Slam|p2a: Pai de santo
|-damage|p2a: Pai de santo|0 fnt
|faint|p2a: Pai de santo
|choice||switch 4
|
|switch|p2a: Pauzudo|Tauros|353\/353
|turn|25
|choice|switch 2|move 1
|
|switch|p1a: WellIStallYourFace|Alakazam|261\/313 slp
|move|p2a: Pauzudo|Body Slam|p1a: WellIStallYourFace
|-damage|p1a: WellIStallYourFace|115\/313 slp
|
|turn|26
|choice|move 2|move 1
|
|cant|p1a: WellIStallYourFace|slp
|move|p2a: Pauzudo|Body Slam|p1a: WellIStallYourFace
|-damage|p1a: WellIStallYourFace|0 fnt
|faint|p1a: WellIStallYourFace
|choice|switch 5|
|
|switch|p1a: I Own RBY|Chansey|703\/703
|turn|27
|choice|move 3|switch 3
|
|switch|p2a: Putinha|Chansey|703\/703
|move|p1a: I Own RBY|Thunder Wave|p2a: Putinha
|-status|p2a: Putinha|par
|
|turn|28
|choice|move 2|move 2
|
|move|p1a: I Own RBY|Seismic Toss|p2a: Putinha
|-damage|p2a: Putinha|603\/703 par
|move|p2a: Putinha|Ice Beam|p1a: I Own RBY
|-damage|p1a: I Own RBY|626\/703
|-status|p1a: I Own RBY|frz
|
|turn|29
|choice|switch 2|switch 3
|
|switch|p1a: Yo Momma|Snorlax|76\/523
|switch|p2a: Pauzudo|Tauros|353\/353
|
|turn|30
|choice|switch 2|move 1
|
|switch|p1a: I Own RBY|Chansey|626\/703 frz
|move|p2a: Pauzudo|Body Slam|p1a: I Own RBY|[miss]
|-miss|p2a: Pauzudo
|
|turn|31
|choice|move 2|move 1
|
|move|p2a: Pauzudo|Body Slam|p1a: I Own RBY
|-damage|p1a: I Own RBY|343\/703 frz
|cant|p1a: I Own RBY|frz
|
|turn|32
|choice|move 2|move 1
|
|move|p2a: Pauzudo|Body Slam|p1a: I Own RBY
|-damage|p1a: I Own RBY|81\/703 frz
|cant|p1a: I Own RBY|frz
|
|turn|33
|choice|move 2|move 1
|
|move|p2a: Pauzudo|Body Slam|p1a: I Own RBY
|-damage|p1a: I Own RBY|0 fnt
|faint|p1a: I Own RBY
|choice|switch 3|
|
|switch|p1a: I'm God|Tauros|353\/353
|turn|34
|choice|move 2|switch 2
|
|switch|p2a: Bicho no cru|Slowbro|21\/393 frz
|move|p1a: I'm God|Body Slam|p2a: Bicho no cru
|-damage|p2a: Bicho no cru|0 fnt
|faint|p2a: Bicho no cru
|choice||switch 3
|
|switch|p2a: Putinha|Chansey|603\/703 par
|turn|35
|choice|move 2|move 1
|
|move|p1a: I'm God|Body Slam|p2a: Putinha
|-damage|p2a: Putinha|312\/703 par
|move|p2a: Putinha|Thunder Wave|p1a: I'm God
|-status|p1a: I'm God|par
|
|turn|36
|choice|move 1|move 2
|
|move|p1a: I'm God|Blizzard|p2a: Putinha
|-damage|p2a: Putinha|245\/703 par
|move|p2a: Putinha|Ice Beam|p1a: I'm God
|-damage|p1a: I'm God|252\/353 par
|
|turn|37
|choice|move 1|move 4
|
|move|p1a: I'm God|Blizzard|p2a: Putinha
|-damage|p2a: Putinha|169\/703 par
|move|p2a: Putinha|Thunderbolt|p1a: I'm God
|-damage|p1a: I'm God|147\/353 par
|
|turn|38
|choice|move 2|move 2
|
|move|p1a: I'm God|Body Slam|p2a: Putinha
|-damage|p2a: Putinha|0 fnt
|faint|p2a: Putinha
|choice||switch 2
|
|switch|p2a: Pauzudo|Tauros|353\/353
|turn|39
|choice|switch 4|move 1
|
|switch|p1a: ZFap ZFap ZFap|Zapdos|383\/383
|move|p2a: Pauzudo|Body Slam|p1a: ZFap ZFap ZFap
|-damage|p1a: ZFap ZFap ZFap|276\/383
|
|turn|40
|choice|switch 4|switch 5
|
|switch|p2a: Pedra de crack|Golem|235\/363 par
|switch|p1a: I'm God|Tauros|147\/353 par
|
|turn|41
|choice|move 1|switch 5
|
|switch|p2a: Pauzudo|Tauros|353\/353
|move|p1a: I'm God|Blizzard|p2a: Pauzudo
|-damage|p2a: Pauzudo|259\/353
|
|turn|42
|choice|move 3|move 4
|
|move|p2a: Pauzudo|Hyper Beam|p1a: I'm God
|-crit|p1a: I'm God
|-damage|p1a: I'm God|0 fnt
|faint|p1a: I'm God
|choice|switch 4|
|
|switch|p1a: ZFap ZFap ZFap|Zapdos|276\/383
|turn|43
|choice|switch 2|switch 5
|
|switch|p2a: Pedra de crack|Golem|235\/363 par
|switch|p1a: Yo Momma|Snorlax|76\/523
|
|turn|44
|choice|move 2|move 3
|
|move|p1a: Yo Momma|Earthquake|p2a: Pedra de crack
|-supereffective|p2a: Pedra de crack
|-damage|p2a: Pedra de crack|90\/363 par
|cant|p2a: Pedra de crack|par
|
|turn|45
|choice|move 1|move 3
|
|move|p1a: Yo Momma|Body Slam|p2a: Pedra de crack
|-resisted|p2a: Pedra de crack
|-damage|p2a: Pedra de crack|47\/363 par
|cant|p2a: Pedra de crack|par
|
|turn|46
|c|★trueWario|lol
|choice|move 1|move 3
|
|move|p1a: Yo Momma|Body Slam|p2a: Pedra de crack
|-resisted|p2a: Pedra de crack
|-damage|p2a: Pedra de crack|0 fnt
|faint|p2a: Pedra de crack
|choice||switch 6
|
|switch|p2a: Erva da boa!|Exeggutor|44\/393
|turn|47
|choice|move 1|move 1
|
|move|p2a: Erva da boa!|Psychic|p1a: Yo Momma
|-damage|p1a: Yo Momma|0 fnt
|faint|p1a: Yo Momma
|choice|switch 2|
|
|switch|p1a: ZFap ZFap ZFap|Zapdos|276\/383
|turn|48
|choice|move 1|move 2
|
|move|p1a: ZFap ZFap ZFap|Drill Peck|p2a: Erva da boa!
|-supereffective|p2a: Erva da boa!
|-damage|p2a: Erva da boa!|0 fnt
|faint|p2a: Erva da boa!
|choice||switch 5
|
|switch|p2a: Pauzudo|Tauros|259\/353
|turn|49
|choice|move 2|move 3
|
|move|p2a: Pauzudo|Blizzard|p1a: ZFap ZFap ZFap
|-supereffective|p1a: ZFap ZFap ZFap
|-damage|p1a: ZFap ZFap ZFap|152\/383
|move|p1a: ZFap ZFap ZFap|Thunderbolt|p2a: Pauzudo
|-damage|p2a: Pauzudo|103\/353
|
|turn|50
|choice|move 2|move 4
|
|move|p2a: Pauzudo|Hyper Beam|p1a: ZFap ZFap ZFap
|-damage|p1a: ZFap ZFap ZFap|0 fnt
|faint|p1a: ZFap ZFap ZFap
|
|win|trueWario
|c|★Peasounay|gg
|raw|Peasounay's rating: 1491 &rarr; <strong>1458<\/strong><br \/>(-33 for losing)
|raw|trueWario's rating: 1201 &rarr; <strong>1243<\/strong><br \/>(+42 for winning)
|c|★trueWario|gg
|l|Peasounay
|player|p1