|join|kid gf lol
|join|JP182
|player|p1|kid gf lol|167
|player|p2|JP182|37
|gametype|singles
|gen|1
|tier|[Gen 1] OU (beta)
|rated
|rule|Sleep Clause Mod: Limit one foe put to sleep
|rule|Species Clause: Limit one of each Pokemon
|rule|OHKO Clause: OHKO moves are banned
|rule|Moody Clause: Moody is banned
|rule|Evasion Moves Clause: Evasion moves are banned
|rule|Endless Battle Clause: Forcing endless battles is banned.
|rule|HP Percentage Mod: HP is reported as percentages
|
|start
|switch|p1a: Zam Lead|Alakazam|313\/313
|switch|p2a: Jynx|Jynx|333\/333
|turn|1
|join|MatywSG
|
|move|p1a: Zam Lead|Seismic Toss|p2a: Jynx
|-damage|p2a: Jynx|233\/333
|move|p2a: Jynx|Lovely Kiss|p1a: Zam Lead
|-status|p1a: Zam Lead|slp
|
|turn|2
|
|switch|p1a: That's Bull|Tauros|353\/353
|move|p2a: Jynx|Reflect|p2a: Jynx
|
|turn|3
|
|switch|p1a: Zam Lead|Alakazam|313\/313 slp
|move|p2a: Jynx|Blizzard|p1a: Zam Lead
|-damage|p1a: Zam Lead|211\/313 slp
|
|turn|4
|leave|MatywSG
|
|switch|p1a: Big Boned|Snorlax|523\/523
|move|p2a: Jynx|Blizzard|p1a: Big Boned
|-damage|p1a: Big Boned|359\/523
|
|turn|5
|
|move|p2a: Jynx|Blizzard|p1a: Big Boned
|-damage|p1a: Big Boned|192\/523
|move|p1a: Big Boned|Amnesia|p1a: Big Boned
|-boost|p1a: Big Boned|spd|2
|-boost|p1a: Big Boned|spa|2
|
|turn|6
|
|move|p2a: Jynx|Blizzard|p1a: Big Boned
|-damage|p1a: Big Boned|106\/523
|move|p1a: Big Boned|Rest|p1a: Big Boned
|-status|p1a: Big Boned|slp
|-heal|p1a: Big Boned|523\/523 slp|[silent]
|-status|p1a: Big Boned|slp|[from] move: Rest
|
|turn|7
|
|move|p2a: Jynx|Psychic|p1a: Big Boned
|-damage|p1a: Big Boned|456\/523 slp
|-unboost|p1a: Big Boned|spd|1
|-unboost|p1a: Big Boned|spa|1
|cant|p1a: Big Boned|slp
|
|turn|8
|
|move|p2a: Jynx|Blizzard|p1a: Big Boned
|-damage|p1a: Big Boned|344\/523 slp
|cant|p1a: Big Boned|slp
|-curestatus|p1a: Big Boned|slp
|
|turn|9
|
|move|p2a: Jynx|Psychic|p1a: Big Boned
|-damage|p1a: Big Boned|248\/523
|move|p1a: Big Boned|Body Slam|p2a: Jynx
|-damage|p2a: Jynx|146\/333
|-status|p2a: Jynx|par
|
|turn|10
|
|move|p1a: Big Boned|Body Slam|p2a: Jynx
|-damage|p2a: Jynx|52\/333 par
|move|p2a: Jynx|Psychic|p1a: Big Boned
|-crit|p1a: Big Boned
|-damage|p1a: Big Boned|0 fnt
|faint|p1a: Big Boned
|
|
|switch|p1a: That's Bull|Tauros|353\/353
|turn|11
|
|move|p1a: That's Bull|Body Slam|p2a: Jynx
|-damage|p2a: Jynx|0 fnt
|faint|p2a: Jynx
|
|
|switch|p2a: Exeggutor|Exeggutor|393\/393
|turn|12
|
|switch|p1a: Result of Incest|Exeggutor|393\/393
|move|p2a: Exeggutor|Psychic|p1a: Result of Incest
|-resisted|p1a: Result of Incest
|-damage|p1a: Result of Incest|345\/393
|-unboost|p1a: Result of Incest|spd|1
|-unboost|p1a: Result of Incest|spa|1
|
|turn|13
|
|switch|p1a: TNT|Golem|363\/363
|move|p2a: Exeggutor|Psychic|p1a: TNT
|-damage|p1a: TNT|179\/363
|
|turn|14
|
|switch|p1a: Result of Incest|Exeggutor|345\/393
|move|p2a: Exeggutor|Psychic|p1a: Result of Incest
|-resisted|p1a: Result of Incest
|-damage|p1a: Result of Incest|295\/393
|
|turn|15
|
|move|p1a: Result of Incest|Sleep Powder|p2a: Exeggutor|[miss]
|-miss|p1a: Result of Incest
|move|p2a: Exeggutor|Explosion|p1a: Result of Incest
|-damage|p1a: Result of Incest|0 fnt
|faint|p1a: Result of Incest
|faint|p2a: Exeggutor
|
|switch|p2a: Alakazam|Alakazam|313\/313
|switch|p1a: Breakfast Pouch|Chansey|703\/703
|turn|16
|
|move|p2a: Alakazam|Thunder Wave|p1a: Breakfast Pouch
|-status|p1a: Breakfast Pouch|par
|cant|p1a: Breakfast Pouch|par
|
|turn|17
|
|move|p2a: Alakazam|Reflect|p2a: Alakazam
|cant|p1a: Breakfast Pouch|par
|
|turn|18
|
|move|p2a: Alakazam|Psychic|p1a: Breakfast Pouch
|-damage|p1a: Breakfast Pouch|574\/703 par
|move|p1a: Breakfast Pouch|Ice Beam|p2a: Alakazam
|-damage|p2a: Alakazam|255\/313
|-status|p2a: Alakazam|frz
|
|turn|19
|chat|JP182|lmao
|chat|JP182|lucky fucker
|
|switch|p2a: Snorlax|Snorlax|523\/523
|move|p1a: Breakfast Pouch|Ice Beam|p2a: Snorlax
|-damage|p2a: Snorlax|416\/523
|
|turn|20
|
|move|p2a: Snorlax|Earthquake|p1a: Breakfast Pouch
|-damage|p1a: Breakfast Pouch|328\/703 par
|move|p1a: Breakfast Pouch|Ice Beam|p2a: Snorlax
|-damage|p2a: Snorlax|311\/523
|
|turn|21
|
|move|p2a: Snorlax|Body Slam|p1a: Breakfast Pouch
|-damage|p1a: Breakfast Pouch|55\/703 par
|move|p1a: Breakfast Pouch|Soft-Boiled|p1a: Breakfast Pouch
|-heal|p1a: Breakfast Pouch|406\/703 par
|
|turn|22
|
|move|p2a: Snorlax|Body Slam|p1a: Breakfast Pouch
|-damage|p1a: Breakfast Pouch|92\/703 par
|move|p1a: Breakfast Pouch|Thunder Wave|p2a: Snorlax
|-status|p2a: Snorlax|par
|
|turn|23
|
|move|p1a: Breakfast Pouch|Soft-Boiled|p1a: Breakfast Pouch
|-heal|p1a: Breakfast Pouch|443\/703 par
|move|p2a: Snorlax|Body Slam|p1a: Breakfast Pouch
|-damage|p1a: Breakfast Pouch|154\/703 par
|
|turn|24
|
|move|p1a: Breakfast Pouch|Soft-Boiled|p1a: Breakfast Pouch
|-heal|p1a: Breakfast Pouch|505\/703 par
|cant|p2a: Snorlax|par
|
|turn|25
|
|cant|p1a: Breakfast Pouch|par
|cant|p2a: Snorlax|par
|
|turn|26
|
|move|p1a: Breakfast Pouch|Soft-Boiled|p1a: Breakfast Pouch
|-heal|p1a: Breakfast Pouch|703\/703 par
|cant|p2a: Snorlax|par
|
|turn|27
|
|move|p1a: Breakfast Pouch|Thunderbolt|p2a: Snorlax
|-damage|p2a: Snorlax|218\/523 par
|move|p2a: Snorlax|Self-Destruct|p1a: Breakfast Pouch
|-damage|p1a: Breakfast Pouch|0 fnt
|faint|p1a: Breakfast Pouch
|faint|p2a: Snorlax
|
|switch|p1a: That's Bull|Tauros|353\/353
|switch|p2a: Tauros|Tauros|353\/353
|turn|28
|
|move|p1a: That's Bull|Body Slam|p2a: Tauros
|-damage|p2a: Tauros|258\/353
|move|p2a: Tauros|Body Slam|p1a: That's Bull
|-damage|p1a: That's Bull|256\/353
|
|turn|29
|
|move|p2a: Tauros|Body Slam|p1a: That's Bull
|-crit|p1a: That's Bull
|-damage|p1a: That's Bull|36\/353
|-status|p1a: That's Bull|par
|move|p1a: That's Bull|Body Slam|p2a: Tauros
|-damage|p2a: Tauros|162\/353
|
|turn|30
|
|switch|p1a: TNT|Golem|179\/363
|move|p2a: Tauros|Earthquake|p1a: TNT
|-supereffective|p1a: TNT
|-damage|p1a: TNT|45\/363
|
|turn|31
|chat|JP182|lol
|
|move|p2a: Tauros|Earthquake|p1a: TNT
|-crit|p1a: TNT
|-supereffective|p1a: TNT
|-damage|p1a: TNT|0 fnt
|faint|p1a: TNT
|
|
|switch|p1a: That's Bull|Tauros|36\/353 par
|turn|32
|
|move|p2a: Tauros|Body Slam|p1a: That's Bull
|-crit|p1a: That's Bull
|-damage|p1a: That's Bull|0 fnt
|faint|p1a: That's Bull
|
|chat|JP182|gg kid
|
|switch|p1a: Zam Lead|Alakazam|211\/313 slp
|turn|33
|
|cant|p1a: Zam Lead|slp
|move|p2a: Tauros|Body Slam|p1a: Zam Lead
|-damage|p1a: Zam Lead|41\/313 slp
|
|turn|34
|
|cant|p1a: Zam Lead|slp
|-curestatus|p1a: Zam Lead|slp
|move|p2a: Tauros|Body Slam|p1a: Zam Lead
|-damage|p1a: Zam Lead|0 fnt
|faint|p1a: Zam Lead
|
|win|JP182
|raw|Ladder updating...
|raw|kid gf lol's rating: 1337 &rarr; <strong>1304<\/strong><br \/>(-33 for losing)
|raw|JP182's rating: 1059 &rarr; <strong>1111<\/strong><br \/>(+52 for winning)
|leave|kid gf lol
|player|p1