|join|MALESANI
|join|PickledBeets
|player|p1|MALESANI|238
|player|p2|PickledBeets|162
|gametype|singles
|gen|1
|tier|[Gen 1] Random Battle
|rated
|seed|51948,51604,19819,48495
|rule|Sleep Clause Mod: Limit one foe put to sleep
|rule|Freeze Clause Mod: Limit one foe frozen
|rule|HP Percentage Mod: HP is shown in percentages
|
|start
|switch|p1a: Meowth|Meowth, L96|272\/272
|switch|p2a: Poliwrath|Poliwrath, L85|327\/327
|turn|1
|choice|move 4|move 2
|
|move|p1a: Meowth|Body Slam|p2a: Poliwrath
|-damage|p2a: Poliwrath|251\/327
|move|p2a: Poliwrath|Hypnosis|p1a: Meowth
|-status|p1a: Meowth|slp
|
|turn|2
|choice|switch 4|move 1
|
|switch|p1a: Jynx|Jynx, L79|265\/265
|move|p2a: Poliwrath|Amnesia|p2a: Poliwrath
|-boost|p2a: Poliwrath|spd|2
|-boost|p2a: Poliwrath|spa|2
|
|turn|3
|choice|move 4|move 4
|
|move|p1a: Jynx|Lovely Kiss|p2a: Poliwrath
|-status|p2a: Poliwrath|slp
|-curestatus|p2a: Poliwrath|slp
|
|turn|4
|choice|move 4|move 4
|
|move|p1a: Jynx|Lovely Kiss|p2a: Poliwrath
|-status|p2a: Poliwrath|slp
|cant|p2a: Poliwrath|slp
|
|turn|5
|choice|move 3|switch 3
|
|switch|p2a: Kadabra|Kadabra, L85|242\/242
|move|p1a: Jynx|Mimic|p2a: Kadabra
|-start|p1a: Jynx|Mimic|Seismic Toss
|
|turn|6
|choice|move 1|move 2
|
|move|p2a: Kadabra|Thunder Wave|p1a: Jynx
|-status|p1a: Jynx|par
|move|p1a: Jynx|Blizzard|p2a: Kadabra
|-damage|p2a: Kadabra|155\/242
|
|turn|7
|choice|move 1|move 4
|
|move|p2a: Kadabra|Seismic Toss|p1a: Jynx
|-damage|p1a: Jynx|180\/265 par
|cant|p1a: Jynx|par
|
|turn|8
|choice|move 1|move 4
|
|move|p2a: Kadabra|Seismic Toss|p1a: Jynx
|-damage|p1a: Jynx|95\/265 par
|move|p1a: Jynx|Blizzard|p2a: Kadabra
|-crit|p2a: Kadabra
|-damage|p2a: Kadabra|0 fnt
|faint|p2a: Kadabra
|choice||switch 2
|
|switch|p2a: Pidgeotto|Pidgeotto, L90|297\/297
|turn|9
|choice|switch 3|move 1
|
|switch|p1a: Sandslash|Sandslash, L85|301\/301
|move|p2a: Pidgeotto|Double-Edge|p1a: Sandslash
|-damage|p1a: Sandslash|217\/301
|-damage|p2a: Pidgeotto|276\/297|[from] recoil|[of] p1a: Sandslash
|
|turn|10
|choice|move 3|move 4
|
|move|p2a: Pidgeotto|Reflect|p2a: Pidgeotto
|-start|p2a: Pidgeotto|Reflect
|move|p1a: Sandslash|Body Slam|p2a: Pidgeotto
|-damage|p2a: Pidgeotto|235\/297
|
|turn|11
|choice|switch 6|move 2
|
|switch|p1a: Metapod|Metapod, L99|300\/300
|move|p2a: Pidgeotto|Mirror Move|p2a: Pidgeotto
|-fail|p2a: Pidgeotto
|
|turn|12
|choice|move 1|move 1
|
|move|p2a: Pidgeotto|Double-Edge|p1a: Metapod
|-damage|p1a: Metapod|200\/300
|-damage|p2a: Pidgeotto|210\/297|[from] recoil|[of] p1a: Metapod
|move|p1a: Metapod|String Shot|p2a: Pidgeotto
|-unboost|p2a: Pidgeotto|spe|1
|
|turn|13
|choice|move 1|move 1
|
|move|p1a: Metapod|String Shot|p2a: Pidgeotto
|-unboost|p2a: Pidgeotto|spe|1
|move|p2a: Pidgeotto|Double-Edge|p1a: Metapod|[miss]
|-miss|p2a: Pidgeotto
|
|turn|14
|choice|move 2|move 1
|
|move|p1a: Metapod|Tackle|p2a: Pidgeotto
|-damage|p2a: Pidgeotto|199\/297
|move|p2a: Pidgeotto|Double-Edge|p1a: Metapod
|-crit|p1a: Metapod
|-damage|p1a: Metapod|0 fnt
|-damage|p2a: Pidgeotto|149\/297|[from] recoil|[of] p1a: Metapod
|faint|p1a: Metapod
|choice|switch 5|
|
|switch|p1a: Poliwrath|Poliwrath, L85|327\/327
|turn|15
|choice|move 3|move 3
|
|move|p1a: Poliwrath|Blizzard|p2a: Pidgeotto
|-supereffective|p2a: Pidgeotto
|-damage|p2a: Pidgeotto|0 fnt
|faint|p2a: Pidgeotto
|choice||switch 4
|
|switch|p2a: Nidorina|Nidorina, L90|309\/309
|turn|16
|choice|switch 6|move 1
|
|switch|p1a: Sandslash|Sandslash, L85|217\/301
|move|p2a: Nidorina|Thunder|p1a: Sandslash
|-immune|p1a: Sandslash|[msg]
|
|turn|17
|choice|move 1|move 3
|
|move|p1a: Sandslash|Earthquake|p2a: Nidorina
|-supereffective|p2a: Nidorina
|-damage|p2a: Nidorina|59\/309
|move|p2a: Nidorina|Bubble Beam|p1a: Sandslash
|-supereffective|p1a: Sandslash
|-damage|p1a: Sandslash|111\/301
|
|turn|18
|choice|move 1|move 3
|
|move|p1a: Sandslash|Earthquake|p2a: Nidorina
|-supereffective|p2a: Nidorina
|-damage|p2a: Nidorina|0 fnt
|faint|p2a: Nidorina
|choice||switch 5
|
|switch|p2a: Tauros|Tauros, L79|280\/280
|turn|19
|choice|move 1|move 2
|
|move|p2a: Tauros|Blizzard|p1a: Sandslash
|-supereffective|p1a: Sandslash
|-damage|p1a: Sandslash|0 fnt
|faint|p1a: Sandslash
|choice|switch 6|
|
|switch|p1a: Poliwrath|Poliwrath, L85|327\/327
|turn|20
|choice|move 4|switch 3
|
|switch|p2a: Poliwrath|Poliwrath, L85|251\/327 slp
|move|p1a: Poliwrath|Submission|p2a: Poliwrath
|-damage|p2a: Poliwrath|173\/327 slp
|-damage|p1a: Poliwrath|308\/327|[from] recoil|[of] p2a: Poliwrath
|
|turn|21
|choice|move 1|move 2
|
|move|p1a: Poliwrath|Amnesia|p1a: Poliwrath
|-boost|p1a: Poliwrath|spd|2
|-boost|p1a: Poliwrath|spa|2
|cant|p2a: Poliwrath|slp
|
|turn|22
|choice|move 1|move 2
|
|move|p1a: Poliwrath|Amnesia|p1a: Poliwrath
|-boost|p1a: Poliwrath|spd|2
|-boost|p1a: Poliwrath|spa|2
|-curestatus|p2a: Poliwrath|slp
|
|turn|23
|choice|move 2|move 2
|
|move|p1a: Poliwrath|Surf|p2a: Poliwrath
|-resisted|p2a: Poliwrath
|-damage|p2a: Poliwrath|32\/327
|move|p2a: Poliwrath|Hypnosis|p1a: Poliwrath
|-message|Sleep Clause Mod activated.
|
|turn|24
|-message|PickledBeets forfeited.
|
|win|MALESANI
|leave|PickledBeets
|player|p2
|raw|MALESANI's rating: 1405 &rarr; <strong>1416<\/strong><br \/>(+11 for winning)
|raw|PickledBeets's rating: 1232 &rarr; <strong>1219<\/strong><br \/>(-13 for losing)