|j|Buts X
|j|optic gold
|player|p1|Buts X|2
|player|p2|optic gold|262
|gametype|singles
|gen|1
|tier|[Gen 1] Random Battle
|rated
|seed|
|rule|Sleep Clause Mod: Limit one foe put to sleep
|rule|Freeze Clause Mod: Limit one foe frozen
|rule|HP Percentage Mod: HP is shown in percentages
|
|start
|switch|p1a: Charmander|Charmander, L96|100\/100
|switch|p2a: Pinsir|Pinsir, L85|100\/100
|turn|1
|choice||
|
|switch|p2a: Wigglytuff|Wigglytuff, L90|100\/100
|move|p1a: Charmander|Substitute|p1a: Charmander
|-start|p1a: Charmander|Substitute
|-damage|p1a: Charmander|76\/100
|
|turn|2
|choice||
|
|move|p1a: Charmander|Seismic Toss|p2a: Wigglytuff
|-damage|p2a: Wigglytuff|78\/100
|move|p2a: Wigglytuff|Bubble Beam|p1a: Charmander
|-crit|p1a: Charmander
|-supereffective|p1a: Charmander
|-end|p1a: Charmander|Substitute
|
|turn|3
|choice||
|
|move|p1a: Charmander|Slash|p2a: Wigglytuff
|-crit|p2a: Wigglytuff
|-damage|p2a: Wigglytuff|50\/100
|move|p2a: Wigglytuff|Bubble Beam|p1a: Charmander
|-supereffective|p1a: Charmander
|-damage|p1a: Charmander|44\/100
|
|turn|4
|choice||
|
|move|p1a: Charmander|Slash|p2a: Wigglytuff
|-crit|p2a: Wigglytuff
|-damage|p2a: Wigglytuff|23\/100
|move|p2a: Wigglytuff|Bubble Beam|p1a: Charmander
|-supereffective|p1a: Charmander
|-damage|p1a: Charmander|10\/100
|
|turn|5
|choice||
|
|move|p1a: Charmander|Slash|p2a: Wigglytuff
|-crit|p2a: Wigglytuff
|-damage|p2a: Wigglytuff|0 fnt
|faint|p2a: Wigglytuff
|choice||
|
|switch|p2a: Rapidash|Rapidash, L90|100\/100
|turn|6
|choice||
|
|move|p2a: Rapidash|Hyper Beam|p1a: Charmander
|-damage|p1a: Charmander|0 fnt
|faint|p1a: Charmander
|choice||
|
|switch|p1a: Omastar|Omastar, L90|100\/100
|turn|7
|choice||
|
|switch|p2a: Mewtwo|Mewtwo, L68|100\/100
|move|p1a: Omastar|Blizzard|p2a: Mewtwo
|-crit|p2a: Mewtwo
|-damage|p2a: Mewtwo|42\/100
|
|turn|8
|choice||
|
|move|p2a: Mewtwo|Amnesia|p2a: Mewtwo
|-boost|p2a: Mewtwo|spd|2
|-boost|p2a: Mewtwo|spa|2
|move|p1a: Omastar|Surf|p2a: Mewtwo
|-damage|p2a: Mewtwo|23\/100
|
|turn|9
|choice||
|
|move|p2a: Mewtwo|Psychic|p1a: Omastar
|-damage|p1a: Omastar|56\/100
|-unboost|p1a: Omastar|spd|1
|-unboost|p1a: Omastar|spa|1
|move|p1a: Omastar|Seismic Toss|p2a: Mewtwo
|-damage|p2a: Mewtwo|0 fnt
|faint|p2a: Mewtwo
|choice||
|
|switch|p2a: Pinsir|Pinsir, L85|100\/100
|turn|10
|choice||
|
|switch|p1a: Weezing|Weezing, L90|100\/100
|move|p2a: Pinsir|Submission|p1a: Weezing
|-resisted|p1a: Weezing
|-damage|p1a: Weezing|91\/100
|-damage|p2a: Pinsir|98\/100|[from] recoil|[of] p1a: Weezing
|
|turn|11
|choice||
|
|switch|p2a: Marowak|Marowak, L90|100\/100
|move|p1a: Weezing|Fire Blast|p2a: Marowak|[miss]
|-miss|p1a: Weezing
|
|turn|12
|choice||
|
|switch|p1a: Clefable|Clefable, L85|100\/100
|move|p2a: Marowak|Earthquake|p1a: Clefable
|-damage|p1a: Clefable|66\/100
|
|turn|13
|choice||
|
|move|p1a: Clefable|Blizzard|p2a: Marowak
|-supereffective|p2a: Marowak
|-damage|p2a: Marowak|24\/100
|move|p2a: Marowak|Earthquake|p1a: Clefable
|-damage|p1a: Clefable|34\/100
|
|turn|14
|choice||
|
|switch|p2a: Rapidash|Rapidash, L90|100\/100
|move|p1a: Clefable|Blizzard|p2a: Rapidash
|-damage|p2a: Rapidash|75\/100
|
|turn|15
|choice||
|
|move|p2a: Rapidash|Fire Blast|p1a: Clefable
|-damage|p1a: Clefable|0 fnt
|faint|p1a: Clefable
|choice||
|
|switch|p1a: Omastar|Omastar, L90|56\/100
|turn|16
|choice||
|
|switch|p2a: Pinsir|Pinsir, L85|98\/100
|move|p1a: Omastar|Surf|p2a: Pinsir
|-damage|p2a: Pinsir|37\/100
|
|turn|17
|choice||
|
|switch|p1a: Weezing|Weezing, L90|91\/100
|move|p2a: Pinsir|Submission|p1a: Weezing
|-resisted|p1a: Weezing
|-damage|p1a: Weezing|82\/100
|-damage|p2a: Pinsir|35\/100|[from] recoil|[of] p1a: Weezing
|
|turn|18
|choice||
|
|switch|p2a: Dragonite|Dragonite, L85|100\/100
|move|p1a: Weezing|Sludge|p2a: Dragonite
|-damage|p2a: Dragonite|79\/100
|
|turn|19
|choice||
|
|move|p2a: Dragonite|Substitute|p2a: Dragonite
|-start|p2a: Dragonite|Substitute
|-damage|p2a: Dragonite|54\/100
|move|p1a: Weezing|Explosion|p2a: Dragonite
|-end|p2a: Dragonite|Substitute
|
|turn|20
|choice||
|
|move|p2a: Dragonite|Substitute|p2a: Dragonite
|-start|p2a: Dragonite|Substitute
|-damage|p2a: Dragonite|29\/100
|move|p1a: Weezing|Explosion|p2a: Dragonite
|-end|p2a: Dragonite|Substitute
|
|turn|21
|c|★optic gold|what???
|choice||
|
|move|p2a: Dragonite|Hyper Beam|p1a: Weezing
|-damage|p1a: Weezing|50\/100
|move|p1a: Weezing|Thunderbolt|p2a: Dragonite
|-damage|p2a: Dragonite|10\/100
|
|turn|22
|-mustrecharge|p2a: Dragonite
|-mustrecharge|p2a: Dragonite
|choice||
|
|cant|p2a: Dragonite|recharge
|move|p1a: Weezing|Thunderbolt|p2a: Dragonite
|-damage|p2a: Dragonite|0 fnt
|faint|p2a: Dragonite
|choice||
|
|switch|p2a: Marowak|Marowak, L90|24\/100
|turn|23
|choice||
|
|move|p1a: Weezing|Sludge|p2a: Marowak
|-resisted|p2a: Marowak
|-damage|p2a: Marowak|14\/100
|-status|p2a: Marowak|psn
|move|p2a: Marowak|Earthquake|p1a: Weezing
|-supereffective|p1a: Weezing
|-damage|p1a: Weezing|0 fnt
|faint|p1a: Weezing
|choice||
|
|switch|p1a: Mr. Mime|Mr. Mime, L85|100\/100
|turn|24
|choice||
|
|move|p1a: Mr. Mime|Psychic|p2a: Marowak
|-damage|p2a: Marowak|0 fnt
|faint|p2a: Marowak
|choice||
|
|switch|p2a: Rapidash|Rapidash, L90|75\/100
|turn|25
|choice||
|
|move|p2a: Rapidash|Fire Blast|p1a: Mr. Mime
|-damage|p1a: Mr. Mime|54\/100
|-status|p1a: Mr. Mime|brn
|move|p1a: Mr. Mime|Thunder Wave|p2a: Rapidash
|-status|p2a: Rapidash|par
|-damage|p1a: Mr. Mime|48\/100 brn|[from] brn|[of] p2a: Rapidash
|
|turn|26
|choice||
|
|move|p1a: Mr. Mime|Psychic|p2a: Rapidash
|-crit|p2a: Rapidash
|-damage|p2a: Rapidash|13\/100 par
|-damage|p1a: Mr. Mime|42\/100 brn|[from] brn|[of] p2a: Rapidash
|move|p2a: Rapidash|Fire Blast|p1a: Mr. Mime
|-damage|p1a: Mr. Mime|0 fnt
|faint|p1a: Mr. Mime
|choice||
|
|switch|p1a: Onix|Onix, L90|100\/100
|turn|27
|choice||
|
|move|p1a: Onix|Earthquake|p2a: Rapidash
|-supereffective|p2a: Rapidash
|-damage|p2a: Rapidash|0 fnt
|faint|p2a: Rapidash
|choice||
|
|switch|p2a: Pinsir|Pinsir, L85|35\/100
|turn|28
|choice||
|
|move|p2a: Pinsir|Submission|p1a: Onix
|-supereffective|p1a: Onix
|-damage|p1a: Onix|68\/100
|-damage|p2a: Pinsir|28\/100|[from] recoil|[of] p1a: Onix
|move|p1a: Onix|Explosion|p2a: Pinsir
|-damage|p2a: Pinsir|0 fnt
|faint|p2a: Pinsir
|faint|p1a: Onix
|
|win|Buts X
|player|p1
|player|p2
|raw|Buts X's rating: 1350 &rarr; <strong>1363<\/strong><br \/>(+13 for winning)
|raw|optic gold's rating: 1224 &rarr; <strong>1208<\/strong><br \/>(-16 for losing)
|c|★optic gold|gg
|l|Buts X