|join|XianJu
|join|saad123
|player|p1|XianJu|130
|player|p2|saad123|101
|gametype|singles
|gen|1
|tier|[Gen 1] Random Battle
|rated
|seed|60168,21740,17937,55467
|rule|Sleep Clause Mod: Limit one foe put to sleep
|rule|Freeze Clause Mod: Limit one foe frozen
|rule|HP Percentage Mod: HP is shown in percentages
|
|start
|switch|p1a: Rattata|Rattata, L96|252\/252
|switch|p2a: Caterpie|Caterpie, L99|290\/290
|turn|1
|choice|move 1|move 2
|
|move|p1a: Rattata|Super Fang|p2a: Caterpie
|-damage|p2a: Caterpie|145\/290
|move|p2a: Caterpie|String Shot|p1a: Rattata
|-unboost|p1a: Rattata|spe|1
|
|turn|2
|choice|move 2|move 2
|
|move|p2a: Caterpie|String Shot|p1a: Rattata|[miss]
|-miss|p2a: Caterpie
|move|p1a: Rattata|Body Slam|p2a: Caterpie
|-damage|p2a: Caterpie|22\/290
|
|turn|3
|choice|move 2|move 2
|
|move|p2a: Caterpie|String Shot|p1a: Rattata
|-unboost|p1a: Rattata|spe|1
|move|p1a: Rattata|Body Slam|p2a: Caterpie
|-damage|p2a: Caterpie|0 fnt
|faint|p2a: Caterpie
|choice||switch 6
|
|switch|p2a: Snorlax|Snorlax, L79|415\/415
|turn|4
|choice|move 1|move 1
|
|move|p2a: Snorlax|Amnesia|p2a: Snorlax
|-boost|p2a: Snorlax|spd|2
|-boost|p2a: Snorlax|spa|2
|move|p1a: Rattata|Super Fang|p2a: Snorlax
|-damage|p2a: Snorlax|208\/415
|
|turn|5
|choice|move 1|move 4
|
|move|p2a: Snorlax|Ice Beam|p1a: Rattata
|-damage|p1a: Rattata|100\/252
|-status|p1a: Rattata|frz
|cant|p1a: Rattata|frz
|
|turn|6
|choice|switch 2|move 1
|
|switch|p1a: Poliwhirl|Poliwhirl, L85|284\/284
|move|p2a: Snorlax|Amnesia|p2a: Snorlax
|-boost|p2a: Snorlax|spd|2
|-boost|p2a: Snorlax|spa|2
|
|turn|7
|choice|move 4|move 3
|
|move|p1a: Poliwhirl|Hypnosis|p2a: Snorlax
|-status|p2a: Snorlax|slp
|cant|p2a: Snorlax|slp
|
|turn|8
|choice|switch 3|move 3
|
|switch|p1a: Farfetch'd|Farfetch'd, L99|304\/304
|-curestatus|p2a: Snorlax|slp
|
|turn|9
|choice|move 1|move 4
|
|move|p1a: Farfetch'd|Slash|p2a: Snorlax
|-crit|p2a: Snorlax
|-damage|p2a: Snorlax|6\/415
|move|p2a: Snorlax|Ice Beam|p1a: Farfetch'd|[miss]
|-miss|p2a: Snorlax
|
|turn|10
|choice|move 1|move 2
|
|move|p1a: Farfetch'd|Slash|p2a: Snorlax
|-crit|p2a: Snorlax
|-damage|p2a: Snorlax|0 fnt
|faint|p2a: Snorlax
|choice||switch 4
|
|switch|p2a: Articuno|Articuno, L79|304\/304
|turn|11
|choice|switch 3|move 4
|
|switch|p1a: Poliwhirl|Poliwhirl, L85|284\/284
|move|p2a: Articuno|Reflect|p2a: Articuno
|-start|p2a: Articuno|Reflect
|
|turn|12
|choice|move 4|move 1
|
|move|p1a: Poliwhirl|Hypnosis|p2a: Articuno|[miss]
|-miss|p1a: Poliwhirl
|move|p2a: Articuno|Blizzard|p1a: Poliwhirl
|-resisted|p1a: Poliwhirl
|-damage|p1a: Poliwhirl|191\/284
|
|turn|13
|choice|move 4|move 3
|
|move|p1a: Poliwhirl|Hypnosis|p2a: Articuno
|-status|p2a: Articuno|slp
|-curestatus|p2a: Articuno|slp
|
|turn|14
|choice|move 4|move 3
|
|move|p1a: Poliwhirl|Hypnosis|p2a: Articuno
|-status|p2a: Articuno|slp
|cant|p2a: Articuno|slp
|
|turn|15
|choice|move 1|move 1
|
|move|p1a: Poliwhirl|Amnesia|p1a: Poliwhirl
|-boost|p1a: Poliwhirl|spd|2
|-boost|p1a: Poliwhirl|spa|2
|-curestatus|p2a: Articuno|slp
|
|turn|16
|choice|move 3|move 1
|
|move|p1a: Poliwhirl|Psychic|p2a: Articuno
|-damage|p2a: Articuno|229\/304
|move|p2a: Articuno|Blizzard|p1a: Poliwhirl
|-crit|p1a: Poliwhirl
|-resisted|p1a: Poliwhirl
|-damage|p1a: Poliwhirl|19\/284
|
|turn|17
|choice|move 4|move 3
|
|move|p1a: Poliwhirl|Hypnosis|p2a: Articuno|[miss]
|-miss|p1a: Poliwhirl
|move|p2a: Articuno|Mimic|p1a: Poliwhirl
|-start|p2a: Articuno|Mimic|Psychic
|
|turn|18
|choice|move 4|move 3
|
|move|p1a: Poliwhirl|Hypnosis|p2a: Articuno|[miss]
|-miss|p1a: Poliwhirl
|move|p2a: Articuno|Psychic|p1a: Poliwhirl
|-damage|p1a: Poliwhirl|0 fnt
|faint|p1a: Poliwhirl
|choice|switch 6|
|
|switch|p1a: Mew|Mew, L74|300\/300
|turn|19
|choice|move 2|move 1
|
|move|p1a: Mew|Thunderbolt|p2a: Articuno
|-supereffective|p2a: Articuno
|-damage|p2a: Articuno|133\/304
|move|p2a: Articuno|Blizzard|p1a: Mew
|-damage|p1a: Mew|152\/300
|
|turn|20
|choice|move 2|move 2
|
|move|p1a: Mew|Thunderbolt|p2a: Articuno
|-crit|p2a: Articuno
|-supereffective|p2a: Articuno
|-damage|p2a: Articuno|0 fnt
|faint|p2a: Articuno
|choice||switch 3
|
|switch|p2a: Jolteon|Jolteon, L79|265\/265
|turn|21
|choice|move 4|move 1
|
|move|p2a: Jolteon|Thunderbolt|p1a: Mew
|-crit|p1a: Mew
|-damage|p1a: Mew|0 fnt
|faint|p1a: Mew
|choice|switch 5|
|
|switch|p1a: Hypno|Hypno, L85|318\/318
|turn|22
|choice|move 4|move 1
|
|move|p2a: Jolteon|Thunderbolt|p1a: Hypno
|-damage|p1a: Hypno|242\/318
|move|p1a: Hypno|Hypnosis|p2a: Jolteon
|-status|p2a: Jolteon|slp
|
|turn|23
|choice|switch 3|move 3
|
|switch|p1a: Farfetch'd|Farfetch'd, L99|304\/304
|cant|p2a: Jolteon|slp
|
|turn|24
|choice|move 2|move 1
|
|cant|p2a: Jolteon|slp
|move|p1a: Farfetch'd|Substitute|p1a: Farfetch'd
|-start|p1a: Farfetch'd|Substitute
|-damage|p1a: Farfetch'd|228\/304
|
|turn|25
|choice|move 1|move 1
|
|-curestatus|p2a: Jolteon|slp
|move|p1a: Farfetch'd|Slash|p2a: Jolteon
|-crit|p2a: Jolteon
|-damage|p2a: Jolteon|72\/265
|
|turn|26
|choice|move 1|move 1
|
|move|p2a: Jolteon|Thunderbolt|p1a: Farfetch'd
|-supereffective|p1a: Farfetch'd
|-end|p1a: Farfetch'd|Substitute
|move|p1a: Farfetch'd|Slash|p2a: Jolteon
|-crit|p2a: Jolteon
|-damage|p2a: Jolteon|0 fnt
|faint|p2a: Jolteon
|choice||switch 5
|
|switch|p2a: Dragonite|Dragonite, L85|328\/328
|turn|27
|choice|move 3|move 2
|
|move|p2a: Dragonite|Thunder|p1a: Farfetch'd
|-supereffective|p1a: Farfetch'd
|-damage|p1a: Farfetch'd|23\/304
|move|p1a: Farfetch'd|Body Slam|p2a: Dragonite
|-damage|p2a: Dragonite|241\/328
|
|turn|28
|choice|switch 2|move 4
|
|switch|p1a: Rattata|Rattata, L96|100\/252 frz
|move|p2a: Dragonite|Surf|p1a: Rattata
|-damage|p1a: Rattata|0 fnt
|faint|p1a: Rattata
|choice|switch 4|
|
|switch|p1a: Dragonair|Dragonair, L85|277\/277
|turn|29
|choice|move 3|move 1
|
|move|p2a: Dragonite|Body Slam|p1a: Dragonair
|-damage|p1a: Dragonair|188\/277
|move|p1a: Dragonair|Blizzard|p2a: Dragonite
|-supereffective|p2a: Dragonite
|-damage|p2a: Dragonite|0 fnt
|faint|p2a: Dragonite
|choice||switch 2
|
|switch|p2a: Mewtwo|Mewtwo, L68|285\/285
|turn|30
|choice|move 2|move 1
|
|move|p2a: Mewtwo|Psychic|p1a: Dragonair
|-damage|p1a: Dragonair|79\/277
|-unboost|p1a: Dragonair|spd|1
|-unboost|p1a: Dragonair|spa|1
|move|p1a: Dragonair|Thunder Wave|p2a: Mewtwo
|-status|p2a: Mewtwo|par
|
|turn|31
|choice|move 3|move 1
|
|move|p1a: Dragonair|Blizzard|p2a: Mewtwo|[miss]
|-miss|p1a: Dragonair
|move|p2a: Mewtwo|Psychic|p1a: Dragonair
|-damage|p1a: Dragonair|0 fnt
|faint|p1a: Dragonair
|c|★saad123|gg
|choice|switch 2|
|
|switch|p1a: Farfetch'd|Farfetch'd, L99|23\/304
|turn|32
|choice|move 4|move 1
|
|move|p1a: Farfetch'd|Sand Attack|p2a: Mewtwo
|-unboost|p2a: Mewtwo|accuracy|1
|move|p2a: Mewtwo|Psychic|p1a: Farfetch'd
|-damage|p1a: Farfetch'd|0 fnt
|faint|p1a: Farfetch'd
|choice|switch 3|
|
|switch|p1a: Hypno|Hypno, L85|242\/318
|turn|33
|choice|move 1|move 2
|
|move|p1a: Hypno|Psychic|p2a: Mewtwo
|-resisted|p2a: Mewtwo
|-damage|p2a: Mewtwo|243\/285 par
|move|p2a: Mewtwo|Thunder Wave|p1a: Hypno
|-status|p1a: Hypno|par
|
|turn|34
|choice|move 1|move 1
|
|move|p1a: Hypno|Psychic|p2a: Mewtwo
|-resisted|p2a: Mewtwo
|-damage|p2a: Mewtwo|199\/285 par
|move|p2a: Mewtwo|Psychic|p1a: Hypno
|-resisted|p1a: Hypno
|-damage|p1a: Hypno|206\/318 par
|
|turn|35
|choice|move 1|move 1
|
|move|p1a: Hypno|Psychic|p2a: Mewtwo
|-resisted|p2a: Mewtwo
|-damage|p2a: Mewtwo|150\/285 par
|cant|p2a: Mewtwo|par
|
|turn|36
|choice|move 1|move 4
|
|move|p1a: Hypno|Psychic|p2a: Mewtwo
|-resisted|p2a: Mewtwo
|-damage|p2a: Mewtwo|102\/285 par
|move|p2a: Mewtwo|Recover|p2a: Mewtwo
|-heal|p2a: Mewtwo|244\/285 par
|
|turn|37
|choice|move 1|move 1
|
|move|p1a: Hypno|Psychic|p2a: Mewtwo
|-resisted|p2a: Mewtwo
|-damage|p2a: Mewtwo|202\/285 par
|-unboost|p2a: Mewtwo|spd|1
|-unboost|p2a: Mewtwo|spa|1
|move|p2a: Mewtwo|Psychic|p1a: Hypno|[miss]
|-miss|p2a: Mewtwo
|
|turn|38
|choice|move 1|move 1
|
|cant|p1a: Hypno|par
|move|p2a: Mewtwo|Psychic|p1a: Hypno
|-resisted|p1a: Hypno
|-damage|p1a: Hypno|183\/318 par
|
|turn|39
|choice|move 1|move 1
|
|move|p1a: Hypno|Psychic|p2a: Mewtwo
|-resisted|p2a: Mewtwo
|-damage|p2a: Mewtwo|128\/285 par
|move|p2a: Mewtwo|Psychic|p1a: Hypno
|-resisted|p1a: Hypno
|-damage|p1a: Hypno|159\/318 par
|
|turn|40
|choice|move 1|move 4
|
|cant|p1a: Hypno|par
|move|p2a: Mewtwo|Recover|p2a: Mewtwo
|-heal|p2a: Mewtwo|270\/285 par
|
|turn|41
|choice|move 1|move 1
|
|move|p1a: Hypno|Psychic|p2a: Mewtwo
|-crit|p2a: Mewtwo
|-resisted|p2a: Mewtwo
|-damage|p2a: Mewtwo|177\/285 par
|move|p2a: Mewtwo|Psychic|p1a: Hypno
|-resisted|p1a: Hypno
|-damage|p1a: Hypno|136\/318 par
|-unboost|p1a: Hypno|spd|1
|-unboost|p1a: Hypno|spa|1
|
|turn|42
|choice|move 1|move 1
|
|move|p1a: Hypno|Psychic|p2a: Mewtwo
|-resisted|p2a: Mewtwo
|-damage|p2a: Mewtwo|131\/285 par
|cant|p2a: Mewtwo|par
|
|turn|43
|choice|move 1|move 4
|
|move|p1a: Hypno|Psychic|p2a: Mewtwo
|-resisted|p2a: Mewtwo
|-damage|p2a: Mewtwo|87\/285 par
|-unboost|p2a: Mewtwo|spd|1
|-unboost|p2a: Mewtwo|spa|1
|move|p2a: Mewtwo|Recover|p2a: Mewtwo
|-heal|p2a: Mewtwo|229\/285 par
|
|turn|44
|choice|move 1|move 1
|
|move|p1a: Hypno|Psychic|p2a: Mewtwo
|-resisted|p2a: Mewtwo
|-damage|p2a: Mewtwo|166\/285 par
|move|p2a: Mewtwo|Psychic|p1a: Hypno|[miss]
|-miss|p2a: Mewtwo
|
|turn|45
|choice|move 1|move 1
|
|cant|p1a: Hypno|par
|cant|p2a: Mewtwo|par
|
|turn|46
|choice|move 1|move 4
|
|move|p1a: Hypno|Psychic|p2a: Mewtwo
|-resisted|p2a: Mewtwo
|-damage|p2a: Mewtwo|110\/285 par
|cant|p2a: Mewtwo|par
|
|turn|47
|choice|move 1|move 4
|
|move|p1a: Hypno|Psychic|p2a: Mewtwo
|-resisted|p2a: Mewtwo
|-damage|p2a: Mewtwo|46\/285 par
|cant|p2a: Mewtwo|par
|
|turn|48
|choice|move 1|move 4
|
|cant|p1a: Hypno|par
|move|p2a: Mewtwo|Recover|p2a: Mewtwo
|-heal|p2a: Mewtwo|188\/285 par
|
|turn|49
|choice|move 1|move 4
|
|move|p1a: Hypno|Psychic|p2a: Mewtwo
|-resisted|p2a: Mewtwo
|-damage|p2a: Mewtwo|127\/285 par
|cant|p2a: Mewtwo|par
|
|turn|50
|choice|move 1|move 4
|
|move|p1a: Hypno|Psychic|p2a: Mewtwo
|-crit|p2a: Mewtwo
|-resisted|p2a: Mewtwo
|-damage|p2a: Mewtwo|43\/285 par
|move|p2a: Mewtwo|Recover|p2a: Mewtwo
|-heal|p2a: Mewtwo|185\/285 par
|
|turn|51
|choice|move 1|move 4
|
|move|p1a: Hypno|Psychic|p2a: Mewtwo
|-resisted|p2a: Mewtwo
|-damage|p2a: Mewtwo|126\/285 par
|move|p2a: Mewtwo|Recover|p2a: Mewtwo
|-heal|p2a: Mewtwo|268\/285 par
|
|turn|52
|choice|move 1|move 1
|
|move|p1a: Hypno|Psychic|p2a: Mewtwo
|-resisted|p2a: Mewtwo
|-damage|p2a: Mewtwo|212\/285 par
|move|p2a: Mewtwo|Psychic|p1a: Hypno
|-resisted|p1a: Hypno
|-damage|p1a: Hypno|107\/318 par
|
|turn|53
|choice|move 2|move 1
|
|cant|p1a: Hypno|par
|move|p2a: Mewtwo|Psychic|p1a: Hypno
|-resisted|p1a: Hypno
|-damage|p1a: Hypno|78\/318 par
|
|turn|54
|choice|move 2|move 1
|
|move|p1a: Hypno|Rest|p1a: Hypno
|-status|p1a: Hypno|slp
|-heal|p1a: Hypno|318\/318 slp|[silent]
|-status|p1a: Hypno|slp|[from] move: Rest
|move|p2a: Mewtwo|Psychic|p1a: Hypno|[miss]
|-miss|p2a: Mewtwo
|
|turn|55
|choice|move 2|move 1
|
|cant|p1a: Hypno|slp
|cant|p2a: Mewtwo|par
|
|turn|56
|choice|move 2|move 4
|
|-curestatus|p1a: Hypno|slp
|cant|p2a: Mewtwo|par
|
|turn|57
|choice|move 4|move 2
|
|move|p1a: Hypno|Hypnosis|p2a: Mewtwo|[miss]
|-miss|p1a: Hypno
|move|p2a: Mewtwo|Thunder Wave|p1a: Hypno
|-status|p1a: Hypno|par
|
|turn|58
|choice|move 4|move 4
|
|move|p1a: Hypno|Hypnosis|p2a: Mewtwo
|-fail|p2a: Mewtwo
|move|p2a: Mewtwo|Recover|p2a: Mewtwo
|-heal|p2a: Mewtwo|285\/285 par
|
|turn|59
|choice|move 4|move 1
|
|move|p1a: Hypno|Hypnosis|p2a: Mewtwo
|-fail|p2a: Mewtwo
|move|p2a: Mewtwo|Psychic|p1a: Hypno
|-resisted|p1a: Hypno
|-damage|p1a: Hypno|290\/318 par
|
|turn|60
|c|★saad123|this is gonna be a draw
|choice|move 4|move 3
|
|move|p1a: Hypno|Hypnosis|p2a: Mewtwo|[miss]
|-miss|p1a: Hypno
|move|p2a: Mewtwo|Amnesia|p2a: Mewtwo
|
|turn|61
|choice|move 4|move 3
|
|move|p1a: Hypno|Hypnosis|p2a: Mewtwo|[miss]
|-miss|p1a: Hypno
|move|p2a: Mewtwo|Amnesia|p2a: Mewtwo
|-boost|p2a: Mewtwo|spd|2
|-boost|p2a: Mewtwo|spa|2
|
|turn|62
|choice|move 4|move 3
|
|cant|p2a: Mewtwo|par
|move|p1a: Hypno|Hypnosis|p2a: Mewtwo|[miss]
|-miss|p1a: Hypno
|
|turn|63
|choice|move 4|move 1
|
|move|p2a: Mewtwo|Psychic|p1a: Hypno
|-resisted|p1a: Hypno
|-damage|p1a: Hypno|183\/318 par
|move|p1a: Hypno|Hypnosis|p2a: Mewtwo|[miss]
|-miss|p1a: Hypno
|
|turn|64
|choice|move 2|move 1
|
|cant|p2a: Mewtwo|par
|move|p1a: Hypno|Rest|p1a: Hypno
|-status|p1a: Hypno|slp
|-heal|p1a: Hypno|318\/318 slp|[silent]
|-status|p1a: Hypno|slp|[from] move: Rest
|
|turn|65
|choice|move 2|move 1
|
|move|p2a: Mewtwo|Psychic|p1a: Hypno
|-resisted|p1a: Hypno
|-damage|p1a: Hypno|213\/318 slp
|-unboost|p1a: Hypno|spd|1
|-unboost|p1a: Hypno|spa|1
|cant|p1a: Hypno|slp
|
|turn|66
|choice|move 2|move 1
|
|move|p2a: Mewtwo|Psychic|p1a: Hypno
|-resisted|p1a: Hypno
|-damage|p1a: Hypno|78\/318 slp
|-unboost|p1a: Hypno|spd|1
|-unboost|p1a: Hypno|spa|1
|-curestatus|p1a: Hypno|slp
|
|turn|67
|choice|move 4|move 2
|
|move|p2a: Mewtwo|Thunder Wave|p1a: Hypno
|-status|p1a: Hypno|par
|cant|p1a: Hypno|par
|
|turn|68
|choice|move 4|move 3
|
|cant|p1a: Hypno|par
|move|p2a: Mewtwo|Amnesia|p2a: Mewtwo
|-boost|p2a: Mewtwo|spd|2
|-boost|p2a: Mewtwo|spa|2
|
|turn|69
|choice|move 4|move 3
|
|move|p2a: Mewtwo|Amnesia|p2a: Mewtwo
|-boost|p2a: Mewtwo|spd|2
|-boost|p2a: Mewtwo|spa|2
|move|p1a: Hypno|Hypnosis|p2a: Mewtwo|[miss]
|-miss|p1a: Hypno
|
|turn|70
|choice|move 4|move 3
|
|move|p1a: Hypno|Hypnosis|p2a: Mewtwo
|-fail|p2a: Mewtwo
|cant|p2a: Mewtwo|par
|
|turn|71
|choice|move 4|move 3
|
|cant|p1a: Hypno|par
|move|p2a: Mewtwo|Amnesia|p2a: Mewtwo
|-boost|p2a: Mewtwo|spd|2
|-boost|p2a: Mewtwo|spa|2
|
|turn|72
|choice|move 4|move 3
|
|cant|p2a: Mewtwo|par
|move|p1a: Hypno|Hypnosis|p2a: Mewtwo
|-fail|p2a: Mewtwo
|
|turn|73
|choice|move 2|move 3
|
|move|p1a: Hypno|Rest|p1a: Hypno
|-status|p1a: Hypno|slp
|-heal|p1a: Hypno|318\/318 slp|[silent]
|-status|p1a: Hypno|slp|[from] move: Rest
|cant|p2a: Mewtwo|par
|
|turn|74
|choice|move 2|move 3
|
|cant|p2a: Mewtwo|par
|cant|p1a: Hypno|slp
|
|turn|75
|choice|move 2|move 3
|
|-curestatus|p1a: Hypno|slp
|move|p2a: Mewtwo|Amnesia|p2a: Mewtwo
|-boost|p2a: Mewtwo|spd|2
|-boost|p2a: Mewtwo|spa|2
|
|turn|76
|choice|move 4|move 2
|
|move|p1a: Hypno|Hypnosis|p2a: Mewtwo
|-fail|p2a: Mewtwo
|move|p2a: Mewtwo|Thunder Wave|p1a: Hypno
|-status|p1a: Hypno|par
|
|turn|77
|choice|move 4|move 3
|
|move|p1a: Hypno|Hypnosis|p2a: Mewtwo|[miss]
|-miss|p1a: Hypno
|move|p2a: Mewtwo|Amnesia|p2a: Mewtwo
|-boost|p2a: Mewtwo|spd|2
|-boost|p2a: Mewtwo|spa|2
|
|turn|78
|choice|move 4|move 3
|
|move|p2a: Mewtwo|Amnesia|p2a: Mewtwo
|-boost|p2a: Mewtwo|spd|2
|-boost|p2a: Mewtwo|spa|2
|move|p1a: Hypno|Hypnosis|p2a: Mewtwo
|-fail|p2a: Mewtwo
|
|turn|79
|choice|move 4|move 3
|
|move|p2a: Mewtwo|Amnesia|p2a: Mewtwo
|-boost|p2a: Mewtwo|spd|2
|-boost|p2a: Mewtwo|spa|2
|move|p1a: Hypno|Hypnosis|p2a: Mewtwo|[miss]
|-miss|p1a: Hypno
|
|turn|80
|choice|move 4|move 3
|
|cant|p2a: Mewtwo|par
|move|p1a: Hypno|Hypnosis|p2a: Mewtwo
|-fail|p2a: Mewtwo
|
|turn|81
|choice|move 4|move 3
|
|move|p2a: Mewtwo|Amnesia|p2a: Mewtwo
|-boost|p2a: Mewtwo|spd|2
|-boost|p2a: Mewtwo|spa|2
|move|p1a: Hypno|Hypnosis|p2a: Mewtwo
|-fail|p2a: Mewtwo
|
|turn|82
|c|★saad123|bro ima let u win
|-message|saad123 forfeited.
|
|win|XianJu
|leave|saad123
|player|p2
|raw|XianJu's rating: 1259 &rarr; <strong>1270<\/strong><br \/>(+11 for winning)
|raw|saad123's rating: 1036 &rarr; <strong>1029<\/strong><br \/>(-7 for losing)
|c|★XianJu|let me? what do you mean by that
|c|★XianJu|i have rest to save moves when you struggle
|c|★XianJu|and also TW
|c|★XianJu|therefore more moves left
|c|★XianJu|so you would be forced to struggle to death before i would
|c|★XianJu|but thanks for "letting" me win