|j|victorhugogtostes
|j|UchuStar
|player|p1|victorhugogtostes|265
|player|p2|UchuStar|286
|gametype|singles
|gen|1
|tier|[Gen 1] OU
|rated
|seed|
|rule|Sleep Clause Mod: Limit one foe put to sleep
|rule|Freeze Clause Mod: Limit one foe frozen
|rule|Species Clause: Limit one of each Pokémon
|rule|OHKO Clause: OHKO moves are banned
|rule|Evasion Moves Clause: Evasion moves are banned
|rule|HP Percentage Mod: HP is shown in percentages
|
|start
|switch|p1a: Sabrina|Persian|100\/100
|switch|p2a: Lapras|Lapras|100\/100
|turn|1
|choice||
|
|move|p1a: Sabrina|Thunderbolt|p2a: Lapras
|-crit|p2a: Lapras
|-supereffective|p2a: Lapras
|-damage|p2a: Lapras|55\/100
|move|p2a: Lapras|Ice Beam|p1a: Sabrina
|-damage|p1a: Sabrina|60\/100
|
|turn|2
|choice||
|
|move|p1a: Sabrina|Hyper Beam|p2a: Lapras
|-crit|p2a: Lapras
|-damage|p2a: Lapras|6\/100
|move|p2a: Lapras|Confuse Ray|p1a: Sabrina
|-start|p1a: Sabrina|confusion
|
|turn|3
|-mustrecharge|p1a: Sabrina
|-mustrecharge|p1a: Sabrina
|choice||
|
|cant|p1a: Sabrina|recharge
|move|p2a: Lapras|Ice Beam|p1a: Sabrina
|-damage|p1a: Sabrina|21\/100
|
|turn|4
|choice||
|
|-activate|p1a: Sabrina|confusion
|move|p1a: Sabrina|Thunderbolt|p2a: Lapras
|-supereffective|p2a: Lapras
|-damage|p2a: Lapras|0 fnt
|faint|p2a: Lapras
|choice||
|
|switch|p2a: Tentacruel|Tentacruel|100\/100
|turn|5
|choice||
|
|switch|p1a: Senhor|Dragonite|100\/100
|move|p2a: Tentacruel|Hydro Pump|p1a: Senhor|[miss]
|-miss|p2a: Tentacruel
|
|turn|6
|choice||
|
|move|p2a: Tentacruel|Blizzard|p1a: Senhor
|-supereffective|p1a: Senhor
|-damage|p1a: Senhor|0 fnt
|faint|p1a: Senhor
|choice||
|
|switch|p1a: Ligeirinho|Jolteon|100\/100
|turn|7
|choice||
|
|move|p1a: Ligeirinho|Thunderbolt|p2a: Tentacruel
|-supereffective|p2a: Tentacruel
|-damage|p2a: Tentacruel|45\/100
|-status|p2a: Tentacruel|par
|move|p2a: Tentacruel|Hydro Pump|p1a: Ligeirinho|[miss]
|-miss|p2a: Tentacruel
|
|turn|8
|choice||
|
|move|p1a: Ligeirinho|Thunderbolt|p2a: Tentacruel
|-supereffective|p2a: Tentacruel
|-damage|p2a: Tentacruel|0 fnt
|faint|p2a: Tentacruel
|choice||
|
|switch|p2a: Cloyster|Cloyster|100\/100
|turn|9
|choice||
|
|move|p1a: Ligeirinho|Thunder Wave|p2a: Cloyster
|-status|p2a: Cloyster|par
|move|p2a: Cloyster|Explosion|p1a: Ligeirinho
|-damage|p1a: Ligeirinho|0 fnt
|faint|p1a: Ligeirinho
|faint|p2a: Cloyster
|choice||
|
|switch|p2a: Kabutops|Kabutops|100\/100
|switch|p1a: Folha Assasina|Victreebel|100\/100
|turn|10
|choice||
|
|move|p2a: Kabutops|Substitute|p2a: Kabutops
|-start|p2a: Kabutops|Substitute
|-damage|p2a: Kabutops|76\/100
|move|p1a: Folha Assasina|Stun Spore|p2a: Kabutops|[miss]
|-miss|p1a: Folha Assasina
|
|turn|11
|choice||
|
|move|p2a: Kabutops|Swords Dance|p2a: Kabutops
|-boost|p2a: Kabutops|atk|2
|move|p1a: Folha Assasina|Swords Dance|p1a: Folha Assasina
|-boost|p1a: Folha Assasina|atk|2
|
|turn|12
|choice||
|
|move|p2a: Kabutops|Hyper Beam|p1a: Folha Assasina
|-damage|p1a: Folha Assasina|13\/100
|move|p1a: Folha Assasina|Razor Leaf|p2a: Kabutops
|-crit|p2a: Kabutops
|-supereffective|p2a: Kabutops
|-end|p2a: Kabutops|Substitute
|
|turn|13
|-mustrecharge|p2a: Kabutops
|-mustrecharge|p2a: Kabutops
|choice||
|
|cant|p2a: Kabutops|recharge
|move|p1a: Folha Assasina|Razor Leaf|p2a: Kabutops
|-crit|p2a: Kabutops
|-supereffective|p2a: Kabutops
|-damage|p2a: Kabutops|0 fnt
|faint|p2a: Kabutops
|choice||
|
|switch|p2a: Starmie|Starmie|100\/100
|turn|14
|choice||
|
|switch|p1a: Id|Slowbro|100\/100
|move|p2a: Starmie|Ice Beam|p1a: Id
|-resisted|p1a: Id
|-damage|p1a: Id|89\/100
|
|turn|15
|choice||
|
|move|p2a: Starmie|Thunder Wave|p1a: Id
|-status|p1a: Id|par
|move|p1a: Id|Thunder Wave|p2a: Starmie
|-status|p2a: Starmie|par
|
|turn|16
|choice||
|
|move|p2a: Starmie|Thunderbolt|p1a: Id
|-supereffective|p1a: Id
|-damage|p1a: Id|47\/100 par
|move|p1a: Id|Amnesia|p1a: Id
|-boost|p1a: Id|spd|2
|-boost|p1a: Id|spa|2
|
|turn|17
|choice||
|
|switch|p1a: Folha Assasina|Victreebel|13\/100
|cant|p2a: Starmie|par
|
|turn|18
|choice||
|
|switch|p2a: Gyarados|Gyarados|100\/100
|move|p1a: Folha Assasina|Razor Leaf|p2a: Gyarados
|-crit|p2a: Gyarados
|-damage|p2a: Gyarados|70\/100
|
|turn|19
|choice||
|
|switch|p1a: Montanha|Rhydon|100\/100
|move|p2a: Gyarados|Thunderbolt|p1a: Montanha
|-immune|p1a: Montanha|[msg]
|
|turn|20
|choice||
|
|move|p2a: Gyarados|Hydro Pump|p1a: Montanha|[miss]
|-miss|p2a: Gyarados
|move|p1a: Montanha|Rock Slide|p2a: Gyarados
|-supereffective|p2a: Gyarados
|-damage|p2a: Gyarados|21\/100
|
|turn|21
|choice||
|
|move|p2a: Gyarados|Hydro Pump|p1a: Montanha
|-supereffective|p1a: Montanha
|-damage|p1a: Montanha|0 fnt
|faint|p1a: Montanha
|choice||
|
|switch|p1a: Folha Assasina|Victreebel|13\/100
|turn|22
|choice||
|
|move|p2a: Gyarados|Thunderbolt|p1a: Folha Assasina
|-crit|p1a: Folha Assasina
|-resisted|p1a: Folha Assasina
|-damage|p1a: Folha Assasina|0 fnt
|faint|p1a: Folha Assasina
|choice||
|
|switch|p1a: Id|Slowbro|47\/100 par
|turn|23
|choice||
|
|move|p2a: Gyarados|Thunderbolt|p1a: Id
|-supereffective|p1a: Id
|-damage|p1a: Id|4\/100 par
|move|p1a: Id|Surf|p2a: Gyarados
|-resisted|p2a: Gyarados
|-damage|p2a: Gyarados|9\/100
|
|turn|24
|choice||
|
|move|p2a: Gyarados|Thunderbolt|p1a: Id
|-supereffective|p1a: Id
|-damage|p1a: Id|0 fnt
|faint|p1a: Id
|choice||
|
|switch|p1a: Sabrina|Persian|21\/100
|turn|25
|choice||
|
|move|p1a: Sabrina|Thunderbolt|p2a: Gyarados
|-supereffective|p2a: Gyarados
|-damage|p2a: Gyarados|0 fnt
|faint|p2a: Gyarados
|choice||
|
|switch|p2a: Starmie|Starmie|100\/100 par
|turn|26
|choice||
|
|move|p1a: Sabrina|Hyper Beam|p2a: Starmie
|-crit|p2a: Starmie
|-damage|p2a: Starmie|28\/100 par
|move|p2a: Starmie|Ice Beam|p1a: Sabrina
|-crit|p1a: Sabrina
|-damage|p1a: Sabrina|0 fnt
|faint|p1a: Sabrina
|
|win|UchuStar
|player|p1
|player|p2
|raw|victorhugogtostes's rating: 1083 &rarr; <strong>1062<\/strong><br \/>(-21 for losing)
|raw|UchuStar's rating: 1102 &rarr; <strong>1126<\/strong><br \/>(+24 for winning)