|join|KyleCole
|join|Jarmy
|join|turnofflakeside
|join|Yellow Paint
|player|p1|KyleCole|84
|player|p2|Jarmy|234
|gametype|singles
|gen|1
|tier|[Gen 1] Random Battle
|rule|Sleep Clause Mod: Limit one foe put to sleep
|rule|Freeze Clause Mod: Limit one foe frozen
|rule|HP Percentage Mod: HP is shown in percentages
|
|start
|switch|p1a: Voltorb|Voltorb, L96|272\/272
|switch|p2a: Meowth|Meowth, L96|272\/272
|turn|1
|c|★KyleCole|deez orbz
|
|move|p1a: Voltorb|Thunder Wave|p2a: Meowth
|-status|p2a: Meowth|par
|move|p2a: Meowth|Body Slam|p1a: Voltorb
|-damage|p1a: Voltorb|181\/272
|
|turn|2
|
|switch|p1a: Chansey|Chansey, L79|557\/557
|move|p2a: Meowth|Body Slam|p1a: Chansey
|-damage|p1a: Chansey|347\/557
|
|turn|3
|c|★KyleCole|oh my
|leave|Yellow Paint
|
|switch|p1a: Voltorb|Voltorb, L96|181\/272
|move|p2a: Meowth|Body Slam|p1a: Voltorb
|-damage|p1a: Voltorb|91\/272
|-status|p1a: Voltorb|par
|
|turn|4
|c|★Jarmy|finally
|c|★KyleCole|fug
|
|move|p1a: Voltorb|Explosion|p2a: Meowth
|-crit|p2a: Meowth
|-damage|p2a: Meowth|0 fnt
|faint|p2a: Meowth
|faint|p1a: Voltorb
|
|switch|p1a: Mr. Mime|Mr. Mime, L85|242\/242
|switch|p2a: Paras|Paras, L96|262\/262
|turn|5
|c|★KyleCole|i dont see me winning
|c|★KyleCole|dammit
|
|move|p1a: Mr. Mime|Thunder Wave|p2a: Paras
|-status|p2a: Paras|par
|cant|p2a: Paras|par
|
|turn|6
|c|★Jarmy|xD
|
|move|p1a: Mr. Mime|Psychic|p2a: Paras
|-damage|p2a: Paras|150\/262 par
|cant|p2a: Paras|par
|
|turn|7
|join|Verlisifeye
|c|★Jarmy|omg this para
|c|★KyleCole|pls crit
|c|★KyleCole|pls
|
|move|p1a: Mr. Mime|Psychic|p2a: Paras
|-damage|p2a: Paras|34\/262 par
|cant|p2a: Paras|par
|
|turn|8
|c|★KyleCole|yesssssssssssssss
|c|★Jarmy|fk this
|
|move|p1a: Mr. Mime|Psychic|p2a: Paras
|-damage|p2a: Paras|0 fnt
|faint|p2a: Paras
|c|★KyleCole|i dont have a good sleep fodder lol
|
|switch|p2a: Poliwhirl|Poliwhirl, L85|284\/284
|turn|9
|join|u what m9
|
|move|p1a: Mr. Mime|Thunder Wave|p2a: Poliwhirl
|-status|p2a: Poliwhirl|par
|move|p2a: Poliwhirl|Hypnosis|p1a: Mr. Mime
|-status|p1a: Mr. Mime|slp
|
|turn|10
|c|★Jarmy|finally
|
|switch|p1a: Chansey|Chansey, L79|347\/557
|move|p2a: Poliwhirl|Amnesia|p2a: Poliwhirl
|-boost|p2a: Poliwhirl|spd|2
|-boost|p2a: Poliwhirl|spa|2
|
|turn|11
|
|switch|p1a: Seaking|Seaking, L85|310\/310
|move|p2a: Poliwhirl|Surf|p1a: Seaking
|-resisted|p1a: Seaking
|-damage|p1a: Seaking|238\/310
|
|turn|12
|
|move|p1a: Seaking|Double-Edge|p2a: Poliwhirl
|-damage|p2a: Poliwhirl|201\/284 par
|-damage|p1a: Seaking|218\/310|[from] recoil|[of] p2a: Poliwhirl
|move|p2a: Poliwhirl|Psychic|p1a: Seaking
|-damage|p1a: Seaking|131\/310
|
|turn|13
|
|move|p1a: Seaking|Hyper Beam|p2a: Poliwhirl
|-damage|p2a: Poliwhirl|82\/284 par
|move|p2a: Poliwhirl|Psychic|p1a: Seaking
|-damage|p1a: Seaking|44\/310
|-unboost|p1a: Seaking|spd|1
|-unboost|p1a: Seaking|spa|1
|
|turn|14
|-mustrecharge|p1a: Seaking
|-mustrecharge|p1a: Seaking
|c|★Jarmy|pls no para
|
|cant|p1a: Seaking|recharge
|move|p2a: Poliwhirl|Psychic|p1a: Seaking
|-damage|p1a: Seaking|0 fnt
|faint|p1a: Seaking
|
|switch|p1a: Charizard|Charizard, L85|306\/306
|turn|15
|
|move|p1a: Charizard|Hyper Beam|p2a: Poliwhirl
|-damage|p2a: Poliwhirl|0 fnt
|faint|p2a: Poliwhirl
|
|switch|p2a: Rapidash|Rapidash, L85|284\/284
|turn|16
|
|move|p2a: Rapidash|Toxic|p1a: Charizard
|-status|p1a: Charizard|tox
|move|p1a: Charizard|Swords Dance|p1a: Charizard
|-boost|p1a: Charizard|atk|2
|-damage|p1a: Charizard|287\/306 tox|[from] psn
|
|turn|17
|
|move|p2a: Rapidash|Hyper Beam|p1a: Charizard
|-damage|p1a: Charizard|162\/306 tox
|move|p1a: Charizard|Earthquake|p2a: Rapidash
|-supereffective|p2a: Rapidash
|-damage|p2a: Rapidash|0 fnt
|faint|p2a: Rapidash
|
|switch|p2a: Arcanine|Arcanine, L85|327\/327
|turn|18
|
|move|p1a: Charizard|Earthquake|p2a: Arcanine
|-supereffective|p2a: Arcanine
|-damage|p2a: Arcanine|54\/327
|-damage|p1a: Charizard|124\/306 tox|[from] tox|[of] p2a: Arcanine
|move|p2a: Arcanine|Hyper Beam|p1a: Charizard
|-damage|p1a: Charizard|0 fnt
|faint|p1a: Charizard
|
|switch|p1a: Mewtwo|Mewtwo, L70|293\/293
|turn|19
|
|move|p1a: Mewtwo|Psychic|p2a: Arcanine
|-damage|p2a: Arcanine|0 fnt
|faint|p2a: Arcanine
|c|★Jarmy|you win
|c|★KyleCole|:D
|
|switch|p2a: Parasect|Parasect, L85|276\/276
|turn|20
|
|move|p1a: Mewtwo|Blizzard|p2a: Parasect
|-supereffective|p2a: Parasect
|-damage|p2a: Parasect|92\/276
|move|p2a: Parasect|Spore|p1a: Mewtwo
|-message|Sleep Clause Mod activated.
|
|turn|21
|
|move|p1a: Mewtwo|Blizzard|p2a: Parasect
|-supereffective|p2a: Parasect
|-damage|p2a: Parasect|0 fnt
|faint|p2a: Parasect
|
|win|KyleCole
|c|★KyleCole|gg
|leave|KyleCole
|player|p1
|leave|Jarmy
|player|p2