|join|Wahtwee
|join|xordims
|player|p1|Wahtwee|196
|player|p2|xordims|169
|gametype|singles
|gen|1
|tier|[Gen 1] Random Battle
|rated
|rule|Sleep Clause Mod: Limit one foe put to sleep
|rule|Freeze Clause Mod: Limit one foe frozen
|rule|HP Percentage Mod: HP is shown in percentages
|
|start
|switch|p1a: Ditto|Ditto, L99|296\/296
|switch|p2a: Exeggcute|Exeggcute, L96|310\/310
|turn|1
|
|switch|p1a: Zapdos|Zapdos, L79|304\/304
|switch|p2a: Charmander|Charmander, L96|270\/270
|
|turn|2
|
|move|p1a: Zapdos|Thunder Wave|p2a: Charmander
|-status|p2a: Charmander|par
|move|p2a: Charmander|Body Slam|p1a: Zapdos
|-damage|p1a: Zapdos|247\/304
|
|turn|3
|
|move|p1a: Zapdos|Agility|p1a: Zapdos
|-boost|p1a: Zapdos|spe|2
|move|p2a: Charmander|Body Slam|p1a: Zapdos
|-damage|p1a: Zapdos|193\/304
|
|turn|4
|
|move|p1a: Zapdos|Drill Peck|p2a: Charmander
|-crit|p2a: Charmander
|-damage|p2a: Charmander|82\/270 par
|move|p2a: Charmander|Seismic Toss|p1a: Zapdos
|-damage|p1a: Zapdos|97\/304
|
|turn|5
|
|move|p1a: Zapdos|Drill Peck|p2a: Charmander
|-damage|p2a: Charmander|0 fnt
|faint|p2a: Charmander
|
|switch|p2a: Exeggcute|Exeggcute, L96|310\/310
|turn|6
|
|move|p1a: Zapdos|Thunder Wave|p2a: Exeggcute
|-status|p2a: Exeggcute|par
|move|p2a: Exeggcute|Psychic|p1a: Zapdos
|-damage|p1a: Zapdos|20\/304
|-unboost|p1a: Zapdos|spd|1
|-unboost|p1a: Zapdos|spa|1
|
|turn|7
|
|move|p1a: Zapdos|Drill Peck|p2a: Exeggcute
|-supereffective|p2a: Exeggcute
|-damage|p2a: Exeggcute|170\/310 par
|move|p2a: Exeggcute|Psychic|p1a: Zapdos
|-damage|p1a: Zapdos|0 fnt
|faint|p1a: Zapdos
|
|switch|p1a: Alakazam|Alakazam, L79|249\/249
|turn|8
|
|move|p1a: Alakazam|Reflect|p1a: Alakazam
|-start|p1a: Alakazam|Reflect
|move|p2a: Exeggcute|Stun Spore|p1a: Alakazam|[miss]
|-miss|p2a: Exeggcute
|
|turn|9
|
|move|p1a: Alakazam|Psychic|p2a: Exeggcute
|-resisted|p2a: Exeggcute
|-damage|p2a: Exeggcute|108\/310 par
|move|p2a: Exeggcute|Stun Spore|p1a: Alakazam
|-status|p1a: Alakazam|par
|
|turn|10
|
|cant|p1a: Alakazam|par
|move|p2a: Exeggcute|Explosion|p1a: Alakazam
|-damage|p1a: Alakazam|101\/249 par
|faint|p2a: Exeggcute
|
|switch|p2a: Dragonair|Dragonair, L85|277\/277
|turn|11
|
|move|p2a: Dragonair|Body Slam|p1a: Alakazam
|-damage|p1a: Alakazam|56\/249 par
|move|p1a: Alakazam|Recover|p1a: Alakazam
|-heal|p1a: Alakazam|180\/249 par
|
|turn|12
|
|move|p2a: Dragonair|Thunder|p1a: Alakazam|[miss]
|-miss|p2a: Dragonair
|cant|p1a: Alakazam|par
|
|turn|13
|
|move|p2a: Dragonair|Substitute|p2a: Dragonair
|-start|p2a: Dragonair|Substitute
|-damage|p2a: Dragonair|208\/277
|move|p1a: Alakazam|Psychic|p2a: Dragonair
|-crit|p2a: Dragonair
|-end|p2a: Dragonair|Substitute
|
|turn|14
|
|move|p2a: Dragonair|Thunder|p1a: Alakazam
|-damage|p1a: Alakazam|127\/249 par
|move|p1a: Alakazam|Psychic|p2a: Dragonair
|-damage|p2a: Dragonair|84\/277
|-unboost|p2a: Dragonair|spd|1
|-unboost|p2a: Dragonair|spa|1
|
|turn|15
|
|switch|p2a: Snorlax|Snorlax, L79|415\/415
|move|p1a: Alakazam|Psychic|p2a: Snorlax
|-crit|p2a: Snorlax
|-damage|p2a: Snorlax|136\/415
|-unboost|p2a: Snorlax|spd|1
|-unboost|p2a: Snorlax|spa|1
|
|turn|16
|
|move|p2a: Snorlax|Hyper Beam|p1a: Alakazam
|-damage|p1a: Alakazam|6\/249 par
|move|p1a: Alakazam|Recover|p1a: Alakazam
|-heal|p1a: Alakazam|130\/249 par
|
|turn|17
|
|cant|p2a: Snorlax|recharge
|move|p1a: Alakazam|Recover|p1a: Alakazam
|-heal|p1a: Alakazam|249\/249 par
|
|turn|18
|
|switch|p2a: Venomoth|Venomoth, L85|293\/293
|move|p1a: Alakazam|Psychic|p2a: Venomoth
|-crit|p2a: Venomoth
|-supereffective|p2a: Venomoth
|-damage|p2a: Venomoth|0 fnt
|faint|p2a: Venomoth
|
|switch|p2a: Tentacruel|Tentacruel, L85|310\/310
|turn|19
|
|move|p2a: Tentacruel|Hydro Pump|p1a: Alakazam
|-damage|p1a: Alakazam|127\/249 par
|move|p1a: Alakazam|Psychic|p2a: Tentacruel
|-crit|p2a: Tentacruel
|-supereffective|p2a: Tentacruel
|-damage|p2a: Tentacruel|0 fnt
|faint|p2a: Tentacruel
|
|switch|p2a: Dragonair|Dragonair, L85|84\/277
|turn|20
|
|move|p2a: Dragonair|Thunder|p1a: Alakazam|[miss]
|-miss|p2a: Dragonair
|move|p1a: Alakazam|Psychic|p2a: Dragonair
|-crit|p2a: Dragonair
|-damage|p2a: Dragonair|0 fnt
|faint|p2a: Dragonair
|-message|xordims forfeited.
|leave|xordims
|
|win|Wahtwee
|raw|Ladder updating...
|player|p2