|join|spence
|join|gen1masterrony
|player|p1|spence|2
|player|p2|gen1masterrony|266
|gametype|singles
|gen|1
|tier|[Gen 1] OU (beta)
|rated
|rule|Sleep Clause Mod: Limit one foe put to sleep
|rule|Species Clause: Limit one of each Pokémon
|rule|OHKO Clause: OHKO moves are banned
|rule|Evasion Moves Clause: Evasion moves are banned
|rule|HP Percentage Mod: HP is shown in percentages
|
|start
|switch|p1a: Exeggutor|Exeggutor|393\/393
|switch|p2a: Hypno|Hypno|373\/373
|turn|1
|
|move|p2a: Hypno|Hypnosis|p1a: Exeggutor
|-status|p1a: Exeggutor|slp
|cant|p1a: Exeggutor|slp
|-curestatus|p1a: Exeggutor|slp
|
|turn|2
|
|move|p2a: Hypno|Hypnosis|p1a: Exeggutor
|-status|p1a: Exeggutor|slp
|cant|p1a: Exeggutor|slp
|
|turn|3
|
|switch|p2a: Tauros|Tauros|353\/353
|cant|p1a: Exeggutor|slp
|
|turn|4
|
|switch|p1a: Cloyster|Cloyster|303\/303
|move|p2a: Tauros|Body Slam|p1a: Cloyster
|-damage|p1a: Cloyster|236\/303
|
|turn|5
|
|switch|p2a: Hypno|Hypno|373\/373
|move|p1a: Cloyster|Blizzard|p2a: Hypno
|-crit|p2a: Hypno
|-damage|p2a: Hypno|130\/373
|
|turn|6
|join|trickyboo
|
|switch|p1a: Exeggutor|Exeggutor|393\/393 slp
|move|p2a: Hypno|Thunder Wave|p1a: Exeggutor
|-fail|p1a: Exeggutor
|
|turn|7
|
|switch|p1a: Chansey|Chansey|703\/703
|move|p2a: Hypno|Psychic|p1a: Chansey
|-damage|p1a: Chansey|583\/703
|
|turn|8
|
|move|p2a: Hypno|Psychic|p1a: Chansey
|-damage|p1a: Chansey|476\/703
|move|p1a: Chansey|Ice Beam|p2a: Hypno
|-damage|p2a: Hypno|56\/373
|
|turn|9
|
|move|p2a: Hypno|Hyper Beam|p1a: Chansey
|-damage|p1a: Chansey|228\/703
|move|p1a: Chansey|Ice Beam|p2a: Hypno
|-damage|p2a: Hypno|0 fnt
|faint|p2a: Hypno
|
|switch|p2a: Tauros|Tauros|353\/353
|turn|10
|
|switch|p1a: Cloyster|Cloyster|236\/303
|move|p2a: Tauros|Body Slam|p1a: Cloyster
|-damage|p1a: Cloyster|175\/303
|-status|p1a: Cloyster|par
|
|turn|11
|
|move|p2a: Tauros|Body Slam|p1a: Cloyster
|-damage|p1a: Cloyster|112\/303 par
|move|p1a: Cloyster|Blizzard|p2a: Tauros
|-crit|p2a: Tauros
|-damage|p2a: Tauros|66\/353
|
|turn|12
|
|move|p2a: Tauros|Hyper Beam|p1a: Cloyster
|-damage|p1a: Cloyster|0 fnt
|faint|p1a: Cloyster
|
|switch|p1a: Tauros|Tauros|353\/353
|turn|13
|
|move|p2a: Tauros|Body Slam|p1a: Tauros
|-damage|p1a: Tauros|244\/353
|move|p1a: Tauros|Body Slam|p2a: Tauros
|-damage|p2a: Tauros|0 fnt
|faint|p2a: Tauros
|
|switch|p2a: Alakazam|Alakazam|313\/313
|turn|14
|
|switch|p1a: Alakazam|Alakazam|313\/313
|move|p2a: Alakazam|Psychic|p1a: Alakazam
|-resisted|p1a: Alakazam
|-damage|p1a: Alakazam|257\/313
|-unboost|p1a: Alakazam|spd|1
|-unboost|p1a: Alakazam|spa|1
|
|turn|15
|
|switch|p1a: Exeggutor|Exeggutor|393\/393 slp
|move|p2a: Alakazam|Thunder Wave|p1a: Exeggutor
|-fail|p1a: Exeggutor
|
|turn|16
|
|move|p2a: Alakazam|Psychic|p1a: Exeggutor
|-resisted|p1a: Exeggutor
|-damage|p1a: Exeggutor|334\/393 slp
|cant|p1a: Exeggutor|slp
|
|turn|17
|
|move|p2a: Alakazam|Psychic|p1a: Exeggutor
|-resisted|p1a: Exeggutor
|-damage|p1a: Exeggutor|282\/393 slp
|-unboost|p1a: Exeggutor|spd|1
|-unboost|p1a: Exeggutor|spa|1
|cant|p1a: Exeggutor|slp
|
|turn|18
|
|move|p2a: Alakazam|Psychic|p1a: Exeggutor
|-resisted|p1a: Exeggutor
|-damage|p1a: Exeggutor|205\/393 slp
|-unboost|p1a: Exeggutor|spd|1
|-unboost|p1a: Exeggutor|spa|1
|cant|p1a: Exeggutor|slp
|
|turn|19
|
|switch|p1a: Alakazam|Alakazam|257\/313
|move|p2a: Alakazam|Psychic|p1a: Alakazam
|-resisted|p1a: Alakazam
|-damage|p1a: Alakazam|204\/313
|
|turn|20
|
|move|p2a: Alakazam|Psychic|p1a: Alakazam
|-resisted|p1a: Alakazam
|-damage|p1a: Alakazam|156\/313
|move|p1a: Alakazam|Thunder Wave|p2a: Alakazam
|-status|p2a: Alakazam|par
|
|turn|21
|
|switch|p1a: Exeggutor|Exeggutor|205\/393 slp
|cant|p2a: Alakazam|par
|
|turn|22
|
|cant|p1a: Exeggutor|slp
|-curestatus|p1a: Exeggutor|slp
|move|p2a: Alakazam|Psychic|p1a: Exeggutor
|-resisted|p1a: Exeggutor
|-damage|p1a: Exeggutor|153\/393
|
|turn|23
|
|move|p1a: Exeggutor|Sleep Powder|p2a: Alakazam|[miss]
|-miss|p1a: Exeggutor
|move|p2a: Alakazam|Psychic|p1a: Exeggutor
|-resisted|p1a: Exeggutor
|-damage|p1a: Exeggutor|95\/393
|-unboost|p1a: Exeggutor|spd|1
|-unboost|p1a: Exeggutor|spa|1
|
|turn|24
|
|move|p1a: Exeggutor|Explosion|p2a: Alakazam
|-damage|p2a: Alakazam|0 fnt
|faint|p2a: Alakazam
|faint|p1a: Exeggutor
|
|switch|p1a: Alakazam|Alakazam|156\/313
|switch|p2a: Exeggutor|Exeggutor|393\/393
|turn|25
|
|move|p1a: Alakazam|Thunder Wave|p2a: Exeggutor
|-status|p2a: Exeggutor|par
|move|p2a: Exeggutor|Sleep Powder|p1a: Alakazam
|-status|p1a: Alakazam|slp
|
|turn|26
|
|cant|p1a: Alakazam|slp
|move|p2a: Exeggutor|Psychic|p1a: Alakazam
|-resisted|p1a: Alakazam
|-damage|p1a: Alakazam|111\/313 slp
|
|turn|27
|
|cant|p1a: Alakazam|slp
|move|p2a: Exeggutor|Psychic|p1a: Alakazam
|-resisted|p1a: Alakazam
|-damage|p1a: Alakazam|59\/313 slp
|
|turn|28
|
|cant|p1a: Alakazam|slp
|move|p2a: Exeggutor|Psychic|p1a: Alakazam
|-resisted|p1a: Alakazam
|-damage|p1a: Alakazam|14\/313 slp
|
|turn|29
|
|switch|p1a: Chansey|Chansey|228\/703
|move|p2a: Exeggutor|Psychic|p1a: Chansey
|-damage|p1a: Chansey|118\/703
|-unboost|p1a: Chansey|spd|1
|-unboost|p1a: Chansey|spa|1
|
|turn|30
|
|move|p1a: Chansey|Soft-Boiled|p1a: Chansey
|-heal|p1a: Chansey|469\/703
|cant|p2a: Exeggutor|par
|
|turn|31
|
|switch|p1a: Alakazam|Alakazam|14\/313 slp
|cant|p2a: Exeggutor|par
|
|turn|32
|
|switch|p1a: Chansey|Chansey|469\/703
|move|p2a: Exeggutor|Psychic|p1a: Chansey
|-damage|p1a: Chansey|352\/703
|
|turn|33
|
|move|p1a: Chansey|Ice Beam|p2a: Exeggutor
|-supereffective|p2a: Exeggutor
|-damage|p2a: Exeggutor|252\/393 par
|cant|p2a: Exeggutor|par
|
|turn|34
|
|move|p1a: Chansey|Ice Beam|p2a: Exeggutor
|-supereffective|p2a: Exeggutor
|-damage|p2a: Exeggutor|123\/393 par
|move|p2a: Exeggutor|Psychic|p1a: Chansey
|-damage|p1a: Chansey|232\/703
|
|turn|35
|
|move|p1a: Chansey|Ice Beam|p2a: Exeggutor
|-supereffective|p2a: Exeggutor
|-damage|p2a: Exeggutor|0 fnt
|faint|p2a: Exeggutor
|
|switch|p2a: Machamp|Machamp|383\/383
|turn|36
|
|switch|p1a: Alakazam|Alakazam|14\/313 slp
|move|p2a: Machamp|Low Kick|p1a: Alakazam
|-resisted|p1a: Alakazam
|-damage|p1a: Alakazam|0 fnt
|faint|p1a: Alakazam
|
|switch|p1a: Snorlax|Snorlax|523\/523
|turn|37
|
|switch|p2a: Starmie|Starmie|323\/323
|move|p1a: Snorlax|Self-Destruct|p2a: Starmie
|-damage|p2a: Starmie|0 fnt
|faint|p2a: Starmie
|faint|p1a: Snorlax
|
|switch|p1a: Tauros|Tauros|244\/353
|switch|p2a: Machamp|Machamp|383\/383
|turn|38
|
|move|p1a: Tauros|Body Slam|p2a: Machamp
|-damage|p2a: Machamp|259\/383
|move|p2a: Machamp|Low Kick|p1a: Tauros
|-supereffective|p1a: Tauros
|-damage|p1a: Tauros|18\/353
|
|turn|39
|
|move|p1a: Tauros|Body Slam|p2a: Machamp
|-damage|p2a: Machamp|146\/383
|move|p2a: Machamp|Low Kick|p1a: Tauros
|-supereffective|p1a: Tauros
|-damage|p1a: Tauros|0 fnt
|faint|p1a: Tauros
|
|switch|p1a: Chansey|Chansey|232\/703
|turn|40
|c|★spence|gg
|
|move|p2a: Machamp|Low Kick|p1a: Chansey
|-crit|p1a: Chansey
|-supereffective|p1a: Chansey
|-damage|p1a: Chansey|0 fnt
|faint|p1a: Chansey
|
|win|gen1masterrony
|raw|Ladder updating...
|raw|spence's rating: 1421 &rarr; <strong>1395<\/strong><br \/>(-26 for losing)
|raw|gen1masterrony's rating: 1325 &rarr; <strong>1350<\/strong><br \/>(+25 for winning)
|c|★gen1masterrony|gg
|leave|spence
|player|p1