|j|Daniel Bergeron
|j|zewing
|player|p1|Daniel Bergeron|102
|player|p2|zewing|241
|gametype|singles
|gen|1
|tier|[Gen 1] Random Battle
|rated
|seed|
|rule|Sleep Clause Mod: Limit one foe put to sleep
|rule|Freeze Clause Mod: Limit one foe frozen
|rule|HP Percentage Mod: HP is shown in percentages
|
|start
|switch|p1a: Tentacool|Tentacool, L96|100\/100
|switch|p2a: Lickitung|Lickitung, L90|100\/100
|turn|1
|choice||
|
|switch|p1a: Butterfree|Butterfree, L90|100\/100
|move|p2a: Lickitung|Earthquake|p1a: Butterfree
|-immune|p1a: Butterfree|[msg]
|
|turn|2
|choice||
|
|move|p1a: Butterfree|Sleep Powder|p2a: Lickitung|[miss]
|-miss|p1a: Butterfree
|move|p2a: Lickitung|Body Slam|p1a: Butterfree
|-damage|p1a: Butterfree|70\/100
|
|turn|3
|choice||
|
|move|p1a: Butterfree|Sleep Powder|p2a: Lickitung
|-status|p2a: Lickitung|slp
|-curestatus|p2a: Lickitung|slp
|
|turn|4
|choice||
|
|move|p1a: Butterfree|Sleep Powder|p2a: Lickitung|[miss]
|-miss|p1a: Butterfree
|move|p2a: Lickitung|Body Slam|p1a: Butterfree
|-crit|p1a: Butterfree
|-damage|p1a: Butterfree|0 fnt
|faint|p1a: Butterfree
|c|★Daniel Bergeron|fuck
|c|★Daniel Bergeron|wow
|c|★Daniel Bergeron|okay
|choice||
|
|switch|p1a: Tangela|Tangela, L85|100\/100
|turn|5
|choice||
|
|move|p1a: Tangela|Growth|p1a: Tangela
|-boost|p1a: Tangela|spa|1
|-boost|p1a: Tangela|spd|1
|move|p2a: Lickitung|Body Slam|p1a: Tangela
|-damage|p1a: Tangela|77\/100
|
|turn|6
|choice||
|
|move|p1a: Tangela|Mega Drain|p2a: Lickitung
|-damage|p2a: Lickitung|79\/100
|-heal|p1a: Tangela|90\/100|[from] drain|[of] p2a: Lickitung
|move|p2a: Lickitung|Body Slam|p1a: Tangela
|-damage|p1a: Tangela|70\/100
|
|turn|7
|choice||
|
|move|p1a: Tangela|Growth|p1a: Tangela
|-boost|p1a: Tangela|spa|1
|-boost|p1a: Tangela|spd|1
|move|p2a: Lickitung|Body Slam|p1a: Tangela
|-damage|p1a: Tangela|48\/100
|
|turn|8
|choice||
|
|move|p1a: Tangela|Mega Drain|p2a: Lickitung
|-damage|p2a: Lickitung|51\/100
|-heal|p1a: Tangela|65\/100|[from] drain|[of] p2a: Lickitung
|move|p2a: Lickitung|Body Slam|p1a: Tangela
|-damage|p1a: Tangela|42\/100
|
|turn|9
|choice||
|
|switch|p2a: Cloyster|Cloyster, L83|100\/100
|move|p1a: Tangela|Mega Drain|p2a: Cloyster
|-supereffective|p2a: Cloyster
|-damage|p2a: Cloyster|26\/100
|-heal|p1a: Tangela|75\/100|[from] drain|[of] p2a: Cloyster
|
|turn|10
|choice||
|
|switch|p1a: Tentacool|Tentacool, L96|100\/100
|move|p2a: Cloyster|Blizzard|p1a: Tentacool
|-resisted|p1a: Tentacool
|-damage|p1a: Tentacool|83\/100
|
|turn|11
|choice||
|
|switch|p1a: Nidorina|Nidorina, L90|100\/100
|move|p2a: Cloyster|Explosion|p1a: Nidorina
|-damage|p1a: Nidorina|23\/100
|faint|p2a: Cloyster
|choice||
|
|switch|p2a: Zapdos|Zapdos, L79|100\/100
|turn|12
|choice||
|
|switch|p1a: Chansey|Chansey, L79|100\/100
|move|p2a: Zapdos|Drill Peck|p1a: Chansey
|-damage|p1a: Chansey|67\/100
|
|turn|13
|choice||
|
|switch|p2a: Wigglytuff|Wigglytuff, L90|100\/100
|move|p1a: Chansey|Thunder Wave|p2a: Wigglytuff
|-status|p2a: Wigglytuff|par
|
|turn|14
|choice||
|
|switch|p1a: Nidorina|Nidorina, L90|23\/100
|move|p2a: Wigglytuff|Sing|p1a: Nidorina|[miss]
|-miss|p2a: Wigglytuff
|
|turn|15
|choice||
|
|move|p1a: Nidorina|Blizzard|p2a: Wigglytuff
|-damage|p2a: Wigglytuff|82\/100 par
|cant|p2a: Wigglytuff|par
|
|turn|16
|choice||
|
|move|p1a: Nidorina|Blizzard|p2a: Wigglytuff
|-damage|p2a: Wigglytuff|62\/100 par
|move|p2a: Wigglytuff|Blizzard|p1a: Nidorina
|-damage|p1a: Nidorina|0 fnt
|faint|p1a: Nidorina
|choice||
|
|switch|p1a: Tentacool|Tentacool, L96|83\/100
|turn|17
|choice||
|
|move|p1a: Tentacool|Hydro Pump|p2a: Wigglytuff
|-damage|p2a: Wigglytuff|9\/100 par
|move|p2a: Wigglytuff|Thunder Wave|p1a: Tentacool
|-status|p1a: Tentacool|par
|
|turn|18
|choice||
|
|move|p1a: Tentacool|Hydro Pump|p2a: Wigglytuff
|-damage|p2a: Wigglytuff|0 fnt
|faint|p2a: Wigglytuff
|choice||
|
|switch|p2a: Zapdos|Zapdos, L79|100\/100
|turn|19
|choice||
|
|move|p2a: Zapdos|Thunderbolt|p1a: Tentacool
|-supereffective|p1a: Tentacool
|-damage|p1a: Tentacool|21\/100 par
|move|p1a: Tentacool|Blizzard|p2a: Zapdos
|-supereffective|p2a: Zapdos
|-damage|p2a: Zapdos|41\/100
|
|turn|20
|choice||
|
|switch|p1a: Chansey|Chansey, L79|67\/100
|move|p2a: Zapdos|Thunderbolt|p1a: Chansey
|-damage|p1a: Chansey|49\/100
|
|turn|21
|choice||
|
|move|p2a: Zapdos|Drill Peck|p1a: Chansey
|-damage|p1a: Chansey|17\/100
|move|p1a: Chansey|Thunder Wave|p2a: Zapdos
|-status|p2a: Zapdos|par
|
|turn|22
|choice||
|
|move|p1a: Chansey|Soft-Boiled|p1a: Chansey
|-heal|p1a: Chansey|67\/100
|move|p2a: Zapdos|Thunderbolt|p1a: Chansey
|-damage|p1a: Chansey|50\/100
|
|turn|23
|choice||
|
|move|p1a: Chansey|Soft-Boiled|p1a: Chansey
|-heal|p1a: Chansey|99\/100
|cant|p2a: Zapdos|par
|
|turn|24
|choice||
|
|move|p1a: Chansey|Ice Beam|p2a: Zapdos
|-supereffective|p2a: Zapdos
|-damage|p2a: Zapdos|5\/100 par
|move|p2a: Zapdos|Thunder Wave|p1a: Chansey
|-status|p1a: Chansey|par
|
|turn|25
|choice||
|
|move|p2a: Zapdos|Drill Peck|p1a: Chansey
|-damage|p1a: Chansey|64\/100 par
|move|p1a: Chansey|Ice Beam|p2a: Zapdos
|-supereffective|p2a: Zapdos
|-damage|p2a: Zapdos|0 fnt
|faint|p2a: Zapdos
|choice||
|
|switch|p2a: Lickitung|Lickitung, L90|51\/100
|turn|26
|choice||
|
|switch|p1a: Tangela|Tangela, L85|75\/100
|move|p2a: Lickitung|Hyper Beam|p1a: Tangela
|-damage|p1a: Tangela|39\/100
|
|turn|27
|-mustrecharge|p2a: Lickitung
|-mustrecharge|p2a: Lickitung
|choice||
|
|move|p1a: Tangela|Growth|p1a: Tangela
|-boost|p1a: Tangela|spa|1
|-boost|p1a: Tangela|spd|1
|cant|p2a: Lickitung|recharge
|
|turn|28
|choice||
|
|move|p1a: Tangela|Mega Drain|p2a: Lickitung
|-damage|p2a: Lickitung|27\/100
|-heal|p1a: Tangela|53\/100|[from] drain|[of] p2a: Lickitung
|move|p2a: Lickitung|Body Slam|p1a: Tangela
|-damage|p1a: Tangela|32\/100
|-status|p1a: Tangela|par
|
|turn|29
|choice||
|
|move|p2a: Lickitung|Hyper Beam|p1a: Tangela
|-damage|p1a: Tangela|0 fnt
|faint|p1a: Tangela
|choice||
|
|switch|p1a: Pikachu|Pikachu, L96|100\/100
|turn|30
|choice||
|
|move|p1a: Pikachu|Thunderbolt|p2a: Lickitung
|-damage|p2a: Lickitung|0 fnt
|faint|p2a: Lickitung
|choice||
|
|switch|p2a: Ivysaur|Ivysaur, L85|100\/100
|turn|31
|choice||
|
|switch|p1a: Chansey|Chansey, L79|64\/100 par
|move|p2a: Ivysaur|Toxic|p1a: Chansey
|-fail|p1a: Chansey
|
|turn|32
|choice||
|
|move|p2a: Ivysaur|Leech Seed|p1a: Chansey
|-start|p1a: Chansey|move: Leech Seed
|move|p1a: Chansey|Soft-Boiled|p1a: Chansey
|-heal|p1a: Chansey|100\/100 par
|-damage|p1a: Chansey|94\/100 par|[from] Leech Seed|[of] p2a: Ivysaur
|
|turn|33
|choice||
|
|move|p2a: Ivysaur|Razor Leaf|p1a: Chansey
|-crit|p1a: Chansey
|-damage|p1a: Chansey|77\/100 par
|cant|p1a: Chansey|par
|-damage|p1a: Chansey|71\/100 par|[from] Leech Seed|[of] p2a: Ivysaur
|
|turn|34
|choice||
|
|move|p2a: Ivysaur|Body Slam|p1a: Chansey
|-damage|p1a: Chansey|49\/100 par
|move|p1a: Chansey|Ice Beam|p2a: Ivysaur
|-supereffective|p2a: Ivysaur
|-damage|p2a: Ivysaur|50\/100
|-damage|p1a: Chansey|43\/100 par|[from] Leech Seed|[of] p2a: Ivysaur
|-heal|p2a: Ivysaur|62\/100|[silent]
|
|turn|35
|choice||
|
|move|p2a: Ivysaur|Body Slam|p1a: Chansey
|-damage|p1a: Chansey|22\/100 par
|move|p1a: Chansey|Soft-Boiled|p1a: Chansey
|-heal|p1a: Chansey|72\/100 par
|-damage|p1a: Chansey|66\/100 par|[from] Leech Seed|[of] p2a: Ivysaur
|-heal|p2a: Ivysaur|75\/100|[silent]
|
|turn|36
|choice||
|
|move|p2a: Ivysaur|Body Slam|p1a: Chansey
|-damage|p1a: Chansey|42\/100 par
|cant|p1a: Chansey|par
|-damage|p1a: Chansey|36\/100 par|[from] Leech Seed|[of] p2a: Ivysaur
|-heal|p2a: Ivysaur|87\/100|[silent]
|
|turn|37
|choice||
|
|move|p2a: Ivysaur|Body Slam|p1a: Chansey
|-damage|p1a: Chansey|14\/100 par
|cant|p1a: Chansey|par
|-damage|p1a: Chansey|8\/100 par|[from] Leech Seed|[of] p2a: Ivysaur
|-heal|p2a: Ivysaur|99\/100|[silent]
|
|turn|38
|c|★Daniel Bergeron|wow
|c|★Daniel Bergeron|fuck
|c|★Daniel Bergeron|you so dont deserve this win
|c|★zewing|fuck chansey rael talk lool
|c|★Daniel Bergeron|youre so fucking bad
|c|★zewing|RNGay
|choice||
|
|move|p2a: Ivysaur|Body Slam|p1a: Chansey
|-damage|p1a: Chansey|0 fnt
|faint|p1a: Chansey
|choice||
|
|switch|p1a: Pikachu|Pikachu, L96|100\/100
|turn|39
|choice||
|
|move|p1a: Pikachu|Body Slam|p2a: Ivysaur
|-damage|p2a: Ivysaur|77\/100
|-status|p2a: Ivysaur|par
|move|p2a: Ivysaur|Razor Leaf|p1a: Pikachu
|-crit|p1a: Pikachu
|-damage|p1a: Pikachu|54\/100
|
|turn|40
|choice||
|
|switch|p1a: Tentacool|Tentacool, L96|21\/100 par
|move|p2a: Ivysaur|Razor Leaf|p1a: Tentacool
|-crit|p1a: Tentacool
|-damage|p1a: Tentacool|0 fnt
|faint|p1a: Tentacool
|choice||
|
|switch|p1a: Pikachu|Pikachu, L96|54\/100
|turn|41
|c|★zewing|no one deserves shit earn it bud
|choice||
|
|move|p1a: Pikachu|Body Slam|p2a: Ivysaur
|-damage|p2a: Ivysaur|53\/100 par
|move|p2a: Ivysaur|Razor Leaf|p1a: Pikachu
|-crit|p1a: Pikachu
|-damage|p1a: Pikachu|3\/100
|
|turn|42
|c|★Daniel Bergeron|LOL
|c|★Daniel Bergeron|you got outplayed since move 1, kid
|c|★zewing|not bad
|c|★zewing|so you totally won this eh
|c|★Daniel Bergeron|LOL
|c|★Daniel Bergeron|you got fucking swamped in prediction
|choice||
|
|move|p1a: Pikachu|Body Slam|p2a: Ivysaur
|-damage|p2a: Ivysaur|28\/100 par
|move|p2a: Ivysaur|Body Slam|p1a: Pikachu
|-damage|p1a: Pikachu|0 fnt
|faint|p1a: Pikachu
|
|win|zewing
|player|p1
|player|p2
|raw|Daniel Bergeron's rating: 1414 &rarr; <strong>1388<\/strong><br \/>(-26 for losing)
|raw|zewing's rating: 1315 &rarr; <strong>1340<\/strong><br \/>(+25 for winning)
|c|★zewing|still ost bud
|c|★Daniel Bergeron|yeah
|c|★Daniel Bergeron|thats luck
|c|★zewing|yup
|c|★Daniel Bergeron|not skill
|c|★zewing|lol
|c|★zewing|good shit