|j|Frogmite
|j|HaiHaiPie
|player|p1|Frogmite|10
|player|p2|HaiHaiPie|286
|gametype|singles
|gen|1
|tier|[Gen 1] Random Battle
|seed|4825,45382,21827,9615
|rule|Sleep Clause Mod: Limit one foe put to sleep
|rule|Freeze Clause Mod: Limit one foe frozen
|rule|HP Percentage Mod: HP is shown in percentages
|
|start
|switch|p1a: Abra|Abra, L96|243\/243
|switch|p2a: Venomoth|Venomoth, L85|293\/293
|turn|1
|choice|move 3|switch 2
|
|switch|p2a: Caterpie|Caterpie, L99|290\/290
|move|p1a: Abra|Psychic|p2a: Caterpie
|-damage|p2a: Caterpie|60\/290
|-unboost|p2a: Caterpie|spd|1
|-unboost|p2a: Caterpie|spa|1
|
|turn|2
|choice|move 3|move 1
|
|move|p1a: Abra|Psychic|p2a: Caterpie
|-damage|p2a: Caterpie|0 fnt
|faint|p2a: Caterpie
|c|★HaiHaiPie|plz just kill me now
|c|★HaiHaiPie|i get a caterpie
|c|★HaiHaiPie|0-0
|choice||switch 5
|
|switch|p2a: Mewtwo|Mewtwo, L70|293\/293
|turn|3
|choice|move 4|switch 6
|
|switch|p2a: Chansey|Chansey, L79|557\/557
|move|p1a: Abra|Thunder Wave|p2a: Chansey
|-status|p2a: Chansey|par
|
|turn|4
|choice|switch 5|move 4
|
|switch|p1a: Lapras|Lapras, L79|367\/367
|move|p2a: Chansey|Counter|p1a: Lapras
|-fail|p2a: Chansey
|
|turn|5
|choice|move 3|move 3
|
|move|p1a: Lapras|Confuse Ray|p2a: Chansey
|-start|p2a: Chansey|confusion
|-activate|p2a: Chansey|confusion
|move|p2a: Chansey|Thunderbolt|p1a: Lapras
|-supereffective|p1a: Lapras
|-damage|p1a: Lapras|248\/367
|
|turn|6
|choice|switch 4|switch 4
|
|switch|p1a: Kangaskhan|Kangaskhan, L85|352\/352
|switch|p2a: Zapdos|Zapdos, L79|304\/304
|
|turn|7
|choice|move 3|move 1
|
|move|p1a: Kangaskhan|Body Slam|p2a: Zapdos
|-damage|p2a: Zapdos|202\/304
|-status|p2a: Zapdos|par
|move|p2a: Zapdos|Thunder Wave|p1a: Kangaskhan
|-status|p1a: Kangaskhan|par
|
|turn|8
|choice|move 3|move 2
|
|cant|p1a: Kangaskhan|par
|move|p2a: Zapdos|Drill Peck|p1a: Kangaskhan
|-damage|p1a: Kangaskhan|282\/352 par
|
|turn|9
|choice|move 3|move 4
|
|cant|p2a: Zapdos|par
|move|p1a: Kangaskhan|Body Slam|p2a: Zapdos
|-damage|p2a: Zapdos|106\/304 par
|
|turn|10
|choice|switch 3|move 3
|
|switch|p1a: Nidoqueen|Nidoqueen, L85|327\/327
|move|p2a: Zapdos|Thunderbolt|p1a: Nidoqueen
|-immune|p1a: Nidoqueen|[msg]
|
|turn|11
|choice|move 4|move 2
|
|move|p1a: Nidoqueen|Blizzard|p2a: Zapdos
|-supereffective|p2a: Zapdos
|-damage|p2a: Zapdos|0 fnt
|faint|p2a: Zapdos
|choice||switch 6
|
|switch|p2a: Mewtwo|Mewtwo, L70|293\/293
|turn|12
|choice|switch 3|move 1
|
|switch|p1a: Kangaskhan|Kangaskhan, L85|282\/352 par
|move|p2a: Mewtwo|Psychic|p1a: Kangaskhan
|-damage|p1a: Kangaskhan|152\/352 par
|
|turn|13
|choice|move 3|move 1
|
|move|p2a: Mewtwo|Psychic|p1a: Kangaskhan
|-damage|p1a: Kangaskhan|5\/352 par
|-unboost|p1a: Kangaskhan|spd|1
|-unboost|p1a: Kangaskhan|spa|1
|move|p1a: Kangaskhan|Body Slam|p2a: Mewtwo
|-crit|p2a: Mewtwo
|-damage|p2a: Mewtwo|80\/293
|
|turn|14
|choice|move 3|move 2
|
|move|p2a: Mewtwo|Ice Beam|p1a: Kangaskhan
|-damage|p1a: Kangaskhan|0 fnt
|faint|p1a: Kangaskhan
|choice|switch 5|
|
|switch|p1a: Abra|Abra, L96|243\/243
|turn|15
|choice|move 4|move 4
|
|move|p1a: Abra|Thunder Wave|p2a: Mewtwo
|-status|p2a: Mewtwo|par
|cant|p2a: Mewtwo|par
|
|turn|16
|choice|move 2|move 3
|
|move|p1a: Abra|Seismic Toss|p2a: Mewtwo
|-damage|p2a: Mewtwo|0 fnt
|faint|p2a: Mewtwo
|choice||switch 3
|
|switch|p2a: Cloyster|Cloyster, L83|253\/253
|turn|17
|c|★HaiHaiPie|!dt abra
|c|~|\/data-pokemon Abra
|raw|<font size="1"><font color=#585858>Dex#:<\/font> 63&nbsp;|&ThickSpace;<font color=#585858>Gen:<\/font> 1&nbsp;|&ThickSpace;<font color=#585858>Height:<\/font> 0.9 m&nbsp;|&ThickSpace;<font color=#585858>Weight:<\/font> 19.5 kg <em>(40 BP)<\/em>&nbsp;|&ThickSpace;<font color=#585858>Dex Colour:<\/font> Brown&nbsp;|&ThickSpace;<font color=#585858>Egg Group(s):<\/font> Human-Like&nbsp;|&ThickSpace;<font color=#585858>Evolution:<\/font> Kadabra (16)<\/font>
|choice|switch 4|move 4
|
|switch|p1a: Lapras|Lapras, L79|248\/367
|move|p2a: Cloyster|Surf|p1a: Lapras
|-resisted|p1a: Lapras
|-damage|p1a: Lapras|204\/367
|
|turn|18
|choice|move 4|switch 4
|
|switch|p2a: Chansey|Chansey, L79|557\/557 par
|move|p1a: Lapras|Thunderbolt|p2a: Chansey
|-damage|p2a: Chansey|498\/557 par
|
|turn|19
|choice|move 3|move 4
|
|move|p1a: Lapras|Confuse Ray|p2a: Chansey
|-start|p2a: Chansey|confusion
|-activate|p2a: Chansey|confusion
|move|p2a: Chansey|Counter|p1a: Lapras
|-fail|p2a: Chansey
|
|turn|20
|choice|switch 2|move 2
|
|switch|p1a: Hitmonlee|Hitmonlee, L90|273\/273
|-activate|p2a: Chansey|confusion
|move|p2a: Chansey|Reflect|p2a: Chansey
|-start|p2a: Chansey|Reflect
|
|turn|21
|choice|move 1|switch 2
|
|switch|p2a: Venomoth|Venomoth, L85|293\/293
|move|p1a: Hitmonlee|Substitute|p1a: Hitmonlee
|-start|p1a: Hitmonlee|Substitute
|-damage|p1a: Hitmonlee|205\/273
|
|turn|22
|choice|move 4|move 4
|
|move|p1a: Hitmonlee|Seismic Toss|p2a: Venomoth
|-damage|p2a: Venomoth|203\/293
|move|p2a: Venomoth|Psychic|p1a: Hitmonlee
|-supereffective|p1a: Hitmonlee
|-end|p1a: Hitmonlee|Substitute
|
|turn|23
|choice|move 3|move 2
|
|move|p1a: Hitmonlee|Mimic|p2a: Venomoth
|-start|p1a: Hitmonlee|Mimic|Mega Drain
|move|p2a: Venomoth|Sleep Powder|p1a: Hitmonlee
|-status|p1a: Hitmonlee|slp
|
|turn|24
|choice|switch 4|move 4
|
|switch|p1a: Abra|Abra, L96|243\/243
|move|p2a: Venomoth|Psychic|p1a: Abra
|-resisted|p1a: Abra
|-damage|p1a: Abra|219\/243
|-unboost|p1a: Abra|spd|1
|-unboost|p1a: Abra|spa|1
|
|turn|25
|choice|move 1|switch 2
|
|switch|p2a: Chansey|Chansey, L79|498\/557 par
|move|p1a: Abra|Reflect|p1a: Abra
|-start|p1a: Abra|Reflect
|
|turn|26
|choice|switch 4|move 3
|
|switch|p1a: Hitmonlee|Hitmonlee, L90|205\/273 slp
|move|p2a: Chansey|Thunderbolt|p1a: Hitmonlee
|-damage|p1a: Hitmonlee|105\/273 slp
|
|turn|27
|choice|switch 3|move 3
|
|switch|p1a: Nidoqueen|Nidoqueen, L85|327\/327
|move|p2a: Chansey|Thunderbolt|p1a: Nidoqueen
|-immune|p1a: Nidoqueen|[msg]
|
|turn|28
|choice|move 1|switch 4
|
|switch|p2a: Cloyster|Cloyster, L83|253\/253
|move|p1a: Nidoqueen|Earthquake|p2a: Cloyster
|-damage|p2a: Cloyster|191\/253
|
|turn|29
|choice|move 3|move 4
|
|move|p1a: Nidoqueen|Thunder|p2a: Cloyster
|-supereffective|p2a: Cloyster
|-damage|p2a: Cloyster|29\/253
|move|p2a: Cloyster|Surf|p1a: Nidoqueen
|-supereffective|p1a: Nidoqueen
|-damage|p1a: Nidoqueen|125\/327
|
|turn|30
|choice|move 1|move 3
|
|move|p1a: Nidoqueen|Earthquake|p2a: Cloyster
|-damage|p2a: Cloyster|0 fnt
|faint|p2a: Cloyster
|choice||switch 2
|
|switch|p2a: Venomoth|Venomoth, L85|203\/293
|turn|31
|j|ShadowBlade901
|choice|switch 4|move 1
|
|switch|p1a: Abra|Abra, L96|219\/243
|move|p2a: Venomoth|Stun Spore|p1a: Abra
|-status|p1a: Abra|par
|
|turn|32
|choice|switch 4|switch 4
|
|switch|p2a: Chansey|Chansey, L79|498\/557 par
|switch|p1a: Nidoqueen|Nidoqueen, L85|125\/327
|
|turn|33
|choice|move 1|move 4
|
|move|p1a: Nidoqueen|Earthquake|p2a: Chansey
|-damage|p2a: Chansey|234\/557 par
|cant|p2a: Chansey|par
|
|turn|34
|choice|move 1|move 4
|
|move|p1a: Nidoqueen|Earthquake|p2a: Chansey
|-damage|p2a: Chansey|0 fnt
|faint|p2a: Chansey
|c|★HaiHaiPie|well this is a wrap
|choice||switch 4
|
|switch|p2a: Venomoth|Venomoth, L85|203\/293
|turn|35
|choice|move 1|move 3
|
|move|p2a: Venomoth|Mega Drain|p1a: Nidoqueen
|-damage|p1a: Nidoqueen|96\/327
|-heal|p2a: Venomoth|217\/293|[from] drain|[of] p1a: Nidoqueen
|move|p1a: Nidoqueen|Earthquake|p2a: Venomoth
|-crit|p2a: Venomoth
|-damage|p2a: Venomoth|0 fnt
|faint|p2a: Venomoth
|
|win|Frogmite
|c| ShadowBlade901|see ya later
|l|HaiHaiPie
|player|p2