|join|boyben10
|join|Squadra di golbat
|player|p1|boyben10|101
|player|p2|Squadra di golbat|115
|gametype|singles
|gen|1
|tier|[Gen 1] Random Battle
|rated
|rule|Sleep Clause Mod: Limit one foe put to sleep
|rule|Freeze Clause Mod: Limit one foe frozen
|rule|HP Percentage Mod: HP is shown in percentages
|
|start
|switch|p1a: Moltres|Moltres, L85|327\/327
|switch|p2a: Growlithe|Growlithe, L96|300\/300
|turn|1
|
|move|p1a: Moltres|Toxic|p2a: Growlithe
|-status|p2a: Growlithe|tox
|move|p2a: Growlithe|Body Slam|p1a: Moltres
|-damage|p1a: Moltres|266\/327
|-damage|p2a: Growlithe|282\/300 tox|[from] tox|[of] p1a: Moltres
|
|turn|2
|
|move|p1a: Moltres|Sky Attack|p2a: Growlithe|[still]
|-prepare|p1a: Moltres|Sky Attack|p2a: Growlithe
|move|p2a: Growlithe|Body Slam|p1a: Moltres
|-damage|p1a: Moltres|201\/327
|-damage|p2a: Growlithe|246\/300 tox|[from] tox|[of] p1a: Moltres
|
|turn|3
|
|move|p1a: Moltres|Sky Attack|p2a: Growlithe
|-damage|p2a: Growlithe|54\/300 tox
|move|p2a: Growlithe|Body Slam|p1a: Moltres
|-damage|p1a: Moltres|140\/327
|-status|p1a: Moltres|par
|-damage|p2a: Growlithe|0 fnt|[from] tox|[of] p1a: Moltres
|faint|p2a: Growlithe
|
|switch|p2a: Electrode|Electrode, L90|291\/291
|turn|4
|
|move|p2a: Electrode|Thunderbolt|p1a: Moltres
|-crit|p1a: Moltres
|-supereffective|p1a: Moltres
|-damage|p1a: Moltres|0 fnt
|faint|p1a: Moltres
|
|switch|p1a: Marowak|Marowak, L90|291\/291
|turn|5
|
|switch|p2a: Spearow|Spearow, L96|272\/272
|move|p1a: Marowak|Earthquake|p2a: Spearow
|-immune|p2a: Spearow|[msg]
|
|turn|6
|
|move|p2a: Spearow|Double-Edge|p1a: Marowak
|-damage|p1a: Marowak|211\/291
|-damage|p2a: Spearow|252\/272|[from] recoil|[of] p1a: Marowak
|move|p1a: Marowak|Blizzard|p2a: Spearow
|-supereffective|p2a: Spearow
|-damage|p2a: Spearow|42\/272
|-status|p2a: Spearow|frz
|
|turn|7
|
|cant|p2a: Spearow|frz
|move|p1a: Marowak|Seismic Toss|p2a: Spearow
|-damage|p2a: Spearow|0 fnt
|faint|p2a: Spearow
|
|switch|p2a: Victreebel|Victreebel, L85|310\/310
|turn|8
|
|move|p2a: Victreebel|Sleep Powder|p1a: Marowak
|-status|p1a: Marowak|slp
|cant|p1a: Marowak|slp
|
|turn|9
|
|move|p2a: Victreebel|Razor Leaf|p1a: Marowak|[miss]
|-miss|p2a: Victreebel
|cant|p1a: Marowak|slp
|
|turn|10
|
|move|p2a: Victreebel|Razor Leaf|p1a: Marowak
|-crit|p1a: Marowak
|-supereffective|p1a: Marowak
|-damage|p1a: Marowak|0 fnt
|faint|p1a: Marowak
|
|switch|p1a: Beedrill|Beedrill, L90|300\/300
|turn|11
|
|move|p1a: Beedrill|Swords Dance|p1a: Beedrill
|-boost|p1a: Beedrill|atk|2
|move|p2a: Victreebel|Sleep Powder|p1a: Beedrill|[miss]
|-miss|p2a: Victreebel
|
|turn|12
|
|move|p1a: Beedrill|Twineedle|p2a: Victreebel
|-crit|p2a: Victreebel
|-supereffective|p2a: Victreebel
|-damage|p2a: Victreebel|51\/310
|-damage|p2a: Victreebel|0 fnt
|-hitcount|p2a: Victreebel|2
|faint|p2a: Victreebel
|
|switch|p2a: Mr. Mime|Mr. Mime, L85|242\/242
|turn|13
|
|move|p2a: Mr. Mime|Psychic|p1a: Beedrill
|-supereffective|p1a: Beedrill
|-damage|p1a: Beedrill|6\/300
|move|p1a: Beedrill|Twineedle|p2a: Mr. Mime
|-crit|p2a: Mr. Mime
|-supereffective|p2a: Mr. Mime
|-damage|p2a: Mr. Mime|110\/242
|-damage|p2a: Mr. Mime|0 fnt
|-hitcount|p2a: Mr. Mime|2
|faint|p2a: Mr. Mime
|
|switch|p2a: Mewtwo|Mewtwo, L68|285\/285
|turn|14
|
|move|p2a: Mewtwo|Psychic|p1a: Beedrill
|-supereffective|p1a: Beedrill
|-damage|p1a: Beedrill|0 fnt
|faint|p1a: Beedrill
|
|switch|p1a: Ivysaur|Ivysaur, L85|276\/276
|turn|15
|
|move|p2a: Mewtwo|Psychic|p1a: Ivysaur
|-supereffective|p1a: Ivysaur
|-damage|p1a: Ivysaur|97\/276
|move|p1a: Ivysaur|Sleep Powder|p2a: Mewtwo
|-status|p2a: Mewtwo|slp
|
|turn|16
|
|cant|p2a: Mewtwo|slp
|move|p1a: Ivysaur|Leech Seed|p2a: Mewtwo
|-start|p2a: Mewtwo|move: Leech Seed
|
|turn|17
|
|cant|p2a: Mewtwo|slp
|-damage|p2a: Mewtwo|268\/285 slp|[from] Leech Seed|[of] p1a: Ivysaur
|-heal|p1a: Ivysaur|114\/276|[silent]
|move|p1a: Ivysaur|Body Slam|p2a: Mewtwo
|-damage|p2a: Mewtwo|208\/285 slp
|
|turn|18
|c|★Squadra di golbat|Figlio di puttana
|
|cant|p2a: Mewtwo|slp
|-damage|p2a: Mewtwo|191\/285 slp|[from] Leech Seed|[of] p1a: Ivysaur
|-heal|p1a: Ivysaur|131\/276|[silent]
|move|p1a: Ivysaur|Body Slam|p2a: Mewtwo
|-damage|p2a: Mewtwo|137\/285 slp
|
|turn|19
|
|cant|p2a: Mewtwo|slp
|-damage|p2a: Mewtwo|120\/285 slp|[from] Leech Seed|[of] p1a: Ivysaur
|-heal|p1a: Ivysaur|148\/276|[silent]
|move|p1a: Ivysaur|Body Slam|p2a: Mewtwo
|-damage|p2a: Mewtwo|61\/285 slp
|
|turn|20
|
|cant|p2a: Mewtwo|slp
|-damage|p2a: Mewtwo|44\/285 slp|[from] Leech Seed|[of] p1a: Ivysaur
|-heal|p1a: Ivysaur|165\/276|[silent]
|move|p1a: Ivysaur|Body Slam|p2a: Mewtwo
|-damage|p2a: Mewtwo|0 fnt
|faint|p2a: Mewtwo
|
|switch|p2a: Electrode|Electrode, L90|291\/291
|turn|21
|
|move|p2a: Electrode|Thunder|p1a: Ivysaur
|-resisted|p1a: Ivysaur
|-damage|p1a: Ivysaur|93\/276
|-status|p1a: Ivysaur|par
|move|p1a: Ivysaur|Sleep Powder|p2a: Electrode
|-status|p2a: Electrode|slp
|
|turn|22
|
|cant|p2a: Electrode|slp
|move|p1a: Ivysaur|Leech Seed|p2a: Electrode
|-start|p2a: Electrode|move: Leech Seed
|
|turn|23
|
|cant|p2a: Electrode|slp
|-damage|p2a: Electrode|273\/291 slp|[from] Leech Seed|[of] p1a: Ivysaur
|-heal|p1a: Ivysaur|111\/276 par|[silent]
|cant|p1a: Ivysaur|par
|
|turn|24
|
|cant|p2a: Electrode|slp
|-damage|p2a: Electrode|255\/291 slp|[from] Leech Seed|[of] p1a: Ivysaur
|-heal|p1a: Ivysaur|129\/276 par|[silent]
|cant|p1a: Ivysaur|par
|
|turn|25
|
|-damage|p2a: Electrode|237\/291 slp|[from] Leech Seed|[of] p1a: Ivysaur
|-heal|p1a: Ivysaur|147\/276 par|[silent]
|-curestatus|p2a: Electrode|slp
|move|p1a: Ivysaur|Body Slam|p2a: Electrode
|-crit|p2a: Electrode
|-damage|p2a: Electrode|146\/291
|
|turn|26
|
|move|p2a: Electrode|Explosion|p1a: Ivysaur
|-damage|p1a: Ivysaur|0 fnt
|faint|p1a: Ivysaur
|faint|p2a: Electrode
|
|win|boyben10
|raw|boyben10's rating: 1048 &rarr; <strong>1093<\/strong><br \/>(+45 for winning)
|raw|Squadra di golbat's rating: 1175 &rarr; <strong>1141<\/strong><br \/>(-34 for losing)
|leave|Squadra di golbat
|player|p2