|j|mydick2big
|j|TitinhoRibeiro
|player|p1|mydick2big|275
|player|p2|TitinhoRibeiro|161
|gametype|singles
|gen|1
|tier|[Gen 1] OU
|rated
|seed|42847,836,11588,3102
|rule|Sleep Clause Mod: Limit one foe put to sleep
|rule|Freeze Clause Mod: Limit one foe frozen
|rule|Species Clause: Limit one of each Pokémon
|rule|OHKO Clause: OHKO moves are banned
|rule|Evasion Moves Clause: Evasion moves are banned
|rule|HP Percentage Mod: HP is shown in percentages
|
|start
|switch|p1a: experimento|Raticate|313\/313
|switch|p2a: Alakazam|Alakazam|313\/313
|turn|1
|choice|move 1|move 2
|
|move|p2a: Alakazam|Thunder Wave|p1a: experimento
|-status|p1a: experimento|par
|move|p1a: experimento|Super Fang|p2a: Alakazam
|-damage|p2a: Alakazam|157\/313
|
|turn|2
|choice|move 4|move 3
|
|move|p2a: Alakazam|Recover|p2a: Alakazam
|-heal|p2a: Alakazam|313\/313
|move|p1a: experimento|Hyper Beam|p2a: Alakazam
|-damage|p2a: Alakazam|78\/313
|
|turn|3
|-mustrecharge|p1a: experimento
|-mustrecharge|p1a: experimento
|choice|move 1|move 1
|
|move|p2a: Alakazam|Psychic|p1a: experimento
|-crit|p1a: experimento
|-damage|p1a: experimento|0 fnt
|faint|p1a: experimento
|choice|switch 2|
|
|switch|p1a: experiment|Alakazam|313\/313
|turn|4
|choice|move 2|move 2
|
|move|p1a: experiment|Thunder Wave|p2a: Alakazam
|-status|p2a: Alakazam|par
|cant|p2a: Alakazam|par
|
|turn|5
|choice|move 3|move 2
|
|move|p1a: experiment|Psychic|p2a: Alakazam
|-resisted|p2a: Alakazam
|-damage|p2a: Alakazam|25\/313 par
|move|p2a: Alakazam|Thunder Wave|p1a: experiment
|-status|p1a: experiment|par
|
|turn|6
|choice|move 3|switch 6
|
|switch|p2a: Snorlax|Snorlax|523\/523
|move|p1a: experiment|Psychic|p2a: Snorlax
|-damage|p2a: Snorlax|359\/523
|-unboost|p2a: Snorlax|spd|1
|-unboost|p2a: Snorlax|spa|1
|
|turn|7
|c|★mydick2big|nice sacrifice
|choice|move 2|move 1
|
|move|p2a: Snorlax|Body Slam|p1a: experiment
|-damage|p1a: experiment|136\/313 par
|move|p1a: experiment|Thunder Wave|p2a: Snorlax
|-status|p2a: Snorlax|par
|
|turn|8
|choice|switch 3|move 2
|
|switch|p1a: EX|Cloyster|303\/303
|move|p2a: Snorlax|Hyper Beam|p1a: EX
|-damage|p1a: EX|177\/303
|
|turn|9
|-mustrecharge|p2a: Snorlax
|-mustrecharge|p2a: Snorlax
|choice|move 1|move 1
|
|move|p1a: EX|Blizzard|p2a: Snorlax
|-damage|p2a: Snorlax|109\/523 par
|cant|p2a: Snorlax|recharge
|
|turn|10
|choice|move 1|switch 2
|
|switch|p2a: Chansey|Chansey|703\/703
|move|p1a: EX|Blizzard|p2a: Chansey
|-damage|p2a: Chansey|574\/703
|
|turn|11
|choice|move 1|move 4
|
|move|p1a: EX|Blizzard|p2a: Chansey
|-damage|p2a: Chansey|444\/703
|-status|p2a: Chansey|frz
|cant|p2a: Chansey|frz
|
|turn|12
|c|★mydick2big|game
|choice|move 2|move 4
|
|move|p1a: EX|Clamp|p2a: Chansey|[miss]
|-miss|p1a: EX
|cant|p2a: Chansey|frz
|
|turn|13
|choice|move 2|move 4
|
|move|p1a: EX|Clamp|p2a: Chansey
|-damage|p2a: Chansey|408\/703 frz
|-activate|p2a: Chansey|move: Clamp|[of] p1a: EX
|cant|p2a: Chansey|frz
|
|turn|14
|choice|move 2|move 4
|
|move|p1a: EX|Clamp|p2a: Chansey
|-damage|p2a: Chansey|372\/703 frz
|cant|p2a: Chansey|frz
|
|turn|15
|choice|move 2|move 4
|
|move|p1a: EX|Clamp|p2a: Chansey
|-damage|p2a: Chansey|336\/703 frz
|cant|p2a: Chansey|frz
|
|-end|p2a: Chansey|Clamp|[partiallytrapped]
|turn|16
|choice|switch 3|move 4
|
|switch|p1a: experiment|Alakazam|136\/313 par
|cant|p2a: Chansey|frz
|
|turn|17
|choice|move 4|switch 4
|
|switch|p2a: Cloyster|Cloyster|303\/303
|move|p1a: experiment|Recover|p1a: experiment
|-heal|p1a: experiment|292\/313 par
|
|turn|18
|choice|move 1|move 1
|
|move|p2a: Cloyster|Clamp|p1a: experiment
|-damage|p1a: experiment|260\/313 par
|-activate|p1a: experiment|move: Clamp|[of] p2a: Cloyster
|cant|p1a: experiment|partiallytrapped
|
|turn|19
|choice|switch 3|move 1
|
|switch|p1a: EX|Cloyster|177\/303
|move|p2a: Cloyster|Clamp|p1a: EX
|-resisted|p1a: EX
|-damage|p1a: EX|157\/303
|-activate|p1a: EX|move: Clamp|[of] p2a: Cloyster
|
|turn|20
|choice|switch 4|move 1
|
|switch|p1a: exper|Tauros|353\/353
|move|p2a: Cloyster|Clamp|p1a: exper|[miss]
|-miss|p2a: Cloyster
|
|turn|21
|choice|move 2|move 1
|
|move|p1a: exper|Body Slam|p2a: Cloyster
|-damage|p2a: Cloyster|232\/303
|move|p2a: Cloyster|Clamp|p1a: exper|[miss]
|-miss|p2a: Cloyster
|
|turn|22
|choice|move 2|move 1
|
|move|p1a: exper|Body Slam|p2a: Cloyster
|-damage|p2a: Cloyster|171\/303
|move|p2a: Cloyster|Clamp|p1a: exper
|-damage|p1a: exper|306\/353
|-activate|p1a: exper|move: Clamp|[of] p2a: Cloyster
|
|turn|23
|choice|switch 5|move 1
|
|switch|p1a: experi|Starmie|323\/323
|move|p2a: Cloyster|Clamp|p1a: experi|[miss]
|-miss|p2a: Cloyster
|
|turn|24
|choice|move 1|switch 5
|
|switch|p2a: Exeggutor|Exeggutor|393\/393
|move|p1a: experi|Thunderbolt|p2a: Exeggutor
|-resisted|p2a: Exeggutor
|-damage|p2a: Exeggutor|360\/393
|
|turn|25
|choice|switch 6|move 1
|
|switch|p1a: ball of pink love|Chansey|703\/703
|move|p2a: Exeggutor|Sleep Powder|p1a: ball of pink love
|-status|p1a: ball of pink love|slp
|
|turn|26
|choice|move 3|switch 6
|
|switch|p2a: Alakazam|Alakazam|25\/313 par
|cant|p1a: ball of pink love|slp
|
|turn|27
|choice|switch 6|move 3
|
|switch|p1a: experi|Starmie|323\/323
|move|p2a: Alakazam|Recover|p2a: Alakazam
|-heal|p2a: Alakazam|181\/313 par
|
|turn|28
|choice|move 4|move 2
|
|move|p1a: experi|Surf|p2a: Alakazam
|-damage|p2a: Alakazam|93\/313 par
|cant|p2a: Alakazam|par
|
|turn|29
|choice|move 1|move 2
|
|move|p1a: experi|Thunderbolt|p2a: Alakazam
|-damage|p2a: Alakazam|31\/313 par
|move|p2a: Alakazam|Thunder Wave|p1a: experi
|-status|p1a: experi|par
|
|turn|30
|choice|move 4|move 3
|
|move|p2a: Alakazam|Recover|p2a: Alakazam
|-heal|p2a: Alakazam|187\/313 par
|move|p1a: experi|Surf|p2a: Alakazam
|-damage|p2a: Alakazam|103\/313 par
|
|turn|31
|choice|move 3|move 3
|
|move|p2a: Alakazam|Recover|p2a: Alakazam
|-heal|p2a: Alakazam|259\/313 par
|move|p1a: experi|Psychic|p2a: Alakazam
|-crit|p2a: Alakazam
|-resisted|p2a: Alakazam
|-damage|p2a: Alakazam|175\/313 par
|
|turn|32
|choice|move 3|move 3
|
|move|p2a: Alakazam|Recover|p2a: Alakazam
|-heal|p2a: Alakazam|313\/313 par
|move|p1a: experi|Psychic|p2a: Alakazam
|-resisted|p2a: Alakazam
|-damage|p2a: Alakazam|271\/313 par
|-unboost|p2a: Alakazam|spd|1
|-unboost|p2a: Alakazam|spa|1
|
|turn|33
|choice|move 4|move 4
|
|move|p1a: experi|Surf|p2a: Alakazam
|-crit|p2a: Alakazam
|-damage|p2a: Alakazam|87\/313 par
|move|p2a: Alakazam|Seismic Toss|p1a: experi
|-damage|p1a: experi|223\/323 par
|
|turn|34
|choice|move 4|move 3
|
|move|p1a: experi|Surf|p2a: Alakazam
|-damage|p2a: Alakazam|0 fnt
|faint|p2a: Alakazam
|choice||switch 5
|
|switch|p2a: Cloyster|Cloyster|171\/303
|turn|35
|choice|move 1|move 1
|
|move|p2a: Cloyster|Clamp|p1a: experi
|-resisted|p1a: experi
|-damage|p1a: experi|204\/323 par
|-activate|p1a: experi|move: Clamp|[of] p2a: Cloyster
|cant|p1a: experi|partiallytrapped
|
|turn|36
|choice|switch 6|move 1
|
|switch|p1a: ball of pink love|Chansey|703\/703 slp
|move|p2a: Cloyster|Clamp|p1a: ball of pink love
|-damage|p1a: ball of pink love|668\/703 slp
|-activate|p1a: ball of pink love|move: Clamp|[of] p2a: Cloyster
|
|turn|37
|choice|switch 5|switch 2
|
|switch|p2a: Snorlax|Snorlax|109\/523 par
|switch|p1a: exper|Tauros|306\/353
|
|turn|38
|choice|move 4|switch 6
|
|switch|p2a: Exeggutor|Exeggutor|360\/393
|move|p1a: exper|Earthquake|p2a: Exeggutor
|-resisted|p2a: Exeggutor
|-damage|p2a: Exeggutor|316\/393
|
|turn|39
|choice|move 1|move 3
|
|move|p1a: exper|Blizzard|p2a: Exeggutor
|-supereffective|p2a: Exeggutor
|-damage|p2a: Exeggutor|196\/393
|-message|Freeze Clause activated.
|move|p2a: Exeggutor|Psychic|p1a: exper
|-damage|p1a: exper|154\/353
|-unboost|p1a: exper|spd|1
|-unboost|p1a: exper|spa|1
|
|turn|40
|choice|switch 5|move 3
|
|switch|p1a: ball of pink love|Chansey|668\/703 slp
|move|p2a: Exeggutor|Psychic|p1a: ball of pink love
|-damage|p1a: ball of pink love|542\/703 slp
|-unboost|p1a: ball of pink love|spd|1
|-unboost|p1a: ball of pink love|spa|1
|
|turn|41
|choice|switch 4|move 3
|
|switch|p1a: EX|Cloyster|157\/303
|move|p2a: Exeggutor|Psychic|p1a: EX
|-damage|p1a: EX|18\/303
|
|turn|42
|choice|move 1|switch 4
|
|switch|p2a: Chansey|Chansey|336\/703 frz
|move|p1a: EX|Blizzard|p2a: Chansey
|-damage|p2a: Chansey|208\/703 frz
|
|turn|43
|choice|move 1|move 4
|
|move|p1a: EX|Blizzard|p2a: Chansey
|-crit|p2a: Chansey
|-damage|p2a: Chansey|0 fnt
|faint|p2a: Chansey
|choice||switch 3
|
|switch|p2a: Tauros|Tauros|353\/353
|turn|44
|choice|switch 6|move 1
|
|switch|p1a: experi|Starmie|204\/323 par
|move|p2a: Tauros|Body Slam|p1a: experi
|-damage|p1a: experi|86\/323 par
|
|turn|45
|choice|switch 3|move 1
|
|switch|p1a: experiment|Alakazam|260\/313 par
|move|p2a: Tauros|Body Slam|p1a: experiment
|-damage|p1a: experiment|94\/313 par
|
|turn|46
|choice|move 2|move 1
|
|move|p2a: Tauros|Body Slam|p1a: experiment
|-damage|p1a: experiment|0 fnt
|faint|p1a: experiment
|choice|switch 4|
|
|switch|p1a: ball of pink love|Chansey|542\/703 slp
|turn|47
|choice|move 1|move 1
|
|move|p2a: Tauros|Body Slam|p1a: ball of pink love
|-damage|p1a: ball of pink love|287\/703 slp
|-curestatus|p1a: ball of pink love|slp
|
|turn|48
|choice|move 1|move 4
|
|move|p2a: Tauros|Hyper Beam|p1a: ball of pink love
|-crit|p1a: ball of pink love
|-damage|p1a: ball of pink love|0 fnt
|faint|p1a: ball of pink love
|choice|switch 5|
|
|switch|p1a: exper|Tauros|154\/353
|turn|49
|choice|move 3|move 4
|
|move|p2a: Tauros|Hyper Beam|p1a: exper
|-crit|p1a: exper
|-damage|p1a: exper|0 fnt
|faint|p1a: exper
|choice|switch 6|
|
|switch|p1a: EX|Cloyster|18\/303
|turn|50
|c|★TitinhoRibeiro|game?
|choice|switch 3|move 1
|
|switch|p1a: experi|Starmie|86\/323 par
|move|p2a: Tauros|Body Slam|p1a: experi
|-damage|p1a: experi|0 fnt
|faint|p1a: experi
|choice|switch 3|
|
|switch|p1a: EX|Cloyster|18\/303
|turn|51
|choice|move 3|move 1
|
|move|p2a: Tauros|Body Slam|p1a: EX
|-crit|p1a: EX
|-damage|p1a: EX|0 fnt
|faint|p1a: EX
|
|win|TitinhoRibeiro
|raw|mydick2big's rating: 1040 &rarr; <strong>1034<\/strong><br \/>(-6 for losing)
|raw|TitinhoRibeiro's rating: 1290 &rarr; <strong>1299<\/strong><br \/>(+9 for winning)
|c|★mydick2big|ouch
|c|★TitinhoRibeiro|gg
|l|mydick2big
|player|p1