|j|Hidol
|j|AntillonB18
|player|p1|Hidol|266
|player|p2|AntillonB18|265
|gametype|singles
|gen|1
|tier|[Gen 1] Random Battle
|rated
|seed|58562,36318,59475,44209
|rule|Sleep Clause Mod: Limit one foe put to sleep
|rule|Freeze Clause Mod: Limit one foe frozen
|rule|HP Percentage Mod: HP is shown in percentages
|
|start
|switch|p1a: Squirtle|Squirtle, L96|279\/279
|switch|p2a: Butterfree|Butterfree, L90|291\/291
|turn|1
|choice|move 1|move 4
|
|move|p2a: Butterfree|Sleep Powder|p1a: Squirtle
|-status|p1a: Squirtle|slp
|cant|p1a: Squirtle|slp
|
|turn|2
|choice|move 4|move 3
|
|move|p2a: Butterfree|Psychic|p1a: Squirtle
|-damage|p1a: Squirtle|200\/279 slp
|cant|p1a: Squirtle|slp
|
|turn|3
|choice|switch 2|move 2
|
|switch|p1a: Drowzee|Drowzee, L96|310\/310
|move|p2a: Butterfree|Mega Drain|p1a: Drowzee
|-damage|p1a: Drowzee|283\/310
|
|turn|4
|choice|move 1|switch 5
|
|switch|p2a: Persian|Persian, L79|265\/265
|move|p1a: Drowzee|Psychic|p2a: Persian
|-damage|p2a: Persian|120\/265
|-unboost|p2a: Persian|spd|1
|-unboost|p2a: Persian|spa|1
|
|turn|5
|choice|move 1|switch 2
|
|switch|p2a: Hypno|Hypno, L85|318\/318
|move|p1a: Drowzee|Psychic|p2a: Hypno
|-resisted|p2a: Hypno
|-damage|p2a: Hypno|270\/318
|-unboost|p2a: Hypno|spd|1
|-unboost|p2a: Hypno|spa|1
|
|turn|6
|choice|move 2|move 2
|
|move|p2a: Hypno|Thunder Wave|p1a: Drowzee
|-status|p1a: Drowzee|par
|move|p1a: Drowzee|Thunder Wave|p2a: Hypno
|-status|p2a: Hypno|par
|
|turn|7
|choice|switch 2|move 3
|
|switch|p1a: Squirtle|Squirtle, L96|200\/279 slp
|cant|p2a: Hypno|par
|
|turn|8
|choice|move 2|switch 5
|
|switch|p2a: Butterfree|Butterfree, L90|291\/291
|-curestatus|p1a: Squirtle|slp
|
|turn|9
|choice|switch 2|move 2
|
|switch|p1a: Drowzee|Drowzee, L96|283\/310 par
|move|p2a: Butterfree|Mega Drain|p1a: Drowzee
|-damage|p1a: Drowzee|258\/310 par
|
|turn|10
|choice|move 3|switch 5
|
|switch|p2a: Hypno|Hypno, L85|270\/318 par
|move|p1a: Drowzee|Hypnosis|p2a: Hypno
|-fail|p2a: Hypno
|
|turn|11
|choice|move 1|move 4
|
|cant|p1a: Drowzee|par
|move|p2a: Hypno|Counter|p1a: Drowzee
|-fail|p2a: Hypno
|
|turn|12
|choice|move 1|move 4
|
|move|p1a: Drowzee|Psychic|p2a: Hypno
|-resisted|p2a: Hypno
|-damage|p2a: Hypno|220\/318 par
|move|p2a: Hypno|Counter|p1a: Drowzee
|-fail|p2a: Hypno
|
|turn|13
|choice|move 4|move 1
|
|cant|p2a: Hypno|par
|move|p1a: Drowzee|Counter|p2a: Hypno
|-fail|p1a: Drowzee
|
|turn|14
|choice|move 1|move 1
|
|move|p2a: Hypno|Psychic|p1a: Drowzee
|-crit|p1a: Drowzee
|-resisted|p1a: Drowzee
|-damage|p1a: Drowzee|165\/310 par
|-unboost|p1a: Drowzee|spd|1
|-unboost|p1a: Drowzee|spa|1
|move|p1a: Drowzee|Psychic|p2a: Hypno
|-resisted|p2a: Hypno
|-damage|p2a: Hypno|189\/318 par
|
|turn|15
|choice|switch 4|move 1
|
|switch|p1a: Persian|Persian, L79|265\/265
|move|p2a: Hypno|Psychic|p1a: Persian
|-damage|p1a: Persian|120\/265
|
|turn|16
|choice|move 2|move 3
|
|move|p1a: Persian|Hyper Beam|p2a: Hypno
|-damage|p2a: Hypno|51\/318 par
|move|p2a: Hypno|Hypnosis|p1a: Persian
|-status|p1a: Persian|slp
|
|turn|17
|-mustrecharge|p1a: Persian
|-mustrecharge|p1a: Persian
|choice|move 1|move 1
|
|cant|p1a: Persian|recharge
|move|p2a: Hypno|Psychic|p1a: Persian
|-damage|p1a: Persian|0 fnt
|faint|p1a: Persian
|choice|switch 5|
|
|switch|p1a: Dragonite|Dragonite, L85|328\/328
|turn|18
|choice|move 3|move 3
|
|move|p1a: Dragonite|Blizzard|p2a: Hypno
|-damage|p2a: Hypno|0 fnt
|faint|p2a: Hypno
|choice||switch 4
|
|switch|p2a: Lapras|Lapras, L79|367\/367
|turn|19
|choice|switch 2|move 2
|
|switch|p1a: Squirtle|Squirtle, L96|200\/279
|move|p2a: Lapras|Blizzard|p1a: Squirtle
|-resisted|p1a: Squirtle
|-damage|p1a: Squirtle|130\/279
|
|turn|20
|choice|move 3|move 1
|
|move|p1a: Squirtle|Body Slam|p2a: Lapras
|-damage|p2a: Lapras|310\/367
|move|p2a: Lapras|Thunderbolt|p1a: Squirtle
|-supereffective|p1a: Squirtle
|-damage|p1a: Squirtle|0 fnt
|faint|p1a: Squirtle
|choice|switch 4|
|
|switch|p1a: Drowzee|Drowzee, L96|165\/310 par
|turn|21
|choice|move 2|switch 5
|
|switch|p2a: Butterfree|Butterfree, L90|291\/291
|move|p1a: Drowzee|Thunder Wave|p2a: Butterfree
|-status|p2a: Butterfree|par
|
|turn|22
|choice|switch 6|move 3
|
|switch|p1a: Charmeleon|Charmeleon, L85|272\/272
|move|p2a: Butterfree|Psychic|p1a: Charmeleon
|-damage|p1a: Charmeleon|192\/272
|
|turn|23
|choice|move 3|switch 3
|
|switch|p2a: Primeape|Primeape, L90|300\/300
|move|p1a: Charmeleon|Body Slam|p2a: Primeape
|-damage|p2a: Primeape|246\/300
|
|turn|24
|choice|switch 6|move 3
|
|switch|p1a: Drowzee|Drowzee, L96|165\/310 par
|move|p2a: Primeape|Rock Slide|p1a: Drowzee
|-crit|p1a: Drowzee
|-damage|p1a: Drowzee|8\/310 par
|
|turn|25
|choice|move 1|switch 3
|
|switch|p2a: Butterfree|Butterfree, L90|291\/291 par
|move|p1a: Drowzee|Psychic|p2a: Butterfree
|-damage|p2a: Butterfree|177\/291 par
|
|turn|26
|choice|move 1|move 3
|
|cant|p2a: Butterfree|par
|move|p1a: Drowzee|Psychic|p2a: Butterfree
|-damage|p2a: Butterfree|55\/291 par
|
|turn|27
|choice|move 1|move 3
|
|move|p2a: Butterfree|Psychic|p1a: Drowzee
|-resisted|p1a: Drowzee
|-damage|p1a: Drowzee|0 fnt
|faint|p1a: Drowzee
|choice|switch 3|
|
|switch|p1a: Muk|Muk, L90|372\/372
|turn|28
|choice|move 4|move 4
|
|move|p1a: Muk|Sludge|p2a: Butterfree
|-supereffective|p2a: Butterfree
|-damage|p2a: Butterfree|0 fnt
|faint|p2a: Butterfree
|choice||switch 3
|
|switch|p2a: Primeape|Primeape, L90|246\/300
|turn|29
|choice|move 4|move 3
|
|move|p2a: Primeape|Rock Slide|p1a: Muk
|-damage|p1a: Muk|301\/372
|move|p1a: Muk|Sludge|p2a: Primeape
|-damage|p2a: Primeape|155\/300
|
|turn|30
|choice|move 3|move 1
|
|move|p2a: Primeape|Body Slam|p1a: Muk
|-crit|p1a: Muk
|-damage|p1a: Muk|147\/372
|move|p1a: Muk|Mega Drain|p2a: Primeape
|-damage|p2a: Primeape|126\/300
|-heal|p1a: Muk|161\/372|[from] drain|[of] p2a: Primeape
|
|turn|31
|choice|move 4|move 1
|
|move|p2a: Primeape|Body Slam|p1a: Muk
|-damage|p1a: Muk|80\/372
|-status|p1a: Muk|par
|move|p1a: Muk|Sludge|p2a: Primeape
|-damage|p2a: Primeape|32\/300
|-status|p2a: Primeape|psn
|
|turn|32
|choice|switch 2|move 2
|
|switch|p1a: Dragonite|Dragonite, L85|328\/328
|move|p2a: Primeape|Hyper Beam|p1a: Dragonite
|-damage|p1a: Dragonite|216\/328
|-damage|p2a: Primeape|14\/300 psn|[from] psn|[of] p1a: Dragonite
|
|turn|33
|-mustrecharge|p2a: Primeape
|-mustrecharge|p2a: Primeape
|choice|move 1|move 1
|
|cant|p2a: Primeape|recharge
|-damage|p2a: Primeape|0 fnt|[from] psn|[of] p1a: Dragonite
|faint|p2a: Primeape
|choice||switch 5
|
|switch|p2a: Lapras|Lapras, L79|310\/367
|turn|34
|choice|switch 2|move 3
|
|switch|p1a: Muk|Muk, L90|80\/372 par
|move|p2a: Lapras|Confuse Ray|p1a: Muk
|-start|p1a: Muk|confusion
|
|turn|35
|choice|move 1|move 1
|
|move|p2a: Lapras|Thunderbolt|p1a: Muk
|-damage|p1a: Muk|10\/372 par
|-activate|p1a: Muk|confusion
|move|p1a: Muk|Explosion|p2a: Lapras
|-damage|p2a: Lapras|0 fnt
|faint|p2a: Lapras
|faint|p1a: Muk
|c|★Hidol|wow
|choice|switch 2|switch 2
|
|switch|p2a: Persian|Persian, L79|120\/265
|switch|p1a: Dragonite|Dragonite, L85|216\/328
|turn|36
|choice|move 1|move 3
|
|move|p2a: Persian|Body Slam|p1a: Dragonite
|-damage|p1a: Dragonite|151\/328
|move|p1a: Dragonite|Hyper Beam|p2a: Persian
|-damage|p2a: Persian|0 fnt
|faint|p2a: Persian
|choice||switch 6
|
|switch|p2a: Jolteon|Jolteon, L79|265\/265
|turn|37
|choice|move 1|move 1
|
|move|p2a: Jolteon|Thunderbolt|p1a: Dragonite
|-damage|p1a: Dragonite|58\/328
|move|p1a: Dragonite|Hyper Beam|p2a: Jolteon
|-damage|p2a: Jolteon|83\/265
|
|turn|38
|-mustrecharge|p1a: Dragonite
|-mustrecharge|p1a: Dragonite
|choice|move 1|move 1
|
|move|p2a: Jolteon|Thunderbolt|p1a: Dragonite
|-damage|p1a: Dragonite|0 fnt
|faint|p1a: Dragonite
|choice|switch 6|
|
|switch|p1a: Charmeleon|Charmeleon, L85|192\/272
|turn|39
|choice|move 3|move 2
|
|move|p2a: Jolteon|Double Kick|p1a: Charmeleon
|-damage|p1a: Charmeleon|172\/272
|-damage|p1a: Charmeleon|152\/272
|-hitcount|p1a: Charmeleon|2
|move|p1a: Charmeleon|Body Slam|p2a: Jolteon
|-damage|p2a: Jolteon|22\/265
|
|turn|40
|choice|move 3|move 1
|
|move|p2a: Jolteon|Thunderbolt|p1a: Charmeleon
|-damage|p1a: Charmeleon|35\/272
|move|p1a: Charmeleon|Body Slam|p2a: Jolteon
|-damage|p2a: Jolteon|0 fnt
|faint|p2a: Jolteon
|
|win|Hidol
|raw|Hidol's rating: 1308 &rarr; <strong>1314<\/strong><br \/>(+6 for winning)
|raw|AntillonB18's rating: 1019 &rarr; <strong>1015<\/strong><br \/>(-4 for losing)
|c|★Hidol|gg
|l|AntillonB18
|player|p2