|join|MALESANI
|join|paolo.bassi
|player|p1|MALESANI|238
|player|p2|paolo.bassi|2
|gametype|singles
|gen|1
|tier|[Gen 1] Random Battle
|rated
|seed|23220,28603,15694,51777
|rule|Sleep Clause Mod: Limit one foe put to sleep
|rule|Freeze Clause Mod: Limit one foe frozen
|rule|HP Percentage Mod: HP is shown in percentages
|
|start
|switch|p1a: Golem|Golem, L79|288\/288
|switch|p2a: Porygon|Porygon, L85|284\/284
|turn|1
|choice|switch 5|switch 6
|
|switch|p2a: Slowbro|Slowbro, L79|312\/312
|switch|p1a: Machamp|Machamp, L90|345\/345
|
|turn|2
|choice|move 4|move 2
|
|move|p1a: Machamp|Earthquake|p2a: Slowbro
|-damage|p2a: Slowbro|218\/312
|move|p2a: Slowbro|Thunder Wave|p1a: Machamp
|-status|p1a: Machamp|par
|
|turn|3
|choice|move 4|move 1
|
|move|p2a: Slowbro|Amnesia|p2a: Slowbro
|-boost|p2a: Slowbro|spd|2
|-boost|p2a: Slowbro|spa|2
|move|p1a: Machamp|Earthquake|p2a: Slowbro
|-damage|p2a: Slowbro|124\/312
|
|turn|4
|choice|move 1|move 1
|
|move|p2a: Slowbro|Amnesia|p2a: Slowbro
|-boost|p2a: Slowbro|spd|2
|-boost|p2a: Slowbro|spa|2
|move|p1a: Machamp|Hyper Beam|p2a: Slowbro
|-damage|p2a: Slowbro|0 fnt
|faint|p2a: Slowbro
|choice||switch 5
|
|switch|p2a: Alakazam|Alakazam, L79|249\/249
|turn|5
|choice|move 4|move 1
|
|move|p2a: Alakazam|Psychic|p1a: Machamp
|-crit|p1a: Machamp
|-supereffective|p1a: Machamp
|-damage|p1a: Machamp|0 fnt
|faint|p1a: Machamp
|choice|switch 3|
|
|switch|p1a: Abra|Abra, L96|243\/243
|turn|6
|choice|move 1|move 4
|
|move|p2a: Alakazam|Thunder Wave|p1a: Abra
|-status|p1a: Abra|par
|move|p1a: Abra|Thunder Wave|p2a: Alakazam
|-status|p2a: Alakazam|par
|
|turn|7
|choice|switch 2|move 1
|
|switch|p1a: Fearow|Fearow, L90|300\/300
|move|p2a: Alakazam|Psychic|p1a: Fearow
|-damage|p1a: Fearow|184\/300
|
|turn|8
|choice|move 2|move 1
|
|move|p1a: Fearow|Drill Peck|p2a: Alakazam
|-damage|p2a: Alakazam|101\/249 par
|move|p2a: Alakazam|Psychic|p1a: Fearow
|-damage|p1a: Fearow|54\/300
|
|turn|9
|choice|move 2|move 1
|
|move|p1a: Fearow|Drill Peck|p2a: Alakazam
|-crit|p2a: Alakazam
|-damage|p2a: Alakazam|0 fnt
|faint|p2a: Alakazam
|choice||switch 6
|
|switch|p2a: Porygon|Porygon, L85|284\/284
|turn|10
|choice|move 1|move 4
|
|move|p1a: Fearow|Hyper Beam|p2a: Porygon
|-damage|p2a: Porygon|75\/284
|move|p2a: Porygon|Double-Edge|p1a: Fearow
|-damage|p1a: Fearow|0 fnt
|-damage|p2a: Porygon|62\/284|[from] recoil|[of] p1a: Fearow
|faint|p1a: Fearow
|choice|switch 4|
|
|switch|p1a: Golduck|Golduck, L85|310\/310
|turn|11
|choice|move 2|move 3
|
|move|p1a: Golduck|Surf|p2a: Porygon
|-damage|p2a: Porygon|0 fnt
|faint|p2a: Porygon
|choice||switch 4
|
|switch|p2a: Tauros|Tauros, L79|280\/280
|turn|12
|choice|switch 6|move 1
|
|switch|p1a: Electrode|Electrode, L90|291\/291
|move|p2a: Tauros|Body Slam|p1a: Electrode
|-crit|p1a: Electrode
|-damage|p1a: Electrode|117\/291
|-status|p1a: Electrode|par
|
|turn|13
|choice|move 3|move 3
|
|move|p2a: Tauros|Hyper Beam|p1a: Electrode
|-damage|p1a: Electrode|0 fnt
|faint|p1a: Electrode
|choice|switch 6|
|
|switch|p1a: Golduck|Golduck, L85|310\/310
|turn|14
|choice|move 3|move 1
|
|move|p2a: Tauros|Body Slam|p1a: Golduck
|-damage|p1a: Golduck|230\/310
|move|p1a: Golduck|Ice Beam|p2a: Tauros
|-damage|p2a: Tauros|209\/280
|
|turn|15
|choice|move 1|move 1
|
|move|p2a: Tauros|Body Slam|p1a: Golduck
|-damage|p1a: Golduck|142\/310
|move|p1a: Golduck|Amnesia|p1a: Golduck
|-boost|p1a: Golduck|spd|2
|-boost|p1a: Golduck|spa|2
|
|turn|16
|choice|move 3|move 1
|
|move|p2a: Tauros|Body Slam|p1a: Golduck
|-damage|p1a: Golduck|56\/310
|move|p1a: Golduck|Ice Beam|p2a: Tauros
|-damage|p2a: Tauros|67\/280
|-status|p2a: Tauros|frz
|
|turn|17
|choice|move 1|switch 3
|
|switch|p2a: Weezing|Weezing, L90|300\/300
|move|p1a: Golduck|Amnesia|p1a: Golduck
|-boost|p1a: Golduck|spd|2
|-boost|p1a: Golduck|spa|2
|
|turn|18
|choice|move 2|move 4
|
|move|p1a: Golduck|Surf|p2a: Weezing
|-damage|p2a: Weezing|20\/300
|move|p2a: Weezing|Thunderbolt|p1a: Golduck
|-crit|p1a: Golduck
|-supereffective|p1a: Golduck
|-damage|p1a: Golduck|0 fnt
|faint|p1a: Golduck
|choice|switch 5|
|
|switch|p1a: Golem|Golem, L79|288\/288
|turn|19
|choice|move 4|move 3
|
|move|p2a: Weezing|Sludge|p1a: Golem
|-resisted|p1a: Golem
|-damage|p1a: Golem|273\/288
|move|p1a: Golem|Body Slam|p2a: Weezing
|-crit|p2a: Weezing
|-damage|p2a: Weezing|0 fnt
|faint|p2a: Weezing
|choice||switch 2
|
|switch|p2a: Kakuna|Kakuna, L99|290\/290
|turn|20
|-message|paolo.bassi forfeited.
|
|win|MALESANI
|leave|paolo.bassi
|player|p2