|join|Airfoil
|join|adriaaaaaaaaaaaaan
|player|p1|Airfoil|169
|player|p2|adriaaaaaaaaaaaaan|192
|gametype|singles
|gen|1
|tier|[Gen 1] OU (beta)
|rated
|rule|Sleep Clause Mod: Limit one foe put to sleep
|rule|Species Clause: Limit one of each Pokemon
|rule|OHKO Clause: OHKO moves are banned
|rule|Moody Clause: Moody is banned
|rule|Evasion Moves Clause: Evasion moves are banned
|rule|Endless Battle Clause: Forcing endless battles is banned.
|rule|HP Percentage Mod: HP is reported as percentages
|
|start
|switch|p1a: Gengar|Gengar|323\/323
|switch|p2a: Starmie|Starmie|323\/323
|turn|1
|
|move|p2a: Starmie|Thunder Wave|p1a: Gengar
|-status|p1a: Gengar|par
|move|p1a: Gengar|Hypnosis|p2a: Starmie
|-status|p2a: Starmie|slp
|
|turn|2
|
|switch|p2a: Golem|Golem|363\/363
|cant|p1a: Gengar|par
|
|turn|3
|
|move|p2a: Golem|Earthquake|p1a: Gengar
|-supereffective|p1a: Gengar
|-damage|p1a: Gengar|0 fnt
|faint|p1a: Gengar
|
|
|switch|p1a: Exeggutor|Exeggutor|393\/393
|turn|4
|
|switch|p2a: Starmie|Starmie|323\/323 slp
|move|p1a: Exeggutor|Leech Seed|p2a: Starmie
|-start|p2a: Starmie|move: Leech Seed
|
|turn|5
|
|switch|p2a: Venusaur|Venusaur|363\/363
|move|p1a: Exeggutor|Mega Drain|p2a: Venusaur
|-resisted|p2a: Venusaur
|-damage|p2a: Venusaur|349\/363
|
|turn|6
|
|switch|p1a: Lapras|Lapras|463\/463
|move|p2a: Venusaur|Toxic|p1a: Lapras
|-status|p1a: Lapras|tox
|
|turn|7
|
|move|p2a: Venusaur|Leech Seed|p1a: Lapras
|-start|p1a: Lapras|move: Leech Seed
|move|p1a: Lapras|Body Slam|p2a: Venusaur
|-crit|p2a: Venusaur
|-damage|p2a: Venusaur|221\/363
|-damage|p1a: Lapras|435\/463 tox|[from] tox|[of] p2a: Venusaur
|-damage|p1a: Lapras|379\/463 tox|[from] Leech Seed|[of] p2a: Venusaur
|-heal|p2a: Venusaur|277\/363|[silent]
|
|turn|8
|
|move|p2a: Venusaur|Razor Leaf|p1a: Lapras
|-crit|p1a: Lapras
|-supereffective|p1a: Lapras
|-damage|p1a: Lapras|88\/463 tox
|move|p1a: Lapras|Blizzard|p2a: Venusaur
|-supereffective|p2a: Venusaur
|-damage|p2a: Venusaur|23\/363
|-damage|p1a: Lapras|32\/463 tox|[from] Leech Seed|[of] p2a: Venusaur
|-heal|p2a: Venusaur|79\/363|[silent]
|-damage|p1a: Lapras|0 fnt|[from] tox|[of] p2a: Venusaur
|faint|p1a: Lapras
|
|
|switch|p1a: Exeggutor|Exeggutor|393\/393
|turn|9
|chat|adriaaaaaaaaaaaaan|looks like stacking doesnt work here
|
|switch|p2a: Starmie|Starmie|323\/323 slp
|move|p1a: Exeggutor|Psychic|p2a: Starmie
|-resisted|p2a: Starmie
|-damage|p2a: Starmie|259\/323 slp
|
|turn|10
|
|cant|p2a: Starmie|slp
|move|p1a: Exeggutor|Mega Drain|p2a: Starmie
|-supereffective|p2a: Starmie
|-damage|p2a: Starmie|145\/323 slp
|
|turn|11
|
|switch|p1a: Raichu|Raichu|323\/323
|cant|p2a: Starmie|slp
|-curestatus|p2a: Starmie|slp
|
|turn|12
|
|switch|p2a: Golem|Golem|363\/363
|move|p1a: Raichu|Thunderbolt|p2a: Golem
|-immune|p2a: Golem|[msg]
|
|turn|13
|
|switch|p2a: Venusaur|Venusaur|79\/363
|move|p1a: Raichu|Surf|p2a: Venusaur
|-resisted|p2a: Venusaur
|-damage|p2a: Venusaur|45\/363
|
|turn|14
|
|move|p1a: Raichu|Body Slam|p2a: Venusaur
|-damage|p2a: Venusaur|0 fnt
|faint|p2a: Venusaur
|
|
|switch|p2a: Alakazam|Alakazam|313\/313
|turn|15
|
|move|p2a: Alakazam|Reflect|p2a: Alakazam
|move|p1a: Raichu|Thunder Wave|p2a: Alakazam
|-status|p2a: Alakazam|par
|
|turn|16
|
|switch|p1a: Exeggutor|Exeggutor|393\/393
|cant|p2a: Alakazam|par
|
|turn|17
|
|move|p1a: Exeggutor|Leech Seed|p2a: Alakazam|[miss]
|-miss|p1a: Exeggutor
|move|p2a: Alakazam|Thunder Wave|p1a: Exeggutor
|-status|p1a: Exeggutor|par
|
|turn|18
|
|move|p2a: Alakazam|Psychic|p1a: Exeggutor
|-crit|p1a: Exeggutor
|-resisted|p1a: Exeggutor
|-damage|p1a: Exeggutor|286\/393 par
|cant|p1a: Exeggutor|par
|
|turn|19
|
|move|p2a: Alakazam|Psychic|p1a: Exeggutor
|-crit|p1a: Exeggutor
|-resisted|p1a: Exeggutor
|-damage|p1a: Exeggutor|175\/393 par
|move|p1a: Exeggutor|Leech Seed|p2a: Alakazam
|-start|p2a: Alakazam|move: Leech Seed
|
|turn|20
|
|switch|p2a: Starmie|Starmie|145\/323
|move|p1a: Exeggutor|Mega Drain|p2a: Starmie
|-crit|p2a: Starmie
|-supereffective|p2a: Starmie
|-damage|p2a: Starmie|0 fnt
|-heal|p1a: Exeggutor|248\/393 par|[from] drain|[of] p2a: Starmie
|faint|p2a: Starmie
|
|
|switch|p2a: Gengar|Gengar|323\/323
|turn|21
|
|move|p2a: Gengar|Confuse Ray|p1a: Exeggutor
|-start|p1a: Exeggutor|confusion
|-activate|p1a: Exeggutor|confusion
|-damage|p1a: Exeggutor|214\/393 par|[from] confusion
|
|turn|22
|
|switch|p2a: Slowbro|Slowbro|393\/393
|-activate|p1a: Exeggutor|confusion
|move|p1a: Exeggutor|Sleep Powder|p2a: Slowbro
|-status|p2a: Slowbro|slp
|
|turn|23
|
|cant|p2a: Slowbro|slp
|cant|p1a: Exeggutor|par
|
|turn|24
|
|switch|p1a: Raichu|Raichu|323\/323
|cant|p2a: Slowbro|slp
|-curestatus|p2a: Slowbro|slp
|
|turn|25
|
|switch|p2a: Alakazam|Alakazam|313\/313 par
|move|p1a: Raichu|Thunderbolt|p2a: Alakazam
|-crit|p2a: Alakazam
|-damage|p2a: Alakazam|148\/313 par
|
|turn|26
|
|move|p1a: Raichu|Body Slam|p2a: Alakazam
|-crit|p2a: Alakazam
|-damage|p2a: Alakazam|0 fnt
|faint|p2a: Alakazam
|
|
|switch|p2a: Gengar|Gengar|323\/323
|turn|27
|
|switch|p1a: Exeggutor|Exeggutor|214\/393 par
|move|p2a: Gengar|Hypnosis|p1a: Exeggutor
|-fail|p1a: Exeggutor
|
|turn|28
|
|move|p2a: Gengar|Confuse Ray|p1a: Exeggutor
|-start|p1a: Exeggutor|confusion
|cant|p1a: Exeggutor|par
|
|turn|29
|
|switch|p2a: Slowbro|Slowbro|393\/393
|-activate|p1a: Exeggutor|confusion
|move|p1a: Exeggutor|Sleep Powder|p2a: Slowbro
|-status|p2a: Slowbro|slp
|
|turn|30
|
|switch|p1a: Raichu|Raichu|323\/323
|cant|p2a: Slowbro|slp
|
|turn|31
|
|move|p1a: Raichu|Thunder Wave|p2a: Slowbro
|-fail|p2a: Slowbro
|cant|p2a: Slowbro|slp
|
|turn|32
|
|move|p1a: Raichu|Thunderbolt|p2a: Slowbro
|-supereffective|p2a: Slowbro
|-damage|p2a: Slowbro|141\/393 slp
|cant|p2a: Slowbro|slp
|
|turn|33
|-message|adriaaaaaaaaaaaaan forfeited.
|
|win|Airfoil
|raw|Ladder updating...
|raw|Airfoil's rating: 1125 &rarr; <strong>1146<\/strong><br \/>(+21 for winning)
|raw|adriaaaaaaaaaaaaan's rating: 1064 &rarr; <strong>1048<\/strong><br \/>(-16 for losing)
|leave|adriaaaaaaaaaaaaan
|player|p2