|j|casual climb
|j|PepeLotudo
|player|p1|casual climb|101
|player|p2|PepeLotudo|42
|gametype|singles
|gen|1
|tier|[Gen 1] Random Battle
|rated
|seed|
|rule|Sleep Clause Mod: Limit one foe put to sleep
|rule|Freeze Clause Mod: Limit one foe frozen
|rule|HP Percentage Mod: HP is shown in percentages
|
|start
|switch|p1a: Tentacool|Tentacool, L96|100\/100
|switch|p2a: Omanyte|Omanyte, L96|100\/100
|turn|1
|j|Yuu Komaeda
|choice||
|
|move|p1a: Tentacool|Blizzard|p2a: Omanyte
|-resisted|p2a: Omanyte
|-damage|p2a: Omanyte|81\/100
|-status|p2a: Omanyte|frz
|cant|p2a: Omanyte|frz
|
|turn|2
|c|★PepeLotudo|let it go
|choice||
|
|move|p1a: Tentacool|Swords Dance|p1a: Tentacool
|-boost|p1a: Tentacool|atk|2
|cant|p2a: Omanyte|frz
|
|turn|3
|choice||
|
|switch|p2a: Machamp|Machamp, L90|100\/100
|move|p1a: Tentacool|Barrier|p1a: Tentacool
|-boost|p1a: Tentacool|def|2
|
|turn|4
|choice||
|
|move|p1a: Tentacool|Blizzard|p2a: Machamp
|-damage|p2a: Machamp|67\/100
|move|p2a: Machamp|Hyper Beam|p1a: Tentacool
|-damage|p1a: Tentacool|59\/100
|
|turn|5
|-mustrecharge|p2a: Machamp
|-mustrecharge|p2a: Machamp
|l|Yuu Komaeda
|c|★PepeLotudo|nooo
|choice||
|
|move|p1a: Tentacool|Double-Edge|p2a: Machamp
|-damage|p2a: Machamp|35\/100
|-damage|p1a: Tentacool|49\/100|[from] recoil|[of] p2a: Machamp
|cant|p2a: Machamp|recharge
|
|turn|6
|choice||
|
|move|p1a: Tentacool|Blizzard|p2a: Machamp
|-damage|p2a: Machamp|0 fnt
|faint|p2a: Machamp
|choice||
|
|switch|p2a: Parasect|Parasect, L90|100\/100
|turn|7
|choice||
|
|move|p1a: Tentacool|Blizzard|p2a: Parasect
|-crit|p2a: Parasect
|-supereffective|p2a: Parasect
|-damage|p2a: Parasect|0 fnt
|faint|p2a: Parasect
|c|★casual climb|enjoying tentacool?
|choice||
|
|switch|p2a: Nidorino|Nidorino, L90|100\/100
|turn|8
|c|★PepeLotudo|no
|choice||
|
|move|p1a: Tentacool|Blizzard|p2a: Nidorino
|-crit|p2a: Nidorino
|-damage|p2a: Nidorino|14\/100
|move|p2a: Nidorino|Thunder|p1a: Tentacool
|-supereffective|p1a: Tentacool
|-damage|p1a: Tentacool|11\/100
|
|turn|9
|choice||
|
|move|p1a: Tentacool|Double-Edge|p2a: Nidorino
|-damage|p2a: Nidorino|0 fnt
|-damage|p1a: Tentacool|7\/100|[from] recoil|[of] p2a: Nidorino
|faint|p2a: Nidorino
|choice||
|
|switch|p2a: Dragonair|Dragonair, L85|100\/100
|turn|10
|choice||
|
|move|p1a: Tentacool|Blizzard|p2a: Dragonair
|-crit|p2a: Dragonair
|-supereffective|p2a: Dragonair
|-damage|p2a: Dragonair|0 fnt
|faint|p2a: Dragonair
|c|★PepeLotudo|que mierda
|c|★PepeLotudo|XDDDD
|choice||
|
|switch|p2a: Pinsir|Pinsir, L85|100\/100
|turn|11
|choice||
|
|move|p1a: Tentacool|Blizzard|p2a: Pinsir
|-damage|p2a: Pinsir|48\/100
|move|p2a: Pinsir|Body Slam|p1a: Tentacool
|-damage|p1a: Tentacool|0 fnt
|faint|p1a: Tentacool
|c|★PepeLotudo|uff
|choice||
|
|switch|p1a: Rhydon|Rhydon, L79|100\/100
|turn|12
|choice||
|
|switch|p1a: Scyther|Scyther, L90|100\/100
|move|p2a: Pinsir|Submission|p1a: Scyther
|-resisted|p1a: Scyther
|-damage|p1a: Scyther|95\/100
|-damage|p2a: Pinsir|46\/100|[from] recoil|[of] p1a: Scyther
|
|turn|13
|choice||
|
|switch|p1a: Wigglytuff|Wigglytuff, L90|100\/100
|move|p2a: Pinsir|Swords Dance|p2a: Pinsir
|-boost|p2a: Pinsir|atk|2
|
|turn|14
|choice||
|
|move|p2a: Pinsir|Hyper Beam|p1a: Wigglytuff
|-damage|p1a: Wigglytuff|21\/100
|move|p1a: Wigglytuff|Thunder Wave|p2a: Pinsir
|-status|p2a: Pinsir|par
|
|turn|15
|-mustrecharge|p2a: Pinsir
|c|★PepeLotudo|no pls no
|c|★PepeLotudo|no kill me pls
|-mustrecharge|p2a: Pinsir
|choice||
|
|switch|p1a: Alakazam|Alakazam, L79|100\/100
|cant|p2a: Pinsir|recharge
|
|turn|16
|choice||
|
|switch|p1a: Charmeleon|Charmeleon, L85|100\/100
|cant|p2a: Pinsir|par
|
|turn|17
|c|★PepeLotudo|tanks :D
|choice||
|
|move|p1a: Charmeleon|Swords Dance|p1a: Charmeleon
|-boost|p1a: Charmeleon|atk|2
|move|p2a: Pinsir|Hyper Beam|p1a: Charmeleon
|-damage|p1a: Charmeleon|0 fnt
|faint|p1a: Charmeleon
|c|★PepeLotudo|yay
|choice||
|
|switch|p1a: Scyther|Scyther, L90|95\/100
|turn|18
|choice||
|
|move|p1a: Scyther|Swords Dance|p1a: Scyther
|-boost|p1a: Scyther|atk|2
|move|p2a: Pinsir|Hyper Beam|p1a: Scyther
|-damage|p1a: Scyther|15\/100
|
|turn|19
|-mustrecharge|p2a: Pinsir
|-mustrecharge|p2a: Pinsir
|choice||
|
|move|p1a: Scyther|Swords Dance|p1a: Scyther
|-boost|p1a: Scyther|atk|2
|cant|p2a: Pinsir|recharge
|
|turn|20
|choice||
|
|move|p1a: Scyther|Agility|p1a: Scyther
|-boost|p1a: Scyther|spe|2
|move|p2a: Pinsir|Hyper Beam|p1a: Scyther
|-damage|p1a: Scyther|0 fnt
|faint|p1a: Scyther
|choice||
|
|switch|p1a: Rhydon|Rhydon, L79|100\/100
|turn|21
|c|★PepeLotudo|yay
|choice||
|
|move|p1a: Rhydon|Substitute|p1a: Rhydon
|-start|p1a: Rhydon|Substitute
|-damage|p1a: Rhydon|75\/100
|move|p2a: Pinsir|Submission|p1a: Rhydon
|-supereffective|p1a: Rhydon
|-end|p1a: Rhydon|Substitute
|-damage|p2a: Pinsir|39\/100 par|[from] recoil|[of] p1a: Rhydon
|
|turn|22
|choice||
|
|move|p1a: Rhydon|Substitute|p1a: Rhydon
|-start|p1a: Rhydon|Substitute
|-damage|p1a: Rhydon|50\/100
|move|p2a: Pinsir|Submission|p1a: Rhydon
|-supereffective|p1a: Rhydon
|-end|p1a: Rhydon|Substitute
|-damage|p2a: Pinsir|31\/100 par|[from] recoil|[of] p1a: Rhydon
|
|turn|23
|choice||
|
|move|p1a: Rhydon|Substitute|p1a: Rhydon
|-start|p1a: Rhydon|Substitute
|-damage|p1a: Rhydon|25\/100
|move|p2a: Pinsir|Submission|p1a: Rhydon|[miss]
|-miss|p2a: Pinsir
|
|turn|24
|c|★PepeLotudo|its so exiting
|choice||
|
|move|p1a: Rhydon|Earthquake|p2a: Pinsir
|-resisted|p2a: Pinsir
|-damage|p2a: Pinsir|13\/100 par
|move|p2a: Pinsir|Submission|p1a: Rhydon
|-supereffective|p1a: Rhydon
|-end|p1a: Rhydon|Substitute
|-damage|p2a: Pinsir|5\/100 par|[from] recoil|[of] p1a: Rhydon
|
|turn|25
|choice||
|
|move|p1a: Rhydon|Substitute|p1a: Rhydon
|-fail|p1a: Rhydon|move: Substitute|[weak]
|faint|p1a: Rhydon
|choice||
|
|switch|p1a: Wigglytuff|Wigglytuff, L90|21\/100
|turn|26
|choice||
|
|move|p1a: Wigglytuff|Double-Edge|p2a: Pinsir
|-damage|p2a: Pinsir|0 fnt
|-damage|p1a: Wigglytuff|20\/100|[from] recoil|[of] p2a: Pinsir
|faint|p2a: Pinsir
|c|★PepeLotudo|:(
|choice||
|
|switch|p2a: Omanyte|Omanyte, L96|81\/100 frz
|turn|27
|choice||
|
|move|p1a: Wigglytuff|Double-Edge|p2a: Omanyte
|-resisted|p2a: Omanyte
|-damage|p2a: Omanyte|67\/100 frz
|-damage|p1a: Wigglytuff|18\/100|[from] recoil|[of] p2a: Omanyte
|cant|p2a: Omanyte|frz
|
|turn|28
|choice||
|
|move|p1a: Wigglytuff|Double-Edge|p2a: Omanyte
|-resisted|p2a: Omanyte
|-damage|p2a: Omanyte|51\/100 frz
|-damage|p1a: Wigglytuff|16\/100|[from] recoil|[of] p2a: Omanyte
|cant|p2a: Omanyte|frz
|
|turn|29
|c|★PepeLotudo|oman pls wake up the force
|choice||
|
|move|p1a: Wigglytuff|Double-Edge|p2a: Omanyte
|-resisted|p2a: Omanyte
|-damage|p2a: Omanyte|35\/100 frz
|-damage|p1a: Wigglytuff|14\/100|[from] recoil|[of] p2a: Omanyte
|cant|p2a: Omanyte|frz
|
|turn|30
|choice||
|
|move|p1a: Wigglytuff|Double-Edge|p2a: Omanyte
|-resisted|p2a: Omanyte
|-damage|p2a: Omanyte|21\/100 frz
|-damage|p1a: Wigglytuff|12\/100|[from] recoil|[of] p2a: Omanyte
|cant|p2a: Omanyte|frz
|
|turn|31
|choice||
|
|move|p1a: Wigglytuff|Double-Edge|p2a: Omanyte
|-resisted|p2a: Omanyte
|-damage|p2a: Omanyte|6\/100 frz
|-damage|p1a: Wigglytuff|9\/100|[from] recoil|[of] p2a: Omanyte
|cant|p2a: Omanyte|frz
|
|turn|32
|choice||
|
|move|p1a: Wigglytuff|Double-Edge|p2a: Omanyte
|-resisted|p2a: Omanyte
|-damage|p2a: Omanyte|0 fnt
|-damage|p1a: Wigglytuff|9\/100|[from] recoil|[of] p2a: Omanyte
|faint|p2a: Omanyte
|
|win|casual climb
|player|p1
|player|p2
|c|★PepeLotudo|so cool
|raw|casual climb's rating: 1414 &rarr; <strong>1420<\/strong><br \/>(+6 for winning)
|raw|PepeLotudo's rating: 1117 &rarr; <strong>1109<\/strong><br \/>(-8 for losing)
|c|★PepeLotudo|so coold