|j|optic gold
|j|DAMspan
|player|p1|optic gold|262
|player|p2|DAMspan|12
|gametype|singles
|gen|1
|tier|[Gen 1] Random Battle
|rated
|seed|
|rule|Sleep Clause Mod: Limit one foe put to sleep
|rule|Freeze Clause Mod: Limit one foe frozen
|rule|HP Percentage Mod: HP is shown in percentages
|
|start
|switch|p1a: Caterpie|Caterpie, L99|100\/100
|switch|p2a: Paras|Paras, L96|100\/100
|turn|1
|choice||
|
|move|p1a: Caterpie|String Shot|p2a: Paras
|-unboost|p2a: Paras|spe|1
|move|p2a: Paras|Spore|p1a: Caterpie
|-status|p1a: Caterpie|slp
|
|turn|2
|choice||
|
|switch|p1a: Tauros|Tauros, L79|100\/100
|switch|p2a: Seel|Seel, L96|100\/100
|
|turn|3
|choice||
|
|move|p1a: Tauros|Body Slam|p2a: Seel
|-damage|p2a: Seel|73\/100
|move|p2a: Seel|Blizzard|p1a: Tauros
|-damage|p1a: Tauros|64\/100
|
|turn|4
|choice||
|
|switch|p1a: Slowbro|Slowbro, L79|100\/100
|move|p2a: Seel|Blizzard|p1a: Slowbro
|-resisted|p1a: Slowbro
|-damage|p1a: Slowbro|85\/100
|
|turn|5
|choice||
|
|switch|p2a: Magneton|Magneton, L90|100\/100
|move|p1a: Slowbro|Amnesia|p1a: Slowbro
|-boost|p1a: Slowbro|spd|2
|-boost|p1a: Slowbro|spa|2
|
|turn|6
|choice||
|
|switch|p1a: Rhydon|Rhydon, L79|100\/100
|move|p2a: Magneton|Thunder Wave|p1a: Rhydon
|-immune|p1a: Rhydon|[msg]
|
|turn|7
|choice||
|
|switch|p2a: Machoke|Machoke, L85|100\/100
|move|p1a: Rhydon|Earthquake|p2a: Machoke
|-damage|p2a: Machoke|59\/100
|
|turn|8
|choice||
|
|switch|p1a: Slowbro|Slowbro, L79|85\/100
|move|p2a: Machoke|Earthquake|p1a: Slowbro
|-damage|p1a: Slowbro|65\/100
|
|turn|9
|choice||
|
|switch|p2a: Magneton|Magneton, L90|100\/100
|move|p1a: Slowbro|Thunder Wave|p2a: Magneton
|-status|p2a: Magneton|par
|
|turn|10
|choice||
|
|switch|p1a: Rhydon|Rhydon, L79|100\/100
|switch|p2a: Machoke|Machoke, L85|59\/100
|
|turn|11
|choice||
|
|switch|p1a: Exeggutor|Exeggutor, L79|100\/100
|move|p2a: Machoke|Earthquake|p1a: Exeggutor
|-crit|p1a: Exeggutor
|-resisted|p1a: Exeggutor
|-damage|p1a: Exeggutor|75\/100
|
|turn|12
|choice||
|
|switch|p2a: Snorlax|Snorlax, L79|100\/100
|move|p1a: Exeggutor|Psychic|p2a: Snorlax
|-damage|p2a: Snorlax|69\/100
|
|turn|13
|choice||
|
|move|p1a: Exeggutor|Sleep Powder|p2a: Snorlax
|-status|p2a: Snorlax|slp
|cant|p2a: Snorlax|slp
|
|turn|14
|choice||
|
|switch|p2a: Seel|Seel, L96|73\/100
|move|p1a: Exeggutor|Psychic|p2a: Seel
|-damage|p2a: Seel|44\/100
|
|turn|15
|choice||
|
|switch|p2a: Snorlax|Snorlax, L79|69\/100 slp
|switch|p1a: Slowbro|Slowbro, L79|65\/100
|
|turn|16
|choice||
|
|cant|p2a: Snorlax|slp
|move|p1a: Slowbro|Amnesia|p1a: Slowbro
|-boost|p1a: Slowbro|spd|2
|-boost|p1a: Slowbro|spa|2
|
|turn|17
|choice||
|
|move|p1a: Slowbro|Amnesia|p1a: Slowbro
|-boost|p1a: Slowbro|spd|2
|-boost|p1a: Slowbro|spa|2
|cant|p2a: Snorlax|slp
|
|turn|18
|choice||
|
|switch|p2a: Electrode|Electrode, L90|100\/100
|move|p1a: Slowbro|Surf|p2a: Electrode
|-damage|p2a: Electrode|15\/100
|
|turn|19
|choice||
|
|move|p2a: Electrode|Explosion|p1a: Slowbro
|-crit|p1a: Slowbro
|-damage|p1a: Slowbro|0 fnt
|faint|p1a: Slowbro
|faint|p2a: Electrode
|choice||
|
|switch|p1a: Exeggutor|Exeggutor, L79|75\/100
|switch|p2a: Snorlax|Snorlax, L79|69\/100 slp
|turn|20
|choice||
|
|switch|p2a: Seel|Seel, L96|44\/100
|move|p1a: Exeggutor|Psychic|p2a: Seel
|-damage|p2a: Seel|14\/100
|-unboost|p2a: Seel|spd|1
|-unboost|p2a: Seel|spa|1
|
|turn|21
|choice||
|
|move|p2a: Seel|Blizzard|p1a: Exeggutor
|-supereffective|p1a: Exeggutor
|-damage|p1a: Exeggutor|44\/100
|move|p1a: Exeggutor|Psychic|p2a: Seel
|-crit|p2a: Seel
|-damage|p2a: Seel|0 fnt
|faint|p2a: Seel
|choice||
|
|switch|p2a: Magneton|Magneton, L90|100\/100 par
|turn|22
|choice||
|
|switch|p2a: Paras|Paras, L96|100\/100
|move|p1a: Exeggutor|Psychic|p2a: Paras
|-damage|p2a: Paras|59\/100
|-unboost|p2a: Paras|spd|1
|-unboost|p2a: Paras|spa|1
|
|turn|23
|choice||
|
|move|p1a: Exeggutor|Egg Bomb|p2a: Paras
|-crit|p2a: Paras
|-damage|p2a: Paras|6\/100
|move|p2a: Paras|Slash|p1a: Exeggutor
|-damage|p1a: Exeggutor|27\/100
|
|turn|24
|choice||
|
|switch|p2a: Snorlax|Snorlax, L79|69\/100 slp
|move|p1a: Exeggutor|Psychic|p2a: Snorlax
|-damage|p2a: Snorlax|39\/100 slp
|
|turn|25
|choice||
|
|move|p1a: Exeggutor|Egg Bomb|p2a: Snorlax
|-damage|p2a: Snorlax|20\/100 slp
|cant|p2a: Snorlax|slp
|
|turn|26
|choice||
|
|move|p1a: Exeggutor|Psychic|p2a: Snorlax
|-damage|p2a: Snorlax|0 fnt
|faint|p2a: Snorlax
|choice||
|
|switch|p2a: Magneton|Magneton, L90|100\/100 par
|turn|27
|choice||
|
|move|p1a: Exeggutor|Psychic|p2a: Magneton
|-damage|p2a: Magneton|71\/100 par
|move|p2a: Magneton|Thunder Wave|p1a: Exeggutor
|-status|p1a: Exeggutor|par
|
|turn|28
|choice||
|
|move|p2a: Magneton|Mimic|p1a: Exeggutor
|-start|p2a: Magneton|Mimic|Sleep Powder
|move|p1a: Exeggutor|Psychic|p2a: Magneton
|-damage|p2a: Magneton|45\/100 par
|-unboost|p2a: Magneton|spd|1
|-unboost|p2a: Magneton|spa|1
|
|turn|29
|choice||
|
|move|p1a: Exeggutor|Psychic|p2a: Magneton
|-damage|p2a: Magneton|6\/100 par
|move|p2a: Magneton|Double-Edge|p1a: Exeggutor
|-damage|p1a: Exeggutor|5\/100 par
|-damage|p2a: Magneton|0 fnt|[from] recoil|[of] p1a: Exeggutor
|faint|p2a: Magneton
|choice||
|
|switch|p2a: Paras|Paras, L96|6\/100
|turn|30
|choice||
|
|move|p2a: Paras|Mega Drain|p1a: Exeggutor
|-resisted|p1a: Exeggutor
|-damage|p1a: Exeggutor|0 fnt
|-heal|p2a: Paras|9\/100|[from] drain|[of] p1a: Exeggutor
|faint|p1a: Exeggutor
|choice||
|
|switch|p1a: Jolteon|Jolteon, L79|100\/100
|turn|31
|choice||
|
|move|p1a: Jolteon|Thunderbolt|p2a: Paras
|-resisted|p2a: Paras
|-damage|p2a: Paras|0 fnt
|faint|p2a: Paras
|choice||
|
|switch|p2a: Machoke|Machoke, L85|59\/100
|turn|32
|choice||
|
|move|p1a: Jolteon|Thunder Wave|p2a: Machoke
|-status|p2a: Machoke|par
|move|p2a: Machoke|Rock Slide|p1a: Jolteon
|-damage|p1a: Jolteon|72\/100
|
|turn|33
|c|★optic gold|gg
|choice||
|
|move|p1a: Jolteon|Thunderbolt|p2a: Machoke
|-damage|p2a: Machoke|14\/100 par
|cant|p2a: Machoke|par
|
|turn|34
|-message|DAMspan forfeited.
|
|win|optic gold
|player|p1
|player|p2
|l|DAMspan
|raw|optic gold's rating: 1127 &rarr; <strong>1155<\/strong><br \/>(+28 for winning)
|raw|DAMspan's rating: 1163 &rarr; <strong>1135<\/strong><br \/>(-28 for losing)