|join|ProfessorLogic
|join|Netpix
|player|p1|ProfessorLogic|39
|player|p2|Netpix|169
|gametype|singles
|gen|1
|tier|[Gen 1] Random Battle
|rated
|rule|Sleep Clause Mod: Limit one foe put to sleep
|rule|Freeze Clause Mod: Limit one foe frozen
|rule|HP Percentage Mod: HP is shown in percentages
|
|start
|switch|p1a: Dewgong|Dewgong, L86|330\/330
|switch|p2a: Ditto|Ditto, L86|258\/258
|turn|1
|
|switch|p1a: Graveler|Graveler, L86|270\/270
|switch|p2a: Snorlax|Snorlax, L82|430\/430
|
|turn|2
|
|move|p1a: Graveler|Rock Slide|p2a: Snorlax
|-damage|p2a: Snorlax|328\/430
|move|p2a: Snorlax|Surf|p1a: Graveler
|-supereffective|p1a: Graveler
|-damage|p1a: Graveler|0 fnt
|faint|p1a: Graveler
|
|switch|p1a: Alakazam|Alakazam, L82|258\/258
|turn|3
|
|move|p1a: Alakazam|Seismic Toss|p2a: Snorlax
|-damage|p2a: Snorlax|246\/430
|move|p2a: Snorlax|Hyper Beam|p1a: Alakazam
|-damage|p1a: Alakazam|12\/258
|
|turn|4
|
|move|p1a: Alakazam|Seismic Toss|p2a: Snorlax
|-damage|p2a: Snorlax|164\/430
|cant|p2a: Snorlax|recharge
|
|turn|5
|
|move|p1a: Alakazam|Seismic Toss|p2a: Snorlax
|-damage|p2a: Snorlax|82\/430
|move|p2a: Snorlax|Earthquake|p1a: Alakazam
|-damage|p1a: Alakazam|0 fnt
|faint|p1a: Alakazam
|
|switch|p1a: Snorlax|Snorlax, L82|430\/430
|turn|6
|
|move|p2a: Snorlax|Self-Destruct|p1a: Snorlax
|-damage|p1a: Snorlax|103\/430
|faint|p2a: Snorlax
|
|switch|p2a: Ditto|Ditto, L86|258\/258
|turn|7
|
|move|p2a: Ditto|Transform|p1a: Snorlax
|-transform|p2a: Ditto|p1a: Snorlax
|move|p1a: Snorlax|Self-Destruct|p2a: Ditto
|-damage|p2a: Ditto|0 fnt
|faint|p2a: Ditto
|faint|p1a: Snorlax
|
|switch|p1a: Kadabra|Kadabra, L86|244\/244
|switch|p2a: Pikachu|Pikachu, L92|251\/251
|turn|8
|
|move|p1a: Kadabra|Psychic|p2a: Pikachu
|-damage|p2a: Pikachu|96\/251
|move|p2a: Pikachu|Body Slam|p1a: Kadabra
|-crit|p1a: Kadabra
|-damage|p1a: Kadabra|81\/244
|
|turn|9
|
|move|p1a: Kadabra|Psychic|p2a: Pikachu
|-damage|p2a: Pikachu|0 fnt
|faint|p2a: Pikachu
|
|switch|p2a: Kadabra|Kadabra, L86|244\/244
|turn|10
|
|move|p1a: Kadabra|Thunder Wave|p2a: Kadabra
|-status|p2a: Kadabra|par
|move|p2a: Kadabra|Seismic Toss|p1a: Kadabra
|-damage|p1a: Kadabra|0 fnt
|faint|p1a: Kadabra
|
|switch|p1a: Wigglytuff|Wigglytuff, L86|416\/416
|turn|11
|
|switch|p2a: Nidorina|Nidorina, L88|303\/303
|move|p1a: Wigglytuff|Blizzard|p2a: Nidorina
|-crit|p2a: Nidorina
|-damage|p2a: Nidorina|159\/303
|
|turn|12
|
|move|p2a: Nidorina|Double-Edge|p1a: Wigglytuff
|-damage|p1a: Wigglytuff|327\/416
|-damage|p2a: Nidorina|137\/303|[from] recoil|[of] p1a: Wigglytuff
|move|p1a: Wigglytuff|Blizzard|p2a: Nidorina
|-crit|p2a: Nidorina
|-damage|p2a: Nidorina|2\/303
|
|turn|13
|
|move|p2a: Nidorina|Rest|p2a: Nidorina
|-status|p2a: Nidorina|slp
|-heal|p2a: Nidorina|303\/303 slp|[silent]
|-status|p2a: Nidorina|slp|[from] move: Rest
|move|p1a: Wigglytuff|Bubble Beam|p2a: Nidorina
|-damage|p2a: Nidorina|262\/303 slp
|-unboost|p2a: Nidorina|spe|1
|
|turn|14
|
|move|p1a: Wigglytuff|Blizzard|p2a: Nidorina
|-damage|p2a: Nidorina|181\/303 slp
|cant|p2a: Nidorina|slp
|
|turn|15
|
|move|p1a: Wigglytuff|Blizzard|p2a: Nidorina
|-crit|p2a: Nidorina
|-damage|p2a: Nidorina|25\/303 slp
|cant|p2a: Nidorina|slp
|-curestatus|p2a: Nidorina|slp
|
|turn|16
|
|move|p1a: Wigglytuff|Bubble Beam|p2a: Nidorina
|-damage|p2a: Nidorina|0 fnt
|faint|p2a: Nidorina
|
|switch|p2a: Kadabra|Kadabra, L86|244\/244 par
|turn|17
|
|move|p1a: Wigglytuff|Bubble Beam|p2a: Kadabra
|-damage|p2a: Kadabra|218\/244 par
|move|p2a: Kadabra|Thunder Wave|p1a: Wigglytuff
|-status|p1a: Wigglytuff|par
|
|turn|18
|
|switch|p2a: Flareon|Flareon, L86|287\/287
|cant|p1a: Wigglytuff|par
|
|turn|19
|
|move|p2a: Flareon|Hyper Beam|p1a: Wigglytuff
|-damage|p1a: Wigglytuff|120\/416 par
|move|p1a: Wigglytuff|Bubble Beam|p2a: Flareon
|-supereffective|p2a: Flareon
|-damage|p2a: Flareon|228\/287
|
|turn|20
|
|cant|p2a: Flareon|recharge
|move|p1a: Wigglytuff|Bubble Beam|p2a: Flareon
|-supereffective|p2a: Flareon
|-damage|p2a: Flareon|177\/287
|
|turn|21
|
|move|p2a: Flareon|Body Slam|p1a: Wigglytuff
|-damage|p1a: Wigglytuff|18\/416 par
|cant|p1a: Wigglytuff|par
|
|turn|22
|
|move|p2a: Flareon|Quick Attack|p1a: Wigglytuff
|-damage|p1a: Wigglytuff|0 fnt
|faint|p1a: Wigglytuff
|
|switch|p1a: Dewgong|Dewgong, L86|330\/330
|turn|23
|
|move|p1a: Dewgong|Surf|p2a: Flareon
|-supereffective|p2a: Flareon
|-damage|p2a: Flareon|14\/287
|move|p2a: Flareon|Hyper Beam|p1a: Dewgong
|-damage|p1a: Dewgong|195\/330
|
|turn|24
|
|move|p1a: Dewgong|Surf|p2a: Flareon
|-supereffective|p2a: Flareon
|-damage|p2a: Flareon|0 fnt
|faint|p2a: Flareon
|
|switch|p2a: Kadabra|Kadabra, L86|218\/244 par
|turn|25
|
|move|p1a: Dewgong|Mimic|p2a: Kadabra
|-start|p1a: Dewgong|Mimic|Psychic
|cant|p2a: Kadabra|par
|
|turn|26
|
|move|p1a: Dewgong|Blizzard|p2a: Kadabra|[miss]
|-miss|p1a: Dewgong
|move|p2a: Kadabra|Thunder Wave|p1a: Dewgong
|-status|p1a: Dewgong|par
|
|turn|27
|
|move|p2a: Kadabra|Psychic|p1a: Dewgong
|-damage|p1a: Dewgong|87\/330 par
|move|p1a: Dewgong|Surf|p2a: Kadabra
|-crit|p2a: Kadabra
|-damage|p2a: Kadabra|60\/244 par
|
|turn|28
|
|move|p2a: Kadabra|Psychic|p1a: Dewgong
|-damage|p1a: Dewgong|0 fnt
|faint|p1a: Dewgong
|
|win|Netpix
|raw|Ladder updating...
|raw|ProfessorLogic's rating: 1043 &rarr; <strong>1024<\/strong><br \/>(-19 for losing)
|raw|Netpix's rating: 1000 &rarr; <strong>1045<\/strong><br \/>(+45 for winning)
|c|★ProfessorLogic|Wow that was close.