|j|Zaphyr
|j|inputer
|player|p1|Zaphyr|220
|player|p2|inputer|292
|gametype|singles
|gen|1
|tier|[Gen 1] OU
|rated
|seed|37202,2259,37641,57524
|rule|Sleep Clause Mod: Limit one foe put to sleep
|rule|Freeze Clause Mod: Limit one foe frozen
|rule|Species Clause: Limit one of each Pokémon
|rule|OHKO Clause: OHKO moves are banned
|rule|Evasion Moves Clause: Evasion moves are banned
|rule|HP Percentage Mod: HP is shown in percentages
|
|start
|switch|p1a: Exeggutor|Exeggutor|393\/393
|switch|p2a: cheshire|Gengar|323\/323
|turn|1
|choice|move 1|move 1
|
|move|p2a: cheshire|Hypnosis|p1a: Exeggutor|[miss]
|-miss|p2a: cheshire
|move|p1a: Exeggutor|Sleep Powder|p2a: cheshire
|-status|p2a: cheshire|slp
|
|turn|2
|choice|move 2|move 2
|
|cant|p2a: cheshire|slp
|move|p1a: Exeggutor|Psychic|p2a: cheshire
|-supereffective|p2a: cheshire
|-damage|p2a: cheshire|114\/323 slp
|
|turn|3
|choice|move 2|switch 3
|
|switch|p2a: thecook|Chansey|703\/703
|move|p1a: Exeggutor|Psychic|p2a: thecook
|-damage|p2a: thecook|588\/703
|-unboost|p2a: thecook|spd|1
|-unboost|p2a: thecook|spa|1
|
|turn|4
|j|Zmeeed
|choice|move 2|move 1
|
|move|p1a: Exeggutor|Psychic|p2a: thecook
|-damage|p2a: thecook|418\/703
|move|p2a: thecook|Thunder Wave|p1a: Exeggutor
|-status|p1a: Exeggutor|par
|
|turn|5
|choice|switch 2|move 3
|
|switch|p1a: Tauros|Tauros|353\/353
|move|p2a: thecook|Ice Beam|p1a: Tauros
|-damage|p1a: Tauros|293\/353
|
|turn|6
|choice|move 1|switch 3
|
|switch|p2a: cheshire|Gengar|114\/323 slp
|move|p1a: Tauros|Body Slam|p2a: cheshire
|-immune|p2a: cheshire|[msg]
|
|turn|7
|choice|move 3|move 1
|
|cant|p2a: cheshire|slp
|move|p1a: Tauros|Earthquake|p2a: cheshire
|-supereffective|p2a: cheshire
|-damage|p2a: cheshire|0 fnt
|faint|p2a: cheshire
|choice||switch 5
|
|switch|p2a: bully|Tauros|353\/353
|turn|8
|choice|move 1|move 1
|
|move|p2a: bully|Body Slam|p1a: Tauros
|-damage|p1a: Tauros|190\/353
|move|p1a: Tauros|Body Slam|p2a: bully
|-damage|p2a: bully|243\/353
|
|turn|9
|choice|switch 5|move 4
|
|switch|p1a: Golem|Golem|363\/363
|move|p2a: bully|Hyper Beam|p1a: Golem
|-resisted|p1a: Golem
|-damage|p1a: Golem|285\/363
|
|turn|10
|-mustrecharge|p2a: bully
|-mustrecharge|p2a: bully
|choice|move 1|move 1
|
|cant|p2a: bully|recharge
|move|p1a: Golem|Body Slam|p2a: bully
|-damage|p2a: bully|164\/353
|
|turn|11
|choice|move 2|move 3
|
|move|p2a: bully|Blizzard|p1a: Golem
|-supereffective|p1a: Golem
|-damage|p1a: Golem|76\/363
|move|p1a: Golem|Earthquake|p2a: bully
|-damage|p2a: bully|31\/353
|
|turn|12
|choice|switch 4|move 3
|
|switch|p1a: Starmie|Starmie|323\/323
|move|p2a: bully|Blizzard|p1a: Starmie
|-resisted|p1a: Starmie
|-damage|p1a: Starmie|285\/323
|
|turn|13
|choice|move 1|move 4
|
|move|p1a: Starmie|Surf|p2a: bully
|-crit|p2a: bully
|-damage|p2a: bully|0 fnt
|faint|p2a: bully
|choice||switch 3
|
|switch|p2a: thecook|Chansey|418\/703
|turn|14
|choice|switch 6|move 1
|
|switch|p1a: Chansey|Chansey|703\/703
|move|p2a: thecook|Thunder Wave|p1a: Chansey
|-status|p1a: Chansey|par
|
|turn|15
|choice|move 1|move 4
|
|move|p2a: thecook|Soft-Boiled|p2a: thecook
|-heal|p2a: thecook|703\/703
|cant|p1a: Chansey|par
|
|turn|16
|choice|move 3|switch 6
|
|switch|p2a: dreamer|Snorlax|523\/523
|move|p1a: Chansey|Reflect|p1a: Chansey
|-start|p1a: Chansey|Reflect
|
|turn|17
|choice|move 4|move 2
|
|move|p2a: dreamer|Amnesia|p2a: dreamer
|-boost|p2a: dreamer|spd|2
|-boost|p2a: dreamer|spa|2
|move|p1a: Chansey|Thunder Wave|p2a: dreamer
|-status|p2a: dreamer|par
|
|turn|18
|choice|switch 4|move 2
|
|switch|p1a: Golem|Golem|76\/363
|move|p2a: dreamer|Amnesia|p2a: dreamer
|-boost|p2a: dreamer|spd|2
|-boost|p2a: dreamer|spa|2
|
|turn|19
|choice|move 4|move 3
|
|move|p1a: Golem|Explosion|p2a: dreamer
|-damage|p2a: dreamer|126\/523 par
|faint|p1a: Golem
|choice|switch 5|
|
|switch|p1a: Tauros|Tauros|190\/353
|turn|20
|choice|move 1|move 4
|
|move|p1a: Tauros|Body Slam|p2a: dreamer
|-damage|p2a: dreamer|0 fnt
|faint|p2a: dreamer
|choice||switch 4
|
|switch|p2a: nerd|Alakazam|313\/313
|turn|21
|choice|switch 2|move 1
|
|switch|p1a: Exeggutor|Exeggutor|393\/393 par
|move|p2a: nerd|Psychic|p1a: Exeggutor
|-resisted|p1a: Exeggutor
|-damage|p1a: Exeggutor|341\/393 par
|-unboost|p1a: Exeggutor|spd|1
|-unboost|p1a: Exeggutor|spa|1
|
|turn|22
|choice|move 1|move 1
|
|move|p2a: nerd|Psychic|p1a: Exeggutor
|-resisted|p1a: Exeggutor
|-damage|p1a: Exeggutor|248\/393 par
|cant|p1a: Exeggutor|par
|
|turn|23
|choice|move 1|move 1
|
|move|p2a: nerd|Psychic|p1a: Exeggutor
|-crit|p1a: Exeggutor
|-resisted|p1a: Exeggutor
|-damage|p1a: Exeggutor|148\/393 par
|move|p1a: Exeggutor|Sleep Powder|p2a: nerd|[miss]
|-miss|p1a: Exeggutor
|
|turn|24
|choice|move 4|move 1
|
|move|p2a: nerd|Psychic|p1a: Exeggutor
|-resisted|p1a: Exeggutor
|-damage|p1a: Exeggutor|58\/393 par
|move|p1a: Exeggutor|Explosion|p2a: nerd
|-damage|p2a: nerd|0 fnt
|faint|p2a: nerd
|faint|p1a: Exeggutor
|choice|switch 2|switch 2
|
|switch|p2a: marvel|Starmie|323\/323
|switch|p1a: Tauros|Tauros|190\/353
|turn|25
|c| Zmeeed|Your team is terroristic xD
|choice|switch 4|move 1
|
|switch|p1a: Chansey|Chansey|703\/703 par
|move|p2a: marvel|Blizzard|p1a: Chansey
|-damage|p1a: Chansey|615\/703 par
|
|turn|26
|choice|move 1|switch 6
|
|switch|p2a: thecook|Chansey|703\/703
|move|p1a: Chansey|Ice Beam|p2a: thecook
|-damage|p2a: thecook|628\/703
|
|turn|27
|j|Diegolh
|choice|move 1|move 2
|
|move|p2a: thecook|Thunderbolt|p1a: Chansey
|-damage|p1a: Chansey|538\/703 par
|cant|p1a: Chansey|par
|
|turn|28
|choice|move 2|move 2
|
|move|p2a: thecook|Thunderbolt|p1a: Chansey
|-damage|p1a: Chansey|463\/703 par
|move|p1a: Chansey|Soft-Boiled|p1a: Chansey
|-heal|p1a: Chansey|703\/703 par
|
|turn|29
|choice|move 1|move 2
|
|move|p2a: thecook|Thunderbolt|p1a: Chansey
|-damage|p1a: Chansey|624\/703 par
|move|p1a: Chansey|Ice Beam|p2a: thecook
|-damage|p2a: thecook|559\/703
|
|turn|30
|choice|move 1|switch 6
|
|switch|p2a: marvel|Starmie|323\/323
|move|p1a: Chansey|Ice Beam|p2a: marvel
|-resisted|p2a: marvel
|-damage|p2a: marvel|284\/323
|
|turn|31
|choice|move 4|move 1
|
|move|p2a: marvel|Blizzard|p1a: Chansey
|-damage|p1a: Chansey|528\/703 par
|move|p1a: Chansey|Thunder Wave|p2a: marvel
|-status|p2a: marvel|par
|
|turn|32
|-message|inputer forfeited.
|
|win|Zaphyr
|player|p1
|player|p2
|l|inputer
|raw|Zaphyr's rating: 1045 &rarr; <strong>1093<\/strong><br \/>(+48 for winning)
|raw|inputer's rating: 1209 &rarr; <strong>1173<\/strong><br \/>(-36 for losing)
|l|Zmeeed
|l|Diegolh