|j|smilzo
|j|marcoasd
|player|p1|smilzo|157
|player|p2|marcoasd|2
|gametype|singles
|gen|1
|tier|[Gen 1] OU
|seed|
|rule|Sleep Clause Mod: Limit one foe put to sleep
|rule|Freeze Clause Mod: Limit one foe frozen
|rule|Species Clause: Limit one of each Pokémon
|rule|OHKO Clause: OHKO moves are banned
|rule|Evasion Moves Clause: Evasion moves are banned
|rule|HP Percentage Mod: HP is shown in percentages
|
|start
|switch|p1a: Jynx|Jynx|100\/100
|switch|p2a: Jynx|Jynx|100\/100
|turn|1
|c|★smilzo|hf
|choice||
|
|move|p1a: Jynx|Lovely Kiss|p2a: Jynx
|-status|p2a: Jynx|slp
|cant|p2a: Jynx|slp
|
|turn|2
|choice||
|
|switch|p2a: Lapras|Lapras, M|100\/100
|move|p1a: Jynx|Blizzard|p2a: Lapras
|-resisted|p2a: Lapras
|-damage|p2a: Lapras|93\/100
|
|turn|3
|choice||
|
|switch|p2a: Chansey|Chansey|100\/100
|move|p1a: Jynx|Psychic|p2a: Chansey
|-damage|p2a: Chansey|85\/100
|
|turn|4
|choice||
|
|move|p1a: Jynx|Psychic|p2a: Chansey
|-damage|p2a: Chansey|72\/100
|move|p2a: Chansey|Thunderbolt|p1a: Jynx
|-damage|p1a: Jynx|78\/100
|
|turn|5
|choice||
|
|move|p1a: Jynx|Psychic|p2a: Chansey
|-damage|p2a: Chansey|57\/100
|move|p2a: Chansey|Thunder Wave|p1a: Jynx
|-status|p1a: Jynx|par
|
|turn|6
|choice||
|
|move|p2a: Chansey|Thunderbolt|p1a: Jynx
|-crit|p1a: Jynx
|-damage|p1a: Jynx|28\/100 par
|move|p1a: Jynx|Blizzard|p2a: Chansey
|-crit|p2a: Chansey
|-damage|p2a: Chansey|20\/100
|
|turn|7
|choice||
|
|move|p2a: Chansey|Soft-Boiled|p2a: Chansey
|-heal|p2a: Chansey|70\/100
|move|p1a: Jynx|Rest|p1a: Jynx
|-status|p1a: Jynx|slp
|-heal|p1a: Jynx|100\/100 slp|[silent]
|-status|p1a: Jynx|slp|[from] move: Rest
|
|turn|8
|choice||
|
|switch|p2a: Snorlax|Snorlax, M|100\/100
|cant|p1a: Jynx|slp
|
|turn|9
|choice||
|
|switch|p1a: Chansey|Chansey|100\/100
|move|p2a: Snorlax|Body Slam|p1a: Chansey
|-damage|p1a: Chansey|60\/100
|
|turn|10
|choice||
|
|move|p1a: Chansey|Reflect|p1a: Chansey
|-start|p1a: Chansey|Reflect
|move|p2a: Snorlax|Earthquake|p1a: Chansey
|-damage|p1a: Chansey|43\/100
|
|turn|11
|choice||
|
|switch|p2a: Chansey|Chansey|70\/100
|move|p1a: Chansey|Soft-Boiled|p1a: Chansey
|-heal|p1a: Chansey|93\/100
|
|turn|12
|choice||
|
|switch|p1a: Jynx|Jynx|100\/100 slp
|move|p2a: Chansey|Ice Beam|p1a: Jynx
|-resisted|p1a: Jynx
|-damage|p1a: Jynx|88\/100 slp
|
|turn|13
|choice||
|
|-curestatus|p1a: Jynx|slp
|move|p2a: Chansey|Thunder Wave|p1a: Jynx
|-status|p1a: Jynx|par
|
|turn|14
|choice||
|
|switch|p2a: Jynx|Jynx|100\/100 slp
|move|p1a: Jynx|Psychic|p2a: Jynx
|-resisted|p2a: Jynx
|-damage|p2a: Jynx|85\/100 slp
|
|turn|15
|choice||
|
|switch|p2a: Chansey|Chansey|70\/100
|switch|p1a: Snorlax|Snorlax, M|100\/100
|
|turn|16
|choice||
|
|switch|p1a: Jynx|Jynx|88\/100 par
|move|p2a: Chansey|Thunder Wave|p1a: Jynx
|-fail|p1a: Jynx|par
|
|turn|17
|choice||
|
|switch|p1a: Chansey|Chansey|93\/100
|move|p2a: Chansey|Thunderbolt|p1a: Chansey
|-damage|p1a: Chansey|82\/100
|
|turn|18
|choice||
|
|move|p1a: Chansey|Thunder Wave|p2a: Chansey
|-status|p2a: Chansey|par
|move|p2a: Chansey|Ice Beam|p1a: Chansey
|-damage|p1a: Chansey|71\/100
|
|turn|19
|choice||
|
|switch|p1a: Jynx|Jynx|88\/100 par
|move|p2a: Chansey|Soft-Boiled|p2a: Chansey
|-heal|p2a: Chansey|100\/100 par
|
|turn|20
|choice||
|
|cant|p1a: Jynx|par
|cant|p2a: Chansey|par
|
|turn|21
|choice||
|
|move|p1a: Jynx|Psychic|p2a: Chansey
|-damage|p2a: Chansey|86\/100 par
|cant|p2a: Chansey|par
|
|turn|22
|choice||
|
|cant|p1a: Jynx|par
|move|p2a: Chansey|Thunderbolt|p1a: Jynx
|-damage|p1a: Jynx|63\/100 par
|
|turn|23
|choice||
|
|cant|p1a: Jynx|par
|move|p2a: Chansey|Thunderbolt|p1a: Jynx
|-damage|p1a: Jynx|38\/100 par
|
|turn|24
|choice||
|
|switch|p2a: Snorlax|Snorlax, M|100\/100
|move|p1a: Jynx|Rest|p1a: Jynx
|-status|p1a: Jynx|slp
|-heal|p1a: Jynx|100\/100 slp|[silent]
|-status|p1a: Jynx|slp|[from] move: Rest
|
|turn|25
|choice||
|
|switch|p1a: Cloyster|Cloyster, M|100\/100
|move|p2a: Snorlax|Body Slam|p1a: Cloyster
|-damage|p1a: Cloyster|79\/100
|
|turn|26
|choice||
|
|switch|p2a: Lapras|Lapras, M|93\/100
|move|p1a: Cloyster|Clamp|p2a: Lapras
|-resisted|p2a: Lapras
|-damage|p2a: Lapras|89\/100
|
|turn|27
|choice||
|
|switch|p1a: Chansey|Chansey|71\/100
|switch|p2a: Alakazam|Alakazam, M|100\/100
|
|turn|28
|choice||
|
|move|p2a: Alakazam|Thunder Wave|p1a: Chansey
|-status|p1a: Chansey|par
|move|p1a: Chansey|Soft-Boiled|p1a: Chansey
|-heal|p1a: Chansey|100\/100 par
|
|turn|29
|choice||
|
|move|p2a: Alakazam|Psychic|p1a: Chansey
|-damage|p1a: Chansey|81\/100 par
|-unboost|p1a: Chansey|spd|1
|-unboost|p1a: Chansey|spa|1
|cant|p1a: Chansey|par
|
|turn|30
|choice||
|
|move|p2a: Alakazam|Psychic|p1a: Chansey
|-damage|p1a: Chansey|51\/100 par
|-unboost|p1a: Chansey|spd|1
|-unboost|p1a: Chansey|spa|1
|move|p1a: Chansey|Thunder Wave|p2a: Alakazam
|-status|p2a: Alakazam|par
|
|turn|31
|choice||
|
|move|p2a: Alakazam|Psychic|p1a: Chansey
|-damage|p1a: Chansey|16\/100 par
|-unboost|p1a: Chansey|spd|1
|-unboost|p1a: Chansey|spa|1
|move|p1a: Chansey|Soft-Boiled|p1a: Chansey
|-heal|p1a: Chansey|66\/100 par
|
|turn|32
|choice||
|
|switch|p2a: Tauros|Tauros|100\/100
|switch|p1a: Jynx|Jynx|100\/100 slp
|
|turn|33
|c|★marcoasd|ti ho presentato tutti i miei amici
|c|★marcoasd|hai visto che sorpresa?
|choice||
|
|switch|p1a: Snorlax|Snorlax, M|100\/100
|move|p2a: Tauros|Body Slam|p1a: Snorlax
|-damage|p1a: Snorlax|74\/100
|
|turn|34
|c|★smilzo|hai degli amici simpatici
|choice||
|
|move|p2a: Tauros|Earthquake|p1a: Snorlax
|-damage|p1a: Snorlax|56\/100
|move|p1a: Snorlax|Body Slam|p2a: Tauros
|-damage|p2a: Tauros|67\/100
|
|turn|35
|choice||
|
|move|p2a: Tauros|Body Slam|p1a: Snorlax
|-crit|p1a: Snorlax
|-damage|p1a: Snorlax|10\/100
|move|p1a: Snorlax|Body Slam|p2a: Tauros
|-damage|p2a: Tauros|38\/100
|
|turn|36
|choice||
|
|switch|p1a: Cloyster|Cloyster, M|79\/100
|move|p2a: Tauros|Body Slam|p1a: Cloyster
|-damage|p1a: Cloyster|56\/100
|
|turn|37
|choice||
|
|switch|p2a: Lapras|Lapras, M|89\/100
|move|p1a: Cloyster|Blizzard|p2a: Lapras
|-resisted|p2a: Lapras
|-damage|p2a: Lapras|82\/100
|
|turn|38
|choice||
|
|switch|p1a: Chansey|Chansey|66\/100 par
|move|p2a: Lapras|Thunderbolt|p1a: Chansey
|-damage|p1a: Chansey|56\/100 par
|
|turn|39
|choice||
|
|move|p2a: Lapras|Confuse Ray|p1a: Chansey
|-start|p1a: Chansey|confusion
|-activate|p1a: Chansey|confusion
|cant|p1a: Chansey|par
|
|turn|40
|choice||
|
|switch|p2a: Tauros|Tauros|38\/100
|-activate|p1a: Chansey|confusion
|cant|p1a: Chansey|par
|
|turn|41
|c|★smilzo|uf
|c|★marcoasd|che dilusione
|c|★smilzo|erano entrambi reflect
|c|★smilzo|ma owell
|c|★marcoasd|io avrei bollito
|j|Sunding
|choice||
|
|switch|p1a: Jynx|Jynx|100\/100 slp
|move|p2a: Tauros|Body Slam|p1a: Jynx
|-damage|p1a: Jynx|52\/100 slp
|
|turn|42
|c|★marcoasd|l'importante era non prendere twave vari, tipo su lapras
|choice||
|
|move|p2a: Tauros|Body Slam|p1a: Jynx
|-crit|p1a: Jynx
|-damage|p1a: Jynx|0 fnt
|faint|p1a: Jynx
|choice||
|
|switch|p1a: Exeggutor|Exeggutor, M|100\/100
|turn|43
|c|★marcoasd|rimanendo a 56, rimani messo male
|choice||
|
|switch|p2a: Lapras|Lapras, M|82\/100
|move|p1a: Exeggutor|Psychic|p2a: Lapras
|-damage|p2a: Lapras|55\/100
|
|turn|44
|choice||
|
|switch|p1a: Chansey|Chansey|56\/100 par
|move|p2a: Lapras|Blizzard|p1a: Chansey
|-damage|p1a: Chansey|38\/100 par
|
|turn|45
|choice||
|
|switch|p2a: Snorlax|Snorlax, M|100\/100
|move|p1a: Chansey|Soft-Boiled|p1a: Chansey
|-heal|p1a: Chansey|88\/100 par
|
|turn|46
|choice||
|
|move|p2a: Snorlax|Body Slam|p1a: Chansey
|-damage|p1a: Chansey|49\/100 par
|cant|p1a: Chansey|par
|
|turn|47
|c|★smilzo|male
|choice||
|
|switch|p1a: Cloyster|Cloyster, M|56\/100
|move|p2a: Snorlax|Body Slam|p1a: Cloyster
|-damage|p1a: Cloyster|32\/100
|-status|p1a: Cloyster|par
|
|turn|48
|choice||
|
|switch|p2a: Jynx|Jynx|85\/100 slp
|move|p1a: Cloyster|Clamp|p2a: Jynx
|-damage|p2a: Jynx|73\/100 slp
|
|turn|49
|choice||
|
|switch|p2a: Lapras|Lapras, M|55\/100
|switch|p1a: Snorlax|Snorlax, M|10\/100
|
|turn|50
|choice||
|
|switch|p1a: Chansey|Chansey|49\/100 par
|move|p2a: Lapras|Thunderbolt|p1a: Chansey
|-damage|p1a: Chansey|38\/100 par
|
|turn|51
|choice||
|
|move|p2a: Lapras|Confuse Ray|p1a: Chansey
|-start|p1a: Chansey|confusion
|-activate|p1a: Chansey|confusion
|-damage|p1a: Chansey|33\/100 par|[from] confusion
|
|turn|52
|choice||
|
|move|p2a: Lapras|Blizzard|p1a: Chansey
|-damage|p1a: Chansey|13\/100 par
|-end|p1a: Chansey|confusion
|move|p1a: Chansey|Soft-Boiled|p1a: Chansey
|-heal|p1a: Chansey|63\/100 par
|
|turn|53
|choice||
|
|move|p2a: Lapras|Confuse Ray|p1a: Chansey
|-start|p1a: Chansey|confusion
|-activate|p1a: Chansey|confusion
|move|p1a: Chansey|Soft-Boiled|p1a: Chansey
|-heal|p1a: Chansey|100\/100 par
|
|turn|54
|choice||
|
|switch|p2a: Snorlax|Snorlax, M|100\/100
|-activate|p1a: Chansey|confusion
|cant|p1a: Chansey|par
|
|turn|55
|choice||
|
|move|p2a: Snorlax|Body Slam|p1a: Chansey
|-damage|p1a: Chansey|60\/100 par
|-end|p1a: Chansey|confusion
|cant|p1a: Chansey|par
|
|turn|56
|c|★marcoasd|la maledizione
|choice||
|
|move|p2a: Snorlax|Body Slam|p1a: Chansey
|-damage|p1a: Chansey|16\/100 par
|move|p1a: Chansey|Thunder Wave|p2a: Snorlax
|-status|p2a: Snorlax|par
|
|turn|57
|choice||
|
|move|p1a: Chansey|Soft-Boiled|p1a: Chansey
|-heal|p1a: Chansey|66\/100 par
|cant|p2a: Snorlax|par
|
|turn|58
|choice||
|
|switch|p2a: Alakazam|Alakazam, M|100\/100 par
|move|p1a: Chansey|Reflect|p1a: Chansey
|-start|p1a: Chansey|Reflect
|
|turn|59
|choice||
|
|move|p2a: Alakazam|Psychic|p1a: Chansey
|-damage|p1a: Chansey|49\/100 par
|move|p1a: Chansey|Soft-Boiled|p1a: Chansey
|-heal|p1a: Chansey|99\/100 par
|
|turn|60
|choice||
|
|move|p2a: Alakazam|Psychic|p1a: Chansey
|-crit|p1a: Chansey
|-damage|p1a: Chansey|62\/100 par
|move|p1a: Chansey|Seismic Toss|p2a: Alakazam
|-damage|p2a: Alakazam|69\/100 par
|
|turn|61
|choice||
|
|move|p2a: Alakazam|Psychic|p1a: Chansey
|-damage|p1a: Chansey|45\/100 par
|cant|p1a: Chansey|par
|
|turn|62
|choice||
|
|cant|p2a: Alakazam|par
|move|p1a: Chansey|Soft-Boiled|p1a: Chansey
|-heal|p1a: Chansey|95\/100 par
|
|turn|63
|choice||
|
|switch|p1a: Cloyster|Cloyster, M|32\/100 par
|move|p2a: Alakazam|Recover|p2a: Alakazam
|-heal|p2a: Alakazam|100\/100 par
|
|turn|64
|choice||
|
|switch|p1a: Chansey|Chansey|95\/100 par
|move|p2a: Alakazam|Psychic|p1a: Chansey
|-damage|p1a: Chansey|77\/100 par
|-unboost|p1a: Chansey|spd|1
|-unboost|p1a: Chansey|spa|1
|
|turn|65
|choice||
|
|move|p2a: Alakazam|Psychic|p1a: Chansey
|-damage|p1a: Chansey|49\/100 par
|cant|p1a: Chansey|par
|
|turn|66
|choice||
|
|switch|p2a: Snorlax|Snorlax, M|100\/100 par
|cant|p1a: Chansey|par
|
|turn|67
|choice||
|
|switch|p1a: Cloyster|Cloyster, M|32\/100 par
|move|p2a: Snorlax|Body Slam|p1a: Cloyster
|-damage|p1a: Cloyster|7\/100 par
|
|turn|68
|choice||
|
|switch|p2a: Jynx|Jynx|73\/100 slp
|move|p1a: Cloyster|Explosion|p2a: Jynx
|-damage|p2a: Jynx|0 fnt
|faint|p2a: Jynx
|faint|p1a: Cloyster
|choice||
|
|switch|p2a: Tauros|Tauros|38\/100
|switch|p1a: Snorlax|Snorlax, M|10\/100
|turn|69
|c|★marcoasd|dubbi
|c|★smilzo|eh
|c|★marcoasd|tauros dovevi mettere
|c|★marcoasd|durissimo
|c|★marcoasd|ti sei cagato di laprasshole
|j|Bro Kappa
|c| Bro Kappa|kip marco !_!
|c|★marcoasd|bèh in effetti ho troppa roba
|c|★marcoasd|kip'
|c|★marcoasd|?
|c| Bro Kappa|y
|l|Sunding
|c| Bro Kappa|tipo ciao
|c| Bro Kappa|xd
|c|★marcoasd|capisco
|c|★marcoasd|roba profonda fratello
|c| Bro Kappa|lol
|c|★smilzo|lol
|choice||
|
|move|p2a: Tauros|Body Slam|p1a: Snorlax
|-crit|p1a: Snorlax
|-damage|p1a: Snorlax|0 fnt
|faint|p1a: Snorlax
|choice||
|
|switch|p1a: Exeggutor|Exeggutor, M|100\/100
|turn|70
|choice||
|
|switch|p2a: Chansey|Chansey|86\/100 par
|move|p1a: Exeggutor|Psychic|p2a: Chansey
|-damage|p2a: Chansey|68\/100 par
|-unboost|p2a: Chansey|spd|1
|-unboost|p2a: Chansey|spa|1
|
|turn|71
|choice||
|
|move|p1a: Exeggutor|Psychic|p2a: Chansey
|-damage|p2a: Chansey|44\/100 par
|-unboost|p2a: Chansey|spd|1
|-unboost|p2a: Chansey|spa|1
|move|p2a: Chansey|Soft-Boiled|p2a: Chansey
|-heal|p2a: Chansey|94\/100 par
|
|turn|72
|choice||
|
|switch|p2a: Alakazam|Alakazam, M|100\/100 par
|move|p1a: Exeggutor|Psychic|p2a: Alakazam
|-crit|p2a: Alakazam
|-resisted|p2a: Alakazam
|-damage|p2a: Alakazam|68\/100 par
|-unboost|p2a: Alakazam|spd|1
|-unboost|p2a: Alakazam|spa|1
|
|turn|73
|c| Bro Kappa|potente
|choice||
|
|switch|p1a: Chansey|Chansey|49\/100 par
|cant|p2a: Alakazam|par
|
|turn|74
|c| Bro Kappa|sto gutor
|c|★marcoasd|la violenza
|choice||
|
|switch|p2a: Tauros|Tauros|38\/100
|cant|p1a: Chansey|par
|
|turn|75
|c|★smilzo|orcodio
|c|★marcoasd|this is bad
|c|★smilzo|sta chansey
|c|★smilzo|non vuole
|c|★smilzo|non crittarmi lo switchin pliz
|choice||
|
|switch|p1a: Exeggutor|Exeggutor, M|100\/100
|move|p2a: Tauros|Body Slam|p1a: Exeggutor
|-damage|p1a: Exeggutor|73\/100
|-status|p1a: Exeggutor|par
|
|turn|76
|c|★marcoasd|bèh anche paralizzarlo
|c|★marcoasd|appunto
|choice||
|
|move|p2a: Tauros|Body Slam|p1a: Exeggutor
|-damage|p1a: Exeggutor|44\/100 par
|move|p1a: Exeggutor|Psychic|p2a: Tauros
|-damage|p2a: Tauros|0 fnt
|faint|p2a: Tauros
|c|★marcoasd|pensavo tu doublassi
|choice||
|
|switch|p2a: Lapras|Lapras, M|55\/100
|turn|77
|choice||
|
|switch|p1a: Chansey|Chansey|49\/100 par
|move|p2a: Lapras|Blizzard|p1a: Chansey
|-damage|p1a: Chansey|29\/100 par
|
|turn|78
|choice||
|
|move|p2a: Lapras|Confuse Ray|p1a: Chansey
|-start|p1a: Chansey|confusion
|-activate|p1a: Chansey|confusion
|move|p1a: Chansey|Soft-Boiled|p1a: Chansey
|-heal|p1a: Chansey|79\/100 par
|
|turn|79
|j|Sunding
|choice||
|
|switch|p2a: Alakazam|Alakazam, M|68\/100 par
|-end|p1a: Chansey|confusion
|move|p1a: Chansey|Reflect|p1a: Chansey
|-start|p1a: Chansey|Reflect
|
|turn|80
|choice||
|
|cant|p2a: Alakazam|par
|move|p1a: Chansey|Seismic Toss|p2a: Alakazam
|-damage|p2a: Alakazam|36\/100 par
|
|turn|81
|choice||
|
|move|p2a: Alakazam|Psychic|p1a: Chansey
|-crit|p1a: Chansey
|-damage|p1a: Chansey|46\/100 par
|-unboost|p1a: Chansey|spd|1
|-unboost|p1a: Chansey|spa|1
|cant|p1a: Chansey|par
|
|turn|82
|choice||
|
|move|p2a: Alakazam|Recover|p2a: Alakazam
|-heal|p2a: Alakazam|86\/100 par
|move|p1a: Chansey|Soft-Boiled|p1a: Chansey
|-heal|p1a: Chansey|96\/100 par
|
|turn|83
|choice||
|
|switch|p1a: Exeggutor|Exeggutor, M|44\/100 par
|move|p2a: Alakazam|Psychic|p1a: Exeggutor
|-resisted|p1a: Exeggutor
|-damage|p1a: Exeggutor|30\/100 par
|-unboost|p1a: Exeggutor|spd|1
|-unboost|p1a: Exeggutor|spa|1
|
|turn|84
|choice||
|
|switch|p2a: Chansey|Chansey|94\/100 par
|move|p1a: Exeggutor|Explosion|p2a: Chansey
|-damage|p2a: Chansey|0 fnt
|faint|p2a: Chansey
|faint|p1a: Exeggutor
|choice||
|
|switch|p1a: Tauros|Tauros|100\/100
|switch|p2a: Lapras|Lapras, M|55\/100
|turn|85
|choice||
|
|move|p1a: Tauros|Body Slam|p2a: Lapras
|-damage|p2a: Lapras|31\/100
|move|p2a: Lapras|Blizzard|p1a: Tauros
|-damage|p1a: Tauros|54\/100
|
|turn|86
|choice||
|
|switch|p1a: Chansey|Chansey|96\/100 par
|move|p2a: Lapras|Blizzard|p1a: Chansey
|-damage|p1a: Chansey|76\/100 par
|
|turn|87
|choice||
|
|move|p2a: Lapras|Confuse Ray|p1a: Chansey
|-start|p1a: Chansey|confusion
|-activate|p1a: Chansey|confusion
|-damage|p1a: Chansey|71\/100 par|[from] confusion
|
|turn|88
|choice||
|
|move|p2a: Lapras|Blizzard|p1a: Chansey
|-damage|p1a: Chansey|52\/100 par
|-activate|p1a: Chansey|confusion
|move|p1a: Chansey|Seismic Toss|p2a: Lapras
|-damage|p2a: Lapras|10\/100
|
|turn|89
|choice||
|
|move|p2a: Lapras|Blizzard|p1a: Chansey
|-damage|p1a: Chansey|33\/100 par
|-activate|p1a: Chansey|confusion
|-damage|p1a: Chansey|28\/100 par|[from] confusion
|
|turn|90
|choice||
|
|move|p2a: Lapras|Blizzard|p1a: Chansey
|-damage|p1a: Chansey|8\/100 par
|-activate|p1a: Chansey|confusion
|-damage|p1a: Chansey|3\/100 par|[from] confusion
|
|turn|91
|c|★marcoasd|rip
|c|★smilzo|rip
|choice||
|
|move|p2a: Lapras|Thunderbolt|p1a: Chansey
|-crit|p1a: Chansey
|-damage|p1a: Chansey|0 fnt
|faint|p1a: Chansey
|choice||
|
|switch|p1a: Tauros|Tauros|54\/100
|turn|92
|choice||
|
|move|p1a: Tauros|Body Slam|p2a: Lapras
|-damage|p2a: Lapras|0 fnt
|faint|p2a: Lapras
|choice||
|
|switch|p2a: Snorlax|Snorlax, M|100\/100 par
|turn|93
|c|★marcoasd|255
|c|★marcoasd|è il numero della bestia
|c|★smilzo|crit e fp
|choice||
|
|move|p1a: Tauros|Body Slam|p2a: Snorlax
|-crit|p2a: Snorlax
|-damage|p2a: Snorlax|49\/100 par
|move|p2a: Snorlax|Self-Destruct|p1a: Tauros
|-damage|p1a: Tauros|0 fnt
|faint|p1a: Tauros
|faint|p2a: Snorlax
|
|win|marcoasd
|player|p1
|player|p2
|c|★marcoasd|gg
|c|★smilzo|gg
|l|marcoasd
|l|Sunding