|j|smith1
|j|CreeperDNA
|player|p1|smith1|1
|player|p2|CreeperDNA|170
|gametype|singles
|gen|1
|tier|[Gen 1] Random Battle
|rated
|seed|
|rule|Sleep Clause Mod: Limit one foe put to sleep
|rule|Freeze Clause Mod: Limit one foe frozen
|rule|HP Percentage Mod: HP is shown in percentages
|
|start
|switch|p1a: Rattata|Rattata, L96|100\/100
|switch|p2a: Persian|Persian, L79|100\/100
|turn|1
|choice||
|
|move|p2a: Persian|Slash|p1a: Rattata
|-crit|p1a: Rattata
|-damage|p1a: Rattata|39\/100
|move|p1a: Rattata|Super Fang|p2a: Persian
|-damage|p2a: Persian|51\/100
|
|turn|2
|choice||
|
|move|p2a: Persian|Slash|p1a: Rattata
|-crit|p1a: Rattata
|-damage|p1a: Rattata|0 fnt
|faint|p1a: Rattata
|choice||
|
|switch|p1a: Blastoise|Blastoise, L85|100\/100
|turn|3
|choice||
|
|move|p2a: Persian|Thunderbolt|p1a: Blastoise
|-crit|p1a: Blastoise
|-supereffective|p1a: Blastoise
|-damage|p1a: Blastoise|42\/100
|-status|p1a: Blastoise|par
|move|p1a: Blastoise|Blizzard|p2a: Persian|[miss]
|-miss|p1a: Blastoise
|
|turn|4
|choice||
|
|move|p2a: Persian|Thunderbolt|p1a: Blastoise
|-crit|p1a: Blastoise
|-supereffective|p1a: Blastoise
|-damage|p1a: Blastoise|0 fnt
|faint|p1a: Blastoise
|choice||
|
|switch|p1a: Magneton|Magneton, L90|100\/100
|turn|5
|choice||
|
|move|p2a: Persian|Hyper Beam|p1a: Magneton
|-damage|p1a: Magneton|66\/100
|move|p1a: Magneton|Thunder Wave|p2a: Persian
|-status|p2a: Persian|par
|
|turn|6
|-mustrecharge|p2a: Persian
|-mustrecharge|p2a: Persian
|choice||
|
|move|p1a: Magneton|Thunderbolt|p2a: Persian
|-damage|p2a: Persian|0 fnt
|faint|p2a: Persian
|choice||
|
|switch|p2a: Lickitung|Lickitung, L90|100\/100
|turn|7
|choice||
|
|move|p1a: Magneton|Thunder Wave|p2a: Lickitung
|-status|p2a: Lickitung|par
|cant|p2a: Lickitung|par
|
|turn|8
|choice||
|
|move|p1a: Magneton|Thunderbolt|p2a: Lickitung
|-damage|p2a: Lickitung|57\/100 par
|move|p2a: Lickitung|Earthquake|p1a: Magneton
|-supereffective|p1a: Magneton
|-damage|p1a: Magneton|28\/100
|
|turn|9
|choice||
|
|move|p1a: Magneton|Thunderbolt|p2a: Lickitung
|-damage|p2a: Lickitung|10\/100 par
|move|p2a: Lickitung|Earthquake|p1a: Magneton
|-supereffective|p1a: Magneton
|-damage|p1a: Magneton|0 fnt
|faint|p1a: Magneton
|choice||
|
|switch|p1a: Golduck|Golduck, L85|100\/100
|turn|10
|choice||
|
|move|p1a: Golduck|Amnesia|p1a: Golduck
|-boost|p1a: Golduck|spd|2
|-boost|p1a: Golduck|spa|2
|cant|p2a: Lickitung|par
|
|turn|11
|choice||
|
|move|p1a: Golduck|Amnesia|p1a: Golduck
|-boost|p1a: Golduck|spd|2
|-boost|p1a: Golduck|spa|2
|move|p2a: Lickitung|Hyper Beam|p1a: Golduck
|-damage|p1a: Golduck|58\/100
|
|turn|12
|-mustrecharge|p2a: Lickitung
|-mustrecharge|p2a: Lickitung
|choice||
|
|move|p1a: Golduck|Amnesia|p1a: Golduck
|-boost|p1a: Golduck|spd|2
|-boost|p1a: Golduck|spa|2
|cant|p2a: Lickitung|recharge
|
|turn|13
|choice||
|
|move|p1a: Golduck|Body Slam|p2a: Lickitung
|-damage|p2a: Lickitung|0 fnt
|faint|p2a: Lickitung
|choice||
|
|switch|p2a: Nidorino|Nidorino, L90|100\/100
|turn|14
|choice||
|
|move|p1a: Golduck|Blizzard|p2a: Nidorino
|-damage|p2a: Nidorino|0 fnt
|faint|p2a: Nidorino
|choice||
|
|switch|p2a: Aerodactyl|Aerodactyl, L90|100\/100
|turn|15
|choice||
|
|move|p2a: Aerodactyl|Sky Attack|p1a: Golduck|[still]
|-prepare|p2a: Aerodactyl|Sky Attack|p1a: Golduck
|move|p1a: Golduck|Blizzard|p2a: Aerodactyl
|-supereffective|p2a: Aerodactyl
|-damage|p2a: Aerodactyl|0 fnt
|faint|p2a: Aerodactyl
|choice||
|
|switch|p2a: Golduck|Golduck, L85|100\/100
|turn|16
|c|★CreeperDNA|gg
|choice||
|
|move|p1a: Golduck|Blizzard|p2a: Golduck
|-resisted|p2a: Golduck
|-damage|p2a: Golduck|45\/100
|move|p2a: Golduck|Amnesia|p2a: Golduck
|-boost|p2a: Golduck|spd|2
|-boost|p2a: Golduck|spa|2
|
|turn|17
|choice||
|
|move|p1a: Golduck|Body Slam|p2a: Golduck
|-crit|p2a: Golduck
|-damage|p2a: Golduck|10\/100
|move|p2a: Golduck|Surf|p1a: Golduck
|-resisted|p1a: Golduck
|-damage|p1a: Golduck|50\/100
|
|turn|18
|choice||
|
|move|p2a: Golduck|Amnesia|p2a: Golduck
|-boost|p2a: Golduck|spd|2
|-boost|p2a: Golduck|spa|2
|move|p1a: Golduck|Body Slam|p2a: Golduck
|-damage|p2a: Golduck|0 fnt
|faint|p2a: Golduck
|choice||
|
|switch|p2a: Electabuzz|Electabuzz, L85|100\/100
|turn|19
|c|★CreeperDNA|gg
|c|★smith1|....why did you put the other 3 out before him...
|choice||
|
|move|p2a: Electabuzz|Thunderbolt|p1a: Golduck
|-crit|p1a: Golduck
|-supereffective|p1a: Golduck
|-damage|p1a: Golduck|0 fnt
|faint|p1a: Golduck
|choice||
|
|switch|p1a: Dragonite|Dragonite, L85|100\/100
|turn|20
|c|★CreeperDNA|I'm an idiot.
|choice||
|
|move|p2a: Electabuzz|Thunderbolt|p1a: Dragonite
|-damage|p1a: Dragonite|74\/100
|move|p1a: Dragonite|Surf|p2a: Electabuzz
|-damage|p2a: Electabuzz|75\/100
|
|turn|21
|choice||
|
|move|p2a: Electabuzz|Seismic Toss|p1a: Dragonite
|-damage|p1a: Dragonite|48\/100
|move|p1a: Dragonite|Blizzard|p2a: Electabuzz
|-damage|p2a: Electabuzz|44\/100
|
|turn|22
|choice||
|
|move|p2a: Electabuzz|Thunder Wave|p1a: Dragonite
|-status|p1a: Dragonite|par
|move|p1a: Dragonite|Blizzard|p2a: Electabuzz
|-damage|p2a: Electabuzz|11\/100
|
|turn|23
|choice||
|
|move|p2a: Electabuzz|Thunderbolt|p1a: Dragonite
|-crit|p1a: Dragonite
|-damage|p1a: Dragonite|0 fnt
|faint|p1a: Dragonite
|choice||
|
|switch|p1a: Jynx|Jynx, L79|100\/100
|turn|24
|choice||
|
|move|p2a: Electabuzz|Seismic Toss|p1a: Jynx
|-damage|p1a: Jynx|68\/100
|move|p1a: Jynx|Psychic|p2a: Electabuzz
|-damage|p2a: Electabuzz|0 fnt
|faint|p2a: Electabuzz
|
|win|smith1
|player|p1
|player|p2
|raw|smith1's rating: 1164 &rarr; <strong>1178<\/strong><br \/>(+14 for winning)
|raw|CreeperDNA's rating: 1000 &rarr; <strong>1000<\/strong><br \/>(+0 for losing)
|c|★CreeperDNA|gg