|join|Pietro Albuquerque
|join|pkmonrony97
|player|p1|Pietro Albuquerque|109
|player|p2|pkmonrony97|162
|gametype|singles
|gen|1
|tier|[Gen 1] OU (beta)
|rated
|rule|Sleep Clause Mod: Limit one foe put to sleep
|rule|Species Clause: Limit one of each Pokémon
|rule|OHKO Clause: OHKO moves are banned
|rule|Evasion Moves Clause: Evasion moves are banned
|rule|HP Percentage Mod: HP is shown in percentages
|
|start
|switch|p1a: Gengar|Gengar|323\/323
|switch|p2a: Hypno|Hypno|373\/373
|turn|1
|
|move|p1a: Gengar|Hypnosis|p2a: Hypno
|-status|p2a: Hypno|slp
|cant|p2a: Hypno|slp
|
|turn|2
|
|move|p1a: Gengar|Confuse Ray|p2a: Hypno
|-start|p2a: Hypno|confusion
|cant|p2a: Hypno|slp
|-curestatus|p2a: Hypno|slp
|
|turn|3
|
|move|p1a: Gengar|Hypnosis|p2a: Hypno
|-status|p2a: Hypno|slp
|cant|p2a: Hypno|slp
|
|turn|4
|
|move|p1a: Gengar|Thunderbolt|p2a: Hypno
|-damage|p2a: Hypno|290\/373 slp
|cant|p2a: Hypno|slp
|
|turn|5
|
|move|p1a: Gengar|Thunderbolt|p2a: Hypno
|-damage|p2a: Hypno|213\/373 slp
|cant|p2a: Hypno|slp
|
|turn|6
|
|move|p1a: Gengar|Thunderbolt|p2a: Hypno
|-crit|p2a: Hypno
|-damage|p2a: Hypno|53\/373 slp
|cant|p2a: Hypno|slp
|
|turn|7
|
|switch|p2a: Exeggutor|Exeggutor|393\/393
|move|p1a: Gengar|Thunderbolt|p2a: Exeggutor
|-resisted|p2a: Exeggutor
|-damage|p2a: Exeggutor|357\/393
|
|turn|8
|
|switch|p1a: Snorlax|Snorlax|523\/523
|move|p2a: Exeggutor|Sleep Powder|p1a: Snorlax
|-status|p1a: Snorlax|slp
|
|turn|9
|
|move|p2a: Exeggutor|Psychic|p1a: Snorlax
|-damage|p1a: Snorlax|348\/523 slp
|cant|p1a: Snorlax|slp
|
|turn|10
|
|switch|p1a: Chansey|Chansey|703\/703
|move|p2a: Exeggutor|Psychic|p1a: Chansey
|-crit|p1a: Chansey
|-damage|p1a: Chansey|456\/703
|-unboost|p1a: Chansey|spd|1
|-unboost|p1a: Chansey|spa|1
|
|turn|11
|
|move|p2a: Exeggutor|Psychic|p1a: Chansey
|-damage|p1a: Chansey|291\/703
|move|p1a: Chansey|Thunder Wave|p2a: Exeggutor
|-status|p2a: Exeggutor|par
|
|turn|12
|
|move|p1a: Chansey|Soft-Boiled|p1a: Chansey
|-heal|p1a: Chansey|642\/703
|cant|p2a: Exeggutor|par
|
|turn|13
|
|move|p1a: Chansey|Blizzard|p2a: Exeggutor|[miss]
|-miss|p1a: Chansey
|move|p2a: Exeggutor|Explosion|p1a: Chansey
|-damage|p1a: Chansey|0 fnt
|faint|p1a: Chansey
|faint|p2a: Exeggutor
|
|switch|p2a: Alakazam|Alakazam|313\/313
|switch|p1a: Snorlax|Snorlax|348\/523 slp
|turn|14
|
|switch|p1a: Alakazam|Alakazam|313\/313
|move|p2a: Alakazam|Psychic|p1a: Alakazam
|-resisted|p1a: Alakazam
|-damage|p1a: Alakazam|262\/313
|
|turn|15
|
|move|p1a: Alakazam|Thunder Wave|p2a: Alakazam
|-status|p2a: Alakazam|par
|cant|p2a: Alakazam|par
|
|turn|16
|
|switch|p1a: Tauros|Tauros|353\/353
|move|p2a: Alakazam|Thunder Wave|p1a: Tauros
|-status|p1a: Tauros|par
|
|turn|17
|
|move|p2a: Alakazam|Reflect|p2a: Alakazam
|move|p1a: Tauros|Body Slam|p2a: Alakazam
|-damage|p2a: Alakazam|226\/313 par
|
|turn|18
|
|move|p2a: Alakazam|Psychic|p1a: Tauros
|-damage|p1a: Tauros|192\/353 par
|move|p1a: Tauros|Body Slam|p2a: Alakazam
|-damage|p2a: Alakazam|153\/313 par
|
|turn|19
|
|move|p2a: Alakazam|Recover|p2a: Alakazam
|-heal|p2a: Alakazam|309\/313 par
|cant|p1a: Tauros|par
|
|turn|20
|
|switch|p1a: Snorlax|Snorlax|348\/523 slp
|move|p2a: Alakazam|Psychic|p1a: Snorlax
|-crit|p1a: Snorlax
|-damage|p1a: Snorlax|0 fnt
|faint|p1a: Snorlax
|
|switch|p1a: Alakazam|Alakazam|262\/313
|turn|21
|
|move|p1a: Alakazam|Reflect|p1a: Alakazam
|move|p2a: Alakazam|Thunder Wave|p1a: Alakazam
|-status|p1a: Alakazam|par
|
|turn|22
|
|move|p1a: Alakazam|Psychic|p2a: Alakazam
|-resisted|p2a: Alakazam
|-damage|p2a: Alakazam|256\/313 par
|move|p2a: Alakazam|Psychic|p1a: Alakazam
|-resisted|p1a: Alakazam
|-damage|p1a: Alakazam|213\/313 par
|-unboost|p1a: Alakazam|spd|1
|-unboost|p1a: Alakazam|spa|1
|
|turn|23
|
|switch|p1a: Golem|Golem|363\/363
|move|p2a: Alakazam|Psychic|p1a: Golem
|-damage|p1a: Golem|188\/363
|
|turn|24
|
|move|p1a: Golem|Earthquake|p2a: Alakazam
|-damage|p2a: Alakazam|157\/313 par
|move|p2a: Alakazam|Psychic|p1a: Golem
|-damage|p1a: Golem|0 fnt
|faint|p1a: Golem
|
|switch|p1a: Tauros|Tauros|192\/353 par
|turn|25
|
|move|p2a: Alakazam|Psychic|p1a: Tauros
|-damage|p1a: Tauros|37\/353 par
|-unboost|p1a: Tauros|spd|1
|-unboost|p1a: Tauros|spa|1
|move|p1a: Tauros|Hyper Beam|p2a: Alakazam
|-crit|p2a: Alakazam
|-damage|p2a: Alakazam|0 fnt
|faint|p2a: Alakazam
|
|switch|p2a: Tauros|Tauros|353\/353
|turn|26
|
|switch|p1a: Gengar|Gengar|323\/323
|move|p2a: Tauros|Earthquake|p1a: Gengar
|-supereffective|p1a: Gengar
|-damage|p1a: Gengar|122\/323
|
|turn|27
|
|move|p2a: Tauros|Earthquake|p1a: Gengar
|-supereffective|p1a: Gengar
|-damage|p1a: Gengar|0 fnt
|faint|p1a: Gengar
|c|★pkmonrony97|ha
|
|switch|p1a: Alakazam|Alakazam|213\/313 par
|turn|28
|
|move|p2a: Tauros|Hyper Beam|p1a: Alakazam
|-damage|p1a: Alakazam|0 fnt
|faint|p1a: Alakazam
|
|switch|p1a: Tauros|Tauros|37\/353 par
|turn|29
|
|move|p2a: Tauros|Body Slam|p1a: Tauros
|-crit|p1a: Tauros
|-damage|p1a: Tauros|0 fnt
|faint|p1a: Tauros
|
|win|pkmonrony97
|raw|Ladder updating...
|raw|Pietro Albuquerque's rating: 1196 &rarr; <strong>1176<\/strong><br \/>(-20 for losing)
|raw|pkmonrony97's rating: 1259 &rarr; <strong>1280<\/strong><br \/>(+21 for winning)
|leave|Pietro Albuquerque
|player|p1
|leave|pkmonrony97
|player|p2
|join|pkmonrony97