|j|thepeach18
|j|Ofursure
|player|p1|thepeach18|117
|player|p2|Ofursure|164
|gametype|singles
|gen|1
|tier|[Gen 1] OU
|rated
|seed|36230,36980,61639,1855
|rule|Sleep Clause Mod: Limit one foe put to sleep
|rule|Freeze Clause Mod: Limit one foe frozen
|rule|Species Clause: Limit one of each Pokémon
|rule|OHKO Clause: OHKO moves are banned
|rule|Evasion Moves Clause: Evasion moves are banned
|rule|HP Percentage Mod: HP is shown in percentages
|
|start
|switch|p1a: Jynx|Jynx|333\/333
|switch|p2a: Dragonite|Dragonite|385\/385
|turn|1
|choice|move 2|switch 4
|
|switch|p2a: Raichu|Raichu|323\/323
|move|p1a: Jynx|Blizzard|p2a: Raichu
|-damage|p2a: Raichu|168\/323
|
|turn|2
|choice|switch 2|move 3
|
|switch|p1a: Snorlax|Snorlax|523\/523
|move|p2a: Raichu|Submission|p1a: Snorlax|[miss]
|-miss|p2a: Raichu
|
|turn|3
|choice|move 4|move 3
|
|move|p2a: Raichu|Submission|p1a: Snorlax
|-crit|p1a: Snorlax
|-supereffective|p1a: Snorlax
|-damage|p1a: Snorlax|205\/523
|-damage|p2a: Raichu|89\/323|[from] recoil|[of] p1a: Snorlax
|move|p1a: Snorlax|Earthquake|p2a: Raichu
|-supereffective|p2a: Raichu
|-damage|p2a: Raichu|0 fnt
|faint|p2a: Raichu
|choice||switch 4
|
|switch|p2a: Dragonite|Dragonite|385\/385
|turn|4
|choice|move 3|move 3
|
|move|p2a: Dragonite|Wrap|p1a: Snorlax
|-damage|p1a: Snorlax|184\/523
|-activate|p1a: Snorlax|move: Wrap|[of] p2a: Dragonite
|cant|p1a: Snorlax|partiallytrapped
|
|turn|5
|choice|move 3|move 3
|
|move|p2a: Dragonite|Wrap|p1a: Snorlax
|-damage|p1a: Snorlax|163\/523
|cant|p1a: Snorlax|partiallytrapped
|
|turn|6
|choice|move 3|move 3
|
|move|p2a: Dragonite|Wrap|p1a: Snorlax
|-damage|p1a: Snorlax|142\/523
|cant|p1a: Snorlax|partiallytrapped
|
|turn|7
|choice|switch 6|move 3
|
|switch|p1a: Starmie|Starmie|323\/323
|move|p2a: Dragonite|Wrap|p1a: Starmie
|-damage|p1a: Starmie|306\/323
|-activate|p1a: Starmie|move: Wrap|[of] p2a: Dragonite
|
|turn|8
|choice|move 3|move 3
|
|cant|p1a: Starmie|partiallytrapped
|move|p2a: Dragonite|Wrap|p1a: Starmie
|-damage|p1a: Starmie|289\/323
|
|turn|9
|choice|move 3|move 3
|
|cant|p1a: Starmie|partiallytrapped
|move|p2a: Dragonite|Wrap|p1a: Starmie
|-damage|p1a: Starmie|272\/323
|
|turn|10
|choice|move 3|move 3
|
|cant|p1a: Starmie|partiallytrapped
|move|p2a: Dragonite|Wrap|p1a: Starmie
|-damage|p1a: Starmie|255\/323
|
|turn|11
|choice|move 3|move 3
|
|cant|p1a: Starmie|partiallytrapped
|move|p2a: Dragonite|Wrap|p1a: Starmie
|-damage|p1a: Starmie|238\/323
|
|-end|p1a: Starmie|Wrap|[partiallytrapped]
|turn|12
|choice|move 3|switch 3
|
|switch|p2a: Gengar|Gengar|323\/323
|move|p1a: Starmie|Thunder Wave|p2a: Gengar
|-status|p2a: Gengar|par
|
|turn|13
|choice|move 2|move 3
|
|move|p1a: Starmie|Thunderbolt|p2a: Gengar
|-damage|p2a: Gengar|262\/323 par
|cant|p2a: Gengar|par
|
|turn|14
|choice|switch 4|move 3
|
|switch|p1a: Exeggutor|Exeggutor|393\/393
|move|p2a: Gengar|Explosion|p1a: Exeggutor
|-damage|p1a: Exeggutor|171\/393
|faint|p2a: Gengar
|choice||switch 6
|
|switch|p2a: Gyarados|Gyarados|393\/393
|turn|15
|choice|switch 4|move 2
|
|switch|p1a: Starmie|Starmie|238\/323
|move|p2a: Gyarados|Hyper Beam|p1a: Starmie
|-damage|p1a: Starmie|93\/323
|
|turn|16
|-mustrecharge|p2a: Gyarados
|-mustrecharge|p2a: Gyarados
|choice|move 4|move 1
|
|move|p1a: Starmie|Recover|p1a: Starmie
|-heal|p1a: Starmie|254\/323
|cant|p2a: Gyarados|recharge
|
|turn|17
|choice|move 3|move 1
|
|move|p1a: Starmie|Thunder Wave|p2a: Gyarados
|-status|p2a: Gyarados|par
|move|p2a: Gyarados|Body Slam|p1a: Starmie
|-crit|p1a: Starmie
|-damage|p1a: Starmie|87\/323
|
|turn|18
|choice|move 4|move 2
|
|move|p1a: Starmie|Recover|p1a: Starmie
|-heal|p1a: Starmie|248\/323
|move|p2a: Gyarados|Hyper Beam|p1a: Starmie
|-damage|p1a: Starmie|90\/323
|
|turn|19
|-mustrecharge|p2a: Gyarados
|-mustrecharge|p2a: Gyarados
|choice|move 4|move 1
|
|move|p1a: Starmie|Recover|p1a: Starmie
|-heal|p1a: Starmie|251\/323
|cant|p2a: Gyarados|recharge
|
|turn|20
|choice|move 2|move 1
|
|move|p1a: Starmie|Thunderbolt|p2a: Gyarados
|-crit|p2a: Gyarados
|-supereffective|p2a: Gyarados
|-damage|p2a: Gyarados|0 fnt
|faint|p2a: Gyarados
|choice||switch 2
|
|switch|p2a: Alakazam|Alakazam|313\/313
|turn|21
|choice|move 3|move 2
|
|move|p2a: Alakazam|Thunder Wave|p1a: Starmie
|-status|p1a: Starmie|par
|move|p1a: Starmie|Thunder Wave|p2a: Alakazam
|-status|p2a: Alakazam|par
|
|turn|22
|choice|move 1|move 1
|
|move|p2a: Alakazam|Psychic|p1a: Starmie
|-resisted|p1a: Starmie
|-damage|p1a: Starmie|180\/323 par
|cant|p1a: Starmie|par
|
|turn|23
|choice|move 1|move 1
|
|move|p2a: Alakazam|Psychic|p1a: Starmie
|-crit|p1a: Starmie
|-resisted|p1a: Starmie
|-damage|p1a: Starmie|43\/323 par
|-unboost|p1a: Starmie|spd|1
|-unboost|p1a: Starmie|spa|1
|move|p1a: Starmie|Blizzard|p2a: Alakazam
|-damage|p2a: Alakazam|259\/313 par
|
|turn|24
|choice|move 1|move 1
|
|move|p2a: Alakazam|Psychic|p1a: Starmie
|-resisted|p1a: Starmie
|-damage|p1a: Starmie|0 fnt
|faint|p1a: Starmie
|choice|switch 6|
|
|switch|p1a: Snorlax|Snorlax|142\/523
|turn|25
|choice|move 3|move 1
|
|move|p1a: Snorlax|Self-Destruct|p2a: Alakazam
|-damage|p2a: Alakazam|0 fnt
|faint|p2a: Alakazam
|faint|p1a: Snorlax
|-message|thepeach18 lost due to inactivity.
|
|win|Ofursure
|player|p1
|player|p2
|raw|thepeach18's rating: 1122 &rarr; <strong>1108<\/strong><br \/>(-14 for losing)
|raw|Ofursure's rating: 1286 &rarr; <strong>1300<\/strong><br \/>(+14 for winning)