|j|Abstrix
|j|hjfjyfyg
|player|p1|Abstrix|8
|player|p2|hjfjyfyg|101
|gametype|singles
|gen|1
|tier|[Gen 1] OU
|rated
|seed|1302,22227,528,23235
|rule|Sleep Clause Mod: Limit one foe put to sleep
|rule|Freeze Clause Mod: Limit one foe frozen
|rule|Species Clause: Limit one of each Pokémon
|rule|OHKO Clause: OHKO moves are banned
|rule|Evasion Moves Clause: Evasion moves are banned
|rule|HP Percentage Mod: HP is shown in percentages
|
|start
|switch|p1a: Jynx|Jynx|333\/333
|switch|p2a: Alakazam|Alakazam|313\/313
|turn|1
|choice|switch 2|move 3
|
|switch|p1a: Chansey|Chansey|703\/703
|move|p2a: Alakazam|Thunder Wave|p1a: Chansey
|-status|p1a: Chansey|par
|
|turn|2
|choice|move 1|move 1
|
|move|p2a: Alakazam|Psychic|p1a: Chansey
|-crit|p1a: Chansey
|-damage|p1a: Chansey|473\/703 par
|move|p1a: Chansey|Ice Beam|p2a: Alakazam
|-damage|p2a: Alakazam|249\/313
|
|turn|3
|choice|switch 2|move 4
|
|switch|p1a: Jynx|Jynx|333\/333
|move|p2a: Alakazam|Reflect|p2a: Alakazam
|-start|p2a: Alakazam|Reflect
|
|turn|4
|choice|switch 2|move 3
|
|switch|p1a: Chansey|Chansey|473\/703 par
|move|p2a: Alakazam|Thunder Wave|p1a: Chansey
|-fail|p1a: Chansey|par
|
|turn|5
|choice|move 3|move 1
|
|move|p2a: Alakazam|Psychic|p1a: Chansey
|-crit|p1a: Chansey
|-damage|p1a: Chansey|228\/703 par
|-unboost|p1a: Chansey|spd|1
|-unboost|p1a: Chansey|spa|1
|move|p1a: Chansey|Soft-Boiled|p1a: Chansey
|-heal|p1a: Chansey|579\/703 par
|
|turn|6
|choice|switch 5|move 1
|
|switch|p1a: Exeggutor|Exeggutor|393\/393
|move|p2a: Alakazam|Psychic|p1a: Exeggutor
|-resisted|p1a: Exeggutor
|-damage|p1a: Exeggutor|334\/393
|-unboost|p1a: Exeggutor|spd|1
|-unboost|p1a: Exeggutor|spa|1
|
|turn|7
|choice|move 2|switch 5
|
|switch|p2a: Snorlax|Snorlax|523\/523
|move|p1a: Exeggutor|Stun Spore|p2a: Snorlax
|-status|p2a: Snorlax|par
|
|turn|8
|choice|switch 3|move 1
|
|switch|p1a: Golem|Golem|363\/363
|cant|p2a: Snorlax|par
|
|turn|9
|choice|move 1|switch 2
|
|switch|p2a: Cloyster|Cloyster|303\/303
|move|p1a: Golem|Earthquake|p2a: Cloyster
|-damage|p2a: Cloyster|215\/303
|
|turn|10
|choice|switch 5|move 2
|
|switch|p1a: Chansey|Chansey|579\/703 par
|move|p2a: Cloyster|Blizzard|p1a: Chansey
|-damage|p1a: Chansey|465\/703 par
|
|turn|11
|choice|move 3|move 1
|
|move|p2a: Cloyster|Clamp|p1a: Chansey
|-damage|p1a: Chansey|427\/703 par
|-activate|p1a: Chansey|move: Clamp|[of] p2a: Cloyster
|cant|p1a: Chansey|partiallytrapped
|
|turn|12
|choice|switch 2|switch 5
|
|switch|p2a: Alakazam|Alakazam|249\/313
|switch|p1a: Jynx|Jynx|333\/333
|
|turn|13
|choice|switch 3|move 3
|
|switch|p1a: Exeggutor|Exeggutor|334\/393
|move|p2a: Alakazam|Thunder Wave|p1a: Exeggutor
|-status|p1a: Exeggutor|par
|
|turn|14
|choice|move 1|switch 5
|
|switch|p2a: Cloyster|Cloyster|215\/303
|move|p1a: Exeggutor|Psychic|p2a: Cloyster
|-damage|p2a: Cloyster|68\/303
|
|turn|15
|choice|move 1|move 2
|
|move|p2a: Cloyster|Blizzard|p1a: Exeggutor
|-supereffective|p1a: Exeggutor
|-damage|p1a: Exeggutor|99\/393 par
|move|p1a: Exeggutor|Psychic|p2a: Cloyster
|-damage|p2a: Cloyster|0 fnt
|faint|p2a: Cloyster
|choice||switch 4
|
|switch|p2a: Chansey|Chansey|703\/703
|turn|16
|choice|switch 2|move 3
|
|switch|p1a: Chansey|Chansey|427\/703 par
|move|p2a: Chansey|Ice Beam|p1a: Chansey
|-damage|p1a: Chansey|352\/703 par
|
|turn|17
|choice|move 3|switch 5
|
|switch|p2a: Alakazam|Alakazam|249\/313
|cant|p1a: Chansey|par
|
|turn|18
|choice|move 3|move 2
|
|move|p2a: Alakazam|Recover|p2a: Alakazam
|-heal|p2a: Alakazam|313\/313
|move|p1a: Chansey|Soft-Boiled|p1a: Chansey
|-heal|p1a: Chansey|703\/703 par
|
|turn|19
|choice|move 4|move 4
|
|move|p2a: Alakazam|Reflect|p2a: Alakazam
|-start|p2a: Alakazam|Reflect
|cant|p1a: Chansey|par
|
|turn|20
|choice|switch 3|move 4
|
|switch|p1a: Jynx|Jynx|333\/333
|move|p2a: Alakazam|Reflect|p2a: Alakazam
|-fail|p2a: Alakazam
|
|turn|21
|choice|switch 2|move 3
|
|switch|p1a: Exeggutor|Exeggutor|99\/393 par
|move|p2a: Alakazam|Thunder Wave|p1a: Exeggutor
|-fail|p1a: Exeggutor|par
|
|turn|22
|choice|move 4|move 1
|
|move|p2a: Alakazam|Psychic|p1a: Exeggutor
|-resisted|p1a: Exeggutor
|-damage|p1a: Exeggutor|46\/393 par
|move|p1a: Exeggutor|Rest|p1a: Exeggutor
|-status|p1a: Exeggutor|slp
|-heal|p1a: Exeggutor|393\/393 slp|[silent]
|-status|p1a: Exeggutor|slp|[from] move: Rest
|
|turn|23
|choice|move 1|switch 6
|
|switch|p2a: Tauros|Tauros|353\/353
|cant|p1a: Exeggutor|slp
|
|turn|24
|choice|switch 4|move 3
|
|switch|p1a: Slowbro|Slowbro|393\/393
|move|p2a: Tauros|Blizzard|p1a: Slowbro
|-resisted|p1a: Slowbro
|-damage|p1a: Slowbro|349\/393
|
|turn|25
|choice|move 2|move 2
|
|move|p2a: Tauros|Body Slam|p1a: Slowbro
|-damage|p1a: Slowbro|247\/393
|move|p1a: Slowbro|Amnesia|p1a: Slowbro
|-boost|p1a: Slowbro|spd|2
|-boost|p1a: Slowbro|spa|2
|
|turn|26
|choice|move 1|move 1
|
|move|p2a: Tauros|Hyper Beam|p1a: Slowbro
|-damage|p1a: Slowbro|74\/393
|move|p1a: Slowbro|Surf|p2a: Tauros
|-damage|p2a: Tauros|121\/353
|
|turn|27
|-mustrecharge|p2a: Tauros
|-mustrecharge|p2a: Tauros
|choice|move 1|move 1
|
|cant|p2a: Tauros|recharge
|move|p1a: Slowbro|Surf|p2a: Tauros
|-damage|p2a: Tauros|0 fnt
|faint|p2a: Tauros
|choice||switch 5
|
|switch|p2a: Chansey|Chansey|703\/703
|turn|28
|choice|switch 3|move 3
|
|switch|p1a: Chansey|Chansey|703\/703 par
|move|p2a: Chansey|Ice Beam|p1a: Chansey
|-damage|p1a: Chansey|628\/703 par
|
|turn|29
|choice|move 1|move 4
|
|move|p2a: Chansey|Thunderbolt|p1a: Chansey
|-damage|p1a: Chansey|552\/703 par
|move|p1a: Chansey|Ice Beam|p2a: Chansey
|-damage|p2a: Chansey|630\/703
|
|turn|30
|choice|move 1|switch 6
|
|switch|p2a: Alakazam|Alakazam|313\/313
|move|p1a: Chansey|Ice Beam|p2a: Alakazam
|-damage|p2a: Alakazam|245\/313
|
|turn|31
|choice|switch 4|move 1
|
|switch|p1a: Exeggutor|Exeggutor|393\/393 slp
|move|p2a: Alakazam|Psychic|p1a: Exeggutor
|-resisted|p1a: Exeggutor
|-damage|p1a: Exeggutor|339\/393 slp
|
|turn|32
|choice|move 1|switch 2
|
|switch|p2a: Snorlax|Snorlax|523\/523 par
|-curestatus|p1a: Exeggutor|slp
|
|turn|33
|choice|move 1|move 3
|
|move|p1a: Exeggutor|Psychic|p2a: Snorlax
|-damage|p2a: Snorlax|369\/523 par
|-unboost|p2a: Snorlax|spd|1
|-unboost|p2a: Snorlax|spa|1
|move|p2a: Snorlax|Earthquake|p1a: Exeggutor
|-crit|p1a: Exeggutor
|-resisted|p1a: Exeggutor
|-damage|p1a: Exeggutor|248\/393
|
|turn|34
|choice|move 1|move 1
|
|move|p1a: Exeggutor|Psychic|p2a: Snorlax
|-damage|p2a: Snorlax|135\/523 par
|-unboost|p2a: Snorlax|spd|1
|-unboost|p2a: Snorlax|spa|1
|cant|p2a: Snorlax|par
|
|turn|35
|choice|move 1|move 4
|
|move|p1a: Exeggutor|Psychic|p2a: Snorlax
|-damage|p2a: Snorlax|0 fnt
|faint|p2a: Snorlax
|choice||switch 6
|
|switch|p2a: Chansey|Chansey|630\/703
|turn|36
|choice|switch 4|switch 3
|
|switch|p1a: Chansey|Chansey|552\/703 par
|switch|p2a: Exeggutor|Exeggutor|393\/393
|
|turn|37
|choice|switch 3|move 3
|
|switch|p1a: Slowbro|Slowbro|74\/393
|move|p2a: Exeggutor|Psychic|p1a: Slowbro
|-resisted|p1a: Slowbro
|-damage|p1a: Slowbro|0 fnt
|faint|p1a: Slowbro
|choice|switch 2|
|
|switch|p1a: Jynx|Jynx|333\/333
|turn|38
|choice|move 4|move 3
|
|move|p1a: Jynx|Lovely Kiss|p2a: Exeggutor
|-status|p2a: Exeggutor|slp
|cant|p2a: Exeggutor|slp
|
|turn|39
|choice|move 1|move 3
|
|move|p1a: Jynx|Ice Beam|p2a: Exeggutor
|-supereffective|p2a: Exeggutor
|-damage|p2a: Exeggutor|218\/393 slp
|-curestatus|p2a: Exeggutor|slp
|
|turn|40
|choice|switch 5|switch 3
|
|switch|p1a: Golem|Golem|363\/363
|switch|p2a: Chansey|Chansey|630\/703
|
|turn|41
|choice|switch 3|move 3
|
|switch|p1a: Chansey|Chansey|552\/703 par
|move|p2a: Chansey|Ice Beam|p1a: Chansey
|-damage|p1a: Chansey|477\/703 par
|
|turn|42
|choice|move 1|switch 3
|
|switch|p2a: Exeggutor|Exeggutor|218\/393
|move|p1a: Chansey|Ice Beam|p2a: Exeggutor
|-supereffective|p2a: Exeggutor
|-damage|p2a: Exeggutor|85\/393
|
|turn|43
|choice|switch 3|move 2
|
|switch|p1a: Golem|Golem|363\/363
|move|p2a: Exeggutor|Explosion|p1a: Golem
|-resisted|p1a: Golem
|-damage|p1a: Golem|260\/363
|faint|p2a: Exeggutor
|-message|hjfjyfyg forfeited.
|
|win|Abstrix
|player|p1
|player|p2
|l|hjfjyfyg
|raw|Abstrix's rating: 1159 &rarr; <strong>1174<\/strong><br \/>(+15 for winning)
|raw|hjfjyfyg's rating: 1000 &rarr; <strong>1000<\/strong><br \/>(+0 for losing)