|join|Le Austin
|join|kid gf lol
|player|p1|Le Austin|165
|player|p2|kid gf lol|138
|gametype|singles
|gen|1
|tier|[Gen 1] OU (beta)
|rated
|rule|Sleep Clause Mod: Limit one foe put to sleep
|rule|Species Clause: Limit one of each Pokémon
|rule|OHKO Clause: OHKO moves are banned
|rule|Evasion Moves Clause: Evasion moves are banned
|rule|HP Percentage Mod: HP is shown in percentages
|
|start
|switch|p1a: Jynx|Jynx|333\/333
|switch|p2a: Starmie|Starmie|323\/323
|turn|1
|
|move|p2a: Starmie|Thunder Wave|p1a: Jynx
|-status|p1a: Jynx|par
|move|p1a: Jynx|Lovely Kiss|p2a: Starmie
|-status|p2a: Starmie|slp
|
|turn|2
|
|switch|p2a: Cloyster|Cloyster|303\/303
|move|p1a: Jynx|Blizzard|p2a: Cloyster|[miss]
|-miss|p1a: Jynx
|
|turn|3
|
|switch|p1a: Cloyster|Cloyster|303\/303
|move|p2a: Cloyster|Clamp|p1a: Cloyster
|-crit|p1a: Cloyster
|-resisted|p1a: Cloyster
|-damage|p1a: Cloyster|262\/303
|-activate|p1a: Cloyster|move: Clamp|[of] p2a: Cloyster
|
|turn|4
|
|cant|p1a: Cloyster|partiallytrapped
|move|p2a: Cloyster|Clamp|p1a: Cloyster
|-damage|p1a: Cloyster|221\/303
|
|turn|5
|
|move|p2a: Cloyster|Clamp|p1a: Cloyster
|-damage|p1a: Cloyster|180\/303
|cant|p1a: Cloyster|partiallytrapped
|
|turn|6
|
|move|p2a: Cloyster|Clamp|p1a: Cloyster
|-damage|p1a: Cloyster|139\/303
|cant|p1a: Cloyster|partiallytrapped
|
|turn|7
|c|★Le Austin|Never did 5 hits with clamp
|
|switch|p2a: Nidoqueen|Nidoqueen|383\/383
|cant|p1a: Cloyster|partiallytrapped
|
|-end|p1a: Cloyster|Clamp|[partiallytrapped]
|turn|8
|c|★kid gf lol|aww yeeaa
|
|switch|p1a: Chansey|Chansey|703\/703
|move|p2a: Nidoqueen|Thunder|p1a: Chansey|[miss]
|-miss|p2a: Nidoqueen
|
|turn|9
|
|switch|p2a: Cloyster|Cloyster|303\/303
|move|p1a: Chansey|Ice Beam|p2a: Cloyster
|-crit|p2a: Cloyster
|-resisted|p2a: Cloyster
|-damage|p2a: Cloyster|263\/303
|
|turn|10
|
|switch|p2a: Chansey|Chansey|703\/703
|move|p1a: Chansey|Thunderbolt|p2a: Chansey
|-damage|p2a: Chansey|631\/703
|
|turn|11
|
|switch|p2a: Cloyster|Cloyster|263\/303
|move|p1a: Chansey|Ice Beam|p2a: Cloyster
|-resisted|p2a: Cloyster
|-damage|p2a: Cloyster|242\/303
|
|turn|12
|
|move|p2a: Cloyster|Clamp|p1a: Chansey
|-crit|p1a: Chansey
|-damage|p1a: Chansey|631\/703
|-activate|p1a: Chansey|move: Clamp|[of] p2a: Cloyster
|cant|p1a: Chansey|partiallytrapped
|
|turn|13
|
|move|p2a: Cloyster|Clamp|p1a: Chansey
|-damage|p1a: Chansey|559\/703
|cant|p1a: Chansey|partiallytrapped
|
|turn|14
|
|move|p2a: Cloyster|Clamp|p1a: Chansey
|-damage|p1a: Chansey|487\/703
|cant|p1a: Chansey|partiallytrapped
|
|-end|p1a: Chansey|Clamp|[partiallytrapped]
|turn|15
|
|switch|p2a: Chansey|Chansey|631\/703
|move|p1a: Chansey|Thunderbolt|p2a: Chansey
|-damage|p2a: Chansey|552\/703
|
|turn|16
|
|move|p2a: Chansey|Ice Beam|p1a: Chansey
|-damage|p1a: Chansey|415\/703
|move|p1a: Chansey|Soft-Boiled|p1a: Chansey
|-heal|p1a: Chansey|703\/703
|
|turn|17
|
|switch|p2a: Cloyster|Cloyster|242\/303
|move|p1a: Chansey|Ice Beam|p2a: Cloyster
|-resisted|p2a: Cloyster
|-damage|p2a: Cloyster|221\/303
|
|turn|18
|
|move|p2a: Cloyster|Clamp|p1a: Chansey
|-damage|p1a: Chansey|664\/703
|-activate|p1a: Chansey|move: Clamp|[of] p2a: Cloyster
|cant|p1a: Chansey|partiallytrapped
|
|turn|19
|
|move|p2a: Cloyster|Clamp|p1a: Chansey
|-damage|p1a: Chansey|625\/703
|cant|p1a: Chansey|partiallytrapped
|
|turn|20
|
|move|p2a: Cloyster|Clamp|p1a: Chansey
|-damage|p1a: Chansey|586\/703
|cant|p1a: Chansey|partiallytrapped
|
|turn|21
|c|★Le Austin|they fixed it finally ?
|
|switch|p2a: Victreebell|Victreebel|363\/363
|cant|p1a: Chansey|partiallytrapped
|
|-end|p1a: Chansey|Clamp|[partiallytrapped]
|turn|22
|
|move|p2a: Victreebell|Sleep Powder|p1a: Chansey
|-status|p1a: Chansey|slp
|cant|p1a: Chansey|slp
|
|turn|23
|
|switch|p2a: Cloyster|Cloyster|221\/303
|cant|p1a: Chansey|slp
|
|turn|24
|
|move|p2a: Cloyster|Blizzard|p1a: Chansey
|-damage|p1a: Chansey|467\/703 slp
|cant|p1a: Chansey|slp
|
|turn|25
|
|switch|p2a: Victreebell|Victreebel|363\/363
|cant|p1a: Chansey|slp
|
|turn|26
|
|move|p2a: Victreebell|Razor Leaf|p1a: Chansey
|-crit|p1a: Chansey
|-damage|p1a: Chansey|334\/703 slp
|cant|p1a: Chansey|slp
|-curestatus|p1a: Chansey|slp
|
|turn|27
|
|switch|p1a: Jynx|Jynx|333\/333 par
|move|p2a: Victreebell|Sleep Powder|p1a: Jynx
|-fail|p1a: Jynx
|
|turn|28
|
|switch|p2a: Chansey|Chansey|552\/703
|move|p1a: Jynx|Psychic|p2a: Chansey
|-damage|p2a: Chansey|459\/703
|
|turn|29
|
|move|p2a: Chansey|Thunderbolt|p1a: Jynx
|-damage|p1a: Jynx|246\/333 par
|move|p1a: Jynx|Psychic|p2a: Chansey
|-damage|p2a: Chansey|353\/703
|
|turn|30
|
|switch|p1a: Cloyster|Cloyster|139\/303
|move|p2a: Chansey|Soft-Boiled|p2a: Chansey
|-heal|p2a: Chansey|703\/703
|
|turn|31
|
|switch|p2a: Cloyster|Cloyster|221\/303
|move|p1a: Cloyster|Clamp|p2a: Cloyster
|-resisted|p2a: Cloyster
|-damage|p2a: Cloyster|200\/303
|-activate|p2a: Cloyster|move: Clamp|[of] p1a: Cloyster
|
|turn|32
|
|move|p1a: Cloyster|Clamp|p2a: Cloyster
|-damage|p2a: Cloyster|179\/303
|cant|p2a: Cloyster|partiallytrapped
|
|turn|33
|c|★Le Austin|k they didn't
|
|cant|p2a: Cloyster|partiallytrapped
|move|p1a: Cloyster|Clamp|p2a: Cloyster
|-damage|p2a: Cloyster|158\/303
|
|-end|p2a: Cloyster|Clamp|[partiallytrapped]
|turn|34
|
|move|p1a: Cloyster|Clamp|p2a: Cloyster
|-resisted|p2a: Cloyster
|-damage|p2a: Cloyster|138\/303
|-activate|p2a: Cloyster|move: Clamp|[of] p1a: Cloyster
|cant|p2a: Cloyster|partiallytrapped
|
|turn|35
|
|move|p1a: Cloyster|Clamp|p2a: Cloyster
|-damage|p2a: Cloyster|118\/303
|cant|p2a: Cloyster|partiallytrapped
|
|turn|36
|
|move|p1a: Cloyster|Clamp|p2a: Cloyster
|-damage|p2a: Cloyster|98\/303
|cant|p2a: Cloyster|partiallytrapped
|
|-end|p2a: Cloyster|Clamp|[partiallytrapped]
|turn|37
|
|move|p1a: Cloyster|Clamp|p2a: Cloyster|[miss]
|-miss|p1a: Cloyster
|move|p2a: Cloyster|Explosion|p1a: Cloyster
|-damage|p1a: Cloyster|0 fnt
|faint|p1a: Cloyster
|faint|p2a: Cloyster
|
|switch|p2a: Victreebell|Victreebel|363\/363
|switch|p1a: Exeggutor|Exeggutor|393\/393
|turn|38
|
|move|p2a: Victreebell|Sleep Powder|p1a: Exeggutor
|-status|p1a: Exeggutor|slp
|cant|p1a: Exeggutor|slp
|
|turn|39
|
|switch|p2a: Nidoqueen|Nidoqueen|383\/383
|cant|p1a: Exeggutor|slp
|
|turn|40
|
|switch|p1a: Snorlax|Snorlax|523\/523
|move|p2a: Nidoqueen|Blizzard|p1a: Snorlax|[miss]
|-miss|p2a: Nidoqueen
|
|turn|41
|
|switch|p2a: Victreebell|Victreebel|363\/363
|move|p1a: Snorlax|Earthquake|p2a: Victreebell
|-damage|p2a: Victreebell|262\/363
|
|turn|42
|
|move|p2a: Victreebell|Wrap|p1a: Snorlax
|-damage|p1a: Snorlax|506\/523
|-activate|p1a: Snorlax|move: Wrap|[of] p2a: Victreebell
|cant|p1a: Snorlax|partiallytrapped
|
|turn|43
|
|move|p2a: Victreebell|Wrap|p1a: Snorlax
|-damage|p1a: Snorlax|489\/523
|cant|p1a: Snorlax|partiallytrapped
|
|-end|p1a: Snorlax|Wrap|[partiallytrapped]
|turn|44
|
|move|p2a: Victreebell|Wrap|p1a: Snorlax
|-damage|p1a: Snorlax|473\/523
|-activate|p1a: Snorlax|move: Wrap|[of] p2a: Victreebell
|cant|p1a: Snorlax|partiallytrapped
|
|turn|45
|
|move|p2a: Victreebell|Wrap|p1a: Snorlax
|-damage|p1a: Snorlax|457\/523
|cant|p1a: Snorlax|partiallytrapped
|
|-end|p1a: Snorlax|Wrap|[partiallytrapped]
|turn|46
|
|move|p2a: Victreebell|Wrap|p1a: Snorlax
|-damage|p1a: Snorlax|441\/523
|-activate|p1a: Snorlax|move: Wrap|[of] p2a: Victreebell
|cant|p1a: Snorlax|partiallytrapped
|
|turn|47
|
|move|p2a: Victreebell|Wrap|p1a: Snorlax
|-damage|p1a: Snorlax|425\/523
|cant|p1a: Snorlax|partiallytrapped
|
|turn|48
|
|move|p2a: Victreebell|Wrap|p1a: Snorlax
|-damage|p1a: Snorlax|409\/523
|cant|p1a: Snorlax|partiallytrapped
|
|turn|49
|
|move|p2a: Victreebell|Wrap|p1a: Snorlax
|-damage|p1a: Snorlax|393\/523
|cant|p1a: Snorlax|partiallytrapped
|
|turn|50
|
|move|p2a: Victreebell|Wrap|p1a: Snorlax
|-damage|p1a: Snorlax|377\/523
|cant|p1a: Snorlax|partiallytrapped
|
|-end|p1a: Snorlax|Wrap|[partiallytrapped]
|turn|51
|
|move|p2a: Victreebell|Wrap|p1a: Snorlax
|-crit|p1a: Snorlax
|-damage|p1a: Snorlax|339\/523
|-activate|p1a: Snorlax|move: Wrap|[of] p2a: Victreebell
|cant|p1a: Snorlax|partiallytrapped
|
|turn|52
|
|switch|p1a: Tauros|Tauros|353\/353
|move|p2a: Victreebell|Wrap|p1a: Tauros
|-damage|p1a: Tauros|339\/353
|-activate|p1a: Tauros|move: Wrap|[of] p2a: Victreebell
|
|turn|53
|
|cant|p1a: Tauros|partiallytrapped
|move|p2a: Victreebell|Wrap|p1a: Tauros
|-damage|p1a: Tauros|301\/353
|
|turn|54
|
|cant|p1a: Tauros|partiallytrapped
|move|p2a: Victreebell|Wrap|p1a: Tauros
|-damage|p1a: Tauros|263\/353
|
|turn|55
|
|cant|p1a: Tauros|partiallytrapped
|move|p2a: Victreebell|Wrap|p1a: Tauros
|-damage|p1a: Tauros|225\/353
|
|turn|56
|
|cant|p1a: Tauros|partiallytrapped
|move|p2a: Victreebell|Wrap|p1a: Tauros
|-damage|p1a: Tauros|187\/353
|
|-end|p1a: Tauros|Wrap|[partiallytrapped]
|turn|57
|
|move|p1a: Tauros|Body Slam|p2a: Victreebell
|-damage|p2a: Victreebell|140\/363
|-status|p2a: Victreebell|par
|move|p2a: Victreebell|Stun Spore|p1a: Tauros
|-status|p1a: Tauros|par
|
|turn|58
|
|move|p1a: Tauros|Body Slam|p2a: Victreebell
|-damage|p2a: Victreebell|4\/363 par
|move|p2a: Victreebell|Razor Leaf|p1a: Tauros
|-crit|p1a: Tauros
|-damage|p1a: Tauros|34\/353 par
|
|turn|59
|
|move|p1a: Tauros|Body Slam|p2a: Victreebell
|-damage|p2a: Victreebell|0 fnt
|faint|p2a: Victreebell
|
|switch|p2a: Dragonite|Dragonite|385\/385
|turn|60
|
|move|p2a: Dragonite|Surf|p1a: Tauros
|-damage|p1a: Tauros|0 fnt
|faint|p1a: Tauros
|
|switch|p1a: Snorlax|Snorlax|339\/523
|turn|61
|
|move|p2a: Dragonite|Wrap|p1a: Snorlax
|-damage|p1a: Snorlax|320\/523
|-activate|p1a: Snorlax|move: Wrap|[of] p2a: Dragonite
|cant|p1a: Snorlax|partiallytrapped
|
|turn|62
|
|switch|p1a: Exeggutor|Exeggutor|393\/393 slp
|move|p2a: Dragonite|Wrap|p1a: Exeggutor
|-damage|p1a: Exeggutor|376\/393 slp
|-activate|p1a: Exeggutor|move: Wrap|[of] p2a: Dragonite
|
|turn|63
|
|switch|p2a: Nidoqueen|Nidoqueen|383\/383
|cant|p1a: Exeggutor|slp
|
|-end|p1a: Exeggutor|Wrap|[partiallytrapped]
|turn|64
|
|switch|p1a: Jynx|Jynx|246\/333 par
|move|p2a: Nidoqueen|Blizzard|p1a: Jynx
|-resisted|p1a: Jynx
|-damage|p1a: Jynx|209\/333 par
|
|turn|65
|
|switch|p2a: Chansey|Chansey|703\/703
|move|p1a: Jynx|Blizzard|p2a: Chansey
|-damage|p2a: Chansey|570\/703
|
|turn|66
|
|switch|p1a: Chansey|Chansey|334\/703
|move|p2a: Chansey|Thunderbolt|p1a: Chansey
|-damage|p1a: Chansey|262\/703
|
|turn|67
|
|switch|p2a: Dragonite|Dragonite|385\/385
|move|p1a: Chansey|Soft-Boiled|p1a: Chansey
|-heal|p1a: Chansey|613\/703
|
|turn|68
|
|switch|p2a: Chansey|Chansey|570\/703
|move|p1a: Chansey|Ice Beam|p2a: Chansey
|-damage|p2a: Chansey|490\/703
|
|turn|69
|
|move|p1a: Chansey|Ice Beam|p2a: Chansey
|-damage|p2a: Chansey|414\/703
|move|p2a: Chansey|Ice Beam|p1a: Chansey
|-damage|p1a: Chansey|539\/703
|
|turn|70
|
|move|p1a: Chansey|Ice Beam|p2a: Chansey
|-damage|p2a: Chansey|338\/703
|move|p2a: Chansey|Ice Beam|p1a: Chansey
|-damage|p1a: Chansey|467\/703
|
|turn|71
|
|move|p2a: Chansey|Soft-Boiled|p2a: Chansey
|-heal|p2a: Chansey|689\/703
|move|p1a: Chansey|Soft-Boiled|p1a: Chansey
|-heal|p1a: Chansey|703\/703
|
|turn|72
|
|switch|p1a: Jynx|Jynx|209\/333 par
|move|p2a: Chansey|Ice Beam|p1a: Jynx
|-resisted|p1a: Jynx
|-damage|p1a: Jynx|171\/333 par
|
|turn|73
|
|move|p2a: Chansey|Thunderbolt|p1a: Jynx
|-damage|p1a: Jynx|96\/333 par
|cant|p1a: Jynx|par
|
|turn|74
|
|move|p2a: Chansey|Thunderbolt|p1a: Jynx
|-damage|p1a: Jynx|10\/333 par
|move|p1a: Jynx|Blizzard|p2a: Chansey
|-damage|p2a: Chansey|551\/703
|
|turn|75
|
|switch|p1a: Chansey|Chansey|703\/703
|move|p2a: Chansey|Thunderbolt|p1a: Chansey
|-damage|p1a: Chansey|627\/703
|
|turn|76
|
|move|p2a: Chansey|Ice Beam|p1a: Chansey
|-damage|p1a: Chansey|554\/703
|move|p1a: Chansey|Ice Beam|p2a: Chansey
|-damage|p2a: Chansey|481\/703
|
|turn|77
|
|move|p2a: Chansey|Ice Beam|p1a: Chansey
|-crit|p1a: Chansey
|-damage|p1a: Chansey|394\/703
|move|p1a: Chansey|Ice Beam|p2a: Chansey
|-damage|p2a: Chansey|409\/703
|-status|p2a: Chansey|frz
|
|turn|78
|join|amaniania
|
|switch|p2a: Dragonite|Dragonite|385\/385
|move|p1a: Chansey|Ice Beam|p2a: Dragonite
|-crit|p2a: Dragonite
|-supereffective|p2a: Dragonite
|-damage|p2a: Dragonite|0 fnt
|faint|p2a: Dragonite
|c| amaniania|looooooooooooooooooooooooooooooooooooooooooooooooooooooooooooooooooooooool
|c| amaniania|I come in
|c| amaniania|and I see that
|c| amaniania|poor kid lol
|
|switch|p2a: Nidoqueen|Nidoqueen|383\/383
|turn|79
|
|move|p2a: Nidoqueen|Earthquake|p1a: Chansey
|-damage|p1a: Chansey|94\/703
|move|p1a: Chansey|Soft-Boiled|p1a: Chansey
|-heal|p1a: Chansey|445\/703
|
|turn|80
|
|move|p2a: Nidoqueen|Earthquake|p1a: Chansey
|-damage|p1a: Chansey|157\/703
|move|p1a: Chansey|Soft-Boiled|p1a: Chansey
|-heal|p1a: Chansey|508\/703
|
|turn|81
|
|move|p2a: Nidoqueen|Earthquake|p1a: Chansey
|-damage|p1a: Chansey|235\/703
|move|p1a: Chansey|Soft-Boiled|p1a: Chansey
|-heal|p1a: Chansey|586\/703
|
|turn|82
|
|move|p2a: Nidoqueen|Earthquake|p1a: Chansey
|-damage|p1a: Chansey|310\/703
|move|p1a: Chansey|Soft-Boiled|p1a: Chansey
|-heal|p1a: Chansey|661\/703
|
|turn|83
|
|move|p2a: Nidoqueen|Earthquake|p1a: Chansey
|-crit|p1a: Chansey
|-damage|p1a: Chansey|96\/703
|move|p1a: Chansey|Soft-Boiled|p1a: Chansey
|-heal|p1a: Chansey|447\/703
|
|turn|84
|
|move|p2a: Nidoqueen|Earthquake|p1a: Chansey
|-damage|p1a: Chansey|147\/703
|move|p1a: Chansey|Soft-Boiled|p1a: Chansey
|-heal|p1a: Chansey|498\/703
|
|turn|85
|
|move|p2a: Nidoqueen|Earthquake|p1a: Chansey
|-crit|p1a: Chansey
|-damage|p1a: Chansey|0 fnt
|faint|p1a: Chansey
|
|switch|p1a: Snorlax|Snorlax|320\/523
|turn|86
|leave|amaniania
|
|switch|p1a: Jynx|Jynx|10\/333 par
|move|p2a: Nidoqueen|Blizzard|p1a: Jynx
|-crit|p1a: Jynx
|-resisted|p1a: Jynx
|-damage|p1a: Jynx|0 fnt
|faint|p1a: Jynx
|
|switch|p1a: Snorlax|Snorlax|320\/523
|turn|87
|
|move|p2a: Nidoqueen|Earthquake|p1a: Snorlax
|-damage|p1a: Snorlax|176\/523
|move|p1a: Snorlax|Body Slam|p2a: Nidoqueen
|-damage|p2a: Nidoqueen|268\/383
|
|turn|88
|
|move|p2a: Nidoqueen|Earthquake|p1a: Snorlax
|-damage|p1a: Snorlax|32\/523
|move|p1a: Snorlax|Self-Destruct|p2a: Nidoqueen
|-damage|p2a: Nidoqueen|0 fnt
|faint|p2a: Nidoqueen
|faint|p1a: Snorlax
|
|switch|p2a: Starmie|Starmie|323\/323 slp
|switch|p1a: Exeggutor|Exeggutor|376\/393 slp
|turn|89
|
|cant|p2a: Starmie|slp
|cant|p1a: Exeggutor|slp
|
|turn|90
|
|cant|p2a: Starmie|slp
|-curestatus|p2a: Starmie|slp
|cant|p1a: Exeggutor|slp
|-curestatus|p1a: Exeggutor|slp
|
|turn|91
|
|move|p2a: Starmie|Thunder Wave|p1a: Exeggutor
|-status|p1a: Exeggutor|par
|move|p1a: Exeggutor|Sleep Powder|p2a: Starmie
|-status|p2a: Starmie|slp
|
|turn|92
|
|cant|p2a: Starmie|slp
|cant|p1a: Exeggutor|par
|
|turn|93
|
|cant|p2a: Starmie|slp
|cant|p1a: Exeggutor|par
|
|turn|94
|
|cant|p2a: Starmie|slp
|-curestatus|p2a: Starmie|slp
|cant|p1a: Exeggutor|par
|
|turn|95
|c|★Le Austin|lol
|c|★Le Austin|more lucky
|
|move|p2a: Starmie|Psychic|p1a: Exeggutor
|-resisted|p1a: Exeggutor
|-damage|p1a: Exeggutor|329\/393 par
|move|p1a: Exeggutor|Sleep Powder|p2a: Starmie|[miss]
|-miss|p1a: Exeggutor
|
|turn|96
|
|move|p2a: Starmie|Psychic|p1a: Exeggutor
|-resisted|p1a: Exeggutor
|-damage|p1a: Exeggutor|286\/393 par
|-unboost|p1a: Exeggutor|spd|1
|-unboost|p1a: Exeggutor|spa|1
|move|p1a: Exeggutor|Sleep Powder|p2a: Starmie
|-status|p2a: Starmie|slp
|
|turn|97
|
|cant|p2a: Starmie|slp
|move|p1a: Exeggutor|Psychic|p2a: Starmie
|-resisted|p2a: Starmie
|-damage|p2a: Starmie|278\/323 slp
|-unboost|p2a: Starmie|spd|1
|-unboost|p2a: Starmie|spa|1
|
|turn|98
|
|cant|p2a: Starmie|slp
|move|p1a: Exeggutor|Psychic|p2a: Starmie
|-resisted|p2a: Starmie
|-damage|p2a: Starmie|217\/323 slp
|
|turn|99
|
|cant|p2a: Starmie|slp
|move|p1a: Exeggutor|Sleep Powder|p2a: Starmie|[miss]
|-miss|p1a: Exeggutor
|
|turn|100
|
|cant|p2a: Starmie|slp
|-curestatus|p2a: Starmie|slp
|move|p1a: Exeggutor|Sleep Powder|p2a: Starmie
|-status|p2a: Starmie|slp
|
|turn|101
|
|cant|p2a: Starmie|slp
|move|p1a: Exeggutor|Psychic|p2a: Starmie
|-resisted|p2a: Starmie
|-damage|p2a: Starmie|154\/323 slp
|
|turn|102
|
|cant|p2a: Starmie|slp
|move|p1a: Exeggutor|Psychic|p2a: Starmie
|-resisted|p2a: Starmie
|-damage|p2a: Starmie|97\/323 slp
|
|turn|103
|
|cant|p2a: Starmie|slp
|move|p1a: Exeggutor|Sleep Powder|p2a: Starmie|[miss]
|-miss|p1a: Exeggutor
|
|turn|104
|
|cant|p2a: Starmie|slp
|move|p1a: Exeggutor|Sleep Powder|p2a: Starmie
|-fail|p2a: Starmie|slp
|
|turn|105
|
|cant|p2a: Starmie|slp
|-curestatus|p2a: Starmie|slp
|move|p1a: Exeggutor|Sleep Powder|p2a: Starmie|[miss]
|-miss|p1a: Exeggutor
|
|turn|106
|c|★Le Austin|lol
|
|move|p2a: Starmie|Recover|p2a: Starmie
|-heal|p2a: Starmie|258\/323
|move|p1a: Exeggutor|Sleep Powder|p2a: Starmie|[miss]
|-miss|p1a: Exeggutor
|
|turn|107
|c|★Le Austin|lol
|
|move|p2a: Starmie|Psychic|p1a: Exeggutor
|-resisted|p1a: Exeggutor
|-damage|p1a: Exeggutor|238\/393 par
|move|p1a: Exeggutor|Sleep Powder|p2a: Starmie
|-status|p2a: Starmie|slp
|
|turn|108
|
|cant|p2a: Starmie|slp
|move|p1a: Exeggutor|Psychic|p2a: Starmie
|-resisted|p2a: Starmie
|-damage|p2a: Starmie|199\/323 slp
|-unboost|p2a: Starmie|spd|1
|-unboost|p2a: Starmie|spa|1
|
|turn|109
|
|cant|p2a: Starmie|slp
|-curestatus|p2a: Starmie|slp
|move|p1a: Exeggutor|Psychic|p2a: Starmie
|-crit|p2a: Starmie
|-resisted|p2a: Starmie
|-damage|p2a: Starmie|75\/323
|
|turn|110
|
|move|p2a: Starmie|Recover|p2a: Starmie
|-heal|p2a: Starmie|236\/323
|cant|p1a: Exeggutor|par
|
|turn|111
|
|move|p2a: Starmie|Psychic|p1a: Exeggutor
|-resisted|p1a: Exeggutor
|-damage|p1a: Exeggutor|205\/393 par
|move|p1a: Exeggutor|Sleep Powder|p2a: Starmie
|-status|p2a: Starmie|slp
|
|turn|112
|
|cant|p2a: Starmie|slp
|move|p1a: Exeggutor|Psychic|p2a: Starmie
|-resisted|p2a: Starmie
|-damage|p2a: Starmie|149\/323 slp
|-unboost|p2a: Starmie|spd|1
|-unboost|p2a: Starmie|spa|1
|
|turn|113
|
|cant|p2a: Starmie|slp
|move|p1a: Exeggutor|Psychic|p2a: Starmie
|-resisted|p2a: Starmie
|-damage|p2a: Starmie|50\/323 slp
|-unboost|p2a: Starmie|spd|1
|-unboost|p2a: Starmie|spa|1
|
|turn|114
|c|★kid gf lol|wtf i didnt do that
|
|switch|p2a: Chansey|Chansey|409\/703 frz
|move|p1a: Exeggutor|Psychic|p2a: Chansey
|-damage|p2a: Chansey|326\/703 frz
|
|turn|115
|c|★kid gf lol|i switched out
|c|★kid gf lol|w\/e
|c|★Le Austin|Why didn't you do it when you got the drop?
|
|cant|p2a: Chansey|frz
|move|p1a: Exeggutor|Psychic|p2a: Chansey
|-damage|p2a: Chansey|248\/703 frz
|
|turn|116
|
|cant|p2a: Chansey|frz
|move|p1a: Exeggutor|Psychic|p2a: Chansey
|-crit|p2a: Chansey
|-damage|p2a: Chansey|0 fnt
|faint|p2a: Chansey
|
|switch|p2a: Starmie|Starmie|50\/323 slp
|turn|117
|
|cant|p2a: Starmie|slp
|-curestatus|p2a: Starmie|slp
|move|p1a: Exeggutor|Psychic|p2a: Starmie
|-resisted|p2a: Starmie
|-damage|p2a: Starmie|7\/323
|
|turn|118
|c|★Le Austin|LOL
|
|move|p2a: Starmie|Recover|p2a: Starmie
|-heal|p2a: Starmie|168\/323
|move|p1a: Exeggutor|Explosion|p2a: Starmie
|-crit|p2a: Starmie
|-damage|p2a: Starmie|0 fnt
|faint|p2a: Starmie
|faint|p1a: Exeggutor
|
|win|Le Austin
|raw|Ladder updating...
|raw|Le Austin's rating: 1345 &rarr; <strong>1372<\/strong><br \/>(+27 for winning)
|raw|kid gf lol's rating: 1471 &rarr; <strong>1444<\/strong><br \/>(-27 for losing)
|leave|kid gf lol
|player|p2