|j|Josetrainer20627
|j|howiam
|player|p1|Josetrainer20627|137
|player|p2|howiam|238
|gametype|singles
|gen|1
|tier|[Gen 1] OU
|rated
|seed|30486,21301,24457,39362
|rule|Sleep Clause Mod: Limit one foe put to sleep
|rule|Freeze Clause Mod: Limit one foe frozen
|rule|Species Clause: Limit one of each Pokémon
|rule|OHKO Clause: OHKO moves are banned
|rule|Evasion Moves Clause: Evasion moves are banned
|rule|HP Percentage Mod: HP is shown in percentages
|
|start
|switch|p1a: Alakazam|Alakazam|313\/313
|switch|p2a: Alakazam|Alakazam|313\/313
|turn|1
|choice|move 2|move 2
|
|move|p2a: Alakazam|Thunder Wave|p1a: Alakazam
|-status|p1a: Alakazam|par
|cant|p1a: Alakazam|par
|
|turn|2
|choice|move 2|switch 4
|
|switch|p2a: Lapras|Lapras|463\/463
|move|p1a: Alakazam|Tri Attack|p2a: Lapras
|-damage|p2a: Lapras|418\/463
|
|turn|3
|choice|switch 2|move 3
|
|switch|p1a: Gengar|Gengar|323\/323
|move|p2a: Lapras|Surf|p1a: Gengar
|-damage|p1a: Gengar|225\/323
|
|turn|4
|choice|move 2|move 1
|
|move|p1a: Gengar|Thunder|p2a: Lapras
|-supereffective|p2a: Lapras
|-damage|p2a: Lapras|186\/463
|move|p2a: Lapras|Blizzard|p1a: Gengar
|-damage|p1a: Gengar|110\/323
|
|turn|5
|choice|move 2|switch 6
|
|switch|p2a: Exeggutor|Exeggutor|393\/393
|move|p1a: Gengar|Thunder|p2a: Exeggutor
|-resisted|p2a: Exeggutor
|-damage|p2a: Exeggutor|345\/393
|
|turn|6
|choice|move 3|move 2
|
|move|p1a: Gengar|Night Shade|p2a: Exeggutor
|-damage|p2a: Exeggutor|245\/393
|move|p2a: Exeggutor|Psychic|p1a: Gengar
|-supereffective|p1a: Gengar
|-damage|p1a: Gengar|0 fnt
|faint|p1a: Gengar
|choice|switch 6|
|
|switch|p1a: Nidoqueen|Nidoqueen|383\/383
|turn|7
|choice|move 3|move 2
|
|move|p1a: Nidoqueen|Ice Beam|p2a: Exeggutor
|-supereffective|p2a: Exeggutor
|-damage|p2a: Exeggutor|141\/393
|move|p2a: Exeggutor|Psychic|p1a: Nidoqueen
|-crit|p1a: Nidoqueen
|-supereffective|p1a: Nidoqueen
|-damage|p1a: Nidoqueen|0 fnt
|faint|p1a: Nidoqueen
|choice|switch 5|
|
|switch|p1a: Kingler|Kingler|313\/313
|turn|8
|choice|move 2|move 1
|
|move|p1a: Kingler|Hyper Beam|p2a: Exeggutor
|-damage|p2a: Exeggutor|0 fnt
|faint|p2a: Exeggutor
|choice||switch 2
|
|switch|p2a: Zapdos|Zapdos|383\/383
|turn|9
|choice|move 2|move 1
|
|move|p2a: Zapdos|Thunderbolt|p1a: Kingler
|-supereffective|p1a: Kingler
|-damage|p1a: Kingler|0 fnt
|faint|p1a: Kingler
|choice|switch 4|
|
|switch|p1a: Tauros|Tauros|353\/353
|turn|10
|choice|move 3|move 3
|
|move|p1a: Tauros|Hyper Beam|p2a: Zapdos
|-damage|p2a: Zapdos|192\/383
|move|p2a: Zapdos|Thunder Wave|p1a: Tauros
|-status|p1a: Tauros|par
|
|turn|11
|-mustrecharge|p1a: Tauros
|-mustrecharge|p1a: Tauros
|choice|move 1|move 1
|
|move|p2a: Zapdos|Thunderbolt|p1a: Tauros
|-crit|p1a: Tauros
|-damage|p1a: Tauros|24\/353 par
|cant|p1a: Tauros|recharge
|
|turn|12
|choice|move 3|move 1
|
|move|p2a: Zapdos|Thunderbolt|p1a: Tauros
|-damage|p1a: Tauros|0 fnt
|faint|p1a: Tauros
|choice|switch 3|
|
|switch|p1a: Golem|Golem|363\/363
|turn|13
|choice|move 3|switch 3
|
|switch|p2a: Chansey|Chansey|703\/703
|move|p1a: Golem|Mega Punch|p2a: Chansey|[miss]
|-miss|p1a: Golem
|
|turn|14
|choice|move 4|move 2
|
|move|p1a: Golem|Mega Kick|p2a: Chansey
|-damage|p2a: Chansey|407\/703
|move|p2a: Chansey|Counter|p1a: Golem
|-damage|p1a: Golem|0 fnt
|faint|p1a: Golem
|choice|switch 2|
|
|switch|p1a: Alakazam|Alakazam|313\/313 par
|turn|15
|choice|move 1|move 1
|
|move|p2a: Chansey|Seismic Toss|p1a: Alakazam
|-damage|p1a: Alakazam|213\/313 par
|move|p1a: Alakazam|Psychic|p2a: Chansey
|-crit|p2a: Chansey
|-damage|p2a: Chansey|172\/703
|
|turn|16
|choice|move 1|move 3
|
|move|p2a: Chansey|Soft-Boiled|p2a: Chansey
|-heal|p2a: Chansey|523\/703
|cant|p1a: Alakazam|par
|
|turn|17
|choice|move 1|move 1
|
|move|p2a: Chansey|Seismic Toss|p1a: Alakazam
|-damage|p1a: Alakazam|113\/313 par
|move|p1a: Alakazam|Psychic|p2a: Chansey
|-damage|p2a: Chansey|393\/703
|
|turn|18
|choice|move 4|move 3
|
|move|p2a: Chansey|Soft-Boiled|p2a: Chansey
|-heal|p2a: Chansey|703\/703
|move|p1a: Alakazam|Rest|p1a: Alakazam
|-status|p1a: Alakazam|slp
|-heal|p1a: Alakazam|313\/313 slp|[silent]
|-status|p1a: Alakazam|slp|[from] move: Rest
|
|turn|19
|choice|move 1|move 1
|
|move|p2a: Chansey|Seismic Toss|p1a: Alakazam
|-damage|p1a: Alakazam|213\/313 slp
|cant|p1a: Alakazam|slp
|
|turn|20
|choice|move 1|move 1
|
|move|p2a: Chansey|Seismic Toss|p1a: Alakazam
|-damage|p1a: Alakazam|113\/313 slp
|-curestatus|p1a: Alakazam|slp
|
|turn|21
|c|★howiam|why don't you use recover over rest?
|choice|move 1|move 1
|
|move|p2a: Chansey|Seismic Toss|p1a: Alakazam
|-damage|p1a: Alakazam|13\/313
|move|p1a: Alakazam|Psychic|p2a: Chansey
|-crit|p2a: Chansey
|-damage|p2a: Chansey|452\/703
|-unboost|p2a: Chansey|spd|1
|-unboost|p2a: Chansey|spa|1
|
|turn|22
|choice|move 1|move 1
|
|move|p2a: Chansey|Seismic Toss|p1a: Alakazam
|-damage|p1a: Alakazam|0 fnt
|faint|p1a: Alakazam
|
|win|howiam
|player|p1
|player|p2
|raw|Josetrainer20627's rating: 1000 &rarr; <strong>1000<\/strong><br \/>(+0 for losing)
|raw|howiam's rating: 1000 &rarr; <strong>1040<\/strong><br \/>(+40 for winning)
|c|★howiam|gg