|j|moelan tha ruler
|j|andrew_andres1
|player|p1|moelan tha ruler|2
|player|p2|andrew_andres1|102
|gametype|singles
|gen|1
|tier|[Gen 1] Random Battle
|rated
|seed|31967,56005,256,43568
|rule|Sleep Clause Mod: Limit one foe put to sleep
|rule|Freeze Clause Mod: Limit one foe frozen
|rule|HP Percentage Mod: HP is shown in percentages
|
|start
|switch|p1a: Magikarp|Magikarp, L99|240\/240
|switch|p2a: Rapidash|Rapidash, L90|300\/300
|turn|1
|c|★andrew_andres1|jajajajajaja
|c|★andrew_andres1|hii my friend :D:D
|choice|move 2|move 3
|
|move|p2a: Rapidash|Body Slam|p1a: Magikarp
|-damage|p1a: Magikarp|161\/240
|move|p1a: Magikarp|Dragon Rage|p2a: Rapidash
|-damage|p2a: Rapidash|260\/300
|
|turn|2
|choice|move 2|switch 4
|
|switch|p2a: Charmeleon|Charmeleon, L85|272\/272
|move|p1a: Magikarp|Dragon Rage|p2a: Charmeleon
|-damage|p2a: Charmeleon|232\/272
|
|turn|3
|choice|move 2|move 2
|
|move|p1a: Magikarp|Dragon Rage|p2a: Charmeleon
|-damage|p2a: Charmeleon|192\/272
|move|p2a: Charmeleon|Substitute|p2a: Charmeleon
|-start|p2a: Charmeleon|Substitute
|-damage|p2a: Charmeleon|124\/272
|
|turn|4
|choice|move 2|move 1
|
|move|p1a: Magikarp|Dragon Rage|p2a: Charmeleon
|-activate|p2a: Charmeleon|Substitute|[damage]
|move|p2a: Charmeleon|Swords Dance|p2a: Charmeleon
|-boost|p2a: Charmeleon|atk|2
|
|turn|5
|choice|move 2|move 4
|
|move|p1a: Magikarp|Dragon Rage|p2a: Charmeleon
|-end|p2a: Charmeleon|Substitute
|move|p2a: Charmeleon|Body Slam|p1a: Magikarp
|-damage|p1a: Magikarp|47\/240
|
|turn|6
|choice|move 2|move 4
|
|move|p1a: Magikarp|Dragon Rage|p2a: Charmeleon
|-damage|p2a: Charmeleon|84\/272
|move|p2a: Charmeleon|Body Slam|p1a: Magikarp
|-damage|p1a: Magikarp|0 fnt
|faint|p1a: Magikarp
|choice|switch 4|
|
|switch|p1a: Gengar|Gengar, L79|257\/257
|turn|7
|choice|move 2|move 4
|
|move|p1a: Gengar|Psychic|p2a: Charmeleon
|-damage|p2a: Charmeleon|7\/272
|move|p2a: Charmeleon|Body Slam|p1a: Gengar
|-immune|p1a: Gengar|[msg]
|
|turn|8
|choice|move 2|move 4
|
|move|p1a: Gengar|Psychic|p2a: Charmeleon
|-damage|p2a: Charmeleon|0 fnt
|faint|p2a: Charmeleon
|choice||switch 2
|
|switch|p2a: Fearow|Fearow, L90|300\/300
|turn|9
|choice|move 1|move 3
|
|move|p2a: Fearow|Drill Peck|p1a: Gengar
|-damage|p1a: Gengar|131\/257
|move|p1a: Gengar|Hypnosis|p2a: Fearow|[miss]
|-miss|p1a: Gengar
|
|turn|10
|choice|move 1|move 3
|
|move|p2a: Fearow|Drill Peck|p1a: Gengar
|-damage|p1a: Gengar|5\/257
|move|p1a: Gengar|Hypnosis|p2a: Fearow
|-status|p2a: Fearow|slp
|
|turn|11
|choice|move 2|switch 4
|
|switch|p2a: Rapidash|Rapidash, L90|260\/300
|move|p1a: Gengar|Psychic|p2a: Rapidash
|-damage|p2a: Rapidash|188\/300
|
|turn|12
|choice|move 4|move 1
|
|move|p2a: Rapidash|Fire Blast|p1a: Gengar
|-damage|p1a: Gengar|0 fnt
|faint|p1a: Gengar
|choice|switch 5|
|
|switch|p1a: Jolteon|Jolteon, L79|265\/265
|turn|13
|choice|move 4|switch 5
|
|switch|p2a: Dragonair|Dragonair, L85|277\/277
|move|p1a: Jolteon|Thunder Wave|p2a: Dragonair
|-status|p2a: Dragonair|par
|
|turn|14
|choice|switch 6|move 2
|
|switch|p1a: Snorlax|Snorlax, L79|415\/415
|cant|p2a: Dragonair|par
|
|turn|15
|choice|move 1|move 1
|
|move|p1a: Snorlax|Amnesia|p1a: Snorlax
|-boost|p1a: Snorlax|spd|2
|-boost|p1a: Snorlax|spa|2
|move|p2a: Dragonair|Blizzard|p1a: Snorlax|[miss]
|-miss|p2a: Dragonair
|
|turn|16
|choice|move 1|switch 3
|
|switch|p2a: Cloyster|Cloyster, L83|253\/253
|move|p1a: Snorlax|Amnesia|p1a: Snorlax
|-boost|p1a: Snorlax|spd|2
|-boost|p1a: Snorlax|spa|2
|
|turn|17
|choice|move 2|move 1
|
|move|p2a: Cloyster|Blizzard|p1a: Snorlax
|-damage|p1a: Snorlax|362\/415
|-status|p1a: Snorlax|frz
|cant|p1a: Snorlax|frz
|
|turn|18
|c|★moelan tha ruler|omCANCERRRRRR
|c|★moelan tha ruler|CANCERFAGGGGot
|choice|move 4|switch 5
|
|switch|p2a: Rapidash|Rapidash, L90|188\/300
|cant|p1a: Snorlax|frz
|
|turn|19
|choice|move 4|move 2
|
|move|p2a: Rapidash|Substitute|p2a: Rapidash
|-start|p2a: Rapidash|Substitute
|-damage|p2a: Rapidash|113\/300
|cant|p1a: Snorlax|frz
|
|turn|20
|c|★moelan tha ruler|CANCERFAGGGGGGGGot
|choice|move 4|move 3
|
|move|p2a: Rapidash|Body Slam|p1a: Snorlax
|-damage|p1a: Snorlax|267\/415 frz
|cant|p1a: Snorlax|frz
|
|turn|21
|choice|move 4|move 3
|
|move|p2a: Rapidash|Body Slam|p1a: Snorlax
|-damage|p1a: Snorlax|172\/415 frz
|cant|p1a: Snorlax|frz
|
|turn|22
|c|★moelan tha ruler|your from germany?
|c|★moelan tha ruler|YOU ACT LIKE! CANCER GERMANS
|choice|move 4|move 3
|
|move|p2a: Rapidash|Body Slam|p1a: Snorlax
|-damage|p1a: Snorlax|78\/415 frz
|cant|p1a: Snorlax|frz
|
|turn|23
|choice|move 4|move 3
|
|move|p2a: Rapidash|Body Slam|p1a: Snorlax
|-damage|p1a: Snorlax|0 fnt
|faint|p1a: Snorlax
|choice|switch 2|
|
|switch|p1a: Dragonite|Dragonite, L85|328\/328
|turn|24
|choice|move 1|move 3
|
|move|p2a: Rapidash|Body Slam|p1a: Dragonite
|-crit|p1a: Dragonite
|-damage|p1a: Dragonite|193\/328
|move|p1a: Dragonite|Thunder Wave|p2a: Rapidash
|-status|p2a: Rapidash|par
|
|turn|25
|choice|move 2|move 3
|
|move|p1a: Dragonite|Substitute|p1a: Dragonite
|-start|p1a: Dragonite|Substitute
|-damage|p1a: Dragonite|111\/328
|move|p2a: Rapidash|Body Slam|p1a: Dragonite
|-activate|p1a: Dragonite|Substitute|[damage]
|
|turn|26
|choice|move 4|move 3
|
|move|p1a: Dragonite|Blizzard|p2a: Rapidash
|-end|p2a: Rapidash|Substitute
|cant|p2a: Rapidash|par
|
|turn|27
|choice|move 3|move 3
|
|move|p1a: Dragonite|Hyper Beam|p2a: Rapidash
|-damage|p2a: Rapidash|0 fnt
|faint|p2a: Rapidash
|c|★moelan tha ruler|SUCK i`T
|choice||switch 5
|
|switch|p2a: Cloyster|Cloyster, L83|253\/253
|turn|28
|choice|move 1|move 1
|
|move|p1a: Dragonite|Thunder Wave|p2a: Cloyster
|-status|p2a: Cloyster|par
|cant|p2a: Cloyster|par
|
|turn|29
|choice|move 3|move 1
|
|move|p1a: Dragonite|Hyper Beam|p2a: Cloyster
|-damage|p2a: Cloyster|169\/253 par
|move|p2a: Cloyster|Blizzard|p1a: Dragonite
|-supereffective|p1a: Dragonite
|-end|p1a: Dragonite|Substitute
|
|turn|30
|-mustrecharge|p1a: Dragonite
|-mustrecharge|p1a: Dragonite
|choice|move 1|move 1
|
|cant|p1a: Dragonite|recharge
|cant|p2a: Cloyster|par
|
|turn|31
|choice|move 4|move 1
|
|move|p1a: Dragonite|Blizzard|p2a: Cloyster
|-resisted|p2a: Cloyster
|-damage|p2a: Cloyster|147\/253 par
|move|p2a: Cloyster|Blizzard|p1a: Dragonite|[miss]
|-miss|p2a: Cloyster
|
|turn|32
|choice|move 3|move 1
|
|move|p1a: Dragonite|Hyper Beam|p2a: Cloyster
|-damage|p2a: Cloyster|64\/253 par
|cant|p2a: Cloyster|par
|
|turn|33
|-mustrecharge|p1a: Dragonite
|-mustrecharge|p1a: Dragonite
|c|★andrew_andres1|my friend
|c|★andrew_andres1|don't cry ?
|c|★andrew_andres1|jajajajajaja
|c|★moelan tha ruler|canceroff
|choice|move 1|move 1
|
|cant|p1a: Dragonite|recharge
|move|p2a: Cloyster|Blizzard|p1a: Dragonite
|-supereffective|p1a: Dragonite
|-damage|p1a: Dragonite|0 fnt
|faint|p1a: Dragonite
|choice|switch 3|
|
|switch|p1a: Mew|Mew, L74|300\/300
|turn|34
|choice|move 2|move 1
|
|move|p1a: Mew|Psychic|p2a: Cloyster
|-damage|p2a: Cloyster|0 fnt
|faint|p2a: Cloyster
|choice||switch 3
|
|switch|p2a: Dragonair|Dragonair, L85|277\/277 par
|turn|35
|choice|move 2|move 2
|
|move|p1a: Mew|Psychic|p2a: Dragonair
|-damage|p2a: Dragonair|189\/277 par
|-unboost|p2a: Dragonair|spd|1
|-unboost|p2a: Dragonair|spa|1
|cant|p2a: Dragonair|par
|
|turn|36
|c|★moelan tha ruler|jajaja
|choice|move 2|move 3
|
|move|p1a: Mew|Psychic|p2a: Dragonair
|-damage|p2a: Dragonair|55\/277 par
|-unboost|p2a: Dragonair|spd|1
|-unboost|p2a: Dragonair|spa|1
|cant|p2a: Dragonair|par
|
|turn|37
|c|★andrew_andres1|odnt worry
|c|★moelan tha ruler|you may cry my friend
|c|★andrew_andres1|20 points
|c|★andrew_andres1|jajajaja XD
|c|★andrew_andres1|when you are the first in ladder
|c|★andrew_andres1|talk me
|c|★andrew_andres1|jajajajaja XDXD
|choice|move 2|move 3
|
|move|p1a: Mew|Psychic|p2a: Dragonair
|-damage|p2a: Dragonair|0 fnt
|faint|p2a: Dragonair
|choice||switch 6
|
|switch|p2a: Mr. Mime|Mr. Mime, L85|242\/242
|turn|38
|c|★moelan tha ruler|I was 5th once
|choice|move 1|move 2
|
|move|p2a: Mr. Mime|Thunder Wave|p1a: Mew
|-status|p1a: Mew|par
|cant|p1a: Mew|par
|
|turn|39
|choice|move 1|move 4
|
|move|p2a: Mr. Mime|Seismic Toss|p1a: Mew
|-damage|p1a: Mew|215\/300 par
|move|p1a: Mew|Swords Dance|p1a: Mew
|-boost|p1a: Mew|atk|2
|
|turn|40
|choice|move 4|switch 4
|
|switch|p2a: Fearow|Fearow, L90|300\/300 slp
|move|p1a: Mew|Explosion|p2a: Fearow
|-damage|p2a: Fearow|0 fnt
|faint|p2a: Fearow
|faint|p1a: Mew
|choice|switch 6|switch 4
|
|switch|p1a: Jolteon|Jolteon, L79|265\/265
|switch|p2a: Mr. Mime|Mr. Mime, L85|242\/242
|turn|41
|choice|move 4|move 2
|
|move|p1a: Jolteon|Thunder Wave|p2a: Mr. Mime
|-status|p2a: Mr. Mime|par
|move|p2a: Mr. Mime|Thunder Wave|p1a: Jolteon
|-status|p1a: Jolteon|par
|
|turn|42
|choice|move 2|move 3
|
|move|p1a: Jolteon|Sand Attack|p2a: Mr. Mime
|-unboost|p2a: Mr. Mime|accuracy|1
|move|p2a: Mr. Mime|Psychic|p1a: Jolteon
|-damage|p1a: Jolteon|165\/265 par
|-unboost|p1a: Jolteon|spd|1
|-unboost|p1a: Jolteon|spa|1
|
|turn|43
|choice|move 2|move 3
|
|move|p1a: Jolteon|Sand Attack|p2a: Mr. Mime
|-unboost|p2a: Mr. Mime|accuracy|1
|move|p2a: Mr. Mime|Psychic|p1a: Jolteon|[miss]
|-miss|p2a: Mr. Mime
|
|turn|44
|choice|move 1|move 3
|
|move|p1a: Jolteon|Thunderbolt|p2a: Mr. Mime
|-damage|p2a: Mr. Mime|181\/242 par
|move|p2a: Mr. Mime|Psychic|p1a: Jolteon
|-crit|p1a: Jolteon
|-damage|p1a: Jolteon|0 fnt
|faint|p1a: Jolteon
|
|win|andrew_andres1
|raw|moelan tha ruler's rating: 1249 &rarr; <strong>1231<\/strong><br \/>(-18 for losing)
|raw|andrew_andres1's rating: 1344 &rarr; <strong>1359<\/strong><br \/>(+15 for winning)
|c|★andrew_andres1|jajajajajaj
|c|★andrew_andres1|ajajajajajajajjaj
|c|★moelan tha ruler|cancerlucker
|c|★andrew_andres1|ajajajajajajajjajajaj
|c|★andrew_andres1|ajajjajajajjajajaj
|c|★andrew_andres1|ajajjajajajajajaj
|c|★andrew_andres1|NOOB
|c|★moelan tha ruler|cry
|c|★andrew_andres1|my gooooooooooooood
|l|moelan tha ruler
|player|p1
|c|★andrew_andres1|that noob
|c|★andrew_andres1|jajajajajjajajaja
|c|★andrew_andres1|ajajjajajajajajjajajaj
|c|★andrew_andres1|ajajajajjajajajaja