|join|Aluisio
|join|Eldougi
|player|p1|Aluisio|101
|player|p2|Eldougi|101
|gametype|singles
|gen|1
|tier|[Gen 1] Random Battle
|rated
|rule|Sleep Clause Mod: Limit one foe put to sleep
|rule|Freeze Clause Mod: Limit one foe frozen
|rule|HP Percentage Mod: HP is shown in percentages
|
|start
|switch|p1a: Jigglypuff|Jigglypuff, L99|428\/428
|switch|p2a: Wigglytuff|Wigglytuff, L85|412\/412
|turn|1
|
|move|p2a: Wigglytuff|Blizzard|p1a: Jigglypuff
|-damage|p1a: Jigglypuff|330\/428
|-status|p1a: Jigglypuff|frz
|cant|p1a: Jigglypuff|frz
|
|turn|2
|
|switch|p1a: Metapod|Metapod, L99|300\/300
|move|p2a: Wigglytuff|Blizzard|p1a: Metapod
|-crit|p1a: Metapod
|-damage|p1a: Metapod|127\/300
|
|turn|3
|
|switch|p2a: Dragonite|Dragonite, L85|328\/328
|move|p1a: Metapod|String Shot|p2a: Dragonite
|-unboost|p2a: Dragonite|spe|1
|
|turn|4
|
|move|p1a: Metapod|Harden|p1a: Metapod
|-boost|p1a: Metapod|def|1
|move|p2a: Dragonite|Substitute|p2a: Dragonite
|-start|p2a: Dragonite|Substitute
|-damage|p2a: Dragonite|246\/328
|
|turn|5
|
|move|p1a: Metapod|String Shot|p2a: Dragonite
|-fail|p2a: Dragonite
|move|p2a: Dragonite|Agility|p2a: Dragonite
|-boost|p2a: Dragonite|spe|2
|
|turn|6
|
|switch|p1a: Snorlax|Snorlax, L79|415\/415
|move|p2a: Dragonite|Agility|p2a: Dragonite
|-boost|p2a: Dragonite|spe|2
|
|turn|7
|
|move|p2a: Dragonite|Body Slam|p1a: Snorlax
|-damage|p1a: Snorlax|319\/415
|move|p1a: Snorlax|Blizzard|p2a: Dragonite
|-supereffective|p2a: Dragonite
|-end|p2a: Dragonite|Substitute
|
|turn|8
|
|move|p2a: Dragonite|Body Slam|p1a: Snorlax
|-crit|p1a: Snorlax
|-damage|p1a: Snorlax|131\/415
|move|p1a: Snorlax|Blizzard|p2a: Dragonite
|-supereffective|p2a: Dragonite
|-damage|p2a: Dragonite|36\/328
|
|turn|9
|
|move|p2a: Dragonite|Hyper Beam|p1a: Snorlax
|-damage|p1a: Snorlax|0 fnt
|faint|p1a: Snorlax
|
|switch|p1a: Pikachu|Pikachu, L96|262\/262
|turn|10
|
|move|p2a: Dragonite|Hyper Beam|p1a: Pikachu
|-damage|p1a: Pikachu|44\/262
|move|p1a: Pikachu|Thunderbolt|p2a: Dragonite
|-damage|p2a: Dragonite|0 fnt
|faint|p2a: Dragonite
|
|switch|p2a: Mr. Mime|Mr. Mime, L85|242\/242
|turn|11
|
|move|p1a: Pikachu|Thunder Wave|p2a: Mr. Mime
|-status|p2a: Mr. Mime|par
|cant|p2a: Mr. Mime|par
|
|turn|12
|
|move|p1a: Pikachu|Thunderbolt|p2a: Mr. Mime
|-damage|p2a: Mr. Mime|159\/242 par
|move|p2a: Mr. Mime|Seismic Toss|p1a: Pikachu
|-damage|p1a: Pikachu|0 fnt
|faint|p1a: Pikachu
|
|switch|p1a: Starmie|Starmie, L79|257\/257
|turn|13
|
|move|p1a: Starmie|Surf|p2a: Mr. Mime
|-damage|p2a: Mr. Mime|72\/242 par
|move|p2a: Mr. Mime|Thunderbolt|p1a: Starmie
|-supereffective|p1a: Starmie
|-damage|p1a: Starmie|129\/257
|
|turn|14
|
|move|p1a: Starmie|Surf|p2a: Mr. Mime
|-damage|p2a: Mr. Mime|0 fnt
|faint|p2a: Mr. Mime
|
|switch|p2a: Kangaskhan|Kangaskhan, L85|352\/352
|turn|15
|
|move|p1a: Starmie|Thunder Wave|p2a: Kangaskhan
|-status|p2a: Kangaskhan|par
|move|p2a: Kangaskhan|Hyper Beam|p1a: Starmie
|-damage|p1a: Starmie|0 fnt
|faint|p1a: Starmie
|
|switch|p1a: Mewtwo|Mewtwo, L70|293\/293
|turn|16
|
|move|p1a: Mewtwo|Barrier|p1a: Mewtwo
|-boost|p1a: Mewtwo|def|2
|move|p2a: Kangaskhan|Counter|p1a: Mewtwo
|-fail|p2a: Kangaskhan
|
|turn|17
|
|move|p1a: Mewtwo|Barrier|p1a: Mewtwo
|-boost|p1a: Mewtwo|def|2
|move|p2a: Kangaskhan|Body Slam|p1a: Mewtwo
|-damage|p1a: Mewtwo|254\/293
|
|turn|18
|
|move|p1a: Mewtwo|Psychic|p2a: Kangaskhan
|-crit|p2a: Kangaskhan
|-damage|p2a: Kangaskhan|63\/352 par
|cant|p2a: Kangaskhan|par
|
|turn|19
|
|move|p1a: Mewtwo|Psychic|p2a: Kangaskhan
|-crit|p2a: Kangaskhan
|-damage|p2a: Kangaskhan|0 fnt
|faint|p2a: Kangaskhan
|
|switch|p2a: Wigglytuff|Wigglytuff, L85|412\/412
|turn|20
|
|move|p1a: Mewtwo|Thunder Wave|p2a: Wigglytuff
|-status|p2a: Wigglytuff|par
|move|p2a: Wigglytuff|Thunder Wave|p1a: Mewtwo
|-status|p1a: Mewtwo|par
|
|turn|21
|
|move|p1a: Mewtwo|Barrier|p1a: Mewtwo
|-boost|p1a: Mewtwo|def|2
|move|p2a: Wigglytuff|Blizzard|p1a: Mewtwo
|-damage|p1a: Mewtwo|206\/293 par
|
|turn|22
|
|move|p1a: Mewtwo|Psychic|p2a: Wigglytuff
|-damage|p2a: Wigglytuff|287\/412 par
|move|p2a: Wigglytuff|Blizzard|p1a: Mewtwo
|-damage|p1a: Mewtwo|160\/293 par
|
|turn|23
|
|move|p1a: Mewtwo|Rest|p1a: Mewtwo
|-status|p1a: Mewtwo|slp
|-heal|p1a: Mewtwo|293\/293 slp|[silent]
|-status|p1a: Mewtwo|slp|[from] move: Rest
|move|p2a: Wigglytuff|Blizzard|p1a: Mewtwo
|-damage|p1a: Mewtwo|241\/293 slp
|
|turn|24
|
|cant|p1a: Mewtwo|slp
|cant|p2a: Wigglytuff|par
|
|turn|25
|
|cant|p1a: Mewtwo|slp
|-curestatus|p1a: Mewtwo|slp
|cant|p2a: Wigglytuff|par
|
|turn|26
|
|move|p1a: Mewtwo|Psychic|p2a: Wigglytuff
|-crit|p2a: Wigglytuff
|-damage|p2a: Wigglytuff|53\/412 par
|cant|p2a: Wigglytuff|par
|
|turn|27
|
|move|p1a: Mewtwo|Psychic|p2a: Wigglytuff
|-crit|p2a: Wigglytuff
|-damage|p2a: Wigglytuff|0 fnt
|faint|p2a: Wigglytuff
|
|switch|p2a: Magmar|Magmar, L85|284\/284
|turn|28
|
|move|p2a: Magmar|Fire Blast|p1a: Mewtwo
|-damage|p1a: Mewtwo|139\/293
|-status|p1a: Mewtwo|brn
|move|p1a: Mewtwo|Thunder Wave|p2a: Magmar
|-status|p2a: Magmar|par
|-damage|p1a: Mewtwo|121\/293 brn|[from] brn|[of] p2a: Magmar
|
|turn|29
|
|move|p1a: Mewtwo|Rest|p1a: Mewtwo
|-status|p1a: Mewtwo|slp
|-heal|p1a: Mewtwo|293\/293 slp|[silent]
|-status|p1a: Mewtwo|slp|[from] move: Rest
|cant|p2a: Magmar|par
|
|turn|30
|
|cant|p1a: Mewtwo|slp
|cant|p2a: Magmar|par
|
|turn|31
|
|cant|p1a: Mewtwo|slp
|-curestatus|p1a: Mewtwo|slp
|move|p2a: Magmar|Mimic|p1a: Mewtwo
|-start|p2a: Magmar|Mimic|Barrier
|
|turn|32
|
|move|p1a: Mewtwo|Psychic|p2a: Magmar
|-damage|p2a: Magmar|188\/284 par
|move|p2a: Magmar|Fire Blast|p1a: Mewtwo
|-damage|p1a: Mewtwo|199\/293
|
|turn|33
|
|move|p1a: Mewtwo|Psychic|p2a: Magmar
|-damage|p2a: Magmar|94\/284 par
|move|p2a: Magmar|Fire Blast|p1a: Mewtwo
|-damage|p1a: Mewtwo|98\/293
|
|turn|34
|
|move|p1a: Mewtwo|Psychic|p2a: Magmar
|-damage|p2a: Magmar|0 fnt
|faint|p2a: Magmar
|
|switch|p2a: Rhydon|Rhydon, L79|328\/328
|turn|35
|
|move|p2a: Rhydon|Substitute|p2a: Rhydon
|-start|p2a: Rhydon|Substitute
|-damage|p2a: Rhydon|246\/328
|move|p1a: Mewtwo|Psychic|p2a: Rhydon
|-crit|p2a: Rhydon
|-end|p2a: Rhydon|Substitute
|
|turn|36
|
|move|p2a: Rhydon|Earthquake|p1a: Mewtwo
|-damage|p1a: Mewtwo|63\/293
|move|p1a: Mewtwo|Rest|p1a: Mewtwo
|-status|p1a: Mewtwo|slp
|-heal|p1a: Mewtwo|293\/293 slp|[silent]
|-status|p1a: Mewtwo|slp|[from] move: Rest
|
|turn|37
|
|move|p2a: Rhydon|Earthquake|p1a: Mewtwo
|-crit|p1a: Mewtwo
|-damage|p1a: Mewtwo|53\/293 slp
|cant|p1a: Mewtwo|slp
|
|turn|38
|c|★Aluisio|o.O
|c|★Aluisio|What is the difference between the first and the second?
|
|move|p2a: Rhydon|Earthquake|p1a: Mewtwo
|-damage|p1a: Mewtwo|19\/293 slp
|cant|p1a: Mewtwo|slp
|-curestatus|p1a: Mewtwo|slp
|
|turn|39
|
|move|p2a: Rhydon|Earthquake|p1a: Mewtwo
|-damage|p1a: Mewtwo|0 fnt
|faint|p1a: Mewtwo
|
|switch|p1a: Metapod|Metapod, L99|127\/300
|turn|40
|
|move|p1a: Metapod|Tackle|p2a: Rhydon
|-resisted|p2a: Rhydon
|-damage|p2a: Rhydon|240\/328
|move|p2a: Rhydon|Earthquake|p1a: Metapod
|-resisted|p1a: Metapod
|-damage|p1a: Metapod|63\/300
|
|turn|41
|
|move|p1a: Metapod|Harden|p1a: Metapod
|-boost|p1a: Metapod|def|1
|move|p2a: Rhydon|Substitute|p2a: Rhydon
|-start|p2a: Rhydon|Substitute
|-damage|p2a: Rhydon|158\/328
|
|turn|42
|
|move|p1a: Metapod|Tackle|p2a: Rhydon
|-resisted|p2a: Rhydon
|-activate|p2a: Rhydon|Substitute|[damage]
|move|p2a: Rhydon|Rock Slide|p1a: Metapod
|-crit|p1a: Metapod
|-supereffective|p1a: Metapod
|-damage|p1a: Metapod|0 fnt
|faint|p1a: Metapod
|
|switch|p1a: Jigglypuff|Jigglypuff, L99|330\/428 frz
|turn|43
|
|move|p2a: Rhydon|Earthquake|p1a: Jigglypuff
|-damage|p1a: Jigglypuff|149\/428 frz
|cant|p1a: Jigglypuff|frz
|
|turn|44
|c|★Aluisio|gg
|
|move|p2a: Rhydon|Earthquake|p1a: Jigglypuff
|-crit|p1a: Jigglypuff
|-damage|p1a: Jigglypuff|0 fnt
|faint|p1a: Jigglypuff
|
|win|Eldougi
|raw|Ladder updating...
|raw|Aluisio's rating: 1195 &rarr; <strong>1174<\/strong><br \/>(-21 for losing)
|raw|Eldougi's rating: 1250 &rarr; <strong>1271<\/strong><br \/>(+21 for winning)
|leave|Aluisio
|player|p1