|j|Dice
|j|Ch01W0n5h1n
|player|p1|Dice|1
|player|p2|Ch01W0n5h1n|165
|gametype|singles
|gen|1
|tier|[Gen 1] OU
|rated
|seed|60004,64089,65516,33041
|rule|Sleep Clause Mod: Limit one foe put to sleep
|rule|Freeze Clause Mod: Limit one foe frozen
|rule|Species Clause: Limit one of each Pokémon
|rule|OHKO Clause: OHKO moves are banned
|rule|Evasion Moves Clause: Evasion moves are banned
|rule|HP Percentage Mod: HP is shown in percentages
|
|start
|switch|p1a: Gengar|Gengar|323\/323
|switch|p2a: Hungry|Alakazam|313\/313
|turn|1
|choice|switch 3|switch 6
|
|switch|p2a: Gorelax|Snorlax|523\/523
|switch|p1a: Exeggutor|Exeggutor|393\/393
|
|turn|2
|choice|move 4|move 2
|
|move|p1a: Exeggutor|Sleep Powder|p2a: Gorelax
|-status|p2a: Gorelax|slp
|cant|p2a: Gorelax|slp
|
|turn|3
|choice|move 2|switch 2
|
|switch|p2a: Cut.Exe|Exeggutor|393\/393
|move|p1a: Exeggutor|Psychic|p2a: Cut.Exe
|-resisted|p2a: Cut.Exe
|-damage|p2a: Cut.Exe|343\/393
|
|turn|4
|choice|move 1|move 1
|
|move|p1a: Exeggutor|Stun Spore|p2a: Cut.Exe|[miss]
|-miss|p1a: Exeggutor
|move|p2a: Cut.Exe|Sleep Powder|p1a: Exeggutor
|-status|p1a: Exeggutor|slp
|
|turn|5
|choice|move 1|switch 5
|
|switch|p2a: Energy|Tauros|353\/353
|cant|p1a: Exeggutor|slp
|
|turn|6
|choice|switch 3|move 4
|
|switch|p1a: Gengar|Gengar|323\/323
|move|p2a: Energy|Blizzard|p1a: Gengar
|-damage|p1a: Gengar|258\/323
|
|turn|7
|choice|switch 2|switch 6
|
|switch|p2a: Hungry|Alakazam|313\/313
|switch|p1a: Lapras|Lapras|463\/463
|
|turn|8
|choice|switch 5|switch 3
|
|switch|p2a: Chance E|Chansey|703\/703
|switch|p1a: Chansey|Chansey|703\/703
|
|turn|9
|choice|move 1|move 1
|
|move|p1a: Chansey|Ice Beam|p2a: Chance E
|-damage|p2a: Chance E|626\/703
|move|p2a: Chance E|Ice Beam|p1a: Chansey
|-damage|p1a: Chansey|627\/703
|
|turn|10
|choice|move 4|move 1
|
|move|p1a: Chansey|Thunder Wave|p2a: Chance E
|-status|p2a: Chance E|par
|move|p2a: Chance E|Ice Beam|p1a: Chansey
|-damage|p1a: Chansey|550\/703
|
|turn|11
|choice|move 2|move 1
|
|move|p1a: Chansey|Soft-Boiled|p1a: Chansey
|-heal|p1a: Chansey|703\/703
|move|p2a: Chance E|Ice Beam|p1a: Chansey
|-damage|p1a: Chansey|630\/703
|
|turn|12
|choice|switch 4|move 1
|
|switch|p1a: Snorlax|Snorlax|523\/523
|move|p2a: Chance E|Ice Beam|p1a: Snorlax
|-damage|p1a: Snorlax|416\/523
|
|turn|13
|choice|move 1|switch 4
|
|switch|p2a: Mega Gastly|Cloyster|303\/303
|move|p1a: Snorlax|Body Slam|p2a: Mega Gastly
|-damage|p2a: Mega Gastly|238\/303
|
|turn|14
|choice|switch 5|move 1
|
|switch|p1a: Lapras|Lapras|463\/463
|move|p2a: Mega Gastly|Clamp|p1a: Lapras
|-resisted|p1a: Lapras
|-damage|p1a: Lapras|443\/463
|-activate|p1a: Lapras|move: Clamp|[of] p2a: Mega Gastly
|
|turn|15
|choice|move 1|switch 4
|
|switch|p2a: Chance E|Chansey|626\/703 par
|cant|p1a: Lapras|partiallytrapped
|
|-end|p1a: Lapras|Clamp|[partiallytrapped]
|turn|16
|choice|move 4|move 3
|
|move|p1a: Lapras|Confuse Ray|p2a: Chance E
|-start|p2a: Chance E|confusion
|-activate|p2a: Chance E|confusion
|-damage|p2a: Chance E|591\/703 par|[from] confusion
|
|turn|17
|choice|switch 5|move 3
|
|switch|p1a: Snorlax|Snorlax|416\/523
|-activate|p2a: Chance E|confusion
|-damage|p2a: Chance E|556\/703 par|[from] confusion
|
|turn|18
|choice|move 1|switch 4
|
|switch|p2a: Mega Gastly|Cloyster|238\/303
|move|p1a: Snorlax|Body Slam|p2a: Mega Gastly
|-damage|p2a: Mega Gastly|167\/303
|
|turn|19
|choice|switch 5|move 1
|
|switch|p1a: Lapras|Lapras|443\/463
|move|p2a: Mega Gastly|Clamp|p1a: Lapras|[miss]
|-miss|p2a: Mega Gastly
|
|turn|20
|choice|move 2|move 1
|
|move|p2a: Mega Gastly|Clamp|p1a: Lapras
|-resisted|p1a: Lapras
|-damage|p1a: Lapras|424\/463
|-activate|p1a: Lapras|move: Clamp|[of] p2a: Mega Gastly
|cant|p1a: Lapras|partiallytrapped
|
|turn|21
|choice|move 2|move 1
|
|move|p2a: Mega Gastly|Clamp|p1a: Lapras|[from]Clamp
|-damage|p1a: Lapras|405\/463
|cant|p1a: Lapras|partiallytrapped
|
|turn|22
|choice|move 2|move 1
|
|move|p2a: Mega Gastly|Clamp|p1a: Lapras|[from]Clamp
|-damage|p1a: Lapras|386\/463
|cant|p1a: Lapras|partiallytrapped
|
|-end|p1a: Lapras|Clamp|[partiallytrapped]
|turn|23
|choice|move 2|move 1
|
|move|p2a: Mega Gastly|Clamp|p1a: Lapras
|-resisted|p1a: Lapras
|-damage|p1a: Lapras|366\/463
|-activate|p1a: Lapras|move: Clamp|[of] p2a: Mega Gastly
|cant|p1a: Lapras|partiallytrapped
|
|turn|24
|choice|move 2|move 1
|
|move|p2a: Mega Gastly|Clamp|p1a: Lapras|[from]Clamp
|-damage|p1a: Lapras|346\/463
|cant|p1a: Lapras|partiallytrapped
|
|turn|25
|choice|move 2|move 1
|
|move|p2a: Mega Gastly|Clamp|p1a: Lapras|[from]Clamp
|-damage|p1a: Lapras|326\/463
|cant|p1a: Lapras|partiallytrapped
|
|-end|p1a: Lapras|Clamp|[partiallytrapped]
|turn|26
|choice|move 2|switch 4
|
|switch|p2a: Chance E|Chansey|556\/703 par
|move|p1a: Lapras|Thunderbolt|p2a: Chance E
|-damage|p2a: Chance E|486\/703 par
|
|turn|27
|choice|move 4|move 4
|
|move|p1a: Lapras|Confuse Ray|p2a: Chance E
|-start|p2a: Chance E|confusion
|-activate|p2a: Chance E|confusion
|move|p2a: Chance E|Soft-Boiled|p2a: Chance E
|-heal|p2a: Chance E|703\/703 par
|
|turn|28
|choice|move 1|switch 4
|
|switch|p2a: Mega Gastly|Cloyster|167\/303
|move|p1a: Lapras|Body Slam|p2a: Mega Gastly
|-damage|p2a: Mega Gastly|129\/303
|-status|p2a: Mega Gastly|par
|
|turn|29
|choice|move 2|switch 4
|
|switch|p2a: Chance E|Chansey|703\/703 par
|move|p1a: Lapras|Thunderbolt|p2a: Chance E
|-damage|p2a: Chance E|629\/703 par
|
|turn|30
|choice|switch 5|move 3
|
|switch|p1a: Snorlax|Snorlax|416\/523
|move|p2a: Chance E|Thunderbolt|p1a: Snorlax
|-damage|p1a: Snorlax|310\/523
|
|turn|31
|choice|move 1|switch 5
|
|switch|p2a: Cut.Exe|Exeggutor|343\/393
|move|p1a: Snorlax|Body Slam|p2a: Cut.Exe
|-damage|p2a: Cut.Exe|220\/393
|
|turn|32
|choice|switch 3|move 3
|
|switch|p1a: Exeggutor|Exeggutor|393\/393 slp
|move|p2a: Cut.Exe|Psychic|p1a: Exeggutor
|-crit|p1a: Exeggutor
|-resisted|p1a: Exeggutor
|-damage|p1a: Exeggutor|288\/393 slp
|
|turn|33
|choice|switch 4|switch 4
|
|switch|p1a: Chansey|Chansey|630\/703
|switch|p2a: Mega Gastly|Cloyster|129\/303 par
|
|turn|34
|choice|switch 3|switch 5
|
|switch|p1a: Snorlax|Snorlax|310\/523
|switch|p2a: Chance E|Chansey|629\/703 par
|
|turn|35
|choice|move 1|switch 4
|
|switch|p2a: Cut.Exe|Exeggutor|220\/393
|move|p1a: Snorlax|Body Slam|p2a: Cut.Exe
|-damage|p2a: Cut.Exe|97\/393
|
|turn|36
|choice|switch 4|move 4
|
|switch|p1a: Exeggutor|Exeggutor|288\/393 slp
|move|p2a: Cut.Exe|Rest|p2a: Cut.Exe
|-status|p2a: Cut.Exe|slp
|-heal|p2a: Cut.Exe|393\/393 slp|[silent]
|-status|p2a: Cut.Exe|slp|[from] move: Rest
|
|turn|37
|choice|switch 5|move 2
|
|switch|p1a: Lapras|Lapras|326\/463
|cant|p2a: Cut.Exe|slp
|
|turn|38
|choice|move 3|switch 4
|
|switch|p2a: Chance E|Chansey|629\/703 par
|move|p1a: Lapras|Blizzard|p2a: Chance E
|-damage|p2a: Chance E|487\/703 par
|
|turn|39
|choice|move 4|move 4
|
|move|p1a: Lapras|Confuse Ray|p2a: Chance E
|-start|p2a: Chance E|confusion
|-activate|p2a: Chance E|confusion
|-damage|p2a: Chance E|452\/703 par|[from] confusion
|
|turn|40
|choice|move 1|move 4
|
|move|p1a: Lapras|Body Slam|p2a: Chance E
|-damage|p2a: Chance E|278\/703 par
|-activate|p2a: Chance E|confusion
|-damage|p2a: Chance E|243\/703 par|[from] confusion
|
|turn|41
|choice|move 1|move 4
|
|move|p1a: Lapras|Body Slam|p2a: Chance E
|-damage|p2a: Chance E|74\/703 par
|-end|p2a: Chance E|confusion
|move|p2a: Chance E|Soft-Boiled|p2a: Chance E
|-heal|p2a: Chance E|425\/703 par
|
|turn|42
|choice|move 4|move 4
|
|move|p1a: Lapras|Confuse Ray|p2a: Chance E
|-start|p2a: Chance E|confusion
|-activate|p2a: Chance E|confusion
|-damage|p2a: Chance E|390\/703 par|[from] confusion
|
|turn|43
|choice|move 1|move 4
|
|move|p1a: Lapras|Body Slam|p2a: Chance E
|-damage|p2a: Chance E|228\/703 par
|-activate|p2a: Chance E|confusion
|-damage|p2a: Chance E|193\/703 par|[from] confusion
|
|turn|44
|choice|move 1|switch 3
|
|switch|p2a: Hungry|Alakazam|313\/313
|move|p1a: Lapras|Body Slam|p2a: Hungry
|-damage|p2a: Hungry|215\/313
|
|turn|45
|choice|switch 3|move 3
|
|switch|p1a: Chansey|Chansey|630\/703
|move|p2a: Hungry|Kinesis|p1a: Chansey
|-unboost|p1a: Chansey|accuracy|1
|
|turn|46
|choice|move 1|switch 3
|
|switch|p2a: Chance E|Chansey|193\/703 par
|move|p1a: Chansey|Ice Beam|p2a: Chance E
|-damage|p2a: Chance E|115\/703 par
|
|turn|47
|choice|switch 4|move 4
|
|switch|p1a: Snorlax|Snorlax|310\/523
|move|p2a: Chance E|Soft-Boiled|p2a: Chance E
|-heal|p2a: Chance E|466\/703 par
|
|turn|48
|choice|move 1|switch 4
|
|switch|p2a: Cut.Exe|Exeggutor|393\/393 slp
|move|p1a: Snorlax|Body Slam|p2a: Cut.Exe
|-damage|p2a: Cut.Exe|272\/393 slp
|
|turn|49
|choice|move 1|move 2
|
|-curestatus|p2a: Cut.Exe|slp
|move|p1a: Snorlax|Body Slam|p2a: Cut.Exe
|-damage|p2a: Cut.Exe|153\/393
|-status|p2a: Cut.Exe|par
|
|turn|50
|choice|move 3|switch 2
|
|switch|p2a: Gorelax|Snorlax|523\/523 slp
|move|p1a: Snorlax|Hyper Beam|p2a: Gorelax
|-damage|p2a: Gorelax|299\/523 slp
|
|turn|51
|-mustrecharge|p1a: Snorlax
|-mustrecharge|p1a: Snorlax
|choice|move 1|move 1
|
|cant|p2a: Gorelax|slp
|cant|p1a: Snorlax|recharge
|
|turn|52
|choice|move 1|move 1
|
|move|p1a: Snorlax|Body Slam|p2a: Gorelax
|-damage|p2a: Gorelax|157\/523 slp
|cant|p2a: Gorelax|slp
|
|turn|53
|choice|move 1|switch 5
|
|switch|p2a: Mega Gastly|Cloyster|129\/303 par
|move|p1a: Snorlax|Body Slam|p2a: Mega Gastly
|-damage|p2a: Mega Gastly|55\/303 par
|
|turn|54
|choice|move 1|switch 5
|
|switch|p2a: Gorelax|Snorlax|157\/523 slp
|move|p1a: Snorlax|Body Slam|p2a: Gorelax
|-damage|p2a: Gorelax|9\/523 slp
|
|turn|55
|choice|move 2|move 2
|
|move|p1a: Snorlax|Earthquake|p2a: Gorelax
|-damage|p2a: Gorelax|0 fnt
|faint|p2a: Gorelax
|choice||switch 6
|
|switch|p2a: Energy|Tauros|353\/353
|turn|56
|choice|move 4|move 1
|
|move|p2a: Energy|Body Slam|p1a: Snorlax
|-damage|p1a: Snorlax|176\/523
|move|p1a: Snorlax|Self-Destruct|p2a: Energy
|-damage|p2a: Energy|45\/353
|faint|p1a: Snorlax
|choice|switch 2|
|
|switch|p1a: Gengar|Gengar|258\/323
|turn|57
|choice|move 3|switch 4
|
|switch|p2a: Chance E|Chansey|466\/703 par
|move|p1a: Gengar|Thunderbolt|p2a: Chance E
|-damage|p2a: Chance E|376\/703 par
|
|turn|58
|choice|move 2|switch 2
|
|switch|p2a: Cut.Exe|Exeggutor|153\/393 par
|move|p1a: Gengar|Explosion|p2a: Cut.Exe
|-damage|p2a: Cut.Exe|0 fnt
|faint|p2a: Cut.Exe
|faint|p1a: Gengar
|choice|switch 3|switch 2
|
|switch|p1a: Lapras|Lapras|326\/463
|switch|p2a: Chance E|Chansey|376\/703 par
|turn|59
|choice|move 4|move 4
|
|move|p1a: Lapras|Confuse Ray|p2a: Chance E
|-start|p2a: Chance E|confusion
|-activate|p2a: Chance E|confusion
|cant|p2a: Chance E|par
|
|turn|60
|choice|move 1|move 4
|
|move|p1a: Lapras|Body Slam|p2a: Chance E
|-damage|p2a: Chance E|215\/703 par
|-end|p2a: Chance E|confusion
|cant|p2a: Chance E|par
|
|turn|61
|choice|move 4|move 4
|
|move|p1a: Lapras|Confuse Ray|p2a: Chance E
|-start|p2a: Chance E|confusion
|-activate|p2a: Chance E|confusion
|move|p2a: Chance E|Soft-Boiled|p2a: Chance E
|-heal|p2a: Chance E|566\/703 par
|
|turn|62
|choice|move 1|switch 3
|
|switch|p2a: Hungry|Alakazam|215\/313
|move|p1a: Lapras|Body Slam|p2a: Hungry
|-damage|p2a: Hungry|127\/313
|
|turn|63
|choice|move 1|move 4
|
|move|p2a: Hungry|Recover|p2a: Hungry
|-heal|p2a: Hungry|283\/313
|move|p1a: Lapras|Body Slam|p2a: Hungry
|-damage|p2a: Hungry|185\/313
|
|turn|64
|choice|switch 4|move 4
|
|switch|p1a: Chansey|Chansey|630\/703
|move|p2a: Hungry|Recover|p2a: Hungry
|-heal|p2a: Hungry|313\/313
|
|turn|65
|choice|move 1|switch 3
|
|switch|p2a: Chance E|Chansey|566\/703 par
|move|p1a: Chansey|Ice Beam|p2a: Chance E
|-damage|p2a: Chance E|494\/703 par
|
|turn|66
|choice|switch 5|move 1
|
|switch|p1a: Exeggutor|Exeggutor|288\/393 slp
|cant|p2a: Chance E|par
|
|turn|67
|choice|switch 4|switch 5
|
|switch|p1a: Lapras|Lapras|326\/463
|switch|p2a: Mega Gastly|Cloyster|55\/303 par
|
|turn|68
|choice|move 1|switch 3
|
|switch|p2a: Hungry|Alakazam|313\/313
|move|p1a: Lapras|Body Slam|p2a: Hungry
|-damage|p2a: Hungry|223\/313
|-status|p2a: Hungry|par
|
|turn|69
|choice|move 4|move 3
|
|move|p1a: Lapras|Confuse Ray|p2a: Hungry
|-start|p2a: Hungry|confusion
|-activate|p2a: Hungry|confusion
|cant|p2a: Hungry|par
|
|turn|70
|choice|move 1|move 3
|
|move|p1a: Lapras|Body Slam|p2a: Hungry
|-crit|p2a: Hungry
|-damage|p2a: Hungry|32\/313 par
|-activate|p2a: Hungry|confusion
|move|p2a: Hungry|Kinesis|p1a: Lapras|[miss]
|-miss|p2a: Hungry
|
|turn|71
|choice|move 1|move 2
|
|move|p1a: Lapras|Body Slam|p2a: Hungry
|-crit|p2a: Hungry
|-damage|p2a: Hungry|0 fnt
|faint|p2a: Hungry
|choice||switch 5
|
|switch|p2a: Chance E|Chansey|494\/703 par
|turn|72
|choice|move 4|move 2
|
|move|p1a: Lapras|Confuse Ray|p2a: Chance E
|-start|p2a: Chance E|confusion
|-activate|p2a: Chance E|confusion
|-damage|p2a: Chance E|459\/703 par|[from] confusion
|
|turn|73
|choice|move 1|move 1
|
|move|p1a: Lapras|Body Slam|p2a: Chance E
|-damage|p2a: Chance E|295\/703 par
|-activate|p2a: Chance E|confusion
|move|p2a: Chance E|Ice Beam|p1a: Lapras
|-resisted|p1a: Lapras
|-damage|p1a: Lapras|306\/463
|
|turn|74
|choice|move 1|move 4
|
|move|p1a: Lapras|Body Slam|p2a: Chance E
|-damage|p2a: Chance E|143\/703 par
|-activate|p2a: Chance E|confusion
|move|p2a: Chance E|Soft-Boiled|p2a: Chance E
|-heal|p2a: Chance E|494\/703 par
|
|turn|75
|choice|move 1|move 2
|
|move|p1a: Lapras|Body Slam|p2a: Chance E
|-damage|p2a: Chance E|338\/703 par
|-end|p2a: Chance E|confusion
|move|p2a: Chance E|Thunder Wave|p1a: Lapras
|-status|p1a: Lapras|par
|
|turn|76
|choice|move 4|move 4
|
|move|p1a: Lapras|Confuse Ray|p2a: Chance E
|-start|p2a: Chance E|confusion
|-activate|p2a: Chance E|confusion
|-damage|p2a: Chance E|303\/703 par|[from] confusion
|
|turn|77
|choice|move 1|move 4
|
|move|p1a: Lapras|Body Slam|p2a: Chance E
|-damage|p2a: Chance E|148\/703 par
|-activate|p2a: Chance E|confusion
|move|p2a: Chance E|Soft-Boiled|p2a: Chance E
|-heal|p2a: Chance E|499\/703 par
|
|turn|78
|choice|switch 6|move 3
|
|switch|p1a: Tauros|Tauros|353\/353
|-activate|p2a: Chance E|confusion
|-damage|p2a: Chance E|464\/703 par|[from] confusion
|
|turn|79
|choice|move 4|move 2
|
|move|p1a: Tauros|Hyper Beam|p2a: Chance E
|-damage|p2a: Chance E|0 fnt
|faint|p2a: Chance E
|choice||switch 4
|
|switch|p2a: Energy|Tauros|45\/353
|turn|80
|choice|move 1|move 2
|
|move|p2a: Energy|Hyper Beam|p1a: Tauros
|-crit|p1a: Tauros
|-damage|p1a: Tauros|0 fnt
|faint|p1a: Tauros
|choice|switch 5|
|
|switch|p1a: Chansey|Chansey|630\/703
|turn|81
|choice|move 1|move 2
|
|move|p2a: Energy|Hyper Beam|p1a: Chansey
|-damage|p1a: Chansey|131\/703
|move|p1a: Chansey|Ice Beam|p2a: Energy
|-damage|p2a: Energy|0 fnt
|faint|p2a: Energy
|choice||switch 3
|
|switch|p2a: Mega Gastly|Cloyster|55\/303 par
|turn|82
|choice|move 2|move 4
|
|move|p1a: Chansey|Soft-Boiled|p1a: Chansey
|-heal|p1a: Chansey|482\/703
|move|p2a: Mega Gastly|Rest|p2a: Mega Gastly
|-status|p2a: Mega Gastly|slp
|-heal|p2a: Mega Gastly|303\/303 slp|[silent]
|-status|p2a: Mega Gastly|slp|[from] move: Rest
|
|turn|83
|choice|move 1|move 3
|
|move|p1a: Chansey|Ice Beam|p2a: Mega Gastly
|-crit|p2a: Mega Gastly
|-resisted|p2a: Mega Gastly
|-damage|p2a: Mega Gastly|259\/303 slp
|cant|p2a: Mega Gastly|slp
|
|turn|84
|choice|move 1|move 3
|
|move|p1a: Chansey|Ice Beam|p2a: Mega Gastly
|-resisted|p2a: Mega Gastly
|-damage|p2a: Mega Gastly|239\/303 slp
|-curestatus|p2a: Mega Gastly|slp
|
|turn|85
|choice|move 4|move 1
|
|move|p1a: Chansey|Thunder Wave|p2a: Mega Gastly
|-status|p2a: Mega Gastly|par
|move|p2a: Mega Gastly|Clamp|p1a: Chansey
|-damage|p1a: Chansey|448\/703
|-activate|p1a: Chansey|move: Clamp|[of] p2a: Mega Gastly
|
|turn|86
|choice|move 2|move 1
|
|cant|p1a: Chansey|partiallytrapped
|move|p2a: Mega Gastly|Clamp|p1a: Chansey|[from]Clamp
|-damage|p1a: Chansey|414\/703
|
|turn|87
|choice|move 2|move 1
|
|cant|p1a: Chansey|partiallytrapped
|move|p2a: Mega Gastly|Clamp|p1a: Chansey|[from]Clamp
|-damage|p1a: Chansey|380\/703
|
|turn|88
|choice|move 2|move 1
|
|cant|p1a: Chansey|partiallytrapped
|cant|p2a: Mega Gastly|par
|
|-end|p1a: Chansey|Clamp|[partiallytrapped]
|turn|89
|choice|move 2|move 4
|
|move|p1a: Chansey|Soft-Boiled|p1a: Chansey
|-heal|p1a: Chansey|703\/703
|cant|p2a: Mega Gastly|par
|
|turn|90
|choice|move 1|move 3
|
|move|p1a: Chansey|Ice Beam|p2a: Mega Gastly
|-resisted|p2a: Mega Gastly
|-damage|p2a: Mega Gastly|220\/303 par
|move|p2a: Mega Gastly|Blizzard|p1a: Chansey
|-damage|p1a: Chansey|581\/703
|
|turn|91
|choice|move 1|move 3
|
|move|p1a: Chansey|Ice Beam|p2a: Mega Gastly
|-resisted|p2a: Mega Gastly
|-damage|p2a: Mega Gastly|200\/303 par
|cant|p2a: Mega Gastly|par
|
|turn|92
|choice|move 1|move 4
|
|move|p1a: Chansey|Ice Beam|p2a: Mega Gastly
|-resisted|p2a: Mega Gastly
|-damage|p2a: Mega Gastly|178\/303 par
|move|p2a: Mega Gastly|Rest|p2a: Mega Gastly
|-status|p2a: Mega Gastly|slp
|-heal|p2a: Mega Gastly|303\/303 slp|[silent]
|-status|p2a: Mega Gastly|slp|[from] move: Rest
|
|turn|93
|choice|switch 6|move 3
|
|switch|p1a: Lapras|Lapras|306\/463 par
|cant|p2a: Mega Gastly|slp
|
|turn|94
|choice|move 2|move 1
|
|cant|p1a: Lapras|par
|-curestatus|p2a: Mega Gastly|slp
|
|turn|95
|choice|move 2|move 1
|
|move|p1a: Lapras|Thunderbolt|p2a: Mega Gastly
|-supereffective|p2a: Mega Gastly
|-damage|p2a: Mega Gastly|150\/303
|move|p2a: Mega Gastly|Clamp|p1a: Lapras
|-crit|p1a: Lapras
|-resisted|p1a: Lapras
|-damage|p1a: Lapras|268\/463 par
|-activate|p1a: Lapras|move: Clamp|[of] p2a: Mega Gastly
|
|turn|96
|choice|move 2|move 1
|
|cant|p1a: Lapras|partiallytrapped
|move|p2a: Mega Gastly|Clamp|p1a: Lapras|[from]Clamp
|-damage|p1a: Lapras|230\/463 par
|
|-end|p1a: Lapras|Clamp|[partiallytrapped]
|turn|97
|choice|move 2|move 1
|
|move|p1a: Lapras|Thunderbolt|p2a: Mega Gastly
|-supereffective|p2a: Mega Gastly
|-damage|p2a: Mega Gastly|0 fnt
|faint|p2a: Mega Gastly
|
|win|Dice
|player|p1
|player|p2
|raw|Dice's rating: 1348 &rarr; <strong>1367<\/strong><br \/>(+19 for winning)
|raw|Ch01W0n5h1n's rating: 1325 &rarr; <strong>1306<\/strong><br \/>(-19 for losing)