|j|iwanttaper
|j|chrisnl1997
|player|p1|iwanttaper|101
|player|p2|chrisnl1997|1
|gametype|singles
|gen|1
|tier|[Gen 1] Random Battle
|rated
|seed|30157,45278,13260,41758
|rule|Sleep Clause Mod: Limit one foe put to sleep
|rule|Freeze Clause Mod: Limit one foe frozen
|rule|HP Percentage Mod: HP is shown in percentages
|
|start
|switch|p1a: Kingler|Kingler, L85|267\/267
|switch|p2a: Venomoth|Venomoth, L85|293\/293
|turn|1
|choice|move 3|move 2
|
|move|p2a: Venomoth|Sleep Powder|p1a: Kingler
|-status|p1a: Kingler|slp
|cant|p1a: Kingler|slp
|
|turn|2
|choice|move 3|move 3
|
|move|p2a: Venomoth|Mega Drain|p1a: Kingler
|-supereffective|p1a: Kingler
|-damage|p1a: Kingler|187\/267 slp
|-curestatus|p1a: Kingler|slp
|
|turn|3
|choice|move 3|move 2
|
|move|p2a: Venomoth|Sleep Powder|p1a: Kingler
|-status|p1a: Kingler|slp
|cant|p1a: Kingler|slp
|
|turn|4
|choice|move 3|move 3
|
|move|p2a: Venomoth|Mega Drain|p1a: Kingler|[miss]
|-miss|p2a: Venomoth
|cant|p1a: Kingler|slp
|
|turn|5
|choice|move 3|move 3
|
|move|p2a: Venomoth|Mega Drain|p1a: Kingler
|-supereffective|p1a: Kingler
|-damage|p1a: Kingler|115\/267 slp
|cant|p1a: Kingler|slp
|
|turn|6
|choice|move 3|move 3
|
|move|p2a: Venomoth|Mega Drain|p1a: Kingler
|-supereffective|p1a: Kingler
|-damage|p1a: Kingler|42\/267 slp
|cant|p1a: Kingler|slp
|
|turn|7
|choice|move 3|move 3
|
|move|p2a: Venomoth|Mega Drain|p1a: Kingler|[miss]
|-miss|p2a: Venomoth
|cant|p1a: Kingler|slp
|
|turn|8
|choice|move 3|move 3
|
|move|p2a: Venomoth|Mega Drain|p1a: Kingler
|-supereffective|p1a: Kingler
|-damage|p1a: Kingler|0 fnt
|faint|p1a: Kingler
|choice|switch 5|
|
|switch|p1a: Charmeleon|Charmeleon, L85|272\/272
|turn|9
|c|★chrisnl1997|how could a 100% acc move miss
|choice|move 1|move 2
|
|move|p2a: Venomoth|Sleep Powder|p1a: Charmeleon
|-status|p1a: Charmeleon|slp
|cant|p1a: Charmeleon|slp
|
|turn|10
|choice|move 1|move 4
|
|move|p2a: Venomoth|Psychic|p1a: Charmeleon
|-damage|p1a: Charmeleon|194\/272 slp
|cant|p1a: Charmeleon|slp
|
|turn|11
|choice|move 1|move 4
|
|move|p2a: Venomoth|Psychic|p1a: Charmeleon
|-damage|p1a: Charmeleon|121\/272 slp
|cant|p1a: Charmeleon|slp
|
|turn|12
|c|★iwanttaper|gen 1 miss. in the first games every single move has a small chance of missing
|choice|move 1|move 4
|
|move|p2a: Venomoth|Psychic|p1a: Charmeleon
|-damage|p1a: Charmeleon|49\/272 slp
|-unboost|p1a: Charmeleon|spd|1
|-unboost|p1a: Charmeleon|spa|1
|cant|p1a: Charmeleon|slp
|
|turn|13
|c|★chrisnl1997|i didnt know that
|c|★chrisnl1997|and i still hit every sleep powder
|choice|move 1|move 4
|
|move|p2a: Venomoth|Psychic|p1a: Charmeleon
|-damage|p1a: Charmeleon|0 fnt
|faint|p1a: Charmeleon
|c|★iwanttaper|i thought showdown took it out though not sure. and that is bullshit
|choice|switch 6|
|
|switch|p1a: Zapdos|Zapdos, L79|304\/304
|turn|14
|choice|move 4|move 2
|
|move|p2a: Venomoth|Sleep Powder|p1a: Zapdos
|-status|p1a: Zapdos|slp
|cant|p1a: Zapdos|slp
|
|turn|15
|c|★iwanttaper|what the actual fuck
|choice|move 4|move 4
|
|move|p2a: Venomoth|Psychic|p1a: Zapdos
|-damage|p1a: Zapdos|248\/304 slp
|-unboost|p1a: Zapdos|spd|1
|-unboost|p1a: Zapdos|spa|1
|cant|p1a: Zapdos|slp
|
|turn|16
|c|★chrisnl1997|75% and i hit every time
|c|★chrisnl1997|i cant beleave it
|choice|move 4|move 4
|
|move|p2a: Venomoth|Psychic|p1a: Zapdos
|-crit|p1a: Zapdos
|-damage|p1a: Zapdos|151\/304 slp
|-unboost|p1a: Zapdos|spd|1
|-unboost|p1a: Zapdos|spa|1
|cant|p1a: Zapdos|slp
|
|turn|17
|choice|move 4|move 4
|
|move|p2a: Venomoth|Psychic|p1a: Zapdos
|-crit|p1a: Zapdos
|-damage|p1a: Zapdos|41\/304 slp
|-unboost|p1a: Zapdos|spd|1
|-unboost|p1a: Zapdos|spa|1
|cant|p1a: Zapdos|slp
|
|turn|18
|c|★iwanttaper|and psychic lowering special is a 30%
|c|★chrisnl1997|yeah
|choice|switch 3|move 4
|
|switch|p1a: Machamp|Machamp, L90|345\/345
|move|p2a: Venomoth|Psychic|p1a: Machamp
|-supereffective|p1a: Machamp
|-damage|p1a: Machamp|216\/345
|
|turn|19
|choice|move 1|move 1
|
|move|p2a: Venomoth|Stun Spore|p1a: Machamp
|-status|p1a: Machamp|par
|cant|p1a: Machamp|par
|
|turn|20
|c|★chrisnl1997|i was unlucky with gigadrain but lucky with the everything else
|choice|move 1|move 4
|
|move|p2a: Venomoth|Psychic|p1a: Machamp
|-crit|p1a: Machamp
|-supereffective|p1a: Machamp
|-damage|p1a: Machamp|0 fnt
|faint|p1a: Machamp
|c|★iwanttaper|wtf that crit
|choice|switch 4|
|
|switch|p1a: Persian|Persian, L79|265\/265
|turn|21
|c|★chrisnl1997|veno has 237 speed
|choice|move 1|move 1
|
|move|p1a: Persian|Slash|p2a: Venomoth
|-crit|p2a: Venomoth
|-damage|p2a: Venomoth|173\/293
|move|p2a: Venomoth|Stun Spore|p1a: Persian
|-status|p1a: Persian|par
|
|turn|22
|choice|move 1|move 4
|
|move|p2a: Venomoth|Psychic|p1a: Persian
|-crit|p1a: Persian
|-damage|p1a: Persian|122\/265 par
|move|p1a: Persian|Slash|p2a: Venomoth
|-crit|p2a: Venomoth
|-damage|p2a: Venomoth|43\/293
|
|turn|23
|c|★iwanttaper|i guess
|choice|move 1|move 4
|
|move|p2a: Venomoth|Psychic|p1a: Persian
|-crit|p1a: Persian
|-damage|p1a: Persian|0 fnt
|faint|p1a: Persian
|choice|switch 3|
|
|switch|p1a: Zapdos|Zapdos, L79|41\/304 slp
|turn|24
|c|★chrisnl1997|how can i hit every powder move
|choice|move 2|move 4
|
|move|p2a: Venomoth|Psychic|p1a: Zapdos
|-damage|p1a: Zapdos|0 fnt
|faint|p1a: Zapdos
|choice|switch 2|
|
|switch|p1a: Kabuto|Kabuto, L96|252\/252
|turn|25
|c|★iwanttaper|i got sweeped by a fucking veno
|choice|move 2|move 2
|
|move|p2a: Venomoth|Sleep Powder|p1a: Kabuto
|-status|p1a: Kabuto|slp
|-curestatus|p1a: Kabuto|slp
|
|turn|26
|choice|move 2|move 2
|
|move|p2a: Venomoth|Sleep Powder|p1a: Kabuto
|-status|p1a: Kabuto|slp
|-curestatus|p1a: Kabuto|slp
|
|turn|27
|choice|move 2|move 2
|
|move|p2a: Venomoth|Sleep Powder|p1a: Kabuto
|-status|p1a: Kabuto|slp
|cant|p1a: Kabuto|slp
|
|turn|28
|choice|move 2|move 3
|
|move|p2a: Venomoth|Mega Drain|p1a: Kabuto
|-supereffective|p1a: Kabuto
|-damage|p1a: Kabuto|103\/252 slp
|-heal|p2a: Venomoth|117\/293|[from] drain|[of] p1a: Kabuto
|cant|p1a: Kabuto|slp
|
|turn|29
|choice|move 2|move 3
|
|move|p2a: Venomoth|Mega Drain|p1a: Kabuto
|-supereffective|p1a: Kabuto
|-damage|p1a: Kabuto|0 fnt
|-heal|p2a: Venomoth|168\/293|[from] drain|[of] p1a: Kabuto
|faint|p1a: Kabuto
|
|win|chrisnl1997
|player|p1
|player|p2
|raw|iwanttaper's rating: 1133 &rarr; <strong>1113<\/strong><br \/>(-20 for losing)
|raw|chrisnl1997's rating: 1201 &rarr; <strong>1221<\/strong><br \/>(+20 for winning)
|l|iwanttaper
|c|★chrisnl1997|gg