|join|cmhjayhawk
|join|dirtywiggles
|player|p1|cmhjayhawk|2
|player|p2|dirtywiggles|220
|gametype|singles
|gen|1
|tier|[Gen 1] Random Battle
|rule|Sleep Clause Mod: Limit one foe put to sleep
|rule|Freeze Clause Mod: Limit one foe frozen
|rule|HP Percentage Mod: HP is shown in percentages
|
|start
|switch|p1a: Magikarp|Magikarp, L99|240\/240
|switch|p2a: Parasect|Parasect, L86|279\/279
|turn|1
|
|switch|p1a: Moltres|Moltres, L86|330\/330
|move|p2a: Parasect|Stun Spore|p1a: Moltres
|-status|p1a: Moltres|par
|
|turn|2
|
|switch|p2a: Electabuzz|Electabuzz, L86|287\/287
|move|p1a: Moltres|Fire Blast|p2a: Electabuzz|[miss]
|-miss|p1a: Moltres
|
|turn|3
|
|switch|p1a: Raichu|Raichu, L86|279\/279
|move|p2a: Electabuzz|Thunderbolt|p1a: Raichu
|-crit|p1a: Raichu
|-resisted|p1a: Raichu
|-damage|p1a: Raichu|197\/279
|
|turn|4
|
|move|p2a: Electabuzz|Seismic Toss|p1a: Raichu
|-damage|p1a: Raichu|111\/279
|move|p1a: Raichu|Body Slam|p2a: Electabuzz
|-damage|p2a: Electabuzz|211\/287
|-status|p2a: Electabuzz|par
|
|turn|5
|
|switch|p1a: Lickitung|Lickitung, L86|330\/330
|move|p2a: Electabuzz|Psychic|p1a: Lickitung
|-crit|p1a: Lickitung
|-damage|p1a: Lickitung|182\/330
|
|turn|6
|
|move|p1a: Lickitung|Earthquake|p2a: Electabuzz|[miss]
|-miss|p1a: Lickitung
|move|p2a: Electabuzz|Thunder Wave|p1a: Lickitung
|-status|p1a: Lickitung|par
|
|turn|7
|
|switch|p2a: Moltres|Moltres, L86|330\/330
|cant|p1a: Lickitung|par
|
|turn|8
|
|move|p2a: Moltres|Agility|p2a: Moltres
|-boost|p2a: Moltres|spe|2
|move|p1a: Lickitung|Body Slam|p2a: Moltres
|-damage|p2a: Moltres|262\/330
|-status|p2a: Moltres|par
|
|turn|9
|
|move|p2a: Moltres|Fire Blast|p1a: Lickitung|[miss]
|-miss|p2a: Moltres
|move|p1a: Lickitung|Body Slam|p2a: Moltres
|-damage|p2a: Moltres|201\/330 par
|
|turn|10
|
|move|p2a: Moltres|Fire Blast|p1a: Lickitung|[miss]
|-miss|p2a: Moltres
|cant|p1a: Lickitung|par
|
|turn|11
|
|move|p2a: Moltres|Fire Blast|p1a: Lickitung
|-damage|p1a: Lickitung|0 fnt
|faint|p1a: Lickitung
|
|switch|p1a: Raichu|Raichu, L86|111\/279
|turn|12
|
|move|p1a: Raichu|Thunderbolt|p2a: Moltres
|-supereffective|p2a: Moltres
|-damage|p2a: Moltres|43\/330 par
|move|p2a: Moltres|Fire Blast|p1a: Raichu
|-crit|p1a: Raichu
|-damage|p1a: Raichu|0 fnt
|faint|p1a: Raichu
|
|switch|p1a: Magikarp|Magikarp, L99|240\/240
|turn|13
|
|move|p1a: Magikarp|Dragon Rage|p2a: Moltres
|-damage|p2a: Moltres|3\/330 par
|cant|p2a: Moltres|par
|
|turn|14
|
|move|p1a: Magikarp|Dragon Rage|p2a: Moltres
|-damage|p2a: Moltres|0 fnt
|faint|p2a: Moltres
|
|switch|p2a: Nidorino|Nidorino, L88|287\/287
|turn|15
|
|move|p1a: Magikarp|Dragon Rage|p2a: Nidorino
|-damage|p2a: Nidorino|247\/287
|move|p2a: Nidorino|Thunderbolt|p1a: Magikarp
|-supereffective|p1a: Magikarp
|-damage|p1a: Magikarp|57\/240
|
|turn|16
|
|move|p1a: Magikarp|Dragon Rage|p2a: Nidorino
|-damage|p2a: Nidorino|207\/287
|move|p2a: Nidorino|Body Slam|p1a: Magikarp
|-crit|p1a: Magikarp
|-damage|p1a: Magikarp|0 fnt
|faint|p1a: Magikarp
|
|switch|p1a: Dragonite|Dragonite, L82|317\/317
|turn|17
|
|move|p1a: Dragonite|Surf|p2a: Nidorino
|-damage|p2a: Nidorino|127\/287
|move|p2a: Nidorino|Body Slam|p1a: Dragonite
|-damage|p1a: Dragonite|263\/317
|
|turn|18
|
|move|p1a: Dragonite|Surf|p2a: Nidorino
|-damage|p2a: Nidorino|40\/287
|move|p2a: Nidorino|Body Slam|p1a: Dragonite
|-damage|p1a: Dragonite|209\/317
|
|turn|19
|
|move|p1a: Dragonite|Surf|p2a: Nidorino
|-damage|p2a: Nidorino|0 fnt
|faint|p2a: Nidorino
|
|switch|p2a: Mr. Mime|Mr. Mime, L86|244\/244
|turn|20
|
|move|p2a: Mr. Mime|Thunder Wave|p1a: Dragonite
|-status|p1a: Dragonite|par
|cant|p1a: Dragonite|par
|
|turn|21
|
|move|p2a: Mr. Mime|Psychic|p1a: Dragonite
|-damage|p1a: Dragonite|106\/317 par
|move|p1a: Dragonite|Blizzard|p2a: Mr. Mime|[miss]
|-miss|p1a: Dragonite
|
|turn|22
|
|move|p2a: Mr. Mime|Psychic|p1a: Dragonite
|-damage|p1a: Dragonite|9\/317 par
|cant|p1a: Dragonite|par
|
|turn|23
|
|move|p2a: Mr. Mime|Psychic|p1a: Dragonite
|-damage|p1a: Dragonite|0 fnt
|faint|p1a: Dragonite
|
|switch|p1a: Golduck|Golduck, L86|313\/313
|turn|24
|
|move|p2a: Mr. Mime|Thunder Wave|p1a: Golduck
|-status|p1a: Golduck|par
|move|p1a: Golduck|Amnesia|p1a: Golduck
|-boost|p1a: Golduck|spd|2
|-boost|p1a: Golduck|spa|2
|
|turn|25
|
|move|p2a: Mr. Mime|Seismic Toss|p1a: Golduck
|-damage|p1a: Golduck|227\/313 par
|move|p1a: Golduck|Amnesia|p1a: Golduck
|-boost|p1a: Golduck|spd|2
|-boost|p1a: Golduck|spa|2
|
|turn|26
|
|move|p2a: Mr. Mime|Seismic Toss|p1a: Golduck
|-damage|p1a: Golduck|141\/313 par
|move|p1a: Golduck|Blizzard|p2a: Mr. Mime
|-damage|p2a: Mr. Mime|43\/244
|
|turn|27
|
|move|p2a: Mr. Mime|Seismic Toss|p1a: Golduck
|-damage|p1a: Golduck|55\/313 par
|move|p1a: Golduck|Rest|p1a: Golduck
|-status|p1a: Golduck|slp
|-heal|p1a: Golduck|313\/313 slp|[silent]
|-status|p1a: Golduck|slp|[from] move: Rest
|
|turn|28
|
|switch|p2a: Parasect|Parasect, L86|279\/279
|cant|p1a: Golduck|slp
|
|turn|29
|
|switch|p1a: Moltres|Moltres, L86|330\/330 par
|move|p2a: Parasect|Swords Dance|p2a: Parasect
|-boost|p2a: Parasect|atk|2
|
|turn|30
|
|move|p2a: Parasect|Body Slam|p1a: Moltres
|-damage|p1a: Moltres|207\/330 par
|cant|p1a: Moltres|par
|
|turn|31
|
|switch|p2a: Venomoth|Venomoth, L86|296\/296
|move|p1a: Moltres|Fire Blast|p2a: Venomoth
|-crit|p2a: Venomoth
|-supereffective|p2a: Venomoth
|-damage|p2a: Venomoth|0 fnt
|faint|p2a: Venomoth
|
|switch|p2a: Electabuzz|Electabuzz, L86|211\/287 par
|turn|32
|
|move|p2a: Electabuzz|Thunderbolt|p1a: Moltres
|-supereffective|p1a: Moltres
|-damage|p1a: Moltres|58\/330 par
|move|p1a: Moltres|Fire Blast|p2a: Electabuzz
|-damage|p2a: Electabuzz|65\/287 par
|
|turn|33
|
|cant|p2a: Electabuzz|par
|move|p1a: Moltres|Hyper Beam|p2a: Electabuzz
|-crit|p2a: Electabuzz
|-damage|p2a: Electabuzz|0 fnt
|faint|p2a: Electabuzz
|
|switch|p2a: Mr. Mime|Mr. Mime, L86|43\/244
|turn|34
|
|move|p2a: Mr. Mime|Thunderbolt|p1a: Moltres
|-supereffective|p1a: Moltres
|-damage|p1a: Moltres|0 fnt
|faint|p1a: Moltres
|
|switch|p1a: Golduck|Golduck, L86|313\/313 slp
|turn|35
|
|move|p2a: Mr. Mime|Thunderbolt|p1a: Golduck
|-supereffective|p1a: Golduck
|-damage|p1a: Golduck|172\/313 slp
|cant|p1a: Golduck|slp
|-curestatus|p1a: Golduck|slp
|
|turn|36
|
|move|p2a: Mr. Mime|Thunderbolt|p1a: Golduck
|-crit|p1a: Golduck
|-supereffective|p1a: Golduck
|-damage|p1a: Golduck|0 fnt
|faint|p1a: Golduck
|
|win|dirtywiggles
|leave|cmhjayhawk