|join|eldougi
|join|yaldyyyy
|player|p1|eldougi|170
|player|p2|yaldyyyy|266
|gametype|singles
|gen|1
|tier|[Gen 1] Random Battle
|rated
|rule|Sleep Clause Mod: Limit one foe put to sleep
|rule|Freeze Clause Mod: Limit one foe frozen
|rule|HP Percentage Mod: HP is shown in percentages
|
|start
|switch|p1a: Growlithe|Growlithe, L96|300\/300
|switch|p2a: Vulpix|Vulpix, L96|268\/268
|turn|1
|
|move|p2a: Vulpix|Toxic|p1a: Growlithe|[miss]
|-miss|p2a: Vulpix
|move|p1a: Growlithe|Reflect|p1a: Growlithe
|-start|p1a: Growlithe|Reflect
|
|turn|2
|
|move|p2a: Vulpix|Toxic|p1a: Growlithe
|-status|p1a: Growlithe|tox
|move|p1a: Growlithe|Body Slam|p2a: Vulpix
|-crit|p2a: Vulpix
|-damage|p2a: Vulpix|109\/268
|-damage|p1a: Growlithe|282\/300 tox|[from] tox|[of] p2a: Vulpix
|
|turn|3
|
|move|p2a: Vulpix|Confuse Ray|p1a: Growlithe
|-start|p1a: Growlithe|confusion
|-activate|p1a: Growlithe|confusion
|-damage|p1a: Growlithe|240\/300 tox|[from] confusion
|-damage|p1a: Growlithe|204\/300 tox|[from] tox|[of] p2a: Vulpix
|
|turn|4
|
|switch|p2a: Machoke|Machoke, L85|310\/310
|switch|p1a: Rhydon|Rhydon, L79|328\/328
|
|turn|5
|
|switch|p1a: Haunter|Haunter, L85|250\/250
|move|p2a: Machoke|Earthquake|p1a: Haunter
|-supereffective|p1a: Haunter
|-damage|p1a: Haunter|25\/250
|
|turn|6
|
|move|p1a: Haunter|Hypnosis|p2a: Machoke|[miss]
|-miss|p1a: Haunter
|move|p2a: Machoke|Earthquake|p1a: Haunter
|-supereffective|p1a: Haunter
|-damage|p1a: Haunter|0 fnt
|faint|p1a: Haunter
|
|switch|p1a: Jynx|Jynx, L79|265\/265
|turn|7
|
|switch|p2a: Nidorina|Nidorina, L90|309\/309
|move|p1a: Jynx|Lovely Kiss|p2a: Nidorina
|-status|p2a: Nidorina|slp
|
|turn|8
|
|switch|p2a: Vulpix|Vulpix, L96|109\/268
|move|p1a: Jynx|Psychic|p2a: Vulpix
|-damage|p2a: Vulpix|23\/268
|
|turn|9
|
|switch|p1a: Growlithe|Growlithe, L96|204\/300 tox
|-status|p1a: Growlithe|psn
|-damage|p1a: Growlithe|186\/300 psn|[from] psn
|move|p2a: Vulpix|Fire Blast|p1a: Growlithe
|-crit|p1a: Growlithe
|-resisted|p1a: Growlithe
|-damage|p1a: Growlithe|42\/300 psn
|
|turn|10
|
|move|p2a: Vulpix|Fire Blast|p1a: Growlithe
|-resisted|p1a: Growlithe
|-damage|p1a: Growlithe|0 fnt
|faint|p1a: Growlithe
|
|switch|p1a: Seaking|Seaking, L90|327\/327
|turn|11
|
|move|p2a: Vulpix|Confuse Ray|p1a: Seaking
|-start|p1a: Seaking|confusion
|-activate|p1a: Seaking|confusion
|-damage|p1a: Seaking|288\/327|[from] confusion
|
|turn|12
|
|move|p2a: Vulpix|Toxic|p1a: Seaking
|-status|p1a: Seaking|tox
|-activate|p1a: Seaking|confusion
|-damage|p1a: Seaking|249\/327 tox|[from] confusion
|-damage|p1a: Seaking|229\/327 tox|[from] tox|[of] p2a: Vulpix
|
|turn|13
|
|move|p2a: Vulpix|Fire Blast|p1a: Seaking
|-crit|p1a: Seaking
|-resisted|p1a: Seaking
|-damage|p1a: Seaking|105\/327 tox
|-activate|p1a: Seaking|confusion
|-damage|p1a: Seaking|66\/327 tox|[from] confusion
|-damage|p1a: Seaking|26\/327 tox|[from] tox|[of] p2a: Vulpix
|
|turn|14
|
|move|p2a: Vulpix|Fire Blast|p1a: Seaking
|-resisted|p1a: Seaking
|-damage|p1a: Seaking|0 fnt
|faint|p1a: Seaking
|
|switch|p1a: Rhydon|Rhydon, L79|328\/328
|turn|15
|
|move|p2a: Vulpix|Confuse Ray|p1a: Rhydon
|-start|p1a: Rhydon|confusion
|-activate|p1a: Rhydon|confusion
|-damage|p1a: Rhydon|299\/328|[from] confusion
|
|turn|16
|
|move|p2a: Vulpix|Toxic|p1a: Rhydon
|-status|p1a: Rhydon|tox
|-end|p1a: Rhydon|confusion
|move|p1a: Rhydon|Earthquake|p2a: Vulpix
|-supereffective|p2a: Vulpix
|-damage|p2a: Vulpix|0 fnt
|faint|p2a: Vulpix
|c|★eldougi|gg
|
|switch|p2a: Kangaskhan|Kangaskhan, L85|352\/352
|turn|17
|
|move|p2a: Kangaskhan|Earthquake|p1a: Rhydon
|-supereffective|p1a: Rhydon
|-damage|p1a: Rhydon|176\/328 tox
|move|p1a: Rhydon|Earthquake|p2a: Kangaskhan
|-crit|p2a: Kangaskhan
|-damage|p2a: Kangaskhan|135\/352
|-damage|p1a: Rhydon|156\/328 tox|[from] tox|[of] p2a: Kangaskhan
|
|turn|18
|
|move|p2a: Kangaskhan|Earthquake|p1a: Rhydon
|-supereffective|p1a: Rhydon
|-damage|p1a: Rhydon|38\/328 tox
|move|p1a: Rhydon|Earthquake|p2a: Kangaskhan
|-damage|p2a: Kangaskhan|17\/352
|-damage|p1a: Rhydon|0 fnt|[from] tox|[of] p2a: Kangaskhan
|faint|p1a: Rhydon
|
|switch|p1a: Articuno|Articuno, L79|304\/304
|turn|19
|
|move|p2a: Kangaskhan|Hyper Beam|p1a: Articuno|[miss]
|-miss|p2a: Kangaskhan
|move|p1a: Articuno|Ice Beam|p2a: Kangaskhan
|-damage|p2a: Kangaskhan|0 fnt
|faint|p2a: Kangaskhan
|
|switch|p2a: Charmeleon|Charmeleon, L85|272\/272
|turn|20
|
|move|p2a: Charmeleon|Fire Blast|p1a: Articuno|[miss]
|-miss|p2a: Charmeleon
|move|p1a: Articuno|Ice Beam|p2a: Charmeleon
|-damage|p2a: Charmeleon|154\/272
|
|turn|21
|
|move|p2a: Charmeleon|Fire Blast|p1a: Articuno
|-supereffective|p1a: Articuno
|-damage|p1a: Articuno|140\/304
|-status|p1a: Articuno|brn
|move|p1a: Articuno|Ice Beam|p2a: Charmeleon
|-damage|p2a: Charmeleon|21\/272
|-damage|p1a: Articuno|121\/304 brn|[from] brn|[of] p2a: Charmeleon
|
|turn|22
|
|move|p2a: Charmeleon|Fire Blast|p1a: Articuno
|-supereffective|p1a: Articuno
|-damage|p1a: Articuno|0 fnt
|faint|p1a: Articuno
|
|switch|p1a: Jynx|Jynx, L79|265\/265
|turn|23
|
|move|p1a: Jynx|Psychic|p2a: Charmeleon
|-damage|p2a: Charmeleon|0 fnt
|faint|p2a: Charmeleon
|
|switch|p2a: Machoke|Machoke, L85|310\/310
|turn|24
|
|move|p1a: Jynx|Psychic|p2a: Machoke
|-supereffective|p2a: Machoke
|-damage|p2a: Machoke|94\/310
|move|p2a: Machoke|Earthquake|p1a: Jynx
|-damage|p1a: Jynx|147\/265
|
|turn|25
|
|move|p1a: Jynx|Psychic|p2a: Machoke
|-supereffective|p2a: Machoke
|-damage|p2a: Machoke|0 fnt
|faint|p2a: Machoke
|
|switch|p2a: Pidgeotto|Pidgeotto, L90|297\/297
|turn|26
|
|move|p1a: Jynx|Blizzard|p2a: Pidgeotto
|-crit|p2a: Pidgeotto
|-supereffective|p2a: Pidgeotto
|-damage|p2a: Pidgeotto|0 fnt
|faint|p2a: Pidgeotto
|
|switch|p2a: Nidorina|Nidorina, L90|309\/309 slp
|turn|27
|
|move|p1a: Jynx|Psychic|p2a: Nidorina
|-supereffective|p2a: Nidorina
|-damage|p2a: Nidorina|108\/309 slp
|-unboost|p2a: Nidorina|spd|1
|-unboost|p2a: Nidorina|spa|1
|cant|p2a: Nidorina|slp
|
|turn|28
|
|move|p1a: Jynx|Psychic|p2a: Nidorina
|-crit|p2a: Nidorina
|-supereffective|p2a: Nidorina
|-damage|p2a: Nidorina|0 fnt
|faint|p2a: Nidorina
|
|win|eldougi
|raw|Ladder updating...