|j|Diegolh
|j|SchrodingerTheCat
|player|p1|Diegolh|209
|player|p2|SchrodingerTheCat|120
|gametype|singles
|gen|1
|tier|[Gen 1] OU
|rated
|seed|28999,7656,26842,45542
|rule|Sleep Clause Mod: Limit one foe put to sleep
|rule|Freeze Clause Mod: Limit one foe frozen
|rule|Species Clause: Limit one of each Pokémon
|rule|OHKO Clause: OHKO moves are banned
|rule|Evasion Moves Clause: Evasion moves are banned
|rule|HP Percentage Mod: HP is shown in percentages
|
|start
|switch|p1a: Tauros|Tauros|353\/353
|switch|p2a: Lapras|Lapras|463\/463
|turn|1
|choice|move 1|move 1
|
|move|p1a: Tauros|Body Slam|p2a: Lapras
|-damage|p2a: Lapras|348\/463
|move|p2a: Lapras|Ice Beam|p1a: Tauros
|-damage|p1a: Tauros|205\/353
|
|turn|2
|choice|switch 2|move 1
|
|switch|p1a: Slowbro|Slowbro|393\/393
|move|p2a: Lapras|Ice Beam|p1a: Slowbro
|-resisted|p1a: Slowbro
|-damage|p1a: Slowbro|333\/393
|
|turn|3
|choice|move 3|move 4
|
|move|p2a: Lapras|Thunderbolt|p1a: Slowbro
|-supereffective|p1a: Slowbro
|-damage|p1a: Slowbro|152\/393
|move|p1a: Slowbro|Thunder Wave|p2a: Lapras
|-status|p2a: Lapras|par
|
|turn|4
|choice|switch 4|move 4
|
|switch|p1a: Chansey|Chansey|703\/703
|move|p2a: Lapras|Thunderbolt|p1a: Chansey
|-crit|p1a: Chansey
|-damage|p1a: Chansey|571\/703
|
|turn|5
|choice|move 4|switch 4
|
|switch|p2a: Persian|Persian|333\/333
|move|p1a: Chansey|Thunderbolt|p2a: Persian
|-damage|p2a: Persian|226\/333
|
|turn|6
|choice|move 3|move 2
|
|move|p2a: Persian|Toxic|p1a: Chansey
|-status|p1a: Chansey|tox
|move|p1a: Chansey|Thunder Wave|p2a: Persian
|-status|p2a: Persian|par
|-damage|p1a: Chansey|528\/703 tox|[from] tox|[of] p2a: Persian
|
|turn|7
|choice|move 2|move 4
|
|move|p1a: Chansey|Soft-Boiled|p1a: Chansey
|-heal|p1a: Chansey|703\/703 tox
|-damage|p1a: Chansey|617\/703 tox|[from] psn
|move|p2a: Persian|Slash|p1a: Chansey
|-crit|p1a: Chansey
|-damage|p1a: Chansey|280\/703 tox
|
|turn|8
|choice|move 2|move 4
|
|move|p1a: Chansey|Soft-Boiled|p1a: Chansey
|-heal|p1a: Chansey|631\/703 tox
|-damage|p1a: Chansey|502\/703 tox|[from] psn
|move|p2a: Persian|Slash|p1a: Chansey
|-crit|p1a: Chansey
|-damage|p1a: Chansey|127\/703 tox
|
|turn|9
|choice|switch 5|move 4
|
|switch|p1a: Rhydon|Rhydon|413\/413
|move|p2a: Persian|Slash|p1a: Rhydon
|-crit|p1a: Rhydon
|-resisted|p1a: Rhydon
|-damage|p1a: Rhydon|360\/413
|
|turn|10
|choice|move 3|switch 4
|
|switch|p2a: Lapras|Lapras|348\/463 par
|move|p1a: Rhydon|Substitute|p1a: Rhydon
|-start|p1a: Rhydon|Substitute
|-damage|p1a: Rhydon|257\/413
|
|turn|11
|choice|move 2|move 3
|
|move|p1a: Rhydon|Rock Slide|p2a: Lapras
|-supereffective|p2a: Lapras
|-damage|p2a: Lapras|100\/463 par
|move|p2a: Lapras|Surf|p1a: Rhydon
|-supereffective|p1a: Rhydon
|-end|p1a: Rhydon|Substitute
|
|turn|12
|choice|move 2|switch 2
|
|switch|p2a: Exeggutor|Exeggutor|393\/393
|move|p1a: Rhydon|Rock Slide|p2a: Exeggutor
|-damage|p2a: Exeggutor|283\/393
|
|turn|13
|choice|switch 5|move 3
|
|switch|p1a: Chansey|Chansey|127\/703 tox
|-status|p1a: Chansey|psn
|-damage|p1a: Chansey|84\/703 psn|[from] psn
|move|p2a: Exeggutor|Psychic|p1a: Chansey
|-damage|p1a: Chansey|0 fnt
|faint|p1a: Chansey
|choice|switch 6|
|
|switch|p1a: Lapras|Lapras|463\/463
|turn|14
|choice|move 1|move 1
|
|move|p1a: Lapras|Blizzard|p2a: Exeggutor|[miss]
|-miss|p1a: Lapras
|move|p2a: Exeggutor|Leech Seed|p1a: Lapras
|-start|p1a: Lapras|move: Leech Seed
|
|turn|15
|choice|move 1|switch 2
|
|switch|p2a: Lapras|Lapras|100\/463 par
|move|p1a: Lapras|Blizzard|p2a: Lapras
|-resisted|p2a: Lapras
|-damage|p2a: Lapras|68\/463 par
|-damage|p1a: Lapras|435\/463|[from] Leech Seed|[of] p2a: Lapras
|-heal|p2a: Lapras|96\/463 par|[silent]
|
|turn|16
|choice|move 2|move 4
|
|move|p1a: Lapras|Thunderbolt|p2a: Lapras
|-supereffective|p2a: Lapras
|-damage|p2a: Lapras|0 fnt
|faint|p2a: Lapras
|choice||switch 5
|
|switch|p2a: Alakazam|Alakazam|313\/313
|turn|17
|choice|move 2|move 2
|
|move|p2a: Alakazam|Psychic|p1a: Lapras
|-damage|p1a: Lapras|293\/463
|move|p1a: Lapras|Thunderbolt|p2a: Alakazam
|-damage|p2a: Alakazam|256\/313
|-damage|p1a: Lapras|265\/463|[from] Leech Seed|[of] p2a: Alakazam
|-heal|p2a: Alakazam|284\/313|[silent]
|
|turn|18
|choice|switch 4|move 3
|
|switch|p1a: Slowbro|Slowbro|152\/393
|move|p2a: Alakazam|Thunder Wave|p1a: Slowbro
|-status|p1a: Slowbro|par
|
|turn|19
|choice|move 4|move 4
|
|move|p2a: Alakazam|Seismic Toss|p1a: Slowbro
|-damage|p1a: Slowbro|52\/393 par
|cant|p1a: Slowbro|par
|
|turn|20
|choice|move 4|move 4
|
|move|p2a: Alakazam|Seismic Toss|p1a: Slowbro
|-damage|p1a: Slowbro|0 fnt
|faint|p1a: Slowbro
|choice|switch 3|
|
|switch|p1a: Alakazam|Alakazam|313\/313
|turn|21
|choice|move 3|move 3
|
|move|p2a: Alakazam|Thunder Wave|p1a: Alakazam
|-status|p1a: Alakazam|par
|move|p1a: Alakazam|Thunder Wave|p2a: Alakazam
|-status|p2a: Alakazam|par
|
|turn|22
|choice|move 1|move 4
|
|move|p1a: Alakazam|Psychic|p2a: Alakazam
|-resisted|p2a: Alakazam
|-damage|p2a: Alakazam|235\/313 par
|cant|p2a: Alakazam|par
|
|turn|23
|choice|move 1|switch 2
|
|switch|p2a: Exeggutor|Exeggutor|283\/393
|move|p1a: Alakazam|Psychic|p2a: Exeggutor
|-resisted|p2a: Exeggutor
|-damage|p2a: Exeggutor|230\/393
|
|turn|24
|choice|move 3|move 1
|
|move|p2a: Exeggutor|Leech Seed|p1a: Alakazam
|-start|p1a: Alakazam|move: Leech Seed
|move|p1a: Alakazam|Thunder Wave|p2a: Exeggutor
|-status|p2a: Exeggutor|par
|-damage|p1a: Alakazam|294\/313 par|[from] Leech Seed|[of] p2a: Exeggutor
|-heal|p2a: Exeggutor|249\/393 par|[silent]
|
|turn|25
|choice|switch 4|move 2
|
|switch|p1a: Lapras|Lapras|265\/463
|move|p2a: Exeggutor|Mega Drain|p1a: Lapras
|-supereffective|p1a: Lapras
|-damage|p1a: Lapras|144\/463
|-heal|p2a: Exeggutor|309\/393 par|[from] drain|[of] p1a: Lapras
|
|turn|26
|choice|move 1|switch 6
|
|switch|p2a: Tauros|Tauros|353\/353
|move|p1a: Lapras|Blizzard|p2a: Tauros
|-damage|p2a: Tauros|192\/353
|
|turn|27
|choice|move 1|move 4
|
|move|p2a: Tauros|Thunderbolt|p1a: Lapras
|-supereffective|p1a: Lapras
|-damage|p1a: Lapras|20\/463
|move|p1a: Lapras|Blizzard|p2a: Tauros
|-damage|p2a: Tauros|23\/353
|
|turn|28
|choice|move 2|move 4
|
|move|p2a: Tauros|Thunderbolt|p1a: Lapras
|-supereffective|p1a: Lapras
|-damage|p1a: Lapras|0 fnt
|faint|p1a: Lapras
|choice|switch 4|
|
|switch|p1a: Alakazam|Alakazam|294\/313 par
|turn|29
|choice|move 1|move 1
|
|move|p2a: Tauros|Earthquake|p1a: Alakazam
|-crit|p1a: Alakazam
|-damage|p1a: Alakazam|43\/313 par
|cant|p1a: Alakazam|par
|
|turn|30
|choice|move 1|move 3
|
|move|p2a: Tauros|Body Slam|p1a: Alakazam
|-damage|p1a: Alakazam|0 fnt
|faint|p1a: Alakazam
|choice|switch 2|
|
|switch|p1a: Tauros|Tauros|205\/353
|turn|31
|choice|move 1|move 1
|
|move|p2a: Tauros|Earthquake|p1a: Tauros
|-crit|p1a: Tauros
|-damage|p1a: Tauros|49\/353
|move|p1a: Tauros|Body Slam|p2a: Tauros
|-damage|p2a: Tauros|0 fnt
|faint|p2a: Tauros
|choice||switch 4
|
|switch|p2a: Persian|Persian|226\/333 par
|turn|32
|choice|move 1|move 1
|
|move|p1a: Tauros|Body Slam|p2a: Persian
|-damage|p2a: Persian|90\/333 par
|move|p2a: Persian|Thunderbolt|p1a: Tauros
|-crit|p1a: Tauros
|-damage|p1a: Tauros|0 fnt
|faint|p1a: Tauros
|choice|switch 5|
|
|switch|p1a: Rhydon|Rhydon|257\/413
|turn|33
|choice|move 3|move 2
|
|move|p1a: Rhydon|Substitute|p1a: Rhydon
|-start|p1a: Rhydon|Substitute
|-damage|p1a: Rhydon|154\/413
|move|p2a: Persian|Toxic|p1a: Rhydon
|-fail|p1a: Rhydon
|
|turn|34
|choice|move 1|move 3
|
|move|p1a: Rhydon|Earthquake|p2a: Persian
|-crit|p2a: Persian
|-damage|p2a: Persian|0 fnt
|faint|p2a: Persian
|choice||switch 6
|
|switch|p2a: Exeggutor|Exeggutor|309\/393 par
|turn|35
|choice|move 4|move 3
|
|move|p1a: Rhydon|Body Slam|p2a: Exeggutor
|-damage|p2a: Exeggutor|218\/393 par
|cant|p2a: Exeggutor|par
|
|turn|36
|choice|move 4|move 3
|
|move|p1a: Rhydon|Body Slam|p2a: Exeggutor
|-damage|p2a: Exeggutor|126\/393 par
|move|p2a: Exeggutor|Psychic|p1a: Rhydon
|-end|p1a: Rhydon|Substitute
|
|turn|37
|choice|move 4|move 1
|
|move|p1a: Rhydon|Body Slam|p2a: Exeggutor
|-damage|p2a: Exeggutor|38\/393 par
|cant|p2a: Exeggutor|par
|
|turn|38
|choice|move 4|move 1
|
|move|p1a: Rhydon|Body Slam|p2a: Exeggutor
|-damage|p2a: Exeggutor|0 fnt
|faint|p2a: Exeggutor
|choice||switch 2
|
|switch|p2a: Alakazam|Alakazam|235\/313 par
|turn|39
|choice|move 1|move 2
|
|move|p1a: Rhydon|Earthquake|p2a: Alakazam
|-damage|p2a: Alakazam|0 fnt
|faint|p2a: Alakazam
|choice||switch 3
|
|switch|p2a: Arcanine|Arcanine|383\/383
|turn|40
|choice|move 1|move 3
|
|move|p2a: Arcanine|Reflect|p2a: Arcanine
|-start|p2a: Arcanine|Reflect
|move|p1a: Rhydon|Earthquake|p2a: Arcanine
|-supereffective|p2a: Arcanine
|-damage|p2a: Arcanine|208\/383
|
|turn|41
|choice|move 1|move 2
|
|move|p2a: Arcanine|Flamethrower|p1a: Rhydon
|-resisted|p1a: Rhydon
|-damage|p1a: Rhydon|77\/413
|move|p1a: Rhydon|Earthquake|p2a: Arcanine
|-supereffective|p2a: Arcanine
|-damage|p2a: Arcanine|50\/383
|
|turn|42
|choice|move 1|move 2
|
|move|p2a: Arcanine|Flamethrower|p1a: Rhydon
|-resisted|p1a: Rhydon
|-damage|p1a: Rhydon|4\/413
|move|p1a: Rhydon|Earthquake|p2a: Arcanine
|-crit|p2a: Arcanine
|-supereffective|p2a: Arcanine
|-damage|p2a: Arcanine|0 fnt
|faint|p2a: Arcanine
|
|win|Diegolh
|player|p1
|player|p2
|raw|Diegolh's rating: 1000 &rarr; <strong>1047<\/strong><br \/>(+47 for winning)
|raw|SchrodingerTheCat's rating: 1062 &rarr; <strong>1039<\/strong><br \/>(-23 for losing)
|c|★Diegolh|ggwp
|l|SchrodingerTheCat