|j|Judo
|j|KarateBestM.Art
|player|p1|Judo|70
|player|p2|KarateBestM.Art|169
|gametype|singles
|gen|1
|tier|[Gen 1] OU
|seed|
|rule|Sleep Clause Mod: Limit one foe put to sleep
|rule|Freeze Clause Mod: Limit one foe frozen
|rule|Species Clause: Limit one of each Pokémon
|rule|OHKO Clause: OHKO moves are banned
|rule|Evasion Moves Clause: Evasion moves are banned
|rule|HP Percentage Mod: HP is shown in percentages
|
|start
|switch|p1a: JANOMI4LYF|Jynx|100\/100
|switch|p2a: Jolteon|Jolteon|100\/100
|turn|1
|j|gymNmons
|c|★Judo|hey mike
|choice||
|
|move|p2a: Jolteon|Thunder|p1a: JANOMI4LYF
|-damage|p1a: JANOMI4LYF|52\/100
|move|p1a: JANOMI4LYF|Lovely Kiss|p2a: Jolteon
|-status|p2a: Jolteon|slp
|
|turn|2
|c| gymNmons|hi!
|choice||
|
|cant|p2a: Jolteon|slp
|move|p1a: JANOMI4LYF|Reflect|p1a: JANOMI4LYF
|-start|p1a: JANOMI4LYF|Reflect
|
|turn|3
|choice||
|
|switch|p1a: GYMNMONS RAWR|Persian|100\/100
|cant|p2a: Jolteon|slp
|
|turn|4
|choice||
|
|switch|p2a: Golem|Golem|100\/100
|move|p1a: GYMNMONS RAWR|Screech|p2a: Golem
|-unboost|p2a: Golem|def|2
|
|turn|5
|c| gymNmons|i find that offensive :\/
|choice||
|
|move|p1a: GYMNMONS RAWR|Body Slam|p2a: Golem
|-resisted|p2a: Golem
|-damage|p2a: Golem|81\/100
|move|p2a: Golem|Earthquake|p1a: GYMNMONS RAWR
|-damage|p1a: GYMNMONS RAWR|46\/100
|
|turn|6
|choice||
|
|switch|p1a: DJ DOLMAN STR8 FIY|Moltres|100\/100
|move|p2a: Golem|Rock Slide|p1a: DJ DOLMAN STR8 FIY
|-supereffective|p1a: DJ DOLMAN STR8 FIY
|-damage|p1a: DJ DOLMAN STR8 FIY|0 fnt
|faint|p1a: DJ DOLMAN STR8 FIY
|choice||
|
|switch|p1a: JANOMI4LYF|Jynx|52\/100
|turn|7
|choice||
|
|switch|p2a: Starmie|Starmie|100\/100
|move|p1a: JANOMI4LYF|Blizzard|p2a: Starmie
|-resisted|p2a: Starmie
|-damage|p2a: Starmie|81\/100
|
|turn|8
|choice||
|
|switch|p1a: PET SHIVVERS ILY|Chansey|100\/100
|move|p2a: Starmie|Hydro Pump|p1a: PET SHIVVERS ILY|[miss]
|-miss|p2a: Starmie
|
|turn|9
|choice||
|
|switch|p2a: Golem|Golem|81\/100
|move|p1a: PET SHIVVERS ILY|Reflect|p1a: PET SHIVVERS ILY
|-start|p1a: PET SHIVVERS ILY|Reflect
|
|turn|10
|choice||
|
|move|p1a: PET SHIVVERS ILY|Blizzard|p2a: Golem
|-supereffective|p2a: Golem
|-damage|p2a: Golem|2\/100
|move|p2a: Golem|Body Slam|p1a: PET SHIVVERS ILY
|-damage|p1a: PET SHIVVERS ILY|86\/100
|
|turn|11
|choice||
|
|move|p1a: PET SHIVVERS ILY|Blizzard|p2a: Golem
|-crit|p2a: Golem
|-supereffective|p2a: Golem
|-damage|p2a: Golem|0 fnt
|faint|p2a: Golem
|choice||
|
|switch|p2a: Dragonite|Dragonite|100\/100
|turn|12
|choice||
|
|move|p2a: Dragonite|Wrap|p1a: PET SHIVVERS ILY
|-damage|p1a: PET SHIVVERS ILY|83\/100
|cant|p1a: PET SHIVVERS ILY|partiallytrapped
|
|turn|13
|choice||
|
|move|p2a: Dragonite|Wrap|p1a: PET SHIVVERS ILY|[from]Wrap
|-damage|p1a: PET SHIVVERS ILY|80\/100
|cant|p1a: PET SHIVVERS ILY|partiallytrapped
|
|turn|14
|choice||
|
|switch|p1a: JANOMI4LYF|Jynx|52\/100
|move|p2a: Dragonite|Wrap|p1a: JANOMI4LYF
|-damage|p1a: JANOMI4LYF|43\/100
|
|turn|15
|choice||
|
|cant|p1a: JANOMI4LYF|partiallytrapped
|move|p2a: Dragonite|Wrap|p1a: JANOMI4LYF|[from]Wrap
|-damage|p1a: JANOMI4LYF|34\/100
|
|turn|16
|choice||
|
|switch|p2a: Chansey|Chansey|100\/100
|move|p1a: JANOMI4LYF|Blizzard|p2a: Chansey
|-damage|p2a: Chansey|81\/100
|-status|p2a: Chansey|frz
|
|turn|17
|choice||
|
|switch|p1a: LORD BOYT BAE|Golem|100\/100
|cant|p2a: Chansey|frz
|
|turn|18
|choice||
|
|cant|p2a: Chansey|frz
|move|p1a: LORD BOYT BAE|Body Slam|p2a: Chansey
|-damage|p2a: Chansey|52\/100 frz
|
|turn|19
|choice||
|
|cant|p2a: Chansey|frz
|move|p1a: LORD BOYT BAE|Body Slam|p2a: Chansey
|-damage|p2a: Chansey|22\/100 frz
|
|turn|20
|choice||
|
|cant|p2a: Chansey|frz
|move|p1a: LORD BOYT BAE|Body Slam|p2a: Chansey
|-damage|p2a: Chansey|0 fnt
|faint|p2a: Chansey
|choice||
|
|switch|p2a: Starmie|Starmie|81\/100
|turn|21
|choice||
|
|switch|p1a: PET SHIVVERS ILY|Chansey|80\/100
|move|p2a: Starmie|Hydro Pump|p1a: PET SHIVVERS ILY
|-damage|p1a: PET SHIVVERS ILY|62\/100
|
|turn|22
|choice||
|
|move|p2a: Starmie|Blizzard|p1a: PET SHIVVERS ILY
|-damage|p1a: PET SHIVVERS ILY|50\/100
|move|p1a: PET SHIVVERS ILY|Thunder Wave|p2a: Starmie
|-status|p2a: Starmie|par
|
|turn|23
|choice||
|
|switch|p1a: CANT TOUCH KHAAMO|Gengar|100\/100
|switch|p2a: Dragonite|Dragonite|100\/100
|
|turn|24
|choice||
|
|switch|p2a: Alakazam|Alakazam|100\/100
|move|p1a: CANT TOUCH KHAAMO|Psychic|p2a: Alakazam
|-resisted|p2a: Alakazam
|-damage|p2a: Alakazam|89\/100
|-unboost|p2a: Alakazam|spd|1
|-unboost|p2a: Alakazam|spa|1
|
|turn|25
|choice||
|
|move|p2a: Alakazam|Psychic|p1a: CANT TOUCH KHAAMO
|-supereffective|p1a: CANT TOUCH KHAAMO
|-damage|p1a: CANT TOUCH KHAAMO|59\/100
|move|p1a: CANT TOUCH KHAAMO|Explosion|p2a: Alakazam
|-damage|p2a: Alakazam|0 fnt
|faint|p2a: Alakazam
|faint|p1a: CANT TOUCH KHAAMO
|choice||
|
|switch|p1a: JANOMI4LYF|Jynx|34\/100
|switch|p2a: Dragonite|Dragonite|100\/100
|turn|26
|choice||
|
|switch|p2a: Starmie|Starmie|81\/100 par
|move|p1a: JANOMI4LYF|Blizzard|p2a: Starmie
|-resisted|p2a: Starmie
|-damage|p2a: Starmie|58\/100 par
|
|turn|27
|choice||
|
|switch|p1a: PET SHIVVERS ILY|Chansey|50\/100
|cant|p2a: Starmie|par
|
|turn|28
|choice||
|
|move|p1a: PET SHIVVERS ILY|Soft-Boiled|p1a: PET SHIVVERS ILY
|-heal|p1a: PET SHIVVERS ILY|99\/100
|cant|p2a: Starmie|par
|
|turn|29
|choice||
|
|switch|p1a: LORD BOYT BAE|Golem|100\/100
|move|p2a: Starmie|Blizzard|p1a: LORD BOYT BAE
|-supereffective|p1a: LORD BOYT BAE
|-damage|p1a: LORD BOYT BAE|26\/100
|
|turn|30
|choice||
|
|switch|p2a: Jolteon|Jolteon|100\/100 slp
|move|p1a: LORD BOYT BAE|Explosion|p2a: Jolteon
|-damage|p2a: Jolteon|0 fnt
|faint|p2a: Jolteon
|faint|p1a: LORD BOYT BAE
|choice||
|
|switch|p2a: Starmie|Starmie|58\/100 par
|switch|p1a: PET SHIVVERS ILY|Chansey|99\/100
|turn|31
|choice||
|
|switch|p1a: JANOMI4LYF|Jynx|34\/100
|move|p2a: Starmie|Blizzard|p1a: JANOMI4LYF
|-crit|p1a: JANOMI4LYF
|-resisted|p1a: JANOMI4LYF
|-damage|p1a: JANOMI4LYF|5\/100
|
|turn|32
|choice||
|
|move|p1a: JANOMI4LYF|Psychic|p2a: Starmie
|-resisted|p2a: Starmie
|-damage|p2a: Starmie|41\/100 par
|-unboost|p2a: Starmie|spd|1
|-unboost|p2a: Starmie|spa|1
|move|p2a: Starmie|Psychic|p1a: JANOMI4LYF
|-crit|p1a: JANOMI4LYF
|-resisted|p1a: JANOMI4LYF
|-damage|p1a: JANOMI4LYF|0 fnt
|faint|p1a: JANOMI4LYF
|choice||
|
|switch|p1a: GYMNMONS RAWR|Persian|46\/100
|turn|33
|choice||
|
|move|p1a: GYMNMONS RAWR|Hyper Beam|p2a: Starmie
|-damage|p2a: Starmie|0 fnt
|faint|p2a: Starmie
|choice||
|
|switch|p2a: Dragonite|Dragonite|100\/100
|turn|34
|choice||
|
|move|p1a: GYMNMONS RAWR|Screech|p2a: Dragonite
|-unboost|p2a: Dragonite|def|2
|move|p2a: Dragonite|Agility|p2a: Dragonite
|-boost|p2a: Dragonite|spe|2
|
|turn|35
|choice||
|
|move|p2a: Dragonite|Wrap|p1a: GYMNMONS RAWR
|-crit|p1a: GYMNMONS RAWR
|-damage|p1a: GYMNMONS RAWR|35\/100
|cant|p1a: GYMNMONS RAWR|partiallytrapped
|
|turn|36
|l|gymNmons
|choice||
|
|move|p2a: Dragonite|Wrap|p1a: GYMNMONS RAWR|[from]Wrap
|-damage|p1a: GYMNMONS RAWR|24\/100
|cant|p1a: GYMNMONS RAWR|partiallytrapped
|
|turn|37
|choice||
|
|move|p2a: Dragonite|Wrap|p1a: GYMNMONS RAWR|[from]Wrap
|-damage|p1a: GYMNMONS RAWR|13\/100
|cant|p1a: GYMNMONS RAWR|partiallytrapped
|
|turn|38
|choice||
|
|move|p2a: Dragonite|Hyper Beam|p1a: GYMNMONS RAWR
|-damage|p1a: GYMNMONS RAWR|0 fnt
|faint|p1a: GYMNMONS RAWR
|choice||
|
|switch|p1a: PET SHIVVERS ILY|Chansey|99\/100
|turn|39
|choice||
|
|move|p2a: Dragonite|Wrap|p1a: PET SHIVVERS ILY
|-damage|p1a: PET SHIVVERS ILY|94\/100
|cant|p1a: PET SHIVVERS ILY|partiallytrapped
|
|turn|40
|choice||
|
|move|p2a: Dragonite|Wrap|p1a: PET SHIVVERS ILY|[from]Wrap
|-damage|p1a: PET SHIVVERS ILY|88\/100
|cant|p1a: PET SHIVVERS ILY|partiallytrapped
|
|turn|41
|choice||
|
|move|p2a: Dragonite|Wrap|p1a: PET SHIVVERS ILY
|-damage|p1a: PET SHIVVERS ILY|83\/100
|cant|p1a: PET SHIVVERS ILY|partiallytrapped
|
|turn|42
|choice||
|
|move|p2a: Dragonite|Wrap|p1a: PET SHIVVERS ILY|[from]Wrap
|-damage|p1a: PET SHIVVERS ILY|77\/100
|cant|p1a: PET SHIVVERS ILY|partiallytrapped
|
|turn|43
|choice||
|
|move|p2a: Dragonite|Wrap|p1a: PET SHIVVERS ILY|[from]Wrap
|-damage|p1a: PET SHIVVERS ILY|72\/100
|cant|p1a: PET SHIVVERS ILY|partiallytrapped
|
|turn|44
|choice||
|
|move|p2a: Dragonite|Wrap|p1a: PET SHIVVERS ILY|[from]Wrap
|-damage|p1a: PET SHIVVERS ILY|66\/100
|cant|p1a: PET SHIVVERS ILY|partiallytrapped
|
|turn|45
|choice||
|
|move|p2a: Dragonite|Wrap|p1a: PET SHIVVERS ILY
|-damage|p1a: PET SHIVVERS ILY|61\/100
|cant|p1a: PET SHIVVERS ILY|partiallytrapped
|
|turn|46
|choice||
|
|move|p2a: Dragonite|Wrap|p1a: PET SHIVVERS ILY|[from]Wrap
|-damage|p1a: PET SHIVVERS ILY|56\/100
|cant|p1a: PET SHIVVERS ILY|partiallytrapped
|
|turn|47
|choice||
|
|move|p2a: Dragonite|Wrap|p1a: PET SHIVVERS ILY|[from]Wrap
|-damage|p1a: PET SHIVVERS ILY|50\/100
|cant|p1a: PET SHIVVERS ILY|partiallytrapped
|
|turn|48
|choice||
|
|move|p2a: Dragonite|Wrap|p1a: PET SHIVVERS ILY
|-damage|p1a: PET SHIVVERS ILY|45\/100
|cant|p1a: PET SHIVVERS ILY|partiallytrapped
|
|turn|49
|choice||
|
|move|p2a: Dragonite|Wrap|p1a: PET SHIVVERS ILY|[from]Wrap
|-damage|p1a: PET SHIVVERS ILY|39\/100
|cant|p1a: PET SHIVVERS ILY|partiallytrapped
|
|turn|50
|choice||
|
|move|p2a: Dragonite|Wrap|p1a: PET SHIVVERS ILY
|-damage|p1a: PET SHIVVERS ILY|34\/100
|cant|p1a: PET SHIVVERS ILY|partiallytrapped
|
|turn|51
|choice||
|
|move|p2a: Dragonite|Wrap|p1a: PET SHIVVERS ILY|[from]Wrap
|-damage|p1a: PET SHIVVERS ILY|28\/100
|cant|p1a: PET SHIVVERS ILY|partiallytrapped
|
|turn|52
|choice||
|
|move|p2a: Dragonite|Wrap|p1a: PET SHIVVERS ILY
|-damage|p1a: PET SHIVVERS ILY|22\/100
|cant|p1a: PET SHIVVERS ILY|partiallytrapped
|
|turn|53
|choice||
|
|move|p2a: Dragonite|Wrap|p1a: PET SHIVVERS ILY|[from]Wrap
|-damage|p1a: PET SHIVVERS ILY|17\/100
|cant|p1a: PET SHIVVERS ILY|partiallytrapped
|
|turn|54
|choice||
|
|move|p2a: Dragonite|Wrap|p1a: PET SHIVVERS ILY
|-damage|p1a: PET SHIVVERS ILY|11\/100
|cant|p1a: PET SHIVVERS ILY|partiallytrapped
|
|turn|55
|choice||
|
|move|p2a: Dragonite|Wrap|p1a: PET SHIVVERS ILY|[from]Wrap
|-damage|p1a: PET SHIVVERS ILY|5\/100
|cant|p1a: PET SHIVVERS ILY|partiallytrapped
|
|turn|56
|choice||
|
|move|p2a: Dragonite|Wrap|p1a: PET SHIVVERS ILY|[from]Wrap
|-damage|p1a: PET SHIVVERS ILY|0 fnt
|faint|p1a: PET SHIVVERS ILY
|
|win|KarateBestM.Art
|player|p1
|player|p2