|join|kcroxsox
|join|hudle
|player|p1|kcroxsox|167
|player|p2|hudle|224
|gametype|singles
|gen|1
|tier|[Gen 1] Random Battle
|rated
|rule|Sleep Clause Mod: Limit one foe put to sleep
|rule|Freeze Clause Mod: Limit one foe frozen
|rule|HP Percentage Mod: HP is shown in percentages
|
|start
|switch|p1a: Arcanine|Arcanine, L85|327\/327
|switch|p2a: Machop|Machop, L96|329\/329
|turn|1
|
|move|p1a: Arcanine|Fire Blast|p2a: Machop
|-damage|p2a: Machop|169\/329
|-status|p2a: Machop|brn
|move|p2a: Machop|Earthquake|p1a: Arcanine
|-supereffective|p1a: Arcanine
|-damage|p1a: Arcanine|247\/327
|-damage|p2a: Machop|149\/329 brn|[from] brn|[of] p1a: Arcanine
|
|turn|2
|
|move|p1a: Arcanine|Reflect|p1a: Arcanine
|-start|p1a: Arcanine|Reflect
|move|p2a: Machop|Earthquake|p1a: Arcanine
|-supereffective|p1a: Arcanine
|-damage|p1a: Arcanine|205\/327
|-damage|p2a: Machop|129\/329 brn|[from] brn|[of] p1a: Arcanine
|
|turn|3
|
|move|p1a: Arcanine|Mimic|p2a: Machop
|-start|p1a: Arcanine|Mimic|Double-Edge
|move|p2a: Machop|Earthquake|p1a: Arcanine
|-supereffective|p1a: Arcanine
|-damage|p1a: Arcanine|163\/327
|-damage|p2a: Machop|109\/329 brn|[from] brn|[of] p1a: Arcanine
|
|turn|4
|
|move|p1a: Arcanine|Fire Blast|p2a: Machop
|-crit|p2a: Machop
|-damage|p2a: Machop|0 fnt
|faint|p2a: Machop
|
|switch|p2a: Slowpoke|Slowpoke, L96|368\/368
|turn|5
|
|move|p1a: Arcanine|Body Slam|p2a: Slowpoke
|-damage|p2a: Slowpoke|292\/368
|move|p2a: Slowpoke|Thunder Wave|p1a: Arcanine
|-status|p1a: Arcanine|par
|
|turn|6
|
|move|p2a: Slowpoke|Amnesia|p2a: Slowpoke
|-boost|p2a: Slowpoke|spd|2
|-boost|p2a: Slowpoke|spa|2
|move|p1a: Arcanine|Body Slam|p2a: Slowpoke
|-damage|p2a: Slowpoke|216\/368
|
|turn|7
|
|move|p2a: Slowpoke|Amnesia|p2a: Slowpoke
|-boost|p2a: Slowpoke|spd|2
|-boost|p2a: Slowpoke|spa|2
|move|p1a: Arcanine|Body Slam|p2a: Slowpoke
|-crit|p2a: Slowpoke
|-damage|p2a: Slowpoke|77\/368
|
|turn|8
|
|move|p2a: Slowpoke|Rest|p2a: Slowpoke
|-status|p2a: Slowpoke|slp
|-heal|p2a: Slowpoke|368\/368 slp|[silent]
|-status|p2a: Slowpoke|slp|[from] move: Rest
|move|p1a: Arcanine|Double-Edge|p2a: Slowpoke
|-damage|p2a: Slowpoke|287\/368 slp
|-damage|p1a: Arcanine|143\/327 par|[from] recoil|[of] p2a: Slowpoke
|
|turn|9
|
|cant|p2a: Slowpoke|slp
|move|p1a: Arcanine|Double-Edge|p2a: Slowpoke
|-crit|p2a: Slowpoke
|-damage|p2a: Slowpoke|114\/368 slp
|-damage|p1a: Arcanine|100\/327 par|[from] recoil|[of] p2a: Slowpoke
|
|turn|10
|
|-curestatus|p2a: Slowpoke|slp
|move|p1a: Arcanine|Body Slam|p2a: Slowpoke
|-damage|p2a: Slowpoke|45\/368
|
|turn|11
|
|move|p2a: Slowpoke|Rest|p2a: Slowpoke
|-status|p2a: Slowpoke|slp
|-heal|p2a: Slowpoke|368\/368 slp|[silent]
|-status|p2a: Slowpoke|slp|[from] move: Rest
|cant|p1a: Arcanine|par
|
|turn|12
|
|switch|p1a: Jolteon|Jolteon, L79|265\/265
|cant|p2a: Slowpoke|slp
|
|turn|13
|
|move|p1a: Jolteon|Thunderbolt|p2a: Slowpoke
|-supereffective|p2a: Slowpoke
|-damage|p2a: Slowpoke|274\/368 slp
|-curestatus|p2a: Slowpoke|slp
|
|turn|14
|
|move|p1a: Jolteon|Thunder Wave|p2a: Slowpoke
|-status|p2a: Slowpoke|par
|move|p2a: Slowpoke|Surf|p1a: Jolteon
|-damage|p1a: Jolteon|64\/265
|
|turn|15
|
|move|p1a: Jolteon|Sand Attack|p2a: Slowpoke
|-unboost|p2a: Slowpoke|accuracy|1
|move|p2a: Slowpoke|Amnesia|p2a: Slowpoke
|-boost|p2a: Slowpoke|spd|2
|-boost|p2a: Slowpoke|spa|2
|
|turn|16
|
|move|p1a: Jolteon|Sand Attack|p2a: Slowpoke
|-unboost|p2a: Slowpoke|accuracy|1
|move|p2a: Slowpoke|Surf|p1a: Jolteon|[miss]
|-miss|p2a: Slowpoke
|
|turn|17
|
|move|p1a: Jolteon|Thunderbolt|p2a: Slowpoke
|-supereffective|p2a: Slowpoke
|-damage|p2a: Slowpoke|201\/368 par
|cant|p2a: Slowpoke|par
|
|turn|18
|
|move|p1a: Jolteon|Thunderbolt|p2a: Slowpoke
|-supereffective|p2a: Slowpoke
|-damage|p2a: Slowpoke|132\/368 par
|move|p2a: Slowpoke|Surf|p1a: Jolteon
|-damage|p1a: Jolteon|0 fnt
|faint|p1a: Jolteon
|
|switch|p1a: Arcanine|Arcanine, L85|100\/327 par
|turn|19
|
|move|p1a: Arcanine|Body Slam|p2a: Slowpoke
|-damage|p2a: Slowpoke|59\/368 par
|move|p2a: Slowpoke|Surf|p1a: Arcanine|[miss]
|-miss|p2a: Slowpoke
|
|turn|20
|
|move|p1a: Arcanine|Body Slam|p2a: Slowpoke
|-crit|p2a: Slowpoke
|-damage|p2a: Slowpoke|0 fnt
|faint|p2a: Slowpoke
|
|switch|p2a: Jolteon|Jolteon, L79|265\/265
|turn|21
|
|move|p2a: Jolteon|Thunderbolt|p1a: Arcanine
|-damage|p1a: Arcanine|6\/327 par
|cant|p1a: Arcanine|par
|
|turn|22
|
|move|p2a: Jolteon|Thunderbolt|p1a: Arcanine
|-damage|p1a: Arcanine|0 fnt
|faint|p1a: Arcanine
|
|switch|p1a: Marowak|Marowak, L90|291\/291
|turn|23
|
|switch|p2a: Fearow|Fearow, L90|300\/300
|move|p1a: Marowak|Earthquake|p2a: Fearow
|-immune|p2a: Fearow|[msg]
|
|turn|24
|
|move|p2a: Fearow|Drill Peck|p1a: Marowak
|-crit|p1a: Marowak
|-damage|p1a: Marowak|151\/291
|move|p1a: Marowak|Blizzard|p2a: Fearow
|-supereffective|p2a: Fearow
|-damage|p2a: Fearow|135\/300
|
|turn|25
|
|move|p2a: Fearow|Hyper Beam|p1a: Marowak
|-damage|p1a: Marowak|16\/291
|move|p1a: Marowak|Blizzard|p2a: Fearow
|-supereffective|p2a: Fearow
|-damage|p2a: Fearow|0 fnt
|faint|p2a: Fearow
|
|switch|p2a: Magmar|Magmar, L90|300\/300
|turn|26
|
|move|p2a: Magmar|Body Slam|p1a: Marowak
|-damage|p1a: Marowak|0 fnt
|faint|p1a: Marowak
|
|switch|p1a: Omastar|Omastar, L90|309\/309
|turn|27
|
|switch|p2a: Mr. Mime|Mr. Mime, L85|242\/242
|move|p1a: Omastar|Surf|p2a: Mr. Mime
|-damage|p2a: Mr. Mime|134\/242
|
|turn|28
|
|move|p2a: Mr. Mime|Thunderbolt|p1a: Omastar
|-supereffective|p1a: Omastar
|-damage|p1a: Omastar|203\/309
|move|p1a: Omastar|Surf|p2a: Mr. Mime
|-damage|p2a: Mr. Mime|23\/242
|
|turn|29
|
|move|p2a: Mr. Mime|Thunderbolt|p1a: Omastar
|-crit|p1a: Omastar
|-supereffective|p1a: Omastar
|-damage|p1a: Omastar|0 fnt
|faint|p1a: Omastar
|
|switch|p1a: Mewtwo|Mewtwo, L70|293\/293
|turn|30
|
|move|p1a: Mewtwo|Psychic|p2a: Mr. Mime
|-resisted|p2a: Mr. Mime
|-damage|p2a: Mr. Mime|0 fnt
|faint|p2a: Mr. Mime
|
|switch|p2a: Jolteon|Jolteon, L79|265\/265
|turn|31
|
|switch|p1a: Gloom|Gloom, L90|291\/291
|move|p2a: Jolteon|Thunderbolt|p1a: Gloom
|-resisted|p1a: Gloom
|-damage|p1a: Gloom|244\/291
|
|turn|32
|
|switch|p2a: Magmar|Magmar, L90|300\/300
|move|p1a: Gloom|Sleep Powder|p2a: Magmar
|-status|p2a: Magmar|slp
|
|turn|33
|
|-curestatus|p2a: Magmar|slp
|move|p1a: Gloom|Swords Dance|p1a: Gloom
|-boost|p1a: Gloom|atk|2
|
|turn|34
|
|move|p2a: Magmar|Confuse Ray|p1a: Gloom
|-start|p1a: Gloom|confusion
|-activate|p1a: Gloom|confusion
|-damage|p1a: Gloom|184\/291|[from] confusion
|
|turn|35
|
|move|p2a: Magmar|Mimic|p1a: Gloom
|-start|p2a: Magmar|Mimic|Sleep Powder
|-activate|p1a: Gloom|confusion
|move|p1a: Gloom|Sleep Powder|p2a: Magmar|[miss]
|-miss|p1a: Gloom
|
|turn|36
|
|move|p2a: Magmar|Body Slam|p1a: Gloom
|-damage|p1a: Gloom|116\/291
|-status|p1a: Gloom|par
|-end|p1a: Gloom|confusion
|move|p1a: Gloom|Sleep Powder|p2a: Magmar
|-status|p2a: Magmar|slp
|
|turn|37
|
|cant|p2a: Magmar|slp
|cant|p1a: Gloom|par
|
|turn|38
|
|cant|p2a: Magmar|slp
|move|p1a: Gloom|Double-Edge|p2a: Magmar
|-damage|p2a: Magmar|136\/300 slp
|-damage|p1a: Gloom|75\/291 par|[from] recoil|[of] p2a: Magmar
|
|turn|39
|
|-curestatus|p2a: Magmar|slp
|move|p1a: Gloom|Double-Edge|p2a: Magmar
|-crit|p2a: Magmar
|-damage|p2a: Magmar|0 fnt
|-damage|p1a: Gloom|41\/291 par|[from] recoil|[of] p2a: Magmar
|faint|p2a: Magmar
|
|switch|p2a: Jolteon|Jolteon, L79|265\/265
|turn|40
|
|move|p2a: Jolteon|Body Slam|p1a: Gloom
|-damage|p1a: Gloom|0 fnt
|faint|p1a: Gloom
|
|switch|p1a: Mewtwo|Mewtwo, L70|293\/293
|turn|41
|
|move|p2a: Jolteon|Thunderbolt|p1a: Mewtwo
|-damage|p1a: Mewtwo|220\/293
|move|p1a: Mewtwo|Psychic|p2a: Jolteon
|-damage|p2a: Jolteon|185\/265
|
|turn|42
|
|move|p2a: Jolteon|Sand Attack|p1a: Mewtwo
|-unboost|p1a: Mewtwo|accuracy|1
|move|p1a: Mewtwo|Body Slam|p2a: Jolteon|[miss]
|-miss|p1a: Mewtwo
|
|turn|43
|
|move|p2a: Jolteon|Thunder Wave|p1a: Mewtwo
|-status|p1a: Mewtwo|par
|move|p1a: Mewtwo|Body Slam|p2a: Jolteon
|-damage|p2a: Jolteon|128\/265
|
|turn|44
|c|★hudle|hax
|
|move|p2a: Jolteon|Sand Attack|p1a: Mewtwo
|-unboost|p1a: Mewtwo|accuracy|1
|move|p1a: Mewtwo|Psychic|p2a: Jolteon
|-damage|p2a: Jolteon|39\/265
|-unboost|p2a: Jolteon|spd|1
|-unboost|p2a: Jolteon|spa|1
|
|turn|45
|c|★kcroxsox|Playing it well
|
|move|p2a: Jolteon|Body Slam|p1a: Mewtwo
|-damage|p1a: Mewtwo|170\/293 par
|move|p1a: Mewtwo|Psychic|p2a: Jolteon|[miss]
|-miss|p1a: Mewtwo
|
|turn|46
|
|move|p2a: Jolteon|Thunderbolt|p1a: Mewtwo
|-damage|p1a: Mewtwo|119\/293 par
|move|p1a: Mewtwo|Psychic|p2a: Jolteon|[miss]
|-miss|p1a: Mewtwo
|
|turn|47
|
|move|p2a: Jolteon|Thunderbolt|p1a: Mewtwo
|-damage|p1a: Mewtwo|67\/293 par
|cant|p1a: Mewtwo|par
|
|turn|48
|
|move|p2a: Jolteon|Thunderbolt|p1a: Mewtwo
|-crit|p1a: Mewtwo
|-damage|p1a: Mewtwo|0 fnt
|faint|p1a: Mewtwo
|
|win|hudle
|c|★kcroxsox|Last chance for me
|c|★hudle|gg