|join|PokeBall Master
|join|Mega-Noctali
|player|p1|PokeBall Master|107
|player|p2|Mega-Noctali|65
|gametype|singles
|gen|1
|tier|[Gen 1] Random Battle
|rated
|seed|2184,1899,29779,44980
|rule|Sleep Clause Mod: Limit one foe put to sleep
|rule|Freeze Clause Mod: Limit one foe frozen
|rule|HP Percentage Mod: HP is shown in percentages
|
|start
|switch|p1a: Jynx|Jynx, L79|265\/265
|switch|p2a: Grimer|Grimer, L96|348\/348
|turn|1
|c|★PokeBall Master|and yes
|c|★PokeBall Master|they didn't change the skin
|c|★PokeBall Master|it's still black
|c|★PokeBall Master|well in early gens
|c|★PokeBall Master|and pokemon showdown
|choice|move 2|switch 5
|
|switch|p2a: Magmar|Magmar, L90|300\/300
|move|p1a: Jynx|Mimic|p2a: Magmar
|-start|p1a: Jynx|Mimic|Confuse Ray
|
|turn|2
|c|★PokeBall Master|wow
|choice|move 3|move 3
|
|move|p2a: Magmar|Fire Blast|p1a: Jynx
|-supereffective|p1a: Jynx
|-damage|p1a: Jynx|0 fnt
|faint|p1a: Jynx
|c|★PokeBall Master|nuuuu
|choice|switch 6|
|
|switch|p1a: Persian|Persian, L79|265\/265
|turn|3
|c|★PokeBall Master|uhhh
|c|★PokeBall Master|: D
|choice|move 4|move 2
|
|move|p1a: Persian|Bubble Beam|p2a: Magmar
|-supereffective|p2a: Magmar
|-damage|p2a: Magmar|239\/300
|move|p2a: Magmar|Confuse Ray|p1a: Persian
|-start|p1a: Persian|confusion
|
|turn|4
|choice|move 4|move 1
|
|-activate|p1a: Persian|confusion
|-damage|p1a: Persian|235\/265|[from] confusion
|move|p2a: Magmar|Hyper Beam|p1a: Persian
|-damage|p1a: Persian|69\/265
|
|turn|5
|-mustrecharge|p2a: Magmar
|c|★PokeBall Master|WTF
|-mustrecharge|p2a: Magmar
|choice|move 4|move 1
|
|-activate|p1a: Persian|confusion
|-damage|p1a: Persian|39\/265|[from] confusion
|cant|p2a: Magmar|recharge
|
|turn|6
|choice|move 4|move 1
|
|-end|p1a: Persian|confusion
|move|p1a: Persian|Bubble Beam|p2a: Magmar
|-supereffective|p2a: Magmar
|-damage|p2a: Magmar|177\/300
|move|p2a: Magmar|Hyper Beam|p1a: Persian
|-damage|p1a: Persian|0 fnt
|faint|p1a: Persian
|c|★PokeBall Master|omg lol
|choice|switch 4|
|
|switch|p1a: Rhydon|Rhydon, L79|328\/328
|turn|7
|choice|move 4|switch 6
|
|switch|p2a: Cloyster|Cloyster, L83|253\/253
|move|p1a: Rhydon|Earthquake|p2a: Cloyster
|-damage|p2a: Cloyster|188\/253
|
|turn|8
|choice|switch 2|move 4
|
|switch|p1a: Magikarp|Magikarp, L99|240\/240
|move|p2a: Cloyster|Surf|p1a: Magikarp
|-resisted|p1a: Magikarp
|-damage|p1a: Magikarp|169\/240
|
|turn|9
|c|★PokeBall Master|lol
|c|★Mega-Noctali|OMG MAGIKARP
|c|★Mega-Noctali|gg
|choice|move 1|move 3
|
|move|p1a: Magikarp|Dragon Rage|p2a: Cloyster
|-damage|p2a: Cloyster|148\/253
|move|p2a: Cloyster|Toxic|p1a: Magikarp
|-status|p1a: Magikarp|tox
|
|turn|10
|c|★PokeBall Master|yep
|choice|move 1|move 4
|
|move|p1a: Magikarp|Dragon Rage|p2a: Cloyster
|-damage|p2a: Cloyster|108\/253
|-damage|p1a: Magikarp|154\/240 tox|[from] tox|[of] p2a: Cloyster
|move|p2a: Cloyster|Surf|p1a: Magikarp
|-resisted|p1a: Magikarp
|-damage|p1a: Magikarp|73\/240 tox
|
|turn|11
|c|★PokeBall Master|lol Cloysters Tox
|choice|move 1|switch 5
|
|switch|p2a: Grimer|Grimer, L96|348\/348
|move|p1a: Magikarp|Dragon Rage|p2a: Grimer
|-damage|p2a: Grimer|308\/348
|-damage|p1a: Magikarp|43\/240 tox|[from] tox|[of] p2a: Grimer
|
|turn|12
|choice|move 1|move 2
|
|move|p1a: Magikarp|Dragon Rage|p2a: Grimer
|-damage|p2a: Grimer|268\/348
|-damage|p1a: Magikarp|0 fnt|[from] tox|[of] p2a: Grimer
|faint|p1a: Magikarp
|choice|switch 5|
|
|switch|p1a: Alakazam|Alakazam, L79|249\/249
|turn|13
|choice|move 1|switch 3
|
|switch|p2a: Fearow|Fearow, L90|300\/300
|move|p1a: Alakazam|Psychic|p2a: Fearow
|-damage|p2a: Fearow|185\/300
|
|turn|14
|choice|move 2|move 4
|
|move|p1a: Alakazam|Reflect|p1a: Alakazam
|-start|p1a: Alakazam|Reflect
|move|p2a: Fearow|Hyper Beam|p1a: Alakazam
|-crit|p1a: Alakazam
|-damage|p1a: Alakazam|0 fnt
|faint|p1a: Alakazam
|choice|switch 2|
|
|switch|p1a: Rhydon|Rhydon, L79|328\/328
|turn|15
|c|★Mega-Noctali|HYPER BEAM !!!!
|choice|move 1|switch 5
|
|switch|p2a: Cloyster|Cloyster, L83|108\/253
|move|p1a: Rhydon|Rock Slide|p2a: Cloyster
|-supereffective|p2a: Cloyster
|-damage|p2a: Cloyster|4\/253
|
|turn|16
|choice|move 1|move 4
|
|move|p2a: Cloyster|Surf|p1a: Rhydon
|-supereffective|p1a: Rhydon
|-damage|p1a: Rhydon|0 fnt
|faint|p1a: Rhydon
|choice|switch 3|
|
|switch|p1a: Articuno|Articuno, L79|304\/304
|turn|17
|choice|move 1|switch 6
|
|switch|p2a: Magmar|Magmar, L90|177\/300
|move|p1a: Articuno|Mimic|p2a: Magmar
|-start|p1a: Articuno|Mimic|Mimic
|
|turn|18
|c|★PokeBall Master|wow
|c|★PokeBall Master|i learned mimic
|c|★Mega-Noctali|best mimic ever
|c|★PokeBall Master|yay
|c|★PokeBall Master|i can use it again
|choice|move 3|move 3
|
|move|p2a: Magmar|Fire Blast|p1a: Articuno
|-supereffective|p1a: Articuno
|-damage|p1a: Articuno|91\/304
|move|p1a: Articuno|Reflect|p1a: Articuno
|-start|p1a: Articuno|Reflect
|
|turn|19
|choice|move 4|move 3
|
|move|p2a: Magmar|Fire Blast|p1a: Articuno
|-supereffective|p1a: Articuno
|-damage|p1a: Articuno|0 fnt
|faint|p1a: Articuno
|
|win|Mega-Noctali
|raw|PokeBall Master's rating: 1040 &rarr; <strong>1022<\/strong><br \/>(-18 for losing)
|raw|Mega-Noctali's rating: 1000 &rarr; <strong>1045<\/strong><br \/>(+45 for winning)
|c|★PokeBall Master|gg
|leave|PokeBall Master
|player|p1
|c|★Mega-Noctali|gg