|join|Delta Rho
|join|MALESANI
|player|p1|Delta Rho|113
|player|p2|MALESANI|238
|gametype|singles
|gen|1
|tier|[Gen 1] Random Battle
|rated
|seed|46016,48691,56669,49225
|rule|Sleep Clause Mod: Limit one foe put to sleep
|rule|Freeze Clause Mod: Limit one foe frozen
|rule|HP Percentage Mod: HP is shown in percentages
|
|start
|switch|p1a: Bulbasaur|Bulbasaur, L96|281\/281
|switch|p2a: Charmeleon|Charmeleon, L85|272\/272
|turn|1
|choice|switch 3|move 4
|
|switch|p1a: Seadra|Seadra, L90|282\/282
|move|p2a: Charmeleon|Fire Blast|p1a: Seadra
|-resisted|p1a: Seadra
|-damage|p1a: Seadra|238\/282
|-status|p1a: Seadra|brn
|
|turn|2
|choice|move 1|switch 2
|
|switch|p2a: Weedle|Weedle, L99|280\/280
|move|p1a: Seadra|Smokescreen|p2a: Weedle
|-unboost|p2a: Weedle|accuracy|1
|-damage|p1a: Seadra|221\/282 brn|[from] brn|[of] p2a: Weedle
|
|turn|3
|choice|move 3|move 2
|
|move|p1a: Seadra|Surf|p2a: Weedle
|-damage|p2a: Weedle|81\/280
|-damage|p1a: Seadra|204\/282 brn|[from] brn|[of] p2a: Weedle
|move|p2a: Weedle|String Shot|p1a: Seadra
|-unboost|p1a: Seadra|spe|1
|
|turn|4
|choice|move 3|move 1
|
|move|p2a: Weedle|Poison Sting|p1a: Seadra
|-damage|p1a: Seadra|193\/282 brn
|move|p1a: Seadra|Surf|p2a: Weedle
|-damage|p2a: Weedle|0 fnt
|faint|p2a: Weedle
|choice||switch 6
|
|switch|p2a: Zapdos|Zapdos, L79|304\/304
|turn|5
|choice|switch 5|move 3
|
|switch|p1a: Golem|Golem, L79|288\/288
|move|p2a: Zapdos|Thunderbolt|p1a: Golem
|-immune|p1a: Golem|[msg]
|
|turn|6
|choice|move 2|switch 5
|
|switch|p2a: Golem|Golem, L79|288\/288
|move|p1a: Golem|Body Slam|p2a: Golem
|-resisted|p2a: Golem
|-damage|p2a: Golem|266\/288
|
|turn|7
|choice|switch 3|move 4
|
|switch|p1a: Bulbasaur|Bulbasaur, L96|281\/281
|move|p2a: Golem|Earthquake|p1a: Bulbasaur
|-damage|p1a: Bulbasaur|167\/281
|
|turn|8
|choice|move 3|switch 2
|
|switch|p2a: Charmeleon|Charmeleon, L85|272\/272
|move|p1a: Bulbasaur|Body Slam|p2a: Charmeleon
|-damage|p2a: Charmeleon|205\/272
|-status|p2a: Charmeleon|par
|
|turn|9
|choice|switch 5|move 4
|
|switch|p1a: Seadra|Seadra, L90|193\/282 brn
|-damage|p1a: Seadra|176\/282 brn|[from] brn
|cant|p2a: Charmeleon|par
|
|turn|10
|choice|move 4|switch 4
|
|switch|p2a: Cloyster|Cloyster, L83|253\/253
|move|p1a: Seadra|Blizzard|p2a: Cloyster
|-resisted|p2a: Cloyster
|-damage|p2a: Cloyster|230\/253
|-damage|p1a: Seadra|159\/282 brn|[from] brn|[of] p2a: Cloyster
|
|turn|11
|choice|move 1|move 2
|
|move|p1a: Seadra|Smokescreen|p2a: Cloyster
|-unboost|p2a: Cloyster|accuracy|1
|-damage|p1a: Seadra|142\/282 brn|[from] brn|[of] p2a: Cloyster
|move|p2a: Cloyster|Surf|p1a: Seadra
|-crit|p1a: Seadra
|-resisted|p1a: Seadra
|-damage|p1a: Seadra|60\/282 brn
|
|turn|12
|choice|switch 5|switch 5
|
|switch|p1a: Bulbasaur|Bulbasaur, L96|167\/281
|switch|p2a: Zapdos|Zapdos, L79|304\/304
|
|turn|13
|choice|move 3|move 4
|
|move|p2a: Zapdos|Drill Peck|p1a: Bulbasaur
|-supereffective|p1a: Bulbasaur
|-damage|p1a: Bulbasaur|0 fnt
|faint|p1a: Bulbasaur
|choice|switch 3|
|
|switch|p1a: Golem|Golem, L79|288\/288
|turn|14
|choice|move 4|switch 4
|
|switch|p2a: Charmeleon|Charmeleon, L85|205\/272 par
|move|p1a: Golem|Earthquake|p2a: Charmeleon
|-supereffective|p2a: Charmeleon
|-damage|p2a: Charmeleon|0 fnt
|faint|p2a: Charmeleon
|choice||switch 5
|
|switch|p2a: Cloyster|Cloyster, L83|230\/253
|turn|15
|choice|switch 6|move 2
|
|switch|p1a: Weezing|Weezing, L90|300\/300
|move|p2a: Cloyster|Surf|p1a: Weezing
|-damage|p1a: Weezing|219\/300
|
|turn|16
|choice|move 2|switch 2
|
|switch|p2a: Golem|Golem, L79|266\/288
|move|p1a: Weezing|Thunder|p2a: Golem
|-immune|p2a: Golem|[msg]
|
|turn|17
|choice|move 4|move 4
|
|move|p1a: Weezing|Fire Blast|p2a: Golem
|-resisted|p2a: Golem
|-damage|p2a: Golem|200\/288
|move|p2a: Golem|Earthquake|p1a: Weezing
|-supereffective|p1a: Weezing
|-damage|p1a: Weezing|61\/300
|
|turn|18
|choice|move 1|move 4
|
|move|p1a: Weezing|Explosion|p2a: Golem
|-resisted|p2a: Golem
|-damage|p2a: Golem|98\/288
|faint|p1a: Weezing
|choice|switch 5|
|
|switch|p1a: Seadra|Seadra, L90|60\/282 brn
|turn|19
|choice|move 1|move 4
|
|move|p1a: Seadra|Smokescreen|p2a: Golem
|-unboost|p2a: Golem|accuracy|1
|-damage|p1a: Seadra|43\/282 brn|[from] brn|[of] p2a: Golem
|move|p2a: Golem|Earthquake|p1a: Seadra
|-damage|p1a: Seadra|0 fnt
|faint|p1a: Seadra
|choice|switch 4|
|
|switch|p1a: Persian|Persian, L79|265\/265
|turn|20
|choice|move 2|move 1
|
|move|p1a: Persian|Body Slam|p2a: Golem
|-crit|p2a: Golem
|-resisted|p2a: Golem
|-damage|p2a: Golem|43\/288
|move|p2a: Golem|Explosion|p1a: Persian
|-damage|p1a: Persian|0 fnt
|faint|p1a: Persian
|faint|p2a: Golem
|choice|switch 2|switch 2
|
|switch|p1a: Electabuzz|Electabuzz, L85|284\/284
|switch|p2a: Cloyster|Cloyster, L83|230\/253
|turn|21
|choice|move 1|switch 4
|
|switch|p2a: Zapdos|Zapdos, L79|304\/304
|move|p1a: Electabuzz|Thunderbolt|p2a: Zapdos
|-damage|p2a: Zapdos|219\/304
|
|turn|22
|choice|move 2|move 4
|
|move|p1a: Electabuzz|Thunder Wave|p2a: Zapdos
|-status|p2a: Zapdos|par
|move|p2a: Zapdos|Drill Peck|p1a: Electabuzz
|-resisted|p1a: Electabuzz
|-damage|p1a: Electabuzz|236\/284
|
|turn|23
|choice|switch 6|move 1
|
|switch|p1a: Golem|Golem, L79|288\/288
|move|p2a: Zapdos|Thunder Wave|p1a: Golem
|-immune|p1a: Golem|[msg]
|
|turn|24
|choice|move 1|move 4
|
|move|p1a: Golem|Rock Slide|p2a: Zapdos
|-supereffective|p2a: Zapdos
|-damage|p2a: Zapdos|56\/304 par
|move|p2a: Zapdos|Drill Peck|p1a: Golem
|-resisted|p1a: Golem
|-damage|p1a: Golem|261\/288
|
|turn|25
|choice|move 1|move 4
|
|move|p1a: Golem|Rock Slide|p2a: Zapdos
|-supereffective|p2a: Zapdos
|-damage|p2a: Zapdos|0 fnt
|faint|p2a: Zapdos
|choice||switch 4
|
|switch|p2a: Cloyster|Cloyster, L83|230\/253
|turn|26
|choice|switch 6|move 1
|
|switch|p1a: Electabuzz|Electabuzz, L85|236\/284
|move|p2a: Cloyster|Toxic|p1a: Electabuzz|[miss]
|-miss|p2a: Cloyster
|
|turn|27
|choice|move 1|switch 3
|
|switch|p2a: Jolteon|Jolteon, L79|265\/265
|move|p1a: Electabuzz|Thunderbolt|p2a: Jolteon
|-resisted|p2a: Jolteon
|-damage|p2a: Jolteon|219\/265
|
|turn|28
|choice|move 2|move 3
|
|move|p2a: Jolteon|Thunder Wave|p1a: Electabuzz
|-status|p1a: Electabuzz|par
|move|p1a: Electabuzz|Thunder Wave|p2a: Jolteon
|-status|p2a: Jolteon|par
|
|turn|29
|choice|move 4|move 2
|
|move|p2a: Jolteon|Pin Missile|p1a: Electabuzz
|-damage|p1a: Electabuzz|227\/284 par
|-damage|p1a: Electabuzz|218\/284 par
|-damage|p1a: Electabuzz|209\/284 par
|-hitcount|p1a: Electabuzz|3
|move|p1a: Electabuzz|Psychic|p2a: Jolteon
|-damage|p2a: Jolteon|164\/265 par
|-unboost|p2a: Jolteon|spd|1
|-unboost|p2a: Jolteon|spa|1
|
|turn|30
|choice|move 4|move 1
|
|cant|p1a: Electabuzz|par
|move|p2a: Jolteon|Thunderbolt|p1a: Electabuzz
|-resisted|p1a: Electabuzz
|-damage|p1a: Electabuzz|178\/284 par
|
|turn|31
|choice|move 4|move 2
|
|cant|p1a: Electabuzz|par
|cant|p2a: Jolteon|par
|
|turn|32
|choice|move 4|move 2
|
|move|p1a: Electabuzz|Psychic|p2a: Jolteon
|-damage|p2a: Jolteon|77\/265 par
|move|p2a: Jolteon|Pin Missile|p1a: Electabuzz
|-damage|p1a: Electabuzz|168\/284 par
|-damage|p1a: Electabuzz|158\/284 par
|-damage|p1a: Electabuzz|148\/284 par
|-hitcount|p1a: Electabuzz|3
|
|turn|33
|choice|move 4|move 2
|
|cant|p1a: Electabuzz|par
|move|p2a: Jolteon|Pin Missile|p1a: Electabuzz
|-damage|p1a: Electabuzz|138\/284 par
|-damage|p1a: Electabuzz|128\/284 par
|-hitcount|p1a: Electabuzz|2
|
|turn|34
|choice|move 4|move 2
|
|move|p1a: Electabuzz|Psychic|p2a: Jolteon
|-crit|p2a: Jolteon
|-damage|p2a: Jolteon|0 fnt
|faint|p2a: Jolteon
|choice||switch 3
|
|switch|p2a: Cloyster|Cloyster, L83|230\/253
|turn|35
|choice|move 2|move 2
|
|move|p2a: Cloyster|Surf|p1a: Electabuzz
|-damage|p1a: Electabuzz|38\/284 par
|move|p1a: Electabuzz|Thunder Wave|p2a: Cloyster
|-status|p2a: Cloyster|par
|
|turn|36
|choice|move 1|move 2
|
|cant|p1a: Electabuzz|par
|move|p2a: Cloyster|Surf|p1a: Electabuzz
|-damage|p1a: Electabuzz|0 fnt
|faint|p1a: Electabuzz
|choice|switch 6|
|
|switch|p1a: Golem|Golem, L79|261\/288
|turn|37
|choice|move 1|move 2
|
|move|p1a: Golem|Rock Slide|p2a: Cloyster
|-supereffective|p2a: Cloyster
|-damage|p2a: Cloyster|136\/253 par
|move|p2a: Cloyster|Surf|p1a: Golem
|-supereffective|p1a: Golem
|-damage|p1a: Golem|0 fnt
|faint|p1a: Golem
|
|win|MALESANI
|raw|Delta Rho's rating: 1329 &rarr; <strong>1301<\/strong><br \/>(-28 for losing)
|raw|MALESANI's rating: 1182 &rarr; <strong>1217<\/strong><br \/>(+35 for winning)
|c|★Delta Rho|gg
|leave|Delta Rho
|player|p1
|c|★MALESANI|gg