|join|Hidol
|join|beMypokeBitch
|player|p1|Hidol|266
|player|p2|beMypokeBitch|170
|gametype|singles
|gen|1
|tier|[Gen 1] Random Battle
|rated
|seed|38876,31380,19807,23179
|rule|Sleep Clause Mod: Limit one foe put to sleep
|rule|Freeze Clause Mod: Limit one foe frozen
|rule|HP Percentage Mod: HP is shown in percentages
|
|start
|switch|p1a: Rhydon|Rhydon, L79|328\/328
|switch|p2a: Tangela|Tangela, L85|284\/284
|turn|1
|choice|switch 2|move 4
|
|switch|p1a: Oddish|Oddish, L96|281\/281
|move|p2a: Tangela|Sleep Powder|p1a: Oddish
|-status|p1a: Oddish|slp
|
|turn|2
|choice|move 1|move 3
|
|move|p2a: Tangela|Body Slam|p1a: Oddish
|-damage|p1a: Oddish|228\/281 slp
|cant|p1a: Oddish|slp
|
|turn|3
|choice|move 1|move 3
|
|move|p2a: Tangela|Body Slam|p1a: Oddish
|-damage|p1a: Oddish|178\/281 slp
|-curestatus|p1a: Oddish|slp
|
|turn|4
|choice|move 3|move 4
|
|move|p2a: Tangela|Sleep Powder|p1a: Oddish
|-status|p1a: Oddish|slp
|-curestatus|p1a: Oddish|slp
|
|turn|5
|choice|move 3|move 4
|
|move|p2a: Tangela|Sleep Powder|p1a: Oddish
|-status|p1a: Oddish|slp
|-curestatus|p1a: Oddish|slp
|
|turn|6
|c|★Hidol|gg
|choice|move 3|move 4
|
|move|p2a: Tangela|Sleep Powder|p1a: Oddish|[miss]
|-miss|p2a: Tangela
|move|p1a: Oddish|Swords Dance|p1a: Oddish
|-boost|p1a: Oddish|atk|2
|
|turn|7
|choice|move 2|move 4
|
|move|p2a: Tangela|Sleep Powder|p1a: Oddish
|-status|p1a: Oddish|slp
|cant|p1a: Oddish|slp
|
|turn|8
|choice|move 3|move 3
|
|move|p2a: Tangela|Body Slam|p1a: Oddish
|-damage|p1a: Oddish|125\/281 slp
|-curestatus|p1a: Oddish|slp
|
|turn|9
|choice|move 2|move 4
|
|move|p2a: Tangela|Sleep Powder|p1a: Oddish
|-status|p1a: Oddish|slp
|cant|p1a: Oddish|slp
|
|turn|10
|choice|move 3|move 3
|
|move|p2a: Tangela|Body Slam|p1a: Oddish
|-damage|p1a: Oddish|74\/281 slp
|-curestatus|p1a: Oddish|slp
|
|turn|11
|choice|move 2|move 1
|
|move|p2a: Tangela|Hyper Beam|p1a: Oddish
|-damage|p1a: Oddish|0 fnt
|faint|p1a: Oddish
|choice|switch 4|
|
|switch|p1a: Articuno|Articuno, L79|304\/304
|turn|12
|choice|move 2|switch 4
|
|switch|p2a: Slowbro|Slowbro, L79|312\/312
|move|p1a: Articuno|Blizzard|p2a: Slowbro|[miss]
|-miss|p1a: Articuno
|
|turn|13
|choice|switch 5|move 3
|
|switch|p1a: Chansey|Chansey, L79|557\/557
|move|p2a: Slowbro|Thunder Wave|p1a: Chansey
|-status|p1a: Chansey|par
|
|turn|14
|choice|move 2|move 4
|
|move|p2a: Slowbro|Amnesia|p2a: Slowbro
|-boost|p2a: Slowbro|spd|2
|-boost|p2a: Slowbro|spa|2
|move|p1a: Chansey|Thunderbolt|p2a: Slowbro
|-crit|p2a: Slowbro
|-supereffective|p2a: Slowbro
|-damage|p2a: Slowbro|36\/312
|
|turn|15
|choice|move 2|move 2
|
|move|p2a: Slowbro|Rest|p2a: Slowbro
|-status|p2a: Slowbro|slp
|-heal|p2a: Slowbro|312\/312 slp|[silent]
|-status|p2a: Slowbro|slp|[from] move: Rest
|move|p1a: Chansey|Thunderbolt|p2a: Slowbro
|-crit|p2a: Slowbro
|-supereffective|p2a: Slowbro
|-damage|p2a: Slowbro|14\/312 slp
|
|turn|16
|c|★beMypokeBitch|honestly two critical hit from chansey paralyzed
|choice|move 3|move 1
|
|cant|p2a: Slowbro|slp
|move|p1a: Chansey|Thunder Wave|p2a: Slowbro
|-fail|p2a: Slowbro
|
|turn|17
|c|★beMypokeBitch|also you take too long can you go faster
|c|★beMypokeBitch|it's annoying
|c|★beMypokeBitch|i know you are not that smart and all but please try harder
|choice|move 2|move 1
|
|-curestatus|p2a: Slowbro|slp
|move|p1a: Chansey|Thunderbolt|p2a: Slowbro
|-supereffective|p2a: Slowbro
|-damage|p2a: Slowbro|0 fnt
|faint|p2a: Slowbro
|choice||switch 5
|
|switch|p2a: Kabutops|Kabutops, L85|276\/276
|turn|18
|c|★beMypokeBitch|god
|choice|move 2|move 4
|
|move|p2a: Kabutops|Swords Dance|p2a: Kabutops
|-boost|p2a: Kabutops|atk|2
|move|p1a: Chansey|Thunderbolt|p2a: Kabutops
|-supereffective|p2a: Kabutops
|-damage|p2a: Kabutops|139\/276
|
|turn|19
|choice|move 2|move 3
|
|move|p2a: Kabutops|Hyper Beam|p1a: Chansey|[miss]
|-miss|p2a: Kabutops
|move|p1a: Chansey|Thunderbolt|p2a: Kabutops
|-crit|p2a: Kabutops
|-supereffective|p2a: Kabutops
|-damage|p2a: Kabutops|0 fnt
|faint|p2a: Kabutops
|c|★Hidol|gg
|c|★beMypokeBitch|did you suck a dick
|c|★beMypokeBitch|honestly
|c|★Hidol|run bitch
|c|★beMypokeBitch|my attacks miss and you get 3x critical hit with stupid chansey
|choice||switch 4
|
|switch|p2a: Tangela|Tangela, L85|284\/284
|turn|20
|choice|move 3|move 3
|
|move|p2a: Tangela|Body Slam|p1a: Chansey
|-crit|p1a: Chansey
|-damage|p1a: Chansey|342\/557 par
|move|p1a: Chansey|Thunder Wave|p2a: Tangela
|-status|p2a: Tangela|par
|
|turn|21
|choice|switch 5|move 3
|
|switch|p1a: Articuno|Articuno, L79|304\/304
|move|p2a: Tangela|Body Slam|p1a: Articuno
|-damage|p1a: Articuno|259\/304
|-status|p1a: Articuno|par
|
|turn|22
|choice|move 2|switch 6
|
|switch|p2a: Jynx|Jynx, L79|265\/265
|move|p1a: Articuno|Blizzard|p2a: Jynx
|-resisted|p2a: Jynx
|-damage|p2a: Jynx|196\/265
|
|turn|23
|choice|switch 5|move 2
|
|switch|p1a: Chansey|Chansey, L79|342\/557 par
|move|p2a: Jynx|Psychic|p1a: Chansey
|-crit|p1a: Chansey
|-damage|p1a: Chansey|194\/557 par
|-unboost|p1a: Chansey|spd|1
|-unboost|p1a: Chansey|spa|1
|
|turn|24
|choice|move 1|move 1
|
|move|p2a: Jynx|Blizzard|p1a: Chansey
|-damage|p1a: Chansey|48\/557 par
|move|p1a: Chansey|Soft-Boiled|p1a: Chansey
|-heal|p1a: Chansey|326\/557 par
|
|turn|25
|choice|move 1|switch 6
|
|switch|p2a: Tangela|Tangela, L85|284\/284 par
|move|p1a: Chansey|Soft-Boiled|p1a: Chansey
|-heal|p1a: Chansey|557\/557 par
|
|turn|26
|choice|switch 5|move 3
|
|switch|p1a: Articuno|Articuno, L79|259\/304 par
|cant|p2a: Tangela|par
|
|turn|27
|c|★Hidol|:)
|choice|move 2|switch 6
|
|switch|p2a: Jynx|Jynx, L79|196\/265
|move|p1a: Articuno|Blizzard|p2a: Jynx
|-resisted|p2a: Jynx
|-damage|p2a: Jynx|131\/265
|
|turn|28
|c|★beMypokeBitch|god stop taking so long
|c|★beMypokeBitch|what is wrong with you?
|choice|switch 5|move 2
|
|switch|p1a: Chansey|Chansey, L79|557\/557 par
|move|p2a: Jynx|Psychic|p1a: Chansey
|-damage|p1a: Chansey|477\/557 par
|
|turn|29
|choice|move 2|move 4
|
|move|p2a: Jynx|Mimic|p1a: Chansey
|-start|p2a: Jynx|Mimic|Counter
|move|p1a: Chansey|Thunderbolt|p2a: Jynx
|-damage|p2a: Jynx|63\/265
|
|turn|30
|c|★Hidol|gg
|choice|move 2|switch 6
|
|switch|p2a: Tangela|Tangela, L85|284\/284 par
|move|p1a: Chansey|Thunderbolt|p2a: Tangela
|-crit|p2a: Tangela
|-resisted|p2a: Tangela
|-damage|p2a: Tangela|233\/284 par
|
|turn|31
|c|★beMypokeBitch|well if you are so sure you will win how about you go FUCKING FASTER
|choice|move 2|switch 2
|
|switch|p2a: Electabuzz|Electabuzz, L85|284\/284
|move|p1a: Chansey|Thunderbolt|p2a: Electabuzz
|-resisted|p2a: Electabuzz
|-damage|p2a: Electabuzz|252\/284
|
|turn|32
|choice|switch 2|move 1
|
|switch|p1a: Rhydon|Rhydon, L79|328\/328
|move|p2a: Electabuzz|Psychic|p1a: Rhydon
|-damage|p1a: Rhydon|227\/328
|-unboost|p1a: Rhydon|spd|1
|-unboost|p1a: Rhydon|spa|1
|
|turn|33
|choice|move 3|switch 2
|
|switch|p2a: Tangela|Tangela, L85|233\/284 par
|move|p1a: Rhydon|Earthquake|p2a: Tangela
|-resisted|p2a: Tangela
|-damage|p2a: Tangela|184\/284 par
|
|turn|34
|choice|switch 2|switch 2
|
|switch|p1a: Chansey|Chansey, L79|477\/557 par
|switch|p2a: Electabuzz|Electabuzz, L85|252\/284
|
|turn|35
|choice|move 3|move 1
|
|move|p2a: Electabuzz|Psychic|p1a: Chansey
|-damage|p1a: Chansey|423\/557 par
|move|p1a: Chansey|Thunder Wave|p2a: Electabuzz
|-status|p2a: Electabuzz|par
|
|turn|36
|choice|move 1|move 1
|
|move|p2a: Electabuzz|Psychic|p1a: Chansey
|-damage|p1a: Chansey|369\/557 par
|move|p1a: Chansey|Soft-Boiled|p1a: Chansey
|-heal|p1a: Chansey|557\/557 par
|
|turn|37
|choice|move 4|move 1
|
|move|p2a: Electabuzz|Psychic|p1a: Chansey
|-damage|p1a: Chansey|496\/557 par
|move|p1a: Chansey|Counter|p2a: Electabuzz
|-fail|p1a: Chansey
|
|turn|38
|choice|move 2|move 1
|
|move|p2a: Electabuzz|Psychic|p1a: Chansey
|-damage|p1a: Chansey|435\/557 par
|move|p1a: Chansey|Thunderbolt|p2a: Electabuzz
|-resisted|p2a: Electabuzz
|-damage|p2a: Electabuzz|223\/284 par
|
|turn|39
|choice|move 2|move 1
|
|move|p2a: Electabuzz|Psychic|p1a: Chansey
|-crit|p1a: Chansey
|-damage|p1a: Chansey|327\/557 par
|move|p1a: Chansey|Thunderbolt|p2a: Electabuzz
|-resisted|p2a: Electabuzz
|-damage|p2a: Electabuzz|194\/284 par
|
|turn|40
|choice|move 1|move 1
|
|move|p2a: Electabuzz|Psychic|p1a: Chansey
|-crit|p1a: Chansey
|-damage|p1a: Chansey|216\/557 par
|cant|p1a: Chansey|par
|
|turn|41
|choice|move 1|move 4
|
|move|p2a: Electabuzz|Thunderbolt|p1a: Chansey
|-damage|p1a: Chansey|132\/557 par
|move|p1a: Chansey|Soft-Boiled|p1a: Chansey
|-heal|p1a: Chansey|410\/557 par
|
|turn|42
|choice|move 4|move 1
|
|cant|p2a: Electabuzz|par
|cant|p1a: Chansey|par
|
|turn|43
|choice|move 4|move 1
|
|move|p2a: Electabuzz|Psychic|p1a: Chansey
|-damage|p1a: Chansey|349\/557 par
|-unboost|p1a: Chansey|spd|1
|-unboost|p1a: Chansey|spa|1
|move|p1a: Chansey|Counter|p2a: Electabuzz
|-fail|p1a: Chansey
|
|turn|44
|choice|move 1|move 1
|
|move|p2a: Electabuzz|Psychic|p1a: Chansey
|-damage|p1a: Chansey|263\/557 par
|move|p1a: Chansey|Soft-Boiled|p1a: Chansey
|-heal|p1a: Chansey|541\/557 par
|
|turn|45
|choice|move 2|move 1
|
|move|p2a: Electabuzz|Psychic|p1a: Chansey
|-damage|p1a: Chansey|451\/557 par
|-unboost|p1a: Chansey|spd|1
|-unboost|p1a: Chansey|spa|1
|move|p1a: Chansey|Thunderbolt|p2a: Electabuzz
|-resisted|p2a: Electabuzz
|-damage|p2a: Electabuzz|178\/284 par
|
|turn|46
|choice|switch 2|move 1
|
|switch|p1a: Rhydon|Rhydon, L79|227\/328
|move|p2a: Electabuzz|Psychic|p1a: Rhydon
|-damage|p1a: Rhydon|140\/328
|
|turn|47
|choice|move 3|switch 2
|
|switch|p2a: Tangela|Tangela, L85|184\/284 par
|move|p1a: Rhydon|Earthquake|p2a: Tangela
|-crit|p2a: Tangela
|-resisted|p2a: Tangela
|-damage|p2a: Tangela|87\/284 par
|
|turn|48
|c|★Hidol|nice battle bitch
|choice|switch 2|move 2
|
|switch|p1a: Chansey|Chansey, L79|451\/557 par
|move|p2a: Tangela|Mega Drain|p1a: Chansey
|-crit|p1a: Chansey
|-damage|p1a: Chansey|362\/557 par
|-heal|p2a: Tangela|131\/284 par|[from] drain|[of] p1a: Chansey
|
|turn|49
|choice|switch 5|move 2
|
|switch|p1a: Articuno|Articuno, L79|259\/304 par
|move|p2a: Tangela|Mega Drain|p1a: Articuno
|-resisted|p1a: Articuno
|-damage|p1a: Articuno|241\/304 par
|-heal|p2a: Tangela|140\/284 par|[from] drain|[of] p1a: Articuno
|
|turn|50
|choice|move 2|switch 6
|
|switch|p2a: Jynx|Jynx, L79|63\/265
|move|p1a: Articuno|Blizzard|p2a: Jynx
|-resisted|p2a: Jynx
|-damage|p2a: Jynx|2\/265
|
|turn|51
|choice|switch 5|move 1
|
|switch|p1a: Chansey|Chansey, L79|362\/557 par
|move|p2a: Jynx|Blizzard|p1a: Chansey
|-damage|p1a: Chansey|250\/557 par
|
|turn|52
|choice|move 1|move 4
|
|move|p2a: Jynx|Mimic|p1a: Chansey
|-start|p2a: Jynx|Mimic|Soft-Boiled
|move|p1a: Chansey|Soft-Boiled|p1a: Chansey
|-heal|p1a: Chansey|528\/557 par
|
|turn|53
|choice|move 2|move 4
|
|move|p2a: Jynx|Soft-Boiled|p2a: Jynx
|-heal|p2a: Jynx|134\/265
|move|p1a: Chansey|Thunderbolt|p2a: Jynx
|-damage|p2a: Jynx|66\/265
|-status|p2a: Jynx|par
|
|turn|54
|choice|move 2|move 4
|
|move|p2a: Jynx|Soft-Boiled|p2a: Jynx
|-heal|p2a: Jynx|198\/265 par
|move|p1a: Chansey|Thunderbolt|p2a: Jynx
|-damage|p2a: Jynx|134\/265 par
|
|turn|55
|choice|move 2|move 4
|
|cant|p2a: Jynx|par
|move|p1a: Chansey|Thunderbolt|p2a: Jynx
|-damage|p2a: Jynx|67\/265 par
|
|turn|56
|choice|move 2|move 4
|
|move|p2a: Jynx|Soft-Boiled|p2a: Jynx
|-heal|p2a: Jynx|199\/265 par
|cant|p1a: Chansey|par
|
|turn|57
|choice|move 2|move 4
|
|move|p2a: Jynx|Soft-Boiled|p2a: Jynx
|-heal|p2a: Jynx|265\/265 par
|move|p1a: Chansey|Thunderbolt|p2a: Jynx
|-crit|p2a: Jynx
|-damage|p2a: Jynx|149\/265 par
|
|turn|58
|choice|move 4|move 4
|
|move|p2a: Jynx|Soft-Boiled|p2a: Jynx
|-heal|p2a: Jynx|265\/265 par
|cant|p1a: Chansey|par
|
|turn|59
|choice|move 2|move 2
|
|cant|p2a: Jynx|par
|move|p1a: Chansey|Thunderbolt|p2a: Jynx
|-damage|p2a: Jynx|197\/265 par
|
|turn|60
|choice|move 2|move 2
|
|move|p2a: Jynx|Psychic|p1a: Chansey
|-damage|p1a: Chansey|454\/557 par
|move|p1a: Chansey|Thunderbolt|p2a: Jynx
|-damage|p2a: Jynx|136\/265 par
|
|turn|61
|choice|move 2|move 4
|
|move|p2a: Jynx|Soft-Boiled|p2a: Jynx
|-heal|p2a: Jynx|265\/265 par
|cant|p1a: Chansey|par
|
|turn|62
|choice|move 4|move 2
|
|move|p2a: Jynx|Psychic|p1a: Chansey
|-damage|p1a: Chansey|379\/557 par
|cant|p1a: Chansey|par
|
|turn|63
|choice|move 4|move 2
|
|move|p2a: Jynx|Psychic|p1a: Chansey
|-damage|p1a: Chansey|307\/557 par
|-unboost|p1a: Chansey|spd|1
|-unboost|p1a: Chansey|spa|1
|move|p1a: Chansey|Counter|p2a: Jynx
|-fail|p1a: Chansey
|
|turn|64
|choice|move 1|move 1
|
|move|p2a: Jynx|Blizzard|p1a: Chansey
|-damage|p1a: Chansey|159\/557 par
|move|p1a: Chansey|Soft-Boiled|p1a: Chansey
|-heal|p1a: Chansey|437\/557 par
|
|turn|65
|choice|move 2|move 2
|
|move|p2a: Jynx|Psychic|p1a: Chansey
|-damage|p1a: Chansey|327\/557 par
|-unboost|p1a: Chansey|spd|1
|-unboost|p1a: Chansey|spa|1
|move|p1a: Chansey|Thunderbolt|p2a: Jynx
|-damage|p2a: Jynx|232\/265 par
|
|turn|66
|choice|move 1|move 1
|
|move|p2a: Jynx|Blizzard|p1a: Chansey|[miss]
|-miss|p2a: Jynx
|move|p1a: Chansey|Soft-Boiled|p1a: Chansey
|-heal|p1a: Chansey|557\/557 par
|
|turn|67
|choice|move 4|move 2
|
|move|p2a: Jynx|Psychic|p1a: Chansey
|-damage|p1a: Chansey|399\/557 par
|move|p1a: Chansey|Counter|p2a: Jynx
|-fail|p1a: Chansey
|
|turn|68
|choice|move 4|move 2
|
|move|p2a: Jynx|Psychic|p1a: Chansey
|-damage|p1a: Chansey|231\/557 par
|move|p1a: Chansey|Counter|p2a: Jynx
|-fail|p1a: Chansey
|
|turn|69
|choice|move 1|move 1
|
|move|p2a: Jynx|Blizzard|p1a: Chansey
|-crit|p1a: Chansey
|-damage|p1a: Chansey|41\/557 par
|move|p1a: Chansey|Soft-Boiled|p1a: Chansey
|-heal|p1a: Chansey|319\/557 par
|
|turn|70
|choice|move 1|move 2
|
|move|p2a: Jynx|Psychic|p1a: Chansey
|-damage|p1a: Chansey|162\/557 par
|-unboost|p1a: Chansey|spd|1
|-unboost|p1a: Chansey|spa|1
|move|p1a: Chansey|Soft-Boiled|p1a: Chansey
|-heal|p1a: Chansey|440\/557 par
|
|turn|71
|choice|move 1|move 2
|
|move|p2a: Jynx|Psychic|p1a: Chansey
|-damage|p1a: Chansey|234\/557 par
|move|p1a: Chansey|Soft-Boiled|p1a: Chansey
|-heal|p1a: Chansey|512\/557 par
|
|turn|72
|choice|switch 3|move 2
|
|switch|p1a: Caterpie|Caterpie, L99|290\/290
|move|p2a: Jynx|Psychic|p1a: Caterpie
|-damage|p1a: Caterpie|141\/290
|-unboost|p1a: Caterpie|spd|1
|-unboost|p1a: Caterpie|spa|1
|
|turn|73
|choice|move 2|switch 6
|
|switch|p2a: Tangela|Tangela, L85|140\/284 par
|move|p1a: Caterpie|String Shot|p2a: Tangela
|-unboost|p2a: Tangela|spe|1
|
|turn|74
|choice|move 1|move 3
|
|move|p1a: Caterpie|Tackle|p2a: Tangela
|-crit|p2a: Tangela
|-damage|p2a: Tangela|109\/284 par
|move|p2a: Tangela|Body Slam|p1a: Caterpie
|-damage|p1a: Caterpie|75\/290
|
|turn|75
|c|★Hidol|lol
|c|★beMypokeBitch|even your stupid caterpie gives critical hit and you nearly lost this game so that shows you how much you suck
|choice|switch 5|move 3
|
|switch|p1a: Articuno|Articuno, L79|241\/304 par
|move|p2a: Tangela|Body Slam|p1a: Articuno
|-crit|p1a: Articuno
|-damage|p1a: Articuno|161\/304 par
|
|turn|76
|choice|move 2|switch 6
|
|switch|p2a: Jynx|Jynx, L79|232\/265 par
|cant|p1a: Articuno|par
|
|turn|77
|choice|switch 3|move 2
|
|switch|p1a: Chansey|Chansey, L79|512\/557 par
|move|p2a: Jynx|Psychic|p1a: Chansey
|-damage|p1a: Chansey|438\/557 par
|
|turn|78
|choice|move 2|move 4
|
|move|p2a: Jynx|Mimic|p1a: Chansey
|-start|p2a: Jynx|Mimic|Soft-Boiled
|move|p1a: Chansey|Thunderbolt|p2a: Jynx
|-damage|p2a: Jynx|166\/265 par
|
|turn|79
|choice|move 2|move 4
|
|move|p2a: Jynx|Soft-Boiled|p2a: Jynx
|-heal|p2a: Jynx|265\/265 par
|move|p1a: Chansey|Thunderbolt|p2a: Jynx
|-damage|p2a: Jynx|200\/265 par
|
|turn|80
|choice|move 2|move 2
|
|move|p2a: Jynx|Psychic|p1a: Chansey
|-crit|p1a: Chansey
|-damage|p1a: Chansey|279\/557 par
|cant|p1a: Chansey|par
|
|turn|81
|choice|move 1|move 2
|
|cant|p2a: Jynx|par
|move|p1a: Chansey|Soft-Boiled|p1a: Chansey
|-heal|p1a: Chansey|557\/557 par
|
|turn|82
|c|★Hidol|...
|choice|move 2|move 2
|
|move|p2a: Jynx|Psychic|p1a: Chansey
|-crit|p1a: Chansey
|-damage|p1a: Chansey|405\/557 par
|move|p1a: Chansey|Thunderbolt|p2a: Jynx
|-crit|p2a: Jynx
|-damage|p2a: Jynx|70\/265 par
|
|turn|83
|choice|move 2|move 4
|
|cant|p2a: Jynx|par
|move|p1a: Chansey|Thunderbolt|p2a: Jynx
|-damage|p2a: Jynx|4\/265 par
|
|turn|84
|choice|move 4|move 4
|
|cant|p2a: Jynx|par
|move|p1a: Chansey|Counter|p2a: Jynx
|-fail|p1a: Chansey
|
|turn|85
|choice|move 2|move 4
|
|move|p2a: Jynx|Soft-Boiled|p2a: Jynx
|-heal|p2a: Jynx|136\/265 par
|move|p1a: Chansey|Thunderbolt|p2a: Jynx
|-damage|p2a: Jynx|71\/265 par
|
|turn|86
|choice|move 2|move 4
|
|move|p2a: Jynx|Soft-Boiled|p2a: Jynx
|-heal|p2a: Jynx|203\/265 par
|move|p1a: Chansey|Thunderbolt|p2a: Jynx
|-crit|p2a: Jynx
|-damage|p2a: Jynx|88\/265 par
|
|turn|87
|c|★beMypokeBitch|wow
|c|★beMypokeBitch|how many critical hits from stupid chansey
|choice|move 1|move 4
|
|move|p2a: Jynx|Soft-Boiled|p2a: Jynx
|-heal|p2a: Jynx|220\/265 par
|move|p1a: Chansey|Soft-Boiled|p1a: Chansey
|-heal|p1a: Chansey|557\/557 par
|
|turn|88
|choice|move 4|move 2
|
|move|p2a: Jynx|Psychic|p1a: Chansey
|-damage|p1a: Chansey|478\/557 par
|-unboost|p1a: Chansey|spd|1
|-unboost|p1a: Chansey|spa|1
|cant|p1a: Chansey|par
|
|turn|89
|choice|move 1|move 1
|
|cant|p2a: Jynx|par
|move|p1a: Chansey|Soft-Boiled|p1a: Chansey
|-heal|p1a: Chansey|557\/557 par
|
|turn|90
|choice|move 4|move 1
|
|move|p2a: Jynx|Blizzard|p1a: Chansey
|-damage|p1a: Chansey|404\/557 par
|move|p1a: Chansey|Counter|p2a: Jynx
|-fail|p1a: Chansey
|
|turn|91
|choice|move 4|move 1
|
|move|p2a: Jynx|Blizzard|p1a: Chansey
|-damage|p1a: Chansey|242\/557 par
|cant|p1a: Chansey|par
|
|turn|92
|choice|move 1|move 1
|
|move|p2a: Jynx|Blizzard|p1a: Chansey
|-damage|p1a: Chansey|79\/557 par
|cant|p1a: Chansey|par
|
|turn|93
|choice|switch 5|move 2
|
|switch|p1a: Caterpie|Caterpie, L99|75\/290
|move|p2a: Jynx|Psychic|p1a: Caterpie
|-damage|p1a: Caterpie|0 fnt
|faint|p1a: Caterpie
|choice|switch 6|
|
|switch|p1a: Gengar|Gengar, L79|257\/257
|turn|94
|c|★Hidol|boom
|choice|move 4|move 3
|
|move|p1a: Gengar|Mega Drain|p2a: Jynx
|-damage|p2a: Jynx|189\/265 par
|cant|p2a: Jynx|par
|
|turn|95
|choice|move 2|move 3
|
|move|p1a: Gengar|Thunderbolt|p2a: Jynx
|-damage|p2a: Jynx|119\/265 par
|move|p2a: Jynx|Lovely Kiss|p1a: Gengar
|-status|p1a: Gengar|slp
|
|turn|96
|choice|move 1|switch 2
|
|switch|p2a: Electabuzz|Electabuzz, L85|178\/284 par
|cant|p1a: Gengar|slp
|
|turn|97
|choice|switch 5|move 1
|
|switch|p1a: Chansey|Chansey, L79|79\/557 par
|move|p2a: Electabuzz|Psychic|p1a: Chansey
|-damage|p1a: Chansey|22\/557 par
|
|turn|98
|choice|switch 3|move 2
|
|switch|p1a: Articuno|Articuno, L79|161\/304 par
|move|p2a: Electabuzz|Seismic Toss|p1a: Articuno
|-damage|p1a: Articuno|76\/304 par
|
|turn|99
|choice|move 2|move 2
|
|move|p2a: Electabuzz|Seismic Toss|p1a: Articuno
|-damage|p1a: Articuno|0 fnt
|faint|p1a: Articuno
|choice|switch 2|
|
|switch|p1a: Rhydon|Rhydon, L79|140\/328
|turn|100
|choice|move 2|switch 2
|
|switch|p2a: Jynx|Jynx, L79|119\/265 par
|move|p1a: Rhydon|Rock Slide|p2a: Jynx
|-supereffective|p2a: Jynx
|-damage|p2a: Jynx|0 fnt
|faint|p2a: Jynx
|choice||switch 6
|
|switch|p2a: Tangela|Tangela, L85|109\/284 par
|turn|101
|choice|move 2|move 2
|
|move|p1a: Rhydon|Rock Slide|p2a: Tangela
|-damage|p2a: Tangela|43\/284 par
|cant|p2a: Tangela|par
|
|turn|102
|c|★beMypokeBitch|wow
|choice|move 3|move 2
|
|move|p1a: Rhydon|Earthquake|p2a: Tangela
|-resisted|p2a: Tangela
|-damage|p2a: Tangela|0 fnt
|faint|p2a: Tangela
|choice||switch 3
|
|switch|p2a: Haunter|Haunter, L85|250\/250
|turn|103
|c|★Hidol|tss
|choice|switch 3|move 3
|
|switch|p1a: Chansey|Chansey, L79|22\/557 par
|move|p2a: Haunter|Psychic|p1a: Chansey
|-crit|p1a: Chansey
|-damage|p1a: Chansey|0 fnt
|faint|p1a: Chansey
|choice|switch 3|
|
|switch|p1a: Rhydon|Rhydon, L79|140\/328
|turn|104
|choice|move 3|move 3
|
|move|p2a: Haunter|Psychic|p1a: Rhydon
|-damage|p1a: Rhydon|24\/328
|move|p1a: Rhydon|Earthquake|p2a: Haunter
|-supereffective|p2a: Haunter
|-damage|p2a: Haunter|0 fnt
|faint|p2a: Haunter
|c|★Hidol|woow
|c|★beMypokeBitch|you realize you won this by very, very, very, very little
|c|★beMypokeBitch|even with all your stupid luck
|c|★beMypokeBitch|that goes to show how good i am
|choice||switch 2
|
|switch|p2a: Electabuzz|Electabuzz, L85|178\/284 par
|turn|105
|choice|move 3|move 1
|
|move|p1a: Rhydon|Earthquake|p2a: Electabuzz
|-supereffective|p2a: Electabuzz
|-damage|p2a: Electabuzz|0 fnt
|faint|p2a: Electabuzz
|
|win|Hidol
|leave|beMypokeBitch
|player|p2
|raw|Hidol's rating: 1065 &rarr; <strong>1105<\/strong><br \/>(+40 for winning)
|raw|beMypokeBitch's rating: 1173 &rarr; <strong>1140<\/strong><br \/>(-33 for losing)