|join|jnjklnjln
|join|yaldyyyy
|player|p1|jnjklnjln|266
|player|p2|yaldyyyy|265
|gametype|singles
|gen|1
|tier|[Gen 1] Random Battle
|rated
|rule|Sleep Clause Mod: Limit one foe put to sleep
|rule|Freeze Clause Mod: Limit one foe frozen
|rule|HP Percentage Mod: HP is shown in percentages
|
|start
|switch|p1a: Onix|Onix, L90|246\/246
|switch|p2a: Rhydon|Rhydon, L79|328\/328
|turn|1
|
|switch|p2a: Lickitung|Lickitung, L90|345\/345
|move|p1a: Onix|Earthquake|p2a: Lickitung
|-damage|p2a: Lickitung|264\/345
|
|turn|2
|
|switch|p1a: Machop|Machop, L96|329\/329
|move|p2a: Lickitung|Earthquake|p1a: Machop
|-damage|p1a: Machop|260\/329
|
|turn|3
|
|switch|p2a: Pinsir|Pinsir, L85|284\/284
|move|p1a: Machop|Submission|p2a: Pinsir|[miss]
|-miss|p1a: Machop
|
|turn|4
|
|move|p2a: Pinsir|Body Slam|p1a: Machop
|-damage|p1a: Machop|168\/329
|move|p1a: Machop|Rock Slide|p2a: Pinsir
|-supereffective|p2a: Pinsir
|-damage|p2a: Pinsir|178\/284
|
|turn|5
|
|move|p2a: Pinsir|Hyper Beam|p1a: Machop
|-damage|p1a: Machop|1\/329
|move|p1a: Machop|Rock Slide|p2a: Pinsir
|-supereffective|p2a: Pinsir
|-damage|p2a: Pinsir|70\/284
|
|turn|6
|-mustrecharge|p2a: Pinsir
|c|★yaldyyyy|:(
|-mustrecharge|p2a: Pinsir
|
|cant|p2a: Pinsir|recharge
|move|p1a: Machop|Rock Slide|p2a: Pinsir
|-supereffective|p2a: Pinsir
|-damage|p2a: Pinsir|0 fnt
|faint|p2a: Pinsir
|
|switch|p2a: Zapdos|Zapdos, L79|304\/304
|turn|7
|
|switch|p1a: Onix|Onix, L90|246\/246
|move|p2a: Zapdos|Drill Peck|p1a: Onix
|-resisted|p1a: Onix
|-damage|p1a: Onix|225\/246
|
|turn|8
|c|★jnjklnjln|:(
|
|switch|p2a: Lickitung|Lickitung, L90|264\/345
|move|p1a: Onix|Rock Slide|p2a: Lickitung
|-damage|p2a: Lickitung|198\/345
|
|turn|9
|
|move|p1a: Onix|Earthquake|p2a: Lickitung
|-damage|p2a: Lickitung|116\/345
|move|p2a: Lickitung|Earthquake|p1a: Onix
|-supereffective|p1a: Onix
|-damage|p1a: Onix|151\/246
|
|turn|10
|
|switch|p1a: Zapdos|Zapdos, L79|304\/304
|move|p2a: Lickitung|Earthquake|p1a: Zapdos
|-immune|p1a: Zapdos|[msg]
|
|turn|11
|
|switch|p1a: Victreebel|Victreebel, L85|310\/310
|move|p2a: Lickitung|Hyper Beam|p1a: Victreebel
|-damage|p1a: Victreebel|150\/310
|
|turn|12
|-mustrecharge|p2a: Lickitung
|-mustrecharge|p2a: Lickitung
|
|move|p1a: Victreebel|Razor Leaf|p2a: Lickitung
|-crit|p2a: Lickitung
|-damage|p2a: Lickitung|0 fnt
|faint|p2a: Lickitung
|
|switch|p2a: Charizard|Charizard, L85|306\/306
|turn|13
|c|★jnjklnjln|onix is still so weak
|
|switch|p1a: Machop|Machop, L96|1\/329
|move|p2a: Charizard|Fire Blast|p1a: Machop
|-crit|p1a: Machop
|-damage|p1a: Machop|0 fnt
|faint|p1a: Machop
|
|switch|p1a: Onix|Onix, L90|151\/246
|turn|14
|
|switch|p2a: Persian|Persian, L79|265\/265
|move|p1a: Onix|Rock Slide|p2a: Persian
|-damage|p2a: Persian|182\/265
|
|turn|15
|
|switch|p1a: Zapdos|Zapdos, L79|304\/304
|move|p2a: Persian|Bubble Beam|p1a: Zapdos
|-damage|p1a: Zapdos|277\/304
|
|turn|16
|
|move|p2a: Persian|Slash|p1a: Zapdos
|-crit|p1a: Zapdos
|-damage|p1a: Zapdos|165\/304
|move|p1a: Zapdos|Thunder Wave|p2a: Persian
|-status|p2a: Persian|par
|
|turn|17
|
|move|p1a: Zapdos|Thunderbolt|p2a: Persian
|-damage|p2a: Persian|57\/265 par
|move|p2a: Persian|Slash|p1a: Zapdos
|-crit|p1a: Zapdos
|-damage|p1a: Zapdos|53\/304
|
|turn|18
|
|move|p1a: Zapdos|Drill Peck|p2a: Persian
|-damage|p2a: Persian|0 fnt
|faint|p2a: Persian
|
|switch|p2a: Rhydon|Rhydon, L79|328\/328
|turn|19
|
|switch|p1a: Onix|Onix, L90|151\/246
|move|p2a: Rhydon|Earthquake|p1a: Onix
|-supereffective|p1a: Onix
|-damage|p1a: Onix|14\/246
|
|turn|20
|
|switch|p2a: Charizard|Charizard, L85|306\/306
|move|p1a: Onix|Explosion|p2a: Charizard
|-damage|p2a: Charizard|106\/306
|faint|p1a: Onix
|
|switch|p1a: Tauros|Tauros, L79|280\/280
|turn|21
|leave|yaldyyyy
|player|p2
|-message|yaldyyyy lost due to inactivity.
|
|win|jnjklnjln
|raw|Ladder updating...
|raw|jnjklnjln's rating: 1040 &rarr; <strong>1082<\/strong><br \/>(+42 for winning)
|raw|yaldyyyy's rating: 1129 &rarr; <strong>1097<\/strong><br \/>(-32 for losing)