|join|XianJu
|join|mackdaddyyoshi
|player|p1|XianJu|130
|player|p2|mackdaddyyoshi|10
|gametype|singles
|gen|1
|tier|[Gen 1] Random Battle
|rated
|rule|Sleep Clause Mod: Limit one foe put to sleep
|rule|Freeze Clause Mod: Limit one foe frozen
|rule|HP Percentage Mod: HP is shown in percentages
|
|start
|switch|p1a: Jynx|Jynx, L79|265\/265
|switch|p2a: Persian|Persian, L79|265\/265
|turn|1
|
|switch|p2a: Articuno|Articuno, L79|304\/304
|move|p1a: Jynx|Lovely Kiss|p2a: Articuno
|-status|p2a: Articuno|slp
|
|turn|2
|
|switch|p2a: Magmar|Magmar, L90|300\/300
|move|p1a: Jynx|Mimic|p2a: Magmar
|-start|p1a: Jynx|Mimic|Body Slam
|
|turn|3
|
|move|p2a: Magmar|Confuse Ray|p1a: Jynx
|-start|p1a: Jynx|confusion
|-activate|p1a: Jynx|confusion
|-damage|p1a: Jynx|232\/265|[from] confusion
|
|turn|4
|
|switch|p1a: Onix|Onix, L90|246\/246
|move|p2a: Magmar|Mimic|p1a: Onix
|-start|p2a: Magmar|Mimic|Explosion
|
|turn|5
|
|move|p2a: Magmar|Confuse Ray|p1a: Onix
|-start|p1a: Onix|confusion
|-activate|p1a: Onix|confusion
|-damage|p1a: Onix|231\/246|[from] confusion
|
|turn|6
|
|move|p2a: Magmar|Body Slam|p1a: Onix
|-resisted|p1a: Onix
|-damage|p1a: Onix|210\/246
|-activate|p1a: Onix|confusion
|-damage|p1a: Onix|195\/246|[from] confusion
|
|turn|7
|
|move|p2a: Magmar|Body Slam|p1a: Onix
|-resisted|p1a: Onix
|-damage|p1a: Onix|175\/246
|-activate|p1a: Onix|confusion
|move|p1a: Onix|Earthquake|p2a: Magmar
|-crit|p2a: Magmar
|-supereffective|p2a: Magmar
|-damage|p2a: Magmar|0 fnt
|faint|p2a: Magmar
|
|switch|p2a: Hypno|Hypno, L85|318\/318
|turn|8
|
|-end|p1a: Onix|confusion
|move|p1a: Onix|Explosion|p2a: Hypno
|-damage|p2a: Hypno|101\/318
|faint|p1a: Onix
|c|★mackdaddyyoshi|bitch
|
|switch|p1a: Magmar|Magmar, L90|300\/300
|turn|9
|
|move|p1a: Magmar|Hyper Beam|p2a: Hypno
|-damage|p2a: Hypno|0 fnt
|faint|p2a: Hypno
|
|switch|p2a: Persian|Persian, L79|265\/265
|turn|10
|
|move|p2a: Persian|Slash|p1a: Magmar
|-crit|p1a: Magmar
|-damage|p1a: Magmar|175\/300
|move|p1a: Magmar|Confuse Ray|p2a: Persian
|-start|p2a: Persian|confusion
|
|turn|11
|
|-activate|p2a: Persian|confusion
|-damage|p2a: Persian|235\/265|[from] confusion
|move|p1a: Magmar|Body Slam|p2a: Persian
|-damage|p2a: Persian|146\/265
|
|turn|12
|
|-activate|p2a: Persian|confusion
|-damage|p2a: Persian|116\/265|[from] confusion
|move|p1a: Magmar|Body Slam|p2a: Persian
|-crit|p2a: Persian
|-damage|p2a: Persian|0 fnt
|faint|p2a: Persian
|
|switch|p2a: Jolteon|Jolteon, L79|265\/265
|turn|13
|
|move|p2a: Jolteon|Thunderbolt|p1a: Magmar
|-damage|p1a: Magmar|76\/300
|move|p1a: Magmar|Confuse Ray|p2a: Jolteon
|-start|p2a: Jolteon|confusion
|
|turn|14
|
|-activate|p2a: Jolteon|confusion
|move|p2a: Jolteon|Thunderbolt|p1a: Magmar
|-damage|p1a: Magmar|0 fnt
|faint|p1a: Magmar
|
|switch|p1a: Magneton|Magneton, L90|273\/273
|turn|15
|
|switch|p2a: Grimer|Grimer, L96|348\/348
|move|p1a: Magneton|Thunder Wave|p2a: Grimer
|-status|p2a: Grimer|par
|
|turn|16
|
|move|p1a: Magneton|Thunderbolt|p2a: Grimer
|-damage|p2a: Grimer|178\/348 par
|move|p2a: Grimer|Explosion|p1a: Magneton
|-damage|p1a: Magneton|28\/273
|faint|p2a: Grimer
|
|switch|p2a: Jolteon|Jolteon, L79|265\/265
|turn|17
|
|move|p2a: Jolteon|Thunderbolt|p1a: Magneton
|-resisted|p1a: Magneton
|-damage|p1a: Magneton|0 fnt
|faint|p1a: Magneton
|
|switch|p1a: Jigglypuff|Jigglypuff, L99|428\/428
|turn|18
|
|move|p2a: Jolteon|Thunderbolt|p1a: Jigglypuff
|-crit|p1a: Jigglypuff
|-damage|p1a: Jigglypuff|129\/428
|move|p1a: Jigglypuff|Disable|p2a: Jolteon
|-start|p2a: Jolteon|Disable|Thunderbolt
|
|turn|19
|c|★mackdaddyyoshi|fucking rofl
|
|move|p2a: Jolteon|Thunder Wave|p1a: Jigglypuff
|-status|p1a: Jigglypuff|par
|cant|p1a: Jigglypuff|par
|
|-end|p2a: Jolteon|Disable
|turn|20
|c|★mackdaddyyoshi|#rekt
|
|move|p2a: Jolteon|Thunderbolt|p1a: Jigglypuff
|-crit|p1a: Jigglypuff
|-damage|p1a: Jigglypuff|0 fnt
|faint|p1a: Jigglypuff
|c|★mackdaddyyoshi|am I actually going to win?!
|c|★mackdaddyyoshi|what the fuck
|
|switch|p1a: Jynx|Jynx, L79|232\/265
|turn|21
|
|move|p2a: Jolteon|Thunderbolt|p1a: Jynx
|-damage|p1a: Jynx|135\/265
|move|p1a: Jynx|Blizzard|p2a: Jolteon
|-damage|p2a: Jolteon|157\/265
|
|turn|22
|
|move|p2a: Jolteon|Thunder Wave|p1a: Jynx
|-status|p1a: Jynx|par
|move|p1a: Jynx|Psychic|p2a: Jolteon
|-crit|p2a: Jolteon
|-damage|p2a: Jolteon|4\/265
|
|turn|23
|
|switch|p2a: Articuno|Articuno, L79|304\/304 slp
|cant|p1a: Jynx|par
|
|turn|24
|
|switch|p1a: Kabutops|Kabutops, L85|276\/276
|cant|p2a: Articuno|slp
|
|turn|25
|
|move|p1a: Kabutops|Swords Dance|p1a: Kabutops
|-boost|p1a: Kabutops|atk|2
|cant|p2a: Articuno|slp
|
|turn|26
|
|move|p1a: Kabutops|Body Slam|p2a: Articuno
|-damage|p2a: Articuno|176\/304 slp
|cant|p2a: Articuno|slp
|
|turn|27
|c|★mackdaddyyoshi|i fucked up.
|c|★mackdaddyyoshi|:(
|
|move|p1a: Kabutops|Body Slam|p2a: Articuno
|-damage|p2a: Articuno|31\/304 slp
|cant|p2a: Articuno|slp
|
|turn|28
|
|move|p1a: Kabutops|Body Slam|p2a: Articuno|[miss]
|-miss|p1a: Kabutops
|-curestatus|p2a: Articuno|slp
|
|turn|29
|
|move|p1a: Kabutops|Body Slam|p2a: Articuno
|-damage|p2a: Articuno|0 fnt
|faint|p2a: Articuno
|
|switch|p2a: Jolteon|Jolteon, L79|4\/265
|turn|30
|
|move|p2a: Jolteon|Thunderbolt|p1a: Kabutops
|-supereffective|p1a: Kabutops
|-damage|p1a: Kabutops|63\/276
|move|p1a: Kabutops|Body Slam|p2a: Jolteon
|-damage|p2a: Jolteon|0 fnt
|faint|p2a: Jolteon
|
|win|XianJu
|leave|mackdaddyyoshi
|player|p2
|raw|XianJu's rating: 1213 &rarr; <strong>1241<\/strong><br \/>(+28 for winning)
|raw|mackdaddyyoshi's rating: 1253 &rarr; <strong>1225<\/strong><br \/>(-28 for losing)