|join|DavidXanatos
|join|kid gf lol
|player|p1|DavidXanatos|291
|player|p2|kid gf lol|168
|gametype|singles
|gen|1
|tier|[Gen 1] OU (beta)
|rated
|rule|Sleep Clause Mod: Limit one foe put to sleep
|rule|Species Clause: Limit one of each Pokemon
|rule|OHKO Clause: OHKO moves are banned
|rule|Moody Clause: Moody is banned
|rule|Evasion Moves Clause: Evasion moves are banned
|rule|Endless Battle Clause: Forcing endless battles is banned.
|rule|HP Percentage Mod: HP is reported as percentages
|
|start
|switch|p1a: Exeggutor|Exeggutor|393\/393
|switch|p2a: Zam Lead|Alakazam|313\/313
|turn|1
|
|move|p2a: Zam Lead|Seismic Toss|p1a: Exeggutor
|-damage|p1a: Exeggutor|293\/393
|move|p1a: Exeggutor|Sleep Powder|p2a: Zam Lead|[miss]
|-miss|p1a: Exeggutor
|
|turn|2
|
|move|p2a: Zam Lead|Seismic Toss|p1a: Exeggutor
|-damage|p1a: Exeggutor|193\/393
|move|p1a: Exeggutor|Sleep Powder|p2a: Zam Lead|[miss]
|-miss|p1a: Exeggutor
|
|turn|3
|
|move|p2a: Zam Lead|Seismic Toss|p1a: Exeggutor
|-damage|p1a: Exeggutor|93\/393
|move|p1a: Exeggutor|Sleep Powder|p2a: Zam Lead
|-status|p2a: Zam Lead|slp
|
|turn|4
|
|switch|p2a: TNT|Golem|363\/363
|switch|p1a: Snorlax|Snorlax|523\/523
|
|turn|5
|
|switch|p2a: Result Of Incest|Exeggutor|393\/393
|move|p1a: Snorlax|Earthquake|p2a: Result Of Incest
|-resisted|p2a: Result Of Incest
|-damage|p2a: Result Of Incest|348\/393
|
|turn|6
|
|switch|p1a: Chansey|Chansey|703\/703
|move|p2a: Result Of Incest|Sleep Powder|p1a: Chansey|[miss]
|-miss|p2a: Result Of Incest
|
|turn|7
|
|move|p2a: Result Of Incest|Sleep Powder|p1a: Chansey|[miss]
|-miss|p2a: Result Of Incest
|move|p1a: Chansey|Ice Beam|p2a: Result Of Incest
|-supereffective|p2a: Result Of Incest
|-damage|p2a: Result Of Incest|210\/393
|
|turn|8
|
|move|p2a: Result Of Incest|Explosion|p1a: Chansey
|-damage|p1a: Chansey|0 fnt
|faint|p1a: Chansey
|faint|p2a: Result Of Incest
|
|switch|p2a: Mr Mime|Jynx|333\/333
|switch|p1a: Lapras|Lapras|463\/463
|turn|9
|
|switch|p1a: Exeggutor|Exeggutor|93\/393
|move|p2a: Mr Mime|Lovely Kiss|p1a: Exeggutor
|-status|p1a: Exeggutor|slp
|
|turn|10
|
|switch|p1a: Lapras|Lapras|463\/463
|move|p2a: Mr Mime|Reflect|p2a: Mr Mime
|
|turn|11
|
|move|p2a: Mr Mime|Psychic|p1a: Lapras
|-damage|p1a: Lapras|354\/463
|move|p1a: Lapras|Confuse Ray|p2a: Mr Mime
|-start|p2a: Mr Mime|confusion
|
|turn|12
|
|-activate|p2a: Mr Mime|confusion
|move|p2a: Mr Mime|Psychic|p1a: Lapras
|-damage|p1a: Lapras|251\/463
|move|p1a: Lapras|Body Slam|p2a: Mr Mime
|-crit|p2a: Mr Mime
|-damage|p2a: Mr Mime|235\/333
|
|turn|13
|
|-activate|p2a: Mr Mime|confusion
|-damage|p2a: Mr Mime|216\/333|[from] confusion
|move|p1a: Lapras|Body Slam|p2a: Mr Mime
|-damage|p2a: Mr Mime|167\/333
|
|turn|14
|
|-end|p2a: Mr Mime|confusion
|move|p2a: Mr Mime|Psychic|p1a: Lapras
|-damage|p1a: Lapras|138\/463
|move|p1a: Lapras|Body Slam|p2a: Mr Mime
|-damage|p2a: Mr Mime|114\/333
|-status|p2a: Mr Mime|par
|
|turn|15
|
|move|p1a: Lapras|Confuse Ray|p2a: Mr Mime
|-start|p2a: Mr Mime|confusion
|-activate|p2a: Mr Mime|confusion
|move|p2a: Mr Mime|Psychic|p1a: Lapras
|-damage|p1a: Lapras|33\/463
|
|turn|16
|
|move|p1a: Lapras|Body Slam|p2a: Mr Mime
|-damage|p2a: Mr Mime|61\/333 par
|-activate|p2a: Mr Mime|confusion
|-damage|p2a: Mr Mime|41\/333 par|[from] confusion
|
|turn|17
|
|move|p1a: Lapras|Body Slam|p2a: Mr Mime
|-damage|p2a: Mr Mime|0 fnt
|faint|p2a: Mr Mime
|
|
|switch|p2a: That's Bull|Tauros|353\/353
|turn|18
|
|switch|p1a: Exeggutor|Exeggutor|93\/393 slp
|move|p2a: That's Bull|Body Slam|p1a: Exeggutor
|-damage|p1a: Exeggutor|0 fnt
|faint|p1a: Exeggutor
|
|
|switch|p1a: Snorlax|Snorlax|523\/523
|turn|19
|
|move|p2a: That's Bull|Body Slam|p1a: Snorlax
|-damage|p1a: Snorlax|397\/523
|move|p1a: Snorlax|Body Slam|p2a: That's Bull
|-damage|p2a: That's Bull|236\/353
|-status|p2a: That's Bull|par
|
|turn|20
|
|move|p1a: Snorlax|Body Slam|p2a: That's Bull
|-damage|p2a: That's Bull|126\/353 par
|move|p2a: That's Bull|Hyper Beam|p1a: Snorlax
|-damage|p1a: Snorlax|176\/523
|
|turn|21
|
|move|p1a: Snorlax|Body Slam|p2a: That's Bull
|-damage|p2a: That's Bull|9\/353 par
|cant|p2a: That's Bull|par
|
|turn|22
|
|move|p1a: Snorlax|Body Slam|p2a: That's Bull
|-damage|p2a: That's Bull|0 fnt
|faint|p2a: That's Bull
|
|
|switch|p2a: TNT|Golem|363\/363
|turn|23
|
|switch|p1a: Golem|Golem|363\/363
|move|p2a: TNT|Earthquake|p1a: Golem
|-supereffective|p1a: Golem
|-damage|p1a: Golem|158\/363
|
|turn|24
|
|move|p1a: Golem|Earthquake|p2a: TNT
|-supereffective|p2a: TNT
|-damage|p2a: TNT|156\/363
|move|p2a: TNT|Earthquake|p1a: Golem
|-supereffective|p1a: Golem
|-damage|p1a: Golem|0 fnt
|faint|p1a: Golem
|
|
|switch|p1a: Lapras|Lapras|33\/463
|turn|25
|
|switch|p2a: Egg Kangaroo|Chansey|703\/703
|move|p1a: Lapras|Blizzard|p2a: Egg Kangaroo
|-damage|p2a: Egg Kangaroo|571\/703
|
|turn|26
|
|switch|p1a: Snorlax|Snorlax|176\/523
|move|p2a: Egg Kangaroo|Thunderbolt|p1a: Snorlax
|-damage|p1a: Snorlax|73\/523
|
|turn|27
|
|move|p2a: Egg Kangaroo|Ice Beam|p1a: Snorlax
|-damage|p1a: Snorlax|0 fnt
|faint|p1a: Snorlax
|
|
|switch|p1a: Tauros|Tauros|353\/353
|turn|28
|
|move|p1a: Tauros|Body Slam|p2a: Egg Kangaroo
|-damage|p2a: Egg Kangaroo|312\/703
|move|p2a: Egg Kangaroo|Thunder Wave|p1a: Tauros
|-status|p1a: Tauros|par
|
|turn|29
|
|move|p2a: Egg Kangaroo|Soft-Boiled|p2a: Egg Kangaroo
|-heal|p2a: Egg Kangaroo|663\/703
|move|p1a: Tauros|Hyper Beam|p2a: Egg Kangaroo
|-damage|p2a: Egg Kangaroo|182\/703
|
|turn|30
|
|move|p2a: Egg Kangaroo|Soft-Boiled|p2a: Egg Kangaroo
|-heal|p2a: Egg Kangaroo|533\/703
|cant|p1a: Tauros|recharge
|
|turn|31
|
|move|p2a: Egg Kangaroo|Soft-Boiled|p2a: Egg Kangaroo
|-heal|p2a: Egg Kangaroo|703\/703
|move|p1a: Tauros|Hyper Beam|p2a: Egg Kangaroo
|-damage|p2a: Egg Kangaroo|212\/703
|
|turn|32
|
|move|p2a: Egg Kangaroo|Soft-Boiled|p2a: Egg Kangaroo
|-heal|p2a: Egg Kangaroo|563\/703
|cant|p1a: Tauros|par
|
|turn|33
|
|switch|p2a: TNT|Golem|156\/363
|move|p1a: Tauros|Hyper Beam|p2a: TNT
|-crit|p2a: TNT
|-resisted|p2a: TNT
|-damage|p2a: TNT|21\/363
|
|turn|34
|
|move|p2a: TNT|Explosion|p1a: Tauros
|-damage|p1a: Tauros|71\/353 par
|faint|p2a: TNT
|
|switch|p2a: Egg Kangaroo|Chansey|563\/703
|turn|35
|
|move|p2a: Egg Kangaroo|Ice Beam|p1a: Tauros
|-damage|p1a: Tauros|0 fnt
|faint|p1a: Tauros
|
|
|switch|p1a: Lapras|Lapras|33\/463
|turn|36
|
|move|p1a: Lapras|Confuse Ray|p2a: Egg Kangaroo
|-start|p2a: Egg Kangaroo|confusion
|-activate|p2a: Egg Kangaroo|confusion
|-damage|p2a: Egg Kangaroo|531\/703|[from] confusion
|
|turn|37
|
|move|p1a: Lapras|Body Slam|p2a: Egg Kangaroo
|-damage|p2a: Egg Kangaroo|374\/703
|-status|p2a: Egg Kangaroo|par
|-activate|p2a: Egg Kangaroo|confusion
|-damage|p2a: Egg Kangaroo|344\/703 par|[from] confusion
|
|turn|38
|
|move|p1a: Lapras|Body Slam|p2a: Egg Kangaroo
|-damage|p2a: Egg Kangaroo|173\/703 par
|cant|p2a: Egg Kangaroo|par
|
|turn|39
|
|move|p1a: Lapras|Body Slam|p2a: Egg Kangaroo
|-crit|p2a: Egg Kangaroo
|-damage|p2a: Egg Kangaroo|0 fnt
|faint|p2a: Egg Kangaroo
|
|
|switch|p2a: Zam Lead|Alakazam|313\/313 slp
|turn|40
|join|vgjgh
|
|cant|p2a: Zam Lead|slp
|move|p1a: Lapras|Blizzard|p2a: Zam Lead
|-damage|p2a: Zam Lead|209\/313 slp
|
|turn|41
|
|cant|p2a: Zam Lead|slp
|move|p1a: Lapras|Blizzard|p2a: Zam Lead
|-damage|p2a: Zam Lead|103\/313 slp
|
|turn|42
|
|cant|p2a: Zam Lead|slp
|move|p1a: Lapras|Blizzard|p2a: Zam Lead|[miss]
|-miss|p1a: Lapras
|
|turn|43
|chat|kid gf lol|miss
|chat|kid gf lol|miss again
|
|cant|p2a: Zam Lead|slp
|-curestatus|p2a: Zam Lead|slp
|move|p1a: Lapras|Blizzard|p2a: Zam Lead
|-crit|p2a: Zam Lead
|-damage|p2a: Zam Lead|0 fnt
|faint|p2a: Zam Lead
|
|win|DavidXanatos
|raw|Ladder updating...
|raw|DavidXanatos's rating: 1361 &rarr; <strong>1386<\/strong><br \/>(+25 for winning)
|raw|kid gf lol's rating: 1451 &rarr; <strong>1426<\/strong><br \/>(-25 for losing)
|chat|kid gf lol|gg
|chat|DavidXanatos|gg
|leave|DavidXanatos
|player|p1
|leave|kid gf lol
|player|p2