|join|matdelucca
|join|carpediem69
|player|p1|matdelucca|40
|player|p2|carpediem69|265
|gametype|singles
|gen|1
|tier|[Gen 1] Random Battle
|rated
|seed|19855,35414,2634,52699
|rule|Sleep Clause Mod: Limit one foe put to sleep
|rule|Freeze Clause Mod: Limit one foe frozen
|rule|HP Percentage Mod: HP is shown in percentages
|
|start
|switch|p1a: Graveler|Graveler, L85|267\/267
|switch|p2a: Kangaskhan|Kangaskhan, L85|352\/352
|turn|1
|choice|move Body Slam|switch 2
|
|switch|p2a: Koffing|Koffing, L96|272\/272
|move|p1a: Graveler|Body Slam|p2a: Koffing
|-damage|p2a: Koffing|220\/272
|-status|p2a: Koffing|par
|
|turn|2
|choice|move Rock Slide|switch 3
|
|switch|p2a: Cloyster|Cloyster, L83|253\/253
|move|p1a: Graveler|Rock Slide|p2a: Cloyster
|-supereffective|p2a: Cloyster
|-damage|p2a: Cloyster|157\/253
|
|turn|3
|choice|move Explosion|move Blizzard
|
|move|p2a: Cloyster|Blizzard|p1a: Graveler
|-supereffective|p1a: Graveler
|-damage|p1a: Graveler|0 fnt
|faint|p1a: Graveler
|choice|switch 3|
|
|switch|p1a: Starmie|Starmie, L79|257\/257
|turn|4
|choice|move Thunder Wave|switch 3
|
|switch|p2a: Koffing|Koffing, L96|220\/272 par
|move|p1a: Starmie|Thunder Wave|p2a: Koffing
|-fail|p2a: Koffing|par
|
|turn|5
|choice|move Surf|move Thunder
|
|move|p1a: Starmie|Surf|p2a: Koffing
|-crit|p2a: Koffing
|-damage|p2a: Koffing|10\/272 par
|move|p2a: Koffing|Thunder|p1a: Starmie
|-supereffective|p1a: Starmie
|-damage|p1a: Starmie|95\/257
|
|turn|6
|choice|move Surf|move Explosion
|
|move|p1a: Starmie|Surf|p2a: Koffing
|-crit|p2a: Koffing
|-damage|p2a: Koffing|0 fnt
|faint|p2a: Koffing
|choice||switch 5
|
|switch|p2a: Ivysaur|Ivysaur, L85|276\/276
|turn|7
|choice|move Blizzard|move Razor Leaf
|
|move|p1a: Starmie|Blizzard|p2a: Ivysaur
|-crit|p2a: Ivysaur
|-supereffective|p2a: Ivysaur
|-damage|p2a: Ivysaur|0 fnt
|faint|p2a: Ivysaur
|choice||switch 6
|
|switch|p2a: Pinsir|Pinsir, L85|284\/284
|turn|8
|choice|move Blizzard|move Submission
|
|move|p1a: Starmie|Blizzard|p2a: Pinsir|[miss]
|-miss|p1a: Starmie
|move|p2a: Pinsir|Submission|p1a: Starmie
|-resisted|p1a: Starmie
|-damage|p1a: Starmie|59\/257
|-damage|p2a: Pinsir|275\/284|[from] recoil|[of] p1a: Starmie
|
|turn|9
|choice|move Blizzard|move Body Slam
|
|move|p1a: Starmie|Blizzard|p2a: Pinsir
|-damage|p2a: Pinsir|178\/284
|move|p2a: Pinsir|Body Slam|p1a: Starmie
|-damage|p1a: Starmie|0 fnt
|faint|p1a: Starmie
|choice|switch 4|
|
|switch|p1a: Persian|Persian, L79|265\/265
|turn|10
|choice|move Slash|move Submission
|
|move|p1a: Persian|Slash|p2a: Pinsir
|-crit|p2a: Pinsir
|-damage|p2a: Pinsir|76\/284
|move|p2a: Pinsir|Submission|p1a: Persian
|-supereffective|p1a: Persian
|-damage|p1a: Persian|86\/265
|-damage|p2a: Pinsir|32\/284|[from] recoil|[of] p1a: Persian
|
|turn|11
|choice|move Slash|switch 4
|
|switch|p2a: Rapidash|Rapidash, L90|300\/300
|move|p1a: Persian|Slash|p2a: Rapidash
|-crit|p2a: Rapidash
|-damage|p2a: Rapidash|178\/300
|
|turn|12
|choice|move Bubble Beam|move Substitute
|
|move|p2a: Rapidash|Substitute|p2a: Rapidash
|-start|p2a: Rapidash|Substitute
|-damage|p2a: Rapidash|103\/300
|move|p1a: Persian|Bubble Beam|p2a: Rapidash
|-crit|p2a: Rapidash
|-supereffective|p2a: Rapidash
|-end|p2a: Rapidash|Substitute
|
|turn|13
|choice|move Bubble Beam|switch 4
|
|switch|p2a: Pinsir|Pinsir, L85|32\/284
|move|p1a: Persian|Bubble Beam|p2a: Pinsir
|-damage|p2a: Pinsir|0 fnt
|faint|p2a: Pinsir
|choice||switch 2
|
|switch|p2a: Kangaskhan|Kangaskhan, L85|352\/352
|turn|14
|choice|move Slash|move Earthquake
|
|move|p1a: Persian|Slash|p2a: Kangaskhan
|-crit|p2a: Kangaskhan
|-damage|p2a: Kangaskhan|234\/352
|move|p2a: Kangaskhan|Earthquake|p1a: Persian
|-damage|p1a: Persian|0 fnt
|faint|p1a: Persian
|choice|switch 6|
|
|switch|p1a: Exeggutor|Exeggutor, L79|312\/312
|turn|15
|choice|move Psychic|switch 4
|
|switch|p2a: Rapidash|Rapidash, L90|103\/300
|move|p1a: Exeggutor|Psychic|p2a: Rapidash
|-damage|p2a: Rapidash|0 fnt
|faint|p2a: Rapidash
|choice||switch 3
|
|switch|p2a: Cloyster|Cloyster, L83|157\/253
|turn|16
|choice|move Psychic|move Blizzard
|
|move|p2a: Cloyster|Blizzard|p1a: Exeggutor
|-supereffective|p1a: Exeggutor
|-damage|p1a: Exeggutor|127\/312
|move|p1a: Exeggutor|Psychic|p2a: Cloyster
|-damage|p2a: Cloyster|59\/253
|
|turn|17
|choice|switch 2|move Blizzard
|
|switch|p1a: Kakuna|Kakuna, L99|290\/290
|move|p2a: Cloyster|Blizzard|p1a: Kakuna
|-damage|p1a: Kakuna|123\/290
|
|turn|18
|choice|move String Shot|move Surf
|
|move|p2a: Cloyster|Surf|p1a: Kakuna
|-crit|p1a: Kakuna
|-damage|p1a: Kakuna|0 fnt
|faint|p1a: Kakuna
|choice|switch 5|
|
|switch|p1a: Articuno|Articuno, L79|304\/304
|turn|19
|choice|move Blizzard|move Explosion
|
|move|p1a: Articuno|Blizzard|p2a: Cloyster
|-resisted|p2a: Cloyster
|-damage|p2a: Cloyster|26\/253
|move|p2a: Cloyster|Explosion|p1a: Articuno
|-damage|p1a: Articuno|80\/304
|faint|p2a: Cloyster
|choice||switch 4
|
|switch|p2a: Kangaskhan|Kangaskhan, L85|234\/352
|turn|20
|choice|move Blizzard|move Body Slam
|
|move|p2a: Kangaskhan|Body Slam|p1a: Articuno
|-damage|p1a: Articuno|0 fnt
|faint|p1a: Articuno
|choice|switch 2|
|
|switch|p1a: Exeggutor|Exeggutor, L79|127\/312
|turn|21
|choice|move Hyper Beam|move Body Slam
|
|move|p2a: Kangaskhan|Body Slam|p1a: Exeggutor
|-crit|p1a: Exeggutor
|-damage|p1a: Exeggutor|0 fnt
|faint|p1a: Exeggutor
|
|win|carpediem69