|join|AitorMaster
|join|calico2166
|player|p1|AitorMaster|163
|player|p2|calico2166|266
|gametype|singles
|gen|1
|tier|[Gen 1] Random Battle
|rated
|rule|Sleep Clause Mod: Limit one foe put to sleep
|rule|Freeze Clause Mod: Limit one foe frozen
|rule|HP Percentage Mod: HP is shown in percentages
|
|start
|switch|p1a: Sandslash|Sandslash, L85|301\/301
|switch|p2a: Lickitung|Lickitung, L90|345\/345
|turn|1
|
|move|p1a: Sandslash|Swords Dance|p1a: Sandslash
|-boost|p1a: Sandslash|atk|2
|move|p2a: Lickitung|Earthquake|p1a: Sandslash
|-damage|p1a: Sandslash|250\/301
|
|turn|2
|
|move|p1a: Sandslash|Swords Dance|p1a: Sandslash
|-boost|p1a: Sandslash|atk|2
|move|p2a: Lickitung|Swords Dance|p2a: Lickitung
|-boost|p2a: Lickitung|atk|2
|
|turn|3
|
|move|p1a: Sandslash|Earthquake|p2a: Lickitung
|-damage|p2a: Lickitung|0 fnt
|faint|p2a: Lickitung
|
|switch|p2a: Wartortle|Wartortle, L85|274\/274
|turn|4
|
|switch|p1a: Meowth|Meowth, L96|272\/272
|move|p2a: Wartortle|Surf|p1a: Meowth
|-damage|p1a: Meowth|171\/272
|
|turn|5
|
|move|p1a: Meowth|Thunderbolt|p2a: Wartortle
|-supereffective|p2a: Wartortle
|-damage|p2a: Wartortle|147\/274
|-status|p2a: Wartortle|par
|move|p2a: Wartortle|Surf|p1a: Meowth
|-damage|p1a: Meowth|59\/272
|
|turn|6
|
|move|p1a: Meowth|Thunderbolt|p2a: Wartortle
|-crit|p2a: Wartortle
|-supereffective|p2a: Wartortle
|-damage|p2a: Wartortle|0 fnt
|faint|p2a: Wartortle
|
|switch|p2a: Victreebel|Victreebel, L85|310\/310
|turn|7
|
|switch|p1a: Jynx|Jynx, L79|265\/265
|move|p2a: Victreebel|Razor Leaf|p1a: Jynx
|-crit|p1a: Jynx
|-damage|p1a: Jynx|151\/265
|
|turn|8
|
|move|p1a: Jynx|Blizzard|p2a: Victreebel|[miss]
|-miss|p1a: Jynx
|move|p2a: Victreebel|Sleep Powder|p1a: Jynx
|-status|p1a: Jynx|slp
|
|turn|9
|
|-curestatus|p1a: Jynx|slp
|move|p2a: Victreebel|Swords Dance|p2a: Victreebel
|-boost|p2a: Victreebel|atk|2
|
|turn|10
|
|move|p1a: Jynx|Blizzard|p2a: Victreebel
|-supereffective|p2a: Victreebel
|-damage|p2a: Victreebel|110\/310
|move|p2a: Victreebel|Razor Leaf|p1a: Jynx
|-crit|p1a: Jynx
|-damage|p1a: Jynx|31\/265
|
|turn|11
|
|move|p1a: Jynx|Psychic|p2a: Victreebel
|-supereffective|p2a: Victreebel
|-damage|p2a: Victreebel|0 fnt
|faint|p2a: Victreebel
|
|switch|p2a: Flareon|Flareon, L90|300\/300
|turn|12
|
|switch|p1a: Omastar|Omastar, L90|309\/309
|move|p2a: Flareon|Quick Attack|p1a: Omastar
|-resisted|p1a: Omastar
|-damage|p1a: Omastar|295\/309
|
|turn|13
|
|switch|p2a: Lapras|Lapras, L79|367\/367
|move|p1a: Omastar|Hydro Pump|p2a: Lapras
|-resisted|p2a: Lapras
|-damage|p2a: Lapras|284\/367
|
|turn|14
|
|move|p1a: Omastar|Seismic Toss|p2a: Lapras
|-damage|p2a: Lapras|194\/367
|move|p2a: Lapras|Thunderbolt|p1a: Omastar
|-supereffective|p1a: Omastar
|-damage|p1a: Omastar|197\/309
|
|turn|15
|
|switch|p1a: Meowth|Meowth, L96|59\/272
|move|p2a: Lapras|Thunderbolt|p1a: Meowth
|-damage|p1a: Meowth|0 fnt
|faint|p1a: Meowth
|
|switch|p1a: Scyther|Scyther, L90|309\/309
|turn|16
|
|move|p1a: Scyther|Slash|p2a: Lapras
|-crit|p2a: Lapras
|-damage|p2a: Lapras|54\/367
|move|p2a: Lapras|Ice Beam|p1a: Scyther
|-supereffective|p1a: Scyther
|-damage|p1a: Scyther|78\/309
|
|turn|17
|
|move|p1a: Scyther|Slash|p2a: Lapras
|-crit|p2a: Lapras
|-damage|p2a: Lapras|0 fnt
|faint|p2a: Lapras
|
|switch|p2a: Flareon|Flareon, L90|300\/300
|turn|18
|
|move|p2a: Flareon|Quick Attack|p1a: Scyther
|-damage|p1a: Scyther|35\/309
|move|p1a: Scyther|Hyper Beam|p2a: Flareon
|-crit|p2a: Flareon
|-damage|p2a: Flareon|4\/300
|
|turn|19
|-mustrecharge|p1a: Scyther
|-mustrecharge|p1a: Scyther
|
|move|p2a: Flareon|Quick Attack|p1a: Scyther
|-damage|p1a: Scyther|0 fnt
|faint|p1a: Scyther
|
|switch|p1a: Jynx|Jynx, L79|31\/265
|turn|20
|
|move|p2a: Flareon|Quick Attack|p1a: Jynx
|-damage|p1a: Jynx|0 fnt
|faint|p1a: Jynx
|
|switch|p1a: Sandslash|Sandslash, L85|250\/301
|turn|21
|
|move|p2a: Flareon|Hyper Beam|p1a: Sandslash
|-damage|p1a: Sandslash|133\/301
|move|p1a: Sandslash|Earthquake|p2a: Flareon
|-supereffective|p2a: Flareon
|-damage|p2a: Flareon|0 fnt
|faint|p2a: Flareon
|
|switch|p2a: Diglett|Diglett, L96|214\/214
|turn|22
|
|move|p2a: Diglett|Earthquake|p1a: Sandslash
|-damage|p1a: Sandslash|53\/301
|move|p1a: Sandslash|Earthquake|p2a: Diglett
|-damage|p2a: Diglett|23\/214
|
|turn|23
|
|move|p2a: Diglett|Earthquake|p1a: Sandslash
|-crit|p1a: Sandslash
|-damage|p1a: Sandslash|0 fnt
|faint|p1a: Sandslash
|
|switch|p1a: Omastar|Omastar, L90|197\/309
|turn|24
|
|move|p2a: Diglett|Earthquake|p1a: Omastar
|-crit|p1a: Omastar
|-supereffective|p1a: Omastar
|-damage|p1a: Omastar|0 fnt
|faint|p1a: Omastar
|
|switch|p1a: Machamp|Machamp, L90|345\/345
|turn|25
|
|move|p2a: Diglett|Sand Attack|p1a: Machamp
|-unboost|p1a: Machamp|accuracy|1
|move|p1a: Machamp|Body Slam|p2a: Diglett|[miss]
|-miss|p1a: Machamp
|
|turn|26
|
|move|p2a: Diglett|Sand Attack|p1a: Machamp
|-unboost|p1a: Machamp|accuracy|1
|move|p1a: Machamp|Body Slam|p2a: Diglett|[miss]
|-miss|p1a: Machamp
|
|turn|27
|
|move|p2a: Diglett|Sand Attack|p1a: Machamp
|-unboost|p1a: Machamp|accuracy|1
|move|p1a: Machamp|Body Slam|p2a: Diglett|[miss]
|-miss|p1a: Machamp
|
|turn|28
|
|move|p2a: Diglett|Earthquake|p1a: Machamp
|-damage|p1a: Machamp|249\/345
|move|p1a: Machamp|Body Slam|p2a: Diglett|[miss]
|-miss|p1a: Machamp
|
|turn|29
|
|move|p2a: Diglett|Earthquake|p1a: Machamp
|-crit|p1a: Machamp
|-damage|p1a: Machamp|72\/345
|move|p1a: Machamp|Body Slam|p2a: Diglett|[miss]
|-miss|p1a: Machamp
|
|turn|30
|
|move|p2a: Diglett|Earthquake|p1a: Machamp
|-crit|p1a: Machamp
|-damage|p1a: Machamp|0 fnt
|faint|p1a: Machamp
|
|win|calico2166
|raw|AitorMaster's rating: 1072 &rarr; <strong>1053<\/strong><br \/>(-19 for losing)
|raw|calico2166's rating: 1093 &rarr; <strong>1118<\/strong><br \/>(+25 for winning)