|j|ric30
|j|MALESANI
|player|p1|ric30|226
|player|p2|MALESANI|238
|gametype|singles
|gen|1
|tier|[Gen 1] Random Battle
|rated
|seed|24004,62301,6593,6626
|rule|Sleep Clause Mod: Limit one foe put to sleep
|rule|Freeze Clause Mod: Limit one foe frozen
|rule|HP Percentage Mod: HP is shown in percentages
|
|start
|switch|p1a: Dugtrio|Dugtrio, L85|233\/233
|switch|p2a: Moltres|Moltres, L85|327\/327
|turn|1
|choice|switch 2|move 1
|
|switch|p1a: Zubat|Zubat, L96|272\/272
|move|p2a: Moltres|Fire Blast|p1a: Zubat
|-crit|p1a: Zubat
|-damage|p1a: Zubat|0 fnt
|faint|p1a: Zubat
|choice|switch 4|
|
|switch|p1a: Clefable|Clefable, L85|335\/335
|turn|2
|choice|move 1|move 1
|
|move|p2a: Moltres|Fire Blast|p1a: Clefable
|-crit|p1a: Clefable
|-damage|p1a: Clefable|17\/335
|-status|p1a: Clefable|brn
|move|p1a: Clefable|Blizzard|p2a: Moltres
|-supereffective|p2a: Moltres
|-damage|p2a: Moltres|205\/327
|-damage|p1a: Clefable|0 fnt|[from] brn|[of] p2a: Moltres
|faint|p1a: Clefable
|choice|switch 6|
|
|switch|p1a: Arcanine|Arcanine, L85|327\/327
|turn|3
|choice|move 2|switch 6
|
|switch|p2a: Rhydon|Rhydon, L79|328\/328
|move|p1a: Arcanine|Body Slam|p2a: Rhydon
|-resisted|p2a: Rhydon
|-damage|p2a: Rhydon|298\/328
|-status|p2a: Rhydon|par
|
|turn|4
|choice|switch 2|move 4
|
|switch|p1a: Dugtrio|Dugtrio, L85|233\/233
|move|p2a: Rhydon|Earthquake|p1a: Dugtrio
|-damage|p1a: Dugtrio|78\/233
|
|turn|5
|choice|move 1|move 4
|
|move|p1a: Dugtrio|Earthquake|p2a: Rhydon
|-supereffective|p2a: Rhydon
|-damage|p2a: Rhydon|143\/328 par
|cant|p2a: Rhydon|par
|
|turn|6
|choice|move 1|switch 3
|
|switch|p2a: Cloyster|Cloyster, L83|253\/253
|move|p1a: Dugtrio|Earthquake|p2a: Cloyster
|-crit|p2a: Cloyster
|-damage|p2a: Cloyster|140\/253
|
|turn|7
|choice|move 1|move 2
|
|move|p1a: Dugtrio|Earthquake|p2a: Cloyster
|-damage|p2a: Cloyster|80\/253
|move|p2a: Cloyster|Surf|p1a: Dugtrio
|-crit|p1a: Dugtrio
|-supereffective|p1a: Dugtrio
|-damage|p1a: Dugtrio|0 fnt
|faint|p1a: Dugtrio
|choice|switch 2|
|
|switch|p1a: Arcanine|Arcanine, L85|327\/327
|turn|8
|choice|move 3|move 2
|
|move|p1a: Arcanine|Fire Blast|p2a: Cloyster
|-crit|p2a: Cloyster
|-damage|p2a: Cloyster|0 fnt
|faint|p2a: Cloyster
|choice||switch 4
|
|switch|p2a: Chansey|Chansey, L79|557\/557
|turn|9
|choice|move 2|move 3
|
|move|p1a: Arcanine|Body Slam|p2a: Chansey
|-damage|p2a: Chansey|388\/557
|move|p2a: Chansey|Thunder Wave|p1a: Arcanine
|-status|p1a: Arcanine|par
|
|turn|10
|choice|move 2|move 4
|
|move|p1a: Arcanine|Body Slam|p2a: Chansey
|-damage|p2a: Chansey|207\/557
|move|p2a: Chansey|Counter|p1a: Arcanine
|-damage|p1a: Arcanine|0 fnt
|faint|p1a: Arcanine
|choice|switch 3|
|
|switch|p1a: Hitmonlee|Hitmonlee, L90|273\/273
|turn|11
|choice|move 4|switch 2
|
|switch|p2a: Ditto|Ditto, L99|296\/296
|move|p1a: Hitmonlee|Substitute|p1a: Hitmonlee
|-start|p1a: Hitmonlee|Substitute
|-damage|p1a: Hitmonlee|205\/273
|
|turn|12
|choice|move 3|move 1
|
|move|p1a: Hitmonlee|Body Slam|p2a: Ditto
|-damage|p2a: Ditto|204\/296
|move|p2a: Ditto|Transform|p1a: Hitmonlee
|-transform|p2a: Ditto|p1a: Hitmonlee
|
|turn|13
|choice|move 3|move 3
|
|move|p1a: Hitmonlee|Body Slam|p2a: Ditto
|-damage|p2a: Ditto|112\/296
|-status|p2a: Ditto|par
|cant|p2a: Ditto|par
|
|turn|14
|choice|move 3|move 3
|
|move|p1a: Hitmonlee|Body Slam|p2a: Ditto
|-damage|p2a: Ditto|19\/296 par
|move|p2a: Ditto|Body Slam|p1a: Hitmonlee
|-end|p1a: Hitmonlee|Substitute
|
|turn|15
|choice|move 3|move 3
|
|move|p1a: Hitmonlee|Body Slam|p2a: Ditto
|-damage|p2a: Ditto|0 fnt
|faint|p2a: Ditto
|choice||switch 5
|
|switch|p2a: Mewtwo|Mewtwo, L70|293\/293
|turn|16
|choice|move 3|move 1
|
|move|p2a: Mewtwo|Psychic|p1a: Hitmonlee
|-supereffective|p1a: Hitmonlee
|-damage|p1a: Hitmonlee|0 fnt
|faint|p1a: Hitmonlee
|choice|switch 5|
|
|switch|p1a: Alakazam|Alakazam, L79|249\/249
|turn|17
|choice|move 2|switch 3
|
|switch|p2a: Rhydon|Rhydon, L79|143\/328 par
|move|p1a: Alakazam|Thunder Wave|p2a: Rhydon
|-immune|p2a: Rhydon|[msg]
|
|turn|18
|choice|move 1|move 3
|
|move|p1a: Alakazam|Psychic|p2a: Rhydon
|-damage|p2a: Rhydon|0 fnt
|faint|p2a: Rhydon
|choice||switch 2
|
|switch|p2a: Chansey|Chansey, L79|207\/557
|turn|19
|choice|move 3|move 3
|
|move|p1a: Alakazam|Seismic Toss|p2a: Chansey
|-damage|p2a: Chansey|128\/557
|move|p2a: Chansey|Thunder Wave|p1a: Alakazam
|-status|p1a: Alakazam|par
|
|turn|20
|choice|move 1|move 1
|
|move|p2a: Chansey|Soft-Boiled|p2a: Chansey
|-heal|p2a: Chansey|406\/557
|cant|p1a: Alakazam|par
|
|turn|21
|choice|move 2|move 2
|
|move|p2a: Chansey|Reflect|p2a: Chansey
|-start|p2a: Chansey|Reflect
|move|p1a: Alakazam|Thunder Wave|p2a: Chansey
|-status|p2a: Chansey|par
|
|turn|22
|choice|move 1|move 1
|
|move|p1a: Alakazam|Psychic|p2a: Chansey
|-damage|p2a: Chansey|304\/557 par
|cant|p2a: Chansey|par
|
|turn|23
|choice|move 1|switch 6
|
|switch|p2a: Moltres|Moltres, L85|205\/327
|move|p1a: Alakazam|Psychic|p2a: Moltres
|-damage|p2a: Moltres|122\/327
|
|turn|24
|choice|move 1|move 1
|
|move|p2a: Moltres|Fire Blast|p1a: Alakazam
|-damage|p1a: Alakazam|117\/249 par
|cant|p1a: Alakazam|par
|
|turn|25
|choice|move 1|move 1
|
|move|p2a: Moltres|Fire Blast|p1a: Alakazam
|-crit|p1a: Alakazam
|-damage|p1a: Alakazam|0 fnt
|faint|p1a: Alakazam
|
|win|MALESANI
|raw|ric30's rating: 1356 &rarr; <strong>1337<\/strong><br \/>(-19 for losing)
|raw|MALESANI's rating: 1367 &rarr; <strong>1387<\/strong><br \/>(+20 for winning)