|j|Rezzurextion
|j|rival de turno
|player|p1|Rezzurextion|279
|player|p2|rival de turno|7
|gametype|singles
|gen|1
|tier|[Gen 1] OU
|rated
|seed|
|rule|Sleep Clause Mod: Limit one foe put to sleep
|rule|Freeze Clause Mod: Limit one foe frozen
|rule|Species Clause: Limit one of each Pokémon
|rule|OHKO Clause: OHKO moves are banned
|rule|Evasion Moves Clause: Evasion moves are banned
|rule|HP Percentage Mod: HP is shown in percentages
|
|start
|switch|p1a: Chansey|Chansey|100\/100
|switch|p2a: Charizard|Charizard|100\/100
|turn|1
|choice||
|
|move|p2a: Charizard|Submission|p1a: Chansey
|-supereffective|p1a: Chansey
|-damage|p1a: Chansey|54\/100
|-damage|p2a: Charizard|78\/100|[from] recoil|[of] p1a: Chansey
|move|p1a: Chansey|Toxic|p2a: Charizard
|-status|p2a: Charizard|tox
|
|turn|2
|choice||
|
|move|p2a: Charizard|Toxic|p1a: Chansey
|-status|p1a: Chansey|tox
|-damage|p2a: Charizard|72\/100 tox|[from] tox|[of] p1a: Chansey
|move|p1a: Chansey|Soft-Boiled|p1a: Chansey
|-heal|p1a: Chansey|100\/100 tox
|-damage|p1a: Chansey|94\/100 tox|[from] psn
|
|turn|3
|choice||
|
|switch|p1a: Gengar|Gengar|100\/100
|move|p2a: Charizard|Submission|p1a: Gengar
|-immune|p1a: Gengar|[msg]
|-damage|p2a: Charizard|60\/100 tox|[from] tox|[of] p1a: Gengar
|
|turn|4
|choice||
|
|move|p1a: Gengar|Thunderbolt|p2a: Charizard
|-crit|p2a: Charizard
|-supereffective|p2a: Charizard
|-damage|p2a: Charizard|0 fnt
|faint|p2a: Charizard
|choice||
|
|switch|p2a: Dugtrio|Dugtrio|100\/100
|turn|5
|choice||
|
|switch|p1a: Scyther|Scyther|100\/100
|move|p2a: Dugtrio|Earthquake|p1a: Scyther
|-immune|p1a: Scyther|[msg]
|
|turn|6
|choice||
|
|switch|p1a: Slowbro|Slowbro|100\/100
|move|p2a: Dugtrio|Rock Slide|p1a: Slowbro|[miss]
|-miss|p2a: Dugtrio
|
|turn|7
|choice||
|
|switch|p2a: Slowbro|Slowbro|100\/100
|move|p1a: Slowbro|Surf|p2a: Slowbro
|-resisted|p2a: Slowbro
|-damage|p2a: Slowbro|88\/100
|
|turn|8
|choice||
|
|switch|p1a: Chansey|Chansey|94\/100 tox
|-status|p1a: Chansey|psn
|-damage|p1a: Chansey|88\/100 psn|[from] psn
|move|p2a: Slowbro|Amnesia|p2a: Slowbro
|-boost|p2a: Slowbro|spd|2
|-boost|p2a: Slowbro|spa|2
|
|turn|9
|c|★Rezzurextion|oh
|choice||
|
|move|p1a: Chansey|Toxic|p2a: Slowbro
|-status|p2a: Slowbro|tox
|-damage|p1a: Chansey|82\/100 psn|[from] psn|[of] p2a: Slowbro
|move|p2a: Slowbro|Amnesia|p2a: Slowbro
|-boost|p2a: Slowbro|spd|2
|-boost|p2a: Slowbro|spa|2
|-damage|p2a: Slowbro|81\/100 tox|[from] psn
|
|turn|10
|choice||
|
|move|p1a: Chansey|Seismic Toss|p2a: Slowbro
|-damage|p2a: Slowbro|56\/100 tox
|-damage|p1a: Chansey|76\/100 psn|[from] psn|[of] p2a: Slowbro
|move|p2a: Slowbro|Amnesia|p2a: Slowbro
|-boost|p2a: Slowbro|spd|2
|-boost|p2a: Slowbro|spa|2
|-damage|p2a: Slowbro|44\/100 tox|[from] psn
|
|turn|11
|choice||
|
|move|p1a: Chansey|Seismic Toss|p2a: Slowbro
|-damage|p2a: Slowbro|18\/100 tox
|-damage|p1a: Chansey|70\/100 psn|[from] psn|[of] p2a: Slowbro
|move|p2a: Slowbro|Rest|p2a: Slowbro
|-status|p2a: Slowbro|slp
|-heal|p2a: Slowbro|100\/100 slp|[silent]
|-status|p2a: Slowbro|slp|[from] move: Rest
|
|turn|12
|choice||
|
|switch|p1a: Scyther|Scyther|100\/100
|cant|p2a: Slowbro|slp
|
|turn|13
|choice||
|
|move|p1a: Scyther|Substitute|p1a: Scyther
|-start|p1a: Scyther|Substitute
|-damage|p1a: Scyther|76\/100
|-curestatus|p2a: Slowbro|slp
|
|turn|14
|c|★Rezzurextion|lolwut
|c|★Rezzurextion|wing attack is 35 power
|choice||
|
|move|p1a: Scyther|Slash|p2a: Slowbro
|-crit|p2a: Slowbro
|-damage|p2a: Slowbro|76\/100
|move|p2a: Slowbro|Surf|p1a: Scyther
|-end|p1a: Scyther|Substitute
|
|turn|15
|choice||
|
|move|p1a: Scyther|Slash|p2a: Slowbro
|-crit|p2a: Slowbro
|-damage|p2a: Slowbro|49\/100
|move|p2a: Slowbro|Surf|p1a: Scyther
|-damage|p1a: Scyther|0 fnt
|faint|p1a: Scyther
|choice||
|
|switch|p1a: Gengar|Gengar|100\/100
|turn|16
|choice||
|
|move|p1a: Gengar|Confuse Ray|p2a: Slowbro
|-start|p2a: Slowbro|confusion
|-activate|p2a: Slowbro|confusion
|move|p2a: Slowbro|Rest|p2a: Slowbro
|-status|p2a: Slowbro|slp
|-heal|p2a: Slowbro|100\/100 slp|[silent]
|-status|p2a: Slowbro|slp|[from] move: Rest
|
|turn|17
|choice||
|
|move|p1a: Gengar|Thunderbolt|p2a: Slowbro
|-crit|p2a: Slowbro
|-supereffective|p2a: Slowbro
|-damage|p2a: Slowbro|0 fnt
|faint|p2a: Slowbro
|c|★Rezzurextion|LOLOLo
|choice||
|
|switch|p2a: Dugtrio|Dugtrio|100\/100
|turn|18
|choice||
|
|switch|p1a: Slowbro|Slowbro|100\/100
|move|p2a: Dugtrio|Earthquake|p1a: Slowbro
|-crit|p1a: Slowbro
|-damage|p1a: Slowbro|52\/100
|
|turn|19
|choice||
|
|switch|p2a: Jynx|Jynx|100\/100
|move|p1a: Slowbro|Surf|p2a: Jynx
|-damage|p2a: Jynx|70\/100
|
|turn|20
|choice||
|
|move|p2a: Jynx|Lovely Kiss|p1a: Slowbro
|-status|p1a: Slowbro|slp
|cant|p1a: Slowbro|slp
|
|turn|21
|choice||
|
|move|p2a: Jynx|Psychic|p1a: Slowbro
|-resisted|p1a: Slowbro
|-damage|p1a: Slowbro|36\/100 slp
|-unboost|p1a: Slowbro|spd|1
|-unboost|p1a: Slowbro|spa|1
|cant|p1a: Slowbro|slp
|
|turn|22
|choice||
|
|switch|p1a: Chansey|Chansey|70\/100 psn
|-damage|p1a: Chansey|64\/100 psn|[from] psn
|move|p2a: Jynx|Psychic|p1a: Chansey
|-damage|p1a: Chansey|51\/100 psn
|-unboost|p1a: Chansey|spd|1
|-unboost|p1a: Chansey|spa|1
|
|turn|23
|choice||
|
|switch|p2a: Gengar|Gengar|100\/100
|move|p1a: Chansey|Soft-Boiled|p1a: Chansey
|-heal|p1a: Chansey|100\/100 psn
|-damage|p1a: Chansey|94\/100 psn|[from] psn
|
|turn|24
|choice||
|
|switch|p1a: Slowbro|Slowbro|36\/100 slp
|move|p2a: Gengar|Confuse Ray|p1a: Slowbro
|-start|p1a: Slowbro|confusion
|
|turn|25
|choice||
|
|move|p2a: Gengar|Seismic Toss|p1a: Slowbro
|-damage|p1a: Slowbro|10\/100 slp
|cant|p1a: Slowbro|slp
|
|turn|26
|choice||
|
|move|p2a: Gengar|Seismic Toss|p1a: Slowbro
|-damage|p1a: Slowbro|0 fnt
|faint|p1a: Slowbro
|choice||
|
|switch|p1a: Dugtrio|Dugtrio|100\/100
|turn|27
|choice||
|
|move|p1a: Dugtrio|Earthquake|p2a: Gengar
|-supereffective|p2a: Gengar
|-damage|p2a: Gengar|13\/100
|move|p2a: Gengar|Confuse Ray|p1a: Dugtrio
|-start|p1a: Dugtrio|confusion
|
|turn|28
|choice||
|
|-activate|p1a: Dugtrio|confusion
|-damage|p1a: Dugtrio|84\/100|[from] confusion
|move|p2a: Gengar|Toxic|p1a: Dugtrio
|-status|p1a: Dugtrio|tox
|
|turn|29
|choice||
|
|-activate|p1a: Dugtrio|confusion
|move|p1a: Dugtrio|Earthquake|p2a: Gengar
|-crit|p2a: Gengar
|-supereffective|p2a: Gengar
|-damage|p2a: Gengar|0 fnt
|faint|p2a: Gengar
|choice||
|
|switch|p2a: Alakazam|Alakazam|100\/100
|turn|30
|choice||
|
|switch|p1a: Chansey|Chansey|94\/100 psn
|-damage|p1a: Chansey|88\/100 psn|[from] psn
|move|p2a: Alakazam|Reflect|p2a: Alakazam
|-start|p2a: Alakazam|Reflect
|
|turn|31
|choice||
|
|move|p2a: Alakazam|Psychic|p1a: Chansey
|-crit|p1a: Chansey
|-damage|p1a: Chansey|51\/100 psn
|move|p1a: Chansey|Toxic|p2a: Alakazam
|-status|p2a: Alakazam|tox
|-damage|p1a: Chansey|45\/100 psn|[from] psn|[of] p2a: Alakazam
|
|turn|32
|choice||
|
|switch|p1a: Alakazam|Alakazam|100\/100
|move|p2a: Alakazam|Psychic|p1a: Alakazam
|-resisted|p1a: Alakazam
|-damage|p1a: Alakazam|83\/100
|-damage|p2a: Alakazam|94\/100 tox|[from] tox|[of] p1a: Alakazam
|
|turn|33
|choice||
|
|move|p1a: Alakazam|Seismic Toss|p2a: Alakazam
|-damage|p2a: Alakazam|62\/100 tox
|move|p2a: Alakazam|Thunder Wave|p1a: Alakazam
|-status|p1a: Alakazam|par
|-damage|p2a: Alakazam|50\/100 tox|[from] tox|[of] p1a: Alakazam
|
|turn|34
|choice||
|
|switch|p2a: Jynx|Jynx|70\/100
|move|p1a: Alakazam|Seismic Toss|p2a: Jynx
|-damage|p2a: Jynx|40\/100
|
|turn|35
|choice||
|
|move|p2a: Jynx|Substitute|p2a: Jynx
|-start|p2a: Jynx|Substitute
|-damage|p2a: Jynx|15\/100
|cant|p1a: Alakazam|par
|
|turn|36
|choice||
|
|move|p2a: Jynx|Ice Beam|p1a: Alakazam
|-crit|p1a: Alakazam
|-damage|p1a: Alakazam|30\/100 par
|move|p1a: Alakazam|Seismic Toss|p2a: Jynx
|-end|p2a: Jynx|Substitute
|
|turn|37
|choice||
|
|move|p2a: Jynx|Ice Beam|p1a: Alakazam
|-damage|p1a: Alakazam|2\/100 par
|move|p1a: Alakazam|Seismic Toss|p2a: Jynx
|-damage|p2a: Jynx|0 fnt
|faint|p2a: Jynx
|choice||
|
|switch|p2a: Alakazam|Alakazam|50\/100 tox
|-status|p2a: Alakazam|psn
|turn|38
|choice||
|
|move|p2a: Alakazam|Recover|p2a: Alakazam
|-heal|p2a: Alakazam|99\/100 psn
|-damage|p2a: Alakazam|94\/100 psn|[from] psn
|move|p1a: Alakazam|Seismic Toss|p2a: Alakazam
|-damage|p2a: Alakazam|62\/100 psn
|
|turn|39
|choice||
|
|move|p2a: Alakazam|Reflect|p2a: Alakazam
|-start|p2a: Alakazam|Reflect
|-damage|p2a: Alakazam|56\/100 psn|[from] psn
|move|p1a: Alakazam|Recover|p1a: Alakazam
|-heal|p1a: Alakazam|52\/100 par
|
|turn|40
|choice||
|
|move|p2a: Alakazam|Recover|p2a: Alakazam
|-heal|p2a: Alakazam|100\/100 psn
|-damage|p2a: Alakazam|94\/100 psn|[from] psn
|move|p1a: Alakazam|Recover|p1a: Alakazam
|-heal|p1a: Alakazam|100\/100 par
|
|turn|41
|choice||
|
|move|p2a: Alakazam|Psychic|p1a: Alakazam
|-resisted|p1a: Alakazam
|-damage|p1a: Alakazam|84\/100 par
|-unboost|p1a: Alakazam|spd|1
|-unboost|p1a: Alakazam|spa|1
|-damage|p2a: Alakazam|88\/100 psn|[from] psn|[of] p1a: Alakazam
|cant|p1a: Alakazam|par
|
|turn|42
|choice||
|
|switch|p1a: Chansey|Chansey|45\/100 psn
|-damage|p1a: Chansey|39\/100 psn|[from] psn
|move|p2a: Alakazam|Psychic|p1a: Chansey
|-damage|p1a: Chansey|20\/100 psn
|-damage|p2a: Alakazam|82\/100 psn|[from] psn|[of] p1a: Chansey
|
|turn|43
|choice||
|
|move|p2a: Alakazam|Psychic|p1a: Chansey
|-damage|p1a: Chansey|3\/100 psn
|-damage|p2a: Alakazam|76\/100 psn|[from] psn|[of] p1a: Chansey
|move|p1a: Chansey|Soft-Boiled|p1a: Chansey
|-heal|p1a: Chansey|53\/100 psn
|-damage|p1a: Chansey|47\/100 psn|[from] psn
|
|turn|44
|choice||
|
|switch|p2a: Dugtrio|Dugtrio|100\/100
|move|p1a: Chansey|Soft-Boiled|p1a: Chansey
|-heal|p1a: Chansey|97\/100 psn
|-damage|p1a: Chansey|91\/100 psn|[from] psn
|
|turn|45
|choice||
|
|move|p2a: Dugtrio|Earthquake|p1a: Chansey
|-damage|p1a: Chansey|50\/100 psn
|move|p1a: Chansey|Substitute|p1a: Chansey
|-start|p1a: Chansey|Substitute
|-damage|p1a: Chansey|25\/100 psn
|-damage|p1a: Chansey|19\/100 psn|[from] psn
|
|turn|46
|choice||
|
|move|p2a: Dugtrio|Earthquake|p1a: Chansey
|-end|p1a: Chansey|Substitute
|move|p1a: Chansey|Soft-Boiled|p1a: Chansey
|-heal|p1a: Chansey|68\/100 psn
|-damage|p1a: Chansey|62\/100 psn|[from] psn
|
|turn|47
|choice||
|
|switch|p1a: Alakazam|Alakazam|84\/100 par
|move|p2a: Dugtrio|Earthquake|p1a: Alakazam
|-damage|p1a: Alakazam|36\/100 par
|
|turn|48
|choice||
|
|move|p2a: Dugtrio|Earthquake|p1a: Alakazam
|-damage|p1a: Alakazam|0 fnt
|faint|p1a: Alakazam
|choice||
|
|switch|p1a: Dugtrio|Dugtrio|84\/100 tox
|-status|p1a: Dugtrio|psn
|turn|49
|choice||
|
|move|p2a: Dugtrio|Earthquake|p1a: Dugtrio
|-damage|p1a: Dugtrio|25\/100 psn
|move|p1a: Dugtrio|Earthquake|p2a: Dugtrio
|-damage|p2a: Dugtrio|40\/100
|-damage|p1a: Dugtrio|19\/100 psn|[from] psn|[of] p2a: Dugtrio
|
|turn|50
|choice||
|
|move|p1a: Dugtrio|Slash|p2a: Dugtrio
|-crit|p2a: Dugtrio
|-damage|p2a: Dugtrio|0 fnt
|faint|p2a: Dugtrio
|choice||
|
|switch|p2a: Alakazam|Alakazam|76\/100 psn
|turn|51
|choice||
|
|move|p1a: Dugtrio|Earthquake|p2a: Alakazam
|-damage|p2a: Alakazam|27\/100 psn
|-damage|p1a: Dugtrio|13\/100 psn|[from] psn|[of] p2a: Alakazam
|move|p2a: Alakazam|Psychic|p1a: Dugtrio
|-damage|p1a: Dugtrio|0 fnt
|faint|p1a: Dugtrio
|choice||
|
|switch|p1a: Gengar|Gengar|100\/100
|turn|52
|choice||
|
|move|p2a: Alakazam|Psychic|p1a: Gengar
|-supereffective|p1a: Gengar
|-damage|p1a: Gengar|33\/100
|-unboost|p1a: Gengar|spd|1
|-unboost|p1a: Gengar|spa|1
|-damage|p2a: Alakazam|21\/100 psn|[from] psn|[of] p1a: Gengar
|move|p1a: Gengar|Thunderbolt|p2a: Alakazam
|-damage|p2a: Alakazam|6\/100 psn
|
|turn|53
|choice||
|
|move|p2a: Alakazam|Psychic|p1a: Gengar
|-supereffective|p1a: Gengar
|-damage|p1a: Gengar|0 fnt
|faint|p1a: Gengar
|c|★Rezzurextion|gg
|choice||
|
|switch|p1a: Chansey|Chansey|62\/100 psn
|turn|54
|choice||
|
|move|p2a: Alakazam|Recover|p2a: Alakazam
|-heal|p2a: Alakazam|56\/100 psn
|-damage|p2a: Alakazam|50\/100 psn|[from] psn
|move|p1a: Chansey|Seismic Toss|p2a: Alakazam
|-damage|p2a: Alakazam|18\/100 psn
|-damage|p1a: Chansey|56\/100 psn|[from] psn|[of] p2a: Alakazam
|
|turn|55
|choice||
|
|move|p2a: Alakazam|Recover|p2a: Alakazam
|-heal|p2a: Alakazam|68\/100 psn
|-damage|p2a: Alakazam|62\/100 psn|[from] psn
|move|p1a: Chansey|Seismic Toss|p2a: Alakazam
|-damage|p2a: Alakazam|30\/100 psn
|-damage|p1a: Chansey|50\/100 psn|[from] psn|[of] p2a: Alakazam
|
|turn|56
|choice||
|
|move|p2a: Alakazam|Recover|p2a: Alakazam
|-heal|p2a: Alakazam|79\/100 psn
|-damage|p2a: Alakazam|73\/100 psn|[from] psn
|move|p1a: Chansey|Seismic Toss|p2a: Alakazam
|-damage|p2a: Alakazam|41\/100 psn
|-damage|p1a: Chansey|44\/100 psn|[from] psn|[of] p2a: Alakazam
|
|turn|57
|choice||
|
|move|p2a: Alakazam|Recover|p2a: Alakazam
|-heal|p2a: Alakazam|91\/100 psn
|-damage|p2a: Alakazam|85\/100 psn|[from] psn
|move|p1a: Chansey|Seismic Toss|p2a: Alakazam
|-damage|p2a: Alakazam|53\/100 psn
|-damage|p1a: Chansey|38\/100 psn|[from] psn|[of] p2a: Alakazam
|
|turn|58
|choice||
|
|move|p2a: Alakazam|Psychic|p1a: Chansey
|-damage|p1a: Chansey|21\/100 psn
|-unboost|p1a: Chansey|spd|1
|-unboost|p1a: Chansey|spa|1
|-damage|p2a: Alakazam|47\/100 psn|[from] psn|[of] p1a: Chansey
|move|p1a: Chansey|Soft-Boiled|p1a: Chansey
|-heal|p1a: Chansey|71\/100 psn
|-damage|p1a: Chansey|65\/100 psn|[from] psn
|
|turn|59
|choice||
|
|move|p2a: Alakazam|Psychic|p1a: Chansey
|-damage|p1a: Chansey|38\/100 psn
|-unboost|p1a: Chansey|spd|1
|-unboost|p1a: Chansey|spa|1
|-damage|p2a: Alakazam|41\/100 psn|[from] psn|[of] p1a: Chansey
|move|p1a: Chansey|Seismic Toss|p2a: Alakazam
|-damage|p2a: Alakazam|9\/100 psn
|-damage|p1a: Chansey|32\/100 psn|[from] psn|[of] p2a: Alakazam
|
|turn|60
|choice||
|
|move|p2a: Alakazam|Recover|p2a: Alakazam
|-heal|p2a: Alakazam|59\/100 psn
|-damage|p2a: Alakazam|53\/100 psn|[from] psn
|move|p1a: Chansey|Seismic Toss|p2a: Alakazam
|-damage|p2a: Alakazam|21\/100 psn
|-damage|p1a: Chansey|25\/100 psn|[from] psn|[of] p2a: Alakazam
|
|turn|61
|choice||
|
|move|p2a: Alakazam|Psychic|p1a: Chansey
|-damage|p1a: Chansey|0 fnt
|faint|p1a: Chansey
|
|win|rival de turno
|player|p1
|player|p2
|l|Rezzurextion
|raw|Rezzurextion's rating: 1041 &rarr; <strong>1029<\/strong><br \/>(-12 for losing)
|raw|rival de turno's rating: 1134 &rarr; <strong>1152<\/strong><br \/>(+18 for winning)