|j|MALESANI
|j|Snap6
|player|p1|MALESANI|238
|player|p2|Snap6|115
|gametype|singles
|gen|1
|tier|[Gen 1] Random Battle
|rated
|seed|22077,38111,19650,51898
|rule|Sleep Clause Mod: Limit one foe put to sleep
|rule|Freeze Clause Mod: Limit one foe frozen
|rule|HP Percentage Mod: HP is shown in percentages
|
|start
|switch|p1a: Seel|Seel, L96|320\/320
|switch|p2a: Drowzee|Drowzee, L96|310\/310
|turn|1
|choice|move 2|move 3
|
|move|p1a: Seel|Surf|p2a: Drowzee
|-damage|p2a: Drowzee|220\/310
|move|p2a: Drowzee|Hypnosis|p1a: Seel
|-status|p1a: Seel|slp
|
|turn|2
|j|guguta
|l|guguta
|choice|switch 3|move 2
|
|switch|p1a: Porygon|Porygon, L85|284\/284
|move|p2a: Drowzee|Psychic|p1a: Porygon
|-damage|p1a: Porygon|151\/284
|
|turn|3
|choice|move 2|move 2
|
|move|p2a: Drowzee|Psychic|p1a: Porygon
|-damage|p1a: Porygon|29\/284
|move|p1a: Porygon|Thunder Wave|p2a: Drowzee
|-status|p2a: Drowzee|par
|
|turn|4
|choice|move 1|move 2
|
|move|p1a: Porygon|Recover|p1a: Porygon
|-fail|p1a: Porygon
|move|p2a: Drowzee|Psychic|p1a: Porygon
|-damage|p1a: Porygon|0 fnt
|faint|p1a: Porygon
|c|★MALESANI|da phuck
|choice|switch 6|
|
|switch|p1a: Charizard|Charizard, L85|306\/306
|turn|5
|choice|move 4|move 4
|
|move|p1a: Charizard|Body Slam|p2a: Drowzee
|-damage|p2a: Drowzee|153\/310 par
|move|p2a: Drowzee|Thunder Wave|p1a: Charizard
|-status|p1a: Charizard|par
|
|turn|6
|choice|move 3|move 2
|
|move|p1a: Charizard|Swords Dance|p1a: Charizard
|-boost|p1a: Charizard|atk|2
|cant|p2a: Drowzee|par
|
|turn|7
|choice|move 1|move 2
|
|move|p1a: Charizard|Hyper Beam|p2a: Drowzee
|-damage|p2a: Drowzee|0 fnt
|faint|p2a: Drowzee
|choice||switch 2
|
|switch|p2a: Electrode|Electrode, L90|291\/291
|turn|8
|choice|switch 2|move 4
|
|switch|p1a: Rhyhorn|Rhyhorn, L96|348\/348
|move|p2a: Electrode|Thunderbolt|p1a: Rhyhorn
|-immune|p1a: Rhyhorn|[msg]
|
|turn|9
|choice|move 4|switch 6
|
|switch|p2a: Kangaskhan|Kangaskhan, L85|352\/352
|move|p1a: Rhyhorn|Earthquake|p2a: Kangaskhan
|-damage|p2a: Kangaskhan|214\/352
|
|turn|10
|choice|switch 5|move 2
|
|switch|p1a: Tangela|Tangela, L85|284\/284
|move|p2a: Kangaskhan|Surf|p1a: Tangela
|-resisted|p1a: Tangela
|-damage|p1a: Tangela|266\/284
|
|turn|11
|choice|move 1|move 4
|
|move|p2a: Kangaskhan|Body Slam|p1a: Tangela
|-damage|p1a: Tangela|182\/284
|-status|p1a: Tangela|par
|cant|p1a: Tangela|par
|
|turn|12
|choice|move 1|move 4
|
|move|p2a: Kangaskhan|Body Slam|p1a: Tangela
|-damage|p1a: Tangela|110\/284 par
|move|p1a: Tangela|Sleep Powder|p2a: Kangaskhan
|-status|p2a: Kangaskhan|slp
|
|turn|13
|choice|move 4|switch 5
|
|switch|p2a: Jynx|Jynx, L79|265\/265
|move|p1a: Tangela|Swords Dance|p1a: Tangela
|-boost|p1a: Tangela|atk|2
|
|turn|14
|choice|move 3|move 1
|
|move|p2a: Jynx|Blizzard|p1a: Tangela
|-crit|p1a: Tangela
|-supereffective|p1a: Tangela
|-damage|p1a: Tangela|0 fnt
|faint|p1a: Tangela
|choice|switch 2|
|
|switch|p1a: Charizard|Charizard, L85|306\/306 par
|turn|15
|choice|move 4|move 1
|
|move|p2a: Jynx|Blizzard|p1a: Charizard|[miss]
|-miss|p2a: Jynx
|move|p1a: Charizard|Body Slam|p2a: Jynx
|-crit|p2a: Jynx
|-damage|p2a: Jynx|61\/265
|
|turn|16
|choice|move 4|move 1
|
|move|p2a: Jynx|Blizzard|p1a: Charizard
|-supereffective|p1a: Charizard
|-damage|p1a: Charizard|94\/306 par
|move|p1a: Charizard|Body Slam|p2a: Jynx
|-damage|p2a: Jynx|0 fnt
|faint|p2a: Jynx
|choice||switch 3
|
|switch|p2a: Victreebel|Victreebel, L85|310\/310
|turn|17
|choice|move 1|move 3
|
|move|p2a: Victreebel|Hyper Beam|p1a: Charizard
|-damage|p1a: Charizard|0 fnt
|faint|p1a: Charizard
|choice|switch 4|
|
|switch|p1a: Pinsir|Pinsir, L85|284\/284
|turn|18
|choice|move 1|switch 4
|
|switch|p2a: Dragonite|Dragonite, L85|328\/328
|move|p1a: Pinsir|Body Slam|p2a: Dragonite
|-damage|p2a: Dragonite|257\/328
|-status|p2a: Dragonite|par
|
|turn|19
|choice|move 4|move 3
|
|move|p1a: Pinsir|Swords Dance|p1a: Pinsir
|-boost|p1a: Pinsir|atk|2
|move|p2a: Dragonite|Thunder|p1a: Pinsir|[miss]
|-miss|p2a: Dragonite
|
|turn|20
|choice|move 1|move 3
|
|move|p1a: Pinsir|Body Slam|p2a: Dragonite
|-damage|p2a: Dragonite|123\/328 par
|move|p2a: Dragonite|Thunder|p1a: Pinsir
|-damage|p1a: Pinsir|178\/284
|
|turn|21
|choice|move 1|move 3
|
|move|p1a: Pinsir|Body Slam|p2a: Dragonite
|-damage|p2a: Dragonite|0 fnt
|faint|p2a: Dragonite
|choice||switch 6
|
|switch|p2a: Electrode|Electrode, L90|291\/291
|turn|22
|choice|switch 5|move 2
|
|switch|p1a: Rhyhorn|Rhyhorn, L96|348\/348
|move|p2a: Electrode|Thunder Wave|p1a: Rhyhorn
|-immune|p1a: Rhyhorn|[msg]
|
|turn|23
|choice|move 4|switch 5
|
|switch|p2a: Kangaskhan|Kangaskhan, L85|214\/352 slp
|move|p1a: Rhyhorn|Earthquake|p2a: Kangaskhan
|-damage|p2a: Kangaskhan|81\/352 slp
|
|turn|24
|choice|move 4|move 2
|
|cant|p2a: Kangaskhan|slp
|move|p1a: Rhyhorn|Earthquake|p2a: Kangaskhan
|-damage|p2a: Kangaskhan|0 fnt
|faint|p2a: Kangaskhan
|choice||switch 4
|
|switch|p2a: Victreebel|Victreebel, L85|310\/310
|turn|25
|choice|switch 3|move 1
|
|switch|p1a: Seel|Seel, L96|320\/320 slp
|move|p2a: Victreebel|Razor Leaf|p1a: Seel
|-crit|p1a: Seel
|-supereffective|p1a: Seel
|-damage|p1a: Seel|65\/320 slp
|
|turn|26
|choice|move 1|move 1
|
|move|p2a: Victreebel|Razor Leaf|p1a: Seel
|-crit|p1a: Seel
|-supereffective|p1a: Seel
|-damage|p1a: Seel|0 fnt
|faint|p1a: Seel
|choice|switch 5|
|
|switch|p1a: Pinsir|Pinsir, L85|178\/284
|turn|27
|choice|move 1|switch 5
|
|switch|p2a: Electrode|Electrode, L90|291\/291
|move|p1a: Pinsir|Body Slam|p2a: Electrode
|-damage|p2a: Electrode|211\/291
|-status|p2a: Electrode|par
|
|turn|28
|choice|move 1|switch 5
|
|switch|p2a: Victreebel|Victreebel, L85|310\/310
|move|p1a: Pinsir|Body Slam|p2a: Victreebel
|-damage|p2a: Victreebel|224\/310
|-status|p2a: Victreebel|par
|
|turn|29
|choice|move 1|switch 5
|
|switch|p2a: Electrode|Electrode, L90|211\/291 par
|move|p1a: Pinsir|Body Slam|p2a: Electrode
|-crit|p2a: Electrode
|-damage|p2a: Electrode|53\/291 par
|
|turn|30
|choice|move 1|move 1
|
|move|p1a: Pinsir|Body Slam|p2a: Electrode
|-damage|p2a: Electrode|0 fnt
|faint|p2a: Electrode
|choice||switch 5
|
|switch|p2a: Victreebel|Victreebel, L85|224\/310 par
|turn|31
|choice|move 2|move 3
|
|move|p1a: Pinsir|Hyper Beam|p2a: Victreebel
|-damage|p2a: Victreebel|64\/310 par
|move|p2a: Victreebel|Hyper Beam|p1a: Pinsir|[miss]
|-miss|p2a: Victreebel
|
|turn|32
|-mustrecharge|p1a: Pinsir
|-mustrecharge|p1a: Pinsir
|choice|move 1|move 3
|
|cant|p1a: Pinsir|recharge
|move|p2a: Victreebel|Hyper Beam|p1a: Pinsir
|-damage|p1a: Pinsir|78\/284
|
|turn|33
|-mustrecharge|p2a: Victreebel
|-mustrecharge|p2a: Victreebel
|choice|move 1|move 1
|
|move|p1a: Pinsir|Body Slam|p2a: Victreebel
|-damage|p2a: Victreebel|0 fnt
|faint|p2a: Victreebel
|
|win|MALESANI
|player|p1
|player|p2
|raw|MALESANI's rating: 1458 &rarr; <strong>1469<\/strong><br \/>(+11 for winning)
|raw|Snap6's rating: 1290 &rarr; <strong>1276<\/strong><br \/>(-14 for losing)
|c|★MALESANI|gg