|join|Buts X
|join|Noratraika
|player|p1|Buts X|265
|player|p2|Noratraika|285
|gametype|singles
|gen|1
|tier|[Gen 1] Random Battle
|rated
|seed|45413,3242,7642,29480
|rule|Sleep Clause Mod: Limit one foe put to sleep
|rule|Freeze Clause Mod: Limit one foe frozen
|rule|HP Percentage Mod: HP is shown in percentages
|
|start
|switch|p1a: Cubone|Cubone, L96|291\/291
|switch|p2a: Zubat|Zubat, L96|272\/272
|turn|1
|choice|move 2|move 2
|
|move|p2a: Zubat|Confuse Ray|p1a: Cubone
|-start|p1a: Cubone|confusion
|-activate|p1a: Cubone|confusion
|move|p1a: Cubone|Blizzard|p2a: Zubat
|-supereffective|p2a: Zubat
|-damage|p2a: Zubat|93\/272
|
|turn|2
|choice|move 3|move 1
|
|move|p2a: Zubat|Toxic|p1a: Cubone
|-status|p1a: Cubone|tox
|-end|p1a: Cubone|confusion
|move|p1a: Cubone|Seismic Toss|p2a: Zubat
|-damage|p2a: Zubat|0 fnt
|faint|p2a: Zubat
|choice||switch 5
|
|switch|p2a: Wigglytuff|Wigglytuff, L90|435\/435
|turn|3
|choice|move 1|move 1
|
|move|p2a: Wigglytuff|Blizzard|p1a: Cubone|[miss]
|-miss|p2a: Wigglytuff
|move|p1a: Cubone|Earthquake|p2a: Wigglytuff
|-damage|p2a: Wigglytuff|301\/435
|-damage|p1a: Cubone|273\/291 tox|[from] tox|[of] p2a: Wigglytuff
|
|turn|4
|choice|move 1|move 1
|
|move|p2a: Wigglytuff|Blizzard|p1a: Cubone
|-supereffective|p1a: Cubone
|-damage|p1a: Cubone|87\/291 tox
|move|p1a: Cubone|Earthquake|p2a: Wigglytuff
|-damage|p2a: Wigglytuff|178\/435
|-damage|p1a: Cubone|51\/291 tox|[from] tox|[of] p2a: Wigglytuff
|
|turn|5
|choice|move 1|move 3
|
|move|p2a: Wigglytuff|Bubble Beam|p1a: Cubone
|-supereffective|p1a: Cubone
|-damage|p1a: Cubone|0 fnt
|faint|p1a: Cubone
|choice|switch 6|
|
|switch|p1a: Magneton|Magneton, L90|273\/273
|turn|6
|choice|move 1|move 2
|
|move|p1a: Magneton|Thunderbolt|p2a: Wigglytuff
|-crit|p2a: Wigglytuff
|-damage|p2a: Wigglytuff|0 fnt
|faint|p2a: Wigglytuff
|choice||switch 2
|
|switch|p2a: Magmar|Magmar, L90|300\/300
|turn|7
|choice|move 3|move 2
|
|move|p2a: Magmar|Fire Blast|p1a: Magneton
|-damage|p1a: Magneton|170\/273
|-status|p1a: Magneton|brn
|move|p1a: Magneton|Thunder Wave|p2a: Magmar
|-status|p2a: Magmar|par
|-damage|p1a: Magneton|153\/273 brn|[from] brn|[of] p2a: Magmar
|
|turn|8
|choice|move 1|move 4
|
|move|p1a: Magneton|Thunderbolt|p2a: Magmar
|-damage|p2a: Magmar|178\/300 par
|-damage|p1a: Magneton|136\/273 brn|[from] brn|[of] p2a: Magmar
|cant|p2a: Magmar|par
|
|turn|9
|choice|move 1|move 1
|
|move|p1a: Magneton|Thunderbolt|p2a: Magmar
|-damage|p2a: Magmar|54\/300 par
|-damage|p1a: Magneton|119\/273 brn|[from] brn|[of] p2a: Magmar
|move|p2a: Magmar|Body Slam|p1a: Magneton
|-damage|p1a: Magneton|57\/273 brn
|
|turn|10
|choice|move 1|move 1
|
|move|p1a: Magneton|Thunderbolt|p2a: Magmar
|-crit|p2a: Magmar
|-damage|p2a: Magmar|0 fnt
|faint|p2a: Magmar
|choice||switch 6
|
|switch|p2a: Electabuzz|Electabuzz, L85|284\/284
|turn|11
|choice|move 3|move 2
|
|move|p2a: Electabuzz|Seismic Toss|p1a: Magneton
|-damage|p1a: Magneton|0 fnt
|faint|p1a: Magneton
|choice|switch 3|
|
|switch|p1a: Parasect|Parasect, L90|291\/291
|turn|12
|choice|move 3|switch 3
|
|switch|p2a: Nidorino|Nidorino, L90|293\/293
|move|p1a: Parasect|Stun Spore|p2a: Nidorino
|-status|p2a: Nidorino|par
|
|turn|13
|choice|move 1|move 2
|
|move|p1a: Parasect|Body Slam|p2a: Nidorino
|-damage|p2a: Nidorino|209\/293 par
|cant|p2a: Nidorino|par
|
|turn|14
|choice|move 1|move 2
|
|move|p1a: Parasect|Body Slam|p2a: Nidorino
|-damage|p2a: Nidorino|130\/293 par
|move|p2a: Nidorino|Blizzard|p1a: Parasect
|-supereffective|p1a: Parasect
|-damage|p1a: Parasect|161\/291
|-status|p1a: Parasect|frz
|
|turn|15
|c|★Buts X|oh good god
|choice|switch 5|move 3
|
|switch|p1a: Poliwhirl|Poliwhirl, L85|284\/284
|move|p2a: Nidorino|Substitute|p2a: Nidorino
|-start|p2a: Nidorino|Substitute
|-damage|p2a: Nidorino|57\/293 par
|
|turn|16
|choice|move 1|move 1
|
|move|p1a: Poliwhirl|Amnesia|p1a: Poliwhirl
|-boost|p1a: Poliwhirl|spd|2
|-boost|p1a: Poliwhirl|spa|2
|move|p2a: Nidorino|Thunderbolt|p1a: Poliwhirl
|-supereffective|p1a: Poliwhirl
|-damage|p1a: Poliwhirl|211\/284
|
|turn|17
|choice|move 4|move 1
|
|move|p1a: Poliwhirl|Psychic|p2a: Nidorino
|-supereffective|p2a: Nidorino
|-end|p2a: Nidorino|Substitute
|cant|p2a: Nidorino|par
|
|turn|18
|choice|move 1|move 2
|
|move|p1a: Poliwhirl|Amnesia|p1a: Poliwhirl
|-boost|p1a: Poliwhirl|spd|2
|-boost|p1a: Poliwhirl|spa|2
|move|p2a: Nidorino|Blizzard|p1a: Poliwhirl
|-resisted|p1a: Poliwhirl
|-damage|p1a: Poliwhirl|196\/284
|
|turn|19
|choice|move 4|move 4
|
|move|p1a: Poliwhirl|Psychic|p2a: Nidorino
|-crit|p2a: Nidorino
|-supereffective|p2a: Nidorino
|-damage|p2a: Nidorino|0 fnt
|faint|p2a: Nidorino
|choice||switch 3
|
|switch|p2a: Electabuzz|Electabuzz, L85|284\/284
|turn|20
|choice|move 4|move 1
|
|move|p2a: Electabuzz|Thunder Wave|p1a: Poliwhirl
|-status|p1a: Poliwhirl|par
|move|p1a: Poliwhirl|Psychic|p2a: Electabuzz
|-damage|p2a: Electabuzz|160\/284
|
|turn|21
|choice|move 3|move 4
|
|move|p2a: Electabuzz|Thunderbolt|p1a: Poliwhirl
|-supereffective|p1a: Poliwhirl
|-damage|p1a: Poliwhirl|114\/284 par
|cant|p1a: Poliwhirl|par
|
|turn|22
|choice|move 3|move 4
|
|move|p2a: Electabuzz|Thunderbolt|p1a: Poliwhirl
|-supereffective|p1a: Poliwhirl
|-damage|p1a: Poliwhirl|19\/284 par
|cant|p1a: Poliwhirl|par
|
|turn|23
|c|★Buts X|jesus
|choice|move 3|move 4
|
|move|p2a: Electabuzz|Thunderbolt|p1a: Poliwhirl
|-supereffective|p1a: Poliwhirl
|-damage|p1a: Poliwhirl|0 fnt
|faint|p1a: Poliwhirl
|choice|switch 2|
|
|switch|p1a: Charmander|Charmander, L96|270\/270
|turn|24
|choice|move 1|move 4
|
|move|p2a: Electabuzz|Thunderbolt|p1a: Charmander
|-damage|p1a: Charmander|158\/270
|move|p1a: Charmander|Fire Blast|p2a: Electabuzz
|-damage|p2a: Electabuzz|52\/284
|-status|p2a: Electabuzz|brn
|
|turn|25
|choice|move 4|move 4
|
|move|p2a: Electabuzz|Thunderbolt|p1a: Charmander
|-damage|p1a: Charmander|32\/270
|-damage|p2a: Electabuzz|35\/284 brn|[from] brn|[of] p1a: Charmander
|move|p1a: Charmander|Slash|p2a: Electabuzz
|-crit|p2a: Electabuzz
|-damage|p2a: Electabuzz|0 fnt
|faint|p2a: Electabuzz
|choice||switch 4
|
|switch|p2a: Mew|Mew, L74|300\/300
|turn|26
|choice|move 4|move 2
|
|move|p2a: Mew|Earthquake|p1a: Charmander
|-supereffective|p1a: Charmander
|-damage|p1a: Charmander|0 fnt
|faint|p1a: Charmander
|choice|switch 4|
|
|switch|p1a: Dewgong|Dewgong, L85|327\/327
|turn|27
|choice|move 4|move 3
|
|move|p2a: Mew|Thunderbolt|p1a: Dewgong
|-supereffective|p1a: Dewgong
|-damage|p1a: Dewgong|227\/327
|move|p1a: Dewgong|Blizzard|p2a: Mew
|-damage|p2a: Mew|166\/300
|
|turn|28
|choice|move 4|move 3
|
|move|p2a: Mew|Thunderbolt|p1a: Dewgong
|-supereffective|p1a: Dewgong
|-damage|p1a: Dewgong|125\/327
|move|p1a: Dewgong|Blizzard|p2a: Mew|[miss]
|-miss|p1a: Dewgong
|
|turn|29
|choice|move 4|move 3
|
|move|p2a: Mew|Thunderbolt|p1a: Dewgong
|-supereffective|p1a: Dewgong
|-damage|p1a: Dewgong|31\/327
|move|p1a: Dewgong|Blizzard|p2a: Mew|[miss]
|-miss|p1a: Dewgong
|
|turn|30
|c|★Buts X|well that miss ruined me
|c|★Buts X|THAT TOO
|c|★Noratraika|Yes
|-message|Buts X forfeited.
|leave|Buts X
|choice|move 4|move 3
|
|move|p2a: Mew|Thunderbolt|p1a: Dewgong
|-supereffective|p1a: Dewgong
|-damage|p1a: Dewgong|0 fnt
|faint|p1a: Dewgong
|c|★Noratraika|But I have soft-boiled
|
|win|Noratraika
|player|p1
|raw|Buts X's rating: 1388 &rarr; <strong>1357<\/strong><br \/>(-31 for losing)
|raw|Noratraika's rating: 1166 &rarr; <strong>1205<\/strong><br \/>(+39 for winning)