|join|r0730
|join|XianJu
|player|p1|r0730|170
|player|p2|XianJu|130
|gametype|singles
|gen|1
|tier|[Gen 1] Random Battle
|rated
|rule|Sleep Clause Mod: Limit one foe put to sleep
|rule|Freeze Clause Mod: Limit one foe frozen
|rule|HP Percentage Mod: HP is shown in percentages
|
|start
|switch|p1a: Victreebel|Victreebel, L85|310\/310
|switch|p2a: Jolteon|Jolteon, L79|265\/265
|turn|1
|
|move|p2a: Jolteon|Thunder Wave|p1a: Victreebel
|-status|p1a: Victreebel|par
|move|p1a: Victreebel|Stun Spore|p2a: Jolteon
|-status|p2a: Jolteon|par
|
|turn|2
|
|switch|p2a: Aerodactyl|Aerodactyl, L90|327\/327
|cant|p1a: Victreebel|par
|
|turn|3
|
|move|p2a: Aerodactyl|Sky Attack|p1a: Victreebel|[still]
|-prepare|p2a: Aerodactyl|Sky Attack|p1a: Victreebel
|move|p1a: Victreebel|Razor Leaf|p2a: Aerodactyl
|-crit|p2a: Aerodactyl
|-damage|p2a: Aerodactyl|178\/327
|
|turn|4
|
|switch|p1a: Muk|Muk, L90|372\/372
|move|p2a: Aerodactyl|Sky Attack|p1a: Muk
|-damage|p1a: Muk|193\/372
|
|turn|5
|
|move|p2a: Aerodactyl|Double-Edge|p1a: Muk
|-damage|p1a: Muk|109\/372
|-damage|p2a: Aerodactyl|157\/327|[from] recoil|[of] p1a: Muk
|move|p1a: Muk|Explosion|p2a: Aerodactyl
|-resisted|p2a: Aerodactyl
|-damage|p2a: Aerodactyl|0 fnt
|faint|p2a: Aerodactyl
|faint|p1a: Muk
|
|switch|p2a: Persian|Persian, L79|265\/265
|switch|p1a: Wigglytuff|Wigglytuff, L90|435\/435
|turn|6
|
|move|p2a: Persian|Body Slam|p1a: Wigglytuff
|-damage|p1a: Wigglytuff|352\/435
|move|p1a: Wigglytuff|Sing|p2a: Persian
|-status|p2a: Persian|slp
|
|turn|7
|
|cant|p2a: Persian|slp
|move|p1a: Wigglytuff|Blizzard|p2a: Persian
|-damage|p2a: Persian|183\/265 slp
|
|turn|8
|
|switch|p2a: Jolteon|Jolteon, L79|265\/265 par
|move|p1a: Wigglytuff|Blizzard|p2a: Jolteon
|-damage|p2a: Jolteon|206\/265 par
|
|turn|9
|
|switch|p1a: Victreebel|Victreebel, L85|310\/310 par
|move|p2a: Jolteon|Double Kick|p1a: Victreebel
|-resisted|p1a: Victreebel
|-damage|p1a: Victreebel|302\/310 par
|-damage|p1a: Victreebel|294\/310 par
|-hitcount|p1a: Victreebel|2
|
|turn|10
|
|move|p2a: Jolteon|Sand Attack|p1a: Victreebel
|-unboost|p1a: Victreebel|accuracy|1
|move|p1a: Victreebel|Razor Leaf|p2a: Jolteon
|-crit|p2a: Jolteon
|-damage|p2a: Jolteon|94\/265 par
|
|turn|11
|
|switch|p2a: Venomoth|Venomoth, L85|293\/293
|cant|p1a: Victreebel|par
|
|turn|12
|
|switch|p1a: Flareon|Flareon, L90|300\/300
|move|p2a: Venomoth|Psychic|p1a: Flareon
|-crit|p1a: Flareon
|-damage|p1a: Flareon|205\/300
|
|turn|13
|
|move|p2a: Venomoth|Sleep Powder|p1a: Flareon
|-status|p1a: Flareon|slp
|cant|p1a: Flareon|slp
|
|turn|14
|
|switch|p2a: Vaporeon|Vaporeon, L85|395\/395
|switch|p1a: Poliwhirl|Poliwhirl, L85|284\/284
|
|turn|15
|
|move|p1a: Poliwhirl|Amnesia|p1a: Poliwhirl
|-boost|p1a: Poliwhirl|spd|2
|-boost|p1a: Poliwhirl|spa|2
|move|p2a: Vaporeon|Body Slam|p1a: Poliwhirl
|-damage|p1a: Poliwhirl|231\/284
|
|turn|16
|
|move|p1a: Poliwhirl|Amnesia|p1a: Poliwhirl
|-boost|p1a: Poliwhirl|spd|2
|-boost|p1a: Poliwhirl|spa|2
|move|p2a: Vaporeon|Body Slam|p1a: Poliwhirl
|-damage|p1a: Poliwhirl|171\/284
|-status|p1a: Poliwhirl|par
|
|turn|17
|
|move|p2a: Vaporeon|Body Slam|p1a: Poliwhirl
|-crit|p1a: Poliwhirl
|-damage|p1a: Poliwhirl|66\/284 par
|move|p1a: Poliwhirl|Amnesia|p1a: Poliwhirl
|-boost|p1a: Poliwhirl|spd|2
|-boost|p1a: Poliwhirl|spa|2
|
|turn|18
|
|move|p2a: Vaporeon|Body Slam|p1a: Poliwhirl
|-damage|p1a: Poliwhirl|5\/284 par
|move|p1a: Poliwhirl|Psychic|p2a: Vaporeon
|-damage|p2a: Vaporeon|249\/395
|
|turn|19
|
|move|p2a: Vaporeon|Body Slam|p1a: Poliwhirl
|-damage|p1a: Poliwhirl|0 fnt
|faint|p1a: Poliwhirl
|
|switch|p1a: Victreebel|Victreebel, L85|294\/310 par
|turn|20
|
|move|p2a: Vaporeon|Blizzard|p1a: Victreebel
|-crit|p1a: Victreebel
|-supereffective|p1a: Victreebel
|-damage|p1a: Victreebel|0 fnt
|faint|p1a: Victreebel
|
|switch|p1a: Wigglytuff|Wigglytuff, L90|352\/435
|turn|21
|
|move|p2a: Vaporeon|Blizzard|p1a: Wigglytuff
|-damage|p1a: Wigglytuff|228\/435
|move|p1a: Wigglytuff|Double-Edge|p2a: Vaporeon
|-damage|p2a: Vaporeon|133\/395
|-damage|p1a: Wigglytuff|199\/435|[from] recoil|[of] p2a: Vaporeon
|
|turn|22
|
|move|p2a: Vaporeon|Blizzard|p1a: Wigglytuff
|-damage|p1a: Wigglytuff|67\/435
|move|p1a: Wigglytuff|Hyper Beam|p2a: Vaporeon
|-damage|p2a: Vaporeon|0 fnt
|faint|p2a: Vaporeon
|
|switch|p2a: Venomoth|Venomoth, L85|293\/293
|turn|23
|
|move|p2a: Venomoth|Psychic|p1a: Wigglytuff
|-damage|p1a: Wigglytuff|0 fnt
|faint|p1a: Wigglytuff
|
|switch|p1a: Flareon|Flareon, L90|205\/300 slp
|turn|24
|
|move|p2a: Venomoth|Psychic|p1a: Flareon
|-damage|p1a: Flareon|156\/300 slp
|cant|p1a: Flareon|slp
|
|turn|25
|
|move|p2a: Venomoth|Psychic|p1a: Flareon
|-damage|p1a: Flareon|106\/300 slp
|-curestatus|p1a: Flareon|slp
|
|turn|26
|
|move|p2a: Venomoth|Stun Spore|p1a: Flareon
|-status|p1a: Flareon|par
|move|p1a: Flareon|Fire Blast|p2a: Venomoth
|-supereffective|p2a: Venomoth
|-damage|p2a: Venomoth|2\/293
|-status|p2a: Venomoth|brn
|
|turn|27
|
|cant|p1a: Flareon|par
|move|p2a: Venomoth|Psychic|p1a: Flareon
|-damage|p1a: Flareon|58\/300 par
|-unboost|p1a: Flareon|spd|1
|-unboost|p1a: Flareon|spa|1
|-damage|p2a: Venomoth|0 fnt|[from] brn|[of] p1a: Flareon
|faint|p2a: Venomoth
|
|switch|p2a: Jolteon|Jolteon, L79|94\/265 par
|turn|28
|
|cant|p2a: Jolteon|par
|move|p1a: Flareon|Hyper Beam|p2a: Jolteon
|-crit|p2a: Jolteon
|-damage|p2a: Jolteon|0 fnt
|faint|p2a: Jolteon
|
|switch|p2a: Rhyhorn|Rhyhorn, L96|348\/348
|turn|29
|
|move|p1a: Flareon|Quick Attack|p2a: Rhyhorn
|-resisted|p2a: Rhyhorn
|-damage|p2a: Rhyhorn|333\/348
|move|p2a: Rhyhorn|Body Slam|p1a: Flareon
|-damage|p1a: Flareon|0 fnt
|faint|p1a: Flareon
|
|switch|p1a: Pidgey|Pidgey, L96|272\/272
|turn|30
|
|move|p1a: Pidgey|Sand Attack|p2a: Rhyhorn
|-unboost|p2a: Rhyhorn|accuracy|1
|move|p2a: Rhyhorn|Rock Slide|p1a: Pidgey
|-supereffective|p1a: Pidgey
|-damage|p1a: Pidgey|6\/272
|
|turn|31
|
|move|p1a: Pidgey|Sand Attack|p2a: Rhyhorn
|-unboost|p2a: Rhyhorn|accuracy|1
|move|p2a: Rhyhorn|Body Slam|p1a: Pidgey
|-damage|p1a: Pidgey|0 fnt
|faint|p1a: Pidgey
|
|win|XianJu
|raw|r0730's rating: 1311 &rarr; <strong>1294<\/strong><br \/>(-17 for losing)
|raw|XianJu's rating: 1359 &rarr; <strong>1377<\/strong><br \/>(+18 for winning)
|leave|r0730
|player|p1