|join|Dervodel
|join|ankitkhetrapal
|player|p1|Dervodel|1
|player|p2|ankitkhetrapal|20
|gametype|singles
|gen|1
|tier|[Gen 1] Random Battle
|rated
|rule|Sleep Clause Mod: Limit one foe put to sleep
|rule|Freeze Clause Mod: Limit one foe frozen
|rule|HP Percentage Mod: HP is shown in percentages
|
|start
|switch|p1a: Metapod|Metapod, L99|300\/300
|switch|p2a: Magikarp|Magikarp, L99|240\/240
|turn|1
|c|★Dervodel|criple fight
|c|★ankitkhetrapal|haha
|
|switch|p2a: Mewtwo|Mewtwo, L68|285\/285
|switch|p1a: Snorlax|Snorlax, L79|415\/415
|
|turn|2
|c|★Dervodel|hm
|
|move|p2a: Mewtwo|Thunder Wave|p1a: Snorlax
|-status|p1a: Snorlax|par
|move|p1a: Snorlax|Amnesia|p1a: Snorlax
|-boost|p1a: Snorlax|spd|2
|-boost|p1a: Snorlax|spa|2
|
|turn|3
|
|move|p2a: Mewtwo|Amnesia|p2a: Mewtwo
|-boost|p2a: Mewtwo|spd|2
|-boost|p2a: Mewtwo|spa|2
|move|p1a: Snorlax|Amnesia|p1a: Snorlax
|-boost|p1a: Snorlax|spd|2
|-boost|p1a: Snorlax|spa|2
|
|turn|4
|
|move|p2a: Mewtwo|Amnesia|p2a: Mewtwo
|-boost|p2a: Mewtwo|spd|2
|-boost|p2a: Mewtwo|spa|2
|move|p1a: Snorlax|Amnesia|p1a: Snorlax
|-boost|p1a: Snorlax|spd|2
|-boost|p1a: Snorlax|spa|2
|
|turn|5
|c|★Dervodel|noooo
|
|move|p2a: Mewtwo|Barrier|p2a: Mewtwo
|-boost|p2a: Mewtwo|def|2
|move|p1a: Snorlax|Body Slam|p2a: Mewtwo
|-damage|p2a: Mewtwo|229\/285
|
|turn|6
|
|move|p2a: Mewtwo|Amnesia|p2a: Mewtwo
|-boost|p2a: Mewtwo|spd|2
|-boost|p2a: Mewtwo|spa|2
|move|p1a: Snorlax|Body Slam|p2a: Mewtwo
|-damage|p2a: Mewtwo|179\/285
|
|turn|7
|c|★Dervodel|gg
|
|move|p2a: Mewtwo|Psychic|p1a: Snorlax
|-damage|p1a: Snorlax|313\/415 par
|-unboost|p1a: Snorlax|spd|1
|-unboost|p1a: Snorlax|spa|1
|move|p1a: Snorlax|Body Slam|p2a: Mewtwo
|-damage|p2a: Mewtwo|126\/285
|
|turn|8
|
|move|p2a: Mewtwo|Psychic|p1a: Snorlax
|-damage|p1a: Snorlax|194\/415 par
|-unboost|p1a: Snorlax|spd|1
|-unboost|p1a: Snorlax|spa|1
|move|p1a: Snorlax|Body Slam|p2a: Mewtwo
|-damage|p2a: Mewtwo|69\/285
|-status|p2a: Mewtwo|par
|
|turn|9
|
|move|p2a: Mewtwo|Psychic|p1a: Snorlax
|-damage|p1a: Snorlax|48\/415 par
|-unboost|p1a: Snorlax|spd|1
|-unboost|p1a: Snorlax|spa|1
|move|p1a: Snorlax|Hyper Beam|p2a: Mewtwo
|-damage|p2a: Mewtwo|0 fnt
|faint|p2a: Mewtwo
|
|switch|p2a: Onix|Onix, L90|246\/246
|turn|10
|
|move|p2a: Onix|Earthquake|p1a: Snorlax
|-damage|p1a: Snorlax|0 fnt
|faint|p1a: Snorlax
|
|switch|p1a: Seaking|Seaking, L90|327\/327
|turn|11
|
|switch|p2a: Magikarp|Magikarp, L99|240\/240
|move|p1a: Seaking|Surf|p2a: Magikarp
|-resisted|p2a: Magikarp
|-damage|p2a: Magikarp|153\/240
|
|turn|12
|
|move|p2a: Magikarp|Dragon Rage|p1a: Seaking
|-damage|p1a: Seaking|287\/327
|move|p1a: Seaking|Blizzard|p2a: Magikarp
|-resisted|p2a: Magikarp
|-damage|p2a: Magikarp|82\/240
|
|turn|13
|
|move|p2a: Magikarp|Dragon Rage|p1a: Seaking
|-damage|p1a: Seaking|247\/327
|move|p1a: Seaking|Surf|p2a: Magikarp
|-resisted|p2a: Magikarp
|-damage|p2a: Magikarp|0 fnt
|faint|p2a: Magikarp
|
|switch|p2a: Weezing|Weezing, L90|300\/300
|turn|14
|
|switch|p1a: Metapod|Metapod, L99|300\/300
|move|p2a: Weezing|Thunderbolt|p1a: Metapod
|-damage|p1a: Metapod|189\/300
|
|turn|15
|
|move|p2a: Weezing|Sludge|p1a: Metapod
|-supereffective|p1a: Metapod
|-damage|p1a: Metapod|6\/300
|move|p1a: Metapod|Tackle|p2a: Weezing
|-damage|p2a: Weezing|288\/300
|
|turn|16
|
|switch|p1a: Zapdos|Zapdos, L79|304\/304
|move|p2a: Weezing|Sludge|p1a: Zapdos
|-damage|p1a: Zapdos|219\/304
|
|turn|17
|
|switch|p2a: Onix|Onix, L90|246\/246
|move|p1a: Zapdos|Thunder Wave|p2a: Onix
|-immune|p2a: Onix|[msg]
|
|turn|18
|
|switch|p1a: Golbat|Golbat, L90|318\/318
|move|p2a: Onix|Rock Slide|p1a: Golbat|[miss]
|-miss|p2a: Onix
|
|turn|19
|
|switch|p2a: Weezing|Weezing, L90|288\/300
|move|p1a: Golbat|Mega Drain|p2a: Weezing
|-resisted|p2a: Weezing
|-damage|p2a: Weezing|275\/300
|
|turn|20
|
|move|p1a: Golbat|Screech|p2a: Weezing
|-unboost|p2a: Weezing|def|2
|move|p2a: Weezing|Thunderbolt|p1a: Golbat
|-supereffective|p1a: Golbat
|-damage|p1a: Golbat|177\/318
|-status|p1a: Golbat|par
|
|turn|21
|
|move|p2a: Weezing|Thunderbolt|p1a: Golbat
|-supereffective|p1a: Golbat
|-damage|p1a: Golbat|25\/318 par
|move|p1a: Golbat|Hyper Beam|p2a: Weezing
|-damage|p2a: Weezing|124\/300
|
|turn|22
|-mustrecharge|p1a: Golbat
|-mustrecharge|p1a: Golbat
|
|move|p2a: Weezing|Thunderbolt|p1a: Golbat
|-supereffective|p1a: Golbat
|-damage|p1a: Golbat|0 fnt
|faint|p1a: Golbat
|
|switch|p1a: Seaking|Seaking, L90|247\/327
|turn|23
|
|switch|p2a: Fearow|Fearow, L90|300\/300
|move|p1a: Seaking|Hyper Beam|p2a: Fearow
|-damage|p2a: Fearow|174\/300
|
|turn|24
|-mustrecharge|p1a: Seaking
|-mustrecharge|p1a: Seaking
|
|move|p2a: Fearow|Mirror Move|p2a: Fearow
|move|p2a: Fearow|Hyper Beam|p1a: Seaking|[from]Mirror Move
|-damage|p1a: Seaking|60\/327
|cant|p1a: Seaking|recharge
|
|turn|25
|-mustrecharge|p2a: Fearow
|-mustrecharge|p2a: Fearow
|
|cant|p2a: Fearow|recharge
|move|p1a: Seaking|Blizzard|p2a: Fearow
|-supereffective|p2a: Fearow
|-damage|p2a: Fearow|0 fnt
|faint|p2a: Fearow
|
|switch|p2a: Onix|Onix, L90|246\/246
|turn|26
|
|move|p2a: Onix|Earthquake|p1a: Seaking|[miss]
|-miss|p2a: Onix
|move|p1a: Seaking|Surf|p2a: Onix
|-supereffective|p2a: Onix
|-damage|p2a: Onix|0 fnt
|faint|p2a: Onix
|
|switch|p2a: Magmar|Magmar, L90|300\/300
|turn|27
|
|move|p2a: Magmar|Body Slam|p1a: Seaking
|-damage|p1a: Seaking|0 fnt
|faint|p1a: Seaking
|
|switch|p1a: Zapdos|Zapdos, L79|219\/304
|turn|28
|
|move|p2a: Magmar|Confuse Ray|p1a: Zapdos
|-start|p1a: Zapdos|confusion
|-activate|p1a: Zapdos|confusion
|move|p1a: Zapdos|Thunder Wave|p2a: Magmar
|-status|p2a: Magmar|par
|
|turn|29
|
|switch|p1a: Metapod|Metapod, L99|6\/300
|move|p2a: Magmar|Body Slam|p1a: Metapod
|-damage|p1a: Metapod|0 fnt
|faint|p1a: Metapod
|
|switch|p1a: Mew|Mew, L74|300\/300
|turn|30
|
|move|p1a: Mew|Swift|p2a: Magmar
|-damage|p2a: Magmar|261\/300 par
|move|p2a: Magmar|Body Slam|p1a: Mew
|-damage|p1a: Mew|230\/300
|
|turn|31
|
|move|p1a: Mew|Swift|p2a: Magmar
|-damage|p2a: Magmar|218\/300 par
|move|p2a: Magmar|Body Slam|p1a: Mew
|-crit|p1a: Mew
|-damage|p1a: Mew|84\/300
|
|turn|32
|
|move|p1a: Mew|Soft-Boiled|p1a: Mew
|-heal|p1a: Mew|234\/300
|move|p2a: Magmar|Body Slam|p1a: Mew
|-damage|p1a: Mew|168\/300
|-status|p1a: Mew|par
|
|turn|33
|
|move|p2a: Magmar|Body Slam|p1a: Mew
|-damage|p1a: Mew|94\/300 par
|cant|p1a: Mew|par
|
|turn|34
|
|cant|p2a: Magmar|par
|move|p1a: Mew|Soft-Boiled|p1a: Mew
|-heal|p1a: Mew|244\/300 par
|
|turn|35
|
|move|p2a: Magmar|Mimic|p1a: Mew
|-start|p2a: Magmar|Mimic|Swift
|move|p1a: Mew|Swift|p2a: Magmar
|-damage|p2a: Magmar|174\/300 par
|
|turn|36
|
|switch|p2a: Weezing|Weezing, L90|124\/300
|cant|p1a: Mew|par
|
|turn|37
|
|move|p2a: Weezing|Explosion|p1a: Mew
|-crit|p1a: Mew
|-damage|p1a: Mew|0 fnt
|faint|p1a: Mew
|faint|p2a: Weezing
|
|switch|p1a: Zapdos|Zapdos, L79|219\/304
|switch|p2a: Magmar|Magmar, L90|174\/300 par
|turn|38
|
|move|p1a: Zapdos|Thunderbolt|p2a: Magmar
|-crit|p2a: Magmar
|-damage|p2a: Magmar|0 fnt
|faint|p2a: Magmar
|
|win|Dervodel
|raw|Dervodel's rating: 1424 &rarr; <strong>1432<\/strong><br \/>(+8 for winning)
|raw|ankitkhetrapal's rating: 1175 &rarr; <strong>1165<\/strong><br \/>(-10 for losing)
|leave|ankitkhetrapal
|player|p2