|join|MALESANI
|join|Abstrix
|player|p1|MALESANI|238
|player|p2|Abstrix|8
|gametype|singles
|gen|1
|tier|[Gen 1] Random Battle
|rated
|rule|Sleep Clause Mod: Limit one foe put to sleep
|rule|Freeze Clause Mod: Limit one foe frozen
|rule|HP Percentage Mod: HP is shown in percentages
|
|start
|switch|p1a: Raticate|Raticate, L85|267\/267
|switch|p2a: Zapdos|Zapdos, L79|304\/304
|turn|1
|
|move|p1a: Raticate|Super Fang|p2a: Zapdos
|-damage|p2a: Zapdos|152\/304
|move|p2a: Zapdos|Thunder Wave|p1a: Raticate
|-status|p1a: Raticate|par
|
|turn|2
|
|move|p2a: Zapdos|Thunderbolt|p1a: Raticate
|-damage|p1a: Raticate|125\/267 par
|cant|p1a: Raticate|par
|
|turn|3
|
|move|p2a: Zapdos|Thunderbolt|p1a: Raticate
|-crit|p1a: Raticate
|-damage|p1a: Raticate|0 fnt
|faint|p1a: Raticate
|
|switch|p1a: Arbok|Arbok, L90|291\/291
|turn|4
|
|move|p2a: Zapdos|Thunderbolt|p1a: Arbok
|-damage|p1a: Arbok|180\/291
|move|p1a: Arbok|Rock Slide|p2a: Zapdos
|-supereffective|p2a: Zapdos
|-damage|p2a: Zapdos|30\/304
|
|turn|5
|
|move|p2a: Zapdos|Thunderbolt|p1a: Arbok
|-damage|p1a: Arbok|61\/291
|move|p1a: Arbok|Body Slam|p2a: Zapdos
|-crit|p2a: Zapdos
|-damage|p2a: Zapdos|0 fnt
|faint|p2a: Zapdos
|
|switch|p2a: Arcanine|Arcanine, L85|327\/327
|turn|6
|
|switch|p1a: Vaporeon|Vaporeon, L85|395\/395
|move|p2a: Arcanine|Body Slam|p1a: Vaporeon
|-damage|p1a: Vaporeon|309\/395
|
|turn|7
|
|switch|p2a: Golduck|Golduck, L85|310\/310
|move|p1a: Vaporeon|Body Slam|p2a: Golduck
|-damage|p2a: Golduck|256\/310
|
|turn|8
|
|move|p2a: Golduck|Amnesia|p2a: Golduck
|-boost|p2a: Golduck|spd|2
|-boost|p2a: Golduck|spa|2
|move|p1a: Vaporeon|Mimic|p2a: Golduck
|-start|p1a: Vaporeon|Mimic|Ice Beam
|
|turn|9
|
|switch|p1a: Poliwhirl|Poliwhirl, L85|284\/284
|move|p2a: Golduck|Amnesia|p2a: Golduck
|-boost|p2a: Golduck|spd|2
|-boost|p2a: Golduck|spa|2
|
|turn|10
|
|move|p1a: Poliwhirl|Hypnosis|p2a: Golduck
|-status|p2a: Golduck|slp
|cant|p2a: Golduck|slp
|
|turn|11
|
|switch|p1a: Persian|Persian, L79|265\/265
|switch|p2a: Chansey|Chansey, L79|557\/557
|
|turn|12
|
|move|p1a: Persian|Body Slam|p2a: Chansey
|-damage|p2a: Chansey|382\/557
|move|p2a: Chansey|Thunder Wave|p1a: Persian
|-status|p1a: Persian|par
|
|turn|13
|
|switch|p2a: Charmeleon|Charmeleon, L85|272\/272
|move|p1a: Persian|Slash|p2a: Charmeleon
|-crit|p2a: Charmeleon
|-damage|p2a: Charmeleon|136\/272
|
|turn|14
|
|switch|p1a: Vaporeon|Vaporeon, L85|309\/395
|move|p2a: Charmeleon|Swords Dance|p2a: Charmeleon
|-boost|p2a: Charmeleon|atk|2
|
|turn|15
|
|move|p2a: Charmeleon|Submission|p1a: Vaporeon|[miss]
|-miss|p2a: Charmeleon
|move|p1a: Vaporeon|Body Slam|p2a: Charmeleon
|-damage|p2a: Charmeleon|71\/272
|-status|p2a: Charmeleon|par
|
|turn|16
|
|move|p1a: Vaporeon|Blizzard|p2a: Charmeleon
|-damage|p2a: Charmeleon|0 fnt
|faint|p2a: Charmeleon
|
|switch|p2a: Golduck|Golduck, L85|256\/310 slp
|turn|17
|
|switch|p1a: Arbok|Arbok, L90|61\/291
|cant|p2a: Golduck|slp
|
|turn|18
|
|move|p1a: Arbok|Earthquake|p2a: Golduck
|-damage|p2a: Golduck|182\/310 slp
|-curestatus|p2a: Golduck|slp
|
|turn|19
|
|move|p1a: Arbok|Body Slam|p2a: Golduck
|-crit|p2a: Golduck
|-damage|p2a: Golduck|62\/310
|move|p2a: Golduck|Ice Beam|p1a: Arbok
|-damage|p1a: Arbok|0 fnt
|faint|p1a: Arbok
|
|switch|p1a: Ninetales|Ninetales, L85|298\/298
|turn|20
|
|switch|p2a: Arcanine|Arcanine, L85|327\/327
|move|p1a: Ninetales|Double-Edge|p2a: Arcanine
|-damage|p2a: Arcanine|260\/327
|-damage|p1a: Ninetales|282\/298|[from] recoil|[of] p2a: Arcanine
|
|turn|21
|
|switch|p1a: Vaporeon|Vaporeon, L85|309\/395
|move|p2a: Arcanine|Body Slam|p1a: Vaporeon
|-crit|p1a: Vaporeon
|-damage|p1a: Vaporeon|147\/395
|-status|p1a: Vaporeon|par
|
|turn|22
|
|move|p2a: Arcanine|Hyper Beam|p1a: Vaporeon
|-damage|p1a: Vaporeon|0 fnt
|faint|p1a: Vaporeon
|
|switch|p1a: Poliwhirl|Poliwhirl, L85|284\/284
|turn|23
|
|move|p2a: Arcanine|Body Slam|p1a: Poliwhirl
|-damage|p1a: Poliwhirl|198\/284
|move|p1a: Poliwhirl|Surf|p2a: Arcanine
|-supereffective|p2a: Arcanine
|-damage|p2a: Arcanine|100\/327
|
|turn|24
|
|move|p2a: Arcanine|Body Slam|p1a: Poliwhirl
|-damage|p1a: Poliwhirl|114\/284
|move|p1a: Poliwhirl|Surf|p2a: Arcanine
|-supereffective|p2a: Arcanine
|-damage|p2a: Arcanine|0 fnt
|faint|p2a: Arcanine
|
|switch|p2a: Beedrill|Beedrill, L90|300\/300
|turn|25
|
|switch|p1a: Ninetales|Ninetales, L85|282\/298
|move|p2a: Beedrill|Agility|p2a: Beedrill
|-boost|p2a: Beedrill|spe|2
|
|turn|26
|
|switch|p2a: Chansey|Chansey, L79|382\/557
|move|p1a: Ninetales|Fire Blast|p2a: Chansey
|-damage|p2a: Chansey|259\/557
|
|turn|27
|
|move|p1a: Ninetales|Toxic|p2a: Chansey
|-status|p2a: Chansey|tox
|move|p2a: Chansey|Soft-Boiled|p2a: Chansey
|-heal|p2a: Chansey|537\/557 tox
|-damage|p2a: Chansey|503\/557 tox|[from] psn
|
|turn|28
|
|switch|p2a: Golduck|Golduck, L85|62\/310
|move|p1a: Ninetales|Reflect|p1a: Ninetales
|-start|p1a: Ninetales|Reflect
|
|turn|29
|
|move|p1a: Ninetales|Double-Edge|p2a: Golduck
|-crit|p2a: Golduck
|-damage|p2a: Golduck|0 fnt
|-damage|p1a: Ninetales|267\/298|[from] recoil|[of] p2a: Golduck
|faint|p2a: Golduck
|
|switch|p2a: Chansey|Chansey, L79|503\/557 tox
|-status|p2a: Chansey|psn
|turn|30
|
|move|p1a: Ninetales|Double-Edge|p2a: Chansey
|-damage|p2a: Chansey|343\/557 psn
|-damage|p1a: Ninetales|227\/298|[from] recoil|[of] p2a: Chansey
|move|p2a: Chansey|Reflect|p2a: Chansey
|-start|p2a: Chansey|Reflect
|-damage|p2a: Chansey|309\/557 psn|[from] psn
|
|turn|31
|
|switch|p1a: Persian|Persian, L79|265\/265 par
|move|p2a: Chansey|Soft-Boiled|p2a: Chansey
|-heal|p2a: Chansey|557\/557 psn
|-damage|p2a: Chansey|523\/557 psn|[from] psn
|
|turn|32
|
|move|p2a: Chansey|Thunderbolt|p1a: Persian
|-damage|p1a: Persian|184\/265 par
|-damage|p2a: Chansey|489\/557 psn|[from] psn|[of] p1a: Persian
|move|p1a: Persian|Screech|p2a: Chansey
|-unboost|p2a: Chansey|def|2
|
|turn|33
|
|move|p2a: Chansey|Thunderbolt|p1a: Persian
|-damage|p1a: Persian|109\/265 par
|-damage|p2a: Chansey|455\/557 psn|[from] psn|[of] p1a: Persian
|move|p1a: Persian|Body Slam|p2a: Chansey
|-crit|p2a: Chansey
|-damage|p2a: Chansey|102\/557 psn
|
|turn|34
|
|switch|p2a: Beedrill|Beedrill, L90|300\/300
|cant|p1a: Persian|par
|
|turn|35
|
|switch|p1a: Ninetales|Ninetales, L85|227\/298
|move|p2a: Beedrill|Agility|p2a: Beedrill
|-boost|p2a: Beedrill|spe|2
|
|turn|36
|
|move|p2a: Beedrill|Hyper Beam|p1a: Ninetales
|-damage|p1a: Ninetales|105\/298
|move|p1a: Ninetales|Fire Blast|p2a: Beedrill
|-crit|p2a: Beedrill
|-supereffective|p2a: Beedrill
|-damage|p2a: Beedrill|0 fnt
|faint|p2a: Beedrill
|
|switch|p2a: Chansey|Chansey, L79|102\/557 psn
|turn|37
|
|move|p1a: Ninetales|Fire Blast|p2a: Chansey|[miss]
|-miss|p1a: Ninetales
|move|p2a: Chansey|Soft-Boiled|p2a: Chansey
|-heal|p2a: Chansey|380\/557 psn
|-damage|p2a: Chansey|346\/557 psn|[from] psn
|
|turn|38
|
|move|p1a: Ninetales|Reflect|p1a: Ninetales
|-start|p1a: Ninetales|Reflect
|move|p2a: Chansey|Soft-Boiled|p2a: Chansey
|-heal|p2a: Chansey|557\/557 psn
|-damage|p2a: Chansey|523\/557 psn|[from] psn
|
|turn|39
|
|switch|p1a: Persian|Persian, L79|109\/265 par
|move|p2a: Chansey|Reflect|p2a: Chansey
|-start|p2a: Chansey|Reflect
|-damage|p2a: Chansey|489\/557 psn|[from] psn
|
|turn|40
|
|move|p2a: Chansey|Thunderbolt|p1a: Persian
|-damage|p1a: Persian|31\/265 par
|-damage|p2a: Chansey|455\/557 psn|[from] psn|[of] p1a: Persian
|move|p1a: Persian|Screech|p2a: Chansey
|-unboost|p2a: Chansey|def|2
|
|turn|41
|
|move|p2a: Chansey|Thunderbolt|p1a: Persian
|-damage|p1a: Persian|0 fnt
|faint|p1a: Persian
|
|switch|p1a: Poliwhirl|Poliwhirl, L85|114\/284
|turn|42
|
|move|p1a: Poliwhirl|Amnesia|p1a: Poliwhirl
|-boost|p1a: Poliwhirl|spd|2
|-boost|p1a: Poliwhirl|spa|2
|move|p2a: Chansey|Thunderbolt|p1a: Poliwhirl
|-supereffective|p1a: Poliwhirl
|-damage|p1a: Poliwhirl|30\/284
|-damage|p2a: Chansey|421\/557 psn|[from] psn|[of] p1a: Poliwhirl
|
|turn|43
|
|move|p1a: Poliwhirl|Surf|p2a: Chansey
|-damage|p2a: Chansey|296\/557 psn
|move|p2a: Chansey|Thunderbolt|p1a: Poliwhirl
|-supereffective|p1a: Poliwhirl
|-damage|p1a: Poliwhirl|0 fnt
|faint|p1a: Poliwhirl
|
|switch|p1a: Ninetales|Ninetales, L85|105\/298
|turn|44
|
|move|p1a: Ninetales|Fire Blast|p2a: Chansey
|-crit|p2a: Chansey
|-damage|p2a: Chansey|60\/557 psn
|move|p2a: Chansey|Thunder Wave|p1a: Ninetales
|-status|p1a: Ninetales|par
|-damage|p2a: Chansey|26\/557 psn|[from] psn|[of] p1a: Ninetales
|
|turn|45
|
|move|p2a: Chansey|Soft-Boiled|p2a: Chansey
|-heal|p2a: Chansey|304\/557 psn
|-damage|p2a: Chansey|270\/557 psn|[from] psn
|move|p1a: Ninetales|Double-Edge|p2a: Chansey
|-damage|p2a: Chansey|93\/557 psn
|-damage|p1a: Ninetales|61\/298 par|[from] recoil|[of] p2a: Chansey
|
|turn|46
|
|move|p2a: Chansey|Soft-Boiled|p2a: Chansey
|-heal|p2a: Chansey|371\/557 psn
|-damage|p2a: Chansey|337\/557 psn|[from] psn
|move|p1a: Ninetales|Fire Blast|p2a: Chansey|[miss]
|-miss|p1a: Ninetales
|
|turn|47
|-message|MALESANI forfeited.
|
|win|Abstrix
|leave|MALESANI
|player|p1
|raw|MALESANI's rating: 1396 &rarr; <strong>1371<\/strong><br \/>(-25 for losing)
|raw|Abstrix's rating: 1319 &rarr; <strong>1343<\/strong><br \/>(+24 for winning)