|join|Dervodel
|join|SophieStar
|player|p1|Dervodel|238
|player|p2|SophieStar|159
|gametype|singles
|gen|1
|tier|[Gen 1] Random Battle
|rated
|rule|Sleep Clause Mod: Limit one foe put to sleep
|rule|Freeze Clause Mod: Limit one foe frozen
|rule|HP Percentage Mod: HP is shown in percentages
|
|start
|switch|p1a: Electrode|Electrode, L90|291\/291
|switch|p2a: Machoke|Machoke, L85|310\/310
|turn|1
|c|★Dervodel|hi
|
|switch|p1a: Hypno|Hypno, L85|318\/318
|move|p2a: Machoke|Leer|p1a: Hypno
|-unboost|p1a: Hypno|def|1
|
|turn|2
|c|★SophieStar|hey
|
|switch|p2a: Slowbro|Slowbro, L79|312\/312
|move|p1a: Hypno|Psychic|p2a: Slowbro
|-resisted|p2a: Slowbro
|-damage|p2a: Slowbro|252\/312
|-unboost|p2a: Slowbro|spd|1
|-unboost|p2a: Slowbro|spa|1
|
|turn|3
|
|move|p1a: Hypno|Thunder Wave|p2a: Slowbro
|-status|p2a: Slowbro|par
|move|p2a: Slowbro|Thunder Wave|p1a: Hypno
|-status|p1a: Hypno|par
|
|turn|4
|
|cant|p1a: Hypno|par
|move|p2a: Slowbro|Amnesia|p2a: Slowbro
|-boost|p2a: Slowbro|spd|2
|-boost|p2a: Slowbro|spa|2
|
|turn|5
|
|switch|p1a: Electrode|Electrode, L90|291\/291
|cant|p2a: Slowbro|par
|
|turn|6
|
|switch|p2a: Lickitung|Lickitung, L90|345\/345
|move|p1a: Electrode|Reflect|p1a: Electrode
|-start|p1a: Electrode|Reflect
|
|turn|7
|
|switch|p1a: Hypno|Hypno, L85|318\/318 par
|move|p2a: Lickitung|Swords Dance|p2a: Lickitung
|-boost|p2a: Lickitung|atk|2
|
|turn|8
|
|move|p2a: Lickitung|Swords Dance|p2a: Lickitung
|-boost|p2a: Lickitung|atk|2
|move|p1a: Hypno|Thunder Wave|p2a: Lickitung
|-status|p2a: Lickitung|par
|
|turn|9
|
|move|p2a: Lickitung|Body Slam|p1a: Hypno
|-damage|p1a: Hypno|60\/318 par
|move|p1a: Hypno|Psychic|p2a: Lickitung
|-damage|p2a: Lickitung|214\/345 par
|
|turn|10
|
|cant|p2a: Lickitung|par
|move|p1a: Hypno|Psychic|p2a: Lickitung
|-damage|p2a: Lickitung|78\/345 par
|
|turn|11
|
|cant|p2a: Lickitung|par
|cant|p1a: Hypno|par
|
|turn|12
|
|move|p2a: Lickitung|Body Slam|p1a: Hypno
|-damage|p1a: Hypno|0 fnt
|faint|p1a: Hypno
|
|switch|p1a: Pinsir|Pinsir, L85|284\/284
|turn|13
|
|move|p1a: Pinsir|Submission|p2a: Lickitung
|-supereffective|p2a: Lickitung
|-damage|p2a: Lickitung|0 fnt
|-damage|p1a: Pinsir|265\/284|[from] recoil|[of] p2a: Lickitung
|faint|p2a: Lickitung
|
|switch|p2a: Slowbro|Slowbro, L79|252\/312 par
|turn|14
|
|switch|p1a: Electrode|Electrode, L90|291\/291
|move|p2a: Slowbro|Thunder Wave|p1a: Electrode
|-status|p1a: Electrode|par
|
|turn|15
|
|switch|p2a: Machoke|Machoke, L85|310\/310
|move|p1a: Electrode|Explosion|p2a: Machoke
|-crit|p2a: Machoke
|-damage|p2a: Machoke|0 fnt
|faint|p2a: Machoke
|faint|p1a: Electrode
|
|switch|p1a: Pinsir|Pinsir, L85|265\/284
|switch|p2a: Muk|Muk, L90|372\/372
|turn|16
|
|move|p1a: Pinsir|Body Slam|p2a: Muk
|-damage|p2a: Muk|288\/372
|move|p2a: Muk|Body Slam|p1a: Pinsir
|-damage|p1a: Pinsir|198\/284
|-status|p1a: Pinsir|par
|
|turn|17
|
|move|p2a: Muk|Body Slam|p1a: Pinsir
|-damage|p1a: Pinsir|128\/284 par
|move|p1a: Pinsir|Body Slam|p2a: Muk
|-damage|p2a: Muk|207\/372
|
|turn|18
|
|move|p2a: Muk|Sludge|p1a: Pinsir
|-supereffective|p1a: Pinsir
|-damage|p1a: Pinsir|0 fnt
|faint|p1a: Pinsir
|
|switch|p1a: Alakazam|Alakazam, L79|249\/249
|turn|19
|
|move|p1a: Alakazam|Psychic|p2a: Muk
|-supereffective|p2a: Muk
|-damage|p2a: Muk|0 fnt
|faint|p2a: Muk
|
|switch|p2a: Slowbro|Slowbro, L79|252\/312 par
|turn|20
|
|switch|p1a: Goldeen|Goldeen, L96|281\/281
|move|p2a: Slowbro|Thunder Wave|p1a: Goldeen
|-status|p1a: Goldeen|par
|
|turn|21
|
|switch|p2a: Exeggutor|Exeggutor, L79|312\/312
|cant|p1a: Goldeen|par
|
|turn|22
|
|move|p2a: Exeggutor|Egg Bomb|p1a: Goldeen|[miss]
|-miss|p2a: Exeggutor
|move|p1a: Goldeen|Blizzard|p2a: Exeggutor
|-supereffective|p2a: Exeggutor
|-damage|p2a: Exeggutor|194\/312
|
|turn|23
|
|move|p2a: Exeggutor|Egg Bomb|p1a: Goldeen|[miss]
|-miss|p2a: Exeggutor
|move|p1a: Goldeen|Blizzard|p2a: Exeggutor
|-supereffective|p2a: Exeggutor
|-damage|p2a: Exeggutor|70\/312
|
|turn|24
|
|move|p2a: Exeggutor|Hyper Beam|p1a: Goldeen
|-damage|p1a: Goldeen|185\/281 par
|cant|p1a: Goldeen|par
|
|turn|25
|-mustrecharge|p2a: Exeggutor
|-mustrecharge|p2a: Exeggutor
|
|cant|p2a: Exeggutor|recharge
|move|p1a: Goldeen|Blizzard|p2a: Exeggutor
|-supereffective|p2a: Exeggutor
|-damage|p2a: Exeggutor|0 fnt
|faint|p2a: Exeggutor
|
|switch|p2a: Jigglypuff|Jigglypuff, L99|428\/428
|turn|26
|
|move|p2a: Jigglypuff|Double-Edge|p1a: Goldeen
|-damage|p1a: Goldeen|85\/281 par
|-damage|p2a: Jigglypuff|403\/428|[from] recoil|[of] p1a: Goldeen
|move|p1a: Goldeen|Blizzard|p2a: Jigglypuff
|-damage|p2a: Jigglypuff|294\/428
|
|turn|27
|
|move|p2a: Jigglypuff|Double-Edge|p1a: Goldeen
|-damage|p1a: Goldeen|0 fnt
|-damage|p2a: Jigglypuff|273\/428|[from] recoil|[of] p1a: Goldeen
|faint|p1a: Goldeen
|
|switch|p1a: Dewgong|Dewgong, L85|327\/327
|turn|28
|
|move|p1a: Dewgong|Surf|p2a: Jigglypuff
|-damage|p2a: Jigglypuff|116\/428
|move|p2a: Jigglypuff|Thunder Wave|p1a: Dewgong
|-status|p1a: Dewgong|par
|
|turn|29
|
|move|p2a: Jigglypuff|Double-Edge|p1a: Dewgong
|-damage|p1a: Dewgong|235\/327 par
|-damage|p2a: Jigglypuff|93\/428|[from] recoil|[of] p1a: Dewgong
|move|p1a: Dewgong|Surf|p2a: Jigglypuff
|-damage|p2a: Jigglypuff|0 fnt
|faint|p2a: Jigglypuff
|
|switch|p2a: Slowbro|Slowbro, L79|252\/312 par
|turn|30
|
|move|p1a: Dewgong|Mimic|p2a: Slowbro
|-start|p1a: Dewgong|Mimic|Rest
|cant|p2a: Slowbro|par
|
|turn|31
|
|cant|p1a: Dewgong|par
|move|p2a: Slowbro|Amnesia|p2a: Slowbro
|-boost|p2a: Slowbro|spd|2
|-boost|p2a: Slowbro|spa|2
|
|turn|32
|
|cant|p2a: Slowbro|par
|move|p1a: Dewgong|Body Slam|p2a: Slowbro
|-damage|p2a: Slowbro|206\/312 par
|
|turn|33
|
|switch|p1a: Alakazam|Alakazam, L79|249\/249
|move|p2a: Slowbro|Amnesia|p2a: Slowbro
|-boost|p2a: Slowbro|spd|2
|-boost|p2a: Slowbro|spa|2
|
|turn|34
|
|move|p1a: Alakazam|Seismic Toss|p2a: Slowbro
|-damage|p2a: Slowbro|127\/312 par
|cant|p2a: Slowbro|par
|
|turn|35
|
|move|p1a: Alakazam|Seismic Toss|p2a: Slowbro
|-damage|p2a: Slowbro|48\/312 par
|move|p2a: Slowbro|Rest|p2a: Slowbro
|-status|p2a: Slowbro|slp
|-heal|p2a: Slowbro|312\/312 slp|[silent]
|-status|p2a: Slowbro|slp|[from] move: Rest
|
|turn|36
|
|move|p1a: Alakazam|Seismic Toss|p2a: Slowbro
|-damage|p2a: Slowbro|233\/312 slp
|cant|p2a: Slowbro|slp
|
|turn|37
|
|move|p1a: Alakazam|Seismic Toss|p2a: Slowbro
|-damage|p2a: Slowbro|154\/312 slp
|-curestatus|p2a: Slowbro|slp
|
|turn|38
|
|move|p1a: Alakazam|Seismic Toss|p2a: Slowbro
|-damage|p2a: Slowbro|75\/312
|move|p2a: Slowbro|Surf|p1a: Alakazam
|-damage|p1a: Alakazam|77\/249
|
|turn|39
|
|move|p1a: Alakazam|Seismic Toss|p2a: Slowbro
|-damage|p2a: Slowbro|0 fnt
|faint|p2a: Slowbro
|
|win|Dervodel
|raw|Ladder updating...
|raw|Dervodel's rating: 1131 &rarr; <strong>1164<\/strong><br \/>(+33 for winning)
|raw|SophieStar's rating: 1234 &rarr; <strong>1202<\/strong><br \/>(-32 for losing)
|c|★SophieStar|gg :)