|join|Noratraika
|join|DavidXanatos
|player|p1|Noratraika|285
|player|p2|DavidXanatos|165
|gametype|singles
|gen|1
|tier|[Gen 1] OU
|rated
|seed|21670,53257,61735,33277
|rule|Sleep Clause Mod: Limit one foe put to sleep
|rule|Freeze Clause Mod: Limit one foe frozen
|rule|Species Clause: Limit one of each Pokémon
|rule|OHKO Clause: OHKO moves are banned
|rule|Evasion Moves Clause: Evasion moves are banned
|rule|HP Percentage Mod: HP is shown in percentages
|
|start
|switch|p1a: Jynx|Jynx|333\/333
|switch|p2a: Jynx|Jynx|333\/333
|turn|1
|choice|move 1|move 1
|
|move|p2a: Jynx|Lovely Kiss|p1a: Jynx
|-status|p1a: Jynx|slp
|cant|p1a: Jynx|slp
|
|turn|2
|choice|move 1|switch 5
|
|switch|p2a: Snorlax|Snorlax|523\/523
|cant|p1a: Jynx|slp
|
|turn|3
|choice|switch 4|move 1
|
|switch|p1a: Snorlax|Snorlax|523\/523
|move|p2a: Snorlax|Body Slam|p1a: Snorlax
|-damage|p1a: Snorlax|375\/523
|
|turn|4
|choice|move 1|move 1
|
|move|p2a: Snorlax|Body Slam|p1a: Snorlax
|-damage|p1a: Snorlax|232\/523
|move|p1a: Snorlax|Amnesia|p1a: Snorlax
|-boost|p1a: Snorlax|spd|2
|-boost|p1a: Snorlax|spa|2
|
|turn|5
|choice|move 3|move 2
|
|move|p2a: Snorlax|Hyper Beam|p1a: Snorlax
|-damage|p1a: Snorlax|0 fnt
|faint|p1a: Snorlax
|choice|switch 5|
|
|switch|p1a: Zapdos|Zapdos|383\/383
|turn|6
|choice|move 1|move 1
|
|move|p1a: Zapdos|Thunderbolt|p2a: Snorlax
|-damage|p2a: Snorlax|342\/523
|move|p2a: Snorlax|Body Slam|p1a: Zapdos
|-crit|p1a: Zapdos
|-damage|p1a: Zapdos|145\/383
|-status|p1a: Zapdos|par
|
|turn|7
|choice|move 1|move 1
|
|move|p2a: Snorlax|Body Slam|p1a: Zapdos
|-damage|p1a: Zapdos|32\/383 par
|move|p1a: Zapdos|Thunderbolt|p2a: Snorlax
|-damage|p2a: Snorlax|159\/523
|
|turn|8
|c|★Noratraika|shit hax
|choice|move 1|move 1
|
|move|p2a: Snorlax|Body Slam|p1a: Zapdos
|-damage|p1a: Zapdos|0 fnt
|faint|p1a: Zapdos
|choice|switch 2|
|
|switch|p1a: Tauros|Tauros|353\/353
|turn|9
|choice|move 2|switch 2
|
|switch|p2a: Starmie|Starmie|323\/323
|move|p1a: Tauros|Body Slam|p2a: Starmie
|-damage|p2a: Starmie|209\/323
|
|turn|10
|choice|switch 6|move 3
|
|switch|p1a: Chansey|Chansey|703\/703
|move|p2a: Starmie|Thunder Wave|p1a: Chansey
|-status|p1a: Chansey|par
|
|turn|11
|choice|move 4|switch 2
|
|switch|p2a: Snorlax|Snorlax|159\/523
|move|p1a: Chansey|Ice Beam|p2a: Snorlax
|-damage|p2a: Snorlax|51\/523
|
|turn|12
|choice|switch 6|move 1
|
|switch|p1a: Tauros|Tauros|353\/353
|move|p2a: Snorlax|Body Slam|p1a: Tauros
|-damage|p1a: Tauros|249\/353
|
|turn|13
|choice|move 2|move 3
|
|move|p1a: Tauros|Body Slam|p2a: Snorlax
|-damage|p2a: Snorlax|0 fnt
|faint|p2a: Snorlax
|choice||switch 3
|
|switch|p2a: Exeggutor|Exeggutor|393\/393
|turn|14
|choice|switch 4|move 2
|
|switch|p1a: Jynx|Jynx|333\/333 slp
|move|p2a: Exeggutor|Psychic|p1a: Jynx
|-resisted|p1a: Jynx
|-damage|p1a: Jynx|270\/333 slp
|
|turn|15
|choice|move 1|switch 6
|
|switch|p2a: Tauros|Tauros|353\/353
|-curestatus|p1a: Jynx|slp
|
|turn|16
|choice|switch 3|move 2
|
|switch|p1a: Starmie|Starmie|323\/323
|move|p2a: Tauros|Hyper Beam|p1a: Starmie
|-damage|p1a: Starmie|129\/323
|
|turn|17
|-mustrecharge|p2a: Tauros
|-mustrecharge|p2a: Tauros
|choice|move 4|move 1
|
|move|p1a: Starmie|Thunder Wave|p2a: Tauros
|-status|p2a: Tauros|par
|cant|p2a: Tauros|recharge
|
|turn|18
|choice|move 1|move 1
|
|move|p1a: Starmie|Recover|p1a: Starmie
|-heal|p1a: Starmie|290\/323
|move|p2a: Tauros|Body Slam|p1a: Starmie
|-damage|p1a: Starmie|171\/323
|
|turn|19
|choice|move 3|move 1
|
|move|p1a: Starmie|Psychic|p2a: Tauros
|-damage|p2a: Tauros|229\/353 par
|cant|p2a: Tauros|par
|
|turn|20
|choice|move 1|switch 2
|
|switch|p2a: Starmie|Starmie|209\/323
|move|p1a: Starmie|Recover|p1a: Starmie
|-heal|p1a: Starmie|323\/323
|
|turn|21
|choice|switch 6|switch 4
|
|switch|p2a: Chansey|Chansey|703\/703
|switch|p1a: Chansey|Chansey|703\/703 par
|
|turn|22
|choice|move 4|switch 2
|
|switch|p2a: Tauros|Tauros|229\/353 par
|move|p1a: Chansey|Ice Beam|p2a: Tauros
|-damage|p2a: Tauros|137\/353 par
|
|turn|23
|choice|move 3|move 1
|
|move|p2a: Tauros|Body Slam|p1a: Chansey
|-damage|p1a: Chansey|446\/703 par
|move|p1a: Chansey|Seismic Toss|p2a: Tauros
|-damage|p2a: Tauros|37\/353 par
|
|turn|24
|choice|switch 6|move 1
|
|switch|p1a: Starmie|Starmie|323\/323
|cant|p2a: Tauros|par
|
|turn|25
|choice|move 2|move 3
|
|move|p1a: Starmie|Ice Beam|p2a: Tauros
|-damage|p2a: Tauros|0 fnt
|faint|p2a: Tauros
|choice||switch 2
|
|switch|p2a: Chansey|Chansey|703\/703
|turn|26
|choice|switch 6|move 4
|
|switch|p1a: Chansey|Chansey|446\/703 par
|move|p2a: Chansey|Thunderbolt|p1a: Chansey
|-damage|p1a: Chansey|370\/703 par
|
|turn|27
|choice|move 1|switch 6
|
|switch|p2a: Exeggutor|Exeggutor|393\/393
|move|p1a: Chansey|Soft-Boiled|p1a: Chansey
|-heal|p1a: Chansey|703\/703 par
|
|turn|28
|choice|switch 3|move 4
|
|switch|p1a: Jynx|Jynx|270\/333
|move|p2a: Exeggutor|Stun Spore|p1a: Jynx
|-status|p1a: Jynx|par
|
|turn|29
|choice|move 4|switch 4
|
|switch|p2a: Starmie|Starmie|209\/323
|move|p1a: Jynx|Rest|p1a: Jynx
|-status|p1a: Jynx|slp
|-heal|p1a: Jynx|333\/333 slp|[silent]
|-status|p1a: Jynx|slp|[from] move: Rest
|
|turn|30
|choice|move 3|move 4
|
|move|p2a: Starmie|Recover|p2a: Starmie
|-heal|p2a: Starmie|323\/323
|cant|p1a: Jynx|slp
|
|turn|31
|choice|move 3|move 2
|
|move|p2a: Starmie|Thunderbolt|p1a: Jynx
|-damage|p1a: Jynx|253\/333 slp
|-curestatus|p1a: Jynx|slp
|
|turn|32
|choice|switch 3|move 3
|
|switch|p1a: Chansey|Chansey|703\/703 par
|move|p2a: Starmie|Thunder Wave|p1a: Chansey
|-fail|p1a: Chansey|par
|
|turn|33
|choice|move 4|switch 5
|
|switch|p2a: Jynx|Jynx|333\/333
|move|p1a: Chansey|Ice Beam|p2a: Jynx
|-resisted|p2a: Jynx
|-damage|p2a: Jynx|295\/333
|
|turn|34
|choice|move 3|move 3
|
|move|p2a: Jynx|Psychic|p1a: Chansey
|-damage|p1a: Chansey|597\/703 par
|move|p1a: Chansey|Seismic Toss|p2a: Jynx
|-damage|p2a: Jynx|195\/333
|
|turn|35
|choice|move 1|move 3
|
|move|p2a: Jynx|Psychic|p1a: Chansey
|-damage|p1a: Chansey|492\/703 par
|-unboost|p1a: Chansey|spd|1
|-unboost|p1a: Chansey|spa|1
|cant|p1a: Chansey|par
|
|turn|36
|choice|move 1|move 3
|
|move|p2a: Jynx|Psychic|p1a: Chansey
|-damage|p1a: Chansey|345\/703 par
|-unboost|p1a: Chansey|spd|1
|-unboost|p1a: Chansey|spa|1
|move|p1a: Chansey|Soft-Boiled|p1a: Chansey
|-heal|p1a: Chansey|696\/703 par
|
|turn|37
|choice|switch 3|move 3
|
|switch|p1a: Jynx|Jynx|253\/333
|move|p2a: Jynx|Psychic|p1a: Jynx
|-resisted|p1a: Jynx
|-damage|p1a: Jynx|204\/333
|
|turn|38
|choice|switch 3|move 1
|
|switch|p1a: Chansey|Chansey|696\/703 par
|move|p2a: Jynx|Lovely Kiss|p1a: Chansey|[miss]
|-miss|p2a: Jynx
|
|turn|39
|choice|move 3|switch 4
|
|switch|p2a: Exeggutor|Exeggutor|393\/393
|move|p1a: Chansey|Seismic Toss|p2a: Exeggutor
|-damage|p2a: Exeggutor|293\/393
|
|turn|40
|choice|switch 6|switch 5
|
|switch|p2a: Starmie|Starmie|323\/323
|switch|p1a: Starmie|Starmie|323\/323
|
|turn|41
|choice|switch 3|move 2
|
|switch|p1a: Jynx|Jynx|204\/333
|move|p2a: Starmie|Thunderbolt|p1a: Jynx
|-damage|p1a: Jynx|124\/333
|
|turn|42
|choice|move 4|move 2
|
|move|p2a: Starmie|Thunderbolt|p1a: Jynx
|-damage|p1a: Jynx|52\/333
|move|p1a: Jynx|Rest|p1a: Jynx
|-status|p1a: Jynx|slp
|-heal|p1a: Jynx|333\/333 slp|[silent]
|-status|p1a: Jynx|slp|[from] move: Rest
|
|turn|43
|choice|move 3|move 2
|
|move|p2a: Starmie|Thunderbolt|p1a: Jynx
|-crit|p1a: Jynx
|-damage|p1a: Jynx|185\/333 slp
|cant|p1a: Jynx|slp
|
|turn|44
|choice|move 4|move 2
|
|move|p2a: Starmie|Thunderbolt|p1a: Jynx
|-damage|p1a: Jynx|108\/333 slp
|-curestatus|p1a: Jynx|slp
|
|turn|45
|choice|move 4|move 2
|
|move|p2a: Starmie|Thunderbolt|p1a: Jynx
|-crit|p1a: Jynx
|-damage|p1a: Jynx|0 fnt
|faint|p1a: Jynx
|choice|switch 6|
|
|switch|p1a: Chansey|Chansey|696\/703 par
|turn|46
|choice|move 3|switch 4
|
|switch|p2a: Jynx|Jynx|195\/333
|cant|p1a: Chansey|par
|
|turn|47
|choice|move 3|move 3
|
|move|p2a: Jynx|Psychic|p1a: Chansey
|-damage|p1a: Chansey|602\/703 par
|move|p1a: Chansey|Seismic Toss|p2a: Jynx
|-damage|p2a: Jynx|95\/333
|
|turn|48
|choice|move 3|move 4
|
|move|p2a: Jynx|Rest|p2a: Jynx
|-status|p2a: Jynx|slp
|-heal|p2a: Jynx|333\/333 slp|[silent]
|-status|p2a: Jynx|slp|[from] move: Rest
|move|p1a: Chansey|Seismic Toss|p2a: Jynx
|-damage|p2a: Jynx|233\/333 slp
|
|turn|49
|choice|switch 4|switch 4
|
|switch|p2a: Starmie|Starmie|323\/323
|switch|p1a: Tauros|Tauros|249\/353
|
|turn|50
|choice|switch 4|move 1
|
|switch|p1a: Chansey|Chansey|602\/703 par
|move|p2a: Starmie|Psychic|p1a: Chansey
|-damage|p1a: Chansey|491\/703 par
|
|turn|51
|choice|move 2|switch 4
|
|switch|p2a: Jynx|Jynx|233\/333 slp
|move|p1a: Chansey|Thunder Wave|p2a: Jynx
|-fail|p2a: Jynx
|
|turn|52
|choice|move 3|switch 5
|
|switch|p2a: Exeggutor|Exeggutor|293\/393
|move|p1a: Chansey|Seismic Toss|p2a: Exeggutor
|-damage|p2a: Exeggutor|193\/393
|
|turn|53
|choice|move 4|move 3
|
|move|p2a: Exeggutor|Explosion|p1a: Chansey
|-damage|p1a: Chansey|0 fnt
|faint|p1a: Chansey
|faint|p2a: Exeggutor
|choice|switch 3|switch 4
|
|switch|p1a: Starmie|Starmie|323\/323
|switch|p2a: Starmie|Starmie|323\/323
|turn|54
|choice|move 2|switch 6
|
|switch|p2a: Chansey|Chansey|703\/703
|move|p1a: Starmie|Ice Beam|p2a: Chansey
|-damage|p2a: Chansey|633\/703
|-status|p2a: Chansey|frz
|
|turn|55
|choice|move 4|switch 5
|
|switch|p2a: Jynx|Jynx|233\/333 slp
|move|p1a: Starmie|Thunder Wave|p2a: Jynx
|-fail|p2a: Jynx
|
|turn|56
|choice|move 3|move 1
|
|move|p1a: Starmie|Psychic|p2a: Jynx
|-resisted|p2a: Jynx
|-damage|p2a: Jynx|175\/333 slp
|cant|p2a: Jynx|slp
|
|turn|57
|choice|switch 4|move 1
|
|switch|p1a: Tauros|Tauros|249\/353
|-curestatus|p2a: Jynx|slp
|
|turn|58
|choice|move 2|switch 5
|
|switch|p2a: Chansey|Chansey|633\/703 frz
|move|p1a: Tauros|Body Slam|p2a: Chansey
|-damage|p2a: Chansey|348\/703 frz
|
|turn|59
|choice|switch 4|move 2
|
|switch|p1a: Starmie|Starmie|323\/323
|cant|p2a: Chansey|frz
|
|turn|60
|choice|move 4|move 2
|
|move|p1a: Starmie|Thunder Wave|p2a: Chansey
|-fail|p2a: Chansey
|cant|p2a: Chansey|frz
|
|turn|61
|choice|move 4|move 4
|
|move|p1a: Starmie|Thunder Wave|p2a: Chansey
|-fail|p2a: Chansey
|cant|p2a: Chansey|frz
|
|turn|62
|choice|move 3|move 1
|
|move|p1a: Starmie|Psychic|p2a: Chansey
|-damage|p2a: Chansey|247\/703 frz
|-unboost|p2a: Chansey|spd|1
|-unboost|p2a: Chansey|spa|1
|cant|p2a: Chansey|frz
|
|turn|63
|choice|switch 4|move 4
|
|switch|p1a: Tauros|Tauros|249\/353
|cant|p2a: Chansey|frz
|
|turn|64
|choice|move 2|move 1
|
|move|p1a: Tauros|Body Slam|p2a: Chansey
|-damage|p2a: Chansey|0 fnt
|faint|p2a: Chansey
|choice||switch 6
|
|switch|p2a: Starmie|Starmie|323\/323
|turn|65
|choice|move 2|move 1
|
|move|p2a: Starmie|Psychic|p1a: Tauros
|-damage|p1a: Tauros|116\/353
|move|p1a: Tauros|Body Slam|p2a: Starmie
|-damage|p2a: Starmie|221\/323
|-status|p2a: Starmie|par
|
|turn|66
|choice|move 3|move 3
|
|move|p1a: Tauros|Hyper Beam|p2a: Starmie
|-damage|p2a: Starmie|39\/323 par
|move|p2a: Starmie|Thunder Wave|p1a: Tauros
|-status|p1a: Tauros|par
|
|turn|67
|-mustrecharge|p1a: Tauros
|-mustrecharge|p1a: Tauros
|choice|move 1|move 4
|
|cant|p2a: Starmie|par
|cant|p1a: Tauros|recharge
|
|turn|68
|choice|move 2|move 4
|
|cant|p2a: Starmie|par
|move|p1a: Tauros|Body Slam|p2a: Starmie
|-crit|p2a: Starmie
|-damage|p2a: Starmie|0 fnt
|faint|p2a: Starmie
|choice||switch 5
|
|switch|p2a: Jynx|Jynx|175\/333
|turn|69
|choice|switch 4|move 3
|
|switch|p1a: Starmie|Starmie|323\/323
|move|p2a: Jynx|Psychic|p1a: Starmie
|-resisted|p1a: Starmie
|-damage|p1a: Starmie|268\/323
|
|turn|70
|choice|move 3|move 1
|
|move|p1a: Starmie|Psychic|p2a: Jynx
|-resisted|p2a: Jynx
|-damage|p2a: Jynx|123\/333
|move|p2a: Jynx|Lovely Kiss|p1a: Starmie|[miss]
|-miss|p2a: Jynx
|
|turn|71
|choice|move 4|move 1
|
|move|p1a: Starmie|Thunder Wave|p2a: Jynx
|-status|p2a: Jynx|par
|move|p2a: Jynx|Lovely Kiss|p1a: Starmie|[miss]
|-miss|p2a: Jynx
|
|turn|72
|choice|move 3|move 3
|
|move|p1a: Starmie|Psychic|p2a: Jynx
|-resisted|p2a: Jynx
|-damage|p2a: Jynx|67\/333 par
|-unboost|p2a: Jynx|spd|1
|-unboost|p2a: Jynx|spa|1
|move|p2a: Jynx|Psychic|p1a: Starmie
|-resisted|p1a: Starmie
|-damage|p1a: Starmie|232\/323
|
|turn|73
|choice|move 3|move 4
|
|move|p1a: Starmie|Psychic|p2a: Jynx
|-resisted|p2a: Jynx
|-damage|p2a: Jynx|0 fnt
|faint|p2a: Jynx
|
|win|Noratraika
|raw|Noratraika's rating: 1262 &rarr; <strong>1295<\/strong><br \/>(+33 for winning)
|raw|DavidXanatos's rating: 1384 &rarr; <strong>1357<\/strong><br \/>(-27 for losing)
|leave|DavidXanatos
|player|p2
|c|★Noratraika|shit hax as always