|j|smilzo
|j|marcoasd
|player|p1|smilzo|157
|player|p2|marcoasd|102
|gametype|singles
|gen|1
|tier|[Gen 1] OU
|seed|
|rule|Sleep Clause Mod: Limit one foe put to sleep
|rule|Freeze Clause Mod: Limit one foe frozen
|rule|Species Clause: Limit one of each Pokémon
|rule|OHKO Clause: OHKO moves are banned
|rule|Evasion Moves Clause: Evasion moves are banned
|rule|HP Percentage Mod: HP is shown in percentages
|
|start
|switch|p1a: Jolteon|Jolteon, M|100\/100
|switch|p2a: Alakazam|Alakazam, M|100\/100
|turn|1
|choice||
|
|switch|p1a: Exeggutor|Exeggutor, M|100\/100
|move|p2a: Alakazam|Thunder Wave|p1a: Exeggutor
|-status|p1a: Exeggutor|par
|
|turn|2
|choice||
|
|move|p2a: Alakazam|Seismic Toss|p1a: Exeggutor
|-damage|p1a: Exeggutor|75\/100 par
|move|p1a: Exeggutor|Sleep Powder|p2a: Alakazam|[miss]
|-miss|p1a: Exeggutor
|
|turn|3
|choice||
|
|move|p2a: Alakazam|Seismic Toss|p1a: Exeggutor
|-damage|p1a: Exeggutor|50\/100 par
|move|p1a: Exeggutor|Sleep Powder|p2a: Alakazam
|-status|p2a: Alakazam|slp
|
|turn|4
|choice||
|
|cant|p2a: Alakazam|slp
|move|p1a: Exeggutor|Psychic|p2a: Alakazam
|-resisted|p2a: Alakazam
|-damage|p2a: Alakazam|84\/100 slp
|
|turn|5
|choice||
|
|switch|p2a: Starmie|Starmie|100\/100
|switch|p1a: Snorlax|Snorlax, M|100\/100
|
|turn|6
|choice||
|
|switch|p1a: Chansey|Chansey|100\/100
|move|p2a: Starmie|Thunder Wave|p1a: Chansey
|-status|p1a: Chansey|par
|
|turn|7
|choice||
|
|switch|p2a: Snorlax|Snorlax, M|100\/100
|cant|p1a: Chansey|par
|
|turn|8
|choice||
|
|move|p2a: Snorlax|Earthquake|p1a: Chansey
|-damage|p1a: Chansey|66\/100 par
|move|p1a: Chansey|Reflect|p1a: Chansey
|-start|p1a: Chansey|Reflect
|
|turn|9
|choice||
|
|move|p2a: Snorlax|Body Slam|p1a: Chansey
|-damage|p1a: Chansey|46\/100 par
|move|p1a: Chansey|Thunder Wave|p2a: Snorlax
|-status|p2a: Snorlax|par
|
|turn|10
|choice||
|
|move|p1a: Chansey|Soft-Boiled|p1a: Chansey
|-heal|p1a: Chansey|96\/100 par
|move|p2a: Snorlax|Body Slam|p1a: Chansey
|-damage|p1a: Chansey|75\/100 par
|
|turn|11
|choice||
|
|move|p1a: Chansey|Seismic Toss|p2a: Snorlax
|-damage|p2a: Snorlax|81\/100 par
|cant|p2a: Snorlax|par
|
|turn|12
|choice||
|
|move|p1a: Chansey|Seismic Toss|p2a: Snorlax
|-damage|p2a: Snorlax|62\/100 par
|cant|p2a: Snorlax|par
|
|turn|13
|choice||
|
|move|p1a: Chansey|Seismic Toss|p2a: Snorlax
|-damage|p2a: Snorlax|43\/100 par
|move|p2a: Snorlax|Self-Destruct|p1a: Chansey
|-damage|p1a: Chansey|11\/100 par
|faint|p2a: Snorlax
|choice||
|
|switch|p2a: Tauros|Tauros|100\/100
|turn|14
|choice||
|
|move|p2a: Tauros|Body Slam|p1a: Chansey
|-damage|p1a: Chansey|0 fnt
|faint|p1a: Chansey
|choice||
|
|switch|p1a: Jolteon|Jolteon, M|100\/100
|turn|15
|choice||
|
|move|p1a: Jolteon|Thunder Wave|p2a: Tauros
|-status|p2a: Tauros|par
|move|p2a: Tauros|Earthquake|p1a: Jolteon
|-supereffective|p1a: Jolteon
|-damage|p1a: Jolteon|35\/100
|
|turn|16
|choice||
|
|switch|p1a: Snorlax|Snorlax, M|100\/100
|move|p2a: Tauros|Body Slam|p1a: Snorlax
|-damage|p1a: Snorlax|76\/100
|
|turn|17
|choice||
|
|move|p1a: Snorlax|Body Slam|p2a: Tauros
|-damage|p2a: Tauros|67\/100 par
|cant|p2a: Tauros|par
|
|turn|18
|choice||
|
|move|p1a: Snorlax|Body Slam|p2a: Tauros
|-damage|p2a: Tauros|37\/100 par
|cant|p2a: Tauros|par
|
|turn|19
|choice||
|
|switch|p2a: Exeggutor|Exeggutor, M|100\/100
|move|p1a: Snorlax|Body Slam|p2a: Exeggutor
|-damage|p2a: Exeggutor|68\/100
|-status|p2a: Exeggutor|par
|
|turn|20
|choice||
|
|switch|p1a: Exeggutor|Exeggutor, M|50\/100 par
|move|p2a: Exeggutor|Psychic|p1a: Exeggutor
|-resisted|p1a: Exeggutor
|-damage|p1a: Exeggutor|36\/100 par
|
|turn|21
|choice||
|
|move|p1a: Exeggutor|Explosion|p2a: Exeggutor
|-damage|p2a: Exeggutor|0 fnt
|faint|p2a: Exeggutor
|faint|p1a: Exeggutor
|choice||
|
|switch|p1a: Jolteon|Jolteon, M|35\/100
|switch|p2a: Chansey|Chansey|100\/100
|turn|22
|choice||
|
|switch|p1a: Snorlax|Snorlax, M|76\/100
|move|p2a: Chansey|Thunder Wave|p1a: Snorlax
|-status|p1a: Snorlax|par
|
|turn|23
|choice||
|
|switch|p2a: Tauros|Tauros|37\/100 par
|move|p1a: Snorlax|Earthquake|p2a: Tauros
|-crit|p2a: Tauros
|-damage|p2a: Tauros|0 fnt
|faint|p2a: Tauros
|c|★smilzo|soz
|choice||
|
|switch|p2a: Starmie|Starmie|100\/100
|turn|24
|c|★marcoasd|rip
|choice||
|
|move|p2a: Starmie|Blizzard|p1a: Snorlax
|-damage|p1a: Snorlax|54\/100 par
|cant|p1a: Snorlax|par
|
|turn|25
|choice||
|
|switch|p2a: Alakazam|Alakazam, M|84\/100 slp
|move|p1a: Snorlax|Self-Destruct|p2a: Alakazam
|-damage|p2a: Alakazam|0 fnt
|faint|p2a: Alakazam
|faint|p1a: Snorlax
|choice||
|
|switch|p1a: Starmie|Starmie|100\/100
|switch|p2a: Chansey|Chansey|100\/100
|turn|26
|choice||
|
|move|p1a: Starmie|Blizzard|p2a: Chansey
|-damage|p2a: Chansey|89\/100
|-status|p2a: Chansey|frz
|cant|p2a: Chansey|frz
|
|turn|27
|c|★smilzo|looool
|c|★marcoasd|dio cane
|c|★marcoasd|avevo sputato sing
|c|★marcoasd|lol
|c|★smilzo|eh non dovevo scoppiare
|c|★smilzo|la seconda volta
|c|★marcoasd|bèh era meglio slammare, credo
|choice||
|
|move|p1a: Starmie|Thunderbolt|p2a: Chansey
|-crit|p2a: Chansey
|-damage|p2a: Chansey|69\/100 frz
|cant|p2a: Chansey|frz
|
|turn|28
|c|★marcoasd|ora è quasi gg
|choice||
|
|move|p1a: Starmie|Thunderbolt|p2a: Chansey
|-damage|p2a: Chansey|60\/100 frz
|cant|p2a: Chansey|frz
|
|turn|29
|choice||
|
|move|p1a: Starmie|Thunderbolt|p2a: Chansey
|-damage|p2a: Chansey|50\/100 frz
|cant|p2a: Chansey|frz
|
|turn|30
|choice||
|
|move|p1a: Starmie|Thunderbolt|p2a: Chansey
|-crit|p2a: Chansey
|-damage|p2a: Chansey|31\/100 frz
|cant|p2a: Chansey|frz
|
|turn|31
|choice||
|
|move|p1a: Starmie|Thunderbolt|p2a: Chansey
|-damage|p2a: Chansey|20\/100 frz
|cant|p2a: Chansey|frz
|
|turn|32
|choice||
|
|move|p1a: Starmie|Thunderbolt|p2a: Chansey
|-damage|p2a: Chansey|10\/100 frz
|cant|p2a: Chansey|frz
|
|turn|33
|choice||
|
|move|p1a: Starmie|Thunderbolt|p2a: Chansey
|-damage|p2a: Chansey|0 fnt
|faint|p2a: Chansey
|choice||
|
|switch|p2a: Starmie|Starmie|100\/100
|turn|34
|choice||
|
|move|p1a: Starmie|Thunder Wave|p2a: Starmie
|-status|p2a: Starmie|par
|move|p2a: Starmie|Thunder Wave|p1a: Starmie
|-status|p1a: Starmie|par
|
|turn|35
|choice||
|
|move|p2a: Starmie|Thunderbolt|p1a: Starmie
|-supereffective|p1a: Starmie
|-damage|p1a: Starmie|51\/100 par
|move|p1a: Starmie|Thunderbolt|p2a: Starmie
|-supereffective|p2a: Starmie
|-damage|p2a: Starmie|54\/100 par
|
|turn|36
|choice||
|
|move|p1a: Starmie|Thunderbolt|p2a: Starmie
|-supereffective|p2a: Starmie
|-damage|p2a: Starmie|6\/100 par
|move|p2a: Starmie|Recover|p2a: Starmie
|-heal|p2a: Starmie|56\/100 par
|
|turn|37
|choice||
|
|move|p2a: Starmie|Recover|p2a: Starmie
|-heal|p2a: Starmie|100\/100 par
|cant|p1a: Starmie|par
|
|turn|38
|choice||
|
|cant|p1a: Starmie|par
|move|p2a: Starmie|Thunderbolt|p1a: Starmie
|-crit|p1a: Starmie
|-supereffective|p1a: Starmie
|-damage|p1a: Starmie|0 fnt
|faint|p1a: Starmie
|choice||
|
|switch|p1a: Jolteon|Jolteon, M|35\/100
|turn|39
|choice||
|
|move|p1a: Jolteon|Thunderbolt|p2a: Starmie
|-crit|p2a: Starmie
|-supereffective|p2a: Starmie
|-damage|p2a: Starmie|0 fnt
|faint|p2a: Starmie
|
|win|smilzo
|player|p1
|player|p2
|c|★marcoasd|gg
|c|★smilzo|gg
|l|marcoasd