|join|alsdfjkl
|join|charizard reyiz
|player|p1|alsdfjkl|170
|player|p2|charizard reyiz|117
|gametype|singles
|gen|1
|tier|[Gen 1] Random Battle
|rated
|rule|Sleep Clause Mod: Limit one foe put to sleep
|rule|Freeze Clause Mod: Limit one foe frozen
|rule|HP Percentage Mod: HP is shown in percentages
|
|start
|switch|p1a: Electabuzz|Electabuzz, L85|284\/284
|switch|p2a: Haunter|Haunter, L85|250\/250
|turn|1
|
|move|p1a: Electabuzz|Thunder Wave|p2a: Haunter
|-status|p2a: Haunter|par
|move|p2a: Haunter|Hypnosis|p1a: Electabuzz
|-status|p1a: Electabuzz|slp
|
|turn|2
|
|switch|p2a: Poliwhirl|Poliwhirl, L85|284\/284
|cant|p1a: Electabuzz|slp
|
|turn|3
|
|switch|p1a: Zapdos|Zapdos, L79|304\/304
|move|p2a: Poliwhirl|Amnesia|p2a: Poliwhirl
|-boost|p2a: Poliwhirl|spd|2
|-boost|p2a: Poliwhirl|spa|2
|
|turn|4
|
|move|p2a: Poliwhirl|Amnesia|p2a: Poliwhirl
|-boost|p2a: Poliwhirl|spd|2
|-boost|p2a: Poliwhirl|spa|2
|move|p1a: Zapdos|Thunder Wave|p2a: Poliwhirl
|-status|p2a: Poliwhirl|par
|
|turn|5
|
|move|p1a: Zapdos|Thunderbolt|p2a: Poliwhirl
|-supereffective|p2a: Poliwhirl
|-damage|p2a: Poliwhirl|184\/284 par
|move|p2a: Poliwhirl|Amnesia|p2a: Poliwhirl
|-boost|p2a: Poliwhirl|spd|2
|-boost|p2a: Poliwhirl|spa|2
|
|turn|6
|
|move|p1a: Zapdos|Thunderbolt|p2a: Poliwhirl
|-supereffective|p2a: Poliwhirl
|-damage|p2a: Poliwhirl|111\/284 par
|move|p2a: Poliwhirl|Blizzard|p1a: Zapdos|[miss]
|-miss|p2a: Poliwhirl
|
|turn|7
|
|switch|p1a: Lapras|Lapras, L79|367\/367
|cant|p2a: Poliwhirl|par
|
|turn|8
|
|move|p1a: Lapras|Confuse Ray|p2a: Poliwhirl
|-start|p2a: Poliwhirl|confusion
|-activate|p2a: Poliwhirl|confusion
|move|p2a: Poliwhirl|Hypnosis|p1a: Lapras|[miss]
|-miss|p2a: Poliwhirl
|
|turn|9
|
|move|p1a: Lapras|Body Slam|p2a: Poliwhirl
|-damage|p2a: Poliwhirl|50\/284 par
|-end|p2a: Poliwhirl|confusion
|move|p2a: Poliwhirl|Surf|p1a: Lapras
|-resisted|p1a: Lapras
|-damage|p1a: Lapras|214\/367
|
|turn|10
|
|move|p1a: Lapras|Body Slam|p2a: Poliwhirl
|-damage|p2a: Poliwhirl|0 fnt
|faint|p2a: Poliwhirl
|
|switch|p2a: Haunter|Haunter, L85|250\/250 par
|turn|11
|
|move|p1a: Lapras|Confuse Ray|p2a: Haunter
|-start|p2a: Haunter|confusion
|-activate|p2a: Haunter|confusion
|-damage|p2a: Haunter|218\/250 par|[from] confusion
|
|turn|12
|
|move|p1a: Lapras|Ice Beam|p2a: Haunter
|-crit|p2a: Haunter
|-damage|p2a: Haunter|72\/250 par
|cant|p2a: Haunter|par
|
|turn|13
|
|move|p1a: Lapras|Ice Beam|p2a: Haunter
|-damage|p2a: Haunter|0 fnt
|faint|p2a: Haunter
|
|switch|p2a: Koffing|Koffing, L96|272\/272
|turn|14
|
|move|p1a: Lapras|Ice Beam|p2a: Koffing
|-damage|p2a: Koffing|168\/272
|move|p2a: Koffing|Thunderbolt|p1a: Lapras
|-supereffective|p1a: Lapras
|-damage|p1a: Lapras|75\/367
|
|turn|15
|
|switch|p1a: Exeggutor|Exeggutor, L79|312\/312
|move|p2a: Koffing|Thunderbolt|p1a: Exeggutor
|-resisted|p1a: Exeggutor
|-damage|p1a: Exeggutor|286\/312
|
|turn|16
|
|move|p1a: Exeggutor|Psychic|p2a: Koffing
|-supereffective|p2a: Koffing
|-damage|p2a: Koffing|0 fnt
|faint|p2a: Koffing
|
|switch|p2a: Moltres|Moltres, L85|327\/327
|turn|17
|
|switch|p1a: Kakuna|Kakuna, L99|290\/290
|move|p2a: Moltres|Fire Blast|p1a: Kakuna
|-crit|p1a: Kakuna
|-supereffective|p1a: Kakuna
|-damage|p1a: Kakuna|0 fnt
|faint|p1a: Kakuna
|
|switch|p1a: Zapdos|Zapdos, L79|304\/304
|turn|18
|
|move|p2a: Moltres|Agility|p2a: Moltres
|-boost|p2a: Moltres|spe|2
|move|p1a: Zapdos|Thunderbolt|p2a: Moltres
|-crit|p2a: Moltres
|-supereffective|p2a: Moltres
|-damage|p2a: Moltres|28\/327
|
|turn|19
|
|move|p2a: Moltres|Fire Blast|p1a: Zapdos|[miss]
|-miss|p2a: Moltres
|move|p1a: Zapdos|Drill Peck|p2a: Moltres
|-crit|p2a: Moltres
|-damage|p2a: Moltres|0 fnt
|faint|p2a: Moltres
|
|switch|p2a: Raticate|Raticate, L85|267\/267
|turn|20
|
|move|p2a: Raticate|Super Fang|p1a: Zapdos
|-damage|p1a: Zapdos|152\/304
|move|p1a: Zapdos|Thunder Wave|p2a: Raticate
|-status|p2a: Raticate|par
|
|turn|21
|
|move|p1a: Zapdos|Thunderbolt|p2a: Raticate
|-crit|p2a: Raticate
|-damage|p2a: Raticate|0 fnt
|faint|p2a: Raticate
|
|switch|p2a: Omastar|Omastar, L90|309\/309
|turn|22
|
|move|p1a: Zapdos|Thunderbolt|p2a: Omastar
|-crit|p2a: Omastar
|-supereffective|p2a: Omastar
|-damage|p2a: Omastar|0 fnt
|faint|p2a: Omastar
|
|win|alsdfjkl
|raw|Ladder updating...
|leave|charizard reyiz
|player|p2
|raw|Ladder (probably) updated, but score could not be retrieved (timeout).
|raw|Ladder (probably) updated, but score could not be retrieved (Error: socket hang up).