|j|Divine_King Al
|j|Cytusine
|player|p1|Divine_King Al|290
|player|p2|Cytusine|3
|gametype|singles
|gen|1
|tier|[Gen 1] Random Battle
|rated
|seed|6313,54836,18720,26286
|rule|Sleep Clause Mod: Limit one foe put to sleep
|rule|Freeze Clause Mod: Limit one foe frozen
|rule|HP Percentage Mod: HP is shown in percentages
|
|start
|switch|p1a: Geodude|Geodude, L96|272\/272
|switch|p2a: Rapidash|Rapidash, L90|300\/300
|turn|1
|choice|move 2|switch 5
|
|switch|p2a: Starmie|Starmie, L79|257\/257
|move|p1a: Geodude|Rock Slide|p2a: Starmie
|-damage|p2a: Starmie|163\/257
|
|turn|2
|choice|switch 2|move 2
|
|switch|p1a: Exeggutor|Exeggutor, L79|312\/312
|move|p2a: Starmie|Blizzard|p1a: Exeggutor
|-supereffective|p1a: Exeggutor
|-damage|p1a: Exeggutor|184\/312
|-status|p1a: Exeggutor|frz
|
|turn|3
|choice|move 1|move 2
|
|move|p2a: Starmie|Blizzard|p1a: Exeggutor
|-supereffective|p1a: Exeggutor
|-damage|p1a: Exeggutor|62\/312 frz
|cant|p1a: Exeggutor|frz
|
|turn|4
|choice|move 4|move 1
|
|move|p2a: Starmie|Recover|p2a: Starmie
|-heal|p2a: Starmie|257\/257
|cant|p1a: Exeggutor|frz
|
|turn|5
|choice|move 4|move 2
|
|move|p2a: Starmie|Blizzard|p1a: Exeggutor
|-supereffective|p1a: Exeggutor
|-damage|p1a: Exeggutor|0 fnt
|faint|p1a: Exeggutor
|choice|switch 4|
|
|switch|p1a: Snorlax|Snorlax, L79|415\/415
|turn|6
|choice|move 3|move 2
|
|move|p2a: Starmie|Blizzard|p1a: Snorlax
|-crit|p1a: Snorlax
|-damage|p1a: Snorlax|237\/415
|move|p1a: Snorlax|Thunderbolt|p2a: Starmie
|-supereffective|p2a: Starmie
|-damage|p2a: Starmie|165\/257
|
|turn|7
|choice|move 1|move 4
|
|move|p2a: Starmie|Thunderbolt|p1a: Snorlax
|-damage|p1a: Snorlax|161\/415
|-status|p1a: Snorlax|par
|move|p1a: Snorlax|Amnesia|p1a: Snorlax
|-boost|p1a: Snorlax|spd|2
|-boost|p1a: Snorlax|spa|2
|
|turn|8
|choice|move 3|move 2
|
|move|p2a: Starmie|Blizzard|p1a: Snorlax
|-damage|p1a: Snorlax|109\/415 par
|move|p1a: Snorlax|Thunderbolt|p2a: Starmie
|-supereffective|p2a: Starmie
|-damage|p2a: Starmie|0 fnt
|faint|p2a: Starmie
|choice||switch 6
|
|switch|p2a: Machamp|Machamp, L90|345\/345
|turn|9
|choice|move 2|move 1
|
|move|p2a: Machamp|Submission|p1a: Snorlax
|-supereffective|p1a: Snorlax
|-damage|p1a: Snorlax|0 fnt
|-damage|p2a: Machamp|318\/345|[from] recoil|[of] p1a: Snorlax
|faint|p1a: Snorlax
|choice|switch 5|
|
|switch|p1a: Tentacruel|Tentacruel, L85|310\/310
|turn|10
|choice|move 4|move 3
|
|move|p1a: Tentacruel|Hydro Pump|p2a: Machamp
|-damage|p2a: Machamp|151\/345
|move|p2a: Machamp|Earthquake|p1a: Tentacruel
|-supereffective|p1a: Tentacruel
|-damage|p1a: Tentacruel|90\/310
|
|turn|11
|choice|move 3|move 3
|
|move|p1a: Tentacruel|Surf|p2a: Machamp
|-damage|p2a: Machamp|5\/345
|move|p2a: Machamp|Earthquake|p1a: Tentacruel
|-supereffective|p1a: Tentacruel
|-damage|p1a: Tentacruel|0 fnt
|faint|p1a: Tentacruel
|choice|switch 3|
|
|switch|p1a: Pinsir|Pinsir, L85|284\/284
|turn|12
|choice|move 4|switch 5
|
|switch|p2a: Rapidash|Rapidash, L90|300\/300
|move|p1a: Pinsir|Body Slam|p2a: Rapidash
|-damage|p2a: Rapidash|223\/300
|
|turn|13
|choice|switch 6|move 1
|
|switch|p1a: Gyarados|Gyarados, L85|335\/335
|move|p2a: Rapidash|Fire Blast|p1a: Gyarados|[miss]
|-miss|p2a: Rapidash
|
|turn|14
|choice|move 3|switch 2
|
|switch|p2a: Chansey|Chansey, L79|557\/557
|move|p1a: Gyarados|Body Slam|p2a: Chansey
|-damage|p2a: Chansey|357\/557
|
|turn|15
|choice|switch 6|move 3
|
|switch|p1a: Pinsir|Pinsir, L85|284\/284
|move|p2a: Chansey|Thunderbolt|p1a: Pinsir
|-damage|p1a: Pinsir|198\/284
|
|turn|16
|choice|move 3|move 2
|
|move|p1a: Pinsir|Submission|p2a: Chansey
|-supereffective|p2a: Chansey
|-damage|p2a: Chansey|0 fnt
|-damage|p1a: Pinsir|109\/284|[from] recoil|[of] p2a: Chansey
|faint|p2a: Chansey
|choice||switch 4
|
|switch|p2a: Butterfree|Butterfree, L90|291\/291
|turn|17
|choice|move 4|move 2
|
|move|p1a: Pinsir|Body Slam|p2a: Butterfree
|-damage|p2a: Butterfree|201\/291
|move|p2a: Butterfree|Psychic|p1a: Pinsir
|-damage|p1a: Pinsir|26\/284
|
|turn|18
|choice|move 4|move 2
|
|move|p1a: Pinsir|Body Slam|p2a: Butterfree
|-damage|p2a: Butterfree|103\/291
|move|p2a: Butterfree|Psychic|p1a: Pinsir
|-damage|p1a: Pinsir|0 fnt
|faint|p1a: Pinsir
|choice|switch 2|
|
|switch|p1a: Geodude|Geodude, L96|272\/272
|turn|19
|choice|move 4|move 3
|
|move|p2a: Butterfree|Mega Drain|p1a: Geodude
|-crit|p1a: Geodude
|-supereffective|p1a: Geodude
|-damage|p1a: Geodude|0 fnt
|-heal|p2a: Butterfree|239\/291|[from] drain|[of] p1a: Geodude
|faint|p1a: Geodude
|choice|switch 6|
|
|switch|p1a: Gyarados|Gyarados, L85|335\/335
|turn|20
|choice|move 1|move 2
|
|move|p1a: Gyarados|Thunderbolt|p2a: Butterfree
|-supereffective|p2a: Butterfree
|-damage|p2a: Butterfree|108\/291
|move|p2a: Butterfree|Psychic|p1a: Gyarados
|-damage|p1a: Gyarados|277\/335
|
|turn|21
|choice|move 4|move 2
|
|move|p1a: Gyarados|Blizzard|p2a: Butterfree
|-supereffective|p2a: Butterfree
|-damage|p2a: Butterfree|0 fnt
|faint|p2a: Butterfree
|choice||switch 2
|
|switch|p2a: Rapidash|Rapidash, L90|223\/300
|turn|22
|choice|move 3|move 2
|
|move|p2a: Rapidash|Hyper Beam|p1a: Gyarados
|-damage|p1a: Gyarados|146\/335
|move|p1a: Gyarados|Body Slam|p2a: Rapidash
|-crit|p2a: Rapidash
|-damage|p2a: Rapidash|71\/300
|
|turn|23
|-mustrecharge|p2a: Rapidash
|-mustrecharge|p2a: Rapidash
|choice|move 3|move 1
|
|cant|p2a: Rapidash|recharge
|move|p1a: Gyarados|Body Slam|p2a: Rapidash
|-damage|p2a: Rapidash|0 fnt
|faint|p2a: Rapidash
|choice||switch 5
|
|switch|p2a: Machamp|Machamp, L90|5\/345
|turn|24
|choice|move 1|move 2
|
|move|p1a: Gyarados|Thunderbolt|p2a: Machamp
|-damage|p2a: Machamp|0 fnt
|faint|p2a: Machamp
|choice||switch 3
|
|switch|p2a: Bellsprout|Bellsprout, L96|291\/291
|turn|25
|c|★Divine_King Al|gg
|choice|move 4|move 3
|
|move|p1a: Gyarados|Blizzard|p2a: Bellsprout
|-crit|p2a: Bellsprout
|-supereffective|p2a: Bellsprout
|-damage|p2a: Bellsprout|0 fnt
|faint|p2a: Bellsprout
|
|win|Divine_King Al
|player|p1
|player|p2
|raw|Divine_King Al's rating: 1000 &rarr; <strong>1054<\/strong><br \/>(+54 for winning)
|raw|Cytusine's rating: 1131 &rarr; <strong>1097<\/strong><br \/>(-34 for losing)
|c|★Cytusine|wow lol
|c|★Cytusine|gg
|l|Cytusine