|j|Lacano
|j|Snap5
|player|p1|Lacano|238
|player|p2|Snap5|153
|gametype|singles
|gen|1
|tier|[Gen 1] Random Battle
|rated
|seed|62260,62180,63712,29458
|rule|Sleep Clause Mod: Limit one foe put to sleep
|rule|Freeze Clause Mod: Limit one foe frozen
|rule|HP Percentage Mod: HP is shown in percentages
|
|start
|switch|p1a: Exeggutor|Exeggutor, L79|312\/312
|switch|p2a: Wartortle|Wartortle, L85|274\/274
|turn|1
|choice|move 2|move 2
|
|move|p2a: Wartortle|Blizzard|p1a: Exeggutor
|-supereffective|p1a: Exeggutor
|-damage|p1a: Exeggutor|189\/312
|move|p1a: Exeggutor|Mega Drain|p2a: Wartortle
|-supereffective|p2a: Wartortle
|-damage|p2a: Wartortle|174\/274
|-heal|p1a: Exeggutor|239\/312|[from] drain|[of] p2a: Wartortle
|
|turn|2
|choice|move 1|switch 2
|
|switch|p2a: Paras|Paras, L96|262\/262
|move|p1a: Exeggutor|Sleep Powder|p2a: Paras
|-status|p2a: Paras|slp
|
|turn|3
|choice|move 3|switch 5
|
|switch|p2a: Chansey|Chansey, L79|557\/557
|move|p1a: Exeggutor|Psychic|p2a: Chansey
|-damage|p2a: Chansey|459\/557
|
|turn|4
|choice|move 2|move 2
|
|move|p1a: Exeggutor|Mega Drain|p2a: Chansey
|-damage|p2a: Chansey|414\/557
|-heal|p1a: Exeggutor|261\/312|[from] drain|[of] p2a: Chansey
|move|p2a: Chansey|Ice Beam|p1a: Exeggutor
|-supereffective|p1a: Exeggutor
|-damage|p1a: Exeggutor|154\/312
|
|turn|5
|choice|switch 2|move 3
|
|switch|p1a: Electabuzz|Electabuzz, L85|284\/284
|move|p2a: Chansey|Reflect|p2a: Chansey
|-start|p2a: Chansey|Reflect
|
|turn|6
|choice|move 1|switch 4
|
|switch|p2a: Onix|Onix, L90|246\/246
|move|p1a: Electabuzz|Thunder Wave|p2a: Onix
|-immune|p2a: Onix|[msg]
|
|turn|7
|choice|switch 3|move 1
|
|switch|p1a: Blastoise|Blastoise, L85|308\/308
|move|p2a: Onix|Rock Slide|p1a: Blastoise
|-damage|p1a: Blastoise|258\/308
|
|turn|8
|choice|move 1|switch 2
|
|switch|p2a: Wartortle|Wartortle, L85|174\/274
|move|p1a: Blastoise|Earthquake|p2a: Wartortle
|-damage|p2a: Wartortle|102\/274
|
|turn|9
|choice|switch 3|move 3
|
|switch|p1a: Electabuzz|Electabuzz, L85|284\/284
|move|p2a: Wartortle|Body Slam|p1a: Electabuzz
|-crit|p1a: Electabuzz
|-damage|p1a: Electabuzz|173\/284
|-status|p1a: Electabuzz|par
|
|turn|10
|choice|move 2|move 3
|
|move|p2a: Wartortle|Body Slam|p1a: Electabuzz
|-damage|p1a: Electabuzz|110\/284 par
|cant|p1a: Electabuzz|par
|
|turn|11
|choice|move 4|move 2
|
|move|p2a: Wartortle|Blizzard|p1a: Electabuzz
|-damage|p1a: Electabuzz|41\/284 par
|move|p1a: Electabuzz|Thunderbolt|p2a: Wartortle
|-supereffective|p2a: Wartortle
|-damage|p2a: Wartortle|0 fnt
|faint|p2a: Wartortle
|choice||switch 3
|
|switch|p2a: Muk|Muk, L90|372\/372
|turn|12
|choice|switch 3|move 2
|
|switch|p1a: Blastoise|Blastoise, L85|258\/308
|move|p2a: Muk|Body Slam|p1a: Blastoise
|-damage|p1a: Blastoise|192\/308
|-status|p1a: Blastoise|par
|
|turn|13
|choice|move 3|move 3
|
|move|p2a: Muk|Mega Drain|p1a: Blastoise
|-supereffective|p1a: Blastoise
|-damage|p1a: Blastoise|134\/308 par
|cant|p1a: Blastoise|par
|
|turn|14
|choice|switch 4|move 3
|
|switch|p1a: Rapidash|Rapidash, L90|300\/300
|move|p2a: Muk|Mega Drain|p1a: Rapidash
|-resisted|p1a: Rapidash
|-damage|p1a: Rapidash|288\/300
|
|turn|15
|choice|move 1|move 2
|
|move|p1a: Rapidash|Fire Blast|p2a: Muk
|-damage|p2a: Muk|235\/372
|move|p2a: Muk|Body Slam|p1a: Rapidash
|-damage|p1a: Rapidash|203\/300
|-status|p1a: Rapidash|par
|
|turn|16
|choice|move 1|move 2
|
|move|p2a: Muk|Body Slam|p1a: Rapidash
|-damage|p1a: Rapidash|121\/300 par
|cant|p1a: Rapidash|par
|
|turn|17
|choice|move 1|move 2
|
|move|p2a: Muk|Body Slam|p1a: Rapidash
|-damage|p1a: Rapidash|45\/300 par
|move|p1a: Rapidash|Fire Blast|p2a: Muk
|-damage|p2a: Muk|98\/372
|
|turn|18
|choice|move 1|move 2
|
|move|p2a: Muk|Body Slam|p1a: Rapidash
|-damage|p1a: Rapidash|0 fnt
|faint|p1a: Rapidash
|choice|switch 6|
|
|switch|p1a: Nidoqueen|Nidoqueen, L85|327\/327
|turn|19
|choice|move 2|switch 6
|
|switch|p2a: Mew|Mew, L74|300\/300
|move|p1a: Nidoqueen|Blizzard|p2a: Mew
|-damage|p2a: Mew|223\/300
|
|turn|20
|choice|move 2|move 2
|
|move|p2a: Mew|Horn Drill|p1a: Nidoqueen|[miss]
|-miss|p2a: Mew
|move|p1a: Nidoqueen|Blizzard|p2a: Mew
|-crit|p2a: Mew
|-damage|p2a: Mew|82\/300
|
|turn|21
|choice|move 2|move 2
|
|move|p2a: Mew|Horn Drill|p1a: Nidoqueen|[miss]
|-miss|p2a: Mew
|move|p1a: Nidoqueen|Blizzard|p2a: Mew
|-damage|p2a: Mew|7\/300
|
|turn|22
|choice|move 2|move 1
|
|move|p2a: Mew|Explosion|p1a: Nidoqueen
|-crit|p1a: Nidoqueen
|-damage|p1a: Nidoqueen|0 fnt
|faint|p1a: Nidoqueen
|faint|p2a: Mew
|choice|switch 2|switch 4
|
|switch|p1a: Exeggutor|Exeggutor, L79|154\/312
|switch|p2a: Chansey|Chansey, L79|414\/557
|turn|23
|choice|move 3|move 2
|
|move|p1a: Exeggutor|Psychic|p2a: Chansey
|-damage|p2a: Chansey|324\/557
|move|p2a: Chansey|Ice Beam|p1a: Exeggutor
|-crit|p1a: Exeggutor
|-supereffective|p1a: Exeggutor
|-damage|p1a: Exeggutor|0 fnt
|faint|p1a: Exeggutor
|choice|switch 5|
|
|switch|p1a: Jynx|Jynx, L79|265\/265
|turn|24
|choice|move 1|move 1
|
|move|p1a: Jynx|Blizzard|p2a: Chansey
|-damage|p2a: Chansey|214\/557
|move|p2a: Chansey|Soft-Boiled|p2a: Chansey
|-heal|p2a: Chansey|492\/557
|
|turn|25
|choice|move 1|move 2
|
|move|p1a: Jynx|Blizzard|p2a: Chansey|[miss]
|-miss|p1a: Jynx
|move|p2a: Chansey|Ice Beam|p1a: Jynx
|-resisted|p1a: Jynx
|-damage|p1a: Jynx|235\/265
|
|turn|26
|choice|move 1|move 1
|
|move|p1a: Jynx|Blizzard|p2a: Chansey
|-crit|p2a: Chansey
|-damage|p2a: Chansey|300\/557
|move|p2a: Chansey|Soft-Boiled|p2a: Chansey
|-heal|p2a: Chansey|557\/557
|
|turn|27
|choice|move 1|move 2
|
|move|p1a: Jynx|Blizzard|p2a: Chansey
|-damage|p2a: Chansey|455\/557
|move|p2a: Chansey|Ice Beam|p1a: Jynx
|-resisted|p1a: Jynx
|-damage|p1a: Jynx|205\/265
|
|turn|28
|choice|move 1|move 2
|
|move|p1a: Jynx|Blizzard|p2a: Chansey
|-damage|p2a: Chansey|344\/557
|-status|p2a: Chansey|frz
|cant|p2a: Chansey|frz
|
|turn|29
|choice|move 3|move 2
|
|move|p1a: Jynx|Psychic|p2a: Chansey
|-damage|p2a: Chansey|262\/557 frz
|-unboost|p2a: Chansey|spd|1
|-unboost|p2a: Chansey|spa|1
|cant|p2a: Chansey|frz
|
|turn|30
|choice|move 4|move 2
|
|move|p1a: Jynx|Mimic|p2a: Chansey
|-start|p1a: Jynx|Mimic|Ice Beam
|cant|p2a: Chansey|frz
|
|turn|31
|choice|move 3|move 2
|
|move|p1a: Jynx|Psychic|p2a: Chansey
|-damage|p2a: Chansey|147\/557 frz
|cant|p2a: Chansey|frz
|
|turn|32
|choice|move 3|move 2
|
|move|p1a: Jynx|Psychic|p2a: Chansey
|-crit|p2a: Chansey
|-damage|p2a: Chansey|0 fnt
|faint|p2a: Chansey
|choice||switch 2
|
|switch|p2a: Onix|Onix, L90|246\/246
|turn|33
|choice|move 1|move 1
|
|move|p1a: Jynx|Blizzard|p2a: Onix
|-supereffective|p2a: Onix
|-damage|p2a: Onix|0 fnt
|faint|p2a: Onix
|-message|Snap5 forfeited.
|
|win|Lacano
|player|p1
|player|p2
|l|Snap5
|raw|Lacano's rating: 1195 &rarr; <strong>1214<\/strong><br \/>(+19 for winning)
|raw|Snap5's rating: 1119 &rarr; <strong>1099<\/strong><br \/>(-20 for losing)