|join|ric30
|join|deagold
|player|p1|ric30|226
|player|p2|deagold|269
|gametype|singles
|gen|1
|tier|[Gen 1] Random Battle
|rated
|rule|Sleep Clause Mod: Limit one foe put to sleep
|rule|Freeze Clause Mod: Limit one foe frozen
|rule|HP Percentage Mod: HP is shown in percentages
|
|start
|switch|p1a: Magikarp|Magikarp, L99|240\/240
|switch|p2a: Slowbro|Slowbro, L79|312\/312
|turn|1
|c|★deagold|magikarp x)
|
|move|p1a: Magikarp|Dragon Rage|p2a: Slowbro
|-damage|p2a: Slowbro|272\/312
|move|p2a: Slowbro|Amnesia|p2a: Slowbro
|-boost|p2a: Slowbro|spd|2
|-boost|p2a: Slowbro|spa|2
|
|turn|2
|c|★ric30|don't underestimate it
|
|move|p1a: Magikarp|Dragon Rage|p2a: Slowbro
|-damage|p2a: Slowbro|232\/312
|move|p2a: Slowbro|Surf|p1a: Magikarp
|-crit|p1a: Magikarp
|-resisted|p1a: Magikarp
|-damage|p1a: Magikarp|105\/240
|
|turn|3
|
|move|p1a: Magikarp|Dragon Rage|p2a: Slowbro
|-damage|p2a: Slowbro|192\/312
|move|p2a: Slowbro|Surf|p1a: Magikarp
|-resisted|p1a: Magikarp
|-damage|p1a: Magikarp|0 fnt
|faint|p1a: Magikarp
|c|★deagold|i don't but
|c|★deagold|XD
|
|switch|p1a: Jolteon|Jolteon, L79|265\/265
|turn|4
|c|★ric30|it tried its best :(
|
|move|p1a: Jolteon|Thunderbolt|p2a: Slowbro
|-crit|p2a: Slowbro
|-supereffective|p2a: Slowbro
|-damage|p2a: Slowbro|0 fnt
|faint|p2a: Slowbro
|c|★deagold|yeah hahaha
|
|switch|p2a: Tauros|Tauros, L79|280\/280
|turn|5
|
|switch|p1a: Hitmonchan|Hitmonchan, L90|273\/273
|move|p2a: Tauros|Earthquake|p1a: Hitmonchan
|-damage|p1a: Hitmonchan|207\/273
|
|turn|6
|
|switch|p2a: Gengar|Gengar, L79|257\/257
|move|p1a: Hitmonchan|Submission|p2a: Gengar
|-immune|p2a: Gengar|[msg]
|
|turn|7
|
|switch|p1a: Wigglytuff|Wigglytuff, L90|435\/435
|move|p2a: Gengar|Psychic|p1a: Wigglytuff
|-damage|p1a: Wigglytuff|344\/435
|
|turn|8
|
|move|p2a: Gengar|Hypnosis|p1a: Wigglytuff|[miss]
|-miss|p2a: Gengar
|move|p1a: Wigglytuff|Sing|p2a: Gengar
|-status|p2a: Gengar|slp
|
|turn|9
|
|switch|p1a: Mewtwo|Mewtwo, L68|285\/285
|cant|p2a: Gengar|slp
|
|turn|10
|
|switch|p2a: Tauros|Tauros, L79|280\/280
|move|p1a: Mewtwo|Psychic|p2a: Tauros
|-crit|p2a: Tauros
|-damage|p2a: Tauros|61\/280
|
|turn|11
|
|move|p2a: Tauros|Body Slam|p1a: Mewtwo
|-damage|p1a: Mewtwo|191\/285
|move|p1a: Mewtwo|Psychic|p2a: Tauros
|-damage|p2a: Tauros|0 fnt
|faint|p2a: Tauros
|
|switch|p2a: Scyther|Scyther, L90|309\/309
|turn|12
|
|move|p2a: Scyther|Slash|p1a: Mewtwo
|-crit|p1a: Mewtwo
|-damage|p1a: Mewtwo|57\/285
|move|p1a: Mewtwo|Thunderbolt|p2a: Scyther
|-crit|p2a: Scyther
|-supereffective|p2a: Scyther
|-damage|p2a: Scyther|11\/309
|
|turn|13
|c|★ric30|wow, sorry about that
|
|move|p2a: Scyther|Slash|p1a: Mewtwo
|-crit|p1a: Mewtwo
|-damage|p1a: Mewtwo|0 fnt
|faint|p1a: Mewtwo
|c|★deagold|xD
|
|switch|p1a: Jolteon|Jolteon, L79|265\/265
|turn|14
|
|move|p1a: Jolteon|Thunderbolt|p2a: Scyther
|-supereffective|p2a: Scyther
|-damage|p2a: Scyther|0 fnt
|faint|p2a: Scyther
|
|switch|p2a: Cubone|Cubone, L96|291\/291
|turn|15
|
|switch|p1a: Articuno|Articuno, L79|304\/304
|move|p2a: Cubone|Body Slam|p1a: Articuno
|-damage|p1a: Articuno|253\/304
|
|turn|16
|
|switch|p2a: Jolteon|Jolteon, L79|265\/265
|move|p1a: Articuno|Ice Beam|p2a: Jolteon
|-damage|p2a: Jolteon|172\/265
|
|turn|17
|
|switch|p1a: Wigglytuff|Wigglytuff, L90|344\/435
|move|p2a: Jolteon|Thunder Wave|p1a: Wigglytuff
|-status|p1a: Wigglytuff|par
|
|turn|18
|
|move|p2a: Jolteon|Double Kick|p1a: Wigglytuff
|-supereffective|p1a: Wigglytuff
|-damage|p1a: Wigglytuff|302\/435 par
|-damage|p1a: Wigglytuff|260\/435 par
|-hitcount|p1a: Wigglytuff|2
|move|p1a: Wigglytuff|Double-Edge|p2a: Jolteon
|-damage|p2a: Jolteon|38\/265
|-damage|p1a: Wigglytuff|227\/435 par|[from] recoil|[of] p2a: Jolteon
|
|turn|19
|
|move|p2a: Jolteon|Thunderbolt|p1a: Wigglytuff
|-damage|p1a: Wigglytuff|94\/435 par
|cant|p1a: Wigglytuff|par
|
|turn|20
|
|move|p2a: Jolteon|Thunderbolt|p1a: Wigglytuff
|-damage|p1a: Wigglytuff|0 fnt
|faint|p1a: Wigglytuff
|c|★deagold|wow
|
|switch|p1a: Jolteon|Jolteon, L79|265\/265
|turn|21
|
|switch|p2a: Cubone|Cubone, L96|291\/291
|move|p1a: Jolteon|Body Slam|p2a: Cubone
|-crit|p2a: Cubone
|-damage|p2a: Cubone|228\/291
|
|turn|22
|
|switch|p1a: Articuno|Articuno, L79|253\/304
|move|p2a: Cubone|Body Slam|p1a: Articuno
|-damage|p1a: Articuno|201\/304
|
|turn|23
|
|move|p1a: Articuno|Ice Beam|p2a: Cubone
|-supereffective|p2a: Cubone
|-damage|p2a: Cubone|0 fnt
|faint|p2a: Cubone
|
|switch|p2a: Gengar|Gengar, L79|257\/257 slp
|turn|24
|
|cant|p2a: Gengar|slp
|move|p1a: Articuno|Blizzard|p2a: Gengar
|-damage|p2a: Gengar|150\/257 slp
|
|turn|25
|
|cant|p2a: Gengar|slp
|move|p1a: Articuno|Ice Beam|p2a: Gengar
|-damage|p2a: Gengar|61\/257 slp
|
|turn|26
|
|cant|p2a: Gengar|slp
|move|p1a: Articuno|Ice Beam|p2a: Gengar
|-damage|p2a: Gengar|0 fnt
|faint|p2a: Gengar
|c|★deagold|:'(
|
|switch|p2a: Jolteon|Jolteon, L79|38\/265
|turn|27
|c|★deagold|gg man
|c|★ric30|gg, i got quite an uber team
|
|move|p2a: Jolteon|Thunderbolt|p1a: Articuno
|-crit|p1a: Articuno
|-supereffective|p1a: Articuno
|-damage|p1a: Articuno|0 fnt
|faint|p1a: Articuno
|c|★deagold|yup
|
|switch|p1a: Jolteon|Jolteon, L79|265\/265
|turn|28
|
|move|p1a: Jolteon|Body Slam|p2a: Jolteon
|-crit|p2a: Jolteon
|-damage|p2a: Jolteon|0 fnt
|faint|p2a: Jolteon
|
|win|ric30
|raw|Ladder updating...
|leave|ric30
|player|p1
|raw|ric30's rating: 1331 &rarr; <strong>1339<\/strong><br \/>(+8 for winning)
|raw|deagold's rating: 1087 &rarr; <strong>1078<\/strong><br \/>(-9 for losing)