|j|Dervodel2
|j|Azawa
|player|p1|Dervodel2|238
|player|p2|Azawa|169
|gametype|singles
|gen|1
|tier|[Gen 1] Random Battle
|rated
|seed|
|rule|Sleep Clause Mod: Limit one foe put to sleep
|rule|Freeze Clause Mod: Limit one foe frozen
|rule|HP Percentage Mod: HP is shown in percentages
|
|start
|switch|p1a: Charmeleon|Charmeleon, L85|100\/100
|switch|p2a: Nidorina|Nidorina, L90|100\/100
|turn|1
|choice||
|
|move|p1a: Charmeleon|Body Slam|p2a: Nidorina
|-damage|p2a: Nidorina|84\/100
|move|p2a: Nidorina|Body Slam|p1a: Charmeleon
|-damage|p1a: Charmeleon|76\/100
|-status|p1a: Charmeleon|par
|
|turn|2
|c|★Dervodel2|goddamneverytime
|choice||
|
|move|p2a: Nidorina|Substitute|p2a: Nidorina
|-start|p2a: Nidorina|Substitute
|-damage|p2a: Nidorina|59\/100
|move|p1a: Charmeleon|Fire Blast|p2a: Nidorina
|-crit|p2a: Nidorina
|-end|p2a: Nidorina|Substitute
|
|turn|3
|choice||
|
|move|p2a: Nidorina|Body Slam|p1a: Charmeleon
|-crit|p1a: Charmeleon
|-damage|p1a: Charmeleon|30\/100 par
|move|p1a: Charmeleon|Fire Blast|p2a: Nidorina
|-damage|p2a: Nidorina|17\/100
|
|turn|4
|choice||
|
|move|p2a: Nidorina|Body Slam|p1a: Charmeleon
|-crit|p1a: Charmeleon
|-damage|p1a: Charmeleon|0 fnt
|faint|p1a: Charmeleon
|choice||
|
|switch|p1a: Venonat|Venonat, L96|100\/100
|turn|5
|choice||
|
|move|p2a: Nidorina|Blizzard|p1a: Venonat
|-damage|p1a: Venonat|72\/100
|move|p1a: Venonat|Psychic|p2a: Nidorina
|-supereffective|p2a: Nidorina
|-damage|p2a: Nidorina|0 fnt
|faint|p2a: Nidorina
|choice||
|
|switch|p2a: Tauros|Tauros, L79|100\/100
|turn|6
|choice||
|
|switch|p1a: Zapdos|Zapdos, L79|100\/100
|move|p2a: Tauros|Earthquake|p1a: Zapdos
|-immune|p1a: Zapdos|[msg]
|
|turn|7
|choice||
|
|switch|p2a: Sandslash|Sandslash, L85|100\/100
|move|p1a: Zapdos|Thunder Wave|p2a: Sandslash
|-immune|p2a: Sandslash|[msg]
|
|turn|8
|choice||
|
|move|p1a: Zapdos|Drill Peck|p2a: Sandslash
|-damage|p2a: Sandslash|81\/100
|move|p2a: Sandslash|Rock Slide|p1a: Zapdos
|-supereffective|p1a: Zapdos
|-damage|p1a: Zapdos|60\/100
|
|turn|9
|choice||
|
|switch|p1a: Hitmonlee|Hitmonlee, L90|100\/100
|move|p2a: Sandslash|Rock Slide|p1a: Hitmonlee
|-resisted|p1a: Hitmonlee
|-damage|p1a: Hitmonlee|88\/100
|
|turn|10
|choice||
|
|switch|p2a: Vileplume|Vileplume, L90|100\/100
|move|p1a: Hitmonlee|High Jump Kick|p2a: Vileplume
|-resisted|p2a: Vileplume
|-damage|p2a: Vileplume|84\/100
|
|turn|11
|choice||
|
|switch|p1a: Venonat|Venonat, L96|72\/100
|move|p2a: Vileplume|Body Slam|p1a: Venonat
|-crit|p1a: Venonat
|-damage|p1a: Venonat|25\/100
|
|turn|12
|choice||
|
|move|p1a: Venonat|Sleep Powder|p2a: Vileplume
|-status|p2a: Vileplume|slp
|cant|p2a: Vileplume|slp
|
|turn|13
|choice||
|
|move|p1a: Venonat|Psychic|p2a: Vileplume
|-supereffective|p2a: Vileplume
|-damage|p2a: Vileplume|59\/100 slp
|-curestatus|p2a: Vileplume|slp
|
|turn|14
|choice||
|
|move|p1a: Venonat|Sleep Powder|p2a: Vileplume|[miss]
|-miss|p1a: Venonat
|move|p2a: Vileplume|Body Slam|p1a: Venonat
|-damage|p1a: Venonat|1\/100
|
|turn|15
|choice||
|
|move|p1a: Venonat|Sleep Powder|p2a: Vileplume|[miss]
|-miss|p1a: Venonat
|move|p2a: Vileplume|Body Slam|p1a: Venonat
|-damage|p1a: Venonat|0 fnt
|faint|p1a: Venonat
|choice||
|
|switch|p1a: Alakazam|Alakazam, L79|100\/100
|turn|16
|choice||
|
|move|p1a: Alakazam|Psychic|p2a: Vileplume
|-supereffective|p2a: Vileplume
|-damage|p2a: Vileplume|2\/100
|move|p2a: Vileplume|Body Slam|p1a: Alakazam
|-damage|p1a: Alakazam|63\/100
|
|turn|17
|choice||
|
|move|p1a: Alakazam|Psychic|p2a: Vileplume
|-supereffective|p2a: Vileplume
|-damage|p2a: Vileplume|0 fnt
|faint|p2a: Vileplume
|choice||
|
|switch|p2a: Horsea|Horsea, L96|100\/100
|turn|18
|choice||
|
|move|p1a: Alakazam|Reflect|p1a: Alakazam
|-start|p1a: Alakazam|Reflect
|move|p2a: Horsea|Blizzard|p1a: Alakazam
|-damage|p1a: Alakazam|33\/100
|
|turn|19
|choice||
|
|move|p1a: Alakazam|Thunder Wave|p2a: Horsea
|-status|p2a: Horsea|par
|move|p2a: Horsea|Blizzard|p1a: Alakazam
|-damage|p1a: Alakazam|3\/100
|
|turn|20
|choice||
|
|move|p1a: Alakazam|Recover|p1a: Alakazam
|-heal|p1a: Alakazam|53\/100
|move|p2a: Horsea|Hydro Pump|p1a: Alakazam
|-damage|p1a: Alakazam|11\/100
|
|turn|21
|choice||
|
|move|p1a: Alakazam|Recover|p1a: Alakazam
|-heal|p1a: Alakazam|61\/100
|cant|p2a: Horsea|par
|
|turn|22
|choice||
|
|move|p1a: Alakazam|Psychic|p2a: Horsea
|-damage|p2a: Horsea|59\/100 par
|move|p2a: Horsea|Smokescreen|p1a: Alakazam
|-unboost|p1a: Alakazam|accuracy|1
|
|turn|23
|choice||
|
|move|p1a: Alakazam|Psychic|p2a: Horsea
|-damage|p2a: Horsea|22\/100 par
|move|p2a: Horsea|Smokescreen|p1a: Alakazam
|-unboost|p1a: Alakazam|accuracy|1
|
|turn|24
|choice||
|
|move|p1a: Alakazam|Recover|p1a: Alakazam
|-heal|p1a: Alakazam|100\/100
|move|p2a: Horsea|Hydro Pump|p1a: Alakazam
|-damage|p1a: Alakazam|60\/100
|
|turn|25
|choice||
|
|move|p1a: Alakazam|Recover|p1a: Alakazam
|-heal|p1a: Alakazam|100\/100
|move|p2a: Horsea|Blizzard|p1a: Alakazam
|-damage|p1a: Alakazam|72\/100
|
|turn|26
|choice||
|
|switch|p1a: Zapdos|Zapdos, L79|60\/100
|move|p2a: Horsea|Hydro Pump|p1a: Zapdos|[miss]
|-miss|p2a: Horsea
|
|turn|27
|choice||
|
|switch|p1a: Alakazam|Alakazam, L79|72\/100
|switch|p2a: Sandslash|Sandslash, L85|81\/100
|
|turn|28
|choice||
|
|move|p1a: Alakazam|Reflect|p1a: Alakazam
|-start|p1a: Alakazam|Reflect
|move|p2a: Sandslash|Body Slam|p1a: Alakazam
|-damage|p1a: Alakazam|52\/100
|-status|p1a: Alakazam|par
|
|turn|29
|choice||
|
|switch|p2a: Horsea|Horsea, L96|22\/100 par
|cant|p1a: Alakazam|par
|
|turn|30
|choice||
|
|move|p1a: Alakazam|Recover|p1a: Alakazam
|-heal|p1a: Alakazam|100\/100 par
|move|p2a: Horsea|Smokescreen|p1a: Alakazam
|-unboost|p1a: Alakazam|accuracy|1
|
|turn|31
|choice||
|
|cant|p2a: Horsea|par
|cant|p1a: Alakazam|par
|
|turn|32
|choice||
|
|move|p2a: Horsea|Smokescreen|p1a: Alakazam
|-unboost|p1a: Alakazam|accuracy|1
|move|p1a: Alakazam|Psychic|p2a: Horsea
|-damage|p2a: Horsea|0 fnt
|faint|p2a: Horsea
|choice||
|
|switch|p2a: Tauros|Tauros, L79|100\/100
|turn|33
|choice||
|
|move|p2a: Tauros|Body Slam|p1a: Alakazam
|-damage|p1a: Alakazam|74\/100 par
|cant|p1a: Alakazam|par
|
|turn|34
|choice||
|
|move|p2a: Tauros|Earthquake|p1a: Alakazam
|-damage|p1a: Alakazam|53\/100 par
|move|p1a: Alakazam|Thunder Wave|p2a: Tauros
|-status|p2a: Tauros|par
|
|turn|35
|choice||
|
|move|p2a: Tauros|Blizzard|p1a: Alakazam
|-damage|p1a: Alakazam|34\/100 par
|move|p1a: Alakazam|Psychic|p2a: Tauros|[miss]
|-miss|p1a: Alakazam
|
|turn|36
|choice||
|
|move|p2a: Tauros|Body Slam|p1a: Alakazam
|-damage|p1a: Alakazam|10\/100 par
|cant|p1a: Alakazam|par
|
|turn|37
|choice||
|
|move|p2a: Tauros|Body Slam|p1a: Alakazam
|-damage|p1a: Alakazam|0 fnt
|faint|p1a: Alakazam
|choice||
|
|switch|p1a: Chansey|Chansey, L79|100\/100
|turn|38
|choice||
|
|move|p1a: Chansey|Reflect|p1a: Chansey
|-start|p1a: Chansey|Reflect
|move|p2a: Tauros|Body Slam|p1a: Chansey
|-damage|p1a: Chansey|81\/100
|
|turn|39
|choice||
|
|move|p1a: Chansey|Thunderbolt|p2a: Tauros
|-damage|p2a: Tauros|72\/100 par
|move|p2a: Tauros|Earthquake|p1a: Chansey
|-damage|p1a: Chansey|65\/100
|
|turn|40
|choice||
|
|move|p1a: Chansey|Thunderbolt|p2a: Tauros
|-damage|p2a: Tauros|46\/100 par
|move|p2a: Tauros|Body Slam|p1a: Chansey
|-damage|p1a: Chansey|46\/100
|
|turn|41
|choice||
|
|move|p1a: Chansey|Soft-Boiled|p1a: Chansey
|-heal|p1a: Chansey|96\/100
|move|p2a: Tauros|Body Slam|p1a: Chansey
|-damage|p1a: Chansey|77\/100
|
|turn|42
|choice||
|
|move|p1a: Chansey|Thunderbolt|p2a: Tauros
|-crit|p2a: Tauros
|-damage|p2a: Tauros|0 fnt
|faint|p2a: Tauros
|choice||
|
|switch|p2a: Sandslash|Sandslash, L85|81\/100
|turn|43
|choice||
|
|switch|p1a: Hitmonlee|Hitmonlee, L90|88\/100
|move|p2a: Sandslash|Body Slam|p1a: Hitmonlee
|-damage|p1a: Hitmonlee|58\/100
|
|turn|44
|choice||
|
|move|p1a: Hitmonlee|High Jump Kick|p2a: Sandslash
|-damage|p2a: Sandslash|48\/100
|move|p2a: Sandslash|Body Slam|p1a: Hitmonlee
|-damage|p1a: Hitmonlee|30\/100
|
|turn|45
|choice||
|
|move|p1a: Hitmonlee|High Jump Kick|p2a: Sandslash
|-damage|p2a: Sandslash|15\/100
|move|p2a: Sandslash|Body Slam|p1a: Hitmonlee
|-damage|p1a: Hitmonlee|0 fnt
|faint|p1a: Hitmonlee
|choice||
|
|switch|p1a: Zapdos|Zapdos, L79|60\/100
|turn|46
|choice||
|
|move|p1a: Zapdos|Drill Peck|p2a: Sandslash
|-damage|p2a: Sandslash|0 fnt
|faint|p2a: Sandslash
|choice||
|
|switch|p2a: Jolteon|Jolteon, L79|100\/100
|turn|47
|choice||
|
|move|p2a: Jolteon|Body Slam|p1a: Zapdos
|-damage|p1a: Zapdos|44\/100
|move|p1a: Zapdos|Thunder Wave|p2a: Jolteon
|-status|p2a: Jolteon|par
|
|turn|48
|choice||
|
|move|p1a: Zapdos|Drill Peck|p2a: Jolteon
|-resisted|p2a: Jolteon
|-damage|p2a: Jolteon|82\/100 par
|cant|p2a: Jolteon|par
|
|turn|49
|choice||
|
|move|p1a: Zapdos|Drill Peck|p2a: Jolteon
|-resisted|p2a: Jolteon
|-damage|p2a: Jolteon|65\/100 par
|move|p2a: Jolteon|Body Slam|p1a: Zapdos
|-damage|p1a: Zapdos|30\/100
|
|turn|50
|choice||
|
|move|p1a: Zapdos|Thunderbolt|p2a: Jolteon
|-resisted|p2a: Jolteon
|-damage|p2a: Jolteon|47\/100 par
|move|p2a: Jolteon|Thunderbolt|p1a: Zapdos
|-crit|p1a: Zapdos
|-damage|p1a: Zapdos|0 fnt
|faint|p1a: Zapdos
|choice||
|
|switch|p1a: Chansey|Chansey, L79|77\/100
|turn|51
|choice||
|
|move|p1a: Chansey|Thunderbolt|p2a: Jolteon
|-resisted|p2a: Jolteon
|-damage|p2a: Jolteon|36\/100 par
|move|p2a: Jolteon|Body Slam|p1a: Chansey
|-crit|p1a: Chansey
|-damage|p1a: Chansey|37\/100
|
|turn|52
|choice||
|
|move|p1a: Chansey|Soft-Boiled|p1a: Chansey
|-heal|p1a: Chansey|87\/100
|move|p2a: Jolteon|Double Kick|p1a: Chansey
|-supereffective|p1a: Chansey
|-damage|p1a: Chansey|74\/100
|-damage|p1a: Chansey|61\/100
|-hitcount|p1a: Chansey|2
|
|turn|53
|choice||
|
|move|p1a: Chansey|Reflect|p1a: Chansey
|-start|p1a: Chansey|Reflect
|move|p2a: Jolteon|Body Slam|p1a: Chansey
|-damage|p1a: Chansey|50\/100
|
|turn|54
|choice||
|
|move|p1a: Chansey|Soft-Boiled|p1a: Chansey
|-heal|p1a: Chansey|99\/100
|cant|p2a: Jolteon|par
|
|turn|55
|choice||
|
|move|p1a: Chansey|Thunderbolt|p2a: Jolteon
|-resisted|p2a: Jolteon
|-damage|p2a: Jolteon|24\/100 par
|cant|p2a: Jolteon|par
|
|turn|56
|choice||
|
|move|p1a: Chansey|Thunderbolt|p2a: Jolteon
|-crit|p2a: Jolteon
|-resisted|p2a: Jolteon
|-damage|p2a: Jolteon|3\/100 par
|move|p2a: Jolteon|Thunderbolt|p1a: Chansey
|-damage|p1a: Chansey|84\/100
|
|turn|57
|choice||
|
|move|p1a: Chansey|Thunderbolt|p2a: Jolteon
|-resisted|p2a: Jolteon
|-damage|p2a: Jolteon|0 fnt
|faint|p2a: Jolteon
|
|win|Dervodel2
|player|p1
|player|p2
|raw|Dervodel2's rating: 1324 &rarr; <strong>1343<\/strong><br \/>(+19 for winning)
|raw|Azawa's rating: 1315 &rarr; <strong>1296<\/strong><br \/>(-19 for losing)
|c|★Dervodel2|gg
|l|Azawa