|join|riwu
|join|Mandelbrot
|player|p1|riwu|170
|player|p2|Mandelbrot|101
|gametype|singles
|gen|1
|tier|[Gen 1] Random Battle
|rated
|seed|59852,16843,1932,38978
|rule|Sleep Clause Mod: Limit one foe put to sleep
|rule|Freeze Clause Mod: Limit one foe frozen
|rule|HP Percentage Mod: HP is shown in percentages
|
|start
|switch|p1a: Drowzee|Drowzee, L96|310\/310
|switch|p2a: Seadra|Seadra, L90|282\/282
|turn|1
|choice|move 1|move 4
|
|move|p2a: Seadra|Surf|p1a: Drowzee
|-crit|p1a: Drowzee
|-damage|p1a: Drowzee|116\/310
|move|p1a: Drowzee|Hypnosis|p2a: Seadra|[miss]
|-miss|p1a: Drowzee
|
|turn|2
|choice|move 1|move 3
|
|move|p2a: Seadra|Hydro Pump|p1a: Drowzee|[miss]
|-miss|p2a: Seadra
|move|p1a: Drowzee|Hypnosis|p2a: Seadra
|-status|p2a: Seadra|slp
|
|turn|3
|choice|move 3|switch 2
|
|switch|p2a: Drowzee|Drowzee, L96|310\/310
|move|p1a: Drowzee|Rest|p1a: Drowzee
|-status|p1a: Drowzee|slp
|-heal|p1a: Drowzee|310\/310 slp|[silent]
|-status|p1a: Drowzee|slp|[from] move: Rest
|
|turn|4
|choice|move 2|move 2
|
|move|p2a: Drowzee|Psychic|p1a: Drowzee
|-resisted|p1a: Drowzee
|-damage|p1a: Drowzee|256\/310 slp
|cant|p1a: Drowzee|slp
|
|turn|5
|choice|move 2|switch 3
|
|switch|p2a: Golem|Golem, L79|288\/288
|-curestatus|p1a: Drowzee|slp
|
|turn|6
|choice|move 4|move 3
|
|move|p1a: Drowzee|Psychic|p2a: Golem
|-damage|p2a: Golem|135\/288
|-unboost|p2a: Golem|spd|1
|-unboost|p2a: Golem|spa|1
|move|p2a: Golem|Earthquake|p1a: Drowzee
|-damage|p1a: Drowzee|118\/310
|
|turn|7
|choice|move 4|switch 5
|
|switch|p2a: Magneton|Magneton, L90|273\/273
|move|p1a: Drowzee|Psychic|p2a: Magneton
|-damage|p2a: Magneton|184\/273
|-unboost|p2a: Magneton|spd|1
|-unboost|p2a: Magneton|spa|1
|
|turn|8
|choice|move 2|move 4
|
|move|p2a: Magneton|Double-Edge|p1a: Drowzee
|-damage|p1a: Drowzee|35\/310
|-damage|p2a: Magneton|164\/273|[from] recoil|[of] p1a: Drowzee
|move|p1a: Drowzee|Thunder Wave|p2a: Magneton
|-status|p2a: Magneton|par
|
|turn|9
|choice|move 3|move 2
|
|move|p1a: Drowzee|Rest|p1a: Drowzee
|-status|p1a: Drowzee|slp
|-heal|p1a: Drowzee|310\/310 slp|[silent]
|-status|p1a: Drowzee|slp|[from] move: Rest
|move|p2a: Magneton|Mimic|p1a: Drowzee
|-start|p2a: Magneton|Mimic|Psychic
|
|turn|10
|choice|move 4|move 4
|
|cant|p1a: Drowzee|slp
|move|p2a: Magneton|Double-Edge|p1a: Drowzee
|-damage|p1a: Drowzee|237\/310 slp
|-damage|p2a: Magneton|146\/273 par|[from] recoil|[of] p1a: Drowzee
|
|turn|11
|choice|move 4|move 4
|
|-curestatus|p1a: Drowzee|slp
|move|p2a: Magneton|Double-Edge|p1a: Drowzee
|-damage|p1a: Drowzee|165\/310
|-damage|p2a: Magneton|128\/273 par|[from] recoil|[of] p1a: Drowzee
|
|turn|12
|choice|move 4|move 2
|
|move|p1a: Drowzee|Psychic|p2a: Magneton
|-damage|p2a: Magneton|0 fnt
|faint|p2a: Magneton
|choice||switch 6
|
|switch|p2a: Jolteon|Jolteon, L79|265\/265
|turn|13
|choice|move 2|move 4
|
|move|p2a: Jolteon|Sand Attack|p1a: Drowzee
|-unboost|p1a: Drowzee|accuracy|1
|move|p1a: Drowzee|Thunder Wave|p2a: Jolteon
|-status|p2a: Jolteon|par
|
|turn|14
|choice|move 4|move 1
|
|move|p1a: Drowzee|Psychic|p2a: Jolteon
|-damage|p2a: Jolteon|166\/265 par
|move|p2a: Jolteon|Thunderbolt|p1a: Drowzee
|-damage|p1a: Drowzee|75\/310
|
|turn|15
|choice|move 3|move 1
|
|move|p1a: Drowzee|Rest|p1a: Drowzee
|-status|p1a: Drowzee|slp
|-heal|p1a: Drowzee|310\/310 slp|[silent]
|-status|p1a: Drowzee|slp|[from] move: Rest
|move|p2a: Jolteon|Thunderbolt|p1a: Drowzee
|-crit|p1a: Drowzee
|-damage|p1a: Drowzee|137\/310 slp
|
|turn|16
|choice|move 3|move 1
|
|cant|p1a: Drowzee|slp
|move|p2a: Jolteon|Thunderbolt|p1a: Drowzee
|-damage|p1a: Drowzee|47\/310 slp
|
|turn|17
|choice|move 3|move 1
|
|-curestatus|p1a: Drowzee|slp
|move|p2a: Jolteon|Thunderbolt|p1a: Drowzee
|-crit|p1a: Drowzee
|-damage|p1a: Drowzee|0 fnt
|faint|p1a: Drowzee
|choice|switch 4|
|
|switch|p1a: Graveler|Graveler, L85|267\/267
|turn|18
|choice|move 3|switch 3
|
|switch|p2a: Drowzee|Drowzee, L96|310\/310
|move|p1a: Graveler|Earthquake|p2a: Drowzee
|-damage|p2a: Drowzee|162\/310
|
|turn|19
|choice|switch 5|move 4
|
|switch|p1a: Ditto|Ditto, L99|296\/296
|move|p2a: Drowzee|Hypnosis|p1a: Ditto
|-status|p1a: Ditto|slp
|
|turn|20
|choice|switch 6|move 2
|
|switch|p1a: Wigglytuff|Wigglytuff, L90|435\/435
|move|p2a: Drowzee|Psychic|p1a: Wigglytuff
|-damage|p1a: Wigglytuff|278\/435
|
|turn|21
|choice|move 4|move 1
|
|move|p2a: Drowzee|Thunder Wave|p1a: Wigglytuff
|-status|p1a: Wigglytuff|par
|move|p1a: Wigglytuff|Thunder Wave|p2a: Drowzee
|-status|p2a: Drowzee|par
|
|turn|22
|choice|move 2|move 2
|
|move|p2a: Drowzee|Psychic|p1a: Wigglytuff
|-crit|p1a: Wigglytuff
|-damage|p1a: Wigglytuff|0 fnt
|faint|p1a: Wigglytuff
|choice|switch 5|
|
|switch|p1a: Graveler|Graveler, L85|267\/267
|turn|23
|choice|move 3|move 2
|
|move|p1a: Graveler|Earthquake|p2a: Drowzee
|-damage|p2a: Drowzee|16\/310 par
|move|p2a: Drowzee|Psychic|p1a: Graveler
|-damage|p1a: Graveler|104\/267
|
|turn|24
|choice|move 1|move 2
|
|move|p1a: Graveler|Body Slam|p2a: Drowzee
|-damage|p2a: Drowzee|0 fnt
|faint|p2a: Drowzee
|choice||switch 5
|
|switch|p2a: Golem|Golem, L79|135\/288
|turn|25
|choice|switch 6|move 3
|
|switch|p1a: Ditto|Ditto, L99|296\/296 slp
|move|p2a: Golem|Earthquake|p1a: Ditto
|-damage|p1a: Ditto|173\/296 slp
|
|turn|26
|choice|move 1|move 3
|
|cant|p1a: Ditto|slp
|move|p2a: Golem|Earthquake|p1a: Ditto
|-damage|p1a: Ditto|51\/296 slp
|
|turn|27
|choice|move 1|move 3
|
|cant|p1a: Ditto|slp
|move|p2a: Golem|Earthquake|p1a: Ditto
|-damage|p1a: Ditto|0 fnt
|faint|p1a: Ditto
|choice|switch 3|
|
|switch|p1a: Hitmonlee|Hitmonlee, L90|273\/273
|turn|28
|choice|move 4|switch 4
|
|switch|p2a: Nidoking|Nidoking, L85|311\/311
|move|p1a: Hitmonlee|High Jump Kick|p2a: Nidoking
|-resisted|p2a: Nidoking
|-damage|p2a: Nidoking|250\/311
|
|turn|29
|choice|move 1|move 3
|
|move|p1a: Hitmonlee|Body Slam|p2a: Nidoking
|-crit|p2a: Nidoking
|-damage|p2a: Nidoking|91\/311
|-status|p2a: Nidoking|par
|move|p2a: Nidoking|Body Slam|p1a: Hitmonlee
|-damage|p1a: Hitmonlee|194\/273
|-status|p1a: Hitmonlee|par
|
|turn|30
|c|★Mandelbrot|Are you like, running calcs or some junk? Why are some turns so much longer?
|c|★Mandelbrot|Typical...
|choice|move 1|move 1
|
|cant|p1a: Hitmonlee|par
|move|p2a: Nidoking|Earthquake|p1a: Hitmonlee
|-damage|p1a: Hitmonlee|65\/273 par
|
|turn|31
|choice|move 1|move 1
|
|move|p1a: Hitmonlee|Body Slam|p2a: Nidoking
|-damage|p2a: Nidoking|8\/311 par
|move|p2a: Nidoking|Earthquake|p1a: Hitmonlee
|-damage|p1a: Hitmonlee|0 fnt
|faint|p1a: Hitmonlee
|choice|switch 2|
|
|switch|p1a: Arbok|Arbok, L90|291\/291
|turn|32
|c|★riwu|im lagging
|c|★Mandelbrot|Oh.
|c|★riwu|clicked, then it come out 20sec later
|choice|move 3|move 1
|
|move|p1a: Arbok|Earthquake|p2a: Nidoking
|-supereffective|p2a: Nidoking
|-damage|p2a: Nidoking|0 fnt
|faint|p2a: Nidoking
|c|★Mandelbrot|Some turns seem fast so I was suspicious.
|c|★riwu|the delay is not consistent
|choice||switch 2
|
|switch|p2a: Seadra|Seadra, L90|282\/282 slp
|turn|33
|c|★riwu|sometimes fast sometimes takes forever
|choice|move 3|move 3
|
|cant|p2a: Seadra|slp
|move|p1a: Arbok|Earthquake|p2a: Seadra
|-damage|p2a: Seadra|213\/282 slp
|
|turn|34
|choice|move 3|move 3
|
|cant|p2a: Seadra|slp
|move|p1a: Arbok|Earthquake|p2a: Seadra
|-damage|p2a: Seadra|148\/282 slp
|
|turn|35
|choice|move 2|move 1
|
|-curestatus|p2a: Seadra|slp
|move|p1a: Arbok|Body Slam|p2a: Seadra
|-damage|p2a: Seadra|96\/282
|
|turn|36
|choice|move 4|move 3
|
|move|p2a: Seadra|Hydro Pump|p1a: Arbok
|-damage|p1a: Arbok|128\/291
|move|p1a: Arbok|Hyper Beam|p2a: Seadra
|-damage|p2a: Seadra|0 fnt
|faint|p2a: Seadra
|choice||switch 3
|
|switch|p2a: Jolteon|Jolteon, L79|166\/265 par
|turn|37
|choice|move 3|move 2
|
|move|p1a: Arbok|Earthquake|p2a: Jolteon
|-supereffective|p2a: Jolteon
|-damage|p2a: Jolteon|0 fnt
|faint|p2a: Jolteon
|choice||switch 4
|
|switch|p2a: Golem|Golem, L79|135\/288
|turn|38
|c|★Mandelbrot|gg I guess...
|c|★Mandelbrot|I'm on a nasty losing streak...
|c|★riwu|i lose
|choice|move 1|move 3
|
|move|p1a: Arbok|Glare|p2a: Golem
|-status|p2a: Golem|par
|move|p2a: Golem|Earthquake|p1a: Arbok
|-supereffective|p1a: Arbok
|-damage|p1a: Arbok|0 fnt
|faint|p1a: Arbok
|choice|switch 6|
|
|switch|p1a: Graveler|Graveler, L85|104\/267
|turn|39
|c|★riwu|ok that was a good move
|c|★riwu|now i win
|c|★Mandelbrot|Wouldn't an earthquake have taken me out from Arbok?
|c|★Mandelbrot|Why risk the Glare?
|c|★riwu|nope
|choice|move 3|move 3
|
|move|p1a: Graveler|Earthquake|p2a: Golem
|-supereffective|p2a: Golem
|-damage|p2a: Golem|0 fnt
|faint|p2a: Golem
|
|win|riwu
|raw|riwu's rating: 1455 &rarr; <strong>1468<\/strong><br \/>(+13 for winning)
|raw|Mandelbrot's rating: 1326 &rarr; <strong>1313<\/strong><br \/>(-13 for losing)
|c|★riwu|likely not
|c|★Mandelbrot|how do you know?
|c|★riwu|this is the safer course
|c|★riwu|experience
|c|★riwu|u realize in random battles
|c|★Mandelbrot|Glare is only like 80% accurate though
|c|★riwu|they always same lvl
|c|★riwu|so when u play more, u know what the dmg are
|c|★Mandelbrot|I know, I was 1400 ranked two nights ago. I play enough.
|c|★riwu|then u shd know
|c|★riwu|my earthquake most likely 30%+
|c|★riwu|or 40+
|c|★riwu|unlikely its >47
|c|★riwu|so glare has higher chance