|j|Peasounay
|j|Disaster Area
|player|p1|Peasounay|80
|player|p2|Disaster Area|32
|gametype|singles
|gen|1
|tier|[Gen 1] OU
|seed|55894,12227,10198,6940
|rule|Sleep Clause Mod: Limit one foe put to sleep
|rule|Freeze Clause Mod: Limit one foe frozen
|rule|Species Clause: Limit one of each Pokémon
|rule|OHKO Clause: OHKO moves are banned
|rule|Evasion Moves Clause: Evasion moves are banned
|rule|HP Percentage Mod: HP is shown in percentages
|
|start
|switch|p1a: Jynx|Jynx|333\/333
|switch|p2a: Ninetales|Ninetales|349\/349
|turn|1
|c|★Peasounay|is vic okay ?
|j|trueWario
|c|★Peasounay|i don't have 3u teams here
|choice|switch 6|move 4
|
|switch|p1a: Victreebel|Victreebel|363\/363
|move|p2a: Ninetales|Fire Spin|p1a: Victreebel
|-supereffective|p1a: Victreebel
|-damage|p1a: Victreebel|326\/363
|-activate|p1a: Victreebel|move: Fire Spin|[of] p2a: Ninetales
|
|turn|2
|choice|move 3|move 4
|
|move|p2a: Ninetales|Fire Spin|p1a: Victreebel|[from]Fire Spin
|-damage|p1a: Victreebel|289\/363
|cant|p1a: Victreebel|partiallytrapped
|
|turn|3
|j|Diegolh
|choice|move 3|move 4
|
|move|p2a: Ninetales|Fire Spin|p1a: Victreebel|[from]Fire Spin
|-damage|p1a: Victreebel|252\/363
|cant|p1a: Victreebel|partiallytrapped
|
|-end|p1a: Victreebel|Fire Spin|[partiallytrapped]
|turn|4
|choice|move 3|move 4
|
|move|p2a: Ninetales|Fire Spin|p1a: Victreebel
|-crit|p1a: Victreebel
|-supereffective|p1a: Victreebel
|-damage|p1a: Victreebel|182\/363
|-activate|p1a: Victreebel|move: Fire Spin|[of] p2a: Ninetales
|cant|p1a: Victreebel|partiallytrapped
|
|turn|5
|choice|move 3|move 4
|
|move|p2a: Ninetales|Fire Spin|p1a: Victreebel|[from]Fire Spin
|-damage|p1a: Victreebel|112\/363
|cant|p1a: Victreebel|partiallytrapped
|
|-end|p1a: Victreebel|Fire Spin|[partiallytrapped]
|turn|6
|choice|move 3|move 4
|
|move|p2a: Ninetales|Fire Spin|p1a: Victreebel
|-supereffective|p1a: Victreebel
|-damage|p1a: Victreebel|73\/363
|-activate|p1a: Victreebel|move: Fire Spin|[of] p2a: Ninetales
|cant|p1a: Victreebel|partiallytrapped
|
|turn|7
|choice|move 3|move 4
|
|move|p2a: Ninetales|Fire Spin|p1a: Victreebel|[from]Fire Spin
|-damage|p1a: Victreebel|34\/363
|cant|p1a: Victreebel|partiallytrapped
|
|turn|8
|choice|move 3|move 4
|
|move|p2a: Ninetales|Fire Spin|p1a: Victreebel|[from]Fire Spin
|-damage|p1a: Victreebel|0 fnt
|faint|p1a: Victreebel
|choice|switch 6|
|
|switch|p1a: Jynx|Jynx|333\/333
|turn|9
|choice|move 4|move 4
|
|move|p2a: Ninetales|Fire Spin|p1a: Jynx
|-supereffective|p1a: Jynx
|-damage|p1a: Jynx|293\/333
|-activate|p1a: Jynx|move: Fire Spin|[of] p2a: Ninetales
|cant|p1a: Jynx|partiallytrapped
|
|turn|10
|choice|move 4|move 4
|
|move|p2a: Ninetales|Fire Spin|p1a: Jynx|[from]Fire Spin
|-damage|p1a: Jynx|253\/333
|cant|p1a: Jynx|partiallytrapped
|
|turn|11
|choice|move 2|move 4
|
|move|p2a: Ninetales|Fire Spin|p1a: Jynx|[from]Fire Spin
|-damage|p1a: Jynx|213\/333
|cant|p1a: Jynx|partiallytrapped
|
|-end|p1a: Jynx|Fire Spin|[partiallytrapped]
|turn|12
|choice|move 2|move 4
|
|move|p2a: Ninetales|Fire Spin|p1a: Jynx|[miss]
|-miss|p2a: Ninetales
|move|p1a: Jynx|Blizzard|p2a: Ninetales|[miss]
|-miss|p1a: Jynx
|
|turn|13
|choice|move 2|move 4
|
|move|p2a: Ninetales|Fire Spin|p1a: Jynx|[miss]
|-miss|p2a: Ninetales
|move|p1a: Jynx|Blizzard|p2a: Ninetales
|-damage|p2a: Ninetales|207\/349
|
|turn|14
|choice|move 3|move 4
|
|move|p2a: Ninetales|Fire Spin|p1a: Jynx
|-supereffective|p1a: Jynx
|-damage|p1a: Jynx|172\/333
|-activate|p1a: Jynx|move: Fire Spin|[of] p2a: Ninetales
|cant|p1a: Jynx|partiallytrapped
|
|turn|15
|l|trueWario
|j|Sanely
|choice|move 3|move 4
|
|move|p2a: Ninetales|Fire Spin|p1a: Jynx|[from]Fire Spin
|-damage|p1a: Jynx|131\/333
|cant|p1a: Jynx|partiallytrapped
|
|turn|16
|choice|move 3|move 4
|
|move|p2a: Ninetales|Fire Spin|p1a: Jynx|[from]Fire Spin
|-damage|p1a: Jynx|90\/333
|cant|p1a: Jynx|partiallytrapped
|
|turn|17
|choice|move 3|move 4
|
|move|p2a: Ninetales|Fire Spin|p1a: Jynx|[from]Fire Spin
|-damage|p1a: Jynx|49\/333
|cant|p1a: Jynx|partiallytrapped
|
|-end|p1a: Jynx|Fire Spin|[partiallytrapped]
|turn|18
|choice|move 3|move 4
|
|move|p2a: Ninetales|Fire Spin|p1a: Jynx
|-supereffective|p1a: Jynx
|-damage|p1a: Jynx|12\/333
|-activate|p1a: Jynx|move: Fire Spin|[of] p2a: Ninetales
|cant|p1a: Jynx|partiallytrapped
|
|turn|19
|choice|switch 4|move 4
|
|switch|p1a: Tauros|Tauros|353\/353
|move|p2a: Ninetales|Fire Spin|p1a: Tauros|[miss]
|-miss|p2a: Ninetales
|
|turn|20
|choice|switch 4|move 4
|
|switch|p1a: Jynx|Jynx|12\/333
|move|p2a: Ninetales|Fire Spin|p1a: Jynx
|-supereffective|p1a: Jynx
|-damage|p1a: Jynx|0 fnt
|faint|p1a: Jynx
|choice|switch 4|
|
|switch|p1a: Tauros|Tauros|353\/353
|turn|21
|-message|Disaster Area forfeited.
|
|win|Peasounay
|player|p1
|player|p2