|j|Abstrix
|j|SweetLemonade
|player|p1|Abstrix|8
|player|p2|SweetLemonade|238
|gametype|singles
|gen|1
|tier|[Gen 1] OU
|rated
|seed|37149,28112,14156,43230
|rule|Sleep Clause Mod: Limit one foe put to sleep
|rule|Freeze Clause Mod: Limit one foe frozen
|rule|Species Clause: Limit one of each Pokémon
|rule|OHKO Clause: OHKO moves are banned
|rule|Evasion Moves Clause: Evasion moves are banned
|rule|HP Percentage Mod: HP is shown in percentages
|
|start
|switch|p1a: Jynx|Jynx|333\/333
|switch|p2a: Jynx|Jynx|333\/333
|turn|1
|choice|move 4|move 1
|
|move|p2a: Jynx|Body Slam|p1a: Jynx
|-damage|p1a: Jynx|251\/333
|-status|p1a: Jynx|par
|move|p1a: Jynx|Lovely Kiss|p2a: Jynx
|-status|p2a: Jynx|slp
|
|turn|2
|choice|switch 6|switch 4
|
|switch|p2a: Chansey|Chansey|703\/703
|switch|p1a: Tauros|Tauros|353\/353
|
|turn|3
|choice|switch 2|move 4
|
|switch|p1a: Chansey|Chansey|703\/703
|move|p2a: Chansey|Thunderbolt|p1a: Chansey
|-damage|p1a: Chansey|635\/703
|
|turn|4
|choice|switch 6|move 1
|
|switch|p1a: Jynx|Jynx|251\/333 par
|move|p2a: Chansey|Ice Beam|p1a: Jynx
|-crit|p1a: Jynx
|-resisted|p1a: Jynx
|-damage|p1a: Jynx|175\/333 par
|
|turn|5
|choice|move 1|move 4
|
|move|p2a: Chansey|Thunderbolt|p1a: Jynx
|-damage|p1a: Jynx|97\/333 par
|move|p1a: Jynx|Ice Beam|p2a: Chansey
|-damage|p2a: Chansey|606\/703
|
|turn|6
|choice|move 3|move 4
|
|move|p2a: Chansey|Thunderbolt|p1a: Jynx
|-damage|p1a: Jynx|22\/333 par
|move|p1a: Jynx|Rest|p1a: Jynx
|-status|p1a: Jynx|slp
|-heal|p1a: Jynx|333\/333 slp|[silent]
|-status|p1a: Jynx|slp|[from] move: Rest
|
|turn|7
|choice|move 1|switch 3
|
|switch|p2a: Alakazam|Alakazam|313\/313
|cant|p1a: Jynx|slp
|
|turn|8
|choice|move 1|move 1
|
|move|p2a: Alakazam|Psychic|p1a: Jynx
|-resisted|p1a: Jynx
|-damage|p1a: Jynx|261\/333 slp
|-curestatus|p1a: Jynx|slp
|
|turn|9
|choice|move 1|move 4
|
|move|p2a: Alakazam|Thunder Wave|p1a: Jynx
|-status|p1a: Jynx|par
|move|p1a: Jynx|Ice Beam|p2a: Alakazam
|-crit|p2a: Alakazam
|-damage|p2a: Alakazam|142\/313
|
|turn|10
|choice|move 1|move 2
|
|move|p2a: Alakazam|Recover|p2a: Alakazam
|-heal|p2a: Alakazam|298\/313
|move|p1a: Jynx|Ice Beam|p2a: Alakazam
|-crit|p2a: Alakazam
|-damage|p2a: Alakazam|130\/313
|
|turn|11
|choice|move 1|move 2
|
|move|p2a: Alakazam|Recover|p2a: Alakazam
|-heal|p2a: Alakazam|286\/313
|move|p1a: Jynx|Ice Beam|p2a: Alakazam
|-damage|p2a: Alakazam|205\/313
|
|turn|12
|choice|move 1|move 3
|
|move|p2a: Alakazam|Seismic Toss|p1a: Jynx
|-damage|p1a: Jynx|161\/333 par
|move|p1a: Jynx|Ice Beam|p2a: Alakazam
|-damage|p2a: Alakazam|116\/313
|
|turn|13
|choice|move 1|move 2
|
|move|p2a: Alakazam|Recover|p2a: Alakazam
|-heal|p2a: Alakazam|272\/313
|move|p1a: Jynx|Ice Beam|p2a: Alakazam
|-damage|p2a: Alakazam|181\/313
|
|turn|14
|choice|move 1|move 2
|
|move|p2a: Alakazam|Recover|p2a: Alakazam
|-heal|p2a: Alakazam|313\/313
|move|p1a: Jynx|Ice Beam|p2a: Alakazam
|-damage|p2a: Alakazam|230\/313
|-status|p2a: Alakazam|frz
|
|turn|15
|choice|switch 4|switch 5
|
|switch|p2a: Tauros|Tauros|353\/353
|switch|p1a: Slowbro|Slowbro|393\/393
|
|turn|16
|choice|move 3|move 2
|
|move|p2a: Tauros|Body Slam|p1a: Slowbro
|-damage|p1a: Slowbro|305\/393
|move|p1a: Slowbro|Thunder Wave|p2a: Tauros
|-status|p2a: Tauros|par
|
|turn|17
|choice|move 2|move 2
|
|move|p1a: Slowbro|Amnesia|p1a: Slowbro
|-boost|p1a: Slowbro|spd|2
|-boost|p1a: Slowbro|spa|2
|move|p2a: Tauros|Body Slam|p1a: Slowbro
|-damage|p1a: Slowbro|218\/393
|
|turn|18
|choice|move 1|move 2
|
|move|p1a: Slowbro|Surf|p2a: Tauros
|-damage|p2a: Tauros|109\/353 par
|move|p2a: Tauros|Body Slam|p1a: Slowbro
|-damage|p1a: Slowbro|124\/393
|
|turn|19
|choice|move 1|move 4
|
|move|p1a: Slowbro|Surf|p2a: Tauros
|-damage|p2a: Tauros|0 fnt
|faint|p2a: Tauros
|choice||switch 2
|
|switch|p2a: Exeggutor|Exeggutor|393\/393
|turn|20
|choice|move 3|move 3
|
|move|p2a: Exeggutor|Sleep Powder|p1a: Slowbro
|-status|p1a: Slowbro|slp
|cant|p1a: Slowbro|slp
|
|turn|21
|choice|move 3|move 2
|
|move|p2a: Exeggutor|Psychic|p1a: Slowbro
|-crit|p1a: Slowbro
|-resisted|p1a: Slowbro
|-damage|p1a: Slowbro|0 fnt
|faint|p1a: Slowbro
|choice|switch 4|
|
|switch|p1a: Jynx|Jynx|161\/333 par
|turn|22
|j|Diegolh
|choice|move 3|switch 3
|
|switch|p2a: Chansey|Chansey|606\/703
|move|p1a: Jynx|Rest|p1a: Jynx
|-status|p1a: Jynx|slp
|-heal|p1a: Jynx|333\/333 slp|[silent]
|-status|p1a: Jynx|slp|[from] move: Rest
|
|turn|23
|choice|move 1|move 4
|
|move|p2a: Chansey|Thunderbolt|p1a: Jynx
|-crit|p1a: Jynx
|-damage|p1a: Jynx|171\/333 slp
|cant|p1a: Jynx|slp
|
|turn|24
|c| Diegolh|Oh SweetLemonade again
|choice|move 1|move 4
|
|move|p2a: Chansey|Thunderbolt|p1a: Jynx
|-damage|p1a: Jynx|92\/333 slp
|-curestatus|p1a: Jynx|slp
|
|turn|25
|choice|move 3|move 1
|
|move|p2a: Chansey|Ice Beam|p1a: Jynx
|-resisted|p1a: Jynx
|-damage|p1a: Jynx|50\/333
|move|p1a: Jynx|Rest|p1a: Jynx
|-status|p1a: Jynx|slp
|-heal|p1a: Jynx|333\/333 slp|[silent]
|-status|p1a: Jynx|slp|[from] move: Rest
|
|turn|26
|choice|move 1|move 4
|
|move|p2a: Chansey|Thunderbolt|p1a: Jynx
|-damage|p1a: Jynx|258\/333 slp
|cant|p1a: Jynx|slp
|
|turn|27
|choice|move 1|move 4
|
|move|p2a: Chansey|Thunderbolt|p1a: Jynx
|-damage|p1a: Jynx|184\/333 slp
|-curestatus|p1a: Jynx|slp
|
|turn|28
|choice|switch 6|move 3
|
|switch|p1a: Chansey|Chansey|635\/703
|move|p2a: Chansey|Thunder Wave|p1a: Chansey
|-status|p1a: Chansey|par
|
|turn|29
|choice|move 4|move 4
|
|move|p2a: Chansey|Thunderbolt|p1a: Chansey
|-damage|p1a: Chansey|564\/703 par
|move|p1a: Chansey|Thunder Wave|p2a: Chansey
|-status|p2a: Chansey|par
|
|turn|30
|choice|move 2|move 1
|
|move|p2a: Chansey|Ice Beam|p1a: Chansey
|-damage|p1a: Chansey|489\/703 par
|move|p1a: Chansey|Seismic Toss|p2a: Chansey
|-damage|p2a: Chansey|506\/703 par
|
|turn|31
|choice|move 2|move 4
|
|cant|p1a: Chansey|par
|cant|p2a: Chansey|par
|
|turn|32
|choice|move 2|move 4
|
|cant|p1a: Chansey|par
|move|p2a: Chansey|Thunderbolt|p1a: Chansey
|-damage|p1a: Chansey|414\/703 par
|
|turn|33
|choice|move 3|move 1
|
|move|p2a: Chansey|Ice Beam|p1a: Chansey
|-damage|p1a: Chansey|340\/703 par
|cant|p1a: Chansey|par
|
|turn|34
|choice|move 3|move 4
|
|move|p2a: Chansey|Thunderbolt|p1a: Chansey
|-damage|p1a: Chansey|269\/703 par
|move|p1a: Chansey|Soft-Boiled|p1a: Chansey
|-heal|p1a: Chansey|620\/703 par
|
|turn|35
|choice|move 2|move 4
|
|move|p2a: Chansey|Thunderbolt|p1a: Chansey
|-damage|p1a: Chansey|545\/703 par
|move|p1a: Chansey|Seismic Toss|p2a: Chansey
|-damage|p2a: Chansey|406\/703 par
|
|turn|36
|choice|move 2|move 4
|
|cant|p1a: Chansey|par
|move|p2a: Chansey|Thunderbolt|p1a: Chansey
|-damage|p1a: Chansey|470\/703 par
|
|turn|37
|choice|move 2|move 2
|
|move|p2a: Chansey|Soft-Boiled|p2a: Chansey
|-heal|p2a: Chansey|703\/703 par
|move|p1a: Chansey|Seismic Toss|p2a: Chansey
|-damage|p2a: Chansey|603\/703 par
|
|turn|38
|choice|move 2|move 4
|
|move|p2a: Chansey|Thunderbolt|p1a: Chansey
|-damage|p1a: Chansey|399\/703 par
|move|p1a: Chansey|Seismic Toss|p2a: Chansey
|-damage|p2a: Chansey|503\/703 par
|
|turn|39
|choice|move 3|move 4
|
|move|p2a: Chansey|Thunderbolt|p1a: Chansey
|-damage|p1a: Chansey|324\/703 par
|move|p1a: Chansey|Soft-Boiled|p1a: Chansey
|-heal|p1a: Chansey|675\/703 par
|
|turn|40
|choice|move 2|move 1
|
|cant|p1a: Chansey|par
|move|p2a: Chansey|Ice Beam|p1a: Chansey
|-damage|p1a: Chansey|596\/703 par
|
|turn|41
|choice|move 2|move 4
|
|cant|p1a: Chansey|par
|move|p2a: Chansey|Thunderbolt|p1a: Chansey
|-damage|p1a: Chansey|520\/703 par
|
|turn|42
|choice|move 2|move 4
|
|move|p2a: Chansey|Thunderbolt|p1a: Chansey
|-damage|p1a: Chansey|450\/703 par
|cant|p1a: Chansey|par
|
|turn|43
|choice|move 2|move 4
|
|cant|p2a: Chansey|par
|cant|p1a: Chansey|par
|
|turn|44
|choice|move 2|move 4
|
|move|p2a: Chansey|Thunderbolt|p1a: Chansey
|-crit|p1a: Chansey
|-damage|p1a: Chansey|307\/703 par
|move|p1a: Chansey|Seismic Toss|p2a: Chansey
|-damage|p2a: Chansey|403\/703 par
|
|turn|45
|choice|move 3|move 2
|
|move|p1a: Chansey|Soft-Boiled|p1a: Chansey
|-heal|p1a: Chansey|658\/703 par
|cant|p2a: Chansey|par
|
|turn|46
|choice|move 2|move 2
|
|move|p1a: Chansey|Seismic Toss|p2a: Chansey
|-damage|p2a: Chansey|303\/703 par
|move|p2a: Chansey|Soft-Boiled|p2a: Chansey
|-heal|p2a: Chansey|654\/703 par
|
|turn|47
|choice|move 2|move 4
|
|move|p2a: Chansey|Thunderbolt|p1a: Chansey
|-damage|p1a: Chansey|586\/703 par
|move|p1a: Chansey|Seismic Toss|p2a: Chansey
|-damage|p2a: Chansey|554\/703 par
|
|turn|48
|choice|move 2|move 4
|
|move|p2a: Chansey|Thunderbolt|p1a: Chansey
|-damage|p1a: Chansey|510\/703 par
|cant|p1a: Chansey|par
|
|turn|49
|choice|move 2|move 4
|
|cant|p1a: Chansey|par
|move|p2a: Chansey|Thunderbolt|p1a: Chansey
|-damage|p1a: Chansey|430\/703 par
|
|turn|50
|choice|move 2|move 4
|
|move|p1a: Chansey|Seismic Toss|p2a: Chansey
|-damage|p2a: Chansey|454\/703 par
|cant|p2a: Chansey|par
|
|turn|51
|choice|move 2|move 4
|
|move|p2a: Chansey|Thunderbolt|p1a: Chansey
|-damage|p1a: Chansey|358\/703 par
|cant|p1a: Chansey|par
|
|turn|52
|choice|move 3|move 4
|
|move|p1a: Chansey|Soft-Boiled|p1a: Chansey
|-heal|p1a: Chansey|703\/703 par
|move|p2a: Chansey|Thunderbolt|p1a: Chansey
|-crit|p1a: Chansey
|-damage|p1a: Chansey|567\/703 par
|
|turn|53
|choice|move 2|move 4
|
|move|p2a: Chansey|Thunderbolt|p1a: Chansey
|-damage|p1a: Chansey|491\/703 par
|move|p1a: Chansey|Seismic Toss|p2a: Chansey
|-damage|p2a: Chansey|354\/703 par
|
|turn|54
|choice|move 2|move 2
|
|move|p1a: Chansey|Seismic Toss|p2a: Chansey
|-damage|p2a: Chansey|254\/703 par
|move|p2a: Chansey|Soft-Boiled|p2a: Chansey
|-heal|p2a: Chansey|605\/703 par
|
|turn|55
|choice|move 2|move 4
|
|move|p1a: Chansey|Seismic Toss|p2a: Chansey
|-damage|p2a: Chansey|505\/703 par
|cant|p2a: Chansey|par
|
|turn|56
|choice|move 1|move 4
|
|cant|p2a: Chansey|par
|move|p1a: Chansey|Ice Beam|p2a: Chansey
|-damage|p2a: Chansey|426\/703 par
|
|turn|57
|choice|move 2|move 4
|
|move|p2a: Chansey|Thunderbolt|p1a: Chansey
|-damage|p1a: Chansey|415\/703 par
|move|p1a: Chansey|Seismic Toss|p2a: Chansey
|-damage|p2a: Chansey|326\/703 par
|
|turn|58
|choice|move 3|move 2
|
|move|p1a: Chansey|Soft-Boiled|p1a: Chansey
|-heal|p1a: Chansey|703\/703 par
|move|p2a: Chansey|Soft-Boiled|p2a: Chansey
|-heal|p2a: Chansey|677\/703 par
|
|turn|59
|choice|move 1|move 1
|
|move|p1a: Chansey|Ice Beam|p2a: Chansey
|-crit|p2a: Chansey
|-damage|p2a: Chansey|540\/703 par
|move|p2a: Chansey|Ice Beam|p1a: Chansey
|-damage|p1a: Chansey|625\/703 par
|
|turn|60
|choice|move 2|move 1
|
|move|p1a: Chansey|Seismic Toss|p2a: Chansey
|-damage|p2a: Chansey|440\/703 par
|move|p2a: Chansey|Ice Beam|p1a: Chansey
|-damage|p1a: Chansey|552\/703 par
|
|turn|61
|choice|move 2|move 1
|
|cant|p2a: Chansey|par
|cant|p1a: Chansey|par
|
|turn|62
|choice|move 2|move 3
|
|cant|p1a: Chansey|par
|move|p2a: Chansey|Thunder Wave|p1a: Chansey
|-fail|p1a: Chansey|par
|
|turn|63
|choice|move 2|move 3
|
|move|p1a: Chansey|Seismic Toss|p2a: Chansey
|-damage|p2a: Chansey|340\/703 par
|move|p2a: Chansey|Thunder Wave|p1a: Chansey
|-fail|p1a: Chansey|par
|
|turn|64
|choice|switch 2|move 2
|
|switch|p1a: Tauros|Tauros|353\/353
|cant|p2a: Chansey|par
|
|turn|65
|choice|move 2|switch 6
|
|switch|p2a: Golem|Golem|363\/363
|move|p1a: Tauros|Body Slam|p2a: Golem
|-crit|p2a: Golem
|-resisted|p2a: Golem
|-damage|p2a: Golem|287\/363
|
|turn|66
|choice|move 1|move 2
|
|move|p1a: Tauros|Blizzard|p2a: Golem
|-supereffective|p2a: Golem
|-damage|p2a: Golem|53\/363
|move|p2a: Golem|Earthquake|p1a: Tauros
|-damage|p1a: Tauros|215\/353
|
|turn|67
|choice|move 3|move 1
|
|move|p1a: Tauros|Earthquake|p2a: Golem
|-crit|p2a: Golem
|-supereffective|p2a: Golem
|-damage|p2a: Golem|0 fnt
|faint|p2a: Golem
|choice||switch 5
|
|switch|p2a: Alakazam|Alakazam|230\/313 frz
|turn|68
|choice|move 2|move 1
|
|cant|p2a: Alakazam|frz
|move|p1a: Tauros|Body Slam|p2a: Alakazam
|-damage|p2a: Alakazam|72\/313 frz
|
|turn|69
|choice|move 2|move 1
|
|cant|p2a: Alakazam|frz
|move|p1a: Tauros|Body Slam|p2a: Alakazam
|-crit|p2a: Alakazam
|-damage|p2a: Alakazam|0 fnt
|faint|p2a: Alakazam
|choice||switch 6
|
|switch|p2a: Chansey|Chansey|340\/703 par
|turn|70
|choice|move 4|move 1
|
|move|p1a: Tauros|Hyper Beam|p2a: Chansey
|-damage|p2a: Chansey|0 fnt
|faint|p2a: Chansey
|choice||switch 3
|
|switch|p2a: Exeggutor|Exeggutor|393\/393
|turn|71
|choice|switch 2|move 2
|
|switch|p1a: Chansey|Chansey|552\/703 par
|move|p2a: Exeggutor|Psychic|p1a: Chansey
|-crit|p1a: Chansey
|-damage|p1a: Chansey|311\/703 par
|
|turn|72
|choice|move 3|move 2
|
|move|p2a: Exeggutor|Psychic|p1a: Chansey
|-damage|p1a: Chansey|200\/703 par
|cant|p1a: Chansey|par
|
|turn|73
|choice|move 3|move 2
|
|move|p2a: Exeggutor|Psychic|p1a: Chansey
|-damage|p1a: Chansey|83\/703 par
|move|p1a: Chansey|Soft-Boiled|p1a: Chansey
|-heal|p1a: Chansey|434\/703 par
|
|turn|74
|choice|move 3|move 2
|
|move|p2a: Exeggutor|Psychic|p1a: Chansey
|-damage|p1a: Chansey|323\/703 par
|-unboost|p1a: Chansey|spd|1
|-unboost|p1a: Chansey|spa|1
|move|p1a: Chansey|Soft-Boiled|p1a: Chansey
|-heal|p1a: Chansey|674\/703 par
|
|turn|75
|choice|switch 6|move 2
|
|switch|p1a: Jynx|Jynx|184\/333
|move|p2a: Exeggutor|Psychic|p1a: Jynx
|-resisted|p1a: Jynx
|-damage|p1a: Jynx|123\/333
|
|turn|76
|choice|move 1|move 3
|
|move|p1a: Jynx|Ice Beam|p2a: Exeggutor
|-crit|p2a: Exeggutor
|-supereffective|p2a: Exeggutor
|-damage|p2a: Exeggutor|31\/393
|move|p2a: Exeggutor|Sleep Powder|p1a: Jynx
|-status|p1a: Jynx|slp
|
|turn|77
|choice|move 1|move 1
|
|-curestatus|p1a: Jynx|slp
|move|p2a: Exeggutor|Explosion|p1a: Jynx
|-damage|p1a: Jynx|0 fnt
|faint|p1a: Jynx
|faint|p2a: Exeggutor
|choice|switch 2|switch 4
|
|switch|p1a: Tauros|Tauros|215\/353
|switch|p2a: Jynx|Jynx|333\/333 slp
|turn|78
|choice|move 4|move 2
|
|move|p1a: Tauros|Hyper Beam|p2a: Jynx
|-damage|p2a: Jynx|30\/333 slp
|cant|p2a: Jynx|slp
|
|turn|79
|-mustrecharge|p1a: Tauros
|-mustrecharge|p1a: Tauros
|choice|move 1|move 2
|
|cant|p1a: Tauros|recharge
|cant|p2a: Jynx|slp
|
|turn|80
|choice|move 2|move 2
|
|move|p1a: Tauros|Body Slam|p2a: Jynx
|-crit|p2a: Jynx
|-damage|p2a: Jynx|0 fnt
|faint|p2a: Jynx
|
|win|Abstrix
|player|p1
|player|p2
|raw|Abstrix's rating: 1265 &rarr; <strong>1282<\/strong><br \/>(+17 for winning)
|raw|SweetLemonade's rating: 1161 &rarr; <strong>1143<\/strong><br \/>(-18 for losing)
|l|SweetLemonade
|l|Diegolh