|join|Agarest
|join|nice thighs
|player|p1|Agarest|161
|player|p2|nice thighs|247
|gametype|singles
|gen|1
|tier|[Gen 1] Random Battle
|rated
|seed|37712,22055,55113,36625
|rule|Sleep Clause Mod: Limit one foe put to sleep
|rule|Freeze Clause Mod: Limit one foe frozen
|rule|HP Percentage Mod: HP is shown in percentages
|
|start
|switch|p1a: Ponyta|Ponyta, L96|291\/291
|switch|p2a: Mew|Mew, L74|300\/300
|turn|1
|choice|move 4|move 3
|
|move|p1a: Ponyta|Fire Blast|p2a: Mew
|-damage|p2a: Mew|174\/300
|move|p2a: Mew|Psychic|p1a: Ponyta
|-damage|p1a: Ponyta|206\/291
|-unboost|p1a: Ponyta|spd|1
|-unboost|p1a: Ponyta|spa|1
|
|turn|2
|choice|move 4|move 3
|
|move|p1a: Ponyta|Fire Blast|p2a: Mew
|-damage|p2a: Mew|87\/300
|move|p2a: Mew|Psychic|p1a: Ponyta
|-damage|p1a: Ponyta|82\/291
|
|turn|3
|choice|switch 5|switch 5
|
|switch|p1a: Starmie|Starmie, L79|257\/257
|switch|p2a: Rapidash|Rapidash, L90|300\/300
|
|turn|4
|choice|move 2|switch 4
|
|switch|p2a: Porygon|Porygon, L85|284\/284
|move|p1a: Starmie|Surf|p2a: Porygon
|-crit|p2a: Porygon
|-damage|p2a: Porygon|96\/284
|
|turn|5
|choice|move 2|move 1
|
|move|p1a: Starmie|Surf|p2a: Porygon
|-crit|p2a: Porygon
|-damage|p2a: Porygon|0 fnt
|faint|p2a: Porygon
|choice||switch 5
|
|switch|p2a: Mew|Mew, L74|87\/300
|turn|6
|choice|move 2|move 4
|
|move|p1a: Starmie|Surf|p2a: Mew
|-crit|p2a: Mew
|-damage|p2a: Mew|0 fnt
|faint|p2a: Mew
|choice||switch 3
|
|switch|p2a: Dratini|Dratini, L96|274\/274
|turn|7
|choice|switch 2|move 4
|
|switch|p1a: Bellsprout|Bellsprout, L96|291\/291
|move|p2a: Dratini|Agility|p2a: Dratini
|-boost|p2a: Dratini|spe|2
|
|turn|8
|choice|move 1|switch 2
|
|switch|p2a: Ekans|Ekans, L96|262\/262
|move|p1a: Bellsprout|Sleep Powder|p2a: Ekans
|-status|p2a: Ekans|slp
|
|turn|9
|choice|switch 2|switch 4
|
|switch|p2a: Rapidash|Rapidash, L90|300\/300
|switch|p1a: Starmie|Starmie, L79|257\/257
|
|turn|10
|choice|move 2|switch 2
|
|switch|p2a: Dratini|Dratini, L96|274\/274
|move|p1a: Starmie|Surf|p2a: Dratini
|-crit|p2a: Dratini
|-resisted|p2a: Dratini
|-damage|p2a: Dratini|160\/274
|
|turn|11
|choice|move 4|switch 4
|
|switch|p2a: Ekans|Ekans, L96|262\/262 slp
|move|p1a: Starmie|Blizzard|p2a: Ekans
|-damage|p2a: Ekans|165\/262 slp
|
|turn|12
|choice|move 2|move 2
|
|move|p1a: Starmie|Surf|p2a: Ekans
|-damage|p2a: Ekans|52\/262 slp
|cant|p2a: Ekans|slp
|
|turn|13
|choice|move 2|move 2
|
|move|p1a: Starmie|Surf|p2a: Ekans
|-crit|p2a: Ekans
|-damage|p2a: Ekans|0 fnt
|faint|p2a: Ekans
|choice||switch 4
|
|switch|p2a: Dratini|Dratini, L96|160\/274
|turn|14
|choice|move 4|move 4
|
|move|p1a: Starmie|Blizzard|p2a: Dratini
|-supereffective|p2a: Dratini
|-damage|p2a: Dratini|0 fnt
|faint|p2a: Dratini
|-message|nice thighs forfeited.
|
|win|Agarest
|leave|nice thighs
|player|p2
|raw|Agarest's rating: 1369 &rarr; <strong>1390<\/strong><br \/>(+21 for winning)
|raw|nice thighs's rating: 1382 &rarr; <strong>1362<\/strong><br \/>(-20 for losing)
|c|★Agarest|Owned. ;D