|join|Caesar Augustus
|join|alijahTrainer118
|player|p1|Caesar Augustus|253
|player|p2|alijahTrainer118|266
|gametype|singles
|gen|1
|tier|[Gen 1] Random Battle
|rated
|seed|15503,23120,48905,42166
|rule|Sleep Clause Mod: Limit one foe put to sleep
|rule|Freeze Clause Mod: Limit one foe frozen
|rule|HP Percentage Mod: HP is shown in percentages
|
|start
|switch|p1a: Geodude|Geodude, L96|272\/272
|switch|p2a: Gastly|Gastly, L96|252\/252
|turn|1
|choice|move 1|move 1
|
|move|p2a: Gastly|Hypnosis|p1a: Geodude
|-status|p1a: Geodude|slp
|cant|p1a: Geodude|slp
|
|turn|2
|choice|switch 2|move 3
|
|switch|p1a: Rhyhorn|Rhyhorn, L96|348\/348
|move|p2a: Gastly|Psychic|p1a: Rhyhorn
|-damage|p1a: Rhyhorn|224\/348
|-unboost|p1a: Rhyhorn|spd|1
|-unboost|p1a: Rhyhorn|spa|1
|
|turn|3
|choice|move 4|move 1
|
|move|p2a: Gastly|Hypnosis|p1a: Rhyhorn|[miss]
|-miss|p2a: Gastly
|move|p1a: Rhyhorn|Earthquake|p2a: Gastly
|-supereffective|p2a: Gastly
|-damage|p2a: Gastly|0 fnt
|faint|p2a: Gastly
|choice||switch 2
|
|switch|p2a: Kabutops|Kabutops, L85|276\/276
|turn|4
|choice|move 4|move 3
|
|move|p2a: Kabutops|Surf|p1a: Rhyhorn
|-crit|p1a: Rhyhorn
|-supereffective|p1a: Rhyhorn
|-damage|p1a: Rhyhorn|0 fnt
|faint|p1a: Rhyhorn
|choice|switch 6|
|
|switch|p1a: Arbok|Arbok, L90|291\/291
|turn|5
|choice|move 1|switch 6
|
|switch|p2a: Lickitung|Lickitung, L90|345\/345
|move|p1a: Arbok|Glare|p2a: Lickitung
|-status|p2a: Lickitung|par
|
|turn|6
|c|★alijahTrainer118|les go
|choice|move 2|move 1
|
|move|p1a: Arbok|Body Slam|p2a: Lickitung
|-damage|p2a: Lickitung|279\/345 par
|move|p2a: Lickitung|Earthquake|p1a: Arbok
|-supereffective|p1a: Arbok
|-damage|p1a: Arbok|166\/291
|
|turn|7
|choice|move 2|move 1
|
|move|p1a: Arbok|Body Slam|p2a: Lickitung
|-damage|p2a: Lickitung|209\/345 par
|move|p2a: Lickitung|Earthquake|p1a: Arbok
|-supereffective|p1a: Arbok
|-damage|p1a: Arbok|36\/291
|
|turn|8
|choice|move 3|move 2
|
|move|p1a: Arbok|Hyper Beam|p2a: Lickitung
|-damage|p2a: Lickitung|87\/345 par
|move|p2a: Lickitung|Body Slam|p1a: Arbok
|-damage|p1a: Arbok|0 fnt
|faint|p1a: Arbok
|choice|switch 5|
|
|switch|p1a: Mew|Mew, L74|300\/300
|turn|9
|choice|move 3|move 1
|
|move|p1a: Mew|Swords Dance|p1a: Mew
|-boost|p1a: Mew|atk|2
|move|p2a: Lickitung|Earthquake|p1a: Mew
|-damage|p1a: Mew|241\/300
|
|turn|10
|choice|move 2|move 2
|
|move|p1a: Mew|Hyper Beam|p2a: Lickitung
|-damage|p2a: Lickitung|0 fnt
|faint|p2a: Lickitung
|choice||switch 3
|
|switch|p2a: Hitmonchan|Hitmonchan, L90|273\/273
|turn|11
|c|★alijahTrainer118|woohoo
|choice|move 4|move 2
|
|move|p2a: Hitmonchan|Submission|p1a: Mew
|-resisted|p1a: Mew
|-damage|p1a: Mew|185\/300
|-damage|p2a: Hitmonchan|259\/273|[from] recoil|[of] p1a: Mew
|move|p1a: Mew|Swift|p2a: Hitmonchan
|-damage|p2a: Hitmonchan|190\/273
|
|turn|12
|choice|move 4|move 1
|
|move|p2a: Hitmonchan|Seismic Toss|p1a: Mew
|-damage|p1a: Mew|95\/300
|move|p1a: Mew|Swift|p2a: Hitmonchan
|-damage|p2a: Hitmonchan|119\/273
|
|turn|13
|choice|move 2|move 2
|
|move|p2a: Hitmonchan|Submission|p1a: Mew|[miss]
|-miss|p2a: Hitmonchan
|move|p1a: Mew|Hyper Beam|p2a: Hitmonchan
|-damage|p2a: Hitmonchan|0 fnt
|faint|p2a: Hitmonchan
|choice||switch 5
|
|switch|p2a: Ninetales|Ninetales, L85|298\/298
|turn|14
|choice|move 2|move 1
|
|move|p2a: Ninetales|Fire Blast|p1a: Mew
|-crit|p1a: Mew
|-damage|p1a: Mew|0 fnt
|faint|p1a: Mew
|choice|switch 2|
|
|switch|p1a: Geodude|Geodude, L96|272\/272 slp
|turn|15
|choice|move 1|switch 6
|
|switch|p2a: Kabutops|Kabutops, L85|276\/276
|cant|p1a: Geodude|slp
|
|turn|16
|choice|move 1|move 3
|
|move|p2a: Kabutops|Surf|p1a: Geodude
|-supereffective|p1a: Geodude
|-damage|p1a: Geodude|0 fnt
|faint|p1a: Geodude
|choice|switch 4|
|
|switch|p1a: Ditto|Ditto, L99|296\/296
|turn|17
|choice|move 1|move 2
|
|move|p2a: Kabutops|Body Slam|p1a: Ditto
|-damage|p1a: Ditto|209\/296
|move|p1a: Ditto|Transform|p2a: Kabutops
|-transform|p1a: Ditto|p2a: Kabutops
|
|turn|18
|choice|move 2|move 3
|
|move|p2a: Kabutops|Surf|p1a: Ditto
|-damage|p1a: Ditto|109\/296
|move|p1a: Ditto|Body Slam|p2a: Kabutops
|-resisted|p2a: Kabutops
|-damage|p2a: Kabutops|253\/276
|-status|p2a: Kabutops|par
|
|turn|19
|choice|move 3|move 3
|
|move|p1a: Ditto|Surf|p2a: Kabutops
|-crit|p2a: Kabutops
|-damage|p2a: Kabutops|26\/276 par
|move|p2a: Kabutops|Surf|p1a: Ditto
|-damage|p1a: Ditto|6\/296
|
|turn|20
|choice|move 3|move 1
|
|move|p1a: Ditto|Surf|p2a: Kabutops
|-damage|p2a: Kabutops|0 fnt
|faint|p2a: Kabutops
|choice||switch 4
|
|switch|p2a: Pidgeotto|Pidgeotto, L90|297\/297
|turn|21
|choice|move 1|move 3
|
|move|p2a: Pidgeotto|Mirror Move|p2a: Pidgeotto
|move|p2a: Pidgeotto|Surf|p1a: Ditto|[from]Mirror Move
|-damage|p1a: Ditto|0 fnt
|faint|p1a: Ditto
|choice|switch 3|
|
|switch|p1a: Articuno|Articuno, L79|304\/304
|turn|22
|choice|move 2|move 1
|
|move|p2a: Pidgeotto|Double-Edge|p1a: Articuno
|-damage|p1a: Articuno|213\/304
|-damage|p2a: Pidgeotto|275\/297|[from] recoil|[of] p1a: Articuno
|move|p1a: Articuno|Blizzard|p2a: Pidgeotto
|-supereffective|p2a: Pidgeotto
|-damage|p2a: Pidgeotto|0 fnt
|faint|p2a: Pidgeotto
|choice||switch 6
|
|switch|p2a: Ninetales|Ninetales, L85|298\/298
|turn|23
|choice|move 2|move 1
|
|move|p2a: Ninetales|Fire Blast|p1a: Articuno
|-supereffective|p1a: Articuno
|-damage|p1a: Articuno|0 fnt
|faint|p1a: Articuno
|
|win|alijahTrainer118
|c|★Caesar Augustus|gg
|leave|Caesar Augustus
|player|p1
|raw|Caesar Augustus's rating: 1200 &rarr; <strong>1162<\/strong><br \/>(-38 for losing)
|raw|alijahTrainer118's rating: 1000 &rarr; <strong>1061<\/strong><br \/>(+61 for winning)