|join|andrewandres
|join|SANTYRPG
|player|p1|andrewandres|16
|player|p2|SANTYRPG|33
|gametype|singles
|gen|1
|tier|[Gen 1] Random Battle
|rule|Sleep Clause Mod: Limit one foe put to sleep
|rule|Freeze Clause Mod: Limit one foe frozen
|rule|HP Percentage Mod: HP is shown in percentages
|
|start
|switch|p1a: Bulbasaur|Bulbasaur, L96|281\/281
|switch|p2a: Golduck|Golduck, L85|310\/310
|turn|1
|join|Gogods Goku Gamer
|
|switch|p2a: Charizard|Charizard, L85|306\/306
|move|p1a: Bulbasaur|Sleep Powder|p2a: Charizard
|-status|p2a: Charizard|slp
|
|turn|2
|
|cant|p2a: Charizard|slp
|move|p1a: Bulbasaur|Swords Dance|p1a: Bulbasaur
|-boost|p1a: Bulbasaur|atk|2
|
|turn|3
|join|luisitorojo
|
|cant|p2a: Charizard|slp
|move|p1a: Bulbasaur|Body Slam|p2a: Charizard
|-damage|p2a: Charizard|199\/306 slp
|
|turn|4
|c| Gogods Goku Gamer|andrew se supone que es un gg isi tuyo
|
|cant|p2a: Charizard|slp
|move|p1a: Bulbasaur|Body Slam|p2a: Charizard
|-damage|p2a: Charizard|82\/306 slp
|
|turn|5
|c|★andrewandres|esper...
|c|★andrewandres|XD
|c|★andrewandres|espero*
|
|cant|p2a: Charizard|slp
|-curestatus|p2a: Charizard|slp
|move|p1a: Bulbasaur|Body Slam|p2a: Charizard
|-damage|p2a: Charizard|0 fnt
|faint|p2a: Charizard
|c|★andrewandres|me ha tocado un team caca
|c| Gogods Goku Gamer|kk=ash?
|
|switch|p2a: Golbat|Golbat, L90|318\/318
|turn|6
|
|move|p2a: Golbat|Hyper Beam|p1a: Bulbasaur
|-damage|p1a: Bulbasaur|148\/281
|move|p1a: Bulbasaur|Sleep Powder|p2a: Golbat
|-status|p2a: Golbat|slp
|
|turn|7
|-mustrecharge|p2a: Golbat
|-mustrecharge|p2a: Golbat
|
|cant|p2a: Golbat|recharge
|move|p1a: Bulbasaur|Body Slam|p2a: Golbat
|-damage|p2a: Golbat|200\/318 slp
|
|turn|8
|
|cant|p2a: Golbat|slp
|move|p1a: Bulbasaur|Leech Seed|p2a: Golbat
|-start|p2a: Golbat|move: Leech Seed
|
|turn|9
|
|cant|p2a: Golbat|slp
|-damage|p2a: Golbat|181\/318 slp|[from] Leech Seed|[of] p1a: Bulbasaur
|-heal|p1a: Bulbasaur|167\/281|[silent]
|move|p1a: Bulbasaur|Body Slam|p2a: Golbat
|-crit|p2a: Golbat
|-damage|p2a: Golbat|79\/318 slp
|
|turn|10
|c|★andrewandres|quita 6
|c|★andrewandres|y me relleno 7
|c|★andrewandres|muajajaja :V
|
|cant|p2a: Golbat|slp
|-damage|p2a: Golbat|60\/318 slp|[from] Leech Seed|[of] p1a: Bulbasaur
|-heal|p1a: Bulbasaur|186\/281|[silent]
|-curestatus|p2a: Golbat|slp
|move|p1a: Bulbasaur|Body Slam|p2a: Golbat
|-damage|p2a: Golbat|0 fnt
|faint|p2a: Golbat
|
|switch|p2a: Mewtwo|Mewtwo, L70|293\/293
|turn|11
|c| Gogods Goku Gamer|:v
|
|move|p2a: Mewtwo|Ice Beam|p1a: Bulbasaur
|-supereffective|p1a: Bulbasaur
|-damage|p1a: Bulbasaur|51\/281
|move|p1a: Bulbasaur|Sleep Powder|p2a: Mewtwo
|-status|p2a: Mewtwo|slp
|
|turn|12
|c|★SANTYRPG|encerio
|c| Gogods Goku Gamer|xq bajaste tanto
|c|★andrewandres|enserio*
|c| Gogods Goku Gamer|en ladder
|c|★andrewandres|aprende a escribir
|c|★andrewandres|malos dias..
|c|★andrewandres|encima el primero
|c|★andrewandres|nda con mas de 1500
|c| Gogods Goku Gamer|mala luki
|c|★SANTYRPG|un bulbasaur aguanta un golpe super eficaz de mew two
|c|★SANTYRPG|wtf
|
|cant|p2a: Mewtwo|slp
|move|p1a: Bulbasaur|Body Slam|p2a: Mewtwo
|-damage|p2a: Mewtwo|164\/293 slp
|
|turn|13
|c| Gogods Goku Gamer|ojo
|c| luisitorojo|ese bulbasur es inmortal
|c|★andrewandres|si supieras un pelin..
|c| Gogods Goku Gamer|que viene el critic
|c|★andrewandres|sabrias queno es STAB
|
|cant|p2a: Mewtwo|slp
|-curestatus|p2a: Mewtwo|slp
|move|p1a: Bulbasaur|Body Slam|p2a: Mewtwo
|-damage|p2a: Mewtwo|41\/293
|
|turn|14
|
|move|p2a: Mewtwo|Ice Beam|p1a: Bulbasaur
|-supereffective|p1a: Bulbasaur
|-damage|p1a: Bulbasaur|0 fnt
|faint|p1a: Bulbasaur
|c|★SANTYRPG|siiiiiii
|
|switch|p1a: Rapidash|Rapidash, L90|300\/300
|turn|15
|c|★SANTYRPG|in your face
|c| Gogods Goku Gamer|nunca dijo STAB
|c|★andrewandres|descuida
|c|★andrewandres|atacame
|c|★andrewandres|si eres valiente
|c|★SANTYRPG|pues nolo soy
|
|switch|p2a: Blastoise|Blastoise, L85|308\/308
|move|p1a: Rapidash|Body Slam|p2a: Blastoise
|-damage|p2a: Blastoise|248\/308
|
|turn|16
|c|★andrewandres|pues no ataques
|
|switch|p1a: Kingler|Kingler, L85|267\/267
|move|p2a: Blastoise|Surf|p1a: Kingler
|-resisted|p1a: Kingler
|-damage|p1a: Kingler|201\/267
|
|turn|17
|
|move|p2a: Blastoise|Body Slam|p1a: Kingler
|-damage|p1a: Kingler|152\/267
|move|p1a: Kingler|Swords Dance|p1a: Kingler
|-boost|p1a: Kingler|atk|2
|
|turn|18
|
|move|p2a: Blastoise|Body Slam|p1a: Kingler
|-damage|p1a: Kingler|105\/267
|move|p1a: Kingler|Body Slam|p2a: Blastoise
|-damage|p2a: Blastoise|111\/308
|-status|p2a: Blastoise|par
|
|turn|19
|c|★SANTYRPG|venga y yo no paralizo
|
|move|p1a: Kingler|Body Slam|p2a: Blastoise
|-damage|p2a: Blastoise|0 fnt
|faint|p2a: Blastoise
|c|★andrewandres|son unos trucos
|c|★andrewandres|que tengo
|c|★andrewandres|goku
|c|★andrewandres|no se los digas eh
|c|★andrewandres|jajajajaja
|c|★SANTYRPG|jaja
|
|switch|p2a: Mewtwo|Mewtwo, L70|41\/293
|turn|20
|c| Gogods Goku Gamer|:v
|
|move|p2a: Mewtwo|Psychic|p1a: Kingler
|-damage|p1a: Kingler|0 fnt
|faint|p1a: Kingler
|
|switch|p1a: Wartortle|Wartortle, L85|274\/274
|turn|21
|c|★SANTYRPG|wartortle?
|c|★SANTYRPG|no me fio tiene maldad en sus ojos
|
|move|p2a: Mewtwo|Psychic|p1a: Wartortle
|-damage|p1a: Wartortle|172\/274
|move|p1a: Wartortle|Body Slam|p2a: Mewtwo
|-damage|p2a: Mewtwo|0 fnt
|faint|p2a: Mewtwo
|c|★SANTYRPG|lo sabia
|
|switch|p2a: Golduck|Golduck, L85|310\/310
|turn|22
|c|★andrewandres|por loq ue mas quieras
|c|★andrewandres|haaax
|c|★andrewandres|yo teinvoco
|c|★andrewandres|para que vengas a mi favor
|c|★andrewandres|paraliza con este golpe cuerpo
|c|★andrewandres|te lo ordeno
|c|★andrewandres|y te lo imploro
|c|★andrewandres|¡¡
|c|★andrewandres|ataca body slam ¡¡
|
|move|p2a: Golduck|Body Slam|p1a: Wartortle
|-damage|p1a: Wartortle|113\/274
|move|p1a: Wartortle|Body Slam|p2a: Golduck
|-damage|p2a: Golduck|258\/310
|-status|p2a: Golduck|par
|
|turn|23
|c| luisitorojo|looool
|c|★andrewandres|jejejejejejejeje
|c|★SANTYRPG|naaaaaa really
|c|★andrewandres|mis canticos
|c|★andrewandres|han sidos escuchados
|c| luisitorojo|ya ves
|
|move|p1a: Wartortle|Body Slam|p2a: Golduck
|-crit|p2a: Golduck
|-damage|p2a: Golduck|155\/310 par
|move|p2a: Golduck|Body Slam|p1a: Wartortle
|-damage|p1a: Wartortle|52\/274
|
|turn|24
|c|★SANTYRPG|pues lo mismo deigo yo
|
|move|p1a: Wartortle|Rest|p1a: Wartortle
|-status|p1a: Wartortle|slp
|-heal|p1a: Wartortle|274\/274 slp|[silent]
|-status|p1a: Wartortle|slp|[from] move: Rest
|cant|p2a: Golduck|par
|
|turn|25
|
|cant|p1a: Wartortle|slp
|cant|p2a: Golduck|par
|
|turn|26
|c| Gogods Goku Gamer|~h~
|c| Gogods Goku Gamer|mhh
|
|cant|p1a: Wartortle|slp
|-curestatus|p1a: Wartortle|slp
|move|p2a: Golduck|Rest|p2a: Golduck
|-status|p2a: Golduck|slp
|-heal|p2a: Golduck|310\/310 slp|[silent]
|-status|p2a: Golduck|slp|[from] move: Rest
|
|turn|27
|c|★andrewandres|mierda..
|c|★andrewandres|mis click
|
|switch|p1a: Golem|Golem, L79|288\/288
|cant|p2a: Golduck|slp
|
|turn|28
|c| Gogods Goku Gamer|~h~
|
|move|p1a: Golem|Explosion|p2a: Golduck
|-damage|p2a: Golduck|49\/310 slp
|faint|p1a: Golem
|
|switch|p1a: Rapidash|Rapidash, L90|300\/300
|turn|29
|c|★SANTYRPG|looooooooool
|c|★andrewandres|jejejejejejej
|c| Gogods Goku Gamer|s~~
|join|Colchon Pikolin
|
|move|p1a: Rapidash|Body Slam|p2a: Golduck
|-damage|p2a: Golduck|0 fnt
|faint|p2a: Golduck
|c|★SANTYRPG|su madre
|
|switch|p2a: Lickitung|Lickitung, L90|345\/345
|turn|30
|
|switch|p1a: Venonat|Venonat, L96|310\/310
|move|p2a: Lickitung|Swords Dance|p2a: Lickitung
|-boost|p2a: Lickitung|atk|2
|
|turn|31
|c| Gogods Goku Gamer|~~sd~~
|
|move|p1a: Venonat|Stun Spore|p2a: Lickitung
|-status|p2a: Lickitung|par
|move|p2a: Lickitung|Body Slam|p1a: Venonat
|-damage|p1a: Venonat|138\/310
|
|turn|32
|
|move|p1a: Venonat|Psychic|p2a: Lickitung
|-damage|p2a: Lickitung|290\/345 par
|-unboost|p2a: Lickitung|spd|1
|-unboost|p2a: Lickitung|spa|1
|move|p2a: Lickitung|Body Slam|p1a: Venonat
|-damage|p1a: Venonat|0 fnt
|faint|p1a: Venonat
|
|switch|p1a: Wartortle|Wartortle, L85|274\/274
|turn|33
|c| Gogods Goku Gamer|los ~~hacks~~ trucos de andrew son facinantes :v
|c|★SANTYRPG|aun puedo ganar
|
|move|p1a: Wartortle|Blizzard|p2a: Lickitung
|-damage|p2a: Lickitung|171\/345 par
|move|p2a: Lickitung|Body Slam|p1a: Wartortle
|-damage|p1a: Wartortle|108\/274
|
|turn|34
|c| Colchon Pikolin|era hyperbean ahi
|c| Gogods Goku Gamer|yiyi
|
|move|p1a: Wartortle|Blizzard|p2a: Lickitung
|-damage|p2a: Lickitung|48\/345 par
|cant|p2a: Lickitung|par
|
|turn|35
|c|★andrewandres|jejejejejeje
|c| Colchon Pikolin|yiyi
|c|★SANTYRPG|no TT-T
|c|★SANTYRPG|TT-TT
|c| Gogods Goku Gamer|si
|
|move|p1a: Wartortle|Blizzard|p2a: Lickitung
|-damage|p2a: Lickitung|0 fnt
|faint|p2a: Lickitung
|
|win|andrewandres
|c| Gogods Goku Gamer|C: