|j|Prof.Seymour
|j|gambit509
|player|p1|Prof.Seymour|117
|player|p2|gambit509|170
|gametype|singles
|gen|1
|tier|[Gen 1] OU
|rated
|seed|
|rule|Sleep Clause Mod: Limit one foe put to sleep
|rule|Freeze Clause Mod: Limit one foe frozen
|rule|Species Clause: Limit one of each Pokémon
|rule|OHKO Clause: OHKO moves are banned
|rule|Evasion Moves Clause: Evasion moves are banned
|rule|HP Percentage Mod: HP is shown in percentages
|
|start
|switch|p1a: The Dutchess|Jynx|100\/100
|switch|p2a: Gengar|Gengar|100\/100
|turn|1
|choice||
|
|move|p2a: Gengar|Confuse Ray|p1a: The Dutchess
|-start|p1a: The Dutchess|confusion
|-activate|p1a: The Dutchess|confusion
|move|p1a: The Dutchess|Psychic|p2a: Gengar
|-supereffective|p2a: Gengar
|-damage|p2a: Gengar|50\/100
|
|turn|2
|choice||
|
|switch|p2a: Golem|Golem|100\/100
|-activate|p1a: The Dutchess|confusion
|-damage|p1a: The Dutchess|88\/100|[from] confusion
|
|turn|3
|choice||
|
|-end|p1a: The Dutchess|confusion
|move|p1a: The Dutchess|Ice Beam|p2a: Golem
|-supereffective|p2a: Golem
|-damage|p2a: Golem|19\/100
|move|p2a: Golem|Rock Slide|p1a: The Dutchess
|-supereffective|p1a: The Dutchess
|-damage|p1a: The Dutchess|0 fnt
|faint|p1a: The Dutchess
|choice||
|
|switch|p1a: Snowdrop|Vaporeon|100\/100
|turn|4
|choice||
|
|move|p1a: Snowdrop|Ice Beam|p2a: Golem
|-supereffective|p2a: Golem
|-damage|p2a: Golem|0 fnt
|faint|p2a: Golem
|choice||
|
|switch|p2a: Gengar|Gengar|50\/100
|turn|5
|j|Antosh
|l|Antosh
|choice||
|
|move|p2a: Gengar|Thunderbolt|p1a: Snowdrop
|-crit|p1a: Snowdrop
|-supereffective|p1a: Snowdrop
|-damage|p1a: Snowdrop|27\/100
|move|p1a: Snowdrop|Ice Beam|p2a: Gengar
|-damage|p2a: Gengar|29\/100
|
|turn|6
|choice||
|
|move|p2a: Gengar|Thunderbolt|p1a: Snowdrop
|-supereffective|p1a: Snowdrop
|-damage|p1a: Snowdrop|0 fnt
|faint|p1a: Snowdrop
|choice||
|
|switch|p1a: Jaberwock|Snorlax|100\/100
|turn|7
|choice||
|
|move|p2a: Gengar|Confuse Ray|p1a: Jaberwock
|-start|p1a: Jaberwock|confusion
|-activate|p1a: Jaberwock|confusion
|move|p1a: Jaberwock|Earthquake|p2a: Gengar
|-supereffective|p2a: Gengar
|-damage|p2a: Gengar|0 fnt
|faint|p2a: Gengar
|choice||
|
|switch|p2a: Blastoise|Blastoise|100\/100
|turn|8
|choice||
|
|move|p2a: Blastoise|Substitute|p2a: Blastoise
|-start|p2a: Blastoise|Substitute
|-damage|p2a: Blastoise|76\/100
|-end|p1a: Jaberwock|confusion
|move|p1a: Jaberwock|Ice Beam|p2a: Blastoise
|-crit|p2a: Blastoise
|-resisted|p2a: Blastoise
|-activate|p2a: Blastoise|Substitute|[damage]
|
|turn|9
|choice||
|
|move|p2a: Blastoise|Hydro Pump|p1a: Jaberwock
|-damage|p1a: Jaberwock|69\/100
|move|p1a: Jaberwock|Earthquake|p2a: Blastoise
|-end|p2a: Blastoise|Substitute
|
|turn|10
|choice||
|
|move|p2a: Blastoise|Hydro Pump|p1a: Jaberwock|[miss]
|-miss|p2a: Blastoise
|move|p1a: Jaberwock|Earthquake|p2a: Blastoise
|-damage|p2a: Blastoise|52\/100
|
|turn|11
|choice||
|
|move|p2a: Blastoise|Hydro Pump|p1a: Jaberwock
|-damage|p1a: Jaberwock|35\/100
|move|p1a: Jaberwock|Earthquake|p2a: Blastoise
|-damage|p2a: Blastoise|27\/100
|
|turn|12
|choice||
|
|move|p2a: Blastoise|Hydro Pump|p1a: Jaberwock
|-damage|p1a: Jaberwock|4\/100
|move|p1a: Jaberwock|Earthquake|p2a: Blastoise
|-damage|p2a: Blastoise|5\/100
|
|turn|13
|choice||
|
|move|p2a: Blastoise|Earthquake|p1a: Jaberwock
|-damage|p1a: Jaberwock|0 fnt
|faint|p1a: Jaberwock
|choice||
|
|switch|p1a: The Dormouse|Raichu|100\/100
|turn|14
|choice||
|
|move|p1a: The Dormouse|Thunderbolt|p2a: Blastoise
|-supereffective|p2a: Blastoise
|-damage|p2a: Blastoise|0 fnt
|faint|p2a: Blastoise
|choice||
|
|switch|p2a: Tauros|Tauros|100\/100
|turn|15
|choice||
|
|move|p2a: Tauros|Earthquake|p1a: The Dormouse
|-supereffective|p1a: The Dormouse
|-damage|p1a: The Dormouse|34\/100
|move|p1a: The Dormouse|Thunder Wave|p2a: Tauros
|-status|p2a: Tauros|par
|
|turn|16
|choice||
|
|move|p1a: The Dormouse|Thunderbolt|p2a: Tauros
|-crit|p2a: Tauros
|-damage|p2a: Tauros|33\/100 par
|cant|p2a: Tauros|par
|
|turn|17
|choice||
|
|move|p1a: The Dormouse|Thunderbolt|p2a: Tauros
|-damage|p2a: Tauros|0 fnt
|faint|p2a: Tauros
|choice||
|
|switch|p2a: Alakazam|Alakazam|100\/100
|turn|18
|choice||
|
|move|p2a: Alakazam|Psychic|p1a: The Dormouse
|-damage|p1a: The Dormouse|0 fnt
|faint|p1a: The Dormouse
|choice||
|
|switch|p1a: The Mock Turtle|Blastoise|100\/100
|turn|19
|choice||
|
|move|p2a: Alakazam|Psychic|p1a: The Mock Turtle
|-damage|p1a: The Mock Turtle|60\/100
|move|p1a: The Mock Turtle|Earthquake|p2a: Alakazam
|-damage|p2a: Alakazam|68\/100
|
|turn|20
|choice||
|
|move|p2a: Alakazam|Psychic|p1a: The Mock Turtle
|-crit|p1a: The Mock Turtle
|-damage|p1a: The Mock Turtle|0 fnt
|faint|p1a: The Mock Turtle
|choice||
|
|switch|p1a: The Cheshire Kat|Gengar|100\/100
|turn|21
|choice||
|
|move|p2a: Alakazam|Psychic|p1a: The Cheshire Kat
|-supereffective|p1a: The Cheshire Kat
|-damage|p1a: The Cheshire Kat|35\/100
|-unboost|p1a: The Cheshire Kat|spd|1
|-unboost|p1a: The Cheshire Kat|spa|1
|move|p1a: The Cheshire Kat|Psychic|p2a: Alakazam
|-resisted|p2a: Alakazam
|-damage|p2a: Alakazam|61\/100
|
|turn|22
|c|★gambit509|gg
|choice||
|
|move|p2a: Alakazam|Psychic|p1a: The Cheshire Kat
|-supereffective|p1a: The Cheshire Kat
|-damage|p1a: The Cheshire Kat|0 fnt
|faint|p1a: The Cheshire Kat
|
|win|gambit509
|player|p1
|player|p2
|l|Prof.Seymour
|raw|Prof.Seymour's rating: 1195 &rarr; <strong>1160<\/strong><br \/>(-35 for losing)
|raw|gambit509's rating: 1054 &rarr; <strong>1098<\/strong><br \/>(+44 for winning)