|j|Agarest
|j|baumgartner
|player|p1|Agarest|209
|player|p2|baumgartner|29
|gametype|singles
|gen|1
|tier|[Gen 1] OU
|rated
|seed|
|rule|Sleep Clause Mod: Limit one foe put to sleep
|rule|Freeze Clause Mod: Limit one foe frozen
|rule|Species Clause: Limit one of each Pokémon
|rule|OHKO Clause: OHKO moves are banned
|rule|Evasion Moves Clause: Evasion moves are banned
|rule|HP Percentage Mod: HP is shown in percentages
|
|start
|switch|p1a: Gengar|Gengar|100\/100
|switch|p2a: Starmie|Starmie|100\/100
|turn|1
|choice||
|
|switch|p1a: Chansey|Chansey|100\/100
|move|p2a: Starmie|Psychic|p1a: Chansey
|-damage|p1a: Chansey|86\/100
|
|turn|2
|choice||
|
|switch|p2a: Chansey|Chansey|100\/100
|move|p1a: Chansey|Thunder Wave|p2a: Chansey
|-status|p2a: Chansey|par
|
|turn|3
|choice||
|
|move|p1a: Chansey|Seismic Toss|p2a: Chansey
|-damage|p2a: Chansey|86\/100 par
|move|p2a: Chansey|Ice Beam|p1a: Chansey
|-crit|p1a: Chansey
|-damage|p1a: Chansey|65\/100
|
|turn|4
|choice||
|
|move|p1a: Chansey|Seismic Toss|p2a: Chansey
|-damage|p2a: Chansey|72\/100 par
|move|p2a: Chansey|Ice Beam|p1a: Chansey
|-damage|p1a: Chansey|54\/100
|
|turn|5
|choice||
|
|move|p1a: Chansey|Soft-Boiled|p1a: Chansey
|-heal|p1a: Chansey|100\/100
|move|p2a: Chansey|Ice Beam|p1a: Chansey
|-damage|p1a: Chansey|89\/100
|
|turn|6
|choice||
|
|move|p1a: Chansey|Seismic Toss|p2a: Chansey
|-damage|p2a: Chansey|58\/100 par
|cant|p2a: Chansey|par
|
|turn|7
|choice||
|
|move|p1a: Chansey|Seismic Toss|p2a: Chansey
|-damage|p2a: Chansey|44\/100 par
|cant|p2a: Chansey|par
|
|turn|8
|choice||
|
|switch|p1a: Rhydon|Rhydon|100\/100
|move|p2a: Chansey|Soft-Boiled|p2a: Chansey
|-heal|p2a: Chansey|94\/100 par
|
|turn|9
|choice||
|
|switch|p2a: Exeggutor|Exeggutor|100\/100
|move|p1a: Rhydon|Earthquake|p2a: Exeggutor
|-resisted|p2a: Exeggutor
|-damage|p2a: Exeggutor|80\/100
|
|turn|10
|choice||
|
|switch|p1a: Gengar|Gengar|100\/100
|move|p2a: Exeggutor|Sleep Powder|p1a: Gengar|[miss]
|-miss|p2a: Exeggutor
|
|turn|11
|choice||
|
|move|p1a: Gengar|Hypnosis|p2a: Exeggutor|[miss]
|-miss|p1a: Gengar
|move|p2a: Exeggutor|Psychic|p1a: Gengar
|-supereffective|p1a: Gengar
|-damage|p1a: Gengar|31\/100
|
|turn|12
|choice||
|
|move|p1a: Gengar|Hypnosis|p2a: Exeggutor
|-status|p2a: Exeggutor|slp
|cant|p2a: Exeggutor|slp
|
|turn|13
|choice||
|
|move|p1a: Gengar|Night Shade|p2a: Exeggutor
|-damage|p2a: Exeggutor|55\/100 slp
|cant|p2a: Exeggutor|slp
|
|turn|14
|choice||
|
|switch|p2a: Starmie|Starmie|100\/100
|move|p1a: Gengar|Night Shade|p2a: Starmie
|-damage|p2a: Starmie|70\/100
|
|turn|15
|choice||
|
|switch|p1a: Chansey|Chansey|89\/100
|move|p2a: Starmie|Psychic|p1a: Chansey
|-damage|p1a: Chansey|74\/100
|
|turn|16
|choice||
|
|switch|p2a: Chansey|Chansey|94\/100 par
|switch|p1a: Rhydon|Rhydon|100\/100
|
|turn|17
|choice||
|
|switch|p2a: Lapras|Lapras|100\/100
|move|p1a: Rhydon|Earthquake|p2a: Lapras
|-crit|p2a: Lapras
|-damage|p2a: Lapras|27\/100
|
|turn|18
|choice||
|
|switch|p1a: Chansey|Chansey|74\/100
|move|p2a: Lapras|Blizzard|p1a: Chansey
|-damage|p1a: Chansey|55\/100
|
|turn|19
|choice||
|
|switch|p2a: Chansey|Chansey|94\/100 par
|move|p1a: Chansey|Soft-Boiled|p1a: Chansey
|-heal|p1a: Chansey|100\/100
|
|turn|20
|choice||
|
|move|p1a: Chansey|Seismic Toss|p2a: Chansey
|-damage|p2a: Chansey|79\/100 par
|move|p2a: Chansey|Ice Beam|p1a: Chansey
|-damage|p1a: Chansey|90\/100
|
|turn|21
|choice||
|
|move|p1a: Chansey|Seismic Toss|p2a: Chansey
|-damage|p2a: Chansey|65\/100 par
|move|p2a: Chansey|Ice Beam|p1a: Chansey
|-damage|p1a: Chansey|80\/100
|
|turn|22
|choice||
|
|move|p1a: Chansey|Seismic Toss|p2a: Chansey
|-damage|p2a: Chansey|51\/100 par
|move|p2a: Chansey|Ice Beam|p1a: Chansey
|-damage|p1a: Chansey|70\/100
|
|turn|23
|choice||
|
|switch|p1a: Rhydon|Rhydon|100\/100
|move|p2a: Chansey|Ice Beam|p1a: Rhydon
|-supereffective|p1a: Rhydon
|-damage|p1a: Rhydon|39\/100
|
|turn|24
|choice||
|
|switch|p2a: Golem|Golem|100\/100
|move|p1a: Rhydon|Earthquake|p2a: Golem
|-supereffective|p2a: Golem
|-damage|p2a: Golem|33\/100
|
|turn|25
|choice||
|
|switch|p1a: Exeggutor|Exeggutor|100\/100
|move|p2a: Golem|Earthquake|p1a: Exeggutor
|-resisted|p1a: Exeggutor
|-damage|p1a: Exeggutor|84\/100
|
|turn|26
|choice||
|
|switch|p2a: Lapras|Lapras|27\/100
|move|p1a: Exeggutor|Psychic|p2a: Lapras
|-damage|p2a: Lapras|0 fnt
|faint|p2a: Lapras
|choice||
|
|switch|p2a: Starmie|Starmie|70\/100
|turn|27
|choice||
|
|move|p2a: Starmie|Blizzard|p1a: Exeggutor
|-supereffective|p1a: Exeggutor
|-damage|p1a: Exeggutor|44\/100
|-status|p1a: Exeggutor|frz
|cant|p1a: Exeggutor|frz
|
|turn|28
|choice||
|
|switch|p1a: Chansey|Chansey|70\/100
|move|p2a: Starmie|Psychic|p1a: Chansey
|-crit|p1a: Chansey
|-damage|p1a: Chansey|40\/100
|-unboost|p1a: Chansey|spd|1
|-unboost|p1a: Chansey|spa|1
|
|turn|29
|choice||
|
|switch|p2a: Chansey|Chansey|51\/100 par
|move|p1a: Chansey|Soft-Boiled|p1a: Chansey
|-heal|p1a: Chansey|90\/100
|
|turn|30
|choice||
|
|move|p1a: Chansey|Seismic Toss|p2a: Chansey
|-damage|p2a: Chansey|37\/100 par
|cant|p2a: Chansey|par
|
|turn|31
|choice||
|
|move|p1a: Chansey|Seismic Toss|p2a: Chansey
|-damage|p2a: Chansey|22\/100 par
|move|p2a: Chansey|Soft-Boiled|p2a: Chansey
|-heal|p2a: Chansey|72\/100 par
|
|turn|32
|choice||
|
|move|p1a: Chansey|Seismic Toss|p2a: Chansey
|-damage|p2a: Chansey|58\/100 par
|move|p2a: Chansey|Soft-Boiled|p2a: Chansey
|-heal|p2a: Chansey|100\/100 par
|
|turn|33
|choice||
|
|move|p1a: Chansey|Seismic Toss|p2a: Chansey
|-damage|p2a: Chansey|86\/100 par
|move|p2a: Chansey|Ice Beam|p1a: Chansey
|-damage|p1a: Chansey|74\/100
|
|turn|34
|choice||
|
|move|p1a: Chansey|Seismic Toss|p2a: Chansey
|-damage|p2a: Chansey|72\/100 par
|move|p2a: Chansey|Ice Beam|p1a: Chansey
|-crit|p1a: Chansey
|-damage|p1a: Chansey|53\/100
|
|turn|35
|choice||
|
|move|p1a: Chansey|Soft-Boiled|p1a: Chansey
|-heal|p1a: Chansey|100\/100
|cant|p2a: Chansey|par
|
|turn|36
|choice||
|
|move|p1a: Chansey|Seismic Toss|p2a: Chansey
|-damage|p2a: Chansey|58\/100 par
|move|p2a: Chansey|Ice Beam|p1a: Chansey
|-damage|p1a: Chansey|84\/100
|
|turn|37
|choice||
|
|switch|p1a: Slowbro|Slowbro|100\/100
|move|p2a: Chansey|Thunder Wave|p1a: Slowbro
|-status|p1a: Slowbro|par
|
|turn|38
|choice||
|
|switch|p2a: Tauros|Tauros|100\/100
|cant|p1a: Slowbro|par
|
|turn|39
|choice||
|
|move|p2a: Tauros|Body Slam|p1a: Slowbro
|-crit|p1a: Slowbro
|-damage|p1a: Slowbro|55\/100 par
|move|p1a: Slowbro|Thunder Wave|p2a: Tauros
|-status|p2a: Tauros|par
|
|turn|40
|choice||
|
|switch|p1a: Gengar|Gengar|31\/100
|move|p2a: Tauros|Earthquake|p1a: Gengar
|-supereffective|p1a: Gengar
|-damage|p1a: Gengar|0 fnt
|faint|p1a: Gengar
|c|★baumgartner|im sooooooo good
|choice||
|
|switch|p1a: Chansey|Chansey|84\/100
|turn|41
|choice||
|
|move|p1a: Chansey|Reflect|p1a: Chansey
|-start|p1a: Chansey|Reflect
|move|p2a: Tauros|Body Slam|p1a: Chansey
|-damage|p1a: Chansey|65\/100
|
|turn|42
|c|★baumgartner|soft-boiled, reflect, stoss, and ice beam?
|choice||
|
|move|p1a: Chansey|Seismic Toss|p2a: Tauros
|-damage|p2a: Tauros|72\/100 par
|move|p2a: Tauros|Body Slam|p1a: Chansey
|-damage|p1a: Chansey|45\/100
|
|turn|43
|choice||
|
|move|p1a: Chansey|Soft-Boiled|p1a: Chansey
|-heal|p1a: Chansey|95\/100
|move|p2a: Tauros|Body Slam|p1a: Chansey
|-crit|p1a: Chansey
|-damage|p1a: Chansey|15\/100
|
|turn|44
|choice||
|
|move|p1a: Chansey|Soft-Boiled|p1a: Chansey
|-heal|p1a: Chansey|65\/100
|move|p2a: Tauros|Body Slam|p1a: Chansey
|-damage|p1a: Chansey|45\/100
|
|turn|45
|choice||
|
|move|p1a: Chansey|Soft-Boiled|p1a: Chansey
|-heal|p1a: Chansey|95\/100
|move|p2a: Tauros|Body Slam|p1a: Chansey
|-damage|p1a: Chansey|77\/100
|
|turn|46
|choice||
|
|move|p1a: Chansey|Seismic Toss|p2a: Tauros
|-damage|p2a: Tauros|44\/100 par
|move|p2a: Tauros|Body Slam|p1a: Chansey
|-damage|p1a: Chansey|57\/100
|
|turn|47
|choice||
|
|move|p1a: Chansey|Soft-Boiled|p1a: Chansey
|-heal|p1a: Chansey|100\/100
|cant|p2a: Tauros|par
|
|turn|48
|choice||
|
|move|p1a: Chansey|Seismic Toss|p2a: Tauros
|-damage|p2a: Tauros|16\/100 par
|move|p2a: Tauros|Body Slam|p1a: Chansey
|-damage|p1a: Chansey|82\/100
|
|turn|49
|choice||
|
|move|p1a: Chansey|Seismic Toss|p2a: Tauros
|-damage|p2a: Tauros|0 fnt
|faint|p2a: Tauros
|choice||
|
|switch|p2a: Chansey|Chansey|58\/100 par
|turn|50
|choice||
|
|switch|p1a: Slowbro|Slowbro|55\/100 par
|cant|p2a: Chansey|par
|
|turn|51
|choice||
|
|cant|p2a: Chansey|par
|cant|p1a: Slowbro|par
|
|turn|52
|choice||
|
|switch|p1a: Rhydon|Rhydon|39\/100
|move|p2a: Chansey|Thunderbolt|p1a: Rhydon
|-immune|p1a: Rhydon|[msg]
|
|turn|53
|choice||
|
|move|p1a: Rhydon|Earthquake|p2a: Chansey|[miss]
|-miss|p1a: Rhydon
|move|p2a: Chansey|Ice Beam|p1a: Rhydon
|-supereffective|p1a: Rhydon
|-damage|p1a: Rhydon|0 fnt
|faint|p1a: Rhydon
|choice||
|
|switch|p1a: Tauros|Tauros|100\/100
|turn|54
|choice||
|
|switch|p2a: Exeggutor|Exeggutor|55\/100 slp
|move|p1a: Tauros|Body Slam|p2a: Exeggutor
|-damage|p2a: Exeggutor|24\/100 slp
|
|turn|55
|choice||
|
|move|p1a: Tauros|Body Slam|p2a: Exeggutor
|-damage|p2a: Exeggutor|0 fnt
|faint|p2a: Exeggutor
|choice||
|
|switch|p2a: Starmie|Starmie|70\/100
|turn|56
|choice||
|
|switch|p1a: Chansey|Chansey|82\/100
|move|p2a: Starmie|Thunderbolt|p1a: Chansey
|-crit|p1a: Chansey
|-damage|p1a: Chansey|62\/100
|
|turn|57
|choice||
|
|switch|p2a: Chansey|Chansey|58\/100 par
|switch|p1a: Tauros|Tauros|100\/100
|
|turn|58
|choice||
|
|move|p1a: Tauros|Hyper Beam|p2a: Chansey
|-damage|p2a: Chansey|0 fnt
|faint|p2a: Chansey
|choice||
|
|switch|p2a: Starmie|Starmie|70\/100
|turn|59
|choice||
|
|move|p2a: Starmie|Thunderbolt|p1a: Tauros
|-crit|p1a: Tauros
|-damage|p1a: Tauros|47\/100
|move|p1a: Tauros|Body Slam|p2a: Starmie
|-damage|p2a: Starmie|38\/100
|-status|p2a: Starmie|par
|
|turn|60
|-message|baumgartner forfeited.
|
|win|Agarest
|player|p1
|player|p2
|l|baumgartner
|raw|Agarest's rating: 1279 &rarr; <strong>1303<\/strong><br \/>(+24 for winning)
|raw|baumgartner's rating: 1260 &rarr; <strong>1236<\/strong><br \/>(-24 for losing)