|join|fesdsaf
|join|Loroand
|player|p1|fesdsaf|169
|player|p2|Loroand|101
|gametype|singles
|gen|1
|tier|[Gen 1] Random Battle
|rated
|seed|31727,47897,23766,39789
|rule|Sleep Clause Mod: Limit one foe put to sleep
|rule|Freeze Clause Mod: Limit one foe frozen
|rule|HP Percentage Mod: HP is shown in percentages
|
|start
|switch|p1a: Sandslash|Sandslash, L85|301\/301
|switch|p2a: Mr. Mime|Mr. Mime, L85|242\/242
|turn|1
|choice|move 1|switch 3
|
|switch|p2a: Blastoise|Blastoise, L85|308\/308
|move|p1a: Sandslash|Earthquake|p2a: Blastoise
|-damage|p2a: Blastoise|209\/308
|
|turn|2
|choice|switch 2|move 3
|
|switch|p1a: Alakazam|Alakazam, L79|249\/249
|move|p2a: Blastoise|Surf|p1a: Alakazam
|-damage|p1a: Alakazam|175\/249
|
|turn|3
|choice|move 1|move 1
|
|move|p1a: Alakazam|Psychic|p2a: Blastoise
|-damage|p2a: Blastoise|105\/308
|move|p2a: Blastoise|Body Slam|p1a: Alakazam|[miss]
|-miss|p2a: Blastoise
|
|turn|4
|choice|move 3|move 1
|
|move|p1a: Alakazam|Seismic Toss|p2a: Blastoise
|-damage|p2a: Blastoise|26\/308
|move|p2a: Blastoise|Body Slam|p1a: Alakazam
|-crit|p1a: Alakazam
|-damage|p1a: Alakazam|15\/249
|-status|p1a: Alakazam|par
|
|turn|5
|choice|move 1|move 1
|
|move|p2a: Blastoise|Body Slam|p1a: Alakazam
|-damage|p1a: Alakazam|0 fnt
|faint|p1a: Alakazam
|choice|switch 2|
|
|switch|p1a: Sandslash|Sandslash, L85|301\/301
|turn|6
|choice|move 3|move 3
|
|move|p2a: Blastoise|Surf|p1a: Sandslash
|-supereffective|p1a: Sandslash
|-damage|p1a: Sandslash|70\/301
|move|p1a: Sandslash|Body Slam|p2a: Blastoise
|-damage|p2a: Blastoise|0 fnt
|faint|p2a: Blastoise
|choice||switch 3
|
|switch|p2a: Mr. Mime|Mr. Mime, L85|242\/242
|turn|7
|choice|move 3|move 2
|
|move|p2a: Mr. Mime|Psychic|p1a: Sandslash
|-damage|p1a: Sandslash|0 fnt
|faint|p1a: Sandslash
|choice|switch 5|
|
|switch|p1a: Mewtwo|Mewtwo, L70|293\/293
|turn|8
|choice|switch 3|move 1
|
|switch|p1a: Metapod|Metapod, L99|300\/300
|move|p2a: Mr. Mime|Thunder Wave|p1a: Metapod
|-status|p1a: Metapod|par
|
|turn|9
|choice|move 2|move 4
|
|move|p2a: Mr. Mime|Seismic Toss|p1a: Metapod
|-damage|p1a: Metapod|215\/300 par
|move|p1a: Metapod|String Shot|p2a: Mr. Mime
|-unboost|p2a: Mr. Mime|spe|1
|
|turn|10
|choice|move 1|move 4
|
|move|p2a: Mr. Mime|Seismic Toss|p1a: Metapod
|-damage|p1a: Metapod|130\/300 par
|move|p1a: Metapod|Tackle|p2a: Mr. Mime
|-damage|p2a: Mr. Mime|221\/242
|
|turn|11
|choice|switch 4|move 4
|
|switch|p1a: Snorlax|Snorlax, L79|415\/415
|move|p2a: Mr. Mime|Seismic Toss|p1a: Snorlax
|-damage|p1a: Snorlax|330\/415
|
|turn|12
|choice|move 4|move 1
|
|move|p2a: Mr. Mime|Thunder Wave|p1a: Snorlax
|-status|p1a: Snorlax|par
|cant|p1a: Snorlax|par
|
|turn|13
|choice|move 2|move 2
|
|move|p2a: Mr. Mime|Psychic|p1a: Snorlax
|-damage|p1a: Snorlax|200\/415 par
|-unboost|p1a: Snorlax|spd|1
|-unboost|p1a: Snorlax|spa|1
|move|p1a: Snorlax|Body Slam|p2a: Mr. Mime
|-damage|p2a: Mr. Mime|110\/242
|
|turn|14
|choice|move 4|move 2
|
|move|p2a: Mr. Mime|Psychic|p1a: Snorlax
|-damage|p1a: Snorlax|3\/415 par
|move|p1a: Snorlax|Hyper Beam|p2a: Mr. Mime
|-crit|p2a: Mr. Mime
|-damage|p2a: Mr. Mime|0 fnt
|faint|p2a: Mr. Mime
|choice||switch 2
|
|switch|p2a: Vulpix|Vulpix, L96|268\/268
|turn|15
|choice|move 4|move 2
|
|move|p2a: Vulpix|Body Slam|p1a: Snorlax
|-damage|p1a: Snorlax|0 fnt
|faint|p1a: Snorlax
|choice|switch 6|
|
|switch|p1a: Lapras|Lapras, L79|367\/367
|turn|16
|choice|move 2|move 3
|
|move|p2a: Vulpix|Confuse Ray|p1a: Lapras
|-start|p1a: Lapras|confusion
|-activate|p1a: Lapras|confusion
|move|p1a: Lapras|Blizzard|p2a: Vulpix
|-damage|p2a: Vulpix|151\/268
|
|turn|17
|choice|move 2|move 2
|
|move|p2a: Vulpix|Body Slam|p1a: Lapras
|-damage|p1a: Lapras|311\/367
|-activate|p1a: Lapras|confusion
|-damage|p1a: Lapras|282\/367|[from] confusion
|
|turn|18
|choice|move 2|move 2
|
|move|p2a: Vulpix|Body Slam|p1a: Lapras
|-damage|p1a: Lapras|225\/367
|-activate|p1a: Lapras|confusion
|move|p1a: Lapras|Blizzard|p2a: Vulpix
|-crit|p2a: Vulpix
|-damage|p2a: Vulpix|0 fnt
|faint|p2a: Vulpix
|choice||switch 5
|
|switch|p2a: Butterfree|Butterfree, L90|291\/291
|turn|19
|choice|move 4|move 4
|
|move|p2a: Butterfree|Sleep Powder|p1a: Lapras|[miss]
|-miss|p2a: Butterfree
|-activate|p1a: Lapras|confusion
|-damage|p1a: Lapras|196\/367|[from] confusion
|
|turn|20
|choice|move 4|move 4
|
|move|p2a: Butterfree|Sleep Powder|p1a: Lapras
|-status|p1a: Lapras|slp
|cant|p1a: Lapras|slp
|
|turn|21
|choice|move 2|move 2
|
|move|p2a: Butterfree|Mega Drain|p1a: Lapras
|-supereffective|p1a: Lapras
|-damage|p1a: Lapras|140\/367 slp
|cant|p1a: Lapras|slp
|
|turn|22
|choice|move 2|move 3
|
|move|p2a: Butterfree|Psychic|p1a: Lapras
|-damage|p1a: Lapras|75\/367 slp
|cant|p1a: Lapras|slp
|
|turn|23
|choice|move 2|move 3
|
|move|p2a: Butterfree|Psychic|p1a: Lapras
|-damage|p1a: Lapras|5\/367 slp
|cant|p1a: Lapras|slp
|
|turn|24
|choice|move 2|move 2
|
|move|p2a: Butterfree|Mega Drain|p1a: Lapras
|-crit|p1a: Lapras
|-supereffective|p1a: Lapras
|-damage|p1a: Lapras|0 fnt
|faint|p1a: Lapras
|choice|switch 4|
|
|switch|p1a: Metapod|Metapod, L99|130\/300 par
|turn|25
|choice|move 1|switch 6
|
|switch|p2a: Lickitung|Lickitung, L90|345\/345
|move|p1a: Metapod|Tackle|p2a: Lickitung
|-damage|p2a: Lickitung|329\/345
|
|turn|26
|choice|move 1|move 1
|
|move|p2a: Lickitung|Swords Dance|p2a: Lickitung
|-boost|p2a: Lickitung|atk|2
|move|p1a: Metapod|Tackle|p2a: Lickitung
|-damage|p2a: Lickitung|311\/345
|
|turn|27
|choice|move 2|move 1
|
|move|p2a: Lickitung|Swords Dance|p2a: Lickitung
|-boost|p2a: Lickitung|atk|2
|move|p1a: Metapod|String Shot|p2a: Lickitung
|-unboost|p2a: Lickitung|spe|1
|
|turn|28
|choice|move 1|move 1
|
|move|p2a: Lickitung|Swords Dance|p2a: Lickitung
|-boost|p2a: Lickitung|atk|2
|move|p1a: Metapod|Tackle|p2a: Lickitung
|-damage|p2a: Lickitung|295\/345
|
|turn|29
|choice|move 1|move 4
|
|move|p2a: Lickitung|Body Slam|p1a: Metapod
|-damage|p1a: Metapod|0 fnt
|faint|p1a: Metapod
|choice|switch 3|
|
|switch|p1a: Mewtwo|Mewtwo, L70|293\/293
|turn|30
|choice|move 1|move 4
|
|move|p1a: Mewtwo|Psychic|p2a: Lickitung
|-damage|p2a: Lickitung|175\/345
|move|p2a: Lickitung|Body Slam|p1a: Mewtwo
|-damage|p1a: Mewtwo|0 fnt
|faint|p1a: Mewtwo
|
|win|Loroand
|raw|fesdsaf's rating: 1000 &rarr; <strong>1000<\/strong><br \/>(+0 for losing)
|raw|Loroand's rating: 1095 &rarr; <strong>1114<\/strong><br \/>(+19 for winning)