|join|arafalo2
|join|vvklblbl
|player|p1|arafalo2|1
|player|p2|vvklblbl|3
|gametype|singles
|gen|1
|tier|[Gen 1] Random Battle
|rated
|rule|Sleep Clause Mod: Limit one foe put to sleep
|rule|Freeze Clause Mod: Limit one foe frozen
|rule|HP Percentage Mod: HP is shown in percentages
|
|start
|switch|p1a: Squirtle|Squirtle, L96|279\/279
|switch|p2a: Nidorina|Nidorina, L90|309\/309
|turn|1
|
|move|p2a: Nidorina|Thunderbolt|p1a: Squirtle
|-supereffective|p1a: Squirtle
|-damage|p1a: Squirtle|134\/279
|move|p1a: Squirtle|Surf|p2a: Nidorina
|-damage|p2a: Nidorina|196\/309
|
|turn|2
|
|switch|p1a: Electrode|Electrode, L90|291\/291
|move|p2a: Nidorina|Thunderbolt|p1a: Electrode
|-resisted|p1a: Electrode
|-damage|p1a: Electrode|263\/291
|
|turn|3
|
|move|p1a: Electrode|Thunder|p2a: Nidorina
|-damage|p2a: Nidorina|48\/309
|move|p2a: Nidorina|Blizzard|p1a: Electrode
|-damage|p1a: Electrode|198\/291
|
|turn|4
|
|switch|p2a: Abra|Abra, L96|243\/243
|move|p1a: Electrode|Thunder|p2a: Abra
|-crit|p2a: Abra
|-damage|p2a: Abra|52\/243
|
|turn|5
|
|move|p1a: Electrode|Thunder|p2a: Abra
|-crit|p2a: Abra
|-damage|p2a: Abra|0 fnt
|faint|p2a: Abra
|
|switch|p2a: Hitmonchan|Hitmonchan, L90|273\/273
|turn|6
|
|move|p1a: Electrode|Thunder|p2a: Hitmonchan
|-crit|p2a: Hitmonchan
|-damage|p2a: Hitmonchan|0 fnt
|faint|p2a: Hitmonchan
|
|switch|p2a: Flareon|Flareon, L90|300\/300
|turn|7
|
|move|p1a: Electrode|Thunder|p2a: Flareon
|-damage|p2a: Flareon|189\/300
|move|p2a: Flareon|Fire Blast|p1a: Electrode
|-damage|p1a: Electrode|30\/291
|
|turn|8
|
|move|p2a: Flareon|Quick Attack|p1a: Electrode
|-damage|p1a: Electrode|0 fnt
|faint|p1a: Electrode
|
|switch|p1a: Squirtle|Squirtle, L96|134\/279
|turn|9
|
|move|p2a: Flareon|Hyper Beam|p1a: Squirtle
|-damage|p1a: Squirtle|0 fnt
|faint|p1a: Squirtle
|
|switch|p1a: Weezing|Weezing, L90|300\/300
|turn|10
|
|move|p2a: Flareon|Fire Blast|p1a: Weezing
|-crit|p1a: Weezing
|-damage|p1a: Weezing|6\/300
|move|p1a: Weezing|Thunder|p2a: Flareon
|-damage|p2a: Flareon|118\/300
|
|turn|11
|
|move|p2a: Flareon|Quick Attack|p1a: Weezing
|-damage|p1a: Weezing|0 fnt
|faint|p1a: Weezing
|
|switch|p1a: Machamp|Machamp, L90|345\/345
|turn|12
|
|switch|p2a: Moltres|Moltres, L85|327\/327
|move|p1a: Machamp|Earthquake|p2a: Moltres
|-immune|p2a: Moltres|[msg]
|
|turn|13
|
|move|p2a: Moltres|Sky Attack|p1a: Machamp|[still]
|-prepare|p2a: Moltres|Sky Attack|p1a: Machamp
|move|p1a: Machamp|Rock Slide|p2a: Moltres|[miss]
|-miss|p1a: Machamp
|
|turn|14
|
|switch|p1a: Raticate|Raticate, L85|267\/267
|move|p2a: Moltres|Sky Attack|p1a: Raticate
|-damage|p1a: Raticate|76\/267
|
|turn|15
|
|move|p1a: Raticate|Super Fang|p2a: Moltres
|-damage|p2a: Moltres|164\/327
|move|p2a: Moltres|Fire Blast|p1a: Raticate
|-damage|p1a: Raticate|0 fnt
|faint|p1a: Raticate
|
|switch|p1a: Machamp|Machamp, L90|345\/345
|turn|16
|
|move|p2a: Moltres|Hyper Beam|p1a: Machamp
|-crit|p1a: Machamp
|-damage|p1a: Machamp|141\/345
|move|p1a: Machamp|Rock Slide|p2a: Moltres
|-supereffective|p2a: Moltres
|-damage|p2a: Moltres|0 fnt
|faint|p2a: Moltres
|
|switch|p2a: Nidorina|Nidorina, L90|48\/309
|turn|17
|
|move|p2a: Nidorina|Blizzard|p1a: Machamp
|-damage|p1a: Machamp|60\/345
|move|p1a: Machamp|Earthquake|p2a: Nidorina
|-supereffective|p2a: Nidorina
|-damage|p2a: Nidorina|0 fnt
|faint|p2a: Nidorina
|
|switch|p2a: Flareon|Flareon, L90|118\/300
|turn|18
|
|move|p2a: Flareon|Hyper Beam|p1a: Machamp
|-damage|p1a: Machamp|0 fnt
|faint|p1a: Machamp
|
|switch|p1a: Moltres|Moltres, L85|327\/327
|turn|19
|
|move|p1a: Moltres|Substitute|p1a: Moltres
|-start|p1a: Moltres|Substitute
|-damage|p1a: Moltres|246\/327
|move|p2a: Flareon|Hyper Beam|p1a: Moltres
|-end|p1a: Moltres|Substitute
|
|turn|20
|
|move|p1a: Moltres|Fire Blast|p2a: Flareon
|-resisted|p2a: Flareon
|-damage|p2a: Flareon|55\/300
|move|p2a: Flareon|Hyper Beam|p1a: Moltres
|-damage|p1a: Moltres|99\/327
|
|turn|21
|-mustrecharge|p2a: Flareon
|-mustrecharge|p2a: Flareon
|
|move|p1a: Moltres|Fire Blast|p2a: Flareon
|-resisted|p2a: Flareon
|-damage|p2a: Flareon|0 fnt
|faint|p2a: Flareon
|
|switch|p2a: Lapras|Lapras, L79|367\/367
|turn|22
|
|move|p1a: Moltres|Fire Blast|p2a: Lapras
|-damage|p2a: Lapras|207\/367
|move|p2a: Lapras|Confuse Ray|p1a: Moltres
|-start|p1a: Moltres|confusion
|
|turn|23
|
|-activate|p1a: Moltres|confusion
|move|p1a: Moltres|Fire Blast|p2a: Lapras|[miss]
|-miss|p1a: Moltres
|move|p2a: Lapras|Blizzard|p1a: Moltres
|-crit|p1a: Moltres
|-supereffective|p1a: Moltres
|-damage|p1a: Moltres|0 fnt
|faint|p1a: Moltres
|
|win|vvklblbl
|raw|arafalo2's rating: 1253 &rarr; <strong>1213<\/strong><br \/>(-40 for losing)
|raw|vvklblbl's rating: 1000 &rarr; <strong>1065<\/strong><br \/>(+65 for winning)