|j|smilzo
|j|marcoasd
|player|p1|smilzo|157
|player|p2|marcoasd|169
|gametype|singles
|gen|1
|tier|[Gen 1] OU
|seed|53001,436,2326,3875
|rule|Sleep Clause Mod: Limit one foe put to sleep
|rule|Freeze Clause Mod: Limit one foe frozen
|rule|Species Clause: Limit one of each Pokémon
|rule|OHKO Clause: OHKO moves are banned
|rule|Evasion Moves Clause: Evasion moves are banned
|rule|HP Percentage Mod: HP is shown in percentages
|
|start
|switch|p1a: Starmie|Starmie|323\/323
|switch|p2a: Alakazam|Alakazam|313\/313
|turn|1
|c|★smilzo|hf
|c|★marcoasd|u2 with or without u
|choice|switch 3|move 1
|
|switch|p1a: Exeggutor|Exeggutor|393\/393
|move|p2a: Alakazam|Thunder Wave|p1a: Exeggutor
|-status|p1a: Exeggutor|par
|
|turn|2
|choice|move 1|move 3
|
|move|p2a: Alakazam|Seismic Toss|p1a: Exeggutor
|-damage|p1a: Exeggutor|293\/393 par
|cant|p1a: Exeggutor|par
|
|turn|3
|choice|move 1|move 3
|
|move|p2a: Alakazam|Seismic Toss|p1a: Exeggutor
|-damage|p1a: Exeggutor|193\/393 par
|move|p1a: Exeggutor|Sleep Powder|p2a: Alakazam
|-status|p2a: Alakazam|slp
|
|turn|4
|choice|switch 5|switch 3
|
|switch|p2a: Chansey|Chansey|703\/703
|switch|p1a: Snorlax|Snorlax|523\/523
|
|turn|5
|choice|switch 4|move 1
|
|switch|p1a: Chansey|Chansey|703\/703
|move|p2a: Chansey|Thunder Wave|p1a: Chansey
|-status|p1a: Chansey|par
|
|turn|6
|choice|move 1|move 3
|
|move|p2a: Chansey|Seismic Toss|p1a: Chansey
|-damage|p1a: Chansey|603\/703 par
|move|p1a: Chansey|Thunder Wave|p2a: Chansey
|-status|p2a: Chansey|par
|
|turn|7
|choice|move 3|move 2
|
|move|p1a: Chansey|Thunderbolt|p2a: Chansey
|-damage|p2a: Chansey|623\/703 par
|cant|p2a: Chansey|par
|
|turn|8
|choice|move 3|move 2
|
|cant|p2a: Chansey|par
|cant|p1a: Chansey|par
|
|turn|9
|choice|move 3|move 2
|
|cant|p1a: Chansey|par
|move|p2a: Chansey|Reflect|p2a: Chansey
|-start|p2a: Chansey|Reflect
|
|turn|10
|choice|switch 5|move 3
|
|switch|p1a: Exeggutor|Exeggutor|193\/393 par
|cant|p2a: Chansey|par
|
|turn|11
|choice|move 3|move 3
|
|move|p1a: Exeggutor|Psychic|p2a: Chansey
|-crit|p2a: Chansey
|-damage|p2a: Chansey|373\/703 par
|move|p2a: Chansey|Seismic Toss|p1a: Exeggutor
|-damage|p1a: Exeggutor|93\/393 par
|
|turn|12
|choice|move 4|switch 3
|
|switch|p2a: Alakazam|Alakazam|313\/313 slp
|move|p1a: Exeggutor|Explosion|p2a: Alakazam
|-damage|p2a: Alakazam|0 fnt
|faint|p2a: Alakazam
|faint|p1a: Exeggutor
|choice|switch 4|switch 6
|
|switch|p2a: Snorlax|Snorlax|523\/523
|switch|p1a: Snorlax|Snorlax|523\/523
|turn|13
|j|Alexander
|choice|move 2|move 1
|
|move|p2a: Snorlax|Body Slam|p1a: Snorlax
|-damage|p1a: Snorlax|385\/523
|move|p1a: Snorlax|Reflect|p1a: Snorlax
|-start|p1a: Snorlax|Reflect
|
|turn|14
|choice|move 1|move 2
|
|move|p1a: Snorlax|Body Slam|p2a: Snorlax
|-damage|p2a: Snorlax|392\/523
|move|p2a: Snorlax|Counter|p1a: Snorlax
|-damage|p1a: Snorlax|123\/523
|
|turn|15
|c|★smilzo|memed
|choice|move 4|switch 2
|
|switch|p2a: Exeggutor|Exeggutor|393\/393
|move|p1a: Snorlax|Rest|p1a: Snorlax
|-status|p1a: Snorlax|slp
|-heal|p1a: Snorlax|523\/523 slp|[silent]
|-status|p1a: Snorlax|slp|[from] move: Rest
|
|turn|16
|j|Duck
|choice|switch 5|switch 3
|
|switch|p2a: Chansey|Chansey|373\/703 par
|switch|p1a: Chansey|Chansey|603\/703 par
|
|turn|17
|choice|switch 5|move 4
|
|switch|p1a: Snorlax|Snorlax|523\/523 slp
|move|p2a: Chansey|Soft-Boiled|p2a: Chansey
|-heal|p2a: Chansey|703\/703 par
|
|turn|18
|choice|move 1|switch 3
|
|switch|p2a: Exeggutor|Exeggutor|393\/393
|cant|p1a: Snorlax|slp
|
|turn|19
|choice|switch 5|move 3
|
|switch|p1a: Chansey|Chansey|603\/703 par
|move|p2a: Exeggutor|Psychic|p1a: Chansey
|-crit|p1a: Chansey
|-damage|p1a: Chansey|374\/703 par
|
|turn|20
|choice|move 4|switch 2
|
|switch|p2a: Snorlax|Snorlax|392\/523
|move|p1a: Chansey|Soft-Boiled|p1a: Chansey
|-heal|p1a: Chansey|703\/703 par
|
|turn|21
|choice|switch 5|move 1
|
|switch|p1a: Snorlax|Snorlax|523\/523 slp
|move|p2a: Snorlax|Body Slam|p1a: Snorlax
|-damage|p1a: Snorlax|395\/523 slp
|
|turn|22
|choice|move 1|move 1
|
|-curestatus|p1a: Snorlax|slp
|move|p2a: Snorlax|Body Slam|p1a: Snorlax
|-damage|p1a: Snorlax|252\/523
|
|turn|23
|choice|move 2|switch 2
|
|switch|p2a: Exeggutor|Exeggutor|393\/393
|move|p1a: Snorlax|Reflect|p1a: Snorlax
|-start|p1a: Snorlax|Reflect
|
|turn|24
|choice|switch 5|move 1
|
|switch|p1a: Chansey|Chansey|703\/703 par
|move|p2a: Exeggutor|Sleep Powder|p1a: Chansey
|-fail|p1a: Chansey
|
|turn|25
|choice|move 2|switch 2
|
|switch|p2a: Snorlax|Snorlax|392\/523
|move|p1a: Chansey|Ice Beam|p2a: Snorlax
|-damage|p2a: Snorlax|299\/523
|
|turn|26
|choice|move 1|move 1
|
|move|p2a: Snorlax|Body Slam|p1a: Chansey
|-damage|p1a: Chansey|409\/703 par
|move|p1a: Chansey|Thunder Wave|p2a: Snorlax
|-status|p2a: Snorlax|par
|
|turn|27
|choice|switch 2|move 1
|
|switch|p1a: Golem|Golem|363\/363
|move|p2a: Snorlax|Body Slam|p1a: Golem
|-resisted|p1a: Golem
|-damage|p1a: Golem|321\/363
|-status|p1a: Golem|par
|
|turn|28
|choice|move 2|switch 2
|
|switch|p2a: Exeggutor|Exeggutor|393\/393
|cant|p1a: Golem|par
|
|turn|29
|choice|switch 2|move 2
|
|switch|p1a: Chansey|Chansey|409\/703 par
|move|p2a: Exeggutor|Double-Edge|p1a: Chansey
|-damage|p1a: Chansey|189\/703 par
|-damage|p2a: Exeggutor|338\/393|[from] recoil|[of] p1a: Chansey
|
|turn|30
|choice|switch 3|move 2
|
|switch|p1a: Starmie|Starmie|323\/323
|move|p2a: Exeggutor|Double-Edge|p1a: Starmie
|-damage|p1a: Starmie|241\/323
|-damage|p2a: Exeggutor|318\/393|[from] recoil|[of] p1a: Starmie
|
|turn|31
|choice|switch 3|switch 3
|
|switch|p1a: Chansey|Chansey|189\/703 par
|switch|p2a: Chansey|Chansey|703\/703 par
|
|turn|32
|choice|move 4|switch 2
|
|switch|p2a: Snorlax|Snorlax|299\/523 par
|move|p1a: Chansey|Soft-Boiled|p1a: Chansey
|-heal|p1a: Chansey|540\/703 par
|
|turn|33
|choice|switch 2|move 3
|
|switch|p1a: Golem|Golem|321\/363 par
|move|p2a: Snorlax|Earthquake|p1a: Golem
|-supereffective|p1a: Golem
|-damage|p1a: Golem|177\/363 par
|
|turn|34
|j|pima
|c| pima|smilzo wè
|c|★smilzo|we
|choice|move 2|move 3
|
|cant|p1a: Golem|par
|move|p2a: Snorlax|Earthquake|p1a: Golem
|-supereffective|p1a: Golem
|-damage|p1a: Golem|48\/363 par
|
|turn|35
|choice|move 4|move 3
|
|move|p1a: Golem|Explosion|p2a: Snorlax
|-damage|p2a: Snorlax|0 fnt
|faint|p2a: Snorlax
|faint|p1a: Golem
|choice|switch 3|switch 3
|
|switch|p1a: Starmie|Starmie|241\/323
|switch|p2a: Exeggutor|Exeggutor|318\/393
|turn|36
|l|Duck
|choice|move 1|switch 2
|
|switch|p2a: Chansey|Chansey|703\/703 par
|move|p1a: Starmie|Blizzard|p2a: Chansey
|-damage|p2a: Chansey|619\/703 par
|
|turn|37
|choice|switch 5|move 3
|
|switch|p1a: Snorlax|Snorlax|252\/523
|move|p2a: Chansey|Seismic Toss|p1a: Snorlax
|-damage|p1a: Snorlax|152\/523
|
|turn|38
|choice|move 1|switch 5
|
|switch|p2a: Tauros|Tauros|353\/353
|move|p1a: Snorlax|Body Slam|p2a: Tauros
|-damage|p2a: Tauros|244\/353
|
|turn|39
|choice|move 1|move 1
|
|move|p2a: Tauros|Body Slam|p1a: Snorlax
|-damage|p1a: Snorlax|30\/523
|move|p1a: Snorlax|Body Slam|p2a: Tauros
|-crit|p2a: Tauros
|-damage|p2a: Tauros|38\/353
|
|turn|40
|c|★smilzo|ah
|choice|move 1|move 1
|
|move|p2a: Tauros|Body Slam|p1a: Snorlax
|-crit|p1a: Snorlax
|-damage|p1a: Snorlax|0 fnt
|faint|p1a: Snorlax
|choice|switch 6|
|
|switch|p1a: Tauros|Tauros|353\/353
|turn|41
|choice|move 1|move 3
|
|move|p1a: Tauros|Body Slam|p2a: Tauros
|-damage|p2a: Tauros|0 fnt
|faint|p2a: Tauros
|choice||switch 2
|
|switch|p2a: Exeggutor|Exeggutor|318\/393
|turn|42
|choice|switch 2|move 1
|
|switch|p1a: Chansey|Chansey|540\/703 par
|move|p2a: Exeggutor|Sleep Powder|p1a: Chansey
|-fail|p1a: Chansey
|
|turn|43
|choice|move 3|switch 5
|
|switch|p2a: Chansey|Chansey|619\/703 par
|cant|p1a: Chansey|par
|
|turn|44
|choice|move 4|move 2
|
|move|p2a: Chansey|Reflect|p2a: Chansey
|-start|p2a: Chansey|Reflect
|cant|p1a: Chansey|par
|
|turn|45
|choice|move 4|move 3
|
|cant|p1a: Chansey|par
|move|p2a: Chansey|Seismic Toss|p1a: Chansey
|-damage|p1a: Chansey|440\/703 par
|
|turn|46
|choice|move 4|move 3
|
|move|p1a: Chansey|Soft-Boiled|p1a: Chansey
|-heal|p1a: Chansey|703\/703 par
|move|p2a: Chansey|Seismic Toss|p1a: Chansey
|-damage|p1a: Chansey|603\/703 par
|
|turn|47
|choice|switch 2|move 3
|
|switch|p1a: Tauros|Tauros|353\/353
|move|p2a: Chansey|Seismic Toss|p1a: Tauros
|-damage|p1a: Tauros|253\/353
|
|turn|48
|choice|move 1|move 1
|
|move|p1a: Tauros|Body Slam|p2a: Chansey
|-crit|p2a: Chansey
|-damage|p2a: Chansey|43\/703 par
|move|p2a: Chansey|Thunder Wave|p1a: Tauros
|-status|p1a: Tauros|par
|
|turn|49
|choice|move 1|move 4
|
|cant|p1a: Tauros|par
|move|p2a: Chansey|Soft-Boiled|p2a: Chansey
|-heal|p2a: Chansey|394\/703 par
|
|turn|50
|choice|move 1|switch 5
|
|switch|p2a: Exeggutor|Exeggutor|318\/393
|move|p1a: Tauros|Body Slam|p2a: Exeggutor
|-crit|p2a: Exeggutor
|-damage|p2a: Exeggutor|87\/393
|
|turn|51
|choice|switch 5|move 4
|
|switch|p1a: Starmie|Starmie|241\/323
|move|p2a: Exeggutor|Explosion|p1a: Starmie
|-damage|p1a: Starmie|0 fnt
|faint|p1a: Starmie
|faint|p2a: Exeggutor
|choice|switch 5|switch 4
|
|switch|p2a: Slowbro|Slowbro|393\/393
|switch|p1a: Tauros|Tauros|253\/353 par
|turn|52
|j|Not Troller
|c|★smilzo|uff
|c|★smilzo|credevo zapdos
|c| Not Troller|quanto state?
|c|★smilzo|2-6
|c|★marcoasd|esatto
|c| Not Troller|noi invece quanto stiamo? mi son scordato
|c| pima|oWo
|choice|switch 2|move 2
|
|switch|p1a: Chansey|Chansey|603\/703 par
|move|p2a: Slowbro|Amnesia|p2a: Slowbro
|-boost|p2a: Slowbro|spd|2
|-boost|p2a: Slowbro|spa|2
|
|turn|53
|c|★marcoasd|3-6
|choice|move 1|move 2
|
|move|p2a: Slowbro|Amnesia|p2a: Slowbro
|-boost|p2a: Slowbro|spd|2
|-boost|p2a: Slowbro|spa|2
|move|p1a: Chansey|Thunder Wave|p2a: Slowbro
|-status|p2a: Slowbro|par
|
|turn|54
|c|★smilzo|k crit dai
|choice|move 3|move 3
|
|move|p2a: Slowbro|Psychic|p1a: Chansey
|-damage|p1a: Chansey|341\/703 par
|move|p1a: Chansey|Thunderbolt|p2a: Slowbro
|-supereffective|p2a: Slowbro
|-damage|p2a: Slowbro|336\/393 par
|
|turn|55
|choice|move 4|move 3
|
|move|p2a: Slowbro|Psychic|p1a: Chansey
|-damage|p1a: Chansey|58\/703 par
|-unboost|p1a: Chansey|spd|1
|-unboost|p1a: Chansey|spa|1
|cant|p1a: Chansey|par
|
|turn|56
|choice|move 3|move 3
|
|move|p2a: Slowbro|Psychic|p1a: Chansey
|-damage|p1a: Chansey|0 fnt
|faint|p1a: Chansey
|choice|switch 2|
|
|switch|p1a: Tauros|Tauros|253\/353 par
|turn|57
|c|★marcoasd|gg
|c|★smilzo|gg
|choice|move 3|move 3
|
|move|p1a: Tauros|Hyper Beam|p2a: Slowbro
|-crit|p2a: Slowbro
|-damage|p2a: Slowbro|0 fnt
|faint|p2a: Slowbro
|c|★marcoasd|lol
|c|★smilzo|uooooooooooo
|c|★marcoasd|pure un roll vergognoso
|choice||switch 5
|
|switch|p2a: Chansey|Chansey|394\/703 par
|turn|58
|c|★smilzo|vabbe ora misso o para
|c|★smilzo|minimo
|choice|move 3|move 2
|
|cant|p1a: Tauros|par
|cant|p2a: Chansey|par
|
|turn|59
|c|★smilzo|!
|choice|move 3|move 2
|
|move|p1a: Tauros|Hyper Beam|p2a: Chansey
|-damage|p2a: Chansey|0 fnt
|faint|p2a: Chansey
|
|win|smilzo
|player|p1
|player|p2
|c|★smilzo|hue
|c|★marcoasd|vabbuò
|c|★smilzo|non me la meritavo questa