|j|poopyface5000
|j|lighthhh
|player|p1|poopyface5000|1
|player|p2|lighthhh|266
|gametype|singles
|gen|1
|tier|[Gen 1] Random Battle
|rated
|seed|519,52732,10359,12539
|rule|Sleep Clause Mod: Limit one foe put to sleep
|rule|Freeze Clause Mod: Limit one foe frozen
|rule|HP Percentage Mod: HP is shown in percentages
|
|start
|switch|p1a: Marowak|Marowak, L90|291\/291
|switch|p2a: Electabuzz|Electabuzz, L85|284\/284
|turn|1
|choice|move 2|switch 3
|
|switch|p2a: Fearow|Fearow, L90|300\/300
|move|p1a: Marowak|Blizzard|p2a: Fearow
|-supereffective|p2a: Fearow
|-damage|p2a: Fearow|159\/300
|
|turn|2
|choice|move 2|move 4
|
|move|p2a: Fearow|Drill Peck|p1a: Marowak
|-crit|p1a: Marowak
|-damage|p1a: Marowak|141\/291
|move|p1a: Marowak|Blizzard|p2a: Fearow
|-supereffective|p2a: Fearow
|-damage|p2a: Fearow|13\/300
|-status|p2a: Fearow|frz
|
|turn|3
|choice|move 3|move 4
|
|cant|p2a: Fearow|frz
|move|p1a: Marowak|Body Slam|p2a: Fearow
|-damage|p2a: Fearow|0 fnt
|faint|p2a: Fearow
|choice||switch 6
|
|switch|p2a: Jynx|Jynx, L79|265\/265
|turn|4
|choice|switch 2|move 3
|
|switch|p1a: Jigglypuff|Jigglypuff, L99|428\/428
|move|p2a: Jynx|Blizzard|p1a: Jigglypuff
|-damage|p1a: Jigglypuff|263\/428
|
|turn|5
|choice|move 2|move 4
|
|move|p2a: Jynx|Lovely Kiss|p1a: Jigglypuff
|-status|p1a: Jigglypuff|slp
|cant|p1a: Jigglypuff|slp
|
|turn|6
|choice|switch 3|move 2
|
|switch|p1a: Cloyster|Cloyster, L83|253\/253
|move|p2a: Jynx|Psychic|p1a: Cloyster
|-damage|p1a: Cloyster|171\/253
|
|turn|7
|choice|move 3|move 2
|
|move|p2a: Jynx|Psychic|p1a: Cloyster
|-damage|p1a: Cloyster|79\/253
|move|p1a: Cloyster|Toxic|p2a: Jynx
|-status|p2a: Jynx|tox
|
|turn|8
|choice|switch 6|move 2
|
|switch|p1a: Starmie|Starmie, L79|257\/257
|move|p2a: Jynx|Psychic|p1a: Starmie
|-resisted|p1a: Starmie
|-damage|p1a: Starmie|218\/257
|-unboost|p1a: Starmie|spd|1
|-unboost|p1a: Starmie|spa|1
|-damage|p2a: Jynx|249\/265 tox|[from] tox|[of] p1a: Starmie
|
|turn|9
|choice|move 2|switch 3
|
|switch|p2a: Electabuzz|Electabuzz, L85|284\/284
|move|p1a: Starmie|Surf|p2a: Electabuzz
|-damage|p2a: Electabuzz|223\/284
|
|turn|10
|choice|switch 2|move 1
|
|switch|p1a: Marowak|Marowak, L90|141\/291
|move|p2a: Electabuzz|Psychic|p1a: Marowak
|-damage|p1a: Marowak|62\/291
|-unboost|p1a: Marowak|spd|1
|-unboost|p1a: Marowak|spa|1
|
|turn|11
|choice|move 1|move 3
|
|move|p2a: Electabuzz|Seismic Toss|p1a: Marowak
|-damage|p1a: Marowak|0 fnt
|faint|p1a: Marowak
|choice|switch 4|
|
|switch|p1a: Mew|Mew, L74|300\/300
|turn|12
|choice|move 2|move 4
|
|move|p2a: Electabuzz|Thunder Wave|p1a: Mew
|-status|p1a: Mew|par
|move|p1a: Mew|Earthquake|p2a: Electabuzz
|-supereffective|p2a: Electabuzz
|-damage|p2a: Electabuzz|74\/284
|
|turn|13
|choice|move 2|move 2
|
|move|p2a: Electabuzz|Thunderbolt|p1a: Mew
|-damage|p1a: Mew|205\/300 par
|move|p1a: Mew|Earthquake|p2a: Electabuzz
|-crit|p2a: Electabuzz
|-supereffective|p2a: Electabuzz
|-damage|p2a: Electabuzz|0 fnt
|faint|p2a: Electabuzz
|choice||switch 4
|
|switch|p2a: Slowbro|Slowbro, L79|312\/312
|turn|14
|choice|move 4|move 1
|
|move|p2a: Slowbro|Amnesia|p2a: Slowbro
|-boost|p2a: Slowbro|spd|2
|-boost|p2a: Slowbro|spa|2
|move|p1a: Mew|Thunderbolt|p2a: Slowbro
|-supereffective|p2a: Slowbro
|-damage|p2a: Slowbro|252\/312
|
|turn|15
|choice|move 4|move 4
|
|move|p2a: Slowbro|Surf|p1a: Mew
|-damage|p1a: Mew|44\/300 par
|move|p1a: Mew|Thunderbolt|p2a: Slowbro
|-supereffective|p2a: Slowbro
|-damage|p2a: Slowbro|186\/312
|
|turn|16
|choice|move 3|move 4
|
|move|p2a: Slowbro|Surf|p1a: Mew
|-damage|p1a: Mew|0 fnt
|faint|p1a: Mew
|choice|switch 5|
|
|switch|p1a: Zapdos|Zapdos, L79|304\/304
|turn|17
|choice|move 3|move 2
|
|move|p1a: Zapdos|Thunderbolt|p2a: Slowbro
|-supereffective|p2a: Slowbro
|-damage|p2a: Slowbro|77\/312
|move|p2a: Slowbro|Thunder Wave|p1a: Zapdos
|-status|p1a: Zapdos|par
|
|turn|18
|choice|move 3|move 1
|
|move|p2a: Slowbro|Amnesia|p2a: Slowbro
|-boost|p2a: Slowbro|spd|2
|-boost|p2a: Slowbro|spa|2
|cant|p1a: Zapdos|par
|
|turn|19
|choice|move 3|move 4
|
|move|p2a: Slowbro|Surf|p1a: Zapdos
|-damage|p1a: Zapdos|97\/304 par
|move|p1a: Zapdos|Thunderbolt|p2a: Slowbro
|-supereffective|p2a: Slowbro
|-damage|p2a: Slowbro|2\/312
|
|turn|20
|choice|move 3|move 4
|
|move|p2a: Slowbro|Surf|p1a: Zapdos
|-damage|p1a: Zapdos|0 fnt
|faint|p1a: Zapdos
|choice|switch 2|
|
|switch|p1a: Starmie|Starmie, L79|218\/257
|turn|21
|choice|move 2|move 2
|
|move|p1a: Starmie|Surf|p2a: Slowbro
|-resisted|p2a: Slowbro
|-damage|p2a: Slowbro|0 fnt
|faint|p2a: Slowbro
|choice||switch 2
|
|switch|p2a: Nidoking|Nidoking, L85|311\/311
|turn|22
|choice|move 3|move 3
|
|move|p1a: Starmie|Blizzard|p2a: Nidoking
|-supereffective|p2a: Nidoking
|-damage|p2a: Nidoking|141\/311
|move|p2a: Nidoking|Thunder|p1a: Starmie
|-supereffective|p1a: Starmie
|-damage|p1a: Starmie|67\/257
|
|turn|23
|choice|move 3|move 4
|
|move|p1a: Starmie|Blizzard|p2a: Nidoking
|-supereffective|p2a: Nidoking
|-damage|p2a: Nidoking|0 fnt
|faint|p2a: Nidoking
|choice||switch 3
|
|switch|p2a: Jynx|Jynx, L79|249\/265 tox
|-status|p2a: Jynx|psn
|turn|24
|choice|move 1|move 3
|
|move|p1a: Starmie|Recover|p1a: Starmie
|-heal|p1a: Starmie|195\/257
|move|p2a: Jynx|Blizzard|p1a: Starmie
|-resisted|p1a: Starmie
|-damage|p1a: Starmie|143\/257
|-status|p1a: Starmie|frz
|-damage|p2a: Jynx|233\/265 psn|[from] psn|[of] p1a: Starmie
|
|turn|25
|choice|move 1|switch 5
|
|switch|p2a: Primeape|Primeape, L90|300\/300
|cant|p1a: Starmie|frz
|
|turn|26
|choice|move 3|move 3
|
|cant|p1a: Starmie|frz
|move|p2a: Primeape|Body Slam|p1a: Starmie
|-damage|p1a: Starmie|66\/257 frz
|
|turn|27
|choice|move 3|move 3
|
|cant|p1a: Starmie|frz
|move|p2a: Primeape|Body Slam|p1a: Starmie
|-damage|p1a: Starmie|0 fnt
|faint|p1a: Starmie
|choice|switch 6|
|
|switch|p1a: Cloyster|Cloyster, L83|79\/253
|turn|28
|choice|move 1|move 1
|
|move|p2a: Primeape|Submission|p1a: Cloyster
|-supereffective|p1a: Cloyster
|-damage|p1a: Cloyster|0 fnt
|-damage|p2a: Primeape|281\/300|[from] recoil|[of] p1a: Cloyster
|faint|p1a: Cloyster
|-message|poopyface5000 forfeited.
|
|win|lighthhh
|player|p1
|player|p2
|l|poopyface5000
|raw|poopyface5000's rating: 1327 &rarr; <strong>1295<\/strong><br \/>(-32 for losing)
|raw|lighthhh's rating: 1066 &rarr; <strong>1115<\/strong><br \/>(+49 for winning)