|join|marcoasd
|join|luc1993
|player|p1|marcoasd|169
|player|p2|luc1993|153
|gametype|singles
|gen|1
|tier|[Gen 1] OU (beta)
|rated
|rule|Sleep Clause Mod: Limit one foe put to sleep
|rule|Species Clause: Limit one of each Pokemon
|rule|OHKO Clause: OHKO moves are banned
|rule|Moody Clause: Moody is banned
|rule|Evasion Moves Clause: Evasion moves are banned
|rule|Endless Battle Clause: Forcing endless battles is banned.
|rule|HP Percentage Mod: HP is reported as percentages
|
|start
|switch|p1a: Alakazam|Alakazam|313\/313
|switch|p2a: Exeggutor|Exeggutor|393\/393
|turn|1
|
|move|p1a: Alakazam|Thunder Wave|p2a: Exeggutor
|-status|p2a: Exeggutor|par
|move|p2a: Exeggutor|Sleep Powder|p1a: Alakazam
|-status|p1a: Alakazam|slp
|
|turn|2
|
|switch|p1a: Chansey|Chansey|703\/703
|switch|p2a: Rhydon|Rhydon|413\/413
|
|turn|3
|
|switch|p2a: Chansey|Chansey|703\/703
|move|p1a: Chansey|Ice Beam|p2a: Chansey
|-damage|p2a: Chansey|623\/703
|
|turn|4
|
|move|p2a: Chansey|Ice Beam|p1a: Chansey
|-damage|p1a: Chansey|624\/703
|move|p1a: Chansey|Thunder Wave|p2a: Chansey
|-status|p2a: Chansey|par
|
|turn|5
|
|switch|p1a: Snorlax|Snorlax|523\/523
|move|p2a: Chansey|Ice Beam|p1a: Snorlax
|-damage|p1a: Snorlax|426\/523
|
|turn|6
|
|move|p1a: Snorlax|Earthquake|p2a: Chansey
|-damage|p2a: Chansey|382\/703 par
|cant|p2a: Chansey|par
|
|turn|7
|
|switch|p2a: Exeggutor|Exeggutor|393\/393 par
|move|p1a: Snorlax|Body Slam|p2a: Exeggutor
|-damage|p2a: Exeggutor|276\/393 par
|
|turn|8
|
|move|p1a: Snorlax|Body Slam|p2a: Exeggutor
|-damage|p2a: Exeggutor|164\/393 par
|move|p2a: Exeggutor|Explosion|p1a: Snorlax
|-damage|p1a: Snorlax|86\/523
|faint|p2a: Exeggutor
|
|switch|p2a: Rhydon|Rhydon|413\/413
|turn|9
|
|switch|p1a: Cloyster|Cloyster|303\/303
|move|p2a: Rhydon|Earthquake|p1a: Cloyster
|-damage|p1a: Cloyster|214\/303
|
|turn|10
|
|switch|p2a: Slowbro|Slowbro|393\/393
|move|p1a: Cloyster|Clamp|p2a: Slowbro
|-crit|p2a: Slowbro
|-resisted|p2a: Slowbro
|-damage|p2a: Slowbro|348\/393
|-activate|p2a: Slowbro|move: Clamp|[of] p1a: Cloyster
|
|turn|11
|
|switch|p2a: Chansey|Chansey|382\/703 par
|move|p1a: Cloyster|Clamp|p2a: Chansey
|-damage|p2a: Chansey|348\/703 par
|-activate|p2a: Chansey|move: Clamp|[of] p1a: Cloyster
|
|turn|12
|
|switch|p2a: Slowbro|Slowbro|348\/393
|move|p1a: Cloyster|Clamp|p2a: Slowbro
|-resisted|p2a: Slowbro
|-damage|p2a: Slowbro|327\/393
|-activate|p2a: Slowbro|move: Clamp|[of] p1a: Cloyster
|
|turn|13
|
|move|p1a: Cloyster|Clamp|p2a: Slowbro
|-damage|p2a: Slowbro|282\/393
|cant|p2a: Slowbro|partiallytrapped
|
|-end|p2a: Slowbro|Clamp|[partiallytrapped]
|turn|14
|
|move|p1a: Cloyster|Clamp|p2a: Slowbro
|-resisted|p2a: Slowbro
|-damage|p2a: Slowbro|261\/393
|-activate|p2a: Slowbro|move: Clamp|[of] p1a: Cloyster
|cant|p2a: Slowbro|partiallytrapped
|
|turn|15
|
|switch|p1a: Victreebel|Victreebel|363\/363
|cant|p2a: Slowbro|partiallytrapped
|
|-end|p2a: Slowbro|Clamp|[partiallytrapped]
|turn|16
|
|switch|p2a: Tauros|Tauros|353\/353
|move|p1a: Victreebel|Razor Leaf|p2a: Tauros
|-crit|p2a: Tauros
|-damage|p2a: Tauros|203\/353
|
|turn|17
|
|switch|p1a: Cloyster|Cloyster|214\/303
|move|p2a: Tauros|Body Slam|p1a: Cloyster
|-damage|p1a: Cloyster|150\/303
|-status|p1a: Cloyster|par
|
|turn|18
|
|switch|p2a: Slowbro|Slowbro|261\/393
|move|p1a: Cloyster|Explosion|p2a: Slowbro
|-damage|p2a: Slowbro|38\/393
|faint|p1a: Cloyster
|
|switch|p1a: Victreebel|Victreebel|363\/363
|turn|19
|
|move|p1a: Victreebel|Razor Leaf|p2a: Slowbro
|-crit|p2a: Slowbro
|-supereffective|p2a: Slowbro
|-damage|p2a: Slowbro|0 fnt
|faint|p2a: Slowbro
|
|
|switch|p2a: Chansey|Chansey|348\/703 par
|turn|20
|
|move|p1a: Victreebel|Wrap|p2a: Chansey
|-damage|p2a: Chansey|312\/703 par
|-activate|p2a: Chansey|move: Wrap|[of] p1a: Victreebel
|cant|p2a: Chansey|partiallytrapped
|
|turn|21
|
|move|p1a: Victreebel|Wrap|p2a: Chansey
|-damage|p2a: Chansey|276\/703 par
|cant|p2a: Chansey|par
|
|-end|p2a: Chansey|Wrap|[partiallytrapped]
|turn|22
|
|move|p1a: Victreebel|Wrap|p2a: Chansey
|-damage|p2a: Chansey|239\/703 par
|-activate|p2a: Chansey|move: Wrap|[of] p1a: Victreebel
|cant|p2a: Chansey|partiallytrapped
|
|turn|23
|
|move|p1a: Victreebel|Wrap|p2a: Chansey
|-damage|p2a: Chansey|202\/703 par
|cant|p2a: Chansey|partiallytrapped
|
|turn|24
|
|move|p1a: Victreebel|Wrap|p2a: Chansey
|-damage|p2a: Chansey|165\/703 par
|cant|p2a: Chansey|partiallytrapped
|
|-end|p2a: Chansey|Wrap|[partiallytrapped]
|turn|25
|
|move|p1a: Victreebel|Wrap|p2a: Chansey|[miss]
|-miss|p1a: Victreebel
|cant|p2a: Chansey|par
|
|turn|26
|
|move|p1a: Victreebel|Wrap|p2a: Chansey|[miss]
|-miss|p1a: Victreebel
|move|p2a: Chansey|Thunder Wave|p1a: Victreebel
|-status|p1a: Victreebel|par
|
|turn|27
|
|move|p1a: Victreebel|Wrap|p2a: Chansey
|-damage|p2a: Chansey|133\/703 par
|-activate|p2a: Chansey|move: Wrap|[of] p1a: Victreebel
|cant|p2a: Chansey|partiallytrapped
|
|turn|28
|
|switch|p1a: Golem|Golem|363\/363
|cant|p2a: Chansey|partiallytrapped
|
|-end|p2a: Chansey|Wrap|[partiallytrapped]
|turn|29
|
|move|p1a: Golem|Earthquake|p2a: Chansey
|-damage|p2a: Chansey|0 fnt
|faint|p2a: Chansey
|
|
|switch|p2a: Machamp|Machamp|383\/383
|turn|30
|
|switch|p2a: Rhydon|Rhydon|413\/413
|move|p1a: Golem|Earthquake|p2a: Rhydon
|-supereffective|p2a: Rhydon
|-damage|p2a: Rhydon|208\/413
|
|turn|31
|
|move|p1a: Golem|Earthquake|p2a: Rhydon
|-supereffective|p2a: Rhydon
|-damage|p2a: Rhydon|0 fnt
|faint|p2a: Rhydon
|
|
|switch|p2a: Tauros|Tauros|203\/353
|turn|32
|
|switch|p1a: Alakazam|Alakazam|313\/313 slp
|move|p2a: Tauros|Blizzard|p1a: Alakazam
|-damage|p1a: Alakazam|250\/313 slp
|
|turn|33
|
|cant|p1a: Alakazam|slp
|move|p2a: Tauros|Body Slam|p1a: Alakazam
|-damage|p1a: Alakazam|89\/313 slp
|
|turn|34
|
|cant|p1a: Alakazam|slp
|move|p2a: Tauros|Body Slam|p1a: Alakazam
|-damage|p1a: Alakazam|0 fnt
|faint|p1a: Alakazam
|
|join|Gieco
|
|switch|p1a: Chansey|Chansey|624\/703
|turn|35
|
|move|p2a: Tauros|Body Slam|p1a: Chansey
|-damage|p1a: Chansey|362\/703
|-status|p1a: Chansey|par
|move|p1a: Chansey|Thunder Wave|p2a: Tauros
|-status|p2a: Tauros|par
|
|turn|36
|
|move|p2a: Tauros|Hyper Beam|p1a: Chansey
|-crit|p1a: Chansey
|-damage|p1a: Chansey|0 fnt
|faint|p1a: Chansey
|
|
|switch|p1a: Snorlax|Snorlax|86\/523
|turn|37
|
|move|p1a: Snorlax|Self-Destruct|p2a: Tauros
|-damage|p2a: Tauros|0 fnt
|faint|p2a: Tauros
|faint|p1a: Snorlax
|
|switch|p2a: Machamp|Machamp|383\/383
|switch|p1a: Golem|Golem|363\/363
|turn|38
|
|move|p2a: Machamp|Submission|p1a: Golem
|-supereffective|p1a: Golem
|-damage|p1a: Golem|164\/363
|-damage|p2a: Machamp|333\/383|[from] recoil|[of] p1a: Golem
|move|p1a: Golem|Earthquake|p2a: Machamp
|-damage|p2a: Machamp|180\/383
|
|turn|39
|
|move|p2a: Machamp|Submission|p1a: Golem
|-supereffective|p1a: Golem
|-damage|p1a: Golem|0 fnt
|-damage|p2a: Machamp|139\/383|[from] recoil|[of] p1a: Golem
|faint|p1a: Golem
|
|
|switch|p1a: Victreebel|Victreebel|363\/363 par
|turn|40
|
|move|p2a: Machamp|Body Slam|p1a: Victreebel
|-damage|p1a: Victreebel|264\/363 par
|cant|p1a: Victreebel|par
|
|turn|41
|
|move|p2a: Machamp|Body Slam|p1a: Victreebel
|-damage|p1a: Victreebel|165\/363 par
|cant|p1a: Victreebel|par
|
|turn|42
|
|move|p2a: Machamp|Hyper Beam|p1a: Victreebel
|-damage|p1a: Victreebel|0 fnt
|faint|p1a: Victreebel
|
|win|luc1993
|raw|Ladder updating...
|raw|marcoasd's rating: 1399 &rarr; <strong>1360<\/strong><br \/>(-39 for losing)
|raw|luc1993's rating: 1180 &rarr; <strong>1219<\/strong><br \/>(+39 for winning)
|chat|marcoasd|gg
|chat|luc1993|gg
|leave|marcoasd
|player|p1