|join|SonicJaxx
|join|whoremaster
|player|p1|SonicJaxx|80
|player|p2|whoremaster|43
|gametype|singles
|gen|1
|tier|[Gen 1] OU (beta)
|rated
|rule|Sleep Clause Mod: Limit one foe put to sleep
|rule|Species Clause: Limit one of each Pokemon
|rule|OHKO Clause: OHKO moves are banned
|rule|Moody Clause: Moody is banned
|rule|Evasion Moves Clause: Evasion moves are banned
|rule|Endless Battle Clause: Forcing endless battles is banned.
|rule|HP Percentage Mod: HP is reported as percentages
|
|start
|switch|p1a: Psychedal|Alakazam|313\/313
|switch|p2a: Gengar|Gengar|323\/323
|turn|1
|
|switch|p2a: Chansey|Chansey|703\/703
|move|p1a: Psychedal|Psychic|p2a: Chansey
|-crit|p2a: Chansey
|-damage|p2a: Chansey|463\/703
|-unboost|p2a: Chansey|spd|1
|-unboost|p2a: Chansey|spa|1
|
|turn|2
|
|move|p1a: Psychedal|Psychic|p2a: Chansey
|-crit|p2a: Chansey
|-damage|p2a: Chansey|190\/703
|move|p2a: Chansey|Thunder Wave|p1a: Psychedal
|-status|p1a: Psychedal|par
|
|turn|3
|
|switch|p1a: Tigerboy|Snorlax|523\/523
|move|p2a: Chansey|Soft-Boiled|p2a: Chansey
|-heal|p2a: Chansey|541\/703
|
|turn|4
|chat|whoremaster|they call you the crit king
|
|switch|p2a: Exeggutor|Exeggutor|393\/393
|move|p1a: Tigerboy|Earthquake|p2a: Exeggutor
|-resisted|p2a: Exeggutor
|-damage|p2a: Exeggutor|344\/393
|
|turn|5
|
|switch|p1a: Psychedal|Alakazam|313\/313 par
|move|p2a: Exeggutor|Sleep Powder|p1a: Psychedal
|-fail|p1a: Psychedal
|
|turn|6
|
|move|p2a: Exeggutor|Mega Drain|p1a: Psychedal
|-damage|p1a: Psychedal|266\/313 par
|-heal|p2a: Exeggutor|368\/393|[from] drain|[of] p1a: Psychedal
|move|p1a: Psychedal|Thunder Wave|p2a: Exeggutor
|-status|p2a: Exeggutor|par
|
|turn|7
|
|cant|p1a: Psychedal|par
|move|p2a: Exeggutor|Mega Drain|p1a: Psychedal
|-damage|p1a: Psychedal|219\/313 par
|-heal|p2a: Exeggutor|392\/393 par|[from] drain|[of] p1a: Psychedal
|
|turn|8
|
|move|p1a: Psychedal|Reflect|p1a: Psychedal
|move|p2a: Exeggutor|Mega Drain|p1a: Psychedal
|-damage|p1a: Psychedal|178\/313 par
|-heal|p2a: Exeggutor|393\/393 par|[from] drain|[of] p1a: Psychedal
|
|turn|9
|
|move|p1a: Psychedal|Recover|p1a: Psychedal
|-heal|p1a: Psychedal|313\/313 par
|move|p2a: Exeggutor|Mega Drain|p1a: Psychedal
|-damage|p1a: Psychedal|264\/313 par
|
|turn|10
|
|move|p1a: Psychedal|Psychic|p2a: Exeggutor
|-resisted|p2a: Exeggutor
|-damage|p2a: Exeggutor|336\/393 par
|move|p2a: Exeggutor|Psychic|p1a: Psychedal
|-crit|p1a: Psychedal
|-resisted|p1a: Psychedal
|-damage|p1a: Psychedal|172\/313 par
|
|turn|11
|
|move|p1a: Psychedal|Recover|p1a: Psychedal
|-heal|p1a: Psychedal|313\/313 par
|move|p2a: Exeggutor|Mega Drain|p1a: Psychedal
|-damage|p1a: Psychedal|266\/313 par
|-heal|p2a: Exeggutor|360\/393 par|[from] drain|[of] p1a: Psychedal
|
|turn|12
|
|cant|p1a: Psychedal|par
|move|p2a: Exeggutor|Psychic|p1a: Psychedal
|-resisted|p1a: Psychedal
|-damage|p1a: Psychedal|218\/313 par
|-unboost|p1a: Psychedal|spd|1
|-unboost|p1a: Psychedal|spa|1
|
|turn|13
|
|move|p1a: Psychedal|Psychic|p2a: Exeggutor
|-resisted|p2a: Exeggutor
|-damage|p2a: Exeggutor|320\/393 par
|move|p2a: Exeggutor|Mega Drain|p1a: Psychedal
|-damage|p1a: Psychedal|151\/313 par
|-heal|p2a: Exeggutor|354\/393 par|[from] drain|[of] p1a: Psychedal
|
|turn|14
|
|cant|p1a: Psychedal|par
|move|p2a: Exeggutor|Mega Drain|p1a: Psychedal
|-damage|p1a: Psychedal|80\/313 par
|-heal|p2a: Exeggutor|390\/393 par|[from] drain|[of] p1a: Psychedal
|
|turn|15
|
|switch|p2a: Tauros|Tauros|353\/353
|move|p1a: Psychedal|Recover|p1a: Psychedal
|-heal|p1a: Psychedal|236\/313 par
|
|turn|16
|
|switch|p1a: Eggsellent|Exeggutor|393\/393
|move|p2a: Tauros|Body Slam|p1a: Eggsellent
|-damage|p1a: Eggsellent|291\/393
|
|turn|17
|
|switch|p2a: Exeggutor|Exeggutor|390\/393 par
|move|p1a: Eggsellent|Hyper Beam|p2a: Exeggutor
|-damage|p2a: Exeggutor|271\/393 par
|
|turn|18
|
|cant|p1a: Eggsellent|recharge
|move|p2a: Exeggutor|Psychic|p1a: Eggsellent
|-resisted|p1a: Eggsellent
|-damage|p1a: Eggsellent|241\/393
|
|turn|19
|
|switch|p1a: Psychedal|Alakazam|236\/313 par
|move|p2a: Exeggutor|Mega Drain|p1a: Psychedal
|-damage|p1a: Psychedal|190\/313 par
|-heal|p2a: Exeggutor|294\/393 par|[from] drain|[of] p1a: Psychedal
|
|turn|20
|
|move|p1a: Psychedal|Reflect|p1a: Psychedal
|cant|p2a: Exeggutor|par
|
|turn|21
|
|move|p1a: Psychedal|Psychic|p2a: Exeggutor
|-resisted|p2a: Exeggutor
|-damage|p2a: Exeggutor|242\/393 par
|-unboost|p2a: Exeggutor|spd|1
|-unboost|p2a: Exeggutor|spa|1
|move|p2a: Exeggutor|Mega Drain|p1a: Psychedal
|-damage|p1a: Psychedal|161\/313 par
|-heal|p2a: Exeggutor|257\/393 par|[from] drain|[of] p1a: Psychedal
|
|turn|22
|
|switch|p2a: Chansey|Chansey|541\/703
|move|p1a: Psychedal|Recover|p1a: Psychedal
|-heal|p1a: Psychedal|313\/313 par
|
|turn|23
|
|move|p2a: Chansey|Thunderbolt|p1a: Psychedal
|-damage|p1a: Psychedal|254\/313 par
|move|p1a: Psychedal|Psychic|p2a: Chansey
|-damage|p2a: Chansey|417\/703
|
|turn|24
|
|move|p2a: Chansey|Thunderbolt|p1a: Psychedal
|-damage|p1a: Psychedal|189\/313 par
|move|p1a: Psychedal|Psychic|p2a: Chansey
|-crit|p2a: Chansey
|-damage|p2a: Chansey|180\/703
|
|turn|25
|
|switch|p1a: Tigerboy|Snorlax|523\/523
|move|p2a: Chansey|Soft-Boiled|p2a: Chansey
|-heal|p2a: Chansey|531\/703
|
|turn|26
|
|switch|p2a: Gengar|Gengar|323\/323
|move|p1a: Tigerboy|Body Slam|p2a: Gengar
|-immune|p2a: Gengar|[msg]
|
|turn|27
|
|switch|p1a: Psychedal|Alakazam|189\/313 par
|move|p2a: Gengar|Hypnosis|p1a: Psychedal
|-fail|p1a: Psychedal
|
|turn|28
|
|switch|p2a: Exeggutor|Exeggutor|257\/393 par
|move|p1a: Psychedal|Recover|p1a: Psychedal
|-heal|p1a: Psychedal|313\/313 par
|
|turn|29
|
|cant|p1a: Psychedal|par
|cant|p2a: Exeggutor|par
|
|turn|30
|
|move|p1a: Psychedal|Reflect|p1a: Psychedal
|move|p2a: Exeggutor|Mega Drain|p1a: Psychedal
|-damage|p1a: Psychedal|267\/313 par
|-heal|p2a: Exeggutor|280\/393 par|[from] drain|[of] p1a: Psychedal
|
|turn|31
|
|move|p1a: Psychedal|Psychic|p2a: Exeggutor
|-resisted|p2a: Exeggutor
|-damage|p2a: Exeggutor|225\/393 par
|move|p2a: Exeggutor|Mega Drain|p1a: Psychedal
|-crit|p1a: Psychedal
|-damage|p1a: Psychedal|169\/313 par
|-heal|p2a: Exeggutor|274\/393 par|[from] drain|[of] p1a: Psychedal
|
|turn|32
|
|move|p1a: Psychedal|Recover|p1a: Psychedal
|-heal|p1a: Psychedal|313\/313 par
|move|p2a: Exeggutor|Psychic|p1a: Psychedal
|-resisted|p1a: Psychedal
|-damage|p1a: Psychedal|265\/313 par
|
|turn|33
|
|move|p1a: Psychedal|Psychic|p2a: Exeggutor
|-crit|p2a: Exeggutor
|-resisted|p2a: Exeggutor
|-damage|p2a: Exeggutor|161\/393 par
|move|p2a: Exeggutor|Mega Drain|p1a: Psychedal
|-damage|p1a: Psychedal|221\/313 par
|-heal|p2a: Exeggutor|183\/393 par|[from] drain|[of] p1a: Psychedal
|
|turn|34
|
|switch|p2a: Chansey|Chansey|531\/703
|move|p1a: Psychedal|Psychic|p2a: Chansey
|-crit|p2a: Chansey
|-damage|p2a: Chansey|297\/703
|-unboost|p2a: Chansey|spd|1
|-unboost|p2a: Chansey|spa|1
|
|turn|35
|
|switch|p1a: Tigerboy|Snorlax|523\/523
|move|p2a: Chansey|Soft-Boiled|p2a: Chansey
|-heal|p2a: Chansey|648\/703
|
|turn|36
|
|move|p2a: Chansey|Thunder Wave|p1a: Tigerboy
|-status|p1a: Tigerboy|par
|move|p1a: Tigerboy|Earthquake|p2a: Chansey
|-damage|p2a: Chansey|424\/703
|
|turn|37
|
|move|p2a: Chansey|Soft-Boiled|p2a: Chansey
|-heal|p2a: Chansey|703\/703
|move|p1a: Tigerboy|Body Slam|p2a: Chansey
|-damage|p2a: Chansey|411\/703
|
|turn|38
|
|move|p2a: Chansey|Soft-Boiled|p2a: Chansey
|-heal|p2a: Chansey|703\/703
|cant|p1a: Tigerboy|par
|
|turn|39
|
|switch|p2a: Gengar|Gengar|323\/323
|cant|p1a: Tigerboy|par
|
|turn|40
|
|move|p2a: Gengar|Thunderbolt|p1a: Tigerboy
|-crit|p1a: Tigerboy
|-damage|p1a: Tigerboy|280\/523 par
|move|p1a: Tigerboy|Earthquake|p2a: Gengar
|-supereffective|p2a: Gengar
|-damage|p2a: Gengar|100\/323
|
|turn|41
|
|switch|p2a: Exeggutor|Exeggutor|183\/393 par
|cant|p1a: Tigerboy|par
|
|turn|42
|
|switch|p1a: Psychedal|Alakazam|221\/313 par
|move|p2a: Exeggutor|Psychic|p1a: Psychedal
|-resisted|p1a: Psychedal
|-damage|p1a: Psychedal|172\/313 par
|
|turn|43
|
|switch|p2a: Chansey|Chansey|703\/703
|cant|p1a: Psychedal|par
|
|turn|44
|
|move|p2a: Chansey|Thunderbolt|p1a: Psychedal
|-damage|p1a: Psychedal|109\/313 par
|cant|p1a: Psychedal|par
|
|turn|45
|
|switch|p2a: Tauros|Tauros|353\/353
|move|p1a: Psychedal|Recover|p1a: Psychedal
|-heal|p1a: Psychedal|265\/313 par
|
|turn|46
|
|move|p2a: Tauros|Body Slam|p1a: Psychedal
|-damage|p1a: Psychedal|116\/313 par
|cant|p1a: Psychedal|par
|
|turn|47
|
|switch|p1a: Eggsellent|Exeggutor|241\/393
|move|p2a: Tauros|Body Slam|p1a: Eggsellent
|-damage|p1a: Eggsellent|123\/393
|-status|p1a: Eggsellent|par
|
|turn|48
|
|switch|p1a: Red|Tauros|353\/353
|move|p2a: Tauros|Blizzard|p1a: Red
|-damage|p1a: Red|255\/353
|
|turn|49
|
|switch|p2a: Gengar|Gengar|100\/323
|move|p1a: Red|Body Slam|p2a: Gengar
|-immune|p2a: Gengar|[msg]
|
|turn|50
|
|move|p1a: Red|Earthquake|p2a: Gengar
|-supereffective|p2a: Gengar
|-damage|p2a: Gengar|0 fnt
|faint|p2a: Gengar
|
|chat|whoremaster|:(
|chat|whoremaster|thought gengar was faster
|
|switch|p2a: Chansey|Chansey|703\/703
|turn|51
|chat|SonicJaxx|equal.
|
|switch|p1a: Psychedal|Alakazam|116\/313 par
|move|p2a: Chansey|Thunder Wave|p1a: Psychedal
|-fail|p1a: Psychedal|par
|
|turn|52
|chat|whoremaster|ahh
|
|switch|p2a: Snorlax|Snorlax|523\/523
|move|p1a: Psychedal|Recover|p1a: Psychedal
|-heal|p1a: Psychedal|272\/313 par
|
|turn|53
|
|move|p2a: Snorlax|Amnesia|p2a: Snorlax
|-boost|p2a: Snorlax|spd|2
|-boost|p2a: Snorlax|spa|2
|move|p1a: Psychedal|Thunder Wave|p2a: Snorlax
|-status|p2a: Snorlax|par
|
|turn|54
|
|switch|p1a: Tigerboy|Snorlax|280\/523 par
|switch|p2a: Tauros|Tauros|353\/353
|
|turn|55
|
|move|p2a: Tauros|Hyper Beam|p1a: Tigerboy
|-crit|p1a: Tigerboy
|-damage|p1a: Tigerboy|0 fnt
|faint|p1a: Tigerboy
|
|
|switch|p1a: Shell|Chansey|703\/703
|turn|56
|
|switch|p2a: Snorlax|Snorlax|523\/523 par
|move|p1a: Shell|Thunder Wave|p2a: Snorlax
|-fail|p2a: Snorlax|par
|
|turn|57
|
|move|p1a: Shell|Reflect|p1a: Shell
|move|p2a: Snorlax|Amnesia|p2a: Snorlax
|-boost|p2a: Snorlax|spd|2
|-boost|p2a: Snorlax|spa|2
|
|turn|58
|
|switch|p1a: Red|Tauros|255\/353
|move|p2a: Snorlax|Amnesia|p2a: Snorlax
|-boost|p2a: Snorlax|spd|2
|-boost|p2a: Snorlax|spa|2
|
|turn|59
|
|move|p1a: Red|Body Slam|p2a: Snorlax
|-damage|p2a: Snorlax|403\/523 par
|cant|p2a: Snorlax|par
|
|turn|60
|
|move|p1a: Red|Body Slam|p2a: Snorlax
|-damage|p2a: Snorlax|283\/523 par
|move|p2a: Snorlax|Ice Beam|p1a: Red
|-damage|p1a: Red|43\/353
|
|turn|61
|
|switch|p2a: Exeggutor|Exeggutor|183\/393 par
|move|p1a: Red|Hyper Beam|p2a: Exeggutor
|-crit|p2a: Exeggutor
|-damage|p2a: Exeggutor|0 fnt
|faint|p2a: Exeggutor
|
|
|switch|p2a: Chansey|Chansey|703\/703
|turn|62
|
|switch|p1a: Psychedal|Alakazam|272\/313 par
|move|p2a: Chansey|Ice Beam|p1a: Psychedal
|-damage|p1a: Psychedal|215\/313 par
|
|turn|63
|
|move|p2a: Chansey|Ice Beam|p1a: Psychedal
|-damage|p1a: Psychedal|152\/313 par
|cant|p1a: Psychedal|par
|
|turn|64
|
|move|p2a: Chansey|Thunderbolt|p1a: Psychedal
|-damage|p1a: Psychedal|90\/313 par
|cant|p1a: Psychedal|par
|
|turn|65
|
|switch|p2a: Tauros|Tauros|353\/353
|cant|p1a: Psychedal|par
|
|turn|66
|
|switch|p1a: Ohm My|Zapdos|383\/383
|move|p2a: Tauros|Body Slam|p1a: Ohm My
|-crit|p1a: Ohm My
|-damage|p1a: Ohm My|148\/383
|
|turn|67
|
|switch|p2a: Golem|Golem|363\/363
|move|p1a: Ohm My|Thunder Wave|p2a: Golem
|-immune|p2a: Golem|[msg]
|
|turn|68
|
|switch|p1a: Shell|Chansey|703\/703
|move|p2a: Golem|Rock Slide|p1a: Shell
|-damage|p1a: Shell|460\/703
|
|turn|69
|
|switch|p2a: Snorlax|Snorlax|283\/523 par
|move|p1a: Shell|Ice Beam|p2a: Snorlax
|-damage|p2a: Snorlax|177\/523 par
|
|turn|70
|
|move|p1a: Shell|Ice Beam|p2a: Snorlax
|-crit|p2a: Snorlax
|-damage|p2a: Snorlax|0 fnt
|faint|p2a: Snorlax
|
|chat|whoremaster|:(
|
|switch|p2a: Chansey|Chansey|703\/703
|turn|71
|
|move|p2a: Chansey|Ice Beam|p1a: Shell
|-damage|p1a: Shell|381\/703
|move|p1a: Shell|Ice Beam|p2a: Chansey
|-damage|p2a: Chansey|626\/703
|
|turn|72
|
|move|p2a: Chansey|Ice Beam|p1a: Shell
|-damage|p1a: Shell|308\/703
|move|p1a: Shell|Ice Beam|p2a: Chansey
|-damage|p2a: Chansey|558\/703
|
|turn|73
|
|switch|p2a: Tauros|Tauros|353\/353
|move|p1a: Shell|Ice Beam|p2a: Tauros
|-damage|p2a: Tauros|253\/353
|
|turn|74
|
|switch|p1a: Ohm My|Zapdos|148\/383
|move|p2a: Tauros|Body Slam|p1a: Ohm My
|-crit|p1a: Ohm My
|-damage|p1a: Ohm My|0 fnt
|faint|p1a: Ohm My
|
|
|switch|p1a: Red|Tauros|43\/353
|turn|75
|
|move|p2a: Tauros|Body Slam|p1a: Red
|-damage|p1a: Red|0 fnt
|faint|p1a: Red
|
|
|switch|p1a: Eggsellent|Exeggutor|123\/393 par
|turn|76
|
|move|p2a: Tauros|Hyper Beam|p1a: Eggsellent
|-damage|p1a: Eggsellent|0 fnt
|faint|p1a: Eggsellent
|
|
|switch|p1a: Psychedal|Alakazam|90\/313 par
|turn|77
|
|move|p2a: Tauros|Hyper Beam|p1a: Psychedal
|-damage|p1a: Psychedal|0 fnt
|faint|p1a: Psychedal
|
|
|switch|p1a: Shell|Chansey|308\/703
|turn|78
|
|move|p2a: Tauros|Hyper Beam|p1a: Shell
|-crit|p1a: Shell
|-damage|p1a: Shell|0 fnt
|faint|p1a: Shell
|
|win|whoremaster
|raw|Ladder updating...
|raw|SonicJaxx's rating: 1389 &rarr; <strong>1361<\/strong><br \/>(-28 for losing)
|raw|whoremaster's rating: 1238 &rarr; <strong>1273<\/strong><br \/>(+35 for winning)
|chat|whoremaster|gg dude
|chat|whoremaster|that was awesome
|chat|SonicJaxx|gg
|chat|whoremaster|how do i save replays?