|j|SlimeArcher0
|j|enigsugoi
|player|p1|SlimeArcher0|289
|player|p2|enigsugoi|195
|gametype|singles
|gen|1
|tier|[Gen 1] Random Battle
|rated
|seed|18599,28106,11053,14730
|rule|Sleep Clause Mod: Limit one foe put to sleep
|rule|Freeze Clause Mod: Limit one foe frozen
|rule|HP Percentage Mod: HP is shown in percentages
|
|start
|switch|p1a: Blastoise|Blastoise, L85|308\/308
|switch|p2a: Pidgeot|Pidgeot, L90|333\/333
|turn|1
|choice|move 1|move 2
|
|move|p2a: Pidgeot|Sky Attack|p1a: Blastoise|[still]
|-prepare|p2a: Pidgeot|Sky Attack|p1a: Blastoise
|move|p1a: Blastoise|Body Slam|p2a: Pidgeot
|-damage|p2a: Pidgeot|272\/333
|
|turn|2
|choice|move 4|move 1
|
|move|p2a: Pidgeot|Sky Attack|p1a: Blastoise|[from]Sky Attack|[miss]
|-miss|p2a: Pidgeot
|move|p1a: Blastoise|Surf|p2a: Pidgeot
|-damage|p2a: Pidgeot|162\/333
|
|turn|3
|choice|move 4|switch 4
|
|switch|p2a: Poliwhirl|Poliwhirl, L85|284\/284
|move|p1a: Blastoise|Surf|p2a: Poliwhirl
|-crit|p2a: Poliwhirl
|-resisted|p2a: Poliwhirl
|-damage|p2a: Poliwhirl|158\/284
|
|turn|4
|choice|move 3|move 1
|
|move|p2a: Poliwhirl|Amnesia|p2a: Poliwhirl
|-boost|p2a: Poliwhirl|spd|2
|-boost|p2a: Poliwhirl|spa|2
|move|p1a: Blastoise|Earthquake|p2a: Poliwhirl
|-damage|p2a: Poliwhirl|81\/284
|
|turn|5
|choice|move 1|move 3
|
|move|p2a: Poliwhirl|Psychic|p1a: Blastoise
|-damage|p1a: Blastoise|215\/308
|move|p1a: Blastoise|Body Slam|p2a: Poliwhirl
|-damage|p2a: Poliwhirl|20\/284
|
|turn|6
|choice|move 1|move 3
|
|move|p2a: Poliwhirl|Psychic|p1a: Blastoise
|-damage|p1a: Blastoise|127\/308
|move|p1a: Blastoise|Body Slam|p2a: Poliwhirl
|-damage|p2a: Poliwhirl|0 fnt
|faint|p2a: Poliwhirl
|choice||switch 5
|
|switch|p2a: Electrode|Electrode, L90|291\/291
|turn|7
|choice|move 3|move 4
|
|move|p2a: Electrode|Thunderbolt|p1a: Blastoise
|-supereffective|p1a: Blastoise
|-damage|p1a: Blastoise|0 fnt
|faint|p1a: Blastoise
|choice|switch 6|
|
|switch|p1a: Venusaur|Venusaur, L85|310\/310
|turn|8
|choice|move 2|switch 4
|
|switch|p2a: Pidgeot|Pidgeot, L90|162\/333
|move|p1a: Venusaur|Swords Dance|p1a: Venusaur
|-boost|p1a: Venusaur|atk|2
|
|turn|9
|choice|move 3|move 2
|
|move|p2a: Pidgeot|Sky Attack|p1a: Venusaur|[still]
|-prepare|p2a: Pidgeot|Sky Attack|p1a: Venusaur
|move|p1a: Venusaur|Body Slam|p2a: Pidgeot
|-damage|p2a: Pidgeot|46\/333
|
|turn|10
|choice|move 3|move 1
|
|move|p2a: Pidgeot|Sky Attack|p1a: Venusaur|[from]Sky Attack
|-supereffective|p1a: Venusaur
|-damage|p1a: Venusaur|28\/310
|move|p1a: Venusaur|Body Slam|p2a: Pidgeot
|-damage|p2a: Pidgeot|0 fnt
|faint|p2a: Pidgeot
|choice||switch 4
|
|switch|p2a: Electrode|Electrode, L90|291\/291
|turn|11
|choice|move 3|move 4
|
|move|p2a: Electrode|Thunderbolt|p1a: Venusaur
|-resisted|p1a: Venusaur
|-damage|p1a: Venusaur|0 fnt
|faint|p1a: Venusaur
|choice|switch 3|
|
|switch|p1a: Venomoth|Venomoth, L85|293\/293
|turn|12
|choice|move 1|move 3
|
|move|p2a: Electrode|Thunder Wave|p1a: Venomoth
|-status|p1a: Venomoth|par
|move|p1a: Venomoth|Sleep Powder|p2a: Electrode
|-status|p2a: Electrode|slp
|
|turn|13
|choice|move 3|move 2
|
|cant|p2a: Electrode|slp
|move|p1a: Venomoth|Psychic|p2a: Electrode
|-damage|p2a: Electrode|226\/291 slp
|
|turn|14
|choice|move 3|move 2
|
|cant|p2a: Electrode|slp
|cant|p1a: Venomoth|par
|
|turn|15
|choice|move 3|move 2
|
|-curestatus|p2a: Electrode|slp
|move|p1a: Venomoth|Psychic|p2a: Electrode
|-damage|p2a: Electrode|166\/291
|
|turn|16
|choice|move 2|move 2
|
|move|p2a: Electrode|Screech|p1a: Venomoth
|-unboost|p1a: Venomoth|def|2
|move|p1a: Venomoth|Stun Spore|p2a: Electrode
|-status|p2a: Electrode|par
|
|turn|17
|choice|move 3|move 1
|
|move|p2a: Electrode|Explosion|p1a: Venomoth
|-damage|p1a: Venomoth|0 fnt
|faint|p1a: Venomoth
|faint|p2a: Electrode
|choice|switch 4|switch 2
|
|switch|p1a: Mewtwo|Mewtwo, L70|293\/293
|switch|p2a: Exeggcute|Exeggcute, L96|310\/310
|turn|18
|choice|move 2|move 3
|
|move|p1a: Mewtwo|Ice Beam|p2a: Exeggcute
|-crit|p2a: Exeggcute
|-supereffective|p2a: Exeggcute
|-damage|p2a: Exeggcute|40\/310
|move|p2a: Exeggcute|Sleep Powder|p1a: Mewtwo|[miss]
|-miss|p2a: Exeggcute
|
|turn|19
|choice|move 2|move 3
|
|move|p1a: Mewtwo|Ice Beam|p2a: Exeggcute
|-crit|p2a: Exeggcute
|-supereffective|p2a: Exeggcute
|-damage|p2a: Exeggcute|0 fnt
|faint|p2a: Exeggcute
|choice||switch 3
|
|switch|p2a: Magmar|Magmar, L90|300\/300
|turn|20
|choice|move 4|move 2
|
|move|p2a: Magmar|Confuse Ray|p1a: Mewtwo
|-start|p1a: Mewtwo|confusion
|-activate|p1a: Mewtwo|confusion
|-damage|p1a: Mewtwo|264\/293|[from] confusion
|
|turn|21
|choice|move 4|move 3
|
|move|p2a: Magmar|Mimic|p1a: Mewtwo
|-start|p2a: Magmar|Mimic|Thunder Wave
|-activate|p1a: Mewtwo|confusion
|move|p1a: Mewtwo|Thunder Wave|p2a: Magmar
|-status|p2a: Magmar|par
|
|turn|22
|choice|move 1|move 3
|
|-activate|p1a: Mewtwo|confusion
|-damage|p1a: Mewtwo|235\/293|[from] confusion
|move|p2a: Magmar|Thunder Wave|p1a: Mewtwo
|-status|p1a: Mewtwo|par
|
|turn|23
|choice|move 1|move 1
|
|cant|p2a: Magmar|par
|-end|p1a: Mewtwo|confusion
|move|p1a: Mewtwo|Psychic|p2a: Magmar
|-damage|p2a: Magmar|210\/300 par
|
|turn|24
|choice|move 1|move 2
|
|move|p2a: Magmar|Confuse Ray|p1a: Mewtwo
|-start|p1a: Mewtwo|confusion
|-activate|p1a: Mewtwo|confusion
|-damage|p1a: Mewtwo|206\/293 par|[from] confusion
|
|turn|25
|choice|move 1|move 1
|
|move|p2a: Magmar|Body Slam|p1a: Mewtwo
|-damage|p1a: Mewtwo|121\/293 par
|-activate|p1a: Mewtwo|confusion
|-damage|p1a: Mewtwo|92\/293 par|[from] confusion
|
|turn|26
|choice|move 1|move 4
|
|move|p2a: Magmar|Hyper Beam|p1a: Mewtwo
|-damage|p1a: Mewtwo|0 fnt
|faint|p1a: Mewtwo
|choice|switch 2|
|
|switch|p1a: Persian|Persian, L79|265\/265
|turn|27
|choice|move 4|move 3
|
|move|p1a: Persian|Bubble Beam|p2a: Magmar
|-supereffective|p2a: Magmar
|-damage|p2a: Magmar|152\/300 par
|cant|p2a: Magmar|par
|
|turn|28
|choice|move 1|move 3
|
|move|p1a: Persian|Slash|p2a: Magmar
|-crit|p2a: Magmar
|-damage|p2a: Magmar|24\/300 par
|move|p2a: Magmar|Thunder Wave|p1a: Persian
|-status|p1a: Persian|par
|
|turn|29
|choice|move 1|move 2
|
|move|p1a: Persian|Slash|p2a: Magmar
|-crit|p2a: Magmar
|-damage|p2a: Magmar|0 fnt
|faint|p2a: Magmar
|choice||switch 6
|
|switch|p2a: Weezing|Weezing, L90|300\/300
|turn|30
|choice|move 1|move 3
|
|move|p2a: Weezing|Fire Blast|p1a: Persian
|-damage|p1a: Persian|154\/265 par
|move|p1a: Persian|Slash|p2a: Weezing
|-crit|p2a: Weezing
|-damage|p2a: Weezing|219\/300
|
|turn|31
|choice|move 4|move 3
|
|move|p2a: Weezing|Fire Blast|p1a: Persian
|-damage|p1a: Persian|35\/265 par
|move|p1a: Persian|Bubble Beam|p2a: Weezing
|-damage|p2a: Weezing|187\/300
|
|turn|32
|choice|move 3|move 2
|
|move|p2a: Weezing|Sludge|p1a: Persian
|-damage|p1a: Persian|0 fnt
|faint|p1a: Persian
|choice|switch 5|
|
|switch|p1a: Lickitung|Lickitung, L90|345\/345
|turn|33
|choice|move 1|move 3
|
|move|p2a: Weezing|Fire Blast|p1a: Lickitung
|-damage|p1a: Lickitung|242\/345
|move|p1a: Lickitung|Swords Dance|p1a: Lickitung
|-boost|p1a: Lickitung|atk|2
|
|turn|34
|choice|move 4|move 2
|
|move|p2a: Weezing|Sludge|p1a: Lickitung
|-damage|p1a: Lickitung|166\/345
|move|p1a: Lickitung|Body Slam|p2a: Weezing
|-damage|p2a: Weezing|71\/300
|
|turn|35
|choice|move 4|move 1
|
|move|p2a: Weezing|Explosion|p1a: Lickitung
|-damage|p1a: Lickitung|0 fnt
|faint|p1a: Lickitung
|faint|p2a: Weezing
|
|win|enigsugoi
|player|p1
|player|p2
|raw|SlimeArcher0's rating: 1161 &rarr; <strong>1131<\/strong><br \/>(-30 for losing)
|raw|enigsugoi's rating: 1091 &rarr; <strong>1122<\/strong><br \/>(+31 for winning)
|l|SlimeArcher0
|c|★enigsugoi|what
|c|★enigsugoi|srsly?