|join|Dervodel
|join|Riyah
|player|p1|Dervodel|238
|player|p2|Riyah|4
|gametype|singles
|gen|1
|tier|[Gen 1] Random Battle
|rated
|seed|1665,19884,27058,11226
|rule|Sleep Clause Mod: Limit one foe put to sleep
|rule|Freeze Clause Mod: Limit one foe frozen
|rule|HP Percentage Mod: HP is shown in percentages
|
|start
|switch|p1a: Dugtrio|Dugtrio, L85|233\/233
|switch|p2a: Horsea|Horsea, L96|252\/252
|turn|1
|choice|switch 5|move 3
|
|switch|p1a: Magneton|Magneton, L90|273\/273
|move|p2a: Horsea|Hydro Pump|p1a: Magneton|[miss]
|-miss|p2a: Horsea
|
|turn|2
|c|★Riyah|!weak Magneton
|raw|<div class="infobox">Magneton (ignoring abilities):<br><span class="message-effect-weak">Weaknesses<\/span>: Fighting, Fire, <b>Ground<\/b><br><span class="message-effect-resist">Resistances<\/span>: Bug, Dragon, Electric, Fairy, <b>Flying<\/b>, Grass, Ice, Normal, Psychic, Rock, <b>Steel<\/b><br><span class="message-effect-immune">Immunities<\/span>: Poison<\/div>
|choice|move 1|switch 2
|
|switch|p2a: Diglett|Diglett, L96|214\/214
|move|p1a: Magneton|Thunderbolt|p2a: Diglett
|-immune|p2a: Diglett|[msg]
|
|turn|3
|choice|switch 3|move 1
|
|switch|p1a: Golbat|Golbat, L90|318\/318
|move|p2a: Diglett|Earthquake|p1a: Golbat
|-immune|p1a: Golbat|[msg]
|
|turn|4
|c|★Riyah|!weak Golbat
|raw|<div class="infobox">Golbat (ignoring abilities):<br><span class="message-effect-weak">Weaknesses<\/span>: Electric, Ice, Psychic, Rock<br><span class="message-effect-resist">Resistances<\/span>: <b>Bug<\/b>, Fairy, <b>Fighting<\/b>, <b>Grass<\/b>, Poison<br><span class="message-effect-immune">Immunities<\/span>: Ground<\/div>
|choice|move 4|switch 3
|
|switch|p2a: Raichu|Raichu, L85|276\/276
|move|p1a: Golbat|Confuse Ray|p2a: Raichu
|-start|p2a: Raichu|confusion
|
|turn|5
|choice|switch 5|move 3
|
|switch|p1a: Dugtrio|Dugtrio, L85|233\/233
|-activate|p2a: Raichu|confusion
|move|p2a: Raichu|Thunder Wave|p1a: Dugtrio
|-immune|p1a: Dugtrio|[msg]
|
|turn|6
|choice|move 1|move 1
|
|move|p1a: Dugtrio|Earthquake|p2a: Raichu
|-supereffective|p2a: Raichu
|-damage|p2a: Raichu|25\/276
|-activate|p2a: Raichu|confusion
|move|p2a: Raichu|Surf|p1a: Dugtrio
|-crit|p1a: Dugtrio
|-supereffective|p1a: Dugtrio
|-damage|p1a: Dugtrio|0 fnt
|faint|p1a: Dugtrio
|choice|switch 3|
|
|switch|p1a: Magneton|Magneton, L90|273\/273
|turn|7
|choice|switch 2|switch 3
|
|switch|p2a: Diglett|Diglett, L96|214\/214
|switch|p1a: Goldeen|Goldeen, L96|281\/281
|
|turn|8
|c|★Riyah|!weak Goldeen
|raw|<div class="infobox">Goldeen (ignoring abilities):<br><span class="message-effect-weak">Weaknesses<\/span>: Electric, Grass<br><span class="message-effect-resist">Resistances<\/span>: Fire, Ice, Steel, Water<br><span class="message-effect-immune">Immunities<\/span>: <font color=#999999>None<\/font><\/div>
|choice|move 3|switch 4
|
|switch|p2a: Mr. Mime|Mr. Mime, L85|242\/242
|move|p1a: Goldeen|Surf|p2a: Mr. Mime
|-damage|p2a: Mr. Mime|160\/242
|
|turn|9
|choice|switch 2|move 1
|
|switch|p1a: Magneton|Magneton, L90|273\/273
|move|p2a: Mr. Mime|Thunder Wave|p1a: Magneton
|-status|p1a: Magneton|par
|
|turn|10
|choice|move 1|move 2
|
|move|p2a: Mr. Mime|Psychic|p1a: Magneton
|-damage|p1a: Magneton|202\/273 par
|cant|p1a: Magneton|par
|
|turn|11
|choice|move 1|move 4
|
|move|p2a: Mr. Mime|Thunderbolt|p1a: Magneton
|-resisted|p1a: Magneton
|-damage|p1a: Magneton|177\/273 par
|move|p1a: Magneton|Thunderbolt|p2a: Mr. Mime
|-damage|p2a: Mr. Mime|32\/242
|
|turn|12
|choice|move 4|move 3
|
|move|p2a: Mr. Mime|Seismic Toss|p1a: Magneton
|-damage|p1a: Magneton|92\/273 par
|move|p1a: Magneton|Double-Edge|p2a: Mr. Mime
|-damage|p2a: Mr. Mime|0 fnt
|-damage|p1a: Magneton|84\/273 par|[from] recoil|[of] p2a: Mr. Mime
|faint|p2a: Mr. Mime
|choice||switch 5
|
|switch|p2a: Persian|Persian, L79|265\/265
|turn|13
|choice|move 1|move 3
|
|move|p2a: Persian|Hyper Beam|p1a: Magneton
|-crit|p1a: Magneton
|-damage|p1a: Magneton|0 fnt
|faint|p1a: Magneton
|choice|switch 4|
|
|switch|p1a: Raticate|Raticate, L85|267\/267
|turn|14
|c|★Riyah|!weak Raticate
|raw|<div class="infobox">Raticate (ignoring abilities):<br><span class="message-effect-weak">Weaknesses<\/span>: Fighting<br><span class="message-effect-resist">Resistances<\/span>: <font color=#999999>None<\/font><br><span class="message-effect-immune">Immunities<\/span>: Ghost<\/div>
|choice|move 2|switch 6
|
|switch|p2a: Charmeleon|Charmeleon, L85|272\/272
|move|p1a: Raticate|Body Slam|p2a: Charmeleon
|-damage|p2a: Charmeleon|160\/272
|
|turn|15
|choice|move 4|move 4
|
|move|p1a: Raticate|Hyper Beam|p2a: Charmeleon|[miss]
|-miss|p1a: Raticate
|move|p2a: Charmeleon|Submission|p1a: Raticate
|-supereffective|p1a: Raticate
|-damage|p1a: Raticate|147\/267
|-damage|p2a: Charmeleon|130\/272|[from] recoil|[of] p1a: Raticate
|
|turn|16
|choice|move 4|move 3
|
|move|p1a: Raticate|Hyper Beam|p2a: Charmeleon
|-damage|p2a: Charmeleon|0 fnt
|faint|p2a: Charmeleon
|choice||switch 3
|
|switch|p2a: Raichu|Raichu, L85|25\/276
|turn|17
|choice|move 2|move 3
|
|move|p2a: Raichu|Thunder Wave|p1a: Raticate
|-status|p1a: Raticate|par
|cant|p1a: Raticate|par
|
|turn|18
|choice|move 2|move 2
|
|move|p2a: Raichu|Hyper Beam|p1a: Raticate
|-crit|p1a: Raticate
|-damage|p1a: Raticate|0 fnt
|faint|p1a: Raticate
|c|★Dervodel|how lucky xD
|c|★Riyah|ya XD
|c|★Dervodel|guess that was gg
|c|★Riyah|GG
|choice|switch 5|
|
|switch|p1a: Golbat|Golbat, L90|318\/318
|turn|19
|choice|move 1|move 3
|
|move|p2a: Raichu|Thunder Wave|p1a: Golbat
|-status|p1a: Golbat|par
|cant|p1a: Golbat|par
|
|turn|20
|choice|move 1|move 2
|
|move|p2a: Raichu|Hyper Beam|p1a: Golbat
|-damage|p1a: Golbat|209\/318 par
|move|p1a: Golbat|Double-Edge|p2a: Raichu
|-damage|p2a: Raichu|0 fnt
|-damage|p1a: Golbat|203\/318 par|[from] recoil|[of] p2a: Raichu
|faint|p2a: Raichu
|choice||switch 4
|
|switch|p2a: Diglett|Diglett, L96|214\/214
|turn|21
|choice|move 4|move 1
|
|move|p2a: Diglett|Earthquake|p1a: Golbat
|-immune|p1a: Golbat|[msg]
|move|p1a: Golbat|Confuse Ray|p2a: Diglett
|-start|p2a: Diglett|confusion
|
|turn|22
|choice|move 2|move 3
|
|-activate|p2a: Diglett|confusion
|move|p2a: Diglett|Mimic|p1a: Golbat
|-start|p2a: Diglett|Mimic|Mega Drain
|move|p1a: Golbat|Mega Drain|p2a: Diglett
|-supereffective|p2a: Diglett
|-damage|p2a: Diglett|148\/214
|-heal|p1a: Golbat|236\/318 par|[from] drain|[of] p2a: Diglett
|
|turn|23
|choice|move 2|switch 2
|
|switch|p2a: Horsea|Horsea, L96|252\/252
|move|p1a: Golbat|Mega Drain|p2a: Horsea
|-supereffective|p2a: Horsea
|-damage|p2a: Horsea|199\/252
|-heal|p1a: Golbat|262\/318 par|[from] drain|[of] p2a: Horsea
|
|turn|24
|c|★Riyah|i think i lose
|c|★Riyah|xD
|choice|move 4|move 4
|
|move|p2a: Horsea|Smokescreen|p1a: Golbat
|-unboost|p1a: Golbat|accuracy|1
|move|p1a: Golbat|Confuse Ray|p2a: Horsea
|-start|p2a: Horsea|confusion
|
|turn|25
|choice|move 1|move 2
|
|-activate|p2a: Horsea|confusion
|-damage|p2a: Horsea|173\/252|[from] confusion
|cant|p1a: Golbat|par
|
|turn|26
|choice|move 1|move 2
|
|-end|p2a: Horsea|confusion
|move|p2a: Horsea|Blizzard|p1a: Golbat
|-supereffective|p1a: Golbat
|-damage|p1a: Golbat|80\/318 par
|cant|p1a: Golbat|par
|
|turn|27
|choice|switch 2|move 2
|
|switch|p1a: Goldeen|Goldeen, L96|281\/281
|move|p2a: Horsea|Blizzard|p1a: Goldeen
|-resisted|p1a: Goldeen
|-damage|p1a: Goldeen|229\/281
|
|turn|28
|choice|move 2|move 4
|
|move|p1a: Goldeen|Supersonic|p2a: Horsea
|-start|p2a: Horsea|confusion
|-activate|p2a: Horsea|confusion
|-damage|p2a: Horsea|147\/252|[from] confusion
|
|turn|29
|choice|move 3|switch 6
|
|switch|p2a: Persian|Persian, L79|265\/265
|move|p1a: Goldeen|Surf|p2a: Persian
|-damage|p2a: Persian|163\/265
|
|turn|30
|choice|move 3|move 2
|
|move|p2a: Persian|Thunderbolt|p1a: Goldeen
|-supereffective|p1a: Goldeen
|-damage|p1a: Goldeen|126\/281
|move|p1a: Goldeen|Surf|p2a: Persian
|-damage|p2a: Persian|53\/265
|
|turn|31
|choice|move 3|move 3
|
|move|p2a: Persian|Hyper Beam|p1a: Goldeen
|-damage|p1a: Goldeen|0 fnt
|faint|p1a: Goldeen
|choice|switch 6|
|
|switch|p1a: Mewtwo|Mewtwo, L70|293\/293
|turn|32
|c|★Riyah|!weak Mewtwo
|raw|<div class="infobox">Mewtwo (ignoring abilities):<br><span class="message-effect-weak">Weaknesses<\/span>: Bug, Dark, Ghost<br><span class="message-effect-resist">Resistances<\/span>: Fighting, Psychic<br><span class="message-effect-immune">Immunities<\/span>: <font color=#999999>None<\/font><\/div>
|c|★Dervodel|go mewy
|choice|move 1|move 3
|
|move|p2a: Persian|Hyper Beam|p1a: Mewtwo
|-damage|p1a: Mewtwo|163\/293
|move|p1a: Mewtwo|Psychic|p2a: Persian
|-damage|p2a: Persian|0 fnt
|faint|p2a: Persian
|choice||switch 2
|
|switch|p2a: Diglett|Diglett, L96|148\/214
|turn|33
|c|★Riyah|aww shittt i lose xD
|choice|move 4|move 1
|
|move|p2a: Diglett|Earthquake|p1a: Mewtwo
|-damage|p1a: Mewtwo|50\/293
|move|p1a: Mewtwo|Blizzard|p2a: Diglett
|-supereffective|p2a: Diglett
|-damage|p2a: Diglett|0 fnt
|faint|p2a: Diglett
|choice||switch 6
|
|switch|p2a: Horsea|Horsea, L96|147\/252
|turn|34
|choice|move 1|move 3
|
|move|p1a: Mewtwo|Psychic|p2a: Horsea
|-damage|p2a: Horsea|56\/252
|move|p2a: Horsea|Hydro Pump|p1a: Mewtwo
|-damage|p1a: Mewtwo|0 fnt
|faint|p1a: Mewtwo
|choice|switch 2|
|
|switch|p1a: Golbat|Golbat, L90|80\/318 par
|turn|35
|choice|move 3|move 3
|
|move|p2a: Horsea|Hydro Pump|p1a: Golbat
|-damage|p1a: Golbat|0 fnt
|faint|p1a: Golbat
|
|win|Riyah
|raw|Dervodel's rating: 1199 &rarr; <strong>1167<\/strong><br \/>(-32 for losing)
|raw|Riyah's rating: 1109 &rarr; <strong>1141<\/strong><br \/>(+32 for winning)
|c|★Riyah|GG
|c|★Dervodel|damn
|c|★Dervodel|gg