|join|erik1erik
|join|Lacano
|player|p1|erik1erik|265
|player|p2|Lacano|87
|gametype|singles
|gen|1
|tier|[Gen 1] Random Battle
|rated
|rule|Sleep Clause Mod: Limit one foe put to sleep
|rule|Freeze Clause Mod: Limit one foe frozen
|rule|HP Percentage Mod: HP is shown in percentages
|
|start
|switch|p1a: Electrode|Electrode, L90|291\/291
|switch|p2a: Kangaskhan|Kangaskhan, L85|352\/352
|turn|1
|
|switch|p1a: Hitmonlee|Hitmonlee, L90|273\/273
|move|p2a: Kangaskhan|Earthquake|p1a: Hitmonlee
|-damage|p1a: Hitmonlee|180\/273
|
|turn|2
|
|switch|p2a: Fearow|Fearow, L90|300\/300
|move|p1a: Hitmonlee|High Jump Kick|p2a: Fearow
|-damage|p2a: Fearow|170\/300
|
|turn|3
|
|switch|p1a: Electrode|Electrode, L90|291\/291
|move|p2a: Fearow|Drill Peck|p1a: Electrode
|-crit|p1a: Electrode
|-resisted|p1a: Electrode
|-damage|p1a: Electrode|187\/291
|
|turn|4
|
|switch|p2a: Golem|Golem, L79|288\/288
|move|p1a: Electrode|Thunder Wave|p2a: Golem
|-immune|p2a: Golem|[msg]
|
|turn|5
|
|switch|p1a: Hitmonlee|Hitmonlee, L90|180\/273
|move|p2a: Golem|Earthquake|p1a: Hitmonlee
|-damage|p1a: Hitmonlee|55\/273
|
|turn|6
|
|switch|p2a: Fearow|Fearow, L90|170\/300
|move|p1a: Hitmonlee|High Jump Kick|p2a: Fearow|[miss]
|-miss|p1a: Hitmonlee
|-damage|p1a: Hitmonlee|54\/273
|
|turn|7
|
|move|p2a: Fearow|Drill Peck|p1a: Hitmonlee
|-supereffective|p1a: Hitmonlee
|-damage|p1a: Hitmonlee|0 fnt
|faint|p1a: Hitmonlee
|
|switch|p1a: Pikachu|Pikachu, L96|262\/262
|turn|8
|
|switch|p2a: Golem|Golem, L79|288\/288
|move|p1a: Pikachu|Thunderbolt|p2a: Golem
|-immune|p2a: Golem|[msg]
|
|turn|9
|
|move|p1a: Pikachu|Surf|p2a: Golem
|-supereffective|p2a: Golem
|-damage|p2a: Golem|0 fnt
|faint|p2a: Golem
|
|switch|p2a: Kangaskhan|Kangaskhan, L85|352\/352
|turn|10
|
|switch|p1a: Snorlax|Snorlax, L79|415\/415
|move|p2a: Kangaskhan|Earthquake|p1a: Snorlax
|-damage|p1a: Snorlax|325\/415
|
|turn|11
|
|move|p2a: Kangaskhan|Body Slam|p1a: Snorlax
|-crit|p1a: Snorlax
|-damage|p1a: Snorlax|98\/415
|move|p1a: Snorlax|Body Slam|p2a: Kangaskhan
|-damage|p2a: Kangaskhan|268\/352
|
|turn|12
|
|move|p2a: Kangaskhan|Hyper Beam|p1a: Snorlax
|-damage|p1a: Snorlax|0 fnt
|faint|p1a: Snorlax
|
|switch|p1a: Electrode|Electrode, L90|187\/291
|turn|13
|
|move|p1a: Electrode|Explosion|p2a: Kangaskhan
|-damage|p2a: Kangaskhan|67\/352
|faint|p1a: Electrode
|
|switch|p1a: Pikachu|Pikachu, L96|262\/262
|turn|14
|
|move|p1a: Pikachu|Thunderbolt|p2a: Kangaskhan
|-crit|p2a: Kangaskhan
|-damage|p2a: Kangaskhan|0 fnt
|faint|p2a: Kangaskhan
|
|switch|p2a: Magneton|Magneton, L90|273\/273
|turn|15
|
|switch|p1a: Beedrill|Beedrill, L90|300\/300
|move|p2a: Magneton|Thunder Wave|p1a: Beedrill
|-status|p1a: Beedrill|par
|
|turn|16
|
|move|p2a: Magneton|Thunderbolt|p1a: Beedrill
|-damage|p1a: Beedrill|127\/300 par
|move|p1a: Beedrill|Agility|p1a: Beedrill
|-boost|p1a: Beedrill|spe|2
|
|turn|17
|
|move|p1a: Beedrill|Hyper Beam|p2a: Magneton
|-damage|p2a: Magneton|182\/273
|move|p2a: Magneton|Thunderbolt|p1a: Beedrill
|-damage|p1a: Beedrill|0 fnt
|faint|p1a: Beedrill
|
|switch|p1a: Flareon|Flareon, L90|300\/300
|turn|18
|
|switch|p2a: Staryu|Staryu, L90|237\/237
|move|p1a: Flareon|Fire Blast|p2a: Staryu
|-resisted|p2a: Staryu
|-damage|p2a: Staryu|151\/237
|
|turn|19
|
|move|p2a: Staryu|Thunder Wave|p1a: Flareon
|-status|p1a: Flareon|par
|move|p1a: Flareon|Hyper Beam|p2a: Staryu|[miss]
|-miss|p1a: Flareon
|
|turn|20
|
|move|p2a: Staryu|Thunderbolt|p1a: Flareon
|-crit|p1a: Flareon
|-damage|p1a: Flareon|210\/300 par
|cant|p1a: Flareon|par
|
|turn|21
|
|move|p2a: Staryu|Thunderbolt|p1a: Flareon
|-damage|p1a: Flareon|162\/300 par
|cant|p1a: Flareon|par
|
|turn|22
|
|move|p2a: Staryu|Thunderbolt|p1a: Flareon
|-damage|p1a: Flareon|113\/300 par
|cant|p1a: Flareon|par
|
|turn|23
|
|move|p2a: Staryu|Thunderbolt|p1a: Flareon
|-damage|p1a: Flareon|65\/300 par
|move|p1a: Flareon|Hyper Beam|p2a: Staryu
|-damage|p2a: Staryu|0 fnt
|faint|p2a: Staryu
|
|switch|p2a: Fearow|Fearow, L90|170\/300
|turn|24
|
|move|p1a: Flareon|Quick Attack|p2a: Fearow
|-damage|p2a: Fearow|126\/300
|move|p2a: Fearow|Hyper Beam|p1a: Flareon
|-damage|p1a: Flareon|0 fnt
|faint|p1a: Flareon
|
|switch|p1a: Pikachu|Pikachu, L96|262\/262
|turn|25
|
|move|p2a: Fearow|Hyper Beam|p1a: Pikachu
|-damage|p1a: Pikachu|0 fnt
|faint|p1a: Pikachu
|
|win|Lacano
|raw|erik1erik's rating: 1320 &rarr; <strong>1290<\/strong><br \/>(-30 for losing)
|raw|Lacano's rating: 1132 &rarr; <strong>1169<\/strong><br \/>(+37 for winning)