|join|Enigami
|join|the3rd1
|player|p1|Enigami|2
|player|p2|the3rd1|167
|gametype|singles
|gen|1
|tier|[Gen 1] OU
|rated
|rule|Sleep Clause Mod: Limit one foe put to sleep
|rule|Freeze Clause Mod: Limit one foe frozen
|rule|Species Clause: Limit one of each Pokémon
|rule|OHKO Clause: OHKO moves are banned
|rule|Evasion Moves Clause: Evasion moves are banned
|rule|HP Percentage Mod: HP is shown in percentages
|
|start
|switch|p1a: Alakazam|Alakazam|313\/313
|switch|p2a: Chansey|Chansey|703\/703
|turn|1
|
|move|p1a: Alakazam|Thunder Wave|p2a: Chansey
|-status|p2a: Chansey|par
|move|p2a: Chansey|Toxic|p1a: Alakazam
|-status|p1a: Alakazam|tox
|
|turn|2
|
|move|p1a: Alakazam|Psychic|p2a: Chansey
|-damage|p2a: Chansey|578\/703 par
|-damage|p1a: Alakazam|294\/313 tox|[from] tox|[of] p2a: Chansey
|move|p2a: Chansey|Light Screen|p2a: Chansey
|-start|p2a: Chansey|Light Screen
|
|turn|3
|
|move|p1a: Alakazam|Psychic|p2a: Chansey
|-damage|p2a: Chansey|513\/703 par
|-damage|p1a: Alakazam|256\/313 tox|[from] tox|[of] p2a: Chansey
|move|p2a: Chansey|Soft-Boiled|p2a: Chansey
|-heal|p2a: Chansey|703\/703 par
|
|turn|4
|
|move|p1a: Alakazam|Psychic|p2a: Chansey
|-damage|p2a: Chansey|634\/703 par
|-unboost|p2a: Chansey|spd|1
|-unboost|p2a: Chansey|spa|1
|-damage|p1a: Alakazam|199\/313 tox|[from] tox|[of] p2a: Chansey
|move|p2a: Chansey|Counter|p1a: Alakazam
|-fail|p2a: Chansey
|
|turn|5
|
|switch|p1a: Snorlax|Snorlax|523\/523
|move|p2a: Chansey|Light Screen|p2a: Chansey
|-fail|p2a: Chansey
|
|turn|6
|
|move|p1a: Snorlax|Reflect|p1a: Snorlax
|-start|p1a: Snorlax|Reflect
|move|p2a: Chansey|Toxic|p1a: Snorlax
|-status|p1a: Snorlax|tox
|
|turn|7
|
|move|p1a: Snorlax|Earthquake|p2a: Chansey
|-damage|p2a: Chansey|424\/703 par
|-damage|p1a: Snorlax|491\/523 tox|[from] tox|[of] p2a: Chansey
|move|p2a: Chansey|Counter|p1a: Snorlax
|-fail|p2a: Chansey
|
|turn|8
|
|move|p1a: Snorlax|Earthquake|p2a: Chansey
|-damage|p2a: Chansey|212\/703 par
|-damage|p1a: Snorlax|427\/523 tox|[from] tox|[of] p2a: Chansey
|move|p2a: Chansey|Soft-Boiled|p2a: Chansey
|-heal|p2a: Chansey|563\/703 par
|
|turn|9
|
|move|p1a: Snorlax|Earthquake|p2a: Chansey
|-damage|p2a: Chansey|333\/703 par
|-damage|p1a: Snorlax|331\/523 tox|[from] tox|[of] p2a: Chansey
|move|p2a: Chansey|Counter|p1a: Snorlax
|-fail|p2a: Chansey
|
|turn|10
|
|move|p1a: Snorlax|Earthquake|p2a: Chansey
|-damage|p2a: Chansey|114\/703 par
|-damage|p1a: Snorlax|203\/523 tox|[from] tox|[of] p2a: Chansey
|cant|p2a: Chansey|par
|
|turn|11
|
|switch|p2a: Dragonite|Dragonite|385\/385
|move|p1a: Snorlax|Earthquake|p2a: Dragonite
|-immune|p2a: Dragonite|[msg]
|-damage|p1a: Snorlax|43\/523 tox|[from] tox|[of] p2a: Dragonite
|
|turn|12
|
|move|p2a: Dragonite|Dragon Rage|p1a: Snorlax
|-damage|p1a: Snorlax|3\/523 tox
|move|p1a: Snorlax|Rest|p1a: Snorlax
|-status|p1a: Snorlax|slp
|-heal|p1a: Snorlax|523\/523 slp|[silent]
|-status|p1a: Snorlax|slp|[from] move: Rest
|
|turn|13
|
|move|p2a: Dragonite|Ice Beam|p1a: Snorlax
|-damage|p1a: Snorlax|426\/523 slp
|cant|p1a: Snorlax|slp
|
|turn|14
|
|move|p2a: Dragonite|Ice Beam|p1a: Snorlax
|-damage|p1a: Snorlax|335\/523 slp
|-curestatus|p1a: Snorlax|slp
|
|turn|15
|
|move|p2a: Dragonite|Ice Beam|p1a: Snorlax
|-damage|p1a: Snorlax|243\/523
|move|p1a: Snorlax|Body Slam|p2a: Dragonite
|-damage|p2a: Dragonite|283\/385
|
|turn|16
|
|move|p2a: Dragonite|Ice Beam|p1a: Snorlax
|-crit|p1a: Snorlax
|-damage|p1a: Snorlax|64\/523
|move|p1a: Snorlax|Body Slam|p2a: Dragonite
|-damage|p2a: Dragonite|171\/385
|-status|p2a: Dragonite|par
|
|turn|17
|
|move|p1a: Snorlax|Rest|p1a: Snorlax
|-status|p1a: Snorlax|slp
|-heal|p1a: Snorlax|523\/523 slp|[silent]
|-status|p1a: Snorlax|slp|[from] move: Rest
|move|p2a: Dragonite|Ice Beam|p1a: Snorlax
|-damage|p1a: Snorlax|428\/523 slp
|
|turn|18
|
|cant|p1a: Snorlax|slp
|move|p2a: Dragonite|Ice Beam|p1a: Snorlax
|-damage|p1a: Snorlax|328\/523 slp
|
|turn|19
|
|-curestatus|p1a: Snorlax|slp
|cant|p2a: Dragonite|par
|
|turn|20
|
|move|p1a: Snorlax|Body Slam|p2a: Dragonite
|-damage|p2a: Dragonite|63\/385 par
|move|p2a: Dragonite|Ice Beam|p1a: Snorlax
|-damage|p1a: Snorlax|232\/523
|
|turn|21
|
|switch|p2a: Magneton|Magneton|303\/303
|move|p1a: Snorlax|Body Slam|p2a: Magneton
|-damage|p2a: Magneton|185\/303
|-status|p2a: Magneton|par
|
|turn|22
|
|move|p1a: Snorlax|Earthquake|p2a: Magneton
|-supereffective|p2a: Magneton
|-damage|p2a: Magneton|12\/303 par
|move|p2a: Magneton|Supersonic|p1a: Snorlax
|-start|p1a: Snorlax|confusion
|
|turn|23
|
|switch|p1a: Alakazam|Alakazam|199\/313 tox
|-status|p1a: Alakazam|psn
|-damage|p1a: Alakazam|180\/313 psn|[from] psn
|move|p2a: Magneton|Thunder Wave|p1a: Alakazam
|-fail|p1a: Alakazam
|
|turn|24
|
|switch|p2a: Starmie|Starmie|323\/323
|move|p1a: Alakazam|Psychic|p2a: Starmie
|-crit|p2a: Starmie
|-resisted|p2a: Starmie
|-damage|p2a: Starmie|193\/323
|-unboost|p2a: Starmie|spd|1
|-unboost|p2a: Starmie|spa|1
|-damage|p1a: Alakazam|161\/313 psn|[from] psn|[of] p2a: Starmie
|
|turn|25
|
|move|p1a: Alakazam|Recover|p1a: Alakazam
|-heal|p1a: Alakazam|313\/313 psn
|-damage|p1a: Alakazam|294\/313 psn|[from] psn
|move|p2a: Starmie|Recover|p2a: Starmie
|-heal|p2a: Starmie|323\/323
|
|turn|26
|
|move|p1a: Alakazam|Thunder Wave|p2a: Starmie
|-status|p2a: Starmie|par
|-damage|p1a: Alakazam|275\/313 psn|[from] psn|[of] p2a: Starmie
|cant|p2a: Starmie|par
|
|turn|27
|
|move|p1a: Alakazam|Psychic|p2a: Starmie
|-crit|p2a: Starmie
|-resisted|p2a: Starmie
|-damage|p2a: Starmie|201\/323 par
|-damage|p1a: Alakazam|256\/313 psn|[from] psn|[of] p2a: Starmie
|move|p2a: Starmie|Ice Beam|p1a: Alakazam
|-crit|p1a: Alakazam
|-damage|p1a: Alakazam|137\/313 psn
|
|turn|28
|
|move|p1a: Alakazam|Recover|p1a: Alakazam
|-heal|p1a: Alakazam|293\/313 psn
|-damage|p1a: Alakazam|274\/313 psn|[from] psn
|cant|p2a: Starmie|par
|
|turn|29
|
|move|p1a: Alakazam|Psychic|p2a: Starmie
|-crit|p2a: Starmie
|-resisted|p2a: Starmie
|-damage|p2a: Starmie|77\/323 par
|-damage|p1a: Alakazam|255\/313 psn|[from] psn|[of] p2a: Starmie
|cant|p2a: Starmie|par
|
|turn|30
|
|move|p1a: Alakazam|Psychic|p2a: Starmie
|-crit|p2a: Starmie
|-resisted|p2a: Starmie
|-damage|p2a: Starmie|0 fnt
|faint|p2a: Starmie
|
|switch|p2a: Gengar|Gengar|323\/323
|turn|31
|
|move|p1a: Alakazam|Psychic|p2a: Gengar
|-supereffective|p2a: Gengar
|-damage|p2a: Gengar|102\/323
|-damage|p1a: Alakazam|236\/313 psn|[from] psn|[of] p2a: Gengar
|move|p2a: Gengar|Night Shade|p1a: Alakazam
|-damage|p1a: Alakazam|136\/313 psn
|
|turn|32
|
|move|p1a: Alakazam|Recover|p1a: Alakazam
|-heal|p1a: Alakazam|292\/313 psn
|-damage|p1a: Alakazam|273\/313 psn|[from] psn
|move|p2a: Gengar|Hypnosis|p1a: Alakazam|[miss]
|-miss|p2a: Gengar
|
|turn|33
|
|move|p1a: Alakazam|Psychic|p2a: Gengar
|-supereffective|p2a: Gengar
|-damage|p2a: Gengar|0 fnt
|faint|p2a: Gengar
|-message|the3rd1 forfeited.
|
|win|Enigami
|raw|Ladder updating...
|leave|the3rd1
|player|p2
|raw|Ladder (probably) updated, but score could not be retrieved (Response not received).