|join|Pietro Albuquerque
|join|biiist
|player|p1|Pietro Albuquerque|109
|player|p2|biiist|1
|gametype|singles
|gen|1
|tier|[Gen 1] Random Battle
|rated
|seed|20976,58236,48594,15057
|rule|Sleep Clause Mod: Limit one foe put to sleep
|rule|Freeze Clause Mod: Limit one foe frozen
|rule|HP Percentage Mod: HP is shown in percentages
|
|start
|switch|p1a: Zubat|Zubat, L96|272\/272
|switch|p2a: Farfetch'd|Farfetch'd, L99|304\/304
|turn|1
|choice|move 4|move 4
|
|move|p2a: Farfetch'd|Substitute|p2a: Farfetch'd
|-start|p2a: Farfetch'd|Substitute
|-damage|p2a: Farfetch'd|228\/304
|move|p1a: Zubat|Confuse Ray|p2a: Farfetch'd
|-fail|p2a: Farfetch'd
|
|turn|2
|choice|move 2|move 1
|
|move|p2a: Farfetch'd|Slash|p1a: Zubat
|-crit|p1a: Zubat
|-damage|p1a: Zubat|33\/272
|move|p1a: Zubat|Double-Edge|p2a: Farfetch'd
|-activate|p2a: Farfetch'd|Substitute|[damage]
|-damage|p1a: Zubat|16\/272|[from] recoil|[of] p2a: Farfetch'd
|
|turn|3
|choice|move 2|move 1
|
|move|p2a: Farfetch'd|Slash|p1a: Zubat
|-crit|p1a: Zubat
|-damage|p1a: Zubat|0 fnt
|faint|p1a: Zubat
|choice|switch 6|
|
|switch|p1a: Ditto|Ditto, L99|296\/296
|turn|4
|choice|move 1|move 1
|
|move|p2a: Farfetch'd|Slash|p1a: Ditto
|-crit|p1a: Ditto
|-damage|p1a: Ditto|114\/296
|move|p1a: Ditto|Transform|p2a: Farfetch'd
|-transform|p1a: Ditto|p2a: Farfetch'd
|
|turn|5
|choice|move 2|move 1
|
|move|p2a: Farfetch'd|Slash|p1a: Ditto
|-crit|p1a: Ditto
|-damage|p1a: Ditto|0 fnt
|faint|p1a: Ditto
|choice|switch 2|
|
|switch|p1a: Magikarp|Magikarp, L99|240\/240
|turn|6
|c|★biiist|lmfao
|c|★biiist|that is a SHIT team so far
|choice|move 2|move 1
|
|move|p1a: Magikarp|Dragon Rage|p2a: Farfetch'd
|-end|p2a: Farfetch'd|Substitute
|move|p2a: Farfetch'd|Slash|p1a: Magikarp
|-crit|p1a: Magikarp
|-damage|p1a: Magikarp|69\/240
|
|turn|7
|choice|move 2|move 4
|
|move|p1a: Magikarp|Dragon Rage|p2a: Farfetch'd
|-damage|p2a: Farfetch'd|188\/304
|move|p2a: Farfetch'd|Substitute|p2a: Farfetch'd
|-start|p2a: Farfetch'd|Substitute
|-damage|p2a: Farfetch'd|112\/304
|
|turn|8
|choice|move 2|move 1
|
|move|p1a: Magikarp|Dragon Rage|p2a: Farfetch'd
|-activate|p2a: Farfetch'd|Substitute|[damage]
|move|p2a: Farfetch'd|Slash|p1a: Magikarp
|-crit|p1a: Magikarp
|-damage|p1a: Magikarp|0 fnt
|faint|p1a: Magikarp
|choice|switch 4|
|
|switch|p1a: Jynx|Jynx, L79|265\/265
|turn|9
|choice|move 4|move 1
|
|move|p1a: Jynx|Lovely Kiss|p2a: Farfetch'd
|-status|p2a: Farfetch'd|slp
|-curestatus|p2a: Farfetch'd|slp
|
|turn|10
|choice|move 4|move 1
|
|move|p1a: Jynx|Lovely Kiss|p2a: Farfetch'd|[miss]
|-miss|p1a: Jynx
|move|p2a: Farfetch'd|Slash|p1a: Jynx
|-crit|p1a: Jynx
|-damage|p1a: Jynx|0 fnt
|faint|p1a: Jynx
|c|★biiist|LOL
|choice|switch 3|
|
|switch|p1a: Flareon|Flareon, L90|300\/300
|turn|11
|c|★Pietro Albuquerque|hhahaha
|choice|move 1|move 1
|
|move|p2a: Farfetch'd|Slash|p1a: Flareon
|-damage|p1a: Flareon|212\/300
|move|p1a: Flareon|Body Slam|p2a: Farfetch'd
|-crit|p2a: Farfetch'd
|-end|p2a: Farfetch'd|Substitute
|
|turn|12
|c|★biiist|nice no crit fgggggggggt
|c|★biiist|farfetchd was gonna just sweep
|c|★biiist|whats last
|choice|move 1|move 4
|
|move|p2a: Farfetch'd|Substitute|p2a: Farfetch'd
|-start|p2a: Farfetch'd|Substitute
|-damage|p2a: Farfetch'd|36\/304
|move|p1a: Flareon|Body Slam|p2a: Farfetch'd
|-end|p2a: Farfetch'd|Substitute
|
|turn|13
|choice|move 4|move 1
|
|move|p1a: Flareon|Quick Attack|p2a: Farfetch'd
|-damage|p2a: Farfetch'd|0 fnt
|faint|p2a: Farfetch'd
|choice||switch 2
|
|switch|p2a: Tentacruel|Tentacruel, L85|310\/310
|turn|14
|choice|switch 5|move 1
|
|switch|p1a: Alakazam|Alakazam, L79|249\/249
|move|p2a: Tentacruel|Hydro Pump|p1a: Alakazam
|-damage|p1a: Alakazam|131\/249
|
|turn|15
|choice|move 3|switch 4
|
|switch|p2a: Magneton|Magneton, L90|273\/273
|move|p1a: Alakazam|Reflect|p1a: Alakazam
|-start|p1a: Alakazam|Reflect
|
|turn|16
|choice|switch 5|move 2
|
|switch|p1a: Flareon|Flareon, L90|212\/300
|move|p2a: Magneton|Thunder Wave|p1a: Flareon
|-status|p1a: Flareon|par
|
|turn|17
|choice|move 2|switch 4
|
|switch|p2a: Tentacruel|Tentacruel, L85|310\/310
|move|p1a: Flareon|Fire Blast|p2a: Tentacruel
|-resisted|p2a: Tentacruel
|-damage|p2a: Tentacruel|250\/310
|
|turn|18
|choice|move 2|move 3
|
|move|p2a: Tentacruel|Surf|p1a: Flareon
|-supereffective|p1a: Flareon
|-damage|p1a: Flareon|9\/300 par
|move|p1a: Flareon|Fire Blast|p2a: Tentacruel
|-resisted|p2a: Tentacruel
|-damage|p2a: Tentacruel|191\/310
|
|turn|19
|choice|move 4|move 3
|
|move|p1a: Flareon|Quick Attack|p2a: Tentacruel
|-damage|p2a: Tentacruel|147\/310
|move|p2a: Tentacruel|Surf|p1a: Flareon
|-supereffective|p1a: Flareon
|-damage|p1a: Flareon|0 fnt
|faint|p1a: Flareon
|choice|switch 5|
|
|switch|p1a: Alakazam|Alakazam, L79|131\/249
|turn|20
|choice|move 1|move 3
|
|move|p1a: Alakazam|Psychic|p2a: Tentacruel
|-crit|p2a: Tentacruel
|-supereffective|p2a: Tentacruel
|-damage|p2a: Tentacruel|0 fnt
|faint|p2a: Tentacruel
|choice||switch 4
|
|switch|p2a: Magneton|Magneton, L90|273\/273
|turn|21
|choice|move 4|move 2
|
|move|p1a: Alakazam|Thunder Wave|p2a: Magneton
|-status|p2a: Magneton|par
|move|p2a: Magneton|Thunder Wave|p1a: Alakazam
|-status|p1a: Alakazam|par
|
|turn|22
|choice|move 3|move 1
|
|move|p1a: Alakazam|Reflect|p1a: Alakazam
|-start|p1a: Alakazam|Reflect
|move|p2a: Magneton|Thunderbolt|p1a: Alakazam
|-damage|p1a: Alakazam|29\/249 par
|
|turn|23
|choice|move 2|move 1
|
|move|p1a: Alakazam|Recover|p1a: Alakazam
|-heal|p1a: Alakazam|153\/249 par
|move|p2a: Magneton|Thunderbolt|p1a: Alakazam
|-damage|p1a: Alakazam|54\/249 par
|
|turn|24
|choice|move 2|move 1
|
|move|p1a: Alakazam|Recover|p1a: Alakazam
|-heal|p1a: Alakazam|178\/249 par
|move|p2a: Magneton|Thunderbolt|p1a: Alakazam
|-damage|p1a: Alakazam|65\/249 par
|
|turn|25
|choice|move 2|move 1
|
|move|p1a: Alakazam|Recover|p1a: Alakazam
|-heal|p1a: Alakazam|189\/249 par
|cant|p2a: Magneton|par
|
|turn|26
|choice|move 1|move 1
|
|move|p1a: Alakazam|Psychic|p2a: Magneton
|-damage|p2a: Magneton|189\/273 par
|move|p2a: Magneton|Thunderbolt|p1a: Alakazam
|-damage|p1a: Alakazam|81\/249 par
|
|turn|27
|choice|move 2|move 1
|
|move|p1a: Alakazam|Recover|p1a: Alakazam
|-heal|p1a: Alakazam|205\/249 par
|move|p2a: Magneton|Thunderbolt|p1a: Alakazam
|-crit|p1a: Alakazam
|-damage|p1a: Alakazam|0 fnt
|faint|p1a: Alakazam
|
|win|biiist
|raw|Pietro Albuquerque's rating: 1331 &rarr; <strong>1318<\/strong><br \/>(-13 for losing)
|raw|biiist's rating: 1451 &rarr; <strong>1464<\/strong><br \/>(+13 for winning)
|leave|Pietro Albuquerque
|player|p1