|j|poopyface5000
|j|Drayguer
|player|p1|poopyface5000|1
|player|p2|Drayguer|209
|gametype|singles
|gen|1
|tier|[Gen 1] Random Battle
|rated
|seed|21607,40069,46686,15219
|rule|Sleep Clause Mod: Limit one foe put to sleep
|rule|Freeze Clause Mod: Limit one foe frozen
|rule|HP Percentage Mod: HP is shown in percentages
|
|start
|switch|p1a: Horsea|Horsea, L96|252\/252
|switch|p2a: Magikarp|Magikarp, L99|240\/240
|turn|1
|choice|switch 6|move 2
|
|switch|p1a: Pinsir|Pinsir, L85|284\/284
|move|p2a: Magikarp|Dragon Rage|p1a: Pinsir
|-damage|p1a: Pinsir|244\/284
|
|turn|2
|choice|move 1|move 2
|
|move|p2a: Magikarp|Dragon Rage|p1a: Pinsir
|-damage|p1a: Pinsir|204\/284
|move|p1a: Pinsir|Swords Dance|p1a: Pinsir
|-boost|p1a: Pinsir|atk|2
|
|turn|3
|choice|move 3|move 2
|
|move|p2a: Magikarp|Dragon Rage|p1a: Pinsir
|-damage|p1a: Pinsir|164\/284
|move|p1a: Pinsir|Body Slam|p2a: Magikarp
|-damage|p2a: Magikarp|84\/240
|
|turn|4
|choice|move 3|move 2
|
|move|p2a: Magikarp|Dragon Rage|p1a: Pinsir
|-damage|p1a: Pinsir|124\/284
|move|p1a: Pinsir|Body Slam|p2a: Magikarp
|-damage|p2a: Magikarp|0 fnt
|faint|p2a: Magikarp
|choice||switch 4
|
|switch|p2a: Gengar|Gengar, L79|257\/257
|turn|5
|choice|switch 6|move 1
|
|switch|p1a: Horsea|Horsea, L96|252\/252
|move|p2a: Gengar|Hypnosis|p1a: Horsea
|-status|p1a: Horsea|slp
|
|turn|6
|choice|switch 4|move 2
|
|switch|p1a: Zapdos|Zapdos, L79|304\/304
|move|p2a: Gengar|Mega Drain|p1a: Zapdos
|-resisted|p1a: Zapdos
|-damage|p1a: Zapdos|292\/304
|
|turn|7
|choice|move 3|move 1
|
|move|p2a: Gengar|Hypnosis|p1a: Zapdos|[miss]
|-miss|p2a: Gengar
|move|p1a: Zapdos|Thunderbolt|p2a: Gengar
|-damage|p2a: Gengar|165\/257
|
|turn|8
|choice|move 3|move 1
|
|move|p2a: Gengar|Hypnosis|p1a: Zapdos|[miss]
|-miss|p2a: Gengar
|move|p1a: Zapdos|Thunderbolt|p2a: Gengar
|-damage|p2a: Gengar|84\/257
|
|turn|9
|choice|move 3|move 1
|
|move|p2a: Gengar|Hypnosis|p1a: Zapdos
|-message|Sleep Clause Mod activated.
|move|p1a: Zapdos|Thunderbolt|p2a: Gengar
|-damage|p2a: Gengar|0 fnt
|faint|p2a: Gengar
|choice||switch 3
|
|switch|p2a: Starmie|Starmie, L79|257\/257
|turn|10
|c|★poopyface5000|cant put more than one poke to sleep
|choice|move 3|move 2
|
|move|p2a: Starmie|Blizzard|p1a: Zapdos
|-supereffective|p1a: Zapdos
|-damage|p1a: Zapdos|157\/304
|move|p1a: Zapdos|Thunderbolt|p2a: Starmie
|-supereffective|p2a: Starmie
|-damage|p2a: Starmie|56\/257
|
|turn|11
|choice|move 3|move 2
|
|move|p2a: Starmie|Blizzard|p1a: Zapdos|[miss]
|-miss|p2a: Starmie
|move|p1a: Zapdos|Thunderbolt|p2a: Starmie
|-supereffective|p2a: Starmie
|-damage|p2a: Starmie|0 fnt
|faint|p2a: Starmie
|choice||switch 6
|
|switch|p2a: Jynx|Jynx, L79|265\/265
|turn|12
|choice|move 3|move 3
|
|move|p1a: Zapdos|Thunderbolt|p2a: Jynx
|-crit|p2a: Jynx
|-damage|p2a: Jynx|49\/265
|move|p2a: Jynx|Blizzard|p1a: Zapdos|[miss]
|-miss|p2a: Jynx
|
|turn|13
|choice|move 3|move 2
|
|move|p1a: Zapdos|Thunderbolt|p2a: Jynx
|-damage|p2a: Jynx|0 fnt
|faint|p2a: Jynx
|choice||switch 5
|
|switch|p2a: Snorlax|Snorlax, L79|415\/415
|turn|14
|choice|move 3|move 2
|
|move|p1a: Zapdos|Thunderbolt|p2a: Snorlax
|-crit|p2a: Snorlax
|-damage|p2a: Snorlax|169\/415
|move|p2a: Snorlax|Blizzard|p1a: Zapdos
|-supereffective|p1a: Zapdos
|-damage|p1a: Zapdos|60\/304
|
|turn|15
|choice|move 3|move 3
|
|move|p1a: Zapdos|Thunderbolt|p2a: Snorlax
|-damage|p2a: Snorlax|43\/415
|move|p2a: Snorlax|Hyper Beam|p1a: Zapdos
|-damage|p1a: Zapdos|0 fnt
|faint|p1a: Zapdos
|choice|switch 6|
|
|switch|p1a: Pinsir|Pinsir, L85|124\/284
|turn|16
|choice|move 3|move 3
|
|move|p1a: Pinsir|Body Slam|p2a: Snorlax
|-damage|p2a: Snorlax|0 fnt
|faint|p2a: Snorlax
|choice||switch 2
|
|switch|p2a: Jolteon|Jolteon, L79|265\/265
|turn|17
|choice|move 4|move 1
|
|move|p2a: Jolteon|Thunderbolt|p1a: Pinsir
|-crit|p1a: Pinsir
|-damage|p1a: Pinsir|0 fnt
|faint|p1a: Pinsir
|choice|switch 4|
|
|switch|p1a: Horsea|Horsea, L96|252\/252 slp
|turn|18
|choice|move 4|move 1
|
|move|p2a: Jolteon|Thunderbolt|p1a: Horsea
|-supereffective|p1a: Horsea
|-damage|p1a: Horsea|78\/252 slp
|cant|p1a: Horsea|slp
|
|turn|19
|choice|move 4|move 1
|
|move|p2a: Jolteon|Thunderbolt|p1a: Horsea
|-crit|p1a: Horsea
|-supereffective|p1a: Horsea
|-damage|p1a: Horsea|0 fnt
|faint|p1a: Horsea
|choice|switch 5|
|
|switch|p1a: Arcanine|Arcanine, L85|327\/327
|turn|20
|choice|move 3|move 1
|
|move|p2a: Jolteon|Thunderbolt|p1a: Arcanine
|-damage|p1a: Arcanine|224\/327
|move|p1a: Arcanine|Body Slam|p2a: Jolteon
|-damage|p2a: Jolteon|178\/265
|
|turn|21
|choice|move 3|move 1
|
|move|p2a: Jolteon|Thunderbolt|p1a: Arcanine
|-damage|p1a: Arcanine|131\/327
|-status|p1a: Arcanine|par
|cant|p1a: Arcanine|par
|
|turn|22
|choice|move 4|move 1
|
|move|p2a: Jolteon|Thunderbolt|p1a: Arcanine
|-damage|p1a: Arcanine|33\/327 par
|move|p1a: Arcanine|Hyper Beam|p2a: Jolteon|[miss]
|-miss|p1a: Arcanine
|
|turn|23
|choice|move 3|move 1
|
|move|p2a: Jolteon|Thunderbolt|p1a: Arcanine
|-crit|p1a: Arcanine
|-damage|p1a: Arcanine|0 fnt
|faint|p1a: Arcanine
|choice|switch 2|
|
|switch|p1a: Hitmonchan|Hitmonchan, L90|273\/273
|turn|24
|choice|move 1|move 1
|
|move|p2a: Jolteon|Thunderbolt|p1a: Hitmonchan
|-damage|p1a: Hitmonchan|137\/273
|move|p1a: Hitmonchan|Body Slam|p2a: Jolteon
|-damage|p2a: Jolteon|83\/265
|
|turn|25
|c|★poopyface5000|gg
|choice|move 1|move 1
|
|move|p2a: Jolteon|Thunderbolt|p1a: Hitmonchan
|-damage|p1a: Hitmonchan|0 fnt
|faint|p1a: Hitmonchan
|choice|switch 3|
|
|switch|p1a: Dodrio|Dodrio, L85|276\/276
|turn|26
|c|★Drayguer|gg
|c|★poopyface5000|lol
|choice|move 2|move 1
|
|move|p2a: Jolteon|Thunderbolt|p1a: Dodrio
|-supereffective|p1a: Dodrio
|-damage|p1a: Dodrio|54\/276
|move|p1a: Dodrio|Hyper Beam|p2a: Jolteon
|-damage|p2a: Jolteon|0 fnt
|faint|p2a: Jolteon
|
|win|poopyface5000
|raw|poopyface5000's rating: 1293 &rarr; <strong>1301<\/strong><br \/>(+8 for winning)
|raw|Drayguer's rating: 1000 &rarr; <strong>1000<\/strong><br \/>(+0 for losing)
|c|★poopyface5000|close 1
|c|★Drayguer|gg