|j|trbaltussen
|j|NeroThrowto
|player|p1|trbaltussen|1
|player|p2|NeroThrowto|266
|gametype|singles
|gen|1
|tier|[Gen 1] OU
|rated
|seed|
|rule|Sleep Clause Mod: Limit one foe put to sleep
|rule|Freeze Clause Mod: Limit one foe frozen
|rule|Species Clause: Limit one of each Pokémon
|rule|OHKO Clause: OHKO moves are banned
|rule|Evasion Moves Clause: Evasion moves are banned
|rule|HP Percentage Mod: HP is shown in percentages
|
|start
|switch|p1a: Tauros|Tauros|100\/100
|switch|p2a: Charizard|Charizard|100\/100
|turn|1
|choice||
|
|move|p1a: Tauros|Thunderbolt|p2a: Charizard
|-supereffective|p2a: Charizard
|-damage|p2a: Charizard|66\/100
|move|p2a: Charizard|Hyper Beam|p1a: Tauros
|-damage|p1a: Tauros|68\/100
|
|turn|2
|-mustrecharge|p2a: Charizard
|-mustrecharge|p2a: Charizard
|choice||
|
|move|p1a: Tauros|Thunderbolt|p2a: Charizard
|-supereffective|p2a: Charizard
|-damage|p2a: Charizard|26\/100
|cant|p2a: Charizard|recharge
|
|turn|3
|choice||
|
|switch|p2a: Snorlax|Snorlax|100\/100
|move|p1a: Tauros|Thunderbolt|p2a: Snorlax
|-damage|p2a: Snorlax|86\/100
|
|turn|4
|choice||
|
|move|p1a: Tauros|Substitute|p1a: Tauros
|-start|p1a: Tauros|Substitute
|-damage|p1a: Tauros|43\/100
|move|p2a: Snorlax|Fire Blast|p1a: Tauros
|-end|p1a: Tauros|Substitute
|
|turn|5
|choice||
|
|move|p1a: Tauros|Earthquake|p2a: Snorlax
|-damage|p2a: Snorlax|66\/100
|move|p2a: Snorlax|Hyper Beam|p1a: Tauros
|-damage|p1a: Tauros|0 fnt
|faint|p1a: Tauros
|choice||
|
|switch|p1a: Dragonite|Dragonite|100\/100
|turn|6
|choice||
|
|switch|p2a: Dragonite|Dragonite|100\/100
|move|p1a: Dragonite|Double-Edge|p2a: Dragonite
|-damage|p2a: Dragonite|79\/100
|-damage|p1a: Dragonite|95\/100|[from] recoil|[of] p2a: Dragonite
|
|turn|7
|choice||
|
|move|p1a: Dragonite|Ice Beam|p2a: Dragonite
|-supereffective|p2a: Dragonite
|-damage|p2a: Dragonite|6\/100
|move|p2a: Dragonite|Thunder Wave|p1a: Dragonite
|-status|p1a: Dragonite|par
|
|turn|8
|choice||
|
|switch|p2a: Alakazam|Alakazam|100\/100
|cant|p1a: Dragonite|par
|
|turn|9
|c|★NeroThrowto|._.
|choice||
|
|move|p2a: Alakazam|Hyper Beam|p1a: Dragonite
|-damage|p1a: Dragonite|75\/100 par
|move|p1a: Dragonite|Thunder Wave|p2a: Alakazam
|-status|p2a: Alakazam|par
|
|turn|10
|-mustrecharge|p2a: Alakazam
|c|★NeroThrowto|I'm new so...
|-mustrecharge|p2a: Alakazam
|choice||
|
|cant|p2a: Alakazam|recharge
|cant|p1a: Dragonite|par
|
|turn|11
|choice||
|
|cant|p2a: Alakazam|par
|move|p1a: Dragonite|Double-Edge|p2a: Alakazam
|-damage|p2a: Alakazam|61\/100 par
|-damage|p1a: Dragonite|66\/100 par|[from] recoil|[of] p2a: Alakazam
|
|turn|12
|choice||
|
|move|p2a: Alakazam|Psychic|p1a: Dragonite
|-damage|p1a: Dragonite|30\/100 par
|cant|p1a: Dragonite|par
|
|turn|13
|choice||
|
|move|p2a: Alakazam|Psychic|p1a: Dragonite
|-damage|p1a: Dragonite|0 fnt
|faint|p1a: Dragonite
|choice||
|
|switch|p1a: Snorlax|Snorlax|100\/100
|turn|14
|choice||
|
|move|p1a: Snorlax|Double-Edge|p2a: Alakazam
|-damage|p2a: Alakazam|2\/100 par
|-damage|p1a: Snorlax|92\/100|[from] recoil|[of] p2a: Alakazam
|move|p2a: Alakazam|Tri Attack|p1a: Snorlax
|-damage|p1a: Snorlax|82\/100
|
|turn|15
|choice||
|
|switch|p2a: Cloyster|Cloyster|100\/100
|move|p1a: Snorlax|Double-Edge|p2a: Cloyster
|-damage|p2a: Cloyster|75\/100
|-damage|p1a: Snorlax|79\/100|[from] recoil|[of] p2a: Cloyster
|
|turn|16
|choice||
|
|switch|p1a: Starmie|Starmie|100\/100
|move|p2a: Cloyster|Clamp|p1a: Starmie|[miss]
|-miss|p2a: Cloyster
|
|turn|17
|choice||
|
|move|p1a: Starmie|Thunderbolt|p2a: Cloyster
|-crit|p2a: Cloyster
|-supereffective|p2a: Cloyster
|-damage|p2a: Cloyster|0 fnt
|faint|p2a: Cloyster
|choice||
|
|switch|p2a: Articuno|Articuno|100\/100
|turn|18
|choice||
|
|move|p1a: Starmie|Thunderbolt|p2a: Articuno
|-supereffective|p2a: Articuno
|-damage|p2a: Articuno|65\/100
|move|p2a: Articuno|Ice Beam|p1a: Starmie
|-resisted|p1a: Starmie
|-damage|p1a: Starmie|80\/100
|
|turn|19
|choice||
|
|move|p1a: Starmie|Thunderbolt|p2a: Articuno
|-crit|p2a: Articuno
|-supereffective|p2a: Articuno
|-damage|p2a: Articuno|0 fnt
|faint|p2a: Articuno
|choice||
|
|switch|p2a: Snorlax|Snorlax|66\/100
|turn|20
|c|★NeroThrowto|ur good
|c|★NeroThrowto|^-^
|choice||
|
|move|p1a: Starmie|Surf|p2a: Snorlax
|-damage|p2a: Snorlax|39\/100
|move|p2a: Snorlax|Fire Blast|p1a: Starmie|[miss]
|-miss|p2a: Snorlax
|
|turn|21
|choice||
|
|move|p1a: Starmie|Surf|p2a: Snorlax
|-damage|p2a: Snorlax|10\/100
|move|p2a: Snorlax|Hyper Beam|p1a: Starmie
|-damage|p1a: Starmie|17\/100
|
|turn|22
|-mustrecharge|p2a: Snorlax
|-mustrecharge|p2a: Snorlax
|choice||
|
|move|p1a: Starmie|Recover|p1a: Starmie
|-heal|p1a: Starmie|66\/100
|cant|p2a: Snorlax|recharge
|
|turn|23
|choice||
|
|move|p1a: Starmie|Surf|p2a: Snorlax
|-crit|p2a: Snorlax
|-damage|p2a: Snorlax|0 fnt
|faint|p2a: Snorlax
|choice||
|
|switch|p2a: Alakazam|Alakazam|2\/100 par
|turn|24
|choice||
|
|move|p1a: Starmie|Surf|p2a: Alakazam
|-damage|p2a: Alakazam|0 fnt
|faint|p2a: Alakazam
|choice||
|
|switch|p2a: Charizard|Charizard|26\/100
|turn|25
|c|★NeroThrowto|I'm giving up XD
|choice||
|
|move|p1a: Starmie|Surf|p2a: Charizard
|-supereffective|p2a: Charizard
|-damage|p2a: Charizard|0 fnt
|faint|p2a: Charizard
|choice||
|
|switch|p2a: Dragonite|Dragonite|6\/100
|turn|26
|choice||
|
|move|p1a: Starmie|Psychic|p2a: Dragonite
|-crit|p2a: Dragonite
|-damage|p2a: Dragonite|0 fnt
|faint|p2a: Dragonite
|
|win|trbaltussen
|player|p1
|player|p2
|raw|trbaltussen's rating: 1097 &rarr; <strong>1116<\/strong><br \/>(+19 for winning)
|raw|NeroThrowto's rating: 1000 &rarr; <strong>1000<\/strong><br \/>(+0 for losing)
|c|★NeroThrowto|Good game m8