|join|BriIIance
|join|Airfoil
|player|p1|BriIIance|170
|player|p2|Airfoil|169
|gametype|singles
|gen|1
|tier|[Gen 1] OU (beta)
|rated
|rule|Sleep Clause Mod: Limit one foe put to sleep
|rule|Species Clause: Limit one of each Pokemon
|rule|OHKO Clause: OHKO moves are banned
|rule|Moody Clause: Moody is banned
|rule|Evasion Moves Clause: Evasion moves are banned
|rule|Endless Battle Clause: Forcing endless battles is banned.
|rule|HP Percentage Mod: HP is reported as percentages
|
|start
|switch|p1a: Gengar|Gengar|323\/323
|switch|p2a: Gengar|Gengar|323\/323
|turn|1
|
|move|p1a: Gengar|Hypnosis|p2a: Gengar
|-status|p2a: Gengar|slp
|cant|p2a: Gengar|slp
|
|turn|2
|
|switch|p1a: You're gonna be pi|Slowbro|393\/393
|switch|p2a: Exeggutor|Exeggutor|393\/393
|
|turn|3
|
|move|p2a: Exeggutor|Leech Seed|p1a: You're gonna be pi
|-start|p1a: You're gonna be pi|move: Leech Seed
|move|p1a: You're gonna be pi|Amnesia|p1a: You're gonna be pi
|-boost|p1a: You're gonna be pi|spd|2
|-boost|p1a: You're gonna be pi|spa|2
|-damage|p1a: You're gonna be pi|369\/393|[from] Leech Seed|[of] p2a: Exeggutor
|
|turn|4
|
|move|p2a: Exeggutor|Sleep Powder|p1a: You're gonna be pi|[miss]
|-miss|p2a: Exeggutor
|move|p1a: You're gonna be pi|Amnesia|p1a: You're gonna be pi
|-boost|p1a: You're gonna be pi|spd|2
|-boost|p1a: You're gonna be pi|spa|2
|-damage|p1a: You're gonna be pi|345\/393|[from] Leech Seed|[of] p2a: Exeggutor
|
|turn|5
|
|move|p2a: Exeggutor|Sleep Powder|p1a: You're gonna be pi
|-status|p1a: You're gonna be pi|slp
|cant|p1a: You're gonna be pi|slp
|-damage|p1a: You're gonna be pi|321\/393 slp|[from] Leech Seed|[of] p2a: Exeggutor
|
|turn|6
|
|switch|p2a: Snorlax|Snorlax|523\/523
|cant|p1a: You're gonna be pi|slp
|-curestatus|p1a: You're gonna be pi|slp
|-damage|p1a: You're gonna be pi|297\/393|[from] Leech Seed|[of] p2a: Snorlax
|
|turn|7
|
|switch|p2a: Exeggutor|Exeggutor|393\/393
|move|p1a: You're gonna be pi|Surf|p2a: Exeggutor
|-resisted|p2a: Exeggutor
|-damage|p2a: Exeggutor|270\/393
|-damage|p1a: You're gonna be pi|273\/393|[from] Leech Seed|[of] p2a: Exeggutor
|-heal|p2a: Exeggutor|294\/393|[silent]
|
|turn|8
|
|move|p2a: Exeggutor|Sleep Powder|p1a: You're gonna be pi
|-status|p1a: You're gonna be pi|slp
|cant|p1a: You're gonna be pi|slp
|-damage|p1a: You're gonna be pi|249\/393 slp|[from] Leech Seed|[of] p2a: Exeggutor
|-heal|p2a: Exeggutor|318\/393|[silent]
|
|turn|9
|
|switch|p2a: Snorlax|Snorlax|523\/523
|cant|p1a: You're gonna be pi|slp
|-damage|p1a: You're gonna be pi|225\/393 slp|[from] Leech Seed|[of] p2a: Snorlax
|
|turn|10
|
|move|p2a: Snorlax|Body Slam|p1a: You're gonna be pi
|-crit|p1a: You're gonna be pi
|-damage|p1a: You're gonna be pi|15\/393 slp
|cant|p1a: You're gonna be pi|slp
|-damage|p1a: You're gonna be pi|0 fnt|[from] Leech Seed|[of] p2a: Snorlax
|faint|p1a: You're gonna be pi
|
|join|MonopolyRubix
|
|switch|p1a: Tauros|Tauros|353\/353
|turn|11
|
|move|p1a: Tauros|Body Slam|p2a: Snorlax
|-damage|p2a: Snorlax|399\/523
|move|p2a: Snorlax|Body Slam|p1a: Tauros
|-damage|p1a: Tauros|238\/353
|
|turn|12
|
|move|p1a: Tauros|Body Slam|p2a: Snorlax
|-damage|p2a: Snorlax|269\/523
|move|p2a: Snorlax|Body Slam|p1a: Tauros
|-damage|p1a: Tauros|123\/353
|-status|p1a: Tauros|par
|
|turn|13
|
|move|p2a: Snorlax|Hyper Beam|p1a: Tauros
|-damage|p1a: Tauros|0 fnt
|faint|p1a: Tauros
|
|
|switch|p1a: Jynx|Jynx|333\/333
|turn|14
|
|move|p1a: Jynx|Reflect|p1a: Jynx
|move|p2a: Snorlax|Body Slam|p1a: Jynx
|-damage|p1a: Jynx|241\/333
|
|turn|15
|
|move|p1a: Jynx|Psychic|p2a: Snorlax
|-crit|p2a: Snorlax
|-damage|p2a: Snorlax|0 fnt
|faint|p2a: Snorlax
|
|
|switch|p2a: Raichu|Raichu|323\/323
|turn|16
|
|move|p2a: Raichu|Thunder Wave|p1a: Jynx
|-status|p1a: Jynx|par
|cant|p1a: Jynx|par
|
|turn|17
|
|move|p2a: Raichu|Thunderbolt|p1a: Jynx
|-damage|p1a: Jynx|140\/333 par
|move|p1a: Jynx|Psychic|p2a: Raichu
|-damage|p2a: Raichu|206\/323
|
|turn|18
|
|move|p2a: Raichu|Thunderbolt|p1a: Jynx
|-damage|p1a: Jynx|25\/333 par
|cant|p1a: Jynx|par
|
|turn|19
|chat|MonopolyRubix|Does Showdown keep Gen 1 mechanics like the crit rate and explosion?
|chat|Airfoil|ummm
|chat|Airfoil|I think so
|chat|MonopolyRubix|Alright, thanks
|chat|Airfoil|I know the Hyper Beam Mechanics work like gen 1
|chat|Airfoil|Notice Snorlax didn't have to charge
|chat|Airfoil|I could be wrong though
|
|move|p2a: Raichu|Thunderbolt|p1a: Jynx
|-damage|p1a: Jynx|0 fnt
|faint|p1a: Jynx
|
|
|switch|p1a: Gengar|Gengar|323\/323
|turn|20
|
|move|p1a: Gengar|Psychic|p2a: Raichu
|-damage|p2a: Raichu|115\/323
|move|p2a: Raichu|Thunder Wave|p1a: Gengar
|-status|p1a: Gengar|par
|
|turn|21
|
|switch|p2a: Exeggutor|Exeggutor|318\/393
|move|p1a: Gengar|Psychic|p2a: Exeggutor
|-resisted|p2a: Exeggutor
|-damage|p2a: Exeggutor|284\/393
|
|turn|22
|
|move|p2a: Exeggutor|Leech Seed|p1a: Gengar
|-start|p1a: Gengar|move: Leech Seed
|cant|p1a: Gengar|par
|-damage|p1a: Gengar|303\/323 par|[from] Leech Seed|[of] p2a: Exeggutor
|-heal|p2a: Exeggutor|304\/393|[silent]
|
|turn|23
|
|move|p2a: Exeggutor|Psychic|p1a: Gengar
|-supereffective|p1a: Gengar
|-damage|p1a: Gengar|82\/323 par
|move|p1a: Gengar|Explosion|p2a: Exeggutor
|-damage|p2a: Exeggutor|65\/393
|faint|p1a: Gengar
|
|switch|p1a: Golem|Golem|363\/363
|turn|24
|
|move|p2a: Exeggutor|Mega Drain|p1a: Golem
|-supereffective|p1a: Golem
|-damage|p1a: Golem|26\/363
|-heal|p2a: Exeggutor|234\/393|[from] drain|[of] p1a: Golem
|move|p1a: Golem|Rock Slide|p2a: Exeggutor
|-damage|p2a: Exeggutor|134\/393
|
|turn|25
|
|move|p2a: Exeggutor|Mega Drain|p1a: Golem
|-supereffective|p1a: Golem
|-damage|p1a: Golem|0 fnt
|-heal|p2a: Exeggutor|147\/393|[from] drain|[of] p1a: Golem
|faint|p1a: Golem
|
|
|switch|p1a: Snorlax|Snorlax|523\/523
|turn|26
|
|move|p2a: Exeggutor|Sleep Powder|p1a: Snorlax
|-status|p1a: Snorlax|slp
|cant|p1a: Snorlax|slp
|-curestatus|p1a: Snorlax|slp
|
|turn|27
|
|move|p2a: Exeggutor|Sleep Powder|p1a: Snorlax
|-status|p1a: Snorlax|slp
|cant|p1a: Snorlax|slp
|-curestatus|p1a: Snorlax|slp
|
|turn|28
|chat|Airfoil|Your Snorlax is an insomniac XD
|chat|Airfoil|Is there a mechanic preventing me from sleeping it?
|
|move|p2a: Exeggutor|Leech Seed|p1a: Snorlax
|-start|p1a: Snorlax|move: Leech Seed
|move|p1a: Snorlax|Amnesia|p1a: Snorlax
|-boost|p1a: Snorlax|spd|2
|-boost|p1a: Snorlax|spa|2
|-damage|p1a: Snorlax|491\/523|[from] Leech Seed|[of] p2a: Exeggutor
|-heal|p2a: Exeggutor|179\/393|[silent]
|
|turn|29
|
|switch|p2a: Golem|Golem|363\/363
|move|p1a: Snorlax|Ice Beam|p2a: Golem
|-supereffective|p2a: Golem
|-damage|p2a: Golem|26\/363
|-damage|p1a: Snorlax|459\/523|[from] Leech Seed|[of] p2a: Golem
|-heal|p2a: Golem|58\/363|[silent]
|
|turn|30
|
|move|p2a: Golem|Explosion|p1a: Snorlax
|-damage|p1a: Snorlax|119\/523
|faint|p2a: Golem
|
|switch|p2a: Lapras|Lapras|463\/463
|turn|31
|
|move|p2a: Lapras|Body Slam|p1a: Snorlax
|-crit|p1a: Snorlax
|-damage|p1a: Snorlax|0 fnt
|faint|p1a: Snorlax
|
|win|Airfoil
|raw|Ladder updating...
|raw|BriIIance's rating: 1167 &rarr; <strong>1140<\/strong><br \/>(-27 for losing)
|raw|Airfoil's rating: 1146 &rarr; <strong>1172<\/strong><br \/>(+26 for winning)
|leave|BriIIance
|player|p1
|chat|Airfoil|gg