|join|Norion
|join|Psychedelic Trip
|player|p1|Norion|10
|player|p2|Psychedelic Trip|168
|gametype|singles
|gen|1
|tier|[Gen 1] Random Battle
|rated
|rule|Sleep Clause Mod: Limit one foe put to sleep
|rule|Freeze Clause Mod: Limit one foe frozen
|rule|HP Percentage Mod: HP is shown in percentages
|
|start
|switch|p1a: Mew|Mew, L74|300\/300
|switch|p2a: Machop|Machop, L96|329\/329
|turn|1
|
|switch|p2a: Metapod|Metapod, L99|300\/300
|move|p1a: Mew|Psychic|p2a: Metapod
|-crit|p2a: Metapod
|-damage|p2a: Metapod|67\/300
|-unboost|p2a: Metapod|spd|1
|-unboost|p2a: Metapod|spa|1
|
|turn|2
|
|move|p1a: Mew|Psychic|p2a: Metapod
|-damage|p2a: Metapod|0 fnt
|faint|p2a: Metapod
|
|switch|p2a: Persian|Persian, L79|265\/265
|turn|3
|
|switch|p1a: Gengar|Gengar, L79|257\/257
|move|p2a: Persian|Slash|p1a: Gengar
|-immune|p1a: Gengar|[msg]
|
|turn|4
|
|switch|p2a: Machop|Machop, L96|329\/329
|move|p1a: Gengar|Psychic|p2a: Machop
|-supereffective|p2a: Machop
|-damage|p2a: Machop|148\/329
|-unboost|p2a: Machop|spd|1
|-unboost|p2a: Machop|spa|1
|
|turn|5
|
|switch|p2a: Mew|Mew, L74|300\/300
|move|p1a: Gengar|Psychic|p2a: Mew
|-resisted|p2a: Mew
|-damage|p2a: Mew|263\/300
|
|turn|6
|
|move|p1a: Gengar|Hypnosis|p2a: Mew
|-status|p2a: Mew|slp
|cant|p2a: Mew|slp
|
|turn|7
|
|switch|p1a: Rhydon|Rhydon, L79|328\/328
|cant|p2a: Mew|slp
|
|turn|8
|
|switch|p2a: Machop|Machop, L96|148\/329
|move|p1a: Rhydon|Earthquake|p2a: Machop
|-damage|p2a: Machop|20\/329
|
|turn|9
|
|move|p2a: Machop|Earthquake|p1a: Rhydon
|-supereffective|p1a: Rhydon
|-damage|p1a: Rhydon|184\/328
|move|p1a: Rhydon|Body Slam|p2a: Machop
|-damage|p2a: Machop|0 fnt
|faint|p2a: Machop
|
|switch|p2a: Onix|Onix, L90|246\/246
|turn|10
|
|switch|p1a: Dewgong|Dewgong, L85|327\/327
|move|p2a: Onix|Earthquake|p1a: Dewgong
|-damage|p1a: Dewgong|246\/327
|
|turn|11
|
|switch|p2a: Persian|Persian, L79|265\/265
|move|p1a: Dewgong|Surf|p2a: Persian
|-damage|p2a: Persian|129\/265
|
|turn|12
|
|move|p2a: Persian|Slash|p1a: Dewgong
|-crit|p1a: Dewgong
|-damage|p1a: Dewgong|127\/327
|move|p1a: Dewgong|Surf|p2a: Persian
|-damage|p2a: Persian|0 fnt
|faint|p2a: Persian
|
|switch|p2a: Pinsir|Pinsir, L85|284\/284
|turn|13
|
|move|p2a: Pinsir|Submission|p1a: Dewgong|[miss]
|-miss|p2a: Pinsir
|move|p1a: Dewgong|Surf|p2a: Pinsir
|-damage|p2a: Pinsir|162\/284
|
|turn|14
|
|move|p2a: Pinsir|Hyper Beam|p1a: Dewgong
|-damage|p1a: Dewgong|0 fnt
|faint|p1a: Dewgong
|
|switch|p1a: Mew|Mew, L74|300\/300
|turn|15
|
|move|p2a: Pinsir|Body Slam|p1a: Mew
|-damage|p1a: Mew|219\/300
|-status|p1a: Mew|par
|cant|p1a: Mew|par
|
|turn|16
|
|switch|p1a: Gengar|Gengar, L79|257\/257
|move|p2a: Pinsir|Submission|p1a: Gengar
|-immune|p1a: Gengar|[msg]
|
|turn|17
|
|switch|p2a: Mew|Mew, L74|263\/300 slp
|move|p1a: Gengar|Psychic|p2a: Mew
|-resisted|p2a: Mew
|-damage|p2a: Mew|227\/300 slp
|
|turn|18
|
|switch|p1a: Mew|Mew, L74|219\/300 par
|cant|p2a: Mew|slp
|
|turn|19
|
|cant|p2a: Mew|slp
|move|p1a: Mew|Psychic|p2a: Mew
|-resisted|p2a: Mew
|-damage|p2a: Mew|187\/300 slp
|
|turn|20
|
|cant|p2a: Mew|slp
|move|p1a: Mew|Explosion|p2a: Mew
|-crit|p2a: Mew
|-damage|p2a: Mew|0 fnt
|faint|p2a: Mew
|faint|p1a: Mew
|
|switch|p1a: Gengar|Gengar, L79|257\/257
|switch|p2a: Onix|Onix, L90|246\/246
|turn|21
|
|move|p1a: Gengar|Mega Drain|p2a: Onix
|-supereffective|p2a: Onix
|-damage|p2a: Onix|54\/246
|move|p2a: Onix|Earthquake|p1a: Gengar
|-supereffective|p1a: Gengar
|-damage|p1a: Gengar|33\/257
|
|turn|22
|
|switch|p2a: Pinsir|Pinsir, L85|162\/284
|move|p1a: Gengar|Psychic|p2a: Pinsir
|-damage|p2a: Pinsir|68\/284
|
|turn|23
|
|move|p1a: Gengar|Psychic|p2a: Pinsir
|-damage|p2a: Pinsir|0 fnt
|faint|p2a: Pinsir
|
|switch|p2a: Onix|Onix, L90|54\/246
|turn|24
|
|move|p1a: Gengar|Psychic|p2a: Onix
|-damage|p2a: Onix|0 fnt
|faint|p2a: Onix
|
|win|Norion
|raw|Ladder updating...
|raw|Norion's rating: 1347 &rarr; <strong>1365<\/strong><br \/>(+18 for winning)
|raw|Psychedelic Trip's rating: 1320 &rarr; <strong>1302<\/strong><br \/>(-18 for losing)
|leave|Psychedelic Trip
|player|p2