|j|Nyx Ocelot
|j|icm
|player|p1|Nyx Ocelot|255
|player|p2|icm|265
|gametype|singles
|gen|1
|tier|[Gen 1] Random Battle
|rated
|seed|15443,49159,32154,18688
|rule|Sleep Clause Mod: Limit one foe put to sleep
|rule|Freeze Clause Mod: Limit one foe frozen
|rule|HP Percentage Mod: HP is shown in percentages
|
|start
|switch|p1a: Bellsprout|Bellsprout, L96|291\/291
|switch|p2a: Seaking|Seaking, L90|327\/327
|turn|1
|choice|move 1|move 4
|
|move|p2a: Seaking|Blizzard|p1a: Bellsprout
|-supereffective|p1a: Bellsprout
|-damage|p1a: Bellsprout|120\/291
|move|p1a: Bellsprout|Sleep Powder|p2a: Seaking
|-status|p2a: Seaking|slp
|
|turn|2
|choice|move 2|move 4
|
|cant|p2a: Seaking|slp
|move|p1a: Bellsprout|Razor Leaf|p2a: Seaking
|-crit|p2a: Seaking
|-supereffective|p2a: Seaking
|-damage|p2a: Seaking|80\/327 slp
|
|turn|3
|choice|move 2|switch 6
|
|switch|p2a: Cloyster|Cloyster, L83|253\/253
|move|p1a: Bellsprout|Razor Leaf|p2a: Cloyster
|-crit|p2a: Cloyster
|-supereffective|p2a: Cloyster
|-damage|p2a: Cloyster|21\/253
|
|turn|4
|choice|move 2|move 1
|
|move|p2a: Cloyster|Blizzard|p1a: Bellsprout
|-supereffective|p1a: Bellsprout
|-damage|p1a: Bellsprout|0 fnt
|faint|p1a: Bellsprout
|c|★Nyx Ocelot|I'm sorry for hax
|choice|switch 5|
|
|switch|p1a: Alakazam|Alakazam, L79|249\/249
|turn|5
|choice|move 1|move 3
|
|move|p1a: Alakazam|Psychic|p2a: Cloyster
|-damage|p2a: Cloyster|0 fnt
|faint|p2a: Cloyster
|choice||switch 6
|
|switch|p2a: Seaking|Seaking, L90|80\/327 slp
|turn|6
|choice|move 1|move 3
|
|move|p1a: Alakazam|Psychic|p2a: Seaking
|-damage|p2a: Seaking|0 fnt
|faint|p2a: Seaking
|choice||switch 4
|
|switch|p2a: Marowak|Marowak, L90|291\/291
|turn|7
|choice|move 1|move 4
|
|move|p1a: Alakazam|Psychic|p2a: Marowak
|-crit|p2a: Marowak
|-damage|p2a: Marowak|33\/291
|-unboost|p2a: Marowak|spd|1
|-unboost|p2a: Marowak|spa|1
|move|p2a: Marowak|Earthquake|p1a: Alakazam
|-damage|p1a: Alakazam|79\/249
|
|turn|8
|choice|move 1|move 2
|
|move|p1a: Alakazam|Psychic|p2a: Marowak
|-damage|p2a: Marowak|0 fnt
|faint|p2a: Marowak
|c|★icm|damn
|choice||switch 2
|
|switch|p2a: Hitmonchan|Hitmonchan, L90|273\/273
|turn|9
|c|★Nyx Ocelot|I'm really not trying to crit this much.
|choice|move 1|move 4
|
|move|p1a: Alakazam|Psychic|p2a: Hitmonchan
|-crit|p2a: Hitmonchan
|-supereffective|p2a: Hitmonchan
|-damage|p2a: Hitmonchan|0 fnt
|faint|p2a: Hitmonchan
|c|★Nyx Ocelot|So much luck
|choice||switch 3
|
|switch|p2a: Gloom|Gloom, L90|291\/291
|turn|10
|c|★Nyx Ocelot|I'm only even playing this mode because they've got that Kanto tournament coming up over wifi
|choice|move 1|move 3
|
|move|p1a: Alakazam|Psychic|p2a: Gloom
|-crit|p2a: Gloom
|-supereffective|p2a: Gloom
|-damage|p2a: Gloom|0 fnt
|faint|p2a: Gloom
|choice||switch 5
|
|switch|p2a: Rapidash|Rapidash, L90|300\/300
|turn|11
|c|★icm|he is slaying everyone! All my pokemon are at a hgher level too. Wow
|choice|move 1|move 1
|
|move|p2a: Rapidash|Fire Blast|p1a: Alakazam|[miss]
|-miss|p2a: Rapidash
|move|p1a: Alakazam|Psychic|p2a: Rapidash
|-damage|p2a: Rapidash|198\/300
|-unboost|p2a: Rapidash|spd|1
|-unboost|p2a: Rapidash|spa|1
|
|turn|12
|c|★Nyx Ocelot|Oh my jebus
|c|★icm|Good luck in the tournament!
|c|★Nyx Ocelot|Why is this thing so strong
|choice|move 4|move 1
|
|move|p2a: Rapidash|Fire Blast|p1a: Alakazam
|-damage|p1a: Alakazam|15\/249
|-status|p1a: Alakazam|brn
|move|p1a: Alakazam|Seismic Toss|p2a: Rapidash
|-damage|p2a: Rapidash|119\/300
|-damage|p1a: Alakazam|0 fnt|[from] brn|[of] p2a: Rapidash
|faint|p1a: Alakazam
|choice|switch 3|
|
|switch|p1a: Starmie|Starmie, L79|257\/257
|turn|13
|c|★icm|Thank God hha
|choice|move 4|move 4
|
|move|p2a: Rapidash|Substitute|p2a: Rapidash
|-start|p2a: Rapidash|Substitute
|-damage|p2a: Rapidash|44\/300
|move|p1a: Starmie|Surf|p2a: Rapidash
|-supereffective|p2a: Rapidash
|-end|p2a: Rapidash|Substitute
|
|turn|14
|choice|move 2|move 2
|
|move|p2a: Rapidash|Body Slam|p1a: Starmie
|-damage|p1a: Starmie|182\/257
|move|p1a: Starmie|Blizzard|p2a: Rapidash
|-damage|p2a: Rapidash|0 fnt
|faint|p2a: Rapidash
|
|win|Nyx Ocelot
|player|p1
|player|p2
|raw|Nyx Ocelot's rating: 1047 &rarr; <strong>1085<\/strong><br \/>(+38 for winning)
|raw|icm's rating: 1098 &rarr; <strong>1069<\/strong><br \/>(-29 for losing)
|c|★Nyx Ocelot|gg