|join|tr0mb0ner
|join|Mirabel
|player|p1|tr0mb0ner|1
|player|p2|Mirabel|260
|gametype|singles
|gen|1
|tier|[Gen 1] Ubers
|seed|48577,26659,34110,20810
|rule|Sleep Clause Mod: Limit one foe put to sleep
|rule|Freeze Clause Mod: Limit one foe frozen
|rule|Species Clause: Limit one of each Pokémon
|rule|OHKO Clause: OHKO moves are banned
|rule|Evasion Moves Clause: Evasion moves are banned
|rule|HP Percentage Mod: HP is shown in percentages
|
|start
|switch|p1a: Hypno|Hypno|373\/373
|switch|p2a: スリーパー|Hypno|373\/373
|turn|1
|choice|move 4|move 1
|
|move|p2a: スリーパー|Hypnosis|p1a: Hypno
|-status|p1a: Hypno|slp
|cant|p1a: Hypno|slp
|
|turn|2
|c|★tr0mb0ner|um i just think blizz is a good move
|c|★tr0mb0ner|when ur preicting a swtich
|c|★tr0mb0ner|cause it hits everything
|c|★tr0mb0ner|and has a chance to freeze
|c|★tr0mb0ner|im sure surf is fine
|c|★Mirabel|Surf is better in OU for Tauros
|c|★tr0mb0ner|erm prob
|c|★tr0mb0ner|on my team i need blizz tauros
|c|★tr0mb0ner|cause lack of awake starmie
|c|★Mirabel|Well no one runs surf in OU
|c|★Mirabel|it's banned due to tradebacks
|c|★tr0mb0ner|ah
|c|★Mirabel|I made another team while I was waiting
|c|★Mirabel|this match, that match, then I go to bed
|c|★tr0mb0ner|mmk
|choice|switch 5|switch 3
|
|switch|p2a: サイドン|Rhydon|413\/413
|switch|p1a: Raichu|Raichu|323\/323
|
|turn|3
|choice|move 3|move 3
|
|move|p1a: Raichu|Surf|p2a: サイドン
|-supereffective|p2a: サイドン
|-damage|p2a: サイドン|0 fnt
|faint|p2a: サイドン
|choice||switch 6
|
|switch|p2a: ガルーラ|Kangaskhan|413\/413
|turn|4
|choice|switch 4|move 1
|
|switch|p1a: Haunter|Haunter|293\/293
|move|p2a: ガルーラ|Body Slam|p1a: Haunter
|-immune|p1a: Haunter|[msg]
|
|turn|5
|choice|move 1|switch 5
|
|switch|p2a: ユンゲラー|Kadabra|283\/283
|move|p1a: Haunter|Hypnosis|p2a: ユンゲラー|[miss]
|-miss|p1a: Haunter
|
|turn|6
|choice|switch 6|move 4
|
|switch|p1a: Gyarados|Gyarados|393\/393
|move|p2a: ユンゲラー|Psychic|p1a: Gyarados
|-damage|p1a: Gyarados|270\/393
|
|turn|7
|join|KristophV
|choice|move 1|move 3
|
|move|p2a: ユンゲラー|Reflect|p2a: ユンゲラー
|-start|p2a: ユンゲラー|Reflect
|move|p1a: Gyarados|Body Slam|p2a: ユンゲラー
|-damage|p2a: ユンゲラー|204\/283
|
|turn|8
|choice|move 1|move 1
|
|move|p2a: ユンゲラー|Thunder Wave|p1a: Gyarados
|-status|p1a: Gyarados|par
|cant|p1a: Gyarados|par
|
|turn|9
|choice|move 1|move 4
|
|move|p2a: ユンゲラー|Psychic|p1a: Gyarados
|-damage|p1a: Gyarados|143\/393 par
|move|p1a: Gyarados|Body Slam|p2a: ユンゲラー
|-damage|p2a: ユンゲラー|125\/283
|
|turn|10
|choice|move 2|move 2
|
|move|p2a: ユンゲラー|Recover|p2a: ユンゲラー
|-heal|p2a: ユンゲラー|266\/283
|cant|p1a: Gyarados|par
|
|turn|11
|choice|switch 5|move 4
|
|switch|p1a: Hypno|Hypno|373\/373 slp
|move|p2a: ユンゲラー|Psychic|p1a: Hypno
|-resisted|p1a: Hypno
|-damage|p1a: Hypno|322\/373 slp
|
|turn|12
|c|★tr0mb0ner|is ala faster then gengar?
|choice|move 1|switch 4
|
|switch|p2a: ギャラドス|Gyarados|393\/393
|cant|p1a: Hypno|slp
|
|turn|13
|choice|switch 4|move 2
|
|switch|p1a: Raichu|Raichu|323\/323
|move|p2a: ギャラドス|Surf|p1a: Raichu
|-damage|p1a: Raichu|209\/323
|
|turn|14
|choice|move 2|switch 2
|
|switch|p2a: ライチュウ|Raichu|323\/323
|move|p1a: Raichu|Thunderbolt|p2a: ライチュウ
|-resisted|p2a: ライチュウ
|-damage|p2a: ライチュウ|267\/323
|
|turn|15
|c|★Mirabel|yes
|c|★Mirabel|otherwise you'd see less ala
|c|★Mirabel|and wayyyy more geng
|c|★tr0mb0ner|i think gengar is good
|c|★Mirabel|geng is handy
|c|★Mirabel|IDK if top 6 mon
|c|★tr0mb0ner|got to be good at them reads
|c|★Mirabel|since inconsistent at everything
|choice|switch 3|move 3
|
|switch|p1a: Victreebel|Victreebel|363\/363
|move|p2a: ライチュウ|Body Slam|p1a: Victreebel
|-damage|p1a: Victreebel|280\/363
|-status|p1a: Victreebel|par
|
|turn|16
|c|★tr0mb0ner|i mean soaking h beams and sd's is time less
|choice|move 1|switch 4
|
|switch|p2a: ユンゲラー|Kadabra|266\/283
|move|p1a: Victreebel|Sleep Powder|p2a: ユンゲラー
|-status|p2a: ユンゲラー|slp
|
|turn|17
|choice|move 3|switch 3
|
|switch|p2a: スリーパー|Hypno|373\/373
|cant|p1a: Victreebel|par
|
|turn|18
|choice|switch 4|move 2
|
|switch|p1a: Hypno|Hypno|322\/373 slp
|move|p2a: スリーパー|Psychic|p1a: Hypno
|-resisted|p1a: Hypno
|-damage|p1a: Hypno|272\/373 slp
|
|turn|19
|choice|move 1|move 2
|
|move|p2a: スリーパー|Psychic|p1a: Hypno
|-resisted|p1a: Hypno
|-damage|p1a: Hypno|218\/373 slp
|cant|p1a: Hypno|slp
|
|turn|20
|choice|move 1|move 2
|
|cant|p1a: Hypno|slp
|move|p2a: スリーパー|Psychic|p1a: Hypno
|-resisted|p1a: Hypno
|-damage|p1a: Hypno|169\/373 slp
|
|turn|21
|c|★tr0mb0ner|havent 2u in a while
|c|★tr0mb0ner|forgot i kinda need hypno
|choice|move 1|move 2
|
|-curestatus|p1a: Hypno|slp
|move|p2a: スリーパー|Psychic|p1a: Hypno
|-crit|p1a: Hypno
|-resisted|p1a: Hypno
|-damage|p1a: Hypno|72\/373
|
|turn|22
|choice|move 2|move 1
|
|move|p2a: スリーパー|Hypnosis|p1a: Hypno
|-status|p1a: Hypno|slp
|cant|p1a: Hypno|slp
|
|turn|23
|choice|switch 2|move 4
|
|switch|p1a: Kangaskhan|Kangaskhan|413\/413
|move|p2a: スリーパー|Thunder Wave|p1a: Kangaskhan
|-status|p1a: Kangaskhan|par
|
|turn|24
|choice|move 1|move 3
|
|move|p1a: Kangaskhan|Body Slam|p2a: スリーパー
|-damage|p2a: スリーパー|240\/373
|-status|p2a: スリーパー|par
|cant|p2a: スリーパー|par
|
|turn|25
|choice|move 1|move 3
|
|cant|p1a: Kangaskhan|par
|move|p2a: スリーパー|Counter|p1a: Kangaskhan
|-damage|p1a: Kangaskhan|147\/413 par
|
|turn|26
|c|★tr0mb0ner|uh huh
|choice|move 2|move 2
|
|move|p1a: Kangaskhan|Hyper Beam|p2a: スリーパー
|-damage|p2a: スリーパー|32\/373 par
|move|p2a: スリーパー|Psychic|p1a: Kangaskhan|[miss]
|-miss|p2a: スリーパー
|
|turn|27
|-mustrecharge|p1a: Kangaskhan
|c|★Mirabel|love RBY counter
|-mustrecharge|p1a: Kangaskhan
|c|★Mirabel|LOVE RBY 255
|choice|move 1|move 2
|
|cant|p1a: Kangaskhan|recharge
|move|p2a: スリーパー|Psychic|p1a: Kangaskhan
|-crit|p1a: Kangaskhan
|-damage|p1a: Kangaskhan|0 fnt
|faint|p1a: Kangaskhan
|c|★tr0mb0ner|and counter gengar sounds legit
|c|★tr0mb0ner|im still baffled
|c|★tr0mb0ner|on how that dude missed 5x lk
|c|★tr0mb0ner|on me
|choice|switch 3|
|
|switch|p1a: Raichu|Raichu|209\/323
|turn|28
|c|★Mirabel|it's a miracle tbh
|choice|move 4|move 4
|
|move|p1a: Raichu|Body Slam|p2a: スリーパー
|-damage|p2a: スリーパー|0 fnt
|faint|p2a: スリーパー
|c|★tr0mb0ner|thats why i stoped using jinx lol
|choice||switch 5
|
|switch|p2a: ガルーラ|Kangaskhan|413\/413
|turn|29
|c|★tr0mb0ner|jinx is 10\/10 if u can get the 1st lk then start blizzarding
|c|★tr0mb0ner|get para'd
|c|★tr0mb0ner|and miss a lk
|c|★tr0mb0ner|jinx is worthless at that point
|choice|move 1|move 1
|
|move|p1a: Raichu|Thunder Wave|p2a: ガルーラ
|-status|p2a: ガルーラ|par
|cant|p2a: ガルーラ|par
|
|turn|30
|choice|switch 5|move 2
|
|switch|p1a: Gyarados|Gyarados|143\/393 par
|move|p2a: ガルーラ|Earthquake|p1a: Gyarados
|-immune|p1a: Gyarados|[msg]
|
|turn|31
|choice|move 1|move 1
|
|cant|p2a: ガルーラ|par
|move|p1a: Gyarados|Body Slam|p2a: ガルーラ
|-crit|p2a: ガルーラ
|-damage|p2a: ガルーラ|249\/413 par
|
|turn|32
|choice|move 1|move 1
|
|move|p2a: ガルーラ|Body Slam|p1a: Gyarados
|-damage|p1a: Gyarados|29\/393 par
|move|p1a: Gyarados|Body Slam|p2a: ガルーラ
|-crit|p2a: ガルーラ
|-damage|p2a: ガルーラ|64\/413 par
|
|turn|33
|choice|move 1|move 4
|
|move|p2a: ガルーラ|Thunderbolt|p1a: Gyarados
|-supereffective|p1a: Gyarados
|-damage|p1a: Gyarados|0 fnt
|faint|p1a: Gyarados
|choice|switch 5|
|
|switch|p1a: Raichu|Raichu|209\/323
|turn|34
|choice|move 4|switch 4
|
|switch|p2a: ライチュウ|Raichu|267\/323
|move|p1a: Raichu|Body Slam|p2a: ライチュウ
|-crit|p2a: ライチュウ
|-damage|p2a: ライチュウ|140\/323
|-status|p2a: ライチュウ|par
|
|turn|35
|choice|switch 4|move 3
|
|switch|p1a: Victreebel|Victreebel|280\/363 par
|move|p2a: ライチュウ|Body Slam|p1a: Victreebel|[miss]
|-miss|p2a: ライチュウ
|
|turn|36
|choice|move 1|switch 2
|
|switch|p2a: ギャラドス|Gyarados|393\/393
|move|p1a: Victreebel|Sleep Powder|p2a: ギャラドス|[miss]
|-miss|p1a: Victreebel
|
|turn|37
|c|★tr0mb0ner|um
|c|★tr0mb0ner|rekt or not rekt?
|c|★Mirabel|eh?
|choice|switch 6|move 3
|
|switch|p1a: Haunter|Haunter|293\/293
|move|p2a: ギャラドス|Body Slam|p1a: Haunter
|-immune|p1a: Haunter|[msg]
|
|turn|38
|choice|move 4|move 2
|
|move|p1a: Haunter|Night Shade|p2a: ギャラドス
|-damage|p2a: ギャラドス|293\/393
|move|p2a: ギャラドス|Surf|p1a: Haunter
|-damage|p1a: Haunter|197\/293
|
|turn|39
|choice|move 2|move 2
|
|move|p1a: Haunter|Psychic|p2a: ギャラドス
|-damage|p2a: ギャラドス|211\/393
|move|p2a: ギャラドス|Surf|p1a: Haunter
|-damage|p1a: Haunter|93\/293
|
|turn|40
|choice|move 3|switch 4
|
|switch|p2a: ガルーラ|Kangaskhan|64\/413 par
|move|p1a: Haunter|Explosion|p2a: ガルーラ
|-damage|p2a: ガルーラ|0 fnt
|faint|p2a: ガルーラ
|faint|p1a: Haunter
|choice|switch 2|switch 2
|
|switch|p1a: Hypno|Hypno|72\/373 slp
|switch|p2a: ライチュウ|Raichu|140\/323 par
|turn|41
|choice|move 1|switch 3
|
|switch|p2a: ユンゲラー|Kadabra|266\/283 slp
|cant|p1a: Hypno|slp
|
|turn|42
|choice|switch 4|move 3
|
|switch|p1a: Raichu|Raichu|209\/323
|cant|p2a: ユンゲラー|slp
|
|turn|43
|choice|move 4|move 1
|
|cant|p2a: ユンゲラー|slp
|move|p1a: Raichu|Body Slam|p2a: ユンゲラー
|-crit|p2a: ユンゲラー
|-damage|p2a: ユンゲラー|85\/283 slp
|
|turn|44
|choice|move 4|move 4
|
|cant|p2a: ユンゲラー|slp
|move|p1a: Raichu|Body Slam|p2a: ユンゲラー
|-damage|p2a: ユンゲラー|0 fnt
|faint|p2a: ユンゲラー
|choice||switch 3
|
|switch|p2a: ライチュウ|Raichu|140\/323 par
|turn|45
|c|★Mirabel|this is painful lol
|choice|switch 4|move 3
|
|switch|p1a: Hypno|Hypno|72\/373 slp
|move|p2a: ライチュウ|Body Slam|p1a: Hypno
|-damage|p1a: Hypno|0 fnt
|faint|p1a: Hypno
|c|★tr0mb0ner|how so?
|choice|switch 6|
|
|switch|p1a: Victreebel|Victreebel|280\/363 par
|turn|46
|c|★Mirabel|that para did a ton of damage
|c|★tr0mb0ner|yes
|c|★Mirabel|and now my surfmons are getting walled by victreebel
|choice|move 2|move 3
|
|move|p2a: ライチュウ|Body Slam|p1a: Victreebel
|-damage|p1a: Victreebel|197\/363 par
|move|p1a: Victreebel|Body Slam|p2a: ライチュウ
|-damage|p2a: ライチュウ|36\/323 par
|
|turn|47
|c|★tr0mb0ner|v-bell
|choice|move 2|move 3
|
|move|p2a: ライチュウ|Body Slam|p1a: Victreebel
|-damage|p1a: Victreebel|120\/363 par
|move|p1a: Victreebel|Body Slam|p2a: ライチュウ
|-damage|p2a: ライチュウ|0 fnt
|faint|p2a: ライチュウ
|choice||switch 4
|
|switch|p2a: ギャラドス|Gyarados|211\/393
|turn|48
|choice|move 1|move 4
|
|move|p2a: ギャラドス|Hyper Beam|p1a: Victreebel|[miss]
|-miss|p2a: ギャラドス
|move|p1a: Victreebel|Sleep Powder|p2a: ギャラドス
|-status|p2a: ギャラドス|slp
|
|turn|49
|c|★Mirabel|naturally
|choice|move 2|move 3
|
|cant|p2a: ギャラドス|slp
|cant|p1a: Victreebel|par
|
|turn|50
|choice|move 2|move 3
|
|-curestatus|p2a: ギャラドス|slp
|move|p1a: Victreebel|Body Slam|p2a: ギャラドス
|-damage|p2a: ギャラドス|137\/393
|
|turn|51
|choice|move 1|move 3
|
|move|p2a: ギャラドス|Body Slam|p1a: Victreebel
|-damage|p1a: Victreebel|25\/363 par
|cant|p1a: Victreebel|par
|
|turn|52
|choice|move 2|move 1
|
|move|p2a: ギャラドス|Thunderbolt|p1a: Victreebel
|-resisted|p1a: Victreebel
|-damage|p1a: Victreebel|0 fnt
|faint|p1a: Victreebel
|choice|switch 4|
|
|switch|p1a: Raichu|Raichu|209\/323
|turn|53
|c|★tr0mb0ner|gg
|c|★Mirabel|wp
|c|★Mirabel|I blame random paralysis on raichu
|choice|move 2|move 4
|
|move|p1a: Raichu|Thunderbolt|p2a: ギャラドス
|-supereffective|p2a: ギャラドス
|-damage|p2a: ギャラドス|0 fnt
|faint|p2a: ギャラドス
|
|win|tr0mb0ner
|c|★tr0mb0ner|hm
|leave|Mirabel
|player|p2