|join|derivaldo
|join|Spreck
|player|p1|derivaldo|120
|player|p2|Spreck|1
|gametype|singles
|gen|1
|tier|[Gen 1] Random Battle
|rated
|seed|52502,16881,29690,17296
|rule|Sleep Clause Mod: Limit one foe put to sleep
|rule|Freeze Clause Mod: Limit one foe frozen
|rule|HP Percentage Mod: HP is shown in percentages
|
|start
|switch|p1a: Exeggcute|Exeggcute, L96|310\/310
|switch|p2a: Weepinbell|Weepinbell, L85|284\/284
|turn|1
|choice|move 1|move 2
|
|move|p2a: Weepinbell|Swords Dance|p2a: Weepinbell
|-boost|p2a: Weepinbell|atk|2
|move|p1a: Exeggcute|Psychic|p2a: Weepinbell
|-supereffective|p2a: Weepinbell
|-damage|p2a: Weepinbell|103\/284
|
|turn|2
|choice|move 1|move 3
|
|move|p2a: Weepinbell|Body Slam|p1a: Exeggcute
|-damage|p1a: Exeggcute|200\/310
|move|p1a: Exeggcute|Psychic|p2a: Weepinbell
|-supereffective|p2a: Weepinbell
|-damage|p2a: Weepinbell|0 fnt
|faint|p2a: Weepinbell
|choice||switch 5
|
|switch|p2a: Chansey|Chansey, L79|557\/557
|turn|3
|choice|move 1|move 3
|
|move|p1a: Exeggcute|Psychic|p2a: Chansey
|-damage|p2a: Chansey|468\/557
|move|p2a: Chansey|Thunderbolt|p1a: Exeggcute
|-resisted|p1a: Exeggcute
|-damage|p1a: Exeggcute|169\/310
|
|turn|4
|choice|move 3|move 3
|
|move|p1a: Exeggcute|Explosion|p2a: Chansey
|-damage|p2a: Chansey|0 fnt
|faint|p2a: Chansey
|faint|p1a: Exeggcute
|choice|switch 5|switch 2
|
|switch|p1a: Blastoise|Blastoise, L85|308\/308
|switch|p2a: Cubone|Cubone, L96|291\/291
|turn|5
|choice|move 1|switch 3
|
|switch|p2a: Clefable|Clefable, L85|335\/335
|move|p1a: Blastoise|Hydro Pump|p2a: Clefable
|-damage|p2a: Clefable|215\/335
|
|turn|6
|choice|move 3|move 2
|
|move|p1a: Blastoise|Hyper Beam|p2a: Clefable
|-damage|p2a: Clefable|114\/335
|move|p2a: Clefable|Sing|p1a: Blastoise
|-status|p1a: Blastoise|slp
|
|turn|7
|-mustrecharge|p1a: Blastoise
|-mustrecharge|p1a: Blastoise
|choice|move 1|move 1
|
|cant|p1a: Blastoise|recharge
|move|p2a: Clefable|Thunder|p1a: Blastoise|[miss]
|-miss|p2a: Clefable
|
|turn|8
|choice|switch 4|move 1
|
|switch|p1a: Zapdos|Zapdos, L79|304\/304
|move|p2a: Clefable|Thunder|p1a: Zapdos
|-damage|p1a: Zapdos|235\/304
|
|turn|9
|choice|move 1|switch 3
|
|switch|p2a: Cubone|Cubone, L96|291\/291
|move|p1a: Zapdos|Drill Peck|p2a: Cubone
|-crit|p2a: Cubone
|-damage|p2a: Cubone|176\/291
|
|turn|10
|choice|move 1|move 4
|
|move|p1a: Zapdos|Drill Peck|p2a: Cubone
|-damage|p2a: Cubone|113\/291
|move|p2a: Cubone|Blizzard|p1a: Zapdos
|-supereffective|p1a: Zapdos
|-damage|p1a: Zapdos|125\/304
|
|turn|11
|choice|move 3|move 2
|
|move|p1a: Zapdos|Agility|p1a: Zapdos
|-boost|p1a: Zapdos|spe|2
|move|p2a: Cubone|Body Slam|p1a: Zapdos
|-damage|p1a: Zapdos|66\/304
|
|turn|12
|choice|move 4|move 4
|
|move|p1a: Zapdos|Thunderbolt|p2a: Cubone
|-immune|p2a: Cubone|[msg]
|move|p2a: Cubone|Blizzard|p1a: Zapdos
|-crit|p1a: Zapdos
|-supereffective|p1a: Zapdos
|-damage|p1a: Zapdos|0 fnt
|faint|p1a: Zapdos
|choice|switch 6|
|
|switch|p1a: Gengar|Gengar, L79|257\/257
|turn|13
|choice|move 4|move 3
|
|move|p1a: Gengar|Psychic|p2a: Cubone
|-damage|p2a: Cubone|26\/291
|move|p2a: Cubone|Earthquake|p1a: Gengar
|-supereffective|p1a: Gengar
|-damage|p1a: Gengar|12\/257
|
|turn|14
|choice|move 4|move 3
|
|move|p1a: Gengar|Psychic|p2a: Cubone
|-damage|p2a: Cubone|0 fnt
|faint|p2a: Cubone
|choice||switch 6
|
|switch|p2a: Mr. Mime|Mr. Mime, L85|242\/242
|turn|15
|choice|switch 3|move 1
|
|switch|p1a: Machoke|Machoke, L85|310\/310
|move|p2a: Mr. Mime|Thunder Wave|p1a: Machoke
|-status|p1a: Machoke|par
|
|turn|16
|choice|move 4|move 3
|
|move|p2a: Mr. Mime|Psychic|p1a: Machoke
|-supereffective|p1a: Machoke
|-damage|p1a: Machoke|33\/310 par
|move|p1a: Machoke|Body Slam|p2a: Mr. Mime
|-damage|p2a: Mr. Mime|170\/242
|-status|p2a: Mr. Mime|par
|
|turn|17
|choice|move 4|move 3
|
|move|p2a: Mr. Mime|Psychic|p1a: Machoke
|-supereffective|p1a: Machoke
|-damage|p1a: Machoke|0 fnt
|faint|p1a: Machoke
|choice|switch 2|
|
|switch|p1a: Rattata|Rattata, L96|252\/252
|turn|18
|choice|move 3|move 1
|
|move|p1a: Rattata|Blizzard|p2a: Mr. Mime
|-damage|p2a: Mr. Mime|122\/242 par
|move|p2a: Mr. Mime|Thunder Wave|p1a: Rattata
|-status|p1a: Rattata|par
|
|turn|19
|choice|move 4|move 3
|
|move|p2a: Mr. Mime|Psychic|p1a: Rattata
|-damage|p1a: Rattata|95\/252 par
|cant|p1a: Rattata|par
|
|turn|20
|choice|move 2|move 3
|
|move|p2a: Mr. Mime|Psychic|p1a: Rattata
|-damage|p1a: Rattata|0 fnt
|faint|p1a: Rattata
|choice|switch 4|
|
|switch|p1a: Blastoise|Blastoise, L85|308\/308 slp
|turn|21
|choice|move 1|move 2
|
|cant|p1a: Blastoise|slp
|move|p2a: Mr. Mime|Thunderbolt|p1a: Blastoise
|-supereffective|p1a: Blastoise
|-damage|p1a: Blastoise|169\/308 slp
|
|turn|22
|choice|move 3|move 2
|
|cant|p1a: Blastoise|slp
|cant|p2a: Mr. Mime|par
|
|turn|23
|choice|move 2|move 2
|
|cant|p1a: Blastoise|slp
|move|p2a: Mr. Mime|Thunderbolt|p1a: Blastoise
|-supereffective|p1a: Blastoise
|-damage|p1a: Blastoise|23\/308 slp
|
|turn|24
|choice|move 2|move 2
|
|cant|p1a: Blastoise|slp
|move|p2a: Mr. Mime|Thunderbolt|p1a: Blastoise
|-supereffective|p1a: Blastoise
|-damage|p1a: Blastoise|0 fnt
|faint|p1a: Blastoise
|choice|switch 3|
|
|switch|p1a: Gengar|Gengar, L79|12\/257
|turn|25
|choice|move 3|move 3
|
|move|p1a: Gengar|Explosion|p2a: Mr. Mime
|-damage|p2a: Mr. Mime|0 fnt
|faint|p2a: Mr. Mime
|faint|p1a: Gengar
|
|win|Spreck
|raw|derivaldo's rating: 1000 &rarr; <strong>1000<\/strong><br \/>(+0 for losing)
|raw|Spreck's rating: 1132 &rarr; <strong>1148<\/strong><br \/>(+16 for winning)