|j|12lkl
|j|It was all a dream
|player|p1|12lkl|265
|player|p2|It was all a dream|229
|gametype|singles
|gen|1
|tier|[Gen 1] OU
|rated
|seed|12363,23467,12995,15106
|rule|Sleep Clause Mod: Limit one foe put to sleep
|rule|Freeze Clause Mod: Limit one foe frozen
|rule|Species Clause: Limit one of each Pokémon
|rule|OHKO Clause: OHKO moves are banned
|rule|Evasion Moves Clause: Evasion moves are banned
|rule|HP Percentage Mod: HP is shown in percentages
|
|start
|switch|p1a: Jynx|Jynx|333\/333
|switch|p2a: Hottest100|Exeggutor|393\/393
|turn|1
|choice|move 3|switch 6
|
|switch|p2a: Arse|Snorlax|523\/523
|move|p1a: Jynx|Lovely Kiss|p2a: Arse
|-status|p2a: Arse|slp
|
|turn|2
|choice|move 1|switch 2
|
|switch|p2a: Gamer|Starmie|323\/323
|move|p1a: Jynx|Blizzard|p2a: Gamer
|-resisted|p2a: Gamer
|-damage|p2a: Gamer|253\/323
|
|turn|3
|choice|switch 4|move 4
|
|switch|p1a: Chansey|Chansey|703\/703
|move|p2a: Gamer|Thunderbolt|p1a: Chansey
|-crit|p1a: Chansey
|-damage|p1a: Chansey|553\/703
|
|turn|4
|choice|move 2|switch 2
|
|switch|p2a: Arse|Snorlax|523\/523 slp
|move|p1a: Chansey|Thunderbolt|p2a: Arse
|-damage|p2a: Arse|429\/523 slp
|
|turn|5
|choice|switch 3|move 1
|
|switch|p1a: Tauros|Tauros|353\/353
|cant|p2a: Arse|slp
|
|turn|6
|choice|move 1|move 1
|
|move|p1a: Tauros|Body Slam|p2a: Arse
|-damage|p2a: Arse|300\/523 slp
|cant|p2a: Arse|slp
|
|turn|7
|choice|move 1|move 1
|
|move|p1a: Tauros|Body Slam|p2a: Arse
|-damage|p2a: Arse|171\/523 slp
|-curestatus|p2a: Arse|slp
|
|turn|8
|choice|move 2|switch 4
|
|switch|p2a: Atta|Golem|363\/363
|move|p1a: Tauros|Hyper Beam|p2a: Atta
|-resisted|p2a: Atta
|-damage|p2a: Atta|295\/363
|
|turn|9
|-mustrecharge|p1a: Tauros
|-mustrecharge|p1a: Tauros
|choice|move 1|move 4
|
|cant|p1a: Tauros|recharge
|move|p2a: Atta|Substitute|p2a: Atta
|-start|p2a: Atta|Substitute
|-damage|p2a: Atta|205\/363
|
|turn|10
|choice|switch 5|move 2
|
|switch|p1a: Exeggutor|Exeggutor|393\/393
|move|p2a: Atta|Earthquake|p1a: Exeggutor
|-resisted|p1a: Exeggutor
|-damage|p1a: Exeggutor|327\/393
|
|turn|11
|choice|move 4|move 1
|
|move|p1a: Exeggutor|Explosion|p2a: Atta
|-resisted|p2a: Atta
|-end|p2a: Atta|Substitute
|move|p2a: Atta|Body Slam|p1a: Exeggutor
|-damage|p1a: Exeggutor|251\/393
|
|turn|12
|c|★It was all a dream|wait what
|c|★It was all a dream|if you explode a substitute you don't die
|c|★12lkl|learn to play rby ;)
|j|smilzo
|c|★It was all a dream|lol thats cool
|choice|move 2|switch 4
|
|switch|p2a: Arse|Snorlax|171\/523
|move|p1a: Exeggutor|Sleep Powder|p2a: Arse
|-status|p2a: Arse|slp
|
|turn|13
|c|★12lkl|smilzo, if i explod on sub he can continue the attack?
|choice|move 3|switch 6
|
|switch|p2a: Hottest100|Exeggutor|393\/393
|move|p1a: Exeggutor|Stun Spore|p2a: Hottest100
|-status|p2a: Hottest100|par
|
|turn|14
|j|Jiraiiya
|c| smilzo|y i think so
|choice|switch 4|move 3
|
|switch|p1a: Jynx|Jynx|333\/333
|move|p2a: Hottest100|Sleep Powder|p1a: Jynx
|-status|p1a: Jynx|slp
|
|turn|15
|choice|move 1|switch 2
|
|switch|p2a: Gamer|Starmie|253\/323
|-curestatus|p1a: Jynx|slp
|
|turn|16
|c| Jiraiiya|so much exeggutor
|choice|switch 3|move 4
|
|switch|p1a: Chansey|Chansey|553\/703
|move|p2a: Gamer|Thunderbolt|p1a: Chansey
|-damage|p1a: Chansey|480\/703
|
|turn|17
|choice|move 1|switch 2
|
|switch|p2a: Hottest100|Exeggutor|393\/393 par
|move|p1a: Chansey|Ice Beam|p2a: Hottest100
|-supereffective|p2a: Hottest100
|-damage|p2a: Hottest100|267\/393 par
|
|turn|18
|choice|switch 4|move 1
|
|switch|p1a: Exeggutor|Exeggutor|251\/393
|move|p2a: Hottest100|Egg Bomb|p1a: Exeggutor
|-damage|p1a: Exeggutor|163\/393
|
|turn|19
|choice|move 1|move 4
|
|move|p1a: Exeggutor|Psychic|p2a: Hottest100
|-resisted|p2a: Hottest100
|-damage|p2a: Hottest100|215\/393 par
|-unboost|p2a: Hottest100|spd|1
|-unboost|p2a: Hottest100|spa|1
|cant|p2a: Hottest100|par
|
|turn|20
|choice|switch 3|move 4
|
|switch|p1a: Jynx|Jynx|333\/333
|move|p2a: Hottest100|Explosion|p1a: Jynx
|-damage|p1a: Jynx|0 fnt
|faint|p1a: Jynx
|faint|p2a: Hottest100
|choice|switch 2|switch 2
|
|switch|p2a: Gamer|Starmie|253\/323
|switch|p1a: Snorlax|Snorlax|523\/523
|turn|21
|choice|switch 4|move 2
|
|switch|p1a: Chansey|Chansey|480\/703
|move|p2a: Gamer|Psychic|p1a: Chansey
|-crit|p1a: Chansey
|-damage|p1a: Chansey|277\/703
|-unboost|p1a: Chansey|spd|1
|-unboost|p1a: Chansey|spa|1
|
|turn|22
|choice|move 4|move 2
|
|move|p2a: Gamer|Psychic|p1a: Chansey
|-damage|p1a: Chansey|111\/703
|-unboost|p1a: Chansey|spd|1
|-unboost|p1a: Chansey|spa|1
|move|p1a: Chansey|Soft-Boiled|p1a: Chansey
|-heal|p1a: Chansey|462\/703
|
|turn|23
|choice|move 3|move 2
|
|move|p2a: Gamer|Psychic|p1a: Chansey
|-damage|p1a: Chansey|264\/703
|move|p1a: Chansey|Thunder Wave|p2a: Gamer
|-status|p2a: Gamer|par
|
|turn|24
|choice|move 4|move 1
|
|move|p1a: Chansey|Soft-Boiled|p1a: Chansey
|-heal|p1a: Chansey|615\/703
|move|p2a: Gamer|Blizzard|p1a: Chansey
|-damage|p1a: Chansey|422\/703
|
|turn|25
|choice|switch 4|move 3
|
|switch|p1a: Snorlax|Snorlax|523\/523
|move|p2a: Gamer|Recover|p2a: Gamer
|-heal|p2a: Gamer|323\/323 par
|
|turn|26
|choice|move 2|move 2
|
|move|p1a: Snorlax|Reflect|p1a: Snorlax
|-start|p1a: Snorlax|Reflect
|move|p2a: Gamer|Psychic|p1a: Snorlax
|-damage|p1a: Snorlax|389\/523
|-unboost|p1a: Snorlax|spd|1
|-unboost|p1a: Snorlax|spa|1
|
|turn|27
|choice|move 3|move 1
|
|move|p1a: Snorlax|Amnesia|p1a: Snorlax
|-boost|p1a: Snorlax|spd|2
|-boost|p1a: Snorlax|spa|2
|cant|p2a: Gamer|par
|
|turn|28
|choice|move 1|switch 5
|
|switch|p2a: ROYAL RUMBLE|Chansey|703\/703
|move|p1a: Snorlax|Body Slam|p2a: ROYAL RUMBLE
|-damage|p2a: ROYAL RUMBLE|388\/703
|
|turn|29
|choice|switch 4|move 4
|
|switch|p1a: Chansey|Chansey|422\/703
|move|p2a: ROYAL RUMBLE|Thunder Wave|p1a: Chansey
|-status|p1a: Chansey|par
|
|turn|30
|choice|move 1|switch 4
|
|switch|p2a: Atta|Golem|205\/363
|move|p1a: Chansey|Ice Beam|p2a: Atta
|-supereffective|p2a: Atta
|-damage|p2a: Atta|0 fnt
|faint|p2a: Atta
|c|★It was all a dream|ar good one. i thought you might thundr wave.
|c|★12lkl|obv xD
|choice||switch 4
|
|switch|p2a: ROYAL RUMBLE|Chansey|388\/703
|turn|31
|choice|move 4|move 2
|
|move|p2a: ROYAL RUMBLE|Soft-Boiled|p2a: ROYAL RUMBLE
|-heal|p2a: ROYAL RUMBLE|703\/703
|move|p1a: Chansey|Soft-Boiled|p1a: Chansey
|-heal|p1a: Chansey|703\/703 par
|
|turn|32
|choice|move 1|switch 5
|
|switch|p2a: Gamer|Starmie|323\/323 par
|move|p1a: Chansey|Ice Beam|p2a: Gamer
|-resisted|p2a: Gamer
|-damage|p2a: Gamer|283\/323 par
|
|turn|33
|choice|move 2|move 2
|
|move|p2a: Gamer|Psychic|p1a: Chansey
|-damage|p1a: Chansey|593\/703 par
|-unboost|p1a: Chansey|spd|1
|-unboost|p1a: Chansey|spa|1
|move|p1a: Chansey|Thunderbolt|p2a: Gamer
|-supereffective|p2a: Gamer
|-damage|p2a: Gamer|173\/323 par
|
|turn|34
|choice|switch 3|move 3
|
|switch|p1a: Exeggutor|Exeggutor|163\/393
|cant|p2a: Gamer|par
|
|turn|35
|l|Jiraiiya
|choice|move 4|switch 6
|
|switch|p2a: Arse|Snorlax|171\/523 slp
|move|p1a: Exeggutor|Explosion|p2a: Arse
|-damage|p2a: Arse|0 fnt
|faint|p2a: Arse
|faint|p1a: Exeggutor
|choice|switch 4|switch 5
|
|switch|p2a: ROYAL RUMBLE|Chansey|703\/703
|switch|p1a: Snorlax|Snorlax|389\/523
|turn|36
|choice|switch 3|move 4
|
|switch|p1a: Chansey|Chansey|593\/703 par
|move|p2a: ROYAL RUMBLE|Thunder Wave|p1a: Chansey
|-fail|p1a: Chansey|par
|
|turn|37
|choice|move 2|move 3
|
|move|p2a: ROYAL RUMBLE|Ice Beam|p1a: Chansey
|-damage|p1a: Chansey|517\/703 par
|move|p1a: Chansey|Thunderbolt|p2a: ROYAL RUMBLE
|-damage|p2a: ROYAL RUMBLE|623\/703
|
|turn|38
|choice|move 1|move 3
|
|move|p2a: ROYAL RUMBLE|Ice Beam|p1a: Chansey
|-damage|p1a: Chansey|439\/703 par
|move|p1a: Chansey|Ice Beam|p2a: ROYAL RUMBLE
|-damage|p2a: ROYAL RUMBLE|545\/703
|
|turn|39
|choice|move 2|switch 6
|
|switch|p2a: Gamer|Starmie|173\/323 par
|move|p1a: Chansey|Thunderbolt|p2a: Gamer
|-supereffective|p2a: Gamer
|-damage|p2a: Gamer|8\/323 par
|
|turn|40
|choice|move 2|move 3
|
|cant|p2a: Gamer|par
|cant|p1a: Chansey|par
|
|turn|41
|c|★It was all a dream|https:\/\/www.youtube.com\/watch?v=DXGd2XPofeU&feature=youtu.be&list=PLE7595E823D5A19E0
|choice|move 2|move 3
|
|move|p2a: Gamer|Recover|p2a: Gamer
|-heal|p2a: Gamer|169\/323 par
|cant|p1a: Chansey|par
|
|turn|42
|choice|move 2|move 3
|
|cant|p2a: Gamer|par
|cant|p1a: Chansey|par
|
|turn|43
|c|★It was all a dream|ahhh!
|choice|move 2|move 3
|
|cant|p2a: Gamer|par
|cant|p1a: Chansey|par
|
|turn|44
|c|★It was all a dream|AHHHH!
|choice|move 2|move 3
|
|move|p2a: Gamer|Recover|p2a: Gamer
|-heal|p2a: Gamer|323\/323 par
|move|p1a: Chansey|Thunderbolt|p2a: Gamer
|-crit|p2a: Gamer
|-supereffective|p2a: Gamer
|-damage|p2a: Gamer|10\/323 par
|
|turn|45
|choice|move 2|switch 6
|
|switch|p2a: ROYAL RUMBLE|Chansey|545\/703
|move|p1a: Chansey|Thunderbolt|p2a: ROYAL RUMBLE
|-damage|p2a: ROYAL RUMBLE|474\/703
|
|turn|46
|choice|move 4|move 3
|
|move|p2a: ROYAL RUMBLE|Ice Beam|p1a: Chansey
|-damage|p1a: Chansey|365\/703 par
|move|p1a: Chansey|Soft-Boiled|p1a: Chansey
|-heal|p1a: Chansey|703\/703 par
|
|turn|47
|choice|move 1|move 3
|
|move|p2a: ROYAL RUMBLE|Ice Beam|p1a: Chansey
|-damage|p1a: Chansey|633\/703 par
|move|p1a: Chansey|Ice Beam|p2a: ROYAL RUMBLE
|-damage|p2a: ROYAL RUMBLE|403\/703
|
|turn|48
|choice|move 1|move 2
|
|move|p2a: ROYAL RUMBLE|Soft-Boiled|p2a: ROYAL RUMBLE
|-heal|p2a: ROYAL RUMBLE|703\/703
|move|p1a: Chansey|Ice Beam|p2a: ROYAL RUMBLE
|-crit|p2a: ROYAL RUMBLE
|-damage|p2a: ROYAL RUMBLE|553\/703
|
|turn|49
|choice|move 1|move 3
|
|move|p2a: ROYAL RUMBLE|Ice Beam|p1a: Chansey
|-damage|p1a: Chansey|562\/703 par
|move|p1a: Chansey|Ice Beam|p2a: ROYAL RUMBLE
|-damage|p2a: ROYAL RUMBLE|479\/703
|
|turn|50
|choice|move 1|move 3
|
|move|p2a: ROYAL RUMBLE|Ice Beam|p1a: Chansey
|-damage|p1a: Chansey|491\/703 par
|move|p1a: Chansey|Ice Beam|p2a: ROYAL RUMBLE
|-damage|p2a: ROYAL RUMBLE|409\/703
|
|turn|51
|choice|move 1|move 3
|
|move|p2a: ROYAL RUMBLE|Ice Beam|p1a: Chansey
|-damage|p1a: Chansey|411\/703 par
|cant|p1a: Chansey|par
|
|turn|52
|choice|move 1|switch 3
|
|switch|p2a: I'm a detective|Tauros|353\/353
|cant|p1a: Chansey|par
|
|turn|53
|choice|switch 6|move 4
|
|switch|p1a: Golem|Golem|363\/363
|move|p2a: I'm a detective|Hyper Beam|p1a: Golem
|-resisted|p1a: Golem
|-damage|p1a: Golem|284\/363
|
|turn|54
|-mustrecharge|p2a: I'm a detective
|-mustrecharge|p2a: I'm a detective
|choice|move 1|move 1
|
|cant|p2a: I'm a detective|recharge
|move|p1a: Golem|Earthquake|p2a: I'm a detective
|-damage|p2a: I'm a detective|234\/353
|
|turn|55
|choice|switch 3|move 1
|
|switch|p1a: Snorlax|Snorlax|389\/523
|move|p2a: I'm a detective|Blizzard|p1a: Snorlax
|-damage|p1a: Snorlax|286\/523
|
|turn|56
|choice|move 2|move 2
|
|move|p2a: I'm a detective|Body Slam|p1a: Snorlax
|-damage|p1a: Snorlax|157\/523
|move|p1a: Snorlax|Reflect|p1a: Snorlax
|-start|p1a: Snorlax|Reflect
|
|turn|57
|choice|move 4|move 1
|
|move|p2a: I'm a detective|Blizzard|p1a: Snorlax
|-damage|p1a: Snorlax|58\/523
|move|p1a: Snorlax|Rest|p1a: Snorlax
|-status|p1a: Snorlax|slp
|-heal|p1a: Snorlax|523\/523 slp|[silent]
|-status|p1a: Snorlax|slp|[from] move: Rest
|
|turn|58
|c|★It was all a dream|think you wouldv lived hyper beam but i dont know
|choice|move 1|move 1
|
|move|p2a: I'm a detective|Blizzard|p1a: Snorlax
|-damage|p1a: Snorlax|427\/523 slp
|cant|p1a: Snorlax|slp
|
|turn|59
|choice|move 1|move 2
|
|move|p2a: I'm a detective|Body Slam|p1a: Snorlax
|-crit|p1a: Snorlax
|-damage|p1a: Snorlax|158\/523 slp
|-curestatus|p1a: Snorlax|slp
|
|turn|60
|choice|move 4|move 2
|
|move|p2a: I'm a detective|Body Slam|p1a: Snorlax
|-damage|p1a: Snorlax|92\/523
|move|p1a: Snorlax|Rest|p1a: Snorlax
|-status|p1a: Snorlax|slp
|-heal|p1a: Snorlax|523\/523 slp|[silent]
|-status|p1a: Snorlax|slp|[from] move: Rest
|
|turn|61
|choice|move 1|move 2
|
|move|p2a: I'm a detective|Body Slam|p1a: Snorlax
|-damage|p1a: Snorlax|457\/523 slp
|cant|p1a: Snorlax|slp
|
|turn|62
|choice|move 1|move 1
|
|move|p2a: I'm a detective|Blizzard|p1a: Snorlax
|-damage|p1a: Snorlax|359\/523 slp
|-curestatus|p1a: Snorlax|slp
|
|turn|63
|choice|move 1|move 2
|
|move|p2a: I'm a detective|Body Slam|p1a: Snorlax
|-damage|p1a: Snorlax|289\/523
|move|p1a: Snorlax|Body Slam|p2a: I'm a detective
|-damage|p2a: I'm a detective|125\/353
|
|turn|64
|choice|move 1|move 2
|
|move|p2a: I'm a detective|Body Slam|p1a: Snorlax
|-damage|p1a: Snorlax|219\/523
|move|p1a: Snorlax|Body Slam|p2a: I'm a detective
|-damage|p2a: I'm a detective|14\/353
|
|turn|65
|choice|move 4|move 2
|
|move|p2a: I'm a detective|Body Slam|p1a: Snorlax
|-damage|p1a: Snorlax|150\/523
|move|p1a: Snorlax|Rest|p1a: Snorlax
|-status|p1a: Snorlax|slp
|-heal|p1a: Snorlax|523\/523 slp|[silent]
|-status|p1a: Snorlax|slp|[from] move: Rest
|
|turn|66
|c| smilzo|ma no
|choice|move 1|move 1
|
|move|p2a: I'm a detective|Blizzard|p1a: Snorlax
|-damage|p1a: Snorlax|417\/523 slp
|cant|p1a: Snorlax|slp
|
|turn|67
|c|★12lkl|cosa?
|c|★12lkl|dovevo attaccare e lui bemmare?
|choice|move 1|move 2
|
|move|p2a: I'm a detective|Body Slam|p1a: Snorlax
|-crit|p1a: Snorlax
|-damage|p1a: Snorlax|173\/523 slp
|-curestatus|p1a: Snorlax|slp
|
|turn|68
|c| smilzo|tanto se crittava morivi lo stesso
|c| smilzo|cosi allunghi e basta
|c| smilzo|e il tuo tauros vince già
|c|★12lkl|ok attacco
|choice|move 1|move 4
|
|move|p2a: I'm a detective|Hyper Beam|p1a: Snorlax
|-damage|p1a: Snorlax|54\/523
|move|p1a: Snorlax|Body Slam|p2a: I'm a detective
|-damage|p2a: I'm a detective|0 fnt
|faint|p2a: I'm a detective
|choice||switch 3
|
|switch|p2a: ROYAL RUMBLE|Chansey|409\/703
|turn|69
|choice|switch 6|move 3
|
|switch|p1a: Chansey|Chansey|411\/703 par
|move|p2a: ROYAL RUMBLE|Ice Beam|p1a: Chansey
|-damage|p1a: Chansey|331\/703 par
|
|turn|70
|choice|move 1|switch 6
|
|switch|p2a: Gamer|Starmie|10\/323 par
|move|p1a: Chansey|Ice Beam|p2a: Gamer
|-crit|p2a: Gamer
|-resisted|p2a: Gamer
|-damage|p2a: Gamer|0 fnt
|faint|p2a: Gamer
|choice||switch 6
|
|switch|p2a: ROYAL RUMBLE|Chansey|409\/703
|turn|71
|c|★It was all a dream|GG
|c|★12lkl|ok
|-message|It was all a dream forfeited.
|
|win|12lkl
|player|p1
|player|p2
|l|It was all a dream
|raw|12lkl's rating: 1000 &rarr; <strong>1064<\/strong><br \/>(+64 for winning)
|raw|It was all a dream's rating: 1248 &rarr; <strong>1207<\/strong><br \/>(-41 for losing)
|c|★12lkl|dovevo lasciare morire lax
|c| smilzo|si
|c| smilzo|e scoppiare
|c|★12lkl|ma secondo me avrebbe softato bo
|j|It was all a dream