|join|AitorMaster
|join|xLmu
|player|p1|AitorMaster|169
|player|p2|xLmu|258
|gametype|singles
|gen|1
|tier|[Gen 1] Random Battle
|rated
|seed|3515,10824,57015,51267
|rule|Sleep Clause Mod: Limit one foe put to sleep
|rule|Freeze Clause Mod: Limit one foe frozen
|rule|HP Percentage Mod: HP is shown in percentages
|
|start
|switch|p1a: Venonat|Venonat, L96|310\/310
|switch|p2a: Spearow|Spearow, L96|272\/272
|turn|1
|choice|switch 4|move 1
|
|switch|p1a: Chansey|Chansey, L79|557\/557
|move|p2a: Spearow|Drill Peck|p1a: Chansey
|-damage|p1a: Chansey|339\/557
|
|turn|2
|choice|move 3|move 1
|
|move|p2a: Spearow|Drill Peck|p1a: Chansey
|-damage|p1a: Chansey|107\/557
|move|p1a: Chansey|Thunder Wave|p2a: Spearow
|-status|p2a: Spearow|par
|
|turn|3
|choice|move 1|move 1
|
|move|p1a: Chansey|Soft-Boiled|p1a: Chansey
|-heal|p1a: Chansey|385\/557
|cant|p2a: Spearow|par
|
|turn|4
|choice|move 2|switch 5
|
|switch|p2a: Mr. Mime|Mr. Mime, L85|242\/242
|move|p1a: Chansey|Reflect|p1a: Chansey
|-start|p1a: Chansey|Reflect
|
|turn|5
|choice|move 3|move 2
|
|move|p2a: Mr. Mime|Psychic|p1a: Chansey
|-damage|p1a: Chansey|287\/557
|move|p1a: Chansey|Thunder Wave|p2a: Mr. Mime
|-status|p2a: Mr. Mime|par
|
|turn|6
|choice|move 1|move 3
|
|move|p1a: Chansey|Soft-Boiled|p1a: Chansey
|-heal|p1a: Chansey|557\/557
|move|p2a: Mr. Mime|Seismic Toss|p1a: Chansey
|-damage|p1a: Chansey|472\/557
|
|turn|7
|choice|move 4|move 4
|
|move|p1a: Chansey|Thunderbolt|p2a: Mr. Mime
|-damage|p2a: Mr. Mime|190\/242 par
|move|p2a: Mr. Mime|Thunder Wave|p1a: Chansey
|-status|p1a: Chansey|par
|
|turn|8
|choice|move 4|move 1
|
|cant|p2a: Mr. Mime|par
|cant|p1a: Chansey|par
|
|turn|9
|choice|move 4|move 1
|
|cant|p2a: Mr. Mime|par
|move|p1a: Chansey|Thunderbolt|p2a: Mr. Mime
|-damage|p2a: Mr. Mime|129\/242 par
|
|turn|10
|choice|move 4|switch 3
|
|switch|p2a: Rhydon|Rhydon, L79|328\/328
|move|p1a: Chansey|Thunderbolt|p2a: Rhydon
|-immune|p2a: Rhydon|[msg]
|
|turn|11
|choice|switch 4|move 3
|
|switch|p1a: Venonat|Venonat, L96|310\/310
|move|p2a: Rhydon|Earthquake|p1a: Venonat
|-damage|p1a: Venonat|180\/310
|
|turn|12
|choice|move 3|move 1
|
|move|p1a: Venonat|Mega Drain|p2a: Rhydon
|-supereffective|p2a: Rhydon
|-damage|p2a: Rhydon|198\/328
|-heal|p1a: Venonat|245\/310|[from] drain|[of] p2a: Rhydon
|move|p2a: Rhydon|Rock Slide|p1a: Venonat
|-supereffective|p1a: Venonat
|-damage|p1a: Venonat|50\/310
|
|turn|13
|choice|move 3|switch 2
|
|switch|p2a: Vulpix|Vulpix, L96|268\/268
|move|p1a: Venonat|Mega Drain|p2a: Vulpix
|-resisted|p2a: Vulpix
|-damage|p2a: Vulpix|257\/268
|-heal|p1a: Venonat|55\/310|[from] drain|[of] p2a: Vulpix
|
|turn|14
|choice|move 2|move 1
|
|move|p2a: Vulpix|Fire Blast|p1a: Venonat
|-supereffective|p1a: Venonat
|-damage|p1a: Venonat|0 fnt
|faint|p1a: Venonat
|choice|switch 3|
|
|switch|p1a: Seadra|Seadra, L90|282\/282
|turn|15
|choice|move 2|switch 6
|
|switch|p2a: Electabuzz|Electabuzz, L85|284\/284
|move|p1a: Seadra|Hydro Pump|p2a: Electabuzz
|-damage|p2a: Electabuzz|136\/284
|
|turn|16
|choice|switch 5|move 3
|
|switch|p1a: Exeggutor|Exeggutor, L79|312\/312
|move|p2a: Electabuzz|Thunderbolt|p1a: Exeggutor
|-resisted|p1a: Exeggutor
|-damage|p1a: Exeggutor|272\/312
|-status|p1a: Exeggutor|par
|
|turn|17
|choice|move 1|move 4
|
|move|p2a: Electabuzz|Psychic|p1a: Exeggutor
|-crit|p1a: Exeggutor
|-resisted|p1a: Exeggutor
|-damage|p1a: Exeggutor|224\/312 par
|-unboost|p1a: Exeggutor|spd|1
|-unboost|p1a: Exeggutor|spa|1
|move|p1a: Exeggutor|Sleep Powder|p2a: Electabuzz|[miss]
|-miss|p1a: Exeggutor
|
|turn|18
|choice|move 1|move 2
|
|move|p2a: Electabuzz|Seismic Toss|p1a: Exeggutor
|-damage|p1a: Exeggutor|139\/312 par
|move|p1a: Exeggutor|Sleep Powder|p2a: Electabuzz
|-status|p2a: Electabuzz|slp
|
|turn|19
|choice|move 2|switch 6
|
|switch|p2a: Vulpix|Vulpix, L96|257\/268
|move|p1a: Exeggutor|Hyper Beam|p2a: Vulpix
|-crit|p2a: Vulpix
|-damage|p2a: Vulpix|12\/268
|
|turn|20
|-mustrecharge|p1a: Exeggutor
|-mustrecharge|p1a: Exeggutor
|choice|move 1|move 1
|
|move|p2a: Vulpix|Fire Blast|p1a: Exeggutor
|-supereffective|p1a: Exeggutor
|-damage|p1a: Exeggutor|0 fnt
|faint|p1a: Exeggutor
|choice|switch 5|
|
|switch|p1a: Seadra|Seadra, L90|282\/282
|turn|21
|choice|move 2|switch 4
|
|switch|p2a: Tentacruel|Tentacruel, L85|310\/310
|move|p1a: Seadra|Hydro Pump|p2a: Tentacruel
|-resisted|p2a: Tentacruel
|-damage|p2a: Tentacruel|251\/310
|
|turn|22
|choice|move 1|move 4
|
|move|p2a: Tentacruel|Blizzard|p1a: Seadra
|-crit|p1a: Seadra
|-resisted|p1a: Seadra
|-damage|p1a: Seadra|196\/282
|-status|p1a: Seadra|frz
|cant|p1a: Seadra|frz
|
|turn|23
|choice|switch 4|move 2
|
|switch|p1a: Chansey|Chansey, L79|472\/557 par
|move|p2a: Tentacruel|Swords Dance|p2a: Tentacruel
|-boost|p2a: Tentacruel|atk|2
|
|turn|24
|choice|move 3|move 3
|
|move|p2a: Tentacruel|Hydro Pump|p1a: Chansey
|-damage|p1a: Chansey|334\/557 par
|cant|p1a: Chansey|par
|
|turn|25
|choice|move 3|move 1
|
|move|p2a: Tentacruel|Hyper Beam|p1a: Chansey
|-damage|p1a: Chansey|0 fnt
|faint|p1a: Chansey
|choice|switch 6|
|
|switch|p1a: Kadabra|Kadabra, L85|242\/242
|turn|26
|choice|move 3|move 3
|
|move|p1a: Kadabra|Thunder Wave|p2a: Tentacruel
|-status|p2a: Tentacruel|par
|move|p2a: Tentacruel|Hydro Pump|p1a: Kadabra
|-damage|p1a: Kadabra|130\/242
|
|turn|27
|choice|move 4|move 1
|
|move|p1a: Kadabra|Reflect|p1a: Kadabra
|-start|p1a: Kadabra|Reflect
|move|p2a: Tentacruel|Hyper Beam|p1a: Kadabra
|-damage|p1a: Kadabra|0 fnt
|faint|p1a: Kadabra
|choice|switch 2|
|
|switch|p1a: Fearow|Fearow, L90|300\/300
|turn|28
|choice|move 2|switch 2
|
|switch|p2a: Rhydon|Rhydon, L79|198\/328
|move|p1a: Fearow|Drill Peck|p2a: Rhydon
|-resisted|p2a: Rhydon
|-damage|p2a: Rhydon|160\/328
|
|turn|29
|choice|switch 4|move 1
|
|switch|p1a: Seadra|Seadra, L90|196\/282 frz
|move|p2a: Rhydon|Rock Slide|p1a: Seadra
|-damage|p1a: Seadra|114\/282 frz
|
|turn|30
|choice|move 2|move 1
|
|cant|p1a: Seadra|frz
|move|p2a: Rhydon|Rock Slide|p1a: Seadra
|-damage|p1a: Seadra|37\/282 frz
|
|turn|31
|choice|move 2|move 1
|
|cant|p1a: Seadra|frz
|move|p2a: Rhydon|Rock Slide|p1a: Seadra|[miss]
|-miss|p2a: Rhydon
|
|turn|32
|choice|move 2|move 1
|
|cant|p1a: Seadra|frz
|move|p2a: Rhydon|Rock Slide|p1a: Seadra
|-damage|p1a: Seadra|0 fnt
|faint|p1a: Seadra
|choice|switch 4|
|
|switch|p1a: Fearow|Fearow, L90|300\/300
|turn|33
|choice|move 3|move 1
|
|move|p1a: Fearow|Double-Edge|p2a: Rhydon
|-resisted|p2a: Rhydon
|-damage|p2a: Rhydon|110\/328
|-damage|p1a: Fearow|288\/300|[from] recoil|[of] p2a: Rhydon
|move|p2a: Rhydon|Rock Slide|p1a: Fearow
|-supereffective|p1a: Fearow
|-damage|p1a: Fearow|99\/300
|
|turn|34
|choice|move 3|move 1
|
|move|p1a: Fearow|Double-Edge|p2a: Rhydon
|-crit|p2a: Rhydon
|-resisted|p2a: Rhydon
|-damage|p2a: Rhydon|22\/328
|-damage|p1a: Fearow|77\/300|[from] recoil|[of] p2a: Rhydon
|move|p2a: Rhydon|Rock Slide|p1a: Fearow
|-supereffective|p1a: Fearow
|-damage|p1a: Fearow|0 fnt
|faint|p1a: Fearow
|
|win|xLmu
|raw|AitorMaster's rating: 1112 &rarr; <strong>1095<\/strong><br \/>(-17 for losing)
|raw|xLmu's rating: 1231 &rarr; <strong>1248<\/strong><br \/>(+17 for winning)
|leave|AitorMaster
|player|p1