|j|champ_dab
|j|dracaufeuje
|player|p1|champ_dab|163
|player|p2|dracaufeuje|155
|gametype|singles
|gen|1
|tier|[Gen 1] OU
|rated
|seed|60057,59943,34636,11027
|rule|Sleep Clause Mod: Limit one foe put to sleep
|rule|Freeze Clause Mod: Limit one foe frozen
|rule|Species Clause: Limit one of each Pokémon
|rule|OHKO Clause: OHKO moves are banned
|rule|Evasion Moves Clause: Evasion moves are banned
|rule|HP Percentage Mod: HP is shown in percentages
|
|start
|switch|p1a: Alakazam|Alakazam|313\/313
|switch|p2a: Chansey|Chansey|703\/703
|turn|1
|choice|switch 2|move 1
|
|switch|p1a: Chansey|Chansey|703\/703
|move|p2a: Chansey|Toxic|p1a: Chansey
|-status|p1a: Chansey|tox
|
|turn|2
|c|★dracaufeuje|good luck
|choice|switch 6|move 3
|
|switch|p1a: Snorlax|Snorlax|523\/523
|move|p2a: Chansey|Mega Punch|p1a: Snorlax
|-damage|p1a: Snorlax|480\/523
|
|turn|3
|choice|switch 6|move 1
|
|switch|p1a: Chansey|Chansey|703\/703 tox
|-status|p1a: Chansey|psn
|-damage|p1a: Chansey|660\/703 psn|[from] psn
|move|p2a: Chansey|Toxic|p1a: Chansey
|-fail|p1a: Chansey
|
|turn|4
|choice|move 1|move 3
|
|move|p2a: Chansey|Mega Punch|p1a: Chansey
|-damage|p1a: Chansey|571\/703 psn
|move|p1a: Chansey|Ice Beam|p2a: Chansey
|-damage|p2a: Chansey|625\/703
|-damage|p1a: Chansey|528\/703 psn|[from] psn|[of] p2a: Chansey
|
|turn|5
|choice|move 1|move 3
|
|move|p2a: Chansey|Mega Punch|p1a: Chansey
|-damage|p1a: Chansey|434\/703 psn
|move|p1a: Chansey|Ice Beam|p2a: Chansey
|-damage|p2a: Chansey|546\/703
|-damage|p1a: Chansey|391\/703 psn|[from] psn|[of] p2a: Chansey
|
|turn|6
|choice|move 2|move 3
|
|move|p2a: Chansey|Mega Punch|p1a: Chansey
|-damage|p1a: Chansey|297\/703 psn
|move|p1a: Chansey|Soft-Boiled|p1a: Chansey
|-heal|p1a: Chansey|648\/703 psn
|-damage|p1a: Chansey|605\/703 psn|[from] psn
|
|turn|7
|choice|move 1|move 3
|
|move|p1a: Chansey|Ice Beam|p2a: Chansey
|-damage|p2a: Chansey|472\/703
|-damage|p1a: Chansey|562\/703 psn|[from] psn|[of] p2a: Chansey
|move|p2a: Chansey|Mega Punch|p1a: Chansey
|-damage|p1a: Chansey|463\/703 psn
|
|turn|8
|choice|move 2|move 2
|
|move|p2a: Chansey|Soft-Boiled|p2a: Chansey
|-heal|p2a: Chansey|703\/703
|move|p1a: Chansey|Soft-Boiled|p1a: Chansey
|-heal|p1a: Chansey|703\/703 psn
|-damage|p1a: Chansey|660\/703 psn|[from] psn
|
|turn|9
|choice|move 1|move 3
|
|move|p2a: Chansey|Mega Punch|p1a: Chansey
|-damage|p1a: Chansey|561\/703 psn
|move|p1a: Chansey|Ice Beam|p2a: Chansey
|-damage|p2a: Chansey|632\/703
|-damage|p1a: Chansey|518\/703 psn|[from] psn|[of] p2a: Chansey
|
|turn|10
|choice|move 1|move 4
|
|move|p2a: Chansey|Thunderbolt|p1a: Chansey
|-damage|p1a: Chansey|448\/703 psn
|move|p1a: Chansey|Ice Beam|p2a: Chansey
|-damage|p2a: Chansey|555\/703
|-damage|p1a: Chansey|405\/703 psn|[from] psn|[of] p2a: Chansey
|
|turn|11
|choice|move 2|move 4
|
|move|p2a: Chansey|Thunderbolt|p1a: Chansey
|-damage|p1a: Chansey|331\/703 psn
|move|p1a: Chansey|Soft-Boiled|p1a: Chansey
|-heal|p1a: Chansey|682\/703 psn
|-damage|p1a: Chansey|639\/703 psn|[from] psn
|
|turn|12
|choice|move 1|move 4
|
|move|p2a: Chansey|Thunderbolt|p1a: Chansey
|-damage|p1a: Chansey|570\/703 psn
|move|p1a: Chansey|Ice Beam|p2a: Chansey
|-crit|p2a: Chansey
|-damage|p2a: Chansey|403\/703
|-damage|p1a: Chansey|527\/703 psn|[from] psn|[of] p2a: Chansey
|
|turn|13
|choice|move 1|move 2
|
|move|p1a: Chansey|Ice Beam|p2a: Chansey
|-crit|p2a: Chansey
|-damage|p2a: Chansey|267\/703
|-damage|p1a: Chansey|484\/703 psn|[from] psn|[of] p2a: Chansey
|move|p2a: Chansey|Soft-Boiled|p2a: Chansey
|-heal|p2a: Chansey|618\/703
|
|turn|14
|choice|move 1|move 4
|
|move|p2a: Chansey|Thunderbolt|p1a: Chansey
|-damage|p1a: Chansey|405\/703 psn
|move|p1a: Chansey|Ice Beam|p2a: Chansey
|-damage|p2a: Chansey|542\/703
|-damage|p1a: Chansey|362\/703 psn|[from] psn|[of] p2a: Chansey
|
|turn|15
|choice|move 2|move 3
|
|move|p1a: Chansey|Soft-Boiled|p1a: Chansey
|-heal|p1a: Chansey|703\/703 psn
|-damage|p1a: Chansey|660\/703 psn|[from] psn
|move|p2a: Chansey|Mega Punch|p1a: Chansey
|-damage|p1a: Chansey|566\/703 psn
|
|turn|16
|choice|move 1|move 3
|
|move|p1a: Chansey|Ice Beam|p2a: Chansey
|-damage|p2a: Chansey|471\/703
|-damage|p1a: Chansey|523\/703 psn|[from] psn|[of] p2a: Chansey
|move|p2a: Chansey|Mega Punch|p1a: Chansey
|-damage|p1a: Chansey|423\/703 psn
|
|turn|17
|choice|move 1|move 3
|
|move|p2a: Chansey|Mega Punch|p1a: Chansey
|-crit|p1a: Chansey
|-damage|p1a: Chansey|228\/703 psn
|move|p1a: Chansey|Ice Beam|p2a: Chansey
|-damage|p2a: Chansey|401\/703
|-damage|p1a: Chansey|185\/703 psn|[from] psn|[of] p2a: Chansey
|
|turn|18
|choice|move 2|move 3
|
|move|p1a: Chansey|Soft-Boiled|p1a: Chansey
|-heal|p1a: Chansey|536\/703 psn
|-damage|p1a: Chansey|493\/703 psn|[from] psn
|move|p2a: Chansey|Mega Punch|p1a: Chansey
|-damage|p1a: Chansey|397\/703 psn
|
|turn|19
|choice|move 2|move 3
|
|move|p1a: Chansey|Soft-Boiled|p1a: Chansey
|-heal|p1a: Chansey|703\/703 psn
|-damage|p1a: Chansey|660\/703 psn|[from] psn
|move|p2a: Chansey|Mega Punch|p1a: Chansey
|-damage|p1a: Chansey|572\/703 psn
|
|turn|20
|choice|move 1|move 3
|
|move|p2a: Chansey|Mega Punch|p1a: Chansey
|-damage|p1a: Chansey|476\/703 psn
|move|p1a: Chansey|Ice Beam|p2a: Chansey
|-damage|p2a: Chansey|321\/703
|-damage|p1a: Chansey|433\/703 psn|[from] psn|[of] p2a: Chansey
|
|turn|21
|choice|move 1|move 2
|
|move|p2a: Chansey|Soft-Boiled|p2a: Chansey
|-heal|p2a: Chansey|672\/703
|move|p1a: Chansey|Ice Beam|p2a: Chansey
|-damage|p2a: Chansey|596\/703
|-damage|p1a: Chansey|390\/703 psn|[from] psn|[of] p2a: Chansey
|
|turn|22
|choice|move 2|move 3
|
|move|p2a: Chansey|Mega Punch|p1a: Chansey|[miss]
|-miss|p2a: Chansey
|move|p1a: Chansey|Soft-Boiled|p1a: Chansey
|-heal|p1a: Chansey|703\/703 psn
|-damage|p1a: Chansey|660\/703 psn|[from] psn
|
|turn|23
|choice|move 1|move 3
|
|move|p1a: Chansey|Ice Beam|p2a: Chansey
|-damage|p2a: Chansey|526\/703
|-damage|p1a: Chansey|617\/703 psn|[from] psn|[of] p2a: Chansey
|move|p2a: Chansey|Mega Punch|p1a: Chansey|[miss]
|-miss|p2a: Chansey
|
|turn|24
|choice|move 1|move 3
|
|move|p2a: Chansey|Mega Punch|p1a: Chansey
|-damage|p1a: Chansey|522\/703 psn
|move|p1a: Chansey|Ice Beam|p2a: Chansey
|-damage|p2a: Chansey|450\/703
|-damage|p1a: Chansey|479\/703 psn|[from] psn|[of] p2a: Chansey
|
|turn|25
|choice|move 1|move 3
|
|move|p2a: Chansey|Mega Punch|p1a: Chansey
|-damage|p1a: Chansey|377\/703 psn
|move|p1a: Chansey|Ice Beam|p2a: Chansey
|-damage|p2a: Chansey|381\/703
|-damage|p1a: Chansey|334\/703 psn|[from] psn|[of] p2a: Chansey
|
|turn|26
|choice|move 1|move 3
|
|move|p1a: Chansey|Ice Beam|p2a: Chansey
|-damage|p2a: Chansey|311\/703
|-damage|p1a: Chansey|291\/703 psn|[from] psn|[of] p2a: Chansey
|move|p2a: Chansey|Mega Punch|p1a: Chansey
|-damage|p1a: Chansey|204\/703 psn
|
|turn|27
|choice|move 2|move 2
|
|move|p2a: Chansey|Soft-Boiled|p2a: Chansey
|-heal|p2a: Chansey|662\/703
|move|p1a: Chansey|Soft-Boiled|p1a: Chansey
|-heal|p1a: Chansey|555\/703 psn
|-damage|p1a: Chansey|512\/703 psn|[from] psn
|
|turn|28
|choice|move 3|move 3
|
|move|p1a: Chansey|Thunder Wave|p2a: Chansey
|-status|p2a: Chansey|par
|-damage|p1a: Chansey|469\/703 psn|[from] psn|[of] p2a: Chansey
|move|p2a: Chansey|Mega Punch|p1a: Chansey
|-damage|p1a: Chansey|377\/703 psn
|
|turn|29
|choice|switch 6|move 3
|
|switch|p1a: Snorlax|Snorlax|480\/523
|cant|p2a: Chansey|par
|
|turn|30
|choice|move 1|move 1
|
|move|p1a: Snorlax|Body Slam|p2a: Chansey
|-damage|p2a: Chansey|376\/703 par
|move|p2a: Chansey|Toxic|p1a: Snorlax
|-status|p1a: Snorlax|tox
|
|turn|31
|choice|switch 6|move 2
|
|switch|p1a: Chansey|Chansey|377\/703 psn
|-damage|p1a: Chansey|334\/703 psn|[from] psn
|move|p2a: Chansey|Soft-Boiled|p2a: Chansey
|-heal|p2a: Chansey|703\/703 par
|
|turn|32
|choice|move 2|move 3
|
|move|p1a: Chansey|Soft-Boiled|p1a: Chansey
|-heal|p1a: Chansey|685\/703 psn
|-damage|p1a: Chansey|642\/703 psn|[from] psn
|move|p2a: Chansey|Mega Punch|p1a: Chansey
|-damage|p1a: Chansey|554\/703 psn
|
|turn|33
|choice|switch 6|move 3
|
|switch|p1a: Snorlax|Snorlax|480\/523 tox
|-status|p1a: Snorlax|psn
|-damage|p1a: Snorlax|448\/523 psn|[from] psn
|move|p2a: Chansey|Mega Punch|p1a: Snorlax|[miss]
|-miss|p2a: Chansey
|
|turn|34
|choice|move 1|move 3
|
|move|p1a: Snorlax|Body Slam|p2a: Chansey
|-damage|p2a: Chansey|422\/703 par
|-damage|p1a: Snorlax|416\/523 psn|[from] psn|[of] p2a: Chansey
|move|p2a: Chansey|Mega Punch|p1a: Snorlax
|-damage|p1a: Snorlax|368\/523 psn
|
|turn|35
|choice|move 1|move 3
|
|move|p1a: Snorlax|Body Slam|p2a: Chansey
|-damage|p2a: Chansey|137\/703 par
|-damage|p1a: Snorlax|336\/523 psn|[from] psn|[of] p2a: Chansey
|move|p2a: Chansey|Mega Punch|p1a: Snorlax
|-crit|p1a: Snorlax
|-damage|p1a: Snorlax|253\/523 psn
|
|turn|36
|choice|move 1|move 2
|
|move|p1a: Snorlax|Body Slam|p2a: Chansey
|-damage|p2a: Chansey|0 fnt
|faint|p2a: Chansey
|choice||switch 2
|
|switch|p2a: Alakazam|Alakazam|313\/313
|turn|37
|choice|move 1|move 1
|
|move|p2a: Alakazam|Psychic|p1a: Snorlax
|-damage|p1a: Snorlax|85\/523 psn
|move|p1a: Snorlax|Body Slam|p2a: Alakazam
|-damage|p2a: Alakazam|156\/313
|-damage|p1a: Snorlax|53\/523 psn|[from] psn|[of] p2a: Alakazam
|
|turn|38
|choice|move 1|move 1
|
|move|p2a: Alakazam|Psychic|p1a: Snorlax
|-damage|p1a: Snorlax|0 fnt
|faint|p1a: Snorlax
|choice|switch 4|
|
|switch|p1a: Golem|Golem|363\/363
|turn|39
|choice|move 2|move 3
|
|move|p2a: Alakazam|Reflect|p2a: Alakazam
|-start|p2a: Alakazam|Reflect
|move|p1a: Golem|Earthquake|p2a: Alakazam
|-damage|p2a: Alakazam|49\/313
|
|turn|40
|choice|switch 3|move 2
|
|switch|p1a: Exeggutor|Exeggutor|393\/393
|move|p2a: Alakazam|Recover|p2a: Alakazam
|-heal|p2a: Alakazam|205\/313
|
|turn|41
|choice|move 3|move 4
|
|move|p2a: Alakazam|Thunder Wave|p1a: Exeggutor
|-status|p1a: Exeggutor|par
|cant|p1a: Exeggutor|par
|
|turn|42
|choice|move 3|move 2
|
|move|p2a: Alakazam|Recover|p2a: Alakazam
|-heal|p2a: Alakazam|313\/313
|move|p1a: Exeggutor|Sleep Powder|p2a: Alakazam
|-status|p2a: Alakazam|slp
|
|turn|43
|choice|move 2|switch 4
|
|switch|p2a: Dragonite|Dragonite|385\/385
|move|p1a: Exeggutor|Psychic|p2a: Dragonite
|-damage|p2a: Dragonite|264\/385
|
|turn|44
|choice|move 1|move 1
|
|move|p2a: Dragonite|Blizzard|p1a: Exeggutor
|-supereffective|p1a: Exeggutor
|-damage|p1a: Exeggutor|235\/393 par
|cant|p1a: Exeggutor|par
|
|turn|45
|choice|move 1|move 1
|
|move|p2a: Dragonite|Blizzard|p1a: Exeggutor
|-supereffective|p1a: Exeggutor
|-damage|p1a: Exeggutor|74\/393 par
|cant|p1a: Exeggutor|par
|
|turn|46
|choice|move 1|move 1
|
|move|p2a: Dragonite|Blizzard|p1a: Exeggutor
|-supereffective|p1a: Exeggutor
|-damage|p1a: Exeggutor|0 fnt
|faint|p1a: Exeggutor
|choice|switch 5|
|
|switch|p1a: Tauros|Tauros|353\/353
|turn|47
|choice|move 1|move 4
|
|move|p1a: Tauros|Blizzard|p2a: Dragonite
|-supereffective|p2a: Dragonite
|-damage|p2a: Dragonite|0 fnt
|faint|p2a: Dragonite
|choice||switch 6
|
|switch|p2a: Tauros|Tauros|353\/353
|turn|48
|c|★dracaufeuje|Fast mean
|choice|move 2|move 1
|
|move|p2a: Tauros|Hyper Beam|p1a: Tauros
|-damage|p1a: Tauros|184\/353
|move|p1a: Tauros|Body Slam|p2a: Tauros
|-damage|p2a: Tauros|246\/353
|
|turn|49
|-mustrecharge|p2a: Tauros
|-mustrecharge|p2a: Tauros
|-mustrecharge|p2a: Tauros
|choice|switch 2|move 1
|
|switch|p1a: Alakazam|Alakazam|313\/313
|cant|p2a: Tauros|recharge
|
|turn|50
|choice|move 1|move 4
|
|move|p1a: Alakazam|Reflect|p1a: Alakazam
|-start|p1a: Alakazam|Reflect
|move|p2a: Tauros|Body Slam|p1a: Alakazam
|-damage|p1a: Alakazam|229\/313
|-status|p1a: Alakazam|par
|
|turn|51
|choice|move 4|move 2
|
|move|p2a: Tauros|Earthquake|p1a: Alakazam
|-damage|p1a: Alakazam|172\/313 par
|cant|p1a: Alakazam|par
|
|turn|52
|choice|move 4|move 1
|
|move|p2a: Tauros|Hyper Beam|p1a: Alakazam
|-damage|p1a: Alakazam|24\/313 par
|move|p1a: Alakazam|Thunder Wave|p2a: Tauros
|-status|p2a: Tauros|par
|
|turn|53
|-mustrecharge|p2a: Tauros
|-mustrecharge|p2a: Tauros
|choice|move 2|move 1
|
|cant|p1a: Alakazam|par
|cant|p2a: Tauros|recharge
|
|turn|54
|choice|move 2|move 4
|
|move|p1a: Alakazam|Recover|p1a: Alakazam
|-heal|p1a: Alakazam|180\/313 par
|move|p2a: Tauros|Body Slam|p1a: Alakazam
|-damage|p1a: Alakazam|106\/313 par
|
|turn|55
|choice|move 2|move 4
|
|move|p1a: Alakazam|Recover|p1a: Alakazam
|-heal|p1a: Alakazam|262\/313 par
|move|p2a: Tauros|Body Slam|p1a: Alakazam
|-crit|p1a: Alakazam
|-damage|p1a: Alakazam|0 fnt
|faint|p1a: Alakazam
|choice|switch 2|
|
|switch|p1a: Tauros|Tauros|184\/353
|turn|56
|choice|move 2|move 1
|
|move|p1a: Tauros|Body Slam|p2a: Tauros
|-damage|p2a: Tauros|151\/353 par
|move|p2a: Tauros|Hyper Beam|p1a: Tauros
|-damage|p1a: Tauros|0 fnt
|faint|p1a: Tauros
|c|★champ_dab|you made sooo many misplays and i still lose because your the luckies person in the world when it comes to crits and para hax, not to mention statisticaly that chance should have been frozen after the tenth ice beam. you got lucky
|-message|champ_dab forfeited.
|
|win|dracaufeuje
|l|champ_dab
|player|p1
|raw|champ_dab's rating: 1127 &rarr; <strong>1093<\/strong><br \/>(-34 for losing)
|raw|dracaufeuje's rating: 1000 &rarr; <strong>1054<\/strong><br \/>(+54 for winning)