|j|xiaze1991
|j|Dervodel2
|player|p1|xiaze1991|156
|player|p2|Dervodel2|238
|gametype|singles
|gen|1
|tier|[Gen 1] Random Battle
|rated
|seed|
|rule|Sleep Clause Mod: Limit one foe put to sleep
|rule|Freeze Clause Mod: Limit one foe frozen
|rule|HP Percentage Mod: HP is shown in percentages
|
|start
|switch|p1a: Beedrill|Beedrill, L90|100\/100
|switch|p2a: Paras|Paras, L96|100\/100
|turn|1
|c|★Dervodel2|ah cmon play
|choice||
|
|move|p1a: Beedrill|Swords Dance|p1a: Beedrill
|-boost|p1a: Beedrill|atk|2
|move|p2a: Paras|Spore|p1a: Beedrill
|-status|p1a: Beedrill|slp
|
|turn|2
|c|★Dervodel2|:)
|choice||
|
|switch|p2a: Cloyster|Cloyster, L83|100\/100
|cant|p1a: Beedrill|slp
|
|turn|3
|choice||
|
|cant|p1a: Beedrill|slp
|move|p2a: Cloyster|Blizzard|p1a: Beedrill|[miss]
|-miss|p2a: Cloyster
|
|turn|4
|choice||
|
|switch|p1a: Slowbro|Slowbro, L79|100\/100
|move|p2a: Cloyster|Blizzard|p1a: Slowbro
|-resisted|p1a: Slowbro
|-damage|p1a: Slowbro|80\/100
|
|turn|5
|choice||
|
|switch|p2a: Zapdos|Zapdos, L79|100\/100
|move|p1a: Slowbro|Thunder Wave|p2a: Zapdos
|-status|p2a: Zapdos|par
|
|turn|6
|choice||
|
|switch|p1a: Jolteon|Jolteon, L79|100\/100
|move|p2a: Zapdos|Thunderbolt|p1a: Jolteon
|-resisted|p1a: Jolteon
|-damage|p1a: Jolteon|82\/100
|
|turn|7
|choice||
|
|move|p1a: Jolteon|Thunderbolt|p2a: Zapdos
|-damage|p2a: Zapdos|73\/100 par
|cant|p2a: Zapdos|par
|
|turn|8
|choice||
|
|switch|p1a: Clefable|Clefable, L85|100\/100
|move|p2a: Zapdos|Thunder Wave|p1a: Clefable
|-status|p1a: Clefable|par
|
|turn|9
|choice||
|
|cant|p2a: Zapdos|par
|move|p1a: Clefable|Blizzard|p2a: Zapdos
|-supereffective|p2a: Zapdos
|-damage|p2a: Zapdos|26\/100 par
|
|turn|10
|choice||
|
|switch|p2a: Cloyster|Cloyster, L83|100\/100
|move|p1a: Clefable|Blizzard|p2a: Cloyster
|-resisted|p2a: Cloyster
|-damage|p2a: Cloyster|93\/100
|
|turn|11
|choice||
|
|switch|p2a: Zapdos|Zapdos, L79|26\/100 par
|move|p1a: Clefable|Thunderbolt|p2a: Zapdos
|-damage|p2a: Zapdos|8\/100 par
|
|turn|12
|choice||
|
|move|p2a: Zapdos|Drill Peck|p1a: Clefable
|-damage|p1a: Clefable|79\/100 par
|move|p1a: Clefable|Thunderbolt|p2a: Zapdos
|-damage|p2a: Zapdos|0 fnt
|faint|p2a: Zapdos
|choice||
|
|switch|p2a: Mew|Mew, L74|100\/100
|turn|13
|choice||
|
|move|p2a: Mew|Horn Drill|p1a: Clefable|[miss]
|-miss|p2a: Mew
|move|p1a: Clefable|Sing|p2a: Mew|[miss]
|-miss|p1a: Clefable
|
|turn|14
|choice||
|
|switch|p2a: Magikarp|Magikarp, L99|100\/100
|move|p1a: Clefable|Sing|p2a: Magikarp
|-status|p2a: Magikarp|slp
|
|turn|15
|choice||
|
|switch|p2a: Mewtwo|Mewtwo, L68|100\/100
|move|p1a: Clefable|Thunderbolt|p2a: Mewtwo
|-damage|p2a: Mewtwo|83\/100
|
|turn|16
|choice||
|
|move|p2a: Mewtwo|Amnesia|p2a: Mewtwo
|-boost|p2a: Mewtwo|spd|2
|-boost|p2a: Mewtwo|spa|2
|move|p1a: Clefable|Thunderbolt|p2a: Mewtwo
|-damage|p2a: Mewtwo|73\/100
|
|turn|17
|choice||
|
|move|p2a: Mewtwo|Amnesia|p2a: Mewtwo
|-boost|p2a: Mewtwo|spd|2
|-boost|p2a: Mewtwo|spa|2
|move|p1a: Clefable|Sing|p2a: Mewtwo|[miss]
|-miss|p1a: Clefable
|
|turn|18
|choice||
|
|move|p2a: Mewtwo|Amnesia|p2a: Mewtwo
|-boost|p2a: Mewtwo|spd|2
|-boost|p2a: Mewtwo|spa|2
|move|p1a: Clefable|Hyper Beam|p2a: Mewtwo
|-damage|p2a: Mewtwo|17\/100
|
|turn|19
|-mustrecharge|p1a: Clefable
|-mustrecharge|p1a: Clefable
|choice||
|
|move|p2a: Mewtwo|Recover|p2a: Mewtwo
|-heal|p2a: Mewtwo|67\/100
|cant|p1a: Clefable|recharge
|
|turn|20
|choice||
|
|move|p2a: Mewtwo|Psychic|p1a: Clefable
|-damage|p1a: Clefable|0 fnt
|faint|p1a: Clefable
|choice||
|
|switch|p1a: Jolteon|Jolteon, L79|82\/100
|turn|21
|choice||
|
|move|p1a: Jolteon|Thunder Wave|p2a: Mewtwo
|-status|p2a: Mewtwo|par
|move|p2a: Mewtwo|Psychic|p1a: Jolteon
|-crit|p1a: Jolteon
|-damage|p1a: Jolteon|20\/100
|
|turn|22
|j|craigory
|choice||
|
|move|p1a: Jolteon|Sand Attack|p2a: Mewtwo
|-unboost|p2a: Mewtwo|accuracy|1
|cant|p2a: Mewtwo|par
|
|turn|23
|choice||
|
|move|p1a: Jolteon|Sand Attack|p2a: Mewtwo
|-unboost|p2a: Mewtwo|accuracy|1
|move|p2a: Mewtwo|Recover|p2a: Mewtwo
|-heal|p2a: Mewtwo|100\/100 par
|
|turn|24
|choice||
|
|move|p1a: Jolteon|Thunderbolt|p2a: Mewtwo
|-damage|p2a: Mewtwo|92\/100 par
|move|p2a: Mewtwo|Psychic|p1a: Jolteon
|-crit|p1a: Jolteon
|-damage|p1a: Jolteon|0 fnt
|faint|p1a: Jolteon
|choice||
|
|switch|p1a: Tangela|Tangela, L85|100\/100
|turn|25
|choice||
|
|move|p1a: Tangela|Swords Dance|p1a: Tangela
|-boost|p1a: Tangela|atk|2
|move|p2a: Mewtwo|Psychic|p1a: Tangela|[miss]
|-miss|p2a: Mewtwo
|
|turn|26
|choice||
|
|move|p1a: Tangela|Swords Dance|p1a: Tangela
|-boost|p1a: Tangela|atk|2
|move|p2a: Mewtwo|Psychic|p1a: Tangela
|-damage|p1a: Tangela|2\/100
|
|turn|27
|choice||
|
|switch|p2a: Cloyster|Cloyster, L83|93\/100
|move|p1a: Tangela|Hyper Beam|p2a: Cloyster
|-damage|p2a: Cloyster|33\/100
|
|turn|28
|-mustrecharge|p1a: Tangela
|-mustrecharge|p1a: Tangela
|choice||
|
|move|p2a: Cloyster|Surf|p1a: Tangela
|-resisted|p1a: Tangela
|-damage|p1a: Tangela|0 fnt
|faint|p1a: Tangela
|choice||
|
|switch|p1a: Beedrill|Beedrill, L90|100\/100 slp
|turn|29
|choice||
|
|-curestatus|p1a: Beedrill|slp
|move|p2a: Cloyster|Blizzard|p1a: Beedrill
|-damage|p1a: Beedrill|50\/100
|
|turn|30
|choice||
|
|switch|p1a: Slowbro|Slowbro, L79|80\/100
|move|p2a: Cloyster|Blizzard|p1a: Slowbro|[miss]
|-miss|p2a: Cloyster
|
|turn|31
|choice||
|
|switch|p2a: Paras|Paras, L96|100\/100
|move|p1a: Slowbro|Amnesia|p1a: Slowbro
|-boost|p1a: Slowbro|spd|2
|-boost|p1a: Slowbro|spa|2
|
|turn|32
|choice||
|
|move|p2a: Paras|Spore|p1a: Slowbro
|-status|p1a: Slowbro|slp
|cant|p1a: Slowbro|slp
|
|turn|33
|choice||
|
|switch|p1a: Golbat|Golbat, L90|100\/100
|move|p2a: Paras|Swords Dance|p2a: Paras
|-boost|p2a: Paras|atk|2
|
|turn|34
|choice||
|
|move|p1a: Golbat|Confuse Ray|p2a: Paras
|-start|p2a: Paras|confusion
|-activate|p2a: Paras|confusion
|-damage|p2a: Paras|72\/100|[from] confusion
|
|turn|35
|choice||
|
|switch|p2a: Mew|Mew, L74|100\/100
|move|p1a: Golbat|Double-Edge|p2a: Mew
|-damage|p2a: Mew|76\/100
|-damage|p1a: Golbat|95\/100|[from] recoil|[of] p2a: Mew
|
|turn|36
|choice||
|
|move|p1a: Golbat|Confuse Ray|p2a: Mew
|-start|p2a: Mew|confusion
|-activate|p2a: Mew|confusion
|-damage|p2a: Mew|67\/100|[from] confusion
|
|turn|37
|choice||
|
|move|p1a: Golbat|Double-Edge|p2a: Mew
|-damage|p2a: Mew|42\/100
|-damage|p1a: Golbat|89\/100|[from] recoil|[of] p2a: Mew
|-activate|p2a: Mew|confusion
|move|p2a: Mew|Thunder Wave|p1a: Golbat
|-status|p1a: Golbat|par
|
|turn|38
|choice||
|
|switch|p2a: Cloyster|Cloyster, L83|33\/100
|move|p1a: Golbat|Double-Edge|p2a: Cloyster
|-damage|p2a: Cloyster|15\/100
|-damage|p1a: Golbat|86\/100 par|[from] recoil|[of] p2a: Cloyster
|
|turn|39
|choice||
|
|switch|p1a: Slowbro|Slowbro, L79|80\/100 slp
|move|p2a: Cloyster|Blizzard|p1a: Slowbro|[miss]
|-miss|p2a: Cloyster
|
|turn|40
|choice||
|
|move|p2a: Cloyster|Hyper Beam|p1a: Slowbro
|-crit|p1a: Slowbro
|-damage|p1a: Slowbro|20\/100 slp
|cant|p1a: Slowbro|slp
|
|turn|41
|-mustrecharge|p2a: Cloyster
|-mustrecharge|p2a: Cloyster
|choice||
|
|switch|p1a: Beedrill|Beedrill, L90|50\/100
|cant|p2a: Cloyster|recharge
|
|turn|42
|choice||
|
|move|p1a: Beedrill|Twineedle|p2a: Cloyster
|-damage|p2a: Cloyster|8\/100
|-damage|p2a: Cloyster|2\/100
|-hitcount|p2a: Cloyster|2
|move|p2a: Cloyster|Blizzard|p1a: Beedrill
|-damage|p1a: Beedrill|0 fnt
|faint|p1a: Beedrill
|c|★Dervodel2|gg
|choice||
|
|switch|p1a: Slowbro|Slowbro, L79|20\/100 slp
|turn|43
|choice||
|
|move|p2a: Cloyster|Hyper Beam|p1a: Slowbro
|-damage|p1a: Slowbro|0 fnt
|faint|p1a: Slowbro
|-message|xiaze1991 forfeited.
|
|win|Dervodel2
|player|p1
|player|p2
|l|xiaze1991
|raw|xiaze1991's rating: 1163 &rarr; <strong>1148<\/strong><br \/>(-15 for losing)
|raw|Dervodel2's rating: 1316 &rarr; <strong>1327<\/strong><br \/>(+11 for winning)