|j|Temza1803
|j|Elegyy
|player|p1|Temza1803|10
|player|p2|Elegyy|172
|gametype|singles
|gen|1
|tier|[Gen 1] OU
|rated
|seed|
|rule|Sleep Clause Mod: Limit one foe put to sleep
|rule|Freeze Clause Mod: Limit one foe frozen
|rule|Species Clause: Limit one of each Pokémon
|rule|OHKO Clause: OHKO moves are banned
|rule|Evasion Moves Clause: Evasion moves are banned
|rule|HP Percentage Mod: HP is shown in percentages
|
|start
|switch|p1a: Jynx|Jynx|100\/100
|switch|p2a: Gengar|Gengar|100\/100
|turn|1
|choice||
|
|move|p2a: Gengar|Hypnosis|p1a: Jynx
|-status|p1a: Jynx|slp
|cant|p1a: Jynx|slp
|
|turn|2
|choice||
|
|switch|p1a: Exeggutor|Exeggutor|100\/100
|move|p2a: Gengar|Thunderbolt|p1a: Exeggutor
|-crit|p1a: Exeggutor
|-resisted|p1a: Exeggutor
|-damage|p1a: Exeggutor|80\/100
|
|turn|3
|choice||
|
|move|p2a: Gengar|Explosion|p1a: Exeggutor
|-damage|p1a: Exeggutor|18\/100
|faint|p2a: Gengar
|c|★Elegyy|wait what
|c|★Elegyy|omf i hate gen 1 mechanics
|j|Molecular_Menace
|choice||
|
|switch|p2a: Articuno|Articuno|100\/100
|turn|4
|c|★Elegyy|o
|l|Molecular_Menace
|c|★Elegyy|still hate em
|c|★Temza1803|why ?
|choice||
|
|switch|p1a: Chansey|Chansey|100\/100
|move|p2a: Articuno|Ice Beam|p1a: Chansey
|-crit|p1a: Chansey
|-damage|p1a: Chansey|67\/100
|
|turn|5
|c|★Elegyy|i thought you were able to attack lol
|choice||
|
|switch|p2a: Rhydon|Rhydon|100\/100
|move|p1a: Chansey|Thunderbolt|p2a: Rhydon
|-immune|p2a: Rhydon|[msg]
|
|turn|6
|choice||
|
|move|p1a: Chansey|Ice Beam|p2a: Rhydon
|-supereffective|p2a: Rhydon
|-damage|p2a: Rhydon|46\/100
|move|p2a: Rhydon|Earthquake|p1a: Chansey
|-damage|p1a: Chansey|8\/100
|
|turn|7
|choice||
|
|move|p1a: Chansey|Soft-Boiled|p1a: Chansey
|-heal|p1a: Chansey|58\/100
|move|p2a: Rhydon|Earthquake|p1a: Chansey
|-damage|p1a: Chansey|7\/100
|
|turn|8
|choice||
|
|move|p1a: Chansey|Ice Beam|p2a: Rhydon
|-supereffective|p2a: Rhydon
|-damage|p2a: Rhydon|0 fnt
|faint|p2a: Rhydon
|choice||
|
|switch|p2a: Articuno|Articuno|100\/100
|turn|9
|choice||
|
|switch|p1a: Snorlax|Snorlax|100\/100
|move|p2a: Articuno|Ice Beam|p1a: Snorlax
|-damage|p1a: Snorlax|68\/100
|
|turn|10
|choice||
|
|switch|p2a: Slowbro|Slowbro|100\/100
|move|p1a: Snorlax|Body Slam|p2a: Slowbro
|-damage|p2a: Slowbro|75\/100
|
|turn|11
|choice||
|
|switch|p1a: Exeggutor|Exeggutor|18\/100
|move|p2a: Slowbro|Surf|p1a: Exeggutor
|-resisted|p1a: Exeggutor
|-damage|p1a: Exeggutor|7\/100
|
|turn|12
|choice||
|
|move|p1a: Exeggutor|Sleep Powder|p2a: Slowbro
|-status|p2a: Slowbro|slp
|cant|p2a: Slowbro|slp
|
|turn|13
|choice||
|
|switch|p1a: Zapdos|Zapdos|100\/100
|switch|p2a: Chansey|Chansey|100\/100
|
|turn|14
|choice||
|
|switch|p1a: Snorlax|Snorlax|68\/100
|move|p2a: Chansey|Substitute|p2a: Chansey
|-start|p2a: Chansey|Substitute
|-damage|p2a: Chansey|76\/100
|
|turn|15
|choice||
|
|move|p2a: Chansey|Ice Beam|p1a: Snorlax
|-damage|p1a: Snorlax|47\/100
|move|p1a: Snorlax|Body Slam|p2a: Chansey
|-end|p2a: Chansey|Substitute
|
|turn|16
|choice||
|
|switch|p2a: Tauros|Tauros|100\/100
|move|p1a: Snorlax|Body Slam|p2a: Tauros
|-damage|p2a: Tauros|71\/100
|
|turn|17
|choice||
|
|move|p2a: Tauros|Hyper Beam|p1a: Snorlax
|-crit|p1a: Snorlax
|-damage|p1a: Snorlax|0 fnt
|faint|p1a: Snorlax
|choice||
|
|switch|p1a: Zapdos|Zapdos|100\/100
|turn|18
|choice||
|
|switch|p2a: Chansey|Chansey|76\/100
|move|p1a: Zapdos|Thunderbolt|p2a: Chansey
|-damage|p2a: Chansey|59\/100
|
|turn|19
|choice||
|
|move|p1a: Zapdos|Thunder Wave|p2a: Chansey
|-status|p2a: Chansey|par
|move|p2a: Chansey|Ice Beam|p1a: Zapdos
|-supereffective|p1a: Zapdos
|-damage|p1a: Zapdos|68\/100
|
|turn|20
|choice||
|
|move|p1a: Zapdos|Drill Peck|p2a: Chansey
|-crit|p2a: Chansey
|-damage|p2a: Chansey|0 fnt
|faint|p2a: Chansey
|choice||
|
|switch|p2a: Tauros|Tauros|71\/100
|turn|21
|choice||
|
|move|p2a: Tauros|Hyper Beam|p1a: Zapdos
|-damage|p1a: Zapdos|19\/100
|move|p1a: Zapdos|Thunderbolt|p2a: Tauros
|-crit|p2a: Tauros
|-damage|p2a: Tauros|0 fnt
|faint|p2a: Tauros
|choice||
|
|switch|p2a: Articuno|Articuno|100\/100
|turn|22
|choice||
|
|move|p1a: Zapdos|Thunder Wave|p2a: Articuno
|-status|p2a: Articuno|par
|move|p2a: Articuno|Agility|p2a: Articuno
|-boost|p2a: Articuno|spe|2
|
|turn|23
|choice||
|
|move|p2a: Articuno|Ice Beam|p1a: Zapdos
|-supereffective|p1a: Zapdos
|-damage|p1a: Zapdos|0 fnt
|faint|p1a: Zapdos
|choice||
|
|switch|p1a: Tauros|Tauros|100\/100
|turn|24
|choice||
|
|move|p2a: Articuno|Ice Beam|p1a: Tauros
|-crit|p1a: Tauros
|-damage|p1a: Tauros|5\/100
|move|p1a: Tauros|Body Slam|p2a: Articuno
|-damage|p2a: Articuno|74\/100 par
|
|turn|25
|choice||
|
|move|p2a: Articuno|Ice Beam|p1a: Tauros
|-damage|p1a: Tauros|0 fnt
|faint|p1a: Tauros
|choice||
|
|switch|p1a: Chansey|Chansey|7\/100
|turn|26
|choice||
|
|move|p2a: Articuno|Double-Edge|p1a: Chansey
|-damage|p1a: Chansey|0 fnt
|-damage|p2a: Articuno|71\/100 par|[from] recoil|[of] p1a: Chansey
|faint|p1a: Chansey
|choice||
|
|switch|p1a: Exeggutor|Exeggutor|7\/100
|turn|27
|choice||
|
|move|p2a: Articuno|Ice Beam|p1a: Exeggutor
|-supereffective|p1a: Exeggutor
|-damage|p1a: Exeggutor|0 fnt
|faint|p1a: Exeggutor
|choice||
|
|switch|p1a: Jynx|Jynx|100\/100 slp
|turn|28
|choice||
|
|move|p2a: Articuno|Double-Edge|p1a: Jynx
|-damage|p1a: Jynx|61\/100 slp
|-damage|p2a: Articuno|63\/100 par|[from] recoil|[of] p1a: Jynx
|-curestatus|p1a: Jynx|slp
|
|turn|29
|choice||
|
|move|p2a: Articuno|Blizzard|p1a: Jynx
|-resisted|p1a: Jynx
|-damage|p1a: Jynx|34\/100
|move|p1a: Jynx|Psychic|p2a: Articuno
|-damage|p2a: Articuno|38\/100 par
|
|turn|30
|choice||
|
|move|p2a: Articuno|Double-Edge|p1a: Jynx
|-damage|p1a: Jynx|0 fnt
|-damage|p2a: Articuno|31\/100 par|[from] recoil|[of] p1a: Jynx
|faint|p1a: Jynx
|
|win|Elegyy
|player|p1
|player|p2
|raw|Temza1803's rating: 1231 &rarr; <strong>1197<\/strong><br \/>(-34 for losing)
|raw|Elegyy's rating: 1103 &rarr; <strong>1137<\/strong><br \/>(+34 for winning)
|c|★Elegyy|gg
|l|Temza1803
|c|★Elegyy|hot sweep tbh