|join|charrol
|join|Abry
|player|p1|charrol|102
|player|p2|Abry|176
|gametype|singles
|gen|1
|tier|[Gen 1] Random Battle
|rule|Sleep Clause Mod: Limit one foe put to sleep
|rule|Freeze Clause Mod: Limit one foe frozen
|rule|HP Percentage Mod: HP is shown in percentages
|
|start
|switch|p1a: Arcanine|Arcanine, L85|327\/327
|switch|p2a: Victreebel|Victreebel, L85|310\/310
|turn|1
|c|★Abry|grr
|c|★charrol|buona fortuna
|
|switch|p2a: Arbok|Arbok, L90|291\/291
|move|p1a: Arcanine|Fire Blast|p2a: Arbok|[miss]
|-miss|p1a: Arcanine
|
|turn|2
|c|★Abry|no niente fortuna
|c|★Abry|ecco
|
|switch|p1a: Weezing|Weezing, L90|300\/300
|move|p2a: Arbok|Glare|p1a: Weezing
|-status|p1a: Weezing|par
|
|turn|3
|
|move|p2a: Arbok|Earthquake|p1a: Weezing
|-supereffective|p1a: Weezing
|-damage|p1a: Weezing|191\/300 par
|move|p1a: Weezing|Thunder|p2a: Arbok
|-damage|p2a: Arbok|191\/291
|
|turn|4
|
|move|p2a: Arbok|Earthquake|p1a: Weezing
|-supereffective|p1a: Weezing
|-damage|p1a: Weezing|82\/300 par
|move|p1a: Weezing|Explosion|p2a: Arbok
|-damage|p2a: Arbok|0 fnt
|faint|p2a: Arbok
|faint|p1a: Weezing
|
|switch|p2a: Kadabra|Kadabra, L85|242\/242
|switch|p1a: Arcanine|Arcanine, L85|327\/327
|turn|5
|
|move|p2a: Kadabra|Thunder Wave|p1a: Arcanine
|-status|p1a: Arcanine|par
|move|p1a: Arcanine|Body Slam|p2a: Kadabra
|-damage|p2a: Kadabra|129\/242
|
|turn|6
|join|charizard reyiz
|
|move|p2a: Kadabra|Psychic|p1a: Arcanine
|-crit|p1a: Arcanine
|-damage|p1a: Arcanine|82\/327 par
|-unboost|p1a: Arcanine|spd|1
|-unboost|p1a: Arcanine|spa|1
|move|p1a: Arcanine|Body Slam|p2a: Kadabra
|-damage|p2a: Kadabra|6\/242
|
|turn|7
|
|switch|p1a: Starmie|Starmie, L79|257\/257
|move|p2a: Kadabra|Psychic|p1a: Starmie
|-resisted|p1a: Starmie
|-damage|p1a: Starmie|202\/257
|
|turn|8
|
|move|p2a: Kadabra|Thunder Wave|p1a: Starmie
|-status|p1a: Starmie|par
|move|p1a: Starmie|Surf|p2a: Kadabra
|-damage|p2a: Kadabra|0 fnt
|faint|p2a: Kadabra
|
|switch|p2a: Raticate|Raticate, L85|267\/267
|turn|9
|
|move|p2a: Raticate|Body Slam|p1a: Starmie
|-damage|p1a: Starmie|120\/257 par
|move|p1a: Starmie|Thunder Wave|p2a: Raticate
|-status|p2a: Raticate|par
|
|turn|10
|
|move|p1a: Starmie|Recover|p1a: Starmie
|-heal|p1a: Starmie|248\/257 par
|move|p2a: Raticate|Hyper Beam|p1a: Starmie
|-damage|p1a: Starmie|86\/257 par
|
|turn|11
|-mustrecharge|p2a: Raticate
|-mustrecharge|p2a: Raticate
|
|move|p1a: Starmie|Recover|p1a: Starmie
|-heal|p1a: Starmie|214\/257 par
|cant|p2a: Raticate|recharge
|
|turn|12
|
|move|p1a: Starmie|Surf|p2a: Raticate
|-crit|p2a: Raticate
|-damage|p2a: Raticate|9\/267 par
|move|p2a: Raticate|Body Slam|p1a: Starmie
|-crit|p1a: Starmie
|-damage|p1a: Starmie|37\/257 par
|
|turn|13
|
|move|p1a: Starmie|Surf|p2a: Raticate
|-damage|p2a: Raticate|0 fnt
|faint|p2a: Raticate
|
|switch|p2a: Dugtrio|Dugtrio, L85|233\/233
|turn|14
|
|move|p2a: Dugtrio|Earthquake|p1a: Starmie
|-damage|p1a: Starmie|0 fnt
|faint|p1a: Starmie
|
|switch|p1a: Poliwhirl|Poliwhirl, L85|284\/284
|turn|15
|
|switch|p2a: Victreebel|Victreebel, L85|310\/310
|move|p1a: Poliwhirl|Surf|p2a: Victreebel
|-resisted|p2a: Victreebel
|-damage|p2a: Victreebel|276\/310
|
|turn|16
|
|switch|p1a: Arcanine|Arcanine, L85|82\/327 par
|move|p2a: Victreebel|Stun Spore|p1a: Arcanine
|-fail|p1a: Arcanine|par
|
|turn|17
|
|move|p2a: Victreebel|Hyper Beam|p1a: Arcanine
|-crit|p1a: Arcanine
|-damage|p1a: Arcanine|0 fnt
|faint|p1a: Arcanine
|
|switch|p1a: Pinsir|Pinsir, L85|284\/284
|turn|18
|
|move|p1a: Pinsir|Body Slam|p2a: Victreebel
|-damage|p2a: Victreebel|181\/310
|-status|p2a: Victreebel|par
|move|p2a: Victreebel|Stun Spore|p1a: Pinsir
|-status|p1a: Pinsir|par
|
|turn|19
|
|move|p1a: Pinsir|Swords Dance|p1a: Pinsir
|-boost|p1a: Pinsir|atk|2
|cant|p2a: Victreebel|par
|
|turn|20
|
|move|p1a: Pinsir|Hyper Beam|p2a: Victreebel|[miss]
|-miss|p1a: Pinsir
|move|p2a: Victreebel|Swords Dance|p2a: Victreebel
|-boost|p2a: Victreebel|atk|2
|
|turn|21
|
|move|p1a: Pinsir|Hyper Beam|p2a: Victreebel
|-damage|p2a: Victreebel|0 fnt
|faint|p2a: Victreebel
|
|switch|p2a: Dugtrio|Dugtrio, L85|233\/233
|turn|22
|c|★Abry|ahi gg
|
|move|p2a: Dugtrio|Slash|p1a: Pinsir
|-crit|p1a: Pinsir
|-damage|p1a: Pinsir|202\/284 par
|move|p1a: Pinsir|Hyper Beam|p2a: Dugtrio
|-damage|p2a: Dugtrio|0 fnt
|faint|p2a: Dugtrio
|
|switch|p2a: Cloyster|Cloyster, L83|253\/253
|turn|23
|
|move|p2a: Cloyster|Ice Beam|p1a: Pinsir
|-damage|p1a: Pinsir|94\/284 par
|move|p1a: Pinsir|Body Slam|p2a: Cloyster
|-damage|p2a: Cloyster|163\/253
|-status|p2a: Cloyster|par
|
|turn|24
|
|cant|p2a: Cloyster|par
|move|p1a: Pinsir|Hyper Beam|p2a: Cloyster
|-crit|p2a: Cloyster
|-damage|p2a: Cloyster|17\/253 par
|
|turn|25
|-mustrecharge|p1a: Pinsir
|-mustrecharge|p1a: Pinsir
|
|move|p2a: Cloyster|Ice Beam|p1a: Pinsir
|-damage|p1a: Pinsir|0 fnt
|faint|p1a: Pinsir
|
|switch|p1a: Poliwhirl|Poliwhirl, L85|284\/284
|turn|26
|
|move|p1a: Poliwhirl|Psychic|p2a: Cloyster
|-damage|p2a: Cloyster|0 fnt
|faint|p2a: Cloyster
|
|win|charrol
|c|★Abry|salvi tu?
|c|★charrol|tieni tu
|c|★charrol|i log
|c|★Abry|k