|join|biiist
|join|XianJu
|player|p1|biiist|2
|player|p2|XianJu|130
|gametype|singles
|gen|1
|tier|[Gen 1] Random Battle
|rated
|seed|25908,62409,53813,5079
|rule|Sleep Clause Mod: Limit one foe put to sleep
|rule|Freeze Clause Mod: Limit one foe frozen
|rule|HP Percentage Mod: HP is shown in percentages
|
|start
|switch|p1a: Tangela|Tangela, L85|284\/284
|switch|p2a: Arcanine|Arcanine, L85|327\/327
|turn|1
|choice|move 4|move 4
|
|move|p2a: Arcanine|Body Slam|p1a: Tangela
|-damage|p1a: Tangela|228\/284
|-status|p1a: Tangela|par
|move|p1a: Tangela|Stun Spore|p2a: Arcanine
|-status|p2a: Arcanine|par
|
|turn|2
|choice|move 2|move 3
|
|move|p2a: Arcanine|Mimic|p1a: Tangela
|-start|p2a: Arcanine|Mimic|Stun Spore
|move|p1a: Tangela|Body Slam|p2a: Arcanine
|-damage|p2a: Arcanine|283\/327 par
|
|turn|3
|choice|move 2|move 2
|
|cant|p2a: Arcanine|par
|cant|p1a: Tangela|par
|
|turn|4
|choice|move 2|move 2
|
|move|p2a: Arcanine|Reflect|p2a: Arcanine
|-start|p2a: Arcanine|Reflect
|move|p1a: Tangela|Body Slam|p2a: Arcanine
|-damage|p2a: Arcanine|261\/327 par
|
|turn|5
|choice|move 2|move 4
|
|move|p2a: Arcanine|Body Slam|p1a: Tangela
|-damage|p1a: Tangela|175\/284 par
|move|p1a: Tangela|Body Slam|p2a: Arcanine
|-damage|p2a: Arcanine|237\/327 par
|
|turn|6
|choice|move 2|move 4
|
|cant|p2a: Arcanine|par
|move|p1a: Tangela|Body Slam|p2a: Arcanine
|-damage|p2a: Arcanine|213\/327 par
|
|turn|7
|choice|move 2|move 4
|
|move|p2a: Arcanine|Body Slam|p1a: Tangela
|-damage|p1a: Tangela|115\/284 par
|cant|p1a: Tangela|par
|
|turn|8
|choice|move 2|move 4
|
|move|p2a: Arcanine|Body Slam|p1a: Tangela
|-damage|p1a: Tangela|63\/284 par
|move|p1a: Tangela|Body Slam|p2a: Arcanine
|-crit|p2a: Arcanine
|-damage|p2a: Arcanine|122\/327 par
|
|turn|9
|choice|move 1|move 1
|
|move|p2a: Arcanine|Hyper Beam|p1a: Tangela
|-damage|p1a: Tangela|0 fnt
|faint|p1a: Tangela
|choice|switch 5|
|
|switch|p1a: Raichu|Raichu, L85|276\/276
|turn|10
|choice|move 1|switch 2
|
|switch|p2a: Dragonite|Dragonite, L85|328\/328
|move|p1a: Raichu|Surf|p2a: Dragonite
|-resisted|p2a: Dragonite
|-damage|p2a: Dragonite|300\/328
|
|turn|11
|choice|move 4|move 4
|
|move|p1a: Raichu|Thunder Wave|p2a: Dragonite
|-status|p2a: Dragonite|par
|move|p2a: Dragonite|Body Slam|p1a: Raichu
|-damage|p1a: Raichu|167\/276
|
|turn|12
|choice|switch 3|move 4
|
|switch|p1a: Articuno|Articuno, L79|304\/304
|cant|p2a: Dragonite|par
|
|turn|13
|choice|move 1|switch 6
|
|switch|p2a: Magmar|Magmar, L90|300\/300
|move|p1a: Articuno|Blizzard|p2a: Magmar|[miss]
|-miss|p1a: Articuno
|
|turn|14
|c|★biiist|...
|c|★XianJu|,,,
|c|★biiist|rng just handed you this gam
|c|★biiist|e
|c|★XianJu|rng?
|c|★biiist|random number generator
|c|★XianJu|how nice of it
|c|★XianJu|i must be so lucky
|c|★biiist|yes
|c|★biiist|you are
|choice|move 1|move 2
|
|move|p2a: Magmar|Fire Blast|p1a: Articuno
|-supereffective|p1a: Articuno
|-damage|p1a: Articuno|58\/304
|-status|p1a: Articuno|brn
|move|p1a: Articuno|Blizzard|p2a: Magmar
|-crit|p2a: Magmar
|-damage|p2a: Magmar|64\/300
|-damage|p1a: Articuno|39\/304 brn|[from] brn|[of] p2a: Magmar
|
|turn|15
|choice|move 1|move 2
|
|move|p2a: Magmar|Fire Blast|p1a: Articuno
|-supereffective|p1a: Articuno
|-damage|p1a: Articuno|0 fnt
|faint|p1a: Articuno
|choice|switch 3|
|
|switch|p1a: Raichu|Raichu, L85|167\/276
|turn|16
|choice|move 2|switch 6
|
|switch|p2a: Dragonite|Dragonite, L85|300\/328 par
|move|p1a: Raichu|Thunderbolt|p2a: Dragonite
|-damage|p2a: Dragonite|209\/328 par
|
|turn|17
|choice|move 2|move 4
|
|move|p1a: Raichu|Thunderbolt|p2a: Dragonite
|-damage|p2a: Dragonite|121\/328 par
|move|p2a: Dragonite|Body Slam|p1a: Raichu
|-damage|p1a: Raichu|67\/276
|-status|p1a: Raichu|par
|
|turn|18
|choice|move 2|move 4
|
|move|p1a: Raichu|Thunderbolt|p2a: Dragonite
|-damage|p2a: Dragonite|25\/328 par
|cant|p2a: Dragonite|par
|
|turn|19
|choice|move 2|switch 4
|
|switch|p2a: Kangaskhan|Kangaskhan, L85|352\/352
|cant|p1a: Raichu|par
|
|turn|20
|choice|move 4|move 4
|
|move|p2a: Kangaskhan|Body Slam|p1a: Raichu
|-damage|p1a: Raichu|0 fnt
|faint|p1a: Raichu
|choice|switch 4|
|
|switch|p1a: Parasect|Parasect, L90|291\/291
|turn|21
|choice|move 2|move 4
|
|move|p2a: Kangaskhan|Body Slam|p1a: Parasect
|-damage|p1a: Parasect|196\/291
|-status|p1a: Parasect|par
|move|p1a: Parasect|Spore|p2a: Kangaskhan
|-status|p2a: Kangaskhan|slp
|
|turn|22
|choice|move 1|move 4
|
|cant|p2a: Kangaskhan|slp
|cant|p1a: Parasect|par
|
|turn|23
|choice|move 3|switch 3
|
|switch|p2a: Seadra|Seadra, L90|282\/282
|cant|p1a: Parasect|par
|
|turn|24
|c|★biiist|pleeeeeeeease
|choice|move 1|move 4
|
|move|p2a: Seadra|Blizzard|p1a: Parasect
|-supereffective|p1a: Parasect
|-damage|p1a: Parasect|22\/291 par
|move|p1a: Parasect|Body Slam|p2a: Seadra
|-damage|p2a: Seadra|218\/282
|
|turn|25
|choice|move 1|move 4
|
|move|p2a: Seadra|Blizzard|p1a: Parasect
|-supereffective|p1a: Parasect
|-damage|p1a: Parasect|0 fnt
|faint|p1a: Parasect
|choice|switch 6|
|
|switch|p1a: Snorlax|Snorlax, L79|415\/415
|turn|26
|choice|move 3|move 2
|
|move|p2a: Seadra|Smokescreen|p1a: Snorlax
|-unboost|p1a: Snorlax|accuracy|1
|move|p1a: Snorlax|Body Slam|p2a: Seadra
|-damage|p2a: Seadra|142\/282
|
|turn|27
|choice|move 3|move 2
|
|move|p2a: Seadra|Smokescreen|p1a: Snorlax
|-unboost|p1a: Snorlax|accuracy|1
|move|p1a: Snorlax|Body Slam|p2a: Seadra
|-damage|p2a: Seadra|67\/282
|
|turn|28
|choice|move 3|move 4
|
|move|p2a: Seadra|Blizzard|p1a: Snorlax
|-damage|p1a: Snorlax|288\/415
|move|p1a: Snorlax|Body Slam|p2a: Seadra|[miss]
|-miss|p1a: Snorlax
|
|turn|29
|choice|move 3|move 1
|
|move|p2a: Seadra|Hydro Pump|p1a: Snorlax|[miss]
|-miss|p2a: Seadra
|move|p1a: Snorlax|Body Slam|p2a: Seadra
|-damage|p2a: Seadra|0 fnt
|faint|p2a: Seadra
|choice||switch 6
|
|switch|p2a: Magmar|Magmar, L90|64\/300
|turn|30
|choice|move 3|move 4
|
|move|p2a: Magmar|Confuse Ray|p1a: Snorlax
|-start|p1a: Snorlax|confusion
|-activate|p1a: Snorlax|confusion
|-damage|p1a: Snorlax|250\/415|[from] confusion
|
|turn|31
|choice|move 3|move 2
|
|move|p2a: Magmar|Fire Blast|p1a: Snorlax
|-damage|p1a: Snorlax|69\/415
|-activate|p1a: Snorlax|confusion
|move|p1a: Snorlax|Body Slam|p2a: Magmar
|-damage|p2a: Magmar|0 fnt
|faint|p2a: Magmar
|choice||switch 2
|
|switch|p2a: Arcanine|Arcanine, L85|122\/327 par
|turn|32
|choice|move 2|move 4
|
|-activate|p1a: Snorlax|confusion
|move|p1a: Snorlax|Rest|p1a: Snorlax
|-status|p1a: Snorlax|slp
|-heal|p1a: Snorlax|415\/415 slp|[silent]
|-status|p1a: Snorlax|slp|[from] move: Rest
|move|p2a: Arcanine|Body Slam|p1a: Snorlax
|-damage|p1a: Snorlax|332\/415 slp
|
|turn|33
|choice|move 2|move 1
|
|cant|p1a: Snorlax|slp
|move|p2a: Arcanine|Hyper Beam|p1a: Snorlax
|-damage|p1a: Snorlax|179\/415 slp
|
|turn|34
|-mustrecharge|p2a: Arcanine
|-mustrecharge|p2a: Arcanine
|choice|move 2|move 1
|
|-curestatus|p1a: Snorlax|slp
|cant|p2a: Arcanine|recharge
|
|turn|35
|choice|move 4|move 1
|
|-activate|p1a: Snorlax|confusion
|move|p1a: Snorlax|Hyper Beam|p2a: Arcanine
|-damage|p2a: Arcanine|0 fnt
|faint|p2a: Arcanine
|choice||switch 4
|
|switch|p2a: Dragonite|Dragonite, L85|25\/328 par
|turn|36
|choice|move 3|move 2
|
|-end|p1a: Snorlax|confusion
|move|p1a: Snorlax|Body Slam|p2a: Dragonite
|-damage|p2a: Dragonite|0 fnt
|faint|p2a: Dragonite
|choice||switch 3
|
|switch|p2a: Kangaskhan|Kangaskhan, L85|352\/352 slp
|turn|37
|choice|switch 2|move 2
|
|switch|p1a: Rattata|Rattata, L96|252\/252
|cant|p2a: Kangaskhan|slp
|
|turn|38
|choice|move 1|move 3
|
|cant|p2a: Kangaskhan|slp
|move|p1a: Rattata|Super Fang|p2a: Kangaskhan
|-damage|p2a: Kangaskhan|176\/352 slp
|
|turn|39
|choice|move 4|move 3
|
|cant|p2a: Kangaskhan|slp
|move|p1a: Rattata|Body Slam|p2a: Kangaskhan
|-damage|p2a: Kangaskhan|85\/352 slp
|
|turn|40
|choice|move 4|move 4
|
|cant|p2a: Kangaskhan|slp
|move|p1a: Rattata|Body Slam|p2a: Kangaskhan
|-damage|p2a: Kangaskhan|0 fnt
|faint|p2a: Kangaskhan
|choice||switch 5
|
|switch|p2a: Dodrio|Dodrio, L85|276\/276
|turn|41
|c|★biiist|my fucking god
|c|★biiist|your team is SOOOOOO good
|c|★biiist|every single one of them is a monster
|choice|move 3|move 3
|
|move|p2a: Dodrio|Drill Peck|p1a: Rattata
|-crit|p1a: Rattata
|-damage|p1a: Rattata|0 fnt
|faint|p1a: Rattata
|choice|switch 2|
|
|switch|p1a: Snorlax|Snorlax, L79|179\/415
|turn|42
|choice|move 4|move 3
|
|move|p2a: Dodrio|Drill Peck|p1a: Snorlax
|-damage|p1a: Snorlax|56\/415
|move|p1a: Snorlax|Hyper Beam|p2a: Dodrio
|-damage|p2a: Dodrio|103\/276
|
|turn|43
|-mustrecharge|p1a: Snorlax
|c|★biiist|and youre sooooooo fucking stupid
|c|★XianJu|pls dont cry
|c|★biiist|you almost lost
|c|★biiist|with that team
|c|★biiist|you actually almost lost
|c|★biiist|jeeeeeeesus you're fucking stupid
|c|★XianJu|i did not need to bring him before
|c|★biiist|lmfao
|c|★XianJu|i knew i have victory in my hands
|c|★biiist|ok, retard
|c|★biiist|except you didnt
|c|★biiist|if my snorlax crits you, i win
|c|★XianJu|wow the one who almost lost is stupid
|c|★biiist|if you dont crit my ratata and i frz or paralyze you, i win
|c|★XianJu|and the one who actually lose is the best player ever
|c|★XianJu|right?
|c|★biiist|yes, that is actually the case here
|c|★XianJu|i hope youre trolling
|c|★biiist|because you won with a MUCH better team
|c|★biiist|no, you're just a fucking moron
|c|★biiist|and dont understand my argument
|c|★XianJu|you cant be serrious
|c|★biiist|if we switched teams
|c|★XianJu|snorlax,articuno,raichu
|c|★biiist|i wouldve beat you 5-0
|c|★biiist|at least
|c|★XianJu|i only had dragonite ou
|c|★biiist|LOL
|c|★biiist|the levels are adjusted here
|c|★biiist|the ones that are "OU" arent necessarily the best
|c|★biiist|snorlax sucks here
|c|★XianJu|ofcourse it does
|c|★XianJu|just like dragonite would
|c|★biiist|all six of your pokemon were great
|-message|biiist lost due to inactivity.
|c|★XianJu|if you would be on my side
|
|win|XianJu
|c|★XianJu|yes
|c|★biiist|no, dragonite is good
|c|★XianJu|because they were played great
|raw|biiist's rating: 1394 &rarr; <strong>1373<\/strong><br \/>(-21 for losing)
|raw|XianJu's rating: 1383 &rarr; <strong>1403<\/strong><br \/>(+20 for winning)
|c|★biiist|ive been #1 on the ladder pretty much since this tier started
|c|★biiist|and youre a scrub
|c|★biiist|you have no idea what youre talking about
|c|★XianJu|haha forgive me for making you cry
|c|★XianJu|#1
|c|★XianJu|hahahahah
|c|★biiist|lol not crying, fag
|c|★biiist|and YOU didnt do anything
|c|★biiist|rng did
|c|★biiist|all you did was almost let me win
|c|★biiist|despite your luck
|c|★XianJu|and how does that make you feel
|c|★biiist|so thanks for the shot
|c|★biiist|you were the best chance i had
|c|★XianJu|to lose to someone that doesnt know anything
|c|★XianJu|and more importantly what does that make you
|c|★biiist|feels fine, cant beat the hax
|c|★biiist|rng can hand the game to a shit player if it wants to
|c|★biiist|nothing anyone can do about that
|c|★XianJu|i won H2H and am better rated
|c|★XianJu|just deal with it
|player|p1|beeest|2
|c| beeest|youre not better rated
|c|★XianJu|never saw someone cry that much about 1 match
|c| beeest|thats a bad account
|c| beeest|this is the real one, and im better rated
|c| beeest|so suck my dick
|c| beeest|and ive won H2H the overwhelming majority of times weve played
|c| beeest|so again, you can swallow a load
|c| beeest|later, retard
|leave|beeest
|c|★XianJu|biiist's rating: 1394 → 1373
|player|p1
|c|★XianJu|XianJu's rating: 1383 → 1403
|c|★XianJu|i see you how problems with reading numbers as well
|c|★XianJu|i dont care how is your bf rated
|c|★XianJu|i didnt play him
|c|★XianJu|nice try though
|c|★XianJu|give that snorlax a charger
|c|★XianJu|i easily won even like this
|c|★XianJu|if id want i could bring in dodrio on before snorlax rest
|c|★XianJu|but i knew thats not necessary
|c|★XianJu|and lets get it clear
|c|★XianJu|1. your team was better
|c|★XianJu|2. you had more luck, with crits, paralyses, move hits
|c|★XianJu|snorlax confusing once in 6 turns and 1miss in 8 turns after 2 stages of accuracy drop
|c|★XianJu|3.im just better than you
|c|★XianJu|this match indicates that and as the previous one which im sure you will pretend not to remember
|c|★XianJu|and i feel sorry for you kids in general, after 1 miss you already started crying
|c|★XianJu|you cannot accept losses and only see when a miss happen to you
|c|★XianJu|but when you get lucky youre not able to see it
|c|★XianJu|so sad
|c|★XianJu|and immature
|c|★XianJu|id rather not play at all than be like that
|c|★XianJu|i never complain when luck is on my opponents side
|c|★XianJu|and always play to the end doesnt matter how match went
|c|★XianJu|maybe youre understand that some day when you grow up
|c|★XianJu|would be nice of you to avoid pokemon until then, trainers like you who have no respect to others and only know to bash at the game when they lose dont even deserve to play it