|join|ankitkhetrapal
|join|Jala22
|player|p1|ankitkhetrapal|20
|player|p2|Jala22|165
|gametype|singles
|gen|1
|tier|[Gen 1] Random Battle
|rated
|rule|Sleep Clause Mod: Limit one foe put to sleep
|rule|Freeze Clause Mod: Limit one foe frozen
|rule|HP Percentage Mod: HP is shown in percentages
|
|start
|switch|p1a: Mew|Mew, L74|300\/300
|switch|p2a: Marowak|Marowak, L90|291\/291
|turn|1
|
|move|p1a: Mew|Psychic|p2a: Marowak
|-damage|p2a: Marowak|194\/291
|move|p2a: Marowak|Earthquake|p1a: Mew
|-damage|p1a: Mew|194\/300
|
|turn|2
|
|switch|p1a: Dragonite|Dragonite, L85|328\/328
|move|p2a: Marowak|Body Slam|p1a: Dragonite
|-damage|p1a: Dragonite|272\/328
|-status|p1a: Dragonite|par
|
|turn|3
|
|move|p2a: Marowak|Blizzard|p1a: Dragonite
|-supereffective|p1a: Dragonite
|-damage|p1a: Dragonite|15\/328 par
|move|p1a: Dragonite|Blizzard|p2a: Marowak
|-supereffective|p2a: Marowak
|-damage|p2a: Marowak|0 fnt
|faint|p2a: Marowak
|
|switch|p2a: Gengar|Gengar, L79|257\/257
|turn|4
|
|switch|p1a: Flareon|Flareon, L90|300\/300
|move|p2a: Gengar|Psychic|p1a: Flareon
|-damage|p1a: Flareon|242\/300
|
|turn|5
|
|move|p2a: Gengar|Thunderbolt|p1a: Flareon
|-damage|p1a: Flareon|188\/300
|move|p1a: Flareon|Fire Blast|p2a: Gengar
|-damage|p2a: Gengar|119\/257
|
|turn|6
|
|move|p2a: Gengar|Psychic|p1a: Flareon
|-damage|p1a: Flareon|137\/300
|move|p1a: Flareon|Fire Blast|p2a: Gengar|[miss]
|-miss|p1a: Flareon
|
|turn|7
|
|move|p2a: Gengar|Psychic|p1a: Flareon
|-damage|p1a: Flareon|82\/300
|move|p1a: Flareon|Fire Blast|p2a: Gengar
|-damage|p2a: Gengar|0 fnt
|faint|p2a: Gengar
|
|switch|p2a: Seel|Seel, L96|320\/320
|turn|8
|
|switch|p1a: Golduck|Golduck, L85|310\/310
|move|p2a: Seel|Surf|p1a: Golduck
|-resisted|p1a: Golduck
|-damage|p1a: Golduck|258\/310
|
|turn|9
|
|move|p1a: Golduck|Amnesia|p1a: Golduck
|-boost|p1a: Golduck|spd|2
|-boost|p1a: Golduck|spa|2
|move|p2a: Seel|Body Slam|p1a: Golduck
|-crit|p1a: Golduck
|-damage|p1a: Golduck|154\/310
|-status|p1a: Golduck|par
|
|turn|10
|
|move|p2a: Seel|Body Slam|p1a: Golduck
|-damage|p1a: Golduck|101\/310 par
|cant|p1a: Golduck|par
|
|turn|11
|
|move|p2a: Seel|Body Slam|p1a: Golduck
|-damage|p1a: Golduck|47\/310 par
|cant|p1a: Golduck|par
|
|turn|12
|
|move|p2a: Seel|Body Slam|p1a: Golduck
|-damage|p1a: Golduck|0 fnt
|faint|p1a: Golduck
|
|switch|p1a: Mew|Mew, L74|194\/300
|turn|13
|
|move|p1a: Mew|Horn Drill|p2a: Seel|[miss]
|-miss|p1a: Mew
|move|p2a: Seel|Blizzard|p1a: Mew
|-damage|p1a: Mew|102\/300
|
|turn|14
|
|move|p1a: Mew|Soft-Boiled|p1a: Mew
|-heal|p1a: Mew|252\/300
|move|p2a: Seel|Surf|p1a: Mew
|-damage|p1a: Mew|143\/300
|
|turn|15
|
|move|p1a: Mew|Horn Drill|p2a: Seel|[miss]
|-miss|p1a: Mew
|move|p2a: Seel|Surf|p1a: Mew
|-damage|p1a: Mew|31\/300
|
|turn|16
|
|move|p1a: Mew|Soft-Boiled|p1a: Mew
|-heal|p1a: Mew|181\/300
|move|p2a: Seel|Surf|p1a: Mew
|-crit|p1a: Mew
|-damage|p1a: Mew|0 fnt
|faint|p1a: Mew
|
|switch|p1a: Tentacruel|Tentacruel, L85|310\/310
|turn|17
|
|move|p1a: Tentacruel|Hydro Pump|p2a: Seel|[miss]
|-miss|p1a: Tentacruel
|move|p2a: Seel|Blizzard|p1a: Tentacruel
|-resisted|p1a: Tentacruel
|-damage|p1a: Tentacruel|272\/310
|
|turn|18
|
|move|p1a: Tentacruel|Hydro Pump|p2a: Seel|[miss]
|-miss|p1a: Tentacruel
|move|p2a: Seel|Body Slam|p1a: Tentacruel
|-damage|p1a: Tentacruel|212\/310
|
|turn|19
|
|switch|p2a: Exeggcute|Exeggcute, L96|310\/310
|move|p1a: Tentacruel|Hydro Pump|p2a: Exeggcute
|-resisted|p2a: Exeggcute
|-damage|p2a: Exeggcute|221\/310
|
|turn|20
|
|move|p1a: Tentacruel|Blizzard|p2a: Exeggcute
|-supereffective|p2a: Exeggcute
|-damage|p2a: Exeggcute|0 fnt
|faint|p2a: Exeggcute
|
|switch|p2a: Hitmonlee|Hitmonlee, L90|273\/273
|turn|21
|
|move|p1a: Tentacruel|Hydro Pump|p2a: Hitmonlee
|-crit|p2a: Hitmonlee
|-damage|p2a: Hitmonlee|0 fnt
|faint|p2a: Hitmonlee
|
|switch|p2a: Jolteon|Jolteon, L79|265\/265
|turn|22
|
|switch|p1a: Charmander|Charmander, L96|270\/270
|move|p2a: Jolteon|Thunderbolt|p1a: Charmander
|-damage|p1a: Charmander|159\/270
|
|turn|23
|
|move|p2a: Jolteon|Thunderbolt|p1a: Charmander
|-damage|p1a: Charmander|39\/270
|move|p1a: Charmander|Body Slam|p2a: Jolteon
|-damage|p2a: Jolteon|196\/265
|
|turn|24
|
|move|p2a: Jolteon|Thunderbolt|p1a: Charmander
|-damage|p1a: Charmander|0 fnt
|faint|p1a: Charmander
|
|switch|p1a: Dragonite|Dragonite, L85|15\/328 par
|turn|25
|
|move|p2a: Jolteon|Thunderbolt|p1a: Dragonite
|-damage|p1a: Dragonite|0 fnt
|faint|p1a: Dragonite
|
|switch|p1a: Flareon|Flareon, L90|82\/300
|turn|26
|
|move|p2a: Jolteon|Thunderbolt|p1a: Flareon
|-damage|p1a: Flareon|0 fnt
|faint|p1a: Flareon
|
|switch|p1a: Tentacruel|Tentacruel, L85|212\/310
|turn|27
|
|move|p2a: Jolteon|Thunderbolt|p1a: Tentacruel
|-supereffective|p1a: Tentacruel
|-damage|p1a: Tentacruel|64\/310
|move|p1a: Tentacruel|Hydro Pump|p2a: Jolteon
|-damage|p2a: Jolteon|51\/265
|
|turn|28
|
|move|p2a: Jolteon|Thunderbolt|p1a: Tentacruel
|-supereffective|p1a: Tentacruel
|-damage|p1a: Tentacruel|0 fnt
|faint|p1a: Tentacruel
|
|win|Jala22
|c|★ankitkhetrapal|gg
|raw|ankitkhetrapal's rating: 1217 &rarr; <strong>1182<\/strong><br \/>(-35 for losing)
|raw|Jala22's rating: 1070 &rarr; <strong>1111<\/strong><br \/>(+41 for winning)