|j|trickster is a nig
|j|Groudon80
|player|p1|trickster is a nig|102
|player|p2|Groudon80|168
|gametype|singles
|gen|1
|tier|[Gen 1] Random Battle
|rated
|seed|
|rule|Sleep Clause Mod: Limit one foe put to sleep
|rule|Freeze Clause Mod: Limit one foe frozen
|rule|HP Percentage Mod: HP is shown in percentages
|
|start
|switch|p1a: Eevee|Eevee, L96|100\/100
|switch|p2a: Lapras|Lapras, L79|100\/100
|turn|1
|choice||
|
|move|p1a: Eevee|Body Slam|p2a: Lapras
|-damage|p2a: Lapras|75\/100
|move|p2a: Lapras|Ice Beam|p1a: Eevee
|-damage|p1a: Eevee|69\/100
|
|turn|2
|choice||
|
|move|p1a: Eevee|Body Slam|p2a: Lapras
|-damage|p2a: Lapras|50\/100
|-status|p2a: Lapras|par
|cant|p2a: Lapras|par
|
|turn|3
|choice||
|
|move|p1a: Eevee|Body Slam|p2a: Lapras
|-damage|p2a: Lapras|23\/100 par
|move|p2a: Lapras|Ice Beam|p1a: Eevee
|-damage|p1a: Eevee|41\/100
|
|turn|4
|choice||
|
|move|p1a: Eevee|Body Slam|p2a: Lapras
|-damage|p2a: Lapras|0 fnt
|faint|p2a: Lapras
|choice||
|
|switch|p2a: Seaking|Seaking, L90|100\/100
|turn|5
|choice||
|
|move|p2a: Seaking|Hyper Beam|p1a: Eevee
|-damage|p1a: Eevee|0 fnt
|faint|p1a: Eevee
|j|PattyKane
|choice||
|
|switch|p1a: Gyarados|Gyarados, L85|100\/100
|turn|6
|choice||
|
|switch|p2a: Hypno|Hypno, L85|100\/100
|move|p1a: Gyarados|Thunderbolt|p2a: Hypno
|-crit|p2a: Hypno
|-damage|p2a: Hypno|65\/100
|
|turn|7
|choice||
|
|move|p1a: Gyarados|Surf|p2a: Hypno
|-damage|p2a: Hypno|35\/100
|move|p2a: Hypno|Thunder Wave|p1a: Gyarados
|-status|p1a: Gyarados|par
|
|turn|8
|choice||
|
|move|p2a: Hypno|Psychic|p1a: Gyarados
|-damage|p1a: Gyarados|68\/100 par
|move|p1a: Gyarados|Surf|p2a: Hypno
|-crit|p2a: Hypno
|-damage|p2a: Hypno|0 fnt
|faint|p2a: Hypno
|c|★Groudon80|...
|c|★Groudon80|2 chs, bs para
|choice||
|
|switch|p2a: Zapdos|Zapdos, L79|100\/100
|turn|9
|c|★trickster is a nig|get fucked
|choice||
|
|switch|p2a: Seaking|Seaking, L90|100\/100
|switch|p1a: Magnemite|Magnemite, L96|100\/100
|
|turn|10
|c|★trickster is a nig|nice double switch m8
|c|★trickster is a nig|advanced stuff
|choice||
|
|switch|p2a: Venomoth|Venomoth, L85|100\/100
|move|p1a: Magnemite|Thunder Wave|p2a: Venomoth
|-status|p2a: Venomoth|par
|
|turn|11
|choice||
|
|switch|p1a: Gyarados|Gyarados, L85|68\/100 par
|move|p2a: Venomoth|Psychic|p1a: Gyarados
|-damage|p1a: Gyarados|51\/100 par
|
|turn|12
|choice||
|
|switch|p2a: Seaking|Seaking, L90|100\/100
|move|p1a: Gyarados|Surf|p2a: Seaking
|-crit|p2a: Seaking
|-resisted|p2a: Seaking
|-damage|p2a: Seaking|72\/100
|
|turn|13
|c|★Groudon80|one more
|choice||
|
|move|p2a: Seaking|Blizzard|p1a: Gyarados
|-damage|p1a: Gyarados|28\/100 par
|cant|p1a: Gyarados|par
|
|turn|14
|c|★trickster is a nig|oh no something didn't go my way :(
|choice||
|
|move|p2a: Seaking|Double-Edge|p1a: Gyarados
|-crit|p1a: Gyarados
|-damage|p1a: Gyarados|0 fnt
|-damage|p2a: Seaking|65\/100|[from] recoil|[of] p1a: Gyarados
|faint|p1a: Gyarados
|c|★trickster is a nig|there
|c|★trickster is a nig|now stop the bitching
|c| PattyKane|there
|choice||
|
|switch|p1a: Magnemite|Magnemite, L96|100\/100
|turn|15
|c| PattyKane|is
|c| PattyKane|no
|c| PattyKane|true
|raw|<div class="broadcast-red"><b>Moderated chat was set to +!<\/b><br \/>Only users of rank + and higher can talk.<\/div>
|c|★Groudon80|stop you to criticals :|
|choice||
|
|switch|p2a: Venomoth|Venomoth, L85|100\/100 par
|move|p1a: Magnemite|Thunder|p2a: Venomoth
|-damage|p2a: Venomoth|42\/100 par
|
|turn|16
|choice||
|
|move|p1a: Magnemite|Thunder|p2a: Venomoth
|-damage|p2a: Venomoth|0 fnt
|faint|p2a: Venomoth
|choice||
|
|switch|p2a: Grimer|Grimer, L96|100\/100
|turn|17
|choice||
|
|switch|p1a: Nidorino|Nidorino, L90|100\/100
|move|p2a: Grimer|Body Slam|p1a: Nidorino
|-crit|p1a: Nidorino
|-damage|p1a: Nidorino|43\/100
|
|turn|18
|choice||
|
|move|p1a: Nidorino|Blizzard|p2a: Grimer
|-damage|p2a: Grimer|73\/100
|move|p2a: Grimer|Body Slam|p1a: Nidorino
|-damage|p1a: Nidorino|17\/100
|
|turn|19
|choice||
|
|switch|p2a: Seaking|Seaking, L90|65\/100
|move|p1a: Nidorino|Blizzard|p2a: Seaking|[miss]
|-miss|p1a: Nidorino
|
|turn|20
|choice||
|
|move|p2a: Seaking|Surf|p1a: Nidorino
|-damage|p1a: Nidorino|0 fnt
|faint|p1a: Nidorino
|choice||
|
|switch|p1a: Magnemite|Magnemite, L96|100\/100
|turn|21
|choice||
|
|move|p2a: Seaking|Double-Edge|p1a: Magnemite
|-damage|p1a: Magnemite|66\/100
|-damage|p2a: Seaking|59\/100|[from] recoil|[of] p1a: Magnemite
|move|p1a: Magnemite|Thunder|p2a: Seaking
|-supereffective|p2a: Seaking
|-damage|p2a: Seaking|0 fnt
|faint|p2a: Seaking
|c|★Groudon80|when I use Thunder, it always miss 2,3 times
|c|★Groudon80|but not this time :(
|choice||
|
|switch|p2a: Grimer|Grimer, L96|73\/100
|turn|22
|c|★trickster is a nig|have you considered that maybe you're just bad?
|choice||
|
|switch|p1a: Vileplume|Vileplume, L90|100\/100
|move|p2a: Grimer|Explosion|p1a: Vileplume
|-damage|p1a: Vileplume|20\/100
|faint|p2a: Grimer
|choice||
|
|switch|p2a: Zapdos|Zapdos, L79|100\/100
|turn|23
|choice||
|
|move|p2a: Zapdos|Drill Peck|p1a: Vileplume
|-supereffective|p1a: Vileplume
|-damage|p1a: Vileplume|0 fnt
|faint|p1a: Vileplume
|choice||
|
|switch|p1a: Magnemite|Magnemite, L96|66\/100
|turn|24
|choice||
|
|move|p2a: Zapdos|Thunder Wave|p1a: Magnemite
|-status|p1a: Magnemite|par
|move|p1a: Magnemite|Thunder Wave|p2a: Zapdos
|-status|p2a: Zapdos|par
|
|turn|25
|choice||
|
|move|p2a: Zapdos|Thunderbolt|p1a: Magnemite
|-resisted|p1a: Magnemite
|-damage|p1a: Magnemite|49\/100 par
|move|p1a: Magnemite|Thunder|p2a: Zapdos|[miss]
|-miss|p1a: Magnemite
|
|turn|26
|choice||
|
|cant|p2a: Zapdos|par
|move|p1a: Magnemite|Thunder|p2a: Zapdos
|-damage|p2a: Zapdos|58\/100 par
|
|turn|27
|choice||
|
|cant|p2a: Zapdos|par
|cant|p1a: Magnemite|par
|
|turn|28
|choice||
|
|cant|p2a: Zapdos|par
|move|p1a: Magnemite|Thunder|p2a: Zapdos|[miss]
|-miss|p1a: Magnemite
|
|turn|29
|c|★Groudon80|fuck this game
|c|★Groudon80|!
|choice||
|
|cant|p2a: Zapdos|par
|move|p1a: Magnemite|Thunder|p2a: Zapdos
|-damage|p2a: Zapdos|10\/100 par
|
|turn|30
|c|★trickster is a nig|lol
|c|★Groudon80|FUUUUUUUUUUUUUUUUUUUUCK
|c|★trickster is a nig|get raped
|-message|Groudon80 forfeited.
|
|win|trickster is a nig
|player|p1
|player|p2
|l|Groudon80
|raw|trickster is a nig's rating: 1507 &rarr; <strong>1526<\/strong><br \/>(+19 for winning)
|raw|Groudon80's rating: 1482 &rarr; <strong>1463<\/strong><br \/>(-19 for losing)