|j|King UU
|j|Tricking
|player|p1|King UU|#kinguu
|player|p2|Tricking|#tricking
|gametype|singles
|gen|1
|tier|[Gen 1] OU
|seed|6270,15526,31249,10749
|rule|Sleep Clause Mod: Limit one foe put to sleep
|rule|Freeze Clause Mod: Limit one foe frozen
|rule|Species Clause: Limit one of each Pokémon
|rule|OHKO Clause: OHKO moves are banned
|rule|Evasion Moves Clause: Evasion moves are banned
|rule|HP Percentage Mod: HP is shown in percentages
|
|start
|switch|p1a: Gengar|Gengar|323\/323
|switch|p2a: Starmie|Starmie|323\/323
|turn|1
|c|★Tricking|gl
|choice|move 1|move 3
|
|move|p2a: Starmie|Thunder Wave|p1a: Gengar
|-status|p1a: Gengar|par
|move|p1a: Gengar|Hypnosis|p2a: Starmie
|-status|p2a: Starmie|slp
|
|turn|2
|choice|move 3|move 2
|
|cant|p2a: Starmie|slp
|cant|p1a: Gengar|par
|
|turn|3
|choice|move 3|switch 5
|
|switch|p2a: Tauros|Tauros|353\/353
|move|p1a: Gengar|Thunderbolt|p2a: Tauros
|-damage|p2a: Tauros|231\/353
|
|turn|4
|choice|move 2|move 2
|
|move|p2a: Tauros|Earthquake|p1a: Gengar
|-supereffective|p1a: Gengar
|-damage|p1a: Gengar|96\/323 par
|cant|p1a: Gengar|par
|
|turn|5
|choice|move 2|move 2
|
|move|p2a: Tauros|Earthquake|p1a: Gengar
|-crit|p1a: Gengar
|-supereffective|p1a: Gengar
|-damage|p1a: Gengar|0 fnt
|faint|p1a: Gengar
|choice|switch 4|
|
|switch|p1a: Jolteon|Jolteon|333\/333
|turn|6
|choice|move 4|switch 2
|
|switch|p2a: Exeggutor|Exeggutor|393\/393
|move|p1a: Jolteon|Double Kick|p2a: Exeggutor
|-resisted|p2a: Exeggutor
|-damage|p2a: Exeggutor|384\/393
|-damage|p2a: Exeggutor|375\/393
|-hitcount|p2a: Exeggutor|2
|
|turn|7
|choice|move 3|switch 3
|
|switch|p2a: Chansey|Chansey|703\/703
|move|p1a: Jolteon|Pin Missile|p2a: Chansey
|-crit|p2a: Chansey
|-damage|p2a: Chansey|659\/703
|-damage|p2a: Chansey|615\/703
|-damage|p2a: Chansey|571\/703
|-hitcount|p2a: Chansey|3
|
|turn|8
|choice|switch 5|move 1
|
|switch|p1a: Golem|Golem|363\/363
|move|p2a: Chansey|Thunder Wave|p1a: Golem
|-immune|p1a: Golem|[msg]
|
|turn|9
|choice|move 1|move 2
|
|move|p2a: Chansey|Ice Beam|p1a: Golem
|-crit|p1a: Golem
|-supereffective|p1a: Golem
|-damage|p1a: Golem|0 fnt
|faint|p1a: Golem
|c|★Tricking|sry
|choice|switch 6|
|
|switch|p1a: Exeggutor|Exeggutor|393\/393
|turn|10
|j|Barge
|choice|move 2|switch 5
|
|switch|p2a: Starmie|Starmie|323\/323 slp
|move|p1a: Exeggutor|Psychic|p2a: Starmie
|-resisted|p2a: Starmie
|-damage|p2a: Starmie|265\/323 slp
|-unboost|p2a: Starmie|spd|1
|-unboost|p2a: Starmie|spa|1
|
|turn|11
|choice|move 4|switch 3
|
|switch|p2a: Exeggutor|Exeggutor|375\/393
|move|p1a: Exeggutor|Mega Drain|p2a: Exeggutor
|-resisted|p2a: Exeggutor
|-damage|p2a: Exeggutor|352\/393
|
|turn|12
|choice|move 2|move 1
|
|move|p1a: Exeggutor|Psychic|p2a: Exeggutor
|-resisted|p2a: Exeggutor
|-damage|p2a: Exeggutor|301\/393
|-unboost|p2a: Exeggutor|spd|1
|-unboost|p2a: Exeggutor|spa|1
|move|p2a: Exeggutor|Sleep Powder|p1a: Exeggutor
|-status|p1a: Exeggutor|slp
|
|turn|13
|choice|switch 3|switch 2
|
|switch|p2a: Tauros|Tauros|231\/353
|switch|p1a: Starmie|Starmie|323\/323
|
|turn|14
|choice|move 1|switch 5
|
|switch|p2a: Chansey|Chansey|571\/703
|move|p1a: Starmie|Blizzard|p2a: Chansey
|-crit|p2a: Chansey
|-damage|p2a: Chansey|385\/703
|
|turn|15
|choice|move 4|move 4
|
|move|p1a: Starmie|Thunder Wave|p2a: Chansey
|-status|p2a: Chansey|par
|move|p2a: Chansey|Soft-Boiled|p2a: Chansey
|-heal|p2a: Chansey|703\/703 par
|
|turn|16
|choice|move 1|move 3
|
|move|p1a: Starmie|Blizzard|p2a: Chansey
|-damage|p2a: Chansey|607\/703 par
|move|p2a: Chansey|Thunderbolt|p1a: Starmie
|-crit|p1a: Starmie
|-supereffective|p1a: Starmie
|-damage|p1a: Starmie|0 fnt
|faint|p1a: Starmie
|c|★Tricking|god
|choice|switch 5|
|
|switch|p1a: Jolteon|Jolteon|333\/333
|turn|17
|choice|move 4|move 1
|
|move|p1a: Jolteon|Double Kick|p2a: Chansey
|-supereffective|p2a: Chansey
|-damage|p2a: Chansey|503\/703 par
|-damage|p2a: Chansey|399\/703 par
|-hitcount|p2a: Chansey|2
|move|p2a: Chansey|Thunder Wave|p1a: Jolteon
|-status|p1a: Jolteon|par
|
|turn|18
|choice|move 4|move 4
|
|cant|p1a: Jolteon|par
|move|p2a: Chansey|Soft-Boiled|p2a: Chansey
|-heal|p2a: Chansey|703\/703 par
|
|turn|19
|choice|move 1|switch 4
|
|switch|p2a: Alakazam|Alakazam|313\/313
|move|p1a: Jolteon|Thunderbolt|p2a: Alakazam
|-crit|p2a: Alakazam
|-damage|p2a: Alakazam|131\/313
|
|turn|20
|j|ToAdamAndBack
|l|ToAdamAndBack
|choice|move 2|move 3
|
|move|p2a: Alakazam|Psychic|p1a: Jolteon
|-damage|p1a: Jolteon|200\/333 par
|-unboost|p1a: Jolteon|spd|1
|-unboost|p1a: Jolteon|spa|1
|move|p1a: Jolteon|Thunder Wave|p2a: Alakazam
|-status|p2a: Alakazam|par
|
|turn|21
|choice|move 3|move 4
|
|cant|p2a: Alakazam|par
|cant|p1a: Jolteon|par
|
|turn|22
|choice|move 3|move 3
|
|move|p2a: Alakazam|Psychic|p1a: Jolteon
|-damage|p1a: Jolteon|0 fnt
|faint|p1a: Jolteon
|c|★King UU|wait how are you faster
|c|★King UU|..
|c|★Tricking|drop
|c|★Tricking|makes me faster
|c|★King UU|spd drop
|c|★King UU|slows me down?
|c|★Tricking|y
|c|★King UU|explain
|c|★Tricking|every drop
|c|★Tricking|idk rby, but i was told
|c|★Tricking|it's like this
|c|★Tricking|i'll ask lutra btw
|choice|switch 3|
|
|switch|p1a: Exeggutor|Exeggutor|393\/393 slp
|turn|23
|c|★King UU|true
|choice|move 2|switch 2
|
|switch|p2a: Exeggutor|Exeggutor|301\/393
|-curestatus|p1a: Exeggutor|slp
|
|turn|24
|choice|move 3|move 4
|
|move|p2a: Exeggutor|Explosion|p1a: Exeggutor
|-crit|p1a: Exeggutor
|-damage|p1a: Exeggutor|0 fnt
|faint|p1a: Exeggutor
|faint|p2a: Exeggutor
|choice|switch 2|switch 6
|
|switch|p1a: Chansey|Chansey|703\/703
|switch|p2a: Snorlax|Snorlax|523\/523
|turn|25
|choice|move 3|move 4
|
|move|p1a: Chansey|Thunder Wave|p2a: Snorlax
|-status|p2a: Snorlax|par
|cant|p2a: Snorlax|par
|
|turn|26
|choice|move 4|move 4
|
|move|p2a: Snorlax|Self-Destruct|p1a: Chansey
|-damage|p1a: Chansey|0 fnt
|faint|p1a: Chansey
|faint|p2a: Snorlax
|
|win|Tricking
|l|King UU
|player|p1