|j|Singermornings
|j|FrozenColorless
|player|p1|Singermornings|164
|player|p2|FrozenColorless|159
|gametype|singles
|gen|1
|tier|[Gen 1] OU
|rated
|seed|
|rule|Sleep Clause Mod: Limit one foe put to sleep
|rule|Freeze Clause Mod: Limit one foe frozen
|rule|Species Clause: Limit one of each Pokémon
|rule|OHKO Clause: OHKO moves are banned
|rule|Evasion Moves Clause: Evasion moves are banned
|rule|HP Percentage Mod: HP is shown in percentages
|
|start
|switch|p1a: Jynx|Jynx|100\/100
|switch|p2a: Arcanine|Arcanine|100\/100
|turn|1
|choice||
|
|switch|p1a: Cloyster|Cloyster|100\/100
|move|p2a: Arcanine|Substitute|p2a: Arcanine
|-start|p2a: Arcanine|Substitute
|-damage|p2a: Arcanine|76\/100
|
|turn|2
|choice||
|
|move|p2a: Arcanine|Flamethrower|p1a: Cloyster
|-damage|p1a: Cloyster|62\/100
|move|p1a: Cloyster|Surf|p2a: Arcanine
|-supereffective|p2a: Arcanine
|-end|p2a: Arcanine|Substitute
|
|turn|3
|choice||
|
|switch|p2a: Lapras|Lapras|100\/100
|move|p1a: Cloyster|Surf|p2a: Lapras
|-crit|p2a: Lapras
|-resisted|p2a: Lapras
|-damage|p2a: Lapras|78\/100
|
|turn|4
|choice||
|
|move|p1a: Cloyster|Ice Beam|p2a: Lapras
|-resisted|p2a: Lapras
|-damage|p2a: Lapras|73\/100
|move|p2a: Lapras|Sing|p1a: Cloyster
|-status|p1a: Cloyster|slp
|
|turn|5
|choice||
|
|cant|p1a: Cloyster|slp
|move|p2a: Lapras|Confuse Ray|p1a: Cloyster
|-start|p1a: Cloyster|confusion
|
|turn|6
|choice||
|
|switch|p2a: Jolteon|Jolteon|100\/100
|cant|p1a: Cloyster|slp
|
|turn|7
|choice||
|
|switch|p1a: Chansey|Chansey|100\/100
|move|p2a: Jolteon|Agility|p2a: Jolteon
|-boost|p2a: Jolteon|spe|2
|
|turn|8
|choice||
|
|move|p2a: Jolteon|Thunder Wave|p1a: Chansey
|-status|p1a: Chansey|par
|move|p1a: Chansey|Thunder Wave|p2a: Jolteon
|-status|p2a: Jolteon|par
|
|turn|9
|choice||
|
|move|p2a: Jolteon|Pin Missile|p1a: Chansey
|-damage|p1a: Chansey|97\/100 par
|-damage|p1a: Chansey|93\/100 par
|-damage|p1a: Chansey|90\/100 par
|-hitcount|p1a: Chansey|3
|move|p1a: Chansey|Counter|p2a: Jolteon
|-fail|p1a: Chansey
|
|turn|10
|choice||
|
|move|p2a: Jolteon|Pin Missile|p1a: Chansey
|-damage|p1a: Chansey|87\/100 par
|-damage|p1a: Chansey|83\/100 par
|-hitcount|p1a: Chansey|2
|cant|p1a: Chansey|par
|
|turn|11
|choice||
|
|move|p2a: Jolteon|Pin Missile|p1a: Chansey
|-damage|p1a: Chansey|80\/100 par
|-damage|p1a: Chansey|77\/100 par
|-hitcount|p1a: Chansey|2
|move|p1a: Chansey|Counter|p2a: Jolteon
|-fail|p1a: Chansey
|
|turn|12
|choice||
|
|move|p2a: Jolteon|Pin Missile|p1a: Chansey
|-damage|p1a: Chansey|73\/100 par
|-damage|p1a: Chansey|70\/100 par
|-damage|p1a: Chansey|67\/100 par
|-hitcount|p1a: Chansey|3
|cant|p1a: Chansey|par
|
|turn|13
|choice||
|
|move|p2a: Jolteon|Pin Missile|p1a: Chansey
|-crit|p1a: Chansey
|-damage|p1a: Chansey|60\/100 par
|-damage|p1a: Chansey|53\/100 par
|-damage|p1a: Chansey|46\/100 par
|-damage|p1a: Chansey|40\/100 par
|-hitcount|p1a: Chansey|4
|cant|p1a: Chansey|par
|
|turn|14
|choice||
|
|move|p2a: Jolteon|Pin Missile|p1a: Chansey
|-damage|p1a: Chansey|36\/100 par
|-damage|p1a: Chansey|33\/100 par
|-damage|p1a: Chansey|30\/100 par
|-damage|p1a: Chansey|27\/100 par
|-damage|p1a: Chansey|23\/100 par
|-hitcount|p1a: Chansey|5
|cant|p1a: Chansey|par
|
|turn|15
|choice||
|
|move|p2a: Jolteon|Pin Missile|p1a: Chansey|[miss]
|-miss|p2a: Jolteon
|move|p1a: Chansey|Soft-Boiled|p1a: Chansey
|-heal|p1a: Chansey|73\/100 par
|
|turn|16
|choice||
|
|switch|p2a: Venusaur|Venusaur|100\/100
|switch|p1a: Snorlax|Snorlax|100\/100
|
|turn|17
|choice||
|
|switch|p1a: Jynx|Jynx|100\/100
|move|p2a: Venusaur|Sleep Powder|p1a: Jynx
|-message|Sleep Clause Mod activated.
|
|turn|18
|choice||
|
|switch|p2a: Lapras|Lapras|73\/100
|move|p1a: Jynx|Lovely Kiss|p2a: Lapras
|-status|p2a: Lapras|slp
|
|turn|19
|choice||
|
|move|p1a: Jynx|Body Slam|p2a: Lapras
|-damage|p2a: Lapras|62\/100 slp
|cant|p2a: Lapras|slp
|
|turn|20
|choice||
|
|switch|p1a: Exeggutor|Exeggutor|100\/100
|cant|p2a: Lapras|slp
|
|turn|21
|choice||
|
|switch|p2a: Arcanine|Arcanine|76\/100
|move|p1a: Exeggutor|Psychic|p2a: Arcanine
|-damage|p2a: Arcanine|38\/100
|-unboost|p2a: Arcanine|spd|1
|-unboost|p2a: Arcanine|spa|1
|
|turn|22
|choice||
|
|move|p2a: Arcanine|Flamethrower|p1a: Exeggutor
|-supereffective|p1a: Exeggutor
|-damage|p1a: Exeggutor|70\/100
|move|p1a: Exeggutor|Psychic|p2a: Arcanine
|-damage|p2a: Arcanine|0 fnt
|faint|p2a: Arcanine
|choice||
|
|switch|p2a: Jolteon|Jolteon|100\/100 par
|turn|23
|choice||
|
|move|p1a: Exeggutor|Psychic|p2a: Jolteon
|-damage|p2a: Jolteon|63\/100 par
|move|p2a: Jolteon|Pin Missile|p1a: Exeggutor
|-crit|p1a: Exeggutor
|-supereffective|p1a: Exeggutor
|-damage|p1a: Exeggutor|50\/100
|-damage|p1a: Exeggutor|29\/100
|-hitcount|p1a: Exeggutor|2
|
|turn|24
|choice||
|
|move|p1a: Exeggutor|Explosion|p2a: Jolteon
|-damage|p2a: Jolteon|0 fnt
|faint|p2a: Jolteon
|faint|p1a: Exeggutor
|choice||
|
|switch|p1a: Jynx|Jynx|100\/100
|switch|p2a: Lapras|Lapras|62\/100 slp
|turn|25
|choice||
|
|move|p1a: Jynx|Psychic|p2a: Lapras
|-damage|p2a: Lapras|38\/100 slp
|-curestatus|p2a: Lapras|slp
|
|turn|26
|choice||
|
|move|p1a: Jynx|Lovely Kiss|p2a: Lapras
|-status|p2a: Lapras|slp
|cant|p2a: Lapras|slp
|
|turn|27
|choice||
|
|switch|p2a: Alakazam|Alakazam|100\/100
|move|p1a: Jynx|Psychic|p2a: Alakazam
|-resisted|p2a: Alakazam
|-damage|p2a: Alakazam|87\/100
|
|turn|28
|choice||
|
|move|p2a: Alakazam|Substitute|p2a: Alakazam
|-start|p2a: Alakazam|Substitute
|-damage|p2a: Alakazam|62\/100
|move|p1a: Jynx|Body Slam|p2a: Alakazam
|-activate|p2a: Alakazam|Substitute|[damage]
|
|turn|29
|choice||
|
|switch|p1a: Snorlax|Snorlax|100\/100
|move|p2a: Alakazam|Recover|p2a: Alakazam
|-heal|p2a: Alakazam|100\/100
|
|turn|30
|choice||
|
|move|p2a: Alakazam|Toxic|p1a: Snorlax|[miss]
|-miss|p2a: Alakazam
|move|p1a: Snorlax|Body Slam|p2a: Alakazam
|-end|p2a: Alakazam|Substitute
|
|turn|31
|choice||
|
|move|p2a: Alakazam|Toxic|p1a: Snorlax
|-status|p1a: Snorlax|tox
|move|p1a: Snorlax|Body Slam|p2a: Alakazam
|-crit|p2a: Alakazam
|-damage|p2a: Alakazam|0 fnt
|faint|p2a: Alakazam
|c|★Singermornings|lol
|c|★FrozenColorless|that hurt :\/
|choice||
|
|switch|p2a: Lapras|Lapras|38\/100 slp
|turn|32
|choice||
|
|cant|p2a: Lapras|slp
|move|p1a: Snorlax|Thunderbolt|p2a: Lapras
|-supereffective|p2a: Lapras
|-damage|p2a: Lapras|11\/100 slp
|-damage|p1a: Snorlax|94\/100 tox|[from] tox|[of] p2a: Lapras
|
|turn|33
|choice||
|
|switch|p2a: Dugtrio|Dugtrio|100\/100
|move|p1a: Snorlax|Body Slam|p2a: Dugtrio
|-damage|p2a: Dugtrio|43\/100
|-status|p2a: Dugtrio|par
|-damage|p1a: Snorlax|82\/100 tox|[from] tox|[of] p2a: Dugtrio
|
|turn|34
|c|★Singermornings|lol
|choice||
|
|move|p1a: Snorlax|Body Slam|p2a: Dugtrio
|-damage|p2a: Dugtrio|0 fnt
|faint|p2a: Dugtrio
|c|★FrozenColorless|gg
|choice||
|
|switch|p2a: Venusaur|Venusaur|100\/100
|turn|35
|choice||
|
|move|p2a: Venusaur|Substitute|p2a: Venusaur
|-start|p2a: Venusaur|Substitute
|-damage|p2a: Venusaur|76\/100
|move|p1a: Snorlax|Amnesia|p1a: Snorlax
|-boost|p1a: Snorlax|spd|2
|-boost|p1a: Snorlax|spa|2
|-damage|p1a: Snorlax|64\/100 tox|[from] psn
|
|turn|36
|choice||
|
|move|p2a: Venusaur|Swords Dance|p2a: Venusaur
|-boost|p2a: Venusaur|atk|2
|move|p1a: Snorlax|Rest|p1a: Snorlax
|-status|p1a: Snorlax|slp
|-heal|p1a: Snorlax|100\/100 slp|[silent]
|-status|p1a: Snorlax|slp|[from] move: Rest
|
|turn|37
|choice||
|
|move|p2a: Venusaur|Swords Dance|p2a: Venusaur
|-boost|p2a: Venusaur|atk|2
|cant|p1a: Snorlax|slp
|
|turn|38
|choice||
|
|move|p2a: Venusaur|Swords Dance|p2a: Venusaur
|-boost|p2a: Venusaur|atk|2
|-curestatus|p1a: Snorlax|slp
|
|turn|39
|choice||
|
|move|p2a: Venusaur|Body Slam|p1a: Snorlax
|-damage|p1a: Snorlax|41\/100
|move|p1a: Snorlax|Body Slam|p2a: Venusaur
|-end|p2a: Venusaur|Substitute
|
|turn|40
|choice||
|
|switch|p1a: Cloyster|Cloyster|62\/100 slp
|move|p2a: Venusaur|Body Slam|p1a: Cloyster
|-damage|p1a: Cloyster|14\/100 slp
|
|turn|41
|choice||
|
|move|p2a: Venusaur|Substitute|p2a: Venusaur
|-start|p2a: Venusaur|Substitute
|-damage|p2a: Venusaur|51\/100
|cant|p1a: Cloyster|slp
|
|turn|42
|choice||
|
|move|p2a: Venusaur|Body Slam|p1a: Cloyster
|-damage|p1a: Cloyster|0 fnt
|faint|p1a: Cloyster
|choice||
|
|switch|p1a: Jynx|Jynx|100\/100
|turn|43
|choice||
|
|move|p1a: Jynx|Lovely Kiss|p2a: Venusaur|[miss]
|-miss|p1a: Jynx
|move|p2a: Venusaur|Sleep Powder|p1a: Jynx
|-status|p1a: Jynx|slp
|
|turn|44
|choice||
|
|switch|p1a: Dragonite|Dragonite|100\/100
|move|p2a: Venusaur|Body Slam|p1a: Dragonite
|-damage|p1a: Dragonite|38\/100
|
|turn|45
|choice||
|
|move|p2a: Venusaur|Body Slam|p1a: Dragonite
|-damage|p1a: Dragonite|0 fnt
|faint|p1a: Dragonite
|choice||
|
|switch|p1a: Chansey|Chansey|73\/100 par
|turn|46
|choice||
|
|move|p2a: Venusaur|Body Slam|p1a: Chansey
|-damage|p1a: Chansey|0 fnt
|faint|p1a: Chansey
|c|★FrozenColorless|this venasaur tho
|choice||
|
|switch|p1a: Snorlax|Snorlax|41\/100
|turn|47
|choice||
|
|move|p2a: Venusaur|Body Slam|p1a: Snorlax
|-damage|p1a: Snorlax|0 fnt
|faint|p1a: Snorlax
|choice||
|
|switch|p1a: Jynx|Jynx|100\/100 slp
|turn|48
|c|★Singermornings|very nice
|choice||
|
|cant|p1a: Jynx|slp
|move|p2a: Venusaur|Body Slam|p1a: Jynx
|-damage|p1a: Jynx|0 fnt
|faint|p1a: Jynx
|
|win|FrozenColorless
|player|p1
|player|p2
|c|★FrozenColorless|didnt think the tactic would accually work
|raw|Singermornings's rating: 1132 &rarr; <strong>1106<\/strong><br \/>(-26 for losing)
|raw|FrozenColorless's rating: 1112 &rarr; <strong>1138<\/strong><br \/>(+26 for winning)
|l|Singermornings