|j|Tendoh
|j|GhostlyGastly92
|player|p1|Tendoh|266
|player|p2|GhostlyGastly92|198
|gametype|singles
|gen|1
|tier|[Gen 1] OU
|rated
|seed|3997,52922,29144,57053
|rule|Sleep Clause Mod: Limit one foe put to sleep
|rule|Freeze Clause Mod: Limit one foe frozen
|rule|Species Clause: Limit one of each Pokémon
|rule|OHKO Clause: OHKO moves are banned
|rule|Evasion Moves Clause: Evasion moves are banned
|rule|HP Percentage Mod: HP is shown in percentages
|
|start
|switch|p1a: How can I even see|Starmie|323\/323
|switch|p2a: Alakazam|Alakazam|313\/313
|turn|1
|c|★GhostlyGastly92|hf
|choice|switch 2|switch 3
|
|switch|p2a: Chansey|Chansey|703\/703
|switch|p1a: Pink alien|Chansey|703\/703
|
|turn|2
|c|★Tendoh|ty
|choice|move 1|move 3
|
|move|p1a: Pink alien|Ice Beam|p2a: Chansey
|-damage|p2a: Chansey|629\/703
|move|p2a: Chansey|Ice Beam|p1a: Pink alien
|-damage|p1a: Pink alien|628\/703
|
|turn|3
|choice|move 1|move 3
|
|move|p1a: Pink alien|Ice Beam|p2a: Chansey
|-damage|p2a: Chansey|553\/703
|move|p2a: Chansey|Ice Beam|p1a: Pink alien
|-damage|p1a: Pink alien|554\/703
|
|turn|4
|choice|move 1|move 3
|
|move|p2a: Chansey|Ice Beam|p1a: Pink alien
|-damage|p1a: Pink alien|484\/703
|move|p1a: Pink alien|Ice Beam|p2a: Chansey
|-crit|p2a: Chansey
|-damage|p2a: Chansey|409\/703
|
|turn|5
|choice|move 1|move 4
|
|move|p2a: Chansey|Soft-Boiled|p2a: Chansey
|-heal|p2a: Chansey|703\/703
|move|p1a: Pink alien|Ice Beam|p2a: Chansey
|-damage|p2a: Chansey|634\/703
|
|turn|6
|choice|move 1|switch 6
|
|switch|p2a: Cloyster|Cloyster|303\/303
|move|p1a: Pink alien|Ice Beam|p2a: Cloyster
|-crit|p2a: Cloyster
|-resisted|p2a: Cloyster
|-damage|p2a: Cloyster|261\/303
|
|turn|7
|choice|move 4|move 1
|
|move|p2a: Cloyster|Clamp|p1a: Pink alien
|-damage|p1a: Pink alien|446\/703
|-activate|p1a: Pink alien|move: Clamp|[of] p2a: Cloyster
|cant|p1a: Pink alien|partiallytrapped
|
|turn|8
|choice|switch 2|move 1
|
|switch|p1a: How can I even see|Starmie|323\/323
|move|p2a: Cloyster|Clamp|p1a: How can I even see|[miss]
|-miss|p2a: Cloyster
|
|turn|9
|choice|move 2|switch 6
|
|switch|p2a: Chansey|Chansey|634\/703
|move|p1a: How can I even see|Thunderbolt|p2a: Chansey
|-crit|p2a: Chansey
|-damage|p2a: Chansey|498\/703
|-status|p2a: Chansey|par
|
|turn|10
|choice|move 1|move 3
|
|move|p1a: How can I even see|Blizzard|p2a: Chansey|[miss]
|-miss|p1a: How can I even see
|move|p2a: Chansey|Ice Beam|p1a: How can I even see
|-resisted|p1a: How can I even see
|-damage|p1a: How can I even see|286\/323
|
|turn|11
|choice|move 1|move 4
|
|move|p1a: How can I even see|Blizzard|p2a: Chansey
|-damage|p2a: Chansey|411\/703 par
|move|p2a: Chansey|Soft-Boiled|p2a: Chansey
|-heal|p2a: Chansey|703\/703 par
|
|turn|12
|choice|switch 2|move 2
|
|switch|p1a: Pink alien|Chansey|446\/703
|move|p2a: Chansey|Thunderbolt|p1a: Pink alien
|-crit|p1a: Pink alien
|-damage|p1a: Pink alien|289\/703
|
|turn|13
|choice|move 3|move 3
|
|move|p1a: Pink alien|Soft-Boiled|p1a: Pink alien
|-heal|p1a: Pink alien|640\/703
|move|p2a: Chansey|Ice Beam|p1a: Pink alien
|-damage|p1a: Pink alien|569\/703
|
|turn|14
|choice|switch 6|move 3
|
|switch|p1a: He-man|Tauros|353\/353
|move|p2a: Chansey|Ice Beam|p1a: He-man
|-damage|p1a: He-man|255\/353
|
|turn|15
|choice|move 1|move 1
|
|move|p1a: He-man|Body Slam|p2a: Chansey
|-damage|p2a: Chansey|419\/703 par
|move|p2a: Chansey|Thunder Wave|p1a: He-man
|-status|p1a: He-man|par
|
|turn|16
|choice|move 2|switch 6
|
|switch|p2a: Cloyster|Cloyster|261\/303
|move|p1a: He-man|Hyper Beam|p2a: Cloyster
|-damage|p2a: Cloyster|154\/303
|
|turn|17
|-mustrecharge|p1a: He-man
|-mustrecharge|p1a: He-man
|choice|move 1|move 2
|
|move|p2a: Cloyster|Blizzard|p1a: He-man
|-damage|p1a: He-man|105\/353 par
|cant|p1a: He-man|recharge
|
|turn|18
|choice|switch 2|move 1
|
|switch|p1a: How can I even see|Starmie|286\/323
|move|p2a: Cloyster|Clamp|p1a: How can I even see
|-resisted|p1a: How can I even see
|-damage|p1a: How can I even see|268\/323
|-activate|p1a: How can I even see|move: Clamp|[of] p2a: Cloyster
|
|turn|19
|choice|move 2|move 1
|
|cant|p1a: How can I even see|partiallytrapped
|move|p2a: Cloyster|Clamp|p1a: How can I even see|[from]Clamp
|-damage|p1a: How can I even see|250\/323
|
|-end|p1a: How can I even see|Clamp|[partiallytrapped]
|turn|20
|choice|move 2|switch 6
|
|switch|p2a: Chansey|Chansey|419\/703 par
|move|p1a: How can I even see|Thunderbolt|p2a: Chansey
|-damage|p2a: Chansey|352\/703 par
|
|turn|21
|choice|switch 5|move 4
|
|switch|p1a: Dynamite proof|Golem|363\/363
|move|p2a: Chansey|Soft-Boiled|p2a: Chansey
|-heal|p2a: Chansey|703\/703 par
|
|turn|22
|choice|move 1|switch 2
|
|switch|p2a: Exeggutor|Exeggutor|393\/393
|move|p1a: Dynamite proof|Earthquake|p2a: Exeggutor
|-crit|p2a: Exeggutor
|-resisted|p2a: Exeggutor
|-damage|p2a: Exeggutor|257\/393
|
|turn|23
|choice|move 4|move 1
|
|move|p2a: Exeggutor|Sleep Powder|p1a: Dynamite proof|[miss]
|-miss|p2a: Exeggutor
|move|p1a: Dynamite proof|Explosion|p2a: Exeggutor
|-damage|p2a: Exeggutor|0 fnt
|faint|p2a: Exeggutor
|faint|p1a: Dynamite proof
|c|★GhostlyGastly92|i hate when this happens lol
|choice|switch 3|switch 2
|
|switch|p1a: Siamese twins|Exeggutor|393\/393
|switch|p2a: Chansey|Chansey|703\/703 par
|turn|24
|choice|move 2|switch 3
|
|switch|p2a: Alakazam|Alakazam|313\/313
|move|p1a: Siamese twins|Psychic|p2a: Alakazam
|-resisted|p2a: Alakazam
|-damage|p2a: Alakazam|260\/313
|
|turn|25
|choice|move 1|move 2
|
|move|p2a: Alakazam|Psychic|p1a: Siamese twins
|-resisted|p1a: Siamese twins
|-damage|p1a: Siamese twins|337\/393
|move|p1a: Siamese twins|Sleep Powder|p2a: Alakazam
|-status|p2a: Alakazam|slp
|
|turn|26
|choice|move 2|switch 6
|
|switch|p2a: Cloyster|Cloyster|154\/303
|move|p1a: Siamese twins|Psychic|p2a: Cloyster
|-damage|p2a: Cloyster|16\/303
|-unboost|p2a: Cloyster|spd|1
|-unboost|p2a: Cloyster|spa|1
|
|turn|27
|choice|move 2|move 3
|
|move|p2a: Cloyster|Explosion|p1a: Siamese twins
|-damage|p1a: Siamese twins|31\/393
|faint|p2a: Cloyster
|choice||switch 4
|
|switch|p2a: Tauros|Tauros|353\/353
|turn|28
|choice|switch 2|move 1
|
|switch|p1a: He-man|Tauros|105\/353 par
|move|p2a: Tauros|Body Slam|p1a: He-man
|-damage|p1a: He-man|4\/353 par
|
|turn|29
|choice|move 2|move 1
|
|move|p2a: Tauros|Body Slam|p1a: He-man
|-damage|p1a: He-man|0 fnt
|faint|p1a: He-man
|choice|switch 5|
|
|switch|p1a: How can I even see|Starmie|250\/323
|turn|30
|choice|move 4|switch 3
|
|switch|p2a: Chansey|Chansey|703\/703 par
|move|p1a: How can I even see|Recover|p1a: How can I even see
|-heal|p1a: How can I even see|323\/323
|
|turn|31
|choice|move 1|move 3
|
|move|p1a: How can I even see|Blizzard|p2a: Chansey
|-damage|p2a: Chansey|618\/703 par
|move|p2a: Chansey|Ice Beam|p1a: How can I even see
|-resisted|p1a: How can I even see
|-damage|p1a: How can I even see|286\/323
|
|turn|32
|choice|move 1|move 2
|
|move|p1a: How can I even see|Blizzard|p2a: Chansey
|-crit|p2a: Chansey
|-damage|p2a: Chansey|445\/703 par
|move|p2a: Chansey|Thunderbolt|p1a: How can I even see
|-supereffective|p1a: How can I even see
|-damage|p1a: How can I even see|122\/323
|
|turn|33
|choice|switch 2|move 1
|
|switch|p1a: Siamese twins|Exeggutor|31\/393
|cant|p2a: Chansey|par
|
|turn|34
|choice|move 3|switch 5
|
|switch|p2a: Golem|Golem|363\/363
|move|p1a: Siamese twins|Explosion|p2a: Golem
|-resisted|p2a: Golem
|-damage|p2a: Golem|262\/363
|faint|p1a: Siamese twins
|choice|switch 4|
|
|switch|p1a: Requiem bell|Victreebel|363\/363
|turn|35
|choice|move 1|switch 5
|
|switch|p2a: Chansey|Chansey|445\/703 par
|move|p1a: Requiem bell|Stun Spore|p2a: Chansey|[miss]
|-miss|p1a: Requiem bell
|
|turn|36
|choice|move 2|move 3
|
|move|p1a: Requiem bell|Wrap|p2a: Chansey
|-damage|p2a: Chansey|409\/703 par
|-activate|p2a: Chansey|move: Wrap|[of] p1a: Requiem bell
|cant|p2a: Chansey|partiallytrapped
|
|turn|37
|choice|move 2|switch 3
|
|switch|p2a: Tauros|Tauros|353\/353
|move|p1a: Requiem bell|Wrap|p2a: Tauros
|-damage|p2a: Tauros|339\/353
|-activate|p2a: Tauros|move: Wrap|[of] p1a: Requiem bell
|
|turn|38
|choice|move 2|move 4
|
|cant|p2a: Tauros|partiallytrapped
|move|p1a: Requiem bell|Wrap|p2a: Tauros|[from]Wrap
|-damage|p2a: Tauros|325\/353
|
|turn|39
|choice|move 2|move 4
|
|cant|p2a: Tauros|partiallytrapped
|move|p1a: Requiem bell|Wrap|p2a: Tauros|[from]Wrap
|-damage|p2a: Tauros|311\/353
|
|turn|40
|j|Diegolh
|choice|move 2|move 4
|
|cant|p2a: Tauros|partiallytrapped
|move|p1a: Requiem bell|Wrap|p2a: Tauros|[from]Wrap
|-damage|p2a: Tauros|297\/353
|
|-end|p2a: Tauros|Wrap|[partiallytrapped]
|turn|41
|choice|move 1|move 4
|
|move|p2a: Tauros|Blizzard|p1a: Requiem bell
|-supereffective|p1a: Requiem bell
|-damage|p1a: Requiem bell|207\/363
|move|p1a: Requiem bell|Stun Spore|p2a: Tauros
|-status|p2a: Tauros|par
|
|turn|42
|choice|move 2|move 3
|
|move|p1a: Requiem bell|Wrap|p2a: Tauros
|-crit|p2a: Tauros
|-damage|p2a: Tauros|271\/353 par
|-activate|p2a: Tauros|move: Wrap|[of] p1a: Requiem bell
|cant|p2a: Tauros|par
|
|turn|43
|choice|move 2|switch 6
|
|switch|p2a: Alakazam|Alakazam|260\/313 slp
|move|p1a: Requiem bell|Wrap|p2a: Alakazam
|-damage|p2a: Alakazam|241\/313 slp
|-activate|p2a: Alakazam|move: Wrap|[of] p1a: Requiem bell
|
|turn|44
|choice|move 2|move 2
|
|cant|p2a: Alakazam|slp
|move|p1a: Requiem bell|Wrap|p2a: Alakazam|[from]Wrap
|-damage|p2a: Alakazam|222\/313 slp
|
|-end|p2a: Alakazam|Wrap|[partiallytrapped]
|turn|45
|choice|move 4|switch 6
|
|switch|p2a: Tauros|Tauros|271\/353 par
|move|p1a: Requiem bell|Razor Leaf|p2a: Tauros
|-crit|p2a: Tauros
|-damage|p2a: Tauros|116\/353 par
|
|turn|46
|choice|move 4|move 4
|
|move|p1a: Requiem bell|Razor Leaf|p2a: Tauros
|-crit|p2a: Tauros
|-damage|p2a: Tauros|0 fnt
|faint|p2a: Tauros
|choice||switch 6
|
|switch|p2a: Alakazam|Alakazam|222\/313 slp
|turn|47
|choice|move 4|move 2
|
|cant|p2a: Alakazam|slp
|move|p1a: Requiem bell|Razor Leaf|p2a: Alakazam|[miss]
|-miss|p1a: Requiem bell
|
|turn|48
|choice|move 4|move 2
|
|cant|p2a: Alakazam|slp
|move|p1a: Requiem bell|Razor Leaf|p2a: Alakazam
|-crit|p2a: Alakazam
|-damage|p2a: Alakazam|116\/313 slp
|
|turn|49
|choice|move 3|move 2
|
|-curestatus|p2a: Alakazam|slp
|move|p1a: Requiem bell|Hyper Beam|p2a: Alakazam|[miss]
|-miss|p1a: Requiem bell
|
|turn|50
|choice|switch 6|move 4
|
|switch|p1a: Pink alien|Chansey|569\/703
|move|p2a: Alakazam|Recover|p2a: Alakazam
|-heal|p2a: Alakazam|272\/313
|
|turn|51
|choice|move 2|switch 3
|
|switch|p2a: Chansey|Chansey|409\/703 par
|move|p1a: Pink alien|Thunder Wave|p2a: Chansey
|-fail|p2a: Chansey|par
|
|turn|52
|choice|move 1|move 3
|
|move|p1a: Pink alien|Ice Beam|p2a: Chansey
|-damage|p2a: Chansey|334\/703 par
|move|p2a: Chansey|Ice Beam|p1a: Pink alien
|-damage|p1a: Pink alien|489\/703
|
|turn|53
|choice|switch 6|move 4
|
|switch|p1a: Requiem bell|Victreebel|207\/363
|move|p2a: Chansey|Soft-Boiled|p2a: Chansey
|-heal|p2a: Chansey|685\/703 par
|
|turn|54
|choice|move 2|move 3
|
|move|p1a: Requiem bell|Wrap|p2a: Chansey
|-damage|p2a: Chansey|653\/703 par
|-activate|p2a: Chansey|move: Wrap|[of] p1a: Requiem bell
|cant|p2a: Chansey|partiallytrapped
|
|turn|55
|choice|move 2|switch 5
|
|switch|p2a: Golem|Golem|262\/363
|move|p1a: Requiem bell|Wrap|p2a: Golem
|-resisted|p2a: Golem
|-damage|p2a: Golem|257\/363
|-activate|p2a: Golem|move: Wrap|[of] p1a: Requiem bell
|
|turn|56
|choice|move 2|move 2
|
|move|p1a: Requiem bell|Wrap|p2a: Golem|[from]Wrap
|-damage|p2a: Golem|252\/363
|cant|p2a: Golem|partiallytrapped
|
|turn|57
|choice|move 2|move 2
|
|move|p1a: Requiem bell|Wrap|p2a: Golem|[from]Wrap
|-damage|p2a: Golem|247\/363
|cant|p2a: Golem|partiallytrapped
|
|turn|58
|choice|move 2|move 1
|
|move|p1a: Requiem bell|Wrap|p2a: Golem|[from]Wrap
|-damage|p2a: Golem|242\/363
|cant|p2a: Golem|partiallytrapped
|
|turn|59
|choice|move 2|move 2
|
|move|p1a: Requiem bell|Wrap|p2a: Golem|[from]Wrap
|-damage|p2a: Golem|237\/363
|cant|p2a: Golem|partiallytrapped
|
|-end|p2a: Golem|Wrap|[partiallytrapped]
|turn|60
|choice|move 4|switch 3
|
|switch|p2a: Alakazam|Alakazam|272\/313
|move|p1a: Requiem bell|Razor Leaf|p2a: Alakazam
|-crit|p2a: Alakazam
|-damage|p2a: Alakazam|173\/313
|
|turn|61
|choice|switch 2|move 2
|
|switch|p1a: How can I even see|Starmie|122\/323
|move|p2a: Alakazam|Psychic|p1a: How can I even see
|-crit|p1a: How can I even see
|-resisted|p1a: How can I even see
|-damage|p1a: How can I even see|0 fnt
|faint|p1a: How can I even see
|choice|switch 6|
|
|switch|p1a: Pink alien|Chansey|489\/703
|turn|62
|choice|move 3|switch 5
|
|switch|p2a: Chansey|Chansey|653\/703 par
|move|p1a: Pink alien|Soft-Boiled|p1a: Pink alien
|-heal|p1a: Pink alien|703\/703
|
|turn|63
|choice|move 4|move 3
|
|move|p1a: Pink alien|Seismic Toss|p2a: Chansey
|-damage|p2a: Chansey|553\/703 par
|move|p2a: Chansey|Ice Beam|p1a: Pink alien
|-damage|p1a: Pink alien|625\/703
|
|turn|64
|choice|move 4|move 3
|
|move|p1a: Pink alien|Seismic Toss|p2a: Chansey
|-damage|p2a: Chansey|453\/703 par
|move|p2a: Chansey|Ice Beam|p1a: Pink alien
|-damage|p1a: Pink alien|549\/703
|-status|p1a: Pink alien|frz
|
|turn|65
|choice|move 4|move 3
|
|cant|p1a: Pink alien|frz
|move|p2a: Chansey|Ice Beam|p1a: Pink alien
|-damage|p1a: Pink alien|474\/703 frz
|
|turn|66
|-message|Tendoh forfeited.
|
|win|GhostlyGastly92
|player|p1
|player|p2
|l|Tendoh
|raw|Tendoh's rating: 1460 &rarr; <strong>1434<\/strong><br \/>(-26 for losing)
|raw|GhostlyGastly92's rating: 1341 &rarr; <strong>1368<\/strong><br \/>(+27 for winning)
|l|Diegolh