|join|Dervodel
|join|SophieStar
|player|p1|Dervodel|169
|player|p2|SophieStar|159
|gametype|singles
|gen|1
|tier|[Gen 1] Random Battle
|rated
|rule|Sleep Clause Mod: Limit one foe put to sleep
|rule|Freeze Clause Mod: Limit one foe frozen
|rule|HP Percentage Mod: HP is shown in percentages
|
|start
|switch|p1a: Jigglypuff|Jigglypuff, L99|428\/428
|switch|p2a: Pidgeot|Pidgeot, L90|333\/333
|turn|1
|
|move|p2a: Pidgeot|Double-Edge|p1a: Jigglypuff
|-damage|p1a: Jigglypuff|237\/428
|-damage|p2a: Pidgeot|286\/333|[from] recoil|[of] p1a: Jigglypuff
|move|p1a: Jigglypuff|Thunder Wave|p2a: Pidgeot
|-status|p2a: Pidgeot|par
|
|turn|2
|
|move|p1a: Jigglypuff|Double-Edge|p2a: Pidgeot
|-damage|p2a: Pidgeot|189\/333 par
|-damage|p1a: Jigglypuff|213\/428|[from] recoil|[of] p2a: Pidgeot
|move|p2a: Pidgeot|Double-Edge|p1a: Jigglypuff
|-damage|p1a: Jigglypuff|31\/428
|-damage|p2a: Pidgeot|144\/333 par|[from] recoil|[of] p1a: Jigglypuff
|
|turn|3
|
|switch|p1a: Kabutops|Kabutops, L85|276\/276
|move|p2a: Pidgeot|Double-Edge|p1a: Kabutops
|-crit|p1a: Kabutops
|-resisted|p1a: Kabutops
|-damage|p1a: Kabutops|179\/276
|-damage|p2a: Pidgeot|120\/333 par|[from] recoil|[of] p1a: Kabutops
|
|turn|4
|
|move|p1a: Kabutops|Surf|p2a: Pidgeot
|-damage|p2a: Pidgeot|30\/333 par
|move|p2a: Pidgeot|Rest|p2a: Pidgeot
|-status|p2a: Pidgeot|slp
|-heal|p2a: Pidgeot|333\/333 slp|[silent]
|-status|p2a: Pidgeot|slp|[from] move: Rest
|
|turn|5
|
|switch|p2a: Hitmonchan|Hitmonchan, L90|273\/273
|move|p1a: Kabutops|Swords Dance|p1a: Kabutops
|-boost|p1a: Kabutops|atk|2
|
|turn|6
|
|move|p1a: Kabutops|Body Slam|p2a: Hitmonchan
|-damage|p2a: Hitmonchan|130\/273
|move|p2a: Hitmonchan|Counter|p1a: Kabutops
|-damage|p1a: Kabutops|0 fnt
|faint|p1a: Kabutops
|
|switch|p1a: Charmeleon|Charmeleon, L85|272\/272
|turn|7
|
|switch|p2a: Krabby|Krabby, L96|252\/252
|move|p1a: Charmeleon|Swords Dance|p1a: Charmeleon
|-boost|p1a: Charmeleon|atk|2
|
|turn|8
|
|move|p1a: Charmeleon|Slash|p2a: Krabby
|-crit|p2a: Krabby
|-damage|p2a: Krabby|183\/252
|move|p2a: Krabby|Crabhammer|p1a: Charmeleon
|-crit|p1a: Charmeleon
|-supereffective|p1a: Charmeleon
|-damage|p1a: Charmeleon|0 fnt
|faint|p1a: Charmeleon
|
|switch|p1a: Magneton|Magneton, L90|273\/273
|turn|9
|
|switch|p2a: Parasect|Parasect, L90|291\/291
|move|p1a: Magneton|Thunder Wave|p2a: Parasect
|-status|p2a: Parasect|par
|
|turn|10
|
|switch|p1a: Lickitung|Lickitung, L90|345\/345
|move|p2a: Parasect|Toxic|p1a: Lickitung
|-status|p1a: Lickitung|tox
|
|turn|11
|
|switch|p1a: Paras|Paras, L96|262\/262
|move|p2a: Parasect|Body Slam|p1a: Paras
|-damage|p1a: Paras|186\/262
|
|turn|12
|
|move|p1a: Paras|Swords Dance|p1a: Paras
|-boost|p1a: Paras|atk|2
|move|p2a: Parasect|Body Slam|p1a: Paras
|-damage|p1a: Paras|108\/262
|
|turn|13
|
|move|p1a: Paras|Body Slam|p2a: Parasect
|-damage|p2a: Parasect|173\/291 par
|move|p2a: Parasect|Hyper Beam|p1a: Paras
|-damage|p1a: Paras|0 fnt
|faint|p1a: Paras
|c|★Dervodel|why is nobady paralized ever?
|
|switch|p1a: Lickitung|Lickitung, L90|345\/345 tox
|-status|p1a: Lickitung|psn
|turn|14
|
|move|p1a: Lickitung|Swords Dance|p1a: Lickitung
|-boost|p1a: Lickitung|atk|2
|-damage|p1a: Lickitung|324\/345 psn|[from] psn
|move|p2a: Parasect|Body Slam|p1a: Lickitung
|-damage|p1a: Lickitung|252\/345 psn
|
|turn|15
|
|move|p1a: Lickitung|Swords Dance|p1a: Lickitung
|-boost|p1a: Lickitung|atk|2
|-damage|p1a: Lickitung|231\/345 psn|[from] psn
|cant|p2a: Parasect|par
|
|turn|16
|
|move|p1a: Lickitung|Body Slam|p2a: Parasect
|-damage|p2a: Parasect|0 fnt
|faint|p2a: Parasect
|
|switch|p2a: Hitmonchan|Hitmonchan, L90|130\/273
|turn|17
|
|move|p2a: Hitmonchan|Submission|p1a: Lickitung
|-supereffective|p1a: Lickitung
|-damage|p1a: Lickitung|30\/345 psn
|-damage|p2a: Hitmonchan|80\/273|[from] recoil|[of] p1a: Lickitung
|move|p1a: Lickitung|Body Slam|p2a: Hitmonchan
|-damage|p2a: Hitmonchan|0 fnt
|faint|p2a: Hitmonchan
|
|switch|p2a: Ninetales|Ninetales, L85|298\/298
|turn|18
|
|move|p2a: Ninetales|Body Slam|p1a: Lickitung
|-crit|p1a: Lickitung
|-damage|p1a: Lickitung|0 fnt
|faint|p1a: Lickitung
|
|switch|p1a: Magneton|Magneton, L90|273\/273
|turn|19
|
|move|p2a: Ninetales|Confuse Ray|p1a: Magneton
|-start|p1a: Magneton|confusion
|-activate|p1a: Magneton|confusion
|-damage|p1a: Magneton|248\/273|[from] confusion
|
|turn|20
|
|move|p2a: Ninetales|Fire Blast|p1a: Magneton
|-damage|p1a: Magneton|145\/273
|-activate|p1a: Magneton|confusion
|move|p1a: Magneton|Thunderbolt|p2a: Ninetales
|-damage|p2a: Ninetales|171\/298
|
|turn|21
|
|move|p2a: Ninetales|Reflect|p2a: Ninetales
|-start|p2a: Ninetales|Reflect
|-end|p1a: Magneton|confusion
|move|p1a: Magneton|Thunderbolt|p2a: Ninetales
|-damage|p2a: Ninetales|41\/298
|
|turn|22
|
|move|p2a: Ninetales|Fire Blast|p1a: Magneton
|-damage|p1a: Magneton|43\/273
|-status|p1a: Magneton|brn
|move|p1a: Magneton|Thunderbolt|p2a: Ninetales
|-damage|p2a: Ninetales|0 fnt
|faint|p2a: Ninetales
|
|switch|p2a: Chansey|Chansey, L79|557\/557
|turn|23
|
|move|p1a: Magneton|Thunder Wave|p2a: Chansey
|-status|p2a: Chansey|par
|-damage|p1a: Magneton|26\/273 brn|[from] brn|[of] p2a: Chansey
|move|p2a: Chansey|Thunderbolt|p1a: Magneton
|-resisted|p1a: Magneton
|-damage|p1a: Magneton|1\/273 brn
|
|turn|24
|
|move|p1a: Magneton|Hyper Beam|p2a: Chansey
|-damage|p2a: Chansey|438\/557 par
|-damage|p1a: Magneton|0 fnt|[from] brn|[of] p2a: Chansey
|faint|p1a: Magneton
|-message|Dervodel forfeited.
|
|win|SophieStar
|raw|Ladder updating...
|leave|Dervodel
|player|p1