|join|kid gf lol
|join|ggc
|player|p1|kid gf lol|167
|player|p2|ggc|209
|gametype|singles
|gen|1
|tier|[Gen 1] OU (beta)
|rated
|rule|Sleep Clause Mod: Limit one foe put to sleep
|rule|Species Clause: Limit one of each Pokemon
|rule|OHKO Clause: OHKO moves are banned
|rule|Moody Clause: Moody is banned
|rule|Evasion Moves Clause: Evasion moves are banned
|rule|Endless Battle Clause: Forcing endless battles is banned.
|rule|HP Percentage Mod: HP is reported as percentages
|
|start
|switch|p1a: Zam Lead|Alakazam|313\/313
|switch|p2a: Jynx|Jynx|333\/333
|turn|1
|
|switch|p2a: Chansey|Chansey|703\/703
|move|p1a: Zam Lead|Seismic Toss|p2a: Chansey
|-damage|p2a: Chansey|603\/703
|
|turn|2
|chat|kid gf lol|hey
|chat|ggc|yo
|
|switch|p1a: Wall Gal|Chansey|703\/703
|move|p2a: Chansey|Ice Beam|p1a: Wall Gal
|-damage|p1a: Wall Gal|627\/703
|
|turn|3
|join|Chillyboi2727
|
|switch|p2a: Jynx|Jynx|333\/333
|move|p1a: Wall Gal|Ice Beam|p2a: Jynx
|-crit|p2a: Jynx
|-resisted|p2a: Jynx
|-damage|p2a: Jynx|256\/333
|
|turn|4
|
|switch|p1a: Zam Lead|Alakazam|313\/313
|move|p2a: Jynx|Lovely Kiss|p1a: Zam Lead
|-status|p1a: Zam Lead|slp
|
|turn|5
|
|switch|p1a: Patrick|Snorlax|523\/523
|move|p2a: Jynx|Blizzard|p1a: Patrick
|-crit|p1a: Patrick
|-damage|p1a: Patrick|179\/523
|
|turn|6
|
|move|p2a: Jynx|Blizzard|p1a: Patrick
|-damage|p1a: Patrick|0 fnt
|faint|p1a: Patrick
|
|chat|kid gf lol|ouch
|leave|Chillyboi2727
|
|switch|p1a: Wall Gal|Chansey|627\/703
|turn|7
|chat|ggc|horray
|
|move|p2a: Jynx|Blizzard|p1a: Wall Gal
|-damage|p1a: Wall Gal|492\/703
|move|p1a: Wall Gal|Thunderbolt|p2a: Jynx
|-damage|p2a: Jynx|181\/333
|
|turn|8
|
|switch|p2a: Chansey|Chansey|603\/703
|move|p1a: Wall Gal|Thunderbolt|p2a: Chansey
|-damage|p2a: Chansey|528\/703
|
|turn|9
|
|move|p2a: Chansey|Ice Beam|p1a: Wall Gal
|-damage|p1a: Wall Gal|420\/703
|move|p1a: Wall Gal|Ice Beam|p2a: Chansey
|-damage|p2a: Chansey|451\/703
|
|turn|10
|
|switch|p2a: Jynx|Jynx|181\/333
|move|p1a: Wall Gal|Ice Beam|p2a: Jynx
|-crit|p2a: Jynx
|-resisted|p2a: Jynx
|-damage|p2a: Jynx|99\/333
|
|turn|11
|chat|kid gf lol|come on freeze
|
|move|p2a: Jynx|Blizzard|p1a: Wall Gal
|-damage|p1a: Wall Gal|292\/703
|move|p1a: Wall Gal|Thunderbolt|p2a: Jynx
|-damage|p2a: Jynx|13\/333
|
|turn|12
|
|switch|p2a: Exeggutor|Exeggutor|393\/393
|move|p1a: Wall Gal|Thunderbolt|p2a: Exeggutor
|-resisted|p2a: Exeggutor
|-damage|p2a: Exeggutor|360\/393
|
|turn|13
|
|switch|p1a: Multi Purpose Guy|Exeggutor|393\/393
|move|p2a: Exeggutor|Explosion|p1a: Multi Purpose Guy
|-damage|p1a: Multi Purpose Guy|89\/393
|faint|p2a: Exeggutor
|
|switch|p2a: Tauros|Tauros|353\/353
|turn|14
|
|switch|p1a: Strong Guy|Tauros|353\/353
|move|p2a: Tauros|Body Slam|p1a: Strong Guy
|-damage|p1a: Strong Guy|244\/353
|
|turn|15
|chat|kid gf lol|oh man
|
|switch|p2a: Jynx|Jynx|13\/333
|move|p1a: Strong Guy|Body Slam|p2a: Jynx
|-damage|p2a: Jynx|0 fnt
|faint|p2a: Jynx
|
|
|switch|p2a: Alakazam|Alakazam|313\/313
|turn|16
|chat|kid gf lol|in coimes zam
|chat|kid gf lol|yep
|
|switch|p1a: Wall Gal|Chansey|292\/703
|move|p2a: Alakazam|Thunder Wave|p1a: Wall Gal
|-status|p1a: Wall Gal|par
|
|turn|17
|
|move|p2a: Alakazam|Reflect|p2a: Alakazam
|move|p1a: Wall Gal|Soft-Boiled|p1a: Wall Gal
|-heal|p1a: Wall Gal|643\/703 par
|
|turn|18
|
|move|p2a: Alakazam|Psychic|p1a: Wall Gal
|-damage|p1a: Wall Gal|519\/703 par
|move|p1a: Wall Gal|Ice Beam|p2a: Alakazam
|-damage|p2a: Alakazam|252\/313
|
|turn|19
|
|move|p2a: Alakazam|Psychic|p1a: Wall Gal
|-crit|p1a: Wall Gal
|-damage|p1a: Wall Gal|263\/703 par
|-unboost|p1a: Wall Gal|spd|1
|-unboost|p1a: Wall Gal|spa|1
|cant|p1a: Wall Gal|par
|
|turn|20
|
|move|p2a: Alakazam|Psychic|p1a: Wall Gal
|-damage|p1a: Wall Gal|89\/703 par
|move|p1a: Wall Gal|Soft-Boiled|p1a: Wall Gal
|-heal|p1a: Wall Gal|440\/703 par
|
|turn|21
|
|switch|p1a: Zam Lead|Alakazam|313\/313 slp
|move|p2a: Alakazam|Psychic|p1a: Zam Lead
|-resisted|p1a: Zam Lead
|-damage|p1a: Zam Lead|264\/313 slp
|
|turn|22
|
|switch|p2a: Tauros|Tauros|353\/353
|switch|p1a: Wall Gal|Chansey|440\/703 par
|
|turn|23
|
|move|p2a: Tauros|Hyper Beam|p1a: Wall Gal
|-damage|p1a: Wall Gal|0 fnt
|faint|p1a: Wall Gal
|
|chat|ggc|yes
|
|switch|p1a: Strong Guy|Tauros|244\/353
|turn|24
|
|move|p1a: Strong Guy|Body Slam|p2a: Tauros
|-damage|p2a: Tauros|243\/353
|move|p2a: Tauros|Body Slam|p1a: Strong Guy
|-crit|p1a: Strong Guy
|-damage|p1a: Strong Guy|46\/353
|-status|p1a: Strong Guy|par
|
|turn|25
|chat|kid gf lol|damn it
|chat|ggc|yes again
|
|move|p2a: Tauros|Body Slam|p1a: Strong Guy
|-damage|p1a: Strong Guy|0 fnt
|faint|p1a: Strong Guy
|
|
|switch|p1a: DidntExpectMe|Kabutops|323\/323
|turn|26
|
|move|p2a: Tauros|Earthquake|p1a: DidntExpectMe
|-crit|p1a: DidntExpectMe
|-supereffective|p1a: DidntExpectMe
|-damage|p1a: DidntExpectMe|0 fnt
|faint|p1a: DidntExpectMe
|
|chat|ggc|lol
|
|switch|p1a: Multi Purpose Guy|Exeggutor|89\/393
|turn|27
|
|move|p2a: Tauros|Body Slam|p1a: Multi Purpose Guy
|-damage|p1a: Multi Purpose Guy|0 fnt
|faint|p1a: Multi Purpose Guy
|
|chat|kid gf lol|well i would of lost hard even if i wasnt playing with him
|
|switch|p1a: Zam Lead|Alakazam|264\/313 slp
|turn|28
|chat|ggc|Tauros has an Ultra Kill!
|
|cant|p1a: Zam Lead|slp
|move|p2a: Tauros|Hyper Beam|p1a: Zam Lead
|-crit|p1a: Zam Lead
|-damage|p1a: Zam Lead|0 fnt
|faint|p1a: Zam Lead
|
|win|ggc
|raw|Ladder updating...
|raw|kid gf lol's rating: 1345 &rarr; <strong>1327<\/strong><br \/>(-18 for losing)
|raw|ggc's rating: 1388 &rarr; <strong>1405<\/strong><br \/>(+17 for winning)
|chat|ggc|RAMPAGE
|chat|ggc|gg
|chat|kid gf lol|gg
|chat|ggc|that was bull
|chat|ggc|sry
|chat|kid gf lol|ik lol
|chat|ggc|pun intended
|chat|kid gf lol|lol