|join|shogux
|join|Bad Luck Brad
|player|p1|shogux|53
|player|p2|Bad Luck Brad|220
|gametype|singles
|gen|1
|tier|[Gen 1] Random Battle
|rated
|rule|Sleep Clause Mod: Limit one foe put to sleep
|rule|Freeze Clause Mod: Limit one foe frozen
|rule|HP Percentage Mod: HP is shown in percentages
|
|start
|switch|p1a: Wartortle|Wartortle, L86|277\/277
|switch|p2a: Butterfree|Butterfree, L86|279\/279
|turn|1
|
|move|p2a: Butterfree|Sleep Powder|p1a: Wartortle
|-status|p1a: Wartortle|slp
|cant|p1a: Wartortle|slp
|
|turn|2
|
|move|p2a: Butterfree|Psychic|p1a: Wartortle
|-damage|p1a: Wartortle|209\/277 slp
|cant|p1a: Wartortle|slp
|-curestatus|p1a: Wartortle|slp
|
|turn|3
|
|move|p2a: Butterfree|Sleep Powder|p1a: Wartortle
|-status|p1a: Wartortle|slp
|cant|p1a: Wartortle|slp
|
|turn|4
|
|switch|p1a: Jynx|Jynx, L82|274\/274
|move|p2a: Butterfree|Psychic|p1a: Jynx
|-resisted|p1a: Jynx
|-damage|p1a: Jynx|247\/274
|-unboost|p1a: Jynx|spd|1
|-unboost|p1a: Jynx|spa|1
|
|turn|5
|
|switch|p2a: Clefable|Clefable, L86|339\/339
|move|p1a: Jynx|Lovely Kiss|p2a: Clefable|[miss]
|-miss|p1a: Jynx
|
|turn|6
|
|move|p1a: Jynx|Lovely Kiss|p2a: Clefable
|-status|p2a: Clefable|slp
|cant|p2a: Clefable|slp
|-curestatus|p2a: Clefable|slp
|
|turn|7
|
|switch|p1a: Machoke|Machoke, L86|313\/313
|move|p2a: Clefable|Thunder Wave|p1a: Machoke
|-status|p1a: Machoke|par
|
|turn|8
|
|switch|p2a: Alakazam|Alakazam, L82|258\/258
|move|p1a: Machoke|Body Slam|p2a: Alakazam
|-damage|p2a: Alakazam|162\/258
|
|turn|9
|
|switch|p1a: Starmie|Starmie, L82|266\/266
|move|p2a: Alakazam|Reflect|p2a: Alakazam
|
|turn|10
|
|move|p2a: Alakazam|Seismic Toss|p1a: Starmie
|-damage|p1a: Starmie|184\/266
|move|p1a: Starmie|Thunder Wave|p2a: Alakazam
|-status|p2a: Alakazam|par
|
|turn|11
|
|move|p1a: Starmie|Surf|p2a: Alakazam
|-damage|p2a: Alakazam|83\/258 par
|move|p2a: Alakazam|Seismic Toss|p1a: Starmie
|-damage|p1a: Starmie|102\/266
|
|turn|12
|
|move|p1a: Starmie|Recover|p1a: Starmie
|-heal|p1a: Starmie|235\/266
|move|p2a: Alakazam|Recover|p2a: Alakazam
|-heal|p2a: Alakazam|212\/258 par
|
|turn|13
|
|switch|p2a: Clefable|Clefable, L86|339\/339
|move|p1a: Starmie|Surf|p2a: Clefable
|-damage|p2a: Clefable|249\/339
|
|turn|14
|
|switch|p1a: Machoke|Machoke, L86|313\/313 par
|move|p2a: Clefable|Thunder Wave|p1a: Machoke
|-fail|p1a: Machoke|par
|
|turn|15
|
|switch|p2a: Venomoth|Venomoth, L86|296\/296
|move|p1a: Machoke|Body Slam|p2a: Venomoth
|-damage|p2a: Venomoth|222\/296
|
|turn|16
|
|move|p2a: Venomoth|Psychic|p1a: Machoke
|-supereffective|p1a: Machoke
|-damage|p1a: Machoke|145\/313 par
|cant|p1a: Machoke|par
|
|turn|17
|
|switch|p1a: Jynx|Jynx, L82|247\/274
|move|p2a: Venomoth|Psychic|p1a: Jynx
|-resisted|p1a: Jynx
|-damage|p1a: Jynx|218\/274
|
|turn|18
|
|move|p2a: Venomoth|Stun Spore|p1a: Jynx
|-status|p1a: Jynx|par
|move|p1a: Jynx|Psychic|p2a: Venomoth
|-supereffective|p2a: Venomoth
|-damage|p2a: Venomoth|57\/296
|
|turn|19
|
|switch|p2a: Alakazam|Alakazam, L82|212\/258 par
|move|p1a: Jynx|Psychic|p2a: Alakazam
|-crit|p2a: Alakazam
|-resisted|p2a: Alakazam
|-damage|p2a: Alakazam|142\/258 par
|
|turn|20
|
|switch|p1a: Starmie|Starmie, L82|235\/266
|move|p2a: Alakazam|Seismic Toss|p1a: Starmie
|-damage|p1a: Starmie|153\/266
|
|turn|21
|
|move|p1a: Starmie|Surf|p2a: Alakazam
|-damage|p2a: Alakazam|71\/258 par
|move|p2a: Alakazam|Recover|p2a: Alakazam
|-heal|p2a: Alakazam|200\/258 par
|
|turn|22
|
|switch|p2a: Clefable|Clefable, L86|249\/339
|move|p1a: Starmie|Surf|p2a: Clefable
|-damage|p2a: Clefable|153\/339
|
|turn|23
|
|switch|p1a: Machoke|Machoke, L86|145\/313 par
|move|p2a: Clefable|Thunder|p1a: Machoke|[miss]
|-miss|p2a: Clefable
|
|turn|24
|
|move|p2a: Clefable|Hyper Beam|p1a: Machoke
|-damage|p1a: Machoke|3\/313 par
|move|p1a: Machoke|Submission|p2a: Clefable
|-crit|p2a: Clefable
|-supereffective|p2a: Clefable
|-damage|p2a: Clefable|0 fnt
|-damage|p1a: Machoke|0 fnt|[from] recoil|[of] p2a: Clefable
|faint|p2a: Clefable
|faint|p1a: Machoke
|c|★Bad Luck Brad|lol
|
|switch|p2a: Venomoth|Venomoth, L86|57\/296
|switch|p1a: Marowak|Marowak, L86|279\/279
|turn|25
|
|move|p2a: Venomoth|Mega Drain|p1a: Marowak
|-supereffective|p1a: Marowak
|-damage|p1a: Marowak|201\/279
|-heal|p2a: Venomoth|96\/296|[from] drain|[of] p1a: Marowak
|move|p1a: Marowak|Body Slam|p2a: Venomoth
|-damage|p2a: Venomoth|31\/296
|
|turn|26
|
|move|p2a: Venomoth|Mega Drain|p1a: Marowak
|-crit|p1a: Marowak
|-supereffective|p1a: Marowak
|-damage|p1a: Marowak|58\/279
|-heal|p2a: Venomoth|102\/296|[from] drain|[of] p1a: Marowak
|move|p1a: Marowak|Earthquake|p2a: Venomoth
|-damage|p2a: Venomoth|0 fnt
|faint|p2a: Venomoth
|
|switch|p2a: Butterfree|Butterfree, L86|279\/279
|turn|27
|
|switch|p1a: Jynx|Jynx, L82|218\/274 par
|move|p2a: Butterfree|Mega Drain|p1a: Jynx
|-damage|p1a: Jynx|193\/274 par
|
|turn|28
|
|switch|p2a: Alakazam|Alakazam, L82|200\/258 par
|move|p1a: Jynx|Blizzard|p2a: Alakazam
|-damage|p2a: Alakazam|116\/258 par
|
|turn|29
|
|move|p2a: Alakazam|Recover|p2a: Alakazam
|-heal|p2a: Alakazam|245\/258 par
|move|p1a: Jynx|Blizzard|p2a: Alakazam
|-damage|p2a: Alakazam|160\/258 par
|
|turn|30
|
|switch|p1a: Starmie|Starmie, L82|153\/266
|move|p2a: Alakazam|Seismic Toss|p1a: Starmie
|-damage|p1a: Starmie|71\/266
|
|turn|31
|
|switch|p2a: Porygon|Porygon, L86|287\/287
|move|p1a: Starmie|Recover|p1a: Starmie
|-heal|p1a: Starmie|204\/266
|
|turn|32
|
|switch|p1a: Venomoth|Venomoth, L86|296\/296
|move|p2a: Porygon|Thunderbolt|p1a: Venomoth
|-damage|p1a: Venomoth|243\/296
|
|turn|33
|
|switch|p1a: Marowak|Marowak, L86|58\/279
|move|p2a: Porygon|Double-Edge|p1a: Marowak
|-damage|p1a: Marowak|0 fnt
|-damage|p2a: Porygon|273\/287|[from] recoil|[of] p1a: Marowak
|faint|p1a: Marowak
|
|switch|p1a: Venomoth|Venomoth, L86|243\/296
|turn|34
|
|switch|p2a: Alakazam|Alakazam, L82|160\/258 par
|move|p1a: Venomoth|Stun Spore|p2a: Alakazam|[miss]
|-miss|p1a: Venomoth
|
|turn|35
|
|switch|p1a: Starmie|Starmie, L82|204\/266
|move|p2a: Alakazam|Psychic|p1a: Starmie
|-resisted|p1a: Starmie
|-damage|p1a: Starmie|149\/266
|-unboost|p1a: Starmie|spd|1
|-unboost|p1a: Starmie|spa|1
|
|turn|36
|
|switch|p2a: Porygon|Porygon, L86|273\/287
|move|p1a: Starmie|Recover|p1a: Starmie
|-heal|p1a: Starmie|266\/266
|
|turn|37
|
|switch|p1a: Wartortle|Wartortle, L86|209\/277 slp
|move|p2a: Porygon|Thunderbolt|p1a: Wartortle
|-supereffective|p1a: Wartortle
|-damage|p1a: Wartortle|60\/277 slp
|
|turn|38
|
|switch|p1a: Venomoth|Venomoth, L86|243\/296
|move|p2a: Porygon|Thunderbolt|p1a: Venomoth
|-damage|p1a: Venomoth|182\/296
|
|turn|39
|
|switch|p2a: Alakazam|Alakazam, L82|160\/258 par
|move|p1a: Venomoth|Psychic|p2a: Alakazam
|-resisted|p2a: Alakazam
|-damage|p2a: Alakazam|135\/258 par
|
|turn|40
|
|switch|p1a: Starmie|Starmie, L82|266\/266
|move|p2a: Alakazam|Recover|p2a: Alakazam
|-heal|p2a: Alakazam|258\/258 par
|
|turn|41
|
|switch|p2a: Butterfree|Butterfree, L86|279\/279
|move|p1a: Starmie|Surf|p2a: Butterfree
|-damage|p2a: Butterfree|183\/279
|
|turn|42
|
|move|p1a: Starmie|Blizzard|p2a: Butterfree
|-supereffective|p2a: Butterfree
|-damage|p2a: Butterfree|10\/279
|move|p2a: Butterfree|Stun Spore|p1a: Starmie
|-status|p1a: Starmie|par
|
|turn|43
|
|move|p2a: Butterfree|Mega Drain|p1a: Starmie
|-supereffective|p1a: Starmie
|-damage|p1a: Starmie|218\/266 par
|-heal|p2a: Butterfree|34\/279|[from] drain|[of] p1a: Starmie
|move|p1a: Starmie|Surf|p2a: Butterfree
|-damage|p2a: Butterfree|0 fnt
|faint|p2a: Butterfree
|
|switch|p2a: Porygon|Porygon, L86|273\/287
|turn|44
|
|switch|p1a: Venomoth|Venomoth, L86|182\/296
|move|p2a: Porygon|Thunderbolt|p1a: Venomoth
|-damage|p1a: Venomoth|127\/296
|
|turn|45
|
|move|p1a: Venomoth|Psychic|p2a: Porygon
|-crit|p2a: Porygon
|-damage|p2a: Porygon|132\/287
|move|p2a: Porygon|Thunderbolt|p1a: Venomoth
|-damage|p1a: Venomoth|73\/296
|
|turn|46
|
|switch|p2a: Alakazam|Alakazam, L82|258\/258 par
|move|p1a: Venomoth|Stun Spore|p2a: Alakazam
|-fail|p2a: Alakazam|par
|
|turn|47
|
|switch|p1a: Wartortle|Wartortle, L86|60\/277 slp
|move|p2a: Alakazam|Psychic|p1a: Wartortle
|-crit|p1a: Wartortle
|-damage|p1a: Wartortle|0 fnt
|faint|p1a: Wartortle
|
|switch|p1a: Jynx|Jynx, L82|193\/274 par
|turn|48
|
|move|p2a: Alakazam|Seismic Toss|p1a: Jynx
|-damage|p1a: Jynx|111\/274 par
|move|p1a: Jynx|Mimic|p2a: Alakazam
|-start|p1a: Jynx|Mimic|Reflect
|
|turn|49
|
|move|p2a: Alakazam|Seismic Toss|p1a: Jynx
|-damage|p1a: Jynx|29\/274 par
|move|p1a: Jynx|Blizzard|p2a: Alakazam
|-crit|p2a: Alakazam
|-damage|p2a: Alakazam|74\/258 par
|
|turn|50
|
|cant|p2a: Alakazam|par
|move|p1a: Jynx|Blizzard|p2a: Alakazam
|-crit|p2a: Alakazam
|-damage|p2a: Alakazam|0 fnt
|faint|p2a: Alakazam
|c|★Bad Luck Brad|rofl
|c|★shogux|lol
|
|switch|p2a: Porygon|Porygon, L86|132\/287
|turn|51
|
|move|p2a: Porygon|Double-Edge|p1a: Jynx
|-damage|p1a: Jynx|0 fnt
|-damage|p2a: Porygon|125\/287|[from] recoil|[of] p1a: Jynx
|faint|p1a: Jynx
|
|switch|p1a: Venomoth|Venomoth, L86|73\/296
|turn|52
|
|move|p1a: Venomoth|Sleep Powder|p2a: Porygon
|-status|p2a: Porygon|slp
|cant|p2a: Porygon|slp
|
|turn|53
|
|switch|p2a: Gengar|Gengar, L82|266\/266
|move|p1a: Venomoth|Psychic|p2a: Gengar
|-supereffective|p2a: Gengar
|-damage|p2a: Gengar|168\/266
|
|turn|54
|
|move|p2a: Gengar|Psychic|p1a: Venomoth
|-supereffective|p1a: Venomoth
|-damage|p1a: Venomoth|0 fnt
|faint|p1a: Venomoth
|c|★Bad Luck Brad|does starmie have psychic?
|c|★shogux|maybe :v
|c|★Bad Luck Brad|i know it has recover surf and blizzard
|
|switch|p1a: Starmie|Starmie, L82|218\/266 par
|turn|55
|c|★Bad Luck Brad|dont remember if you used a 4th move yet lol
|c|★shogux|and twave lol
|c|★shogux|paralized kazam
|c|★Bad Luck Brad|oh yeah
|c|★Bad Luck Brad|right
|
|move|p2a: Gengar|Mega Drain|p1a: Starmie
|-supereffective|p1a: Starmie
|-damage|p1a: Starmie|151\/266 par
|-heal|p2a: Gengar|201\/266|[from] drain|[of] p1a: Starmie
|move|p1a: Starmie|Thunder Wave|p2a: Gengar
|-status|p2a: Gengar|par
|
|turn|56
|
|move|p1a: Starmie|Recover|p1a: Starmie
|-heal|p1a: Starmie|266\/266 par
|move|p2a: Gengar|Mega Drain|p1a: Starmie
|-supereffective|p1a: Starmie
|-damage|p1a: Starmie|202\/266 par
|-heal|p2a: Gengar|233\/266 par|[from] drain|[of] p1a: Starmie
|
|turn|57
|c|★Bad Luck Brad|oh its faster
|c|★Bad Luck Brad|damn
|
|move|p1a: Starmie|Surf|p2a: Gengar
|-crit|p2a: Gengar
|-damage|p2a: Gengar|74\/266 par
|move|p2a: Gengar|Mega Drain|p1a: Starmie
|-supereffective|p1a: Starmie
|-damage|p1a: Starmie|136\/266 par
|-heal|p2a: Gengar|107\/266 par|[from] drain|[of] p1a: Starmie
|
|turn|58
|
|move|p1a: Starmie|Recover|p1a: Starmie
|-heal|p1a: Starmie|266\/266 par
|move|p2a: Gengar|Explosion|p1a: Starmie
|-damage|p1a: Starmie|96\/266 par
|faint|p2a: Gengar
|c|★Bad Luck Brad|shit
|c|★Bad Luck Brad|lol gg
|c|★shogux|:P
|
|switch|p2a: Porygon|Porygon, L86|125\/287 slp
|turn|59
|c|★shogux|i knew you'd do that
|c|★Bad Luck Brad|had to try
|
|cant|p2a: Porygon|slp
|move|p1a: Starmie|Surf|p2a: Porygon
|-damage|p2a: Porygon|27\/287 slp
|
|turn|60
|c|★Bad Luck Brad|i would lose if i let you keep recovering
|c|★Bad Luck Brad|i guess i could hoped for parahax
|c|★Bad Luck Brad|but i could have just as easily got parahaxed if i did that
|c|★shogux|yea
|
|cant|p2a: Porygon|slp
|move|p1a: Starmie|Surf|p2a: Porygon
|-damage|p2a: Porygon|0 fnt
|faint|p2a: Porygon
|
|win|shogux
|raw|Ladder updating...
|c|★shogux|gg
|raw|shogux's rating: 1141 &rarr; <strong>1167<\/strong><br \/>(+26 for winning)
|raw|Bad Luck Brad's rating: 1155 &rarr; <strong>1129<\/strong><br \/>(-26 for losing)
|leave|Bad Luck Brad