|j|Frankenberry
|j|DanamezD
|player|p1|Frankenberry|169
|player|p2|DanamezD|9
|gametype|singles
|gen|1
|tier|[Gen 1] Random Battle
|rated
|seed|52378,3473,45720,20747
|rule|Sleep Clause Mod: Limit one foe put to sleep
|rule|Freeze Clause Mod: Limit one foe frozen
|rule|HP Percentage Mod: HP is shown in percentages
|
|start
|switch|p1a: Charmander|Charmander, L96|270\/270
|switch|p2a: Venomoth|Venomoth, L85|293\/293
|turn|1
|choice|move 1|move 1
|
|move|p2a: Venomoth|Sleep Powder|p1a: Charmander
|-status|p1a: Charmander|slp
|-curestatus|p1a: Charmander|slp
|
|turn|2
|choice|move 1|move 1
|
|move|p2a: Venomoth|Sleep Powder|p1a: Charmander
|-status|p1a: Charmander|slp
|cant|p1a: Charmander|slp
|
|turn|3
|choice|switch 5|switch 3
|
|switch|p2a: Starmie|Starmie, L79|257\/257
|switch|p1a: Chansey|Chansey, L79|557\/557
|
|turn|4
|choice|move 4|move 2
|
|move|p2a: Starmie|Thunder Wave|p1a: Chansey
|-status|p1a: Chansey|par
|move|p1a: Chansey|Thunderbolt|p2a: Starmie
|-supereffective|p2a: Starmie
|-damage|p2a: Starmie|141\/257
|
|turn|5
|j|Kantos BLUE
|choice|move 4|switch 2
|
|switch|p2a: Venusaur|Venusaur, L85|310\/310
|move|p1a: Chansey|Thunderbolt|p2a: Venusaur
|-resisted|p2a: Venusaur
|-damage|p2a: Venusaur|281\/310
|
|turn|6
|choice|switch 2|move 1
|
|switch|p1a: Grimer|Grimer, L96|348\/348
|move|p2a: Venusaur|Leech Seed|p1a: Grimer
|-start|p1a: Grimer|move: Leech Seed
|
|turn|7
|choice|move 3|move 3
|
|move|p2a: Venusaur|Body Slam|p1a: Grimer
|-damage|p1a: Grimer|284\/348
|move|p1a: Grimer|Sludge|p2a: Venusaur
|-damage|p2a: Venusaur|196\/310
|-damage|p1a: Grimer|263\/348|[from] Leech Seed|[of] p2a: Venusaur
|-heal|p2a: Venusaur|217\/310|[silent]
|
|turn|8
|choice|switch 3|move 3
|
|switch|p1a: Exeggutor|Exeggutor, L79|312\/312
|move|p2a: Venusaur|Body Slam|p1a: Exeggutor
|-damage|p1a: Exeggutor|255\/312
|
|turn|9
|choice|move 2|move 4
|
|move|p2a: Venusaur|Toxic|p1a: Exeggutor|[miss]
|-miss|p2a: Venusaur
|move|p1a: Exeggutor|Egg Bomb|p2a: Venusaur
|-damage|p2a: Venusaur|160\/310
|
|turn|10
|choice|switch 5|move 4
|
|switch|p1a: Charmander|Charmander, L96|270\/270 slp
|move|p2a: Venusaur|Toxic|p1a: Charmander|[miss]
|-miss|p2a: Venusaur
|
|turn|11
|choice|move 1|move 1
|
|move|p2a: Venusaur|Leech Seed|p1a: Charmander
|-start|p1a: Charmander|move: Leech Seed
|cant|p1a: Charmander|slp
|-damage|p1a: Charmander|254\/270 slp|[from] Leech Seed|[of] p2a: Venusaur
|-heal|p2a: Venusaur|176\/310|[silent]
|
|turn|12
|choice|move 1|move 3
|
|move|p2a: Venusaur|Body Slam|p1a: Charmander
|-damage|p1a: Charmander|176\/270 slp
|cant|p1a: Charmander|slp
|-damage|p1a: Charmander|160\/270 slp|[from] Leech Seed|[of] p2a: Venusaur
|-heal|p2a: Venusaur|192\/310|[silent]
|
|turn|13
|choice|move 1|switch 2
|
|switch|p2a: Starmie|Starmie, L79|141\/257
|-damage|p1a: Charmander|144\/270 slp|[from] Leech Seed|[of] p2a: Starmie
|-heal|p2a: Starmie|157\/257|[silent]
|-curestatus|p1a: Charmander|slp
|
|turn|14
|choice|switch 2|move 4
|
|switch|p1a: Chansey|Chansey, L79|557\/557 par
|move|p2a: Starmie|Thunderbolt|p1a: Chansey
|-crit|p1a: Chansey
|-damage|p1a: Chansey|444\/557 par
|
|turn|15
|choice|switch 2|switch 5
|
|switch|p2a: Electrode|Electrode, L90|291\/291
|switch|p1a: Charmander|Charmander, L96|144\/270
|
|turn|16
|choice|move 1|move 3
|
|move|p2a: Electrode|Thunder Wave|p1a: Charmander
|-status|p1a: Charmander|par
|move|p1a: Charmander|Fire Blast|p2a: Electrode|[miss]
|-miss|p1a: Charmander
|
|turn|17
|choice|move 3|move 2
|
|move|p2a: Electrode|Thunderbolt|p1a: Charmander
|-damage|p1a: Charmander|17\/270 par
|move|p1a: Charmander|Body Slam|p2a: Electrode
|-damage|p2a: Electrode|233\/291
|-status|p2a: Electrode|par
|
|turn|18
|choice|move 2|move 2
|
|cant|p2a: Electrode|par
|cant|p1a: Charmander|par
|
|turn|19
|choice|move 2|move 2
|
|move|p2a: Electrode|Thunderbolt|p1a: Charmander
|-crit|p1a: Charmander
|-damage|p1a: Charmander|0 fnt
|faint|p1a: Charmander
|choice|switch 5|
|
|switch|p1a: Exeggutor|Exeggutor, L79|255\/312
|turn|20
|choice|move 3|move 2
|
|move|p1a: Exeggutor|Mega Drain|p2a: Electrode
|-damage|p2a: Electrode|190\/291 par
|-heal|p1a: Exeggutor|276\/312|[from] drain|[of] p2a: Electrode
|move|p2a: Electrode|Thunderbolt|p1a: Exeggutor
|-crit|p1a: Exeggutor
|-resisted|p1a: Exeggutor
|-damage|p1a: Exeggutor|194\/312
|
|turn|21
|choice|move 3|move 1
|
|move|p1a: Exeggutor|Mega Drain|p2a: Electrode|[miss]
|-miss|p1a: Exeggutor
|move|p2a: Electrode|Explosion|p1a: Exeggutor
|-damage|p1a: Exeggutor|6\/312
|faint|p2a: Electrode
|choice||switch 5
|
|switch|p2a: Starmie|Starmie, L79|157\/257
|turn|22
|choice|move 3|move 4
|
|move|p2a: Starmie|Thunderbolt|p1a: Exeggutor
|-resisted|p1a: Exeggutor
|-damage|p1a: Exeggutor|0 fnt
|faint|p1a: Exeggutor
|choice|switch 3|
|
|switch|p1a: Grimer|Grimer, L96|263\/348
|turn|23
|choice|move 1|move 2
|
|move|p2a: Starmie|Thunder Wave|p1a: Grimer
|-status|p1a: Grimer|par
|move|p1a: Grimer|Explosion|p2a: Starmie
|-damage|p2a: Starmie|0 fnt
|faint|p2a: Starmie
|faint|p1a: Grimer
|choice|switch 6|switch 2
|
|switch|p1a: Raichu|Raichu, L85|276\/276
|switch|p2a: Venusaur|Venusaur, L85|192\/310
|turn|24
|choice|move 4|move 1
|
|move|p1a: Raichu|Body Slam|p2a: Venusaur
|-damage|p2a: Venusaur|131\/310
|-status|p2a: Venusaur|par
|move|p2a: Venusaur|Leech Seed|p1a: Raichu
|-start|p1a: Raichu|move: Leech Seed
|
|turn|25
|choice|switch 2|move 4
|
|switch|p1a: Chansey|Chansey, L79|444\/557 par
|move|p2a: Venusaur|Toxic|p1a: Chansey|[miss]
|-miss|p2a: Venusaur
|
|turn|26
|choice|move 4|move 1
|
|move|p2a: Venusaur|Leech Seed|p1a: Chansey
|-start|p1a: Chansey|move: Leech Seed
|move|p1a: Chansey|Thunderbolt|p2a: Venusaur
|-resisted|p2a: Venusaur
|-damage|p2a: Venusaur|104\/310 par
|-damage|p1a: Chansey|410\/557 par|[from] Leech Seed|[of] p2a: Venusaur
|-heal|p2a: Venusaur|138\/310 par|[silent]
|
|turn|27
|choice|switch 2|move 3
|
|switch|p1a: Raichu|Raichu, L85|276\/276
|cant|p2a: Venusaur|par
|
|turn|28
|choice|move 4|move 1
|
|move|p1a: Raichu|Body Slam|p2a: Venusaur
|-damage|p2a: Venusaur|74\/310 par
|move|p2a: Venusaur|Leech Seed|p1a: Raichu
|-start|p1a: Raichu|move: Leech Seed
|
|turn|29
|choice|move 3|move 3
|
|move|p1a: Raichu|Hyper Beam|p2a: Venusaur
|-damage|p2a: Venusaur|0 fnt
|faint|p2a: Venusaur
|choice||switch 6
|
|switch|p2a: Mewtwo|Mewtwo, L70|293\/293
|turn|30
|choice|switch 2|move 1
|
|switch|p1a: Chansey|Chansey, L79|410\/557 par
|move|p2a: Mewtwo|Psychic|p1a: Chansey
|-damage|p1a: Chansey|318\/557 par
|
|turn|31
|choice|move 1|switch 3
|
|switch|p2a: Venomoth|Venomoth, L85|293\/293
|move|p1a: Chansey|Soft-Boiled|p1a: Chansey
|-heal|p1a: Chansey|557\/557 par
|
|turn|32
|choice|move 4|move 4
|
|move|p2a: Venomoth|Psychic|p1a: Chansey
|-damage|p1a: Chansey|501\/557 par
|move|p1a: Chansey|Thunderbolt|p2a: Venomoth
|-damage|p2a: Venomoth|235\/293
|
|turn|33
|choice|move 4|move 3
|
|move|p2a: Venomoth|Mega Drain|p1a: Chansey
|-crit|p1a: Chansey
|-damage|p1a: Chansey|451\/557 par
|-heal|p2a: Venomoth|260\/293|[from] drain|[of] p1a: Chansey
|move|p1a: Chansey|Thunderbolt|p2a: Venomoth
|-damage|p2a: Venomoth|200\/293
|
|turn|34
|choice|move 4|move 3
|
|move|p2a: Venomoth|Mega Drain|p1a: Chansey
|-damage|p1a: Chansey|426\/557 par
|-heal|p2a: Venomoth|212\/293|[from] drain|[of] p1a: Chansey
|move|p1a: Chansey|Thunderbolt|p2a: Venomoth
|-damage|p2a: Venomoth|151\/293
|
|turn|35
|choice|switch 2|move 3
|
|switch|p1a: Raichu|Raichu, L85|276\/276
|move|p2a: Venomoth|Mega Drain|p1a: Raichu
|-damage|p1a: Raichu|247\/276
|-heal|p2a: Venomoth|165\/293|[from] drain|[of] p1a: Raichu
|
|turn|36
|choice|move 2|move 1
|
|move|p1a: Raichu|Thunder|p2a: Venomoth|[miss]
|-miss|p1a: Raichu
|move|p2a: Venomoth|Sleep Powder|p1a: Raichu
|-status|p1a: Raichu|slp
|
|turn|37
|choice|move 3|move 3
|
|cant|p1a: Raichu|slp
|move|p2a: Venomoth|Mega Drain|p1a: Raichu
|-damage|p1a: Raichu|219\/276 slp
|-heal|p2a: Venomoth|179\/293|[from] drain|[of] p1a: Raichu
|
|turn|38
|choice|move 2|move 3
|
|cant|p1a: Raichu|slp
|move|p2a: Venomoth|Mega Drain|p1a: Raichu
|-crit|p1a: Raichu
|-damage|p1a: Raichu|165\/276 slp
|-heal|p2a: Venomoth|206\/293|[from] drain|[of] p1a: Raichu
|
|turn|39
|choice|move 2|move 3
|
|cant|p1a: Raichu|slp
|move|p2a: Venomoth|Mega Drain|p1a: Raichu
|-damage|p1a: Raichu|139\/276 slp
|-heal|p2a: Venomoth|219\/293|[from] drain|[of] p1a: Raichu
|
|turn|40
|choice|move 2|move 3
|
|-curestatus|p1a: Raichu|slp
|move|p2a: Venomoth|Mega Drain|p1a: Raichu
|-damage|p1a: Raichu|111\/276
|-heal|p2a: Venomoth|233\/293|[from] drain|[of] p1a: Raichu
|
|turn|41
|choice|move 2|move 1
|
|move|p1a: Raichu|Thunder|p2a: Venomoth|[miss]
|-miss|p1a: Raichu
|move|p2a: Venomoth|Sleep Powder|p1a: Raichu
|-status|p1a: Raichu|slp
|
|turn|42
|choice|move 2|move 3
|
|cant|p1a: Raichu|slp
|move|p2a: Venomoth|Mega Drain|p1a: Raichu
|-crit|p1a: Raichu
|-damage|p1a: Raichu|56\/276 slp
|-heal|p2a: Venomoth|260\/293|[from] drain|[of] p1a: Raichu
|
|turn|43
|choice|move 2|move 3
|
|cant|p1a: Raichu|slp
|move|p2a: Venomoth|Mega Drain|p1a: Raichu
|-crit|p1a: Raichu
|-damage|p1a: Raichu|4\/276 slp
|-heal|p2a: Venomoth|286\/293|[from] drain|[of] p1a: Raichu
|
|turn|44
|choice|move 2|move 4
|
|cant|p1a: Raichu|slp
|move|p2a: Venomoth|Psychic|p1a: Raichu
|-damage|p1a: Raichu|0 fnt
|faint|p1a: Raichu
|choice|switch 2|
|
|switch|p1a: Chansey|Chansey, L79|426\/557 par
|turn|45
|choice|move 4|move 3
|
|move|p2a: Venomoth|Mega Drain|p1a: Chansey
|-damage|p1a: Chansey|400\/557 par
|-heal|p2a: Venomoth|293\/293|[from] drain|[of] p1a: Chansey
|move|p1a: Chansey|Thunderbolt|p2a: Venomoth
|-damage|p2a: Venomoth|234\/293
|
|turn|46
|choice|move 4|move 3
|
|move|p2a: Venomoth|Mega Drain|p1a: Chansey
|-crit|p1a: Chansey
|-damage|p1a: Chansey|349\/557 par
|-heal|p2a: Venomoth|259\/293|[from] drain|[of] p1a: Chansey
|move|p1a: Chansey|Thunderbolt|p2a: Venomoth
|-damage|p2a: Venomoth|199\/293
|
|turn|47
|choice|move 4|move 3
|
|move|p2a: Venomoth|Mega Drain|p1a: Chansey
|-damage|p1a: Chansey|321\/557 par
|-heal|p2a: Venomoth|213\/293|[from] drain|[of] p1a: Chansey
|move|p1a: Chansey|Thunderbolt|p2a: Venomoth
|-crit|p2a: Venomoth
|-damage|p2a: Venomoth|91\/293
|-status|p2a: Venomoth|par
|
|turn|48
|choice|move 1|move 3
|
|cant|p2a: Venomoth|par
|cant|p1a: Chansey|par
|
|turn|49
|choice|move 1|move 4
|
|move|p2a: Venomoth|Psychic|p1a: Chansey
|-crit|p1a: Chansey
|-damage|p1a: Chansey|214\/557 par
|-unboost|p1a: Chansey|spd|1
|-unboost|p1a: Chansey|spa|1
|move|p1a: Chansey|Soft-Boiled|p1a: Chansey
|-heal|p1a: Chansey|492\/557 par
|
|turn|50
|choice|switch 4|move 4
|
|switch|p1a: Vaporeon|Vaporeon, L85|395\/395
|cant|p2a: Venomoth|par
|
|turn|51
|choice|switch 4|move 1
|
|switch|p1a: Chansey|Chansey, L79|492\/557 par
|cant|p2a: Venomoth|par
|
|turn|52
|choice|move 4|move 4
|
|cant|p2a: Venomoth|par
|cant|p1a: Chansey|par
|
|turn|53
|choice|move 4|switch 3
|
|switch|p2a: Mewtwo|Mewtwo, L70|293\/293
|move|p1a: Chansey|Thunderbolt|p2a: Mewtwo
|-damage|p2a: Mewtwo|245\/293
|
|turn|54
|choice|move 4|move 4
|
|move|p2a: Mewtwo|Hyper Beam|p1a: Chansey
|-damage|p1a: Chansey|280\/557 par
|cant|p1a: Chansey|par
|
|turn|55
|-mustrecharge|p2a: Mewtwo
|-mustrecharge|p2a: Mewtwo
|choice|move 1|move 1
|
|cant|p2a: Mewtwo|recharge
|move|p1a: Chansey|Soft-Boiled|p1a: Chansey
|-heal|p1a: Chansey|557\/557 par
|
|turn|56
|choice|move 3|move 4
|
|move|p2a: Mewtwo|Hyper Beam|p1a: Chansey
|-crit|p1a: Chansey
|-damage|p1a: Chansey|106\/557 par
|move|p1a: Chansey|Counter|p2a: Mewtwo
|-damage|p2a: Mewtwo|0 fnt
|faint|p2a: Mewtwo
|choice||switch 4
|
|switch|p2a: Pidgeot|Pidgeot, L90|333\/333
|turn|57
|choice|move 1|move 1
|
|move|p2a: Pidgeot|Double-Edge|p1a: Chansey
|-damage|p1a: Chansey|0 fnt
|-damage|p2a: Pidgeot|307\/333|[from] recoil|[of] p1a: Chansey
|faint|p1a: Chansey
|choice|switch 4|
|
|switch|p1a: Vaporeon|Vaporeon, L85|395\/395
|turn|58
|choice|move 2|move 1
|
|move|p2a: Pidgeot|Double-Edge|p1a: Vaporeon
|-damage|p1a: Vaporeon|270\/395
|-damage|p2a: Pidgeot|276\/333|[from] recoil|[of] p1a: Vaporeon
|move|p1a: Vaporeon|Blizzard|p2a: Pidgeot
|-supereffective|p2a: Pidgeot
|-damage|p2a: Pidgeot|56\/333
|
|turn|59
|choice|move 2|move 1
|
|move|p2a: Pidgeot|Double-Edge|p1a: Vaporeon
|-crit|p1a: Vaporeon
|-damage|p1a: Vaporeon|1\/395
|-damage|p2a: Pidgeot|0 fnt|[from] recoil|[of] p1a: Vaporeon
|faint|p2a: Pidgeot
|choice||switch 3
|
|switch|p2a: Venomoth|Venomoth, L85|91\/293 par
|turn|60
|choice|move 1|move 3
|
|move|p1a: Vaporeon|Surf|p2a: Venomoth
|-damage|p2a: Venomoth|0 fnt
|faint|p2a: Venomoth
|
|win|Frankenberry
|raw|Frankenberry's rating: 1291 &rarr; <strong>1308<\/strong><br \/>(+17 for winning)
|raw|DanamezD's rating: 1170 &rarr; <strong>1153<\/strong><br \/>(-17 for losing)
|l|DanamezD
|player|p2