|join|Dante Sasori
|join|YEAH ITS RED BITCH
|player|p1|Dante Sasori|274
|player|p2|YEAH ITS RED BITCH|101
|gametype|singles
|gen|1
|tier|[Gen 1] Random Battle
|rated
|seed|35006,59761,23084,1825
|rule|Sleep Clause Mod: Limit one foe put to sleep
|rule|Freeze Clause Mod: Limit one foe frozen
|rule|HP Percentage Mod: HP is shown in percentages
|
|start
|switch|p1a: Vulpix|Vulpix, L96|268\/268
|switch|p2a: Voltorb|Voltorb, L96|272\/272
|turn|1
|choice|move 1|move 2
|
|move|p2a: Voltorb|Reflect|p2a: Voltorb
|-start|p2a: Voltorb|Reflect
|move|p1a: Vulpix|Fire Blast|p2a: Voltorb
|-damage|p2a: Voltorb|134\/272
|
|turn|2
|choice|move 3|move 1
|
|move|p2a: Voltorb|Explosion|p1a: Vulpix
|-damage|p1a: Vulpix|28\/268
|faint|p2a: Voltorb
|choice||switch 4
|
|switch|p2a: Graveler|Graveler, L85|267\/267
|turn|3
|choice|move 4|move 4
|
|move|p1a: Vulpix|Body Slam|p2a: Graveler
|-resisted|p2a: Graveler
|-damage|p2a: Graveler|246\/267
|-status|p2a: Graveler|par
|move|p2a: Graveler|Earthquake|p1a: Vulpix
|-supereffective|p1a: Vulpix
|-damage|p1a: Vulpix|0 fnt
|faint|p1a: Vulpix
|choice|switch 6|
|
|switch|p1a: Tauros|Tauros, L79|280\/280
|turn|4
|choice|move 4|move 4
|
|move|p1a: Tauros|Blizzard|p2a: Graveler|[miss]
|-miss|p1a: Tauros
|move|p2a: Graveler|Earthquake|p1a: Tauros
|-damage|p1a: Tauros|169\/280
|
|turn|5
|choice|move 4|move 3
|
|move|p1a: Tauros|Blizzard|p2a: Graveler
|-supereffective|p2a: Graveler
|-damage|p2a: Graveler|79\/267 par
|move|p2a: Graveler|Explosion|p1a: Tauros
|-damage|p1a: Tauros|0 fnt
|faint|p1a: Tauros
|faint|p2a: Graveler
|choice|switch 4|switch 5
|
|switch|p2a: Weezing|Weezing, L90|300\/300
|switch|p1a: Kakuna|Kakuna, L99|290\/290
|turn|6
|choice|move 1|move 3
|
|move|p2a: Weezing|Fire Blast|p1a: Kakuna
|-supereffective|p1a: Kakuna
|-damage|p1a: Kakuna|3\/290
|move|p1a: Kakuna|Harden|p1a: Kakuna
|-boost|p1a: Kakuna|def|1
|
|turn|7
|choice|move 3|move 2
|
|move|p2a: Weezing|Sludge|p1a: Kakuna
|-damage|p1a: Kakuna|0 fnt
|faint|p1a: Kakuna
|choice|switch 2|
|
|switch|p1a: Weezing|Weezing, L90|300\/300
|turn|8
|choice|move 2|move 4
|
|move|p1a: Weezing|Fire Blast|p2a: Weezing
|-damage|p2a: Weezing|220\/300
|move|p2a: Weezing|Thunder|p1a: Weezing
|-crit|p1a: Weezing
|-damage|p1a: Weezing|130\/300
|
|turn|9
|choice|move 2|move 4
|
|move|p1a: Weezing|Fire Blast|p2a: Weezing
|-damage|p2a: Weezing|135\/300
|move|p2a: Weezing|Thunder|p1a: Weezing
|-damage|p1a: Weezing|37\/300
|-status|p1a: Weezing|par
|
|turn|10
|choice|move 1|move 3
|
|move|p2a: Weezing|Fire Blast|p1a: Weezing
|-damage|p1a: Weezing|0 fnt
|faint|p1a: Weezing
|choice|switch 3|
|
|switch|p1a: Wigglytuff|Wigglytuff, L90|435\/435
|turn|11
|choice|move 4|move 1
|
|move|p2a: Weezing|Explosion|p1a: Wigglytuff
|-damage|p1a: Wigglytuff|66\/435
|faint|p2a: Weezing
|choice||switch 2
|
|switch|p2a: Gengar|Gengar, L79|257\/257
|turn|12
|choice|move 1|move 2
|
|move|p2a: Gengar|Thunderbolt|p1a: Wigglytuff
|-damage|p1a: Wigglytuff|0 fnt
|faint|p1a: Wigglytuff
|choice|switch 5|
|
|switch|p1a: Mew|Mew, L74|300\/300
|turn|13
|c|★YEAH ITS RED BITCH|guess what
|choice|move 1|move 4
|
|move|p2a: Gengar|Explosion|p1a: Mew
|-damage|p1a: Mew|118\/300
|faint|p2a: Gengar
|choice||switch 3
|
|switch|p2a: Growlithe|Growlithe, L96|300\/300
|turn|14
|choice|move 4|move 1
|
|move|p1a: Mew|Soft-Boiled|p1a: Mew
|-heal|p1a: Mew|268\/300
|move|p2a: Growlithe|Fire Blast|p1a: Mew|[miss]
|-miss|p2a: Growlithe
|
|turn|15
|choice|move 1|move 1
|
|move|p1a: Mew|Thunder Wave|p2a: Growlithe
|-status|p2a: Growlithe|par
|cant|p2a: Growlithe|par
|
|turn|16
|choice|move 2|move 1
|
|move|p1a: Mew|Horn Drill|p2a: Growlithe|[miss]
|-miss|p1a: Mew
|cant|p2a: Growlithe|par
|
|turn|17
|choice|move 2|move 1
|
|move|p1a: Mew|Horn Drill|p2a: Growlithe
|-damage|p2a: Growlithe|0 fnt
|-ohko
|faint|p2a: Growlithe
|choice||switch 6
|
|switch|p2a: Butterfree|Butterfree, L90|291\/291
|turn|18
|choice|move 3|move 3
|
|move|p1a: Mew|Blizzard|p2a: Butterfree
|-supereffective|p2a: Butterfree
|-damage|p2a: Butterfree|162\/291
|move|p2a: Butterfree|Sleep Powder|p1a: Mew
|-status|p1a: Mew|slp
|
|turn|19
|choice|move 4|move 4
|
|cant|p1a: Mew|slp
|move|p2a: Butterfree|Mega Drain|p1a: Mew
|-damage|p1a: Mew|238\/300 slp
|-heal|p2a: Butterfree|177\/291|[from] drain|[of] p1a: Mew
|
|turn|20
|choice|move 4|move 2
|
|cant|p1a: Mew|slp
|move|p2a: Butterfree|Psychic|p1a: Mew
|-resisted|p1a: Mew
|-damage|p1a: Mew|206\/300 slp
|
|turn|21
|choice|move 4|move 4
|
|cant|p1a: Mew|slp
|move|p2a: Butterfree|Mega Drain|p1a: Mew
|-damage|p1a: Mew|178\/300 slp
|-heal|p2a: Butterfree|191\/291|[from] drain|[of] p1a: Mew
|
|turn|22
|choice|move 4|move 3
|
|cant|p1a: Mew|slp
|move|p2a: Butterfree|Sleep Powder|p1a: Mew|[miss]
|-miss|p2a: Butterfree
|
|turn|23
|choice|move 4|move 3
|
|-curestatus|p1a: Mew|slp
|move|p2a: Butterfree|Sleep Powder|p1a: Mew
|-status|p1a: Mew|slp
|
|turn|24
|choice|move 4|move 2
|
|cant|p1a: Mew|slp
|move|p2a: Butterfree|Psychic|p1a: Mew
|-resisted|p1a: Mew
|-damage|p1a: Mew|144\/300 slp
|
|turn|25
|choice|move 4|move 2
|
|cant|p1a: Mew|slp
|move|p2a: Butterfree|Psychic|p1a: Mew
|-resisted|p1a: Mew
|-damage|p1a: Mew|110\/300 slp
|
|turn|26
|choice|move 4|move 3
|
|-curestatus|p1a: Mew|slp
|move|p2a: Butterfree|Sleep Powder|p1a: Mew
|-status|p1a: Mew|slp
|
|turn|27
|choice|move 4|move 2
|
|cant|p1a: Mew|slp
|move|p2a: Butterfree|Psychic|p1a: Mew
|-resisted|p1a: Mew
|-damage|p1a: Mew|76\/300 slp
|
|turn|28
|choice|move 4|move 2
|
|-curestatus|p1a: Mew|slp
|move|p2a: Butterfree|Psychic|p1a: Mew
|-resisted|p1a: Mew
|-damage|p1a: Mew|41\/300
|
|turn|29
|choice|move 4|move 3
|
|move|p1a: Mew|Soft-Boiled|p1a: Mew
|-heal|p1a: Mew|191\/300
|move|p2a: Butterfree|Sleep Powder|p1a: Mew|[miss]
|-miss|p2a: Butterfree
|
|turn|30
|choice|move 2|move 3
|
|move|p1a: Mew|Horn Drill|p2a: Butterfree|[miss]
|-miss|p1a: Mew
|move|p2a: Butterfree|Sleep Powder|p1a: Mew|[miss]
|-miss|p2a: Butterfree
|
|turn|31
|choice|move 2|move 3
|
|move|p1a: Mew|Horn Drill|p2a: Butterfree|[miss]
|-miss|p1a: Mew
|move|p2a: Butterfree|Sleep Powder|p1a: Mew|[miss]
|-miss|p2a: Butterfree
|
|turn|32
|choice|move 1|move 3
|
|move|p1a: Mew|Thunder Wave|p2a: Butterfree
|-status|p2a: Butterfree|par
|move|p2a: Butterfree|Sleep Powder|p1a: Mew
|-status|p1a: Mew|slp
|
|turn|33
|choice|move 4|move 2
|
|cant|p1a: Mew|slp
|cant|p2a: Butterfree|par
|
|turn|34
|choice|move 3|move 2
|
|cant|p1a: Mew|slp
|cant|p2a: Butterfree|par
|
|turn|35
|choice|move 3|move 2
|
|cant|p1a: Mew|slp
|cant|p2a: Butterfree|par
|
|turn|36
|choice|move 3|move 2
|
|cant|p1a: Mew|slp
|move|p2a: Butterfree|Psychic|p1a: Mew
|-resisted|p1a: Mew
|-damage|p1a: Mew|161\/300 slp
|
|turn|37
|choice|move 3|move 2
|
|-curestatus|p1a: Mew|slp
|move|p2a: Butterfree|Psychic|p1a: Mew
|-crit|p1a: Mew
|-resisted|p1a: Mew
|-damage|p1a: Mew|93\/300
|
|turn|38
|choice|move 4|move 3
|
|move|p1a: Mew|Soft-Boiled|p1a: Mew
|-heal|p1a: Mew|243\/300
|move|p2a: Butterfree|Sleep Powder|p1a: Mew
|-status|p1a: Mew|slp
|
|turn|39
|choice|move 3|move 2
|
|cant|p1a: Mew|slp
|move|p2a: Butterfree|Psychic|p1a: Mew
|-resisted|p1a: Mew
|-damage|p1a: Mew|209\/300 slp
|
|turn|40
|choice|move 3|move 2
|
|cant|p1a: Mew|slp
|move|p2a: Butterfree|Psychic|p1a: Mew
|-resisted|p1a: Mew
|-damage|p1a: Mew|174\/300 slp
|
|turn|41
|leave|YEAH ITS RED BITCH
|choice|move 3|move 3
|
|cant|p1a: Mew|slp
|move|p2a: Butterfree|Sleep Powder|p1a: Mew|[miss]
|-miss|p2a: Butterfree
|
|turn|42
|player|p2
|join|YEAH ITS RED BITCH
|-message|yeahitsredbitch lost due to inactivity.
|
|win|Dante Sasori
|raw|Dante Sasori's rating: 1000 &rarr; <strong>1060<\/strong><br \/>(+60 for winning)
|raw|YEAH ITS RED BITCH's rating: 1185 &rarr; <strong>1148<\/strong><br \/>(-37 for losing)