|join|MALESANI
|join|andrewandres
|player|p1|MALESANI|238
|player|p2|andrewandres|1
|gametype|singles
|gen|1
|tier|[Gen 1] Random Battle
|rated
|rule|Sleep Clause Mod: Limit one foe put to sleep
|rule|Freeze Clause Mod: Limit one foe frozen
|rule|HP Percentage Mod: HP is shown in percentages
|
|start
|switch|p1a: Bulbasaur|Bulbasaur, L96|281\/281
|switch|p2a: Aerodactyl|Aerodactyl, L90|327\/327
|turn|1
|
|move|p2a: Aerodactyl|Double-Edge|p1a: Bulbasaur
|-damage|p1a: Bulbasaur|172\/281
|-damage|p2a: Aerodactyl|300\/327|[from] recoil|[of] p1a: Bulbasaur
|move|p1a: Bulbasaur|Toxic|p2a: Aerodactyl
|-status|p2a: Aerodactyl|tox
|
|turn|2
|
|move|p2a: Aerodactyl|Double-Edge|p1a: Bulbasaur
|-damage|p1a: Bulbasaur|67\/281
|-damage|p2a: Aerodactyl|274\/327 tox|[from] recoil|[of] p1a: Bulbasaur
|-damage|p2a: Aerodactyl|254\/327 tox|[from] tox|[of] p1a: Bulbasaur
|move|p1a: Bulbasaur|Leech Seed|p2a: Aerodactyl|[miss]
|-miss|p1a: Bulbasaur
|
|turn|3
|
|switch|p1a: Marowak|Marowak, L90|291\/291
|move|p2a: Aerodactyl|Double-Edge|p1a: Marowak
|-damage|p1a: Marowak|219\/291
|-damage|p2a: Aerodactyl|236\/327 tox|[from] recoil|[of] p1a: Marowak
|-damage|p2a: Aerodactyl|196\/327 tox|[from] tox|[of] p1a: Marowak
|
|turn|4
|
|move|p2a: Aerodactyl|Hyper Beam|p1a: Marowak
|-crit|p1a: Marowak
|-damage|p1a: Marowak|26\/291
|-damage|p2a: Aerodactyl|136\/327 tox|[from] tox|[of] p1a: Marowak
|move|p1a: Marowak|Blizzard|p2a: Aerodactyl
|-crit|p2a: Aerodactyl
|-supereffective|p2a: Aerodactyl
|-damage|p2a: Aerodactyl|0 fnt
|faint|p2a: Aerodactyl
|
|switch|p2a: Wartortle|Wartortle, L85|274\/274
|turn|5
|
|move|p2a: Wartortle|Surf|p1a: Marowak
|-crit|p1a: Marowak
|-supereffective|p1a: Marowak
|-damage|p1a: Marowak|0 fnt
|faint|p1a: Marowak
|
|switch|p1a: Mewtwo|Mewtwo, L70|293\/293
|turn|6
|
|move|p1a: Mewtwo|Thunderbolt|p2a: Wartortle
|-supereffective|p2a: Wartortle
|-damage|p2a: Wartortle|102\/274
|move|p2a: Wartortle|Body Slam|p1a: Mewtwo
|-damage|p1a: Mewtwo|234\/293
|
|turn|7
|
|switch|p2a: Onix|Onix, L90|246\/246
|move|p1a: Mewtwo|Thunderbolt|p2a: Onix
|-immune|p2a: Onix|[msg]
|
|turn|8
|
|switch|p1a: Bulbasaur|Bulbasaur, L96|67\/281
|move|p2a: Onix|Earthquake|p1a: Bulbasaur
|-damage|p1a: Bulbasaur|0 fnt
|faint|p1a: Bulbasaur
|
|switch|p1a: Lapras|Lapras, L79|367\/367
|turn|9
|
|switch|p2a: Wartortle|Wartortle, L85|102\/274
|move|p1a: Lapras|Blizzard|p2a: Wartortle
|-resisted|p2a: Wartortle
|-damage|p2a: Wartortle|39\/274
|
|turn|10
|
|move|p2a: Wartortle|Body Slam|p1a: Lapras
|-damage|p1a: Lapras|315\/367
|-status|p1a: Lapras|par
|move|p1a: Lapras|Body Slam|p2a: Wartortle
|-damage|p2a: Wartortle|0 fnt
|faint|p2a: Wartortle
|
|switch|p2a: Raichu|Raichu, L85|276\/276
|turn|11
|
|switch|p1a: Magneton|Magneton, L90|273\/273
|move|p2a: Raichu|Thunderbolt|p1a: Magneton
|-crit|p1a: Magneton
|-resisted|p1a: Magneton
|-damage|p1a: Magneton|196\/273
|
|turn|12
|
|switch|p2a: Onix|Onix, L90|246\/246
|move|p1a: Magneton|Thunder Wave|p2a: Onix
|-immune|p2a: Onix|[msg]
|
|turn|13
|
|switch|p1a: Lapras|Lapras, L79|315\/367 par
|move|p2a: Onix|Rock Slide|p1a: Lapras
|-supereffective|p1a: Lapras
|-damage|p1a: Lapras|176\/367 par
|
|turn|14
|
|switch|p2a: Raticate|Raticate, L85|267\/267
|move|p1a: Lapras|Blizzard|p2a: Raticate
|-damage|p2a: Raticate|115\/267
|
|turn|15
|
|move|p2a: Raticate|Body Slam|p1a: Lapras
|-damage|p1a: Lapras|79\/367 par
|cant|p1a: Lapras|par
|
|turn|16
|
|move|p2a: Raticate|Body Slam|p1a: Lapras
|-damage|p1a: Lapras|0 fnt
|faint|p1a: Lapras
|
|switch|p1a: Mewtwo|Mewtwo, L70|234\/293
|turn|17
|
|move|p1a: Mewtwo|Psychic|p2a: Raticate
|-crit|p2a: Raticate
|-damage|p2a: Raticate|0 fnt
|faint|p2a: Raticate
|
|switch|p2a: Onix|Onix, L90|246\/246
|turn|18
|
|move|p1a: Mewtwo|Psychic|p2a: Onix
|-damage|p2a: Onix|94\/246
|move|p2a: Onix|Explosion|p1a: Mewtwo
|-crit|p1a: Mewtwo
|-damage|p1a: Mewtwo|0 fnt
|faint|p1a: Mewtwo
|faint|p2a: Onix
|
|switch|p2a: Raichu|Raichu, L85|276\/276
|switch|p1a: Magneton|Magneton, L90|196\/273
|turn|19
|
|move|p2a: Raichu|Thunder Wave|p1a: Magneton
|-status|p1a: Magneton|par
|move|p1a: Magneton|Thunder Wave|p2a: Raichu
|-status|p2a: Raichu|par
|
|turn|20
|
|cant|p2a: Raichu|par
|move|p1a: Magneton|Double-Edge|p2a: Raichu
|-damage|p2a: Raichu|191\/276 par
|-damage|p1a: Magneton|175\/273 par|[from] recoil|[of] p2a: Raichu
|
|turn|21
|
|move|p2a: Raichu|Thunderbolt|p1a: Magneton
|-resisted|p1a: Magneton
|-damage|p1a: Magneton|135\/273 par
|move|p1a: Magneton|Hyper Beam|p2a: Raichu
|-crit|p2a: Raichu
|-damage|p2a: Raichu|0 fnt
|faint|p2a: Raichu
|
|switch|p2a: Gengar|Gengar, L79|257\/257
|turn|22
|
|move|p2a: Gengar|Psychic|p1a: Magneton
|-damage|p1a: Magneton|83\/273 par
|-unboost|p1a: Magneton|spd|1
|-unboost|p1a: Magneton|spa|1
|move|p1a: Magneton|Thunder Wave|p2a: Gengar
|-status|p2a: Gengar|par
|
|turn|23
|
|move|p2a: Gengar|Psychic|p1a: Magneton
|-crit|p1a: Magneton
|-damage|p1a: Magneton|0 fnt
|faint|p1a: Magneton
|
|switch|p1a: Charmeleon|Charmeleon, L85|272\/272
|turn|24
|
|move|p1a: Charmeleon|Fire Blast|p2a: Gengar
|-crit|p2a: Gengar
|-damage|p2a: Gengar|82\/257 par
|move|p2a: Gengar|Psychic|p1a: Charmeleon
|-damage|p1a: Charmeleon|190\/272
|
|turn|25
|
|move|p1a: Charmeleon|Fire Blast|p2a: Gengar
|-damage|p2a: Gengar|0 fnt
|faint|p2a: Gengar
|
|win|MALESANI
|c|★MALESANI|gg
|c|★andrewandres|of course
|c|★andrewandres|critic
|c|★andrewandres|stupid lucker...
|leave|andrewandres
|player|p2
|c|★MALESANI|lol
|c|★MALESANI|rosicone di merda
|c|★MALESANI|mòri