|j|TonyRBY
|j|dirkaka
|player|p1|TonyRBY|167
|player|p2|dirkaka|153
|gametype|singles
|gen|1
|tier|[Gen 1] OU
|seed|
|rule|Sleep Clause Mod: Limit one foe put to sleep
|rule|Freeze Clause Mod: Limit one foe frozen
|rule|Species Clause: Limit one of each Pokémon
|rule|OHKO Clause: OHKO moves are banned
|rule|Evasion Moves Clause: Evasion moves are banned
|rule|HP Percentage Mod: HP is shown in percentages
|
|start
|switch|p1a: Alakazam|Alakazam|100\/100
|switch|p2a: Obi-Wan|Alakazam|100\/100
|turn|1
|c|★dirkaka|this is
|c|★dirkaka|my old team
|c|★TonyRBY|cool
|choice||
|
|switch|p2a: Chansey|Chansey|100\/100
|move|p1a: Alakazam|Thunder Wave|p2a: Chansey
|-status|p2a: Chansey|par
|
|turn|2
|c|★TonyRBY|let's see if I can get 4 in a row >:)
|c|★TonyRBY|ughhh
|choice||
|
|switch|p1a: Chansey|Chansey|100\/100
|move|p2a: Chansey|Ice Beam|p1a: Chansey
|-damage|p1a: Chansey|90\/100
|
|turn|3
|choice||
|
|move|p1a: Chansey|Thunder Wave|p2a: Chansey
|-fail|p2a: Chansey|par
|move|p2a: Chansey|Ice Beam|p1a: Chansey
|-damage|p1a: Chansey|79\/100
|
|turn|4
|c|★dirkaka|im already para'd brah
|c|★TonyRBY|lol
|c|★TonyRBY|i was just wasting a turn
|c|★TonyRBY|hoping you would think i was going to switch now that your chansey was para'd
|c|★dirkaka|ooo
|c|★TonyRBY|so my chancey could absorb your thunder wave
|c|★dirkaka|u beech
|c|★dirkaka|:(
|choice||
|
|switch|p1a: Machamp|Machamp|100\/100
|cant|p2a: Chansey|par
|
|turn|5
|choice||
|
|move|p1a: Machamp|Earthquake|p2a: Chansey
|-damage|p2a: Chansey|64\/100 par
|move|p2a: Chansey|Counter|p1a: Machamp
|-fail|p2a: Chansey
|
|turn|6
|c|★dirkaka|eh??
|choice||
|
|switch|p2a: Zapdos|Zapdos|100\/100
|move|p1a: Machamp|Low Kick|p2a: Zapdos
|-resisted|p2a: Zapdos
|-damage|p2a: Zapdos|90\/100
|
|turn|7
|choice||
|
|switch|p1a: Chansey|Chansey|79\/100
|move|p2a: Zapdos|Drill Peck|p1a: Chansey
|-damage|p1a: Chansey|45\/100
|
|turn|8
|c|★dirkaka|eq isnt physical
|choice||
|
|move|p2a: Zapdos|Drill Peck|p1a: Chansey
|-damage|p1a: Chansey|11\/100
|move|p1a: Chansey|Thunder Wave|p2a: Zapdos
|-status|p2a: Zapdos|par
|
|turn|9
|choice||
|
|move|p1a: Chansey|Soft-Boiled|p1a: Chansey
|-heal|p1a: Chansey|61\/100
|move|p2a: Zapdos|Agility|p2a: Zapdos
|-boost|p2a: Zapdos|spe|2
|
|turn|10
|choice||
|
|move|p2a: Zapdos|Drill Peck|p1a: Chansey
|-damage|p1a: Chansey|26\/100
|move|p1a: Chansey|Ice Beam|p2a: Zapdos
|-supereffective|p2a: Zapdos
|-damage|p2a: Zapdos|55\/100 par
|
|turn|11
|choice||
|
|move|p2a: Zapdos|Drill Peck|p1a: Chansey
|-damage|p1a: Chansey|0 fnt
|faint|p1a: Chansey
|j|super knuckles
|c|★TonyRBY|that was dumb
|c|★TonyRBY|forgot about your speed boost
|c|★dirkaka|xD
|c| super knuckles|yeah
|choice||
|
|switch|p1a: Alakazam|Alakazam|100\/100
|turn|12
|c| super knuckles|in this gen agility is bastard
|choice||
|
|move|p2a: Zapdos|Drill Peck|p1a: Alakazam
|-damage|p1a: Alakazam|53\/100
|move|p1a: Alakazam|Reflect|p1a: Alakazam
|-start|p1a: Alakazam|Reflect
|
|turn|13
|choice||
|
|cant|p2a: Zapdos|par
|move|p1a: Alakazam|Recover|p1a: Alakazam
|-heal|p1a: Alakazam|100\/100
|
|turn|14
|choice||
|
|switch|p2a: Chansey|Chansey|64\/100 par
|move|p1a: Alakazam|Psychic|p2a: Chansey
|-damage|p2a: Chansey|45\/100 par
|-unboost|p2a: Chansey|spd|1
|-unboost|p2a: Chansey|spa|1
|
|turn|15
|choice||
|
|move|p1a: Alakazam|Psychic|p2a: Chansey
|-damage|p2a: Chansey|18\/100 par
|-unboost|p2a: Chansey|spd|1
|-unboost|p2a: Chansey|spa|1
|move|p2a: Chansey|Soft-Boiled|p2a: Chansey
|-heal|p2a: Chansey|68\/100 par
|
|turn|16
|choice||
|
|switch|p2a: Obi-Wan|Alakazam|100\/100
|move|p1a: Alakazam|Psychic|p2a: Obi-Wan
|-resisted|p2a: Obi-Wan
|-damage|p2a: Obi-Wan|84\/100
|
|turn|17
|choice||
|
|move|p1a: Alakazam|Thunder Wave|p2a: Obi-Wan
|-status|p2a: Obi-Wan|par
|move|p2a: Obi-Wan|Thunder Wave|p1a: Alakazam
|-status|p1a: Alakazam|par
|
|turn|18
|choice||
|
|move|p1a: Alakazam|Psychic|p2a: Obi-Wan
|-resisted|p2a: Obi-Wan
|-damage|p2a: Obi-Wan|69\/100 par
|move|p2a: Obi-Wan|Seismic Toss|p1a: Alakazam
|-damage|p1a: Alakazam|69\/100 par
|
|turn|19
|choice||
|
|move|p1a: Alakazam|Psychic|p2a: Obi-Wan
|-crit|p2a: Obi-Wan
|-resisted|p2a: Obi-Wan
|-damage|p2a: Obi-Wan|38\/100 par
|move|p2a: Obi-Wan|Recover|p2a: Obi-Wan
|-heal|p2a: Obi-Wan|88\/100 par
|
|turn|20
|choice||
|
|cant|p2a: Obi-Wan|par
|cant|p1a: Alakazam|par
|
|turn|21
|choice||
|
|move|p1a: Alakazam|Psychic|p2a: Obi-Wan
|-crit|p2a: Obi-Wan
|-resisted|p2a: Obi-Wan
|-damage|p2a: Obi-Wan|54\/100 par
|cant|p2a: Obi-Wan|par
|
|turn|22
|choice||
|
|move|p1a: Alakazam|Psychic|p2a: Obi-Wan
|-crit|p2a: Obi-Wan
|-resisted|p2a: Obi-Wan
|-damage|p2a: Obi-Wan|21\/100 par
|-unboost|p2a: Obi-Wan|spd|1
|-unboost|p2a: Obi-Wan|spa|1
|cant|p2a: Obi-Wan|par
|
|turn|23
|c|★dirkaka|..
|c|★TonyRBY|hax
|choice||
|
|switch|p2a: Chansey|Chansey|68\/100 par
|move|p1a: Alakazam|Psychic|p2a: Chansey
|-crit|p2a: Chansey
|-damage|p2a: Chansey|31\/100 par
|
|turn|24
|c|★dirkaka|fak
|c|★dirkaka|3
|choice||
|
|cant|p1a: Alakazam|par
|move|p2a: Chansey|Soft-Boiled|p2a: Chansey
|-heal|p2a: Chansey|81\/100 par
|
|turn|25
|choice||
|
|switch|p2a: Obi-Wan|Alakazam|21\/100 par
|move|p1a: Alakazam|Psychic|p2a: Obi-Wan
|-resisted|p2a: Obi-Wan
|-damage|p2a: Obi-Wan|5\/100 par
|
|turn|26
|choice||
|
|cant|p1a: Alakazam|par
|move|p2a: Obi-Wan|Recover|p2a: Obi-Wan
|-heal|p2a: Obi-Wan|55\/100 par
|
|turn|27
|choice||
|
|move|p2a: Obi-Wan|Recover|p2a: Obi-Wan
|-heal|p2a: Obi-Wan|100\/100 par
|move|p1a: Alakazam|Psychic|p2a: Obi-Wan
|-resisted|p2a: Obi-Wan
|-damage|p2a: Obi-Wan|83\/100 par
|
|turn|28
|choice||
|
|move|p1a: Alakazam|Psychic|p2a: Obi-Wan
|-resisted|p2a: Obi-Wan
|-damage|p2a: Obi-Wan|67\/100 par
|move|p2a: Obi-Wan|Seismic Toss|p1a: Alakazam
|-damage|p1a: Alakazam|37\/100 par
|
|turn|29
|choice||
|
|cant|p1a: Alakazam|par
|move|p2a: Obi-Wan|Seismic Toss|p1a: Alakazam
|-damage|p1a: Alakazam|5\/100 par
|
|turn|30
|choice||
|
|move|p2a: Obi-Wan|Seismic Toss|p1a: Alakazam
|-damage|p1a: Alakazam|0 fnt
|faint|p1a: Alakazam
|choice||
|
|switch|p1a: Tauros|Tauros|100\/100
|turn|31
|choice||
|
|switch|p1a: Jolteon|Jolteon|100\/100
|switch|p2a: Chewbacca|Exeggutor|100\/100
|
|turn|32
|choice||
|
|move|p1a: Jolteon|Pin Missile|p2a: Chewbacca
|-supereffective|p2a: Chewbacca
|-damage|p2a: Chewbacca|90\/100
|-damage|p2a: Chewbacca|79\/100
|-damage|p2a: Chewbacca|68\/100
|-hitcount|p2a: Chewbacca|3
|move|p2a: Chewbacca|Sleep Powder|p1a: Jolteon
|-status|p1a: Jolteon|slp
|
|turn|33
|choice||
|
|switch|p1a: Exeggutor|Exeggutor|100\/100
|move|p2a: Chewbacca|Psychic|p1a: Exeggutor
|-crit|p1a: Exeggutor
|-resisted|p1a: Exeggutor
|-damage|p1a: Exeggutor|73\/100
|
|turn|34
|c| super knuckles|jolteon sucks xD
|choice||
|
|switch|p2a: Obi-Wan|Alakazam|67\/100 par
|move|p1a: Exeggutor|Explosion|p2a: Obi-Wan
|-damage|p2a: Obi-Wan|0 fnt
|faint|p2a: Obi-Wan
|faint|p1a: Exeggutor
|c|★dirkaka|ahh
|c|★dirkaka|good one didnt see that one coming
|c|★TonyRBY|;)
|choice||
|
|switch|p1a: Jolteon|Jolteon|100\/100 slp
|switch|p2a: Zapdos|Zapdos|55\/100 par
|turn|35
|choice||
|
|-curestatus|p1a: Jolteon|slp
|cant|p2a: Zapdos|par
|
|turn|36
|c|★dirkaka|oh no
|choice||
|
|switch|p2a: Rock Bottom|Golem|100\/100
|move|p1a: Jolteon|Thunderbolt|p2a: Rock Bottom
|-immune|p2a: Rock Bottom|[msg]
|
|turn|37
|choice||
|
|switch|p1a: Machamp|Machamp|100\/100
|move|p2a: Rock Bottom|Earthquake|p1a: Machamp
|-damage|p1a: Machamp|60\/100
|
|turn|38
|choice||
|
|switch|p2a: Zapdos|Zapdos|55\/100 par
|move|p1a: Machamp|Low Kick|p2a: Zapdos
|-resisted|p2a: Zapdos
|-damage|p2a: Zapdos|45\/100 par
|
|turn|39
|choice||
|
|move|p1a: Machamp|Hyper Beam|p2a: Zapdos|[miss]
|-miss|p1a: Machamp
|move|p2a: Zapdos|Thunder Wave|p1a: Machamp
|-status|p1a: Machamp|par
|
|turn|40
|choice||
|
|move|p2a: Zapdos|Drill Peck|p1a: Machamp
|-supereffective|p1a: Machamp
|-damage|p1a: Machamp|9\/100 par
|move|p1a: Machamp|Hyper Beam|p2a: Zapdos
|-damage|p2a: Zapdos|1\/100 par
|
|turn|41
|-mustrecharge|p1a: Machamp
|c| super knuckles|wow
|-mustrecharge|p1a: Machamp
|choice||
|
|move|p2a: Zapdos|Drill Peck|p1a: Machamp
|-supereffective|p1a: Machamp
|-damage|p1a: Machamp|0 fnt
|faint|p1a: Machamp
|choice||
|
|switch|p1a: Jolteon|Jolteon|100\/100
|turn|42
|choice||
|
|switch|p2a: Rock Bottom|Golem|100\/100
|move|p1a: Jolteon|Double Kick|p2a: Rock Bottom
|-supereffective|p2a: Rock Bottom
|-damage|p2a: Rock Bottom|91\/100
|-damage|p2a: Rock Bottom|82\/100
|-hitcount|p2a: Rock Bottom|2
|
|turn|43
|c| super knuckles|rock slide is useful on machamp
|c|★dirkaka|it is ? o_o
|choice||
|
|move|p1a: Jolteon|Double Kick|p2a: Rock Bottom
|-crit|p2a: Rock Bottom
|-supereffective|p2a: Rock Bottom
|-damage|p2a: Rock Bottom|64\/100
|-damage|p2a: Rock Bottom|46\/100
|-hitcount|p2a: Rock Bottom|2
|move|p2a: Rock Bottom|Earthquake|p1a: Jolteon
|-supereffective|p1a: Jolteon
|-damage|p1a: Jolteon|0 fnt
|faint|p1a: Jolteon
|c|★dirkaka|dam crit
|choice||
|
|switch|p1a: Tauros|Tauros|100\/100
|turn|44
|choice||
|
|switch|p2a: Chewbacca|Exeggutor|68\/100
|move|p1a: Tauros|Blizzard|p2a: Chewbacca
|-supereffective|p2a: Chewbacca
|-damage|p2a: Chewbacca|35\/100
|
|turn|45
|c| super knuckles|tauros sweep
|c|★dirkaka|lol
|c|★dirkaka|anything can happen
|c| super knuckles|explosion miss
|c|★dirkaka|more like hyper beam miss
|c|★dirkaka|PLZ
|j|LeInf
|choice||
|
|move|p1a: Tauros|Hyper Beam|p2a: Chewbacca
|-crit|p2a: Chewbacca
|-damage|p2a: Chewbacca|0 fnt
|faint|p2a: Chewbacca
|c|★dirkaka|or if im done enough to switch in tauros
|c|★dirkaka|aww
|c| super knuckles|woooooooooo
|choice||
|
|switch|p2a: Chansey|Chansey|81\/100 par
|turn|46
|choice||
|
|move|p1a: Tauros|Hyper Beam|p2a: Chansey|[miss]
|-miss|p1a: Tauros
|move|p2a: Chansey|Thunder Wave|p1a: Tauros
|-status|p1a: Tauros|par
|
|turn|47
|c|★dirkaka|gg
|c| super knuckles|ahahah
|c|★TonyRBY|christ
|choice||
|
|cant|p1a: Tauros|par
|move|p2a: Chansey|Counter|p1a: Tauros
|-fail|p2a: Chansey
|
|turn|48
|c|★TonyRBY|i was hoping for a tauros vs. tauros to finish it
|choice||
|
|cant|p1a: Tauros|par
|move|p2a: Chansey|Counter|p1a: Tauros
|-fail|p2a: Chansey
|
|turn|49
|choice||
|
|move|p1a: Tauros|Hyper Beam|p2a: Chansey
|-damage|p2a: Chansey|11\/100 par
|cant|p2a: Chansey|par
|
|turn|50
|-mustrecharge|p1a: Tauros
|c|★dirkaka|LLOL
|-mustrecharge|p1a: Tauros
|choice||
|
|cant|p1a: Tauros|recharge
|move|p2a: Chansey|Soft-Boiled|p2a: Chansey
|-heal|p2a: Chansey|61\/100 par
|
|turn|51
|c| super knuckles|now is gg. Tauros is too slow
|c| super knuckles|now
|choice||
|
|move|p1a: Tauros|Hyper Beam|p2a: Chansey|[miss]
|-miss|p1a: Tauros
|move|p2a: Chansey|Soft-Boiled|p2a: Chansey
|-heal|p2a: Chansey|100\/100 par
|
|turn|52
|choice||
|
|move|p1a: Tauros|Earthquake|p2a: Chansey
|-damage|p2a: Chansey|70\/100 par
|move|p2a: Chansey|Counter|p1a: Tauros
|-fail|p2a: Chansey
|
|turn|53
|c| LeInf|Could have countered again !
|c|★dirkaka|ahh thats clever
|choice||
|
|move|p1a: Tauros|Hyper Beam|p2a: Chansey
|-damage|p2a: Chansey|0 fnt
|faint|p2a: Chansey
|choice||
|
|switch|p2a: Rock Bottom|Golem|46\/100
|turn|54
|c| super knuckles|gg
|c|★TonyRBY|could have switched this guy in earlier on my hyper beam attempts
|choice||
|
|move|p2a: Rock Bottom|Explosion|p1a: Tauros
|-damage|p1a: Tauros|23\/100 par
|faint|p2a: Rock Bottom
|choice||
|
|switch|p2a: Bullean=true;|Tauros|100\/100
|turn|55
|c| super knuckles|no explosion miss lol
|choice||
|
|move|p2a: Bullean=true;|Body Slam|p1a: Tauros
|-damage|p1a: Tauros|0 fnt
|faint|p1a: Tauros
|
|win|dirkaka
|player|p1
|player|p2
|c|★TonyRBY|good one
|c|★dirkaka|gg
|c|★dirkaka|1-3
|c|★TonyRBY|that missed hyper beam did me in
|c|★dirkaka|:(
|l|super knuckles
|l|LeInf
|c|★TonyRBY|otherwise it would have been full health tauros vs. full health tauros
|c|★TonyRBY|coin flip!
|c|★TonyRBY|that was fun
|c|★TonyRBY|have a good night
|c|★dirkaka|gnight
|l|TonyRBY