|j|Whoremaster
|j|bladesqueal24
|player|p1|Whoremaster|43
|player|p2|bladesqueal24|290
|gametype|singles
|gen|1
|tier|[Gen 1] Random Battle
|rated
|seed|13443,30480,38738,37373
|rule|Sleep Clause Mod: Limit one foe put to sleep
|rule|Freeze Clause Mod: Limit one foe frozen
|rule|HP Percentage Mod: HP is shown in percentages
|
|start
|switch|p1a: Zapdos|Zapdos, L79|304\/304
|switch|p2a: Ekans|Ekans, L96|262\/262
|turn|1
|choice|switch 4|move Rock Slide
|
|switch|p1a: Golem|Golem, L79|288\/288
|move|p2a: Ekans|Rock Slide|p1a: Golem
|-resisted|p1a: Golem
|-damage|p1a: Golem|267\/288
|
|turn|2
|choice|move 3|switch 5
|
|switch|p2a: Omastar|Omastar, L90|309\/309
|move|p1a: Golem|Earthquake|p2a: Omastar
|-supereffective|p2a: Omastar
|-damage|p2a: Omastar|147\/309
|
|turn|3
|choice|switch 4|move Blizzard
|
|switch|p1a: Zapdos|Zapdos, L79|304\/304
|move|p2a: Omastar|Blizzard|p1a: Zapdos
|-crit|p1a: Zapdos
|-supereffective|p1a: Zapdos
|-damage|p1a: Zapdos|0 fnt
|faint|p1a: Zapdos
|choice|switch 5|
|
|switch|p1a: Mew|Mew, L74|300\/300
|turn|4
|choice|move 1|switch 4
|
|switch|p2a: Scyther|Scyther, L90|309\/309
|move|p1a: Mew|Hyper Beam|p2a: Scyther
|-damage|p2a: Scyther|227\/309
|
|turn|5
|-mustrecharge|p1a: Mew
|-mustrecharge|p1a: Mew
|choice|move 1|move Swords Dance
|
|move|p2a: Scyther|Swords Dance|p2a: Scyther
|-boost|p2a: Scyther|atk|2
|cant|p1a: Mew|recharge
|
|turn|6
|choice|switch 4|move Swords Dance
|
|switch|p1a: Golem|Golem, L79|267\/288
|move|p2a: Scyther|Swords Dance|p2a: Scyther
|-boost|p2a: Scyther|atk|2
|
|turn|7
|choice|move 1|switch 5
|
|switch|p2a: Ekans|Ekans, L96|262\/262
|move|p1a: Golem|Rock Slide|p2a: Ekans
|-damage|p2a: Ekans|171\/262
|
|turn|8
|choice|move 3|move Glare
|
|move|p2a: Ekans|Glare|p1a: Golem
|-status|p1a: Golem|par
|cant|p1a: Golem|par
|
|turn|9
|choice|move 3|move Earthquake
|
|move|p2a: Ekans|Earthquake|p1a: Golem
|-supereffective|p1a: Golem
|-damage|p1a: Golem|150\/288 par
|move|p1a: Golem|Earthquake|p2a: Ekans
|-supereffective|p2a: Ekans
|-damage|p2a: Ekans|0 fnt
|faint|p2a: Ekans
|choice||switch 4
|
|switch|p2a: Omastar|Omastar, L90|147\/309
|turn|10
|choice|switch 2|move Hydro Pump
|
|switch|p1a: Squirtle|Squirtle, L96|279\/279
|move|p2a: Omastar|Hydro Pump|p1a: Squirtle
|-resisted|p1a: Squirtle
|-damage|p1a: Squirtle|180\/279
|
|turn|11
|choice|move 4|move Hydro Pump
|
|move|p2a: Omastar|Hydro Pump|p1a: Squirtle|[miss]
|-miss|p2a: Omastar
|move|p1a: Squirtle|Blizzard|p2a: Omastar|[miss]
|-miss|p1a: Squirtle
|
|turn|12
|choice|move 2|switch 3
|
|switch|p2a: Mew|Mew, L74|300\/300
|move|p1a: Squirtle|Surf|p2a: Mew
|-damage|p2a: Mew|210\/300
|
|turn|13
|choice|move 4|move Thunder Wave
|
|move|p2a: Mew|Thunder Wave|p1a: Squirtle
|-status|p1a: Squirtle|par
|cant|p1a: Squirtle|par
|
|turn|14
|choice|move 1|move Thunderbolt
|
|move|p2a: Mew|Thunderbolt|p1a: Squirtle
|-crit|p1a: Squirtle
|-supereffective|p1a: Squirtle
|-damage|p1a: Squirtle|0 fnt
|faint|p1a: Squirtle
|choice|switch 3|
|
|switch|p1a: Kakuna|Kakuna, L99|290\/290
|turn|15
|choice|move 3|switch 5
|
|switch|p2a: Scyther|Scyther, L90|227\/309
|move|p1a: Kakuna|String Shot|p2a: Scyther
|-unboost|p2a: Scyther|spe|1
|
|turn|16
|choice|switch 4|move Swords Dance
|
|switch|p1a: Mew|Mew, L74|300\/300
|move|p2a: Scyther|Swords Dance|p2a: Scyther
|-boost|p2a: Scyther|atk|2
|
|turn|17
|choice|move 3|move Agility
|
|move|p1a: Mew|Thunder Wave|p2a: Scyther
|-status|p2a: Scyther|par
|move|p2a: Scyther|Agility|p2a: Scyther
|-boost|p2a: Scyther|spe|2
|
|turn|18
|choice|move 1|move Slash
|
|cant|p2a: Scyther|par
|move|p1a: Mew|Hyper Beam|p2a: Scyther
|-damage|p2a: Scyther|147\/309 par
|
|turn|19
|-mustrecharge|p1a: Mew
|-mustrecharge|p1a: Mew
|choice|move 1|move Swords Dance
|
|move|p2a: Scyther|Swords Dance|p2a: Scyther
|-boost|p2a: Scyther|atk|2
|cant|p1a: Mew|recharge
|
|turn|20
|choice|move 4|move Slash
|
|move|p2a: Scyther|Slash|p1a: Mew
|-crit|p1a: Mew
|-damage|p1a: Mew|172\/300
|move|p1a: Mew|Explosion|p2a: Scyther
|-crit|p2a: Scyther
|-damage|p2a: Scyther|0 fnt
|faint|p2a: Scyther
|faint|p1a: Mew
|c|★Whoremaster|slash ignores stat boosts
|choice|switch 6|switch 3
|
|switch|p2a: Omastar|Omastar, L90|147\/309
|switch|p1a: Snorlax|Snorlax, L79|415\/415
|turn|21
|choice|move 2|move Blizzard
|
|move|p2a: Omastar|Blizzard|p1a: Snorlax
|-damage|p1a: Snorlax|271\/415
|move|p1a: Snorlax|Earthquake|p2a: Omastar
|-supereffective|p2a: Omastar
|-damage|p2a: Omastar|37\/309
|
|turn|22
|choice|move 2|move Blizzard
|
|move|p2a: Omastar|Blizzard|p1a: Snorlax
|-crit|p1a: Snorlax
|-damage|p1a: Snorlax|14\/415
|move|p1a: Snorlax|Earthquake|p2a: Omastar
|-supereffective|p2a: Omastar
|-damage|p2a: Omastar|0 fnt
|faint|p2a: Omastar
|choice||switch 5
|
|switch|p2a: Mew|Mew, L74|210\/300
|turn|23
|c|★Whoremaster|gg
|-message|Whoremaster forfeited.
|
|win|bladesqueal24
|player|p1
|player|p2
|raw|Whoremaster's rating: 1016 &rarr; <strong>1007<\/strong><br \/>(-9 for losing)
|raw|bladesqueal24's rating: 1099 &rarr; <strong>1119<\/strong><br \/>(+20 for winning)
|l|Whoremaster