|j|Stellarmelon
|j|Gymleaderfabe
|player|p1|Stellarmelon|35
|player|p2|Gymleaderfabe|241
|gametype|singles
|gen|1
|tier|[Gen 1] Random Battle
|rated
|seed|
|rule|Sleep Clause Mod: Limit one foe put to sleep
|rule|Freeze Clause Mod: Limit one foe frozen
|rule|HP Percentage Mod: HP is shown in percentages
|
|start
|switch|p1a: Hitmonlee|Hitmonlee, L90|100\/100
|switch|p2a: Tangela|Tangela, L85|100\/100
|turn|1
|j|poje09
|c|★Gymleaderfabe|I know your stellar
|c|★Gymleaderfabe|but are you juicy?
|c|★Gymleaderfabe|ripe?
|c|★Gymleaderfabe|is it even melon season?
|c|★Stellarmelon|lets find out
|l|poje09
|choice||
|
|move|p1a: Hitmonlee|Mimic|p2a: Tangela
|-start|p1a: Hitmonlee|Mimic|Hyper Beam
|move|p2a: Tangela|Swords Dance|p2a: Tangela
|-boost|p2a: Tangela|atk|2
|
|turn|2
|choice||
|
|move|p2a: Tangela|Body Slam|p1a: Hitmonlee
|-damage|p1a: Hitmonlee|59\/100
|-status|p1a: Hitmonlee|par
|cant|p1a: Hitmonlee|par
|
|turn|3
|c|★Stellarmelon|fuck
|c|★Stellarmelon|counter was coming
|choice||
|
|switch|p1a: Gengar|Gengar, L79|100\/100
|move|p2a: Tangela|Swords Dance|p2a: Tangela
|-boost|p2a: Tangela|atk|2
|
|turn|4
|choice||
|
|move|p1a: Gengar|Hypnosis|p2a: Tangela
|-status|p2a: Tangela|slp
|cant|p2a: Tangela|slp
|
|turn|5
|choice||
|
|switch|p2a: Clefable|Clefable, L85|100\/100
|move|p1a: Gengar|Psychic|p2a: Clefable
|-damage|p2a: Clefable|81\/100
|
|turn|6
|c|★Gymleaderfabe|like my counter :p
|c|★Gymleaderfabe|what kind of melon?
|choice||
|
|switch|p1a: Hitmonlee|Hitmonlee, L90|59\/100 par
|move|p2a: Clefable|Thunder Wave|p1a: Hitmonlee
|-fail|p1a: Hitmonlee|par
|
|turn|7
|choice||
|
|switch|p2a: Moltres|Moltres, L85|100\/100
|move|p1a: Hitmonlee|Body Slam|p2a: Moltres
|-damage|p2a: Moltres|76\/100
|
|turn|8
|choice||
|
|move|p2a: Moltres|Fire Blast|p1a: Hitmonlee
|-damage|p1a: Hitmonlee|0 fnt
|faint|p1a: Hitmonlee
|choice||
|
|switch|p1a: Gengar|Gengar, L79|100\/100
|turn|9
|choice||
|
|switch|p2a: Clefable|Clefable, L85|81\/100
|move|p1a: Gengar|Thunderbolt|p2a: Clefable
|-damage|p2a: Clefable|58\/100
|
|turn|10
|c|★Gymleaderfabe|change your name to
|c|★Gymleaderfabe|predictablemelon
|c|★Gymleaderfabe|like when you go to the grocery store n you know a melon will be there
|c|★Gymleaderfabe|its predictable
|c|★Gymleaderfabe|not talking about how you play...
|choice||
|
|switch|p1a: Sandslash|Sandslash, L85|100\/100
|move|p2a: Clefable|Sing|p1a: Sandslash|[miss]
|-miss|p2a: Clefable
|
|turn|11
|choice||
|
|move|p1a: Sandslash|Earthquake|p2a: Clefable
|-damage|p2a: Clefable|22\/100
|move|p2a: Clefable|Sing|p1a: Sandslash
|-status|p1a: Sandslash|slp
|
|turn|12
|c|★Gymleaderfabe|was I right? or was I right?
|choice||
|
|cant|p1a: Sandslash|slp
|move|p2a: Clefable|Thunder Wave|p1a: Sandslash
|-immune|p1a: Sandslash|[msg]
|
|turn|13
|c|★Stellarmelon|great call
|choice||
|
|switch|p1a: Gengar|Gengar, L79|100\/100
|switch|p2a: Dragonair|Dragonair, L85|100\/100
|
|turn|14
|c|★Gymleaderfabe|;)
|c|★Gymleaderfabe|I am a gymleader do you expect it to be easy?
|choice||
|
|move|p1a: Gengar|Psychic|p2a: Dragonair
|-damage|p2a: Dragonair|71\/100
|-unboost|p2a: Dragonair|spd|1
|-unboost|p2a: Dragonair|spa|1
|move|p2a: Dragonair|Substitute|p2a: Dragonair
|-start|p2a: Dragonair|Substitute
|-damage|p2a: Dragonair|46\/100
|
|turn|15
|choice||
|
|move|p1a: Gengar|Psychic|p2a: Dragonair
|-end|p2a: Dragonair|Substitute
|move|p2a: Dragonair|Blizzard|p1a: Gengar|[miss]
|-miss|p2a: Dragonair
|
|turn|16
|choice||
|
|switch|p2a: Tangela|Tangela, L85|100\/100 slp
|move|p1a: Gengar|Psychic|p2a: Tangela
|-crit|p2a: Tangela
|-damage|p2a: Tangela|56\/100 slp
|-unboost|p2a: Tangela|spd|1
|-unboost|p2a: Tangela|spa|1
|
|turn|17
|choice||
|
|switch|p2a: Clefable|Clefable, L85|22\/100
|move|p1a: Gengar|Psychic|p2a: Clefable
|-crit|p2a: Clefable
|-damage|p2a: Clefable|0 fnt
|faint|p2a: Clefable
|c|★Gymleaderfabe|good job
|c|★Stellarmelon|headline: gengar sweeps gymleader
|c|★Gymleaderfabe|did you ever think that was the plan?
|choice||
|
|switch|p2a: Moltres|Moltres, L85|76\/100
|turn|18
|c|★Stellarmelon|didn't need the crit, i had two hits
|c|★Gymleaderfabe|not the headline
|choice||
|
|move|p1a: Gengar|Thunderbolt|p2a: Moltres
|-supereffective|p2a: Moltres
|-damage|p2a: Moltres|43\/100
|move|p2a: Moltres|Fire Blast|p1a: Gengar
|-crit|p1a: Gengar
|-damage|p1a: Gengar|12\/100
|
|turn|19
|c|★Gymleaderfabe|you said sweep?
|choice||
|
|switch|p1a: Sandslash|Sandslash, L85|100\/100 slp
|move|p2a: Moltres|Fire Blast|p1a: Sandslash
|-damage|p1a: Sandslash|38\/100 slp
|
|turn|20
|c|★Gymleaderfabe|pull him out
|c|★Gymleaderfabe|knew it
|choice||
|
|move|p2a: Moltres|Agility|p2a: Moltres
|-boost|p2a: Moltres|spe|2
|cant|p1a: Sandslash|slp
|
|turn|21
|choice||
|
|move|p2a: Moltres|Substitute|p2a: Moltres
|-start|p2a: Moltres|Substitute
|-damage|p2a: Moltres|18\/100
|cant|p1a: Sandslash|slp
|
|turn|22
|c|★Gymleaderfabe|now lets have a game
|choice||
|
|move|p2a: Moltres|Fire Blast|p1a: Sandslash
|-damage|p1a: Sandslash|0 fnt
|faint|p1a: Sandslash
|choice||
|
|switch|p1a: Krabby|Krabby, L96|100\/100
|turn|23
|choice||
|
|move|p2a: Moltres|Fire Blast|p1a: Krabby
|-crit|p1a: Krabby
|-resisted|p1a: Krabby
|-damage|p1a: Krabby|0 fnt
|faint|p1a: Krabby
|choice||
|
|switch|p1a: Mr. Mime|Mr. Mime, L85|100\/100
|turn|24
|c|★Gymleaderfabe|good thing his special is shit
|choice||
|
|move|p2a: Moltres|Fire Blast|p1a: Mr. Mime
|-damage|p1a: Mr. Mime|43\/100
|move|p1a: Mr. Mime|Thunderbolt|p2a: Moltres
|-supereffective|p2a: Moltres
|-end|p2a: Moltres|Substitute
|
|turn|25
|c|★Stellarmelon|i'm fucked
|choice||
|
|move|p2a: Moltres|Hyper Beam|p1a: Mr. Mime
|-damage|p1a: Mr. Mime|0 fnt
|faint|p1a: Mr. Mime
|c|★Stellarmelon|shouldn't have left with gengar
|choice||
|
|switch|p1a: Gengar|Gengar, L79|12\/100
|turn|26
|c|★Gymleaderfabe|and his defense
|choice||
|
|move|p2a: Moltres|Fire Blast|p1a: Gengar
|-crit|p1a: Gengar
|-damage|p1a: Gengar|0 fnt
|faint|p1a: Gengar
|choice||
|
|switch|p1a: Exeggutor|Exeggutor, L79|100\/100
|turn|27
|c|★Gymleaderfabe|headline changed
|c|★Gymleaderfabe|moltres at 12% saved gymleader fabe from a gengar sweep
|c|★Gymleaderfabe|now lets hand the mic to the melon
|c|★Gymleaderfabe|what did you think of gymleader fabes game play?
|c|★Stellarmelon|it was less impressive than my own errors in the game
|choice||
|
|move|p2a: Moltres|Fire Blast|p1a: Exeggutor
|-supereffective|p1a: Exeggutor
|-damage|p1a: Exeggutor|15\/100
|move|p1a: Exeggutor|Psychic|p2a: Moltres
|-damage|p2a: Moltres|0 fnt
|faint|p2a: Moltres
|c|★Gymleaderfabe|really?
|c|★Gymleaderfabe|he swept with moltres
|c|★Gymleaderfabe|thats pretty impressive
|choice||
|
|switch|p2a: Dragonair|Dragonair, L85|46\/100
|turn|28
|choice||
|
|move|p2a: Dragonair|Blizzard|p1a: Exeggutor
|-supereffective|p1a: Exeggutor
|-damage|p1a: Exeggutor|0 fnt
|faint|p1a: Exeggutor
|
|win|Gymleaderfabe
|player|p1
|player|p2
|raw|Stellarmelon's rating: 1467 &rarr; <strong>1436<\/strong><br \/>(-31 for losing)
|raw|Gymleaderfabe's rating: 1233 &rarr; <strong>1272<\/strong><br \/>(+39 for winning)
|c|★Stellarmelon|fuck you fabe
|c|★Gymleaderfabe|and dragonair finishes him off!
|l|Stellarmelon