|join|XianJu
|join|gary-77
|player|p1|XianJu|130
|player|p2|gary-77|80
|gametype|singles
|gen|1
|tier|[Gen 1] Random Battle
|rated
|rule|Sleep Clause Mod: Limit one foe put to sleep
|rule|Freeze Clause Mod: Limit one foe frozen
|rule|HP Percentage Mod: HP is shown in percentages
|
|start
|switch|p1a: Magnemite|Magnemite, L96|243\/243
|switch|p2a: Charizard|Charizard, L85|306\/306
|turn|1
|
|switch|p2a: Rhydon|Rhydon, L79|328\/328
|move|p1a: Magnemite|Thunder|p2a: Rhydon
|-immune|p2a: Rhydon|[msg]
|
|turn|2
|
|switch|p1a: Dragonite|Dragonite, L85|328\/328
|move|p2a: Rhydon|Rock Slide|p1a: Dragonite
|-supereffective|p1a: Dragonite
|-damage|p1a: Dragonite|157\/328
|
|turn|3
|
|switch|p2a: Clefable|Clefable, L85|335\/335
|move|p1a: Dragonite|Surf|p2a: Clefable
|-damage|p2a: Clefable|261\/335
|
|turn|4
|
|move|p1a: Dragonite|Body Slam|p2a: Clefable
|-damage|p2a: Clefable|179\/335
|move|p2a: Clefable|Blizzard|p1a: Dragonite
|-crit|p1a: Dragonite
|-supereffective|p1a: Dragonite
|-damage|p1a: Dragonite|0 fnt
|faint|p1a: Dragonite
|
|switch|p1a: Venomoth|Venomoth, L85|293\/293
|turn|5
|
|move|p1a: Venomoth|Sleep Powder|p2a: Clefable
|-status|p2a: Clefable|slp
|-curestatus|p2a: Clefable|slp
|
|turn|6
|
|move|p1a: Venomoth|Sleep Powder|p2a: Clefable
|-status|p2a: Clefable|slp
|cant|p2a: Clefable|slp
|
|turn|7
|
|switch|p1a: Mewtwo|Mewtwo, L70|293\/293
|cant|p2a: Clefable|slp
|
|turn|8
|
|move|p1a: Mewtwo|Barrier|p1a: Mewtwo
|-boost|p1a: Mewtwo|def|2
|cant|p2a: Clefable|slp
|
|turn|9
|
|move|p1a: Mewtwo|Psychic|p2a: Clefable
|-damage|p2a: Clefable|91\/335 slp
|-curestatus|p2a: Clefable|slp
|
|turn|10
|
|move|p1a: Mewtwo|Hyper Beam|p2a: Clefable
|-crit|p2a: Clefable
|-damage|p2a: Clefable|0 fnt
|faint|p2a: Clefable
|
|switch|p2a: Rhydon|Rhydon, L79|328\/328
|turn|11
|
|move|p1a: Mewtwo|Psychic|p2a: Rhydon
|-damage|p2a: Rhydon|171\/328
|move|p2a: Rhydon|Earthquake|p1a: Mewtwo
|-damage|p1a: Mewtwo|220\/293
|
|turn|12
|
|switch|p2a: Alakazam|Alakazam, L79|249\/249
|move|p1a: Mewtwo|Psychic|p2a: Alakazam
|-resisted|p2a: Alakazam
|-damage|p2a: Alakazam|211\/249
|-unboost|p2a: Alakazam|spd|1
|-unboost|p2a: Alakazam|spa|1
|
|turn|13
|
|move|p2a: Alakazam|Psychic|p1a: Mewtwo
|-resisted|p1a: Mewtwo
|-damage|p1a: Mewtwo|193\/293
|move|p1a: Mewtwo|Thunderbolt|p2a: Alakazam
|-damage|p2a: Alakazam|132\/249
|
|turn|14
|
|move|p2a: Alakazam|Recover|p2a: Alakazam
|-heal|p2a: Alakazam|249\/249
|move|p1a: Mewtwo|Thunderbolt|p2a: Alakazam
|-damage|p2a: Alakazam|164\/249
|
|turn|15
|
|move|p2a: Alakazam|Psychic|p1a: Mewtwo
|-resisted|p1a: Mewtwo
|-damage|p1a: Mewtwo|167\/293
|move|p1a: Mewtwo|Thunderbolt|p2a: Alakazam
|-damage|p2a: Alakazam|83\/249
|
|turn|16
|
|move|p2a: Alakazam|Recover|p2a: Alakazam
|-heal|p2a: Alakazam|207\/249
|move|p1a: Mewtwo|Psychic|p2a: Alakazam
|-crit|p2a: Alakazam
|-resisted|p2a: Alakazam
|-damage|p2a: Alakazam|133\/249
|
|turn|17
|
|move|p2a: Alakazam|Recover|p2a: Alakazam
|-heal|p2a: Alakazam|249\/249
|move|p1a: Mewtwo|Thunderbolt|p2a: Alakazam
|-damage|p2a: Alakazam|168\/249
|
|turn|18
|
|move|p2a: Alakazam|Psychic|p1a: Mewtwo
|-resisted|p1a: Mewtwo
|-damage|p1a: Mewtwo|139\/293
|-unboost|p1a: Mewtwo|spd|1
|-unboost|p1a: Mewtwo|spa|1
|move|p1a: Mewtwo|Thunderbolt|p2a: Alakazam
|-damage|p2a: Alakazam|113\/249
|
|turn|19
|
|move|p2a: Alakazam|Recover|p2a: Alakazam
|-heal|p2a: Alakazam|237\/249
|move|p1a: Mewtwo|Thunderbolt|p2a: Alakazam
|-damage|p2a: Alakazam|187\/249
|
|turn|20
|
|move|p2a: Alakazam|Psychic|p1a: Mewtwo
|-resisted|p1a: Mewtwo
|-damage|p1a: Mewtwo|98\/293
|move|p1a: Mewtwo|Thunderbolt|p2a: Alakazam
|-damage|p2a: Alakazam|136\/249
|
|turn|21
|
|move|p2a: Alakazam|Psychic|p1a: Mewtwo
|-resisted|p1a: Mewtwo
|-damage|p1a: Mewtwo|54\/293
|move|p1a: Mewtwo|Thunderbolt|p2a: Alakazam
|-crit|p2a: Alakazam
|-damage|p2a: Alakazam|29\/249
|
|turn|22
|
|switch|p1a: Porygon|Porygon, L85|284\/284
|move|p2a: Alakazam|Recover|p2a: Alakazam
|-heal|p2a: Alakazam|153\/249
|
|turn|23
|
|move|p2a: Alakazam|Recover|p2a: Alakazam
|-heal|p2a: Alakazam|249\/249
|move|p1a: Porygon|Tri Attack|p2a: Alakazam
|-crit|p2a: Alakazam
|-damage|p2a: Alakazam|68\/249
|
|turn|24
|
|move|p2a: Alakazam|Psychic|p1a: Porygon
|-damage|p1a: Porygon|205\/284
|move|p1a: Porygon|Tri Attack|p2a: Alakazam|[miss]
|-miss|p1a: Porygon
|
|turn|25
|
|move|p2a: Alakazam|Psychic|p1a: Porygon
|-damage|p1a: Porygon|125\/284
|move|p1a: Porygon|Tri Attack|p2a: Alakazam
|-damage|p2a: Alakazam|0 fnt
|faint|p2a: Alakazam
|
|switch|p2a: Seadra|Seadra, L90|282\/282
|turn|26
|
|move|p2a: Seadra|Hydro Pump|p1a: Porygon
|-damage|p1a: Porygon|0 fnt
|faint|p1a: Porygon
|
|switch|p1a: Mewtwo|Mewtwo, L70|54\/293
|turn|27
|
|switch|p2a: Dragonite|Dragonite, L85|328\/328
|move|p1a: Mewtwo|Thunderbolt|p2a: Dragonite
|-damage|p2a: Dragonite|270\/328
|
|turn|28
|
|move|p1a: Mewtwo|Psychic|p2a: Dragonite
|-damage|p2a: Dragonite|181\/328
|move|p2a: Dragonite|Thunder|p1a: Mewtwo
|-damage|p1a: Mewtwo|0 fnt
|faint|p1a: Mewtwo
|
|switch|p1a: Starmie|Starmie, L79|257\/257
|turn|29
|
|switch|p2a: Seadra|Seadra, L90|282\/282
|move|p1a: Starmie|Blizzard|p2a: Seadra
|-resisted|p2a: Seadra
|-damage|p2a: Seadra|247\/282
|
|turn|30
|
|move|p1a: Starmie|Thunder Wave|p2a: Seadra
|-status|p2a: Seadra|par
|move|p2a: Seadra|Smokescreen|p1a: Starmie
|-unboost|p1a: Starmie|accuracy|1
|
|turn|31
|
|switch|p1a: Venomoth|Venomoth, L85|293\/293
|cant|p2a: Seadra|par
|
|turn|32
|
|switch|p2a: Charizard|Charizard, L85|306\/306
|move|p1a: Venomoth|Mega Drain|p2a: Charizard
|-resisted|p2a: Charizard
|-damage|p2a: Charizard|300\/306
|
|turn|33
|
|move|p2a: Charizard|Body Slam|p1a: Venomoth
|-crit|p1a: Venomoth
|-damage|p1a: Venomoth|168\/293
|move|p1a: Venomoth|Sleep Powder|p2a: Charizard|[miss]
|-miss|p1a: Venomoth
|
|turn|34
|
|switch|p1a: Starmie|Starmie, L79|257\/257
|move|p2a: Charizard|Hyper Beam|p1a: Starmie
|-damage|p1a: Starmie|151\/257
|
|turn|35
|-mustrecharge|p2a: Charizard
|-mustrecharge|p2a: Charizard
|
|move|p1a: Starmie|Surf|p2a: Charizard
|-supereffective|p2a: Charizard
|-damage|p2a: Charizard|106\/306
|cant|p2a: Charizard|recharge
|
|turn|36
|
|move|p1a: Starmie|Recover|p1a: Starmie
|-heal|p1a: Starmie|257\/257
|move|p2a: Charizard|Hyper Beam|p1a: Starmie
|-damage|p1a: Starmie|147\/257
|
|turn|37
|-mustrecharge|p2a: Charizard
|-mustrecharge|p2a: Charizard
|
|move|p1a: Starmie|Surf|p2a: Charizard
|-supereffective|p2a: Charizard
|-damage|p2a: Charizard|0 fnt
|faint|p2a: Charizard
|
|switch|p2a: Dragonite|Dragonite, L85|181\/328
|turn|38
|
|move|p1a: Starmie|Blizzard|p2a: Dragonite
|-supereffective|p2a: Dragonite
|-damage|p2a: Dragonite|0 fnt
|faint|p2a: Dragonite
|
|switch|p2a: Seadra|Seadra, L90|247\/282 par
|turn|39
|
|switch|p1a: Venomoth|Venomoth, L85|168\/293
|cant|p2a: Seadra|par
|
|turn|40
|
|move|p1a: Venomoth|Mega Drain|p2a: Seadra
|-supereffective|p2a: Seadra
|-damage|p2a: Seadra|192\/282 par
|-heal|p1a: Venomoth|195\/293|[from] drain|[of] p2a: Seadra
|move|p2a: Seadra|Hydro Pump|p1a: Venomoth|[miss]
|-miss|p2a: Seadra
|
|turn|41
|
|move|p1a: Venomoth|Mega Drain|p2a: Seadra
|-supereffective|p2a: Seadra
|-damage|p2a: Seadra|138\/282 par
|-heal|p1a: Venomoth|222\/293|[from] drain|[of] p2a: Seadra
|move|p2a: Seadra|Hydro Pump|p1a: Venomoth
|-damage|p1a: Venomoth|94\/293
|
|turn|42
|
|move|p1a: Venomoth|Mega Drain|p2a: Seadra
|-supereffective|p2a: Seadra
|-damage|p2a: Seadra|84\/282 par
|-heal|p1a: Venomoth|121\/293|[from] drain|[of] p2a: Seadra
|move|p2a: Seadra|Hydro Pump|p1a: Venomoth
|-damage|p1a: Venomoth|0 fnt
|faint|p1a: Venomoth
|
|switch|p1a: Magnemite|Magnemite, L96|243\/243
|turn|43
|
|switch|p2a: Rhydon|Rhydon, L79|171\/328
|move|p1a: Magnemite|Double-Edge|p2a: Rhydon
|-resisted|p2a: Rhydon
|-damage|p2a: Rhydon|148\/328
|-damage|p1a: Magnemite|238\/243|[from] recoil|[of] p2a: Rhydon
|
|turn|44
|
|move|p1a: Magnemite|Double-Edge|p2a: Rhydon
|-resisted|p2a: Rhydon
|-damage|p2a: Rhydon|127\/328
|-damage|p1a: Magnemite|233\/243|[from] recoil|[of] p2a: Rhydon
|move|p2a: Rhydon|Earthquake|p1a: Magnemite
|-supereffective|p1a: Magnemite
|-damage|p1a: Magnemite|0 fnt
|faint|p1a: Magnemite
|
|switch|p1a: Starmie|Starmie, L79|147\/257
|turn|45
|
|move|p1a: Starmie|Surf|p2a: Rhydon
|-supereffective|p2a: Rhydon
|-damage|p2a: Rhydon|0 fnt
|faint|p2a: Rhydon
|
|switch|p2a: Seadra|Seadra, L90|84\/282 par
|turn|46
|
|move|p1a: Starmie|Recover|p1a: Starmie
|-heal|p1a: Starmie|257\/257
|cant|p2a: Seadra|par
|
|turn|47
|leave|gary-77
|player|p2
|-message|gary77 lost due to inactivity.
|
|win|XianJu
|raw|XianJu's rating: 1340 &rarr; <strong>1354<\/strong><br \/>(+14 for winning)
|raw|gary-77's rating: 1237 &rarr; <strong>1219<\/strong><br \/>(-18 for losing)