|join|XianJu
|join|dasdadadad
|player|p1|XianJu|130
|player|p2|dasdadadad|170
|gametype|singles
|gen|1
|tier|[Gen 1] Random Battle
|rated
|rule|Sleep Clause Mod: Limit one foe put to sleep
|rule|Freeze Clause Mod: Limit one foe frozen
|rule|HP Percentage Mod: HP is shown in percentages
|
|start
|switch|p1a: Gengar|Gengar, L79|257\/257
|switch|p2a: Meowth|Meowth, L96|272\/272
|turn|1
|
|move|p2a: Meowth|Slash|p1a: Gengar
|-immune|p1a: Gengar|[msg]
|move|p1a: Gengar|Hypnosis|p2a: Meowth
|-status|p2a: Meowth|slp
|
|turn|2
|
|switch|p2a: Dragonite|Dragonite, L85|328\/328
|switch|p1a: Rapidash|Rapidash, L90|300\/300
|
|turn|3
|
|switch|p2a: Nidorino|Nidorino, L90|293\/293
|move|p1a: Rapidash|Reflect|p1a: Rapidash
|-start|p1a: Rapidash|Reflect
|
|turn|4
|
|move|p1a: Rapidash|Fire Blast|p2a: Nidorino
|-damage|p2a: Nidorino|140\/293
|-status|p2a: Nidorino|brn
|move|p2a: Nidorino|Bubble Beam|p1a: Rapidash
|-supereffective|p1a: Rapidash
|-damage|p1a: Rapidash|224\/300
|-damage|p2a: Nidorino|122\/293 brn|[from] brn|[of] p1a: Rapidash
|
|turn|5
|
|move|p1a: Rapidash|Fire Blast|p2a: Nidorino
|-damage|p2a: Nidorino|0 fnt
|faint|p2a: Nidorino
|-message|dasdadadad forfeited.
|
|win|XianJu
|leave|dasdadadad
|player|p2
|raw|XianJu's rating: 1289 &rarr; <strong>1300<\/strong><br \/>(+11 for winning)
|raw|dasdadadad's rating: 1054 &rarr; <strong>1047<\/strong><br \/>(-7 for losing)