|join|nspira
|join|baaast
|player|p1|nspira|122
|player|p2|baaast|1
|gametype|singles
|gen|1
|tier|[Gen 1] Random Battle
|rated
|rule|Sleep Clause Mod: Limit one foe put to sleep
|rule|Freeze Clause Mod: Limit one foe frozen
|rule|HP Percentage Mod: HP is shown in percentages
|
|start
|switch|p1a: Golduck|Golduck, L85|310\/310
|switch|p2a: Rattata|Rattata, L96|252\/252
|turn|1
|join|biiist
|c| biiist|lmao sir
|c| biiist|trusty rattata :3
|
|move|p2a: Rattata|Super Fang|p1a: Golduck
|-damage|p1a: Golduck|155\/310
|move|p1a: Golduck|Ice Beam|p2a: Rattata
|-crit|p2a: Rattata
|-damage|p2a: Rattata|54\/252
|
|turn|2
|c|★baaast|rng is just NOT having me
|c|★baaast|win shit
|c| biiist|rng is tired of your shit
|c| biiist|with your decent plays
|c| biiist|and calculated decisions
|
|switch|p2a: Electrode|Electrode, L85|276\/276
|move|p1a: Golduck|Ice Beam|p2a: Electrode
|-damage|p2a: Electrode|206\/276
|
|turn|3
|c| biiist|enough of that
|c| biiist|frz
|c| biiist|SIR
|c|★baaast|lmao
|
|move|p2a: Electrode|Thunderbolt|p1a: Golduck
|-crit|p1a: Golduck
|-supereffective|p1a: Golduck
|-damage|p1a: Golduck|0 fnt
|faint|p1a: Golduck
|
|switch|p1a: Jigglypuff|Jigglypuff, L99|428\/428
|turn|4
|c| biiist|nigglypeef
|
|move|p2a: Electrode|Thunderbolt|p1a: Jigglypuff
|-damage|p1a: Jigglypuff|271\/428
|move|p1a: Jigglypuff|Thunder Wave|p2a: Electrode
|-status|p2a: Electrode|par
|
|turn|5
|c| biiist|:(
|c| biiist|niggly y
|c|★baaast|niggly pls
|c| biiist|^
|
|move|p1a: Jigglypuff|Body Slam|p2a: Electrode
|-damage|p2a: Electrode|120\/276 par
|move|p2a: Electrode|Thunderbolt|p1a: Jigglypuff
|-damage|p1a: Jigglypuff|118\/428
|
|turn|6
|c|★baaast|nncf
|
|move|p1a: Jigglypuff|Body Slam|p2a: Electrode
|-damage|p2a: Electrode|37\/276 par
|move|p2a: Electrode|Thunderbolt|p1a: Jigglypuff
|-damage|p1a: Jigglypuff|0 fnt
|faint|p1a: Jigglypuff
|c| biiist|nnpf
|
|switch|p1a: Kangaskhan|Kangaskhan, L85|352\/352
|turn|7
|c| biiist|SIR
|
|move|p1a: Kangaskhan|Body Slam|p2a: Electrode
|-crit|p2a: Electrode
|-damage|p2a: Electrode|0 fnt
|faint|p2a: Electrode
|
|switch|p2a: Rapidash|Rapidash, L85|284\/284
|turn|8
|
|move|p2a: Rapidash|Fire Blast|p1a: Kangaskhan
|-damage|p1a: Kangaskhan|177\/352
|-status|p1a: Kangaskhan|brn
|move|p1a: Kangaskhan|Earthquake|p2a: Rapidash
|-supereffective|p2a: Rapidash
|-damage|p2a: Rapidash|195\/284
|-damage|p1a: Kangaskhan|155\/352 brn|[from] brn|[of] p2a: Rapidash
|
|turn|9
|c| biiist|swoooop
|c|★baaast|ty sir
|c| biiist|nbffffff
|
|switch|p1a: Blastoise|Blastoise, L85|308\/308
|move|p2a: Rapidash|Fire Blast|p1a: Blastoise
|-crit|p1a: Blastoise
|-resisted|p1a: Blastoise
|-damage|p1a: Blastoise|200\/308
|
|turn|10
|c|★baaast|nnbf
|c| biiist|ncf
|c| biiist|lol
|c| biiist|nbf?
|
|switch|p2a: Raichu|Raichu, L85|276\/276
|move|p1a: Blastoise|Surf|p2a: Raichu
|-damage|p2a: Raichu|182\/276
|
|turn|11
|c| biiist|lol
|c| biiist|nrfffffffffff
|c|★baaast|hahaha
|
|move|p2a: Raichu|Thunderbolt|p1a: Blastoise
|-supereffective|p1a: Blastoise
|-damage|p1a: Blastoise|0 fnt
|faint|p1a: Blastoise
|c|★baaast|es water?
|c|★baaast|electric here
|c| biiist|^^^^
|
|switch|p1a: Kangaskhan|Kangaskhan, L85|155\/352 brn
|turn|12
|c| biiist|aaand seadra
|c| biiist|also uh
|c| biiist|ok
|
|switch|p2a: Porygon|Porygon, L85|284\/284
|move|p1a: Kangaskhan|Body Slam|p2a: Porygon
|-damage|p2a: Porygon|278\/284
|-damage|p1a: Kangaskhan|133\/352 brn|[from] brn|[of] p2a: Porygon
|
|turn|13
|c| biiist|LOL
|c|★baaast|lol wtf is that
|c| biiist|I was gonna say i think it kills
|c| biiist|but uh
|c| biiist|yeah that happened again
|
|switch|p1a: Venusaur|Venusaur, L85|310\/310
|move|p2a: Porygon|Sharpen|p2a: Porygon
|-boost|p2a: Porygon|atk|1
|
|turn|14
|c|★baaast|6 hp
|
|switch|p2a: Rattata|Rattata, L96|54\/252
|move|p1a: Venusaur|Leech Seed|p2a: Rattata
|-start|p2a: Rattata|move: Leech Seed
|
|turn|15
|c|★baaast|oh
|c| biiist|lel
|
|switch|p1a: Kangaskhan|Kangaskhan, L85|133\/352 brn
|-damage|p1a: Kangaskhan|111\/352 brn|[from] brn
|move|p2a: Rattata|Super Fang|p1a: Kangaskhan
|-damage|p1a: Kangaskhan|56\/352 brn
|-damage|p2a: Rattata|39\/252|[from] Leech Seed|[of] p1a: Kangaskhan
|-heal|p1a: Kangaskhan|71\/352 brn|[silent]
|
|turn|16
|c| biiist|what PLOOS
|
|switch|p2a: Porygon|Porygon, L85|278\/284
|move|p1a: Kangaskhan|Body Slam|p2a: Porygon
|-damage|p2a: Porygon|273\/284
|-damage|p1a: Kangaskhan|49\/352 brn|[from] brn|[of] p2a: Porygon
|
|turn|17
|c| biiist|lmfao
|c| biiist|hahahahhaha
|c|★baaast|looooool
|c|★baaast|whyyyy
|
|switch|p1a: Venusaur|Venusaur, L85|310\/310
|move|p2a: Porygon|Double-Edge|p1a: Venusaur
|-damage|p1a: Venusaur|224\/310
|-damage|p2a: Porygon|252\/284|[from] recoil|[of] p1a: Venusaur
|
|turn|18
|
|switch|p2a: Rapidash|Rapidash, L85|195\/284
|move|p1a: Venusaur|Toxic|p2a: Rapidash
|-status|p2a: Rapidash|tox
|
|turn|19
|
|switch|p1a: Kangaskhan|Kangaskhan, L85|49\/352 brn
|-damage|p1a: Kangaskhan|27\/352 brn|[from] brn
|move|p2a: Rapidash|Fire Blast|p1a: Kangaskhan
|-damage|p1a: Kangaskhan|0 fnt
|faint|p1a: Kangaskhan
|c| biiist|rip
|
|switch|p1a: Muk|Muk, L85|352\/352
|turn|20
|
|switch|p2a: Flareon|Flareon, L85|284\/284
|move|p1a: Muk|Body Slam|p2a: Flareon
|-crit|p2a: Flareon
|-damage|p2a: Flareon|139\/284
|
|turn|21
|c| biiist|lool
|c| biiist|ncf
|c|★baaast|lol
|
|move|p2a: Flareon|Fire Blast|p1a: Muk
|-damage|p1a: Muk|195\/352
|move|p1a: Muk|Body Slam|p2a: Flareon
|-damage|p2a: Flareon|57\/284
|-status|p2a: Flareon|par
|
|turn|22
|c| biiist|flareoff
|c|★baaast|nnbf
|c|★baaast|sir
|c| biiist|flareoff as fuck
|
|move|p2a: Flareon|Quick Attack|p1a: Muk
|-damage|p1a: Muk|154\/352
|move|p1a: Muk|Body Slam|p2a: Flareon
|-damage|p2a: Flareon|0 fnt
|faint|p2a: Flareon
|
|switch|p2a: Raichu|Raichu, L85|182\/276
|turn|23
|c| biiist|didnt even crit the qa
|
|move|p2a: Raichu|Thunderbolt|p1a: Muk
|-damage|p1a: Muk|33\/352
|-status|p1a: Muk|par
|cant|p1a: Muk|par
|
|turn|24
|c|★baaast|;)
|c| biiist|LOOOL
|
|switch|p2a: Porygon|Porygon, L85|252\/284
|move|p1a: Muk|Explosion|p2a: Porygon
|-damage|p2a: Porygon|0 fnt
|faint|p2a: Porygon
|faint|p1a: Muk
|c| biiist|npfpfffffff
|c|★baaast|aww
|c| biiist|lmao why
|c|★baaast|lol why not
|
|switch|p2a: Rattata|Rattata, L96|39\/252
|switch|p1a: Venusaur|Venusaur, L85|224\/310
|turn|25
|c| biiist|hmm
|c| biiist|^
|c| biiist|lool
|
|move|p2a: Rattata|Blizzard|p1a: Venusaur
|-supereffective|p1a: Venusaur
|-damage|p1a: Venusaur|123\/310
|move|p1a: Venusaur|Leech Seed|p2a: Rattata
|-start|p2a: Rattata|move: Leech Seed
|
|turn|26
|c| biiist|frz
|c| biiist|SIR
|c| biiist|oh ok
|c| biiist|frz
|
|move|p2a: Rattata|Blizzard|p1a: Venusaur
|-crit|p1a: Venusaur
|-supereffective|p1a: Venusaur
|-damage|p1a: Venusaur|0 fnt
|faint|p1a: Venusaur
|
|win|baaast
|raw|Ladder updating...
|raw|nspira's rating: 1311 &rarr; <strong>1282<\/strong><br \/>(-29 for losing)
|raw|baaast's rating: 1141 &rarr; <strong>1177<\/strong><br \/>(+36 for winning)
|c| biiist|SIRRRRRRRRRRRRRRRRR
|c|★baaast|SIR
|c|★baaast|WE WANTED FRZ
|c| biiist|looooooooool
|c|★baaast|lmfao
|c| biiist|no WAY
|c|★baaast|no way
|c|★baaast|hahahhaha
|c|★baaast|HOW
|c| biiist|hahahahaha
|c| biiist|^^^^^
|c|★baaast|nspira you are soooooo bad
|c| biiist|loool he was 26-7
|c| biiist|you're TERRIBLE
|c|★baaast|no WAY
|c| biiist|how is that possible
|c|★baaast|how the FUCK
|c|★baaast|this is about that time a lot of these retards challenge me
|c|★baaast|if he does ill do it
|c| biiist|^^^
|c|★baaast|he needs to know thats some craaaazy fluke shit
|c| biiist|who is BEHIND that computer
|c| biiist|or what
|c| biiist|challenge or fgttt
|c|★baaast|challenged him
|c|★baaast|hasnt accepted
|c|★baaast|oh well guess its time to dooop then
|c| biiist|sirrrr
|c| biiist|but
|c| biiist|he was right htere
|c| biiist|the whole game
|c| biiist|i dont understand that
|c| biiist|lol
|c| biiist|did he literally sprint away
|c| biiist|the second he lost
|c|★baaast|lmao
|c| biiist|lol
|c| biiist|still?
|c| biiist|gayyy
|c|★baaast|yeah not gonna happen
|c| biiist|well get fucked like a bootch
|c|★baaast|^^^
|c|★baaast|when a guy is fucking around at the end
|c|★baaast|you know you got roooocked
|c| biiist|lmao
|c| biiist|victory is so secure
|c| biiist|that you let shit eat
|c| biiist|explosions
|c|★baaast|^^^
|c| biiist|healthy shit
|c| biiist|with means of recovery
|c|★baaast|lmao
|c| biiist|it aint nuttin
|c| biiist|but it is nuttin
|c| biiist|on you
|c|★baaast|mk l88rr m888
|c| biiist|l888888888888888888r m8
|leave|baaast
|player|p2
|c| biiist|fuck you nspira