|j|marcoasd
|j|smilzo
|player|p1|marcoasd|102
|player|p2|smilzo|157
|gametype|singles
|gen|1
|tier|[Gen 1] OU
|seed|48453,18248,34050,50808
|rule|Sleep Clause Mod: Limit one foe put to sleep
|rule|Freeze Clause Mod: Limit one foe frozen
|rule|Species Clause: Limit one of each Pokémon
|rule|OHKO Clause: OHKO moves are banned
|rule|Evasion Moves Clause: Evasion moves are banned
|rule|HP Percentage Mod: HP is shown in percentages
|
|start
|switch|p1a: Alakazam|Alakazam|313\/313
|switch|p2a: Alakazam|Alakazam|313\/313
|turn|1
|j|Coffe
|j|Deidara95
|c|★smilzo|hf
|c| Coffe|GIRELLE HF
|c|★marcoasd|u2electrical storm
|c|★marcoasd|beautiful day, new year's day
|j|The Idiot Ninja
|choice|move 1|move 2
|
|move|p1a: Alakazam|Thunder Wave|p2a: Alakazam
|-status|p2a: Alakazam|par
|move|p2a: Alakazam|Thunder Wave|p1a: Alakazam
|-status|p1a: Alakazam|par
|
|turn|2
|choice|move 3|move 1
|
|move|p1a: Alakazam|Seismic Toss|p2a: Alakazam
|-damage|p2a: Alakazam|213\/313 par
|cant|p2a: Alakazam|par
|
|turn|3
|choice|switch 6|move 1
|
|switch|p1a: Snorlax|Snorlax|523\/523
|move|p2a: Alakazam|Psychic|p1a: Snorlax
|-damage|p1a: Snorlax|351\/523
|-unboost|p1a: Snorlax|spd|1
|-unboost|p1a: Snorlax|spa|1
|
|turn|4
|c| Coffe|ma quindi partiamo bene??
|c| Deidara95|no.
|c| Coffe|non proprio
|j|Fortetress
|choice|move 1|switch 4
|
|switch|p2a: Chansey|Chansey|703\/703
|move|p1a: Snorlax|Body Slam|p2a: Chansey
|-damage|p2a: Chansey|391\/703
|
|turn|5
|choice|move 4|move 3
|
|move|p2a: Chansey|Soft-Boiled|p2a: Chansey
|-heal|p2a: Chansey|703\/703
|move|p1a: Snorlax|Self-Destruct|p2a: Chansey
|-damage|p2a: Chansey|0 fnt
|faint|p2a: Chansey
|faint|p1a: Snorlax
|c| The Idiot Ninja|ooo
|c|★smilzo|ooo
|c| Coffe|dura questa explosion
|j|Barge
|c| The Idiot Ninja|ciao barge vieni al td
|c| Fortetress|autodistruzione
|c| Fortetress|per la precisione
|c| Coffe|autodistruzio*
|choice|switch 3|switch 3
|
|switch|p2a: Exeggutor|Exeggutor|393\/393
|switch|p1a: Chansey|Chansey|703\/703
|turn|6
|c| Barge|gia per legl
|c| Coffe|y
|choice|switch 6|switch 2
|
|switch|p2a: Snorlax|Snorlax|523\/523
|switch|p1a: Alakazam|Alakazam|313\/313 par
|
|turn|7
|choice|switch 6|move 1
|
|switch|p1a: Chansey|Chansey|703\/703
|move|p2a: Snorlax|Body Slam|p1a: Chansey
|-damage|p1a: Chansey|413\/703
|
|turn|8
|choice|move 4|move 2
|
|move|p1a: Chansey|Soft-Boiled|p1a: Chansey
|-heal|p1a: Chansey|703\/703
|move|p2a: Snorlax|Earthquake|p1a: Chansey
|-damage|p1a: Chansey|467\/703
|
|turn|9
|j|Asuya
|c| Asuya|egl?
|c| Deidara95|y
|c| Coffe|y
|c|★smilzo|y
|c| Fortetress|y
|c| Deidara95|ora gli missa sdestruct
|c| Asuya|shit no john
|choice|move 1|switch 4
|
|switch|p2a: Alakazam|Alakazam|213\/313 par
|move|p1a: Chansey|Thunder Wave|p2a: Alakazam
|-fail|p2a: Alakazam|par
|
|turn|10
|choice|move 3|move 1
|
|move|p1a: Chansey|Seismic Toss|p2a: Alakazam
|-damage|p2a: Alakazam|113\/313 par
|move|p2a: Alakazam|Psychic|p1a: Chansey
|-crit|p1a: Chansey
|-damage|p1a: Chansey|221\/703
|
|turn|11
|choice|move 4|switch 2
|
|switch|p2a: Exeggutor|Exeggutor|393\/393
|move|p1a: Chansey|Soft-Boiled|p1a: Chansey
|-heal|p1a: Chansey|572\/703
|
|turn|12
|choice|switch 6|move 1
|
|switch|p1a: Alakazam|Alakazam|313\/313 par
|move|p2a: Exeggutor|Sleep Powder|p1a: Alakazam
|-fail|p1a: Alakazam
|
|turn|13
|choice|move 2|switch 4
|
|switch|p2a: Snorlax|Snorlax|523\/523
|move|p1a: Alakazam|Psychic|p2a: Snorlax
|-damage|p2a: Snorlax|348\/523
|
|turn|14
|choice|switch 2|move 1
|
|switch|p1a: Exeggutor|Exeggutor|393\/393
|move|p2a: Snorlax|Body Slam|p1a: Exeggutor
|-damage|p1a: Exeggutor|269\/393
|-status|p1a: Exeggutor|par
|
|turn|15
|choice|move 3|switch 2
|
|switch|p2a: Alakazam|Alakazam|113\/313 par
|cant|p1a: Exeggutor|par
|
|turn|16
|choice|switch 2|move 3
|
|switch|p1a: Alakazam|Alakazam|313\/313 par
|move|p2a: Alakazam|Recover|p2a: Alakazam
|-heal|p2a: Alakazam|269\/313 par
|
|turn|17
|choice|move 2|move 4
|
|move|p2a: Alakazam|Seismic Toss|p1a: Alakazam
|-damage|p1a: Alakazam|213\/313 par
|move|p1a: Alakazam|Psychic|p2a: Alakazam
|-resisted|p2a: Alakazam
|-damage|p2a: Alakazam|220\/313 par
|-unboost|p2a: Alakazam|spd|1
|-unboost|p2a: Alakazam|spa|1
|
|turn|18
|choice|move 2|switch 4
|
|switch|p2a: Exeggutor|Exeggutor|393\/393
|move|p1a: Alakazam|Psychic|p2a: Exeggutor
|-resisted|p2a: Exeggutor
|-damage|p2a: Exeggutor|337\/393
|-unboost|p2a: Exeggutor|spd|1
|-unboost|p2a: Exeggutor|spa|1
|
|turn|19
|choice|move 2|switch 4
|
|switch|p2a: Alakazam|Alakazam|220\/313 par
|move|p1a: Alakazam|Psychic|p2a: Alakazam
|-resisted|p2a: Alakazam
|-damage|p2a: Alakazam|165\/313 par
|-unboost|p2a: Alakazam|spd|1
|-unboost|p2a: Alakazam|spa|1
|
|turn|20
|c| Coffe|forte sto kazam
|choice|move 2|move 3
|
|move|p1a: Alakazam|Psychic|p2a: Alakazam
|-resisted|p2a: Alakazam
|-damage|p2a: Alakazam|91\/313 par
|-unboost|p2a: Alakazam|spd|1
|-unboost|p2a: Alakazam|spa|1
|move|p2a: Alakazam|Recover|p2a: Alakazam
|-heal|p2a: Alakazam|247\/313 par
|
|turn|21
|c| Coffe|ma
|c| Coffe|ha 50% di drop?
|c| Coffe|O_O
|c|★smilzo|30
|c| Deidara95|sta uscendo le rby skills
|c| Deidara95|finalmente
|c| Deidara95|!!
|c|★smilzo|full para dai
|choice|move 1|switch 2
|
|switch|p2a: Snorlax|Snorlax|348\/523
|move|p1a: Alakazam|Thunder Wave|p2a: Snorlax
|-status|p2a: Snorlax|par
|
|turn|22
|c| Deidara95|crit
|choice|move 2|move 1
|
|move|p1a: Alakazam|Psychic|p2a: Snorlax
|-crit|p2a: Snorlax
|-damage|p2a: Snorlax|0 fnt
|faint|p2a: Snorlax
|c| Fortetress|ma è una partita rby senza una freeze war
|c| Coffe|called it
|c| Deidara95|ottimo.
|c| Deidara95|ora siamo in vantaggio coffy.
|c|★marcoasd|deid è presto per sborrarsi in mano
|c|★marcoasd|chill out
|c| Coffe|lo sappiamo bene
|c| Coffe|dall'ultima week
|choice||switch 2
|
|switch|p2a: Alakazam|Alakazam|247\/313 par
|turn|23
|choice|move 4|move 1
|
|move|p1a: Alakazam|Recover|p1a: Alakazam
|-heal|p1a: Alakazam|313\/313 par
|move|p2a: Alakazam|Psychic|p1a: Alakazam
|-resisted|p1a: Alakazam
|-damage|p1a: Alakazam|257\/313 par
|-unboost|p1a: Alakazam|spd|1
|-unboost|p1a: Alakazam|spa|1
|
|turn|24
|choice|switch 6|move 1
|
|switch|p1a: Chansey|Chansey|572\/703
|move|p2a: Alakazam|Psychic|p1a: Chansey
|-damage|p1a: Chansey|449\/703
|
|turn|25
|choice|move 4|move 1
|
|move|p1a: Chansey|Soft-Boiled|p1a: Chansey
|-heal|p1a: Chansey|703\/703
|move|p2a: Alakazam|Psychic|p1a: Chansey
|-damage|p1a: Chansey|571\/703
|
|turn|26
|choice|move 3|move 1
|
|move|p1a: Chansey|Seismic Toss|p2a: Alakazam
|-damage|p2a: Alakazam|147\/313 par
|move|p2a: Alakazam|Psychic|p1a: Chansey
|-damage|p1a: Chansey|451\/703
|-unboost|p1a: Chansey|spd|1
|-unboost|p1a: Chansey|spa|1
|
|turn|27
|c| Deidara95|fp
|choice|move 4|move 3
|
|move|p1a: Chansey|Soft-Boiled|p1a: Chansey
|-heal|p1a: Chansey|703\/703
|move|p2a: Alakazam|Recover|p2a: Alakazam
|-heal|p2a: Alakazam|303\/313 par
|
|turn|28
|choice|move 3|move 1
|
|move|p1a: Chansey|Seismic Toss|p2a: Alakazam
|-damage|p2a: Alakazam|203\/313 par
|move|p2a: Alakazam|Psychic|p1a: Chansey
|-damage|p1a: Chansey|524\/703
|-unboost|p1a: Chansey|spd|1
|-unboost|p1a: Chansey|spa|1
|
|turn|29
|j|amberrlamps
|choice|move 3|move 4
|
|move|p1a: Chansey|Seismic Toss|p2a: Alakazam
|-damage|p2a: Alakazam|103\/313 par
|move|p2a: Alakazam|Seismic Toss|p1a: Chansey
|-damage|p1a: Chansey|424\/703
|
|turn|30
|j|AJ Duncan
|choice|move 4|move 3
|
|move|p1a: Chansey|Soft-Boiled|p1a: Chansey
|-heal|p1a: Chansey|703\/703
|move|p2a: Alakazam|Recover|p2a: Alakazam
|-heal|p2a: Alakazam|259\/313 par
|
|turn|31
|j|Jaeck
|choice|move 3|move 2
|
|move|p1a: Chansey|Seismic Toss|p2a: Alakazam
|-damage|p2a: Alakazam|159\/313 par
|move|p2a: Alakazam|Thunder Wave|p1a: Chansey
|-status|p1a: Chansey|par
|
|turn|32
|choice|switch 6|move 3
|
|switch|p1a: Alakazam|Alakazam|257\/313 par
|move|p2a: Alakazam|Recover|p2a: Alakazam
|-heal|p2a: Alakazam|313\/313 par
|
|turn|33
|choice|move 3|move 4
|
|move|p1a: Alakazam|Seismic Toss|p2a: Alakazam
|-damage|p2a: Alakazam|213\/313 par
|move|p2a: Alakazam|Seismic Toss|p1a: Alakazam
|-damage|p1a: Alakazam|157\/313 par
|
|turn|34
|l|Barge
|choice|move 4|move 4
|
|cant|p1a: Alakazam|par
|cant|p2a: Alakazam|par
|
|turn|35
|j|Barge
|choice|move 4|move 4
|
|cant|p2a: Alakazam|par
|move|p1a: Alakazam|Recover|p1a: Alakazam
|-heal|p1a: Alakazam|313\/313 par
|
|turn|36
|choice|move 3|move 4
|
|move|p1a: Alakazam|Seismic Toss|p2a: Alakazam
|-damage|p2a: Alakazam|113\/313 par
|move|p2a: Alakazam|Seismic Toss|p1a: Alakazam
|-damage|p1a: Alakazam|213\/313 par
|
|turn|37
|choice|move 2|move 3
|
|move|p2a: Alakazam|Recover|p2a: Alakazam
|-heal|p2a: Alakazam|269\/313 par
|move|p1a: Alakazam|Psychic|p2a: Alakazam
|-crit|p2a: Alakazam
|-resisted|p2a: Alakazam
|-damage|p2a: Alakazam|173\/313 par
|
|turn|38
|choice|move 3|move 3
|
|move|p1a: Alakazam|Seismic Toss|p2a: Alakazam
|-damage|p2a: Alakazam|73\/313 par
|cant|p2a: Alakazam|par
|
|turn|39
|choice|move 3|switch 4
|
|switch|p2a: Exeggutor|Exeggutor|337\/393
|move|p1a: Alakazam|Seismic Toss|p2a: Exeggutor
|-damage|p2a: Exeggutor|237\/393
|
|turn|40
|choice|move 4|move 3
|
|move|p2a: Exeggutor|Psychic|p1a: Alakazam
|-resisted|p1a: Alakazam
|-damage|p1a: Alakazam|164\/313 par
|move|p1a: Alakazam|Recover|p1a: Alakazam
|-heal|p1a: Alakazam|313\/313 par
|
|turn|41
|choice|move 3|move 3
|
|move|p2a: Exeggutor|Psychic|p1a: Alakazam
|-resisted|p1a: Alakazam
|-damage|p1a: Alakazam|263\/313 par
|move|p1a: Alakazam|Seismic Toss|p2a: Exeggutor
|-damage|p2a: Exeggutor|137\/393
|
|turn|42
|j|Pulcinella
|choice|move 3|move 3
|
|move|p2a: Exeggutor|Psychic|p1a: Alakazam
|-resisted|p1a: Alakazam
|-damage|p1a: Alakazam|210\/313 par
|move|p1a: Alakazam|Seismic Toss|p2a: Exeggutor
|-damage|p2a: Exeggutor|37\/393
|
|turn|43
|choice|move 4|switch 4
|
|switch|p2a: Alakazam|Alakazam|73\/313 par
|cant|p1a: Alakazam|par
|
|turn|44
|choice|move 3|move 3
|
|move|p1a: Alakazam|Seismic Toss|p2a: Alakazam
|-damage|p2a: Alakazam|0 fnt
|faint|p2a: Alakazam
|choice||switch 6
|
|switch|p2a: Tauros|Tauros|353\/353
|turn|45
|c| Coffe|ha uscito il tauros
|choice|move 1|move 2
|
|move|p2a: Tauros|Hyper Beam|p1a: Alakazam
|-crit|p1a: Alakazam
|-damage|p1a: Alakazam|0 fnt
|faint|p1a: Alakazam
|c| Asuya|mattered
|c| Deidara95|sembra furioso
|c| Asuya|sese
|c| Coffe|e pure in maniera abbastanza rude
|choice|switch 4|
|
|switch|p1a: Lapras|Lapras|463\/463
|turn|46
|c| Asuya|esci lo zapdos
|c|★marcoasd|ci sta lo esca
|c| Barge|dai smilzp
|c| Barge|cazzo duro
|choice|move 1|move 1
|
|move|p2a: Tauros|Body Slam|p1a: Lapras
|-damage|p1a: Lapras|355\/463
|move|p1a: Lapras|Blizzard|p2a: Tauros
|-damage|p2a: Tauros|184\/353
|
|turn|47
|c| Deidara95|smilzo
|c| Deidara95|tent il freeze
|c| Jaeck|freeze
|c| Asuya|l'ultimo è sempre tauros
|c| Jaeck|ah no
|c| Deidara95|hai + chance
|choice|move 1|move 1
|
|move|p2a: Tauros|Body Slam|p1a: Lapras
|-crit|p1a: Lapras
|-damage|p1a: Lapras|137\/463
|move|p1a: Lapras|Blizzard|p2a: Tauros
|-damage|p2a: Tauros|11\/353
|
|turn|48
|c| Deidara95|fidati
|c| Deidara95|di me
|c| Asuya|lapras best mon ever
|c| Jaeck|l'ultimo è lucario comunque
|c| Coffe|rby lucario
|c| Jaeck|hehe
|c| Coffe|fortix
|c| Jaeck|come bvay wyatt
|c| Barge|y jack
|c| Barge|sempre
|c| Barge|luke
|c| Coffe|tira degli hyper beam che shottano golem
|c| Jaeck|barrrrrrrge
|c|★marcoasd|l'ultimo è un sasso
|choice|move 2|move 1
|
|move|p2a: Tauros|Body Slam|p1a: Lapras
|-damage|p1a: Lapras|24\/463
|move|p1a: Lapras|Thunderbolt|p2a: Tauros
|-damage|p2a: Tauros|0 fnt
|faint|p2a: Tauros
|c| Jaeck|tira blizzard imo
|j|Sophomore22
|c| Jaeck|reep
|c|★smilzo|rip
|choice||switch 5
|
|switch|p2a: Starmie|Starmie|323\/323
|turn|49
|c|★marcoasd|ah
|c| Coffe|ma non ha tipo 20% ch rate tauros?
|c|★smilzo|2
|c| Deidara95|NO FREEZE PLOX
|c|★smilzo|e rotti
|c|★marcoasd|èh prima l'ha fatt
|c|★smilzo|2*
|c|★smilzo|22 porcoddio
|c| Jaeck|vabbè io ci credo smilzo
|c|★marcoasd|20.8
|choice|switch 6|move 1
|
|switch|p1a: Chansey|Chansey|703\/703 par
|move|p2a: Starmie|Thunderbolt|p1a: Chansey
|-damage|p1a: Chansey|636\/703 par
|
|turn|50
|c| Jaeck|ah
|c| Deidara95|ah è paralizzata
|c| Deidara95|madonna che sonno
|c| Jaeck|ora non ci credo più
|c| Pulcinella|egl?
|c| Coffe|y
|c| Jaeck|no
|c| Jaeck|ost
|c| Pulcinella|ke simpy
|choice|move 3|move 1
|
|move|p2a: Starmie|Thunderbolt|p1a: Chansey
|-damage|p1a: Chansey|569\/703 par
|move|p1a: Chansey|Seismic Toss|p2a: Starmie
|-damage|p2a: Starmie|223\/323
|
|turn|51
|c| Jaeck|ecs dee
|choice|move 1|move 1
|
|move|p2a: Starmie|Thunderbolt|p1a: Chansey
|-damage|p1a: Chansey|503\/703 par
|move|p1a: Chansey|Thunder Wave|p2a: Starmie
|-status|p2a: Starmie|par
|
|turn|52
|c|★smilzo|geg
|c| AJ Duncan|è per deez nuts
|c| Deidara95|gg
|c|★marcoasd|gg
|choice|move 3|move 1
|
|move|p2a: Starmie|Thunderbolt|p1a: Chansey
|-damage|p1a: Chansey|429\/703 par
|move|p1a: Chansey|Seismic Toss|p2a: Starmie
|-damage|p2a: Starmie|123\/323 par
|
|turn|53
|c| amberrlamps|haha gotem
|c| Coffe|tutto può ancora succedere
|c|★marcoasd|a meno di sbrodoli
|c| Coffe|i miss da 0.4%
|choice|move 3|move 1
|
|move|p2a: Starmie|Thunderbolt|p1a: Chansey
|-damage|p1a: Chansey|362\/703 par
|move|p1a: Chansey|Seismic Toss|p2a: Starmie
|-damage|p2a: Starmie|23\/323 par
|
|turn|54
|choice|switch 6|move 1
|
|switch|p1a: Lapras|Lapras|24\/463
|move|p2a: Starmie|Thunderbolt|p1a: Lapras
|-supereffective|p1a: Lapras
|-damage|p1a: Lapras|0 fnt
|faint|p1a: Lapras
|c| Coffe|e ora
|choice|switch 5|
|
|switch|p1a: Tauros|Tauros|353\/353
|turn|55
|c| Deidara95|NO MISS
|c| Coffe|tauros time
|choice|move 1|move 3
|
|move|p1a: Tauros|Body Slam|p2a: Starmie
|-damage|p2a: Starmie|0 fnt
|faint|p2a: Starmie
|choice||switch 4
|
|switch|p2a: Exeggutor|Exeggutor|37\/393
|turn|56
|c| Jaeck|grande marco che gli lascia fare una kill in più
|choice|move 1|move 4
|
|move|p1a: Tauros|Body Slam|p2a: Exeggutor
|-crit|p2a: Exeggutor
|-damage|p2a: Exeggutor|0 fnt
|faint|p2a: Exeggutor
|
|win|marcoasd
|player|p1
|player|p2
|c| Coffe|#firstblood
|c| Jaeck|3-0 per omagiare l'inter
|c|★smilzo|xd
|c| Jaeck|*gg
|l|amberrlamps
|l|Fortetress
|l|smilzo
|l|AJ Duncan
|l|Coffe
|j|smilzo
|l|Sophomore22
|l|Asuya