|join|ggc
|join|biswajit
|player|p1|ggc|10
|player|p2|biswajit|101
|gametype|singles
|gen|1
|tier|[Gen 1] OU (beta)
|rated
|rule|Sleep Clause Mod: Limit one foe put to sleep
|rule|Species Clause: Limit one of each Pokémon
|rule|OHKO Clause: OHKO moves are banned
|rule|Evasion Moves Clause: Evasion moves are banned
|
|start
|switch|p1a: Gengar|Gengar|323\/323
|switch|p2a: Hypno|Hypno|373\/373
|turn|1
|
|switch|p1a: Chansey|Chansey|703\/703
|move|p2a: Hypno|Thunder Wave|p1a: Chansey
|-status|p1a: Chansey|par
|
|turn|2
|
|switch|p1a: Exeggutor|Exeggutor|393\/393
|move|p2a: Hypno|Psychic|p1a: Exeggutor
|-resisted|p1a: Exeggutor
|-damage|p1a: Exeggutor|343\/393
|
|turn|3
|
|move|p2a: Hypno|Hypnosis|p1a: Exeggutor
|-status|p1a: Exeggutor|slp
|cant|p1a: Exeggutor|slp
|
|turn|4
|
|move|p2a: Hypno|Psychic|p1a: Exeggutor
|-resisted|p1a: Exeggutor
|-damage|p1a: Exeggutor|295\/393 slp
|-unboost|p1a: Exeggutor|spd|1
|-unboost|p1a: Exeggutor|spa|1
|cant|p1a: Exeggutor|slp
|-curestatus|p1a: Exeggutor|slp
|
|turn|5
|
|switch|p1a: Gengar|Gengar|323\/323
|move|p2a: Hypno|Hypnosis|p1a: Gengar|[miss]
|-miss|p2a: Hypno
|
|turn|6
|
|move|p1a: Gengar|Hypnosis|p2a: Hypno
|-status|p2a: Hypno|slp
|cant|p2a: Hypno|slp
|
|turn|7
|
|switch|p1a: Tauros|Tauros|353\/353
|cant|p2a: Hypno|slp
|-curestatus|p2a: Hypno|slp
|
|turn|8
|
|switch|p1a: Gengar|Gengar|323\/323
|move|p2a: Hypno|Thunder Wave|p1a: Gengar
|-status|p1a: Gengar|par
|
|turn|9
|
|switch|p1a: Chansey|Chansey|703\/703 par
|move|p2a: Hypno|Psychic|p1a: Chansey
|-damage|p1a: Chansey|593\/703 par
|
|turn|10
|
|move|p2a: Hypno|Psychic|p1a: Chansey
|-damage|p1a: Chansey|473\/703 par
|move|p1a: Chansey|Ice Beam|p2a: Hypno
|-damage|p2a: Hypno|302\/373
|
|turn|11
|
|move|p2a: Hypno|Psychic|p1a: Chansey
|-crit|p1a: Chansey
|-damage|p1a: Chansey|247\/703 par
|cant|p1a: Chansey|par
|
|turn|12
|
|move|p2a: Hypno|Psychic|p1a: Chansey
|-damage|p1a: Chansey|137\/703 par
|move|p1a: Chansey|Soft-Boiled|p1a: Chansey
|-heal|p1a: Chansey|488\/703 par
|
|turn|13
|
|move|p2a: Hypno|Psychic|p1a: Chansey
|-crit|p1a: Chansey
|-damage|p1a: Chansey|252\/703 par
|move|p1a: Chansey|Thunder Wave|p2a: Hypno
|-status|p2a: Hypno|par
|
|turn|14
|
|cant|p2a: Hypno|par
|cant|p1a: Chansey|par
|
|turn|15
|
|move|p2a: Hypno|Psychic|p1a: Chansey
|-damage|p1a: Chansey|137\/703 par
|move|p1a: Chansey|Soft-Boiled|p1a: Chansey
|-heal|p1a: Chansey|488\/703 par
|
|turn|16
|
|move|p2a: Hypno|Psychic|p1a: Chansey
|-damage|p1a: Chansey|375\/703 par
|-unboost|p1a: Chansey|spd|1
|-unboost|p1a: Chansey|spa|1
|cant|p1a: Chansey|par
|
|turn|17
|
|move|p2a: Hypno|Psychic|p1a: Chansey
|-damage|p1a: Chansey|203\/703 par
|move|p1a: Chansey|Soft-Boiled|p1a: Chansey
|-heal|p1a: Chansey|554\/703 par
|
|turn|18
|
|cant|p2a: Hypno|par
|move|p1a: Chansey|Soft-Boiled|p1a: Chansey
|-heal|p1a: Chansey|703\/703 par
|
|turn|19
|
|switch|p1a: Alakazam|Alakazam|313\/313
|move|p2a: Hypno|Psychic|p1a: Alakazam
|-resisted|p1a: Alakazam
|-damage|p1a: Alakazam|270\/313
|
|turn|20
|
|switch|p1a: Chansey|Chansey|703\/703 par
|move|p2a: Hypno|Hypnosis|p1a: Chansey
|-fail|p1a: Chansey
|
|turn|21
|
|cant|p2a: Hypno|par
|move|p1a: Chansey|Ice Beam|p2a: Hypno
|-damage|p2a: Hypno|227\/373 par
|
|turn|22
|
|move|p2a: Hypno|Psychic|p1a: Chansey
|-crit|p1a: Chansey
|-damage|p1a: Chansey|489\/703 par
|move|p1a: Chansey|Thunderbolt|p2a: Hypno
|-damage|p2a: Hypno|155\/373 par
|
|turn|23
|
|move|p2a: Hypno|Psychic|p1a: Chansey
|-damage|p1a: Chansey|376\/703 par
|-unboost|p1a: Chansey|spd|1
|-unboost|p1a: Chansey|spa|1
|move|p1a: Chansey|Soft-Boiled|p1a: Chansey
|-heal|p1a: Chansey|703\/703 par
|
|turn|24
|
|switch|p2a: Alakazam|Alakazam|313\/313
|move|p1a: Chansey|Thunderbolt|p2a: Alakazam
|-damage|p2a: Alakazam|273\/313
|
|turn|25
|
|switch|p1a: Alakazam|Alakazam|270\/313
|move|p2a: Alakazam|Psychic|p1a: Alakazam
|-resisted|p1a: Alakazam
|-damage|p1a: Alakazam|219\/313
|-unboost|p1a: Alakazam|spd|1
|-unboost|p1a: Alakazam|spa|1
|
|turn|26
|
|switch|p1a: Exeggutor|Exeggutor|295\/393
|move|p2a: Alakazam|Thunder Wave|p1a: Exeggutor
|-status|p1a: Exeggutor|par
|
|turn|27
|
|switch|p2a: Hypno|Hypno|155\/373 par
|move|p1a: Exeggutor|Sleep Powder|p2a: Hypno
|-fail|p2a: Hypno
|
|turn|28
|
|switch|p1a: Chansey|Chansey|703\/703 par
|move|p2a: Hypno|Psychic|p1a: Chansey
|-damage|p1a: Chansey|590\/703 par
|-unboost|p1a: Chansey|spd|1
|-unboost|p1a: Chansey|spa|1
|
|turn|29
|join|zorolockheart
|
|move|p2a: Hypno|Psychic|p1a: Chansey
|-damage|p1a: Chansey|409\/703 par
|move|p1a: Chansey|Ice Beam|p2a: Hypno
|-damage|p2a: Hypno|111\/373 par
|
|turn|30
|
|move|p2a: Hypno|Psychic|p1a: Chansey
|-crit|p1a: Chansey
|-damage|p1a: Chansey|193\/703 par
|cant|p1a: Chansey|par
|
|turn|31
|
|switch|p2a: Machamp|Machamp|383\/383
|move|p1a: Chansey|Soft-Boiled|p1a: Chansey
|-heal|p1a: Chansey|544\/703 par
|
|turn|32
|
|switch|p1a: Starmie|Starmie|323\/323
|move|p2a: Machamp|Earthquake|p1a: Starmie
|-damage|p1a: Starmie|221\/323
|
|turn|33
|
|switch|p2a: Hypno|Hypno|111\/373 par
|move|p1a: Starmie|Hydro Pump|p2a: Hypno
|-damage|p2a: Hypno|0 fnt
|faint|p2a: Hypno
|
|switch|p2a: Exeggutor|Exeggutor|393\/393
|turn|34
|
|switch|p1a: Exeggutor|Exeggutor|295\/393 par
|move|p2a: Exeggutor|Sleep Powder|p1a: Exeggutor
|-fail|p1a: Exeggutor
|
|turn|35
|
|move|p2a: Exeggutor|Psychic|p1a: Exeggutor
|-resisted|p1a: Exeggutor
|-damage|p1a: Exeggutor|241\/393 par
|move|p1a: Exeggutor|Sleep Powder|p2a: Exeggutor
|-status|p2a: Exeggutor|slp
|
|turn|36
|
|switch|p2a: Starmie|Starmie|323\/323
|move|p1a: Exeggutor|Stun Spore|p2a: Starmie
|-status|p2a: Starmie|par
|
|turn|37
|leave|zorolockheart
|
|switch|p1a: Chansey|Chansey|544\/703 par
|move|p2a: Starmie|Blizzard|p1a: Chansey
|-damage|p1a: Chansey|454\/703 par
|
|turn|38
|
|cant|p2a: Starmie|par
|move|p1a: Chansey|Soft-Boiled|p1a: Chansey
|-heal|p1a: Chansey|703\/703 par
|
|turn|39
|
|cant|p2a: Starmie|par
|move|p1a: Chansey|Thunderbolt|p2a: Starmie
|-supereffective|p2a: Starmie
|-damage|p2a: Starmie|166\/323 par
|
|turn|40
|
|move|p2a: Starmie|Psychic|p1a: Chansey
|-damage|p1a: Chansey|593\/703 par
|cant|p1a: Chansey|par
|
|turn|41
|
|cant|p2a: Starmie|par
|move|p1a: Chansey|Thunderbolt|p2a: Starmie
|-supereffective|p2a: Starmie
|-damage|p2a: Starmie|15\/323 par
|
|turn|42
|
|move|p2a: Starmie|Recover|p2a: Starmie
|-heal|p2a: Starmie|176\/323 par
|move|p1a: Chansey|Thunderbolt|p2a: Starmie
|-supereffective|p2a: Starmie
|-damage|p2a: Starmie|30\/323 par
|
|turn|43
|
|move|p2a: Starmie|Recover|p2a: Starmie
|-heal|p2a: Starmie|191\/323 par
|move|p1a: Chansey|Thunderbolt|p2a: Starmie
|-supereffective|p2a: Starmie
|-damage|p2a: Starmie|23\/323 par
|
|turn|44
|
|cant|p2a: Starmie|par
|move|p1a: Chansey|Thunderbolt|p2a: Starmie
|-supereffective|p2a: Starmie
|-damage|p2a: Starmie|0 fnt
|faint|p2a: Starmie
|
|switch|p2a: Tauros|Tauros|353\/353
|turn|45
|
|move|p2a: Tauros|Body Slam|p1a: Chansey
|-damage|p1a: Chansey|301\/703 par
|move|p1a: Chansey|Thunder Wave|p2a: Tauros
|-status|p2a: Tauros|par
|
|turn|46
|
|switch|p1a: Gengar|Gengar|323\/323 par
|move|p2a: Tauros|Hyper Beam|p1a: Gengar
|-immune|p1a: Gengar|[msg]
|
|turn|47
|
|switch|p1a: Exeggutor|Exeggutor|241\/393 par
|move|p2a: Tauros|Earthquake|p1a: Exeggutor
|-crit|p1a: Exeggutor
|-resisted|p1a: Exeggutor
|-damage|p1a: Exeggutor|159\/393 par
|
|turn|48
|
|cant|p2a: Tauros|par
|move|p1a: Exeggutor|Explosion|p2a: Tauros
|-damage|p2a: Tauros|98\/353 par
|faint|p1a: Exeggutor
|
|switch|p1a: Tauros|Tauros|353\/353
|turn|49
|
|move|p1a: Tauros|Body Slam|p2a: Tauros
|-damage|p2a: Tauros|0 fnt
|faint|p2a: Tauros
|
|switch|p2a: Alakazam|Alakazam|273\/313
|turn|50
|
|switch|p1a: Chansey|Chansey|301\/703 par
|move|p2a: Alakazam|Thunder Wave|p1a: Chansey
|-fail|p1a: Chansey|par
|
|turn|51
|
|move|p2a: Alakazam|Psychic|p1a: Chansey|[miss]
|-miss|p2a: Alakazam
|cant|p1a: Chansey|par
|
|turn|52
|
|move|p2a: Alakazam|Psychic|p1a: Chansey
|-damage|p1a: Chansey|183\/703 par
|move|p1a: Chansey|Soft-Boiled|p1a: Chansey
|-heal|p1a: Chansey|534\/703 par
|
|turn|53
|
|move|p2a: Alakazam|Hyper Beam|p1a: Chansey
|-damage|p1a: Chansey|308\/703 par
|cant|p1a: Chansey|par
|
|turn|54
|
|cant|p2a: Alakazam|recharge
|move|p1a: Chansey|Thunder Wave|p2a: Alakazam
|-status|p2a: Alakazam|par
|
|turn|55
|
|move|p2a: Alakazam|Hyper Beam|p1a: Chansey
|-damage|p1a: Chansey|85\/703 par
|cant|p1a: Chansey|par
|
|turn|56
|
|cant|p2a: Alakazam|recharge
|move|p1a: Chansey|Soft-Boiled|p1a: Chansey
|-heal|p1a: Chansey|436\/703 par
|
|turn|57
|
|move|p2a: Alakazam|Hyper Beam|p1a: Chansey
|-damage|p1a: Chansey|238\/703 par
|move|p1a: Chansey|Soft-Boiled|p1a: Chansey
|-heal|p1a: Chansey|589\/703 par
|
|turn|58
|
|cant|p2a: Alakazam|recharge
|cant|p1a: Chansey|par
|
|turn|59
|
|switch|p2a: Machamp|Machamp|383\/383
|move|p1a: Chansey|Thunderbolt|p2a: Machamp
|-crit|p2a: Machamp
|-damage|p2a: Machamp|168\/383
|
|turn|60
|
|switch|p1a: Starmie|Starmie|221\/323
|move|p2a: Machamp|Rock Slide|p1a: Starmie
|-damage|p1a: Starmie|145\/323
|
|turn|61
|
|move|p1a: Starmie|Hydro Pump|p2a: Machamp|[miss]
|-miss|p1a: Starmie
|move|p2a: Machamp|Hyper Beam|p1a: Starmie
|-damage|p1a: Starmie|0 fnt
|faint|p1a: Starmie
|
|switch|p1a: Tauros|Tauros|353\/353
|turn|62
|
|switch|p2a: Alakazam|Alakazam|273\/313 par
|move|p1a: Tauros|Hyper Beam|p2a: Alakazam
|-damage|p2a: Alakazam|0 fnt
|faint|p2a: Alakazam
|
|switch|p2a: Exeggutor|Exeggutor|393\/393 slp
|turn|63
|
|move|p1a: Tauros|Blizzard|p2a: Exeggutor
|-crit|p2a: Exeggutor
|-supereffective|p2a: Exeggutor
|-damage|p2a: Exeggutor|147\/393 slp
|cant|p2a: Exeggutor|slp
|-curestatus|p2a: Exeggutor|slp
|
|turn|64
|
|move|p1a: Tauros|Hyper Beam|p2a: Exeggutor
|-crit|p2a: Exeggutor
|-damage|p2a: Exeggutor|0 fnt
|faint|p2a: Exeggutor
|
|switch|p2a: Machamp|Machamp|168\/383
|turn|65
|
|move|p1a: Tauros|Hyper Beam|p2a: Machamp
|-damage|p2a: Machamp|0 fnt
|faint|p2a: Machamp
|
|win|ggc
|raw|Ladder updating...
|raw|ggc's rating: 1362 &rarr; <strong>1377<\/strong><br \/>(+15 for winning)
|raw|biswajit's rating: 1267 &rarr; <strong>1249<\/strong><br \/>(-18 for losing)
|c|★ggc|gg
|leave|ggc
|player|p1