|j|FZ- Hero
|j|Makka no Boukansha
|player|p1|FZ- Hero|15
|player|p2|Makka no Boukansha|260
|gametype|singles
|gen|1
|tier|[Gen 1] OU
|rated
|seed|31265,48116,40049,21059
|rule|Sleep Clause Mod: Limit one foe put to sleep
|rule|Freeze Clause Mod: Limit one foe frozen
|rule|Species Clause: Limit one of each Pokémon
|rule|OHKO Clause: OHKO moves are banned
|rule|Evasion Moves Clause: Evasion moves are banned
|rule|HP Percentage Mod: HP is shown in percentages
|
|start
|switch|p1a: Gengar|Gengar|323\/323
|switch|p2a: Moltres|Moltres|383\/383
|turn|1
|c|★Makka no Boukansha|gl hf
|choice|move 1|move 4
|
|move|p1a: Gengar|Hypnosis|p2a: Moltres
|-status|p2a: Moltres|slp
|cant|p2a: Moltres|slp
|
|turn|2
|choice|move 4|switch 6
|
|switch|p2a: Starmie|Starmie|323\/323
|move|p1a: Gengar|Thunderbolt|p2a: Starmie
|-supereffective|p2a: Starmie
|-damage|p2a: Starmie|152\/323
|
|turn|3
|choice|move 4|move 4
|
|move|p2a: Starmie|Thunder Wave|p1a: Gengar
|-status|p1a: Gengar|par
|move|p1a: Gengar|Thunderbolt|p2a: Starmie
|-supereffective|p2a: Starmie
|-damage|p2a: Starmie|0 fnt
|faint|p2a: Starmie
|choice||switch 5
|
|switch|p2a: Tauros|Tauros|353\/353
|turn|4
|choice|switch 5|move 3
|
|switch|p1a: Cloyster|Cloyster|303\/303
|move|p2a: Tauros|Earthquake|p1a: Cloyster
|-damage|p1a: Cloyster|255\/303
|
|turn|5
|choice|move 1|switch 3
|
|switch|p2a: Zapdos|Zapdos|383\/383
|move|p1a: Cloyster|Clamp|p2a: Zapdos
|-damage|p2a: Zapdos|348\/383
|-activate|p2a: Zapdos|move: Clamp|[of] p1a: Cloyster
|
|turn|6
|choice|move 1|move 2
|
|cant|p2a: Zapdos|partiallytrapped
|move|p1a: Cloyster|Clamp|p2a: Zapdos
|-damage|p2a: Zapdos|313\/383
|
|turn|7
|choice|move 1|move 2
|
|cant|p2a: Zapdos|partiallytrapped
|move|p1a: Cloyster|Clamp|p2a: Zapdos
|-damage|p2a: Zapdos|278\/383
|
|-end|p2a: Zapdos|Clamp|[partiallytrapped]
|turn|8
|choice|switch 6|move 2
|
|switch|p1a: Rhydon|Rhydon|413\/413
|move|p2a: Zapdos|Thunderbolt|p1a: Rhydon
|-immune|p1a: Rhydon|[msg]
|
|turn|9
|choice|switch 2|switch 6
|
|switch|p2a: Moltres|Moltres|383\/383 slp
|switch|p1a: Alakazam|Alakazam|313\/313
|
|turn|10
|choice|move 2|move 2
|
|move|p1a: Alakazam|Psychic|p2a: Moltres
|-damage|p2a: Moltres|272\/383 slp
|cant|p2a: Moltres|slp
|
|turn|11
|choice|switch 3|move 2
|
|switch|p1a: Slowbro|Slowbro|393\/393
|-curestatus|p2a: Moltres|slp
|
|turn|12
|choice|move 1|move 3
|
|move|p2a: Moltres|Fire Spin|p1a: Slowbro
|-resisted|p1a: Slowbro
|-damage|p1a: Slowbro|380\/393
|-activate|p1a: Slowbro|move: Fire Spin|[of] p2a: Moltres
|cant|p1a: Slowbro|partiallytrapped
|
|turn|13
|choice|move 1|move 3
|
|move|p2a: Moltres|Fire Spin|p1a: Slowbro
|-damage|p1a: Slowbro|367\/393
|cant|p1a: Slowbro|partiallytrapped
|
|turn|14
|choice|move 1|switch 6
|
|switch|p2a: Zapdos|Zapdos|278\/383
|cant|p1a: Slowbro|partiallytrapped
|
|-end|p1a: Slowbro|Fire Spin|[partiallytrapped]
|turn|15
|choice|switch 2|switch 3
|
|switch|p2a: Tauros|Tauros|353\/353
|switch|p1a: Rhydon|Rhydon|413\/413
|
|turn|16
|choice|switch 6|move 4
|
|switch|p1a: Cloyster|Cloyster|255\/303
|move|p2a: Tauros|Blizzard|p1a: Cloyster
|-resisted|p1a: Cloyster
|-damage|p1a: Cloyster|234\/303
|
|turn|17
|choice|move 1|move 2
|
|move|p2a: Tauros|Body Slam|p1a: Cloyster
|-damage|p1a: Cloyster|163\/303
|move|p1a: Cloyster|Clamp|p2a: Tauros
|-damage|p2a: Tauros|305\/353
|-activate|p2a: Tauros|move: Clamp|[of] p1a: Cloyster
|
|turn|18
|choice|move 1|move 2
|
|cant|p2a: Tauros|partiallytrapped
|move|p1a: Cloyster|Clamp|p2a: Tauros
|-damage|p2a: Tauros|257\/353
|
|-end|p2a: Tauros|Clamp|[partiallytrapped]
|turn|19
|choice|move 1|move 2
|
|move|p2a: Tauros|Body Slam|p1a: Cloyster
|-damage|p1a: Cloyster|99\/303
|move|p1a: Cloyster|Clamp|p2a: Tauros|[miss]
|-miss|p1a: Cloyster
|
|turn|20
|choice|move 1|move 1
|
|move|p2a: Tauros|Hyper Beam|p1a: Cloyster
|-damage|p1a: Cloyster|0 fnt
|faint|p1a: Cloyster
|choice|switch 6|
|
|switch|p1a: Rhydon|Rhydon|413\/413
|turn|21
|choice|move 1|move 4
|
|move|p2a: Tauros|Blizzard|p1a: Rhydon
|-supereffective|p1a: Rhydon
|-damage|p1a: Rhydon|167\/413
|move|p1a: Rhydon|Body Slam|p2a: Tauros
|-damage|p2a: Tauros|172\/353
|
|turn|22
|choice|switch 2|move 4
|
|switch|p1a: Slowbro|Slowbro|367\/393
|move|p2a: Tauros|Blizzard|p1a: Slowbro
|-resisted|p1a: Slowbro
|-damage|p1a: Slowbro|323\/393
|
|turn|23
|choice|move 1|move 2
|
|move|p2a: Tauros|Body Slam|p1a: Slowbro
|-damage|p1a: Slowbro|225\/393
|move|p1a: Slowbro|Amnesia|p1a: Slowbro
|-boost|p1a: Slowbro|spd|2
|-boost|p1a: Slowbro|spa|2
|
|turn|24
|choice|move 1|move 2
|
|move|p2a: Tauros|Body Slam|p1a: Slowbro
|-damage|p1a: Slowbro|133\/393
|move|p1a: Slowbro|Amnesia|p1a: Slowbro
|-boost|p1a: Slowbro|spd|2
|-boost|p1a: Slowbro|spa|2
|
|turn|25
|choice|move 3|move 1
|
|move|p2a: Tauros|Hyper Beam|p1a: Slowbro
|-damage|p1a: Slowbro|0 fnt
|faint|p1a: Slowbro
|choice|switch 4|
|
|switch|p1a: Tauros|Tauros|353\/353
|turn|26
|choice|move 1|move 2
|
|move|p2a: Tauros|Body Slam|p1a: Tauros
|-damage|p1a: Tauros|249\/353
|move|p1a: Tauros|Body Slam|p2a: Tauros
|-crit|p2a: Tauros
|-damage|p2a: Tauros|0 fnt
|faint|p2a: Tauros
|choice||switch 6
|
|switch|p2a: Moltres|Moltres|272\/383
|turn|27
|choice|move 4|move 4
|
|move|p1a: Tauros|Blizzard|p2a: Moltres
|-crit|p2a: Moltres
|-supereffective|p2a: Moltres
|-damage|p2a: Moltres|15\/383
|move|p2a: Moltres|Agility|p2a: Moltres
|-boost|p2a: Moltres|spe|2
|
|turn|28
|choice|move 1|move 3
|
|move|p2a: Moltres|Fire Spin|p1a: Tauros|[miss]
|-miss|p2a: Moltres
|move|p1a: Tauros|Body Slam|p2a: Moltres
|-damage|p2a: Moltres|0 fnt
|faint|p2a: Moltres
|choice||switch 4
|
|switch|p2a: Rhydon|Rhydon|413\/413
|turn|29
|choice|move 4|move 1
|
|move|p1a: Tauros|Blizzard|p2a: Rhydon
|-supereffective|p2a: Rhydon
|-damage|p2a: Rhydon|181\/413
|move|p2a: Rhydon|Earthquake|p1a: Tauros
|-crit|p1a: Tauros
|-damage|p1a: Tauros|0 fnt
|faint|p1a: Tauros
|choice|switch 2|
|
|switch|p1a: Rhydon|Rhydon|167\/413
|turn|30
|choice|move 2|switch 2
|
|switch|p2a: Articuno|Articuno|383\/383
|move|p1a: Rhydon|Earthquake|p2a: Articuno
|-immune|p2a: Articuno|[msg]
|
|turn|31
|choice|switch 3|move 3
|
|switch|p1a: Alakazam|Alakazam|313\/313
|move|p2a: Articuno|Ice Beam|p1a: Alakazam
|-damage|p1a: Alakazam|215\/313
|
|turn|32
|choice|move 2|move 4
|
|move|p1a: Alakazam|Psychic|p2a: Articuno
|-damage|p2a: Articuno|276\/383
|move|p2a: Articuno|Agility|p2a: Articuno
|-boost|p2a: Articuno|spe|2
|
|turn|33
|choice|move 1|move 1
|
|move|p2a: Articuno|Blizzard|p1a: Alakazam
|-damage|p1a: Alakazam|76\/313
|move|p1a: Alakazam|Thunder Wave|p2a: Articuno
|-status|p2a: Articuno|par
|
|turn|34
|choice|move 3|move 4
|
|move|p1a: Alakazam|Recover|p1a: Alakazam
|-heal|p1a: Alakazam|232\/313
|move|p2a: Articuno|Agility|p2a: Articuno
|-boost|p2a: Articuno|spe|2
|
|turn|35
|choice|move 2|move 1
|
|move|p2a: Articuno|Blizzard|p1a: Alakazam
|-damage|p1a: Alakazam|102\/313
|move|p1a: Alakazam|Psychic|p2a: Articuno
|-damage|p2a: Articuno|168\/383 par
|-unboost|p2a: Articuno|spd|1
|-unboost|p2a: Articuno|spa|1
|
|turn|36
|choice|move 2|move 2
|
|move|p1a: Alakazam|Psychic|p2a: Articuno
|-damage|p2a: Articuno|0 fnt
|faint|p2a: Articuno
|choice||switch 3
|
|switch|p2a: Zapdos|Zapdos|278\/383
|turn|37
|choice|move 3|move 3
|
|move|p1a: Alakazam|Recover|p1a: Alakazam
|-heal|p1a: Alakazam|258\/313
|move|p2a: Zapdos|Drill Peck|p1a: Alakazam
|-damage|p1a: Alakazam|128\/313
|
|turn|38
|choice|move 3|move 1
|
|move|p1a: Alakazam|Recover|p1a: Alakazam
|-heal|p1a: Alakazam|284\/313
|move|p2a: Zapdos|Thunder|p1a: Alakazam|[miss]
|-miss|p2a: Zapdos
|
|turn|39
|choice|move 2|move 4
|
|move|p1a: Alakazam|Psychic|p2a: Zapdos
|-crit|p2a: Zapdos
|-damage|p2a: Zapdos|41\/383
|move|p2a: Zapdos|Thunder Wave|p1a: Alakazam
|-status|p1a: Alakazam|par
|
|turn|40
|choice|move 1|move 3
|
|move|p2a: Zapdos|Drill Peck|p1a: Alakazam
|-damage|p1a: Alakazam|144\/313 par
|move|p1a: Alakazam|Thunder Wave|p2a: Zapdos
|-status|p2a: Zapdos|par
|
|turn|41
|choice|move 3|move 1
|
|move|p1a: Alakazam|Recover|p1a: Alakazam
|-heal|p1a: Alakazam|300\/313 par
|cant|p2a: Zapdos|par
|
|turn|42
|choice|move 2|move 1
|
|move|p1a: Alakazam|Psychic|p2a: Zapdos
|-damage|p2a: Zapdos|0 fnt
|faint|p2a: Zapdos
|choice||switch 2
|
|switch|p2a: Rhydon|Rhydon|181\/413
|turn|43
|choice|move 2|move 4
|
|move|p2a: Rhydon|Substitute|p2a: Rhydon
|-start|p2a: Rhydon|Substitute
|-damage|p2a: Rhydon|78\/413
|move|p1a: Alakazam|Psychic|p2a: Rhydon
|-end|p2a: Rhydon|Substitute
|
|turn|44
|choice|move 2|move 1
|
|move|p2a: Rhydon|Earthquake|p1a: Alakazam
|-damage|p1a: Alakazam|94\/313 par
|move|p1a: Alakazam|Psychic|p2a: Rhydon
|-damage|p2a: Rhydon|0 fnt
|faint|p2a: Rhydon
|
|win|FZ- Hero
|player|p1
|player|p2
|raw|FZ- Hero's rating: 1000 &rarr; <strong>1065<\/strong><br \/>(+65 for winning)
|raw|Makka no Boukansha's rating: 1252 &rarr; <strong>1212<\/strong><br \/>(-40 for losing)
|c|★Makka no Boukansha|gg
|c|★FZ- Hero|gg
|l|Makka no Boukansha