|j|yaldyyyy
|j|Vultur
|player|p1|yaldyyyy|169
|player|p2|Vultur|265
|gametype|singles
|gen|1
|tier|[Gen 1] Random Battle
|rated
|seed|47682,8193,14764,55478
|rule|Sleep Clause Mod: Limit one foe put to sleep
|rule|Freeze Clause Mod: Limit one foe frozen
|rule|HP Percentage Mod: HP is shown in percentages
|
|start
|switch|p1a: Tentacruel|Tentacruel, L85|310\/310
|switch|p2a: Nidoran-M|Nidoran-M, L96|283\/283
|turn|1
|choice|move 2|move 3
|
|move|p1a: Tentacruel|Hydro Pump|p2a: Nidoran-M
|-damage|p2a: Nidoran-M|82\/283
|move|p2a: Nidoran-M|Body Slam|p1a: Tentacruel
|-damage|p1a: Tentacruel|247\/310
|-status|p1a: Tentacruel|par
|
|turn|2
|c|★yaldyyyy|fucking knew that was going to para me
|choice|move 3|move 3
|
|move|p2a: Nidoran-M|Body Slam|p1a: Tentacruel
|-damage|p1a: Tentacruel|176\/310 par
|cant|p1a: Tentacruel|par
|
|turn|3
|choice|move 3|move 3
|
|move|p2a: Nidoran-M|Body Slam|p1a: Tentacruel
|-damage|p1a: Tentacruel|105\/310 par
|cant|p1a: Tentacruel|par
|
|turn|4
|c|★yaldyyyy|honestly
|choice|move 3|move 3
|
|move|p2a: Nidoran-M|Body Slam|p1a: Tentacruel
|-damage|p1a: Tentacruel|39\/310 par
|move|p1a: Tentacruel|Surf|p2a: Nidoran-M
|-damage|p2a: Nidoran-M|0 fnt
|faint|p2a: Nidoran-M
|choice||switch 3
|
|switch|p2a: Tangela|Tangela, L85|284\/284
|turn|5
|choice|move 1|move 2
|
|move|p2a: Tangela|Body Slam|p1a: Tentacruel
|-damage|p1a: Tentacruel|0 fnt
|faint|p1a: Tentacruel
|choice|switch 6|
|
|switch|p1a: Ninetales|Ninetales, L85|298\/298
|turn|6
|c|★Vultur|usually tentacle is a tank
|choice|move 1|switch 2
|
|switch|p2a: Slowpoke|Slowpoke, L96|368\/368
|move|p1a: Ninetales|Fire Blast|p2a: Slowpoke
|-resisted|p2a: Slowpoke
|-damage|p2a: Slowpoke|283\/368
|
|turn|7
|c|★yaldyyyy|unless a 1 foot tall rabbit thing somehow paralyzes it
|choice|switch 4|move 3
|
|switch|p1a: Jynx|Jynx, L79|265\/265
|move|p2a: Slowpoke|Surf|p1a: Jynx
|-damage|p1a: Jynx|183\/265
|
|turn|8
|choice|move 3|move 1
|
|move|p1a: Jynx|Lovely Kiss|p2a: Slowpoke|[miss]
|-miss|p1a: Jynx
|move|p2a: Slowpoke|Thunder Wave|p1a: Jynx
|-status|p1a: Jynx|par
|
|turn|9
|choice|move 3|move 2
|
|move|p2a: Slowpoke|Amnesia|p2a: Slowpoke
|-boost|p2a: Slowpoke|spd|2
|-boost|p2a: Slowpoke|spa|2
|move|p1a: Jynx|Lovely Kiss|p2a: Slowpoke
|-status|p2a: Slowpoke|slp
|
|turn|10
|choice|move 2|move 3
|
|-curestatus|p2a: Slowpoke|slp
|move|p1a: Jynx|Mimic|p2a: Slowpoke
|-start|p1a: Jynx|Mimic|Thunder Wave
|
|turn|11
|choice|move 3|move 2
|
|move|p2a: Slowpoke|Amnesia|p2a: Slowpoke
|-boost|p2a: Slowpoke|spd|2
|-boost|p2a: Slowpoke|spa|2
|move|p1a: Jynx|Lovely Kiss|p2a: Slowpoke|[miss]
|-miss|p1a: Jynx
|
|turn|12
|choice|move 3|move 3
|
|move|p2a: Slowpoke|Surf|p1a: Jynx
|-damage|p1a: Jynx|0 fnt
|faint|p1a: Jynx
|choice|switch 3|
|
|switch|p1a: Weepinbell|Weepinbell, L85|284\/284
|turn|13
|choice|move 4|move 1
|
|move|p1a: Weepinbell|Sleep Powder|p2a: Slowpoke
|-status|p2a: Slowpoke|slp
|cant|p2a: Slowpoke|slp
|
|turn|14
|choice|move 2|move 3
|
|move|p1a: Weepinbell|Swords Dance|p1a: Weepinbell
|-boost|p1a: Weepinbell|atk|2
|cant|p2a: Slowpoke|slp
|
|turn|15
|choice|move 3|move 1
|
|move|p1a: Weepinbell|Body Slam|p2a: Slowpoke
|-damage|p2a: Slowpoke|159\/368 slp
|cant|p2a: Slowpoke|slp
|
|turn|16
|choice|move 3|move 1
|
|move|p1a: Weepinbell|Body Slam|p2a: Slowpoke
|-damage|p2a: Slowpoke|27\/368 slp
|cant|p2a: Slowpoke|slp
|
|turn|17
|choice|move 1|move 1
|
|move|p1a: Weepinbell|Razor Leaf|p2a: Slowpoke
|-crit|p2a: Slowpoke
|-supereffective|p2a: Slowpoke
|-damage|p2a: Slowpoke|0 fnt
|faint|p2a: Slowpoke
|choice||switch 4
|
|switch|p2a: Ninetales|Ninetales, L85|298\/298
|turn|18
|choice|move 3|move 1
|
|move|p2a: Ninetales|Fire Blast|p1a: Weepinbell
|-supereffective|p1a: Weepinbell
|-damage|p1a: Weepinbell|31\/284
|move|p1a: Weepinbell|Body Slam|p2a: Ninetales
|-damage|p2a: Ninetales|172\/298
|-status|p2a: Ninetales|par
|
|turn|19
|choice|move 3|move 4
|
|move|p1a: Weepinbell|Body Slam|p2a: Ninetales
|-damage|p2a: Ninetales|45\/298 par
|move|p2a: Ninetales|Double-Edge|p1a: Weepinbell
|-damage|p1a: Weepinbell|0 fnt
|-damage|p2a: Ninetales|38\/298 par|[from] recoil|[of] p1a: Weepinbell
|faint|p1a: Weepinbell
|c|★Vultur|damn you
|choice|switch 5|
|
|switch|p1a: Seaking|Seaking, L90|327\/327
|turn|20
|choice|move 3|move 3
|
|move|p1a: Seaking|Surf|p2a: Ninetales
|-supereffective|p2a: Ninetales
|-damage|p2a: Ninetales|0 fnt
|faint|p2a: Ninetales
|c|★yaldyyyy|karma
|choice||switch 2
|
|switch|p2a: Tangela|Tangela, L85|284\/284
|turn|21
|choice|switch 2|move 3
|
|switch|p1a: Magnemite|Magnemite, L96|243\/243
|move|p2a: Tangela|Mega Drain|p1a: Magnemite
|-damage|p1a: Magnemite|207\/243
|
|turn|22
|choice|move 4|move 4
|
|move|p2a: Tangela|Hyper Beam|p1a: Magnemite
|-damage|p1a: Magnemite|133\/243
|move|p1a: Magnemite|Thunder Wave|p2a: Tangela
|-status|p2a: Tangela|par
|
|turn|23
|-mustrecharge|p2a: Tangela
|-mustrecharge|p2a: Tangela
|choice|switch 4|move 1
|
|switch|p1a: Ninetales|Ninetales, L85|298\/298
|cant|p2a: Tangela|recharge
|
|turn|24
|choice|move 1|move 4
|
|move|p1a: Ninetales|Fire Blast|p2a: Tangela
|-supereffective|p2a: Tangela
|-damage|p2a: Tangela|40\/284 par
|move|p2a: Tangela|Hyper Beam|p1a: Ninetales|[miss]
|-miss|p2a: Tangela
|
|turn|25
|c|★Vultur|come on...
|choice|move 1|move 4
|
|move|p1a: Ninetales|Fire Blast|p2a: Tangela
|-supereffective|p2a: Tangela
|-damage|p2a: Tangela|0 fnt
|faint|p2a: Tangela
|choice||switch 6
|
|switch|p2a: Nidoking|Nidoking, L85|311\/311
|turn|26
|choice|switch 2|move 1
|
|switch|p1a: Seaking|Seaking, L90|327\/327
|move|p2a: Nidoking|Earthquake|p1a: Seaking|[miss]
|-miss|p2a: Nidoking
|
|turn|27
|choice|move 3|move 3
|
|move|p2a: Nidoking|Thunder|p1a: Seaking
|-supereffective|p1a: Seaking
|-damage|p1a: Seaking|168\/327
|move|p1a: Seaking|Surf|p2a: Nidoking
|-supereffective|p2a: Nidoking
|-damage|p2a: Nidoking|104\/311
|
|turn|28
|choice|move 3|switch 5
|
|switch|p2a: Articuno|Articuno, L79|304\/304
|move|p1a: Seaking|Surf|p2a: Articuno
|-damage|p2a: Articuno|213\/304
|
|turn|29
|choice|move 3|move 4
|
|move|p2a: Articuno|Ice Beam|p1a: Seaking
|-resisted|p1a: Seaking
|-damage|p1a: Seaking|117\/327
|move|p1a: Seaking|Surf|p2a: Articuno
|-damage|p2a: Articuno|126\/304
|
|turn|30
|choice|move 3|move 4
|
|move|p2a: Articuno|Ice Beam|p1a: Seaking
|-resisted|p1a: Seaking
|-damage|p1a: Seaking|64\/327
|-status|p1a: Seaking|frz
|cant|p1a: Seaking|frz
|
|turn|31
|choice|switch 2|move 2
|
|switch|p1a: Ninetales|Ninetales, L85|298\/298
|move|p2a: Articuno|Rest|p2a: Articuno
|-status|p2a: Articuno|slp
|-heal|p2a: Articuno|304\/304 slp|[silent]
|-status|p2a: Articuno|slp|[from] move: Rest
|
|turn|32
|choice|move 1|switch 5
|
|switch|p2a: Nidoking|Nidoking, L85|104\/311
|move|p1a: Ninetales|Fire Blast|p2a: Nidoking
|-damage|p2a: Nidoking|0 fnt
|faint|p2a: Nidoking
|choice||switch 5
|
|switch|p2a: Articuno|Articuno, L79|304\/304 slp
|turn|33
|choice|move 1|move 4
|
|move|p1a: Ninetales|Fire Blast|p2a: Articuno|[miss]
|-miss|p1a: Ninetales
|cant|p2a: Articuno|slp
|
|turn|34
|choice|move 1|move 4
|
|move|p1a: Ninetales|Fire Blast|p2a: Articuno|[miss]
|-miss|p1a: Ninetales
|-curestatus|p2a: Articuno|slp
|
|turn|35
|choice|move 1|move 4
|
|move|p1a: Ninetales|Fire Blast|p2a: Articuno
|-supereffective|p2a: Articuno
|-damage|p2a: Articuno|88\/304
|move|p2a: Articuno|Ice Beam|p1a: Ninetales
|-crit|p1a: Ninetales
|-damage|p1a: Ninetales|116\/298
|
|turn|36
|choice|move 1|move 4
|
|move|p1a: Ninetales|Fire Blast|p2a: Articuno|[miss]
|-miss|p1a: Ninetales
|move|p2a: Articuno|Ice Beam|p1a: Ninetales
|-damage|p1a: Ninetales|17\/298
|
|turn|37
|choice|move 2|move 4
|
|move|p1a: Ninetales|Body Slam|p2a: Articuno
|-damage|p2a: Articuno|35\/304
|move|p2a: Articuno|Ice Beam|p1a: Ninetales
|-damage|p1a: Ninetales|0 fnt
|faint|p1a: Ninetales
|choice|switch 4|
|
|switch|p1a: Magnemite|Magnemite, L96|133\/243
|turn|38
|choice|move 2|move 4
|
|move|p2a: Articuno|Ice Beam|p1a: Magnemite
|-crit|p1a: Magnemite
|-damage|p1a: Magnemite|0 fnt
|faint|p1a: Magnemite
|c|★yaldyyyy|no fucking way
|c|★yaldyyyy|fucking bullshit
|choice|switch 2|
|
|switch|p1a: Seaking|Seaking, L90|64\/327 frz
|turn|39
|choice|move 1|move 4
|
|move|p2a: Articuno|Ice Beam|p1a: Seaking
|-crit|p1a: Seaking
|-resisted|p1a: Seaking
|-damage|p1a: Seaking|0 fnt
|faint|p1a: Seaking
|
|win|Vultur
|raw|yaldyyyy's rating: 1124 &rarr; <strong>1107<\/strong><br \/>(-17 for losing)
|raw|Vultur's rating: 1230 &rarr; <strong>1247<\/strong><br \/>(+17 for winning)