|join|riwu
|join|PickledBeets
|player|p1|riwu|102
|player|p2|PickledBeets|162
|gametype|singles
|gen|1
|tier|[Gen 1] Random Battle
|rated
|seed|53259,40889,28858,30685
|rule|Sleep Clause Mod: Limit one foe put to sleep
|rule|Freeze Clause Mod: Limit one foe frozen
|rule|HP Percentage Mod: HP is shown in percentages
|
|start
|switch|p1a: Pidgeotto|Pidgeotto, L90|297\/297
|switch|p2a: Muk|Muk, L90|372\/372
|turn|1
|choice|move 1|move 4
|
|move|p1a: Pidgeotto|Double-Edge|p2a: Muk
|-damage|p2a: Muk|280\/372
|-damage|p1a: Pidgeotto|274\/297|[from] recoil|[of] p2a: Muk
|move|p2a: Muk|Screech|p1a: Pidgeotto
|-unboost|p1a: Pidgeotto|def|2
|
|turn|2
|choice|switch 5|move 2
|
|switch|p1a: Onix|Onix, L90|246\/246
|move|p2a: Muk|Sludge|p1a: Onix
|-resisted|p1a: Onix
|-damage|p1a: Onix|234\/246
|-status|p1a: Onix|psn
|
|turn|3
|choice|switch 5|move 3
|
|switch|p1a: Pidgeotto|Pidgeotto, L90|274\/297
|move|p2a: Muk|Mega Drain|p1a: Pidgeotto
|-resisted|p1a: Pidgeotto
|-damage|p1a: Pidgeotto|257\/297
|-heal|p2a: Muk|288\/372|[from] drain|[of] p1a: Pidgeotto
|
|turn|4
|choice|move 1|move 4
|
|move|p1a: Pidgeotto|Double-Edge|p2a: Muk
|-crit|p2a: Muk
|-damage|p2a: Muk|114\/372
|-damage|p1a: Pidgeotto|214\/297|[from] recoil|[of] p2a: Muk
|move|p2a: Muk|Screech|p1a: Pidgeotto|[miss]
|-miss|p2a: Muk
|
|turn|5
|choice|switch 5|move 3
|
|switch|p1a: Onix|Onix, L90|234\/246 psn
|-damage|p1a: Onix|219\/246 psn|[from] psn
|move|p2a: Muk|Mega Drain|p1a: Onix
|-supereffective|p1a: Onix
|-damage|p1a: Onix|39\/246 psn
|-heal|p2a: Muk|204\/372|[from] drain|[of] p1a: Onix
|
|turn|6
|choice|move 3|move 3
|
|move|p1a: Onix|Earthquake|p2a: Muk
|-supereffective|p2a: Muk
|-damage|p2a: Muk|47\/372
|-damage|p1a: Onix|24\/246 psn|[from] psn|[of] p2a: Muk
|move|p2a: Muk|Mega Drain|p1a: Onix
|-supereffective|p1a: Onix
|-damage|p1a: Onix|0 fnt
|-heal|p2a: Muk|59\/372|[from] drain|[of] p1a: Onix
|faint|p1a: Onix
|choice|switch 4|
|
|switch|p1a: Kadabra|Kadabra, L85|242\/242
|turn|7
|choice|move 1|switch 6
|
|switch|p2a: Rapidash|Rapidash, L90|300\/300
|move|p1a: Kadabra|Psychic|p2a: Rapidash
|-damage|p2a: Rapidash|184\/300
|-unboost|p2a: Rapidash|spd|1
|-unboost|p2a: Rapidash|spa|1
|
|turn|8
|choice|switch 2|move 3
|
|switch|p1a: Squirtle|Squirtle, L96|279\/279
|move|p2a: Rapidash|Body Slam|p1a: Squirtle
|-damage|p1a: Squirtle|207\/279
|
|turn|9
|choice|move 1|switch 5
|
|switch|p2a: Ditto|Ditto, L99|296\/296
|move|p1a: Squirtle|Surf|p2a: Ditto
|-damage|p2a: Ditto|194\/296
|
|turn|10
|choice|move 4|switch 4
|
|switch|p2a: Mr. Mime|Mr. Mime, L85|242\/242
|move|p1a: Squirtle|Body Slam|p2a: Mr. Mime
|-damage|p2a: Mr. Mime|178\/242
|
|turn|11
|choice|switch 2|move 4
|
|switch|p1a: Kadabra|Kadabra, L85|242\/242
|move|p2a: Mr. Mime|Thunderbolt|p1a: Kadabra
|-damage|p1a: Kadabra|182\/242
|
|turn|12
|choice|move 4|move 3
|
|move|p1a: Kadabra|Thunder Wave|p2a: Mr. Mime
|-status|p2a: Mr. Mime|par
|move|p2a: Mr. Mime|Thunder Wave|p1a: Kadabra
|-status|p1a: Kadabra|par
|
|turn|13
|choice|move 2|move 2
|
|move|p1a: Kadabra|Seismic Toss|p2a: Mr. Mime
|-damage|p2a: Mr. Mime|93\/242 par
|cant|p2a: Mr. Mime|par
|
|turn|14
|choice|move 1|move 2
|
|cant|p1a: Kadabra|par
|move|p2a: Mr. Mime|Seismic Toss|p1a: Kadabra
|-damage|p1a: Kadabra|97\/242 par
|
|turn|15
|choice|move 1|move 1
|
|move|p1a: Kadabra|Psychic|p2a: Mr. Mime
|-resisted|p2a: Mr. Mime
|-damage|p2a: Mr. Mime|42\/242 par
|cant|p2a: Mr. Mime|par
|
|turn|16
|choice|move 1|move 1
|
|move|p1a: Kadabra|Psychic|p2a: Mr. Mime
|-resisted|p2a: Mr. Mime
|-damage|p2a: Mr. Mime|0 fnt
|faint|p2a: Mr. Mime
|choice||switch 5
|
|switch|p2a: Rapidash|Rapidash, L90|184\/300
|turn|17
|choice|switch 2|move 3
|
|switch|p1a: Squirtle|Squirtle, L96|207\/279
|move|p2a: Rapidash|Body Slam|p1a: Squirtle
|-damage|p1a: Squirtle|130\/279
|-status|p1a: Squirtle|par
|
|turn|18
|choice|move 1|move 3
|
|move|p2a: Rapidash|Body Slam|p1a: Squirtle
|-damage|p1a: Squirtle|58\/279 par
|move|p1a: Squirtle|Surf|p2a: Rapidash
|-supereffective|p2a: Rapidash
|-damage|p2a: Rapidash|14\/300
|
|turn|19
|choice|move 1|move 3
|
|move|p2a: Rapidash|Body Slam|p1a: Squirtle
|-damage|p1a: Squirtle|0 fnt
|faint|p1a: Squirtle
|choice|switch 5|
|
|switch|p1a: Pidgeotto|Pidgeotto, L90|214\/297
|turn|20
|choice|move 1|move 1
|
|move|p2a: Rapidash|Fire Blast|p1a: Pidgeotto
|-damage|p1a: Pidgeotto|49\/297
|move|p1a: Pidgeotto|Double-Edge|p2a: Rapidash
|-damage|p2a: Rapidash|0 fnt
|-damage|p1a: Pidgeotto|46\/297|[from] recoil|[of] p2a: Rapidash
|faint|p2a: Rapidash
|choice||switch 2
|
|switch|p2a: Gyarados|Gyarados, L85|335\/335
|turn|21
|choice|move 1|move 4
|
|move|p2a: Gyarados|Surf|p1a: Pidgeotto
|-damage|p1a: Pidgeotto|0 fnt
|faint|p1a: Pidgeotto
|choice|switch 6|
|
|switch|p1a: Persian|Persian, L79|265\/265
|turn|22
|choice|move 4|switch 4
|
|switch|p2a: Ditto|Ditto, L99|194\/296
|move|p1a: Persian|Thunderbolt|p2a: Ditto
|-crit|p2a: Ditto
|-damage|p2a: Ditto|83\/296
|
|turn|23
|choice|move 1|move 1
|
|move|p1a: Persian|Slash|p2a: Ditto
|-crit|p2a: Ditto
|-damage|p2a: Ditto|0 fnt
|faint|p2a: Ditto
|choice||switch 3
|
|switch|p2a: Machop|Machop, L96|329\/329
|turn|24
|choice|switch 3|move 3
|
|switch|p1a: Hitmonchan|Hitmonchan, L90|273\/273
|move|p2a: Machop|Body Slam|p1a: Hitmonchan
|-damage|p1a: Hitmonchan|205\/273
|-status|p1a: Hitmonchan|par
|
|turn|25
|choice|move 2|switch 6
|
|switch|p2a: Muk|Muk, L90|59\/372
|move|p1a: Hitmonchan|Counter|p2a: Muk
|-damage|p2a: Muk|0 fnt
|faint|p2a: Muk
|choice||switch 4
|
|switch|p2a: Gyarados|Gyarados, L85|335\/335
|turn|26
|choice|move 4|move 4
|
|move|p2a: Gyarados|Surf|p1a: Hitmonchan
|-damage|p1a: Hitmonchan|50\/273 par
|move|p1a: Hitmonchan|Body Slam|p2a: Gyarados
|-damage|p2a: Gyarados|259\/335
|
|turn|27
|choice|move 4|move 4
|
|move|p2a: Gyarados|Surf|p1a: Hitmonchan
|-damage|p1a: Hitmonchan|0 fnt
|faint|p1a: Hitmonchan
|choice|switch 3|
|
|switch|p1a: Persian|Persian, L79|265\/265
|turn|28
|choice|move 1|move 3
|
|move|p1a: Persian|Slash|p2a: Gyarados
|-crit|p2a: Gyarados
|-damage|p2a: Gyarados|152\/335
|move|p2a: Gyarados|Hyper Beam|p1a: Persian
|-damage|p1a: Persian|84\/265
|
|turn|29
|-mustrecharge|p2a: Gyarados
|-mustrecharge|p2a: Gyarados
|choice|move 4|move 1
|
|move|p1a: Persian|Thunderbolt|p2a: Gyarados
|-supereffective|p2a: Gyarados
|-damage|p2a: Gyarados|0 fnt
|faint|p2a: Gyarados
|choice||switch 6
|
|switch|p2a: Machop|Machop, L96|329\/329
|turn|30
|choice|move 1|move 1
|
|move|p1a: Persian|Slash|p2a: Machop
|-crit|p2a: Machop
|-damage|p2a: Machop|212\/329
|move|p2a: Machop|Double-Edge|p1a: Persian
|-damage|p1a: Persian|0 fnt
|-damage|p2a: Machop|191\/329|[from] recoil|[of] p1a: Persian
|faint|p1a: Persian
|choice|switch 2|
|
|switch|p1a: Kadabra|Kadabra, L85|97\/242 par
|turn|31
|choice|move 1|move 1
|
|move|p2a: Machop|Double-Edge|p1a: Kadabra
|-damage|p1a: Kadabra|0 fnt
|-damage|p2a: Machop|167\/329|[from] recoil|[of] p1a: Kadabra
|faint|p1a: Kadabra
|
|win|PickledBeets
|raw|riwu's rating: 1438 &rarr; <strong>1414<\/strong><br \/>(-24 for losing)
|raw|PickledBeets's rating: 1370 &rarr; <strong>1394<\/strong><br \/>(+24 for winning)
|c|★PickledBeets|thank you, that was an exciting game