|join|yaldyyyy
|join|Dervodel
|player|p1|yaldyyyy|101
|player|p2|Dervodel|266
|gametype|singles
|gen|1
|tier|[Gen 1] Random Battle
|rated
|rule|Sleep Clause Mod: Limit one foe put to sleep
|rule|Freeze Clause Mod: Limit one foe frozen
|rule|HP Percentage Mod: HP is shown in percentages
|
|start
|switch|p1a: Starmie|Starmie, L79|257\/257
|switch|p2a: Nidoking|Nidoking, L85|311\/311
|turn|1
|
|switch|p2a: Ditto|Ditto, L99|296\/296
|move|p1a: Starmie|Surf|p2a: Ditto
|-damage|p2a: Ditto|190\/296
|
|turn|2
|
|move|p1a: Starmie|Blizzard|p2a: Ditto
|-damage|p2a: Ditto|95\/296
|move|p2a: Ditto|Transform|p1a: Starmie
|-transform|p2a: Ditto|p1a: Starmie
|
|turn|3
|
|move|p1a: Starmie|Thunderbolt|p2a: Ditto
|-supereffective|p2a: Ditto
|-damage|p2a: Ditto|0 fnt
|faint|p2a: Ditto
|
|switch|p2a: Poliwrath|Poliwrath, L85|327\/327
|turn|4
|
|move|p1a: Starmie|Thunderbolt|p2a: Poliwrath
|-supereffective|p2a: Poliwrath
|-damage|p2a: Poliwrath|199\/327
|move|p2a: Poliwrath|Amnesia|p2a: Poliwrath
|-boost|p2a: Poliwrath|spd|2
|-boost|p2a: Poliwrath|spa|2
|
|turn|5
|
|move|p1a: Starmie|Thunderbolt|p2a: Poliwrath
|-supereffective|p2a: Poliwrath
|-damage|p2a: Poliwrath|124\/327
|move|p2a: Poliwrath|Hypnosis|p1a: Starmie|[miss]
|-miss|p2a: Poliwrath
|
|turn|6
|
|move|p1a: Starmie|Thunderbolt|p2a: Poliwrath
|-supereffective|p2a: Poliwrath
|-damage|p2a: Poliwrath|48\/327
|-status|p2a: Poliwrath|par
|move|p2a: Poliwrath|Hypnosis|p1a: Starmie|[miss]
|-miss|p2a: Poliwrath
|
|turn|7
|
|move|p1a: Starmie|Thunderbolt|p2a: Poliwrath
|-crit|p2a: Poliwrath
|-supereffective|p2a: Poliwrath
|-damage|p2a: Poliwrath|0 fnt
|faint|p2a: Poliwrath
|
|switch|p2a: Nidoking|Nidoking, L85|311\/311
|turn|8
|
|move|p1a: Starmie|Surf|p2a: Nidoking
|-supereffective|p2a: Nidoking
|-damage|p2a: Nidoking|115\/311
|move|p2a: Nidoking|Thunder|p1a: Starmie
|-crit|p1a: Starmie
|-supereffective|p1a: Starmie
|-damage|p1a: Starmie|0 fnt
|faint|p1a: Starmie
|
|switch|p1a: Ivysaur|Ivysaur, L85|276\/276
|turn|9
|
|move|p2a: Nidoking|Blizzard|p1a: Ivysaur
|-supereffective|p1a: Ivysaur
|-damage|p1a: Ivysaur|115\/276
|move|p1a: Ivysaur|Sleep Powder|p2a: Nidoking
|-status|p2a: Nidoking|slp
|
|turn|10
|
|switch|p2a: Flareon|Flareon, L90|300\/300
|switch|p1a: Snorlax|Snorlax, L79|415\/415
|
|turn|11
|
|move|p2a: Flareon|Fire Blast|p1a: Snorlax|[miss]
|-miss|p2a: Flareon
|move|p1a: Snorlax|Body Slam|p2a: Flareon
|-damage|p2a: Flareon|199\/300
|
|turn|12
|
|move|p2a: Flareon|Fire Blast|p1a: Snorlax
|-damage|p1a: Snorlax|215\/415
|-status|p1a: Snorlax|brn
|move|p1a: Snorlax|Body Slam|p2a: Flareon
|-damage|p2a: Flareon|150\/300
|-damage|p1a: Snorlax|190\/415 brn|[from] brn|[of] p2a: Flareon
|
|turn|13
|
|move|p2a: Flareon|Fire Blast|p1a: Snorlax|[miss]
|-miss|p2a: Flareon
|move|p1a: Snorlax|Body Slam|p2a: Flareon
|-damage|p2a: Flareon|100\/300
|-damage|p1a: Snorlax|165\/415 brn|[from] brn|[of] p2a: Flareon
|
|turn|14
|c|★Dervodel|omg
|
|move|p2a: Flareon|Fire Blast|p1a: Snorlax
|-damage|p1a: Snorlax|0 fnt
|faint|p1a: Snorlax
|
|switch|p1a: Golbat|Golbat, L90|318\/318
|turn|15
|c|★Dervodel|tttturnturnturnturn14turn14turn14atacks xD
|
|move|p1a: Golbat|Double-Edge|p2a: Flareon
|-crit|p2a: Flareon
|-damage|p2a: Flareon|0 fnt
|-damage|p1a: Golbat|293\/318|[from] recoil|[of] p2a: Flareon
|faint|p2a: Flareon
|
|switch|p2a: Cloyster|Cloyster, L83|253\/253
|turn|16
|
|move|p1a: Golbat|Mega Drain|p2a: Cloyster
|-supereffective|p2a: Cloyster
|-damage|p2a: Cloyster|191\/253
|-heal|p1a: Golbat|318\/318|[from] drain|[of] p2a: Cloyster
|move|p2a: Cloyster|Ice Beam|p1a: Golbat
|-supereffective|p1a: Golbat
|-damage|p1a: Golbat|129\/318
|
|turn|17
|
|move|p1a: Golbat|Hyper Beam|p2a: Cloyster
|-damage|p2a: Cloyster|125\/253
|move|p2a: Cloyster|Ice Beam|p1a: Golbat
|-crit|p1a: Golbat
|-supereffective|p1a: Golbat
|-damage|p1a: Golbat|0 fnt
|faint|p1a: Golbat
|
|switch|p1a: Ivysaur|Ivysaur, L85|115\/276
|turn|18
|
|move|p2a: Cloyster|Ice Beam|p1a: Ivysaur
|-supereffective|p1a: Ivysaur
|-damage|p1a: Ivysaur|0 fnt
|faint|p1a: Ivysaur
|
|switch|p1a: Charmeleon|Charmeleon, L85|272\/272
|turn|19
|
|move|p1a: Charmeleon|Fire Blast|p2a: Cloyster|[miss]
|-miss|p1a: Charmeleon
|move|p2a: Cloyster|Surf|p1a: Charmeleon
|-supereffective|p1a: Charmeleon
|-damage|p1a: Charmeleon|63\/272
|
|turn|20
|
|move|p1a: Charmeleon|Fire Blast|p2a: Cloyster
|-damage|p2a: Cloyster|10\/253
|move|p2a: Cloyster|Surf|p1a: Charmeleon
|-supereffective|p1a: Charmeleon
|-damage|p1a: Charmeleon|0 fnt
|faint|p1a: Charmeleon
|
|switch|p1a: Growlithe|Growlithe, L96|300\/300
|turn|21
|
|move|p1a: Growlithe|Body Slam|p2a: Cloyster
|-damage|p2a: Cloyster|0 fnt
|faint|p2a: Cloyster
|
|switch|p2a: Nidoking|Nidoking, L85|115\/311 slp
|turn|22
|
|cant|p2a: Nidoking|slp
|move|p1a: Growlithe|Fire Blast|p2a: Nidoking|[miss]
|-miss|p1a: Growlithe
|
|turn|23
|
|-curestatus|p2a: Nidoking|slp
|move|p1a: Growlithe|Mimic|p2a: Nidoking
|-start|p1a: Growlithe|Mimic|Thunderbolt
|
|turn|24
|
|move|p2a: Nidoking|Earthquake|p1a: Growlithe
|-supereffective|p1a: Growlithe
|-damage|p1a: Growlithe|19\/300
|move|p1a: Growlithe|Fire Blast|p2a: Nidoking
|-crit|p2a: Nidoking
|-damage|p2a: Nidoking|0 fnt
|faint|p2a: Nidoking
|
|switch|p2a: Metapod|Metapod, L99|300\/300
|turn|25
|
|move|p1a: Growlithe|Fire Blast|p2a: Metapod|[miss]
|-miss|p1a: Growlithe
|move|p2a: Metapod|Tackle|p1a: Growlithe
|-damage|p1a: Growlithe|0 fnt
|faint|p1a: Growlithe
|
|win|Dervodel
|raw|yaldyyyy's rating: 1183 &rarr; <strong>1168<\/strong><br \/>(-15 for losing)
|raw|Dervodel's rating: 1336 &rarr; <strong>1348<\/strong><br \/>(+12 for winning)
|c|★yaldyyyy|hahaha
|c|★yaldyyyy|metapod clears up
|leave|yaldyyyy
|player|p1
|c|★Dervodel|ahaha