|j|Bartok
|j|logo komeniusz
|player|p1|Bartok|2
|player|p2|logo komeniusz|169
|gametype|singles
|gen|1
|tier|[Gen 1] Random Battle
|rated
|seed|7,9708,54122,56826
|rule|Sleep Clause Mod: Limit one foe put to sleep
|rule|Freeze Clause Mod: Limit one foe frozen
|rule|HP Percentage Mod: HP is shown in percentages
|
|start
|switch|p1a: Persian|Persian, L79|265\/265
|switch|p2a: Caterpie|Caterpie, L99|290\/290
|turn|1
|choice|move 1|move 2
|
|move|p1a: Persian|Slash|p2a: Caterpie
|-crit|p2a: Caterpie
|-damage|p2a: Caterpie|156\/290
|move|p2a: Caterpie|String Shot|p1a: Persian
|-unboost|p1a: Persian|spe|1
|
|turn|2
|choice|move 1|switch 6
|
|switch|p2a: Rhydon|Rhydon, L79|328\/328
|move|p1a: Persian|Slash|p2a: Rhydon
|-crit|p2a: Rhydon
|-resisted|p2a: Rhydon
|-damage|p2a: Rhydon|281\/328
|
|turn|3
|choice|move 2|move 2
|
|move|p1a: Persian|Bubble Beam|p2a: Rhydon
|-supereffective|p2a: Rhydon
|-damage|p2a: Rhydon|89\/328
|move|p2a: Rhydon|Earthquake|p1a: Persian
|-damage|p1a: Persian|126\/265
|
|turn|4
|choice|move 2|switch 4
|
|switch|p2a: Persian|Persian, L79|265\/265
|move|p1a: Persian|Bubble Beam|p2a: Persian
|-damage|p2a: Persian|225\/265
|
|turn|5
|choice|move 4|move 4
|
|move|p2a: Persian|Hyper Beam|p1a: Persian
|-damage|p1a: Persian|0 fnt
|faint|p1a: Persian
|choice|switch 3|
|
|switch|p1a: Hitmonlee|Hitmonlee, L90|273\/273
|turn|6
|choice|move 2|switch 3
|
|switch|p2a: Exeggutor|Exeggutor, L79|312\/312
|move|p1a: Hitmonlee|Seismic Toss|p2a: Exeggutor
|-damage|p2a: Exeggutor|222\/312
|
|turn|7
|choice|switch 5|move 4
|
|switch|p1a: Flareon|Flareon, L90|300\/300
|move|p2a: Exeggutor|Mega Drain|p1a: Flareon
|-resisted|p1a: Flareon
|-damage|p1a: Flareon|282\/300
|-heal|p2a: Exeggutor|231\/312|[from] drain|[of] p1a: Flareon
|
|turn|8
|choice|move 3|switch 3
|
|switch|p2a: Persian|Persian, L79|225\/265
|move|p1a: Flareon|Fire Blast|p2a: Persian
|-damage|p2a: Persian|17\/265
|
|turn|9
|choice|move 2|move 2
|
|move|p1a: Flareon|Quick Attack|p2a: Persian
|-damage|p2a: Persian|0 fnt
|faint|p2a: Persian
|choice||switch 5
|
|switch|p2a: Chansey|Chansey, L79|557\/557
|turn|10
|choice|move 3|move 2
|
|move|p1a: Flareon|Fire Blast|p2a: Chansey
|-crit|p2a: Chansey
|-damage|p2a: Chansey|274\/557
|move|p2a: Chansey|Reflect|p2a: Chansey
|-start|p2a: Chansey|Reflect
|
|turn|11
|choice|move 4|move 1
|
|move|p1a: Flareon|Body Slam|p2a: Chansey
|-damage|p2a: Chansey|153\/557
|move|p2a: Chansey|Soft-Boiled|p2a: Chansey
|-heal|p2a: Chansey|431\/557
|
|turn|12
|choice|move 4|move 1
|
|move|p1a: Flareon|Body Slam|p2a: Chansey
|-damage|p2a: Chansey|317\/557
|move|p2a: Chansey|Soft-Boiled|p2a: Chansey
|-heal|p2a: Chansey|557\/557
|
|turn|13
|choice|move 3|move 3
|
|move|p1a: Flareon|Fire Blast|p2a: Chansey
|-damage|p2a: Chansey|396\/557
|-status|p2a: Chansey|brn
|move|p2a: Chansey|Thunderbolt|p1a: Flareon
|-damage|p1a: Flareon|227\/300
|-damage|p2a: Chansey|362\/557 brn|[from] brn|[of] p1a: Flareon
|
|turn|14
|choice|move 3|move 3
|
|move|p1a: Flareon|Fire Blast|p2a: Chansey
|-damage|p2a: Chansey|223\/557 brn
|move|p2a: Chansey|Thunderbolt|p1a: Flareon
|-damage|p1a: Flareon|180\/300
|-damage|p2a: Chansey|189\/557 brn|[from] brn|[of] p1a: Flareon
|
|turn|15
|choice|move 3|move 1
|
|move|p1a: Flareon|Fire Blast|p2a: Chansey
|-damage|p2a: Chansey|52\/557 brn
|move|p2a: Chansey|Soft-Boiled|p2a: Chansey
|-heal|p2a: Chansey|330\/557 brn
|-damage|p2a: Chansey|296\/557 brn|[from] brn
|
|turn|16
|choice|move 3|move 1
|
|move|p1a: Flareon|Fire Blast|p2a: Chansey
|-damage|p2a: Chansey|136\/557 brn
|move|p2a: Chansey|Soft-Boiled|p2a: Chansey
|-heal|p2a: Chansey|414\/557 brn
|-damage|p2a: Chansey|380\/557 brn|[from] brn
|
|turn|17
|choice|move 3|move 1
|
|move|p1a: Flareon|Fire Blast|p2a: Chansey
|-damage|p2a: Chansey|224\/557 brn
|move|p2a: Chansey|Soft-Boiled|p2a: Chansey
|-heal|p2a: Chansey|502\/557 brn
|-damage|p2a: Chansey|468\/557 brn|[from] brn
|
|turn|18
|choice|move 3|move 3
|
|move|p1a: Flareon|Fire Blast|p2a: Chansey
|-damage|p2a: Chansey|331\/557 brn
|move|p2a: Chansey|Thunderbolt|p1a: Flareon
|-damage|p1a: Flareon|125\/300
|-damage|p2a: Chansey|297\/557 brn|[from] brn|[of] p1a: Flareon
|
|turn|19
|choice|move 1|move 1
|
|move|p1a: Flareon|Hyper Beam|p2a: Chansey
|-damage|p2a: Chansey|94\/557 brn
|move|p2a: Chansey|Soft-Boiled|p2a: Chansey
|-heal|p2a: Chansey|372\/557 brn
|-damage|p2a: Chansey|338\/557 brn|[from] brn
|
|turn|20
|-mustrecharge|p1a: Flareon
|-mustrecharge|p1a: Flareon
|choice|move 1|move 1
|
|cant|p1a: Flareon|recharge
|move|p2a: Chansey|Soft-Boiled|p2a: Chansey
|-heal|p2a: Chansey|557\/557 brn
|-damage|p2a: Chansey|523\/557 brn|[from] brn
|
|turn|21
|choice|move 4|move 3
|
|move|p1a: Flareon|Body Slam|p2a: Chansey
|-damage|p2a: Chansey|406\/557 brn
|move|p2a: Chansey|Thunderbolt|p1a: Flareon
|-damage|p1a: Flareon|72\/300
|-damage|p2a: Chansey|372\/557 brn|[from] brn|[of] p1a: Flareon
|
|turn|22
|choice|move 4|move 1
|
|move|p1a: Flareon|Body Slam|p2a: Chansey
|-damage|p2a: Chansey|256\/557 brn
|move|p2a: Chansey|Soft-Boiled|p2a: Chansey
|-heal|p2a: Chansey|534\/557 brn
|-damage|p2a: Chansey|500\/557 brn|[from] brn
|
|turn|23
|choice|move 4|move 3
|
|move|p1a: Flareon|Body Slam|p2a: Chansey
|-damage|p2a: Chansey|395\/557 brn
|move|p2a: Chansey|Thunderbolt|p1a: Flareon
|-damage|p1a: Flareon|17\/300
|-damage|p2a: Chansey|361\/557 brn|[from] brn|[of] p1a: Flareon
|
|turn|24
|choice|switch 5|move 1
|
|switch|p1a: Hitmonlee|Hitmonlee, L90|273\/273
|move|p2a: Chansey|Soft-Boiled|p2a: Chansey
|-heal|p2a: Chansey|557\/557 brn
|-damage|p2a: Chansey|523\/557 brn|[from] brn
|
|turn|25
|choice|move 1|move 2
|
|move|p1a: Hitmonlee|Substitute|p1a: Hitmonlee
|-start|p1a: Hitmonlee|Substitute
|-damage|p1a: Hitmonlee|205\/273
|move|p2a: Chansey|Reflect|p2a: Chansey
|-fail|p2a: Chansey
|-damage|p2a: Chansey|489\/557 brn|[from] brn
|
|turn|26
|choice|move 3|move 4
|
|move|p1a: Hitmonlee|Mimic|p2a: Chansey
|-start|p1a: Hitmonlee|Mimic|Ice Beam
|move|p2a: Chansey|Ice Beam|p1a: Hitmonlee
|-end|p1a: Hitmonlee|Substitute
|-damage|p2a: Chansey|455\/557 brn|[from] brn|[of] p1a: Hitmonlee
|
|turn|27
|choice|move 4|move 3
|
|move|p1a: Hitmonlee|Body Slam|p2a: Chansey
|-damage|p2a: Chansey|350\/557 brn
|move|p2a: Chansey|Thunderbolt|p1a: Hitmonlee
|-crit|p1a: Hitmonlee
|-damage|p1a: Hitmonlee|9\/273
|-damage|p2a: Chansey|316\/557 brn|[from] brn|[of] p1a: Hitmonlee
|
|turn|28
|choice|move 2|move 1
|
|move|p1a: Hitmonlee|Seismic Toss|p2a: Chansey
|-damage|p2a: Chansey|226\/557 brn
|move|p2a: Chansey|Soft-Boiled|p2a: Chansey
|-heal|p2a: Chansey|504\/557 brn
|-damage|p2a: Chansey|470\/557 brn|[from] brn
|
|turn|29
|choice|move 2|move 3
|
|move|p1a: Hitmonlee|Seismic Toss|p2a: Chansey
|-damage|p2a: Chansey|380\/557 brn
|move|p2a: Chansey|Thunderbolt|p1a: Hitmonlee
|-damage|p1a: Hitmonlee|0 fnt
|faint|p1a: Hitmonlee
|choice|switch 4|
|
|switch|p1a: Tauros|Tauros, L79|280\/280
|turn|30
|choice|move 4|move 1
|
|move|p1a: Tauros|Body Slam|p2a: Chansey
|-damage|p2a: Chansey|266\/557 brn
|move|p2a: Chansey|Soft-Boiled|p2a: Chansey
|-heal|p2a: Chansey|544\/557 brn
|-damage|p2a: Chansey|510\/557 brn|[from] brn
|
|turn|31
|choice|move 2|move 3
|
|move|p1a: Tauros|Hyper Beam|p2a: Chansey
|-crit|p2a: Chansey
|-damage|p2a: Chansey|0 fnt
|faint|p2a: Chansey
|c|★logo komeniusz|nice
|choice||switch 6
|
|switch|p2a: Caterpie|Caterpie, L99|156\/290
|turn|32
|choice|move 4|move 2
|
|move|p1a: Tauros|Body Slam|p2a: Caterpie
|-damage|p2a: Caterpie|39\/290
|move|p2a: Caterpie|String Shot|p1a: Tauros
|-unboost|p1a: Tauros|spe|1
|
|turn|33
|choice|move 4|move 2
|
|move|p2a: Caterpie|String Shot|p1a: Tauros
|-unboost|p1a: Tauros|spe|1
|move|p1a: Tauros|Body Slam|p2a: Caterpie
|-crit|p2a: Caterpie
|-damage|p2a: Caterpie|0 fnt
|faint|p2a: Caterpie
|choice||switch 2
|
|switch|p2a: Articuno|Articuno, L79|304\/304
|turn|34
|choice|move 4|move 2
|
|move|p2a: Articuno|Reflect|p2a: Articuno
|-start|p2a: Articuno|Reflect
|move|p1a: Tauros|Body Slam|p2a: Articuno
|-damage|p2a: Articuno|263\/304
|
|turn|35
|choice|move 2|move 1
|
|move|p2a: Articuno|Blizzard|p1a: Tauros
|-damage|p1a: Tauros|132\/280
|move|p1a: Tauros|Hyper Beam|p2a: Articuno
|-damage|p2a: Articuno|198\/304
|
|turn|36
|-mustrecharge|p1a: Tauros
|-mustrecharge|p1a: Tauros
|choice|move 1|move 1
|
|move|p2a: Articuno|Blizzard|p1a: Tauros
|-damage|p1a: Tauros|0 fnt
|faint|p1a: Tauros
|choice|switch 5|
|
|switch|p1a: Flareon|Flareon, L90|17\/300
|turn|37
|-message|Bartok forfeited.
|
|win|logo komeniusz
|player|p1
|player|p2
|l|Bartok
|raw|Bartok's rating: 1326 &rarr; <strong>1299<\/strong><br \/>(-27 for losing)
|raw|logo komeniusz's rating: 1190 &rarr; <strong>1224<\/strong><br \/>(+34 for winning)
|c|★logo komeniusz|gg