|j|Elite4Birm
|j|DerpKing
|player|p1|Elite4Birm|10
|player|p2|DerpKing|35
|gametype|singles
|gen|1
|tier|[Gen 1] OU
|rated
|seed|
|rule|Sleep Clause Mod: Limit one foe put to sleep
|rule|Freeze Clause Mod: Limit one foe frozen
|rule|Species Clause: Limit one of each Pokémon
|rule|OHKO Clause: OHKO moves are banned
|rule|Evasion Moves Clause: Evasion moves are banned
|rule|HP Percentage Mod: HP is shown in percentages
|
|start
|switch|p1a: Big Brother|Slowbro|100\/100
|switch|p2a: Trogdor|Charizard|100\/100
|turn|1
|choice||
|
|move|p2a: Trogdor|Swords Dance|p2a: Trogdor
|-boost|p2a: Trogdor|atk|2
|move|p1a: Big Brother|Amnesia|p1a: Big Brother
|-boost|p1a: Big Brother|spd|2
|-boost|p1a: Big Brother|spa|2
|
|turn|2
|choice||
|
|move|p2a: Trogdor|Body Slam|p1a: Big Brother
|-crit|p1a: Big Brother
|-damage|p1a: Big Brother|74\/100
|move|p1a: Big Brother|Surf|p2a: Trogdor
|-supereffective|p2a: Trogdor
|-damage|p2a: Trogdor|0 fnt
|faint|p2a: Trogdor
|choice||
|
|switch|p2a: Stupidly fat blob|Chansey|100\/100
|turn|3
|choice||
|
|move|p2a: Stupidly fat blob|Thunder Wave|p1a: Big Brother
|-status|p1a: Big Brother|par
|move|p1a: Big Brother|Surf|p2a: Stupidly fat blob
|-damage|p2a: Stupidly fat blob|75\/100
|
|turn|4
|choice||
|
|move|p2a: Stupidly fat blob|Thunderbolt|p1a: Big Brother
|-supereffective|p1a: Big Brother
|-damage|p1a: Big Brother|53\/100 par
|move|p1a: Big Brother|Amnesia|p1a: Big Brother
|-boost|p1a: Big Brother|spd|2
|-boost|p1a: Big Brother|spa|2
|
|turn|5
|choice||
|
|move|p2a: Stupidly fat blob|Thunderbolt|p1a: Big Brother
|-crit|p1a: Big Brother
|-supereffective|p1a: Big Brother
|-damage|p1a: Big Brother|0 fnt
|faint|p1a: Big Brother
|choice||
|
|switch|p1a: Ox King|Tauros|100\/100
|turn|6
|choice||
|
|move|p1a: Ox King|Body Slam|p2a: Stupidly fat blob
|-damage|p2a: Stupidly fat blob|38\/100
|move|p2a: Stupidly fat blob|Counter|p1a: Ox King
|-damage|p1a: Ox King|0 fnt
|faint|p1a: Ox King
|choice||
|
|switch|p1a: Thug Trio|Dugtrio|100\/100
|turn|7
|choice||
|
|move|p1a: Thug Trio|Earthquake|p2a: Stupidly fat blob
|-damage|p2a: Stupidly fat blob|0 fnt
|faint|p2a: Stupidly fat blob
|choice||
|
|switch|p2a: Lumplestiltskin|Snorlax|100\/100
|turn|8
|choice||
|
|move|p1a: Thug Trio|Earthquake|p2a: Lumplestiltskin
|-damage|p2a: Lumplestiltskin|74\/100
|move|p2a: Lumplestiltskin|Amnesia|p2a: Lumplestiltskin
|-boost|p2a: Lumplestiltskin|spd|2
|-boost|p2a: Lumplestiltskin|spa|2
|
|turn|9
|choice||
|
|move|p1a: Thug Trio|Earthquake|p2a: Lumplestiltskin
|-damage|p2a: Lumplestiltskin|49\/100
|move|p2a: Lumplestiltskin|Reflect|p2a: Lumplestiltskin
|-start|p2a: Lumplestiltskin|Reflect
|
|turn|10
|choice||
|
|move|p1a: Thug Trio|Earthquake|p2a: Lumplestiltskin
|-damage|p2a: Lumplestiltskin|36\/100
|move|p2a: Lumplestiltskin|Rest|p2a: Lumplestiltskin
|-status|p2a: Lumplestiltskin|slp
|-heal|p2a: Lumplestiltskin|100\/100 slp|[silent]
|-status|p2a: Lumplestiltskin|slp|[from] move: Rest
|
|turn|11
|choice||
|
|move|p1a: Thug Trio|Sand Attack|p2a: Lumplestiltskin
|-unboost|p2a: Lumplestiltskin|accuracy|1
|cant|p2a: Lumplestiltskin|slp
|
|turn|12
|choice||
|
|move|p1a: Thug Trio|Sand Attack|p2a: Lumplestiltskin
|-unboost|p2a: Lumplestiltskin|accuracy|1
|-curestatus|p2a: Lumplestiltskin|slp
|
|turn|13
|choice||
|
|move|p1a: Thug Trio|Sand Attack|p2a: Lumplestiltskin
|-unboost|p2a: Lumplestiltskin|accuracy|1
|move|p2a: Lumplestiltskin|Psychic|p1a: Thug Trio|[miss]
|-miss|p2a: Lumplestiltskin
|
|turn|14
|choice||
|
|move|p1a: Thug Trio|Sand Attack|p2a: Lumplestiltskin
|-unboost|p2a: Lumplestiltskin|accuracy|1
|move|p2a: Lumplestiltskin|Psychic|p1a: Thug Trio
|-damage|p1a: Thug Trio|54\/100
|-unboost|p1a: Thug Trio|spd|1
|-unboost|p1a: Thug Trio|spa|1
|
|turn|15
|choice||
|
|switch|p1a: Sexplosion|Exeggutor|100\/100
|move|p2a: Lumplestiltskin|Psychic|p1a: Sexplosion
|-resisted|p1a: Sexplosion
|-damage|p1a: Sexplosion|89\/100
|-unboost|p1a: Sexplosion|spd|1
|-unboost|p1a: Sexplosion|spa|1
|
|turn|16
|choice||
|
|switch|p2a: Burd|Articuno|100\/100
|move|p1a: Sexplosion|Sleep Powder|p2a: Burd|[miss]
|-miss|p1a: Sexplosion
|
|turn|17
|choice||
|
|move|p2a: Burd|Blizzard|p1a: Sexplosion
|-supereffective|p1a: Sexplosion
|-damage|p1a: Sexplosion|0 fnt
|faint|p1a: Sexplosion
|choice||
|
|switch|p1a: Zap Toast|Zapdos|100\/100
|turn|18
|choice||
|
|move|p1a: Zap Toast|Thunderbolt|p2a: Burd|[miss]
|-miss|p1a: Zap Toast
|move|p2a: Burd|Blizzard|p1a: Zap Toast
|-supereffective|p1a: Zap Toast
|-damage|p1a: Zap Toast|25\/100
|
|turn|19
|c|★DerpKing|thunderbolt can miss?
|choice||
|
|move|p1a: Zap Toast|Thunderbolt|p2a: Burd
|-supereffective|p2a: Burd
|-damage|p2a: Burd|44\/100
|-status|p2a: Burd|par
|move|p2a: Burd|Hyper Beam|p1a: Zap Toast
|-crit|p1a: Zap Toast
|-damage|p1a: Zap Toast|0 fnt
|faint|p1a: Zap Toast
|choice||
|
|switch|p1a: Thug Trio|Dugtrio|54\/100
|turn|20
|choice||
|
|move|p1a: Thug Trio|Rock Slide|p2a: Burd
|-supereffective|p2a: Burd
|-damage|p2a: Burd|0 fnt
|faint|p2a: Burd
|choice||
|
|switch|p2a: Bud The Wiser|Slowbro|100\/100
|turn|21
|choice||
|
|move|p1a: Thug Trio|Earthquake|p2a: Bud The Wiser
|-crit|p2a: Bud The Wiser
|-damage|p2a: Bud The Wiser|53\/100
|move|p2a: Bud The Wiser|Surf|p1a: Thug Trio
|-supereffective|p1a: Thug Trio
|-damage|p1a: Thug Trio|0 fnt
|faint|p1a: Thug Trio
|choice||
|
|switch|p1a: Scary Spice|Jynx|100\/100
|turn|22
|choice||
|
|move|p1a: Scary Spice|Lovely Kiss|p2a: Bud The Wiser
|-status|p2a: Bud The Wiser|slp
|-curestatus|p2a: Bud The Wiser|slp
|
|turn|23
|choice||
|
|move|p1a: Scary Spice|Lovely Kiss|p2a: Bud The Wiser
|-status|p2a: Bud The Wiser|slp
|-curestatus|p2a: Bud The Wiser|slp
|
|turn|24
|choice||
|
|move|p1a: Scary Spice|Lovely Kiss|p2a: Bud The Wiser
|-status|p2a: Bud The Wiser|slp
|cant|p2a: Bud The Wiser|slp
|
|turn|25
|choice||
|
|switch|p2a: Lumplestiltskin|Snorlax|100\/100
|move|p1a: Scary Spice|Ice Beam|p2a: Lumplestiltskin
|-crit|p2a: Lumplestiltskin
|-damage|p2a: Lumplestiltskin|49\/100
|
|turn|26
|choice||
|
|move|p1a: Scary Spice|Ice Beam|p2a: Lumplestiltskin
|-damage|p2a: Lumplestiltskin|21\/100
|move|p2a: Lumplestiltskin|Psychic|p1a: Scary Spice
|-resisted|p1a: Scary Spice
|-damage|p1a: Scary Spice|92\/100
|
|turn|27
|choice||
|
|move|p1a: Scary Spice|Ice Beam|p2a: Lumplestiltskin
|-damage|p2a: Lumplestiltskin|0 fnt
|faint|p2a: Lumplestiltskin
|choice||
|
|switch|p2a: Spoony Bard|Alakazam|100\/100
|turn|28
|choice||
|
|move|p2a: Spoony Bard|Substitute|p2a: Spoony Bard
|-start|p2a: Spoony Bard|Substitute
|-damage|p2a: Spoony Bard|76\/100
|move|p1a: Scary Spice|Ice Beam|p2a: Spoony Bard
|-end|p2a: Spoony Bard|Substitute
|
|turn|29
|choice||
|
|move|p2a: Spoony Bard|Thunder Wave|p1a: Scary Spice
|-status|p1a: Scary Spice|par
|move|p1a: Scary Spice|Ice Beam|p2a: Spoony Bard
|-crit|p2a: Spoony Bard
|-damage|p2a: Spoony Bard|23\/100
|
|turn|30
|choice||
|
|move|p2a: Spoony Bard|Recover|p2a: Spoony Bard
|-heal|p2a: Spoony Bard|73\/100
|cant|p1a: Scary Spice|par
|
|turn|31
|choice||
|
|move|p2a: Spoony Bard|Recover|p2a: Spoony Bard
|-heal|p2a: Spoony Bard|100\/100
|cant|p1a: Scary Spice|par
|
|turn|32
|choice||
|
|move|p2a: Spoony Bard|Psychic|p1a: Scary Spice
|-resisted|p1a: Scary Spice
|-damage|p1a: Scary Spice|71\/100 par
|move|p1a: Scary Spice|Ice Beam|p2a: Spoony Bard
|-damage|p2a: Spoony Bard|74\/100
|-status|p2a: Spoony Bard|frz
|
|turn|33
|choice||
|
|cant|p2a: Spoony Bard|frz
|move|p1a: Scary Spice|Ice Beam|p2a: Spoony Bard
|-damage|p2a: Spoony Bard|46\/100 frz
|
|turn|34
|choice||
|
|cant|p2a: Spoony Bard|frz
|cant|p1a: Scary Spice|par
|
|turn|35
|choice||
|
|cant|p2a: Spoony Bard|frz
|move|p1a: Scary Spice|Ice Beam|p2a: Spoony Bard
|-damage|p2a: Spoony Bard|17\/100 frz
|
|turn|36
|choice||
|
|cant|p2a: Spoony Bard|frz
|cant|p1a: Scary Spice|par
|
|turn|37
|choice||
|
|cant|p2a: Spoony Bard|frz
|move|p1a: Scary Spice|Ice Beam|p2a: Spoony Bard
|-damage|p2a: Spoony Bard|0 fnt
|faint|p2a: Spoony Bard
|choice||
|
|switch|p2a: Bud The Wiser|Slowbro|53\/100 slp
|turn|38
|c|★Elite4Birm|you can't unfreeze in gen 1 unless hit by fire move
|choice||
|
|cant|p2a: Bud The Wiser|slp
|cant|p1a: Scary Spice|par
|
|turn|39
|c|★DerpKing|yeah I know
|choice||
|
|-curestatus|p2a: Bud The Wiser|slp
|move|p1a: Scary Spice|Ice Beam|p2a: Bud The Wiser
|-resisted|p2a: Bud The Wiser
|-damage|p2a: Bud The Wiser|37\/100
|
|turn|40
|choice||
|
|move|p2a: Bud The Wiser|Fire Blast|p1a: Scary Spice
|-supereffective|p1a: Scary Spice
|-damage|p1a: Scary Spice|20\/100 par
|move|p1a: Scary Spice|Lovely Kiss|p2a: Bud The Wiser|[miss]
|-miss|p1a: Scary Spice
|
|turn|41
|c|★Elite4Birm|good game
|choice||
|
|move|p2a: Bud The Wiser|Fire Blast|p1a: Scary Spice
|-supereffective|p1a: Scary Spice
|-damage|p1a: Scary Spice|0 fnt
|faint|p1a: Scary Spice
|
|win|DerpKing
|player|p1
|player|p2
|c|★Elite4Birm|shocked you have fire place
|raw|Elite4Birm's rating: 1268 &rarr; <strong>1227<\/strong><br \/>(-41 for losing)
|raw|DerpKing's rating: 1000 &rarr; <strong>1066<\/strong><br \/>(+66 for winning)
|c|★DerpKing|gg
|l|Elite4Birm