|join|Squadra di golbat
|join|SophieStar
|player|p1|Squadra di golbat|169
|player|p2|SophieStar|159
|gametype|singles
|gen|1
|tier|[Gen 1] Random Battle
|rated
|rule|Sleep Clause Mod: Limit one foe put to sleep
|rule|Freeze Clause Mod: Limit one foe frozen
|rule|HP Percentage Mod: HP is shown in percentages
|
|start
|switch|p1a: Kabuto|Kabuto, L96|252\/252
|switch|p2a: Wigglytuff|Wigglytuff, L90|435\/435
|turn|1
|
|switch|p2a: Gloom|Gloom, L90|291\/291
|move|p1a: Kabuto|Toxic|p2a: Gloom|[miss]
|-miss|p1a: Kabuto
|
|turn|2
|
|move|p1a: Kabuto|Slash|p2a: Gloom
|-damage|p2a: Gloom|230\/291
|move|p2a: Gloom|Swords Dance|p2a: Gloom
|-boost|p2a: Gloom|atk|2
|
|turn|3
|
|move|p1a: Kabuto|Slash|p2a: Gloom
|-crit|p2a: Gloom
|-damage|p2a: Gloom|107\/291
|move|p2a: Gloom|Swords Dance|p2a: Gloom
|-boost|p2a: Gloom|atk|2
|
|turn|4
|
|move|p1a: Kabuto|Body Slam|p2a: Gloom
|-damage|p2a: Gloom|36\/291
|-status|p2a: Gloom|par
|move|p2a: Gloom|Mega Drain|p1a: Kabuto
|-supereffective|p1a: Kabuto
|-damage|p1a: Kabuto|17\/252
|-heal|p2a: Gloom|153\/291 par|[from] drain|[of] p1a: Kabuto
|
|turn|5
|
|move|p1a: Kabuto|Slash|p2a: Gloom
|-crit|p2a: Gloom
|-damage|p2a: Gloom|30\/291 par
|move|p2a: Gloom|Mega Drain|p1a: Kabuto
|-supereffective|p1a: Kabuto
|-damage|p1a: Kabuto|0 fnt
|-heal|p2a: Gloom|38\/291 par|[from] drain|[of] p1a: Kabuto
|faint|p1a: Kabuto
|
|switch|p1a: Metapod|Metapod, L99|300\/300
|turn|6
|
|move|p1a: Metapod|Tackle|p2a: Gloom
|-damage|p2a: Gloom|20\/291 par
|move|p2a: Gloom|Double-Edge|p1a: Metapod
|-damage|p1a: Metapod|71\/300
|-damage|p2a: Gloom|0 fnt|[from] recoil|[of] p1a: Metapod
|faint|p2a: Gloom
|
|switch|p2a: Spearow|Spearow, L96|272\/272
|turn|7
|
|move|p2a: Spearow|Drill Peck|p1a: Metapod
|-crit|p1a: Metapod
|-supereffective|p1a: Metapod
|-damage|p1a: Metapod|0 fnt
|faint|p1a: Metapod
|
|switch|p1a: Weezing|Weezing, L90|300\/300
|turn|8
|
|move|p2a: Spearow|Drill Peck|p1a: Weezing
|-damage|p1a: Weezing|241\/300
|move|p1a: Weezing|Thunderbolt|p2a: Spearow
|-supereffective|p2a: Spearow
|-damage|p2a: Spearow|70\/272
|
|turn|9
|
|move|p2a: Spearow|Double-Edge|p1a: Weezing
|-damage|p1a: Weezing|161\/300
|-damage|p2a: Spearow|50\/272|[from] recoil|[of] p1a: Weezing
|move|p1a: Weezing|Thunderbolt|p2a: Spearow
|-supereffective|p2a: Spearow
|-damage|p2a: Spearow|0 fnt
|faint|p2a: Spearow
|
|switch|p2a: Haunter|Haunter, L85|250\/250
|turn|10
|
|move|p2a: Haunter|Psychic|p1a: Weezing
|-supereffective|p1a: Weezing
|-damage|p1a: Weezing|23\/300
|move|p1a: Weezing|Explosion|p2a: Haunter
|-immune|p2a: Haunter|[msg]
|faint|p1a: Weezing
|
|switch|p1a: Kadabra|Kadabra, L85|242\/242
|turn|11
|
|switch|p2a: Jynx|Jynx, L79|265\/265
|move|p1a: Kadabra|Psychic|p2a: Jynx
|-crit|p2a: Jynx
|-resisted|p2a: Jynx
|-damage|p2a: Jynx|161\/265
|-unboost|p2a: Jynx|spd|1
|-unboost|p2a: Jynx|spa|1
|
|turn|12
|
|move|p1a: Kadabra|Seismic Toss|p2a: Jynx
|-damage|p2a: Jynx|76\/265
|move|p2a: Jynx|Lovely Kiss|p1a: Kadabra
|-status|p1a: Kadabra|slp
|
|turn|13
|
|cant|p1a: Kadabra|slp
|move|p2a: Jynx|Blizzard|p1a: Kadabra
|-damage|p1a: Kadabra|181\/242 slp
|
|turn|14
|
|cant|p1a: Kadabra|slp
|move|p2a: Jynx|Blizzard|p1a: Kadabra
|-damage|p1a: Kadabra|128\/242 slp
|
|turn|15
|
|switch|p2a: Wigglytuff|Wigglytuff, L90|435\/435
|-curestatus|p1a: Kadabra|slp
|
|turn|16
|
|move|p1a: Kadabra|Psychic|p2a: Wigglytuff
|-damage|p2a: Wigglytuff|277\/435
|move|p2a: Wigglytuff|Double-Edge|p1a: Kadabra
|-damage|p1a: Kadabra|0 fnt
|-damage|p2a: Wigglytuff|245\/435|[from] recoil|[of] p1a: Kadabra
|faint|p1a: Kadabra
|
|switch|p1a: Hitmonchan|Hitmonchan, L90|273\/273
|turn|17
|
|switch|p2a: Haunter|Haunter, L85|250\/250
|move|p1a: Hitmonchan|Submission|p2a: Haunter
|-immune|p2a: Haunter|[msg]
|
|turn|18
|
|move|p2a: Haunter|Psychic|p1a: Hitmonchan
|-crit|p1a: Hitmonchan
|-supereffective|p1a: Hitmonchan
|-damage|p1a: Hitmonchan|0 fnt
|faint|p1a: Hitmonchan
|
|switch|p1a: Horsea|Horsea, L96|252\/252
|turn|19
|
|move|p2a: Haunter|Psychic|p1a: Horsea
|-damage|p1a: Horsea|180\/252
|-unboost|p1a: Horsea|spd|1
|-unboost|p1a: Horsea|spa|1
|move|p1a: Horsea|Hydro Pump|p2a: Haunter
|-damage|p2a: Haunter|175\/250
|
|turn|20
|
|move|p2a: Haunter|Psychic|p1a: Horsea
|-damage|p1a: Horsea|71\/252
|-unboost|p1a: Horsea|spd|1
|-unboost|p1a: Horsea|spa|1
|move|p1a: Horsea|Hydro Pump|p2a: Haunter
|-damage|p2a: Haunter|121\/250
|
|turn|21
|
|move|p2a: Haunter|Psychic|p1a: Horsea
|-crit|p1a: Horsea
|-damage|p1a: Horsea|0 fnt
|faint|p1a: Horsea
|
|win|SophieStar
|raw|Squadra di golbat's rating: 1114 &rarr; <strong>1091<\/strong><br \/>(-23 for losing)
|raw|SophieStar's rating: 1133 &rarr; <strong>1157<\/strong><br \/>(+24 for winning)
|c|★SophieStar|gg :)