|j|dfhsdioa
|j|Vector04
|player|p1|dfhsdioa|169
|player|p2|Vector04|101
|gametype|singles
|gen|1
|tier|[Gen 1] Random Battle
|rated
|seed|6479,33772,15966,42159
|rule|Sleep Clause Mod: Limit one foe put to sleep
|rule|Freeze Clause Mod: Limit one foe frozen
|rule|HP Percentage Mod: HP is shown in percentages
|
|start
|switch|p1a: Mewtwo|Mewtwo, L68|285\/285
|switch|p2a: Jynx|Jynx, L79|265\/265
|turn|1
|choice|move 4|move 2
|
|move|p1a: Mewtwo|Amnesia|p1a: Mewtwo
|-boost|p1a: Mewtwo|spd|2
|-boost|p1a: Mewtwo|spa|2
|move|p2a: Jynx|Lovely Kiss|p1a: Mewtwo
|-status|p1a: Mewtwo|slp
|
|turn|2
|choice|move 2|move 3
|
|-curestatus|p1a: Mewtwo|slp
|move|p2a: Jynx|Mimic|p1a: Mewtwo
|-start|p2a: Jynx|Mimic|Amnesia
|
|turn|3
|choice|move 2|move 2
|
|move|p1a: Mewtwo|Barrier|p1a: Mewtwo
|-boost|p1a: Mewtwo|def|2
|move|p2a: Jynx|Lovely Kiss|p1a: Mewtwo|[miss]
|-miss|p2a: Jynx
|
|turn|4
|choice|move 1|move 2
|
|move|p1a: Mewtwo|Psychic|p2a: Jynx
|-crit|p2a: Jynx
|-resisted|p2a: Jynx
|-damage|p2a: Jynx|179\/265
|move|p2a: Jynx|Lovely Kiss|p1a: Mewtwo
|-status|p1a: Mewtwo|slp
|
|turn|5
|choice|move 1|move 3
|
|-curestatus|p1a: Mewtwo|slp
|move|p2a: Jynx|Amnesia|p2a: Jynx
|-boost|p2a: Jynx|spd|2
|-boost|p2a: Jynx|spa|2
|
|turn|6
|choice|move 1|move 2
|
|move|p1a: Mewtwo|Psychic|p2a: Jynx
|-crit|p2a: Jynx
|-resisted|p2a: Jynx
|-damage|p2a: Jynx|94\/265
|-unboost|p2a: Jynx|spd|1
|-unboost|p2a: Jynx|spa|1
|move|p2a: Jynx|Lovely Kiss|p1a: Mewtwo|[miss]
|-miss|p2a: Jynx
|
|turn|7
|choice|move 1|move 2
|
|move|p1a: Mewtwo|Psychic|p2a: Jynx
|-resisted|p2a: Jynx
|-damage|p2a: Jynx|32\/265
|move|p2a: Jynx|Lovely Kiss|p1a: Mewtwo|[miss]
|-miss|p2a: Jynx
|
|turn|8
|choice|move 1|move 1
|
|move|p1a: Mewtwo|Psychic|p2a: Jynx
|-resisted|p2a: Jynx
|-damage|p2a: Jynx|0 fnt
|faint|p2a: Jynx
|choice||switch 5
|
|switch|p2a: Lapras|Lapras, L79|367\/367
|turn|9
|choice|move 4|move 4
|
|move|p1a: Mewtwo|Amnesia|p1a: Mewtwo
|-boost|p1a: Mewtwo|spd|2
|-boost|p1a: Mewtwo|spa|2
|move|p2a: Lapras|Confuse Ray|p1a: Mewtwo
|-start|p1a: Mewtwo|confusion
|
|turn|10
|choice|move 1|move 2
|
|-activate|p1a: Mewtwo|confusion
|move|p1a: Mewtwo|Psychic|p2a: Lapras
|-crit|p2a: Lapras
|-damage|p2a: Lapras|201\/367
|move|p2a: Lapras|Body Slam|p1a: Mewtwo
|-damage|p1a: Mewtwo|253\/285
|
|turn|11
|choice|move 2|move 3
|
|-activate|p1a: Mewtwo|confusion
|move|p1a: Mewtwo|Barrier|p1a: Mewtwo
|-boost|p1a: Mewtwo|def|2
|move|p2a: Lapras|Thunderbolt|p1a: Mewtwo
|-crit|p1a: Mewtwo
|-damage|p1a: Mewtwo|163\/285
|
|turn|12
|choice|move 1|move 3
|
|-end|p1a: Mewtwo|confusion
|move|p1a: Mewtwo|Psychic|p2a: Lapras
|-damage|p2a: Lapras|0 fnt
|faint|p2a: Lapras
|choice||switch 4
|
|switch|p2a: Tauros|Tauros, L79|280\/280
|turn|13
|choice|move 1|move 3
|
|move|p2a: Tauros|Body Slam|p1a: Mewtwo
|-damage|p1a: Mewtwo|129\/285
|move|p1a: Mewtwo|Psychic|p2a: Tauros
|-crit|p2a: Tauros
|-damage|p2a: Tauros|88\/280
|
|turn|14
|choice|move 1|move 3
|
|move|p2a: Tauros|Body Slam|p1a: Mewtwo
|-crit|p1a: Mewtwo
|-damage|p1a: Mewtwo|0 fnt
|faint|p1a: Mewtwo
|choice|switch 3|
|
|switch|p1a: Machamp|Machamp, L90|345\/345
|turn|15
|choice|move 2|move 4
|
|move|p2a: Tauros|Blizzard|p1a: Machamp
|-damage|p1a: Machamp|279\/345
|move|p1a: Machamp|Hyper Beam|p2a: Tauros
|-damage|p2a: Tauros|0 fnt
|faint|p2a: Tauros
|choice||switch 6
|
|switch|p2a: Exeggutor|Exeggutor, L79|312\/312
|turn|16
|choice|move 1|move 1
|
|move|p1a: Machamp|Earthquake|p2a: Exeggutor
|-resisted|p2a: Exeggutor
|-damage|p2a: Exeggutor|258\/312
|move|p2a: Exeggutor|Sleep Powder|p1a: Machamp
|-status|p1a: Machamp|slp
|
|turn|17
|choice|switch 6|move 3
|
|switch|p1a: Raticate|Raticate, L85|267\/267
|move|p2a: Exeggutor|Psychic|p1a: Raticate
|-damage|p1a: Raticate|138\/267
|
|turn|18
|choice|move 2|move 3
|
|move|p1a: Raticate|Blizzard|p2a: Exeggutor
|-crit|p2a: Exeggutor
|-supereffective|p2a: Exeggutor
|-damage|p2a: Exeggutor|60\/312
|move|p2a: Exeggutor|Psychic|p1a: Raticate
|-damage|p1a: Raticate|5\/267
|-unboost|p1a: Raticate|spd|1
|-unboost|p1a: Raticate|spa|1
|
|turn|19
|choice|move 4|move 4
|
|move|p1a: Raticate|Hyper Beam|p2a: Exeggutor
|-damage|p2a: Exeggutor|0 fnt
|faint|p2a: Exeggutor
|choice||switch 2
|
|switch|p2a: Zapdos|Zapdos, L79|304\/304
|turn|20
|choice|move 2|move 3
|
|move|p1a: Raticate|Blizzard|p2a: Zapdos
|-supereffective|p2a: Zapdos
|-damage|p2a: Zapdos|238\/304
|-status|p2a: Zapdos|frz
|cant|p2a: Zapdos|frz
|
|turn|21
|choice|move 1|move 3
|
|move|p1a: Raticate|Super Fang|p2a: Zapdos
|-damage|p2a: Zapdos|119\/304 frz
|cant|p2a: Zapdos|frz
|
|turn|22
|choice|move 4|move 1
|
|move|p1a: Raticate|Hyper Beam|p2a: Zapdos
|-damage|p2a: Zapdos|0 fnt
|faint|p2a: Zapdos
|choice||switch 3
|
|switch|p2a: Ditto|Ditto, L99|296\/296
|turn|23
|choice|move 1|move 1
|
|move|p1a: Raticate|Super Fang|p2a: Ditto
|-damage|p2a: Ditto|148\/296
|move|p2a: Ditto|Transform|p1a: Raticate
|-transform|p2a: Ditto|p1a: Raticate
|
|turn|24
|choice|move 4|move 3
|
|move|p1a: Raticate|Hyper Beam|p2a: Ditto
|-crit|p2a: Ditto
|-damage|p2a: Ditto|0 fnt
|faint|p2a: Ditto
|
|win|dfhsdioa
|player|p1
|player|p2
|raw|dfhsdioa's rating: 1097 &rarr; <strong>1130<\/strong><br \/>(+33 for winning)
|raw|Vector04's rating: 1205 &rarr; <strong>1172<\/strong><br \/>(-33 for losing)