|j|GhostlyGastly92
|j|Ch01W0n5h1n
|player|p1|GhostlyGastly92|20
|player|p2|Ch01W0n5h1n|165
|gametype|singles
|gen|1
|tier|[Gen 1] OU
|rated
|seed|
|rule|Sleep Clause Mod: Limit one foe put to sleep
|rule|Freeze Clause Mod: Limit one foe frozen
|rule|Species Clause: Limit one of each Pokémon
|rule|OHKO Clause: OHKO moves are banned
|rule|Evasion Moves Clause: Evasion moves are banned
|rule|HP Percentage Mod: HP is shown in percentages
|
|start
|switch|p1a: Alakazam|Alakazam|100\/100
|switch|p2a: Ribery|Exeggutor|100\/100
|turn|1
|c|★GhostlyGastly92|hi man!
|c|★Ch01W0n5h1n|hi
|choice||
|
|switch|p2a: Chance E|Chansey|100\/100
|move|p1a: Alakazam|Psychic|p2a: Chance E
|-damage|p2a: Chance E|82\/100
|
|turn|2
|c|★Ch01W0n5h1n|welcome back
|choice||
|
|move|p1a: Alakazam|Psychic|p2a: Chance E
|-crit|p2a: Chance E
|-damage|p2a: Chance E|49\/100
|-unboost|p2a: Chance E|spd|1
|-unboost|p2a: Chance E|spa|1
|move|p2a: Chance E|Ice Beam|p1a: Alakazam
|-damage|p1a: Alakazam|88\/100
|
|turn|3
|choice||
|
|switch|p1a: Exeggutor|Exeggutor|100\/100
|move|p2a: Chance E|Soft-Boiled|p2a: Chance E
|-heal|p2a: Chance E|99\/100
|
|turn|4
|choice||
|
|switch|p2a: Frozen|Slowbro|100\/100
|move|p1a: Exeggutor|Sleep Powder|p2a: Frozen
|-status|p2a: Frozen|slp
|
|turn|5
|choice||
|
|switch|p2a: Ribery|Exeggutor|100\/100
|move|p1a: Exeggutor|Psychic|p2a: Ribery
|-resisted|p2a: Ribery
|-damage|p2a: Ribery|87\/100
|-unboost|p2a: Ribery|spd|1
|-unboost|p2a: Ribery|spa|1
|
|turn|6
|choice||
|
|switch|p1a: Alakazam|Alakazam|88\/100
|move|p2a: Ribery|Sleep Powder|p1a: Alakazam
|-status|p1a: Alakazam|slp
|
|turn|7
|choice||
|
|switch|p1a: Exeggutor|Exeggutor|100\/100
|switch|p2a: Bobadilla|Tauros|100\/100
|
|turn|8
|choice||
|
|switch|p2a: Ribery|Exeggutor|87\/100
|move|p1a: Exeggutor|Stun Spore|p2a: Ribery
|-status|p2a: Ribery|par
|
|turn|9
|choice||
|
|move|p1a: Exeggutor|Psychic|p2a: Ribery
|-resisted|p2a: Ribery
|-damage|p2a: Ribery|73\/100 par
|move|p2a: Ribery|Psychic|p1a: Exeggutor
|-resisted|p1a: Exeggutor
|-damage|p1a: Exeggutor|87\/100
|-unboost|p1a: Exeggutor|spd|1
|-unboost|p1a: Exeggutor|spa|1
|
|turn|10
|c|★GhostlyGastly92|you know? two new pokémon games will be announced tomorrow at 10'o clock
|c|★GhostlyGastly92|:D
|choice||
|
|move|p1a: Exeggutor|Psychic|p2a: Ribery
|-resisted|p2a: Ribery
|-damage|p2a: Ribery|64\/100 par
|move|p2a: Ribery|Psychic|p1a: Exeggutor
|-resisted|p1a: Exeggutor
|-damage|p1a: Exeggutor|68\/100
|
|turn|11
|c|★Ch01W0n5h1n|do you mean the rby rereleases?
|c|★GhostlyGastly92|nope
|c|★GhostlyGastly92|pokémon sun and pokémon moon
|j|Diegolh
|choice||
|
|move|p1a: Exeggutor|Psychic|p2a: Ribery
|-resisted|p2a: Ribery
|-damage|p2a: Ribery|56\/100 par
|move|p2a: Ribery|Psychic|p1a: Exeggutor
|-resisted|p1a: Exeggutor
|-damage|p1a: Exeggutor|49\/100
|
|turn|12
|choice||
|
|move|p1a: Exeggutor|Psychic|p2a: Ribery
|-resisted|p2a: Ribery
|-damage|p2a: Ribery|47\/100 par
|move|p2a: Ribery|Psychic|p1a: Exeggutor
|-resisted|p1a: Exeggutor
|-damage|p1a: Exeggutor|28\/100
|-unboost|p1a: Exeggutor|spd|1
|-unboost|p1a: Exeggutor|spa|1
|
|turn|13
|choice||
|
|switch|p2a: Cloyster|Cloyster|100\/100
|move|p1a: Exeggutor|Explosion|p2a: Cloyster
|-damage|p2a: Cloyster|43\/100
|faint|p1a: Exeggutor
|choice||
|
|switch|p1a: Snorlax|Snorlax|100\/100
|turn|14
|c|★Ch01W0n5h1n|never heard about that before
|choice||
|
|move|p2a: Cloyster|Clamp|p1a: Snorlax
|-damage|p1a: Snorlax|91\/100
|cant|p1a: Snorlax|partiallytrapped
|
|turn|15
|choice||
|
|switch|p2a: 24pd05|Zapdos|100\/100
|switch|p1a: Tauros|Tauros|100\/100
|
|turn|16
|c| Diegolh|it's a rumor who run since this morning
|choice||
|
|switch|p1a: Golem|Golem|100\/100
|move|p2a: 24pd05|Light Screen|p2a: 24pd05
|-start|p2a: 24pd05|Light Screen
|
|turn|17
|choice||
|
|switch|p2a: Cloyster|Cloyster|43\/100
|move|p1a: Golem|Rock Slide|p2a: Cloyster
|-supereffective|p2a: Cloyster
|-damage|p2a: Cloyster|0 fnt
|faint|p2a: Cloyster
|c| Diegolh|nothing else than one rumor from now.
|choice||
|
|switch|p2a: Bobadilla|Tauros|100\/100
|turn|18
|choice||
|
|switch|p1a: Snorlax|Snorlax|91\/100
|move|p2a: Bobadilla|Blizzard|p1a: Snorlax
|-damage|p1a: Snorlax|74\/100
|
|turn|19
|choice||
|
|move|p2a: Bobadilla|Body Slam|p1a: Snorlax
|-damage|p1a: Snorlax|48\/100
|move|p1a: Snorlax|Body Slam|p2a: Bobadilla
|-damage|p2a: Bobadilla|67\/100
|
|turn|20
|choice||
|
|move|p2a: Bobadilla|Body Slam|p1a: Snorlax
|-damage|p1a: Snorlax|23\/100
|move|p1a: Snorlax|Hyper Beam|p2a: Bobadilla
|-damage|p2a: Bobadilla|16\/100
|
|turn|21
|-mustrecharge|p1a: Snorlax
|-mustrecharge|p1a: Snorlax
|choice||
|
|move|p2a: Bobadilla|Body Slam|p1a: Snorlax
|-damage|p1a: Snorlax|0 fnt
|faint|p1a: Snorlax
|choice||
|
|switch|p1a: Tauros|Tauros|100\/100
|turn|22
|choice||
|
|switch|p2a: 24pd05|Zapdos|100\/100
|move|p1a: Tauros|Body Slam|p2a: 24pd05
|-damage|p2a: 24pd05|72\/100
|
|turn|23
|choice||
|
|switch|p1a: Chansey|Chansey|100\/100
|move|p2a: 24pd05|Drill Peck|p1a: Chansey
|-damage|p1a: Chansey|68\/100
|
|turn|24
|choice||
|
|switch|p2a: Chance E|Chansey|99\/100
|move|p1a: Chansey|Soft-Boiled|p1a: Chansey
|-heal|p1a: Chansey|100\/100
|
|turn|25
|choice||
|
|move|p2a: Chance E|Ice Beam|p1a: Chansey
|-damage|p1a: Chansey|90\/100
|move|p1a: Chansey|Ice Beam|p2a: Chance E
|-damage|p2a: Chance E|88\/100
|
|turn|26
|choice||
|
|move|p2a: Chance E|Ice Beam|p1a: Chansey
|-crit|p1a: Chansey
|-damage|p1a: Chansey|69\/100
|move|p1a: Chansey|Ice Beam|p2a: Chance E
|-damage|p2a: Chance E|77\/100
|
|turn|27
|choice||
|
|move|p2a: Chance E|Ice Beam|p1a: Chansey
|-damage|p1a: Chansey|58\/100
|move|p1a: Chansey|Ice Beam|p2a: Chance E
|-damage|p2a: Chance E|67\/100
|
|turn|28
|c|★GhostlyGastly92|i'm always scared of freeze war
|c|★GhostlyGastly92|:S
|choice||
|
|move|p1a: Chansey|Ice Beam|p2a: Chance E
|-crit|p2a: Chance E
|-damage|p2a: Chance E|44\/100
|move|p2a: Chance E|Ice Beam|p1a: Chansey
|-crit|p1a: Chansey
|-damage|p1a: Chansey|37\/100
|
|turn|29
|c|★Ch01W0n5h1n|it can go either way
|c| Diegolh|My chansey is now named "Ice Cream"
|c|★Ch01W0n5h1n|idk but i feel like im at disadvantage
|c|★GhostlyGastly92|ahah good name
|c|★Ch01W0n5h1n|chansey used ice cream! its super delicious XD
|choice||
|
|move|p2a: Chance E|Ice Beam|p1a: Chansey
|-damage|p1a: Chansey|27\/100
|move|p1a: Chansey|Soft-Boiled|p1a: Chansey
|-heal|p1a: Chansey|77\/100
|
|turn|30
|c| Diegolh|lol ^
|choice||
|
|move|p1a: Chansey|Thunder Wave|p2a: Chance E
|-status|p2a: Chance E|par
|move|p2a: Chance E|Ice Beam|p1a: Chansey
|-damage|p1a: Chansey|66\/100
|
|turn|31
|choice||
|
|switch|p1a: Tauros|Tauros|100\/100
|move|p2a: Chance E|Soft-Boiled|p2a: Chance E
|-heal|p2a: Chance E|94\/100 par
|
|turn|32
|choice||
|
|switch|p1a: Chansey|Chansey|66\/100
|move|p2a: Chance E|Thunder Wave|p1a: Chansey
|-status|p1a: Chansey|par
|
|turn|33
|choice||
|
|switch|p2a: Ribery|Exeggutor|47\/100 par
|move|p1a: Chansey|Soft-Boiled|p1a: Chansey
|-heal|p1a: Chansey|100\/100 par
|
|turn|34
|choice||
|
|switch|p1a: Alakazam|Alakazam|88\/100 slp
|move|p2a: Ribery|Rest|p2a: Ribery
|-status|p2a: Ribery|slp
|-heal|p2a: Ribery|100\/100 slp|[silent]
|-status|p2a: Ribery|slp|[from] move: Rest
|
|turn|35
|choice||
|
|switch|p1a: Tauros|Tauros|100\/100
|cant|p2a: Ribery|slp
|
|turn|36
|choice||
|
|move|p1a: Tauros|Blizzard|p2a: Ribery
|-supereffective|p2a: Ribery
|-damage|p2a: Ribery|68\/100 slp
|-curestatus|p2a: Ribery|slp
|
|turn|37
|choice||
|
|switch|p1a: Chansey|Chansey|100\/100 par
|switch|p2a: Chance E|Chansey|94\/100 par
|
|turn|38
|choice||
|
|cant|p2a: Chance E|par
|move|p1a: Chansey|Seismic Toss|p2a: Chance E
|-damage|p2a: Chance E|80\/100 par
|
|turn|39
|choice||
|
|switch|p2a: 24pd05|Zapdos|72\/100
|move|p1a: Chansey|Seismic Toss|p2a: 24pd05
|-damage|p2a: 24pd05|46\/100
|
|turn|40
|c| Diegolh|I don't see any scar on his face, he can't be Ribery.
|choice||
|
|switch|p2a: Ribery|Exeggutor|68\/100
|switch|p1a: Golem|Golem|100\/100
|
|turn|41
|choice||
|
|switch|p1a: Chansey|Chansey|100\/100 par
|move|p2a: Ribery|Psychic|p1a: Chansey
|-damage|p1a: Chansey|85\/100 par
|
|turn|42
|choice||
|
|switch|p2a: Chance E|Chansey|80\/100 par
|move|p1a: Chansey|Ice Beam|p2a: Chance E
|-damage|p2a: Chance E|70\/100 par
|
|turn|43
|choice||
|
|cant|p2a: Chance E|par
|move|p1a: Chansey|Seismic Toss|p2a: Chance E
|-damage|p2a: Chance E|56\/100 par
|
|turn|44
|choice||
|
|move|p1a: Chansey|Seismic Toss|p2a: Chance E
|-damage|p2a: Chance E|42\/100 par
|move|p2a: Chance E|Soft-Boiled|p2a: Chance E
|-heal|p2a: Chance E|92\/100 par
|
|turn|45
|choice||
|
|move|p2a: Chance E|Thunderbolt|p1a: Chansey
|-damage|p1a: Chansey|73\/100 par
|move|p1a: Chansey|Seismic Toss|p2a: Chance E
|-damage|p2a: Chance E|77\/100 par
|
|turn|46
|choice||
|
|switch|p2a: Frozen|Slowbro|100\/100 slp
|move|p1a: Chansey|Seismic Toss|p2a: Frozen
|-damage|p2a: Frozen|75\/100 slp
|
|turn|47
|choice||
|
|switch|p1a: Tauros|Tauros|100\/100
|cant|p2a: Frozen|slp
|
|turn|48
|choice||
|
|move|p1a: Tauros|Body Slam|p2a: Frozen
|-damage|p2a: Frozen|50\/100 slp
|-curestatus|p2a: Frozen|slp
|
|turn|49
|choice||
|
|switch|p1a: Chansey|Chansey|73\/100 par
|move|p2a: Frozen|Thunder Wave|p1a: Chansey
|-fail|p1a: Chansey|par
|
|turn|50
|choice||
|
|move|p2a: Frozen|Amnesia|p2a: Frozen
|-boost|p2a: Frozen|spd|2
|-boost|p2a: Frozen|spa|2
|move|p1a: Chansey|Seismic Toss|p2a: Frozen
|-damage|p2a: Frozen|25\/100
|
|turn|51
|c| Diegolh|Did "Chance" mean "luck" in german too ? Or i'm going wrong way ?
|choice||
|
|move|p2a: Frozen|Rest|p2a: Frozen
|-status|p2a: Frozen|slp
|-heal|p2a: Frozen|100\/100 slp|[silent]
|-status|p2a: Frozen|slp|[from] move: Rest
|move|p1a: Chansey|Seismic Toss|p2a: Frozen
|-damage|p2a: Frozen|75\/100 slp
|
|turn|52
|c|★Ch01W0n5h1n|opportunity
|choice||
|
|cant|p2a: Frozen|slp
|move|p1a: Chansey|Seismic Toss|p2a: Frozen
|-damage|p2a: Frozen|50\/100 slp
|
|turn|53
|choice||
|
|-curestatus|p2a: Frozen|slp
|move|p1a: Chansey|Seismic Toss|p2a: Frozen
|-damage|p2a: Frozen|24\/100
|
|turn|54
|choice||
|
|switch|p1a: Golem|Golem|100\/100
|move|p2a: Frozen|Rest|p2a: Frozen
|-status|p2a: Frozen|slp
|-heal|p2a: Frozen|100\/100 slp|[silent]
|-status|p2a: Frozen|slp|[from] move: Rest
|
|turn|55
|c| Diegolh|Hmm well, not that far.
|choice||
|
|move|p1a: Golem|Rock Slide|p2a: Frozen
|-crit|p2a: Frozen
|-damage|p2a: Frozen|54\/100 slp
|cant|p2a: Frozen|slp
|
|turn|56
|choice||
|
|move|p1a: Golem|Rock Slide|p2a: Frozen
|-damage|p2a: Frozen|32\/100 slp
|-curestatus|p2a: Frozen|slp
|
|turn|57
|choice||
|
|move|p1a: Golem|Earthquake|p2a: Frozen
|-damage|p2a: Frozen|3\/100
|move|p2a: Frozen|Ice Beam|p1a: Golem
|-supereffective|p1a: Golem
|-damage|p1a: Golem|5\/100
|
|turn|58
|j|Xak Charles
|choice||
|
|move|p1a: Golem|Body Slam|p2a: Frozen
|-damage|p2a: Frozen|0 fnt
|faint|p2a: Frozen
|choice||
|
|switch|p2a: 24pd05|Zapdos|46\/100
|turn|59
|choice||
|
|move|p2a: 24pd05|Drill Peck|p1a: Golem
|-resisted|p1a: Golem
|-damage|p1a: Golem|0 fnt
|faint|p1a: Golem
|choice||
|
|switch|p1a: Tauros|Tauros|100\/100
|turn|60
|choice||
|
|move|p1a: Tauros|Hyper Beam|p2a: 24pd05
|-damage|p2a: 24pd05|0 fnt
|faint|p2a: 24pd05
|choice||
|
|switch|p2a: Chance E|Chansey|77\/100 par
|turn|61
|choice||
|
|switch|p1a: Alakazam|Alakazam|88\/100 slp
|cant|p2a: Chance E|par
|
|turn|62
|choice||
|
|switch|p2a: Bobadilla|Tauros|16\/100
|cant|p1a: Alakazam|slp
|
|turn|63
|choice||
|
|-curestatus|p1a: Alakazam|slp
|move|p2a: Bobadilla|Body Slam|p1a: Alakazam
|-damage|p1a: Alakazam|34\/100
|
|turn|64
|choice||
|
|switch|p2a: Chance E|Chansey|77\/100 par
|move|p1a: Alakazam|Psychic|p2a: Chance E
|-crit|p2a: Chance E
|-damage|p2a: Chance E|43\/100 par
|
|turn|65
|l|Xak Charles
|choice||
|
|switch|p1a: Chansey|Chansey|73\/100 par
|move|p2a: Chance E|Soft-Boiled|p2a: Chance E
|-heal|p2a: Chance E|93\/100 par
|
|turn|66
|choice||
|
|cant|p1a: Chansey|par
|cant|p2a: Chance E|par
|
|turn|67
|choice||
|
|cant|p2a: Chance E|par
|move|p1a: Chansey|Ice Beam|p2a: Chance E
|-damage|p2a: Chance E|84\/100 par
|
|turn|68
|choice||
|
|move|p1a: Chansey|Soft-Boiled|p1a: Chansey
|-heal|p1a: Chansey|100\/100 par
|move|p2a: Chance E|Thunder Wave|p1a: Chansey
|-fail|p1a: Chansey|par
|
|turn|69
|choice||
|
|cant|p2a: Chance E|par
|move|p1a: Chansey|Seismic Toss|p2a: Chance E
|-damage|p2a: Chance E|69\/100 par
|
|turn|70
|choice||
|
|move|p2a: Chance E|Thunder Wave|p1a: Chansey
|-fail|p1a: Chansey|par
|cant|p1a: Chansey|par
|
|turn|71
|choice||
|
|move|p1a: Chansey|Seismic Toss|p2a: Chance E
|-damage|p2a: Chance E|55\/100 par
|move|p2a: Chance E|Thunder Wave|p1a: Chansey
|-fail|p1a: Chansey|par
|
|turn|72
|choice||
|
|move|p2a: Chance E|Thunder Wave|p1a: Chansey
|-fail|p1a: Chansey|par
|move|p1a: Chansey|Seismic Toss|p2a: Chance E
|-damage|p2a: Chance E|41\/100 par
|
|turn|73
|choice||
|
|move|p2a: Chance E|Soft-Boiled|p2a: Chance E
|-heal|p2a: Chance E|91\/100 par
|move|p1a: Chansey|Seismic Toss|p2a: Chance E
|-damage|p2a: Chance E|77\/100 par
|
|turn|74
|choice||
|
|move|p1a: Chansey|Seismic Toss|p2a: Chance E
|-damage|p2a: Chance E|62\/100 par
|move|p2a: Chance E|Thunder Wave|p1a: Chansey
|-fail|p1a: Chansey|par
|
|turn|75
|choice||
|
|move|p2a: Chance E|Thunder Wave|p1a: Chansey
|-fail|p1a: Chansey|par
|move|p1a: Chansey|Seismic Toss|p2a: Chance E
|-damage|p2a: Chance E|48\/100 par
|
|turn|76
|choice||
|
|switch|p1a: Tauros|Tauros|100\/100
|move|p2a: Chance E|Soft-Boiled|p2a: Chance E
|-heal|p2a: Chance E|98\/100 par
|
|turn|77
|choice||
|
|switch|p1a: Chansey|Chansey|100\/100 par
|cant|p2a: Chance E|par
|
|turn|78
|choice||
|
|move|p1a: Chansey|Seismic Toss|p2a: Chance E
|-damage|p2a: Chance E|84\/100 par
|move|p2a: Chance E|Thunder Wave|p1a: Chansey
|-fail|p1a: Chansey|par
|
|turn|79
|choice||
|
|move|p2a: Chance E|Thunder Wave|p1a: Chansey
|-fail|p1a: Chansey|par
|move|p1a: Chansey|Seismic Toss|p2a: Chance E
|-damage|p2a: Chance E|70\/100 par
|
|turn|80
|choice||
|
|cant|p2a: Chance E|par
|move|p1a: Chansey|Seismic Toss|p2a: Chance E
|-damage|p2a: Chance E|55\/100 par
|
|turn|81
|choice||
|
|switch|p1a: Tauros|Tauros|100\/100
|move|p2a: Chance E|Thunder Wave|p1a: Tauros
|-status|p1a: Tauros|par
|
|turn|82
|choice||
|
|switch|p2a: Ribery|Exeggutor|68\/100
|move|p1a: Tauros|Hyper Beam|p2a: Ribery
|-crit|p2a: Ribery
|-damage|p2a: Ribery|0 fnt
|faint|p2a: Ribery
|choice||
|
|switch|p2a: Bobadilla|Tauros|16\/100
|turn|83
|choice||
|
|move|p2a: Bobadilla|Body Slam|p1a: Tauros
|-crit|p1a: Tauros
|-damage|p1a: Tauros|47\/100 par
|cant|p1a: Tauros|par
|
|turn|84
|choice||
|
|move|p2a: Bobadilla|Hyper Beam|p1a: Tauros
|-damage|p1a: Tauros|0 fnt
|faint|p1a: Tauros
|choice||
|
|switch|p1a: Chansey|Chansey|100\/100 par
|turn|85
|choice||
|
|switch|p2a: Chance E|Chansey|55\/100 par
|move|p1a: Chansey|Seismic Toss|p2a: Chance E
|-damage|p2a: Chance E|41\/100 par
|
|turn|86
|choice||
|
|switch|p1a: Alakazam|Alakazam|34\/100
|cant|p2a: Chance E|par
|
|turn|87
|choice||
|
|move|p1a: Alakazam|Recover|p1a: Alakazam
|-heal|p1a: Alakazam|84\/100
|cant|p2a: Chance E|par
|
|turn|88
|choice||
|
|move|p1a: Alakazam|Psychic|p2a: Chance E
|-damage|p2a: Chance E|24\/100 par
|-unboost|p2a: Chance E|spd|1
|-unboost|p2a: Chance E|spa|1
|move|p2a: Chance E|Soft-Boiled|p2a: Chance E
|-heal|p2a: Chance E|74\/100 par
|
|turn|89
|choice||
|
|move|p1a: Alakazam|Psychic|p2a: Chance E
|-crit|p2a: Chance E
|-damage|p2a: Chance E|37\/100 par
|cant|p2a: Chance E|par
|
|turn|90
|choice||
|
|move|p1a: Alakazam|Psychic|p2a: Chance E
|-damage|p2a: Chance E|11\/100 par
|move|p2a: Chance E|Soft-Boiled|p2a: Chance E
|-heal|p2a: Chance E|61\/100 par
|
|turn|91
|choice||
|
|move|p1a: Alakazam|Psychic|p2a: Chance E
|-damage|p2a: Chance E|34\/100 par
|move|p2a: Chance E|Thunder Wave|p1a: Alakazam
|-status|p1a: Alakazam|par
|
|turn|92
|choice||
|
|move|p1a: Alakazam|Psychic|p2a: Chance E
|-damage|p2a: Chance E|6\/100 par
|-unboost|p2a: Chance E|spd|1
|-unboost|p2a: Chance E|spa|1
|move|p2a: Chance E|Soft-Boiled|p2a: Chance E
|-heal|p2a: Chance E|56\/100 par
|
|turn|93
|choice||
|
|move|p1a: Alakazam|Psychic|p2a: Chance E
|-crit|p2a: Chance E
|-damage|p2a: Chance E|19\/100 par
|cant|p2a: Chance E|par
|
|turn|94
|choice||
|
|move|p1a: Alakazam|Psychic|p2a: Chance E
|-crit|p2a: Chance E
|-damage|p2a: Chance E|0 fnt
|faint|p2a: Chance E
|choice||
|
|switch|p2a: Bobadilla|Tauros|16\/100
|turn|95
|choice||
|
|move|p2a: Bobadilla|Body Slam|p1a: Alakazam
|-damage|p1a: Alakazam|33\/100 par
|cant|p1a: Alakazam|par
|
|turn|96
|choice||
|
|move|p2a: Bobadilla|Body Slam|p1a: Alakazam
|-damage|p1a: Alakazam|0 fnt
|faint|p1a: Alakazam
|choice||
|
|switch|p1a: Chansey|Chansey|100\/100 par
|turn|97
|c|★Ch01W0n5h1n|pls be parad D:
|c|★GhostlyGastly92|hope not!
|c|★GhostlyGastly92|ç_ç
|choice||
|
|move|p2a: Bobadilla|Body Slam|p1a: Chansey
|-damage|p1a: Chansey|62\/100 par
|move|p1a: Chansey|Ice Beam|p2a: Bobadilla
|-damage|p2a: Bobadilla|0 fnt
|faint|p2a: Bobadilla
|
|win|GhostlyGastly92
|player|p1
|player|p2
|raw|GhostlyGastly92's rating: 1410 &rarr; <strong>1426<\/strong><br \/>(+16 for winning)
|raw|Ch01W0n5h1n's rating: 1343 &rarr; <strong>1327<\/strong><br \/>(-16 for losing)
|c|★Ch01W0n5h1n|gg
|c|★GhostlyGastly92|anyway a good match
|c|★GhostlyGastly92|:D
|c|★Ch01W0n5h1n|yup ^^
|c|★GhostlyGastly92|you well played as always!
|c|★GhostlyGastly92|:D
|c|★Ch01W0n5h1n|ty you too
|c|★GhostlyGastly92|so
|c|★GhostlyGastly92|no other rumors about new games?
|c|★GhostlyGastly92|i'm in hype
|c|★GhostlyGastly92|:D
|c| Diegolh|nop sorry
|c|★Ch01W0n5h1n|well theres pokemon go already :P
|c| Diegolh|the games I wait are the remake of rby
|c|★Ch01W0n5h1n|the thing is i wont buy a 3ds just to be able to play rby locally :\/
|c| Diegolh|Wish about multiple savegames.
|c|★Ch01W0n5h1n|now if you would be able to battle all around the world, that would be awesome
|c| Diegolh|Hmm don't blame me if i say that i've four 3ds.