|join|Tendoh
|join|touchable
|player|p1|Tendoh|101
|player|p2|touchable|282
|gametype|singles
|gen|1
|tier|[Gen 1] OU
|rated
|rule|Sleep Clause Mod: Limit one foe put to sleep
|rule|Freeze Clause Mod: Limit one foe frozen
|rule|Species Clause: Limit one of each Pokémon
|rule|OHKO Clause: OHKO moves are banned
|rule|Evasion Moves Clause: Evasion moves are banned
|rule|HP Percentage Mod: HP is shown in percentages
|
|start
|switch|p1a: Luma|Starmie|323\/323
|switch|p2a: Putain|Exeggutor|393\/393
|turn|1
|
|move|p1a: Luma|Blizzard|p2a: Putain
|-supereffective|p2a: Putain
|-damage|p2a: Putain|237\/393
|move|p2a: Putain|Sleep Powder|p1a: Luma
|-status|p1a: Luma|slp
|
|turn|2
|
|switch|p1a: Digitamamon|Exeggutor|393\/393
|move|p2a: Putain|Psychic|p1a: Digitamamon
|-resisted|p1a: Digitamamon
|-damage|p1a: Digitamamon|339\/393
|
|turn|3
|
|move|p2a: Putain|Explosion|p1a: Digitamamon
|-damage|p1a: Digitamamon|68\/393
|faint|p2a: Putain
|
|switch|p2a: Slaughterhouse|Tauros|353\/353
|turn|4
|
|switch|p1a: Corrida|Tauros|353\/353
|move|p2a: Slaughterhouse|Body Slam|p1a: Corrida
|-damage|p1a: Corrida|252\/353
|
|turn|5
|
|move|p2a: Slaughterhouse|Body Slam|p1a: Corrida
|-damage|p1a: Corrida|146\/353
|move|p1a: Corrida|Body Slam|p2a: Slaughterhouse
|-damage|p2a: Slaughterhouse|252\/353
|
|turn|6
|
|move|p1a: Corrida|Hyper Beam|p2a: Slaughterhouse
|-damage|p2a: Slaughterhouse|70\/353
|move|p2a: Slaughterhouse|Hyper Beam|p1a: Corrida
|-damage|p1a: Corrida|0 fnt
|faint|p1a: Corrida
|
|switch|p1a: Kim Peek|Alakazam|313\/313
|turn|7
|
|switch|p2a: L'homosexuelle|Chansey|703\/703
|move|p1a: Kim Peek|Seismic Toss|p2a: L'homosexuelle
|-damage|p2a: L'homosexuelle|603\/703
|
|turn|8
|
|switch|p1a: Whorey|Chansey|703\/703
|move|p2a: L'homosexuelle|Ice Beam|p1a: Whorey
|-damage|p1a: Whorey|631\/703
|
|turn|9
|
|move|p1a: Whorey|Ice Beam|p2a: L'homosexuelle
|-damage|p2a: L'homosexuelle|525\/703
|move|p2a: L'homosexuelle|Ice Beam|p1a: Whorey
|-crit|p1a: Whorey
|-damage|p1a: Whorey|489\/703
|
|turn|10
|
|move|p2a: L'homosexuelle|Ice Beam|p1a: Whorey
|-damage|p1a: Whorey|417\/703
|move|p1a: Whorey|Ice Beam|p2a: L'homosexuelle
|-damage|p2a: L'homosexuelle|444\/703
|
|turn|11
|
|move|p1a: Whorey|Soft-Boiled|p1a: Whorey
|-heal|p1a: Whorey|703\/703
|move|p2a: L'homosexuelle|Ice Beam|p1a: Whorey
|-damage|p1a: Whorey|634\/703
|-status|p1a: Whorey|frz
|
|turn|12
|
|switch|p1a: Kim Peek|Alakazam|313\/313
|move|p2a: L'homosexuelle|Thunder Wave|p1a: Kim Peek
|-status|p1a: Kim Peek|par
|
|turn|13
|
|move|p2a: L'homosexuelle|Ice Beam|p1a: Kim Peek
|-crit|p1a: Kim Peek
|-damage|p1a: Kim Peek|187\/313 par
|cant|p1a: Kim Peek|par
|
|turn|14
|
|move|p2a: L'homosexuelle|Ice Beam|p1a: Kim Peek
|-damage|p1a: Kim Peek|124\/313 par
|move|p1a: Kim Peek|Recover|p1a: Kim Peek
|-heal|p1a: Kim Peek|280\/313 par
|
|turn|15
|
|move|p2a: L'homosexuelle|Thunderbolt|p1a: Kim Peek
|-damage|p1a: Kim Peek|221\/313 par
|move|p1a: Kim Peek|Psychic|p2a: L'homosexuelle
|-crit|p2a: L'homosexuelle
|-damage|p2a: L'homosexuelle|186\/703
|
|turn|16
|
|switch|p1a: Digitamamon|Exeggutor|68\/393
|move|p2a: L'homosexuelle|Soft-Boiled|p2a: L'homosexuelle
|-heal|p2a: L'homosexuelle|537\/703
|
|turn|17
|
|switch|p2a: Stabber|Cloyster|303\/303
|move|p1a: Digitamamon|Sleep Powder|p2a: Stabber
|-status|p2a: Stabber|slp
|
|turn|18
|
|switch|p2a: Nipz|Raichu|323\/323
|move|p1a: Digitamamon|Psychic|p2a: Nipz
|-crit|p2a: Nipz
|-damage|p2a: Nipz|51\/323
|-unboost|p2a: Nipz|spd|1
|-unboost|p2a: Nipz|spa|1
|
|turn|19
|
|switch|p1a: Kim Peek|Alakazam|221\/313 par
|move|p2a: Nipz|Hyper Beam|p1a: Kim Peek
|-damage|p1a: Kim Peek|51\/313 par
|
|turn|20
|-mustrecharge|p2a: Nipz
|-mustrecharge|p2a: Nipz
|
|cant|p2a: Nipz|recharge
|cant|p1a: Kim Peek|par
|
|turn|21
|
|switch|p1a: Dragonite|Dragonite|385\/385
|move|p2a: Nipz|Thunderbolt|p1a: Dragonite
|-damage|p1a: Dragonite|312\/385
|
|turn|22
|
|move|p2a: Nipz|Thunder Wave|p1a: Dragonite
|-status|p1a: Dragonite|par
|move|p1a: Dragonite|Agility|p1a: Dragonite
|-boost|p1a: Dragonite|spe|2
|
|turn|23
|
|switch|p2a: L'homosexuelle|Chansey|537\/703
|move|p1a: Dragonite|Surf|p2a: L'homosexuelle
|-damage|p2a: L'homosexuelle|467\/703
|
|turn|24
|
|move|p1a: Dragonite|Wrap|p2a: L'homosexuelle
|-damage|p2a: L'homosexuelle|424\/703
|-activate|p2a: L'homosexuelle|move: Wrap|[of] p1a: Dragonite
|cant|p2a: L'homosexuelle|partiallytrapped
|
|turn|25
|
|switch|p2a: Stabber|Cloyster|303\/303 slp
|cant|p1a: Dragonite|par
|
|turn|26
|
|switch|p1a: Kim Peek|Alakazam|51\/313 par
|-curestatus|p2a: Stabber|slp
|
|turn|27
|
|switch|p1a: Whorey|Chansey|634\/703 frz
|move|p2a: Stabber|Ice Beam|p1a: Whorey
|-damage|p1a: Whorey|544\/703 frz
|
|turn|28
|
|move|p2a: Stabber|Clamp|p1a: Whorey
|-damage|p1a: Whorey|510\/703 frz
|-activate|p1a: Whorey|move: Clamp|[of] p2a: Stabber
|cant|p1a: Whorey|frz
|
|turn|29
|
|switch|p2a: Slaughterhouse|Tauros|70\/353
|switch|p1a: Luma|Starmie|323\/323 slp
|
|turn|30
|
|cant|p1a: Luma|slp
|move|p2a: Slaughterhouse|Body Slam|p1a: Luma
|-crit|p1a: Luma
|-damage|p1a: Luma|122\/323 slp
|
|turn|31
|
|cant|p1a: Luma|slp
|move|p2a: Slaughterhouse|Body Slam|p1a: Luma
|-damage|p1a: Luma|8\/323 slp
|
|turn|32
|
|cant|p1a: Luma|slp
|move|p2a: Slaughterhouse|Body Slam|p1a: Luma
|-crit|p1a: Luma
|-damage|p1a: Luma|0 fnt
|faint|p1a: Luma
|
|switch|p1a: Dragonite|Dragonite|312\/385 par
|turn|33
|
|move|p2a: Slaughterhouse|Ice Beam|p1a: Dragonite
|-supereffective|p1a: Dragonite
|-damage|p1a: Dragonite|80\/385 par
|move|p1a: Dragonite|Agility|p1a: Dragonite
|-boost|p1a: Dragonite|spe|2
|
|turn|34
|
|move|p1a: Dragonite|Surf|p2a: Slaughterhouse
|-damage|p2a: Slaughterhouse|0 fnt
|faint|p2a: Slaughterhouse
|
|switch|p2a: Foxxyy|Alakazam|313\/313
|turn|35
|
|move|p1a: Dragonite|Wrap|p2a: Foxxyy
|-damage|p2a: Foxxyy|291\/313
|-activate|p2a: Foxxyy|move: Wrap|[of] p1a: Dragonite
|cant|p2a: Foxxyy|partiallytrapped
|
|turn|36
|
|switch|p2a: L'homosexuelle|Chansey|424\/703
|cant|p1a: Dragonite|par
|
|turn|37
|
|move|p1a: Dragonite|Wrap|p2a: L'homosexuelle
|-crit|p2a: L'homosexuelle
|-damage|p2a: L'homosexuelle|350\/703
|-activate|p2a: L'homosexuelle|move: Wrap|[of] p1a: Dragonite
|cant|p2a: L'homosexuelle|partiallytrapped
|
|turn|38
|
|switch|p2a: Stabber|Cloyster|303\/303
|move|p1a: Dragonite|Wrap|p2a: Stabber
|-damage|p2a: Stabber|293\/303
|-activate|p2a: Stabber|move: Wrap|[of] p1a: Dragonite
|
|turn|39
|
|switch|p2a: Foxxyy|Alakazam|291\/313
|cant|p1a: Dragonite|par
|
|turn|40
|
|move|p1a: Dragonite|Wrap|p2a: Foxxyy
|-damage|p2a: Foxxyy|268\/313
|-activate|p2a: Foxxyy|move: Wrap|[of] p1a: Dragonite
|cant|p2a: Foxxyy|partiallytrapped
|
|turn|41
|
|switch|p2a: Stabber|Cloyster|293\/303
|move|p1a: Dragonite|Wrap|p2a: Stabber
|-damage|p2a: Stabber|283\/303
|-activate|p2a: Stabber|move: Wrap|[of] p1a: Dragonite
|
|turn|42
|
|switch|p2a: Foxxyy|Alakazam|268\/313
|cant|p1a: Dragonite|par
|
|turn|43
|
|move|p1a: Dragonite|Wrap|p2a: Foxxyy
|-damage|p2a: Foxxyy|245\/313
|-activate|p2a: Foxxyy|move: Wrap|[of] p1a: Dragonite
|cant|p2a: Foxxyy|partiallytrapped
|
|turn|44
|
|switch|p2a: Stabber|Cloyster|283\/303
|move|p1a: Dragonite|Wrap|p2a: Stabber
|-damage|p2a: Stabber|272\/303
|-activate|p2a: Stabber|move: Wrap|[of] p1a: Dragonite
|
|turn|45
|
|switch|p2a: Foxxyy|Alakazam|245\/313
|cant|p1a: Dragonite|par
|
|turn|46
|
|move|p1a: Dragonite|Wrap|p2a: Foxxyy
|-damage|p2a: Foxxyy|222\/313
|-activate|p2a: Foxxyy|move: Wrap|[of] p1a: Dragonite
|cant|p2a: Foxxyy|partiallytrapped
|
|turn|47
|
|switch|p2a: Stabber|Cloyster|272\/303
|cant|p1a: Dragonite|par
|
|turn|48
|
|move|p1a: Dragonite|Wrap|p2a: Stabber
|-damage|p2a: Stabber|261\/303
|-activate|p2a: Stabber|move: Wrap|[of] p1a: Dragonite
|cant|p2a: Stabber|partiallytrapped
|
|turn|49
|
|switch|p2a: L'homosexuelle|Chansey|350\/703
|move|p1a: Dragonite|Wrap|p2a: L'homosexuelle
|-damage|p2a: L'homosexuelle|311\/703
|-activate|p2a: L'homosexuelle|move: Wrap|[of] p1a: Dragonite
|
|turn|50
|
|switch|p2a: Stabber|Cloyster|261\/303
|move|p1a: Dragonite|Wrap|p2a: Stabber
|-damage|p2a: Stabber|250\/303
|-activate|p2a: Stabber|move: Wrap|[of] p1a: Dragonite
|
|turn|51
|
|switch|p2a: Foxxyy|Alakazam|222\/313
|cant|p1a: Dragonite|par
|
|turn|52
|
|move|p1a: Dragonite|Wrap|p2a: Foxxyy
|-damage|p2a: Foxxyy|200\/313
|-activate|p2a: Foxxyy|move: Wrap|[of] p1a: Dragonite
|cant|p2a: Foxxyy|partiallytrapped
|
|turn|53
|
|switch|p2a: Stabber|Cloyster|250\/303
|move|p1a: Dragonite|Wrap|p2a: Stabber
|-damage|p2a: Stabber|240\/303
|-activate|p2a: Stabber|move: Wrap|[of] p1a: Dragonite
|
|turn|54
|
|move|p1a: Dragonite|Wrap|p2a: Stabber
|-damage|p2a: Stabber|230\/303
|cant|p2a: Stabber|partiallytrapped
|
|-end|p2a: Stabber|Wrap|[partiallytrapped]
|turn|55
|
|cant|p1a: Dragonite|par
|move|p2a: Stabber|Ice Beam|p1a: Dragonite
|-supereffective|p1a: Dragonite
|-damage|p1a: Dragonite|0 fnt
|faint|p1a: Dragonite
|-message|Tendoh forfeited.
|leave|Tendoh
|
|win|touchable
|player|p1
||Ladder (probably) updated, but score could not be retrieved (Response not received).