|j|velly vell
|j|singlea3
|player|p1|velly vell|101
|player|p2|singlea3|167
|gametype|singles
|gen|1
|tier|[Gen 1] OU
|rated
|seed|51184,50540,37737,17262
|rule|Sleep Clause Mod: Limit one foe put to sleep
|rule|Freeze Clause Mod: Limit one foe frozen
|rule|Species Clause: Limit one of each Pokémon
|rule|OHKO Clause: OHKO moves are banned
|rule|Evasion Moves Clause: Evasion moves are banned
|rule|HP Percentage Mod: HP is shown in percentages
|
|start
|switch|p1a: Alakazam|Alakazam|313\/313
|switch|p2a: Hirsutism|Alakazam|313\/313
|turn|1
|c|★velly vell|come on hoe
|choice|move 1|move 1
|
|move|p1a: Alakazam|Thunder Wave|p2a: Hirsutism
|-status|p2a: Hirsutism|par
|cant|p2a: Hirsutism|par
|
|turn|2
|c|★velly vell|mane u slow asa b
|choice|move 3|move 1
|
|move|p1a: Alakazam|Reflect|p1a: Alakazam
|-start|p1a: Alakazam|Reflect
|move|p2a: Hirsutism|Thunder Wave|p1a: Alakazam
|-status|p1a: Alakazam|par
|
|turn|3
|choice|move 4|move 2
|
|cant|p2a: Hirsutism|par
|move|p1a: Alakazam|Psychic|p2a: Hirsutism
|-resisted|p2a: Hirsutism
|-damage|p2a: Hirsutism|264\/313 par
|
|turn|4
|choice|move 4|move 2
|
|move|p1a: Alakazam|Psychic|p2a: Hirsutism
|-resisted|p2a: Hirsutism
|-damage|p2a: Hirsutism|214\/313 par
|move|p2a: Hirsutism|Reflect|p2a: Hirsutism
|-start|p2a: Hirsutism|Reflect
|
|turn|5
|choice|move 4|move 4
|
|move|p2a: Hirsutism|Recover|p2a: Hirsutism
|-heal|p2a: Hirsutism|313\/313 par
|move|p1a: Alakazam|Psychic|p2a: Hirsutism
|-resisted|p2a: Hirsutism
|-damage|p2a: Hirsutism|264\/313 par
|
|turn|6
|choice|switch 6|move 3
|
|switch|p1a: Jynx|Jynx|333\/333
|move|p2a: Hirsutism|Psychic|p1a: Jynx
|-resisted|p1a: Jynx
|-damage|p1a: Jynx|265\/333
|
|turn|7
|choice|move 1|move 1
|
|move|p1a: Jynx|Lovely Kiss|p2a: Hirsutism
|-fail|p2a: Hirsutism
|move|p2a: Hirsutism|Thunder Wave|p1a: Jynx
|-status|p1a: Jynx|par
|
|turn|8
|choice|move 1|move 4
|
|cant|p2a: Hirsutism|par
|move|p1a: Jynx|Lovely Kiss|p2a: Hirsutism|[miss]
|-miss|p1a: Jynx
|
|turn|9
|choice|move 3|move 4
|
|move|p2a: Hirsutism|Recover|p2a: Hirsutism
|-heal|p2a: Hirsutism|313\/313 par
|move|p1a: Jynx|Ice Beam|p2a: Hirsutism
|-damage|p2a: Hirsutism|227\/313 par
|
|turn|10
|choice|move 3|switch 5
|
|switch|p2a: Jolteon|Jolteon|333\/333
|move|p1a: Jynx|Ice Beam|p2a: Jolteon
|-damage|p2a: Jolteon|224\/333
|-status|p2a: Jolteon|frz
|
|turn|11
|choice|move 3|move 4
|
|cant|p2a: Jolteon|frz
|move|p1a: Jynx|Ice Beam|p2a: Jolteon
|-damage|p2a: Jolteon|125\/333 frz
|
|turn|12
|choice|move 3|move 4
|
|cant|p2a: Jolteon|frz
|move|p1a: Jynx|Ice Beam|p2a: Jolteon
|-damage|p2a: Jolteon|30\/333 frz
|
|turn|13
|c|★velly vell|omg
|c|★velly vell|make yo move dam
|c|★velly vell|u lose hahahahahahaha
|-message|singlea3 lost due to inactivity.
|
|win|velly vell
|player|p1
|player|p2
|raw|velly vell's rating: 1074 &rarr; <strong>1105<\/strong><br \/>(+31 for winning)
|raw|singlea3's rating: 1103 &rarr; <strong>1076<\/strong><br \/>(-27 for losing)