|join|Tomqualley
|join|TheAntelope
|player|p1|Tomqualley|2
|player|p2|TheAntelope|29
|gametype|singles
|gen|1
|tier|[Gen 1] Random Battle
|rated
|rule|Sleep Clause Mod: Limit one foe put to sleep
|rule|Freeze Clause Mod: Limit one foe frozen
|rule|HP Percentage Mod: HP is shown in percentages
|
|start
|switch|p1a: Dodrio|Dodrio, L85|276\/276
|switch|p2a: Wartortle|Wartortle, L85|274\/274
|turn|1
|
|move|p1a: Dodrio|Mimic|p2a: Wartortle
|-start|p1a: Dodrio|Mimic|Mimic
|move|p2a: Wartortle|Blizzard|p1a: Dodrio|[miss]
|-miss|p2a: Wartortle
|
|turn|2
|c|★TheAntelope|lol
|
|switch|p1a: Magneton|Magneton, L90|273\/273
|move|p2a: Wartortle|Blizzard|p1a: Magneton
|-damage|p1a: Magneton|221\/273
|-status|p1a: Magneton|frz
|
|turn|3
|c|★TheAntelope|...
|c|★TheAntelope|Well then
|
|cant|p1a: Magneton|frz
|move|p2a: Wartortle|Mimic|p1a: Magneton
|-start|p2a: Wartortle|Mimic|Thunderbolt
|
|turn|4
|c|★Tomqualley|What is this crap lol
|
|cant|p1a: Magneton|frz
|move|p2a: Wartortle|Surf|p1a: Magneton
|-damage|p1a: Magneton|157\/273 frz
|
|turn|5
|c|★TheAntelope|"this crap" is the beauty of rng
|c|★TheAntelope|Although I don't think it's very beautiful
|
|cant|p1a: Magneton|frz
|move|p2a: Wartortle|Surf|p1a: Magneton
|-damage|p1a: Magneton|97\/273 frz
|
|turn|6
|
|cant|p1a: Magneton|frz
|move|p2a: Wartortle|Surf|p1a: Magneton
|-damage|p1a: Magneton|35\/273 frz
|
|turn|7
|
|cant|p1a: Magneton|frz
|move|p2a: Wartortle|Surf|p1a: Magneton
|-damage|p1a: Magneton|0 fnt
|faint|p1a: Magneton
|c|★Tomqualley|That was not very ok
|
|switch|p1a: Raticate|Raticate, L85|267\/267
|turn|8
|
|move|p1a: Raticate|Super Fang|p2a: Wartortle
|-damage|p2a: Wartortle|137\/274
|move|p2a: Wartortle|Surf|p1a: Raticate
|-damage|p1a: Raticate|164\/267
|
|turn|9
|
|move|p1a: Raticate|Body Slam|p2a: Wartortle
|-damage|p2a: Wartortle|53\/274
|-status|p2a: Wartortle|par
|move|p2a: Wartortle|Surf|p1a: Raticate
|-damage|p1a: Raticate|54\/267
|
|turn|10
|
|move|p1a: Raticate|Body Slam|p2a: Wartortle
|-damage|p2a: Wartortle|0 fnt
|faint|p2a: Wartortle
|
|switch|p2a: Mewtwo|Mewtwo, L70|293\/293
|turn|11
|c|★Tomqualley|Well, gg i guess lol
|c|★TheAntelope|maybe
|
|move|p2a: Mewtwo|Psychic|p1a: Raticate
|-damage|p1a: Raticate|0 fnt
|faint|p1a: Raticate
|
|switch|p1a: Dodrio|Dodrio, L85|276\/276
|turn|12
|c|★TheAntelope|At least it doesn't know amnesia :p
|
|move|p1a: Dodrio|Hyper Beam|p2a: Mewtwo
|-crit|p2a: Mewtwo
|-damage|p2a: Mewtwo|0 fnt
|faint|p2a: Mewtwo
|c|★Tomqualley|Holy crap
|c|★Tomqualley|That would be bad lol
|
|switch|p2a: Seaking|Seaking, L90|327\/327
|turn|13
|c|★TheAntelope|You can tell even if it's not yours
|c|★TheAntelope|The ones that have amnesia are level 68, not 70
|
|move|p1a: Dodrio|Body Slam|p2a: Seaking
|-damage|p2a: Seaking|206\/327
|move|p2a: Seaking|Blizzard|p1a: Dodrio
|-crit|p1a: Dodrio
|-supereffective|p1a: Dodrio
|-damage|p1a: Dodrio|0 fnt
|faint|p1a: Dodrio
|c|★Tomqualley|Oh, good to know lol
|
|switch|p1a: Gyarados|Gyarados, L85|335\/335
|turn|14
|
|move|p1a: Gyarados|Thunderbolt|p2a: Seaking
|-supereffective|p2a: Seaking
|-damage|p2a: Seaking|57\/327
|move|p2a: Seaking|Blizzard|p1a: Gyarados
|-crit|p1a: Gyarados
|-damage|p1a: Gyarados|172\/335
|
|turn|15
|
|move|p1a: Gyarados|Body Slam|p2a: Seaking
|-damage|p2a: Seaking|0 fnt
|faint|p2a: Seaking
|c|★TheAntelope|that thing is __fast__
|
|switch|p2a: Chansey|Chansey, L79|557\/557
|turn|16
|
|move|p1a: Gyarados|Hyper Beam|p2a: Chansey|[miss]
|-miss|p1a: Gyarados
|move|p2a: Chansey|Thunderbolt|p1a: Gyarados
|-supereffective|p1a: Gyarados
|-damage|p1a: Gyarados|0 fnt
|faint|p1a: Gyarados
|
|switch|p1a: Machamp|Machamp, L90|345\/345
|turn|17
|
|move|p1a: Machamp|Submission|p2a: Chansey
|-supereffective|p2a: Chansey
|-damage|p2a: Chansey|0 fnt
|-damage|p1a: Machamp|206\/345|[from] recoil|[of] p2a: Chansey
|faint|p2a: Chansey
|
|switch|p2a: Nidoqueen|Nidoqueen, L85|327\/327
|turn|18
|
|move|p2a: Nidoqueen|Earthquake|p1a: Machamp
|-damage|p1a: Machamp|109\/345
|move|p1a: Machamp|Earthquake|p2a: Nidoqueen
|-supereffective|p2a: Nidoqueen
|-damage|p2a: Nidoqueen|124\/327
|
|turn|19
|
|move|p2a: Nidoqueen|Earthquake|p1a: Machamp
|-damage|p1a: Machamp|17\/345
|move|p1a: Machamp|Earthquake|p2a: Nidoqueen
|-supereffective|p2a: Nidoqueen
|-damage|p2a: Nidoqueen|0 fnt
|faint|p2a: Nidoqueen
|
|switch|p2a: Marowak|Marowak, L90|291\/291
|turn|20
|
|move|p1a: Machamp|Hyper Beam|p2a: Marowak
|-damage|p2a: Marowak|170\/291
|move|p2a: Marowak|Earthquake|p1a: Machamp
|-damage|p1a: Machamp|0 fnt
|faint|p1a: Machamp
|
|switch|p1a: Charmeleon|Charmeleon, L85|272\/272
|turn|21
|c|★TheAntelope|interesting...
|
|move|p1a: Charmeleon|Fire Blast|p2a: Marowak
|-damage|p2a: Marowak|40\/291
|move|p2a: Marowak|Earthquake|p1a: Charmeleon
|-supereffective|p1a: Charmeleon
|-damage|p1a: Charmeleon|15\/272
|
|turn|22
|c|★TheAntelope|very interesting
|
|move|p1a: Charmeleon|Body Slam|p2a: Marowak
|-crit|p2a: Marowak
|-damage|p2a: Marowak|0 fnt
|faint|p2a: Marowak
|
|win|Tomqualley
|c|★TheAntelope|gg
|raw|Tomqualley's rating: 1115 &rarr; <strong>1145<\/strong><br \/>(+30 for winning)
|raw|TheAntelope's rating: 1180 &rarr; <strong>1151<\/strong><br \/>(-29 for losing)
|c|★Tomqualley|No matter what, that was a legit good game
|c|★TheAntelope|yep
|leave|TheAntelope
|player|p2