|join|yaldyyyy
|join|Chargin' Chuck
|player|p1|yaldyyyy|1
|player|p2|Chargin' Chuck|176
|gametype|singles
|gen|1
|tier|[Gen 1] Random Battle
|rated
|rule|Sleep Clause Mod: Limit one foe put to sleep
|rule|Freeze Clause Mod: Limit one foe frozen
|rule|HP Percentage Mod: HP is shown in percentages
|
|start
|switch|p1a: Poliwag|Poliwag, L96|272\/272
|switch|p2a: Oddish|Oddish, L96|281\/281
|turn|1
|
|move|p1a: Poliwag|Hypnosis|p2a: Oddish|[miss]
|-miss|p1a: Poliwag
|move|p2a: Oddish|Sleep Powder|p1a: Poliwag
|-status|p1a: Poliwag|slp
|
|turn|2
|
|switch|p1a: Farfetch'd|Farfetch'd, L99|304\/304
|switch|p2a: Electabuzz|Electabuzz, L85|284\/284
|
|turn|3
|
|switch|p1a: Ekans|Ekans, L96|262\/262
|move|p2a: Electabuzz|Thunderbolt|p1a: Ekans
|-damage|p1a: Ekans|139\/262
|
|turn|4
|
|move|p2a: Electabuzz|Psychic|p1a: Ekans
|-supereffective|p1a: Ekans
|-damage|p1a: Ekans|0 fnt
|faint|p1a: Ekans
|
|switch|p1a: Wigglytuff|Wigglytuff, L90|435\/435
|turn|5
|
|move|p2a: Electabuzz|Thunderbolt|p1a: Wigglytuff
|-damage|p1a: Wigglytuff|315\/435
|move|p1a: Wigglytuff|Double-Edge|p2a: Electabuzz
|-damage|p2a: Electabuzz|164\/284
|-damage|p1a: Wigglytuff|285\/435|[from] recoil|[of] p2a: Electabuzz
|
|turn|6
|
|switch|p2a: Aerodactyl|Aerodactyl, L90|327\/327
|move|p1a: Wigglytuff|Double-Edge|p2a: Aerodactyl
|-resisted|p2a: Aerodactyl
|-damage|p2a: Aerodactyl|267\/327
|-damage|p1a: Wigglytuff|270\/435|[from] recoil|[of] p2a: Aerodactyl
|
|turn|7
|
|move|p2a: Aerodactyl|Double-Edge|p1a: Wigglytuff
|-damage|p1a: Wigglytuff|157\/435
|-damage|p2a: Aerodactyl|239\/327|[from] recoil|[of] p1a: Wigglytuff
|move|p1a: Wigglytuff|Blizzard|p2a: Aerodactyl
|-supereffective|p2a: Aerodactyl
|-damage|p2a: Aerodactyl|71\/327
|
|turn|8
|
|move|p2a: Aerodactyl|Hyper Beam|p1a: Wigglytuff
|-damage|p1a: Wigglytuff|0 fnt
|faint|p1a: Wigglytuff
|
|switch|p1a: Raichu|Raichu, L85|276\/276
|turn|9
|
|move|p2a: Aerodactyl|Hyper Beam|p1a: Raichu|[miss]
|-miss|p2a: Aerodactyl
|move|p1a: Raichu|Surf|p2a: Aerodactyl
|-crit|p2a: Aerodactyl
|-supereffective|p2a: Aerodactyl
|-damage|p2a: Aerodactyl|0 fnt
|faint|p2a: Aerodactyl
|
|switch|p2a: Chansey|Chansey, L79|557\/557
|turn|10
|
|switch|p1a: Farfetch'd|Farfetch'd, L99|304\/304
|move|p2a: Chansey|Counter|p1a: Farfetch'd
|-fail|p2a: Chansey
|
|turn|11
|
|move|p1a: Farfetch'd|Slash|p2a: Chansey
|-crit|p2a: Chansey
|-damage|p2a: Chansey|137\/557
|move|p2a: Chansey|Thunder Wave|p1a: Farfetch'd
|-status|p1a: Farfetch'd|par
|
|turn|12
|
|switch|p2a: Metapod|Metapod, L99|300\/300
|cant|p1a: Farfetch'd|par
|
|turn|13
|
|move|p2a: Metapod|Tackle|p1a: Farfetch'd
|-damage|p1a: Farfetch'd|285\/304 par
|cant|p1a: Farfetch'd|par
|
|turn|14
|
|move|p2a: Metapod|Tackle|p1a: Farfetch'd
|-damage|p1a: Farfetch'd|265\/304 par
|move|p1a: Farfetch'd|Slash|p2a: Metapod
|-crit|p2a: Metapod
|-damage|p2a: Metapod|137\/300
|
|turn|15
|
|move|p2a: Metapod|Tackle|p1a: Farfetch'd
|-damage|p1a: Farfetch'd|246\/304 par
|move|p1a: Farfetch'd|Slash|p2a: Metapod
|-crit|p2a: Metapod
|-damage|p2a: Metapod|0 fnt
|faint|p2a: Metapod
|
|switch|p2a: Electabuzz|Electabuzz, L85|164\/284
|turn|16
|
|switch|p1a: Raichu|Raichu, L85|276\/276
|move|p2a: Electabuzz|Thunder Wave|p1a: Raichu
|-status|p1a: Raichu|par
|
|turn|17
|
|switch|p2a: Oddish|Oddish, L96|281\/281
|move|p1a: Raichu|Body Slam|p2a: Oddish
|-damage|p2a: Oddish|208\/281
|
|turn|18
|
|switch|p1a: Farfetch'd|Farfetch'd, L99|246\/304 par
|move|p2a: Oddish|Swords Dance|p2a: Oddish
|-boost|p2a: Oddish|atk|2
|
|turn|19
|
|move|p2a: Oddish|Double-Edge|p1a: Farfetch'd
|-damage|p1a: Farfetch'd|113\/304 par
|-damage|p2a: Oddish|175\/281|[from] recoil|[of] p1a: Farfetch'd
|move|p1a: Farfetch'd|Slash|p2a: Oddish
|-crit|p2a: Oddish
|-damage|p2a: Oddish|5\/281
|
|turn|20
|
|switch|p1a: Primeape|Primeape, L90|300\/300
|move|p2a: Oddish|Double-Edge|p1a: Primeape
|-damage|p1a: Primeape|148\/300
|-damage|p2a: Oddish|0 fnt|[from] recoil|[of] p1a: Primeape
|faint|p2a: Oddish
|
|switch|p2a: Poliwag|Poliwag, L96|272\/272
|turn|21
|
|move|p2a: Poliwag|Amnesia|p2a: Poliwag
|-boost|p2a: Poliwag|spd|2
|-boost|p2a: Poliwag|spa|2
|move|p1a: Primeape|Submission|p2a: Poliwag
|-damage|p2a: Poliwag|140\/272
|-damage|p1a: Primeape|115\/300|[from] recoil|[of] p2a: Poliwag
|
|turn|22
|
|move|p2a: Poliwag|Surf|p1a: Primeape
|-crit|p1a: Primeape
|-damage|p1a: Primeape|0 fnt
|faint|p1a: Primeape
|
|switch|p1a: Raichu|Raichu, L85|276\/276 par
|turn|23
|
|move|p2a: Poliwag|Surf|p1a: Raichu
|-crit|p1a: Raichu
|-damage|p1a: Raichu|134\/276 par
|move|p1a: Raichu|Thunderbolt|p2a: Poliwag
|-supereffective|p2a: Poliwag
|-damage|p2a: Poliwag|13\/272
|
|turn|24
|
|switch|p1a: Poliwag|Poliwag, L96|272\/272 slp
|move|p2a: Poliwag|Surf|p1a: Poliwag
|-resisted|p1a: Poliwag
|-damage|p1a: Poliwag|163\/272 slp
|
|turn|25
|
|switch|p2a: Electabuzz|Electabuzz, L85|164\/284
|cant|p1a: Poliwag|slp
|
|turn|26
|
|-curestatus|p1a: Poliwag|slp
|move|p2a: Electabuzz|Psychic|p1a: Poliwag
|-damage|p1a: Poliwag|84\/272
|-unboost|p1a: Poliwag|spd|1
|-unboost|p1a: Poliwag|spa|1
|
|turn|27
|
|move|p1a: Poliwag|Blizzard|p2a: Electabuzz
|-damage|p2a: Electabuzz|116\/284
|move|p2a: Electabuzz|Psychic|p1a: Poliwag
|-damage|p1a: Poliwag|0 fnt
|faint|p1a: Poliwag
|
|switch|p1a: Farfetch'd|Farfetch'd, L99|113\/304 par
|turn|28
|
|move|p2a: Electabuzz|Thunderbolt|p1a: Farfetch'd
|-supereffective|p1a: Farfetch'd
|-damage|p1a: Farfetch'd|0 fnt
|faint|p1a: Farfetch'd
|
|switch|p1a: Raichu|Raichu, L85|134\/276 par
|turn|29
|
|move|p2a: Electabuzz|Psychic|p1a: Raichu
|-crit|p1a: Raichu
|-damage|p1a: Raichu|21\/276 par
|move|p1a: Raichu|Body Slam|p2a: Electabuzz
|-damage|p2a: Electabuzz|36\/284
|
|turn|30
|
|move|p2a: Electabuzz|Thunderbolt|p1a: Raichu
|-resisted|p1a: Raichu
|-damage|p1a: Raichu|0 fnt
|faint|p1a: Raichu
|
|win|Chargin' Chuck
|leave|yaldyyyy
|player|p1
|raw|yaldyyyy's rating: 1276 &rarr; <strong>1255<\/strong><br \/>(-21 for losing)
|raw|Chargin&apos; Chuck's rating: 1330 &rarr; <strong>1347<\/strong><br \/>(+17 for winning)