|join|awesomedude137
|join|Merlin Engine
|player|p1|awesomedude137|167
|player|p2|Merlin Engine|165
|gametype|singles
|gen|1
|tier|[Gen 1] Random Battle
|rated
|seed|42611,664,56091,34896
|rule|Sleep Clause Mod: Limit one foe put to sleep
|rule|Freeze Clause Mod: Limit one foe frozen
|rule|HP Percentage Mod: HP is shown in percentages
|
|start
|switch|p1a: Kakuna|Kakuna, L99|290\/290
|switch|p2a: Scyther|Scyther, L90|309\/309
|turn|1
|c|★awesomedude137|Dat old-school background doe
|c|★Merlin Engine|you could say it's...
|c|★Merlin Engine|awesome?
|c|★Merlin Engine|;)
|choice|switch 3|move 3
|
|switch|p1a: Magmar|Magmar, L90|300\/300
|move|p2a: Scyther|Swords Dance|p2a: Scyther
|-boost|p2a: Scyther|atk|2
|
|turn|2
|c|★awesomedude137|I don't get it
|c|★Merlin Engine|-_-
|choice|move 1|move 3
|
|move|p2a: Scyther|Swords Dance|p2a: Scyther
|-boost|p2a: Scyther|atk|2
|move|p1a: Magmar|Fire Blast|p2a: Scyther
|-supereffective|p2a: Scyther
|-damage|p2a: Scyther|0 fnt
|faint|p2a: Scyther
|choice||switch 3
|
|switch|p2a: Tentacool|Tentacool, L96|272\/272
|turn|3
|choice|switch 4|move 1
|
|switch|p1a: Jolteon|Jolteon, L79|265\/265
|move|p2a: Tentacool|Hydro Pump|p1a: Jolteon
|-damage|p1a: Jolteon|122\/265
|
|turn|4
|choice|move 1|move 1
|
|move|p1a: Jolteon|Thunderbolt|p2a: Tentacool
|-supereffective|p2a: Tentacool
|-damage|p2a: Tentacool|120\/272
|move|p2a: Tentacool|Hydro Pump|p1a: Jolteon
|-damage|p1a: Jolteon|0 fnt
|faint|p1a: Jolteon
|choice|switch 5|
|
|switch|p1a: Tauros|Tauros, L79|280\/280
|turn|5
|choice|move 2|move 1
|
|move|p1a: Tauros|Body Slam|p2a: Tentacool
|-damage|p2a: Tentacool|11\/272
|move|p2a: Tentacool|Hydro Pump|p1a: Tauros|[miss]
|-miss|p2a: Tentacool
|
|turn|6
|choice|move 2|switch 6
|
|switch|p2a: Ninetales|Ninetales, L85|298\/298
|move|p1a: Tauros|Body Slam|p2a: Ninetales
|-damage|p2a: Ninetales|206\/298
|-status|p2a: Ninetales|par
|
|turn|7
|choice|move 3|move 1
|
|move|p1a: Tauros|Earthquake|p2a: Ninetales
|-crit|p2a: Ninetales
|-supereffective|p2a: Ninetales
|-damage|p2a: Ninetales|0 fnt
|faint|p2a: Ninetales
|choice||switch 2
|
|switch|p2a: Kadabra|Kadabra, L85|242\/242
|turn|8
|choice|move 2|move 2
|
|move|p2a: Kadabra|Thunder Wave|p1a: Tauros
|-status|p1a: Tauros|par
|move|p1a: Tauros|Body Slam|p2a: Kadabra
|-damage|p2a: Kadabra|105\/242
|-status|p2a: Kadabra|par
|
|turn|9
|choice|move 2|move 1
|
|move|p2a: Kadabra|Psychic|p1a: Tauros
|-damage|p1a: Tauros|142\/280 par
|move|p1a: Tauros|Body Slam|p2a: Kadabra
|-damage|p2a: Kadabra|0 fnt
|faint|p2a: Kadabra
|choice||switch 4
|
|switch|p2a: Hypno|Hypno, L85|318\/318
|turn|10
|choice|move 2|move 1
|
|move|p2a: Hypno|Psychic|p1a: Tauros
|-damage|p1a: Tauros|15\/280 par
|-unboost|p1a: Tauros|spd|1
|-unboost|p1a: Tauros|spa|1
|cant|p1a: Tauros|par
|
|turn|11
|choice|switch 3|move 1
|
|switch|p1a: Kakuna|Kakuna, L99|290\/290
|move|p2a: Hypno|Psychic|p1a: Kakuna
|-supereffective|p1a: Kakuna
|-damage|p1a: Kakuna|0 fnt
|faint|p1a: Kakuna
|c|★awesomedude137|Oops.
|c|★awesomedude137|Forgot that gen 1 bugs were weak to psychic
|choice|switch 6|
|
|switch|p1a: Seadra|Seadra, L90|282\/282
|turn|12
|choice|move 3|move 4
|
|move|p1a: Seadra|Smokescreen|p2a: Hypno
|-unboost|p2a: Hypno|accuracy|1
|move|p2a: Hypno|Thunder Wave|p1a: Seadra
|-status|p1a: Seadra|par
|
|turn|13
|choice|move 3|move 1
|
|move|p2a: Hypno|Psychic|p1a: Seadra
|-damage|p1a: Seadra|179\/282 par
|move|p1a: Seadra|Smokescreen|p2a: Hypno
|-unboost|p2a: Hypno|accuracy|1
|
|turn|14
|choice|move 3|switch 5
|
|switch|p2a: Gengar|Gengar, L79|257\/257
|move|p1a: Seadra|Smokescreen|p2a: Gengar
|-unboost|p2a: Gengar|accuracy|1
|
|turn|15
|c|★awesomedude137|There's no clause in effect that says I can't do it
|choice|move 3|switch 5
|
|switch|p2a: Hypno|Hypno, L85|318\/318
|cant|p1a: Seadra|par
|
|turn|16
|choice|move 3|move 1
|
|move|p2a: Hypno|Psychic|p1a: Seadra
|-damage|p1a: Seadra|85\/282 par
|move|p1a: Seadra|Smokescreen|p2a: Hypno
|-unboost|p2a: Hypno|accuracy|1
|
|turn|17
|choice|move 3|move 1
|
|move|p2a: Hypno|Psychic|p1a: Seadra
|-damage|p1a: Seadra|0 fnt
|faint|p1a: Seadra
|choice|switch 4|
|
|switch|p1a: Magmar|Magmar, L90|300\/300
|turn|18
|choice|move 3|move 4
|
|move|p1a: Magmar|Confuse Ray|p2a: Hypno
|-start|p2a: Hypno|confusion
|-activate|p2a: Hypno|confusion
|-damage|p2a: Hypno|287\/318|[from] confusion
|
|turn|19
|c|★awesomedude137|>:D
|choice|move 2|move 4
|
|move|p1a: Magmar|Body Slam|p2a: Hypno
|-crit|p2a: Hypno
|-damage|p2a: Hypno|126\/318
|-end|p2a: Hypno|confusion
|move|p2a: Hypno|Thunder Wave|p1a: Magmar
|-status|p1a: Magmar|par
|
|turn|20
|c|★awesomedude137|D:
|choice|move 2|move 1
|
|move|p2a: Hypno|Psychic|p1a: Magmar
|-damage|p1a: Magmar|187\/300 par
|cant|p1a: Magmar|par
|
|turn|21
|choice|move 2|move 1
|
|move|p2a: Hypno|Psychic|p1a: Magmar|[miss]
|-miss|p2a: Hypno
|move|p1a: Magmar|Body Slam|p2a: Hypno
|-damage|p2a: Hypno|46\/318
|
|turn|22
|choice|move 2|move 2
|
|move|p2a: Hypno|Rest|p2a: Hypno
|-status|p2a: Hypno|slp
|-heal|p2a: Hypno|318\/318 slp|[silent]
|-status|p2a: Hypno|slp|[from] move: Rest
|move|p1a: Magmar|Body Slam|p2a: Hypno
|-damage|p2a: Hypno|235\/318 slp
|
|turn|23
|c|★awesomedude137|D:<
|choice|move 3|switch 5
|
|switch|p2a: Gengar|Gengar, L79|257\/257
|move|p1a: Magmar|Confuse Ray|p2a: Gengar
|-start|p2a: Gengar|confusion
|
|turn|24
|choice|move 1|move 4
|
|-activate|p2a: Gengar|confusion
|move|p2a: Gengar|Psychic|p1a: Magmar
|-damage|p1a: Magmar|125\/300 par
|-unboost|p1a: Magmar|spd|1
|-unboost|p1a: Magmar|spa|1
|cant|p1a: Magmar|par
|
|turn|25
|choice|move 1|move 4
|
|-activate|p2a: Gengar|confusion
|-damage|p2a: Gengar|228\/257|[from] confusion
|cant|p1a: Magmar|par
|
|turn|26
|choice|move 2|move 4
|
|-activate|p2a: Gengar|confusion
|move|p2a: Gengar|Psychic|p1a: Magmar
|-damage|p1a: Magmar|23\/300 par
|-unboost|p1a: Magmar|spd|1
|-unboost|p1a: Magmar|spa|1
|cant|p1a: Magmar|par
|
|turn|27
|c|★Merlin Engine|that special drop, tho
|c|★Merlin Engine|completely useless :(
|choice|move 2|move 4
|
|-end|p2a: Gengar|confusion
|move|p2a: Gengar|Psychic|p1a: Magmar
|-damage|p1a: Magmar|0 fnt
|faint|p1a: Magmar
|c|★awesomedude137|Time for my trump card!
|choice|switch 2|
|
|switch|p1a: Alakazam|Alakazam, L79|249\/249
|turn|28
|choice|move 2|move 1
|
|move|p1a: Alakazam|Thunder Wave|p2a: Gengar
|-status|p2a: Gengar|par
|move|p2a: Gengar|Hypnosis|p1a: Alakazam
|-status|p1a: Alakazam|slp
|
|turn|29
|choice|move 3|move 2
|
|cant|p1a: Alakazam|slp
|move|p2a: Gengar|Thunderbolt|p1a: Alakazam
|-damage|p1a: Alakazam|188\/249 slp
|
|turn|30
|choice|move 3|move 2
|
|-curestatus|p1a: Alakazam|slp
|move|p2a: Gengar|Thunderbolt|p1a: Alakazam
|-damage|p1a: Alakazam|135\/249
|
|turn|31
|choice|move 1|move 3
|
|move|p1a: Alakazam|Psychic|p2a: Gengar
|-supereffective|p2a: Gengar
|-damage|p2a: Gengar|47\/257 par
|cant|p2a: Gengar|par
|
|turn|32
|c|★Merlin Engine|noooooo
|c|★Merlin Engine|dat explosion
|choice|move 1|move 3
|
|move|p1a: Alakazam|Psychic|p2a: Gengar
|-crit|p2a: Gengar
|-supereffective|p2a: Gengar
|-damage|p2a: Gengar|0 fnt
|faint|p2a: Gengar
|c|★awesomedude137|Yeessssss >:D
|choice||switch 5
|
|switch|p2a: Hypno|Hypno, L85|235\/318 slp
|turn|33
|choice|move 1|move 3
|
|move|p1a: Alakazam|Psychic|p2a: Hypno
|-resisted|p2a: Hypno
|-damage|p2a: Hypno|192\/318 slp
|-unboost|p2a: Hypno|spd|1
|-unboost|p2a: Hypno|spa|1
|cant|p2a: Hypno|slp
|
|turn|34
|choice|move 2|switch 6
|
|switch|p2a: Tentacool|Tentacool, L96|11\/272
|move|p1a: Alakazam|Thunder Wave|p2a: Tentacool
|-status|p2a: Tentacool|par
|
|turn|35
|c|★Merlin Engine|spec drops like you :)
|choice|move 4|switch 6
|
|switch|p2a: Hypno|Hypno, L85|192\/318 slp
|move|p1a: Alakazam|Seismic Toss|p2a: Hypno
|-damage|p2a: Hypno|113\/318 slp
|
|turn|36
|choice|move 2|move 3
|
|move|p1a: Alakazam|Thunder Wave|p2a: Hypno
|-fail|p2a: Hypno
|-curestatus|p2a: Hypno|slp
|
|turn|37
|choice|move 2|move 3
|
|move|p1a: Alakazam|Thunder Wave|p2a: Hypno
|-status|p2a: Hypno|par
|move|p2a: Hypno|Hypnosis|p1a: Alakazam
|-status|p1a: Alakazam|slp
|
|turn|38
|c|★awesomedude137|D:<
|choice|move 4|move 1
|
|cant|p1a: Alakazam|slp
|cant|p2a: Hypno|par
|
|turn|39
|choice|move 4|move 1
|
|cant|p1a: Alakazam|slp
|move|p2a: Hypno|Psychic|p1a: Alakazam
|-resisted|p1a: Alakazam
|-damage|p1a: Alakazam|92\/249 slp
|-unboost|p1a: Alakazam|spd|1
|-unboost|p1a: Alakazam|spa|1
|
|turn|40
|choice|move 4|move 1
|
|-curestatus|p1a: Alakazam|slp
|move|p2a: Hypno|Psychic|p1a: Alakazam
|-resisted|p1a: Alakazam
|-damage|p1a: Alakazam|26\/249
|
|turn|41
|choice|move 4|move 3
|
|move|p1a: Alakazam|Seismic Toss|p2a: Hypno
|-damage|p2a: Hypno|34\/318 par
|move|p2a: Hypno|Hypnosis|p1a: Alakazam
|-status|p1a: Alakazam|slp
|
|turn|42
|choice|switch 3|move 2
|
|switch|p1a: Tauros|Tauros, L79|15\/280 par
|move|p2a: Hypno|Rest|p2a: Hypno
|-status|p2a: Hypno|slp
|-heal|p2a: Hypno|318\/318 slp|[silent]
|-status|p2a: Hypno|slp|[from] move: Rest
|
|turn|43
|c|★awesomedude137|NOOOOOOOOOOOOOOOOOOOOOOO
|choice|move 1|move 1
|
|move|p1a: Tauros|Hyper Beam|p2a: Hypno
|-damage|p2a: Hypno|168\/318 slp
|cant|p2a: Hypno|slp
|
|turn|44
|-mustrecharge|p1a: Tauros
|-mustrecharge|p1a: Tauros
|choice|move 1|move 1
|
|cant|p1a: Tauros|recharge
|-curestatus|p2a: Hypno|slp
|
|turn|45
|choice|move 2|move 1
|
|move|p1a: Tauros|Body Slam|p2a: Hypno
|-crit|p2a: Hypno
|-damage|p2a: Hypno|1\/318
|move|p2a: Hypno|Psychic|p1a: Tauros
|-damage|p1a: Tauros|0 fnt
|faint|p1a: Tauros
|c|★Merlin Engine|yes! XD
|c|★awesomedude137|COME ON ALAKAZAM!
|c|★awesomedude137|I BELIEVE IN YOU!
|choice|switch 3|
|
|switch|p1a: Alakazam|Alakazam, L79|26\/249 slp
|turn|46
|choice|move 1|move 1
|
|-curestatus|p1a: Alakazam|slp
|move|p2a: Hypno|Psychic|p1a: Alakazam
|-crit|p1a: Alakazam
|-resisted|p1a: Alakazam
|-damage|p1a: Alakazam|0 fnt
|faint|p1a: Alakazam
|
|win|Merlin Engine
|c|★awesomedude137|Oh, right.
|c|★Merlin Engine|wp
|c|★Merlin Engine|gg
|c|★awesomedude137|He's asleep.
|c|★awesomedude137|gg
|c|★Merlin Engine|that was the weirdest match ever
|c|★awesomedude137|YOU HAD 1 JOB!
||Ladder (probably) updated, but score could not be retrieved (Response not received).
|c|★Merlin Engine|XD
|c|★Merlin Engine|re?
|c|★awesomedude137|YOU HAD 1 JOB ALAKAZAM!
|c|★awesomedude137|No, I'm short on time
|c|★awesomedude137|I'd love to, but I can't
|c|★awesomedude137|:(
|c|★Merlin Engine|ok
|c|★Merlin Engine|next time, gator
|c|★awesomedude137|Bye!
|c|★Merlin Engine|bye
|leave|awesomedude137
|player|p1