|j|diskoliperiodos
|j|greenranger2006
|player|p1|diskoliperiodos|2
|player|p2|greenranger2006|163
|gametype|singles
|gen|1
|tier|[Gen 1] Random Battle
|rated
|seed|
|rule|Sleep Clause Mod: Limit one foe put to sleep
|rule|Freeze Clause Mod: Limit one foe frozen
|rule|HP Percentage Mod: HP is shown in percentages
|
|start
|switch|p1a: Shellder|Shellder, L96|100\/100
|switch|p2a: Nidoking|Nidoking, L85|100\/100
|turn|1
|choice||
|
|move|p2a: Nidoking|Thunderbolt|p1a: Shellder
|-supereffective|p1a: Shellder
|-damage|p1a: Shellder|39\/100
|move|p1a: Shellder|Surf|p2a: Nidoking
|-crit|p2a: Nidoking
|-supereffective|p2a: Nidoking
|-damage|p2a: Nidoking|0 fnt
|faint|p2a: Nidoking
|choice||
|
|switch|p2a: Mr. Mime|Mr. Mime, L85|100\/100
|turn|2
|choice||
|
|move|p2a: Mr. Mime|Thunderbolt|p1a: Shellder
|-crit|p1a: Shellder
|-supereffective|p1a: Shellder
|-damage|p1a: Shellder|0 fnt
|faint|p1a: Shellder
|choice||
|
|switch|p1a: Ponyta|Ponyta, L96|100\/100
|turn|3
|choice||
|
|move|p1a: Ponyta|Substitute|p1a: Ponyta
|-start|p1a: Ponyta|Substitute
|-damage|p1a: Ponyta|76\/100
|move|p2a: Mr. Mime|Thunder Wave|p1a: Ponyta
|-status|p1a: Ponyta|par
|
|turn|4
|choice||
|
|move|p2a: Mr. Mime|Psychic|p1a: Ponyta
|-end|p1a: Ponyta|Substitute
|cant|p1a: Ponyta|par
|
|turn|5
|choice||
|
|move|p2a: Mr. Mime|Psychic|p1a: Ponyta
|-damage|p1a: Ponyta|38\/100 par
|cant|p1a: Ponyta|par
|
|turn|6
|choice||
|
|move|p2a: Mr. Mime|Psychic|p1a: Ponyta
|-crit|p1a: Ponyta
|-damage|p1a: Ponyta|0 fnt
|faint|p1a: Ponyta
|choice||
|
|switch|p1a: Weezing|Weezing, L90|100\/100
|turn|7
|choice||
|
|move|p2a: Mr. Mime|Psychic|p1a: Weezing
|-supereffective|p1a: Weezing
|-damage|p1a: Weezing|31\/100
|move|p1a: Weezing|Explosion|p2a: Mr. Mime
|-damage|p2a: Mr. Mime|0 fnt
|faint|p2a: Mr. Mime
|faint|p1a: Weezing
|choice||
|
|switch|p1a: Dragonite|Dragonite, L85|100\/100
|switch|p2a: Articuno|Articuno, L79|100\/100
|turn|8
|choice||
|
|switch|p1a: Vaporeon|Vaporeon, L85|100\/100
|move|p2a: Articuno|Blizzard|p1a: Vaporeon
|-resisted|p1a: Vaporeon
|-damage|p1a: Vaporeon|86\/100
|
|turn|9
|choice||
|
|move|p2a: Articuno|Reflect|p2a: Articuno
|-start|p2a: Articuno|Reflect
|move|p1a: Vaporeon|Body Slam|p2a: Articuno
|-damage|p2a: Articuno|93\/100
|
|turn|10
|choice||
|
|move|p2a: Articuno|Mimic|p1a: Vaporeon
|-start|p2a: Articuno|Mimic|Body Slam
|move|p1a: Vaporeon|Mimic|p2a: Articuno
|-start|p1a: Vaporeon|Mimic|Body Slam
|
|turn|11
|choice||
|
|move|p2a: Articuno|Body Slam|p1a: Vaporeon
|-damage|p1a: Vaporeon|71\/100
|-status|p1a: Vaporeon|par
|cant|p1a: Vaporeon|par
|
|turn|12
|choice||
|
|move|p2a: Articuno|Body Slam|p1a: Vaporeon
|-damage|p1a: Vaporeon|55\/100 par
|move|p1a: Vaporeon|Blizzard|p2a: Articuno
|-damage|p2a: Articuno|68\/100
|
|turn|13
|choice||
|
|move|p2a: Articuno|Body Slam|p1a: Vaporeon
|-damage|p1a: Vaporeon|40\/100 par
|move|p1a: Vaporeon|Hydro Pump|p2a: Articuno|[miss]
|-miss|p1a: Vaporeon
|
|turn|14
|choice||
|
|move|p2a: Articuno|Body Slam|p1a: Vaporeon
|-damage|p1a: Vaporeon|24\/100 par
|move|p1a: Vaporeon|Hydro Pump|p2a: Articuno
|-damage|p2a: Articuno|26\/100
|
|turn|15
|choice||
|
|move|p2a: Articuno|Body Slam|p1a: Vaporeon
|-damage|p1a: Vaporeon|8\/100 par
|move|p1a: Vaporeon|Hydro Pump|p2a: Articuno|[miss]
|-miss|p1a: Vaporeon
|
|turn|16
|choice||
|
|move|p2a: Articuno|Body Slam|p1a: Vaporeon
|-damage|p1a: Vaporeon|0 fnt
|faint|p1a: Vaporeon
|choice||
|
|switch|p1a: Dragonite|Dragonite, L85|100\/100
|turn|17
|choice||
|
|move|p1a: Dragonite|Thunderbolt|p2a: Articuno
|-supereffective|p2a: Articuno
|-damage|p2a: Articuno|0 fnt
|faint|p2a: Articuno
|choice||
|
|switch|p2a: Machamp|Machamp, L90|100\/100
|turn|18
|choice||
|
|move|p1a: Dragonite|Blizzard|p2a: Machamp
|-damage|p2a: Machamp|70\/100
|move|p2a: Machamp|Rock Slide|p1a: Dragonite
|-supereffective|p1a: Dragonite
|-damage|p1a: Dragonite|59\/100
|
|turn|19
|choice||
|
|move|p1a: Dragonite|Blizzard|p2a: Machamp
|-damage|p2a: Machamp|40\/100
|move|p2a: Machamp|Rock Slide|p1a: Dragonite
|-supereffective|p1a: Dragonite
|-damage|p1a: Dragonite|18\/100
|
|turn|20
|choice||
|
|move|p1a: Dragonite|Hyper Beam|p2a: Machamp
|-damage|p2a: Machamp|0 fnt
|faint|p2a: Machamp
|choice||
|
|switch|p2a: Alakazam|Alakazam, L79|100\/100
|turn|21
|choice||
|
|move|p2a: Alakazam|Psychic|p1a: Dragonite
|-damage|p1a: Dragonite|0 fnt
|faint|p1a: Dragonite
|choice||
|
|switch|p1a: Tauros|Tauros, L79|100\/100
|turn|22
|choice||
|
|move|p2a: Alakazam|Reflect|p2a: Alakazam
|-start|p2a: Alakazam|Reflect
|move|p1a: Tauros|Hyper Beam|p2a: Alakazam
|-damage|p2a: Alakazam|56\/100
|
|turn|23
|-mustrecharge|p1a: Tauros
|-mustrecharge|p1a: Tauros
|choice||
|
|move|p2a: Alakazam|Thunder Wave|p1a: Tauros
|-status|p1a: Tauros|par
|cant|p1a: Tauros|recharge
|
|turn|24
|choice||
|
|move|p2a: Alakazam|Recover|p2a: Alakazam
|-heal|p2a: Alakazam|100\/100
|move|p1a: Tauros|Hyper Beam|p2a: Alakazam
|-crit|p2a: Alakazam
|-damage|p2a: Alakazam|0 fnt
|faint|p2a: Alakazam
|choice||
|
|switch|p2a: Rhydon|Rhydon, L79|100\/100
|turn|25
|choice||
|
|move|p2a: Rhydon|Earthquake|p1a: Tauros
|-damage|p1a: Tauros|61\/100 par
|cant|p1a: Tauros|par
|
|turn|26
|choice||
|
|move|p2a: Rhydon|Earthquake|p1a: Tauros|[miss]
|-miss|p2a: Rhydon
|move|p1a: Tauros|Blizzard|p2a: Rhydon
|-supereffective|p2a: Rhydon
|-damage|p2a: Rhydon|46\/100
|
|turn|27
|choice||
|
|move|p2a: Rhydon|Earthquake|p1a: Tauros
|-damage|p1a: Tauros|23\/100 par
|move|p1a: Tauros|Blizzard|p2a: Rhydon
|-supereffective|p2a: Rhydon
|-damage|p2a: Rhydon|0 fnt
|faint|p2a: Rhydon
|
|win|diskoliperiodos
|player|p1
|player|p2
|raw|diskoliperiodos's rating: 1332 &rarr; <strong>1343<\/strong><br \/>(+11 for winning)
|raw|greenranger2006's rating: 1168 &rarr; <strong>1154<\/strong><br \/>(-14 for losing)
|c|★greenranger2006|lcuky
|l|greenranger2006