|j|ankitkhetrapal
|j|vsterel
|player|p1|ankitkhetrapal|52
|player|p2|vsterel|102
|gametype|singles
|gen|1
|tier|[Gen 1] Random Battle
|rated
|seed|64853,18151,59124,2137
|rule|Sleep Clause Mod: Limit one foe put to sleep
|rule|Freeze Clause Mod: Limit one foe frozen
|rule|HP Percentage Mod: HP is shown in percentages
|
|start
|switch|p1a: Sandshrew|Sandshrew, L96|291\/291
|switch|p2a: Vaporeon|Vaporeon, L85|395\/395
|turn|1
|choice|switch 6|move 1
|
|switch|p1a: Slowbro|Slowbro, L79|312\/312
|move|p2a: Vaporeon|Blizzard|p1a: Slowbro
|-resisted|p1a: Slowbro
|-damage|p1a: Slowbro|261\/312
|
|turn|2
|choice|move 3|switch 3
|
|switch|p2a: Chansey|Chansey, L79|557\/557
|move|p1a: Slowbro|Thunder Wave|p2a: Chansey
|-status|p2a: Chansey|par
|
|turn|3
|choice|move 4|move 3
|
|move|p1a: Slowbro|Amnesia|p1a: Slowbro
|-boost|p1a: Slowbro|spd|2
|-boost|p1a: Slowbro|spa|2
|cant|p2a: Chansey|par
|
|turn|4
|choice|move 4|move 3
|
|move|p1a: Slowbro|Amnesia|p1a: Slowbro
|-boost|p1a: Slowbro|spd|2
|-boost|p1a: Slowbro|spa|2
|move|p2a: Chansey|Thunder Wave|p1a: Slowbro
|-status|p1a: Slowbro|par
|
|turn|5
|choice|move 4|move 4
|
|move|p1a: Slowbro|Amnesia|p1a: Slowbro
|-boost|p1a: Slowbro|spd|2
|-boost|p1a: Slowbro|spa|2
|cant|p2a: Chansey|par
|
|turn|6
|choice|move 2|move 4
|
|cant|p1a: Slowbro|par
|move|p2a: Chansey|Thunderbolt|p1a: Slowbro
|-supereffective|p1a: Slowbro
|-damage|p1a: Slowbro|225\/312 par
|
|turn|7
|choice|move 2|move 4
|
|move|p1a: Slowbro|Surf|p2a: Chansey
|-damage|p2a: Chansey|259\/557 par
|move|p2a: Chansey|Thunderbolt|p1a: Slowbro
|-supereffective|p1a: Slowbro
|-damage|p1a: Slowbro|186\/312 par
|
|turn|8
|choice|move 2|move 4
|
|move|p1a: Slowbro|Surf|p2a: Chansey
|-damage|p2a: Chansey|0 fnt
|faint|p2a: Chansey
|choice||switch 5
|
|switch|p2a: Exeggutor|Exeggutor, L79|312\/312
|turn|9
|choice|move 3|move 3
|
|move|p2a: Exeggutor|Mega Drain|p1a: Slowbro
|-supereffective|p1a: Slowbro
|-damage|p1a: Slowbro|159\/312 par
|move|p1a: Slowbro|Thunder Wave|p2a: Exeggutor
|-status|p2a: Exeggutor|par
|
|turn|10
|choice|move 1|move 2
|
|cant|p2a: Exeggutor|par
|move|p1a: Slowbro|Rest|p1a: Slowbro
|-status|p1a: Slowbro|slp
|-heal|p1a: Slowbro|312\/312 slp|[silent]
|-status|p1a: Slowbro|slp|[from] move: Rest
|
|turn|11
|choice|move 2|move 3
|
|cant|p2a: Exeggutor|par
|cant|p1a: Slowbro|slp
|
|turn|12
|choice|move 2|move 3
|
|move|p2a: Exeggutor|Mega Drain|p1a: Slowbro
|-supereffective|p1a: Slowbro
|-damage|p1a: Slowbro|284\/312 slp
|-curestatus|p1a: Slowbro|slp
|
|turn|13
|choice|move 2|move 3
|
|move|p2a: Exeggutor|Mega Drain|p1a: Slowbro
|-supereffective|p1a: Slowbro
|-damage|p1a: Slowbro|256\/312
|move|p1a: Slowbro|Surf|p2a: Exeggutor
|-resisted|p2a: Exeggutor
|-damage|p2a: Exeggutor|191\/312 par
|
|turn|14
|choice|move 2|move 2
|
|move|p2a: Exeggutor|Explosion|p1a: Slowbro
|-damage|p1a: Slowbro|66\/312
|faint|p2a: Exeggutor
|choice||switch 4
|
|switch|p2a: Dragonair|Dragonair, L85|277\/277
|turn|15
|choice|move 1|move 4
|
|move|p2a: Dragonair|Hyper Beam|p1a: Slowbro
|-damage|p1a: Slowbro|0 fnt
|faint|p1a: Slowbro
|choice|switch 4|
|
|switch|p1a: Articuno|Articuno, L79|304\/304
|turn|16
|choice|move 2|move 3
|
|move|p1a: Articuno|Blizzard|p2a: Dragonair
|-supereffective|p2a: Dragonair
|-damage|p2a: Dragonair|0 fnt
|faint|p2a: Dragonair
|choice||switch 6
|
|switch|p2a: Machamp|Machamp, L90|345\/345
|turn|17
|choice|switch 5|move 3
|
|switch|p1a: Alakazam|Alakazam, L79|249\/249
|move|p2a: Machamp|Body Slam|p1a: Alakazam
|-damage|p1a: Alakazam|130\/249
|
|turn|18
|choice|move 1|switch 2
|
|switch|p2a: Hypno|Hypno, L85|318\/318
|move|p1a: Alakazam|Psychic|p2a: Hypno
|-resisted|p2a: Hypno
|-damage|p2a: Hypno|276\/318
|
|turn|19
|choice|switch 3|move 3
|
|switch|p1a: Beedrill|Beedrill, L90|300\/300
|move|p2a: Hypno|Hypnosis|p1a: Beedrill
|-status|p1a: Beedrill|slp
|
|turn|20
|choice|switch 3|move 1
|
|switch|p1a: Alakazam|Alakazam, L79|130\/249
|move|p2a: Hypno|Psychic|p1a: Alakazam
|-resisted|p1a: Alakazam
|-damage|p1a: Alakazam|84\/249
|
|turn|21
|choice|move 4|move 4
|
|move|p1a: Alakazam|Recover|p1a: Alakazam
|-heal|p1a: Alakazam|208\/249
|move|p2a: Hypno|Thunder Wave|p1a: Alakazam
|-status|p1a: Alakazam|par
|
|turn|22
|choice|move 3|switch 3
|
|switch|p2a: Vaporeon|Vaporeon, L85|395\/395
|move|p1a: Alakazam|Reflect|p1a: Alakazam
|-start|p1a: Alakazam|Reflect
|
|turn|23
|choice|move 1|move 4
|
|move|p2a: Vaporeon|Mimic|p1a: Alakazam
|-start|p2a: Vaporeon|Mimic|Recover
|move|p1a: Alakazam|Psychic|p2a: Vaporeon
|-damage|p2a: Vaporeon|312\/395
|
|turn|24
|choice|move 1|move 2
|
|move|p2a: Vaporeon|Body Slam|p1a: Alakazam
|-damage|p1a: Alakazam|170\/249 par
|cant|p1a: Alakazam|par
|
|turn|25
|choice|move 1|move 1
|
|move|p2a: Vaporeon|Blizzard|p1a: Alakazam
|-damage|p1a: Alakazam|89\/249 par
|move|p1a: Alakazam|Psychic|p2a: Vaporeon
|-crit|p2a: Vaporeon
|-damage|p2a: Vaporeon|126\/395
|-unboost|p2a: Vaporeon|spd|1
|-unboost|p2a: Vaporeon|spa|1
|
|turn|26
|choice|move 4|move 4
|
|move|p2a: Vaporeon|Recover|p2a: Vaporeon
|-heal|p2a: Vaporeon|323\/395
|cant|p1a: Alakazam|par
|
|turn|27
|choice|move 4|move 1
|
|move|p2a: Vaporeon|Blizzard|p1a: Alakazam
|-damage|p1a: Alakazam|36\/249 par
|move|p1a: Alakazam|Recover|p1a: Alakazam
|-heal|p1a: Alakazam|160\/249 par
|
|turn|28
|choice|move 4|move 2
|
|move|p2a: Vaporeon|Body Slam|p1a: Alakazam
|-damage|p1a: Alakazam|122\/249 par
|move|p1a: Alakazam|Recover|p1a: Alakazam
|-heal|p1a: Alakazam|246\/249 par
|
|turn|29
|choice|move 1|move 2
|
|move|p2a: Vaporeon|Body Slam|p1a: Alakazam
|-damage|p1a: Alakazam|209\/249 par
|move|p1a: Alakazam|Psychic|p2a: Vaporeon
|-damage|p2a: Vaporeon|189\/395
|
|turn|30
|choice|move 1|move 4
|
|move|p2a: Vaporeon|Recover|p2a: Vaporeon
|-heal|p2a: Vaporeon|386\/395
|move|p1a: Alakazam|Psychic|p2a: Vaporeon
|-crit|p2a: Vaporeon
|-damage|p2a: Vaporeon|207\/395
|
|turn|31
|choice|move 1|move 4
|
|move|p2a: Vaporeon|Recover|p2a: Vaporeon
|-heal|p2a: Vaporeon|395\/395
|move|p1a: Alakazam|Psychic|p2a: Vaporeon
|-damage|p2a: Vaporeon|264\/395
|-unboost|p2a: Vaporeon|spd|1
|-unboost|p2a: Vaporeon|spa|1
|
|turn|32
|choice|move 1|switch 3
|
|switch|p2a: Hypno|Hypno, L85|276\/318
|move|p1a: Alakazam|Psychic|p2a: Hypno
|-resisted|p2a: Hypno
|-damage|p2a: Hypno|233\/318
|
|turn|33
|choice|move 2|move 1
|
|move|p2a: Hypno|Psychic|p1a: Alakazam
|-resisted|p1a: Alakazam
|-damage|p1a: Alakazam|163\/249 par
|move|p1a: Alakazam|Seismic Toss|p2a: Hypno
|-damage|p2a: Hypno|154\/318
|
|turn|34
|choice|move 4|move 2
|
|cant|p1a: Alakazam|par
|move|p2a: Hypno|Counter|p1a: Alakazam
|-damage|p1a: Alakazam|5\/249 par
|
|turn|35
|choice|move 4|move 1
|
|move|p2a: Hypno|Psychic|p1a: Alakazam
|-resisted|p1a: Alakazam
|-damage|p1a: Alakazam|0 fnt
|faint|p1a: Alakazam
|choice|switch 6|
|
|switch|p1a: Sandshrew|Sandshrew, L96|291\/291
|turn|36
|choice|move 2|move 1
|
|move|p2a: Hypno|Psychic|p1a: Sandshrew
|-crit|p1a: Sandshrew
|-damage|p1a: Sandshrew|0 fnt
|faint|p1a: Sandshrew
|choice|switch 5|
|
|switch|p1a: Articuno|Articuno, L79|304\/304
|turn|37
|choice|move 2|move 4
|
|move|p1a: Articuno|Blizzard|p2a: Hypno|[miss]
|-miss|p1a: Articuno
|move|p2a: Hypno|Thunder Wave|p1a: Articuno
|-status|p1a: Articuno|par
|
|turn|38
|choice|move 2|move 1
|
|move|p2a: Hypno|Psychic|p1a: Articuno
|-crit|p1a: Articuno
|-damage|p1a: Articuno|124\/304 par
|-unboost|p1a: Articuno|spd|1
|-unboost|p1a: Articuno|spa|1
|move|p1a: Articuno|Blizzard|p2a: Hypno
|-damage|p2a: Hypno|84\/318
|
|turn|39
|choice|move 2|move 1
|
|move|p2a: Hypno|Psychic|p1a: Articuno
|-damage|p1a: Articuno|0 fnt
|faint|p1a: Articuno
|choice|switch 2|
|
|switch|p1a: Nidoran-F|Nidoran-F, L96|300\/300
|turn|40
|choice|move 3|move 1
|
|move|p2a: Hypno|Psychic|p1a: Nidoran-F
|-supereffective|p1a: Nidoran-F
|-damage|p1a: Nidoran-F|0 fnt
|faint|p1a: Nidoran-F
|-message|ankitkhetrapal forfeited.
|
|win|vsterel
|player|p1
|player|p2
|raw|ankitkhetrapal's rating: 1295 &rarr; <strong>1271<\/strong><br \/>(-24 for losing)
|raw|vsterel's rating: 1320 &rarr; <strong>1338<\/strong><br \/>(+18 for winning)
|l|ankitkhetrapal