|j|ukic10
|j|business is cool
|player|p1|ukic10|1
|player|p2|business is cool|82
|gametype|singles
|gen|1
|tier|[Gen 1] Random Battle
|rated
|seed|4722,11501,8425,59002
|rule|Sleep Clause Mod: Limit one foe put to sleep
|rule|Freeze Clause Mod: Limit one foe frozen
|rule|HP Percentage Mod: HP is shown in percentages
|
|start
|switch|p1a: Sandslash|Sandslash, L85|301\/301
|switch|p2a: Wigglytuff|Wigglytuff, L90|435\/435
|turn|1
|choice|move 3|move 3
|
|move|p1a: Sandslash|Body Slam|p2a: Wigglytuff
|-damage|p2a: Wigglytuff|353\/435
|move|p2a: Wigglytuff|Sing|p1a: Sandslash|[miss]
|-miss|p2a: Wigglytuff
|
|turn|2
|choice|move 3|move 1
|
|move|p1a: Sandslash|Body Slam|p2a: Wigglytuff
|-damage|p2a: Wigglytuff|271\/435
|move|p2a: Wigglytuff|Blizzard|p1a: Sandslash|[miss]
|-miss|p2a: Wigglytuff
|
|turn|3
|choice|move 3|move 3
|
|move|p1a: Sandslash|Body Slam|p2a: Wigglytuff
|-damage|p2a: Wigglytuff|189\/435
|move|p2a: Wigglytuff|Sing|p1a: Sandslash
|-status|p1a: Sandslash|slp
|
|turn|4
|choice|switch 6|move 1
|
|switch|p1a: Clefable|Clefable, L85|335\/335
|move|p2a: Wigglytuff|Blizzard|p1a: Clefable
|-damage|p1a: Clefable|270\/335
|
|turn|5
|choice|move 4|move 4
|
|move|p1a: Clefable|Blizzard|p2a: Wigglytuff
|-damage|p2a: Wigglytuff|89\/435
|move|p2a: Wigglytuff|Hyper Beam|p1a: Clefable
|-damage|p1a: Clefable|101\/335
|
|turn|6
|-mustrecharge|p2a: Wigglytuff
|-mustrecharge|p2a: Wigglytuff
|choice|move 2|move 1
|
|cant|p2a: Wigglytuff|recharge
|move|p1a: Clefable|Counter|p2a: Wigglytuff
|-damage|p2a: Wigglytuff|0 fnt
|faint|p2a: Wigglytuff
|choice||switch 3
|
|switch|p2a: Rapidash|Rapidash, L90|300\/300
|turn|7
|choice|switch 2|move 1
|
|switch|p1a: Flareon|Flareon, L90|300\/300
|move|p2a: Rapidash|Fire Blast|p1a: Flareon|[miss]
|-miss|p2a: Rapidash
|
|turn|8
|choice|move 4|switch 2
|
|switch|p2a: Gyarados|Gyarados, L85|335\/335
|move|p1a: Flareon|Body Slam|p2a: Gyarados
|-damage|p2a: Gyarados|242\/335
|
|turn|9
|choice|switch 5|move 3
|
|switch|p1a: Starmie|Starmie, L79|257\/257
|move|p2a: Gyarados|Surf|p1a: Starmie
|-resisted|p1a: Starmie
|-damage|p1a: Starmie|204\/257
|
|turn|10
|choice|move 4|move 4
|
|move|p1a: Starmie|Thunder Wave|p2a: Gyarados
|-status|p2a: Gyarados|par
|move|p2a: Gyarados|Thunderbolt|p1a: Starmie
|-supereffective|p1a: Starmie
|-damage|p1a: Starmie|71\/257
|
|turn|11
|choice|move 1|move 4
|
|move|p1a: Starmie|Recover|p1a: Starmie
|-heal|p1a: Starmie|199\/257
|move|p2a: Gyarados|Thunderbolt|p1a: Starmie
|-supereffective|p1a: Starmie
|-damage|p1a: Starmie|67\/257
|
|turn|12
|choice|move 2|move 4
|
|move|p1a: Starmie|Blizzard|p2a: Gyarados
|-crit|p2a: Gyarados
|-damage|p2a: Gyarados|103\/335 par
|move|p2a: Gyarados|Thunderbolt|p1a: Starmie
|-supereffective|p1a: Starmie
|-damage|p1a: Starmie|0 fnt
|faint|p1a: Starmie
|choice|switch 2|
|
|switch|p1a: Clefable|Clefable, L85|101\/335
|turn|13
|choice|move 3|move 1
|
|move|p1a: Clefable|Thunder|p2a: Gyarados|[miss]
|-miss|p1a: Clefable
|move|p2a: Gyarados|Hyper Beam|p1a: Clefable
|-damage|p1a: Clefable|0 fnt
|faint|p1a: Clefable
|choice|switch 3|
|
|switch|p1a: Haunter|Haunter, L85|250\/250
|turn|14
|choice|move 4|move 3
|
|move|p1a: Haunter|Thunderbolt|p2a: Gyarados
|-supereffective|p2a: Gyarados
|-damage|p2a: Gyarados|0 fnt
|faint|p2a: Gyarados
|choice||switch 2
|
|switch|p2a: Rapidash|Rapidash, L90|300\/300
|turn|15
|choice|switch 5|move 1
|
|switch|p1a: Flareon|Flareon, L90|300\/300
|move|p2a: Rapidash|Fire Blast|p1a: Flareon
|-resisted|p1a: Flareon
|-damage|p1a: Flareon|243\/300
|
|turn|16
|choice|move 4|switch 5
|
|switch|p2a: Aerodactyl|Aerodactyl, L90|327\/327
|move|p1a: Flareon|Body Slam|p2a: Aerodactyl
|-crit|p2a: Aerodactyl
|-resisted|p2a: Aerodactyl
|-damage|p2a: Aerodactyl|243\/327
|
|turn|17
|choice|switch 5|move 3
|
|switch|p1a: Haunter|Haunter, L85|250\/250
|move|p2a: Aerodactyl|Double-Edge|p1a: Haunter
|-immune|p1a: Haunter|[msg]
|
|turn|18
|choice|move 4|switch 5
|
|switch|p2a: Rapidash|Rapidash, L90|300\/300
|move|p1a: Haunter|Thunderbolt|p2a: Rapidash
|-damage|p2a: Rapidash|221\/300
|
|turn|19
|choice|switch 5|move 2
|
|switch|p1a: Flareon|Flareon, L90|243\/300
|move|p2a: Rapidash|Hyper Beam|p1a: Flareon
|-damage|p1a: Flareon|103\/300
|
|turn|20
|-mustrecharge|p2a: Rapidash
|-mustrecharge|p2a: Rapidash
|choice|move 4|move 1
|
|cant|p2a: Rapidash|recharge
|move|p1a: Flareon|Body Slam|p2a: Rapidash
|-crit|p2a: Rapidash
|-damage|p2a: Rapidash|42\/300
|
|turn|21
|choice|move 1|move 2
|
|move|p1a: Flareon|Quick Attack|p2a: Rapidash
|-damage|p2a: Rapidash|2\/300
|move|p2a: Rapidash|Hyper Beam|p1a: Flareon
|-damage|p1a: Flareon|0 fnt
|faint|p1a: Flareon
|choice|switch 5|
|
|switch|p1a: Haunter|Haunter, L85|250\/250
|turn|22
|choice|move 4|move 1
|
|move|p2a: Rapidash|Fire Blast|p1a: Haunter
|-damage|p1a: Haunter|146\/250
|-status|p1a: Haunter|brn
|move|p1a: Haunter|Thunderbolt|p2a: Rapidash
|-damage|p2a: Rapidash|0 fnt
|faint|p2a: Rapidash
|choice||switch 5
|
|switch|p2a: Aerodactyl|Aerodactyl, L90|243\/327
|turn|23
|choice|move 4|move 2
|
|move|p2a: Aerodactyl|Sky Attack|p1a: Haunter|[still]
|-prepare|p2a: Aerodactyl|Sky Attack|p1a: Haunter
|move|p1a: Haunter|Thunderbolt|p2a: Aerodactyl
|-supereffective|p2a: Aerodactyl
|-damage|p2a: Aerodactyl|56\/327
|-damage|p1a: Haunter|131\/250 brn|[from] brn|[of] p2a: Aerodactyl
|
|turn|24
|choice|switch 6|move 1
|
|switch|p1a: Sandslash|Sandslash, L85|301\/301 slp
|move|p2a: Aerodactyl|Sky Attack|p1a: Sandslash|[from]Sky Attack
|-damage|p1a: Sandslash|137\/301 slp
|
|turn|25
|choice|move 3|switch 6
|
|switch|p2a: Mewtwo|Mewtwo, L70|293\/293
|-curestatus|p1a: Sandslash|slp
|
|turn|26
|choice|move 3|move 1
|
|move|p2a: Mewtwo|Psychic|p1a: Sandslash
|-crit|p1a: Sandslash
|-damage|p1a: Sandslash|0 fnt
|faint|p1a: Sandslash
|choice|switch 4|
|
|switch|p1a: Electabuzz|Electabuzz, L85|284\/284
|turn|27
|choice|move 1|switch 6
|
|switch|p2a: Aerodactyl|Aerodactyl, L90|56\/327
|move|p1a: Electabuzz|Thunder Wave|p2a: Aerodactyl
|-status|p2a: Aerodactyl|par
|
|turn|28
|choice|move 2|move 1
|
|move|p1a: Electabuzz|Thunderbolt|p2a: Aerodactyl
|-supereffective|p2a: Aerodactyl
|-damage|p2a: Aerodactyl|0 fnt
|faint|p2a: Aerodactyl
|choice||switch 4
|
|switch|p2a: Vileplume|Vileplume, L90|318\/318
|turn|29
|choice|switch 6|move 2
|
|switch|p1a: Haunter|Haunter, L85|131\/250 brn
|-damage|p1a: Haunter|116\/250 brn|[from] brn
|move|p2a: Vileplume|Sleep Powder|p1a: Haunter
|-fail|p1a: Haunter
|
|turn|30
|choice|move 1|move 4
|
|move|p1a: Haunter|Hypnosis|p2a: Vileplume|[miss]
|-miss|p1a: Haunter
|-damage|p1a: Haunter|101\/250 brn|[from] brn|[of] p2a: Vileplume
|move|p2a: Vileplume|Mega Drain|p1a: Haunter
|-resisted|p1a: Haunter
|-damage|p1a: Haunter|80\/250 brn
|
|turn|31
|choice|move 1|move 4
|
|move|p1a: Haunter|Hypnosis|p2a: Vileplume
|-status|p2a: Vileplume|slp
|-damage|p1a: Haunter|65\/250 brn|[from] brn|[of] p2a: Vileplume
|cant|p2a: Vileplume|slp
|
|turn|32
|choice|move 2|move 4
|
|move|p1a: Haunter|Explosion|p2a: Vileplume
|-damage|p2a: Vileplume|236\/318 slp
|faint|p1a: Haunter
|choice|switch 6|
|
|switch|p1a: Electabuzz|Electabuzz, L85|284\/284
|turn|33
|choice|move 3|move 4
|
|move|p1a: Electabuzz|Psychic|p2a: Vileplume
|-supereffective|p2a: Vileplume
|-damage|p2a: Vileplume|135\/318 slp
|cant|p2a: Vileplume|slp
|
|turn|34
|choice|move 3|move 4
|
|move|p1a: Electabuzz|Psychic|p2a: Vileplume
|-supereffective|p2a: Vileplume
|-damage|p2a: Vileplume|26\/318 slp
|cant|p2a: Vileplume|slp
|
|turn|35
|choice|move 4|move 4
|
|move|p1a: Electabuzz|Seismic Toss|p2a: Vileplume
|-damage|p2a: Vileplume|0 fnt
|faint|p2a: Vileplume
|choice||switch 6
|
|switch|p2a: Mewtwo|Mewtwo, L70|293\/293
|turn|36
|choice|move 1|move 1
|
|move|p1a: Electabuzz|Thunder Wave|p2a: Mewtwo
|-status|p2a: Mewtwo|par
|move|p2a: Mewtwo|Psychic|p1a: Electabuzz
|-damage|p1a: Electabuzz|188\/284
|
|turn|37
|choice|move 2|move 1
|
|move|p1a: Electabuzz|Thunderbolt|p2a: Mewtwo
|-damage|p2a: Mewtwo|220\/293 par
|move|p2a: Mewtwo|Psychic|p1a: Electabuzz
|-crit|p1a: Electabuzz
|-damage|p1a: Electabuzz|0 fnt
|faint|p1a: Electabuzz
|
|win|business is cool
|player|p1
|player|p2
|raw|ukic10's rating: 1463 &rarr; <strong>1429<\/strong><br \/>(-34 for losing)
|raw|business is cool's rating: 1181 &rarr; <strong>1223<\/strong><br \/>(+42 for winning)
|c|★business is cool|gg
|l|ukic10