|join|Penciljitsu
|join|Hidol
|player|p1|Penciljitsu|226
|player|p2|Hidol|266
|gametype|singles
|gen|1
|tier|[Gen 1] Random Battle
|rated
|seed|29508,11185,19396,12861
|rule|Sleep Clause Mod: Limit one foe put to sleep
|rule|Freeze Clause Mod: Limit one foe frozen
|rule|HP Percentage Mod: HP is shown in percentages
|
|start
|switch|p1a: Starmie|Starmie, L79|257\/257
|switch|p2a: Pidgey|Pidgey, L96|272\/272
|turn|1
|choice|move 4|switch 5
|
|switch|p2a: Poliwhirl|Poliwhirl, L85|284\/284
|move|p1a: Starmie|Thunder Wave|p2a: Poliwhirl
|-status|p2a: Poliwhirl|par
|
|turn|2
|choice|move 3|switch 6
|
|switch|p2a: Magneton|Magneton, L90|273\/273
|move|p1a: Starmie|Thunderbolt|p2a: Magneton
|-resisted|p2a: Magneton
|-damage|p2a: Magneton|251\/273
|
|turn|3
|choice|move 4|move 2
|
|move|p1a: Starmie|Thunder Wave|p2a: Magneton
|-status|p2a: Magneton|par
|move|p2a: Magneton|Mimic|p1a: Starmie
|-start|p2a: Magneton|Mimic|Thunderbolt
|
|turn|4
|choice|move 2|move 4
|
|move|p1a: Starmie|Blizzard|p2a: Magneton
|-crit|p2a: Magneton
|-damage|p2a: Magneton|145\/273 par
|move|p2a: Magneton|Thunder Wave|p1a: Starmie
|-status|p1a: Starmie|par
|
|turn|5
|choice|move 2|move 2
|
|move|p1a: Starmie|Blizzard|p2a: Magneton
|-damage|p2a: Magneton|86\/273 par
|move|p2a: Magneton|Thunderbolt|p1a: Starmie
|-supereffective|p1a: Starmie
|-damage|p1a: Starmie|0 fnt
|faint|p1a: Starmie
|choice|switch 5|
|
|switch|p1a: Ivysaur|Ivysaur, L85|276\/276
|turn|6
|choice|move 1|move 4
|
|move|p1a: Ivysaur|Body Slam|p2a: Magneton
|-damage|p2a: Magneton|44\/273 par
|move|p2a: Magneton|Thunder Wave|p1a: Ivysaur
|-status|p1a: Ivysaur|par
|
|turn|7
|choice|move 4|move 3
|
|cant|p2a: Magneton|par
|move|p1a: Ivysaur|Razor Leaf|p2a: Magneton
|-crit|p2a: Magneton
|-damage|p2a: Magneton|0 fnt
|faint|p2a: Magneton
|choice||switch 3
|
|switch|p2a: Hypno|Hypno, L85|318\/318
|turn|8
|choice|move 3|move 1
|
|move|p2a: Hypno|Psychic|p1a: Ivysaur
|-supereffective|p1a: Ivysaur
|-damage|p1a: Ivysaur|54\/276 par
|move|p1a: Ivysaur|Leech Seed|p2a: Hypno
|-start|p2a: Hypno|move: Leech Seed
|
|turn|9
|choice|move 1|move 1
|
|move|p2a: Hypno|Psychic|p1a: Ivysaur
|-supereffective|p1a: Ivysaur
|-damage|p1a: Ivysaur|0 fnt
|faint|p1a: Ivysaur
|choice|switch 6|
|
|switch|p1a: Jynx|Jynx, L79|265\/265
|turn|10
|choice|move 1|move 4
|
|move|p1a: Jynx|Lovely Kiss|p2a: Hypno|[miss]
|-miss|p1a: Jynx
|move|p2a: Hypno|Thunder Wave|p1a: Jynx
|-status|p1a: Jynx|par
|-damage|p2a: Hypno|299\/318|[from] Leech Seed|[of] p1a: Jynx
|
|turn|11
|choice|move 4|switch 6
|
|switch|p2a: Poliwhirl|Poliwhirl, L85|284\/284 par
|cant|p1a: Jynx|par
|
|turn|12
|choice|move 4|move 3
|
|cant|p2a: Poliwhirl|par
|cant|p1a: Jynx|par
|
|turn|13
|choice|move 4|move 3
|
|move|p2a: Poliwhirl|Surf|p1a: Jynx
|-damage|p1a: Jynx|191\/265 par
|move|p1a: Jynx|Blizzard|p2a: Poliwhirl
|-resisted|p2a: Poliwhirl
|-damage|p2a: Poliwhirl|215\/284 par
|
|turn|14
|choice|move 2|move 3
|
|cant|p2a: Poliwhirl|par
|move|p1a: Jynx|Psychic|p2a: Poliwhirl
|-damage|p2a: Poliwhirl|108\/284 par
|
|turn|15
|choice|move 2|move 3
|
|move|p2a: Poliwhirl|Surf|p1a: Jynx
|-crit|p1a: Jynx
|-damage|p1a: Jynx|49\/265 par
|move|p1a: Jynx|Psychic|p2a: Poliwhirl
|-damage|p2a: Poliwhirl|0 fnt
|faint|p2a: Poliwhirl
|choice||switch 2
|
|switch|p2a: Meowth|Meowth, L96|272\/272
|turn|16
|choice|move 1|move 2
|
|move|p2a: Meowth|Thunderbolt|p1a: Jynx
|-damage|p1a: Jynx|0 fnt
|faint|p1a: Jynx
|choice|switch 2|
|
|switch|p1a: Aerodactyl|Aerodactyl, L90|327\/327
|turn|17
|choice|move 3|move 2
|
|move|p1a: Aerodactyl|Sky Attack|p2a: Meowth|[still]
|-prepare|p1a: Aerodactyl|Sky Attack|p2a: Meowth
|move|p2a: Meowth|Thunderbolt|p1a: Aerodactyl
|-supereffective|p1a: Aerodactyl
|-damage|p1a: Aerodactyl|191\/327
|
|turn|18
|choice|move 1|switch 4
|
|switch|p2a: Nidoking|Nidoking, L85|311\/311
|move|p1a: Aerodactyl|Sky Attack|p2a: Nidoking
|-damage|p2a: Nidoking|126\/311
|
|turn|19
|choice|move 2|move 3
|
|move|p1a: Aerodactyl|Hyper Beam|p2a: Nidoking
|-crit|p2a: Nidoking
|-damage|p2a: Nidoking|0 fnt
|faint|p2a: Nidoking
|choice||switch 4
|
|switch|p2a: Meowth|Meowth, L96|272\/272
|turn|20
|choice|move 4|move 2
|
|move|p1a: Aerodactyl|Double-Edge|p2a: Meowth
|-damage|p2a: Meowth|155\/272
|-damage|p1a: Aerodactyl|162\/327|[from] recoil|[of] p2a: Meowth
|move|p2a: Meowth|Thunderbolt|p1a: Aerodactyl
|-supereffective|p1a: Aerodactyl
|-damage|p1a: Aerodactyl|34\/327
|
|turn|21
|choice|move 4|move 4
|
|move|p1a: Aerodactyl|Double-Edge|p2a: Meowth
|-damage|p2a: Meowth|36\/272
|-damage|p1a: Aerodactyl|5\/327|[from] recoil|[of] p2a: Meowth
|move|p2a: Meowth|Bubble Beam|p1a: Aerodactyl
|-supereffective|p1a: Aerodactyl
|-damage|p1a: Aerodactyl|0 fnt
|faint|p1a: Aerodactyl
|choice|switch 4|
|
|switch|p1a: Jolteon|Jolteon, L79|265\/265
|turn|22
|choice|move 1|switch 6
|
|switch|p2a: Hypno|Hypno, L85|299\/318
|move|p1a: Jolteon|Thunderbolt|p2a: Hypno
|-crit|p2a: Hypno
|-damage|p2a: Hypno|145\/318
|-status|p2a: Hypno|par
|
|turn|23
|choice|move 4|move 2
|
|move|p1a: Jolteon|Double Kick|p2a: Hypno
|-resisted|p2a: Hypno
|-damage|p2a: Hypno|138\/318 par
|-damage|p2a: Hypno|131\/318 par
|-hitcount|p2a: Hypno|2
|move|p2a: Hypno|Rest|p2a: Hypno
|-status|p2a: Hypno|slp
|-heal|p2a: Hypno|318\/318 slp|[silent]
|-status|p2a: Hypno|slp|[from] move: Rest
|
|turn|24
|choice|move 3|move 3
|
|move|p1a: Jolteon|Body Slam|p2a: Hypno
|-damage|p2a: Hypno|266\/318 slp
|cant|p2a: Hypno|slp
|
|turn|25
|choice|move 2|move 4
|
|move|p1a: Jolteon|Sand Attack|p2a: Hypno
|-unboost|p2a: Hypno|accuracy|1
|-curestatus|p2a: Hypno|slp
|
|turn|26
|choice|move 1|move 4
|
|move|p1a: Jolteon|Thunderbolt|p2a: Hypno
|-damage|p2a: Hypno|183\/318
|move|p2a: Hypno|Thunder Wave|p1a: Jolteon
|-status|p1a: Jolteon|par
|
|turn|27
|choice|move 1|move 1
|
|move|p1a: Jolteon|Thunderbolt|p2a: Hypno
|-damage|p2a: Hypno|103\/318
|move|p2a: Hypno|Psychic|p1a: Jolteon
|-damage|p1a: Jolteon|169\/265 par
|
|turn|28
|choice|move 1|move 1
|
|move|p1a: Jolteon|Thunderbolt|p2a: Hypno
|-damage|p2a: Hypno|20\/318
|-status|p2a: Hypno|par
|move|p2a: Hypno|Psychic|p1a: Jolteon|[miss]
|-miss|p2a: Hypno
|
|turn|29
|choice|move 1|move 1
|
|move|p1a: Jolteon|Thunderbolt|p2a: Hypno
|-crit|p2a: Hypno
|-damage|p2a: Hypno|0 fnt
|faint|p2a: Hypno
|choice||switch 6
|
|switch|p2a: Meowth|Meowth, L96|36\/272
|turn|30
|choice|move 3|move 1
|
|move|p2a: Meowth|Slash|p1a: Jolteon
|-crit|p1a: Jolteon
|-damage|p1a: Jolteon|20\/265 par
|move|p1a: Jolteon|Body Slam|p2a: Meowth
|-crit|p2a: Meowth
|-damage|p2a: Meowth|0 fnt
|faint|p2a: Meowth
|choice||switch 5
|
|switch|p2a: Pidgey|Pidgey, L96|272\/272
|turn|31
|choice|move 2|move 1
|
|move|p2a: Pidgey|Double-Edge|p1a: Jolteon
|-damage|p1a: Jolteon|0 fnt
|-damage|p2a: Pidgey|267\/272|[from] recoil|[of] p1a: Jolteon
|faint|p1a: Jolteon
|choice|switch 3|
|
|switch|p1a: Ninetales|Ninetales, L85|298\/298
|turn|32
|choice|move 4|move 4
|
|move|p1a: Ninetales|Confuse Ray|p2a: Pidgey
|-start|p2a: Pidgey|confusion
|-activate|p2a: Pidgey|confusion
|-damage|p2a: Pidgey|232\/272|[from] confusion
|
|turn|33
|choice|move 1|move 4
|
|move|p1a: Ninetales|Fire Blast|p2a: Pidgey
|-damage|p2a: Pidgey|32\/272
|-activate|p2a: Pidgey|confusion
|-damage|p2a: Pidgey|0 fnt|[from] confusion
|faint|p2a: Pidgey
|
|win|Penciljitsu
|raw|Penciljitsu's rating: 1000 &rarr; <strong>1048<\/strong><br \/>(+48 for winning)
|raw|Hidol's rating: 1068 &rarr; <strong>1044<\/strong><br \/>(-24 for losing)
|leave|Hidol
|player|p2