|j|Dervodel2
|j|Boats-n-Hoes69
|player|p1|Dervodel2|238
|player|p2|Boats-n-Hoes69|265
|gametype|singles
|gen|1
|tier|[Gen 1] Random Battle
|rated
|seed|4382,38490,15201,13067
|rule|Sleep Clause Mod: Limit one foe put to sleep
|rule|Freeze Clause Mod: Limit one foe frozen
|rule|HP Percentage Mod: HP is shown in percentages
|
|start
|switch|p1a: Wartortle|Wartortle, L85|274\/274
|switch|p2a: Tentacool|Tentacool, L96|272\/272
|turn|1
|choice|move 2|move 2
|
|move|p2a: Tentacool|Barrier|p2a: Tentacool
|-boost|p2a: Tentacool|def|2
|move|p1a: Wartortle|Body Slam|p2a: Tentacool
|-damage|p2a: Tentacool|240\/272
|
|turn|2
|choice|switch 3|move 3
|
|switch|p1a: Magneton|Magneton, L90|273\/273
|move|p2a: Tentacool|Mimic|p1a: Magneton
|-start|p2a: Tentacool|Mimic|Thunder Wave
|
|turn|3
|choice|move 1|switch 4
|
|switch|p2a: Rhydon|Rhydon, L79|328\/328
|move|p1a: Magneton|Thunderbolt|p2a: Rhydon
|-immune|p2a: Rhydon|[msg]
|
|turn|4
|choice|switch 3|move 2
|
|switch|p1a: Wartortle|Wartortle, L85|274\/274
|move|p2a: Rhydon|Substitute|p2a: Rhydon
|-start|p2a: Rhydon|Substitute
|-damage|p2a: Rhydon|246\/328
|
|turn|5
|choice|move 4|move 4
|
|move|p1a: Wartortle|Hydro Pump|p2a: Rhydon
|-crit|p2a: Rhydon
|-supereffective|p2a: Rhydon
|-end|p2a: Rhydon|Substitute
|move|p2a: Rhydon|Body Slam|p1a: Wartortle
|-damage|p1a: Wartortle|209\/274
|-status|p1a: Wartortle|par
|
|turn|6
|choice|move 4|switch 4
|
|switch|p2a: Tentacool|Tentacool, L96|240\/272
|move|p1a: Wartortle|Hydro Pump|p2a: Tentacool
|-resisted|p2a: Tentacool
|-damage|p2a: Tentacool|202\/272
|
|turn|7
|choice|move 1|move 4
|
|move|p2a: Tentacool|Double-Edge|p1a: Wartortle
|-damage|p1a: Wartortle|148\/274 par
|-damage|p2a: Tentacool|187\/272|[from] recoil|[of] p1a: Wartortle
|move|p1a: Wartortle|Blizzard|p2a: Tentacool
|-crit|p2a: Tentacool
|-resisted|p2a: Tentacool
|-damage|p2a: Tentacool|131\/272
|-status|p2a: Tentacool|frz
|
|turn|8
|choice|switch 2|switch 3
|
|switch|p2a: Muk|Muk, L90|372\/372
|switch|p1a: Abra|Abra, L96|243\/243
|
|turn|9
|choice|move 1|move 2
|
|move|p1a: Abra|Psychic|p2a: Muk
|-crit|p2a: Muk
|-supereffective|p2a: Muk
|-damage|p2a: Muk|0 fnt
|faint|p2a: Muk
|choice||switch 2
|
|switch|p2a: Pidgeot|Pidgeot, L90|333\/333
|turn|10
|choice|switch 3|move 1
|
|switch|p1a: Magneton|Magneton, L90|273\/273
|move|p2a: Pidgeot|Double-Edge|p1a: Magneton
|-crit|p1a: Magneton
|-damage|p1a: Magneton|83\/273
|-damage|p2a: Pidgeot|286\/333|[from] recoil|[of] p1a: Magneton
|
|turn|11
|choice|move 2|move 3
|
|move|p2a: Pidgeot|Hyper Beam|p1a: Magneton
|-damage|p1a: Magneton|0 fnt
|faint|p1a: Magneton
|choice|switch 5|
|
|switch|p1a: Articuno|Articuno, L79|304\/304
|turn|12
|choice|move 1|switch 3
|
|switch|p2a: Tentacool|Tentacool, L96|131\/272 frz
|move|p1a: Articuno|Blizzard|p2a: Tentacool
|-crit|p2a: Tentacool
|-resisted|p2a: Tentacool
|-damage|p2a: Tentacool|27\/272 frz
|
|turn|13
|choice|move 4|move 4
|
|cant|p2a: Tentacool|frz
|move|p1a: Articuno|Reflect|p1a: Articuno
|-start|p1a: Articuno|Reflect
|
|turn|14
|choice|move 2|move 4
|
|cant|p2a: Tentacool|frz
|move|p1a: Articuno|Mimic|p2a: Tentacool
|-start|p1a: Articuno|Mimic|Double-Edge
|
|turn|15
|choice|move 2|move 4
|
|cant|p2a: Tentacool|frz
|move|p1a: Articuno|Double-Edge|p2a: Tentacool
|-damage|p2a: Tentacool|0 fnt
|-damage|p1a: Articuno|298\/304|[from] recoil|[of] p2a: Tentacool
|faint|p2a: Tentacool
|choice||switch 6
|
|switch|p2a: Kadabra|Kadabra, L85|242\/242
|turn|16
|choice|move 2|move 2
|
|move|p2a: Kadabra|Thunder Wave|p1a: Articuno
|-status|p1a: Articuno|par
|move|p1a: Articuno|Double-Edge|p2a: Kadabra
|-damage|p2a: Kadabra|145\/242
|-damage|p1a: Articuno|274\/304 par|[from] recoil|[of] p2a: Kadabra
|
|turn|17
|choice|move 1|move 3
|
|move|p2a: Kadabra|Recover|p2a: Kadabra
|-heal|p2a: Kadabra|242\/242
|cant|p1a: Articuno|par
|
|turn|18
|choice|move 1|move 4
|
|move|p2a: Kadabra|Reflect|p2a: Kadabra
|-start|p2a: Kadabra|Reflect
|cant|p1a: Articuno|par
|
|turn|19
|choice|move 1|move 1
|
|move|p2a: Kadabra|Psychic|p1a: Articuno
|-damage|p1a: Articuno|183\/304 par
|move|p1a: Articuno|Blizzard|p2a: Kadabra
|-damage|p2a: Kadabra|133\/242
|
|turn|20
|choice|move 1|move 3
|
|move|p2a: Kadabra|Recover|p2a: Kadabra
|-heal|p2a: Kadabra|242\/242
|move|p1a: Articuno|Blizzard|p2a: Kadabra
|-damage|p2a: Kadabra|133\/242
|
|turn|21
|choice|move 1|move 3
|
|move|p2a: Kadabra|Recover|p2a: Kadabra
|-heal|p2a: Kadabra|242\/242
|cant|p1a: Articuno|par
|
|turn|22
|choice|move 1|move 1
|
|move|p2a: Kadabra|Psychic|p1a: Articuno
|-damage|p1a: Articuno|80\/304 par
|move|p1a: Articuno|Blizzard|p2a: Kadabra
|-damage|p2a: Kadabra|134\/242
|
|turn|23
|choice|move 1|move 3
|
|move|p2a: Kadabra|Recover|p2a: Kadabra
|-heal|p2a: Kadabra|242\/242
|move|p1a: Articuno|Blizzard|p2a: Kadabra
|-damage|p2a: Kadabra|142\/242
|
|turn|24
|choice|switch 6|move 3
|
|switch|p1a: Tauros|Tauros, L79|280\/280
|move|p2a: Kadabra|Recover|p2a: Kadabra
|-heal|p2a: Kadabra|242\/242
|
|turn|25
|choice|move 3|move 2
|
|move|p2a: Kadabra|Thunder Wave|p1a: Tauros
|-status|p1a: Tauros|par
|move|p1a: Tauros|Body Slam|p2a: Kadabra
|-damage|p2a: Kadabra|177\/242
|
|turn|26
|choice|move 3|switch 4
|
|switch|p2a: Rhydon|Rhydon, L79|246\/328
|cant|p1a: Tauros|par
|
|turn|27
|choice|move 4|move 2
|
|move|p2a: Rhydon|Substitute|p2a: Rhydon
|-start|p2a: Rhydon|Substitute
|-damage|p2a: Rhydon|164\/328
|move|p1a: Tauros|Blizzard|p2a: Rhydon
|-supereffective|p2a: Rhydon
|-end|p2a: Rhydon|Substitute
|
|turn|28
|choice|move 1|switch 5
|
|switch|p2a: Mewtwo|Mewtwo, L70|293\/293
|move|p1a: Tauros|Earthquake|p2a: Mewtwo
|-damage|p2a: Mewtwo|222\/293
|
|turn|29
|c|★Dervodel2|ok i give up xD
|choice|move 3|move 1
|
|move|p2a: Mewtwo|Psychic|p1a: Tauros
|-damage|p1a: Tauros|171\/280 par
|-unboost|p1a: Tauros|spd|1
|-unboost|p1a: Tauros|spa|1
|move|p1a: Tauros|Body Slam|p2a: Mewtwo
|-damage|p2a: Mewtwo|130\/293
|
|turn|30
|choice|move 2|move 1
|
|move|p2a: Mewtwo|Psychic|p1a: Tauros
|-damage|p1a: Tauros|0 fnt
|faint|p1a: Tauros
|choice|switch 3|
|
|switch|p1a: Abra|Abra, L96|243\/243
|turn|31
|choice|move 2|move 4
|
|move|p1a: Abra|Thunder Wave|p2a: Mewtwo
|-status|p2a: Mewtwo|par
|move|p2a: Mewtwo|Rest|p2a: Mewtwo
|-status|p2a: Mewtwo|slp
|-heal|p2a: Mewtwo|293\/293 slp|[silent]
|-status|p2a: Mewtwo|slp|[from] move: Rest
|
|turn|32
|choice|move 4|move 3
|
|move|p1a: Abra|Seismic Toss|p2a: Mewtwo
|-damage|p2a: Mewtwo|197\/293 slp
|cant|p2a: Mewtwo|slp
|
|turn|33
|choice|move 4|move 3
|
|move|p1a: Abra|Seismic Toss|p2a: Mewtwo
|-damage|p2a: Mewtwo|101\/293 slp
|-curestatus|p2a: Mewtwo|slp
|
|turn|34
|choice|move 2|move 3
|
|move|p1a: Abra|Thunder Wave|p2a: Mewtwo
|-status|p2a: Mewtwo|par
|cant|p2a: Mewtwo|par
|
|turn|35
|choice|move 4|move 4
|
|move|p1a: Abra|Seismic Toss|p2a: Mewtwo
|-damage|p2a: Mewtwo|5\/293 par
|move|p2a: Mewtwo|Rest|p2a: Mewtwo
|-status|p2a: Mewtwo|slp
|-heal|p2a: Mewtwo|293\/293 slp|[silent]
|-status|p2a: Mewtwo|slp|[from] move: Rest
|
|turn|36
|choice|move 4|switch 4
|
|switch|p2a: Kadabra|Kadabra, L85|177\/242
|move|p1a: Abra|Seismic Toss|p2a: Kadabra
|-damage|p2a: Kadabra|81\/242
|
|turn|37
|choice|move 4|move 2
|
|move|p1a: Abra|Seismic Toss|p2a: Kadabra
|-damage|p2a: Kadabra|0 fnt
|faint|p2a: Kadabra
|choice||switch 3
|
|switch|p2a: Pidgeot|Pidgeot, L90|286\/333
|turn|38
|choice|move 2|move 1
|
|move|p1a: Abra|Thunder Wave|p2a: Pidgeot
|-status|p2a: Pidgeot|par
|move|p2a: Pidgeot|Double-Edge|p1a: Abra
|-damage|p1a: Abra|38\/243
|-damage|p2a: Pidgeot|235\/333 par|[from] recoil|[of] p1a: Abra
|
|turn|39
|choice|switch 4|move 1
|
|switch|p1a: Clefable|Clefable, L85|335\/335
|move|p2a: Pidgeot|Double-Edge|p1a: Clefable
|-damage|p1a: Clefable|215\/335
|-damage|p2a: Pidgeot|205\/333 par|[from] recoil|[of] p1a: Clefable
|
|turn|40
|choice|move 2|move 4
|
|move|p1a: Clefable|Thunderbolt|p2a: Pidgeot
|-crit|p2a: Pidgeot
|-supereffective|p2a: Pidgeot
|-damage|p2a: Pidgeot|0 fnt
|faint|p2a: Pidgeot
|choice||switch 4
|
|switch|p2a: Mewtwo|Mewtwo, L70|293\/293 slp
|turn|41
|choice|move 3|move 1
|
|cant|p2a: Mewtwo|slp
|move|p1a: Clefable|Blizzard|p2a: Mewtwo
|-damage|p2a: Mewtwo|223\/293 slp
|
|turn|42
|choice|move 2|move 1
|
|-curestatus|p2a: Mewtwo|slp
|move|p1a: Clefable|Thunderbolt|p2a: Mewtwo
|-damage|p2a: Mewtwo|175\/293
|
|turn|43
|choice|move 3|move 1
|
|move|p2a: Mewtwo|Psychic|p1a: Clefable|[miss]
|-miss|p2a: Mewtwo
|move|p1a: Clefable|Blizzard|p2a: Mewtwo
|-damage|p2a: Mewtwo|109\/293
|
|turn|44
|choice|move 3|move 1
|
|move|p2a: Mewtwo|Psychic|p1a: Clefable
|-damage|p1a: Clefable|126\/335
|move|p1a: Clefable|Blizzard|p2a: Mewtwo
|-damage|p2a: Mewtwo|39\/293
|
|turn|45
|choice|move 3|move 4
|
|move|p2a: Mewtwo|Rest|p2a: Mewtwo
|-status|p2a: Mewtwo|slp
|-heal|p2a: Mewtwo|293\/293 slp|[silent]
|-status|p2a: Mewtwo|slp|[from] move: Rest
|move|p1a: Clefable|Blizzard|p2a: Mewtwo
|-damage|p2a: Mewtwo|233\/293 slp
|
|turn|46
|choice|move 3|move 1
|
|cant|p2a: Mewtwo|slp
|move|p1a: Clefable|Blizzard|p2a: Mewtwo
|-damage|p2a: Mewtwo|168\/293 slp
|
|turn|47
|choice|move 3|move 1
|
|-curestatus|p2a: Mewtwo|slp
|move|p1a: Clefable|Blizzard|p2a: Mewtwo
|-damage|p2a: Mewtwo|105\/293
|
|turn|48
|choice|move 1|move 1
|
|move|p2a: Mewtwo|Psychic|p1a: Clefable
|-damage|p1a: Clefable|38\/335
|-unboost|p1a: Clefable|spd|1
|-unboost|p1a: Clefable|spa|1
|move|p1a: Clefable|Thunder Wave|p2a: Mewtwo
|-status|p2a: Mewtwo|par
|
|turn|49
|choice|move 3|move 4
|
|move|p1a: Clefable|Blizzard|p2a: Mewtwo
|-damage|p2a: Mewtwo|59\/293 par
|cant|p2a: Mewtwo|par
|
|turn|50
|choice|move 3|move 4
|
|move|p1a: Clefable|Blizzard|p2a: Mewtwo
|-crit|p2a: Mewtwo
|-damage|p2a: Mewtwo|0 fnt
|faint|p2a: Mewtwo
|choice||switch 5
|
|switch|p2a: Rhydon|Rhydon, L79|164\/328
|turn|51
|choice|move 4|move 4
|
|move|p2a: Rhydon|Body Slam|p1a: Clefable
|-damage|p1a: Clefable|0 fnt
|faint|p1a: Clefable
|choice|switch 2|
|
|switch|p1a: Wartortle|Wartortle, L85|148\/274 par
|turn|52
|choice|move 4|move 3
|
|move|p2a: Rhydon|Earthquake|p1a: Wartortle
|-damage|p1a: Wartortle|39\/274 par
|move|p1a: Wartortle|Hydro Pump|p2a: Rhydon
|-supereffective|p2a: Rhydon
|-damage|p2a: Rhydon|0 fnt
|faint|p2a: Rhydon
|
|win|Dervodel2
|player|p1
|player|p2
|raw|Dervodel2's rating: 1298 &rarr; <strong>1309<\/strong><br \/>(+11 for winning)
|raw|Boats-n-Hoes69's rating: 1080 &rarr; <strong>1070<\/strong><br \/>(-10 for losing)
|l|Boats-n-Hoes69