|j|samusco
|j|Andjey
|player|p1|samusco|258
|player|p2|Andjey|101
|gametype|singles
|gen|1
|tier|[Gen 1] OU
|rated
|seed|22605,58194,64085,44911
|rule|Sleep Clause Mod: Limit one foe put to sleep
|rule|Freeze Clause Mod: Limit one foe frozen
|rule|Species Clause: Limit one of each Pokémon
|rule|OHKO Clause: OHKO moves are banned
|rule|Evasion Moves Clause: Evasion moves are banned
|rule|HP Percentage Mod: HP is shown in percentages
|
|start
|switch|p1a: Electrode|Electrode|323\/323
|switch|p2a: Yo mama!|Jynx|333\/333
|turn|1
|choice|move 1|switch 6
|
|switch|p2a: Mystic Montain|Rhydon|413\/413
|move|p1a: Electrode|Thunder Wave|p2a: Mystic Montain
|-immune|p2a: Mystic Montain|[msg]
|
|turn|2
|choice|switch 3|move 3
|
|switch|p1a: Exeggutor|Exeggutor|393\/393
|move|p2a: Mystic Montain|Substitute|p2a: Mystic Montain
|-start|p2a: Mystic Montain|Substitute
|-damage|p2a: Mystic Montain|310\/413
|
|turn|3
|choice|switch 5|move 4
|
|switch|p1a: Tentacruel|Tentacruel|363\/363
|move|p2a: Mystic Montain|Body Slam|p1a: Tentacruel
|-damage|p1a: Tentacruel|266\/363
|
|turn|4
|choice|move 1|move 1
|
|move|p1a: Tentacruel|Wrap|p2a: Mystic Montain
|-activate|p2a: Mystic Montain|move: Wrap|[of] p1a: Tentacruel
|-resisted|p2a: Mystic Montain
|-activate|p2a: Mystic Montain|Substitute|[damage]
|cant|p2a: Mystic Montain|partiallytrapped
|
|turn|5
|choice|move 1|move 1
|
|move|p1a: Tentacruel|Wrap|p2a: Mystic Montain|[from]Wrap
|-activate|p2a: Mystic Montain|Substitute|[damage]
|cant|p2a: Mystic Montain|partiallytrapped
|
|-end|p2a: Mystic Montain|Wrap|[partiallytrapped]
|turn|6
|choice|move 1|switch 2
|
|switch|p2a: Stargasm|Starmie|323\/323
|move|p1a: Tentacruel|Wrap|p2a: Stargasm
|-damage|p2a: Stargasm|312\/323
|-activate|p2a: Stargasm|move: Wrap|[of] p1a: Tentacruel
|
|turn|7
|choice|move 1|move 4
|
|cant|p2a: Stargasm|partiallytrapped
|move|p1a: Tentacruel|Wrap|p2a: Stargasm|[from]Wrap
|-damage|p2a: Stargasm|301\/323
|
|turn|8
|choice|move 1|move 4
|
|cant|p2a: Stargasm|partiallytrapped
|move|p1a: Tentacruel|Wrap|p2a: Stargasm|[from]Wrap
|-damage|p2a: Stargasm|290\/323
|
|-end|p2a: Stargasm|Wrap|[partiallytrapped]
|turn|9
|choice|switch 5|move 4
|
|switch|p1a: Exeggutor|Exeggutor|393\/393
|move|p2a: Stargasm|Thunder Wave|p1a: Exeggutor
|-status|p1a: Exeggutor|par
|
|turn|10
|choice|move 3|move 1
|
|move|p2a: Stargasm|Blizzard|p1a: Exeggutor
|-crit|p1a: Exeggutor
|-supereffective|p1a: Exeggutor
|-damage|p1a: Exeggutor|82\/393 par
|move|p1a: Exeggutor|Toxic|p2a: Stargasm
|-status|p2a: Stargasm|tox
|
|turn|11
|choice|switch 3|move 1
|
|switch|p1a: Electrode|Electrode|323\/323
|move|p2a: Stargasm|Blizzard|p1a: Electrode
|-damage|p1a: Electrode|212\/323
|-damage|p2a: Stargasm|270\/323 tox|[from] tox|[of] p1a: Electrode
|
|turn|12
|choice|move 2|switch 2
|
|switch|p2a: Mystic Montain|Rhydon|310\/413
|move|p1a: Electrode|Thunderbolt|p2a: Mystic Montain
|-immune|p2a: Mystic Montain|[msg]
|
|turn|13
|choice|move 1|move 1
|
|move|p1a: Electrode|Thunder Wave|p2a: Mystic Montain
|-immune|p2a: Mystic Montain|[msg]
|move|p2a: Mystic Montain|Earthquake|p1a: Electrode
|-supereffective|p1a: Electrode
|-damage|p1a: Electrode|0 fnt
|faint|p1a: Electrode
|choice|switch 4|
|
|switch|p1a: Alakazam|Alakazam|313\/313
|turn|14
|choice|move 1|switch 6
|
|switch|p2a: Yo mama!|Jynx|333\/333
|move|p1a: Alakazam|Psychic|p2a: Yo mama!
|-resisted|p2a: Yo mama!
|-damage|p2a: Yo mama!|262\/333
|-unboost|p2a: Yo mama!|spd|1
|-unboost|p2a: Yo mama!|spa|1
|
|turn|15
|choice|move 2|move 3
|
|move|p1a: Alakazam|Thunder Wave|p2a: Yo mama!
|-status|p2a: Yo mama!|par
|move|p2a: Yo mama!|Psychic|p1a: Alakazam
|-crit|p1a: Alakazam
|-resisted|p1a: Alakazam
|-damage|p1a: Alakazam|227\/313
|-unboost|p1a: Alakazam|spd|1
|-unboost|p1a: Alakazam|spa|1
|
|turn|16
|choice|move 1|move 2
|
|move|p1a: Alakazam|Psychic|p2a: Yo mama!
|-crit|p2a: Yo mama!
|-resisted|p2a: Yo mama!
|-damage|p2a: Yo mama!|124\/333 par
|move|p2a: Yo mama!|Blizzard|p1a: Alakazam
|-damage|p1a: Alakazam|116\/313
|
|turn|17
|choice|move 3|move 4
|
|move|p1a: Alakazam|Recover|p1a: Alakazam
|-heal|p1a: Alakazam|272\/313
|cant|p2a: Yo mama!|par
|
|turn|18
|choice|move 1|move 4
|
|move|p1a: Alakazam|Psychic|p2a: Yo mama!
|-resisted|p2a: Yo mama!
|-damage|p2a: Yo mama!|58\/333 par
|move|p2a: Yo mama!|Rest|p2a: Yo mama!
|-status|p2a: Yo mama!|slp
|-heal|p2a: Yo mama!|333\/333 slp|[silent]
|-status|p2a: Yo mama!|slp|[from] move: Rest
|
|turn|19
|choice|switch 3|switch 2
|
|switch|p1a: Exeggutor|Exeggutor|82\/393 par
|switch|p2a: Stargasm|Starmie|270\/323 tox
|-status|p2a: Stargasm|psn
|-damage|p2a: Stargasm|250\/323 psn|[from] psn
|
|turn|20
|choice|switch 3|move 1
|
|switch|p1a: Alakazam|Alakazam|272\/313
|move|p2a: Stargasm|Blizzard|p1a: Alakazam
|-damage|p1a: Alakazam|200\/313
|-damage|p2a: Stargasm|230\/323 psn|[from] psn|[of] p1a: Alakazam
|
|turn|21
|choice|move 1|move 4
|
|move|p1a: Alakazam|Psychic|p2a: Stargasm
|-crit|p2a: Stargasm
|-resisted|p2a: Stargasm
|-damage|p2a: Stargasm|94\/323 psn
|move|p2a: Stargasm|Thunder Wave|p1a: Alakazam
|-status|p1a: Alakazam|par
|-damage|p2a: Stargasm|74\/323 psn|[from] psn|[of] p1a: Alakazam
|
|turn|22
|choice|move 3|switch 5
|
|switch|p2a: Fimbulwinter|Articuno|383\/383
|move|p1a: Alakazam|Recover|p1a: Alakazam
|-heal|p1a: Alakazam|313\/313 par
|
|turn|23
|choice|move 1|move 3
|
|move|p2a: Fimbulwinter|Ice Beam|p1a: Alakazam
|-damage|p1a: Alakazam|212\/313 par
|move|p1a: Alakazam|Psychic|p2a: Fimbulwinter
|-damage|p2a: Fimbulwinter|274\/383
|-unboost|p2a: Fimbulwinter|spd|1
|-unboost|p2a: Fimbulwinter|spa|1
|
|turn|24
|choice|move 2|move 1
|
|move|p2a: Fimbulwinter|Blizzard|p1a: Alakazam
|-damage|p1a: Alakazam|120\/313 par
|move|p1a: Alakazam|Thunder Wave|p2a: Fimbulwinter
|-status|p2a: Fimbulwinter|par
|
|turn|25
|choice|move 3|move 1
|
|move|p1a: Alakazam|Recover|p1a: Alakazam
|-heal|p1a: Alakazam|276\/313 par
|move|p2a: Fimbulwinter|Blizzard|p1a: Alakazam
|-damage|p1a: Alakazam|194\/313 par
|
|turn|26
|choice|move 1|move 4
|
|move|p1a: Alakazam|Psychic|p2a: Fimbulwinter
|-damage|p2a: Fimbulwinter|97\/383 par
|-unboost|p2a: Fimbulwinter|spd|1
|-unboost|p2a: Fimbulwinter|spa|1
|move|p2a: Fimbulwinter|Rest|p2a: Fimbulwinter
|-status|p2a: Fimbulwinter|slp
|-heal|p2a: Fimbulwinter|383\/383 slp|[silent]
|-status|p2a: Fimbulwinter|slp|[from] move: Rest
|
|turn|27
|choice|move 1|switch 2
|
|switch|p2a: Yo mama!|Jynx|333\/333 slp
|cant|p1a: Alakazam|par
|
|turn|28
|choice|switch 3|move 1
|
|switch|p1a: Exeggutor|Exeggutor|82\/393 par
|cant|p2a: Yo mama!|slp
|
|turn|29
|choice|move 2|move 2
|
|-curestatus|p2a: Yo mama!|slp
|move|p1a: Exeggutor|Leech Seed|p2a: Yo mama!
|-start|p2a: Yo mama!|move: Leech Seed
|
|turn|30
|choice|move 4|move 2
|
|move|p2a: Yo mama!|Blizzard|p1a: Exeggutor
|-crit|p1a: Exeggutor
|-supereffective|p1a: Exeggutor
|-damage|p1a: Exeggutor|0 fnt
|faint|p1a: Exeggutor
|choice|switch 3|
|
|switch|p1a: Alakazam|Alakazam|194\/313 par
|turn|31
|choice|move 2|move 2
|
|move|p2a: Yo mama!|Blizzard|p1a: Alakazam
|-damage|p1a: Alakazam|82\/313 par
|-damage|p2a: Yo mama!|313\/333|[from] Leech Seed|[of] p1a: Alakazam
|-heal|p1a: Alakazam|102\/313 par|[silent]
|move|p1a: Alakazam|Thunder Wave|p2a: Yo mama!
|-status|p2a: Yo mama!|par
|
|turn|32
|choice|move 3|move 2
|
|cant|p1a: Alakazam|par
|move|p2a: Yo mama!|Blizzard|p1a: Alakazam
|-damage|p1a: Alakazam|0 fnt
|faint|p1a: Alakazam
|choice|switch 6|
|
|switch|p1a: Golem|Golem|363\/363
|turn|33
|choice|move 1|switch 5
|
|switch|p2a: Stargasm|Starmie|74\/323 psn
|-damage|p2a: Stargasm|54\/323 psn|[from] psn
|move|p1a: Golem|Rock Slide|p2a: Stargasm
|-damage|p2a: Stargasm|0 fnt
|faint|p2a: Stargasm
|choice||switch 3
|
|switch|p2a: King Of the Bullsh|Tauros|353\/353
|turn|34
|choice|switch 5|move 3
|
|switch|p1a: Tentacruel|Tentacruel|266\/363
|move|p2a: King Of the Bullsh|Earthquake|p1a: Tentacruel
|-supereffective|p1a: Tentacruel
|-damage|p1a: Tentacruel|76\/363
|
|turn|35
|choice|move 1|move 1
|
|move|p2a: King Of the Bullsh|Body Slam|p1a: Tentacruel
|-damage|p1a: Tentacruel|0 fnt
|faint|p1a: Tentacruel
|choice|switch 2|
|
|switch|p1a: Gengar|Gengar|323\/323
|turn|36
|choice|move 3|move 3
|
|move|p1a: Gengar|Explosion|p2a: King Of the Bullsh
|-damage|p2a: King Of the Bullsh|126\/353
|faint|p1a: Gengar
|choice|switch 5|
|
|switch|p1a: Golem|Golem|363\/363
|turn|37
|choice|move 4|move 3
|
|move|p2a: King Of the Bullsh|Earthquake|p1a: Golem
|-supereffective|p1a: Golem
|-damage|p1a: Golem|243\/363
|move|p1a: Golem|Hyper Beam|p2a: King Of the Bullsh
|-damage|p2a: King Of the Bullsh|0 fnt
|faint|p2a: King Of the Bullsh
|choice||switch 2
|
|switch|p2a: Fimbulwinter|Articuno|383\/383 slp
|turn|38
|choice|move 1|move 2
|
|cant|p2a: Fimbulwinter|slp
|move|p1a: Golem|Rock Slide|p2a: Fimbulwinter
|-crit|p2a: Fimbulwinter
|-supereffective|p2a: Fimbulwinter
|-damage|p2a: Fimbulwinter|0 fnt
|faint|p2a: Fimbulwinter
|choice||switch 4
|
|switch|p2a: American Standard|Snorlax|523\/523
|turn|39
|choice|move 3|move 2
|
|move|p1a: Golem|Body Slam|p2a: American Standard
|-damage|p2a: American Standard|434\/523
|move|p2a: American Standard|Ice Beam|p1a: Golem
|-supereffective|p1a: Golem
|-damage|p1a: Golem|89\/363
|
|turn|40
|choice|move 3|move 2
|
|move|p1a: Golem|Body Slam|p2a: American Standard
|-damage|p2a: American Standard|345\/523
|move|p2a: American Standard|Ice Beam|p1a: Golem
|-supereffective|p1a: Golem
|-damage|p1a: Golem|0 fnt
|faint|p1a: Golem
|
|win|Andjey
|player|p1
|player|p2
|raw|samusco's rating: 1044 &rarr; <strong>1030<\/strong><br \/>(-14 for losing)
|raw|Andjey's rating: 1097 &rarr; <strong>1118<\/strong><br \/>(+21 for winning)