|j|Sun Rays1
|j|Mista Jay
|player|p1|Sun Rays1|107
|player|p2|Mista Jay|170
|gametype|singles
|gen|1
|tier|[Gen 1] OU
|rated
|seed|50324,29421,17898,51553
|rule|Sleep Clause Mod: Limit one foe put to sleep
|rule|Freeze Clause Mod: Limit one foe frozen
|rule|Species Clause: Limit one of each Pokémon
|rule|OHKO Clause: OHKO moves are banned
|rule|Evasion Moves Clause: Evasion moves are banned
|rule|HP Percentage Mod: HP is shown in percentages
|
|start
|switch|p1a: Chainsaw|Chansey|703\/703
|switch|p2a: Jynx|Jynx|333\/333
|turn|1
|c|★Mista Jay|oh hay
|choice|switch 4|move 1
|
|switch|p1a: Rider|Rhydon|413\/413
|move|p2a: Jynx|Lovely Kiss|p1a: Rider|[miss]
|-miss|p2a: Jynx
|
|turn|2
|choice|move 2|move 1
|
|move|p2a: Jynx|Lovely Kiss|p1a: Rider|[miss]
|-miss|p2a: Jynx
|move|p1a: Rider|Rock Slide|p2a: Jynx
|-crit|p2a: Jynx
|-supereffective|p2a: Jynx
|-damage|p2a: Jynx|0 fnt
|faint|p2a: Jynx
|choice||switch 2
|
|switch|p2a: Slowbro|Slowbro|393\/393
|turn|3
|j|Diegolh
|choice|switch 4|move 3
|
|switch|p1a: Chainsaw|Chansey|703\/703
|move|p2a: Slowbro|Amnesia|p2a: Slowbro
|-boost|p2a: Slowbro|spd|2
|-boost|p2a: Slowbro|spa|2
|
|turn|4
|choice|move 4|move 4
|
|move|p1a: Chainsaw|Thunderbolt|p2a: Slowbro
|-supereffective|p2a: Slowbro
|-damage|p2a: Slowbro|305\/393
|move|p2a: Slowbro|Psychic|p1a: Chainsaw
|-damage|p1a: Chainsaw|537\/703
|
|turn|5
|choice|move 4|move 4
|
|move|p1a: Chainsaw|Thunderbolt|p2a: Slowbro
|-crit|p2a: Slowbro
|-supereffective|p2a: Slowbro
|-damage|p2a: Slowbro|0 fnt
|faint|p2a: Slowbro
|choice||switch 4
|
|switch|p2a: Tauros|Tauros|353\/353
|turn|6
|choice|move 3|move 1
|
|move|p2a: Tauros|Body Slam|p1a: Chainsaw
|-damage|p1a: Chainsaw|259\/703
|move|p1a: Chainsaw|Counter|p2a: Tauros
|-damage|p2a: Tauros|0 fnt
|faint|p2a: Tauros
|choice||switch 3
|
|switch|p2a: Zapdos|Zapdos|383\/383
|turn|7
|choice|move 2|move 1
|
|move|p2a: Zapdos|Drill Peck|p1a: Chainsaw
|-damage|p1a: Chainsaw|0 fnt
|faint|p1a: Chainsaw
|choice|switch 4|
|
|switch|p1a: Rider|Rhydon|413\/413
|turn|8
|choice|move 2|switch 6
|
|switch|p2a: Golem|Golem|363\/363
|move|p1a: Rider|Rock Slide|p2a: Golem
|-crit|p2a: Golem
|-resisted|p2a: Golem
|-damage|p2a: Golem|275\/363
|
|turn|9
|choice|switch 3|move 1
|
|switch|p1a: Praise|Lapras|463\/463
|move|p2a: Golem|Earthquake|p1a: Praise
|-damage|p1a: Praise|323\/463
|
|turn|10
|choice|move 4|switch 5
|
|switch|p2a: Chansey|Chansey|703\/703
|move|p1a: Praise|Confuse Ray|p2a: Chansey
|-start|p2a: Chansey|confusion
|
|turn|11
|choice|move 3|move 3
|
|move|p1a: Praise|Body Slam|p2a: Chansey
|-damage|p2a: Chansey|526\/703
|-activate|p2a: Chansey|confusion
|-damage|p2a: Chansey|491\/703|[from] confusion
|
|turn|12
|choice|move 3|move 3
|
|move|p1a: Praise|Body Slam|p2a: Chansey
|-damage|p2a: Chansey|316\/703
|-activate|p2a: Chansey|confusion
|move|p2a: Chansey|Thunder Wave|p1a: Praise
|-status|p1a: Praise|par
|
|turn|13
|choice|move 3|move 2
|
|-end|p2a: Chansey|confusion
|move|p2a: Chansey|Soft-Boiled|p2a: Chansey
|-heal|p2a: Chansey|667\/703
|move|p1a: Praise|Body Slam|p2a: Chansey|[miss]
|-miss|p1a: Praise
|
|turn|14
|choice|move 4|switch 5
|
|switch|p2a: Golem|Golem|275\/363
|cant|p1a: Praise|par
|
|turn|15
|choice|move 4|move 3
|
|move|p2a: Golem|Rock Slide|p1a: Praise
|-supereffective|p1a: Praise
|-damage|p1a: Praise|92\/463 par
|move|p1a: Praise|Confuse Ray|p2a: Golem
|-start|p2a: Golem|confusion
|
|turn|16
|choice|switch 3|switch 6
|
|switch|p2a: Zapdos|Zapdos|383\/383
|switch|p1a: Rider|Rhydon|413\/413
|
|turn|17
|choice|move 2|switch 6
|
|switch|p2a: Golem|Golem|275\/363
|move|p1a: Rider|Rock Slide|p2a: Golem
|-resisted|p2a: Golem
|-damage|p2a: Golem|228\/363
|
|turn|18
|choice|switch 3|move 1
|
|switch|p1a: Praise|Lapras|92\/463 par
|move|p2a: Golem|Earthquake|p1a: Praise
|-damage|p1a: Praise|0 fnt
|faint|p1a: Praise
|choice|switch 3|
|
|switch|p1a: Rider|Rhydon|413\/413
|turn|19
|choice|move 1|move 1
|
|move|p2a: Golem|Earthquake|p1a: Rider
|-supereffective|p1a: Rider
|-damage|p1a: Rider|192\/413
|move|p1a: Rider|Earthquake|p2a: Golem
|-supereffective|p2a: Golem
|-damage|p2a: Golem|0 fnt
|faint|p2a: Golem
|choice||switch 5
|
|switch|p2a: Chansey|Chansey|667\/703
|turn|20
|choice|move 4|move 1
|
|move|p2a: Chansey|Ice Beam|p1a: Rider
|-supereffective|p1a: Rider
|-damage|p1a: Rider|0 fnt
|faint|p1a: Rider
|choice|switch 2|
|
|switch|p1a: Relax|Snorlax|523\/523
|turn|21
|choice|move 1|move 4
|
|move|p2a: Chansey|Toxic|p1a: Relax
|-status|p1a: Relax|tox
|move|p1a: Relax|Body Slam|p2a: Chansey
|-damage|p2a: Chansey|367\/703
|-damage|p1a: Relax|491\/523 tox|[from] tox|[of] p2a: Chansey
|
|turn|22
|choice|move 1|move 2
|
|move|p2a: Chansey|Soft-Boiled|p2a: Chansey
|-heal|p2a: Chansey|703\/703
|move|p1a: Relax|Body Slam|p2a: Chansey
|-damage|p2a: Chansey|398\/703
|-damage|p1a: Relax|427\/523 tox|[from] tox|[of] p2a: Chansey
|
|turn|23
|choice|move 1|move 2
|
|move|p2a: Chansey|Soft-Boiled|p2a: Chansey
|-heal|p2a: Chansey|703\/703
|move|p1a: Relax|Body Slam|p2a: Chansey
|-damage|p2a: Chansey|424\/703
|-damage|p1a: Relax|331\/523 tox|[from] tox|[of] p2a: Chansey
|
|turn|24
|choice|move 1|move 2
|
|move|p2a: Chansey|Soft-Boiled|p2a: Chansey
|-heal|p2a: Chansey|703\/703
|move|p1a: Relax|Body Slam|p2a: Chansey
|-damage|p2a: Chansey|412\/703
|-damage|p1a: Relax|203\/523 tox|[from] tox|[of] p2a: Chansey
|
|turn|25
|choice|move 4|move 2
|
|move|p2a: Chansey|Soft-Boiled|p2a: Chansey
|-heal|p2a: Chansey|703\/703
|move|p1a: Relax|Self-Destruct|p2a: Chansey
|-damage|p2a: Chansey|0 fnt
|faint|p2a: Chansey
|faint|p1a: Relax
|c| Diegolh|expl
|choice|switch 5|switch 6
|
|switch|p2a: Zapdos|Zapdos|383\/383
|switch|p1a: Mark|Muk|413\/413
|turn|26
|choice|move 2|move 1
|
|move|p2a: Zapdos|Drill Peck|p1a: Mark
|-damage|p1a: Mark|312\/413
|move|p1a: Mark|Body Slam|p2a: Zapdos
|-damage|p2a: Zapdos|301\/383
|-status|p2a: Zapdos|par
|
|turn|27
|choice|move 2|move 3
|
|move|p1a: Mark|Body Slam|p2a: Zapdos
|-damage|p2a: Zapdos|226\/383 par
|move|p2a: Zapdos|Thunderbolt|p1a: Mark
|-crit|p1a: Mark
|-damage|p1a: Mark|0 fnt
|faint|p1a: Mark
|choice|switch 6|
|
|switch|p1a: Kangaroo|Kangaskhan|413\/413
|turn|28
|choice|move 1|move 3
|
|move|p1a: Kangaroo|Body Slam|p2a: Zapdos
|-damage|p2a: Zapdos|124\/383 par
|cant|p2a: Zapdos|par
|
|turn|29
|choice|move 2|move 3
|
|move|p1a: Kangaroo|Hyper Beam|p2a: Zapdos|[miss]
|-miss|p1a: Kangaroo
|cant|p2a: Zapdos|par
|
|turn|30
|choice|move 2|move 3
|
|move|p1a: Kangaroo|Hyper Beam|p2a: Zapdos
|-crit|p2a: Zapdos
|-damage|p2a: Zapdos|0 fnt
|faint|p2a: Zapdos
|
|win|Sun Rays1
|player|p1
|player|p2
|j|B-Kx187
|raw|Sun Rays1's rating: 1000 &rarr; <strong>1066<\/strong><br \/>(+66 for winning)
|raw|Mista Jay's rating: 1274 &rarr; <strong>1233<\/strong><br \/>(-41 for losing)
|c|★Sun Rays1|gg
|l|Mista Jay