|j|stryxx
|j|Abstrix
|player|p1|stryxx|202
|player|p2|Abstrix|8
|gametype|singles
|gen|1
|tier|[Gen 1] OU
|rated
|seed|48704,18995,2113,26200
|rule|Sleep Clause Mod: Limit one foe put to sleep
|rule|Freeze Clause Mod: Limit one foe frozen
|rule|Species Clause: Limit one of each Pokémon
|rule|OHKO Clause: OHKO moves are banned
|rule|Evasion Moves Clause: Evasion moves are banned
|rule|HP Percentage Mod: HP is shown in percentages
|
|start
|switch|p1a: Jynx|Jynx|333\/333
|switch|p2a: Jynx|Jynx|333\/333
|turn|1
|choice|move 3|move 4
|
|move|p1a: Jynx|Lovely Kiss|p2a: Jynx|[miss]
|-miss|p1a: Jynx
|move|p2a: Jynx|Lovely Kiss|p1a: Jynx
|-status|p1a: Jynx|slp
|
|turn|2
|choice|switch 2|move 2
|
|switch|p1a: Chansey|Chansey|703\/703
|move|p2a: Jynx|Psychic|p1a: Chansey
|-crit|p1a: Chansey
|-damage|p1a: Chansey|499\/703
|
|turn|3
|choice|move 3|switch 2
|
|switch|p2a: Chansey|Chansey|703\/703
|move|p1a: Chansey|Thunder Wave|p2a: Chansey
|-status|p2a: Chansey|par
|
|turn|4
|choice|switch 4|move 1
|
|switch|p1a: Snorlax|Snorlax|523\/523
|move|p2a: Chansey|Ice Beam|p1a: Snorlax
|-damage|p1a: Snorlax|420\/523
|
|turn|5
|choice|move 1|switch 3
|
|switch|p2a: Golem|Golem|363\/363
|move|p1a: Snorlax|Body Slam|p2a: Golem
|-resisted|p2a: Golem
|-damage|p2a: Golem|320\/363
|
|turn|6
|choice|move 3|move 1
|
|move|p2a: Golem|Earthquake|p1a: Snorlax
|-damage|p1a: Snorlax|249\/523
|move|p1a: Snorlax|Reflect|p1a: Snorlax
|-start|p1a: Snorlax|Reflect
|
|turn|7
|choice|move 2|move 1
|
|move|p2a: Golem|Earthquake|p1a: Snorlax
|-damage|p1a: Snorlax|170\/523
|move|p1a: Snorlax|Earthquake|p2a: Golem
|-supereffective|p2a: Golem
|-damage|p2a: Golem|169\/363
|
|turn|8
|choice|move 2|move 3
|
|move|p2a: Golem|Explosion|p1a: Snorlax
|-damage|p1a: Snorlax|0 fnt
|faint|p1a: Snorlax
|faint|p2a: Golem
|choice|switch 6|switch 4
|
|switch|p1a: Zapdos|Zapdos|383\/383
|switch|p2a: Slowbro|Slowbro|393\/393
|turn|9
|choice|switch 4|switch 2
|
|switch|p1a: Chansey|Chansey|499\/703
|switch|p2a: Jynx|Jynx|333\/333
|
|turn|10
|choice|move 3|switch 3
|
|switch|p2a: Chansey|Chansey|703\/703 par
|move|p1a: Chansey|Thunder Wave|p2a: Chansey
|-fail|p2a: Chansey|par
|
|turn|11
|choice|switch 4|move 1
|
|switch|p1a: Zapdos|Zapdos|383\/383
|move|p2a: Chansey|Ice Beam|p1a: Zapdos
|-crit|p1a: Zapdos
|-supereffective|p1a: Zapdos
|-damage|p1a: Zapdos|121\/383
|
|turn|12
|choice|move 1|move 1
|
|move|p1a: Zapdos|Drill Peck|p2a: Chansey
|-damage|p2a: Chansey|463\/703 par
|cant|p2a: Chansey|par
|
|turn|13
|choice|move 1|switch 3
|
|switch|p2a: Jynx|Jynx|333\/333
|move|p1a: Zapdos|Drill Peck|p2a: Jynx
|-damage|p2a: Jynx|175\/333
|
|turn|14
|choice|switch 4|move 1
|
|switch|p1a: Chansey|Chansey|499\/703
|move|p2a: Jynx|Ice Beam|p1a: Chansey
|-damage|p1a: Chansey|399\/703
|
|turn|15
|choice|move 4|move 1
|
|move|p2a: Jynx|Ice Beam|p1a: Chansey
|-damage|p1a: Chansey|294\/703
|move|p1a: Chansey|Thunderbolt|p2a: Jynx
|-damage|p2a: Jynx|99\/333
|
|turn|16
|choice|move 3|move 1
|
|move|p2a: Jynx|Ice Beam|p1a: Chansey
|-damage|p1a: Chansey|180\/703
|-status|p1a: Chansey|frz
|cant|p1a: Chansey|frz
|
|turn|17
|choice|switch 3|move 1
|
|switch|p1a: Tauros|Tauros|353\/353
|move|p2a: Jynx|Ice Beam|p1a: Tauros
|-damage|p1a: Tauros|211\/353
|
|turn|18
|choice|move 1|move 1
|
|move|p1a: Tauros|Body Slam|p2a: Jynx
|-damage|p2a: Jynx|0 fnt
|faint|p2a: Jynx
|choice||switch 5
|
|switch|p2a: Exeggutor|Exeggutor|393\/393
|turn|19
|choice|switch 2|move 1
|
|switch|p1a: Jynx|Jynx|333\/333 slp
|move|p2a: Exeggutor|Psychic|p1a: Jynx
|-resisted|p1a: Jynx
|-damage|p1a: Jynx|267\/333 slp
|
|turn|20
|choice|switch 5|switch 6
|
|switch|p1a: Exeggutor|Exeggutor|393\/393
|switch|p2a: Tauros|Tauros|353\/353
|
|turn|21
|choice|switch 4|switch 3
|
|switch|p2a: Chansey|Chansey|463\/703 par
|switch|p1a: Zapdos|Zapdos|121\/383
|
|turn|22
|choice|move 1|move 1
|
|move|p1a: Zapdos|Drill Peck|p2a: Chansey
|-damage|p2a: Chansey|217\/703 par
|move|p2a: Chansey|Ice Beam|p1a: Zapdos
|-supereffective|p1a: Zapdos
|-damage|p1a: Zapdos|0 fnt
|faint|p1a: Zapdos
|choice|switch 2|
|
|switch|p1a: Tauros|Tauros|211\/353
|turn|23
|choice|move 1|move 1
|
|move|p1a: Tauros|Body Slam|p2a: Chansey
|-damage|p2a: Chansey|0 fnt
|faint|p2a: Chansey
|choice||switch 2
|
|switch|p2a: Slowbro|Slowbro|393\/393
|turn|24
|choice|switch 4|move 3
|
|switch|p1a: Exeggutor|Exeggutor|393\/393
|move|p2a: Slowbro|Thunder Wave|p1a: Exeggutor
|-status|p1a: Exeggutor|par
|
|turn|25
|choice|move 1|move 2
|
|move|p2a: Slowbro|Amnesia|p2a: Slowbro
|-boost|p2a: Slowbro|spd|2
|-boost|p2a: Slowbro|spa|2
|move|p1a: Exeggutor|Sleep Powder|p2a: Slowbro
|-status|p2a: Slowbro|slp
|
|turn|26
|choice|switch 4|move 2
|
|switch|p1a: Tauros|Tauros|211\/353
|cant|p2a: Slowbro|slp
|
|turn|27
|choice|move 1|move 1
|
|move|p1a: Tauros|Body Slam|p2a: Slowbro
|-damage|p2a: Slowbro|294\/393 slp
|cant|p2a: Slowbro|slp
|
|turn|28
|choice|move 1|move 1
|
|move|p1a: Tauros|Body Slam|p2a: Slowbro
|-damage|p2a: Slowbro|205\/393 slp
|cant|p2a: Slowbro|slp
|
|turn|29
|choice|move 1|move 2
|
|move|p1a: Tauros|Body Slam|p2a: Slowbro
|-damage|p2a: Slowbro|111\/393 slp
|-curestatus|p2a: Slowbro|slp
|
|turn|30
|choice|move 4|switch 6
|
|switch|p2a: Exeggutor|Exeggutor|393\/393
|move|p1a: Tauros|Hyper Beam|p2a: Exeggutor
|-damage|p2a: Exeggutor|185\/393
|
|turn|31
|-mustrecharge|p1a: Tauros
|-mustrecharge|p1a: Tauros
|choice|move 1|move 2
|
|cant|p1a: Tauros|recharge
|move|p2a: Exeggutor|Stun Spore|p1a: Tauros
|-status|p1a: Tauros|par
|
|turn|32
|choice|switch 4|move 1
|
|switch|p1a: Exeggutor|Exeggutor|393\/393 par
|move|p2a: Exeggutor|Psychic|p1a: Exeggutor
|-resisted|p1a: Exeggutor
|-damage|p1a: Exeggutor|340\/393 par
|
|turn|33
|choice|move 4|move 3
|
|move|p2a: Exeggutor|Explosion|p1a: Exeggutor
|-damage|p1a: Exeggutor|73\/393 par
|faint|p2a: Exeggutor
|choice||switch 3
|
|switch|p2a: Tauros|Tauros|353\/353
|turn|34
|choice|switch 3|move 2
|
|switch|p1a: Chansey|Chansey|180\/703 frz
|move|p2a: Tauros|Body Slam|p1a: Chansey
|-damage|p1a: Chansey|0 fnt
|faint|p1a: Chansey
|choice|switch 4|
|
|switch|p1a: Tauros|Tauros|211\/353 par
|turn|35
|choice|move 4|move 2
|
|move|p2a: Tauros|Body Slam|p1a: Tauros
|-damage|p1a: Tauros|114\/353 par
|move|p1a: Tauros|Hyper Beam|p2a: Tauros
|-damage|p2a: Tauros|161\/353
|
|turn|36
|-mustrecharge|p1a: Tauros
|-mustrecharge|p1a: Tauros
|choice|move 1|move 2
|
|move|p2a: Tauros|Body Slam|p1a: Tauros
|-damage|p1a: Tauros|13\/353 par
|cant|p1a: Tauros|recharge
|
|turn|37
|choice|move 4|move 2
|
|move|p2a: Tauros|Body Slam|p1a: Tauros
|-damage|p1a: Tauros|0 fnt
|faint|p1a: Tauros
|choice|switch 3|
|
|switch|p1a: Exeggutor|Exeggutor|73\/393 par
|turn|38
|choice|move 2|move 2
|
|move|p2a: Tauros|Body Slam|p1a: Exeggutor
|-damage|p1a: Exeggutor|0 fnt
|faint|p1a: Exeggutor
|choice|switch 5|
|
|switch|p1a: Jynx|Jynx|267\/333 slp
|turn|39
|choice|move 3|move 2
|
|move|p2a: Tauros|Body Slam|p1a: Jynx
|-damage|p1a: Jynx|98\/333 slp
|cant|p1a: Jynx|slp
|
|turn|40
|choice|move 3|move 2
|
|move|p2a: Tauros|Body Slam|p1a: Jynx
|-damage|p1a: Jynx|0 fnt
|faint|p1a: Jynx
|
|win|Abstrix
|player|p1
|player|p2
|raw|stryxx's rating: 1428 &rarr; <strong>1397<\/strong><br \/>(-31 for losing)
|raw|Abstrix's rating: 1206 &rarr; <strong>1245<\/strong><br \/>(+39 for winning)
|l|stryxx