|join|samux66
|join|andrewandres
|player|p1|samux66|269
|player|p2|andrewandres|13
|gametype|singles
|gen|1
|tier|[Gen 1] Random Battle
|rule|Sleep Clause Mod: Limit one foe put to sleep
|rule|Freeze Clause Mod: Limit one foe frozen
|rule|HP Percentage Mod: HP is shown in percentages
|
|start
|switch|p1a: Butterfree|Butterfree, L90|291\/291
|switch|p2a: Chansey|Chansey, L79|557\/557
|turn|1
|c|★samux66|suerte
|join|Logikozed
|join|biel2003
|c| Logikozed|gg
|join|agente00doble
|c| Logikozed|izi
|leave|biel2003
|c|★andrewandres|la necesitare
|join|mi perro mola
|leave|agente00doble
|c|★andrewandres|con la mierda de team q m ha tocado XD
|join|son11
|c|★samux66|tienes a la gorda
|
|switch|p2a: Rhyhorn|Rhyhorn, L96|348\/348
|move|p1a: Butterfree|Sleep Powder|p2a: Rhyhorn
|-status|p2a: Rhyhorn|slp
|
|turn|2
|c|★samux66|xd
|leave|son11
|join|joseri789
|
|switch|p2a: Nidorina|Nidorina, L90|309\/309
|move|p1a: Butterfree|Mega Drain|p2a: Nidorina
|-resisted|p2a: Nidorina
|-damage|p2a: Nidorina|290\/309
|
|turn|3
|c| mi perro mola|eso lo que me dicen todas
|join|Rubn
|
|switch|p1a: Sandslash|Sandslash, L85|301\/301
|move|p2a: Nidorina|Thunderbolt|p1a: Sandslash
|-immune|p1a: Sandslash|[msg]
|
|turn|4
|c| joseri789|como la pusieron asi?
|
|switch|p2a: Seaking|Seaking, L90|327\/327
|move|p1a: Sandslash|Substitute|p1a: Sandslash
|-start|p1a: Sandslash|Substitute
|-damage|p1a: Sandslash|226\/301
|
|turn|5
|
|move|p2a: Seaking|Surf|p1a: Sandslash
|-supereffective|p1a: Sandslash
|-end|p1a: Sandslash|Substitute
|move|p1a: Sandslash|Earthquake|p2a: Seaking
|-damage|p2a: Seaking|193\/327
|
|turn|6
|
|switch|p1a: Butterfree|Butterfree, L90|291\/291
|move|p2a: Seaking|Blizzard|p1a: Butterfree
|-supereffective|p1a: Butterfree
|-damage|p1a: Butterfree|114\/291
|
|turn|7
|join|biel2003
|c|★andrewandres|spoy un hacker
|leave|biel2003
|c| mi perro mola|el sprite de seaking es buenisimo
|c| joseri789|see
|
|move|p1a: Butterfree|Mega Drain|p2a: Seaking
|-crit|p2a: Seaking
|-supereffective|p2a: Seaking
|-damage|p2a: Seaking|90\/327
|-heal|p1a: Butterfree|165\/291|[from] drain|[of] p2a: Seaking
|move|p2a: Seaking|Surf|p1a: Butterfree
|-damage|p1a: Butterfree|70\/291
|
|turn|8
|join|Darksselia
|
|move|p1a: Butterfree|Mega Drain|p2a: Seaking
|-supereffective|p2a: Seaking
|-damage|p2a: Seaking|29\/327
|-heal|p1a: Butterfree|100\/291|[from] drain|[of] p2a: Seaking
|move|p2a: Seaking|Blizzard|p1a: Butterfree
|-supereffective|p1a: Butterfree
|-damage|p1a: Butterfree|0 fnt
|faint|p1a: Butterfree
|c|★samux66|lol
|c|★samux66|jacker
|
|switch|p1a: Cloyster|Cloyster, L83|253\/253
|turn|9
|
|switch|p2a: Nidorina|Nidorina, L90|290\/309
|move|p1a: Cloyster|Hyper Beam|p2a: Nidorina
|-damage|p2a: Nidorina|185\/309
|
|turn|10
|-mustrecharge|p1a: Cloyster
|leave|joseri789
|c|★andrewandres|oh si
|c|★andrewandres|XD
|c|★samux66|miercole
|c|★samux66|s
|-mustrecharge|p1a: Cloyster
|
|cant|p1a: Cloyster|recharge
|move|p2a: Nidorina|Thunderbolt|p1a: Cloyster
|-supereffective|p1a: Cloyster
|-damage|p1a: Cloyster|133\/253
|
|turn|11
|c|★samux66|mierda
|c|★andrewandres|bien
|c|★andrewandres|otro y mueres
|c|★andrewandres|:V
|c|★samux66|pinshe corrector
|c|★samux66|oko
|join|soldadojet
|
|move|p1a: Cloyster|Explosion|p2a: Nidorina
|-damage|p2a: Nidorina|0 fnt
|faint|p2a: Nidorina
|faint|p1a: Cloyster
|leave|soldadojet
|c|★samux66|rip
|
|switch|p2a: Seaking|Seaking, L90|29\/327
|switch|p1a: Machamp|Machamp, L90|345\/345
|turn|12
|c|★andrewandres|me vale xD
|
|move|p2a: Seaking|Surf|p1a: Machamp
|-damage|p1a: Machamp|230\/345
|move|p1a: Machamp|Hyper Beam|p2a: Seaking
|-damage|p2a: Seaking|0 fnt
|faint|p2a: Seaking
|
|switch|p2a: Flareon|Flareon, L90|300\/300
|turn|13
|join|shellp314
|c|★andrewandres|no falles..
|c|★samux66|todo dios tiene hyper beam
|c|★andrewandres|flareon
|c|★samux66|y body
|c|★andrewandres|sii
|leave|shellp314
|c|★andrewandres|hiper rayo
|c|★andrewandres|el  ataque fisico
|c|★andrewandres|mas poderoso
|c|★andrewandres|:V
|
|move|p2a: Flareon|Fire Blast|p1a: Machamp
|-damage|p1a: Machamp|43\/345
|move|p1a: Machamp|Earthquake|p2a: Flareon
|-crit|p2a: Flareon
|-supereffective|p2a: Flareon
|-damage|p2a: Flareon|0 fnt
|faint|p2a: Flareon
|c|★andrewandres|y critico
|c|★andrewandres|claro q si
|c|★samux66|7u7
|c|★andrewandres|XD
|
|switch|p2a: Tentacool|Tentacool, L96|272\/272
|turn|14
|join|davids30
|join|Uno Ah
|c|★samux66|en esta gen era critic critic
|c|★andrewandres|a que falla
|c|★andrewandres|sinosabes la razon
|c|★andrewandres|mejor que nolo digas..
|c|★andrewandres|xD
|
|move|p2a: Tentacool|Hydro Pump|p1a: Machamp
|-damage|p1a: Machamp|0 fnt
|faint|p1a: Machamp
|c|★samux66|que razon
|c|★samux66|:v
|
|switch|p1a: Clefable|Clefable, L85|335\/335
|turn|15
|c|★andrewandres|xk eran criticos
|c|★samux66|por la veloc
|
|switch|p2a: Chansey|Chansey, L79|557\/557
|move|p1a: Clefable|Thunder|p2a: Chansey|[miss]
|-miss|p1a: Clefable
|
|turn|16
|
|switch|p1a: Sandslash|Sandslash, L85|226\/301
|move|p2a: Chansey|Reflect|p2a: Chansey
|-start|p2a: Chansey|Reflect
|
|turn|17
|
|move|p1a: Sandslash|Substitute|p1a: Sandslash
|-start|p1a: Sandslash|Substitute
|-damage|p1a: Sandslash|151\/301
|move|p2a: Chansey|Ice Beam|p1a: Sandslash
|-crit|p1a: Sandslash
|-supereffective|p1a: Sandslash
|-end|p1a: Sandslash|Substitute
|
|turn|18
|
|move|p1a: Sandslash|Earthquake|p2a: Chansey
|-damage|p2a: Chansey|416\/557
|move|p2a: Chansey|Ice Beam|p1a: Sandslash
|-crit|p1a: Sandslash
|-supereffective|p1a: Sandslash
|-damage|p1a: Sandslash|0 fnt
|faint|p1a: Sandslash
|c|★samux66|asco
|c|★samux66|de
|c|★samux66|gorda
|c|★andrewandres|GORDA
|c|★andrewandres|xD
|
|switch|p1a: Grimer|Grimer, L96|348\/348
|turn|19
|c|★andrewandres|jjajaja
|
|switch|p2a: Rhyhorn|Rhyhorn, L96|348\/348 slp
|move|p1a: Grimer|Screech|p2a: Rhyhorn
|-unboost|p2a: Rhyhorn|def|2
|
|turn|20
|join|Crisol
|
|switch|p2a: Tentacool|Tentacool, L96|272\/272
|move|p1a: Grimer|Body Slam|p2a: Tentacool
|-damage|p2a: Tentacool|178\/272
|
|turn|21
|c| Uno Ah|chirrido? Lol
|c|★samux66|biba los body slam
|
|move|p2a: Tentacool|Hydro Pump|p1a: Grimer
|-damage|p1a: Grimer|103\/348
|move|p1a: Grimer|Body Slam|p2a: Tentacool
|-damage|p2a: Tentacool|76\/272
|-status|p2a: Tentacool|par
|
|turn|22
|c|★samux66|7u7
|c|★andrewandres|ay dios..
|c|★andrewandres|jajjaja
|
|switch|p2a: Rhyhorn|Rhyhorn, L96|348\/348 slp
|move|p1a: Grimer|Body Slam|p2a: Rhyhorn
|-resisted|p2a: Rhyhorn
|-damage|p2a: Rhyhorn|321\/348 slp
|
|turn|23
|c|★samux66|zoy jacker
|c|★samux66|asumelo
|
|move|p1a: Grimer|Body Slam|p2a: Rhyhorn
|-resisted|p2a: Rhyhorn
|-damage|p2a: Rhyhorn|292\/348 slp
|cant|p2a: Rhyhorn|slp
|
|turn|24
|c| Rubn|i boi a tirar el serber
|
|-curestatus|p2a: Rhyhorn|slp
|move|p1a: Grimer|Body Slam|p2a: Rhyhorn
|-resisted|p2a: Rhyhorn
|-damage|p2a: Rhyhorn|262\/348
|
|turn|25
|
|switch|p1a: Clefable|Clefable, L85|335\/335
|move|p2a: Rhyhorn|Earthquake|p1a: Clefable
|-damage|p1a: Clefable|186\/335
|
|turn|26
|
|switch|p2a: Chansey|Chansey, L79|416\/557
|move|p1a: Clefable|Counter|p2a: Chansey
|-fail|p1a: Clefable
|
|turn|27
|
|move|p1a: Clefable|Sing|p2a: Chansey
|-status|p2a: Chansey|slp
|cant|p2a: Chansey|slp
|
|turn|28
|c|★samux66|55 de precision
|c|★andrewandres|y no folla
|c|★samux66|q jarcor
|
|switch|p1a: Grimer|Grimer, L96|103\/348
|switch|p2a: Rhyhorn|Rhyhorn, L96|262\/348
|
|turn|29
|c|★andrewandres|que diga falla
|c|★samux66|jajaj
|c|★andrewandres|oh no el counter
|c|★samux66|★andrewandres: y no folla
|c|★andrewandres|xD
|c|★andrewandres|lo puse a drede
|
|move|p1a: Grimer|Explosion|p2a: Rhyhorn
|-resisted|p2a: Rhyhorn
|-damage|p2a: Rhyhorn|150\/348
|faint|p1a: Grimer
|c| Uno Ah|Es grasioso equis qú se equivocó adrede ojjj suscribios subo maincra y dubste sin copirai
|
|switch|p1a: Clefable|Clefable, L85|186\/335
|turn|30
|c|★samux66|caieze
|c|★samux66|manca
|
|move|p2a: Rhyhorn|Earthquake|p1a: Clefable
|-damage|p1a: Clefable|42\/335
|move|p1a: Clefable|Counter|p2a: Rhyhorn
|-fail|p1a: Clefable
|
|turn|31
|c|★andrewandres|xD
|c|★samux66|que
|c|★samux66|que
|c|★samux66|que
|leave|Rubn
|c|★andrewandres|los ataques elementales
|c|★andrewandres|no se ven afectado por COUNTER
|
|move|p1a: Clefable|Sing|p2a: Rhyhorn|[miss]
|-miss|p1a: Clefable
|move|p2a: Rhyhorn|Earthquake|p1a: Clefable
|-damage|p1a: Clefable|0 fnt
|faint|p1a: Clefable
|
|win|andrewandres
|c|★samux66|viva
|c|★samux66|la
|c|★andrewandres|Sleep Cause
|c|★samux66|droja
|c|★andrewandres|:D
|c|★andrewandres|gg
|leave|Crisol
|leave|samux66
|player|p1
|leave|andrewandres
|player|p2
|leave|Uno Ah