|join|kid gf lol
|join|bloodyloliokachan
|player|p1|kid gf lol|37
|player|p2|bloodyloliokachan|155
|gametype|singles
|gen|1
|tier|[Gen 1] OU (beta)
|rated
|rule|Sleep Clause Mod: Limit one foe put to sleep
|rule|Species Clause: Limit one of each Pokémon
|rule|OHKO Clause: OHKO moves are banned
|rule|Moody Clause: Moody is banned
|rule|Evasion Moves Clause: Evasion moves are banned
|rule|Endless Battle Clause: Forcing endless battles is banned
|rule|HP Percentage Mod: HP is reported as percentages
|
|start
|switch|p1a: Star Role|Starmie|323\/323
|switch|p2a: Ganguro|Jynx|333\/333
|turn|1
|
|move|p1a: Star Role|Thunderbolt|p2a: Ganguro
|-damage|p2a: Ganguro|258\/333
|move|p2a: Ganguro|Lovely Kiss|p1a: Star Role
|-status|p1a: Star Role|slp
|
|turn|2
|
|switch|p1a: Breakfast Pouch|Chansey|703\/703
|switch|p2a: Bearzerk|Snorlax|523\/523
|
|turn|3
|
|move|p2a: Bearzerk|Earthquake|p1a: Breakfast Pouch
|-damage|p1a: Breakfast Pouch|479\/703
|move|p1a: Breakfast Pouch|Counter|p2a: Bearzerk
|-fail|p1a: Breakfast Pouch
|
|turn|4
|join|Something Epic
|leave|Something Epic
|
|move|p1a: Breakfast Pouch|Soft-Boiled|p1a: Breakfast Pouch
|-heal|p1a: Breakfast Pouch|703\/703
|move|p2a: Bearzerk|Body Slam|p1a: Breakfast Pouch
|-damage|p1a: Breakfast Pouch|389\/703
|
|turn|5
|
|move|p1a: Breakfast Pouch|Soft-Boiled|p1a: Breakfast Pouch
|-heal|p1a: Breakfast Pouch|703\/703
|move|p2a: Bearzerk|Earthquake|p1a: Breakfast Pouch
|-damage|p1a: Breakfast Pouch|477\/703
|
|turn|6
|
|move|p1a: Breakfast Pouch|Thunder Wave|p2a: Bearzerk
|-status|p2a: Bearzerk|par
|cant|p2a: Bearzerk|par
|
|turn|7
|join|MoxieInfinite
|
|switch|p1a: The Clamps|Cloyster|303\/303
|move|p2a: Bearzerk|Body Slam|p1a: The Clamps
|-damage|p1a: The Clamps|232\/303
|
|turn|8
|
|switch|p2a: Cosmos|Starmie|323\/323
|move|p1a: The Clamps|Clamp|p2a: Cosmos
|-resisted|p2a: Cosmos
|-damage|p2a: Cosmos|305\/323
|-activate|p2a: Cosmos|move: Clamp|[of] p1a: The Clamps
|
|turn|9
|
|switch|p1a: Breakfast Pouch|Chansey|477\/703
|cant|p2a: Cosmos|partiallytrapped
|
|-end|p2a: Cosmos|Clamp|[partiallytrapped]
|turn|10
|
|switch|p2a: Bearzerk|Snorlax|523\/523 par
|move|p1a: Breakfast Pouch|Ice Beam|p2a: Bearzerk
|-damage|p2a: Bearzerk|419\/523 par
|
|turn|11
|
|move|p1a: Breakfast Pouch|Soft-Boiled|p1a: Breakfast Pouch
|-heal|p1a: Breakfast Pouch|703\/703
|move|p2a: Bearzerk|Body Slam|p1a: Breakfast Pouch
|-damage|p1a: Breakfast Pouch|420\/703
|
|turn|12
|
|move|p2a: Bearzerk|Earthquake|p1a: Breakfast Pouch
|-crit|p1a: Breakfast Pouch
|-damage|p1a: Breakfast Pouch|0 fnt
|faint|p1a: Breakfast Pouch
|
|leave|MoxieInfinite
|
|switch|p1a: Eminem|Victreebel|363\/363
|turn|13
|
|move|p1a: Eminem|Wrap|p2a: Bearzerk
|-damage|p2a: Bearzerk|401\/523 par
|-activate|p2a: Bearzerk|move: Wrap|[of] p1a: Eminem
|cant|p2a: Bearzerk|partiallytrapped
|
|turn|14
|
|switch|p2a: LOL NOPE|Gengar|323\/323
|move|p1a: Eminem|Wrap|p2a: LOL NOPE
|-damage|p2a: LOL NOPE|323\/323
|-activate|p2a: LOL NOPE|move: Wrap|[of] p1a: Eminem
|
|turn|15
|
|switch|p2a: Ganguro|Jynx|258\/333
|switch|p1a: 'Tauros|Gengar|323\/323
|
|turn|16
|
|switch|p2a: Bearzerk|Snorlax|401\/523 par
|move|p1a: 'Tauros|Hypnosis|p2a: Bearzerk
|-fail|p2a: Bearzerk
|
|turn|17
|
|switch|p1a: The Clamps|Cloyster|232\/303
|cant|p2a: Bearzerk|par
|
|turn|18
|
|switch|p2a: LOL NOPE|Gengar|323\/323
|move|p1a: The Clamps|Blizzard|p2a: LOL NOPE
|-damage|p2a: LOL NOPE|213\/323
|
|turn|19
|
|switch|p1a: 'Tauros|Gengar|323\/323
|move|p2a: LOL NOPE|Mega Drain|p1a: 'Tauros
|-resisted|p1a: 'Tauros
|-damage|p1a: 'Tauros|309\/323
|-heal|p2a: LOL NOPE|220\/323|[from] drain|[of] p1a: 'Tauros
|
|turn|20
|
|switch|p2a: Bearzerk|Snorlax|401\/523 par
|move|p1a: 'Tauros|Psychic|p2a: Bearzerk
|-damage|p2a: Bearzerk|297\/523 par
|
|turn|21
|
|switch|p1a: The Clamps|Cloyster|232\/303
|cant|p2a: Bearzerk|par
|
|turn|22
|
|move|p1a: The Clamps|Blizzard|p2a: Bearzerk
|-damage|p2a: Bearzerk|137\/523 par
|move|p2a: Bearzerk|Self-Destruct|p1a: The Clamps
|-damage|p1a: The Clamps|26\/303
|faint|p2a: Bearzerk
|
|switch|p2a: Silver Tauros|Tauros|353\/353
|turn|23
|
|move|p2a: Silver Tauros|Earthquake|p1a: The Clamps
|-damage|p1a: The Clamps|0 fnt
|faint|p1a: The Clamps
|
|
|switch|p1a: 'Tauros|Gengar|309\/323
|turn|24
|
|switch|p2a: Knights of Ni|Exeggutor|393\/393
|move|p1a: 'Tauros|Hypnosis|p2a: Knights of Ni
|-status|p2a: Knights of Ni|slp
|
|turn|25
|
|switch|p2a: Ganguro|Jynx|258\/333
|move|p1a: 'Tauros|Psychic|p2a: Ganguro
|-resisted|p2a: Ganguro
|-damage|p2a: Ganguro|215\/333
|
|turn|26
|
|move|p1a: 'Tauros|Thunderbolt|p2a: Ganguro
|-damage|p2a: Ganguro|124\/333
|move|p2a: Ganguro|Psychic|p1a: 'Tauros
|-supereffective|p1a: 'Tauros
|-damage|p1a: 'Tauros|144\/323
|
|turn|27
|
|switch|p2a: LOL NOPE|Gengar|220\/323
|move|p1a: 'Tauros|Thunderbolt|p2a: LOL NOPE
|-damage|p2a: LOL NOPE|150\/323
|
|turn|28
|
|switch|p2a: Knights of Ni|Exeggutor|393\/393 slp
|move|p1a: 'Tauros|Psychic|p2a: Knights of Ni
|-resisted|p2a: Knights of Ni
|-damage|p2a: Knights of Ni|360\/393 slp
|
|turn|29
|
|move|p1a: 'Tauros|Psychic|p2a: Knights of Ni
|-resisted|p2a: Knights of Ni
|-damage|p2a: Knights of Ni|323\/393 slp
|cant|p2a: Knights of Ni|slp
|
|turn|30
|
|move|p1a: 'Tauros|Psychic|p2a: Knights of Ni
|-resisted|p2a: Knights of Ni
|-damage|p2a: Knights of Ni|288\/393 slp
|cant|p2a: Knights of Ni|slp
|-curestatus|p2a: Knights of Ni|slp
|
|turn|31
|
|switch|p2a: LOL NOPE|Gengar|150\/323
|move|p1a: 'Tauros|Hypnosis|p2a: LOL NOPE
|-status|p2a: LOL NOPE|slp
|
|turn|32
|
|switch|p2a: Ganguro|Jynx|124\/333
|move|p1a: 'Tauros|Thunderbolt|p2a: Ganguro
|-damage|p2a: Ganguro|37\/333
|-status|p2a: Ganguro|par
|
|turn|33
|
|move|p1a: 'Tauros|Thunderbolt|p2a: Ganguro
|-damage|p2a: Ganguro|0 fnt
|faint|p2a: Ganguro
|
|
|switch|p2a: Cosmos|Starmie|305\/323
|turn|34
|
|move|p2a: Cosmos|Ice Beam|p1a: 'Tauros
|-crit|p1a: 'Tauros
|-damage|p1a: 'Tauros|28\/323
|move|p1a: 'Tauros|Thunderbolt|p2a: Cosmos
|-supereffective|p2a: Cosmos
|-damage|p2a: Cosmos|133\/323
|
|turn|35
|
|move|p2a: Cosmos|Ice Beam|p1a: 'Tauros
|-damage|p1a: 'Tauros|0 fnt
|faint|p1a: 'Tauros
|
|
|switch|p1a: Eminem|Victreebel|363\/363
|turn|36
|
|move|p2a: Cosmos|Thunder Wave|p1a: Eminem
|-status|p1a: Eminem|par
|move|p1a: Eminem|Razor Leaf|p2a: Cosmos
|-crit|p2a: Cosmos
|-supereffective|p2a: Cosmos
|-damage|p2a: Cosmos|0 fnt
|faint|p2a: Cosmos
|
|
|switch|p2a: Knights of Ni|Exeggutor|288\/393
|turn|37
|
|move|p2a: Knights of Ni|Psychic|p1a: Eminem
|-supereffective|p1a: Eminem
|-damage|p1a: Eminem|110\/363 par
|cant|p1a: Eminem|par
|
|turn|38
|
|move|p2a: Knights of Ni|Psychic|p1a: Eminem
|-supereffective|p1a: Eminem
|-damage|p1a: Eminem|0 fnt
|faint|p1a: Eminem
|
|
|switch|p1a: Star Role|Starmie|323\/323 slp
|turn|39
|
|cant|p1a: Star Role|slp
|move|p2a: Knights of Ni|Double-Edge|p1a: Star Role
|-crit|p1a: Star Role
|-damage|p1a: Star Role|147\/323 slp
|-damage|p2a: Knights of Ni|244\/393|[from] recoil|[of] p1a: Star Role
|
|turn|40
|
|cant|p1a: Star Role|slp
|move|p2a: Knights of Ni|Double-Edge|p1a: Star Role
|-damage|p1a: Star Role|68\/323 slp
|-damage|p2a: Knights of Ni|224\/393|[from] recoil|[of] p1a: Star Role
|
|turn|41
|
|cant|p1a: Star Role|slp
|move|p2a: Knights of Ni|Double-Edge|p1a: Star Role
|-damage|p1a: Star Role|0 fnt
|-damage|p2a: Knights of Ni|207\/393|[from] recoil|[of] p1a: Star Role
|faint|p1a: Star Role
|
|
|switch|p1a: Bad Luck Brian|Dragonite|385\/385
|turn|42
|
|move|p1a: Bad Luck Brian|Thunder Wave|p2a: Knights of Ni
|-status|p2a: Knights of Ni|par
|cant|p2a: Knights of Ni|par
|
|turn|43
|
|switch|p2a: LOL NOPE|Gengar|150\/323 slp
|move|p1a: Bad Luck Brian|Agility|p1a: Bad Luck Brian
|-boost|p1a: Bad Luck Brian|spe|2
|
|turn|44
|
|move|p1a: Bad Luck Brian|Surf|p2a: LOL NOPE
|-damage|p2a: LOL NOPE|89\/323 slp
|cant|p2a: LOL NOPE|slp
|-curestatus|p2a: LOL NOPE|slp
|
|turn|45
|
|move|p1a: Bad Luck Brian|Surf|p2a: LOL NOPE
|-damage|p2a: LOL NOPE|24\/323
|move|p2a: LOL NOPE|Explosion|p1a: Bad Luck Brian
|-damage|p1a: Bad Luck Brian|171\/385
|faint|p2a: LOL NOPE
|
|switch|p2a: Knights of Ni|Exeggutor|207\/393 par
|turn|46
|
|move|p1a: Bad Luck Brian|Wrap|p2a: Knights of Ni|[miss]
|-miss|p1a: Bad Luck Brian
|move|p2a: Knights of Ni|Sleep Powder|p1a: Bad Luck Brian
|-status|p1a: Bad Luck Brian|slp
|
|turn|47
|
|switch|p2a: Silver Tauros|Tauros|353\/353
|cant|p1a: Bad Luck Brian|slp
|
|turn|48
|
|cant|p1a: Bad Luck Brian|slp
|move|p2a: Silver Tauros|Hyper Beam|p1a: Bad Luck Brian
|-damage|p1a: Bad Luck Brian|3\/385 slp
|
|turn|49
|chat|bloodyloliokachan|lol wow
|
|cant|p1a: Bad Luck Brian|slp
|-curestatus|p1a: Bad Luck Brian|slp
|cant|p2a: Silver Tauros|recharge
|
|turn|50
|chat|kid gf lol|lool
|
|switch|p2a: Knights of Ni|Exeggutor|207\/393 par
|move|p1a: Bad Luck Brian|Wrap|p2a: Knights of Ni
|-damage|p2a: Knights of Ni|189\/393 par
|-activate|p2a: Knights of Ni|move: Wrap|[of] p1a: Bad Luck Brian
|
|turn|51
|chat|kid gf lol|if i win this i'll lol
|
|move|p1a: Bad Luck Brian|Wrap|p2a: Knights of Ni
|-damage|p2a: Knights of Ni|171\/393 par
|cant|p2a: Knights of Ni|partiallytrapped
|
|turn|52
|
|move|p1a: Bad Luck Brian|Wrap|p2a: Knights of Ni
|-damage|p2a: Knights of Ni|153\/393 par
|cant|p2a: Knights of Ni|partiallytrapped
|
|turn|53
|
|move|p1a: Bad Luck Brian|Wrap|p2a: Knights of Ni
|-damage|p2a: Knights of Ni|135\/393 par
|cant|p2a: Knights of Ni|partiallytrapped
|
|-end|p2a: Knights of Ni|Wrap|[partiallytrapped]
|turn|54
|
|move|p1a: Bad Luck Brian|Wrap|p2a: Knights of Ni
|-crit|p2a: Knights of Ni
|-damage|p2a: Knights of Ni|101\/393 par
|-activate|p2a: Knights of Ni|move: Wrap|[of] p1a: Bad Luck Brian
|cant|p2a: Knights of Ni|partiallytrapped
|
|turn|55
|
|move|p1a: Bad Luck Brian|Wrap|p2a: Knights of Ni
|-damage|p2a: Knights of Ni|67\/393 par
|cant|p2a: Knights of Ni|partiallytrapped
|
|turn|56
|
|move|p1a: Bad Luck Brian|Wrap|p2a: Knights of Ni
|-damage|p2a: Knights of Ni|33\/393 par
|cant|p2a: Knights of Ni|partiallytrapped
|
|turn|57
|
|move|p1a: Bad Luck Brian|Wrap|p2a: Knights of Ni
|-damage|p2a: Knights of Ni|0 fnt
|faint|p2a: Knights of Ni
|
|
|switch|p2a: Silver Tauros|Tauros|353\/353
|turn|58
|chat|kid gf lol|do you not have blizzard on tauros?
|
|move|p1a: Bad Luck Brian|Wrap|p2a: Silver Tauros
|-crit|p2a: Silver Tauros
|-damage|p2a: Silver Tauros|322\/353
|-activate|p2a: Silver Tauros|move: Wrap|[of] p1a: Bad Luck Brian
|cant|p2a: Silver Tauros|partiallytrapped
|
|turn|59
|
|move|p1a: Bad Luck Brian|Wrap|p2a: Silver Tauros
|-damage|p2a: Silver Tauros|288\/353
|cant|p2a: Silver Tauros|partiallytrapped
|
|turn|60
|
|move|p1a: Bad Luck Brian|Wrap|p2a: Silver Tauros
|-damage|p2a: Silver Tauros|254\/353
|cant|p2a: Silver Tauros|partiallytrapped
|
|-end|p2a: Silver Tauros|Wrap|[partiallytrapped]
|turn|61
|chat|bloodyloliokachan|lol I do, but I thought that hyper beam would have killed.
|
|move|p1a: Bad Luck Brian|Wrap|p2a: Silver Tauros
|-damage|p2a: Silver Tauros|238\/353
|-activate|p2a: Silver Tauros|move: Wrap|[of] p1a: Bad Luck Brian
|cant|p2a: Silver Tauros|partiallytrapped
|
|turn|62
|
|move|p1a: Bad Luck Brian|Wrap|p2a: Silver Tauros
|-damage|p2a: Silver Tauros|222\/353
|cant|p2a: Silver Tauros|partiallytrapped
|
|turn|63
|
|move|p1a: Bad Luck Brian|Wrap|p2a: Silver Tauros
|-damage|p2a: Silver Tauros|206\/353
|cant|p2a: Silver Tauros|partiallytrapped
|
|-end|p2a: Silver Tauros|Wrap|[partiallytrapped]
|turn|64
|
|move|p1a: Bad Luck Brian|Wrap|p2a: Silver Tauros
|-damage|p2a: Silver Tauros|189\/353
|-activate|p2a: Silver Tauros|move: Wrap|[of] p1a: Bad Luck Brian
|cant|p2a: Silver Tauros|partiallytrapped
|
|turn|65
|
|move|p1a: Bad Luck Brian|Wrap|p2a: Silver Tauros
|-damage|p2a: Silver Tauros|172\/353
|cant|p2a: Silver Tauros|partiallytrapped
|
|-end|p2a: Silver Tauros|Wrap|[partiallytrapped]
|turn|66
|
|move|p1a: Bad Luck Brian|Wrap|p2a: Silver Tauros|[miss]
|-miss|p1a: Bad Luck Brian
|move|p2a: Silver Tauros|Body Slam|p1a: Bad Luck Brian
|-damage|p1a: Bad Luck Brian|0 fnt
|faint|p1a: Bad Luck Brian
|
|win|bloodyloliokachan
|raw|Ladder updating...
|raw|kid gf lol's rating: 1368 &rarr; <strong>1345<\/strong><br \/>(-23 for losing)
|raw|bloodyloliokachan's rating: 1309 &rarr; <strong>1332<\/strong><br \/>(+23 for winning)
|chat|bloodyloliokachan|lol gg
|chat|kid gf lol|damn it
|chat|kid gf lol|gg
|leave|kid gf lol
|player|p1
|chat|bloodyloliokachan|should have hyper beamed.