|j|cmhjayhawk
|j|kollok
|player|p1|cmhjayhawk|68
|player|p2|kollok|2
|gametype|singles
|gen|1
|tier|[Gen 1] Random Battle
|rated
|seed|23571,63682,2224,8208
|rule|Sleep Clause Mod: Limit one foe put to sleep
|rule|Freeze Clause Mod: Limit one foe frozen
|rule|HP Percentage Mod: HP is shown in percentages
|
|start
|switch|p1a: Seel|Seel, L96|320\/320
|switch|p2a: Beedrill|Beedrill, L90|300\/300
|turn|1
|choice|move 1|switch 3
|
|switch|p2a: Raichu|Raichu, L85|276\/276
|move|p1a: Seel|Body Slam|p2a: Raichu
|-damage|p2a: Raichu|209\/276
|-status|p2a: Raichu|par
|
|turn|2
|choice|switch 2|move 3
|
|switch|p1a: Ekans|Ekans, L96|262\/262
|move|p2a: Raichu|Thunderbolt|p1a: Ekans
|-damage|p1a: Ekans|137\/262
|
|turn|3
|choice|move 3|move 1
|
|move|p1a: Ekans|Earthquake|p2a: Raichu
|-supereffective|p2a: Raichu
|-damage|p2a: Raichu|39\/276 par
|cant|p2a: Raichu|par
|
|turn|4
|choice|move 1|move 1
|
|move|p1a: Ekans|Body Slam|p2a: Raichu
|-damage|p2a: Raichu|0 fnt
|faint|p2a: Raichu
|choice||switch 6
|
|switch|p2a: Mew|Mew, L74|300\/300
|turn|5
|choice|move 4|move 2
|
|move|p2a: Mew|Psychic|p1a: Ekans
|-crit|p1a: Ekans
|-supereffective|p1a: Ekans
|-damage|p1a: Ekans|0 fnt
|faint|p1a: Ekans
|choice|switch 2|
|
|switch|p1a: Seel|Seel, L96|320\/320
|turn|6
|choice|move 1|move 3
|
|move|p2a: Mew|Thunderbolt|p1a: Seel
|-supereffective|p1a: Seel
|-damage|p1a: Seel|215\/320
|move|p1a: Seel|Body Slam|p2a: Mew
|-damage|p2a: Mew|246\/300
|-status|p2a: Mew|par
|
|turn|7
|choice|move 4|move 3
|
|move|p1a: Seel|Mimic|p2a: Mew
|-start|p1a: Seel|Mimic|Thunderbolt
|move|p2a: Mew|Thunderbolt|p1a: Seel
|-supereffective|p1a: Seel
|-damage|p1a: Seel|110\/320
|
|turn|8
|choice|move 3|switch 4
|
|switch|p2a: Wartortle|Wartortle, L85|274\/274
|move|p1a: Seel|Surf|p2a: Wartortle
|-resisted|p2a: Wartortle
|-damage|p2a: Wartortle|208\/274
|
|turn|9
|choice|move 4|move 1
|
|move|p2a: Wartortle|Body Slam|p1a: Seel
|-damage|p1a: Seel|54\/320
|-status|p1a: Seel|par
|move|p1a: Seel|Thunderbolt|p2a: Wartortle
|-supereffective|p2a: Wartortle
|-damage|p2a: Wartortle|39\/274
|
|turn|10
|choice|move 4|move 1
|
|move|p2a: Wartortle|Body Slam|p1a: Seel
|-damage|p1a: Seel|0 fnt
|faint|p1a: Seel
|choice|switch 6|
|
|switch|p1a: Pidgeotto|Pidgeotto, L90|297\/297
|turn|11
|choice|move 1|move 3
|
|move|p1a: Pidgeotto|Double-Edge|p2a: Wartortle
|-damage|p2a: Wartortle|0 fnt
|-damage|p1a: Pidgeotto|288\/297|[from] recoil|[of] p2a: Wartortle
|faint|p2a: Wartortle
|choice||switch 5
|
|switch|p2a: Dodrio|Dodrio, L85|276\/276
|turn|12
|choice|move 1|move 2
|
|move|p2a: Dodrio|Drill Peck|p1a: Pidgeotto
|-damage|p1a: Pidgeotto|169\/297
|move|p1a: Pidgeotto|Double-Edge|p2a: Dodrio
|-damage|p2a: Dodrio|180\/276
|-damage|p1a: Pidgeotto|145\/297|[from] recoil|[of] p2a: Dodrio
|
|turn|13
|choice|move 1|move 1
|
|move|p2a: Dodrio|Hyper Beam|p1a: Pidgeotto
|-damage|p1a: Pidgeotto|0 fnt
|faint|p1a: Pidgeotto
|choice|switch 4|
|
|switch|p1a: Rapidash|Rapidash, L90|300\/300
|turn|14
|choice|move 1|move 2
|
|move|p1a: Rapidash|Fire Blast|p2a: Dodrio
|-crit|p2a: Dodrio
|-damage|p2a: Dodrio|0 fnt
|faint|p2a: Dodrio
|choice||switch 4
|
|switch|p2a: Mew|Mew, L74|246\/300 par
|turn|15
|choice|move 4|move 1
|
|move|p1a: Rapidash|Substitute|p1a: Rapidash
|-start|p1a: Rapidash|Substitute
|-damage|p1a: Rapidash|225\/300
|move|p2a: Mew|Explosion|p1a: Rapidash
|-end|p1a: Rapidash|Substitute
|
|turn|16
|choice|move 4|move 1
|
|move|p1a: Rapidash|Substitute|p1a: Rapidash
|-start|p1a: Rapidash|Substitute
|-damage|p1a: Rapidash|150\/300
|move|p2a: Mew|Explosion|p1a: Rapidash
|-end|p1a: Rapidash|Substitute
|
|turn|17
|choice|move 1|move 1
|
|move|p1a: Rapidash|Fire Blast|p2a: Mew
|-damage|p2a: Mew|120\/300 par
|move|p2a: Mew|Explosion|p1a: Rapidash
|-damage|p1a: Rapidash|0 fnt
|faint|p1a: Rapidash
|faint|p2a: Mew
|choice|switch 3|switch 2
|
|switch|p2a: Primeape|Primeape, L90|300\/300
|switch|p1a: Jynx|Jynx, L79|265\/265
|turn|18
|choice|move 2|move 1
|
|move|p2a: Primeape|Rock Slide|p1a: Jynx
|-supereffective|p1a: Jynx
|-damage|p1a: Jynx|33\/265
|move|p1a: Jynx|Psychic|p2a: Primeape
|-crit|p2a: Primeape
|-supereffective|p2a: Primeape
|-damage|p2a: Primeape|0 fnt
|faint|p2a: Primeape
|choice||switch 3
|
|switch|p2a: Beedrill|Beedrill, L90|300\/300
|turn|19
|choice|move 2|move 4
|
|move|p1a: Jynx|Psychic|p2a: Beedrill
|-supereffective|p2a: Beedrill
|-damage|p2a: Beedrill|58\/300
|move|p2a: Beedrill|Hyper Beam|p1a: Jynx
|-damage|p1a: Jynx|0 fnt
|faint|p1a: Jynx
|choice|switch 5|
|
|switch|p1a: Machamp|Machamp, L90|345\/345
|turn|20
|choice|move 2|move 4
|
|move|p2a: Beedrill|Hyper Beam|p1a: Machamp
|-damage|p1a: Machamp|240\/345
|move|p1a: Machamp|Body Slam|p2a: Beedrill
|-damage|p2a: Beedrill|0 fnt
|faint|p2a: Beedrill
|
|win|cmhjayhawk
|player|p1
|player|p2
|raw|cmhjayhawk's rating: 1212 &rarr; <strong>1230<\/strong><br \/>(+18 for winning)
|raw|kollok's rating: 1105 &rarr; <strong>1088<\/strong><br \/>(-17 for losing)
|l|kollok