|j|moosaidmycow
|j|I GAT SWAG YO
|player|p1|moosaidmycow|184
|player|p2|I GAT SWAG YO|214
|gametype|singles
|gen|1
|tier|[Gen 1] Random Battle
|rated
|seed|19633,24728,9833,20913
|rule|Sleep Clause Mod: Limit one foe put to sleep
|rule|Freeze Clause Mod: Limit one foe frozen
|rule|HP Percentage Mod: HP is shown in percentages
|
|start
|switch|p1a: Rhyhorn|Rhyhorn, L96|348\/348
|switch|p2a: Grimer|Grimer, L96|348\/348
|turn|1
|j|CarmellaWWE
|choice|move 4|move 2
|
|move|p1a: Rhyhorn|Earthquake|p2a: Grimer
|-supereffective|p2a: Grimer
|-damage|p2a: Grimer|38\/348
|move|p2a: Grimer|Mega Drain|p1a: Rhyhorn
|-supereffective|p1a: Rhyhorn
|-damage|p1a: Rhyhorn|209\/348
|-heal|p2a: Grimer|107\/348|[from] drain|[of] p1a: Rhyhorn
|
|turn|2
|choice|switch 2|move 1
|
|switch|p1a: Golbat|Golbat, L90|318\/318
|move|p2a: Grimer|Explosion|p1a: Golbat
|-damage|p1a: Golbat|17\/318
|faint|p2a: Grimer
|choice||switch 5
|
|switch|p2a: Electabuzz|Electabuzz, L85|284\/284
|turn|3
|choice|switch 6|move 3
|
|switch|p1a: Chansey|Chansey, L79|557\/557
|move|p2a: Electabuzz|Psychic|p1a: Chansey
|-damage|p1a: Chansey|496\/557
|
|turn|4
|choice|move 2|switch 2
|
|switch|p2a: Arbok|Arbok, L90|291\/291
|move|p1a: Chansey|Ice Beam|p2a: Arbok
|-damage|p2a: Arbok|215\/291
|
|turn|5
|choice|switch 6|move 3
|
|switch|p1a: Golbat|Golbat, L90|17\/318
|move|p2a: Arbok|Glare|p1a: Golbat
|-status|p1a: Golbat|par
|
|turn|6
|choice|move 2|move 1
|
|move|p2a: Arbok|Body Slam|p1a: Golbat
|-damage|p1a: Golbat|0 fnt
|faint|p1a: Golbat
|choice|switch 5|
|
|switch|p1a: Electrode|Electrode, L90|291\/291
|turn|7
|choice|move 4|move 3
|
|move|p1a: Electrode|Thunder Wave|p2a: Arbok
|-status|p2a: Arbok|par
|move|p2a: Arbok|Glare|p1a: Electrode
|-status|p1a: Electrode|par
|
|turn|8
|choice|move 2|move 4
|
|move|p1a: Electrode|Thunderbolt|p2a: Arbok
|-damage|p2a: Arbok|96\/291 par
|move|p2a: Arbok|Earthquake|p1a: Electrode
|-crit|p1a: Electrode
|-supereffective|p1a: Electrode
|-damage|p1a: Electrode|0 fnt
|faint|p1a: Electrode
|choice|switch 4|
|
|switch|p1a: Rapidash|Rapidash, L90|300\/300
|turn|9
|choice|move 2|move 3
|
|move|p1a: Rapidash|Hyper Beam|p2a: Arbok
|-damage|p2a: Arbok|0 fnt
|faint|p2a: Arbok
|choice||switch 2
|
|switch|p2a: Electabuzz|Electabuzz, L85|284\/284
|turn|10
|choice|switch 2|move 2
|
|switch|p1a: Rhyhorn|Rhyhorn, L96|209\/348
|move|p2a: Electabuzz|Thunder Wave|p1a: Rhyhorn
|-immune|p1a: Rhyhorn|[msg]
|
|turn|11
|choice|move 4|switch 3
|
|switch|p2a: Dodrio|Dodrio, L85|276\/276
|move|p1a: Rhyhorn|Earthquake|p2a: Dodrio
|-immune|p2a: Dodrio|[msg]
|
|turn|12
|choice|move 2|switch 4
|
|switch|p2a: Mewtwo|Mewtwo, L70|293\/293
|move|p1a: Rhyhorn|Body Slam|p2a: Mewtwo
|-damage|p2a: Mewtwo|216\/293
|
|turn|13
|choice|switch 6|move 1
|
|switch|p1a: Chansey|Chansey, L79|496\/557
|move|p2a: Mewtwo|Psychic|p1a: Chansey
|-damage|p1a: Chansey|405\/557
|
|turn|14
|choice|move 2|switch 3
|
|switch|p2a: Electabuzz|Electabuzz, L85|284\/284
|move|p1a: Chansey|Ice Beam|p2a: Electabuzz
|-damage|p2a: Electabuzz|223\/284
|
|turn|15
|choice|move 2|move 3
|
|move|p2a: Electabuzz|Psychic|p1a: Chansey
|-damage|p1a: Chansey|348\/557
|-unboost|p1a: Chansey|spd|1
|-unboost|p1a: Chansey|spa|1
|move|p1a: Chansey|Ice Beam|p2a: Electabuzz
|-damage|p2a: Electabuzz|180\/284
|
|turn|16
|choice|move 2|move 1
|
|move|p2a: Electabuzz|Seismic Toss|p1a: Chansey
|-damage|p1a: Chansey|263\/557
|move|p1a: Chansey|Ice Beam|p2a: Electabuzz
|-damage|p2a: Electabuzz|139\/284
|
|turn|17
|choice|move 1|move 2
|
|move|p2a: Electabuzz|Thunder Wave|p1a: Chansey
|-status|p1a: Chansey|par
|move|p1a: Chansey|Soft-Boiled|p1a: Chansey
|-heal|p1a: Chansey|541\/557 par
|
|turn|18
|choice|move 2|move 3
|
|move|p2a: Electabuzz|Psychic|p1a: Chansey
|-damage|p1a: Chansey|456\/557 par
|-unboost|p1a: Chansey|spd|1
|-unboost|p1a: Chansey|spa|1
|move|p1a: Chansey|Ice Beam|p2a: Electabuzz
|-damage|p2a: Electabuzz|109\/284
|
|turn|19
|choice|switch 3|move 4
|
|switch|p1a: Golduck|Golduck, L85|310\/310
|move|p2a: Electabuzz|Thunderbolt|p1a: Golduck
|-supereffective|p1a: Golduck
|-damage|p1a: Golduck|119\/310
|
|turn|20
|choice|switch 3|move 3
|
|switch|p1a: Chansey|Chansey, L79|456\/557 par
|move|p2a: Electabuzz|Psychic|p1a: Chansey
|-damage|p1a: Chansey|397\/557 par
|-unboost|p1a: Chansey|spd|1
|-unboost|p1a: Chansey|spa|1
|
|turn|21
|choice|move 2|move 3
|
|move|p2a: Electabuzz|Psychic|p1a: Chansey
|-damage|p1a: Chansey|311\/557 par
|cant|p1a: Chansey|par
|
|turn|22
|choice|move 1|move 4
|
|move|p2a: Electabuzz|Thunderbolt|p1a: Chansey
|-damage|p1a: Chansey|171\/557 par
|move|p1a: Chansey|Soft-Boiled|p1a: Chansey
|-heal|p1a: Chansey|449\/557 par
|
|turn|23
|c|★moosaidmycow|damn so ksilled
|c|★moosaidmycow|*skilled
|choice|move 2|move 3
|
|move|p2a: Electabuzz|Psychic|p1a: Chansey
|-damage|p1a: Chansey|361\/557 par
|-unboost|p1a: Chansey|spd|1
|-unboost|p1a: Chansey|spa|1
|move|p1a: Chansey|Ice Beam|p2a: Electabuzz
|-damage|p2a: Electabuzz|79\/284
|
|turn|24
|choice|move 1|move 4
|
|move|p2a: Electabuzz|Thunderbolt|p1a: Chansey
|-crit|p1a: Chansey
|-damage|p1a: Chansey|186\/557 par
|move|p1a: Chansey|Soft-Boiled|p1a: Chansey
|-heal|p1a: Chansey|464\/557 par
|
|turn|25
|choice|move 2|move 4
|
|move|p2a: Electabuzz|Thunderbolt|p1a: Chansey
|-damage|p1a: Chansey|287\/557 par
|move|p1a: Chansey|Ice Beam|p2a: Electabuzz
|-damage|p2a: Electabuzz|45\/284
|
|turn|26
|choice|move 1|move 4
|
|move|p2a: Electabuzz|Thunderbolt|p1a: Chansey
|-crit|p1a: Chansey
|-damage|p1a: Chansey|125\/557 par
|move|p1a: Chansey|Soft-Boiled|p1a: Chansey
|-heal|p1a: Chansey|403\/557 par
|
|turn|27
|choice|move 2|move 4
|
|move|p2a: Electabuzz|Thunderbolt|p1a: Chansey
|-damage|p1a: Chansey|223\/557 par
|move|p1a: Chansey|Ice Beam|p2a: Electabuzz
|-damage|p2a: Electabuzz|15\/284
|-status|p2a: Electabuzz|frz
|
|turn|28
|choice|move 1|switch 6
|
|switch|p2a: Tauros|Tauros, L79|280\/280
|move|p1a: Chansey|Soft-Boiled|p1a: Chansey
|-heal|p1a: Chansey|501\/557 par
|
|turn|29
|choice|switch 3|move 2
|
|switch|p1a: Golduck|Golduck, L85|119\/310
|move|p2a: Tauros|Hyper Beam|p1a: Golduck
|-damage|p1a: Golduck|0 fnt
|faint|p1a: Golduck
|choice|switch 2|
|
|switch|p1a: Rapidash|Rapidash, L90|300\/300
|turn|30
|choice|move 1|switch 6
|
|switch|p2a: Electabuzz|Electabuzz, L85|15\/284 frz
|move|p1a: Rapidash|Fire Blast|p2a: Electabuzz
|-damage|p2a: Electabuzz|0 fnt
|faint|p2a: Electabuzz
|choice||switch 3
|
|switch|p2a: Mewtwo|Mewtwo, L70|216\/293
|turn|31
|choice|switch 3|move 1
|
|switch|p1a: Chansey|Chansey, L79|501\/557 par
|move|p2a: Mewtwo|Psychic|p1a: Chansey
|-crit|p1a: Chansey
|-damage|p1a: Chansey|342\/557 par
|-unboost|p1a: Chansey|spd|1
|-unboost|p1a: Chansey|spa|1
|
|turn|32
|l|moosaidmycow
|player|p1
|j|moosaidmycow
|player|p1|moosaidmycow|184
|choice|move 1|switch 6
|
|switch|p2a: Tauros|Tauros, L79|280\/280
|move|p1a: Chansey|Soft-Boiled|p1a: Chansey
|-heal|p1a: Chansey|557\/557 par
|
|turn|33
|choice|move 3|move 4
|
|move|p2a: Tauros|Body Slam|p1a: Chansey
|-damage|p1a: Chansey|346\/557 par
|cant|p1a: Chansey|par
|
|turn|34
|choice|move 3|move 4
|
|move|p2a: Tauros|Body Slam|p1a: Chansey
|-damage|p1a: Chansey|145\/557 par
|move|p1a: Chansey|Counter|p2a: Tauros
|-damage|p2a: Tauros|0 fnt
|faint|p2a: Tauros
|choice||switch 4
|
|switch|p2a: Dodrio|Dodrio, L85|276\/276
|turn|35
|choice|switch 6|move 3
|
|switch|p1a: Rhyhorn|Rhyhorn, L96|209\/348
|move|p2a: Dodrio|Body Slam|p1a: Rhyhorn
|-crit|p1a: Rhyhorn
|-resisted|p1a: Rhyhorn
|-damage|p1a: Rhyhorn|130\/348
|
|turn|36
|choice|move 2|move 2
|
|move|p2a: Dodrio|Hyper Beam|p1a: Rhyhorn
|-crit|p1a: Rhyhorn
|-resisted|p1a: Rhyhorn
|-damage|p1a: Rhyhorn|0 fnt
|faint|p1a: Rhyhorn
|choice|switch 3|
|
|switch|p1a: Rapidash|Rapidash, L90|300\/300
|turn|37
|choice|move 4|move 3
|
|move|p1a: Rapidash|Reflect|p1a: Rapidash
|-start|p1a: Rapidash|Reflect
|move|p2a: Dodrio|Body Slam|p1a: Rapidash
|-damage|p1a: Rapidash|244\/300
|
|turn|38
|choice|move 3|move 1
|
|move|p1a: Rapidash|Substitute|p1a: Rapidash
|-start|p1a: Rapidash|Substitute
|-damage|p1a: Rapidash|169\/300
|move|p2a: Dodrio|Drill Peck|p1a: Rapidash
|-activate|p1a: Rapidash|Substitute|[damage]
|
|turn|39
|choice|move 1|move 1
|
|move|p1a: Rapidash|Fire Blast|p2a: Dodrio
|-damage|p2a: Dodrio|117\/276
|move|p2a: Dodrio|Drill Peck|p1a: Rapidash
|-end|p1a: Rapidash|Substitute
|
|turn|40
|choice|move 3|move 2
|
|move|p1a: Rapidash|Substitute|p1a: Rapidash
|-start|p1a: Rapidash|Substitute
|-damage|p1a: Rapidash|94\/300
|move|p2a: Dodrio|Hyper Beam|p1a: Rapidash
|-end|p1a: Rapidash|Substitute
|
|turn|41
|choice|move 1|move 2
|
|move|p1a: Rapidash|Fire Blast|p2a: Dodrio
|-damage|p2a: Dodrio|0 fnt
|faint|p2a: Dodrio
|choice||switch 6
|
|switch|p2a: Mewtwo|Mewtwo, L70|216\/293
|turn|42
|choice|move 1|move 1
|
|move|p1a: Rapidash|Fire Blast|p2a: Mewtwo
|-damage|p2a: Mewtwo|116\/293
|-status|p2a: Mewtwo|brn
|move|p2a: Mewtwo|Psychic|p1a: Rapidash
|-crit|p1a: Rapidash
|-damage|p1a: Rapidash|0 fnt
|faint|p1a: Rapidash
|choice|switch 6|
|
|switch|p1a: Chansey|Chansey, L79|145\/557 par
|turn|43
|choice|move 1|move 1
|
|move|p2a: Mewtwo|Psychic|p1a: Chansey
|-damage|p1a: Chansey|55\/557 par
|-unboost|p1a: Chansey|spd|1
|-unboost|p1a: Chansey|spa|1
|-damage|p2a: Mewtwo|98\/293 brn|[from] brn|[of] p1a: Chansey
|move|p1a: Chansey|Soft-Boiled|p1a: Chansey
|-heal|p1a: Chansey|333\/557 par
|
|turn|44
|choice|move 1|move 4
|
|move|p2a: Mewtwo|Recover|p2a: Mewtwo
|-heal|p2a: Mewtwo|244\/293 brn
|-damage|p2a: Mewtwo|226\/293 brn|[from] brn
|move|p1a: Chansey|Soft-Boiled|p1a: Chansey
|-heal|p1a: Chansey|557\/557 par
|
|turn|45
|c|★moosaidmycow|so skilled!
|choice|move 1|move 1
|
|move|p2a: Mewtwo|Psychic|p1a: Chansey
|-damage|p1a: Chansey|415\/557 par
|-damage|p2a: Mewtwo|208\/293 brn|[from] brn|[of] p1a: Chansey
|move|p1a: Chansey|Soft-Boiled|p1a: Chansey
|-heal|p1a: Chansey|557\/557 par
|
|turn|46
|choice|move 2|move 1
|
|move|p2a: Mewtwo|Psychic|p1a: Chansey
|-damage|p1a: Chansey|414\/557 par
|-damage|p2a: Mewtwo|190\/293 brn|[from] brn|[of] p1a: Chansey
|move|p1a: Chansey|Ice Beam|p2a: Mewtwo
|-damage|p2a: Mewtwo|154\/293 brn
|
|turn|47
|choice|move 1|move 4
|
|move|p2a: Mewtwo|Recover|p2a: Mewtwo
|-heal|p2a: Mewtwo|293\/293 brn
|-damage|p2a: Mewtwo|275\/293 brn|[from] brn
|cant|p1a: Chansey|par
|
|turn|48
|choice|move 1|move 1
|
|move|p2a: Mewtwo|Psychic|p1a: Chansey
|-crit|p1a: Chansey
|-damage|p1a: Chansey|239\/557 par
|-damage|p2a: Mewtwo|257\/293 brn|[from] brn|[of] p1a: Chansey
|move|p1a: Chansey|Soft-Boiled|p1a: Chansey
|-heal|p1a: Chansey|517\/557 par
|
|turn|49
|c|★moosaidmycow|how do u get so skilled bro
|choice|move 2|move 2
|
|move|p2a: Mewtwo|Barrier|p2a: Mewtwo
|-boost|p2a: Mewtwo|def|2
|-damage|p2a: Mewtwo|239\/293 brn|[from] brn
|move|p1a: Chansey|Ice Beam|p2a: Mewtwo
|-damage|p2a: Mewtwo|204\/293 brn
|
|turn|50
|choice|move 1|move 4
|
|move|p2a: Mewtwo|Recover|p2a: Mewtwo
|-heal|p2a: Mewtwo|293\/293 brn
|-damage|p2a: Mewtwo|275\/293 brn|[from] brn
|move|p1a: Chansey|Soft-Boiled|p1a: Chansey
|-heal|p1a: Chansey|557\/557 par
|
|turn|51
|l|moosaidmycow
|player|p1
|j|moosaidmycow
|player|p1|moosaidmycow|184
|c|★moosaidmycow|?
|c|★I GAT SWAG YO|?
|c|★moosaidmycow|how u get so good?
|c|★I GAT SWAG YO|luck
|choice|move 2|move 3
|
|move|p2a: Mewtwo|Ice Beam|p1a: Chansey
|-damage|p1a: Chansey|456\/557 par
|-damage|p2a: Mewtwo|257\/293 brn|[from] brn|[of] p1a: Chansey
|cant|p1a: Chansey|par
|
|turn|52
|c|★moosaidmycow|^
|c|★moosaidmycow|LOL
|c|★moosaidmycow|so true
|choice|move 2|move 1
|
|move|p2a: Mewtwo|Psychic|p1a: Chansey
|-damage|p1a: Chansey|325\/557 par
|-damage|p2a: Mewtwo|239\/293 brn|[from] brn|[of] p1a: Chansey
|move|p1a: Chansey|Ice Beam|p2a: Mewtwo
|-damage|p2a: Mewtwo|204\/293 brn
|
|turn|53
|choice|move 1|move 1
|
|move|p2a: Mewtwo|Psychic|p1a: Chansey
|-damage|p1a: Chansey|197\/557 par
|-damage|p2a: Mewtwo|186\/293 brn|[from] brn|[of] p1a: Chansey
|move|p1a: Chansey|Soft-Boiled|p1a: Chansey
|-heal|p1a: Chansey|475\/557 par
|
|turn|54
|choice|move 2|move 4
|
|move|p2a: Mewtwo|Recover|p2a: Mewtwo
|-heal|p2a: Mewtwo|293\/293 brn
|-damage|p2a: Mewtwo|275\/293 brn|[from] brn
|move|p1a: Chansey|Ice Beam|p2a: Mewtwo
|-crit|p2a: Mewtwo
|-damage|p2a: Mewtwo|180\/293 brn
|
|turn|55
|choice|move 2|move 4
|
|move|p2a: Mewtwo|Recover|p2a: Mewtwo
|-heal|p2a: Mewtwo|293\/293 brn
|-damage|p2a: Mewtwo|275\/293 brn|[from] brn
|cant|p1a: Chansey|par
|
|turn|56
|choice|move 2|move 1
|
|move|p2a: Mewtwo|Psychic|p1a: Chansey
|-damage|p1a: Chansey|350\/557 par
|-damage|p2a: Mewtwo|257\/293 brn|[from] brn|[of] p1a: Chansey
|cant|p1a: Chansey|par
|
|turn|57
|choice|move 1|move 1
|
|move|p2a: Mewtwo|Psychic|p1a: Chansey
|-crit|p1a: Chansey
|-damage|p1a: Chansey|171\/557 par
|-damage|p2a: Mewtwo|239\/293 brn|[from] brn|[of] p1a: Chansey
|move|p1a: Chansey|Soft-Boiled|p1a: Chansey
|-heal|p1a: Chansey|449\/557 par
|
|turn|58
|choice|move 2|move 3
|
|move|p2a: Mewtwo|Ice Beam|p1a: Chansey
|-damage|p1a: Chansey|359\/557 par
|-damage|p2a: Mewtwo|221\/293 brn|[from] brn|[of] p1a: Chansey
|move|p1a: Chansey|Ice Beam|p2a: Mewtwo
|-damage|p2a: Mewtwo|190\/293 brn
|
|turn|59
|choice|move 1|move 4
|
|move|p2a: Mewtwo|Recover|p2a: Mewtwo
|-heal|p2a: Mewtwo|293\/293 brn
|-damage|p2a: Mewtwo|275\/293 brn|[from] brn
|move|p1a: Chansey|Soft-Boiled|p1a: Chansey
|-heal|p1a: Chansey|557\/557 par
|
|turn|60
|choice|move 2|move 3
|
|move|p2a: Mewtwo|Ice Beam|p1a: Chansey
|-damage|p1a: Chansey|458\/557 par
|-damage|p2a: Mewtwo|257\/293 brn|[from] brn|[of] p1a: Chansey
|cant|p1a: Chansey|par
|
|turn|61
|choice|move 2|move 3
|
|move|p2a: Mewtwo|Ice Beam|p1a: Chansey
|-damage|p1a: Chansey|362\/557 par
|-damage|p2a: Mewtwo|239\/293 brn|[from] brn|[of] p1a: Chansey
|move|p1a: Chansey|Ice Beam|p2a: Mewtwo
|-damage|p2a: Mewtwo|204\/293 brn
|
|turn|62
|choice|move 2|move 3
|
|move|p2a: Mewtwo|Ice Beam|p1a: Chansey
|-crit|p1a: Chansey
|-damage|p1a: Chansey|252\/557 par
|-damage|p2a: Mewtwo|186\/293 brn|[from] brn|[of] p1a: Chansey
|move|p1a: Chansey|Ice Beam|p2a: Mewtwo
|-damage|p2a: Mewtwo|152\/293 brn
|
|turn|63
|c|★I GAT SWAG YO|u here bruh?
|c|★moosaidmycow|na
|c|★I GAT SWAG YO|?
|c|★moosaidmycow|luck doesnt deserve shit.
|c|★I GAT SWAG YO|true
|c|★I GAT SWAG YO|thats why i got skill yo\
|c|★I GAT SWAG YO|;)
|c|★moosaidmycow|u dont have swag, u got luck
|c|★moosaidmycow|;)
|c|★I GAT SWAG YO|thats what u think ;)
|c|★moosaidmycow|lol
|c|★I GAT SWAG YO|lol
|c|★moosaidmycow|i look at ur stats and u blow
|choice|move 1|move 4
|
|move|p2a: Mewtwo|Recover|p2a: Mewtwo
|-heal|p2a: Mewtwo|293\/293 brn
|-damage|p2a: Mewtwo|275\/293 brn|[from] brn
|move|p1a: Chansey|Soft-Boiled|p1a: Chansey
|-heal|p1a: Chansey|530\/557 par
|
|turn|64
|c|★moosaidmycow|1-2
|c|★I GAT SWAG YO|and i will get my win here
|c|★I GAT SWAG YO|nice
|c|★moosaidmycow|lol good
|c|★moosaidmycow|this is my fuck around account
|c|★I GAT SWAG YO|lets go
|c|★I GAT SWAG YO|same here
|c|★I GAT SWAG YO|i only play for fun
|c|★moosaidmycow|and i already know who ur main account is
|c|★moosaidmycow|=')
|c|★I GAT SWAG YO|which is?
|c|★moosaidmycow|based on the way u talk
|c|★I GAT SWAG YO|u admin?
|c|★moosaidmycow|ah
|-message|moosaidmycow lost due to inactivity.
|
|win|I GAT SWAG YO
|player|p1
|player|p2
|raw|moosaidmycow's rating: 1305 &rarr; <strong>1272<\/strong><br \/>(-33 for losing)
|raw|I GAT SWAG YO's rating: 1010 &rarr; <strong>1075<\/strong><br \/>(+65 for winning)