|j|vsterel
|j|Iezus
|player|p1|vsterel|1
|player|p2|Iezus|275
|gametype|singles
|gen|1
|tier|[Gen 1] Random Battle
|rated
|seed|15274,15926,36766,64257
|rule|Sleep Clause Mod: Limit one foe put to sleep
|rule|Freeze Clause Mod: Limit one foe frozen
|rule|HP Percentage Mod: HP is shown in percentages
|
|start
|switch|p1a: Mew|Mew, L74|300\/300
|switch|p2a: Spearow|Spearow, L96|272\/272
|turn|1
|choice|move 4|switch 6
|
|switch|p2a: Chansey|Chansey, L79|557\/557
|move|p1a: Mew|Blizzard|p2a: Chansey
|-damage|p2a: Chansey|497\/557
|
|turn|2
|choice|move 2|move 4
|
|move|p1a: Mew|Explosion|p2a: Chansey
|-damage|p2a: Chansey|0 fnt
|faint|p2a: Chansey
|faint|p1a: Mew
|choice|switch 3|switch 3
|
|switch|p1a: Poliwag|Poliwag, L96|272\/272
|switch|p2a: Cloyster|Cloyster, L83|253\/253
|turn|3
|choice|move 1|switch 6
|
|switch|p2a: Spearow|Spearow, L96|272\/272
|move|p1a: Poliwag|Amnesia|p1a: Poliwag
|-boost|p1a: Poliwag|spd|2
|-boost|p1a: Poliwag|spa|2
|
|turn|4
|choice|move 3|move 2
|
|move|p1a: Poliwag|Blizzard|p2a: Spearow
|-crit|p2a: Spearow
|-supereffective|p2a: Spearow
|-damage|p2a: Spearow|0 fnt
|faint|p2a: Spearow
|choice||switch 6
|
|switch|p2a: Cloyster|Cloyster, L83|253\/253
|turn|5
|choice|move 2|move 2
|
|move|p1a: Poliwag|Psychic|p2a: Cloyster
|-damage|p2a: Cloyster|156\/253
|move|p2a: Cloyster|Explosion|p1a: Poliwag
|-damage|p1a: Poliwag|0 fnt
|faint|p1a: Poliwag
|faint|p2a: Cloyster
|choice|switch 6|switch 4
|
|switch|p1a: Arbok|Arbok, L90|291\/291
|switch|p2a: Flareon|Flareon, L90|300\/300
|turn|6
|choice|move 4|switch 2
|
|switch|p2a: Sandshrew|Sandshrew, L96|291\/291
|move|p1a: Arbok|Earthquake|p2a: Sandshrew
|-damage|p2a: Sandshrew|225\/291
|
|turn|7
|choice|switch 5|move 1
|
|switch|p1a: Nidorina|Nidorina, L90|309\/309
|move|p2a: Sandshrew|Earthquake|p1a: Nidorina
|-supereffective|p1a: Nidorina
|-damage|p1a: Nidorina|37\/309
|
|turn|8
|choice|move 2|switch 2
|
|switch|p2a: Flareon|Flareon, L90|300\/300
|move|p1a: Nidorina|Blizzard|p2a: Flareon
|-damage|p2a: Flareon|242\/300
|
|turn|9
|choice|move 1|move 4
|
|move|p2a: Flareon|Body Slam|p1a: Nidorina
|-damage|p1a: Nidorina|0 fnt
|faint|p1a: Nidorina
|choice|switch 4|
|
|switch|p1a: Ninetales|Ninetales, L85|298\/298
|turn|10
|choice|move 2|move 4
|
|move|p1a: Ninetales|Body Slam|p2a: Flareon
|-damage|p2a: Flareon|183\/300
|move|p2a: Flareon|Body Slam|p1a: Ninetales
|-damage|p1a: Ninetales|209\/298
|
|turn|11
|choice|move 2|move 4
|
|move|p1a: Ninetales|Body Slam|p2a: Flareon
|-damage|p2a: Flareon|120\/300
|move|p2a: Flareon|Body Slam|p1a: Ninetales
|-damage|p1a: Ninetales|116\/298
|
|turn|12
|choice|move 4|move 2
|
|move|p1a: Ninetales|Confuse Ray|p2a: Flareon
|-start|p2a: Flareon|confusion
|-activate|p2a: Flareon|confusion
|move|p2a: Flareon|Hyper Beam|p1a: Ninetales
|-damage|p1a: Ninetales|0 fnt
|faint|p1a: Ninetales
|choice|switch 5|
|
|switch|p1a: Arbok|Arbok, L90|291\/291
|turn|13
|choice|move 4|switch 2
|
|switch|p2a: Sandshrew|Sandshrew, L96|225\/291
|move|p1a: Arbok|Earthquake|p2a: Sandshrew
|-damage|p2a: Sandshrew|152\/291
|
|turn|14
|choice|switch 2|move 1
|
|switch|p1a: Tangela|Tangela, L85|284\/284
|move|p2a: Sandshrew|Earthquake|p1a: Tangela
|-resisted|p1a: Tangela
|-damage|p1a: Tangela|235\/284
|
|turn|15
|choice|move 2|move 2
|
|move|p1a: Tangela|Body Slam|p2a: Sandshrew
|-damage|p2a: Sandshrew|112\/291
|-status|p2a: Sandshrew|par
|move|p2a: Sandshrew|Swords Dance|p2a: Sandshrew
|-boost|p2a: Sandshrew|atk|2
|
|turn|16
|choice|move 1|move 1
|
|move|p1a: Tangela|Mega Drain|p2a: Sandshrew
|-supereffective|p2a: Sandshrew
|-damage|p2a: Sandshrew|0 fnt
|-heal|p1a: Tangela|284\/284|[from] drain|[of] p2a: Sandshrew
|faint|p2a: Sandshrew
|choice||switch 2
|
|switch|p2a: Flareon|Flareon, L90|120\/300
|turn|17
|choice|switch 2|move 3
|
|switch|p1a: Arbok|Arbok, L90|291\/291
|move|p2a: Flareon|Fire Blast|p1a: Arbok
|-damage|p1a: Arbok|121\/291
|
|turn|18
|choice|move 4|move 1
|
|move|p2a: Flareon|Quick Attack|p1a: Arbok
|-damage|p1a: Arbok|78\/291
|move|p1a: Arbok|Earthquake|p2a: Flareon
|-supereffective|p2a: Flareon
|-damage|p2a: Flareon|0 fnt
|faint|p2a: Flareon
|choice||switch 5
|
|switch|p2a: Alakazam|Alakazam, L79|249\/249
|turn|19
|choice|move 3|move 1
|
|move|p2a: Alakazam|Psychic|p1a: Arbok
|-supereffective|p1a: Arbok
|-damage|p1a: Arbok|0 fnt
|faint|p1a: Arbok
|choice|switch 2|
|
|switch|p1a: Tangela|Tangela, L85|284\/284
|turn|20
|choice|move 2|move 4
|
|move|p2a: Alakazam|Reflect|p2a: Alakazam
|-start|p2a: Alakazam|Reflect
|move|p1a: Tangela|Body Slam|p2a: Alakazam
|-damage|p2a: Alakazam|211\/249
|
|turn|21
|choice|move 3|move 3
|
|move|p2a: Alakazam|Thunder Wave|p1a: Tangela
|-status|p1a: Tangela|par
|move|p1a: Tangela|Swords Dance|p1a: Tangela
|-boost|p1a: Tangela|atk|2
|
|turn|22
|choice|move 2|move 1
|
|move|p2a: Alakazam|Psychic|p1a: Tangela
|-damage|p1a: Tangela|197\/284 par
|move|p1a: Tangela|Body Slam|p2a: Alakazam
|-damage|p2a: Alakazam|147\/249
|
|turn|23
|choice|move 2|move 1
|
|move|p2a: Alakazam|Psychic|p1a: Tangela
|-damage|p1a: Tangela|106\/284 par
|move|p1a: Tangela|Body Slam|p2a: Alakazam
|-damage|p2a: Alakazam|75\/249
|
|turn|24
|choice|move 4|move 1
|
|move|p2a: Alakazam|Psychic|p1a: Tangela
|-damage|p1a: Tangela|9\/284 par
|move|p1a: Tangela|Hyper Beam|p2a: Alakazam
|-damage|p2a: Alakazam|0 fnt
|faint|p2a: Alakazam
|
|win|vsterel
|raw|vsterel's rating: 1432 &rarr; <strong>1449<\/strong><br \/>(+17 for winning)
|raw|Iezus's rating: 1394 &rarr; <strong>1376<\/strong><br \/>(-18 for losing)
|l|Iezus