|j|pikamewphlosion
|j|Workerbeez12
|player|p1|pikamewphlosion|156
|player|p2|Workerbeez12|50
|gametype|singles
|gen|1
|tier|[Gen 1] OU
|rated
|seed|
|rule|Sleep Clause Mod: Limit one foe put to sleep
|rule|Freeze Clause Mod: Limit one foe frozen
|rule|Species Clause: Limit one of each Pokémon
|rule|OHKO Clause: OHKO moves are banned
|rule|Evasion Moves Clause: Evasion moves are banned
|rule|HP Percentage Mod: HP is shown in percentages
|
|start
|switch|p1a: DEVITO|Raichu|100\/100
|switch|p2a: New|Clefable|100\/100
|turn|1
|choice||
|
|move|p1a: DEVITO|Substitute|p1a: DEVITO
|-start|p1a: DEVITO|Substitute
|-damage|p1a: DEVITO|76\/100
|move|p2a: New|Sing|p1a: DEVITO|[miss]
|-miss|p2a: New
|
|turn|2
|choice||
|
|move|p1a: DEVITO|Thunder Wave|p2a: New
|-status|p2a: New|par
|cant|p2a: New|par
|
|turn|3
|choice||
|
|switch|p2a: It|Rhydon|100\/100
|move|p1a: DEVITO|Thunderbolt|p2a: It
|-immune|p2a: It|[msg]
|
|turn|4
|choice||
|
|switch|p2a: New|Clefable|100\/100 par
|move|p1a: DEVITO|Body Slam|p2a: New
|-crit|p2a: New
|-damage|p2a: New|64\/100 par
|
|turn|5
|choice||
|
|switch|p2a: It|Rhydon|100\/100
|move|p1a: DEVITO|Body Slam|p2a: It
|-resisted|p2a: It
|-damage|p2a: It|94\/100
|
|turn|6
|choice||
|
|move|p1a: DEVITO|Body Slam|p2a: It
|-resisted|p2a: It
|-damage|p2a: It|87\/100
|-status|p2a: It|par
|move|p2a: It|Substitute|p2a: It
|-start|p2a: It|Substitute
|-damage|p2a: It|62\/100 par
|
|turn|7
|choice||
|
|switch|p1a: RATMAN|Raticate|100\/100
|cant|p2a: It|par
|
|turn|8
|choice||
|
|move|p1a: RATMAN|Bubble Beam|p2a: It
|-crit|p2a: It
|-supereffective|p2a: It
|-end|p2a: It|Substitute
|cant|p2a: It|par
|
|turn|9
|choice||
|
|switch|p2a: New|Clefable|64\/100 par
|move|p1a: RATMAN|Super Fang|p2a: New
|-damage|p2a: New|32\/100 par
|
|turn|10
|choice||
|
|move|p1a: RATMAN|Body Slam|p2a: New
|-damage|p2a: New|3\/100 par
|move|p2a: New|Thunder Wave|p1a: RATMAN
|-status|p1a: RATMAN|par
|
|turn|11
|choice||
|
|move|p1a: RATMAN|Body Slam|p2a: New
|-damage|p2a: New|0 fnt
|faint|p2a: New
|choice||
|
|switch|p2a: Is|Pidgeot|100\/100
|turn|12
|choice||
|
|move|p2a: Is|Double-Edge|p1a: RATMAN
|-damage|p1a: RATMAN|53\/100 par
|-damage|p2a: Is|90\/100|[from] recoil|[of] p1a: RATMAN
|move|p1a: RATMAN|Hyper Beam|p2a: Is
|-damage|p2a: Is|40\/100
|
|turn|13
|-mustrecharge|p1a: RATMAN
|-mustrecharge|p1a: RATMAN
|choice||
|
|move|p2a: Is|Sky Attack|p1a: RATMAN|[still]
|-prepare|p2a: Is|Sky Attack|p1a: RATMAN
|cant|p1a: RATMAN|recharge
|
|turn|14
|choice||
|
|move|p2a: Is|Sky Attack|p1a: RATMAN|[from]Sky Attack|[miss]
|-miss|p2a: Is
|cant|p1a: RATMAN|par
|
|turn|15
|choice||
|
|move|p2a: Is|Mirror Move|p2a: Is
|move|p2a: Is|Hyper Beam|p1a: RATMAN|[from]Mirror Move
|-damage|p1a: RATMAN|0 fnt
|faint|p1a: RATMAN
|c|★pikamewphlosion|dang son
|choice||
|
|switch|p1a: JOSHUA|Pidgeot|100\/100
|turn|16
|-mustrecharge|p2a: Is
|-mustrecharge|p2a: Is
|choice||
|
|move|p1a: JOSHUA|Hyper Beam|p2a: Is
|-crit|p2a: Is
|-damage|p2a: Is|0 fnt
|faint|p2a: Is
|c|★pikamewphlosion|SUPER BIRD JESUS BEAM
|choice||
|
|switch|p2a: Yes|Raichu|100\/100
|turn|17
|choice||
|
|switch|p1a: SIMON|Nidoking|100\/100
|move|p2a: Yes|Thunderbolt|p1a: SIMON
|-immune|p1a: SIMON|[msg]
|
|turn|18
|choice||
|
|move|p2a: Yes|Surf|p1a: SIMON
|-supereffective|p1a: SIMON
|-damage|p1a: SIMON|56\/100
|move|p1a: SIMON|Body Slam|p2a: Yes
|-damage|p2a: Yes|73\/100
|-status|p2a: Yes|par
|
|turn|19
|c|★pikamewphlosion|that parahax yo
|choice||
|
|move|p1a: SIMON|Earthquake|p2a: Yes
|-supereffective|p2a: Yes
|-damage|p2a: Yes|0 fnt
|faint|p2a: Yes
|choice||
|
|switch|p2a: Day|Starmie|100\/100
|turn|20
|choice||
|
|move|p2a: Day|Psychic|p1a: SIMON
|-supereffective|p1a: SIMON
|-damage|p1a: SIMON|0 fnt
|faint|p1a: SIMON
|c|★pikamewphlosion|new it is yes day?
|choice||
|
|switch|p1a: DEVITO|Raichu|76\/100
|turn|21
|choice||
|
|switch|p2a: It|Rhydon|62\/100 par
|move|p1a: DEVITO|Body Slam|p2a: It
|-resisted|p2a: It
|-damage|p2a: It|56\/100 par
|
|turn|22
|choice||
|
|switch|p1a: LORD HELIX|Omastar|100\/100
|move|p2a: It|Body Slam|p1a: LORD HELIX
|-resisted|p1a: LORD HELIX
|-damage|p1a: LORD HELIX|91\/100
|
|turn|23
|choice||
|
|move|p1a: LORD HELIX|Blizzard|p2a: It
|-supereffective|p2a: It
|-damage|p2a: It|0 fnt
|faint|p2a: It
|choice||
|
|switch|p2a: Day|Starmie|100\/100
|turn|24
|choice||
|
|move|p2a: Day|Thunderbolt|p1a: LORD HELIX
|-supereffective|p1a: LORD HELIX
|-damage|p1a: LORD HELIX|49\/100
|move|p1a: LORD HELIX|Blizzard|p2a: Day
|-resisted|p2a: Day
|-damage|p2a: Day|84\/100
|
|turn|25
|c|★pikamewphlosion|incoming crit
|c|★pikamewphlosion|in three
|choice||
|
|move|p2a: Day|Thunderbolt|p1a: LORD HELIX
|-crit|p1a: LORD HELIX
|-supereffective|p1a: LORD HELIX
|-damage|p1a: LORD HELIX|0 fnt
|faint|p1a: LORD HELIX
|c|★pikamewphlosion|two
|c|★pikamewphlosion|one
|c|★pikamewphlosion|yeah
|c|★Workerbeez12|ypu
|c|★Workerbeez12|psychic
|choice||
|
|switch|p1a: DEVITO|Raichu|76\/100
|turn|26
|choice||
|
|switch|p2a: BUZZ BUZZ|Beedrill|100\/100
|move|p1a: DEVITO|Thunder Wave|p2a: BUZZ BUZZ
|-status|p2a: BUZZ BUZZ|par
|
|turn|27
|choice||
|
|switch|p1a: JOSHUA|Pidgeot|100\/100
|move|p2a: BUZZ BUZZ|Twineedle|p1a: JOSHUA
|-resisted|p1a: JOSHUA
|-damage|p1a: JOSHUA|97\/100
|-damage|p1a: JOSHUA|93\/100
|-hitcount|p1a: JOSHUA|2
|
|turn|28
|choice||
|
|switch|p2a: Day|Starmie|84\/100
|move|p1a: JOSHUA|Sky Attack|p2a: Day|[still]
|-prepare|p1a: JOSHUA|Sky Attack|p2a: Day
|
|turn|29
|choice||
|
|move|p2a: Day|Blizzard|p1a: JOSHUA
|-supereffective|p1a: JOSHUA
|-damage|p1a: JOSHUA|31\/100
|move|p1a: JOSHUA|Sky Attack|p2a: Day|[from]Sky Attack
|-crit|p2a: Day
|-damage|p2a: Day|0 fnt
|faint|p2a: Day
|choice||
|
|switch|p2a: BUZZ BUZZ|Beedrill|100\/100 par
|turn|30
|c|★pikamewphlosion|HERE COMES THE AERIAL ATTACK
|choice||
|
|move|p1a: JOSHUA|Hyper Beam|p2a: BUZZ BUZZ
|-damage|p2a: BUZZ BUZZ|18\/100 par
|move|p2a: BUZZ BUZZ|Agility|p2a: BUZZ BUZZ
|-boost|p2a: BUZZ BUZZ|spe|2
|
|turn|31
|-mustrecharge|p1a: JOSHUA
|-mustrecharge|p1a: JOSHUA
|choice||
|
|cant|p2a: BUZZ BUZZ|par
|cant|p1a: JOSHUA|recharge
|
|turn|32
|choice||
|
|move|p2a: BUZZ BUZZ|Hyper Beam|p1a: JOSHUA
|-damage|p1a: JOSHUA|0 fnt
|faint|p1a: JOSHUA
|choice||
|
|switch|p1a: TROGDOR|Charizard|100\/100
|turn|33
|choice||
|
|cant|p2a: BUZZ BUZZ|par
|move|p1a: TROGDOR|Fire Blast|p2a: BUZZ BUZZ
|-supereffective|p2a: BUZZ BUZZ
|-damage|p2a: BUZZ BUZZ|0 fnt
|faint|p2a: BUZZ BUZZ
|
|win|pikamewphlosion
|player|p1
|player|p2
|raw|pikamewphlosion's rating: 1017 &rarr; <strong>1052<\/strong><br \/>(+35 for winning)
|raw|Workerbeez12's rating: 1000 &rarr; <strong>1000<\/strong><br \/>(+0 for losing)
|c|★pikamewphlosion|that hax yo
|c|★pikamewphlosion|gg
|c|★Workerbeez12|gg
|l|Workerbeez12