|join|lololiamnotsomeone
|join|Jokardom
|player|p1|lololiamnotsomeone|169
|player|p2|Jokardom|290
|gametype|singles
|gen|1
|tier|[Gen 1] OU (beta)
|rated
|rule|Sleep Clause Mod: Limit one foe put to sleep
|rule|Species Clause: Limit one of each Pokemon
|rule|OHKO Clause: OHKO moves are banned
|rule|Moody Clause: Moody is banned
|rule|Evasion Moves Clause: Evasion moves are banned
|rule|Endless Battle Clause: Forcing endless battles is banned.
|rule|HP Percentage Mod: HP is reported as percentages
|
|start
|switch|p1a: Ninetales|Ninetales|349\/349
|switch|p2a: Alakazam|Alakazam|313\/313
|turn|1
|
|switch|p1a: Sandslash|Sandslash|353\/353
|move|p2a: Alakazam|Thunder Wave|p1a: Sandslash
|-immune|p1a: Sandslash|[msg]
|
|turn|2
|
|move|p2a: Alakazam|Psychic|p1a: Sandslash
|-damage|p1a: Sandslash|162\/353
|move|p1a: Sandslash|Swords Dance|p1a: Sandslash
|-boost|p1a: Sandslash|atk|2
|
|turn|3
|
|move|p2a: Alakazam|Psychic|p1a: Sandslash
|-damage|p1a: Sandslash|0 fnt
|faint|p1a: Sandslash
|
|
|switch|p1a: Tangela|Tangela|333\/333
|turn|4
|
|move|p2a: Alakazam|Thunder Wave|p1a: Tangela
|-status|p1a: Tangela|par
|move|p1a: Tangela|Sleep Powder|p2a: Alakazam
|-status|p2a: Alakazam|slp
|
|turn|5
|
|cant|p2a: Alakazam|slp
|-curestatus|p2a: Alakazam|slp
|move|p1a: Tangela|Stun Spore|p2a: Alakazam|[miss]
|-miss|p1a: Tangela
|
|turn|6
|chat|Jokardom|wow that luck
|
|move|p2a: Alakazam|Psychic|p1a: Tangela
|-crit|p1a: Tangela
|-damage|p1a: Tangela|63\/333 par
|cant|p1a: Tangela|par
|
|turn|7
|
|move|p2a: Alakazam|Seismic Toss|p1a: Tangela
|-damage|p1a: Tangela|0 fnt
|faint|p1a: Tangela
|
|
|switch|p1a: Kangaskhan|Kangaskhan|413\/413
|turn|8
|
|move|p2a: Alakazam|Thunder Wave|p1a: Kangaskhan
|-status|p1a: Kangaskhan|par
|move|p1a: Kangaskhan|Body Slam|p2a: Alakazam
|-damage|p2a: Alakazam|172\/313
|-status|p2a: Alakazam|par
|
|turn|9
|
|cant|p2a: Alakazam|par
|cant|p1a: Kangaskhan|par
|
|turn|10
|
|move|p2a: Alakazam|Psychic|p1a: Kangaskhan
|-damage|p1a: Kangaskhan|195\/413 par
|move|p1a: Kangaskhan|Hyper Beam|p2a: Alakazam
|-crit|p2a: Alakazam
|-damage|p2a: Alakazam|0 fnt
|faint|p2a: Alakazam
|
|
|switch|p2a: Tauros|Tauros|353\/353
|turn|11
|
|move|p2a: Tauros|Hyper Beam|p1a: Kangaskhan
|-damage|p1a: Kangaskhan|0 fnt
|faint|p1a: Kangaskhan
|
|
|switch|p1a: Dewgong|Dewgong|383\/383
|turn|12
|
|move|p2a: Tauros|Earthquake|p1a: Dewgong
|-crit|p1a: Dewgong
|-damage|p1a: Dewgong|203\/383
|move|p1a: Dewgong|Blizzard|p2a: Tauros
|-damage|p2a: Tauros|197\/353
|
|turn|13
|
|move|p2a: Tauros|Body Slam|p1a: Dewgong
|-crit|p1a: Dewgong
|-damage|p1a: Dewgong|0 fnt
|faint|p1a: Dewgong
|
|
|switch|p1a: Ninetales|Ninetales|349\/349
|turn|14
|
|switch|p2a: Dragonite|Dragonite|385\/385
|move|p1a: Ninetales|Fire Blast|p2a: Dragonite
|-resisted|p2a: Dragonite
|-damage|p2a: Dragonite|317\/385
|
|turn|15
|
|move|p1a: Ninetales|Confuse Ray|p2a: Dragonite
|-start|p2a: Dragonite|confusion
|-activate|p2a: Dragonite|confusion
|move|p2a: Dragonite|Agility|p2a: Dragonite
|-boost|p2a: Dragonite|spe|2
|
|turn|16
|
|-activate|p2a: Dragonite|confusion
|-damage|p2a: Dragonite|275\/385|[from] confusion
|move|p1a: Ninetales|Fire Blast|p2a: Dragonite
|-resisted|p2a: Dragonite
|-damage|p2a: Dragonite|206\/385
|-status|p2a: Dragonite|brn
|
|turn|17
|
|-end|p2a: Dragonite|confusion
|move|p2a: Dragonite|Surf|p1a: Ninetales
|-supereffective|p1a: Ninetales
|-damage|p1a: Ninetales|197\/349
|-damage|p2a: Dragonite|182\/385 brn|[from] brn|[of] p1a: Ninetales
|move|p1a: Ninetales|Fire Spin|p2a: Dragonite|[miss]
|-miss|p1a: Ninetales
|
|turn|18
|
|move|p2a: Dragonite|Surf|p1a: Ninetales
|-supereffective|p1a: Ninetales
|-damage|p1a: Ninetales|37\/349
|-damage|p2a: Dragonite|158\/385 brn|[from] brn|[of] p1a: Ninetales
|move|p1a: Ninetales|Confuse Ray|p2a: Dragonite
|-start|p2a: Dragonite|confusion
|
|turn|19
|
|-activate|p2a: Dragonite|confusion
|-damage|p2a: Dragonite|136\/385 brn|[from] confusion
|-damage|p2a: Dragonite|112\/385 brn|[from] brn|[of] p1a: Ninetales
|move|p1a: Ninetales|Fire Blast|p2a: Dragonite|[miss]
|-miss|p1a: Ninetales
|
|turn|20
|
|-activate|p2a: Dragonite|confusion
|move|p2a: Dragonite|Wrap|p1a: Ninetales
|-damage|p1a: Ninetales|28\/349
|-activate|p1a: Ninetales|move: Wrap|[of] p2a: Dragonite
|-damage|p2a: Dragonite|88\/385 brn|[from] brn|[of] p1a: Ninetales
|cant|p1a: Ninetales|partiallytrapped
|
|turn|21
|
|-activate|p2a: Dragonite|confusion
|-damage|p2a: Dragonite|68\/385 brn|[from] confusion
|-damage|p2a: Dragonite|44\/385 brn|[from] brn|[of] p1a: Ninetales
|cant|p1a: Ninetales|partiallytrapped
|
|-end|p1a: Ninetales|Wrap|[partiallytrapped]
|turn|22
|
|switch|p2a: Cloyster|Cloyster|303\/303
|move|p1a: Ninetales|Fire Blast|p2a: Cloyster
|-damage|p2a: Cloyster|155\/303
|
|turn|23
|
|move|p1a: Ninetales|Confuse Ray|p2a: Cloyster
|-start|p2a: Cloyster|confusion
|-activate|p2a: Cloyster|confusion
|move|p2a: Cloyster|Clamp|p1a: Ninetales
|-crit|p1a: Ninetales
|-supereffective|p1a: Ninetales
|-damage|p1a: Ninetales|0 fnt
|faint|p1a: Ninetales
|
|
|switch|p1a: Jolteon|Jolteon|333\/333
|turn|24
|
|switch|p2a: Chansey|Chansey|703\/703
|move|p1a: Jolteon|Thunderbolt|p2a: Chansey
|-damage|p2a: Chansey|583\/703
|
|turn|25
|
|move|p1a: Jolteon|Thunder Wave|p2a: Chansey
|-status|p2a: Chansey|par
|move|p2a: Chansey|Thunder Wave|p1a: Jolteon
|-status|p1a: Jolteon|par
|
|turn|26
|
|move|p1a: Jolteon|Double Kick|p2a: Chansey
|-supereffective|p2a: Chansey
|-damage|p2a: Chansey|488\/703 par
|-damage|p2a: Chansey|393\/703 par
|-hitcount|p2a: Chansey|2
|move|p2a: Chansey|Ice Beam|p1a: Jolteon
|-damage|p1a: Jolteon|260\/333 par
|
|turn|27
|
|move|p1a: Jolteon|Double Kick|p2a: Chansey
|-crit|p2a: Chansey
|-supereffective|p2a: Chansey
|-damage|p2a: Chansey|182\/703 par
|-damage|p2a: Chansey|0 fnt
|-hitcount|p2a: Chansey|2
|faint|p2a: Chansey
|
|
|switch|p2a: Jolteon|Jolteon|333\/333
|turn|28
|
|move|p2a: Jolteon|Double Kick|p1a: Jolteon
|-damage|p1a: Jolteon|233\/333 par
|-damage|p1a: Jolteon|206\/333 par
|-hitcount|p1a: Jolteon|2
|move|p1a: Jolteon|Thunder Wave|p2a: Jolteon
|-status|p2a: Jolteon|par
|
|turn|29
|
|move|p2a: Jolteon|Pin Missile|p1a: Jolteon|[miss]
|-miss|p2a: Jolteon
|move|p1a: Jolteon|Thunderbolt|p2a: Jolteon
|-resisted|p2a: Jolteon
|-damage|p2a: Jolteon|279\/333 par
|
|turn|30
|
|cant|p1a: Jolteon|par
|move|p2a: Jolteon|Pin Missile|p1a: Jolteon
|-damage|p1a: Jolteon|194\/333 par
|-damage|p1a: Jolteon|182\/333 par
|-damage|p1a: Jolteon|170\/333 par
|-damage|p1a: Jolteon|158\/333 par
|-hitcount|p1a: Jolteon|4
|
|turn|31
|
|move|p1a: Jolteon|Double Kick|p2a: Jolteon
|-damage|p2a: Jolteon|253\/333 par
|-damage|p2a: Jolteon|227\/333 par
|-hitcount|p2a: Jolteon|2
|move|p2a: Jolteon|Double Kick|p1a: Jolteon
|-damage|p1a: Jolteon|132\/333 par
|-damage|p1a: Jolteon|106\/333 par
|-hitcount|p1a: Jolteon|2
|
|turn|32
|
|move|p2a: Jolteon|Thunderbolt|p1a: Jolteon
|-resisted|p1a: Jolteon
|-damage|p1a: Jolteon|49\/333 par
|cant|p1a: Jolteon|par
|
|turn|33
|
|move|p1a: Jolteon|Double Kick|p2a: Jolteon
|-damage|p2a: Jolteon|200\/333 par
|-damage|p2a: Jolteon|173\/333 par
|-hitcount|p2a: Jolteon|2
|cant|p2a: Jolteon|par
|
|turn|34
|
|move|p2a: Jolteon|Thunderbolt|p1a: Jolteon
|-crit|p1a: Jolteon
|-resisted|p1a: Jolteon
|-damage|p1a: Jolteon|0 fnt
|faint|p1a: Jolteon
|
|win|Jokardom
|raw|Ladder updating...
|leave|lololiamnotsomeone
|player|p1
|raw|lololiamnotsomeone's rating: 1000 &rarr; <strong>1000<\/strong><br \/>(+0 for losing)
|raw|Jokardom's rating: 1048 &rarr; <strong>1076<\/strong><br \/>(+28 for winning)
|chat|Jokardom|gg
|leave|Jokardom
|player|p2