|join|LostGod91
|join|Hi5er
|player|p1|LostGod91|265
|player|p2|Hi5er|144
|gametype|singles
|gen|1
|tier|[Gen 1] Random Battle
|rated
|seed|37582,40737,36497,5141
|rule|Sleep Clause Mod: Limit one foe put to sleep
|rule|Freeze Clause Mod: Limit one foe frozen
|rule|HP Percentage Mod: HP is shown in percentages
|
|start
|switch|p1a: Doduo|Doduo, L96|262\/262
|switch|p2a: Abra|Abra, L96|243\/243
|turn|1
|choice|move 2|switch 6
|
|switch|p2a: Cloyster|Cloyster, L83|253\/253
|move|p1a: Doduo|Body Slam|p2a: Cloyster
|-damage|p2a: Cloyster|187\/253
|
|turn|2
|choice|switch 4|move 2
|
|switch|p1a: Metapod|Metapod, L99|300\/300
|move|p2a: Cloyster|Blizzard|p1a: Metapod
|-crit|p1a: Metapod
|-damage|p1a: Metapod|0 fnt
|faint|p1a: Metapod
|choice|switch 5|
|
|switch|p1a: Lapras|Lapras, L79|367\/367
|turn|3
|choice|move 4|move 4
|
|move|p2a: Cloyster|Toxic|p1a: Lapras
|-status|p1a: Lapras|tox
|move|p1a: Lapras|Confuse Ray|p2a: Cloyster
|-start|p2a: Cloyster|confusion
|-damage|p1a: Lapras|345\/367 tox|[from] tox|[of] p2a: Cloyster
|
|turn|4
|choice|move 3|move 2
|
|-activate|p2a: Cloyster|confusion
|-damage|p2a: Cloyster|168\/253|[from] confusion
|move|p1a: Lapras|Body Slam|p2a: Cloyster
|-damage|p2a: Cloyster|140\/253
|-status|p2a: Cloyster|par
|-damage|p1a: Lapras|301\/367 tox|[from] tox|[of] p2a: Cloyster
|
|turn|5
|choice|switch 3|switch 5
|
|switch|p1a: Gengar|Gengar, L79|257\/257
|switch|p2a: Blastoise|Blastoise, L85|308\/308
|
|turn|6
|choice|move 3|move 3
|
|move|p1a: Gengar|Thunderbolt|p2a: Blastoise
|-supereffective|p2a: Blastoise
|-damage|p2a: Blastoise|156\/308
|move|p2a: Blastoise|Earthquake|p1a: Gengar
|-supereffective|p1a: Gengar
|-damage|p1a: Gengar|91\/257
|
|turn|7
|choice|move 3|switch 6
|
|switch|p2a: Abra|Abra, L96|243\/243
|move|p1a: Gengar|Thunderbolt|p2a: Abra
|-damage|p2a: Abra|186\/243
|
|turn|8
|choice|switch 6|move 1
|
|switch|p1a: Rapidash|Rapidash, L90|300\/300
|move|p2a: Abra|Psychic|p1a: Rapidash
|-damage|p1a: Rapidash|168\/300
|-unboost|p1a: Rapidash|spd|1
|-unboost|p1a: Rapidash|spa|1
|
|turn|9
|choice|move 3|switch 6
|
|switch|p2a: Blastoise|Blastoise, L85|156\/308
|move|p1a: Rapidash|Hyper Beam|p2a: Blastoise
|-damage|p2a: Blastoise|51\/308
|
|turn|10
|-mustrecharge|p1a: Rapidash
|-mustrecharge|p1a: Rapidash
|choice|move 1|move 1
|
|cant|p1a: Rapidash|recharge
|move|p2a: Blastoise|Rest|p2a: Blastoise
|-status|p2a: Blastoise|slp
|-heal|p2a: Blastoise|308\/308 slp|[silent]
|-status|p2a: Blastoise|slp|[from] move: Rest
|
|turn|11
|choice|switch 6|move 3
|
|switch|p1a: Gengar|Gengar, L79|91\/257
|cant|p2a: Blastoise|slp
|
|turn|12
|choice|move 3|switch 3
|
|switch|p2a: Victreebel|Victreebel, L85|310\/310
|move|p1a: Gengar|Thunderbolt|p2a: Victreebel
|-resisted|p2a: Victreebel
|-damage|p2a: Victreebel|276\/310
|
|turn|13
|choice|move 1|move 4
|
|move|p1a: Gengar|Hypnosis|p2a: Victreebel|[miss]
|-miss|p1a: Gengar
|move|p2a: Victreebel|Stun Spore|p1a: Gengar
|-status|p1a: Gengar|par
|
|turn|14
|choice|move 1|switch 3
|
|switch|p2a: Blastoise|Blastoise, L85|308\/308 slp
|move|p1a: Gengar|Hypnosis|p2a: Blastoise
|-fail|p2a: Blastoise|slp
|
|turn|15
|choice|move 3|move 3
|
|-curestatus|p2a: Blastoise|slp
|move|p1a: Gengar|Thunderbolt|p2a: Blastoise
|-crit|p2a: Blastoise
|-supereffective|p2a: Blastoise
|-damage|p2a: Blastoise|34\/308
|
|turn|16
|choice|switch 4|move 3
|
|switch|p1a: Doduo|Doduo, L96|262\/262
|move|p2a: Blastoise|Earthquake|p1a: Doduo
|-immune|p1a: Doduo|[msg]
|
|turn|17
|choice|move 2|switch 5
|
|switch|p2a: Cloyster|Cloyster, L83|140\/253 par
|move|p1a: Doduo|Body Slam|p2a: Cloyster
|-crit|p2a: Cloyster
|-damage|p2a: Cloyster|7\/253 par
|
|turn|18
|choice|move 2|move 2
|
|move|p1a: Doduo|Body Slam|p2a: Cloyster
|-damage|p2a: Cloyster|0 fnt
|faint|p2a: Cloyster
|c|★Hi5er|Wow lol...
|choice||switch 2
|
|switch|p2a: Porygon|Porygon, L85|284\/284
|turn|19
|choice|move 2|move 4
|
|move|p1a: Doduo|Body Slam|p2a: Porygon
|-damage|p2a: Porygon|158\/284
|move|p2a: Porygon|Blizzard|p1a: Doduo
|-supereffective|p1a: Doduo
|-damage|p1a: Doduo|41\/262
|
|turn|20
|choice|move 1|move 1
|
|move|p1a: Doduo|Double-Edge|p2a: Porygon
|-damage|p2a: Porygon|13\/284
|-damage|p1a: Doduo|5\/262|[from] recoil|[of] p2a: Porygon
|move|p2a: Porygon|Recover|p2a: Porygon
|-heal|p2a: Porygon|155\/284
|
|turn|21
|choice|move 1|move 1
|
|move|p1a: Doduo|Double-Edge|p2a: Porygon
|-damage|p2a: Porygon|1\/284
|-damage|p1a: Doduo|0 fnt|[from] recoil|[of] p2a: Porygon
|faint|p1a: Doduo
|choice|switch 6|
|
|switch|p1a: Rapidash|Rapidash, L90|168\/300
|turn|22
|choice|move 2|move 1
|
|move|p1a: Rapidash|Body Slam|p2a: Porygon
|-crit|p2a: Porygon
|-damage|p2a: Porygon|0 fnt
|faint|p2a: Porygon
|choice||switch 3
|
|switch|p2a: Victreebel|Victreebel, L85|276\/310
|turn|23
|c|★Hi5er|Gg
|choice|move 1|move 4
|
|move|p1a: Rapidash|Fire Blast|p2a: Victreebel
|-supereffective|p2a: Victreebel
|-damage|p2a: Victreebel|49\/310
|move|p2a: Victreebel|Stun Spore|p1a: Rapidash
|-status|p1a: Rapidash|par
|
|turn|24
|choice|move 2|move 2
|
|move|p2a: Victreebel|Hyper Beam|p1a: Rapidash
|-damage|p1a: Rapidash|35\/300 par
|move|p1a: Rapidash|Body Slam|p2a: Victreebel
|-damage|p2a: Victreebel|0 fnt
|faint|p2a: Victreebel
|choice||switch 6
|
|switch|p2a: Abra|Abra, L96|186\/243
|turn|25
|choice|move 3|move 1
|
|move|p2a: Abra|Psychic|p1a: Rapidash
|-crit|p1a: Rapidash
|-damage|p1a: Rapidash|0 fnt
|faint|p1a: Rapidash
|choice|switch 3|
|
|switch|p1a: Lapras|Lapras, L79|301\/367 tox
|-status|p1a: Lapras|psn
|turn|26
|choice|move 4|move 2
|
|move|p2a: Abra|Reflect|p2a: Abra
|-start|p2a: Abra|Reflect
|move|p1a: Lapras|Confuse Ray|p2a: Abra
|-start|p2a: Abra|confusion
|-damage|p1a: Lapras|279\/367 psn|[from] psn|[of] p2a: Abra
|
|turn|27
|choice|move 2|move 1
|
|-activate|p2a: Abra|confusion
|move|p2a: Abra|Psychic|p1a: Lapras
|-damage|p1a: Lapras|157\/367 psn
|move|p1a: Lapras|Blizzard|p2a: Abra
|-damage|p2a: Abra|102\/243
|-damage|p1a: Lapras|135\/367 psn|[from] psn|[of] p2a: Abra
|
|turn|28
|choice|move 2|move 1
|
|-activate|p2a: Abra|confusion
|-damage|p2a: Abra|66\/243|[from] confusion
|move|p1a: Lapras|Blizzard|p2a: Abra
|-damage|p2a: Abra|0 fnt
|faint|p2a: Abra
|choice||switch 4
|
|switch|p2a: Primeape|Primeape, L90|300\/300
|turn|29
|choice|move 4|move 3
|
|move|p2a: Primeape|Rock Slide|p1a: Lapras
|-supereffective|p1a: Lapras
|-damage|p1a: Lapras|0 fnt
|faint|p1a: Lapras
|choice|switch 2|
|
|switch|p1a: Ninetales|Ninetales, L85|298\/298
|turn|30
|choice|move 1|move 1
|
|move|p2a: Primeape|Body Slam|p1a: Ninetales
|-crit|p1a: Ninetales
|-damage|p1a: Ninetales|145\/298
|-status|p1a: Ninetales|par
|move|p1a: Ninetales|Fire Blast|p2a: Primeape
|-damage|p2a: Primeape|140\/300
|
|turn|31
|choice|move 1|move 3
|
|move|p2a: Primeape|Rock Slide|p1a: Ninetales
|-supereffective|p1a: Ninetales
|-damage|p1a: Ninetales|10\/298 par
|move|p1a: Ninetales|Fire Blast|p2a: Primeape
|-damage|p2a: Primeape|0 fnt
|faint|p2a: Primeape
|choice||switch 5
|
|switch|p2a: Blastoise|Blastoise, L85|34\/308
|turn|32
|choice|move 4|move 3
|
|move|p2a: Blastoise|Earthquake|p1a: Ninetales
|-supereffective|p1a: Ninetales
|-damage|p1a: Ninetales|0 fnt
|faint|p1a: Ninetales
|choice|switch 4|
|
|switch|p1a: Gengar|Gengar, L79|91\/257 par
|turn|33
|choice|move 4|move 3
|
|move|p2a: Blastoise|Earthquake|p1a: Gengar
|-supereffective|p1a: Gengar
|-damage|p1a: Gengar|0 fnt
|faint|p1a: Gengar
|
|win|Hi5er
|raw|LostGod91's rating: 1211 &rarr; <strong>1197<\/strong><br \/>(-14 for losing)
|raw|Hi5er's rating: 1374 &rarr; <strong>1385<\/strong><br \/>(+11 for winning)
|leave|LostGod91
|player|p1
|c|★Hi5er|Wow! Gg