|join|Buts X
|join|Varsen
|player|p1|Buts X|43
|player|p2|Varsen|153
|gametype|singles
|gen|1
|tier|[Gen 1] Random Battle
|rated
|seed|45507,56749,48957,5938
|rule|Sleep Clause Mod: Limit one foe put to sleep
|rule|Freeze Clause Mod: Limit one foe frozen
|rule|HP Percentage Mod: HP is shown in percentages
|
|start
|switch|p1a: Metapod|Metapod, L99|300\/300
|switch|p2a: Kadabra|Kadabra, L85|242\/242
|turn|1
|c|★Varsen|gl
|c|★Buts X|ill need it with a goddamn metapod
|choice|move 1|switch 6
|
|switch|p2a: Ninetales|Ninetales, L85|298\/298
|move|p1a: Metapod|String Shot|p2a: Ninetales
|-unboost|p2a: Ninetales|spe|1
|
|turn|2
|c|★Varsen|lol
|c|★Varsen|I love this tier
|c|★Varsen|Such a fun tier
|c|★Buts X|randbats giveth and randbats taketh away
|choice|move 2|move 1
|
|move|p2a: Ninetales|Fire Blast|p1a: Metapod
|-supereffective|p1a: Metapod
|-damage|p1a: Metapod|0 fnt
|faint|p1a: Metapod
|choice|switch 2|
|
|switch|p1a: Gengar|Gengar, L79|257\/257
|turn|3
|c|★Varsen|sorry
|choice|move 1|move 1
|
|move|p1a: Gengar|Hypnosis|p2a: Ninetales
|-status|p2a: Ninetales|slp
|cant|p2a: Ninetales|slp
|
|turn|4
|c|★Buts X|no worries
|c|★Buts X|i do it to everyone
|c|★Varsen|Talking too someone while in a battle isb;t snart
|c|★Varsen|isn't*
|choice|move 3|move 1
|
|move|p1a: Gengar|Psychic|p2a: Ninetales
|-damage|p2a: Ninetales|236\/298 slp
|-curestatus|p2a: Ninetales|slp
|
|turn|5
|choice|move 1|move 1
|
|move|p1a: Gengar|Hypnosis|p2a: Ninetales|[miss]
|-miss|p1a: Gengar
|move|p2a: Ninetales|Fire Blast|p1a: Gengar
|-damage|p1a: Gengar|155\/257
|
|turn|6
|choice|move 1|move 3
|
|move|p1a: Gengar|Hypnosis|p2a: Ninetales|[miss]
|-miss|p1a: Gengar
|move|p2a: Ninetales|Confuse Ray|p1a: Gengar
|-start|p1a: Gengar|confusion
|
|turn|7
|c|★Buts X|jesus h, gengar
|choice|move 1|move 1
|
|-activate|p1a: Gengar|confusion
|-damage|p1a: Gengar|126\/257|[from] confusion
|move|p2a: Ninetales|Fire Blast|p1a: Gengar
|-damage|p1a: Gengar|24\/257
|
|turn|8
|c|★Varsen|lol
|c|★Buts X|going down swinging
|choice|move 1|switch 3
|
|switch|p2a: Seaking|Seaking, L90|327\/327
|-activate|p1a: Gengar|confusion
|-damage|p1a: Gengar|0 fnt|[from] confusion
|faint|p1a: Gengar
|c|★Buts X|...at himself
|c|★Varsen|or not
|choice|switch 3|
|
|switch|p1a: Jolteon|Jolteon, L79|265\/265
|turn|9
|choice|move 1|switch 4
|
|switch|p2a: Nidoking|Nidoking, L85|311\/311
|move|p1a: Jolteon|Thunderbolt|p2a: Nidoking
|-immune|p2a: Nidoking|[msg]
|
|turn|10
|c|★Buts X|and of course
|c|★Buts X|my team, save metapod, is super sweet
|c|★Buts X|but i fear my ass will get destroyed
|c|★Varsen|I want to actually start playing gen 1 ou
|choice|switch 5|move 2
|
|switch|p1a: Mewtwo|Mewtwo, L70|293\/293
|move|p2a: Nidoking|Blizzard|p1a: Mewtwo
|-crit|p1a: Mewtwo
|-damage|p1a: Mewtwo|171\/293
|
|turn|11
|choice|move 1|move 3
|
|move|p1a: Mewtwo|Psychic|p2a: Nidoking
|-supereffective|p2a: Nidoking
|-damage|p2a: Nidoking|107\/311
|move|p2a: Nidoking|Thunderbolt|p1a: Mewtwo
|-damage|p1a: Mewtwo|122\/293
|
|turn|12
|choice|move 1|switch 6
|
|switch|p2a: Kadabra|Kadabra, L85|242\/242
|move|p1a: Mewtwo|Psychic|p2a: Kadabra
|-crit|p2a: Kadabra
|-resisted|p2a: Kadabra
|-damage|p2a: Kadabra|165\/242
|-unboost|p2a: Kadabra|spd|1
|-unboost|p2a: Kadabra|spa|1
|
|turn|13
|choice|move 1|move 2
|
|move|p2a: Kadabra|Thunder Wave|p1a: Mewtwo
|-status|p1a: Mewtwo|par
|cant|p1a: Mewtwo|par
|
|turn|14
|choice|move 1|move 4
|
|move|p2a: Kadabra|Reflect|p2a: Kadabra
|-start|p2a: Kadabra|Reflect
|move|p1a: Mewtwo|Psychic|p2a: Kadabra
|-crit|p2a: Kadabra
|-resisted|p2a: Kadabra
|-damage|p2a: Kadabra|92\/242
|-unboost|p2a: Kadabra|spd|1
|-unboost|p2a: Kadabra|spa|1
|
|turn|15
|choice|move 1|move 3
|
|move|p2a: Kadabra|Recover|p2a: Kadabra
|-heal|p2a: Kadabra|213\/242
|move|p1a: Mewtwo|Psychic|p2a: Kadabra
|-resisted|p2a: Kadabra
|-damage|p2a: Kadabra|140\/242
|
|turn|16
|choice|move 1|move 1
|
|move|p2a: Kadabra|Psychic|p1a: Mewtwo
|-resisted|p1a: Mewtwo
|-damage|p1a: Mewtwo|100\/293 par
|-unboost|p1a: Mewtwo|spd|1
|-unboost|p1a: Mewtwo|spa|1
|cant|p1a: Mewtwo|par
|
|turn|17
|choice|move 1|switch 4
|
|switch|p2a: Seaking|Seaking, L90|327\/327
|move|p1a: Mewtwo|Psychic|p2a: Seaking
|-crit|p2a: Seaking
|-damage|p2a: Seaking|148\/327
|
|turn|18
|choice|move 1|move 1
|
|move|p2a: Seaking|Double-Edge|p1a: Mewtwo
|-damage|p1a: Mewtwo|8\/293 par
|-damage|p2a: Seaking|125\/327|[from] recoil|[of] p1a: Mewtwo
|move|p1a: Mewtwo|Psychic|p2a: Seaking
|-damage|p2a: Seaking|68\/327
|
|turn|19
|c|★Varsen|shit
|choice|move 1|move 2
|
|move|p2a: Seaking|Surf|p1a: Mewtwo
|-damage|p1a: Mewtwo|0 fnt
|faint|p1a: Mewtwo
|choice|switch 4|
|
|switch|p1a: Persian|Persian, L79|265\/265
|turn|20
|choice|move 1|move 3
|
|move|p1a: Persian|Slash|p2a: Seaking
|-crit|p2a: Seaking
|-damage|p2a: Seaking|0 fnt
|faint|p2a: Seaking
|choice||switch 5
|
|switch|p2a: Venomoth|Venomoth, L85|293\/293
|turn|21
|c|★Varsen|fine
|choice|move 1|move 2
|
|move|p1a: Persian|Slash|p2a: Venomoth
|-crit|p2a: Venomoth
|-damage|p2a: Venomoth|172\/293
|move|p2a: Venomoth|Sleep Powder|p1a: Persian
|-status|p1a: Persian|slp
|
|turn|22
|c|★Varsen|shh it will be over soon
|c|★Buts X|a boo hoo hoo
|join|DH Eternally
|choice|switch 5|move 4
|
|switch|p1a: Jolteon|Jolteon, L79|265\/265
|move|p2a: Venomoth|Mega Drain|p1a: Jolteon
|-damage|p1a: Jolteon|238\/265
|-heal|p2a: Venomoth|185\/293|[from] drain|[of] p1a: Jolteon
|
|turn|23
|c|★Varsen|Sithis will come
|choice|switch 6|move 2
|
|switch|p1a: Mew|Mew, L74|300\/300
|move|p2a: Venomoth|Sleep Powder|p1a: Mew|[miss]
|-miss|p2a: Venomoth
|
|turn|24
|leave|DH Eternally
|choice|move 4|move 3
|
|move|p2a: Venomoth|Stun Spore|p1a: Mew
|-status|p1a: Mew|par
|move|p1a: Mew|Psychic|p2a: Venomoth
|-crit|p2a: Venomoth
|-supereffective|p2a: Venomoth
|-damage|p2a: Venomoth|0 fnt
|faint|p2a: Venomoth
|choice||switch 2
|
|switch|p2a: Articuno|Articuno, L79|304\/304
|turn|25
|c|★Buts X|what a team
|choice|switch 5|move 1
|
|switch|p1a: Persian|Persian, L79|265\/265 slp
|move|p2a: Articuno|Blizzard|p1a: Persian
|-damage|p1a: Persian|97\/265 slp
|
|turn|26
|c|★Buts X|super balanced
|c|★Varsen|Yeah don't blame me
|choice|move 1|move 1
|
|-curestatus|p1a: Persian|slp
|move|p2a: Articuno|Blizzard|p1a: Persian
|-damage|p1a: Persian|0 fnt
|faint|p1a: Persian
|c|★Buts X|i dont. its randbats.
|choice|switch 6|
|
|switch|p1a: Jolteon|Jolteon, L79|238\/265
|turn|27
|choice|move 1|switch 6
|
|switch|p2a: Nidoking|Nidoking, L85|107\/311
|move|p1a: Jolteon|Thunderbolt|p2a: Nidoking
|-immune|p2a: Nidoking|[msg]
|
|turn|28
|c|★Buts X|bah
|c|★Buts X|why didnt i switch
|c|★Buts X|i wanted to
|choice|move 4|move 2
|
|move|p1a: Jolteon|Pin Missile|p2a: Nidoking|[miss]
|-miss|p1a: Jolteon
|move|p2a: Nidoking|Blizzard|p1a: Jolteon
|-damage|p1a: Jolteon|170\/265
|
|turn|29
|choice|move 4|move 1
|
|move|p1a: Jolteon|Pin Missile|p2a: Nidoking
|-supereffective|p2a: Nidoking
|-damage|p2a: Nidoking|91\/311
|-damage|p2a: Nidoking|75\/311
|-damage|p2a: Nidoking|59\/311
|-damage|p2a: Nidoking|43\/311
|-damage|p2a: Nidoking|27\/311
|-hitcount|p2a: Nidoking|5
|move|p2a: Nidoking|Earthquake|p1a: Jolteon
|-supereffective|p1a: Jolteon
|-damage|p1a: Jolteon|0 fnt
|faint|p1a: Jolteon
|c|★Buts X|fffffff
|c|★Varsen|clutch
|c|★Buts X|woulda gotten a little interesting
|choice|switch 5|
|
|switch|p1a: Mew|Mew, L74|300\/300 par
|turn|30
|choice|move 4|move 3
|
|move|p2a: Nidoking|Thunderbolt|p1a: Mew
|-crit|p1a: Mew
|-damage|p1a: Mew|181\/300 par
|move|p1a: Mew|Psychic|p2a: Nidoking
|-supereffective|p2a: Nidoking
|-damage|p2a: Nidoking|0 fnt
|faint|p2a: Nidoking
|c|★Buts X|no quake?
|c|★Varsen|I want this to go on a bit longer
|choice||switch 6
|
|switch|p2a: Articuno|Articuno, L79|304\/304
|turn|31
|c|★Buts X|toying with the prey
|choice|move 4|move 1
|
|move|p2a: Articuno|Blizzard|p1a: Mew
|-damage|p1a: Mew|48\/300 par
|cant|p1a: Mew|par
|
|turn|32
|c|★Varsen|I enjoy playing with my prey before ending it
|choice|move 4|move 3
|
|move|p2a: Articuno|Reflect|p2a: Articuno
|-start|p2a: Articuno|Reflect
|move|p1a: Mew|Psychic|p2a: Articuno
|-damage|p2a: Articuno|235\/304
|
|turn|33
|c|★Buts X|but... what if the prey gives up???
|-message|Buts X forfeited.
|
|win|Varsen
|raw|Buts X's rating: 1307 &rarr; <strong>1275<\/strong><br \/>(-32 for losing)
|raw|Varsen's rating: 1078 &rarr; <strong>1122<\/strong><br \/>(+44 for winning)
|c|★Varsen|R..Really?
|c|★Varsen|I should have killed you when i had the chance
|c|★Buts X|oh yeah. i control my own fate.