|join|baaste
|join|Dervodel
|player|p1|baaste|2
|player|p2|Dervodel|101
|gametype|singles
|gen|1
|tier|[Gen 1] Random Battle
|rated
|rule|Sleep Clause Mod: Limit one foe put to sleep
|rule|Freeze Clause Mod: Limit one foe frozen
|rule|HP Percentage Mod: HP is shown in percentages
|
|start
|switch|p1a: Hypno|Hypno, L85|318\/318
|switch|p2a: Squirtle|Squirtle, L96|279\/279
|turn|1
|join|asldkfjlkj
|c| asldkfjlkj|swg
|c| asldkfjlkj|dervodel
|c| asldkfjlkj|what does
|c| asldkfjlkj|\/\/forfeit do
|c|★Dervodel|your mother sucks cocks in hell
|
|move|p1a: Hypno|Hypnosis|p2a: Squirtle|[miss]
|-miss|p1a: Hypno
|move|p2a: Squirtle|Surf|p1a: Hypno
|-damage|p1a: Hypno|243\/318
|
|turn|2
|c| asldkfjlkj|2\/10
|c| asldkfjlkj|too middle school
|c| asldkfjlkj|try again
|c| asldkfjlkj|I know you're not very bright
|c| asldkfjlkj|but pretend you're less stupid
|c| asldkfjlkj|and that your mom willingly had you
|
|move|p1a: Hypno|Psychic|p2a: Squirtle
|-damage|p2a: Squirtle|146\/279
|move|p2a: Squirtle|Body Slam|p1a: Hypno
|-damage|p1a: Hypno|185\/318
|
|turn|3
|c|★Dervodel|were you born on a highway?
|c|★Dervodel|because that's where most accidents happen
|
|move|p1a: Hypno|Psychic|p2a: Squirtle
|-damage|p2a: Squirtle|8\/279
|-unboost|p2a: Squirtle|spd|1
|-unboost|p2a: Squirtle|spa|1
|move|p2a: Squirtle|Body Slam|p1a: Hypno
|-damage|p1a: Hypno|125\/318
|-status|p1a: Hypno|par
|
|turn|4
|c| asldkfjlkj|that was almost rimshot worthy
|c| asldkfjlkj|but I award you no points, since I just said you were an accident
|c| asldkfjlkj|(or a child of rape)
|
|move|p2a: Squirtle|Body Slam|p1a: Hypno
|-crit|p1a: Hypno
|-damage|p1a: Hypno|2\/318 par
|move|p1a: Hypno|Psychic|p2a: Squirtle
|-damage|p2a: Squirtle|0 fnt
|faint|p2a: Squirtle
|c| asldkfjlkj|hoping it was the latter :3
|
|switch|p2a: Slowbro|Slowbro, L79|312\/312
|turn|5
|c|★Dervodel|don't be upset
|c|★Dervodel|it's ok
|
|move|p2a: Slowbro|Surf|p1a: Hypno
|-damage|p1a: Hypno|0 fnt
|faint|p1a: Hypno
|c| asldkfjlkj|Ah, the classic "I have nothing to say" so I'll just use standard filler
|c| asldkfjlkj|I'm sorry, you're done
|c| asldkfjlkj|You're way too stupid for any further consideration
|
|switch|p1a: Tangela|Tangela, L85|284\/284
|turn|6
|c| asldkfjlkj|And it's only turn 5
|c|★Dervodel|"Ah, the classic "I have nothing to say" so I'll just use standard filler"
|c|★Dervodel|"You're way too stupid for any further consideration"
|c| asldkfjlkj|When you put quotes inside of quotes you should use '
|c| asldkfjlkj|If you had gone to school in a regular sized bus you might know that
|c|★baaste|hahahhahaa
|
|switch|p2a: Muk|Muk, L90|372\/372
|move|p1a: Tangela|Sleep Powder|p2a: Muk
|-status|p2a: Muk|slp
|
|turn|7
|c| asldkfjlkj|lmfao
|
|switch|p2a: Porygon|Porygon, L85|284\/284
|move|p1a: Tangela|Stun Spore|p2a: Porygon|[miss]
|-miss|p1a: Tangela
|
|turn|8
|
|switch|p2a: Muk|Muk, L90|372\/372 slp
|move|p1a: Tangela|Stun Spore|p2a: Muk|[miss]
|-miss|p1a: Tangela
|
|turn|9
|c| asldkfjlkj|lmao you're so bad too
|c| asldkfjlkj|I mean that's no surprise
|c| asldkfjlkj|That a special ed kid sucks at the simplest tier in all of pokemon
|
|switch|p1a: Haunter|Haunter, L85|250\/250
|cant|p2a: Muk|slp
|
|turn|10
|c| asldkfjlkj|But still lol that was pretty embarrassing
|
|switch|p2a: Slowbro|Slowbro, L79|312\/312
|move|p1a: Haunter|Thunderbolt|p2a: Slowbro
|-supereffective|p2a: Slowbro
|-damage|p2a: Slowbro|146\/312
|-status|p2a: Slowbro|par
|
|turn|11
|c| asldkfjlkj|LOOOL
|c|★baaste|there it is
|c| asldkfjlkj|this is hilarious
|c|★baaste|mindgamed as fuck
|c| asldkfjlkj|his team is dope
|c| asldkfjlkj|but he's so supid
|c|★baaste|brought out haunter must be doing psychic
|c| asldkfjlkj|he's not making it even a challange
|c|★baaste|go slowbro
|c| asldkfjlkj|hahahahaha
|c|★baaste|suck a dick
|
|switch|p2a: Magnemite|Magnemite, L96|243\/243
|move|p1a: Haunter|Thunderbolt|p2a: Magnemite
|-crit|p2a: Magnemite
|-resisted|p2a: Magnemite
|-damage|p2a: Magnemite|182\/243
|
|turn|12
|c| asldkfjlkj|I kinda feel bad
|
|switch|p1a: Tangela|Tangela, L85|284\/284
|move|p2a: Magnemite|Thunder Wave|p1a: Tangela
|-status|p1a: Tangela|par
|
|turn|13
|c| asldkfjlkj|he's not pretending he's actually retarded, I don't think we should be mean to him
|
|switch|p2a: Muk|Muk, L90|372\/372 slp
|move|p1a: Tangela|Stun Spore|p2a: Muk
|-fail|p2a: Muk
|
|turn|14
|
|switch|p1a: Haunter|Haunter, L85|250\/250
|cant|p2a: Muk|slp
|
|turn|15
|
|move|p1a: Haunter|Thunderbolt|p2a: Muk
|-damage|p2a: Muk|287\/372 slp
|cant|p2a: Muk|slp
|
|turn|16
|
|move|p1a: Haunter|Thunderbolt|p2a: Muk
|-damage|p2a: Muk|198\/372 slp
|cant|p2a: Muk|slp
|
|turn|17
|c| asldkfjlkj|muk can have fun sleeping all day lmao
|c|★baaste|lol
|c| asldkfjlkj|brilliant strategy, if I may say so
|
|switch|p2a: Golem|Golem, L79|288\/288
|move|p1a: Haunter|Thunderbolt|p2a: Golem
|-immune|p2a: Golem|[msg]
|
|turn|18
|c|★baaste|lmao
|c| asldkfjlkj|LOL
|c| asldkfjlkj|he had that all along
|c| asldkfjlkj|im dying
|c| asldkfjlkj|hahahaha
|c| asldkfjlkj|so unbelievably stupid
|c| asldkfjlkj|I love the quietness too
|c| asldkfjlkj|like "yeah, everything he's saying is true"
|
|switch|p1a: Lapras|Lapras, L79|367\/367
|move|p2a: Golem|Earthquake|p1a: Lapras
|-damage|p1a: Lapras|255\/367
|
|turn|19
|
|switch|p2a: Magnemite|Magnemite, L96|182\/243
|move|p1a: Lapras|Blizzard|p2a: Magnemite
|-damage|p2a: Magnemite|86\/243
|
|turn|20
|
|switch|p1a: Tangela|Tangela, L85|284\/284 par
|move|p2a: Magnemite|Thunder|p1a: Tangela|[miss]
|-miss|p2a: Magnemite
|
|turn|21
|
|switch|p2a: Muk|Muk, L90|198\/372 slp
|cant|p1a: Tangela|par
|
|turn|22
|c| asldkfjlkj|I wonder if muk will come back
|c| asldkfjlkj|lmao
|c|★baaste|lol
|c| asldkfjlkj|hahaha
|c| asldkfjlkj|I can say his moves along with him
|c| asldkfjlkj|hes that predictable
|
|switch|p1a: Haunter|Haunter, L85|250\/250
|cant|p2a: Muk|slp
|
|turn|23
|c| asldkfjlkj|He's doing ok for someone with Down's
|
|move|p1a: Haunter|Confuse Ray|p2a: Muk
|-start|p2a: Muk|confusion
|-curestatus|p2a: Muk|slp
|
|turn|24
|
|switch|p2a: Golem|Golem, L79|288\/288
|move|p1a: Haunter|Hypnosis|p2a: Golem|[miss]
|-miss|p1a: Haunter
|
|turn|25
|c| asldkfjlkj|lool
|c| asldkfjlkj|predicted AGAIN
|c|★baaste|ghuiehgiu3hg
|c| asldkfjlkj|hahahahaha
|c|★baaste|get luckier
|c|★baaste|my god
|c| asldkfjlkj|without hax this would be SO over
|c| asldkfjlkj|loool
|
|switch|p1a: Tangela|Tangela, L85|284\/284 par
|move|p2a: Golem|Earthquake|p1a: Tangela
|-resisted|p1a: Tangela
|-damage|p1a: Tangela|240\/284 par
|
|turn|26
|c| asldkfjlkj|hahahahaha
|
|switch|p2a: Porygon|Porygon, L85|284\/284
|move|p1a: Tangela|Sleep Powder|p2a: Porygon|[miss]
|-miss|p1a: Tangela
|
|turn|27
|
|move|p2a: Porygon|Tri Attack|p1a: Tangela
|-damage|p1a: Tangela|186\/284 par
|cant|p1a: Tangela|par
|
|turn|28
|c| asldkfjlkj|lmfao
|c|★baaste|oooook
|
|move|p2a: Porygon|Double-Edge|p1a: Tangela
|-damage|p1a: Tangela|114\/284 par
|-damage|p2a: Porygon|266\/284|[from] recoil|[of] p1a: Tangela
|move|p1a: Tangela|Sleep Powder|p2a: Porygon
|-status|p2a: Porygon|slp
|
|turn|29
|c| asldkfjlkj|lool he's just pressing random buttons
|c| asldkfjlkj|has no idea what moves actually do
|
|switch|p1a: Lapras|Lapras, L79|255\/367
|cant|p2a: Porygon|slp
|
|turn|30
|
|move|p1a: Lapras|Blizzard|p2a: Porygon
|-damage|p2a: Porygon|143\/284 slp
|cant|p2a: Porygon|slp
|
|turn|31
|
|move|p1a: Lapras|Blizzard|p2a: Porygon
|-damage|p2a: Porygon|26\/284 slp
|cant|p2a: Porygon|slp
|
|turn|32
|
|move|p1a: Lapras|Body Slam|p2a: Porygon
|-damage|p2a: Porygon|0 fnt
|faint|p2a: Porygon
|
|switch|p2a: Slowbro|Slowbro, L79|146\/312 par
|turn|33
|
|move|p1a: Lapras|Thunderbolt|p2a: Slowbro
|-supereffective|p2a: Slowbro
|-damage|p2a: Slowbro|12\/312 par
|cant|p2a: Slowbro|par
|
|turn|34
|c| asldkfjlkj|excellent choice
|c|★baaste|that should be gg
|
|move|p1a: Lapras|Body Slam|p2a: Slowbro
|-crit|p2a: Slowbro
|-damage|p2a: Slowbro|0 fnt
|faint|p2a: Slowbro
|
|switch|p2a: Magnemite|Magnemite, L96|86\/243
|turn|35
|
|switch|p1a: Tangela|Tangela, L85|114\/284 par
|move|p2a: Magnemite|Thunder|p1a: Tangela
|-resisted|p1a: Tangela
|-damage|p1a: Tangela|40\/284 par
|
|turn|36
|c| asldkfjlkj|def replay worthy
|c|★baaste|swag
|
|move|p2a: Magnemite|Thunderbolt|p1a: Tangela
|-crit|p1a: Tangela
|-resisted|p1a: Tangela
|-damage|p1a: Tangela|0 fnt
|faint|p1a: Tangela
|c|★baaste|yeah he gets outplayed as fuck
|c| asldkfjlkj|Our first game vs someone with down syndrome
|
|switch|p1a: Kangaskhan|Kangaskhan, L85|352\/352
|turn|37
|c| asldkfjlkj|lmao the thing is he got outplayed EVERY SINGLE turn
|c| asldkfjlkj|lmao
|c| asldkfjlkj|ALL of them
|c| asldkfjlkj|and still got hax
|
|move|p1a: Kangaskhan|Earthquake|p2a: Magnemite
|-supereffective|p2a: Magnemite
|-damage|p2a: Magnemite|0 fnt
|faint|p2a: Magnemite
|c|★baaste|hahahhaha
|c| asldkfjlkj|and STILL got rooooocked
|
|switch|p2a: Golem|Golem, L79|288\/288
|turn|38
|
|move|p1a: Kangaskhan|Earthquake|p2a: Golem
|-supereffective|p2a: Golem
|-damage|p2a: Golem|170\/288
|move|p2a: Golem|Body Slam|p1a: Kangaskhan
|-damage|p1a: Kangaskhan|293\/352
|
|turn|39
|c| asldkfjlkj|LOL
|c| asldkfjlkj|worst possible move at all times
|c|★baaste|hahahhaa
|c| asldkfjlkj|hhahahaha
|
|move|p1a: Kangaskhan|Earthquake|p2a: Golem
|-supereffective|p2a: Golem
|-damage|p2a: Golem|50\/288
|move|p2a: Golem|Body Slam|p1a: Kangaskhan
|-damage|p1a: Kangaskhan|234\/352
|
|turn|40
|c|★baaste|derv ty so much
|c| asldkfjlkj|usually they at least fight back
|c|★baaste|made win 30 so easy
|
|move|p1a: Kangaskhan|Earthquake|p2a: Golem
|-supereffective|p2a: Golem
|-damage|p2a: Golem|0 fnt
|faint|p2a: Golem
|c| asldkfjlkj|this guy sucked everywhere
|
|switch|p2a: Muk|Muk, L90|198\/372
|turn|41
|c| asldkfjlkj|notice his last attempt to verbally joust
|c| asldkfjlkj|was quoting me
|c| asldkfjlkj|and then saying nothing
|c| asldkfjlkj|looool
|c|★baaste|he never even saw my caterpie
|
|move|p1a: Kangaskhan|Earthquake|p2a: Muk
|-supereffective|p2a: Muk
|-damage|p2a: Muk|56\/372
|move|p2a: Muk|Body Slam|p1a: Kangaskhan
|-damage|p1a: Kangaskhan|153\/352
|
|turn|42
|c| asldkfjlkj|get sat the fuuck down
|
|move|p1a: Kangaskhan|Hyper Beam|p2a: Muk
|-crit|p2a: Muk
|-damage|p2a: Muk|0 fnt
|faint|p2a: Muk
|
|win|baaste
|raw|Ladder updating...
|c| asldkfjlkj|easyyy
|c|★baaste|^^^^
|leave|Dervodel
|player|p2
|raw|Ladder (probably) updated, but score could not be retrieved (Response not received).