|j|Reverb
|j|sp1821sp
|player|p1|Reverb|#reverb
|player|p2|sp1821sp|282
|gametype|singles
|gen|1
|tier|[Gen 1] OU
|rated
|seed|64212,55696,8417,57993
|rule|Sleep Clause Mod: Limit one foe put to sleep
|rule|Freeze Clause Mod: Limit one foe frozen
|rule|Species Clause: Limit one of each Pokémon
|rule|OHKO Clause: OHKO moves are banned
|rule|Evasion Moves Clause: Evasion moves are banned
|rule|HP Percentage Mod: HP is shown in percentages
|
|start
|switch|p1a: Jynx|Jynx|333\/333
|switch|p2a: Jynx|Jynx|333\/333
|turn|1
|choice|move 1|move 2
|
|move|p1a: Jynx|Lovely Kiss|p2a: Jynx|[miss]
|-miss|p1a: Jynx
|move|p2a: Jynx|Lovely Kiss|p1a: Jynx
|-status|p1a: Jynx|slp
|
|turn|2
|choice|move 1|move 4
|
|cant|p1a: Jynx|slp
|move|p2a: Jynx|Psychic|p1a: Jynx
|-crit|p1a: Jynx
|-resisted|p1a: Jynx
|-damage|p1a: Jynx|239\/333 slp
|
|turn|3
|choice|move 1|move 4
|
|cant|p1a: Jynx|slp
|move|p2a: Jynx|Psychic|p1a: Jynx
|-resisted|p1a: Jynx
|-damage|p1a: Jynx|184\/333 slp
|
|turn|4
|choice|move 1|move 4
|
|move|p2a: Jynx|Psychic|p1a: Jynx
|-resisted|p1a: Jynx
|-damage|p1a: Jynx|134\/333 slp
|cant|p1a: Jynx|slp
|
|turn|5
|choice|move 1|move 4
|
|move|p2a: Jynx|Psychic|p1a: Jynx
|-resisted|p1a: Jynx
|-damage|p1a: Jynx|82\/333 slp
|cant|p1a: Jynx|slp
|
|turn|6
|choice|switch 4|move 4
|
|switch|p1a: Chansey|Chansey|703\/703
|move|p2a: Jynx|Psychic|p1a: Chansey
|-damage|p1a: Chansey|603\/703
|
|turn|7
|choice|move 1|move 1
|
|move|p2a: Jynx|Ice Beam|p1a: Chansey
|-crit|p1a: Chansey
|-damage|p1a: Chansey|407\/703
|move|p1a: Chansey|Thunder Wave|p2a: Jynx
|-status|p2a: Jynx|par
|
|turn|8
|choice|move 4|move 1
|
|move|p1a: Chansey|Soft-Boiled|p1a: Chansey
|-heal|p1a: Chansey|703\/703
|move|p2a: Jynx|Ice Beam|p1a: Chansey
|-damage|p1a: Chansey|598\/703
|-status|p1a: Chansey|frz
|
|turn|9
|c|★Reverb|:\/
|choice|switch 3|switch 3
|
|switch|p1a: Snorlax|Snorlax|523\/523
|switch|p2a: Alakazam|Alakazam|313\/313
|
|turn|10
|choice|move 1|move 3
|
|move|p2a: Alakazam|Reflect|p2a: Alakazam
|-start|p2a: Alakazam|Reflect
|move|p1a: Snorlax|Body Slam|p2a: Alakazam
|-damage|p2a: Alakazam|222\/313
|
|turn|11
|choice|move 1|move 1
|
|move|p2a: Alakazam|Psychic|p1a: Snorlax
|-crit|p1a: Snorlax
|-damage|p1a: Snorlax|210\/523
|move|p1a: Snorlax|Body Slam|p2a: Alakazam
|-damage|p2a: Alakazam|136\/313
|
|turn|12
|choice|move 4|move 2
|
|move|p2a: Alakazam|Recover|p2a: Alakazam
|-heal|p2a: Alakazam|292\/313
|move|p1a: Snorlax|Self-Destruct|p2a: Alakazam
|-damage|p2a: Alakazam|31\/313
|faint|p1a: Snorlax
|choice|switch 6|
|
|switch|p1a: Persian|Persian|333\/333
|turn|13
|choice|move 1|move 2
|
|move|p2a: Alakazam|Recover|p2a: Alakazam
|-heal|p2a: Alakazam|187\/313
|move|p1a: Persian|Slash|p2a: Alakazam
|-crit|p2a: Alakazam
|-damage|p2a: Alakazam|0 fnt
|faint|p2a: Alakazam
|choice||switch 4
|
|switch|p2a: Gengar|Gengar|323\/323
|turn|14
|choice|switch 2|move 4
|
|switch|p1a: Exeggutor|Exeggutor|393\/393
|move|p2a: Gengar|Psychic|p1a: Exeggutor
|-resisted|p1a: Exeggutor
|-damage|p1a: Exeggutor|354\/393
|
|turn|15
|choice|move 3|switch 3
|
|switch|p2a: Jynx|Jynx|333\/333 par
|move|p1a: Exeggutor|Psychic|p2a: Jynx
|-resisted|p2a: Jynx
|-damage|p2a: Jynx|273\/333 par
|
|turn|16
|choice|switch 5|move 1
|
|switch|p1a: Tauros|Tauros|353\/353
|move|p2a: Jynx|Ice Beam|p1a: Tauros
|-damage|p1a: Tauros|226\/353
|
|turn|17
|choice|move 4|move 4
|
|move|p1a: Tauros|Hyper Beam|p2a: Jynx
|-damage|p2a: Jynx|0 fnt
|faint|p2a: Jynx
|choice||switch 5
|
|switch|p2a: Rhydon|Rhydon|413\/413
|turn|18
|choice|move 3|move 1
|
|move|p1a: Tauros|Blizzard|p2a: Rhydon
|-crit|p2a: Rhydon
|-supereffective|p2a: Rhydon
|-damage|p2a: Rhydon|0 fnt
|faint|p2a: Rhydon
|choice||switch 3
|
|switch|p2a: Gengar|Gengar|323\/323
|turn|19
|choice|move 2|move 1
|
|move|p2a: Gengar|Explosion|p1a: Tauros
|-damage|p1a: Tauros|27\/353
|faint|p2a: Gengar
|choice||switch 6
|
|switch|p2a: Tauros|Tauros|353\/353
|turn|20
|choice|switch 5|move 2
|
|switch|p1a: Exeggutor|Exeggutor|354\/393
|move|p2a: Tauros|Body Slam|p1a: Exeggutor
|-damage|p1a: Exeggutor|243\/393
|-status|p1a: Exeggutor|par
|
|turn|21
|choice|move 4|move 1
|
|move|p2a: Tauros|Blizzard|p1a: Exeggutor|[miss]
|-miss|p2a: Tauros
|move|p1a: Exeggutor|Explosion|p2a: Tauros
|-crit|p2a: Tauros
|-damage|p2a: Tauros|0 fnt
|faint|p2a: Tauros
|faint|p1a: Exeggutor
|choice|switch 5|switch 2
|
|switch|p1a: Tauros|Tauros|27\/353
|switch|p2a: Chansey|Chansey|703\/703
|turn|22
|choice|move 4|move 3
|
|move|p1a: Tauros|Hyper Beam|p2a: Chansey
|-damage|p2a: Chansey|245\/703
|move|p2a: Chansey|Soft-Boiled|p2a: Chansey
|-heal|p2a: Chansey|596\/703
|
|turn|23
|-mustrecharge|p1a: Tauros
|-mustrecharge|p1a: Tauros
|choice|move 1|move 2
|
|cant|p1a: Tauros|recharge
|move|p2a: Chansey|Ice Beam|p1a: Tauros
|-damage|p1a: Tauros|0 fnt
|faint|p1a: Tauros
|choice|switch 4|
|
|switch|p1a: Jynx|Jynx|82\/333 slp
|turn|24
|choice|move 4|move 2
|
|-curestatus|p1a: Jynx|slp
|move|p2a: Chansey|Ice Beam|p1a: Jynx
|-resisted|p1a: Jynx
|-damage|p1a: Jynx|42\/333
|
|turn|25
|choice|move 4|move 2
|
|move|p1a: Jynx|Rest|p1a: Jynx
|-status|p1a: Jynx|slp
|-heal|p1a: Jynx|333\/333 slp|[silent]
|-status|p1a: Jynx|slp|[from] move: Rest
|move|p2a: Chansey|Ice Beam|p1a: Jynx
|-resisted|p1a: Jynx
|-damage|p1a: Jynx|297\/333 slp
|
|turn|26
|choice|move 2|move 1
|
|cant|p1a: Jynx|slp
|move|p2a: Chansey|Reflect|p2a: Chansey
|-start|p2a: Chansey|Reflect
|
|turn|27
|choice|move 1|move 4
|
|-curestatus|p1a: Jynx|slp
|move|p2a: Chansey|Thunder Wave|p1a: Jynx
|-status|p1a: Jynx|par
|
|turn|28
|choice|move 1|move 2
|
|move|p2a: Chansey|Ice Beam|p1a: Jynx
|-resisted|p1a: Jynx
|-damage|p1a: Jynx|257\/333 par
|move|p1a: Jynx|Lovely Kiss|p2a: Chansey|[miss]
|-miss|p1a: Jynx
|
|turn|29
|choice|move 1|move 2
|
|move|p2a: Chansey|Ice Beam|p1a: Jynx
|-resisted|p1a: Jynx
|-damage|p1a: Jynx|216\/333 par
|cant|p1a: Jynx|par
|
|turn|30
|choice|move 4|move 2
|
|move|p2a: Chansey|Ice Beam|p1a: Jynx
|-resisted|p1a: Jynx
|-damage|p1a: Jynx|175\/333 par
|move|p1a: Jynx|Rest|p1a: Jynx
|-status|p1a: Jynx|slp
|-heal|p1a: Jynx|333\/333 slp|[silent]
|-status|p1a: Jynx|slp|[from] move: Rest
|
|turn|31
|-message|sp1821sp forfeited.
|l|sp1821sp
|
|win|Reverb
|player|p2
|player|p1