|join|DavidXanatos
|join|marcoasd
|player|p1|DavidXanatos|291
|player|p2|marcoasd|265
|gametype|singles
|gen|1
|tier|[Gen 1] OU (beta)
|rated
|rule|Sleep Clause Mod: Limit one foe put to sleep
|rule|Species Clause: Limit one of each Pokemon
|rule|OHKO Clause: OHKO moves are banned
|rule|Moody Clause: Moody is banned
|rule|Evasion Moves Clause: Evasion moves are banned
|rule|Endless Battle Clause: Forcing endless battles is banned
|rule|HP Percentage Mod: HP is reported as percentages
|
|start
|switch|p1a: Alakazam|Alakazam|313\/313
|switch|p2a: Gengar|Gengar|323\/323
|turn|1
|
|switch|p2a: Exeggutor|Exeggutor|393\/393
|move|p1a: Alakazam|Thunder Wave|p2a: Exeggutor
|-status|p2a: Exeggutor|par
|
|turn|2
|
|switch|p2a: Chansey|Chansey|703\/703
|move|p1a: Alakazam|Seismic Toss|p2a: Chansey
|-damage|p2a: Chansey|603\/703
|
|turn|3
|join|Raaaafa
|
|move|p1a: Alakazam|Thunder Wave|p2a: Chansey
|-status|p2a: Chansey|par
|move|p2a: Chansey|Ice Beam|p1a: Alakazam
|-damage|p1a: Alakazam|252\/313
|
|turn|4
|
|move|p1a: Alakazam|Psychic|p2a: Chansey
|-damage|p2a: Chansey|482\/703 par
|move|p2a: Chansey|Ice Beam|p1a: Alakazam
|-damage|p1a: Alakazam|187\/313
|-status|p1a: Alakazam|frz
|
|turn|5
|
|switch|p1a: Snorlax|Snorlax|523\/523
|switch|p2a: Gengar|Gengar|323\/323
|
|turn|6
|
|switch|p1a: Chansey|Chansey|703\/703
|move|p2a: Gengar|Hypnosis|p1a: Chansey|[miss]
|-miss|p2a: Gengar
|
|turn|7
|
|switch|p2a: Chansey|Chansey|482\/703 par
|move|p1a: Chansey|Thunder Wave|p2a: Chansey
|-fail|p2a: Chansey|par
|
|turn|8
|
|switch|p1a: Snorlax|Snorlax|523\/523
|move|p2a: Chansey|Ice Beam|p1a: Snorlax
|-damage|p1a: Snorlax|418\/523
|
|turn|9
|
|switch|p2a: Lapras|Lapras|463\/463
|move|p1a: Snorlax|Earthquake|p2a: Lapras
|-damage|p2a: Lapras|360\/463
|
|turn|10
|
|switch|p1a: Chansey|Chansey|703\/703
|move|p2a: Lapras|Blizzard|p1a: Chansey|[miss]
|-miss|p2a: Lapras
|
|turn|11
|
|switch|p2a: Exeggutor|Exeggutor|393\/393 par
|switch|p1a: Snorlax|Snorlax|418\/523
|
|turn|12
|
|switch|p1a: Chansey|Chansey|703\/703
|move|p2a: Exeggutor|Sleep Powder|p1a: Chansey|[miss]
|-miss|p2a: Exeggutor
|
|turn|13
|
|switch|p2a: Chansey|Chansey|482\/703 par
|move|p1a: Chansey|Ice Beam|p2a: Chansey
|-damage|p2a: Chansey|406\/703 par
|
|turn|14
|
|switch|p1a: Snorlax|Snorlax|418\/523
|switch|p2a: Gengar|Gengar|323\/323
|
|turn|15
|
|move|p2a: Gengar|Hypnosis|p1a: Snorlax|[miss]
|-miss|p2a: Gengar
|move|p1a: Snorlax|Earthquake|p2a: Gengar
|-supereffective|p2a: Gengar
|-damage|p2a: Gengar|108\/323
|
|turn|16
|
|switch|p1a: Alakazam|Alakazam|187\/313 frz
|move|p2a: Gengar|Hypnosis|p1a: Alakazam
|-fail|p1a: Alakazam
|
|turn|17
|
|switch|p1a: Snorlax|Snorlax|418\/523
|move|p2a: Gengar|Thunderbolt|p1a: Snorlax
|-damage|p1a: Snorlax|293\/523
|
|turn|18
|
|move|p2a: Gengar|Hypnosis|p1a: Snorlax|[miss]
|-miss|p2a: Gengar
|move|p1a: Snorlax|Earthquake|p2a: Gengar
|-supereffective|p2a: Gengar
|-damage|p2a: Gengar|0 fnt
|faint|p2a: Gengar
|
|
|switch|p2a: Lapras|Lapras|360\/463
|turn|19
|
|switch|p1a: Chansey|Chansey|703\/703
|move|p2a: Lapras|Blizzard|p1a: Chansey
|-damage|p1a: Chansey|575\/703
|
|turn|20
|
|switch|p2a: Chansey|Chansey|406\/703 par
|move|p1a: Chansey|Thunder Wave|p2a: Chansey
|-fail|p2a: Chansey|par
|
|turn|21
|
|switch|p1a: Snorlax|Snorlax|293\/523
|cant|p2a: Chansey|par
|
|turn|22
|
|switch|p2a: Snorlax|Snorlax|523\/523
|move|p1a: Snorlax|Body Slam|p2a: Snorlax
|-damage|p2a: Snorlax|391\/523
|-status|p2a: Snorlax|par
|
|turn|23
|
|move|p1a: Snorlax|Body Slam|p2a: Snorlax
|-damage|p2a: Snorlax|263\/523 par
|move|p2a: Snorlax|Body Slam|p1a: Snorlax
|-damage|p1a: Snorlax|152\/523
|
|turn|24
|
|switch|p1a: Rhydon|Rhydon|413\/413
|cant|p2a: Snorlax|par
|
|turn|25
|
|switch|p2a: Exeggutor|Exeggutor|393\/393 par
|move|p1a: Rhydon|Earthquake|p2a: Exeggutor
|-resisted|p2a: Exeggutor
|-damage|p2a: Exeggutor|314\/393 par
|
|turn|26
|leave|Raaaafa
|
|switch|p1a: Snorlax|Snorlax|152\/523
|move|p2a: Exeggutor|Sleep Powder|p1a: Snorlax|[miss]
|-miss|p2a: Exeggutor
|
|turn|27
|
|switch|p2a: Lapras|Lapras|360\/463
|move|p1a: Snorlax|Self-Destruct|p2a: Lapras
|-damage|p2a: Lapras|0 fnt
|faint|p2a: Lapras
|faint|p1a: Snorlax
|
|switch|p1a: Tauros|Tauros|353\/353
|switch|p2a: Exeggutor|Exeggutor|314\/393 par
|turn|28
|
|switch|p1a: Chansey|Chansey|575\/703
|move|p2a: Exeggutor|Sleep Powder|p1a: Chansey
|-status|p1a: Chansey|slp
|
|turn|29
|
|switch|p1a: Exeggutor|Exeggutor|393\/393
|move|p2a: Exeggutor|Psychic|p1a: Exeggutor
|-resisted|p1a: Exeggutor
|-damage|p1a: Exeggutor|337\/393
|
|turn|30
|
|switch|p2a: Chansey|Chansey|406\/703 par
|move|p1a: Exeggutor|Psychic|p2a: Chansey
|-damage|p2a: Chansey|289\/703 par
|-unboost|p2a: Chansey|spd|1
|-unboost|p2a: Chansey|spa|1
|
|turn|31
|
|move|p1a: Exeggutor|Psychic|p2a: Chansey
|-crit|p2a: Chansey
|-damage|p2a: Chansey|44\/703 par
|move|p2a: Chansey|Soft-Boiled|p2a: Chansey
|-heal|p2a: Chansey|395\/703 par
|
|turn|32
|
|move|p1a: Exeggutor|Psychic|p2a: Chansey
|-damage|p2a: Chansey|216\/703 par
|move|p2a: Chansey|Soft-Boiled|p2a: Chansey
|-heal|p2a: Chansey|567\/703 par
|
|turn|33
|
|move|p1a: Exeggutor|Psychic|p2a: Chansey
|-damage|p2a: Chansey|402\/703 par
|move|p2a: Chansey|Thunder Wave|p1a: Exeggutor
|-status|p1a: Exeggutor|par
|
|turn|34
|
|move|p1a: Exeggutor|Explosion|p2a: Chansey
|-damage|p2a: Chansey|0 fnt
|faint|p2a: Chansey
|faint|p1a: Exeggutor
|
|switch|p1a: Tauros|Tauros|353\/353
|switch|p2a: Exeggutor|Exeggutor|314\/393 par
|turn|35
|
|move|p1a: Tauros|Blizzard|p2a: Exeggutor
|-supereffective|p2a: Exeggutor
|-damage|p2a: Exeggutor|174\/393 par
|cant|p2a: Exeggutor|par
|
|turn|36
|
|switch|p2a: Snorlax|Snorlax|263\/523 par
|move|p1a: Tauros|Hyper Beam|p2a: Snorlax
|-damage|p2a: Snorlax|42\/523 par
|
|turn|37
|
|cant|p1a: Tauros|recharge
|move|p2a: Snorlax|Self-Destruct|p1a: Tauros
|-damage|p1a: Tauros|8\/353
|faint|p2a: Snorlax
|
|switch|p2a: Tauros|Tauros|353\/353
|turn|38
|
|move|p2a: Tauros|Earthquake|p1a: Tauros
|-crit|p1a: Tauros
|-damage|p1a: Tauros|0 fnt
|faint|p1a: Tauros
|
|
|switch|p1a: Rhydon|Rhydon|413\/413
|turn|39
|
|move|p2a: Tauros|Blizzard|p1a: Rhydon
|-supereffective|p1a: Rhydon
|-damage|p1a: Rhydon|161\/413
|move|p1a: Rhydon|Body Slam|p2a: Tauros
|-damage|p2a: Tauros|273\/353
|
|turn|40
|
|move|p2a: Tauros|Blizzard|p1a: Rhydon
|-crit|p1a: Rhydon
|-supereffective|p1a: Rhydon
|-damage|p1a: Rhydon|0 fnt
|faint|p1a: Rhydon
|
|
|switch|p1a: Chansey|Chansey|575\/703 slp
|turn|41
|
|move|p2a: Tauros|Body Slam|p1a: Chansey
|-crit|p1a: Chansey
|-damage|p1a: Chansey|44\/703 slp
|cant|p1a: Chansey|slp
|
|turn|42
|
|move|p2a: Tauros|Body Slam|p1a: Chansey
|-crit|p1a: Chansey
|-damage|p1a: Chansey|0 fnt
|faint|p1a: Chansey
|
|
|switch|p1a: Alakazam|Alakazam|187\/313 frz
|turn|43
|chat|marcoasd|gg
|
|cant|p1a: Alakazam|frz
|move|p2a: Tauros|Body Slam|p1a: Alakazam
|-damage|p1a: Alakazam|31\/313 frz
|
|turn|44
|chat|DavidXanatos|gg wp
|
|cant|p1a: Alakazam|frz
|move|p2a: Tauros|Body Slam|p1a: Alakazam
|-damage|p1a: Alakazam|0 fnt
|faint|p1a: Alakazam
|
|win|marcoasd
|raw|Ladder updating...
|raw|DavidXanatos's rating: 1408 &rarr; <strong>1392<\/strong><br \/>(-16 for losing)
|raw|marcoasd's rating: 1473 &rarr; <strong>1489<\/strong><br \/>(+16 for winning)
|leave|marcoasd
|player|p2