|join|utut
|join|dpschreber
|player|p1|utut|153
|player|p2|dpschreber|166
|gametype|singles
|gen|1
|tier|[Gen 1] Random Battle
|rated
|rule|Sleep Clause Mod: Limit one foe put to sleep
|rule|Freeze Clause Mod: Limit one foe frozen
|rule|HP Percentage Mod: HP is shown in percentages
|
|start
|switch|p1a: Growlithe|Growlithe, L96|300\/300
|switch|p2a: Wigglytuff|Wigglytuff, L85|412\/412
|turn|1
|
|move|p1a: Growlithe|Reflect|p1a: Growlithe
|-start|p1a: Growlithe|Reflect
|move|p2a: Wigglytuff|Body Slam|p1a: Growlithe
|-damage|p1a: Growlithe|250\/300
|-status|p1a: Growlithe|par
|
|turn|2
|
|switch|p2a: Tentacruel|Tentacruel, L85|310\/310
|move|p1a: Growlithe|Body Slam|p2a: Tentacruel
|-damage|p2a: Tentacruel|242\/310
|-status|p2a: Tentacruel|par
|
|turn|3
|
|cant|p2a: Tentacruel|par
|move|p1a: Growlithe|Body Slam|p2a: Tentacruel
|-damage|p2a: Tentacruel|168\/310 par
|
|turn|4
|
|cant|p2a: Tentacruel|par
|cant|p1a: Growlithe|par
|
|turn|5
|
|move|p2a: Tentacruel|Hydro Pump|p1a: Growlithe
|-supereffective|p1a: Growlithe
|-damage|p1a: Growlithe|0 fnt
|faint|p1a: Growlithe
|
|switch|p1a: Electabuzz|Electabuzz, L85|284\/284
|turn|6
|
|switch|p2a: Wigglytuff|Wigglytuff, L85|412\/412
|move|p1a: Electabuzz|Thunderbolt|p2a: Wigglytuff
|-damage|p2a: Wigglytuff|291\/412
|
|turn|7
|
|move|p1a: Electabuzz|Thunder Wave|p2a: Wigglytuff
|-status|p2a: Wigglytuff|par
|move|p2a: Wigglytuff|Thunder Wave|p1a: Electabuzz
|-status|p1a: Electabuzz|par
|
|turn|8
|
|cant|p1a: Electabuzz|par
|move|p2a: Wigglytuff|Body Slam|p1a: Electabuzz
|-damage|p1a: Electabuzz|190\/284 par
|
|turn|9
|
|move|p1a: Electabuzz|Seismic Toss|p2a: Wigglytuff
|-damage|p2a: Wigglytuff|206\/412 par
|move|p2a: Wigglytuff|Body Slam|p1a: Electabuzz
|-crit|p1a: Electabuzz
|-damage|p1a: Electabuzz|0 fnt
|faint|p1a: Electabuzz
|
|switch|p1a: Machoke|Machoke, L85|310\/310
|turn|10
|
|move|p1a: Machoke|Submission|p2a: Wigglytuff
|-crit|p2a: Wigglytuff
|-supereffective|p2a: Wigglytuff
|-damage|p2a: Wigglytuff|0 fnt
|-damage|p1a: Machoke|259\/310|[from] recoil|[of] p2a: Wigglytuff
|faint|p2a: Wigglytuff
|
|switch|p2a: Mewtwo|Mewtwo, L70|293\/293
|turn|11
|
|move|p2a: Mewtwo|Psychic|p1a: Machoke
|-supereffective|p1a: Machoke
|-damage|p1a: Machoke|4\/310
|-unboost|p1a: Machoke|spd|1
|-unboost|p1a: Machoke|spa|1
|move|p1a: Machoke|Earthquake|p2a: Mewtwo
|-damage|p2a: Mewtwo|209\/293
|
|turn|12
|
|move|p2a: Mewtwo|Psychic|p1a: Machoke
|-supereffective|p1a: Machoke
|-damage|p1a: Machoke|0 fnt
|faint|p1a: Machoke
|
|switch|p1a: Magmar|Magmar, L85|284\/284
|turn|13
|c|★utut|unchill. mewtwo is a cheat code
|
|switch|p2a: Nidorino|Nidorino, L90|293\/293
|move|p1a: Magmar|Confuse Ray|p2a: Nidorino
|-start|p2a: Nidorino|confusion
|
|turn|14
|
|switch|p2a: Growlithe|Growlithe, L96|300\/300
|move|p1a: Magmar|Fire Blast|p2a: Growlithe
|-resisted|p2a: Growlithe
|-damage|p2a: Growlithe|224\/300
|
|turn|15
|
|move|p1a: Magmar|Confuse Ray|p2a: Growlithe
|-start|p2a: Growlithe|confusion
|-activate|p2a: Growlithe|confusion
|-damage|p2a: Growlithe|182\/300|[from] confusion
|
|turn|16
|
|move|p1a: Magmar|Body Slam|p2a: Growlithe
|-crit|p2a: Growlithe
|-damage|p2a: Growlithe|34\/300
|-status|p2a: Growlithe|par
|-activate|p2a: Growlithe|confusion
|move|p2a: Growlithe|Body Slam|p1a: Magmar
|-crit|p1a: Magmar
|-damage|p1a: Magmar|125\/284
|
|turn|17
|c|★utut|hahahahhahahahahhahaha
|
|move|p1a: Magmar|Body Slam|p2a: Growlithe
|-damage|p2a: Growlithe|0 fnt
|faint|p2a: Growlithe
|c|★utut|you always get crits
|c|★utut|i find that funny
|
|switch|p2a: Tentacruel|Tentacruel, L85|168\/310 par
|turn|18
|
|move|p1a: Magmar|Confuse Ray|p2a: Tentacruel
|-start|p2a: Tentacruel|confusion
|-activate|p2a: Tentacruel|confusion
|-damage|p2a: Tentacruel|136\/310 par|[from] confusion
|
|turn|19
|
|move|p1a: Magmar|Body Slam|p2a: Tentacruel
|-damage|p2a: Tentacruel|65\/310 par
|-activate|p2a: Tentacruel|confusion
|-damage|p2a: Tentacruel|33\/310 par|[from] confusion
|
|turn|20
|
|move|p1a: Magmar|Body Slam|p2a: Tentacruel
|-crit|p2a: Tentacruel
|-damage|p2a: Tentacruel|0 fnt
|faint|p2a: Tentacruel
|
|switch|p2a: Nidorino|Nidorino, L90|293\/293
|turn|21
|
|move|p1a: Magmar|Confuse Ray|p2a: Nidorino
|-start|p2a: Nidorino|confusion
|-activate|p2a: Nidorino|confusion
|-damage|p2a: Nidorino|257\/293|[from] confusion
|
|turn|22
|
|move|p1a: Magmar|Fire Blast|p2a: Nidorino
|-damage|p2a: Nidorino|111\/293
|-activate|p2a: Nidorino|confusion
|-damage|p2a: Nidorino|75\/293|[from] confusion
|
|turn|23
|
|move|p1a: Magmar|Fire Blast|p2a: Nidorino
|-crit|p2a: Nidorino
|-damage|p2a: Nidorino|0 fnt
|faint|p2a: Nidorino
|
|switch|p2a: Mewtwo|Mewtwo, L70|209\/293
|turn|24
|
|move|p2a: Mewtwo|Psychic|p1a: Magmar
|-damage|p1a: Magmar|27\/284
|-unboost|p1a: Magmar|spd|1
|-unboost|p1a: Magmar|spa|1
|move|p1a: Magmar|Confuse Ray|p2a: Mewtwo
|-start|p2a: Mewtwo|confusion
|
|turn|25
|
|-activate|p2a: Mewtwo|confusion
|move|p2a: Mewtwo|Psychic|p1a: Magmar
|-crit|p1a: Magmar
|-damage|p1a: Magmar|0 fnt
|faint|p1a: Magmar
|
|switch|p1a: Kingler|Kingler, L85|267\/267
|turn|26
|
|-activate|p2a: Mewtwo|confusion
|-damage|p2a: Mewtwo|180\/293|[from] confusion
|move|p1a: Kingler|Crabhammer|p2a: Mewtwo|[miss]
|-miss|p1a: Kingler
|
|turn|27
|
|-end|p2a: Mewtwo|confusion
|move|p2a: Mewtwo|Barrier|p2a: Mewtwo
|-boost|p2a: Mewtwo|def|2
|move|p1a: Kingler|Crabhammer|p2a: Mewtwo
|-crit|p2a: Mewtwo
|-damage|p2a: Mewtwo|67\/293
|
|turn|28
|
|move|p2a: Mewtwo|Psychic|p1a: Kingler
|-crit|p1a: Kingler
|-damage|p1a: Kingler|17\/267
|-unboost|p1a: Kingler|spd|1
|-unboost|p1a: Kingler|spa|1
|move|p1a: Kingler|Crabhammer|p2a: Mewtwo
|-crit|p2a: Mewtwo
|-damage|p2a: Mewtwo|0 fnt
|faint|p2a: Mewtwo
|
|switch|p2a: Articuno|Articuno, L79|304\/304
|turn|29
|
|move|p2a: Articuno|Ice Beam|p1a: Kingler
|-resisted|p1a: Kingler
|-damage|p1a: Kingler|0 fnt
|faint|p1a: Kingler
|
|switch|p1a: Venomoth|Venomoth, L85|293\/293
|turn|30
|c|★utut|gg
|
|move|p1a: Venomoth|Sleep Powder|p2a: Articuno
|-status|p2a: Articuno|slp
|cant|p2a: Articuno|slp
|
|turn|31
|c|★dpschreber|gg
|
|move|p1a: Venomoth|Psychic|p2a: Articuno
|-damage|p2a: Articuno|254\/304 slp
|cant|p2a: Articuno|slp
|
|turn|32
|
|move|p1a: Venomoth|Psychic|p2a: Articuno
|-damage|p2a: Articuno|202\/304 slp
|cant|p2a: Articuno|slp
|
|turn|33
|
|move|p1a: Venomoth|Psychic|p2a: Articuno
|-damage|p2a: Articuno|152\/304 slp
|cant|p2a: Articuno|slp
|
|turn|34
|
|move|p1a: Venomoth|Psychic|p2a: Articuno
|-damage|p2a: Articuno|95\/304 slp
|cant|p2a: Articuno|slp
|
|turn|35
|
|move|p1a: Venomoth|Psychic|p2a: Articuno
|-damage|p2a: Articuno|43\/304 slp
|cant|p2a: Articuno|slp
|-curestatus|p2a: Articuno|slp
|
|turn|36
|
|move|p1a: Venomoth|Psychic|p2a: Articuno
|-crit|p2a: Articuno
|-damage|p2a: Articuno|0 fnt
|faint|p2a: Articuno
|
|win|utut
|raw|Ladder updating...
|raw|utut's rating: 1107 &rarr; <strong>1130<\/strong><br \/>(+23 for winning)
|raw|dpschreber's rating: 1070 &rarr; <strong>1052<\/strong><br \/>(-18 for losing)
|c|★utut|haha
|c|★utut|that was lucky
|c|★utut|gg
|leave|dpschreber
|player|p2