|join|barbows
|join|MALESANI
|player|p1|barbows|170
|player|p2|MALESANI|238
|gametype|singles
|gen|1
|tier|[Gen 1] Random Battle
|rated
|seed|31693,21905,35933,54656
|rule|Sleep Clause Mod: Limit one foe put to sleep
|rule|Freeze Clause Mod: Limit one foe frozen
|rule|HP Percentage Mod: HP is shown in percentages
|
|start
|switch|p1a: Marowak|Marowak, L90|291\/291
|switch|p2a: Hitmonlee|Hitmonlee, L90|273\/273
|turn|1
|choice|move Earthquake|move 1
|
|move|p2a: Hitmonlee|High Jump Kick|p1a: Marowak
|-crit|p1a: Marowak
|-damage|p1a: Marowak|99\/291
|move|p1a: Marowak|Earthquake|p2a: Hitmonlee
|-damage|p2a: Hitmonlee|150\/273
|
|turn|2
|choice|move Earthquake|move 3
|
|move|p2a: Hitmonlee|Seismic Toss|p1a: Marowak
|-damage|p1a: Marowak|9\/291
|move|p1a: Marowak|Earthquake|p2a: Hitmonlee
|-damage|p2a: Hitmonlee|8\/273
|
|turn|3
|choice|move Earthquake|move 3
|
|move|p2a: Hitmonlee|Seismic Toss|p1a: Marowak
|-damage|p1a: Marowak|0 fnt
|faint|p1a: Marowak
|choice|switch 2|
|
|switch|p1a: Moltres|Moltres, L85|327\/327
|turn|4
|choice|move Fire Blast|move 3
|
|move|p2a: Hitmonlee|Seismic Toss|p1a: Moltres
|-damage|p1a: Moltres|237\/327
|move|p1a: Moltres|Fire Blast|p2a: Hitmonlee
|-damage|p2a: Hitmonlee|0 fnt
|faint|p2a: Hitmonlee
|choice||switch 4
|
|switch|p2a: Starmie|Starmie, L79|257\/257
|turn|5
|choice|switch 5|move 4
|
|switch|p1a: Snorlax|Snorlax, L79|415\/415
|move|p2a: Starmie|Thunder Wave|p1a: Snorlax
|-status|p1a: Snorlax|par
|
|turn|6
|choice|move Amnesia|move 2
|
|move|p2a: Starmie|Thunderbolt|p1a: Snorlax
|-damage|p1a: Snorlax|334\/415 par
|move|p1a: Snorlax|Amnesia|p1a: Snorlax
|-boost|p1a: Snorlax|spd|2
|-boost|p1a: Snorlax|spa|2
|
|turn|7
|choice|move Amnesia|switch 3
|
|switch|p2a: Graveler|Graveler, L85|267\/267
|move|p1a: Snorlax|Amnesia|p1a: Snorlax
|-boost|p1a: Snorlax|spd|2
|-boost|p1a: Snorlax|spa|2
|
|turn|8
|choice|move Blizzard|move 1
|
|move|p2a: Graveler|Explosion|p1a: Snorlax
|-damage|p1a: Snorlax|30\/415 par
|faint|p2a: Graveler
|choice||switch 3
|
|switch|p2a: Starmie|Starmie, L79|257\/257
|turn|9
|choice|move Thunderbolt|move 2
|
|move|p2a: Starmie|Thunderbolt|p1a: Snorlax
|-crit|p1a: Snorlax
|-damage|p1a: Snorlax|0 fnt
|faint|p1a: Snorlax
|choice|switch 6|
|
|switch|p1a: Jolteon|Jolteon, L79|265\/265
|turn|10
|choice|move Thunderbolt|switch 5
|
|switch|p2a: Raichu|Raichu, L85|276\/276
|move|p1a: Jolteon|Thunderbolt|p2a: Raichu
|-crit|p2a: Raichu
|-resisted|p2a: Raichu
|-damage|p2a: Raichu|182\/276
|
|turn|11
|choice|move Body Slam|move 3
|
|move|p1a: Jolteon|Body Slam|p2a: Raichu
|-crit|p2a: Raichu
|-damage|p2a: Raichu|80\/276
|move|p2a: Raichu|Thunder Wave|p1a: Jolteon
|-status|p1a: Jolteon|par
|
|turn|12
|choice|move Body Slam|switch 6
|
|switch|p2a: Porygon|Porygon, L85|284\/284
|move|p1a: Jolteon|Body Slam|p2a: Porygon
|-damage|p2a: Porygon|237\/284
|
|turn|13
|choice|switch 4|move 2
|
|switch|p1a: Primeape|Primeape, L90|300\/300
|move|p2a: Porygon|Hyper Beam|p1a: Primeape
|-crit|p1a: Primeape
|-damage|p1a: Primeape|40\/300
|
|turn|14
|-mustrecharge|p2a: Porygon
|-mustrecharge|p2a: Porygon
|choice|move Submission|move 1
|
|move|p1a: Primeape|Submission|p2a: Porygon
|-supereffective|p2a: Porygon
|-damage|p2a: Porygon|9\/284
|-damage|p1a: Primeape|0 fnt|[from] recoil|[of] p2a: Porygon
|faint|p1a: Primeape
|choice|switch 5|
|
|switch|p1a: Moltres|Moltres, L85|237\/327
|turn|15
|-mustrecharge|p2a: Porygon
|-mustrecharge|p2a: Porygon
|choice|move Fire Blast|move 1
|
|move|p1a: Moltres|Fire Blast|p2a: Porygon|[miss]
|-miss|p1a: Moltres
|cant|p2a: Porygon|recharge
|
|turn|16
|choice|move Fire Blast|switch 5
|
|switch|p2a: Starmie|Starmie, L79|257\/257
|move|p1a: Moltres|Fire Blast|p2a: Starmie
|-resisted|p2a: Starmie
|-damage|p2a: Starmie|178\/257
|
|turn|17
|choice|move Hyper Beam|move 3
|
|move|p2a: Starmie|Blizzard|p1a: Moltres
|-supereffective|p1a: Moltres
|-damage|p1a: Moltres|114\/327
|move|p1a: Moltres|Hyper Beam|p2a: Starmie
|-damage|p2a: Starmie|65\/257
|
|turn|18
|-mustrecharge|p1a: Moltres
|-mustrecharge|p1a: Moltres
|choice|move Recharge|move 1
|
|move|p2a: Starmie|Recover|p2a: Starmie
|-heal|p2a: Starmie|193\/257
|cant|p1a: Moltres|recharge
|
|turn|19
|choice|move Fire Blast|move 4
|
|move|p2a: Starmie|Thunder Wave|p1a: Moltres
|-status|p1a: Moltres|par
|move|p1a: Moltres|Fire Blast|p2a: Starmie
|-resisted|p2a: Starmie
|-damage|p2a: Starmie|112\/257
|
|turn|20
|choice|move Hyper Beam|move 1
|
|move|p2a: Starmie|Recover|p2a: Starmie
|-heal|p2a: Starmie|240\/257
|move|p1a: Moltres|Hyper Beam|p2a: Starmie
|-damage|p2a: Starmie|118\/257
|
|turn|21
|-mustrecharge|p1a: Moltres
|-mustrecharge|p1a: Moltres
|choice|move Recharge|move 1
|
|move|p2a: Starmie|Recover|p2a: Starmie
|-heal|p2a: Starmie|246\/257
|cant|p1a: Moltres|recharge
|
|turn|22
|choice|move Fire Blast|move 2
|
|move|p2a: Starmie|Thunderbolt|p1a: Moltres
|-supereffective|p1a: Moltres
|-damage|p1a: Moltres|14\/327 par
|move|p1a: Moltres|Fire Blast|p2a: Starmie
|-resisted|p2a: Starmie
|-damage|p2a: Starmie|166\/257
|-status|p2a: Starmie|brn
|
|turn|23
|choice|move Hyper Beam|move 1
|
|move|p2a: Starmie|Recover|p2a: Starmie
|-heal|p2a: Starmie|257\/257 brn
|-damage|p2a: Starmie|241\/257 brn|[from] brn
|cant|p1a: Moltres|par
|
|turn|24
|choice|move Hyper Beam|move 2
|
|move|p2a: Starmie|Thunderbolt|p1a: Moltres
|-supereffective|p1a: Moltres
|-damage|p1a: Moltres|0 fnt
|faint|p1a: Moltres
|choice|switch 4|
|
|switch|p1a: Jolteon|Jolteon, L79|265\/265 par
|turn|25
|choice|move Thunderbolt|switch 6
|
|switch|p2a: Raichu|Raichu, L85|80\/276
|cant|p1a: Jolteon|par
|
|turn|26
|choice|move Body Slam|move 2
|
|move|p2a: Raichu|Thunderbolt|p1a: Jolteon
|-resisted|p1a: Jolteon
|-damage|p1a: Jolteon|220\/265 par
|move|p1a: Jolteon|Body Slam|p2a: Raichu
|-crit|p2a: Raichu
|-damage|p2a: Raichu|0 fnt
|faint|p2a: Raichu
|choice||switch 5
|
|switch|p2a: Porygon|Porygon, L85|9\/284
|turn|27
|choice|move Body Slam|move 1
|
|move|p2a: Porygon|Recover|p2a: Porygon
|-heal|p2a: Porygon|151\/284
|move|p1a: Jolteon|Body Slam|p2a: Porygon
|-damage|p2a: Porygon|101\/284
|
|turn|28
|choice|move Thunderbolt|move 2
|
|move|p2a: Porygon|Hyper Beam|p1a: Jolteon
|-damage|p1a: Jolteon|55\/265 par
|move|p1a: Jolteon|Thunderbolt|p2a: Porygon
|-damage|p2a: Porygon|0 fnt
|faint|p2a: Porygon
|choice||switch 2
|
|switch|p2a: Moltres|Moltres, L85|327\/327
|turn|29
|choice|move Thunderbolt|move 1
|
|move|p2a: Moltres|Fire Blast|p1a: Jolteon
|-crit|p1a: Jolteon
|-damage|p1a: Jolteon|0 fnt
|faint|p1a: Jolteon
|choice|switch 3|
|
|switch|p1a: Lickitung|Lickitung, L90|345\/345
|turn|30
|choice|move Swords Dance|move 1
|
|move|p2a: Moltres|Fire Blast|p1a: Lickitung
|-damage|p1a: Lickitung|176\/345
|move|p1a: Lickitung|Swords Dance|p1a: Lickitung
|-boost|p1a: Lickitung|atk|2
|
|turn|31
|choice|move Hyper Beam|move 1
|
|move|p2a: Moltres|Fire Blast|p1a: Lickitung
|-damage|p1a: Lickitung|4\/345
|-status|p1a: Lickitung|brn
|move|p1a: Lickitung|Hyper Beam|p2a: Moltres
|-damage|p2a: Moltres|204\/327
|-damage|p1a: Lickitung|0 fnt|[from] brn|[of] p2a: Moltres
|faint|p1a: Lickitung
|
|win|MALESANI
|raw|barbows's rating: 1219 &rarr; <strong>1192<\/strong><br \/>(-27 for losing)
|raw|MALESANI's rating: 1186 &rarr; <strong>1214<\/strong><br \/>(+28 for winning)