|join|kid gf lol
|join|GoldenSandslash15
|player|p1|kid gf lol|167
|player|p2|GoldenSandslash15|25
|gametype|singles
|gen|1
|tier|[Gen 1] OU (beta)
|rated
|rule|Sleep Clause Mod: Limit one foe put to sleep
|rule|Species Clause: Limit one of each Pokemon
|rule|OHKO Clause: OHKO moves are banned
|rule|Moody Clause: Moody is banned
|rule|Evasion Moves Clause: Evasion moves are banned
|rule|Endless Battle Clause: Forcing endless battles is banned.
|rule|HP Percentage Mod: HP is reported as percentages
|
|start
|switch|p1a: Zam Lead|Alakazam|313\/313
|switch|p2a: Alakazam|Alakazam|313\/313
|turn|1
|
|switch|p1a: Breakfast Pouch|Chansey|703\/703
|move|p2a: Alakazam|Thunder Wave|p1a: Breakfast Pouch
|-status|p1a: Breakfast Pouch|par
|
|turn|2
|
|switch|p1a: Result Of Incest|Exeggutor|393\/393
|move|p2a: Alakazam|Reflect|p2a: Alakazam
|
|turn|3
|
|move|p2a: Alakazam|Thunder Wave|p1a: Result Of Incest
|-status|p1a: Result Of Incest|par
|move|p1a: Result Of Incest|Sleep Powder|p2a: Alakazam|[miss]
|-miss|p1a: Result Of Incest
|
|turn|4
|
|switch|p2a: Snorlax|Snorlax|523\/523
|move|p1a: Result Of Incest|Sleep Powder|p2a: Snorlax|[miss]
|-miss|p1a: Result Of Incest
|
|turn|5
|
|move|p2a: Snorlax|Body Slam|p1a: Result Of Incest
|-damage|p1a: Result Of Incest|271\/393 par
|cant|p1a: Result Of Incest|par
|
|turn|6
|
|move|p2a: Snorlax|Body Slam|p1a: Result Of Incest
|-damage|p1a: Result Of Incest|144\/393 par
|move|p1a: Result Of Incest|Sleep Powder|p2a: Snorlax
|-status|p2a: Snorlax|slp
|
|turn|7
|
|switch|p1a: Mvp Tbh|Snorlax|523\/523
|cant|p2a: Snorlax|slp
|
|turn|8
|
|move|p1a: Mvp Tbh|Body Slam|p2a: Snorlax
|-damage|p2a: Snorlax|395\/523 slp
|cant|p2a: Snorlax|slp
|
|turn|9
|
|move|p1a: Mvp Tbh|Body Slam|p2a: Snorlax
|-crit|p2a: Snorlax
|-damage|p2a: Snorlax|105\/523 slp
|cant|p2a: Snorlax|slp
|
|turn|10
|
|cant|p2a: Snorlax|slp
|-curestatus|p2a: Snorlax|slp
|move|p1a: Mvp Tbh|Body Slam|p2a: Snorlax
|-damage|p2a: Snorlax|0 fnt
|faint|p2a: Snorlax
|
|
|switch|p2a: Alakazam|Alakazam|313\/313
|turn|11
|
|move|p2a: Alakazam|Reflect|p2a: Alakazam
|move|p1a: Mvp Tbh|Mimic|p2a: Alakazam
|-start|p1a: Mvp Tbh|Mimic|Thunder Wave
|
|turn|12
|
|move|p2a: Alakazam|Psychic|p1a: Mvp Tbh
|-damage|p1a: Mvp Tbh|337\/523
|move|p1a: Mvp Tbh|Thunder Wave|p2a: Alakazam
|-status|p2a: Alakazam|par
|
|turn|13
|
|switch|p1a: Breakfast Pouch|Chansey|703\/703 par
|move|p2a: Alakazam|Psychic|p1a: Breakfast Pouch
|-damage|p1a: Breakfast Pouch|583\/703 par
|
|turn|14
|
|switch|p2a: Chansey|Chansey|703\/703
|move|p1a: Breakfast Pouch|Thunderbolt|p2a: Chansey
|-damage|p2a: Chansey|630\/703
|
|turn|15
|
|move|p2a: Chansey|Ice Beam|p1a: Breakfast Pouch
|-damage|p1a: Breakfast Pouch|509\/703 par
|move|p1a: Breakfast Pouch|Ice Beam|p2a: Chansey
|-damage|p2a: Chansey|555\/703
|
|turn|16
|
|move|p2a: Chansey|Ice Beam|p1a: Breakfast Pouch
|-damage|p1a: Breakfast Pouch|437\/703 par
|cant|p1a: Breakfast Pouch|par
|
|turn|17
|
|move|p2a: Chansey|Ice Beam|p1a: Breakfast Pouch
|-crit|p1a: Breakfast Pouch
|-damage|p1a: Breakfast Pouch|300\/703 par
|cant|p1a: Breakfast Pouch|par
|
|turn|18
|
|move|p2a: Chansey|Ice Beam|p1a: Breakfast Pouch
|-crit|p1a: Breakfast Pouch
|-damage|p1a: Breakfast Pouch|158\/703 par
|move|p1a: Breakfast Pouch|Soft-Boiled|p1a: Breakfast Pouch
|-heal|p1a: Breakfast Pouch|509\/703 par
|
|turn|19
|
|switch|p2a: Exeggutor|Exeggutor|393\/393
|cant|p1a: Breakfast Pouch|par
|
|turn|20
|
|switch|p1a: Result Of Incest|Exeggutor|144\/393 par
|move|p2a: Exeggutor|Psychic|p1a: Result Of Incest
|-crit|p1a: Result Of Incest
|-resisted|p1a: Result Of Incest
|-damage|p1a: Result Of Incest|47\/393 par
|
|turn|21
|
|move|p2a: Exeggutor|Psychic|p1a: Result Of Incest
|-resisted|p1a: Result Of Incest
|-damage|p1a: Result Of Incest|0 fnt
|faint|p1a: Result Of Incest
|
|
|switch|p1a: Ghastly In Shell|Cloyster|303\/303
|turn|22
|
|move|p1a: Ghastly In Shell|Clamp|p2a: Exeggutor
|-resisted|p2a: Exeggutor
|-damage|p2a: Exeggutor|377\/393
|-activate|p2a: Exeggutor|move: Clamp|[of] p1a: Ghastly In Shell
|cant|p2a: Exeggutor|partiallytrapped
|
|turn|23
|
|move|p1a: Ghastly In Shell|Clamp|p2a: Exeggutor
|-damage|p2a: Exeggutor|361\/393
|cant|p2a: Exeggutor|partiallytrapped
|
|turn|24
|
|move|p1a: Ghastly In Shell|Clamp|p2a: Exeggutor
|-damage|p2a: Exeggutor|345\/393
|cant|p2a: Exeggutor|partiallytrapped
|
|turn|25
|
|move|p1a: Ghastly In Shell|Clamp|p2a: Exeggutor
|-damage|p2a: Exeggutor|329\/393
|cant|p2a: Exeggutor|partiallytrapped
|
|turn|26
|
|move|p1a: Ghastly In Shell|Clamp|p2a: Exeggutor
|-damage|p2a: Exeggutor|313\/393
|cant|p2a: Exeggutor|partiallytrapped
|
|-end|p2a: Exeggutor|Clamp|[partiallytrapped]
|turn|27
|
|switch|p2a: Starmie|Starmie|323\/323
|move|p1a: Ghastly In Shell|Clamp|p2a: Starmie
|-resisted|p2a: Starmie
|-damage|p2a: Starmie|305\/323
|-activate|p2a: Starmie|move: Clamp|[of] p1a: Ghastly In Shell
|
|turn|28
|
|cant|p2a: Starmie|partiallytrapped
|move|p1a: Ghastly In Shell|Clamp|p2a: Starmie
|-damage|p2a: Starmie|287\/323
|
|turn|29
|
|cant|p2a: Starmie|partiallytrapped
|move|p1a: Ghastly In Shell|Clamp|p2a: Starmie
|-damage|p2a: Starmie|269\/323
|
|-end|p2a: Starmie|Clamp|[partiallytrapped]
|turn|30
|
|switch|p1a: Breakfast Pouch|Chansey|509\/703 par
|move|p2a: Starmie|Thunderbolt|p1a: Breakfast Pouch
|-crit|p1a: Breakfast Pouch
|-damage|p1a: Breakfast Pouch|367\/703 par
|
|turn|31
|
|move|p2a: Starmie|Thunderbolt|p1a: Breakfast Pouch
|-damage|p1a: Breakfast Pouch|296\/703 par
|cant|p1a: Breakfast Pouch|par
|
|turn|32
|
|move|p2a: Starmie|Thunderbolt|p1a: Breakfast Pouch
|-damage|p1a: Breakfast Pouch|224\/703 par
|move|p1a: Breakfast Pouch|Soft-Boiled|p1a: Breakfast Pouch
|-heal|p1a: Breakfast Pouch|575\/703 par
|
|turn|33
|
|switch|p2a: Exeggutor|Exeggutor|313\/393
|cant|p1a: Breakfast Pouch|par
|
|turn|34
|
|move|p2a: Exeggutor|Psychic|p1a: Breakfast Pouch
|-damage|p1a: Breakfast Pouch|448\/703 par
|move|p1a: Breakfast Pouch|Ice Beam|p2a: Exeggutor
|-supereffective|p2a: Exeggutor
|-damage|p2a: Exeggutor|178\/393
|
|turn|35
|
|switch|p1a: Ghastly In Shell|Cloyster|303\/303
|move|p2a: Exeggutor|Explosion|p1a: Ghastly In Shell
|-damage|p1a: Ghastly In Shell|137\/303
|faint|p2a: Exeggutor
|
|switch|p2a: Starmie|Starmie|269\/323
|turn|36
|
|switch|p1a: Breakfast Pouch|Chansey|448\/703 par
|move|p2a: Starmie|Thunderbolt|p1a: Breakfast Pouch
|-damage|p1a: Breakfast Pouch|377\/703 par
|
|turn|37
|
|move|p2a: Starmie|Thunderbolt|p1a: Breakfast Pouch
|-damage|p1a: Breakfast Pouch|298\/703 par
|move|p1a: Breakfast Pouch|Soft-Boiled|p1a: Breakfast Pouch
|-heal|p1a: Breakfast Pouch|649\/703 par
|
|turn|38
|
|move|p2a: Starmie|Thunderbolt|p1a: Breakfast Pouch
|-damage|p1a: Breakfast Pouch|579\/703 par
|move|p1a: Breakfast Pouch|Thunderbolt|p2a: Starmie
|-supereffective|p2a: Starmie
|-damage|p2a: Starmie|118\/323
|
|turn|39
|
|switch|p2a: Alakazam|Alakazam|313\/313 par
|move|p1a: Breakfast Pouch|Thunderbolt|p2a: Alakazam
|-damage|p2a: Alakazam|248\/313 par
|
|turn|40
|
|switch|p1a: Zam Lead|Alakazam|313\/313
|move|p2a: Alakazam|Psychic|p1a: Zam Lead
|-crit|p1a: Zam Lead
|-resisted|p1a: Zam Lead
|-damage|p1a: Zam Lead|202\/313
|
|turn|41
|
|move|p1a: Zam Lead|Seismic Toss|p2a: Alakazam
|-damage|p2a: Alakazam|148\/313 par
|move|p2a: Alakazam|Thunder Wave|p1a: Zam Lead
|-status|p1a: Zam Lead|par
|
|turn|42
|
|move|p2a: Alakazam|Recover|p2a: Alakazam
|-heal|p2a: Alakazam|304\/313 par
|cant|p1a: Zam Lead|par
|
|turn|43
|
|cant|p1a: Zam Lead|par
|move|p2a: Alakazam|Psychic|p1a: Zam Lead
|-resisted|p1a: Zam Lead
|-damage|p1a: Zam Lead|149\/313 par
|
|turn|44
|
|move|p2a: Alakazam|Psychic|p1a: Zam Lead
|-crit|p1a: Zam Lead
|-resisted|p1a: Zam Lead
|-damage|p1a: Zam Lead|52\/313 par
|move|p1a: Zam Lead|Recover|p1a: Zam Lead
|-heal|p1a: Zam Lead|208\/313 par
|
|turn|45
|
|cant|p2a: Alakazam|par
|move|p1a: Zam Lead|Recover|p1a: Zam Lead
|-heal|p1a: Zam Lead|313\/313 par
|
|turn|46
|
|switch|p2a: Chansey|Chansey|555\/703
|move|p1a: Zam Lead|Seismic Toss|p2a: Chansey
|-damage|p2a: Chansey|455\/703
|
|turn|47
|
|switch|p1a: Breakfast Pouch|Chansey|579\/703 par
|move|p2a: Chansey|Ice Beam|p1a: Breakfast Pouch
|-damage|p1a: Breakfast Pouch|498\/703 par
|
|turn|48
|
|move|p2a: Chansey|Ice Beam|p1a: Breakfast Pouch
|-damage|p1a: Breakfast Pouch|428\/703 par
|move|p1a: Breakfast Pouch|Ice Beam|p2a: Chansey
|-damage|p2a: Chansey|383\/703
|
|turn|49
|
|switch|p2a: Alakazam|Alakazam|304\/313 par
|move|p1a: Breakfast Pouch|Ice Beam|p2a: Alakazam
|-damage|p2a: Alakazam|238\/313 par
|
|turn|50
|
|move|p2a: Alakazam|Psychic|p1a: Breakfast Pouch
|-damage|p1a: Breakfast Pouch|311\/703 par
|cant|p1a: Breakfast Pouch|par
|
|turn|51
|
|move|p2a: Alakazam|Psychic|p1a: Breakfast Pouch
|-damage|p1a: Breakfast Pouch|183\/703 par
|move|p1a: Breakfast Pouch|Soft-Boiled|p1a: Breakfast Pouch
|-heal|p1a: Breakfast Pouch|534\/703 par
|
|turn|52
|
|move|p2a: Alakazam|Psychic|p1a: Breakfast Pouch
|-damage|p1a: Breakfast Pouch|409\/703 par
|cant|p1a: Breakfast Pouch|par
|
|turn|53
|
|cant|p2a: Alakazam|par
|move|p1a: Breakfast Pouch|Soft-Boiled|p1a: Breakfast Pouch
|-heal|p1a: Breakfast Pouch|703\/703 par
|
|turn|54
|join|_Zero7_
|
|switch|p1a: Zam Lead|Alakazam|313\/313 par
|move|p2a: Alakazam|Psychic|p1a: Zam Lead
|-resisted|p1a: Zam Lead
|-damage|p1a: Zam Lead|264\/313 par
|
|turn|55
|
|move|p2a: Alakazam|Psychic|p1a: Zam Lead
|-resisted|p1a: Zam Lead
|-damage|p1a: Zam Lead|212\/313 par
|move|p1a: Zam Lead|Seismic Toss|p2a: Alakazam
|-damage|p2a: Alakazam|138\/313 par
|
|turn|56
|
|move|p2a: Alakazam|Recover|p2a: Alakazam
|-heal|p2a: Alakazam|294\/313 par
|cant|p1a: Zam Lead|par
|
|turn|57
|
|move|p1a: Zam Lead|Seismic Toss|p2a: Alakazam
|-damage|p2a: Alakazam|194\/313 par
|move|p2a: Alakazam|Psychic|p1a: Zam Lead
|-resisted|p1a: Zam Lead
|-damage|p1a: Zam Lead|159\/313 par
|-unboost|p1a: Zam Lead|spd|1
|-unboost|p1a: Zam Lead|spa|1
|
|turn|58
|
|move|p1a: Zam Lead|Recover|p1a: Zam Lead
|-heal|p1a: Zam Lead|313\/313 par
|move|p2a: Alakazam|Psychic|p1a: Zam Lead
|-resisted|p1a: Zam Lead
|-damage|p1a: Zam Lead|235\/313 par
|
|turn|59
|
|move|p1a: Zam Lead|Seismic Toss|p2a: Alakazam
|-damage|p2a: Alakazam|94\/313 par
|cant|p2a: Alakazam|par
|
|turn|60
|
|cant|p1a: Zam Lead|par
|move|p2a: Alakazam|Recover|p2a: Alakazam
|-heal|p2a: Alakazam|250\/313 par
|
|turn|61
|
|switch|p2a: Starmie|Starmie|118\/323
|move|p1a: Zam Lead|Seismic Toss|p2a: Starmie
|-damage|p2a: Starmie|18\/323
|
|turn|62
|
|move|p2a: Starmie|Thunderbolt|p1a: Zam Lead
|-damage|p1a: Zam Lead|143\/313 par
|move|p1a: Zam Lead|Thunder Wave|p2a: Starmie
|-status|p2a: Starmie|par
|
|turn|63
|
|move|p1a: Zam Lead|Seismic Toss|p2a: Starmie
|-damage|p2a: Starmie|0 fnt
|faint|p2a: Starmie
|
|
|switch|p2a: Chansey|Chansey|383\/703
|turn|64
|
|switch|p1a: Breakfast Pouch|Chansey|703\/703 par
|move|p2a: Chansey|Ice Beam|p1a: Breakfast Pouch
|-damage|p1a: Breakfast Pouch|628\/703 par
|
|turn|65
|
|move|p2a: Chansey|Soft-Boiled|p2a: Chansey
|-heal|p2a: Chansey|703\/703
|cant|p1a: Breakfast Pouch|par
|
|turn|66
|
|switch|p2a: Alakazam|Alakazam|250\/313 par
|move|p1a: Breakfast Pouch|Ice Beam|p2a: Alakazam
|-damage|p2a: Alakazam|186\/313 par
|
|turn|67
|
|move|p2a: Alakazam|Psychic|p1a: Breakfast Pouch
|-damage|p1a: Breakfast Pouch|508\/703 par
|cant|p1a: Breakfast Pouch|par
|
|turn|68
|
|move|p2a: Alakazam|Psychic|p1a: Breakfast Pouch
|-crit|p1a: Breakfast Pouch
|-damage|p1a: Breakfast Pouch|235\/703 par
|cant|p1a: Breakfast Pouch|par
|
|turn|69
|
|move|p2a: Alakazam|Psychic|p1a: Breakfast Pouch
|-damage|p1a: Breakfast Pouch|115\/703 par
|move|p1a: Breakfast Pouch|Soft-Boiled|p1a: Breakfast Pouch
|-heal|p1a: Breakfast Pouch|466\/703 par
|
|turn|70
|
|move|p2a: Alakazam|Psychic|p1a: Breakfast Pouch
|-damage|p1a: Breakfast Pouch|342\/703 par
|-unboost|p1a: Breakfast Pouch|spd|1
|-unboost|p1a: Breakfast Pouch|spa|1
|move|p1a: Breakfast Pouch|Soft-Boiled|p1a: Breakfast Pouch
|-heal|p1a: Breakfast Pouch|693\/703 par
|
|turn|71
|
|switch|p2a: Chansey|Chansey|703\/703
|move|p1a: Breakfast Pouch|Thunderbolt|p2a: Chansey
|-crit|p2a: Chansey
|-damage|p2a: Chansey|546\/703
|
|turn|72
|
|move|p2a: Chansey|Thunderbolt|p1a: Breakfast Pouch
|-damage|p1a: Breakfast Pouch|577\/703 par
|move|p1a: Breakfast Pouch|Ice Beam|p2a: Chansey
|-damage|p2a: Chansey|500\/703
|
|turn|73
|
|move|p2a: Chansey|Thunderbolt|p1a: Breakfast Pouch
|-damage|p1a: Breakfast Pouch|475\/703 par
|cant|p1a: Breakfast Pouch|par
|
|turn|74
|
|move|p2a: Chansey|Thunderbolt|p1a: Breakfast Pouch
|-damage|p1a: Breakfast Pouch|358\/703 par
|cant|p1a: Breakfast Pouch|par
|
|turn|75
|
|move|p2a: Chansey|Thunderbolt|p1a: Breakfast Pouch
|-crit|p1a: Breakfast Pouch
|-damage|p1a: Breakfast Pouch|201\/703 par
|move|p1a: Breakfast Pouch|Soft-Boiled|p1a: Breakfast Pouch
|-heal|p1a: Breakfast Pouch|552\/703 par
|
|turn|76
|
|move|p2a: Chansey|Thunderbolt|p1a: Breakfast Pouch
|-crit|p1a: Breakfast Pouch
|-damage|p1a: Breakfast Pouch|397\/703 par
|cant|p1a: Breakfast Pouch|par
|
|turn|77
|
|move|p2a: Chansey|Thunderbolt|p1a: Breakfast Pouch
|-damage|p1a: Breakfast Pouch|284\/703 par
|move|p1a: Breakfast Pouch|Soft-Boiled|p1a: Breakfast Pouch
|-heal|p1a: Breakfast Pouch|635\/703 par
|
|turn|78
|
|switch|p1a: Zam Lead|Alakazam|143\/313 par
|move|p2a: Chansey|Thunderbolt|p1a: Zam Lead
|-damage|p1a: Zam Lead|82\/313 par
|
|turn|79
|
|move|p2a: Chansey|Thunderbolt|p1a: Zam Lead
|-damage|p1a: Zam Lead|21\/313 par
|move|p1a: Zam Lead|Recover|p1a: Zam Lead
|-heal|p1a: Zam Lead|177\/313 par
|
|turn|80
|
|move|p2a: Chansey|Thunderbolt|p1a: Zam Lead
|-damage|p1a: Zam Lead|111\/313 par
|cant|p1a: Zam Lead|par
|
|turn|81
|
|move|p2a: Chansey|Thunderbolt|p1a: Zam Lead
|-damage|p1a: Zam Lead|53\/313 par
|move|p1a: Zam Lead|Recover|p1a: Zam Lead
|-heal|p1a: Zam Lead|209\/313 par
|
|turn|82
|
|move|p2a: Chansey|Thunderbolt|p1a: Zam Lead
|-damage|p1a: Zam Lead|143\/313 par
|move|p1a: Zam Lead|Recover|p1a: Zam Lead
|-heal|p1a: Zam Lead|299\/313 par
|
|turn|83
|
|switch|p1a: Breakfast Pouch|Chansey|635\/703 par
|move|p2a: Chansey|Thunderbolt|p1a: Breakfast Pouch
|-damage|p1a: Breakfast Pouch|564\/703 par
|
|turn|84
|
|move|p2a: Chansey|Thunderbolt|p1a: Breakfast Pouch
|-damage|p1a: Breakfast Pouch|492\/703 par
|move|p1a: Breakfast Pouch|Ice Beam|p2a: Chansey
|-crit|p2a: Chansey
|-damage|p2a: Chansey|347\/703
|
|turn|85
|
|move|p2a: Chansey|Soft-Boiled|p2a: Chansey
|-heal|p2a: Chansey|698\/703
|move|p1a: Breakfast Pouch|Ice Beam|p2a: Chansey
|-crit|p2a: Chansey
|-damage|p2a: Chansey|559\/703
|
|turn|86
|
|move|p2a: Chansey|Thunderbolt|p1a: Breakfast Pouch
|-damage|p1a: Breakfast Pouch|411\/703 par
|move|p1a: Breakfast Pouch|Ice Beam|p2a: Chansey
|-damage|p2a: Chansey|484\/703
|
|turn|87
|
|move|p2a: Chansey|Thunderbolt|p1a: Breakfast Pouch
|-damage|p1a: Breakfast Pouch|343\/703 par
|cant|p1a: Breakfast Pouch|par
|
|turn|88
|
|move|p2a: Chansey|Thunderbolt|p1a: Breakfast Pouch
|-damage|p1a: Breakfast Pouch|273\/703 par
|move|p1a: Breakfast Pouch|Soft-Boiled|p1a: Breakfast Pouch
|-heal|p1a: Breakfast Pouch|624\/703 par
|
|turn|89
|
|move|p2a: Chansey|Thunderbolt|p1a: Breakfast Pouch
|-damage|p1a: Breakfast Pouch|554\/703 par
|move|p1a: Breakfast Pouch|Ice Beam|p2a: Chansey
|-damage|p2a: Chansey|404\/703
|
|turn|90
|
|move|p2a: Chansey|Thunderbolt|p1a: Breakfast Pouch
|-damage|p1a: Breakfast Pouch|478\/703 par
|cant|p1a: Breakfast Pouch|par
|
|turn|91
|
|move|p2a: Chansey|Thunderbolt|p1a: Breakfast Pouch
|-damage|p1a: Breakfast Pouch|410\/703 par
|move|p1a: Breakfast Pouch|Ice Beam|p2a: Chansey
|-damage|p2a: Chansey|328\/703
|
|turn|92
|
|move|p2a: Chansey|Soft-Boiled|p2a: Chansey
|-heal|p2a: Chansey|679\/703
|move|p1a: Breakfast Pouch|Ice Beam|p2a: Chansey
|-damage|p2a: Chansey|605\/703
|
|turn|93
|
|move|p2a: Chansey|Thunderbolt|p1a: Breakfast Pouch
|-damage|p1a: Breakfast Pouch|335\/703 par
|move|p1a: Breakfast Pouch|Soft-Boiled|p1a: Breakfast Pouch
|-heal|p1a: Breakfast Pouch|686\/703 par
|
|turn|94
|
|move|p2a: Chansey|Thunderbolt|p1a: Breakfast Pouch
|-damage|p1a: Breakfast Pouch|609\/703 par
|move|p1a: Breakfast Pouch|Ice Beam|p2a: Chansey
|-damage|p2a: Chansey|525\/703
|
|turn|95
|
|move|p2a: Chansey|Thunderbolt|p1a: Breakfast Pouch
|-damage|p1a: Breakfast Pouch|536\/703 par
|move|p1a: Breakfast Pouch|Ice Beam|p2a: Chansey
|-damage|p2a: Chansey|455\/703
|
|turn|96
|
|move|p2a: Chansey|Thunderbolt|p1a: Breakfast Pouch
|-damage|p1a: Breakfast Pouch|459\/703 par
|cant|p1a: Breakfast Pouch|par
|
|turn|97
|
|move|p2a: Chansey|Thunderbolt|p1a: Breakfast Pouch
|-damage|p1a: Breakfast Pouch|389\/703 par
|move|p1a: Breakfast Pouch|Ice Beam|p2a: Chansey
|-damage|p2a: Chansey|379\/703
|
|turn|98
|
|move|p2a: Chansey|Ice Beam|p1a: Breakfast Pouch
|-damage|p1a: Breakfast Pouch|313\/703 par
|move|p1a: Breakfast Pouch|Ice Beam|p2a: Chansey
|-damage|p2a: Chansey|300\/703
|-status|p2a: Chansey|frz
|
|turn|99
|
|switch|p2a: Tauros|Tauros|353\/353
|cant|p1a: Breakfast Pouch|par
|
|turn|100
|
|switch|p1a: Mvp Tbh|Snorlax|337\/523
|move|p2a: Tauros|Body Slam|p1a: Mvp Tbh
|-crit|p1a: Mvp Tbh
|-damage|p1a: Mvp Tbh|75\/523
|
|turn|101
|
|move|p2a: Tauros|Hyper Beam|p1a: Mvp Tbh
|-damage|p1a: Mvp Tbh|0 fnt
|faint|p1a: Mvp Tbh
|
|
|switch|p1a: Future Steak|Tauros|353\/353
|turn|102
|
|move|p1a: Future Steak|Body Slam|p2a: Tauros
|-damage|p2a: Tauros|254\/353
|move|p2a: Tauros|Body Slam|p1a: Future Steak
|-damage|p1a: Future Steak|254\/353
|-status|p1a: Future Steak|par
|
|turn|103
|
|move|p2a: Tauros|Body Slam|p1a: Future Steak
|-damage|p1a: Future Steak|155\/353 par
|cant|p1a: Future Steak|par
|
|turn|104
|
|switch|p1a: Zam Lead|Alakazam|299\/313 par
|move|p2a: Tauros|Hyper Beam|p1a: Zam Lead
|-damage|p1a: Zam Lead|17\/313 par
|
|turn|105
|
|cant|p2a: Tauros|recharge
|cant|p1a: Zam Lead|par
|
|turn|106
|chat|kid gf lol|wow litterally everything goes wrong
|
|move|p2a: Tauros|Body Slam|p1a: Zam Lead
|-damage|p1a: Zam Lead|0 fnt
|faint|p1a: Zam Lead
|
|
|switch|p1a: Ghastly In Shell|Cloyster|137\/303
|turn|107
|
|move|p2a: Tauros|Body Slam|p1a: Ghastly In Shell
|-damage|p1a: Ghastly In Shell|73\/303
|-status|p1a: Ghastly In Shell|par
|move|p1a: Ghastly In Shell|Clamp|p2a: Tauros|[miss]
|-miss|p1a: Ghastly In Shell
|
|turn|108
|chat|kid gf lol|wtf
|
|move|p2a: Tauros|Hyper Beam|p1a: Ghastly In Shell
|-damage|p1a: Ghastly In Shell|0 fnt
|faint|p1a: Ghastly In Shell
|
|
|switch|p1a: Future Steak|Tauros|155\/353 par
|turn|109
|
|move|p2a: Tauros|Hyper Beam|p1a: Future Steak
|-damage|p1a: Future Steak|0 fnt
|faint|p1a: Future Steak
|
|
|switch|p1a: Breakfast Pouch|Chansey|313\/703 par
|turn|110
|
|move|p2a: Tauros|Body Slam|p1a: Breakfast Pouch
|-damage|p1a: Breakfast Pouch|24\/703 par
|move|p1a: Breakfast Pouch|Thunder Wave|p2a: Tauros
|-status|p2a: Tauros|par
|
|turn|111
|
|cant|p2a: Tauros|par
|cant|p1a: Breakfast Pouch|par
|
|turn|112
|
|cant|p2a: Tauros|par
|move|p1a: Breakfast Pouch|Soft-Boiled|p1a: Breakfast Pouch
|-heal|p1a: Breakfast Pouch|375\/703 par
|
|turn|113
|
|move|p2a: Tauros|Hyper Beam|p1a: Breakfast Pouch|[miss]
|-miss|p2a: Tauros
|move|p1a: Breakfast Pouch|Soft-Boiled|p1a: Breakfast Pouch
|-heal|p1a: Breakfast Pouch|703\/703 par
|
|turn|114
|
|move|p2a: Tauros|Body Slam|p1a: Breakfast Pouch
|-crit|p1a: Breakfast Pouch
|-damage|p1a: Breakfast Pouch|154\/703 par
|move|p1a: Breakfast Pouch|Thunderbolt|p2a: Tauros
|-damage|p2a: Tauros|160\/353 par
|
|turn|115
|
|move|p2a: Tauros|Hyper Beam|p1a: Breakfast Pouch
|-damage|p1a: Breakfast Pouch|0 fnt
|faint|p1a: Breakfast Pouch
|
|win|GoldenSandslash15
|raw|Ladder updating...
|raw|kid gf lol's rating: 1285 &rarr; <strong>1251<\/strong><br \/>(-34 for losing)
|raw|GoldenSandslash15's rating: 1157 &rarr; <strong>1190<\/strong><br \/>(+33 for winning)
|leave|kid gf lol
|player|p1