|j|Beds
|j|Peasounay
|player|p1|Beds|252
|player|p2|Peasounay|80
|gametype|singles
|gen|1
|tier|[Gen 1] OU
|seed|5425,40283,34030,23950
|rule|Sleep Clause Mod: Limit one foe put to sleep
|rule|Freeze Clause Mod: Limit one foe frozen
|rule|Species Clause: Limit one of each Pokémon
|rule|OHKO Clause: OHKO moves are banned
|rule|Evasion Moves Clause: Evasion moves are banned
|rule|HP Percentage Mod: HP is shown in percentages
|
|start
|switch|p1a: Starmie|Starmie|323\/323
|switch|p2a: Cuddle Me Plz|Jynx|333\/333
|turn|1
|c|★Beds|gl hf
|c|★Peasounay|u2
|choice|move 3|switch 5
|
|switch|p2a: I Own RBY|Chansey|703\/703
|move|p1a: Starmie|Thunder Wave|p2a: I Own RBY
|-status|p2a: I Own RBY|par
|
|turn|2
|choice|move 2|move 2
|
|move|p1a: Starmie|Psychic|p2a: I Own RBY
|-damage|p2a: I Own RBY|596\/703 par
|cant|p2a: I Own RBY|par
|
|turn|3
|choice|switch 4|move 2
|
|switch|p1a: Chansey|Chansey|703\/703
|move|p2a: I Own RBY|Ice Beam|p1a: Chansey
|-damage|p1a: Chansey|623\/703
|
|turn|4
|choice|move 3|move 2
|
|move|p1a: Chansey|Thunderbolt|p2a: I Own RBY
|-damage|p2a: I Own RBY|522\/703 par
|move|p2a: I Own RBY|Ice Beam|p1a: Chansey
|-damage|p1a: Chansey|552\/703
|
|turn|5
|choice|switch 4|move 1
|
|switch|p1a: Starmie|Starmie|323\/323
|move|p2a: I Own RBY|Soft-Boiled|p2a: I Own RBY
|-heal|p2a: I Own RBY|703\/703 par
|
|turn|6
|choice|move 2|move 2
|
|move|p1a: Starmie|Psychic|p2a: I Own RBY
|-damage|p2a: I Own RBY|603\/703 par
|move|p2a: I Own RBY|Ice Beam|p1a: Starmie
|-resisted|p1a: Starmie
|-damage|p1a: Starmie|285\/323
|
|turn|7
|choice|move 2|move 2
|
|move|p1a: Starmie|Psychic|p2a: I Own RBY
|-damage|p2a: I Own RBY|506\/703 par
|-unboost|p2a: I Own RBY|spd|1
|-unboost|p2a: I Own RBY|spa|1
|move|p2a: I Own RBY|Ice Beam|p1a: Starmie
|-resisted|p1a: Starmie
|-damage|p1a: Starmie|259\/323
|
|turn|8
|choice|move 2|move 1
|
|move|p1a: Starmie|Psychic|p2a: I Own RBY
|-damage|p2a: I Own RBY|355\/703 par
|move|p2a: I Own RBY|Soft-Boiled|p2a: I Own RBY
|-heal|p2a: I Own RBY|703\/703 par
|
|turn|9
|choice|move 2|switch 2
|
|switch|p2a: Wear Candoms Kid|Exeggutor|393\/393
|move|p1a: Starmie|Psychic|p2a: Wear Candoms Kid
|-resisted|p2a: Wear Candoms Kid
|-damage|p2a: Wear Candoms Kid|351\/393
|-unboost|p2a: Wear Candoms Kid|spd|1
|-unboost|p2a: Wear Candoms Kid|spa|1
|
|turn|10
|choice|move 1|switch 2
|
|switch|p2a: I Own RBY|Chansey|703\/703 par
|move|p1a: Starmie|Blizzard|p2a: I Own RBY
|-crit|p2a: I Own RBY
|-damage|p2a: I Own RBY|518\/703 par
|
|turn|11
|choice|move 2|move 1
|
|move|p1a: Starmie|Psychic|p2a: I Own RBY
|-crit|p2a: I Own RBY
|-damage|p2a: I Own RBY|310\/703 par
|-unboost|p2a: I Own RBY|spd|1
|-unboost|p2a: I Own RBY|spa|1
|cant|p2a: I Own RBY|par
|
|turn|12
|choice|move 2|move 1
|
|move|p1a: Starmie|Psychic|p2a: I Own RBY
|-crit|p2a: I Own RBY
|-damage|p2a: I Own RBY|98\/703 par
|-unboost|p2a: I Own RBY|spd|1
|-unboost|p2a: I Own RBY|spa|1
|move|p2a: I Own RBY|Soft-Boiled|p2a: I Own RBY
|-heal|p2a: I Own RBY|449\/703 par
|
|turn|13
|choice|move 1|move 1
|
|move|p1a: Starmie|Blizzard|p2a: I Own RBY
|-damage|p2a: I Own RBY|265\/703 par
|move|p2a: I Own RBY|Soft-Boiled|p2a: I Own RBY
|-heal|p2a: I Own RBY|616\/703 par
|
|turn|14
|choice|move 1|switch 5
|
|switch|p2a: Cuddle Me Plz|Jynx|333\/333
|move|p1a: Starmie|Blizzard|p2a: Cuddle Me Plz|[miss]
|-miss|p1a: Starmie
|
|turn|15
|choice|move 2|switch 5
|
|switch|p2a: I Own RBY|Chansey|616\/703 par
|move|p1a: Starmie|Psychic|p2a: I Own RBY
|-damage|p2a: I Own RBY|518\/703 par
|-unboost|p2a: I Own RBY|spd|1
|-unboost|p2a: I Own RBY|spa|1
|
|turn|16
|choice|switch 6|move 2
|
|switch|p1a: Rhydon|Rhydon|413\/413
|move|p2a: I Own RBY|Ice Beam|p1a: Rhydon
|-supereffective|p1a: Rhydon
|-damage|p1a: Rhydon|263\/413
|-status|p1a: Rhydon|frz
|
|turn|17
|choice|switch 6|move 1
|
|switch|p1a: Starmie|Starmie|259\/323
|move|p2a: I Own RBY|Soft-Boiled|p2a: I Own RBY
|-heal|p2a: I Own RBY|703\/703 par
|
|turn|18
|choice|move 2|switch 5
|
|switch|p2a: Cuddle Me Plz|Jynx|333\/333
|move|p1a: Starmie|Psychic|p2a: Cuddle Me Plz
|-resisted|p2a: Cuddle Me Plz
|-damage|p2a: Cuddle Me Plz|281\/333
|-unboost|p2a: Cuddle Me Plz|spd|1
|-unboost|p2a: Cuddle Me Plz|spa|1
|
|turn|19
|choice|move 2|move 1
|
|move|p1a: Starmie|Psychic|p2a: Cuddle Me Plz
|-resisted|p2a: Cuddle Me Plz
|-damage|p2a: Cuddle Me Plz|204\/333
|move|p2a: Cuddle Me Plz|Lovely Kiss|p1a: Starmie
|-status|p1a: Starmie|slp
|
|turn|20
|choice|switch 4|switch 3
|
|switch|p1a: Chansey|Chansey|552\/703
|switch|p2a: Yo Momma|Snorlax|523\/523
|
|turn|21
|choice|move 2|switch 5
|
|switch|p2a: I Own RBY|Chansey|703\/703 par
|move|p1a: Chansey|Thunder Wave|p2a: I Own RBY
|-fail|p2a: I Own RBY|par
|
|turn|22
|choice|move 3|move 3
|
|move|p1a: Chansey|Thunderbolt|p2a: I Own RBY
|-damage|p2a: I Own RBY|627\/703 par
|move|p2a: I Own RBY|Thunder Wave|p1a: Chansey
|-status|p1a: Chansey|par
|
|turn|23
|choice|move 4|move 2
|
|move|p1a: Chansey|Soft-Boiled|p1a: Chansey
|-heal|p1a: Chansey|703\/703 par
|move|p2a: I Own RBY|Ice Beam|p1a: Chansey
|-crit|p1a: Chansey
|-damage|p1a: Chansey|550\/703 par
|
|turn|24
|choice|move 3|move 2
|
|move|p1a: Chansey|Thunderbolt|p2a: I Own RBY
|-damage|p2a: I Own RBY|550\/703 par
|move|p2a: I Own RBY|Ice Beam|p1a: Chansey
|-damage|p1a: Chansey|475\/703 par
|
|turn|25
|choice|move 1|move 2
|
|move|p1a: Chansey|Ice Beam|p2a: I Own RBY
|-crit|p2a: I Own RBY
|-damage|p2a: I Own RBY|397\/703 par
|cant|p2a: I Own RBY|par
|
|turn|26
|choice|switch 3|move 1
|
|switch|p1a: Tauros|Tauros|353\/353
|cant|p2a: I Own RBY|par
|
|turn|27
|choice|move 1|move 4
|
|move|p1a: Tauros|Body Slam|p2a: I Own RBY
|-damage|p2a: I Own RBY|142\/703 par
|move|p2a: I Own RBY|Counter|p1a: Tauros
|-damage|p1a: Tauros|0 fnt
|faint|p1a: Tauros
|choice|switch 2|
|
|switch|p1a: Exeggutor|Exeggutor|393\/393
|turn|28
|choice|move 4|switch 6
|
|switch|p2a: Shoooryuken!|Starmie|323\/323
|move|p1a: Exeggutor|Psychic|p2a: Shoooryuken!
|-crit|p2a: Shoooryuken!
|-resisted|p2a: Shoooryuken!
|-damage|p2a: Shoooryuken!|210\/323
|
|turn|29
|choice|move 1|switch 6
|
|switch|p2a: I Own RBY|Chansey|142\/703 par
|move|p1a: Exeggutor|Sleep Powder|p2a: I Own RBY
|-fail|p2a: I Own RBY
|
|turn|30
|choice|move 4|move 1
|
|move|p1a: Exeggutor|Psychic|p2a: I Own RBY
|-damage|p2a: I Own RBY|13\/703 par
|-unboost|p2a: I Own RBY|spd|1
|-unboost|p2a: I Own RBY|spa|1
|move|p2a: I Own RBY|Soft-Boiled|p2a: I Own RBY
|-heal|p2a: I Own RBY|364\/703 par
|
|turn|31
|choice|move 4|move 1
|
|move|p1a: Exeggutor|Psychic|p2a: I Own RBY
|-damage|p2a: I Own RBY|171\/703 par
|-unboost|p2a: I Own RBY|spd|1
|-unboost|p2a: I Own RBY|spa|1
|cant|p2a: I Own RBY|par
|
|turn|32
|choice|move 4|move 1
|
|move|p1a: Exeggutor|Psychic|p2a: I Own RBY
|-damage|p2a: I Own RBY|0 fnt
|faint|p2a: I Own RBY
|choice||switch 3
|
|switch|p2a: Cuddle Me Plz|Jynx|204\/333
|turn|33
|choice|move 1|switch 5
|
|switch|p2a: Yo Momma|Snorlax|523\/523
|move|p1a: Exeggutor|Sleep Powder|p2a: Yo Momma
|-status|p2a: Yo Momma|slp
|
|turn|34
|choice|move 2|move 1
|
|move|p1a: Exeggutor|Stun Spore|p2a: Yo Momma|[miss]
|-miss|p1a: Exeggutor
|cant|p2a: Yo Momma|slp
|
|turn|35
|choice|move 2|switch 5
|
|switch|p2a: Cuddle Me Plz|Jynx|204\/333
|move|p1a: Exeggutor|Stun Spore|p2a: Cuddle Me Plz
|-status|p2a: Cuddle Me Plz|par
|
|turn|36
|choice|switch 3|move 2
|
|switch|p1a: Chansey|Chansey|475\/703 par
|move|p2a: Cuddle Me Plz|Blizzard|p1a: Chansey
|-crit|p1a: Chansey
|-damage|p1a: Chansey|219\/703 par
|
|turn|37
|choice|move 4|move 3
|
|move|p2a: Cuddle Me Plz|Psychic|p1a: Chansey
|-damage|p1a: Chansey|115\/703 par
|move|p1a: Chansey|Soft-Boiled|p1a: Chansey
|-heal|p1a: Chansey|466\/703 par
|
|turn|38
|choice|move 1|move 3
|
|move|p2a: Cuddle Me Plz|Psychic|p1a: Chansey
|-crit|p1a: Chansey
|-damage|p1a: Chansey|271\/703 par
|move|p1a: Chansey|Ice Beam|p2a: Cuddle Me Plz
|-resisted|p2a: Cuddle Me Plz
|-damage|p2a: Cuddle Me Plz|165\/333 par
|
|turn|39
|choice|move 4|switch 4
|
|switch|p2a: I'm God|Tauros|353\/353
|move|p1a: Chansey|Soft-Boiled|p1a: Chansey
|-heal|p1a: Chansey|622\/703 par
|
|turn|40
|choice|move 2|switch 5
|
|switch|p2a: Yo Momma|Snorlax|523\/523 slp
|cant|p1a: Chansey|par
|
|turn|41
|choice|switch 5|move 1
|
|switch|p1a: Slowbro|Slowbro|393\/393
|cant|p2a: Yo Momma|slp
|
|turn|42
|choice|move 2|switch 6
|
|switch|p2a: Shoooryuken!|Starmie|210\/323
|move|p1a: Slowbro|Amnesia|p1a: Slowbro
|-boost|p1a: Slowbro|spd|2
|-boost|p1a: Slowbro|spa|2
|
|turn|43
|choice|move 1|move 3
|
|move|p2a: Shoooryuken!|Thunderbolt|p1a: Slowbro
|-supereffective|p1a: Slowbro
|-damage|p1a: Slowbro|314\/393
|move|p1a: Slowbro|Thunder Wave|p2a: Shoooryuken!
|-status|p2a: Shoooryuken!|par
|
|turn|44
|choice|move 2|move 3
|
|move|p1a: Slowbro|Amnesia|p1a: Slowbro
|-boost|p1a: Slowbro|spd|2
|-boost|p1a: Slowbro|spa|2
|cant|p2a: Shoooryuken!|par
|
|turn|45
|choice|move 3|move 3
|
|move|p1a: Slowbro|Surf|p2a: Shoooryuken!
|-resisted|p2a: Shoooryuken!
|-damage|p2a: Shoooryuken!|71\/323 par
|move|p2a: Shoooryuken!|Thunderbolt|p1a: Slowbro
|-supereffective|p1a: Slowbro
|-damage|p1a: Slowbro|259\/393
|
|turn|46
|choice|move 3|move 3
|
|move|p1a: Slowbro|Surf|p2a: Shoooryuken!
|-resisted|p2a: Shoooryuken!
|-damage|p2a: Shoooryuken!|0 fnt
|faint|p2a: Shoooryuken!
|choice||switch 2
|
|switch|p2a: Wear Candoms Kid|Exeggutor|351\/393
|turn|47
|choice|switch 3|move 3
|
|switch|p1a: Exeggutor|Exeggutor|393\/393
|move|p2a: Wear Candoms Kid|Stun Spore|p1a: Exeggutor|[miss]
|-miss|p2a: Wear Candoms Kid
|
|turn|48
|choice|move 4|switch 4
|
|switch|p2a: Cuddle Me Plz|Jynx|165\/333 par
|move|p1a: Exeggutor|Psychic|p2a: Cuddle Me Plz
|-resisted|p2a: Cuddle Me Plz
|-damage|p2a: Cuddle Me Plz|97\/333 par
|
|turn|49
|choice|switch 6|move 2
|
|switch|p1a: Rhydon|Rhydon|263\/413 frz
|move|p2a: Cuddle Me Plz|Blizzard|p1a: Rhydon
|-supereffective|p1a: Rhydon
|-damage|p1a: Rhydon|0 fnt
|faint|p1a: Rhydon
|choice|switch 3|
|
|switch|p1a: Slowbro|Slowbro|259\/393
|turn|50
|choice|move 1|switch 4
|
|switch|p2a: Wear Candoms Kid|Exeggutor|351\/393
|move|p1a: Slowbro|Thunder Wave|p2a: Wear Candoms Kid
|-status|p2a: Wear Candoms Kid|par
|
|turn|51
|choice|switch 5|switch 5
|
|switch|p1a: Chansey|Chansey|622\/703 par
|switch|p2a: I'm God|Tauros|353\/353
|
|turn|52
|choice|move 2|move 2
|
|move|p2a: I'm God|Body Slam|p1a: Chansey
|-damage|p1a: Chansey|340\/703 par
|cant|p1a: Chansey|par
|
|turn|53
|choice|switch 6|move 1
|
|switch|p1a: Exeggutor|Exeggutor|393\/393
|move|p2a: I'm God|Blizzard|p1a: Exeggutor
|-crit|p1a: Exeggutor
|-supereffective|p1a: Exeggutor
|-damage|p1a: Exeggutor|159\/393
|
|turn|54
|choice|move 4|move 3
|
|move|p2a: I'm God|Hyper Beam|p1a: Exeggutor|[miss]
|-miss|p2a: I'm God
|move|p1a: Exeggutor|Psychic|p2a: I'm God
|-damage|p2a: I'm God|202\/353
|-unboost|p2a: I'm God|spd|1
|-unboost|p2a: I'm God|spa|1
|
|turn|55
|choice|move 4|move 2
|
|move|p2a: I'm God|Body Slam|p1a: Exeggutor
|-damage|p1a: Exeggutor|41\/393
|move|p1a: Exeggutor|Psychic|p2a: I'm God
|-crit|p2a: I'm God
|-damage|p2a: I'm God|0 fnt
|faint|p2a: I'm God
|c|★Peasounay|noo
|j|DisALTster Area
|c| DisALTster Area|oh nice match to stumble open :)
|choice||switch 5
|
|switch|p2a: Wear Candoms Kid|Exeggutor|351\/393 par
|turn|56
|c| DisALTster Area|sup?
|c|★Peasounay|all good
|c|★Peasounay|how about u
|choice|switch 6|switch 6
|
|switch|p1a: Chansey|Chansey|340\/703 par
|switch|p2a: Yo Momma|Snorlax|523\/523 slp
|
|turn|57
|choice|move 4|switch 6
|
|switch|p2a: Wear Candoms Kid|Exeggutor|351\/393 par
|move|p1a: Chansey|Soft-Boiled|p1a: Chansey
|-heal|p1a: Chansey|691\/703 par
|
|turn|58
|choice|move 1|move 2
|
|move|p2a: Wear Candoms Kid|Psychic|p1a: Chansey
|-damage|p1a: Chansey|576\/703 par
|cant|p1a: Chansey|par
|
|turn|59
|choice|move 1|move 2
|
|cant|p2a: Wear Candoms Kid|par
|cant|p1a: Chansey|par
|
|turn|60
|c| DisALTster Area|doing pretty good too I guess
|choice|move 1|move 4
|
|move|p2a: Wear Candoms Kid|Explosion|p1a: Chansey
|-damage|p1a: Chansey|0 fnt
|faint|p1a: Chansey
|faint|p2a: Wear Candoms Kid
|choice|switch 5|switch 4
|
|switch|p1a: Slowbro|Slowbro|259\/393
|switch|p2a: Cuddle Me Plz|Jynx|97\/333 par
|turn|61
|choice|move 3|move 2
|
|move|p1a: Slowbro|Surf|p2a: Cuddle Me Plz
|-damage|p2a: Cuddle Me Plz|2\/333 par
|move|p2a: Cuddle Me Plz|Blizzard|p1a: Slowbro
|-resisted|p1a: Slowbro
|-damage|p1a: Slowbro|174\/393
|
|turn|62
|choice|move 3|move 2
|
|move|p1a: Slowbro|Surf|p2a: Cuddle Me Plz
|-damage|p2a: Cuddle Me Plz|0 fnt
|faint|p2a: Cuddle Me Plz
|choice||switch 6
|
|switch|p2a: Yo Momma|Snorlax|523\/523 slp
|turn|63
|choice|move 2|move 1
|
|move|p1a: Slowbro|Amnesia|p1a: Slowbro
|-boost|p1a: Slowbro|spd|2
|-boost|p1a: Slowbro|spa|2
|cant|p2a: Yo Momma|slp
|
|turn|64
|choice|move 1|move 1
|
|cant|p2a: Yo Momma|slp
|move|p1a: Slowbro|Thunder Wave|p2a: Yo Momma
|-fail|p2a: Yo Momma
|
|turn|65
|c|★Peasounay|ggs man
|choice|move 1|move 1
|
|-curestatus|p2a: Yo Momma|slp
|move|p1a: Slowbro|Thunder Wave|p2a: Yo Momma
|-status|p2a: Yo Momma|par
|
|turn|66
|c|★Beds|ggs
|choice|move 3|move 3
|
|move|p1a: Slowbro|Surf|p2a: Yo Momma
|-damage|p2a: Yo Momma|260\/523 par
|move|p2a: Yo Momma|Hyper Beam|p1a: Slowbro|[miss]
|-miss|p2a: Yo Momma
|
|turn|67
|choice|move 3|move 3
|
|move|p1a: Slowbro|Surf|p2a: Yo Momma
|-damage|p2a: Yo Momma|0 fnt
|faint|p2a: Yo Momma
|
|win|Beds
|l|Peasounay
|player|p2