|j|Barrel89
|j|0PTechnoTank
|player|p1|Barrel89|156
|player|p2|0PTechnoTank|163
|gametype|singles
|gen|1
|tier|[Gen 1] Random Battle
|rated
|seed|25647,62470,39459,4140
|rule|Sleep Clause Mod: Limit one foe put to sleep
|rule|Freeze Clause Mod: Limit one foe frozen
|rule|HP Percentage Mod: HP is shown in percentages
|
|start
|switch|p1a: Squirtle|Squirtle, L96|279\/279
|switch|p2a: Butterfree|Butterfree, L90|291\/291
|turn|1
|choice|move 3|move 3
|
|move|p2a: Butterfree|Sleep Powder|p1a: Squirtle
|-status|p1a: Squirtle|slp
|cant|p1a: Squirtle|slp
|
|turn|2
|choice|switch 2|move 1
|
|switch|p1a: Nidorino|Nidorino, L90|293\/293
|move|p2a: Butterfree|Mega Drain|p1a: Nidorino
|-resisted|p1a: Nidorino
|-damage|p1a: Nidorino|277\/293
|
|turn|3
|choice|move 1|move 4
|
|move|p2a: Butterfree|Psychic|p1a: Nidorino
|-crit|p1a: Nidorino
|-supereffective|p1a: Nidorino
|-damage|p1a: Nidorino|0 fnt
|faint|p1a: Nidorino
|j|dfag
|choice|switch 6|
|
|switch|p1a: Dragonite|Dragonite, L85|328\/328
|turn|4
|choice|move 3|move 2
|
|move|p1a: Dragonite|Thunderbolt|p2a: Butterfree
|-supereffective|p2a: Butterfree
|-damage|p2a: Butterfree|156\/291
|move|p2a: Butterfree|Stun Spore|p1a: Dragonite
|-status|p1a: Dragonite|par
|
|turn|5
|choice|move 3|move 4
|
|move|p2a: Butterfree|Psychic|p1a: Dragonite
|-crit|p1a: Dragonite
|-damage|p1a: Dragonite|221\/328 par
|-unboost|p1a: Dragonite|spd|1
|-unboost|p1a: Dragonite|spa|1
|cant|p1a: Dragonite|par
|
|turn|6
|choice|move 3|move 4
|
|move|p2a: Butterfree|Psychic|p1a: Dragonite
|-damage|p1a: Dragonite|126\/328 par
|move|p1a: Dragonite|Thunderbolt|p2a: Butterfree
|-supereffective|p2a: Butterfree
|-damage|p2a: Butterfree|69\/291
|
|turn|7
|c|★0PTechnoTank|well
|c|★Barrel89|not even trying :P
|c|★Barrel89|lol
|choice|move 3|move 4
|
|move|p2a: Butterfree|Psychic|p1a: Dragonite
|-damage|p1a: Dragonite|39\/328 par
|-unboost|p1a: Dragonite|spd|1
|-unboost|p1a: Dragonite|spa|1
|move|p1a: Dragonite|Thunderbolt|p2a: Butterfree
|-supereffective|p2a: Butterfree
|-damage|p2a: Butterfree|0 fnt
|faint|p2a: Butterfree
|c|★0PTechnoTank|kk
|c|★Barrel89|pew pew pew
|choice||switch 5
|
|switch|p2a: Magneton|Magneton, L90|273\/273
|turn|8
|choice|move 3|move 1
|
|move|p2a: Magneton|Thunderbolt|p1a: Dragonite
|-damage|p1a: Dragonite|0 fnt
|faint|p1a: Dragonite
|choice|switch 2|
|
|switch|p1a: Squirtle|Squirtle, L96|279\/279 slp
|turn|9
|choice|move 4|move 1
|
|move|p2a: Magneton|Thunderbolt|p1a: Squirtle
|-supereffective|p1a: Squirtle
|-damage|p1a: Squirtle|0 fnt
|faint|p1a: Squirtle
|c|★Barrel89|yay :D
|c|★Barrel89|another water type incoming :D
|choice|switch 3|
|
|switch|p1a: Tentacruel|Tentacruel, L85|310\/310
|turn|10
|choice|move 4|move 1
|
|move|p1a: Tentacruel|Swords Dance|p1a: Tentacruel
|-boost|p1a: Tentacruel|atk|2
|move|p2a: Magneton|Thunderbolt|p1a: Tentacruel
|-supereffective|p1a: Tentacruel
|-damage|p1a: Tentacruel|76\/310
|
|turn|11
|choice|move 4|move 1
|
|move|p1a: Tentacruel|Swords Dance|p1a: Tentacruel
|-boost|p1a: Tentacruel|atk|2
|move|p2a: Magneton|Thunderbolt|p1a: Tentacruel
|-supereffective|p1a: Tentacruel
|-damage|p1a: Tentacruel|0 fnt
|faint|p1a: Tentacruel
|c|★Barrel89|good job!
|c|★Barrel89|bug now
|choice|switch 4|
|
|switch|p1a: Pinsir|Pinsir, L85|284\/284
|turn|12
|choice|move 2|move 2
|
|move|p1a: Pinsir|Swords Dance|p1a: Pinsir
|-boost|p1a: Pinsir|atk|2
|move|p2a: Magneton|Double-Edge|p1a: Pinsir
|-crit|p1a: Pinsir
|-damage|p1a: Pinsir|175\/284
|-damage|p2a: Magneton|246\/273|[from] recoil|[of] p1a: Pinsir
|
|turn|13
|choice|move 2|move 2
|
|move|p1a: Pinsir|Swords Dance|p1a: Pinsir
|-boost|p1a: Pinsir|atk|2
|move|p2a: Magneton|Double-Edge|p1a: Pinsir
|-damage|p1a: Pinsir|116\/284
|-damage|p2a: Magneton|232\/273|[from] recoil|[of] p1a: Pinsir
|
|turn|14
|choice|move 2|move 2
|
|move|p1a: Pinsir|Swords Dance|p1a: Pinsir
|-boost|p1a: Pinsir|atk|2
|move|p2a: Magneton|Double-Edge|p1a: Pinsir
|-damage|p1a: Pinsir|58\/284
|-damage|p2a: Magneton|218\/273|[from] recoil|[of] p1a: Pinsir
|
|turn|15
|choice|move 2|move 3
|
|move|p1a: Pinsir|Swords Dance|p1a: Pinsir
|-boost|p1a: Pinsir|atk|2
|move|p2a: Magneton|Hyper Beam|p1a: Pinsir
|-crit|p1a: Pinsir
|-damage|p1a: Pinsir|0 fnt
|faint|p1a: Pinsir
|c|★Barrel89|yay :D
|choice|switch 5|
|
|switch|p1a: Zapdos|Zapdos, L79|304\/304
|turn|16
|choice|move 4|move 1
|
|move|p1a: Zapdos|Agility|p1a: Zapdos
|-boost|p1a: Zapdos|spe|2
|move|p2a: Magneton|Thunderbolt|p1a: Zapdos
|-damage|p1a: Zapdos|190\/304
|
|turn|17
|choice|move 4|move 1
|
|move|p1a: Zapdos|Agility|p1a: Zapdos
|-boost|p1a: Zapdos|spe|2
|move|p2a: Magneton|Thunderbolt|p1a: Zapdos
|-crit|p1a: Zapdos
|-damage|p1a: Zapdos|0 fnt
|faint|p1a: Zapdos
|
|win|0PTechnoTank
|raw|Barrel89's rating: 1116 &rarr; <strong>1105<\/strong><br \/>(-11 for losing)
|raw|0PTechnoTank's rating: 1340 &rarr; <strong>1348<\/strong><br \/>(+8 for winning)
|c|★Barrel89|beast pokemanz masturd eva! :D
|c|★0PTechnoTank|kk
|l|Barrel89
|player|p1