|j|Erzog
|j|Zorage
|player|p1|Erzog|30
|player|p2|Zorage|73
|gametype|singles
|gen|1
|tier|[Gen 1] OU
|rated
|seed|
|rule|Sleep Clause Mod: Limit one foe put to sleep
|rule|Freeze Clause Mod: Limit one foe frozen
|rule|Species Clause: Limit one of each Pokémon
|rule|OHKO Clause: OHKO moves are banned
|rule|Evasion Moves Clause: Evasion moves are banned
|rule|HP Percentage Mod: HP is shown in percentages
|
|start
|switch|p1a: El Pablo|Gengar|100\/100
|switch|p2a: Jynx|Jynx|100\/100
|turn|1
|choice||
|
|move|p1a: El Pablo|Hypnosis|p2a: Jynx|[miss]
|-miss|p1a: El Pablo
|move|p2a: Jynx|Psychic|p1a: El Pablo
|-supereffective|p1a: El Pablo
|-damage|p1a: El Pablo|51\/100
|
|turn|2
|choice||
|
|move|p1a: El Pablo|Hypnosis|p2a: Jynx
|-status|p2a: Jynx|slp
|cant|p2a: Jynx|slp
|
|turn|3
|choice||
|
|move|p1a: El Pablo|Thunderbolt|p2a: Jynx
|-damage|p2a: Jynx|75\/100 slp
|-curestatus|p2a: Jynx|slp
|
|turn|4
|choice||
|
|switch|p2a: Exeggutor|Exeggutor|100\/100
|move|p1a: El Pablo|Confuse Ray|p2a: Exeggutor
|-start|p2a: Exeggutor|confusion
|
|turn|5
|choice||
|
|switch|p1a: Lillou|Chansey|100\/100
|-activate|p2a: Exeggutor|confusion
|move|p2a: Exeggutor|Psychic|p1a: Lillou
|-damage|p1a: Lillou|83\/100
|
|turn|6
|choice||
|
|switch|p2a: Chansey|Chansey|100\/100
|move|p1a: Lillou|Ice Beam|p2a: Chansey
|-damage|p2a: Chansey|90\/100
|
|turn|7
|choice||
|
|switch|p2a: Jynx|Jynx|75\/100
|move|p1a: Lillou|Ice Beam|p2a: Jynx
|-resisted|p2a: Jynx
|-damage|p2a: Jynx|63\/100
|
|turn|8
|choice||
|
|switch|p2a: Chansey|Chansey|90\/100
|move|p1a: Lillou|Thunder Wave|p2a: Chansey
|-status|p2a: Chansey|par
|
|turn|9
|choice||
|
|move|p1a: Lillou|Thunderbolt|p2a: Chansey
|-damage|p2a: Chansey|79\/100 par
|move|p2a: Chansey|Ice Beam|p1a: Lillou
|-damage|p1a: Lillou|72\/100
|
|turn|10
|choice||
|
|move|p1a: Lillou|Thunderbolt|p2a: Chansey
|-damage|p2a: Chansey|69\/100 par
|move|p2a: Chansey|Ice Beam|p1a: Lillou
|-crit|p1a: Lillou
|-damage|p1a: Lillou|50\/100
|
|turn|11
|choice||
|
|move|p1a: Lillou|Soft-Boiled|p1a: Lillou
|-heal|p1a: Lillou|99\/100
|cant|p2a: Chansey|par
|
|turn|12
|choice||
|
|switch|p1a: El Pablo|Gengar|51\/100
|cant|p2a: Chansey|par
|
|turn|13
|choice||
|
|switch|p2a: Golem|Golem|100\/100
|move|p1a: El Pablo|Confuse Ray|p2a: Golem
|-start|p2a: Golem|confusion
|
|turn|14
|choice||
|
|switch|p1a: Exeggutor|Exeggutor|100\/100
|-activate|p2a: Golem|confusion
|-damage|p2a: Golem|92\/100|[from] confusion
|
|turn|15
|choice||
|
|switch|p2a: Exeggutor|Exeggutor|100\/100
|move|p1a: Exeggutor|Psychic|p2a: Exeggutor
|-crit|p2a: Exeggutor
|-resisted|p2a: Exeggutor
|-damage|p2a: Exeggutor|75\/100
|
|turn|16
|choice||
|
|move|p1a: Exeggutor|Sleep Powder|p2a: Exeggutor
|-status|p2a: Exeggutor|slp
|cant|p2a: Exeggutor|slp
|
|turn|17
|choice||
|
|-curestatus|p2a: Exeggutor|slp
|move|p1a: Exeggutor|Psychic|p2a: Exeggutor
|-resisted|p2a: Exeggutor
|-damage|p2a: Exeggutor|62\/100
|
|turn|18
|choice||
|
|move|p2a: Exeggutor|Stun Spore|p1a: Exeggutor
|-status|p1a: Exeggutor|par
|move|p1a: Exeggutor|Sleep Powder|p2a: Exeggutor
|-status|p2a: Exeggutor|slp
|
|turn|19
|choice||
|
|cant|p2a: Exeggutor|slp
|cant|p1a: Exeggutor|par
|
|turn|20
|choice||
|
|cant|p2a: Exeggutor|slp
|move|p1a: Exeggutor|Psychic|p2a: Exeggutor
|-resisted|p2a: Exeggutor
|-damage|p2a: Exeggutor|48\/100 slp
|
|turn|21
|choice||
|
|cant|p2a: Exeggutor|slp
|move|p1a: Exeggutor|Psychic|p2a: Exeggutor
|-resisted|p2a: Exeggutor
|-damage|p2a: Exeggutor|35\/100 slp
|
|turn|22
|choice||
|
|-curestatus|p2a: Exeggutor|slp
|move|p1a: Exeggutor|Psychic|p2a: Exeggutor
|-resisted|p2a: Exeggutor
|-damage|p2a: Exeggutor|22\/100
|-unboost|p2a: Exeggutor|spd|1
|-unboost|p2a: Exeggutor|spa|1
|
|turn|23
|choice||
|
|move|p2a: Exeggutor|Rest|p2a: Exeggutor
|-status|p2a: Exeggutor|slp
|-heal|p2a: Exeggutor|100\/100 slp|[silent]
|-status|p2a: Exeggutor|slp|[from] move: Rest
|move|p1a: Exeggutor|Psychic|p2a: Exeggutor
|-resisted|p2a: Exeggutor
|-damage|p2a: Exeggutor|79\/100 slp
|
|turn|24
|choice||
|
|cant|p2a: Exeggutor|slp
|move|p1a: Exeggutor|Psychic|p2a: Exeggutor
|-resisted|p2a: Exeggutor
|-damage|p2a: Exeggutor|60\/100 slp
|
|turn|25
|choice||
|
|-curestatus|p2a: Exeggutor|slp
|cant|p1a: Exeggutor|par
|
|turn|26
|choice||
|
|switch|p2a: Jynx|Jynx|63\/100
|move|p1a: Exeggutor|Psychic|p2a: Jynx
|-resisted|p2a: Jynx
|-damage|p2a: Jynx|44\/100
|
|turn|27
|choice||
|
|switch|p1a: Lillou|Chansey|99\/100
|move|p2a: Jynx|Ice Beam|p1a: Lillou
|-crit|p1a: Lillou
|-damage|p1a: Lillou|71\/100
|-status|p1a: Lillou|frz
|
|turn|28
|choice||
|
|move|p2a: Jynx|Psychic|p1a: Lillou
|-crit|p1a: Lillou
|-damage|p1a: Lillou|41\/100 frz
|-unboost|p1a: Lillou|spd|1
|-unboost|p1a: Lillou|spa|1
|cant|p1a: Lillou|frz
|
|turn|29
|choice||
|
|switch|p2a: Slowbro|Slowbro|100\/100
|cant|p1a: Lillou|frz
|
|turn|30
|choice||
|
|switch|p1a: El Pablo|Gengar|51\/100
|move|p2a: Slowbro|Surf|p1a: El Pablo
|-damage|p1a: El Pablo|26\/100
|
|turn|31
|choice||
|
|switch|p2a: Golem|Golem|92\/100
|move|p1a: El Pablo|Hypnosis|p2a: Golem|[miss]
|-miss|p1a: El Pablo
|
|turn|32
|choice||
|
|move|p1a: El Pablo|Hypnosis|p2a: Golem
|-status|p2a: Golem|slp
|cant|p2a: Golem|slp
|
|turn|33
|choice||
|
|switch|p1a: Persian|Persian|100\/100
|cant|p2a: Golem|slp
|
|turn|34
|choice||
|
|switch|p2a: Exeggutor|Exeggutor|60\/100
|move|p1a: Persian|Bubble Beam|p2a: Exeggutor
|-resisted|p2a: Exeggutor
|-damage|p2a: Exeggutor|56\/100
|
|turn|35
|choice||
|
|move|p1a: Persian|Slash|p2a: Exeggutor
|-crit|p2a: Exeggutor
|-damage|p2a: Exeggutor|23\/100
|move|p2a: Exeggutor|Stun Spore|p1a: Persian
|-status|p1a: Persian|par
|
|turn|36
|choice||
|
|move|p2a: Exeggutor|Explosion|p1a: Persian
|-damage|p1a: Persian|0 fnt
|faint|p1a: Persian
|faint|p2a: Exeggutor
|choice||
|
|switch|p1a: El Pablo|Gengar|26\/100
|switch|p2a: Jynx|Jynx|44\/100
|turn|37
|choice||
|
|switch|p2a: Golem|Golem|92\/100 slp
|move|p1a: El Pablo|Hypnosis|p2a: Golem|[miss]
|-miss|p1a: El Pablo
|
|turn|38
|choice||
|
|move|p1a: El Pablo|Confuse Ray|p2a: Golem
|-start|p2a: Golem|confusion
|cant|p2a: Golem|slp
|
|turn|39
|choice||
|
|switch|p1a: Exeggutor|Exeggutor|100\/100 par
|-curestatus|p2a: Golem|slp
|
|turn|40
|choice||
|
|switch|p2a: Jynx|Jynx|44\/100
|move|p1a: Exeggutor|Psychic|p2a: Jynx
|-resisted|p2a: Jynx
|-damage|p2a: Jynx|25\/100
|
|turn|41
|choice||
|
|move|p2a: Jynx|Ice Beam|p1a: Exeggutor
|-supereffective|p1a: Exeggutor
|-damage|p1a: Exeggutor|52\/100 par
|move|p1a: Exeggutor|Sleep Powder|p2a: Jynx
|-status|p2a: Jynx|slp
|
|turn|42
|choice||
|
|cant|p2a: Jynx|slp
|move|p1a: Exeggutor|Mega Drain|p2a: Jynx
|-damage|p2a: Jynx|7\/100 slp
|-heal|p1a: Exeggutor|60\/100 par|[from] drain|[of] p2a: Jynx
|
|turn|43
|choice||
|
|switch|p2a: Chansey|Chansey|69\/100 par
|move|p1a: Exeggutor|Mega Drain|p2a: Chansey
|-damage|p2a: Chansey|62\/100 par
|-heal|p1a: Exeggutor|66\/100 par|[from] drain|[of] p2a: Chansey
|
|turn|44
|choice||
|
|switch|p1a: Lillou|Chansey|41\/100 frz
|switch|p2a: Golem|Golem|92\/100
|
|turn|45
|choice||
|
|switch|p2a: Jynx|Jynx|7\/100 slp
|cant|p1a: Lillou|frz
|
|turn|46
|choice||
|
|cant|p2a: Jynx|slp
|cant|p1a: Lillou|frz
|
|turn|47
|choice||
|
|cant|p2a: Jynx|slp
|cant|p1a: Lillou|frz
|
|turn|48
|choice||
|
|cant|p2a: Jynx|slp
|cant|p1a: Lillou|frz
|
|turn|49
|choice||
|
|-curestatus|p2a: Jynx|slp
|cant|p1a: Lillou|frz
|
|turn|50
|choice||
|
|move|p2a: Jynx|Rest|p2a: Jynx
|-status|p2a: Jynx|slp
|-heal|p2a: Jynx|100\/100 slp|[silent]
|-status|p2a: Jynx|slp|[from] move: Rest
|cant|p1a: Lillou|frz
|
|turn|51
|choice||
|
|cant|p2a: Jynx|slp
|cant|p1a: Lillou|frz
|
|turn|52
|choice||
|
|-curestatus|p2a: Jynx|slp
|cant|p1a: Lillou|frz
|
|turn|53
|c|★Erzog|wtf
|c|★Zorage|?
|choice||
|
|move|p2a: Jynx|Psychic|p1a: Lillou
|-damage|p1a: Lillou|28\/100 frz
|cant|p1a: Lillou|frz
|
|turn|54
|choice||
|
|switch|p2a: Chansey|Chansey|62\/100 par
|cant|p1a: Lillou|frz
|
|turn|55
|c|★Erzog|13 times frozen
|c|★Zorage|Normal
|c|★Erzog|why?
|c|★Zorage|It won't thaw
|c|★Erzog|whyN
|choice||
|
|cant|p1a: Lillou|frz
|move|p2a: Chansey|Soft-Boiled|p2a: Chansey
|-heal|p2a: Chansey|100\/100 par
|
|turn|56
|c|★Zorage|Because it's gen 1
|c|★Erzog|no?
|c|★Zorage|Never
|choice||
|
|switch|p1a: Exeggutor|Exeggutor|66\/100 par
|switch|p2a: Jynx|Jynx|100\/100
|
|turn|57
|choice||
|
|move|p2a: Jynx|Ice Beam|p1a: Exeggutor
|-supereffective|p1a: Exeggutor
|-damage|p1a: Exeggutor|16\/100 par
|move|p1a: Exeggutor|Sleep Powder|p2a: Jynx
|-status|p2a: Jynx|slp
|
|turn|58
|choice||
|
|cant|p2a: Jynx|slp
|cant|p1a: Exeggutor|par
|
|turn|59
|choice||
|
|cant|p2a: Jynx|slp
|move|p1a: Exeggutor|Explosion|p2a: Jynx
|-damage|p2a: Jynx|0 fnt
|faint|p2a: Jynx
|faint|p1a: Exeggutor
|choice||
|
|switch|p1a: El Pablo|Gengar|26\/100
|switch|p2a: Tauros|Tauros|100\/100
|turn|60
|choice||
|
|move|p2a: Tauros|Earthquake|p1a: El Pablo
|-supereffective|p1a: El Pablo
|-damage|p1a: El Pablo|0 fnt
|faint|p1a: El Pablo
|choice||
|
|switch|p1a: HeatWaves|Zapdos|100\/100
|turn|61
|choice||
|
|switch|p2a: Golem|Golem|92\/100
|move|p1a: HeatWaves|Thunder Wave|p2a: Golem
|-immune|p2a: Golem|[msg]
|
|turn|62
|choice||
|
|switch|p1a: Booba|Tauros|100\/100
|move|p2a: Golem|Body Slam|p1a: Booba
|-damage|p1a: Booba|80\/100
|
|turn|63
|choice||
|
|switch|p2a: Slowbro|Slowbro|100\/100
|move|p1a: Booba|Blizzard|p2a: Slowbro
|-resisted|p2a: Slowbro
|-damage|p2a: Slowbro|89\/100
|
|turn|64
|choice||
|
|move|p1a: Booba|Body Slam|p2a: Slowbro
|-damage|p2a: Slowbro|66\/100
|move|p2a: Slowbro|Thunder Wave|p1a: Booba
|-status|p1a: Booba|par
|
|turn|65
|choice||
|
|move|p2a: Slowbro|Amnesia|p2a: Slowbro
|-boost|p2a: Slowbro|spd|2
|-boost|p2a: Slowbro|spa|2
|cant|p1a: Booba|par
|
|turn|66
|choice||
|
|move|p2a: Slowbro|Surf|p1a: Booba
|-damage|p1a: Booba|12\/100 par
|move|p1a: Booba|Body Slam|p2a: Slowbro
|-damage|p2a: Slowbro|44\/100
|-status|p2a: Slowbro|par
|
|turn|67
|choice||
|
|move|p2a: Slowbro|Surf|p1a: Booba
|-damage|p1a: Booba|0 fnt
|faint|p1a: Booba
|choice||
|
|switch|p1a: HeatWaves|Zapdos|100\/100
|turn|68
|choice||
|
|switch|p2a: Golem|Golem|92\/100
|move|p1a: HeatWaves|Thunderbolt|p2a: Golem
|-immune|p2a: Golem|[msg]
|
|turn|69
|-message|Erzog forfeited.
|
|win|Zorage
|player|p1
|player|p2
|l|Erzog
|raw|Erzog's rating: 1314 &rarr; <strong>1291<\/strong><br \/>(-23 for losing)
|raw|Zorage's rating: 1256 &rarr; <strong>1286<\/strong><br \/>(+30 for winning)