|j|Ciaocaro
|j|lorenzo 2015
|player|p1|Ciaocaro|12
|player|p2|lorenzo 2015|266
|gametype|singles
|gen|1
|tier|[Gen 1] Random Battle
|rated
|seed|33028,49937,39628,33106
|rule|Sleep Clause Mod: Limit one foe put to sleep
|rule|Freeze Clause Mod: Limit one foe frozen
|rule|HP Percentage Mod: HP is shown in percentages
|
|start
|switch|p1a: Seel|Seel, L96|320\/320
|switch|p2a: Dragonair|Dragonair, L85|277\/277
|turn|1
|choice|move 2|move 1
|
|move|p2a: Dragonair|Thunderbolt|p1a: Seel
|-crit|p1a: Seel
|-supereffective|p1a: Seel
|-damage|p1a: Seel|102\/320
|move|p1a: Seel|Blizzard|p2a: Dragonair
|-crit|p2a: Dragonair
|-supereffective|p2a: Dragonair
|-damage|p2a: Dragonair|0 fnt
|faint|p2a: Dragonair
|choice||switch 3
|
|switch|p2a: Porygon|Porygon, L85|284\/284
|turn|2
|choice|move 1|move 4
|
|move|p1a: Seel|Body Slam|p2a: Porygon
|-damage|p2a: Porygon|229\/284
|move|p2a: Porygon|Thunderbolt|p1a: Seel
|-supereffective|p1a: Seel
|-damage|p1a: Seel|0 fnt
|faint|p1a: Seel
|choice|switch 4|
|
|switch|p1a: Machoke|Machoke, L85|310\/310
|turn|3
|choice|move 2|switch 5
|
|switch|p2a: Haunter|Haunter, L85|250\/250
|move|p1a: Machoke|Mega Kick|p2a: Haunter
|-immune|p2a: Haunter|[msg]
|
|turn|4
|choice|move 3|move 4
|
|move|p2a: Haunter|Psychic|p1a: Machoke
|-supereffective|p1a: Machoke
|-damage|p1a: Machoke|99\/310
|move|p1a: Machoke|Rock Slide|p2a: Haunter
|-damage|p2a: Haunter|171\/250
|
|turn|5
|choice|switch 5|move 4
|
|switch|p1a: Articuno|Articuno, L79|304\/304
|move|p2a: Haunter|Psychic|p1a: Articuno
|-damage|p1a: Articuno|242\/304
|-unboost|p1a: Articuno|spd|1
|-unboost|p1a: Articuno|spa|1
|
|turn|6
|choice|move 2|move 2
|
|move|p2a: Haunter|Thunderbolt|p1a: Articuno
|-supereffective|p1a: Articuno
|-damage|p1a: Articuno|60\/304
|move|p1a: Articuno|Blizzard|p2a: Haunter
|-damage|p2a: Haunter|102\/250
|
|turn|7
|choice|switch 3|move 4
|
|switch|p1a: Sandslash|Sandslash, L85|301\/301
|move|p2a: Haunter|Psychic|p1a: Sandslash
|-damage|p1a: Sandslash|203\/301
|-unboost|p1a: Sandslash|spd|1
|-unboost|p1a: Sandslash|spa|1
|
|turn|8
|choice|move 1|move 3
|
|move|p2a: Haunter|Mega Drain|p1a: Sandslash
|-supereffective|p1a: Sandslash
|-damage|p1a: Sandslash|65\/301
|-heal|p2a: Haunter|171\/250|[from] drain|[of] p1a: Sandslash
|move|p1a: Sandslash|Earthquake|p2a: Haunter
|-supereffective|p2a: Haunter
|-damage|p2a: Haunter|0 fnt
|faint|p2a: Haunter
|choice||switch 5
|
|switch|p2a: Porygon|Porygon, L85|229\/284
|turn|9
|choice|switch 5|move 3
|
|switch|p1a: Machoke|Machoke, L85|99\/310
|move|p2a: Porygon|Ice Beam|p1a: Machoke
|-damage|p1a: Machoke|12\/310
|
|turn|10
|choice|move 2|switch 4
|
|switch|p2a: Nidoking|Nidoking, L85|311\/311
|move|p1a: Machoke|Mega Kick|p2a: Nidoking
|-damage|p2a: Nidoking|209\/311
|
|turn|11
|choice|switch 3|move 4
|
|switch|p1a: Articuno|Articuno, L79|60\/304
|move|p2a: Nidoking|Body Slam|p1a: Articuno
|-damage|p1a: Articuno|3\/304
|
|turn|12
|choice|move 2|switch 6
|
|switch|p2a: Jynx|Jynx, L79|265\/265
|move|p1a: Articuno|Blizzard|p2a: Jynx|[miss]
|-miss|p1a: Articuno
|
|turn|13
|choice|move 1|move 1
|
|move|p2a: Jynx|Psychic|p1a: Articuno
|-damage|p1a: Articuno|0 fnt
|faint|p1a: Articuno
|choice|switch 2|
|
|switch|p1a: Magneton|Magneton, L90|273\/273
|turn|14
|choice|move 4|move 4
|
|move|p2a: Jynx|Lovely Kiss|p1a: Magneton
|-status|p1a: Magneton|slp
|cant|p1a: Magneton|slp
|
|turn|15
|choice|move 4|switch 6
|
|switch|p2a: Nidoking|Nidoking, L85|209\/311
|cant|p1a: Magneton|slp
|
|turn|16
|choice|move 2|move 1
|
|move|p2a: Nidoking|Earthquake|p1a: Magneton
|-supereffective|p1a: Magneton
|-damage|p1a: Magneton|72\/273 slp
|-curestatus|p1a: Magneton|slp
|
|turn|17
|choice|switch 5|move 1
|
|switch|p1a: Sandslash|Sandslash, L85|65\/301
|move|p2a: Nidoking|Earthquake|p1a: Sandslash
|-damage|p1a: Sandslash|0 fnt
|faint|p1a: Sandslash
|choice|switch 3|
|
|switch|p1a: Machoke|Machoke, L85|12\/310
|turn|18
|choice|move 2|move 4
|
|move|p2a: Nidoking|Body Slam|p1a: Machoke
|-crit|p1a: Machoke
|-damage|p1a: Machoke|0 fnt
|faint|p1a: Machoke
|choice|switch 6|
|
|switch|p1a: Arcanine|Arcanine, L85|327\/327
|turn|19
|choice|move 3|move 1
|
|move|p1a: Arcanine|Hyper Beam|p2a: Nidoking
|-damage|p2a: Nidoking|81\/311
|move|p2a: Nidoking|Earthquake|p1a: Arcanine
|-supereffective|p1a: Arcanine
|-damage|p1a: Arcanine|98\/327
|
|turn|20
|-mustrecharge|p1a: Arcanine
|-mustrecharge|p1a: Arcanine
|choice|move 1|move 1
|
|cant|p1a: Arcanine|recharge
|move|p2a: Nidoking|Earthquake|p1a: Arcanine
|-supereffective|p1a: Arcanine
|-damage|p1a: Arcanine|0 fnt
|faint|p1a: Arcanine
|choice|switch 5|
|
|switch|p1a: Magneton|Magneton, L90|72\/273
|turn|21
|choice|move 3|move 2
|
|move|p2a: Nidoking|Blizzard|p1a: Magneton
|-crit|p1a: Magneton
|-damage|p1a: Magneton|0 fnt
|faint|p1a: Magneton
|
|win|lorenzo 2015
|raw|Ciaocaro's rating: 1245 &rarr; <strong>1205<\/strong><br \/>(-40 for losing)
|raw|lorenzo 2015's rating: 1000 &rarr; <strong>1064<\/strong><br \/>(+64 for winning)
|l|Ciaocaro
|player|p1