|join|markus1000
|join|gen 1 is homo
|player|p1|markus1000|169
|player|p2|gen 1 is homo|266
|gametype|singles
|gen|1
|tier|[Gen 1] Random Battle
|rated
|rule|Sleep Clause Mod: Limit one foe put to sleep
|rule|Freeze Clause Mod: Limit one foe frozen
|rule|HP Percentage Mod: HP is shown in percentages
|
|start
|switch|p1a: Aerodactyl|Aerodactyl, L86|313\/313
|switch|p2a: Parasect|Parasect, L86|279\/279
|turn|1
|
|move|p1a: Aerodactyl|Double-Edge|p2a: Parasect
|-crit|p2a: Parasect
|-damage|p2a: Parasect|110\/279
|-damage|p1a: Aerodactyl|271\/313|[from] recoil|[of] p2a: Parasect
|move|p2a: Parasect|Body Slam|p1a: Aerodactyl
|-crit|p1a: Aerodactyl
|-resisted|p1a: Aerodactyl
|-damage|p1a: Aerodactyl|207\/313
|
|turn|2
|
|move|p1a: Aerodactyl|Hyper Beam|p2a: Parasect
|-damage|p2a: Parasect|0 fnt
|faint|p2a: Parasect
|
|switch|p2a: Gengar|Gengar, L82|266\/266
|turn|3
|
|switch|p1a: Dugtrio|Dugtrio, L86|236\/236
|move|p2a: Gengar|Psychic|p1a: Dugtrio
|-damage|p1a: Dugtrio|159\/236
|-unboost|p1a: Dugtrio|spd|1
|-unboost|p1a: Dugtrio|spa|1
|
|turn|4
|
|switch|p1a: Tauros|Tauros, L82|291\/291
|move|p2a: Gengar|Mega Drain|p1a: Tauros
|-damage|p1a: Tauros|250\/291
|
|turn|5
|
|switch|p2a: Scyther|Scyther, L86|296\/296
|move|p1a: Tauros|Earthquake|p2a: Scyther
|-immune|p2a: Scyther|[msg]
|
|turn|6
|
|move|p2a: Scyther|Slash|p1a: Tauros
|-crit|p1a: Tauros
|-damage|p1a: Tauros|138\/291
|move|p1a: Tauros|Body Slam|p2a: Scyther
|-crit|p2a: Scyther
|-damage|p2a: Scyther|128\/296
|-status|p2a: Scyther|par
|
|turn|7
|
|move|p1a: Tauros|Hyper Beam|p2a: Scyther
|-crit|p2a: Scyther
|-damage|p2a: Scyther|0 fnt
|faint|p2a: Scyther
|
|switch|p2a: Kangaskhan|Kangaskhan, L86|356\/356
|turn|8
|
|move|p1a: Tauros|Body Slam|p2a: Kangaskhan
|-damage|p2a: Kangaskhan|264\/356
|move|p2a: Kangaskhan|Counter|p1a: Tauros
|-damage|p1a: Tauros|0 fnt
|faint|p1a: Tauros
|
|switch|p1a: Venusaur|Venusaur, L86|313\/313
|turn|9
|
|move|p2a: Kangaskhan|Hyper Beam|p1a: Venusaur
|-damage|p1a: Venusaur|156\/313
|move|p1a: Venusaur|Sleep Powder|p2a: Kangaskhan
|-status|p2a: Kangaskhan|slp
|
|turn|10
|
|switch|p1a: Cloyster|Cloyster, L82|250\/250
|cant|p2a: Kangaskhan|slp
|
|turn|11
|
|switch|p2a: Gengar|Gengar, L82|266\/266
|move|p1a: Cloyster|Blizzard|p2a: Gengar
|-damage|p2a: Gengar|184\/266
|
|turn|12
|
|switch|p1a: Dugtrio|Dugtrio, L86|159\/236
|move|p2a: Gengar|Mega Drain|p1a: Dugtrio
|-supereffective|p1a: Dugtrio
|-damage|p1a: Dugtrio|84\/236
|-heal|p2a: Gengar|221\/266|[from] drain|[of] p1a: Dugtrio
|
|turn|13
|
|move|p1a: Dugtrio|Substitute|p1a: Dugtrio
|-start|p1a: Dugtrio|Substitute
|-damage|p1a: Dugtrio|25\/236
|move|p2a: Gengar|Psychic|p1a: Dugtrio
|-crit|p1a: Dugtrio
|-end|p1a: Dugtrio|Substitute
|
|turn|14
|
|move|p1a: Dugtrio|Sand Attack|p2a: Gengar
|-unboost|p2a: Gengar|accuracy|1
|move|p2a: Gengar|Mega Drain|p1a: Dugtrio|[miss]
|-miss|p2a: Gengar
|
|turn|15
|
|move|p1a: Dugtrio|Mimic|p2a: Gengar
|-start|p1a: Dugtrio|Mimic|Explosion
|move|p2a: Gengar|Mega Drain|p1a: Dugtrio
|-supereffective|p1a: Dugtrio
|-damage|p1a: Dugtrio|0 fnt
|-heal|p2a: Gengar|233\/266|[from] drain|[of] p1a: Dugtrio
|faint|p1a: Dugtrio
|
|switch|p1a: Dragonite|Dragonite, L82|317\/317
|turn|16
|
|switch|p2a: Kangaskhan|Kangaskhan, L86|264\/356 slp
|move|p1a: Dragonite|Blizzard|p2a: Kangaskhan
|-crit|p2a: Kangaskhan
|-damage|p2a: Kangaskhan|10\/356 slp
|
|turn|17
|
|switch|p1a: Venusaur|Venusaur, L86|156\/313
|cant|p2a: Kangaskhan|slp
|
|turn|18
|
|switch|p2a: Gengar|Gengar, L82|233\/266
|move|p1a: Venusaur|Razor Leaf|p2a: Gengar
|-crit|p2a: Gengar
|-resisted|p2a: Gengar
|-damage|p2a: Gengar|186\/266
|
|turn|19
|
|switch|p1a: Dragonite|Dragonite, L82|317\/317
|move|p2a: Gengar|Psychic|p1a: Dragonite
|-crit|p1a: Dragonite
|-damage|p1a: Dragonite|181\/317
|
|turn|20
|
|switch|p2a: Kangaskhan|Kangaskhan, L86|10\/356 slp
|move|p1a: Dragonite|Blizzard|p2a: Kangaskhan
|-damage|p2a: Kangaskhan|0 fnt
|faint|p2a: Kangaskhan
|
|switch|p2a: Jynx|Jynx, L82|274\/274
|turn|21
|
|switch|p1a: Cloyster|Cloyster, L82|250\/250
|move|p2a: Jynx|Blizzard|p1a: Cloyster
|-resisted|p1a: Cloyster
|-damage|p1a: Cloyster|219\/250
|
|turn|22
|
|move|p2a: Jynx|Lovely Kiss|p1a: Cloyster
|-status|p1a: Cloyster|slp
|cant|p1a: Cloyster|slp
|-curestatus|p1a: Cloyster|slp
|
|turn|23
|c|★gen 1 is homo|lol k
|
|move|p2a: Jynx|Lovely Kiss|p1a: Cloyster
|-status|p1a: Cloyster|slp
|cant|p1a: Cloyster|slp
|
|turn|24
|
|move|p2a: Jynx|Psychic|p1a: Cloyster
|-damage|p1a: Cloyster|129\/250 slp
|-unboost|p1a: Cloyster|spd|1
|-unboost|p1a: Cloyster|spa|1
|cant|p1a: Cloyster|slp
|
|turn|25
|-message|gen 1 is homo lost due to inactivity.
|
|win|markus1000
|raw|Ladder updating...
|raw|markus1000's rating: 1397 &rarr; <strong>1403<\/strong><br \/>(+6 for winning)
|raw|gen 1 is homo's rating: 1114 &rarr; <strong>1106<\/strong><br \/>(-8 for losing)
|leave|gen 1 is homo
|join|gen 1 is homo
|player|p2
|c|★gen 1 is homo|lmao luckiest disconnect ever
|c|★gen 1 is homo|you were getting graped
|c|★markus1000|was well in your favour though had fuk all to deal with gengar
|c|★gen 1 is homo|:( gg anyway you played well too
|c|★gen 1 is homo|yeah gengar was annoying, I had tauros as my last
|c|★markus1000|i was hoping to explode on you
|c|★markus1000|then sky attack the gengar
|c|★gen 1 is homo|yeah I was relying on tauros to deal with aero
|c|★gen 1 is homo|with blizz
|c|★markus1000|i think it does like 80% am not sure
|c|★gen 1 is homo|aero had sky attack?
|c|★gen 1 is homo|that's trolly
|c|★gen 1 is homo|that charge turn tho
|c|★gen 1 is homo|jynx outspeeds cloyster tho
|c|★markus1000|yh her sexyness was too much for my shell :P
|c|★gen 1 is homo|lel
|c|★gen 1 is homo|anyway im coming up there haha we'll meet again soon for sure on the other alt im laddering
|c|★gen 1 is homo|l8r
|c|★markus1000|lol how come someone so goo dis os low donw
|c|★markus1000|sur eill see you near teh top soon
|c|★gen 1 is homo|haha it's bc I'm using the gen 1 is gay alt that I started yesterday
|c|★gen 1 is homo|13-4 ish atm, gen 1 is homo was my friend's alt he was spectating with
|c|★gen 1 is homo|and we were trying to match to get some free points to bump me up to the good games, aka people like you
|c|★gen 1 is homo|so I'm currently mid shit
|c|★gen 1 is homo|figured id ladder him up a bit
|c|★gen 1 is homo|to increase chances of matching in downtime
|c|★gen 1 is homo|shitty signal in my bathroom so DC
|c|★gen 1 is homo|on a happier note, my shit went marvelously :)
|c|★gen 1 is homo|see you later