|j|Diegolh
|j|Evuelf
|player|p1|Diegolh|102
|player|p2|Evuelf|157
|gametype|singles
|gen|1
|tier|[Gen 1] OU
|seed|48688,3711,10469,13411
|rule|Sleep Clause Mod: Limit one foe put to sleep
|rule|Freeze Clause Mod: Limit one foe frozen
|rule|Species Clause: Limit one of each Pokémon
|rule|OHKO Clause: OHKO moves are banned
|rule|Evasion Moves Clause: Evasion moves are banned
|rule|HP Percentage Mod: HP is shown in percentages
|
|start
|switch|p1a: Alakazam|Alakazam|313\/313
|switch|p2a: Alakazam|Alakazam|313\/313
|turn|1
|choice|switch 5|move 1
|
|switch|p1a: Rhydon|Rhydon|413\/413
|move|p2a: Alakazam|Thunder Wave|p1a: Rhydon
|-immune|p1a: Rhydon|[msg]
|
|turn|2
|c|★Diegolh|you sure ?
|c|★Diegolh|Rien que pour ça j'ai fait ma journée putain
|c|★Diegolh|Toute la journée j'y ai pensé, je me suis dit si je play ce soir contre jb, faut que je swap rhyno sur la para
|c|★Diegolh|Accomplissement d'une vie
|c|★Diegolh|Je vais pleurer je re
|c|★Evuelf|ok
|choice|move 3|switch 2
|
|switch|p2a: Exeggutor|Exeggutor|393\/393
|move|p1a: Rhydon|Substitute|p1a: Rhydon
|-start|p1a: Rhydon|Substitute
|-damage|p1a: Rhydon|310\/413
|
|turn|3
|c|★Diegolh|Vas-y spore moi connard
|c|★Diegolh|x)
|choice|move 2|move 3
|
|move|p2a: Exeggutor|Sleep Powder|p1a: Rhydon
|-status|p1a: Rhydon|slp
|cant|p1a: Rhydon|slp
|
|turn|4
|c|★Evuelf|Voilà connard
|c|★Diegolh|thx bro
|c|★Evuelf|Joue + vite stp j'ai pas toute la nuit :v
|c|★Diegolh|wait j'ai deux trois trucs à faire là
|choice|move 2|move 1
|
|move|p2a: Exeggutor|Psychic|p1a: Rhydon
|-end|p1a: Rhydon|Substitute
|cant|p1a: Rhydon|slp
|
|turn|5
|choice|switch 4|switch 2
|
|switch|p2a: Alakazam|Alakazam|313\/313
|switch|p1a: Chansey|Chansey|703\/703
|
|turn|6
|choice|move 3|move 1
|
|move|p2a: Alakazam|Thunder Wave|p1a: Chansey
|-status|p1a: Chansey|par
|move|p1a: Chansey|Thunder Wave|p2a: Alakazam
|-status|p2a: Alakazam|par
|
|turn|7
|choice|switch 3|move 3
|
|switch|p1a: Slowbro|Slowbro|393\/393
|move|p2a: Alakazam|Psychic|p1a: Slowbro
|-resisted|p1a: Slowbro
|-damage|p1a: Slowbro|323\/393
|
|turn|8
|choice|move 1|switch 2
|
|switch|p2a: Exeggutor|Exeggutor|393\/393
|move|p1a: Slowbro|Amnesia|p1a: Slowbro
|-boost|p1a: Slowbro|spd|2
|-boost|p1a: Slowbro|spa|2
|
|turn|9
|choice|move 3|move 4
|
|move|p2a: Exeggutor|Double-Edge|p1a: Slowbro
|-damage|p1a: Slowbro|254\/393
|-damage|p2a: Exeggutor|376\/393|[from] recoil|[of] p1a: Slowbro
|move|p1a: Slowbro|Thunder Wave|p2a: Exeggutor
|-status|p2a: Exeggutor|par
|
|turn|10
|choice|move 1|move 2
|
|move|p1a: Slowbro|Amnesia|p1a: Slowbro
|-boost|p1a: Slowbro|spd|2
|-boost|p1a: Slowbro|spa|2
|cant|p2a: Exeggutor|par
|
|turn|11
|choice|move 1|move 2
|
|move|p1a: Slowbro|Amnesia|p1a: Slowbro
|-boost|p1a: Slowbro|spd|2
|-boost|p1a: Slowbro|spa|2
|cant|p2a: Exeggutor|par
|
|turn|12
|c|★Diegolh|ouch
|choice|move 2|move 2
|
|move|p1a: Slowbro|Surf|p2a: Exeggutor
|-resisted|p2a: Exeggutor
|-damage|p2a: Exeggutor|216\/393 par
|move|p2a: Exeggutor|Explosion|p1a: Slowbro
|-damage|p1a: Slowbro|6\/393
|faint|p2a: Exeggutor
|c|★Diegolh|ouch
|choice||switch 5
|
|switch|p2a: Tauros|Tauros|353\/353
|turn|13
|choice|move 4|move 1
|
|move|p2a: Tauros|Body Slam|p1a: Slowbro
|-damage|p1a: Slowbro|0 fnt
|faint|p1a: Slowbro
|choice|switch 6|
|
|switch|p1a: Lapras|Lapras|463\/463
|turn|14
|choice|move 1|move 1
|
|move|p2a: Tauros|Body Slam|p1a: Lapras
|-damage|p1a: Lapras|355\/463
|move|p1a: Lapras|Blizzard|p2a: Tauros
|-damage|p2a: Tauros|187\/353
|
|turn|15
|choice|move 1|move 1
|
|move|p2a: Tauros|Body Slam|p1a: Lapras
|-damage|p1a: Lapras|243\/463
|-status|p1a: Lapras|par
|move|p1a: Lapras|Blizzard|p2a: Tauros
|-damage|p2a: Tauros|7\/353
|
|turn|16
|choice|move 3|switch 4
|
|switch|p2a: Chansey|Chansey|703\/703
|move|p1a: Lapras|Body Slam|p2a: Chansey
|-damage|p2a: Chansey|539\/703
|
|turn|17
|choice|move 4|move 4
|
|move|p2a: Chansey|Seismic Toss|p1a: Lapras
|-damage|p1a: Lapras|143\/463 par
|move|p1a: Lapras|Rest|p1a: Lapras
|-status|p1a: Lapras|slp
|-heal|p1a: Lapras|463\/463 slp|[silent]
|-status|p1a: Lapras|slp|[from] move: Rest
|
|turn|18
|c|★Diegolh|dodo
|c|★Diegolh|Oui dodo
|choice|move 3|switch 6
|
|switch|p2a: Zapdos|Zapdos|383\/383
|cant|p1a: Lapras|slp
|
|turn|19
|choice|switch 4|move 3
|
|switch|p1a: Rhydon|Rhydon|310\/413 slp
|move|p2a: Zapdos|Drill Peck|p1a: Rhydon
|-resisted|p1a: Rhydon
|-damage|p1a: Rhydon|270\/413 slp
|
|turn|20
|choice|move 3|switch 4
|
|switch|p2a: Tauros|Tauros|7\/353
|cant|p1a: Rhydon|slp
|
|turn|21
|choice|switch 4|move 2
|
|switch|p1a: Lapras|Lapras|463\/463 slp
|move|p2a: Tauros|Earthquake|p1a: Lapras
|-damage|p1a: Lapras|375\/463 slp
|
|turn|22
|choice|move 2|switch 4
|
|switch|p2a: Zapdos|Zapdos|383\/383
|-curestatus|p1a: Lapras|slp
|
|turn|23
|choice|switch 4|move 2
|
|switch|p1a: Rhydon|Rhydon|270\/413 slp
|move|p2a: Zapdos|Thunderbolt|p1a: Rhydon
|-immune|p1a: Rhydon|[msg]
|
|turn|24
|choice|move 3|move 3
|
|move|p2a: Zapdos|Drill Peck|p1a: Rhydon
|-resisted|p1a: Rhydon
|-damage|p1a: Rhydon|235\/413 slp
|cant|p1a: Rhydon|slp
|
|turn|25
|choice|move 3|switch 4
|
|switch|p2a: Tauros|Tauros|7\/353
|-curestatus|p1a: Rhydon|slp
|
|turn|26
|choice|switch 4|move 1
|
|switch|p1a: Lapras|Lapras|375\/463
|move|p2a: Tauros|Body Slam|p1a: Lapras
|-damage|p1a: Lapras|262\/463
|-status|p1a: Lapras|par
|
|turn|27
|choice|move 1|switch 6
|
|switch|p2a: Chansey|Chansey|539\/703
|move|p1a: Lapras|Blizzard|p2a: Chansey
|-crit|p2a: Chansey
|-damage|p2a: Chansey|270\/703
|
|turn|28
|choice|move 1|move 3
|
|move|p2a: Chansey|Soft-Boiled|p2a: Chansey
|-heal|p2a: Chansey|621\/703
|cant|p1a: Lapras|par
|
|turn|29
|choice|move 1|move 4
|
|move|p2a: Chansey|Seismic Toss|p1a: Lapras
|-damage|p1a: Lapras|162\/463 par
|move|p1a: Lapras|Blizzard|p2a: Chansey
|-damage|p2a: Chansey|481\/703
|-status|p2a: Chansey|frz
|
|turn|30
|choice|move 4|switch 3
|
|switch|p2a: Snorlax|Snorlax|523\/523
|move|p1a: Lapras|Rest|p1a: Lapras
|-status|p1a: Lapras|slp
|-heal|p1a: Lapras|463\/463 slp|[silent]
|-status|p1a: Lapras|slp|[from] move: Rest
|
|turn|31
|choice|move 1|move 1
|
|move|p2a: Snorlax|Body Slam|p1a: Lapras
|-crit|p1a: Lapras
|-damage|p1a: Lapras|208\/463 slp
|cant|p1a: Lapras|slp
|
|turn|32
|choice|move 4|move 4
|
|move|p2a: Snorlax|Earthquake|p1a: Lapras
|-damage|p1a: Lapras|108\/463 slp
|-curestatus|p1a: Lapras|slp
|
|turn|33
|choice|move 4|move 1
|
|move|p2a: Snorlax|Body Slam|p1a: Lapras
|-damage|p1a: Lapras|0 fnt
|faint|p1a: Lapras
|choice|switch 2|
|
|switch|p1a: Tauros|Tauros|353\/353
|turn|34
|choice|move 1|move 3
|
|move|p1a: Tauros|Body Slam|p2a: Snorlax
|-damage|p2a: Snorlax|403\/523
|move|p2a: Snorlax|Counter|p1a: Tauros
|-damage|p1a: Tauros|113\/353
|
|turn|35
|choice|move 2|move 1
|
|move|p1a: Tauros|Hyper Beam|p2a: Snorlax
|-crit|p2a: Snorlax
|-damage|p2a: Snorlax|0 fnt
|faint|p2a: Snorlax
|c|★Diegolh|ok ?
|c|★Evuelf|okay
|c|★Diegolh|thx
|c|★Evuelf|grosse luck
|c|★Evuelf|avec le frz
|c|★Diegolh|A genoux pls
|choice||switch 4
|
|switch|p2a: Zapdos|Zapdos|383\/383
|turn|36
|choice|switch 4|move 3
|
|switch|p1a: Rhydon|Rhydon|235\/413
|move|p2a: Zapdos|Drill Peck|p1a: Rhydon
|-crit|p1a: Rhydon
|-resisted|p1a: Rhydon
|-damage|p1a: Rhydon|162\/413
|
|turn|37
|c|★Diegolh|gros crit frère
|choice|move 3|move 3
|
|move|p2a: Zapdos|Drill Peck|p1a: Rhydon
|-resisted|p1a: Rhydon
|-damage|p1a: Rhydon|120\/413
|move|p1a: Rhydon|Substitute|p1a: Rhydon
|-start|p1a: Rhydon|Substitute
|-damage|p1a: Rhydon|17\/413
|
|turn|38
|choice|move 2|move 3
|
|move|p2a: Zapdos|Drill Peck|p1a: Rhydon
|-resisted|p1a: Rhydon
|-activate|p1a: Rhydon|Substitute|[damage]
|move|p1a: Rhydon|Rock Slide|p2a: Zapdos
|-supereffective|p2a: Zapdos
|-damage|p2a: Zapdos|131\/383
|
|turn|39
|c|★Diegolh|Articuno's brothers
|c|★Diegolh|Oh no
|choice|move 2|move 3
|
|move|p2a: Zapdos|Drill Peck|p1a: Rhydon
|-resisted|p1a: Rhydon
|-activate|p1a: Rhydon|Substitute|[damage]
|move|p1a: Rhydon|Rock Slide|p2a: Zapdos
|-supereffective|p2a: Zapdos
|-damage|p2a: Zapdos|0 fnt
|faint|p2a: Zapdos
|choice||switch 2
|
|switch|p2a: Alakazam|Alakazam|313\/313 par
|turn|40
|choice|move 1|move 3
|
|move|p1a: Rhydon|Earthquake|p2a: Alakazam
|-damage|p2a: Alakazam|92\/313 par
|move|p2a: Alakazam|Psychic|p1a: Rhydon
|-end|p1a: Rhydon|Substitute
|
|turn|41
|choice|move 1|switch 3
|
|switch|p2a: Chansey|Chansey|481\/703 frz
|move|p1a: Rhydon|Earthquake|p2a: Chansey
|-damage|p2a: Chansey|109\/703 frz
|
|turn|42
|choice|move 1|move 2
|
|cant|p2a: Chansey|frz
|move|p1a: Rhydon|Earthquake|p2a: Chansey
|-damage|p2a: Chansey|0 fnt
|faint|p2a: Chansey
|choice||switch 6
|
|switch|p2a: Tauros|Tauros|7\/353
|turn|43
|choice|move 1|move 1
|
|move|p2a: Tauros|Body Slam|p1a: Rhydon
|-resisted|p1a: Rhydon
|-damage|p1a: Rhydon|0 fnt
|faint|p1a: Rhydon
|choice|switch 3|
|
|switch|p1a: Chansey|Chansey|703\/703 par
|turn|44
|choice|move 4|switch 3
|
|switch|p2a: Alakazam|Alakazam|92\/313 par
|move|p1a: Chansey|Thunderbolt|p2a: Alakazam
|-damage|p2a: Alakazam|27\/313 par
|
|turn|45
|choice|move 4|move 1
|
|move|p2a: Alakazam|Thunder Wave|p1a: Chansey
|-fail|p1a: Chansey|par
|move|p1a: Chansey|Thunderbolt|p2a: Alakazam
|-damage|p2a: Alakazam|0 fnt
|faint|p2a: Alakazam
|choice||switch 3
|
|switch|p2a: Tauros|Tauros|7\/353
|turn|46
|choice|move 3|move 1
|
|move|p2a: Tauros|Body Slam|p1a: Chansey
|-damage|p1a: Chansey|435\/703 par
|move|p1a: Chansey|Thunder Wave|p2a: Tauros
|-status|p2a: Tauros|par
|
|turn|47
|choice|move 4|move 4
|
|move|p2a: Tauros|Hyper Beam|p1a: Chansey|[miss]
|-miss|p2a: Tauros
|cant|p1a: Chansey|par
|
|turn|48
|choice|move 4|move 4
|
|move|p2a: Tauros|Hyper Beam|p1a: Chansey
|-damage|p1a: Chansey|0 fnt
|faint|p1a: Chansey
|choice|switch 4|
|
|switch|p1a: Tauros|Tauros|113\/353
|turn|49
|c|★Diegolh|tué par un frère
|c|★Diegolh|quelle tristesse
|c|★Diegolh|dans le respect
|choice|move 2|move 4
|
|move|p1a: Tauros|Hyper Beam|p2a: Tauros
|-damage|p2a: Tauros|0 fnt
|faint|p2a: Tauros
|
|win|Diegolh
|player|p1
|player|p2
|l|Evuelf