|join|Dervodel
|join|KalcetiN
|player|p1|Dervodel|170
|player|p2|KalcetiN|238
|gametype|singles
|gen|1
|tier|[Gen 1] Random Battle
|rated
|rule|Sleep Clause Mod: Limit one foe put to sleep
|rule|Freeze Clause Mod: Limit one foe frozen
|rule|HP Percentage Mod: HP is shown in percentages
|
|start
|switch|p1a: Nidoran-M|Nidoran-M, L96|283\/283
|switch|p2a: Kakuna|Kakuna, L99|290\/290
|turn|1
|
|switch|p1a: Rhydon|Rhydon, L79|328\/328
|move|p2a: Kakuna|String Shot|p1a: Rhydon|[miss]
|-miss|p2a: Kakuna
|
|turn|2
|
|move|p2a: Kakuna|String Shot|p1a: Rhydon|[miss]
|-miss|p2a: Kakuna
|move|p1a: Rhydon|Substitute|p1a: Rhydon
|-start|p1a: Rhydon|Substitute
|-damage|p1a: Rhydon|246\/328
|
|turn|3
|
|switch|p2a: Slowbro|Slowbro, L79|312\/312
|move|p1a: Rhydon|Earthquake|p2a: Slowbro
|-damage|p2a: Slowbro|216\/312
|
|turn|4
|
|move|p1a: Rhydon|Body Slam|p2a: Slowbro
|-crit|p2a: Slowbro
|-damage|p2a: Slowbro|110\/312
|move|p2a: Slowbro|Surf|p1a: Rhydon
|-supereffective|p1a: Rhydon
|-end|p1a: Rhydon|Substitute
|
|turn|5
|
|switch|p1a: Gyarados|Gyarados, L85|335\/335
|move|p2a: Slowbro|Rest|p2a: Slowbro
|-status|p2a: Slowbro|slp
|-heal|p2a: Slowbro|312\/312 slp|[silent]
|-status|p2a: Slowbro|slp|[from] move: Rest
|
|turn|6
|
|move|p1a: Gyarados|Thunderbolt|p2a: Slowbro
|-supereffective|p2a: Slowbro
|-damage|p2a: Slowbro|164\/312 slp
|cant|p2a: Slowbro|slp
|
|turn|7
|
|switch|p2a: Marowak|Marowak, L90|291\/291
|move|p1a: Gyarados|Surf|p2a: Marowak
|-supereffective|p2a: Marowak
|-damage|p2a: Marowak|34\/291
|
|turn|8
|c|★Dervodel|mhm girl
|
|switch|p2a: Kakuna|Kakuna, L99|290\/290
|move|p1a: Gyarados|Surf|p2a: Kakuna
|-crit|p2a: Kakuna
|-damage|p2a: Kakuna|0 fnt
|faint|p2a: Kakuna
|
|switch|p2a: Jolteon|Jolteon, L79|265\/265
|turn|9
|c|★Dervodel|let me just get my bear
|c|★Dervodel|beer lol
|
|switch|p1a: Rhydon|Rhydon, L79|246\/328
|move|p2a: Jolteon|Thunderbolt|p1a: Rhydon
|-immune|p1a: Rhydon|[msg]
|
|turn|10
|
|switch|p2a: Slowbro|Slowbro, L79|164\/312 slp
|move|p1a: Rhydon|Substitute|p1a: Rhydon
|-start|p1a: Rhydon|Substitute
|-damage|p1a: Rhydon|164\/328
|
|turn|11
|
|move|p1a: Rhydon|Body Slam|p2a: Slowbro
|-damage|p2a: Slowbro|105\/312 slp
|-curestatus|p2a: Slowbro|slp
|
|turn|12
|
|move|p1a: Rhydon|Earthquake|p2a: Slowbro
|-damage|p2a: Slowbro|0 fnt
|faint|p2a: Slowbro
|
|switch|p2a: Hitmonchan|Hitmonchan, L90|273\/273
|turn|13
|
|move|p2a: Hitmonchan|Submission|p1a: Rhydon
|-crit|p1a: Rhydon
|-supereffective|p1a: Rhydon
|-end|p1a: Rhydon|Substitute
|-damage|p2a: Hitmonchan|252\/273|[from] recoil|[of] p1a: Rhydon
|move|p1a: Rhydon|Earthquake|p2a: Hitmonchan
|-damage|p2a: Hitmonchan|131\/273
|
|turn|14
|
|switch|p1a: Hypno|Hypno, L85|318\/318
|move|p2a: Hitmonchan|Submission|p1a: Hypno
|-resisted|p1a: Hypno
|-damage|p1a: Hypno|261\/318
|-damage|p2a: Hitmonchan|117\/273|[from] recoil|[of] p1a: Hypno
|
|turn|15
|
|switch|p2a: Lickitung|Lickitung, L90|345\/345
|move|p1a: Hypno|Hypnosis|p2a: Lickitung
|-status|p2a: Lickitung|slp
|
|turn|16
|
|switch|p1a: Rhydon|Rhydon, L79|164\/328
|cant|p2a: Lickitung|slp
|
|turn|17
|
|cant|p2a: Lickitung|slp
|move|p1a: Rhydon|Substitute|p1a: Rhydon
|-start|p1a: Rhydon|Substitute
|-damage|p1a: Rhydon|82\/328
|
|turn|18
|
|cant|p2a: Lickitung|slp
|move|p1a: Rhydon|Earthquake|p2a: Lickitung
|-damage|p2a: Lickitung|230\/345 slp
|
|turn|19
|
|cant|p2a: Lickitung|slp
|move|p1a: Rhydon|Earthquake|p2a: Lickitung
|-damage|p2a: Lickitung|107\/345 slp
|
|turn|20
|
|-curestatus|p2a: Lickitung|slp
|move|p1a: Rhydon|Earthquake|p2a: Lickitung
|-crit|p2a: Lickitung
|-damage|p2a: Lickitung|0 fnt
|faint|p2a: Lickitung
|-message|KalcetiN forfeited.
|
|win|Dervodel
|leave|KalcetiN
|player|p2
|raw|Dervodel's rating: 1372 &rarr; <strong>1380<\/strong><br \/>(+8 for winning)
|raw|KalcetiN's rating: 1125 &rarr; <strong>1116<\/strong><br \/>(-9 for losing)