|j|MALESANI
|j|Mega-Noctali
|player|p1|MALESANI|238
|player|p2|Mega-Noctali|65
|gametype|singles
|gen|1
|tier|[Gen 1] Random Battle
|rated
|seed|2564,34011,64219,53414
|rule|Sleep Clause Mod: Limit one foe put to sleep
|rule|Freeze Clause Mod: Limit one foe frozen
|rule|HP Percentage Mod: HP is shown in percentages
|
|start
|switch|p1a: Pikachu|Pikachu, L96|262\/262
|switch|p2a: Jynx|Jynx, L79|265\/265
|turn|1
|choice|switch 3|move 3
|
|switch|p1a: Machoke|Machoke, L85|310\/310
|move|p2a: Jynx|Lovely Kiss|p1a: Machoke|[miss]
|-miss|p2a: Jynx
|
|turn|2
|choice|move 1|move 4
|
|move|p2a: Jynx|Psychic|p1a: Machoke
|-crit|p1a: Machoke
|-supereffective|p1a: Machoke
|-damage|p1a: Machoke|0 fnt
|faint|p1a: Machoke
|choice|switch 5|
|
|switch|p1a: Tauros|Tauros, L79|280\/280
|turn|3
|choice|move 3|move 3
|
|move|p1a: Tauros|Hyper Beam|p2a: Jynx
|-damage|p2a: Jynx|13\/265
|move|p2a: Jynx|Lovely Kiss|p1a: Tauros
|-status|p1a: Tauros|slp
|
|turn|4
|-mustrecharge|p1a: Tauros
|-mustrecharge|p1a: Tauros
|choice|move 1|move 2
|
|cant|p1a: Tauros|recharge
|move|p2a: Jynx|Blizzard|p1a: Tauros
|-damage|p1a: Tauros|141\/280 slp
|
|turn|5
|choice|move 1|move 2
|
|cant|p1a: Tauros|slp
|move|p2a: Jynx|Blizzard|p1a: Tauros|[miss]
|-miss|p2a: Jynx
|
|turn|6
|choice|move 1|move 2
|
|cant|p1a: Tauros|slp
|move|p2a: Jynx|Blizzard|p1a: Tauros
|-damage|p1a: Tauros|2\/280 slp
|
|turn|7
|choice|move 1|move 4
|
|cant|p1a: Tauros|slp
|move|p2a: Jynx|Psychic|p1a: Tauros
|-damage|p1a: Tauros|0 fnt
|faint|p1a: Tauros
|choice|switch 3|
|
|switch|p1a: Pikachu|Pikachu, L96|262\/262
|turn|8
|choice|move 2|switch 6
|
|switch|p2a: Sandslash|Sandslash, L85|301\/301
|move|p1a: Pikachu|Body Slam|p2a: Sandslash
|-crit|p2a: Sandslash
|-damage|p2a: Sandslash|211\/301
|
|turn|9
|choice|switch 4|move 1
|
|switch|p1a: Hypno|Hypno, L85|318\/318
|move|p2a: Sandslash|Earthquake|p1a: Hypno
|-damage|p1a: Hypno|201\/318
|
|turn|10
|choice|move 1|move 4
|
|move|p1a: Hypno|Psychic|p2a: Sandslash
|-crit|p2a: Sandslash
|-damage|p2a: Sandslash|0 fnt
|faint|p2a: Sandslash
|choice||switch 6
|
|switch|p2a: Jynx|Jynx, L79|13\/265
|turn|11
|choice|switch 2|move 3
|
|switch|p1a: Pidgey|Pidgey, L96|272\/272
|move|p2a: Jynx|Lovely Kiss|p1a: Pidgey
|-status|p1a: Pidgey|slp
|
|turn|12
|choice|switch 2|move 2
|
|switch|p1a: Hypno|Hypno, L85|201\/318
|move|p2a: Jynx|Blizzard|p1a: Hypno
|-damage|p1a: Hypno|113\/318
|
|turn|13
|choice|move 1|move 2
|
|move|p2a: Jynx|Blizzard|p1a: Hypno
|-crit|p1a: Hypno
|-damage|p1a: Hypno|0 fnt
|faint|p1a: Hypno
|choice|switch 4|
|
|switch|p1a: Pikachu|Pikachu, L96|262\/262
|turn|14
|choice|move 2|switch 3
|
|switch|p2a: Muk|Muk, L90|372\/372
|move|p1a: Pikachu|Body Slam|p2a: Muk
|-damage|p2a: Muk|316\/372
|-status|p2a: Muk|par
|
|turn|15
|choice|move 4|move 3
|
|move|p1a: Pikachu|Thunderbolt|p2a: Muk
|-crit|p2a: Muk
|-damage|p2a: Muk|112\/372 par
|cant|p2a: Muk|par
|
|turn|16
|choice|move 4|move 1
|
|move|p1a: Pikachu|Thunderbolt|p2a: Muk
|-crit|p2a: Muk
|-damage|p2a: Muk|0 fnt
|faint|p2a: Muk
|choice||switch 2
|
|switch|p2a: Mewtwo|Mewtwo, L68|285\/285
|turn|17
|c|★Mega-Noctali|thx to crits
|choice|move 2|move 3
|
|move|p1a: Pikachu|Body Slam|p2a: Mewtwo
|-damage|p2a: Mewtwo|223\/285
|move|p2a: Mewtwo|Amnesia|p2a: Mewtwo
|-boost|p2a: Mewtwo|spd|2
|-boost|p2a: Mewtwo|spa|2
|
|turn|18
|choice|move 2|move 1
|
|move|p1a: Pikachu|Body Slam|p2a: Mewtwo
|-damage|p2a: Mewtwo|151\/285
|move|p2a: Mewtwo|Psychic|p1a: Pikachu
|-damage|p1a: Pikachu|47\/262
|
|turn|19
|choice|move 2|move 1
|
|move|p1a: Pikachu|Body Slam|p2a: Mewtwo
|-damage|p2a: Mewtwo|85\/285
|move|p2a: Mewtwo|Psychic|p1a: Pikachu
|-damage|p1a: Pikachu|0 fnt
|faint|p1a: Pikachu
|-message|MALESANI forfeited.
|
|win|Mega-Noctali
|l|MALESANI
|player|p1
|raw|MALESANI's rating: 1371 &rarr; <strong>1342<\/strong><br \/>(-29 for losing)
|raw|Mega-Noctali's rating: 1197 &rarr; <strong>1234<\/strong><br \/>(+37 for winning)