|join|andrewandres
|join|xRoyx
|player|p1|andrewandres|169
|player|p2|xRoyx|290
|gametype|singles
|gen|1
|tier|[Gen 1] Random Battle
|rule|Sleep Clause Mod: Limit one foe put to sleep
|rule|Freeze Clause Mod: Limit one foe frozen
|rule|HP Percentage Mod: HP is shown in percentages
|
|start
|switch|p1a: Nidorino|Nidorino, L90|293\/293
|switch|p2a: Scyther|Scyther, L90|309\/309
|turn|1
|
|move|p2a: Scyther|Hyper Beam|p1a: Nidorino|[miss]
|-miss|p2a: Scyther
|move|p1a: Nidorino|Blizzard|p2a: Scyther
|-supereffective|p2a: Scyther
|-damage|p2a: Scyther|139\/309
|
|turn|2
|
|move|p2a: Scyther|Slash|p1a: Nidorino
|-crit|p1a: Nidorino
|-damage|p1a: Nidorino|145\/293
|move|p1a: Nidorino|Blizzard|p2a: Scyther|[miss]
|-miss|p1a: Nidorino
|
|turn|3
|c|★andrewandres|y falla..joooder
|
|switch|p1a: Marowak|Marowak, L90|291\/291
|move|p2a: Scyther|Slash|p1a: Marowak
|-crit|p1a: Marowak
|-damage|p1a: Marowak|189\/291
|
|turn|4
|
|move|p2a: Scyther|Slash|p1a: Marowak
|-crit|p1a: Marowak
|-damage|p1a: Marowak|100\/291
|move|p1a: Marowak|Blizzard|p2a: Scyther
|-crit|p2a: Scyther
|-supereffective|p2a: Scyther
|-damage|p2a: Scyther|0 fnt
|faint|p2a: Scyther
|
|switch|p2a: Ditto|Ditto, L99|296\/296
|turn|5
|
|move|p2a: Ditto|Transform|p1a: Marowak
|-transform|p2a: Ditto|p1a: Marowak
|move|p1a: Marowak|Blizzard|p2a: Ditto
|-supereffective|p2a: Ditto
|-damage|p2a: Ditto|137\/296
|
|turn|6
|
|move|p2a: Ditto|Seismic Toss|p1a: Marowak
|-damage|p1a: Marowak|1\/291
|move|p1a: Marowak|Blizzard|p2a: Ditto
|-supereffective|p2a: Ditto
|-damage|p2a: Ditto|0 fnt
|faint|p2a: Ditto
|
|switch|p2a: Mewtwo|Mewtwo, L70|293\/293
|turn|7
|
|move|p2a: Mewtwo|Ice Beam|p1a: Marowak
|-supereffective|p1a: Marowak
|-damage|p1a: Marowak|0 fnt
|faint|p1a: Marowak
|
|switch|p1a: Nidorino|Nidorino, L90|145\/293
|turn|8
|
|move|p2a: Mewtwo|Psychic|p1a: Nidorino
|-supereffective|p1a: Nidorino
|-damage|p1a: Nidorino|0 fnt
|faint|p1a: Nidorino
|
|switch|p1a: Raichu|Raichu, L85|276\/276
|turn|9
|
|move|p1a: Raichu|Thunder Wave|p2a: Mewtwo
|-status|p2a: Mewtwo|par
|move|p2a: Mewtwo|Ice Beam|p1a: Raichu
|-damage|p1a: Raichu|213\/276
|
|turn|10
|
|switch|p1a: Weezing|Weezing, L90|300\/300
|move|p2a: Mewtwo|Psychic|p1a: Weezing
|-supereffective|p1a: Weezing
|-damage|p1a: Weezing|129\/300
|-unboost|p1a: Weezing|spd|1
|-unboost|p1a: Weezing|spa|1
|
|turn|11
|
|move|p1a: Weezing|Explosion|p2a: Mewtwo
|-damage|p2a: Mewtwo|0 fnt
|faint|p2a: Mewtwo
|faint|p1a: Weezing
|
|switch|p1a: Dugtrio|Dugtrio, L85|233\/233
|switch|p2a: Magneton|Magneton, L90|273\/273
|turn|12
|
|move|p1a: Dugtrio|Earthquake|p2a: Magneton
|-supereffective|p2a: Magneton
|-damage|p2a: Magneton|92\/273
|move|p2a: Magneton|Double-Edge|p1a: Dugtrio
|-damage|p1a: Dugtrio|156\/233
|-damage|p2a: Magneton|73\/273|[from] recoil|[of] p1a: Dugtrio
|
|turn|13
|-message|andrewandres forfeited.
|
|win|xRoyx
|leave|andrewandres
|player|p1
|join|black600