|join|MALESANI
|join|am14fg
|player|p1|MALESANI|238
|player|p2|am14fg|266
|gametype|singles
|gen|1
|tier|[Gen 1] Random Battle
|rated
|seed|55356,28418,31321,1736
|rule|Sleep Clause Mod: Limit one foe put to sleep
|rule|Freeze Clause Mod: Limit one foe frozen
|rule|HP Percentage Mod: HP is shown in percentages
|
|start
|switch|p1a: Diglett|Diglett, L96|214\/214
|switch|p2a: Jolteon|Jolteon, L79|265\/265
|turn|1
|choice|move 4|switch 2
|
|switch|p2a: Seel|Seel, L96|320\/320
|move|p1a: Diglett|Sand Attack|p2a: Seel
|-unboost|p2a: Seel|accuracy|1
|
|turn|2
|choice|switch 5|move 2
|
|switch|p1a: Dragonair|Dragonair, L85|277\/277
|move|p2a: Seel|Surf|p1a: Dragonair
|-resisted|p1a: Dragonair
|-damage|p1a: Dragonair|216\/277
|
|turn|3
|choice|move 2|move 3
|
|move|p1a: Dragonair|Thunderbolt|p2a: Seel
|-supereffective|p2a: Seel
|-damage|p2a: Seel|204\/320
|move|p2a: Seel|Blizzard|p1a: Dragonair
|-supereffective|p1a: Dragonair
|-damage|p1a: Dragonair|25\/277
|
|turn|4
|choice|move 2|switch 2
|
|switch|p2a: Jolteon|Jolteon, L79|265\/265
|move|p1a: Dragonair|Thunderbolt|p2a: Jolteon
|-crit|p2a: Jolteon
|-resisted|p2a: Jolteon
|-damage|p2a: Jolteon|215\/265
|
|turn|5
|choice|switch 5|move 4
|
|switch|p1a: Diglett|Diglett, L96|214\/214
|move|p2a: Jolteon|Double Kick|p1a: Diglett
|-damage|p1a: Diglett|191\/214
|-damage|p1a: Diglett|168\/214
|-hitcount|p1a: Diglett|2
|
|turn|6
|choice|move 1|switch 2
|
|switch|p2a: Seel|Seel, L96|204\/320
|move|p1a: Diglett|Earthquake|p2a: Seel
|-damage|p2a: Seel|93\/320
|
|turn|7
|choice|move 1|move 2
|
|move|p1a: Diglett|Earthquake|p2a: Seel
|-crit|p2a: Seel
|-damage|p2a: Seel|0 fnt
|faint|p2a: Seel
|choice||switch 3
|
|switch|p2a: Mew|Mew, L74|300\/300
|turn|8
|choice|switch 5|move 1
|
|switch|p1a: Dragonair|Dragonair, L85|25\/277
|move|p2a: Mew|Blizzard|p1a: Dragonair
|-supereffective|p1a: Dragonair
|-damage|p1a: Dragonair|0 fnt
|faint|p1a: Dragonair
|choice|switch 6|
|
|switch|p1a: Jolteon|Jolteon, L79|265\/265
|turn|9
|choice|move 2|move 3
|
|move|p1a: Jolteon|Thunder Wave|p2a: Mew
|-status|p2a: Mew|par
|move|p2a: Mew|Earthquake|p1a: Jolteon
|-supereffective|p1a: Jolteon
|-damage|p1a: Jolteon|105\/265
|
|turn|10
|choice|switch 4|move 3
|
|switch|p1a: Gyarados|Gyarados, L85|335\/335
|cant|p2a: Mew|par
|
|turn|11
|choice|move 4|move 1
|
|move|p1a: Gyarados|Surf|p2a: Mew
|-damage|p2a: Mew|187\/300 par
|move|p2a: Mew|Blizzard|p1a: Gyarados
|-damage|p1a: Gyarados|278\/335
|
|turn|12
|choice|move 2|switch 2
|
|switch|p2a: Jolteon|Jolteon, L79|215\/265
|move|p1a: Gyarados|Body Slam|p2a: Jolteon
|-damage|p2a: Jolteon|121\/265
|
|turn|13
|choice|switch 5|switch 4
|
|switch|p2a: Machoke|Machoke, L85|310\/310
|switch|p1a: Diglett|Diglett, L96|168\/214
|
|turn|14
|choice|switch 3|move 3
|
|switch|p1a: Weezing|Weezing, L90|300\/300
|move|p2a: Machoke|Body Slam|p1a: Weezing
|-damage|p1a: Weezing|250\/300
|
|turn|15
|choice|move 4|move 2
|
|move|p1a: Weezing|Fire Blast|p2a: Machoke
|-damage|p2a: Machoke|195\/310
|move|p2a: Machoke|Earthquake|p1a: Weezing
|-supereffective|p1a: Weezing
|-damage|p1a: Weezing|143\/300
|
|turn|16
|choice|move 3|move 3
|
|move|p1a: Weezing|Sludge|p2a: Machoke
|-damage|p2a: Machoke|102\/310
|move|p2a: Machoke|Body Slam|p1a: Weezing
|-damage|p1a: Weezing|93\/300
|-status|p1a: Weezing|par
|
|turn|17
|choice|move 4|move 2
|
|move|p2a: Machoke|Earthquake|p1a: Weezing
|-supereffective|p1a: Weezing
|-damage|p1a: Weezing|0 fnt
|faint|p1a: Weezing
|choice|switch 5|
|
|switch|p1a: Gyarados|Gyarados, L85|278\/335
|turn|18
|choice|move 4|move 1
|
|move|p1a: Gyarados|Surf|p2a: Machoke
|-crit|p2a: Machoke
|-damage|p2a: Machoke|0 fnt
|faint|p2a: Machoke
|choice||switch 4
|
|switch|p2a: Jolteon|Jolteon, L79|121\/265
|turn|19
|choice|switch 3|move 1
|
|switch|p1a: Diglett|Diglett, L96|168\/214
|move|p2a: Jolteon|Thunderbolt|p1a: Diglett
|-immune|p1a: Diglett|[msg]
|
|turn|20
|choice|move 1|move 4
|
|move|p2a: Jolteon|Double Kick|p1a: Diglett
|-crit|p1a: Diglett
|-damage|p1a: Diglett|120\/214
|-damage|p1a: Diglett|72\/214
|-hitcount|p1a: Diglett|2
|move|p1a: Diglett|Earthquake|p2a: Jolteon
|-supereffective|p2a: Jolteon
|-damage|p2a: Jolteon|0 fnt
|faint|p2a: Jolteon
|choice||switch 5
|
|switch|p2a: Hitmonlee|Hitmonlee, L90|273\/273
|turn|21
|choice|move 1|move 2
|
|move|p1a: Diglett|Earthquake|p2a: Hitmonlee
|-damage|p2a: Hitmonlee|150\/273
|move|p2a: Hitmonlee|High Jump Kick|p1a: Diglett
|-damage|p1a: Diglett|0 fnt
|faint|p1a: Diglett
|choice|switch 4|
|
|switch|p1a: Jolteon|Jolteon, L79|105\/265
|turn|22
|choice|move 1|move 2
|
|move|p1a: Jolteon|Thunderbolt|p2a: Hitmonlee
|-damage|p2a: Hitmonlee|0 fnt
|faint|p2a: Hitmonlee
|choice||switch 6
|
|switch|p2a: Arcanine|Arcanine, L85|327\/327
|turn|23
|choice|move 2|move 1
|
|move|p1a: Jolteon|Thunder Wave|p2a: Arcanine
|-status|p2a: Arcanine|par
|move|p2a: Arcanine|Hyper Beam|p1a: Jolteon
|-crit|p1a: Jolteon
|-damage|p1a: Jolteon|0 fnt
|faint|p1a: Jolteon
|choice|switch 2|
|
|switch|p1a: Jigglypuff|Jigglypuff, L99|428\/428
|turn|24
|choice|move 3|move 4
|
|move|p1a: Jigglypuff|Body Slam|p2a: Arcanine
|-crit|p2a: Arcanine
|-damage|p2a: Arcanine|160\/327 par
|move|p2a: Arcanine|Fire Blast|p1a: Jigglypuff
|-damage|p1a: Jigglypuff|255\/428
|
|turn|25
|choice|move 3|move 1
|
|move|p1a: Jigglypuff|Body Slam|p2a: Arcanine
|-damage|p2a: Arcanine|81\/327 par
|move|p2a: Arcanine|Hyper Beam|p1a: Jigglypuff
|-crit|p1a: Jigglypuff
|-damage|p1a: Jigglypuff|0 fnt
|faint|p1a: Jigglypuff
|choice|switch 3|
|
|switch|p1a: Gyarados|Gyarados, L85|278\/335
|turn|26
|choice|move 4|switch 2
|
|switch|p2a: Mew|Mew, L74|187\/300 par
|move|p1a: Gyarados|Surf|p2a: Mew
|-damage|p2a: Mew|71\/300 par
|
|turn|27
|choice|move 4|move 2
|
|move|p1a: Gyarados|Surf|p2a: Mew
|-damage|p2a: Mew|0 fnt
|faint|p2a: Mew
|choice||switch 2
|
|switch|p2a: Arcanine|Arcanine, L85|81\/327 par
|turn|28
|choice|move 4|move 1
|
|move|p1a: Gyarados|Surf|p2a: Arcanine
|-supereffective|p2a: Arcanine
|-damage|p2a: Arcanine|0 fnt
|faint|p2a: Arcanine
|
|win|MALESANI
|raw|MALESANI's rating: 1485 &rarr; <strong>1503<\/strong><br \/>(+18 for winning)
|raw|am14fg's rating: 1450 &rarr; <strong>1432<\/strong><br \/>(-18 for losing)
|c|★MALESANI|gg