|join|Master Olive
|join|Dervodel
|player|p1|Master Olive|102
|player|p2|Dervodel|266
|gametype|singles
|gen|1
|tier|[Gen 1] Random Battle
|rated
|rule|Sleep Clause Mod: Limit one foe put to sleep
|rule|Freeze Clause Mod: Limit one foe frozen
|rule|HP Percentage Mod: HP is shown in percentages
|
|start
|switch|p1a: Beedrill|Beedrill, L90|300\/300
|switch|p2a: Charmander|Charmander, L96|270\/270
|turn|1
|
|switch|p1a: Gyarados|Gyarados, L85|335\/335
|move|p2a: Charmander|Substitute|p2a: Charmander
|-start|p2a: Charmander|Substitute
|-damage|p2a: Charmander|203\/270
|
|turn|2
|
|move|p1a: Gyarados|Thunderbolt|p2a: Charmander
|-crit|p2a: Charmander
|-end|p2a: Charmander|Substitute
|move|p2a: Charmander|Slash|p1a: Gyarados
|-crit|p1a: Gyarados
|-damage|p1a: Gyarados|248\/335
|
|turn|3
|
|move|p1a: Gyarados|Thunderbolt|p2a: Charmander
|-damage|p2a: Charmander|116\/270
|move|p2a: Charmander|Slash|p1a: Gyarados
|-crit|p1a: Gyarados
|-damage|p1a: Gyarados|154\/335
|
|turn|4
|
|move|p1a: Gyarados|Body Slam|p2a: Charmander
|-damage|p2a: Charmander|23\/270
|move|p2a: Charmander|Slash|p1a: Gyarados
|-crit|p1a: Gyarados
|-damage|p1a: Gyarados|62\/335
|
|turn|5
|
|move|p1a: Gyarados|Thunderbolt|p2a: Charmander
|-damage|p2a: Charmander|0 fnt
|faint|p2a: Charmander
|
|switch|p2a: Alakazam|Alakazam, L79|249\/249
|turn|6
|
|move|p2a: Alakazam|Psychic|p1a: Gyarados
|-damage|p1a: Gyarados|0 fnt
|faint|p1a: Gyarados
|
|switch|p1a: Beedrill|Beedrill, L90|300\/300
|turn|7
|
|switch|p2a: Pidgeot|Pidgeot, L90|333\/333
|move|p1a: Beedrill|Twineedle|p2a: Pidgeot
|-crit|p2a: Pidgeot
|-resisted|p2a: Pidgeot
|-damage|p2a: Pidgeot|308\/333
|-damage|p2a: Pidgeot|283\/333
|-hitcount|p2a: Pidgeot|2
|
|turn|8
|
|switch|p1a: Electabuzz|Electabuzz, L85|284\/284
|move|p2a: Pidgeot|Sky Attack|p1a: Electabuzz|[still]
|-prepare|p2a: Pidgeot|Sky Attack|p1a: Electabuzz
|
|turn|9
|
|move|p1a: Electabuzz|Thunderbolt|p2a: Pidgeot
|-crit|p2a: Pidgeot
|-supereffective|p2a: Pidgeot
|-damage|p2a: Pidgeot|0 fnt
|faint|p2a: Pidgeot
|
|switch|p2a: Machop|Machop, L96|329\/329
|turn|10
|
|move|p1a: Electabuzz|Psychic|p2a: Machop
|-crit|p2a: Machop
|-supereffective|p2a: Machop
|-damage|p2a: Machop|0 fnt
|faint|p2a: Machop
|
|switch|p2a: Alakazam|Alakazam, L79|249\/249
|turn|11
|
|move|p2a: Alakazam|Thunder Wave|p1a: Electabuzz
|-status|p1a: Electabuzz|par
|cant|p1a: Electabuzz|par
|
|turn|12
|
|switch|p2a: Clefable|Clefable, L85|335\/335
|move|p1a: Electabuzz|Thunder Wave|p2a: Clefable
|-status|p2a: Clefable|par
|
|turn|13
|
|move|p1a: Electabuzz|Thunderbolt|p2a: Clefable
|-damage|p2a: Clefable|235\/335 par
|move|p2a: Clefable|Ice Beam|p1a: Electabuzz
|-damage|p1a: Electabuzz|219\/284 par
|
|turn|14
|
|cant|p1a: Electabuzz|par
|move|p2a: Clefable|Hyper Beam|p1a: Electabuzz
|-damage|p1a: Electabuzz|61\/284 par
|
|turn|15
|-mustrecharge|p2a: Clefable
|-mustrecharge|p2a: Clefable
|
|move|p1a: Electabuzz|Seismic Toss|p2a: Clefable
|-damage|p2a: Clefable|150\/335 par
|cant|p2a: Clefable|recharge
|
|turn|16
|
|move|p1a: Electabuzz|Seismic Toss|p2a: Clefable
|-damage|p2a: Clefable|65\/335 par
|move|p2a: Clefable|Hyper Beam|p1a: Electabuzz
|-damage|p1a: Electabuzz|0 fnt
|faint|p1a: Electabuzz
|
|switch|p1a: Beedrill|Beedrill, L90|300\/300
|turn|17
|
|move|p1a: Beedrill|Swords Dance|p1a: Beedrill
|-boost|p1a: Beedrill|atk|2
|cant|p2a: Clefable|par
|
|turn|18
|
|move|p1a: Beedrill|Twineedle|p2a: Clefable
|-damage|p2a: Clefable|0 fnt
|-hitcount|p2a: Clefable|1
|faint|p2a: Clefable
|
|switch|p2a: Alakazam|Alakazam, L79|249\/249
|turn|19
|
|move|p2a: Alakazam|Thunder Wave|p1a: Beedrill
|-status|p1a: Beedrill|par
|move|p1a: Beedrill|Twineedle|p2a: Alakazam
|-supereffective|p2a: Alakazam
|-damage|p2a: Alakazam|85\/249
|-damage|p2a: Alakazam|0 fnt
|-hitcount|p2a: Alakazam|2
|faint|p2a: Alakazam
|
|switch|p2a: Omastar|Omastar, L90|309\/309
|turn|20
|
|move|p2a: Omastar|Blizzard|p1a: Beedrill
|-damage|p1a: Beedrill|150\/300 par
|cant|p1a: Beedrill|par
|
|turn|21
|
|move|p2a: Omastar|Blizzard|p1a: Beedrill
|-damage|p1a: Beedrill|7\/300 par
|move|p1a: Beedrill|Hyper Beam|p2a: Omastar|[miss]
|-miss|p1a: Beedrill
|
|turn|22
|
|move|p2a: Omastar|Surf|p1a: Beedrill
|-damage|p1a: Beedrill|0 fnt
|faint|p1a: Beedrill
|
|switch|p1a: Voltorb|Voltorb, L96|272\/272
|turn|23
|
|move|p1a: Voltorb|Explosion|p2a: Omastar
|-resisted|p2a: Omastar
|-damage|p2a: Omastar|253\/309
|faint|p1a: Voltorb
|c|★Dervodel|kokuna!
|
|switch|p1a: Meowth|Meowth, L96|272\/272
|turn|24
|
|move|p1a: Meowth|Thunderbolt|p2a: Omastar
|-supereffective|p2a: Omastar
|-damage|p2a: Omastar|176\/309
|move|p2a: Omastar|Surf|p1a: Meowth
|-damage|p1a: Meowth|106\/272
|
|turn|25
|
|move|p1a: Meowth|Thunderbolt|p2a: Omastar
|-supereffective|p2a: Omastar
|-damage|p2a: Omastar|89\/309
|move|p2a: Omastar|Surf|p1a: Meowth
|-damage|p1a: Meowth|0 fnt
|faint|p1a: Meowth
|
|switch|p1a: Snorlax|Snorlax, L79|415\/415
|turn|26
|
|move|p2a: Omastar|Surf|p1a: Snorlax
|-damage|p1a: Snorlax|247\/415
|move|p1a: Snorlax|Thunderbolt|p2a: Omastar
|-supereffective|p2a: Omastar
|-damage|p2a: Omastar|17\/309
|
|turn|27
|
|move|p2a: Omastar|Rest|p2a: Omastar
|-status|p2a: Omastar|slp
|-heal|p2a: Omastar|309\/309 slp|[silent]
|-status|p2a: Omastar|slp|[from] move: Rest
|move|p1a: Snorlax|Hyper Beam|p2a: Omastar|[miss]
|-miss|p1a: Snorlax
|
|turn|28
|
|cant|p2a: Omastar|slp
|move|p1a: Snorlax|Thunderbolt|p2a: Omastar
|-supereffective|p2a: Omastar
|-damage|p2a: Omastar|238\/309 slp
|
|turn|29
|
|-curestatus|p2a: Omastar|slp
|move|p1a: Snorlax|Thunderbolt|p2a: Omastar
|-supereffective|p2a: Omastar
|-damage|p2a: Omastar|159\/309
|
|turn|30
|
|move|p2a: Omastar|Seismic Toss|p1a: Snorlax
|-damage|p1a: Snorlax|157\/415
|move|p1a: Snorlax|Thunderbolt|p2a: Omastar
|-supereffective|p2a: Omastar
|-damage|p2a: Omastar|82\/309
|
|turn|31
|
|move|p2a: Omastar|Seismic Toss|p1a: Snorlax
|-damage|p1a: Snorlax|67\/415
|move|p1a: Snorlax|Hyper Beam|p2a: Omastar
|-resisted|p2a: Omastar
|-damage|p2a: Omastar|24\/309
|
|turn|32
|-mustrecharge|p1a: Snorlax
|c|★Dervodel|lol gg
|-mustrecharge|p1a: Snorlax
|
|move|p2a: Omastar|Seismic Toss|p1a: Snorlax
|-damage|p1a: Snorlax|0 fnt
|faint|p1a: Snorlax
|
|win|Dervodel
|raw|Ladder updating...
|raw|Master Olive's rating: 1030 &rarr; <strong>1020<\/strong><br \/>(-10 for losing)
|raw|Dervodel's rating: 1151 &rarr; <strong>1167<\/strong><br \/>(+16 for winning)