|join|Disaster Area
|join|HannahHeliolisk
|player|p1|Disaster Area|32
|player|p2|HannahHeliolisk|8
|gametype|singles
|gen|1
|tier|[Gen 1] OU
|rule|Sleep Clause Mod: Limit one foe put to sleep
|rule|Freeze Clause Mod: Limit one foe frozen
|rule|Species Clause: Limit one of each Pokémon
|rule|OHKO Clause: OHKO moves are banned
|rule|Evasion Moves Clause: Evasion moves are banned
|rule|HP Percentage Mod: HP is shown in percentages
|
|start
|switch|p1a: Gengar|Gengar|323\/323
|switch|p2a: Gengar|Gengar|323\/323
|turn|1
|c|★Disaster Area|gl hf
|c|★HannahHeliolisk|thanks for the match!
|c|★Disaster Area|np
|
|move|p2a: Gengar|Hypnosis|p1a: Gengar
|-status|p1a: Gengar|slp
|cant|p1a: Gengar|slp
|
|turn|2
|c|★Disaster Area|if u want to play more there's always
|c|★Disaster Area|regular forum tours and stuff
|c|★Disaster Area|on http:\/\/www.pokemonperfect.com\/forums\/index.php
|
|switch|p1a: Exeggutor|Exeggutor|393\/393
|move|p2a: Gengar|Thunderbolt|p1a: Exeggutor
|-resisted|p1a: Exeggutor
|-damage|p1a: Exeggutor|357\/393
|
|turn|3
|c|★HannahHeliolisk|ah, is that the forum for sky pillars?
|
|switch|p2a: Chansey|Chansey|703\/703
|move|p1a: Exeggutor|Psychic|p2a: Chansey
|-damage|p2a: Chansey|583\/703
|
|turn|4
|c|★Disaster Area|no it is not but I do keep people in
|c|★Disaster Area|sky pillar updated with what's going on on there generally
|
|move|p1a: Exeggutor|Sleep Powder|p2a: Chansey
|-status|p2a: Chansey|slp
|-curestatus|p2a: Chansey|slp
|
|turn|5
|c|★Disaster Area|(fwiw if it was a room for pokemon perfect chaos wouldn't allow it on PS :( )
|
|move|p1a: Exeggutor|Sleep Powder|p2a: Chansey
|-status|p2a: Chansey|slp
|cant|p2a: Chansey|slp
|
|turn|6
|
|switch|p1a: Koopacow|Tauros|353\/353
|switch|p2a: Persian|Persian|333\/333
|
|turn|7
|
|move|p2a: Persian|Slash|p1a: Koopacow
|-crit|p1a: Koopacow
|-damage|p1a: Koopacow|211\/353
|move|p1a: Koopacow|Body Slam|p2a: Persian
|-damage|p2a: Persian|186\/333
|
|turn|8
|
|switch|p1a: Gengar|Gengar|323\/323 slp
|move|p2a: Persian|Slash|p1a: Gengar
|-immune|p1a: Gengar|[msg]
|
|turn|9
|
|switch|p1a: Exeggutor|Exeggutor|357\/393
|move|p2a: Persian|Bubble Beam|p1a: Exeggutor
|-resisted|p1a: Exeggutor
|-damage|p1a: Exeggutor|341\/393
|
|turn|10
|
|move|p2a: Persian|Screech|p1a: Exeggutor
|-unboost|p1a: Exeggutor|def|2
|move|p1a: Exeggutor|Stun Spore|p2a: Persian
|-status|p2a: Persian|par
|
|turn|11
|
|switch|p1a: Gengar|Gengar|323\/323 slp
|move|p2a: Persian|Hyper Beam|p1a: Gengar
|-immune|p1a: Gengar|[msg]
|
|turn|12
|
|switch|p2a: Gengar|Gengar|323\/323
|-curestatus|p1a: Gengar|slp
|
|turn|13
|
|move|p1a: Gengar|Thunderbolt|p2a: Gengar
|-damage|p2a: Gengar|253\/323
|move|p2a: Gengar|Thunderbolt|p1a: Gengar
|-damage|p1a: Gengar|247\/323
|
|turn|14
|
|move|p2a: Gengar|Hypnosis|p1a: Gengar|[miss]
|-miss|p2a: Gengar
|move|p1a: Gengar|Thunderbolt|p2a: Gengar
|-damage|p2a: Gengar|184\/323
|
|turn|15
|
|move|p1a: Gengar|Night Shade|p2a: Gengar
|-damage|p2a: Gengar|84\/323
|move|p2a: Gengar|Hypnosis|p1a: Gengar
|-status|p1a: Gengar|slp
|
|turn|16
|
|switch|p2a: Slowbro|Slowbro|393\/393
|cant|p1a: Gengar|slp
|
|turn|17
|
|switch|p1a: Exeggutor|Exeggutor|341\/393
|move|p2a: Slowbro|Amnesia|p2a: Slowbro
|-boost|p2a: Slowbro|spd|2
|-boost|p2a: Slowbro|spa|2
|
|turn|18
|
|move|p1a: Exeggutor|Stun Spore|p2a: Slowbro|[miss]
|-miss|p1a: Exeggutor
|move|p2a: Slowbro|Thunder Wave|p1a: Exeggutor
|-status|p1a: Exeggutor|par
|
|turn|19
|
|move|p2a: Slowbro|Amnesia|p2a: Slowbro
|-boost|p2a: Slowbro|spd|2
|-boost|p2a: Slowbro|spa|2
|cant|p1a: Exeggutor|par
|
|turn|20
|
|move|p2a: Slowbro|Amnesia|p2a: Slowbro
|-boost|p2a: Slowbro|spd|2
|-boost|p2a: Slowbro|spa|2
|move|p1a: Exeggutor|Stun Spore|p2a: Slowbro|[miss]
|-miss|p1a: Exeggutor
|
|turn|21
|c|★HannahHeliolisk|sorry :S
|c|★Disaster Area|lol
|c|★Disaster Area|it happens dw
|
|move|p2a: Slowbro|Psychic|p1a: Exeggutor
|-resisted|p1a: Exeggutor
|-damage|p1a: Exeggutor|199\/393 par
|move|p1a: Exeggutor|Stun Spore|p2a: Slowbro
|-status|p2a: Slowbro|par
|
|turn|22
|
|move|p2a: Slowbro|Psychic|p1a: Exeggutor
|-crit|p1a: Exeggutor
|-resisted|p1a: Exeggutor
|-damage|p1a: Exeggutor|121\/393 par
|-unboost|p1a: Exeggutor|spd|1
|-unboost|p1a: Exeggutor|spa|1
|move|p1a: Exeggutor|Explosion|p2a: Slowbro
|-damage|p2a: Slowbro|140\/393 par
|faint|p1a: Exeggutor
|
|switch|p1a: Lapras|Lapras|463\/463
|turn|23
|
|move|p1a: Lapras|Confuse Ray|p2a: Slowbro
|-start|p2a: Slowbro|confusion
|-activate|p2a: Slowbro|confusion
|-damage|p2a: Slowbro|112\/393 par|[from] confusion
|
|turn|24
|
|move|p1a: Lapras|Thunderbolt|p2a: Slowbro
|-supereffective|p2a: Slowbro
|-damage|p2a: Slowbro|63\/393 par
|-activate|p2a: Slowbro|confusion
|-damage|p2a: Slowbro|35\/393 par|[from] confusion
|
|turn|25
|
|move|p1a: Lapras|Thunderbolt|p2a: Slowbro
|-supereffective|p2a: Slowbro
|-damage|p2a: Slowbro|0 fnt
|faint|p2a: Slowbro
|
|switch|p2a: Snorlax|Snorlax|523\/523
|turn|26
|
|move|p1a: Lapras|Blizzard|p2a: Snorlax
|-damage|p2a: Snorlax|359\/523
|move|p2a: Snorlax|Body Slam|p1a: Lapras
|-damage|p1a: Lapras|333\/463
|-status|p1a: Lapras|par
|
|turn|27
|
|switch|p1a: Chansey|Chansey|703\/703
|move|p2a: Snorlax|Body Slam|p1a: Chansey
|-damage|p1a: Chansey|414\/703
|
|turn|28
|
|move|p1a: Chansey|Soft-Boiled|p1a: Chansey
|-heal|p1a: Chansey|703\/703
|move|p2a: Snorlax|Body Slam|p1a: Chansey
|-damage|p1a: Chansey|401\/703
|
|turn|29
|
|move|p1a: Chansey|Thunder Wave|p2a: Snorlax
|-status|p2a: Snorlax|par
|move|p2a: Snorlax|Body Slam|p1a: Chansey
|-damage|p1a: Chansey|111\/703
|
|turn|30
|
|move|p1a: Chansey|Soft-Boiled|p1a: Chansey
|-heal|p1a: Chansey|462\/703
|move|p2a: Snorlax|Body Slam|p1a: Chansey
|-damage|p1a: Chansey|165\/703
|
|turn|31
|
|move|p1a: Chansey|Soft-Boiled|p1a: Chansey
|-heal|p1a: Chansey|516\/703
|move|p2a: Snorlax|Body Slam|p1a: Chansey
|-damage|p1a: Chansey|245\/703
|
|turn|32
|
|move|p1a: Chansey|Soft-Boiled|p1a: Chansey
|-heal|p1a: Chansey|596\/703
|move|p2a: Snorlax|Body Slam|p1a: Chansey
|-damage|p1a: Chansey|314\/703
|
|turn|33
|
|move|p1a: Chansey|Soft-Boiled|p1a: Chansey
|-heal|p1a: Chansey|665\/703
|move|p2a: Snorlax|Body Slam|p1a: Chansey
|-damage|p1a: Chansey|363\/703
|
|turn|34
|
|switch|p1a: Gengar|Gengar|247\/323 slp
|move|p2a: Snorlax|Body Slam|p1a: Gengar
|-immune|p1a: Gengar|[msg]
|
|turn|35
|
|switch|p1a: Snorlax|Snorlax|523\/523
|move|p2a: Snorlax|Earthquake|p1a: Snorlax
|-damage|p1a: Snorlax|420\/523
|
|turn|36
|c|★HannahHeliolisk|maan
|
|switch|p2a: Gengar|Gengar|84\/323
|move|p1a: Snorlax|Reflect|p1a: Snorlax
|-start|p1a: Snorlax|Reflect
|
|turn|37
|
|move|p2a: Gengar|Hypnosis|p1a: Snorlax
|-message|Sleep Clause Mod activated.
|move|p1a: Snorlax|Amnesia|p1a: Snorlax
|-boost|p1a: Snorlax|spd|2
|-boost|p1a: Snorlax|spa|2
|
|turn|38
|c|★HannahHeliolisk|whoops
|
|move|p2a: Gengar|Explosion|p1a: Snorlax
|-damage|p1a: Snorlax|284\/523
|faint|p2a: Gengar
|
|switch|p2a: Tauros|Tauros|353\/353
|turn|39
|
|move|p2a: Tauros|Body Slam|p1a: Snorlax
|-damage|p1a: Snorlax|223\/523
|move|p1a: Snorlax|Ice Beam|p2a: Tauros
|-damage|p2a: Tauros|213\/353
|
|turn|40
|
|move|p2a: Tauros|Body Slam|p1a: Snorlax
|-crit|p1a: Snorlax
|-damage|p1a: Snorlax|0 fnt
|faint|p1a: Snorlax
|
|switch|p1a: Koopacow|Tauros|211\/353
|turn|41
|
|move|p1a: Koopacow|Body Slam|p2a: Tauros
|-damage|p2a: Tauros|102\/353
|move|p2a: Tauros|Hyper Beam|p1a: Koopacow
|-crit|p1a: Koopacow
|-damage|p1a: Koopacow|0 fnt
|faint|p1a: Koopacow
|c|★Disaster Area|i wasn't in range
|c|★Disaster Area|of HB
|c|★Disaster Area|>.>
|
|switch|p1a: Lapras|Lapras|333\/463 par
|turn|42
|c|★HannahHeliolisk|whoops
|
|move|p2a: Tauros|Body Slam|p1a: Lapras
|-damage|p1a: Lapras|209\/463 par
|move|p1a: Lapras|Blizzard|p2a: Tauros|[miss]
|-miss|p1a: Lapras
|
|turn|43
|c|★Disaster Area|x_x
|c|★Disaster Area|ok at this point these things matter lol
|c|★HannahHeliolisk|oh well, even if i win it's just through hax
|
|move|p2a: Tauros|Body Slam|p1a: Lapras
|-damage|p1a: Lapras|91\/463 par
|move|p1a: Lapras|Blizzard|p2a: Tauros
|-damage|p2a: Tauros|0 fnt
|faint|p2a: Tauros
|c|★HannahHeliolisk|you obviously played better
|c|★Disaster Area|nah every win is legit
|
|switch|p2a: Persian|Persian|186\/333 par
|turn|44
|
|switch|p1a: Gengar|Gengar|247\/323 slp
|move|p2a: Persian|Slash|p1a: Gengar
|-immune|p1a: Gengar|[msg]
|
|turn|45
|
|switch|p2a: Chansey|Chansey|583\/703 slp
|cant|p1a: Gengar|slp
|
|turn|46
|
|switch|p1a: Lapras|Lapras|91\/463 par
|-curestatus|p2a: Chansey|slp
|
|turn|47
|
|switch|p1a: Chansey|Chansey|363\/703
|move|p2a: Chansey|Ice Beam|p1a: Chansey
|-crit|p1a: Chansey
|-damage|p1a: Chansey|226\/703
|
|turn|48
|
|move|p2a: Chansey|Ice Beam|p1a: Chansey
|-damage|p1a: Chansey|150\/703
|move|p1a: Chansey|Soft-Boiled|p1a: Chansey
|-heal|p1a: Chansey|501\/703
|
|turn|49
|
|switch|p1a: Gengar|Gengar|247\/323 slp
|move|p2a: Chansey|Ice Beam|p1a: Gengar
|-damage|p1a: Gengar|182\/323 slp
|
|turn|50
|
|cant|p1a: Gengar|slp
|move|p2a: Chansey|Ice Beam|p1a: Gengar
|-crit|p1a: Gengar
|-damage|p1a: Gengar|51\/323 slp
|
|turn|51
|
|switch|p1a: Lapras|Lapras|91\/463 par
|move|p2a: Chansey|Ice Beam|p1a: Lapras
|-resisted|p1a: Lapras
|-damage|p1a: Lapras|73\/463 par
|
|turn|52
|
|switch|p2a: Persian|Persian|186\/333 par
|switch|p1a: Chansey|Chansey|501\/703
|
|turn|53
|
|move|p1a: Chansey|Ice Beam|p2a: Persian
|-damage|p2a: Persian|92\/333 par
|move|p2a: Persian|Slash|p1a: Chansey
|-crit|p1a: Chansey
|-damage|p1a: Chansey|177\/703
|
|turn|54
|
|move|p1a: Chansey|Soft-Boiled|p1a: Chansey
|-heal|p1a: Chansey|528\/703
|cant|p2a: Persian|par
|
|turn|55
|
|move|p1a: Chansey|Ice Beam|p2a: Persian
|-damage|p2a: Persian|0 fnt
|faint|p2a: Persian
|
|switch|p2a: Snorlax|Snorlax|359\/523 par
|turn|56
|
|move|p1a: Chansey|Ice Beam|p2a: Snorlax
|-damage|p2a: Snorlax|254\/523 par
|move|p2a: Snorlax|Self-Destruct|p1a: Chansey
|-damage|p1a: Chansey|0 fnt
|faint|p1a: Chansey
|faint|p2a: Snorlax
|c|★Disaster Area|gg
|c|★Disaster Area|rip
|c|★HannahHeliolisk|gg
|
|switch|p2a: Chansey|Chansey|583\/703
|switch|p1a: Lapras|Lapras|73\/463 par
|turn|57
|
|move|p2a: Chansey|Ice Beam|p1a: Lapras
|-resisted|p1a: Lapras
|-damage|p1a: Lapras|56\/463 par
|move|p1a: Lapras|Confuse Ray|p2a: Chansey
|-start|p2a: Chansey|confusion
|
|turn|58
|c|★Disaster Area|oh only ice beam
|c|★Disaster Area|I have a chance
|c|★Disaster Area|:D
|c|★Disaster Area|**COME ON LAPRAS!**
|c|★Disaster Area|:>
|
|-activate|p2a: Chansey|confusion
|move|p2a: Chansey|Ice Beam|p1a: Lapras
|-crit|p1a: Lapras
|-resisted|p1a: Lapras
|-damage|p1a: Lapras|20\/463 par
|move|p1a: Lapras|Blizzard|p2a: Chansey
|-crit|p2a: Chansey
|-damage|p2a: Chansey|330\/703
|
|turn|59
|c|★HannahHeliolisk|reveal rest
|c|★Disaster Area|i wish lmao
|
|-activate|p2a: Chansey|confusion
|-damage|p2a: Chansey|295\/703|[from] confusion
|cant|p1a: Lapras|par
|
|turn|60
|
|-activate|p2a: Chansey|confusion
|-damage|p2a: Chansey|260\/703|[from] confusion
|move|p1a: Lapras|Blizzard|p2a: Chansey
|-damage|p2a: Chansey|123\/703
|-status|p2a: Chansey|frz
|
|turn|61
|c|★HannahHeliolisk|lmao
|c|★Disaster Area|:D
|c|★HannahHeliolisk|gg
|c|★Disaster Area|there we go
|c|★Disaster Area|gg
|
|cant|p2a: Chansey|frz
|move|p1a: Lapras|Body Slam|p2a: Chansey
|-damage|p2a: Chansey|0 fnt
|faint|p2a: Chansey
|
|win|Disaster Area
|c|★Disaster Area|in spite of that luck
|c|★Disaster Area|I managed to get victory
|c|★Disaster Area|:>
|leave|HannahHeliolisk
|player|p2
|c|★Disaster Area|ty for the game
|c|★Disaster Area|^_^