|join|SonicJaxx
|join|librarynoob
|player|p1|SonicJaxx|80
|player|p2|librarynoob|266
|gametype|singles
|gen|1
|tier|[Gen 1] Random Battle
|rated
|rule|Sleep Clause Mod: Limit one foe put to sleep
|rule|Freeze Clause Mod: Limit one foe frozen
|rule|HP Percentage Mod: HP is shown in percentages
|
|start
|switch|p1a: Nidorina|Nidorina, L90|309\/309
|switch|p2a: Scyther|Scyther, L85|293\/293
|turn|1
|
|switch|p2a: Venomoth|Venomoth, L85|293\/293
|switch|p1a: Magneton|Magneton, L85|259\/259
|
|turn|2
|
|switch|p1a: Nidorina|Nidorina, L90|309\/309
|move|p2a: Venomoth|Sleep Powder|p1a: Nidorina|[miss]
|-miss|p2a: Venomoth
|
|turn|3
|
|move|p2a: Venomoth|Psychic|p1a: Nidorina
|-supereffective|p1a: Nidorina
|-damage|p1a: Nidorina|154\/309
|-unboost|p1a: Nidorina|spd|1
|-unboost|p1a: Nidorina|spa|1
|move|p1a: Nidorina|Body Slam|p2a: Venomoth
|-damage|p2a: Venomoth|227\/293
|
|turn|4
|
|switch|p1a: Magneton|Magneton, L85|259\/259
|move|p2a: Venomoth|Psychic|p1a: Magneton
|-damage|p1a: Magneton|206\/259
|-unboost|p1a: Magneton|spd|1
|-unboost|p1a: Magneton|spa|1
|
|turn|5
|
|move|p2a: Venomoth|Sleep Powder|p1a: Magneton
|-status|p1a: Magneton|slp
|cant|p1a: Magneton|slp
|
|turn|6
|
|switch|p1a: Victreebel|Victreebel, L85|310\/310
|move|p2a: Venomoth|Psychic|p1a: Victreebel
|-supereffective|p1a: Victreebel
|-damage|p1a: Victreebel|194\/310
|
|turn|7
|
|move|p2a: Venomoth|Psychic|p1a: Victreebel
|-supereffective|p1a: Victreebel
|-damage|p1a: Victreebel|84\/310
|move|p1a: Victreebel|Sleep Powder|p2a: Venomoth
|-status|p2a: Venomoth|slp
|
|turn|8
|
|switch|p2a: Scyther|Scyther, L85|293\/293
|move|p1a: Victreebel|Swords Dance|p1a: Victreebel
|-boost|p1a: Victreebel|atk|2
|
|turn|9
|
|switch|p1a: Nidorina|Nidorina, L90|154\/309
|move|p2a: Scyther|Hyper Beam|p1a: Nidorina
|-damage|p1a: Nidorina|29\/309
|
|turn|10
|
|cant|p2a: Scyther|recharge
|move|p1a: Nidorina|Leer|p2a: Scyther
|-unboost|p2a: Scyther|def|1
|
|turn|11
|
|move|p2a: Scyther|Slash|p1a: Nidorina
|-crit|p1a: Nidorina
|-damage|p1a: Nidorina|0 fnt
|faint|p1a: Nidorina
|
|switch|p1a: Clefable|Clefable, L85|335\/335
|turn|12
|
|move|p2a: Scyther|Swords Dance|p2a: Scyther
|-boost|p2a: Scyther|atk|2
|move|p1a: Clefable|Thunderbolt|p2a: Scyther
|-supereffective|p2a: Scyther
|-damage|p2a: Scyther|137\/293
|
|turn|13
|
|move|p2a: Scyther|Slash|p1a: Clefable
|-crit|p1a: Clefable
|-damage|p1a: Clefable|219\/335
|move|p1a: Clefable|Thunderbolt|p2a: Scyther
|-supereffective|p2a: Scyther
|-damage|p2a: Scyther|0 fnt
|faint|p2a: Scyther
|
|switch|p2a: Golem|Golem, L79|288\/288
|turn|14
|
|switch|p1a: Victreebel|Victreebel, L85|84\/310
|move|p2a: Golem|Body Slam|p1a: Victreebel
|-damage|p1a: Victreebel|14\/310
|
|turn|15
|
|switch|p2a: Magmar|Magmar, L85|284\/284
|move|p1a: Victreebel|Razor Leaf|p2a: Magmar
|-crit|p2a: Magmar
|-resisted|p2a: Magmar
|-damage|p2a: Magmar|220\/284
|
|turn|16
|
|move|p2a: Magmar|Fire Blast|p1a: Victreebel
|-crit|p1a: Victreebel
|-supereffective|p1a: Victreebel
|-damage|p1a: Victreebel|0 fnt
|faint|p1a: Victreebel
|
|switch|p1a: Poliwhirl|Poliwhirl, L85|284\/284
|turn|17
|
|switch|p2a: Tauros|Tauros, L79|280\/280
|move|p1a: Poliwhirl|Amnesia|p1a: Poliwhirl
|-boost|p1a: Poliwhirl|spd|2
|-boost|p1a: Poliwhirl|spa|2
|
|turn|18
|
|move|p2a: Tauros|Body Slam|p1a: Poliwhirl
|-crit|p1a: Poliwhirl
|-damage|p1a: Poliwhirl|111\/284
|move|p1a: Poliwhirl|Surf|p2a: Tauros
|-crit|p2a: Tauros
|-damage|p2a: Tauros|104\/280
|
|turn|19
|
|switch|p1a: Magneton|Magneton, L85|206\/259 slp
|move|p2a: Tauros|Body Slam|p1a: Magneton
|-damage|p1a: Magneton|122\/259 slp
|
|turn|20
|
|move|p2a: Tauros|Blizzard|p1a: Magneton
|-damage|p1a: Magneton|71\/259 slp
|cant|p1a: Magneton|slp
|
|turn|21
|
|move|p2a: Tauros|Body Slam|p1a: Magneton
|-crit|p1a: Magneton
|-damage|p1a: Magneton|0 fnt
|faint|p1a: Magneton
|
|switch|p1a: Gyarados|Gyarados, L85|335\/335
|turn|22
|
|move|p2a: Tauros|Body Slam|p1a: Gyarados
|-damage|p1a: Gyarados|252\/335
|move|p1a: Gyarados|Hyper Beam|p2a: Tauros
|-damage|p2a: Tauros|0 fnt
|faint|p2a: Tauros
|
|switch|p2a: Venomoth|Venomoth, L85|227\/293 slp
|turn|23
|
|cant|p2a: Venomoth|slp
|move|p1a: Gyarados|Body Slam|p2a: Venomoth
|-damage|p2a: Venomoth|140\/293 slp
|
|turn|24
|
|cant|p2a: Venomoth|slp
|move|p1a: Gyarados|Body Slam|p2a: Venomoth
|-damage|p2a: Venomoth|47\/293 slp
|
|turn|25
|
|cant|p2a: Venomoth|slp
|move|p1a: Gyarados|Body Slam|p2a: Venomoth
|-damage|p2a: Venomoth|0 fnt
|faint|p2a: Venomoth
|
|switch|p2a: Magmar|Magmar, L85|220\/284
|turn|26
|
|move|p2a: Magmar|Confuse Ray|p1a: Gyarados
|-start|p1a: Gyarados|confusion
|-activate|p1a: Gyarados|confusion
|move|p1a: Gyarados|Body Slam|p2a: Magmar
|-damage|p2a: Magmar|127\/284
|
|turn|27
|
|move|p2a: Magmar|Hyper Beam|p1a: Gyarados
|-damage|p1a: Gyarados|137\/335
|-activate|p1a: Gyarados|confusion
|move|p1a: Gyarados|Hyper Beam|p2a: Magmar
|-crit|p2a: Magmar
|-damage|p2a: Magmar|0 fnt
|faint|p2a: Magmar
|
|switch|p2a: Golem|Golem, L79|288\/288
|turn|28
|
|-end|p1a: Gyarados|confusion
|move|p1a: Gyarados|Blizzard|p2a: Golem
|-supereffective|p2a: Golem
|-damage|p2a: Golem|33\/288
|move|p2a: Golem|Rock Slide|p1a: Gyarados
|-supereffective|p1a: Gyarados
|-damage|p1a: Gyarados|0 fnt
|faint|p1a: Gyarados
|
|switch|p1a: Poliwhirl|Poliwhirl, L85|111\/284
|turn|29
|
|move|p1a: Poliwhirl|Surf|p2a: Golem
|-supereffective|p2a: Golem
|-damage|p2a: Golem|0 fnt
|faint|p2a: Golem
|
|switch|p2a: Moltres|Moltres, L85|327\/327
|turn|30
|
|move|p2a: Moltres|Hyper Beam|p1a: Poliwhirl
|-damage|p1a: Poliwhirl|0 fnt
|faint|p1a: Poliwhirl
|
|switch|p1a: Clefable|Clefable, L85|219\/335
|turn|31
|
|move|p2a: Moltres|Fire Blast|p1a: Clefable
|-damage|p1a: Clefable|60\/335
|move|p1a: Clefable|Sing|p2a: Moltres
|-status|p2a: Moltres|slp
|
|turn|32
|
|cant|p2a: Moltres|slp
|move|p1a: Clefable|Thunderbolt|p2a: Moltres
|-supereffective|p2a: Moltres
|-damage|p2a: Moltres|233\/327 slp
|
|turn|33
|
|cant|p2a: Moltres|slp
|move|p1a: Clefable|Thunderbolt|p2a: Moltres
|-crit|p2a: Moltres
|-supereffective|p2a: Moltres
|-damage|p2a: Moltres|42\/327 slp
|
|turn|34
|
|cant|p2a: Moltres|slp
|move|p1a: Clefable|Thunderbolt|p2a: Moltres
|-supereffective|p2a: Moltres
|-damage|p2a: Moltres|0 fnt
|faint|p2a: Moltres
|
|win|SonicJaxx
|raw|Ladder updating...
|c|★SonicJaxx|gg
|raw|SonicJaxx's rating: 1457 &rarr; <strong>1463<\/strong><br \/>(+6 for winning)
|raw|librarynoob's rating: 1169 &rarr; <strong>1161<\/strong><br \/>(-8 for losing)
|c|★librarynoob|lucky fuck
|c|★SonicJaxx|I was lucky.
|c|★librarynoob|haha
|c|★librarynoob|very
|c|★librarynoob|had none tonight
|c|★SonicJaxx|That's Pokemon.
|c|★librarynoob|sing at 60% hit
|c|★SonicJaxx|55%
|c|★librarynoob|then gets a crit and im gone haha
|c|★librarynoob|even worse
|c|★librarynoob|gg
|c|★SonicJaxx|gg
|leave|librarynoob
|player|p2