|join|pooponmyblanket
|join|Lusch
|player|p1|pooponmyblanket|162
|player|p2|Lusch|153
|gametype|singles
|gen|1
|tier|[Gen 1] Random Battle
|rated
|rule|Sleep Clause Mod: Limit one foe put to sleep
|rule|Freeze Clause Mod: Limit one foe frozen
|rule|HP Percentage Mod: HP is shown in percentages
|
|start
|switch|p1a: Slowpoke|Slowpoke, L96|368\/368
|switch|p2a: Charmeleon|Charmeleon, L85|272\/272
|turn|1
|
|switch|p2a: Porygon|Porygon, L85|284\/284
|move|p1a: Slowpoke|Surf|p2a: Porygon
|-damage|p2a: Porygon|205\/284
|
|turn|2
|
|move|p2a: Porygon|Thunder Wave|p1a: Slowpoke
|-status|p1a: Slowpoke|par
|move|p1a: Slowpoke|Thunder Wave|p2a: Porygon
|-status|p2a: Porygon|par
|
|turn|3
|
|move|p2a: Porygon|Thunderbolt|p1a: Slowpoke
|-crit|p1a: Slowpoke
|-supereffective|p1a: Slowpoke
|-damage|p1a: Slowpoke|61\/368 par
|move|p1a: Slowpoke|Amnesia|p1a: Slowpoke
|-boost|p1a: Slowpoke|spd|2
|-boost|p1a: Slowpoke|spa|2
|
|turn|4
|
|move|p1a: Slowpoke|Rest|p1a: Slowpoke
|-status|p1a: Slowpoke|slp
|-heal|p1a: Slowpoke|368\/368 slp|[silent]
|-status|p1a: Slowpoke|slp|[from] move: Rest
|move|p2a: Porygon|Thunderbolt|p1a: Slowpoke
|-supereffective|p1a: Slowpoke
|-damage|p1a: Slowpoke|293\/368 slp
|
|turn|5
|
|cant|p1a: Slowpoke|slp
|move|p2a: Porygon|Thunderbolt|p1a: Slowpoke
|-supereffective|p1a: Slowpoke
|-damage|p1a: Slowpoke|207\/368 slp
|
|turn|6
|
|cant|p1a: Slowpoke|slp
|-curestatus|p1a: Slowpoke|slp
|cant|p2a: Porygon|par
|
|turn|7
|
|move|p1a: Slowpoke|Amnesia|p1a: Slowpoke
|-boost|p1a: Slowpoke|spd|2
|-boost|p1a: Slowpoke|spa|2
|move|p2a: Porygon|Agility|p2a: Porygon
|-boost|p2a: Porygon|spe|2
|
|turn|8
|
|move|p2a: Porygon|Thunderbolt|p1a: Slowpoke
|-supereffective|p1a: Slowpoke
|-damage|p1a: Slowpoke|134\/368
|move|p1a: Slowpoke|Surf|p2a: Porygon
|-damage|p2a: Porygon|42\/284 par
|
|turn|9
|
|move|p2a: Porygon|Thunderbolt|p1a: Slowpoke
|-supereffective|p1a: Slowpoke
|-damage|p1a: Slowpoke|57\/368
|move|p1a: Slowpoke|Rest|p1a: Slowpoke
|-status|p1a: Slowpoke|slp
|-heal|p1a: Slowpoke|368\/368 slp|[silent]
|-status|p1a: Slowpoke|slp|[from] move: Rest
|
|turn|10
|
|move|p2a: Porygon|Thunderbolt|p1a: Slowpoke
|-supereffective|p1a: Slowpoke
|-damage|p1a: Slowpoke|287\/368 slp
|cant|p1a: Slowpoke|slp
|
|turn|11
|
|move|p2a: Porygon|Thunderbolt|p1a: Slowpoke
|-supereffective|p1a: Slowpoke
|-damage|p1a: Slowpoke|212\/368 slp
|cant|p1a: Slowpoke|slp
|-curestatus|p1a: Slowpoke|slp
|
|turn|12
|
|cant|p2a: Porygon|par
|move|p1a: Slowpoke|Surf|p2a: Porygon
|-damage|p2a: Porygon|0 fnt
|faint|p2a: Porygon
|
|switch|p2a: Graveler|Graveler, L85|267\/267
|turn|13
|
|move|p2a: Graveler|Explosion|p1a: Slowpoke
|-damage|p1a: Slowpoke|0 fnt
|faint|p1a: Slowpoke
|faint|p2a: Graveler
|
|switch|p1a: Raticate|Raticate, L85|267\/267
|switch|p2a: Articuno|Articuno, L85|327\/327
|turn|14
|
|move|p1a: Raticate|Super Fang|p2a: Articuno
|-damage|p2a: Articuno|164\/327
|move|p2a: Articuno|Blizzard|p1a: Raticate
|-damage|p1a: Raticate|43\/267
|
|turn|15
|
|switch|p2a: Charmeleon|Charmeleon, L85|272\/272
|move|p1a: Raticate|Hyper Beam|p2a: Charmeleon
|-damage|p2a: Charmeleon|102\/272
|
|turn|16
|-mustrecharge|p1a: Raticate
|-mustrecharge|p1a: Raticate
|
|cant|p1a: Raticate|recharge
|move|p2a: Charmeleon|Seismic Toss|p1a: Raticate
|-damage|p1a: Raticate|0 fnt
|faint|p1a: Raticate
|
|switch|p1a: Electabuzz|Electabuzz, L85|284\/284
|turn|17
|
|move|p1a: Electabuzz|Thunderbolt|p2a: Charmeleon
|-damage|p2a: Charmeleon|0 fnt
|faint|p2a: Charmeleon
|
|switch|p2a: Dragonite|Dragonite, L85|328\/328
|turn|18
|
|move|p1a: Electabuzz|Thunder Wave|p2a: Dragonite
|-status|p2a: Dragonite|par
|move|p2a: Dragonite|Thunder Wave|p1a: Electabuzz
|-status|p1a: Electabuzz|par
|
|turn|19
|
|cant|p1a: Electabuzz|par
|move|p2a: Dragonite|Agility|p2a: Dragonite
|-boost|p2a: Dragonite|spe|2
|
|turn|20
|
|move|p2a: Dragonite|Blizzard|p1a: Electabuzz
|-damage|p1a: Electabuzz|190\/284 par
|move|p1a: Electabuzz|Thunderbolt|p2a: Dragonite
|-damage|p2a: Dragonite|244\/328 par
|
|turn|21
|
|move|p2a: Dragonite|Blizzard|p1a: Electabuzz
|-damage|p1a: Electabuzz|100\/284 par
|move|p1a: Electabuzz|Thunderbolt|p2a: Dragonite
|-damage|p2a: Dragonite|159\/328 par
|
|turn|22
|
|move|p2a: Dragonite|Blizzard|p1a: Electabuzz
|-damage|p1a: Electabuzz|15\/284 par
|move|p1a: Electabuzz|Thunderbolt|p2a: Dragonite
|-damage|p2a: Dragonite|69\/328 par
|
|turn|23
|
|move|p2a: Dragonite|Thunderbolt|p1a: Electabuzz
|-resisted|p1a: Electabuzz
|-damage|p1a: Electabuzz|0 fnt
|faint|p1a: Electabuzz
|
|switch|p1a: Electrode|Electrode, L85|276\/276
|turn|24
|
|move|p2a: Dragonite|Thunder Wave|p1a: Electrode
|-status|p1a: Electrode|par
|cant|p1a: Electrode|par
|
|turn|25
|
|move|p2a: Dragonite|Blizzard|p1a: Electrode
|-crit|p1a: Electrode
|-damage|p1a: Electrode|111\/276 par
|move|p1a: Electrode|Thunder|p2a: Dragonite
|-crit|p2a: Dragonite
|-damage|p2a: Dragonite|0 fnt
|faint|p2a: Dragonite
|
|switch|p2a: Articuno|Articuno, L85|164\/327
|turn|26
|
|move|p2a: Articuno|Blizzard|p1a: Electrode
|-damage|p1a: Electrode|0 fnt
|faint|p1a: Electrode
|
|switch|p1a: Charmeleon|Charmeleon, L85|272\/272
|turn|27
|
|move|p2a: Articuno|Blizzard|p1a: Charmeleon
|-damage|p1a: Charmeleon|73\/272
|move|p1a: Charmeleon|Body Slam|p2a: Articuno
|-damage|p2a: Articuno|121\/327
|
|turn|28
|
|move|p2a: Articuno|Ice Beam|p1a: Charmeleon
|-damage|p1a: Charmeleon|0 fnt
|faint|p1a: Charmeleon
|
|switch|p1a: Snorlax|Snorlax, L79|415\/415
|turn|29
|c|★Lusch|wow
|c|★Lusch|when i think it cant come worse^^
|
|move|p2a: Articuno|Rest|p2a: Articuno
|-status|p2a: Articuno|slp
|-heal|p2a: Articuno|327\/327 slp|[silent]
|-status|p2a: Articuno|slp|[from] move: Rest
|move|p1a: Snorlax|Blizzard|p2a: Articuno
|-damage|p2a: Articuno|285\/327 slp
|
|turn|30
|
|cant|p2a: Articuno|slp
|move|p1a: Snorlax|Amnesia|p1a: Snorlax
|-boost|p1a: Snorlax|spd|2
|-boost|p1a: Snorlax|spa|2
|
|turn|31
|
|cant|p2a: Articuno|slp
|-curestatus|p2a: Articuno|slp
|move|p1a: Snorlax|Amnesia|p1a: Snorlax
|-boost|p1a: Snorlax|spd|2
|-boost|p1a: Snorlax|spa|2
|
|turn|32
|
|move|p2a: Articuno|Mimic|p1a: Snorlax
|-start|p2a: Articuno|Mimic|Amnesia
|move|p1a: Snorlax|Blizzard|p2a: Articuno
|-damage|p2a: Articuno|201\/327
|
|turn|33
|
|move|p2a: Articuno|Amnesia|p2a: Articuno
|-boost|p2a: Articuno|spd|2
|-boost|p2a: Articuno|spa|2
|move|p1a: Snorlax|Ice Beam|p2a: Articuno
|-damage|p2a: Articuno|164\/327
|
|turn|34
|
|move|p2a: Articuno|Amnesia|p2a: Articuno
|-boost|p2a: Articuno|spd|2
|-boost|p2a: Articuno|spa|2
|move|p1a: Snorlax|Amnesia|p1a: Snorlax
|-boost|p1a: Snorlax|spd|2
|-boost|p1a: Snorlax|spa|2
|
|turn|35
|
|move|p2a: Articuno|Amnesia|p2a: Articuno
|-boost|p2a: Articuno|spd|2
|-boost|p2a: Articuno|spa|2
|move|p1a: Snorlax|Ice Beam|p2a: Articuno
|-crit|p2a: Articuno
|-damage|p2a: Articuno|93\/327
|
|turn|36
|
|move|p2a: Articuno|Rest|p2a: Articuno
|-status|p2a: Articuno|slp
|-heal|p2a: Articuno|327\/327 slp|[silent]
|-status|p2a: Articuno|slp|[from] move: Rest
|move|p1a: Snorlax|Ice Beam|p2a: Articuno
|-damage|p2a: Articuno|293\/327 slp
|
|turn|37
|
|cant|p2a: Articuno|slp
|move|p1a: Snorlax|Ice Beam|p2a: Articuno
|-damage|p2a: Articuno|255\/327 slp
|
|turn|38
|
|cant|p2a: Articuno|slp
|-curestatus|p2a: Articuno|slp
|move|p1a: Snorlax|Ice Beam|p2a: Articuno
|-damage|p2a: Articuno|218\/327
|
|turn|39
|
|move|p2a: Articuno|Blizzard|p1a: Snorlax
|-crit|p1a: Snorlax
|-damage|p1a: Snorlax|44\/415
|move|p1a: Snorlax|Ice Beam|p2a: Articuno
|-damage|p2a: Articuno|184\/327
|
|turn|40
|c|★Lusch|my last poke was kakuna ;P
|
|move|p2a: Articuno|Ice Beam|p1a: Snorlax
|-crit|p1a: Snorlax
|-damage|p1a: Snorlax|0 fnt
|faint|p1a: Snorlax
|
|win|Lusch
|raw|Ladder updating...
|raw|pooponmyblanket's rating: 1314 &rarr; <strong>1295<\/strong><br \/>(-19 for losing)
|raw|Lusch's rating: 1343 &rarr; <strong>1362<\/strong><br \/>(+19 for winning)
|leave|pooponmyblanket
|player|p1