|join|beeest
|join|Yaldyyyy
|player|p1|beeest|102
|player|p2|Yaldyyyy|265
|gametype|singles
|gen|1
|tier|[Gen 1] Random Battle
|rated
|rule|Sleep Clause Mod: Limit one foe put to sleep
|rule|Freeze Clause Mod: Limit one foe frozen
|rule|HP Percentage Mod: HP is shown in percentages
|
|start
|switch|p1a: Nidoran-M|Nidoran-M, L96|283\/283
|switch|p2a: Dragonite|Dragonite, L85|328\/328
|turn|1
|
|move|p2a: Dragonite|Ice Beam|p1a: Nidoran-M
|-damage|p1a: Nidoran-M|180\/283
|move|p1a: Nidoran-M|Body Slam|p2a: Dragonite
|-crit|p2a: Dragonite
|-damage|p2a: Dragonite|231\/328
|
|turn|2
|
|move|p2a: Dragonite|Thunderbolt|p1a: Nidoran-M
|-damage|p1a: Nidoran-M|80\/283
|move|p1a: Nidoran-M|Body Slam|p2a: Dragonite
|-damage|p2a: Dragonite|179\/328
|
|turn|3
|
|move|p2a: Dragonite|Thunderbolt|p1a: Nidoran-M
|-crit|p1a: Nidoran-M
|-damage|p1a: Nidoran-M|0 fnt
|faint|p1a: Nidoran-M
|join|ijlkjlkj
|c| ijlkjlkj|oh look our boy yaldyyy
|c|★beeest|we know him?
|c| ijlkjlkj|I stomp him from time to time
|c| ijlkjlkj|lol search the boatloads of replays
|c| ijlkjlkj|yaldyyy is a frequent flier
|c|★beeest|lmao
|c| ijlkjlkj|always eats an L handily
|c| ijlkjlkj|he's not STUPID but he's not good at all
|
|switch|p1a: Kangaskhan|Kangaskhan, L85|352\/352
|turn|4
|
|move|p1a: Kangaskhan|Body Slam|p2a: Dragonite
|-damage|p2a: Dragonite|94\/328
|-status|p2a: Dragonite|par
|cant|p2a: Dragonite|par
|
|turn|5
|
|move|p1a: Kangaskhan|Body Slam|p2a: Dragonite
|-crit|p2a: Dragonite
|-damage|p2a: Dragonite|0 fnt
|faint|p2a: Dragonite
|
|switch|p2a: Electabuzz|Electabuzz, L85|284\/284
|turn|6
|c| ijlkjlkj|lol nice toooom
|c| ijlkjlkj|already
|c|★beeest|yeah lol 2\/2 champs
|
|switch|p1a: Geodude|Geodude, L96|272\/272
|move|p2a: Electabuzz|Seismic Toss|p1a: Geodude
|-damage|p1a: Geodude|187\/272
|
|turn|7
|
|switch|p2a: Cloyster|Cloyster, L83|253\/253
|move|p1a: Geodude|Earthquake|p2a: Cloyster
|-damage|p2a: Cloyster|177\/253
|
|turn|8
|
|switch|p1a: Seaking|Seaking, L85|310\/310
|move|p2a: Cloyster|Blizzard|p1a: Seaking|[miss]
|-miss|p2a: Cloyster
|
|turn|9
|c| ijlkjlkj|lol your team sucks
|
|move|p1a: Seaking|Surf|p2a: Cloyster
|-resisted|p2a: Cloyster
|-damage|p2a: Cloyster|127\/253
|move|p2a: Cloyster|Toxic|p1a: Seaking
|-status|p1a: Seaking|tox
|
|turn|10
|c|★beeest|yeeeeup
|c| ijlkjlkj|geodude nidoran ok
|c| ijlkjlkj|yaldyyy on our side though
|
|switch|p2a: Electabuzz|Electabuzz, L85|284\/284
|move|p1a: Seaking|Surf|p2a: Electabuzz
|-damage|p2a: Electabuzz|186\/284
|-damage|p1a: Seaking|291\/310 tox|[from] tox|[of] p2a: Electabuzz
|
|turn|11
|
|switch|p1a: Geodude|Geodude, L96|187\/272
|move|p2a: Electabuzz|Psychic|p1a: Geodude
|-crit|p1a: Geodude
|-damage|p1a: Geodude|4\/272
|
|turn|12
|c| ijlkjlkj|mkkkkkkkkkk
|c|★beeest|nice FUCKING critttttt
|c| ijlkjlkj|tbolt for justice y\/y
|
|move|p2a: Electabuzz|Psychic|p1a: Geodude
|-damage|p1a: Geodude|0 fnt
|faint|p1a: Geodude
|c|★beeest|nnnnn
|
|switch|p1a: Kangaskhan|Kangaskhan, L85|352\/352
|turn|13
|
|move|p2a: Electabuzz|Thunder Wave|p1a: Kangaskhan
|-status|p1a: Kangaskhan|par
|move|p1a: Kangaskhan|Earthquake|p2a: Electabuzz
|-supereffective|p2a: Electabuzz
|-damage|p2a: Electabuzz|16\/284
|
|turn|14
|c|★beeest|omg kanga
|c|★beeest|sucking so hard
|
|switch|p2a: Cloyster|Cloyster, L83|127\/253
|move|p1a: Kangaskhan|Body Slam|p2a: Cloyster
|-damage|p2a: Cloyster|66\/253
|
|turn|15
|c| ijlkjlkj|jeeesus
|c| ijlkjlkj|kanga
|
|switch|p1a: Seaking|Seaking, L85|291\/310 tox
|-status|p1a: Seaking|psn
|-damage|p1a: Seaking|272\/310 psn|[from] psn
|move|p2a: Cloyster|Blizzard|p1a: Seaking
|-resisted|p1a: Seaking
|-damage|p1a: Seaking|207\/310 psn
|
|turn|16
|
|switch|p2a: Kangaskhan|Kangaskhan, L85|352\/352
|move|p1a: Seaking|Surf|p2a: Kangaskhan
|-damage|p2a: Kangaskhan|216\/352
|-damage|p1a: Seaking|188\/310 psn|[from] psn|[of] p2a: Kangaskhan
|
|turn|17
|c| ijlkjlkj|hmm yes
|c|★beeest|nice TEAM
|c| ijlkjlkj|seaking where's the crit
|c| ijlkjlkj|oh kanga has it
|c|★beeest|lol
|
|switch|p1a: Machamp|Machamp, L85|327\/327
|move|p2a: Kangaskhan|Body Slam|p1a: Machamp
|-crit|p1a: Machamp
|-damage|p1a: Machamp|135\/327
|
|turn|18
|c|★beeest|he put it in his pouch
|c| ijlkjlkj|^
|c|★beeest|joke? n
|c|★beeest|very much crit me
|c| ijlkjlkj|mk now that it's proven beyond a doubt that I control this game
|c|★beeest|hahahhaa
|c| ijlkjlkj|nice forfeit yaldyyyy
|c|★beeest|lmfao
|c|★beeest|\/\/forfeit
|c|★beeest|oh it doesn't work
|
|move|p2a: Kangaskhan|Surf|p1a: Machamp
|-damage|p1a: Machamp|88\/327
|move|p1a: Machamp|Submission|p2a: Kangaskhan
|-supereffective|p2a: Kangaskhan
|-damage|p2a: Kangaskhan|0 fnt
|-damage|p1a: Machamp|34\/327|[from] recoil|[of] p2a: Kangaskhan
|faint|p2a: Kangaskhan
|c| ijlkjlkj|yw
|c| ijlkjlkj|made him surf
|c| ijlkjlkj|gotta keep this interesting
|c|★beeest|loool
|
|switch|p2a: Electabuzz|Electabuzz, L85|16\/284
|turn|19
|c| ijlkjlkj|lmfao
|
|move|p2a: Electabuzz|Psychic|p1a: Machamp
|-supereffective|p1a: Machamp
|-damage|p1a: Machamp|0 fnt
|faint|p1a: Machamp
|
|switch|p1a: Kangaskhan|Kangaskhan, L85|352\/352 par
|turn|20
|
|move|p2a: Electabuzz|Psychic|p1a: Kangaskhan
|-damage|p1a: Kangaskhan|255\/352 par
|move|p1a: Kangaskhan|Body Slam|p2a: Electabuzz
|-crit|p2a: Electabuzz
|-damage|p2a: Electabuzz|0 fnt
|faint|p2a: Electabuzz
|
|switch|p2a: Cloyster|Cloyster, L83|66\/253
|turn|21
|c|★beeest|ty yaldyyy for keeping me in this
|c|★beeest|couldnt do it without you
|c| ijlkjlkj|omfg what happened
|c| ijlkjlkj|LOOOOL
|c| ijlkjlkj|yaldyyy you fucking suck
|c| ijlkjlkj|nvm
|
|switch|p1a: Seaking|Seaking, L85|188\/310 psn
|-damage|p1a: Seaking|169\/310 psn|[from] psn
|move|p2a: Cloyster|Blizzard|p1a: Seaking
|-crit|p1a: Seaking
|-resisted|p1a: Seaking
|-damage|p1a: Seaking|48\/310 psn
|
|turn|22
|
|move|p1a: Seaking|Hyper Beam|p2a: Cloyster
|-damage|p2a: Cloyster|2\/253
|-damage|p1a: Seaking|29\/310 psn|[from] psn|[of] p2a: Cloyster
|move|p2a: Cloyster|Hyper Beam|p1a: Seaking|[miss]
|-miss|p2a: Cloyster
|
|turn|23
|-mustrecharge|p1a: Seaking
|c| ijlkjlkj|ncF
|c|★beeest|fuck ME
|c| ijlkjlkj|nnkoF
|c| ijlkjlkj|lol fuck youuuu
|-mustrecharge|p1a: Seaking
|
|cant|p1a: Seaking|recharge
|-damage|p1a: Seaking|10\/310 psn|[from] psn|[of] p2a: Cloyster
|move|p2a: Cloyster|Blizzard|p1a: Seaking|[miss]
|-miss|p2a: Cloyster
|
|turn|24
|c|★beeest|LOL
|c| ijlkjlkj|if it helps my battle went wonderfully
|c| ijlkjlkj|also yaldyyy my god
|
|move|p1a: Seaking|Surf|p2a: Cloyster
|-resisted|p2a: Cloyster
|-damage|p2a: Cloyster|0 fnt
|faint|p2a: Cloyster
|c| ijlkjlkj|could you suck more?
|c| ijlkjlkj|im thinking no
|c|★beeest|max sucking
|c|★beeest|over on the other side
|
|switch|p2a: Omanyte|Omanyte, L96|262\/262
|turn|25
|c| ijlkjlkj|maxed out
|
|switch|p1a: Ivysaur|Ivysaur, L85|276\/276
|move|p2a: Omanyte|Seismic Toss|p1a: Ivysaur
|-damage|p1a: Ivysaur|180\/276
|
|turn|26
|
|move|p1a: Ivysaur|Sleep Powder|p2a: Omanyte
|-status|p2a: Omanyte|slp
|cant|p2a: Omanyte|slp
|
|turn|27
|
|switch|p2a: Golem|Golem, L79|288\/288
|move|p1a: Ivysaur|Razor Leaf|p2a: Golem
|-crit|p2a: Golem
|-supereffective|p2a: Golem
|-damage|p2a: Golem|0 fnt
|faint|p2a: Golem
|c|★beeest|LOL
|c| ijlkjlkj|looooooool
|leave|Yaldyyyy
|player|p2
|c|★beeest|no WAY
|c| ijlkjlkj|Lmaooooo
|c| ijlkjlkj|hhahahahah
|c| ijlkjlkj|YOU'RE WELCOOOOOME
|c|★beeest|loooooooooooooooool
|c|★beeest|tytytyytyty
|c|★beeest|12-000000
|c|★beeest|ivysaur ends up being a super clutch last
|c|★beeest|suck a dickkkk
|-message|yaldyyyy lost due to inactivity.
|
|win|beeest
|raw|Ladder updating...
|raw|beeest's rating: 1291 &rarr; <strong>1303<\/strong><br \/>(+12 for winning)
|raw|Yaldyyyy's rating: 1089 &rarr; <strong>1078<\/strong><br \/>(-11 for losing)
|c| ijlkjlkj|swaggg
|c| ijlkjlkj|ivysaur killin it
|c| ijlkjlkj|literally
|c| ijlkjlkj|hahaha
|c| ijlkjlkj|95% 4x crit guarantees
|c| ijlkjlkj|also outspeeds
|c| ijlkjlkj|cant forget that
|c| ijlkjlkj|only pokemon I would have rather had would be....
|c| ijlkjlkj|venusaur
|c| ijlkjlkj|lol
|c|★beeest|lmao right
|leave|ijlkjlkj