|join|raddical
|join|Velosexiraptor
|player|p1|raddical|282
|player|p2|Velosexiraptor|253
|gametype|singles
|gen|1
|tier|[Gen 1] OU
|rated
|seed|48905,41986,14698,54443
|rule|Sleep Clause Mod: Limit one foe put to sleep
|rule|Freeze Clause Mod: Limit one foe frozen
|rule|Species Clause: Limit one of each Pokémon
|rule|OHKO Clause: OHKO moves are banned
|rule|Evasion Moves Clause: Evasion moves are banned
|rule|HP Percentage Mod: HP is shown in percentages
|
|start
|switch|p1a: Exeggutor|Exeggutor|393\/393
|switch|p2a: Fleshlight|Clefable|393\/393
|turn|1
|join|SkillGame
|choice|move 1|move 1
|
|move|p2a: Fleshlight|Sing|p1a: Exeggutor|[miss]
|-miss|p2a: Fleshlight
|move|p1a: Exeggutor|Sleep Powder|p2a: Fleshlight|[miss]
|-miss|p1a: Exeggutor
|
|turn|2
|choice|move 1|move 1
|
|move|p2a: Fleshlight|Sing|p1a: Exeggutor
|-status|p1a: Exeggutor|slp
|cant|p1a: Exeggutor|slp
|
|turn|3
|choice|switch 5|move 2
|
|switch|p1a: Zapdos|Zapdos|383\/383
|move|p2a: Fleshlight|Ice Beam|p1a: Zapdos
|-supereffective|p1a: Zapdos
|-damage|p1a: Zapdos|262\/383
|
|turn|4
|choice|switch 6|move 2
|
|switch|p1a: Chansey|Chansey|703\/703
|move|p2a: Fleshlight|Ice Beam|p1a: Chansey
|-damage|p1a: Chansey|636\/703
|-status|p1a: Chansey|frz
|
|turn|5
|choice|move 3|move 4
|
|move|p2a: Fleshlight|Psychic|p1a: Chansey
|-damage|p1a: Chansey|571\/703 frz
|cant|p1a: Chansey|frz
|
|turn|6
|choice|move 2|switch 5
|
|switch|p2a: Herpdurrrr|Slowbro|393\/393
|cant|p1a: Chansey|frz
|
|turn|7
|choice|switch 6|move 1
|
|switch|p1a: Zapdos|Zapdos|262\/383
|move|p2a: Herpdurrrr|Amnesia|p2a: Herpdurrrr
|-boost|p2a: Herpdurrrr|spd|2
|-boost|p2a: Herpdurrrr|spa|2
|
|turn|8
|choice|move 2|move 4
|
|move|p1a: Zapdos|Thunder Wave|p2a: Herpdurrrr
|-status|p2a: Herpdurrrr|par
|move|p2a: Herpdurrrr|Ice Beam|p1a: Zapdos
|-supereffective|p1a: Zapdos
|-damage|p1a: Zapdos|56\/383
|
|turn|9
|choice|move 1|move 4
|
|move|p1a: Zapdos|Thunderbolt|p2a: Herpdurrrr
|-supereffective|p2a: Herpdurrrr
|-damage|p2a: Herpdurrrr|242\/393 par
|cant|p2a: Herpdurrrr|par
|
|turn|10
|choice|move 1|move 4
|
|move|p1a: Zapdos|Thunderbolt|p2a: Herpdurrrr
|-supereffective|p2a: Herpdurrrr
|-damage|p2a: Herpdurrrr|99\/393 par
|cant|p2a: Herpdurrrr|par
|
|turn|11
|choice|move 1|switch 4
|
|switch|p2a: Alasaurus|Alakazam|313\/313
|move|p1a: Zapdos|Thunderbolt|p2a: Alasaurus
|-damage|p2a: Alasaurus|212\/313
|
|turn|12
|choice|switch 5|move 1
|
|switch|p1a: Exeggutor|Exeggutor|393\/393 slp
|move|p2a: Alasaurus|Psychic|p1a: Exeggutor
|-resisted|p1a: Exeggutor
|-damage|p1a: Exeggutor|342\/393 slp
|
|turn|13
|choice|switch 3|move 4
|
|switch|p1a: Golem|Golem|363\/363
|move|p2a: Alasaurus|Seismic Toss|p1a: Golem
|-damage|p1a: Golem|263\/363
|
|turn|14
|choice|move 2|switch 6
|
|switch|p2a: idgaf|Starmie|323\/323
|move|p1a: Golem|Earthquake|p2a: idgaf
|-damage|p2a: idgaf|186\/323
|
|turn|15
|choice|switch 6|move 1
|
|switch|p1a: Chansey|Chansey|571\/703 frz
|move|p2a: idgaf|Ice Beam|p1a: Chansey
|-damage|p1a: Chansey|498\/703 frz
|
|turn|16
|choice|move 2|move 2
|
|move|p2a: idgaf|Psychic|p1a: Chansey
|-damage|p1a: Chansey|395\/703 frz
|-unboost|p1a: Chansey|spd|1
|-unboost|p1a: Chansey|spa|1
|cant|p1a: Chansey|frz
|
|turn|17
|choice|move 2|move 2
|
|move|p2a: idgaf|Psychic|p1a: Chansey
|-damage|p1a: Chansey|231\/703 frz
|-unboost|p1a: Chansey|spd|1
|-unboost|p1a: Chansey|spa|1
|cant|p1a: Chansey|frz
|
|turn|18
|choice|switch 2|move 2
|
|switch|p1a: Tauros|Tauros|353\/353
|move|p2a: idgaf|Psychic|p1a: Tauros
|-crit|p1a: Tauros
|-damage|p1a: Tauros|100\/353
|-unboost|p1a: Tauros|spd|1
|-unboost|p1a: Tauros|spa|1
|
|turn|19
|c|★raddical|me cago en satan
|choice|switch 2|move 2
|
|switch|p1a: Chansey|Chansey|231\/703 frz
|move|p2a: idgaf|Psychic|p1a: Chansey
|-damage|p1a: Chansey|127\/703 frz
|
|turn|20
|choice|move 2|move 1
|
|move|p2a: idgaf|Ice Beam|p1a: Chansey
|-damage|p1a: Chansey|53\/703 frz
|cant|p1a: Chansey|frz
|
|turn|21
|choice|move 2|move 1
|
|move|p2a: idgaf|Ice Beam|p1a: Chansey
|-damage|p1a: Chansey|0 fnt
|faint|p1a: Chansey
|choice|switch 4|
|
|switch|p1a: Alakazam|Alakazam|313\/313
|turn|22
|choice|move 1|move 1
|
|move|p1a: Alakazam|Thunder Wave|p2a: idgaf
|-status|p2a: idgaf|par
|move|p2a: idgaf|Ice Beam|p1a: Alakazam
|-crit|p1a: Alakazam
|-damage|p1a: Alakazam|187\/313
|
|turn|23
|choice|move 2|move 1
|
|move|p1a: Alakazam|Psychic|p2a: idgaf
|-crit|p2a: idgaf
|-resisted|p2a: idgaf
|-damage|p2a: idgaf|63\/323 par
|-unboost|p2a: idgaf|spd|1
|-unboost|p2a: idgaf|spa|1
|move|p2a: idgaf|Ice Beam|p1a: Alakazam
|-damage|p1a: Alakazam|147\/313
|
|turn|24
|choice|move 3|move 1
|
|move|p1a: Alakazam|Recover|p1a: Alakazam
|-heal|p1a: Alakazam|303\/313
|cant|p2a: idgaf|par
|
|turn|25
|choice|move 2|switch 2
|
|switch|p2a: Urine|Hypno|373\/373
|move|p1a: Alakazam|Psychic|p2a: Urine
|-resisted|p2a: Urine
|-damage|p2a: Urine|313\/373
|-unboost|p2a: Urine|spd|1
|-unboost|p2a: Urine|spa|1
|
|turn|26
|choice|move 1|switch 4
|
|switch|p2a: Herpdurrrr|Slowbro|99\/393 par
|move|p1a: Alakazam|Thunder Wave|p2a: Herpdurrrr
|-fail|p2a: Herpdurrrr|par
|
|turn|27
|choice|move 2|move 3
|
|move|p1a: Alakazam|Psychic|p2a: Herpdurrrr
|-resisted|p2a: Herpdurrrr
|-damage|p2a: Herpdurrrr|26\/393 par
|-unboost|p2a: Herpdurrrr|spd|1
|-unboost|p2a: Herpdurrrr|spa|1
|move|p2a: Herpdurrrr|Rest|p2a: Herpdurrrr
|-status|p2a: Herpdurrrr|slp
|-heal|p2a: Herpdurrrr|393\/393 slp|[silent]
|-status|p2a: Herpdurrrr|slp|[from] move: Rest
|
|turn|28
|choice|move 2|switch 3
|
|switch|p2a: Predator|Mr. Mime|283\/283
|move|p1a: Alakazam|Psychic|p2a: Predator
|-crit|p2a: Predator
|-resisted|p2a: Predator
|-damage|p2a: Predator|160\/283
|
|turn|29
|join|GalletasLokas
|leave|GalletasLokas
|choice|move 1|move 2
|
|move|p1a: Alakazam|Thunder Wave|p2a: Predator
|-status|p2a: Predator|par
|move|p2a: Predator|Thunderbolt|p1a: Alakazam
|-damage|p1a: Alakazam|242\/313
|
|turn|30
|choice|switch 6|move 1
|
|switch|p1a: Golem|Golem|263\/363
|move|p2a: Predator|Psychic|p1a: Golem
|-damage|p1a: Golem|118\/363
|
|turn|31
|choice|move 2|move 1
|
|move|p1a: Golem|Earthquake|p2a: Predator
|-damage|p2a: Predator|3\/283 par
|move|p2a: Predator|Psychic|p1a: Golem
|-damage|p1a: Golem|0 fnt
|faint|p1a: Golem
|choice|switch 2|
|
|switch|p1a: Tauros|Tauros|100\/353
|turn|32
|choice|move 1|move 1
|
|move|p1a: Tauros|Body Slam|p2a: Predator
|-damage|p2a: Predator|0 fnt
|faint|p2a: Predator
|choice||switch 4
|
|switch|p2a: Urine|Hypno|313\/373
|turn|33
|choice|switch 3|move 3
|
|switch|p1a: Exeggutor|Exeggutor|342\/393 slp
|move|p2a: Urine|Body Slam|p1a: Exeggutor
|-damage|p1a: Exeggutor|279\/393 slp
|
|turn|34
|choice|move 2|move 3
|
|move|p2a: Urine|Body Slam|p1a: Exeggutor
|-damage|p1a: Exeggutor|214\/393 slp
|-curestatus|p1a: Exeggutor|slp
|
|turn|35
|choice|move 1|move 2
|
|move|p2a: Urine|Hypnosis|p1a: Exeggutor
|-status|p1a: Exeggutor|slp
|cant|p1a: Exeggutor|slp
|
|turn|36
|choice|move 2|switch 5
|
|switch|p2a: Fleshlight|Clefable|393\/393
|cant|p1a: Exeggutor|slp
|
|turn|37
|choice|move 3|move 2
|
|move|p2a: Fleshlight|Ice Beam|p1a: Exeggutor
|-supereffective|p1a: Exeggutor
|-damage|p1a: Exeggutor|99\/393 slp
|cant|p1a: Exeggutor|slp
|
|turn|38
|choice|move 4|move 2
|
|move|p2a: Fleshlight|Ice Beam|p1a: Exeggutor
|-supereffective|p1a: Exeggutor
|-damage|p1a: Exeggutor|0 fnt
|faint|p1a: Exeggutor
|choice|switch 3|
|
|switch|p1a: Tauros|Tauros|100\/353
|turn|39
|choice|move 1|move 2
|
|move|p1a: Tauros|Body Slam|p2a: Fleshlight
|-crit|p2a: Fleshlight
|-damage|p2a: Fleshlight|173\/393
|move|p2a: Fleshlight|Ice Beam|p1a: Tauros
|-damage|p1a: Tauros|13\/353
|
|turn|40
|choice|move 2|move 2
|
|move|p1a: Tauros|Hyper Beam|p2a: Fleshlight|[miss]
|-miss|p1a: Tauros
|move|p2a: Fleshlight|Ice Beam|p1a: Tauros
|-damage|p1a: Tauros|0 fnt
|faint|p1a: Tauros
|choice|switch 6|
|
|switch|p1a: Alakazam|Alakazam|242\/313
|turn|41
|choice|move 2|move 2
|
|move|p1a: Alakazam|Psychic|p2a: Fleshlight
|-crit|p2a: Fleshlight
|-damage|p2a: Fleshlight|0 fnt
|faint|p2a: Fleshlight
|choice||switch 5
|
|switch|p2a: Urine|Hypno|313\/373
|turn|42
|choice|move 1|move 2
|
|move|p1a: Alakazam|Thunder Wave|p2a: Urine
|-status|p2a: Urine|par
|move|p2a: Urine|Hypnosis|p1a: Alakazam
|-status|p1a: Alakazam|slp
|
|turn|43
|choice|move 4|move 3
|
|cant|p1a: Alakazam|slp
|move|p2a: Urine|Body Slam|p1a: Alakazam
|-crit|p1a: Alakazam
|-damage|p1a: Alakazam|82\/313 slp
|
|turn|44
|choice|move 3|move 3
|
|cant|p1a: Alakazam|slp
|move|p2a: Urine|Body Slam|p1a: Alakazam
|-damage|p1a: Alakazam|0 fnt
|faint|p1a: Alakazam
|choice|switch 5|
|
|switch|p1a: Zapdos|Zapdos|56\/383
|turn|45
|choice|move 3|move 1
|
|move|p1a: Zapdos|Drill Peck|p2a: Urine
|-damage|p2a: Urine|196\/373 par
|cant|p2a: Urine|par
|
|turn|46
|choice|move 3|move 1
|
|move|p1a: Zapdos|Drill Peck|p2a: Urine
|-crit|p2a: Urine
|-damage|p2a: Urine|0 fnt
|faint|p2a: Urine
|choice||switch 6
|
|switch|p2a: Alasaurus|Alakazam|212\/313
|turn|47
|choice|move 2|move 1
|
|move|p2a: Alasaurus|Psychic|p1a: Zapdos
|-damage|p1a: Zapdos|0 fnt
|faint|p1a: Zapdos
|
|win|Velosexiraptor
|raw|raddical's rating: 1288 &rarr; <strong>1249<\/strong><br \/>(-39 for losing)
|raw|Velosexiraptor's rating: 1063 &rarr; <strong>1111<\/strong><br \/>(+48 for winning)
|leave|raddical
|player|p1
|leave|SkillGame