|join|kid gf lol
|join|biswajit
|player|p1|kid gf lol|102
|player|p2|biswajit|265
|gametype|singles
|gen|1
|tier|[Gen 1] OU (beta)
|rated
|rule|Sleep Clause Mod: Limit one foe put to sleep
|rule|Species Clause: Limit one of each Pokémon
|rule|OHKO Clause: OHKO moves are banned
|rule|Evasion Moves Clause: Evasion moves are banned
|rule|HP Percentage Mod: HP is shown in percentages
|
|start
|switch|p1a: Starmie|Starmie|323\/323
|switch|p2a: Hypno|Hypno|373\/373
|turn|1
|c|★kid gf lol|of you giant pos
|
|switch|p1a: Alakazam|Alakazam|313\/313
|move|p2a: Hypno|Hypnosis|p1a: Alakazam
|-status|p1a: Alakazam|slp
|
|turn|2
|
|switch|p1a: Chansey|Chansey|703\/703
|move|p2a: Hypno|Psychic|p1a: Chansey
|-damage|p1a: Chansey|594\/703
|
|turn|3
|
|move|p2a: Hypno|Thunder Wave|p1a: Chansey
|-status|p1a: Chansey|par
|cant|p1a: Chansey|par
|
|turn|4
|
|move|p2a: Hypno|Psychic|p1a: Chansey
|-damage|p1a: Chansey|479\/703 par
|move|p1a: Chansey|Thunder Wave|p2a: Hypno
|-status|p2a: Hypno|par
|
|turn|5
|
|move|p2a: Hypno|Psychic|p1a: Chansey
|-crit|p1a: Chansey
|-damage|p1a: Chansey|270\/703 par
|cant|p1a: Chansey|par
|
|turn|6
|
|move|p2a: Hypno|Hyper Beam|p1a: Chansey
|-damage|p1a: Chansey|7\/703 par
|cant|p1a: Chansey|par
|
|turn|7
|
|cant|p2a: Hypno|recharge
|cant|p1a: Chansey|par
|
|turn|8
|
|switch|p1a: Starmie|Starmie|323\/323
|cant|p2a: Hypno|par
|
|turn|9
|
|move|p1a: Starmie|Psychic|p2a: Hypno
|-resisted|p2a: Hypno
|-damage|p2a: Hypno|328\/373 par
|cant|p2a: Hypno|par
|
|turn|10
|
|move|p1a: Starmie|Psychic|p2a: Hypno
|-crit|p2a: Hypno
|-resisted|p2a: Hypno
|-damage|p2a: Hypno|226\/373 par
|-unboost|p2a: Hypno|spd|1
|-unboost|p2a: Hypno|spa|1
|move|p2a: Hypno|Thunder Wave|p1a: Starmie
|-status|p1a: Starmie|par
|
|turn|11
|
|cant|p1a: Starmie|par
|cant|p2a: Hypno|par
|
|turn|12
|
|move|p1a: Starmie|Blizzard|p2a: Hypno
|-damage|p2a: Hypno|108\/373 par
|move|p2a: Hypno|Psychic|p1a: Starmie
|-resisted|p1a: Starmie
|-damage|p1a: Starmie|282\/323 par
|
|turn|13
|
|move|p1a: Starmie|Blizzard|p2a: Hypno
|-damage|p2a: Hypno|0 fnt
|faint|p2a: Hypno
|
|switch|p2a: Starmie|Starmie|323\/323
|turn|14
|
|move|p2a: Starmie|Psychic|p1a: Starmie
|-resisted|p1a: Starmie
|-damage|p1a: Starmie|231\/323 par
|-unboost|p1a: Starmie|spd|1
|-unboost|p1a: Starmie|spa|1
|move|p1a: Starmie|Thunder Wave|p2a: Starmie
|-status|p2a: Starmie|par
|
|turn|15
|
|cant|p2a: Starmie|par
|move|p1a: Starmie|Recover|p1a: Starmie
|-heal|p1a: Starmie|323\/323 par
|
|turn|16
|
|cant|p2a: Starmie|par
|cant|p1a: Starmie|par
|
|turn|17
|
|move|p1a: Starmie|Psychic|p2a: Starmie
|-crit|p2a: Starmie
|-resisted|p2a: Starmie
|-damage|p2a: Starmie|222\/323 par
|-unboost|p2a: Starmie|spd|1
|-unboost|p2a: Starmie|spa|1
|move|p2a: Starmie|Psychic|p1a: Starmie
|-resisted|p1a: Starmie
|-damage|p1a: Starmie|270\/323 par
|
|turn|18
|
|cant|p1a: Starmie|par
|move|p2a: Starmie|Psychic|p1a: Starmie
|-resisted|p1a: Starmie
|-damage|p1a: Starmie|220\/323 par
|-unboost|p1a: Starmie|spd|1
|-unboost|p1a: Starmie|spa|1
|
|turn|19
|
|cant|p2a: Starmie|par
|move|p1a: Starmie|Psychic|p2a: Starmie
|-resisted|p2a: Starmie
|-damage|p2a: Starmie|183\/323 par
|-unboost|p2a: Starmie|spd|1
|-unboost|p2a: Starmie|spa|1
|
|turn|20
|
|switch|p1a: Victreebell|Victreebel|363\/363
|move|p2a: Starmie|Psychic|p1a: Victreebell
|-supereffective|p1a: Victreebell
|-damage|p1a: Victreebell|253\/363
|
|turn|21
|
|move|p1a: Victreebell|Razor Leaf|p2a: Starmie
|-crit|p2a: Starmie
|-supereffective|p2a: Starmie
|-damage|p2a: Starmie|0 fnt
|faint|p2a: Starmie
|
|switch|p2a: Alakazam|Alakazam|313\/313
|turn|22
|
|switch|p1a: Starmie|Starmie|220\/323 par
|move|p2a: Alakazam|Psychic|p1a: Starmie
|-crit|p1a: Starmie
|-resisted|p1a: Starmie
|-damage|p1a: Starmie|83\/323 par
|-unboost|p1a: Starmie|spd|1
|-unboost|p1a: Starmie|spa|1
|
|turn|23
|c|★kid gf lol|..
|
|switch|p1a: Chansey|Chansey|7\/703 par
|move|p2a: Alakazam|Seismic Toss|p1a: Chansey
|-damage|p1a: Chansey|0 fnt
|faint|p1a: Chansey
|
|switch|p1a: Dragonite|Dragonite|385\/385
|turn|24
|
|move|p2a: Alakazam|Thunder Wave|p1a: Dragonite
|-status|p1a: Dragonite|par
|move|p1a: Dragonite|Thunder Wave|p2a: Alakazam
|-status|p2a: Alakazam|par
|
|turn|25
|
|cant|p2a: Alakazam|par
|move|p1a: Dragonite|Agility|p1a: Dragonite
|-boost|p1a: Dragonite|spe|2
|
|turn|26
|
|cant|p1a: Dragonite|par
|move|p2a: Alakazam|Psychic|p1a: Dragonite
|-damage|p1a: Dragonite|248\/385 par
|-unboost|p1a: Dragonite|spd|1
|-unboost|p1a: Dragonite|spa|1
|
|turn|27
|
|move|p1a: Dragonite|Wrap|p2a: Alakazam
|-damage|p2a: Alakazam|291\/313 par
|-activate|p2a: Alakazam|move: Wrap|[of] p1a: Dragonite
|cant|p2a: Alakazam|partiallytrapped
|
|turn|28
|
|cant|p1a: Dragonite|par
|cant|p2a: Alakazam|partiallytrapped
|
|-end|p2a: Alakazam|Wrap|[partiallytrapped]
|turn|29
|
|move|p1a: Dragonite|Wrap|p2a: Alakazam
|-damage|p2a: Alakazam|269\/313 par
|-activate|p2a: Alakazam|move: Wrap|[of] p1a: Dragonite
|cant|p2a: Alakazam|partiallytrapped
|
|turn|30
|
|move|p1a: Dragonite|Wrap|p2a: Alakazam
|-damage|p2a: Alakazam|247\/313 par
|cant|p2a: Alakazam|partiallytrapped
|
|turn|31
|
|move|p1a: Dragonite|Wrap|p2a: Alakazam
|-damage|p2a: Alakazam|225\/313 par
|cant|p2a: Alakazam|par
|
|-end|p2a: Alakazam|Wrap|[partiallytrapped]
|turn|32
|
|move|p1a: Dragonite|Wrap|p2a: Alakazam|[miss]
|-miss|p1a: Dragonite
|move|p2a: Alakazam|Psychic|p1a: Dragonite
|-damage|p1a: Dragonite|48\/385 par
|
|turn|33
|c|★kid gf lol|you giant homo
|
|move|p1a: Dragonite|Wrap|p2a: Alakazam|[miss]
|-miss|p1a: Dragonite
|move|p2a: Alakazam|Psychic|p1a: Dragonite
|-damage|p1a: Dragonite|0 fnt
|faint|p1a: Dragonite
|c|★kid gf lol|fku
|
|switch|p1a: Cloyster|Cloyster|303\/303
|turn|34
|
|move|p1a: Cloyster|Clamp|p2a: Alakazam
|-damage|p2a: Alakazam|194\/313 par
|-activate|p2a: Alakazam|move: Clamp|[of] p1a: Cloyster
|cant|p2a: Alakazam|partiallytrapped
|
|turn|35
|
|move|p1a: Cloyster|Clamp|p2a: Alakazam
|-damage|p2a: Alakazam|163\/313 par
|cant|p2a: Alakazam|partiallytrapped
|
|-end|p2a: Alakazam|Clamp|[partiallytrapped]
|turn|36
|
|move|p1a: Cloyster|Clamp|p2a: Alakazam|[miss]
|-miss|p1a: Cloyster
|move|p2a: Alakazam|Psychic|p1a: Cloyster
|-damage|p1a: Cloyster|162\/303
|-unboost|p1a: Cloyster|spd|1
|-unboost|p1a: Cloyster|spa|1
|
|turn|37
|
|move|p1a: Cloyster|Clamp|p2a: Alakazam|[miss]
|-miss|p1a: Cloyster
|move|p2a: Alakazam|Psychic|p1a: Cloyster
|-damage|p1a: Cloyster|0 fnt
|faint|p1a: Cloyster
|
|switch|p1a: Victreebell|Victreebel|253\/363
|turn|38
|
|move|p1a: Victreebell|Wrap|p2a: Alakazam
|-damage|p2a: Alakazam|144\/313 par
|-activate|p2a: Alakazam|move: Wrap|[of] p1a: Victreebell
|cant|p2a: Alakazam|partiallytrapped
|
|turn|39
|
|move|p1a: Victreebell|Wrap|p2a: Alakazam
|-damage|p2a: Alakazam|125\/313 par
|cant|p2a: Alakazam|partiallytrapped
|
|-end|p2a: Alakazam|Wrap|[partiallytrapped]
|turn|40
|
|move|p1a: Victreebell|Wrap|p2a: Alakazam
|-damage|p2a: Alakazam|105\/313 par
|-activate|p2a: Alakazam|move: Wrap|[of] p1a: Victreebell
|cant|p2a: Alakazam|par
|
|turn|41
|
|move|p1a: Victreebell|Wrap|p2a: Alakazam
|-damage|p2a: Alakazam|85\/313 par
|cant|p2a: Alakazam|partiallytrapped
|
|turn|42
|
|move|p1a: Victreebell|Wrap|p2a: Alakazam
|-damage|p2a: Alakazam|65\/313 par
|cant|p2a: Alakazam|partiallytrapped
|
|turn|43
|
|move|p1a: Victreebell|Wrap|p2a: Alakazam
|-damage|p2a: Alakazam|45\/313 par
|cant|p2a: Alakazam|par
|
|-end|p2a: Alakazam|Wrap|[partiallytrapped]
|turn|44
|
|move|p1a: Victreebell|Razor Leaf|p2a: Alakazam
|-crit|p2a: Alakazam
|-damage|p2a: Alakazam|0 fnt
|faint|p2a: Alakazam
|
|switch|p2a: Exeggutor|Exeggutor|393\/393
|turn|45
|
|move|p1a: Victreebell|Sleep Powder|p2a: Exeggutor
|-status|p2a: Exeggutor|slp
|cant|p2a: Exeggutor|slp
|
|turn|46
|
|move|p1a: Victreebell|Razor Leaf|p2a: Exeggutor
|-crit|p2a: Exeggutor
|-resisted|p2a: Exeggutor
|-damage|p2a: Exeggutor|334\/393 slp
|cant|p2a: Exeggutor|slp
|-curestatus|p2a: Exeggutor|slp
|
|turn|47
|
|move|p1a: Victreebell|Wrap|p2a: Exeggutor
|-damage|p2a: Exeggutor|321\/393
|-activate|p2a: Exeggutor|move: Wrap|[of] p1a: Victreebell
|cant|p2a: Exeggutor|partiallytrapped
|
|turn|48
|
|move|p1a: Victreebell|Wrap|p2a: Exeggutor
|-damage|p2a: Exeggutor|308\/393
|cant|p2a: Exeggutor|partiallytrapped
|
|turn|49
|
|move|p1a: Victreebell|Wrap|p2a: Exeggutor
|-damage|p2a: Exeggutor|295\/393
|cant|p2a: Exeggutor|partiallytrapped
|
|-end|p2a: Exeggutor|Wrap|[partiallytrapped]
|turn|50
|
|move|p1a: Victreebell|Wrap|p2a: Exeggutor
|-crit|p2a: Exeggutor
|-damage|p2a: Exeggutor|265\/393
|-activate|p2a: Exeggutor|move: Wrap|[of] p1a: Victreebell
|cant|p2a: Exeggutor|partiallytrapped
|
|turn|51
|c|★kid gf lol|OWNED!!
|
|move|p1a: Victreebell|Wrap|p2a: Exeggutor
|-damage|p2a: Exeggutor|235\/393
|cant|p2a: Exeggutor|partiallytrapped
|
|-end|p2a: Exeggutor|Wrap|[partiallytrapped]
|turn|52
|
|move|p1a: Victreebell|Wrap|p2a: Exeggutor|[miss]
|-miss|p1a: Victreebell
|move|p2a: Exeggutor|Psychic|p1a: Victreebell
|-supereffective|p1a: Victreebell
|-damage|p1a: Victreebell|10\/363
|
|turn|53
|c|★kid gf lol|fku!!!
|
|move|p1a: Victreebell|Sleep Powder|p2a: Exeggutor
|-status|p2a: Exeggutor|slp
|cant|p2a: Exeggutor|slp
|
|turn|54
|
|switch|p1a: Starmie|Starmie|83\/323 par
|cant|p2a: Exeggutor|slp
|
|turn|55
|
|switch|p2a: Tauros|Tauros|353\/353
|move|p1a: Starmie|Recover|p1a: Starmie
|-heal|p1a: Starmie|244\/323 par
|
|turn|56
|
|move|p2a: Tauros|Hyper Beam|p1a: Starmie
|-damage|p1a: Starmie|40\/323 par
|cant|p1a: Starmie|par
|
|turn|57
|
|cant|p2a: Tauros|recharge
|cant|p1a: Starmie|par
|
|turn|58
|c|★kid gf lol|most important turn of the entire game and it gets fp'd twice
|
|move|p2a: Tauros|Body Slam|p1a: Starmie
|-damage|p1a: Starmie|0 fnt
|faint|p1a: Starmie
|
|switch|p1a: Alakazam|Alakazam|313\/313 slp
|turn|59
|
|cant|p1a: Alakazam|slp
|move|p2a: Tauros|Body Slam|p1a: Alakazam
|-damage|p1a: Alakazam|150\/313 slp
|
|turn|60
|
|cant|p1a: Alakazam|slp
|move|p2a: Tauros|Hyper Beam|p1a: Alakazam
|-damage|p1a: Alakazam|0 fnt
|faint|p1a: Alakazam
|
|switch|p1a: Victreebell|Victreebel|10\/363
|turn|61
|
|move|p2a: Tauros|Body Slam|p1a: Victreebell|[miss]
|-miss|p2a: Tauros
|move|p1a: Victreebell|Stun Spore|p2a: Tauros|[miss]
|-miss|p1a: Victreebell
|
|turn|62
|
|move|p2a: Tauros|Earthquake|p1a: Victreebell
|-damage|p1a: Victreebell|0 fnt
|faint|p1a: Victreebell
|
|win|biswajit
|raw|Ladder updating...
|raw|kid gf lol's rating: 1411 &rarr; <strong>1378<\/strong><br \/>(-33 for losing)
|raw|biswajit's rating: 1157 &rarr; <strong>1197<\/strong><br \/>(+40 for winning)
|leave|kid gf lol
|player|p1