|j|PirateGuy3001
|j|2x effective
|player|p1|PirateGuy3001|101
|player|p2|2x effective|2
|gametype|singles
|gen|1
|tier|[Gen 1] Random Battle
|rated
|seed|42983,33851,8587,36891
|rule|Sleep Clause Mod: Limit one foe put to sleep
|rule|Freeze Clause Mod: Limit one foe frozen
|rule|HP Percentage Mod: HP is shown in percentages
|
|start
|switch|p1a: Caterpie|Caterpie, L99|290\/290
|switch|p2a: Kakuna|Kakuna, L99|290\/290
|turn|1
|choice|move 2|move 3
|
|move|p1a: Caterpie|Tackle|p2a: Kakuna
|-damage|p2a: Kakuna|269\/290
|move|p2a: Kakuna|String Shot|p1a: Caterpie
|-unboost|p1a: Caterpie|spe|1
|
|turn|2
|c|★PirateGuy3001|gl
|choice|move 2|move 2
|
|move|p2a: Kakuna|Poison Sting|p1a: Caterpie
|-supereffective|p1a: Caterpie
|-damage|p1a: Caterpie|255\/290
|move|p1a: Caterpie|Tackle|p2a: Kakuna
|-damage|p2a: Kakuna|246\/290
|
|turn|3
|choice|move 2|switch 6
|
|switch|p2a: Rhydon|Rhydon, L79|328\/328
|move|p1a: Caterpie|Tackle|p2a: Rhydon
|-resisted|p2a: Rhydon
|-damage|p2a: Rhydon|321\/328
|
|turn|4
|choice|move 1|move 3
|
|move|p2a: Rhydon|Body Slam|p1a: Caterpie
|-damage|p1a: Caterpie|161\/290
|move|p1a: Caterpie|String Shot|p2a: Rhydon
|-unboost|p2a: Rhydon|spe|1
|
|turn|5
|choice|move 1|move 2
|
|move|p1a: Caterpie|String Shot|p2a: Rhydon
|-unboost|p2a: Rhydon|spe|1
|move|p2a: Rhydon|Rock Slide|p1a: Caterpie
|-supereffective|p1a: Caterpie
|-damage|p1a: Caterpie|0 fnt
|faint|p1a: Caterpie
|choice|switch 4|
|
|switch|p1a: Articuno|Articuno, L79|304\/304
|turn|6
|choice|move 2|switch 5
|
|switch|p2a: Slowbro|Slowbro, L79|312\/312
|move|p1a: Articuno|Blizzard|p2a: Slowbro
|-crit|p2a: Slowbro
|-resisted|p2a: Slowbro
|-damage|p2a: Slowbro|173\/312
|
|turn|7
|choice|switch 3|move 4
|
|switch|p1a: Gengar|Gengar, L79|257\/257
|move|p2a: Slowbro|Thunder Wave|p1a: Gengar
|-status|p1a: Gengar|par
|
|turn|8
|choice|move 4|switch 5
|
|switch|p2a: Rhydon|Rhydon, L79|321\/328
|move|p1a: Gengar|Thunderbolt|p2a: Rhydon
|-immune|p2a: Rhydon|[msg]
|
|turn|9
|choice|move 3|move 1
|
|move|p2a: Rhydon|Earthquake|p1a: Gengar
|-supereffective|p1a: Gengar
|-damage|p1a: Gengar|0 fnt
|faint|p1a: Gengar
|choice|switch 3|
|
|switch|p1a: Articuno|Articuno, L79|304\/304
|turn|10
|choice|move 2|switch 6
|
|switch|p2a: Kakuna|Kakuna, L99|246\/290
|move|p1a: Articuno|Blizzard|p2a: Kakuna
|-damage|p2a: Kakuna|39\/290
|
|turn|11
|choice|move 2|move 3
|
|move|p1a: Articuno|Blizzard|p2a: Kakuna|[miss]
|-miss|p1a: Articuno
|move|p2a: Kakuna|String Shot|p1a: Articuno
|-unboost|p1a: Articuno|spe|1
|
|turn|12
|choice|move 2|move 2
|
|move|p2a: Kakuna|Poison Sting|p1a: Articuno
|-damage|p1a: Articuno|292\/304
|-status|p1a: Articuno|psn
|move|p1a: Articuno|Blizzard|p2a: Kakuna
|-damage|p2a: Kakuna|0 fnt
|faint|p2a: Kakuna
|choice||switch 6
|
|switch|p2a: Rhydon|Rhydon, L79|321\/328
|turn|13
|choice|move 2|move 2
|
|move|p2a: Rhydon|Rock Slide|p1a: Articuno
|-supereffective|p1a: Articuno
|-damage|p1a: Articuno|0 fnt
|faint|p1a: Articuno
|choice|switch 5|
|
|switch|p1a: Lapras|Lapras, L79|367\/367
|turn|14
|choice|move 3|switch 2
|
|switch|p2a: Mewtwo|Mewtwo, L68|285\/285
|move|p1a: Lapras|Blizzard|p2a: Mewtwo|[miss]
|-miss|p1a: Lapras
|
|turn|15
|choice|move 2|move 3
|
|move|p2a: Mewtwo|Amnesia|p2a: Mewtwo
|-boost|p2a: Mewtwo|spd|2
|-boost|p2a: Mewtwo|spa|2
|move|p1a: Lapras|Confuse Ray|p2a: Mewtwo
|-start|p2a: Mewtwo|confusion
|
|turn|16
|choice|move 4|move 3
|
|-activate|p2a: Mewtwo|confusion
|-damage|p2a: Mewtwo|257\/285|[from] confusion
|move|p1a: Lapras|Body Slam|p2a: Mewtwo
|-damage|p2a: Mewtwo|200\/285
|-status|p2a: Mewtwo|par
|
|turn|17
|choice|move 3|move 3
|
|move|p1a: Lapras|Blizzard|p2a: Mewtwo
|-damage|p2a: Mewtwo|150\/285 par
|-activate|p2a: Mewtwo|confusion
|-damage|p2a: Mewtwo|122\/285 par|[from] confusion
|
|turn|18
|choice|move 4|move 4
|
|move|p1a: Lapras|Body Slam|p2a: Mewtwo
|-damage|p2a: Mewtwo|67\/285 par
|-activate|p2a: Mewtwo|confusion
|-damage|p2a: Mewtwo|39\/285 par|[from] confusion
|
|turn|19
|choice|move 4|move 4
|
|move|p1a: Lapras|Body Slam|p2a: Mewtwo
|-damage|p2a: Mewtwo|0 fnt
|faint|p2a: Mewtwo
|choice||switch 5
|
|switch|p2a: Slowbro|Slowbro, L79|173\/312
|turn|20
|choice|move 2|move 4
|
|move|p1a: Lapras|Confuse Ray|p2a: Slowbro
|-start|p2a: Slowbro|confusion
|-activate|p2a: Slowbro|confusion
|-damage|p2a: Slowbro|151\/312|[from] confusion
|
|turn|21
|choice|move 4|move 4
|
|move|p1a: Lapras|Body Slam|p2a: Slowbro
|-damage|p2a: Slowbro|103\/312
|-activate|p2a: Slowbro|confusion
|-damage|p2a: Slowbro|81\/312|[from] confusion
|
|turn|22
|choice|move 4|move 4
|
|move|p1a: Lapras|Body Slam|p2a: Slowbro
|-damage|p2a: Slowbro|35\/312
|-activate|p2a: Slowbro|confusion
|-damage|p2a: Slowbro|13\/312|[from] confusion
|
|turn|23
|choice|move 4|move 4
|
|move|p1a: Lapras|Body Slam|p2a: Slowbro
|-damage|p2a: Slowbro|0 fnt
|faint|p2a: Slowbro
|choice||switch 3
|
|switch|p2a: Snorlax|Snorlax, L79|415\/415
|turn|24
|choice|move 2|move 1
|
|move|p1a: Lapras|Confuse Ray|p2a: Snorlax
|-start|p2a: Snorlax|confusion
|-activate|p2a: Snorlax|confusion
|move|p2a: Snorlax|Amnesia|p2a: Snorlax
|-boost|p2a: Snorlax|spd|2
|-boost|p2a: Snorlax|spa|2
|
|turn|25
|choice|move 4|move 1
|
|move|p1a: Lapras|Body Slam|p2a: Snorlax
|-damage|p2a: Snorlax|356\/415
|-activate|p2a: Snorlax|confusion
|-damage|p2a: Snorlax|318\/415|[from] confusion
|
|turn|26
|choice|move 4|move 3
|
|move|p1a: Lapras|Body Slam|p2a: Snorlax
|-damage|p2a: Snorlax|255\/415
|-activate|p2a: Snorlax|confusion
|-damage|p2a: Snorlax|217\/415|[from] confusion
|
|turn|27
|choice|move 4|move 3
|
|move|p1a: Lapras|Body Slam|p2a: Snorlax
|-damage|p2a: Snorlax|154\/415
|-activate|p2a: Snorlax|confusion
|-damage|p2a: Snorlax|116\/415|[from] confusion
|
|turn|28
|choice|move 4|move 3
|
|move|p1a: Lapras|Body Slam|p2a: Snorlax
|-crit|p2a: Snorlax
|-damage|p2a: Snorlax|0 fnt
|faint|p2a: Snorlax
|choice||switch 4
|
|switch|p2a: Tauros|Tauros, L79|280\/280
|turn|29
|choice|move 2|move 4
|
|move|p2a: Tauros|Body Slam|p1a: Lapras
|-damage|p1a: Lapras|279\/367
|move|p1a: Lapras|Confuse Ray|p2a: Tauros
|-start|p2a: Tauros|confusion
|
|turn|30
|-message|2x effective forfeited.
|
|win|PirateGuy3001
|player|p1
|player|p2
|l|2x effective
|raw|PirateGuy3001's rating: 1007 &rarr; <strong>1069<\/strong><br \/>(+62 for winning)
|raw|2x effective's rating: 1238 &rarr; <strong>1198<\/strong><br \/>(-40 for losing)