|j|gomes80
|j|River Roscoe ▲
|player|p1|gomes80|2
|player|p2|River Roscoe ▲|#yellow
|gametype|singles
|gen|1
|tier|[Gen 1] Random Battle
|seed|53293,58028,42797,25010
|rule|Sleep Clause Mod: Limit one foe put to sleep
|rule|Freeze Clause Mod: Limit one foe frozen
|rule|HP Percentage Mod: HP is shown in percentages
|
|start
|switch|p1a: Seel|Seel, L96|320\/320
|switch|p2a: Drowzee|Drowzee, L96|310\/310
|turn|1
|choice|move 3|move 4
|
|move|p1a: Seel|Surf|p2a: Drowzee
|-crit|p2a: Drowzee
|-damage|p2a: Drowzee|136\/310
|move|p2a: Drowzee|Hypnosis|p1a: Seel
|-status|p1a: Seel|slp
|
|turn|2
|choice|switch 6|move 2
|
|switch|p1a: Aerodactyl|Aerodactyl, L90|327\/327
|move|p2a: Drowzee|Psychic|p1a: Aerodactyl
|-damage|p1a: Aerodactyl|194\/327
|
|turn|3
|choice|move 1|move 3
|
|move|p1a: Aerodactyl|Hyper Beam|p2a: Drowzee|[miss]
|-miss|p1a: Aerodactyl
|move|p2a: Drowzee|Counter|p1a: Aerodactyl
|-fail|p2a: Drowzee
|
|turn|4
|choice|move 1|move 2
|
|move|p1a: Aerodactyl|Hyper Beam|p2a: Drowzee
|-damage|p2a: Drowzee|0 fnt
|faint|p2a: Drowzee
|choice||switch 5
|
|switch|p2a: Jolteon|Jolteon, L79|265\/265
|turn|5
|choice|switch 6|move 3
|
|switch|p1a: Seel|Seel, L96|320\/320 slp
|move|p2a: Jolteon|Thunder Wave|p1a: Seel
|-fail|p1a: Seel
|
|turn|6
|choice|switch 2|move 2
|
|switch|p1a: Voltorb|Voltorb, L96|272\/272
|move|p2a: Jolteon|Sand Attack|p1a: Voltorb
|-unboost|p1a: Voltorb|accuracy|1
|
|turn|7
|choice|move 1|move 3
|
|move|p1a: Voltorb|Explosion|p2a: Jolteon
|-damage|p2a: Jolteon|26\/265
|faint|p1a: Voltorb
|choice|switch 6|
|
|switch|p1a: Aerodactyl|Aerodactyl, L90|194\/327
|turn|8
|choice|move 3|move 3
|
|move|p1a: Aerodactyl|Double-Edge|p2a: Jolteon
|-damage|p2a: Jolteon|0 fnt
|-damage|p1a: Aerodactyl|188\/327|[from] recoil|[of] p2a: Jolteon
|faint|p2a: Jolteon
|choice||switch 2
|
|switch|p2a: Vulpix|Vulpix, L96|268\/268
|turn|9
|choice|switch 2|move 4
|
|switch|p1a: Seel|Seel, L96|320\/320 slp
|move|p2a: Vulpix|Body Slam|p1a: Seel
|-damage|p1a: Seel|266\/320 slp
|
|turn|10
|choice|move 3|switch 3
|
|switch|p2a: Beedrill|Beedrill, L90|300\/300
|cant|p1a: Seel|slp
|
|turn|11
|choice|move 3|move 1
|
|move|p2a: Beedrill|Swords Dance|p2a: Beedrill
|-boost|p2a: Beedrill|atk|2
|cant|p1a: Seel|slp
|
|turn|12
|choice|move 3|move 2
|
|move|p2a: Beedrill|Agility|p2a: Beedrill
|-boost|p2a: Beedrill|spe|2
|cant|p1a: Seel|slp
|
|turn|13
|j|Grazy
|choice|move 3|move 3
|
|move|p2a: Beedrill|Twineedle|p1a: Seel
|-damage|p1a: Seel|208\/320 slp
|-damage|p1a: Seel|150\/320 slp
|-hitcount|p1a: Seel|2
|cant|p1a: Seel|slp
|
|turn|14
|choice|move 3|move 1
|
|move|p2a: Beedrill|Swords Dance|p2a: Beedrill
|-boost|p2a: Beedrill|atk|2
|cant|p1a: Seel|slp
|
|turn|15
|choice|move 3|move 1
|
|move|p2a: Beedrill|Swords Dance|p2a: Beedrill
|-boost|p2a: Beedrill|atk|2
|-curestatus|p1a: Seel|slp
|
|turn|16
|choice|move 3|move 3
|
|move|p2a: Beedrill|Twineedle|p1a: Seel
|-damage|p1a: Seel|17\/320
|-damage|p1a: Seel|0 fnt
|-hitcount|p1a: Seel|2
|faint|p1a: Seel
|choice|switch 5|
|
|switch|p1a: Muk|Muk, L90|372\/372
|turn|17
|choice|move 3|move 4
|
|move|p2a: Beedrill|Hyper Beam|p1a: Muk
|-damage|p1a: Muk|0 fnt
|faint|p1a: Muk
|choice|switch 3|
|
|switch|p1a: Lickitung|Lickitung, L90|345\/345
|turn|18
|choice|move 4|move 4
|
|move|p2a: Beedrill|Hyper Beam|p1a: Lickitung
|-damage|p1a: Lickitung|0 fnt
|faint|p1a: Lickitung
|choice|switch 2|
|
|switch|p1a: Aerodactyl|Aerodactyl, L90|188\/327
|turn|19
|choice|move 1|move 4
|
|move|p2a: Beedrill|Hyper Beam|p1a: Aerodactyl
|-resisted|p1a: Aerodactyl
|-damage|p1a: Aerodactyl|0 fnt
|faint|p1a: Aerodactyl
|choice|switch 4|
|
|switch|p1a: Venomoth|Venomoth, L85|293\/293
|turn|20
|choice|move 3|move 4
|
|move|p2a: Beedrill|Hyper Beam|p1a: Venomoth
|-damage|p1a: Venomoth|0 fnt
|faint|p1a: Venomoth
|
|win|River Roscoe ▲