|join|ankitkhetrapal
|join|Rororosh
|player|p1|ankitkhetrapal|20
|player|p2|Rororosh|1
|gametype|singles
|gen|1
|tier|[Gen 1] Random Battle
|rated
|rule|Sleep Clause Mod: Limit one foe put to sleep
|rule|Freeze Clause Mod: Limit one foe frozen
|rule|HP Percentage Mod: HP is shown in percentages
|
|start
|switch|p1a: Nidoran-F|Nidoran-F, L96|300\/300
|switch|p2a: Staryu|Staryu, L90|237\/237
|turn|1
|
|move|p2a: Staryu|Thunder Wave|p1a: Nidoran-F
|-status|p1a: Nidoran-F|par
|move|p1a: Nidoran-F|Double-Edge|p2a: Staryu
|-damage|p2a: Staryu|167\/237
|-damage|p1a: Nidoran-F|283\/300 par|[from] recoil|[of] p2a: Staryu
|
|turn|2
|
|move|p2a: Staryu|Blizzard|p1a: Nidoran-F
|-damage|p1a: Nidoran-F|178\/300 par
|move|p1a: Nidoran-F|Body Slam|p2a: Staryu
|-damage|p2a: Staryu|101\/237
|
|turn|3
|
|move|p2a: Staryu|Recover|p2a: Staryu
|-heal|p2a: Staryu|219\/237
|move|p1a: Nidoran-F|Double-Edge|p2a: Staryu
|-damage|p2a: Staryu|149\/237
|-damage|p1a: Nidoran-F|161\/300 par|[from] recoil|[of] p2a: Staryu
|
|turn|4
|
|move|p2a: Staryu|Blizzard|p1a: Nidoran-F|[miss]
|-miss|p2a: Staryu
|move|p1a: Nidoran-F|Leer|p2a: Staryu
|-unboost|p2a: Staryu|def|1
|
|turn|5
|
|move|p2a: Staryu|Blizzard|p1a: Nidoran-F
|-damage|p1a: Nidoran-F|62\/300 par
|move|p1a: Nidoran-F|Double-Edge|p2a: Staryu
|-damage|p2a: Staryu|41\/237
|-damage|p1a: Nidoran-F|35\/300 par|[from] recoil|[of] p2a: Staryu
|
|turn|6
|
|move|p2a: Staryu|Recover|p2a: Staryu
|-heal|p2a: Staryu|159\/237
|move|p1a: Nidoran-F|Double-Edge|p2a: Staryu
|-damage|p2a: Staryu|41\/237
|-damage|p1a: Nidoran-F|6\/300 par|[from] recoil|[of] p2a: Staryu
|
|turn|7
|
|move|p2a: Staryu|Recover|p2a: Staryu
|-heal|p2a: Staryu|159\/237
|move|p1a: Nidoran-F|Body Slam|p2a: Staryu
|-damage|p2a: Staryu|70\/237
|
|turn|8
|
|move|p2a: Staryu|Recover|p2a: Staryu
|-heal|p2a: Staryu|188\/237
|move|p1a: Nidoran-F|Body Slam|p2a: Staryu
|-damage|p2a: Staryu|92\/237
|-status|p2a: Staryu|par
|
|turn|9
|
|move|p2a: Staryu|Thunderbolt|p1a: Nidoran-F
|-damage|p1a: Nidoran-F|0 fnt
|faint|p1a: Nidoran-F
|
|switch|p1a: Hitmonchan|Hitmonchan, L90|273\/273
|turn|10
|
|switch|p2a: Mewtwo|Mewtwo, L68|285\/285
|move|p1a: Hitmonchan|Submission|p2a: Mewtwo
|-crit|p2a: Mewtwo
|-resisted|p2a: Mewtwo
|-damage|p2a: Mewtwo|169\/285
|-damage|p1a: Hitmonchan|244\/273|[from] recoil|[of] p2a: Mewtwo
|
|turn|11
|
|switch|p1a: Dragonite|Dragonite, L85|328\/328
|move|p2a: Mewtwo|Psychic|p1a: Dragonite
|-crit|p1a: Dragonite
|-damage|p1a: Dragonite|182\/328
|
|turn|12
|
|move|p2a: Mewtwo|Amnesia|p2a: Mewtwo
|-boost|p2a: Mewtwo|spd|2
|-boost|p2a: Mewtwo|spa|2
|move|p1a: Dragonite|Hyper Beam|p2a: Mewtwo
|-damage|p2a: Mewtwo|0 fnt
|faint|p2a: Mewtwo
|
|switch|p2a: Jolteon|Jolteon, L79|265\/265
|turn|13
|
|move|p2a: Jolteon|Thunderbolt|p1a: Dragonite
|-crit|p1a: Dragonite
|-damage|p1a: Dragonite|15\/328
|move|p1a: Dragonite|Hyper Beam|p2a: Jolteon
|-damage|p2a: Jolteon|95\/265
|
|turn|14
|-mustrecharge|p1a: Dragonite
|-mustrecharge|p1a: Dragonite
|
|move|p2a: Jolteon|Thunderbolt|p1a: Dragonite
|-damage|p1a: Dragonite|0 fnt
|faint|p1a: Dragonite
|
|switch|p1a: Arcanine|Arcanine, L85|327\/327
|turn|15
|
|move|p2a: Jolteon|Thunder Wave|p1a: Arcanine
|-status|p1a: Arcanine|par
|move|p1a: Arcanine|Body Slam|p2a: Jolteon
|-damage|p2a: Jolteon|8\/265
|
|turn|16
|
|move|p2a: Jolteon|Thunderbolt|p1a: Arcanine
|-damage|p1a: Arcanine|228\/327 par
|move|p1a: Arcanine|Body Slam|p2a: Jolteon
|-crit|p2a: Jolteon
|-damage|p2a: Jolteon|0 fnt
|faint|p2a: Jolteon
|
|switch|p2a: Squirtle|Squirtle, L96|279\/279
|turn|17
|
|switch|p1a: Krabby|Krabby, L96|252\/252
|move|p2a: Squirtle|Surf|p1a: Krabby
|-resisted|p1a: Krabby
|-damage|p1a: Krabby|181\/252
|
|turn|18
|
|switch|p2a: Staryu|Staryu, L90|92\/237 par
|move|p1a: Krabby|Swords Dance|p1a: Krabby
|-boost|p1a: Krabby|atk|2
|
|turn|19
|
|move|p1a: Krabby|Crabhammer|p2a: Staryu
|-crit|p2a: Staryu
|-resisted|p2a: Staryu
|-damage|p2a: Staryu|26\/237 par
|move|p2a: Staryu|Thunderbolt|p1a: Krabby
|-supereffective|p1a: Krabby
|-damage|p1a: Krabby|0 fnt
|faint|p1a: Krabby
|
|switch|p1a: Hitmonchan|Hitmonchan, L90|244\/273
|turn|20
|
|move|p1a: Hitmonchan|Body Slam|p2a: Staryu
|-damage|p2a: Staryu|0 fnt
|faint|p2a: Staryu
|
|switch|p2a: Zapdos|Zapdos, L79|304\/304
|turn|21
|
|move|p2a: Zapdos|Thunderbolt|p1a: Hitmonchan
|-damage|p1a: Hitmonchan|71\/273
|move|p1a: Hitmonchan|Submission|p2a: Zapdos
|-resisted|p2a: Zapdos
|-damage|p2a: Zapdos|244\/304
|-damage|p1a: Hitmonchan|56\/273|[from] recoil|[of] p2a: Zapdos
|
|turn|22
|
|switch|p1a: Metapod|Metapod, L99|300\/300
|move|p2a: Zapdos|Thunderbolt|p1a: Metapod
|-damage|p1a: Metapod|137\/300
|
|turn|23
|
|move|p2a: Zapdos|Thunderbolt|p1a: Metapod
|-damage|p1a: Metapod|0 fnt
|faint|p1a: Metapod
|
|switch|p1a: Arcanine|Arcanine, L85|228\/327 par
|turn|24
|
|move|p2a: Zapdos|Thunderbolt|p1a: Arcanine
|-damage|p1a: Arcanine|123\/327 par
|move|p1a: Arcanine|Fire Blast|p2a: Zapdos
|-damage|p2a: Zapdos|151\/304
|
|turn|25
|
|move|p2a: Zapdos|Thunderbolt|p1a: Arcanine
|-damage|p1a: Arcanine|7\/327 par
|cant|p1a: Arcanine|par
|
|turn|26
|
|move|p2a: Zapdos|Thunderbolt|p1a: Arcanine
|-damage|p1a: Arcanine|0 fnt
|faint|p1a: Arcanine
|
|switch|p1a: Hitmonchan|Hitmonchan, L90|56\/273
|turn|27
|
|move|p2a: Zapdos|Thunderbolt|p1a: Hitmonchan
|-damage|p1a: Hitmonchan|0 fnt
|faint|p1a: Hitmonchan
|
|win|Rororosh
|raw|ankitkhetrapal's rating: 1249 &rarr; <strong>1216<\/strong><br \/>(-33 for losing)
|raw|Rororosh's rating: 1133 &rarr; <strong>1166<\/strong><br \/>(+33 for winning)