|join|blue53
|join|farmertome
|player|p1|blue53|45
|player|p2|farmertome|266
|gametype|singles
|gen|1
|tier|[Gen 1] Random Battle
|seed|34292,23991,29564,41232
|rule|Sleep Clause Mod: Limit one foe put to sleep
|rule|Freeze Clause Mod: Limit one foe frozen
|rule|HP Percentage Mod: HP is shown in percentages
|
|start
|switch|p1a: Mewtwo|Mewtwo, L68|285\/285
|switch|p2a: Jigglypuff|Jigglypuff, L99|428\/428
|turn|1
|join|Jay9686
|c|★farmertome|haha did that other guy not have an attacking move?
|c|★blue53|sup
|join|EMdany
|c|★farmertome|gl hf
|join|LifeOrbNB
|c| LifeOrbNB|counterteam
|choice|move 1|move 1
|
|move|p1a: Mewtwo|Psychic|p2a: Jigglypuff
|-damage|p2a: Jigglypuff|286\/428
|move|p2a: Jigglypuff|Sing|p1a: Mewtwo
|-status|p1a: Mewtwo|slp
|
|turn|2
|c| LifeOrbNB|yn
|c| EMdany|he did
|c|★blue53|AAH
|c|★blue53|the sing
|choice|move 1|switch 5
|
|switch|p2a: Cloyster|Cloyster, L83|253\/253
|cant|p1a: Mewtwo|slp
|
|turn|3
|c| LifeOrbNB|level 99 puff
|choice|move 2|move 4
|
|cant|p1a: Mewtwo|slp
|move|p2a: Cloyster|Surf|p1a: Mewtwo
|-damage|p1a: Mewtwo|207\/285 slp
|
|turn|4
|c| Jay9686|g;
|c| Jay9686|gl
|c|★blue53|#BROKEN
|c|★blue53|ayy
|choice|move 1|move 3
|
|cant|p1a: Mewtwo|slp
|move|p2a: Cloyster|Blizzard|p1a: Mewtwo
|-damage|p1a: Mewtwo|114\/285 slp
|
|turn|5
|join|Qui-Gon Jinx
|choice|move 3|move 4
|
|cant|p1a: Mewtwo|slp
|move|p2a: Cloyster|Surf|p1a: Mewtwo
|-damage|p1a: Mewtwo|34\/285 slp
|
|turn|6
|choice|move 3|move 4
|
|-curestatus|p1a: Mewtwo|slp
|move|p2a: Cloyster|Surf|p1a: Mewtwo
|-damage|p1a: Mewtwo|0 fnt
|faint|p1a: Mewtwo
|c|★blue53|loool
|choice|switch 3|
|
|switch|p1a: Nidoran-F|Nidoran-F, L96|300\/300
|turn|7
|c| Jay9686|L68?
|choice|move 1|switch 3
|
|switch|p2a: Gloom|Gloom, L90|291\/291
|move|p1a: Nidoran-F|Substitute|p1a: Nidoran-F
|-start|p1a: Nidoran-F|Substitute
|-damage|p1a: Nidoran-F|225\/300
|
|turn|8
|c|★blue53|gloomy
|choice|move 3|move 4
|
|move|p1a: Nidoran-F|Leer|p2a: Gloom
|-unboost|p2a: Gloom|def|1
|move|p2a: Gloom|Sleep Powder|p1a: Nidoran-F
|-status|p1a: Nidoran-F|slp
|
|turn|9
|c|★blue53|PLATS
|c|★blue53|PLAYS*
|choice|move 4|switch 3
|
|switch|p2a: Cloyster|Cloyster, L83|253\/253
|cant|p1a: Nidoran-F|slp
|
|turn|10
|choice|move 4|move 4
|
|move|p2a: Cloyster|Surf|p1a: Nidoran-F
|-end|p1a: Nidoran-F|Substitute
|-curestatus|p1a: Nidoran-F|slp
|
|turn|11
|choice|move 4|move 4
|
|move|p2a: Cloyster|Surf|p1a: Nidoran-F
|-damage|p1a: Nidoran-F|94\/300
|move|p1a: Nidoran-F|Body Slam|p2a: Cloyster
|-damage|p2a: Cloyster|221\/253
|-status|p2a: Cloyster|par
|
|turn|12
|choice|move 4|move 4
|
|move|p1a: Nidoran-F|Body Slam|p2a: Cloyster
|-damage|p2a: Cloyster|188\/253 par
|move|p2a: Cloyster|Surf|p1a: Nidoran-F
|-damage|p1a: Nidoran-F|0 fnt
|faint|p1a: Nidoran-F
|choice|switch 6|
|
|switch|p1a: Jynx|Jynx, L79|265\/265
|turn|13
|choice|move 2|move 1
|
|move|p1a: Jynx|Psychic|p2a: Cloyster
|-crit|p2a: Cloyster
|-damage|p2a: Cloyster|34\/253 par
|move|p2a: Cloyster|Explosion|p1a: Jynx
|-damage|p1a: Jynx|0 fnt
|faint|p1a: Jynx
|faint|p2a: Cloyster
|choice|switch 4|switch 5
|
|switch|p1a: Ninetales|Ninetales, L85|298\/298
|switch|p2a: Jigglypuff|Jigglypuff, L99|286\/428
|turn|14
|choice|move 3|move 2
|
|move|p1a: Ninetales|Confuse Ray|p2a: Jigglypuff
|-start|p2a: Jigglypuff|confusion
|-activate|p2a: Jigglypuff|confusion
|-damage|p2a: Jigglypuff|240\/428|[from] confusion
|
|turn|15
|choice|move 1|move 2
|
|move|p1a: Ninetales|Fire Blast|p2a: Jigglypuff
|-damage|p2a: Jigglypuff|40\/428
|-status|p2a: Jigglypuff|brn
|-activate|p2a: Jigglypuff|confusion
|-damage|p2a: Jigglypuff|16\/428 brn|[from] confusion
|-damage|p2a: Jigglypuff|0 fnt|[from] brn|[of] p1a: Ninetales
|faint|p2a: Jigglypuff
|choice||switch 2
|
|switch|p2a: Dragonite|Dragonite, L85|328\/328
|turn|16
|choice|move 3|move 1
|
|move|p1a: Ninetales|Confuse Ray|p2a: Dragonite
|-start|p2a: Dragonite|confusion
|-activate|p2a: Dragonite|confusion
|move|p2a: Dragonite|Ice Beam|p1a: Ninetales
|-crit|p1a: Ninetales
|-damage|p1a: Ninetales|174\/298
|-status|p1a: Ninetales|frz
|
|turn|17
|c|★blue53|...
|c|★blue53|LMAO
|c|★farmertome|;)
|choice|move 1|switch 3
|
|switch|p2a: Gloom|Gloom, L90|291\/291
|cant|p1a: Ninetales|frz
|
|turn|18
|c| EMdany|all skill
|choice|move 1|move 1
|
|cant|p1a: Ninetales|frz
|move|p2a: Gloom|Swords Dance|p2a: Gloom
|-boost|p2a: Gloom|atk|2
|
|turn|19
|c| EMdany|xD
|c|★blue53|clearly
|c|★blue53|gloom akbar
|choice|move 1|move 1
|
|cant|p1a: Ninetales|frz
|move|p2a: Gloom|Swords Dance|p2a: Gloom
|-boost|p2a: Gloom|atk|2
|
|turn|20
|c|★blue53|the movie
|choice|move 1|move 1
|
|cant|p1a: Ninetales|frz
|move|p2a: Gloom|Swords Dance|p2a: Gloom
|-boost|p2a: Gloom|atk|2
|
|turn|21
|c| Jay9686|this luck tho
|choice|move 1|move 3
|
|cant|p1a: Ninetales|frz
|move|p2a: Gloom|Double-Edge|p1a: Ninetales
|-damage|p1a: Ninetales|0 fnt
|-damage|p2a: Gloom|248\/291|[from] recoil|[of] p1a: Ninetales
|faint|p1a: Ninetales
|c| EMdany|all skill
|c|★blue53|edgy
|choice|switch 5|
|
|switch|p1a: Seadra|Seadra, L90|282\/282
|turn|22
|choice|move 2|move 3
|
|move|p1a: Seadra|Blizzard|p2a: Gloom
|-supereffective|p2a: Gloom
|-damage|p2a: Gloom|57\/291
|move|p2a: Gloom|Double-Edge|p1a: Seadra
|-crit|p1a: Seadra
|-damage|p1a: Seadra|171\/282
|-damage|p2a: Gloom|30\/291|[from] recoil|[of] p1a: Seadra
|
|turn|23
|c|★blue53|DANG
|choice|move 2|move 3
|
|move|p1a: Seadra|Blizzard|p2a: Gloom
|-crit|p2a: Gloom
|-supereffective|p2a: Gloom
|-damage|p2a: Gloom|0 fnt
|faint|p2a: Gloom
|c| EMdany|tank af
|c|★blue53|phew?
|choice||switch 6
|
|switch|p2a: Electrode|Electrode, L90|291\/291
|turn|24
|c|★blue53|seaderp
|c|★blue53|Q_Q.....
|choice|move 1|move 4
|
|move|p2a: Electrode|Thunder|p1a: Seadra|[miss]
|-miss|p2a: Electrode
|move|p1a: Seadra|Smokescreen|p2a: Electrode
|-unboost|p2a: Electrode|accuracy|1
|
|turn|25
|c| EMdany|YAY
|choice|move 3|switch 4
|
|switch|p2a: Hitmonchan|Hitmonchan, L90|273\/273
|move|p1a: Seadra|Surf|p2a: Hitmonchan
|-damage|p2a: Hitmonchan|90\/273
|
|turn|26
|c|★blue53|thank god lao
|c|★blue53|lmao*
|choice|move 3|move 2
|
|move|p1a: Seadra|Surf|p2a: Hitmonchan
|-damage|p2a: Hitmonchan|0 fnt
|faint|p2a: Hitmonchan
|choice||switch 4
|
|switch|p2a: Electrode|Electrode, L90|291\/291
|turn|27
|c| EMdany|hm
|choice|switch 2|move 4
|
|switch|p1a: Dugtrio|Dugtrio, L85|233\/233
|move|p2a: Electrode|Thunder|p1a: Dugtrio
|-immune|p1a: Dugtrio|[msg]
|
|turn|28
|c| EMdany|big
|choice|move 4|switch 3
|
|switch|p2a: Dragonite|Dragonite, L85|328\/328
|move|p1a: Dugtrio|Substitute|p1a: Dugtrio
|-start|p1a: Dugtrio|Substitute
|-damage|p1a: Dugtrio|175\/233
|
|turn|29
|choice|move 2|move 4
|
|move|p1a: Dugtrio|Sand Attack|p2a: Dragonite
|-unboost|p2a: Dragonite|accuracy|1
|move|p2a: Dragonite|Agility|p2a: Dragonite
|-boost|p2a: Dragonite|spe|2
|
|turn|30
|c|★blue53|sannnd
|c| EMdany|all skill
|c|★blue53|SANND
|choice|move 3|move 1
|
|move|p2a: Dragonite|Ice Beam|p1a: Dugtrio
|-supereffective|p1a: Dugtrio
|-end|p1a: Dugtrio|Substitute
|move|p1a: Dugtrio|Mimic|p2a: Dragonite
|-start|p1a: Dugtrio|Mimic|Agility
|
|turn|31
|c|★blue53|FUCK
|c| EMdany|lol
|choice|move 2|move 1
|
|move|p2a: Dragonite|Ice Beam|p1a: Dugtrio
|-supereffective|p1a: Dugtrio
|-damage|p1a: Dugtrio|3\/233
|move|p1a: Dugtrio|Sand Attack|p2a: Dragonite
|-unboost|p2a: Dragonite|accuracy|1
|
|turn|32
|choice|move 2|move 1
|
|move|p2a: Dragonite|Ice Beam|p1a: Dugtrio
|-supereffective|p1a: Dugtrio
|-damage|p1a: Dugtrio|0 fnt
|faint|p1a: Dugtrio
|choice|switch 2|
|
|switch|p1a: Seadra|Seadra, L90|171\/282
|turn|33
|choice|move 2|move 2
|
|move|p2a: Dragonite|Thunderbolt|p1a: Seadra
|-crit|p1a: Seadra
|-supereffective|p1a: Seadra
|-damage|p1a: Seadra|0 fnt
|faint|p1a: Seadra
|
|win|farmertome
|c|★farmertome|gg
|c|★blue53|:(
|c|★blue53|GG
|leave|Jay9686
|leave|farmertome
|player|p2