|j|G&J Acoount
|j|hlavajda
|player|p1|G&J Acoount|101
|player|p2|hlavajda|266
|gametype|singles
|gen|1
|tier|[Gen 1] Random Battle
|rated
|seed|39477,64889,10858,31560
|rule|Sleep Clause Mod: Limit one foe put to sleep
|rule|Freeze Clause Mod: Limit one foe frozen
|rule|HP Percentage Mod: HP is shown in percentages
|
|start
|switch|p1a: Lapras|Lapras, L79|367\/367
|switch|p2a: Tentacruel|Tentacruel, L85|310\/310
|turn|1
|choice|move 4|switch 2
|
|switch|p2a: Electrode|Electrode, L90|291\/291
|move|p1a: Lapras|Confuse Ray|p2a: Electrode
|-start|p2a: Electrode|confusion
|
|turn|2
|choice|switch 2|move 2
|
|switch|p1a: Vileplume|Vileplume, L90|318\/318
|-activate|p2a: Electrode|confusion
|-damage|p2a: Electrode|264\/291|[from] confusion
|
|turn|3
|choice|move 2|switch 2
|
|switch|p2a: Tentacruel|Tentacruel, L85|310\/310
|move|p1a: Vileplume|Sleep Powder|p2a: Tentacruel
|-status|p2a: Tentacruel|slp
|
|turn|4
|choice|move 3|switch 3
|
|switch|p2a: Parasect|Parasect, L90|291\/291
|move|p1a: Vileplume|Swords Dance|p1a: Vileplume
|-boost|p1a: Vileplume|atk|2
|
|turn|5
|choice|switch 3|move 1
|
|switch|p1a: Caterpie|Caterpie, L99|290\/290
|move|p2a: Parasect|Body Slam|p1a: Caterpie
|-damage|p1a: Caterpie|188\/290
|-status|p1a: Caterpie|par
|
|turn|6
|choice|switch 6|move 2
|
|switch|p1a: Zapdos|Zapdos, L79|304\/304
|move|p2a: Parasect|Slash|p1a: Zapdos
|-damage|p1a: Zapdos|247\/304
|
|turn|7
|choice|move 3|move 4
|
|move|p1a: Zapdos|Drill Peck|p2a: Parasect
|-supereffective|p2a: Parasect
|-damage|p2a: Parasect|22\/291
|move|p2a: Parasect|Stun Spore|p1a: Zapdos
|-status|p1a: Zapdos|par
|
|turn|8
|choice|move 4|move 2
|
|move|p2a: Parasect|Slash|p1a: Zapdos
|-crit|p1a: Zapdos
|-damage|p1a: Zapdos|133\/304 par
|move|p1a: Zapdos|Agility|p1a: Zapdos
|-boost|p1a: Zapdos|spe|2
|
|turn|9
|choice|move 2|move 2
|
|move|p1a: Zapdos|Thunderbolt|p2a: Parasect
|-resisted|p2a: Parasect
|-damage|p2a: Parasect|0 fnt
|faint|p2a: Parasect
|choice||switch 4
|
|switch|p2a: Zapdos|Zapdos, L79|304\/304
|turn|10
|choice|move 2|move 3
|
|move|p1a: Zapdos|Thunderbolt|p2a: Zapdos
|-damage|p2a: Zapdos|220\/304
|move|p2a: Zapdos|Thunderbolt|p1a: Zapdos
|-damage|p1a: Zapdos|42\/304 par
|
|turn|11
|choice|move 1|move 3
|
|move|p1a: Zapdos|Thunder Wave|p2a: Zapdos
|-status|p2a: Zapdos|par
|cant|p2a: Zapdos|par
|
|turn|12
|choice|move 2|move 3
|
|cant|p1a: Zapdos|par
|move|p2a: Zapdos|Thunderbolt|p1a: Zapdos
|-damage|p1a: Zapdos|0 fnt
|faint|p1a: Zapdos
|choice|switch 3|
|
|switch|p1a: Vileplume|Vileplume, L90|318\/318
|turn|13
|choice|move 1|move 1
|
|move|p1a: Vileplume|Body Slam|p2a: Zapdos
|-damage|p2a: Zapdos|153\/304 par
|move|p2a: Zapdos|Drill Peck|p1a: Vileplume
|-supereffective|p1a: Vileplume
|-damage|p1a: Vileplume|186\/318
|
|turn|14
|choice|move 3|move 1
|
|move|p1a: Vileplume|Swords Dance|p1a: Vileplume
|-boost|p1a: Vileplume|atk|2
|move|p2a: Zapdos|Drill Peck|p1a: Vileplume
|-supereffective|p1a: Vileplume
|-damage|p1a: Vileplume|52\/318
|
|turn|15
|choice|move 1|move 1
|
|move|p1a: Vileplume|Body Slam|p2a: Zapdos
|-damage|p2a: Zapdos|12\/304 par
|move|p2a: Zapdos|Drill Peck|p1a: Vileplume
|-supereffective|p1a: Vileplume
|-damage|p1a: Vileplume|0 fnt
|faint|p1a: Vileplume
|choice|switch 2|
|
|switch|p1a: Lapras|Lapras, L79|367\/367
|turn|16
|choice|move 3|move 3
|
|move|p1a: Lapras|Body Slam|p2a: Zapdos
|-damage|p2a: Zapdos|0 fnt
|faint|p2a: Zapdos
|choice||switch 2
|
|switch|p2a: Electrode|Electrode, L90|264\/291
|turn|17
|choice|switch 5|move 2
|
|switch|p1a: Chansey|Chansey, L79|557\/557
|move|p2a: Electrode|Thunder|p1a: Chansey|[miss]
|-miss|p2a: Electrode
|
|turn|18
|choice|move 2|move 4
|
|move|p2a: Electrode|Flash|p1a: Chansey
|-unboost|p1a: Chansey|accuracy|1
|move|p1a: Chansey|Thunder Wave|p2a: Electrode
|-status|p2a: Electrode|par
|
|turn|19
|choice|move 3|move 2
|
|move|p1a: Chansey|Reflect|p1a: Chansey
|-start|p1a: Chansey|Reflect
|move|p2a: Electrode|Thunder|p1a: Chansey
|-crit|p1a: Chansey
|-damage|p1a: Chansey|309\/557
|
|turn|20
|choice|move 1|move 2
|
|move|p1a: Chansey|Soft-Boiled|p1a: Chansey
|-heal|p1a: Chansey|557\/557
|move|p2a: Electrode|Thunder|p1a: Chansey|[miss]
|-miss|p2a: Electrode
|
|turn|21
|choice|move 2|move 2
|
|move|p1a: Chansey|Thunder Wave|p2a: Electrode
|-fail|p2a: Electrode|par
|move|p2a: Electrode|Thunder|p1a: Chansey
|-damage|p1a: Chansey|445\/557
|
|turn|22
|choice|move 3|move 2
|
|move|p1a: Chansey|Reflect|p1a: Chansey
|-fail|p1a: Chansey
|move|p2a: Electrode|Thunder|p1a: Chansey|[miss]
|-miss|p2a: Electrode
|
|turn|23
|choice|move 2|move 2
|
|move|p1a: Chansey|Thunder Wave|p2a: Electrode
|-fail|p2a: Electrode|par
|cant|p2a: Electrode|par
|
|turn|24
|choice|move 3|move 2
|
|move|p1a: Chansey|Reflect|p1a: Chansey
|-fail|p1a: Chansey
|move|p2a: Electrode|Thunder|p1a: Chansey
|-damage|p1a: Chansey|316\/557
|
|turn|25
|choice|move 1|move 2
|
|move|p1a: Chansey|Soft-Boiled|p1a: Chansey
|-heal|p1a: Chansey|557\/557
|move|p2a: Electrode|Thunder|p1a: Chansey
|-damage|p1a: Chansey|438\/557
|
|turn|26
|choice|move 3|move 2
|
|move|p1a: Chansey|Reflect|p1a: Chansey
|-fail|p1a: Chansey
|move|p2a: Electrode|Thunder|p1a: Chansey|[miss]
|-miss|p2a: Electrode
|
|turn|27
|choice|move 2|move 2
|
|move|p1a: Chansey|Thunder Wave|p2a: Electrode
|-fail|p2a: Electrode|par
|move|p2a: Electrode|Thunder|p1a: Chansey
|-damage|p1a: Chansey|315\/557
|
|turn|28
|choice|move 3|move 2
|
|move|p1a: Chansey|Reflect|p1a: Chansey
|-fail|p1a: Chansey
|move|p2a: Electrode|Thunder|p1a: Chansey
|-damage|p1a: Chansey|191\/557
|
|turn|29
|choice|move 1|move 2
|
|move|p1a: Chansey|Soft-Boiled|p1a: Chansey
|-heal|p1a: Chansey|469\/557
|move|p2a: Electrode|Thunder|p1a: Chansey|[miss]
|-miss|p2a: Electrode
|
|turn|30
|choice|move 3|move 2
|
|move|p1a: Chansey|Reflect|p1a: Chansey
|-fail|p1a: Chansey
|move|p2a: Electrode|Thunder|p1a: Chansey|[miss]
|-miss|p2a: Electrode
|
|turn|31
|choice|move 2|move 2
|
|move|p1a: Chansey|Thunder Wave|p2a: Electrode
|-fail|p2a: Electrode|par
|cant|p2a: Electrode|par
|
|turn|32
|choice|move 3|move 2
|
|move|p1a: Chansey|Reflect|p1a: Chansey
|-fail|p1a: Chansey
|cant|p2a: Electrode|par
|
|turn|33
|choice|move 3|move 2
|
|move|p1a: Chansey|Reflect|p1a: Chansey
|-fail|p1a: Chansey
|move|p2a: Electrode|Thunder|p1a: Chansey
|-damage|p1a: Chansey|356\/557
|
|turn|34
|choice|move 3|move 2
|
|move|p1a: Chansey|Reflect|p1a: Chansey
|-fail|p1a: Chansey
|move|p2a: Electrode|Thunder|p1a: Chansey
|-damage|p1a: Chansey|240\/557
|
|turn|35
|choice|move 1|move 2
|
|move|p1a: Chansey|Soft-Boiled|p1a: Chansey
|-heal|p1a: Chansey|518\/557
|cant|p2a: Electrode|par
|
|turn|36
|choice|move 3|move 2
|
|move|p1a: Chansey|Reflect|p1a: Chansey
|-fail|p1a: Chansey
|move|p2a: Electrode|Thunder|p1a: Chansey
|-crit|p1a: Chansey
|-damage|p1a: Chansey|274\/557
|
|turn|37
|choice|move 1|move 2
|
|move|p1a: Chansey|Soft-Boiled|p1a: Chansey
|-heal|p1a: Chansey|552\/557
|move|p2a: Electrode|Thunder|p1a: Chansey
|-damage|p1a: Chansey|432\/557
|-status|p1a: Chansey|par
|
|turn|38
|choice|move 4|move 4
|
|move|p2a: Electrode|Flash|p1a: Chansey
|-unboost|p1a: Chansey|accuracy|1
|move|p1a: Chansey|Counter|p2a: Electrode
|-fail|p1a: Chansey
|
|turn|39
|choice|switch 6|move 4
|
|switch|p1a: Caterpie|Caterpie, L99|188\/290 par
|move|p2a: Electrode|Flash|p1a: Caterpie
|-unboost|p1a: Caterpie|accuracy|1
|
|turn|40
|choice|move 1|switch 5
|
|switch|p2a: Gengar|Gengar, L79|257\/257
|move|p1a: Caterpie|Tackle|p2a: Gengar
|-immune|p2a: Gengar|[msg]
|
|turn|41
|choice|switch 6|move 3
|
|switch|p1a: Chansey|Chansey, L79|432\/557 par
|move|p2a: Gengar|Psychic|p1a: Chansey
|-damage|p1a: Chansey|372\/557 par
|
|turn|42
|choice|move 2|switch 3
|
|switch|p2a: Tentacruel|Tentacruel, L85|310\/310 slp
|move|p1a: Chansey|Thunder Wave|p2a: Tentacruel
|-fail|p2a: Tentacruel
|
|turn|43
|choice|switch 5|move 3
|
|switch|p1a: Lapras|Lapras, L79|367\/367
|cant|p2a: Tentacruel|slp
|
|turn|44
|choice|move 4|move 3
|
|cant|p2a: Tentacruel|slp
|move|p1a: Lapras|Confuse Ray|p2a: Tentacruel
|-start|p2a: Tentacruel|confusion
|
|turn|45
|choice|move 1|move 3
|
|-curestatus|p2a: Tentacruel|slp
|move|p1a: Lapras|Thunderbolt|p2a: Tentacruel
|-supereffective|p2a: Tentacruel
|-damage|p2a: Tentacruel|213\/310
|
|turn|46
|choice|move 1|move 3
|
|-activate|p2a: Tentacruel|confusion
|-damage|p2a: Tentacruel|181\/310|[from] confusion
|move|p1a: Lapras|Thunderbolt|p2a: Tentacruel
|-crit|p2a: Tentacruel
|-supereffective|p2a: Tentacruel
|-damage|p2a: Tentacruel|0 fnt
|faint|p2a: Tentacruel
|choice||switch 5
|
|switch|p2a: Electrode|Electrode, L90|264\/291 par
|turn|47
|choice|switch 6|move 1
|
|switch|p1a: Caterpie|Caterpie, L99|188\/290 par
|cant|p2a: Electrode|par
|
|turn|48
|choice|switch 5|switch 3
|
|switch|p2a: Gengar|Gengar, L79|257\/257
|switch|p1a: Chansey|Chansey, L79|372\/557 par
|
|turn|49
|choice|move 2|switch 3
|
|switch|p2a: Electrode|Electrode, L90|264\/291 par
|move|p1a: Chansey|Thunder Wave|p2a: Electrode
|-fail|p2a: Electrode|par
|
|turn|50
|choice|switch 5|move 3
|
|switch|p1a: Caterpie|Caterpie, L99|188\/290 par
|move|p2a: Electrode|Reflect|p2a: Electrode
|-start|p2a: Electrode|Reflect
|
|turn|51
|c|★G&J Acoount|nooo
|choice|move 2|switch 3
|
|switch|p2a: Gengar|Gengar, L79|257\/257
|move|p1a: Caterpie|String Shot|p2a: Gengar
|-unboost|p2a: Gengar|spe|1
|
|turn|52
|choice|switch 5|move 3
|
|switch|p1a: Chansey|Chansey, L79|372\/557 par
|move|p2a: Gengar|Psychic|p1a: Chansey
|-damage|p1a: Chansey|305\/557 par
|
|turn|53
|choice|switch 4|switch 3
|
|switch|p2a: Electrode|Electrode, L90|264\/291 par
|switch|p1a: Gengar|Gengar, L79|257\/257
|
|turn|54
|choice|move 2|move 4
|
|move|p1a: Gengar|Psychic|p2a: Electrode
|-damage|p2a: Electrode|196\/291 par
|-unboost|p2a: Electrode|spd|1
|-unboost|p2a: Electrode|spa|1
|cant|p2a: Electrode|par
|
|turn|55
|choice|move 2|switch 6
|
|switch|p2a: Kangaskhan|Kangaskhan, L85|352\/352
|move|p1a: Gengar|Psychic|p2a: Kangaskhan
|-damage|p2a: Kangaskhan|244\/352
|
|turn|56
|choice|move 1|move 4
|
|move|p1a: Gengar|Hypnosis|p2a: Kangaskhan
|-status|p2a: Kangaskhan|slp
|cant|p2a: Kangaskhan|slp
|
|turn|57
|choice|move 2|move 4
|
|move|p1a: Gengar|Psychic|p2a: Kangaskhan
|-damage|p2a: Kangaskhan|142\/352 slp
|cant|p2a: Kangaskhan|slp
|
|turn|58
|choice|move 2|move 4
|
|move|p1a: Gengar|Psychic|p2a: Kangaskhan
|-damage|p2a: Kangaskhan|47\/352 slp
|-curestatus|p2a: Kangaskhan|slp
|
|turn|59
|choice|move 2|move 4
|
|move|p1a: Gengar|Psychic|p2a: Kangaskhan
|-damage|p2a: Kangaskhan|0 fnt
|faint|p2a: Kangaskhan
|choice||switch 3
|
|switch|p2a: Gengar|Gengar, L79|257\/257
|turn|60
|choice|move 1|move 1
|
|move|p2a: Gengar|Hypnosis|p1a: Gengar|[miss]
|-miss|p2a: Gengar
|move|p1a: Gengar|Hypnosis|p2a: Gengar|[miss]
|-miss|p1a: Gengar
|
|turn|61
|choice|switch 5|move 3
|
|switch|p1a: Caterpie|Caterpie, L99|188\/290 par
|move|p2a: Gengar|Psychic|p1a: Caterpie
|-damage|p1a: Caterpie|68\/290 par
|
|turn|62
|choice|move 2|move 3
|
|move|p2a: Gengar|Psychic|p1a: Caterpie
|-damage|p1a: Caterpie|0 fnt
|faint|p1a: Caterpie
|choice|switch 4|
|
|switch|p1a: Chansey|Chansey, L79|305\/557 par
|turn|63
|choice|move 2|move 3
|
|move|p2a: Gengar|Psychic|p1a: Chansey
|-damage|p1a: Chansey|237\/557 par
|-unboost|p1a: Chansey|spd|1
|-unboost|p1a: Chansey|spa|1
|move|p1a: Chansey|Thunder Wave|p2a: Gengar
|-status|p2a: Gengar|par
|
|turn|64
|choice|move 1|move 3
|
|move|p2a: Gengar|Psychic|p1a: Chansey
|-damage|p1a: Chansey|143\/557 par
|cant|p1a: Chansey|par
|
|turn|65
|-message|hlavajda forfeited.
|
|win|G&J Acoount
|l|hlavajda
|player|p2
|raw|G&amp;J Acoount's rating: 1234 &rarr; <strong>1256<\/strong><br \/>(+22 for winning)
|raw|hlavajda's rating: 1199 &rarr; <strong>1177<\/strong><br \/>(-22 for losing)