|join|gaietta
|join|paolo.bassi
|player|p1|gaietta|112
|player|p2|paolo.bassi|265
|gametype|singles
|gen|1
|tier|[Gen 1] Random Battle
|rated
|seed|42716,1582,27052,29083
|rule|Sleep Clause Mod: Limit one foe put to sleep
|rule|Freeze Clause Mod: Limit one foe frozen
|rule|HP Percentage Mod: HP is shown in percentages
|
|start
|switch|p1a: Ivysaur|Ivysaur, L85|276\/276
|switch|p2a: Haunter|Haunter, L85|250\/250
|turn|1
|choice|move 2|move 4
|
|move|p2a: Haunter|Psychic|p1a: Ivysaur
|-supereffective|p1a: Ivysaur
|-damage|p1a: Ivysaur|121\/276
|move|p1a: Ivysaur|Leech Seed|p2a: Haunter
|-start|p2a: Haunter|move: Leech Seed
|
|turn|2
|choice|move 3|move 4
|
|move|p2a: Haunter|Psychic|p1a: Ivysaur
|-supereffective|p1a: Ivysaur
|-damage|p1a: Ivysaur|0 fnt
|faint|p1a: Ivysaur
|choice|switch 2|
|
|switch|p1a: Abra|Abra, L96|243\/243
|turn|3
|choice|move 4|switch 3
|
|switch|p2a: Tangela|Tangela, L85|284\/284
|move|p1a: Abra|Psychic|p2a: Tangela
|-damage|p2a: Tangela|161\/284
|-unboost|p2a: Tangela|spd|1
|-unboost|p2a: Tangela|spa|1
|
|turn|4
|choice|move 4|move 2
|
|move|p1a: Abra|Psychic|p2a: Tangela
|-damage|p2a: Tangela|0 fnt
|faint|p2a: Tangela
|choice||switch 5
|
|switch|p2a: Kadabra|Kadabra, L85|242\/242
|turn|5
|choice|move 3|move 4
|
|move|p1a: Abra|Thunder Wave|p2a: Kadabra
|-status|p2a: Kadabra|par
|move|p2a: Kadabra|Thunder Wave|p1a: Abra
|-status|p1a: Abra|par
|
|turn|6
|choice|move 2|move 1
|
|move|p1a: Abra|Seismic Toss|p2a: Kadabra
|-damage|p2a: Kadabra|146\/242 par
|move|p2a: Kadabra|Psychic|p1a: Abra
|-resisted|p1a: Abra
|-damage|p1a: Abra|200\/243 par
|
|turn|7
|choice|move 2|switch 2
|
|switch|p2a: Beedrill|Beedrill, L90|300\/300
|move|p1a: Abra|Seismic Toss|p2a: Beedrill
|-damage|p2a: Beedrill|204\/300
|
|turn|8
|choice|move 4|move 1
|
|move|p2a: Beedrill|Hyper Beam|p1a: Abra
|-damage|p1a: Abra|0 fnt
|faint|p1a: Abra
|choice|switch 3|
|
|switch|p1a: Dugtrio|Dugtrio, L85|233\/233
|turn|9
|choice|move 1|move 1
|
|move|p1a: Dugtrio|Earthquake|p2a: Beedrill
|-damage|p2a: Beedrill|61\/300
|move|p2a: Beedrill|Hyper Beam|p1a: Dugtrio|[miss]
|-miss|p2a: Beedrill
|
|turn|10
|choice|move 1|move 1
|
|move|p1a: Dugtrio|Earthquake|p2a: Beedrill
|-damage|p2a: Beedrill|0 fnt
|faint|p2a: Beedrill
|choice||switch 4
|
|switch|p2a: Vaporeon|Vaporeon, L85|395\/395
|turn|11
|choice|switch 6|move 1
|
|switch|p1a: Wartortle|Wartortle, L85|274\/274
|move|p2a: Vaporeon|Surf|p1a: Wartortle
|-resisted|p1a: Wartortle
|-damage|p1a: Wartortle|210\/274
|
|turn|12
|choice|move 3|move 2
|
|move|p2a: Vaporeon|Body Slam|p1a: Wartortle
|-crit|p1a: Wartortle
|-damage|p1a: Wartortle|109\/274
|move|p1a: Wartortle|Body Slam|p2a: Vaporeon
|-damage|p2a: Vaporeon|333\/395
|
|turn|13
|choice|move 3|move 2
|
|move|p2a: Vaporeon|Body Slam|p1a: Wartortle
|-damage|p1a: Wartortle|59\/274
|move|p1a: Wartortle|Body Slam|p2a: Vaporeon
|-damage|p2a: Vaporeon|276\/395
|
|turn|14
|choice|move 2|move 2
|
|move|p2a: Vaporeon|Body Slam|p1a: Wartortle
|-damage|p1a: Wartortle|7\/274
|move|p1a: Wartortle|Hydro Pump|p2a: Vaporeon
|-resisted|p2a: Vaporeon
|-damage|p2a: Vaporeon|230\/395
|
|turn|15
|choice|move 3|move 1
|
|move|p2a: Vaporeon|Surf|p1a: Wartortle
|-resisted|p1a: Wartortle
|-damage|p1a: Wartortle|0 fnt
|faint|p1a: Wartortle
|choice|switch 5|
|
|switch|p1a: Hitmonchan|Hitmonchan, L90|273\/273
|turn|16
|choice|move 1|switch 3
|
|switch|p2a: Haunter|Haunter, L85|250\/250
|move|p1a: Hitmonchan|Seismic Toss|p2a: Haunter
|-damage|p2a: Haunter|160\/250
|
|turn|17
|choice|move 1|move 1
|
|move|p2a: Haunter|Hypnosis|p1a: Hitmonchan
|-status|p1a: Hitmonchan|slp
|cant|p1a: Hitmonchan|slp
|
|turn|18
|choice|switch 6|move 4
|
|switch|p1a: Dugtrio|Dugtrio, L85|233\/233
|move|p2a: Haunter|Psychic|p1a: Dugtrio|[miss]
|-miss|p2a: Haunter
|
|turn|19
|choice|move 1|switch 2
|
|switch|p2a: Kadabra|Kadabra, L85|146\/242 par
|move|p1a: Dugtrio|Earthquake|p2a: Kadabra
|-crit|p2a: Kadabra
|-damage|p2a: Kadabra|0 fnt
|faint|p2a: Kadabra
|choice||switch 3
|
|switch|p2a: Vaporeon|Vaporeon, L85|230\/395
|turn|20
|choice|move 1|move 1
|
|move|p1a: Dugtrio|Earthquake|p2a: Vaporeon
|-crit|p2a: Vaporeon
|-damage|p2a: Vaporeon|0 fnt
|faint|p2a: Vaporeon
|choice||switch 2
|
|switch|p2a: Haunter|Haunter, L85|160\/250
|turn|21
|choice|move 1|move 4
|
|move|p1a: Dugtrio|Earthquake|p2a: Haunter
|-supereffective|p2a: Haunter
|-damage|p2a: Haunter|0 fnt
|faint|p2a: Haunter
|choice||switch 6
|
|switch|p2a: Jolteon|Jolteon, L79|265\/265
|turn|22
|choice|move 1|move 4
|
|move|p1a: Dugtrio|Earthquake|p2a: Jolteon
|-supereffective|p2a: Jolteon
|-damage|p2a: Jolteon|0 fnt
|faint|p2a: Jolteon
|
|win|gaietta
|leave|paolo.bassi
|player|p2
|raw|gaietta's rating: 1202 &rarr; <strong>1229<\/strong><br \/>(+27 for winning)
|raw|paolo.bassi's rating: 1227 &rarr; <strong>1200<\/strong><br \/>(-27 for losing)