|j|swaggymelon
|j|chuchosima
|player|p1|swaggymelon|265
|player|p2|chuchosima|102
|gametype|singles
|gen|1
|tier|[Gen 1] Random Battle
|rated
|seed|
|rule|Sleep Clause Mod: Limit one foe put to sleep
|rule|Freeze Clause Mod: Limit one foe frozen
|rule|HP Percentage Mod: HP is shown in percentages
|
|start
|switch|p1a: Slowbro|Slowbro, L79|100\/100
|switch|p2a: Gastly|Gastly, L96|100\/100
|turn|1
|choice||
|
|move|p2a: Gastly|Confuse Ray|p1a: Slowbro
|-start|p1a: Slowbro|confusion
|-activate|p1a: Slowbro|confusion
|move|p1a: Slowbro|Amnesia|p1a: Slowbro
|-boost|p1a: Slowbro|spd|2
|-boost|p1a: Slowbro|spa|2
|
|turn|2
|choice||
|
|move|p2a: Gastly|Hypnosis|p1a: Slowbro
|-status|p1a: Slowbro|slp
|cant|p1a: Slowbro|slp
|
|turn|3
|choice||
|
|switch|p1a: Onix|Onix, L90|100\/100
|move|p2a: Gastly|Thunderbolt|p1a: Onix
|-immune|p1a: Onix|[msg]
|
|turn|4
|choice||
|
|move|p2a: Gastly|Confuse Ray|p1a: Onix
|-start|p1a: Onix|confusion
|-activate|p1a: Onix|confusion
|-damage|p1a: Onix|94\/100|[from] confusion
|
|turn|5
|choice||
|
|move|p2a: Gastly|Hypnosis|p1a: Onix|[miss]
|-miss|p2a: Gastly
|-end|p1a: Onix|confusion
|move|p1a: Onix|Earthquake|p2a: Gastly
|-supereffective|p2a: Gastly
|-damage|p2a: Gastly|2\/100
|
|turn|6
|choice||
|
|move|p2a: Gastly|Confuse Ray|p1a: Onix
|-start|p1a: Onix|confusion
|-activate|p1a: Onix|confusion
|move|p1a: Onix|Rock Slide|p2a: Gastly
|-damage|p2a: Gastly|0 fnt
|faint|p2a: Gastly
|choice||
|
|switch|p2a: Omastar|Omastar, L90|100\/100
|turn|7
|choice||
|
|-activate|p1a: Onix|confusion
|move|p1a: Onix|Explosion|p2a: Omastar
|-resisted|p2a: Omastar
|-damage|p2a: Omastar|80\/100
|faint|p1a: Onix
|c|★swaggymelon|lolol dumb of me
|choice||
|
|switch|p1a: Snorlax|Snorlax, L79|100\/100
|turn|8
|choice||
|
|move|p2a: Omastar|Seismic Toss|p1a: Snorlax
|-damage|p1a: Snorlax|79\/100
|move|p1a: Snorlax|Amnesia|p1a: Snorlax
|-boost|p1a: Snorlax|spd|2
|-boost|p1a: Snorlax|spa|2
|
|turn|9
|choice||
|
|move|p2a: Omastar|Hydro Pump|p1a: Snorlax|[miss]
|-miss|p2a: Omastar
|move|p1a: Snorlax|Earthquake|p2a: Omastar
|-supereffective|p2a: Omastar
|-damage|p2a: Omastar|47\/100
|
|turn|10
|choice||
|
|move|p2a: Omastar|Hydro Pump|p1a: Snorlax
|-crit|p1a: Snorlax
|-damage|p1a: Snorlax|0 fnt
|faint|p1a: Snorlax
|choice||
|
|switch|p1a: Pinsir|Pinsir, L85|100\/100
|turn|11
|choice||
|
|move|p1a: Pinsir|Submission|p2a: Omastar|[miss]
|-miss|p1a: Pinsir
|move|p2a: Omastar|Mimic|p1a: Pinsir
|-start|p2a: Omastar|Mimic|Body Slam
|
|turn|12
|choice||
|
|move|p1a: Pinsir|Submission|p2a: Omastar
|-supereffective|p2a: Omastar
|-damage|p2a: Omastar|15\/100
|-damage|p1a: Pinsir|92\/100|[from] recoil|[of] p2a: Omastar
|move|p2a: Omastar|Body Slam|p1a: Pinsir
|-crit|p1a: Pinsir
|-damage|p1a: Pinsir|59\/100
|
|turn|13
|choice||
|
|move|p1a: Pinsir|Submission|p2a: Omastar|[miss]
|-miss|p1a: Pinsir
|move|p2a: Omastar|Hydro Pump|p1a: Pinsir
|-damage|p1a: Pinsir|0 fnt
|faint|p1a: Pinsir
|choice||
|
|switch|p1a: Vaporeon|Vaporeon, L85|100\/100
|turn|14
|choice||
|
|move|p1a: Vaporeon|Hydro Pump|p2a: Omastar
|-damage|p2a: Omastar|0 fnt
|faint|p2a: Omastar
|choice||
|
|switch|p2a: Persian|Persian, L79|100\/100
|turn|15
|choice||
|
|move|p2a: Persian|Thunderbolt|p1a: Vaporeon
|-supereffective|p1a: Vaporeon
|-damage|p1a: Vaporeon|80\/100
|move|p1a: Vaporeon|Hydro Pump|p2a: Persian
|-damage|p2a: Persian|29\/100
|
|turn|16
|choice||
|
|move|p2a: Persian|Hyper Beam|p1a: Vaporeon
|-damage|p1a: Vaporeon|47\/100
|move|p1a: Vaporeon|Body Slam|p2a: Persian
|-damage|p2a: Persian|7\/100
|
|turn|17
|-mustrecharge|p2a: Persian
|-mustrecharge|p2a: Persian
|choice||
|
|cant|p2a: Persian|recharge
|move|p1a: Vaporeon|Body Slam|p2a: Persian
|-damage|p2a: Persian|0 fnt
|faint|p2a: Persian
|choice||
|
|switch|p2a: Machoke|Machoke, L85|100\/100
|turn|18
|choice||
|
|move|p1a: Vaporeon|Hydro Pump|p2a: Machoke|[miss]
|-miss|p1a: Vaporeon
|move|p2a: Machoke|Earthquake|p1a: Vaporeon
|-damage|p1a: Vaporeon|23\/100
|
|turn|19
|choice||
|
|move|p1a: Vaporeon|Hydro Pump|p2a: Machoke
|-damage|p2a: Machoke|42\/100
|move|p2a: Machoke|Submission|p1a: Vaporeon
|-damage|p1a: Vaporeon|0 fnt
|-damage|p2a: Machoke|35\/100|[from] recoil|[of] p1a: Vaporeon
|faint|p1a: Vaporeon
|choice||
|
|switch|p1a: Sandshrew|Sandshrew, L96|100\/100
|turn|20
|choice||
|
|move|p1a: Sandshrew|Earthquake|p2a: Machoke
|-damage|p2a: Machoke|0 fnt
|faint|p2a: Machoke
|choice||
|
|switch|p2a: Aerodactyl|Aerodactyl, L90|100\/100
|turn|21
|choice||
|
|switch|p1a: Slowbro|Slowbro, L79|100\/100 slp
|move|p2a: Aerodactyl|Sky Attack|p1a: Slowbro|[still]
|-prepare|p2a: Aerodactyl|Sky Attack|p1a: Slowbro
|
|turn|22
|choice||
|
|move|p2a: Aerodactyl|Sky Attack|p1a: Slowbro|[from]Sky Attack
|-damage|p1a: Slowbro|44\/100 slp
|cant|p1a: Slowbro|slp
|
|turn|23
|choice||
|
|move|p2a: Aerodactyl|Sky Attack|p1a: Slowbro|[still]
|-prepare|p2a: Aerodactyl|Sky Attack|p1a: Slowbro
|cant|p1a: Slowbro|slp
|
|turn|24
|choice||
|
|switch|p1a: Sandshrew|Sandshrew, L96|100\/100
|move|p2a: Aerodactyl|Sky Attack|p1a: Sandshrew|[from]Sky Attack
|-damage|p1a: Sandshrew|42\/100
|
|turn|25
|choice||
|
|move|p2a: Aerodactyl|Sky Attack|p1a: Sandshrew|[still]
|-prepare|p2a: Aerodactyl|Sky Attack|p1a: Sandshrew
|move|p1a: Sandshrew|Body Slam|p2a: Aerodactyl
|-resisted|p2a: Aerodactyl
|-damage|p2a: Aerodactyl|89\/100
|
|turn|26
|choice||
|
|move|p2a: Aerodactyl|Sky Attack|p1a: Sandshrew|[from]Sky Attack
|-damage|p1a: Sandshrew|0 fnt
|faint|p1a: Sandshrew
|choice||
|
|switch|p1a: Slowbro|Slowbro, L79|44\/100 slp
|turn|27
|choice||
|
|move|p2a: Aerodactyl|Sky Attack|p1a: Slowbro|[still]
|-prepare|p2a: Aerodactyl|Sky Attack|p1a: Slowbro
|cant|p1a: Slowbro|slp
|
|turn|28
|choice||
|
|move|p2a: Aerodactyl|Sky Attack|p1a: Slowbro|[from]Sky Attack
|-damage|p1a: Slowbro|0 fnt
|faint|p1a: Slowbro
|
|win|chuchosima
|player|p1
|player|p2
|raw|swaggymelon's rating: 1134 &rarr; <strong>1100<\/strong><br \/>(-34 for losing)
|raw|chuchosima's rating: 1000 &rarr; <strong>1055<\/strong><br \/>(+55 for winning)
|c|★swaggymelon|why put timer on if you're going to take for ever to choose a play.. damn
|l|swaggymelon