|j|LaganjaStranja
|j|Dervodel2
|player|p1|LaganjaStranja|102
|player|p2|Dervodel2|238
|gametype|singles
|gen|1
|tier|[Gen 1] Random Battle
|rated
|seed|14558,19865,15715,34787
|rule|Sleep Clause Mod: Limit one foe put to sleep
|rule|Freeze Clause Mod: Limit one foe frozen
|rule|HP Percentage Mod: HP is shown in percentages
|
|start
|switch|p1a: Haunter|Haunter, L85|250\/250
|switch|p2a: Pikachu|Pikachu, L96|262\/262
|turn|1
|choice|move 1|move 3
|
|move|p2a: Pikachu|Thunder Wave|p1a: Haunter
|-status|p1a: Haunter|par
|move|p1a: Haunter|Hypnosis|p2a: Pikachu
|-status|p2a: Pikachu|slp
|
|turn|2
|choice|switch 3|switch 5
|
|switch|p2a: Hypno|Hypno, L85|318\/318
|switch|p1a: Kangaskhan|Kangaskhan, L85|352\/352
|
|turn|3
|choice|move 2|move 4
|
|move|p1a: Kangaskhan|Body Slam|p2a: Hypno
|-damage|p2a: Hypno|214\/318
|move|p2a: Hypno|Counter|p1a: Kangaskhan
|-damage|p1a: Kangaskhan|144\/352
|
|turn|4
|choice|move 3|move 1
|
|move|p1a: Kangaskhan|Surf|p2a: Hypno
|-damage|p2a: Hypno|176\/318
|move|p2a: Hypno|Psychic|p1a: Kangaskhan
|-damage|p1a: Kangaskhan|0 fnt
|faint|p1a: Kangaskhan
|choice|switch 2|
|
|switch|p1a: Kadabra|Kadabra, L85|242\/242
|turn|5
|choice|move 3|move 3
|
|move|p1a: Kadabra|Thunder Wave|p2a: Hypno
|-status|p2a: Hypno|par
|move|p2a: Hypno|Hypnosis|p1a: Kadabra
|-status|p1a: Kadabra|slp
|
|turn|6
|choice|move 4|switch 3
|
|switch|p2a: Beedrill|Beedrill, L90|300\/300
|cant|p1a: Kadabra|slp
|
|turn|7
|choice|switch 6|move 2
|
|switch|p1a: Magmar|Magmar, L90|300\/300
|move|p2a: Beedrill|Swords Dance|p2a: Beedrill
|-boost|p2a: Beedrill|atk|2
|
|turn|8
|choice|move 4|move 4
|
|move|p1a: Magmar|Fire Blast|p2a: Beedrill
|-supereffective|p2a: Beedrill
|-damage|p2a: Beedrill|0 fnt
|faint|p2a: Beedrill
|choice||switch 4
|
|switch|p2a: Persian|Persian, L79|265\/265
|turn|9
|choice|switch 3|move 1
|
|switch|p1a: Haunter|Haunter, L85|250\/250 par
|move|p2a: Persian|Slash|p1a: Haunter
|-immune|p1a: Haunter|[msg]
|
|turn|10
|choice|move 3|switch 3
|
|switch|p2a: Hypno|Hypno, L85|176\/318 par
|move|p1a: Haunter|Psychic|p2a: Hypno
|-resisted|p2a: Hypno
|-damage|p2a: Hypno|147\/318 par
|
|turn|11
|choice|switch 6|switch 3
|
|switch|p1a: Kadabra|Kadabra, L85|242\/242 slp
|switch|p2a: Persian|Persian, L79|265\/265
|
|turn|12
|choice|switch 6|move 1
|
|switch|p1a: Haunter|Haunter, L85|250\/250 par
|move|p2a: Persian|Slash|p1a: Haunter
|-immune|p1a: Haunter|[msg]
|
|turn|13
|choice|move 2|move 3
|
|move|p2a: Persian|Thunderbolt|p1a: Haunter
|-damage|p1a: Haunter|214\/250 par
|move|p1a: Haunter|Thunderbolt|p2a: Persian
|-damage|p2a: Persian|163\/265
|
|turn|14
|choice|move 2|switch 6
|
|switch|p2a: Graveler|Graveler, L85|267\/267
|move|p1a: Haunter|Thunderbolt|p2a: Graveler
|-immune|p2a: Graveler|[msg]
|
|turn|15
|choice|move 3|move 3
|
|move|p2a: Graveler|Earthquake|p1a: Haunter
|-supereffective|p1a: Haunter
|-damage|p1a: Haunter|0 fnt
|faint|p1a: Haunter
|choice|switch 5|
|
|switch|p1a: Cloyster|Cloyster, L83|253\/253
|turn|16
|choice|move 1|switch 2
|
|switch|p2a: Cloyster|Cloyster, L83|253\/253
|move|p1a: Cloyster|Surf|p2a: Cloyster
|-resisted|p2a: Cloyster
|-damage|p2a: Cloyster|208\/253
|
|turn|17
|choice|move 2|move 4
|
|move|p2a: Cloyster|Toxic|p1a: Cloyster
|-status|p1a: Cloyster|tox
|move|p1a: Cloyster|Hyper Beam|p2a: Cloyster
|-damage|p2a: Cloyster|147\/253
|-damage|p1a: Cloyster|238\/253 tox|[from] tox|[of] p2a: Cloyster
|
|turn|18
|-mustrecharge|p1a: Cloyster
|-mustrecharge|p1a: Cloyster
|choice|move 1|move 2
|
|cant|p1a: Cloyster|recharge
|-damage|p1a: Cloyster|208\/253 tox|[from] tox|[of] p2a: Cloyster
|move|p2a: Cloyster|Surf|p1a: Cloyster
|-crit|p1a: Cloyster
|-resisted|p1a: Cloyster
|-damage|p1a: Cloyster|114\/253 tox
|
|turn|19
|choice|switch 4|move 2
|
|switch|p1a: Jolteon|Jolteon, L79|265\/265
|move|p2a: Cloyster|Surf|p1a: Jolteon
|-damage|p1a: Jolteon|184\/265
|
|turn|20
|choice|move 4|switch 2
|
|switch|p2a: Graveler|Graveler, L85|267\/267
|move|p1a: Jolteon|Sand Attack|p2a: Graveler
|-unboost|p2a: Graveler|accuracy|1
|
|turn|21
|choice|switch 4|move 3
|
|switch|p1a: Cloyster|Cloyster, L83|114\/253 tox
|-status|p1a: Cloyster|psn
|-damage|p1a: Cloyster|99\/253 psn|[from] psn
|move|p2a: Graveler|Earthquake|p1a: Cloyster
|-damage|p1a: Cloyster|38\/253 psn
|
|turn|22
|choice|move 1|switch 2
|
|switch|p2a: Cloyster|Cloyster, L83|147\/253
|move|p1a: Cloyster|Surf|p2a: Cloyster
|-resisted|p2a: Cloyster
|-damage|p2a: Cloyster|102\/253
|-damage|p1a: Cloyster|23\/253 psn|[from] psn|[of] p2a: Cloyster
|
|turn|23
|choice|move 3|move 2
|
|move|p2a: Cloyster|Surf|p1a: Cloyster
|-crit|p1a: Cloyster
|-resisted|p1a: Cloyster
|-damage|p1a: Cloyster|0 fnt
|faint|p1a: Cloyster
|choice|switch 3|
|
|switch|p1a: Magmar|Magmar, L90|300\/300
|turn|24
|choice|move 3|move 2
|
|move|p1a: Magmar|Mimic|p2a: Cloyster
|-start|p1a: Magmar|Mimic|Explosion
|move|p2a: Cloyster|Surf|p1a: Magmar
|-supereffective|p1a: Magmar
|-damage|p1a: Magmar|113\/300
|
|turn|25
|choice|move 4|switch 2
|
|switch|p2a: Graveler|Graveler, L85|267\/267
|move|p1a: Magmar|Fire Blast|p2a: Graveler
|-resisted|p2a: Graveler
|-damage|p2a: Graveler|177\/267
|
|turn|26
|choice|move 2|move 3
|
|move|p1a: Magmar|Confuse Ray|p2a: Graveler
|-start|p2a: Graveler|confusion
|-activate|p2a: Graveler|confusion
|-damage|p2a: Graveler|150\/267|[from] confusion
|
|turn|27
|choice|move 4|move 3
|
|move|p1a: Magmar|Fire Blast|p2a: Graveler|[miss]
|-miss|p1a: Magmar
|-activate|p2a: Graveler|confusion
|move|p2a: Graveler|Earthquake|p1a: Magmar
|-supereffective|p1a: Magmar
|-damage|p1a: Magmar|0 fnt
|faint|p1a: Magmar
|-message|LaganjaStranja forfeited.
|
|win|Dervodel2
|raw|LaganjaStranja's rating: 1167 &rarr; <strong>1146<\/strong><br \/>(-21 for losing)
|raw|Dervodel2's rating: 1218 &rarr; <strong>1239<\/strong><br \/>(+21 for winning)
|l|LaganjaStranja
|player|p1