|join|MALESANI
|join|Cyan72
|player|p1|MALESANI|238
|player|p2|Cyan72|101
|gametype|singles
|gen|1
|tier|[Gen 1] Random Battle
|rated
|seed|27644,29120,32309,55313
|rule|Sleep Clause Mod: Limit one foe put to sleep
|rule|Freeze Clause Mod: Limit one foe frozen
|rule|HP Percentage Mod: HP is shown in percentages
|
|start
|switch|p1a: Golem|Golem, L79|288\/288
|switch|p2a: Blastoise|Blastoise, L85|308\/308
|turn|1
|choice|switch 3|switch 5
|
|switch|p2a: Marowak|Marowak, L90|291\/291
|switch|p1a: Seaking|Seaking, L90|327\/327
|
|turn|2
|choice|move 2|move 4
|
|move|p1a: Seaking|Double-Edge|p2a: Marowak
|-damage|p2a: Marowak|224\/291
|-damage|p1a: Seaking|311\/327|[from] recoil|[of] p2a: Marowak
|move|p2a: Marowak|Seismic Toss|p1a: Seaking
|-damage|p1a: Seaking|221\/327
|
|turn|3
|choice|move 1|move 2
|
|move|p1a: Seaking|Surf|p2a: Marowak
|-supereffective|p2a: Marowak
|-damage|p2a: Marowak|0 fnt
|faint|p2a: Marowak
|choice||switch 3
|
|switch|p2a: Nidorina|Nidorina, L90|309\/309
|turn|4
|choice|move 1|move 2
|
|move|p1a: Seaking|Surf|p2a: Nidorina
|-damage|p2a: Nidorina|181\/309
|move|p2a: Nidorina|Thunderbolt|p1a: Seaking
|-supereffective|p1a: Seaking
|-damage|p1a: Seaking|109\/327
|-status|p1a: Seaking|par
|
|turn|5
|choice|move 3|move 2
|
|move|p2a: Nidorina|Thunderbolt|p1a: Seaking
|-crit|p1a: Seaking
|-supereffective|p1a: Seaking
|-damage|p1a: Seaking|0 fnt
|faint|p1a: Seaking
|choice|switch 4|
|
|switch|p1a: Zapdos|Zapdos, L79|304\/304
|turn|6
|choice|move 1|switch 4
|
|switch|p2a: Rhydon|Rhydon, L79|328\/328
|move|p1a: Zapdos|Thunderbolt|p2a: Rhydon
|-immune|p2a: Rhydon|[msg]
|
|turn|7
|choice|switch 5|move 3
|
|switch|p1a: Tauros|Tauros, L79|280\/280
|move|p2a: Rhydon|Rock Slide|p1a: Tauros
|-damage|p1a: Tauros|194\/280
|
|turn|8
|choice|move 3|move 1
|
|move|p1a: Tauros|Blizzard|p2a: Rhydon
|-supereffective|p2a: Rhydon
|-damage|p2a: Rhydon|150\/328
|move|p2a: Rhydon|Earthquake|p1a: Tauros
|-damage|p1a: Tauros|80\/280
|
|turn|9
|choice|move 3|switch 5
|
|switch|p2a: Blastoise|Blastoise, L85|308\/308
|move|p1a: Tauros|Blizzard|p2a: Blastoise|[miss]
|-miss|p1a: Tauros
|
|turn|10
|choice|switch 5|move 1
|
|switch|p1a: Zapdos|Zapdos, L79|304\/304
|move|p2a: Blastoise|Earthquake|p1a: Zapdos
|-immune|p1a: Zapdos|[msg]
|
|turn|11
|choice|move 2|switch 5
|
|switch|p2a: Rhydon|Rhydon, L79|150\/328
|move|p1a: Zapdos|Drill Peck|p2a: Rhydon
|-resisted|p2a: Rhydon
|-damage|p2a: Rhydon|122\/328
|
|turn|12
|choice|switch 3|move 1
|
|switch|p1a: Golem|Golem, L79|288\/288
|move|p2a: Rhydon|Earthquake|p1a: Golem
|-supereffective|p1a: Golem
|-damage|p1a: Golem|112\/288
|
|turn|13
|choice|move 4|move 1
|
|move|p1a: Golem|Earthquake|p2a: Rhydon
|-supereffective|p2a: Rhydon
|-damage|p2a: Rhydon|0 fnt
|faint|p2a: Rhydon
|choice||switch 4
|
|switch|p2a: Nidorina|Nidorina, L90|181\/309
|turn|14
|choice|switch 3|move 3
|
|switch|p1a: Zapdos|Zapdos, L79|304\/304
|move|p2a: Nidorina|Bubble Beam|p1a: Zapdos
|-damage|p1a: Zapdos|272\/304
|
|turn|15
|choice|move 1|switch 2
|
|switch|p2a: Wigglytuff|Wigglytuff, L90|435\/435
|move|p1a: Zapdos|Thunderbolt|p2a: Wigglytuff
|-crit|p2a: Wigglytuff
|-damage|p2a: Wigglytuff|163\/435
|
|turn|16
|choice|switch 2|move 3
|
|switch|p1a: Rapidash|Rapidash, L90|300\/300
|move|p2a: Wigglytuff|Sing|p1a: Rapidash
|-status|p1a: Rapidash|slp
|
|turn|17
|choice|switch 2|switch 5
|
|switch|p1a: Zapdos|Zapdos, L79|272\/304
|switch|p2a: Blastoise|Blastoise, L85|308\/308
|
|turn|18
|choice|move 1|switch 2
|
|switch|p2a: Nidorina|Nidorina, L90|181\/309
|move|p1a: Zapdos|Thunderbolt|p2a: Nidorina
|-damage|p2a: Nidorina|40\/309
|
|turn|19
|choice|move 2|move 1
|
|move|p1a: Zapdos|Drill Peck|p2a: Nidorina
|-damage|p2a: Nidorina|0 fnt
|faint|p2a: Nidorina
|choice||switch 6
|
|switch|p2a: Kadabra|Kadabra, L85|242\/242
|turn|20
|choice|switch 2|move 4
|
|switch|p1a: Rapidash|Rapidash, L90|300\/300 slp
|move|p2a: Kadabra|Thunder Wave|p1a: Rapidash
|-fail|p1a: Rapidash
|
|turn|21
|choice|move 2|move 1
|
|cant|p1a: Rapidash|slp
|move|p2a: Kadabra|Psychic|p1a: Rapidash
|-damage|p1a: Rapidash|186\/300 slp
|
|turn|22
|choice|move 2|move 1
|
|cant|p1a: Rapidash|slp
|move|p2a: Kadabra|Psychic|p1a: Rapidash
|-damage|p1a: Rapidash|71\/300 slp
|
|turn|23
|choice|move 2|move 3
|
|cant|p1a: Rapidash|slp
|move|p2a: Kadabra|Reflect|p2a: Kadabra
|-start|p2a: Kadabra|Reflect
|
|turn|24
|choice|move 4|move 1
|
|cant|p1a: Rapidash|slp
|move|p2a: Kadabra|Psychic|p1a: Rapidash
|-damage|p1a: Rapidash|0 fnt
|faint|p1a: Rapidash
|choice|switch 6|
|
|switch|p1a: Persian|Persian, L79|265\/265
|turn|25
|choice|move 4|switch 5
|
|switch|p2a: Wigglytuff|Wigglytuff, L90|163\/435
|move|p1a: Persian|Body Slam|p2a: Wigglytuff
|-damage|p2a: Wigglytuff|81\/435
|
|turn|26
|choice|move 1|move 4
|
|move|p1a: Persian|Slash|p2a: Wigglytuff
|-crit|p2a: Wigglytuff
|-damage|p2a: Wigglytuff|0 fnt
|faint|p2a: Wigglytuff
|choice||switch 2
|
|switch|p2a: Blastoise|Blastoise, L85|308\/308
|turn|27
|choice|switch 3|move 3
|
|switch|p1a: Golem|Golem, L79|112\/288
|move|p2a: Blastoise|Body Slam|p1a: Golem
|-resisted|p1a: Golem
|-damage|p1a: Golem|91\/288
|-status|p1a: Golem|par
|
|turn|28
|choice|move 2|move 1
|
|move|p2a: Blastoise|Earthquake|p1a: Golem
|-supereffective|p1a: Golem
|-damage|p1a: Golem|0 fnt
|faint|p1a: Golem
|choice|switch 2|
|
|switch|p1a: Zapdos|Zapdos, L79|272\/304
|turn|29
|choice|move 2|move 4
|
|move|p1a: Zapdos|Drill Peck|p2a: Blastoise
|-damage|p2a: Blastoise|249\/308
|move|p2a: Blastoise|Rest|p2a: Blastoise
|-status|p2a: Blastoise|slp
|-heal|p2a: Blastoise|308\/308 slp|[silent]
|-status|p2a: Blastoise|slp|[from] move: Rest
|
|turn|30
|choice|move 1|move 3
|
|move|p1a: Zapdos|Thunderbolt|p2a: Blastoise
|-supereffective|p2a: Blastoise
|-damage|p2a: Blastoise|85\/308 slp
|cant|p2a: Blastoise|slp
|
|turn|31
|choice|move 1|move 3
|
|move|p1a: Zapdos|Thunderbolt|p2a: Blastoise
|-supereffective|p2a: Blastoise
|-damage|p2a: Blastoise|0 fnt
|faint|p2a: Blastoise
|choice||switch 5
|
|switch|p2a: Kadabra|Kadabra, L85|242\/242
|turn|32
|choice|move 4|move 1
|
|move|p2a: Kadabra|Psychic|p1a: Zapdos
|-damage|p1a: Zapdos|181\/304
|-unboost|p1a: Zapdos|spd|1
|-unboost|p1a: Zapdos|spa|1
|move|p1a: Zapdos|Thunder Wave|p2a: Kadabra
|-status|p2a: Kadabra|par
|
|turn|33
|choice|move 2|move 2
|
|move|p1a: Zapdos|Drill Peck|p2a: Kadabra
|-damage|p2a: Kadabra|126\/242 par
|move|p2a: Kadabra|Recover|p2a: Kadabra
|-heal|p2a: Kadabra|242\/242 par
|
|turn|34
|choice|move 2|move 3
|
|move|p1a: Zapdos|Drill Peck|p2a: Kadabra
|-crit|p2a: Kadabra
|-damage|p2a: Kadabra|0 fnt
|faint|p2a: Kadabra
|
|win|MALESANI
|raw|MALESANI's rating: 1247 &rarr; <strong>1256<\/strong><br \/>(+9 for winning)
|raw|Cyan72's rating: 1000 &rarr; <strong>1000<\/strong><br \/>(+0 for losing)