|j|bandteacher
|j|jayniznik
|player|p1|bandteacher|161
|player|p2|jayniznik|169
|gametype|singles
|gen|1
|tier|[Gen 1] Random Battle
|rated
|seed|63173,8814,9000,5289
|rule|Sleep Clause Mod: Limit one foe put to sleep
|rule|Freeze Clause Mod: Limit one foe frozen
|rule|HP Percentage Mod: HP is shown in percentages
|
|start
|switch|p1a: Poliwag|Poliwag, L96|272\/272
|switch|p2a: Starmie|Starmie, L79|257\/257
|turn|1
|choice|move 2|move 4
|
|move|p1a: Poliwag|Hypnosis|p2a: Starmie
|-status|p2a: Starmie|slp
|cant|p2a: Starmie|slp
|
|turn|2
|choice|move 1|move 4
|
|move|p1a: Poliwag|Amnesia|p1a: Poliwag
|-boost|p1a: Poliwag|spd|2
|-boost|p1a: Poliwag|spa|2
|cant|p2a: Starmie|slp
|
|turn|3
|choice|move 1|move 4
|
|move|p1a: Poliwag|Amnesia|p1a: Poliwag
|-boost|p1a: Poliwag|spd|2
|-boost|p1a: Poliwag|spa|2
|-curestatus|p2a: Starmie|slp
|
|turn|4
|choice|move 2|move 4
|
|move|p1a: Poliwag|Hypnosis|p2a: Starmie
|-status|p2a: Starmie|slp
|cant|p2a: Starmie|slp
|
|turn|5
|j|rain marker
|l|rain marker
|choice|move 1|switch 4
|
|switch|p2a: Victreebel|Victreebel, L85|310\/310
|move|p1a: Poliwag|Amnesia|p1a: Poliwag
|-boost|p1a: Poliwag|spd|2
|-boost|p1a: Poliwag|spa|2
|
|turn|6
|choice|move 3|move 2
|
|move|p1a: Poliwag|Blizzard|p2a: Victreebel
|-supereffective|p2a: Victreebel
|-damage|p2a: Victreebel|0 fnt
|faint|p2a: Victreebel
|choice||switch 3
|
|switch|p2a: Meowth|Meowth, L96|272\/272
|turn|7
|choice|move 4|move 1
|
|move|p1a: Poliwag|Psychic|p2a: Meowth
|-damage|p2a: Meowth|0 fnt
|faint|p2a: Meowth
|choice||switch 4
|
|switch|p2a: Starmie|Starmie, L79|257\/257 slp
|turn|8
|choice|move 4|move 4
|
|move|p1a: Poliwag|Psychic|p2a: Starmie
|-resisted|p2a: Starmie
|-damage|p2a: Starmie|167\/257 slp
|-unboost|p2a: Starmie|spd|1
|-unboost|p2a: Starmie|spa|1
|cant|p2a: Starmie|slp
|
|turn|9
|choice|move 4|move 4
|
|move|p1a: Poliwag|Psychic|p2a: Starmie
|-resisted|p2a: Starmie
|-damage|p2a: Starmie|24\/257 slp
|cant|p2a: Starmie|slp
|
|turn|10
|choice|move 4|move 1
|
|move|p1a: Poliwag|Psychic|p2a: Starmie
|-resisted|p2a: Starmie
|-damage|p2a: Starmie|0 fnt
|faint|p2a: Starmie
|choice||switch 2
|
|switch|p2a: Horsea|Horsea, L96|252\/252
|turn|11
|choice|move 4|move 3
|
|move|p1a: Poliwag|Psychic|p2a: Horsea
|-damage|p2a: Horsea|49\/252
|-unboost|p2a: Horsea|spd|1
|-unboost|p2a: Horsea|spa|1
|move|p2a: Horsea|Hydro Pump|p1a: Poliwag|[miss]
|-miss|p2a: Horsea
|
|turn|12
|choice|move 4|move 2
|
|move|p1a: Poliwag|Psychic|p2a: Horsea
|-damage|p2a: Horsea|0 fnt
|faint|p2a: Horsea
|-message|jayniznik forfeited.
|
|win|bandteacher
|player|p1
|player|p2
|l|jayniznik
|raw|bandteacher's rating: 1277 &rarr; <strong>1289<\/strong><br \/>(+12 for winning)
|raw|jayniznik's rating: 1079 &rarr; <strong>1068<\/strong><br \/>(-11 for losing)