|j|SinisterHFigure
|j|GdRaEvEiNdx3
|player|p1|SinisterHFigure|269
|player|p2|GdRaEvEiNdx3|124
|gametype|singles
|gen|1
|tier|[Gen 1] OU
|rated
|seed|12885,1670,32621,37025
|rule|Sleep Clause Mod: Limit one foe put to sleep
|rule|Freeze Clause Mod: Limit one foe frozen
|rule|Species Clause: Limit one of each Pokémon
|rule|OHKO Clause: OHKO moves are banned
|rule|Evasion Moves Clause: Evasion moves are banned
|rule|HP Percentage Mod: HP is shown in percentages
|
|start
|switch|p1a: Dragonair|Dragonair|325\/325
|switch|p2a: Electabuzz|Electabuzz|333\/333
|turn|1
|choice|move 2|move 3
|
|move|p2a: Electabuzz|Thunder Wave|p1a: Dragonair
|-status|p1a: Dragonair|par
|move|p1a: Dragonair|Thunder Wave|p2a: Electabuzz
|-status|p2a: Electabuzz|par
|
|turn|2
|choice|move 4|move 2
|
|move|p2a: Electabuzz|Skull Bash|p1a: Dragonair|[still]
|-prepare|p2a: Electabuzz|Skull Bash|p1a: Dragonair
|move|p1a: Dragonair|Agility|p1a: Dragonair
|-boost|p1a: Dragonair|spe|2
|
|turn|3
|choice|switch 2|move 1
|
|switch|p1a: Lickitung|Lickitung|383\/383
|move|p2a: Electabuzz|Skull Bash|p1a: Lickitung|[from]Skull Bash
|-damage|p1a: Lickitung|312\/383
|
|turn|4
|choice|move 1|move 3
|
|move|p1a: Lickitung|Wrap|p2a: Electabuzz
|-damage|p2a: Electabuzz|314\/333 par
|-activate|p2a: Electabuzz|move: Wrap|[of] p1a: Lickitung
|cant|p2a: Electabuzz|partiallytrapped
|
|turn|5
|choice|move 1|move 3
|
|move|p1a: Lickitung|Wrap|p2a: Electabuzz
|-damage|p2a: Electabuzz|295\/333 par
|cant|p2a: Electabuzz|par
|
|-end|p2a: Electabuzz|Wrap|[partiallytrapped]
|turn|6
|choice|move 1|move 3
|
|move|p1a: Lickitung|Wrap|p2a: Electabuzz
|-damage|p2a: Electabuzz|276\/333 par
|-activate|p2a: Electabuzz|move: Wrap|[of] p1a: Lickitung
|cant|p2a: Electabuzz|partiallytrapped
|
|turn|7
|choice|move 1|move 3
|
|move|p1a: Lickitung|Wrap|p2a: Electabuzz
|-damage|p2a: Electabuzz|257\/333 par
|cant|p2a: Electabuzz|partiallytrapped
|
|-end|p2a: Electabuzz|Wrap|[partiallytrapped]
|turn|8
|choice|move 1|move 3
|
|move|p1a: Lickitung|Wrap|p2a: Electabuzz
|-damage|p2a: Electabuzz|237\/333 par
|-activate|p2a: Electabuzz|move: Wrap|[of] p1a: Lickitung
|cant|p2a: Electabuzz|partiallytrapped
|
|turn|9
|choice|move 1|move 1
|
|move|p1a: Lickitung|Wrap|p2a: Electabuzz
|-damage|p2a: Electabuzz|217\/333 par
|cant|p2a: Electabuzz|partiallytrapped
|
|turn|10
|c|★GdRaEvEiNdx3|im so confused
|choice|move 1|switch 6
|
|switch|p2a: Rhydon|Rhydon|413\/413
|move|p1a: Lickitung|Wrap|p2a: Rhydon
|-resisted|p2a: Rhydon
|-damage|p2a: Rhydon|408\/413
|-activate|p2a: Rhydon|move: Wrap|[of] p1a: Lickitung
|
|turn|11
|choice|move 1|move 1
|
|cant|p2a: Rhydon|partiallytrapped
|move|p1a: Lickitung|Wrap|p2a: Rhydon
|-damage|p2a: Rhydon|403\/413
|
|turn|12
|choice|switch 6|move 1
|
|switch|p1a: Cloyster|Cloyster|303\/303
|cant|p2a: Rhydon|partiallytrapped
|
|-end|p2a: Rhydon|Wrap|[partiallytrapped]
|turn|13
|choice|move 3|move 3
|
|move|p1a: Cloyster|Surf|p2a: Rhydon
|-crit|p2a: Rhydon
|-supereffective|p2a: Rhydon
|-damage|p2a: Rhydon|0 fnt
|faint|p2a: Rhydon
|choice||switch 6
|
|switch|p2a: Electabuzz|Electabuzz|217\/333 par
|turn|14
|choice|move 1|move 1
|
|move|p1a: Cloyster|Clamp|p2a: Electabuzz|[miss]
|-miss|p1a: Cloyster
|move|p2a: Electabuzz|Thunderbolt|p1a: Cloyster
|-supereffective|p1a: Cloyster
|-damage|p1a: Cloyster|80\/303
|
|turn|15
|choice|move 1|move 1
|
|move|p1a: Cloyster|Clamp|p2a: Electabuzz
|-damage|p2a: Electabuzz|175\/333 par
|-activate|p2a: Electabuzz|move: Clamp|[of] p1a: Cloyster
|cant|p2a: Electabuzz|par
|
|turn|16
|choice|switch 6|move 1
|
|switch|p1a: Lickitung|Lickitung|312\/383
|cant|p2a: Electabuzz|partiallytrapped
|
|-end|p2a: Electabuzz|Clamp|[partiallytrapped]
|turn|17
|choice|move 1|move 4
|
|move|p1a: Lickitung|Wrap|p2a: Electabuzz
|-damage|p2a: Electabuzz|157\/333 par
|-activate|p2a: Electabuzz|move: Wrap|[of] p1a: Lickitung
|cant|p2a: Electabuzz|partiallytrapped
|
|turn|18
|choice|move 1|switch 4
|
|switch|p2a: Alakazam|Alakazam|313\/313
|move|p1a: Lickitung|Wrap|p2a: Alakazam
|-damage|p2a: Alakazam|294\/313
|-activate|p2a: Alakazam|move: Wrap|[of] p1a: Lickitung
|
|turn|19
|choice|switch 2|move 3
|
|switch|p1a: Dragonair|Dragonair|325\/325 par
|cant|p2a: Alakazam|partiallytrapped
|
|-end|p2a: Alakazam|Wrap|[partiallytrapped]
|turn|20
|choice|move 2|move 3
|
|move|p2a: Alakazam|Tri Attack|p1a: Dragonair
|-damage|p1a: Dragonair|284\/325 par
|move|p1a: Dragonair|Thunder Wave|p2a: Alakazam
|-status|p2a: Alakazam|par
|
|turn|21
|choice|move 4|move 3
|
|move|p2a: Alakazam|Tri Attack|p1a: Dragonair
|-crit|p1a: Dragonair
|-damage|p1a: Dragonair|208\/325 par
|move|p1a: Dragonair|Agility|p1a: Dragonair
|-boost|p1a: Dragonair|spe|2
|
|turn|22
|choice|move 1|move 1
|
|move|p1a: Dragonair|Wrap|p2a: Alakazam
|-damage|p2a: Alakazam|276\/313 par
|-activate|p2a: Alakazam|move: Wrap|[of] p1a: Dragonair
|cant|p2a: Alakazam|par
|
|turn|23
|choice|switch 2|move 1
|
|switch|p1a: Lickitung|Lickitung|312\/383
|cant|p2a: Alakazam|par
|
|-end|p2a: Alakazam|Wrap|[partiallytrapped]
|turn|24
|choice|move 1|move 1
|
|move|p1a: Lickitung|Wrap|p2a: Alakazam|[miss]
|-miss|p1a: Lickitung
|cant|p2a: Alakazam|par
|
|turn|25
|c|★GdRaEvEiNdx3|I didn't know someone could make pokemon so unfun...
|-message|GdRaEvEiNdx3 forfeited.
|l|GdRaEvEiNdx3
|
|win|SinisterHFigure
|player|p2
|raw|SinisterHFigure's rating: 1193 &rarr; <strong>1206<\/strong><br \/>(+13 for winning)
|raw|GdRaEvEiNdx3's rating: 1000 &rarr; <strong>1000<\/strong><br \/>(+0 for losing)