|j|Steelandiron
|j|optic gold
|player|p1|Steelandiron|266
|player|p2|optic gold|262
|gametype|singles
|gen|1
|tier|[Gen 1] Random Battle
|rated
|seed|
|rule|Sleep Clause Mod: Limit one foe put to sleep
|rule|Freeze Clause Mod: Limit one foe frozen
|rule|HP Percentage Mod: HP is shown in percentages
|
|start
|switch|p1a: Raichu|Raichu, L85|100\/100
|switch|p2a: Rapidash|Rapidash, L90|100\/100
|turn|1
|choice||
|
|move|p2a: Rapidash|Fire Blast|p1a: Raichu
|-damage|p1a: Raichu|55\/100
|move|p1a: Raichu|Surf|p2a: Rapidash
|-supereffective|p2a: Rapidash
|-damage|p2a: Rapidash|59\/100
|
|turn|2
|c|★optic gold|glhf
|choice||
|
|move|p2a: Rapidash|Fire Blast|p1a: Raichu
|-damage|p1a: Raichu|10\/100
|move|p1a: Raichu|Surf|p2a: Rapidash
|-supereffective|p2a: Rapidash
|-damage|p2a: Rapidash|12\/100
|
|turn|3
|choice||
|
|switch|p1a: Moltres|Moltres, L85|100\/100
|move|p2a: Rapidash|Hyper Beam|p1a: Moltres|[miss]
|-miss|p2a: Rapidash
|
|turn|4
|choice||
|
|move|p2a: Rapidash|Hyper Beam|p1a: Moltres
|-crit|p1a: Moltres
|-damage|p1a: Moltres|33\/100
|move|p1a: Moltres|Agility|p1a: Moltres
|-boost|p1a: Moltres|spe|2
|
|turn|5
|-mustrecharge|p2a: Rapidash
|-mustrecharge|p2a: Rapidash
|choice||
|
|move|p1a: Moltres|Sky Attack|p2a: Rapidash|[still]
|-prepare|p1a: Moltres|Sky Attack|p2a: Rapidash
|cant|p2a: Rapidash|recharge
|
|turn|6
|choice||
|
|move|p1a: Moltres|Sky Attack|p2a: Rapidash|[from]Sky Attack
|-damage|p2a: Rapidash|0 fnt
|faint|p2a: Rapidash
|choice||
|
|switch|p2a: Chansey|Chansey, L79|100\/100
|turn|7
|choice||
|
|move|p1a: Moltres|Substitute|p1a: Moltres
|-start|p1a: Moltres|Substitute
|-damage|p1a: Moltres|8\/100
|move|p2a: Chansey|Thunderbolt|p1a: Moltres
|-supereffective|p1a: Moltres
|-end|p1a: Moltres|Substitute
|
|turn|8
|choice||
|
|move|p1a: Moltres|Fire Blast|p2a: Chansey
|-damage|p2a: Chansey|72\/100
|move|p2a: Chansey|Thunderbolt|p1a: Moltres
|-supereffective|p1a: Moltres
|-damage|p1a: Moltres|0 fnt
|faint|p1a: Moltres
|choice||
|
|switch|p1a: Sandshrew|Sandshrew, L96|100\/100
|turn|9
|choice||
|
|move|p1a: Sandshrew|Body Slam|p2a: Chansey
|-damage|p2a: Chansey|43\/100
|move|p2a: Chansey|Ice Beam|p1a: Sandshrew
|-supereffective|p1a: Sandshrew
|-damage|p1a: Sandshrew|36\/100
|-status|p1a: Sandshrew|frz
|
|turn|10
|choice||
|
|cant|p1a: Sandshrew|frz
|move|p2a: Chansey|Soft-Boiled|p2a: Chansey
|-heal|p2a: Chansey|93\/100
|
|turn|11
|choice||
|
|cant|p1a: Sandshrew|frz
|move|p2a: Chansey|Soft-Boiled|p2a: Chansey
|-heal|p2a: Chansey|100\/100
|
|turn|12
|choice||
|
|switch|p2a: Scyther|Scyther, L90|100\/100
|cant|p1a: Sandshrew|frz
|
|turn|13
|choice||
|
|switch|p1a: Lapras|Lapras, L79|100\/100
|move|p2a: Scyther|Swords Dance|p2a: Scyther
|-boost|p2a: Scyther|atk|2
|
|turn|14
|choice||
|
|move|p2a: Scyther|Swords Dance|p2a: Scyther
|-boost|p2a: Scyther|atk|2
|move|p1a: Lapras|Blizzard|p2a: Scyther
|-supereffective|p2a: Scyther
|-damage|p2a: Scyther|11\/100
|
|turn|15
|choice||
|
|move|p2a: Scyther|Hyper Beam|p1a: Lapras
|-damage|p1a: Lapras|0 fnt
|faint|p1a: Lapras
|choice||
|
|switch|p1a: Raichu|Raichu, L85|10\/100
|turn|16
|choice||
|
|move|p2a: Scyther|Slash|p1a: Raichu
|-crit|p1a: Raichu
|-damage|p1a: Raichu|0 fnt
|faint|p1a: Raichu
|choice||
|
|switch|p1a: Weepinbell|Weepinbell, L85|100\/100
|turn|17
|choice||
|
|move|p2a: Scyther|Hyper Beam|p1a: Weepinbell
|-damage|p1a: Weepinbell|0 fnt
|faint|p1a: Weepinbell
|choice||
|
|switch|p1a: Mr. Mime|Mr. Mime, L85|100\/100
|turn|18
|choice||
|
|move|p2a: Scyther|Hyper Beam|p1a: Mr. Mime
|-damage|p1a: Mr. Mime|0 fnt
|faint|p1a: Mr. Mime
|c|★optic gold|gg
|choice||
|
|switch|p1a: Sandshrew|Sandshrew, L96|36\/100 frz
|turn|19
|choice||
|
|move|p2a: Scyther|Slash|p1a: Sandshrew
|-crit|p1a: Sandshrew
|-damage|p1a: Sandshrew|0 fnt
|faint|p1a: Sandshrew
|
|win|optic gold
|player|p1
|player|p2
|raw|Steelandiron's rating: 1342 &rarr; <strong>1313<\/strong><br \/>(-29 for losing)
|raw|optic gold's rating: 1155 &rarr; <strong>1192<\/strong><br \/>(+37 for winning)
|l|Steelandiron