|j|Whoremaster
|j|Peasounay
|player|p1|Whoremaster|43
|player|p2|Peasounay|80
|gametype|singles
|gen|1
|tier|[Gen 1] OU
|seed|2440,23170,13746,14178
|rule|Sleep Clause Mod: Limit one foe put to sleep
|rule|Freeze Clause Mod: Limit one foe frozen
|rule|Species Clause: Limit one of each Pokémon
|rule|OHKO Clause: OHKO moves are banned
|rule|Evasion Moves Clause: Evasion moves are banned
|rule|HP Percentage Mod: HP is shown in percentages
|
|start
|switch|p1a: Alakazam|Alakazam|313\/313
|switch|p2a: Alakazam|Alakazam|313\/313
|turn|1
|choice|switch 3|move 1
|
|switch|p1a: Chansey|Chansey|703\/703
|move|p2a: Alakazam|Thunder Wave|p1a: Chansey
|-status|p1a: Chansey|par
|
|turn|2
|choice|move 1|move 2
|
|move|p2a: Alakazam|Psychic|p1a: Chansey
|-damage|p1a: Chansey|586\/703 par
|-unboost|p1a: Chansey|spd|1
|-unboost|p1a: Chansey|spa|1
|cant|p1a: Chansey|par
|
|turn|3
|choice|switch 2|move 2
|
|switch|p1a: Exeggutor|Exeggutor|393\/393
|move|p2a: Alakazam|Psychic|p1a: Exeggutor
|-resisted|p1a: Exeggutor
|-damage|p1a: Exeggutor|335\/393
|-unboost|p1a: Exeggutor|spd|1
|-unboost|p1a: Exeggutor|spa|1
|
|turn|4
|choice|move 1|move 1
|
|move|p2a: Alakazam|Thunder Wave|p1a: Exeggutor|[miss]
|-miss|p2a: Alakazam
|move|p1a: Exeggutor|Sleep Powder|p2a: Alakazam|[miss]
|-miss|p1a: Exeggutor
|
|turn|5
|c|★Whoremaster|lol
|c|★Whoremaster|love seeing that miss
|choice|move 1|move 1
|
|move|p2a: Alakazam|Thunder Wave|p1a: Exeggutor
|-status|p1a: Exeggutor|par
|move|p1a: Exeggutor|Sleep Powder|p2a: Alakazam
|-status|p2a: Alakazam|slp
|
|turn|6
|choice|switch 3|switch 3
|
|switch|p2a: Snorlax|Snorlax|523\/523
|switch|p1a: Alakazam|Alakazam|313\/313
|
|turn|7
|choice|move 3|move 1
|
|move|p1a: Alakazam|Thunder Wave|p2a: Snorlax
|-status|p2a: Snorlax|par
|cant|p2a: Snorlax|par
|
|turn|8
|choice|switch 3|move 1
|
|switch|p1a: Exeggutor|Exeggutor|335\/393 par
|move|p2a: Snorlax|Body Slam|p1a: Exeggutor
|-damage|p1a: Exeggutor|218\/393 par
|
|turn|9
|choice|move 2|move 1
|
|move|p1a: Exeggutor|Psychic|p2a: Snorlax
|-damage|p2a: Snorlax|368\/523 par
|cant|p2a: Snorlax|par
|
|turn|10
|choice|move 2|switch 2
|
|switch|p2a: Exeggutor|Exeggutor|393\/393
|move|p1a: Exeggutor|Psychic|p2a: Exeggutor
|-resisted|p2a: Exeggutor
|-damage|p2a: Exeggutor|344\/393
|
|turn|11
|choice|move 4|switch 3
|
|switch|p2a: Alakazam|Alakazam|313\/313 slp
|move|p1a: Exeggutor|Explosion|p2a: Alakazam
|-damage|p2a: Alakazam|0 fnt
|faint|p2a: Alakazam
|faint|p1a: Exeggutor
|c|★Whoremaster|you predict that?
|c|★Peasounay|yes
|c|★Whoremaster|hmm was thinking of de too lol
|choice|switch 3|switch 2
|
|switch|p1a: Alakazam|Alakazam|313\/313
|switch|p2a: Snorlax|Snorlax|368\/523 par
|turn|12
|choice|move 1|move 1
|
|move|p1a: Alakazam|Psychic|p2a: Snorlax
|-damage|p2a: Snorlax|185\/523 par
|move|p2a: Snorlax|Body Slam|p1a: Alakazam
|-damage|p1a: Alakazam|135\/313
|
|turn|13
|choice|switch 4|move 1
|
|switch|p1a: Rhydon|Rhydon|413\/413
|move|p2a: Snorlax|Body Slam|p1a: Rhydon
|-resisted|p1a: Rhydon
|-damage|p1a: Rhydon|364\/413
|
|turn|14
|choice|move 2|switch 3
|
|switch|p2a: Exeggutor|Exeggutor|344\/393
|move|p1a: Rhydon|Earthquake|p2a: Exeggutor
|-resisted|p2a: Exeggutor
|-damage|p2a: Exeggutor|264\/393
|
|turn|15
|choice|switch 2|move 1
|
|switch|p1a: Chansey|Chansey|586\/703 par
|move|p2a: Exeggutor|Sleep Powder|p1a: Chansey|[miss]
|-miss|p2a: Exeggutor
|
|turn|16
|choice|move 2|switch 5
|
|switch|p2a: Chansey|Chansey|703\/703
|move|p1a: Chansey|Reflect|p1a: Chansey
|-start|p1a: Chansey|Reflect
|
|turn|17
|choice|move 3|move 2
|
|move|p2a: Chansey|Seismic Toss|p1a: Chansey
|-damage|p1a: Chansey|486\/703 par
|move|p1a: Chansey|Thunder Wave|p2a: Chansey
|-status|p2a: Chansey|par
|
|turn|18
|choice|move 4|move 2
|
|move|p2a: Chansey|Seismic Toss|p1a: Chansey
|-damage|p1a: Chansey|386\/703 par
|move|p1a: Chansey|Soft-Boiled|p1a: Chansey
|-heal|p1a: Chansey|703\/703 par
|
|turn|19
|c|★Whoremaster|u ever use boltbeam chansey these days?
|c|★Peasounay|yes ofc
|choice|move 1|move 4
|
|move|p1a: Chansey|Seismic Toss|p2a: Chansey
|-damage|p2a: Chansey|603\/703 par
|move|p2a: Chansey|Reflect|p2a: Chansey
|-start|p2a: Chansey|Reflect
|
|turn|20
|choice|move 1|move 2
|
|move|p2a: Chansey|Seismic Toss|p1a: Chansey
|-damage|p1a: Chansey|603\/703 par
|move|p1a: Chansey|Seismic Toss|p2a: Chansey
|-damage|p2a: Chansey|503\/703 par
|
|turn|21
|choice|move 1|move 2
|
|move|p2a: Chansey|Seismic Toss|p1a: Chansey
|-damage|p1a: Chansey|503\/703 par
|move|p1a: Chansey|Seismic Toss|p2a: Chansey
|-damage|p2a: Chansey|403\/703 par
|
|turn|22
|choice|move 1|move 2
|
|move|p1a: Chansey|Seismic Toss|p2a: Chansey
|-damage|p2a: Chansey|303\/703 par
|cant|p2a: Chansey|par
|
|turn|23
|choice|move 1|move 1
|
|cant|p1a: Chansey|par
|cant|p2a: Chansey|par
|
|turn|24
|choice|move 1|move 1
|
|move|p2a: Chansey|Soft-Boiled|p2a: Chansey
|-heal|p2a: Chansey|654\/703 par
|move|p1a: Chansey|Seismic Toss|p2a: Chansey
|-damage|p2a: Chansey|554\/703 par
|
|turn|25
|choice|move 1|move 2
|
|move|p1a: Chansey|Seismic Toss|p2a: Chansey
|-damage|p2a: Chansey|454\/703 par
|move|p2a: Chansey|Seismic Toss|p1a: Chansey
|-damage|p1a: Chansey|403\/703 par
|
|turn|26
|choice|move 4|move 2
|
|move|p1a: Chansey|Soft-Boiled|p1a: Chansey
|-heal|p1a: Chansey|703\/703 par
|move|p2a: Chansey|Seismic Toss|p1a: Chansey
|-damage|p1a: Chansey|603\/703 par
|
|turn|27
|choice|move 3|move 2
|
|cant|p1a: Chansey|par
|move|p2a: Chansey|Seismic Toss|p1a: Chansey
|-damage|p1a: Chansey|503\/703 par
|
|turn|28
|choice|move 1|move 2
|
|move|p1a: Chansey|Seismic Toss|p2a: Chansey
|-damage|p2a: Chansey|354\/703 par
|move|p2a: Chansey|Seismic Toss|p1a: Chansey
|-damage|p1a: Chansey|403\/703 par
|
|turn|29
|choice|move 4|move 1
|
|move|p2a: Chansey|Soft-Boiled|p2a: Chansey
|-heal|p2a: Chansey|703\/703 par
|move|p1a: Chansey|Soft-Boiled|p1a: Chansey
|-heal|p1a: Chansey|703\/703 par
|
|turn|30
|choice|move 3|move 2
|
|move|p2a: Chansey|Seismic Toss|p1a: Chansey
|-damage|p1a: Chansey|603\/703 par
|move|p1a: Chansey|Thunder Wave|p2a: Chansey
|-fail|p2a: Chansey|par
|
|turn|31
|choice|move 1|move 2
|
|move|p2a: Chansey|Seismic Toss|p1a: Chansey
|-damage|p1a: Chansey|503\/703 par
|move|p1a: Chansey|Seismic Toss|p2a: Chansey
|-damage|p2a: Chansey|603\/703 par
|
|turn|32
|choice|move 1|move 2
|
|move|p1a: Chansey|Seismic Toss|p2a: Chansey
|-damage|p2a: Chansey|503\/703 par
|move|p2a: Chansey|Seismic Toss|p1a: Chansey
|-damage|p1a: Chansey|403\/703 par
|
|turn|33
|choice|move 3|move 2
|
|move|p1a: Chansey|Thunder Wave|p2a: Chansey
|-fail|p2a: Chansey|par
|move|p2a: Chansey|Seismic Toss|p1a: Chansey
|-damage|p1a: Chansey|303\/703 par
|
|turn|34
|choice|move 4|move 2
|
|cant|p2a: Chansey|par
|cant|p1a: Chansey|par
|
|turn|35
|choice|move 4|move 2
|
|move|p2a: Chansey|Seismic Toss|p1a: Chansey
|-damage|p1a: Chansey|203\/703 par
|move|p1a: Chansey|Soft-Boiled|p1a: Chansey
|-heal|p1a: Chansey|554\/703 par
|
|turn|36
|choice|move 1|move 2
|
|move|p2a: Chansey|Seismic Toss|p1a: Chansey
|-damage|p1a: Chansey|454\/703 par
|move|p1a: Chansey|Seismic Toss|p2a: Chansey
|-damage|p2a: Chansey|403\/703 par
|
|turn|37
|choice|move 4|move 2
|
|move|p1a: Chansey|Soft-Boiled|p1a: Chansey
|-heal|p1a: Chansey|703\/703 par
|move|p2a: Chansey|Seismic Toss|p1a: Chansey
|-damage|p1a: Chansey|603\/703 par
|
|turn|38
|choice|move 1|move 2
|
|cant|p1a: Chansey|par
|move|p2a: Chansey|Seismic Toss|p1a: Chansey
|-damage|p1a: Chansey|503\/703 par
|
|turn|39
|choice|move 1|move 2
|
|move|p2a: Chansey|Seismic Toss|p1a: Chansey
|-damage|p1a: Chansey|403\/703 par
|move|p1a: Chansey|Seismic Toss|p2a: Chansey
|-damage|p2a: Chansey|303\/703 par
|
|turn|40
|choice|move 4|move 1
|
|cant|p2a: Chansey|par
|move|p1a: Chansey|Soft-Boiled|p1a: Chansey
|-heal|p1a: Chansey|703\/703 par
|
|turn|41
|choice|move 1|move 1
|
|move|p1a: Chansey|Seismic Toss|p2a: Chansey
|-damage|p2a: Chansey|203\/703 par
|move|p2a: Chansey|Soft-Boiled|p2a: Chansey
|-heal|p2a: Chansey|554\/703 par
|
|turn|42
|choice|move 3|move 2
|
|move|p2a: Chansey|Seismic Toss|p1a: Chansey
|-damage|p1a: Chansey|603\/703 par
|cant|p1a: Chansey|par
|
|turn|43
|choice|move 3|move 2
|
|cant|p2a: Chansey|par
|move|p1a: Chansey|Thunder Wave|p2a: Chansey
|-fail|p2a: Chansey|par
|
|turn|44
|choice|move 2|move 2
|
|move|p1a: Chansey|Reflect|p1a: Chansey
|-fail|p1a: Chansey
|move|p2a: Chansey|Seismic Toss|p1a: Chansey
|-damage|p1a: Chansey|503\/703 par
|
|turn|45
|choice|move 1|move 2
|
|move|p2a: Chansey|Seismic Toss|p1a: Chansey
|-damage|p1a: Chansey|403\/703 par
|move|p1a: Chansey|Seismic Toss|p2a: Chansey
|-damage|p2a: Chansey|454\/703 par
|
|turn|46
|choice|move 1|move 2
|
|move|p2a: Chansey|Seismic Toss|p1a: Chansey
|-damage|p1a: Chansey|303\/703 par
|move|p1a: Chansey|Seismic Toss|p2a: Chansey
|-damage|p2a: Chansey|354\/703 par
|
|turn|47
|choice|move 4|switch 3
|
|switch|p2a: Snorlax|Snorlax|185\/523 par
|cant|p1a: Chansey|par
|
|turn|48
|c|★Whoremaster|grr
|c|★Whoremaster|i was waiting for it too
|choice|move 4|move 1
|
|move|p1a: Chansey|Soft-Boiled|p1a: Chansey
|-heal|p1a: Chansey|654\/703 par
|cant|p2a: Snorlax|par
|
|turn|49
|choice|move 1|switch 3
|
|switch|p2a: Chansey|Chansey|354\/703 par
|move|p1a: Chansey|Seismic Toss|p2a: Chansey
|-damage|p2a: Chansey|254\/703 par
|
|turn|50
|choice|switch 2|move 1
|
|switch|p1a: Rhydon|Rhydon|364\/413
|move|p2a: Chansey|Soft-Boiled|p2a: Chansey
|-heal|p2a: Chansey|605\/703 par
|
|turn|51
|choice|move 2|switch 5
|
|switch|p2a: Exeggutor|Exeggutor|264\/393
|move|p1a: Rhydon|Earthquake|p2a: Exeggutor
|-resisted|p2a: Exeggutor
|-damage|p2a: Exeggutor|189\/393
|
|turn|52
|choice|switch 2|move 2
|
|switch|p1a: Chansey|Chansey|654\/703 par
|move|p2a: Exeggutor|Psychic|p1a: Chansey
|-damage|p1a: Chansey|539\/703 par
|
|turn|53
|choice|switch 2|move 1
|
|switch|p1a: Rhydon|Rhydon|364\/413
|move|p2a: Exeggutor|Sleep Powder|p1a: Rhydon
|-status|p1a: Rhydon|slp
|
|turn|54
|c|★Whoremaster|ha
|choice|switch 4|move 2
|
|switch|p1a: Alakazam|Alakazam|135\/313
|move|p2a: Exeggutor|Psychic|p1a: Alakazam
|-resisted|p1a: Alakazam
|-damage|p1a: Alakazam|86\/313
|-unboost|p1a: Alakazam|spd|1
|-unboost|p1a: Alakazam|spa|1
|
|turn|55
|choice|move 4|move 3
|
|move|p1a: Alakazam|Recover|p1a: Alakazam
|-heal|p1a: Alakazam|242\/313
|move|p2a: Exeggutor|Stun Spore|p1a: Alakazam|[miss]
|-miss|p2a: Exeggutor
|
|turn|56
|choice|switch 4|move 4
|
|switch|p1a: Rhydon|Rhydon|364\/413 slp
|move|p2a: Exeggutor|Explosion|p1a: Rhydon
|-resisted|p1a: Rhydon
|-damage|p1a: Rhydon|243\/413 slp
|faint|p2a: Exeggutor
|c|★Peasounay|clap clap
|choice||switch 4
|
|switch|p2a: Kingler|Kingler|313\/313
|turn|57
|c|★Whoremaster|that was a nailbiter
|choice|switch 4|move 1
|
|switch|p1a: Alakazam|Alakazam|242\/313
|move|p2a: Kingler|Body Slam|p1a: Alakazam
|-damage|p1a: Alakazam|123\/313
|
|turn|58
|choice|move 4|switch 3
|
|switch|p2a: Snorlax|Snorlax|185\/523 par
|move|p1a: Alakazam|Recover|p1a: Alakazam
|-heal|p1a: Alakazam|279\/313
|
|turn|59
|choice|switch 4|move 1
|
|switch|p1a: Rhydon|Rhydon|243\/413 slp
|move|p2a: Snorlax|Body Slam|p1a: Rhydon
|-resisted|p1a: Rhydon
|-damage|p1a: Rhydon|195\/413 slp
|
|turn|60
|choice|move 4|move 2
|
|cant|p1a: Rhydon|slp
|move|p2a: Snorlax|Earthquake|p1a: Rhydon
|-crit|p1a: Rhydon
|-supereffective|p1a: Rhydon
|-damage|p1a: Rhydon|0 fnt
|faint|p1a: Rhydon
|c|★Whoremaster|food
|c|★Whoremaster|ima be brb for like 10mins that ok?
|c|★Peasounay|yes
|c|★Whoremaster|ty
|c|★Whoremaster|ok
|choice|switch 5|
|
|switch|p1a: Snorlax|Snorlax|523\/523
|turn|61
|c|★Peasounay|hmm
|choice|move 3|move 4
|
|move|p1a: Snorlax|Hyper Beam|p2a: Snorlax
|-damage|p2a: Snorlax|0 fnt
|faint|p2a: Snorlax
|choice||switch 3
|
|switch|p2a: Kingler|Kingler|313\/313
|turn|62
|choice|move 1|move 2
|
|move|p2a: Kingler|Crabhammer|p1a: Snorlax|[miss]
|-miss|p2a: Kingler
|move|p1a: Snorlax|Body Slam|p2a: Kingler
|-damage|p2a: Kingler|209\/313
|
|turn|63
|c|★Whoremaster|takes bslams like a champ
|c|★Peasounay|yup
|choice|move 1|move 2
|
|move|p2a: Kingler|Crabhammer|p1a: Snorlax|[miss]
|-miss|p2a: Kingler
|move|p1a: Snorlax|Body Slam|p2a: Kingler
|-crit|p2a: Kingler
|-damage|p2a: Kingler|26\/313
|
|turn|64
|c|★Peasounay|lol fuck it
|choice|move 1|move 2
|
|move|p2a: Kingler|Crabhammer|p1a: Snorlax|[miss]
|-miss|p2a: Kingler
|move|p1a: Snorlax|Body Slam|p2a: Kingler
|-crit|p2a: Kingler
|-damage|p2a: Kingler|0 fnt
|faint|p2a: Kingler
|c|★Peasounay|oiufcgiuycvoàçhvbhioubhj
|c|★Whoremaster|lol
|c|★Peasounay|this is 90% acc
|c|★Peasounay|fuck all
|c|★Whoremaster|what would he have it?
|c|★Whoremaster|dmg on lax?
|c|★Peasounay|3hko
|c|★Whoremaster|ah ic
|c|★Whoremaster|do you ever plau uu?
|c|★Whoremaster|gen 1 uu?
|c|★Peasounay|nope
|c|★Whoremaster|hes good there
|choice||switch 6
|
|switch|p2a: Jolteon|Jolteon|333\/333
|turn|65
|c|★Whoremaster|i miss my rhydon
|c|★Peasounay|ikr
|choice|move 2|switch 5
|
|switch|p2a: Chansey|Chansey|605\/703 par
|move|p1a: Snorlax|Earthquake|p2a: Chansey
|-damage|p2a: Chansey|380\/703 par
|
|turn|66
|choice|move 3|move 4
|
|move|p1a: Snorlax|Hyper Beam|p2a: Chansey
|-damage|p2a: Chansey|0 fnt
|faint|p2a: Chansey
|choice||switch 5
|
|switch|p2a: Jolteon|Jolteon|333\/333
|turn|67
|c|★Peasounay|3 crab miss is 1\/1000 lmao
|choice|move 4|move 2
|
|move|p2a: Jolteon|Thunderbolt|p1a: Snorlax
|-damage|p1a: Snorlax|363\/523
|move|p1a: Snorlax|Self-Destruct|p2a: Jolteon
|-damage|p2a: Jolteon|0 fnt
|faint|p2a: Jolteon
|faint|p1a: Snorlax
|
|win|Whoremaster
|player|p1
|player|p2
|c|★Whoremaster|KABOOM
|c|★Peasounay|gg
|c|★Whoremaster|gg
|c|★Whoremaster|was fun
|l|Peasounay