|j|hellraizinkoga69
|j|T-clover
|player|p1|hellraizinkoga69|150
|player|p2|T-clover|143
|gametype|singles
|gen|1
|tier|[Gen 1] OU
|rated
|seed|2484,36342,33791,43580
|rule|Sleep Clause Mod: Limit one foe put to sleep
|rule|Freeze Clause Mod: Limit one foe frozen
|rule|Species Clause: Limit one of each Pokémon
|rule|OHKO Clause: OHKO moves are banned
|rule|Evasion Moves Clause: Evasion moves are banned
|rule|HP Percentage Mod: HP is shown in percentages
|
|start
|switch|p1a: no levitate for yo|Dugtrio|273\/273
|switch|p2a: Gengar|Gengar|323\/323
|turn|1
|choice|move 1|switch 3
|
|switch|p2a: Articuno|Articuno|383\/383
|move|p1a: no levitate for yo|Earthquake|p2a: Articuno
|-immune|p2a: Articuno|[msg]
|
|turn|2
|choice|move 2|move 1
|
|move|p1a: no levitate for yo|Rock Slide|p2a: Articuno
|-supereffective|p2a: Articuno
|-damage|p2a: Articuno|164\/383
|move|p2a: Articuno|Blizzard|p1a: no levitate for yo
|-supereffective|p1a: no levitate for yo
|-damage|p1a: no levitate for yo|0 fnt
|faint|p1a: no levitate for yo
|choice|switch 5|
|
|switch|p1a: earthquake me breh|Jolteon|333\/333
|turn|3
|choice|move 4|switch 5
|
|switch|p2a: Chansey|Chansey|703\/703
|move|p1a: earthquake me breh|Thunderbolt|p2a: Chansey
|-damage|p2a: Chansey|581\/703
|
|turn|4
|choice|move 2|move 3
|
|move|p1a: earthquake me breh|Toxic|p2a: Chansey
|-status|p2a: Chansey|tox
|move|p2a: Chansey|Blizzard|p1a: earthquake me breh
|-damage|p1a: earthquake me breh|245\/333
|-damage|p2a: Chansey|538\/703 tox|[from] tox|[of] p1a: earthquake me breh
|
|turn|5
|choice|switch 6|move 3
|
|switch|p1a: heyyy|Tauros|353\/353
|move|p2a: Chansey|Blizzard|p1a: heyyy
|-damage|p1a: heyyy|238\/353
|-damage|p2a: Chansey|452\/703 tox|[from] tox|[of] p1a: heyyy
|
|turn|6
|choice|move 3|switch 3
|
|switch|p2a: Gengar|Gengar|323\/323
|move|p1a: heyyy|Hyper Beam|p2a: Gengar
|-immune|p2a: Gengar|[msg]
|
|turn|7
|choice|move 4|move 1
|
|move|p2a: Gengar|Confuse Ray|p1a: heyyy
|-start|p1a: heyyy|confusion
|-activate|p1a: heyyy|confusion
|-damage|p1a: heyyy|202\/353|[from] confusion
|
|turn|8
|choice|move 4|move 3
|
|-end|p1a: heyyy|confusion
|move|p1a: heyyy|Earthquake|p2a: Gengar
|-supereffective|p2a: Gengar
|-damage|p2a: Gengar|92\/323
|move|p2a: Gengar|Hypnosis|p1a: heyyy
|-status|p1a: heyyy|slp
|
|turn|9
|choice|switch 3|switch 2
|
|switch|p2a: Tauros|Tauros|353\/353
|switch|p1a: dumbledore|Alakazam|313\/313
|
|turn|10
|choice|move 2|move 3
|
|move|p1a: dumbledore|Reflect|p1a: dumbledore
|-start|p1a: dumbledore|Reflect
|move|p2a: Tauros|Body Slam|p1a: dumbledore
|-damage|p1a: dumbledore|236\/313
|-status|p1a: dumbledore|par
|
|turn|11
|choice|move 4|move 3
|
|move|p2a: Tauros|Body Slam|p1a: dumbledore
|-damage|p1a: dumbledore|161\/313 par
|move|p1a: dumbledore|Thunder Wave|p2a: Tauros
|-status|p2a: Tauros|par
|
|turn|12
|choice|move 3|move 3
|
|move|p1a: dumbledore|Recover|p1a: dumbledore
|-heal|p1a: dumbledore|313\/313 par
|move|p2a: Tauros|Body Slam|p1a: dumbledore
|-damage|p1a: dumbledore|237\/313 par
|
|turn|13
|choice|move 1|move 3
|
|move|p1a: dumbledore|Psychic|p2a: Tauros
|-damage|p2a: Tauros|179\/353 par
|move|p2a: Tauros|Body Slam|p1a: dumbledore
|-damage|p1a: dumbledore|158\/313 par
|
|turn|14
|choice|move 1|move 2
|
|move|p1a: dumbledore|Psychic|p2a: Tauros
|-damage|p2a: Tauros|28\/353 par
|move|p2a: Tauros|Hyper Beam|p1a: dumbledore
|-damage|p1a: dumbledore|9\/313 par
|
|turn|15
|-mustrecharge|p2a: Tauros
|-mustrecharge|p2a: Tauros
|choice|move 1|move 1
|
|move|p1a: dumbledore|Psychic|p2a: Tauros
|-damage|p2a: Tauros|0 fnt
|faint|p2a: Tauros
|choice||switch 6
|
|switch|p2a: Tentacruel|Tentacruel|363\/363
|turn|16
|choice|move 4|move 4
|
|move|p2a: Tentacruel|Wrap|p1a: dumbledore|[miss]
|-miss|p2a: Tentacruel
|cant|p1a: dumbledore|par
|
|turn|17
|choice|move 4|move 4
|
|move|p2a: Tentacruel|Wrap|p1a: dumbledore
|-crit|p1a: dumbledore
|-damage|p1a: dumbledore|0 fnt
|faint|p1a: dumbledore
|choice|switch 4|
|
|switch|p1a: safe from earthqua|Dragonite|385\/385
|turn|18
|choice|move 1|move 2
|
|move|p2a: Tentacruel|Toxic|p1a: safe from earthqua|[miss]
|-miss|p2a: Tentacruel
|move|p1a: safe from earthqua|Agility|p1a: safe from earthqua
|-boost|p1a: safe from earthqua|spe|2
|
|turn|19
|choice|move 3|move 2
|
|move|p1a: safe from earthqua|Wrap|p2a: Tentacruel|[miss]
|-miss|p1a: safe from earthqua
|move|p2a: Tentacruel|Toxic|p1a: safe from earthqua
|-status|p1a: safe from earthqua|tox
|
|turn|20
|choice|move 2|move 4
|
|move|p1a: safe from earthqua|Hyper Beam|p2a: Tentacruel
|-damage|p2a: Tentacruel|164\/363
|-damage|p1a: safe from earthqua|361\/385 tox|[from] tox|[of] p2a: Tentacruel
|move|p2a: Tentacruel|Wrap|p1a: safe from earthqua
|-crit|p1a: safe from earthqua
|-damage|p1a: safe from earthqua|340\/385 tox
|-activate|p1a: safe from earthqua|move: Wrap|[of] p2a: Tentacruel
|
|turn|21
|-mustrecharge|p1a: safe from earthqua
|-mustrecharge|p1a: safe from earthqua
|choice|move 1|move 4
|
|cant|p1a: safe from earthqua|recharge
|-damage|p1a: safe from earthqua|292\/385 tox|[from] tox|[of] p2a: Tentacruel
|move|p2a: Tentacruel|Wrap|p1a: safe from earthqua|[from]Wrap
|-damage|p1a: safe from earthqua|271\/385 tox
|
|turn|22
|choice|move 2|move 4
|
|cant|p1a: safe from earthqua|partiallytrapped
|-damage|p1a: safe from earthqua|199\/385 tox|[from] tox|[of] p2a: Tentacruel
|move|p2a: Tentacruel|Wrap|p1a: safe from earthqua|[from]Wrap
|-damage|p1a: safe from earthqua|178\/385 tox
|
|-end|p1a: safe from earthqua|Wrap|[partiallytrapped]
|turn|23
|choice|move 2|switch 2
|
|switch|p2a: Gengar|Gengar|92\/323
|move|p1a: safe from earthqua|Hyper Beam|p2a: Gengar
|-immune|p2a: Gengar|[msg]
|-damage|p1a: safe from earthqua|82\/385 tox|[from] tox|[of] p2a: Gengar
|
|turn|24
|choice|move 4|move 2
|
|move|p1a: safe from earthqua|Blizzard|p2a: Gengar
|-crit|p2a: Gengar
|-damage|p2a: Gengar|0 fnt
|faint|p2a: Gengar
|choice||switch 2
|
|switch|p2a: Tentacruel|Tentacruel|164\/363
|turn|25
|choice|move 2|move 4
|
|move|p1a: safe from earthqua|Hyper Beam|p2a: Tentacruel
|-damage|p2a: Tentacruel|0 fnt
|faint|p2a: Tentacruel
|choice||switch 5
|
|switch|p2a: Articuno|Articuno|164\/383
|turn|26
|choice|move 2|move 1
|
|move|p1a: safe from earthqua|Hyper Beam|p2a: Articuno
|-damage|p2a: Articuno|19\/383
|-damage|p1a: safe from earthqua|0 fnt|[from] tox|[of] p2a: Articuno
|faint|p1a: safe from earthqua
|choice|switch 2|
|
|switch|p1a: wrapwrapwrap|Tentacruel|363\/363
|turn|27
|choice|move 4|move 1
|
|move|p1a: wrapwrapwrap|Blizzard|p2a: Articuno
|-damage|p2a: Articuno|0 fnt
|faint|p2a: Articuno
|choice||switch 3
|
|switch|p2a: Chansey|Chansey|452\/703 tox
|-status|p2a: Chansey|psn
|turn|28
|choice|move 1|move 4
|
|move|p1a: wrapwrapwrap|Wrap|p2a: Chansey
|-damage|p2a: Chansey|427\/703 psn
|-activate|p2a: Chansey|move: Wrap|[of] p1a: wrapwrapwrap
|cant|p2a: Chansey|partiallytrapped
|-damage|p2a: Chansey|384\/703 psn|[from] psn
|
|turn|29
|choice|move 1|move 4
|
|move|p1a: wrapwrapwrap|Wrap|p2a: Chansey|[from]Wrap
|-damage|p2a: Chansey|359\/703 psn
|cant|p2a: Chansey|partiallytrapped
|-damage|p2a: Chansey|316\/703 psn|[from] psn
|
|turn|30
|choice|move 1|move 4
|
|move|p1a: wrapwrapwrap|Wrap|p2a: Chansey|[from]Wrap
|-damage|p2a: Chansey|291\/703 psn
|cant|p2a: Chansey|partiallytrapped
|-damage|p2a: Chansey|248\/703 psn|[from] psn
|
|-end|p2a: Chansey|Wrap|[partiallytrapped]
|turn|31
|choice|move 1|move 4
|
|move|p1a: wrapwrapwrap|Wrap|p2a: Chansey
|-damage|p2a: Chansey|222\/703 psn
|-activate|p2a: Chansey|move: Wrap|[of] p1a: wrapwrapwrap
|cant|p2a: Chansey|partiallytrapped
|-damage|p2a: Chansey|179\/703 psn|[from] psn
|
|turn|32
|choice|move 1|move 4
|
|move|p1a: wrapwrapwrap|Wrap|p2a: Chansey|[from]Wrap
|-damage|p2a: Chansey|153\/703 psn
|cant|p2a: Chansey|partiallytrapped
|-damage|p2a: Chansey|110\/703 psn|[from] psn
|
|turn|33
|choice|move 1|move 4
|
|move|p1a: wrapwrapwrap|Wrap|p2a: Chansey|[from]Wrap
|-damage|p2a: Chansey|84\/703 psn
|cant|p2a: Chansey|partiallytrapped
|-damage|p2a: Chansey|41\/703 psn|[from] psn
|
|turn|34
|choice|move 1|move 4
|
|move|p1a: wrapwrapwrap|Wrap|p2a: Chansey|[from]Wrap
|-damage|p2a: Chansey|15\/703 psn
|cant|p2a: Chansey|partiallytrapped
|-damage|p2a: Chansey|0 fnt|[from] psn
|faint|p2a: Chansey
|choice||switch 4
|
|switch|p2a: Ninetales|Ninetales|349\/349
|turn|35
|choice|move 1|move 2
|
|move|p1a: wrapwrapwrap|Wrap|p2a: Ninetales
|-damage|p2a: Ninetales|337\/349
|-activate|p2a: Ninetales|move: Wrap|[of] p1a: wrapwrapwrap
|cant|p2a: Ninetales|partiallytrapped
|
|turn|36
|choice|move 1|move 2
|
|cant|p2a: Ninetales|partiallytrapped
|move|p1a: wrapwrapwrap|Wrap|p2a: Ninetales|[from]Wrap
|-damage|p2a: Ninetales|325\/349
|
|-end|p2a: Ninetales|Wrap|[partiallytrapped]
|turn|37
|choice|move 2|move 2
|
|move|p1a: wrapwrapwrap|Hydro Pump|p2a: Ninetales
|-supereffective|p2a: Ninetales
|-damage|p2a: Ninetales|9\/349
|move|p2a: Ninetales|Confuse Ray|p1a: wrapwrapwrap
|-start|p1a: wrapwrapwrap|confusion
|
|turn|38
|choice|move 2|move 3
|
|-activate|p1a: wrapwrapwrap|confusion
|move|p1a: wrapwrapwrap|Hydro Pump|p2a: Ninetales
|-supereffective|p2a: Ninetales
|-damage|p2a: Ninetales|0 fnt
|faint|p2a: Ninetales
|
|win|hellraizinkoga69
|player|p1
|player|p2
|raw|hellraizinkoga69's rating: 1188 &rarr; <strong>1204<\/strong><br \/>(+16 for winning)
|raw|T-clover's rating: 1057 &rarr; <strong>1045<\/strong><br \/>(-12 for losing)
|l|T-clover
|c|★hellraizinkoga69|gg