|join|TheSunIsUp
|join|andrewandres
|player|p1|TheSunIsUp|134
|player|p2|andrewandres|169
|gametype|singles
|gen|1
|tier|[Gen 1] Random Battle
|rule|Sleep Clause Mod: Limit one foe put to sleep
|rule|Freeze Clause Mod: Limit one foe frozen
|rule|HP Percentage Mod: HP is shown in percentages
|
|start
|switch|p1a: Magneton|Magneton, L90|273\/273
|switch|p2a: Nidoran-M|Nidoran-M, L96|283\/283
|turn|1
|
|move|p1a: Magneton|Thunder Wave|p2a: Nidoran-M
|-status|p2a: Nidoran-M|par
|move|p2a: Nidoran-M|Body Slam|p1a: Magneton
|-damage|p1a: Magneton|222\/273
|
|turn|2
|
|move|p1a: Magneton|Thunderbolt|p2a: Nidoran-M
|-damage|p2a: Nidoran-M|101\/283 par
|move|p2a: Nidoran-M|Body Slam|p1a: Magneton
|-damage|p1a: Magneton|175\/273
|
|turn|3
|
|move|p1a: Magneton|Thunderbolt|p2a: Nidoran-M
|-damage|p2a: Nidoran-M|0 fnt
|faint|p2a: Nidoran-M
|
|switch|p2a: Venomoth|Venomoth, L85|293\/293
|turn|4
|
|move|p2a: Venomoth|Sleep Powder|p1a: Magneton|[miss]
|-miss|p2a: Venomoth
|move|p1a: Magneton|Thunder Wave|p2a: Venomoth
|-status|p2a: Venomoth|par
|
|turn|5
|c|★andrewandres|joder...
|
|move|p1a: Magneton|Double-Edge|p2a: Venomoth
|-damage|p2a: Venomoth|213\/293 par
|-damage|p1a: Magneton|155\/273|[from] recoil|[of] p2a: Venomoth
|move|p2a: Venomoth|Sleep Powder|p1a: Magneton|[miss]
|-miss|p2a: Venomoth
|
|turn|6
|c|★andrewandres|no falla la puta hypnosis
|c|★andrewandres|u tiene q fallar esto
|
|move|p1a: Magneton|Thunderbolt|p2a: Venomoth
|-damage|p2a: Venomoth|77\/293 par
|move|p2a: Venomoth|Sleep Powder|p1a: Magneton
|-status|p1a: Magneton|slp
|
|turn|7
|
|switch|p1a: Charmeleon|Charmeleon, L85|272\/272
|switch|p2a: Mewtwo|Mewtwo, L68|285\/285
|
|turn|8
|
|switch|p2a: Aerodactyl|Aerodactyl, L90|327\/327
|move|p1a: Charmeleon|Body Slam|p2a: Aerodactyl
|-resisted|p2a: Aerodactyl
|-damage|p2a: Aerodactyl|303\/327
|
|turn|9
|
|switch|p1a: Omastar|Omastar, L90|309\/309
|move|p2a: Aerodactyl|Double-Edge|p1a: Omastar
|-crit|p1a: Omastar
|-resisted|p1a: Omastar
|-damage|p1a: Omastar|253\/309
|-damage|p2a: Aerodactyl|289\/327|[from] recoil|[of] p1a: Omastar
|
|turn|10
|
|switch|p2a: Venomoth|Venomoth, L85|77\/293 par
|move|p1a: Omastar|Blizzard|p2a: Venomoth
|-damage|p2a: Venomoth|0 fnt
|faint|p2a: Venomoth
|
|switch|p2a: Starmie|Starmie, L79|257\/257
|turn|11
|
|switch|p1a: Clefable|Clefable, L85|335\/335
|move|p2a: Starmie|Thunderbolt|p1a: Clefable
|-damage|p1a: Clefable|279\/335
|
|turn|12
|
|switch|p2a: Electrode|Electrode, L90|291\/291
|move|p1a: Clefable|Sing|p2a: Electrode
|-status|p2a: Electrode|slp
|
|turn|13
|c|★andrewandres|55.. y no falla..
|c|★TheSunIsUp|puedes parar de quejarte
|
|switch|p2a: Aerodactyl|Aerodactyl, L90|289\/327
|switch|p1a: Gengar|Gengar, L79|257\/257
|
|turn|14
|
|switch|p1a: Clefable|Clefable, L85|279\/335
|move|p2a: Aerodactyl|Sky Attack|p1a: Clefable|[still]
|-prepare|p2a: Aerodactyl|Sky Attack|p1a: Clefable
|
|turn|15
|
|move|p2a: Aerodactyl|Sky Attack|p1a: Clefable
|-crit|p1a: Clefable
|-damage|p1a: Clefable|0 fnt
|faint|p1a: Clefable
|c|★andrewandres|a cascarla
|
|switch|p1a: Omastar|Omastar, L90|253\/309
|turn|16
|
|switch|p2a: Starmie|Starmie, L79|257\/257
|move|p1a: Omastar|Blizzard|p2a: Starmie
|-resisted|p2a: Starmie
|-damage|p2a: Starmie|208\/257
|
|turn|17
|
|switch|p1a: Magneton|Magneton, L90|155\/273 slp
|move|p2a: Starmie|Thunderbolt|p1a: Magneton
|-resisted|p1a: Magneton
|-damage|p1a: Magneton|133\/273 slp
|
|turn|18
|
|switch|p2a: Mewtwo|Mewtwo, L68|285\/285
|switch|p1a: Gengar|Gengar, L79|257\/257
|
|turn|19
|
|switch|p1a: Magneton|Magneton, L90|133\/273 slp
|move|p2a: Mewtwo|Amnesia|p2a: Mewtwo
|-boost|p2a: Mewtwo|spd|2
|-boost|p2a: Mewtwo|spa|2
|
|turn|20
|
|move|p2a: Mewtwo|Amnesia|p2a: Mewtwo
|-boost|p2a: Mewtwo|spd|2
|-boost|p2a: Mewtwo|spa|2
|cant|p1a: Magneton|slp
|
|turn|21
|
|move|p2a: Mewtwo|Amnesia|p2a: Mewtwo
|-boost|p2a: Mewtwo|spd|2
|-boost|p2a: Mewtwo|spa|2
|cant|p1a: Magneton|slp
|
|turn|22
|
|move|p2a: Mewtwo|Psychic|p1a: Magneton
|-damage|p1a: Magneton|0 fnt
|faint|p1a: Magneton
|
|switch|p1a: Gengar|Gengar, L79|257\/257
|turn|23
|
|switch|p2a: Aerodactyl|Aerodactyl, L90|289\/327
|move|p1a: Gengar|Hypnosis|p2a: Aerodactyl|[miss]
|-miss|p1a: Gengar
|
|turn|24
|
|switch|p2a: Mewtwo|Mewtwo, L68|285\/285
|switch|p1a: Charmeleon|Charmeleon, L85|272\/272
|
|turn|25
|
|move|p2a: Mewtwo|Amnesia|p2a: Mewtwo
|-boost|p2a: Mewtwo|spd|2
|-boost|p2a: Mewtwo|spa|2
|move|p1a: Charmeleon|Body Slam|p2a: Mewtwo
|-damage|p2a: Mewtwo|228\/285
|
|turn|26
|
|move|p2a: Mewtwo|Psychic|p1a: Charmeleon
|-damage|p1a: Charmeleon|63\/272
|move|p1a: Charmeleon|Body Slam|p2a: Mewtwo
|-damage|p2a: Mewtwo|174\/285
|
|turn|27
|
|move|p2a: Mewtwo|Psychic|p1a: Charmeleon
|-damage|p1a: Charmeleon|0 fnt
|faint|p1a: Charmeleon
|
|switch|p1a: Gengar|Gengar, L79|257\/257
|turn|28
|
|move|p1a: Gengar|Thunderbolt|p2a: Mewtwo
|-damage|p2a: Mewtwo|144\/285
|-status|p2a: Mewtwo|par
|move|p2a: Mewtwo|Psychic|p1a: Gengar
|-crit|p1a: Gengar
|-supereffective|p1a: Gengar
|-damage|p1a: Gengar|1\/257
|
|turn|29
|
|move|p1a: Gengar|Thunderbolt|p2a: Mewtwo
|-damage|p2a: Mewtwo|116\/285 par
|move|p2a: Mewtwo|Recover|p2a: Mewtwo
|-heal|p2a: Mewtwo|258\/285 par
|
|turn|30
|
|switch|p1a: Omastar|Omastar, L90|253\/309
|move|p2a: Mewtwo|Recover|p2a: Mewtwo
|-heal|p2a: Mewtwo|285\/285 par
|
|turn|31
|
|move|p1a: Omastar|Seismic Toss|p2a: Mewtwo
|-damage|p2a: Mewtwo|195\/285 par
|move|p2a: Mewtwo|Psychic|p1a: Omastar
|-damage|p1a: Omastar|113\/309
|-unboost|p1a: Omastar|spd|1
|-unboost|p1a: Omastar|spa|1
|
|turn|32
|
|move|p1a: Omastar|Seismic Toss|p2a: Mewtwo
|-damage|p2a: Mewtwo|105\/285 par
|move|p2a: Mewtwo|Psychic|p1a: Omastar
|-damage|p1a: Omastar|0 fnt
|faint|p1a: Omastar
|
|switch|p1a: Beedrill|Beedrill, L90|300\/300
|turn|33
|
|move|p1a: Beedrill|Twineedle|p2a: Mewtwo
|-supereffective|p2a: Mewtwo
|-damage|p2a: Mewtwo|37\/285 par
|-damage|p2a: Mewtwo|0 fnt
|-hitcount|p2a: Mewtwo|2
|faint|p2a: Mewtwo
|
|switch|p2a: Aerodactyl|Aerodactyl, L90|289\/327
|turn|34
|
|move|p2a: Aerodactyl|Sky Attack|p1a: Beedrill|[still]
|-prepare|p2a: Aerodactyl|Sky Attack|p1a: Beedrill
|move|p1a: Beedrill|Twineedle|p2a: Aerodactyl
|-crit|p2a: Aerodactyl
|-resisted|p2a: Aerodactyl
|-damage|p2a: Aerodactyl|258\/327
|-damage|p2a: Aerodactyl|227\/327
|-status|p2a: Aerodactyl|psn
|-hitcount|p2a: Aerodactyl|2
|
|turn|35
|
|move|p2a: Aerodactyl|Sky Attack|p1a: Beedrill
|-supereffective|p1a: Beedrill
|-damage|p1a: Beedrill|0 fnt
|faint|p1a: Beedrill
|
|switch|p1a: Gengar|Gengar, L79|1\/257
|turn|36
|
|move|p2a: Aerodactyl|Sky Attack|p1a: Gengar|[still]
|-prepare|p2a: Aerodactyl|Sky Attack|p1a: Gengar
|-damage|p2a: Aerodactyl|207\/327 psn|[from] psn|[of] p1a: Gengar
|move|p1a: Gengar|Thunderbolt|p2a: Aerodactyl
|-supereffective|p2a: Aerodactyl
|-damage|p2a: Aerodactyl|27\/327 psn
|
|turn|37
|c|★andrewandres|ni con la suerte me ganas: SOY EL MEJOR
|c|★andrewandres|:D:D:D:D
|c|★TheSunIsUp|luego dices
|c|★TheSunIsUp|que no vas de flipado
|c|★TheSunIsUp|lol.
|c|★andrewandres|sin suerte no me ganas
|c|★andrewandres|ni aun con ella
|c|★andrewandres|anteriormente quedo demsotrado
|c|★andrewandres|grcias
|c|★andrewandres|venga, time stall
|c|★andrewandres|XDXDXD
|c|★TheSunIsUp|hola
|c|★TheSunIsUp|tenias un mewtwo amnesia
|c|★andrewandres|y?
|c|★TheSunIsUp|tenia 0 switch in
|c|★andrewandres|mewtwo, explosion MUERTO
|
|move|p2a: Aerodactyl|Sky Attack|p1a: Gengar
|-crit|p1a: Gengar
|-damage|p1a: Gengar|0 fnt
|faint|p1a: Gengar
|
|win|andrewandres
|c|★andrewandres|encima, me haces hypnosis
|c|★andrewandres|teniendo sleep cause
|c|★andrewandres|XDXD
|c|★andrewandres|that noob
|leave|andrewandres
|player|p2
|leave|TheSunIsUp
|player|p1
|join|TheSunIsUp