|join|MALESANI
|join|PickledBeets
|player|p1|MALESANI|238
|player|p2|PickledBeets|162
|gametype|singles
|gen|1
|tier|[Gen 1] Random Battle
|rated
|seed|14350,512,60268,45300
|rule|Sleep Clause Mod: Limit one foe put to sleep
|rule|Freeze Clause Mod: Limit one foe frozen
|rule|HP Percentage Mod: HP is shown in percentages
|
|start
|switch|p1a: Kadabra|Kadabra, L85|242\/242
|switch|p2a: Vulpix|Vulpix, L96|268\/268
|turn|1
|choice|move 2|move 3
|
|move|p1a: Kadabra|Thunder Wave|p2a: Vulpix
|-status|p2a: Vulpix|par
|move|p2a: Vulpix|Confuse Ray|p1a: Kadabra
|-start|p1a: Kadabra|confusion
|
|turn|2
|choice|switch 3|move 4
|
|switch|p1a: Starmie|Starmie, L79|257\/257
|move|p2a: Vulpix|Body Slam|p1a: Starmie
|-damage|p1a: Starmie|205\/257
|
|turn|3
|choice|move 3|move 3
|
|move|p1a: Starmie|Blizzard|p2a: Vulpix
|-damage|p2a: Vulpix|191\/268 par
|move|p2a: Vulpix|Confuse Ray|p1a: Starmie
|-start|p1a: Starmie|confusion
|
|turn|4
|choice|switch 3|move 4
|
|switch|p1a: Kadabra|Kadabra, L85|242\/242
|move|p2a: Vulpix|Body Slam|p1a: Kadabra
|-crit|p1a: Kadabra
|-damage|p1a: Kadabra|96\/242
|
|turn|5
|choice|move 1|move 3
|
|move|p1a: Kadabra|Psychic|p2a: Vulpix
|-crit|p2a: Vulpix
|-damage|p2a: Vulpix|0 fnt
|faint|p2a: Vulpix
|choice||switch 6
|
|switch|p2a: Dewgong|Dewgong, L85|327\/327
|turn|6
|choice|move 2|move 1
|
|move|p1a: Kadabra|Thunder Wave|p2a: Dewgong
|-status|p2a: Dewgong|par
|cant|p2a: Dewgong|par
|
|turn|7
|choice|move 3|move 1
|
|move|p1a: Kadabra|Recover|p1a: Kadabra
|-heal|p1a: Kadabra|217\/242
|move|p2a: Dewgong|Body Slam|p1a: Kadabra
|-damage|p1a: Kadabra|135\/242
|-status|p1a: Kadabra|par
|
|turn|8
|choice|move 3|move 1
|
|move|p1a: Kadabra|Recover|p1a: Kadabra
|-heal|p1a: Kadabra|242\/242 par
|move|p2a: Dewgong|Body Slam|p1a: Kadabra
|-damage|p1a: Kadabra|152\/242 par
|
|turn|9
|choice|move 1|move 1
|
|move|p1a: Kadabra|Psychic|p2a: Dewgong
|-damage|p2a: Dewgong|228\/327 par
|-unboost|p2a: Dewgong|spd|1
|-unboost|p2a: Dewgong|spa|1
|move|p2a: Dewgong|Body Slam|p1a: Kadabra|[miss]
|-miss|p2a: Dewgong
|
|turn|10
|-message|PickledBeets forfeited.
|
|win|MALESANI
|leave|PickledBeets
|player|p2
|raw|MALESANI's rating: 1306 &rarr; <strong>1328<\/strong><br \/>(+22 for winning)
|raw|PickledBeets's rating: 1348 &rarr; <strong>1325<\/strong><br \/>(-23 for losing)