|join|Dice
|join|Kel9901
|player|p1|Dice|168
|player|p2|Kel9901|265
|gametype|singles
|gen|1
|tier|[Gen 1] OU
|rated
|seed|22437,51699,20614,29987
|rule|Sleep Clause Mod: Limit one foe put to sleep
|rule|Freeze Clause Mod: Limit one foe frozen
|rule|Species Clause: Limit one of each Pokémon
|rule|OHKO Clause: OHKO moves are banned
|rule|Evasion Moves Clause: Evasion moves are banned
|rule|HP Percentage Mod: HP is shown in percentages
|
|start
|switch|p1a: Gengar|Gengar|323\/323
|switch|p2a: Gengar|Gengar|323\/323
|turn|1
|choice|move 1|move 1
|
|move|p2a: Gengar|Hypnosis|p1a: Gengar
|-status|p1a: Gengar|slp
|cant|p1a: Gengar|slp
|
|turn|2
|c|★Kel9901|gl hf
|c|★Dice|ye
|choice|switch 4|move 3
|
|switch|p1a: Chansey|Chansey|703\/703
|move|p2a: Gengar|Night Shade|p1a: Chansey
|-damage|p1a: Chansey|603\/703
|
|turn|3
|choice|move 2|switch 5
|
|switch|p2a: Chansey|Chansey|703\/703
|move|p1a: Chansey|Ice Beam|p2a: Chansey
|-damage|p2a: Chansey|632\/703
|
|turn|4
|choice|move 2|move 2
|
|move|p2a: Chansey|Ice Beam|p1a: Chansey
|-damage|p1a: Chansey|532\/703
|move|p1a: Chansey|Ice Beam|p2a: Chansey
|-damage|p2a: Chansey|551\/703
|
|turn|5
|choice|move 2|move 2
|
|move|p1a: Chansey|Ice Beam|p2a: Chansey
|-damage|p2a: Chansey|477\/703
|move|p2a: Chansey|Ice Beam|p1a: Chansey
|-damage|p1a: Chansey|452\/703
|-status|p1a: Chansey|frz
|
|turn|6
|choice|switch 3|move 3
|
|switch|p1a: Starmie|Starmie|323\/323
|move|p2a: Chansey|Thunder Wave|p1a: Starmie
|-status|p1a: Starmie|par
|
|turn|7
|choice|move 1|move 3
|
|move|p2a: Chansey|Thunder Wave|p1a: Starmie
|-fail|p1a: Starmie|par
|move|p1a: Starmie|Blizzard|p2a: Chansey|[miss]
|-miss|p1a: Starmie
|
|turn|8
|choice|move 3|move 1
|
|move|p2a: Chansey|Soft-Boiled|p2a: Chansey
|-heal|p2a: Chansey|703\/703
|move|p1a: Starmie|Thunder Wave|p2a: Chansey
|-status|p2a: Chansey|par
|
|turn|9
|choice|move 2|move 4
|
|move|p1a: Starmie|Psychic|p2a: Chansey
|-damage|p2a: Chansey|605\/703 par
|move|p2a: Chansey|Thunderbolt|p1a: Starmie
|-supereffective|p1a: Starmie
|-damage|p1a: Starmie|161\/323 par
|
|turn|10
|choice|move 4|move 4
|
|move|p1a: Starmie|Recover|p1a: Starmie
|-heal|p1a: Starmie|322\/323 par
|cant|p2a: Chansey|par
|
|turn|11
|choice|switch 6|move 4
|
|switch|p1a: Snorlax|Snorlax|523\/523
|move|p2a: Chansey|Thunderbolt|p1a: Snorlax
|-damage|p1a: Snorlax|429\/523
|
|turn|12
|choice|move 1|move 3
|
|move|p1a: Snorlax|Body Slam|p2a: Chansey
|-damage|p2a: Chansey|337\/703 par
|move|p2a: Chansey|Thunder Wave|p1a: Snorlax
|-status|p1a: Snorlax|par
|
|turn|13
|choice|move 1|switch 6
|
|switch|p2a: Exeggutor|Exeggutor|393\/393
|move|p1a: Snorlax|Body Slam|p2a: Exeggutor
|-damage|p2a: Exeggutor|280\/393
|
|turn|14
|choice|switch 6|move 2
|
|switch|p1a: Starmie|Starmie|322\/323 par
|move|p2a: Exeggutor|Psychic|p1a: Starmie
|-resisted|p1a: Starmie
|-damage|p1a: Starmie|255\/323 par
|
|turn|15
|choice|switch 6|move 2
|
|switch|p1a: Snorlax|Snorlax|429\/523 par
|move|p2a: Exeggutor|Psychic|p1a: Snorlax
|-damage|p1a: Snorlax|270\/523 par
|-unboost|p1a: Snorlax|spd|1
|-unboost|p1a: Snorlax|spa|1
|
|turn|16
|choice|move 4|move 2
|
|move|p2a: Exeggutor|Psychic|p1a: Snorlax
|-damage|p1a: Snorlax|12\/523 par
|move|p1a: Snorlax|Self-Destruct|p2a: Exeggutor
|-damage|p2a: Exeggutor|0 fnt
|faint|p2a: Exeggutor
|faint|p1a: Snorlax
|choice|switch 5|switch 5
|
|switch|p2a: Gengar|Gengar|323\/323
|switch|p1a: Tauros|Tauros|353\/353
|turn|17
|choice|move 2|move 2
|
|move|p1a: Tauros|Earthquake|p2a: Gengar
|-supereffective|p2a: Gengar
|-damage|p2a: Gengar|113\/323
|move|p2a: Gengar|Thunderbolt|p1a: Tauros
|-damage|p1a: Tauros|239\/353
|
|turn|18
|choice|switch 4|move 2
|
|switch|p1a: Gengar|Gengar|323\/323 slp
|move|p2a: Gengar|Thunderbolt|p1a: Gengar
|-damage|p1a: Gengar|248\/323 slp
|
|turn|19
|choice|move 2|move 2
|
|move|p2a: Gengar|Thunderbolt|p1a: Gengar
|-damage|p1a: Gengar|174\/323 slp
|cant|p1a: Gengar|slp
|
|turn|20
|choice|move 2|move 2
|
|move|p2a: Gengar|Thunderbolt|p1a: Gengar
|-crit|p1a: Gengar
|-damage|p1a: Gengar|29\/323 slp
|cant|p1a: Gengar|slp
|
|turn|21
|choice|switch 3|move 2
|
|switch|p1a: Chansey|Chansey|452\/703 frz
|move|p2a: Gengar|Thunderbolt|p1a: Chansey
|-damage|p1a: Chansey|371\/703 frz
|
|turn|22
|choice|move 2|move 2
|
|move|p2a: Gengar|Thunderbolt|p1a: Chansey
|-crit|p1a: Chansey
|-damage|p1a: Chansey|204\/703 frz
|cant|p1a: Chansey|frz
|
|turn|23
|choice|move 2|move 2
|
|move|p2a: Gengar|Thunderbolt|p1a: Chansey
|-damage|p1a: Chansey|113\/703 frz
|cant|p1a: Chansey|frz
|
|turn|24
|choice|move 2|move 3
|
|move|p2a: Gengar|Night Shade|p1a: Chansey
|-damage|p1a: Chansey|13\/703 frz
|cant|p1a: Chansey|frz
|
|turn|25
|choice|move 2|move 2
|
|move|p2a: Gengar|Thunderbolt|p1a: Chansey
|-damage|p1a: Chansey|0 fnt
|faint|p1a: Chansey
|choice|switch 4|
|
|switch|p1a: Tauros|Tauros|239\/353
|turn|26
|choice|move 2|move 4
|
|move|p2a: Gengar|Explosion|p1a: Tauros
|-damage|p1a: Tauros|18\/353
|faint|p2a: Gengar
|choice||switch 2
|
|switch|p2a: Tauros|Tauros|353\/353
|turn|27
|choice|move 4|move 1
|
|move|p2a: Tauros|Body Slam|p1a: Tauros
|-damage|p1a: Tauros|0 fnt
|faint|p1a: Tauros
|choice|switch 6|
|
|switch|p1a: Starmie|Starmie|255\/323 par
|turn|28
|choice|move 3|switch 3
|
|switch|p2a: Rhydon|Rhydon|413\/413
|move|p1a: Starmie|Thunder Wave|p2a: Rhydon
|-immune|p2a: Rhydon|[msg]
|
|turn|29
|choice|switch 2|move 1
|
|switch|p1a: Articuno|Articuno|383\/383
|move|p2a: Rhydon|Earthquake|p1a: Articuno
|-immune|p1a: Articuno|[msg]
|
|turn|30
|choice|move 2|switch 4
|
|switch|p2a: Snorlax|Snorlax|523\/523
|move|p1a: Articuno|Ice Beam|p2a: Snorlax
|-crit|p2a: Snorlax
|-damage|p2a: Snorlax|194\/523
|
|turn|31
|choice|move 1|move 3
|
|move|p1a: Articuno|Blizzard|p2a: Snorlax
|-damage|p2a: Snorlax|0 fnt
|faint|p2a: Snorlax
|choice||switch 6
|
|switch|p2a: Chansey|Chansey|337\/703 par
|turn|32
|choice|move 2|move 3
|
|move|p1a: Articuno|Ice Beam|p2a: Chansey
|-damage|p2a: Chansey|203\/703 par
|move|p2a: Chansey|Thunder Wave|p1a: Articuno
|-status|p1a: Articuno|par
|
|turn|33
|choice|move 4|move 1
|
|cant|p1a: Articuno|par
|cant|p2a: Chansey|par
|
|turn|34
|choice|move 4|move 1
|
|move|p1a: Articuno|Hyper Beam|p2a: Chansey
|-damage|p2a: Chansey|0 fnt
|faint|p2a: Chansey
|choice||switch 4
|
|switch|p2a: Rhydon|Rhydon|413\/413
|turn|35
|choice|move 1|move 2
|
|move|p2a: Rhydon|Rock Slide|p1a: Articuno
|-supereffective|p1a: Articuno
|-damage|p1a: Articuno|0 fnt
|faint|p1a: Articuno
|choice|switch 2|
|
|switch|p1a: Starmie|Starmie|255\/323 par
|turn|36
|choice|move 1|move 1
|
|move|p2a: Rhydon|Earthquake|p1a: Starmie
|-damage|p1a: Starmie|106\/323 par
|move|p1a: Starmie|Blizzard|p2a: Rhydon
|-crit|p2a: Rhydon
|-supereffective|p2a: Rhydon
|-damage|p2a: Rhydon|0 fnt
|faint|p2a: Rhydon
|choice||switch 3
|
|switch|p2a: Tauros|Tauros|353\/353
|turn|37
|c|★Dice|gg
|c|★Kel9901|gg
|c|★Dice|unlucky
|choice|move 2|move 2
|
|move|p2a: Tauros|Hyper Beam|p1a: Starmie
|-crit|p1a: Starmie
|-damage|p1a: Starmie|0 fnt
|faint|p1a: Starmie
|choice|switch 3|
|
|switch|p1a: Gengar|Gengar|29\/323 slp
|turn|38
|c|★Kel9901|yeah sry about the hax
|choice|move 3|move 3
|
|-curestatus|p1a: Gengar|slp
|move|p2a: Tauros|Earthquake|p1a: Gengar
|-supereffective|p1a: Gengar
|-damage|p1a: Gengar|0 fnt
|faint|p1a: Gengar
|
|win|Kel9901
|raw|Dice's rating: 1116 &rarr; <strong>1104<\/strong><br \/>(-12 for losing)
|raw|Kel9901's rating: 1315 &rarr; <strong>1324<\/strong><br \/>(+9 for winning)
|leave|Dice
|player|p1
|leave|Kel9901
|player|p2
|join|Kel9901