|join|God Yamcha
|join|MALESANI
|player|p1|God Yamcha|123
|player|p2|MALESANI|238
|gametype|singles
|gen|1
|tier|[Gen 1] Random Battle
|rated
|seed|64891,51736,44044,27841
|rule|Sleep Clause Mod: Limit one foe put to sleep
|rule|Freeze Clause Mod: Limit one foe frozen
|rule|HP Percentage Mod: HP is shown in percentages
|
|start
|switch|p1a: Parasect|Parasect, L90|291\/291
|switch|p2a: Slowpoke|Slowpoke, L96|368\/368
|turn|1
|choice|move 4|switch 4
|
|switch|p2a: Pinsir|Pinsir, L85|284\/284
|move|p1a: Parasect|Spore|p2a: Pinsir
|-status|p2a: Pinsir|slp
|
|turn|2
|choice|switch 5|switch 6
|
|switch|p2a: Rapidash|Rapidash, L90|300\/300
|switch|p1a: Weezing|Weezing, L90|300\/300
|
|turn|3
|choice|switch 2|move 1
|
|switch|p1a: Starmie|Starmie, L79|257\/257
|move|p2a: Rapidash|Fire Blast|p1a: Starmie|[miss]
|-miss|p2a: Rapidash
|
|turn|4
|choice|move 4|switch 2
|
|switch|p2a: Zapdos|Zapdos, L79|304\/304
|move|p1a: Starmie|Surf|p2a: Zapdos
|-damage|p2a: Zapdos|231\/304
|
|turn|5
|choice|switch 3|move 3
|
|switch|p1a: Diglett|Diglett, L96|214\/214
|move|p2a: Zapdos|Thunderbolt|p1a: Diglett
|-immune|p1a: Diglett|[msg]
|
|turn|6
|choice|move 4|move 2
|
|move|p1a: Diglett|Mimic|p2a: Zapdos
|-start|p1a: Diglett|Mimic|Thunderbolt
|move|p2a: Zapdos|Drill Peck|p1a: Diglett
|-damage|p1a: Diglett|93\/214
|
|turn|7
|choice|move 4|move 2
|
|move|p1a: Diglett|Thunderbolt|p2a: Zapdos
|-damage|p2a: Zapdos|187\/304
|move|p2a: Zapdos|Drill Peck|p1a: Diglett
|-damage|p1a: Diglett|0 fnt
|faint|p1a: Diglett
|choice|switch 6|
|
|switch|p1a: Lapras|Lapras, L79|367\/367
|turn|8
|choice|move 2|move 3
|
|move|p2a: Zapdos|Thunderbolt|p1a: Lapras
|-crit|p1a: Lapras
|-supereffective|p1a: Lapras
|-damage|p1a: Lapras|0 fnt
|faint|p1a: Lapras
|choice|switch 3|
|
|switch|p1a: Starmie|Starmie, L79|257\/257
|turn|9
|choice|move 2|move 3
|
|move|p1a: Starmie|Blizzard|p2a: Zapdos
|-supereffective|p2a: Zapdos
|-damage|p2a: Zapdos|61\/304
|move|p2a: Zapdos|Thunderbolt|p1a: Starmie
|-supereffective|p1a: Starmie
|-damage|p1a: Starmie|48\/257
|
|turn|10
|choice|move 4|move 3
|
|move|p1a: Starmie|Surf|p2a: Zapdos
|-damage|p2a: Zapdos|0 fnt
|faint|p2a: Zapdos
|choice||switch 2
|
|switch|p2a: Rapidash|Rapidash, L90|300\/300
|turn|11
|choice|move 1|move 1
|
|move|p2a: Rapidash|Fire Blast|p1a: Starmie
|-resisted|p1a: Starmie
|-damage|p1a: Starmie|0 fnt
|faint|p1a: Starmie
|choice|switch 2|
|
|switch|p1a: Weezing|Weezing, L90|300\/300
|turn|12
|choice|move 1|move 1
|
|move|p2a: Rapidash|Fire Blast|p1a: Weezing
|-damage|p1a: Weezing|181\/300
|move|p1a: Weezing|Explosion|p2a: Rapidash
|-damage|p2a: Rapidash|32\/300
|faint|p1a: Weezing
|-message|God Yamcha forfeited.
|
|win|MALESANI
|leave|God Yamcha
|player|p1
|raw|God Yamcha's rating: 1125 &rarr; <strong>1107<\/strong><br \/>(-18 for losing)
|raw|MALESANI's rating: 1233 &rarr; <strong>1250<\/strong><br \/>(+17 for winning)