|join|Caesar Augustus
|join|Cell1718
|player|p1|Caesar Augustus|101
|player|p2|Cell1718|162
|gametype|singles
|gen|1
|tier|[Gen 1] Random Battle
|rated
|rule|Sleep Clause Mod: Limit one foe put to sleep
|rule|Freeze Clause Mod: Limit one foe frozen
|rule|HP Percentage Mod: HP is shown in percentages
|
|start
|switch|p1a: Pidgeot|Pidgeot, L86|318\/318
|switch|p2a: Lickitung|Lickitung, L86|330\/330
|turn|1
|
|move|p1a: Pidgeot|Reflect|p1a: Pidgeot
|move|p2a: Lickitung|Swords Dance|p2a: Lickitung
|-boost|p2a: Lickitung|atk|2
|
|turn|2
|
|move|p1a: Pidgeot|Mirror Move|p2a: Lickitung
|move|p1a: Pidgeot|Swords Dance|p1a: Pidgeot|[from]Mirror Move
|-boost|p1a: Pidgeot|atk|2
|move|p2a: Lickitung|Body Slam|p1a: Pidgeot
|-damage|p1a: Pidgeot|250\/318
|
|turn|3
|
|move|p1a: Pidgeot|Sky Attack|p2a: Lickitung|[still]
|-prepare|p1a: Pidgeot|Sky Attack|p2a: Lickitung
|move|p2a: Lickitung|Body Slam|p1a: Pidgeot
|-damage|p1a: Pidgeot|175\/318
|
|turn|4
|
|move|p1a: Pidgeot|Sky Attack|p2a: Lickitung
|-damage|p2a: Lickitung|44\/330
|move|p2a: Lickitung|Body Slam|p1a: Pidgeot
|-damage|p1a: Pidgeot|99\/318
|
|turn|5
|
|move|p1a: Pidgeot|Mirror Move|p2a: Lickitung
|move|p1a: Pidgeot|Body Slam|p2a: Lickitung|[from]Mirror Move
|-damage|p2a: Lickitung|0 fnt
|faint|p2a: Lickitung
|
|switch|p2a: Exeggutor|Exeggutor, L82|324\/324
|turn|6
|
|move|p1a: Pidgeot|Rest|p1a: Pidgeot
|-status|p1a: Pidgeot|slp
|-heal|p1a: Pidgeot|318\/318 slp|[silent]
|-status|p1a: Pidgeot|slp|[from] move: Rest
|move|p2a: Exeggutor|Stun Spore|p1a: Pidgeot
|-fail|p1a: Pidgeot
|
|turn|7
|
|cant|p1a: Pidgeot|slp
|move|p2a: Exeggutor|Egg Bomb|p1a: Pidgeot
|-crit|p1a: Pidgeot
|-damage|p1a: Pidgeot|174\/318 slp
|
|turn|8
|
|cant|p1a: Pidgeot|slp
|-curestatus|p1a: Pidgeot|slp
|move|p2a: Exeggutor|Egg Bomb|p1a: Pidgeot
|-damage|p1a: Pidgeot|136\/318
|
|turn|9
|
|move|p1a: Pidgeot|Rest|p1a: Pidgeot
|-status|p1a: Pidgeot|slp
|-heal|p1a: Pidgeot|318\/318 slp|[silent]
|-status|p1a: Pidgeot|slp|[from] move: Rest
|move|p2a: Exeggutor|Stun Spore|p1a: Pidgeot
|-fail|p1a: Pidgeot
|
|turn|10
|
|cant|p1a: Pidgeot|slp
|move|p2a: Exeggutor|Egg Bomb|p1a: Pidgeot|[miss]
|-miss|p2a: Exeggutor
|
|turn|11
|
|cant|p1a: Pidgeot|slp
|-curestatus|p1a: Pidgeot|slp
|move|p2a: Exeggutor|Egg Bomb|p1a: Pidgeot|[miss]
|-miss|p2a: Exeggutor
|
|turn|12
|
|move|p1a: Pidgeot|Sky Attack|p2a: Exeggutor|[still]
|-prepare|p1a: Pidgeot|Sky Attack|p2a: Exeggutor
|move|p2a: Exeggutor|Stun Spore|p1a: Pidgeot|[miss]
|-miss|p2a: Exeggutor
|
|turn|13
|
|switch|p2a: Lapras|Lapras, L82|381\/381
|move|p1a: Pidgeot|Sky Attack|p2a: Lapras
|-damage|p2a: Lapras|79\/381
|
|turn|14
|
|move|p1a: Pidgeot|Sky Attack|p2a: Lapras|[still]
|-prepare|p1a: Pidgeot|Sky Attack|p2a: Lapras
|move|p2a: Lapras|Ice Beam|p1a: Pidgeot
|-supereffective|p1a: Pidgeot
|-damage|p1a: Pidgeot|95\/318
|
|turn|15
|
|move|p1a: Pidgeot|Sky Attack|p2a: Lapras
|-crit|p2a: Lapras
|-damage|p2a: Lapras|0 fnt
|faint|p2a: Lapras
|
|switch|p2a: Vileplume|Vileplume, L86|304\/304
|turn|16
|
|move|p1a: Pidgeot|Rest|p1a: Pidgeot
|-status|p1a: Pidgeot|slp
|-heal|p1a: Pidgeot|318\/318 slp|[silent]
|-status|p1a: Pidgeot|slp|[from] move: Rest
|move|p2a: Vileplume|Body Slam|p1a: Pidgeot
|-damage|p1a: Pidgeot|289\/318 slp
|
|turn|17
|c|★Caesar Augustus|hail bird jesus
|c|★Cell1718|im bored and prob not gonna win sooooooo gg lol
|c|★Caesar Augustus|gg noob
|
|switch|p2a: Jynx|Jynx, L82|274\/274
|cant|p1a: Pidgeot|slp
|
|turn|18
|c|★Cell1718|nvm
|c|★Cell1718|things just got interesting
|
|switch|p1a: Clefable|Clefable, L86|339\/339
|move|p2a: Jynx|Blizzard|p1a: Clefable
|-crit|p1a: Clefable
|-damage|p1a: Clefable|104\/339
|
|turn|19
|
|move|p2a: Jynx|Psychic|p1a: Clefable
|-damage|p1a: Clefable|15\/339
|move|p1a: Clefable|Sing|p2a: Jynx
|-status|p2a: Jynx|slp
|
|turn|20
|
|switch|p1a: Kingler|Kingler, L86|270\/270
|cant|p2a: Jynx|slp
|
|turn|21
|
|switch|p2a: Vileplume|Vileplume, L86|304\/304
|move|p1a: Kingler|Swords Dance|p1a: Kingler
|-boost|p1a: Kingler|atk|2
|
|turn|22
|
|move|p1a: Kingler|Body Slam|p2a: Vileplume|[miss]
|-miss|p1a: Kingler
|move|p2a: Vileplume|Sleep Powder|p1a: Kingler|[miss]
|-miss|p2a: Vileplume
|
|turn|23
|
|move|p1a: Kingler|Body Slam|p2a: Vileplume
|-damage|p2a: Vileplume|141\/304
|move|p2a: Vileplume|Mega Drain|p1a: Kingler
|-supereffective|p1a: Kingler
|-damage|p1a: Kingler|153\/270
|-heal|p2a: Vileplume|199\/304|[from] drain|[of] p1a: Kingler
|
|turn|24
|
|move|p1a: Kingler|Hyper Beam|p2a: Vileplume
|-damage|p2a: Vileplume|0 fnt
|faint|p2a: Vileplume
|
|switch|p2a: Exeggutor|Exeggutor, L82|324\/324
|turn|25
|
|move|p1a: Kingler|Body Slam|p2a: Exeggutor
|-damage|p2a: Exeggutor|173\/324
|move|p2a: Exeggutor|Mega Drain|p1a: Kingler
|-supereffective|p1a: Kingler
|-damage|p1a: Kingler|19\/270
|-heal|p2a: Exeggutor|240\/324|[from] drain|[of] p1a: Kingler
|
|turn|26
|
|move|p1a: Kingler|Hyper Beam|p2a: Exeggutor
|-damage|p2a: Exeggutor|0 fnt
|faint|p2a: Exeggutor
|
|switch|p2a: Clefable|Clefable, L86|339\/339
|turn|27
|
|move|p1a: Kingler|Hyper Beam|p2a: Clefable
|-damage|p2a: Clefable|54\/339
|move|p2a: Clefable|Thunderbolt|p1a: Kingler
|-supereffective|p1a: Kingler
|-damage|p1a: Kingler|0 fnt
|faint|p1a: Kingler
|
|switch|p1a: Jynx|Jynx, L82|274\/274
|turn|28
|
|move|p1a: Jynx|Psychic|p2a: Clefable
|-damage|p2a: Clefable|0 fnt
|faint|p2a: Clefable
|
|switch|p2a: Jynx|Jynx, L82|274\/274 slp
|turn|29
|
|switch|p1a: Kabutops|Kabutops, L86|279\/279
|cant|p2a: Jynx|slp
|
|turn|30
|
|cant|p2a: Jynx|slp
|-curestatus|p2a: Jynx|slp
|move|p1a: Kabutops|Swords Dance|p1a: Kabutops
|-boost|p1a: Kabutops|atk|2
|
|turn|31
|
|move|p2a: Jynx|Psychic|p1a: Kabutops
|-damage|p1a: Kabutops|182\/279
|move|p1a: Kabutops|Body Slam|p2a: Jynx
|-damage|p2a: Jynx|19\/274
|
|turn|32
|
|move|p2a: Jynx|Lovely Kiss|p1a: Kabutops
|-status|p1a: Kabutops|slp
|cant|p1a: Kabutops|slp
|-curestatus|p1a: Kabutops|slp
|
|turn|33
|
|move|p2a: Jynx|Psychic|p1a: Kabutops
|-damage|p1a: Kabutops|86\/279
|move|p1a: Kabutops|Hyper Beam|p2a: Jynx
|-damage|p2a: Jynx|0 fnt
|faint|p2a: Jynx
|
|win|Caesar Augustus
|raw|Ladder updating...
|raw|Caesar Augustus's rating: 1060 &rarr; <strong>1094<\/strong><br \/>(+34 for winning)
|raw|Cell1718's rating: 1088 &rarr; <strong>1063<\/strong><br \/>(-25 for losing)
|c|★Caesar Augustus|gg noob
|leave|Cell1718
|player|p2