|join|the yung god
|join|Airfoil
|player|p1|the yung god|252
|player|p2|Airfoil|169
|gametype|singles
|gen|1
|tier|[Gen 1] OU (beta)
|rated
|rule|Sleep Clause Mod: Limit one foe put to sleep
|rule|Species Clause: Limit one of each Pokemon
|rule|OHKO Clause: OHKO moves are banned
|rule|Moody Clause: Moody is banned
|rule|Evasion Moves Clause: Evasion moves are banned
|rule|Endless Battle Clause: Forcing endless battles is banned.
|rule|HP Percentage Mod: HP is reported as percentages
|
|start
|switch|p1a: Gengar|Gengar|323\/323
|switch|p2a: Gengar|Gengar|323\/323
|turn|1
|
|move|p1a: Gengar|Hypnosis|p2a: Gengar|[miss]
|-miss|p1a: Gengar
|move|p2a: Gengar|Hypnosis|p1a: Gengar|[miss]
|-miss|p2a: Gengar
|
|turn|2
|
|move|p1a: Gengar|Hypnosis|p2a: Gengar|[miss]
|-miss|p1a: Gengar
|move|p2a: Gengar|Hypnosis|p1a: Gengar|[miss]
|-miss|p2a: Gengar
|
|turn|3
|
|move|p1a: Gengar|Hypnosis|p2a: Gengar|[miss]
|-miss|p1a: Gengar
|move|p2a: Gengar|Hypnosis|p1a: Gengar
|-status|p1a: Gengar|slp
|
|turn|4
|
|switch|p2a: Golem|Golem|363\/363
|switch|p1a: Chansey|Chansey|703\/703
|
|turn|5
|
|switch|p1a: Exeggutor|Exeggutor|393\/393
|move|p2a: Golem|Earthquake|p1a: Exeggutor
|-resisted|p1a: Exeggutor
|-damage|p1a: Exeggutor|323\/393
|
|turn|6
|
|switch|p2a: Snorlax|Snorlax|523\/523
|move|p1a: Exeggutor|Sleep Powder|p2a: Snorlax
|-status|p2a: Snorlax|slp
|
|turn|7
|
|switch|p2a: Gengar|Gengar|323\/323
|move|p1a: Exeggutor|Psychic|p2a: Gengar
|-supereffective|p2a: Gengar
|-damage|p2a: Gengar|133\/323
|
|turn|8
|
|switch|p2a: Lapras|Lapras|463\/463
|switch|p1a: Gengar|Gengar|323\/323 slp
|
|turn|9
|
|switch|p1a: Chansey|Chansey|703\/703
|move|p2a: Lapras|Confuse Ray|p1a: Chansey
|-start|p1a: Chansey|confusion
|
|turn|10
|
|switch|p2a: Snorlax|Snorlax|523\/523 slp
|-activate|p1a: Chansey|confusion
|-damage|p1a: Chansey|673\/703|[from] confusion
|
|turn|11
|
|switch|p1a: Articuno|Articuno|383\/383
|cant|p2a: Snorlax|slp
|
|turn|12
|
|switch|p2a: Lapras|Lapras|463\/463
|move|p1a: Articuno|Reflect|p1a: Articuno
|
|turn|13
|
|move|p1a: Articuno|Blizzard|p2a: Lapras
|-crit|p2a: Lapras
|-resisted|p2a: Lapras
|-damage|p2a: Lapras|382\/463
|move|p2a: Lapras|Confuse Ray|p1a: Articuno
|-start|p1a: Articuno|confusion
|
|turn|14
|
|-activate|p1a: Articuno|confusion
|-damage|p1a: Articuno|367\/383|[from] confusion
|move|p2a: Lapras|Thunderbolt|p1a: Articuno
|-supereffective|p1a: Articuno
|-damage|p1a: Articuno|233\/383
|
|turn|15
|
|-activate|p1a: Articuno|confusion
|move|p1a: Articuno|Rest|p1a: Articuno
|-status|p1a: Articuno|slp
|-heal|p1a: Articuno|383\/383 slp|[silent]
|-status|p1a: Articuno|slp|[from] move: Rest
|move|p2a: Lapras|Body Slam|p1a: Articuno
|-damage|p1a: Articuno|353\/383 slp
|
|turn|16
|
|switch|p1a: Chansey|Chansey|673\/703
|move|p2a: Lapras|Thunderbolt|p1a: Chansey
|-crit|p1a: Chansey
|-damage|p1a: Chansey|534\/703
|
|turn|17
|
|move|p2a: Lapras|Blizzard|p1a: Chansey
|-crit|p1a: Chansey
|-damage|p1a: Chansey|284\/703
|move|p1a: Chansey|Thunderbolt|p2a: Lapras
|-supereffective|p2a: Lapras
|-damage|p2a: Lapras|235\/463
|
|turn|18
|
|switch|p2a: Raichu|Raichu|323\/323
|move|p1a: Chansey|Soft-Boiled|p1a: Chansey
|-heal|p1a: Chansey|635\/703
|
|turn|19
|
|move|p2a: Raichu|Thunder Wave|p1a: Chansey
|-status|p1a: Chansey|par
|move|p1a: Chansey|Thunder Wave|p2a: Raichu
|-status|p2a: Raichu|par
|
|turn|20
|
|switch|p1a: Exeggutor|Exeggutor|323\/393
|move|p2a: Raichu|Body Slam|p1a: Exeggutor
|-damage|p1a: Exeggutor|247\/393
|-status|p1a: Exeggutor|par
|
|turn|21
|
|cant|p2a: Raichu|par
|move|p1a: Exeggutor|Psychic|p2a: Raichu
|-damage|p2a: Raichu|179\/323 par
|
|turn|22
|
|move|p2a: Raichu|Body Slam|p1a: Exeggutor
|-damage|p1a: Exeggutor|172\/393 par
|move|p1a: Exeggutor|Psychic|p2a: Raichu
|-damage|p2a: Raichu|44\/323 par
|
|turn|23
|
|cant|p2a: Raichu|par
|move|p1a: Exeggutor|Psychic|p2a: Raichu
|-damage|p2a: Raichu|0 fnt
|faint|p2a: Raichu
|
|
|switch|p2a: Lapras|Lapras|235\/463
|turn|24
|
|move|p2a: Lapras|Blizzard|p1a: Exeggutor
|-supereffective|p1a: Exeggutor
|-damage|p1a: Exeggutor|0 fnt
|faint|p1a: Exeggutor
|
|
|switch|p1a: Chansey|Chansey|635\/703 par
|turn|25
|
|switch|p2a: Golem|Golem|363\/363
|cant|p1a: Chansey|par
|
|turn|26
|
|switch|p1a: Starmie|Starmie|323\/323
|move|p2a: Golem|Earthquake|p1a: Starmie
|-damage|p1a: Starmie|182\/323
|
|turn|27
|
|switch|p2a: Venusaur|Venusaur|363\/363
|move|p1a: Starmie|Blizzard|p2a: Venusaur
|-supereffective|p2a: Venusaur
|-damage|p2a: Venusaur|180\/363
|
|turn|28
|
|move|p1a: Starmie|Blizzard|p2a: Venusaur
|-supereffective|p2a: Venusaur
|-damage|p2a: Venusaur|0 fnt
|faint|p2a: Venusaur
|
|
|switch|p2a: Gengar|Gengar|133\/323
|turn|29
|
|switch|p1a: Chansey|Chansey|635\/703 par
|move|p2a: Gengar|Thunderbolt|p1a: Chansey
|-damage|p1a: Chansey|545\/703 par
|
|turn|30
|
|move|p2a: Gengar|Confuse Ray|p1a: Chansey
|-start|p1a: Chansey|confusion
|-activate|p1a: Chansey|confusion
|-damage|p1a: Chansey|512\/703 par|[from] confusion
|
|turn|31
|
|switch|p2a: Snorlax|Snorlax|523\/523 slp
|-activate|p1a: Chansey|confusion
|-damage|p1a: Chansey|481\/703 par|[from] confusion
|
|turn|32
|
|switch|p1a: Tauros|Tauros|353\/353
|cant|p2a: Snorlax|slp
|
|turn|33
|
|switch|p2a: Gengar|Gengar|133\/323
|move|p1a: Tauros|Earthquake|p2a: Gengar
|-supereffective|p2a: Gengar
|-damage|p2a: Gengar|0 fnt
|faint|p2a: Gengar
|
|
|switch|p2a: Golem|Golem|363\/363
|turn|34
|
|move|p1a: Tauros|Blizzard|p2a: Golem|[miss]
|-miss|p1a: Tauros
|move|p2a: Golem|Body Slam|p1a: Tauros
|-damage|p1a: Tauros|280\/353
|
|turn|35
|
|move|p1a: Tauros|Blizzard|p2a: Golem
|-supereffective|p2a: Golem
|-damage|p2a: Golem|144\/363
|move|p2a: Golem|Body Slam|p1a: Tauros
|-damage|p1a: Tauros|204\/353
|
|turn|36
|
|move|p1a: Tauros|Blizzard|p2a: Golem
|-supereffective|p2a: Golem
|-damage|p2a: Golem|0 fnt
|faint|p2a: Golem
|
|
|switch|p2a: Lapras|Lapras|235\/463
|turn|37
|
|move|p1a: Tauros|Hyper Beam|p2a: Lapras
|-damage|p2a: Lapras|18\/463
|move|p2a: Lapras|Body Slam|p1a: Tauros
|-damage|p1a: Tauros|143\/353
|
|turn|38
|
|cant|p1a: Tauros|recharge
|move|p2a: Lapras|Blizzard|p1a: Tauros
|-damage|p1a: Tauros|0 fnt
|faint|p1a: Tauros
|
|
|switch|p1a: Starmie|Starmie|182\/323
|turn|39
|
|move|p1a: Starmie|Thunderbolt|p2a: Lapras
|-supereffective|p2a: Lapras
|-damage|p2a: Lapras|0 fnt
|faint|p2a: Lapras
|
|
|switch|p2a: Snorlax|Snorlax|523\/523 slp
|turn|40
|
|move|p1a: Starmie|Blizzard|p2a: Snorlax
|-damage|p2a: Snorlax|405\/523 slp
|cant|p2a: Snorlax|slp
|
|turn|41
|
|move|p1a: Starmie|Blizzard|p2a: Snorlax|[miss]
|-miss|p1a: Starmie
|cant|p2a: Snorlax|slp
|
|turn|42
|
|move|p1a: Starmie|Blizzard|p2a: Snorlax
|-crit|p2a: Snorlax
|-damage|p2a: Snorlax|153\/523 slp
|cant|p2a: Snorlax|slp
|
|turn|43
|
|move|p1a: Starmie|Blizzard|p2a: Snorlax
|-damage|p2a: Snorlax|26\/523 slp
|cant|p2a: Snorlax|slp
|-curestatus|p2a: Snorlax|slp
|
|turn|44
|
|move|p1a: Starmie|Thunderbolt|p2a: Snorlax
|-crit|p2a: Snorlax
|-damage|p2a: Snorlax|0 fnt
|faint|p2a: Snorlax
|
|win|the yung god
|raw|Ladder updating...
|raw|the yung god's rating: 1067 &rarr; <strong>1097<\/strong><br \/>(+30 for winning)
|raw|Airfoil's rating: 1061 &rarr; <strong>1042<\/strong><br \/>(-19 for losing)