|join|kid gf lol
|join|Ranger mike
|player|p1|kid gf lol|167
|player|p2|Ranger mike|156
|gametype|singles
|gen|1
|tier|[Gen 1] OU (beta)
|rule|Sleep Clause Mod: Limit one foe put to sleep
|rule|Species Clause: Limit one of each Pokémon
|rule|OHKO Clause: OHKO moves are banned
|rule|Evasion Moves Clause: Evasion moves are banned
|rule|HP Percentage Mod: HP is shown in percentages
|
|start
|switch|p1a: Gengar|Gengar|323\/323
|switch|p2a: Gengar|Gengar|323\/323
|turn|1
|join|ashie is not here
|c|★kid gf lol|um
|c|★Ranger mike|what did i do
|c|★Ranger mike|,,,
|
|move|p1a: Gengar|Hypnosis|p2a: Gengar|[miss]
|-miss|p1a: Gengar
|move|p2a: Gengar|Hypnosis|p1a: Gengar
|-status|p1a: Gengar|slp
|
|turn|2
|c|★Ranger mike|rip
|
|switch|p2a: Chansey|Chansey|703\/703
|switch|p1a: Chansey|Chansey|703\/703
|
|turn|3
|
|move|p1a: Chansey|Ice Beam|p2a: Chansey
|-damage|p2a: Chansey|629\/703
|move|p2a: Chansey|Thunderbolt|p1a: Chansey
|-damage|p1a: Chansey|635\/703
|
|turn|4
|
|move|p1a: Chansey|Ice Beam|p2a: Chansey
|-damage|p2a: Chansey|553\/703
|move|p2a: Chansey|Thunderbolt|p1a: Chansey
|-damage|p1a: Chansey|567\/703
|
|turn|5
|
|move|p2a: Chansey|Thunderbolt|p1a: Chansey
|-damage|p1a: Chansey|491\/703
|move|p1a: Chansey|Ice Beam|p2a: Chansey
|-damage|p2a: Chansey|482\/703
|
|turn|6
|
|move|p2a: Chansey|Ice Beam|p1a: Chansey
|-damage|p1a: Chansey|421\/703
|move|p1a: Chansey|Ice Beam|p2a: Chansey
|-damage|p2a: Chansey|406\/703
|
|turn|7
|
|move|p1a: Chansey|Ice Beam|p2a: Chansey
|-damage|p2a: Chansey|329\/703
|move|p2a: Chansey|Ice Beam|p1a: Chansey
|-damage|p1a: Chansey|351\/703
|
|turn|8
|
|move|p1a: Chansey|Ice Beam|p2a: Chansey
|-damage|p2a: Chansey|257\/703
|move|p2a: Chansey|Ice Beam|p1a: Chansey
|-crit|p1a: Chansey
|-damage|p1a: Chansey|198\/703
|
|turn|9
|c|★Ranger mike|sorry :(
|
|move|p1a: Chansey|Soft-Boiled|p1a: Chansey
|-heal|p1a: Chansey|549\/703
|move|p2a: Chansey|Ice Beam|p1a: Chansey
|-damage|p1a: Chansey|470\/703
|
|turn|10
|
|move|p1a: Chansey|Ice Beam|p2a: Chansey
|-damage|p2a: Chansey|176\/703
|move|p2a: Chansey|Soft-Boiled|p2a: Chansey
|-heal|p2a: Chansey|527\/703
|
|turn|11
|
|switch|p1a: Cloyster|Cloyster|303\/303
|move|p2a: Chansey|Ice Beam|p1a: Cloyster
|-resisted|p1a: Cloyster
|-damage|p1a: Cloyster|283\/303
|
|turn|12
|
|switch|p1a: Victreebell|Victreebel|363\/363
|move|p2a: Chansey|Thunderbolt|p1a: Victreebell
|-resisted|p1a: Victreebell
|-damage|p1a: Victreebell|324\/363
|
|turn|13
|c|★Ranger mike|rip
|
|move|p1a: Victreebell|Sleep Powder|p2a: Chansey
|-status|p2a: Chansey|slp
|cant|p2a: Chansey|slp
|
|turn|14
|
|switch|p2a: Snorlax|Snorlax|523\/523
|move|p1a: Victreebell|Stun Spore|p2a: Snorlax
|-status|p2a: Snorlax|par
|
|turn|15
|
|move|p1a: Victreebell|Wrap|p2a: Snorlax
|-damage|p2a: Snorlax|507\/523 par
|-activate|p2a: Snorlax|move: Wrap|[of] p1a: Victreebell
|cant|p2a: Snorlax|par
|
|turn|16
|c|★Ranger mike|zzz
|
|switch|p2a: Cloyster|Cloyster|303\/303
|move|p1a: Victreebell|Wrap|p2a: Cloyster
|-damage|p2a: Cloyster|294\/303
|-activate|p2a: Cloyster|move: Wrap|[of] p1a: Victreebell
|
|turn|17
|
|switch|p2a: Gengar|Gengar|323\/323
|move|p1a: Victreebell|Wrap|p2a: Gengar
|-damage|p2a: Gengar|323\/323
|-activate|p2a: Gengar|move: Wrap|[of] p1a: Victreebell
|
|turn|18
|
|switch|p2a: Tauros|Tauros|353\/353
|move|p1a: Victreebell|Wrap|p2a: Tauros
|-damage|p2a: Tauros|340\/353
|-activate|p2a: Tauros|move: Wrap|[of] p1a: Victreebell
|
|turn|19
|
|switch|p2a: Gengar|Gengar|323\/323
|move|p1a: Victreebell|Wrap|p2a: Gengar
|-damage|p2a: Gengar|323\/323
|-activate|p2a: Gengar|move: Wrap|[of] p1a: Victreebell
|
|turn|20
|
|cant|p2a: Gengar|partiallytrapped
|move|p1a: Victreebell|Wrap|p2a: Gengar
|-damage|p2a: Gengar|323\/323
|
|turn|21
|c|★Ranger mike|:(
|
|switch|p2a: Snorlax|Snorlax|507\/523 par
|move|p1a: Victreebell|Wrap|p2a: Snorlax
|-damage|p2a: Snorlax|491\/523 par
|-activate|p2a: Snorlax|move: Wrap|[of] p1a: Victreebell
|
|turn|22
|
|move|p1a: Victreebell|Wrap|p2a: Snorlax
|-damage|p2a: Snorlax|475\/523 par
|cant|p2a: Snorlax|par
|
|turn|23
|
|move|p1a: Victreebell|Wrap|p2a: Snorlax
|-damage|p2a: Snorlax|459\/523 par
|cant|p2a: Snorlax|partiallytrapped
|
|-end|p2a: Snorlax|Wrap|[partiallytrapped]
|turn|24
|
|move|p1a: Victreebell|Wrap|p2a: Snorlax|[miss]
|-miss|p1a: Victreebell
|cant|p2a: Snorlax|par
|
|turn|25
|c|★Ranger mike|,,,
|c|★kid gf lol|lel
|
|move|p1a: Victreebell|Wrap|p2a: Snorlax
|-damage|p2a: Snorlax|442\/523 par
|-activate|p2a: Snorlax|move: Wrap|[of] p1a: Victreebell
|cant|p2a: Snorlax|partiallytrapped
|
|turn|26
|join|charlotte thompson
|
|switch|p2a: Gengar|Gengar|323\/323
|move|p1a: Victreebell|Wrap|p2a: Gengar
|-damage|p2a: Gengar|323\/323
|-activate|p2a: Gengar|move: Wrap|[of] p1a: Victreebell
|
|turn|27
|
|cant|p2a: Gengar|partiallytrapped
|move|p1a: Victreebell|Wrap|p2a: Gengar
|-damage|p2a: Gengar|323\/323
|
|turn|28
|
|cant|p2a: Gengar|partiallytrapped
|move|p1a: Victreebell|Wrap|p2a: Gengar
|-damage|p2a: Gengar|323\/323
|
|-end|p2a: Gengar|Wrap|[partiallytrapped]
|turn|29
|join|losedude
|join|mbm99
|join|word
|
|move|p2a: Gengar|Explosion|p1a: Victreebell
|-crit|p1a: Victreebell
|-damage|p1a: Victreebell|0 fnt
|faint|p1a: Victreebell
|faint|p2a: Gengar
|c|★Ranger mike|die in a fire,,,
|
|switch|p2a: Zapdos|Zapdos|383\/383
|switch|p1a: Cloyster|Cloyster|283\/303
|turn|30
|join|Pikachuun
|c|★Ranger mike|>:(
|c|+Pikachuun|Gengar with explosion
|
|switch|p1a: Chansey|Chansey|470\/703
|move|p2a: Zapdos|Thunder Wave|p1a: Chansey
|-status|p1a: Chansey|par
|
|turn|31
|c|+Pikachuun|only in gen 1
|c|★Ranger mike|and 2
|c|★Ranger mike|and 3
|c|★Ranger mike|and 4
|c|★Ranger mike|,,,
|c| charlotte thompson|ban wrap imo
|join|Anty
|
|switch|p2a: Cloyster|Cloyster|294\/303
|move|p1a: Chansey|Thunder Wave|p2a: Cloyster
|-status|p2a: Cloyster|par
|
|turn|32
|
|switch|p1a: Cloyster|Cloyster|283\/303
|cant|p2a: Cloyster|par
|
|turn|33
|c|★Ranger mike|FFS
|join|Deathly ♛The King
|c|★Ranger mike|I WAS GONNA USE CLAMP
|c|★Ranger mike|!!!!!!!!!!!!!!1
|join|Seraph's Fire
|
|move|p1a: Cloyster|Clamp|p2a: Cloyster
|-crit|p2a: Cloyster
|-resisted|p2a: Cloyster
|-damage|p2a: Cloyster|251\/303 par
|-activate|p2a: Cloyster|move: Clamp|[of] p1a: Cloyster
|cant|p2a: Cloyster|partiallytrapped
|
|turn|34
|c|★Ranger mike|,,,
|
|switch|p2a: Chansey|Chansey|527\/703 slp
|move|p1a: Cloyster|Clamp|p2a: Chansey
|-crit|p2a: Chansey
|-damage|p2a: Chansey|455\/703 slp
|-activate|p2a: Chansey|move: Clamp|[of] p1a: Cloyster
|
|turn|35
|
|move|p1a: Cloyster|Clamp|p2a: Chansey
|-damage|p2a: Chansey|412\/703 slp
|cant|p2a: Chansey|slp
|
|turn|36
|c|+Pikachuun|mfw
|
|move|p1a: Cloyster|Clamp|p2a: Chansey
|-damage|p2a: Chansey|369\/703 slp
|cant|p2a: Chansey|slp
|-curestatus|p2a: Chansey|slp
|
|turn|37
|c|+Pikachuun|the clamp hits
|c| Seraph's Fire|rip
|c|+Pikachuun|aren't 10% each
|
|move|p1a: Cloyster|Clamp|p2a: Chansey
|-damage|p2a: Chansey|326\/703
|cant|p2a: Chansey|partiallytrapped
|
|turn|38
|c|+Pikachuun|BUGS
|c|+Pikachuun|TI I THOUGHT YOU FIXED THEM
|c|★Ranger mike|old gens on ps
|c|★Ranger mike|are bugged to hell
|
|move|p1a: Cloyster|Clamp|p2a: Chansey
|-damage|p2a: Chansey|283\/703
|cant|p2a: Chansey|partiallytrapped
|
|-end|p2a: Chansey|Clamp|[partiallytrapped]
|turn|39
|c|+Pikachuun|can zapdos tank
|
|switch|p2a: Snorlax|Snorlax|442\/523 par
|move|p1a: Cloyster|Clamp|p2a: Snorlax
|-damage|p2a: Snorlax|390\/523 par
|-activate|p2a: Snorlax|move: Clamp|[of] p1a: Cloyster
|
|turn|40
|c|+Pikachuun|lol
|c|+Pikachuun|nice switchin
|
|move|p1a: Cloyster|Clamp|p2a: Snorlax
|-damage|p2a: Snorlax|338\/523 par
|cant|p2a: Snorlax|par
|
|-end|p2a: Snorlax|Clamp|[partiallytrapped]
|turn|41
|
|move|p1a: Cloyster|Clamp|p2a: Snorlax
|-damage|p2a: Snorlax|287\/523 par
|-activate|p2a: Snorlax|move: Clamp|[of] p1a: Cloyster
|cant|p2a: Snorlax|partiallytrapped
|
|turn|42
|c|+Pikachuun|you should zapdos
|join|Fisherman Walter
|c|+Pikachuun|eventually
|c|+Pikachuun|you'll zapdos
|c|★Ranger mike|this reminds me of futurama
|c|★Ranger mike|cause of the fucking clamps
|
|move|p1a: Cloyster|Clamp|p2a: Snorlax
|-damage|p2a: Snorlax|236\/523 par
|cant|p2a: Snorlax|partiallytrapped
|
|turn|43
|
|move|p1a: Cloyster|Clamp|p2a: Snorlax
|-damage|p2a: Snorlax|185\/523 par
|cant|p2a: Snorlax|partiallytrapped
|
|turn|44
|
|move|p1a: Cloyster|Clamp|p2a: Snorlax
|-damage|p2a: Snorlax|134\/523 par
|cant|p2a: Snorlax|partiallytrapped
|
|-end|p2a: Snorlax|Clamp|[partiallytrapped]
|turn|45
|c|★Ranger mike|miss pls
|c|★Ranger mike|miss pls
|c|★Ranger mike|miss pls
|c|★Ranger mike|miss pls
|c|★Ranger mike|miss pls
|
|switch|p1a: Gengar|Gengar|323\/323 slp
|move|p2a: Snorlax|Thunderbolt|p1a: Gengar
|-damage|p1a: Gengar|275\/323 slp
|
|turn|46
|
|switch|p1a: Dragonite|Dragonite|385\/385
|move|p2a: Snorlax|Rest|p2a: Snorlax
|-status|p2a: Snorlax|slp
|-heal|p2a: Snorlax|523\/523 slp|[silent]
|-status|p2a: Snorlax|slp|[from] move: Rest
|
|turn|47
|
|switch|p2a: Chansey|Chansey|283\/703
|move|p1a: Dragonite|Agility|p1a: Dragonite
|-boost|p1a: Dragonite|spe|2
|
|turn|48
|
|move|p1a: Dragonite|Wrap|p2a: Chansey
|-crit|p2a: Chansey
|-damage|p2a: Chansey|196\/703
|-activate|p2a: Chansey|move: Wrap|[of] p1a: Dragonite
|cant|p2a: Chansey|partiallytrapped
|
|turn|49
|
|move|p1a: Dragonite|Wrap|p2a: Chansey
|-damage|p2a: Chansey|109\/703
|cant|p2a: Chansey|partiallytrapped
|
|turn|50
|
|move|p1a: Dragonite|Wrap|p2a: Chansey
|-damage|p2a: Chansey|22\/703
|cant|p2a: Chansey|partiallytrapped
|
|-end|p2a: Chansey|Wrap|[partiallytrapped]
|turn|51
|c|★kid gf lol|pew pew pew
|c|★Ranger mike|HOW TO COUNTER WRAP
|c|★Ranger mike|?????????????????????
|
|move|p1a: Dragonite|Surf|p2a: Chansey
|-damage|p2a: Chansey|0 fnt
|faint|p2a: Chansey
|c|★kid gf lol|gengar
|c| mbm99|quick attack?
|
|switch|p2a: Zapdos|Zapdos|383\/383
|turn|52
|c|★kid gf lol|lol
|c|★Ranger mike|hwy
|c|★Ranger mike|is wrap legal
|c|★Ranger mike|it is so fucking cheap
|c|★kid gf lol|yes
|
|move|p1a: Dragonite|Wrap|p2a: Zapdos
|-damage|p2a: Zapdos|366\/383
|-activate|p2a: Zapdos|move: Wrap|[of] p1a: Dragonite
|cant|p2a: Zapdos|partiallytrapped
|
|turn|53
|c| mbm99|well quick attack would let you get a hit off before they wrapped you
|leave|word
|
|move|p1a: Dragonite|Wrap|p2a: Zapdos
|-damage|p2a: Zapdos|349\/383
|cant|p2a: Zapdos|partiallytrapped
|
|-end|p2a: Zapdos|Wrap|[partiallytrapped]
|turn|54
|c| mbm99|were there any more priority moves in gen 1?
|c|★kid gf lol|nope
|c| mbm99|wow
|join|testcat
|
|move|p1a: Dragonite|Wrap|p2a: Zapdos
|-damage|p2a: Zapdos|331\/383
|-activate|p2a: Zapdos|move: Wrap|[of] p1a: Dragonite
|cant|p2a: Zapdos|partiallytrapped
|
|turn|55
|
|move|p1a: Dragonite|Wrap|p2a: Zapdos
|-damage|p2a: Zapdos|313\/383
|cant|p2a: Zapdos|partiallytrapped
|
|turn|56
|
|move|p1a: Dragonite|Wrap|p2a: Zapdos
|-damage|p2a: Zapdos|295\/383
|cant|p2a: Zapdos|partiallytrapped
|
|turn|57
|
|move|p1a: Dragonite|Wrap|p2a: Zapdos
|-damage|p2a: Zapdos|277\/383
|cant|p2a: Zapdos|partiallytrapped
|
|-end|p2a: Zapdos|Wrap|[partiallytrapped]
|turn|58
|c|★Ranger mike|!data wrap
|c|~|\/data-move Wrap

|c| ashie is not here|lel
|c|★Ranger mike|SO MUCH FUCKING PP
|c|★Ranger mike|WTAF
|
|move|p1a: Dragonite|Wrap|p2a: Zapdos
|-damage|p2a: Zapdos|260\/383
|-activate|p2a: Zapdos|move: Wrap|[of] p1a: Dragonite
|cant|p2a: Zapdos|partiallytrapped
|
|turn|59
|join|Flying Types Rule!
|
|move|p1a: Dragonite|Wrap|p2a: Zapdos
|-damage|p2a: Zapdos|243\/383
|cant|p2a: Zapdos|partiallytrapped
|
|-end|p2a: Zapdos|Wrap|[partiallytrapped]
|turn|60
|c|★Ranger mike|how much pp do oyu have left
|
|move|p1a: Dragonite|Wrap|p2a: Zapdos
|-damage|p2a: Zapdos|226\/383
|-activate|p2a: Zapdos|move: Wrap|[of] p1a: Dragonite
|cant|p2a: Zapdos|partiallytrapped
|
|turn|61
|c| mbm99|mike, in gen 1, wrap's pp reset if it hit 0 while being used I think\
|leave|testcat
|c|★kid gf lol|26
|
|move|p1a: Dragonite|Wrap|p2a: Zapdos
|-damage|p2a: Zapdos|209\/383
|cant|p2a: Zapdos|partiallytrapped
|
|turn|62
|c|★Ranger mike|,,,
|
|move|p1a: Dragonite|Wrap|p2a: Zapdos
|-damage|p2a: Zapdos|192\/383
|cant|p2a: Zapdos|partiallytrapped
|
|-end|p2a: Zapdos|Wrap|[partiallytrapped]
|turn|63
|
|move|p1a: Dragonite|Wrap|p2a: Zapdos
|-crit|p2a: Zapdos
|-damage|p2a: Zapdos|158\/383
|-activate|p2a: Zapdos|move: Wrap|[of] p1a: Dragonite
|cant|p2a: Zapdos|partiallytrapped
|
|turn|64
|c|★kid gf lol|its only 85% accurate
|
|move|p1a: Dragonite|Wrap|p2a: Zapdos
|-damage|p2a: Zapdos|124\/383
|cant|p2a: Zapdos|partiallytrapped
|
|turn|65
|join|Plasmanta
|
|move|p1a: Dragonite|Wrap|p2a: Zapdos
|-damage|p2a: Zapdos|90\/383
|cant|p2a: Zapdos|partiallytrapped
|
|turn|66
|c|★Ranger mike|i fucking hate wrap
|c|★Ranger mike|seriously though
|c|+Pikachuun|where is
|c|+Pikachuun|the priority
|c|★Ranger mike|WHY IS THIS LEGAL?????????????\/
|c| mbm99|spam quick attack
|c|+Pikachuun|when you need it
|c|★Ranger mike|QUICK ATTACK DOESNT EXIST
|c|+ashiemore|lol quick attack is garb
|c|+ashiemore|and it does exist
|c|★Ranger mike|oh
|c|★Ranger mike|i thought no priority ?_?
|
|move|p1a: Dragonite|Wrap|p2a: Zapdos
|-damage|p2a: Zapdos|56\/383
|cant|p2a: Zapdos|partiallytrapped
|
|turn|67
|c|+ashiemore|nein
|c|★kid gf lol|the only thing you would even put quick attack on is flareon..
|c|+ashiemore|and its terrible
|
|move|p1a: Dragonite|Wrap|p2a: Zapdos
|-damage|p2a: Zapdos|22\/383
|cant|p2a: Zapdos|partiallytrapped
|
|-end|p2a: Zapdos|Wrap|[partiallytrapped]
|turn|68
|c| mbm99|its weird to think there was only one priority move
|
|move|p1a: Dragonite|Surf|p2a: Zapdos
|-damage|p2a: Zapdos|0 fnt
|faint|p2a: Zapdos
|c|★kid gf lol|or maybe something stupid like farfetch'd
|
|switch|p2a: Snorlax|Snorlax|523\/523 slp
|turn|69
|
|move|p1a: Dragonite|Wrap|p2a: Snorlax|[miss]
|-miss|p1a: Dragonite
|cant|p2a: Snorlax|slp
|
|turn|70
|c| Flying Types Rule!|lol
|c| Flying Types Rule!|now it misses
|c|+ashiemore|good time to miss
|
|move|p1a: Dragonite|Surf|p2a: Snorlax
|-damage|p2a: Snorlax|423\/523 slp
|cant|p2a: Snorlax|slp
|-curestatus|p2a: Snorlax|slp
|
|turn|71
|
|move|p1a: Dragonite|Wrap|p2a: Snorlax
|-damage|p2a: Snorlax|405\/523
|-activate|p2a: Snorlax|move: Wrap|[of] p1a: Dragonite
|cant|p2a: Snorlax|partiallytrapped
|
|turn|72
|
|move|p1a: Dragonite|Wrap|p2a: Snorlax
|-damage|p2a: Snorlax|387\/523
|cant|p2a: Snorlax|partiallytrapped
|
|turn|73
|
|move|p1a: Dragonite|Wrap|p2a: Snorlax
|-damage|p2a: Snorlax|369\/523
|cant|p2a: Snorlax|partiallytrapped
|
|-end|p2a: Snorlax|Wrap|[partiallytrapped]
|turn|74
|
|move|p1a: Dragonite|Wrap|p2a: Snorlax
|-crit|p2a: Snorlax
|-damage|p2a: Snorlax|327\/523
|-activate|p2a: Snorlax|move: Wrap|[of] p1a: Dragonite
|cant|p2a: Snorlax|partiallytrapped
|
|turn|75
|
|move|p1a: Dragonite|Wrap|p2a: Snorlax
|-damage|p2a: Snorlax|285\/523
|cant|p2a: Snorlax|partiallytrapped
|
|turn|76
|
|move|p1a: Dragonite|Wrap|p2a: Snorlax
|-damage|p2a: Snorlax|243\/523
|cant|p2a: Snorlax|partiallytrapped
|
|turn|77
|
|move|p1a: Dragonite|Wrap|p2a: Snorlax
|-damage|p2a: Snorlax|201\/523
|cant|p2a: Snorlax|partiallytrapped
|
|-end|p2a: Snorlax|Wrap|[partiallytrapped]
|turn|78
|
|move|p1a: Dragonite|Wrap|p2a: Snorlax
|-damage|p2a: Snorlax|180\/523
|-activate|p2a: Snorlax|move: Wrap|[of] p1a: Dragonite
|cant|p2a: Snorlax|partiallytrapped
|
|turn|79
|
|move|p1a: Dragonite|Wrap|p2a: Snorlax
|-damage|p2a: Snorlax|159\/523
|cant|p2a: Snorlax|partiallytrapped
|
|turn|80
|leave|Plasmanta
|leave|mbm99
|
|move|p1a: Dragonite|Wrap|p2a: Snorlax
|-damage|p2a: Snorlax|138\/523
|cant|p2a: Snorlax|partiallytrapped
|
|turn|81
|
|move|p1a: Dragonite|Wrap|p2a: Snorlax
|-damage|p2a: Snorlax|117\/523
|cant|p2a: Snorlax|partiallytrapped
|
|turn|82
|
|move|p1a: Dragonite|Wrap|p2a: Snorlax
|-damage|p2a: Snorlax|96\/523
|cant|p2a: Snorlax|partiallytrapped
|
|-end|p2a: Snorlax|Wrap|[partiallytrapped]
|turn|83
|
|move|p1a: Dragonite|Wrap|p2a: Snorlax|[miss]
|-miss|p1a: Dragonite
|move|p2a: Snorlax|Blizzard|p1a: Dragonite
|-supereffective|p1a: Dragonite
|-damage|p1a: Dragonite|101\/385
|
|turn|84
|c|★Ranger mike|WHAT
|leave|Fisherman Walter
|c|★Ranger mike|?????????????????
|c|★Ranger mike|!!!!!!!!!!!!!!!!
|
|move|p1a: Dragonite|Wrap|p2a: Snorlax
|-damage|p2a: Snorlax|76\/523
|-activate|p2a: Snorlax|move: Wrap|[of] p1a: Dragonite
|cant|p2a: Snorlax|partiallytrapped
|
|turn|85
|c|★kid gf lol|what
|c|+ashiemore|65 special lol
|c|★kid gf lol|dragonite is tough
|join|blarghlfarghl
|
|move|p1a: Dragonite|Wrap|p2a: Snorlax
|-damage|p2a: Snorlax|56\/523
|cant|p2a: Snorlax|partiallytrapped
|
|turn|86
|
|move|p1a: Dragonite|Wrap|p2a: Snorlax
|-damage|p2a: Snorlax|36\/523
|cant|p2a: Snorlax|partiallytrapped
|
|-end|p2a: Snorlax|Wrap|[partiallytrapped]
|turn|87
|c| blarghlfarghl|lmao
|c| blarghlfarghl|ur getting destroyed
|c|★kid gf lol|^
|
|move|p1a: Dragonite|Surf|p2a: Snorlax
|-damage|p2a: Snorlax|0 fnt
|faint|p2a: Snorlax
|
|switch|p2a: Cloyster|Cloyster|251\/303 par
|turn|88
|c|★kid gf lol|with a tauros theres a way though
|
|move|p1a: Dragonite|Wrap|p2a: Cloyster
|-damage|p2a: Cloyster|241\/303 par
|-activate|p2a: Cloyster|move: Wrap|[of] p1a: Dragonite
|cant|p2a: Cloyster|partiallytrapped
|
|turn|89
|
|move|p1a: Dragonite|Wrap|p2a: Cloyster
|-damage|p2a: Cloyster|231\/303 par
|cant|p2a: Cloyster|partiallytrapped
|
|-end|p2a: Cloyster|Wrap|[partiallytrapped]
|turn|90
|c|★Ranger mike|but i dont outspeed :[
|
|move|p1a: Dragonite|Wrap|p2a: Cloyster
|-damage|p2a: Cloyster|221\/303 par
|-activate|p2a: Cloyster|move: Wrap|[of] p1a: Dragonite
|cant|p2a: Cloyster|partiallytrapped
|
|turn|91
|join|degenerate on ps
|c| blarghlfarghl|he could miss
|c| Deathly ♛The King|How would u not outspeed with tauros?
|
|move|p1a: Dragonite|Wrap|p2a: Cloyster
|-damage|p2a: Cloyster|211\/303 par
|cant|p2a: Cloyster|partiallytrapped
|
|turn|92
|c|★Ranger mike|agility
|
|move|p1a: Dragonite|Wrap|p2a: Cloyster
|-damage|p2a: Cloyster|201\/303 par
|cant|p2a: Cloyster|partiallytrapped
|
|-end|p2a: Cloyster|Wrap|[partiallytrapped]
|turn|93
|c| Deathly ♛The King|oh ya, duh
|
|move|p1a: Dragonite|Wrap|p2a: Cloyster
|-crit|p2a: Cloyster
|-damage|p2a: Cloyster|180\/303 par
|-activate|p2a: Cloyster|move: Wrap|[of] p1a: Dragonite
|cant|p2a: Cloyster|partiallytrapped
|
|turn|94
|
|move|p1a: Dragonite|Wrap|p2a: Cloyster
|-damage|p2a: Cloyster|159\/303 par
|cant|p2a: Cloyster|partiallytrapped
|
|turn|95
|c| Deathly ♛The King|~~this is why prankster malamar should've existed in gen 1~~
|
|move|p1a: Dragonite|Wrap|p2a: Cloyster
|-damage|p2a: Cloyster|138\/303 par
|cant|p2a: Cloyster|par
|
|-end|p2a: Cloyster|Wrap|[partiallytrapped]
|turn|96
|c| degenerate on ps|lol
|
|move|p1a: Dragonite|Wrap|p2a: Cloyster
|-damage|p2a: Cloyster|127\/303 par
|-activate|p2a: Cloyster|move: Wrap|[of] p1a: Dragonite
|cant|p2a: Cloyster|partiallytrapped
|
|turn|97
|
|move|p1a: Dragonite|Wrap|p2a: Cloyster
|-damage|p2a: Cloyster|116\/303 par
|cant|p2a: Cloyster|partiallytrapped
|
|turn|98
|join|Mistress Remilia
|
|move|p1a: Dragonite|Wrap|p2a: Cloyster
|-damage|p2a: Cloyster|105\/303 par
|cant|p2a: Cloyster|partiallytrapped
|
|turn|99
|c|★Ranger mike|i swear to god
|join|Tzotzil
|c|★Ranger mike|wrap needs to get banned
|
|move|p1a: Dragonite|Wrap|p2a: Cloyster
|-damage|p2a: Cloyster|94\/303 par
|cant|p2a: Cloyster|partiallytrapped
|
|turn|100
|
|move|p1a: Dragonite|Wrap|p2a: Cloyster
|-damage|p2a: Cloyster|83\/303 par
|cant|p2a: Cloyster|partiallytrapped
|
|-end|p2a: Cloyster|Wrap|[partiallytrapped]
|turn|101
|c|+ashiemore|it is banned by rby2k10
|c|+ashiemore|but not smogon
|c|★Ranger mike|,,,,,,,,,,,
|leave|Deathly ♛The King
|c|+Mistress Remilia|sad
|c|★Ranger mike|why did we not ban it ?_?
|
|move|p1a: Dragonite|Wrap|p2a: Cloyster
|-damage|p2a: Cloyster|72\/303 par
|-activate|p2a: Cloyster|move: Wrap|[of] p1a: Dragonite
|cant|p2a: Cloyster|partiallytrapped
|
|turn|102
|c|+Mistress Remilia|Mike, i think it's like asking
|
|move|p1a: Dragonite|Wrap|p2a: Cloyster
|-damage|p2a: Cloyster|61\/303 par
|cant|p2a: Cloyster|par
|
|turn|103
|c|+Mistress Remilia|why swagger wasn't banned in previous gens
|c| degenerate on ps|nah there is no reason to ban it
|c| degenerate on ps|this is clearly a very competitive mechanic
|c|★Ranger mike|,,,
|
|move|p1a: Dragonite|Wrap|p2a: Cloyster
|-damage|p2a: Cloyster|50\/303 par
|cant|p2a: Cloyster|partiallytrapped
|
|-end|p2a: Cloyster|Wrap|[partiallytrapped]
|turn|104
|c| blarghlfarghl|pp stall imo
|c|★kid gf lol|gl w\/that
|c|+ashiemore|^
|leave|Tzotzil
|c|★kid gf lol|be dead before i run out
|c|+ashiemore|kid why are you so low on the rby ladder
|c|+ashiemore|,,
|c|★kid gf lol|idk whats it at now
|c|+ashiemore|1385
|c|★kid gf lol|mostly because i win 5 games and 1 game knocks all those wins out
|c|★kid gf lol|and, i've been using raichu on the ladder..
|join|qazpl
|leave|Flying Types Rule!
|leave|Seraph's Fire
|c|★kid gf lol|?
|c|★kid gf lol|cmon let me wrap you
|-message|Ranger mike lost due to inactivity.
|
|win|kid gf lol
|leave|Anty
|c|★kid gf lol|i win!!
|c|★kid gf lol|I WIN
|c|★kid gf lol|@@@@
|leave|Ranger mike
|player|p2