|j|BrandonJ5678
|j|sindragnlord
|player|p1|BrandonJ5678|290
|player|p2|sindragnlord|265
|gametype|singles
|gen|1
|tier|[Gen 1] OU
|rated
|seed|61470,26975,33505,57259
|rule|Sleep Clause Mod: Limit one foe put to sleep
|rule|Freeze Clause Mod: Limit one foe frozen
|rule|Species Clause: Limit one of each Pokémon
|rule|OHKO Clause: OHKO moves are banned
|rule|Evasion Moves Clause: Evasion moves are banned
|rule|HP Percentage Mod: HP is shown in percentages
|
|start
|switch|p1a: Alakazam|Alakazam|313\/313
|switch|p2a: SmartAss|Alakazam|313\/313
|turn|1
|choice|move 2|switch 2
|
|switch|p2a: Lapdance|Lapras|463\/463
|move|p1a: Alakazam|Thunder Wave|p2a: Lapdance
|-status|p2a: Lapdance|par
|
|turn|2
|choice|move 4|move 4
|
|move|p1a: Alakazam|Seismic Toss|p2a: Lapdance
|-damage|p2a: Lapdance|363\/463 par
|move|p2a: Lapdance|Body Slam|p1a: Alakazam
|-damage|p1a: Alakazam|214\/313
|
|turn|3
|choice|move 1|move 4
|
|move|p1a: Alakazam|Psychic|p2a: Lapdance
|-damage|p2a: Lapdance|218\/463 par
|-unboost|p2a: Lapdance|spd|1
|-unboost|p2a: Lapdance|spa|1
|move|p2a: Lapdance|Body Slam|p1a: Alakazam
|-damage|p1a: Alakazam|124\/313
|
|turn|4
|choice|move 3|move 4
|
|move|p1a: Alakazam|Recover|p1a: Alakazam
|-heal|p1a: Alakazam|280\/313
|move|p2a: Lapdance|Body Slam|p1a: Alakazam
|-damage|p1a: Alakazam|193\/313
|-status|p1a: Alakazam|par
|
|turn|5
|choice|move 1|move 4
|
|move|p1a: Alakazam|Psychic|p2a: Lapdance
|-damage|p2a: Lapdance|5\/463 par
|cant|p2a: Lapdance|par
|
|turn|6
|choice|move 3|switch 4
|
|switch|p2a: DeezNuts|Exeggutor|393\/393
|move|p1a: Alakazam|Recover|p1a: Alakazam
|-heal|p1a: Alakazam|313\/313 par
|
|turn|7
|choice|switch 2|move 4
|
|switch|p1a: Arcanine|Arcanine|383\/383
|move|p2a: DeezNuts|Psychic|p1a: Arcanine
|-damage|p1a: Arcanine|235\/383
|-unboost|p1a: Arcanine|spd|1
|-unboost|p1a: Arcanine|spa|1
|
|turn|8
|choice|move 1|move 1
|
|move|p1a: Arcanine|Fire Blast|p2a: DeezNuts
|-supereffective|p2a: DeezNuts
|-damage|p2a: DeezNuts|261\/393
|-status|p2a: DeezNuts|brn
|move|p2a: DeezNuts|Sleep Powder|p1a: Arcanine|[miss]
|-miss|p2a: DeezNuts
|-damage|p2a: DeezNuts|237\/393 brn|[from] brn|[of] p1a: Arcanine
|
|turn|9
|choice|move 2|move 1
|
|move|p1a: Arcanine|Body Slam|p2a: DeezNuts
|-damage|p2a: DeezNuts|157\/393 brn
|move|p2a: DeezNuts|Sleep Powder|p1a: Arcanine
|-status|p1a: Arcanine|slp
|-damage|p2a: DeezNuts|133\/393 brn|[from] brn|[of] p1a: Arcanine
|
|turn|10
|choice|switch 3|move 4
|
|switch|p1a: Zapdos|Zapdos|383\/383
|move|p2a: DeezNuts|Psychic|p1a: Zapdos
|-damage|p1a: Zapdos|274\/383
|-unboost|p1a: Zapdos|spd|1
|-unboost|p1a: Zapdos|spa|1
|-damage|p2a: DeezNuts|109\/393 brn|[from] brn|[of] p1a: Zapdos
|
|turn|11
|choice|move 2|move 4
|
|move|p1a: Zapdos|Drill Peck|p2a: DeezNuts
|-crit|p2a: DeezNuts
|-supereffective|p2a: DeezNuts
|-damage|p2a: DeezNuts|0 fnt
|faint|p2a: DeezNuts
|choice||switch 6
|
|switch|p2a: BeastMode|Rhydon|413\/413
|turn|12
|choice|switch 4|move 1
|
|switch|p1a: Gyarados|Gyarados|393\/393
|move|p2a: BeastMode|Earthquake|p1a: Gyarados
|-immune|p1a: Gyarados|[msg]
|
|turn|13
|choice|move 1|switch 5
|
|switch|p2a: Zapdoshoes|Zapdos|383\/383
|move|p1a: Gyarados|Surf|p2a: Zapdoshoes
|-damage|p2a: Zapdoshoes|288\/383
|
|turn|14
|choice|switch 5|move 2
|
|switch|p1a: Rhydon|Rhydon|413\/413
|move|p2a: Zapdoshoes|Thunder Wave|p1a: Rhydon
|-immune|p1a: Rhydon|[msg]
|
|turn|15
|choice|move 2|switch 4
|
|switch|p2a: Lapdance|Lapras|5\/463 par
|move|p1a: Rhydon|Rock Slide|p2a: Lapdance
|-supereffective|p2a: Lapdance
|-damage|p2a: Lapdance|0 fnt
|faint|p2a: Lapdance
|choice||switch 2
|
|switch|p2a: SmartAss|Alakazam|313\/313
|turn|16
|choice|move 1|move 3
|
|move|p2a: SmartAss|Reflect|p2a: SmartAss
|-start|p2a: SmartAss|Reflect
|move|p1a: Rhydon|Earthquake|p2a: SmartAss
|-damage|p2a: SmartAss|194\/313
|
|turn|17
|choice|move 1|move 2
|
|move|p2a: SmartAss|Psychic|p1a: Rhydon
|-damage|p1a: Rhydon|223\/413
|move|p1a: Rhydon|Earthquake|p2a: SmartAss
|-damage|p2a: SmartAss|80\/313
|
|turn|18
|choice|move 1|move 4
|
|move|p2a: SmartAss|Recover|p2a: SmartAss
|-heal|p2a: SmartAss|236\/313
|move|p1a: Rhydon|Earthquake|p2a: SmartAss
|-damage|p2a: SmartAss|122\/313
|
|turn|19
|choice|switch 6|move 4
|
|switch|p1a: Snorlax|Snorlax|523\/523
|move|p2a: SmartAss|Recover|p2a: SmartAss
|-heal|p2a: SmartAss|278\/313
|
|turn|20
|choice|move 1|move 1
|
|move|p2a: SmartAss|Thunder Wave|p1a: Snorlax
|-status|p1a: Snorlax|par
|move|p1a: Snorlax|Body Slam|p2a: SmartAss
|-damage|p2a: SmartAss|188\/313
|
|turn|21
|choice|move 1|move 2
|
|move|p2a: SmartAss|Psychic|p1a: Snorlax
|-crit|p1a: Snorlax
|-damage|p1a: Snorlax|179\/523 par
|move|p1a: Snorlax|Body Slam|p2a: SmartAss
|-damage|p2a: SmartAss|99\/313
|
|turn|22
|choice|move 4|move 4
|
|move|p2a: SmartAss|Recover|p2a: SmartAss
|-heal|p2a: SmartAss|255\/313
|cant|p1a: Snorlax|par
|
|turn|23
|choice|move 4|move 2
|
|move|p2a: SmartAss|Psychic|p1a: Snorlax
|-damage|p1a: Snorlax|20\/523 par
|-unboost|p1a: Snorlax|spd|1
|-unboost|p1a: Snorlax|spa|1
|move|p1a: Snorlax|Self-Destruct|p2a: SmartAss
|-damage|p2a: SmartAss|0 fnt
|faint|p2a: SmartAss
|faint|p1a: Snorlax
|choice|switch 3|switch 3
|
|switch|p2a: RedBull|Tauros|353\/353
|switch|p1a: Arcanine|Arcanine|235\/383 slp
|turn|24
|choice|switch 6|move 1
|
|switch|p1a: Rhydon|Rhydon|223\/413
|move|p2a: RedBull|Body Slam|p1a: Rhydon
|-resisted|p1a: Rhydon
|-damage|p1a: Rhydon|178\/413
|-status|p1a: Rhydon|par
|
|turn|25
|choice|move 1|move 4
|
|move|p2a: RedBull|Blizzard|p1a: Rhydon
|-supereffective|p1a: Rhydon
|-damage|p1a: Rhydon|0 fnt
|faint|p1a: Rhydon
|choice|switch 5|
|
|switch|p1a: Gyarados|Gyarados|393\/393
|turn|26
|choice|move 1|move 1
|
|move|p2a: RedBull|Body Slam|p1a: Gyarados
|-damage|p1a: Gyarados|273\/393
|move|p1a: Gyarados|Surf|p2a: RedBull
|-damage|p2a: RedBull|204\/353
|
|turn|27
|choice|move 1|switch 4
|
|switch|p2a: Zapdoshoes|Zapdos|288\/383
|move|p1a: Gyarados|Surf|p2a: Zapdoshoes
|-damage|p2a: Zapdoshoes|192\/383
|
|turn|28
|choice|move 4|move 4
|
|move|p2a: Zapdoshoes|Agility|p2a: Zapdoshoes
|-boost|p2a: Zapdoshoes|spe|2
|move|p1a: Gyarados|Ice Beam|p2a: Zapdoshoes
|-supereffective|p2a: Zapdoshoes
|-damage|p2a: Zapdoshoes|61\/383
|
|turn|29
|choice|switch 4|move 3
|
|switch|p1a: Zapdos|Zapdos|274\/383
|move|p2a: Zapdoshoes|Thunderbolt|p1a: Zapdos
|-damage|p1a: Zapdos|168\/383
|
|turn|30
|choice|move 1|move 2
|
|move|p2a: Zapdoshoes|Thunder Wave|p1a: Zapdos
|-status|p1a: Zapdos|par
|move|p1a: Zapdos|Thunderbolt|p2a: Zapdoshoes
|-crit|p2a: Zapdoshoes
|-damage|p2a: Zapdoshoes|0 fnt
|faint|p2a: Zapdoshoes
|choice||switch 5
|
|switch|p2a: BeastMode|Rhydon|413\/413
|turn|31
|choice|switch 4|move 4
|
|switch|p1a: Gyarados|Gyarados|273\/393
|move|p2a: BeastMode|Substitute|p2a: BeastMode
|-start|p2a: BeastMode|Substitute
|-damage|p2a: BeastMode|310\/413
|
|turn|32
|choice|move 1|move 2
|
|move|p1a: Gyarados|Surf|p2a: BeastMode
|-supereffective|p2a: BeastMode
|-end|p2a: BeastMode|Substitute
|move|p2a: BeastMode|Rock Slide|p1a: Gyarados
|-supereffective|p1a: Gyarados
|-damage|p1a: Gyarados|18\/393
|
|turn|33
|choice|move 1|switch 4
|
|switch|p2a: RedBull|Tauros|204\/353
|move|p1a: Gyarados|Surf|p2a: RedBull
|-damage|p2a: RedBull|62\/353
|
|turn|34
|choice|move 1|move 1
|
|move|p2a: RedBull|Body Slam|p1a: Gyarados
|-damage|p1a: Gyarados|0 fnt
|faint|p1a: Gyarados
|choice|switch 2|
|
|switch|p1a: Alakazam|Alakazam|313\/313 par
|turn|35
|choice|move 1|move 3
|
|move|p2a: RedBull|Hyper Beam|p1a: Alakazam
|-crit|p1a: Alakazam
|-damage|p1a: Alakazam|0 fnt
|faint|p1a: Alakazam
|choice|switch 4|
|
|switch|p1a: Zapdos|Zapdos|168\/383 par
|turn|36
|choice|move 1|move 3
|
|move|p2a: RedBull|Hyper Beam|p1a: Zapdos
|-crit|p1a: Zapdos
|-damage|p1a: Zapdos|0 fnt
|faint|p1a: Zapdos
|choice|switch 6|
|
|switch|p1a: Arcanine|Arcanine|235\/383 slp
|turn|37
|choice|move 1|move 2
|
|move|p2a: RedBull|Earthquake|p1a: Arcanine
|-supereffective|p1a: Arcanine
|-damage|p1a: Arcanine|43\/383 slp
|cant|p1a: Arcanine|slp
|
|turn|38
|choice|move 2|move 3
|
|move|p2a: RedBull|Hyper Beam|p1a: Arcanine
|-damage|p1a: Arcanine|0 fnt
|faint|p1a: Arcanine
|
|win|sindragnlord
|raw|BrandonJ5678's rating: 1067 &rarr; <strong>1051<\/strong><br \/>(-16 for losing)
|raw|sindragnlord's rating: 1150 &rarr; <strong>1169<\/strong><br \/>(+19 for winning)