|join|andrewandres
|join|Isael50
|player|p1|andrewandres|3
|player|p2|Isael50|264
|gametype|singles
|gen|1
|tier|[Gen 1] Random Battle
|rated
|rule|Sleep Clause Mod: Limit one foe put to sleep
|rule|Freeze Clause Mod: Limit one foe frozen
|rule|HP Percentage Mod: HP is shown in percentages
|
|start
|switch|p1a: Magikarp|Magikarp, L99|240\/240
|switch|p2a: Zapdos|Zapdos, L79|304\/304
|turn|1
|
|switch|p1a: Golem|Golem, L79|288\/288
|move|p2a: Zapdos|Thunderbolt|p1a: Golem
|-immune|p1a: Golem|[msg]
|
|turn|2
|
|switch|p2a: Krabby|Krabby, L96|252\/252
|move|p1a: Golem|Explosion|p2a: Krabby
|-damage|p2a: Krabby|57\/252
|faint|p1a: Golem
|
|switch|p1a: Alakazam|Alakazam, L79|249\/249
|turn|3
|
|switch|p2a: Chansey|Chansey, L79|557\/557
|move|p1a: Alakazam|Psychic|p2a: Chansey
|-damage|p2a: Chansey|458\/557
|
|turn|4
|
|switch|p1a: Snorlax|Snorlax, L79|415\/415
|move|p2a: Chansey|Thunder Wave|p1a: Snorlax
|-status|p1a: Snorlax|par
|
|turn|5
|
|switch|p2a: Venusaur|Venusaur, L85|310\/310
|move|p1a: Snorlax|Amnesia|p1a: Snorlax
|-boost|p1a: Snorlax|spd|2
|-boost|p1a: Snorlax|spa|2
|
|turn|6
|
|move|p2a: Venusaur|Swords Dance|p2a: Venusaur
|-boost|p2a: Venusaur|atk|2
|move|p1a: Snorlax|Blizzard|p2a: Venusaur
|-supereffective|p2a: Venusaur
|-damage|p2a: Venusaur|106\/310
|
|turn|7
|
|move|p2a: Venusaur|Body Slam|p1a: Snorlax
|-damage|p1a: Snorlax|283\/415 par
|cant|p1a: Snorlax|par
|
|turn|8
|
|move|p2a: Venusaur|Body Slam|p1a: Snorlax
|-crit|p1a: Snorlax
|-damage|p1a: Snorlax|144\/415 par
|cant|p1a: Snorlax|par
|
|turn|9
|c|★andrewandres|my god..
|
|move|p2a: Venusaur|Body Slam|p1a: Snorlax
|-damage|p1a: Snorlax|0 fnt
|faint|p1a: Snorlax
|
|switch|p1a: Alakazam|Alakazam, L79|249\/249
|turn|10
|
|switch|p2a: Chansey|Chansey, L79|458\/557
|move|p1a: Alakazam|Psychic|p2a: Chansey
|-damage|p2a: Chansey|356\/557
|
|turn|11
|
|switch|p1a: Exeggutor|Exeggutor, L79|312\/312
|move|p2a: Chansey|Thunder Wave|p1a: Exeggutor
|-status|p1a: Exeggutor|par
|
|turn|12
|
|switch|p2a: Krabby|Krabby, L96|57\/252
|cant|p1a: Exeggutor|par
|
|turn|13
|
|move|p2a: Krabby|Blizzard|p1a: Exeggutor
|-supereffective|p1a: Exeggutor
|-damage|p1a: Exeggutor|217\/312 par
|move|p1a: Exeggutor|Egg Bomb|p2a: Krabby|[miss]
|-miss|p1a: Exeggutor
|
|turn|14
|c|★andrewandres|stupid lucker
|c|★Isael50|hahahaha
|
|move|p2a: Krabby|Blizzard|p1a: Exeggutor
|-supereffective|p1a: Exeggutor
|-damage|p1a: Exeggutor|118\/312 par
|move|p1a: Exeggutor|Hyper Beam|p2a: Krabby
|-damage|p2a: Krabby|0 fnt
|faint|p2a: Krabby
|
|switch|p2a: Zapdos|Zapdos, L79|304\/304
|turn|15
|
|move|p2a: Zapdos|Drill Peck|p1a: Exeggutor
|-supereffective|p1a: Exeggutor
|-damage|p1a: Exeggutor|0 fnt
|faint|p1a: Exeggutor
|
|switch|p1a: Lapras|Lapras, L79|367\/367
|turn|16
|
|move|p2a: Zapdos|Thunder Wave|p1a: Lapras
|-status|p1a: Lapras|par
|move|p1a: Lapras|Blizzard|p2a: Zapdos
|-supereffective|p2a: Zapdos
|-damage|p2a: Zapdos|103\/304
|
|turn|17
|
|move|p2a: Zapdos|Thunderbolt|p1a: Lapras
|-crit|p1a: Lapras
|-supereffective|p1a: Lapras
|-damage|p1a: Lapras|0 fnt
|faint|p1a: Lapras
|
|switch|p1a: Alakazam|Alakazam, L79|249\/249
|turn|18
|
|switch|p2a: Chansey|Chansey, L79|356\/557
|move|p1a: Alakazam|Psychic|p2a: Chansey
|-damage|p2a: Chansey|257\/557
|
|turn|19
|
|move|p1a: Alakazam|Psychic|p2a: Chansey
|-damage|p2a: Chansey|162\/557
|move|p2a: Chansey|Soft-Boiled|p2a: Chansey
|-heal|p2a: Chansey|440\/557
|
|turn|20
|
|move|p1a: Alakazam|Thunder Wave|p2a: Chansey
|-status|p2a: Chansey|par
|move|p2a: Chansey|Thunder Wave|p1a: Alakazam
|-status|p1a: Alakazam|par
|
|turn|21
|-message|andrewandres forfeited.
|leave|andrewandres
|
|win|Isael50
|raw|Ladder updating...
|player|p1
|c|★Isael50|lol