|j|Charging Charles
|j|Agarest
|player|p1|Charging Charles|43
|player|p2|Agarest|161
|gametype|singles
|gen|1
|tier|[Gen 1] Random Battle
|rated
|seed|3211,31491,45245,49421
|rule|Sleep Clause Mod: Limit one foe put to sleep
|rule|Freeze Clause Mod: Limit one foe frozen
|rule|HP Percentage Mod: HP is shown in percentages
|
|start
|switch|p1a: Golduck|Golduck, L85|310\/310
|switch|p2a: Tentacruel|Tentacruel, L85|310\/310
|turn|1
|choice|move 1|switch 2
|
|switch|p2a: Gastly|Gastly, L96|252\/252
|move|p1a: Golduck|Amnesia|p1a: Golduck
|-boost|p1a: Golduck|spd|2
|-boost|p1a: Golduck|spa|2
|
|turn|2
|choice|move 4|move 1
|
|move|p2a: Gastly|Hypnosis|p1a: Golduck
|-status|p1a: Golduck|slp
|cant|p1a: Golduck|slp
|
|turn|3
|choice|switch 3|switch 5
|
|switch|p2a: Persian|Persian, L79|265\/265
|switch|p1a: Lickitung|Lickitung, L90|345\/345
|
|turn|4
|choice|move 2|move 1
|
|move|p2a: Persian|Slash|p1a: Lickitung
|-crit|p1a: Lickitung
|-damage|p1a: Lickitung|238\/345
|move|p1a: Lickitung|Body Slam|p2a: Persian
|-damage|p2a: Persian|163\/265
|
|turn|5
|choice|move 2|switch 5
|
|switch|p2a: Gastly|Gastly, L96|252\/252
|move|p1a: Lickitung|Body Slam|p2a: Gastly
|-immune|p2a: Gastly|[msg]
|
|turn|6
|choice|move 3|move 2
|
|move|p2a: Gastly|Confuse Ray|p1a: Lickitung
|-start|p1a: Lickitung|confusion
|-activate|p1a: Lickitung|confusion
|move|p1a: Lickitung|Earthquake|p2a: Gastly
|-supereffective|p2a: Gastly
|-damage|p2a: Gastly|85\/252
|
|turn|7
|choice|move 3|move 4
|
|move|p2a: Gastly|Psychic|p1a: Lickitung
|-damage|p1a: Lickitung|141\/345
|-activate|p1a: Lickitung|confusion
|move|p1a: Lickitung|Earthquake|p2a: Gastly
|-supereffective|p2a: Gastly
|-damage|p2a: Gastly|0 fnt
|faint|p2a: Gastly
|choice||switch 6
|
|switch|p2a: Alakazam|Alakazam, L79|249\/249
|turn|8
|j|bullettooth tony
|choice|move 1|move 1
|
|move|p2a: Alakazam|Psychic|p1a: Lickitung
|-crit|p1a: Lickitung
|-damage|p1a: Lickitung|0 fnt
|faint|p1a: Lickitung
|c|★Charging Charles|tony y
|c|★Charging Charles|is this some crew or something
|choice|switch 5|
|
|switch|p1a: Jynx|Jynx, L79|265\/265
|turn|9
|c| bullettooth tony|nah man. just feel like watching. this is rimus
|choice|move 4|move 2
|
|move|p2a: Alakazam|Seismic Toss|p1a: Jynx
|-damage|p1a: Jynx|186\/265
|move|p1a: Jynx|Lovely Kiss|p2a: Alakazam
|-status|p2a: Alakazam|slp
|
|turn|10
|choice|move 1|switch 2
|
|switch|p2a: Tentacruel|Tentacruel, L85|310\/310
|move|p1a: Jynx|Psychic|p2a: Tentacruel
|-supereffective|p2a: Tentacruel
|-damage|p2a: Tentacruel|178\/310
|
|turn|11
|c|★Charging Charles|what a call
|c| bullettooth tony|but daddys milk\/conman033 is my roommate
|c|★Charging Charles|oh conman
|c|★Charging Charles|he and milk are same person?
|choice|move 1|move 1
|
|move|p2a: Tentacruel|Hydro Pump|p1a: Jynx
|-damage|p1a: Jynx|32\/265
|move|p1a: Jynx|Psychic|p2a: Tentacruel
|-crit|p2a: Tentacruel
|-supereffective|p2a: Tentacruel
|-damage|p2a: Tentacruel|0 fnt
|faint|p2a: Tentacruel
|c| bullettooth tony|yeah
|choice||switch 5
|
|switch|p2a: Persian|Persian, L79|163\/265
|turn|12
|c|★Charging Charles|conman talks all the time. milk never says a thing :(
|choice|move 2|move 4
|
|move|p2a: Persian|Body Slam|p1a: Jynx
|-crit|p1a: Jynx
|-damage|p1a: Jynx|0 fnt
|faint|p1a: Jynx
|choice|switch 2|
|
|switch|p1a: Poliwag|Poliwag, L96|272\/272
|turn|13
|choice|move 3|move 1
|
|move|p1a: Poliwag|Surf|p2a: Persian
|-crit|p2a: Persian
|-damage|p2a: Persian|0 fnt
|faint|p2a: Persian
|choice||switch 4
|
|switch|p2a: Jolteon|Jolteon, L79|265\/265
|turn|14
|choice|switch 6|move 1
|
|switch|p1a: Venomoth|Venomoth, L85|293\/293
|move|p2a: Jolteon|Thunderbolt|p1a: Venomoth
|-crit|p1a: Venomoth
|-damage|p1a: Venomoth|121\/293
|
|turn|15
|choice|move 4|move 1
|
|move|p2a: Jolteon|Thunderbolt|p1a: Venomoth
|-damage|p1a: Venomoth|20\/293
|move|p1a: Venomoth|Stun Spore|p2a: Jolteon|[miss]
|-miss|p1a: Venomoth
|
|turn|16
|c|★Charging Charles|SHIT
|c|★Charging Charles|he wins now
|choice|move 4|move 1
|
|move|p2a: Jolteon|Thunderbolt|p1a: Venomoth
|-damage|p1a: Venomoth|0 fnt
|faint|p1a: Venomoth
|choice|switch 4|
|
|switch|p1a: Flareon|Flareon, L90|300\/300
|turn|17
|choice|move 4|switch 3
|
|switch|p2a: Aerodactyl|Aerodactyl, L90|327\/327
|move|p1a: Flareon|Body Slam|p2a: Aerodactyl
|-resisted|p2a: Aerodactyl
|-damage|p2a: Aerodactyl|278\/327
|-status|p2a: Aerodactyl|par
|
|turn|18
|choice|switch 6|move 4
|
|switch|p1a: Poliwag|Poliwag, L96|272\/272
|move|p2a: Aerodactyl|Double-Edge|p1a: Poliwag
|-damage|p1a: Poliwag|148\/272
|-damage|p2a: Aerodactyl|247\/327 par|[from] recoil|[of] p1a: Poliwag
|
|turn|19
|choice|move 1|switch 3
|
|switch|p2a: Jolteon|Jolteon, L79|265\/265
|move|p1a: Poliwag|Amnesia|p1a: Poliwag
|-boost|p1a: Poliwag|spd|2
|-boost|p1a: Poliwag|spa|2
|
|turn|20
|choice|move 3|move 1
|
|move|p2a: Jolteon|Thunderbolt|p1a: Poliwag
|-crit|p1a: Poliwag
|-supereffective|p1a: Poliwag
|-damage|p1a: Poliwag|0 fnt
|faint|p1a: Poliwag
|c|★Charging Charles|damn crits
|choice|switch 6|
|
|switch|p1a: Flareon|Flareon, L90|300\/300
|turn|21
|choice|move 1|switch 3
|
|switch|p2a: Aerodactyl|Aerodactyl, L90|247\/327 par
|move|p1a: Flareon|Fire Blast|p2a: Aerodactyl|[miss]
|-miss|p1a: Flareon
|
|turn|22
|choice|move 1|move 4
|
|move|p1a: Flareon|Fire Blast|p2a: Aerodactyl|[miss]
|-miss|p1a: Flareon
|cant|p2a: Aerodactyl|par
|
|turn|23
|c|★Charging Charles|oh cmon now
|choice|move 1|move 4
|
|move|p1a: Flareon|Fire Blast|p2a: Aerodactyl
|-crit|p2a: Aerodactyl
|-resisted|p2a: Aerodactyl
|-damage|p2a: Aerodactyl|74\/327 par
|move|p2a: Aerodactyl|Double-Edge|p1a: Flareon
|-damage|p1a: Flareon|194\/300
|-damage|p2a: Aerodactyl|48\/327 par|[from] recoil|[of] p1a: Flareon
|
|turn|24
|choice|move 1|move 4
|
|move|p1a: Flareon|Fire Blast|p2a: Aerodactyl
|-resisted|p2a: Aerodactyl
|-damage|p2a: Aerodactyl|0 fnt
|faint|p2a: Aerodactyl
|choice||switch 3
|
|switch|p2a: Jolteon|Jolteon, L79|265\/265
|turn|25
|choice|move 4|move 1
|
|move|p2a: Jolteon|Thunderbolt|p1a: Flareon
|-damage|p1a: Flareon|120\/300
|move|p1a: Flareon|Body Slam|p2a: Jolteon
|-damage|p2a: Jolteon|144\/265
|
|turn|26
|choice|move 2|move 1
|
|move|p2a: Jolteon|Thunderbolt|p1a: Flareon
|-damage|p1a: Flareon|37\/300
|-status|p1a: Flareon|par
|cant|p1a: Flareon|par
|
|turn|27
|c|★Charging Charles|dude
|c|★Charging Charles|was gonna hyper beam and win
|choice|move 4|move 1
|
|move|p2a: Jolteon|Thunderbolt|p1a: Flareon
|-crit|p1a: Flareon
|-damage|p1a: Flareon|0 fnt
|faint|p1a: Flareon
|c|★Charging Charles|this sucks
|-message|Charging Charles forfeited.
|
|win|Agarest
|player|p1
|player|p2
|l|Charging Charles
|raw|Charging Charles's rating: 1452 &rarr; <strong>1426<\/strong><br \/>(-26 for losing)
|raw|Agarest's rating: 1347 &rarr; <strong>1373<\/strong><br \/>(+26 for winning)
|l|bullettooth tony
|c|★Agarest|lol
|c|★Agarest|what a loser. "