|join|kid gf lol
|join|MyGameSN87
|player|p1|kid gf lol|114
|player|p2|MyGameSN87|15
|gametype|singles
|gen|1
|tier|[Gen 1] Random Battle
|rated
|rule|Sleep Clause Mod: Limit one foe put to sleep
|rule|Freeze Clause Mod: Limit one foe frozen
|rule|HP Percentage Mod: HP is shown in percentages
|
|start
|switch|p1a: Ninetales|Ninetales, L86|301\/301
|switch|p2a: Farfetch'd|Farfetch'd, L95|292\/292
|turn|1
|
|move|p1a: Ninetales|Fire Blast|p2a: Farfetch'd
|-damage|p2a: Farfetch'd|149\/292
|-status|p2a: Farfetch'd|brn
|move|p2a: Farfetch'd|Toxic|p1a: Ninetales
|-status|p1a: Ninetales|tox
|-damage|p2a: Farfetch'd|131\/292 brn|[from] brn|[of] p1a: Ninetales
|
|turn|2
|c|★kid gf lol|owned haerdcore
|
|move|p1a: Ninetales|Fire Blast|p2a: Farfetch'd
|-damage|p2a: Farfetch'd|0 fnt
|faint|p2a: Farfetch'd
|
|switch|p2a: Omastar|Omastar, L86|296\/296
|turn|3
|
|switch|p1a: Venusaur|Venusaur, L86|313\/313
|move|p2a: Omastar|Surf|p1a: Venusaur
|-resisted|p1a: Venusaur
|-damage|p1a: Venusaur|257\/313
|
|turn|4
|c|★kid gf lol|hardcore pooned
|c|★kid gf lol|pwned
|
|switch|p2a: Pinsir|Pinsir, L86|287\/287
|move|p1a: Venusaur|Razor Leaf|p2a: Pinsir
|-crit|p2a: Pinsir
|-resisted|p2a: Pinsir
|-damage|p2a: Pinsir|214\/287
|
|turn|5
|c|★kid gf lol|ownage maximum
|
|move|p2a: Pinsir|Swords Dance|p2a: Pinsir
|-boost|p2a: Pinsir|atk|2
|move|p1a: Venusaur|Sleep Powder|p2a: Pinsir
|-status|p2a: Pinsir|slp
|
|turn|6
|
|switch|p1a: Ninetales|Ninetales, L86|301\/301 tox
|-status|p1a: Ninetales|psn
|-damage|p1a: Ninetales|283\/301 psn|[from] psn
|cant|p2a: Pinsir|slp
|-curestatus|p2a: Pinsir|slp
|
|turn|7
|c|★kid gf lol|owbned!!!!
|c|★kid gf lol|opwjend
|c|★kid gf lol|owned
|
|move|p1a: Ninetales|Fire Blast|p2a: Pinsir
|-supereffective|p2a: Pinsir
|-damage|p2a: Pinsir|0 fnt
|faint|p2a: Pinsir
|c|★kid gf lol|owned!Z21z232
|c|★kid gf lol|owned!!!
|
|switch|p2a: Starmie|Starmie, L82|266\/266
|turn|8
|c|★kid gf lol|owkejmnd!!!
|c|★kid gf lol|owmnedz!
|c|★kid gf lol|owned
|c|★kid gf lol|ff
|c|★kid gf lol|sff
|c|★kid gf lol|ffff
|
|switch|p1a: Slowbro|Slowbro, L82|324\/324
|move|p2a: Starmie|Surf|p1a: Slowbro
|-resisted|p1a: Slowbro
|-damage|p1a: Slowbro|268\/324
|
|turn|9
|
|move|p2a: Starmie|Thunder Wave|p1a: Slowbro
|-status|p1a: Slowbro|par
|cant|p1a: Slowbro|par
|
|turn|10
|c|★kid gf lol|owbed!!!!!!!!
|c|★kid gf lol|o2n3
|c|★kid gf lol|OWNED
|c|★kid gf lol|oenrd
|
|switch|p2a: Primeape|Primeape, L86|287\/287
|move|p1a: Slowbro|Thunder Wave|p2a: Primeape
|-status|p2a: Primeape|par
|
|turn|11
|c|★kid gf lol|ownwemd
|c|★kid gf lol|owned
|c|★kid gf lol|onwe
|c|★kid gf lol|owned
|c|★kid gf lol|owne mdsl
|c|★kid gf lol|owned
|c|★kid gf lol|owned
|
|cant|p2a: Primeape|par
|cant|p1a: Slowbro|par
|
|turn|12
|
|move|p2a: Primeape|Body Slam|p1a: Slowbro
|-crit|p1a: Slowbro
|-damage|p1a: Slowbro|161\/324 par
|move|p1a: Slowbro|Amnesia|p1a: Slowbro
|-boost|p1a: Slowbro|spd|2
|-boost|p1a: Slowbro|spa|2
|
|turn|13
|
|move|p2a: Primeape|Body Slam|p1a: Slowbro
|-damage|p1a: Slowbro|101\/324 par
|move|p1a: Slowbro|Rest|p1a: Slowbro
|-status|p1a: Slowbro|slp
|-heal|p1a: Slowbro|324\/324 slp|[silent]
|-status|p1a: Slowbro|slp|[from] move: Rest
|
|turn|14
|
|cant|p2a: Primeape|par
|cant|p1a: Slowbro|slp
|
|turn|15
|
|move|p2a: Primeape|Mega Kick|p1a: Slowbro
|-damage|p1a: Slowbro|241\/324 slp
|cant|p1a: Slowbro|slp
|-curestatus|p1a: Slowbro|slp
|
|turn|16
|
|move|p2a: Primeape|Body Slam|p1a: Slowbro
|-damage|p1a: Slowbro|184\/324
|move|p1a: Slowbro|Surf|p2a: Primeape
|-damage|p2a: Primeape|89\/287 par
|
|turn|17
|
|move|p2a: Primeape|Body Slam|p1a: Slowbro
|-damage|p1a: Slowbro|126\/324
|move|p1a: Slowbro|Surf|p2a: Primeape
|-damage|p2a: Primeape|0 fnt
|faint|p2a: Primeape
|
|switch|p2a: Starmie|Starmie, L82|266\/266
|turn|18
|
|move|p2a: Starmie|Thunder Wave|p1a: Slowbro
|-status|p1a: Slowbro|par
|move|p1a: Slowbro|Rest|p1a: Slowbro
|-status|p1a: Slowbro|slp
|-heal|p1a: Slowbro|324\/324 slp|[silent]
|-status|p1a: Slowbro|slp|[from] move: Rest
|
|turn|19
|
|move|p2a: Starmie|Blizzard|p1a: Slowbro|[miss]
|-miss|p2a: Starmie
|cant|p1a: Slowbro|slp
|
|turn|20
|c|★kid gf lol|either show your tbolt or prove you dont have it bro
|
|move|p2a: Starmie|Surf|p1a: Slowbro
|-resisted|p1a: Slowbro
|-damage|p1a: Slowbro|296\/324 slp
|cant|p1a: Slowbro|slp
|-curestatus|p1a: Slowbro|slp
|
|turn|21
|c|★kid gf lol|okay you dont, i win
|c|★kid gf lol|gg
|
|move|p2a: Starmie|Surf|p1a: Slowbro
|-resisted|p1a: Slowbro
|-damage|p1a: Slowbro|268\/324
|move|p1a: Slowbro|Thunder Wave|p2a: Starmie
|-status|p2a: Starmie|par
|
|turn|22
|
|move|p2a: Starmie|Surf|p1a: Slowbro
|-resisted|p1a: Slowbro
|-damage|p1a: Slowbro|243\/324
|move|p1a: Slowbro|Amnesia|p1a: Slowbro
|-boost|p1a: Slowbro|spd|2
|-boost|p1a: Slowbro|spa|2
|
|turn|23
|c|★MyGameSN87|trust me, if I had it, I'd have used it a long time ago
|c|★kid gf lol|ik
|
|move|p2a: Starmie|Surf|p1a: Slowbro
|-resisted|p1a: Slowbro
|-damage|p1a: Slowbro|227\/324
|move|p1a: Slowbro|Amnesia|p1a: Slowbro
|-boost|p1a: Slowbro|spd|2
|-boost|p1a: Slowbro|spa|2
|
|turn|24
|
|switch|p2a: Ditto|Ditto, L86|258\/258
|move|p1a: Slowbro|Surf|p2a: Ditto
|-crit|p2a: Ditto
|-damage|p2a: Ditto|41\/258
|
|turn|25
|
|move|p2a: Ditto|Transform|p1a: Slowbro
|-transform|p2a: Ditto|p1a: Slowbro
|move|p1a: Slowbro|Surf|p2a: Ditto
|-resisted|p2a: Ditto
|-damage|p2a: Ditto|0 fnt
|faint|p2a: Ditto
|
|switch|p2a: Omastar|Omastar, L86|296\/296
|turn|26
|
|move|p2a: Omastar|Mimic|p1a: Slowbro
|-start|p2a: Omastar|Mimic|Rest
|move|p1a: Slowbro|Surf|p2a: Omastar
|-damage|p2a: Omastar|41\/296
|
|turn|27
|
|move|p2a: Omastar|Rest|p2a: Omastar
|-fail|p2a: Omastar
|move|p1a: Slowbro|Surf|p2a: Omastar
|-damage|p2a: Omastar|0 fnt
|faint|p2a: Omastar
|c|★kid gf lol|um
|c|★kid gf lol|why did rest fail
|c|★kid gf lol|legit questio
|c|★kid gf lol|n
|c|★MyGameSN87|beats me
|c|★kid gf lol|reporting this
|c|★MyGameSN87|and I already had rest anyway, so mimic was wasted
|c|★kid gf lol|did you use the mimic rest
|c|★kid gf lol|or your real rest
|c|★MyGameSN87|the mimic one
|c|★MyGameSN87|maybe that's why
|c|★MyGameSN87|though it still seems buggy
|c|★kid gf lol|still it shouldn't do that
|c|★MyGameSN87|my last match, psychic missed without any changes in evasion or accuracy, that was weird too
|
|switch|p2a: Starmie|Starmie, L82|266\/266 par
|turn|28
|c|★kid gf lol|uh thats par of the course
|c|★MyGameSN87|even though it's 100% accuracy?
|c|★kid gf lol|rby all moves (with a few exceptions) have a 1\/256 of missing
|c|★MyGameSN87|oh
|c|★MyGameSN87|I never played gen 1
|c|★kid gf lol|or .4% vs 96.6
|c|★kid gf lol|99.6*
|c|★MyGameSN87|I see
|
|move|p2a: Starmie|Thunder Wave|p1a: Slowbro
|-status|p1a: Slowbro|par
|move|p1a: Slowbro|Surf|p2a: Starmie
|-resisted|p2a: Starmie
|-damage|p2a: Starmie|100\/266 par
|
|turn|29
|c|★MyGameSN87|so that was just super bad luck
|
|move|p2a: Starmie|Recover|p2a: Starmie
|-heal|p2a: Starmie|233\/266 par
|cant|p1a: Slowbro|par
|
|turn|30
|c|★kid gf lol|yes
|c|★MyGameSN87|much like my team in this match :P
|
|move|p2a: Starmie|Surf|p1a: Slowbro
|-crit|p1a: Slowbro
|-resisted|p1a: Slowbro
|-damage|p1a: Slowbro|130\/324 par
|move|p1a: Slowbro|Surf|p2a: Starmie
|-resisted|p2a: Starmie
|-damage|p2a: Starmie|67\/266 par
|
|turn|31
|
|move|p2a: Starmie|Recover|p2a: Starmie
|-heal|p2a: Starmie|200\/266 par
|cant|p1a: Slowbro|par
|
|turn|32
|
|move|p2a: Starmie|Surf|p1a: Slowbro
|-crit|p1a: Slowbro
|-resisted|p1a: Slowbro
|-damage|p1a: Slowbro|22\/324 par
|cant|p1a: Slowbro|par
|
|turn|33
|
|move|p2a: Starmie|Surf|p1a: Slowbro
|-resisted|p1a: Slowbro
|-damage|p1a: Slowbro|10\/324 par
|move|p1a: Slowbro|Rest|p1a: Slowbro
|-status|p1a: Slowbro|slp
|-heal|p1a: Slowbro|324\/324 slp|[silent]
|-status|p1a: Slowbro|slp|[from] move: Rest
|
|turn|34
|c|★MyGameSN87|argh
|
|move|p2a: Starmie|Surf|p1a: Slowbro
|-crit|p1a: Slowbro
|-resisted|p1a: Slowbro
|-damage|p1a: Slowbro|230\/324 slp
|cant|p1a: Slowbro|slp
|
|turn|35
|
|move|p2a: Starmie|Surf|p1a: Slowbro
|-resisted|p1a: Slowbro
|-damage|p1a: Slowbro|216\/324 slp
|cant|p1a: Slowbro|slp
|-curestatus|p1a: Slowbro|slp
|
|turn|36
|
|move|p2a: Starmie|Thunder Wave|p1a: Slowbro
|-status|p1a: Slowbro|par
|move|p1a: Slowbro|Surf|p2a: Starmie
|-resisted|p2a: Starmie
|-damage|p2a: Starmie|53\/266 par
|
|turn|37
|
|move|p2a: Starmie|Recover|p2a: Starmie
|-heal|p2a: Starmie|186\/266 par
|move|p1a: Slowbro|Surf|p2a: Starmie
|-resisted|p2a: Starmie
|-damage|p2a: Starmie|31\/266 par
|
|turn|38
|
|move|p2a: Starmie|Recover|p2a: Starmie
|-heal|p2a: Starmie|164\/266 par
|cant|p1a: Slowbro|par
|
|turn|39
|
|cant|p2a: Starmie|par
|cant|p1a: Slowbro|par
|
|turn|40
|
|move|p2a: Starmie|Recover|p2a: Starmie
|-heal|p2a: Starmie|266\/266 par
|cant|p1a: Slowbro|par
|
|turn|41
|
|move|p2a: Starmie|Surf|p1a: Slowbro
|-crit|p1a: Slowbro
|-resisted|p1a: Slowbro
|-damage|p1a: Slowbro|111\/324 par
|move|p1a: Slowbro|Surf|p2a: Starmie
|-resisted|p2a: Starmie
|-damage|p2a: Starmie|117\/266 par
|
|turn|42
|
|cant|p2a: Starmie|par
|move|p1a: Slowbro|Surf|p2a: Starmie
|-resisted|p2a: Starmie
|-damage|p2a: Starmie|0 fnt
|faint|p2a: Starmie
|
|win|kid gf lol
|raw|Ladder updating...
|raw|kid gf lol's rating: 1208 &rarr; <strong>1233<\/strong><br \/>(+25 for winning)
|raw|MyGameSN87's rating: 1207 &rarr; <strong>1182<\/strong><br \/>(-25 for losing)
|c|★MyGameSN87|gg
|c|★kid gf lol|gonna report turn 27 tho
|c|★kid gf lol|to joim