|join|Fluuh
|join|Hargnyque
|player|p1|Fluuh|200
|player|p2|Hargnyque|26
|gametype|singles
|gen|1
|tier|[Gen 1] OU
|rated
|rule|Sleep Clause Mod: Limit one foe put to sleep
|rule|Freeze Clause Mod: Limit one foe frozen
|rule|Species Clause: Limit one of each Pokémon
|rule|OHKO Clause: OHKO moves are banned
|rule|Evasion Moves Clause: Evasion moves are banned
|rule|HP Percentage Mod: HP is shown in percentages
|
|start
|switch|p1a: Sarzenia|Victreebel|363\/363
|switch|p2a: Jynx|Jynx|333\/333
|turn|1
|
|switch|p1a: Quappo|Poliwrath|383\/383
|move|p2a: Jynx|Lovely Kiss|p1a: Quappo
|-status|p1a: Quappo|slp
|
|turn|2
|
|switch|p1a: Chaneira|Chansey|703\/703
|move|p2a: Jynx|Psychic|p1a: Chaneira
|-crit|p1a: Chaneira
|-damage|p1a: Chaneira|514\/703
|-unboost|p1a: Chaneira|spd|1
|-unboost|p1a: Chaneira|spa|1
|
|turn|3
|
|switch|p2a: Chansey|Chansey|703\/703
|move|p1a: Chaneira|Light Screen|p1a: Chaneira
|-start|p1a: Chaneira|Light Screen
|
|turn|4
|
|move|p2a: Chansey|Ice Beam|p1a: Chaneira
|-damage|p1a: Chaneira|456\/703
|move|p1a: Chaneira|Toxic|p2a: Chansey|[miss]
|-miss|p1a: Chaneira
|
|turn|5
|
|move|p1a: Chaneira|Toxic|p2a: Chansey
|-status|p2a: Chansey|tox
|move|p2a: Chansey|Ice Beam|p1a: Chaneira
|-damage|p1a: Chaneira|401\/703
|-status|p1a: Chaneira|frz
|-damage|p2a: Chansey|660\/703 tox|[from] tox|[of] p1a: Chaneira
|
|turn|6
|
|switch|p2a: Jynx|Jynx|333\/333
|cant|p1a: Chaneira|frz
|
|turn|7
|
|switch|p2a: Snorlax|Snorlax|523\/523
|cant|p1a: Chaneira|frz
|
|turn|8
|
|cant|p1a: Chaneira|frz
|move|p2a: Snorlax|Amnesia|p2a: Snorlax
|-boost|p2a: Snorlax|spd|2
|-boost|p2a: Snorlax|spa|2
|
|turn|9
|
|cant|p1a: Chaneira|frz
|move|p2a: Snorlax|Amnesia|p2a: Snorlax
|-boost|p2a: Snorlax|spd|2
|-boost|p2a: Snorlax|spa|2
|
|turn|10
|
|switch|p1a: Sarzenia|Victreebel|363\/363
|move|p2a: Snorlax|Amnesia|p2a: Snorlax
|-boost|p2a: Snorlax|spd|2
|-boost|p2a: Snorlax|spa|2
|
|turn|11
|
|move|p1a: Sarzenia|Toxic|p2a: Snorlax
|-status|p2a: Snorlax|tox
|move|p2a: Snorlax|Ice Beam|p1a: Sarzenia
|-supereffective|p1a: Sarzenia
|-damage|p1a: Sarzenia|0 fnt
|faint|p1a: Sarzenia
|
|switch|p1a: Quappo|Poliwrath|383\/383 slp
|turn|12
|
|cant|p1a: Quappo|slp
|move|p2a: Snorlax|Thunderbolt|p1a: Quappo
|-supereffective|p1a: Quappo
|-damage|p1a: Quappo|0 fnt
|faint|p1a: Quappo
|
|switch|p1a: Geowaz|Golem|363\/363
|turn|13
|
|move|p1a: Geowaz|Earthquake|p2a: Snorlax
|-crit|p2a: Snorlax
|-damage|p2a: Snorlax|250\/523 tox
|move|p2a: Snorlax|Ice Beam|p1a: Geowaz
|-supereffective|p1a: Geowaz
|-damage|p1a: Geowaz|0 fnt
|faint|p1a: Geowaz
|
|switch|p1a: Tauros|Tauros|353\/353
|turn|14
|
|move|p1a: Tauros|Earthquake|p2a: Snorlax
|-crit|p2a: Snorlax
|-damage|p2a: Snorlax|44\/523 tox
|move|p2a: Snorlax|Ice Beam|p1a: Tauros
|-damage|p1a: Tauros|68\/353
|-message|Freeze Clause activated.
|-damage|p2a: Snorlax|12\/523 tox|[from] tox|[of] p1a: Tauros
|
|turn|15
|
|move|p1a: Tauros|Earthquake|p2a: Snorlax
|-crit|p2a: Snorlax
|-damage|p2a: Snorlax|0 fnt
|faint|p2a: Snorlax
|
|switch|p2a: Starmie|Starmie|323\/323
|turn|16
|
|move|p2a: Starmie|Psychic|p1a: Tauros
|-damage|p1a: Tauros|0 fnt
|faint|p1a: Tauros
|
|switch|p1a: Blitza|Jolteon|333\/333
|turn|17
|
|switch|p2a: Chansey|Chansey|660\/703 tox
|-status|p2a: Chansey|psn
|-damage|p2a: Chansey|617\/703 psn|[from] psn
|move|p1a: Blitza|Thunderbolt|p2a: Chansey
|-damage|p2a: Chansey|508\/703 psn
|
|turn|18
|
|switch|p1a: Chaneira|Chansey|401\/703 frz
|move|p2a: Chansey|Thunder Wave|p1a: Chaneira|[miss]
|-miss|p2a: Chansey
|-damage|p2a: Chansey|465\/703 psn|[from] psn|[of] p1a: Chaneira
|
|turn|19
|
|move|p2a: Chansey|Soft-Boiled|p2a: Chansey
|-heal|p2a: Chansey|703\/703 psn
|-damage|p2a: Chansey|660\/703 psn|[from] psn
|cant|p1a: Chaneira|frz
|
|turn|20
|
|switch|p2a: Tauros|Tauros|353\/353
|cant|p1a: Chaneira|frz
|
|turn|21
|
|move|p2a: Tauros|Body Slam|p1a: Chaneira
|-damage|p1a: Chaneira|109\/703 frz
|cant|p1a: Chaneira|frz
|
|turn|22
|
|move|p2a: Tauros|Earthquake|p1a: Chaneira
|-crit|p1a: Chaneira
|-damage|p1a: Chaneira|0 fnt
|faint|p1a: Chaneira
|
|switch|p1a: Blitza|Jolteon|333\/333
|turn|23
|
|move|p1a: Blitza|Thunder Wave|p2a: Tauros
|-status|p2a: Tauros|par
|move|p2a: Tauros|Earthquake|p1a: Blitza
|-crit|p1a: Blitza
|-supereffective|p1a: Blitza
|-damage|p1a: Blitza|0 fnt
|faint|p1a: Blitza
|
|win|Hargnyque
|raw|Fluuh's rating: 1000 &rarr; <strong>1000<\/strong><br \/>(+0 for losing)
|raw|Hargnyque's rating: 1188 &rarr; <strong>1201<\/strong><br \/>(+13 for winning)