|join|kid gf lol
|join|Rocknlol
|player|p1|kid gf lol|167
|player|p2|Rocknlol|121
|gametype|singles
|gen|1
|tier|[Gen 1] OU (beta)
|rated
|rule|Sleep Clause Mod: Limit one foe put to sleep
|rule|Species Clause: Limit one of each Pokemon
|rule|OHKO Clause: OHKO moves are banned
|rule|Moody Clause: Moody is banned
|rule|Evasion Moves Clause: Evasion moves are banned
|rule|Endless Battle Clause: Forcing endless battles is banned.
|rule|HP Percentage Mod: HP is reported as percentages
|
|start
|switch|p1a: Zam Lead|Alakazam|313\/313
|switch|p2a: Alakazam|Alakazam|313\/313
|turn|1
|
|switch|p1a: Result of Incest|Exeggutor|393\/393
|move|p2a: Alakazam|Thunder Wave|p1a: Result of Incest
|-status|p1a: Result of Incest|par
|
|turn|2
|
|move|p2a: Alakazam|Seismic Toss|p1a: Result of Incest
|-damage|p1a: Result of Incest|293\/393 par
|move|p1a: Result of Incest|Sleep Powder|p2a: Alakazam
|-status|p2a: Alakazam|slp
|
|turn|3
|
|switch|p2a: Chansey|Chansey|703\/703
|switch|p1a: Big Boned|Snorlax|523\/523
|
|turn|4
|
|move|p2a: Chansey|Thunder Wave|p1a: Big Boned
|-status|p1a: Big Boned|par
|move|p1a: Big Boned|Amnesia|p1a: Big Boned
|-boost|p1a: Big Boned|spd|2
|-boost|p1a: Big Boned|spa|2
|
|turn|5
|
|switch|p2a: Golem|Golem|363\/363
|move|p1a: Big Boned|Reflect|p1a: Big Boned
|
|turn|6
|
|move|p2a: Golem|Earthquake|p1a: Big Boned
|-damage|p1a: Big Boned|439\/523 par
|cant|p1a: Big Boned|par
|
|turn|7
|
|move|p2a: Golem|Earthquake|p1a: Big Boned
|-damage|p1a: Big Boned|362\/523 par
|move|p1a: Big Boned|Body Slam|p2a: Golem
|-resisted|p2a: Golem
|-damage|p2a: Golem|317\/363
|
|turn|8
|
|move|p2a: Golem|Earthquake|p1a: Big Boned
|-damage|p1a: Big Boned|273\/523 par
|move|p1a: Big Boned|Body Slam|p2a: Golem
|-resisted|p2a: Golem
|-damage|p2a: Golem|272\/363
|
|turn|9
|
|move|p2a: Golem|Earthquake|p1a: Big Boned
|-damage|p1a: Big Boned|190\/523 par
|cant|p1a: Big Boned|par
|
|turn|10
|
|move|p2a: Golem|Rock Slide|p1a: Big Boned
|-damage|p1a: Big Boned|126\/523 par
|move|p1a: Big Boned|Rest|p1a: Big Boned
|-status|p1a: Big Boned|slp
|-heal|p1a: Big Boned|523\/523 slp|[silent]
|-status|p1a: Big Boned|slp|[from] move: Rest
|
|turn|11
|
|move|p2a: Golem|Earthquake|p1a: Big Boned
|-damage|p1a: Big Boned|443\/523 slp
|cant|p1a: Big Boned|slp
|
|turn|12
|
|move|p2a: Golem|Earthquake|p1a: Big Boned
|-damage|p1a: Big Boned|355\/523 slp
|cant|p1a: Big Boned|slp
|-curestatus|p1a: Big Boned|slp
|
|turn|13
|
|move|p2a: Golem|Earthquake|p1a: Big Boned
|-damage|p1a: Big Boned|277\/523
|move|p1a: Big Boned|Body Slam|p2a: Golem
|-crit|p2a: Golem
|-resisted|p2a: Golem
|-damage|p2a: Golem|183\/363
|
|turn|14
|
|switch|p2a: Exeggutor|Exeggutor|393\/393
|move|p1a: Big Boned|Rest|p1a: Big Boned
|-status|p1a: Big Boned|slp
|-heal|p1a: Big Boned|523\/523 slp|[silent]
|-status|p1a: Big Boned|slp|[from] move: Rest
|
|turn|15
|
|move|p2a: Exeggutor|Psychic|p1a: Big Boned
|-damage|p1a: Big Boned|449\/523 slp
|cant|p1a: Big Boned|slp
|
|turn|16
|
|move|p2a: Exeggutor|Psychic|p1a: Big Boned
|-damage|p1a: Big Boned|369\/523 slp
|-unboost|p1a: Big Boned|spd|1
|-unboost|p1a: Big Boned|spa|1
|cant|p1a: Big Boned|slp
|-curestatus|p1a: Big Boned|slp
|
|turn|17
|
|move|p2a: Exeggutor|Sleep Powder|p1a: Big Boned
|-status|p1a: Big Boned|slp
|cant|p1a: Big Boned|slp
|
|turn|18
|
|switch|p1a: Zam Lead|Alakazam|313\/313
|move|p2a: Exeggutor|Psychic|p1a: Zam Lead
|-resisted|p1a: Zam Lead
|-damage|p1a: Zam Lead|265\/313
|
|turn|19
|
|move|p1a: Zam Lead|Seismic Toss|p2a: Exeggutor
|-damage|p2a: Exeggutor|293\/393
|move|p2a: Exeggutor|Stun Spore|p1a: Zam Lead
|-status|p1a: Zam Lead|par
|
|turn|20
|
|switch|p2a: Golem|Golem|183\/363
|move|p1a: Zam Lead|Seismic Toss|p2a: Golem
|-damage|p2a: Golem|83\/363
|
|turn|21
|
|switch|p1a: TNT|Golem|363\/363
|move|p2a: Golem|Explosion|p1a: TNT
|-resisted|p1a: TNT
|-damage|p1a: TNT|242\/363
|faint|p2a: Golem
|
|switch|p2a: Chansey|Chansey|703\/703
|turn|22
|
|switch|p1a: Result of Incest|Exeggutor|293\/393 par
|move|p2a: Chansey|Ice Beam|p1a: Result of Incest
|-supereffective|p1a: Result of Incest
|-damage|p1a: Result of Incest|168\/393 par
|
|turn|23
|
|move|p2a: Chansey|Ice Beam|p1a: Result of Incest
|-supereffective|p1a: Result of Incest
|-damage|p1a: Result of Incest|40\/393 par
|move|p1a: Result of Incest|Explosion|p2a: Chansey
|-crit|p2a: Chansey
|-damage|p2a: Chansey|0 fnt
|faint|p2a: Chansey
|faint|p1a: Result of Incest
|
|switch|p1a: Zam Lead|Alakazam|265\/313 par
|switch|p2a: Snorlax|Snorlax|523\/523
|turn|24
|
|move|p2a: Snorlax|Body Slam|p1a: Zam Lead
|-crit|p1a: Zam Lead
|-damage|p1a: Zam Lead|0 fnt
|faint|p1a: Zam Lead
|
|
|switch|p1a: That's Bull|Tauros|353\/353
|turn|25
|
|move|p1a: That's Bull|Body Slam|p2a: Snorlax
|-damage|p2a: Snorlax|397\/523
|move|p2a: Snorlax|Body Slam|p1a: That's Bull
|-damage|p1a: That's Bull|250\/353
|-status|p1a: That's Bull|par
|
|turn|26
|
|move|p2a: Snorlax|Body Slam|p1a: That's Bull
|-damage|p1a: That's Bull|148\/353 par
|move|p1a: That's Bull|Body Slam|p2a: Snorlax
|-crit|p2a: Snorlax
|-damage|p2a: Snorlax|152\/523
|
|turn|27
|
|switch|p1a: TNT|Golem|242\/363
|move|p2a: Snorlax|Self-Destruct|p1a: TNT
|-crit|p1a: TNT
|-resisted|p1a: TNT
|-damage|p1a: TNT|0 fnt
|faint|p1a: TNT
|faint|p2a: Snorlax
|
|switch|p2a: Tauros|Tauros|353\/353
|switch|p1a: Breakfast Pouch|Chansey|703\/703
|turn|28
|
|move|p2a: Tauros|Body Slam|p1a: Breakfast Pouch
|-damage|p1a: Breakfast Pouch|429\/703
|-status|p1a: Breakfast Pouch|par
|cant|p1a: Breakfast Pouch|par
|
|turn|29
|
|move|p2a: Tauros|Body Slam|p1a: Breakfast Pouch
|-damage|p1a: Breakfast Pouch|143\/703 par
|move|p1a: Breakfast Pouch|Thunder Wave|p2a: Tauros
|-status|p2a: Tauros|par
|
|turn|30
|
|move|p2a: Tauros|Body Slam|p1a: Breakfast Pouch
|-damage|p1a: Breakfast Pouch|0 fnt
|faint|p1a: Breakfast Pouch
|
|
|switch|p1a: That's Bull|Tauros|148\/353 par
|turn|31
|
|move|p2a: Tauros|Hyper Beam|p1a: That's Bull
|-damage|p1a: That's Bull|0 fnt
|faint|p1a: That's Bull
|
|
|switch|p1a: Big Boned|Snorlax|369\/523 slp
|turn|32
|
|cant|p1a: Big Boned|slp
|move|p2a: Tauros|Body Slam|p1a: Big Boned
|-damage|p1a: Big Boned|227\/523 slp
|
|turn|33
|
|cant|p1a: Big Boned|slp
|move|p2a: Tauros|Hyper Beam|p1a: Big Boned|[miss]
|-miss|p2a: Tauros
|
|turn|34
|
|cant|p1a: Big Boned|slp
|move|p2a: Tauros|Hyper Beam|p1a: Big Boned
|-damage|p1a: Big Boned|13\/523 slp
|
|turn|35
|
|cant|p1a: Big Boned|slp
|cant|p2a: Tauros|recharge
|
|turn|36
|chat|kid gf lol|full para plz
|
|cant|p1a: Big Boned|slp
|-curestatus|p1a: Big Boned|slp
|move|p2a: Tauros|Body Slam|p1a: Big Boned
|-damage|p1a: Big Boned|0 fnt
|faint|p1a: Big Boned
|
|win|Rocknlol
|raw|Ladder updating...
|raw|kid gf lol's rating: 1316 &rarr; <strong>1288<\/strong><br \/>(-28 for losing)
|raw|Rocknlol's rating: 1179 &rarr; <strong>1213<\/strong><br \/>(+34 for winning)
|chat|Rocknlol|gg
|leave|kid gf lol
|player|p1