|join|riwu
|join|Arafalo2
|player|p1|riwu|170
|player|p2|Arafalo2|1
|gametype|singles
|gen|1
|tier|[Gen 1] Random Battle
|rated
|seed|17927,9526,54392,9676
|rule|Sleep Clause Mod: Limit one foe put to sleep
|rule|Freeze Clause Mod: Limit one foe frozen
|rule|HP Percentage Mod: HP is shown in percentages
|
|start
|switch|p1a: Horsea|Horsea, L96|252\/252
|switch|p2a: Persian|Persian, L79|265\/265
|turn|1
|c|★Arafalo2|Glhf
|choice|move 3|move 4
|
|move|p2a: Persian|Thunderbolt|p1a: Horsea
|-crit|p1a: Horsea
|-supereffective|p1a: Horsea
|-damage|p1a: Horsea|84\/252
|move|p1a: Horsea|Surf|p2a: Persian
|-damage|p2a: Persian|139\/265
|
|turn|2
|choice|move 3|move 1
|
|move|p2a: Persian|Slash|p1a: Horsea
|-crit|p1a: Horsea
|-damage|p1a: Horsea|0 fnt
|faint|p1a: Horsea
|choice|switch 3|
|
|switch|p1a: Persian|Persian, L79|265\/265
|turn|3
|choice|move 3|move 3
|
|move|p2a: Persian|Body Slam|p1a: Persian
|-damage|p1a: Persian|172\/265
|move|p1a: Persian|Hyper Beam|p2a: Persian|[miss]
|-miss|p1a: Persian
|
|turn|4
|choice|move 3|move 2
|
|move|p2a: Persian|Hyper Beam|p1a: Persian
|-damage|p1a: Persian|12\/265
|move|p1a: Persian|Hyper Beam|p2a: Persian
|-damage|p2a: Persian|0 fnt
|faint|p2a: Persian
|c|★riwu|u r very lucky this game
|choice||switch 2
|
|switch|p2a: Oddish|Oddish, L96|281\/281
|turn|5
|choice|move 1|move 2
|
|move|p1a: Persian|Slash|p2a: Oddish
|-crit|p2a: Oddish
|-damage|p2a: Oddish|157\/281
|move|p2a: Oddish|Double-Edge|p1a: Persian
|-damage|p1a: Persian|0 fnt
|-damage|p2a: Oddish|154\/281|[from] recoil|[of] p1a: Persian
|faint|p1a: Persian
|choice|switch 5|
|
|switch|p1a: Mewtwo|Mewtwo, L70|293\/293
|turn|6
|choice|move 1|move 1
|
|move|p1a: Mewtwo|Psychic|p2a: Oddish
|-supereffective|p2a: Oddish
|-damage|p2a: Oddish|0 fnt
|faint|p2a: Oddish
|choice||switch 6
|
|switch|p2a: Chansey|Chansey, L79|557\/557
|turn|7
|choice|switch 2|move 4
|
|switch|p1a: Dugtrio|Dugtrio, L85|233\/233
|move|p2a: Chansey|Reflect|p2a: Chansey
|-start|p2a: Chansey|Reflect
|
|turn|8
|choice|switch 2|move 3
|
|switch|p1a: Mewtwo|Mewtwo, L70|293\/293
|move|p2a: Chansey|Ice Beam|p1a: Mewtwo
|-crit|p1a: Mewtwo
|-damage|p1a: Mewtwo|202\/293
|
|turn|9
|choice|move 1|move 3
|
|move|p1a: Mewtwo|Psychic|p2a: Chansey
|-damage|p2a: Chansey|467\/557
|move|p2a: Chansey|Ice Beam|p1a: Mewtwo
|-damage|p1a: Mewtwo|152\/293
|
|turn|10
|choice|move 1|move 3
|
|move|p1a: Mewtwo|Psychic|p2a: Chansey
|-crit|p2a: Chansey
|-damage|p2a: Chansey|303\/557
|move|p2a: Chansey|Ice Beam|p1a: Mewtwo
|-damage|p1a: Mewtwo|105\/293
|
|turn|11
|choice|move 1|move 3
|
|move|p1a: Mewtwo|Psychic|p2a: Chansey
|-damage|p2a: Chansey|221\/557
|move|p2a: Chansey|Ice Beam|p1a: Mewtwo
|-damage|p1a: Mewtwo|55\/293
|
|turn|12
|choice|move 1|move 1
|
|move|p1a: Mewtwo|Psychic|p2a: Chansey
|-damage|p2a: Chansey|137\/557
|-unboost|p2a: Chansey|spd|1
|-unboost|p2a: Chansey|spa|1
|move|p2a: Chansey|Soft-Boiled|p2a: Chansey
|-heal|p2a: Chansey|415\/557
|
|turn|13
|choice|move 1|move 3
|
|move|p1a: Mewtwo|Psychic|p2a: Chansey
|-damage|p2a: Chansey|284\/557
|move|p2a: Chansey|Ice Beam|p1a: Mewtwo
|-damage|p1a: Mewtwo|19\/293
|
|turn|14
|choice|move 4|move 1
|
|move|p1a: Mewtwo|Rest|p1a: Mewtwo
|-status|p1a: Mewtwo|slp
|-heal|p1a: Mewtwo|293\/293 slp|[silent]
|-status|p1a: Mewtwo|slp|[from] move: Rest
|move|p2a: Chansey|Soft-Boiled|p2a: Chansey
|-heal|p2a: Chansey|557\/557
|
|turn|15
|choice|move 1|switch 4
|
|switch|p2a: Ninetales|Ninetales, L85|298\/298
|cant|p1a: Mewtwo|slp
|
|turn|16
|choice|switch 4|move 3
|
|switch|p1a: Moltres|Moltres, L85|327\/327
|move|p2a: Ninetales|Confuse Ray|p1a: Moltres
|-start|p1a: Moltres|confusion
|
|turn|17
|choice|switch 2|switch 4
|
|switch|p2a: Chansey|Chansey, L79|557\/557
|switch|p1a: Dugtrio|Dugtrio, L85|233\/233
|
|turn|18
|choice|move 1|move 3
|
|move|p1a: Dugtrio|Earthquake|p2a: Chansey
|-damage|p2a: Chansey|283\/557
|move|p2a: Chansey|Ice Beam|p1a: Dugtrio
|-crit|p1a: Dugtrio
|-supereffective|p1a: Dugtrio
|-damage|p1a: Dugtrio|0 fnt
|faint|p1a: Dugtrio
|choice|switch 4|
|
|switch|p1a: Mewtwo|Mewtwo, L70|293\/293 slp
|turn|19
|choice|move 2|switch 4
|
|switch|p2a: Ninetales|Ninetales, L85|298\/298
|-curestatus|p1a: Mewtwo|slp
|
|turn|20
|choice|move 1|move 3
|
|move|p2a: Ninetales|Confuse Ray|p1a: Mewtwo
|-start|p1a: Mewtwo|confusion
|-activate|p1a: Mewtwo|confusion
|move|p1a: Mewtwo|Psychic|p2a: Ninetales
|-damage|p2a: Ninetales|211\/298
|
|turn|21
|choice|switch 2|move 1
|
|switch|p1a: Moltres|Moltres, L85|327\/327
|move|p2a: Ninetales|Fire Blast|p1a: Moltres
|-crit|p1a: Moltres
|-resisted|p1a: Moltres
|-damage|p1a: Moltres|222\/327
|
|turn|22
|choice|move 4|move 3
|
|move|p2a: Ninetales|Confuse Ray|p1a: Moltres
|-start|p1a: Moltres|confusion
|-activate|p1a: Moltres|confusion
|-damage|p1a: Moltres|190\/327|[from] confusion
|
|turn|23
|choice|move 1|move 2
|
|move|p2a: Ninetales|Body Slam|p1a: Moltres
|-damage|p1a: Moltres|139\/327
|-end|p1a: Moltres|confusion
|move|p1a: Moltres|Fire Blast|p2a: Ninetales
|-resisted|p2a: Ninetales
|-damage|p2a: Ninetales|144\/298
|
|turn|24
|choice|move 1|switch 5
|
|switch|p2a: Gyarados|Gyarados, L85|335\/335
|move|p1a: Moltres|Fire Blast|p2a: Gyarados
|-resisted|p2a: Gyarados
|-damage|p2a: Gyarados|261\/335
|-status|p2a: Gyarados|brn
|
|turn|25
|choice|switch 2|move 4
|
|switch|p1a: Mewtwo|Mewtwo, L70|293\/293
|move|p2a: Gyarados|Surf|p1a: Mewtwo
|-damage|p1a: Mewtwo|210\/293
|-damage|p2a: Gyarados|241\/335 brn|[from] brn|[of] p1a: Mewtwo
|
|turn|26
|choice|move 2|switch 4
|
|switch|p2a: Chansey|Chansey, L79|283\/557
|move|p1a: Mewtwo|Thunderbolt|p2a: Chansey
|-crit|p2a: Chansey
|-damage|p2a: Chansey|155\/557
|
|turn|27
|choice|move 1|move 1
|
|move|p1a: Mewtwo|Psychic|p2a: Chansey
|-damage|p2a: Chansey|65\/557
|-unboost|p2a: Chansey|spd|1
|-unboost|p2a: Chansey|spa|1
|move|p2a: Chansey|Soft-Boiled|p2a: Chansey
|-heal|p2a: Chansey|343\/557
|
|turn|28
|choice|switch 6|move 1
|
|switch|p1a: Mr. Mime|Mr. Mime, L85|242\/242
|move|p2a: Chansey|Soft-Boiled|p2a: Chansey
|-heal|p2a: Chansey|557\/557
|
|turn|29
|choice|move 4|move 4
|
|move|p1a: Mr. Mime|Thunder Wave|p2a: Chansey
|-status|p2a: Chansey|par
|move|p2a: Chansey|Reflect|p2a: Chansey
|-start|p2a: Chansey|Reflect
|
|turn|30
|choice|switch 6|move 3
|
|switch|p1a: Mewtwo|Mewtwo, L70|210\/293
|move|p2a: Chansey|Ice Beam|p1a: Mewtwo
|-damage|p1a: Mewtwo|177\/293
|
|turn|31
|choice|move 1|move 3
|
|move|p1a: Mewtwo|Psychic|p2a: Chansey
|-damage|p2a: Chansey|426\/557 par
|cant|p2a: Chansey|par
|
|turn|32
|choice|move 1|move 1
|
|move|p1a: Mewtwo|Psychic|p2a: Chansey
|-crit|p2a: Chansey
|-damage|p2a: Chansey|245\/557 par
|cant|p2a: Chansey|par
|
|turn|33
|choice|move 1|move 1
|
|move|p1a: Mewtwo|Psychic|p2a: Chansey
|-damage|p2a: Chansey|120\/557 par
|move|p2a: Chansey|Soft-Boiled|p2a: Chansey
|-heal|p2a: Chansey|398\/557 par
|
|turn|34
|choice|move 1|switch 5
|
|switch|p2a: Ninetales|Ninetales, L85|144\/298
|move|p1a: Mewtwo|Psychic|p2a: Ninetales
|-damage|p2a: Ninetales|52\/298
|
|turn|35
|choice|move 2|move 1
|
|move|p2a: Ninetales|Fire Blast|p1a: Mewtwo
|-damage|p1a: Mewtwo|76\/293
|move|p1a: Mewtwo|Thunderbolt|p2a: Ninetales
|-crit|p2a: Ninetales
|-damage|p2a: Ninetales|0 fnt
|faint|p2a: Ninetales
|choice||switch 3
|
|switch|p2a: Zapdos|Zapdos, L79|304\/304
|turn|36
|c|★Arafalo2|Gl
|choice|switch 6|move 4
|
|switch|p1a: Mr. Mime|Mr. Mime, L85|242\/242
|move|p2a: Zapdos|Thunderbolt|p1a: Mr. Mime
|-damage|p1a: Mr. Mime|148\/242
|-status|p1a: Mr. Mime|par
|
|turn|37
|choice|move 4|switch 5
|
|switch|p2a: Chansey|Chansey, L79|398\/557 par
|move|p1a: Mr. Mime|Thunder Wave|p2a: Chansey
|-fail|p2a: Chansey|par
|
|turn|38
|choice|switch 6|move 4
|
|switch|p1a: Mewtwo|Mewtwo, L70|76\/293
|move|p2a: Chansey|Reflect|p2a: Chansey
|-start|p2a: Chansey|Reflect
|
|turn|39
|choice|move 3|move 3
|
|move|p1a: Mewtwo|Blizzard|p2a: Chansey|[miss]
|-miss|p1a: Mewtwo
|move|p2a: Chansey|Ice Beam|p1a: Mewtwo
|-damage|p1a: Mewtwo|29\/293
|
|turn|40
|choice|move 4|switch 5
|
|switch|p2a: Zapdos|Zapdos, L79|304\/304
|move|p1a: Mewtwo|Rest|p1a: Mewtwo
|-status|p1a: Mewtwo|slp
|-heal|p1a: Mewtwo|293\/293 slp|[silent]
|-status|p1a: Mewtwo|slp|[from] move: Rest
|
|turn|41
|c|★Arafalo2|Gg
|choice|move 3|move 4
|
|cant|p1a: Mewtwo|slp
|move|p2a: Zapdos|Thunderbolt|p1a: Mewtwo
|-damage|p1a: Mewtwo|202\/293 slp
|
|turn|42
|choice|move 3|move 4
|
|-curestatus|p1a: Mewtwo|slp
|move|p2a: Zapdos|Thunderbolt|p1a: Mewtwo
|-damage|p1a: Mewtwo|116\/293
|
|turn|43
|choice|move 3|move 4
|
|move|p1a: Mewtwo|Blizzard|p2a: Zapdos
|-crit|p2a: Zapdos
|-supereffective|p2a: Zapdos
|-damage|p2a: Zapdos|25\/304
|-status|p2a: Zapdos|frz
|cant|p2a: Zapdos|frz
|
|turn|44
|c|★Arafalo2|Wow
|choice|move 1|move 4
|
|move|p1a: Mewtwo|Psychic|p2a: Zapdos
|-crit|p2a: Zapdos
|-damage|p2a: Zapdos|0 fnt
|faint|p2a: Zapdos
|c|★Arafalo2|So lucky
|choice||switch 5
|
|switch|p2a: Chansey|Chansey, L79|398\/557 par
|turn|45
|c|★riwu|does that matter?
|c|★riwu|could kil u in 2hit too
|choice|move 1|move 3
|
|move|p1a: Mewtwo|Psychic|p2a: Chansey
|-damage|p2a: Chansey|309\/557 par
|move|p2a: Chansey|Ice Beam|p1a: Mewtwo
|-damage|p1a: Mewtwo|66\/293
|
|turn|46
|choice|move 4|move 4
|
|move|p1a: Mewtwo|Rest|p1a: Mewtwo
|-status|p1a: Mewtwo|slp
|-heal|p1a: Mewtwo|293\/293 slp|[silent]
|-status|p1a: Mewtwo|slp|[from] move: Rest
|move|p2a: Chansey|Reflect|p2a: Chansey
|-start|p2a: Chansey|Reflect
|
|turn|47
|choice|move 1|move 3
|
|cant|p1a: Mewtwo|slp
|cant|p2a: Chansey|par
|
|turn|48
|choice|move 1|move 2
|
|-curestatus|p1a: Mewtwo|slp
|move|p2a: Chansey|Thunderbolt|p1a: Mewtwo
|-damage|p1a: Mewtwo|246\/293
|
|turn|49
|choice|move 1|move 1
|
|move|p1a: Mewtwo|Psychic|p2a: Chansey
|-damage|p2a: Chansey|218\/557 par
|-unboost|p2a: Chansey|spd|1
|-unboost|p2a: Chansey|spa|1
|move|p2a: Chansey|Soft-Boiled|p2a: Chansey
|-heal|p2a: Chansey|496\/557 par
|
|turn|50
|choice|move 2|move 3
|
|move|p1a: Mewtwo|Thunderbolt|p2a: Chansey
|-crit|p2a: Chansey
|-damage|p2a: Chansey|379\/557 par
|move|p2a: Chansey|Ice Beam|p1a: Mewtwo
|-damage|p1a: Mewtwo|211\/293
|
|turn|51
|choice|move 2|move 3
|
|move|p1a: Mewtwo|Thunderbolt|p2a: Chansey
|-damage|p2a: Chansey|286\/557 par
|cant|p2a: Chansey|par
|
|turn|52
|choice|move 2|move 1
|
|move|p1a: Mewtwo|Thunderbolt|p2a: Chansey
|-crit|p2a: Chansey
|-damage|p2a: Chansey|160\/557 par
|move|p2a: Chansey|Soft-Boiled|p2a: Chansey
|-heal|p2a: Chansey|438\/557 par
|
|turn|53
|choice|move 1|move 3
|
|move|p1a: Mewtwo|Psychic|p2a: Chansey
|-damage|p2a: Chansey|294\/557 par
|move|p2a: Chansey|Ice Beam|p1a: Mewtwo
|-damage|p1a: Mewtwo|175\/293
|
|turn|54
|choice|move 2|move 1
|
|move|p1a: Mewtwo|Thunderbolt|p2a: Chansey
|-crit|p2a: Chansey
|-damage|p2a: Chansey|182\/557 par
|move|p2a: Chansey|Soft-Boiled|p2a: Chansey
|-heal|p2a: Chansey|460\/557 par
|
|turn|55
|choice|move 2|move 3
|
|move|p1a: Mewtwo|Thunderbolt|p2a: Chansey
|-damage|p2a: Chansey|371\/557 par
|move|p2a: Chansey|Ice Beam|p1a: Mewtwo
|-damage|p1a: Mewtwo|141\/293
|
|turn|56
|choice|move 2|move 3
|
|move|p1a: Mewtwo|Thunderbolt|p2a: Chansey
|-crit|p2a: Chansey
|-damage|p2a: Chansey|251\/557 par
|move|p2a: Chansey|Ice Beam|p1a: Mewtwo
|-damage|p1a: Mewtwo|107\/293
|
|turn|57
|choice|move 3|move 2
|
|move|p1a: Mewtwo|Blizzard|p2a: Chansey
|-damage|p2a: Chansey|132\/557 par
|move|p2a: Chansey|Thunderbolt|p1a: Mewtwo
|-damage|p1a: Mewtwo|75\/293
|
|turn|58
|choice|move 2|move 1
|
|move|p1a: Mewtwo|Thunderbolt|p2a: Chansey
|-crit|p2a: Chansey
|-damage|p2a: Chansey|17\/557 par
|move|p2a: Chansey|Soft-Boiled|p2a: Chansey
|-heal|p2a: Chansey|295\/557 par
|
|turn|59
|choice|move 2|move 1
|
|move|p1a: Mewtwo|Thunderbolt|p2a: Chansey
|-crit|p2a: Chansey
|-damage|p2a: Chansey|174\/557 par
|move|p2a: Chansey|Soft-Boiled|p2a: Chansey
|-heal|p2a: Chansey|452\/557 par
|
|turn|60
|choice|move 2|move 3
|
|move|p1a: Mewtwo|Thunderbolt|p2a: Chansey
|-damage|p2a: Chansey|354\/557 par
|move|p2a: Chansey|Ice Beam|p1a: Mewtwo
|-damage|p1a: Mewtwo|41\/293
|
|turn|61
|choice|move 4|move 2
|
|move|p1a: Mewtwo|Rest|p1a: Mewtwo
|-status|p1a: Mewtwo|slp
|-heal|p1a: Mewtwo|293\/293 slp|[silent]
|-status|p1a: Mewtwo|slp|[from] move: Rest
|cant|p2a: Chansey|par
|
|turn|62
|choice|move 2|switch 4
|
|switch|p2a: Gyarados|Gyarados, L85|241\/335 brn
|-damage|p2a: Gyarados|221\/335 brn|[from] brn
|cant|p1a: Mewtwo|slp
|
|turn|63
|choice|move 2|move 1
|
|-curestatus|p1a: Mewtwo|slp
|move|p2a: Gyarados|Body Slam|p1a: Mewtwo
|-crit|p1a: Mewtwo
|-damage|p1a: Mewtwo|112\/293
|-damage|p2a: Gyarados|201\/335 brn|[from] brn|[of] p1a: Mewtwo
|
|turn|64
|choice|move 2|switch 4
|
|switch|p2a: Chansey|Chansey, L79|354\/557 par
|move|p1a: Mewtwo|Thunderbolt|p2a: Chansey
|-damage|p2a: Chansey|293\/557 par
|
|turn|65
|choice|move 2|move 4
|
|move|p1a: Mewtwo|Thunderbolt|p2a: Chansey
|-damage|p2a: Chansey|234\/557 par
|move|p2a: Chansey|Reflect|p2a: Chansey
|-start|p2a: Chansey|Reflect
|
|turn|66
|choice|move 2|move 1
|
|move|p1a: Mewtwo|Thunderbolt|p2a: Chansey
|-damage|p2a: Chansey|169\/557 par
|cant|p2a: Chansey|par
|
|turn|67
|choice|move 3|move 1
|
|move|p1a: Mewtwo|Blizzard|p2a: Chansey|[miss]
|-miss|p1a: Mewtwo
|move|p2a: Chansey|Soft-Boiled|p2a: Chansey
|-heal|p2a: Chansey|447\/557 par
|
|turn|68
|choice|move 2|move 3
|
|move|p1a: Mewtwo|Thunderbolt|p2a: Chansey
|-damage|p2a: Chansey|384\/557 par
|move|p2a: Chansey|Ice Beam|p1a: Mewtwo
|-crit|p1a: Mewtwo
|-damage|p1a: Mewtwo|15\/293
|
|turn|69
|choice|move 4|switch 4
|
|switch|p2a: Gyarados|Gyarados, L85|201\/335 brn
|-damage|p2a: Gyarados|181\/335 brn|[from] brn
|move|p1a: Mewtwo|Rest|p1a: Mewtwo
|-status|p1a: Mewtwo|slp
|-heal|p1a: Mewtwo|293\/293 slp|[silent]
|-status|p1a: Mewtwo|slp|[from] move: Rest
|
|turn|70
|choice|move 2|move 1
|
|cant|p1a: Mewtwo|slp
|move|p2a: Gyarados|Body Slam|p1a: Mewtwo
|-damage|p1a: Mewtwo|252\/293 slp
|-damage|p2a: Gyarados|161\/335 brn|[from] brn|[of] p1a: Mewtwo
|
|turn|71
|choice|move 2|move 1
|
|-curestatus|p1a: Mewtwo|slp
|move|p2a: Gyarados|Body Slam|p1a: Mewtwo
|-damage|p1a: Mewtwo|204\/293
|-damage|p2a: Gyarados|141\/335 brn|[from] brn|[of] p1a: Mewtwo
|
|turn|72
|choice|move 2|switch 4
|
|switch|p2a: Chansey|Chansey, L79|384\/557 par
|move|p1a: Mewtwo|Thunderbolt|p2a: Chansey
|-damage|p2a: Chansey|323\/557 par
|
|turn|73
|choice|move 2|move 4
|
|move|p1a: Mewtwo|Thunderbolt|p2a: Chansey
|-damage|p2a: Chansey|261\/557 par
|move|p2a: Chansey|Reflect|p2a: Chansey
|-start|p2a: Chansey|Reflect
|
|turn|74
|choice|move 3|move 1
|
|move|p1a: Mewtwo|Blizzard|p2a: Chansey
|-damage|p2a: Chansey|186\/557 par
|move|p2a: Chansey|Soft-Boiled|p2a: Chansey
|-heal|p2a: Chansey|464\/557 par
|
|turn|75
|choice|move 3|move 4
|
|move|p1a: Mewtwo|Blizzard|p2a: Chansey
|-damage|p2a: Chansey|389\/557 par
|move|p2a: Chansey|Reflect|p2a: Chansey
|-fail|p2a: Chansey
|
|turn|76
|choice|move 3|move 4
|
|move|p1a: Mewtwo|Blizzard|p2a: Chansey
|-damage|p2a: Chansey|316\/557 par
|cant|p2a: Chansey|par
|
|turn|77
|choice|move 3|move 4
|
|move|p1a: Mewtwo|Blizzard|p2a: Chansey
|-damage|p2a: Chansey|233\/557 par
|cant|p2a: Chansey|par
|
|turn|78
|choice|move 2|move 1
|
|move|p1a: Mewtwo|Thunderbolt|p2a: Chansey
|-damage|p2a: Chansey|168\/557 par
|move|p2a: Chansey|Soft-Boiled|p2a: Chansey
|-heal|p2a: Chansey|446\/557 par
|
|turn|79
|choice|move 2|move 2
|
|move|p1a: Mewtwo|Thunderbolt|p2a: Chansey
|-damage|p2a: Chansey|379\/557 par
|cant|p2a: Chansey|par
|
|turn|80
|choice|move 4|move 2
|
|move|p1a: Mewtwo|Rest|p1a: Mewtwo
|-status|p1a: Mewtwo|slp
|-heal|p1a: Mewtwo|293\/293 slp|[silent]
|-status|p1a: Mewtwo|slp|[from] move: Rest
|move|p2a: Chansey|Thunderbolt|p1a: Mewtwo
|-damage|p1a: Mewtwo|245\/293 slp
|
|turn|81
|choice|move 2|move 4
|
|cant|p1a: Mewtwo|slp
|move|p2a: Chansey|Reflect|p2a: Chansey
|-fail|p2a: Chansey
|
|turn|82
|choice|move 2|move 4
|
|-curestatus|p1a: Mewtwo|slp
|move|p2a: Chansey|Reflect|p2a: Chansey
|-fail|p2a: Chansey
|
|turn|83
|choice|move 4|move 4
|
|move|p1a: Mewtwo|Rest|p1a: Mewtwo
|-status|p1a: Mewtwo|slp
|-heal|p1a: Mewtwo|293\/293 slp|[silent]
|-status|p1a: Mewtwo|slp|[from] move: Rest
|move|p2a: Chansey|Reflect|p2a: Chansey
|-fail|p2a: Chansey
|
|turn|84
|choice|move 4|switch 4
|
|switch|p2a: Gyarados|Gyarados, L85|141\/335 brn
|-damage|p2a: Gyarados|121\/335 brn|[from] brn
|cant|p1a: Mewtwo|slp
|
|turn|85
|choice|move 2|switch 4
|
|switch|p2a: Chansey|Chansey, L79|379\/557 par
|-curestatus|p1a: Mewtwo|slp
|
|turn|86
|choice|move 4|move 4
|
|move|p1a: Mewtwo|Rest|p1a: Mewtwo
|-fail|p1a: Mewtwo
|move|p2a: Chansey|Reflect|p2a: Chansey
|-start|p2a: Chansey|Reflect
|
|turn|87
|choice|move 2|move 4
|
|move|p1a: Mewtwo|Thunderbolt|p2a: Chansey
|-damage|p2a: Chansey|317\/557 par
|move|p2a: Chansey|Reflect|p2a: Chansey
|-fail|p2a: Chansey
|
|turn|88
|choice|move 4|move 4
|
|move|p1a: Mewtwo|Rest|p1a: Mewtwo
|-fail|p1a: Mewtwo
|move|p2a: Chansey|Reflect|p2a: Chansey
|-fail|p2a: Chansey
|
|turn|89
|choice|switch 2|move 4
|
|switch|p1a: Moltres|Moltres, L85|139\/327
|move|p2a: Chansey|Reflect|p2a: Chansey
|-fail|p2a: Chansey
|
|turn|90
|choice|move 1|move 1
|
|move|p1a: Moltres|Fire Blast|p2a: Chansey|[miss]
|-miss|p1a: Moltres
|move|p2a: Chansey|Soft-Boiled|p2a: Chansey
|-heal|p2a: Chansey|557\/557 par
|
|turn|91
|choice|move 1|move 2
|
|move|p1a: Moltres|Fire Blast|p2a: Chansey
|-damage|p2a: Chansey|412\/557 par
|cant|p2a: Chansey|par
|
|turn|92
|choice|move 1|move 2
|
|move|p1a: Moltres|Fire Blast|p2a: Chansey
|-damage|p2a: Chansey|265\/557 par
|move|p2a: Chansey|Thunderbolt|p1a: Moltres
|-supereffective|p1a: Moltres
|-damage|p1a: Moltres|42\/327
|
|turn|93
|choice|move 1|move 1
|
|move|p1a: Moltres|Fire Blast|p2a: Chansey|[miss]
|-miss|p1a: Moltres
|move|p2a: Chansey|Soft-Boiled|p2a: Chansey
|-heal|p2a: Chansey|543\/557 par
|
|turn|94
|choice|move 1|move 2
|
|move|p1a: Moltres|Fire Blast|p2a: Chansey
|-damage|p2a: Chansey|393\/557 par
|cant|p2a: Chansey|par
|
|turn|95
|choice|move 1|move 2
|
|move|p1a: Moltres|Fire Blast|p2a: Chansey
|-crit|p2a: Chansey
|-damage|p2a: Chansey|111\/557 par
|move|p2a: Chansey|Thunderbolt|p1a: Moltres
|-crit|p1a: Moltres
|-supereffective|p1a: Moltres
|-damage|p1a: Moltres|0 fnt
|faint|p1a: Moltres
|choice|switch 6|
|
|switch|p1a: Mr. Mime|Mr. Mime, L85|148\/242 par
|turn|96
|choice|move 2|move 1
|
|move|p1a: Mr. Mime|Psychic|p2a: Chansey
|-crit|p2a: Chansey
|-damage|p2a: Chansey|0 fnt
|faint|p2a: Chansey
|c|★riwu|o finally
|c|★riwu|gg
|choice||switch 4
|
|switch|p2a: Gyarados|Gyarados, L85|121\/335 brn
|turn|97
|choice|move 3|move 2
|
|move|p2a: Gyarados|Hyper Beam|p1a: Mr. Mime
|-damage|p1a: Mr. Mime|74\/242 par
|-damage|p2a: Gyarados|101\/335 brn|[from] brn|[of] p1a: Mr. Mime
|move|p1a: Mr. Mime|Thunderbolt|p2a: Gyarados
|-crit|p2a: Gyarados
|-supereffective|p2a: Gyarados
|-damage|p2a: Gyarados|0 fnt
|faint|p2a: Gyarados
|
|win|riwu
|raw|riwu's rating: 1634 &rarr; <strong>1640<\/strong><br \/>(+6 for winning)
|raw|Arafalo2's rating: 1335 &rarr; <strong>1329<\/strong><br \/>(-6 for losing)