|join|Brawlio
|join|gen1masterrony
|player|p1|Brawlio|102
|player|p2|gen1masterrony|161
|gametype|singles
|gen|1
|tier|[Gen 1] OU
|rated
|rule|Sleep Clause Mod: Limit one foe put to sleep
|rule|Freeze Clause Mod: Limit one foe frozen
|rule|Species Clause: Limit one of each Pokémon
|rule|OHKO Clause: OHKO moves are banned
|rule|Evasion Moves Clause: Evasion moves are banned
|rule|HP Percentage Mod: HP is shown in percentages
|
|start
|switch|p1a: Jolteon|Jolteon|333\/333
|switch|p2a: Hypno|Hypno|373\/373
|turn|1
|
|move|p1a: Jolteon|Sand Attack|p2a: Hypno
|-unboost|p2a: Hypno|accuracy|1
|move|p2a: Hypno|Thunder Wave|p1a: Jolteon
|-status|p1a: Jolteon|par
|
|turn|2
|
|move|p2a: Hypno|Psychic|p1a: Jolteon
|-damage|p1a: Jolteon|227\/333 par
|cant|p1a: Jolteon|par
|
|turn|3
|
|switch|p1a: Exeggutor|Exeggutor|393\/393
|move|p2a: Hypno|Psychic|p1a: Exeggutor|[miss]
|-miss|p2a: Hypno
|
|turn|4
|
|move|p2a: Hypno|Hypnosis|p1a: Exeggutor|[miss]
|-miss|p2a: Hypno
|move|p1a: Exeggutor|Sleep Powder|p2a: Hypno
|-status|p2a: Hypno|slp
|
|turn|5
|
|cant|p2a: Hypno|slp
|-curestatus|p2a: Hypno|slp
|move|p1a: Exeggutor|Double-Edge|p2a: Hypno
|-damage|p2a: Hypno|278\/373
|-damage|p1a: Exeggutor|370\/393|[from] recoil|[of] p2a: Hypno
|
|turn|6
|
|switch|p1a: Jolteon|Jolteon|227\/333 par
|move|p2a: Hypno|Thunder Wave|p1a: Jolteon
|-fail|p1a: Jolteon|par
|
|turn|7
|
|move|p2a: Hypno|Psychic|p1a: Jolteon
|-damage|p1a: Jolteon|118\/333 par
|move|p1a: Jolteon|Thunder Wave|p2a: Hypno
|-status|p2a: Hypno|par
|
|turn|8
|
|move|p1a: Jolteon|Thunderbolt|p2a: Hypno
|-damage|p2a: Hypno|170\/373 par
|move|p2a: Hypno|Psychic|p1a: Jolteon|[miss]
|-miss|p2a: Hypno
|
|turn|9
|
|cant|p1a: Jolteon|par
|move|p2a: Hypno|Psychic|p1a: Jolteon
|-damage|p1a: Jolteon|1\/333 par
|
|turn|10
|
|cant|p1a: Jolteon|par
|move|p2a: Hypno|Psychic|p1a: Jolteon
|-damage|p1a: Jolteon|0 fnt
|faint|p1a: Jolteon
|
|switch|p1a: Poliwrath|Poliwrath|383\/383
|turn|11
|
|move|p1a: Poliwrath|Amnesia|p1a: Poliwrath
|-boost|p1a: Poliwrath|spd|2
|-boost|p1a: Poliwrath|spa|2
|cant|p2a: Hypno|par
|
|turn|12
|
|switch|p2a: Exeggutor|Exeggutor|393\/393
|move|p1a: Poliwrath|Amnesia|p1a: Poliwrath
|-boost|p1a: Poliwrath|spd|2
|-boost|p1a: Poliwrath|spa|2
|
|turn|13
|
|move|p1a: Poliwrath|Blizzard|p2a: Exeggutor|[miss]
|-miss|p1a: Poliwrath
|move|p2a: Exeggutor|Sleep Powder|p1a: Poliwrath
|-status|p1a: Poliwrath|slp
|
|turn|14
|
|switch|p2a: Alakazam|Alakazam|313\/313
|cant|p1a: Poliwrath|slp
|
|turn|15
|
|switch|p1a: Exeggutor|Exeggutor|370\/393
|move|p2a: Alakazam|Psychic|p1a: Exeggutor
|-resisted|p1a: Exeggutor
|-damage|p1a: Exeggutor|316\/393
|
|turn|16
|
|switch|p2a: Hypno|Hypno|170\/373 par
|move|p1a: Exeggutor|Sleep Powder|p2a: Hypno
|-fail|p2a: Hypno
|
|turn|17
|
|move|p1a: Exeggutor|Double-Edge|p2a: Hypno
|-damage|p2a: Hypno|68\/373 par
|-damage|p1a: Exeggutor|291\/393|[from] recoil|[of] p2a: Hypno
|move|p2a: Hypno|Psychic|p1a: Exeggutor
|-resisted|p1a: Exeggutor
|-damage|p1a: Exeggutor|240\/393
|-unboost|p1a: Exeggutor|spd|1
|-unboost|p1a: Exeggutor|spa|1
|
|turn|18
|
|move|p1a: Exeggutor|Mega Drain|p2a: Hypno
|-crit|p2a: Hypno
|-damage|p2a: Hypno|0 fnt
|-heal|p1a: Exeggutor|274\/393|[from] drain|[of] p2a: Hypno
|faint|p2a: Hypno
|
|switch|p2a: Starmie|Starmie|323\/323
|turn|19
|
|switch|p1a: Poliwrath|Poliwrath|383\/383 slp
|move|p2a: Starmie|Blizzard|p1a: Poliwrath|[miss]
|-miss|p2a: Starmie
|
|turn|20
|
|switch|p1a: Rhydon|Rhydon|413\/413
|move|p2a: Starmie|Thunderbolt|p1a: Rhydon
|-immune|p1a: Rhydon|[msg]
|
|turn|21
|
|move|p2a: Starmie|Blizzard|p1a: Rhydon
|-supereffective|p1a: Rhydon
|-damage|p1a: Rhydon|121\/413
|move|p1a: Rhydon|Body Slam|p2a: Starmie
|-damage|p2a: Starmie|234\/323
|
|turn|22
|
|switch|p1a: Poliwrath|Poliwrath|383\/383 slp
|move|p2a: Starmie|Blizzard|p1a: Poliwrath
|-resisted|p1a: Poliwrath
|-damage|p1a: Poliwrath|320\/383 slp
|
|turn|23
|
|switch|p1a: Exeggutor|Exeggutor|274\/393
|move|p2a: Starmie|Thunderbolt|p1a: Exeggutor
|-crit|p1a: Exeggutor
|-resisted|p1a: Exeggutor
|-damage|p1a: Exeggutor|213\/393
|
|turn|24
|
|move|p2a: Starmie|Blizzard|p1a: Exeggutor
|-supereffective|p1a: Exeggutor
|-damage|p1a: Exeggutor|40\/393
|move|p1a: Exeggutor|Mega Drain|p2a: Starmie
|-supereffective|p2a: Starmie
|-damage|p2a: Starmie|126\/323
|-heal|p1a: Exeggutor|94\/393|[from] drain|[of] p2a: Starmie
|
|turn|25
|
|move|p2a: Starmie|Blizzard|p1a: Exeggutor
|-supereffective|p1a: Exeggutor
|-damage|p1a: Exeggutor|0 fnt
|faint|p1a: Exeggutor
|
|switch|p1a: Tauros|Tauros|353\/353
|turn|26
|
|move|p2a: Starmie|Thunder Wave|p1a: Tauros
|-status|p1a: Tauros|par
|move|p1a: Tauros|Double-Edge|p2a: Starmie
|-damage|p2a: Starmie|0 fnt
|-damage|p1a: Tauros|322\/353 par|[from] recoil|[of] p2a: Starmie
|faint|p2a: Starmie
|
|switch|p2a: Alakazam|Alakazam|313\/313
|turn|27
|
|move|p2a: Alakazam|Reflect|p2a: Alakazam
|-start|p2a: Alakazam|Reflect
|move|p1a: Tauros|Double-Edge|p2a: Alakazam
|-damage|p2a: Alakazam|215\/313
|-damage|p1a: Tauros|298\/353 par|[from] recoil|[of] p2a: Alakazam
|
|turn|28
|
|move|p2a: Alakazam|Psychic|p1a: Tauros
|-damage|p1a: Tauros|144\/353 par
|move|p1a: Tauros|Double-Edge|p2a: Alakazam
|-damage|p2a: Alakazam|116\/313
|-damage|p1a: Tauros|120\/353 par|[from] recoil|[of] p2a: Alakazam
|
|turn|29
|
|move|p2a: Alakazam|Psychic|p1a: Tauros
|-damage|p1a: Tauros|0 fnt
|faint|p1a: Tauros
|
|switch|p1a: Aerodactyl|Aerodactyl|363\/363
|turn|30
|
|move|p1a: Aerodactyl|Agility|p1a: Aerodactyl
|-boost|p1a: Aerodactyl|spe|2
|move|p2a: Alakazam|Recover|p2a: Alakazam
|-heal|p2a: Alakazam|272\/313
|
|turn|31
|
|move|p1a: Aerodactyl|Double-Edge|p2a: Alakazam
|-damage|p2a: Alakazam|209\/313
|-damage|p1a: Aerodactyl|348\/363|[from] recoil|[of] p2a: Alakazam
|move|p2a: Alakazam|Thunder Wave|p1a: Aerodactyl
|-status|p1a: Aerodactyl|par
|
|turn|32
|
|move|p2a: Alakazam|Psychic|p1a: Aerodactyl
|-crit|p1a: Aerodactyl
|-damage|p1a: Aerodactyl|0 fnt
|faint|p1a: Aerodactyl
|
|switch|p1a: Rhydon|Rhydon|121\/413
|turn|33
|
|move|p2a: Alakazam|Psychic|p1a: Rhydon
|-damage|p1a: Rhydon|0 fnt
|faint|p1a: Rhydon
|
|switch|p1a: Poliwrath|Poliwrath|320\/383 slp
|turn|34
|c|★gen1masterrony|gg
|
|move|p2a: Alakazam|Psychic|p1a: Poliwrath
|-crit|p1a: Poliwrath
|-supereffective|p1a: Poliwrath
|-damage|p1a: Poliwrath|0 fnt
|faint|p1a: Poliwrath
|
|win|gen1masterrony
|raw|Ladder updating...
|c|★Brawlio|ye
|raw|Brawlio's rating: 1095 &rarr; <strong>1086<\/strong><br \/>(-9 for losing)
|raw|gen1masterrony's rating: 1352 &rarr; <strong>1360<\/strong><br \/>(+8 for winning)