|join|lsdfjlsdfjl
|join|daw523
|player|p1|lsdfjlsdfjl|9
|player|p2|daw523|1
|gametype|singles
|gen|1
|tier|[Gen 1] Random Battle
|rated
|rule|Sleep Clause Mod: Limit one foe put to sleep
|rule|Freeze Clause Mod: Limit one foe frozen
|rule|HP Percentage Mod: HP is shown in percentages
|
|start
|switch|p1a: Kabuto|Kabuto, L96|252\/252
|switch|p2a: Articuno|Articuno, L85|327\/327
|turn|1
|
|move|p2a: Articuno|Blizzard|p1a: Kabuto
|-resisted|p1a: Kabuto
|-damage|p1a: Kabuto|160\/252
|move|p1a: Kabuto|Body Slam|p2a: Articuno
|-damage|p2a: Articuno|266\/327
|
|turn|2
|
|move|p2a: Articuno|Reflect|p2a: Articuno
|move|p1a: Kabuto|Body Slam|p2a: Articuno
|-damage|p2a: Articuno|235\/327
|
|turn|3
|
|move|p2a: Articuno|Mimic|p1a: Kabuto
|-start|p2a: Articuno|Mimic|Body Slam
|move|p1a: Kabuto|Body Slam|p2a: Articuno
|-damage|p2a: Articuno|204\/327
|
|turn|4
|
|move|p2a: Articuno|Body Slam|p1a: Kabuto
|-resisted|p1a: Kabuto
|-damage|p1a: Kabuto|137\/252
|move|p1a: Kabuto|Body Slam|p2a: Articuno
|-damage|p2a: Articuno|171\/327
|
|turn|5
|
|move|p2a: Articuno|Blizzard|p1a: Kabuto
|-resisted|p1a: Kabuto
|-damage|p1a: Kabuto|41\/252
|move|p1a: Kabuto|Body Slam|p2a: Articuno
|-damage|p2a: Articuno|139\/327
|-status|p2a: Articuno|par
|
|turn|6
|
|move|p1a: Kabuto|Slash|p2a: Articuno
|-crit|p2a: Articuno
|-damage|p2a: Articuno|43\/327 par
|cant|p2a: Articuno|par
|
|turn|7
|
|move|p1a: Kabuto|Slash|p2a: Articuno
|-crit|p2a: Articuno
|-damage|p2a: Articuno|0 fnt
|faint|p2a: Articuno
|
|switch|p2a: Raichu|Raichu, L85|276\/276
|turn|8
|
|move|p2a: Raichu|Body Slam|p1a: Kabuto
|-crit|p1a: Kabuto
|-resisted|p1a: Kabuto
|-damage|p1a: Kabuto|0 fnt
|faint|p1a: Kabuto
|
|switch|p1a: Chansey|Chansey, L79|557\/557
|turn|9
|
|move|p2a: Raichu|Thunder Wave|p1a: Chansey
|-status|p1a: Chansey|par
|move|p1a: Chansey|Ice Beam|p2a: Raichu
|-damage|p2a: Raichu|220\/276
|
|turn|10
|
|move|p2a: Raichu|Body Slam|p1a: Chansey|[miss]
|-miss|p2a: Raichu
|move|p1a: Chansey|Reflect|p1a: Chansey
|
|turn|11
|
|move|p2a: Raichu|Body Slam|p1a: Chansey
|-damage|p1a: Chansey|478\/557 par
|move|p1a: Chansey|Counter|p2a: Raichu
|-damage|p2a: Raichu|62\/276
|
|turn|12
|
|move|p2a: Raichu|Surf|p1a: Chansey
|-crit|p1a: Chansey
|-damage|p1a: Chansey|362\/557 par
|cant|p1a: Chansey|par
|
|turn|13
|
|move|p2a: Raichu|Surf|p1a: Chansey
|-damage|p1a: Chansey|302\/557 par
|move|p1a: Chansey|Soft-Boiled|p1a: Chansey
|-fail|p1a: Chansey
|
|turn|14
|
|move|p2a: Raichu|Surf|p1a: Chansey
|-damage|p1a: Chansey|235\/557 par
|move|p1a: Chansey|Soft-Boiled|p1a: Chansey
|-heal|p1a: Chansey|513\/557 par
|
|turn|15
|
|move|p2a: Raichu|Surf|p1a: Chansey
|-damage|p1a: Chansey|454\/557 par
|cant|p1a: Chansey|par
|
|turn|16
|
|move|p2a: Raichu|Surf|p1a: Chansey
|-damage|p1a: Chansey|393\/557 par
|move|p1a: Chansey|Ice Beam|p2a: Raichu
|-damage|p2a: Raichu|4\/276
|
|turn|17
|
|move|p2a: Raichu|Hyper Beam|p1a: Chansey
|-damage|p1a: Chansey|259\/557 par
|move|p1a: Chansey|Soft-Boiled|p1a: Chansey
|-heal|p1a: Chansey|537\/557 par
|
|turn|18
|
|cant|p2a: Raichu|recharge
|move|p1a: Chansey|Ice Beam|p2a: Raichu
|-damage|p2a: Raichu|0 fnt
|faint|p2a: Raichu
|c|★lsdfjlsdfjl|you're really bad
|
|switch|p2a: Mewtwo|Mewtwo, L68|285\/285
|turn|19
|c|★lsdfjlsdfjl|your team isn't though
|
|move|p2a: Mewtwo|Amnesia|p2a: Mewtwo
|-boost|p2a: Mewtwo|spd|2
|-boost|p2a: Mewtwo|spa|2
|move|p1a: Chansey|Ice Beam|p2a: Mewtwo
|-damage|p2a: Mewtwo|260\/285
|
|turn|20
|
|move|p2a: Mewtwo|Amnesia|p2a: Mewtwo
|-boost|p2a: Mewtwo|spd|2
|-boost|p2a: Mewtwo|spa|2
|move|p1a: Chansey|Ice Beam|p2a: Mewtwo
|-damage|p2a: Mewtwo|241\/285
|
|turn|21
|
|move|p2a: Mewtwo|Amnesia|p2a: Mewtwo
|-boost|p2a: Mewtwo|spd|2
|-boost|p2a: Mewtwo|spa|2
|move|p1a: Chansey|Ice Beam|p2a: Mewtwo
|-damage|p2a: Mewtwo|227\/285
|-status|p2a: Mewtwo|frz
|
|turn|22
|c|★lsdfjlsdfjl|get fucked
|
|switch|p1a: Psyduck|Psyduck, L96|291\/291
|cant|p2a: Mewtwo|frz
|
|turn|23
|c|★lsdfjlsdfjl|20% chance to thaw go for it
|
|switch|p2a: Muk|Muk, L85|352\/352
|move|p1a: Psyduck|Amnesia|p1a: Psyduck
|-boost|p1a: Psyduck|spd|2
|-boost|p1a: Psyduck|spa|2
|
|turn|24
|
|move|p1a: Psyduck|Surf|p2a: Muk
|-damage|p2a: Muk|136\/352
|move|p2a: Muk|Body Slam|p1a: Psyduck
|-damage|p1a: Psyduck|206\/291
|
|turn|25
|
|move|p1a: Psyduck|Surf|p2a: Muk
|-damage|p2a: Muk|0 fnt
|faint|p2a: Muk
|
|switch|p2a: Victreebel|Victreebel, L85|310\/310
|turn|26
|
|switch|p1a: Kakuna|Kakuna, L99|290\/290
|move|p2a: Victreebel|Stun Spore|p1a: Kakuna
|-status|p1a: Kakuna|par
|
|turn|27
|
|move|p2a: Victreebel|Swords Dance|p2a: Victreebel
|-boost|p2a: Victreebel|atk|2
|cant|p1a: Kakuna|par
|
|turn|28
|
|move|p2a: Victreebel|Swords Dance|p2a: Victreebel
|-boost|p2a: Victreebel|atk|2
|cant|p1a: Kakuna|par
|
|turn|29
|
|move|p2a: Victreebel|Swords Dance|p2a: Victreebel
|-boost|p2a: Victreebel|atk|2
|move|p1a: Kakuna|String Shot|p2a: Victreebel
|-unboost|p2a: Victreebel|spe|1
|
|turn|30
|
|move|p2a: Victreebel|Hyper Beam|p1a: Kakuna|[miss]
|-miss|p2a: Victreebel
|move|p1a: Kakuna|Poison Sting|p2a: Victreebel
|-damage|p2a: Victreebel|296\/310
|
|turn|31
|
|move|p2a: Victreebel|Hyper Beam|p1a: Kakuna
|-damage|p1a: Kakuna|0 fnt
|faint|p1a: Kakuna
|
|switch|p1a: Tauros|Tauros, L79|280\/280
|turn|32
|
|move|p1a: Tauros|Hyper Beam|p2a: Victreebel
|-damage|p2a: Victreebel|129\/310
|move|p2a: Victreebel|Stun Spore|p1a: Tauros
|-status|p1a: Tauros|par
|
|turn|33
|
|move|p2a: Victreebel|Hyper Beam|p1a: Tauros|[miss]
|-miss|p2a: Victreebel
|cant|p1a: Tauros|par
|
|turn|34
|
|move|p2a: Victreebel|Hyper Beam|p1a: Tauros
|-damage|p1a: Tauros|0 fnt
|faint|p1a: Tauros
|
|switch|p1a: Psyduck|Psyduck, L96|206\/291
|turn|35
|
|move|p1a: Psyduck|Body Slam|p2a: Victreebel
|-crit|p2a: Victreebel
|-damage|p2a: Victreebel|1\/310
|move|p2a: Victreebel|Hyper Beam|p1a: Psyduck|[miss]
|-miss|p2a: Victreebel
|
|turn|36
|
|move|p1a: Psyduck|Surf|p2a: Victreebel
|-resisted|p2a: Victreebel
|-damage|p2a: Victreebel|0 fnt
|faint|p2a: Victreebel
|
|switch|p2a: Tangela|Tangela, L85|284\/284
|turn|37
|
|move|p1a: Psyduck|Body Slam|p2a: Tangela
|-damage|p2a: Tangela|240\/284
|move|p2a: Tangela|Sleep Powder|p1a: Psyduck
|-status|p1a: Psyduck|slp
|
|turn|38
|
|switch|p1a: Alakazam|Alakazam, L79|249\/249
|move|p2a: Tangela|Mega Drain|p1a: Alakazam
|-damage|p1a: Alakazam|214\/249
|-heal|p2a: Tangela|257\/284|[from] drain|[of] p1a: Alakazam
|
|turn|39
|c|★lsdfjlsdfjl|enjoy
|
|move|p1a: Alakazam|Thunder Wave|p2a: Tangela
|-status|p2a: Tangela|par
|move|p2a: Tangela|Body Slam|p1a: Alakazam
|-damage|p1a: Alakazam|149\/249
|
|turn|40
|
|move|p1a: Alakazam|Reflect|p1a: Alakazam
|move|p2a: Tangela|Body Slam|p1a: Alakazam
|-damage|p1a: Alakazam|115\/249
|-status|p1a: Alakazam|par
|
|turn|41
|
|move|p1a: Alakazam|Recover|p1a: Alakazam
|-heal|p1a: Alakazam|239\/249 par
|move|p2a: Tangela|Body Slam|p1a: Alakazam
|-damage|p1a: Alakazam|204\/249 par
|
|turn|42
|
|move|p1a: Alakazam|Seismic Toss|p2a: Tangela
|-damage|p2a: Tangela|178\/284 par
|move|p2a: Tangela|Body Slam|p1a: Alakazam
|-damage|p1a: Alakazam|167\/249 par
|
|turn|43
|
|move|p1a: Alakazam|Seismic Toss|p2a: Tangela
|-damage|p2a: Tangela|99\/284 par
|move|p2a: Tangela|Body Slam|p1a: Alakazam
|-damage|p1a: Alakazam|135\/249 par
|
|turn|44
|
|move|p1a: Alakazam|Recover|p1a: Alakazam
|-heal|p1a: Alakazam|249\/249 par
|move|p2a: Tangela|Body Slam|p1a: Alakazam
|-damage|p1a: Alakazam|212\/249 par
|
|turn|45
|
|move|p1a: Alakazam|Seismic Toss|p2a: Tangela
|-damage|p2a: Tangela|20\/284 par
|move|p2a: Tangela|Body Slam|p1a: Alakazam
|-damage|p1a: Alakazam|177\/249 par
|
|turn|46
|
|move|p1a: Alakazam|Recover|p1a: Alakazam
|-heal|p1a: Alakazam|249\/249 par
|cant|p2a: Tangela|par
|
|turn|47
|
|cant|p1a: Alakazam|par
|move|p2a: Tangela|Hyper Beam|p1a: Alakazam
|-crit|p1a: Alakazam
|-damage|p1a: Alakazam|18\/249 par
|
|turn|48
|
|move|p1a: Alakazam|Seismic Toss|p2a: Tangela
|-damage|p2a: Tangela|0 fnt
|faint|p2a: Tangela
|
|switch|p2a: Mewtwo|Mewtwo, L68|227\/285 frz
|turn|49
|
|cant|p2a: Mewtwo|frz
|move|p1a: Alakazam|Recover|p1a: Alakazam
|-heal|p1a: Alakazam|142\/249 par
|
|turn|50
|c|★lsdfjlsdfjl|mk
|
|cant|p2a: Mewtwo|frz
|cant|p1a: Alakazam|par
|
|turn|51
|
|cant|p2a: Mewtwo|frz
|cant|p1a: Alakazam|par
|
|turn|52
|
|cant|p2a: Mewtwo|frz
|move|p1a: Alakazam|Recover|p1a: Alakazam
|-heal|p1a: Alakazam|249\/249 par
|
|turn|53
|c|★lsdfjlsdfjl|even with hax you sucked enough to lsoe
|c|★lsdfjlsdfjl|lose
|
|switch|p1a: Psyduck|Psyduck, L96|206\/291 slp
|cant|p2a: Mewtwo|frz
|
|turn|54
|
|cant|p2a: Mewtwo|frz
|cant|p1a: Psyduck|slp
|
|turn|55
|
|cant|p2a: Mewtwo|frz
|cant|p1a: Psyduck|slp
|
|turn|56
|
|cant|p2a: Mewtwo|frz
|cant|p1a: Psyduck|slp
|
|turn|57
|
|cant|p2a: Mewtwo|frz
|cant|p1a: Psyduck|slp
|-curestatus|p1a: Psyduck|slp
|
|turn|58
|
|cant|p2a: Mewtwo|frz
|move|p1a: Psyduck|Amnesia|p1a: Psyduck
|-boost|p1a: Psyduck|spd|2
|-boost|p1a: Psyduck|spa|2
|
|turn|59
|
|cant|p2a: Mewtwo|frz
|move|p1a: Psyduck|Amnesia|p1a: Psyduck
|-boost|p1a: Psyduck|spd|2
|-boost|p1a: Psyduck|spa|2
|
|turn|60
|
|cant|p2a: Mewtwo|frz
|move|p1a: Psyduck|Amnesia|p1a: Psyduck
|-boost|p1a: Psyduck|spd|2
|-boost|p1a: Psyduck|spa|2
|
|turn|61
|
|cant|p2a: Mewtwo|frz
|move|p1a: Psyduck|Rest|p1a: Psyduck
|-status|p1a: Psyduck|slp
|-heal|p1a: Psyduck|291\/291 slp|[silent]
|-status|p1a: Psyduck|slp|[from] move: Rest
|
|turn|62
|
|cant|p2a: Mewtwo|frz
|cant|p1a: Psyduck|slp
|
|turn|63
|c|★lsdfjlsdfjl|psyduck needs to be at full health for his shining hour
|c|★lsdfjlsdfjl|props to you for taking this embarrassment and not forfeiting
|
|cant|p2a: Mewtwo|frz
|cant|p1a: Psyduck|slp
|-curestatus|p1a: Psyduck|slp
|
|turn|64
|
|cant|p2a: Mewtwo|frz
|move|p1a: Psyduck|Surf|p2a: Mewtwo
|-damage|p2a: Mewtwo|0 fnt
|faint|p2a: Mewtwo
|
|win|lsdfjlsdfjl
|raw|Ladder updating...
|raw|lsdfjlsdfjl's rating: 1046 &rarr; <strong>1098<\/strong><br \/>(+52 for winning)
|raw|daw523's rating: 1270 &rarr; <strong>1231<\/strong><br \/>(-39 for losing)
|leave|daw523
|player|p2
|c|★lsdfjlsdfjl|lmfao how were you 1270