|j|Hargnyque
|j|King UU
|player|p1|Hargnyque|26
|player|p2|King UU|#kinguu
|gametype|singles
|gen|1
|tier|[Gen 1] OU
|seed|27225,4654,33030,6548
|rule|Sleep Clause Mod: Limit one foe put to sleep
|rule|Freeze Clause Mod: Limit one foe frozen
|rule|Species Clause: Limit one of each Pokémon
|rule|OHKO Clause: OHKO moves are banned
|rule|Evasion Moves Clause: Evasion moves are banned
|rule|HP Percentage Mod: HP is shown in percentages
|
|start
|switch|p1a: Jynx|Jynx|333\/333
|switch|p2a: Gengar|Gengar|323\/323
|turn|1
|choice|move 3|move 1
|
|move|p2a: Gengar|Hypnosis|p1a: Jynx
|-status|p1a: Jynx|slp
|cant|p1a: Jynx|slp
|
|turn|2
|choice|switch 6|move 3
|
|switch|p1a: Chansey|Chansey|703\/703
|move|p2a: Gengar|Thunderbolt|p1a: Chansey
|-damage|p1a: Chansey|618\/703
|
|turn|3
|choice|move 4|switch 5
|
|switch|p2a: Golem|Golem|363\/363
|move|p1a: Chansey|Ice Beam|p2a: Golem
|-supereffective|p2a: Golem
|-damage|p2a: Golem|146\/363
|
|turn|4
|choice|move 4|move 4
|
|move|p1a: Chansey|Ice Beam|p2a: Golem
|-supereffective|p2a: Golem
|-damage|p2a: Golem|0 fnt
|faint|p2a: Golem
|choice||switch 3
|
|switch|p2a: Starmie|Starmie|323\/323
|turn|5
|choice|move 4|move 1
|
|move|p2a: Starmie|Blizzard|p1a: Chansey
|-damage|p1a: Chansey|524\/703
|move|p1a: Chansey|Ice Beam|p2a: Starmie
|-resisted|p2a: Starmie
|-damage|p2a: Starmie|287\/323
|
|turn|6
|choice|move 2|move 1
|
|move|p2a: Starmie|Blizzard|p1a: Chansey
|-damage|p1a: Chansey|439\/703
|move|p1a: Chansey|Thunder Wave|p2a: Starmie
|-status|p2a: Starmie|par
|
|turn|7
|choice|move 1|move 4
|
|move|p1a: Chansey|Soft-Boiled|p1a: Chansey
|-heal|p1a: Chansey|703\/703
|move|p2a: Starmie|Thunder Wave|p1a: Chansey
|-status|p1a: Chansey|par
|
|turn|8
|choice|move 3|move 2
|
|move|p2a: Starmie|Thunderbolt|p1a: Chansey
|-damage|p1a: Chansey|633\/703 par
|cant|p1a: Chansey|par
|
|turn|9
|choice|move 3|move 2
|
|move|p2a: Starmie|Thunderbolt|p1a: Chansey
|-damage|p1a: Chansey|559\/703 par
|move|p1a: Chansey|Seismic Toss|p2a: Starmie
|-damage|p2a: Starmie|187\/323 par
|
|turn|10
|choice|switch 4|move 3
|
|switch|p1a: Snorlax|Snorlax|523\/523
|move|p2a: Starmie|Recover|p2a: Starmie
|-heal|p2a: Starmie|323\/323 par
|
|turn|11
|choice|move 1|move 1
|
|move|p1a: Snorlax|Amnesia|p1a: Snorlax
|-boost|p1a: Snorlax|spd|2
|-boost|p1a: Snorlax|spa|2
|move|p2a: Starmie|Blizzard|p1a: Snorlax
|-damage|p1a: Snorlax|458\/523
|
|turn|12
|choice|move 1|move 1
|
|move|p1a: Snorlax|Amnesia|p1a: Snorlax
|-boost|p1a: Snorlax|spd|2
|-boost|p1a: Snorlax|spa|2
|move|p2a: Starmie|Blizzard|p1a: Snorlax
|-crit|p1a: Snorlax
|-damage|p1a: Snorlax|217\/523
|
|turn|13
|choice|move 4|move 1
|
|move|p1a: Snorlax|Thunderbolt|p2a: Starmie
|-supereffective|p2a: Starmie
|-damage|p2a: Starmie|0 fnt
|faint|p2a: Starmie
|choice||switch 5
|
|switch|p2a: Gengar|Gengar|323\/323
|turn|14
|choice|move 2|move 2
|
|move|p2a: Gengar|Explosion|p1a: Snorlax
|-damage|p1a: Snorlax|0 fnt
|faint|p1a: Snorlax
|faint|p2a: Gengar
|choice|switch 3|switch 4
|
|switch|p2a: Jolteon|Jolteon|333\/333
|switch|p1a: Starmie|Starmie|323\/323
|turn|15
|choice|switch 4|move 1
|
|switch|p1a: Chansey|Chansey|559\/703 par
|move|p2a: Jolteon|Thunderbolt|p1a: Chansey
|-damage|p1a: Chansey|443\/703 par
|
|turn|16
|choice|move 1|move 4
|
|move|p2a: Jolteon|Double Kick|p1a: Chansey
|-supereffective|p1a: Chansey
|-damage|p1a: Chansey|346\/703 par
|-damage|p1a: Chansey|249\/703 par
|-hitcount|p1a: Chansey|2
|move|p1a: Chansey|Soft-Boiled|p1a: Chansey
|-heal|p1a: Chansey|600\/703 par
|
|turn|17
|choice|move 3|move 4
|
|move|p2a: Jolteon|Double Kick|p1a: Chansey
|-supereffective|p1a: Chansey
|-damage|p1a: Chansey|490\/703 par
|-damage|p1a: Chansey|380\/703 par
|-hitcount|p1a: Chansey|2
|cant|p1a: Chansey|par
|
|turn|18
|choice|move 1|move 4
|
|move|p2a: Jolteon|Double Kick|p1a: Chansey
|-crit|p1a: Chansey
|-supereffective|p1a: Chansey
|-damage|p1a: Chansey|170\/703 par
|-damage|p1a: Chansey|0 fnt
|-hitcount|p1a: Chansey|2
|faint|p1a: Chansey
|choice|switch 2|
|
|switch|p1a: Tauros|Tauros|353\/353
|turn|19
|choice|move 1|move 1
|
|move|p2a: Jolteon|Thunderbolt|p1a: Tauros
|-damage|p1a: Tauros|213\/353
|move|p1a: Tauros|Earthquake|p2a: Jolteon
|-supereffective|p2a: Jolteon
|-damage|p2a: Jolteon|104\/333
|
|turn|20
|choice|move 2|switch 6
|
|switch|p2a: Exeggutor|Exeggutor|393\/393
|move|p1a: Tauros|Body Slam|p2a: Exeggutor
|-damage|p2a: Exeggutor|279\/393
|
|turn|21
|choice|switch 6|move 4
|
|switch|p1a: Jynx|Jynx|333\/333 slp
|move|p2a: Exeggutor|Mega Drain|p1a: Jynx
|-damage|p1a: Jynx|276\/333 slp
|-heal|p2a: Exeggutor|307\/393|[from] drain|[of] p1a: Jynx
|
|turn|22
|choice|move 2|move 4
|
|cant|p1a: Jynx|slp
|move|p2a: Exeggutor|Mega Drain|p1a: Jynx
|-damage|p1a: Jynx|222\/333 slp
|-heal|p2a: Exeggutor|334\/393|[from] drain|[of] p1a: Jynx
|
|turn|23
|choice|move 2|move 1
|
|cant|p1a: Jynx|slp
|move|p2a: Exeggutor|Sleep Powder|p1a: Jynx
|-fail|p1a: Jynx|slp
|
|turn|24
|choice|move 2|switch 6
|
|switch|p2a: Jolteon|Jolteon|104\/333
|cant|p1a: Jynx|slp
|
|turn|25
|choice|move 2|move 1
|
|move|p2a: Jolteon|Thunderbolt|p1a: Jynx
|-damage|p1a: Jynx|108\/333 slp
|-curestatus|p1a: Jynx|slp
|
|turn|26
|choice|move 2|move 1
|
|move|p2a: Jolteon|Thunderbolt|p1a: Jynx
|-damage|p1a: Jynx|0 fnt
|faint|p1a: Jynx
|choice|switch 6|
|
|switch|p1a: Tauros|Tauros|213\/353
|turn|27
|choice|move 2|switch 6
|
|switch|p2a: Exeggutor|Exeggutor|334\/393
|move|p1a: Tauros|Body Slam|p2a: Exeggutor
|-damage|p2a: Exeggutor|232\/393
|
|turn|28
|choice|move 4|move 1
|
|move|p1a: Tauros|Blizzard|p2a: Exeggutor
|-supereffective|p2a: Exeggutor
|-damage|p2a: Exeggutor|105\/393
|move|p2a: Exeggutor|Sleep Powder|p1a: Tauros
|-status|p1a: Tauros|slp
|
|turn|29
|choice|move 2|move 4
|
|cant|p1a: Tauros|slp
|move|p2a: Exeggutor|Mega Drain|p1a: Tauros
|-damage|p1a: Tauros|141\/353 slp
|-heal|p2a: Exeggutor|141\/393|[from] drain|[of] p1a: Tauros
|
|turn|30
|choice|move 2|move 2
|
|cant|p1a: Tauros|slp
|move|p2a: Exeggutor|Psychic|p1a: Tauros
|-damage|p1a: Tauros|0 fnt
|faint|p1a: Tauros
|choice|switch 4|
|
|switch|p1a: Starmie|Starmie|323\/323
|turn|31
|choice|move 2|switch 2
|
|switch|p2a: Chansey|Chansey|703\/703
|move|p1a: Starmie|Ice Beam|p2a: Chansey
|-damage|p2a: Chansey|637\/703
|
|turn|32
|choice|move 2|move 3
|
|move|p1a: Starmie|Ice Beam|p2a: Chansey
|-damage|p2a: Chansey|567\/703
|move|p2a: Chansey|Thunder Wave|p1a: Starmie
|-status|p1a: Starmie|par
|
|turn|33
|choice|move 2|switch 2
|
|switch|p2a: Exeggutor|Exeggutor|141\/393
|move|p1a: Starmie|Ice Beam|p2a: Exeggutor
|-crit|p2a: Exeggutor
|-supereffective|p2a: Exeggutor
|-damage|p2a: Exeggutor|0 fnt
|faint|p2a: Exeggutor
|choice||switch 6
|
|switch|p2a: Jolteon|Jolteon|104\/333
|turn|34
|choice|switch 5|move 1
|
|switch|p1a: Zapdos|Zapdos|383\/383
|move|p2a: Jolteon|Thunderbolt|p1a: Zapdos
|-damage|p1a: Zapdos|288\/383
|
|turn|35
|choice|move 2|switch 2
|
|switch|p2a: Chansey|Chansey|567\/703
|move|p1a: Zapdos|Drill Peck|p2a: Chansey
|-damage|p2a: Chansey|323\/703
|
|turn|36
|choice|move 2|move 2
|
|move|p1a: Zapdos|Drill Peck|p2a: Chansey
|-crit|p2a: Chansey
|-damage|p2a: Chansey|0 fnt
|faint|p2a: Chansey
|choice||switch 2
|
|switch|p2a: Jolteon|Jolteon|104\/333
|turn|37
|choice|move 2|move 2
|
|move|p2a: Jolteon|Thunder Wave|p1a: Zapdos
|-status|p1a: Zapdos|par
|cant|p1a: Zapdos|par
|
|turn|38
|choice|move 2|move 1
|
|move|p2a: Jolteon|Thunderbolt|p1a: Zapdos
|-damage|p1a: Zapdos|187\/383 par
|move|p1a: Zapdos|Drill Peck|p2a: Jolteon
|-resisted|p2a: Jolteon
|-damage|p2a: Jolteon|44\/333
|
|turn|39
|choice|move 2|move 1
|
|move|p2a: Jolteon|Thunderbolt|p1a: Zapdos
|-damage|p1a: Zapdos|83\/383 par
|move|p1a: Zapdos|Drill Peck|p2a: Jolteon
|-resisted|p2a: Jolteon
|-damage|p2a: Jolteon|0 fnt
|faint|p2a: Jolteon
|
|win|Hargnyque
|c|★King UU|gg
|l|King UU
|player|p2
|c|★Hargnyque|tight