|join|Hargnyque
|join|Yames Tumppi
|player|p1|Hargnyque|26
|player|p2|Yames Tumppi|1
|gametype|singles
|gen|1
|tier|[Gen 1] Random Battle
|rated
|rule|Sleep Clause Mod: Limit one foe put to sleep
|rule|Freeze Clause Mod: Limit one foe frozen
|rule|HP Percentage Mod: HP is shown in percentages
|
|start
|switch|p1a: Cloyster|Cloyster, L83|253\/253
|switch|p2a: Mankey|Mankey, L96|272\/272
|turn|1
|
|move|p2a: Mankey|Submission|p1a: Cloyster|[miss]
|-miss|p2a: Mankey
|move|p1a: Cloyster|Ice Beam|p2a: Mankey
|-damage|p2a: Mankey|135\/272
|
|turn|2
|
|switch|p1a: Gengar|Gengar, L79|257\/257
|move|p2a: Mankey|Submission|p1a: Gengar
|-immune|p1a: Gengar|[msg]
|
|turn|3
|
|move|p1a: Gengar|Hypnosis|p2a: Mankey
|-status|p2a: Mankey|slp
|cant|p2a: Mankey|slp
|
|turn|4
|
|move|p1a: Gengar|Psychic|p2a: Mankey
|-crit|p2a: Mankey
|-supereffective|p2a: Mankey
|-damage|p2a: Mankey|0 fnt
|faint|p2a: Mankey
|
|switch|p2a: Mewtwo|Mewtwo, L70|293\/293
|turn|5
|
|switch|p1a: Caterpie|Caterpie, L99|290\/290
|move|p2a: Mewtwo|Psychic|p1a: Caterpie
|-crit|p1a: Caterpie
|-damage|p1a: Caterpie|0 fnt
|faint|p1a: Caterpie
|c|★Yames Tumppi|lol
|
|switch|p1a: Gengar|Gengar, L79|257\/257
|turn|6
|
|move|p2a: Mewtwo|Psychic|p1a: Gengar
|-supereffective|p1a: Gengar
|-damage|p1a: Gengar|104\/257
|move|p1a: Gengar|Explosion|p2a: Mewtwo
|-damage|p2a: Mewtwo|107\/293
|faint|p1a: Gengar
|
|switch|p1a: Beedrill|Beedrill, L90|300\/300
|turn|7
|
|move|p2a: Mewtwo|Psychic|p1a: Beedrill
|-crit|p1a: Beedrill
|-supereffective|p1a: Beedrill
|-damage|p1a: Beedrill|0 fnt
|faint|p1a: Beedrill
|
|switch|p1a: Fearow|Fearow, L90|300\/300
|turn|8
|
|move|p1a: Fearow|Drill Peck|p2a: Mewtwo
|-crit|p2a: Mewtwo
|-damage|p2a: Mewtwo|0 fnt
|faint|p2a: Mewtwo
|
|switch|p2a: Golem|Golem, L79|288\/288
|turn|9
|
|switch|p1a: Cloyster|Cloyster, L83|253\/253
|move|p2a: Golem|Rock Slide|p1a: Cloyster
|-supereffective|p1a: Cloyster
|-damage|p1a: Cloyster|157\/253
|
|turn|10
|
|switch|p2a: Poliwhirl|Poliwhirl, L85|284\/284
|move|p1a: Cloyster|Surf|p2a: Poliwhirl
|-resisted|p2a: Poliwhirl
|-damage|p2a: Poliwhirl|225\/284
|
|turn|11
|
|move|p2a: Poliwhirl|Hypnosis|p1a: Cloyster
|-status|p1a: Cloyster|slp
|-curestatus|p1a: Cloyster|slp
|
|turn|12
|
|move|p2a: Poliwhirl|Hypnosis|p1a: Cloyster
|-status|p1a: Cloyster|slp
|cant|p1a: Cloyster|slp
|
|turn|13
|
|switch|p1a: Fearow|Fearow, L90|300\/300
|move|p2a: Poliwhirl|Psychic|p1a: Fearow
|-damage|p1a: Fearow|244\/300
|-unboost|p1a: Fearow|spd|1
|-unboost|p1a: Fearow|spa|1
|
|turn|14
|
|move|p1a: Fearow|Drill Peck|p2a: Poliwhirl
|-damage|p2a: Poliwhirl|107\/284
|move|p2a: Poliwhirl|Blizzard|p1a: Fearow|[miss]
|-miss|p2a: Poliwhirl
|
|turn|15
|
|move|p1a: Fearow|Drill Peck|p2a: Poliwhirl
|-damage|p2a: Poliwhirl|0 fnt
|faint|p2a: Poliwhirl
|
|switch|p2a: Golem|Golem, L79|288\/288
|turn|16
|
|switch|p1a: Cloyster|Cloyster, L83|157\/253 slp
|move|p2a: Golem|Rock Slide|p1a: Cloyster|[miss]
|-miss|p2a: Golem
|
|turn|17
|
|cant|p1a: Cloyster|slp
|move|p2a: Golem|Earthquake|p1a: Cloyster
|-damage|p1a: Cloyster|93\/253 slp
|
|turn|18
|
|cant|p1a: Cloyster|slp
|move|p2a: Golem|Rock Slide|p1a: Cloyster
|-supereffective|p1a: Cloyster
|-damage|p1a: Cloyster|1\/253 slp
|
|turn|19
|
|cant|p1a: Cloyster|slp
|move|p2a: Golem|Body Slam|p1a: Cloyster
|-damage|p1a: Cloyster|0 fnt
|faint|p1a: Cloyster
|
|switch|p1a: Dragonite|Dragonite, L85|328\/328
|turn|20
|
|move|p1a: Dragonite|Body Slam|p2a: Golem
|-crit|p2a: Golem
|-resisted|p2a: Golem
|-damage|p2a: Golem|224\/288
|move|p2a: Golem|Explosion|p1a: Dragonite
|-damage|p1a: Dragonite|114\/328
|faint|p2a: Golem
|
|switch|p2a: Jigglypuff|Jigglypuff, L99|428\/428
|turn|21
|c|★Yames Tumppi|this would work in gen 6
|
|move|p1a: Dragonite|Body Slam|p2a: Jigglypuff
|-damage|p2a: Jigglypuff|300\/428
|move|p2a: Jigglypuff|Thunder Wave|p1a: Dragonite
|-status|p1a: Dragonite|par
|
|turn|22
|c|★Hargnyque|Catherpie...
|
|move|p2a: Jigglypuff|Disable|p1a: Dragonite|[miss]
|-miss|p2a: Jigglypuff
|move|p1a: Dragonite|Hyper Beam|p2a: Jigglypuff
|-damage|p2a: Jigglypuff|86\/428
|
|turn|23
|-mustrecharge|p1a: Dragonite
|-mustrecharge|p1a: Dragonite
|
|switch|p2a: Primeape|Primeape, L90|300\/300
|cant|p1a: Dragonite|recharge
|
|turn|24
|
|move|p2a: Primeape|Rock Slide|p1a: Dragonite
|-supereffective|p1a: Dragonite
|-damage|p1a: Dragonite|0 fnt
|faint|p1a: Dragonite
|
|switch|p1a: Fearow|Fearow, L90|244\/300
|turn|25
|
|move|p1a: Fearow|Drill Peck|p2a: Primeape
|-supereffective|p2a: Primeape
|-damage|p2a: Primeape|86\/300
|move|p2a: Primeape|Rock Slide|p1a: Fearow
|-supereffective|p1a: Fearow
|-damage|p1a: Fearow|104\/300
|
|turn|26
|c|★Yames Tumppi|gg
|
|move|p1a: Fearow|Drill Peck|p2a: Primeape
|-crit|p2a: Primeape
|-supereffective|p2a: Primeape
|-damage|p2a: Primeape|0 fnt
|faint|p2a: Primeape
|
|switch|p2a: Jigglypuff|Jigglypuff, L99|86\/428
|turn|27
|c|★Hargnyque|Luckily you exploded...
|
|move|p1a: Fearow|Drill Peck|p2a: Jigglypuff
|-damage|p2a: Jigglypuff|0 fnt
|faint|p2a: Jigglypuff
|
|win|Hargnyque
|raw|Hargnyque's rating: 1181 &rarr; <strong>1194<\/strong><br \/>(+13 for winning)
|raw|Yames Tumppi's rating: 1000 &rarr; <strong>1000<\/strong><br \/>(+0 for losing)
|leave|Yames Tumppi
|player|p2