|join|baseballjays33
|join|andrewandres
|player|p1|baseballjays33|241
|player|p2|andrewandres|1
|gametype|singles
|gen|1
|tier|[Gen 1] Random Battle
|rated
|rule|Sleep Clause Mod: Limit one foe put to sleep
|rule|Freeze Clause Mod: Limit one foe frozen
|rule|HP Percentage Mod: HP is shown in percentages
|
|start
|switch|p1a: Kabutops|Kabutops, L86|279\/279
|switch|p2a: Ivysaur|Ivysaur, L86|279\/279
|turn|1
|
|switch|p1a: Charizard|Charizard, L86|310\/310
|move|p2a: Ivysaur|Sleep Powder|p1a: Charizard
|-status|p1a: Charizard|slp
|
|turn|2
|
|cant|p1a: Charizard|slp
|move|p2a: Ivysaur|Swords Dance|p2a: Ivysaur
|-boost|p2a: Ivysaur|atk|2
|
|turn|3
|
|cant|p1a: Charizard|slp
|move|p2a: Ivysaur|Body Slam|p1a: Charizard
|-crit|p1a: Charizard
|-damage|p1a: Charizard|217\/310 slp
|
|turn|4
|
|switch|p2a: Wigglytuff|Wigglytuff, L86|416\/416
|cant|p1a: Charizard|slp
|
|turn|5
|
|cant|p1a: Charizard|slp
|move|p2a: Wigglytuff|Bubble Beam|p1a: Charizard
|-supereffective|p1a: Charizard
|-damage|p1a: Charizard|151\/310 slp
|
|turn|6
|
|cant|p1a: Charizard|slp
|-curestatus|p1a: Charizard|slp
|move|p2a: Wigglytuff|Bubble Beam|p1a: Charizard
|-supereffective|p1a: Charizard
|-damage|p1a: Charizard|90\/310
|
|turn|7
|c|★baseballjays33|he needed a long nap
|
|move|p1a: Charizard|Swords Dance|p1a: Charizard
|-boost|p1a: Charizard|atk|2
|move|p2a: Wigglytuff|Hyper Beam|p1a: Charizard|[miss]
|-miss|p2a: Wigglytuff
|
|turn|8
|c|★andrewandres|lol..
|
|move|p1a: Charizard|Hyper Beam|p2a: Wigglytuff
|-crit|p2a: Wigglytuff
|-damage|p2a: Wigglytuff|134\/416
|move|p2a: Wigglytuff|Hyper Beam|p1a: Charizard
|-damage|p1a: Charizard|0 fnt
|faint|p1a: Charizard
|
|switch|p1a: Kabutops|Kabutops, L86|279\/279
|turn|9
|
|move|p1a: Kabutops|Swords Dance|p1a: Kabutops
|-boost|p1a: Kabutops|atk|2
|move|p2a: Wigglytuff|Bubble Beam|p1a: Kabutops
|-damage|p1a: Kabutops|241\/279
|-unboost|p1a: Kabutops|spe|1
|
|turn|10
|
|move|p2a: Wigglytuff|Hyper Beam|p1a: Kabutops
|-resisted|p1a: Kabutops
|-damage|p1a: Kabutops|183\/279
|move|p1a: Kabutops|Body Slam|p2a: Wigglytuff
|-damage|p2a: Wigglytuff|0 fnt
|faint|p2a: Wigglytuff
|
|switch|p2a: Ivysaur|Ivysaur, L86|279\/279
|turn|11
|
|switch|p1a: Tangela|Tangela, L86|287\/287
|move|p2a: Ivysaur|Sleep Powder|p1a: Tangela
|-status|p1a: Tangela|slp
|
|turn|12
|
|switch|p1a: Blastoise|Blastoise, L86|311\/311
|move|p2a: Ivysaur|Swords Dance|p2a: Ivysaur
|-boost|p2a: Ivysaur|atk|2
|
|turn|13
|
|move|p1a: Blastoise|Blizzard|p2a: Ivysaur|[miss]
|-miss|p1a: Blastoise
|move|p2a: Ivysaur|Razor Leaf|p1a: Blastoise
|-crit|p1a: Blastoise
|-supereffective|p1a: Blastoise
|-damage|p1a: Blastoise|109\/311
|
|turn|14
|
|move|p1a: Blastoise|Blizzard|p2a: Ivysaur
|-crit|p2a: Ivysaur
|-supereffective|p2a: Ivysaur
|-damage|p2a: Ivysaur|0 fnt
|faint|p2a: Ivysaur
|c|★andrewandres|of course..
|
|switch|p2a: Exeggutor|Exeggutor, L82|324\/324
|turn|15
|
|move|p1a: Blastoise|Blizzard|p2a: Exeggutor
|-supereffective|p2a: Exeggutor
|-damage|p2a: Exeggutor|201\/324
|-status|p2a: Exeggutor|frz
|cant|p2a: Exeggutor|frz
|
|turn|16
|
|move|p1a: Blastoise|Blizzard|p2a: Exeggutor
|-supereffective|p2a: Exeggutor
|-damage|p2a: Exeggutor|62\/324 frz
|cant|p2a: Exeggutor|frz
|
|turn|17
|c|★andrewandres|lol..
|
|move|p1a: Blastoise|Blizzard|p2a: Exeggutor
|-supereffective|p2a: Exeggutor
|-damage|p2a: Exeggutor|0 fnt
|faint|p2a: Exeggutor
|
|switch|p2a: Alakazam|Alakazam, L82|258\/258
|turn|18
|
|move|p2a: Alakazam|Thunder Wave|p1a: Blastoise
|-status|p1a: Blastoise|par
|cant|p1a: Blastoise|par
|
|turn|19
|
|move|p2a: Alakazam|Psychic|p1a: Blastoise
|-crit|p1a: Blastoise
|-damage|p1a: Blastoise|0 fnt
|faint|p1a: Blastoise
|
|switch|p1a: Magneton|Magneton, L86|261\/261
|turn|20
|
|move|p2a: Alakazam|Thunder Wave|p1a: Magneton
|-status|p1a: Magneton|par
|move|p1a: Magneton|Double-Edge|p2a: Alakazam
|-damage|p2a: Alakazam|178\/258
|-damage|p1a: Magneton|241\/261 par|[from] recoil|[of] p2a: Alakazam
|
|turn|21
|
|move|p2a: Alakazam|Seismic Toss|p1a: Magneton
|-damage|p1a: Magneton|159\/261 par
|move|p1a: Magneton|Double-Edge|p2a: Alakazam
|-damage|p2a: Alakazam|92\/258
|-damage|p1a: Magneton|138\/261 par|[from] recoil|[of] p2a: Alakazam
|
|turn|22
|
|move|p2a: Alakazam|Psychic|p1a: Magneton
|-damage|p1a: Magneton|43\/261 par
|-unboost|p1a: Magneton|spd|1
|-unboost|p1a: Magneton|spa|1
|move|p1a: Magneton|Hyper Beam|p2a: Alakazam
|-damage|p2a: Alakazam|0 fnt
|faint|p2a: Alakazam
|
|switch|p2a: Charmeleon|Charmeleon, L86|275\/275
|turn|23
|
|move|p2a: Charmeleon|Earthquake|p1a: Magneton
|-supereffective|p1a: Magneton
|-damage|p1a: Magneton|0 fnt
|faint|p1a: Magneton
|
|switch|p1a: Golem|Golem, L82|299\/299
|turn|24
|
|move|p2a: Charmeleon|Earthquake|p1a: Golem
|-crit|p1a: Golem
|-supereffective|p1a: Golem
|-damage|p1a: Golem|116\/299
|move|p1a: Golem|Earthquake|p2a: Charmeleon
|-crit|p2a: Charmeleon
|-supereffective|p2a: Charmeleon
|-damage|p2a: Charmeleon|0 fnt
|faint|p2a: Charmeleon
|
|switch|p2a: Ditto|Ditto, L86|258\/258
|turn|25
|
|move|p2a: Ditto|Transform|p1a: Golem
|-transform|p2a: Ditto|p1a: Golem
|move|p1a: Golem|Earthquake|p2a: Ditto
|-crit|p2a: Ditto
|-supereffective|p2a: Ditto
|-damage|p2a: Ditto|0 fnt
|faint|p2a: Ditto
|
|win|baseballjays33
|raw|Ladder updating...
|raw|baseballjays33's rating: 1111 &rarr; <strong>1135<\/strong><br \/>(+24 for winning)
|raw|andrewandres's rating: 1103 &rarr; <strong>1079<\/strong><br \/>(-24 for losing)
|c|★andrewandres|stupid lucker..
|leave|andrewandres
|player|p2
|c|★baseballjays33|lol 5-turn sleep and a Crit Razor Leaf and you're complaining