|join|gen1masterrony
|join|Paleox
|player|p1|gen1masterrony|170
|player|p2|Paleox|151
|gametype|singles
|gen|1
|tier|[Gen 1] Random Battle
|rated
|rule|Sleep Clause Mod: Limit one foe put to sleep
|rule|Freeze Clause Mod: Limit one foe frozen
|rule|HP Percentage Mod: HP is shown in percentages
|
|start
|switch|p1a: Golem|Golem, L79|288\/288
|switch|p2a: Golduck|Golduck, L85|310\/310
|turn|1
|
|switch|p1a: Jolteon|Jolteon, L85|284\/284
|move|p2a: Golduck|Amnesia|p2a: Golduck
|-boost|p2a: Golduck|spd|2
|-boost|p2a: Golduck|spa|2
|
|turn|2
|
|move|p1a: Jolteon|Thunderbolt|p2a: Golduck
|-supereffective|p2a: Golduck
|-damage|p2a: Golduck|198\/310
|move|p2a: Golduck|Surf|p1a: Jolteon
|-crit|p1a: Jolteon
|-damage|p1a: Jolteon|134\/284
|
|turn|3
|
|move|p1a: Jolteon|Thunderbolt|p2a: Golduck
|-supereffective|p2a: Golduck
|-damage|p2a: Golduck|84\/310
|move|p2a: Golduck|Surf|p1a: Jolteon
|-damage|p1a: Jolteon|0 fnt
|faint|p1a: Jolteon
|
|switch|p1a: Lapras|Lapras, L79|367\/367
|turn|4
|
|move|p2a: Golduck|Rest|p2a: Golduck
|-status|p2a: Golduck|slp
|-heal|p2a: Golduck|310\/310 slp|[silent]
|-status|p2a: Golduck|slp|[from] move: Rest
|move|p1a: Lapras|Thunderbolt|p2a: Golduck
|-supereffective|p2a: Golduck
|-damage|p2a: Golduck|245\/310 slp
|
|turn|5
|
|cant|p2a: Golduck|slp
|move|p1a: Lapras|Thunderbolt|p2a: Golduck
|-supereffective|p2a: Golduck
|-damage|p2a: Golduck|179\/310 slp
|
|turn|6
|
|cant|p2a: Golduck|slp
|-curestatus|p2a: Golduck|slp
|move|p1a: Lapras|Thunderbolt|p2a: Golduck
|-supereffective|p2a: Golduck
|-damage|p2a: Golduck|121\/310
|
|turn|7
|
|move|p2a: Golduck|Amnesia|p2a: Golduck
|-boost|p2a: Golduck|spd|2
|-boost|p2a: Golduck|spa|2
|move|p1a: Lapras|Confuse Ray|p2a: Golduck
|-start|p2a: Golduck|confusion
|
|turn|8
|
|-activate|p2a: Golduck|confusion
|move|p2a: Golduck|Rest|p2a: Golduck
|-status|p2a: Golduck|slp
|-heal|p2a: Golduck|310\/310 slp|[silent]
|-status|p2a: Golduck|slp|[from] move: Rest
|move|p1a: Lapras|Thunderbolt|p2a: Golduck
|-supereffective|p2a: Golduck
|-damage|p2a: Golduck|269\/310 slp
|
|turn|9
|
|cant|p2a: Golduck|slp
|move|p1a: Lapras|Thunderbolt|p2a: Golduck
|-supereffective|p2a: Golduck
|-damage|p2a: Golduck|225\/310 slp
|
|turn|10
|
|cant|p2a: Golduck|slp
|-curestatus|p2a: Golduck|slp
|move|p1a: Lapras|Thunderbolt|p2a: Golduck
|-crit|p2a: Golduck
|-supereffective|p2a: Golduck
|-damage|p2a: Golduck|0 fnt
|faint|p2a: Golduck
|
|switch|p2a: Venusaur|Venusaur, L85|310\/310
|turn|11
|
|switch|p1a: Growlithe|Growlithe, L96|300\/300
|move|p2a: Venusaur|Toxic|p1a: Growlithe
|-status|p1a: Growlithe|tox
|
|turn|12
|
|switch|p2a: Graveler|Graveler, L85|267\/267
|move|p1a: Growlithe|Fire Blast|p2a: Graveler
|-resisted|p2a: Graveler
|-damage|p2a: Graveler|180\/267
|-status|p2a: Graveler|brn
|-damage|p1a: Growlithe|282\/300 tox|[from] tox|[of] p2a: Graveler
|
|turn|13
|
|move|p1a: Growlithe|Reflect|p1a: Growlithe
|-start|p1a: Growlithe|Reflect
|-damage|p1a: Growlithe|246\/300 tox|[from] psn
|move|p2a: Graveler|Explosion|p1a: Growlithe
|-damage|p1a: Growlithe|168\/300 tox
|faint|p2a: Graveler
|
|switch|p2a: Hitmonlee|Hitmonlee, L85|259\/259
|turn|14
|
|move|p2a: Hitmonlee|Substitute|p2a: Hitmonlee
|-start|p2a: Hitmonlee|Substitute
|-damage|p2a: Hitmonlee|195\/259
|move|p1a: Growlithe|Fire Blast|p2a: Hitmonlee
|-end|p2a: Hitmonlee|Substitute
|-damage|p1a: Growlithe|114\/300 tox|[from] tox|[of] p2a: Hitmonlee
|
|turn|15
|
|move|p2a: Hitmonlee|Substitute|p2a: Hitmonlee
|-start|p2a: Hitmonlee|Substitute
|-damage|p2a: Hitmonlee|131\/259
|move|p1a: Growlithe|Fire Blast|p2a: Hitmonlee
|-end|p2a: Hitmonlee|Substitute
|-damage|p1a: Growlithe|42\/300 tox|[from] tox|[of] p2a: Hitmonlee
|
|turn|16
|
|move|p2a: Hitmonlee|Seismic Toss|p1a: Growlithe
|-damage|p1a: Growlithe|0 fnt
|faint|p1a: Growlithe
|
|switch|p1a: Magmar|Magmar, L85|284\/284
|turn|17
|
|move|p1a: Magmar|Confuse Ray|p2a: Hitmonlee
|-start|p2a: Hitmonlee|confusion
|-activate|p2a: Hitmonlee|confusion
|-damage|p2a: Hitmonlee|82\/259|[from] confusion
|
|turn|18
|
|move|p1a: Magmar|Fire Blast|p2a: Hitmonlee|[miss]
|-miss|p1a: Magmar
|-activate|p2a: Hitmonlee|confusion
|move|p2a: Hitmonlee|Body Slam|p1a: Magmar
|-damage|p1a: Magmar|191\/284
|
|turn|19
|
|move|p1a: Magmar|Fire Blast|p2a: Hitmonlee
|-damage|p2a: Hitmonlee|0 fnt
|faint|p2a: Hitmonlee
|
|switch|p2a: Primeape|Primeape, L85|284\/284
|turn|20
|
|move|p2a: Primeape|Rock Slide|p1a: Magmar
|-crit|p1a: Magmar
|-supereffective|p1a: Magmar
|-damage|p1a: Magmar|0 fnt
|faint|p1a: Magmar
|
|switch|p1a: Seaking|Seaking, L85|310\/310
|turn|21
|
|move|p2a: Primeape|Body Slam|p1a: Seaking
|-damage|p1a: Seaking|226\/310
|move|p1a: Seaking|Blizzard|p2a: Primeape
|-damage|p2a: Primeape|195\/284
|
|turn|22
|
|move|p2a: Primeape|Body Slam|p1a: Seaking
|-crit|p1a: Seaking
|-damage|p1a: Seaking|79\/310
|-status|p1a: Seaking|par
|move|p1a: Seaking|Surf|p2a: Primeape
|-damage|p2a: Primeape|89\/284
|
|turn|23
|
|move|p2a: Primeape|Hyper Beam|p1a: Seaking
|-damage|p1a: Seaking|0 fnt
|faint|p1a: Seaking
|
|switch|p1a: Lapras|Lapras, L79|367\/367
|turn|24
|
|move|p2a: Primeape|Submission|p1a: Lapras
|-supereffective|p1a: Lapras
|-damage|p1a: Lapras|174\/367
|-damage|p2a: Primeape|41\/284|[from] recoil|[of] p1a: Lapras
|move|p1a: Lapras|Blizzard|p2a: Primeape|[miss]
|-miss|p1a: Lapras
|
|turn|25
|
|move|p2a: Primeape|Submission|p1a: Lapras
|-supereffective|p1a: Lapras
|-damage|p1a: Lapras|0 fnt
|-damage|p2a: Primeape|0 fnt|[from] recoil|[of] p1a: Lapras
|faint|p1a: Lapras
|faint|p2a: Primeape
|
|switch|p2a: Venusaur|Venusaur, L85|310\/310
|switch|p1a: Golem|Golem, L79|288\/288
|turn|26
|
|move|p2a: Venusaur|Razor Leaf|p1a: Golem
|-crit|p1a: Golem
|-supereffective|p1a: Golem
|-damage|p1a: Golem|0 fnt
|faint|p1a: Golem
|
|win|Paleox
|raw|Ladder updating...
|raw|gen1masterrony's rating: 1231 &rarr; <strong>1192<\/strong><br \/>(-39 for losing)
|raw|Paleox's rating: 1000 &rarr; <strong>1063<\/strong><br \/>(+63 for winning)