|j|Snap5
|j|Regdrags
|player|p1|Snap5|2
|player|p2|Regdrags|70
|gametype|singles
|gen|1
|tier|[Gen 1] Random Battle
|rated
|seed|56045,5813,31745,38061
|rule|Sleep Clause Mod: Limit one foe put to sleep
|rule|Freeze Clause Mod: Limit one foe frozen
|rule|HP Percentage Mod: HP is shown in percentages
|
|start
|switch|p1a: Sandshrew|Sandshrew, L96|291\/291
|switch|p2a: Wigglytuff|Wigglytuff, L90|435\/435
|turn|1
|choice|switch 4|move 4
|
|switch|p1a: Porygon|Porygon, L85|284\/284
|move|p2a: Wigglytuff|Bubble Beam|p1a: Porygon
|-damage|p1a: Porygon|243\/284
|
|turn|2
|choice|move 4|move 3
|
|move|p2a: Wigglytuff|Sing|p1a: Porygon
|-status|p1a: Porygon|slp
|cant|p1a: Porygon|slp
|
|turn|3
|choice|switch 6|switch 6
|
|switch|p2a: Dewgong|Dewgong, L85|327\/327
|switch|p1a: Arbok|Arbok, L90|291\/291
|
|turn|4
|choice|move 4|move 3
|
|move|p1a: Arbok|Glare|p2a: Dewgong
|-status|p2a: Dewgong|par
|move|p2a: Dewgong|Surf|p1a: Arbok
|-damage|p1a: Arbok|185\/291
|
|turn|5
|choice|switch 3|switch 3
|
|switch|p1a: Dewgong|Dewgong, L85|327\/327
|switch|p2a: Magmar|Magmar, L90|300\/300
|
|turn|6
|choice|move 2|switch 4
|
|switch|p2a: Vaporeon|Vaporeon, L85|395\/395
|move|p1a: Dewgong|Body Slam|p2a: Vaporeon
|-damage|p2a: Vaporeon|334\/395
|
|turn|7
|choice|move 2|move 2
|
|move|p1a: Dewgong|Body Slam|p2a: Vaporeon
|-damage|p2a: Vaporeon|268\/395
|move|p2a: Vaporeon|Body Slam|p1a: Dewgong
|-damage|p1a: Dewgong|277\/327
|
|turn|8
|choice|move 2|move 2
|
|move|p1a: Dewgong|Body Slam|p2a: Vaporeon
|-damage|p2a: Vaporeon|206\/395
|move|p2a: Vaporeon|Body Slam|p1a: Dewgong
|-damage|p1a: Dewgong|224\/327
|
|turn|9
|choice|move 2|move 2
|
|move|p1a: Dewgong|Body Slam|p2a: Vaporeon
|-damage|p2a: Vaporeon|146\/395
|move|p2a: Vaporeon|Body Slam|p1a: Dewgong
|-damage|p1a: Dewgong|173\/327
|
|turn|10
|choice|move 2|move 2
|
|move|p1a: Dewgong|Body Slam|p2a: Vaporeon
|-damage|p2a: Vaporeon|81\/395
|move|p2a: Vaporeon|Body Slam|p1a: Dewgong
|-damage|p1a: Dewgong|122\/327
|
|turn|11
|choice|move 2|switch 2
|
|switch|p2a: Mankey|Mankey, L96|272\/272
|move|p1a: Dewgong|Body Slam|p2a: Mankey
|-crit|p2a: Mankey
|-damage|p2a: Mankey|143\/272
|-status|p2a: Mankey|par
|
|turn|12
|choice|move 1|switch 6
|
|switch|p2a: Wigglytuff|Wigglytuff, L90|435\/435
|move|p1a: Dewgong|Blizzard|p2a: Wigglytuff
|-damage|p2a: Wigglytuff|266\/435
|
|turn|13
|choice|move 1|move 1
|
|move|p1a: Dewgong|Blizzard|p2a: Wigglytuff
|-damage|p2a: Wigglytuff|107\/435
|move|p2a: Wigglytuff|Hyper Beam|p1a: Dewgong
|-damage|p1a: Dewgong|0 fnt
|faint|p1a: Dewgong
|choice|switch 3|
|
|switch|p1a: Arbok|Arbok, L90|185\/291
|turn|14
|choice|move 3|switch 5
|
|switch|p2a: Nidoqueen|Nidoqueen, L85|327\/327
|move|p1a: Arbok|Hyper Beam|p2a: Nidoqueen
|-damage|p2a: Nidoqueen|221\/327
|
|turn|15
|-mustrecharge|p1a: Arbok
|-mustrecharge|p1a: Arbok
|choice|move 1|move 1
|
|cant|p1a: Arbok|recharge
|move|p2a: Nidoqueen|Earthquake|p1a: Arbok
|-supereffective|p1a: Arbok
|-damage|p1a: Arbok|0 fnt
|faint|p1a: Arbok
|choice|switch 4|
|
|switch|p1a: Sandshrew|Sandshrew, L96|291\/291
|turn|16
|choice|move 1|move 2
|
|move|p2a: Nidoqueen|Blizzard|p1a: Sandshrew
|-supereffective|p1a: Sandshrew
|-damage|p1a: Sandshrew|80\/291
|move|p1a: Sandshrew|Earthquake|p2a: Nidoqueen
|-supereffective|p2a: Nidoqueen
|-damage|p2a: Nidoqueen|5\/327
|
|turn|17
|choice|switch 6|move 4
|
|switch|p1a: Porygon|Porygon, L85|243\/284 slp
|move|p2a: Nidoqueen|Body Slam|p1a: Porygon
|-damage|p1a: Porygon|177\/284 slp
|
|turn|18
|choice|move 1|move 1
|
|move|p2a: Nidoqueen|Earthquake|p1a: Porygon
|-damage|p1a: Porygon|65\/284 slp
|cant|p1a: Porygon|slp
|
|turn|19
|choice|move 1|move 1
|
|move|p2a: Nidoqueen|Earthquake|p1a: Porygon
|-damage|p1a: Porygon|0 fnt
|faint|p1a: Porygon
|choice|switch 5|
|
|switch|p1a: Victreebel|Victreebel, L85|310\/310
|turn|20
|choice|move 3|switch 5
|
|switch|p2a: Wigglytuff|Wigglytuff, L90|107\/435
|move|p1a: Victreebel|Sleep Powder|p2a: Wigglytuff|[miss]
|-miss|p1a: Victreebel
|
|turn|21
|choice|move 1|move 1
|
|move|p1a: Victreebel|Razor Leaf|p2a: Wigglytuff
|-crit|p2a: Wigglytuff
|-damage|p2a: Wigglytuff|0 fnt
|faint|p2a: Wigglytuff
|choice||switch 4
|
|switch|p2a: Magmar|Magmar, L90|300\/300
|turn|22
|choice|switch 2|move 3
|
|switch|p1a: Charizard|Charizard, L85|306\/306
|move|p2a: Magmar|Fire Blast|p1a: Charizard
|-crit|p1a: Charizard
|-resisted|p1a: Charizard
|-damage|p1a: Charizard|182\/306
|
|turn|23
|choice|move 2|move 2
|
|move|p2a: Magmar|Confuse Ray|p1a: Charizard
|-start|p1a: Charizard|confusion
|-activate|p1a: Charizard|confusion
|move|p1a: Charizard|Body Slam|p2a: Magmar
|-crit|p2a: Magmar
|-damage|p2a: Magmar|162\/300
|-status|p2a: Magmar|par
|
|turn|24
|choice|switch 6|switch 6
|
|switch|p1a: Sandshrew|Sandshrew, L96|80\/291
|switch|p2a: Mankey|Mankey, L96|143\/272 par
|
|turn|25
|choice|move 1|move 3
|
|move|p1a: Sandshrew|Earthquake|p2a: Mankey
|-damage|p2a: Mankey|0 fnt
|faint|p2a: Mankey
|choice||switch 2
|
|switch|p2a: Vaporeon|Vaporeon, L85|81\/395
|turn|26
|choice|switch 2|move 3
|
|switch|p1a: Victreebel|Victreebel, L85|310\/310
|move|p2a: Vaporeon|Blizzard|p1a: Victreebel
|-supereffective|p1a: Victreebel
|-damage|p1a: Victreebel|141\/310
|-status|p1a: Victreebel|frz
|
|turn|27
|choice|switch 6|move 3
|
|switch|p1a: Charizard|Charizard, L85|182\/306
|move|p2a: Vaporeon|Blizzard|p1a: Charizard
|-supereffective|p1a: Charizard
|-damage|p1a: Charizard|0 fnt
|faint|p1a: Charizard
|choice|switch 2|
|
|switch|p1a: Sandshrew|Sandshrew, L96|80\/291
|turn|28
|choice|move 1|move 4
|
|move|p2a: Vaporeon|Surf|p1a: Sandshrew
|-supereffective|p1a: Sandshrew
|-damage|p1a: Sandshrew|0 fnt
|faint|p1a: Sandshrew
|-message|Snap5 forfeited.
|
|win|Regdrags
|player|p1
|player|p2
|l|Snap5
|raw|Snap5's rating: 1334 &rarr; <strong>1303<\/strong><br \/>(-31 for losing)
|raw|Regdrags's rating: 1127 &rarr; <strong>1166<\/strong><br \/>(+39 for winning)