|join|Lolazo
|join|xJoelituh
|player|p1|Lolazo|266
|player|p2|xJoelituh|291
|gametype|singles
|gen|1
|tier|[Gen 1] OU (beta)
|rule|Sleep Clause Mod: Limit one foe put to sleep
|rule|Species Clause: Limit one of each Pokémon
|rule|OHKO Clause: OHKO moves are banned
|rule|Evasion Moves Clause: Evasion moves are banned
|rule|HP Percentage Mod: HP is shown in percentages
|
|start
|switch|p1a: Jynx|Jynx|333\/333
|switch|p2a: Starmie|Starmie|323\/323
|turn|1
|c|★Lolazo|suerte c:
|
|move|p2a: Starmie|Thunder Wave|p1a: Jynx
|-status|p1a: Jynx|par
|move|p1a: Jynx|Lovely Kiss|p2a: Starmie
|-status|p2a: Starmie|slp
|
|turn|2
|
|switch|p2a: Aerodactyl|Aerodactyl|363\/363
|switch|p1a: Snorlax|Snorlax|523\/523
|
|turn|3
|
|switch|p1a: Golem|Golem|363\/363
|move|p2a: Aerodactyl|Sky Attack|p1a: Golem|[still]
|-prepare|p2a: Aerodactyl|Sky Attack|p1a: Golem
|
|turn|4
|
|move|p2a: Aerodactyl|Sky Attack|p1a: Golem
|-crit|p1a: Golem
|-resisted|p1a: Golem
|-damage|p1a: Golem|222\/363
|cant|p1a: Golem|flinch
|
|turn|5
|c|★xJoelituh|:^)
|c|★xJoelituh|Sky attack op
|c|★Lolazo|:c
|c|★Lolazo|xddd
|c|★Lolazo|el flinch
|c|★xJoelituh|rs no mataba
|
|move|p2a: Aerodactyl|Reflect|p2a: Aerodactyl
|move|p1a: Golem|Substitute|p1a: Golem
|-start|p1a: Golem|Substitute
|-damage|p1a: Golem|132\/363
|
|turn|6
|
|move|p2a: Aerodactyl|Double-Edge|p1a: Golem
|-crit|p1a: Golem
|-resisted|p1a: Golem
|-activate|p1a: Golem|Substitute|[damage]
|-damage|p2a: Aerodactyl|347\/363|[from] recoil|[of] p1a: Golem
|move|p1a: Golem|Rock Slide|p2a: Aerodactyl
|-supereffective|p2a: Aerodactyl
|-damage|p2a: Aerodactyl|219\/363
|
|turn|7
|
|switch|p2a: Venusaur|Venusaur|363\/363
|move|p1a: Golem|Rock Slide|p2a: Venusaur
|-damage|p2a: Venusaur|253\/363
|
|turn|8
|
|move|p2a: Venusaur|Leech Seed|p1a: Golem|[miss]
|-miss|p2a: Venusaur
|move|p1a: Golem|Earthquake|p2a: Venusaur
|-damage|p2a: Venusaur|113\/363
|
|turn|9
|
|move|p2a: Venusaur|Razor Leaf|p1a: Golem
|-crit|p1a: Golem
|-supereffective|p1a: Golem
|-end|p1a: Golem|Substitute
|move|p1a: Golem|Earthquake|p2a: Venusaur
|-damage|p2a: Venusaur|0 fnt
|faint|p2a: Venusaur
|
|switch|p2a: Alakazam|Alakazam|313\/313
|turn|10
|
|switch|p1a: Snorlax|Snorlax|523\/523
|move|p2a: Alakazam|Seismic Toss|p1a: Snorlax
|-damage|p1a: Snorlax|423\/523
|
|turn|11
|
|switch|p2a: Chansey|Chansey|703\/703
|move|p1a: Snorlax|Amnesia|p1a: Snorlax
|-boost|p1a: Snorlax|spd|2
|-boost|p1a: Snorlax|spa|2
|
|turn|12
|
|move|p2a: Chansey|Ice Beam|p1a: Snorlax
|-crit|p1a: Snorlax
|-damage|p1a: Snorlax|219\/523
|move|p1a: Snorlax|Body Slam|p2a: Chansey
|-damage|p2a: Chansey|395\/703
|
|turn|13
|
|move|p1a: Snorlax|Blizzard|p2a: Chansey
|-damage|p2a: Chansey|254\/703
|-status|p2a: Chansey|frz
|cant|p2a: Chansey|frz
|
|turn|14
|c|★Lolazo|lel
|c|★xJoelituh|...
|c|★Lolazo|espera si no te congelaba moria cierto?
|c|★xJoelituh|ajá
|c|★Lolazo|oh sorry
|c|★xJoelituh|np
|
|switch|p2a: Aerodactyl|Aerodactyl|219\/363
|move|p1a: Snorlax|Body Slam|p2a: Aerodactyl
|-resisted|p2a: Aerodactyl
|-damage|p2a: Aerodactyl|150\/363
|
|turn|15
|
|move|p2a: Aerodactyl|Double-Edge|p1a: Snorlax
|-damage|p1a: Snorlax|111\/523
|-damage|p2a: Aerodactyl|123\/363|[from] recoil|[of] p1a: Snorlax
|move|p1a: Snorlax|Blizzard|p2a: Aerodactyl
|-supereffective|p2a: Aerodactyl
|-damage|p2a: Aerodactyl|0 fnt
|faint|p2a: Aerodactyl
|c|★xJoelituh|pua
|c|★xJoelituh|Hyperbeam mataba
|
|switch|p2a: Alakazam|Alakazam|313\/313
|turn|16
|c|★Lolazo|si era crit
|
|move|p2a: Alakazam|Psychic|p1a: Snorlax
|-crit|p1a: Snorlax
|-damage|p1a: Snorlax|0 fnt
|faint|p1a: Snorlax
|
|switch|p1a: Alakazam|Alakazam|313\/313
|turn|17
|c|★xJoelituh|Aerodactyl Hyper Beam vs. Snorlax: 146-172 (27.9 - 32.8%) -- guaranteed 4HKO
|c|★xJoelituh|mataba xd
|c|★Lolazo|xddd
|
|switch|p2a: Chansey|Chansey|254\/703 frz
|move|p1a: Alakazam|Thunder Wave|p2a: Chansey
|-fail|p2a: Chansey
|
|turn|18
|
|move|p1a: Alakazam|Psychic|p2a: Chansey
|-damage|p2a: Chansey|125\/703 frz
|cant|p2a: Chansey|frz
|
|turn|19
|
|move|p1a: Alakazam|Psychic|p2a: Chansey
|-crit|p2a: Chansey
|-damage|p2a: Chansey|0 fnt
|faint|p2a: Chansey
|
|switch|p2a: Omastar|Omastar|343\/343
|turn|20
|c|★Lolazo|LORD HELIX
|
|move|p1a: Alakazam|Psychic|p2a: Omastar
|-damage|p2a: Omastar|229\/343
|move|p2a: Omastar|Mimic|p1a: Alakazam
|-start|p2a: Omastar|Mimic|Recover
|
|turn|21
|c|★xJoelituh|Recover.
|c|★xJoelituh|gg
|c|★Lolazo|lol
|
|move|p1a: Alakazam|Thunder Wave|p2a: Omastar
|-status|p2a: Omastar|par
|move|p2a: Omastar|Blizzard|p1a: Alakazam
|-damage|p1a: Alakazam|231\/313
|
|turn|22
|
|switch|p1a: Lapras|Lapras|463\/463
|move|p2a: Omastar|Blizzard|p1a: Lapras
|-resisted|p1a: Lapras
|-damage|p1a: Lapras|435\/463
|
|turn|23
|
|move|p1a: Lapras|Confuse Ray|p2a: Omastar
|-start|p2a: Omastar|confusion
|-activate|p2a: Omastar|confusion
|move|p2a: Omastar|Recover|p2a: Omastar
|-heal|p2a: Omastar|343\/343 par
|
|turn|24
|
|move|p1a: Lapras|Thunderbolt|p2a: Omastar
|-supereffective|p2a: Omastar
|-damage|p2a: Omastar|205\/343 par
|cant|p2a: Omastar|par
|
|turn|25
|
|move|p1a: Lapras|Thunderbolt|p2a: Omastar
|-supereffective|p2a: Omastar
|-damage|p2a: Omastar|83\/343 par
|-activate|p2a: Omastar|confusion
|-damage|p2a: Omastar|62\/343 par|[from] confusion
|
|turn|26
|
|switch|p2a: Alakazam|Alakazam|313\/313
|move|p1a: Lapras|Thunderbolt|p2a: Alakazam
|-damage|p2a: Alakazam|251\/313
|
|turn|27
|
|switch|p1a: Golem|Golem|132\/363
|move|p2a: Alakazam|Psychic|p1a: Golem
|-damage|p1a: Golem|0 fnt
|faint|p1a: Golem
|
|switch|p1a: Alakazam|Alakazam|231\/313
|turn|28
|
|move|p2a: Alakazam|Thunder Wave|p1a: Alakazam
|-status|p1a: Alakazam|par
|move|p1a: Alakazam|Thunder Wave|p2a: Alakazam
|-status|p2a: Alakazam|par
|
|turn|29
|
|move|p2a: Alakazam|Psychic|p1a: Alakazam
|-resisted|p1a: Alakazam
|-damage|p1a: Alakazam|181\/313 par
|move|p1a: Alakazam|Seismic Toss|p2a: Alakazam
|-damage|p2a: Alakazam|151\/313 par
|
|turn|30
|
|cant|p2a: Alakazam|par
|cant|p1a: Alakazam|par
|
|turn|31
|c|★Lolazo|lel
|
|move|p1a: Alakazam|Seismic Toss|p2a: Alakazam
|-damage|p2a: Alakazam|51\/313 par
|move|p2a: Alakazam|Recover|p2a: Alakazam
|-heal|p2a: Alakazam|207\/313 par
|
|turn|32
|
|move|p1a: Alakazam|Seismic Toss|p2a: Alakazam
|-damage|p2a: Alakazam|107\/313 par
|move|p2a: Alakazam|Seismic Toss|p1a: Alakazam
|-damage|p1a: Alakazam|81\/313 par
|
|turn|33
|c|★xJoelituh|:^)
|
|cant|p1a: Alakazam|par
|cant|p2a: Alakazam|par
|
|turn|34
|c|★Lolazo|oh
|
|move|p1a: Alakazam|Recover|p1a: Alakazam
|-heal|p1a: Alakazam|237\/313 par
|move|p2a: Alakazam|Seismic Toss|p1a: Alakazam
|-damage|p1a: Alakazam|137\/313 par
|
|turn|35
|c|★Lolazo|el bluff
|c|★xJoelituh|ok
|c|★xJoelituh|lol
|c|★xJoelituh|that s awful xd
|c|★Lolazo|cierto
|c|★Lolazo|4 speed tie ganadas seguidas es demasiado
|
|move|p1a: Alakazam|Psychic|p2a: Alakazam
|-crit|p2a: Alakazam
|-resisted|p2a: Alakazam
|-damage|p2a: Alakazam|7\/313 par
|-unboost|p2a: Alakazam|spd|1
|-unboost|p2a: Alakazam|spa|1
|move|p2a: Alakazam|Recover|p2a: Alakazam
|-heal|p2a: Alakazam|163\/313 par
|
|turn|36
|c|★xJoelituh|crit y drop 
|
|switch|p2a: Starmie|Starmie|323\/323 slp
|switch|p1a: Jynx|Jynx|333\/333 par
|
|turn|37
|
|switch|p1a: Tauros|Tauros|353\/353
|cant|p2a: Starmie|slp
|
|turn|38
|
|cant|p2a: Starmie|slp
|move|p1a: Tauros|Body Slam|p2a: Starmie
|-damage|p2a: Starmie|202\/323 slp
|
|turn|39
|c|★xJoelituh|gg
|
|cant|p2a: Starmie|slp
|move|p1a: Tauros|Body Slam|p2a: Starmie
|-damage|p2a: Starmie|89\/323 slp
|
|turn|40
|
|cant|p2a: Starmie|slp
|move|p1a: Tauros|Body Slam|p2a: Starmie
|-damage|p2a: Starmie|0 fnt
|faint|p2a: Starmie
|c|★xJoelituh|hyper beam ya mata a todo
|c|★Lolazo|gg igualmente
|
|switch|p2a: Alakazam|Alakazam|163\/313 par
|turn|41
|
|move|p1a: Tauros|Hyper Beam|p2a: Alakazam
|-crit|p2a: Alakazam
|-damage|p2a: Alakazam|0 fnt
|faint|p2a: Alakazam
|
|switch|p2a: Omastar|Omastar|62\/343 par
|turn|42
|
|move|p1a: Tauros|Earthquake|p2a: Omastar
|-supereffective|p2a: Omastar
|-damage|p2a: Omastar|0 fnt
|faint|p2a: Omastar
|
|win|Lolazo
|c|★xJoelituh|voy a probar en ladder a ver..
|c|★Lolazo|ok joel c:
|leave|Lolazo
|player|p1
|join|MiguelRx