|j|MALESANI
|j|SeienEnbu
|player|p1|MALESANI|238
|player|p2|SeienEnbu|266
|gametype|singles
|gen|1
|tier|[Gen 1] Random Battle
|rated
|seed|23493,36479,3537,15618
|rule|Sleep Clause Mod: Limit one foe put to sleep
|rule|Freeze Clause Mod: Limit one foe frozen
|rule|HP Percentage Mod: HP is shown in percentages
|
|start
|switch|p1a: Nidoran-F|Nidoran-F, L96|300\/300
|switch|p2a: Omanyte|Omanyte, L96|262\/262
|turn|1
|choice|switch 4|move 1
|
|switch|p1a: Chansey|Chansey, L79|557\/557
|move|p2a: Omanyte|Blizzard|p1a: Chansey
|-damage|p1a: Chansey|453\/557
|
|turn|2
|choice|move 3|switch 4
|
|switch|p2a: Lickitung|Lickitung, L90|345\/345
|move|p1a: Chansey|Thunderbolt|p2a: Lickitung
|-damage|p2a: Lickitung|274\/345
|
|turn|3
|choice|switch 2|move 4
|
|switch|p1a: Poliwrath|Poliwrath, L85|327\/327
|move|p2a: Lickitung|Swords Dance|p2a: Lickitung
|-boost|p2a: Lickitung|atk|2
|
|turn|4
|choice|move 4|move 3
|
|move|p1a: Poliwrath|Hypnosis|p2a: Lickitung|[miss]
|-miss|p1a: Poliwrath
|move|p2a: Lickitung|Earthquake|p1a: Poliwrath
|-damage|p1a: Poliwrath|226\/327
|
|turn|5
|choice|move 4|move 4
|
|move|p1a: Poliwrath|Hypnosis|p2a: Lickitung
|-status|p2a: Lickitung|slp
|cant|p2a: Lickitung|slp
|
|turn|6
|choice|move 1|move 4
|
|move|p1a: Poliwrath|Amnesia|p1a: Poliwrath
|-boost|p1a: Poliwrath|spd|2
|-boost|p1a: Poliwrath|spa|2
|cant|p2a: Lickitung|slp
|
|turn|7
|choice|move 1|move 4
|
|move|p1a: Poliwrath|Amnesia|p1a: Poliwrath
|-boost|p1a: Poliwrath|spd|2
|-boost|p1a: Poliwrath|spa|2
|-curestatus|p2a: Lickitung|slp
|
|turn|8
|choice|move 2|move 4
|
|move|p1a: Poliwrath|Blizzard|p2a: Lickitung
|-damage|p2a: Lickitung|15\/345
|move|p2a: Lickitung|Swords Dance|p2a: Lickitung
|-boost|p2a: Lickitung|atk|2
|
|turn|9
|choice|move 3|move 2
|
|move|p1a: Poliwrath|Submission|p2a: Lickitung
|-crit|p2a: Lickitung
|-supereffective|p2a: Lickitung
|-damage|p2a: Lickitung|0 fnt
|-damage|p1a: Poliwrath|223\/327|[from] recoil|[of] p2a: Lickitung
|faint|p2a: Lickitung
|choice||switch 6
|
|switch|p2a: Dragonite|Dragonite, L85|328\/328
|turn|10
|choice|move 2|move 4
|
|move|p2a: Dragonite|Thunder|p1a: Poliwrath|[miss]
|-miss|p2a: Dragonite
|move|p1a: Poliwrath|Blizzard|p2a: Dragonite
|-supereffective|p2a: Dragonite
|-damage|p2a: Dragonite|0 fnt
|faint|p2a: Dragonite
|choice||switch 3
|
|switch|p2a: Koffing|Koffing, L96|272\/272
|turn|11
|choice|move 4|move 3
|
|move|p1a: Poliwrath|Hypnosis|p2a: Koffing
|-status|p2a: Koffing|slp
|cant|p2a: Koffing|slp
|
|turn|12
|choice|move 1|move 3
|
|move|p1a: Poliwrath|Amnesia|p1a: Poliwrath
|-boost|p1a: Poliwrath|spd|2
|-boost|p1a: Poliwrath|spa|2
|-curestatus|p2a: Koffing|slp
|
|turn|13
|choice|move 2|move 3
|
|move|p1a: Poliwrath|Blizzard|p2a: Koffing
|-damage|p2a: Koffing|0 fnt
|faint|p2a: Koffing
|choice||switch 5
|
|switch|p2a: Snorlax|Snorlax, L79|415\/415
|turn|14
|choice|move 2|move 4
|
|move|p1a: Poliwrath|Blizzard|p2a: Snorlax
|-damage|p2a: Snorlax|34\/415
|move|p2a: Snorlax|Thunderbolt|p1a: Poliwrath
|-supereffective|p1a: Poliwrath
|-damage|p1a: Poliwrath|198\/327
|
|turn|15
|choice|move 3|move 3
|
|move|p1a: Poliwrath|Submission|p2a: Snorlax|[miss]
|-miss|p1a: Poliwrath
|move|p2a: Snorlax|Self-Destruct|p1a: Poliwrath
|-damage|p1a: Poliwrath|0 fnt
|faint|p1a: Poliwrath
|faint|p2a: Snorlax
|choice|switch 6|switch 4
|
|switch|p1a: Mr. Mime|Mr. Mime, L85|242\/242
|switch|p2a: Omanyte|Omanyte, L96|262\/262
|turn|16
|choice|move 1|move 1
|
|move|p1a: Mr. Mime|Thunder Wave|p2a: Omanyte
|-status|p2a: Omanyte|par
|cant|p2a: Omanyte|par
|
|turn|17
|choice|switch 3|move 1
|
|switch|p1a: Starmie|Starmie, L79|257\/257
|move|p2a: Omanyte|Blizzard|p1a: Starmie
|-resisted|p1a: Starmie
|-damage|p1a: Starmie|209\/257
|
|turn|18
|choice|move 2|move 2
|
|move|p1a: Starmie|Thunderbolt|p2a: Omanyte
|-supereffective|p2a: Omanyte
|-damage|p2a: Omanyte|159\/262 par
|move|p2a: Omanyte|Seismic Toss|p1a: Starmie
|-damage|p1a: Starmie|113\/257
|
|turn|19
|choice|move 2|move 2
|
|move|p1a: Starmie|Thunderbolt|p2a: Omanyte
|-supereffective|p2a: Omanyte
|-damage|p2a: Omanyte|48\/262 par
|move|p2a: Omanyte|Seismic Toss|p1a: Starmie
|-damage|p1a: Starmie|17\/257
|
|turn|20
|choice|move 2|move 2
|
|move|p1a: Starmie|Thunderbolt|p2a: Omanyte
|-supereffective|p2a: Omanyte
|-damage|p2a: Omanyte|0 fnt
|faint|p2a: Omanyte
|choice||switch 2
|
|switch|p2a: Mew|Mew, L74|300\/300
|turn|21
|choice|switch 4|move 2
|
|switch|p1a: Nidoran-F|Nidoran-F, L96|300\/300
|move|p2a: Mew|Swift|p1a: Nidoran-F
|-damage|p1a: Nidoran-F|258\/300
|
|turn|22
|choice|move 1|move 4
|
|move|p2a: Mew|Fissure|p1a: Nidoran-F|[miss]
|-miss|p2a: Mew
|move|p1a: Nidoran-F|Body Slam|p2a: Mew
|-damage|p2a: Mew|243\/300
|-status|p2a: Mew|par
|
|turn|23
|choice|move 1|move 4
|
|move|p1a: Nidoran-F|Body Slam|p2a: Mew
|-damage|p2a: Mew|186\/300 par
|move|p2a: Mew|Fissure|p1a: Nidoran-F
|-immune|p1a: Nidoran-F|[ohko]
|
|turn|24
|choice|switch 5|move 1
|
|switch|p1a: Kangaskhan|Kangaskhan, L85|352\/352
|move|p2a: Mew|Blizzard|p1a: Kangaskhan
|-damage|p1a: Kangaskhan|256\/352
|
|turn|25
|choice|move 1|move 4
|
|move|p1a: Kangaskhan|Body Slam|p2a: Mew
|-damage|p2a: Mew|95\/300 par
|move|p2a: Mew|Fissure|p1a: Kangaskhan
|-immune|p1a: Kangaskhan|[ohko]
|
|turn|26
|choice|move 4|move 1
|
|move|p1a: Kangaskhan|Hyper Beam|p2a: Mew
|-damage|p2a: Mew|0 fnt
|faint|p2a: Mew
|
|win|MALESANI
|player|p1
|player|p2
|raw|MALESANI's rating: 1529 &rarr; <strong>1535<\/strong><br \/>(+6 for winning)
|raw|SeienEnbu's rating: 1236 &rarr; <strong>1228<\/strong><br \/>(-8 for losing)
|l|SeienEnbu