|j|Magmar556
|j|Mandelbrot
|player|p1|Magmar556|102
|player|p2|Mandelbrot|101
|gametype|singles
|gen|1
|tier|[Gen 1] OU
|rated
|seed|16834,31297,24581,49608
|rule|Sleep Clause Mod: Limit one foe put to sleep
|rule|Freeze Clause Mod: Limit one foe frozen
|rule|Species Clause: Limit one of each Pokémon
|rule|OHKO Clause: OHKO moves are banned
|rule|Evasion Moves Clause: Evasion moves are banned
|rule|HP Percentage Mod: HP is shown in percentages
|
|start
|switch|p1a: Jynx|Jynx|333\/333
|switch|p2a: Exeggutor|Exeggutor|393\/393
|turn|1
|choice|move 3|move 1
|
|move|p1a: Jynx|Lovely Kiss|p2a: Exeggutor
|-status|p2a: Exeggutor|slp
|cant|p2a: Exeggutor|slp
|
|turn|2
|j|Wwwwwwk
|l|Wwwwwwk
|choice|switch 5|switch 3
|
|switch|p1a: Dragonite|Dragonite|385\/385
|switch|p2a: Tauros|Tauros|353\/353
|
|turn|3
|choice|move 4|move 4
|
|move|p2a: Tauros|Blizzard|p1a: Dragonite
|-supereffective|p1a: Dragonite
|-damage|p1a: Dragonite|92\/385
|move|p1a: Dragonite|Agility|p1a: Dragonite
|-boost|p1a: Dragonite|spe|2
|
|turn|4
|choice|move 2|move 1
|
|move|p1a: Dragonite|Wrap|p2a: Tauros|[miss]
|-miss|p1a: Dragonite
|move|p2a: Tauros|Body Slam|p1a: Dragonite
|-damage|p1a: Dragonite|0 fnt
|faint|p1a: Dragonite
|c|★Magmar556|...
|choice|switch 3|
|
|switch|p1a: Slowbro|Slowbro|393\/393
|turn|5
|c|★Mandelbrot|Serves you right for that scumbag strat.
|choice|move 1|switch 4
|
|switch|p2a: Lapras|Lapras|463\/463
|move|p1a: Slowbro|Thunder Wave|p2a: Lapras
|-status|p2a: Lapras|par
|
|turn|6
|choice|move 3|move 4
|
|move|p1a: Slowbro|Amnesia|p1a: Slowbro
|-boost|p1a: Slowbro|spd|2
|-boost|p1a: Slowbro|spa|2
|move|p2a: Lapras|Confuse Ray|p1a: Slowbro
|-start|p1a: Slowbro|confusion
|
|turn|7
|choice|move 3|move 2
|
|-activate|p1a: Slowbro|confusion
|-damage|p1a: Slowbro|365\/393|[from] confusion
|move|p2a: Lapras|Thunderbolt|p1a: Slowbro
|-supereffective|p1a: Slowbro
|-damage|p1a: Slowbro|278\/393
|
|turn|8
|choice|move 3|move 2
|
|-activate|p1a: Slowbro|confusion
|-damage|p1a: Slowbro|250\/393|[from] confusion
|move|p2a: Lapras|Thunderbolt|p1a: Slowbro
|-supereffective|p1a: Slowbro
|-damage|p1a: Slowbro|161\/393
|-status|p1a: Slowbro|par
|
|turn|9
|choice|move 4|move 2
|
|-activate|p1a: Slowbro|confusion
|move|p1a: Slowbro|Rest|p1a: Slowbro
|-status|p1a: Slowbro|slp
|-heal|p1a: Slowbro|393\/393 slp|[silent]
|-status|p1a: Slowbro|slp|[from] move: Rest
|move|p2a: Lapras|Thunderbolt|p1a: Slowbro
|-supereffective|p1a: Slowbro
|-damage|p1a: Slowbro|313\/393 slp
|
|turn|10
|choice|move 3|move 2
|
|cant|p1a: Slowbro|slp
|move|p2a: Lapras|Thunderbolt|p1a: Slowbro
|-supereffective|p1a: Slowbro
|-damage|p1a: Slowbro|225\/393 slp
|
|turn|11
|choice|move 3|move 2
|
|-curestatus|p1a: Slowbro|slp
|move|p2a: Lapras|Thunderbolt|p1a: Slowbro
|-crit|p1a: Slowbro
|-supereffective|p1a: Slowbro
|-damage|p1a: Slowbro|0 fnt
|faint|p1a: Slowbro
|choice|switch 6|
|
|switch|p1a: Golem|Golem|363\/363
|turn|12
|choice|move 2|move 4
|
|move|p1a: Golem|Rock Slide|p2a: Lapras
|-supereffective|p2a: Lapras
|-damage|p2a: Lapras|240\/463 par
|move|p2a: Lapras|Confuse Ray|p1a: Golem
|-start|p1a: Golem|confusion
|
|turn|13
|choice|switch 2|switch 5
|
|switch|p1a: Gengar|Gengar|323\/323
|switch|p2a: Golem|Golem|363\/363
|
|turn|14
|choice|move 3|move 1
|
|move|p1a: Gengar|Confuse Ray|p2a: Golem
|-start|p2a: Golem|confusion
|-activate|p2a: Golem|confusion
|-damage|p2a: Golem|337\/363|[from] confusion
|
|turn|15
|choice|move 2|move 1
|
|move|p1a: Gengar|Psychic|p2a: Golem
|-damage|p2a: Golem|219\/363
|-activate|p2a: Golem|confusion
|move|p2a: Golem|Earthquake|p1a: Gengar
|-supereffective|p1a: Gengar
|-damage|p1a: Gengar|15\/323
|
|turn|16
|choice|move 2|switch 2
|
|switch|p2a: Alakazam|Alakazam|313\/313
|move|p1a: Gengar|Psychic|p2a: Alakazam
|-resisted|p2a: Alakazam
|-damage|p2a: Alakazam|282\/313
|-unboost|p2a: Alakazam|spd|1
|-unboost|p2a: Alakazam|spa|1
|
|turn|17
|choice|switch 4|move 1
|
|switch|p1a: Chansey|Chansey|703\/703
|move|p2a: Alakazam|Psychic|p1a: Chansey
|-damage|p1a: Chansey|619\/703
|-unboost|p1a: Chansey|spd|1
|-unboost|p1a: Chansey|spa|1
|
|turn|18
|choice|move 1|switch 5
|
|switch|p2a: Lapras|Lapras|240\/463 par
|move|p1a: Chansey|Ice Beam|p2a: Lapras
|-resisted|p2a: Lapras
|-damage|p2a: Lapras|228\/463 par
|
|turn|19
|choice|switch 4|move 4
|
|switch|p1a: Gengar|Gengar|15\/323
|move|p2a: Lapras|Confuse Ray|p1a: Gengar
|-start|p1a: Gengar|confusion
|
|turn|20
|choice|move 1|move 2
|
|-activate|p1a: Gengar|confusion
|-damage|p1a: Gengar|0 fnt|[from] confusion
|faint|p1a: Gengar
|choice|switch 2|
|
|switch|p1a: Golem|Golem|363\/363
|turn|21
|choice|move 2|move 1
|
|move|p1a: Golem|Rock Slide|p2a: Lapras
|-supereffective|p2a: Lapras
|-damage|p2a: Lapras|0 fnt
|faint|p2a: Lapras
|choice||switch 4
|
|switch|p2a: Tauros|Tauros|353\/353
|turn|22
|choice|move 3|move 4
|
|move|p2a: Tauros|Blizzard|p1a: Golem
|-crit|p1a: Golem
|-supereffective|p1a: Golem
|-damage|p1a: Golem|0 fnt
|faint|p1a: Golem
|choice|switch 5|
|
|switch|p1a: Jynx|Jynx|333\/333
|turn|23
|choice|move 1|move 1
|
|move|p2a: Tauros|Body Slam|p1a: Jynx
|-damage|p1a: Jynx|164\/333
|-status|p1a: Jynx|par
|cant|p1a: Jynx|par
|
|turn|24
|choice|move 1|move 1
|
|move|p2a: Tauros|Body Slam|p1a: Jynx
|-damage|p1a: Jynx|0 fnt
|faint|p1a: Jynx
|choice|switch 4|
|
|switch|p1a: Chansey|Chansey|619\/703
|turn|25
|c|★Magmar556|so much hax
|c|★Mandelbrot|yep
|choice|move 1|move 1
|
|move|p2a: Tauros|Body Slam|p1a: Chansey
|-damage|p1a: Chansey|340\/703
|move|p1a: Chansey|Ice Beam|p2a: Tauros
|-damage|p2a: Tauros|251\/353
|
|turn|26
|choice|move 3|move 2
|
|move|p2a: Tauros|Hyper Beam|p1a: Chansey|[miss]
|-miss|p2a: Tauros
|move|p1a: Chansey|Thunder Wave|p2a: Tauros
|-status|p2a: Tauros|par
|
|turn|27
|choice|move 2|move 1
|
|move|p1a: Chansey|Soft-Boiled|p1a: Chansey
|-heal|p1a: Chansey|691\/703
|move|p2a: Tauros|Body Slam|p1a: Chansey
|-crit|p1a: Chansey
|-damage|p1a: Chansey|192\/703
|
|turn|28
|choice|move 2|move 1
|
|move|p1a: Chansey|Soft-Boiled|p1a: Chansey
|-fail|p1a: Chansey
|move|p2a: Tauros|Body Slam|p1a: Chansey
|-damage|p1a: Chansey|0 fnt
|faint|p1a: Chansey
|
|win|Mandelbrot
|player|p1
|player|p2
|c|★Magmar556|...
|c|★Mandelbrot|yeah, not gg
|c|★Mandelbrot|wp though
|c|★Magmar556|not gg, but gg anyway xD
|raw|Magmar556's rating: 1324 &rarr; <strong>1297<\/strong><br \/>(-27 for losing)
|raw|Mandelbrot's rating: 1196 &rarr; <strong>1230<\/strong><br \/>(+34 for winning)