|join|DerpKing
|join|Toasted-_-Bagel
|player|p1|DerpKing|108
|player|p2|Toasted-_-Bagel|15
|gametype|singles
|gen|1
|tier|[Gen 1] OU (beta)
|rule|Sleep Clause Mod: Limit one foe put to sleep
|rule|Species Clause: Limit one of each Pokémon
|rule|OHKO Clause: OHKO moves are banned
|rule|Moody Clause: Moody is banned
|rule|Evasion Moves Clause: Evasion moves are banned
|rule|Endless Battle Clause: Forcing endless battles is banned
|rule|HP Percentage Mod: HP is reported as percentages
|
|start
|switch|p1a: Dr. Overrated|Charizard|359\/359
|switch|p2a: Gengar|Gengar|323\/323
|turn|1
|
|switch|p1a: Bob Marley|Venusaur|363\/363
|move|p2a: Gengar|Thunderbolt|p1a: Bob Marley
|-crit|p1a: Bob Marley
|-resisted|p1a: Bob Marley
|-damage|p1a: Bob Marley|267\/363
|
|turn|2
|chat|Toasted-_-Bagel|funny name
|chat|Toasted-_-Bagel|lol
|chat|DerpKing|thanks man
|
|move|p2a: Gengar|Hypnosis|p1a: Bob Marley
|-status|p1a: Bob Marley|slp
|cant|p1a: Bob Marley|slp
|
|turn|3
|chat|DerpKing|clever gengar lead, that one caught me off guard
|
|move|p2a: Gengar|Thunderbolt|p1a: Bob Marley
|-resisted|p1a: Bob Marley
|-damage|p1a: Bob Marley|220\/363 slp
|cant|p1a: Bob Marley|slp
|
|turn|4
|chat|Toasted-_-Bagel|usually does
|
|move|p2a: Gengar|Thunderbolt|p1a: Bob Marley
|-resisted|p1a: Bob Marley
|-damage|p1a: Bob Marley|176\/363 slp
|cant|p1a: Bob Marley|slp
|
|turn|5
|
|move|p2a: Gengar|Thunderbolt|p1a: Bob Marley
|-resisted|p1a: Bob Marley
|-damage|p1a: Bob Marley|131\/363 slp
|cant|p1a: Bob Marley|slp
|-curestatus|p1a: Bob Marley|slp
|
|turn|6
|
|move|p2a: Gengar|Hypnosis|p1a: Bob Marley|[miss]
|-miss|p2a: Gengar
|move|p1a: Bob Marley|Leech Seed|p2a: Gengar
|-start|p2a: Gengar|move: Leech Seed
|
|turn|7
|
|move|p2a: Gengar|Hypnosis|p1a: Bob Marley|[miss]
|-miss|p2a: Gengar
|-damage|p2a: Gengar|303\/323|[from] Leech Seed|[of] p1a: Bob Marley
|-heal|p1a: Bob Marley|151\/363|[silent]
|move|p1a: Bob Marley|Substitute|p1a: Bob Marley
|-start|p1a: Bob Marley|Substitute
|-damage|p1a: Bob Marley|61\/363
|
|turn|8
|
|move|p2a: Gengar|Thunderbolt|p1a: Bob Marley
|-crit|p1a: Bob Marley
|-resisted|p1a: Bob Marley
|-activate|p1a: Bob Marley|Substitute|[damage]
|-damage|p2a: Gengar|283\/323|[from] Leech Seed|[of] p1a: Bob Marley
|-heal|p1a: Bob Marley|81\/363|[silent]
|move|p1a: Bob Marley|Sleep Powder|p2a: Gengar
|-status|p2a: Gengar|slp
|
|turn|9
|
|switch|p1a: RBY OU|Alakazam|313\/313
|cant|p2a: Gengar|slp
|-damage|p2a: Gengar|263\/323 slp|[from] Leech Seed|[of] p1a: RBY OU
|
|turn|10
|
|move|p1a: RBY OU|Psychic|p2a: Gengar
|-supereffective|p2a: Gengar
|-damage|p2a: Gengar|44\/323 slp
|cant|p2a: Gengar|slp
|-damage|p2a: Gengar|24\/323 slp|[from] Leech Seed|[of] p1a: RBY OU
|
|turn|11
|
|move|p1a: RBY OU|Psychic|p2a: Gengar
|-supereffective|p2a: Gengar
|-damage|p2a: Gengar|0 fnt
|faint|p2a: Gengar
|
|
|switch|p2a: Exeggutor|Exeggutor|393\/393
|turn|12
|
|move|p1a: RBY OU|Thunder Wave|p2a: Exeggutor
|-status|p2a: Exeggutor|par
|cant|p2a: Exeggutor|par
|
|turn|13
|
|switch|p1a: Bullsiht|Tauros|353\/353
|move|p2a: Exeggutor|Sleep Powder|p1a: Bullsiht
|-status|p1a: Bullsiht|slp
|
|turn|14
|
|cant|p1a: Bullsiht|slp
|move|p2a: Exeggutor|Psychic|p1a: Bullsiht
|-damage|p1a: Bullsiht|201\/353 slp
|
|turn|15
|
|cant|p1a: Bullsiht|slp
|-curestatus|p1a: Bullsiht|slp
|move|p2a: Exeggutor|Psychic|p1a: Bullsiht
|-damage|p1a: Bullsiht|49\/353
|
|turn|16
|
|move|p1a: Bullsiht|Blizzard|p2a: Exeggutor
|-supereffective|p2a: Exeggutor
|-damage|p2a: Exeggutor|274\/393 par
|cant|p2a: Exeggutor|par
|
|turn|17
|chat|Toasted-_-Bagel|noooooooooooo
|chat|DerpKing|dang, I forgot how beastly exegg's special was
|
|move|p1a: Bullsiht|Blizzard|p2a: Exeggutor
|-crit|p2a: Exeggutor
|-supereffective|p2a: Exeggutor
|-damage|p2a: Exeggutor|17\/393 par
|move|p2a: Exeggutor|Mega Drain|p1a: Bullsiht
|-damage|p1a: Bullsiht|0 fnt
|-heal|p2a: Exeggutor|42\/393 par|[from] drain|[of] p1a: Bullsiht
|faint|p1a: Bullsiht
|
|chat|Toasted-_-Bagel|yerp
|chat|Toasted-_-Bagel|shit
|chat|Toasted-_-Bagel|that was scary
|
|switch|p1a: Thrust|Nidoking|365\/365
|turn|18
|chat|Toasted-_-Bagel|tauros in general is scary
|chat|Toasted-_-Bagel|im screwed
|chat|DerpKing|yeah, tauros got a little crotchety as the years went on XD
|
|move|p1a: Thrust|Earthquake|p2a: Exeggutor
|-resisted|p2a: Exeggutor
|-damage|p2a: Exeggutor|0 fnt
|faint|p2a: Exeggutor
|
|
|switch|p2a: Zapdos|Zapdos|383\/383
|turn|19
|
|move|p2a: Zapdos|Agility|p2a: Zapdos
|-boost|p2a: Zapdos|spe|2
|move|p1a: Thrust|Blizzard|p2a: Zapdos
|-supereffective|p2a: Zapdos
|-damage|p2a: Zapdos|259\/383
|-status|p2a: Zapdos|frz
|
|turn|20
|chat|Toasted-_-Bagel|wow
|chat|DerpKing|1st time that ever happened for me
|
|cant|p2a: Zapdos|frz
|move|p1a: Thrust|Blizzard|p2a: Zapdos
|-supereffective|p2a: Zapdos
|-damage|p2a: Zapdos|131\/383 frz
|
|turn|21
|chat|Toasted-_-Bagel|u lucky bastard
|chat|DerpKing|yeah, that was total hax XD
|chat|Toasted-_-Bagel|bye bye
|
|cant|p2a: Zapdos|frz
|move|p1a: Thrust|Surf|p2a: Zapdos
|-damage|p2a: Zapdos|79\/383 frz
|
|turn|22
|
|cant|p2a: Zapdos|frz
|move|p1a: Thrust|Blizzard|p2a: Zapdos
|-supereffective|p2a: Zapdos
|-damage|p2a: Zapdos|0 fnt
|faint|p2a: Zapdos
|
|
|switch|p2a: Starmie|Starmie|323\/323
|turn|23
|
|switch|p1a: RBY OU|Alakazam|313\/313
|move|p2a: Starmie|Thunder Wave|p1a: RBY OU
|-status|p1a: RBY OU|par
|
|turn|24
|
|move|p2a: Starmie|Blizzard|p1a: RBY OU
|-damage|p1a: RBY OU|232\/313 par
|move|p1a: RBY OU|Thunder Wave|p2a: Starmie
|-status|p2a: Starmie|par
|
|turn|25
|
|move|p1a: RBY OU|Substitute|p1a: RBY OU
|-start|p1a: RBY OU|Substitute
|-damage|p1a: RBY OU|154\/313 par
|cant|p2a: Starmie|par
|
|turn|26
|chat|DerpKing|pokemon: the one place where a bunch of paraplegics do battle XD
|
|move|p1a: RBY OU|Rest|p1a: RBY OU
|-status|p1a: RBY OU|slp
|-heal|p1a: RBY OU|313\/313 slp|[silent]
|-status|p1a: RBY OU|slp|[from] move: Rest
|move|p2a: Starmie|Thunderbolt|p1a: RBY OU
|-activate|p1a: RBY OU|Substitute|[damage]
|
|turn|27
|chat|Toasted-_-Bagel|lol
|
|cant|p1a: RBY OU|slp
|move|p2a: Starmie|Blizzard|p1a: RBY OU
|-crit|p1a: RBY OU
|-end|p1a: RBY OU|Substitute
|
|turn|28
|
|switch|p2a: Tauros|Tauros|353\/353
|cant|p1a: RBY OU|slp
|-curestatus|p1a: RBY OU|slp
|
|turn|29
|
|move|p2a: Tauros|Body Slam|p1a: RBY OU
|-damage|p1a: RBY OU|150\/313
|-status|p1a: RBY OU|par
|cant|p1a: RBY OU|par
|
|turn|30
|chat|Toasted-_-Bagel|hax for days
|
|move|p2a: Tauros|Body Slam|p1a: RBY OU
|-damage|p1a: RBY OU|0 fnt
|faint|p1a: RBY OU
|
|
|switch|p1a: Fapdos|Zapdos|383\/383
|turn|31
|
|move|p2a: Tauros|Hyper Beam|p1a: Fapdos
|-damage|p1a: Fapdos|170\/383
|move|p1a: Fapdos|Thunder Wave|p2a: Tauros
|-status|p2a: Tauros|par
|
|turn|32
|
|move|p1a: Fapdos|Thunderbolt|p2a: Tauros
|-damage|p2a: Tauros|180\/353 par
|cant|p2a: Tauros|recharge
|
|turn|33
|
|move|p1a: Fapdos|Thunderbolt|p2a: Tauros
|-damage|p2a: Tauros|27\/353 par
|move|p2a: Tauros|Hyper Beam|p1a: Fapdos
|-damage|p1a: Fapdos|0 fnt
|faint|p1a: Fapdos
|
|
|switch|p1a: Thrust|Nidoking|365\/365
|turn|34
|
|move|p1a: Thrust|Thunderbolt|p2a: Tauros
|-damage|p2a: Tauros|0 fnt
|faint|p2a: Tauros
|
|
|switch|p2a: Starmie|Starmie|323\/323 par
|turn|35
|
|move|p1a: Thrust|Thunderbolt|p2a: Starmie
|-supereffective|p2a: Starmie
|-damage|p2a: Starmie|207\/323 par
|move|p2a: Starmie|Blizzard|p1a: Thrust
|-crit|p1a: Thrust
|-supereffective|p1a: Thrust
|-damage|p1a: Thrust|0 fnt
|faint|p1a: Thrust
|
|chat|DerpKing|ouch
|
|switch|p1a: Bob Marley|Venusaur|81\/363
|turn|36
|
|move|p1a: Bob Marley|Razor Leaf|p2a: Starmie
|-crit|p2a: Starmie
|-supereffective|p2a: Starmie
|-damage|p2a: Starmie|0 fnt
|faint|p2a: Starmie
|
|
|switch|p2a: Chansey|Chansey|703\/703
|turn|37
|chat|DerpKing|ph no not chansey XD
|
|move|p1a: Bob Marley|Sleep Powder|p2a: Chansey
|-status|p2a: Chansey|slp
|cant|p2a: Chansey|slp
|
|turn|38
|
|move|p1a: Bob Marley|Leech Seed|p2a: Chansey
|-start|p2a: Chansey|move: Leech Seed
|cant|p2a: Chansey|slp
|-damage|p2a: Chansey|660\/703 slp|[from] Leech Seed|[of] p1a: Bob Marley
|-heal|p1a: Bob Marley|124\/363|[silent]
|
|turn|39
|
|move|p1a: Bob Marley|Substitute|p1a: Bob Marley
|-start|p1a: Bob Marley|Substitute
|-damage|p1a: Bob Marley|34\/363
|cant|p2a: Chansey|slp
|-damage|p2a: Chansey|617\/703 slp|[from] Leech Seed|[of] p1a: Bob Marley
|-heal|p1a: Bob Marley|77\/363|[silent]
|
|turn|40
|
|move|p1a: Bob Marley|Razor Leaf|p2a: Chansey
|-crit|p2a: Chansey
|-damage|p2a: Chansey|491\/703 slp
|cant|p2a: Chansey|slp
|-damage|p2a: Chansey|448\/703 slp|[from] Leech Seed|[of] p1a: Bob Marley
|-heal|p1a: Bob Marley|120\/363|[silent]
|
|turn|41
|
|move|p1a: Bob Marley|Razor Leaf|p2a: Chansey
|-crit|p2a: Chansey
|-damage|p2a: Chansey|331\/703 slp
|cant|p2a: Chansey|slp
|-curestatus|p2a: Chansey|slp
|-damage|p2a: Chansey|288\/703|[from] Leech Seed|[of] p1a: Bob Marley
|-heal|p1a: Bob Marley|163\/363|[silent]
|
|turn|42
|
|move|p1a: Bob Marley|Sleep Powder|p2a: Chansey
|-status|p2a: Chansey|slp
|cant|p2a: Chansey|slp
|-damage|p2a: Chansey|245\/703 slp|[from] Leech Seed|[of] p1a: Bob Marley
|-heal|p1a: Bob Marley|206\/363|[silent]
|
|turn|43
|
|move|p1a: Bob Marley|Razor Leaf|p2a: Chansey
|-crit|p2a: Chansey
|-damage|p2a: Chansey|117\/703 slp
|cant|p2a: Chansey|slp
|-damage|p2a: Chansey|74\/703 slp|[from] Leech Seed|[of] p1a: Bob Marley
|-heal|p1a: Bob Marley|249\/363|[silent]
|
|turn|44
|chat|Toasted-_-Bagel|gg
|chat|DerpKing|gg
|
|move|p1a: Bob Marley|Razor Leaf|p2a: Chansey
|-crit|p2a: Chansey
|-damage|p2a: Chansey|0 fnt
|faint|p2a: Chansey
|
|win|DerpKing
|leave|Toasted-_-Bagel
|player|p2