|j|Mandelbrot
|j|bdk212
|player|p1|Mandelbrot|101
|player|p2|bdk212|266
|gametype|singles
|gen|1
|tier|[Gen 1] Random Battle
|rated
|seed|31023,11066,36931,23214
|rule|Sleep Clause Mod: Limit one foe put to sleep
|rule|Freeze Clause Mod: Limit one foe frozen
|rule|HP Percentage Mod: HP is shown in percentages
|
|start
|switch|p1a: Scyther|Scyther, L90|309\/309
|switch|p2a: Weepinbell|Weepinbell, L85|284\/284
|turn|1
|choice|move 4|move 3
|
|move|p1a: Scyther|Swords Dance|p1a: Scyther
|-boost|p1a: Scyther|atk|2
|move|p2a: Weepinbell|Body Slam|p1a: Scyther
|-damage|p1a: Scyther|254\/309
|
|turn|2
|choice|move 4|move 3
|
|move|p1a: Scyther|Swords Dance|p1a: Scyther
|-boost|p1a: Scyther|atk|2
|move|p2a: Weepinbell|Body Slam|p1a: Scyther
|-damage|p1a: Scyther|194\/309
|
|turn|3
|choice|move 4|move 3
|
|move|p1a: Scyther|Swords Dance|p1a: Scyther
|-boost|p1a: Scyther|atk|2
|move|p2a: Weepinbell|Body Slam|p1a: Scyther
|-damage|p1a: Scyther|137\/309
|-status|p1a: Scyther|par
|
|turn|4
|choice|move 1|move 3
|
|move|p2a: Weepinbell|Body Slam|p1a: Scyther
|-damage|p1a: Scyther|78\/309 par
|move|p1a: Scyther|Agility|p1a: Scyther
|-boost|p1a: Scyther|spe|2
|
|turn|5
|choice|move 2|move 3
|
|move|p1a: Scyther|Hyper Beam|p2a: Weepinbell
|-damage|p2a: Weepinbell|0 fnt
|faint|p2a: Weepinbell
|choice||switch 2
|
|switch|p2a: Zapdos|Zapdos, L79|304\/304
|turn|6
|choice|move 2|move 4
|
|move|p1a: Scyther|Hyper Beam|p2a: Zapdos
|-damage|p2a: Zapdos|0 fnt
|faint|p2a: Zapdos
|choice||switch 5
|
|switch|p2a: Articuno|Articuno, L79|304\/304
|turn|7
|choice|move 2|move 4
|
|move|p1a: Scyther|Hyper Beam|p2a: Articuno
|-damage|p2a: Articuno|0 fnt
|faint|p2a: Articuno
|choice||switch 3
|
|switch|p2a: Ditto|Ditto, L99|296\/296
|turn|8
|choice|move 2|move 1
|
|move|p1a: Scyther|Hyper Beam|p2a: Ditto
|-damage|p2a: Ditto|0 fnt
|faint|p2a: Ditto
|choice||switch 6
|
|switch|p2a: Lapras|Lapras, L79|367\/367
|turn|9
|choice|move 2|move 4
|
|move|p1a: Scyther|Hyper Beam|p2a: Lapras
|-damage|p2a: Lapras|0 fnt
|faint|p2a: Lapras
|choice||switch 4
|
|switch|p2a: Mew|Mew, L74|300\/300
|turn|10
|choice|move 2|move 3
|
|cant|p1a: Scyther|par
|move|p2a: Mew|Swift|p1a: Scyther
|-damage|p1a: Scyther|42\/309 par
|
|turn|11
|choice|move 2|move 3
|
|cant|p1a: Scyther|par
|move|p2a: Mew|Swift|p1a: Scyther
|-crit|p1a: Scyther
|-damage|p1a: Scyther|0 fnt
|faint|p1a: Scyther
|choice|switch 6|
|
|switch|p1a: Lapras|Lapras, L79|367\/367
|turn|12
|choice|move 4|move 2
|
|move|p2a: Mew|Thunderbolt|p1a: Lapras
|-supereffective|p1a: Lapras
|-damage|p1a: Lapras|250\/367
|move|p1a: Lapras|Confuse Ray|p2a: Mew
|-start|p2a: Mew|confusion
|
|turn|13
|choice|move 3|move 4
|
|-activate|p2a: Mew|confusion
|-damage|p2a: Mew|274\/300|[from] confusion
|move|p1a: Lapras|Blizzard|p2a: Mew
|-damage|p2a: Mew|168\/300
|
|turn|14
|choice|move 3|move 4
|
|-activate|p2a: Mew|confusion
|-damage|p2a: Mew|142\/300|[from] confusion
|move|p1a: Lapras|Blizzard|p2a: Mew
|-damage|p2a: Mew|35\/300
|
|turn|15
|choice|move 2|move 4
|
|-end|p2a: Mew|confusion
|move|p2a: Mew|Hyper Beam|p1a: Lapras
|-damage|p1a: Lapras|158\/367
|move|p1a: Lapras|Thunderbolt|p2a: Mew
|-damage|p2a: Mew|0 fnt
|faint|p2a: Mew
|
|win|Mandelbrot
|raw|Mandelbrot's rating: 1080 &rarr; <strong>1101<\/strong><br \/>(+21 for winning)
|raw|bdk212's rating: 1000 &rarr; <strong>1000<\/strong><br \/>(+0 for losing)
|l|bdk212
|player|p2