|join|imperialsunfr
|join|Vultur
|player|p1|imperialsunfr|170
|player|p2|Vultur|169
|gametype|singles
|gen|1
|tier|[Gen 1] Random Battle
|seed|60378,11644,46123,14589
|rule|Sleep Clause Mod: Limit one foe put to sleep
|rule|Freeze Clause Mod: Limit one foe frozen
|rule|HP Percentage Mod: HP is shown in percentages
|
|start
|switch|p1a: Lickitung|Lickitung, L90|345\/345
|switch|p2a: Beedrill|Beedrill, L90|300\/300
|turn|1
|choice|move 1|move 1
|
|move|p2a: Beedrill|Agility|p2a: Beedrill
|-boost|p2a: Beedrill|spe|2
|move|p1a: Lickitung|Body Slam|p2a: Beedrill
|-damage|p2a: Beedrill|200\/300
|
|turn|2
|choice|move 3|move 3
|
|move|p2a: Beedrill|Swords Dance|p2a: Beedrill
|-boost|p2a: Beedrill|atk|2
|move|p1a: Lickitung|Hyper Beam|p2a: Beedrill
|-damage|p2a: Beedrill|0 fnt
|faint|p2a: Beedrill
|choice||switch 3
|
|switch|p2a: Mankey|Mankey, L96|272\/272
|turn|3
|choice|switch 5|move 1
|
|switch|p1a: Gengar|Gengar, L79|257\/257
|move|p2a: Mankey|Submission|p1a: Gengar
|-immune|p1a: Gengar|[msg]
|
|turn|4
|choice|move 1|move 3
|
|move|p1a: Gengar|Hypnosis|p2a: Mankey|[miss]
|-miss|p1a: Gengar
|move|p2a: Mankey|Rock Slide|p1a: Gengar
|-damage|p1a: Gengar|174\/257
|
|turn|5
|choice|move 1|move 3
|
|move|p1a: Gengar|Hypnosis|p2a: Mankey
|-status|p2a: Mankey|slp
|cant|p2a: Mankey|slp
|
|turn|6
|choice|move 2|move 3
|
|move|p1a: Gengar|Mega Drain|p2a: Mankey
|-damage|p2a: Mankey|231\/272 slp
|-heal|p1a: Gengar|194\/257|[from] drain|[of] p2a: Mankey
|-curestatus|p2a: Mankey|slp
|
|turn|7
|choice|move 1|move 3
|
|move|p1a: Gengar|Hypnosis|p2a: Mankey
|-status|p2a: Mankey|slp
|cant|p2a: Mankey|slp
|
|turn|8
|choice|move 4|move 3
|
|move|p1a: Gengar|Psychic|p2a: Mankey
|-crit|p2a: Mankey
|-supereffective|p2a: Mankey
|-damage|p2a: Mankey|0 fnt
|faint|p2a: Mankey
|choice||switch 4
|
|switch|p2a: Rhydon|Rhydon, L79|328\/328
|turn|9
|choice|move 1|move 4
|
|move|p1a: Gengar|Hypnosis|p2a: Rhydon
|-status|p2a: Rhydon|slp
|cant|p2a: Rhydon|slp
|
|turn|10
|choice|move 2|move 4
|
|move|p1a: Gengar|Mega Drain|p2a: Rhydon
|-supereffective|p2a: Rhydon
|-damage|p2a: Rhydon|128\/328 slp
|-heal|p1a: Gengar|257\/257|[from] drain|[of] p2a: Rhydon
|-curestatus|p2a: Rhydon|slp
|
|turn|11
|choice|move 2|move 4
|
|move|p1a: Gengar|Mega Drain|p2a: Rhydon
|-supereffective|p2a: Rhydon
|-damage|p2a: Rhydon|0 fnt
|faint|p2a: Rhydon
|choice||switch 2
|
|switch|p2a: Mew|Mew, L74|300\/300
|turn|12
|choice|move 1|move 1
|
|move|p1a: Gengar|Hypnosis|p2a: Mew|[miss]
|-miss|p1a: Gengar
|move|p2a: Mew|Psychic|p1a: Gengar
|-supereffective|p1a: Gengar
|-damage|p1a: Gengar|141\/257
|-unboost|p1a: Gengar|spd|1
|-unboost|p1a: Gengar|spa|1
|
|turn|13
|choice|move 1|move 1
|
|move|p1a: Gengar|Hypnosis|p2a: Mew
|-status|p2a: Mew|slp
|cant|p2a: Mew|slp
|
|turn|14
|choice|move 3|move 1
|
|move|p1a: Gengar|Thunderbolt|p2a: Mew
|-damage|p2a: Mew|253\/300 slp
|-curestatus|p2a: Mew|slp
|
|turn|15
|choice|move 1|move 1
|
|move|p1a: Gengar|Hypnosis|p2a: Mew
|-status|p2a: Mew|slp
|cant|p2a: Mew|slp
|
|turn|16
|choice|move 3|move 1
|
|move|p1a: Gengar|Thunderbolt|p2a: Mew
|-damage|p2a: Mew|205\/300 slp
|-curestatus|p2a: Mew|slp
|
|turn|17
|choice|move 1|move 1
|
|move|p1a: Gengar|Hypnosis|p2a: Mew|[miss]
|-miss|p1a: Gengar
|move|p2a: Mew|Psychic|p1a: Gengar
|-crit|p1a: Gengar
|-supereffective|p1a: Gengar
|-damage|p1a: Gengar|0 fnt
|faint|p1a: Gengar
|choice|switch 2|
|
|switch|p1a: Persian|Persian, L79|265\/265
|turn|18
|choice|move 2|move 1
|
|move|p1a: Persian|Hyper Beam|p2a: Mew
|-damage|p2a: Mew|81\/300
|move|p2a: Mew|Psychic|p1a: Persian
|-damage|p1a: Persian|170\/265
|-unboost|p1a: Persian|spd|1
|-unboost|p1a: Persian|spa|1
|
|turn|19
|-mustrecharge|p1a: Persian
|-mustrecharge|p1a: Persian
|choice|move 1|move 1
|
|cant|p1a: Persian|recharge
|move|p2a: Mew|Psychic|p1a: Persian
|-damage|p1a: Persian|33\/265
|-unboost|p1a: Persian|spd|1
|-unboost|p1a: Persian|spa|1
|
|turn|20
|choice|move 1|move 1
|
|move|p1a: Persian|Slash|p2a: Mew
|-crit|p2a: Mew
|-damage|p2a: Mew|0 fnt
|faint|p2a: Mew
|choice||switch 6
|
|switch|p2a: Parasect|Parasect, L90|291\/291
|turn|21
|choice|move 1|move 1
|
|move|p1a: Persian|Slash|p2a: Parasect
|-crit|p2a: Parasect
|-damage|p2a: Parasect|192\/291
|move|p2a: Parasect|Body Slam|p1a: Persian
|-damage|p1a: Persian|0 fnt
|faint|p1a: Persian
|choice|switch 6|
|
|switch|p1a: Electabuzz|Electabuzz, L85|284\/284
|turn|22
|choice|move 2|move 4
|
|move|p1a: Electabuzz|Psychic|p2a: Parasect
|-damage|p2a: Parasect|127\/291
|-unboost|p2a: Parasect|spd|1
|-unboost|p2a: Parasect|spa|1
|move|p2a: Parasect|Spore|p1a: Electabuzz
|-status|p1a: Electabuzz|slp
|
|turn|23
|choice|move 2|move 2
|
|-curestatus|p1a: Electabuzz|slp
|move|p2a: Parasect|Growth|p2a: Parasect
|
|turn|24
|choice|move 2|move 4
|
|move|p1a: Electabuzz|Psychic|p2a: Parasect
|-damage|p2a: Parasect|39\/291
|move|p2a: Parasect|Spore|p1a: Electabuzz
|-status|p1a: Electabuzz|slp
|
|turn|25
|choice|move 2|move 3
|
|cant|p1a: Electabuzz|slp
|move|p2a: Parasect|Mega Drain|p1a: Electabuzz
|-damage|p1a: Electabuzz|254\/284 slp
|-heal|p2a: Parasect|54\/291|[from] drain|[of] p1a: Electabuzz
|
|turn|26
|choice|move 2|move 1
|
|cant|p1a: Electabuzz|slp
|move|p2a: Parasect|Body Slam|p1a: Electabuzz
|-damage|p1a: Electabuzz|173\/284 slp
|
|turn|27
|choice|move 2|move 1
|
|cant|p1a: Electabuzz|slp
|move|p2a: Parasect|Body Slam|p1a: Electabuzz
|-damage|p1a: Electabuzz|87\/284 slp
|
|turn|28
|choice|move 2|move 1
|
|-curestatus|p1a: Electabuzz|slp
|move|p2a: Parasect|Body Slam|p1a: Electabuzz
|-crit|p1a: Electabuzz
|-damage|p1a: Electabuzz|0 fnt
|faint|p1a: Electabuzz
|choice|switch 3|
|
|switch|p1a: Squirtle|Squirtle, L96|279\/279
|turn|29
|choice|move 2|move 3
|
|move|p1a: Squirtle|Blizzard|p2a: Parasect
|-supereffective|p2a: Parasect
|-damage|p2a: Parasect|0 fnt
|faint|p2a: Parasect
|choice||switch 5
|
|switch|p2a: Golduck|Golduck, L85|310\/310
|turn|30
|choice|move 2|move 1
|
|move|p2a: Golduck|Amnesia|p2a: Golduck
|-boost|p2a: Golduck|spd|2
|-boost|p2a: Golduck|spa|2
|move|p1a: Squirtle|Blizzard|p2a: Golduck
|-resisted|p2a: Golduck
|-damage|p2a: Golduck|291\/310
|
|turn|31
|choice|move 4|move 1
|
|move|p2a: Golduck|Amnesia|p2a: Golduck
|-boost|p2a: Golduck|spd|2
|-boost|p2a: Golduck|spa|2
|move|p1a: Squirtle|Body Slam|p2a: Golduck
|-damage|p2a: Golduck|232\/310
|
|turn|32
|choice|switch 4|move 3
|
|switch|p1a: Golbat|Golbat, L90|318\/318
|move|p2a: Golduck|Surf|p1a: Golbat
|-damage|p1a: Golbat|43\/318
|
|turn|33
|choice|move 4|move 4
|
|move|p1a: Golbat|Mega Drain|p2a: Golduck
|-crit|p2a: Golduck
|-supereffective|p2a: Golduck
|-damage|p2a: Golduck|122\/310
|-heal|p1a: Golbat|98\/318|[from] drain|[of] p2a: Golduck
|move|p2a: Golduck|Ice Beam|p1a: Golbat
|-supereffective|p1a: Golbat
|-damage|p1a: Golbat|0 fnt
|faint|p1a: Golbat
|choice|switch 5|
|
|switch|p1a: Lickitung|Lickitung, L90|345\/345
|turn|34
|choice|move 4|move 3
|
|move|p2a: Golduck|Surf|p1a: Lickitung
|-damage|p1a: Lickitung|0 fnt
|faint|p1a: Lickitung
|choice|switch 4|
|
|switch|p1a: Squirtle|Squirtle, L96|279\/279
|turn|35
|choice|move 4|move 2
|
|move|p2a: Golduck|Body Slam|p1a: Squirtle
|-damage|p1a: Squirtle|216\/279
|move|p1a: Squirtle|Body Slam|p2a: Golduck
|-damage|p2a: Golduck|65\/310
|
|turn|36
|choice|move 4|move 3
|
|move|p2a: Golduck|Surf|p1a: Squirtle
|-resisted|p1a: Squirtle
|-damage|p1a: Squirtle|46\/279
|move|p1a: Squirtle|Body Slam|p2a: Golduck
|-damage|p2a: Golduck|7\/310
|
|turn|37
|choice|move 4|move 3
|
|move|p2a: Golduck|Surf|p1a: Squirtle
|-resisted|p1a: Squirtle
|-damage|p1a: Squirtle|0 fnt
|faint|p1a: Squirtle
|
|win|Vultur
|leave|imperialsunfr
|player|p1