|j|Fireknight88
|j|Steak McQueen
|player|p1|Fireknight88|169
|player|p2|Steak McQueen|162
|gametype|singles
|gen|1
|tier|[Gen 1] Random Battle
|rated
|seed|4094,35091,7312,52118
|rule|Sleep Clause Mod: Limit one foe put to sleep
|rule|Freeze Clause Mod: Limit one foe frozen
|rule|HP Percentage Mod: HP is shown in percentages
|
|start
|switch|p1a: Hitmonlee|Hitmonlee, L90|273\/273
|switch|p2a: Persian|Persian, L79|265\/265
|turn|1
|choice|move 2|move 2
|
|move|p2a: Persian|Body Slam|p1a: Hitmonlee
|-damage|p1a: Hitmonlee|192\/273
|-status|p1a: Hitmonlee|par
|move|p1a: Hitmonlee|High Jump Kick|p2a: Persian
|-crit|p2a: Persian
|-supereffective|p2a: Persian
|-damage|p2a: Persian|0 fnt
|faint|p2a: Persian
|choice||switch 3
|
|switch|p2a: Sandshrew|Sandshrew, L96|291\/291
|turn|2
|choice|move 1|move 1
|
|move|p2a: Sandshrew|Earthquake|p1a: Hitmonlee
|-damage|p1a: Hitmonlee|56\/273 par
|move|p1a: Hitmonlee|Seismic Toss|p2a: Sandshrew
|-damage|p2a: Sandshrew|201\/291
|
|turn|3
|choice|move 2|move 1
|
|move|p2a: Sandshrew|Earthquake|p1a: Hitmonlee
|-damage|p1a: Hitmonlee|0 fnt
|faint|p1a: Hitmonlee
|choice|switch 6|
|
|switch|p1a: Dewgong|Dewgong, L85|327\/327
|turn|4
|choice|move 1|switch 2
|
|switch|p2a: Slowpoke|Slowpoke, L96|368\/368
|move|p1a: Dewgong|Blizzard|p2a: Slowpoke
|-resisted|p2a: Slowpoke
|-damage|p2a: Slowpoke|286\/368
|
|turn|5
|choice|move 3|move 4
|
|move|p1a: Dewgong|Body Slam|p2a: Slowpoke
|-damage|p2a: Slowpoke|232\/368
|move|p2a: Slowpoke|Thunder Wave|p1a: Dewgong
|-status|p1a: Dewgong|par
|
|turn|6
|choice|move 3|move 1
|
|move|p2a: Slowpoke|Amnesia|p2a: Slowpoke
|-boost|p2a: Slowpoke|spd|2
|-boost|p2a: Slowpoke|spa|2
|move|p1a: Dewgong|Body Slam|p2a: Slowpoke
|-damage|p2a: Slowpoke|175\/368
|
|turn|7
|choice|move 3|move 3
|
|move|p2a: Slowpoke|Surf|p1a: Dewgong
|-resisted|p1a: Dewgong
|-damage|p1a: Dewgong|252\/327 par
|move|p1a: Dewgong|Body Slam|p2a: Slowpoke
|-damage|p2a: Slowpoke|126\/368
|
|turn|8
|choice|move 3|move 3
|
|move|p2a: Slowpoke|Surf|p1a: Dewgong
|-resisted|p1a: Dewgong
|-damage|p1a: Dewgong|180\/327 par
|cant|p1a: Dewgong|par
|
|turn|9
|choice|move 3|move 1
|
|move|p2a: Slowpoke|Amnesia|p2a: Slowpoke
|-boost|p2a: Slowpoke|spd|2
|-boost|p2a: Slowpoke|spa|2
|cant|p1a: Dewgong|par
|
|turn|10
|choice|move 3|move 3
|
|move|p2a: Slowpoke|Surf|p1a: Dewgong
|-resisted|p1a: Dewgong
|-damage|p1a: Dewgong|63\/327 par
|cant|p1a: Dewgong|par
|
|turn|11
|choice|move 3|move 3
|
|move|p2a: Slowpoke|Surf|p1a: Dewgong
|-resisted|p1a: Dewgong
|-damage|p1a: Dewgong|0 fnt
|faint|p1a: Dewgong
|choice|switch 3|
|
|switch|p1a: Porygon|Porygon, L85|284\/284
|turn|12
|choice|move 2|move 3
|
|move|p1a: Porygon|Hyper Beam|p2a: Slowpoke
|-crit|p2a: Slowpoke
|-damage|p2a: Slowpoke|0 fnt
|faint|p2a: Slowpoke
|choice||switch 2
|
|switch|p2a: Sandshrew|Sandshrew, L96|201\/291
|turn|13
|choice|switch 2|move 1
|
|switch|p1a: Squirtle|Squirtle, L96|279\/279
|move|p2a: Sandshrew|Earthquake|p1a: Squirtle
|-damage|p1a: Squirtle|165\/279
|
|turn|14
|choice|move 1|switch 6
|
|switch|p2a: Parasect|Parasect, L90|291\/291
|move|p1a: Squirtle|Surf|p2a: Parasect
|-resisted|p2a: Parasect
|-damage|p2a: Parasect|244\/291
|
|turn|15
|choice|move 4|move 2
|
|move|p1a: Squirtle|Blizzard|p2a: Parasect
|-supereffective|p2a: Parasect
|-damage|p2a: Parasect|105\/291
|move|p2a: Parasect|Spore|p1a: Squirtle
|-status|p1a: Squirtle|slp
|
|turn|16
|choice|switch 2|move 4
|
|switch|p1a: Porygon|Porygon, L85|284\/284
|move|p2a: Parasect|Swords Dance|p2a: Parasect
|-boost|p2a: Parasect|atk|2
|
|turn|17
|choice|move 2|move 3
|
|move|p1a: Porygon|Hyper Beam|p2a: Parasect
|-damage|p2a: Parasect|0 fnt
|faint|p2a: Parasect
|choice||switch 6
|
|switch|p2a: Sandshrew|Sandshrew, L96|201\/291
|turn|18
|choice|switch 2|move 1
|
|switch|p1a: Squirtle|Squirtle, L96|165\/279 slp
|move|p2a: Sandshrew|Earthquake|p1a: Squirtle
|-damage|p1a: Squirtle|50\/279 slp
|
|turn|19
|choice|move 4|move 4
|
|cant|p1a: Squirtle|slp
|move|p2a: Sandshrew|Swords Dance|p2a: Sandshrew
|-boost|p2a: Sandshrew|atk|2
|
|turn|20
|choice|move 4|move 4
|
|cant|p1a: Squirtle|slp
|move|p2a: Sandshrew|Swords Dance|p2a: Sandshrew
|-boost|p2a: Sandshrew|atk|2
|
|turn|21
|choice|move 4|move 1
|
|cant|p1a: Squirtle|slp
|move|p2a: Sandshrew|Earthquake|p1a: Squirtle
|-crit|p1a: Squirtle
|-damage|p1a: Squirtle|0 fnt
|faint|p1a: Squirtle
|choice|switch 4|
|
|switch|p1a: Venusaur|Venusaur, L85|310\/310
|turn|22
|choice|move 4|move 1
|
|move|p1a: Venusaur|Sleep Powder|p2a: Sandshrew|[miss]
|-miss|p1a: Venusaur
|move|p2a: Sandshrew|Earthquake|p1a: Venusaur
|-damage|p1a: Venusaur|0 fnt
|faint|p1a: Venusaur
|choice|switch 5|
|
|switch|p1a: Marowak|Marowak, L90|291\/291
|turn|23
|choice|move 2|move 1
|
|move|p2a: Sandshrew|Earthquake|p1a: Marowak
|-damage|p1a: Marowak|28\/291
|move|p1a: Marowak|Blizzard|p2a: Sandshrew
|-crit|p2a: Sandshrew
|-supereffective|p2a: Sandshrew
|-damage|p2a: Sandshrew|0 fnt
|faint|p2a: Sandshrew
|choice||switch 4
|
|switch|p2a: Slowbro|Slowbro, L79|312\/312
|turn|24
|choice|move 4|move 2
|
|move|p1a: Marowak|Body Slam|p2a: Slowbro
|-damage|p2a: Slowbro|254\/312
|-status|p2a: Slowbro|par
|cant|p2a: Slowbro|par
|
|turn|25
|choice|move 3|move 2
|
|move|p1a: Marowak|Seismic Toss|p2a: Slowbro
|-damage|p2a: Slowbro|164\/312 par
|move|p2a: Slowbro|Surf|p1a: Marowak
|-supereffective|p1a: Marowak
|-damage|p1a: Marowak|0 fnt
|faint|p1a: Marowak
|choice|switch 2|
|
|switch|p1a: Porygon|Porygon, L85|284\/284
|turn|26
|choice|move 3|switch 5
|
|switch|p2a: Wigglytuff|Wigglytuff, L90|435\/435
|move|p1a: Porygon|Agility|p1a: Porygon
|-boost|p1a: Porygon|spe|2
|
|turn|27
|choice|move 4|move 3
|
|move|p1a: Porygon|Thunderbolt|p2a: Wigglytuff
|-damage|p2a: Wigglytuff|364\/435
|move|p2a: Wigglytuff|Sing|p1a: Porygon|[miss]
|-miss|p2a: Wigglytuff
|
|turn|28
|choice|move 4|move 3
|
|move|p1a: Porygon|Thunderbolt|p2a: Wigglytuff
|-damage|p2a: Wigglytuff|288\/435
|-status|p2a: Wigglytuff|par
|move|p2a: Wigglytuff|Sing|p1a: Porygon|[miss]
|-miss|p2a: Wigglytuff
|
|turn|29
|choice|move 2|move 1
|
|move|p1a: Porygon|Hyper Beam|p2a: Wigglytuff
|-damage|p2a: Wigglytuff|114\/435 par
|move|p2a: Wigglytuff|Thunder Wave|p1a: Porygon
|-status|p1a: Porygon|par
|
|turn|30
|-mustrecharge|p1a: Porygon
|-mustrecharge|p1a: Porygon
|choice|move 1|move 2
|
|cant|p1a: Porygon|recharge
|move|p2a: Wigglytuff|Blizzard|p1a: Porygon
|-damage|p1a: Porygon|218\/284 par
|
|turn|31
|choice|move 2|move 4
|
|move|p1a: Porygon|Hyper Beam|p2a: Wigglytuff
|-damage|p2a: Wigglytuff|0 fnt
|faint|p2a: Wigglytuff
|choice||switch 5
|
|switch|p2a: Slowbro|Slowbro, L79|164\/312 par
|turn|32
|choice|move 2|move 2
|
|move|p1a: Porygon|Hyper Beam|p2a: Slowbro
|-damage|p2a: Slowbro|49\/312 par
|cant|p2a: Slowbro|par
|
|turn|33
|-mustrecharge|p1a: Porygon
|-mustrecharge|p1a: Porygon
|choice|move 1|move 2
|
|cant|p1a: Porygon|recharge
|move|p2a: Slowbro|Surf|p1a: Porygon
|-damage|p1a: Porygon|130\/284 par
|
|turn|34
|choice|move 2|move 2
|
|move|p1a: Porygon|Hyper Beam|p2a: Slowbro|[miss]
|-miss|p1a: Porygon
|move|p2a: Slowbro|Surf|p1a: Porygon
|-damage|p1a: Porygon|46\/284 par
|
|turn|35
|choice|move 2|move 2
|
|move|p1a: Porygon|Hyper Beam|p2a: Slowbro
|-damage|p2a: Slowbro|0 fnt
|faint|p2a: Slowbro
|
|win|Fireknight88
|player|p1
|player|p2
|raw|Fireknight88's rating: 1103 &rarr; <strong>1130<\/strong><br \/>(+27 for winning)
|raw|Steak McQueen's rating: 1132 &rarr; <strong>1105<\/strong><br \/>(-27 for losing)
|l|Steak McQueen