|j|It was all a dream
|j|Shackleford
|player|p1|It was all a dream|229
|player|p2|Shackleford|39
|gametype|singles
|gen|1
|tier|[Gen 1] Random Battle
|seed|49815,61949,24126,46391
|rule|Sleep Clause Mod: Limit one foe put to sleep
|rule|Freeze Clause Mod: Limit one foe frozen
|rule|HP Percentage Mod: HP is shown in percentages
|
|start
|switch|p1a: Beedrill|Beedrill, L90|300\/300
|switch|p2a: Golbat|Golbat, L90|318\/318
|turn|1
|choice|switch 3|move 4
|
|switch|p1a: Charizard|Charizard, L85|306\/306
|move|p2a: Golbat|Confuse Ray|p1a: Charizard
|-start|p1a: Charizard|confusion
|
|turn|2
|choice|move 3|move 3
|
|-activate|p1a: Charizard|confusion
|move|p1a: Charizard|Fire Blast|p2a: Golbat
|-damage|p2a: Golbat|198\/318
|move|p2a: Golbat|Screech|p1a: Charizard
|-unboost|p1a: Charizard|def|2
|
|turn|3
|choice|switch 5|move 1
|
|switch|p1a: Clefable|Clefable, L85|335\/335
|move|p2a: Golbat|Double-Edge|p1a: Clefable
|-damage|p1a: Clefable|257\/335
|-damage|p2a: Golbat|179\/318|[from] recoil|[of] p1a: Clefable
|
|turn|4
|choice|move 1|move 4
|
|move|p2a: Golbat|Confuse Ray|p1a: Clefable
|-start|p1a: Clefable|confusion
|-activate|p1a: Clefable|confusion
|move|p1a: Clefable|Thunderbolt|p2a: Golbat
|-supereffective|p2a: Golbat
|-damage|p2a: Golbat|49\/318
|
|turn|5
|choice|move 1|move 3
|
|move|p2a: Golbat|Screech|p1a: Clefable
|-unboost|p1a: Clefable|def|2
|-activate|p1a: Clefable|confusion
|-damage|p1a: Clefable|199\/335|[from] confusion
|
|turn|6
|choice|move 1|move 2
|
|move|p2a: Golbat|Mega Drain|p1a: Clefable
|-crit|p1a: Clefable
|-damage|p1a: Clefable|143\/335
|-heal|p2a: Golbat|77\/318|[from] drain|[of] p1a: Clefable
|-activate|p1a: Clefable|confusion
|-damage|p1a: Clefable|85\/335|[from] confusion
|
|turn|7
|choice|move 1|move 2
|
|move|p2a: Golbat|Mega Drain|p1a: Clefable
|-damage|p1a: Clefable|57\/335
|-heal|p2a: Golbat|91\/318|[from] drain|[of] p1a: Clefable
|-end|p1a: Clefable|confusion
|move|p1a: Clefable|Thunderbolt|p2a: Golbat
|-crit|p2a: Golbat
|-supereffective|p2a: Golbat
|-damage|p2a: Golbat|0 fnt
|faint|p2a: Golbat
|choice||switch 3
|
|switch|p2a: Parasect|Parasect, L90|291\/291
|turn|8
|choice|switch 5|move 2
|
|switch|p1a: Charizard|Charizard, L85|306\/306
|move|p2a: Parasect|Hyper Beam|p1a: Charizard
|-damage|p1a: Charizard|173\/306
|
|turn|9
|-mustrecharge|p2a: Parasect
|-mustrecharge|p2a: Parasect
|choice|move 3|move 1
|
|move|p1a: Charizard|Fire Blast|p2a: Parasect
|-supereffective|p2a: Parasect
|-damage|p2a: Parasect|0 fnt
|faint|p2a: Parasect
|choice||switch 6
|
|switch|p2a: Chansey|Chansey, L79|557\/557
|turn|10
|choice|move 2|move 3
|
|move|p1a: Charizard|Earthquake|p2a: Chansey
|-damage|p2a: Chansey|381\/557
|move|p2a: Chansey|Thunder Wave|p1a: Charizard
|-status|p1a: Charizard|par
|
|turn|11
|choice|move 2|move 1
|
|move|p2a: Chansey|Soft-Boiled|p2a: Chansey
|-heal|p2a: Chansey|557\/557
|move|p1a: Charizard|Earthquake|p2a: Chansey
|-crit|p2a: Chansey
|-damage|p2a: Chansey|239\/557
|
|turn|12
|choice|switch 3|move 1
|
|switch|p1a: Beedrill|Beedrill, L90|300\/300
|move|p2a: Chansey|Soft-Boiled|p2a: Chansey
|-heal|p2a: Chansey|517\/557
|
|turn|13
|choice|move 1|switch 2
|
|switch|p2a: Drowzee|Drowzee, L96|310\/310
|move|p1a: Beedrill|Swords Dance|p1a: Beedrill
|-boost|p1a: Beedrill|atk|2
|
|turn|14
|choice|move 2|move 4
|
|move|p1a: Beedrill|Twineedle|p2a: Drowzee
|-supereffective|p2a: Drowzee
|-damage|p2a: Drowzee|168\/310
|-damage|p2a: Drowzee|26\/310
|-hitcount|p2a: Drowzee|2
|move|p2a: Drowzee|Psychic|p1a: Beedrill
|-supereffective|p1a: Beedrill
|-damage|p1a: Beedrill|0 fnt
|faint|p1a: Beedrill
|choice|switch 6|
|
|switch|p1a: Electrode|Electrode, L90|291\/291
|turn|15
|choice|move 2|switch 2
|
|switch|p2a: Chansey|Chansey, L79|517\/557
|move|p1a: Electrode|Thunder|p2a: Chansey|[miss]
|-miss|p1a: Electrode
|
|turn|16
|choice|move 4|move 3
|
|move|p1a: Electrode|Screech|p2a: Chansey
|-unboost|p2a: Chansey|def|2
|move|p2a: Chansey|Thunder Wave|p1a: Electrode
|-status|p1a: Electrode|par
|
|turn|17
|choice|move 4|switch 2
|
|switch|p2a: Drowzee|Drowzee, L96|26\/310
|move|p1a: Electrode|Screech|p2a: Drowzee
|-unboost|p2a: Drowzee|def|2
|
|turn|18
|choice|move 2|move 4
|
|move|p2a: Drowzee|Psychic|p1a: Electrode
|-damage|p1a: Electrode|168\/291 par
|-unboost|p1a: Electrode|spd|1
|-unboost|p1a: Electrode|spa|1
|cant|p1a: Electrode|par
|
|turn|19
|choice|move 2|move 4
|
|move|p2a: Drowzee|Psychic|p1a: Electrode
|-damage|p1a: Electrode|2\/291 par
|-unboost|p1a: Electrode|spd|1
|-unboost|p1a: Electrode|spa|1
|move|p1a: Electrode|Thunder|p2a: Drowzee|[miss]
|-miss|p1a: Electrode
|
|turn|20
|choice|move 2|move 4
|
|move|p2a: Drowzee|Psychic|p1a: Electrode
|-damage|p1a: Electrode|0 fnt
|faint|p1a: Electrode
|choice|switch 2|
|
|switch|p1a: Shellder|Shellder, L96|252\/252
|turn|21
|choice|move 2|move 2
|
|move|p2a: Drowzee|Hypnosis|p1a: Shellder
|-status|p1a: Shellder|slp
|cant|p1a: Shellder|slp
|
|turn|22
|choice|move 2|move 4
|
|move|p2a: Drowzee|Psychic|p1a: Shellder
|-crit|p1a: Shellder
|-damage|p1a: Shellder|0 fnt
|faint|p1a: Shellder
|choice|switch 5|
|
|switch|p1a: Clefable|Clefable, L85|57\/335
|turn|23
|choice|move 1|move 3
|
|move|p1a: Clefable|Thunderbolt|p2a: Drowzee
|-damage|p2a: Drowzee|0 fnt
|faint|p2a: Drowzee
|choice||switch 5
|
|switch|p2a: Lickitung|Lickitung, L90|345\/345
|turn|24
|choice|move 1|move 1
|
|move|p1a: Clefable|Thunderbolt|p2a: Lickitung
|-damage|p2a: Lickitung|268\/345
|move|p2a: Lickitung|Body Slam|p1a: Clefable
|-damage|p1a: Clefable|0 fnt
|faint|p1a: Clefable
|choice|switch 3|
|
|switch|p1a: Charizard|Charizard, L85|173\/306 par
|turn|25
|choice|move 3|move 4
|
|move|p2a: Lickitung|Swords Dance|p2a: Lickitung
|-boost|p2a: Lickitung|atk|2
|move|p1a: Charizard|Fire Blast|p2a: Lickitung
|-damage|p2a: Lickitung|133\/345
|
|turn|26
|choice|move 3|move 2
|
|move|p2a: Lickitung|Hyper Beam|p1a: Charizard
|-damage|p1a: Charizard|0 fnt
|faint|p1a: Charizard
|choice|switch 4|
|
|switch|p1a: Jynx|Jynx, L79|265\/265
|turn|27
|choice|move 3|move 2
|
|move|p1a: Jynx|Blizzard|p2a: Lickitung
|-damage|p2a: Lickitung|0 fnt
|faint|p2a: Lickitung
|choice||switch 2
|
|switch|p2a: Chansey|Chansey, L79|517\/557
|turn|28
|choice|move 3|move 3
|
|move|p1a: Jynx|Blizzard|p2a: Chansey
|-damage|p2a: Chansey|420\/557
|move|p2a: Chansey|Thunder Wave|p1a: Jynx
|-status|p1a: Jynx|par
|
|turn|29
|choice|move 2|switch 4
|
|switch|p2a: Lapras|Lapras, L79|367\/367
|cant|p1a: Jynx|par
|
|turn|30
|choice|move 4|move 1
|
|move|p2a: Lapras|Confuse Ray|p1a: Jynx
|-start|p1a: Jynx|confusion
|cant|p1a: Jynx|par
|
|turn|31
|choice|move 4|move 2
|
|move|p2a: Lapras|Body Slam|p1a: Jynx
|-damage|p1a: Jynx|177\/265 par
|-activate|p1a: Jynx|confusion
|-damage|p1a: Jynx|144\/265 par|[from] confusion
|
|turn|32
|choice|move 4|move 2
|
|move|p2a: Lapras|Body Slam|p1a: Jynx
|-damage|p1a: Jynx|60\/265 par
|-activate|p1a: Jynx|confusion
|-damage|p1a: Jynx|27\/265 par|[from] confusion
|
|turn|33
|choice|move 4|move 2
|
|move|p2a: Lapras|Body Slam|p1a: Jynx
|-crit|p1a: Jynx
|-damage|p1a: Jynx|0 fnt
|faint|p1a: Jynx
|
|win|Shackleford
|player|p1
|player|p2
|l|It was all a dream
|j|It was all a dream