|join|Mandelbrot
|join|Triumf
|player|p1|Mandelbrot|101
|player|p2|Triumf|2
|gametype|singles
|gen|1
|tier|[Gen 1] Random Battle
|rated
|rule|Sleep Clause Mod: Limit one foe put to sleep
|rule|Freeze Clause Mod: Limit one foe frozen
|rule|HP Percentage Mod: HP is shown in percentages
|
|start
|switch|p1a: Psyduck|Psyduck, L96|291\/291
|switch|p2a: Fearow|Fearow, L90|300\/300
|turn|1
|
|move|p2a: Fearow|Drill Peck|p1a: Psyduck
|-damage|p1a: Psyduck|180\/291
|move|p1a: Psyduck|Ice Beam|p2a: Fearow
|-supereffective|p2a: Fearow
|-damage|p2a: Fearow|154\/300
|
|turn|2
|
|move|p2a: Fearow|Drill Peck|p1a: Psyduck
|-damage|p1a: Psyduck|71\/291
|move|p1a: Psyduck|Body Slam|p2a: Fearow
|-damage|p2a: Fearow|92\/300
|
|turn|3
|
|move|p2a: Fearow|Drill Peck|p1a: Psyduck
|-crit|p1a: Psyduck
|-damage|p1a: Psyduck|0 fnt
|faint|p1a: Psyduck
|
|switch|p1a: Gyarados|Gyarados, L85|335\/335
|turn|4
|
|move|p2a: Fearow|Drill Peck|p1a: Gyarados
|-damage|p1a: Gyarados|234\/335
|move|p1a: Gyarados|Thunderbolt|p2a: Fearow
|-supereffective|p2a: Fearow
|-damage|p2a: Fearow|0 fnt
|faint|p2a: Fearow
|
|switch|p2a: Machop|Machop, L96|329\/329
|turn|5
|
|move|p1a: Gyarados|Body Slam|p2a: Machop
|-damage|p2a: Machop|233\/329
|move|p2a: Machop|Rock Slide|p1a: Gyarados
|-supereffective|p1a: Gyarados
|-damage|p1a: Gyarados|107\/335
|
|turn|6
|
|switch|p1a: Ivysaur|Ivysaur, L85|276\/276
|move|p2a: Machop|Rock Slide|p1a: Ivysaur
|-damage|p1a: Ivysaur|202\/276
|
|turn|7
|
|move|p1a: Ivysaur|Razor Leaf|p2a: Machop
|-crit|p2a: Machop
|-damage|p2a: Machop|88\/329
|move|p2a: Machop|Mega Kick|p1a: Ivysaur|[miss]
|-miss|p2a: Machop
|
|turn|8
|
|switch|p2a: Pidgeot|Pidgeot, L90|333\/333
|move|p1a: Ivysaur|Razor Leaf|p2a: Pidgeot
|-crit|p2a: Pidgeot
|-resisted|p2a: Pidgeot
|-damage|p2a: Pidgeot|276\/333
|
|turn|9
|
|switch|p1a: Porygon|Porygon, L85|284\/284
|move|p2a: Pidgeot|Sky Attack|p1a: Porygon|[still]
|-prepare|p2a: Pidgeot|Sky Attack|p1a: Porygon
|
|turn|10
|
|move|p2a: Pidgeot|Sky Attack|p1a: Porygon
|-damage|p1a: Porygon|103\/284
|move|p1a: Porygon|Blizzard|p2a: Pidgeot
|-supereffective|p2a: Pidgeot
|-damage|p2a: Pidgeot|115\/333
|
|turn|11
|
|move|p2a: Pidgeot|Double-Edge|p1a: Porygon
|-damage|p1a: Porygon|0 fnt
|-damage|p2a: Pidgeot|90\/333|[from] recoil|[of] p1a: Porygon
|faint|p1a: Porygon
|
|switch|p1a: Dragonair|Dragonair, L85|277\/277
|turn|12
|
|move|p2a: Pidgeot|Hyper Beam|p1a: Dragonair
|-crit|p1a: Dragonair
|-damage|p1a: Dragonair|0 fnt
|faint|p1a: Dragonair
|c|★Triumf|gg
|c|★Mandelbrot|?
|c|★Mandelbrot|This isn't over.
|
|switch|p1a: Gengar|Gengar, L79|257\/257
|turn|13
|
|move|p1a: Gengar|Thunderbolt|p2a: Pidgeot
|-supereffective|p2a: Pidgeot
|-damage|p2a: Pidgeot|0 fnt
|faint|p2a: Pidgeot
|
|switch|p2a: Dugtrio|Dugtrio, L85|233\/233
|turn|14
|c|★Mandelbrot|I think a lucky crit hyper beam hardly qualifies as a gg either.
|
|switch|p1a: Gyarados|Gyarados, L85|107\/335
|move|p2a: Dugtrio|Earthquake|p1a: Gyarados
|-immune|p1a: Gyarados|[msg]
|
|turn|15
|
|switch|p2a: Exeggutor|Exeggutor, L79|312\/312
|move|p1a: Gyarados|Surf|p2a: Exeggutor
|-resisted|p2a: Exeggutor
|-damage|p2a: Exeggutor|265\/312
|
|turn|16
|
|move|p1a: Gyarados|Body Slam|p2a: Exeggutor
|-damage|p2a: Exeggutor|185\/312
|-status|p2a: Exeggutor|par
|move|p2a: Exeggutor|Psychic|p1a: Gyarados
|-damage|p1a: Gyarados|15\/335
|
|turn|17
|
|move|p1a: Gyarados|Hyper Beam|p2a: Exeggutor
|-damage|p2a: Exeggutor|41\/312 par
|move|p2a: Exeggutor|Psychic|p1a: Gyarados
|-damage|p1a: Gyarados|0 fnt
|faint|p1a: Gyarados
|
|switch|p1a: Gengar|Gengar, L79|257\/257
|turn|18
|
|move|p1a: Gengar|Thunderbolt|p2a: Exeggutor
|-resisted|p2a: Exeggutor
|-damage|p2a: Exeggutor|11\/312 par
|move|p2a: Exeggutor|Psychic|p1a: Gengar
|-supereffective|p1a: Gengar
|-damage|p1a: Gengar|107\/257
|
|turn|19
|c|★Mandelbrot|crap
|
|move|p1a: Gengar|Thunderbolt|p2a: Exeggutor
|-resisted|p2a: Exeggutor
|-damage|p2a: Exeggutor|0 fnt
|faint|p2a: Exeggutor
|
|switch|p2a: Dugtrio|Dugtrio, L85|233\/233
|turn|20
|
|move|p2a: Dugtrio|Earthquake|p1a: Gengar
|-supereffective|p1a: Gengar
|-damage|p1a: Gengar|0 fnt
|faint|p1a: Gengar
|
|switch|p1a: Ivysaur|Ivysaur, L85|202\/276
|turn|21
|
|move|p2a: Dugtrio|Earthquake|p1a: Ivysaur
|-damage|p1a: Ivysaur|95\/276
|move|p1a: Ivysaur|Razor Leaf|p2a: Dugtrio|[miss]
|-miss|p1a: Ivysaur
|
|turn|22
|c|★Mandelbrot|...
|
|move|p2a: Dugtrio|Earthquake|p1a: Ivysaur
|-crit|p1a: Ivysaur
|-damage|p1a: Ivysaur|0 fnt
|faint|p1a: Ivysaur
|
|win|Triumf
|raw|Ladder updating...
|raw|Mandelbrot's rating: 1200 &rarr; <strong>1168<\/strong><br \/>(-32 for losing)
|raw|Triumf's rating: 1097 &rarr; <strong>1130<\/strong><br \/>(+33 for winning)
|c|★Mandelbrot|This was frustrating...
|c|★Mandelbrot|My rank dropped about 100 today.
|c|★Triumf|mine rose 130
|c|★Mandelbrot|All because of stupid stuff.