|join|yaldyyyy
|join|XianJu
|player|p1|yaldyyyy|266
|player|p2|XianJu|130
|gametype|singles
|gen|1
|tier|[Gen 1] Random Battle
|rated
|seed|38261,26131,14152,36101
|rule|Sleep Clause Mod: Limit one foe put to sleep
|rule|Freeze Clause Mod: Limit one foe frozen
|rule|HP Percentage Mod: HP is shown in percentages
|
|start
|switch|p1a: Nidoran-F|Nidoran-F, L96|300\/300
|switch|p2a: Electabuzz|Electabuzz, L85|284\/284
|turn|1
|choice|move 4|move 1
|
|move|p2a: Electabuzz|Psychic|p1a: Nidoran-F
|-crit|p1a: Nidoran-F
|-supereffective|p1a: Nidoran-F
|-damage|p1a: Nidoran-F|0 fnt
|faint|p1a: Nidoran-F
|choice|switch 2|
|
|switch|p1a: Paras|Paras, L96|262\/262
|turn|2
|choice|move 4|move 3
|
|move|p2a: Electabuzz|Thunder Wave|p1a: Paras
|-status|p1a: Paras|par
|move|p1a: Paras|Spore|p2a: Electabuzz
|-status|p2a: Electabuzz|slp
|
|turn|3
|choice|move 2|switch 5
|
|switch|p2a: Articuno|Articuno, L79|304\/304
|cant|p1a: Paras|par
|
|turn|4
|choice|move 1|move 1
|
|move|p2a: Articuno|Blizzard|p1a: Paras
|-supereffective|p1a: Paras
|-damage|p1a: Paras|0 fnt
|faint|p1a: Paras
|choice|switch 4|
|
|switch|p1a: Snorlax|Snorlax, L79|415\/415
|turn|5
|choice|move 1|move 2
|
|move|p2a: Articuno|Reflect|p2a: Articuno
|-start|p2a: Articuno|Reflect
|move|p1a: Snorlax|Amnesia|p1a: Snorlax
|-boost|p1a: Snorlax|spd|2
|-boost|p1a: Snorlax|spa|2
|
|turn|6
|choice|move 2|move 1
|
|move|p2a: Articuno|Blizzard|p1a: Snorlax
|-damage|p1a: Snorlax|332\/415
|move|p1a: Snorlax|Thunderbolt|p2a: Articuno
|-supereffective|p2a: Articuno
|-damage|p2a: Articuno|136\/304
|-status|p2a: Articuno|par
|
|turn|7
|choice|move 1|switch 6
|
|switch|p2a: Exeggutor|Exeggutor, L79|312\/312
|move|p1a: Snorlax|Amnesia|p1a: Snorlax
|-boost|p1a: Snorlax|spd|2
|-boost|p1a: Snorlax|spa|2
|
|turn|8
|choice|move 3|move 1
|
|move|p2a: Exeggutor|Sleep Powder|p1a: Snorlax
|-status|p1a: Snorlax|slp
|cant|p1a: Snorlax|slp
|
|turn|9
|choice|move 3|switch 3
|
|switch|p2a: Tauros|Tauros, L79|280\/280
|cant|p1a: Snorlax|slp
|
|turn|10
|choice|switch 3|move 3
|
|switch|p1a: Parasect|Parasect, L90|291\/291
|move|p2a: Tauros|Earthquake|p1a: Parasect
|-resisted|p1a: Parasect
|-damage|p1a: Parasect|276\/291
|
|turn|11
|choice|move 4|switch 6
|
|switch|p2a: Articuno|Articuno, L79|136\/304 par
|move|p1a: Parasect|Slash|p2a: Articuno
|-damage|p2a: Articuno|80\/304 par
|
|turn|12
|c|★yaldyyyy|your team is stupidly good compared to mine
|choice|move 2|move 1
|
|move|p1a: Parasect|Hyper Beam|p2a: Articuno
|-crit|p2a: Articuno
|-damage|p2a: Articuno|0 fnt
|faint|p2a: Articuno
|choice||switch 6
|
|switch|p2a: Tauros|Tauros, L79|280\/280
|turn|13
|choice|move 4|move 2
|
|move|p2a: Tauros|Blizzard|p1a: Parasect
|-crit|p1a: Parasect
|-supereffective|p1a: Parasect
|-damage|p1a: Parasect|20\/291
|move|p1a: Parasect|Slash|p2a: Tauros
|-crit|p2a: Tauros
|-damage|p2a: Tauros|163\/280
|
|turn|14
|choice|move 2|move 4
|
|move|p2a: Tauros|Body Slam|p1a: Parasect
|-crit|p1a: Parasect
|-damage|p1a: Parasect|0 fnt
|faint|p1a: Parasect
|choice|switch 5|
|
|switch|p1a: Kingler|Kingler, L85|267\/267
|turn|15
|choice|move 1|move 3
|
|move|p2a: Tauros|Earthquake|p1a: Kingler
|-damage|p1a: Kingler|214\/267
|move|p1a: Kingler|Crabhammer|p2a: Tauros
|-crit|p2a: Tauros
|-damage|p2a: Tauros|2\/280
|
|turn|16
|choice|move 4|switch 2
|
|switch|p2a: Magikarp|Magikarp, L99|240\/240
|move|p1a: Kingler|Blizzard|p2a: Magikarp
|-resisted|p2a: Magikarp
|-damage|p2a: Magikarp|190\/240
|
|turn|17
|choice|move 2|move 2
|
|move|p2a: Magikarp|Dragon Rage|p1a: Kingler
|-damage|p1a: Kingler|174\/267
|move|p1a: Kingler|Body Slam|p2a: Magikarp
|-damage|p2a: Magikarp|106\/240
|
|turn|18
|choice|move 2|move 2
|
|move|p2a: Magikarp|Dragon Rage|p1a: Kingler
|-damage|p1a: Kingler|134\/267
|move|p1a: Kingler|Body Slam|p2a: Magikarp
|-damage|p2a: Magikarp|23\/240
|-status|p2a: Magikarp|par
|
|turn|19
|choice|move 2|move 2
|
|move|p1a: Kingler|Body Slam|p2a: Magikarp
|-damage|p2a: Magikarp|0 fnt
|faint|p2a: Magikarp
|choice||switch 3
|
|switch|p2a: Exeggutor|Exeggutor, L79|312\/312
|turn|20
|choice|move 4|move 4
|
|move|p1a: Kingler|Blizzard|p2a: Exeggutor
|-supereffective|p2a: Exeggutor
|-damage|p2a: Exeggutor|211\/312
|move|p2a: Exeggutor|Mega Drain|p1a: Kingler
|-supereffective|p1a: Kingler
|-damage|p1a: Kingler|11\/267
|-heal|p2a: Exeggutor|272\/312|[from] drain|[of] p1a: Kingler
|
|turn|21
|choice|move 4|move 4
|
|move|p1a: Kingler|Blizzard|p2a: Exeggutor
|-supereffective|p2a: Exeggutor
|-damage|p2a: Exeggutor|175\/312
|move|p2a: Exeggutor|Mega Drain|p1a: Kingler
|-crit|p1a: Kingler
|-supereffective|p1a: Kingler
|-damage|p1a: Kingler|0 fnt
|-heal|p2a: Exeggutor|180\/312|[from] drain|[of] p1a: Kingler
|faint|p1a: Kingler
|choice|switch 3|
|
|switch|p1a: Snorlax|Snorlax, L79|332\/415 slp
|turn|22
|choice|move 2|move 3
|
|move|p2a: Exeggutor|Explosion|p1a: Snorlax
|-damage|p1a: Snorlax|78\/415 slp
|faint|p2a: Exeggutor
|choice||switch 2
|
|switch|p2a: Tauros|Tauros, L79|2\/280
|turn|23
|choice|move 2|move 4
|
|move|p2a: Tauros|Body Slam|p1a: Snorlax
|-damage|p1a: Snorlax|0 fnt
|faint|p1a: Snorlax
|choice|switch 6|
|
|switch|p1a: Poliwhirl|Poliwhirl, L85|284\/284
|turn|24
|choice|move 2|move 4
|
|move|p2a: Tauros|Body Slam|p1a: Poliwhirl
|-damage|p1a: Poliwhirl|188\/284
|move|p1a: Poliwhirl|Surf|p2a: Tauros
|-damage|p2a: Tauros|0 fnt
|faint|p2a: Tauros
|choice||switch 5
|
|switch|p2a: Electabuzz|Electabuzz, L85|284\/284 slp
|turn|25
|choice|move 1|move 2
|
|cant|p2a: Electabuzz|slp
|move|p1a: Poliwhirl|Amnesia|p1a: Poliwhirl
|-boost|p1a: Poliwhirl|spd|2
|-boost|p1a: Poliwhirl|spa|2
|
|turn|26
|choice|move 1|move 2
|
|-curestatus|p2a: Electabuzz|slp
|move|p1a: Poliwhirl|Amnesia|p1a: Poliwhirl
|-boost|p1a: Poliwhirl|spd|2
|-boost|p1a: Poliwhirl|spa|2
|
|turn|27
|choice|move 3|move 3
|
|move|p2a: Electabuzz|Thunder Wave|p1a: Poliwhirl
|-status|p1a: Poliwhirl|par
|move|p1a: Poliwhirl|Hypnosis|p2a: Electabuzz|[miss]
|-miss|p1a: Poliwhirl
|
|turn|28
|choice|move 3|move 2
|
|move|p2a: Electabuzz|Thunderbolt|p1a: Poliwhirl
|-supereffective|p1a: Poliwhirl
|-damage|p1a: Poliwhirl|94\/284 par
|move|p1a: Poliwhirl|Hypnosis|p2a: Electabuzz
|-status|p2a: Electabuzz|slp
|
|turn|29
|choice|move 2|move 2
|
|cant|p2a: Electabuzz|slp
|move|p1a: Poliwhirl|Surf|p2a: Electabuzz
|-crit|p2a: Electabuzz
|-damage|p2a: Electabuzz|152\/284 slp
|
|turn|30
|choice|move 1|move 2
|
|cant|p2a: Electabuzz|slp
|move|p1a: Poliwhirl|Amnesia|p1a: Poliwhirl
|-boost|p1a: Poliwhirl|spd|2
|-boost|p1a: Poliwhirl|spa|2
|
|turn|31
|choice|move 2|move 2
|
|cant|p2a: Electabuzz|slp
|move|p1a: Poliwhirl|Surf|p2a: Electabuzz
|-damage|p2a: Electabuzz|0 fnt
|faint|p2a: Electabuzz
|choice||switch 4
|
|switch|p2a: Snorlax|Snorlax, L79|415\/415
|turn|32
|choice|move 3|move 2
|
|move|p2a: Snorlax|Self-Destruct|p1a: Poliwhirl
|-damage|p1a: Poliwhirl|0 fnt
|faint|p1a: Poliwhirl
|faint|p2a: Snorlax
|
|win|XianJu