|j|rival de turno
|j|K I R I I S A
|player|p1|rival de turno|7
|player|p2|K I R I I S A|181
|gametype|singles
|gen|1
|tier|[Gen 1] Random Battle
|seed|
|rule|Sleep Clause Mod: Limit one foe put to sleep
|rule|Freeze Clause Mod: Limit one foe frozen
|rule|HP Percentage Mod: HP is shown in percentages
|
|start
|switch|p1a: Chansey|Chansey, L79|100\/100
|switch|p2a: Pikachu|Pikachu, L96|100\/100
|turn|1
|choice||
|
|move|p2a: Pikachu|Thunder Wave|p1a: Chansey
|-status|p1a: Chansey|par
|move|p1a: Chansey|Reflect|p1a: Chansey
|-start|p1a: Chansey|Reflect
|
|turn|2
|choice||
|
|move|p2a: Pikachu|Agility|p2a: Pikachu
|-boost|p2a: Pikachu|spe|2
|move|p1a: Chansey|Thunder Wave|p2a: Pikachu
|-status|p2a: Pikachu|par
|
|turn|3
|choice||
|
|switch|p1a: Onix|Onix, L90|100\/100
|move|p2a: Pikachu|Surf|p1a: Onix
|-supereffective|p1a: Onix
|-damage|p1a: Onix|0 fnt
|faint|p1a: Onix
|choice||
|
|switch|p1a: Weepinbell|Weepinbell, L85|100\/100
|turn|4
|choice||
|
|move|p1a: Weepinbell|Swords Dance|p1a: Weepinbell
|-boost|p1a: Weepinbell|atk|2
|move|p2a: Pikachu|Thunder Wave|p1a: Weepinbell
|-status|p1a: Weepinbell|par
|
|turn|5
|choice||
|
|move|p1a: Weepinbell|Razor Leaf|p2a: Pikachu
|-damage|p2a: Pikachu|74\/100 par
|cant|p2a: Pikachu|par
|
|turn|6
|choice||
|
|cant|p1a: Weepinbell|par
|move|p2a: Pikachu|Thunderbolt|p1a: Weepinbell
|-crit|p1a: Weepinbell
|-resisted|p1a: Weepinbell
|-damage|p1a: Weepinbell|71\/100 par
|
|turn|7
|choice||
|
|move|p1a: Weepinbell|Body Slam|p2a: Pikachu
|-crit|p2a: Pikachu
|-damage|p2a: Pikachu|4\/100 par
|move|p2a: Pikachu|Agility|p2a: Pikachu
|-boost|p2a: Pikachu|spe|2
|
|turn|8
|choice||
|
|move|p2a: Pikachu|Thunderbolt|p1a: Weepinbell
|-resisted|p1a: Weepinbell
|-damage|p1a: Weepinbell|56\/100 par
|cant|p1a: Weepinbell|par
|
|turn|9
|choice||
|
|switch|p2a: Beedrill|Beedrill, L90|100\/100
|move|p1a: Weepinbell|Body Slam|p2a: Beedrill
|-damage|p2a: Beedrill|41\/100
|
|turn|10
|choice||
|
|move|p2a: Beedrill|Twineedle|p1a: Weepinbell
|-crit|p1a: Weepinbell
|-supereffective|p1a: Weepinbell
|-damage|p1a: Weepinbell|0 fnt
|-hitcount|p1a: Weepinbell|1
|faint|p1a: Weepinbell
|choice||
|
|switch|p1a: Alakazam|Alakazam, L79|100\/100
|turn|11
|choice||
|
|move|p1a: Alakazam|Psychic|p2a: Beedrill
|-supereffective|p2a: Beedrill
|-damage|p2a: Beedrill|0 fnt
|faint|p2a: Beedrill
|choice||
|
|switch|p2a: Jynx|Jynx, L79|100\/100
|turn|12
|choice||
|
|move|p1a: Alakazam|Thunder Wave|p2a: Jynx
|-status|p2a: Jynx|par
|move|p2a: Jynx|Psychic|p1a: Alakazam
|-resisted|p1a: Alakazam
|-damage|p1a: Alakazam|87\/100
|-unboost|p1a: Alakazam|spd|1
|-unboost|p1a: Alakazam|spa|1
|
|turn|13
|choice||
|
|switch|p1a: Chansey|Chansey, L79|100\/100 par
|move|p2a: Jynx|Lovely Kiss|p1a: Chansey|[miss]
|-miss|p2a: Jynx
|
|turn|14
|choice||
|
|move|p2a: Jynx|Blizzard|p1a: Chansey
|-crit|p1a: Chansey
|-damage|p1a: Chansey|64\/100 par
|move|p1a: Chansey|Thunderbolt|p2a: Jynx
|-damage|p2a: Jynx|77\/100 par
|
|turn|15
|choice||
|
|cant|p2a: Jynx|par
|move|p1a: Chansey|Soft-Boiled|p1a: Chansey
|-heal|p1a: Chansey|100\/100 par
|
|turn|16
|choice||
|
|cant|p2a: Jynx|par
|move|p1a: Chansey|Thunderbolt|p2a: Jynx
|-damage|p2a: Jynx|55\/100 par
|
|turn|17
|choice||
|
|move|p2a: Jynx|Lovely Kiss|p1a: Chansey
|-fail|p1a: Chansey
|move|p1a: Chansey|Thunderbolt|p2a: Jynx
|-damage|p2a: Jynx|31\/100 par
|
|turn|18
|choice||
|
|move|p2a: Jynx|Psychic|p1a: Chansey
|-damage|p1a: Chansey|88\/100 par
|-unboost|p1a: Chansey|spd|1
|-unboost|p1a: Chansey|spa|1
|move|p1a: Chansey|Thunderbolt|p2a: Jynx
|-damage|p2a: Jynx|14\/100 par
|
|turn|19
|choice||
|
|move|p2a: Jynx|Mimic|p1a: Chansey
|-start|p2a: Jynx|Mimic|Thunderbolt
|cant|p1a: Chansey|par
|
|turn|20
|choice||
|
|move|p2a: Jynx|Thunderbolt|p1a: Chansey
|-damage|p1a: Chansey|72\/100 par
|move|p1a: Chansey|Thunderbolt|p2a: Jynx
|-damage|p2a: Jynx|0 fnt
|faint|p2a: Jynx
|choice||
|
|switch|p2a: Dodrio|Dodrio, L85|100\/100
|turn|21
|choice||
|
|move|p2a: Dodrio|Drill Peck|p1a: Chansey
|-damage|p1a: Chansey|29\/100 par
|cant|p1a: Chansey|par
|
|turn|22
|choice||
|
|move|p2a: Dodrio|Hyper Beam|p1a: Chansey
|-damage|p1a: Chansey|0 fnt
|faint|p1a: Chansey
|choice||
|
|switch|p1a: Alakazam|Alakazam, L79|87\/100
|turn|23
|choice||
|
|move|p1a: Alakazam|Thunder Wave|p2a: Dodrio
|-status|p2a: Dodrio|par
|cant|p2a: Dodrio|par
|
|turn|24
|choice||
|
|move|p1a: Alakazam|Reflect|p1a: Alakazam
|-start|p1a: Alakazam|Reflect
|move|p2a: Dodrio|Hyper Beam|p1a: Alakazam|[miss]
|-miss|p2a: Dodrio
|
|turn|25
|choice||
|
|move|p1a: Alakazam|Psychic|p2a: Dodrio
|-damage|p2a: Dodrio|56\/100 par
|move|p2a: Dodrio|Hyper Beam|p1a: Alakazam
|-damage|p1a: Alakazam|33\/100
|
|turn|26
|-mustrecharge|p2a: Dodrio
|-mustrecharge|p2a: Dodrio
|choice||
|
|move|p1a: Alakazam|Psychic|p2a: Dodrio
|-damage|p2a: Dodrio|11\/100 par
|-unboost|p2a: Dodrio|spd|1
|-unboost|p2a: Dodrio|spa|1
|cant|p2a: Dodrio|recharge
|
|turn|27
|choice||
|
|move|p1a: Alakazam|Recover|p1a: Alakazam
|-heal|p1a: Alakazam|83\/100
|cant|p2a: Dodrio|par
|
|turn|28
|choice||
|
|switch|p2a: Articuno|Articuno, L79|100\/100
|move|p1a: Alakazam|Psychic|p2a: Articuno
|-damage|p2a: Articuno|70\/100
|
|turn|29
|choice||
|
|move|p1a: Alakazam|Thunder Wave|p2a: Articuno
|-status|p2a: Articuno|par
|move|p2a: Articuno|Ice Beam|p1a: Alakazam
|-damage|p1a: Alakazam|46\/100
|
|turn|30
|choice||
|
|move|p1a: Alakazam|Recover|p1a: Alakazam
|-heal|p1a: Alakazam|96\/100
|move|p2a: Articuno|Rest|p2a: Articuno
|-status|p2a: Articuno|slp
|-heal|p2a: Articuno|100\/100 slp|[silent]
|-status|p2a: Articuno|slp|[from] move: Rest
|
|turn|31
|choice||
|
|switch|p1a: Rapidash|Rapidash, L90|100\/100
|cant|p2a: Articuno|slp
|
|turn|32
|choice||
|
|move|p1a: Rapidash|Fire Blast|p2a: Articuno
|-supereffective|p2a: Articuno
|-damage|p2a: Articuno|33\/100 slp
|-curestatus|p2a: Articuno|slp
|
|turn|33
|choice||
|
|switch|p2a: Rhydon|Rhydon, L79|100\/100
|move|p1a: Rapidash|Fire Blast|p2a: Rhydon|[miss]
|-miss|p1a: Rapidash
|
|turn|34
|choice||
|
|move|p1a: Rapidash|Growl|p2a: Rhydon
|-unboost|p2a: Rhydon|atk|1
|move|p2a: Rhydon|Earthquake|p1a: Rapidash
|-supereffective|p1a: Rapidash
|-damage|p1a: Rapidash|43\/100
|
|turn|35
|choice||
|
|move|p1a: Rapidash|Fire Blast|p2a: Rhydon|[miss]
|-miss|p1a: Rapidash
|move|p2a: Rhydon|Earthquake|p1a: Rapidash
|-supereffective|p1a: Rapidash
|-damage|p1a: Rapidash|0 fnt
|faint|p1a: Rapidash
|choice||
|
|switch|p1a: Nidorino|Nidorino, L90|100\/100
|turn|36
|choice||
|
|move|p1a: Nidorino|Blizzard|p2a: Rhydon
|-crit|p2a: Rhydon
|-supereffective|p2a: Rhydon
|-damage|p2a: Rhydon|0 fnt
|faint|p2a: Rhydon
|choice||
|
|switch|p2a: Pikachu|Pikachu, L96|4\/100 par
|turn|37
|choice||
|
|move|p1a: Nidorino|Substitute|p1a: Nidorino
|-start|p1a: Nidorino|Substitute
|-damage|p1a: Nidorino|76\/100
|move|p2a: Pikachu|Thunderbolt|p1a: Nidorino
|-crit|p1a: Nidorino
|-end|p1a: Nidorino|Substitute
|
|turn|38
|choice||
|
|move|p1a: Nidorino|Substitute|p1a: Nidorino
|-start|p1a: Nidorino|Substitute
|-damage|p1a: Nidorino|51\/100
|cant|p2a: Pikachu|par
|
|turn|39
|choice||
|
|move|p1a: Nidorino|Thunderbolt|p2a: Pikachu
|-crit|p2a: Pikachu
|-resisted|p2a: Pikachu
|-damage|p2a: Pikachu|0 fnt
|faint|p2a: Pikachu
|choice||
|
|switch|p2a: Dodrio|Dodrio, L85|11\/100 par
|turn|40
|choice||
|
|move|p1a: Nidorino|Thunderbolt|p2a: Dodrio
|-supereffective|p2a: Dodrio
|-damage|p2a: Dodrio|0 fnt
|faint|p2a: Dodrio
|choice||
|
|switch|p2a: Articuno|Articuno, L79|33\/100
|turn|41
|choice||
|
|move|p2a: Articuno|Reflect|p2a: Articuno
|-start|p2a: Articuno|Reflect
|move|p1a: Nidorino|Thunderbolt|p2a: Articuno
|-crit|p2a: Articuno
|-supereffective|p2a: Articuno
|-damage|p2a: Articuno|0 fnt
|faint|p2a: Articuno
|
|win|rival de turno
|player|p1
|player|p2