|join|broncosfann88
|join|cgsdfgf
|player|p1|broncosfann88|169
|player|p2|cgsdfgf|265
|gametype|singles
|gen|1
|tier|[Gen 1] Random Battle
|rated
|rule|Sleep Clause Mod: Limit one foe put to sleep
|rule|Freeze Clause Mod: Limit one foe frozen
|rule|HP Percentage Mod: HP is shown in percentages
|
|start
|switch|p1a: Charmander|Charmander, L96|270\/270
|switch|p2a: Nidoran-F|Nidoran-F, L96|300\/300
|turn|1
|
|move|p1a: Charmander|Fire Blast|p2a: Nidoran-F
|-damage|p2a: Nidoran-F|156\/300
|move|p2a: Nidoran-F|Body Slam|p1a: Charmander
|-damage|p1a: Charmander|200\/270
|-status|p1a: Charmander|par
|
|turn|2
|
|move|p2a: Nidoran-F|Body Slam|p1a: Charmander
|-damage|p1a: Charmander|132\/270 par
|move|p1a: Charmander|Slash|p2a: Nidoran-F
|-crit|p2a: Nidoran-F
|-damage|p2a: Nidoran-F|56\/300
|
|turn|3
|
|move|p2a: Nidoran-F|Double-Edge|p1a: Charmander
|-damage|p1a: Charmander|55\/270 par
|-damage|p2a: Nidoran-F|37\/300|[from] recoil|[of] p1a: Charmander
|move|p1a: Charmander|Body Slam|p2a: Nidoran-F
|-damage|p2a: Nidoran-F|0 fnt
|faint|p2a: Nidoran-F
|
|switch|p2a: Tentacool|Tentacool, L96|272\/272
|turn|4
|
|move|p2a: Tentacool|Swords Dance|p2a: Tentacool
|-boost|p2a: Tentacool|atk|2
|move|p1a: Charmander|Substitute|p1a: Charmander
|-fail|p1a: Charmander|move: Substitute|[weak]
|
|turn|5
|
|switch|p1a: Magneton|Magneton, L90|273\/273
|move|p2a: Tentacool|Double-Edge|p1a: Magneton
|-damage|p1a: Magneton|180\/273
|-damage|p2a: Tentacool|249\/272|[from] recoil|[of] p1a: Magneton
|
|turn|6
|
|move|p2a: Tentacool|Double-Edge|p1a: Magneton
|-damage|p1a: Magneton|85\/273
|-damage|p2a: Tentacool|226\/272|[from] recoil|[of] p1a: Magneton
|move|p1a: Magneton|Thunder Wave|p2a: Tentacool
|-status|p2a: Tentacool|par
|
|turn|7
|
|move|p1a: Magneton|Thunderbolt|p2a: Tentacool
|-crit|p2a: Tentacool
|-supereffective|p2a: Tentacool
|-damage|p2a: Tentacool|0 fnt
|faint|p2a: Tentacool
|
|switch|p2a: Persian|Persian, L79|265\/265
|turn|8
|
|move|p2a: Persian|Hyper Beam|p1a: Magneton|[miss]
|-miss|p2a: Persian
|move|p1a: Magneton|Thunder Wave|p2a: Persian
|-status|p2a: Persian|par
|
|turn|9
|
|move|p1a: Magneton|Thunderbolt|p2a: Persian
|-damage|p2a: Persian|81\/265 par
|move|p2a: Persian|Slash|p1a: Magneton
|-crit|p1a: Magneton
|-damage|p1a: Magneton|0 fnt
|faint|p1a: Magneton
|
|switch|p1a: Slowbro|Slowbro, L79|312\/312
|turn|10
|
|switch|p2a: Jolteon|Jolteon, L79|265\/265
|move|p1a: Slowbro|Amnesia|p1a: Slowbro
|-boost|p1a: Slowbro|spd|2
|-boost|p1a: Slowbro|spa|2
|
|turn|11
|
|move|p2a: Jolteon|Thunderbolt|p1a: Slowbro
|-supereffective|p1a: Slowbro
|-damage|p1a: Slowbro|207\/312
|move|p1a: Slowbro|Thunder Wave|p2a: Jolteon
|-status|p2a: Jolteon|par
|
|turn|12
|
|switch|p1a: Charmander|Charmander, L96|55\/270 par
|move|p2a: Jolteon|Thunderbolt|p1a: Charmander
|-damage|p1a: Charmander|0 fnt
|faint|p1a: Charmander
|
|switch|p1a: Raticate|Raticate, L85|267\/267
|turn|13
|
|switch|p2a: Persian|Persian, L79|81\/265 par
|move|p1a: Raticate|Super Fang|p2a: Persian
|-damage|p2a: Persian|41\/265 par
|
|turn|14
|
|move|p1a: Raticate|Body Slam|p2a: Persian
|-crit|p2a: Persian
|-damage|p2a: Persian|0 fnt
|faint|p2a: Persian
|
|switch|p2a: Kadabra|Kadabra, L85|242\/242
|turn|15
|
|switch|p1a: Slowbro|Slowbro, L79|207\/312
|move|p2a: Kadabra|Psychic|p1a: Slowbro
|-resisted|p1a: Slowbro
|-damage|p1a: Slowbro|149\/312
|-unboost|p1a: Slowbro|spd|1
|-unboost|p1a: Slowbro|spa|1
|
|turn|16
|
|switch|p2a: Jolteon|Jolteon, L79|265\/265 par
|move|p1a: Slowbro|Amnesia|p1a: Slowbro
|-boost|p1a: Slowbro|spd|2
|-boost|p1a: Slowbro|spa|2
|
|turn|17
|
|move|p1a: Slowbro|Amnesia|p1a: Slowbro
|-boost|p1a: Slowbro|spd|2
|-boost|p1a: Slowbro|spa|2
|move|p2a: Jolteon|Thunderbolt|p1a: Slowbro
|-supereffective|p1a: Slowbro
|-damage|p1a: Slowbro|61\/312
|
|turn|18
|
|move|p1a: Slowbro|Surf|p2a: Jolteon
|-damage|p2a: Jolteon|74\/265 par
|move|p2a: Jolteon|Thunderbolt|p1a: Slowbro
|-crit|p1a: Slowbro
|-supereffective|p1a: Slowbro
|-damage|p1a: Slowbro|0 fnt
|faint|p1a: Slowbro
|
|switch|p1a: Raticate|Raticate, L85|267\/267
|turn|19
|
|move|p1a: Raticate|Body Slam|p2a: Jolteon
|-damage|p2a: Jolteon|0 fnt
|faint|p2a: Jolteon
|
|switch|p2a: Kadabra|Kadabra, L85|242\/242
|turn|20
|
|move|p2a: Kadabra|Reflect|p2a: Kadabra
|-start|p2a: Kadabra|Reflect
|move|p1a: Raticate|Body Slam|p2a: Kadabra
|-damage|p2a: Kadabra|175\/242
|
|turn|21
|
|switch|p1a: Poliwhirl|Poliwhirl, L85|284\/284
|move|p2a: Kadabra|Psychic|p1a: Poliwhirl
|-damage|p1a: Poliwhirl|129\/284
|
|turn|22
|
|move|p2a: Kadabra|Psychic|p1a: Poliwhirl
|-damage|p1a: Poliwhirl|0 fnt
|faint|p1a: Poliwhirl
|
|switch|p1a: Paras|Paras, L96|262\/262
|turn|23
|
|move|p2a: Kadabra|Psychic|p1a: Paras
|-damage|p1a: Paras|121\/262
|-unboost|p1a: Paras|spd|1
|-unboost|p1a: Paras|spa|1
|move|p1a: Paras|Spore|p2a: Kadabra
|-status|p2a: Kadabra|slp
|
|turn|24
|
|cant|p2a: Kadabra|slp
|move|p1a: Paras|Swords Dance|p1a: Paras
|-boost|p1a: Paras|atk|2
|
|turn|25
|
|-curestatus|p2a: Kadabra|slp
|move|p1a: Paras|Double-Edge|p2a: Kadabra
|-damage|p2a: Kadabra|49\/242
|-damage|p1a: Paras|90\/262|[from] recoil|[of] p2a: Kadabra
|
|turn|26
|c|★cgsdfgf|pretty solid choices
|
|move|p2a: Kadabra|Psychic|p1a: Paras
|-damage|p1a: Paras|0 fnt
|faint|p1a: Paras
|
|switch|p1a: Raticate|Raticate, L85|267\/267
|turn|27
|
|move|p2a: Kadabra|Psychic|p1a: Raticate
|-damage|p1a: Raticate|121\/267
|-unboost|p1a: Raticate|spd|1
|-unboost|p1a: Raticate|spa|1
|move|p1a: Raticate|Body Slam|p2a: Kadabra
|-damage|p2a: Kadabra|0 fnt
|faint|p2a: Kadabra
|
|switch|p2a: Articuno|Articuno, L79|304\/304
|turn|28
|
|move|p1a: Raticate|Body Slam|p2a: Articuno
|-damage|p2a: Articuno|227\/304
|-status|p2a: Articuno|par
|move|p2a: Articuno|Ice Beam|p1a: Raticate
|-damage|p1a: Raticate|0 fnt
|faint|p1a: Raticate
|
|win|cgsdfgf
|raw|broncosfann88's rating: 1255 &rarr; <strong>1217<\/strong><br \/>(-38 for losing)
|raw|cgsdfgf's rating: 1048 &rarr; <strong>1098<\/strong><br \/>(+50 for winning)
|leave|broncosfann88
|player|p1
|c|★cgsdfgf|with fans like you the broncos are never winning