|join|Amnesia LOL
|join|ilBabau
|player|p1|Amnesia LOL|269
|player|p2|ilBabau|102
|gametype|singles
|gen|1
|tier|[Gen 1] Random Battle
|rated
|rule|Sleep Clause Mod: Limit one foe put to sleep
|rule|Freeze Clause Mod: Limit one foe frozen
|rule|HP Percentage Mod: HP is shown in percentages
|
|start
|switch|p1a: Articuno|Articuno, L79|304\/304
|switch|p2a: Weezing|Weezing, L90|300\/300
|turn|1
|
|move|p1a: Articuno|Blizzard|p2a: Weezing
|-damage|p2a: Weezing|175\/300
|-status|p2a: Weezing|frz
|cant|p2a: Weezing|frz
|
|turn|2
|
|move|p1a: Articuno|Blizzard|p2a: Weezing
|-damage|p2a: Weezing|57\/300 frz
|cant|p2a: Weezing|frz
|
|turn|3
|
|switch|p2a: Poliwag|Poliwag, L96|272\/272
|move|p1a: Articuno|Blizzard|p2a: Poliwag
|-crit|p2a: Poliwag
|-resisted|p2a: Poliwag
|-damage|p2a: Poliwag|91\/272
|
|turn|4
|
|move|p2a: Poliwag|Amnesia|p2a: Poliwag
|-boost|p2a: Poliwag|spd|2
|-boost|p2a: Poliwag|spa|2
|move|p1a: Articuno|Blizzard|p2a: Poliwag
|-resisted|p2a: Poliwag
|-damage|p2a: Poliwag|44\/272
|
|turn|5
|
|move|p2a: Poliwag|Amnesia|p2a: Poliwag
|-boost|p2a: Poliwag|spd|2
|-boost|p2a: Poliwag|spa|2
|move|p1a: Articuno|Blizzard|p2a: Poliwag
|-resisted|p2a: Poliwag
|-damage|p2a: Poliwag|15\/272
|
|turn|6
|
|move|p2a: Poliwag|Surf|p1a: Articuno
|-crit|p1a: Articuno
|-damage|p1a: Articuno|169\/304
|move|p1a: Articuno|Blizzard|p2a: Poliwag
|-crit|p2a: Poliwag
|-resisted|p2a: Poliwag
|-damage|p2a: Poliwag|0 fnt
|faint|p2a: Poliwag
|
|switch|p2a: Wartortle|Wartortle, L85|274\/274
|turn|7
|
|move|p1a: Articuno|Blizzard|p2a: Wartortle|[miss]
|-miss|p1a: Articuno
|move|p2a: Wartortle|Body Slam|p1a: Articuno
|-crit|p1a: Articuno
|-damage|p1a: Articuno|72\/304
|
|turn|8
|
|move|p1a: Articuno|Blizzard|p2a: Wartortle
|-resisted|p2a: Wartortle
|-damage|p2a: Wartortle|194\/274
|move|p2a: Wartortle|Body Slam|p1a: Articuno
|-damage|p1a: Articuno|21\/304
|
|turn|9
|
|move|p1a: Articuno|Rest|p1a: Articuno
|-status|p1a: Articuno|slp
|-heal|p1a: Articuno|304\/304 slp|[silent]
|-status|p1a: Articuno|slp|[from] move: Rest
|move|p2a: Wartortle|Body Slam|p1a: Articuno
|-damage|p1a: Articuno|258\/304 slp
|
|turn|10
|
|switch|p1a: Nidorino|Nidorino, L90|293\/293
|switch|p2a: Graveler|Graveler, L85|267\/267
|
|turn|11
|
|move|p1a: Nidorino|Bubble Beam|p2a: Graveler
|-supereffective|p2a: Graveler
|-damage|p2a: Graveler|34\/267
|move|p2a: Graveler|Earthquake|p1a: Nidorino
|-supereffective|p1a: Nidorino
|-damage|p1a: Nidorino|26\/293
|
|turn|12
|
|switch|p2a: Wartortle|Wartortle, L85|194\/274
|move|p1a: Nidorino|Bubble Beam|p2a: Wartortle
|-resisted|p2a: Wartortle
|-damage|p2a: Wartortle|171\/274
|
|turn|13
|
|move|p1a: Nidorino|Thunderbolt|p2a: Wartortle
|-supereffective|p2a: Wartortle
|-damage|p2a: Wartortle|33\/274
|move|p2a: Wartortle|Rest|p2a: Wartortle
|-status|p2a: Wartortle|slp
|-heal|p2a: Wartortle|274\/274 slp|[silent]
|-status|p2a: Wartortle|slp|[from] move: Rest
|
|turn|14
|
|switch|p2a: Victreebel|Victreebel, L85|310\/310
|move|p1a: Nidorino|Thunderbolt|p2a: Victreebel
|-resisted|p2a: Victreebel
|-damage|p2a: Victreebel|284\/310
|
|turn|15
|
|move|p1a: Nidorino|Body Slam|p2a: Victreebel
|-damage|p2a: Victreebel|217\/310
|-status|p2a: Victreebel|par
|move|p2a: Victreebel|Stun Spore|p1a: Nidorino|[miss]
|-miss|p2a: Victreebel
|
|turn|16
|
|move|p1a: Nidorino|Body Slam|p2a: Victreebel
|-damage|p2a: Victreebel|153\/310 par
|cant|p2a: Victreebel|par
|
|turn|17
|
|move|p1a: Nidorino|Body Slam|p2a: Victreebel
|-damage|p2a: Victreebel|84\/310 par
|move|p2a: Victreebel|Razor Leaf|p1a: Nidorino
|-crit|p1a: Nidorino
|-resisted|p1a: Nidorino
|-damage|p1a: Nidorino|0 fnt
|faint|p1a: Nidorino
|
|switch|p1a: Psyduck|Psyduck, L96|291\/291
|turn|18
|
|switch|p2a: Wartortle|Wartortle, L85|274\/274 slp
|move|p1a: Psyduck|Ice Beam|p2a: Wartortle
|-resisted|p2a: Wartortle
|-damage|p2a: Wartortle|239\/274 slp
|
|turn|19
|
|switch|p1a: Zapdos|Zapdos, L79|304\/304
|cant|p2a: Wartortle|slp
|
|turn|20
|
|switch|p2a: Weezing|Weezing, L90|57\/300 frz
|move|p1a: Zapdos|Thunderbolt|p2a: Weezing
|-crit|p2a: Weezing
|-damage|p2a: Weezing|0 fnt
|faint|p2a: Weezing
|
|switch|p2a: Dragonite|Dragonite, L85|328\/328
|turn|21
|
|switch|p1a: Psyduck|Psyduck, L96|291\/291
|move|p2a: Dragonite|Thunder Wave|p1a: Psyduck
|-status|p1a: Psyduck|par
|
|turn|22
|
|switch|p2a: Wartortle|Wartortle, L85|239\/274 slp
|move|p1a: Psyduck|Blizzard|p2a: Wartortle
|-crit|p2a: Wartortle
|-resisted|p2a: Wartortle
|-damage|p2a: Wartortle|157\/274 slp
|
|turn|23
|
|switch|p1a: Exeggutor|Exeggutor, L79|312\/312
|cant|p2a: Wartortle|slp
|-curestatus|p2a: Wartortle|slp
|
|turn|24
|
|move|p2a: Wartortle|Blizzard|p1a: Exeggutor
|-supereffective|p1a: Exeggutor
|-damage|p1a: Exeggutor|204\/312
|move|p1a: Exeggutor|Sleep Powder|p2a: Wartortle|[miss]
|-miss|p1a: Exeggutor
|
|turn|25
|
|move|p2a: Wartortle|Blizzard|p1a: Exeggutor|[miss]
|-miss|p2a: Wartortle
|move|p1a: Exeggutor|Sleep Powder|p2a: Wartortle|[miss]
|-miss|p1a: Exeggutor
|
|turn|26
|
|move|p2a: Wartortle|Blizzard|p1a: Exeggutor
|-supereffective|p1a: Exeggutor
|-damage|p1a: Exeggutor|94\/312
|move|p1a: Exeggutor|Sleep Powder|p2a: Wartortle
|-status|p2a: Wartortle|slp
|
|turn|27
|
|cant|p2a: Wartortle|slp
|move|p1a: Exeggutor|Mega Drain|p2a: Wartortle
|-supereffective|p2a: Wartortle
|-damage|p2a: Wartortle|57\/274 slp
|-heal|p1a: Exeggutor|144\/312|[from] drain|[of] p2a: Wartortle
|
|turn|28
|
|switch|p2a: Victreebel|Victreebel, L85|84\/310 par
|move|p1a: Exeggutor|Mega Drain|p2a: Victreebel
|-resisted|p2a: Victreebel
|-damage|p2a: Victreebel|74\/310 par
|-heal|p1a: Exeggutor|149\/312|[from] drain|[of] p2a: Victreebel
|
|turn|29
|
|move|p1a: Exeggutor|Egg Bomb|p2a: Victreebel|[miss]
|-miss|p1a: Exeggutor
|move|p2a: Victreebel|Hyper Beam|p1a: Exeggutor
|-damage|p1a: Exeggutor|30\/312
|
|turn|30
|-mustrecharge|p2a: Victreebel
|-mustrecharge|p2a: Victreebel
|
|move|p1a: Exeggutor|Egg Bomb|p2a: Victreebel
|-damage|p2a: Victreebel|7\/310 par
|cant|p2a: Victreebel|recharge
|
|turn|31
|
|move|p1a: Exeggutor|Egg Bomb|p2a: Victreebel
|-damage|p2a: Victreebel|0 fnt
|faint|p2a: Victreebel
|
|switch|p2a: Dragonite|Dragonite, L85|328\/328
|turn|32
|
|move|p2a: Dragonite|Ice Beam|p1a: Exeggutor
|-supereffective|p1a: Exeggutor
|-damage|p1a: Exeggutor|0 fnt
|faint|p1a: Exeggutor
|
|switch|p1a: Psyduck|Psyduck, L96|291\/291 par
|turn|33
|
|switch|p2a: Wartortle|Wartortle, L85|57\/274 slp
|cant|p1a: Psyduck|par
|
|turn|34
|
|cant|p2a: Wartortle|slp
|-curestatus|p2a: Wartortle|slp
|move|p1a: Psyduck|Blizzard|p2a: Wartortle
|-resisted|p2a: Wartortle
|-damage|p2a: Wartortle|11\/274
|
|turn|35
|
|move|p2a: Wartortle|Rest|p2a: Wartortle
|-status|p2a: Wartortle|slp
|-heal|p2a: Wartortle|274\/274 slp|[silent]
|-status|p2a: Wartortle|slp|[from] move: Rest
|move|p1a: Psyduck|Amnesia|p1a: Psyduck
|-boost|p1a: Psyduck|spd|2
|-boost|p1a: Psyduck|spa|2
|
|turn|36
|
|switch|p2a: Graveler|Graveler, L85|34\/267
|cant|p1a: Psyduck|par
|
|turn|37
|
|move|p2a: Graveler|Explosion|p1a: Psyduck
|-damage|p1a: Psyduck|0 fnt
|faint|p1a: Psyduck
|faint|p2a: Graveler
|
|switch|p1a: Zapdos|Zapdos, L79|304\/304
|switch|p2a: Dragonite|Dragonite, L85|328\/328
|turn|38
|
|move|p1a: Zapdos|Thunder Wave|p2a: Dragonite
|-status|p2a: Dragonite|par
|move|p2a: Dragonite|Ice Beam|p1a: Zapdos
|-supereffective|p1a: Zapdos
|-damage|p1a: Zapdos|184\/304
|-status|p1a: Zapdos|frz
|
|turn|39
|
|cant|p1a: Zapdos|frz
|cant|p2a: Dragonite|par
|
|turn|40
|
|switch|p1a: Metapod|Metapod, L99|300\/300
|move|p2a: Dragonite|Ice Beam|p1a: Metapod
|-damage|p1a: Metapod|197\/300
|
|turn|41
|
|move|p1a: Metapod|String Shot|p2a: Dragonite
|-unboost|p2a: Dragonite|spe|1
|move|p2a: Dragonite|Thunder Wave|p1a: Metapod
|-status|p1a: Metapod|par
|
|turn|42
|
|switch|p2a: Wartortle|Wartortle, L85|274\/274 slp
|move|p1a: Metapod|String Shot|p2a: Wartortle
|-unboost|p2a: Wartortle|spe|1
|
|turn|43
|
|switch|p1a: Articuno|Articuno, L79|258\/304 slp
|cant|p2a: Wartortle|slp
|
|turn|44
|
|cant|p1a: Articuno|slp
|cant|p2a: Wartortle|slp
|-curestatus|p2a: Wartortle|slp
|
|turn|45
|
|cant|p1a: Articuno|slp
|-curestatus|p1a: Articuno|slp
|move|p2a: Wartortle|Body Slam|p1a: Articuno
|-damage|p1a: Articuno|208\/304
|
|turn|46
|
|move|p1a: Articuno|Ice Beam|p2a: Wartortle
|-resisted|p2a: Wartortle
|-damage|p2a: Wartortle|211\/274
|move|p2a: Wartortle|Blizzard|p1a: Articuno
|-damage|p1a: Articuno|151\/304
|
|turn|47
|
|move|p1a: Articuno|Ice Beam|p2a: Wartortle
|-resisted|p2a: Wartortle
|-damage|p2a: Wartortle|150\/274
|move|p2a: Wartortle|Body Slam|p1a: Articuno
|-damage|p1a: Articuno|107\/304
|
|turn|48
|
|move|p1a: Articuno|Ice Beam|p2a: Wartortle
|-resisted|p2a: Wartortle
|-damage|p2a: Wartortle|88\/274
|move|p2a: Wartortle|Body Slam|p1a: Articuno
|-damage|p1a: Articuno|62\/304
|
|turn|49
|
|move|p1a: Articuno|Ice Beam|p2a: Wartortle
|-resisted|p2a: Wartortle
|-damage|p2a: Wartortle|24\/274
|move|p2a: Wartortle|Body Slam|p1a: Articuno
|-damage|p1a: Articuno|16\/304
|
|turn|50
|
|move|p1a: Articuno|Ice Beam|p2a: Wartortle
|-resisted|p2a: Wartortle
|-damage|p2a: Wartortle|0 fnt
|faint|p2a: Wartortle
|
|switch|p2a: Dragonite|Dragonite, L85|328\/328 par
|turn|51
|
|move|p1a: Articuno|Rest|p1a: Articuno
|-status|p1a: Articuno|slp
|-heal|p1a: Articuno|304\/304 slp|[silent]
|-status|p1a: Articuno|slp|[from] move: Rest
|move|p2a: Dragonite|Ice Beam|p1a: Articuno
|-damage|p1a: Articuno|248\/304 slp
|
|turn|52
|
|cant|p1a: Articuno|slp
|move|p2a: Dragonite|Ice Beam|p1a: Articuno
|-damage|p1a: Articuno|184\/304 slp
|
|turn|53
|
|cant|p1a: Articuno|slp
|-curestatus|p1a: Articuno|slp
|move|p2a: Dragonite|Hyper Beam|p1a: Articuno
|-crit|p1a: Articuno
|-damage|p1a: Articuno|0 fnt
|faint|p1a: Articuno
|c|★Amnesia LOL|loool
|c|★Amnesia LOL|nice crit
|c|★Amnesia LOL|you fucking moron
|-message|Amnesia LOL forfeited.
|
|win|ilBabau
|raw|Ladder updating...
|leave|Amnesia LOL
|player|p1
|raw|Amnesia LOL's rating: 1097 &rarr; <strong>1066<\/strong><br \/>(-31 for losing)
|raw|ilBabau's rating: 1000 &rarr; <strong>1051<\/strong><br \/>(+51 for winning)