|join|MALESANI
|join|hookyouinthegabber
|player|p1|MALESANI|238
|player|p2|hookyouinthegabber|265
|gametype|singles
|gen|1
|tier|[Gen 1] Random Battle
|rated
|rule|Sleep Clause Mod: Limit one foe put to sleep
|rule|Freeze Clause Mod: Limit one foe frozen
|rule|HP Percentage Mod: HP is shown in percentages
|
|start
|switch|p1a: Magneton|Magneton, L90|273\/273
|switch|p2a: Parasect|Parasect, L90|291\/291
|turn|1
|
|switch|p1a: Weezing|Weezing, L90|300\/300
|move|p2a: Parasect|Body Slam|p1a: Weezing
|-damage|p1a: Weezing|249\/300
|
|turn|2
|
|switch|p2a: Arbok|Arbok, L90|291\/291
|move|p1a: Weezing|Sludge|p2a: Arbok
|-resisted|p2a: Arbok
|-damage|p2a: Arbok|249\/291
|
|turn|3
|
|move|p2a: Arbok|Earthquake|p1a: Weezing
|-supereffective|p1a: Weezing
|-damage|p1a: Weezing|131\/300
|move|p1a: Weezing|Thunderbolt|p2a: Arbok
|-damage|p2a: Arbok|173\/291
|
|turn|4
|
|move|p2a: Arbok|Body Slam|p1a: Weezing
|-damage|p1a: Weezing|80\/300
|move|p1a: Weezing|Explosion|p2a: Arbok
|-damage|p2a: Arbok|0 fnt
|faint|p2a: Arbok
|faint|p1a: Weezing
|
|switch|p1a: Hypno|Hypno, L85|318\/318
|switch|p2a: Omastar|Omastar, L90|309\/309
|turn|5
|
|move|p1a: Hypno|Hypnosis|p2a: Omastar|[miss]
|-miss|p1a: Hypno
|move|p2a: Omastar|Blizzard|p1a: Hypno|[miss]
|-miss|p2a: Omastar
|
|turn|6
|
|switch|p2a: Parasect|Parasect, L90|291\/291
|move|p1a: Hypno|Hypnosis|p2a: Parasect
|-status|p2a: Parasect|slp
|
|turn|7
|
|switch|p2a: Omastar|Omastar, L90|309\/309
|move|p1a: Hypno|Psychic|p2a: Omastar
|-damage|p2a: Omastar|230\/309
|
|turn|8
|
|move|p1a: Hypno|Psychic|p2a: Omastar
|-damage|p2a: Omastar|148\/309
|-unboost|p2a: Omastar|spd|1
|-unboost|p2a: Omastar|spa|1
|move|p2a: Omastar|Surf|p1a: Hypno
|-damage|p1a: Hypno|247\/318
|
|turn|9
|
|move|p1a: Hypno|Psychic|p2a: Omastar
|-damage|p2a: Omastar|17\/309
|move|p2a: Omastar|Seismic Toss|p1a: Hypno
|-damage|p1a: Hypno|157\/318
|
|turn|10
|
|move|p1a: Hypno|Psychic|p2a: Omastar
|-damage|p2a: Omastar|0 fnt
|faint|p2a: Omastar
|
|switch|p2a: Ninetales|Ninetales, L85|298\/298
|turn|11
|
|switch|p1a: Psyduck|Psyduck, L96|291\/291
|move|p2a: Ninetales|Body Slam|p1a: Psyduck
|-damage|p1a: Psyduck|222\/291
|
|turn|12
|
|switch|p2a: Parasect|Parasect, L90|291\/291 slp
|move|p1a: Psyduck|Surf|p2a: Parasect
|-resisted|p2a: Parasect
|-damage|p2a: Parasect|248\/291 slp
|
|turn|13
|
|move|p1a: Psyduck|Amnesia|p1a: Psyduck
|-boost|p1a: Psyduck|spd|2
|-boost|p1a: Psyduck|spa|2
|cant|p2a: Parasect|slp
|
|turn|14
|
|move|p1a: Psyduck|Amnesia|p1a: Psyduck
|-boost|p1a: Psyduck|spd|2
|-boost|p1a: Psyduck|spa|2
|cant|p2a: Parasect|slp
|
|turn|15
|
|move|p1a: Psyduck|Amnesia|p1a: Psyduck
|-boost|p1a: Psyduck|spd|2
|-boost|p1a: Psyduck|spa|2
|cant|p2a: Parasect|slp
|
|turn|16
|
|move|p1a: Psyduck|Surf|p2a: Parasect
|-resisted|p2a: Parasect
|-damage|p2a: Parasect|71\/291 slp
|cant|p2a: Parasect|slp
|
|turn|17
|
|move|p1a: Psyduck|Body Slam|p2a: Parasect
|-damage|p2a: Parasect|17\/291 slp
|-curestatus|p2a: Parasect|slp
|
|turn|18
|
|move|p1a: Psyduck|Surf|p2a: Parasect
|-crit|p2a: Parasect
|-resisted|p2a: Parasect
|-damage|p2a: Parasect|0 fnt
|faint|p2a: Parasect
|
|switch|p2a: Machop|Machop, L96|329\/329
|turn|19
|
|move|p1a: Psyduck|Surf|p2a: Machop
|-damage|p2a: Machop|0 fnt
|faint|p2a: Machop
|-message|hookyouinthegabber forfeited.
|
|win|MALESANI
|raw|Ladder updating...
|leave|hookyouinthegabber
|player|p2