|j|Diegolh
|j|Shayminlover123
|player|p1|Diegolh|209
|player|p2|Shayminlover123|25
|gametype|singles
|gen|1
|tier|[Gen 1] OU
|rated
|seed|51103,27011,24373,33741
|rule|Sleep Clause Mod: Limit one foe put to sleep
|rule|Freeze Clause Mod: Limit one foe frozen
|rule|Species Clause: Limit one of each Pokémon
|rule|OHKO Clause: OHKO moves are banned
|rule|Evasion Moves Clause: Evasion moves are banned
|rule|HP Percentage Mod: HP is shown in percentages
|
|start
|switch|p1a: Alakazam|Alakazam|313\/313
|switch|p2a: Chansey|Chansey|703\/703
|turn|1
|choice|move 3|move 3
|
|move|p1a: Alakazam|Thunder Wave|p2a: Chansey
|-status|p2a: Chansey|par
|move|p2a: Chansey|Thunder Wave|p1a: Alakazam
|-status|p1a: Alakazam|par
|
|turn|2
|choice|move 1|move 1
|
|move|p1a: Alakazam|Psychic|p2a: Chansey
|-damage|p2a: Chansey|582\/703 par
|move|p2a: Chansey|Ice Beam|p1a: Alakazam
|-crit|p1a: Alakazam
|-damage|p1a: Alakazam|196\/313 par
|
|turn|3
|choice|move 1|move 1
|
|move|p1a: Alakazam|Psychic|p2a: Chansey
|-damage|p2a: Chansey|445\/703 par
|move|p2a: Chansey|Ice Beam|p1a: Alakazam
|-damage|p1a: Alakazam|137\/313 par
|
|turn|4
|choice|move 2|move 2
|
|cant|p1a: Alakazam|par
|move|p2a: Chansey|Soft-Boiled|p2a: Chansey
|-heal|p2a: Chansey|703\/703 par
|
|turn|5
|choice|move 2|move 1
|
|move|p1a: Alakazam|Recover|p1a: Alakazam
|-heal|p1a: Alakazam|293\/313 par
|move|p2a: Chansey|Ice Beam|p1a: Alakazam
|-crit|p1a: Alakazam
|-damage|p1a: Alakazam|180\/313 par
|
|turn|6
|choice|move 2|move 1
|
|move|p1a: Alakazam|Recover|p1a: Alakazam
|-heal|p1a: Alakazam|313\/313 par
|move|p2a: Chansey|Ice Beam|p1a: Alakazam
|-crit|p1a: Alakazam
|-damage|p1a: Alakazam|198\/313 par
|
|turn|7
|c|★Diegolh|can you stop crit ?
|choice|move 1|move 1
|
|move|p1a: Alakazam|Psychic|p2a: Chansey
|-damage|p2a: Chansey|582\/703 par
|move|p2a: Chansey|Ice Beam|p1a: Alakazam
|-damage|p1a: Alakazam|140\/313 par
|
|turn|8
|choice|move 2|move 1
|
|move|p1a: Alakazam|Recover|p1a: Alakazam
|-heal|p1a: Alakazam|296\/313 par
|move|p2a: Chansey|Ice Beam|p1a: Alakazam
|-damage|p1a: Alakazam|237\/313 par
|
|turn|9
|choice|move 1|switch 2
|
|switch|p2a: Slowbro|Slowbro|393\/393
|move|p1a: Alakazam|Psychic|p2a: Slowbro
|-crit|p2a: Slowbro
|-resisted|p2a: Slowbro
|-damage|p2a: Slowbro|250\/393
|
|turn|10
|choice|switch 6|move 1
|
|switch|p1a: Exeggutor|Exeggutor|393\/393
|move|p2a: Slowbro|Amnesia|p2a: Slowbro
|-boost|p2a: Slowbro|spd|2
|-boost|p2a: Slowbro|spa|2
|
|turn|11
|choice|move 1|switch 2
|
|switch|p2a: Chansey|Chansey|582\/703 par
|move|p1a: Exeggutor|Sleep Powder|p2a: Chansey
|-fail|p2a: Chansey
|
|turn|12
|choice|switch 6|move 3
|
|switch|p1a: Alakazam|Alakazam|237\/313 par
|cant|p2a: Chansey|par
|
|turn|13
|choice|move 1|move 1
|
|cant|p1a: Alakazam|par
|move|p2a: Chansey|Ice Beam|p1a: Alakazam
|-damage|p1a: Alakazam|172\/313 par
|
|turn|14
|choice|move 1|switch 5
|
|switch|p2a: Tauros|Tauros|353\/353
|cant|p1a: Alakazam|par
|
|turn|15
|choice|switch 3|move 1
|
|switch|p1a: Slowbro|Slowbro|393\/393
|move|p2a: Tauros|Body Slam|p1a: Slowbro
|-crit|p1a: Slowbro
|-damage|p1a: Slowbro|212\/393
|
|turn|16
|choice|move 3|switch 5
|
|switch|p2a: Chansey|Chansey|582\/703 par
|move|p1a: Slowbro|Thunder Wave|p2a: Chansey
|-fail|p2a: Chansey|par
|
|turn|17
|choice|move 1|move 3
|
|move|p1a: Slowbro|Amnesia|p1a: Slowbro
|-boost|p1a: Slowbro|spd|2
|-boost|p1a: Slowbro|spa|2
|move|p2a: Chansey|Thunder Wave|p1a: Slowbro
|-status|p1a: Slowbro|par
|
|turn|18
|choice|move 1|switch 2
|
|switch|p2a: Slowbro|Slowbro|250\/393
|move|p1a: Slowbro|Amnesia|p1a: Slowbro
|-boost|p1a: Slowbro|spd|2
|-boost|p1a: Slowbro|spa|2
|
|turn|19
|choice|move 2|move 1
|
|move|p2a: Slowbro|Amnesia|p2a: Slowbro
|-boost|p2a: Slowbro|spd|2
|-boost|p2a: Slowbro|spa|2
|move|p1a: Slowbro|Surf|p2a: Slowbro
|-resisted|p2a: Slowbro
|-damage|p2a: Slowbro|170\/393
|
|turn|20
|choice|move 1|move 1
|
|move|p2a: Slowbro|Amnesia|p2a: Slowbro
|-boost|p2a: Slowbro|spd|2
|-boost|p2a: Slowbro|spa|2
|cant|p1a: Slowbro|par
|
|turn|21
|choice|move 1|move 2
|
|move|p2a: Slowbro|Surf|p1a: Slowbro
|-resisted|p1a: Slowbro
|-damage|p1a: Slowbro|153\/393 par
|cant|p1a: Slowbro|par
|
|turn|22
|choice|move 1|move 1
|
|move|p2a: Slowbro|Amnesia|p2a: Slowbro
|-boost|p2a: Slowbro|spd|2
|-boost|p2a: Slowbro|spa|2
|cant|p1a: Slowbro|par
|
|turn|23
|choice|move 1|move 2
|
|move|p2a: Slowbro|Surf|p1a: Slowbro
|-resisted|p1a: Slowbro
|-damage|p1a: Slowbro|87\/393 par
|move|p1a: Slowbro|Amnesia|p1a: Slowbro
|-boost|p1a: Slowbro|spd|2
|-boost|p1a: Slowbro|spa|2
|
|turn|24
|choice|move 4|move 2
|
|move|p2a: Slowbro|Surf|p1a: Slowbro
|-resisted|p1a: Slowbro
|-damage|p1a: Slowbro|29\/393 par
|cant|p1a: Slowbro|par
|
|turn|25
|c|★Diegolh|omg
|choice|move 4|move 2
|
|move|p2a: Slowbro|Surf|p1a: Slowbro
|-resisted|p1a: Slowbro
|-damage|p1a: Slowbro|0 fnt
|faint|p1a: Slowbro
|choice|switch 6|
|
|switch|p1a: Exeggutor|Exeggutor|393\/393
|turn|26
|choice|move 1|switch 2
|
|switch|p2a: Chansey|Chansey|582\/703 par
|move|p1a: Exeggutor|Sleep Powder|p2a: Chansey|[miss]
|-miss|p1a: Exeggutor
|
|turn|27
|choice|switch 3|move 3
|
|switch|p1a: Alakazam|Alakazam|172\/313 par
|move|p2a: Chansey|Thunder Wave|p1a: Alakazam
|-fail|p1a: Alakazam|par
|
|turn|28
|choice|move 2|move 1
|
|cant|p1a: Alakazam|par
|move|p2a: Chansey|Ice Beam|p1a: Alakazam
|-crit|p1a: Alakazam
|-damage|p1a: Alakazam|44\/313 par
|
|turn|29
|c|★Diegolh|ok
|choice|move 2|switch 5
|
|switch|p2a: Tauros|Tauros|353\/353
|cant|p1a: Alakazam|par
|
|turn|30
|c|★Diegolh|omg
|c|★Diegolh|what happens here
|c|★Diegolh|you're bad as hell but the game don't want me for play ...
|c|★Diegolh|a bit frustrating
|choice|switch 3|move 1
|
|switch|p1a: Exeggutor|Exeggutor|393\/393
|move|p2a: Tauros|Body Slam|p1a: Exeggutor
|-damage|p1a: Exeggutor|289\/393
|-status|p1a: Exeggutor|par
|
|turn|31
|c|★Diegolh|god
|c|★Diegolh|ahahahahahahahah
|choice|move 1|switch 5
|
|switch|p2a: Chansey|Chansey|582\/703 par
|move|p1a: Exeggutor|Sleep Powder|p2a: Chansey
|-fail|p2a: Chansey
|
|turn|32
|choice|switch 3|move 1
|
|switch|p1a: Alakazam|Alakazam|44\/313 par
|move|p2a: Chansey|Ice Beam|p1a: Alakazam
|-damage|p1a: Alakazam|0 fnt
|faint|p1a: Alakazam
|choice|switch 2|
|
|switch|p1a: Tauros|Tauros|353\/353
|turn|33
|choice|move 1|move 4
|
|move|p1a: Tauros|Body Slam|p2a: Chansey
|-damage|p2a: Chansey|316\/703 par
|move|p2a: Chansey|Counter|p1a: Tauros
|-damage|p1a: Tauros|0 fnt
|faint|p1a: Tauros
|choice|switch 5|
|
|switch|p1a: Rhydon|Rhydon|413\/413
|turn|34
|choice|move 3|switch 4
|
|switch|p2a: Exeggutor|Exeggutor|393\/393
|move|p1a: Rhydon|Substitute|p1a: Rhydon
|-start|p1a: Rhydon|Substitute
|-damage|p1a: Rhydon|310\/413
|
|turn|35
|choice|move 2|move 2
|
|move|p2a: Exeggutor|Psychic|p1a: Rhydon
|-end|p1a: Rhydon|Substitute
|move|p1a: Rhydon|Rock Slide|p2a: Exeggutor|[miss]
|-miss|p1a: Rhydon
|
|turn|36
|c|★Diegolh|ahahah
|choice|switch 3|move 1
|
|switch|p1a: Exeggutor|Exeggutor|289\/393 par
|move|p2a: Exeggutor|Sleep Powder|p1a: Exeggutor|[miss]
|-miss|p2a: Exeggutor
|
|turn|37
|choice|move 2|switch 4
|
|switch|p2a: Chansey|Chansey|316\/703 par
|cant|p1a: Exeggutor|par
|
|turn|38
|c|★Diegolh|^_^
|choice|move 2|move 2
|
|move|p1a: Exeggutor|Psychic|p2a: Chansey
|-damage|p2a: Chansey|194\/703 par
|-unboost|p2a: Chansey|spd|1
|-unboost|p2a: Chansey|spa|1
|move|p2a: Chansey|Soft-Boiled|p2a: Chansey
|-heal|p2a: Chansey|545\/703 par
|
|turn|39
|c|★Diegolh|Oh i got some rng 0.67
|c|★Diegolh|first time in this game
|c|★Diegolh|yeah
|c|★Diegolh|that make my day
|choice|move 2|switch 5
|
|switch|p2a: Tauros|Tauros|353\/353
|move|p1a: Exeggutor|Psychic|p2a: Tauros
|-crit|p2a: Tauros
|-damage|p2a: Tauros|64\/353
|-unboost|p2a: Tauros|spd|1
|-unboost|p2a: Tauros|spa|1
|
|turn|40
|c|★Diegolh|Oh
|c|★Diegolh|Second time
|c|★Diegolh|two in a row
|c|★Diegolh|omg
|c|★Diegolh|Am i lucky ?
|choice|move 2|move 2
|
|move|p2a: Tauros|Hyper Beam|p1a: Exeggutor|[miss]
|-miss|p2a: Tauros
|move|p1a: Exeggutor|Psychic|p2a: Tauros
|-damage|p2a: Tauros|0 fnt
|faint|p2a: Tauros
|choice||switch 6
|
|switch|p2a: Dragonite|Dragonite|385\/385
|turn|41
|choice|move 1|move 2
|
|move|p2a: Dragonite|Wrap|p1a: Exeggutor
|-crit|p1a: Exeggutor
|-damage|p1a: Exeggutor|255\/393 par
|-activate|p1a: Exeggutor|move: Wrap|[of] p2a: Dragonite
|cant|p1a: Exeggutor|partiallytrapped
|
|turn|42
|choice|move 1|move 2
|
|move|p2a: Dragonite|Wrap|p1a: Exeggutor
|-damage|p1a: Exeggutor|221\/393 par
|cant|p1a: Exeggutor|partiallytrapped
|
|-end|p1a: Exeggutor|Wrap|[partiallytrapped]
|turn|43
|choice|move 1|move 2
|
|move|p2a: Dragonite|Wrap|p1a: Exeggutor
|-damage|p1a: Exeggutor|205\/393 par
|-activate|p1a: Exeggutor|move: Wrap|[of] p2a: Dragonite
|cant|p1a: Exeggutor|par
|
|turn|44
|choice|move 1|move 2
|
|move|p2a: Dragonite|Wrap|p1a: Exeggutor
|-damage|p1a: Exeggutor|189\/393 par
|cant|p1a: Exeggutor|par
|
|turn|45
|choice|move 1|move 2
|
|move|p2a: Dragonite|Wrap|p1a: Exeggutor
|-damage|p1a: Exeggutor|173\/393 par
|cant|p1a: Exeggutor|partiallytrapped
|
|-end|p1a: Exeggutor|Wrap|[partiallytrapped]
|turn|46
|choice|move 1|move 2
|
|move|p2a: Dragonite|Wrap|p1a: Exeggutor
|-damage|p1a: Exeggutor|157\/393 par
|-activate|p1a: Exeggutor|move: Wrap|[of] p2a: Dragonite
|cant|p1a: Exeggutor|partiallytrapped
|
|turn|47
|choice|move 1|move 2
|
|move|p2a: Dragonite|Wrap|p1a: Exeggutor
|-damage|p1a: Exeggutor|141\/393 par
|cant|p1a: Exeggutor|partiallytrapped
|
|-end|p1a: Exeggutor|Wrap|[partiallytrapped]
|turn|48
|choice|move 1|move 4
|
|move|p2a: Dragonite|Blizzard|p1a: Exeggutor
|-supereffective|p1a: Exeggutor
|-damage|p1a: Exeggutor|0 fnt
|faint|p1a: Exeggutor
|choice|switch 4|
|
|switch|p1a: Chansey|Chansey|703\/703
|turn|49
|choice|move 3|switch 5
|
|switch|p2a: Chansey|Chansey|545\/703 par
|move|p1a: Chansey|Thunder Wave|p2a: Chansey|[miss]
|-miss|p1a: Chansey
|
|turn|50
|choice|move 4|move 1
|
|move|p1a: Chansey|Thunderbolt|p2a: Chansey
|-damage|p2a: Chansey|472\/703 par
|cant|p2a: Chansey|par
|
|turn|51
|choice|move 4|move 3
|
|move|p1a: Chansey|Thunderbolt|p2a: Chansey
|-damage|p2a: Chansey|394\/703 par
|cant|p2a: Chansey|par
|
|turn|52
|choice|move 4|move 3
|
|move|p1a: Chansey|Thunderbolt|p2a: Chansey
|-damage|p2a: Chansey|318\/703 par
|move|p2a: Chansey|Thunder Wave|p1a: Chansey
|-status|p1a: Chansey|par
|
|turn|53
|choice|move 4|move 2
|
|move|p2a: Chansey|Soft-Boiled|p2a: Chansey
|-heal|p2a: Chansey|669\/703 par
|move|p1a: Chansey|Thunderbolt|p2a: Chansey
|-damage|p2a: Chansey|601\/703 par
|
|turn|54
|choice|move 4|switch 5
|
|switch|p2a: Dragonite|Dragonite|385\/385
|move|p1a: Chansey|Thunderbolt|p2a: Dragonite
|-damage|p2a: Dragonite|307\/385
|
|turn|55
|choice|move 1|move 2
|
|move|p2a: Dragonite|Wrap|p1a: Chansey
|-damage|p1a: Chansey|666\/703 par
|-activate|p1a: Chansey|move: Wrap|[of] p2a: Dragonite
|cant|p1a: Chansey|partiallytrapped
|
|turn|56
|choice|move 1|move 2
|
|move|p2a: Dragonite|Wrap|p1a: Chansey
|-damage|p1a: Chansey|629\/703 par
|cant|p1a: Chansey|partiallytrapped
|
|-end|p1a: Chansey|Wrap|[partiallytrapped]
|turn|57
|choice|move 1|move 2
|
|move|p2a: Dragonite|Wrap|p1a: Chansey
|-damage|p1a: Chansey|591\/703 par
|-activate|p1a: Chansey|move: Wrap|[of] p2a: Dragonite
|cant|p1a: Chansey|par
|
|turn|58
|choice|move 1|move 2
|
|move|p2a: Dragonite|Wrap|p1a: Chansey
|-damage|p1a: Chansey|553\/703 par
|cant|p1a: Chansey|partiallytrapped
|
|-end|p1a: Chansey|Wrap|[partiallytrapped]
|turn|59
|choice|move 1|move 2
|
|move|p2a: Dragonite|Wrap|p1a: Chansey|[miss]
|-miss|p2a: Dragonite
|move|p1a: Chansey|Ice Beam|p2a: Dragonite
|-supereffective|p2a: Dragonite
|-damage|p2a: Dragonite|0 fnt
|faint|p2a: Dragonite
|choice||switch 3
|
|switch|p2a: Gengar|Gengar|323\/323
|turn|60
|choice|switch 3|move 2
|
|switch|p1a: Rhydon|Rhydon|310\/413
|move|p2a: Gengar|Explosion|p1a: Rhydon
|-resisted|p1a: Rhydon
|-damage|p1a: Rhydon|227\/413
|faint|p2a: Gengar
|choice||switch 4
|
|switch|p2a: Exeggutor|Exeggutor|393\/393
|turn|61
|choice|switch 3|move 2
|
|switch|p1a: Chansey|Chansey|553\/703 par
|move|p2a: Exeggutor|Psychic|p1a: Chansey
|-damage|p1a: Chansey|438\/703 par
|-unboost|p1a: Chansey|spd|1
|-unboost|p1a: Chansey|spa|1
|
|turn|62
|choice|move 3|switch 2
|
|switch|p2a: Slowbro|Slowbro|170\/393
|cant|p1a: Chansey|par
|
|turn|63
|choice|move 4|move 1
|
|move|p2a: Slowbro|Amnesia|p2a: Slowbro
|-boost|p2a: Slowbro|spd|2
|-boost|p2a: Slowbro|spa|2
|cant|p1a: Chansey|par
|
|turn|64
|choice|move 4|move 1
|
|move|p2a: Slowbro|Amnesia|p2a: Slowbro
|-boost|p2a: Slowbro|spd|2
|-boost|p2a: Slowbro|spa|2
|move|p1a: Chansey|Thunderbolt|p2a: Slowbro
|-supereffective|p2a: Slowbro
|-damage|p2a: Slowbro|130\/393
|
|turn|65
|choice|switch 3|move 2
|
|switch|p1a: Rhydon|Rhydon|227\/413
|move|p2a: Slowbro|Surf|p1a: Rhydon
|-supereffective|p1a: Rhydon
|-damage|p1a: Rhydon|0 fnt
|faint|p1a: Rhydon
|-message|Diegolh forfeited.
|
|win|Shayminlover123
|player|p1
|player|p2
|l|Diegolh
|raw|Diegolh's rating: 1356 &rarr; <strong>1327<\/strong><br \/>(-29 for losing)
|raw|Shayminlover123's rating: 1184 &rarr; <strong>1220<\/strong><br \/>(+36 for winning)