|j|TopLel TopKek
|j|Afx237 v7
|player|p1|TopLel TopKek|107
|player|p2|Afx237 v7|130
|gametype|singles
|gen|1
|tier|[Gen 1] OU
|rated
|seed|
|rule|Sleep Clause Mod: Limit one foe put to sleep
|rule|Freeze Clause Mod: Limit one foe frozen
|rule|Species Clause: Limit one of each Pokémon
|rule|OHKO Clause: OHKO moves are banned
|rule|Evasion Moves Clause: Evasion moves are banned
|rule|HP Percentage Mod: HP is shown in percentages
|
|start
|switch|p1a: Gengar|Gengar|100\/100
|switch|p2a: Spike|Jolteon|100\/100
|turn|1
|choice||
|
|switch|p1a: Golem|Golem|100\/100
|move|p2a: Spike|Thunder Wave|p1a: Golem
|-immune|p1a: Golem|[msg]
|
|turn|2
|choice||
|
|switch|p2a: Puff|Dragonite|100\/100
|move|p1a: Golem|Rock Slide|p2a: Puff
|-supereffective|p2a: Puff
|-damage|p2a: Puff|51\/100
|
|turn|3
|c|★Afx237 v7|touche
|choice||
|
|switch|p2a: Shuriken|Starmie|100\/100
|move|p1a: Golem|Rock Slide|p2a: Shuriken
|-damage|p2a: Shuriken|69\/100
|
|turn|4
|choice||
|
|switch|p1a: Chansey|Chansey|100\/100
|move|p2a: Shuriken|Surf|p1a: Chansey
|-damage|p1a: Chansey|84\/100
|
|turn|5
|choice||
|
|move|p2a: Shuriken|Thunder Wave|p1a: Chansey
|-status|p1a: Chansey|par
|move|p1a: Chansey|Thunder Wave|p2a: Shuriken
|-status|p2a: Shuriken|par
|
|turn|6
|choice||
|
|switch|p2a: DatMeanPussy|Persian|100\/100
|move|p1a: Chansey|Thunder Wave|p2a: DatMeanPussy
|-status|p2a: DatMeanPussy|par
|
|turn|7
|choice||
|
|switch|p1a: Gengar|Gengar|100\/100
|move|p2a: DatMeanPussy|Slash|p1a: Gengar
|-immune|p1a: Gengar|[msg]
|
|turn|8
|choice||
|
|switch|p2a: Tauros|Tauros|100\/100
|move|p1a: Gengar|Psychic|p2a: Tauros
|-crit|p2a: Tauros
|-damage|p2a: Tauros|40\/100
|
|turn|9
|j|Zeratulivas
|choice||
|
|move|p2a: Tauros|Earthquake|p1a: Gengar
|-supereffective|p1a: Gengar
|-damage|p1a: Gengar|35\/100
|move|p1a: Gengar|Psychic|p2a: Tauros
|-damage|p2a: Tauros|11\/100
|
|turn|10
|choice||
|
|switch|p1a: Zapdos|Zapdos|100\/100
|move|p2a: Tauros|Earthquake|p1a: Zapdos
|-immune|p1a: Zapdos|[msg]
|
|turn|11
|choice||
|
|move|p2a: Tauros|Ice Beam|p1a: Zapdos
|-supereffective|p1a: Zapdos
|-damage|p1a: Zapdos|71\/100
|move|p1a: Zapdos|Drill Peck|p2a: Tauros
|-damage|p2a: Tauros|0 fnt
|faint|p2a: Tauros
|choice||
|
|switch|p2a: Spike|Jolteon|100\/100
|turn|12
|choice||
|
|switch|p1a: Golem|Golem|100\/100
|move|p2a: Spike|Thunder Wave|p1a: Golem
|-immune|p1a: Golem|[msg]
|
|turn|13
|choice||
|
|switch|p2a: Shuriken|Starmie|69\/100 par
|move|p1a: Golem|Rock Slide|p2a: Shuriken
|-damage|p2a: Shuriken|36\/100 par
|
|turn|14
|l|Zeratulivas
|choice||
|
|switch|p1a: Zapdos|Zapdos|71\/100
|move|p2a: Shuriken|Surf|p1a: Zapdos
|-crit|p1a: Zapdos
|-damage|p1a: Zapdos|26\/100
|
|turn|15
|choice||
|
|move|p1a: Zapdos|Thunderbolt|p2a: Shuriken
|-supereffective|p2a: Shuriken
|-damage|p2a: Shuriken|0 fnt
|faint|p2a: Shuriken
|choice||
|
|switch|p2a: Stachio|Alakazam|100\/100
|turn|16
|choice||
|
|switch|p1a: Slowbro|Slowbro|100\/100
|move|p2a: Stachio|Psychic|p1a: Slowbro
|-resisted|p1a: Slowbro
|-damage|p1a: Slowbro|80\/100
|
|turn|17
|choice||
|
|move|p2a: Stachio|Thunder Wave|p1a: Slowbro
|-status|p1a: Slowbro|par
|move|p1a: Slowbro|Thunder Wave|p2a: Stachio
|-status|p2a: Stachio|par
|
|turn|18
|choice||
|
|move|p2a: Stachio|Seismic Toss|p1a: Slowbro
|-damage|p1a: Slowbro|55\/100 par
|move|p1a: Slowbro|Amnesia|p1a: Slowbro
|-boost|p1a: Slowbro|spd|2
|-boost|p1a: Slowbro|spa|2
|
|turn|19
|choice||
|
|move|p1a: Slowbro|Surf|p2a: Stachio
|-damage|p2a: Stachio|48\/100 par
|move|p2a: Stachio|Seismic Toss|p1a: Slowbro
|-damage|p1a: Slowbro|29\/100 par
|
|turn|20
|choice||
|
|cant|p1a: Slowbro|par
|move|p2a: Stachio|Recover|p2a: Stachio
|-heal|p2a: Stachio|98\/100 par
|
|turn|21
|choice||
|
|move|p1a: Slowbro|Rest|p1a: Slowbro
|-status|p1a: Slowbro|slp
|-heal|p1a: Slowbro|100\/100 slp|[silent]
|-status|p1a: Slowbro|slp|[from] move: Rest
|cant|p2a: Stachio|par
|
|turn|22
|choice||
|
|switch|p2a: Spike|Jolteon|100\/100
|cant|p1a: Slowbro|slp
|
|turn|23
|choice||
|
|switch|p1a: Golem|Golem|100\/100
|move|p2a: Spike|Thunderbolt|p1a: Golem
|-immune|p1a: Golem|[msg]
|
|turn|24
|choice||
|
|switch|p2a: DatMeanPussy|Persian|100\/100 par
|move|p1a: Golem|Rock Slide|p2a: DatMeanPussy|[miss]
|-miss|p1a: Golem
|
|turn|25
|choice||
|
|switch|p1a: Gengar|Gengar|35\/100
|move|p2a: DatMeanPussy|Body Slam|p1a: Gengar
|-immune|p1a: Gengar|[msg]
|
|turn|26
|choice||
|
|switch|p2a: Puff|Dragonite|51\/100
|move|p1a: Gengar|Hypnosis|p2a: Puff|[miss]
|-miss|p1a: Gengar
|
|turn|27
|choice||
|
|move|p1a: Gengar|Explosion|p2a: Puff
|-damage|p2a: Puff|0 fnt
|faint|p2a: Puff
|faint|p1a: Gengar
|choice||
|
|switch|p2a: Stachio|Alakazam|98\/100 par
|switch|p1a: Zapdos|Zapdos|26\/100
|turn|28
|choice||
|
|switch|p1a: Chansey|Chansey|84\/100 par
|move|p2a: Stachio|Psychic|p1a: Chansey
|-damage|p1a: Chansey|67\/100 par
|
|turn|29
|choice||
|
|move|p2a: Stachio|Seismic Toss|p1a: Chansey
|-damage|p1a: Chansey|52\/100 par
|move|p1a: Chansey|Soft-Boiled|p1a: Chansey
|-heal|p1a: Chansey|100\/100 par
|
|turn|30
|choice||
|
|switch|p2a: DatMeanPussy|Persian|100\/100 par
|move|p1a: Chansey|Ice Beam|p2a: DatMeanPussy
|-damage|p2a: DatMeanPussy|71\/100 par
|
|turn|31
|choice||
|
|move|p2a: DatMeanPussy|Slash|p1a: Chansey
|-crit|p1a: Chansey
|-damage|p1a: Chansey|52\/100 par
|cant|p1a: Chansey|par
|
|turn|32
|choice||
|
|switch|p1a: Golem|Golem|100\/100
|move|p2a: DatMeanPussy|Slash|p1a: Golem
|-crit|p1a: Golem
|-resisted|p1a: Golem
|-damage|p1a: Golem|87\/100
|
|turn|33
|choice||
|
|move|p1a: Golem|Earthquake|p2a: DatMeanPussy
|-crit|p2a: DatMeanPussy
|-damage|p2a: DatMeanPussy|0 fnt
|faint|p2a: DatMeanPussy
|choice||
|
|switch|p2a: Stachio|Alakazam|98\/100 par
|turn|34
|choice||
|
|switch|p1a: Slowbro|Slowbro|100\/100 slp
|cant|p2a: Stachio|par
|
|turn|35
|choice||
|
|-curestatus|p1a: Slowbro|slp
|move|p2a: Stachio|Seismic Toss|p1a: Slowbro
|-damage|p1a: Slowbro|75\/100
|
|turn|36
|choice||
|
|move|p1a: Slowbro|Surf|p2a: Stachio
|-damage|p2a: Stachio|72\/100 par
|move|p2a: Stachio|Thunder Wave|p1a: Slowbro
|-status|p1a: Slowbro|par
|
|turn|37
|choice||
|
|switch|p1a: Tauros|Tauros|100\/100
|move|p2a: Stachio|Seismic Toss|p1a: Tauros
|-damage|p1a: Tauros|72\/100
|
|turn|38
|choice||
|
|move|p1a: Tauros|Hyper Beam|p2a: Stachio
|-crit|p2a: Stachio
|-damage|p2a: Stachio|0 fnt
|faint|p2a: Stachio
|choice||
|
|switch|p2a: Spike|Jolteon|100\/100
|turn|39
|choice||
|
|switch|p1a: Golem|Golem|87\/100
|move|p2a: Spike|Double Kick|p1a: Golem
|-supereffective|p1a: Golem
|-damage|p1a: Golem|77\/100
|-damage|p1a: Golem|68\/100
|-hitcount|p1a: Golem|2
|
|turn|40
|c|★TopLel TopKek|gg
|choice||
|
|move|p2a: Spike|Double Kick|p1a: Golem|[miss]
|-miss|p2a: Spike
|move|p1a: Golem|Earthquake|p2a: Spike
|-supereffective|p2a: Spike
|-damage|p2a: Spike|0 fnt
|faint|p2a: Spike
|
|win|TopLel TopKek
|player|p1
|player|p2