|j|Mandelbrot
|j|TheBla
|player|p1|Mandelbrot|101
|player|p2|TheBla|238
|gametype|singles
|gen|1
|tier|[Gen 1] Random Battle
|rated
|seed|15299,1479,62963,8704
|rule|Sleep Clause Mod: Limit one foe put to sleep
|rule|Freeze Clause Mod: Limit one foe frozen
|rule|HP Percentage Mod: HP is shown in percentages
|
|start
|switch|p1a: Nidorina|Nidorina, L90|309\/309
|switch|p2a: Aerodactyl|Aerodactyl, L90|327\/327
|turn|1
|choice|move 3|switch 3
|
|switch|p2a: Clefable|Clefable, L85|335\/335
|move|p1a: Nidorina|Blizzard|p2a: Clefable
|-damage|p2a: Clefable|260\/335
|
|turn|2
|choice|move 3|move 2
|
|move|p1a: Nidorina|Blizzard|p2a: Clefable|[miss]
|-miss|p1a: Nidorina
|move|p2a: Clefable|Body Slam|p1a: Nidorina
|-damage|p1a: Nidorina|220\/309
|-status|p1a: Nidorina|par
|
|turn|3
|choice|move 3|move 1
|
|move|p2a: Clefable|Blizzard|p1a: Nidorina|[miss]
|-miss|p2a: Clefable
|move|p1a: Nidorina|Blizzard|p2a: Clefable
|-damage|p2a: Clefable|193\/335
|
|turn|4
|choice|move 3|move 2
|
|move|p2a: Clefable|Body Slam|p1a: Nidorina
|-damage|p1a: Nidorina|136\/309 par
|move|p1a: Nidorina|Blizzard|p2a: Clefable
|-crit|p2a: Clefable
|-damage|p2a: Clefable|46\/335
|
|turn|5
|choice|move 1|move 2
|
|move|p2a: Clefable|Body Slam|p1a: Nidorina
|-damage|p1a: Nidorina|47\/309 par
|move|p1a: Nidorina|Double-Edge|p2a: Clefable
|-damage|p2a: Clefable|0 fnt
|-damage|p1a: Nidorina|36\/309 par|[from] recoil|[of] p2a: Clefable
|faint|p2a: Clefable
|choice||switch 3
|
|switch|p2a: Aerodactyl|Aerodactyl, L90|327\/327
|turn|6
|choice|move 3|move 1
|
|move|p2a: Aerodactyl|Double-Edge|p1a: Nidorina
|-damage|p1a: Nidorina|0 fnt
|-damage|p2a: Aerodactyl|318\/327|[from] recoil|[of] p1a: Nidorina
|faint|p1a: Nidorina
|choice|switch 3|
|
|switch|p1a: Poliwhirl|Poliwhirl, L85|284\/284
|turn|7
|choice|move 1|switch 2
|
|switch|p2a: Parasect|Parasect, L90|291\/291
|move|p1a: Poliwhirl|Amnesia|p1a: Poliwhirl
|-boost|p1a: Poliwhirl|spd|2
|-boost|p1a: Poliwhirl|spa|2
|
|turn|8
|choice|move 4|move 3
|
|move|p1a: Poliwhirl|Hypnosis|p2a: Parasect|[miss]
|-miss|p1a: Poliwhirl
|move|p2a: Parasect|Toxic|p1a: Poliwhirl
|-status|p1a: Poliwhirl|tox
|
|turn|9
|choice|move 4|move 1
|
|move|p1a: Poliwhirl|Hypnosis|p2a: Parasect|[miss]
|-miss|p1a: Poliwhirl
|-damage|p1a: Poliwhirl|267\/284 tox|[from] tox|[of] p2a: Parasect
|move|p2a: Parasect|Body Slam|p1a: Poliwhirl
|-damage|p1a: Poliwhirl|189\/284 tox
|
|turn|10
|choice|move 2|move 1
|
|move|p1a: Poliwhirl|Blizzard|p2a: Parasect
|-supereffective|p2a: Parasect
|-damage|p2a: Parasect|70\/291
|-damage|p1a: Poliwhirl|155\/284 tox|[from] tox|[of] p2a: Parasect
|move|p2a: Parasect|Body Slam|p1a: Poliwhirl
|-damage|p1a: Poliwhirl|72\/284 tox
|
|turn|11
|choice|move 2|move 1
|
|move|p1a: Poliwhirl|Blizzard|p2a: Parasect
|-supereffective|p2a: Parasect
|-damage|p2a: Parasect|0 fnt
|faint|p2a: Parasect
|choice||switch 2
|
|switch|p2a: Aerodactyl|Aerodactyl, L90|318\/327
|turn|12
|choice|switch 2|move 1
|
|switch|p1a: Clefable|Clefable, L85|335\/335
|move|p2a: Aerodactyl|Double-Edge|p1a: Clefable
|-crit|p1a: Clefable
|-damage|p1a: Clefable|148\/335
|-damage|p2a: Aerodactyl|272\/327|[from] recoil|[of] p1a: Clefable
|
|turn|13
|choice|move 4|move 2
|
|move|p2a: Aerodactyl|Sky Attack|p1a: Clefable|[still]
|-prepare|p2a: Aerodactyl|Sky Attack|p1a: Clefable
|move|p1a: Clefable|Thunder Wave|p2a: Aerodactyl
|-status|p2a: Aerodactyl|par
|
|turn|14
|choice|move 3|move 1
|
|move|p1a: Clefable|Blizzard|p2a: Aerodactyl
|-crit|p2a: Aerodactyl
|-supereffective|p2a: Aerodactyl
|-damage|p2a: Aerodactyl|0 fnt
|faint|p2a: Aerodactyl
|choice||switch 5
|
|switch|p2a: Flareon|Flareon, L90|300\/300
|turn|15
|choice|move 4|move 2
|
|move|p2a: Flareon|Hyper Beam|p1a: Clefable|[miss]
|-miss|p2a: Flareon
|move|p1a: Clefable|Thunder Wave|p2a: Flareon
|-status|p2a: Flareon|par
|
|turn|16
|choice|move 2|move 3
|
|move|p2a: Flareon|Quick Attack|p1a: Clefable
|-crit|p1a: Clefable
|-damage|p1a: Clefable|57\/335
|move|p1a: Clefable|Thunderbolt|p2a: Flareon
|-damage|p2a: Flareon|251\/300 par
|
|turn|17
|choice|move 1|move 4
|
|move|p1a: Clefable|Hyper Beam|p2a: Flareon|[miss]
|-miss|p1a: Clefable
|cant|p2a: Flareon|par
|
|turn|18
|choice|move 1|move 3
|
|move|p2a: Flareon|Quick Attack|p1a: Clefable
|-damage|p1a: Clefable|14\/335
|move|p1a: Clefable|Hyper Beam|p2a: Flareon
|-damage|p2a: Flareon|100\/300 par
|
|turn|19
|-mustrecharge|p1a: Clefable
|-mustrecharge|p1a: Clefable
|choice|move 1|move 3
|
|move|p2a: Flareon|Quick Attack|p1a: Clefable
|-damage|p1a: Clefable|0 fnt
|faint|p1a: Clefable
|choice|switch 4|
|
|switch|p1a: Rapidash|Rapidash, L90|300\/300
|turn|20
|choice|move 3|move 2
|
|move|p1a: Rapidash|Reflect|p1a: Rapidash
|-start|p1a: Rapidash|Reflect
|move|p2a: Flareon|Hyper Beam|p1a: Rapidash
|-damage|p1a: Rapidash|216\/300
|
|turn|21
|-mustrecharge|p2a: Flareon
|-mustrecharge|p2a: Flareon
|choice|move 4|move 1
|
|move|p1a: Rapidash|Substitute|p1a: Rapidash
|-start|p1a: Rapidash|Substitute
|-damage|p1a: Rapidash|141\/300
|cant|p2a: Flareon|recharge
|
|turn|22
|choice|move 2|switch 6
|
|switch|p2a: Haunter|Haunter, L85|250\/250
|move|p1a: Rapidash|Body Slam|p2a: Haunter
|-immune|p2a: Haunter|[msg]
|
|turn|23
|choice|move 1|move 2
|
|move|p1a: Rapidash|Fire Blast|p2a: Haunter
|-damage|p2a: Haunter|148\/250
|-status|p2a: Haunter|brn
|move|p2a: Haunter|Psychic|p1a: Rapidash
|-activate|p1a: Rapidash|Substitute|[damage]
|-damage|p2a: Haunter|133\/250 brn|[from] brn|[of] p1a: Rapidash
|
|turn|24
|choice|move 1|move 1
|
|move|p1a: Rapidash|Fire Blast|p2a: Haunter
|-damage|p2a: Haunter|33\/250 brn
|move|p2a: Haunter|Hypnosis|p1a: Rapidash|[miss]
|-miss|p2a: Haunter
|-damage|p2a: Haunter|18\/250 brn|[from] brn|[of] p1a: Rapidash
|
|turn|25
|choice|move 1|move 2
|
|move|p1a: Rapidash|Fire Blast|p2a: Haunter
|-damage|p2a: Haunter|0 fnt
|faint|p2a: Haunter
|choice||switch 4
|
|switch|p2a: Jynx|Jynx, L79|265\/265
|turn|26
|choice|move 1|move 4
|
|move|p1a: Rapidash|Fire Blast|p2a: Jynx
|-supereffective|p2a: Jynx
|-damage|p2a: Jynx|12\/265
|move|p2a: Jynx|Psychic|p1a: Rapidash
|-crit|p1a: Rapidash
|-end|p1a: Rapidash|Substitute
|
|turn|27
|choice|move 2|move 4
|
|move|p1a: Rapidash|Body Slam|p2a: Jynx
|-crit|p2a: Jynx
|-damage|p2a: Jynx|0 fnt
|faint|p2a: Jynx
|choice||switch 6
|
|switch|p2a: Flareon|Flareon, L90|100\/300 par
|turn|28
|choice|move 2|move 3
|
|cant|p2a: Flareon|par
|move|p1a: Rapidash|Body Slam|p2a: Flareon
|-damage|p2a: Flareon|24\/300 par
|
|turn|29
|choice|move 2|move 3
|
|move|p2a: Flareon|Quick Attack|p1a: Rapidash
|-damage|p1a: Rapidash|120\/300
|move|p1a: Rapidash|Body Slam|p2a: Flareon
|-crit|p2a: Flareon
|-damage|p2a: Flareon|0 fnt
|faint|p2a: Flareon
|
|win|Mandelbrot
|raw|Mandelbrot's rating: 1349 &rarr; <strong>1369<\/strong><br \/>(+20 for winning)
|raw|TheBla's rating: 1353 &rarr; <strong>1332<\/strong><br \/>(-21 for losing)
|c|★Mandelbrot|gg
|c|★TheBla|gg
|l|TheBla
|player|p2