|j|AA Nickelquack
|j|tribblemaster
|player|p1|AA Nickelquack|21
|player|p2|tribblemaster|7
|gametype|singles
|gen|1
|tier|[Gen 1] OU
|rated
|seed|11961,58924,64450,30894
|rule|Sleep Clause Mod: Limit one foe put to sleep
|rule|Freeze Clause Mod: Limit one foe frozen
|rule|Species Clause: Limit one of each Pokémon
|rule|OHKO Clause: OHKO moves are banned
|rule|Evasion Moves Clause: Evasion moves are banned
|rule|HP Percentage Mod: HP is shown in percentages
|
|start
|switch|p1a: JOHN CENA|Jolteon|333\/333
|switch|p2a: Gengar|Gengar|323\/323
|turn|1
|choice|move 2|move 3
|
|move|p1a: JOHN CENA|Thunder Wave|p2a: Gengar
|-status|p2a: Gengar|par
|move|p2a: Gengar|Hypnosis|p1a: JOHN CENA|[miss]
|-miss|p2a: Gengar
|
|turn|2
|choice|move 1|move 3
|
|move|p1a: JOHN CENA|Thunderbolt|p2a: Gengar
|-damage|p2a: Gengar|225\/323 par
|move|p2a: Gengar|Hypnosis|p1a: JOHN CENA
|-status|p1a: JOHN CENA|slp
|
|turn|3
|choice|move 1|move 1
|
|cant|p1a: JOHN CENA|slp
|move|p2a: Gengar|Psychic|p1a: JOHN CENA
|-damage|p1a: JOHN CENA|258\/333 slp
|-unboost|p1a: JOHN CENA|spd|1
|-unboost|p1a: JOHN CENA|spa|1
|
|turn|4
|choice|switch 5|move 1
|
|switch|p1a: Golem|Golem|363\/363
|cant|p2a: Gengar|par
|
|turn|5
|choice|move 2|switch 4
|
|switch|p2a: Cloyster|Cloyster|303\/303
|move|p1a: Golem|Earthquake|p2a: Cloyster
|-damage|p2a: Cloyster|225\/303
|
|turn|6
|choice|switch 3|move 1
|
|switch|p1a: Lappy|Lapras|463\/463
|move|p2a: Cloyster|Blizzard|p1a: Lappy|[miss]
|-miss|p2a: Cloyster
|
|turn|7
|choice|move 4|move 4
|
|move|p2a: Cloyster|Toxic|p1a: Lappy
|-status|p1a: Lappy|tox
|move|p1a: Lappy|Confuse Ray|p2a: Cloyster
|-start|p2a: Cloyster|confusion
|-damage|p1a: Lappy|435\/463 tox|[from] tox|[of] p2a: Cloyster
|
|turn|8
|c|★AA Nickelquack|ugh lol
|c|★AA Nickelquack|hey!
|c|★AA Nickelquack|it's yOU!
|c|★tribblemaster|oh hey!
|choice|switch 2|move 3
|
|switch|p1a: Alakazam|Alakazam|313\/313
|-activate|p2a: Cloyster|confusion
|move|p2a: Cloyster|Clamp|p1a: Alakazam
|-damage|p1a: Alakazam|284\/313
|-activate|p1a: Alakazam|move: Clamp|[of] p2a: Cloyster
|
|turn|9
|choice|move 4|move 3
|
|cant|p1a: Alakazam|partiallytrapped
|-activate|p2a: Cloyster|confusion
|move|p2a: Cloyster|Clamp|p1a: Alakazam|[from]Clamp
|-damage|p1a: Alakazam|255\/313
|
|-end|p1a: Alakazam|Clamp|[partiallytrapped]
|turn|10
|choice|move 2|switch 6
|
|switch|p2a: Exeggutor|Exeggutor|393\/393
|move|p1a: Alakazam|Thunder Wave|p2a: Exeggutor
|-status|p2a: Exeggutor|par
|
|turn|11
|choice|move 4|move 4
|
|move|p1a: Alakazam|Reflect|p1a: Alakazam
|-start|p1a: Alakazam|Reflect
|move|p2a: Exeggutor|Stun Spore|p1a: Alakazam
|-status|p1a: Alakazam|par
|
|turn|12
|c|★AA Nickelquack|ugh u suck =D
|choice|switch 6|move 1
|
|switch|p1a: Exeggutor|Exeggutor|393\/393
|move|p2a: Exeggutor|Leech Seed|p1a: Exeggutor
|-immune|p1a: Exeggutor|[msg]
|
|turn|13
|choice|move 3|move 4
|
|move|p1a: Exeggutor|Psychic|p2a: Exeggutor
|-resisted|p2a: Exeggutor
|-damage|p2a: Exeggutor|339\/393 par
|-unboost|p2a: Exeggutor|spd|1
|-unboost|p2a: Exeggutor|spa|1
|move|p2a: Exeggutor|Stun Spore|p1a: Exeggutor|[miss]
|-miss|p2a: Exeggutor
|
|turn|14
|c|★AA Nickelquack|yay
|c|★tribblemaster|lol
|choice|switch 2|move 4
|
|switch|p1a: Lappy|Lapras|435\/463 tox
|-status|p1a: Lappy|psn
|-damage|p1a: Lappy|407\/463 psn|[from] psn
|move|p2a: Exeggutor|Stun Spore|p1a: Lappy
|-fail|p1a: Lappy
|
|turn|15
|choice|move 4|switch 4
|
|switch|p2a: Gengar|Gengar|225\/323 par
|move|p1a: Lappy|Confuse Ray|p2a: Gengar
|-start|p2a: Gengar|confusion
|-damage|p1a: Lappy|379\/463 psn|[from] psn|[of] p2a: Gengar
|
|turn|16
|c|★tribblemaster|eww
|choice|move 1|move 4
|
|move|p1a: Lappy|Ice Beam|p2a: Gengar
|-damage|p2a: Gengar|138\/323 par
|-damage|p1a: Lappy|351\/463 psn|[from] psn|[of] p2a: Gengar
|-activate|p2a: Gengar|confusion
|-damage|p2a: Gengar|101\/323 par|[from] confusion
|
|turn|17
|choice|move 1|move 4
|
|move|p1a: Lappy|Ice Beam|p2a: Gengar
|-damage|p2a: Gengar|16\/323 par
|-damage|p1a: Lappy|323\/463 psn|[from] psn|[of] p2a: Gengar
|-activate|p2a: Gengar|confusion
|move|p2a: Gengar|Confuse Ray|p1a: Lappy
|-start|p1a: Lappy|confusion
|
|turn|18
|choice|switch 5|switch 6
|
|switch|p1a: JOHN CENA|Jolteon|258\/333 slp
|switch|p2a: Cloyster|Cloyster|225\/303
|
|turn|19
|choice|move 1|switch 2
|
|switch|p2a: Rhydon|Rhydon|413\/413
|cant|p1a: JOHN CENA|slp
|
|turn|20
|c|★tribblemaster|nope
|choice|switch 2|move 1
|
|switch|p1a: Exeggutor|Exeggutor|393\/393
|move|p2a: Rhydon|Earthquake|p1a: Exeggutor
|-crit|p1a: Exeggutor
|-resisted|p1a: Exeggutor
|-damage|p1a: Exeggutor|237\/393
|
|turn|21
|choice|move 1|switch 5
|
|switch|p2a: Tauros|Tauros|353\/353
|move|p1a: Exeggutor|Sleep Powder|p2a: Tauros|[miss]
|-miss|p1a: Exeggutor
|
|turn|22
|c|★AA Nickelquack|oh i'm dumb
|choice|switch 5|move 3
|
|switch|p1a: Lappy|Lapras|323\/463 psn
|-damage|p1a: Lappy|295\/463 psn|[from] psn
|move|p2a: Tauros|Fire Blast|p1a: Lappy
|-damage|p1a: Lappy|222\/463 psn
|
|turn|23
|choice|switch 5|switch 2
|
|switch|p2a: Cloyster|Cloyster|225\/303
|switch|p1a: Exeggutor|Exeggutor|237\/393
|
|turn|24
|choice|move 3|move 4
|
|move|p2a: Cloyster|Toxic|p1a: Exeggutor
|-status|p1a: Exeggutor|tox
|move|p1a: Exeggutor|Psychic|p2a: Cloyster
|-damage|p2a: Cloyster|85\/303
|-damage|p1a: Exeggutor|213\/393 tox|[from] tox|[of] p2a: Cloyster
|
|turn|25
|choice|move 2|switch 2
|
|switch|p2a: Tauros|Tauros|353\/353
|move|p1a: Exeggutor|Mega Drain|p2a: Tauros
|-damage|p2a: Tauros|286\/353
|-heal|p1a: Exeggutor|246\/393 tox|[from] drain|[of] p2a: Tauros
|-damage|p1a: Exeggutor|198\/393 tox|[from] tox|[of] p2a: Tauros
|
|turn|26
|choice|move 4|move 4
|
|move|p2a: Tauros|Blizzard|p1a: Exeggutor
|-supereffective|p1a: Exeggutor
|-damage|p1a: Exeggutor|64\/393 tox
|move|p1a: Exeggutor|Explosion|p2a: Tauros
|-damage|p2a: Tauros|21\/353
|faint|p1a: Exeggutor
|c|★AA Nickelquack|noooooo
|c|★tribblemaster|the rng
|c|★tribblemaster|rip
|choice|switch 2|
|
|switch|p1a: JOHN CENA|Jolteon|258\/333 slp
|turn|27
|choice|move 1|move 1
|
|cant|p1a: JOHN CENA|slp
|move|p2a: Tauros|Earthquake|p1a: JOHN CENA
|-supereffective|p1a: JOHN CENA
|-damage|p1a: JOHN CENA|48\/333 slp
|
|turn|28
|c|★AA Nickelquack|rng here
|c|★AA Nickelquack|oh wowo i'm dumb
|c|★AA Nickelquack|forgot he had earthquake
|c|★tribblemaster|lol i was wondering
|choice|switch 4|move 2
|
|switch|p1a: Tauros|Tauros|353\/353
|move|p2a: Tauros|Body Slam|p1a: Tauros
|-crit|p1a: Tauros
|-damage|p1a: Tauros|148\/353
|
|turn|29
|choice|move 2|move 2
|
|move|p1a: Tauros|Body Slam|p2a: Tauros
|-damage|p2a: Tauros|0 fnt
|faint|p2a: Tauros
|choice||switch 5
|
|switch|p2a: Rhydon|Rhydon|413\/413
|turn|30
|choice|move 1|move 3
|
|move|p1a: Tauros|Blizzard|p2a: Rhydon
|-supereffective|p2a: Rhydon
|-damage|p2a: Rhydon|163\/413
|move|p2a: Rhydon|Submission|p1a: Tauros
|-supereffective|p1a: Tauros
|-damage|p1a: Tauros|0 fnt
|-damage|p2a: Rhydon|126\/413|[from] recoil|[of] p1a: Tauros
|faint|p1a: Tauros
|choice|switch 5|
|
|switch|p1a: Lappy|Lapras|222\/463 psn
|turn|31
|choice|move 4|switch 2
|
|switch|p2a: Cloyster|Cloyster|85\/303
|move|p1a: Lappy|Confuse Ray|p2a: Cloyster
|-start|p2a: Cloyster|confusion
|-damage|p1a: Lappy|194\/463 psn|[from] psn|[of] p2a: Cloyster
|
|turn|32
|choice|move 3|move 3
|
|-activate|p2a: Cloyster|confusion
|-damage|p2a: Cloyster|62\/303|[from] confusion
|move|p1a: Lappy|Thunderbolt|p2a: Cloyster
|-supereffective|p2a: Cloyster
|-damage|p2a: Cloyster|0 fnt
|faint|p2a: Cloyster
|choice||switch 3
|
|switch|p2a: Persian|Persian|333\/333
|turn|33
|choice|switch 3|move 2
|
|switch|p1a: Golem|Golem|363\/363
|move|p2a: Persian|Slash|p1a: Golem
|-crit|p1a: Golem
|-resisted|p1a: Golem
|-damage|p1a: Golem|313\/363
|
|turn|34
|choice|move 3|move 3
|
|move|p2a: Persian|Toxic|p1a: Golem
|-status|p1a: Golem|tox
|move|p1a: Golem|Rock Slide|p2a: Persian
|-damage|p2a: Persian|201\/333
|-damage|p1a: Golem|291\/363 tox|[from] tox|[of] p2a: Persian
|
|turn|35
|choice|move 3|switch 4
|
|switch|p2a: Exeggutor|Exeggutor|339\/393 par
|move|p1a: Golem|Rock Slide|p2a: Exeggutor
|-damage|p2a: Exeggutor|230\/393 par
|-damage|p1a: Golem|247\/363 tox|[from] tox|[of] p2a: Exeggutor
|
|turn|36
|choice|move 3|move 1
|
|move|p1a: Golem|Rock Slide|p2a: Exeggutor
|-damage|p2a: Exeggutor|133\/393 par
|-damage|p1a: Golem|181\/363 tox|[from] tox|[of] p2a: Exeggutor
|cant|p2a: Exeggutor|par
|
|turn|37
|choice|move 3|move 1
|
|move|p1a: Golem|Rock Slide|p2a: Exeggutor
|-damage|p2a: Exeggutor|33\/393 par
|-damage|p1a: Golem|93\/363 tox|[from] tox|[of] p2a: Exeggutor
|move|p2a: Exeggutor|Leech Seed|p1a: Golem
|-start|p1a: Golem|move: Leech Seed
|
|turn|38
|choice|move 1|switch 4
|
|switch|p2a: Persian|Persian|201\/333
|move|p1a: Golem|Body Slam|p2a: Persian
|-damage|p2a: Persian|110\/333
|-damage|p1a: Golem|0 fnt|[from] tox|[of] p2a: Persian
|faint|p1a: Golem
|choice|switch 4|
|
|switch|p1a: JOHN CENA|Jolteon|48\/333 slp
|turn|39
|choice|move 1|move 1
|
|-curestatus|p1a: JOHN CENA|slp
|move|p2a: Persian|Hyper Beam|p1a: JOHN CENA
|-crit|p1a: JOHN CENA
|-damage|p1a: JOHN CENA|0 fnt
|faint|p1a: JOHN CENA
|c|★tribblemaster|lol
|c|★tribblemaster|poor john cena
|choice|switch 3|
|
|switch|p1a: Lappy|Lapras|194\/463 psn
|turn|40
|choice|move 4|move 1
|
|move|p2a: Persian|Hyper Beam|p1a: Lappy
|-damage|p1a: Lappy|42\/463 psn
|move|p1a: Lappy|Confuse Ray|p2a: Persian
|-start|p2a: Persian|confusion
|-damage|p1a: Lappy|14\/463 psn|[from] psn|[of] p2a: Persian
|
|turn|41
|-mustrecharge|p2a: Persian
|-mustrecharge|p2a: Persian
|choice|move 1|move 1
|
|cant|p2a: Persian|recharge
|move|p1a: Lappy|Ice Beam|p2a: Persian
|-damage|p2a: Persian|0 fnt
|faint|p2a: Persian
|c|★AA Nickelquack|oh, no poison hit?
|choice||switch 4
|
|switch|p2a: Exeggutor|Exeggutor|33\/393 par
|turn|42
|c|★tribblemaster|yeah tahts weird
|choice|move 1|move 1
|
|move|p1a: Lappy|Ice Beam|p2a: Exeggutor
|-supereffective|p2a: Exeggutor
|-damage|p2a: Exeggutor|0 fnt
|faint|p2a: Exeggutor
|choice||switch 6
|
|switch|p2a: Gengar|Gengar|16\/323 par
|turn|43
|c|★tribblemaster|i guess if you ko you dont take the dmg?
|choice|move 3|move 1
|
|move|p1a: Lappy|Thunderbolt|p2a: Gengar
|-damage|p2a: Gengar|0 fnt
|faint|p2a: Gengar
|c|★tribblemaster|stupid gen 1
|c|★tribblemaster|but gg :)
|c|★tribblemaster|youre fun to fight
|choice||switch 2
|
|switch|p2a: Rhydon|Rhydon|126\/413
|turn|44
|choice|move 1|move 1
|
|move|p1a: Lappy|Ice Beam|p2a: Rhydon
|-supereffective|p2a: Rhydon
|-damage|p2a: Rhydon|0 fnt
|faint|p2a: Rhydon
|
|win|AA Nickelquack
|player|p1
|player|p2
|raw|AA Nickelquack's rating: 1090 &rarr; <strong>1112<\/strong><br \/>(+22 for winning)
|raw|tribblemaster's rating: 1028 &rarr; <strong>1016<\/strong><br \/>(-12 for losing)
|l|tribblemaster
|c|★AA Nickelquack|wow unexpected lappy sweet
|c|★AA Nickelquack|sweep*