|j|Guillecefiro
|j|26thBaam
|player|p1|Guillecefiro|102
|player|p2|26thBaam|169
|gametype|singles
|gen|1
|tier|[Gen 1] Random Battle
|rated
|seed|
|rule|Sleep Clause Mod: Limit one foe put to sleep
|rule|Freeze Clause Mod: Limit one foe frozen
|rule|HP Percentage Mod: HP is shown in percentages
|
|start
|switch|p1a: Charmander|Charmander, L96|100\/100
|switch|p2a: Starmie|Starmie, L79|100\/100
|turn|1
|choice||
|
|move|p2a: Starmie|Thunder Wave|p1a: Charmander
|-status|p1a: Charmander|par
|move|p1a: Charmander|Slash|p2a: Starmie
|-crit|p2a: Starmie
|-damage|p2a: Starmie|61\/100
|
|turn|2
|choice||
|
|move|p2a: Starmie|Recover|p2a: Starmie
|-heal|p2a: Starmie|100\/100
|cant|p1a: Charmander|par
|
|turn|3
|choice||
|
|move|p2a: Starmie|Surf|p1a: Charmander
|-supereffective|p1a: Charmander
|-damage|p1a: Charmander|22\/100 par
|cant|p1a: Charmander|par
|
|turn|4
|choice||
|
|move|p2a: Starmie|Blizzard|p1a: Charmander|[miss]
|-miss|p2a: Starmie
|cant|p1a: Charmander|par
|
|turn|5
|choice||
|
|move|p2a: Starmie|Surf|p1a: Charmander
|-supereffective|p1a: Charmander
|-damage|p1a: Charmander|0 fnt
|faint|p1a: Charmander
|c|★26thBaam|*sigh*
|choice||
|
|switch|p1a: Gengar|Gengar, L79|100\/100
|turn|6
|choice||
|
|switch|p2a: Pidgeot|Pidgeot, L90|100\/100
|move|p1a: Gengar|Hypnosis|p2a: Pidgeot
|-status|p2a: Pidgeot|slp
|
|turn|7
|choice||
|
|switch|p2a: Jolteon|Jolteon, L79|100\/100
|move|p1a: Gengar|Thunderbolt|p2a: Jolteon
|-resisted|p2a: Jolteon
|-damage|p2a: Jolteon|89\/100
|
|turn|8
|c|★26thBaam|hmmm
|choice||
|
|move|p2a: Jolteon|Thunder Wave|p1a: Gengar
|-status|p1a: Gengar|par
|cant|p1a: Gengar|par
|
|turn|9
|c|★26thBaam|nicde`
|choice||
|
|move|p2a: Jolteon|Thunderbolt|p1a: Gengar
|-damage|p1a: Gengar|69\/100 par
|cant|p1a: Gengar|par
|
|turn|10
|choice||
|
|move|p2a: Jolteon|Thunderbolt|p1a: Gengar
|-damage|p1a: Gengar|39\/100 par
|move|p1a: Gengar|Psychic|p2a: Jolteon
|-damage|p2a: Jolteon|64\/100
|
|turn|11
|choice||
|
|move|p2a: Jolteon|Thunderbolt|p1a: Gengar
|-damage|p1a: Gengar|6\/100 par
|move|p1a: Gengar|Explosion|p2a: Jolteon
|-crit|p2a: Jolteon
|-damage|p2a: Jolteon|0 fnt
|faint|p2a: Jolteon
|faint|p1a: Gengar
|c|★26thBaam|criytttt
|c|★26thBaam|noooo
|choice||
|
|switch|p1a: Articuno|Articuno, L79|100\/100
|switch|p2a: Muk|Muk, L90|100\/100
|turn|12
|choice||
|
|move|p1a: Articuno|Ice Beam|p2a: Muk
|-damage|p2a: Muk|71\/100
|-status|p2a: Muk|frz
|cant|p2a: Muk|frz
|
|turn|13
|c|★26thBaam|hmmm
|c|★26thBaam|FUCK
|c|★26thBaam|FUCK FUCK FUCK
|c|★26thBaam|FUCK FUCK FUCK FUCK FUCK FUCK FUCK FUCKFUCKCKCKCKc
|choice||
|
|move|p1a: Articuno|Reflect|p1a: Articuno
|-start|p1a: Articuno|Reflect
|cant|p2a: Muk|frz
|
|turn|14
|choice||
|
|move|p1a: Articuno|Mimic|p2a: Muk
|-start|p1a: Articuno|Mimic|Body Slam
|cant|p2a: Muk|frz
|
|turn|15
|choice||
|
|move|p1a: Articuno|Ice Beam|p2a: Muk
|-damage|p2a: Muk|42\/100 frz
|cant|p2a: Muk|frz
|
|turn|16
|choice||
|
|move|p1a: Articuno|Ice Beam|p2a: Muk
|-damage|p2a: Muk|9\/100 frz
|cant|p2a: Muk|frz
|
|turn|17
|choice||
|
|move|p1a: Articuno|Body Slam|p2a: Muk
|-damage|p2a: Muk|0 fnt
|faint|p2a: Muk
|choice||
|
|switch|p2a: Ninetales|Ninetales, L85|100\/100
|turn|18
|choice||
|
|move|p2a: Ninetales|Confuse Ray|p1a: Articuno
|-start|p1a: Articuno|confusion
|-activate|p1a: Articuno|confusion
|move|p1a: Articuno|Body Slam|p2a: Ninetales
|-crit|p2a: Ninetales
|-damage|p2a: Ninetales|66\/100
|-status|p2a: Ninetales|par
|
|turn|19
|c|★26thBaam|FUCK THA TSHIT
|choice||
|
|switch|p1a: Wartortle|Wartortle, L85|100\/100
|cant|p2a: Ninetales|par
|
|turn|20
|choice||
|
|switch|p2a: Starmie|Starmie, L79|100\/100
|move|p1a: Wartortle|Body Slam|p2a: Starmie
|-damage|p2a: Starmie|79\/100
|
|turn|21
|choice||
|
|move|p2a: Starmie|Thunder Wave|p1a: Wartortle
|-status|p1a: Wartortle|par
|cant|p1a: Wartortle|par
|
|turn|22
|choice||
|
|switch|p2a: Pidgeot|Pidgeot, L90|100\/100 slp
|move|p1a: Wartortle|Body Slam|p2a: Pidgeot
|-damage|p2a: Pidgeot|85\/100 slp
|
|turn|23
|choice||
|
|cant|p2a: Pidgeot|slp
|move|p1a: Wartortle|Blizzard|p2a: Pidgeot
|-supereffective|p2a: Pidgeot
|-damage|p2a: Pidgeot|40\/100 slp
|
|turn|24
|choice||
|
|cant|p2a: Pidgeot|slp
|move|p1a: Wartortle|Blizzard|p2a: Pidgeot
|-supereffective|p2a: Pidgeot
|-damage|p2a: Pidgeot|0 fnt
|faint|p2a: Pidgeot
|choice||
|
|switch|p2a: Nidoking|Nidoking, L85|100\/100
|turn|25
|choice||
|
|move|p2a: Nidoking|Thunder|p1a: Wartortle
|-supereffective|p1a: Wartortle
|-damage|p1a: Wartortle|36\/100 par
|move|p1a: Wartortle|Blizzard|p2a: Nidoking
|-supereffective|p2a: Nidoking
|-damage|p2a: Nidoking|52\/100
|
|turn|26
|c|★26thBaam|ok time to pray
|choice||
|
|move|p2a: Nidoking|Thunder|p1a: Wartortle
|-supereffective|p1a: Wartortle
|-damage|p1a: Wartortle|0 fnt
|faint|p1a: Wartortle
|choice||
|
|switch|p1a: Kadabra|Kadabra, L85|100\/100
|turn|27
|choice||
|
|switch|p2a: Starmie|Starmie, L79|79\/100
|move|p1a: Kadabra|Psychic|p2a: Starmie
|-crit|p2a: Starmie
|-resisted|p2a: Starmie
|-damage|p2a: Starmie|39\/100
|
|turn|28
|c|★26thBaam|meh
|choice||
|
|move|p1a: Kadabra|Thunder Wave|p2a: Starmie
|-status|p2a: Starmie|par
|move|p2a: Starmie|Thunder Wave|p1a: Kadabra
|-status|p1a: Kadabra|par
|
|turn|29
|choice||
|
|cant|p2a: Starmie|par
|move|p1a: Kadabra|Seismic Toss|p2a: Starmie
|-damage|p2a: Starmie|6\/100 par
|
|turn|30
|choice||
|
|cant|p1a: Kadabra|par
|cant|p2a: Starmie|par
|
|turn|31
|choice||
|
|move|p2a: Starmie|Recover|p2a: Starmie
|-heal|p2a: Starmie|56\/100 par
|move|p1a: Kadabra|Seismic Toss|p2a: Starmie
|-damage|p2a: Starmie|23\/100 par
|
|turn|32
|choice||
|
|cant|p2a: Starmie|par
|move|p1a: Kadabra|Seismic Toss|p2a: Starmie
|-damage|p2a: Starmie|0 fnt
|faint|p2a: Starmie
|choice||
|
|switch|p2a: Ninetales|Ninetales, L85|66\/100 par
|turn|33
|choice||
|
|move|p1a: Kadabra|Psychic|p2a: Ninetales
|-damage|p2a: Ninetales|32\/100 par
|cant|p2a: Ninetales|par
|
|turn|34
|c|★Guillecefiro|U will lose hahaha
|choice||
|
|move|p1a: Kadabra|Psychic|p2a: Ninetales
|-damage|p2a: Ninetales|0 fnt
|faint|p2a: Ninetales
|choice||
|
|switch|p2a: Nidoking|Nidoking, L85|52\/100
|turn|35
|c|★26thBaam|yup
|choice||
|
|move|p2a: Nidoking|Earthquake|p1a: Kadabra
|-damage|p1a: Kadabra|29\/100 par
|move|p1a: Kadabra|Psychic|p2a: Nidoking
|-supereffective|p2a: Nidoking
|-damage|p2a: Nidoking|0 fnt
|faint|p2a: Nidoking
|
|win|Guillecefiro
|player|p1
|player|p2
|raw|Guillecefiro's rating: 1226 &rarr; <strong>1262<\/strong><br \/>(+36 for winning)
|raw|26thBaam's rating: 1376 &rarr; <strong>1348<\/strong><br \/>(-28 for losing)
|l|26thBaam