|j|dirkaka
|j|Mirabel_
|player|p1|dirkaka|153
|player|p2|Mirabel_|260
|gametype|singles
|gen|1
|tier|[Gen 1] OU
|rated
|seed|
|rule|Sleep Clause Mod: Limit one foe put to sleep
|rule|Freeze Clause Mod: Limit one foe frozen
|rule|Species Clause: Limit one of each Pokémon
|rule|OHKO Clause: OHKO moves are banned
|rule|Evasion Moves Clause: Evasion moves are banned
|rule|HP Percentage Mod: HP is shown in percentages
|
|start
|switch|p1a: $50\/hr|Jynx|100\/100
|switch|p2a: スターミー|Starmie|100\/100
|turn|1
|c|★dirkaka|@_@
|choice||
|
|move|p2a: スターミー|Thunder Wave|p1a: $50\/hr
|-status|p1a: $50\/hr|par
|move|p1a: $50\/hr|Lovely Kiss|p2a: スターミー
|-status|p2a: スターミー|slp
|
|turn|2
|choice||
|
|switch|p2a: ラッキー|Chansey|100\/100
|switch|p1a: Asian Mark Henry|Chansey|100\/100
|
|turn|3
|choice||
|
|move|p2a: ラッキー|Ice Beam|p1a: Asian Mark Henry
|-damage|p1a: Asian Mark Henry|90\/100
|move|p1a: Asian Mark Henry|Ice Beam|p2a: ラッキー
|-damage|p2a: ラッキー|90\/100
|
|turn|4
|choice||
|
|move|p1a: Asian Mark Henry|Ice Beam|p2a: ラッキー
|-crit|p2a: ラッキー
|-damage|p2a: ラッキー|70\/100
|move|p2a: ラッキー|Ice Beam|p1a: Asian Mark Henry
|-damage|p1a: Asian Mark Henry|80\/100
|
|turn|5
|choice||
|
|switch|p2a: スターミー|Starmie|100\/100 slp
|move|p1a: Asian Mark Henry|Ice Beam|p2a: スターミー
|-resisted|p2a: スターミー
|-damage|p2a: スターミー|88\/100 slp
|
|turn|6
|choice||
|
|switch|p2a: ラッキー|Chansey|70\/100
|move|p1a: Asian Mark Henry|Thunderbolt|p2a: ラッキー
|-damage|p2a: ラッキー|61\/100
|
|turn|7
|choice||
|
|move|p2a: ラッキー|Ice Beam|p1a: Asian Mark Henry
|-damage|p1a: Asian Mark Henry|69\/100
|move|p1a: Asian Mark Henry|Ice Beam|p2a: ラッキー
|-crit|p2a: ラッキー
|-damage|p2a: ラッキー|41\/100
|
|turn|8
|choice||
|
|switch|p2a: スターミー|Starmie|88\/100 slp
|move|p1a: Asian Mark Henry|Ice Beam|p2a: スターミー
|-resisted|p2a: スターミー
|-damage|p2a: スターミー|75\/100 slp
|
|turn|9
|choice||
|
|switch|p2a: ラッキー|Chansey|41\/100
|move|p1a: Asian Mark Henry|Thunderbolt|p2a: ラッキー
|-damage|p2a: ラッキー|31\/100
|-status|p2a: ラッキー|par
|
|turn|10
|c|★dirkaka|well shit
|choice||
|
|switch|p1a: Armoured Weapon|Cloyster|100\/100
|move|p2a: ラッキー|Soft-Boiled|p2a: ラッキー
|-heal|p2a: ラッキー|81\/100 par
|
|turn|11
|choice||
|
|switch|p2a: スターミー|Starmie|75\/100 slp
|move|p1a: Armoured Weapon|Clamp|p2a: スターミー|[miss]
|-miss|p1a: Armoured Weapon
|
|turn|12
|choice||
|
|switch|p1a: Not Fat Just Big B|Snorlax|100\/100
|cant|p2a: スターミー|slp
|
|turn|13
|choice||
|
|switch|p2a: ナッシー|Exeggutor|100\/100
|move|p1a: Not Fat Just Big B|Earthquake|p2a: ナッシー
|-resisted|p2a: ナッシー
|-damage|p2a: ナッシー|89\/100
|
|turn|14
|choice||
|
|switch|p1a: $50\/hr|Jynx|100\/100 par
|move|p2a: ナッシー|Sleep Powder|p1a: $50\/hr|[miss]
|-miss|p2a: ナッシー
|
|turn|15
|choice||
|
|switch|p2a: ラッキー|Chansey|81\/100 par
|move|p1a: $50\/hr|Blizzard|p2a: ラッキー
|-crit|p2a: ラッキー
|-damage|p2a: ラッキー|42\/100 par
|
|turn|16
|choice||
|
|cant|p1a: $50\/hr|par
|move|p2a: ラッキー|Soft-Boiled|p2a: ラッキー
|-heal|p2a: ラッキー|92\/100 par
|
|turn|17
|choice||
|
|move|p1a: $50\/hr|Psychic|p2a: ラッキー
|-damage|p2a: ラッキー|78\/100 par
|move|p2a: ラッキー|Thunderbolt|p1a: $50\/hr
|-damage|p1a: $50\/hr|78\/100 par
|
|turn|18
|choice||
|
|switch|p1a: Asian Mark Henry|Chansey|69\/100
|move|p2a: ラッキー|Thunderbolt|p1a: Asian Mark Henry
|-damage|p1a: Asian Mark Henry|58\/100
|
|turn|19
|choice||
|
|move|p1a: Asian Mark Henry|Soft-Boiled|p1a: Asian Mark Henry
|-heal|p1a: Asian Mark Henry|100\/100
|cant|p2a: ラッキー|par
|
|turn|20
|choice||
|
|switch|p1a: Frozen|Slowbro|100\/100
|switch|p2a: ナッシー|Exeggutor|89\/100
|
|turn|21
|choice||
|
|switch|p1a: $50\/hr|Jynx|78\/100 par
|move|p2a: ナッシー|Sleep Powder|p1a: $50\/hr
|-fail|p1a: $50\/hr
|
|turn|22
|choice||
|
|switch|p2a: ラッキー|Chansey|78\/100 par
|move|p1a: $50\/hr|Blizzard|p2a: ラッキー
|-crit|p2a: ラッキー
|-damage|p2a: ラッキー|42\/100 par
|
|turn|23
|choice||
|
|move|p1a: $50\/hr|Blizzard|p2a: ラッキー
|-damage|p2a: ラッキー|22\/100 par
|move|p2a: ラッキー|Soft-Boiled|p2a: ラッキー
|-heal|p2a: ラッキー|72\/100 par
|
|turn|24
|choice||
|
|switch|p1a: Asian Mark Henry|Chansey|100\/100
|move|p2a: ラッキー|Thunderbolt|p1a: Asian Mark Henry
|-crit|p1a: Asian Mark Henry
|-damage|p1a: Asian Mark Henry|79\/100
|
|turn|25
|choice||
|
|move|p1a: Asian Mark Henry|Thunderbolt|p2a: ラッキー
|-damage|p2a: ラッキー|62\/100 par
|move|p2a: ラッキー|Ice Beam|p1a: Asian Mark Henry
|-damage|p1a: Asian Mark Henry|69\/100
|
|turn|26
|choice||
|
|move|p1a: Asian Mark Henry|Soft-Boiled|p1a: Asian Mark Henry
|-heal|p1a: Asian Mark Henry|100\/100
|move|p2a: ラッキー|Thunderbolt|p1a: Asian Mark Henry
|-damage|p1a: Asian Mark Henry|90\/100
|
|turn|27
|choice||
|
|switch|p1a: $50\/hr|Jynx|78\/100 par
|move|p2a: ラッキー|Ice Beam|p1a: $50\/hr
|-resisted|p1a: $50\/hr
|-damage|p1a: $50\/hr|67\/100 par
|
|turn|28
|choice||
|
|switch|p1a: Asian Mark Henry|Chansey|90\/100
|move|p2a: ラッキー|Soft-Boiled|p2a: ラッキー
|-heal|p2a: ラッキー|100\/100 par
|
|turn|29
|choice||
|
|move|p1a: Asian Mark Henry|Ice Beam|p2a: ラッキー
|-damage|p2a: ラッキー|90\/100 par
|move|p2a: ラッキー|Thunderbolt|p1a: Asian Mark Henry
|-damage|p1a: Asian Mark Henry|78\/100
|
|turn|30
|choice||
|
|move|p1a: Asian Mark Henry|Thunderbolt|p2a: ラッキー
|-damage|p2a: ラッキー|79\/100 par
|cant|p2a: ラッキー|par
|
|turn|31
|choice||
|
|switch|p1a: Armoured Weapon|Cloyster|100\/100
|move|p2a: ラッキー|Ice Beam|p1a: Armoured Weapon
|-resisted|p1a: Armoured Weapon
|-damage|p1a: Armoured Weapon|94\/100
|
|turn|32
|choice||
|
|switch|p2a: スターミー|Starmie|75\/100 slp
|move|p1a: Armoured Weapon|Clamp|p2a: スターミー
|-resisted|p2a: スターミー
|-damage|p2a: スターミー|69\/100 slp
|
|turn|33
|choice||
|
|switch|p2a: ラッキー|Chansey|79\/100 par
|switch|p1a: Bullean=true;|Tauros|100\/100
|
|turn|34
|j|deuterium127
|choice||
|
|move|p1a: Bullean=true;|Blizzard|p2a: ラッキー
|-damage|p2a: ラッキー|70\/100 par
|cant|p2a: ラッキー|par
|
|turn|35
|choice||
|
|switch|p2a: スターミー|Starmie|69\/100 slp
|move|p1a: Bullean=true;|Hyper Beam|p2a: スターミー
|-damage|p2a: スターミー|9\/100 slp
|
|turn|36
|-mustrecharge|p1a: Bullean=true;
|-mustrecharge|p1a: Bullean=true;
|choice||
|
|switch|p2a: ナッシー|Exeggutor|89\/100
|cant|p1a: Bullean=true;|recharge
|
|turn|37
|choice||
|
|switch|p1a: $50\/hr|Jynx|67\/100 par
|move|p2a: ナッシー|Psychic|p1a: $50\/hr
|-resisted|p1a: $50\/hr
|-damage|p1a: $50\/hr|50\/100 par
|
|turn|38
|choice||
|
|switch|p2a: ラッキー|Chansey|70\/100 par
|move|p1a: $50\/hr|Blizzard|p2a: ラッキー
|-damage|p2a: ラッキー|50\/100 par
|
|turn|39
|choice||
|
|switch|p1a: Asian Mark Henry|Chansey|78\/100
|move|p2a: ラッキー|Soft-Boiled|p2a: ラッキー
|-heal|p2a: ラッキー|99\/100 par
|
|turn|40
|choice||
|
|switch|p1a: $50\/hr|Jynx|50\/100 par
|cant|p2a: ラッキー|par
|
|turn|41
|choice||
|
|switch|p1a: Asian Mark Henry|Chansey|78\/100
|move|p2a: ラッキー|Thunderbolt|p1a: Asian Mark Henry
|-damage|p1a: Asian Mark Henry|67\/100
|
|turn|42
|choice||
|
|move|p1a: Asian Mark Henry|Thunderbolt|p2a: ラッキー
|-damage|p2a: ラッキー|89\/100 par
|move|p2a: ラッキー|Thunderbolt|p1a: Asian Mark Henry
|-crit|p1a: Asian Mark Henry
|-damage|p1a: Asian Mark Henry|45\/100
|
|turn|43
|choice||
|
|switch|p2a: ナッシー|Exeggutor|89\/100
|move|p1a: Asian Mark Henry|Soft-Boiled|p1a: Asian Mark Henry
|-heal|p1a: Asian Mark Henry|95\/100
|
|turn|44
|choice||
|
|switch|p1a: $50\/hr|Jynx|50\/100 par
|move|p2a: ナッシー|Psychic|p1a: $50\/hr
|-resisted|p1a: $50\/hr
|-damage|p1a: $50\/hr|31\/100 par
|
|turn|45
|choice||
|
|switch|p2a: ラッキー|Chansey|89\/100 par
|move|p1a: $50\/hr|Rest|p1a: $50\/hr
|-status|p1a: $50\/hr|slp
|-heal|p1a: $50\/hr|100\/100 slp|[silent]
|-status|p1a: $50\/hr|slp|[from] move: Rest
|
|turn|46
|choice||
|
|switch|p1a: Asian Mark Henry|Chansey|95\/100
|switch|p2a: ナッシー|Exeggutor|89\/100
|
|turn|47
|choice||
|
|switch|p1a: $50\/hr|Jynx|100\/100 slp
|move|p2a: ナッシー|Sleep Powder|p1a: $50\/hr
|-fail|p1a: $50\/hr|slp
|
|turn|48
|choice||
|
|cant|p1a: $50\/hr|slp
|move|p2a: ナッシー|Psychic|p1a: $50\/hr
|-crit|p1a: $50\/hr
|-resisted|p1a: $50\/hr
|-damage|p1a: $50\/hr|62\/100 slp
|-unboost|p1a: $50\/hr|spd|1
|-unboost|p1a: $50\/hr|spa|1
|
|turn|49
|choice||
|
|-curestatus|p1a: $50\/hr|slp
|move|p2a: ナッシー|Sleep Powder|p1a: $50\/hr|[miss]
|-miss|p2a: ナッシー
|
|turn|50
|choice||
|
|switch|p2a: ラッキー|Chansey|89\/100 par
|move|p1a: $50\/hr|Blizzard|p2a: ラッキー
|-damage|p2a: ラッキー|77\/100 par
|
|turn|51
|choice||
|
|switch|p1a: Asian Mark Henry|Chansey|95\/100
|cant|p2a: ラッキー|par
|
|turn|52
|choice||
|
|move|p1a: Asian Mark Henry|Thunderbolt|p2a: ラッキー
|-damage|p2a: ラッキー|66\/100 par
|move|p2a: ラッキー|Thunderbolt|p1a: Asian Mark Henry
|-damage|p1a: Asian Mark Henry|84\/100
|
|turn|53
|choice||
|
|move|p1a: Asian Mark Henry|Thunderbolt|p2a: ラッキー
|-damage|p2a: ラッキー|56\/100 par
|move|p2a: ラッキー|Thunderbolt|p1a: Asian Mark Henry
|-damage|p1a: Asian Mark Henry|73\/100
|
|turn|54
|choice||
|
|switch|p1a: $50\/hr|Jynx|62\/100
|move|p2a: ラッキー|Ice Beam|p1a: $50\/hr
|-resisted|p1a: $50\/hr
|-damage|p1a: $50\/hr|51\/100
|
|turn|55
|choice||
|
|move|p1a: $50\/hr|Blizzard|p2a: ラッキー
|-damage|p2a: ラッキー|38\/100 par
|move|p2a: ラッキー|Thunderbolt|p1a: $50\/hr
|-damage|p1a: $50\/hr|25\/100
|
|turn|56
|choice||
|
|move|p1a: $50\/hr|Rest|p1a: $50\/hr
|-status|p1a: $50\/hr|slp
|-heal|p1a: $50\/hr|100\/100 slp|[silent]
|-status|p1a: $50\/hr|slp|[from] move: Rest
|move|p2a: ラッキー|Soft-Boiled|p2a: ラッキー
|-heal|p2a: ラッキー|88\/100 par
|
|turn|57
|choice||
|
|switch|p1a: Asian Mark Henry|Chansey|73\/100
|move|p2a: ラッキー|Ice Beam|p1a: Asian Mark Henry
|-damage|p1a: Asian Mark Henry|62\/100
|
|turn|58
|choice||
|
|switch|p1a: $50\/hr|Jynx|100\/100 slp
|move|p2a: ラッキー|Ice Beam|p1a: $50\/hr
|-crit|p1a: $50\/hr
|-resisted|p1a: $50\/hr
|-damage|p1a: $50\/hr|76\/100 slp
|
|turn|59
|choice||
|
|switch|p2a: カビゴン|Snorlax|100\/100
|cant|p1a: $50\/hr|slp
|
|turn|60
|choice||
|
|switch|p1a: Asian Mark Henry|Chansey|62\/100
|move|p2a: カビゴン|Body Slam|p1a: Asian Mark Henry
|-damage|p1a: Asian Mark Henry|22\/100
|
|turn|61
|choice||
|
|switch|p2a: ラッキー|Chansey|88\/100 par
|move|p1a: Asian Mark Henry|Soft-Boiled|p1a: Asian Mark Henry
|-heal|p1a: Asian Mark Henry|72\/100
|
|turn|62
|choice||
|
|switch|p1a: $50\/hr|Jynx|76\/100 slp
|move|p2a: ラッキー|Thunderbolt|p1a: $50\/hr
|-damage|p1a: $50\/hr|53\/100 slp
|
|turn|63
|choice||
|
|-curestatus|p1a: $50\/hr|slp
|move|p2a: ラッキー|Thunderbolt|p1a: $50\/hr
|-damage|p1a: $50\/hr|31\/100
|
|turn|64
|choice||
|
|move|p1a: $50\/hr|Rest|p1a: $50\/hr
|-status|p1a: $50\/hr|slp
|-heal|p1a: $50\/hr|100\/100 slp|[silent]
|-status|p1a: $50\/hr|slp|[from] move: Rest
|move|p2a: ラッキー|Thunderbolt|p1a: $50\/hr
|-damage|p1a: $50\/hr|75\/100 slp
|
|turn|65
|choice||
|
|switch|p1a: Asian Mark Henry|Chansey|72\/100
|move|p2a: ラッキー|Thunderbolt|p1a: Asian Mark Henry
|-damage|p1a: Asian Mark Henry|61\/100
|
|turn|66
|choice||
|
|move|p1a: Asian Mark Henry|Soft-Boiled|p1a: Asian Mark Henry
|-heal|p1a: Asian Mark Henry|100\/100
|move|p2a: ラッキー|Thunderbolt|p1a: Asian Mark Henry
|-damage|p1a: Asian Mark Henry|90\/100
|
|turn|67
|choice||
|
|switch|p2a: カビゴン|Snorlax|100\/100
|move|p1a: Asian Mark Henry|Thunderbolt|p2a: カビゴン
|-damage|p2a: カビゴン|81\/100
|-status|p2a: カビゴン|par
|
|turn|68
|c|★dirkaka|...
|choice||
|
|cant|p2a: カビゴン|par
|move|p1a: Asian Mark Henry|Counter|p2a: カビゴン
|-fail|p1a: Asian Mark Henry
|
|turn|69
|j|nvdoverlord
|c|★dirkaka|my luck is..
|choice||
|
|move|p2a: カビゴン|Earthquake|p1a: Asian Mark Henry
|-damage|p1a: Asian Mark Henry|60\/100
|move|p1a: Asian Mark Henry|Counter|p2a: カビゴン
|-fail|p1a: Asian Mark Henry
|
|turn|70
|choice||
|
|move|p1a: Asian Mark Henry|Soft-Boiled|p1a: Asian Mark Henry
|-heal|p1a: Asian Mark Henry|100\/100
|move|p2a: カビゴン|Body Slam|p1a: Asian Mark Henry
|-damage|p1a: Asian Mark Henry|61\/100
|
|turn|71
|choice||
|
|move|p1a: Asian Mark Henry|Soft-Boiled|p1a: Asian Mark Henry
|-heal|p1a: Asian Mark Henry|100\/100
|move|p2a: カビゴン|Earthquake|p1a: Asian Mark Henry
|-damage|p1a: Asian Mark Henry|67\/100
|
|turn|72
|choice||
|
|cant|p2a: カビゴン|par
|move|p1a: Asian Mark Henry|Counter|p2a: カビゴン
|-fail|p1a: Asian Mark Henry
|
|turn|73
|c|★dirkaka|fffuu
|choice||
|
|move|p1a: Asian Mark Henry|Soft-Boiled|p1a: Asian Mark Henry
|-heal|p1a: Asian Mark Henry|100\/100
|move|p2a: カビゴン|Earthquake|p1a: Asian Mark Henry
|-damage|p1a: Asian Mark Henry|66\/100
|
|turn|74
|choice||
|
|move|p1a: Asian Mark Henry|Ice Beam|p2a: カビゴン
|-damage|p2a: カビゴン|63\/100 par
|move|p2a: カビゴン|Earthquake|p1a: Asian Mark Henry
|-damage|p1a: Asian Mark Henry|32\/100
|
|turn|75
|choice||
|
|move|p1a: Asian Mark Henry|Soft-Boiled|p1a: Asian Mark Henry
|-heal|p1a: Asian Mark Henry|82\/100
|cant|p2a: カビゴン|par
|
|turn|76
|choice||
|
|cant|p2a: カビゴン|par
|move|p1a: Asian Mark Henry|Counter|p2a: カビゴン
|-fail|p1a: Asian Mark Henry
|
|turn|77
|c|★dirkaka|sure now you get paralyzed :<
|choice||
|
|move|p1a: Asian Mark Henry|Thunderbolt|p2a: カビゴン
|-crit|p2a: カビゴン
|-damage|p2a: カビゴン|27\/100 par
|move|p2a: カビゴン|Earthquake|p1a: Asian Mark Henry
|-damage|p1a: Asian Mark Henry|48\/100
|
|turn|78
|choice||
|
|move|p1a: Asian Mark Henry|Thunderbolt|p2a: カビゴン
|-damage|p2a: カビゴン|8\/100 par
|cant|p2a: カビゴン|par
|
|turn|79
|choice||
|
|switch|p2a: ナッシー|Exeggutor|89\/100
|move|p1a: Asian Mark Henry|Thunderbolt|p2a: ナッシー
|-resisted|p2a: ナッシー
|-damage|p2a: ナッシー|80\/100
|
|turn|80
|choice||
|
|switch|p1a: $50\/hr|Jynx|75\/100 slp
|move|p2a: ナッシー|Psychic|p1a: $50\/hr
|-resisted|p1a: $50\/hr
|-damage|p1a: $50\/hr|56\/100 slp
|
|turn|81
|l|nvdoverlord
|choice||
|
|cant|p1a: $50\/hr|slp
|move|p2a: ナッシー|Sleep Powder|p1a: $50\/hr
|-fail|p1a: $50\/hr|slp
|
|turn|82
|choice||
|
|-curestatus|p1a: $50\/hr|slp
|move|p2a: ナッシー|Sleep Powder|p1a: $50\/hr
|-status|p1a: $50\/hr|slp
|
|turn|83
|choice||
|
|cant|p1a: $50\/hr|slp
|move|p2a: ナッシー|Psychic|p1a: $50\/hr
|-resisted|p1a: $50\/hr
|-damage|p1a: $50\/hr|36\/100 slp
|
|turn|84
|choice||
|
|cant|p1a: $50\/hr|slp
|move|p2a: ナッシー|Psychic|p1a: $50\/hr
|-crit|p1a: $50\/hr
|-resisted|p1a: $50\/hr
|-damage|p1a: $50\/hr|2\/100 slp
|
|turn|85
|choice||
|
|switch|p1a: Asian Mark Henry|Chansey|48\/100
|move|p2a: ナッシー|Psychic|p1a: Asian Mark Henry
|-crit|p1a: Asian Mark Henry
|-damage|p1a: Asian Mark Henry|15\/100
|-unboost|p1a: Asian Mark Henry|spd|1
|-unboost|p1a: Asian Mark Henry|spa|1
|
|turn|86
|choice||
|
|switch|p1a: Frozen|Slowbro|100\/100
|move|p2a: ナッシー|Psychic|p1a: Frozen
|-resisted|p1a: Frozen
|-damage|p1a: Frozen|81\/100
|
|turn|87
|choice||
|
|move|p2a: ナッシー|Stun Spore|p1a: Frozen
|-status|p1a: Frozen|par
|move|p1a: Frozen|Ice Beam|p2a: ナッシー
|-supereffective|p2a: ナッシー
|-damage|p2a: ナッシー|54\/100
|
|turn|88
|choice||
|
|move|p2a: ナッシー|Psychic|p1a: Frozen
|-resisted|p1a: Frozen
|-damage|p1a: Frozen|63\/100 par
|-unboost|p1a: Frozen|spd|1
|-unboost|p1a: Frozen|spa|1
|cant|p1a: Frozen|par
|
|turn|89
|choice||
|
|move|p2a: ナッシー|Stun Spore|p1a: Frozen
|-fail|p1a: Frozen|par
|cant|p1a: Frozen|par
|
|turn|90
|choice||
|
|move|p2a: ナッシー|Psychic|p1a: Frozen
|-resisted|p1a: Frozen
|-damage|p1a: Frozen|37\/100 par
|move|p1a: Frozen|Ice Beam|p2a: ナッシー
|-supereffective|p2a: ナッシー
|-damage|p2a: ナッシー|34\/100
|
|turn|91
|choice||
|
|move|p2a: ナッシー|Psychic|p1a: Frozen
|-crit|p1a: Frozen
|-resisted|p1a: Frozen
|-damage|p1a: Frozen|0 fnt
|faint|p1a: Frozen
|c|★dirkaka|fk this crits..
|choice||
|
|switch|p1a: Armoured Weapon|Cloyster|94\/100
|turn|92
|choice||
|
|switch|p2a: スターミー|Starmie|9\/100 slp
|move|p1a: Armoured Weapon|Clamp|p2a: スターミー|[miss]
|-miss|p1a: Armoured Weapon
|
|turn|93
|choice||
|
|cant|p2a: スターミー|slp
|move|p1a: Armoured Weapon|Blizzard|p2a: スターミー|[miss]
|-miss|p1a: Armoured Weapon
|
|turn|94
|choice||
|
|switch|p2a: ラッキー|Chansey|88\/100 par
|move|p1a: Armoured Weapon|Blizzard|p2a: ラッキー
|-damage|p2a: ラッキー|70\/100 par
|
|turn|95
|choice||
|
|move|p1a: Armoured Weapon|Clamp|p2a: ラッキー
|-damage|p2a: ラッキー|65\/100 par
|cant|p2a: ラッキー|partiallytrapped
|
|turn|96
|choice||
|
|switch|p2a: スターミー|Starmie|9\/100 slp
|move|p1a: Armoured Weapon|Clamp|p2a: スターミー
|-resisted|p2a: スターミー
|-damage|p2a: スターミー|4\/100 slp
|
|turn|97
|choice||
|
|switch|p2a: ラッキー|Chansey|65\/100 par
|move|p1a: Armoured Weapon|Clamp|p2a: ラッキー
|-damage|p2a: ラッキー|60\/100 par
|
|turn|98
|choice||
|
|switch|p2a: ナッシー|Exeggutor|34\/100
|move|p1a: Armoured Weapon|Clamp|p2a: ナッシー
|-resisted|p2a: ナッシー
|-damage|p2a: ナッシー|31\/100
|
|turn|99
|choice||
|
|switch|p2a: ラッキー|Chansey|60\/100 par
|move|p1a: Armoured Weapon|Clamp|p2a: ラッキー
|-damage|p2a: ラッキー|55\/100 par
|
|turn|100
|c|★dirkaka|interesting strat
|choice||
|
|switch|p1a: Asian Mark Henry|Chansey|15\/100
|switch|p2a: ナッシー|Exeggutor|31\/100
|
|turn|101
|choice||
|
|move|p2a: ナッシー|Psychic|p1a: Asian Mark Henry
|-damage|p1a: Asian Mark Henry|0 fnt
|faint|p1a: Asian Mark Henry
|choice||
|
|switch|p1a: Not Fat Just Big B|Snorlax|100\/100
|turn|102
|choice||
|
|move|p2a: ナッシー|Explosion|p1a: Not Fat Just Big B
|-damage|p1a: Not Fat Just Big B|38\/100
|faint|p2a: ナッシー
|choice||
|
|switch|p2a: ケンタロス|Tauros|100\/100
|turn|103
|choice||
|
|move|p2a: ケンタロス|Body Slam|p1a: Not Fat Just Big B
|-damage|p1a: Not Fat Just Big B|15\/100
|move|p1a: Not Fat Just Big B|Hyper Beam|p2a: ケンタロス
|-damage|p2a: ケンタロス|45\/100
|
|turn|104
|-mustrecharge|p1a: Not Fat Just Big B
|-mustrecharge|p1a: Not Fat Just Big B
|choice||
|
|move|p2a: ケンタロス|Body Slam|p1a: Not Fat Just Big B
|-damage|p1a: Not Fat Just Big B|0 fnt
|faint|p1a: Not Fat Just Big B
|choice||
|
|switch|p1a: Bullean=true;|Tauros|100\/100
|turn|105
|choice||
|
|move|p1a: Bullean=true;|Hyper Beam|p2a: ケンタロス
|-damage|p2a: ケンタロス|0 fnt
|faint|p2a: ケンタロス
|choice||
|
|switch|p2a: フーディン|Alakazam|100\/100
|turn|106
|choice||
|
|switch|p1a: $50\/hr|Jynx|2\/100 slp
|move|p2a: フーディン|Reflect|p2a: フーディン
|-start|p2a: フーディン|Reflect
|
|turn|107
|choice||
|
|move|p2a: フーディン|Psychic|p1a: $50\/hr
|-resisted|p1a: $50\/hr
|-damage|p1a: $50\/hr|0 fnt
|faint|p1a: $50\/hr
|choice||
|
|switch|p1a: Armoured Weapon|Cloyster|94\/100
|turn|108
|choice||
|
|move|p2a: フーディン|Thunder Wave|p1a: Armoured Weapon
|-status|p1a: Armoured Weapon|par
|move|p1a: Armoured Weapon|Clamp|p2a: フーディン
|-damage|p2a: フーディン|91\/100
|
|turn|109
|choice||
|
|switch|p1a: Bullean=true;|Tauros|100\/100
|cant|p2a: フーディン|partiallytrapped
|
|turn|110
|choice||
|
|switch|p1a: Armoured Weapon|Cloyster|94\/100 par
|move|p2a: フーディン|Thunder Wave|p1a: Armoured Weapon
|-fail|p1a: Armoured Weapon|par
|
|turn|111
|choice||
|
|move|p2a: フーディン|Psychic|p1a: Armoured Weapon
|-damage|p1a: Armoured Weapon|46\/100 par
|move|p1a: Armoured Weapon|Explosion|p2a: フーディン
|-damage|p2a: フーディン|23\/100
|faint|p1a: Armoured Weapon
|c|★dirkaka|oh
|c|★dirkaka|reflect lmao
|choice||
|
|switch|p1a: Bullean=true;|Tauros|100\/100
|turn|112
|choice||
|
|move|p2a: フーディン|Recover|p2a: フーディン
|-heal|p2a: フーディン|73\/100
|move|p1a: Bullean=true;|Hyper Beam|p2a: フーディン
|-crit|p2a: フーディン
|-damage|p2a: フーディン|0 fnt
|faint|p2a: フーディン
|choice||
|
|switch|p2a: スターミー|Starmie|4\/100 slp
|turn|113
|c|★dirkaka|well i might miss a hyper beam
|choice||
|
|cant|p2a: スターミー|slp
|move|p1a: Bullean=true;|Body Slam|p2a: スターミー
|-damage|p2a: スターミー|0 fnt
|faint|p2a: スターミー
|choice||
|
|switch|p2a: ラッキー|Chansey|55\/100 par
|turn|114
|choice||
|
|move|p1a: Bullean=true;|Hyper Beam|p2a: ラッキー
|-damage|p2a: ラッキー|0 fnt
|faint|p2a: ラッキー
|choice||
|
|switch|p2a: カビゴン|Snorlax|8\/100 par
|turn|115
|choice||
|
|move|p1a: Bullean=true;|Body Slam|p2a: カビゴン
|-damage|p2a: カビゴン|0 fnt
|faint|p2a: カビゴン
|
|win|dirkaka
|player|p1
|player|p2
|raw|dirkaka's rating: 1318 &rarr; <strong>1344<\/strong><br \/>(+26 for winning)
|raw|Mirabel_'s rating: 1438 &rarr; <strong>1411<\/strong><br \/>(-27 for losing)
|c|★dirkaka|gg
|c|★Mirabel_|darn
|c|★Mirabel_|wp
|c|★dirkaka|ty
|l|Mirabel_