|j|Peasounay
|j|LORDE BUMBUM MOLE
|player|p1|Peasounay|80
|player|p2|LORDE BUMBUM MOLE|199
|gametype|singles
|gen|1
|tier|[Gen 1] OU
|seed|6056,20971,31612,3537
|rule|Sleep Clause Mod: Limit one foe put to sleep
|rule|Freeze Clause Mod: Limit one foe frozen
|rule|Species Clause: Limit one of each Pokémon
|rule|OHKO Clause: OHKO moves are banned
|rule|Evasion Moves Clause: Evasion moves are banned
|rule|HP Percentage Mod: HP is shown in percentages
|
|start
|switch|p1a: Gengar|Gengar|323\/323
|switch|p2a: Jynx|Jynx|333\/333
|turn|1
|c|★LORDE BUMBUM MOLE|gl
|c|★Peasounay|gl hf
|choice|move 1|move 1
|
|move|p1a: Gengar|Hypnosis|p2a: Jynx|[miss]
|-miss|p1a: Gengar
|move|p2a: Jynx|Lovely Kiss|p1a: Gengar
|-status|p1a: Gengar|slp
|
|turn|2
|choice|switch 5|move 2
|
|switch|p1a: Chansey|Chansey|703\/703
|move|p2a: Jynx|Blizzard|p1a: Chansey
|-crit|p1a: Chansey
|-damage|p1a: Chansey|427\/703
|
|turn|3
|choice|move 1|move 2
|
|move|p2a: Jynx|Blizzard|p1a: Chansey
|-damage|p1a: Chansey|291\/703
|move|p1a: Chansey|Soft-Boiled|p1a: Chansey
|-heal|p1a: Chansey|642\/703
|
|turn|4
|choice|move 3|move 2
|
|move|p2a: Jynx|Blizzard|p1a: Chansey
|-crit|p1a: Chansey
|-damage|p1a: Chansey|389\/703
|move|p1a: Chansey|Thunder Wave|p2a: Jynx
|-status|p2a: Jynx|par
|
|turn|5
|choice|move 4|move 4
|
|move|p1a: Chansey|Thunderbolt|p2a: Jynx
|-damage|p2a: Jynx|251\/333 par
|move|p2a: Jynx|Mimic|p1a: Chansey
|-start|p2a: Jynx|Mimic|Thunder Wave
|
|turn|6
|choice|move 4|move 2
|
|move|p1a: Chansey|Thunderbolt|p2a: Jynx
|-damage|p2a: Jynx|175\/333 par
|move|p2a: Jynx|Blizzard|p1a: Chansey
|-damage|p1a: Chansey|257\/703
|
|turn|7
|choice|move 1|move 2
|
|move|p1a: Chansey|Soft-Boiled|p1a: Chansey
|-heal|p1a: Chansey|608\/703
|move|p2a: Jynx|Blizzard|p1a: Chansey
|-damage|p1a: Chansey|484\/703
|
|turn|8
|choice|move 4|move 2
|
|move|p1a: Chansey|Thunderbolt|p2a: Jynx
|-damage|p2a: Jynx|100\/333 par
|cant|p2a: Jynx|par
|
|turn|9
|choice|move 4|move 2
|
|move|p1a: Chansey|Thunderbolt|p2a: Jynx
|-damage|p2a: Jynx|26\/333 par
|move|p2a: Jynx|Blizzard|p1a: Chansey
|-damage|p1a: Chansey|344\/703
|
|turn|10
|choice|move 1|move 2
|
|move|p1a: Chansey|Soft-Boiled|p1a: Chansey
|-heal|p1a: Chansey|695\/703
|move|p2a: Jynx|Blizzard|p1a: Chansey
|-damage|p1a: Chansey|562\/703
|
|turn|11
|choice|move 4|move 2
|
|move|p1a: Chansey|Thunderbolt|p2a: Jynx
|-damage|p2a: Jynx|0 fnt
|faint|p2a: Jynx
|c|★LORDE BUMBUM MOLE|7 blizzard no frozen
|choice||switch 4
|
|switch|p2a: Tauros|Tauros|353\/353
|turn|12
|choice|move 3|switch 3
|
|switch|p2a: Chansey|Chansey|703\/703
|move|p1a: Chansey|Thunder Wave|p2a: Chansey
|-status|p2a: Chansey|par
|
|turn|13
|choice|move 2|move 1
|
|move|p1a: Chansey|Ice Beam|p2a: Chansey
|-damage|p2a: Chansey|629\/703 par
|cant|p2a: Chansey|par
|
|turn|14
|choice|move 1|move 1
|
|move|p1a: Chansey|Soft-Boiled|p1a: Chansey
|-heal|p1a: Chansey|703\/703
|move|p2a: Chansey|Ice Beam|p1a: Chansey
|-damage|p1a: Chansey|634\/703
|
|turn|15
|choice|switch 3|move 1
|
|switch|p1a: Snorlax|Snorlax|523\/523
|move|p2a: Chansey|Ice Beam|p1a: Snorlax
|-damage|p1a: Snorlax|430\/523
|
|turn|16
|choice|move 1|switch 5
|
|switch|p2a: Exeggutor|Exeggutor|393\/393
|move|p1a: Snorlax|Body Slam|p2a: Exeggutor
|-damage|p2a: Exeggutor|283\/393
|
|turn|17
|choice|move 1|move 2
|
|move|p2a: Exeggutor|Psychic|p1a: Snorlax
|-damage|p1a: Snorlax|276\/523
|move|p1a: Snorlax|Body Slam|p2a: Exeggutor
|-damage|p2a: Exeggutor|161\/393
|
|turn|18
|choice|switch 3|move 2
|
|switch|p1a: Chansey|Chansey|634\/703
|move|p2a: Exeggutor|Psychic|p1a: Chansey
|-damage|p1a: Chansey|506\/703
|
|turn|19
|choice|switch 5|move 3
|
|switch|p1a: Gengar|Gengar|323\/323 slp
|move|p2a: Exeggutor|Explosion|p1a: Gengar
|-immune|p1a: Gengar|[msg]
|faint|p2a: Exeggutor
|choice||switch 2
|
|switch|p2a: Zapdos|Zapdos|383\/383
|turn|20
|choice|switch 6|move 2
|
|switch|p1a: Zapdos|Zapdos|383\/383
|move|p2a: Zapdos|Drill Peck|p1a: Zapdos
|-crit|p1a: Zapdos
|-resisted|p1a: Zapdos
|-damage|p1a: Zapdos|289\/383
|
|turn|21
|choice|move 3|switch 5
|
|switch|p2a: Chansey|Chansey|629\/703 par
|move|p1a: Zapdos|Thunder Wave|p2a: Chansey
|-fail|p2a: Chansey|par
|
|turn|22
|choice|move 1|move 1
|
|move|p1a: Zapdos|Drill Peck|p2a: Chansey
|-damage|p2a: Chansey|372\/703 par
|move|p2a: Chansey|Ice Beam|p1a: Zapdos
|-supereffective|p1a: Zapdos
|-damage|p1a: Zapdos|152\/383
|
|turn|23
|choice|move 1|switch 3
|
|switch|p2a: Tauros|Tauros|353\/353
|move|p1a: Zapdos|Drill Peck|p2a: Tauros
|-crit|p2a: Tauros
|-damage|p2a: Tauros|192\/353
|
|turn|24
|choice|switch 2|move 4
|
|switch|p1a: Exeggutor|Exeggutor|393\/393
|move|p2a: Tauros|Blizzard|p1a: Exeggutor
|-crit|p1a: Exeggutor
|-supereffective|p1a: Exeggutor
|-damage|p1a: Exeggutor|163\/393
|
|turn|25
|choice|move 1|switch 5
|
|switch|p2a: Zapdos|Zapdos|383\/383
|move|p1a: Exeggutor|Sleep Powder|p2a: Zapdos
|-status|p2a: Zapdos|slp
|
|turn|26
|choice|switch 2|move 2
|
|switch|p1a: Zapdos|Zapdos|152\/383
|-curestatus|p2a: Zapdos|slp
|
|turn|27
|choice|move 2|move 1
|
|move|p2a: Zapdos|Thunderbolt|p1a: Zapdos
|-damage|p1a: Zapdos|31\/383
|move|p1a: Zapdos|Thunderbolt|p2a: Zapdos
|-damage|p2a: Zapdos|279\/383
|
|turn|28
|choice|move 2|move 1
|
|move|p1a: Zapdos|Thunderbolt|p2a: Zapdos
|-damage|p2a: Zapdos|170\/383
|move|p2a: Zapdos|Thunderbolt|p1a: Zapdos
|-damage|p1a: Zapdos|0 fnt
|faint|p1a: Zapdos
|choice|switch 3|
|
|switch|p1a: Snorlax|Snorlax|276\/523
|turn|29
|choice|move 1|move 2
|
|move|p2a: Zapdos|Drill Peck|p1a: Snorlax
|-damage|p1a: Snorlax|164\/523
|move|p1a: Snorlax|Body Slam|p2a: Zapdos
|-damage|p2a: Zapdos|53\/383
|-status|p2a: Zapdos|par
|
|turn|30
|choice|move 1|move 1
|
|move|p1a: Snorlax|Body Slam|p2a: Zapdos
|-damage|p2a: Zapdos|0 fnt
|faint|p2a: Zapdos
|choice||switch 5
|
|switch|p2a: Tauros|Tauros|192\/353
|turn|31
|choice|move 1|move 1
|
|move|p2a: Tauros|Body Slam|p1a: Snorlax
|-damage|p1a: Snorlax|27\/523
|move|p1a: Snorlax|Body Slam|p2a: Tauros
|-damage|p2a: Tauros|85\/353
|
|turn|32
|choice|move 1|move 1
|
|move|p2a: Tauros|Body Slam|p1a: Snorlax
|-crit|p1a: Snorlax
|-damage|p1a: Snorlax|0 fnt
|faint|p1a: Snorlax
|choice|switch 4|
|
|switch|p1a: Tauros|Tauros|353\/353
|turn|33
|choice|move 2|move 4
|
|move|p1a: Tauros|Body Slam|p2a: Tauros
|-damage|p2a: Tauros|0 fnt
|faint|p2a: Tauros
|choice||switch 6
|
|switch|p2a: Dragonite|Dragonite|385\/385
|turn|34
|choice|move 1|move 1
|
|move|p1a: Tauros|Blizzard|p2a: Dragonite
|-crit|p2a: Dragonite
|-supereffective|p2a: Dragonite
|-damage|p2a: Dragonite|0 fnt
|faint|p2a: Dragonite
|choice||switch 3
|
|switch|p2a: Chansey|Chansey|372\/703 par
|turn|35
|choice|move 3|move 3
|
|move|p1a: Tauros|Hyper Beam|p2a: Chansey
|-crit|p2a: Chansey
|-damage|p2a: Chansey|0 fnt
|faint|p2a: Chansey
|
|win|Peasounay
|player|p1
|player|p2
|c|★Peasounay|gg
|l|LORDE BUMBUM MOLE