|join|arafalo2
|join|mariotheitalian
|player|p1|arafalo2|1
|player|p2|mariotheitalian|102
|gametype|singles
|gen|1
|tier|[Gen 1] Random Battle
|rated
|seed|58602,39589,53216,48331
|rule|Sleep Clause Mod: Limit one foe put to sleep
|rule|Freeze Clause Mod: Limit one foe frozen
|rule|HP Percentage Mod: HP is shown in percentages
|
|start
|switch|p1a: Rhyhorn|Rhyhorn, L96|348\/348
|switch|p2a: Raichu|Raichu, L85|276\/276
|turn|1
|choice|switch 3|move 1
|
|switch|p1a: Parasect|Parasect, L90|291\/291
|move|p2a: Raichu|Surf|p1a: Parasect
|-resisted|p1a: Parasect
|-damage|p1a: Parasect|261\/291
|
|turn|2
|choice|move 3|move 3
|
|move|p2a: Raichu|Hyper Beam|p1a: Parasect
|-damage|p1a: Parasect|164\/291
|move|p1a: Parasect|Spore|p2a: Raichu
|-status|p2a: Raichu|slp
|
|turn|3
|-mustrecharge|p2a: Raichu
|-mustrecharge|p2a: Raichu
|choice|move 2|move 1
|
|cant|p2a: Raichu|recharge
|move|p1a: Parasect|Swords Dance|p1a: Parasect
|-boost|p1a: Parasect|atk|2
|
|turn|4
|choice|move 1|switch 3
|
|switch|p2a: Pidgeotto|Pidgeotto, L90|297\/297
|move|p1a: Parasect|Body Slam|p2a: Pidgeotto
|-damage|p2a: Pidgeotto|117\/297
|
|turn|5
|choice|move 1|move 4
|
|move|p2a: Pidgeotto|Sky Attack|p1a: Parasect|[still]
|-prepare|p2a: Pidgeotto|Sky Attack|p1a: Parasect
|move|p1a: Parasect|Body Slam|p2a: Pidgeotto
|-damage|p2a: Pidgeotto|0 fnt
|faint|p2a: Pidgeotto
|choice||switch 4
|
|switch|p2a: Hypno|Hypno, L85|318\/318
|turn|6
|choice|move 1|move 1
|
|move|p2a: Hypno|Psychic|p1a: Parasect
|-damage|p1a: Parasect|46\/291
|move|p1a: Parasect|Body Slam|p2a: Hypno
|-damage|p2a: Hypno|163\/318
|
|turn|7
|choice|move 1|move 1
|
|move|p2a: Hypno|Psychic|p1a: Parasect
|-crit|p1a: Parasect
|-damage|p1a: Parasect|0 fnt
|faint|p1a: Parasect
|choice|switch 2|
|
|switch|p1a: Ponyta|Ponyta, L96|291\/291
|turn|8
|choice|move 4|switch 6
|
|switch|p2a: Golem|Golem, L79|288\/288
|move|p1a: Ponyta|Fire Blast|p2a: Golem
|-crit|p2a: Golem
|-resisted|p2a: Golem
|-damage|p2a: Golem|111\/288
|
|turn|9
|choice|move 4|move 2
|
|move|p1a: Ponyta|Fire Blast|p2a: Golem|[miss]
|-miss|p1a: Ponyta
|move|p2a: Golem|Earthquake|p1a: Ponyta
|-supereffective|p1a: Ponyta
|-damage|p1a: Ponyta|49\/291
|
|turn|10
|choice|move 4|move 2
|
|move|p1a: Ponyta|Fire Blast|p2a: Golem
|-resisted|p2a: Golem
|-damage|p2a: Golem|19\/288
|move|p2a: Golem|Earthquake|p1a: Ponyta
|-supereffective|p1a: Ponyta
|-damage|p1a: Ponyta|0 fnt
|faint|p1a: Ponyta
|choice|switch 5|
|
|switch|p1a: Arbok|Arbok, L90|291\/291
|turn|11
|choice|move 1|move 2
|
|move|p1a: Arbok|Earthquake|p2a: Golem
|-supereffective|p2a: Golem
|-damage|p2a: Golem|0 fnt
|faint|p2a: Golem
|choice||switch 6
|
|switch|p2a: Hypno|Hypno, L85|163\/318
|turn|12
|choice|move 3|move 1
|
|move|p1a: Arbok|Hyper Beam|p2a: Hypno
|-damage|p2a: Hypno|26\/318
|move|p2a: Hypno|Psychic|p1a: Arbok
|-supereffective|p1a: Arbok
|-damage|p1a: Arbok|46\/291
|-unboost|p1a: Arbok|spd|1
|-unboost|p1a: Arbok|spa|1
|
|turn|13
|-mustrecharge|p1a: Arbok
|-mustrecharge|p1a: Arbok
|choice|move 1|move 1
|
|cant|p1a: Arbok|recharge
|move|p2a: Hypno|Psychic|p1a: Arbok
|-supereffective|p1a: Arbok
|-damage|p1a: Arbok|0 fnt
|faint|p1a: Arbok
|choice|switch 4|
|
|switch|p1a: Porygon|Porygon, L85|284\/284
|turn|14
|choice|move 2|move 4
|
|move|p2a: Hypno|Rest|p2a: Hypno
|-status|p2a: Hypno|slp
|-heal|p2a: Hypno|318\/318 slp|[silent]
|-status|p2a: Hypno|slp|[from] move: Rest
|move|p1a: Porygon|Thunderbolt|p2a: Hypno
|-damage|p2a: Hypno|269\/318 slp
|
|turn|15
|choice|move 4|move 1
|
|cant|p2a: Hypno|slp
|move|p1a: Porygon|Blizzard|p2a: Hypno|[miss]
|-miss|p1a: Porygon
|
|turn|16
|choice|move 4|switch 5
|
|switch|p2a: Mew|Mew, L74|300\/300
|move|p1a: Porygon|Blizzard|p2a: Mew
|-damage|p2a: Mew|227\/300
|
|turn|17
|choice|move 4|move 1
|
|move|p2a: Mew|Blizzard|p1a: Porygon
|-damage|p1a: Porygon|214\/284
|-status|p1a: Porygon|frz
|cant|p1a: Porygon|frz
|
|turn|18
|choice|switch 6|move 3
|
|switch|p1a: Kabutops|Kabutops, L85|276\/276
|move|p2a: Mew|Horn Drill|p1a: Kabutops|[miss]
|-miss|p2a: Mew
|
|turn|19
|choice|move 3|move 3
|
|move|p2a: Mew|Horn Drill|p1a: Kabutops
|-damage|p1a: Kabutops|0 fnt
|-ohko
|faint|p1a: Kabutops
|-message|arafalo2 forfeited.
|
|win|mariotheitalian
|leave|arafalo2
|player|p1
|raw|arafalo2's rating: 1227 &rarr; <strong>1187<\/strong><br \/>(-40 for losing)
|raw|mariotheitalian's rating: 1000 &rarr; <strong>1063<\/strong><br \/>(+63 for winning)