|j|ineedmygirlkat
|j|hfeath
|player|p1|ineedmygirlkat|169
|player|p2|hfeath|34
|gametype|singles
|gen|1
|tier|[Gen 1] Random Battle
|rated
|seed|38025,20631,5055,52286
|rule|Sleep Clause Mod: Limit one foe put to sleep
|rule|Freeze Clause Mod: Limit one foe frozen
|rule|HP Percentage Mod: HP is shown in percentages
|
|start
|switch|p1a: Marowak|Marowak, L90|291\/291
|switch|p2a: Doduo|Doduo, L96|262\/262
|turn|1
|choice|move 2|move 2
|
|move|p2a: Doduo|Body Slam|p1a: Marowak
|-damage|p1a: Marowak|200\/291
|move|p1a: Marowak|Blizzard|p2a: Doduo
|-supereffective|p2a: Doduo
|-damage|p2a: Doduo|68\/262
|
|turn|2
|choice|move 2|move 2
|
|move|p2a: Doduo|Body Slam|p1a: Marowak
|-damage|p1a: Marowak|115\/291
|move|p1a: Marowak|Blizzard|p2a: Doduo
|-crit|p2a: Doduo
|-supereffective|p2a: Doduo
|-damage|p2a: Doduo|0 fnt
|faint|p2a: Doduo
|choice||switch 6
|
|switch|p2a: Slowbro|Slowbro, L79|312\/312
|turn|3
|choice|move 4|move 4
|
|move|p1a: Marowak|Body Slam|p2a: Slowbro
|-crit|p2a: Slowbro
|-damage|p2a: Slowbro|202\/312
|-status|p2a: Slowbro|par
|move|p2a: Slowbro|Surf|p1a: Marowak
|-supereffective|p1a: Marowak
|-damage|p1a: Marowak|0 fnt
|faint|p1a: Marowak
|choice|switch 5|
|
|switch|p1a: Tangela|Tangela, L85|284\/284
|turn|4
|choice|move 3|switch 3
|
|switch|p2a: Flareon|Flareon, L90|300\/300
|move|p1a: Tangela|Mega Drain|p2a: Flareon
|-crit|p2a: Flareon
|-resisted|p2a: Flareon
|-damage|p2a: Flareon|263\/300
|
|turn|5
|choice|switch 4|move 2
|
|switch|p1a: Slowbro|Slowbro, L79|312\/312
|move|p2a: Flareon|Fire Blast|p1a: Slowbro|[miss]
|-miss|p2a: Flareon
|
|turn|6
|choice|move 2|move 1
|
|move|p2a: Flareon|Body Slam|p1a: Slowbro
|-damage|p1a: Slowbro|234\/312
|move|p1a: Slowbro|Surf|p2a: Flareon
|-supereffective|p2a: Flareon
|-damage|p2a: Flareon|131\/300
|
|turn|7
|choice|move 2|move 1
|
|move|p2a: Flareon|Body Slam|p1a: Slowbro
|-damage|p1a: Slowbro|155\/312
|move|p1a: Slowbro|Surf|p2a: Flareon
|-supereffective|p2a: Flareon
|-damage|p2a: Flareon|12\/300
|
|turn|8
|choice|move 2|move 3
|
|move|p2a: Flareon|Hyper Beam|p1a: Slowbro
|-damage|p1a: Slowbro|31\/312
|move|p1a: Slowbro|Surf|p2a: Flareon
|-supereffective|p2a: Flareon
|-damage|p2a: Flareon|0 fnt
|faint|p2a: Flareon
|choice||switch 2
|
|switch|p2a: Primeape|Primeape, L90|300\/300
|turn|9
|choice|move 2|move 4
|
|move|p2a: Primeape|Body Slam|p1a: Slowbro
|-damage|p1a: Slowbro|0 fnt
|faint|p1a: Slowbro
|choice|switch 6|
|
|switch|p1a: Arbok|Arbok, L90|291\/291
|turn|10
|choice|move 1|move 4
|
|move|p2a: Primeape|Body Slam|p1a: Arbok
|-damage|p1a: Arbok|216\/291
|move|p1a: Arbok|Earthquake|p2a: Primeape
|-damage|p2a: Primeape|218\/300
|
|turn|11
|choice|move 3|move 4
|
|move|p2a: Primeape|Body Slam|p1a: Arbok
|-damage|p1a: Arbok|141\/291
|move|p1a: Arbok|Glare|p2a: Primeape
|-status|p2a: Primeape|par
|
|turn|12
|choice|move 2|move 1
|
|move|p1a: Arbok|Body Slam|p2a: Primeape
|-damage|p2a: Primeape|147\/300 par
|move|p2a: Primeape|Hyper Beam|p1a: Arbok
|-damage|p1a: Arbok|0 fnt
|faint|p1a: Arbok
|choice|switch 3|
|
|switch|p1a: Hitmonlee|Hitmonlee, L90|273\/273
|turn|13
|choice|move 4|move 4
|
|move|p1a: Hitmonlee|Body Slam|p2a: Primeape
|-damage|p2a: Primeape|55\/300 par
|cant|p2a: Primeape|par
|
|turn|14
|choice|move 4|move 1
|
|move|p1a: Hitmonlee|Body Slam|p2a: Primeape
|-crit|p2a: Primeape
|-damage|p2a: Primeape|0 fnt
|faint|p2a: Primeape
|choice||switch 3
|
|switch|p2a: Slowbro|Slowbro, L79|202\/312 par
|turn|15
|choice|move 4|move 2
|
|move|p1a: Hitmonlee|Body Slam|p2a: Slowbro
|-damage|p2a: Slowbro|130\/312 par
|cant|p2a: Slowbro|par
|
|turn|16
|choice|move 4|move 3
|
|move|p1a: Hitmonlee|Body Slam|p2a: Slowbro
|-damage|p2a: Slowbro|58\/312 par
|move|p2a: Slowbro|Rest|p2a: Slowbro
|-status|p2a: Slowbro|slp
|-heal|p2a: Slowbro|312\/312 slp|[silent]
|-status|p2a: Slowbro|slp|[from] move: Rest
|
|turn|17
|choice|move 4|switch 4
|
|switch|p2a: Hitmonchan|Hitmonchan, L90|273\/273
|move|p1a: Hitmonlee|Body Slam|p2a: Hitmonchan
|-crit|p2a: Hitmonchan
|-damage|p2a: Hitmonchan|120\/273
|
|turn|18
|choice|move 4|move 2
|
|move|p1a: Hitmonlee|Body Slam|p2a: Hitmonchan
|-crit|p2a: Hitmonchan
|-damage|p2a: Hitmonchan|0 fnt
|faint|p2a: Hitmonchan
|choice||switch 5
|
|switch|p2a: Porygon|Porygon, L85|284\/284
|turn|19
|choice|move 2|move 4
|
|move|p1a: Hitmonlee|Seismic Toss|p2a: Porygon
|-damage|p2a: Porygon|194\/284
|move|p2a: Porygon|Thunder Wave|p1a: Hitmonlee
|-status|p1a: Hitmonlee|par
|
|turn|20
|choice|move 2|move 3
|
|move|p2a: Porygon|Psychic|p1a: Hitmonlee
|-supereffective|p1a: Hitmonlee
|-damage|p1a: Hitmonlee|94\/273 par
|move|p1a: Hitmonlee|Seismic Toss|p2a: Porygon
|-damage|p2a: Porygon|104\/284
|
|turn|21
|choice|move 4|move 1
|
|move|p2a: Porygon|Recover|p2a: Porygon
|-heal|p2a: Porygon|246\/284
|move|p1a: Hitmonlee|Body Slam|p2a: Porygon
|-damage|p2a: Porygon|159\/284
|
|turn|22
|choice|move 4|move 3
|
|move|p2a: Porygon|Psychic|p1a: Hitmonlee
|-supereffective|p1a: Hitmonlee
|-damage|p1a: Hitmonlee|0 fnt
|faint|p1a: Hitmonlee
|choice|switch 2|
|
|switch|p1a: Kangaskhan|Kangaskhan, L85|352\/352
|turn|23
|choice|move 2|move 4
|
|move|p1a: Kangaskhan|Body Slam|p2a: Porygon
|-damage|p2a: Porygon|52\/284
|move|p2a: Porygon|Thunder Wave|p1a: Kangaskhan
|-status|p1a: Kangaskhan|par
|
|turn|24
|choice|move 1|move 2
|
|move|p2a: Porygon|Hyper Beam|p1a: Kangaskhan|[miss]
|-miss|p2a: Porygon
|cant|p1a: Kangaskhan|par
|
|turn|25
|choice|move 1|move 1
|
|move|p2a: Porygon|Recover|p2a: Porygon
|-heal|p2a: Porygon|194\/284
|cant|p1a: Kangaskhan|par
|
|turn|26
|choice|move 1|move 3
|
|move|p2a: Porygon|Psychic|p1a: Kangaskhan
|-damage|p1a: Kangaskhan|269\/352 par
|move|p1a: Kangaskhan|Earthquake|p2a: Porygon
|-damage|p2a: Porygon|107\/284
|
|turn|27
|choice|move 2|move 1
|
|move|p2a: Porygon|Recover|p2a: Porygon
|-heal|p2a: Porygon|249\/284
|cant|p1a: Kangaskhan|par
|
|turn|28
|choice|move 2|move 3
|
|move|p2a: Porygon|Psychic|p1a: Kangaskhan
|-damage|p1a: Kangaskhan|190\/352 par
|move|p1a: Kangaskhan|Body Slam|p2a: Porygon
|-crit|p2a: Porygon
|-damage|p2a: Porygon|35\/284
|
|turn|29
|choice|move 4|move 2
|
|move|p2a: Porygon|Hyper Beam|p1a: Kangaskhan
|-damage|p1a: Kangaskhan|61\/352 par
|move|p1a: Kangaskhan|Hyper Beam|p2a: Porygon
|-damage|p2a: Porygon|0 fnt
|faint|p2a: Porygon
|choice||switch 4
|
|switch|p2a: Slowbro|Slowbro, L79|312\/312 slp
|turn|30
|choice|move 2|move 2
|
|cant|p2a: Slowbro|slp
|move|p1a: Kangaskhan|Body Slam|p2a: Slowbro
|-damage|p2a: Slowbro|223\/312 slp
|
|turn|31
|choice|move 2|move 1
|
|-curestatus|p2a: Slowbro|slp
|move|p1a: Kangaskhan|Body Slam|p2a: Slowbro
|-damage|p2a: Slowbro|144\/312
|
|turn|32
|choice|move 2|move 1
|
|move|p2a: Slowbro|Amnesia|p2a: Slowbro
|-boost|p2a: Slowbro|spd|2
|-boost|p2a: Slowbro|spa|2
|move|p1a: Kangaskhan|Body Slam|p2a: Slowbro
|-damage|p2a: Slowbro|65\/312
|
|turn|33
|choice|move 2|move 3
|
|move|p2a: Slowbro|Rest|p2a: Slowbro
|-status|p2a: Slowbro|slp
|-heal|p2a: Slowbro|312\/312 slp|[silent]
|-status|p2a: Slowbro|slp|[from] move: Rest
|cant|p1a: Kangaskhan|par
|
|turn|34
|choice|move 2|move 2
|
|cant|p2a: Slowbro|slp
|cant|p1a: Kangaskhan|par
|
|turn|35
|choice|move 2|move 2
|
|-curestatus|p2a: Slowbro|slp
|move|p1a: Kangaskhan|Body Slam|p2a: Slowbro
|-crit|p2a: Slowbro
|-damage|p2a: Slowbro|146\/312
|
|turn|36
|choice|move 2|move 1
|
|move|p2a: Slowbro|Amnesia|p2a: Slowbro
|-boost|p2a: Slowbro|spd|2
|-boost|p2a: Slowbro|spa|2
|move|p1a: Kangaskhan|Body Slam|p2a: Slowbro
|-damage|p2a: Slowbro|57\/312
|
|turn|37
|choice|move 2|move 3
|
|move|p2a: Slowbro|Rest|p2a: Slowbro
|-fail|p2a: Slowbro
|move|p1a: Kangaskhan|Body Slam|p2a: Slowbro
|-damage|p2a: Slowbro|0 fnt
|faint|p2a: Slowbro
|
|win|ineedmygirlkat
|raw|ineedmygirlkat's rating: 1029 &rarr; <strong>1079<\/strong><br \/>(+50 for winning)
|raw|hfeath's rating: 1172 &rarr; <strong>1137<\/strong><br \/>(-35 for losing)
|c|★hfeath|oh?
|l|ineedmygirlkat
|player|p1