|join|Dervodel
|join|Alfredosalza
|player|p1|Dervodel|170
|player|p2|Alfredosalza|48
|gametype|singles
|gen|1
|tier|[Gen 1] Random Battle
|rated
|rule|Sleep Clause Mod: Limit one foe put to sleep
|rule|Freeze Clause Mod: Limit one foe frozen
|rule|HP Percentage Mod: HP is shown in percentages
|
|start
|switch|p1a: Venonat|Venonat, L96|310\/310
|switch|p2a: Wartortle|Wartortle, L85|274\/274
|turn|1
|
|switch|p2a: Parasect|Parasect, L90|291\/291
|move|p1a: Venonat|Sleep Powder|p2a: Parasect|[miss]
|-miss|p1a: Venonat
|
|turn|2
|
|move|p1a: Venonat|Sleep Powder|p2a: Parasect|[miss]
|-miss|p1a: Venonat
|move|p2a: Parasect|Body Slam|p1a: Venonat
|-damage|p1a: Venonat|223\/310
|-status|p1a: Venonat|par
|
|turn|3
|
|move|p2a: Parasect|Double-Edge|p1a: Venonat
|-damage|p1a: Venonat|122\/310 par
|-damage|p2a: Parasect|266\/291|[from] recoil|[of] p1a: Venonat
|move|p1a: Venonat|Sleep Powder|p2a: Parasect
|-status|p2a: Parasect|slp
|
|turn|4
|
|switch|p1a: Snorlax|Snorlax, L79|415\/415
|cant|p2a: Parasect|slp
|
|turn|5
|
|switch|p2a: Zubat|Zubat, L96|272\/272
|move|p1a: Snorlax|Amnesia|p1a: Snorlax
|-boost|p1a: Snorlax|spd|2
|-boost|p1a: Snorlax|spa|2
|
|turn|6
|
|move|p2a: Zubat|Confuse Ray|p1a: Snorlax
|-start|p1a: Snorlax|confusion
|-activate|p1a: Snorlax|confusion
|-damage|p1a: Snorlax|377\/415|[from] confusion
|
|turn|7
|
|switch|p2a: Wartortle|Wartortle, L85|274\/274
|-activate|p1a: Snorlax|confusion
|-damage|p1a: Snorlax|339\/415|[from] confusion
|
|turn|8
|
|move|p2a: Wartortle|Blizzard|p1a: Snorlax
|-damage|p1a: Snorlax|295\/415
|-activate|p1a: Snorlax|confusion
|-damage|p1a: Snorlax|257\/415|[from] confusion
|
|turn|9
|
|move|p2a: Wartortle|Blizzard|p1a: Snorlax
|-damage|p1a: Snorlax|216\/415
|-status|p1a: Snorlax|frz
|cant|p1a: Snorlax|frz
|
|turn|10
|
|switch|p2a: Parasect|Parasect, L90|266\/291 slp
|switch|p1a: Seaking|Seaking, L90|327\/327
|
|turn|11
|
|move|p1a: Seaking|Double-Edge|p2a: Parasect
|-damage|p2a: Parasect|183\/291 slp
|-damage|p1a: Seaking|307\/327|[from] recoil|[of] p2a: Parasect
|-curestatus|p2a: Parasect|slp
|
|turn|12
|
|move|p1a: Seaking|Blizzard|p2a: Parasect
|-supereffective|p2a: Parasect
|-damage|p2a: Parasect|6\/291
|move|p2a: Parasect|Body Slam|p1a: Seaking
|-damage|p1a: Seaking|225\/327
|
|turn|13
|
|move|p1a: Seaking|Double-Edge|p2a: Parasect
|-damage|p2a: Parasect|0 fnt
|-damage|p1a: Seaking|224\/327|[from] recoil|[of] p2a: Parasect
|faint|p2a: Parasect
|
|switch|p2a: Persian|Persian, L79|265\/265
|turn|14
|
|switch|p1a: Geodude|Geodude, L96|272\/272
|move|p2a: Persian|Body Slam|p1a: Geodude
|-resisted|p1a: Geodude
|-damage|p1a: Geodude|245\/272
|
|turn|15
|
|move|p2a: Persian|Bubble Beam|p1a: Geodude
|-supereffective|p1a: Geodude
|-damage|p1a: Geodude|33\/272
|move|p1a: Geodude|Rock Slide|p2a: Persian
|-damage|p2a: Persian|152\/265
|
|turn|16
|
|switch|p1a: Seaking|Seaking, L90|224\/327
|move|p2a: Persian|Bubble Beam|p1a: Seaking
|-crit|p1a: Seaking
|-resisted|p1a: Seaking
|-damage|p1a: Seaking|192\/327
|
|turn|17
|
|move|p2a: Persian|Body Slam|p1a: Seaking
|-damage|p1a: Seaking|122\/327
|-status|p1a: Seaking|par
|move|p1a: Seaking|Hyper Beam|p2a: Persian
|-damage|p2a: Persian|0 fnt
|faint|p2a: Persian
|
|switch|p2a: Zubat|Zubat, L96|272\/272
|turn|18
|
|switch|p1a: Butterfree|Butterfree, L90|291\/291
|move|p2a: Zubat|Confuse Ray|p1a: Butterfree
|-start|p1a: Butterfree|confusion
|
|turn|19
|
|-activate|p1a: Butterfree|confusion
|-damage|p1a: Butterfree|261\/291|[from] confusion
|move|p2a: Zubat|Leech Life|p1a: Butterfree
|-resisted|p1a: Butterfree
|-damage|p1a: Butterfree|254\/291
|
|turn|20
|
|-end|p1a: Butterfree|confusion
|move|p1a: Butterfree|Psychic|p2a: Zubat
|-crit|p2a: Zubat
|-supereffective|p2a: Zubat
|-damage|p2a: Zubat|0 fnt
|faint|p2a: Zubat
|
|switch|p2a: Charmeleon|Charmeleon, L85|272\/272
|turn|21
|
|switch|p1a: Snorlax|Snorlax, L79|216\/415 frz
|move|p2a: Charmeleon|Swords Dance|p2a: Charmeleon
|-boost|p2a: Charmeleon|atk|2
|
|turn|22
|
|switch|p1a: Primeape|Primeape, L90|300\/300
|move|p2a: Charmeleon|Swords Dance|p2a: Charmeleon
|-boost|p2a: Charmeleon|atk|2
|
|turn|23
|
|move|p1a: Primeape|Rock Slide|p2a: Charmeleon|[miss]
|-miss|p1a: Primeape
|move|p2a: Charmeleon|Body Slam|p1a: Primeape
|-damage|p1a: Primeape|146\/300
|
|turn|24
|
|move|p1a: Primeape|Rock Slide|p2a: Charmeleon
|-supereffective|p2a: Charmeleon
|-damage|p2a: Charmeleon|103\/272
|move|p2a: Charmeleon|Body Slam|p1a: Primeape
|-crit|p1a: Primeape
|-damage|p1a: Primeape|37\/300
|
|turn|25
|
|move|p1a: Primeape|Rock Slide|p2a: Charmeleon
|-crit|p2a: Charmeleon
|-supereffective|p2a: Charmeleon
|-damage|p2a: Charmeleon|0 fnt
|faint|p2a: Charmeleon
|
|switch|p2a: Wartortle|Wartortle, L85|274\/274
|turn|26
|
|move|p1a: Primeape|Hyper Beam|p2a: Wartortle
|-damage|p2a: Wartortle|131\/274
|move|p2a: Wartortle|Blizzard|p1a: Primeape
|-crit|p1a: Primeape
|-damage|p1a: Primeape|0 fnt
|faint|p1a: Primeape
|
|switch|p1a: Seaking|Seaking, L90|122\/327 par
|turn|27
|
|move|p2a: Wartortle|Hydro Pump|p1a: Seaking
|-resisted|p1a: Seaking
|-damage|p1a: Seaking|69\/327 par
|move|p1a: Seaking|Hyper Beam|p2a: Wartortle
|-damage|p2a: Wartortle|7\/274
|
|turn|28
|-mustrecharge|p1a: Seaking
|-mustrecharge|p1a: Seaking
|
|move|p2a: Wartortle|Rest|p2a: Wartortle
|-status|p2a: Wartortle|slp
|-heal|p2a: Wartortle|274\/274 slp|[silent]
|-status|p2a: Wartortle|slp|[from] move: Rest
|cant|p1a: Seaking|recharge
|
|turn|29
|
|switch|p1a: Butterfree|Butterfree, L90|254\/291
|cant|p2a: Wartortle|slp
|
|turn|30
|
|move|p1a: Butterfree|Mega Drain|p2a: Wartortle
|-supereffective|p2a: Wartortle
|-damage|p2a: Wartortle|204\/274 slp
|-heal|p1a: Butterfree|289\/291|[from] drain|[of] p2a: Wartortle
|-curestatus|p2a: Wartortle|slp
|
|turn|31
|
|move|p1a: Butterfree|Sleep Powder|p2a: Wartortle
|-status|p2a: Wartortle|slp
|cant|p2a: Wartortle|slp
|
|turn|32
|
|move|p1a: Butterfree|Psychic|p2a: Wartortle
|-crit|p2a: Wartortle
|-damage|p2a: Wartortle|66\/274 slp
|-unboost|p2a: Wartortle|spd|1
|-unboost|p2a: Wartortle|spa|1
|-curestatus|p2a: Wartortle|slp
|
|turn|33
|
|move|p1a: Butterfree|Mega Drain|p2a: Wartortle
|-crit|p2a: Wartortle
|-supereffective|p2a: Wartortle
|-damage|p2a: Wartortle|0 fnt
|-heal|p1a: Butterfree|291\/291|[from] drain|[of] p2a: Wartortle
|faint|p2a: Wartortle
|
|switch|p2a: Alakazam|Alakazam, L79|249\/249
|turn|34
|c|★Dervodel|oh damn
|
|move|p2a: Alakazam|Thunder Wave|p1a: Butterfree
|-status|p1a: Butterfree|par
|move|p1a: Butterfree|Sleep Powder|p2a: Alakazam
|-status|p2a: Alakazam|slp
|
|turn|35
|
|switch|p1a: Geodude|Geodude, L96|33\/272
|cant|p2a: Alakazam|slp
|
|turn|36
|
|cant|p2a: Alakazam|slp
|move|p1a: Geodude|Earthquake|p2a: Alakazam
|-damage|p2a: Alakazam|71\/249 slp
|
|turn|37
|
|cant|p2a: Alakazam|slp
|move|p1a: Geodude|Earthquake|p2a: Alakazam
|-damage|p2a: Alakazam|0 fnt
|faint|p2a: Alakazam
|
|win|Dervodel
|leave|Alfredosalza
|player|p2
|raw|Dervodel's rating: 1338 &rarr; <strong>1357<\/strong><br \/>(+19 for winning)
|raw|Alfredosalza's rating: 1314 &rarr; <strong>1295<\/strong><br \/>(-19 for losing)
|c|★Dervodel|gg