|join|MALESANI
|join|AlexanderAzure
|player|p1|MALESANI|238
|player|p2|AlexanderAzure|238
|gametype|singles
|gen|1
|tier|[Gen 1] Random Battle
|rated
|seed|47086,11839,19372,39073
|rule|Sleep Clause Mod: Limit one foe put to sleep
|rule|Freeze Clause Mod: Limit one foe frozen
|rule|HP Percentage Mod: HP is shown in percentages
|
|start
|switch|p1a: Slowpoke|Slowpoke, L96|368\/368
|switch|p2a: Jolteon|Jolteon, L79|265\/265
|turn|1
|choice|switch 6|move 1
|
|switch|p1a: Rhydon|Rhydon, L79|328\/328
|move|p2a: Jolteon|Thunderbolt|p1a: Rhydon
|-immune|p1a: Rhydon|[msg]
|
|turn|2
|choice|move 1|move 2
|
|move|p2a: Jolteon|Double Kick|p1a: Rhydon
|-supereffective|p1a: Rhydon
|-damage|p1a: Rhydon|299\/328
|-damage|p1a: Rhydon|270\/328
|-hitcount|p1a: Rhydon|2
|move|p1a: Rhydon|Rock Slide|p2a: Jolteon
|-damage|p2a: Jolteon|154\/265
|
|turn|3
|choice|move 4|switch 4
|
|switch|p2a: Starmie|Starmie, L79|257\/257
|move|p1a: Rhydon|Earthquake|p2a: Starmie
|-damage|p2a: Starmie|132\/257
|
|turn|4
|choice|switch 4|move 2
|
|switch|p1a: Weezing|Weezing, L90|300\/300
|move|p2a: Starmie|Surf|p1a: Weezing
|-damage|p1a: Weezing|209\/300
|
|turn|5
|choice|move 3|move 4
|
|move|p2a: Starmie|Blizzard|p1a: Weezing
|-damage|p1a: Weezing|137\/300
|move|p1a: Weezing|Thunderbolt|p2a: Starmie
|-supereffective|p2a: Starmie
|-damage|p2a: Starmie|0 fnt
|faint|p2a: Starmie
|choice||switch 5
|
|switch|p2a: Rhydon|Rhydon, L79|328\/328
|turn|6
|choice|move 2|move 2
|
|move|p1a: Weezing|Fire Blast|p2a: Rhydon|[miss]
|-miss|p1a: Weezing
|move|p2a: Rhydon|Rock Slide|p1a: Weezing
|-damage|p1a: Weezing|73\/300
|
|turn|7
|choice|move 2|move 3
|
|move|p1a: Weezing|Fire Blast|p2a: Rhydon
|-resisted|p2a: Rhydon
|-damage|p2a: Rhydon|259\/328
|move|p2a: Rhydon|Body Slam|p1a: Weezing
|-damage|p1a: Weezing|22\/300
|
|turn|8
|choice|move 2|move 2
|
|move|p1a: Weezing|Fire Blast|p2a: Rhydon
|-resisted|p2a: Rhydon
|-damage|p2a: Rhydon|186\/328
|move|p2a: Rhydon|Rock Slide|p1a: Weezing
|-damage|p1a: Weezing|0 fnt
|faint|p1a: Weezing
|choice|switch 2|
|
|switch|p1a: Alakazam|Alakazam, L79|249\/249
|turn|9
|choice|move 1|move 4
|
|move|p1a: Alakazam|Psychic|p2a: Rhydon
|-damage|p2a: Rhydon|17\/328
|-unboost|p2a: Rhydon|spd|1
|-unboost|p2a: Rhydon|spa|1
|move|p2a: Rhydon|Earthquake|p1a: Alakazam
|-damage|p1a: Alakazam|63\/249
|
|turn|10
|choice|move 2|move 4
|
|move|p1a: Alakazam|Seismic Toss|p2a: Rhydon
|-damage|p2a: Rhydon|0 fnt
|faint|p2a: Rhydon
|choice||switch 6
|
|switch|p2a: Rapidash|Rapidash, L90|300\/300
|turn|11
|choice|switch 6|move 1
|
|switch|p1a: Slowpoke|Slowpoke, L96|368\/368
|move|p2a: Rapidash|Fire Blast|p1a: Slowpoke|[miss]
|-miss|p2a: Rapidash
|
|turn|12
|choice|move 4|switch 2
|
|switch|p2a: Pikachu|Pikachu, L96|262\/262
|move|p1a: Slowpoke|Thunder Wave|p2a: Pikachu
|-status|p2a: Pikachu|par
|
|turn|13
|choice|switch 3|move 3
|
|switch|p1a: Pidgey|Pidgey, L96|272\/272
|move|p2a: Pikachu|Thunderbolt|p1a: Pidgey
|-supereffective|p1a: Pidgey
|-damage|p1a: Pidgey|27\/272
|
|turn|14
|choice|move 1|move 2
|
|move|p1a: Pidgey|Double-Edge|p2a: Pikachu
|-damage|p2a: Pikachu|117\/262 par
|-damage|p1a: Pidgey|0 fnt|[from] recoil|[of] p2a: Pikachu
|faint|p1a: Pidgey
|choice|switch 4|
|
|switch|p1a: Rhydon|Rhydon, L79|270\/328
|turn|15
|choice|move 4|move 2
|
|move|p1a: Rhydon|Earthquake|p2a: Pikachu
|-supereffective|p2a: Pikachu
|-damage|p2a: Pikachu|0 fnt
|faint|p2a: Pikachu
|choice||switch 3
|
|switch|p2a: Exeggutor|Exeggutor, L79|312\/312
|turn|16
|choice|switch 6|move 1
|
|switch|p1a: Alakazam|Alakazam, L79|63\/249
|move|p2a: Exeggutor|Sleep Powder|p1a: Alakazam
|-status|p1a: Alakazam|slp
|
|turn|17
|choice|switch 5|move 2
|
|switch|p1a: Ninetales|Ninetales, L85|298\/298
|move|p2a: Exeggutor|Egg Bomb|p1a: Ninetales|[miss]
|-miss|p2a: Exeggutor
|
|turn|18
|choice|move 1|move 4
|
|move|p1a: Ninetales|Fire Blast|p2a: Exeggutor|[miss]
|-miss|p1a: Ninetales
|move|p2a: Exeggutor|Explosion|p1a: Ninetales
|-damage|p1a: Ninetales|65\/298
|faint|p2a: Exeggutor
|choice||switch 4
|
|switch|p2a: Jolteon|Jolteon, L79|154\/265
|turn|19
|choice|switch 6|move 1
|
|switch|p1a: Rhydon|Rhydon, L79|270\/328
|move|p2a: Jolteon|Thunderbolt|p1a: Rhydon
|-immune|p1a: Rhydon|[msg]
|
|turn|20
|choice|move 4|move 2
|
|move|p2a: Jolteon|Double Kick|p1a: Rhydon
|-crit|p1a: Rhydon
|-supereffective|p1a: Rhydon
|-damage|p1a: Rhydon|220\/328
|-damage|p1a: Rhydon|170\/328
|-hitcount|p1a: Rhydon|2
|move|p1a: Rhydon|Earthquake|p2a: Jolteon
|-supereffective|p2a: Jolteon
|-damage|p2a: Jolteon|0 fnt
|faint|p2a: Jolteon
|choice||switch 2
|
|switch|p2a: Rapidash|Rapidash, L90|300\/300
|turn|21
|choice|switch 5|move 2
|
|switch|p1a: Alakazam|Alakazam, L79|63\/249 slp
|move|p2a: Rapidash|Body Slam|p1a: Alakazam|[miss]
|-miss|p2a: Rapidash
|
|turn|22
|choice|move 3|move 1
|
|move|p2a: Rapidash|Fire Blast|p1a: Alakazam
|-crit|p1a: Alakazam
|-damage|p1a: Alakazam|0 fnt
|faint|p1a: Alakazam
|choice|switch 6|
|
|switch|p1a: Ninetales|Ninetales, L85|65\/298
|turn|23
|choice|move 2|move 1
|
|move|p2a: Rapidash|Fire Blast|p1a: Ninetales
|-crit|p1a: Ninetales
|-resisted|p1a: Ninetales
|-damage|p1a: Ninetales|0 fnt
|faint|p1a: Ninetales
|choice|switch 3|
|
|switch|p1a: Slowpoke|Slowpoke, L96|368\/368
|turn|24
|choice|move 4|move 2
|
|move|p2a: Rapidash|Body Slam|p1a: Slowpoke
|-damage|p1a: Slowpoke|295\/368
|move|p1a: Slowpoke|Thunder Wave|p2a: Rapidash
|-status|p2a: Rapidash|par
|
|turn|25
|choice|move 3|move 2
|
|move|p1a: Slowpoke|Amnesia|p1a: Slowpoke
|-boost|p1a: Slowpoke|spd|2
|-boost|p1a: Slowpoke|spa|2
|cant|p2a: Rapidash|par
|
|turn|26
|choice|move 1|move 3
|
|move|p1a: Slowpoke|Surf|p2a: Rapidash
|-supereffective|p2a: Rapidash
|-damage|p2a: Rapidash|0 fnt
|faint|p2a: Rapidash
|
|win|MALESANI
|raw|MALESANI's rating: 1330 &rarr; <strong>1336<\/strong><br \/>(+6 for winning)
|raw|AlexanderAzure's rating: 1040 &rarr; <strong>1035<\/strong><br \/>(-5 for losing)