|join|XianJu
|join|Inside My ASS
|player|p1|XianJu|130
|player|p2|Inside My ASS|21
|gametype|singles
|gen|1
|tier|[Gen 1] Random Battle
|rated
|rule|Sleep Clause Mod: Limit one foe put to sleep
|rule|Freeze Clause Mod: Limit one foe frozen
|rule|HP Percentage Mod: HP is shown in percentages
|
|start
|switch|p1a: Cubone|Cubone, L96|291\/291
|switch|p2a: Metapod|Metapod, L99|300\/300
|turn|1
|c|★Inside My ASS|i made weakn american quit http:\/\/replay.pokemonshowdown.com\/gen1randombattle-279389068
|
|move|p1a: Cubone|Body Slam|p2a: Metapod
|-damage|p2a: Metapod|242\/300
|move|p2a: Metapod|Tackle|p1a: Cubone
|-crit|p1a: Cubone
|-damage|p1a: Cubone|264\/291
|
|turn|2
|c|★XianJu|impressive
|c|★Inside My ASS|i work out
|
|move|p1a: Cubone|Earthquake|p2a: Metapod
|-resisted|p2a: Metapod
|-damage|p2a: Metapod|188\/300
|move|p2a: Metapod|Tackle|p1a: Cubone
|-crit|p1a: Cubone
|-damage|p1a: Cubone|239\/291
|
|turn|3
|c|★Inside My ASS|unlike lazy american
|
|move|p1a: Cubone|Seismic Toss|p2a: Metapod
|-damage|p2a: Metapod|92\/300
|move|p2a: Metapod|Harden|p2a: Metapod
|-boost|p2a: Metapod|def|1
|
|turn|4
|
|move|p1a: Cubone|Seismic Toss|p2a: Metapod
|-damage|p2a: Metapod|0 fnt
|faint|p2a: Metapod
|c|★Inside My ASS|who eat burger and fry
|c|★XianJu|hh good for you
|
|switch|p2a: Starmie|Starmie, L79|257\/257
|turn|5
|c|★Inside My ASS|always eat and drink
|c|★Inside My ASS|so lazy
|
|switch|p1a: Cloyster|Cloyster, L83|253\/253
|move|p2a: Starmie|Surf|p1a: Cloyster
|-resisted|p1a: Cloyster
|-damage|p1a: Cloyster|209\/253
|
|turn|6
|
|move|p2a: Starmie|Thunderbolt|p1a: Cloyster
|-supereffective|p1a: Cloyster
|-damage|p1a: Cloyster|85\/253
|move|p1a: Cloyster|Toxic|p2a: Starmie
|-status|p2a: Starmie|tox
|
|turn|7
|
|move|p2a: Starmie|Thunderbolt|p1a: Cloyster
|-supereffective|p1a: Cloyster
|-damage|p1a: Cloyster|0 fnt
|faint|p1a: Cloyster
|c|★Inside My ASS|russia always win
|
|switch|p1a: Porygon|Porygon, L85|284\/284
|turn|8
|
|switch|p2a: Marowak|Marowak, L90|291\/291
|move|p1a: Porygon|Thunderbolt|p2a: Marowak
|-immune|p2a: Marowak|[msg]
|
|turn|9
|c|★Inside My ASS|russia knows what tricks u try
|c|★Inside My ASS|they will not work
|
|move|p2a: Marowak|Earthquake|p1a: Porygon
|-damage|p1a: Porygon|156\/284
|move|p1a: Porygon|Ice Beam|p2a: Marowak
|-supereffective|p2a: Marowak
|-damage|p2a: Marowak|129\/291
|
|turn|10
|
|move|p2a: Marowak|Earthquake|p1a: Porygon
|-damage|p1a: Porygon|40\/284
|move|p1a: Porygon|Ice Beam|p2a: Marowak
|-supereffective|p2a: Marowak
|-damage|p2a: Marowak|0 fnt
|faint|p2a: Marowak
|
|switch|p2a: Seadra|Seadra, L90|282\/282
|turn|11
|c|★Inside My ASS|lol
|
|move|p2a: Seadra|Surf|p1a: Porygon
|-damage|p1a: Porygon|0 fnt
|faint|p1a: Porygon
|
|switch|p1a: Drowzee|Drowzee, L96|310\/310
|turn|12
|
|move|p2a: Seadra|Smokescreen|p1a: Drowzee
|-unboost|p1a: Drowzee|accuracy|1
|move|p1a: Drowzee|Hypnosis|p2a: Seadra
|-status|p2a: Seadra|slp
|
|turn|13
|
|switch|p2a: Starmie|Starmie, L79|257\/257 tox
|-status|p2a: Starmie|psn
|-damage|p2a: Starmie|241\/257 psn|[from] psn
|switch|p1a: Scyther|Scyther, L90|309\/309
|
|turn|14
|
|move|p1a: Scyther|Slash|p2a: Starmie
|-crit|p2a: Starmie
|-damage|p2a: Starmie|101\/257 psn
|move|p2a: Starmie|Thunderbolt|p1a: Scyther
|-crit|p1a: Scyther
|-supereffective|p1a: Scyther
|-damage|p1a: Scyther|5\/309
|-damage|p2a: Starmie|85\/257 psn|[from] psn|[of] p1a: Scyther
|
|turn|15
|
|switch|p1a: Cubone|Cubone, L96|239\/291
|switch|p2a: Seadra|Seadra, L90|282\/282 slp
|
|turn|16
|c|★Inside My ASS|russia
|
|switch|p1a: Scyther|Scyther, L90|5\/309
|cant|p2a: Seadra|slp
|
|turn|17
|
|move|p1a: Scyther|Swords Dance|p1a: Scyther
|-boost|p1a: Scyther|atk|2
|cant|p2a: Seadra|slp
|
|turn|18
|
|move|p1a: Scyther|Slash|p2a: Seadra
|-crit|p2a: Seadra
|-damage|p2a: Seadra|169\/282 slp
|cant|p2a: Seadra|slp
|
|turn|19
|c|★Inside My ASS|lol
|
|move|p1a: Scyther|Slash|p2a: Seadra
|-crit|p2a: Seadra
|-damage|p2a: Seadra|61\/282 slp
|-curestatus|p2a: Seadra|slp
|
|turn|20
|
|move|p1a: Scyther|Slash|p2a: Seadra
|-crit|p2a: Seadra
|-damage|p2a: Seadra|0 fnt
|faint|p2a: Seadra
|
|switch|p2a: Electrode|Electrode, L90|291\/291
|turn|21
|
|switch|p2a: Starmie|Starmie, L79|85\/257 psn
|-damage|p2a: Starmie|69\/257 psn|[from] psn
|switch|p1a: Cubone|Cubone, L96|239\/291
|
|turn|22
|c|★Inside My ASS|russia knows
|
|switch|p1a: Drowzee|Drowzee, L96|310\/310
|move|p2a: Starmie|Recover|p2a: Starmie
|-heal|p2a: Starmie|197\/257 psn
|-damage|p2a: Starmie|181\/257 psn|[from] psn
|
|turn|23
|
|move|p2a: Starmie|Thunder Wave|p1a: Drowzee
|-status|p1a: Drowzee|par
|-damage|p2a: Starmie|165\/257 psn|[from] psn|[of] p1a: Drowzee
|cant|p1a: Drowzee|par
|
|turn|24
|
|move|p2a: Starmie|Recover|p2a: Starmie
|-heal|p2a: Starmie|257\/257 psn
|-damage|p2a: Starmie|241\/257 psn|[from] psn
|move|p1a: Drowzee|Hypnosis|p2a: Starmie
|-fail|p2a: Starmie
|
|turn|25
|
|move|p2a: Starmie|Surf|p1a: Drowzee
|-damage|p1a: Drowzee|230\/310 par
|-damage|p2a: Starmie|225\/257 psn|[from] psn|[of] p1a: Drowzee
|move|p1a: Drowzee|Psychic|p2a: Starmie
|-resisted|p2a: Starmie
|-damage|p2a: Starmie|171\/257 psn
|
|turn|26
|c|★Inside My ASS|game over america
|
|move|p2a: Starmie|Recover|p2a: Starmie
|-heal|p2a: Starmie|257\/257 psn
|-damage|p2a: Starmie|241\/257 psn|[from] psn
|move|p1a: Drowzee|Psychic|p2a: Starmie
|-resisted|p2a: Starmie
|-damage|p2a: Starmie|183\/257 psn
|
|turn|27
|
|move|p2a: Starmie|Surf|p1a: Drowzee
|-damage|p1a: Drowzee|153\/310 par
|-damage|p2a: Starmie|167\/257 psn|[from] psn|[of] p1a: Drowzee
|move|p1a: Drowzee|Psychic|p2a: Starmie
|-resisted|p2a: Starmie
|-damage|p2a: Starmie|112\/257 psn
|
|turn|28
|
|move|p2a: Starmie|Recover|p2a: Starmie
|-heal|p2a: Starmie|240\/257 psn
|-damage|p2a: Starmie|224\/257 psn|[from] psn
|move|p1a: Drowzee|Psychic|p2a: Starmie
|-resisted|p2a: Starmie
|-damage|p2a: Starmie|164\/257 psn
|
|turn|29
|
|move|p2a: Starmie|Recover|p2a: Starmie
|-heal|p2a: Starmie|257\/257 psn
|-damage|p2a: Starmie|241\/257 psn|[from] psn
|move|p1a: Drowzee|Counter|p2a: Starmie
|-fail|p1a: Drowzee
|
|turn|30
|
|move|p2a: Starmie|Surf|p1a: Drowzee
|-damage|p1a: Drowzee|74\/310 par
|-damage|p2a: Starmie|225\/257 psn|[from] psn|[of] p1a: Drowzee
|cant|p1a: Drowzee|par
|
|turn|31
|
|move|p2a: Starmie|Surf|p1a: Drowzee
|-damage|p1a: Drowzee|0 fnt
|faint|p1a: Drowzee
|
|switch|p1a: Scyther|Scyther, L90|5\/309
|turn|32
|
|move|p1a: Scyther|Slash|p2a: Starmie
|-crit|p2a: Starmie
|-damage|p2a: Starmie|101\/257 psn
|move|p2a: Starmie|Surf|p1a: Scyther
|-damage|p1a: Scyther|0 fnt
|faint|p1a: Scyther
|
|switch|p1a: Rapidash|Rapidash, L90|300\/300
|turn|33
|
|move|p1a: Rapidash|Growl|p2a: Starmie
|-unboost|p2a: Starmie|atk|1
|move|p2a: Starmie|Recover|p2a: Starmie
|-heal|p2a: Starmie|229\/257 psn
|-damage|p2a: Starmie|213\/257 psn|[from] psn
|
|turn|34
|
|move|p1a: Rapidash|Growl|p2a: Starmie
|-unboost|p2a: Starmie|atk|1
|move|p2a: Starmie|Recover|p2a: Starmie
|-heal|p2a: Starmie|257\/257 psn
|-damage|p2a: Starmie|241\/257 psn|[from] psn
|
|turn|35
|
|move|p1a: Rapidash|Growl|p2a: Starmie
|-unboost|p2a: Starmie|atk|1
|move|p2a: Starmie|Surf|p1a: Rapidash
|-crit|p1a: Rapidash
|-supereffective|p1a: Rapidash
|-damage|p1a: Rapidash|0 fnt
|faint|p1a: Rapidash
|c|★Inside My ASS|you are bad american
|
|switch|p1a: Cubone|Cubone, L96|239\/291
|turn|36
|c|★Inside My ASS|no  chance against mother russia
|
|move|p2a: Starmie|Surf|p1a: Cubone
|-crit|p1a: Cubone
|-supereffective|p1a: Cubone
|-damage|p1a: Cubone|0 fnt
|faint|p1a: Cubone
|
|win|Inside My ASS
|c|★Inside My ASS|russia>usa
||Ladder (probably) updated, but score could not be retrieved (Response not received).