|join|andrewandres
|join|junebug71
|player|p1|andrewandres|1
|player|p2|junebug71|265
|gametype|singles
|gen|1
|tier|[Gen 1] Random Battle
|rated
|rule|Sleep Clause Mod: Limit one foe put to sleep
|rule|Freeze Clause Mod: Limit one foe frozen
|rule|HP Percentage Mod: HP is shown in percentages
|
|start
|switch|p1a: Machamp|Machamp, L90|345\/345
|switch|p2a: Weedle|Weedle, L99|280\/280
|turn|1
|
|move|p2a: Weedle|Poison Sting|p1a: Machamp
|-damage|p1a: Machamp|333\/345
|-status|p1a: Machamp|psn
|move|p1a: Machamp|Body Slam|p2a: Weedle
|-damage|p2a: Weedle|156\/280
|-damage|p1a: Machamp|312\/345 psn|[from] psn|[of] p2a: Weedle
|
|turn|2
|
|move|p2a: Weedle|Poison Sting|p1a: Machamp
|-damage|p1a: Machamp|298\/345 psn
|move|p1a: Machamp|Body Slam|p2a: Weedle
|-damage|p2a: Weedle|25\/280
|-damage|p1a: Machamp|277\/345 psn|[from] psn|[of] p2a: Weedle
|
|turn|3
|
|move|p2a: Weedle|Poison Sting|p1a: Machamp
|-damage|p1a: Machamp|263\/345 psn
|move|p1a: Machamp|Body Slam|p2a: Weedle
|-damage|p2a: Weedle|0 fnt
|faint|p2a: Weedle
|
|switch|p2a: Hitmonlee|Hitmonlee, L90|273\/273
|turn|4
|
|move|p2a: Hitmonlee|High Jump Kick|p1a: Machamp
|-damage|p1a: Machamp|148\/345 psn
|move|p1a: Machamp|Earthquake|p2a: Hitmonlee
|-crit|p2a: Hitmonlee
|-damage|p2a: Hitmonlee|26\/273
|-damage|p1a: Machamp|127\/345 psn|[from] psn|[of] p2a: Hitmonlee
|
|turn|5
|
|move|p2a: Hitmonlee|High Jump Kick|p1a: Machamp|[miss]
|-miss|p2a: Hitmonlee
|-damage|p2a: Hitmonlee|25\/273
|move|p1a: Machamp|Body Slam|p2a: Hitmonlee
|-damage|p2a: Hitmonlee|0 fnt
|faint|p2a: Hitmonlee
|join|ReivajMaster
|leave|ReivajMaster
|join|Sagihime
|
|switch|p2a: Jynx|Jynx, L79|265\/265
|turn|6
|join|PABLOTAS
|
|move|p2a: Jynx|Psychic|p1a: Machamp
|-supereffective|p1a: Machamp
|-damage|p1a: Machamp|0 fnt
|faint|p1a: Machamp
|leave|PABLOTAS
|
|switch|p1a: Magmar|Magmar, L90|300\/300
|turn|7
|
|switch|p2a: Flareon|Flareon, L90|300\/300
|move|p1a: Magmar|Fire Blast|p2a: Flareon|[miss]
|-miss|p1a: Magmar
|
|turn|8
|
|switch|p1a: Seadra|Seadra, L90|282\/282
|move|p2a: Flareon|Body Slam|p1a: Seadra
|-damage|p1a: Seadra|210\/282
|
|turn|9
|
|switch|p2a: Starmie|Starmie, L79|257\/257
|move|p1a: Seadra|Hydro Pump|p2a: Starmie
|-crit|p2a: Starmie
|-resisted|p2a: Starmie
|-damage|p2a: Starmie|134\/257
|
|turn|10
|
|switch|p1a: Tangela|Tangela, L85|284\/284
|move|p2a: Starmie|Thunder Wave|p1a: Tangela
|-status|p1a: Tangela|par
|
|turn|11
|
|move|p2a: Starmie|Blizzard|p1a: Tangela
|-supereffective|p1a: Tangela
|-damage|p1a: Tangela|156\/284 par
|cant|p1a: Tangela|par
|
|turn|12
|
|switch|p2a: Wigglytuff|Wigglytuff, L90|435\/435
|move|p1a: Tangela|Sleep Powder|p2a: Wigglytuff|[miss]
|-miss|p1a: Tangela
|
|turn|13
|
|move|p2a: Wigglytuff|Hyper Beam|p1a: Tangela
|-damage|p1a: Tangela|27\/284 par
|move|p1a: Tangela|Sleep Powder|p2a: Wigglytuff
|-status|p2a: Wigglytuff|slp
|
|turn|14
|-mustrecharge|p2a: Wigglytuff
|-mustrecharge|p2a: Wigglytuff
|
|cant|p2a: Wigglytuff|recharge
|cant|p1a: Tangela|par
|
|turn|15
|
|switch|p2a: Flareon|Flareon, L90|300\/300
|switch|p1a: Golduck|Golduck, L85|310\/310
|
|turn|16
|
|switch|p2a: Jynx|Jynx, L79|265\/265
|move|p1a: Golduck|Amnesia|p1a: Golduck
|-boost|p1a: Golduck|spd|2
|-boost|p1a: Golduck|spa|2
|
|turn|17
|
|switch|p1a: Tangela|Tangela, L85|27\/284 par
|move|p2a: Jynx|Lovely Kiss|p1a: Tangela
|-fail|p1a: Tangela
|
|turn|18
|
|move|p2a: Jynx|Psychic|p1a: Tangela
|-damage|p1a: Tangela|0 fnt
|faint|p1a: Tangela
|
|switch|p1a: Seadra|Seadra, L90|210\/282
|turn|19
|
|move|p1a: Seadra|Hydro Pump|p2a: Jynx|[miss]
|-miss|p1a: Seadra
|move|p2a: Jynx|Lovely Kiss|p1a: Seadra
|-status|p1a: Seadra|slp
|
|turn|20
|c|★andrewandres|stupid lucker.. my god
|
|switch|p1a: Magmar|Magmar, L90|300\/300
|move|p2a: Jynx|Psychic|p1a: Magmar
|-damage|p1a: Magmar|222\/300
|
|turn|21
|
|switch|p2a: Flareon|Flareon, L90|300\/300
|move|p1a: Magmar|Fire Blast|p2a: Flareon
|-resisted|p2a: Flareon
|-damage|p2a: Flareon|249\/300
|
|turn|22
|c|★junebug71|you are terrrible
|
|move|p1a: Magmar|Confuse Ray|p2a: Flareon
|-start|p2a: Flareon|confusion
|-activate|p2a: Flareon|confusion
|move|p2a: Flareon|Body Slam|p1a: Magmar
|-damage|p1a: Magmar|114\/300
|
|turn|23
|
|move|p1a: Magmar|Hyper Beam|p2a: Flareon|[miss]
|-miss|p1a: Magmar
|-activate|p2a: Flareon|confusion
|-damage|p2a: Flareon|198\/300|[from] confusion
|
|turn|24
|c|★andrewandres|my god..
|
|move|p1a: Magmar|Mimic|p2a: Flareon
|-start|p1a: Magmar|Mimic|Fire Blast
|-end|p2a: Flareon|confusion
|move|p2a: Flareon|Body Slam|p1a: Magmar
|-damage|p1a: Magmar|8\/300
|-status|p1a: Magmar|par
|
|turn|25
|c|★junebug71|nice mimic hahahahahahaha
|
|move|p2a: Flareon|Body Slam|p1a: Magmar
|-crit|p1a: Magmar
|-damage|p1a: Magmar|0 fnt
|faint|p1a: Magmar
|c|★junebug71|soooooooooooooooooooooooooooooo bad
|c|★andrewandres|ssee the ladder
|c|★andrewandres|stupid XD
|
|switch|p1a: Golduck|Golduck, L85|310\/310
|turn|26
|c|★junebug71|you are so bad
|c|★junebug71|you wont be on top long
|c|★junebug71|you must have been playing really terrible people
|
|switch|p2a: Starmie|Starmie, L79|134\/257
|move|p1a: Golduck|Amnesia|p1a: Golduck
|-boost|p1a: Golduck|spd|2
|-boost|p1a: Golduck|spa|2
|
|turn|27
|
|move|p2a: Starmie|Thunderbolt|p1a: Golduck
|-supereffective|p1a: Golduck
|-damage|p1a: Golduck|249\/310
|move|p1a: Golduck|Blizzard|p2a: Starmie
|-resisted|p2a: Starmie
|-damage|p2a: Starmie|65\/257
|
|turn|28
|
|move|p2a: Starmie|Thunder Wave|p1a: Golduck
|-status|p1a: Golduck|par
|move|p1a: Golduck|Amnesia|p1a: Golduck
|-boost|p1a: Golduck|spd|2
|-boost|p1a: Golduck|spa|2
|
|turn|29
|
|move|p2a: Starmie|Recover|p2a: Starmie
|-heal|p2a: Starmie|193\/257
|move|p1a: Golduck|Blizzard|p2a: Starmie
|-resisted|p2a: Starmie
|-damage|p2a: Starmie|86\/257
|
|turn|30
|
|move|p2a: Starmie|Recover|p2a: Starmie
|-heal|p2a: Starmie|214\/257
|move|p1a: Golduck|Amnesia|p1a: Golduck
|-boost|p1a: Golduck|spd|2
|-boost|p1a: Golduck|spa|2
|
|turn|31
|
|move|p2a: Starmie|Thunderbolt|p1a: Golduck
|-supereffective|p1a: Golduck
|-damage|p1a: Golduck|218\/310 par
|move|p1a: Golduck|Ice Beam|p2a: Starmie
|-crit|p2a: Starmie
|-resisted|p2a: Starmie
|-damage|p2a: Starmie|161\/257
|
|turn|32
|
|move|p2a: Starmie|Thunderbolt|p1a: Golduck
|-supereffective|p1a: Golduck
|-damage|p1a: Golduck|188\/310 par
|move|p1a: Golduck|Ice Beam|p2a: Starmie
|-resisted|p2a: Starmie
|-damage|p2a: Starmie|44\/257
|
|turn|33
|
|move|p2a: Starmie|Recover|p2a: Starmie
|-heal|p2a: Starmie|172\/257
|move|p1a: Golduck|Ice Beam|p2a: Starmie
|-crit|p2a: Starmie
|-resisted|p2a: Starmie
|-damage|p2a: Starmie|117\/257
|
|turn|34
|
|move|p2a: Starmie|Recover|p2a: Starmie
|-heal|p2a: Starmie|245\/257
|move|p1a: Golduck|Ice Beam|p2a: Starmie
|-resisted|p2a: Starmie
|-damage|p2a: Starmie|119\/257
|-status|p2a: Starmie|frz
|
|turn|35
|
|switch|p2a: Wigglytuff|Wigglytuff, L90|435\/435 slp
|move|p1a: Golduck|Rest|p1a: Golduck
|-status|p1a: Golduck|slp
|-heal|p1a: Golduck|310\/310 slp|[silent]
|-status|p1a: Golduck|slp|[from] move: Rest
|
|turn|36
|
|switch|p2a: Flareon|Flareon, L90|198\/300
|cant|p1a: Golduck|slp
|
|turn|37
|
|move|p2a: Flareon|Body Slam|p1a: Golduck
|-damage|p1a: Golduck|225\/310 slp
|-curestatus|p1a: Golduck|slp
|
|turn|38
|
|move|p2a: Flareon|Hyper Beam|p1a: Golduck
|-damage|p1a: Golduck|79\/310
|move|p1a: Golduck|Blizzard|p2a: Flareon
|-crit|p2a: Flareon
|-damage|p2a: Flareon|73\/300
|
|turn|39
|-mustrecharge|p2a: Flareon
|-mustrecharge|p2a: Flareon
|
|cant|p2a: Flareon|recharge
|move|p1a: Golduck|Ice Beam|p2a: Flareon
|-crit|p2a: Flareon
|-damage|p2a: Flareon|0 fnt
|faint|p2a: Flareon
|
|switch|p2a: Jynx|Jynx, L79|265\/265
|turn|40
|
|move|p2a: Jynx|Psychic|p1a: Golduck
|-damage|p1a: Golduck|57\/310
|-unboost|p1a: Golduck|spd|1
|-unboost|p1a: Golduck|spa|1
|move|p1a: Golduck|Rest|p1a: Golduck
|-status|p1a: Golduck|slp
|-heal|p1a: Golduck|310\/310 slp|[silent]
|-status|p1a: Golduck|slp|[from] move: Rest
|
|turn|41
|
|move|p2a: Jynx|Psychic|p1a: Golduck
|-damage|p1a: Golduck|283\/310 slp
|-unboost|p1a: Golduck|spd|1
|-unboost|p1a: Golduck|spa|1
|cant|p1a: Golduck|slp
|
|turn|42
|
|move|p2a: Jynx|Psychic|p1a: Golduck
|-damage|p1a: Golduck|255\/310 slp
|-curestatus|p1a: Golduck|slp
|
|turn|43
|
|move|p2a: Jynx|Psychic|p1a: Golduck
|-damage|p1a: Golduck|224\/310
|move|p1a: Golduck|Ice Beam|p2a: Jynx
|-resisted|p2a: Jynx
|-damage|p2a: Jynx|171\/265
|
|turn|44
|
|move|p2a: Jynx|Psychic|p1a: Golduck
|-damage|p1a: Golduck|192\/310
|-unboost|p1a: Golduck|spd|1
|-unboost|p1a: Golduck|spa|1
|move|p1a: Golduck|Ice Beam|p2a: Jynx
|-resisted|p2a: Jynx
|-damage|p2a: Jynx|101\/265
|
|turn|45
|
|move|p2a: Jynx|Psychic|p1a: Golduck
|-crit|p1a: Golduck
|-damage|p1a: Golduck|25\/310
|move|p1a: Golduck|Amnesia|p1a: Golduck
|-boost|p1a: Golduck|spd|2
|-boost|p1a: Golduck|spa|2
|
|turn|46
|
|move|p2a: Jynx|Psychic|p1a: Golduck
|-damage|p1a: Golduck|0 fnt
|faint|p1a: Golduck
|
|switch|p1a: Raichu|Raichu, L85|276\/276
|turn|47
|
|move|p1a: Raichu|Hyper Beam|p2a: Jynx
|-damage|p2a: Jynx|0 fnt
|faint|p2a: Jynx
|
|switch|p2a: Wigglytuff|Wigglytuff, L90|435\/435 slp
|turn|48
|
|move|p1a: Raichu|Surf|p2a: Wigglytuff
|-damage|p2a: Wigglytuff|356\/435 slp
|cant|p2a: Wigglytuff|slp
|
|turn|49
|
|move|p1a: Raichu|Surf|p2a: Wigglytuff
|-damage|p2a: Wigglytuff|277\/435 slp
|cant|p2a: Wigglytuff|slp
|
|turn|50
|
|move|p1a: Raichu|Surf|p2a: Wigglytuff
|-damage|p2a: Wigglytuff|188\/435 slp
|cant|p2a: Wigglytuff|slp
|
|turn|51
|
|move|p1a: Raichu|Surf|p2a: Wigglytuff
|-crit|p2a: Wigglytuff
|-damage|p2a: Wigglytuff|17\/435 slp
|cant|p2a: Wigglytuff|slp
|
|turn|52
|c|★andrewandres|jajajajaja
|c|★andrewandres|ajajajajajajajajajjaja
|c|★andrewandres|ajajajjajajajajaj
|c|★andrewandres|ajajajajajjajajajajaj
|c|★andrewandres|ajajajajajjajajajajaja
|c|★junebug71|you are terrible
|c|★andrewandres|jajajajajajajjajaja
|c|★andrewandres|ajajajjajajajajajaj
|c|★andrewandres|jajajajjajajjajaj
|c|★andrewandres|ajajajajjaja
|c|★andrewandres|NOOB
|c|★andrewandres|ajajjajajajajajjaj
|c|★andrewandres|NOOB
|c|★andrewandres|i will see your ladder
|c|★andrewandres|\/
|c|★junebug71|you know you suck
|c|★andrewandres|1372
|c|★andrewandres|that sad
|c|★andrewandres|jajajajajjajajaj
|
|move|p1a: Raichu|Surf|p2a: Wigglytuff
|-crit|p2a: Wigglytuff
|-damage|p2a: Wigglytuff|0 fnt
|faint|p2a: Wigglytuff
|c|★andrewandres|XXDXDXDXD
|c|★andrewandres|xDXDXDXD
|c|★andrewandres|XDXDXDXDXD
|c|★andrewandres|XDXDXDXDXD
|c|★andrewandres|XDXDXD
|c|★andrewandres|lets go
|c|★junebug71|i guarantee i will be higher than you by tomorrow
|c|★andrewandres|time staller stupid
|c|★andrewandres|jajajajajaj
|c|★andrewandres|ajajajajajjaja
|c|★junebug71|oh yes
|c|★junebug71|im stalling
|c|★junebug71|lol
|c|★andrewandres|jajjajajja
|-message|junebug71 forfeited.
|
|win|andrewandres
|raw|andrewandres's rating: 1412 &rarr; <strong>1429<\/strong><br \/>(+17 for winning)
|raw|junebug71's rating: 1372 &rarr; <strong>1355<\/strong><br \/>(-17 for losing)
|leave|junebug71
|player|p2
|leave|Sagihime
|leave|andrewandres
|player|p1
|join|andrewandres
|join|ankitkhetrapal