|j|Lusch
|j|charrol
|player|p1|Lusch|153
|player|p2|charrol|60
|gametype|singles
|gen|1
|tier|[Gen 1] OU
|seed|
|rule|Sleep Clause Mod: Limit one foe put to sleep
|rule|Freeze Clause Mod: Limit one foe frozen
|rule|Species Clause: Limit one of each Pokémon
|rule|OHKO Clause: OHKO moves are banned
|rule|Evasion Moves Clause: Evasion moves are banned
|rule|HP Percentage Mod: HP is shown in percentages
|
|start
|switch|p1a: Alakazam|Alakazam, M|100\/100
|switch|p2a: Jynx|Jynx|100\/100
|turn|1
|c|★Lusch|hf
|choice||
|
|move|p1a: Alakazam|Thunder Wave|p2a: Jynx
|-status|p2a: Jynx|par
|cant|p2a: Jynx|par
|
|turn|2
|choice||
|
|move|p1a: Alakazam|Seismic Toss|p2a: Jynx
|-damage|p2a: Jynx|70\/100 par
|move|p2a: Jynx|Lovely Kiss|p1a: Alakazam|[miss]
|-miss|p2a: Jynx
|
|turn|3
|choice||
|
|move|p1a: Alakazam|Seismic Toss|p2a: Jynx
|-damage|p2a: Jynx|40\/100 par
|move|p2a: Jynx|Lovely Kiss|p1a: Alakazam
|-status|p1a: Alakazam|slp
|
|turn|4
|choice||
|
|switch|p1a: Slowbro|Slowbro, M|100\/100
|move|p2a: Jynx|Rest|p2a: Jynx
|-status|p2a: Jynx|slp
|-heal|p2a: Jynx|100\/100 slp|[silent]
|-status|p2a: Jynx|slp|[from] move: Rest
|
|turn|5
|choice||
|
|switch|p1a: Exeggutor|Exeggutor, M|100\/100
|switch|p2a: Snorlax|Snorlax, M|100\/100
|
|turn|6
|choice||
|
|switch|p1a: Tauros|Tauros|100\/100
|switch|p2a: Jynx|Jynx|100\/100 slp
|
|turn|7
|choice||
|
|switch|p2a: Cloyster|Cloyster, M|100\/100
|move|p1a: Tauros|Body Slam|p2a: Cloyster
|-damage|p2a: Cloyster|79\/100
|
|turn|8
|j|trueWario
|choice||
|
|switch|p1a: Chansey|Chansey|100\/100
|move|p2a: Cloyster|Blizzard|p1a: Chansey
|-damage|p1a: Chansey|84\/100
|
|turn|9
|choice||
|
|move|p2a: Cloyster|Clamp|p1a: Chansey|[miss]
|-miss|p2a: Cloyster
|move|p1a: Chansey|Thunderbolt|p2a: Cloyster
|-crit|p2a: Cloyster
|-supereffective|p2a: Cloyster
|-damage|p2a: Cloyster|0 fnt
|faint|p2a: Cloyster
|c|★charrol|nooooooooooooooooooooo
|choice||
|
|switch|p2a: Chansey|Chansey|100\/100
|turn|10
|choice||
|
|move|p1a: Chansey|Ice Beam|p2a: Chansey
|-damage|p2a: Chansey|89\/100
|move|p2a: Chansey|Thunder Wave|p1a: Chansey
|-status|p1a: Chansey|par
|
|turn|11
|choice||
|
|switch|p2a: Jynx|Jynx|100\/100 slp
|switch|p1a: Exeggutor|Exeggutor, M|100\/100
|
|turn|12
|choice||
|
|cant|p2a: Jynx|slp
|move|p1a: Exeggutor|Double-Edge|p2a: Jynx
|-damage|p2a: Jynx|59\/100 slp
|-damage|p1a: Exeggutor|92\/100|[from] recoil|[of] p2a: Jynx
|
|turn|13
|choice||
|
|-curestatus|p2a: Jynx|slp
|move|p1a: Exeggutor|Double-Edge|p2a: Jynx
|-damage|p2a: Jynx|20\/100
|-damage|p1a: Exeggutor|84\/100|[from] recoil|[of] p2a: Jynx
|
|turn|14
|c|★Lusch|ah
|c|★Lusch|right^^
|choice||
|
|switch|p1a: Slowbro|Slowbro, M|100\/100
|move|p2a: Jynx|Blizzard|p1a: Slowbro|[miss]
|-miss|p2a: Jynx
|
|turn|15
|choice||
|
|switch|p2a: Chansey|Chansey|89\/100
|switch|p1a: Exeggutor|Exeggutor, M|84\/100
|
|turn|16
|choice||
|
|switch|p2a: Jynx|Jynx|20\/100
|move|p1a: Exeggutor|Sleep Powder|p2a: Jynx
|-status|p2a: Jynx|slp
|
|turn|17
|choice||
|
|switch|p2a: Exeggutor|Exeggutor, M|100\/100
|switch|p1a: Slowbro|Slowbro, M|100\/100
|
|turn|18
|choice||
|
|move|p2a: Exeggutor|Stun Spore|p1a: Slowbro
|-status|p1a: Slowbro|par
|move|p1a: Slowbro|Thunder Wave|p2a: Exeggutor
|-status|p2a: Exeggutor|par
|
|turn|19
|choice||
|
|switch|p2a: Snorlax|Snorlax, M|100\/100
|move|p1a: Slowbro|Amnesia|p1a: Slowbro
|-boost|p1a: Slowbro|spd|2
|-boost|p1a: Slowbro|spa|2
|
|turn|20
|choice||
|
|move|p2a: Snorlax|Body Slam|p1a: Slowbro
|-damage|p1a: Slowbro|76\/100 par
|move|p1a: Slowbro|Surf|p2a: Snorlax
|-damage|p2a: Snorlax|49\/100
|
|turn|21
|choice||
|
|switch|p1a: Rhydon|Rhydon, M|100\/100
|move|p2a: Snorlax|Self-Destruct|p1a: Rhydon
|-resisted|p1a: Rhydon
|-damage|p1a: Rhydon|65\/100
|faint|p2a: Snorlax
|choice||
|
|switch|p2a: Exeggutor|Exeggutor, M|100\/100 par
|turn|22
|choice||
|
|switch|p1a: Chansey|Chansey|84\/100 par
|move|p2a: Exeggutor|Psychic|p1a: Chansey
|-damage|p1a: Chansey|67\/100 par
|-unboost|p1a: Chansey|spd|1
|-unboost|p1a: Chansey|spa|1
|
|turn|23
|choice||
|
|move|p2a: Exeggutor|Psychic|p1a: Chansey
|-damage|p1a: Chansey|42\/100 par
|move|p1a: Chansey|Soft-Boiled|p1a: Chansey
|-heal|p1a: Chansey|92\/100 par
|
|turn|24
|choice||
|
|move|p2a: Exeggutor|Explosion|p1a: Chansey
|-damage|p1a: Chansey|0 fnt
|faint|p1a: Chansey
|faint|p2a: Exeggutor
|choice||
|
|switch|p2a: Chansey|Chansey|89\/100
|switch|p1a: Slowbro|Slowbro, M|76\/100 par
|turn|25
|choice||
|
|switch|p1a: Exeggutor|Exeggutor, M|84\/100
|move|p2a: Chansey|Seismic Toss|p1a: Exeggutor
|-damage|p1a: Exeggutor|58\/100
|
|turn|26
|choice||
|
|move|p1a: Exeggutor|Explosion|p2a: Chansey
|-damage|p2a: Chansey|0 fnt
|faint|p2a: Chansey
|faint|p1a: Exeggutor
|choice||
|
|switch|p2a: Tauros|Tauros|100\/100
|switch|p1a: Slowbro|Slowbro, M|76\/100 par
|turn|27
|choice||
|
|move|p2a: Tauros|Body Slam|p1a: Slowbro
|-damage|p1a: Slowbro|53\/100 par
|move|p1a: Slowbro|Thunder Wave|p2a: Tauros
|-status|p2a: Tauros|par
|
|turn|28
|choice||
|
|cant|p2a: Tauros|par
|move|p1a: Slowbro|Amnesia|p1a: Slowbro
|-boost|p1a: Slowbro|spd|2
|-boost|p1a: Slowbro|spa|2
|
|turn|29
|choice||
|
|cant|p1a: Slowbro|par
|move|p2a: Tauros|Body Slam|p1a: Slowbro
|-damage|p1a: Slowbro|28\/100 par
|
|turn|30
|choice||
|
|move|p1a: Slowbro|Rest|p1a: Slowbro
|-status|p1a: Slowbro|slp
|-heal|p1a: Slowbro|100\/100 slp|[silent]
|-status|p1a: Slowbro|slp|[from] move: Rest
|move|p2a: Tauros|Hyper Beam|p1a: Slowbro
|-crit|p1a: Slowbro
|-damage|p1a: Slowbro|25\/100 slp
|
|turn|31
|-mustrecharge|p2a: Tauros
|-mustrecharge|p2a: Tauros
|choice||
|
|cant|p1a: Slowbro|slp
|cant|p2a: Tauros|recharge
|
|turn|32
|choice||
|
|-curestatus|p1a: Slowbro|slp
|move|p2a: Tauros|Body Slam|p1a: Slowbro
|-damage|p1a: Slowbro|1\/100
|-status|p1a: Slowbro|par
|
|turn|33
|choice||
|
|cant|p2a: Tauros|par
|move|p1a: Slowbro|Rest|p1a: Slowbro
|-status|p1a: Slowbro|slp
|-heal|p1a: Slowbro|100\/100 slp|[silent]
|-status|p1a: Slowbro|slp|[from] move: Rest
|
|turn|34
|choice||
|
|move|p2a: Tauros|Body Slam|p1a: Slowbro
|-crit|p1a: Slowbro
|-damage|p1a: Slowbro|57\/100 slp
|cant|p1a: Slowbro|slp
|
|turn|35
|choice||
|
|move|p2a: Tauros|Body Slam|p1a: Slowbro
|-damage|p1a: Slowbro|32\/100 slp
|-curestatus|p1a: Slowbro|slp
|
|turn|36
|choice||
|
|switch|p1a: Rhydon|Rhydon, M|65\/100
|move|p2a: Tauros|Hyper Beam|p1a: Rhydon
|-resisted|p1a: Rhydon
|-damage|p1a: Rhydon|46\/100
|
|turn|37
|-mustrecharge|p2a: Tauros
|-mustrecharge|p2a: Tauros
|choice||
|
|move|p1a: Rhydon|Earthquake|p2a: Tauros
|-damage|p2a: Tauros|62\/100 par
|cant|p2a: Tauros|recharge
|
|turn|38
|choice||
|
|move|p1a: Rhydon|Earthquake|p2a: Tauros
|-damage|p2a: Tauros|23\/100 par
|move|p2a: Tauros|Blizzard|p1a: Rhydon
|-crit|p1a: Rhydon
|-supereffective|p1a: Rhydon
|-damage|p1a: Rhydon|0 fnt
|faint|p1a: Rhydon
|c|★Lusch|gg
|choice||
|
|switch|p1a: Tauros|Tauros|100\/100
|turn|39
|choice||
|
|move|p1a: Tauros|Body Slam|p2a: Tauros|[miss]
|-miss|p1a: Tauros
|move|p2a: Tauros|Hyper Beam|p1a: Tauros
|-damage|p1a: Tauros|49\/100
|
|turn|40
|-mustrecharge|p2a: Tauros
|c|★Lusch|ugh
|c|★charrol|aahhaah
|c|★Lusch|lesson learned
|c|★charrol|i wanted the crit
|l|trueWario
|c|★charrol|would be perfect
|-mustrecharge|p2a: Tauros
|choice||
|
|move|p1a: Tauros|Body Slam|p2a: Tauros
|-damage|p2a: Tauros|0 fnt
|faint|p2a: Tauros
|choice||
|
|switch|p2a: Jynx|Jynx|20\/100 slp
|turn|41
|choice||
|
|move|p1a: Tauros|Body Slam|p2a: Jynx
|-crit|p2a: Jynx
|-damage|p2a: Jynx|0 fnt
|faint|p2a: Jynx
|
|win|Lusch
|player|p1
|player|p2
|l|charrol