|join|Whoremaster
|join|biswajit
|player|p1|Whoremaster|43
|player|p2|biswajit|101
|gametype|singles
|gen|1
|tier|[Gen 1] OU (beta)
|rated
|rule|Sleep Clause Mod: Limit one foe put to sleep
|rule|Species Clause: Limit one of each Pokémon
|rule|OHKO Clause: OHKO moves are banned
|rule|Moody Clause: Moody is banned
|rule|Evasion Moves Clause: Evasion moves are banned
|rule|Endless Battle Clause: Forcing endless battles is banned
|rule|HP Percentage Mod: HP is reported as percentages
|
|start
|switch|p1a: Alakazam|Alakazam|313\/313
|switch|p2a: Gengar|Gengar|323\/323
|turn|1
|join|Bacon & Cheese
|chat|Whoremaster|fuck you
|chat|Whoremaster|nah jk bis lets be friends?
|
|switch|p2a: Raichu|Raichu|323\/323
|move|p1a: Alakazam|Psychic|p2a: Raichu
|-damage|p2a: Raichu|183\/323
|
|turn|2
|
|move|p1a: Alakazam|Psychic|p2a: Raichu
|-damage|p2a: Raichu|34\/323
|move|p2a: Raichu|Thunder Wave|p1a: Alakazam
|-status|p1a: Alakazam|par
|
|turn|3
|
|move|p2a: Raichu|Seismic Toss|p1a: Alakazam
|-damage|p1a: Alakazam|213\/313 par
|move|p1a: Alakazam|Psychic|p2a: Raichu
|-damage|p2a: Raichu|0 fnt
|faint|p2a: Raichu
|
|
|switch|p2a: Alakazam|Alakazam|313\/313
|turn|4
|
|move|p2a: Alakazam|Psychic|p1a: Alakazam
|-resisted|p1a: Alakazam
|-damage|p1a: Alakazam|163\/313 par
|move|p1a: Alakazam|Thunder Wave|p2a: Alakazam
|-status|p2a: Alakazam|par
|
|turn|5
|
|move|p2a: Alakazam|Psychic|p1a: Alakazam
|-resisted|p1a: Alakazam
|-damage|p1a: Alakazam|113\/313 par
|move|p1a: Alakazam|Recover|p1a: Alakazam
|-heal|p1a: Alakazam|269\/313 par
|
|turn|6
|
|move|p1a: Alakazam|Seismic Toss|p2a: Alakazam
|-damage|p2a: Alakazam|213\/313 par
|cant|p2a: Alakazam|par
|
|turn|7
|
|move|p1a: Alakazam|Seismic Toss|p2a: Alakazam
|-damage|p2a: Alakazam|113\/313 par
|move|p2a: Alakazam|Recover|p2a: Alakazam
|-heal|p2a: Alakazam|269\/313 par
|
|turn|8
|
|move|p2a: Alakazam|Psychic|p1a: Alakazam
|-crit|p1a: Alakazam
|-resisted|p1a: Alakazam
|-damage|p1a: Alakazam|164\/313 par
|cant|p1a: Alakazam|par
|
|turn|9
|
|switch|p2a: Dragonite|Dragonite|385\/385
|move|p1a: Alakazam|Recover|p1a: Alakazam
|-heal|p1a: Alakazam|313\/313 par
|
|turn|10
|join|kid gf lol
|
|move|p2a: Dragonite|Hyper Beam|p1a: Alakazam
|-crit|p1a: Alakazam
|-damage|p1a: Alakazam|0 fnt
|faint|p1a: Alakazam
|
|chat|kid gf lol|lmao
|chat|Whoremaster|aye
|
|switch|p1a: Exeggutor|Exeggutor|393\/393
|turn|11
|
|move|p2a: Dragonite|Blizzard|p1a: Exeggutor
|-supereffective|p1a: Exeggutor
|-damage|p1a: Exeggutor|228\/393
|move|p1a: Exeggutor|Sleep Powder|p2a: Dragonite|[miss]
|-miss|p1a: Exeggutor
|
|turn|12
|
|move|p2a: Dragonite|Blizzard|p1a: Exeggutor
|-supereffective|p1a: Exeggutor
|-damage|p1a: Exeggutor|70\/393
|move|p1a: Exeggutor|Sleep Powder|p2a: Dragonite|[miss]
|-miss|p1a: Exeggutor
|
|turn|13
|chat|Whoremaster|fark
|chat|kid gf lol|loool
|
|switch|p1a: Weezing|Weezing|333\/333
|move|p2a: Dragonite|Blizzard|p1a: Weezing
|-damage|p1a: Weezing|225\/333
|
|turn|14
|chat|Whoremaster|time for the ultimate
|chat|kid gf lol|weezing is poop btw
|
|switch|p2a: Golem|Golem|363\/363
|move|p1a: Weezing|Sludge|p2a: Golem
|-resisted|p2a: Golem
|-damage|p2a: Golem|348\/363
|
|turn|15
|chat|kid gf lol|fyi
|chat|Bacon & Cheese|^
|
|switch|p1a: Chansey|Chansey|703\/703
|move|p2a: Golem|Rock Slide|p1a: Chansey
|-damage|p1a: Chansey|426\/703
|
|turn|16
|
|switch|p2a: Gengar|Gengar|323\/323
|move|p1a: Chansey|Ice Beam|p2a: Gengar
|-damage|p2a: Gengar|254\/323
|
|turn|17
|join|tempplayername
|
|move|p2a: Gengar|Hypnosis|p1a: Chansey
|-status|p1a: Chansey|slp
|cant|p1a: Chansey|slp
|
|turn|18
|
|switch|p1a: Victreebel|Victreebel|363\/363
|move|p2a: Gengar|Night Shade|p1a: Victreebel
|-damage|p1a: Victreebel|263\/363
|
|turn|19
|chat|kid gf lol|better of using gengar only worthwhile poison
|chat|kid gf lol|and gengar is usually doo doo 
|chat|Whoremaster|oi duel types
|chat|Whoremaster|or
|chat|Whoremaster|and yeah
|chat|Whoremaster|he aint gr8
|
|switch|p2a: Dragonite|Dragonite|385\/385
|move|p1a: Victreebel|Razor Leaf|p2a: Dragonite
|-crit|p2a: Dragonite
|-resisted|p2a: Dragonite
|-damage|p2a: Dragonite|355\/385
|
|turn|20
|chat|kid gf lol|i guess victreebell is a useable poison too....but they are the only 2
|chat|Whoremaster|maybe venu
|chat|kid gf lol|not rly
|chat|Whoremaster|man i bet this dragonite has soft boiled 
|
|move|p2a: Dragonite|Fire Blast|p1a: Victreebel
|-supereffective|p1a: Victreebel
|-damage|p1a: Victreebel|62\/363
|move|p1a: Victreebel|Wrap|p2a: Dragonite
|-crit|p2a: Dragonite
|-damage|p2a: Dragonite|328\/385
|-activate|p2a: Dragonite|move: Wrap|[of] p1a: Victreebel
|
|turn|21
|chat|kid gf lol|i bet you any amount of money it doesnt
|
|cant|p2a: Dragonite|partiallytrapped
|move|p1a: Victreebel|Wrap|p2a: Dragonite
|-damage|p2a: Dragonite|301\/385
|
|turn|22
|chat|Whoremaster|i dont have any to give tbh
|
|cant|p2a: Dragonite|partiallytrapped
|move|p1a: Victreebel|Wrap|p2a: Dragonite
|-damage|p2a: Dragonite|274\/385
|
|-end|p2a: Dragonite|Wrap|[partiallytrapped]
|turn|23
|
|switch|p1a: Weezing|Weezing|225\/333
|move|p2a: Dragonite|Fire Blast|p1a: Weezing
|-damage|p1a: Weezing|117\/333
|-status|p1a: Weezing|brn
|
|turn|24
|chat|kid gf lol|trolled
|
|move|p2a: Dragonite|Fire Blast|p1a: Weezing
|-damage|p1a: Weezing|17\/333 brn
|move|p1a: Weezing|Explosion|p2a: Dragonite
|-damage|p2a: Dragonite|155\/385
|faint|p1a: Weezing
|chat|Whoremaster|lool
|chat|Whoremaster|he does suck
|
|switch|p1a: Tauros|Tauros|353\/353
|turn|25
|
|move|p1a: Tauros|Blizzard|p2a: Dragonite
|-supereffective|p2a: Dragonite
|-damage|p2a: Dragonite|0 fnt
|faint|p2a: Dragonite
|
|
|switch|p2a: Golem|Golem|348\/363
|turn|26
|chat|Whoremaster|sludge aint bad tho man
|chat|Whoremaster|25% on chansey
|
|move|p1a: Tauros|Blizzard|p2a: Golem
|-supereffective|p2a: Golem
|-damage|p2a: Golem|119\/363
|move|p2a: Golem|Earthquake|p1a: Tauros
|-damage|p1a: Tauros|218\/353
|
|turn|27
|
|move|p1a: Tauros|Earthquake|p2a: Golem
|-supereffective|p2a: Golem
|-damage|p2a: Golem|0 fnt
|faint|p2a: Golem
|
|
|switch|p2a: Hypno|Hypno|373\/373
|turn|28
|chat|kid gf lol|lol
|
|switch|p1a: Exeggutor|Exeggutor|70\/393
|move|p2a: Hypno|Hypnosis|p1a: Exeggutor
|-message|Sleep Clause Mod activated.
|
|turn|29
|
|move|p2a: Hypno|Psychic|p1a: Exeggutor
|-resisted|p1a: Exeggutor
|-damage|p1a: Exeggutor|18\/393
|-unboost|p1a: Exeggutor|spd|1
|-unboost|p1a: Exeggutor|spa|1
|move|p1a: Exeggutor|Sleep Powder|p2a: Hypno
|-status|p2a: Hypno|slp
|
|turn|30
|
|switch|p2a: Alakazam|Alakazam|269\/313 par
|switch|p1a: Victreebel|Victreebel|62\/363
|
|turn|31
|chat|Whoremaster|ohno
|
|move|p1a: Victreebel|Wrap|p2a: Alakazam|[miss]
|-miss|p1a: Victreebel
|move|p2a: Alakazam|Psychic|p1a: Victreebel
|-crit|p1a: Victreebel
|-supereffective|p1a: Victreebel
|-damage|p1a: Victreebel|0 fnt
|faint|p1a: Victreebel
|
|chat|Bacon & Cheese|pffft
|chat|Whoremaster|cunntt
|
|switch|p1a: Exeggutor|Exeggutor|18\/393
|turn|32
|
|move|p1a: Exeggutor|Explosion|p2a: Alakazam
|-damage|p2a: Alakazam|0 fnt
|faint|p2a: Alakazam
|faint|p1a: Exeggutor
|chat|kid gf lol|gengar quick
|chat|kid gf lol|you moron
|chat|Whoremaster|aye
|chat|Whoremaster|i was fulle xpecting it and didnt even care
|chat|Whoremaster|i trust in tauros
|
|switch|p1a: Tauros|Tauros|218\/353
|switch|p2a: Hypno|Hypno|373\/373 slp
|turn|33
|chat|Whoremaster|tauros is love, tauros is life
|
|move|p1a: Tauros|Earthquake|p2a: Hypno
|-damage|p2a: Hypno|272\/373 slp
|cant|p2a: Hypno|slp
|-curestatus|p2a: Hypno|slp
|
|turn|34
|
|move|p1a: Tauros|Earthquake|p2a: Hypno
|-damage|p2a: Hypno|175\/373
|move|p2a: Hypno|Thunder Wave|p1a: Tauros
|-status|p1a: Tauros|par
|
|turn|35
|
|move|p2a: Hypno|Rest|p2a: Hypno
|-status|p2a: Hypno|slp
|-heal|p2a: Hypno|373\/373 slp|[silent]
|-status|p2a: Hypno|slp|[from] move: Rest
|move|p1a: Tauros|Earthquake|p2a: Hypno
|-damage|p2a: Hypno|283\/373 slp
|
|turn|36
|
|cant|p2a: Hypno|slp
|move|p1a: Tauros|Body Slam|p2a: Hypno
|-damage|p2a: Hypno|147\/373 slp
|
|turn|37
|
|cant|p2a: Hypno|slp
|-curestatus|p2a: Hypno|slp
|move|p1a: Tauros|Hyper Beam|p2a: Hypno|[miss]
|-miss|p1a: Tauros
|
|turn|38
|chat|kid gf lol|:\
|chat|Whoremaster|jesus
|
|move|p2a: Hypno|Psychic|p1a: Tauros
|-damage|p1a: Tauros|66\/353 par
|cant|p1a: Tauros|par
|
|turn|39
|chat|Bacon & Cheese|so close >_>
|
|move|p2a: Hypno|Psychic|p1a: Tauros
|-crit|p1a: Tauros
|-damage|p1a: Tauros|0 fnt
|faint|p1a: Tauros
|
|chat|Whoremaster|haha fucck me
|
|switch|p1a: Chansey|Chansey|426\/703 slp
|turn|40
|chat|kid gf lol|to be fair, you've been really unlucky this game
|
|move|p2a: Hypno|Psychic|p1a: Chansey
|-damage|p1a: Chansey|307\/703 slp
|-unboost|p1a: Chansey|spd|1
|-unboost|p1a: Chansey|spa|1
|cant|p1a: Chansey|slp
|-curestatus|p1a: Chansey|slp
|
|turn|41
|chat|Whoremaster|gen 1 is a hard life
|chat|kid gf lol|although, that was lucky
|chat|Whoremaster|only thr strongest survive
|
|move|p2a: Hypno|Hypnosis|p1a: Chansey
|-status|p1a: Chansey|slp
|cant|p1a: Chansey|slp
|
|turn|42
|chat|Whoremaster|aw doggaa
|
|move|p2a: Hypno|Psychic|p1a: Chansey
|-damage|p1a: Chansey|130\/703 slp
|-unboost|p1a: Chansey|spd|1
|-unboost|p1a: Chansey|spa|1
|cant|p1a: Chansey|slp
|
|turn|43
|chat|kid gf lol|you gun' lose tho
|
|move|p2a: Hypno|Psychic|p1a: Chansey
|-damage|p1a: Chansey|0 fnt
|faint|p1a: Chansey
|
|win|biswajit
|raw|Ladder updating...
|raw|Whoremaster's rating: 1196 &rarr; <strong>1167<\/strong><br \/>(-29 for losing)
|raw|biswajit's rating: 1137 &rarr; <strong>1166<\/strong><br \/>(+29 for winning)
|chat|Whoremaster|gg son
|leave|kid gf lol
|leave|Whoremaster
|player|p1
|leave|tempplayername