|join|kid gf lol
|join|mattttt96
|player|p1|kid gf lol|168
|player|p2|mattttt96|2
|gametype|singles
|gen|1
|tier|[Gen 1] OU (beta)
|rated
|rule|Sleep Clause Mod: Limit one foe put to sleep
|rule|Species Clause: Limit one of each Pokemon
|rule|OHKO Clause: OHKO moves are banned
|rule|Moody Clause: Moody is banned
|rule|Evasion Moves Clause: Evasion moves are banned
|rule|Endless Battle Clause: Forcing endless battles is banned.
|rule|HP Percentage Mod: HP is reported as percentages
|
|start
|switch|p1a: Mr Mime|Jynx|333\/333
|switch|p2a: Gengar|Gengar|323\/323
|turn|1
|leave|mattttt96
|player|p2
|chat|kid gf lol|wtf
|chat|kid gf lol|sad'
|chat|kid gf lol|get back here kid
|join|mattttt96
|player|p2|mattttt96|2
|
|switch|p1a: Ride Me|Lapras|463\/463
|move|p2a: Gengar|Hypnosis|p1a: Ride Me|[miss]
|-miss|p2a: Gengar
|
|turn|2
|chat|mattttt96|sorry, was trying to reload ladder
|
|switch|p1a: TNT|Golem|363\/363
|move|p2a: Gengar|Hypnosis|p1a: TNT
|-status|p1a: TNT|slp
|
|turn|3
|chat|kid gf lol|oh
|
|switch|p1a: Result of Incest|Exeggutor|393\/393
|move|p2a: Gengar|Mega Drain|p1a: Result of Incest
|-crit|p1a: Result of Incest
|-resisted|p1a: Result of Incest
|-damage|p1a: Result of Incest|359\/393
|
|turn|4
|
|switch|p2a: Snorlax|Snorlax|523\/523
|switch|p1a: TNT|Golem|363\/363 slp
|
|turn|5
|
|switch|p1a: Ride Me|Lapras|463\/463
|move|p2a: Snorlax|Earthquake|p1a: Ride Me
|-damage|p1a: Ride Me|372\/463
|
|turn|6
|
|move|p1a: Ride Me|Blizzard|p2a: Snorlax|[miss]
|-miss|p1a: Ride Me
|move|p2a: Snorlax|Body Slam|p1a: Ride Me
|-damage|p1a: Ride Me|243\/463
|
|turn|7
|
|move|p1a: Ride Me|Blizzard|p2a: Snorlax
|-damage|p2a: Snorlax|336\/523
|move|p2a: Snorlax|Body Slam|p1a: Ride Me
|-damage|p1a: Ride Me|111\/463
|
|turn|8
|
|move|p1a: Ride Me|Blizzard|p2a: Snorlax
|-damage|p2a: Snorlax|157\/523
|move|p2a: Snorlax|Hyper Beam|p1a: Ride Me
|-damage|p1a: Ride Me|0 fnt
|faint|p1a: Ride Me
|
|
|switch|p1a: Result of Incest|Exeggutor|359\/393
|turn|9
|
|move|p1a: Result of Incest|Psychic|p2a: Snorlax
|-damage|p2a: Snorlax|5\/523
|move|p2a: Snorlax|Body Slam|p1a: Result of Incest
|-damage|p1a: Result of Incest|233\/393
|
|turn|10
|
|move|p1a: Result of Incest|Psychic|p2a: Snorlax
|-damage|p2a: Snorlax|0 fnt
|faint|p2a: Snorlax
|
|chat|kid gf lol|wtf
|
|switch|p2a: Zapdos|Zapdos|383\/383
|turn|11
|
|switch|p1a: TNT|Golem|363\/363 slp
|move|p2a: Zapdos|Drill Peck|p1a: TNT
|-resisted|p1a: TNT
|-damage|p1a: TNT|327\/363 slp
|
|turn|12
|
|switch|p2a: Lapras|Lapras|463\/463
|cant|p1a: TNT|slp
|
|turn|13
|
|switch|p1a: Mr Mime|Jynx|333\/333
|move|p2a: Lapras|Confuse Ray|p1a: Mr Mime
|-start|p1a: Mr Mime|confusion
|
|turn|14
|
|-activate|p1a: Mr Mime|confusion
|move|p1a: Mr Mime|Lovely Kiss|p2a: Lapras
|-status|p2a: Lapras|slp
|cant|p2a: Lapras|slp
|
|turn|15
|
|-end|p1a: Mr Mime|confusion
|move|p1a: Mr Mime|Reflect|p1a: Mr Mime
|cant|p2a: Lapras|slp
|
|turn|16
|
|switch|p2a: Tauros|Tauros|353\/353
|move|p1a: Mr Mime|Psychic|p2a: Tauros
|-damage|p2a: Tauros|216\/353
|
|turn|17
|
|move|p2a: Tauros|Body Slam|p1a: Mr Mime
|-damage|p1a: Mr Mime|245\/333
|move|p1a: Mr Mime|Blizzard|p2a: Tauros
|-damage|p2a: Tauros|38\/353
|
|turn|18
|chat|kid gf lol|downed cow
|
|move|p2a: Tauros|Earthquake|p1a: Mr Mime
|-crit|p1a: Mr Mime
|-damage|p1a: Mr Mime|104\/333
|move|p1a: Mr Mime|Psychic|p2a: Tauros
|-damage|p2a: Tauros|0 fnt
|faint|p2a: Tauros
|
|
|switch|p2a: Chansey|Chansey|703\/703
|turn|19
|
|move|p1a: Mr Mime|Blizzard|p2a: Chansey
|-damage|p2a: Chansey|564\/703
|move|p2a: Chansey|Thunder Wave|p1a: Mr Mime
|-status|p1a: Mr Mime|par
|
|turn|20
|
|move|p2a: Chansey|Ice Beam|p1a: Mr Mime
|-resisted|p1a: Mr Mime
|-damage|p1a: Mr Mime|67\/333 par
|move|p1a: Mr Mime|Blizzard|p2a: Chansey
|-crit|p2a: Chansey
|-damage|p2a: Chansey|314\/703
|-status|p2a: Chansey|frz
|
|turn|21
|chat|kid gf lol|downed blob
|
|switch|p2a: Lapras|Lapras|463\/463 slp
|move|p1a: Mr Mime|Psychic|p2a: Lapras
|-damage|p2a: Lapras|353\/463 slp
|
|turn|22
|
|cant|p2a: Lapras|slp
|move|p1a: Mr Mime|Psychic|p2a: Lapras
|-damage|p2a: Lapras|243\/463 slp
|-unboost|p2a: Lapras|spd|1
|-unboost|p2a: Lapras|spa|1
|
|turn|23
|
|cant|p2a: Lapras|slp
|move|p1a: Mr Mime|Psychic|p2a: Lapras
|-damage|p2a: Lapras|90\/463 slp
|
|turn|24
|chat|kid gf lol|downed fish
|
|cant|p2a: Lapras|slp
|-curestatus|p2a: Lapras|slp
|move|p1a: Mr Mime|Psychic|p2a: Lapras
|-damage|p2a: Lapras|0 fnt
|faint|p2a: Lapras
|
|
|switch|p2a: Gengar|Gengar|323\/323
|turn|25
|
|move|p2a: Gengar|Thunderbolt|p1a: Mr Mime
|-damage|p1a: Mr Mime|0 fnt
|faint|p1a: Mr Mime
|
|
|switch|p1a: Result of Incest|Exeggutor|233\/393
|turn|26
|chat|kid gf lol|downed ghost
|
|switch|p2a: Chansey|Chansey|314\/703 frz
|move|p1a: Result of Incest|Leech Seed|p2a: Chansey
|-start|p2a: Chansey|move: Leech Seed
|-damage|p2a: Chansey|271\/703 frz|[from] move: Leech Seed|[of] p1a: Result of Incest
|-heal|p1a: Result of Incest|276\/393|[silent]
|
|turn|27
|chat|kid gf lol|free life plox
|
|switch|p2a: Zapdos|Zapdos|383\/383
|move|p1a: Result of Incest|Leech Seed|p2a: Zapdos
|-start|p2a: Zapdos|move: Leech Seed
|
|turn|28
|
|move|p2a: Zapdos|Drill Peck|p1a: Result of Incest
|-supereffective|p1a: Result of Incest
|-damage|p1a: Result of Incest|67\/393
|-damage|p2a: Zapdos|360\/383|[from] Leech Seed|[of] p1a: Result of Incest
|-heal|p1a: Result of Incest|90\/393|[silent]
|move|p1a: Result of Incest|Psychic|p2a: Zapdos
|-damage|p2a: Zapdos|251\/383
|-unboost|p2a: Zapdos|spd|1
|-unboost|p2a: Zapdos|spa|1
|
|turn|29
|
|switch|p1a: TNT|Golem|327\/363 slp
|move|p2a: Zapdos|Drill Peck|p1a: TNT
|-resisted|p1a: TNT
|-damage|p1a: TNT|288\/363 slp
|-damage|p2a: Zapdos|228\/383|[from] Leech Seed|[of] p1a: TNT
|-heal|p1a: TNT|311\/363 slp|[silent]
|
|turn|30
|
|switch|p2a: Gengar|Gengar|323\/323
|switch|p1a: That's Bull|Tauros|353\/353
|
|turn|31
|
|move|p1a: That's Bull|Earthquake|p2a: Gengar
|-supereffective|p2a: Gengar
|-damage|p2a: Gengar|115\/323
|move|p2a: Gengar|Thunderbolt|p1a: That's Bull
|-damage|p1a: That's Bull|236\/353
|
|turn|32
|
|switch|p1a: TNT|Golem|311\/363 slp
|move|p2a: Gengar|Explosion|p1a: TNT
|-crit|p1a: TNT
|-resisted|p1a: TNT
|-damage|p1a: TNT|156\/363 slp
|faint|p2a: Gengar
|
|switch|p2a: Zapdos|Zapdos|228\/383
|turn|33
|
|move|p2a: Zapdos|Agility|p2a: Zapdos
|-boost|p2a: Zapdos|spe|2
|cant|p1a: TNT|slp
|
|turn|34
|chat|kid gf lol|he's gonna wake up@@
|
|move|p2a: Zapdos|Drill Peck|p1a: TNT
|-resisted|p1a: TNT
|-damage|p1a: TNT|119\/363 slp
|cant|p1a: TNT|slp
|
|turn|35
|
|move|p2a: Zapdos|Drill Peck|p1a: TNT
|-resisted|p1a: TNT
|-damage|p1a: TNT|80\/363 slp
|cant|p1a: TNT|slp
|-curestatus|p1a: TNT|slp
|
|turn|36
|
|move|p2a: Zapdos|Drill Peck|p1a: TNT
|-resisted|p1a: TNT
|-damage|p1a: TNT|41\/363
|move|p1a: TNT|Rock Slide|p2a: Zapdos
|-crit|p2a: Zapdos
|-supereffective|p2a: Zapdos
|-damage|p2a: Zapdos|0 fnt
|faint|p2a: Zapdos
|
|chat|kid gf lol|awwwww yeaaaah
|
|switch|p2a: Chansey|Chansey|271\/703 frz
|turn|37
|chat|mattttt96|gg
|
|cant|p2a: Chansey|frz
|move|p1a: TNT|Earthquake|p2a: Chansey
|-damage|p2a: Chansey|0 fnt
|faint|p2a: Chansey
|
|win|kid gf lol
|raw|Ladder updating...
|chat|kid gf lol|gg