|join|hades-kirito
|join|Dittoface
|player|p1|hades-kirito|169
|player|p2|Dittoface|143
|gametype|singles
|gen|1
|tier|[Gen 1] Random Battle
|rated
|rule|Sleep Clause Mod: Limit one foe put to sleep
|rule|Freeze Clause Mod: Limit one foe frozen
|rule|HP Percentage Mod: HP is shown in percentages
|
|start
|switch|p1a: Psyduck|Psyduck, L96|291\/291
|switch|p2a: Arbok|Arbok, L90|291\/291
|turn|1
|
|move|p2a: Arbok|Glare|p1a: Psyduck
|-status|p1a: Psyduck|par
|cant|p1a: Psyduck|par
|
|turn|2
|
|move|p2a: Arbok|Rock Slide|p1a: Psyduck
|-crit|p1a: Psyduck
|-damage|p1a: Psyduck|165\/291 par
|move|p1a: Psyduck|Ice Beam|p2a: Arbok
|-damage|p2a: Arbok|230\/291
|
|turn|3
|
|move|p2a: Arbok|Body Slam|p1a: Psyduck
|-damage|p1a: Psyduck|87\/291 par
|move|p1a: Psyduck|Body Slam|p2a: Arbok
|-damage|p2a: Arbok|176\/291
|
|turn|4
|
|move|p2a: Arbok|Hyper Beam|p1a: Psyduck
|-damage|p1a: Psyduck|0 fnt
|faint|p1a: Psyduck
|
|switch|p1a: Persian|Persian, L79|265\/265
|turn|5
|
|move|p1a: Persian|Slash|p2a: Arbok
|-crit|p2a: Arbok
|-damage|p2a: Arbok|53\/291
|move|p2a: Arbok|Glare|p1a: Persian
|-status|p1a: Persian|par
|
|turn|6
|
|move|p2a: Arbok|Body Slam|p1a: Persian
|-damage|p1a: Persian|178\/265 par
|move|p1a: Persian|Hyper Beam|p2a: Arbok
|-damage|p2a: Arbok|0 fnt
|faint|p2a: Arbok
|
|switch|p2a: Metapod|Metapod, L99|300\/300
|turn|7
|
|move|p2a: Metapod|Harden|p2a: Metapod
|-boost|p2a: Metapod|def|1
|cant|p1a: Persian|par
|
|turn|8
|
|move|p2a: Metapod|Harden|p2a: Metapod
|-boost|p2a: Metapod|def|1
|move|p1a: Persian|Slash|p2a: Metapod
|-crit|p2a: Metapod
|-damage|p2a: Metapod|190\/300
|
|turn|9
|
|move|p2a: Metapod|Tackle|p1a: Persian
|-damage|p1a: Persian|157\/265 par
|move|p1a: Persian|Body Slam|p2a: Metapod
|-damage|p2a: Metapod|151\/300
|-status|p2a: Metapod|par
|
|turn|10
|
|move|p2a: Metapod|Tackle|p1a: Persian
|-damage|p1a: Persian|135\/265 par
|move|p1a: Persian|Body Slam|p2a: Metapod
|-damage|p2a: Metapod|114\/300 par
|
|turn|11
|
|move|p2a: Metapod|Tackle|p1a: Persian
|-damage|p1a: Persian|112\/265 par
|move|p1a: Persian|Body Slam|p2a: Metapod
|-damage|p2a: Metapod|79\/300 par
|
|turn|12
|
|move|p2a: Metapod|Tackle|p1a: Persian|[miss]
|-miss|p2a: Metapod
|cant|p1a: Persian|par
|
|turn|13
|
|cant|p2a: Metapod|par
|move|p1a: Persian|Hyper Beam|p2a: Metapod
|-damage|p2a: Metapod|11\/300 par
|
|turn|14
|-mustrecharge|p1a: Persian
|-mustrecharge|p1a: Persian
|
|move|p2a: Metapod|Tackle|p1a: Persian
|-damage|p1a: Persian|91\/265 par
|cant|p1a: Persian|recharge
|
|turn|15
|
|move|p2a: Metapod|Tackle|p1a: Persian
|-damage|p1a: Persian|71\/265 par
|move|p1a: Persian|Body Slam|p2a: Metapod
|-damage|p2a: Metapod|0 fnt
|faint|p2a: Metapod
|
|switch|p2a: Hitmonchan|Hitmonchan, L90|273\/273
|turn|16
|-message|hades-kirito lost due to inactivity.
|
|win|Dittoface
|raw|hades-kirito's rating: 1078 &rarr; <strong>1059<\/strong><br \/>(-19 for losing)
|raw|Dittoface's rating: 1124 &rarr; <strong>1146<\/strong><br \/>(+22 for winning)