|j|kid gf lol
|j|caezx
|player|p1|kid gf lol|265
|player|p2|caezx|156
|gametype|singles
|gen|1
|tier|[Gen 1] OU
|seed|20048,47054,25615,19203
|rule|Sleep Clause Mod: Limit one foe put to sleep
|rule|Freeze Clause Mod: Limit one foe frozen
|rule|Species Clause: Limit one of each Pokémon
|rule|OHKO Clause: OHKO moves are banned
|rule|Evasion Moves Clause: Evasion moves are banned
|rule|HP Percentage Mod: HP is shown in percentages
|
|start
|switch|p1a: Nidoqueen|Nidoqueen|383\/383
|switch|p2a: Gengar|Gengar|323\/323
|turn|1
|choice|move 2|move 1
|
|move|p2a: Gengar|Hypnosis|p1a: Nidoqueen|[miss]
|-miss|p2a: Gengar
|move|p1a: Nidoqueen|Earthquake|p2a: Gengar
|-crit|p2a: Gengar
|-supereffective|p2a: Gengar
|-damage|p2a: Gengar|0 fnt
|faint|p2a: Gengar
|choice||switch 5
|
|switch|p2a: Venusaur|Venusaur|363\/363
|turn|2
|choice|move 1|move 2
|
|move|p2a: Venusaur|Sleep Powder|p1a: Nidoqueen
|-status|p1a: Nidoqueen|slp
|cant|p1a: Nidoqueen|slp
|
|turn|3
|choice|switch 3|move 4
|
|switch|p1a: Alakazam|Alakazam|313\/313
|move|p2a: Venusaur|Razor Leaf|p1a: Alakazam
|-crit|p1a: Alakazam
|-damage|p1a: Alakazam|203\/313
|
|turn|4
|choice|move 2|switch 2
|
|switch|p2a: Slowbro|Slowbro|393\/393
|move|p1a: Alakazam|Psychic|p2a: Slowbro
|-resisted|p2a: Slowbro
|-damage|p2a: Slowbro|312\/393
|
|turn|5
|choice|move 4|move 3
|
|move|p1a: Alakazam|Thunder Wave|p2a: Slowbro
|-status|p2a: Slowbro|par
|cant|p2a: Slowbro|par
|
|turn|6
|choice|switch 2|move 3
|
|switch|p1a: Chansey|Chansey|703\/703
|move|p2a: Slowbro|Thunder Wave|p1a: Chansey
|-status|p1a: Chansey|par
|
|turn|7
|choice|switch 4|move 1
|
|switch|p1a: Victreebel|Victreebel|363\/363
|move|p2a: Slowbro|Amnesia|p2a: Slowbro
|-boost|p2a: Slowbro|spd|2
|-boost|p2a: Slowbro|spa|2
|
|turn|8
|choice|move 4|move 2
|
|move|p1a: Victreebel|Razor Leaf|p2a: Slowbro
|-crit|p2a: Slowbro
|-supereffective|p2a: Slowbro
|-damage|p2a: Slowbro|1\/393 par
|move|p2a: Slowbro|Fire Blast|p1a: Victreebel
|-supereffective|p1a: Victreebel
|-damage|p1a: Victreebel|19\/363
|-status|p1a: Victreebel|brn
|
|turn|9
|choice|move 4|move 4
|
|move|p1a: Victreebel|Razor Leaf|p2a: Slowbro
|-crit|p2a: Slowbro
|-supereffective|p2a: Slowbro
|-damage|p2a: Slowbro|0 fnt
|faint|p2a: Slowbro
|choice||switch 4
|
|switch|p2a: Moltres|Moltres|383\/383
|turn|10
|choice|switch 4|move 2
|
|switch|p1a: Chansey|Chansey|703\/703 par
|move|p2a: Moltres|Substitute|p2a: Moltres
|-start|p2a: Moltres|Substitute
|-damage|p2a: Moltres|288\/383
|
|turn|11
|choice|move 4|move 1
|
|move|p2a: Moltres|Fire Blast|p1a: Chansey|[miss]
|-miss|p2a: Moltres
|move|p1a: Chansey|Thunder Wave|p2a: Moltres
|-status|p2a: Moltres|par
|
|turn|12
|j|MoxieInfinite
|choice|move 2|move 3
|
|move|p2a: Moltres|Agility|p2a: Moltres
|-boost|p2a: Moltres|spe|2
|move|p1a: Chansey|Ice Beam|p2a: Moltres
|-supereffective|p2a: Moltres
|-end|p2a: Moltres|Substitute
|
|turn|13
|choice|move 2|move 1
|
|move|p2a: Moltres|Fire Blast|p1a: Chansey|[miss]
|-miss|p2a: Moltres
|move|p1a: Chansey|Ice Beam|p2a: Moltres
|-crit|p2a: Moltres
|-supereffective|p2a: Moltres
|-damage|p2a: Moltres|40\/383 par
|
|turn|14
|choice|move 2|move 1
|
|move|p2a: Moltres|Fire Blast|p1a: Chansey
|-crit|p1a: Chansey
|-damage|p1a: Chansey|402\/703 par
|cant|p1a: Chansey|par
|
|turn|15
|choice|move 3|move 1
|
|move|p2a: Moltres|Fire Blast|p1a: Chansey
|-damage|p1a: Chansey|247\/703 par
|move|p1a: Chansey|Soft-Boiled|p1a: Chansey
|-heal|p1a: Chansey|598\/703 par
|
|turn|16
|choice|move 2|move 1
|
|move|p2a: Moltres|Fire Blast|p1a: Chansey
|-damage|p1a: Chansey|432\/703 par
|cant|p1a: Chansey|par
|
|turn|17
|choice|move 3|move 1
|
|cant|p2a: Moltres|par
|cant|p1a: Chansey|par
|
|turn|18
|choice|move 3|move 1
|
|move|p2a: Moltres|Fire Blast|p1a: Chansey|[miss]
|-miss|p2a: Moltres
|cant|p1a: Chansey|par
|
|turn|19
|choice|move 3|move 1
|
|move|p2a: Moltres|Fire Blast|p1a: Chansey|[miss]
|-miss|p2a: Moltres
|move|p1a: Chansey|Soft-Boiled|p1a: Chansey
|-heal|p1a: Chansey|703\/703 par
|
|turn|20
|l|MoxieInfinite
|choice|move 2|move 1
|
|move|p2a: Moltres|Fire Blast|p1a: Chansey
|-damage|p1a: Chansey|542\/703 par
|move|p1a: Chansey|Ice Beam|p2a: Moltres
|-supereffective|p2a: Moltres
|-damage|p2a: Moltres|0 fnt
|faint|p2a: Moltres
|choice||switch 3
|
|switch|p2a: Snorlax|Snorlax|523\/523
|turn|21
|choice|move 4|move 1
|
|move|p2a: Snorlax|Body Slam|p1a: Chansey
|-damage|p1a: Chansey|230\/703 par
|move|p1a: Chansey|Thunder Wave|p2a: Snorlax
|-status|p2a: Snorlax|par
|
|turn|22
|choice|switch 3|move 1
|
|switch|p1a: Nidoqueen|Nidoqueen|383\/383 slp
|move|p2a: Snorlax|Body Slam|p1a: Nidoqueen
|-damage|p1a: Nidoqueen|258\/383 slp
|
|turn|23
|choice|move 1|move 1
|
|cant|p1a: Nidoqueen|slp
|cant|p2a: Snorlax|par
|
|turn|24
|choice|move 1|move 1
|
|cant|p1a: Nidoqueen|slp
|cant|p2a: Snorlax|par
|
|turn|25
|choice|move 1|move 1
|
|cant|p1a: Nidoqueen|slp
|cant|p2a: Snorlax|par
|
|turn|26
|choice|move 1|move 1
|
|cant|p1a: Nidoqueen|slp
|cant|p2a: Snorlax|par
|
|turn|27
|choice|move 1|move 1
|
|-curestatus|p1a: Nidoqueen|slp
|move|p2a: Snorlax|Body Slam|p1a: Nidoqueen
|-damage|p1a: Nidoqueen|150\/383
|
|turn|28
|choice|move 2|move 3
|
|move|p1a: Nidoqueen|Earthquake|p2a: Snorlax
|-damage|p2a: Snorlax|383\/523 par
|cant|p2a: Snorlax|par
|
|turn|29
|choice|move 2|move 3
|
|move|p1a: Nidoqueen|Earthquake|p2a: Snorlax
|-damage|p2a: Snorlax|245\/523 par
|cant|p2a: Snorlax|par
|
|turn|30
|choice|move 2|move 3
|
|move|p1a: Nidoqueen|Earthquake|p2a: Snorlax
|-damage|p2a: Snorlax|120\/523 par
|move|p2a: Snorlax|Hyper Beam|p1a: Nidoqueen|[miss]
|-miss|p2a: Snorlax
|
|turn|31
|choice|move 2|move 3
|
|move|p1a: Nidoqueen|Earthquake|p2a: Snorlax
|-damage|p2a: Snorlax|0 fnt
|faint|p2a: Snorlax
|choice||switch 2
|
|switch|p2a: Venusaur|Venusaur|363\/363
|turn|32
|choice|move 1|move 4
|
|move|p2a: Venusaur|Razor Leaf|p1a: Nidoqueen
|-crit|p1a: Nidoqueen
|-damage|p1a: Nidoqueen|0 fnt
|faint|p1a: Nidoqueen
|choice|switch 2|
|
|switch|p1a: Alakazam|Alakazam|203\/313
|turn|33
|choice|move 2|move 2
|
|move|p1a: Alakazam|Psychic|p2a: Venusaur
|-supereffective|p2a: Venusaur
|-damage|p2a: Venusaur|103\/363
|-unboost|p2a: Venusaur|spd|1
|-unboost|p2a: Venusaur|spa|1
|move|p2a: Venusaur|Sleep Powder|p1a: Alakazam
|-status|p1a: Alakazam|slp
|
|turn|34
|choice|move 2|move 1
|
|-curestatus|p1a: Alakazam|slp
|move|p2a: Venusaur|Leech Seed|p1a: Alakazam
|-start|p1a: Alakazam|move: Leech Seed
|
|turn|35
|choice|move 2|move 3
|
|move|p1a: Alakazam|Psychic|p2a: Venusaur
|-supereffective|p2a: Venusaur
|-damage|p2a: Venusaur|0 fnt
|faint|p2a: Venusaur
|choice||switch 6
|
|switch|p2a: Jolteon|Jolteon|333\/333
|turn|36
|choice|move 4|move 2
|
|move|p2a: Jolteon|Thunder|p1a: Alakazam|[miss]
|-miss|p2a: Jolteon
|move|p1a: Alakazam|Thunder Wave|p2a: Jolteon
|-status|p2a: Jolteon|par
|-damage|p1a: Alakazam|184\/313|[from] Leech Seed|[of] p2a: Jolteon
|
|turn|37
|choice|move 2|move 2
|
|move|p1a: Alakazam|Psychic|p2a: Jolteon
|-crit|p2a: Jolteon
|-damage|p2a: Jolteon|99\/333 par
|-unboost|p2a: Jolteon|spd|1
|-unboost|p2a: Jolteon|spa|1
|-damage|p1a: Alakazam|165\/313|[from] Leech Seed|[of] p2a: Jolteon
|-heal|p2a: Jolteon|118\/333 par|[silent]
|move|p2a: Jolteon|Thunder|p1a: Alakazam
|-damage|p1a: Alakazam|85\/313
|
|turn|38
|choice|move 2|move 4
|
|move|p1a: Alakazam|Psychic|p2a: Jolteon
|-damage|p2a: Jolteon|0 fnt
|faint|p2a: Jolteon
|
|win|kid gf lol
|c|★caezx|gg
|l|caezx
|player|p2