|j|Xak Charles
|j|pkmGameshow
|player|p1|Xak Charles|56
|player|p2|pkmGameshow|266
|gametype|singles
|gen|1
|tier|[Gen 1] OU
|rated
|seed|
|rule|Sleep Clause Mod: Limit one foe put to sleep
|rule|Freeze Clause Mod: Limit one foe frozen
|rule|Species Clause: Limit one of each Pokémon
|rule|OHKO Clause: OHKO moves are banned
|rule|Evasion Moves Clause: Evasion moves are banned
|rule|HP Percentage Mod: HP is shown in percentages
|
|start
|switch|p1a: Victreebel|Victreebel|100\/100
|switch|p2a: Gengar|Gengar|100\/100
|turn|1
|choice||
|
|move|p2a: Gengar|Hypnosis|p1a: Victreebel
|-status|p1a: Victreebel|slp
|cant|p1a: Victreebel|slp
|
|turn|2
|choice||
|
|switch|p2a: Dragonite|Dragonite|100\/100
|switch|p1a: Slowbro|Slowbro|100\/100
|
|turn|3
|choice||
|
|move|p2a: Dragonite|Wrap|p1a: Slowbro
|-damage|p1a: Slowbro|97\/100
|cant|p1a: Slowbro|partiallytrapped
|
|turn|4
|choice||
|
|switch|p2a: Lapras|Lapras|100\/100
|cant|p1a: Slowbro|partiallytrapped
|
|turn|5
|choice||
|
|move|p2a: Lapras|Body Slam|p1a: Slowbro
|-damage|p1a: Slowbro|82\/100
|-status|p1a: Slowbro|par
|move|p1a: Slowbro|Amnesia|p1a: Slowbro
|-boost|p1a: Slowbro|spd|2
|-boost|p1a: Slowbro|spa|2
|
|turn|6
|choice||
|
|move|p2a: Lapras|Confuse Ray|p1a: Slowbro
|-start|p1a: Slowbro|confusion
|-activate|p1a: Slowbro|confusion
|move|p1a: Slowbro|Reflect|p1a: Slowbro
|-start|p1a: Slowbro|Reflect
|
|turn|7
|choice||
|
|move|p2a: Lapras|Thunderbolt|p1a: Slowbro
|-supereffective|p1a: Slowbro
|-damage|p1a: Slowbro|62\/100 par
|-activate|p1a: Slowbro|confusion
|-damage|p1a: Slowbro|55\/100 par|[from] confusion
|
|turn|8
|choice||
|
|move|p2a: Lapras|Thunderbolt|p1a: Slowbro
|-supereffective|p1a: Slowbro
|-damage|p1a: Slowbro|35\/100 par
|-activate|p1a: Slowbro|confusion
|cant|p1a: Slowbro|par
|
|turn|9
|choice||
|
|move|p2a: Lapras|Thunderbolt|p1a: Slowbro
|-supereffective|p1a: Slowbro
|-damage|p1a: Slowbro|14\/100 par
|-end|p1a: Slowbro|confusion
|cant|p1a: Slowbro|par
|
|turn|10
|choice||
|
|switch|p1a: Chansey|Chansey|100\/100
|move|p2a: Lapras|Thunderbolt|p1a: Chansey
|-damage|p1a: Chansey|91\/100
|
|turn|11
|choice||
|
|switch|p2a: Chansey|Chansey|100\/100
|move|p1a: Chansey|Thunder Wave|p2a: Chansey
|-status|p2a: Chansey|par
|
|turn|12
|choice||
|
|move|p1a: Chansey|Psychic|p2a: Chansey
|-damage|p2a: Chansey|91\/100 par
|-unboost|p2a: Chansey|spd|1
|-unboost|p2a: Chansey|spa|1
|cant|p2a: Chansey|par
|
|turn|13
|choice||
|
|move|p1a: Chansey|Psychic|p2a: Chansey
|-damage|p2a: Chansey|76\/100 par
|cant|p2a: Chansey|par
|
|turn|14
|choice||
|
|move|p1a: Chansey|Psychic|p2a: Chansey
|-damage|p2a: Chansey|60\/100 par
|move|p2a: Chansey|Ice Beam|p1a: Chansey
|-damage|p1a: Chansey|83\/100
|
|turn|15
|choice||
|
|move|p1a: Chansey|Psychic|p2a: Chansey
|-damage|p2a: Chansey|46\/100 par
|-unboost|p2a: Chansey|spd|1
|-unboost|p2a: Chansey|spa|1
|move|p2a: Chansey|Soft-Boiled|p2a: Chansey
|-heal|p2a: Chansey|96\/100 par
|
|turn|16
|choice||
|
|move|p1a: Chansey|Psychic|p2a: Chansey
|-damage|p2a: Chansey|74\/100 par
|move|p2a: Chansey|Ice Beam|p1a: Chansey
|-damage|p1a: Chansey|78\/100
|
|turn|17
|choice||
|
|move|p1a: Chansey|Psychic|p2a: Chansey
|-damage|p2a: Chansey|53\/100 par
|-unboost|p2a: Chansey|spd|1
|-unboost|p2a: Chansey|spa|1
|cant|p2a: Chansey|par
|
|turn|18
|choice||
|
|switch|p2a: Lapras|Lapras|100\/100
|move|p1a: Chansey|Psychic|p2a: Lapras
|-damage|p2a: Lapras|84\/100
|
|turn|19
|choice||
|
|switch|p2a: Chansey|Chansey|53\/100 par
|move|p1a: Chansey|Thunder Wave|p2a: Chansey
|-fail|p2a: Chansey|par
|
|turn|20
|choice||
|
|move|p1a: Chansey|Psychic|p2a: Chansey
|-damage|p2a: Chansey|43\/100 par
|move|p2a: Chansey|Soft-Boiled|p2a: Chansey
|-heal|p2a: Chansey|93\/100 par
|
|turn|21
|choice||
|
|move|p1a: Chansey|Psychic|p2a: Chansey
|-damage|p2a: Chansey|82\/100 par
|move|p2a: Chansey|Ice Beam|p1a: Chansey
|-damage|p1a: Chansey|68\/100
|
|turn|22
|choice||
|
|move|p1a: Chansey|Psychic|p2a: Chansey
|-damage|p2a: Chansey|72\/100 par
|cant|p2a: Chansey|par
|
|turn|23
|choice||
|
|move|p1a: Chansey|Fire Blast|p2a: Chansey
|-damage|p2a: Chansey|60\/100 par
|move|p2a: Chansey|Ice Beam|p1a: Chansey
|-damage|p1a: Chansey|58\/100
|
|turn|24
|choice||
|
|switch|p1a: Snorlax|Snorlax|100\/100
|cant|p2a: Chansey|par
|
|turn|25
|choice||
|
|switch|p2a: Gengar|Gengar|100\/100
|move|p1a: Snorlax|Submission|p2a: Gengar
|-immune|p2a: Gengar|[msg]
|
|turn|26
|choice||
|
|switch|p2a: Dragonite|Dragonite|100\/100
|move|p1a: Snorlax|Amnesia|p1a: Snorlax
|-boost|p1a: Snorlax|spd|2
|-boost|p1a: Snorlax|spa|2
|
|turn|27
|choice||
|
|move|p2a: Dragonite|Wrap|p1a: Snorlax
|-crit|p1a: Snorlax
|-damage|p1a: Snorlax|94\/100
|cant|p1a: Snorlax|partiallytrapped
|
|turn|28
|choice||
|
|move|p2a: Dragonite|Wrap|p1a: Snorlax|[from]Wrap
|-damage|p1a: Snorlax|87\/100
|cant|p1a: Snorlax|partiallytrapped
|
|turn|29
|choice||
|
|move|p2a: Dragonite|Wrap|p1a: Snorlax
|-crit|p1a: Snorlax
|-damage|p1a: Snorlax|80\/100
|cant|p1a: Snorlax|partiallytrapped
|
|turn|30
|choice||
|
|move|p2a: Dragonite|Wrap|p1a: Snorlax|[from]Wrap
|-damage|p1a: Snorlax|73\/100
|cant|p1a: Snorlax|partiallytrapped
|
|turn|31
|choice||
|
|move|p2a: Dragonite|Wrap|p1a: Snorlax|[from]Wrap
|-damage|p1a: Snorlax|67\/100
|cant|p1a: Snorlax|partiallytrapped
|
|turn|32
|choice||
|
|move|p2a: Dragonite|Wrap|p1a: Snorlax
|-crit|p1a: Snorlax
|-damage|p1a: Snorlax|59\/100
|cant|p1a: Snorlax|partiallytrapped
|
|turn|33
|choice||
|
|move|p2a: Dragonite|Wrap|p1a: Snorlax|[from]Wrap
|-damage|p1a: Snorlax|52\/100
|cant|p1a: Snorlax|partiallytrapped
|
|turn|34
|choice||
|
|move|p2a: Dragonite|Wrap|p1a: Snorlax|[from]Wrap
|-damage|p1a: Snorlax|44\/100
|cant|p1a: Snorlax|partiallytrapped
|
|turn|35
|choice||
|
|move|p2a: Dragonite|Wrap|p1a: Snorlax
|-damage|p1a: Snorlax|40\/100
|cant|p1a: Snorlax|partiallytrapped
|
|turn|36
|choice||
|
|move|p2a: Dragonite|Wrap|p1a: Snorlax|[from]Wrap
|-damage|p1a: Snorlax|36\/100
|cant|p1a: Snorlax|partiallytrapped
|
|turn|37
|choice||
|
|move|p2a: Dragonite|Wrap|p1a: Snorlax|[from]Wrap
|-damage|p1a: Snorlax|32\/100
|cant|p1a: Snorlax|partiallytrapped
|
|turn|38
|choice||
|
|move|p2a: Dragonite|Hyper Beam|p1a: Snorlax
|-damage|p1a: Snorlax|0 fnt
|faint|p1a: Snorlax
|choice||
|
|switch|p1a: Golem|Golem|100\/100
|turn|39
|choice||
|
|move|p2a: Dragonite|Surf|p1a: Golem
|-supereffective|p1a: Golem
|-damage|p1a: Golem|0 fnt
|faint|p1a: Golem
|choice||
|
|switch|p1a: Chansey|Chansey|58\/100
|turn|40
|choice||
|
|switch|p2a: Chansey|Chansey|60\/100 par
|move|p1a: Chansey|Thunder Wave|p2a: Chansey
|-fail|p2a: Chansey|par
|
|turn|41
|choice||
|
|move|p1a: Chansey|Thunder Wave|p2a: Chansey
|-fail|p2a: Chansey|par
|move|p2a: Chansey|Soft-Boiled|p2a: Chansey
|-heal|p2a: Chansey|100\/100 par
|
|turn|42
|choice||
|
|move|p1a: Chansey|Thunder Wave|p2a: Chansey
|-fail|p2a: Chansey|par
|move|p2a: Chansey|Ice Beam|p1a: Chansey
|-damage|p1a: Chansey|47\/100
|
|turn|43
|choice||
|
|move|p1a: Chansey|Thunder Wave|p2a: Chansey
|-fail|p2a: Chansey|par
|move|p2a: Chansey|Ice Beam|p1a: Chansey
|-damage|p1a: Chansey|35\/100
|
|turn|44
|choice||
|
|move|p1a: Chansey|Thunder Wave|p2a: Chansey
|-fail|p2a: Chansey|par
|cant|p2a: Chansey|par
|
|turn|45
|choice||
|
|move|p1a: Chansey|Thunder Wave|p2a: Chansey
|-fail|p2a: Chansey|par
|move|p2a: Chansey|Ice Beam|p1a: Chansey
|-damage|p1a: Chansey|24\/100
|
|turn|46
|choice||
|
|move|p1a: Chansey|Thunder Wave|p2a: Chansey
|-fail|p2a: Chansey|par
|move|p2a: Chansey|Ice Beam|p1a: Chansey
|-damage|p1a: Chansey|13\/100
|
|turn|47
|choice||
|
|move|p1a: Chansey|Thunder Wave|p2a: Chansey
|-fail|p2a: Chansey|par
|move|p2a: Chansey|Thunder Wave|p1a: Chansey
|-status|p1a: Chansey|par
|
|turn|48
|choice||
|
|cant|p1a: Chansey|par
|move|p2a: Chansey|Thunderbolt|p1a: Chansey
|-damage|p1a: Chansey|2\/100 par
|
|turn|49
|choice||
|
|cant|p1a: Chansey|par
|move|p2a: Chansey|Thunderbolt|p1a: Chansey
|-damage|p1a: Chansey|0 fnt
|faint|p1a: Chansey
|-message|Xak Charles forfeited.
|
|win|pkmGameshow
|player|p1
|player|p2
|l|Xak Charles
|raw|Xak Charles's rating: 1051 &rarr; <strong>1036<\/strong><br \/>(-15 for losing)
|raw|pkmGameshow's rating: 1110 &rarr; <strong>1131<\/strong><br \/>(+21 for winning)