|join|Psychedelic Trip
|join|sdfdsg
|player|p1|Psychedelic Trip|168
|player|p2|sdfdsg|101
|gametype|singles
|gen|1
|tier|[Gen 1] Random Battle
|rated
|rule|Sleep Clause Mod: Limit one foe put to sleep
|rule|Freeze Clause Mod: Limit one foe frozen
|rule|HP Percentage Mod: HP is shown in percentages
|
|start
|switch|p1a: Raichu|Raichu, L85|276\/276
|switch|p2a: Arcanine|Arcanine, L85|327\/327
|turn|1
|
|switch|p2a: Clefable|Clefable, L85|335\/335
|move|p1a: Raichu|Surf|p2a: Clefable
|-damage|p2a: Clefable|271\/335
|
|turn|2
|
|switch|p1a: Beedrill|Beedrill, L85|284\/284
|move|p2a: Clefable|Thunder Wave|p1a: Beedrill
|-status|p1a: Beedrill|par
|
|turn|3
|
|switch|p2a: Machamp|Machamp, L85|327\/327
|move|p1a: Beedrill|Agility|p1a: Beedrill
|-boost|p1a: Beedrill|spe|2
|
|turn|4
|
|switch|p1a: Hitmonlee|Hitmonlee, L85|259\/259
|move|p2a: Machamp|Body Slam|p1a: Hitmonlee
|-damage|p1a: Hitmonlee|162\/259
|-status|p1a: Hitmonlee|par
|
|turn|5
|
|move|p2a: Machamp|Body Slam|p1a: Hitmonlee
|-damage|p1a: Hitmonlee|56\/259 par
|move|p1a: Hitmonlee|Counter|p2a: Machamp
|-damage|p2a: Machamp|115\/327
|
|turn|6
|
|move|p2a: Machamp|Body Slam|p1a: Hitmonlee
|-damage|p1a: Hitmonlee|0 fnt
|faint|p1a: Hitmonlee
|
|switch|p1a: Dodrio|Dodrio, L85|276\/276
|turn|7
|
|switch|p2a: Kabutops|Kabutops, L85|276\/276
|move|p1a: Dodrio|Drill Peck|p2a: Kabutops
|-resisted|p2a: Kabutops
|-damage|p2a: Kabutops|233\/276
|
|turn|8
|
|switch|p1a: Raichu|Raichu, L85|276\/276
|move|p2a: Kabutops|Body Slam|p1a: Raichu
|-crit|p1a: Raichu
|-damage|p1a: Raichu|112\/276
|
|turn|9
|
|move|p1a: Raichu|Surf|p2a: Kabutops
|-damage|p2a: Kabutops|165\/276
|move|p2a: Kabutops|Hyper Beam|p1a: Raichu
|-damage|p1a: Raichu|0 fnt
|faint|p1a: Raichu
|c|★sdfdsg|lmfao
|
|switch|p1a: Seadra|Seadra, L85|267\/267
|turn|10
|
|switch|p2a: Kadabra|Kadabra, L85|242\/242
|move|p1a: Seadra|Hydro Pump|p2a: Kadabra
|-damage|p2a: Kadabra|132\/242
|
|turn|11
|
|move|p2a: Kadabra|Recover|p2a: Kadabra
|-heal|p2a: Kadabra|242\/242
|move|p1a: Seadra|Hydro Pump|p2a: Kadabra
|-damage|p2a: Kadabra|143\/242
|
|turn|12
|
|move|p2a: Kadabra|Thunder Wave|p1a: Seadra
|-status|p1a: Seadra|par
|move|p1a: Seadra|Mimic|p2a: Kadabra
|-start|p1a: Seadra|Mimic|Thunder Wave
|
|turn|13
|
|switch|p2a: Cubone|Cubone, L96|291\/291
|move|p1a: Seadra|Thunder Wave|p2a: Cubone
|-immune|p2a: Cubone|[msg]
|
|turn|14
|
|move|p2a: Cubone|Earthquake|p1a: Seadra
|-damage|p1a: Seadra|178\/267 par
|move|p1a: Seadra|Hydro Pump|p2a: Cubone
|-supereffective|p2a: Cubone
|-damage|p2a: Cubone|0 fnt
|faint|p2a: Cubone
|
|switch|p2a: Machamp|Machamp, L85|115\/327
|turn|15
|
|move|p2a: Machamp|Earthquake|p1a: Seadra
|-damage|p1a: Seadra|98\/267 par
|move|p1a: Seadra|Surf|p2a: Machamp
|-damage|p2a: Machamp|0 fnt
|faint|p2a: Machamp
|
|switch|p2a: Kabutops|Kabutops, L85|165\/276
|turn|16
|
|move|p2a: Kabutops|Hyper Beam|p1a: Seadra
|-damage|p1a: Seadra|0 fnt
|faint|p1a: Seadra
|
|switch|p1a: Dodrio|Dodrio, L85|276\/276
|turn|17
|
|move|p1a: Dodrio|Body Slam|p2a: Kabutops
|-resisted|p2a: Kabutops
|-damage|p2a: Kabutops|125\/276
|move|p2a: Kabutops|Body Slam|p1a: Dodrio
|-damage|p1a: Dodrio|195\/276
|
|turn|18
|
|move|p1a: Dodrio|Body Slam|p2a: Kabutops
|-resisted|p2a: Kabutops
|-damage|p2a: Kabutops|78\/276
|-status|p2a: Kabutops|par
|move|p2a: Kabutops|Body Slam|p1a: Dodrio
|-damage|p1a: Dodrio|116\/276
|
|turn|19
|
|switch|p1a: Growlithe|Growlithe, L96|300\/300
|move|p2a: Kabutops|Hyper Beam|p1a: Growlithe
|-damage|p1a: Growlithe|140\/300
|
|turn|20
|-mustrecharge|p2a: Kabutops
|-mustrecharge|p2a: Kabutops
|
|move|p1a: Growlithe|Reflect|p1a: Growlithe
|-start|p1a: Growlithe|Reflect
|cant|p2a: Kabutops|recharge
|
|turn|21
|
|move|p1a: Growlithe|Body Slam|p2a: Kabutops
|-crit|p2a: Kabutops
|-resisted|p2a: Kabutops
|-damage|p2a: Kabutops|26\/276 par
|move|p2a: Kabutops|Surf|p1a: Growlithe
|-supereffective|p1a: Growlithe
|-damage|p1a: Growlithe|0 fnt
|faint|p1a: Growlithe
|
|switch|p1a: Dodrio|Dodrio, L85|116\/276
|turn|22
|
|move|p1a: Dodrio|Body Slam|p2a: Kabutops
|-crit|p2a: Kabutops
|-resisted|p2a: Kabutops
|-damage|p2a: Kabutops|0 fnt
|faint|p2a: Kabutops
|
|switch|p2a: Clefable|Clefable, L85|271\/335
|turn|23
|
|switch|p1a: Beedrill|Beedrill, L85|284\/284 par
|move|p2a: Clefable|Blizzard|p1a: Beedrill
|-damage|p1a: Beedrill|163\/284 par
|
|turn|24
|
|switch|p2a: Arcanine|Arcanine, L85|327\/327
|move|p1a: Beedrill|Hyper Beam|p2a: Arcanine
|-damage|p2a: Arcanine|231\/327
|
|turn|25
|-mustrecharge|p1a: Beedrill
|c|★sdfdsg|jesus you never cease to surprise me with how fucking bad you are
|-mustrecharge|p1a: Beedrill
|
|move|p2a: Arcanine|Body Slam|p1a: Beedrill
|-crit|p1a: Beedrill
|-damage|p1a: Beedrill|0 fnt
|faint|p1a: Beedrill
|
|switch|p1a: Dodrio|Dodrio, L85|116\/276
|turn|26
|
|move|p1a: Dodrio|Body Slam|p2a: Arcanine
|-damage|p2a: Arcanine|132\/327
|move|p2a: Arcanine|Body Slam|p1a: Dodrio
|-damage|p1a: Dodrio|43\/276
|
|turn|27
|c|★sdfdsg|not even chancing hax lol
|
|move|p1a: Dodrio|Hyper Beam|p2a: Arcanine
|-damage|p2a: Arcanine|0 fnt
|faint|p2a: Arcanine
|
|switch|p2a: Kadabra|Kadabra, L85|143\/242
|turn|28
|
|move|p2a: Kadabra|Psychic|p1a: Dodrio
|-damage|p1a: Dodrio|0 fnt
|faint|p1a: Dodrio
|
|win|sdfdsg
|raw|Ladder updating...
|c|★sdfdsg|sit the fuck downnnn
|raw|Psychedelic Trip's rating: 1150 &rarr; <strong>1129<\/strong><br \/>(-21 for losing)
|raw|sdfdsg's rating: 1202 &rarr; <strong>1223<\/strong><br \/>(+21 for winning)
|c|★sdfdsg|oh good
|c|★sdfdsg|you're back in the 1100s
|c|★sdfdsg|you belong here
|leave|Psychedelic Trip
|player|p1