|join|Desteplo
|join|Tsuna
|player|p1|Desteplo|2
|player|p2|Tsuna|102
|gametype|singles
|gen|1
|tier|[Gen 1] Random Battle
|rated
|rule|Sleep Clause Mod: Limit one foe put to sleep
|rule|Freeze Clause Mod: Limit one foe frozen
|rule|HP Percentage Mod: HP is shown in percentages
|
|start
|switch|p1a: Jolteon|Jolteon, L86|287\/287
|switch|p2a: Krabby|Krabby, L95|250\/250
|turn|1
|
|move|p1a: Jolteon|Thunderbolt|p2a: Krabby
|-crit|p2a: Krabby
|-supereffective|p2a: Krabby
|-damage|p2a: Krabby|0 fnt
|faint|p2a: Krabby
|
|switch|p2a: Kabuto|Kabuto, L95|250\/250
|turn|2
|
|move|p1a: Jolteon|Thunderbolt|p2a: Kabuto
|-supereffective|p2a: Kabuto
|-damage|p2a: Kabuto|0 fnt
|faint|p2a: Kabuto
|
|switch|p2a: Metapod|Metapod, L99|300\/300
|turn|3
|
|move|p1a: Jolteon|Thunderbolt|p2a: Metapod
|-damage|p2a: Metapod|132\/300
|move|p2a: Metapod|Harden|p2a: Metapod
|-boost|p2a: Metapod|def|1
|
|turn|4
|
|move|p1a: Jolteon|Thunderbolt|p2a: Metapod
|-crit|p2a: Metapod
|-damage|p2a: Metapod|0 fnt
|faint|p2a: Metapod
|
|switch|p2a: Beedrill|Beedrill, L86|287\/287
|turn|5
|
|move|p1a: Jolteon|Thunderbolt|p2a: Beedrill
|-damage|p2a: Beedrill|128\/287
|move|p2a: Beedrill|Swords Dance|p2a: Beedrill
|-boost|p2a: Beedrill|atk|2
|
|turn|6
|
|move|p1a: Jolteon|Thunderbolt|p2a: Beedrill
|-damage|p2a: Beedrill|0 fnt
|faint|p2a: Beedrill
|
|switch|p2a: Flareon|Flareon, L86|287\/287
|turn|7
|
|move|p1a: Jolteon|Thunderbolt|p2a: Flareon
|-crit|p2a: Flareon
|-damage|p2a: Flareon|85\/287
|move|p2a: Flareon|Fire Blast|p1a: Jolteon
|-damage|p1a: Jolteon|162\/287
|
|turn|8
|
|move|p2a: Flareon|Quick Attack|p1a: Jolteon
|-damage|p1a: Jolteon|120\/287
|move|p1a: Jolteon|Thunderbolt|p2a: Flareon
|-damage|p2a: Flareon|0 fnt
|faint|p2a: Flareon
|
|switch|p2a: Golbat|Golbat, L86|304\/304
|turn|9
|
|move|p1a: Jolteon|Thunderbolt|p2a: Golbat
|-supereffective|p2a: Golbat
|-damage|p2a: Golbat|38\/304
|-status|p2a: Golbat|par
|move|p2a: Golbat|Hyper Beam|p1a: Jolteon
|-damage|p1a: Jolteon|5\/287
|
|turn|10
|
|move|p1a: Jolteon|Thunderbolt|p2a: Golbat
|-crit|p2a: Golbat
|-supereffective|p2a: Golbat
|-damage|p2a: Golbat|0 fnt
|faint|p2a: Golbat
|
|win|Desteplo
|raw|Ladder updating...
|raw|Desteplo's rating: 1100 &rarr; <strong>1118<\/strong><br \/>(+18 for winning)
|raw|Tsuna's rating: 1012 &rarr; <strong>1003<\/strong><br \/>(-9 for losing)
|leave|Tsuna
|player|p2