|join|MALESANI
|join|MartinMatt
|player|p1|MALESANI|238
|player|p2|MartinMatt|167
|gametype|singles
|gen|1
|tier|[Gen 1] Random Battle
|rated
|seed|58351,28355,10367,16139
|rule|Sleep Clause Mod: Limit one foe put to sleep
|rule|Freeze Clause Mod: Limit one foe frozen
|rule|HP Percentage Mod: HP is shown in percentages
|
|start
|switch|p1a: Arbok|Arbok, L90|291\/291
|switch|p2a: Gloom|Gloom, L90|291\/291
|turn|1
|choice|switch 5|move 4
|
|switch|p1a: Cubone|Cubone, L96|291\/291
|move|p2a: Gloom|Sleep Powder|p1a: Cubone
|-status|p1a: Cubone|slp
|
|turn|2
|choice|switch 5|move 3
|
|switch|p1a: Arbok|Arbok, L90|291\/291
|move|p2a: Gloom|Mega Drain|p1a: Arbok
|-resisted|p1a: Arbok
|-damage|p1a: Arbok|266\/291
|
|turn|3
|choice|move 4|move 4
|
|move|p1a: Arbok|Body Slam|p2a: Gloom
|-damage|p2a: Gloom|218\/291
|move|p2a: Gloom|Sleep Powder|p1a: Arbok
|-message|Sleep Clause Mod activated.
|
|turn|4
|choice|move 3|switch 3
|
|switch|p2a: Arbok|Arbok, L90|291\/291
|move|p1a: Arbok|Earthquake|p2a: Arbok
|-supereffective|p2a: Arbok
|-damage|p2a: Arbok|119\/291
|
|turn|5
|choice|move 3|move 4
|
|move|p1a: Arbok|Earthquake|p2a: Arbok
|-supereffective|p2a: Arbok
|-damage|p2a: Arbok|0 fnt
|faint|p2a: Arbok
|choice||switch 5
|
|switch|p2a: Clefable|Clefable, L85|335\/335
|turn|6
|choice|move 1|move 4
|
|move|p1a: Arbok|Glare|p2a: Clefable
|-status|p2a: Clefable|par
|move|p2a: Clefable|Counter|p1a: Arbok
|-fail|p2a: Clefable
|
|turn|7
|choice|switch 2|move 4
|
|switch|p1a: Slowbro|Slowbro, L79|312\/312
|move|p2a: Clefable|Counter|p1a: Slowbro
|-fail|p2a: Clefable
|
|turn|8
|choice|move 3|move 2
|
|move|p1a: Slowbro|Amnesia|p1a: Slowbro
|-boost|p1a: Slowbro|spd|2
|-boost|p1a: Slowbro|spa|2
|move|p2a: Clefable|Thunderbolt|p1a: Slowbro
|-supereffective|p1a: Slowbro
|-damage|p1a: Slowbro|236\/312
|
|turn|9
|choice|move 3|switch 6
|
|switch|p2a: Electrode|Electrode, L90|291\/291
|move|p1a: Slowbro|Amnesia|p1a: Slowbro
|-boost|p1a: Slowbro|spd|2
|-boost|p1a: Slowbro|spa|2
|
|turn|10
|choice|switch 4|move 1
|
|switch|p1a: Graveler|Graveler, L85|267\/267
|move|p2a: Electrode|Explosion|p1a: Graveler
|-resisted|p1a: Graveler
|-damage|p1a: Graveler|191\/267
|faint|p2a: Electrode
|choice||switch 3
|
|switch|p2a: Gloom|Gloom, L90|218\/291
|turn|11
|choice|switch 2|move 1
|
|switch|p1a: Arbok|Arbok, L90|266\/291
|move|p2a: Gloom|Swords Dance|p2a: Gloom
|-boost|p2a: Gloom|atk|2
|
|turn|12
|choice|move 4|move 2
|
|move|p1a: Arbok|Body Slam|p2a: Gloom
|-damage|p2a: Gloom|153\/291
|move|p2a: Gloom|Double-Edge|p1a: Arbok
|-damage|p1a: Arbok|131\/291
|-damage|p2a: Gloom|120\/291|[from] recoil|[of] p1a: Arbok
|
|turn|13
|choice|move 4|move 2
|
|move|p1a: Arbok|Body Slam|p2a: Gloom
|-damage|p2a: Gloom|52\/291
|move|p2a: Gloom|Double-Edge|p1a: Arbok
|-damage|p1a: Arbok|0 fnt
|-damage|p2a: Gloom|20\/291|[from] recoil|[of] p1a: Arbok
|faint|p1a: Arbok
|choice|switch 3|
|
|switch|p1a: Primeape|Primeape, L90|300\/300
|turn|14
|choice|move 1|move 3
|
|move|p1a: Primeape|Body Slam|p2a: Gloom
|-damage|p2a: Gloom|0 fnt
|faint|p2a: Gloom
|choice||switch 6
|
|switch|p2a: Clefable|Clefable, L85|335\/335 par
|turn|15
|choice|move 3|move 4
|
|move|p1a: Primeape|Submission|p2a: Clefable
|-supereffective|p2a: Clefable
|-damage|p2a: Clefable|115\/335 par
|-damage|p1a: Primeape|245\/300|[from] recoil|[of] p2a: Clefable
|move|p2a: Clefable|Counter|p1a: Primeape
|-damage|p1a: Primeape|0 fnt
|faint|p1a: Primeape
|choice|switch 4|
|
|switch|p1a: Slowbro|Slowbro, L79|236\/312
|turn|16
|choice|move 3|move 3
|
|move|p1a: Slowbro|Amnesia|p1a: Slowbro
|-boost|p1a: Slowbro|spd|2
|-boost|p1a: Slowbro|spa|2
|move|p2a: Clefable|Thunder Wave|p1a: Slowbro
|-status|p1a: Slowbro|par
|
|turn|17
|choice|move 3|move 2
|
|move|p1a: Slowbro|Amnesia|p1a: Slowbro
|-boost|p1a: Slowbro|spd|2
|-boost|p1a: Slowbro|spa|2
|move|p2a: Clefable|Thunderbolt|p1a: Slowbro
|-supereffective|p1a: Slowbro
|-damage|p1a: Slowbro|188\/312 par
|
|turn|18
|choice|move 4|switch 4
|
|switch|p2a: Rapidash|Rapidash, L90|300\/300
|move|p1a: Slowbro|Surf|p2a: Rapidash
|-crit|p2a: Rapidash
|-supereffective|p2a: Rapidash
|-damage|p2a: Rapidash|0 fnt
|faint|p2a: Rapidash
|choice||switch 2
|
|switch|p2a: Mew|Mew, L74|300\/300
|turn|19
|choice|move 4|move 3
|
|move|p2a: Mew|Swords Dance|p2a: Mew
|-boost|p2a: Mew|atk|2
|move|p1a: Slowbro|Surf|p2a: Mew
|-damage|p2a: Mew|73\/300
|
|turn|20
|choice|move 4|move 2
|
|move|p2a: Mew|Explosion|p1a: Slowbro
|-crit|p1a: Slowbro
|-damage|p1a: Slowbro|0 fnt
|faint|p1a: Slowbro
|faint|p2a: Mew
|choice|switch 6|switch 4
|
|switch|p1a: Blastoise|Blastoise, L85|308\/308
|switch|p2a: Clefable|Clefable, L85|115\/335 par
|turn|21
|-message|MartinMatt forfeited.
|
|win|MALESANI
|leave|MartinMatt
|player|p2