|join|wherestheroof
|join|Cheesing
|player|p1|wherestheroof|101
|player|p2|Cheesing|244
|gametype|singles
|gen|1
|tier|[Gen 1] Random Battle
|rated
|rule|Sleep Clause Mod: Limit one foe put to sleep
|rule|Freeze Clause Mod: Limit one foe frozen
|rule|HP Percentage Mod: HP is shown in percentages
|
|start
|switch|p1a: Dugtrio|Dugtrio, L85|233\/233
|switch|p2a: Sandshrew|Sandshrew, L96|291\/291
|turn|1
|
|move|p1a: Dugtrio|Slash|p2a: Sandshrew
|-crit|p2a: Sandshrew
|-damage|p2a: Sandshrew|209\/291
|move|p2a: Sandshrew|Earthquake|p1a: Dugtrio
|-crit|p1a: Dugtrio
|-damage|p1a: Dugtrio|0 fnt
|faint|p1a: Dugtrio
|
|switch|p1a: Kabuto|Kabuto, L96|252\/252
|turn|2
|
|move|p1a: Kabuto|Surf|p2a: Sandshrew
|-supereffective|p2a: Sandshrew
|-damage|p2a: Sandshrew|0 fnt
|faint|p2a: Sandshrew
|
|switch|p2a: Zapdos|Zapdos, L79|304\/304
|turn|3
|
|move|p2a: Zapdos|Thunder Wave|p1a: Kabuto
|-status|p1a: Kabuto|par
|cant|p1a: Kabuto|par
|
|turn|4
|
|move|p2a: Zapdos|Thunderbolt|p1a: Kabuto
|-supereffective|p1a: Kabuto
|-damage|p1a: Kabuto|0 fnt
|faint|p1a: Kabuto
|
|switch|p1a: Articuno|Articuno, L79|304\/304
|turn|5
|
|move|p2a: Zapdos|Thunder Wave|p1a: Articuno
|-status|p1a: Articuno|par
|move|p1a: Articuno|Ice Beam|p2a: Zapdos
|-supereffective|p2a: Zapdos
|-damage|p2a: Zapdos|140\/304
|
|turn|6
|
|move|p2a: Zapdos|Thunderbolt|p1a: Articuno
|-supereffective|p1a: Articuno
|-damage|p1a: Articuno|124\/304 par
|move|p1a: Articuno|Ice Beam|p2a: Zapdos
|-supereffective|p2a: Zapdos
|-damage|p2a: Zapdos|0 fnt
|faint|p2a: Zapdos
|
|switch|p2a: Vaporeon|Vaporeon, L85|395\/395
|turn|7
|
|move|p2a: Vaporeon|Surf|p1a: Articuno
|-damage|p1a: Articuno|33\/304 par
|move|p1a: Articuno|Rest|p1a: Articuno
|-status|p1a: Articuno|slp
|-heal|p1a: Articuno|304\/304 slp|[silent]
|-status|p1a: Articuno|slp|[from] move: Rest
|
|turn|8
|
|move|p2a: Vaporeon|Surf|p1a: Articuno
|-crit|p1a: Articuno
|-damage|p1a: Articuno|127\/304 slp
|cant|p1a: Articuno|slp
|
|turn|9
|
|move|p2a: Vaporeon|Surf|p1a: Articuno
|-damage|p1a: Articuno|28\/304 slp
|-curestatus|p1a: Articuno|slp
|
|turn|10
|
|move|p2a: Vaporeon|Surf|p1a: Articuno
|-damage|p1a: Articuno|0 fnt
|faint|p1a: Articuno
|
|switch|p1a: Electabuzz|Electabuzz, L85|284\/284
|turn|11
|
|switch|p2a: Machop|Machop, L96|329\/329
|move|p1a: Electabuzz|Thunderbolt|p2a: Machop
|-damage|p2a: Machop|186\/329
|
|turn|12
|
|move|p1a: Electabuzz|Psychic|p2a: Machop
|-supereffective|p2a: Machop
|-damage|p2a: Machop|11\/329
|move|p2a: Machop|Body Slam|p1a: Electabuzz
|-damage|p1a: Electabuzz|203\/284
|
|turn|13
|
|move|p1a: Electabuzz|Psychic|p2a: Machop
|-supereffective|p2a: Machop
|-damage|p2a: Machop|0 fnt
|faint|p2a: Machop
|
|switch|p2a: Hypno|Hypno, L85|318\/318
|turn|14
|
|move|p1a: Electabuzz|Thunderbolt|p2a: Hypno
|-damage|p2a: Hypno|233\/318
|move|p2a: Hypno|Hypnosis|p1a: Electabuzz|[miss]
|-miss|p2a: Hypno
|
|turn|15
|
|move|p1a: Electabuzz|Thunderbolt|p2a: Hypno
|-damage|p2a: Hypno|149\/318
|move|p2a: Hypno|Hypnosis|p1a: Electabuzz|[miss]
|-miss|p2a: Hypno
|
|turn|16
|
|move|p1a: Electabuzz|Thunderbolt|p2a: Hypno
|-damage|p2a: Hypno|69\/318
|move|p2a: Hypno|Hypnosis|p1a: Electabuzz|[miss]
|-miss|p2a: Hypno
|
|turn|17
|c|★Cheesing|:(
|
|move|p1a: Electabuzz|Thunderbolt|p2a: Hypno
|-damage|p2a: Hypno|0 fnt
|faint|p2a: Hypno
|
|switch|p2a: Primeape|Primeape, L90|300\/300
|turn|18
|
|move|p1a: Electabuzz|Psychic|p2a: Primeape
|-supereffective|p2a: Primeape
|-damage|p2a: Primeape|148\/300
|-unboost|p2a: Primeape|spd|1
|-unboost|p2a: Primeape|spa|1
|move|p2a: Primeape|Submission|p1a: Electabuzz
|-damage|p1a: Electabuzz|70\/284
|-damage|p2a: Primeape|115\/300|[from] recoil|[of] p1a: Electabuzz
|
|turn|19
|
|move|p1a: Electabuzz|Psychic|p2a: Primeape
|-supereffective|p2a: Primeape
|-damage|p2a: Primeape|0 fnt
|faint|p2a: Primeape
|
|switch|p2a: Vaporeon|Vaporeon, L85|395\/395
|turn|20
|
|move|p1a: Electabuzz|Thunderbolt|p2a: Vaporeon
|-crit|p2a: Vaporeon
|-supereffective|p2a: Vaporeon
|-damage|p2a: Vaporeon|101\/395
|move|p2a: Vaporeon|Surf|p1a: Electabuzz
|-damage|p1a: Electabuzz|0 fnt
|faint|p1a: Electabuzz
|
|switch|p1a: Gloom|Gloom, L90|291\/291
|turn|21
|c|★Cheesing|gg
|
|move|p2a: Vaporeon|Blizzard|p1a: Gloom
|-supereffective|p1a: Gloom
|-damage|p1a: Gloom|109\/291
|move|p1a: Gloom|Mega Drain|p2a: Vaporeon
|-supereffective|p2a: Vaporeon
|-damage|p2a: Vaporeon|25\/395
|-heal|p1a: Gloom|147\/291|[from] drain|[of] p2a: Vaporeon
|
|turn|22
|
|move|p2a: Vaporeon|Blizzard|p1a: Gloom|[miss]
|-miss|p2a: Vaporeon
|move|p1a: Gloom|Mega Drain|p2a: Vaporeon
|-supereffective|p2a: Vaporeon
|-damage|p2a: Vaporeon|0 fnt
|-heal|p1a: Gloom|159\/291|[from] drain|[of] p2a: Vaporeon
|faint|p2a: Vaporeon
|
|win|wherestheroof
|raw|Ladder updating...
|raw|wherestheroof's rating: 1149 &rarr; <strong>1186<\/strong><br \/>(+37 for winning)
|raw|Cheesing's rating: 1321 &rarr; <strong>1292<\/strong><br \/>(-29 for losing)