|j|Dazmi
|j|baumgartner
|player|p1|Dazmi|256
|player|p2|baumgartner|29
|gametype|singles
|gen|1
|tier|[Gen 1] OU
|rated
|seed|
|rule|Sleep Clause Mod: Limit one foe put to sleep
|rule|Freeze Clause Mod: Limit one foe frozen
|rule|Species Clause: Limit one of each Pokémon
|rule|OHKO Clause: OHKO moves are banned
|rule|Evasion Moves Clause: Evasion moves are banned
|rule|HP Percentage Mod: HP is shown in percentages
|
|start
|switch|p1a: Starmie|Starmie|100\/100
|switch|p2a: Exeggutor|Exeggutor|100\/100
|turn|1
|choice||
|
|move|p1a: Starmie|Blizzard|p2a: Exeggutor
|-supereffective|p2a: Exeggutor
|-damage|p2a: Exeggutor|63\/100
|move|p2a: Exeggutor|Sleep Powder|p1a: Starmie
|-status|p1a: Starmie|slp
|
|turn|2
|choice||
|
|cant|p1a: Starmie|slp
|move|p2a: Exeggutor|Stun Spore|p1a: Starmie|[miss]
|-miss|p2a: Exeggutor
|
|turn|3
|choice||
|
|switch|p2a: Gengar|Gengar|100\/100
|-curestatus|p1a: Starmie|slp
|
|turn|4
|j|Shinypokes7
|choice||
|
|move|p1a: Starmie|Psychic|p2a: Gengar
|-supereffective|p2a: Gengar
|-damage|p2a: Gengar|44\/100
|move|p2a: Gengar|Thunderbolt|p1a: Starmie
|-supereffective|p1a: Starmie
|-damage|p1a: Starmie|45\/100
|
|turn|5
|choice||
|
|switch|p2a: Exeggutor|Exeggutor|63\/100
|move|p1a: Starmie|Psychic|p2a: Exeggutor
|-resisted|p2a: Exeggutor
|-damage|p2a: Exeggutor|51\/100
|
|turn|6
|choice||
|
|switch|p1a: Exeggutor|Exeggutor|100\/100
|move|p2a: Exeggutor|Sleep Powder|p1a: Exeggutor
|-status|p1a: Exeggutor|slp
|
|turn|7
|choice||
|
|switch|p2a: Snorlax|Snorlax|100\/100
|cant|p1a: Exeggutor|slp
|
|turn|8
|choice||
|
|-curestatus|p1a: Exeggutor|slp
|move|p2a: Snorlax|Body Slam|p1a: Exeggutor
|-damage|p1a: Exeggutor|68\/100
|
|turn|9
|c|★baumgartner|stay asleep
|choice||
|
|switch|p2a: Exeggutor|Exeggutor|51\/100
|move|p1a: Exeggutor|Sleep Powder|p2a: Exeggutor
|-status|p2a: Exeggutor|slp
|
|turn|10
|choice||
|
|move|p1a: Exeggutor|Egg Bomb|p2a: Exeggutor
|-damage|p2a: Exeggutor|30\/100 slp
|cant|p2a: Exeggutor|slp
|
|turn|11
|choice||
|
|switch|p2a: Snorlax|Snorlax|100\/100
|move|p1a: Exeggutor|Egg Bomb|p2a: Snorlax|[miss]
|-miss|p1a: Exeggutor
|
|turn|12
|choice||
|
|switch|p1a: Chansey|Chansey|100\/100
|move|p2a: Snorlax|Body Slam|p1a: Chansey
|-damage|p1a: Chansey|62\/100
|
|turn|13
|choice||
|
|move|p1a: Chansey|Thunder Wave|p2a: Snorlax
|-status|p2a: Snorlax|par
|move|p2a: Snorlax|Blizzard|p1a: Chansey
|-damage|p1a: Chansey|52\/100
|
|turn|14
|choice||
|
|move|p1a: Chansey|Soft-Boiled|p1a: Chansey
|-heal|p1a: Chansey|100\/100
|move|p2a: Snorlax|Body Slam|p1a: Chansey
|-crit|p1a: Chansey
|-damage|p1a: Chansey|18\/100
|
|turn|15
|choice||
|
|move|p1a: Chansey|Soft-Boiled|p1a: Chansey
|-heal|p1a: Chansey|68\/100
|move|p2a: Snorlax|Body Slam|p1a: Chansey
|-damage|p1a: Chansey|26\/100
|
|turn|16
|choice||
|
|move|p1a: Chansey|Soft-Boiled|p1a: Chansey
|-heal|p1a: Chansey|76\/100
|move|p2a: Snorlax|Body Slam|p1a: Chansey
|-damage|p1a: Chansey|36\/100
|
|turn|17
|choice||
|
|move|p1a: Chansey|Soft-Boiled|p1a: Chansey
|-heal|p1a: Chansey|86\/100
|move|p2a: Snorlax|Body Slam|p1a: Chansey
|-damage|p1a: Chansey|43\/100
|
|turn|18
|choice||
|
|move|p2a: Snorlax|Body Slam|p1a: Chansey
|-crit|p1a: Chansey
|-damage|p1a: Chansey|0 fnt
|faint|p1a: Chansey
|choice||
|
|switch|p1a: Lapras|Lapras|100\/100
|turn|19
|choice||
|
|move|p1a: Lapras|Confuse Ray|p2a: Snorlax
|-start|p2a: Snorlax|confusion
|-activate|p2a: Snorlax|confusion
|-damage|p2a: Snorlax|91\/100 par|[from] confusion
|
|turn|20
|choice||
|
|switch|p2a: Electrode|Electrode|100\/100
|move|p1a: Lapras|Blizzard|p2a: Electrode
|-damage|p2a: Electrode|49\/100
|
|turn|21
|choice||
|
|switch|p1a: Golem|Golem|100\/100
|move|p2a: Electrode|Thunder Wave|p1a: Golem
|-immune|p1a: Golem|[msg]
|
|turn|22
|choice||
|
|switch|p2a: Cloyster|Cloyster|100\/100
|move|p1a: Golem|Substitute|p1a: Golem
|-start|p1a: Golem|Substitute
|-damage|p1a: Golem|76\/100
|
|turn|23
|choice||
|
|move|p2a: Cloyster|Clamp|p1a: Golem
|-supereffective|p1a: Golem
|-end|p1a: Golem|Substitute
|cant|p1a: Golem|partiallytrapped
|
|turn|24
|choice||
|
|switch|p1a: Lapras|Lapras|100\/100
|move|p2a: Cloyster|Clamp|p1a: Lapras
|-resisted|p1a: Lapras
|-damage|p1a: Lapras|96\/100
|
|turn|25
|choice||
|
|switch|p2a: Gengar|Gengar|44\/100
|cant|p1a: Lapras|partiallytrapped
|
|turn|26
|choice||
|
|move|p2a: Gengar|Thunderbolt|p1a: Lapras
|-supereffective|p1a: Lapras
|-damage|p1a: Lapras|54\/100
|move|p1a: Lapras|Blizzard|p2a: Gengar
|-crit|p2a: Gengar
|-damage|p2a: Gengar|0 fnt
|faint|p2a: Gengar
|choice||
|
|switch|p2a: Electrode|Electrode|49\/100
|turn|27
|choice||
|
|switch|p1a: Golem|Golem|76\/100
|move|p2a: Electrode|Screech|p1a: Golem
|-unboost|p1a: Golem|def|2
|
|turn|28
|choice||
|
|switch|p2a: Cloyster|Cloyster|100\/100
|move|p1a: Golem|Earthquake|p2a: Cloyster
|-damage|p2a: Cloyster|72\/100
|
|turn|29
|choice||
|
|switch|p1a: Lapras|Lapras|54\/100
|move|p2a: Cloyster|Blizzard|p1a: Lapras
|-resisted|p1a: Lapras
|-damage|p1a: Lapras|47\/100
|
|turn|30
|choice||
|
|move|p2a: Cloyster|Clamp|p1a: Lapras
|-resisted|p1a: Lapras
|-damage|p1a: Lapras|43\/100
|cant|p1a: Lapras|partiallytrapped
|
|turn|31
|choice||
|
|move|p2a: Cloyster|Clamp|p1a: Lapras|[from]Clamp
|-damage|p1a: Lapras|39\/100
|cant|p1a: Lapras|partiallytrapped
|
|turn|32
|choice||
|
|move|p2a: Cloyster|Clamp|p1a: Lapras|[miss]
|-miss|p2a: Cloyster
|move|p1a: Lapras|Confuse Ray|p2a: Cloyster
|-start|p2a: Cloyster|confusion
|
|turn|33
|choice||
|
|switch|p2a: Exeggutor|Exeggutor|30\/100 slp
|move|p1a: Lapras|Thunderbolt|p2a: Exeggutor
|-resisted|p2a: Exeggutor
|-damage|p2a: Exeggutor|22\/100 slp
|
|turn|34
|j|Dartz3
|choice||
|
|move|p1a: Lapras|Blizzard|p2a: Exeggutor
|-supereffective|p2a: Exeggutor
|-damage|p2a: Exeggutor|0 fnt
|faint|p2a: Exeggutor
|choice||
|
|switch|p2a: Cloyster|Cloyster|72\/100
|turn|35
|choice||
|
|move|p2a: Cloyster|Clamp|p1a: Lapras|[miss]
|-miss|p2a: Cloyster
|move|p1a: Lapras|Confuse Ray|p2a: Cloyster
|-start|p2a: Cloyster|confusion
|
|turn|36
|choice||
|
|switch|p2a: Electrode|Electrode|49\/100
|move|p1a: Lapras|Thunderbolt|p2a: Electrode
|-resisted|p2a: Electrode
|-damage|p2a: Electrode|37\/100
|
|turn|37
|choice||
|
|move|p2a: Electrode|Thunderbolt|p1a: Lapras
|-supereffective|p1a: Lapras
|-damage|p1a: Lapras|0 fnt
|faint|p1a: Lapras
|choice||
|
|switch|p1a: Golem|Golem|76\/100
|turn|38
|choice||
|
|switch|p2a: Snorlax|Snorlax|91\/100 par
|move|p1a: Golem|Substitute|p1a: Golem
|-start|p1a: Golem|Substitute
|-damage|p1a: Golem|51\/100
|
|turn|39
|choice||
|
|move|p1a: Golem|Earthquake|p2a: Snorlax
|-damage|p2a: Snorlax|62\/100 par
|move|p2a: Snorlax|Blizzard|p1a: Golem
|-supereffective|p1a: Golem
|-end|p1a: Golem|Substitute
|
|turn|40
|choice||
|
|move|p1a: Golem|Explosion|p2a: Snorlax
|-damage|p2a: Snorlax|0 fnt
|faint|p2a: Snorlax
|faint|p1a: Golem
|choice||
|
|switch|p1a: Starmie|Starmie|45\/100
|switch|p2a: Cloyster|Cloyster|72\/100
|turn|41
|choice||
|
|switch|p2a: Golem|Golem|100\/100
|move|p1a: Starmie|Recover|p1a: Starmie
|-heal|p1a: Starmie|95\/100
|
|turn|42
|choice||
|
|move|p1a: Starmie|Blizzard|p2a: Golem
|-crit|p2a: Golem
|-supereffective|p2a: Golem
|-damage|p2a: Golem|0 fnt
|faint|p2a: Golem
|c|★baumgartner|dat crit
|-message|baumgartner forfeited.
|
|win|Dazmi
|player|p1
|player|p2
|l|baumgartner