|join|eldougi
|join|Cotton Gin
|player|p1|eldougi|169
|player|p2|Cotton Gin|26
|gametype|singles
|gen|1
|tier|[Gen 1] Random Battle
|rated
|rule|Sleep Clause Mod: Limit one foe put to sleep
|rule|Freeze Clause Mod: Limit one foe frozen
|rule|HP Percentage Mod: HP is shown in percentages
|
|start
|switch|p1a: Voltorb|Voltorb, L96|272\/272
|switch|p2a: Electabuzz|Electabuzz, L85|284\/284
|turn|1
|
|switch|p1a: Hypno|Hypno, L85|318\/318
|move|p2a: Electabuzz|Thunder Wave|p1a: Hypno
|-status|p1a: Hypno|par
|
|turn|2
|
|switch|p2a: Jynx|Jynx, L79|265\/265
|move|p1a: Hypno|Thunder Wave|p2a: Jynx
|-status|p2a: Jynx|par
|
|turn|3
|
|move|p2a: Jynx|Mimic|p1a: Hypno
|-start|p2a: Jynx|Mimic|Rest
|cant|p1a: Hypno|par
|
|turn|4
|
|switch|p2a: Tauros|Tauros, L79|280\/280
|move|p1a: Hypno|Psychic|p2a: Tauros
|-damage|p2a: Tauros|149\/280
|
|turn|5
|
|move|p2a: Tauros|Earthquake|p1a: Hypno
|-damage|p1a: Hypno|246\/318 par
|move|p1a: Hypno|Thunder Wave|p2a: Tauros
|-status|p2a: Tauros|par
|
|turn|6
|
|move|p2a: Tauros|Earthquake|p1a: Hypno
|-damage|p1a: Hypno|173\/318 par
|move|p1a: Hypno|Psychic|p2a: Tauros
|-damage|p2a: Tauros|25\/280 par
|
|turn|7
|
|move|p2a: Tauros|Hyper Beam|p1a: Hypno
|-crit|p1a: Hypno
|-damage|p1a: Hypno|0 fnt
|faint|p1a: Hypno
|
|switch|p1a: Nidoqueen|Nidoqueen, L85|327\/327
|turn|8
|
|move|p1a: Nidoqueen|Body Slam|p2a: Tauros
|-crit|p2a: Tauros
|-damage|p2a: Tauros|0 fnt
|faint|p2a: Tauros
|
|switch|p2a: Dewgong|Dewgong, L85|327\/327
|turn|9
|
|switch|p1a: Magmar|Magmar, L85|284\/284
|move|p2a: Dewgong|Blizzard|p1a: Magmar
|-damage|p1a: Magmar|165\/284
|
|turn|10
|
|move|p1a: Magmar|Confuse Ray|p2a: Dewgong
|-start|p2a: Dewgong|confusion
|-activate|p2a: Dewgong|confusion
|-damage|p2a: Dewgong|299\/327|[from] confusion
|
|turn|11
|
|switch|p2a: Wartortle|Wartortle, L85|274\/274
|move|p1a: Magmar|Fire Blast|p2a: Wartortle
|-resisted|p2a: Wartortle
|-damage|p2a: Wartortle|200\/274
|-status|p2a: Wartortle|brn
|
|turn|12
|
|switch|p1a: Voltorb|Voltorb, L96|272\/272
|move|p2a: Wartortle|Mimic|p1a: Voltorb
|-start|p2a: Wartortle|Mimic|Thunder
|-damage|p2a: Wartortle|183\/274 brn|[from] brn|[of] p1a: Voltorb
|
|turn|13
|
|move|p1a: Voltorb|Thunder|p2a: Wartortle|[miss]
|-miss|p1a: Voltorb
|move|p2a: Wartortle|Hydro Pump|p1a: Voltorb
|-damage|p1a: Voltorb|162\/272
|-damage|p2a: Wartortle|166\/274 brn|[from] brn|[of] p1a: Voltorb
|
|turn|14
|
|move|p1a: Voltorb|Thunder|p2a: Wartortle
|-supereffective|p2a: Wartortle
|-damage|p2a: Wartortle|0 fnt
|faint|p2a: Wartortle
|
|switch|p2a: Electabuzz|Electabuzz, L85|284\/284
|turn|15
|
|switch|p1a: Nidoqueen|Nidoqueen, L85|327\/327
|move|p2a: Electabuzz|Psychic|p1a: Nidoqueen
|-supereffective|p1a: Nidoqueen
|-damage|p1a: Nidoqueen|193\/327
|
|turn|16
|
|move|p2a: Electabuzz|Psychic|p1a: Nidoqueen
|-supereffective|p1a: Nidoqueen
|-damage|p1a: Nidoqueen|70\/327
|-unboost|p1a: Nidoqueen|spd|1
|-unboost|p1a: Nidoqueen|spa|1
|move|p1a: Nidoqueen|Earthquake|p2a: Electabuzz
|-supereffective|p2a: Electabuzz
|-damage|p2a: Electabuzz|34\/284
|
|turn|17
|
|move|p2a: Electabuzz|Psychic|p1a: Nidoqueen
|-supereffective|p1a: Nidoqueen
|-damage|p1a: Nidoqueen|0 fnt
|faint|p1a: Nidoqueen
|
|switch|p1a: Dodrio|Dodrio, L85|276\/276
|turn|18
|
|move|p2a: Electabuzz|Thunder Wave|p1a: Dodrio
|-status|p1a: Dodrio|par
|move|p1a: Dodrio|Body Slam|p2a: Electabuzz
|-crit|p2a: Electabuzz
|-damage|p2a: Electabuzz|0 fnt
|faint|p2a: Electabuzz
|
|switch|p2a: Dewgong|Dewgong, L85|299\/327
|turn|19
|
|move|p2a: Dewgong|Surf|p1a: Dodrio
|-damage|p1a: Dodrio|147\/276 par
|cant|p1a: Dodrio|par
|
|turn|20
|
|move|p2a: Dewgong|Surf|p1a: Dodrio
|-damage|p1a: Dodrio|22\/276 par
|move|p1a: Dodrio|Drill Peck|p2a: Dewgong
|-damage|p2a: Dewgong|203\/327
|
|turn|21
|
|move|p2a: Dewgong|Body Slam|p1a: Dodrio
|-damage|p1a: Dodrio|0 fnt
|faint|p1a: Dodrio
|
|switch|p1a: Voltorb|Voltorb, L96|162\/272
|turn|22
|
|move|p1a: Voltorb|Thunder|p2a: Dewgong|[miss]
|-miss|p1a: Voltorb
|move|p2a: Dewgong|Blizzard|p1a: Voltorb
|-damage|p1a: Voltorb|21\/272
|
|turn|23
|
|move|p1a: Voltorb|Thunder|p2a: Dewgong
|-supereffective|p2a: Dewgong
|-damage|p2a: Dewgong|0 fnt
|faint|p2a: Dewgong
|
|switch|p2a: Nidorino|Nidorino, L90|293\/293
|turn|24
|
|move|p1a: Voltorb|Explosion|p2a: Nidorino
|-damage|p2a: Nidorino|106\/293
|faint|p1a: Voltorb
|
|switch|p1a: Venomoth|Venomoth, L85|293\/293
|turn|25
|
|move|p1a: Venomoth|Psychic|p2a: Nidorino
|-supereffective|p2a: Nidorino
|-damage|p2a: Nidorino|0 fnt
|faint|p2a: Nidorino
|
|switch|p2a: Jynx|Jynx, L79|265\/265 par
|turn|26
|
|move|p1a: Venomoth|Psychic|p2a: Jynx
|-resisted|p2a: Jynx
|-damage|p2a: Jynx|235\/265 par
|move|p2a: Jynx|Psychic|p1a: Venomoth
|-supereffective|p1a: Venomoth
|-damage|p1a: Venomoth|126\/293
|
|turn|27
|
|move|p1a: Venomoth|Mega Drain|p2a: Jynx
|-damage|p2a: Jynx|206\/265 par
|-heal|p1a: Venomoth|140\/293|[from] drain|[of] p2a: Jynx
|move|p2a: Jynx|Psychic|p1a: Venomoth
|-supereffective|p1a: Venomoth
|-damage|p1a: Venomoth|0 fnt
|faint|p1a: Venomoth
|
|switch|p1a: Magmar|Magmar, L85|165\/284
|turn|28
|
|move|p1a: Magmar|Fire Blast|p2a: Jynx|[miss]
|-miss|p1a: Magmar
|move|p2a: Jynx|Psychic|p1a: Magmar
|-damage|p1a: Magmar|77\/284
|-unboost|p1a: Magmar|spd|1
|-unboost|p1a: Magmar|spa|1
|
|turn|29
|
|move|p1a: Magmar|Fire Blast|p2a: Jynx
|-supereffective|p2a: Jynx
|-damage|p2a: Jynx|47\/265 par
|move|p2a: Jynx|Psychic|p1a: Magmar
|-damage|p1a: Magmar|0 fnt
|faint|p1a: Magmar
|
|win|Cotton Gin
|raw|Ladder updating...
|c|★Cotton Gin|gg
|raw|eldougi's rating: 1163 &rarr; <strong>1134<\/strong><br \/>(-29 for losing)
|raw|Cotton Gin's rating: 1108 &rarr; <strong>1137<\/strong><br \/>(+29 for winning)