|join|erik1erik
|join|autismandmusic69
|player|p1|erik1erik|101
|player|p2|autismandmusic69|9
|gametype|singles
|gen|1
|tier|[Gen 1] Random Battle
|rated
|rule|Sleep Clause Mod: Limit one foe put to sleep
|rule|Freeze Clause Mod: Limit one foe frozen
|rule|HP Percentage Mod: HP is shown in percentages
|
|start
|switch|p1a: Hitmonlee|Hitmonlee, L85|259\/259
|switch|p2a: Metapod|Metapod, L99|300\/300
|turn|1
|
|switch|p1a: Raichu|Raichu, L85|276\/276
|move|p2a: Metapod|String Shot|p1a: Raichu
|-unboost|p1a: Raichu|spe|1
|
|turn|2
|
|move|p1a: Raichu|Agility|p1a: Raichu
|-boost|p1a: Raichu|spe|2
|move|p2a: Metapod|String Shot|p1a: Raichu
|-unboost|p1a: Raichu|spe|1
|
|turn|3
|
|switch|p2a: Mew|Mew, L74|300\/300
|move|p1a: Raichu|Agility|p1a: Raichu
|-boost|p1a: Raichu|spe|2
|
|turn|4
|
|move|p1a: Raichu|Thunder|p2a: Mew
|-damage|p2a: Mew|177\/300
|move|p2a: Mew|Earthquake|p1a: Raichu
|-supereffective|p1a: Raichu
|-damage|p1a: Raichu|126\/276
|
|turn|5
|
|switch|p1a: Moltres|Moltres, L85|327\/327
|move|p2a: Mew|Earthquake|p1a: Moltres
|-immune|p1a: Moltres|[msg]
|
|turn|6
|
|move|p1a: Moltres|Fire Blast|p2a: Mew
|-damage|p2a: Mew|6\/300
|-status|p2a: Mew|brn
|move|p2a: Mew|Explosion|p1a: Moltres
|-damage|p1a: Moltres|234\/327
|faint|p2a: Mew
|
|switch|p2a: Slowbro|Slowbro, L79|312\/312
|turn|7
|
|switch|p1a: Muk|Muk, L85|352\/352
|move|p2a: Slowbro|Thunder Wave|p1a: Muk
|-status|p1a: Muk|par
|
|turn|8
|
|switch|p2a: Metapod|Metapod, L99|300\/300
|cant|p1a: Muk|par
|
|turn|9
|
|switch|p1a: Raichu|Raichu, L85|126\/276
|move|p2a: Metapod|Tackle|p1a: Raichu
|-damage|p1a: Raichu|104\/276
|
|turn|10
|
|move|p1a: Raichu|Agility|p1a: Raichu
|-boost|p1a: Raichu|spe|2
|move|p2a: Metapod|String Shot|p1a: Raichu
|-unboost|p1a: Raichu|spe|1
|
|turn|11
|
|move|p1a: Raichu|Surf|p2a: Metapod
|-damage|p2a: Metapod|189\/300
|move|p2a: Metapod|Tackle|p1a: Raichu
|-damage|p1a: Raichu|84\/276
|
|turn|12
|
|move|p1a: Raichu|Thunder|p2a: Metapod
|-damage|p2a: Metapod|7\/300
|move|p2a: Metapod|Tackle|p1a: Raichu
|-crit|p1a: Raichu
|-damage|p1a: Raichu|45\/276
|
|turn|13
|
|move|p1a: Raichu|Surf|p2a: Metapod
|-crit|p2a: Metapod
|-damage|p2a: Metapod|0 fnt
|faint|p2a: Metapod
|
|switch|p2a: Lapras|Lapras, L79|367\/367
|turn|14
|
|move|p1a: Raichu|Thunder|p2a: Lapras
|-crit|p2a: Lapras
|-supereffective|p2a: Lapras
|-damage|p2a: Lapras|0 fnt
|faint|p2a: Lapras
|
|switch|p2a: Snorlax|Snorlax, L79|415\/415
|turn|15
|
|move|p1a: Raichu|Thunder|p2a: Snorlax|[miss]
|-miss|p1a: Raichu
|move|p2a: Snorlax|Hyper Beam|p1a: Raichu
|-damage|p1a: Raichu|0 fnt
|faint|p1a: Raichu
|
|switch|p1a: Hitmonlee|Hitmonlee, L85|259\/259
|turn|16
|
|switch|p2a: Slowbro|Slowbro, L79|312\/312
|move|p1a: Hitmonlee|High Jump Kick|p2a: Slowbro
|-resisted|p2a: Slowbro
|-damage|p2a: Slowbro|263\/312
|
|turn|17
|
|move|p1a: Hitmonlee|Body Slam|p2a: Slowbro
|-damage|p2a: Slowbro|200\/312
|move|p2a: Slowbro|Amnesia|p2a: Slowbro
|-boost|p2a: Slowbro|spd|2
|-boost|p2a: Slowbro|spa|2
|
|turn|18
|
|switch|p1a: Muk|Muk, L85|352\/352 par
|move|p2a: Slowbro|Surf|p1a: Muk
|-damage|p1a: Muk|154\/352 par
|
|turn|19
|c|★autismandmusic69|you're so fucking bad, too bad you're equally as lucky as you are bad
|
|move|p2a: Slowbro|Surf|p1a: Muk
|-damage|p1a: Muk|0 fnt
|faint|p1a: Muk
|
|switch|p1a: Machoke|Machoke, L85|310\/310
|turn|20
|
|move|p1a: Machoke|Double-Edge|p2a: Slowbro
|-damage|p2a: Slowbro|133\/312
|-damage|p1a: Machoke|294\/310|[from] recoil|[of] p2a: Slowbro
|move|p2a: Slowbro|Thunder Wave|p1a: Machoke
|-status|p1a: Machoke|par
|
|turn|21
|
|move|p2a: Slowbro|Amnesia|p2a: Slowbro
|-boost|p2a: Slowbro|spd|2
|-boost|p2a: Slowbro|spa|2
|move|p1a: Machoke|Double-Edge|p2a: Slowbro
|-damage|p2a: Slowbro|62\/312
|-damage|p1a: Machoke|277\/310 par|[from] recoil|[of] p2a: Slowbro
|
|turn|22
|
|move|p2a: Slowbro|Rest|p2a: Slowbro
|-status|p2a: Slowbro|slp
|-heal|p2a: Slowbro|312\/312 slp|[silent]
|-status|p2a: Slowbro|slp|[from] move: Rest
|cant|p1a: Machoke|par
|
|turn|23
|
|cant|p2a: Slowbro|slp
|cant|p1a: Machoke|par
|
|turn|24
|
|cant|p2a: Slowbro|slp
|-curestatus|p2a: Slowbro|slp
|move|p1a: Machoke|Double-Edge|p2a: Slowbro
|-damage|p2a: Slowbro|244\/312
|-damage|p1a: Machoke|260\/310 par|[from] recoil|[of] p2a: Slowbro
|
|turn|25
|
|move|p2a: Slowbro|Surf|p1a: Machoke
|-damage|p1a: Machoke|0 fnt
|faint|p1a: Machoke
|
|switch|p1a: Lapras|Lapras, L79|367\/367
|turn|26
|
|move|p1a: Lapras|Confuse Ray|p2a: Slowbro
|-start|p2a: Slowbro|confusion
|-activate|p2a: Slowbro|confusion
|move|p2a: Slowbro|Thunder Wave|p1a: Lapras
|-status|p1a: Lapras|par
|
|turn|27
|
|switch|p2a: Snorlax|Snorlax, L79|415\/415
|move|p1a: Lapras|Ice Beam|p2a: Snorlax
|-damage|p2a: Snorlax|307\/415
|
|turn|28
|
|move|p2a: Snorlax|Amnesia|p2a: Snorlax
|-boost|p2a: Snorlax|spd|2
|-boost|p2a: Snorlax|spa|2
|move|p1a: Lapras|Confuse Ray|p2a: Snorlax
|-start|p2a: Snorlax|confusion
|
|turn|29
|
|switch|p1a: Hitmonlee|Hitmonlee, L85|259\/259
|-activate|p2a: Snorlax|confusion
|move|p2a: Snorlax|Hyper Beam|p1a: Hitmonlee
|-damage|p1a: Hitmonlee|68\/259
|
|turn|30
|
|move|p1a: Hitmonlee|High Jump Kick|p2a: Snorlax
|-supereffective|p2a: Snorlax
|-damage|p2a: Snorlax|27\/415
|cant|p2a: Snorlax|recharge
|
|turn|31
|
|switch|p2a: Slowbro|Slowbro, L79|244\/312
|move|p1a: Hitmonlee|Body Slam|p2a: Slowbro
|-damage|p2a: Slowbro|175\/312
|
|turn|32
|
|move|p1a: Hitmonlee|Body Slam|p2a: Slowbro
|-damage|p2a: Slowbro|113\/312
|move|p2a: Slowbro|Thunder Wave|p1a: Hitmonlee
|-status|p1a: Hitmonlee|par
|
|turn|33
|
|move|p2a: Slowbro|Rest|p2a: Slowbro
|-status|p2a: Slowbro|slp
|-heal|p2a: Slowbro|312\/312 slp|[silent]
|-status|p2a: Slowbro|slp|[from] move: Rest
|move|p1a: Hitmonlee|Body Slam|p2a: Slowbro
|-crit|p2a: Slowbro
|-damage|p2a: Slowbro|192\/312 slp
|
|turn|34
|
|cant|p2a: Slowbro|slp
|cant|p1a: Hitmonlee|par
|
|turn|35
|
|cant|p2a: Slowbro|slp
|-curestatus|p2a: Slowbro|slp
|move|p1a: Hitmonlee|Body Slam|p2a: Slowbro|[miss]
|-miss|p1a: Hitmonlee
|
|turn|36
|
|move|p2a: Slowbro|Surf|p1a: Hitmonlee
|-damage|p1a: Hitmonlee|0 fnt
|faint|p1a: Hitmonlee
|
|switch|p1a: Moltres|Moltres, L85|234\/327
|turn|37
|
|move|p1a: Moltres|Sky Attack|p2a: Slowbro|[still]
|-prepare|p1a: Moltres|Sky Attack|p2a: Slowbro
|move|p2a: Slowbro|Thunder Wave|p1a: Moltres
|-status|p1a: Moltres|par
|
|turn|38
|
|switch|p2a: Rhydon|Rhydon, L79|328\/328
|move|p1a: Moltres|Sky Attack|p2a: Rhydon
|-resisted|p2a: Rhydon
|-damage|p2a: Rhydon|260\/328
|
|turn|39
|c|★autismandmusic69|solid plan
|
|move|p2a: Rhydon|Rock Slide|p1a: Moltres
|-supereffective|p1a: Moltres
|-damage|p1a: Moltres|0 fnt
|faint|p1a: Moltres
|
|switch|p1a: Lapras|Lapras, L79|367\/367 par
|turn|40
|c|★autismandmusic69|sorry for saying you didnt suck majorly earlier
|c|★autismandmusic69|I was very wrong
|
|move|p2a: Rhydon|Earthquake|p1a: Lapras
|-crit|p1a: Lapras
|-damage|p1a: Lapras|114\/367 par
|cant|p1a: Lapras|par
|
|turn|41
|c|★autismandmusic69|aww I wanted my big finish
|c|★autismandmusic69|with snorlax
|
|move|p2a: Rhydon|Substitute|p2a: Rhydon
|-start|p2a: Rhydon|Substitute
|-damage|p2a: Rhydon|178\/328
|move|p1a: Lapras|Blizzard|p2a: Rhydon
|-supereffective|p2a: Rhydon
|-end|p2a: Rhydon|Substitute
|
|turn|42
|
|move|p2a: Rhydon|Body Slam|p1a: Lapras
|-damage|p1a: Lapras|36\/367 par
|move|p1a: Lapras|Blizzard|p2a: Rhydon
|-supereffective|p2a: Rhydon
|-damage|p2a: Rhydon|0 fnt
|faint|p2a: Rhydon
|c|★autismandmusic69|fuck it im getting it
|
|switch|p2a: Snorlax|Snorlax, L79|27\/415
|turn|43
|c|★autismandmusic69|just because fuck you
|
|move|p2a: Snorlax|Self-Destruct|p1a: Lapras
|-damage|p1a: Lapras|0 fnt
|faint|p1a: Lapras
|faint|p2a: Snorlax
|
|win|autismandmusic69
|raw|Ladder updating...
|raw|erik1erik's rating: 1370 &rarr; <strong>1347<\/strong><br \/>(-23 for losing)
|raw|autismandmusic69's rating: 1324 &rarr; <strong>1346<\/strong><br \/>(+22 for winning)