|j|MALESANI
|j|Herrayquazabeauty
|player|p1|MALESANI|238
|player|p2|Herrayquazabeauty|274
|gametype|singles
|gen|1
|tier|[Gen 1] Random Battle
|rated
|seed|21327,37385,19657,7307
|rule|Sleep Clause Mod: Limit one foe put to sleep
|rule|Freeze Clause Mod: Limit one foe frozen
|rule|HP Percentage Mod: HP is shown in percentages
|
|start
|switch|p1a: Raichu|Raichu, L85|276\/276
|switch|p2a: Charizard|Charizard, L85|306\/306
|turn|1
|j|Llama lump
|choice|move 4|switch 2
|
|switch|p2a: Golem|Golem, L79|288\/288
|move|p1a: Raichu|Thunder Wave|p2a: Golem
|-immune|p2a: Golem|[msg]
|
|turn|2
|choice|move 1|move 1
|
|move|p1a: Raichu|Surf|p2a: Golem
|-supereffective|p2a: Golem
|-damage|p2a: Golem|0 fnt
|faint|p2a: Golem
|choice||switch 5
|
|switch|p2a: Raticate|Raticate, L85|267\/267
|turn|3
|choice|move 4|move 2
|
|move|p1a: Raichu|Thunder Wave|p2a: Raticate
|-status|p2a: Raticate|par
|move|p2a: Raticate|Body Slam|p1a: Raichu
|-damage|p1a: Raichu|175\/276
|
|turn|4
|choice|switch 3|move 2
|
|switch|p1a: Tauros|Tauros, L79|280\/280
|move|p2a: Raticate|Body Slam|p1a: Tauros
|-damage|p1a: Tauros|195\/280
|
|turn|5
|choice|move 3|move 2
|
|move|p1a: Tauros|Body Slam|p2a: Raticate
|-damage|p2a: Raticate|160\/267 par
|move|p2a: Raticate|Body Slam|p1a: Tauros
|-damage|p1a: Tauros|117\/280
|
|turn|6
|choice|move 2|move 4
|
|move|p1a: Tauros|Hyper Beam|p2a: Raticate
|-crit|p2a: Raticate
|-damage|p2a: Raticate|0 fnt
|faint|p2a: Raticate
|choice||switch 2
|
|switch|p2a: Charizard|Charizard, L85|306\/306
|turn|7
|choice|switch 4|move 3
|
|switch|p1a: Moltres|Moltres, L85|327\/327
|move|p2a: Charizard|Fire Blast|p1a: Moltres
|-resisted|p1a: Moltres
|-damage|p1a: Moltres|280\/327
|
|turn|8
|choice|move 4|move 2
|
|move|p2a: Charizard|Body Slam|p1a: Moltres
|-damage|p1a: Moltres|226\/327
|-status|p1a: Moltres|par
|move|p1a: Moltres|Agility|p1a: Moltres
|-boost|p1a: Moltres|spe|2
|
|turn|9
|choice|move 1|switch 3
|
|switch|p2a: Muk|Muk, L90|372\/372
|move|p1a: Moltres|Fire Blast|p2a: Muk
|-damage|p2a: Muk|196\/372
|
|turn|10
|choice|move 1|move 4
|
|cant|p1a: Moltres|par
|move|p2a: Muk|Body Slam|p1a: Moltres
|-damage|p1a: Moltres|161\/327 par
|
|turn|11
|choice|move 1|move 1
|
|cant|p1a: Moltres|par
|move|p2a: Muk|Explosion|p1a: Moltres
|-damage|p1a: Moltres|0 fnt
|faint|p1a: Moltres
|faint|p2a: Muk
|choice|switch 2|switch 4
|
|switch|p2a: Machamp|Machamp, L90|345\/345
|switch|p1a: Wartortle|Wartortle, L85|274\/274
|turn|12
|choice|move 2|switch 6
|
|switch|p2a: Poliwhirl|Poliwhirl, L85|284\/284
|move|p1a: Wartortle|Surf|p2a: Poliwhirl
|-resisted|p2a: Poliwhirl
|-damage|p2a: Poliwhirl|230\/284
|
|turn|13
|choice|switch 3|move 2
|
|switch|p1a: Raichu|Raichu, L85|175\/276
|move|p2a: Poliwhirl|Hypnosis|p1a: Raichu|[miss]
|-miss|p2a: Poliwhirl
|
|turn|14
|choice|move 4|move 2
|
|move|p1a: Raichu|Thunder Wave|p2a: Poliwhirl
|-status|p2a: Poliwhirl|par
|cant|p2a: Poliwhirl|par
|
|turn|15
|choice|move 3|move 2
|
|move|p1a: Raichu|Thunder|p2a: Poliwhirl
|-supereffective|p2a: Poliwhirl
|-damage|p2a: Poliwhirl|0 fnt
|faint|p2a: Poliwhirl
|choice||switch 6
|
|switch|p2a: Machamp|Machamp, L90|345\/345
|turn|16
|choice|move 4|move 1
|
|move|p1a: Raichu|Thunder Wave|p2a: Machamp
|-status|p2a: Machamp|par
|cant|p2a: Machamp|par
|
|turn|17
|choice|switch 6|move 1
|
|switch|p1a: Hitmonlee|Hitmonlee, L90|273\/273
|cant|p2a: Machamp|par
|
|turn|18
|choice|move 4|move 4
|
|move|p2a: Machamp|Body Slam|p1a: Hitmonlee
|-damage|p1a: Hitmonlee|169\/273
|-status|p1a: Hitmonlee|par
|move|p1a: Hitmonlee|Counter|p2a: Machamp
|-damage|p2a: Machamp|137\/345 par
|
|turn|19
|choice|move 2|move 2
|
|move|p1a: Hitmonlee|Body Slam|p2a: Machamp
|-damage|p2a: Machamp|57\/345 par
|move|p2a: Machamp|Hyper Beam|p1a: Hitmonlee
|-damage|p1a: Hitmonlee|0 fnt
|faint|p1a: Hitmonlee
|choice|switch 5|
|
|switch|p1a: Gengar|Gengar, L79|257\/257
|turn|20
|choice|move 3|move 1
|
|move|p1a: Gengar|Psychic|p2a: Machamp
|-supereffective|p2a: Machamp
|-damage|p2a: Machamp|0 fnt
|faint|p2a: Machamp
|choice||switch 3
|
|switch|p2a: Charizard|Charizard, L85|306\/306
|turn|21
|choice|move 1|move 4
|
|move|p2a: Charizard|Earthquake|p1a: Gengar
|-crit|p1a: Gengar
|-supereffective|p1a: Gengar
|-damage|p1a: Gengar|0 fnt
|faint|p1a: Gengar
|choice|switch 3|
|
|switch|p1a: Wartortle|Wartortle, L85|274\/274
|turn|22
|choice|move 2|move 2
|
|move|p2a: Charizard|Body Slam|p1a: Wartortle
|-damage|p1a: Wartortle|214\/274
|move|p1a: Wartortle|Surf|p2a: Charizard
|-supereffective|p2a: Charizard
|-damage|p2a: Charizard|138\/306
|
|turn|23
|choice|move 2|move 2
|
|move|p2a: Charizard|Body Slam|p1a: Wartortle
|-damage|p1a: Wartortle|157\/274
|move|p1a: Wartortle|Surf|p2a: Charizard
|-supereffective|p2a: Charizard
|-damage|p2a: Charizard|0 fnt
|faint|p2a: Charizard
|
|win|MALESANI
|player|p1
|player|p2
|raw|MALESANI's rating: 1529 &rarr; <strong>1536<\/strong><br \/>(+7 for winning)
|raw|Herrayquazabeauty's rating: 1266 &rarr; <strong>1257<\/strong><br \/>(-9 for losing)