|join|old zanadu
|join|XianJu
|player|p1|old zanadu|110
|player|p2|XianJu|130
|gametype|singles
|gen|1
|tier|[Gen 1] OU
|rated
|seed|19039,65265,34307,44397
|rule|Sleep Clause Mod: Limit one foe put to sleep
|rule|Freeze Clause Mod: Limit one foe frozen
|rule|Species Clause: Limit one of each Pokémon
|rule|OHKO Clause: OHKO moves are banned
|rule|Evasion Moves Clause: Evasion moves are banned
|rule|HP Percentage Mod: HP is shown in percentages
|
|start
|switch|p1a: Gengar|Gengar|323\/323
|switch|p2a: Alakazam|Alakazam|313\/313
|turn|1
|choice|switch 5|move 1
|
|switch|p1a: Alakazam|Alakazam|313\/313
|move|p2a: Alakazam|Psychic|p1a: Alakazam
|-resisted|p1a: Alakazam
|-damage|p1a: Alakazam|258\/313
|
|turn|2
|choice|move 1|switch 3
|
|switch|p2a: Chansey|Chansey|703\/703
|move|p1a: Alakazam|Thunder Wave|p2a: Chansey
|-status|p2a: Chansey|par
|
|turn|3
|choice|switch 2|switch 4
|
|switch|p1a: Snorlax|Snorlax|523\/523
|switch|p2a: Exeggutor|Exeggutor|393\/393
|
|turn|4
|choice|move 3|move 1
|
|move|p2a: Exeggutor|Sleep Powder|p1a: Snorlax
|-status|p1a: Snorlax|slp
|cant|p1a: Snorlax|slp
|
|turn|5
|choice|switch 3|switch 2
|
|switch|p2a: Rhydon|Rhydon|413\/413
|switch|p1a: Chansey|Chansey|703\/703
|
|turn|6
|choice|move 2|switch 6
|
|switch|p2a: Gengar|Gengar|323\/323
|move|p1a: Chansey|Ice Beam|p2a: Gengar
|-damage|p2a: Gengar|258\/323
|
|turn|7
|choice|move 1|move 4
|
|move|p2a: Gengar|Mega Drain|p1a: Chansey
|-damage|p1a: Chansey|668\/703
|-heal|p2a: Gengar|275\/323|[from] drain|[of] p1a: Chansey
|move|p1a: Chansey|Thunder Wave|p2a: Gengar
|-status|p2a: Gengar|par
|
|turn|8
|choice|move 3|move 4
|
|move|p1a: Chansey|Thunderbolt|p2a: Gengar
|-damage|p2a: Gengar|215\/323 par
|move|p2a: Gengar|Mega Drain|p1a: Chansey
|-damage|p1a: Chansey|632\/703
|-heal|p2a: Gengar|233\/323 par|[from] drain|[of] p1a: Chansey
|
|turn|9
|choice|switch 5|switch 3
|
|switch|p1a: Gengar|Gengar|323\/323
|switch|p2a: Alakazam|Alakazam|313\/313
|
|turn|10
|choice|move 1|move 1
|
|move|p2a: Alakazam|Psychic|p1a: Gengar
|-supereffective|p1a: Gengar
|-damage|p1a: Gengar|107\/323
|move|p1a: Gengar|Hypnosis|p2a: Alakazam|[miss]
|-miss|p1a: Gengar
|
|turn|11
|choice|switch 5|move 1
|
|switch|p1a: Chansey|Chansey|632\/703
|move|p2a: Alakazam|Psychic|p1a: Chansey
|-damage|p1a: Chansey|498\/703
|-unboost|p1a: Chansey|spd|1
|-unboost|p1a: Chansey|spa|1
|
|turn|12
|choice|move 4|switch 4
|
|switch|p2a: Chansey|Chansey|703\/703 par
|move|p1a: Chansey|Soft-Boiled|p1a: Chansey
|-heal|p1a: Chansey|703\/703
|
|turn|13
|choice|switch 6|move 1
|
|switch|p1a: Tauros|Tauros|353\/353
|move|p2a: Chansey|Ice Beam|p1a: Tauros
|-damage|p1a: Tauros|247\/353
|
|turn|14
|choice|move 1|switch 3
|
|switch|p2a: Gengar|Gengar|233\/323 par
|move|p1a: Tauros|Body Slam|p2a: Gengar
|-immune|p2a: Gengar|[msg]
|
|turn|15
|choice|switch 2|switch 5
|
|switch|p1a: Alakazam|Alakazam|258\/313
|switch|p2a: Starmie|Starmie|323\/323
|
|turn|16
|choice|move 1|switch 3
|
|switch|p2a: Chansey|Chansey|703\/703 par
|move|p1a: Alakazam|Thunder Wave|p2a: Chansey
|-fail|p2a: Chansey|par
|
|turn|17
|choice|move 4|move 4
|
|move|p1a: Alakazam|Seismic Toss|p2a: Chansey
|-damage|p2a: Chansey|603\/703 par
|move|p2a: Chansey|Thunderbolt|p1a: Alakazam
|-damage|p1a: Alakazam|191\/313
|
|turn|18
|choice|move 3|move 4
|
|move|p1a: Alakazam|Recover|p1a: Alakazam
|-heal|p1a: Alakazam|313\/313
|move|p2a: Chansey|Thunderbolt|p1a: Alakazam
|-damage|p1a: Alakazam|253\/313
|
|turn|19
|choice|move 2|move 4
|
|move|p1a: Alakazam|Psychic|p2a: Chansey
|-damage|p2a: Chansey|482\/703 par
|move|p2a: Chansey|Thunderbolt|p1a: Alakazam
|-damage|p1a: Alakazam|193\/313
|
|turn|20
|choice|move 3|move 3
|
|move|p1a: Alakazam|Recover|p1a: Alakazam
|-heal|p1a: Alakazam|313\/313
|move|p2a: Chansey|Thunder Wave|p1a: Alakazam
|-status|p1a: Alakazam|par
|
|turn|21
|choice|switch 2|move 2
|
|switch|p1a: Tauros|Tauros|247\/353
|move|p2a: Chansey|Soft-Boiled|p2a: Chansey
|-heal|p2a: Chansey|703\/703 par
|
|turn|22
|choice|switch 2|switch 3
|
|switch|p1a: Alakazam|Alakazam|313\/313 par
|switch|p2a: Starmie|Starmie|323\/323
|
|turn|23
|choice|move 1|switch 3
|
|switch|p2a: Chansey|Chansey|703\/703 par
|cant|p1a: Alakazam|par
|
|turn|24
|choice|move 2|move 4
|
|cant|p1a: Alakazam|par
|cant|p2a: Chansey|par
|
|turn|25
|choice|move 2|move 4
|
|move|p1a: Alakazam|Psychic|p2a: Chansey
|-crit|p2a: Chansey
|-damage|p2a: Chansey|472\/703 par
|move|p2a: Chansey|Thunderbolt|p1a: Alakazam
|-damage|p1a: Alakazam|245\/313 par
|
|turn|26
|choice|move 2|move 4
|
|move|p1a: Alakazam|Psychic|p2a: Chansey
|-damage|p2a: Chansey|338\/703 par
|-unboost|p2a: Chansey|spd|1
|-unboost|p2a: Chansey|spa|1
|move|p2a: Chansey|Thunderbolt|p1a: Alakazam
|-damage|p1a: Alakazam|203\/313 par
|
|turn|27
|choice|move 2|move 2
|
|cant|p1a: Alakazam|par
|cant|p2a: Chansey|par
|
|turn|28
|choice|move 2|switch 6
|
|switch|p2a: Rhydon|Rhydon|413\/413
|move|p1a: Alakazam|Psychic|p2a: Rhydon
|-crit|p2a: Rhydon
|-damage|p2a: Rhydon|28\/413
|
|turn|29
|choice|move 3|move 1
|
|move|p2a: Rhydon|Earthquake|p1a: Alakazam
|-damage|p1a: Alakazam|0 fnt
|faint|p1a: Alakazam
|choice|switch 4|
|
|switch|p1a: Starmie|Starmie|323\/323
|turn|30
|choice|move 2|switch 5
|
|switch|p2a: Gengar|Gengar|233\/323 par
|move|p1a: Starmie|Ice Beam|p2a: Gengar
|-damage|p2a: Gengar|173\/323 par
|
|turn|31
|choice|move 3|move 4
|
|move|p1a: Starmie|Psychic|p2a: Gengar
|-supereffective|p2a: Gengar
|-damage|p2a: Gengar|0 fnt
|faint|p2a: Gengar
|choice||switch 6
|
|switch|p2a: Chansey|Chansey|338\/703 par
|turn|32
|choice|switch 3|move 2
|
|switch|p1a: Snorlax|Snorlax|523\/523 slp
|move|p2a: Chansey|Soft-Boiled|p2a: Chansey
|-heal|p2a: Chansey|689\/703 par
|
|turn|33
|choice|move 1|switch 5
|
|switch|p2a: Rhydon|Rhydon|28\/413
|cant|p1a: Snorlax|slp
|
|turn|34
|choice|switch 6|move 1
|
|switch|p1a: Chansey|Chansey|703\/703
|move|p2a: Rhydon|Earthquake|p1a: Chansey
|-damage|p1a: Chansey|314\/703
|
|turn|35
|choice|move 4|move 1
|
|move|p1a: Chansey|Soft-Boiled|p1a: Chansey
|-heal|p1a: Chansey|665\/703
|move|p2a: Rhydon|Earthquake|p1a: Chansey
|-damage|p1a: Chansey|250\/703
|
|turn|36
|choice|move 4|switch 3
|
|switch|p2a: Starmie|Starmie|323\/323
|move|p1a: Chansey|Soft-Boiled|p1a: Chansey
|-heal|p1a: Chansey|601\/703
|
|turn|37
|choice|switch 3|switch 5
|
|switch|p2a: Chansey|Chansey|689\/703 par
|switch|p1a: Starmie|Starmie|323\/323
|
|turn|38
|choice|switch 6|move 4
|
|switch|p1a: Snorlax|Snorlax|523\/523 slp
|move|p2a: Chansey|Thunderbolt|p1a: Snorlax
|-crit|p1a: Snorlax
|-damage|p1a: Snorlax|342\/523 slp
|
|turn|39
|choice|move 1|move 4
|
|cant|p1a: Snorlax|slp
|move|p2a: Chansey|Thunderbolt|p1a: Snorlax
|-damage|p1a: Snorlax|235\/523 slp
|
|turn|40
|choice|move 1|switch 4
|
|switch|p2a: Alakazam|Alakazam|313\/313
|cant|p1a: Snorlax|slp
|
|turn|41
|choice|switch 3|move 1
|
|switch|p1a: Chansey|Chansey|601\/703
|move|p2a: Alakazam|Psychic|p1a: Chansey
|-crit|p1a: Chansey
|-damage|p1a: Chansey|354\/703
|-unboost|p1a: Chansey|spd|1
|-unboost|p1a: Chansey|spa|1
|
|turn|42
|choice|move 4|move 1
|
|move|p2a: Alakazam|Psychic|p1a: Chansey
|-crit|p1a: Chansey
|-damage|p1a: Chansey|118\/703
|move|p1a: Chansey|Soft-Boiled|p1a: Chansey
|-heal|p1a: Chansey|469\/703
|
|turn|43
|choice|move 1|move 1
|
|move|p2a: Alakazam|Psychic|p1a: Chansey
|-damage|p1a: Chansey|272\/703
|-unboost|p1a: Chansey|spd|1
|-unboost|p1a: Chansey|spa|1
|move|p1a: Chansey|Thunder Wave|p2a: Alakazam
|-status|p2a: Alakazam|par
|
|turn|44
|choice|move 4|move 1
|
|move|p1a: Chansey|Soft-Boiled|p1a: Chansey
|-heal|p1a: Chansey|623\/703
|move|p2a: Alakazam|Psychic|p1a: Chansey
|-damage|p1a: Chansey|348\/703
|
|turn|45
|choice|switch 2|move 1
|
|switch|p1a: Tauros|Tauros|247\/353
|move|p2a: Alakazam|Psychic|p1a: Tauros
|-damage|p1a: Tauros|79\/353
|-unboost|p1a: Tauros|spd|1
|-unboost|p1a: Tauros|spa|1
|
|turn|46
|choice|move 2|switch 5
|
|switch|p2a: Starmie|Starmie|323\/323
|move|p1a: Tauros|Hyper Beam|p2a: Starmie
|-damage|p2a: Starmie|131\/323
|
|turn|47
|-mustrecharge|p1a: Tauros
|-mustrecharge|p1a: Tauros
|choice|move 1|move 1
|
|move|p2a: Starmie|Surf|p1a: Tauros
|-damage|p1a: Tauros|0 fnt
|faint|p1a: Tauros
|choice|switch 5|
|
|switch|p1a: Gengar|Gengar|107\/323
|turn|48
|choice|move 2|move 1
|
|move|p2a: Starmie|Surf|p1a: Gengar
|-crit|p1a: Gengar
|-damage|p1a: Gengar|0 fnt
|faint|p1a: Gengar
|choice|switch 6|
|
|switch|p1a: Starmie|Starmie|323\/323
|turn|49
|choice|move 4|switch 4
|
|switch|p2a: Chansey|Chansey|689\/703 par
|move|p1a: Starmie|Thunder Wave|p2a: Chansey
|-fail|p2a: Chansey|par
|
|turn|50
|choice|move 3|move 4
|
|move|p1a: Starmie|Psychic|p2a: Chansey
|-damage|p2a: Chansey|589\/703 par
|move|p2a: Chansey|Thunderbolt|p1a: Starmie
|-supereffective|p1a: Starmie
|-damage|p1a: Starmie|171\/323
|
|turn|51
|choice|move 1|move 4
|
|move|p1a: Starmie|Recover|p1a: Starmie
|-heal|p1a: Starmie|323\/323
|cant|p2a: Chansey|par
|
|turn|52
|choice|switch 2|move 4
|
|switch|p1a: Chansey|Chansey|348\/703
|move|p2a: Chansey|Thunderbolt|p1a: Chansey
|-damage|p1a: Chansey|279\/703
|
|turn|53
|choice|move 4|move 1
|
|move|p1a: Chansey|Soft-Boiled|p1a: Chansey
|-heal|p1a: Chansey|630\/703
|move|p2a: Chansey|Ice Beam|p1a: Chansey
|-damage|p1a: Chansey|556\/703
|
|turn|54
|choice|move 4|move 1
|
|move|p1a: Chansey|Soft-Boiled|p1a: Chansey
|-heal|p1a: Chansey|703\/703
|move|p2a: Chansey|Ice Beam|p1a: Chansey
|-damage|p1a: Chansey|623\/703
|
|turn|55
|choice|move 3|move 1
|
|move|p1a: Chansey|Thunderbolt|p2a: Chansey
|-damage|p2a: Chansey|520\/703 par
|cant|p2a: Chansey|par
|
|turn|56
|choice|move 3|move 1
|
|move|p1a: Chansey|Thunderbolt|p2a: Chansey
|-damage|p2a: Chansey|444\/703 par
|move|p2a: Chansey|Ice Beam|p1a: Chansey
|-crit|p1a: Chansey
|-damage|p1a: Chansey|489\/703
|
|turn|57
|choice|move 3|move 1
|
|move|p1a: Chansey|Thunderbolt|p2a: Chansey
|-damage|p2a: Chansey|376\/703 par
|move|p2a: Chansey|Ice Beam|p1a: Chansey
|-damage|p1a: Chansey|417\/703
|
|turn|58
|choice|move 3|move 1
|
|move|p1a: Chansey|Thunderbolt|p2a: Chansey
|-damage|p2a: Chansey|308\/703 par
|move|p2a: Chansey|Ice Beam|p1a: Chansey
|-damage|p1a: Chansey|345\/703
|
|turn|59
|choice|move 4|move 2
|
|move|p1a: Chansey|Soft-Boiled|p1a: Chansey
|-heal|p1a: Chansey|696\/703
|move|p2a: Chansey|Soft-Boiled|p2a: Chansey
|-heal|p2a: Chansey|659\/703 par
|
|turn|60
|choice|switch 2|move 1
|
|switch|p1a: Starmie|Starmie|323\/323
|cant|p2a: Chansey|par
|
|turn|61
|choice|move 3|move 1
|
|move|p1a: Starmie|Psychic|p2a: Chansey
|-damage|p2a: Chansey|559\/703 par
|-unboost|p2a: Chansey|spd|1
|-unboost|p2a: Chansey|spa|1
|move|p2a: Chansey|Ice Beam|p1a: Starmie
|-resisted|p1a: Starmie
|-damage|p1a: Starmie|300\/323
|
|turn|62
|choice|move 3|move 3
|
|move|p1a: Starmie|Psychic|p2a: Chansey
|-damage|p2a: Chansey|400\/703 par
|-unboost|p2a: Chansey|spd|1
|-unboost|p2a: Chansey|spa|1
|move|p2a: Chansey|Thunder Wave|p1a: Starmie
|-status|p1a: Starmie|par
|
|turn|63
|choice|move 3|switch 5
|
|switch|p2a: Alakazam|Alakazam|313\/313 par
|cant|p1a: Starmie|par
|
|turn|64
|choice|move 2|move 1
|
|move|p2a: Alakazam|Psychic|p1a: Starmie
|-resisted|p1a: Starmie
|-damage|p1a: Starmie|231\/323 par
|-unboost|p1a: Starmie|spd|1
|-unboost|p1a: Starmie|spa|1
|move|p1a: Starmie|Ice Beam|p2a: Alakazam
|-damage|p2a: Alakazam|271\/313 par
|
|turn|65
|choice|switch 2|move 1
|
|switch|p1a: Chansey|Chansey|696\/703
|move|p2a: Alakazam|Psychic|p1a: Chansey
|-crit|p1a: Chansey
|-damage|p1a: Chansey|439\/703
|
|turn|66
|choice|switch 3|switch 5
|
|switch|p1a: Snorlax|Snorlax|235\/523 slp
|switch|p2a: Chansey|Chansey|400\/703 par
|
|turn|67
|choice|move 2|move 4
|
|-curestatus|p1a: Snorlax|slp
|move|p2a: Chansey|Thunderbolt|p1a: Snorlax
|-damage|p1a: Snorlax|129\/523
|
|turn|68
|choice|move 2|switch 2
|
|switch|p2a: Exeggutor|Exeggutor|393\/393
|move|p1a: Snorlax|Self-Destruct|p2a: Exeggutor
|-damage|p2a: Exeggutor|15\/393
|faint|p1a: Snorlax
|choice|switch 3|
|
|switch|p1a: Chansey|Chansey|439\/703
|turn|69
|choice|move 2|move 3
|
|move|p2a: Exeggutor|Explosion|p1a: Chansey
|-damage|p1a: Chansey|0 fnt
|faint|p1a: Chansey
|faint|p2a: Exeggutor
|choice|switch 2|switch 3
|
|switch|p2a: Rhydon|Rhydon|28\/413
|switch|p1a: Starmie|Starmie|231\/323 par
|turn|70
|choice|move 2|move 1
|
|move|p2a: Rhydon|Earthquake|p1a: Starmie
|-damage|p1a: Starmie|83\/323 par
|move|p1a: Starmie|Ice Beam|p2a: Rhydon
|-supereffective|p2a: Rhydon
|-damage|p2a: Rhydon|0 fnt
|faint|p2a: Rhydon
|choice||switch 4
|
|switch|p2a: Starmie|Starmie|131\/323
|turn|71
|choice|move 1|move 2
|
|move|p2a: Starmie|Thunderbolt|p1a: Starmie
|-supereffective|p1a: Starmie
|-damage|p1a: Starmie|0 fnt
|faint|p1a: Starmie
|
|win|XianJu
|leave|old zanadu
|player|p1
|raw|old zanadu's rating: 1000 &rarr; <strong>1000<\/strong><br \/>(+0 for losing)
|raw|XianJu's rating: 1043 &rarr; <strong>1072<\/strong><br \/>(+29 for winning)