|join|kriderw
|join|XianJu
|player|p1|kriderw|101
|player|p2|XianJu|130
|gametype|singles
|gen|1
|tier|[Gen 1] Random Battle
|rated
|seed|24741,54910,47290,30446
|rule|Sleep Clause Mod: Limit one foe put to sleep
|rule|Freeze Clause Mod: Limit one foe frozen
|rule|HP Percentage Mod: HP is shown in percentages
|
|start
|switch|p1a: Exeggcute|Exeggcute, L96|310\/310
|switch|p2a: Metapod|Metapod, L99|300\/300
|turn|1
|choice|move 4|switch 4
|
|switch|p2a: Exeggutor|Exeggutor, L79|312\/312
|move|p1a: Exeggcute|Stun Spore|p2a: Exeggutor
|-status|p2a: Exeggutor|par
|
|turn|2
|choice|move 2|move 1
|
|move|p1a: Exeggcute|Mega Drain|p2a: Exeggutor
|-resisted|p2a: Exeggutor
|-damage|p2a: Exeggutor|296\/312 par
|move|p2a: Exeggutor|Sleep Powder|p1a: Exeggcute
|-status|p1a: Exeggcute|slp
|
|turn|3
|choice|switch 6|switch 3
|
|switch|p1a: Magmar|Magmar, L90|300\/300
|switch|p2a: Persian|Persian, L79|265\/265
|
|turn|4
|choice|move 2|move 1
|
|move|p2a: Persian|Slash|p1a: Magmar
|-crit|p1a: Magmar
|-damage|p1a: Magmar|177\/300
|move|p1a: Magmar|Confuse Ray|p2a: Persian
|-start|p2a: Persian|confusion
|
|turn|5
|choice|move 3|move 2
|
|-activate|p2a: Persian|confusion
|-damage|p2a: Persian|235\/265|[from] confusion
|move|p1a: Magmar|Body Slam|p2a: Persian
|-damage|p2a: Persian|144\/265
|
|turn|6
|choice|move 1|move 2
|
|-activate|p2a: Persian|confusion
|move|p2a: Persian|Body Slam|p1a: Magmar
|-damage|p1a: Magmar|100\/300
|move|p1a: Magmar|Hyper Beam|p2a: Persian
|-damage|p2a: Persian|0 fnt
|faint|p2a: Persian
|choice||switch 6
|
|switch|p2a: Jolteon|Jolteon, L79|265\/265
|turn|7
|choice|move 1|move 1
|
|move|p2a: Jolteon|Thunderbolt|p1a: Magmar
|-damage|p1a: Magmar|2\/300
|move|p1a: Magmar|Hyper Beam|p2a: Jolteon
|-damage|p2a: Jolteon|113\/265
|
|turn|8
|-mustrecharge|p1a: Magmar
|-mustrecharge|p1a: Magmar
|choice|move 1|move 3
|
|move|p2a: Jolteon|Body Slam|p1a: Magmar
|-damage|p1a: Magmar|0 fnt
|faint|p1a: Magmar
|choice|switch 2|
|
|switch|p1a: Victreebel|Victreebel, L85|310\/310
|turn|9
|choice|move 2|switch 4
|
|switch|p2a: Metapod|Metapod, L99|300\/300
|move|p1a: Victreebel|Sleep Powder|p2a: Metapod
|-status|p2a: Metapod|slp
|
|turn|10
|c|★kriderw|haha
|choice|move 4|switch 3
|
|switch|p2a: Exeggutor|Exeggutor, L79|296\/312 par
|move|p1a: Victreebel|Swords Dance|p1a: Victreebel
|-boost|p1a: Victreebel|atk|2
|
|turn|11
|choice|switch 3|move 2
|
|switch|p1a: Mewtwo|Mewtwo, L70|293\/293
|move|p2a: Exeggutor|Psychic|p1a: Mewtwo
|-resisted|p1a: Mewtwo
|-damage|p1a: Mewtwo|255\/293
|-unboost|p1a: Mewtwo|spd|1
|-unboost|p1a: Mewtwo|spa|1
|
|turn|12
|choice|move 4|switch 4
|
|switch|p2a: Jolteon|Jolteon, L79|113\/265
|move|p1a: Mewtwo|Ice Beam|p2a: Jolteon
|-damage|p2a: Jolteon|73\/265
|
|turn|13
|choice|move 3|move 1
|
|move|p2a: Jolteon|Thunderbolt|p1a: Mewtwo
|-damage|p1a: Mewtwo|143\/293
|move|p1a: Mewtwo|Hyper Beam|p2a: Jolteon|[miss]
|-miss|p1a: Mewtwo
|
|turn|14
|choice|move 3|move 1
|
|move|p2a: Jolteon|Thunderbolt|p1a: Mewtwo
|-damage|p1a: Mewtwo|24\/293
|move|p1a: Mewtwo|Hyper Beam|p2a: Jolteon
|-damage|p2a: Jolteon|0 fnt
|faint|p2a: Jolteon
|choice||switch 5
|
|switch|p2a: Lapras|Lapras, L79|367\/367
|turn|15
|choice|move 2|move 2
|
|move|p1a: Mewtwo|Rest|p1a: Mewtwo
|-status|p1a: Mewtwo|slp
|-heal|p1a: Mewtwo|293\/293 slp|[silent]
|-status|p1a: Mewtwo|slp|[from] move: Rest
|move|p2a: Lapras|Body Slam|p1a: Mewtwo
|-damage|p1a: Mewtwo|236\/293 slp
|
|turn|16
|choice|switch 3|move 4
|
|switch|p1a: Victreebel|Victreebel, L85|310\/310
|move|p2a: Lapras|Blizzard|p1a: Victreebel
|-supereffective|p1a: Victreebel
|-damage|p1a: Victreebel|116\/310
|
|turn|17
|choice|move 1|move 4
|
|move|p1a: Victreebel|Razor Leaf|p2a: Lapras
|-crit|p2a: Lapras
|-supereffective|p2a: Lapras
|-damage|p2a: Lapras|107\/367
|move|p2a: Lapras|Blizzard|p1a: Victreebel|[miss]
|-miss|p2a: Lapras
|
|turn|18
|choice|move 1|switch 4
|
|switch|p2a: Exeggutor|Exeggutor, L79|296\/312 par
|move|p1a: Victreebel|Razor Leaf|p2a: Exeggutor
|-crit|p2a: Exeggutor
|-resisted|p2a: Exeggutor
|-damage|p2a: Exeggutor|248\/312 par
|
|turn|19
|choice|switch 6|move 2
|
|switch|p1a: Exeggcute|Exeggcute, L96|310\/310 slp
|move|p2a: Exeggutor|Psychic|p1a: Exeggcute
|-resisted|p1a: Exeggcute
|-damage|p1a: Exeggcute|260\/310 slp
|-unboost|p1a: Exeggcute|spd|1
|-unboost|p1a: Exeggcute|spa|1
|
|turn|20
|choice|move 3|switch 4
|
|switch|p2a: Lapras|Lapras, L79|107\/367
|cant|p1a: Exeggcute|slp
|
|turn|21
|choice|move 3|move 3
|
|move|p2a: Lapras|Rest|p2a: Lapras
|-status|p2a: Lapras|slp
|-heal|p2a: Lapras|367\/367 slp|[silent]
|-status|p2a: Lapras|slp|[from] move: Rest
|cant|p1a: Exeggcute|slp
|
|turn|22
|choice|move 3|move 4
|
|cant|p2a: Lapras|slp
|cant|p1a: Exeggcute|slp
|
|turn|23
|choice|switch 6|move 4
|
|switch|p1a: Victreebel|Victreebel, L85|116\/310
|-curestatus|p2a: Lapras|slp
|
|turn|24
|choice|move 1|switch 4
|
|switch|p2a: Exeggutor|Exeggutor, L79|248\/312 par
|move|p1a: Victreebel|Razor Leaf|p2a: Exeggutor
|-crit|p2a: Exeggutor
|-resisted|p2a: Exeggutor
|-damage|p2a: Exeggutor|196\/312 par
|
|turn|25
|choice|switch 6|switch 4
|
|switch|p1a: Exeggcute|Exeggcute, L96|260\/310 slp
|switch|p2a: Lapras|Lapras, L79|367\/367
|
|turn|26
|choice|move 3|move 4
|
|move|p2a: Lapras|Blizzard|p1a: Exeggcute
|-supereffective|p1a: Exeggcute
|-damage|p1a: Exeggcute|10\/310 slp
|-curestatus|p1a: Exeggcute|slp
|
|turn|27
|choice|switch 4|move 2
|
|switch|p1a: Dewgong|Dewgong, L85|327\/327
|move|p2a: Lapras|Body Slam|p1a: Dewgong
|-damage|p1a: Dewgong|275\/327
|
|turn|28
|choice|move 1|move 1
|
|move|p1a: Dewgong|Body Slam|p2a: Lapras
|-damage|p2a: Lapras|314\/367
|move|p2a: Lapras|Thunderbolt|p1a: Dewgong
|-supereffective|p1a: Dewgong
|-damage|p1a: Dewgong|157\/327
|
|turn|29
|choice|switch 3|move 1
|
|switch|p1a: Mewtwo|Mewtwo, L70|236\/293 slp
|move|p2a: Lapras|Thunderbolt|p1a: Mewtwo
|-damage|p1a: Mewtwo|192\/293 slp
|
|turn|30
|choice|move 1|move 4
|
|cant|p1a: Mewtwo|slp
|move|p2a: Lapras|Blizzard|p1a: Mewtwo
|-damage|p1a: Mewtwo|97\/293 slp
|
|turn|31
|choice|move 1|move 4
|
|-curestatus|p1a: Mewtwo|slp
|move|p2a: Lapras|Blizzard|p1a: Mewtwo
|-damage|p1a: Mewtwo|6\/293
|
|turn|32
|choice|move 2|move 1
|
|move|p1a: Mewtwo|Rest|p1a: Mewtwo
|-status|p1a: Mewtwo|slp
|-heal|p1a: Mewtwo|293\/293 slp|[silent]
|-status|p1a: Mewtwo|slp|[from] move: Rest
|move|p2a: Lapras|Thunderbolt|p1a: Mewtwo
|-damage|p1a: Mewtwo|246\/293 slp
|
|turn|33
|choice|move 3|move 1
|
|cant|p1a: Mewtwo|slp
|move|p2a: Lapras|Thunderbolt|p1a: Mewtwo
|-crit|p1a: Mewtwo
|-damage|p1a: Mewtwo|156\/293 slp
|
|turn|34
|choice|move 3|move 1
|
|-curestatus|p1a: Mewtwo|slp
|move|p2a: Lapras|Thunderbolt|p1a: Mewtwo
|-damage|p1a: Mewtwo|107\/293
|-status|p1a: Mewtwo|par
|
|turn|35
|c|★kriderw|3 to 1
|choice|move 3|move 1
|
|move|p2a: Lapras|Thunderbolt|p1a: Mewtwo
|-damage|p1a: Mewtwo|60\/293 par
|cant|p1a: Mewtwo|par
|
|turn|36
|choice|move 3|move 4
|
|move|p2a: Lapras|Blizzard|p1a: Mewtwo
|-damage|p1a: Mewtwo|0 fnt
|faint|p1a: Mewtwo
|choice|switch 6|
|
|switch|p1a: Victreebel|Victreebel, L85|116\/310
|turn|37
|choice|move 3|move 4
|
|move|p1a: Victreebel|Stun Spore|p2a: Lapras|[miss]
|-miss|p1a: Victreebel
|move|p2a: Lapras|Blizzard|p1a: Victreebel
|-supereffective|p1a: Victreebel
|-damage|p1a: Victreebel|0 fnt
|faint|p1a: Victreebel
|choice|switch 4|
|
|switch|p1a: Exeggcute|Exeggcute, L96|10\/310
|turn|38
|choice|move 3|move 2
|
|move|p2a: Lapras|Body Slam|p1a: Exeggcute
|-damage|p1a: Exeggcute|0 fnt
|faint|p1a: Exeggcute
|choice|switch 5|
|
|switch|p1a: Blastoise|Blastoise, L85|308\/308
|turn|39
|choice|move 1|move 1
|
|move|p1a: Blastoise|Mimic|p2a: Lapras
|-start|p1a: Blastoise|Mimic|Body Slam
|move|p2a: Lapras|Thunderbolt|p1a: Blastoise
|-supereffective|p1a: Blastoise
|-damage|p1a: Blastoise|187\/308
|
|turn|40
|choice|move 2|move 1
|
|move|p1a: Blastoise|Body Slam|p2a: Lapras
|-damage|p2a: Lapras|253\/367
|move|p2a: Lapras|Thunderbolt|p1a: Blastoise
|-supereffective|p1a: Blastoise
|-damage|p1a: Blastoise|59\/308
|
|turn|41
|-message|kriderw forfeited.
|
|win|XianJu
|leave|kriderw
|player|p1
|raw|kriderw's rating: 1146 &rarr; <strong>1127<\/strong><br \/>(-19 for losing)
|raw|XianJu's rating: 1230 &rarr; <strong>1249<\/strong><br \/>(+19 for winning)