|join|marcoasd
|join|Velosexiraptor
|player|p1|marcoasd|102
|player|p2|Velosexiraptor|253
|gametype|singles
|gen|1
|tier|[Gen 1] OU
|rated
|seed|57808,59991,47489,15334
|rule|Sleep Clause Mod: Limit one foe put to sleep
|rule|Freeze Clause Mod: Limit one foe frozen
|rule|Species Clause: Limit one of each Pokémon
|rule|OHKO Clause: OHKO moves are banned
|rule|Evasion Moves Clause: Evasion moves are banned
|rule|HP Percentage Mod: HP is shown in percentages
|
|start
|switch|p1a: Gengar|Gengar|323\/323
|switch|p2a: Urine|Hypno|373\/373
|turn|1
|choice|move 1|move 2
|
|move|p1a: Gengar|Hypnosis|p2a: Urine|[miss]
|-miss|p1a: Gengar
|move|p2a: Urine|Hypnosis|p1a: Gengar
|-status|p1a: Gengar|slp
|
|turn|2
|choice|switch 6|move 1
|
|switch|p1a: Exeggutor|Exeggutor|393\/393
|move|p2a: Urine|Psychic|p1a: Exeggutor
|-resisted|p1a: Exeggutor
|-damage|p1a: Exeggutor|346\/393
|-unboost|p1a: Exeggutor|spd|1
|-unboost|p1a: Exeggutor|spa|1
|
|turn|3
|choice|move 1|move 3
|
|move|p2a: Urine|Body Slam|p1a: Exeggutor
|-damage|p1a: Exeggutor|284\/393
|move|p1a: Exeggutor|Sleep Powder|p2a: Urine
|-status|p2a: Urine|slp
|
|turn|4
|choice|switch 3|switch 2
|
|switch|p2a: Fleshlight|Clefable|393\/393
|switch|p1a: Cloyster|Cloyster|303\/303
|
|turn|5
|choice|move 2|move 3
|
|move|p1a: Cloyster|Clamp|p2a: Fleshlight|[miss]
|-miss|p1a: Cloyster
|move|p2a: Fleshlight|Thunder|p1a: Cloyster
|-supereffective|p1a: Cloyster
|-damage|p1a: Cloyster|125\/303
|
|turn|6
|choice|move 4|move 3
|
|move|p1a: Cloyster|Explosion|p2a: Fleshlight
|-damage|p2a: Fleshlight|94\/393
|faint|p1a: Cloyster
|choice|switch 5|
|
|switch|p1a: Tauros|Tauros|353\/353
|turn|7
|choice|move 1|move 4
|
|move|p1a: Tauros|Body Slam|p2a: Fleshlight
|-damage|p2a: Fleshlight|0 fnt
|faint|p2a: Fleshlight
|choice||switch 6
|
|switch|p2a: idgaf|Starmie|323\/323
|turn|8
|choice|switch 2|move 4
|
|switch|p1a: Chansey|Chansey|703\/703
|move|p2a: idgaf|Thunder Wave|p1a: Chansey
|-status|p1a: Chansey|par
|
|turn|9
|choice|move 3|switch 2
|
|switch|p2a: Urine|Hypno|373\/373 slp
|cant|p1a: Chansey|par
|
|turn|10
|choice|switch 2|move 2
|
|switch|p1a: Tauros|Tauros|353\/353
|cant|p2a: Urine|slp
|
|turn|11
|choice|move 1|switch 2
|
|switch|p2a: idgaf|Starmie|323\/323
|move|p1a: Tauros|Body Slam|p2a: idgaf
|-damage|p2a: idgaf|217\/323
|
|turn|12
|choice|switch 2|move 2
|
|switch|p1a: Chansey|Chansey|703\/703 par
|move|p2a: idgaf|Psychic|p1a: Chansey
|-damage|p1a: Chansey|606\/703 par
|
|turn|13
|choice|move 2|switch 4
|
|switch|p2a: Dragonite|Dragonite|385\/385
|move|p1a: Chansey|Thunderbolt|p2a: Dragonite
|-damage|p2a: Dragonite|301\/385
|-status|p2a: Dragonite|par
|
|turn|14
|choice|move 3|move 2
|
|move|p2a: Dragonite|Hyper Beam|p1a: Chansey
|-damage|p1a: Chansey|229\/703 par
|move|p1a: Chansey|Ice Beam|p2a: Dragonite
|-supereffective|p2a: Dragonite
|-damage|p2a: Dragonite|0 fnt
|faint|p2a: Dragonite
|choice||switch 5
|
|switch|p2a: Sirloin|Tauros|353\/353
|turn|15
|choice|switch 3|move 1
|
|switch|p1a: Exeggutor|Exeggutor|284\/393
|move|p2a: Sirloin|Body Slam|p1a: Exeggutor
|-damage|p1a: Exeggutor|172\/393
|
|turn|16
|choice|move 4|move 3
|
|move|p2a: Sirloin|Hyper Beam|p1a: Exeggutor
|-damage|p1a: Exeggutor|0 fnt
|faint|p1a: Exeggutor
|choice|switch 4|
|
|switch|p1a: Alakazam|Alakazam|313\/313
|turn|17
|choice|move 2|switch 4
|
|switch|p2a: idgaf|Starmie|217\/323
|move|p1a: Alakazam|Psychic|p2a: idgaf
|-resisted|p2a: idgaf
|-damage|p2a: idgaf|148\/323
|-unboost|p2a: idgaf|spd|1
|-unboost|p2a: idgaf|spa|1
|
|turn|18
|choice|switch 3|switch 4
|
|switch|p1a: Chansey|Chansey|229\/703 par
|switch|p2a: Sirloin|Tauros|353\/353
|
|turn|19
|choice|move 1|move 1
|
|move|p2a: Sirloin|Body Slam|p1a: Chansey
|-damage|p1a: Chansey|0 fnt
|faint|p1a: Chansey
|choice|switch 3|
|
|switch|p1a: Alakazam|Alakazam|313\/313
|turn|20
|choice|move 1|switch 4
|
|switch|p2a: idgaf|Starmie|148\/323
|move|p1a: Alakazam|Thunder Wave|p2a: idgaf
|-status|p2a: idgaf|par
|
|turn|21
|choice|move 2|move 4
|
|move|p1a: Alakazam|Psychic|p2a: idgaf
|-resisted|p2a: idgaf
|-damage|p2a: idgaf|85\/323 par
|move|p2a: idgaf|Thunder Wave|p1a: Alakazam
|-status|p1a: Alakazam|par
|
|turn|22
|choice|move 2|move 2
|
|move|p1a: Alakazam|Psychic|p2a: idgaf
|-resisted|p2a: idgaf
|-damage|p2a: idgaf|22\/323 par
|move|p2a: idgaf|Psychic|p1a: Alakazam
|-crit|p1a: Alakazam
|-resisted|p1a: Alakazam
|-damage|p1a: Alakazam|233\/313 par
|
|turn|23
|choice|move 3|move 2
|
|move|p1a: Alakazam|Reflect|p1a: Alakazam
|-start|p1a: Alakazam|Reflect
|move|p2a: idgaf|Psychic|p1a: Alakazam
|-resisted|p1a: Alakazam
|-damage|p1a: Alakazam|194\/313 par
|
|turn|24
|choice|move 2|move 2
|
|move|p1a: Alakazam|Psychic|p2a: idgaf
|-resisted|p2a: idgaf
|-damage|p2a: idgaf|0 fnt
|faint|p2a: idgaf
|choice||switch 4
|
|switch|p2a: Sirloin|Tauros|353\/353
|turn|25
|choice|move 1|move 1
|
|move|p2a: Sirloin|Body Slam|p1a: Alakazam
|-crit|p1a: Alakazam
|-damage|p1a: Alakazam|0 fnt
|faint|p1a: Alakazam
|choice|switch 2|
|
|switch|p1a: Tauros|Tauros|353\/353
|turn|26
|choice|move 1|move 1
|
|move|p1a: Tauros|Body Slam|p2a: Sirloin
|-damage|p2a: Sirloin|250\/353
|move|p2a: Sirloin|Body Slam|p1a: Tauros
|-damage|p1a: Tauros|244\/353
|
|turn|27
|choice|move 1|move 3
|
|move|p1a: Tauros|Body Slam|p2a: Sirloin
|-damage|p2a: Sirloin|142\/353
|move|p2a: Sirloin|Hyper Beam|p1a: Tauros
|-damage|p1a: Tauros|58\/353
|
|turn|28
|-mustrecharge|p2a: Sirloin
|-mustrecharge|p2a: Sirloin
|choice|move 3|move 1
|
|move|p1a: Tauros|Hyper Beam|p2a: Sirloin
|-damage|p2a: Sirloin|0 fnt
|faint|p2a: Sirloin
|choice||switch 3
|
|switch|p2a: Dickgrabber|Raichu|323\/323
|turn|29
|choice|move 2|move 4
|
|move|p1a: Tauros|Earthquake|p2a: Dickgrabber
|-supereffective|p2a: Dickgrabber
|-damage|p2a: Dickgrabber|90\/323
|move|p2a: Dickgrabber|Thunderbolt|p1a: Tauros
|-damage|p1a: Tauros|0 fnt
|faint|p1a: Tauros
|choice|switch 6|
|
|switch|p1a: Gengar|Gengar|323\/323 slp
|turn|30
|choice|move 2|move 4
|
|cant|p1a: Gengar|slp
|move|p2a: Dickgrabber|Thunderbolt|p1a: Gengar
|-damage|p1a: Gengar|232\/323 slp
|
|turn|31
|choice|move 2|move 4
|
|cant|p1a: Gengar|slp
|move|p2a: Dickgrabber|Thunderbolt|p1a: Gengar
|-damage|p1a: Gengar|149\/323 slp
|
|turn|32
|choice|move 2|move 4
|
|cant|p1a: Gengar|slp
|move|p2a: Dickgrabber|Thunderbolt|p1a: Gengar
|-damage|p1a: Gengar|60\/323 slp
|
|turn|33
|c|★marcoasd|gg
|choice|move 2|move 4
|
|cant|p1a: Gengar|slp
|move|p2a: Dickgrabber|Thunderbolt|p1a: Gengar
|-damage|p1a: Gengar|0 fnt
|faint|p1a: Gengar
|
|win|Velosexiraptor
|raw|marcoasd's rating: 1329 &rarr; <strong>1296<\/strong><br \/>(-33 for losing)
|raw|Velosexiraptor's rating: 1064 &rarr; <strong>1114<\/strong><br \/>(+50 for winning)
|c|★Velosexiraptor|gg