|j|Judo
|j|Vector04
|player|p1|Judo|70
|player|p2|Vector04|169
|gametype|singles
|gen|1
|tier|[Gen 1] Random Battle
|rated
|seed|17590,28283,11713,36179
|rule|Sleep Clause Mod: Limit one foe put to sleep
|rule|Freeze Clause Mod: Limit one foe frozen
|rule|HP Percentage Mod: HP is shown in percentages
|
|start
|switch|p1a: Gastly|Gastly, L96|252\/252
|switch|p2a: Ninetales|Ninetales, L85|298\/298
|turn|1
|c|★Judo|glhf
|choice|move 1|move 1
|
|move|p2a: Ninetales|Fire Blast|p1a: Gastly
|-damage|p1a: Gastly|142\/252
|-status|p1a: Gastly|brn
|move|p1a: Gastly|Hypnosis|p2a: Ninetales
|-status|p2a: Ninetales|slp
|-damage|p1a: Gastly|127\/252 brn|[from] brn|[of] p2a: Ninetales
|
|turn|2
|choice|switch 5|move 3
|
|switch|p1a: Arcanine|Arcanine, L85|327\/327
|cant|p2a: Ninetales|slp
|
|turn|3
|choice|move 3|switch 5
|
|switch|p2a: Tauros|Tauros, L79|280\/280
|move|p1a: Arcanine|Body Slam|p2a: Tauros
|-damage|p2a: Tauros|215\/280
|
|turn|4
|choice|move 3|move 4
|
|move|p2a: Tauros|Earthquake|p1a: Arcanine
|-supereffective|p1a: Arcanine
|-damage|p1a: Arcanine|202\/327
|move|p1a: Arcanine|Body Slam|p2a: Tauros
|-crit|p2a: Tauros
|-damage|p2a: Tauros|94\/280
|
|turn|5
|choice|switch 2|move 3
|
|switch|p1a: Charizard|Charizard, L85|306\/306
|move|p2a: Tauros|Body Slam|p1a: Charizard
|-damage|p1a: Charizard|213\/306
|-status|p1a: Charizard|par
|
|turn|6
|choice|move 3|move 3
|
|move|p2a: Tauros|Body Slam|p1a: Charizard
|-damage|p1a: Charizard|131\/306 par
|move|p1a: Charizard|Hyper Beam|p2a: Tauros
|-damage|p2a: Tauros|0 fnt
|faint|p2a: Tauros
|choice||switch 4
|
|switch|p2a: Raichu|Raichu, L85|276\/276
|turn|7
|choice|move 2|move 1
|
|move|p2a: Raichu|Surf|p1a: Charizard
|-supereffective|p1a: Charizard
|-damage|p1a: Charizard|7\/306 par
|cant|p1a: Charizard|par
|
|turn|8
|choice|move 2|move 1
|
|move|p2a: Raichu|Surf|p1a: Charizard
|-supereffective|p1a: Charizard
|-damage|p1a: Charizard|0 fnt
|faint|p1a: Charizard
|choice|switch 4|
|
|switch|p1a: Chansey|Chansey, L79|557\/557
|turn|9
|choice|move 2|move 2
|
|move|p2a: Raichu|Thunder|p1a: Chansey
|-damage|p1a: Chansey|441\/557
|move|p1a: Chansey|Reflect|p1a: Chansey
|-start|p1a: Chansey|Reflect
|
|turn|10
|choice|move 3|move 3
|
|move|p2a: Raichu|Body Slam|p1a: Chansey
|-damage|p1a: Chansey|363\/557
|move|p1a: Chansey|Thunderbolt|p2a: Raichu
|-resisted|p2a: Raichu
|-damage|p2a: Raichu|244\/276
|
|turn|11
|choice|move 3|move 2
|
|move|p2a: Raichu|Thunder|p1a: Chansey
|-crit|p1a: Chansey
|-damage|p1a: Chansey|134\/557
|move|p1a: Chansey|Thunderbolt|p2a: Raichu
|-resisted|p2a: Raichu
|-damage|p2a: Raichu|212\/276
|
|turn|12
|choice|move 3|move 2
|
|move|p2a: Raichu|Thunder|p1a: Chansey|[miss]
|-miss|p2a: Raichu
|move|p1a: Chansey|Thunderbolt|p2a: Raichu
|-resisted|p2a: Raichu
|-damage|p2a: Raichu|182\/276
|
|turn|13
|choice|move 1|move 2
|
|move|p2a: Raichu|Thunder|p1a: Chansey
|-damage|p1a: Chansey|21\/557
|move|p1a: Chansey|Soft-Boiled|p1a: Chansey
|-heal|p1a: Chansey|299\/557
|
|turn|14
|choice|move 1|move 2
|
|move|p2a: Raichu|Thunder|p1a: Chansey
|-damage|p1a: Chansey|185\/557
|move|p1a: Chansey|Soft-Boiled|p1a: Chansey
|-heal|p1a: Chansey|463\/557
|
|turn|15
|choice|move 3|move 2
|
|move|p2a: Raichu|Thunder|p1a: Chansey|[miss]
|-miss|p2a: Raichu
|move|p1a: Chansey|Thunderbolt|p2a: Raichu
|-resisted|p2a: Raichu
|-damage|p2a: Raichu|154\/276
|
|turn|16
|choice|move 3|move 2
|
|move|p2a: Raichu|Thunder|p1a: Chansey
|-damage|p1a: Chansey|349\/557
|move|p1a: Chansey|Thunderbolt|p2a: Raichu
|-resisted|p2a: Raichu
|-damage|p2a: Raichu|123\/276
|
|turn|17
|choice|move 3|move 2
|
|move|p2a: Raichu|Thunder|p1a: Chansey
|-damage|p1a: Chansey|226\/557
|move|p1a: Chansey|Thunderbolt|p2a: Raichu
|-resisted|p2a: Raichu
|-damage|p2a: Raichu|95\/276
|
|turn|18
|choice|move 1|move 2
|
|move|p2a: Raichu|Thunder|p1a: Chansey|[miss]
|-miss|p2a: Raichu
|move|p1a: Chansey|Soft-Boiled|p1a: Chansey
|-heal|p1a: Chansey|504\/557
|
|turn|19
|choice|move 3|move 2
|
|move|p2a: Raichu|Thunder|p1a: Chansey|[miss]
|-miss|p2a: Raichu
|move|p1a: Chansey|Thunderbolt|p2a: Raichu
|-resisted|p2a: Raichu
|-damage|p2a: Raichu|64\/276
|
|turn|20
|choice|move 3|move 2
|
|move|p2a: Raichu|Thunder|p1a: Chansey|[miss]
|-miss|p2a: Raichu
|move|p1a: Chansey|Thunderbolt|p2a: Raichu
|-resisted|p2a: Raichu
|-damage|p2a: Raichu|35\/276
|
|turn|21
|choice|move 3|move 2
|
|move|p2a: Raichu|Thunder|p1a: Chansey
|-damage|p1a: Chansey|380\/557
|move|p1a: Chansey|Thunderbolt|p2a: Raichu
|-crit|p2a: Raichu
|-resisted|p2a: Raichu
|-damage|p2a: Raichu|0 fnt
|faint|p2a: Raichu
|choice||switch 2
|
|switch|p2a: Bulbasaur|Bulbasaur, L96|281\/281
|turn|22
|choice|move 3|move 1
|
|move|p2a: Bulbasaur|Leech Seed|p1a: Chansey
|-start|p1a: Chansey|move: Leech Seed
|move|p1a: Chansey|Thunderbolt|p2a: Bulbasaur
|-resisted|p2a: Bulbasaur
|-damage|p2a: Bulbasaur|251\/281
|-damage|p1a: Chansey|346\/557|[from] Leech Seed|[of] p2a: Bulbasaur
|-heal|p2a: Bulbasaur|281\/281|[silent]
|
|turn|23
|choice|move 3|move 3
|
|move|p2a: Bulbasaur|Swords Dance|p2a: Bulbasaur
|-boost|p2a: Bulbasaur|atk|2
|move|p1a: Chansey|Thunderbolt|p2a: Bulbasaur
|-resisted|p2a: Bulbasaur
|-damage|p2a: Bulbasaur|248\/281
|-damage|p1a: Chansey|312\/557|[from] Leech Seed|[of] p2a: Bulbasaur
|-heal|p2a: Bulbasaur|281\/281|[silent]
|
|turn|24
|choice|move 4|move 3
|
|move|p2a: Bulbasaur|Swords Dance|p2a: Bulbasaur
|-boost|p2a: Bulbasaur|atk|2
|move|p1a: Chansey|Counter|p2a: Bulbasaur
|-fail|p1a: Chansey
|-damage|p1a: Chansey|278\/557|[from] Leech Seed|[of] p2a: Bulbasaur
|
|turn|25
|choice|move 1|move 3
|
|move|p2a: Bulbasaur|Swords Dance|p2a: Bulbasaur
|-boost|p2a: Bulbasaur|atk|2
|move|p1a: Chansey|Soft-Boiled|p1a: Chansey
|-heal|p1a: Chansey|556\/557
|-damage|p1a: Chansey|522\/557|[from] Leech Seed|[of] p2a: Bulbasaur
|
|turn|26
|choice|move 4|move 4
|
|move|p2a: Bulbasaur|Razor Leaf|p1a: Chansey
|-crit|p1a: Chansey
|-damage|p1a: Chansey|411\/557
|move|p1a: Chansey|Counter|p2a: Bulbasaur
|-fail|p1a: Chansey
|-damage|p1a: Chansey|377\/557|[from] Leech Seed|[of] p2a: Bulbasaur
|
|turn|27
|choice|move 4|move 4
|
|move|p2a: Bulbasaur|Razor Leaf|p1a: Chansey
|-damage|p1a: Chansey|320\/557
|move|p1a: Chansey|Counter|p2a: Bulbasaur
|-fail|p1a: Chansey
|-damage|p1a: Chansey|286\/557|[from] Leech Seed|[of] p2a: Bulbasaur
|
|turn|28
|choice|move 1|move 4
|
|move|p2a: Bulbasaur|Razor Leaf|p1a: Chansey
|-crit|p1a: Chansey
|-damage|p1a: Chansey|179\/557
|move|p1a: Chansey|Soft-Boiled|p1a: Chansey
|-heal|p1a: Chansey|457\/557
|-damage|p1a: Chansey|423\/557|[from] Leech Seed|[of] p2a: Bulbasaur
|
|turn|29
|choice|move 3|move 2
|
|move|p2a: Bulbasaur|Body Slam|p1a: Chansey
|-crit|p1a: Chansey
|-damage|p1a: Chansey|166\/557
|move|p1a: Chansey|Thunderbolt|p2a: Bulbasaur
|-resisted|p2a: Bulbasaur
|-damage|p2a: Bulbasaur|251\/281
|-damage|p1a: Chansey|132\/557|[from] Leech Seed|[of] p2a: Bulbasaur
|-heal|p2a: Bulbasaur|281\/281|[silent]
|
|turn|30
|choice|move 1|move 2
|
|move|p2a: Bulbasaur|Body Slam|p1a: Chansey
|-damage|p1a: Chansey|0 fnt
|faint|p1a: Chansey
|choice|switch 2|
|
|switch|p1a: Arcanine|Arcanine, L85|202\/327
|turn|31
|choice|move 4|move 2
|
|move|p1a: Arcanine|Fire Blast|p2a: Bulbasaur
|-crit|p2a: Bulbasaur
|-supereffective|p2a: Bulbasaur
|-damage|p2a: Bulbasaur|0 fnt
|faint|p2a: Bulbasaur
|choice||switch 5
|
|switch|p2a: Ninetales|Ninetales, L85|298\/298 slp
|turn|32
|choice|move 1|move 2
|
|cant|p2a: Ninetales|slp
|move|p1a: Arcanine|Reflect|p1a: Arcanine
|-start|p1a: Arcanine|Reflect
|
|turn|33
|choice|move 3|move 2
|
|cant|p2a: Ninetales|slp
|move|p1a: Arcanine|Body Slam|p2a: Ninetales
|-damage|p2a: Ninetales|229\/298 slp
|
|turn|34
|choice|move 3|move 4
|
|cant|p2a: Ninetales|slp
|move|p1a: Arcanine|Body Slam|p2a: Ninetales
|-damage|p2a: Ninetales|150\/298 slp
|
|turn|35
|choice|move 3|move 4
|
|-curestatus|p2a: Ninetales|slp
|move|p1a: Arcanine|Body Slam|p2a: Ninetales
|-damage|p2a: Ninetales|82\/298
|
|turn|36
|choice|move 2|move 2
|
|move|p2a: Ninetales|Hyper Beam|p1a: Arcanine
|-crit|p1a: Arcanine
|-damage|p1a: Arcanine|12\/327
|move|p1a: Arcanine|Hyper Beam|p2a: Ninetales
|-damage|p2a: Ninetales|0 fnt
|faint|p2a: Ninetales
|choice||switch 3
|
|switch|p2a: Muk|Muk, L90|372\/372
|turn|37
|choice|move 2|move 4
|
|move|p1a: Arcanine|Hyper Beam|p2a: Muk
|-crit|p2a: Muk
|-damage|p2a: Muk|142\/372
|move|p2a: Muk|Body Slam|p1a: Arcanine
|-damage|p1a: Arcanine|0 fnt
|faint|p1a: Arcanine
|choice|switch 6|
|
|switch|p1a: Jynx|Jynx, L79|265\/265
|turn|38
|choice|move 4|move 1
|
|move|p1a: Jynx|Psychic|p2a: Muk
|-supereffective|p2a: Muk
|-damage|p2a: Muk|0 fnt
|faint|p2a: Muk
|choice||switch 6
|
|switch|p2a: Zapdos|Zapdos, L79|304\/304
|turn|39
|choice|move 2|move 1
|
|move|p2a: Zapdos|Thunder Wave|p1a: Jynx
|-status|p1a: Jynx|par
|move|p1a: Jynx|Lovely Kiss|p2a: Zapdos
|-status|p2a: Zapdos|slp
|
|turn|40
|choice|move 1|move 2
|
|cant|p2a: Zapdos|slp
|move|p1a: Jynx|Blizzard|p2a: Zapdos
|-supereffective|p2a: Zapdos
|-damage|p2a: Zapdos|118\/304 slp
|
|turn|41
|choice|move 1|move 2
|
|cant|p2a: Zapdos|slp
|move|p1a: Jynx|Blizzard|p2a: Zapdos|[miss]
|-miss|p1a: Jynx
|
|turn|42
|choice|move 1|move 2
|
|cant|p2a: Zapdos|slp
|move|p1a: Jynx|Blizzard|p2a: Zapdos
|-supereffective|p2a: Zapdos
|-damage|p2a: Zapdos|0 fnt
|faint|p2a: Zapdos
|
|win|Judo
|player|p1
|player|p2
|raw|Judo's rating: 1302 &rarr; <strong>1321<\/strong><br \/>(+19 for winning)
|raw|Vector04's rating: 1293 &rarr; <strong>1268<\/strong><br \/>(-25 for losing)
|c|★Judo|gg