|j|JXohhh
|j|Zxartle the Noob
|player|p1|JXohhh|216
|player|p2|Zxartle the Noob|218
|gametype|singles
|gen|1
|tier|[Gen 1] Random Battle
|rated
|seed|57964,54969,6088,8963
|rule|Sleep Clause Mod: Limit one foe put to sleep
|rule|Freeze Clause Mod: Limit one foe frozen
|rule|HP Percentage Mod: HP is shown in percentages
|
|start
|switch|p1a: Lickitung|Lickitung, L90|345\/345
|switch|p2a: Diglett|Diglett, L96|214\/214
|turn|1
|choice|move 1|switch 3
|
|switch|p2a: Tentacruel|Tentacruel, L85|310\/310
|move|p1a: Lickitung|Swords Dance|p1a: Lickitung
|-boost|p1a: Lickitung|atk|2
|
|turn|2
|choice|move 3|move 4
|
|move|p2a: Tentacruel|Hydro Pump|p1a: Lickitung
|-crit|p1a: Lickitung
|-damage|p1a: Lickitung|26\/345
|move|p1a: Lickitung|Earthquake|p2a: Tentacruel
|-supereffective|p2a: Tentacruel
|-damage|p2a: Tentacruel|51\/310
|
|turn|3
|choice|move 3|move 2
|
|move|p2a: Tentacruel|Surf|p1a: Lickitung
|-damage|p1a: Lickitung|0 fnt
|faint|p1a: Lickitung
|choice|switch 5|
|
|switch|p1a: Pinsir|Pinsir, L85|284\/284
|turn|4
|choice|move 2|move 3
|
|move|p2a: Tentacruel|Hyper Beam|p1a: Pinsir
|-crit|p1a: Pinsir
|-damage|p1a: Pinsir|127\/284
|move|p1a: Pinsir|Body Slam|p2a: Tentacruel
|-crit|p2a: Tentacruel
|-damage|p2a: Tentacruel|0 fnt
|faint|p2a: Tentacruel
|choice||switch 6
|
|switch|p2a: Snorlax|Snorlax, L79|415\/415
|turn|5
|choice|move 1|move 2
|
|move|p1a: Pinsir|Submission|p2a: Snorlax
|-crit|p2a: Snorlax
|-supereffective|p2a: Snorlax
|-damage|p2a: Snorlax|79\/415
|-damage|p1a: Pinsir|43\/284|[from] recoil|[of] p2a: Snorlax
|move|p2a: Snorlax|Body Slam|p1a: Pinsir
|-damage|p1a: Pinsir|0 fnt
|faint|p1a: Pinsir
|choice|switch 2|
|
|switch|p1a: Zubat|Zubat, L96|272\/272
|turn|6
|choice|move 1|move 4
|
|move|p1a: Zubat|Double-Edge|p2a: Snorlax
|-damage|p2a: Snorlax|7\/415
|-damage|p1a: Zubat|254\/272|[from] recoil|[of] p2a: Snorlax
|move|p2a: Snorlax|Rest|p2a: Snorlax
|-status|p2a: Snorlax|slp
|-heal|p2a: Snorlax|415\/415 slp|[silent]
|-status|p2a: Snorlax|slp|[from] move: Rest
|
|turn|7
|choice|switch 3|move 2
|
|switch|p1a: Vileplume|Vileplume, L90|318\/318
|cant|p2a: Snorlax|slp
|
|turn|8
|choice|move 3|move 2
|
|move|p1a: Vileplume|Swords Dance|p1a: Vileplume
|-boost|p1a: Vileplume|atk|2
|-curestatus|p2a: Snorlax|slp
|
|turn|9
|choice|move 3|move 3
|
|move|p1a: Vileplume|Swords Dance|p1a: Vileplume
|-boost|p1a: Vileplume|atk|2
|move|p2a: Snorlax|Hyper Beam|p1a: Vileplume
|-damage|p1a: Vileplume|170\/318
|
|turn|10
|-mustrecharge|p2a: Snorlax
|-mustrecharge|p2a: Snorlax
|choice|move 2|move 1
|
|move|p1a: Vileplume|Sleep Powder|p2a: Snorlax
|-status|p2a: Snorlax|slp
|cant|p2a: Snorlax|recharge
|
|turn|11
|choice|move 3|move 2
|
|move|p1a: Vileplume|Swords Dance|p1a: Vileplume
|-boost|p1a: Vileplume|atk|2
|cant|p2a: Snorlax|slp
|
|turn|12
|choice|move 4|move 2
|
|move|p1a: Vileplume|Mega Drain|p2a: Snorlax
|-damage|p2a: Snorlax|354\/415 slp
|-heal|p1a: Vileplume|200\/318|[from] drain|[of] p2a: Snorlax
|cant|p2a: Snorlax|slp
|
|turn|13
|choice|move 1|move 2
|
|move|p1a: Vileplume|Body Slam|p2a: Snorlax
|-damage|p2a: Snorlax|50\/415 slp
|-curestatus|p2a: Snorlax|slp
|
|turn|14
|choice|move 1|move 2
|
|move|p1a: Vileplume|Body Slam|p2a: Snorlax
|-damage|p2a: Snorlax|0 fnt
|faint|p2a: Snorlax
|choice||switch 4
|
|switch|p2a: Exeggutor|Exeggutor, L79|312\/312
|turn|15
|choice|move 1|move 2
|
|move|p1a: Vileplume|Body Slam|p2a: Exeggutor
|-damage|p2a: Exeggutor|65\/312
|move|p2a: Exeggutor|Psychic|p1a: Vileplume
|-crit|p1a: Vileplume
|-supereffective|p1a: Vileplume
|-damage|p1a: Vileplume|0 fnt
|faint|p1a: Vileplume
|choice|switch 6|
|
|switch|p1a: Rapidash|Rapidash, L90|300\/300
|turn|16
|choice|move 1|switch 3
|
|switch|p2a: Diglett|Diglett, L96|214\/214
|move|p1a: Rapidash|Fire Blast|p2a: Diglett
|-crit|p2a: Diglett
|-damage|p2a: Diglett|0 fnt
|faint|p2a: Diglett
|choice||switch 2
|
|switch|p2a: Mr. Mime|Mr. Mime, L85|242\/242
|turn|17
|choice|move 1|move 2
|
|move|p1a: Rapidash|Fire Blast|p2a: Mr. Mime
|-damage|p2a: Mr. Mime|124\/242
|move|p2a: Mr. Mime|Thunder Wave|p1a: Rapidash
|-status|p1a: Rapidash|par
|
|turn|18
|choice|move 3|move 3
|
|move|p2a: Mr. Mime|Psychic|p1a: Rapidash
|-damage|p1a: Rapidash|201\/300 par
|cant|p1a: Rapidash|par
|
|turn|19
|choice|move 3|move 3
|
|move|p2a: Mr. Mime|Psychic|p1a: Rapidash
|-damage|p1a: Rapidash|99\/300 par
|-unboost|p1a: Rapidash|spd|1
|-unboost|p1a: Rapidash|spa|1
|cant|p1a: Rapidash|par
|
|turn|20
|choice|move 3|move 3
|
|move|p2a: Mr. Mime|Psychic|p1a: Rapidash
|-damage|p1a: Rapidash|0 fnt
|faint|p1a: Rapidash
|choice|switch 3|
|
|switch|p1a: Zubat|Zubat, L96|254\/272
|turn|21
|choice|move 1|move 3
|
|move|p2a: Mr. Mime|Psychic|p1a: Zubat
|-supereffective|p1a: Zubat
|-damage|p1a: Zubat|0 fnt
|faint|p1a: Zubat
|choice|switch 4|
|
|switch|p1a: Jynx|Jynx, L79|265\/265
|turn|22
|choice|move 4|move 2
|
|move|p2a: Mr. Mime|Thunder Wave|p1a: Jynx
|-status|p1a: Jynx|par
|move|p1a: Jynx|Blizzard|p2a: Mr. Mime
|-damage|p2a: Mr. Mime|29\/242
|
|turn|23
|choice|move 1|move 1
|
|move|p2a: Mr. Mime|Thunderbolt|p1a: Jynx
|-damage|p1a: Jynx|195\/265 par
|move|p1a: Jynx|Psychic|p2a: Mr. Mime
|-resisted|p2a: Mr. Mime
|-damage|p2a: Mr. Mime|0 fnt
|faint|p2a: Mr. Mime
|choice||switch 5
|
|switch|p2a: Clefable|Clefable, L85|335\/335
|turn|24
|choice|move 4|move 4
|
|move|p1a: Jynx|Blizzard|p2a: Clefable
|-crit|p2a: Clefable
|-damage|p2a: Clefable|117\/335
|move|p2a: Clefable|Counter|p1a: Jynx
|-fail|p2a: Clefable
|
|turn|25
|choice|move 4|move 4
|
|cant|p1a: Jynx|par
|move|p2a: Clefable|Counter|p1a: Jynx
|-fail|p2a: Clefable
|
|turn|26
|choice|move 4|move 3
|
|move|p2a: Clefable|Hyper Beam|p1a: Jynx
|-damage|p1a: Jynx|0 fnt
|faint|p1a: Jynx
|
|win|Zxartle the Noob
|raw|JXohhh's rating: 1000 &rarr; <strong>1000<\/strong><br \/>(+0 for losing)
|raw|Zxartle the Noob's rating: 1000 &rarr; <strong>1040<\/strong><br \/>(+40 for winning)
|l|JXohhh
|player|p1