|join|kid gf lol
|join|luc1993
|player|p1|kid gf lol|168
|player|p2|luc1993|153
|gametype|singles
|gen|1
|tier|[Gen 1] OU (beta)
|rated
|rule|Sleep Clause Mod: Limit one foe put to sleep
|rule|Species Clause: Limit one of each Pokemon
|rule|OHKO Clause: OHKO moves are banned
|rule|Moody Clause: Moody is banned
|rule|Evasion Moves Clause: Evasion moves are banned
|rule|Endless Battle Clause: Forcing endless battles is banned.
|rule|HP Percentage Mod: HP is reported as percentages
|
|start
|switch|p1a: Star Role|Starmie|323\/323
|switch|p2a: Venusaur|Venusaur|363\/363
|turn|1
|
|switch|p2a: Chansey|Chansey|703\/703
|move|p1a: Star Role|Blizzard|p2a: Chansey
|-damage|p2a: Chansey|613\/703
|-status|p2a: Chansey|frz
|
|turn|2
|
|switch|p2a: Snorlax|Snorlax|523\/523
|move|p1a: Star Role|Blizzard|p2a: Snorlax
|-damage|p2a: Snorlax|398\/523
|
|turn|3
|
|move|p1a: Star Role|Psychic|p2a: Snorlax
|-damage|p2a: Snorlax|256\/523
|move|p2a: Snorlax|Body Slam|p1a: Star Role
|-damage|p1a: Star Role|200\/323
|-status|p1a: Star Role|par
|
|turn|4
|
|switch|p1a: TNT|Golem|363\/363
|move|p2a: Snorlax|Body Slam|p1a: TNT
|-resisted|p1a: TNT
|-damage|p1a: TNT|316\/363
|
|turn|5
|
|switch|p1a: Result Of Incest|Exeggutor|393\/393
|move|p2a: Snorlax|Surf|p1a: Result Of Incest
|-crit|p1a: Result Of Incest
|-resisted|p1a: Result Of Incest
|-damage|p1a: Result Of Incest|339\/393
|
|turn|6
|
|move|p1a: Result Of Incest|Sleep Powder|p2a: Snorlax|[miss]
|-miss|p1a: Result Of Incest
|move|p2a: Snorlax|Self-Destruct|p1a: Result Of Incest
|-damage|p1a: Result Of Incest|0 fnt
|faint|p1a: Result Of Incest
|faint|p2a: Snorlax
|
|switch|p1a: Mr Mime|Jynx|333\/333
|switch|p2a: Venusaur|Venusaur|363\/363
|turn|7
|
|move|p1a: Mr Mime|Lovely Kiss|p2a: Venusaur
|-status|p2a: Venusaur|slp
|cant|p2a: Venusaur|slp
|
|turn|8
|
|switch|p2a: Lapras|Lapras|463\/463
|move|p1a: Mr Mime|Reflect|p1a: Mr Mime
|
|turn|9
|
|move|p1a: Mr Mime|Psychic|p2a: Lapras
|-damage|p2a: Lapras|363\/463
|-unboost|p2a: Lapras|spd|1
|-unboost|p2a: Lapras|spa|1
|move|p2a: Lapras|Confuse Ray|p1a: Mr Mime
|-start|p1a: Mr Mime|confusion
|
|turn|10
|
|switch|p2a: Chansey|Chansey|613\/703 frz
|-activate|p1a: Mr Mime|confusion
|move|p1a: Mr Mime|Psychic|p2a: Chansey
|-damage|p2a: Chansey|517\/703 frz
|-unboost|p2a: Chansey|spd|1
|-unboost|p2a: Chansey|spa|1
|
|turn|11
|
|switch|p2a: Lapras|Lapras|363\/463
|-activate|p1a: Mr Mime|confusion
|-damage|p1a: Mr Mime|313\/333|[from] confusion
|
|turn|12
|
|-activate|p1a: Mr Mime|confusion
|move|p1a: Mr Mime|Psychic|p2a: Lapras
|-damage|p2a: Lapras|261\/463
|move|p2a: Lapras|Body Slam|p1a: Mr Mime
|-damage|p1a: Mr Mime|264\/333
|
|turn|13
|
|-end|p1a: Mr Mime|confusion
|move|p1a: Mr Mime|Psychic|p2a: Lapras
|-damage|p2a: Lapras|155\/463
|move|p2a: Lapras|Body Slam|p1a: Mr Mime
|-damage|p1a: Mr Mime|213\/333
|-status|p1a: Mr Mime|par
|
|turn|14
|
|move|p2a: Lapras|Confuse Ray|p1a: Mr Mime
|-start|p1a: Mr Mime|confusion
|-activate|p1a: Mr Mime|confusion
|-damage|p1a: Mr Mime|195\/333 par|[from] confusion
|
|turn|15
|
|switch|p2a: Rhydon|Rhydon|413\/413
|-activate|p1a: Mr Mime|confusion
|-damage|p1a: Mr Mime|177\/333 par|[from] confusion
|
|turn|16
|
|move|p2a: Rhydon|Substitute|p2a: Rhydon
|-start|p2a: Rhydon|Substitute
|-damage|p2a: Rhydon|310\/413
|-activate|p1a: Mr Mime|confusion
|move|p1a: Mr Mime|Blizzard|p2a: Rhydon
|-crit|p2a: Rhydon
|-supereffective|p2a: Rhydon
|-end|p2a: Rhydon|Substitute
|
|turn|17
|
|move|p2a: Rhydon|Substitute|p2a: Rhydon
|-start|p2a: Rhydon|Substitute
|-damage|p2a: Rhydon|207\/413
|-end|p1a: Mr Mime|confusion
|move|p1a: Mr Mime|Psychic|p2a: Rhydon
|-end|p2a: Rhydon|Substitute
|
|turn|18
|
|move|p2a: Rhydon|Substitute|p2a: Rhydon
|-start|p2a: Rhydon|Substitute
|-damage|p2a: Rhydon|104\/413
|move|p1a: Mr Mime|Psychic|p2a: Rhydon
|-end|p2a: Rhydon|Substitute
|
|turn|19
|
|move|p2a: Rhydon|Substitute|p2a: Rhydon
|-start|p2a: Rhydon|Substitute
|-damage|p2a: Rhydon|1\/413
|cant|p1a: Mr Mime|par
|
|turn|20
|
|move|p2a: Rhydon|Earthquake|p1a: Mr Mime
|-damage|p1a: Mr Mime|50\/333 par
|cant|p1a: Mr Mime|par
|
|turn|21
|
|move|p2a: Rhydon|Earthquake|p1a: Mr Mime
|-damage|p1a: Mr Mime|0 fnt
|faint|p1a: Mr Mime
|
|
|switch|p1a: Egg Kangaroo|Chansey|703\/703
|turn|22
|
|move|p1a: Egg Kangaroo|Ice Beam|p2a: Rhydon
|-supereffective|p2a: Rhydon
|-end|p2a: Rhydon|Substitute
|move|p2a: Rhydon|Earthquake|p1a: Egg Kangaroo
|-damage|p1a: Egg Kangaroo|338\/703
|
|turn|23
|
|move|p1a: Egg Kangaroo|Ice Beam|p2a: Rhydon
|-supereffective|p2a: Rhydon
|-damage|p2a: Rhydon|0 fnt
|faint|p2a: Rhydon
|
|
|switch|p2a: Tauros|Tauros|353\/353
|turn|24
|
|move|p2a: Tauros|Blizzard|p1a: Egg Kangaroo
|-damage|p1a: Egg Kangaroo|264\/703
|move|p1a: Egg Kangaroo|Thunder Wave|p2a: Tauros
|-status|p2a: Tauros|par
|
|turn|25
|chat|luc1993|well played
|
|switch|p2a: Lapras|Lapras|155\/463
|move|p1a: Egg Kangaroo|Soft-Boiled|p1a: Egg Kangaroo
|-heal|p1a: Egg Kangaroo|615\/703
|
|turn|26
|
|move|p2a: Lapras|Confuse Ray|p1a: Egg Kangaroo
|-start|p1a: Egg Kangaroo|confusion
|-activate|p1a: Egg Kangaroo|confusion
|-damage|p1a: Egg Kangaroo|584\/703|[from] confusion
|
|turn|27
|
|move|p2a: Lapras|Body Slam|p1a: Egg Kangaroo
|-damage|p1a: Egg Kangaroo|416\/703
|-status|p1a: Egg Kangaroo|par
|-activate|p1a: Egg Kangaroo|confusion
|-damage|p1a: Egg Kangaroo|385\/703 par|[from] confusion
|
|turn|28
|
|switch|p1a: That's Bull|Tauros|353\/353
|move|p2a: Lapras|Body Slam|p1a: That's Bull
|-damage|p1a: That's Bull|290\/353
|-status|p1a: That's Bull|par
|
|turn|29
|
|switch|p1a: Egg Kangaroo|Chansey|385\/703 par
|move|p2a: Lapras|Confuse Ray|p1a: Egg Kangaroo
|-start|p1a: Egg Kangaroo|confusion
|
|turn|30
|
|move|p2a: Lapras|Body Slam|p1a: Egg Kangaroo
|-damage|p1a: Egg Kangaroo|226\/703 par
|cant|p1a: Egg Kangaroo|par
|
|turn|31
|
|switch|p1a: Star Role|Starmie|200\/323 par
|move|p2a: Lapras|Body Slam|p1a: Star Role
|-damage|p1a: Star Role|135\/323 par
|
|turn|32
|
|move|p2a: Lapras|Thunderbolt|p1a: Star Role
|-supereffective|p1a: Star Role
|-damage|p1a: Star Role|0 fnt
|faint|p1a: Star Role
|
|
|switch|p1a: That's Bull|Tauros|290\/353 par
|turn|33
|chat|luc1993|parafusion^^
|chat|luc1993|great^^
|
|move|p2a: Lapras|Confuse Ray|p1a: That's Bull
|-start|p1a: That's Bull|confusion
|-activate|p1a: That's Bull|confusion
|-damage|p1a: That's Bull|260\/353 par|[from] confusion
|
|turn|34
|chat|kid gf lol|how do i beat that
|
|switch|p2a: Tauros|Tauros|353\/353 par
|-activate|p1a: That's Bull|confusion
|-damage|p1a: That's Bull|224\/353 par|[from] confusion
|
|turn|35
|
|-activate|p1a: That's Bull|confusion
|-damage|p1a: That's Bull|194\/353 par|[from] confusion
|cant|p2a: Tauros|par
|
|turn|36
|
|move|p2a: Tauros|Body Slam|p1a: That's Bull
|-crit|p1a: That's Bull
|-damage|p1a: That's Bull|0 fnt
|faint|p1a: That's Bull
|
|
|switch|p1a: TNT|Golem|316\/363
|turn|37
|
|move|p1a: TNT|Earthquake|p2a: Tauros
|-damage|p2a: Tauros|231\/353 par
|move|p2a: Tauros|Blizzard|p1a: TNT
|-supereffective|p1a: TNT
|-damage|p1a: TNT|118\/363
|
|turn|38
|
|move|p1a: TNT|Explosion|p2a: Tauros
|-damage|p2a: Tauros|0 fnt
|faint|p2a: Tauros
|faint|p1a: TNT
|
|switch|p2a: Lapras|Lapras|155\/463
|switch|p1a: Egg Kangaroo|Chansey|226\/703 par
|turn|39
|
|move|p2a: Lapras|Body Slam|p1a: Egg Kangaroo
|-damage|p1a: Egg Kangaroo|55\/703 par
|move|p1a: Egg Kangaroo|Soft-Boiled|p1a: Egg Kangaroo
|-heal|p1a: Egg Kangaroo|406\/703 par
|
|turn|40
|
|move|p2a: Lapras|Confuse Ray|p1a: Egg Kangaroo
|-start|p1a: Egg Kangaroo|confusion
|-activate|p1a: Egg Kangaroo|confusion
|move|p1a: Egg Kangaroo|Soft-Boiled|p1a: Egg Kangaroo
|-heal|p1a: Egg Kangaroo|703\/703 par
|
|turn|41
|
|move|p2a: Lapras|Body Slam|p1a: Egg Kangaroo
|-damage|p1a: Egg Kangaroo|535\/703 par
|-activate|p1a: Egg Kangaroo|confusion
|-damage|p1a: Egg Kangaroo|503\/703 par|[from] confusion
|
|turn|42
|
|move|p2a: Lapras|Body Slam|p1a: Egg Kangaroo
|-damage|p1a: Egg Kangaroo|351\/703 par
|-activate|p1a: Egg Kangaroo|confusion
|-damage|p1a: Egg Kangaroo|318\/703 par|[from] confusion
|
|turn|43
|chat|kid gf lol|plz hit
|
|move|p2a: Lapras|Body Slam|p1a: Egg Kangaroo
|-damage|p1a: Egg Kangaroo|148\/703 par
|-end|p1a: Egg Kangaroo|confusion
|move|p1a: Egg Kangaroo|Soft-Boiled|p1a: Egg Kangaroo
|-heal|p1a: Egg Kangaroo|499\/703 par
|
|turn|44
|
|move|p2a: Lapras|Confuse Ray|p1a: Egg Kangaroo
|-start|p1a: Egg Kangaroo|confusion
|-activate|p1a: Egg Kangaroo|confusion
|-damage|p1a: Egg Kangaroo|469\/703 par|[from] confusion
|
|turn|45
|
|move|p2a: Lapras|Body Slam|p1a: Egg Kangaroo
|-damage|p1a: Egg Kangaroo|305\/703 par
|-activate|p1a: Egg Kangaroo|confusion
|move|p1a: Egg Kangaroo|Soft-Boiled|p1a: Egg Kangaroo
|-heal|p1a: Egg Kangaroo|656\/703 par
|
|turn|46
|
|move|p2a: Lapras|Body Slam|p1a: Egg Kangaroo
|-damage|p1a: Egg Kangaroo|483\/703 par
|-activate|p1a: Egg Kangaroo|confusion
|-damage|p1a: Egg Kangaroo|452\/703 par|[from] confusion
|
|turn|47
|
|move|p2a: Lapras|Body Slam|p1a: Egg Kangaroo
|-damage|p1a: Egg Kangaroo|295\/703 par
|cant|p1a: Egg Kangaroo|par
|
|turn|48
|
|move|p2a: Lapras|Body Slam|p1a: Egg Kangaroo
|-damage|p1a: Egg Kangaroo|133\/703 par
|cant|p1a: Egg Kangaroo|par
|
|turn|49
|chat|kid gf lol|ffs
|chat|luc1993|gg
|
|move|p2a: Lapras|Body Slam|p1a: Egg Kangaroo
|-damage|p1a: Egg Kangaroo|0 fnt
|faint|p1a: Egg Kangaroo
|
|win|luc1993
|raw|Ladder updating...
|raw|kid gf lol's rating: 1394 &rarr; <strong>1381<\/strong><br \/>(-13 for losing)
|raw|luc1993's rating: 1512 &rarr; <strong>1526<\/strong><br \/>(+14 for winning)
|leave|kid gf lol
|player|p1