|join|erik1erik
|join|20pontosOTANfysaei
|player|p1|erik1erik|170
|player|p2|20pontosOTANfysaei|169
|gametype|singles
|gen|1
|tier|[Gen 1] Random Battle
|rated
|rule|Sleep Clause Mod: Limit one foe put to sleep
|rule|Freeze Clause Mod: Limit one foe frozen
|rule|HP Percentage Mod: HP is shown in percentages
|
|start
|switch|p1a: Nidoran-M|Nidoran-M, L96|283\/283
|switch|p2a: Aerodactyl|Aerodactyl, L85|310\/310
|turn|1
|
|switch|p1a: Metapod|Metapod, L99|300\/300
|move|p2a: Aerodactyl|Reflect|p2a: Aerodactyl
|-start|p2a: Aerodactyl|Reflect
|
|turn|2
|
|move|p2a: Aerodactyl|Double-Edge|p1a: Metapod
|-damage|p1a: Metapod|212\/300
|-damage|p2a: Aerodactyl|288\/310|[from] recoil|[of] p1a: Metapod
|move|p1a: Metapod|String Shot|p2a: Aerodactyl
|-unboost|p2a: Aerodactyl|spe|1
|
|turn|3
|
|switch|p1a: Gengar|Gengar, L79|257\/257
|move|p2a: Aerodactyl|Double-Edge|p1a: Gengar
|-immune|p1a: Gengar|[msg]
|
|turn|4
|
|switch|p2a: Vileplume|Vileplume, L85|301\/301
|move|p1a: Gengar|Psychic|p2a: Vileplume
|-supereffective|p2a: Vileplume
|-damage|p2a: Vileplume|179\/301
|
|turn|5
|
|switch|p1a: Metapod|Metapod, L99|212\/300
|move|p2a: Vileplume|Sleep Powder|p1a: Metapod
|-status|p1a: Metapod|slp
|
|turn|6
|
|switch|p1a: Gengar|Gengar, L79|257\/257
|move|p2a: Vileplume|Swords Dance|p2a: Vileplume
|-boost|p2a: Vileplume|atk|2
|
|turn|7
|
|move|p1a: Gengar|Psychic|p2a: Vileplume
|-supereffective|p2a: Vileplume
|-damage|p2a: Vileplume|43\/301
|move|p2a: Vileplume|Mega Drain|p1a: Gengar
|-crit|p1a: Gengar
|-resisted|p1a: Gengar
|-damage|p1a: Gengar|224\/257
|-heal|p2a: Vileplume|59\/301|[from] drain|[of] p1a: Gengar
|
|turn|8
|
|move|p1a: Gengar|Psychic|p2a: Vileplume
|-supereffective|p2a: Vileplume
|-damage|p2a: Vileplume|0 fnt
|faint|p2a: Vileplume
|
|switch|p2a: Starmie|Starmie, L79|257\/257
|turn|9
|
|move|p2a: Starmie|Thunder Wave|p1a: Gengar
|-status|p1a: Gengar|par
|cant|p1a: Gengar|par
|
|turn|10
|
|move|p2a: Starmie|Surf|p1a: Gengar
|-damage|p1a: Gengar|150\/257 par
|move|p1a: Gengar|Hypnosis|p2a: Starmie
|-status|p2a: Starmie|slp
|
|turn|11
|c|#20pontosOTANfysaei|no phychic starmie
|
|switch|p2a: Magmar|Magmar, L85|284\/284
|move|p1a: Gengar|Mega Drain|p2a: Magmar
|-resisted|p2a: Magmar
|-damage|p2a: Magmar|269\/284
|-heal|p1a: Gengar|157\/257 par|[from] drain|[of] p2a: Magmar
|
|turn|12
|
|move|p2a: Magmar|Fire Blast|p1a: Gengar
|-damage|p1a: Gengar|55\/257 par
|move|p1a: Gengar|Explosion|p2a: Magmar
|-damage|p2a: Magmar|61\/284
|faint|p1a: Gengar
|
|switch|p1a: Kabutops|Kabutops, L85|276\/276
|turn|13
|
|move|p2a: Magmar|Confuse Ray|p1a: Kabutops
|-start|p1a: Kabutops|confusion
|-activate|p1a: Kabutops|confusion
|move|p1a: Kabutops|Swords Dance|p1a: Kabutops
|-boost|p1a: Kabutops|atk|2
|
|turn|14
|
|move|p2a: Magmar|Hyper Beam|p1a: Kabutops
|-resisted|p1a: Kabutops
|-damage|p1a: Kabutops|227\/276
|-end|p1a: Kabutops|confusion
|move|p1a: Kabutops|Surf|p2a: Magmar
|-supereffective|p2a: Magmar
|-damage|p2a: Magmar|0 fnt
|faint|p2a: Magmar
|
|switch|p2a: Weepinbell|Weepinbell, L85|284\/284
|turn|15
|
|switch|p1a: Nidoran-M|Nidoran-M, L96|283\/283
|move|p2a: Weepinbell|Razor Leaf|p1a: Nidoran-M
|-crit|p1a: Nidoran-M
|-resisted|p1a: Nidoran-M
|-damage|p1a: Nidoran-M|217\/283
|
|turn|16
|
|switch|p2a: Starmie|Starmie, L79|257\/257 slp
|move|p1a: Nidoran-M|Body Slam|p2a: Starmie
|-damage|p2a: Starmie|194\/257 slp
|
|turn|17
|
|cant|p2a: Starmie|slp
|move|p1a: Nidoran-M|Leer|p2a: Starmie
|-unboost|p2a: Starmie|def|1
|
|turn|18
|
|cant|p2a: Starmie|slp
|move|p1a: Nidoran-M|Substitute|p1a: Nidoran-M
|-start|p1a: Nidoran-M|Substitute
|-damage|p1a: Nidoran-M|147\/283
|
|turn|19
|
|cant|p2a: Starmie|slp
|move|p1a: Nidoran-M|Body Slam|p2a: Starmie
|-damage|p2a: Starmie|104\/257 slp
|
|turn|20
|
|switch|p2a: Aerodactyl|Aerodactyl, L85|288\/310
|move|p1a: Nidoran-M|Body Slam|p2a: Aerodactyl
|-resisted|p2a: Aerodactyl
|-damage|p2a: Aerodactyl|253\/310
|
|turn|21
|
|move|p2a: Aerodactyl|Double-Edge|p1a: Nidoran-M
|-crit|p1a: Nidoran-M
|-end|p1a: Nidoran-M|Substitute
|-damage|p2a: Aerodactyl|235\/310|[from] recoil|[of] p1a: Nidoran-M
|move|p1a: Nidoran-M|Body Slam|p2a: Aerodactyl
|-resisted|p2a: Aerodactyl
|-damage|p2a: Aerodactyl|204\/310
|
|turn|22
|
|move|p2a: Aerodactyl|Double-Edge|p1a: Nidoran-M
|-damage|p1a: Nidoran-M|46\/283
|-damage|p2a: Aerodactyl|179\/310|[from] recoil|[of] p1a: Nidoran-M
|move|p1a: Nidoran-M|Body Slam|p2a: Aerodactyl
|-resisted|p2a: Aerodactyl
|-damage|p2a: Aerodactyl|147\/310
|
|turn|23
|
|move|p2a: Aerodactyl|Double-Edge|p1a: Nidoran-M
|-damage|p1a: Nidoran-M|0 fnt
|-damage|p2a: Aerodactyl|136\/310|[from] recoil|[of] p1a: Nidoran-M
|faint|p1a: Nidoran-M
|
|switch|p1a: Seadra|Seadra, L85|267\/267
|turn|24
|
|switch|p2a: Dewgong|Dewgong, L85|327\/327
|move|p1a: Seadra|Blizzard|p2a: Dewgong|[miss]
|-miss|p1a: Seadra
|
|turn|25
|
|move|p1a: Seadra|Smokescreen|p2a: Dewgong
|-unboost|p2a: Dewgong|accuracy|1
|move|p2a: Dewgong|Body Slam|p1a: Seadra
|-damage|p1a: Seadra|219\/267
|
|turn|26
|
|move|p1a: Seadra|Hydro Pump|p2a: Dewgong
|-resisted|p2a: Dewgong
|-damage|p2a: Dewgong|262\/327
|move|p2a: Dewgong|Body Slam|p1a: Seadra
|-damage|p1a: Seadra|170\/267
|
|turn|27
|
|move|p1a: Seadra|Hydro Pump|p2a: Dewgong
|-resisted|p2a: Dewgong
|-damage|p2a: Dewgong|199\/327
|move|p2a: Dewgong|Body Slam|p1a: Seadra
|-damage|p1a: Seadra|123\/267
|
|turn|28
|
|move|p1a: Seadra|Smokescreen|p2a: Dewgong
|-unboost|p2a: Dewgong|accuracy|1
|move|p2a: Dewgong|Body Slam|p1a: Seadra|[miss]
|-miss|p2a: Dewgong
|
|turn|29
|
|move|p1a: Seadra|Hydro Pump|p2a: Dewgong
|-resisted|p2a: Dewgong
|-damage|p2a: Dewgong|135\/327
|move|p2a: Dewgong|Body Slam|p1a: Seadra
|-crit|p1a: Seadra
|-damage|p1a: Seadra|32\/267
|
|turn|30
|
|move|p1a: Seadra|Hydro Pump|p2a: Dewgong|[miss]
|-miss|p1a: Seadra
|move|p2a: Dewgong|Body Slam|p1a: Seadra
|-damage|p1a: Seadra|0 fnt
|faint|p1a: Seadra
|
|switch|p1a: Snorlax|Snorlax, L79|415\/415
|turn|31
|
|move|p2a: Dewgong|Body Slam|p1a: Snorlax
|-damage|p1a: Snorlax|348\/415
|move|p1a: Snorlax|Amnesia|p1a: Snorlax
|-boost|p1a: Snorlax|spd|2
|-boost|p1a: Snorlax|spa|2
|
|turn|32
|
|move|p2a: Dewgong|Blizzard|p1a: Snorlax
|-damage|p1a: Snorlax|265\/415
|move|p1a: Snorlax|Thunderbolt|p2a: Dewgong
|-supereffective|p2a: Dewgong
|-damage|p2a: Dewgong|0 fnt
|faint|p2a: Dewgong
|
|switch|p2a: Aerodactyl|Aerodactyl, L85|136\/310
|turn|33
|
|move|p2a: Aerodactyl|Hyper Beam|p1a: Snorlax
|-damage|p1a: Snorlax|121\/415
|move|p1a: Snorlax|Ice Beam|p2a: Aerodactyl
|-supereffective|p2a: Aerodactyl
|-damage|p2a: Aerodactyl|0 fnt
|faint|p2a: Aerodactyl
|
|switch|p2a: Weepinbell|Weepinbell, L85|284\/284
|turn|34
|
|move|p2a: Weepinbell|Razor Leaf|p1a: Snorlax
|-crit|p1a: Snorlax
|-damage|p1a: Snorlax|0 fnt
|faint|p1a: Snorlax
|
|switch|p1a: Metapod|Metapod, L99|212\/300 slp
|turn|35
|
|move|p2a: Weepinbell|Razor Leaf|p1a: Metapod
|-crit|p1a: Metapod
|-resisted|p1a: Metapod
|-damage|p1a: Metapod|128\/300 slp
|cant|p1a: Metapod|slp
|
|turn|36
|
|move|p2a: Weepinbell|Razor Leaf|p1a: Metapod|[miss]
|-miss|p2a: Weepinbell
|cant|p1a: Metapod|slp
|
|turn|37
|
|move|p2a: Weepinbell|Razor Leaf|p1a: Metapod
|-crit|p1a: Metapod
|-resisted|p1a: Metapod
|-damage|p1a: Metapod|41\/300 slp
|cant|p1a: Metapod|slp
|-curestatus|p1a: Metapod|slp
|
|turn|38
|
|move|p2a: Weepinbell|Razor Leaf|p1a: Metapod
|-crit|p1a: Metapod
|-resisted|p1a: Metapod
|-damage|p1a: Metapod|0 fnt
|faint|p1a: Metapod
|
|switch|p1a: Kabutops|Kabutops, L85|227\/276
|turn|39
|
|move|p1a: Kabutops|Body Slam|p2a: Weepinbell
|-damage|p2a: Weepinbell|183\/284
|-status|p2a: Weepinbell|par
|move|p2a: Weepinbell|Razor Leaf|p1a: Kabutops
|-crit|p1a: Kabutops
|-supereffective|p1a: Kabutops
|-damage|p1a: Kabutops|0 fnt
|faint|p1a: Kabutops
|
|win|20pontosOTANfysaei
|raw|Ladder updating...
|raw|erik1erik's rating: 1334 &rarr; <strong>1314<\/strong><br \/>(-20 for losing)
|raw|20pontosOTANfysaei's rating: 1324 &rarr; <strong>1345<\/strong><br \/>(+21 for winning)
|leave|erik1erik