|join|MALESANI
|join|SardonicGaming
|player|p1|MALESANI|238
|player|p2|SardonicGaming|163
|gametype|singles
|gen|1
|tier|[Gen 1] Random Battle
|rated
|seed|17761,32346,63938,32798
|rule|Sleep Clause Mod: Limit one foe put to sleep
|rule|Freeze Clause Mod: Limit one foe frozen
|rule|HP Percentage Mod: HP is shown in percentages
|
|start
|switch|p1a: Victreebel|Victreebel, L85|310\/310
|switch|p2a: Fearow|Fearow, L90|300\/300
|turn|1
|choice|switch 5|move 2
|
|switch|p1a: Kangaskhan|Kangaskhan, L85|352\/352
|move|p2a: Fearow|Drill Peck|p1a: Kangaskhan
|-crit|p1a: Kangaskhan
|-damage|p1a: Kangaskhan|173\/352
|
|turn|2
|choice|move 4|move 2
|
|move|p2a: Fearow|Drill Peck|p1a: Kangaskhan
|-damage|p1a: Kangaskhan|73\/352
|move|p1a: Kangaskhan|Counter|p2a: Fearow
|-fail|p1a: Kangaskhan
|
|turn|3
|choice|move 3|move 2
|
|move|p2a: Fearow|Drill Peck|p1a: Kangaskhan
|-damage|p1a: Kangaskhan|0 fnt
|faint|p1a: Kangaskhan
|choice|switch 2|
|
|switch|p1a: Ninetales|Ninetales, L85|298\/298
|turn|4
|choice|move 1|move 1
|
|move|p2a: Fearow|Double-Edge|p1a: Ninetales
|-crit|p1a: Ninetales
|-damage|p1a: Ninetales|38\/298
|-damage|p2a: Fearow|235\/300|[from] recoil|[of] p1a: Ninetales
|move|p1a: Ninetales|Fire Blast|p2a: Fearow
|-damage|p2a: Fearow|87\/300
|
|turn|5
|choice|move 3|move 2
|
|move|p2a: Fearow|Drill Peck|p1a: Ninetales
|-crit|p1a: Ninetales
|-damage|p1a: Ninetales|0 fnt
|faint|p1a: Ninetales
|choice|switch 4|
|
|switch|p1a: Vaporeon|Vaporeon, L85|395\/395
|turn|6
|choice|move 2|move 1
|
|move|p2a: Fearow|Double-Edge|p1a: Vaporeon
|-crit|p1a: Vaporeon
|-damage|p1a: Vaporeon|118\/395
|-damage|p2a: Fearow|18\/300|[from] recoil|[of] p1a: Vaporeon
|move|p1a: Vaporeon|Surf|p2a: Fearow
|-damage|p2a: Fearow|0 fnt
|faint|p2a: Fearow
|choice||switch 2
|
|switch|p2a: Gloom|Gloom, L90|291\/291
|turn|7
|c|★MALESANI|4 crits on 5 shots
|c|★MALESANI|that's not normal
|c|★SardonicGaming|ikr
|c|★SardonicGaming|weak af
|c|★SardonicGaming|im getting all the rng
|choice|switch 6|move 3
|
|switch|p1a: Charmeleon|Charmeleon, L85|272\/272
|move|p2a: Gloom|Sleep Powder|p1a: Charmeleon
|-status|p1a: Charmeleon|slp
|
|turn|8
|c|★MALESANI|vabbè va, ho capito
|-message|MALESANI forfeited.
|
|win|SardonicGaming
|leave|MALESANI
|player|p1