|join|bloodyloliokachan
|join|Johnnyg2
|player|p1|bloodyloliokachan|155
|player|p2|Johnnyg2|2
|gametype|singles
|gen|1
|tier|[Gen 1] OU (beta)
|rated
|rule|Sleep Clause Mod: Limit one foe put to sleep
|rule|Species Clause: Limit one of each Pokémon
|rule|OHKO Clause: OHKO moves are banned
|rule|Moody Clause: Moody is banned
|rule|Evasion Moves Clause: Evasion moves are banned
|rule|Endless Battle Clause: Forcing endless battles is banned
|rule|HP Percentage Mod: HP is reported as percentages
|
|start
|switch|p1a: Ganguro|Jynx|333\/333
|switch|p2a: Alakazam|Alakazam|313\/313
|turn|1
|
|move|p2a: Alakazam|Thunder Wave|p1a: Ganguro
|-status|p1a: Ganguro|par
|move|p1a: Ganguro|Lovely Kiss|p2a: Alakazam
|-status|p2a: Alakazam|slp
|
|turn|2
|
|switch|p2a: Lapras|Lapras|463\/463
|switch|p1a: Bear Puns|Snorlax|523\/523
|
|turn|3
|
|move|p2a: Lapras|Blizzard|p1a: Bear Puns|[miss]
|-miss|p2a: Lapras
|move|p1a: Bear Puns|Body Slam|p2a: Lapras
|-damage|p2a: Lapras|330\/463
|-status|p2a: Lapras|par
|
|turn|4
|
|move|p1a: Bear Puns|Body Slam|p2a: Lapras
|-damage|p2a: Lapras|213\/463 par
|move|p2a: Lapras|Confuse Ray|p1a: Bear Puns
|-start|p1a: Bear Puns|confusion
|
|turn|5
|
|switch|p1a: Cosmos|Starmie|323\/323
|cant|p2a: Lapras|par
|
|turn|6
|
|switch|p2a: Exeggutor|Exeggutor|393\/393
|move|p1a: Cosmos|Thunderbolt|p2a: Exeggutor
|-resisted|p2a: Exeggutor
|-damage|p2a: Exeggutor|362\/393
|
|turn|7
|
|switch|p1a: Ganguro|Jynx|333\/333 par
|move|p2a: Exeggutor|Sleep Powder|p1a: Ganguro
|-fail|p1a: Ganguro
|
|turn|8
|
|switch|p2a: Lapras|Lapras|213\/463 par
|move|p1a: Ganguro|Psychic|p2a: Lapras
|-crit|p2a: Lapras
|-damage|p2a: Lapras|0 fnt
|faint|p2a: Lapras
|
|
|switch|p2a: Golem|Golem|363\/363
|turn|9
|
|switch|p1a: Knights of Ni|Exeggutor|393\/393
|move|p2a: Golem|Rock Slide|p1a: Knights of Ni
|-damage|p1a: Knights of Ni|289\/393
|
|turn|10
|
|switch|p2a: Exeggutor|Exeggutor|362\/393
|move|p1a: Knights of Ni|Psychic|p2a: Exeggutor
|-resisted|p2a: Exeggutor
|-damage|p2a: Exeggutor|309\/393
|-unboost|p2a: Exeggutor|spd|1
|-unboost|p2a: Exeggutor|spa|1
|
|turn|11
|
|switch|p2a: Snorlax|Snorlax|523\/523
|move|p1a: Knights of Ni|Psychic|p2a: Snorlax
|-damage|p2a: Snorlax|350\/523
|
|turn|12
|
|move|p1a: Knights of Ni|Psychic|p2a: Snorlax
|-damage|p2a: Snorlax|202\/523
|move|p2a: Snorlax|Body Slam|p1a: Knights of Ni
|-damage|p1a: Knights of Ni|180\/393
|
|turn|13
|
|move|p1a: Knights of Ni|Psychic|p2a: Snorlax
|-damage|p2a: Snorlax|38\/523
|move|p2a: Snorlax|Hyper Beam|p1a: Knights of Ni
|-damage|p1a: Knights of Ni|0 fnt
|faint|p1a: Knights of Ni
|
|
|switch|p1a: Cosmos|Starmie|323\/323
|turn|14
|
|switch|p2a: Exeggutor|Exeggutor|309\/393
|move|p1a: Cosmos|Blizzard|p2a: Exeggutor
|-crit|p2a: Exeggutor
|-supereffective|p2a: Exeggutor
|-damage|p2a: Exeggutor|0 fnt
|faint|p2a: Exeggutor
|
|
|switch|p2a: Zapdos|Zapdos|383\/383
|turn|15
|join|Bacon & Cheese
|
|move|p1a: Cosmos|Thunder Wave|p2a: Zapdos
|-status|p2a: Zapdos|par
|move|p2a: Zapdos|Thunder Wave|p1a: Cosmos
|-status|p1a: Cosmos|par
|
|turn|16
|join|RainPB
|
|switch|p1a: Ganguro|Jynx|333\/333 par
|move|p2a: Zapdos|Thunderbolt|p1a: Ganguro
|-crit|p1a: Ganguro
|-damage|p1a: Ganguro|78\/333 par
|
|turn|17
|
|move|p2a: Zapdos|Drill Peck|p1a: Ganguro
|-damage|p1a: Ganguro|0 fnt
|faint|p1a: Ganguro
|
|
|switch|p1a: LOL NOPE|Gengar|323\/323
|turn|18
|
|switch|p2a: Golem|Golem|363\/363
|move|p1a: LOL NOPE|Mega Drain|p2a: Golem
|-supereffective|p2a: Golem
|-damage|p2a: Golem|151\/363
|
|turn|19
|
|switch|p2a: Zapdos|Zapdos|383\/383 par
|move|p1a: LOL NOPE|Mega Drain|p2a: Zapdos
|-resisted|p2a: Zapdos
|-damage|p2a: Zapdos|368\/383 par
|
|turn|20
|
|move|p1a: LOL NOPE|Thunderbolt|p2a: Zapdos
|-crit|p2a: Zapdos
|-damage|p2a: Zapdos|209\/383 par
|cant|p2a: Zapdos|par
|
|turn|21
|
|move|p1a: LOL NOPE|Thunderbolt|p2a: Zapdos
|-damage|p2a: Zapdos|132\/383 par
|move|p2a: Zapdos|Thunder Wave|p1a: LOL NOPE
|-status|p1a: LOL NOPE|par
|
|turn|22
|
|cant|p1a: LOL NOPE|par
|move|p2a: Zapdos|Drill Peck|p1a: LOL NOPE
|-damage|p1a: LOL NOPE|195\/323 par
|
|turn|23
|
|switch|p2a: Golem|Golem|151\/363
|cant|p1a: LOL NOPE|par
|
|turn|24
|
|move|p2a: Golem|Earthquake|p1a: LOL NOPE
|-supereffective|p1a: LOL NOPE
|-damage|p1a: LOL NOPE|0 fnt
|faint|p1a: LOL NOPE
|
|
|switch|p1a: Silver Tauros|Tauros|353\/353
|turn|25
|
|switch|p2a: Snorlax|Snorlax|38\/523
|move|p1a: Silver Tauros|Blizzard|p2a: Snorlax
|-crit|p2a: Snorlax
|-damage|p2a: Snorlax|0 fnt
|faint|p2a: Snorlax
|
|
|switch|p2a: Alakazam|Alakazam|313\/313 slp
|turn|26
|
|cant|p2a: Alakazam|slp
|-curestatus|p2a: Alakazam|slp
|move|p1a: Silver Tauros|Blizzard|p2a: Alakazam
|-damage|p2a: Alakazam|255\/313
|
|turn|27
|
|switch|p1a: Cosmos|Starmie|323\/323 par
|move|p2a: Alakazam|Thunder Wave|p1a: Cosmos
|-fail|p1a: Cosmos|par
|
|turn|28
|
|switch|p2a: Zapdos|Zapdos|132\/383 par
|move|p1a: Cosmos|Blizzard|p2a: Zapdos
|-supereffective|p2a: Zapdos
|-damage|p2a: Zapdos|0 fnt
|faint|p2a: Zapdos
|
|
|switch|p2a: Alakazam|Alakazam|255\/313
|turn|29
|
|move|p2a: Alakazam|Seismic Toss|p1a: Cosmos
|-damage|p1a: Cosmos|223\/323 par
|move|p1a: Cosmos|Thunder Wave|p2a: Alakazam
|-status|p2a: Alakazam|par
|
|turn|30
|
|switch|p1a: Silver Tauros|Tauros|353\/353
|move|p2a: Alakazam|Seismic Toss|p1a: Silver Tauros
|-damage|p1a: Silver Tauros|253\/353
|
|turn|31
|
|move|p1a: Silver Tauros|Body Slam|p2a: Alakazam
|-damage|p2a: Alakazam|87\/313 par
|cant|p2a: Alakazam|par
|
|turn|32
|
|move|p1a: Silver Tauros|Blizzard|p2a: Alakazam
|-damage|p2a: Alakazam|22\/313 par
|move|p2a: Alakazam|Thunder Wave|p1a: Silver Tauros
|-status|p1a: Silver Tauros|par
|
|turn|33
|
|move|p2a: Alakazam|Recover|p2a: Alakazam
|-heal|p2a: Alakazam|178\/313 par
|move|p1a: Silver Tauros|Body Slam|p2a: Alakazam
|-crit|p2a: Alakazam
|-damage|p2a: Alakazam|0 fnt
|faint|p2a: Alakazam
|
|join|MarcelloJ
|
|switch|p2a: Golem|Golem|151\/363
|turn|34
|
|move|p2a: Golem|Earthquake|p1a: Silver Tauros
|-damage|p1a: Silver Tauros|128\/353 par
|cant|p1a: Silver Tauros|par
|
|turn|35
|
|move|p2a: Golem|Earthquake|p1a: Silver Tauros
|-damage|p1a: Silver Tauros|0 fnt
|faint|p1a: Silver Tauros
|
|
|switch|p1a: Cosmos|Starmie|223\/323 par
|turn|36
|
|move|p2a: Golem|Earthquake|p1a: Cosmos
|-damage|p1a: Cosmos|72\/323 par
|move|p1a: Cosmos|Blizzard|p2a: Golem|[miss]
|-miss|p1a: Cosmos
|
|turn|37
|
|move|p2a: Golem|Earthquake|p1a: Cosmos
|-damage|p1a: Cosmos|0 fnt
|faint|p1a: Cosmos
|
|
|switch|p1a: Bear Puns|Snorlax|523\/523
|turn|38
|
|move|p2a: Golem|Earthquake|p1a: Bear Puns
|-damage|p1a: Bear Puns|372\/523
|move|p1a: Bear Puns|Earthquake|p2a: Golem
|-supereffective|p2a: Golem
|-damage|p2a: Golem|7\/363
|
|turn|39
|
|move|p2a: Golem|Explosion|p1a: Bear Puns
|-damage|p1a: Bear Puns|12\/523
|faint|p2a: Golem
|
|win|bloodyloliokachan
|raw|Ladder updating...
|raw|bloodyloliokachan's rating: 1242 &rarr; <strong>1273<\/strong><br \/>(+31 for winning)
|raw|Johnnyg2's rating: 1334 &rarr; <strong>1308<\/strong><br \/>(-26 for losing)
|chat|bloodyloliokachan|haha dat match
|chat|Bacon & Cheese|that was a close one
|chat|bloodyloliokachan|would that have been a tie?
|chat|bloodyloliokachan|if golem killed snorlax?
|chat|Johnnyg2|yea
|chat|bloodyloliokachan|how do you spectate matches?
|leave|Johnnyg2
|player|p2
|leave|RainPB
|chat|MarcelloJ|hi
|leave|Bacon & Cheese