|j|ziggwiggi
|j|JoaoDaBeast77755
|player|p1|ziggwiggi|240
|player|p2|JoaoDaBeast77755|1
|gametype|singles
|gen|1
|tier|[Gen 1] Random Battle
|rated
|seed|45978,23803,51011,2654
|rule|Sleep Clause Mod: Limit one foe put to sleep
|rule|Freeze Clause Mod: Limit one foe frozen
|rule|HP Percentage Mod: HP is shown in percentages
|
|start
|switch|p1a: Zapdos|Zapdos, L79|304\/304
|switch|p2a: Geodude|Geodude, L96|272\/272
|turn|1
|choice|switch 2|move 3
|
|switch|p1a: Clefairy|Clefairy, L95|326\/326
|move|p2a: Geodude|Rock Slide|p1a: Clefairy
|-crit|p1a: Clefairy
|-damage|p1a: Clefairy|102\/326
|
|turn|2
|choice|move 2|move 3
|
|move|p1a: Clefairy|Blizzard|p2a: Geodude|[miss]
|-miss|p1a: Clefairy
|move|p2a: Geodude|Rock Slide|p1a: Clefairy
|-damage|p1a: Clefairy|0 fnt
|faint|p1a: Clefairy
|choice|switch 6|
|
|switch|p1a: Starmie|Starmie, L79|257\/257
|turn|3
|choice|move 3|move 4
|
|move|p1a: Starmie|Surf|p2a: Geodude
|-supereffective|p2a: Geodude
|-damage|p2a: Geodude|0 fnt
|faint|p2a: Geodude
|choice||switch 3
|
|switch|p2a: Seel|Seel, L96|320\/320
|turn|4
|choice|move 4|move 2
|
|move|p1a: Starmie|Thunderbolt|p2a: Seel
|-supereffective|p2a: Seel
|-damage|p2a: Seel|192\/320
|move|p2a: Seel|Mimic|p1a: Starmie
|-start|p2a: Seel|Mimic|Surf
|
|turn|5
|choice|switch 4|move 1
|
|switch|p1a: Nidoqueen|Nidoqueen, L85|327\/327
|move|p2a: Seel|Body Slam|p1a: Nidoqueen
|-damage|p1a: Nidoqueen|277\/327
|
|turn|6
|choice|move 2|move 3
|
|move|p1a: Nidoqueen|Body Slam|p2a: Seel
|-damage|p2a: Seel|127\/320
|move|p2a: Seel|Surf|p1a: Nidoqueen
|-supereffective|p1a: Nidoqueen
|-damage|p1a: Nidoqueen|32\/327
|
|turn|7
|choice|move 3|move 3
|
|move|p1a: Nidoqueen|Thunder|p2a: Seel
|-supereffective|p2a: Seel
|-damage|p2a: Seel|0 fnt
|faint|p2a: Seel
|choice||switch 4
|
|switch|p2a: Machamp|Machamp, L90|345\/345
|turn|8
|choice|move 2|move 4
|
|move|p1a: Nidoqueen|Body Slam|p2a: Machamp
|-damage|p2a: Machamp|290\/345
|move|p2a: Machamp|Body Slam|p1a: Nidoqueen
|-damage|p1a: Nidoqueen|0 fnt
|faint|p1a: Nidoqueen
|choice|switch 2|
|
|switch|p1a: Zapdos|Zapdos, L79|304\/304
|turn|9
|choice|move 2|move 1
|
|move|p1a: Zapdos|Drill Peck|p2a: Machamp
|-supereffective|p2a: Machamp
|-damage|p2a: Machamp|139\/345
|move|p2a: Machamp|Rock Slide|p1a: Zapdos
|-supereffective|p1a: Zapdos
|-damage|p1a: Zapdos|129\/304
|
|turn|10
|choice|move 2|move 1
|
|move|p1a: Zapdos|Drill Peck|p2a: Machamp
|-supereffective|p2a: Machamp
|-damage|p2a: Machamp|0 fnt
|faint|p2a: Machamp
|choice||switch 2
|
|switch|p2a: Articuno|Articuno, L79|304\/304
|turn|11
|choice|move 4|move 2
|
|move|p1a: Zapdos|Thunder Wave|p2a: Articuno
|-status|p2a: Articuno|par
|move|p2a: Articuno|Blizzard|p1a: Zapdos
|-crit|p1a: Zapdos
|-supereffective|p1a: Zapdos
|-damage|p1a: Zapdos|0 fnt
|faint|p1a: Zapdos
|choice|switch 4|
|
|switch|p1a: Starmie|Starmie, L79|257\/257
|turn|12
|choice|move 4|move 4
|
|move|p1a: Starmie|Thunderbolt|p2a: Articuno
|-supereffective|p2a: Articuno
|-damage|p2a: Articuno|194\/304 par
|cant|p2a: Articuno|par
|
|turn|13
|choice|move 4|move 1
|
|move|p1a: Starmie|Thunderbolt|p2a: Articuno
|-crit|p2a: Articuno
|-supereffective|p2a: Articuno
|-damage|p2a: Articuno|0 fnt
|faint|p2a: Articuno
|choice||switch 6
|
|switch|p2a: Muk|Muk, L90|372\/372
|turn|14
|choice|move 3|move 4
|
|move|p1a: Starmie|Surf|p2a: Muk
|-crit|p2a: Muk
|-damage|p2a: Muk|170\/372
|move|p2a: Muk|Mega Drain|p1a: Starmie
|-supereffective|p1a: Starmie
|-damage|p1a: Starmie|209\/257
|-heal|p2a: Muk|194\/372|[from] drain|[of] p1a: Starmie
|
|turn|15
|choice|move 3|move 1
|
|move|p1a: Starmie|Surf|p2a: Muk
|-damage|p2a: Muk|94\/372
|move|p2a: Muk|Explosion|p1a: Starmie
|-damage|p1a: Starmie|0 fnt
|faint|p1a: Starmie
|faint|p2a: Muk
|choice|switch 3|switch 5
|
|switch|p2a: Flareon|Flareon, L90|300\/300
|switch|p1a: Eevee|Eevee, L96|300\/300
|turn|16
|choice|move 3|move 3
|
|move|p2a: Flareon|Hyper Beam|p1a: Eevee
|-damage|p1a: Eevee|133\/300
|move|p1a: Eevee|Sand Attack|p2a: Flareon
|-unboost|p2a: Flareon|accuracy|1
|
|turn|17
|-mustrecharge|p2a: Flareon
|-mustrecharge|p2a: Flareon
|choice|move 3|move 1
|
|cant|p2a: Flareon|recharge
|move|p1a: Eevee|Sand Attack|p2a: Flareon
|-unboost|p2a: Flareon|accuracy|1
|
|turn|18
|choice|move 3|move 3
|
|move|p2a: Flareon|Hyper Beam|p1a: Eevee
|-damage|p1a: Eevee|0 fnt
|faint|p1a: Eevee
|choice|switch 5|
|
|switch|p1a: Beedrill|Beedrill, L90|300\/300
|turn|19
|choice|move 3|move 4
|
|move|p1a: Beedrill|Swords Dance|p1a: Beedrill
|-boost|p1a: Beedrill|atk|2
|move|p2a: Flareon|Fire Blast|p1a: Beedrill
|-supereffective|p1a: Beedrill
|-damage|p1a: Beedrill|0 fnt
|faint|p1a: Beedrill
|
|win|JoaoDaBeast77755
|raw|ziggwiggi's rating: 1000 &rarr; <strong>1000<\/strong><br \/>(+0 for losing)
|raw|JoaoDaBeast77755's rating: 1070 &rarr; <strong>1094<\/strong><br \/>(+24 for winning)
|l|ziggwiggi
|player|p1
|c|★JoaoDaBeast77755|gg