|join|TheM3nte
|join|marcoasd
|player|p1|TheM3nte|120
|player|p2|marcoasd|2
|gametype|singles
|gen|1
|tier|[Gen 1] Random Battle
|rule|Sleep Clause Mod: Limit one foe put to sleep
|rule|Freeze Clause Mod: Limit one foe frozen
|rule|HP Percentage Mod: HP is shown in percentages
|
|start
|switch|p1a: Abra|Abra, L96|243\/243
|switch|p2a: Growlithe|Growlithe, L96|300\/300
|turn|1
|c|★TheM3nte|gl hf
|c|★marcoasd|mmm praticamente no clue
|
|move|p1a: Abra|Thunder Wave|p2a: Growlithe
|-status|p2a: Growlithe|par
|move|p2a: Growlithe|Body Slam|p1a: Abra
|-damage|p1a: Abra|127\/243
|
|turn|2
|c|★marcoasd|se ha recover me lo taglio
|
|move|p1a: Abra|Reflect|p1a: Abra
|-start|p1a: Abra|Reflect
|cant|p2a: Growlithe|par
|
|turn|3
|c|★TheM3nte|tranquo
|c|★TheM3nte|no recover
|
|move|p1a: Abra|Psychic|p2a: Growlithe
|-damage|p2a: Growlithe|133\/300 par
|cant|p2a: Growlithe|par
|
|turn|4
|
|switch|p2a: Mewtwo|Mewtwo, L70|293\/293
|move|p1a: Abra|Psychic|p2a: Mewtwo
|-resisted|p2a: Mewtwo
|-damage|p2a: Mewtwo|237\/293
|
|turn|5
|c|★marcoasd|hai rotto.
|
|move|p1a: Abra|Thunder Wave|p2a: Mewtwo
|-status|p2a: Mewtwo|par
|move|p2a: Mewtwo|Body Slam|p1a: Abra
|-damage|p1a: Abra|86\/243
|
|turn|6
|
|move|p1a: Abra|Seismic Toss|p2a: Mewtwo
|-damage|p2a: Mewtwo|141\/293 par
|move|p2a: Mewtwo|Amnesia|p2a: Mewtwo
|-boost|p2a: Mewtwo|spd|2
|-boost|p2a: Mewtwo|spa|2
|
|turn|7
|
|move|p1a: Abra|Seismic Toss|p2a: Mewtwo
|-damage|p2a: Mewtwo|45\/293 par
|move|p2a: Mewtwo|Rest|p2a: Mewtwo
|-status|p2a: Mewtwo|slp
|-heal|p2a: Mewtwo|293\/293 slp|[silent]
|-status|p2a: Mewtwo|slp|[from] move: Rest
|
|turn|8
|c|★TheM3nte|eh cazzo
|c|★marcoasd|lol
|c|★TheM3nte|anche qua son due turni no?
|c|★marcoasd|vabbè 96 non è male
|c|★marcoasd|sì
|c|★marcoasd|mi sveglio e non attacco
|c|★marcoasd|basta che tossi e mi fai del male
|c|★TheM3nte|Ah bon dunque posso spammare seismic toss lol
|
|move|p1a: Abra|Seismic Toss|p2a: Mewtwo
|-damage|p2a: Mewtwo|197\/293 slp
|cant|p2a: Mewtwo|slp
|
|turn|9
|c|★TheM3nte|sìsì infatti
|c|★TheM3nte|se non attacchi al turno in cui ti svegli sì
|
|move|p1a: Abra|Seismic Toss|p2a: Mewtwo
|-damage|p2a: Mewtwo|101\/293 slp
|-curestatus|p2a: Mewtwo|slp
|
|turn|10
|c|★marcoasd|tossi e resto di nuovo
|c|★marcoasd|ti ppstallo
|
|move|p1a: Abra|Seismic Toss|p2a: Mewtwo
|-damage|p2a: Mewtwo|5\/293
|move|p2a: Mewtwo|Rest|p2a: Mewtwo
|-status|p2a: Mewtwo|slp
|-heal|p2a: Mewtwo|293\/293 slp|[silent]
|-status|p2a: Mewtwo|slp|[from] move: Rest
|
|turn|11
|c|★marcoasd|occhio che critta
|
|switch|p1a: Fearow|Fearow, L90|300\/300
|cant|p2a: Mewtwo|slp
|
|turn|12
|
|move|p1a: Fearow|Double-Edge|p2a: Mewtwo
|-crit|p2a: Mewtwo
|-damage|p2a: Mewtwo|42\/293 slp
|-damage|p1a: Fearow|238\/300|[from] recoil|[of] p2a: Mewtwo
|-curestatus|p2a: Mewtwo|slp
|
|turn|13
|c|★marcoasd|lol
|
|switch|p2a: Growlithe|Growlithe, L96|133\/300 par
|move|p1a: Fearow|Double-Edge|p2a: Growlithe
|-damage|p2a: Growlithe|0 fnt
|-damage|p1a: Fearow|205\/300|[from] recoil|[of] p2a: Growlithe
|faint|p2a: Growlithe
|c|★TheM3nte|o.o
|
|switch|p2a: Golduck|Golduck, L85|310\/310
|turn|14
|c|★marcoasd|sì ma sono scarso qui
|
|switch|p1a: Articuno|Articuno, L79|304\/304
|move|p2a: Golduck|Blizzard|p1a: Articuno
|-damage|p1a: Articuno|235\/304
|
|turn|15
|c|★marcoasd|non ho idea dei danni che si fanno essendoci i livelli sfalsati loool
|
|move|p2a: Golduck|Amnesia|p2a: Golduck
|-boost|p2a: Golduck|spd|2
|-boost|p2a: Golduck|spa|2
|move|p1a: Articuno|Blizzard|p2a: Golduck
|-resisted|p2a: Golduck
|-damage|p2a: Golduck|276\/310
|
|turn|16
|
|switch|p1a: Abra|Abra, L96|86\/243
|move|p2a: Golduck|Amnesia|p2a: Golduck
|-boost|p2a: Golduck|spd|2
|-boost|p2a: Golduck|spa|2
|
|turn|17
|
|move|p1a: Abra|Thunder Wave|p2a: Golduck
|-status|p2a: Golduck|par
|move|p2a: Golduck|Ice Beam|p1a: Abra
|-damage|p1a: Abra|0 fnt
|faint|p1a: Abra
|
|switch|p1a: Pikachu|Pikachu, L96|262\/262
|turn|18
|
|move|p1a: Pikachu|Thunderbolt|p2a: Golduck
|-crit|p2a: Golduck
|-supereffective|p2a: Golduck
|-damage|p2a: Golduck|0 fnt
|faint|p2a: Golduck
|
|switch|p2a: Dugtrio|Dugtrio, L85|233\/233
|turn|19
|c|★TheM3nte|lol
|c|★marcoasd|merda
|
|switch|p2a: Mewtwo|Mewtwo, L70|42\/293
|switch|p1a: Articuno|Articuno, L79|235\/304
|
|turn|20
|c|★TheM3nte|nice one
|c|★marcoasd|per forza dovevo farla
|c|★marcoasd|lol
|c|★marcoasd|mi sa che ho perso
|c|★marcoasd|con un team allucinante
|
|switch|p1a: Fearow|Fearow, L90|205\/300
|move|p2a: Mewtwo|Rest|p2a: Mewtwo
|-status|p2a: Mewtwo|slp
|-heal|p2a: Mewtwo|293\/293 slp|[silent]
|-status|p2a: Mewtwo|slp|[from] move: Rest
|
|turn|21
|c|★marcoasd|due amnesia users ahahhaah
|
|switch|p2a: Farfetch'd|Farfetch'd, L99|304\/304
|move|p1a: Fearow|Double-Edge|p2a: Farfetch'd
|-damage|p2a: Farfetch'd|166\/304
|-damage|p1a: Fearow|171\/300|[from] recoil|[of] p2a: Farfetch'd
|
|turn|22
|
|switch|p1a: Pikachu|Pikachu, L96|262\/262
|move|p2a: Farfetch'd|Slash|p1a: Pikachu
|-crit|p1a: Pikachu
|-damage|p1a: Pikachu|15\/262
|
|turn|23
|
|switch|p1a: Fearow|Fearow, L90|171\/300
|switch|p2a: Mewtwo|Mewtwo, L70|293\/293 slp
|
|turn|24
|c|★marcoasd|ugh
|c|★marcoasd|hai predictato mewtwo?
|c|★TheM3nte|ovvio
|c|★marcoasd|ovvio un cazzo... è una cosa difficile
|c|★TheM3nte|direi di no
|c|★TheM3nte|pikachu ha surf
|c|★TheM3nte|ti castavo quella in ottica dugtrio
|c|★TheM3nte|sto giocando malino in un mg che non conosco
|c|★marcoasd|perchè dovevo mandare dugtrio su pikachu e tu mi inculavi con cuno
|c|★marcoasd|eh non lo so
|c|★marcoasd|non la hai rivelata
|c|★TheM3nte|mi doublavi di nuovo e la bbuttavi sul coinflip
|c|★marcoasd|e quindi il giocatore medio mandava cuno
|c|★marcoasd|ed io speravo di svegliare two
|c|★TheM3nte|dovevi metterti pressione su sta roba
|c|★TheM3nte|ed è bella che fatta
|c|★TheM3nte|:)
|c|★marcoasd|quindi in pratica se sta cosa era ragionata hai fatto una cosa non comune
|
|move|p1a: Fearow|Double-Edge|p2a: Mewtwo
|-crit|p2a: Mewtwo
|-damage|p2a: Mewtwo|45\/293 slp
|-damage|p1a: Fearow|109\/300|[from] recoil|[of] p2a: Mewtwo
|cant|p2a: Mewtwo|slp
|
|turn|25
|c|★TheM3nte|ovvio che lo è
|c|★marcoasd|gg
|c|★marcoasd|netto
|
|move|p1a: Fearow|Drill Peck|p2a: Mewtwo
|-damage|p2a: Mewtwo|0 fnt
|faint|p2a: Mewtwo
|
|switch|p2a: Pinsir|Pinsir, L85|284\/284
|turn|26
|
|move|p1a: Fearow|Drill Peck|p2a: Pinsir
|-supereffective|p2a: Pinsir
|-damage|p2a: Pinsir|127\/284
|move|p2a: Pinsir|Hyper Beam|p1a: Fearow
|-crit|p1a: Fearow
|-damage|p1a: Fearow|0 fnt
|faint|p1a: Fearow
|c|★marcoasd|lol
|
|switch|p1a: Pikachu|Pikachu, L96|15\/262
|turn|27
|
|move|p1a: Pikachu|Thunderbolt|p2a: Pinsir
|-damage|p2a: Pinsir|7\/284
|move|p2a: Pinsir|Body Slam|p1a: Pikachu
|-damage|p1a: Pikachu|0 fnt
|faint|p1a: Pikachu
|c|★marcoasd|parte il pinsirsweep
|join|aaamen
|
|switch|p1a: Articuno|Articuno, L79|235\/304
|turn|28
|
|move|p2a: Pinsir|Hyper Beam|p1a: Articuno
|-damage|p1a: Articuno|114\/304
|move|p1a: Articuno|Blizzard|p2a: Pinsir
|-crit|p2a: Pinsir
|-damage|p2a: Pinsir|0 fnt
|faint|p2a: Pinsir
|
|switch|p2a: Farfetch'd|Farfetch'd, L99|166\/304
|turn|29
|c|★TheM3nte|crit eh
|c|★marcoasd|serviva ora il crit
|c|★marcoasd|lol
|c|★marcoasd|pare il porrosweep
|c|★marcoasd|parte
|
|move|p2a: Farfetch'd|Slash|p1a: Articuno
|-crit|p1a: Articuno
|-damage|p1a: Articuno|0 fnt
|faint|p1a: Articuno
|
|switch|p1a: Machamp|Machamp, L90|345\/345
|turn|30
|c|★marcoasd|no dai
|c|★marcoasd|prendo il calcolatore
|c|★marcoasd|non c'è cazzi
|c|★marcoasd|porrosweep ne vale la pena
|c|★TheM3nte|lol fai pure
|
|move|p2a: Farfetch'd|Sand Attack|p1a: Machamp
|-unboost|p1a: Machamp|accuracy|1
|move|p1a: Machamp|Body Slam|p2a: Farfetch'd
|-damage|p2a: Farfetch'd|69\/304
|
|turn|31
|c|★marcoasd|rip non posso più subbare XD
|
|move|p2a: Farfetch'd|Slash|p1a: Machamp
|-crit|p1a: Machamp
|-damage|p1a: Machamp|196\/345
|move|p1a: Machamp|Body Slam|p2a: Farfetch'd
|-damage|p2a: Farfetch'd|0 fnt
|faint|p2a: Farfetch'd
|
|switch|p2a: Dugtrio|Dugtrio, L85|233\/233
|turn|32
|
|move|p2a: Dugtrio|Substitute|p2a: Dugtrio
|-start|p2a: Dugtrio|Substitute
|-damage|p2a: Dugtrio|175\/233
|move|p1a: Machamp|Hyper Beam|p2a: Dugtrio|[miss]
|-miss|p1a: Machamp
|
|turn|33
|c|★marcoasd|asd
|c|★TheM3nte|mai na gioia
|c|★TheM3nte|menomale che ha missato ahaha
|c|★marcoasd|dai critta
|
|move|p2a: Dugtrio|Earthquake|p1a: Machamp
|-damage|p1a: Machamp|95\/345
|move|p1a: Machamp|Body Slam|p2a: Dugtrio
|-end|p2a: Dugtrio|Substitute
|
|turn|34
|c|★marcoasd|madòòòòò
|
|move|p2a: Dugtrio|Substitute|p2a: Dugtrio
|-start|p2a: Dugtrio|Substitute
|-damage|p2a: Dugtrio|117\/233
|move|p1a: Machamp|Body Slam|p2a: Dugtrio
|-end|p2a: Dugtrio|Substitute
|
|turn|35
|
|move|p2a: Dugtrio|Substitute|p2a: Dugtrio
|-start|p2a: Dugtrio|Substitute
|-damage|p2a: Dugtrio|59\/233
|move|p1a: Machamp|Body Slam|p2a: Dugtrio
|-end|p2a: Dugtrio|Substitute
|
|turn|36
|c|★marcoasd|dove sono i leftovers quando servono
|
|move|p2a: Dugtrio|Substitute|p2a: Dugtrio
|-start|p2a: Dugtrio|Substitute
|-damage|p2a: Dugtrio|1\/233
|move|p1a: Machamp|Body Slam|p2a: Dugtrio
|-crit|p2a: Dugtrio
|-end|p2a: Dugtrio|Substitute
|
|turn|37
|c|★TheM3nte|^
|
|move|p2a: Dugtrio|Earthquake|p1a: Machamp
|-damage|p1a: Machamp|0 fnt
|faint|p1a: Machamp
|
|switch|p1a: Parasect|Parasect, L90|291\/291
|turn|38
|c|★marcoasd|lol
|c|★marcoasd|che umiliazione
|
|move|p2a: Dugtrio|Sand Attack|p1a: Parasect
|-unboost|p1a: Parasect|accuracy|1
|move|p1a: Parasect|Body Slam|p2a: Dugtrio
|-damage|p2a: Dugtrio|0 fnt
|faint|p2a: Dugtrio
|
|win|TheM3nte
|c|★marcoasd|gg
|c|★TheM3nte|gg
|c|★TheM3nte|grazie
|c|★marcoasd|un attimo e torno
|c|★marcoasd|comunque sempre epiche ste partite
|c|★marcoasd|zingarate atroci
|leave|aaamen
|leave|marcoasd
|player|p2