|j|Deji is a FGT
|j|Giory
|player|p1|Deji is a FGT|2
|player|p2|Giory|101
|gametype|singles
|gen|1
|tier|[Gen 1] Random Battle
|rated
|seed|8491,6755,29098,23118
|rule|Sleep Clause Mod: Limit one foe put to sleep
|rule|Freeze Clause Mod: Limit one foe frozen
|rule|HP Percentage Mod: HP is shown in percentages
|
|start
|switch|p1a: Farfetch'd|Farfetch'd, L99|304\/304
|switch|p2a: Vileplume|Vileplume, L90|318\/318
|turn|1
|choice|move 3|move 3
|
|move|p1a: Farfetch'd|Body Slam|p2a: Vileplume
|-damage|p2a: Vileplume|223\/318
|move|p2a: Vileplume|Sleep Powder|p1a: Farfetch'd|[miss]
|-miss|p2a: Vileplume
|
|turn|2
|choice|move 2|switch 2
|
|switch|p2a: Tauros|Tauros, L79|280\/280
|move|p1a: Farfetch'd|Sand Attack|p2a: Tauros
|-unboost|p2a: Tauros|accuracy|1
|
|turn|3
|choice|move 1|move 3
|
|move|p2a: Tauros|Body Slam|p1a: Farfetch'd
|-damage|p1a: Farfetch'd|220\/304
|move|p1a: Farfetch'd|Slash|p2a: Tauros
|-crit|p2a: Tauros
|-damage|p2a: Tauros|113\/280
|
|turn|4
|choice|move 3|switch 4
|
|switch|p2a: Slowbro|Slowbro, L79|312\/312
|move|p1a: Farfetch'd|Body Slam|p2a: Slowbro
|-damage|p2a: Slowbro|225\/312
|-status|p2a: Slowbro|par
|
|turn|5
|choice|move 1|move 1
|
|move|p1a: Farfetch'd|Slash|p2a: Slowbro
|-crit|p2a: Slowbro
|-damage|p2a: Slowbro|81\/312 par
|move|p2a: Slowbro|Thunder Wave|p1a: Farfetch'd
|-status|p1a: Farfetch'd|par
|
|turn|6
|choice|move 1|move 3
|
|move|p1a: Farfetch'd|Slash|p2a: Slowbro
|-crit|p2a: Slowbro
|-damage|p2a: Slowbro|0 fnt
|faint|p2a: Slowbro
|choice||switch 4
|
|switch|p2a: Tauros|Tauros, L79|113\/280
|turn|7
|choice|move 3|move 1
|
|move|p2a: Tauros|Blizzard|p1a: Farfetch'd
|-supereffective|p1a: Farfetch'd
|-damage|p1a: Farfetch'd|95\/304 par
|cant|p1a: Farfetch'd|par
|
|turn|8
|choice|switch 3|move 4
|
|switch|p1a: Onix|Onix, L90|246\/246
|move|p2a: Tauros|Hyper Beam|p1a: Onix
|-resisted|p1a: Onix
|-damage|p1a: Onix|205\/246
|
|turn|9
|-mustrecharge|p2a: Tauros
|-mustrecharge|p2a: Tauros
|choice|move 3|move 1
|
|cant|p2a: Tauros|recharge
|move|p1a: Onix|Earthquake|p2a: Tauros
|-damage|p2a: Tauros|33\/280
|
|turn|10
|choice|move 3|move 1
|
|move|p2a: Tauros|Blizzard|p1a: Onix
|-supereffective|p1a: Onix
|-damage|p1a: Onix|16\/246
|move|p1a: Onix|Earthquake|p2a: Tauros
|-damage|p2a: Tauros|0 fnt
|faint|p2a: Tauros
|choice||switch 3
|
|switch|p2a: Ninetales|Ninetales, L85|298\/298
|turn|11
|choice|move 1|move 1
|
|move|p2a: Ninetales|Fire Blast|p1a: Onix
|-resisted|p1a: Onix
|-damage|p1a: Onix|0 fnt
|faint|p1a: Onix
|choice|switch 6|
|
|switch|p1a: Machoke|Machoke, L85|310\/310
|turn|12
|choice|move 2|move 3
|
|move|p2a: Ninetales|Reflect|p2a: Ninetales
|-start|p2a: Ninetales|Reflect
|move|p1a: Machoke|Double-Edge|p2a: Ninetales
|-damage|p2a: Ninetales|255\/298
|-damage|p1a: Machoke|300\/310|[from] recoil|[of] p2a: Ninetales
|
|turn|13
|choice|switch 5|move 2
|
|switch|p1a: Ninetales|Ninetales, L85|298\/298
|move|p2a: Ninetales|Confuse Ray|p1a: Ninetales
|-start|p1a: Ninetales|confusion
|
|turn|14
|choice|move 4|move 4
|
|-activate|p1a: Ninetales|confusion
|move|p1a: Ninetales|Confuse Ray|p2a: Ninetales
|-start|p2a: Ninetales|confusion
|-activate|p2a: Ninetales|confusion
|-damage|p2a: Ninetales|224\/298|[from] confusion
|
|turn|15
|choice|move 3|move 4
|
|-end|p2a: Ninetales|confusion
|move|p2a: Ninetales|Body Slam|p1a: Ninetales
|-damage|p1a: Ninetales|241\/298
|-activate|p1a: Ninetales|confusion
|move|p1a: Ninetales|Reflect|p1a: Ninetales
|-start|p1a: Ninetales|Reflect
|
|turn|16
|choice|move 4|move 4
|
|move|p2a: Ninetales|Body Slam|p1a: Ninetales
|-damage|p1a: Ninetales|211\/298
|-end|p1a: Ninetales|confusion
|move|p1a: Ninetales|Confuse Ray|p2a: Ninetales
|-start|p2a: Ninetales|confusion
|
|turn|17
|choice|move 2|move 4
|
|move|p1a: Ninetales|Hyper Beam|p2a: Ninetales
|-damage|p2a: Ninetales|170\/298
|-activate|p2a: Ninetales|confusion
|-damage|p2a: Ninetales|139\/298|[from] confusion
|
|turn|18
|-mustrecharge|p1a: Ninetales
|-mustrecharge|p1a: Ninetales
|choice|move 1|move 2
|
|cant|p1a: Ninetales|recharge
|-end|p2a: Ninetales|confusion
|move|p2a: Ninetales|Confuse Ray|p1a: Ninetales
|-start|p1a: Ninetales|confusion
|
|turn|19
|choice|move 4|move 4
|
|-activate|p1a: Ninetales|confusion
|move|p1a: Ninetales|Confuse Ray|p2a: Ninetales
|-start|p2a: Ninetales|confusion
|-activate|p2a: Ninetales|confusion
|move|p2a: Ninetales|Body Slam|p1a: Ninetales
|-crit|p1a: Ninetales
|-damage|p1a: Ninetales|97\/298
|-status|p1a: Ninetales|par
|
|turn|20
|choice|move 1|switch 5
|
|switch|p2a: Seaking|Seaking, L90|327\/327
|cant|p1a: Ninetales|par
|
|turn|21
|choice|switch 2|move 2
|
|switch|p1a: Beedrill|Beedrill, L90|300\/300
|move|p2a: Seaking|Surf|p1a: Beedrill
|-damage|p1a: Beedrill|152\/300
|
|turn|22
|choice|move 3|move 2
|
|move|p1a: Beedrill|Twineedle|p2a: Seaking
|-damage|p2a: Seaking|297\/327
|-damage|p2a: Seaking|267\/327
|-hitcount|p2a: Seaking|2
|move|p2a: Seaking|Surf|p1a: Beedrill
|-crit|p1a: Beedrill
|-damage|p1a: Beedrill|0 fnt
|faint|p1a: Beedrill
|choice|switch 5|
|
|switch|p1a: Machoke|Machoke, L85|300\/310
|turn|23
|choice|move 4|move 2
|
|move|p2a: Seaking|Surf|p1a: Machoke
|-damage|p1a: Machoke|172\/310
|move|p1a: Machoke|Counter|p2a: Seaking
|-fail|p1a: Machoke
|
|turn|24
|choice|move 1|move 2
|
|move|p2a: Seaking|Surf|p1a: Machoke
|-damage|p1a: Machoke|33\/310
|move|p1a: Machoke|Mega Kick|p2a: Seaking
|-damage|p2a: Seaking|173\/327
|
|turn|25
|choice|move 1|move 2
|
|move|p2a: Seaking|Surf|p1a: Machoke
|-damage|p1a: Machoke|0 fnt
|faint|p1a: Machoke
|choice|switch 4|
|
|switch|p1a: Mewtwo|Mewtwo, L70|293\/293
|turn|26
|choice|move 3|move 3
|
|move|p1a: Mewtwo|Thunderbolt|p2a: Seaking
|-supereffective|p2a: Seaking
|-damage|p2a: Seaking|41\/327
|move|p2a: Seaking|Blizzard|p1a: Mewtwo
|-damage|p1a: Mewtwo|221\/293
|-status|p1a: Mewtwo|frz
|
|turn|27
|c|★Giory|yes
|choice|move 3|move 2
|
|cant|p1a: Mewtwo|frz
|move|p2a: Seaking|Surf|p1a: Mewtwo
|-damage|p1a: Mewtwo|141\/293 frz
|
|turn|28
|c|★Deji is a FGT|I HATE U
|choice|move 3|move 2
|
|cant|p1a: Mewtwo|frz
|move|p2a: Seaking|Surf|p1a: Mewtwo
|-damage|p1a: Mewtwo|60\/293 frz
|
|turn|29
|-message|Deji is a FGT forfeited.
|
|win|Giory
|l|Deji is a FGT
|player|p1
|raw|Deji is a FGT's rating: 1000 &rarr; <strong>1000<\/strong><br \/>(+0 for losing)
|raw|Giory's rating: 1160 &rarr; <strong>1174<\/strong><br \/>(+14 for winning)