|join|Reeban
|join|Honig
|player|p1|Reeban|136
|player|p2|Honig|1
|gametype|singles
|gen|1
|tier|[Gen 1] OU (beta)
|rated
|rule|Sleep Clause Mod: Limit one foe put to sleep
|rule|Species Clause: Limit one of each Pokemon
|rule|OHKO Clause: OHKO moves are banned
|rule|Moody Clause: Moody is banned
|rule|Evasion Moves Clause: Evasion moves are banned
|rule|Endless Battle Clause: Forcing endless battles is banned.
|rule|HP Percentage Mod: HP is reported as percentages
|
|start
|switch|p1a: Starmie|Starmie|323\/323
|switch|p2a: Alakazam|Alakazam|313\/313
|turn|1
|chat|Honig|hi
|chat|Reeban|hi
|
|move|p2a: Alakazam|Thunder Wave|p1a: Starmie
|-status|p1a: Starmie|par
|move|p1a: Starmie|Thunder Wave|p2a: Alakazam
|-status|p2a: Alakazam|par
|
|turn|2
|
|cant|p2a: Alakazam|par
|move|p1a: Starmie|Blizzard|p2a: Alakazam|[miss]
|-miss|p1a: Starmie
|
|turn|3
|join|Fayt
|
|move|p2a: Alakazam|Seismic Toss|p1a: Starmie
|-damage|p1a: Starmie|223\/323 par
|move|p1a: Starmie|Blizzard|p2a: Alakazam
|-damage|p2a: Alakazam|243\/313 par
|
|turn|4
|
|move|p2a: Alakazam|Seismic Toss|p1a: Starmie
|-damage|p1a: Starmie|123\/323 par
|move|p1a: Starmie|Recover|p1a: Starmie
|-heal|p1a: Starmie|284\/323 par
|
|turn|5
|
|move|p2a: Alakazam|Seismic Toss|p1a: Starmie
|-damage|p1a: Starmie|184\/323 par
|move|p1a: Starmie|Recover|p1a: Starmie
|-heal|p1a: Starmie|323\/323 par
|
|turn|6
|chat|Fayt|PRAISE THE HELIX
|
|switch|p1a: Golem|Golem|363\/363
|move|p2a: Alakazam|Seismic Toss|p1a: Golem
|-damage|p1a: Golem|263\/363
|
|turn|7
|chat|Honig|wow
|chat|Honig|fat golem :)
|chat|Honig|nice sprite
|
|switch|p2a: Tauros|Tauros|353\/353
|move|p1a: Golem|Earthquake|p2a: Tauros
|-damage|p2a: Tauros|214\/353
|
|turn|8
|
|move|p2a: Tauros|Blizzard|p1a: Golem
|-supereffective|p1a: Golem
|-damage|p1a: Golem|60\/363
|move|p1a: Golem|Body Slam|p2a: Tauros
|-damage|p2a: Tauros|138\/353
|
|turn|9
|
|switch|p1a: Tauros|Tauros|353\/353
|move|p2a: Tauros|Earthquake|p1a: Tauros
|-damage|p1a: Tauros|277\/353
|
|turn|10
|
|switch|p2a: Gengar|Gengar|323\/323
|move|p1a: Tauros|Hyper Beam|p2a: Gengar
|-immune|p2a: Gengar|[msg]
|
|turn|11
|
|switch|p1a: Starmie|Starmie|323\/323 par
|move|p2a: Gengar|Hypnosis|p1a: Starmie|[miss]
|-miss|p2a: Gengar
|
|turn|12
|
|move|p2a: Gengar|Confuse Ray|p1a: Starmie
|-start|p1a: Starmie|confusion
|-activate|p1a: Starmie|confusion
|move|p1a: Starmie|Blizzard|p2a: Gengar
|-damage|p2a: Gengar|250\/323
|
|turn|13
|
|switch|p2a: Alakazam|Alakazam|243\/313 par
|switch|p1a: Chansey|Chansey|703\/703
|
|turn|14
|
|move|p1a: Chansey|Thunderbolt|p2a: Alakazam
|-damage|p2a: Alakazam|183\/313 par
|cant|p2a: Alakazam|par
|
|turn|15
|
|move|p1a: Chansey|Thunderbolt|p2a: Alakazam
|-damage|p2a: Alakazam|124\/313 par
|move|p2a: Alakazam|Thunder Wave|p1a: Chansey
|-status|p1a: Chansey|par
|
|turn|16
|
|cant|p2a: Alakazam|par
|move|p1a: Chansey|Thunderbolt|p2a: Alakazam
|-damage|p2a: Alakazam|66\/313 par
|
|turn|17
|
|switch|p1a: Tauros|Tauros|277\/353
|move|p2a: Alakazam|Recover|p2a: Alakazam
|-heal|p2a: Alakazam|222\/313 par
|
|turn|18
|
|move|p1a: Tauros|Body Slam|p2a: Alakazam
|-damage|p2a: Alakazam|71\/313 par
|move|p2a: Alakazam|Thunder Wave|p1a: Tauros
|-status|p1a: Tauros|par
|
|turn|19
|
|move|p2a: Alakazam|Recover|p2a: Alakazam
|-heal|p2a: Alakazam|227\/313 par
|cant|p1a: Tauros|par
|
|turn|20
|
|cant|p2a: Alakazam|par
|move|p1a: Tauros|Earthquake|p2a: Alakazam
|-damage|p2a: Alakazam|98\/313 par
|
|turn|21
|
|cant|p2a: Alakazam|par
|cant|p1a: Tauros|par
|
|turn|22
|
|move|p2a: Alakazam|Recover|p2a: Alakazam
|-heal|p2a: Alakazam|254\/313 par
|move|p1a: Tauros|Body Slam|p2a: Alakazam
|-damage|p2a: Alakazam|108\/313 par
|
|turn|23
|
|move|p2a: Alakazam|Psychic|p1a: Tauros
|-damage|p1a: Tauros|124\/353 par
|move|p1a: Tauros|Earthquake|p2a: Alakazam
|-damage|p2a: Alakazam|0 fnt
|faint|p2a: Alakazam
|
|
|switch|p2a: Snorlax|Snorlax|523\/523
|turn|24
|
|move|p2a: Snorlax|Amnesia|p2a: Snorlax
|-boost|p2a: Snorlax|spd|2
|-boost|p2a: Snorlax|spa|2
|move|p1a: Tauros|Hyper Beam|p2a: Snorlax
|-crit|p2a: Snorlax
|-damage|p2a: Snorlax|75\/523
|
|turn|25
|
|move|p2a: Snorlax|Ice Beam|p1a: Tauros
|-damage|p1a: Tauros|0 fnt
|faint|p1a: Tauros
|
|
|switch|p1a: Lapras|Lapras|463\/463
|turn|26
|
|switch|p2a: Gengar|Gengar|250\/323
|move|p1a: Lapras|Body Slam|p2a: Gengar
|-immune|p2a: Gengar|[msg]
|
|turn|27
|
|switch|p1a: Chansey|Chansey|703\/703 par
|move|p2a: Gengar|Hypnosis|p1a: Chansey
|-fail|p1a: Chansey
|
|turn|28
|
|move|p2a: Gengar|Confuse Ray|p1a: Chansey
|-start|p1a: Chansey|confusion
|-activate|p1a: Chansey|confusion
|move|p1a: Chansey|Thunder Wave|p2a: Gengar
|-status|p2a: Gengar|par
|
|turn|29
|
|switch|p1a: Golem|Golem|60\/363
|move|p2a: Gengar|Psychic|p1a: Golem
|-damage|p1a: Golem|0 fnt
|faint|p1a: Golem
|
|
|switch|p1a: Lapras|Lapras|463\/463
|turn|30
|
|move|p1a: Lapras|Confuse Ray|p2a: Gengar
|-start|p2a: Gengar|confusion
|-activate|p2a: Gengar|confusion
|move|p2a: Gengar|Hypnosis|p1a: Lapras|[miss]
|-miss|p2a: Gengar
|
|turn|31
|
|move|p1a: Lapras|Blizzard|p2a: Gengar|[miss]
|-miss|p1a: Lapras
|-end|p2a: Gengar|confusion
|move|p2a: Gengar|Hypnosis|p1a: Lapras
|-status|p1a: Lapras|slp
|
|turn|32
|
|switch|p1a: Exeggutor|Exeggutor|393\/393
|move|p2a: Gengar|Psychic|p1a: Exeggutor
|-resisted|p1a: Exeggutor
|-damage|p1a: Exeggutor|358\/393
|
|turn|33
|
|move|p1a: Exeggutor|Sleep Powder|p2a: Gengar|[miss]
|-miss|p1a: Exeggutor
|move|p2a: Gengar|Night Shade|p1a: Exeggutor
|-damage|p1a: Exeggutor|258\/393
|
|turn|34
|
|move|p1a: Exeggutor|Psychic|p2a: Gengar
|-supereffective|p2a: Gengar
|-damage|p2a: Gengar|40\/323 par
|move|p2a: Gengar|Night Shade|p1a: Exeggutor
|-damage|p1a: Exeggutor|158\/393
|
|turn|35
|
|move|p1a: Exeggutor|Psychic|p2a: Gengar
|-supereffective|p2a: Gengar
|-damage|p2a: Gengar|0 fnt
|faint|p2a: Gengar
|
|
|switch|p2a: Zapdos|Zapdos|383\/383
|turn|36
|
|move|p2a: Zapdos|Drill Peck|p1a: Exeggutor
|-supereffective|p1a: Exeggutor
|-damage|p1a: Exeggutor|0 fnt
|faint|p1a: Exeggutor
|
|
|switch|p1a: Chansey|Chansey|703\/703 par
|turn|37
|
|move|p2a: Zapdos|Drill Peck|p1a: Chansey
|-damage|p1a: Chansey|463\/703 par
|move|p1a: Chansey|Thunder Wave|p2a: Zapdos
|-status|p2a: Zapdos|par
|
|turn|38
|
|cant|p2a: Zapdos|par
|move|p1a: Chansey|Soft-Boiled|p1a: Chansey
|-heal|p1a: Chansey|703\/703 par
|
|turn|39
|
|cant|p2a: Zapdos|par
|cant|p1a: Chansey|par
|
|turn|40
|
|cant|p2a: Zapdos|par
|cant|p1a: Chansey|par
|
|turn|41
|
|cant|p2a: Zapdos|par
|move|p1a: Chansey|Ice Beam|p2a: Zapdos
|-crit|p2a: Zapdos
|-supereffective|p2a: Zapdos
|-damage|p2a: Zapdos|121\/383 par
|
|turn|42
|
|cant|p2a: Zapdos|par
|move|p1a: Chansey|Ice Beam|p2a: Zapdos
|-supereffective|p2a: Zapdos
|-damage|p2a: Zapdos|0 fnt
|faint|p2a: Zapdos
|
|
|switch|p2a: Rhydon|Rhydon|413\/413
|turn|43
|
|move|p2a: Rhydon|Substitute|p2a: Rhydon
|-start|p2a: Rhydon|Substitute
|-damage|p2a: Rhydon|310\/413
|move|p1a: Chansey|Ice Beam|p2a: Rhydon
|-supereffective|p2a: Rhydon
|-end|p2a: Rhydon|Substitute
|
|turn|44
|
|move|p2a: Rhydon|Substitute|p2a: Rhydon
|-start|p2a: Rhydon|Substitute
|-damage|p2a: Rhydon|207\/413
|move|p1a: Chansey|Ice Beam|p2a: Rhydon
|-supereffective|p2a: Rhydon
|-end|p2a: Rhydon|Substitute
|
|turn|45
|
|move|p2a: Rhydon|Substitute|p2a: Rhydon
|-start|p2a: Rhydon|Substitute
|-damage|p2a: Rhydon|104\/413
|cant|p1a: Chansey|par
|
|turn|46
|
|move|p2a: Rhydon|Earthquake|p1a: Chansey
|-crit|p1a: Chansey
|-damage|p1a: Chansey|0 fnt
|faint|p1a: Chansey
|
|
|switch|p1a: Starmie|Starmie|323\/323 par
|turn|47
|
|move|p2a: Rhydon|Earthquake|p1a: Starmie
|-damage|p1a: Starmie|178\/323 par
|cant|p1a: Starmie|par
|
|turn|48
|
|move|p2a: Rhydon|Earthquake|p1a: Starmie
|-damage|p1a: Starmie|25\/323 par
|move|p1a: Starmie|Recover|p1a: Starmie
|-heal|p1a: Starmie|186\/323 par
|
|turn|49
|
|move|p2a: Rhydon|Earthquake|p1a: Starmie
|-crit|p1a: Starmie
|-damage|p1a: Starmie|0 fnt
|faint|p1a: Starmie
|
|
|switch|p1a: Lapras|Lapras|463\/463 slp
|turn|50
|chat|Fayt|D:
|
|cant|p1a: Lapras|slp
|move|p2a: Rhydon|Earthquake|p1a: Lapras
|-damage|p1a: Lapras|297\/463 slp
|
|turn|51
|
|cant|p1a: Lapras|slp
|move|p2a: Rhydon|Earthquake|p1a: Lapras
|-damage|p1a: Lapras|136\/463 slp
|
|turn|52
|
|cant|p1a: Lapras|slp
|move|p2a: Rhydon|Earthquake|p1a: Lapras
|-damage|p1a: Lapras|0 fnt
|faint|p1a: Lapras
|
|win|Honig
|raw|Ladder updating...
|raw|Reeban's rating: 1417 &rarr; <strong>1384<\/strong><br \/>(-33 for losing)
|raw|Honig's rating: 1135 &rarr; <strong>1177<\/strong><br \/>(+42 for winning)
|chat|Reeban|gg
|leave|Fayt
|chat|Honig|gg
|leave|Reeban
|player|p1