|join|Layell
|join|blaine69
|player|p1|Layell|102
|player|p2|blaine69|265
|gametype|singles
|gen|1
|tier|[Gen 1] Random Battle
|rated
|rule|Sleep Clause Mod: Limit one foe put to sleep
|rule|Freeze Clause Mod: Limit one foe frozen
|rule|HP Percentage Mod: HP is shown in percentages
|
|start
|switch|p1a: Rhyhorn|Rhyhorn, L95|345\/345
|switch|p2a: Pikachu|Pikachu, L95|259\/259
|turn|1
|
|move|p2a: Pikachu|Thunderbolt|p1a: Rhyhorn
|-immune|p1a: Rhyhorn|[msg]
|move|p1a: Rhyhorn|Earthquake|p2a: Pikachu
|-supereffective|p2a: Pikachu
|-damage|p2a: Pikachu|0 fnt
|faint|p2a: Pikachu
|c|★Layell|no horn sorry
|
|switch|p2a: Mewtwo|Mewtwo, L71|297\/297
|turn|2
|
|move|p2a: Mewtwo|Psychic|p1a: Rhyhorn
|-crit|p1a: Rhyhorn
|-damage|p1a: Rhyhorn|83\/345
|move|p1a: Rhyhorn|Earthquake|p2a: Mewtwo
|-damage|p2a: Mewtwo|163\/297
|
|turn|3
|
|move|p2a: Mewtwo|Psychic|p1a: Rhyhorn
|-damage|p1a: Rhyhorn|0 fnt
|faint|p1a: Rhyhorn
|
|switch|p1a: Ditto|Ditto, L99|296\/296
|turn|4
|
|switch|p2a: Alakazam|Alakazam, L80|252\/252
|move|p1a: Ditto|Transform|p2a: Alakazam
|-transform|p1a: Ditto|p2a: Alakazam
|
|turn|5
|
|switch|p2a: Dodrio|Dodrio, L86|279\/279
|move|p1a: Ditto|Seismic Toss|p2a: Dodrio
|-damage|p2a: Dodrio|180\/279
|
|turn|6
|
|move|p1a: Ditto|Psychic|p2a: Dodrio
|-damage|p2a: Dodrio|29\/279
|move|p2a: Dodrio|Hyper Beam|p1a: Ditto
|-damage|p1a: Ditto|40\/296
|
|turn|7
|
|move|p1a: Ditto|Psychic|p2a: Dodrio
|-damage|p2a: Dodrio|0 fnt
|faint|p2a: Dodrio
|
|switch|p2a: Haunter|Haunter, L86|253\/253
|turn|8
|
|move|p1a: Ditto|Psychic|p2a: Haunter
|-supereffective|p2a: Haunter
|-damage|p2a: Haunter|53\/253
|-unboost|p2a: Haunter|spd|1
|-unboost|p2a: Haunter|spa|1
|move|p2a: Haunter|Thunderbolt|p1a: Ditto
|-damage|p1a: Ditto|0 fnt
|faint|p1a: Ditto
|
|switch|p1a: Tauros|Tauros, L80|284\/284
|turn|9
|
|move|p1a: Tauros|Blizzard|p2a: Haunter
|-damage|p2a: Haunter|0 fnt
|faint|p2a: Haunter
|
|switch|p2a: Alakazam|Alakazam, L80|252\/252
|turn|10
|
|move|p2a: Alakazam|Psychic|p1a: Tauros
|-damage|p1a: Tauros|146\/284
|-unboost|p1a: Tauros|spd|1
|-unboost|p1a: Tauros|spa|1
|move|p1a: Tauros|Body Slam|p2a: Alakazam
|-damage|p2a: Alakazam|128\/252
|
|turn|11
|
|move|p2a: Alakazam|Recover|p2a: Alakazam
|-heal|p2a: Alakazam|252\/252
|move|p1a: Tauros|Hyper Beam|p2a: Alakazam
|-damage|p2a: Alakazam|19\/252
|
|turn|12
|
|move|p2a: Alakazam|Recover|p2a: Alakazam
|-heal|p2a: Alakazam|145\/252
|cant|p1a: Tauros|recharge
|
|turn|13
|
|move|p2a: Alakazam|Reflect|p2a: Alakazam
|move|p1a: Tauros|Body Slam|p2a: Alakazam
|-damage|p2a: Alakazam|85\/252
|
|turn|14
|
|move|p2a: Alakazam|Psychic|p1a: Tauros
|-damage|p1a: Tauros|0 fnt
|faint|p1a: Tauros
|
|switch|p1a: Articuno|Articuno, L86|330\/330
|turn|15
|
|move|p2a: Alakazam|Recover|p2a: Alakazam
|-heal|p2a: Alakazam|211\/252
|move|p1a: Articuno|Ice Beam|p2a: Alakazam
|-damage|p2a: Alakazam|110\/252
|
|turn|16
|
|move|p2a: Alakazam|Psychic|p1a: Articuno
|-damage|p1a: Articuno|241\/330
|move|p1a: Articuno|Mimic|p2a: Alakazam
|-start|p1a: Articuno|Mimic|Reflect
|
|turn|17
|
|move|p2a: Alakazam|Recover|p2a: Alakazam
|-heal|p2a: Alakazam|236\/252
|move|p1a: Articuno|Ice Beam|p2a: Alakazam
|-damage|p2a: Alakazam|131\/252
|
|turn|18
|
|move|p2a: Alakazam|Seismic Toss|p1a: Articuno
|-damage|p1a: Articuno|161\/330
|move|p1a: Articuno|Ice Beam|p2a: Alakazam
|-crit|p2a: Alakazam
|-damage|p2a: Alakazam|0 fnt
|faint|p2a: Alakazam
|
|switch|p2a: Mewtwo|Mewtwo, L71|163\/297
|turn|19
|
|move|p2a: Mewtwo|Hyper Beam|p1a: Articuno
|-damage|p1a: Articuno|81\/330
|move|p1a: Articuno|Ice Beam|p2a: Mewtwo
|-crit|p2a: Mewtwo
|-damage|p2a: Mewtwo|0 fnt
|faint|p2a: Mewtwo
|c|★Layell|OH YEAH
|
|switch|p2a: Marowak|Marowak, L86|279\/279
|turn|20
|c|★Layell|SORRY BIRTHDAY BOY MEWTWO
|
|move|p1a: Articuno|Ice Beam|p2a: Marowak
|-supereffective|p2a: Marowak
|-damage|p2a: Marowak|0 fnt
|faint|p2a: Marowak
|
|win|Layell
|raw|Ladder updating...
|raw|Layell's rating: 1274 &rarr; <strong>1285<\/strong><br \/>(+11 for winning)
|raw|blaine69's rating: 1049 &rarr; <strong>1042<\/strong><br \/>(-7 for losing)
|leave|blaine69
|player|p2