|j|MALESANI
|j|ukic10
|player|p1|MALESANI|238
|player|p2|ukic10|101
|gametype|singles
|gen|1
|tier|[Gen 1] Random Battle
|rated
|seed|40235,21961,64923,29235
|rule|Sleep Clause Mod: Limit one foe put to sleep
|rule|Freeze Clause Mod: Limit one foe frozen
|rule|HP Percentage Mod: HP is shown in percentages
|
|start
|switch|p1a: Bulbasaur|Bulbasaur, L96|281\/281
|switch|p2a: Nidoking|Nidoking, L85|311\/311
|turn|1
|choice|move 1|move 4
|
|move|p2a: Nidoking|Blizzard|p1a: Bulbasaur
|-supereffective|p1a: Bulbasaur
|-damage|p1a: Bulbasaur|115\/281
|-status|p1a: Bulbasaur|frz
|cant|p1a: Bulbasaur|frz
|
|turn|2
|choice|switch 4|move 4
|
|switch|p1a: Wigglytuff|Wigglytuff, L90|435\/435
|move|p2a: Nidoking|Blizzard|p1a: Wigglytuff
|-damage|p1a: Wigglytuff|346\/435
|
|turn|3
|choice|move 2|switch 2
|
|switch|p2a: Eevee|Eevee, L96|300\/300
|move|p1a: Wigglytuff|Blizzard|p2a: Eevee|[miss]
|-miss|p1a: Wigglytuff
|
|turn|4
|choice|move 1|move 1
|
|move|p2a: Eevee|Body Slam|p1a: Wigglytuff
|-damage|p1a: Wigglytuff|226\/435
|move|p1a: Wigglytuff|Thunder Wave|p2a: Eevee
|-status|p2a: Eevee|par
|
|turn|5
|choice|move 4|move 1
|
|move|p1a: Wigglytuff|Double-Edge|p2a: Eevee
|-damage|p2a: Eevee|176\/300 par
|-damage|p1a: Wigglytuff|195\/435|[from] recoil|[of] p2a: Eevee
|move|p2a: Eevee|Body Slam|p1a: Wigglytuff
|-damage|p1a: Wigglytuff|77\/435
|
|turn|6
|choice|move 3|move 1
|
|move|p1a: Wigglytuff|Hyper Beam|p2a: Eevee
|-crit|p2a: Eevee
|-damage|p2a: Eevee|0 fnt
|faint|p2a: Eevee
|choice||switch 2
|
|switch|p2a: Nidoking|Nidoking, L85|311\/311
|turn|7
|choice|move 2|move 3
|
|move|p2a: Nidoking|Body Slam|p1a: Wigglytuff
|-crit|p1a: Wigglytuff
|-damage|p1a: Wigglytuff|0 fnt
|faint|p1a: Wigglytuff
|choice|switch 3|
|
|switch|p1a: Dugtrio|Dugtrio, L85|233\/233
|turn|8
|choice|move 1|switch 3
|
|switch|p2a: Venusaur|Venusaur, L85|310\/310
|move|p1a: Dugtrio|Earthquake|p2a: Venusaur
|-damage|p2a: Venusaur|217\/310
|
|turn|9
|choice|switch 6|move 3
|
|switch|p1a: Electabuzz|Electabuzz, L85|284\/284
|move|p2a: Venusaur|Razor Leaf|p1a: Electabuzz
|-crit|p1a: Electabuzz
|-damage|p1a: Electabuzz|161\/284
|
|turn|10
|choice|move 2|move 4
|
|move|p1a: Electabuzz|Psychic|p2a: Venusaur
|-supereffective|p2a: Venusaur
|-damage|p2a: Venusaur|108\/310
|-unboost|p2a: Venusaur|spd|1
|-unboost|p2a: Venusaur|spa|1
|move|p2a: Venusaur|Body Slam|p1a: Electabuzz
|-damage|p1a: Electabuzz|93\/284
|-status|p1a: Electabuzz|par
|
|turn|11
|choice|move 2|move 3
|
|move|p2a: Venusaur|Razor Leaf|p1a: Electabuzz
|-crit|p1a: Electabuzz
|-damage|p1a: Electabuzz|0 fnt
|faint|p1a: Electabuzz
|choice|switch 6|
|
|switch|p1a: Dugtrio|Dugtrio, L85|233\/233
|turn|12
|choice|move 1|move 3
|
|move|p1a: Dugtrio|Earthquake|p2a: Venusaur
|-crit|p2a: Venusaur
|-damage|p2a: Venusaur|0 fnt
|faint|p2a: Venusaur
|choice||switch 6
|
|switch|p2a: Wigglytuff|Wigglytuff, L90|435\/435
|turn|13
|choice|switch 4|move 4
|
|switch|p1a: Bulbasaur|Bulbasaur, L96|115\/281 frz
|move|p2a: Wigglytuff|Blizzard|p1a: Bulbasaur
|-supereffective|p1a: Bulbasaur
|-damage|p1a: Bulbasaur|0 fnt
|faint|p1a: Bulbasaur
|choice|switch 2|
|
|switch|p1a: Hitmonchan|Hitmonchan, L90|273\/273
|turn|14
|choice|move 3|move 1
|
|move|p1a: Hitmonchan|Submission|p2a: Wigglytuff
|-crit|p2a: Wigglytuff
|-supereffective|p2a: Wigglytuff
|-damage|p2a: Wigglytuff|0 fnt
|-damage|p1a: Hitmonchan|165\/273|[from] recoil|[of] p2a: Wigglytuff
|faint|p2a: Wigglytuff
|choice||switch 4
|
|switch|p2a: Cloyster|Cloyster, L83|253\/253
|turn|15
|choice|move 3|move 1
|
|move|p1a: Hitmonchan|Submission|p2a: Cloyster
|-supereffective|p2a: Cloyster
|-damage|p2a: Cloyster|125\/253
|-damage|p1a: Hitmonchan|133\/273|[from] recoil|[of] p2a: Cloyster
|move|p2a: Cloyster|Blizzard|p1a: Hitmonchan
|-damage|p1a: Hitmonchan|0 fnt
|faint|p1a: Hitmonchan
|choice|switch 5|
|
|switch|p1a: Slowbro|Slowbro, L79|312\/312
|turn|16
|choice|move 2|move 3
|
|move|p2a: Cloyster|Explosion|p1a: Slowbro
|-damage|p1a: Slowbro|102\/312
|faint|p2a: Cloyster
|choice||switch 3
|
|switch|p2a: Nidoking|Nidoking, L85|311\/311
|turn|17
|choice|move 4|move 2
|
|move|p2a: Nidoking|Thunderbolt|p1a: Slowbro
|-supereffective|p1a: Slowbro
|-damage|p1a: Slowbro|0 fnt
|faint|p1a: Slowbro
|choice|switch 4|
|
|switch|p1a: Dugtrio|Dugtrio, L85|233\/233
|turn|18
|choice|move 1|move 4
|
|move|p1a: Dugtrio|Earthquake|p2a: Nidoking
|-crit|p2a: Nidoking
|-supereffective|p2a: Nidoking
|-damage|p2a: Nidoking|0 fnt
|faint|p2a: Nidoking
|choice||switch 5
|
|switch|p2a: Magneton|Magneton, L90|273\/273
|turn|19
|choice|move 1|move 3
|
|move|p1a: Dugtrio|Earthquake|p2a: Magneton
|-supereffective|p2a: Magneton
|-damage|p2a: Magneton|86\/273
|move|p2a: Magneton|Hyper Beam|p1a: Dugtrio
|-crit|p1a: Dugtrio
|-damage|p1a: Dugtrio|8\/233
|
|turn|20
|-mustrecharge|p2a: Magneton
|-mustrecharge|p2a: Magneton
|choice|move 1|move 1
|
|move|p1a: Dugtrio|Earthquake|p2a: Magneton
|-supereffective|p2a: Magneton
|-damage|p2a: Magneton|0 fnt
|faint|p2a: Magneton
|
|win|MALESANI
|player|p1
|player|p2
|raw|MALESANI's rating: 1411 &rarr; <strong>1433<\/strong><br \/>(+22 for winning)
|raw|ukic10's rating: 1432 &rarr; <strong>1411<\/strong><br \/>(-21 for losing)