|join|Lugia Fry
|join|rimus80
|player|p1|Lugia Fry|134
|player|p2|rimus80|15
|gametype|singles
|gen|1
|tier|[Gen 1] Random Battle
|rated
|rule|Sleep Clause Mod: Limit one foe put to sleep
|rule|Freeze Clause Mod: Limit one foe frozen
|rule|HP Percentage Mod: HP is shown in percentages
|
|start
|switch|p1a: Kangaskhan|Kangaskhan, L85|352\/352
|switch|p2a: Weezing|Weezing, L90|300\/300
|turn|1
|
|switch|p2a: Moltres|Moltres, L85|327\/327
|move|p1a: Kangaskhan|Earthquake|p2a: Moltres
|-immune|p2a: Moltres|[msg]
|
|turn|2
|
|switch|p2a: Geodude|Geodude, L96|272\/272
|move|p1a: Kangaskhan|Surf|p2a: Geodude
|-supereffective|p2a: Geodude
|-damage|p2a: Geodude|16\/272
|
|turn|3
|
|switch|p2a: Paras|Paras, L96|262\/262
|move|p1a: Kangaskhan|Surf|p2a: Paras
|-resisted|p2a: Paras
|-damage|p2a: Paras|238\/262
|
|turn|4
|
|move|p1a: Kangaskhan|Hyper Beam|p2a: Paras
|-damage|p2a: Paras|44\/262
|move|p2a: Paras|Spore|p1a: Kangaskhan
|-status|p1a: Kangaskhan|slp
|
|turn|5
|-mustrecharge|p1a: Kangaskhan
|-mustrecharge|p1a: Kangaskhan
|
|switch|p2a: Geodude|Geodude, L96|16\/272
|cant|p1a: Kangaskhan|recharge
|
|turn|6
|
|cant|p1a: Kangaskhan|slp
|move|p2a: Geodude|Earthquake|p1a: Kangaskhan
|-crit|p1a: Kangaskhan
|-damage|p1a: Kangaskhan|90\/352 slp
|
|turn|7
|
|cant|p1a: Kangaskhan|slp
|move|p2a: Geodude|Body Slam|p1a: Kangaskhan
|-damage|p1a: Kangaskhan|19\/352 slp
|
|turn|8
|
|switch|p2a: Seadra|Seadra, L90|282\/282
|cant|p1a: Kangaskhan|slp
|
|turn|9
|
|move|p2a: Seadra|Surf|p1a: Kangaskhan
|-damage|p1a: Kangaskhan|0 fnt
|faint|p1a: Kangaskhan
|
|switch|p1a: Magikarp|Magikarp, L99|240\/240
|turn|10
|
|switch|p2a: Weezing|Weezing, L90|300\/300
|move|p1a: Magikarp|Dragon Rage|p2a: Weezing
|-damage|p2a: Weezing|260\/300
|
|turn|11
|
|move|p1a: Magikarp|Dragon Rage|p2a: Weezing
|-damage|p2a: Weezing|220\/300
|move|p2a: Weezing|Thunderbolt|p1a: Magikarp
|-supereffective|p1a: Magikarp
|-damage|p1a: Magikarp|0 fnt
|faint|p1a: Magikarp
|
|switch|p1a: Machamp|Machamp, L90|345\/345
|turn|12
|
|switch|p2a: Moltres|Moltres, L85|327\/327
|move|p1a: Machamp|Rock Slide|p2a: Moltres
|-supereffective|p2a: Moltres
|-damage|p2a: Moltres|16\/327
|
|turn|13
|
|switch|p2a: Machamp|Machamp, L90|345\/345
|move|p1a: Machamp|Rock Slide|p2a: Machamp
|-resisted|p2a: Machamp
|-damage|p2a: Machamp|310\/345
|
|turn|14
|
|move|p1a: Machamp|Hyper Beam|p2a: Machamp
|-damage|p2a: Machamp|170\/345
|move|p2a: Machamp|Body Slam|p1a: Machamp
|-damage|p1a: Machamp|261\/345
|
|turn|15
|-mustrecharge|p1a: Machamp
|-mustrecharge|p1a: Machamp
|
|cant|p1a: Machamp|recharge
|move|p2a: Machamp|Earthquake|p1a: Machamp
|-damage|p1a: Machamp|160\/345
|
|turn|16
|
|move|p1a: Machamp|Hyper Beam|p2a: Machamp
|-damage|p2a: Machamp|16\/345
|move|p2a: Machamp|Body Slam|p1a: Machamp
|-damage|p1a: Machamp|69\/345
|
|turn|17
|-mustrecharge|p1a: Machamp
|-mustrecharge|p1a: Machamp
|
|switch|p2a: Seadra|Seadra, L90|282\/282
|cant|p1a: Machamp|recharge
|
|turn|18
|
|move|p2a: Seadra|Surf|p1a: Machamp
|-damage|p1a: Machamp|0 fnt
|faint|p1a: Machamp
|
|switch|p1a: Zapdos|Zapdos, L79|304\/304
|turn|19
|
|switch|p2a: Weezing|Weezing, L90|220\/300
|move|p1a: Zapdos|Thunderbolt|p2a: Weezing
|-damage|p2a: Weezing|112\/300
|-status|p2a: Weezing|par
|
|turn|20
|
|move|p1a: Zapdos|Thunderbolt|p2a: Weezing
|-damage|p2a: Weezing|5\/300 par
|cant|p2a: Weezing|par
|
|turn|21
|
|switch|p2a: Geodude|Geodude, L96|16\/272
|move|p1a: Zapdos|Thunderbolt|p2a: Geodude
|-immune|p2a: Geodude|[msg]
|
|turn|22
|
|move|p1a: Zapdos|Drill Peck|p2a: Geodude
|-resisted|p2a: Geodude
|-damage|p2a: Geodude|0 fnt
|faint|p2a: Geodude
|
|switch|p2a: Moltres|Moltres, L85|16\/327
|turn|23
|
|move|p2a: Moltres|Fire Blast|p1a: Zapdos|[miss]
|-miss|p2a: Moltres
|move|p1a: Zapdos|Thunderbolt|p2a: Moltres
|-supereffective|p2a: Moltres
|-damage|p2a: Moltres|0 fnt
|faint|p2a: Moltres
|
|switch|p2a: Seadra|Seadra, L90|282\/282
|turn|24
|
|move|p2a: Seadra|Blizzard|p1a: Zapdos
|-supereffective|p1a: Zapdos
|-damage|p1a: Zapdos|148\/304
|move|p1a: Zapdos|Thunderbolt|p2a: Seadra
|-crit|p2a: Seadra
|-supereffective|p2a: Seadra
|-damage|p2a: Seadra|0 fnt
|faint|p2a: Seadra
|
|switch|p2a: Weezing|Weezing, L90|5\/300 par
|turn|25
|
|move|p1a: Zapdos|Thunderbolt|p2a: Weezing
|-damage|p2a: Weezing|0 fnt
|faint|p2a: Weezing
|
|switch|p2a: Paras|Paras, L96|44\/262
|turn|26
|
|move|p1a: Zapdos|Drill Peck|p2a: Paras
|-supereffective|p2a: Paras
|-damage|p2a: Paras|0 fnt
|faint|p2a: Paras
|
|switch|p2a: Machamp|Machamp, L90|16\/345
|turn|27
|
|move|p1a: Zapdos|Drill Peck|p2a: Machamp
|-crit|p2a: Machamp
|-supereffective|p2a: Machamp
|-damage|p2a: Machamp|0 fnt
|faint|p2a: Machamp
|
|win|Lugia Fry
|raw|Lugia Fry's rating: 1000 &rarr; <strong>1055<\/strong><br \/>(+55 for winning)
|raw|rimus80's rating: 1133 &rarr; <strong>1099<\/strong><br \/>(-34 for losing)