|join|golderzoa333
|join|mlgdogebiatch
|player|p1|golderzoa333|2
|player|p2|mlgdogebiatch|102
|gametype|singles
|gen|1
|tier|[Gen 1] Random Battle
|rated
|rule|Sleep Clause Mod: Limit one foe put to sleep
|rule|Freeze Clause Mod: Limit one foe frozen
|rule|HP Percentage Mod: HP is shown in percentages
|
|start
|switch|p1a: Squirtle|Squirtle, L95|276\/276
|switch|p2a: Pikachu|Pikachu, L95|259\/259
|turn|1
|leave|mlgdogebiatch
|player|p2
|join|mlgdogebiatch
|player|p2|mlgdogebiatch|102
|
|switch|p2a: Arbok|Arbok, L86|279\/279
|switch|p1a: Clefable|Clefable, L86|339\/339
|
|turn|2
|
|move|p2a: Arbok|Earthquake|p1a: Clefable
|-damage|p1a: Clefable|267\/339
|move|p1a: Clefable|Thunder Wave|p2a: Arbok
|-status|p2a: Arbok|par
|
|turn|3
|
|switch|p1a: Squirtle|Squirtle, L95|276\/276
|switch|p2a: Pikachu|Pikachu, L95|259\/259
|
|turn|4
|
|switch|p2a: Hitmonlee|Hitmonlee, L86|261\/261
|switch|p1a: Mewtwo|Mewtwo, L68|285\/285
|
|turn|5
|
|move|p1a: Mewtwo|Amnesia|p1a: Mewtwo
|-boost|p1a: Mewtwo|spd|2
|-boost|p1a: Mewtwo|spa|2
|move|p2a: Hitmonlee|High Jump Kick|p1a: Mewtwo|[miss]
|-miss|p2a: Hitmonlee
|-damage|p2a: Hitmonlee|260\/261
|
|turn|6
|
|switch|p2a: Starmie|Starmie, L80|260\/260
|move|p1a: Mewtwo|Amnesia|p1a: Mewtwo
|-boost|p1a: Mewtwo|spd|2
|-boost|p1a: Mewtwo|spa|2
|
|turn|7
|
|move|p2a: Starmie|Thunderbolt|p1a: Mewtwo
|-damage|p1a: Mewtwo|266\/285
|-status|p1a: Mewtwo|par
|move|p1a: Mewtwo|Amnesia|p1a: Mewtwo
|-boost|p1a: Mewtwo|spd|2
|-boost|p1a: Mewtwo|spa|2
|
|turn|8
|
|move|p2a: Starmie|Blizzard|p1a: Mewtwo
|-damage|p1a: Mewtwo|248\/285 par
|move|p1a: Mewtwo|Thunderbolt|p2a: Starmie
|-supereffective|p2a: Starmie
|-damage|p2a: Starmie|0 fnt
|faint|p2a: Starmie
|
|switch|p2a: Weezing|Weezing, L86|287\/287
|turn|9
|
|move|p2a: Weezing|Fire Blast|p1a: Mewtwo
|-damage|p1a: Mewtwo|229\/285 par
|move|p1a: Mewtwo|Psychic|p2a: Weezing
|-supereffective|p2a: Weezing
|-damage|p2a: Weezing|0 fnt
|faint|p2a: Weezing
|
|switch|p2a: Pikachu|Pikachu, L95|259\/259
|turn|10
|
|move|p2a: Pikachu|Thunderbolt|p1a: Mewtwo
|-crit|p1a: Mewtwo
|-damage|p1a: Mewtwo|87\/285 par
|move|p1a: Mewtwo|Psychic|p2a: Pikachu
|-damage|p2a: Pikachu|0 fnt
|faint|p2a: Pikachu
|
|switch|p2a: Raichu|Raichu, L86|279\/279
|turn|11
|
|move|p2a: Raichu|Thunderbolt|p1a: Mewtwo
|-damage|p1a: Mewtwo|63\/285 par
|move|p1a: Mewtwo|Recover|p1a: Mewtwo
|-heal|p1a: Mewtwo|205\/285 par
|
|turn|12
|
|switch|p2a: Arbok|Arbok, L86|279\/279 par
|move|p1a: Mewtwo|Recover|p1a: Mewtwo
|-heal|p1a: Mewtwo|285\/285 par
|
|turn|13
|
|move|p1a: Mewtwo|Thunderbolt|p2a: Arbok
|-damage|p2a: Arbok|5\/279 par
|move|p2a: Arbok|Earthquake|p1a: Mewtwo
|-damage|p1a: Mewtwo|206\/285 par
|
|turn|14
|
|switch|p2a: Hitmonlee|Hitmonlee, L86|260\/261
|move|p1a: Mewtwo|Thunderbolt|p2a: Hitmonlee
|-crit|p2a: Hitmonlee
|-damage|p2a: Hitmonlee|61\/261
|
|turn|15
|
|move|p2a: Hitmonlee|Mimic|p1a: Mewtwo
|-start|p2a: Hitmonlee|Mimic|Thunderbolt
|move|p1a: Mewtwo|Thunderbolt|p2a: Hitmonlee
|-damage|p2a: Hitmonlee|0 fnt
|faint|p2a: Hitmonlee
|
|switch|p2a: Raichu|Raichu, L86|279\/279
|turn|16
|
|move|p2a: Raichu|Surf|p1a: Mewtwo
|-damage|p1a: Mewtwo|188\/285 par
|move|p1a: Mewtwo|Psychic|p2a: Raichu
|-crit|p2a: Raichu
|-damage|p2a: Raichu|108\/279
|-unboost|p2a: Raichu|spd|1
|-unboost|p2a: Raichu|spa|1
|
|turn|17
|
|move|p2a: Raichu|Thunderbolt|p1a: Mewtwo
|-crit|p1a: Mewtwo
|-damage|p1a: Mewtwo|36\/285 par
|move|p1a: Mewtwo|Thunderbolt|p2a: Raichu
|-crit|p2a: Raichu
|-resisted|p2a: Raichu
|-damage|p2a: Raichu|49\/279
|
|turn|18
|
|move|p2a: Raichu|Thunderbolt|p1a: Mewtwo
|-crit|p1a: Mewtwo
|-damage|p1a: Mewtwo|0 fnt
|faint|p1a: Mewtwo
|
|switch|p1a: Clefable|Clefable, L86|267\/339
|turn|19
|
|move|p2a: Raichu|Agility|p2a: Raichu
|-boost|p2a: Raichu|spe|2
|move|p1a: Clefable|Hyper Beam|p2a: Raichu
|-damage|p2a: Raichu|0 fnt
|faint|p2a: Raichu
|
|switch|p2a: Arbok|Arbok, L86|5\/279 par
|turn|20
|
|move|p1a: Clefable|Hyper Beam|p2a: Arbok
|-damage|p2a: Arbok|0 fnt
|faint|p2a: Arbok
|
|win|golderzoa333
|raw|Ladder updating...
|raw|golderzoa333's rating: 1046 &rarr; <strong>1074<\/strong><br \/>(+28 for winning)
|raw|mlgdogebiatch's rating: 1000 &rarr; <strong>1000<\/strong><br \/>(+0 for losing)