|j|HopeHasWings
|j|Vashimus
|player|p1|HopeHasWings|101
|player|p2|Vashimus|1
|gametype|singles
|gen|1
|tier|[Gen 1] OU
|rated
|seed|59712,52768,37355,11695
|rule|Sleep Clause Mod: Limit one foe put to sleep
|rule|Freeze Clause Mod: Limit one foe frozen
|rule|Species Clause: Limit one of each Pokémon
|rule|OHKO Clause: OHKO moves are banned
|rule|Evasion Moves Clause: Evasion moves are banned
|rule|HP Percentage Mod: HP is shown in percentages
|
|start
|switch|p1a: Alakazam|Alakazam|313\/313
|switch|p2a: Exeggutor|Exeggutor|393\/393
|turn|1
|choice|move 4|move 2
|
|move|p1a: Alakazam|Reflect|p1a: Alakazam
|-start|p1a: Alakazam|Reflect
|move|p2a: Exeggutor|Sleep Powder|p1a: Alakazam
|-status|p1a: Alakazam|slp
|
|turn|2
|choice|move 2|move 1
|
|cant|p1a: Alakazam|slp
|move|p2a: Exeggutor|Psychic|p1a: Alakazam
|-crit|p1a: Alakazam
|-resisted|p1a: Alakazam
|-damage|p1a: Alakazam|219\/313 slp
|-unboost|p1a: Alakazam|spd|1
|-unboost|p1a: Alakazam|spa|1
|
|turn|3
|choice|move 2|move 1
|
|cant|p1a: Alakazam|slp
|move|p2a: Exeggutor|Psychic|p1a: Alakazam
|-resisted|p1a: Alakazam
|-damage|p1a: Alakazam|147\/313 slp
|
|turn|4
|choice|move 3|move 1
|
|cant|p1a: Alakazam|slp
|move|p2a: Exeggutor|Psychic|p1a: Alakazam
|-resisted|p1a: Alakazam
|-damage|p1a: Alakazam|72\/313 slp
|-unboost|p1a: Alakazam|spd|1
|-unboost|p1a: Alakazam|spa|1
|
|turn|5
|choice|move 3|move 1
|
|cant|p1a: Alakazam|slp
|move|p2a: Exeggutor|Psychic|p1a: Alakazam
|-resisted|p1a: Alakazam
|-damage|p1a: Alakazam|0 fnt
|faint|p1a: Alakazam
|choice|switch 3|
|
|switch|p1a: Lapras|Lapras|463\/463
|turn|6
|choice|move 2|switch 2
|
|switch|p2a: Chansey|Chansey|703\/703
|move|p1a: Lapras|Ice Beam|p2a: Chansey
|-damage|p2a: Chansey|603\/703
|
|turn|7
|choice|switch 6|move 4
|
|switch|p1a: Machamp|Machamp|383\/383
|move|p2a: Chansey|Counter|p1a: Machamp
|-fail|p2a: Chansey
|
|turn|8
|choice|move 1|switch 2
|
|switch|p2a: Exeggutor|Exeggutor|393\/393
|move|p1a: Machamp|Submission|p2a: Exeggutor
|-resisted|p2a: Exeggutor
|-damage|p2a: Exeggutor|329\/393
|-damage|p1a: Machamp|367\/383|[from] recoil|[of] p2a: Exeggutor
|
|turn|9
|choice|switch 4|move 2
|
|switch|p1a: Electrode|Electrode|323\/323
|move|p2a: Exeggutor|Sleep Powder|p1a: Electrode
|-status|p1a: Electrode|slp
|
|turn|10
|choice|move 2|move 1
|
|cant|p1a: Electrode|slp
|move|p2a: Exeggutor|Psychic|p1a: Electrode
|-damage|p1a: Electrode|190\/323 slp
|-unboost|p1a: Electrode|spd|1
|-unboost|p1a: Electrode|spa|1
|
|turn|11
|choice|move 2|move 1
|
|cant|p1a: Electrode|slp
|move|p2a: Exeggutor|Psychic|p1a: Electrode
|-damage|p1a: Electrode|0 fnt
|faint|p1a: Electrode
|choice|switch 6|
|
|switch|p1a: Lapras|Lapras|463\/463
|turn|12
|choice|move 2|switch 2
|
|switch|p2a: Chansey|Chansey|603\/703
|move|p1a: Lapras|Ice Beam|p2a: Chansey
|-damage|p2a: Chansey|493\/703
|
|turn|13
|choice|switch 2|move 2
|
|switch|p1a: Gengar|Gengar|323\/323
|move|p2a: Chansey|Thunderbolt|p1a: Gengar
|-damage|p1a: Gengar|254\/323
|
|turn|14
|choice|move 1|switch 6
|
|switch|p2a: Golem|Golem|363\/363
|move|p1a: Gengar|Psychic|p2a: Golem
|-damage|p2a: Golem|249\/363
|
|turn|15
|choice|switch 4|move 2
|
|switch|p1a: Machamp|Machamp|367\/383
|move|p2a: Golem|Earthquake|p1a: Machamp
|-damage|p1a: Machamp|230\/383
|
|turn|16
|choice|move 2|switch 2
|
|switch|p2a: Exeggutor|Exeggutor|329\/393
|move|p1a: Machamp|Earthquake|p2a: Exeggutor
|-resisted|p2a: Exeggutor
|-damage|p2a: Exeggutor|281\/393
|
|turn|17
|choice|switch 5|move 1
|
|switch|p1a: Rhydon|Rhydon|413\/413
|move|p2a: Exeggutor|Psychic|p1a: Rhydon
|-damage|p1a: Rhydon|229\/413
|
|turn|18
|choice|move 4|move 3
|
|move|p2a: Exeggutor|Mega Drain|p1a: Rhydon
|-crit|p1a: Rhydon
|-supereffective|p1a: Rhydon
|-damage|p1a: Rhydon|0 fnt
|-heal|p2a: Exeggutor|393\/393|[from] drain|[of] p1a: Rhydon
|faint|p1a: Rhydon
|-message|HopeHasWings forfeited.
|
|win|Vashimus
|player|p1
|player|p2
|l|HopeHasWings
|raw|HopeHasWings's rating: 1000 &rarr; <strong>1000<\/strong><br \/>(+0 for losing)
|raw|Vashimus's rating: 1138 &rarr; <strong>1154<\/strong><br \/>(+16 for winning)