|j|Whoremaster
|j|Khaytra
|player|p1|Whoremaster|43
|player|p2|Khaytra|209
|gametype|singles
|gen|1
|tier|[Gen 1] OU
|seed|19180,64951,9022,24177
|rule|Sleep Clause Mod: Limit one foe put to sleep
|rule|Freeze Clause Mod: Limit one foe frozen
|rule|Species Clause: Limit one of each Pokémon
|rule|OHKO Clause: OHKO moves are banned
|rule|Evasion Moves Clause: Evasion moves are banned
|rule|HP Percentage Mod: HP is shown in percentages
|
|start
|switch|p1a: Alakazam|Alakazam|313\/313
|switch|p2a: Jynx|Jynx|333\/333
|turn|1
|choice|move 1|move 3
|
|move|p1a: Alakazam|Psychic|p2a: Jynx
|-resisted|p2a: Jynx
|-damage|p2a: Jynx|271\/333
|move|p2a: Jynx|Lovely Kiss|p1a: Alakazam|[miss]
|-miss|p2a: Jynx
|
|turn|2
|choice|move 2|move 3
|
|move|p1a: Alakazam|Thunder Wave|p2a: Jynx
|-status|p2a: Jynx|par
|move|p2a: Jynx|Lovely Kiss|p1a: Alakazam
|-status|p1a: Alakazam|slp
|
|turn|3
|c|★Khaytra|go
|c|★Khaytra|to
|c|★Khaytra|sleep
|c|★Khaytra|thank you
|choice|switch 3|switch 5
|
|switch|p1a: Chansey|Chansey|703\/703
|switch|p2a: Tauros|Tauros|353\/353
|
|turn|4
|c|★Whoremaster|aye i feel sorry for the gengar users who miss their first
|c|★Whoremaster|they get kod
|c|★Khaytra|yeah :\/
|choice|move 3|move 1
|
|move|p2a: Tauros|Body Slam|p1a: Chansey
|-crit|p1a: Chansey
|-damage|p1a: Chansey|177\/703
|move|p1a: Chansey|Counter|p2a: Tauros
|-damage|p2a: Tauros|0 fnt
|faint|p2a: Tauros
|c|★Whoremaster|m8 u gotta check with eq
|j|barbows
|j|Peasounay
|c|★Khaytra|I'm new to this! :P
|choice||switch 6
|
|switch|p2a: Snorlax|Snorlax|523\/523
|turn|5
|c|★Whoremaster|i could not tell
|c|★Khaytra|Sorta.
|c|★Khaytra|Like, I got into it for like two weeks in June but then went on a mons hiatus until like four weeks ago
|c|★Whoremaster|ye similar story
|c|★Khaytra|But I haven't been in RBY too much since I came back.
|l|Peasounay
|c|★Khaytra|So I guess I'm technically still new
|choice|switch 2|move 2
|
|switch|p1a: Exeggutor|Exeggutor|393\/393
|move|p2a: Snorlax|Earthquake|p1a: Exeggutor
|-resisted|p1a: Exeggutor
|-damage|p1a: Exeggutor|349\/393
|
|turn|6
|choice|move 1|move 1
|
|move|p1a: Exeggutor|Sleep Powder|p2a: Snorlax|[miss]
|-miss|p1a: Exeggutor
|move|p2a: Snorlax|Body Slam|p1a: Exeggutor
|-damage|p1a: Exeggutor|229\/393
|-status|p1a: Exeggutor|par
|
|turn|7
|choice|move 1|switch 5
|
|switch|p2a: Jynx|Jynx|271\/333 par
|move|p1a: Exeggutor|Sleep Powder|p2a: Jynx
|-fail|p2a: Jynx
|
|turn|8
|choice|move 4|move 1
|
|move|p2a: Jynx|Blizzard|p1a: Exeggutor
|-supereffective|p1a: Exeggutor
|-damage|p1a: Exeggutor|3\/393 par
|move|p1a: Exeggutor|Explosion|p2a: Jynx
|-damage|p2a: Jynx|0 fnt
|faint|p2a: Jynx
|faint|p1a: Exeggutor
|c|★Whoremaster|excellent
|choice|switch 5|switch 5
|
|switch|p2a: Snorlax|Snorlax|523\/523
|switch|p1a: Snorlax|Snorlax|523\/523
|turn|9
|choice|move 1|switch 4
|
|switch|p2a: Exeggutor|Exeggutor|393\/393
|move|p1a: Snorlax|Body Slam|p2a: Exeggutor
|-damage|p2a: Exeggutor|268\/393
|
|turn|10
|choice|move 1|move 3
|
|move|p2a: Exeggutor|Psychic|p1a: Snorlax
|-damage|p1a: Snorlax|359\/523
|move|p1a: Snorlax|Body Slam|p2a: Exeggutor
|-damage|p2a: Exeggutor|152\/393
|
|turn|11
|choice|switch 4|move 2
|
|switch|p1a: Golem|Golem|363\/363
|move|p2a: Exeggutor|Stun Spore|p1a: Golem
|-status|p1a: Golem|par
|
|turn|12
|c|★Whoremaster|oo
|c|★Whoremaster|now i know u wont have megadrain
|choice|move 3|switch 2
|
|switch|p2a: Starmie|Starmie|323\/323
|move|p1a: Golem|Fire Blast|p2a: Starmie
|-resisted|p2a: Starmie
|-damage|p2a: Starmie|288\/323
|
|turn|13
|choice|switch 2|move 1
|
|switch|p1a: Chansey|Chansey|177\/703
|move|p2a: Starmie|Blizzard|p1a: Chansey
|-damage|p1a: Chansey|79\/703
|
|turn|14
|choice|move 4|move 1
|
|move|p2a: Starmie|Blizzard|p1a: Chansey
|-damage|p1a: Chansey|0 fnt
|faint|p1a: Chansey
|c|★Whoremaster|no not ym chansey :'(
|choice|switch 4|
|
|switch|p1a: Snorlax|Snorlax|359\/523
|turn|15
|choice|move 1|switch 3
|
|switch|p2a: Chansey|Chansey|703\/703
|move|p1a: Snorlax|Body Slam|p2a: Chansey
|-damage|p2a: Chansey|390\/703
|
|turn|16
|choice|move 3|move 4
|
|move|p2a: Chansey|Ice Beam|p1a: Snorlax
|-damage|p1a: Snorlax|266\/523
|-status|p1a: Snorlax|frz
|cant|p1a: Snorlax|frz
|
|turn|17
|c|★Whoremaster|shiit
|choice|switch 3|switch 2
|
|switch|p2a: Exeggutor|Exeggutor|152\/393
|switch|p1a: Alakazam|Alakazam|313\/313 slp
|
|turn|18
|choice|switch 2|move 3
|
|switch|p1a: Golem|Golem|363\/363 par
|move|p2a: Exeggutor|Psychic|p1a: Golem
|-damage|p1a: Golem|190\/363 par
|-unboost|p1a: Golem|spd|1
|-unboost|p1a: Golem|spa|1
|
|turn|19
|choice|switch 2|move 3
|
|switch|p1a: Alakazam|Alakazam|313\/313 slp
|move|p2a: Exeggutor|Psychic|p1a: Alakazam
|-resisted|p1a: Alakazam
|-damage|p1a: Alakazam|265\/313 slp
|-unboost|p1a: Alakazam|spd|1
|-unboost|p1a: Alakazam|spa|1
|
|turn|20
|choice|move 4|move 3
|
|cant|p1a: Alakazam|slp
|move|p2a: Exeggutor|Psychic|p1a: Alakazam
|-crit|p1a: Alakazam
|-resisted|p1a: Alakazam
|-damage|p1a: Alakazam|163\/313 slp
|
|turn|21
|choice|switch 3|move 3
|
|switch|p1a: Snorlax|Snorlax|266\/523 frz
|move|p2a: Exeggutor|Psychic|p1a: Snorlax
|-crit|p1a: Snorlax
|-damage|p1a: Snorlax|0 fnt
|faint|p1a: Snorlax
|choice|switch 3|
|
|switch|p1a: Alakazam|Alakazam|163\/313 slp
|turn|22
|choice|move 4|switch 4
|
|switch|p2a: Snorlax|Snorlax|523\/523
|cant|p1a: Alakazam|slp
|
|turn|23
|choice|switch 2|move 1
|
|switch|p1a: Golem|Golem|190\/363 par
|move|p2a: Snorlax|Body Slam|p1a: Golem
|-resisted|p1a: Golem
|-damage|p1a: Golem|144\/363 par
|
|turn|24
|choice|move 4|switch 2
|
|switch|p2a: Chansey|Chansey|390\/703
|move|p1a: Golem|Explosion|p2a: Chansey
|-damage|p2a: Chansey|0 fnt
|faint|p2a: Chansey
|faint|p1a: Golem
|choice|switch 2|switch 3
|
|switch|p1a: Alakazam|Alakazam|163\/313 slp
|switch|p2a: Starmie|Starmie|288\/323
|turn|25
|choice|move 4|switch 2
|
|switch|p2a: Snorlax|Snorlax|523\/523
|cant|p1a: Alakazam|slp
|
|turn|26
|choice|move 4|move 1
|
|cant|p1a: Alakazam|slp
|move|p2a: Snorlax|Body Slam|p1a: Alakazam
|-crit|p1a: Alakazam
|-damage|p1a: Alakazam|0 fnt
|faint|p1a: Alakazam
|choice|switch 6|
|
|switch|p1a: Tauros|Tauros|353\/353
|turn|27
|choice|move 1|move 3
|
|move|p1a: Tauros|Body Slam|p2a: Snorlax
|-crit|p2a: Snorlax
|-damage|p2a: Snorlax|268\/523
|move|p2a: Snorlax|Reflect|p2a: Snorlax
|-start|p2a: Snorlax|Reflect
|
|turn|28
|choice|move 1|move 1
|
|move|p1a: Tauros|Body Slam|p2a: Snorlax
|-damage|p2a: Snorlax|202\/523
|move|p2a: Snorlax|Body Slam|p1a: Tauros
|-damage|p1a: Tauros|234\/353
|
|turn|29
|choice|move 3|move 1
|
|move|p1a: Tauros|Blizzard|p2a: Snorlax
|-damage|p2a: Snorlax|102\/523
|move|p2a: Snorlax|Body Slam|p1a: Tauros
|-damage|p1a: Tauros|120\/353
|
|turn|30
|choice|move 4|move 1
|
|move|p1a: Tauros|Hyper Beam|p2a: Snorlax
|-damage|p2a: Snorlax|0 fnt
|faint|p2a: Snorlax
|choice||switch 2
|
|switch|p2a: Starmie|Starmie|288\/323
|turn|31
|l|barbows
|choice|move 1|move 1
|
|move|p2a: Starmie|Blizzard|p1a: Tauros
|-damage|p1a: Tauros|0 fnt
|faint|p1a: Tauros
|
|win|Khaytra
|c|★Whoremaster|gg
|c|★Khaytra|gg!
|c|★Whoremaster|rematch?