|j|Deport All Asians
|j|TheVisualNovel
|player|p1|Deport All Asians|1
|player|p2|TheVisualNovel|279
|gametype|singles
|gen|1
|tier|[Gen 1] Random Battle
|rated
|seed|
|rule|Sleep Clause Mod: Limit one foe put to sleep
|rule|Freeze Clause Mod: Limit one foe frozen
|rule|HP Percentage Mod: HP is shown in percentages
|
|start
|switch|p1a: Paras|Paras, L96|100\/100
|switch|p2a: Victreebel|Victreebel, L85|100\/100
|turn|1
|choice||
|
|move|p2a: Victreebel|Swords Dance|p2a: Victreebel
|-boost|p2a: Victreebel|atk|2
|move|p1a: Paras|Spore|p2a: Victreebel
|-status|p2a: Victreebel|slp
|
|turn|2
|choice||
|
|cant|p2a: Victreebel|slp
|move|p1a: Paras|Body Slam|p2a: Victreebel
|-damage|p2a: Victreebel|78\/100 slp
|
|turn|3
|choice||
|
|switch|p1a: Ditto|Ditto, L99|100\/100
|-curestatus|p2a: Victreebel|slp
|
|turn|4
|choice||
|
|switch|p2a: Weedle|Weedle, L99|100\/100
|move|p1a: Ditto|Transform|p2a: Weedle
|-transform|p1a: Ditto|p2a: Weedle
|
|turn|5
|choice||
|
|switch|p2a: Victreebel|Victreebel, L85|78\/100
|switch|p1a: Paras|Paras, L96|100\/100
|
|turn|6
|choice||
|
|switch|p2a: Weedle|Weedle, L99|100\/100
|move|p1a: Paras|Body Slam|p2a: Weedle
|-damage|p2a: Weedle|66\/100
|
|turn|7
|choice||
|
|move|p2a: Weedle|String Shot|p1a: Paras
|-unboost|p1a: Paras|spe|1
|move|p1a: Paras|Body Slam|p2a: Weedle
|-damage|p2a: Weedle|33\/100
|
|turn|8
|choice||
|
|move|p2a: Weedle|Poison Sting|p1a: Paras
|-supereffective|p1a: Paras
|-damage|p1a: Paras|75\/100
|move|p1a: Paras|Slash|p2a: Weedle
|-damage|p2a: Weedle|8\/100
|
|turn|9
|choice||
|
|move|p2a: Weedle|Poison Sting|p1a: Paras
|-supereffective|p1a: Paras
|-damage|p1a: Paras|49\/100
|move|p1a: Paras|Body Slam|p2a: Weedle
|-damage|p2a: Weedle|0 fnt
|faint|p2a: Weedle
|choice||
|
|switch|p2a: Victreebel|Victreebel, L85|78\/100
|turn|10
|choice||
|
|move|p2a: Victreebel|Hyper Beam|p1a: Paras
|-damage|p1a: Paras|0 fnt
|faint|p1a: Paras
|choice||
|
|switch|p1a: Articuno|Articuno, L79|100\/100
|turn|11
|j|plsplsplsplsplspls
|c| plsplsplsplsplspls|swag
|choice||
|
|switch|p2a: Lapras|Lapras, L79|100\/100
|move|p1a: Articuno|Blizzard|p2a: Lapras
|-resisted|p2a: Lapras
|-damage|p2a: Lapras|92\/100
|
|turn|12
|c|★Deport All Asians|swag
|choice||
|
|switch|p1a: Ditto|Ditto, L99|100\/100
|move|p2a: Lapras|Confuse Ray|p1a: Ditto
|-start|p1a: Ditto|confusion
|
|turn|13
|choice||
|
|-activate|p1a: Ditto|confusion
|-damage|p1a: Ditto|89\/100|[from] confusion
|move|p2a: Lapras|Blizzard|p1a: Ditto
|-crit|p1a: Ditto
|-damage|p1a: Ditto|0 fnt
|faint|p1a: Ditto
|c| plsplsplsplsplspls|quite the team you got there
|c| plsplsplsplsplspls|2\/3 monsters
|choice||
|
|switch|p1a: Persian|Persian, L79|100\/100
|turn|14
|c|★Deport All Asians|yeah
|c|★Deport All Asians|ncf btw
|c| plsplsplsplsplspls|lol
|c| plsplsplsplsplspls|visual what are your other three pokemon?
|choice||
|
|move|p1a: Persian|Slash|p2a: Lapras
|-crit|p2a: Lapras
|-damage|p2a: Lapras|60\/100
|move|p2a: Lapras|Blizzard|p1a: Persian
|-damage|p1a: Persian|44\/100
|
|turn|15
|c| plsplsplsplsplspls|theyre gonna be gods for sure
|c| plsplsplsplsplspls|with a weedle
|c|★TheVisualNovel|mewtwo, mew, tauros
|c| plsplsplsplsplspls|and a vicreetbell
|c|★TheVisualNovel|or are they . . .
|choice||
|
|move|p1a: Persian|Thunderbolt|p2a: Lapras
|-supereffective|p2a: Lapras
|-damage|p2a: Lapras|36\/100
|move|p2a: Lapras|Blizzard|p1a: Persian
|-crit|p1a: Persian
|-damage|p1a: Persian|0 fnt
|faint|p1a: Persian
|c| plsplsplsplsplspls|i wouldnt be surprised at all
|choice||
|
|switch|p1a: Gengar|Gengar, L79|100\/100
|turn|16
|choice||
|
|switch|p2a: Exeggutor|Exeggutor, L79|100\/100
|move|p1a: Gengar|Thunderbolt|p2a: Exeggutor
|-resisted|p2a: Exeggutor
|-damage|p2a: Exeggutor|90\/100
|
|turn|17
|c|★Deport All Asians|crit more imo
|c| plsplsplsplsplspls|also nice fucking color scheme weve got going on here
|c|★Deport All Asians|also get a better team
|choice||
|
|move|p1a: Gengar|Hypnosis|p2a: Exeggutor
|-status|p2a: Exeggutor|slp
|-curestatus|p2a: Exeggutor|slp
|
|turn|18
|c| plsplsplsplsplspls|nftwuf
|c|★Deport All Asians|ooooo k
|c| plsplsplsplsplspls|gotcha covered there
|choice||
|
|move|p1a: Gengar|Hypnosis|p2a: Exeggutor
|-status|p2a: Exeggutor|slp
|cant|p2a: Exeggutor|slp
|
|turn|19
|c| plsplsplsplsplspls|swagggg
|choice||
|
|switch|p1a: Articuno|Articuno, L79|100\/100
|cant|p2a: Exeggutor|slp
|
|turn|20
|c| plsplsplsplsplspls|missing wouldve been so fucking disastrous there
|choice||
|
|switch|p1a: Gengar|Gengar, L79|100\/100
|cant|p2a: Exeggutor|slp
|
|turn|21
|c| plsplsplsplsplspls|lel
|c| plsplsplsplsplspls|2 fancy
|c|★Deport All Asians|yeah lol
|choice||
|
|switch|p1a: Articuno|Articuno, L79|100\/100
|cant|p2a: Exeggutor|slp
|
|turn|22
|c| plsplsplsplsplspls|nah i guess it wasnt even that fancy
|c| plsplsplsplsplspls|hes gotta be aware of it
|choice||
|
|switch|p2a: Lapras|Lapras, L79|36\/100
|move|p1a: Articuno|Blizzard|p2a: Lapras|[miss]
|-miss|p1a: Articuno
|
|turn|23
|c| plsplsplsplsplspls|he knew tauros was good lol
|choice||
|
|switch|p1a: Mew|Mew, L74|100\/100
|move|p2a: Lapras|Confuse Ray|p1a: Mew
|-start|p1a: Mew|confusion
|
|turn|24
|choice||
|
|switch|p1a: Gengar|Gengar, L79|100\/100
|move|p2a: Lapras|Blizzard|p1a: Gengar|[miss]
|-miss|p2a: Lapras
|
|turn|25
|choice||
|
|move|p1a: Gengar|Thunderbolt|p2a: Lapras
|-supereffective|p2a: Lapras
|-damage|p2a: Lapras|0 fnt
|faint|p2a: Lapras
|c|★Deport All Asians|tybg
|choice||
|
|switch|p2a: Slowbro|Slowbro, L79|100\/100
|turn|26
|c| plsplsplsplsplspls|jesus your team is pretty awful by current standards
|c|★Deport All Asians|omfg get a better fucking team
|c| plsplsplsplsplspls|lmfao
|c| plsplsplsplsplspls|and his is pretty damn good
|c| plsplsplsplsplspls|uphill clooomb
|choice||
|
|move|p1a: Gengar|Thunderbolt|p2a: Slowbro
|-supereffective|p2a: Slowbro
|-damage|p2a: Slowbro|50\/100
|move|p2a: Slowbro|Thunder Wave|p1a: Gengar
|-status|p1a: Gengar|par
|
|turn|27
|c| plsplsplsplsplspls|nncf
|choice||
|
|move|p2a: Slowbro|Amnesia|p2a: Slowbro
|-boost|p2a: Slowbro|spd|2
|-boost|p2a: Slowbro|spa|2
|cant|p1a: Gengar|par
|
|turn|28
|c| plsplsplsplsplspls|k
|choice||
|
|move|p2a: Slowbro|Amnesia|p2a: Slowbro
|-boost|p2a: Slowbro|spd|2
|-boost|p2a: Slowbro|spa|2
|cant|p1a: Gengar|par
|
|turn|29
|c| plsplsplsplsplspls|oook
|c|★Deport All Asians|ooo
|c|★Deport All Asians|k
|choice||
|
|move|p2a: Slowbro|Surf|p1a: Gengar
|-damage|p1a: Gengar|29\/100 par
|cant|p1a: Gengar|par
|
|turn|30
|c| plsplsplsplsplspls|lol
|c|★TheVisualNovel|the hax
|c| plsplsplsplsplspls|WELP
|c|★TheVisualNovel|jesus
|c| plsplsplsplsplspls|dats dat
|c|★Deport All Asians|this is so fucking gay my god
|choice||
|
|move|p2a: Slowbro|Surf|p1a: Gengar
|-damage|p1a: Gengar|0 fnt
|faint|p1a: Gengar
|choice||
|
|switch|p1a: Mew|Mew, L74|100\/100
|turn|31
|choice||
|
|move|p1a: Mew|Explosion|p2a: Slowbro
|-damage|p2a: Slowbro|0 fnt
|faint|p2a: Slowbro
|faint|p1a: Mew
|choice||
|
|switch|p2a: Tauros|Tauros, L79|100\/100
|switch|p1a: Articuno|Articuno, L79|100\/100
|turn|32
|choice||
|
|move|p2a: Tauros|Body Slam|p1a: Articuno
|-damage|p1a: Articuno|75\/100
|move|p1a: Articuno|Reflect|p1a: Articuno
|-start|p1a: Articuno|Reflect
|
|turn|33
|choice||
|
|move|p2a: Tauros|Body Slam|p1a: Articuno
|-damage|p1a: Articuno|63\/100
|move|p1a: Articuno|Blizzard|p2a: Tauros
|-damage|p2a: Tauros|41\/100
|
|turn|34
|choice||
|
|move|p2a: Tauros|Hyper Beam|p1a: Articuno
|-damage|p1a: Articuno|40\/100
|move|p1a: Articuno|Blizzard|p2a: Tauros
|-damage|p2a: Tauros|0 fnt
|faint|p2a: Tauros
|c| plsplsplsplsplspls|lmfao he really had tauros
|choice||
|
|switch|p2a: Victreebel|Victreebel, L85|78\/100
|turn|35
|c| plsplsplsplsplspls|and you still have a shot
|choice||
|
|move|p1a: Articuno|Blizzard|p2a: Victreebel
|-supereffective|p2a: Victreebel
|-damage|p2a: Victreebel|3\/100
|move|p2a: Victreebel|Hyper Beam|p1a: Articuno
|-damage|p1a: Articuno|23\/100
|
|turn|36
|-mustrecharge|p2a: Victreebel
|c|★Deport All Asians|no
|-mustrecharge|p2a: Victreebel
|c| plsplsplsplsplspls|lol
|c| plsplsplsplsplspls|allll good
|c|★Deport All Asians|how does that not ko
|choice||
|
|move|p1a: Articuno|Blizzard|p2a: Victreebel
|-supereffective|p2a: Victreebel
|-damage|p2a: Victreebel|0 fnt
|faint|p2a: Victreebel
|choice||
|
|switch|p2a: Exeggutor|Exeggutor, L79|90\/100 slp
|turn|37
|c| plsplsplsplsplspls|miss stwu
|c| plsplsplsplsplspls|for sure
|choice||
|
|move|p1a: Articuno|Blizzard|p2a: Exeggutor
|-supereffective|p2a: Exeggutor
|-damage|p2a: Exeggutor|17\/100 slp
|-curestatus|p2a: Exeggutor|slp
|
|turn|38
|c| plsplsplsplsplspls|half right
|choice||
|
|move|p1a: Articuno|Blizzard|p2a: Exeggutor
|-crit|p2a: Exeggutor
|-supereffective|p2a: Exeggutor
|-damage|p2a: Exeggutor|0 fnt
|faint|p2a: Exeggutor
|
|win|Deport All Asians
|player|p1
|player|p2
|c|★Deport All Asians|swag
|raw|Deport All Asians's rating: 1109 &rarr; <strong>1138<\/strong><br \/>(+29 for winning)
|raw|TheVisualNovel's rating: 1162 &rarr; <strong>1134<\/strong><br \/>(-28 for losing)
|c| plsplsplsplsplspls|swaggggggggg
|c|★TheVisualNovel|gg
|c| plsplsplsplsplspls|what a dub
|c| plsplsplsplsplspls|did not see that shit coming
|l|TheVisualNovel
|c|★Deport All Asians|not at all
|c|★Deport All Asians|articuno motm