|join|bpizzizzle
|join|chncghgch
|player|p1|bpizzizzle|252
|player|p2|chncghgch|161
|gametype|singles
|gen|1
|tier|[Gen 1] Random Battle
|rated
|rule|Sleep Clause Mod: Limit one foe put to sleep
|rule|Freeze Clause Mod: Limit one foe frozen
|rule|HP Percentage Mod: HP is shown in percentages
|
|start
|switch|p1a: Poliwag|Poliwag, L96|272\/272
|switch|p2a: Jolteon|Jolteon, L85|284\/284
|turn|1
|
|switch|p1a: Ivysaur|Ivysaur, L85|276\/276
|move|p2a: Jolteon|Thunderbolt|p1a: Ivysaur
|-crit|p1a: Ivysaur
|-resisted|p1a: Ivysaur
|-damage|p1a: Ivysaur|157\/276
|
|turn|2
|join|4652wtrtr
|c| 4652wtrtr|go chncghgch!!!!
|
|switch|p2a: Nidorina|Nidorina, L90|309\/309
|move|p1a: Ivysaur|Sleep Powder|p2a: Nidorina|[miss]
|-miss|p1a: Ivysaur
|
|turn|3
|
|move|p2a: Nidorina|Double-Edge|p1a: Ivysaur
|-damage|p1a: Ivysaur|82\/276
|-damage|p2a: Nidorina|291\/309|[from] recoil|[of] p1a: Ivysaur
|move|p1a: Ivysaur|Sleep Powder|p2a: Nidorina
|-status|p2a: Nidorina|slp
|
|turn|4
|
|switch|p2a: Ninetales|Ninetales, L85|298\/298
|switch|p1a: Muk|Muk, L85|352\/352
|
|turn|5
|
|move|p2a: Ninetales|Fire Blast|p1a: Muk|[miss]
|-miss|p2a: Ninetales
|move|p1a: Muk|Body Slam|p2a: Ninetales
|-crit|p2a: Ninetales
|-damage|p2a: Ninetales|153\/298
|
|turn|6
|
|move|p2a: Ninetales|Fire Blast|p1a: Muk
|-damage|p1a: Muk|184\/352
|move|p1a: Muk|Body Slam|p2a: Ninetales
|-damage|p2a: Ninetales|84\/298
|
|turn|7
|
|move|p2a: Ninetales|Fire Blast|p1a: Muk
|-crit|p1a: Muk
|-damage|p1a: Muk|0 fnt
|faint|p1a: Muk
|
|switch|p1a: Poliwag|Poliwag, L96|272\/272
|turn|8
|
|switch|p2a: Jolteon|Jolteon, L85|284\/284
|move|p1a: Poliwag|Amnesia|p1a: Poliwag
|-boost|p1a: Poliwag|spd|2
|-boost|p1a: Poliwag|spa|2
|
|turn|9
|
|move|p2a: Jolteon|Thunderbolt|p1a: Poliwag
|-supereffective|p1a: Poliwag
|-damage|p1a: Poliwag|120\/272
|move|p1a: Poliwag|Amnesia|p1a: Poliwag
|-boost|p1a: Poliwag|spd|2
|-boost|p1a: Poliwag|spa|2
|
|turn|10
|
|move|p2a: Jolteon|Thunderbolt|p1a: Poliwag
|-supereffective|p1a: Poliwag
|-damage|p1a: Poliwag|14\/272
|move|p1a: Poliwag|Amnesia|p1a: Poliwag
|-boost|p1a: Poliwag|spd|2
|-boost|p1a: Poliwag|spa|2
|
|turn|11
|
|move|p2a: Jolteon|Thunderbolt|p1a: Poliwag
|-supereffective|p1a: Poliwag
|-damage|p1a: Poliwag|0 fnt
|faint|p1a: Poliwag
|
|switch|p1a: Mewtwo|Mewtwo, L70|293\/293
|turn|12
|
|move|p2a: Jolteon|Body Slam|p1a: Mewtwo
|-damage|p1a: Mewtwo|239\/293
|move|p1a: Mewtwo|Psychic|p2a: Jolteon
|-damage|p2a: Jolteon|201\/284
|
|turn|13
|
|move|p2a: Jolteon|Body Slam|p1a: Mewtwo
|-damage|p1a: Mewtwo|183\/293
|move|p1a: Mewtwo|Psychic|p2a: Jolteon
|-damage|p2a: Jolteon|125\/284
|
|turn|14
|
|move|p2a: Jolteon|Body Slam|p1a: Mewtwo
|-damage|p1a: Mewtwo|129\/293
|move|p1a: Mewtwo|Recover|p1a: Mewtwo
|-heal|p1a: Mewtwo|275\/293
|
|turn|15
|
|move|p2a: Jolteon|Body Slam|p1a: Mewtwo
|-damage|p1a: Mewtwo|221\/293
|move|p1a: Mewtwo|Psychic|p2a: Jolteon
|-damage|p2a: Jolteon|43\/284
|
|turn|16
|
|switch|p2a: Drowzee|Drowzee, L96|310\/310
|move|p1a: Mewtwo|Recover|p1a: Mewtwo
|-heal|p1a: Mewtwo|293\/293
|
|turn|17
|
|switch|p1a: Ivysaur|Ivysaur, L85|82\/276
|move|p2a: Drowzee|Hypnosis|p1a: Ivysaur
|-status|p1a: Ivysaur|slp
|
|turn|18
|
|switch|p1a: Arcanine|Arcanine, L85|327\/327
|move|p2a: Drowzee|Psychic|p1a: Arcanine
|-crit|p1a: Arcanine
|-damage|p1a: Arcanine|83\/327
|
|turn|19
|
|move|p1a: Arcanine|Body Slam|p2a: Drowzee
|-damage|p2a: Drowzee|230\/310
|move|p2a: Drowzee|Psychic|p1a: Arcanine
|-damage|p1a: Arcanine|0 fnt
|faint|p1a: Arcanine
|
|switch|p1a: Dragonite|Dragonite, L85|328\/328
|turn|20
|
|move|p1a: Dragonite|Body Slam|p2a: Drowzee
|-damage|p2a: Drowzee|132\/310
|move|p2a: Drowzee|Psychic|p1a: Dragonite
|-damage|p1a: Dragonite|219\/328
|
|turn|21
|
|move|p1a: Dragonite|Hyper Beam|p2a: Drowzee
|-damage|p2a: Drowzee|0 fnt
|faint|p2a: Drowzee
|
|switch|p2a: Kangaskhan|Kangaskhan, L85|352\/352
|turn|22
|
|move|p2a: Kangaskhan|Body Slam|p1a: Dragonite
|-damage|p1a: Dragonite|131\/328
|-status|p1a: Dragonite|par
|move|p1a: Dragonite|Hyper Beam|p2a: Kangaskhan|[miss]
|-miss|p1a: Dragonite
|
|turn|23
|
|move|p2a: Kangaskhan|Hyper Beam|p1a: Dragonite
|-crit|p1a: Dragonite
|-damage|p1a: Dragonite|0 fnt
|faint|p1a: Dragonite
|
|switch|p1a: Mewtwo|Mewtwo, L70|293\/293
|turn|24
|c| 4652wtrtr|omg go chn
|
|move|p1a: Mewtwo|Psychic|p2a: Kangaskhan
|-damage|p2a: Kangaskhan|208\/352
|move|p2a: Kangaskhan|Body Slam|p1a: Mewtwo
|-damage|p1a: Mewtwo|190\/293
|
|turn|25
|
|move|p1a: Mewtwo|Recover|p1a: Mewtwo
|-heal|p1a: Mewtwo|293\/293
|move|p2a: Kangaskhan|Hyper Beam|p1a: Mewtwo
|-damage|p1a: Mewtwo|92\/293
|
|turn|26
|
|move|p1a: Mewtwo|Recover|p1a: Mewtwo
|-heal|p1a: Mewtwo|238\/293
|cant|p2a: Kangaskhan|recharge
|
|turn|27
|
|move|p1a: Mewtwo|Psychic|p2a: Kangaskhan
|-damage|p2a: Kangaskhan|63\/352
|-unboost|p2a: Kangaskhan|spd|1
|-unboost|p2a: Kangaskhan|spa|1
|move|p2a: Kangaskhan|Body Slam|p1a: Mewtwo
|-damage|p1a: Mewtwo|136\/293
|
|turn|28
|
|move|p1a: Mewtwo|Psychic|p2a: Kangaskhan
|-damage|p2a: Kangaskhan|0 fnt
|faint|p2a: Kangaskhan
|
|switch|p2a: Ninetales|Ninetales, L85|84\/298
|turn|29
|
|move|p2a: Ninetales|Fire Blast|p1a: Mewtwo
|-crit|p1a: Mewtwo
|-damage|p1a: Mewtwo|0 fnt
|faint|p1a: Mewtwo
|c|★bpizzizzle|gg
|-message|bpizzizzle forfeited.
|leave|bpizzizzle
|
|win|chncghgch
|raw|Ladder updating...
|player|p1
|raw|bpizzizzle's rating: 1470 &rarr; <strong>1446<\/strong><br \/>(-24 for losing)
|raw|chncghgch's rating: 1394 &rarr; <strong>1418<\/strong><br \/>(+24 for winning)