|join|MALESANI
|join|Jano CC
|player|p1|MALESANI|238
|player|p2|Jano CC|163
|gametype|singles
|gen|1
|tier|[Gen 1] Random Battle
|rated
|seed|4306,44237,21174,32190
|rule|Sleep Clause Mod: Limit one foe put to sleep
|rule|Freeze Clause Mod: Limit one foe frozen
|rule|HP Percentage Mod: HP is shown in percentages
|
|start
|switch|p1a: Marowak|Marowak, L90|291\/291
|switch|p2a: Tangela|Tangela, L85|284\/284
|turn|1
|choice|switch 2|move 1
|
|switch|p1a: Koffing|Koffing, L96|272\/272
|move|p2a: Tangela|Mega Drain|p1a: Koffing
|-resisted|p1a: Koffing
|-damage|p1a: Koffing|247\/272
|
|turn|2
|choice|move 4|switch 5
|
|switch|p2a: Metapod|Metapod, L99|300\/300
|move|p1a: Koffing|Sludge|p2a: Metapod
|-supereffective|p2a: Metapod
|-damage|p2a: Metapod|147\/300
|
|turn|3
|choice|move 4|move 3
|
|move|p1a: Koffing|Sludge|p2a: Metapod
|-supereffective|p2a: Metapod
|-damage|p2a: Metapod|0 fnt
|faint|p2a: Metapod
|choice||switch 2
|
|switch|p2a: Poliwag|Poliwag, L96|272\/272
|turn|4
|choice|move 3|move 2
|
|move|p2a: Poliwag|Psychic|p1a: Koffing
|-supereffective|p1a: Koffing
|-damage|p1a: Koffing|138\/272
|-unboost|p1a: Koffing|spd|1
|-unboost|p1a: Koffing|spa|1
|move|p1a: Koffing|Thunder|p2a: Poliwag
|-supereffective|p2a: Poliwag
|-damage|p2a: Poliwag|119\/272
|
|turn|5
|choice|move 1|move 2
|
|move|p2a: Poliwag|Psychic|p1a: Koffing
|-supereffective|p1a: Koffing
|-damage|p1a: Koffing|0 fnt
|faint|p1a: Koffing
|choice|switch 4|
|
|switch|p1a: Jolteon|Jolteon, L79|265\/265
|turn|6
|choice|move 1|switch 5
|
|switch|p2a: Tangela|Tangela, L85|284\/284
|move|p1a: Jolteon|Thunderbolt|p2a: Tangela
|-crit|p2a: Tangela
|-resisted|p2a: Tangela
|-damage|p2a: Tangela|201\/284
|
|turn|7
|choice|switch 6|move 3
|
|switch|p1a: Ditto|Ditto, L99|296\/296
|move|p2a: Tangela|Stun Spore|p1a: Ditto|[miss]
|-miss|p2a: Tangela
|
|turn|8
|choice|move 1|switch 5
|
|switch|p2a: Poliwag|Poliwag, L96|119\/272
|move|p1a: Ditto|Transform|p2a: Poliwag
|-transform|p1a: Ditto|p2a: Poliwag
|
|turn|9
|choice|move 1|switch 5
|
|switch|p2a: Tangela|Tangela, L85|201\/284
|move|p1a: Ditto|Amnesia|p1a: Ditto
|-boost|p1a: Ditto|spd|2
|-boost|p1a: Ditto|spa|2
|
|turn|10
|choice|move 4|move 3
|
|move|p1a: Ditto|Blizzard|p2a: Tangela
|-crit|p2a: Tangela
|-supereffective|p2a: Tangela
|-damage|p2a: Tangela|0 fnt
|faint|p2a: Tangela
|choice||switch 5
|
|switch|p2a: Poliwag|Poliwag, L96|119\/272
|turn|11
|choice|move 1|move 2
|
|move|p2a: Poliwag|Psychic|p1a: Ditto
|-damage|p1a: Ditto|262\/296
|move|p1a: Ditto|Amnesia|p1a: Ditto
|-boost|p1a: Ditto|spd|2
|-boost|p1a: Ditto|spa|2
|
|turn|12
|choice|move 2|move 1
|
|move|p2a: Poliwag|Amnesia|p2a: Poliwag
|-boost|p2a: Poliwag|spd|2
|-boost|p2a: Poliwag|spa|2
|move|p1a: Ditto|Psychic|p2a: Poliwag
|-damage|p2a: Poliwag|21\/272
|
|turn|13
|choice|move 3|move 2
|
|move|p2a: Poliwag|Psychic|p1a: Ditto
|-crit|p1a: Ditto
|-damage|p1a: Ditto|135\/296
|-unboost|p1a: Ditto|spd|1
|-unboost|p1a: Ditto|spa|1
|move|p1a: Ditto|Surf|p2a: Poliwag
|-resisted|p2a: Poliwag
|-damage|p2a: Poliwag|0 fnt
|faint|p2a: Poliwag
|choice||switch 3
|
|switch|p2a: Farfetch'd|Farfetch'd, L99|304\/304
|turn|14
|choice|move 4|move 4
|
|move|p2a: Farfetch'd|Swords Dance|p2a: Farfetch'd
|-boost|p2a: Farfetch'd|atk|2
|move|p1a: Ditto|Blizzard|p2a: Farfetch'd
|-crit|p2a: Farfetch'd
|-supereffective|p2a: Farfetch'd
|-damage|p2a: Farfetch'd|0 fnt
|faint|p2a: Farfetch'd
|choice||switch 4
|
|switch|p2a: Gengar|Gengar, L79|257\/257
|turn|15
|choice|move 2|move 4
|
|move|p2a: Gengar|Thunderbolt|p1a: Ditto
|-supereffective|p1a: Ditto
|-damage|p1a: Ditto|58\/296
|move|p1a: Ditto|Psychic|p2a: Gengar
|-supereffective|p2a: Gengar
|-damage|p2a: Gengar|44\/257
|
|turn|16
|choice|move 3|move 4
|
|move|p2a: Gengar|Thunderbolt|p1a: Ditto
|-supereffective|p1a: Ditto
|-damage|p1a: Ditto|0 fnt
|faint|p1a: Ditto
|choice|switch 3|
|
|switch|p1a: Sandshrew|Sandshrew, L96|291\/291
|turn|17
|choice|move 1|move 1
|
|move|p2a: Gengar|Hypnosis|p1a: Sandshrew
|-status|p1a: Sandshrew|slp
|cant|p1a: Sandshrew|slp
|
|turn|18
|choice|switch 5|move 3
|
|switch|p1a: Machamp|Machamp, L90|345\/345
|move|p2a: Gengar|Psychic|p1a: Machamp
|-supereffective|p1a: Machamp
|-damage|p1a: Machamp|198\/345
|-unboost|p1a: Machamp|spd|1
|-unboost|p1a: Machamp|spa|1
|
|turn|19
|choice|move 4|move 3
|
|move|p2a: Gengar|Psychic|p1a: Machamp
|-supereffective|p1a: Machamp
|-damage|p1a: Machamp|0 fnt
|faint|p1a: Machamp
|choice|switch 6|
|
|switch|p1a: Jolteon|Jolteon, L79|265\/265
|turn|20
|choice|move 1|move 3
|
|move|p1a: Jolteon|Thunderbolt|p2a: Gengar
|-damage|p2a: Gengar|0 fnt
|faint|p2a: Gengar
|choice||switch 6
|
|switch|p2a: Flareon|Flareon, L90|300\/300
|turn|21
|choice|move 1|move 1
|
|move|p1a: Jolteon|Thunderbolt|p2a: Flareon
|-damage|p2a: Flareon|224\/300
|move|p2a: Flareon|Fire Blast|p1a: Jolteon|[miss]
|-miss|p2a: Flareon
|
|turn|22
|choice|move 1|move 1
|
|move|p1a: Jolteon|Thunderbolt|p2a: Flareon
|-damage|p2a: Flareon|147\/300
|move|p2a: Flareon|Fire Blast|p1a: Jolteon|[miss]
|-miss|p2a: Flareon
|
|turn|23
|choice|move 1|move 1
|
|move|p1a: Jolteon|Thunderbolt|p2a: Flareon
|-damage|p2a: Flareon|71\/300
|move|p2a: Flareon|Fire Blast|p1a: Jolteon
|-damage|p1a: Jolteon|125\/265
|
|turn|24
|choice|move 3|move 4
|
|move|p1a: Jolteon|Body Slam|p2a: Flareon
|-damage|p2a: Flareon|25\/300
|-status|p2a: Flareon|par
|cant|p2a: Flareon|par
|
|turn|25
|choice|move 4|move 2
|
|move|p2a: Flareon|Quick Attack|p1a: Jolteon
|-damage|p1a: Jolteon|71\/265
|move|p1a: Jolteon|Pin Missile|p2a: Flareon
|-resisted|p2a: Flareon
|-damage|p2a: Flareon|21\/300 par
|-damage|p2a: Flareon|17\/300 par
|-damage|p2a: Flareon|13\/300 par
|-hitcount|p2a: Flareon|3
|
|turn|26
|choice|move 2|move 4
|
|move|p1a: Jolteon|Double Kick|p2a: Flareon
|-crit|p2a: Flareon
|-damage|p2a: Flareon|0 fnt
|-hitcount|p2a: Flareon|1
|faint|p2a: Flareon
|
|win|MALESANI