|join|Clypherus
|join|c353
|player|p1|Clypherus|101
|player|p2|c353|167
|gametype|singles
|gen|1
|tier|[Gen 1] OU
|rated
|seed|57831,27429,26124,16034
|rule|Sleep Clause Mod: Limit one foe put to sleep
|rule|Freeze Clause Mod: Limit one foe frozen
|rule|Species Clause: Limit one of each Pokémon
|rule|OHKO Clause: OHKO moves are banned
|rule|Evasion Moves Clause: Evasion moves are banned
|rule|HP Percentage Mod: HP is shown in percentages
|
|start
|switch|p1a: Chansey|Chansey|703\/703
|switch|p2a: there is no spoon|Alakazam|313\/313
|turn|1
|c|★c353|glhf
|choice|move 2|switch 5
|
|switch|p2a: joseph stallin|Chansey|703\/703
|move|p1a: Chansey|Toxic|p2a: joseph stallin|[miss]
|-miss|p1a: Chansey
|
|turn|2
|c|★Clypherus|lol
|choice|move 2|move 3
|
|move|p1a: Chansey|Toxic|p2a: joseph stallin|[miss]
|-miss|p1a: Chansey
|move|p2a: joseph stallin|Ice Beam|p1a: Chansey
|-damage|p1a: Chansey|624\/703
|
|turn|3
|choice|move 2|move 3
|
|move|p1a: Chansey|Toxic|p2a: joseph stallin
|-status|p2a: joseph stallin|tox
|move|p2a: joseph stallin|Ice Beam|p1a: Chansey
|-damage|p1a: Chansey|550\/703
|-damage|p2a: joseph stallin|660\/703 tox|[from] tox|[of] p1a: Chansey
|
|turn|4
|choice|move 4|move 3
|
|move|p2a: joseph stallin|Ice Beam|p1a: Chansey
|-damage|p1a: Chansey|472\/703
|-damage|p2a: joseph stallin|574\/703 tox|[from] tox|[of] p1a: Chansey
|move|p1a: Chansey|Body Slam|p2a: joseph stallin
|-damage|p2a: joseph stallin|474\/703 tox
|
|turn|5
|choice|move 4|move 3
|
|move|p1a: Chansey|Body Slam|p2a: joseph stallin
|-damage|p2a: joseph stallin|370\/703 tox
|move|p2a: joseph stallin|Ice Beam|p1a: Chansey
|-damage|p1a: Chansey|396\/703
|-damage|p2a: joseph stallin|241\/703 tox|[from] tox|[of] p1a: Chansey
|
|turn|6
|c|★c353|body slam on chansey?
|choice|move 4|move 2
|
|move|p1a: Chansey|Body Slam|p2a: joseph stallin
|-damage|p2a: joseph stallin|142\/703 tox
|move|p2a: joseph stallin|Soft-Boiled|p2a: joseph stallin
|-heal|p2a: joseph stallin|493\/703 tox
|-damage|p2a: joseph stallin|321\/703 tox|[from] psn
|
|turn|7
|choice|move 4|switch 5
|
|switch|p2a: there is no spoon|Alakazam|313\/313
|move|p1a: Chansey|Body Slam|p2a: there is no spoon
|-damage|p2a: there is no spoon|256\/313
|
|turn|8
|choice|move 1|switch 5
|
|switch|p2a: joseph stallin|Chansey|321\/703 tox
|-status|p2a: joseph stallin|psn
|-damage|p2a: joseph stallin|278\/703 psn|[from] psn
|move|p1a: Chansey|Soft-Boiled|p1a: Chansey
|-heal|p1a: Chansey|703\/703
|
|turn|9
|choice|switch 6|move 2
|
|switch|p1a: Snorlax|Snorlax|523\/523
|move|p2a: joseph stallin|Soft-Boiled|p2a: joseph stallin
|-heal|p2a: joseph stallin|629\/703 psn
|-damage|p2a: joseph stallin|586\/703 psn|[from] psn
|
|turn|10
|choice|move 4|move 1
|
|move|p2a: joseph stallin|Thunder Wave|p1a: Snorlax
|-status|p1a: Snorlax|par
|-damage|p2a: joseph stallin|543\/703 psn|[from] psn|[of] p1a: Snorlax
|move|p1a: Snorlax|Surf|p2a: joseph stallin
|-damage|p2a: joseph stallin|489\/703 psn
|
|turn|11
|choice|move 2|switch 4
|
|switch|p2a: finger lickin good|Snorlax|523\/523
|move|p1a: Snorlax|Earthquake|p2a: finger lickin good
|-damage|p2a: finger lickin good|415\/523
|
|turn|12
|choice|move 2|move 1
|
|move|p2a: finger lickin good|Body Slam|p1a: Snorlax
|-damage|p1a: Snorlax|392\/523 par
|cant|p1a: Snorlax|par
|
|turn|13
|choice|move 2|move 1
|
|move|p2a: finger lickin good|Body Slam|p1a: Snorlax
|-damage|p1a: Snorlax|250\/523 par
|move|p1a: Snorlax|Earthquake|p2a: finger lickin good
|-crit|p2a: finger lickin good
|-damage|p2a: finger lickin good|217\/523
|
|turn|14
|choice|move 1|switch 3
|
|switch|p2a: boom n*gga|Exeggutor|393\/393
|move|p1a: Snorlax|Rest|p1a: Snorlax
|-status|p1a: Snorlax|slp
|-heal|p1a: Snorlax|523\/523 slp|[silent]
|-status|p1a: Snorlax|slp|[from] move: Rest
|
|turn|15
|choice|move 3|move 1
|
|move|p2a: boom n*gga|Mega Drain|p1a: Snorlax
|-damage|p1a: Snorlax|448\/523 slp
|cant|p1a: Snorlax|slp
|
|turn|16
|choice|move 3|move 1
|
|move|p2a: boom n*gga|Mega Drain|p1a: Snorlax
|-damage|p1a: Snorlax|374\/523 slp
|-curestatus|p1a: Snorlax|slp
|
|turn|17
|choice|move 3|move 3
|
|move|p2a: boom n*gga|Sleep Powder|p1a: Snorlax|[miss]
|-miss|p2a: boom n*gga
|move|p1a: Snorlax|Blizzard|p2a: boom n*gga
|-supereffective|p2a: boom n*gga
|-damage|p2a: boom n*gga|278\/393
|
|turn|18
|choice|switch 6|move 3
|
|switch|p1a: Chansey|Chansey|703\/703
|move|p2a: boom n*gga|Sleep Powder|p1a: Chansey
|-status|p1a: Chansey|slp
|
|turn|19
|choice|move 3|move 2
|
|move|p2a: boom n*gga|Explosion|p1a: Chansey
|-damage|p1a: Chansey|0 fnt
|faint|p1a: Chansey
|faint|p2a: boom n*gga
|choice|switch 6|switch 5
|
|switch|p2a: there is no spoon|Alakazam|256\/313
|switch|p1a: Snorlax|Snorlax|374\/523
|turn|20
|choice|move 4|move 3
|
|move|p2a: there is no spoon|Thunder Wave|p1a: Snorlax
|-status|p1a: Snorlax|par
|move|p1a: Snorlax|Surf|p2a: there is no spoon
|-damage|p2a: there is no spoon|206\/313
|
|turn|21
|choice|switch 2|move 2
|
|switch|p1a: Charizard|Charizard|359\/359
|move|p2a: there is no spoon|Recover|p2a: there is no spoon
|-heal|p2a: there is no spoon|313\/313
|
|turn|22
|choice|move 4|switch 2
|
|switch|p2a: rockman|Rhydon|413\/413
|move|p1a: Charizard|Slash|p2a: rockman
|-crit|p2a: rockman
|-resisted|p2a: rockman
|-damage|p2a: rockman|373\/413
|
|turn|23
|choice|switch 2|move 3
|
|switch|p1a: Snorlax|Snorlax|374\/523 par
|move|p2a: rockman|Rock Slide|p1a: Snorlax
|-damage|p1a: Snorlax|238\/523 par
|
|turn|24
|choice|move 1|switch 2
|
|switch|p2a: there is no spoon|Alakazam|313\/313
|move|p1a: Snorlax|Rest|p1a: Snorlax
|-status|p1a: Snorlax|slp
|-heal|p1a: Snorlax|523\/523 slp|[silent]
|-status|p1a: Snorlax|slp|[from] move: Rest
|
|turn|25
|choice|switch 5|move 1
|
|switch|p1a: Dragonite|Dragonite|385\/385
|move|p2a: there is no spoon|Psychic|p1a: Dragonite
|-damage|p1a: Dragonite|258\/385
|-unboost|p1a: Dragonite|spd|1
|-unboost|p1a: Dragonite|spa|1
|
|turn|26
|choice|move 2|move 3
|
|move|p2a: there is no spoon|Thunder Wave|p1a: Dragonite
|-status|p1a: Dragonite|par
|cant|p1a: Dragonite|par
|
|turn|27
|choice|move 2|move 1
|
|move|p2a: there is no spoon|Psychic|p1a: Dragonite
|-damage|p1a: Dragonite|71\/385 par
|move|p1a: Dragonite|Body Slam|p2a: there is no spoon
|-damage|p2a: there is no spoon|187\/313
|-status|p2a: there is no spoon|par
|
|turn|28
|choice|move 4|move 1
|
|move|p2a: there is no spoon|Psychic|p1a: Dragonite
|-damage|p1a: Dragonite|0 fnt
|faint|p1a: Dragonite
|choice|switch 2|
|
|switch|p1a: Charizard|Charizard|359\/359
|turn|29
|choice|move 4|move 2
|
|move|p1a: Charizard|Slash|p2a: there is no spoon
|-crit|p2a: there is no spoon
|-damage|p2a: there is no spoon|40\/313 par
|move|p2a: there is no spoon|Recover|p2a: there is no spoon
|-heal|p2a: there is no spoon|196\/313 par
|
|turn|30
|choice|move 3|move 2
|
|move|p1a: Charizard|Hyper Beam|p2a: there is no spoon
|-damage|p2a: there is no spoon|21\/313 par
|move|p2a: there is no spoon|Recover|p2a: there is no spoon
|-heal|p2a: there is no spoon|177\/313 par
|
|turn|31
|-mustrecharge|p1a: Charizard
|-mustrecharge|p1a: Charizard
|choice|move 1|move 3
|
|cant|p1a: Charizard|recharge
|cant|p2a: there is no spoon|par
|
|turn|32
|choice|move 3|move 2
|
|move|p1a: Charizard|Hyper Beam|p2a: there is no spoon
|-damage|p2a: there is no spoon|3\/313 par
|move|p2a: there is no spoon|Recover|p2a: there is no spoon
|-heal|p2a: there is no spoon|159\/313 par
|
|turn|33
|-mustrecharge|p1a: Charizard
|-mustrecharge|p1a: Charizard
|choice|move 1|move 3
|
|cant|p1a: Charizard|recharge
|move|p2a: there is no spoon|Thunder Wave|p1a: Charizard
|-status|p1a: Charizard|par
|
|turn|34
|choice|move 3|move 2
|
|move|p2a: there is no spoon|Recover|p2a: there is no spoon
|-heal|p2a: there is no spoon|313\/313 par
|move|p1a: Charizard|Hyper Beam|p2a: there is no spoon
|-damage|p2a: there is no spoon|156\/313 par
|
|turn|35
|-mustrecharge|p1a: Charizard
|-mustrecharge|p1a: Charizard
|choice|move 1|move 2
|
|move|p2a: there is no spoon|Recover|p2a: there is no spoon
|-heal|p2a: there is no spoon|312\/313 par
|cant|p1a: Charizard|recharge
|
|turn|36
|choice|move 4|move 1
|
|move|p2a: there is no spoon|Psychic|p1a: Charizard
|-damage|p1a: Charizard|210\/359 par
|-unboost|p1a: Charizard|spd|1
|-unboost|p1a: Charizard|spa|1
|move|p1a: Charizard|Slash|p2a: there is no spoon
|-damage|p2a: there is no spoon|234\/313 par
|
|turn|37
|choice|move 4|move 1
|
|cant|p2a: there is no spoon|par
|move|p1a: Charizard|Slash|p2a: there is no spoon
|-crit|p2a: there is no spoon
|-damage|p2a: there is no spoon|85\/313 par
|
|turn|38
|choice|move 4|move 2
|
|move|p2a: there is no spoon|Recover|p2a: there is no spoon
|-heal|p2a: there is no spoon|241\/313 par
|move|p1a: Charizard|Slash|p2a: there is no spoon
|-crit|p2a: there is no spoon
|-damage|p2a: there is no spoon|83\/313 par
|
|turn|39
|choice|move 4|switch 2
|
|switch|p2a: rockman|Rhydon|373\/413
|move|p1a: Charizard|Slash|p2a: rockman
|-crit|p2a: rockman
|-resisted|p2a: rockman
|-damage|p2a: rockman|334\/413
|
|turn|40
|choice|move 2|move 3
|
|move|p2a: rockman|Rock Slide|p1a: Charizard
|-supereffective|p1a: Charizard
|-damage|p1a: Charizard|0 fnt
|faint|p1a: Charizard
|choice|switch 5|
|
|switch|p1a: Snorlax|Snorlax|523\/523 slp
|turn|41
|choice|move 4|move 1
|
|move|p2a: rockman|Earthquake|p1a: Snorlax
|-damage|p1a: Snorlax|350\/523 slp
|cant|p1a: Snorlax|slp
|
|turn|42
|choice|move 4|move 1
|
|move|p2a: rockman|Earthquake|p1a: Snorlax
|-damage|p1a: Snorlax|163\/523 slp
|-curestatus|p1a: Snorlax|slp
|
|turn|43
|choice|move 4|move 1
|
|move|p2a: rockman|Earthquake|p1a: Snorlax
|-damage|p1a: Snorlax|0 fnt
|faint|p1a: Snorlax
|choice|switch 4|
|
|switch|p1a: Alakazam|Alakazam|313\/313
|turn|44
|choice|move 1|switch 4
|
|switch|p2a: joseph stallin|Chansey|489\/703 psn
|-damage|p2a: joseph stallin|446\/703 psn|[from] psn
|move|p1a: Alakazam|Psychic|p2a: joseph stallin
|-damage|p2a: joseph stallin|329\/703 psn
|-unboost|p2a: joseph stallin|spd|1
|-unboost|p2a: joseph stallin|spa|1
|
|turn|45
|choice|move 1|move 1
|
|move|p1a: Alakazam|Psychic|p2a: joseph stallin
|-crit|p2a: joseph stallin
|-damage|p2a: joseph stallin|87\/703 psn
|-unboost|p2a: joseph stallin|spd|1
|-unboost|p2a: joseph stallin|spa|1
|move|p2a: joseph stallin|Thunder Wave|p1a: Alakazam
|-status|p1a: Alakazam|par
|-damage|p2a: joseph stallin|44\/703 psn|[from] psn|[of] p1a: Alakazam
|
|turn|46
|choice|move 1|move 2
|
|move|p2a: joseph stallin|Soft-Boiled|p2a: joseph stallin
|-heal|p2a: joseph stallin|395\/703 psn
|-damage|p2a: joseph stallin|352\/703 psn|[from] psn
|move|p1a: Alakazam|Psychic|p2a: joseph stallin
|-damage|p2a: joseph stallin|108\/703 psn
|
|turn|47
|choice|move 1|move 2
|
|move|p2a: joseph stallin|Soft-Boiled|p2a: joseph stallin
|-heal|p2a: joseph stallin|459\/703 psn
|-damage|p2a: joseph stallin|416\/703 psn|[from] psn
|move|p1a: Alakazam|Psychic|p2a: joseph stallin
|-damage|p2a: joseph stallin|158\/703 psn
|
|turn|48
|choice|move 1|switch 2
|
|switch|p2a: there is no spoon|Alakazam|83\/313 par
|move|p1a: Alakazam|Psychic|p2a: there is no spoon
|-crit|p2a: there is no spoon
|-resisted|p2a: there is no spoon
|-damage|p2a: there is no spoon|0 fnt
|faint|p2a: there is no spoon
|choice||switch 3
|
|switch|p2a: finger lickin good|Snorlax|217\/523
|turn|49
|choice|move 1|move 4
|
|move|p2a: finger lickin good|Self-Destruct|p1a: Alakazam
|-damage|p1a: Alakazam|0 fnt
|faint|p1a: Alakazam
|faint|p2a: finger lickin good
|choice|switch 3|switch 4
|
|switch|p1a: Gengar|Gengar|323\/323
|switch|p2a: rockman|Rhydon|334\/413
|turn|50
|choice|move 3|move 1
|
|move|p1a: Gengar|Hypnosis|p2a: rockman
|-status|p2a: rockman|slp
|cant|p2a: rockman|slp
|
|turn|51
|choice|move 1|move 1
|
|move|p1a: Gengar|Psychic|p2a: rockman
|-damage|p2a: rockman|210\/413 slp
|cant|p2a: rockman|slp
|
|turn|52
|choice|move 1|move 1
|
|move|p1a: Gengar|Psychic|p2a: rockman
|-damage|p2a: rockman|79\/413 slp
|-unboost|p2a: rockman|spd|1
|-unboost|p2a: rockman|spa|1
|cant|p2a: rockman|slp
|
|turn|53
|choice|move 1|move 1
|
|move|p1a: Gengar|Psychic|p2a: rockman
|-damage|p2a: rockman|0 fnt
|faint|p2a: rockman
|choice||switch 6
|
|switch|p2a: cow|Tauros|353\/353
|turn|54
|choice|move 3|move 2
|
|move|p1a: Gengar|Hypnosis|p2a: cow
|-status|p2a: cow|slp
|cant|p2a: cow|slp
|
|turn|55
|choice|move 1|move 2
|
|move|p1a: Gengar|Psychic|p2a: cow
|-damage|p2a: cow|243\/353 slp
|-unboost|p2a: cow|spd|1
|-unboost|p2a: cow|spa|1
|-curestatus|p2a: cow|slp
|
|turn|56
|choice|move 3|move 2
|
|move|p1a: Gengar|Hypnosis|p2a: cow
|-status|p2a: cow|slp
|cant|p2a: cow|slp
|
|turn|57
|choice|move 1|move 2
|
|cant|p2a: cow|slp
|move|p1a: Gengar|Psychic|p2a: cow
|-crit|p2a: cow
|-damage|p2a: cow|43\/353 slp
|
|turn|58
|choice|move 1|move 2
|
|cant|p2a: cow|slp
|move|p1a: Gengar|Psychic|p2a: cow
|-damage|p2a: cow|0 fnt
|faint|p2a: cow
|choice||switch 2
|
|switch|p2a: joseph stallin|Chansey|158\/703 psn
|turn|59
|choice|move 3|move 3
|
|move|p1a: Gengar|Hypnosis|p2a: joseph stallin|[miss]
|-miss|p1a: Gengar
|move|p2a: joseph stallin|Ice Beam|p1a: Gengar
|-damage|p1a: Gengar|255\/323
|-damage|p2a: joseph stallin|115\/703 psn|[from] psn|[of] p1a: Gengar
|
|turn|60
|choice|move 3|move 2
|
|move|p1a: Gengar|Hypnosis|p2a: joseph stallin
|-fail|p2a: joseph stallin
|move|p2a: joseph stallin|Soft-Boiled|p2a: joseph stallin
|-heal|p2a: joseph stallin|466\/703 psn
|-damage|p2a: joseph stallin|423\/703 psn|[from] psn
|
|turn|61
|choice|move 4|move 2
|
|move|p1a: Gengar|Confuse Ray|p2a: joseph stallin
|-start|p2a: joseph stallin|confusion
|-activate|p2a: joseph stallin|confusion
|move|p2a: joseph stallin|Soft-Boiled|p2a: joseph stallin
|-heal|p2a: joseph stallin|703\/703 psn
|-damage|p2a: joseph stallin|660\/703 psn|[from] psn
|
|turn|62
|choice|move 1|move 3
|
|move|p1a: Gengar|Psychic|p2a: joseph stallin
|-crit|p2a: joseph stallin
|-damage|p2a: joseph stallin|506\/703 psn
|-activate|p2a: joseph stallin|confusion
|-damage|p2a: joseph stallin|471\/703 psn|[from] confusion
|-damage|p2a: joseph stallin|428\/703 psn|[from] psn|[of] p1a: Gengar
|
|turn|63
|choice|move 1|move 2
|
|move|p1a: Gengar|Psychic|p2a: joseph stallin
|-crit|p2a: joseph stallin
|-damage|p2a: joseph stallin|278\/703 psn
|-unboost|p2a: joseph stallin|spd|1
|-unboost|p2a: joseph stallin|spa|1
|-end|p2a: joseph stallin|confusion
|move|p2a: joseph stallin|Soft-Boiled|p2a: joseph stallin
|-heal|p2a: joseph stallin|629\/703 psn
|-damage|p2a: joseph stallin|586\/703 psn|[from] psn
|
|turn|64
|choice|move 4|move 3
|
|move|p1a: Gengar|Confuse Ray|p2a: joseph stallin
|-start|p2a: joseph stallin|confusion
|-activate|p2a: joseph stallin|confusion
|-damage|p2a: joseph stallin|551\/703 psn|[from] confusion
|-damage|p2a: joseph stallin|508\/703 psn|[from] psn|[of] p1a: Gengar
|
|turn|65
|choice|move 2|move 3
|
|move|p1a: Gengar|Thunderbolt|p2a: joseph stallin
|-damage|p2a: joseph stallin|368\/703 psn
|-activate|p2a: joseph stallin|confusion
|move|p2a: joseph stallin|Ice Beam|p1a: Gengar
|-damage|p1a: Gengar|211\/323
|-damage|p2a: joseph stallin|325\/703 psn|[from] psn|[of] p1a: Gengar
|
|turn|66
|choice|move 2|move 3
|
|move|p1a: Gengar|Thunderbolt|p2a: joseph stallin
|-damage|p2a: joseph stallin|185\/703 psn
|-activate|p2a: joseph stallin|confusion
|-damage|p2a: joseph stallin|150\/703 psn|[from] confusion
|-damage|p2a: joseph stallin|107\/703 psn|[from] psn|[of] p1a: Gengar
|
|turn|67
|choice|move 2|move 2
|
|move|p1a: Gengar|Thunderbolt|p2a: joseph stallin
|-damage|p2a: joseph stallin|0 fnt
|faint|p2a: joseph stallin
|
|win|Clypherus
|c|★Clypherus|gg
|raw|Clypherus's rating: 1032 &rarr; <strong>1083<\/strong><br \/>(+51 for winning)
|raw|c353's rating: 1198 &rarr; <strong>1162<\/strong><br \/>(-36 for losing)