|join|luc1993
|join|Kel9901
|player|p1|luc1993|153
|player|p2|Kel9901|266
|gametype|singles
|gen|1
|tier|[Gen 1] OU (beta)
|rated
|rule|Sleep Clause Mod: Limit one foe put to sleep
|rule|Species Clause: Limit one of each Pokemon
|rule|OHKO Clause: OHKO moves are banned
|rule|Moody Clause: Moody is banned
|rule|Evasion Moves Clause: Evasion moves are banned
|rule|Endless Battle Clause: Forcing endless battles is banned.
|rule|HP Percentage Mod: HP is reported as percentages
|
|start
|switch|p1a: Charizard|Charizard|359\/359
|switch|p2a: Alakazam|Alakazam|313\/313
|turn|1
|
|move|p2a: Alakazam|Psychic|p1a: Charizard
|-damage|p1a: Charizard|223\/359
|-unboost|p1a: Charizard|spd|1
|-unboost|p1a: Charizard|spa|1
|move|p1a: Charizard|Fire Spin|p2a: Alakazam
|-damage|p2a: Alakazam|302\/313
|-activate|p2a: Alakazam|move: Fire Spin|[of] p1a: Charizard
|
|turn|2
|
|switch|p1a: Dragonite|Dragonite|385\/385
|cant|p2a: Alakazam|partiallytrapped
|
|-end|p2a: Alakazam|Fire Spin|[partiallytrapped]
|turn|3
|
|switch|p1a: Chansey|Chansey|703\/703
|move|p2a: Alakazam|Thunder Wave|p1a: Chansey
|-status|p1a: Chansey|par
|
|turn|4
|
|move|p2a: Alakazam|Psychic|p1a: Chansey
|-damage|p1a: Chansey|575\/703 par
|move|p1a: Chansey|Ice Beam|p2a: Alakazam
|-damage|p2a: Alakazam|244\/313
|
|turn|5
|
|move|p2a: Alakazam|Psychic|p1a: Chansey
|-damage|p1a: Chansey|451\/703 par
|cant|p1a: Chansey|par
|
|turn|6
|
|move|p2a: Alakazam|Psychic|p1a: Chansey
|-crit|p1a: Chansey
|-damage|p1a: Chansey|198\/703 par
|move|p1a: Chansey|Thunder Wave|p2a: Alakazam
|-status|p2a: Alakazam|par
|
|turn|7
|
|cant|p2a: Alakazam|par
|move|p1a: Chansey|Soft-Boiled|p1a: Chansey
|-heal|p1a: Chansey|549\/703 par
|
|turn|8
|
|switch|p1a: Charizard|Charizard|223\/359
|move|p2a: Alakazam|Psychic|p1a: Charizard
|-damage|p1a: Charizard|77\/359
|-unboost|p1a: Charizard|spd|1
|-unboost|p1a: Charizard|spa|1
|
|turn|9
|
|move|p1a: Charizard|Fire Spin|p2a: Alakazam
|-damage|p2a: Alakazam|233\/313 par
|-activate|p2a: Alakazam|move: Fire Spin|[of] p1a: Charizard
|cant|p2a: Alakazam|par
|
|turn|10
|
|switch|p2a: Chansey|Chansey|703\/703
|move|p1a: Charizard|Fire Spin|p2a: Chansey
|-damage|p2a: Chansey|691\/703
|-activate|p2a: Chansey|move: Fire Spin|[of] p1a: Charizard
|
|turn|11
|join|Tophyan1
|
|switch|p1a: Chansey|Chansey|549\/703 par
|switch|p2a: Rhydon|Rhydon|413\/413
|
|turn|12
|leave|Tophyan1
|
|switch|p2a: Alakazam|Alakazam|233\/313 par
|switch|p1a: Charizard|Charizard|77\/359
|
|turn|13
|
|move|p1a: Charizard|Fire Spin|p2a: Alakazam
|-damage|p2a: Alakazam|218\/313 par
|-activate|p2a: Alakazam|move: Fire Spin|[of] p1a: Charizard
|cant|p2a: Alakazam|partiallytrapped
|
|turn|14
|
|switch|p2a: Chansey|Chansey|691\/703
|move|p1a: Charizard|Fire Spin|p2a: Chansey
|-damage|p2a: Chansey|676\/703
|-activate|p2a: Chansey|move: Fire Spin|[of] p1a: Charizard
|
|turn|15
|
|switch|p1a: Chansey|Chansey|549\/703 par
|switch|p2a: Rhydon|Rhydon|413\/413
|
|turn|16
|
|switch|p2a: Alakazam|Alakazam|218\/313 par
|cant|p1a: Chansey|par
|
|turn|17
|
|move|p2a: Alakazam|Psychic|p1a: Chansey
|-damage|p1a: Chansey|413\/703 par
|move|p1a: Chansey|Soft-Boiled|p1a: Chansey
|-heal|p1a: Chansey|703\/703 par
|
|turn|18
|
|cant|p2a: Alakazam|par
|move|p1a: Chansey|Ice Beam|p2a: Alakazam
|-crit|p2a: Alakazam
|-damage|p2a: Alakazam|91\/313 par
|
|turn|19
|
|switch|p1a: Charizard|Charizard|77\/359
|cant|p2a: Alakazam|par
|
|turn|20
|
|move|p1a: Charizard|Fire Blast|p2a: Alakazam
|-damage|p2a: Alakazam|0 fnt
|faint|p2a: Alakazam
|
|
|switch|p2a: Tauros|Tauros|353\/353
|turn|21
|
|switch|p1a: Cloyster|Cloyster|303\/303
|move|p2a: Tauros|Body Slam|p1a: Cloyster
|-crit|p1a: Cloyster
|-damage|p1a: Cloyster|178\/303
|
|turn|22
|
|move|p2a: Tauros|Body Slam|p1a: Cloyster
|-damage|p1a: Cloyster|109\/303
|move|p1a: Cloyster|Blizzard|p2a: Tauros
|-crit|p2a: Tauros
|-damage|p2a: Tauros|15\/353
|
|turn|23
|
|move|p2a: Tauros|Body Slam|p1a: Cloyster
|-damage|p1a: Cloyster|38\/303
|move|p1a: Cloyster|Clamp|p2a: Tauros
|-damage|p2a: Tauros|0 fnt
|faint|p2a: Tauros
|
|
|switch|p2a: Zapdos|Zapdos|383\/383
|turn|24
|
|switch|p1a: Rhydon|Rhydon|413\/413
|move|p2a: Zapdos|Thunderbolt|p1a: Rhydon
|-immune|p1a: Rhydon|[msg]
|
|turn|25
|chat|Kel9901|ah
|chat|Kel9901|i overlooked rhydon\/golem
|chat|Kel9901|when i removed exeggutor
|chat|luc1993|oh
|
|switch|p2a: Chansey|Chansey|676\/703
|move|p1a: Rhydon|Earthquake|p2a: Chansey
|-damage|p2a: Chansey|282\/703
|
|turn|26
|chat|Kel9901|xD
|
|move|p2a: Chansey|Soft-Boiled|p2a: Chansey
|-heal|p2a: Chansey|633\/703
|move|p1a: Rhydon|Earthquake|p2a: Chansey
|-damage|p2a: Chansey|247\/703
|
|turn|27
|
|move|p2a: Chansey|Sing|p1a: Rhydon
|-status|p1a: Rhydon|slp
|cant|p1a: Rhydon|slp
|
|turn|28
|chat|luc1993|nice
|
|switch|p1a: Tauros|Tauros|353\/353
|move|p2a: Chansey|Soft-Boiled|p2a: Chansey
|-heal|p2a: Chansey|598\/703
|
|turn|29
|
|move|p1a: Tauros|Body Slam|p2a: Chansey
|-damage|p2a: Chansey|309\/703
|move|p2a: Chansey|Soft-Boiled|p2a: Chansey
|-heal|p2a: Chansey|660\/703
|
|turn|30
|
|move|p1a: Tauros|Body Slam|p2a: Chansey
|-crit|p2a: Chansey
|-damage|p2a: Chansey|81\/703
|move|p2a: Chansey|Ice Beam|p1a: Tauros
|-damage|p1a: Tauros|251\/353
|
|turn|31
|
|move|p1a: Tauros|Body Slam|p2a: Chansey
|-damage|p2a: Chansey|0 fnt
|faint|p2a: Chansey
|
|
|switch|p2a: Zapdos|Zapdos|383\/383
|turn|32
|
|switch|p1a: Rhydon|Rhydon|413\/413 slp
|move|p2a: Zapdos|Thunder Wave|p1a: Rhydon
|-immune|p1a: Rhydon|[msg]
|
|turn|33
|
|switch|p2a: Rhydon|Rhydon|413\/413
|cant|p1a: Rhydon|slp
|
|turn|34
|
|switch|p1a: Charizard|Charizard|77\/359
|move|p2a: Rhydon|Substitute|p2a: Rhydon
|-start|p2a: Rhydon|Substitute
|-damage|p2a: Rhydon|310\/413
|
|turn|35
|
|move|p1a: Charizard|Fire Blast|p2a: Rhydon
|-resisted|p2a: Rhydon
|-activate|p2a: Rhydon|Substitute|[damage]
|move|p2a: Rhydon|Body Slam|p1a: Charizard
|-damage|p1a: Charizard|0 fnt
|faint|p1a: Charizard
|
|
|switch|p1a: Dragonite|Dragonite|385\/385
|turn|36
|
|move|p1a: Dragonite|Wrap|p2a: Rhydon
|-crit|p2a: Rhydon
|-resisted|p2a: Rhydon
|-end|p2a: Rhydon|Substitute
|move|p2a: Rhydon|Rock Slide|p1a: Dragonite
|-supereffective|p1a: Dragonite
|-damage|p1a: Dragonite|148\/385
|
|turn|37
|
|move|p1a: Dragonite|Blizzard|p2a: Rhydon
|-supereffective|p2a: Rhydon
|-damage|p2a: Rhydon|0 fnt
|faint|p2a: Rhydon
|
|
|switch|p2a: Zapdos|Zapdos|383\/383
|turn|38
|
|switch|p2a: Snorlax|Snorlax|523\/523
|switch|p1a: Rhydon|Rhydon|413\/413 slp
|
|turn|39
|
|switch|p1a: Chansey|Chansey|703\/703 par
|move|p2a: Snorlax|Reflect|p2a: Snorlax
|
|turn|40
|
|move|p2a: Snorlax|Amnesia|p2a: Snorlax
|-boost|p2a: Snorlax|spd|2
|-boost|p2a: Snorlax|spa|2
|move|p1a: Chansey|Ice Beam|p2a: Snorlax
|-damage|p2a: Snorlax|469\/523
|
|turn|41
|
|move|p2a: Snorlax|Body Slam|p1a: Chansey
|-damage|p1a: Chansey|389\/703 par
|move|p1a: Chansey|Thunder Wave|p2a: Snorlax
|-status|p2a: Snorlax|par
|
|turn|42
|
|switch|p1a: Cloyster|Cloyster|38\/303
|cant|p2a: Snorlax|par
|
|turn|43
|
|move|p1a: Cloyster|Explosion|p2a: Snorlax
|-damage|p2a: Snorlax|298\/523 par
|faint|p1a: Cloyster
|chat|luc1993|nice moveset
|
|switch|p1a: Dragonite|Dragonite|148\/385
|turn|44
|
|move|p1a: Dragonite|Wrap|p2a: Snorlax
|-damage|p2a: Snorlax|287\/523 par
|-activate|p2a: Snorlax|move: Wrap|[of] p1a: Dragonite
|cant|p2a: Snorlax|partiallytrapped
|
|turn|45
|
|move|p1a: Dragonite|Wrap|p2a: Snorlax
|-damage|p2a: Snorlax|276\/523 par
|cant|p2a: Snorlax|partiallytrapped
|
|turn|46
|
|move|p1a: Dragonite|Wrap|p2a: Snorlax
|-damage|p2a: Snorlax|265\/523 par
|cant|p2a: Snorlax|par
|
|turn|47
|
|move|p1a: Dragonite|Wrap|p2a: Snorlax
|-damage|p2a: Snorlax|254\/523 par
|cant|p2a: Snorlax|partiallytrapped
|
|-end|p2a: Snorlax|Wrap|[partiallytrapped]
|turn|48
|
|move|p1a: Dragonite|Wrap|p2a: Snorlax
|-damage|p2a: Snorlax|244\/523 par
|-activate|p2a: Snorlax|move: Wrap|[of] p1a: Dragonite
|cant|p2a: Snorlax|partiallytrapped
|
|turn|49
|
|move|p1a: Dragonite|Wrap|p2a: Snorlax
|-damage|p2a: Snorlax|234\/523 par
|cant|p2a: Snorlax|partiallytrapped
|
|turn|50
|
|move|p1a: Dragonite|Wrap|p2a: Snorlax
|-damage|p2a: Snorlax|224\/523 par
|cant|p2a: Snorlax|par
|
|-end|p2a: Snorlax|Wrap|[partiallytrapped]
|turn|51
|
|move|p1a: Dragonite|Wrap|p2a: Snorlax
|-damage|p2a: Snorlax|213\/523 par
|-activate|p2a: Snorlax|move: Wrap|[of] p1a: Dragonite
|cant|p2a: Snorlax|par
|
|turn|52
|
|move|p1a: Dragonite|Wrap|p2a: Snorlax
|-damage|p2a: Snorlax|202\/523 par
|cant|p2a: Snorlax|partiallytrapped
|
|turn|53
|
|move|p1a: Dragonite|Wrap|p2a: Snorlax
|-damage|p2a: Snorlax|191\/523 par
|cant|p2a: Snorlax|partiallytrapped
|
|-end|p2a: Snorlax|Wrap|[partiallytrapped]
|turn|54
|
|move|p1a: Dragonite|Wrap|p2a: Snorlax
|-damage|p2a: Snorlax|181\/523 par
|-activate|p2a: Snorlax|move: Wrap|[of] p1a: Dragonite
|cant|p2a: Snorlax|partiallytrapped
|
|turn|55
|
|move|p1a: Dragonite|Wrap|p2a: Snorlax
|-damage|p2a: Snorlax|171\/523 par
|cant|p2a: Snorlax|partiallytrapped
|
|turn|56
|
|move|p1a: Dragonite|Wrap|p2a: Snorlax
|-damage|p2a: Snorlax|161\/523 par
|cant|p2a: Snorlax|par
|
|turn|57
|
|move|p1a: Dragonite|Wrap|p2a: Snorlax
|-damage|p2a: Snorlax|151\/523 par
|cant|p2a: Snorlax|partiallytrapped
|
|-end|p2a: Snorlax|Wrap|[partiallytrapped]
|turn|58
|
|move|p1a: Dragonite|Wrap|p2a: Snorlax|[miss]
|-miss|p1a: Dragonite
|move|p2a: Snorlax|Rest|p2a: Snorlax
|-status|p2a: Snorlax|slp
|-heal|p2a: Snorlax|523\/523 slp|[silent]
|-status|p2a: Snorlax|slp|[from] move: Rest
|
|turn|59
|chat|Kel9901|phew
|chat|Kel9901|got a bit nervous there
|
|move|p1a: Dragonite|Hyper Beam|p2a: Snorlax
|-damage|p2a: Snorlax|430\/523 slp
|cant|p2a: Snorlax|slp
|
|turn|60
|
|cant|p1a: Dragonite|recharge
|cant|p2a: Snorlax|slp
|-curestatus|p2a: Snorlax|slp
|
|turn|61
|
|move|p1a: Dragonite|Wrap|p2a: Snorlax
|-damage|p2a: Snorlax|420\/523
|-activate|p2a: Snorlax|move: Wrap|[of] p1a: Dragonite
|cant|p2a: Snorlax|partiallytrapped
|
|turn|62
|
|move|p1a: Dragonite|Wrap|p2a: Snorlax
|-damage|p2a: Snorlax|410\/523
|cant|p2a: Snorlax|partiallytrapped
|
|turn|63
|
|move|p1a: Dragonite|Wrap|p2a: Snorlax
|-damage|p2a: Snorlax|400\/523
|cant|p2a: Snorlax|partiallytrapped
|
|-end|p2a: Snorlax|Wrap|[partiallytrapped]
|turn|64
|
|move|p1a: Dragonite|Wrap|p2a: Snorlax
|-crit|p2a: Snorlax
|-damage|p2a: Snorlax|377\/523
|-activate|p2a: Snorlax|move: Wrap|[of] p1a: Dragonite
|cant|p2a: Snorlax|partiallytrapped
|
|turn|65
|
|move|p1a: Dragonite|Wrap|p2a: Snorlax
|-damage|p2a: Snorlax|354\/523
|cant|p2a: Snorlax|partiallytrapped
|
|turn|66
|
|move|p1a: Dragonite|Wrap|p2a: Snorlax
|-damage|p2a: Snorlax|331\/523
|cant|p2a: Snorlax|partiallytrapped
|
|turn|67
|
|move|p1a: Dragonite|Wrap|p2a: Snorlax
|-damage|p2a: Snorlax|308\/523
|cant|p2a: Snorlax|partiallytrapped
|
|turn|68
|
|move|p1a: Dragonite|Wrap|p2a: Snorlax
|-damage|p2a: Snorlax|285\/523
|cant|p2a: Snorlax|partiallytrapped
|
|-end|p2a: Snorlax|Wrap|[partiallytrapped]
|turn|69
|
|move|p1a: Dragonite|Wrap|p2a: Snorlax
|-damage|p2a: Snorlax|275\/523
|-activate|p2a: Snorlax|move: Wrap|[of] p1a: Dragonite
|cant|p2a: Snorlax|partiallytrapped
|
|turn|70
|
|move|p1a: Dragonite|Wrap|p2a: Snorlax
|-damage|p2a: Snorlax|265\/523
|cant|p2a: Snorlax|partiallytrapped
|
|-end|p2a: Snorlax|Wrap|[partiallytrapped]
|turn|71
|
|move|p1a: Dragonite|Wrap|p2a: Snorlax
|-damage|p2a: Snorlax|255\/523
|-activate|p2a: Snorlax|move: Wrap|[of] p1a: Dragonite
|cant|p2a: Snorlax|partiallytrapped
|
|turn|72
|
|move|p1a: Dragonite|Wrap|p2a: Snorlax
|-damage|p2a: Snorlax|245\/523
|cant|p2a: Snorlax|partiallytrapped
|
|turn|73
|
|move|p1a: Dragonite|Wrap|p2a: Snorlax
|-damage|p2a: Snorlax|235\/523
|cant|p2a: Snorlax|partiallytrapped
|
|turn|74
|
|move|p1a: Dragonite|Wrap|p2a: Snorlax
|-damage|p2a: Snorlax|225\/523
|cant|p2a: Snorlax|partiallytrapped
|
|turn|75
|
|move|p1a: Dragonite|Wrap|p2a: Snorlax
|-damage|p2a: Snorlax|215\/523
|cant|p2a: Snorlax|partiallytrapped
|
|-end|p2a: Snorlax|Wrap|[partiallytrapped]
|turn|76
|
|move|p1a: Dragonite|Wrap|p2a: Snorlax
|-damage|p2a: Snorlax|205\/523
|-activate|p2a: Snorlax|move: Wrap|[of] p1a: Dragonite
|cant|p2a: Snorlax|partiallytrapped
|
|turn|77
|
|move|p1a: Dragonite|Wrap|p2a: Snorlax
|-damage|p2a: Snorlax|195\/523
|cant|p2a: Snorlax|partiallytrapped
|
|turn|78
|
|move|p1a: Dragonite|Wrap|p2a: Snorlax
|-damage|p2a: Snorlax|185\/523
|cant|p2a: Snorlax|partiallytrapped
|
|turn|79
|
|move|p1a: Dragonite|Wrap|p2a: Snorlax
|-damage|p2a: Snorlax|175\/523
|cant|p2a: Snorlax|partiallytrapped
|
|-end|p2a: Snorlax|Wrap|[partiallytrapped]
|turn|80
|
|move|p1a: Dragonite|Wrap|p2a: Snorlax
|-damage|p2a: Snorlax|164\/523
|-activate|p2a: Snorlax|move: Wrap|[of] p1a: Dragonite
|cant|p2a: Snorlax|partiallytrapped
|
|turn|81
|
|switch|p2a: Zapdos|Zapdos|383\/383
|move|p1a: Dragonite|Wrap|p2a: Zapdos
|-damage|p2a: Zapdos|365\/383
|-activate|p2a: Zapdos|move: Wrap|[of] p1a: Dragonite
|
|turn|82
|
|cant|p2a: Zapdos|partiallytrapped
|move|p1a: Dragonite|Wrap|p2a: Zapdos
|-damage|p2a: Zapdos|354\/383
|
|turn|83
|
|cant|p2a: Zapdos|partiallytrapped
|move|p1a: Dragonite|Wrap|p2a: Zapdos
|-damage|p2a: Zapdos|343\/383
|
|turn|84
|
|cant|p2a: Zapdos|partiallytrapped
|move|p1a: Dragonite|Wrap|p2a: Zapdos
|-damage|p2a: Zapdos|332\/383
|
|-end|p2a: Zapdos|Wrap|[partiallytrapped]
|turn|85
|
|move|p2a: Zapdos|Thunder Wave|p1a: Dragonite
|-status|p1a: Dragonite|par
|move|p1a: Dragonite|Blizzard|p2a: Zapdos
|-supereffective|p2a: Zapdos
|-damage|p2a: Zapdos|164\/383
|
|turn|86
|
|move|p2a: Zapdos|Thunderbolt|p1a: Dragonite
|-damage|p1a: Dragonite|26\/385 par
|cant|p1a: Dragonite|par
|
|turn|87
|
|move|p2a: Zapdos|Agility|p2a: Zapdos
|-boost|p2a: Zapdos|spe|2
|cant|p1a: Dragonite|par
|
|turn|88
|
|move|p2a: Zapdos|Thunderbolt|p1a: Dragonite
|-damage|p1a: Dragonite|0 fnt
|faint|p1a: Dragonite
|
|
|switch|p1a: Tauros|Tauros|251\/353
|turn|89
|
|move|p2a: Zapdos|Thunder Wave|p1a: Tauros
|-status|p1a: Tauros|par
|move|p1a: Tauros|Hyper Beam|p2a: Zapdos
|-crit|p2a: Zapdos
|-damage|p2a: Zapdos|0 fnt
|faint|p2a: Zapdos
|
|
|switch|p2a: Snorlax|Snorlax|164\/523
|turn|90
|
|move|p2a: Snorlax|Reflect|p2a: Snorlax
|move|p1a: Tauros|Body Slam|p2a: Snorlax
|-crit|p2a: Snorlax
|-damage|p2a: Snorlax|31\/523
|-status|p2a: Snorlax|par
|
|turn|91
|chat|Kel9901|shit
|
|move|p1a: Tauros|Body Slam|p2a: Snorlax
|-crit|p2a: Snorlax
|-damage|p2a: Snorlax|0 fnt
|faint|p2a: Snorlax
|
|win|luc1993
|raw|Ladder updating...
|raw|luc1993's rating: 1355 &rarr; <strong>1387<\/strong><br \/>(+32 for winning)
|raw|Kel9901's rating: 1451 &rarr; <strong>1425<\/strong><br \/>(-26 for losing)
|chat|Kel9901|gg
|chat|luc1993|gg
|leave|Kel9901
|player|p2
|join|Kel9901
|leave|Kel9901