|join|ggcummend
|join|marcoasd
|player|p1|ggcummend|10
|player|p2|marcoasd|169
|gametype|singles
|gen|1
|tier|[Gen 1] OU (beta)
|rated
|rule|Sleep Clause Mod: Limit one foe put to sleep
|rule|Species Clause: Limit one of each Pokemon
|rule|OHKO Clause: OHKO moves are banned
|rule|Moody Clause: Moody is banned
|rule|Evasion Moves Clause: Evasion moves are banned
|rule|Endless Battle Clause: Forcing endless battles is banned.
|rule|HP Percentage Mod: HP is reported as percentages
|
|start
|switch|p1a: Gengar|Gengar|323\/323
|switch|p2a: Alakazam|Alakazam|313\/313
|turn|1
|callback|decision
|
|move|p2a: Alakazam|Psychic|p1a: Gengar
|-supereffective|p1a: Gengar
|-damage|p1a: Gengar|104\/323
|move|p1a: Gengar|Hypnosis|p2a: Alakazam|[miss]
|-miss|p1a: Gengar
|
|turn|2
|callback|decision
|
|switch|p1a: Exeggutor|Exeggutor|393\/393
|move|p2a: Alakazam|Psychic|p1a: Exeggutor
|-crit|p1a: Exeggutor
|-resisted|p1a: Exeggutor
|-damage|p1a: Exeggutor|289\/393
|
|turn|3
|callback|decision
|
|move|p2a: Alakazam|Thunder Wave|p1a: Exeggutor
|-status|p1a: Exeggutor|par
|move|p1a: Exeggutor|Sleep Powder|p2a: Alakazam
|-status|p2a: Alakazam|slp
|
|turn|4
|callback|decision
|
|switch|p1a: Snorlax|Snorlax|523\/523
|cant|p2a: Alakazam|slp
|
|turn|5
|callback|decision
|
|switch|p2a: Lapras|Lapras|463\/463
|move|p1a: Snorlax|Body Slam|p2a: Lapras
|-damage|p2a: Lapras|334\/463
|-status|p2a: Lapras|par
|
|turn|6
|callback|decision
|
|move|p1a: Snorlax|Amnesia|p1a: Snorlax
|-boost|p1a: Snorlax|spd|2
|-boost|p1a: Snorlax|spa|2
|move|p2a: Lapras|Blizzard|p1a: Snorlax
|-damage|p1a: Snorlax|439\/523
|
|turn|7
|callback|decision
|
|switch|p2a: Exeggutor|Exeggutor|393\/393
|move|p1a: Snorlax|Amnesia|p1a: Snorlax
|-boost|p1a: Snorlax|spd|2
|-boost|p1a: Snorlax|spa|2
|
|turn|8
|callback|decision
|
|switch|p1a: Gengar|Gengar|104\/323
|move|p2a: Exeggutor|Sleep Powder|p1a: Gengar
|-status|p1a: Gengar|slp
|
|turn|9
|callback|decision
|
|switch|p1a: Alakazam|Alakazam|313\/313
|switch|p2a: Chansey|Chansey|703\/703
|
|turn|10
|callback|decision
|
|move|p1a: Alakazam|Thunder Wave|p2a: Chansey
|-status|p2a: Chansey|par
|cant|p2a: Chansey|par
|
|turn|11
|callback|decision
|
|move|p1a: Alakazam|Psychic|p2a: Chansey
|-damage|p2a: Chansey|578\/703 par
|cant|p2a: Chansey|par
|
|turn|12
|callback|decision
|
|move|p1a: Alakazam|Psychic|p2a: Chansey
|-damage|p2a: Chansey|446\/703 par
|move|p2a: Chansey|Ice Beam|p1a: Alakazam
|-damage|p1a: Alakazam|247\/313
|
|turn|13
|callback|decision
|
|switch|p1a: Snorlax|Snorlax|439\/523
|switch|p2a: Exeggutor|Exeggutor|393\/393
|
|turn|14
|callback|decision
|
|move|p2a: Exeggutor|Psychic|p1a: Snorlax
|-damage|p1a: Snorlax|289\/523
|move|p1a: Snorlax|Reflect|p1a: Snorlax
|
|turn|15
|callback|decision
|
|move|p2a: Exeggutor|Psychic|p1a: Snorlax
|-damage|p1a: Snorlax|118\/523
|move|p1a: Snorlax|Amnesia|p1a: Snorlax
|-boost|p1a: Snorlax|spd|2
|-boost|p1a: Snorlax|spa|2
|
|turn|16
|callback|decision
|
|move|p2a: Exeggutor|Psychic|p1a: Snorlax
|-damage|p1a: Snorlax|40\/523
|move|p1a: Snorlax|Rest|p1a: Snorlax
|-status|p1a: Snorlax|slp
|-heal|p1a: Snorlax|523\/523 slp|[silent]
|-status|p1a: Snorlax|slp|[from] move: Rest
|
|turn|17
|callback|decision
|
|move|p2a: Exeggutor|Psychic|p1a: Snorlax
|-damage|p1a: Snorlax|441\/523 slp
|-unboost|p1a: Snorlax|spd|1
|-unboost|p1a: Snorlax|spa|1
|cant|p1a: Snorlax|slp
|
|turn|18
|callback|decision
|
|move|p2a: Exeggutor|Psychic|p1a: Snorlax
|-damage|p1a: Snorlax|332\/523 slp
|cant|p1a: Snorlax|slp
|-curestatus|p1a: Snorlax|slp
|
|turn|19
|callback|decision
|
|move|p2a: Exeggutor|Stun Spore|p1a: Snorlax
|-status|p1a: Snorlax|par
|move|p1a: Snorlax|Amnesia|p1a: Snorlax
|-boost|p1a: Snorlax|spd|2
|-boost|p1a: Snorlax|spa|2
|
|turn|20
|callback|decision
|
|move|p2a: Exeggutor|Psychic|p1a: Snorlax|[miss]
|-miss|p2a: Exeggutor
|move|p1a: Snorlax|Rest|p1a: Snorlax
|-status|p1a: Snorlax|slp
|-heal|p1a: Snorlax|523\/523 slp|[silent]
|-status|p1a: Snorlax|slp|[from] move: Rest
|
|turn|21
|callback|decision
|
|move|p2a: Exeggutor|Psychic|p1a: Snorlax
|-damage|p1a: Snorlax|455\/523 slp
|-unboost|p1a: Snorlax|spd|1
|-unboost|p1a: Snorlax|spa|1
|cant|p1a: Snorlax|slp
|
|turn|22
|callback|decision
|
|move|p2a: Exeggutor|Psychic|p1a: Snorlax
|-damage|p1a: Snorlax|377\/523 slp
|cant|p1a: Snorlax|slp
|-curestatus|p1a: Snorlax|slp
|
|turn|23
|callback|decision
|
|move|p2a: Exeggutor|Stun Spore|p1a: Snorlax|[miss]
|-miss|p2a: Exeggutor
|move|p1a: Snorlax|Amnesia|p1a: Snorlax
|-boost|p1a: Snorlax|spd|2
|-boost|p1a: Snorlax|spa|2
|
|turn|24
|callback|decision
|
|move|p2a: Exeggutor|Explosion|p1a: Snorlax
|-damage|p1a: Snorlax|216\/523
|faint|p2a: Exeggutor
|callback|decision
|
|switch|p2a: Snorlax|Snorlax|523\/523
|turn|25
|callback|decision
|chat|ggcummend|crit off of 5%, self-destruct, or I rest and live
|chat|ggcummend|take your pick
|
|move|p2a: Snorlax|Body Slam|p1a: Snorlax
|-damage|p1a: Snorlax|150\/523
|-status|p1a: Snorlax|par
|move|p1a: Snorlax|Rest|p1a: Snorlax
|-status|p1a: Snorlax|slp
|-heal|p1a: Snorlax|523\/523 slp|[silent]
|-status|p1a: Snorlax|slp|[from] move: Rest
|
|turn|26
|callback|decision
|
|move|p2a: Snorlax|Body Slam|p1a: Snorlax
|-damage|p1a: Snorlax|454\/523 slp
|cant|p1a: Snorlax|slp
|
|turn|27
|callback|decision
|chat|marcoasd|I'll lose to it
|chat|marcoasd|have no counters as zam is sleeping
|
|move|p2a: Snorlax|Body Slam|p1a: Snorlax
|-damage|p1a: Snorlax|382\/523 slp
|cant|p1a: Snorlax|slp
|-curestatus|p1a: Snorlax|slp
|
|turn|28
|callback|decision
|
|move|p2a: Snorlax|Body Slam|p1a: Snorlax
|-damage|p1a: Snorlax|314\/523
|move|p1a: Snorlax|Body Slam|p2a: Snorlax
|-damage|p2a: Snorlax|377\/523
|
|turn|29
|callback|decision
|
|move|p2a: Snorlax|Body Slam|p1a: Snorlax
|-damage|p1a: Snorlax|243\/523
|move|p1a: Snorlax|Body Slam|p2a: Snorlax
|-damage|p2a: Snorlax|249\/523
|-status|p2a: Snorlax|par
|
|turn|30
|callback|decision
|
|move|p1a: Snorlax|Rest|p1a: Snorlax
|-status|p1a: Snorlax|slp
|-heal|p1a: Snorlax|523\/523 slp|[silent]
|-status|p1a: Snorlax|slp|[from] move: Rest
|move|p2a: Snorlax|Self-Destruct|p1a: Snorlax
|-damage|p1a: Snorlax|318\/523 slp
|faint|p2a: Snorlax
|callback|decision
|
|switch|p2a: Tauros|Tauros|353\/353
|turn|31
|callback|decision
|
|move|p2a: Tauros|Body Slam|p1a: Snorlax
|-damage|p1a: Snorlax|256\/523 slp
|cant|p1a: Snorlax|slp
|
|turn|32
|callback|decision
|
|move|p2a: Tauros|Body Slam|p1a: Snorlax
|-damage|p1a: Snorlax|190\/523 slp
|cant|p1a: Snorlax|slp
|-curestatus|p1a: Snorlax|slp
|
|turn|33
|callback|decision
|
|move|p2a: Tauros|Body Slam|p1a: Snorlax
|-damage|p1a: Snorlax|121\/523
|-status|p1a: Snorlax|par
|move|p1a: Snorlax|Rest|p1a: Snorlax
|-status|p1a: Snorlax|slp
|-heal|p1a: Snorlax|523\/523 slp|[silent]
|-status|p1a: Snorlax|slp|[from] move: Rest
|
|turn|34
|callback|decision
|
|move|p2a: Tauros|Body Slam|p1a: Snorlax
|-damage|p1a: Snorlax|459\/523 slp
|cant|p1a: Snorlax|slp
|
|turn|35
|callback|decision
|
|move|p2a: Tauros|Body Slam|p1a: Snorlax
|-damage|p1a: Snorlax|395\/523 slp
|cant|p1a: Snorlax|slp
|-curestatus|p1a: Snorlax|slp
|
|turn|36
|callback|decision
|
|move|p2a: Tauros|Body Slam|p1a: Snorlax
|-damage|p1a: Snorlax|330\/523
|-status|p1a: Snorlax|par
|cant|p1a: Snorlax|par
|
|turn|37
|callback|decision
|
|move|p2a: Tauros|Body Slam|p1a: Snorlax
|-damage|p1a: Snorlax|265\/523 par
|move|p1a: Snorlax|Body Slam|p2a: Tauros
|-damage|p2a: Tauros|241\/353
|
|turn|38
|callback|decision
|
|move|p2a: Tauros|Body Slam|p1a: Snorlax
|-damage|p1a: Snorlax|196\/523 par
|move|p1a: Snorlax|Rest|p1a: Snorlax
|-status|p1a: Snorlax|slp
|-heal|p1a: Snorlax|523\/523 slp|[silent]
|-status|p1a: Snorlax|slp|[from] move: Rest
|
|turn|39
|callback|decision
|
|move|p2a: Tauros|Body Slam|p1a: Snorlax
|-crit|p1a: Snorlax
|-damage|p1a: Snorlax|398\/523 slp
|cant|p1a: Snorlax|slp
|
|turn|40
|callback|decision
|
|move|p2a: Tauros|Body Slam|p1a: Snorlax
|-damage|p1a: Snorlax|329\/523 slp
|cant|p1a: Snorlax|slp
|-curestatus|p1a: Snorlax|slp
|
|turn|41
|callback|decision
|
|move|p2a: Tauros|Body Slam|p1a: Snorlax
|-damage|p1a: Snorlax|268\/523
|move|p1a: Snorlax|Body Slam|p2a: Tauros
|-damage|p2a: Tauros|124\/353
|
|turn|42
|callback|decision
|
|move|p2a: Tauros|Body Slam|p1a: Snorlax
|-damage|p1a: Snorlax|206\/523
|move|p1a: Snorlax|Rest|p1a: Snorlax
|-status|p1a: Snorlax|slp
|-heal|p1a: Snorlax|523\/523 slp|[silent]
|-status|p1a: Snorlax|slp|[from] move: Rest
|
|turn|43
|callback|decision
|chat|marcoasd|gg
|-message|marcoasd forfeited.
|
|win|ggcummend
|raw|Ladder updating...
|chat|ggcummend|gg
|leave|marcoasd
|player|p2