|j|ThePablo
|j|Vultur
|player|p1|ThePablo|50
|player|p2|Vultur|266
|gametype|singles
|gen|1
|tier|[Gen 1] Random Battle
|rated
|seed|41501,48085,8223,31487
|rule|Sleep Clause Mod: Limit one foe put to sleep
|rule|Freeze Clause Mod: Limit one foe frozen
|rule|HP Percentage Mod: HP is shown in percentages
|
|start
|switch|p1a: Gastly|Gastly, L96|252\/252
|switch|p2a: Venonat|Venonat, L96|310\/310
|turn|1
|choice|move 1|move 3
|
|move|p1a: Gastly|Hypnosis|p2a: Venonat|[miss]
|-miss|p1a: Gastly
|move|p2a: Venonat|Psychic|p1a: Gastly
|-supereffective|p1a: Gastly
|-damage|p1a: Gastly|168\/252
|-unboost|p1a: Gastly|spd|1
|-unboost|p1a: Gastly|spa|1
|
|turn|2
|choice|move 2|move 2
|
|move|p1a: Gastly|Psychic|p2a: Venonat
|-crit|p2a: Venonat
|-supereffective|p2a: Venonat
|-damage|p2a: Venonat|0 fnt
|faint|p2a: Venonat
|choice||switch 6
|
|switch|p2a: Jynx|Jynx, L79|265\/265
|turn|3
|choice|switch 5|move 2
|
|switch|p1a: Rapidash|Rapidash, L90|300\/300
|move|p2a: Jynx|Lovely Kiss|p1a: Rapidash
|-status|p1a: Rapidash|slp
|
|turn|4
|choice|switch 2|move 4
|
|switch|p1a: Kadabra|Kadabra, L85|242\/242
|move|p2a: Jynx|Psychic|p1a: Kadabra
|-resisted|p1a: Kadabra
|-damage|p1a: Kadabra|211\/242
|
|turn|5
|choice|move 2|move 3
|
|move|p1a: Kadabra|Thunder Wave|p2a: Jynx
|-status|p2a: Jynx|par
|move|p2a: Jynx|Blizzard|p1a: Kadabra
|-damage|p1a: Kadabra|127\/242
|
|turn|6
|choice|move 4|move 3
|
|move|p1a: Kadabra|Reflect|p1a: Kadabra
|-start|p1a: Kadabra|Reflect
|cant|p2a: Jynx|par
|
|turn|7
|choice|move 3|move 3
|
|move|p1a: Kadabra|Seismic Toss|p2a: Jynx
|-damage|p2a: Jynx|180\/265 par
|move|p2a: Jynx|Blizzard|p1a: Kadabra
|-damage|p1a: Kadabra|32\/242
|
|turn|8
|choice|move 1|move 3
|
|move|p1a: Kadabra|Psychic|p2a: Jynx
|-resisted|p2a: Jynx
|-damage|p2a: Jynx|123\/265 par
|-unboost|p2a: Jynx|spd|1
|-unboost|p2a: Jynx|spa|1
|move|p2a: Jynx|Blizzard|p1a: Kadabra
|-damage|p1a: Kadabra|0 fnt
|faint|p1a: Kadabra
|choice|switch 2|
|
|switch|p1a: Rapidash|Rapidash, L90|300\/300 slp
|turn|9
|choice|move 3|move 4
|
|cant|p1a: Rapidash|slp
|move|p2a: Jynx|Psychic|p1a: Rapidash
|-crit|p1a: Rapidash
|-damage|p1a: Rapidash|130\/300 slp
|
|turn|10
|choice|switch 3|move 4
|
|switch|p1a: Lapras|Lapras, L79|367\/367
|move|p2a: Jynx|Psychic|p1a: Lapras
|-damage|p1a: Lapras|311\/367
|
|turn|11
|choice|move 1|switch 3
|
|switch|p2a: Primeape|Primeape, L90|300\/300
|move|p1a: Lapras|Body Slam|p2a: Primeape
|-damage|p2a: Primeape|238\/300
|
|turn|12
|choice|move 2|move 3
|
|move|p2a: Primeape|Rock Slide|p1a: Lapras
|-crit|p1a: Lapras
|-supereffective|p1a: Lapras
|-damage|p1a: Lapras|31\/367
|move|p1a: Lapras|Blizzard|p2a: Primeape
|-damage|p2a: Primeape|111\/300
|
|turn|13
|choice|move 2|move 1
|
|move|p2a: Primeape|Body Slam|p1a: Lapras
|-damage|p1a: Lapras|0 fnt
|faint|p1a: Lapras
|choice|switch 4|
|
|switch|p1a: Jolteon|Jolteon, L79|265\/265
|turn|14
|choice|move 1|switch 2
|
|switch|p2a: Rhydon|Rhydon, L79|328\/328
|move|p1a: Jolteon|Thunderbolt|p2a: Rhydon
|-immune|p2a: Rhydon|[msg]
|
|turn|15
|choice|move 4|move 2
|
|move|p1a: Jolteon|Sand Attack|p2a: Rhydon
|-unboost|p2a: Rhydon|accuracy|1
|move|p2a: Rhydon|Earthquake|p1a: Jolteon
|-supereffective|p1a: Jolteon
|-damage|p1a: Jolteon|0 fnt
|faint|p1a: Jolteon
|choice|switch 5|
|
|switch|p1a: Gastly|Gastly, L96|168\/252
|turn|16
|choice|move 4|move 2
|
|move|p1a: Gastly|Mega Drain|p2a: Rhydon
|-supereffective|p2a: Rhydon
|-damage|p2a: Rhydon|98\/328
|-heal|p1a: Gastly|252\/252|[from] drain|[of] p2a: Rhydon
|move|p2a: Rhydon|Earthquake|p1a: Gastly|[miss]
|-miss|p2a: Rhydon
|
|turn|17
|choice|move 4|switch 2
|
|switch|p2a: Primeape|Primeape, L90|111\/300
|move|p1a: Gastly|Mega Drain|p2a: Primeape
|-damage|p2a: Primeape|70\/300
|
|turn|18
|choice|move 2|move 3
|
|move|p2a: Primeape|Rock Slide|p1a: Gastly
|-crit|p1a: Gastly
|-damage|p1a: Gastly|75\/252
|move|p1a: Gastly|Psychic|p2a: Primeape
|-supereffective|p2a: Primeape
|-damage|p2a: Primeape|0 fnt
|faint|p2a: Primeape
|choice||switch 3
|
|switch|p2a: Jynx|Jynx, L79|123\/265 par
|turn|19
|choice|switch 6|move 4
|
|switch|p1a: Fearow|Fearow, L90|300\/300
|cant|p2a: Jynx|par
|
|turn|20
|choice|move 1|switch 2
|
|switch|p2a: Rhydon|Rhydon, L79|98\/328
|move|p1a: Fearow|Hyper Beam|p2a: Rhydon|[miss]
|-miss|p1a: Fearow
|
|turn|21
|choice|switch 3|move 3
|
|switch|p1a: Rapidash|Rapidash, L90|130\/300 slp
|move|p2a: Rhydon|Rock Slide|p1a: Rapidash
|-supereffective|p1a: Rapidash
|-damage|p1a: Rapidash|0 fnt
|faint|p1a: Rapidash
|choice|switch 6|
|
|switch|p1a: Gastly|Gastly, L96|75\/252
|turn|22
|choice|move 4|switch 2
|
|switch|p2a: Jynx|Jynx, L79|123\/265 par
|move|p1a: Gastly|Mega Drain|p2a: Jynx
|-damage|p2a: Jynx|88\/265 par
|-heal|p1a: Gastly|92\/252|[from] drain|[of] p2a: Jynx
|
|turn|23
|choice|move 3|move 4
|
|move|p1a: Gastly|Thunderbolt|p2a: Jynx
|-damage|p2a: Jynx|0 fnt
|faint|p2a: Jynx
|choice||switch 4
|
|switch|p2a: Poliwhirl|Poliwhirl, L85|284\/284
|turn|24
|choice|move 4|move 3
|
|move|p1a: Gastly|Mega Drain|p2a: Poliwhirl
|-supereffective|p2a: Poliwhirl
|-damage|p2a: Poliwhirl|175\/284
|-heal|p1a: Gastly|146\/252|[from] drain|[of] p2a: Poliwhirl
|move|p2a: Poliwhirl|Psychic|p1a: Gastly
|-crit|p1a: Gastly
|-supereffective|p1a: Gastly
|-damage|p1a: Gastly|2\/252
|
|turn|25
|choice|move 3|move 3
|
|move|p1a: Gastly|Thunderbolt|p2a: Poliwhirl
|-supereffective|p2a: Poliwhirl
|-damage|p2a: Poliwhirl|0 fnt
|faint|p2a: Poliwhirl
|choice||switch 2
|
|switch|p2a: Rhydon|Rhydon, L79|98\/328
|turn|26
|choice|move 4|move 2
|
|move|p1a: Gastly|Mega Drain|p2a: Rhydon
|-crit|p2a: Rhydon
|-supereffective|p2a: Rhydon
|-damage|p2a: Rhydon|0 fnt
|-heal|p1a: Gastly|51\/252|[from] drain|[of] p2a: Rhydon
|faint|p2a: Rhydon
|choice||switch 5
|
|switch|p2a: Scyther|Scyther, L90|309\/309
|turn|27
|choice|move 3|move 4
|
|move|p2a: Scyther|Slash|p1a: Gastly
|-immune|p1a: Gastly|[msg]
|move|p1a: Gastly|Thunderbolt|p2a: Scyther
|-supereffective|p2a: Scyther
|-damage|p2a: Scyther|94\/309
|-status|p2a: Scyther|par
|
|turn|28
|c|★Vultur|i'm done
|c|★Vultur|can't believe it
|c|★Vultur|gg
|c|★ThePablo|gg
|choice|move 3|move 4
|
|move|p1a: Gastly|Thunderbolt|p2a: Scyther
|-supereffective|p2a: Scyther
|-damage|p2a: Scyther|0 fnt
|faint|p2a: Scyther
|
|win|ThePablo
|c|★ThePablo|1%
|raw|ThePablo's rating: 1120 &rarr; <strong>1148<\/strong><br \/>(+28 for winning)
|raw|Vultur's rating: 1156 &rarr; <strong>1128<\/strong><br \/>(-28 for losing)
|c|★ThePablo|I got so lucky lol