|join|Buts X
|join|Randbats is Gay
|c|★Buts X|oh god no
|c|★Randbats is Gay|lol
|player|p1|Buts X|43
|player|p2|Randbats is Gay|102
|gametype|singles
|gen|1
|tier|[Gen 1] Random Battle
|rated
|rule|Sleep Clause Mod: Limit one foe put to sleep
|rule|Freeze Clause Mod: Limit one foe frozen
|rule|HP Percentage Mod: HP is shown in percentages
|
|start
|switch|p1a: Wartortle|Wartortle, L85|274\/274
|switch|p2a: Victreebel|Victreebel, L85|310\/310
|turn|1
|c|★Randbats is Gay|i should be saying oh god no
|c|★Randbats is Gay|im about to get CRAZY haxed
|
|switch|p1a: Wigglytuff|Wigglytuff, L85|412\/412
|move|p2a: Victreebel|Sleep Powder|p1a: Wigglytuff
|-status|p1a: Wigglytuff|slp
|
|turn|2
|c|★Buts X|i made it up to 1400... gonna hurt when i lose
|
|switch|p1a: Venusaur|Venusaur, L85|310\/310
|move|p2a: Victreebel|Stun Spore|p1a: Venusaur
|-status|p1a: Venusaur|par
|
|turn|3
|c|★Buts X|my spine ow
|
|move|p2a: Victreebel|Body Slam|p1a: Venusaur
|-damage|p1a: Venusaur|243\/310 par
|cant|p1a: Venusaur|par
|
|turn|4
|
|move|p2a: Victreebel|Body Slam|p1a: Venusaur
|-crit|p1a: Venusaur
|-damage|p1a: Venusaur|123\/310 par
|move|p1a: Venusaur|Body Slam|p2a: Victreebel
|-damage|p2a: Victreebel|241\/310
|
|turn|5
|
|move|p2a: Victreebel|Body Slam|p1a: Venusaur
|-damage|p1a: Venusaur|57\/310 par
|move|p1a: Venusaur|Body Slam|p2a: Victreebel
|-damage|p2a: Victreebel|170\/310
|
|turn|6
|c|★Randbats is Gay|wow im actually getting luckier than you so far
|c|★Randbats is Gay|this is unprecedented
|
|move|p2a: Victreebel|Body Slam|p1a: Venusaur
|-damage|p1a: Venusaur|0 fnt
|faint|p1a: Venusaur
|c|★Buts X|this makes me sad :(
|c|★Buts X|that i have no pokemon type advantage
|c|★Randbats is Gay|gooood goood
|c|★Buts X|since when is victreebel the sweeper
|
|switch|p1a: Wartortle|Wartortle, L85|274\/274
|turn|7
|c|★Randbats is Gay|i mean its not about to sweep
|c|★Buts X|its also faster than most of mine
|c|★Randbats is Gay|well thats bad luck
|
|move|p2a: Victreebel|Razor Leaf|p1a: Wartortle
|-crit|p1a: Wartortle
|-supereffective|p1a: Wartortle
|-damage|p1a: Wartortle|1\/274
|move|p1a: Wartortle|Blizzard|p2a: Victreebel
|-supereffective|p2a: Victreebel
|-damage|p2a: Victreebel|49\/310
|
|turn|8
|c|★Randbats is Gay|wwwoooooowwwww
|c|★Buts X|didnt matter...
|c|★Randbats is Gay|....
|
|move|p2a: Victreebel|Body Slam|p1a: Wartortle
|-damage|p1a: Wartortle|0 fnt
|faint|p1a: Wartortle
|c|★Randbats is Gay|how did it not matter
|c|★Buts X|1\/274 hp
|c|★Randbats is Gay|you hit me with a bliz
|c|★Buts X|i didnt get the kill :(
|c|★Randbats is Gay|yeah but now anything kills me
|
|switch|p1a: Kingler|Kingler, L85|267\/267
|turn|9
|c|★Buts X|red lobster, anyone?
|
|switch|p2a: Gengar|Gengar, L79|257\/257
|move|p1a: Kingler|Blizzard|p2a: Gengar
|-crit|p2a: Gengar
|-damage|p2a: Gengar|159\/257
|
|turn|10
|c|★Buts X|frozen ghost, here we come
|c|★Randbats is Gay|lel probably
|
|move|p2a: Gengar|Mega Drain|p1a: Kingler
|-supereffective|p1a: Kingler
|-damage|p1a: Kingler|188\/267
|-heal|p2a: Gengar|198\/257|[from] drain|[of] p1a: Kingler
|move|p1a: Kingler|Blizzard|p2a: Gengar
|-damage|p2a: Gengar|151\/257
|
|turn|11
|c|★Randbats is Gay|woah that did very little
|c|★Buts X|yeah. my 6 are not very effective
|c|★Randbats is Gay|kingler has such shitty spc though
|
|move|p2a: Gengar|Mega Drain|p1a: Kingler
|-supereffective|p1a: Kingler
|-damage|p1a: Kingler|103\/267
|-heal|p2a: Gengar|193\/257|[from] drain|[of] p1a: Kingler
|move|p1a: Kingler|Blizzard|p2a: Gengar
|-damage|p2a: Gengar|141\/257
|
|turn|12
|c|★Buts X|at this point i just need a freeze
|c|★Randbats is Gay|that prob wont help
|
|move|p2a: Gengar|Mega Drain|p1a: Kingler
|-supereffective|p1a: Kingler
|-damage|p1a: Kingler|22\/267
|-heal|p2a: Gengar|181\/257|[from] drain|[of] p1a: Kingler
|move|p1a: Kingler|Blizzard|p2a: Gengar
|-damage|p2a: Gengar|134\/257
|
|turn|13
|c|★Randbats is Gay|im up a lot
|c|★Buts X|yeah
|
|move|p2a: Gengar|Mega Drain|p1a: Kingler
|-supereffective|p1a: Kingler
|-damage|p1a: Kingler|0 fnt
|-heal|p2a: Gengar|145\/257|[from] drain|[of] p1a: Kingler
|faint|p1a: Kingler
|
|switch|p1a: Chansey|Chansey, L79|557\/557
|turn|14
|c|★Randbats is Gay|fuuuuck
|c|★Randbats is Gay|this puts a damp on my 6-0 plans
|c|★Buts X|maybe
|
|switch|p2a: Cubone|Cubone, L96|291\/291
|move|p1a: Chansey|Reflect|p1a: Chansey
|-start|p1a: Chansey|Reflect
|
|turn|15
|c|★Randbats is Gay|gay
|
|move|p2a: Cubone|Blizzard|p1a: Chansey
|-damage|p1a: Chansey|498\/557
|move|p1a: Chansey|Ice Beam|p2a: Cubone
|-supereffective|p2a: Cubone
|-damage|p2a: Cubone|122\/291
|
|turn|16
|c|★Randbats is Gay|ill take one frz pls
|c|★Buts X|behold, my 1 attack
|c|★Randbats is Gay|ewww you have ice beam
|
|move|p2a: Cubone|Blizzard|p1a: Chansey
|-damage|p1a: Chansey|437\/557
|move|p1a: Chansey|Ice Beam|p2a: Cubone
|-crit|p2a: Cubone
|-supereffective|p2a: Cubone
|-damage|p2a: Cubone|0 fnt
|faint|p2a: Cubone
|c|★Buts X|hope you have all beedrills and butterfrees
|
|switch|p2a: Kingler|Kingler, L85|267\/267
|turn|17
|
|move|p2a: Kingler|Swords Dance|p2a: Kingler
|-boost|p2a: Kingler|atk|2
|move|p1a: Chansey|Ice Beam|p2a: Kingler
|-resisted|p2a: Kingler
|-damage|p2a: Kingler|228\/267
|
|turn|18
|
|move|p2a: Kingler|Body Slam|p1a: Chansey
|-damage|p1a: Chansey|225\/557
|move|p1a: Chansey|Ice Beam|p2a: Kingler
|-resisted|p2a: Kingler
|-damage|p2a: Kingler|184\/267
|
|turn|19
|
|move|p2a: Kingler|Hyper Beam|p1a: Chansey
|-damage|p1a: Chansey|0 fnt
|faint|p1a: Chansey
|
|switch|p1a: Haunter|Haunter, L85|250\/250
|turn|20
|c|★Buts X|sad day for chansey
|c|★Buts X|at least i killed one.
|join|RoyMustangInferno
|c|★Randbats is Gay|haunter is solid, youll get more than one
|
|move|p1a: Haunter|Mega Drain|p2a: Kingler
|-supereffective|p2a: Kingler
|-damage|p2a: Kingler|94\/267
|move|p2a: Kingler|Crabhammer|p1a: Haunter
|-crit|p1a: Haunter
|-damage|p1a: Haunter|146\/250
|
|turn|21
|c|★Buts X|my only attack is megadrain...
|
|switch|p2a: Dragonite|Dragonite, L85|328\/328
|move|p1a: Haunter|Mega Drain|p2a: Dragonite
|-resisted|p2a: Dragonite
|-damage|p2a: Dragonite|322\/328
|-heal|p1a: Haunter|149\/250|[from] drain|[of] p2a: Dragonite
|
|turn|22
|c|★Randbats is Gay|lol idk if i buy that
|c|★Buts X|its okay. wigglytuff has you right where he wants you.
|c| RoyMustangInferno|that deadly mega drain
|
|move|p1a: Haunter|Confuse Ray|p2a: Dragonite
|-start|p2a: Dragonite|confusion
|-activate|p2a: Dragonite|confusion
|-damage|p2a: Dragonite|284\/328|[from] confusion
|
|turn|23
|
|move|p1a: Haunter|Mega Drain|p2a: Dragonite
|-resisted|p2a: Dragonite
|-damage|p2a: Dragonite|276\/328
|-heal|p1a: Haunter|153\/250|[from] drain|[of] p2a: Dragonite
|-activate|p2a: Dragonite|confusion
|-damage|p2a: Dragonite|238\/328|[from] confusion
|
|turn|24
|
|move|p1a: Haunter|Hypnosis|p2a: Dragonite
|-status|p2a: Dragonite|slp
|cant|p2a: Dragonite|slp
|-curestatus|p2a: Dragonite|slp
|
|turn|25
|
|switch|p2a: Kingler|Kingler, L85|94\/267
|move|p1a: Haunter|Hypnosis|p2a: Kingler
|-status|p2a: Kingler|slp
|
|turn|26
|
|switch|p2a: Victreebel|Victreebel, L85|49\/310
|move|p1a: Haunter|Confuse Ray|p2a: Victreebel
|-start|p2a: Victreebel|confusion
|
|turn|27
|c| RoyMustangInferno|lol
|c|★Buts X|cmon crit mega drain for 4%
|c| RoyMustangInferno|haunter doesn't have psychic?
|c| RoyMustangInferno|lame
|c|★Buts X|nope.
|
|switch|p2a: Dragonite|Dragonite, L85|238\/328
|move|p1a: Haunter|Mega Drain|p2a: Dragonite
|-resisted|p2a: Dragonite
|-damage|p2a: Dragonite|231\/328
|-heal|p1a: Haunter|156\/250|[from] drain|[of] p2a: Dragonite
|
|turn|28
|c|★Buts X|it has explosion, but im against a wall here.
|c|★Randbats is Gay|last is explosion?
|c|★Randbats is Gay|yeah
|c|★Buts X|just need to have dragonite commit suicide
|
|move|p1a: Haunter|Confuse Ray|p2a: Dragonite
|-start|p2a: Dragonite|confusion
|-activate|p2a: Dragonite|confusion
|-damage|p2a: Dragonite|193\/328|[from] confusion
|
|turn|29
|c|★Randbats is Gay|he's well on his fucking way
|c|★Buts X|3 for 3!
|
|move|p1a: Haunter|Mega Drain|p2a: Dragonite
|-resisted|p2a: Dragonite
|-damage|p2a: Dragonite|187\/328
|-heal|p1a: Haunter|159\/250|[from] drain|[of] p2a: Dragonite
|-activate|p2a: Dragonite|confusion
|move|p2a: Dragonite|Thunder Wave|p1a: Haunter
|-status|p1a: Haunter|par
|
|turn|30
|c|★Randbats is Gay|at least mdrain isnt doing anything
|c|★Randbats is Gay|there we go thats gg
|
|switch|p2a: Victreebel|Victreebel, L85|49\/310
|cant|p1a: Haunter|par
|
|turn|31
|c|★Buts X|it was gg as soon as victreebel beasted up
|c|★Buts X|i WILL kill one more.
|
|move|p2a: Victreebel|Razor Leaf|p1a: Haunter
|-crit|p1a: Haunter
|-resisted|p1a: Haunter
|-damage|p1a: Haunter|108\/250 par
|move|p1a: Haunter|Explosion|p2a: Victreebel
|-crit|p2a: Victreebel
|-damage|p2a: Victreebel|0 fnt
|faint|p2a: Victreebel
|faint|p1a: Haunter
|c|★Randbats is Gay|lol
|c|★Buts X|what was your 6th
|c|★Randbats is Gay|showing
|
|switch|p2a: Wartortle|Wartortle, L85|274\/274
|switch|p1a: Wigglytuff|Wigglytuff, L85|412\/412 slp
|turn|32
|c| RoyMustangInferno|it should've been a magikarp
|
|move|p2a: Wartortle|Hydro Pump|p1a: Wigglytuff
|-crit|p1a: Wigglytuff
|-damage|p1a: Wigglytuff|137\/412 slp
|cant|p1a: Wigglytuff|slp
|
|turn|33
|c| RoyMustangInferno|to balance out the badassery of the other 5
|
|switch|p2a: Gengar|Gengar, L79|145\/257
|cant|p1a: Wigglytuff|slp
|
|turn|34
|c|★Buts X|oh shit
|c|★Randbats is Gay|my other 5 arent badass...theyre def not bad
|c|★Buts X|wigglytuff nooooo
|c|★Randbats is Gay|but its not like its tauros mewtwo chansey
|
|move|p2a: Gengar|Explosion|p1a: Wigglytuff
|-damage|p1a: Wigglytuff|0 fnt
|faint|p1a: Wigglytuff
|faint|p2a: Gengar
|
|win|Randbats is Gay
|raw|Ladder updating...
|raw|Buts X's rating: 1402 &rarr; <strong>1380<\/strong><br \/>(-22 for losing)
|raw|Randbats is Gay's rating: 1368 &rarr; <strong>1390<\/strong><br \/>(+22 for winning)
|c|★Buts X|ow ow ow
|c|★Buts X|good match - i deserved that loss
|c|★Randbats is Gay|gg
|leave|Randbats is Gay
|leave|Buts X
|player|p2
|player|p1
|join|Randbats is Gay
|leave|RoyMustangInferno