|join|jjda11
|join|andrewandres
|player|p1|jjda11|170
|player|p2|andrewandres|101
|gametype|singles
|gen|1
|tier|[Gen 1] Random Battle
|rated
|rule|Sleep Clause Mod: Limit one foe put to sleep
|rule|Freeze Clause Mod: Limit one foe frozen
|rule|HP Percentage Mod: HP is shown in percentages
|
|start
|switch|p1a: Magmar|Magmar, L90|300\/300
|switch|p2a: Ponyta|Ponyta, L96|291\/291
|turn|1
|
|switch|p1a: Golem|Golem, L79|288\/288
|move|p2a: Ponyta|Body Slam|p1a: Golem
|-resisted|p1a: Golem
|-damage|p1a: Golem|260\/288
|-status|p1a: Golem|par
|
|turn|2
|
|switch|p2a: Gyarados|Gyarados, L85|335\/335
|move|p1a: Golem|Earthquake|p2a: Gyarados
|-immune|p2a: Gyarados|[msg]
|
|turn|3
|
|switch|p1a: Gengar|Gengar, L79|257\/257
|move|p2a: Gyarados|Surf|p1a: Gengar
|-damage|p1a: Gengar|174\/257
|
|turn|4
|
|switch|p2a: Porygon|Porygon, L85|284\/284
|move|p1a: Gengar|Thunderbolt|p2a: Porygon
|-damage|p2a: Porygon|210\/284
|
|turn|5
|
|switch|p1a: Magmar|Magmar, L90|300\/300
|move|p2a: Porygon|Thunder Wave|p1a: Magmar
|-status|p1a: Magmar|par
|
|turn|6
|
|move|p2a: Porygon|Ice Beam|p1a: Magmar
|-damage|p1a: Magmar|246\/300 par
|cant|p1a: Magmar|par
|
|turn|7
|
|move|p2a: Porygon|Ice Beam|p1a: Magmar
|-damage|p1a: Magmar|188\/300 par
|move|p1a: Magmar|Fire Blast|p2a: Porygon|[miss]
|-miss|p1a: Magmar
|
|turn|8
|
|move|p2a: Porygon|Ice Beam|p1a: Magmar
|-damage|p1a: Magmar|130\/300 par
|cant|p1a: Magmar|par
|
|turn|9
|
|move|p2a: Porygon|Ice Beam|p1a: Magmar
|-damage|p1a: Magmar|78\/300 par
|cant|p1a: Magmar|par
|
|turn|10
|c|★jjda11|incredible
|
|move|p2a: Porygon|Ice Beam|p1a: Magmar
|-damage|p1a: Magmar|18\/300 par
|move|p1a: Magmar|Fire Blast|p2a: Porygon
|-crit|p2a: Porygon
|-damage|p2a: Porygon|0 fnt
|faint|p2a: Porygon
|c|★andrewandres|this
|c|★andrewandres|is incredible
|
|switch|p2a: Mankey|Mankey, L96|272\/272
|turn|11
|c|★jjda11|7 failed turns for me
|c|★jjda11|you are the luckiest
|
|move|p2a: Mankey|Rock Slide|p1a: Magmar
|-supereffective|p1a: Magmar
|-damage|p1a: Magmar|0 fnt
|faint|p1a: Magmar
|
|switch|p1a: Gengar|Gengar, L79|174\/257
|turn|12
|
|move|p1a: Gengar|Psychic|p2a: Mankey
|-crit|p2a: Mankey
|-supereffective|p2a: Mankey
|-damage|p2a: Mankey|0 fnt
|faint|p2a: Mankey
|c|★andrewandres|this
|c|★andrewandres|no luck
|c|★andrewandres|no?
|c|★andrewandres|the critic
|
|switch|p2a: Magmar|Magmar, L90|300\/300
|turn|13
|c|★jjda11|okey
|c|★jjda11|one turn with good luck
|c|★jjda11|but you 7
|c|★andrewandres|mny god..
|c|★andrewandres|the timer
|c|★andrewandres|zzzZZz
|
|switch|p1a: Golem|Golem, L79|260\/288 par
|move|p2a: Magmar|Fire Blast|p1a: Golem
|-resisted|p1a: Golem
|-damage|p1a: Golem|163\/288 par
|
|turn|14
|
|move|p2a: Magmar|Fire Blast|p1a: Golem
|-resisted|p1a: Golem
|-damage|p1a: Golem|69\/288 par
|cant|p1a: Golem|par
|
|turn|15
|c|★jjda11|look
|
|move|p2a: Magmar|Fire Blast|p1a: Golem
|-resisted|p1a: Golem
|-damage|p1a: Golem|0 fnt
|faint|p1a: Golem
|
|switch|p1a: Gengar|Gengar, L79|174\/257
|turn|16
|
|move|p2a: Magmar|Fire Blast|p1a: Gengar
|-damage|p1a: Gengar|63\/257
|move|p1a: Gengar|Hypnosis|p2a: Magmar|[miss]
|-miss|p1a: Gengar
|
|turn|17
|
|move|p2a: Magmar|Fire Blast|p1a: Gengar
|-damage|p1a: Gengar|0 fnt
|faint|p1a: Gengar
|
|switch|p1a: Staryu|Staryu, L90|237\/237
|turn|18
|
|switch|p2a: Parasect|Parasect, L90|291\/291
|move|p1a: Staryu|Thunder Wave|p2a: Parasect
|-status|p2a: Parasect|par
|
|turn|19
|
|move|p1a: Staryu|Blizzard|p2a: Parasect
|-supereffective|p2a: Parasect
|-damage|p2a: Parasect|142\/291 par
|move|p2a: Parasect|Body Slam|p1a: Staryu
|-damage|p1a: Staryu|155\/237
|
|turn|20
|
|move|p1a: Staryu|Blizzard|p2a: Parasect
|-crit|p2a: Parasect
|-supereffective|p2a: Parasect
|-damage|p2a: Parasect|0 fnt
|faint|p2a: Parasect
|
|switch|p2a: Ponyta|Ponyta, L96|291\/291
|turn|21
|
|move|p2a: Ponyta|Body Slam|p1a: Staryu
|-damage|p1a: Staryu|73\/237
|-status|p1a: Staryu|par
|cant|p1a: Staryu|par
|
|turn|22
|
|move|p2a: Ponyta|Body Slam|p1a: Staryu
|-damage|p1a: Staryu|0 fnt
|faint|p1a: Staryu
|c|★jjda11|my godness
|
|switch|p1a: Chansey|Chansey, L79|557\/557
|turn|23
|
|move|p2a: Ponyta|Body Slam|p1a: Chansey
|-damage|p1a: Chansey|373\/557
|move|p1a: Chansey|Reflect|p1a: Chansey
|-start|p1a: Chansey|Reflect
|
|turn|24
|
|move|p2a: Ponyta|Substitute|p2a: Ponyta
|-start|p2a: Ponyta|Substitute
|-damage|p2a: Ponyta|219\/291
|move|p1a: Chansey|Soft-Boiled|p1a: Chansey
|-heal|p1a: Chansey|557\/557
|
|turn|25
|
|move|p2a: Ponyta|Body Slam|p1a: Chansey
|-damage|p1a: Chansey|467\/557
|move|p1a: Chansey|Ice Beam|p2a: Ponyta
|-activate|p2a: Ponyta|Substitute|[damage]
|
|turn|26
|
|move|p2a: Ponyta|Body Slam|p1a: Chansey
|-damage|p1a: Chansey|376\/557
|move|p1a: Chansey|Ice Beam|p2a: Ponyta
|-end|p2a: Ponyta|Substitute
|
|turn|27
|
|move|p2a: Ponyta|Substitute|p2a: Ponyta
|-start|p2a: Ponyta|Substitute
|-damage|p2a: Ponyta|147\/291
|move|p1a: Chansey|Thunderbolt|p2a: Ponyta
|-activate|p2a: Ponyta|Substitute|[damage]
|
|turn|28
|
|move|p2a: Ponyta|Body Slam|p1a: Chansey
|-damage|p1a: Chansey|282\/557
|move|p1a: Chansey|Soft-Boiled|p1a: Chansey
|-heal|p1a: Chansey|557\/557
|
|turn|29
|
|move|p2a: Ponyta|Body Slam|p1a: Chansey
|-crit|p1a: Chansey
|-damage|p1a: Chansey|183\/557
|move|p1a: Chansey|Thunderbolt|p2a: Ponyta
|-end|p2a: Ponyta|Substitute
|
|turn|30
|
|move|p2a: Ponyta|Body Slam|p1a: Chansey
|-damage|p1a: Chansey|96\/557
|move|p1a: Chansey|Soft-Boiled|p1a: Chansey
|-heal|p1a: Chansey|374\/557
|
|turn|31
|
|move|p2a: Ponyta|Substitute|p2a: Ponyta
|-start|p2a: Ponyta|Substitute
|-damage|p2a: Ponyta|75\/291
|move|p1a: Chansey|Soft-Boiled|p1a: Chansey
|-heal|p1a: Chansey|557\/557
|
|turn|32
|
|move|p2a: Ponyta|Body Slam|p1a: Chansey
|-damage|p1a: Chansey|458\/557
|move|p1a: Chansey|Thunderbolt|p2a: Ponyta
|-activate|p2a: Ponyta|Substitute|[damage]
|
|turn|33
|
|move|p2a: Ponyta|Body Slam|p1a: Chansey
|-damage|p1a: Chansey|368\/557
|move|p1a: Chansey|Thunderbolt|p2a: Ponyta
|-end|p2a: Ponyta|Substitute
|
|turn|34
|
|move|p2a: Ponyta|Body Slam|p1a: Chansey
|-crit|p1a: Chansey
|-damage|p1a: Chansey|0 fnt
|faint|p1a: Chansey
|c|★andrewandres|for lammer
|c|★jjda11|hahaha
|
|switch|p1a: Exeggcute|Exeggcute, L96|310\/310
|turn|35
|
|move|p2a: Ponyta|Fire Blast|p1a: Exeggcute
|-supereffective|p1a: Exeggcute
|-damage|p1a: Exeggcute|20\/310
|-status|p1a: Exeggcute|brn
|move|p1a: Exeggcute|Psychic|p2a: Ponyta
|-damage|p2a: Ponyta|0 fnt
|faint|p2a: Ponyta
|c|★andrewandres|jajajajaj
|c|★andrewandres|ajajajajajajjjaja
|c|★andrewandres|jajjjjjjjjja
|c|★andrewandres|ajajajajajjajaja
|
|switch|p2a: Gyarados|Gyarados, L85|335\/335
|turn|36
|c|★andrewandres|you will be
|c|★andrewandres|deat
|c|★andrewandres|BURNED
|c|★andrewandres|oh si
|c|★andrewandres|ohhh
|c|★andrewandres|almmer
|c|★andrewandres|timestaller
|c|★andrewandres|that sad
|c|★jjda11|at least, I´m not virgin like youu
|c|★andrewandres|1248
|c|★andrewandres|that sad XDXD
|c|★andrewandres|timestaller
|c|★andrewandres|is sme a ban
|c|★andrewandres|[report]
|c|★andrewandres|you will have notice
|c|★andrewandres|jiji ^^
|c|★andrewandres|thanks for the points
|c|★andrewandres|:D
|c|★andrewandres|to easy
|c|★andrewandres|but thanks
|c|★jjda11|pero sabes español
|c|★andrewandres|eres espñaolito ?
|c|★andrewandres|eres muuu malo
|c|★andrewandres|jajajajaja
|c|★andrewandres|pero malo malo
|c|★andrewandres|jajajajaja
|c|★jjda11|de paraguay
|c|★andrewandres|intentando lammear
|c|★andrewandres|anda
|c|★andrewandres|encima sudaca
|c|★andrewandres|XDXD
|-message|jjda11 lost due to inactivity.
|
|win|andrewandres
|c|★andrewandres|lo tienes todo
|c|★andrewandres|malo
|c|★andrewandres|y sudaca
|leave|jjda11
|player|p1
|c|★andrewandres|gracias x los puntos
|raw|jjda11's rating: 1248 &rarr; <strong>1234<\/strong><br \/>(-14 for losing)
|raw|andrewandres's rating: 1417 &rarr; <strong>1428<\/strong><br \/>(+11 for winning)