|join|slizzurp
|join|ShinyHuntersFB
|player|p1|slizzurp|102
|player|p2|ShinyHuntersFB|99
|gametype|singles
|gen|1
|tier|[Gen 1] Random Battle
|rated
|rule|Sleep Clause Mod: Limit one foe put to sleep
|rule|Freeze Clause Mod: Limit one foe frozen
|rule|HP Percentage Mod: HP is shown in percentages
|
|start
|switch|p1a: Vileplume|Vileplume, L90|318\/318
|switch|p2a: Abra|Abra, L96|243\/243
|turn|1
|
|move|p2a: Abra|Thunder Wave|p1a: Vileplume
|-status|p1a: Vileplume|par
|move|p1a: Vileplume|Sleep Powder|p2a: Abra
|-status|p2a: Abra|slp
|
|turn|2
|
|-curestatus|p2a: Abra|slp
|move|p1a: Vileplume|Swords Dance|p1a: Vileplume
|-boost|p1a: Vileplume|atk|2
|
|turn|3
|
|move|p2a: Abra|Psychic|p1a: Vileplume
|-crit|p1a: Vileplume
|-supereffective|p1a: Vileplume
|-damage|p1a: Vileplume|0 fnt
|faint|p1a: Vileplume
|
|switch|p1a: Snorlax|Snorlax, L79|415\/415
|turn|4
|
|move|p2a: Abra|Thunder Wave|p1a: Snorlax
|-status|p1a: Snorlax|par
|move|p1a: Snorlax|Amnesia|p1a: Snorlax
|-boost|p1a: Snorlax|spd|2
|-boost|p1a: Snorlax|spa|2
|
|turn|5
|
|switch|p2a: Machamp|Machamp, L90|345\/345
|move|p1a: Snorlax|Amnesia|p1a: Snorlax
|-boost|p1a: Snorlax|spd|2
|-boost|p1a: Snorlax|spa|2
|
|turn|6
|
|move|p2a: Machamp|Submission|p1a: Snorlax|[miss]
|-miss|p2a: Machamp
|move|p1a: Snorlax|Blizzard|p2a: Machamp
|-damage|p2a: Machamp|145\/345
|-status|p2a: Machamp|frz
|
|turn|7
|
|cant|p2a: Machamp|frz
|move|p1a: Snorlax|Amnesia|p1a: Snorlax
|-boost|p1a: Snorlax|spd|2
|-boost|p1a: Snorlax|spa|2
|
|turn|8
|
|cant|p2a: Machamp|frz
|cant|p1a: Snorlax|par
|
|turn|9
|
|cant|p2a: Machamp|frz
|cant|p1a: Snorlax|par
|
|turn|10
|
|cant|p2a: Machamp|frz
|move|p1a: Snorlax|Rest|p1a: Snorlax
|-fail|p1a: Snorlax
|
|turn|11
|
|cant|p2a: Machamp|frz
|cant|p1a: Snorlax|par
|
|turn|12
|
|cant|p2a: Machamp|frz
|move|p1a: Snorlax|Rest|p1a: Snorlax
|-fail|p1a: Snorlax
|
|turn|13
|
|cant|p2a: Machamp|frz
|cant|p1a: Snorlax|par
|
|turn|14
|
|cant|p2a: Machamp|frz
|move|p1a: Snorlax|Surf|p2a: Machamp
|-damage|p2a: Machamp|0 fnt
|faint|p2a: Machamp
|
|switch|p2a: Haunter|Haunter, L85|250\/250
|turn|15
|
|move|p2a: Haunter|Confuse Ray|p1a: Snorlax
|-start|p1a: Snorlax|confusion
|-activate|p1a: Snorlax|confusion
|move|p1a: Snorlax|Blizzard|p2a: Haunter
|-damage|p2a: Haunter|60\/250
|
|turn|16
|
|move|p2a: Haunter|Psychic|p1a: Snorlax
|-crit|p1a: Snorlax
|-damage|p1a: Snorlax|232\/415 par
|-unboost|p1a: Snorlax|spd|1
|-unboost|p1a: Snorlax|spa|1
|cant|p1a: Snorlax|par
|
|turn|17
|
|move|p2a: Haunter|Psychic|p1a: Snorlax
|-damage|p1a: Snorlax|206\/415 par
|-activate|p1a: Snorlax|confusion
|move|p1a: Snorlax|Rest|p1a: Snorlax
|-status|p1a: Snorlax|slp
|-heal|p1a: Snorlax|415\/415 slp|[silent]
|-status|p1a: Snorlax|slp|[from] move: Rest
|
|turn|18
|
|move|p2a: Haunter|Psychic|p1a: Snorlax
|-damage|p1a: Snorlax|388\/415 slp
|cant|p1a: Snorlax|slp
|
|turn|19
|
|switch|p2a: Abra|Abra, L96|243\/243
|-curestatus|p1a: Snorlax|slp
|
|turn|20
|
|move|p2a: Abra|Seismic Toss|p1a: Snorlax
|-damage|p1a: Snorlax|292\/415
|-activate|p1a: Snorlax|confusion
|-damage|p1a: Snorlax|254\/415|[from] confusion
|
|turn|21
|
|move|p2a: Abra|Psychic|p1a: Snorlax
|-crit|p1a: Snorlax
|-damage|p1a: Snorlax|0 fnt
|faint|p1a: Snorlax
|
|switch|p1a: Slowpoke|Slowpoke, L96|368\/368
|turn|22
|
|move|p2a: Abra|Thunder Wave|p1a: Slowpoke
|-status|p1a: Slowpoke|par
|move|p1a: Slowpoke|Amnesia|p1a: Slowpoke
|-boost|p1a: Slowpoke|spd|2
|-boost|p1a: Slowpoke|spa|2
|
|turn|23
|
|move|p2a: Abra|Reflect|p2a: Abra
|-start|p2a: Abra|Reflect
|move|p1a: Slowpoke|Thunder Wave|p2a: Abra
|-status|p2a: Abra|par
|
|turn|24
|
|move|p2a: Abra|Seismic Toss|p1a: Slowpoke
|-damage|p1a: Slowpoke|272\/368 par
|cant|p1a: Slowpoke|par
|
|turn|25
|
|switch|p2a: Magneton|Magneton, L90|273\/273
|move|p1a: Slowpoke|Amnesia|p1a: Slowpoke
|-boost|p1a: Slowpoke|spd|2
|-boost|p1a: Slowpoke|spa|2
|
|turn|26
|
|move|p2a: Magneton|Thunderbolt|p1a: Slowpoke
|-supereffective|p1a: Slowpoke
|-damage|p1a: Slowpoke|145\/368 par
|move|p1a: Slowpoke|Thunder Wave|p2a: Magneton
|-status|p2a: Magneton|par
|
|turn|27
|
|move|p2a: Magneton|Thunderbolt|p1a: Slowpoke
|-supereffective|p1a: Slowpoke
|-damage|p1a: Slowpoke|26\/368 par
|move|p1a: Slowpoke|Surf|p2a: Magneton
|-damage|p2a: Magneton|85\/273 par
|
|turn|28
|
|move|p2a: Magneton|Thunderbolt|p1a: Slowpoke
|-crit|p1a: Slowpoke
|-supereffective|p1a: Slowpoke
|-damage|p1a: Slowpoke|0 fnt
|faint|p1a: Slowpoke
|
|switch|p1a: Primeape|Primeape, L90|300\/300
|turn|29
|
|move|p1a: Primeape|Rock Slide|p2a: Magneton
|-damage|p2a: Magneton|26\/273 par
|move|p2a: Magneton|Thunder Wave|p1a: Primeape
|-status|p1a: Primeape|par
|
|turn|30
|
|move|p1a: Primeape|Rock Slide|p2a: Magneton|[miss]
|-miss|p1a: Primeape
|move|p2a: Magneton|Hyper Beam|p1a: Primeape
|-damage|p1a: Primeape|200\/300 par
|
|turn|31
|-mustrecharge|p2a: Magneton
|-mustrecharge|p2a: Magneton
|
|move|p1a: Primeape|Body Slam|p2a: Magneton
|-damage|p2a: Magneton|0 fnt
|faint|p2a: Magneton
|
|switch|p2a: Abra|Abra, L96|243\/243 par
|turn|32
|
|move|p2a: Abra|Psychic|p1a: Primeape
|-supereffective|p1a: Primeape
|-damage|p1a: Primeape|0 fnt
|faint|p1a: Primeape
|
|switch|p1a: Rattata|Rattata, L96|252\/252
|turn|33
|
|move|p1a: Rattata|Blizzard|p2a: Abra
|-damage|p2a: Abra|198\/243 par
|cant|p2a: Abra|par
|
|turn|34
|
|move|p1a: Rattata|Body Slam|p2a: Abra
|-damage|p2a: Abra|38\/243 par
|move|p2a: Abra|Thunder Wave|p1a: Rattata
|-status|p1a: Rattata|par
|
|turn|35
|
|move|p2a: Abra|Psychic|p1a: Rattata
|-damage|p1a: Rattata|42\/252 par
|move|p1a: Rattata|Blizzard|p2a: Abra
|-damage|p2a: Abra|0 fnt
|faint|p2a: Abra
|
|switch|p2a: Haunter|Haunter, L85|60\/250
|turn|36
|
|move|p2a: Haunter|Psychic|p1a: Rattata
|-damage|p1a: Rattata|0 fnt
|faint|p1a: Rattata
|
|switch|p1a: Golduck|Golduck, L85|310\/310
|turn|37
|
|move|p2a: Haunter|Confuse Ray|p1a: Golduck
|-start|p1a: Golduck|confusion
|-activate|p1a: Golduck|confusion
|move|p1a: Golduck|Ice Beam|p2a: Haunter
|-damage|p2a: Haunter|8\/250
|
|turn|38
|
|move|p2a: Haunter|Psychic|p1a: Golduck
|-damage|p1a: Golduck|239\/310
|-activate|p1a: Golduck|confusion
|-damage|p1a: Golduck|208\/310|[from] confusion
|
|turn|39
|
|move|p2a: Haunter|Mega Drain|p1a: Golduck
|-supereffective|p1a: Golduck
|-damage|p1a: Golduck|142\/310
|-heal|p2a: Haunter|41\/250|[from] drain|[of] p1a: Golduck
|-activate|p1a: Golduck|confusion
|move|p1a: Golduck|Ice Beam|p2a: Haunter
|-damage|p2a: Haunter|0 fnt
|faint|p2a: Haunter
|
|switch|p2a: Scyther|Scyther, L90|309\/309
|turn|40
|
|move|p2a: Scyther|Slash|p1a: Golduck
|-damage|p1a: Golduck|78\/310
|-end|p1a: Golduck|confusion
|move|p1a: Golduck|Blizzard|p2a: Scyther
|-supereffective|p2a: Scyther
|-damage|p2a: Scyther|124\/309
|
|turn|41
|
|move|p2a: Scyther|Hyper Beam|p1a: Golduck
|-damage|p1a: Golduck|0 fnt
|faint|p1a: Golduck
|
|win|ShinyHuntersFB
|raw|slizzurp's rating: 1144 &rarr; <strong>1109<\/strong><br \/>(-35 for losing)
|raw|ShinyHuntersFB's rating: 1000 &rarr; <strong>1056<\/strong><br \/>(+56 for winning)
|c|★ShinyHuntersFB|gg
|c|★slizzurp|gg