|join|kid gf lol
|join|Kel9901
|player|p1|kid gf lol|37
|player|p2|Kel9901|102
|gametype|singles
|gen|1
|tier|[Gen 1] OU (beta)
|rated
|rule|Sleep Clause Mod: Limit one foe put to sleep
|rule|Species Clause: Limit one of each Pokémon
|rule|OHKO Clause: OHKO moves are banned
|rule|Moody Clause: Moody is banned
|rule|Evasion Moves Clause: Evasion moves are banned
|rule|Endless Battle Clause: Forcing endless battles is banned
|rule|HP Percentage Mod: HP is reported as percentages
|
|start
|switch|p1a: Insert Into Rectum|Starmie|323\/323
|switch|p2a: Electrode|Electrode|323\/323
|turn|1
|
|switch|p2a: Jynx|Jynx|333\/333
|switch|p1a: Horn In Your Ass|Nidoqueen|383\/383
|
|turn|2
|
|switch|p1a: My Egg your Asshol|Chansey|703\/703
|move|p2a: Jynx|Lovely Kiss|p1a: My Egg your Asshol
|-status|p1a: My Egg your Asshol|slp
|
|turn|3
|
|switch|p2a: Electrode|Electrode|323\/323
|switch|p1a: Insert Into Rectum|Starmie|323\/323
|
|turn|4
|
|switch|p2a: Cloyster|Cloyster|303\/303
|move|p1a: Insert Into Rectum|Thunder Wave|p2a: Cloyster
|-status|p2a: Cloyster|par
|
|turn|5
|
|move|p1a: Insert Into Rectum|Thunderbolt|p2a: Cloyster
|-supereffective|p2a: Cloyster
|-damage|p2a: Cloyster|141\/303 par
|move|p2a: Cloyster|Explosion|p1a: Insert Into Rectum
|-damage|p1a: Insert Into Rectum|19\/323
|faint|p2a: Cloyster
|
|switch|p2a: Electrode|Electrode|323\/323
|turn|6
|
|switch|p2a: Jynx|Jynx|333\/333
|switch|p1a: Horn In Your Ass|Nidoqueen|383\/383
|
|turn|7
|
|switch|p1a: My Egg your Asshol|Chansey|703\/703 slp
|move|p2a: Jynx|Blizzard|p1a: My Egg your Asshol
|-damage|p1a: My Egg your Asshol|578\/703 slp
|
|turn|8
|
|switch|p2a: Charizard|Charizard|359\/359
|cant|p1a: My Egg your Asshol|slp
|
|turn|9
|
|switch|p1a: Beak In Your A-Hol|Zapdos|383\/383
|move|p2a: Charizard|Fire Blast|p1a: Beak In Your A-Hol
|-damage|p1a: Beak In Your A-Hol|271\/383
|
|turn|10
|
|switch|p2a: Electrode|Electrode|323\/323
|switch|p1a: Horn Anus Go|Cloyster|303\/303
|
|turn|11
|
|move|p2a: Electrode|Thunderbolt|p1a: Horn Anus Go
|-supereffective|p1a: Horn Anus Go
|-damage|p1a: Horn Anus Go|72\/303
|move|p1a: Horn Anus Go|Explosion|p2a: Electrode
|-damage|p2a: Electrode|15\/323
|faint|p1a: Horn Anus Go
|chat|Kel9901|bro u exploded on the explosive..
|
|switch|p1a: Beak In Your A-Hol|Zapdos|271\/383
|turn|12
|chat|kid gf lol|lol
|chat|Kel9901|you should know better
|
|switch|p2a: Chansey|Chansey|703\/703
|move|p1a: Beak In Your A-Hol|Thunderbolt|p2a: Chansey
|-damage|p2a: Chansey|571\/703
|-status|p2a: Chansey|par
|
|turn|13
|chat|kid gf lol|well..
|chat|kid gf lol|cloysters explosion kills him more often than not
|chat|kid gf lol|and there was a reasonable chance you would switch to jynx
|chat|Kel9901|true
|
|move|p1a: Beak In Your A-Hol|Drill Peck|p2a: Chansey
|-damage|p2a: Chansey|342\/703 par
|move|p2a: Chansey|Thunder Wave|p1a: Beak In Your A-Hol
|-status|p1a: Beak In Your A-Hol|par
|
|turn|14
|chat|Kel9901|electrode is a cool poke ball
|chat|Kel9901|it's the new kind 
|
|cant|p1a: Beak In Your A-Hol|par
|move|p2a: Chansey|Soft-Boiled|p2a: Chansey
|-heal|p2a: Chansey|693\/703 par
|
|turn|15
|
|move|p1a: Beak In Your A-Hol|Drill Peck|p2a: Chansey
|-damage|p2a: Chansey|435\/703 par
|cant|p2a: Chansey|par
|
|turn|16
|
|cant|p1a: Beak In Your A-Hol|par
|move|p2a: Chansey|Soft-Boiled|p2a: Chansey
|-heal|p2a: Chansey|703\/703 par
|
|turn|17
|
|cant|p1a: Beak In Your A-Hol|par
|move|p2a: Chansey|Ice Beam|p1a: Beak In Your A-Hol
|-supereffective|p1a: Beak In Your A-Hol
|-damage|p1a: Beak In Your A-Hol|140\/383 par
|
|turn|18
|
|move|p1a: Beak In Your A-Hol|Drill Peck|p2a: Chansey
|-damage|p2a: Chansey|463\/703 par
|cant|p2a: Chansey|par
|
|turn|19
|
|move|p1a: Beak In Your A-Hol|Drill Peck|p2a: Chansey
|-damage|p2a: Chansey|231\/703 par
|move|p2a: Chansey|Soft-Boiled|p2a: Chansey
|-heal|p2a: Chansey|582\/703 par
|
|turn|20
|
|cant|p1a: Beak In Your A-Hol|par
|cant|p2a: Chansey|par
|
|turn|21
|
|move|p1a: Beak In Your A-Hol|Drill Peck|p2a: Chansey
|-damage|p2a: Chansey|358\/703 par
|cant|p2a: Chansey|par
|
|turn|22
|
|move|p1a: Beak In Your A-Hol|Drill Peck|p2a: Chansey
|-damage|p2a: Chansey|103\/703 par
|move|p2a: Chansey|Soft-Boiled|p2a: Chansey
|-heal|p2a: Chansey|454\/703 par
|
|turn|23
|
|move|p1a: Beak In Your A-Hol|Drill Peck|p2a: Chansey
|-crit|p2a: Chansey
|-damage|p2a: Chansey|11\/703 par
|move|p2a: Chansey|Soft-Boiled|p2a: Chansey
|-heal|p2a: Chansey|362\/703 par
|
|turn|24
|
|move|p1a: Beak In Your A-Hol|Drill Peck|p2a: Chansey
|-damage|p2a: Chansey|135\/703 par
|move|p2a: Chansey|Soft-Boiled|p2a: Chansey
|-heal|p2a: Chansey|486\/703 par
|
|turn|25
|
|move|p1a: Beak In Your A-Hol|Drill Peck|p2a: Chansey
|-damage|p2a: Chansey|241\/703 par
|cant|p2a: Chansey|par
|
|turn|26
|
|move|p1a: Beak In Your A-Hol|Drill Peck|p2a: Chansey
|-damage|p2a: Chansey|9\/703 par
|cant|p2a: Chansey|par
|
|turn|27
|chat|Kel9901|your beak is not cool
|
|move|p1a: Beak In Your A-Hol|Drill Peck|p2a: Chansey
|-damage|p2a: Chansey|0 fnt
|faint|p2a: Chansey
|
|chat|kid gf lol|it's serated so it must hurt too
|
|switch|p2a: Tauros|Tauros|353\/353
|turn|28
|chat|kid gf lol|especially with how soft chansey looks
|
|move|p2a: Tauros|Hyper Beam|p1a: Beak In Your A-Hol
|-damage|p1a: Beak In Your A-Hol|0 fnt
|faint|p1a: Beak In Your A-Hol
|
|chat|kid gf lol|did you counter team me...i cant tell lol
|chat|kid gf lol|cause its a weird team
|chat|Kel9901|lol
|chat|Kel9901|i just deliberately used charizard and electrode
|
|switch|p1a: Insert Into Rectum|Starmie|19\/323
|turn|29
|
|move|p1a: Insert Into Rectum|Thunder Wave|p2a: Tauros
|-status|p2a: Tauros|par
|move|p2a: Tauros|Hyper Beam|p1a: Insert Into Rectum
|-damage|p1a: Insert Into Rectum|0 fnt
|faint|p1a: Insert Into Rectum
|
|
|switch|p1a: Insert Vine In Ass|Victreebel|363\/363
|turn|30
|
|move|p1a: Insert Vine In Ass|Wrap|p2a: Tauros
|-damage|p2a: Tauros|339\/353 par
|-activate|p2a: Tauros|move: Wrap|[of] p1a: Insert Vine In Ass
|cant|p2a: Tauros|partiallytrapped
|
|turn|31
|
|move|p1a: Insert Vine In Ass|Wrap|p2a: Tauros
|-damage|p2a: Tauros|325\/353 par
|cant|p2a: Tauros|partiallytrapped
|
|turn|32
|
|switch|p2a: Jynx|Jynx|333\/333
|move|p1a: Insert Vine In Ass|Wrap|p2a: Jynx
|-damage|p2a: Jynx|310\/333
|-activate|p2a: Jynx|move: Wrap|[of] p1a: Insert Vine In Ass
|
|turn|33
|chat|Kel9901|i wanted to use weird pokemon like ur nidoqueen xD
|chat|Kel9901|so yeah
|
|cant|p2a: Jynx|partiallytrapped
|move|p1a: Insert Vine In Ass|Wrap|p2a: Jynx
|-damage|p2a: Jynx|296\/333
|
|turn|34
|
|cant|p2a: Jynx|partiallytrapped
|move|p1a: Insert Vine In Ass|Wrap|p2a: Jynx
|-damage|p2a: Jynx|282\/333
|
|-end|p2a: Jynx|Wrap|[partiallytrapped]
|turn|35
|
|move|p2a: Jynx|Blizzard|p1a: Insert Vine In Ass
|-supereffective|p1a: Insert Vine In Ass
|-damage|p1a: Insert Vine In Ass|85\/363
|move|p1a: Insert Vine In Ass|Stun Spore|p2a: Jynx
|-status|p2a: Jynx|par
|
|turn|36
|
|move|p1a: Insert Vine In Ass|Wrap|p2a: Jynx
|-damage|p2a: Jynx|261\/333 par
|-activate|p2a: Jynx|move: Wrap|[of] p1a: Insert Vine In Ass
|cant|p2a: Jynx|partiallytrapped
|
|turn|37
|
|switch|p2a: Charizard|Charizard|359\/359
|move|p1a: Insert Vine In Ass|Wrap|p2a: Charizard
|-damage|p2a: Charizard|344\/359
|-activate|p2a: Charizard|move: Wrap|[of] p1a: Insert Vine In Ass
|
|turn|38
|
|switch|p1a: Horn In Your Ass|Nidoqueen|383\/383
|cant|p2a: Charizard|partiallytrapped
|
|-end|p2a: Charizard|Wrap|[partiallytrapped]
|turn|39
|
|move|p2a: Charizard|Fire Blast|p1a: Horn In Your Ass
|-crit|p1a: Horn In Your Ass
|-damage|p1a: Horn In Your Ass|93\/383
|-status|p1a: Horn In Your Ass|brn
|move|p1a: Horn In Your Ass|Rock Slide|p2a: Charizard
|-supereffective|p2a: Charizard
|-damage|p2a: Charizard|218\/359
|-damage|p1a: Horn In Your Ass|70\/383 brn|[from] brn|[of] p2a: Charizard
|
|turn|40
|chat|kid gf lol|ugh crit burn..
|chat|kid gf lol|gg
|chat|Kel9901|gg
|
|move|p2a: Charizard|Earthquake|p1a: Horn In Your Ass
|-supereffective|p1a: Horn In Your Ass
|-damage|p1a: Horn In Your Ass|0 fnt
|faint|p1a: Horn In Your Ass
|
|
|switch|p1a: Insert Vine In Ass|Victreebel|85\/363
|turn|41
|
|move|p2a: Charizard|Earthquake|p1a: Insert Vine In Ass
|-damage|p1a: Insert Vine In Ass|0 fnt
|faint|p1a: Insert Vine In Ass
|
|
|switch|p1a: My Egg your Asshol|Chansey|578\/703 slp
|turn|42
|
|move|p2a: Charizard|Earthquake|p1a: My Egg your Asshol
|-damage|p1a: My Egg your Asshol|375\/703 slp
|cant|p1a: My Egg your Asshol|slp
|
|turn|43
|
|move|p2a: Charizard|Earthquake|p1a: My Egg your Asshol
|-damage|p1a: My Egg your Asshol|195\/703 slp
|cant|p1a: My Egg your Asshol|slp
|-curestatus|p1a: My Egg your Asshol|slp
|
|turn|44
|
|move|p2a: Charizard|Hyper Beam|p1a: My Egg your Asshol
|-damage|p1a: My Egg your Asshol|0 fnt
|faint|p1a: My Egg your Asshol
|
|win|Kel9901
|raw|Ladder updating...
|raw|kid gf lol's rating: 1384 &rarr; <strong>1364<\/strong><br \/>(-20 for losing)
|raw|Kel9901's rating: 1393 &rarr; <strong>1412<\/strong><br \/>(+19 for winning)