|j|macaco jr
|j|MALESANI
|player|p1|macaco jr|265
|player|p2|MALESANI|238
|gametype|singles
|gen|1
|tier|[Gen 1] Random Battle
|rated
|seed|
|rule|Sleep Clause Mod: Limit one foe put to sleep
|rule|Freeze Clause Mod: Limit one foe frozen
|rule|HP Percentage Mod: HP is shown in percentages
|
|start
|switch|p1a: Vileplume|Vileplume, L90|100\/100
|switch|p2a: Victreebel|Victreebel, L85|100\/100
|turn|1
|choice||
|
|switch|p1a: Zubat|Zubat, L96|100\/100
|move|p2a: Victreebel|Body Slam|p1a: Zubat
|-damage|p1a: Zubat|64\/100
|
|turn|2
|choice||
|
|switch|p2a: Seadra|Seadra, L90|100\/100
|move|p1a: Zubat|Confuse Ray|p2a: Seadra
|-start|p2a: Seadra|confusion
|
|turn|3
|choice||
|
|-activate|p2a: Seadra|confusion
|-damage|p2a: Seadra|91\/100|[from] confusion
|move|p1a: Zubat|Double-Edge|p2a: Seadra
|-damage|p2a: Seadra|72\/100
|-damage|p1a: Zubat|59\/100|[from] recoil|[of] p2a: Seadra
|
|turn|4
|choice||
|
|-activate|p2a: Seadra|confusion
|-damage|p2a: Seadra|63\/100|[from] confusion
|move|p1a: Zubat|Mega Drain|p2a: Seadra
|-supereffective|p2a: Seadra
|-damage|p2a: Seadra|48\/100
|-heal|p1a: Zubat|67\/100|[from] drain|[of] p2a: Seadra
|
|turn|5
|choice||
|
|switch|p1a: Snorlax|Snorlax, L79|100\/100
|-end|p2a: Seadra|confusion
|move|p2a: Seadra|Blizzard|p1a: Snorlax
|-damage|p1a: Snorlax|72\/100
|
|turn|6
|choice||
|
|move|p2a: Seadra|Hydro Pump|p1a: Snorlax|[miss]
|-miss|p2a: Seadra
|move|p1a: Snorlax|Body Slam|p2a: Seadra
|-damage|p2a: Seadra|19\/100
|
|turn|7
|choice||
|
|move|p2a: Seadra|Hydro Pump|p1a: Snorlax
|-damage|p1a: Snorlax|32\/100
|move|p1a: Snorlax|Body Slam|p2a: Seadra
|-damage|p2a: Seadra|0 fnt
|faint|p2a: Seadra
|choice||
|
|switch|p2a: Arbok|Arbok, L90|100\/100
|turn|8
|choice||
|
|move|p2a: Arbok|Body Slam|p1a: Snorlax
|-crit|p1a: Snorlax
|-damage|p1a: Snorlax|0 fnt
|faint|p1a: Snorlax
|choice||
|
|switch|p1a: Vileplume|Vileplume, L90|100\/100
|turn|9
|choice||
|
|move|p2a: Arbok|Glare|p1a: Vileplume
|-status|p1a: Vileplume|par
|cant|p1a: Vileplume|par
|
|turn|10
|choice||
|
|move|p2a: Arbok|Body Slam|p1a: Vileplume
|-damage|p1a: Vileplume|82\/100 par
|cant|p1a: Vileplume|par
|
|turn|11
|choice||
|
|move|p2a: Arbok|Body Slam|p1a: Vileplume
|-damage|p1a: Vileplume|64\/100 par
|move|p1a: Vileplume|Sleep Powder|p2a: Arbok
|-status|p2a: Arbok|slp
|
|turn|12
|choice||
|
|switch|p2a: Exeggutor|Exeggutor, L79|100\/100
|move|p1a: Vileplume|Swords Dance|p1a: Vileplume
|-boost|p1a: Vileplume|atk|2
|
|turn|13
|choice||
|
|move|p2a: Exeggutor|Psychic|p1a: Vileplume
|-crit|p1a: Vileplume
|-supereffective|p1a: Vileplume
|-damage|p1a: Vileplume|0 fnt
|faint|p1a: Vileplume
|choice||
|
|switch|p1a: Moltres|Moltres, L85|100\/100
|turn|14
|choice||
|
|switch|p2a: Arbok|Arbok, L90|100\/100 slp
|move|p1a: Moltres|Fire Blast|p2a: Arbok
|-damage|p2a: Arbok|44\/100 slp
|
|turn|15
|choice||
|
|move|p1a: Moltres|Substitute|p1a: Moltres
|-start|p1a: Moltres|Substitute
|-damage|p1a: Moltres|76\/100
|cant|p2a: Arbok|slp
|
|turn|16
|choice||
|
|move|p1a: Moltres|Fire Blast|p2a: Arbok|[miss]
|-miss|p1a: Moltres
|-curestatus|p2a: Arbok|slp
|
|turn|17
|choice||
|
|move|p1a: Moltres|Fire Blast|p2a: Arbok
|-damage|p2a: Arbok|0 fnt
|faint|p2a: Arbok
|choice||
|
|switch|p2a: Jolteon|Jolteon, L79|100\/100
|turn|18
|choice||
|
|move|p2a: Jolteon|Thunder Wave|p1a: Moltres
|-status|p1a: Moltres|par
|cant|p1a: Moltres|par
|
|turn|19
|choice||
|
|move|p2a: Jolteon|Thunderbolt|p1a: Moltres
|-crit|p1a: Moltres
|-supereffective|p1a: Moltres
|-end|p1a: Moltres|Substitute
|move|p1a: Moltres|Fire Blast|p2a: Jolteon|[miss]
|-miss|p1a: Moltres
|
|turn|20
|choice||
|
|switch|p1a: Electrode|Electrode, L90|100\/100
|move|p2a: Jolteon|Thunderbolt|p1a: Electrode
|-resisted|p1a: Electrode
|-damage|p1a: Electrode|84\/100
|
|turn|21
|choice||
|
|switch|p2a: Exeggutor|Exeggutor, L79|100\/100
|move|p1a: Electrode|Thunder Wave|p2a: Exeggutor|[miss]
|-miss|p1a: Electrode
|
|turn|22
|choice||
|
|move|p1a: Electrode|Thunder Wave|p2a: Exeggutor
|-status|p2a: Exeggutor|par
|move|p2a: Exeggutor|Psychic|p1a: Electrode
|-crit|p1a: Electrode
|-damage|p1a: Electrode|20\/100
|
|turn|23
|choice||
|
|move|p1a: Electrode|Explosion|p2a: Exeggutor
|-damage|p2a: Exeggutor|36\/100 par
|faint|p1a: Electrode
|choice||
|
|switch|p1a: Mewtwo|Mewtwo, L70|100\/100
|turn|24
|choice||
|
|move|p1a: Mewtwo|Blizzard|p2a: Exeggutor
|-supereffective|p2a: Exeggutor
|-damage|p2a: Exeggutor|0 fnt
|faint|p2a: Exeggutor
|choice||
|
|switch|p2a: Cloyster|Cloyster, L83|100\/100
|turn|25
|choice||
|
|move|p1a: Mewtwo|Psychic|p2a: Cloyster
|-damage|p2a: Cloyster|59\/100
|-unboost|p2a: Cloyster|spd|1
|-unboost|p2a: Cloyster|spa|1
|move|p2a: Cloyster|Blizzard|p1a: Mewtwo
|-damage|p1a: Mewtwo|78\/100
|
|turn|26
|choice||
|
|move|p1a: Mewtwo|Psychic|p2a: Cloyster
|-damage|p2a: Cloyster|0 fnt
|faint|p2a: Cloyster
|choice||
|
|switch|p2a: Victreebel|Victreebel, L85|100\/100
|turn|27
|choice||
|
|move|p1a: Mewtwo|Psychic|p2a: Victreebel
|-supereffective|p2a: Victreebel
|-damage|p2a: Victreebel|49\/100
|-unboost|p2a: Victreebel|spd|1
|-unboost|p2a: Victreebel|spa|1
|move|p2a: Victreebel|Body Slam|p1a: Mewtwo
|-damage|p1a: Mewtwo|51\/100
|-status|p1a: Mewtwo|par
|
|turn|28
|choice||
|
|move|p2a: Victreebel|Hyper Beam|p1a: Mewtwo
|-crit|p1a: Mewtwo
|-damage|p1a: Mewtwo|0 fnt
|faint|p1a: Mewtwo
|choice||
|
|switch|p1a: Moltres|Moltres, L85|76\/100 par
|turn|29
|choice||
|
|move|p2a: Victreebel|Hyper Beam|p1a: Moltres
|-damage|p1a: Moltres|44\/100 par
|move|p1a: Moltres|Fire Blast|p2a: Victreebel
|-supereffective|p2a: Victreebel
|-damage|p2a: Victreebel|0 fnt
|faint|p2a: Victreebel
|choice||
|
|switch|p2a: Jolteon|Jolteon, L79|100\/100
|turn|30
|choice||
|
|move|p2a: Jolteon|Thunderbolt|p1a: Moltres
|-supereffective|p1a: Moltres
|-damage|p1a: Moltres|0 fnt
|faint|p1a: Moltres
|choice||
|
|switch|p1a: Zubat|Zubat, L96|67\/100
|turn|31
|choice||
|
|move|p2a: Jolteon|Thunder Wave|p1a: Zubat
|-status|p1a: Zubat|par
|move|p1a: Zubat|Confuse Ray|p2a: Jolteon
|-start|p2a: Jolteon|confusion
|
|turn|32
|choice||
|
|-activate|p2a: Jolteon|confusion
|move|p2a: Jolteon|Thunderbolt|p1a: Zubat
|-supereffective|p1a: Zubat
|-damage|p1a: Zubat|0 fnt
|faint|p1a: Zubat
|
|win|MALESANI
|player|p1
|player|p2
|raw|macaco jr's rating: 1465 &rarr; <strong>1443<\/strong><br \/>(-22 for losing)
|raw|MALESANI's rating: 1437 &rarr; <strong>1459<\/strong><br \/>(+22 for winning)