|join|otherfiend007
|join|axt
|player|p1|otherfiend007|213
|player|p2|axt|1
|gametype|singles
|gen|1
|tier|[Gen 1] Random Battle
|rated
|rule|Sleep Clause Mod: Limit one foe put to sleep
|rule|Freeze Clause Mod: Limit one foe frozen
|rule|HP Percentage Mod: HP is shown in percentages
|
|start
|switch|p1a: Dugtrio|Dugtrio, L86|236\/236
|switch|p2a: Kadabra|Kadabra, L86|244\/244
|turn|1
|
|move|p1a: Dugtrio|Earthquake|p2a: Kadabra
|-damage|p2a: Kadabra|90\/244
|move|p2a: Kadabra|Reflect|p2a: Kadabra
|
|turn|2
|
|move|p1a: Dugtrio|Earthquake|p2a: Kadabra
|-damage|p2a: Kadabra|12\/244
|move|p2a: Kadabra|Recover|p2a: Kadabra
|-heal|p2a: Kadabra|134\/244
|
|turn|3
|
|move|p1a: Dugtrio|Substitute|p1a: Dugtrio
|-start|p1a: Dugtrio|Substitute
|-damage|p1a: Dugtrio|177\/236
|move|p2a: Kadabra|Recover|p2a: Kadabra
|-heal|p2a: Kadabra|244\/244
|
|turn|4
|
|move|p1a: Dugtrio|Sand Attack|p2a: Kadabra
|-unboost|p2a: Kadabra|accuracy|1
|move|p2a: Kadabra|Psychic|p1a: Dugtrio
|-end|p1a: Dugtrio|Substitute
|
|turn|5
|
|move|p1a: Dugtrio|Sand Attack|p2a: Kadabra
|-unboost|p2a: Kadabra|accuracy|1
|move|p2a: Kadabra|Psychic|p1a: Dugtrio|[miss]
|-miss|p2a: Kadabra
|
|turn|6
|
|move|p1a: Dugtrio|Sand Attack|p2a: Kadabra
|-unboost|p2a: Kadabra|accuracy|1
|move|p2a: Kadabra|Psychic|p1a: Dugtrio|[miss]
|-miss|p2a: Kadabra
|
|turn|7
|
|move|p1a: Dugtrio|Substitute|p1a: Dugtrio
|-start|p1a: Dugtrio|Substitute
|-damage|p1a: Dugtrio|118\/236
|move|p2a: Kadabra|Psychic|p1a: Dugtrio|[miss]
|-miss|p2a: Kadabra
|
|turn|8
|
|move|p1a: Dugtrio|Earthquake|p2a: Kadabra
|-damage|p2a: Kadabra|165\/244
|move|p2a: Kadabra|Psychic|p1a: Dugtrio|[miss]
|-miss|p2a: Kadabra
|
|turn|9
|c|★otherfiend007|:X
|
|move|p1a: Dugtrio|Earthquake|p2a: Kadabra
|-crit|p2a: Kadabra
|-damage|p2a: Kadabra|0 fnt
|faint|p2a: Kadabra
|
|switch|p2a: Scyther|Scyther, L86|296\/296
|turn|10
|
|move|p1a: Dugtrio|Sand Attack|p2a: Scyther
|-unboost|p2a: Scyther|accuracy|1
|move|p2a: Scyther|Slash|p1a: Dugtrio
|-crit|p1a: Dugtrio
|-end|p1a: Dugtrio|Substitute
|
|turn|11
|
|switch|p1a: Lapras|Lapras, L80|372\/372
|move|p2a: Scyther|Slash|p1a: Lapras
|-crit|p1a: Lapras
|-damage|p1a: Lapras|250\/372
|
|turn|12
|
|switch|p2a: Slowbro|Slowbro, L80|316\/316
|move|p1a: Lapras|Ice Beam|p2a: Slowbro
|-resisted|p2a: Slowbro
|-damage|p2a: Slowbro|265\/316
|-status|p2a: Slowbro|frz
|
|turn|13
|c|★otherfiend007|sorry
|c|★otherfiend007|not your game :\/
|
|move|p1a: Lapras|Thunderbolt|p2a: Slowbro
|-supereffective|p2a: Slowbro
|-damage|p2a: Slowbro|131\/316 frz
|cant|p2a: Slowbro|frz
|
|turn|14
|c|★axt|that was some lucky break
|
|switch|p2a: Pikachu|Pikachu, L95|259\/259
|move|p1a: Lapras|Thunderbolt|p2a: Pikachu
|-resisted|p2a: Pikachu
|-damage|p2a: Pikachu|220\/259
|
|turn|15
|c|★otherfiend007|lol
|c|★otherfiend007|i was going to pound into him with ice beam while you amneisaed anyways
|c|★otherfiend007|freezing slowbro is about all id have for him
|c|★otherfiend007|team is like all fighting and water over here :>
|
|switch|p1a: Dugtrio|Dugtrio, L86|118\/236
|move|p2a: Pikachu|Agility|p2a: Pikachu
|-boost|p2a: Pikachu|spe|2
|
|turn|16
|
|move|p2a: Pikachu|Body Slam|p1a: Dugtrio
|-damage|p1a: Dugtrio|49\/236
|move|p1a: Dugtrio|Earthquake|p2a: Pikachu
|-supereffective|p2a: Pikachu
|-damage|p2a: Pikachu|0 fnt
|faint|p2a: Pikachu
|c|★otherfiend007|no surf?
|c|★otherfiend007|every pika i fight has it >_<
|c|★axt|nop
|c|★axt|wish it did
|c|★otherfiend007|lol
|
|switch|p2a: Haunter|Haunter, L86|253\/253
|turn|17
|c|★otherfiend007|they act like the fucker could jsut learn it in the wild gen one
|c|★otherfiend007|its everywhere
|
|move|p1a: Dugtrio|Earthquake|p2a: Haunter
|-supereffective|p2a: Haunter
|-damage|p2a: Haunter|0 fnt
|faint|p2a: Haunter
|
|switch|p2a: Scyther|Scyther, L86|296\/296
|turn|18
|c|★axt|oh comon
|
|move|p1a: Dugtrio|Sand Attack|p2a: Scyther
|-unboost|p2a: Scyther|accuracy|1
|move|p2a: Scyther|Slash|p1a: Dugtrio
|-crit|p1a: Dugtrio
|-damage|p1a: Dugtrio|0 fnt
|faint|p1a: Dugtrio
|c|★otherfiend007|lol no levitate :X
|c|★axt|i forgot about that
|
|switch|p1a: Lapras|Lapras, L80|250\/372
|turn|19
|
|move|p2a: Scyther|Hyper Beam|p1a: Lapras|[miss]
|-miss|p2a: Scyther
|move|p1a: Lapras|Ice Beam|p2a: Scyther
|-supereffective|p2a: Scyther
|-damage|p2a: Scyther|73\/296
|
|turn|20
|
|move|p2a: Scyther|Hyper Beam|p1a: Lapras
|-damage|p1a: Lapras|117\/372
|move|p1a: Lapras|Ice Beam|p2a: Scyther
|-crit|p2a: Scyther
|-supereffective|p2a: Scyther
|-damage|p2a: Scyther|0 fnt
|faint|p2a: Scyther
|
|switch|p2a: Slowbro|Slowbro, L80|131\/316 frz
|turn|21
|
|move|p1a: Lapras|Rest|p1a: Lapras
|-fail|p1a: Lapras
|cant|p2a: Slowbro|frz
|
|turn|22
|c|★otherfiend007|WTF!?!?!
|c|★axt|how did rest fail? :P
|c|★otherfiend007|thats what i want to know!
|
|move|p1a: Lapras|Thunderbolt|p2a: Slowbro
|-supereffective|p2a: Slowbro
|-damage|p2a: Slowbro|0 fnt
|faint|p2a: Slowbro
|c|★axt|i want a rematch
|c|★axt|this match is aweful
|
|switch|p2a: Muk|Muk, L86|356\/356
|turn|23
|
|move|p1a: Lapras|Blizzard|p2a: Muk
|-crit|p2a: Muk
|-damage|p2a: Muk|101\/356
|-status|p2a: Muk|frz
|cant|p2a: Muk|frz
|
|turn|24
|c|★otherfiend007|LOLL
|c|★otherfiend007|gg man
|c|★otherfiend007|that luck
|c|★axt|could you pick some lottery numbers for me?
|c|★axt|Pretty please
|c|★otherfiend007|i may go buy a ticket today, lol
|c|★axt|from 1 to 43
|c|★axt|pick 7
|
|move|p1a: Lapras|Ice Beam|p2a: Muk
|-damage|p2a: Muk|0 fnt
|faint|p2a: Muk
|
|win|otherfiend007
|raw|Ladder updating...
|raw|otherfiend007's rating: 1289 &rarr; <strong>1308<\/strong><br \/>(+19 for winning)
|raw|axt's rating: 1205 &rarr; <strong>1186<\/strong><br \/>(-19 for losing)