|join|FinanIsBad
|join|MALESANI
|player|p1|FinanIsBad|170
|player|p2|MALESANI|238
|gametype|singles
|gen|1
|tier|[Gen 1] Random Battle
|rated
|seed|7556,2539,36121,31096
|rule|Sleep Clause Mod: Limit one foe put to sleep
|rule|Freeze Clause Mod: Limit one foe frozen
|rule|HP Percentage Mod: HP is shown in percentages
|
|start
|switch|p1a: Starmie|Starmie, L79|257\/257
|switch|p2a: Clefable|Clefable, L85|335\/335
|turn|1
|choice|move 3|move 3
|
|move|p1a: Starmie|Blizzard|p2a: Clefable
|-damage|p2a: Clefable|259\/335
|move|p2a: Clefable|Thunder|p1a: Starmie|[miss]
|-miss|p2a: Clefable
|
|turn|2
|choice|move 3|move 4
|
|move|p1a: Starmie|Blizzard|p2a: Clefable
|-damage|p2a: Clefable|181\/335
|move|p2a: Clefable|Body Slam|p1a: Starmie
|-damage|p1a: Starmie|181\/257
|-status|p1a: Starmie|par
|
|turn|3
|choice|move 3|move 3
|
|move|p2a: Clefable|Thunder|p1a: Starmie|[miss]
|-miss|p2a: Clefable
|move|p1a: Starmie|Blizzard|p2a: Clefable
|-damage|p2a: Clefable|109\/335
|
|turn|4
|choice|move 3|move 3
|
|move|p2a: Clefable|Thunder|p1a: Starmie|[miss]
|-miss|p2a: Clefable
|move|p1a: Starmie|Blizzard|p2a: Clefable
|-crit|p2a: Clefable
|-damage|p2a: Clefable|0 fnt
|faint|p2a: Clefable
|choice||switch 2
|
|switch|p2a: Zapdos|Zapdos, L79|304\/304
|turn|5
|choice|switch 4|move 1
|
|switch|p1a: Chansey|Chansey, L79|557\/557
|move|p2a: Zapdos|Thunderbolt|p1a: Chansey
|-damage|p1a: Chansey|454\/557
|
|turn|6
|choice|move 3|switch 5
|
|switch|p2a: Gengar|Gengar, L79|257\/257
|move|p1a: Chansey|Thunder Wave|p2a: Gengar
|-status|p2a: Gengar|par
|
|turn|7
|choice|move 2|move 1
|
|move|p1a: Chansey|Ice Beam|p2a: Gengar
|-damage|p2a: Gengar|201\/257 par
|move|p2a: Gengar|Hypnosis|p1a: Chansey
|-status|p1a: Chansey|slp
|
|turn|8
|choice|move 1|switch 5
|
|switch|p2a: Zapdos|Zapdos, L79|304\/304
|cant|p1a: Chansey|slp
|
|turn|9
|choice|move 1|move 3
|
|move|p2a: Zapdos|Agility|p2a: Zapdos
|-boost|p2a: Zapdos|spe|2
|cant|p1a: Chansey|slp
|
|turn|10
|choice|move 3|move 4
|
|move|p2a: Zapdos|Drill Peck|p1a: Chansey
|-damage|p1a: Chansey|278\/557 slp
|cant|p1a: Chansey|slp
|
|turn|11
|choice|switch 6|move 4
|
|switch|p1a: Mew|Mew, L74|300\/300
|move|p2a: Zapdos|Drill Peck|p1a: Mew
|-damage|p1a: Mew|226\/300
|
|turn|12
|choice|move 4|move 1
|
|move|p2a: Zapdos|Thunderbolt|p1a: Mew
|-damage|p1a: Mew|126\/300
|move|p1a: Mew|Thunder Wave|p2a: Zapdos
|-status|p2a: Zapdos|par
|
|turn|13
|choice|move 2|move 2
|
|move|p1a: Mew|Swords Dance|p1a: Mew
|-boost|p1a: Mew|atk|2
|move|p2a: Zapdos|Thunder Wave|p1a: Mew
|-status|p1a: Mew|par
|
|turn|14
|choice|move 1|move 1
|
|move|p1a: Mew|Hyper Beam|p2a: Zapdos
|-damage|p2a: Zapdos|114\/304 par
|move|p2a: Zapdos|Thunderbolt|p1a: Mew
|-damage|p1a: Mew|18\/300 par
|
|turn|15
|-mustrecharge|p1a: Mew
|-mustrecharge|p1a: Mew
|choice|move 1|move 4
|
|cant|p1a: Mew|recharge
|move|p2a: Zapdos|Drill Peck|p1a: Mew
|-damage|p1a: Mew|0 fnt
|faint|p1a: Mew
|choice|switch 3|
|
|switch|p1a: Ditto|Ditto, L99|296\/296
|turn|16
|choice|move 1|move 2
|
|move|p1a: Ditto|Transform|p2a: Zapdos
|-transform|p1a: Ditto|p2a: Zapdos
|move|p2a: Zapdos|Thunder Wave|p1a: Ditto
|-status|p1a: Ditto|par
|
|turn|17
|choice|move 1|switch 3
|
|switch|p2a: Rhyhorn|Rhyhorn, L96|348\/348
|move|p1a: Ditto|Thunderbolt|p2a: Rhyhorn
|-immune|p2a: Rhyhorn|[msg]
|
|turn|18
|choice|switch 2|move 4
|
|switch|p1a: Paras|Paras, L96|262\/262
|move|p2a: Rhyhorn|Earthquake|p1a: Paras
|-resisted|p1a: Paras
|-damage|p1a: Paras|224\/262
|
|turn|19
|choice|move 2|switch 3
|
|switch|p2a: Zapdos|Zapdos, L79|114\/304 par
|move|p1a: Paras|Mega Drain|p2a: Zapdos
|-resisted|p2a: Zapdos
|-damage|p2a: Zapdos|97\/304 par
|-heal|p1a: Paras|232\/262|[from] drain|[of] p2a: Zapdos
|
|turn|20
|choice|switch 2|move 4
|
|switch|p1a: Ditto|Ditto, L99|296\/296 par
|move|p2a: Zapdos|Drill Peck|p1a: Ditto
|-damage|p1a: Ditto|205\/296 par
|
|turn|21
|choice|move 1|move 1
|
|move|p2a: Zapdos|Thunderbolt|p1a: Ditto
|-damage|p1a: Ditto|77\/296 par
|move|p1a: Ditto|Transform|p2a: Zapdos
|-transform|p1a: Ditto|p2a: Zapdos
|
|turn|22
|choice|move 4|move 1
|
|move|p2a: Zapdos|Thunderbolt|p1a: Ditto
|-crit|p1a: Ditto
|-damage|p1a: Ditto|0 fnt
|faint|p1a: Ditto
|choice|switch 5|
|
|switch|p1a: Cloyster|Cloyster, L83|253\/253
|turn|23
|choice|move 3|move 2
|
|move|p1a: Cloyster|Blizzard|p2a: Zapdos
|-supereffective|p2a: Zapdos
|-damage|p2a: Zapdos|0 fnt
|faint|p2a: Zapdos
|choice||switch 6
|
|switch|p2a: Charizard|Charizard, L85|306\/306
|turn|24
|choice|move 3|move 1
|
|move|p2a: Charizard|Fire Blast|p1a: Cloyster
|-damage|p1a: Cloyster|122\/253
|move|p1a: Cloyster|Blizzard|p2a: Charizard
|-supereffective|p2a: Charizard
|-damage|p2a: Charizard|89\/306
|
|turn|25
|choice|move 3|move 1
|
|move|p2a: Charizard|Fire Blast|p1a: Cloyster
|-crit|p1a: Cloyster
|-damage|p1a: Cloyster|0 fnt
|faint|p1a: Cloyster
|-message|FinanIsBad forfeited.
|
|win|MALESANI
|leave|FinanIsBad
|player|p1
|raw|FinanIsBad's rating: 1128 &rarr; <strong>1114<\/strong><br \/>(-14 for losing)
|raw|MALESANI's rating: 1301 &rarr; <strong>1312<\/strong><br \/>(+11 for winning)