|join|andrewandres
|join|mateuzinhotop
|player|p1|andrewandres|102
|player|p2|mateuzinhotop|124
|gametype|singles
|gen|1
|tier|[Gen 1] Random Battle
|rated
|rule|Sleep Clause Mod: Limit one foe put to sleep
|rule|Freeze Clause Mod: Limit one foe frozen
|rule|HP Percentage Mod: HP is shown in percentages
|
|start
|switch|p1a: Wartortle|Wartortle, L86|277\/277
|switch|p2a: Ivysaur|Ivysaur, L86|279\/279
|turn|1
|
|move|p2a: Ivysaur|Razor Leaf|p1a: Wartortle
|-crit|p1a: Wartortle
|-supereffective|p1a: Wartortle
|-damage|p1a: Wartortle|37\/277
|move|p1a: Wartortle|Body Slam|p2a: Ivysaur
|-crit|p2a: Ivysaur
|-damage|p2a: Ivysaur|161\/279
|
|turn|2
|
|move|p2a: Ivysaur|Razor Leaf|p1a: Wartortle
|-crit|p1a: Wartortle
|-supereffective|p1a: Wartortle
|-damage|p1a: Wartortle|0 fnt
|faint|p1a: Wartortle
|
|switch|p1a: Raticate|Raticate, L86|270\/270
|turn|3
|
|move|p1a: Raticate|Blizzard|p2a: Ivysaur
|-crit|p2a: Ivysaur
|-supereffective|p2a: Ivysaur
|-damage|p2a: Ivysaur|0 fnt
|faint|p2a: Ivysaur
|
|switch|p2a: Caterpie|Caterpie, L99|290\/290
|turn|4
|
|move|p1a: Raticate|Super Fang|p2a: Caterpie
|-damage|p2a: Caterpie|145\/290
|move|p2a: Caterpie|String Shot|p1a: Raticate
|-unboost|p1a: Raticate|spe|1
|
|turn|5
|
|move|p2a: Caterpie|String Shot|p1a: Raticate
|-unboost|p1a: Raticate|spe|1
|move|p1a: Raticate|Hyper Beam|p2a: Caterpie|[miss]
|-miss|p1a: Raticate
|
|turn|6
|
|move|p2a: Caterpie|Tackle|p1a: Raticate|[miss]
|-miss|p2a: Caterpie
|move|p1a: Raticate|Body Slam|p2a: Caterpie
|-damage|p2a: Caterpie|20\/290
|
|turn|7
|
|switch|p1a: Wigglytuff|Wigglytuff, L86|416\/416
|move|p2a: Caterpie|Tackle|p1a: Wigglytuff
|-damage|p1a: Wigglytuff|391\/416
|
|turn|8
|
|move|p2a: Caterpie|String Shot|p1a: Wigglytuff
|-unboost|p1a: Wigglytuff|spe|1
|move|p1a: Wigglytuff|Body Slam|p2a: Caterpie
|-damage|p2a: Caterpie|0 fnt
|faint|p2a: Caterpie
|
|switch|p2a: Beedrill|Beedrill, L86|287\/287
|turn|9
|
|move|p2a: Beedrill|Swords Dance|p2a: Beedrill
|-boost|p2a: Beedrill|atk|2
|move|p1a: Wigglytuff|Body Slam|p2a: Beedrill
|-damage|p2a: Beedrill|167\/287
|
|turn|10
|
|move|p2a: Beedrill|Hyper Beam|p1a: Wigglytuff
|-damage|p1a: Wigglytuff|100\/416
|move|p1a: Wigglytuff|Body Slam|p2a: Beedrill
|-damage|p2a: Beedrill|52\/287
|
|turn|11
|
|cant|p2a: Beedrill|recharge
|move|p1a: Wigglytuff|Body Slam|p2a: Beedrill
|-damage|p2a: Beedrill|0 fnt
|faint|p2a: Beedrill
|
|switch|p2a: Tauros|Tauros, L82|291\/291
|turn|12
|
|move|p2a: Tauros|Body Slam|p1a: Wigglytuff
|-damage|p1a: Wigglytuff|0 fnt
|faint|p1a: Wigglytuff
|
|switch|p1a: Hitmonlee|Hitmonlee, L86|261\/261
|turn|13
|
|move|p2a: Tauros|Earthquake|p1a: Hitmonlee
|-damage|p1a: Hitmonlee|169\/261
|move|p1a: Hitmonlee|High Jump Kick|p2a: Tauros
|-supereffective|p2a: Tauros
|-damage|p2a: Tauros|93\/291
|
|turn|14
|
|move|p2a: Tauros|Hyper Beam|p1a: Hitmonlee
|-damage|p1a: Hitmonlee|0 fnt
|faint|p1a: Hitmonlee
|
|switch|p1a: Raticate|Raticate, L86|270\/270
|turn|15
|
|move|p2a: Tauros|Body Slam|p1a: Raticate
|-crit|p1a: Raticate
|-damage|p1a: Raticate|56\/270
|move|p1a: Raticate|Body Slam|p2a: Tauros
|-damage|p2a: Tauros|12\/291
|
|turn|16
|
|move|p2a: Tauros|Body Slam|p1a: Raticate
|-damage|p1a: Raticate|0 fnt
|faint|p1a: Raticate
|
|switch|p1a: Gyarados|Gyarados, L86|339\/339
|turn|17
|
|move|p2a: Tauros|Hyper Beam|p1a: Gyarados
|-damage|p1a: Gyarados|174\/339
|move|p1a: Gyarados|Thunderbolt|p2a: Tauros
|-damage|p2a: Tauros|0 fnt
|faint|p2a: Tauros
|
|switch|p2a: Alakazam|Alakazam, L82|258\/258
|turn|18
|
|move|p2a: Alakazam|Psychic|p1a: Gyarados
|-crit|p1a: Gyarados
|-damage|p1a: Gyarados|0 fnt
|faint|p1a: Gyarados
|
|switch|p1a: Mewtwo|Mewtwo, L71|297\/297
|turn|19
|
|move|p2a: Alakazam|Thunder Wave|p1a: Mewtwo
|-status|p1a: Mewtwo|par
|move|p1a: Mewtwo|Amnesia|p1a: Mewtwo
|-boost|p1a: Mewtwo|spd|2
|-boost|p1a: Mewtwo|spa|2
|
|turn|20
|
|move|p2a: Alakazam|Psychic|p1a: Mewtwo
|-resisted|p1a: Mewtwo
|-damage|p1a: Mewtwo|275\/297 par
|-unboost|p1a: Mewtwo|spd|1
|-unboost|p1a: Mewtwo|spa|1
|move|p1a: Mewtwo|Thunderbolt|p2a: Alakazam
|-crit|p2a: Alakazam
|-damage|p2a: Alakazam|158\/258
|
|turn|21
|
|move|p2a: Alakazam|Psychic|p1a: Mewtwo
|-resisted|p1a: Mewtwo
|-damage|p1a: Mewtwo|247\/297 par
|-unboost|p1a: Mewtwo|spd|1
|-unboost|p1a: Mewtwo|spa|1
|move|p1a: Mewtwo|Amnesia|p1a: Mewtwo
|-boost|p1a: Mewtwo|spd|2
|-boost|p1a: Mewtwo|spa|2
|
|turn|22
|
|move|p2a: Alakazam|Psychic|p1a: Mewtwo
|-resisted|p1a: Mewtwo
|-damage|p1a: Mewtwo|227\/297 par
|cant|p1a: Mewtwo|par
|
|turn|23
|
|move|p2a: Alakazam|Psychic|p1a: Mewtwo
|-resisted|p1a: Mewtwo
|-damage|p1a: Mewtwo|203\/297 par
|-unboost|p1a: Mewtwo|spd|1
|-unboost|p1a: Mewtwo|spa|1
|move|p1a: Mewtwo|Thunderbolt|p2a: Alakazam
|-damage|p2a: Alakazam|78\/258
|
|turn|24
|
|move|p2a: Alakazam|Psychic|p1a: Mewtwo
|-resisted|p1a: Mewtwo
|-damage|p1a: Mewtwo|175\/297 par
|cant|p1a: Mewtwo|par
|
|turn|25
|
|move|p2a: Alakazam|Psychic|p1a: Mewtwo
|-crit|p1a: Mewtwo
|-resisted|p1a: Mewtwo
|-damage|p1a: Mewtwo|90\/297 par
|-unboost|p1a: Mewtwo|spd|1
|-unboost|p1a: Mewtwo|spa|1
|move|p1a: Mewtwo|Thunderbolt|p2a: Alakazam
|-damage|p2a: Alakazam|24\/258
|
|turn|26
|
|move|p2a: Alakazam|Psychic|p1a: Mewtwo
|-resisted|p1a: Mewtwo
|-damage|p1a: Mewtwo|47\/297 par
|cant|p1a: Mewtwo|par
|
|turn|27
|
|move|p2a: Alakazam|Psychic|p1a: Mewtwo
|-resisted|p1a: Mewtwo
|-damage|p1a: Mewtwo|0 fnt
|faint|p1a: Mewtwo
|
|win|mateuzinhotop
|raw|Ladder updating...
|raw|andrewandres's rating: 1214 &rarr; <strong>1180<\/strong><br \/>(-34 for losing)
|raw|mateuzinhotop's rating: 1079 &rarr; <strong>1117<\/strong><br \/>(+38 for winning)
|c|★andrewandres|lol...