|j|Fella McFellerson
|j|kardashiancameltoe
|player|p1|Fella McFellerson|162
|player|p2|kardashiancameltoe|156
|gametype|singles
|gen|1
|tier|[Gen 1] Random Battle
|rated
|seed|35367,17831,48580,13665
|rule|Sleep Clause Mod: Limit one foe put to sleep
|rule|Freeze Clause Mod: Limit one foe frozen
|rule|HP Percentage Mod: HP is shown in percentages
|
|start
|switch|p1a: Sandslash|Sandslash, L85|301\/301
|switch|p2a: Hypno|Hypno, L85|318\/318
|turn|1
|choice|move 1|move 2
|
|move|p2a: Hypno|Hypnosis|p1a: Sandslash
|-status|p1a: Sandslash|slp
|-curestatus|p1a: Sandslash|slp
|
|turn|2
|choice|move 1|move 2
|
|move|p2a: Hypno|Hypnosis|p1a: Sandslash|[miss]
|-miss|p2a: Hypno
|move|p1a: Sandslash|Earthquake|p2a: Hypno
|-damage|p2a: Hypno|184\/318
|
|turn|3
|choice|move 3|move 2
|
|move|p2a: Hypno|Hypnosis|p1a: Sandslash|[miss]
|-miss|p2a: Hypno
|move|p1a: Sandslash|Body Slam|p2a: Hypno
|-damage|p2a: Hypno|113\/318
|-status|p2a: Hypno|par
|
|turn|4
|choice|move 1|move 2
|
|move|p1a: Sandslash|Earthquake|p2a: Hypno
|-damage|p2a: Hypno|0 fnt
|faint|p2a: Hypno
|choice||switch 5
|
|switch|p2a: Blastoise|Blastoise, L85|308\/308
|turn|5
|choice|switch 5|move 3
|
|switch|p1a: Blastoise|Blastoise, L85|308\/308
|move|p2a: Blastoise|Blizzard|p1a: Blastoise
|-resisted|p1a: Blastoise
|-damage|p1a: Blastoise|264\/308
|
|turn|6
|choice|move 2|move 1
|
|move|p2a: Blastoise|Hyper Beam|p1a: Blastoise
|-crit|p1a: Blastoise
|-damage|p1a: Blastoise|101\/308
|move|p1a: Blastoise|Earthquake|p2a: Blastoise
|-damage|p2a: Blastoise|247\/308
|
|turn|7
|-mustrecharge|p2a: Blastoise
|-mustrecharge|p2a: Blastoise
|choice|move 4|move 1
|
|move|p1a: Blastoise|Mimic|p2a: Blastoise
|-start|p1a: Blastoise|Mimic|Hyper Beam
|cant|p2a: Blastoise|recharge
|
|turn|8
|choice|move 4|move 1
|
|move|p1a: Blastoise|Hyper Beam|p2a: Blastoise
|-damage|p2a: Blastoise|155\/308
|move|p2a: Blastoise|Hyper Beam|p1a: Blastoise|[miss]
|-miss|p2a: Blastoise
|
|turn|9
|-mustrecharge|p1a: Blastoise
|-mustrecharge|p1a: Blastoise
|choice|move 1|move 1
|
|move|p2a: Blastoise|Hyper Beam|p1a: Blastoise
|-damage|p1a: Blastoise|16\/308
|cant|p1a: Blastoise|recharge
|
|turn|10
|-mustrecharge|p2a: Blastoise
|-mustrecharge|p2a: Blastoise
|choice|move 4|move 1
|
|move|p1a: Blastoise|Hyper Beam|p2a: Blastoise
|-damage|p2a: Blastoise|67\/308
|cant|p2a: Blastoise|recharge
|
|turn|11
|-mustrecharge|p1a: Blastoise
|-mustrecharge|p1a: Blastoise
|choice|move 1|move 2
|
|cant|p1a: Blastoise|recharge
|move|p2a: Blastoise|Rest|p2a: Blastoise
|-status|p2a: Blastoise|slp
|-heal|p2a: Blastoise|308\/308 slp|[silent]
|-status|p2a: Blastoise|slp|[from] move: Rest
|
|turn|12
|choice|move 2|move 1
|
|cant|p2a: Blastoise|slp
|move|p1a: Blastoise|Earthquake|p2a: Blastoise
|-damage|p2a: Blastoise|252\/308 slp
|
|turn|13
|choice|move 4|move 1
|
|-curestatus|p2a: Blastoise|slp
|move|p1a: Blastoise|Hyper Beam|p2a: Blastoise
|-damage|p2a: Blastoise|155\/308
|
|turn|14
|-mustrecharge|p1a: Blastoise
|-mustrecharge|p1a: Blastoise
|choice|move 1|move 3
|
|cant|p1a: Blastoise|recharge
|move|p2a: Blastoise|Blizzard|p1a: Blastoise
|-resisted|p1a: Blastoise
|-damage|p1a: Blastoise|0 fnt
|faint|p1a: Blastoise
|choice|switch 3|
|
|switch|p1a: Wigglytuff|Wigglytuff, L90|435\/435
|turn|15
|choice|move 2|move 3
|
|move|p2a: Blastoise|Blizzard|p1a: Wigglytuff
|-damage|p1a: Wigglytuff|331\/435
|move|p1a: Wigglytuff|Sing|p2a: Blastoise
|-status|p2a: Blastoise|slp
|
|turn|16
|choice|move 4|move 3
|
|cant|p2a: Blastoise|slp
|move|p1a: Wigglytuff|Hyper Beam|p2a: Blastoise
|-damage|p2a: Blastoise|28\/308 slp
|
|turn|17
|-mustrecharge|p1a: Wigglytuff
|-mustrecharge|p1a: Wigglytuff
|choice|move 1|move 3
|
|cant|p2a: Blastoise|slp
|cant|p1a: Wigglytuff|recharge
|
|turn|18
|choice|move 3|move 2
|
|cant|p2a: Blastoise|slp
|move|p1a: Wigglytuff|Blizzard|p2a: Blastoise
|-resisted|p2a: Blastoise
|-damage|p2a: Blastoise|0 fnt
|faint|p2a: Blastoise
|choice||switch 2
|
|switch|p2a: Onix|Onix, L90|246\/246
|turn|19
|choice|move 3|move 4
|
|move|p2a: Onix|Toxic|p1a: Wigglytuff
|-status|p1a: Wigglytuff|tox
|move|p1a: Wigglytuff|Blizzard|p2a: Onix
|-supereffective|p2a: Onix
|-damage|p2a: Onix|22\/246
|-damage|p1a: Wigglytuff|304\/435 tox|[from] tox|[of] p2a: Onix
|
|turn|20
|choice|move 4|move 1
|
|move|p2a: Onix|Explosion|p1a: Wigglytuff
|-damage|p1a: Wigglytuff|67\/435 tox
|faint|p2a: Onix
|choice||switch 6
|
|switch|p2a: Porygon|Porygon, L85|284\/284
|turn|21
|choice|move 2|move 2
|
|move|p1a: Wigglytuff|Sing|p2a: Porygon
|-status|p2a: Porygon|slp
|-damage|p1a: Wigglytuff|13\/435 tox|[from] tox|[of] p2a: Porygon
|cant|p2a: Porygon|slp
|
|turn|22
|choice|move 4|move 2
|
|move|p1a: Wigglytuff|Hyper Beam|p2a: Porygon
|-damage|p2a: Porygon|103\/284 slp
|-damage|p1a: Wigglytuff|0 fnt|[from] tox|[of] p2a: Porygon
|faint|p1a: Wigglytuff
|choice|switch 6|
|
|switch|p1a: Machoke|Machoke, L85|310\/310
|turn|23
|choice|move 1|move 1
|
|move|p1a: Machoke|Submission|p2a: Porygon
|-supereffective|p2a: Porygon
|-damage|p2a: Porygon|0 fnt
|-damage|p1a: Machoke|285\/310|[from] recoil|[of] p2a: Porygon
|faint|p2a: Porygon
|choice||switch 4
|
|switch|p2a: Victreebel|Victreebel, L85|310\/310
|turn|24
|choice|switch 4|move 2
|
|switch|p1a: Charizard|Charizard, L85|306\/306
|move|p2a: Victreebel|Sleep Powder|p1a: Charizard
|-status|p1a: Charizard|slp
|
|turn|25
|choice|move 3|move 3
|
|cant|p1a: Charizard|slp
|move|p2a: Victreebel|Hyper Beam|p1a: Charizard
|-damage|p1a: Charizard|180\/306 slp
|
|turn|26
|-mustrecharge|p2a: Victreebel
|-mustrecharge|p2a: Victreebel
|choice|move 3|move 1
|
|-curestatus|p1a: Charizard|slp
|cant|p2a: Victreebel|recharge
|
|turn|27
|choice|move 3|move 2
|
|move|p1a: Charizard|Fire Blast|p2a: Victreebel
|-supereffective|p2a: Victreebel
|-damage|p2a: Victreebel|99\/310
|move|p2a: Victreebel|Sleep Powder|p1a: Charizard
|-status|p1a: Charizard|slp
|
|turn|28
|choice|move 3|move 3
|
|cant|p1a: Charizard|slp
|move|p2a: Victreebel|Hyper Beam|p1a: Charizard
|-damage|p1a: Charizard|55\/306 slp
|
|turn|29
|-mustrecharge|p2a: Victreebel
|-mustrecharge|p2a: Victreebel
|choice|move 3|move 1
|
|-curestatus|p1a: Charizard|slp
|cant|p2a: Victreebel|recharge
|
|turn|30
|choice|move 3|move 3
|
|move|p1a: Charizard|Fire Blast|p2a: Victreebel
|-crit|p2a: Victreebel
|-supereffective|p2a: Victreebel
|-damage|p2a: Victreebel|0 fnt
|faint|p2a: Victreebel
|choice||switch 3
|
|switch|p2a: Kangaskhan|Kangaskhan, L85|352\/352
|turn|31
|choice|move 3|move 3
|
|move|p1a: Charizard|Fire Blast|p2a: Kangaskhan|[miss]
|-miss|p1a: Charizard
|move|p2a: Kangaskhan|Body Slam|p1a: Charizard
|-damage|p1a: Charizard|0 fnt
|faint|p1a: Charizard
|choice|switch 2|
|
|switch|p1a: Persian|Persian, L79|265\/265
|turn|32
|choice|move 1|move 4
|
|move|p1a: Persian|Slash|p2a: Kangaskhan
|-crit|p2a: Kangaskhan
|-damage|p2a: Kangaskhan|240\/352
|move|p2a: Kangaskhan|Counter|p1a: Persian
|-damage|p1a: Persian|41\/265
|
|turn|33
|choice|switch 4|move 3
|
|switch|p1a: Machoke|Machoke, L85|285\/310
|move|p2a: Kangaskhan|Body Slam|p1a: Machoke
|-damage|p1a: Machoke|187\/310
|-status|p1a: Machoke|par
|
|turn|34
|choice|move 1|move 1
|
|move|p2a: Kangaskhan|Hyper Beam|p1a: Machoke
|-damage|p1a: Machoke|2\/310 par
|move|p1a: Machoke|Submission|p2a: Kangaskhan
|-supereffective|p2a: Kangaskhan
|-damage|p2a: Kangaskhan|42\/352
|-damage|p1a: Machoke|0 fnt|[from] recoil|[of] p2a: Kangaskhan
|faint|p1a: Machoke
|choice|switch 4|
|
|switch|p1a: Persian|Persian, L79|41\/265
|turn|35
|-mustrecharge|p2a: Kangaskhan
|-mustrecharge|p2a: Kangaskhan
|choice|move 1|move 1
|
|move|p1a: Persian|Slash|p2a: Kangaskhan
|-crit|p2a: Kangaskhan
|-damage|p2a: Kangaskhan|0 fnt
|faint|p2a: Kangaskhan
|
|win|Fella McFellerson
|raw|Fella McFellerson's rating: 1000 &rarr; <strong>1052<\/strong><br \/>(+52 for winning)
|raw|kardashiancameltoe's rating: 1107 &rarr; <strong>1074<\/strong><br \/>(-33 for losing)
|l|kardashiancameltoe
|player|p2