|join|Conman033
|join|Broncosfan88
|player|p1|Conman033|162
|player|p2|Broncosfan88|266
|gametype|singles
|gen|1
|tier|[Gen 1] Random Battle
|rated
|rule|Sleep Clause Mod: Limit one foe put to sleep
|rule|Freeze Clause Mod: Limit one foe frozen
|rule|HP Percentage Mod: HP is shown in percentages
|
|start
|switch|p1a: Grimer|Grimer, L96|348\/348
|switch|p2a: Pikachu|Pikachu, L96|262\/262
|turn|1
|
|move|p2a: Pikachu|Body Slam|p1a: Grimer
|-damage|p1a: Grimer|279\/348
|move|p1a: Grimer|Body Slam|p2a: Pikachu
|-crit|p2a: Pikachu
|-damage|p2a: Pikachu|73\/262
|-status|p2a: Pikachu|par
|
|turn|2
|
|move|p1a: Grimer|Body Slam|p2a: Pikachu
|-damage|p2a: Pikachu|0 fnt
|faint|p2a: Pikachu
|
|switch|p2a: Gloom|Gloom, L90|291\/291
|turn|3
|
|move|p2a: Gloom|Sleep Powder|p1a: Grimer
|-status|p1a: Grimer|slp
|-curestatus|p1a: Grimer|slp
|
|turn|4
|
|switch|p1a: Pidgeotto|Pidgeotto, L90|297\/297
|move|p2a: Gloom|Sleep Powder|p1a: Pidgeotto
|-status|p1a: Pidgeotto|slp
|
|turn|5
|
|switch|p1a: Grimer|Grimer, L96|279\/348
|switch|p2a: Jynx|Jynx, L79|265\/265
|
|turn|6
|
|switch|p2a: Nidorino|Nidorino, L90|293\/293
|switch|p1a: Drowzee|Drowzee, L96|310\/310
|
|turn|7
|
|switch|p2a: Jynx|Jynx, L79|265\/265
|move|p1a: Drowzee|Thunder Wave|p2a: Jynx
|-status|p2a: Jynx|par
|
|turn|8
|-message|Broncosfan88 forfeited.
|leave|Broncosfan88
|
|win|Conman033
|player|p2