|join|Crorem
|join|kid gf lol
|player|p1|Crorem|121
|player|p2|kid gf lol|168
|gametype|singles
|gen|1
|tier|[Gen 1] OU (beta)
|rated
|rule|Sleep Clause Mod: Limit one foe put to sleep
|rule|Species Clause: Limit one of each Pokemon
|rule|OHKO Clause: OHKO moves are banned
|rule|Moody Clause: Moody is banned
|rule|Evasion Moves Clause: Evasion moves are banned
|rule|Endless Battle Clause: Forcing endless battles is banned.
|rule|HP Percentage Mod: HP is reported as percentages
|
|start
|switch|p1a: Alakazam|Alakazam|313\/313
|switch|p2a: Zam Lead|Alakazam|313\/313
|turn|1
|join|Proximatic
|
|switch|p1a: Chansey|Chansey|703\/703
|move|p2a: Zam Lead|Seismic Toss|p1a: Chansey
|-damage|p1a: Chansey|603\/703
|
|turn|2
|chat|kid gf lol|oh what
|
|switch|p2a: Breakfast Pouch|Chansey|703\/703
|move|p1a: Chansey|Thunder Wave|p2a: Breakfast Pouch
|-status|p2a: Breakfast Pouch|par
|
|turn|3
|
|move|p1a: Chansey|Thunderbolt|p2a: Breakfast Pouch
|-damage|p2a: Breakfast Pouch|629\/703 par
|cant|p2a: Breakfast Pouch|par
|
|turn|4
|join|g171875
|
|switch|p1a: Alakazam|Alakazam|313\/313
|move|p2a: Breakfast Pouch|Ice Beam|p1a: Alakazam
|-damage|p1a: Alakazam|250\/313
|
|turn|5
|
|switch|p2a: Mr Mime|Jynx|333\/333
|move|p1a: Alakazam|Psychic|p2a: Mr Mime
|-resisted|p2a: Mr Mime
|-damage|p2a: Mr Mime|263\/333
|
|turn|6
|
|move|p1a: Alakazam|Seismic Toss|p2a: Mr Mime
|-damage|p2a: Mr Mime|163\/333
|move|p2a: Mr Mime|Lovely Kiss|p1a: Alakazam|[miss]
|-miss|p2a: Mr Mime
|
|turn|7
|
|move|p1a: Alakazam|Seismic Toss|p2a: Mr Mime
|-damage|p2a: Mr Mime|63\/333
|move|p2a: Mr Mime|Lovely Kiss|p1a: Alakazam
|-status|p1a: Alakazam|slp
|
|turn|8
|
|switch|p1a: Chansey|Chansey|603\/703
|move|p2a: Mr Mime|Blizzard|p1a: Chansey
|-damage|p1a: Chansey|475\/703
|
|turn|9
|
|move|p2a: Mr Mime|Blizzard|p1a: Chansey
|-damage|p1a: Chansey|347\/703
|move|p1a: Chansey|Thunderbolt|p2a: Mr Mime
|-damage|p2a: Mr Mime|0 fnt
|faint|p2a: Mr Mime
|
|
|switch|p2a: Breakfast Pouch|Chansey|629\/703 par
|turn|10
|
|move|p1a: Chansey|Soft-Boiled|p1a: Chansey
|-heal|p1a: Chansey|698\/703
|move|p2a: Breakfast Pouch|Ice Beam|p1a: Chansey
|-damage|p1a: Chansey|617\/703
|
|turn|11
|
|switch|p1a: Snorlax|Snorlax|523\/523
|cant|p2a: Breakfast Pouch|par
|
|turn|12
|
|switch|p2a: Result of Incest|Exeggutor|393\/393
|move|p1a: Snorlax|Earthquake|p2a: Result of Incest
|-resisted|p2a: Result of Incest
|-damage|p2a: Result of Incest|345\/393
|
|turn|13
|
|move|p2a: Result of Incest|Psychic|p1a: Snorlax
|-crit|p1a: Snorlax
|-damage|p1a: Snorlax|204\/523
|move|p1a: Snorlax|Body Slam|p2a: Result of Incest
|-damage|p2a: Result of Incest|232\/393
|-status|p2a: Result of Incest|par
|
|turn|14
|
|switch|p1a: Golem|Golem|363\/363
|move|p2a: Result of Incest|Psychic|p1a: Golem
|-damage|p1a: Golem|181\/363
|-unboost|p1a: Golem|spd|1
|-unboost|p1a: Golem|spa|1
|
|turn|15
|
|switch|p1a: Chansey|Chansey|617\/703
|switch|p2a: TNT|Golem|363\/363
|
|turn|16
|
|switch|p1a: Exeggutor|Exeggutor|393\/393
|switch|p2a: Breakfast Pouch|Chansey|629\/703 par
|
|turn|17
|
|switch|p1a: Chansey|Chansey|617\/703
|switch|p2a: Result of Incest|Exeggutor|232\/393 par
|
|turn|18
|
|switch|p1a: Exeggutor|Exeggutor|393\/393
|move|p2a: Result of Incest|Explosion|p1a: Exeggutor
|-damage|p1a: Exeggutor|132\/393
|faint|p2a: Result of Incest
|
|switch|p2a: That's Bull|Tauros|353\/353
|turn|19
|
|switch|p1a: Tauros|Tauros|353\/353
|move|p2a: That's Bull|Hyper Beam|p1a: Tauros
|-damage|p1a: Tauros|179\/353
|
|turn|20
|
|move|p1a: Tauros|Body Slam|p2a: That's Bull
|-crit|p2a: That's Bull
|-damage|p2a: That's Bull|151\/353
|cant|p2a: That's Bull|recharge
|
|turn|21
|
|move|p1a: Tauros|Hyper Beam|p2a: That's Bull
|-damage|p2a: That's Bull|0 fnt
|faint|p2a: That's Bull
|
|
|switch|p2a: Zam Lead|Alakazam|313\/313
|turn|22
|
|move|p2a: Zam Lead|Psychic|p1a: Tauros
|-crit|p1a: Tauros
|-damage|p1a: Tauros|0 fnt
|faint|p1a: Tauros
|
|
|switch|p1a: Exeggutor|Exeggutor|132\/393
|turn|23
|
|switch|p2a: TNT|Golem|363\/363
|move|p1a: Exeggutor|Sleep Powder|p2a: TNT
|-status|p2a: TNT|slp
|
|turn|24
|
|switch|p2a: Breakfast Pouch|Chansey|629\/703 par
|move|p1a: Exeggutor|Psychic|p2a: Breakfast Pouch
|-damage|p2a: Breakfast Pouch|512\/703 par
|
|turn|25
|leave|Proximatic
|
|switch|p1a: Alakazam|Alakazam|250\/313 slp
|switch|p2a: TNT|Golem|363\/363 slp
|
|turn|26
|
|switch|p1a: Chansey|Chansey|617\/703
|switch|p2a: Zam Lead|Alakazam|313\/313
|
|turn|27
|
|switch|p2a: Breakfast Pouch|Chansey|512\/703 par
|move|p1a: Chansey|Ice Beam|p2a: Breakfast Pouch
|-crit|p2a: Breakfast Pouch
|-damage|p2a: Breakfast Pouch|375\/703 par
|
|turn|28
|
|switch|p1a: Snorlax|Snorlax|204\/523
|move|p2a: Breakfast Pouch|Soft-Boiled|p2a: Breakfast Pouch
|-heal|p2a: Breakfast Pouch|703\/703 par
|
|turn|29
|
|switch|p2a: TNT|Golem|363\/363 slp
|move|p1a: Snorlax|Surf|p2a: TNT
|-supereffective|p2a: TNT
|-damage|p2a: TNT|47\/363 slp
|
|turn|30
|
|switch|p2a: Zam Lead|Alakazam|313\/313
|move|p1a: Snorlax|Earthquake|p2a: Zam Lead
|-damage|p2a: Zam Lead|188\/313
|
|turn|31
|
|move|p2a: Zam Lead|Psychic|p1a: Snorlax
|-damage|p1a: Snorlax|22\/523
|move|p1a: Snorlax|Earthquake|p2a: Zam Lead
|-damage|p2a: Zam Lead|52\/313
|
|turn|32
|
|switch|p1a: Alakazam|Alakazam|250\/313 slp
|move|p2a: Zam Lead|Psychic|p1a: Alakazam
|-resisted|p1a: Alakazam
|-damage|p1a: Alakazam|198\/313 slp
|
|turn|33
|
|switch|p1a: Chansey|Chansey|617\/703
|move|p2a: Zam Lead|Seismic Toss|p1a: Chansey
|-damage|p1a: Chansey|517\/703
|
|turn|34
|
|switch|p2a: Breakfast Pouch|Chansey|703\/703 par
|move|p1a: Chansey|Ice Beam|p2a: Breakfast Pouch
|-crit|p2a: Breakfast Pouch
|-damage|p2a: Breakfast Pouch|563\/703 par
|
|turn|35
|
|move|p1a: Chansey|Ice Beam|p2a: Breakfast Pouch
|-damage|p2a: Breakfast Pouch|482\/703 par
|move|p2a: Breakfast Pouch|Ice Beam|p1a: Chansey
|-damage|p1a: Chansey|437\/703
|
|turn|36
|
|switch|p1a: Alakazam|Alakazam|198\/313 slp
|cant|p2a: Breakfast Pouch|par
|
|turn|37
|
|switch|p2a: Zam Lead|Alakazam|52\/313
|cant|p1a: Alakazam|slp
|
|turn|38
|
|switch|p1a: Exeggutor|Exeggutor|132\/393
|move|p2a: Zam Lead|Seismic Toss|p1a: Exeggutor
|-damage|p1a: Exeggutor|32\/393
|
|turn|39
|
|move|p2a: Zam Lead|Seismic Toss|p1a: Exeggutor
|-damage|p1a: Exeggutor|0 fnt
|faint|p1a: Exeggutor
|
|
|switch|p1a: Golem|Golem|181\/363
|turn|40
|join|ashiemore
|
|move|p2a: Zam Lead|Psychic|p1a: Golem
|-damage|p1a: Golem|0 fnt
|faint|p1a: Golem
|
|
|switch|p1a: Chansey|Chansey|437\/703
|turn|41
|
|switch|p2a: Breakfast Pouch|Chansey|482\/703 par
|move|p1a: Chansey|Thunder Wave|p2a: Breakfast Pouch
|-fail|p2a: Breakfast Pouch|par
|
|turn|42
|
|move|p1a: Chansey|Thunderbolt|p2a: Breakfast Pouch
|-damage|p2a: Breakfast Pouch|403\/703 par
|cant|p2a: Breakfast Pouch|par
|
|turn|43
|
|move|p1a: Chansey|Thunderbolt|p2a: Breakfast Pouch
|-damage|p2a: Breakfast Pouch|329\/703 par
|cant|p2a: Breakfast Pouch|par
|
|turn|44
|
|move|p1a: Chansey|Thunderbolt|p2a: Breakfast Pouch
|-damage|p2a: Breakfast Pouch|253\/703 par
|move|p2a: Breakfast Pouch|Ice Beam|p1a: Chansey
|-damage|p1a: Chansey|366\/703
|
|turn|45
|
|move|p1a: Chansey|Thunderbolt|p2a: Breakfast Pouch
|-damage|p2a: Breakfast Pouch|180\/703 par
|move|p2a: Breakfast Pouch|Soft-Boiled|p2a: Breakfast Pouch
|-heal|p2a: Breakfast Pouch|531\/703 par
|
|turn|46
|
|move|p1a: Chansey|Thunderbolt|p2a: Breakfast Pouch
|-damage|p2a: Breakfast Pouch|457\/703 par
|move|p2a: Breakfast Pouch|Soft-Boiled|p2a: Breakfast Pouch
|-heal|p2a: Breakfast Pouch|703\/703 par
|
|turn|47
|
|move|p1a: Chansey|Thunderbolt|p2a: Breakfast Pouch
|-damage|p2a: Breakfast Pouch|635\/703 par
|move|p2a: Breakfast Pouch|Ice Beam|p1a: Chansey
|-damage|p1a: Chansey|294\/703
|
|turn|48
|
|move|p1a: Chansey|Soft-Boiled|p1a: Chansey
|-heal|p1a: Chansey|645\/703
|move|p2a: Breakfast Pouch|Ice Beam|p1a: Chansey
|-damage|p1a: Chansey|575\/703
|
|turn|49
|
|move|p1a: Chansey|Thunderbolt|p2a: Breakfast Pouch
|-damage|p2a: Breakfast Pouch|562\/703 par
|move|p2a: Breakfast Pouch|Ice Beam|p1a: Chansey
|-crit|p1a: Chansey
|-damage|p1a: Chansey|431\/703
|
|turn|50
|
|move|p1a: Chansey|Thunderbolt|p2a: Breakfast Pouch
|-damage|p2a: Breakfast Pouch|483\/703 par
|move|p2a: Breakfast Pouch|Ice Beam|p1a: Chansey
|-damage|p1a: Chansey|360\/703
|-status|p1a: Chansey|frz
|
|turn|51
|
|switch|p1a: Snorlax|Snorlax|22\/523
|move|p2a: Breakfast Pouch|Thunderbolt|p1a: Snorlax
|-crit|p1a: Snorlax
|-damage|p1a: Snorlax|0 fnt
|faint|p1a: Snorlax
|
|
|switch|p1a: Alakazam|Alakazam|198\/313 slp
|turn|52
|
|switch|p2a: Zam Lead|Alakazam|52\/313
|cant|p1a: Alakazam|slp
|
|turn|53
|
|move|p2a: Zam Lead|Recover|p2a: Zam Lead
|-heal|p2a: Zam Lead|208\/313
|cant|p1a: Alakazam|slp
|
|turn|54
|
|cant|p1a: Alakazam|slp
|move|p2a: Zam Lead|Seismic Toss|p1a: Alakazam
|-damage|p1a: Alakazam|98\/313 slp
|
|turn|55
|
|move|p2a: Zam Lead|Seismic Toss|p1a: Alakazam
|-damage|p1a: Alakazam|0 fnt
|faint|p1a: Alakazam
|
|
|switch|p1a: Chansey|Chansey|360\/703 frz
|turn|56
|
|move|p2a: Zam Lead|Psychic|p1a: Chansey
|-damage|p1a: Chansey|231\/703 frz
|-unboost|p1a: Chansey|spd|1
|-unboost|p1a: Chansey|spa|1
|cant|p1a: Chansey|frz
|
|turn|57
|
|move|p2a: Zam Lead|Psychic|p1a: Chansey
|-crit|p1a: Chansey
|-damage|p1a: Chansey|0 fnt
|faint|p1a: Chansey
|
|win|kid gf lol
|raw|Ladder updating...
|raw|Crorem's rating: 1280 &rarr; <strong>1268<\/strong><br \/>(-12 for losing)
|raw|kid gf lol's rating: 1479 &rarr; <strong>1489<\/strong><br \/>(+10 for winning)
|chat|Crorem|gg