|join|Orcaray
|join|MALESANI
|player|p1|Orcaray|110
|player|p2|MALESANI|238
|gametype|singles
|gen|1
|tier|[Gen 1] Random Battle
|rated
|seed|55113,34407,9596,10306
|rule|Sleep Clause Mod: Limit one foe put to sleep
|rule|Freeze Clause Mod: Limit one foe frozen
|rule|HP Percentage Mod: HP is shown in percentages
|
|start
|switch|p1a: Graveler|Graveler, L85|267\/267
|switch|p2a: Magnemite|Magnemite, L96|243\/243
|turn|1
|choice|move 2|switch 5
|
|switch|p2a: Lapras|Lapras, L79|367\/367
|move|p1a: Graveler|Earthquake|p2a: Lapras
|-damage|p2a: Lapras|235\/367
|
|turn|2
|choice|switch 4|move 3
|
|switch|p1a: Gyarados|Gyarados, L85|335\/335
|move|p2a: Lapras|Blizzard|p1a: Gyarados
|-crit|p1a: Gyarados
|-damage|p1a: Gyarados|136\/335
|
|turn|3
|choice|move 1|move 4
|
|move|p1a: Gyarados|Thunderbolt|p2a: Lapras
|-crit|p2a: Lapras
|-supereffective|p2a: Lapras
|-damage|p2a: Lapras|0 fnt
|faint|p2a: Lapras
|choice||switch 6
|
|switch|p2a: Tauros|Tauros, L79|280\/280
|turn|4
|choice|move 4|move 2
|
|move|p2a: Tauros|Body Slam|p1a: Gyarados
|-damage|p1a: Gyarados|50\/335
|move|p1a: Gyarados|Hyper Beam|p2a: Tauros
|-damage|p2a: Tauros|160\/280
|
|turn|5
|-mustrecharge|p1a: Gyarados
|-mustrecharge|p1a: Gyarados
|choice|move 1|move 2
|
|move|p2a: Tauros|Body Slam|p1a: Gyarados
|-crit|p1a: Gyarados
|-damage|p1a: Gyarados|0 fnt
|faint|p1a: Gyarados
|choice|switch 2|
|
|switch|p1a: Drowzee|Drowzee, L96|310\/310
|turn|6
|choice|move 2|move 2
|
|move|p2a: Tauros|Body Slam|p1a: Drowzee
|-damage|p1a: Drowzee|203\/310
|move|p1a: Drowzee|Counter|p2a: Tauros
|-damage|p2a: Tauros|0 fnt
|faint|p2a: Tauros
|choice||switch 3
|
|switch|p2a: Rapidash|Rapidash, L90|300\/300
|turn|7
|choice|move 2|move 1
|
|move|p2a: Rapidash|Fire Blast|p1a: Drowzee
|-damage|p1a: Drowzee|87\/310
|-status|p1a: Drowzee|brn
|move|p1a: Drowzee|Counter|p2a: Rapidash
|-fail|p1a: Drowzee
|-damage|p1a: Drowzee|68\/310 brn|[from] brn|[of] p2a: Rapidash
|
|turn|8
|choice|move 4|move 2
|
|move|p2a: Rapidash|Body Slam|p1a: Drowzee
|-crit|p1a: Drowzee
|-damage|p1a: Drowzee|0 fnt
|faint|p1a: Drowzee
|choice|switch 4|
|
|switch|p1a: Graveler|Graveler, L85|267\/267
|turn|9
|choice|move 2|switch 2
|
|switch|p2a: Weepinbell|Weepinbell, L85|284\/284
|move|p1a: Graveler|Earthquake|p2a: Weepinbell
|-damage|p2a: Weepinbell|142\/284
|
|turn|10
|choice|switch 3|move 3
|
|switch|p1a: Weepinbell|Weepinbell, L85|284\/284
|move|p2a: Weepinbell|Toxic|p1a: Weepinbell
|
|turn|11
|choice|move 2|move 4
|
|move|p1a: Weepinbell|Body Slam|p2a: Weepinbell
|-damage|p2a: Weepinbell|56\/284
|move|p2a: Weepinbell|Body Slam|p1a: Weepinbell
|-crit|p1a: Weepinbell
|-damage|p1a: Weepinbell|134\/284
|
|turn|12
|choice|move 2|move 4
|
|move|p1a: Weepinbell|Body Slam|p2a: Weepinbell
|-damage|p2a: Weepinbell|0 fnt
|faint|p2a: Weepinbell
|choice||switch 2
|
|switch|p2a: Rapidash|Rapidash, L90|300\/300
|turn|13
|choice|switch 3|move 1
|
|switch|p1a: Graveler|Graveler, L85|267\/267
|move|p2a: Rapidash|Fire Blast|p1a: Graveler
|-resisted|p1a: Graveler
|-damage|p1a: Graveler|169\/267
|
|turn|14
|choice|move 2|switch 4
|
|switch|p2a: Omastar|Omastar, L90|309\/309
|move|p1a: Graveler|Earthquake|p2a: Omastar
|-supereffective|p2a: Omastar
|-damage|p2a: Omastar|151\/309
|
|turn|15
|choice|move 2|move 4
|
|move|p2a: Omastar|Hydro Pump|p1a: Graveler
|-supereffective|p1a: Graveler
|-damage|p1a: Graveler|0 fnt
|faint|p1a: Graveler
|choice|switch 5|
|
|switch|p1a: Jolteon|Jolteon, L79|265\/265
|turn|16
|choice|move 2|switch 5
|
|switch|p2a: Magnemite|Magnemite, L96|243\/243
|move|p1a: Jolteon|Double Kick|p2a: Magnemite
|-crit|p2a: Magnemite
|-damage|p2a: Magnemite|211\/243
|-damage|p2a: Magnemite|179\/243
|-hitcount|p2a: Magnemite|2
|
|turn|17
|choice|move 1|move 2
|
|move|p1a: Jolteon|Thunderbolt|p2a: Magnemite
|-resisted|p2a: Magnemite
|-damage|p2a: Magnemite|142\/243
|move|p2a: Magnemite|Thunder Wave|p1a: Jolteon
|-status|p1a: Jolteon|par
|
|turn|18
|choice|move 3|move 3
|
|move|p2a: Magnemite|Thunderbolt|p1a: Jolteon
|-resisted|p1a: Jolteon
|-damage|p1a: Jolteon|208\/265 par
|move|p1a: Jolteon|Thunder Wave|p2a: Magnemite
|-status|p2a: Magnemite|par
|
|turn|19
|choice|move 4|move 4
|
|move|p1a: Jolteon|Pin Missile|p2a: Magnemite|[miss]
|-miss|p1a: Jolteon
|move|p2a: Magnemite|Double-Edge|p1a: Jolteon
|-damage|p1a: Jolteon|136\/265 par
|-damage|p2a: Magnemite|124\/243 par|[from] recoil|[of] p1a: Jolteon
|
|turn|20
|choice|move 2|move 4
|
|move|p1a: Jolteon|Double Kick|p2a: Magnemite
|-damage|p2a: Magnemite|109\/243 par
|-damage|p2a: Magnemite|94\/243 par
|-hitcount|p2a: Magnemite|2
|move|p2a: Magnemite|Double-Edge|p1a: Jolteon
|-damage|p1a: Jolteon|65\/265 par
|-damage|p2a: Magnemite|77\/243 par|[from] recoil|[of] p1a: Jolteon
|
|turn|21
|choice|switch 6|move 4
|
|switch|p1a: Wigglytuff|Wigglytuff, L90|435\/435
|move|p2a: Magnemite|Double-Edge|p1a: Wigglytuff
|-damage|p1a: Wigglytuff|367\/435
|-damage|p2a: Magnemite|60\/243 par|[from] recoil|[of] p1a: Wigglytuff
|
|turn|22
|choice|move 3|move 3
|
|move|p1a: Wigglytuff|Double-Edge|p2a: Magnemite
|-damage|p2a: Magnemite|0 fnt
|-damage|p1a: Wigglytuff|352\/435|[from] recoil|[of] p2a: Magnemite
|faint|p2a: Magnemite
|choice||switch 4
|
|switch|p2a: Rapidash|Rapidash, L90|300\/300
|turn|23
|choice|move 4|move 1
|
|move|p2a: Rapidash|Fire Blast|p1a: Wigglytuff
|-damage|p1a: Wigglytuff|188\/435
|move|p1a: Wigglytuff|Thunder Wave|p2a: Rapidash
|-status|p2a: Rapidash|par
|
|turn|24
|choice|move 2|move 2
|
|move|p1a: Wigglytuff|Hyper Beam|p2a: Rapidash
|-damage|p2a: Rapidash|136\/300 par
|move|p2a: Rapidash|Body Slam|p1a: Wigglytuff
|-damage|p1a: Wigglytuff|86\/435
|
|turn|25
|-mustrecharge|p1a: Wigglytuff
|-mustrecharge|p1a: Wigglytuff
|choice|move 1|move 4
|
|cant|p1a: Wigglytuff|recharge
|cant|p2a: Rapidash|par
|
|turn|26
|choice|move 2|move 4
|
|move|p1a: Wigglytuff|Hyper Beam|p2a: Rapidash
|-damage|p2a: Rapidash|0 fnt
|faint|p2a: Rapidash
|choice||switch 5
|
|switch|p2a: Omastar|Omastar, L90|151\/309
|turn|27
|choice|move 1|move 1
|
|move|p2a: Omastar|Blizzard|p1a: Wigglytuff
|-damage|p1a: Wigglytuff|0 fnt
|faint|p1a: Wigglytuff
|choice|switch 6|
|
|switch|p1a: Jolteon|Jolteon, L79|65\/265 par
|turn|28
|choice|move 2|move 4
|
|move|p2a: Omastar|Hydro Pump|p1a: Jolteon
|-damage|p1a: Jolteon|0 fnt
|faint|p1a: Jolteon
|choice|switch 3|
|
|switch|p1a: Weepinbell|Weepinbell, L85|134\/284
|turn|29
|choice|move 1|move 1
|
|move|p2a: Omastar|Blizzard|p1a: Weepinbell
|-supereffective|p1a: Weepinbell
|-damage|p1a: Weepinbell|0 fnt
|faint|p1a: Weepinbell
|
|win|MALESANI
|raw|Orcaray's rating: 1070 &rarr; <strong>1049<\/strong><br \/>(-21 for losing)
|raw|MALESANI's rating: 1056 &rarr; <strong>1089<\/strong><br \/>(+33 for winning)
|c|★Orcaray|gg
|c|★MALESANI|gg
|leave|Orcaray
|player|p1