|j|smilzo
|j|marcoasd
|player|p1|smilzo|157
|player|p2|marcoasd|170
|gametype|singles
|gen|1
|tier|[Gen 1] OU
|seed|44843,30642,4163,45807
|rule|Sleep Clause Mod: Limit one foe put to sleep
|rule|Freeze Clause Mod: Limit one foe frozen
|rule|Species Clause: Limit one of each Pokémon
|rule|OHKO Clause: OHKO moves are banned
|rule|Evasion Moves Clause: Evasion moves are banned
|rule|HP Percentage Mod: HP is shown in percentages
|
|start
|switch|p1a: Gengar|Gengar|323\/323
|switch|p2a: Alakazam|Alakazam|313\/313
|turn|1
|choice|switch 2|move 1
|
|switch|p1a: Chansey|Chansey|703\/703
|move|p2a: Alakazam|Thunder Wave|p1a: Chansey
|-status|p1a: Chansey|par
|
|turn|2
|choice|move 2|move 2
|
|move|p2a: Alakazam|Psychic|p1a: Chansey
|-damage|p1a: Chansey|575\/703 par
|cant|p1a: Chansey|par
|
|turn|3
|choice|move 2|move 2
|
|move|p2a: Alakazam|Psychic|p1a: Chansey
|-damage|p1a: Chansey|445\/703 par
|-unboost|p1a: Chansey|spd|1
|-unboost|p1a: Chansey|spa|1
|cant|p1a: Chansey|par
|
|turn|4
|choice|move 3|move 2
|
|move|p2a: Alakazam|Psychic|p1a: Chansey
|-damage|p1a: Chansey|263\/703 par
|move|p1a: Chansey|Soft-Boiled|p1a: Chansey
|-heal|p1a: Chansey|614\/703 par
|
|turn|5
|choice|move 2|move 2
|
|move|p2a: Alakazam|Psychic|p1a: Chansey
|-damage|p1a: Chansey|431\/703 par
|move|p1a: Chansey|Sing|p2a: Alakazam|[miss]
|-miss|p1a: Chansey
|
|turn|6
|choice|move 3|move 2
|
|move|p2a: Alakazam|Psychic|p1a: Chansey
|-crit|p1a: Chansey
|-damage|p1a: Chansey|181\/703 par
|cant|p1a: Chansey|par
|
|turn|7
|choice|move 3|move 2
|
|move|p2a: Alakazam|Psychic|p1a: Chansey
|-damage|p1a: Chansey|0 fnt
|faint|p1a: Chansey
|choice|switch 6|
|
|switch|p1a: Snorlax|Snorlax|523\/523
|turn|8
|choice|move 1|switch 5
|
|switch|p2a: Snorlax|Snorlax|523\/523
|move|p1a: Snorlax|Body Slam|p2a: Snorlax
|-damage|p2a: Snorlax|393\/523
|
|turn|9
|choice|move 2|move 2
|
|move|p1a: Snorlax|Earthquake|p2a: Snorlax
|-damage|p2a: Snorlax|292\/523
|move|p2a: Snorlax|Reflect|p2a: Snorlax
|-start|p2a: Snorlax|Reflect
|
|turn|10
|choice|move 3|move 1
|
|move|p2a: Snorlax|Body Slam|p1a: Snorlax
|-damage|p1a: Snorlax|379\/523
|move|p1a: Snorlax|Counter|p2a: Snorlax
|-damage|p2a: Snorlax|4\/523
|
|turn|11
|c|★marcoasd|lol
|choice|move 1|move 3
|
|move|p1a: Snorlax|Body Slam|p2a: Snorlax
|-damage|p2a: Snorlax|0 fnt
|faint|p2a: Snorlax
|choice||switch 3
|
|switch|p2a: Exeggutor|Exeggutor|393\/393
|turn|12
|choice|switch 2|move 1
|
|switch|p1a: Gengar|Gengar|323\/323
|move|p2a: Exeggutor|Sleep Powder|p1a: Gengar
|-status|p1a: Gengar|slp
|
|turn|13
|c|★marcoasd|era il set stronzo
|c|★marcoasd|con rest e selfd
|c|★marcoasd|non il massimo vs gar e counterlax
|c|★smilzo|lol
|c|★marcoasd|ero scoppiato alla fine
|c|★marcoasd|la cattiveria
|c|★smilzo|!
|c|★smilzo|una gioia nella tie l'ho avuta
|choice|switch 4|switch 4
|
|switch|p1a: Starmie|Starmie|323\/323
|switch|p2a: Jolteon|Jolteon|333\/333
|
|turn|14
|c|★marcoasd|mi hai inculato con counter
|c|★smilzo|s ma se vincevi la tie
|c|★smilzo|ciao anche a lax
|choice|switch 3|move 2
|
|switch|p1a: Golem|Golem|363\/363
|move|p2a: Jolteon|Thunder Wave|p1a: Golem
|-immune|p1a: Golem|[msg]
|
|turn|15
|c|★marcoasd|sì
|c|★marcoasd|diiiio
|choice|move 1|switch 4
|
|switch|p2a: Exeggutor|Exeggutor|393\/393
|move|p1a: Golem|Rock Slide|p2a: Exeggutor|[miss]
|-miss|p1a: Golem
|
|turn|16
|c|★smilzo|la cosa brutta è che non posso neanche scoppiare
|choice|switch 3|switch 2
|
|switch|p2a: Chansey|Chansey|703\/703
|switch|p1a: Starmie|Starmie|323\/323
|
|turn|17
|c|★marcoasd|asd
|choice|switch 2|move 3
|
|switch|p1a: Snorlax|Snorlax|379\/523
|move|p2a: Chansey|Thunder Wave|p1a: Snorlax
|-status|p1a: Snorlax|par
|
|turn|18
|choice|move 1|switch 2
|
|switch|p2a: Exeggutor|Exeggutor|393\/393
|move|p1a: Snorlax|Body Slam|p2a: Exeggutor
|-damage|p2a: Exeggutor|275\/393
|-status|p2a: Exeggutor|par
|
|turn|19
|choice|move 1|move 4
|
|cant|p2a: Exeggutor|par
|cant|p1a: Snorlax|par
|
|turn|20
|choice|move 4|move 4
|
|move|p2a: Exeggutor|Explosion|p1a: Snorlax
|-damage|p1a: Snorlax|21\/523 par
|faint|p2a: Exeggutor
|choice||switch 5
|
|switch|p2a: Alakazam|Alakazam|313\/313
|turn|21
|choice|move 4|move 2
|
|move|p2a: Alakazam|Psychic|p1a: Snorlax
|-crit|p1a: Snorlax
|-damage|p1a: Snorlax|0 fnt
|faint|p1a: Snorlax
|choice|switch 2|
|
|switch|p1a: Starmie|Starmie|323\/323
|turn|22
|choice|move 4|move 1
|
|move|p2a: Alakazam|Thunder Wave|p1a: Starmie
|-status|p1a: Starmie|par
|move|p1a: Starmie|Thunder Wave|p2a: Alakazam
|-status|p2a: Alakazam|par
|
|turn|23
|choice|move 2|move 3
|
|move|p2a: Alakazam|Seismic Toss|p1a: Starmie
|-damage|p1a: Starmie|223\/323 par
|move|p1a: Starmie|Psychic|p2a: Alakazam
|-resisted|p2a: Alakazam
|-damage|p2a: Alakazam|273\/313 par
|
|turn|24
|choice|move 2|move 2
|
|move|p2a: Alakazam|Psychic|p1a: Starmie
|-resisted|p1a: Starmie
|-damage|p1a: Starmie|158\/323 par
|move|p1a: Starmie|Psychic|p2a: Alakazam
|-resisted|p2a: Alakazam
|-damage|p2a: Alakazam|229\/313 par
|
|turn|25
|choice|move 3|move 3
|
|cant|p2a: Alakazam|par
|cant|p1a: Starmie|par
|
|turn|26
|choice|move 3|move 3
|
|cant|p2a: Alakazam|par
|move|p1a: Starmie|Recover|p1a: Starmie
|-heal|p1a: Starmie|319\/323 par
|
|turn|27
|choice|move 2|move 2
|
|move|p2a: Alakazam|Psychic|p1a: Starmie
|-resisted|p1a: Starmie
|-damage|p1a: Starmie|254\/323 par
|move|p1a: Starmie|Psychic|p2a: Alakazam
|-resisted|p2a: Alakazam
|-damage|p2a: Alakazam|187\/313 par
|
|turn|28
|choice|move 2|move 4
|
|move|p2a: Alakazam|Recover|p2a: Alakazam
|-heal|p2a: Alakazam|313\/313 par
|cant|p1a: Starmie|par
|
|turn|29
|choice|move 2|move 2
|
|move|p2a: Alakazam|Psychic|p1a: Starmie
|-resisted|p1a: Starmie
|-damage|p1a: Starmie|189\/323 par
|-unboost|p1a: Starmie|spd|1
|-unboost|p1a: Starmie|spa|1
|move|p1a: Starmie|Psychic|p2a: Alakazam
|-crit|p2a: Alakazam
|-resisted|p2a: Alakazam
|-damage|p2a: Alakazam|236\/313 par
|-unboost|p2a: Alakazam|spd|1
|-unboost|p2a: Alakazam|spa|1
|
|turn|30
|choice|move 3|switch 2
|
|switch|p2a: Chansey|Chansey|703\/703
|move|p1a: Starmie|Recover|p1a: Starmie
|-heal|p1a: Starmie|323\/323 par
|
|turn|31
|choice|switch 4|switch 6
|
|switch|p2a: Kingler|Kingler|313\/313
|switch|p1a: Gengar|Gengar|323\/323 slp
|
|turn|32
|c|★marcoasd|eccolo
|c|★smilzo|it appears like i got m e m e d
|c|★marcoasd|non ancora
|choice|move 2|move 1
|
|cant|p1a: Gengar|slp
|move|p2a: Kingler|Crabhammer|p1a: Gengar
|-crit|p1a: Gengar
|-damage|p1a: Gengar|218\/323 slp
|
|turn|33
|choice|move 2|move 1
|
|cant|p1a: Gengar|slp
|move|p2a: Kingler|Crabhammer|p1a: Gengar
|-crit|p1a: Gengar
|-damage|p1a: Gengar|111\/323 slp
|
|turn|34
|c|★smilzo|svegliaa
|choice|move 1|move 1
|
|cant|p1a: Gengar|slp
|move|p2a: Kingler|Crabhammer|p1a: Gengar
|-crit|p1a: Gengar
|-damage|p1a: Gengar|0 fnt
|faint|p1a: Gengar
|choice|switch 5|
|
|switch|p1a: Tauros|Tauros|353\/353
|turn|35
|choice|move 1|move 1
|
|move|p1a: Tauros|Body Slam|p2a: Kingler
|-damage|p2a: Kingler|215\/313
|move|p2a: Kingler|Crabhammer|p1a: Tauros
|-crit|p1a: Tauros
|-damage|p1a: Tauros|183\/353
|
|turn|36
|c|★smilzo|madonna fa cosi tanto
|c|★marcoasd|èh sì
|choice|switch 4|move 2
|
|switch|p1a: Starmie|Starmie|323\/323 par
|move|p2a: Kingler|Body Slam|p1a: Starmie
|-damage|p1a: Starmie|229\/323 par
|
|turn|37
|choice|move 4|switch 2
|
|switch|p2a: Alakazam|Alakazam|236\/313 par
|move|p1a: Starmie|Thunder Wave|p2a: Alakazam
|-fail|p2a: Alakazam|par
|
|turn|38
|choice|move 2|move 2
|
|cant|p2a: Alakazam|par
|move|p1a: Starmie|Psychic|p2a: Alakazam
|-resisted|p2a: Alakazam
|-damage|p2a: Alakazam|191\/313 par
|
|turn|39
|choice|move 2|move 4
|
|cant|p2a: Alakazam|par
|cant|p1a: Starmie|par
|
|turn|40
|choice|move 2|move 4
|
|move|p2a: Alakazam|Recover|p2a: Alakazam
|-heal|p2a: Alakazam|313\/313 par
|move|p1a: Starmie|Psychic|p2a: Alakazam
|-resisted|p2a: Alakazam
|-damage|p2a: Alakazam|274\/313 par
|
|turn|41
|choice|move 3|move 2
|
|move|p2a: Alakazam|Psychic|p1a: Starmie
|-resisted|p1a: Starmie
|-damage|p1a: Starmie|167\/323 par
|move|p1a: Starmie|Recover|p1a: Starmie
|-heal|p1a: Starmie|323\/323 par
|
|turn|42
|choice|move 2|move 2
|
|cant|p2a: Alakazam|par
|move|p1a: Starmie|Psychic|p2a: Alakazam
|-resisted|p2a: Alakazam
|-damage|p2a: Alakazam|235\/313 par
|
|turn|43
|choice|move 2|move 2
|
|move|p2a: Alakazam|Psychic|p1a: Starmie
|-resisted|p1a: Starmie
|-damage|p1a: Starmie|261\/323 par
|move|p1a: Starmie|Psychic|p2a: Alakazam
|-resisted|p2a: Alakazam
|-damage|p2a: Alakazam|196\/313 par
|
|turn|44
|choice|move 2|move 4
|
|move|p2a: Alakazam|Recover|p2a: Alakazam
|-heal|p2a: Alakazam|313\/313 par
|move|p1a: Starmie|Psychic|p2a: Alakazam
|-resisted|p2a: Alakazam
|-damage|p2a: Alakazam|271\/313 par
|
|turn|45
|choice|move 2|move 2
|
|move|p2a: Alakazam|Psychic|p1a: Starmie
|-resisted|p1a: Starmie
|-damage|p1a: Starmie|193\/323 par
|move|p1a: Starmie|Psychic|p2a: Alakazam
|-resisted|p2a: Alakazam
|-damage|p2a: Alakazam|227\/313 par
|-unboost|p2a: Alakazam|spd|1
|-unboost|p2a: Alakazam|spa|1
|
|turn|46
|choice|move 4|move 4
|
|move|p1a: Starmie|Thunder Wave|p2a: Alakazam
|-fail|p2a: Alakazam|par
|move|p2a: Alakazam|Recover|p2a: Alakazam
|-heal|p2a: Alakazam|313\/313 par
|
|turn|47
|choice|move 3|move 3
|
|move|p1a: Starmie|Recover|p1a: Starmie
|-heal|p1a: Starmie|323\/323 par
|move|p2a: Alakazam|Seismic Toss|p1a: Starmie
|-damage|p1a: Starmie|223\/323 par
|
|turn|48
|choice|move 1|switch 6
|
|switch|p2a: Chansey|Chansey|703\/703
|cant|p1a: Starmie|par
|
|turn|49
|choice|move 4|switch 6
|
|switch|p2a: Alakazam|Alakazam|313\/313 par
|move|p1a: Starmie|Thunder Wave|p2a: Alakazam
|-fail|p2a: Alakazam|par
|
|turn|50
|choice|move 2|move 3
|
|move|p2a: Alakazam|Seismic Toss|p1a: Starmie
|-damage|p1a: Starmie|123\/323 par
|move|p1a: Starmie|Psychic|p2a: Alakazam
|-resisted|p2a: Alakazam
|-damage|p2a: Alakazam|272\/313 par
|
|turn|51
|choice|move 3|switch 6
|
|switch|p2a: Chansey|Chansey|703\/703
|move|p1a: Starmie|Recover|p1a: Starmie
|-heal|p1a: Starmie|284\/323 par
|
|turn|52
|choice|switch 3|switch 6
|
|switch|p2a: Alakazam|Alakazam|272\/313 par
|switch|p1a: Golem|Golem|363\/363
|
|turn|53
|choice|move 4|move 2
|
|move|p1a: Golem|Earthquake|p2a: Alakazam
|-damage|p2a: Alakazam|77\/313 par
|cant|p2a: Alakazam|par
|
|turn|54
|choice|move 4|move 2
|
|move|p1a: Golem|Earthquake|p2a: Alakazam
|-damage|p2a: Alakazam|0 fnt
|faint|p2a: Alakazam
|choice||switch 6
|
|switch|p2a: Chansey|Chansey|703\/703
|turn|55
|choice|move 3|move 1
|
|move|p2a: Chansey|Ice Beam|p1a: Golem
|-supereffective|p1a: Golem
|-damage|p1a: Golem|130\/363
|move|p1a: Golem|Substitute|p1a: Golem
|-start|p1a: Golem|Substitute
|-damage|p1a: Golem|40\/363
|
|turn|56
|c|★smilzo|aha merda
|c|★smilzo|non so per quale motivo pensavo di essere faster
|c|★marcoasd|lol
|c|★marcoasd|vabbè
|c|★marcoasd|scoppi e ci provi
|c|★smilzo|già
|choice|move 2|move 1
|
|move|p2a: Chansey|Ice Beam|p1a: Golem
|-supereffective|p1a: Golem
|-end|p1a: Golem|Substitute
|move|p1a: Golem|Explosion|p2a: Chansey
|-crit|p2a: Chansey
|-damage|p2a: Chansey|0 fnt
|faint|p2a: Chansey
|faint|p1a: Golem
|choice|switch 3|switch 2
|
|switch|p2a: Kingler|Kingler|215\/313
|switch|p1a: Starmie|Starmie|284\/323 par
|turn|57
|choice|move 1|move 4
|
|move|p2a: Kingler|Swords Dance|p2a: Kingler
|-boost|p2a: Kingler|atk|2
|move|p1a: Starmie|Thunderbolt|p2a: Kingler
|-supereffective|p2a: Kingler
|-damage|p2a: Kingler|0 fnt
|faint|p2a: Kingler
|c|★marcoasd|oh
|c|★marcoasd|non ha twave
|choice||switch 4
|
|switch|p2a: Jolteon|Jolteon|333\/333
|turn|58
|c|★smilzo|si che ce l'ha
|c|★marcoasd|bèh gg
|choice|move 4|move 1
|
|move|p2a: Jolteon|Thunderbolt|p1a: Starmie
|-crit|p1a: Starmie
|-supereffective|p1a: Starmie
|-damage|p1a: Starmie|0 fnt
|faint|p1a: Starmie
|c|★marcoasd|non ha blizzard
|c|★marcoasd|ecco cosa
|c|★smilzo|già
|choice|switch 4|
|
|switch|p1a: Tauros|Tauros|183\/353
|turn|59
|c|★smilzo|ok ora
|c|★smilzo|devo crittare
|c|★marcoasd|imo body slam
|c|★smilzo|o paralizzarti con slam
|c|★marcoasd|che paralizza al 30%
|c|★marcoasd|io posso crittare
|choice|move 1|move 1
|
|move|p2a: Jolteon|Thunderbolt|p1a: Tauros
|-damage|p1a: Tauros|27\/353
|move|p1a: Tauros|Body Slam|p2a: Jolteon
|-crit|p2a: Jolteon
|-damage|p2a: Jolteon|66\/333
|
|turn|60
|c|★marcoasd|oook
|c|★marcoasd|ggs
|c|★smilzo|effetto secondario
|c|★smilzo|sbagliato
|c|★smilzo|ggs
|choice|move 2|move 1
|
|move|p2a: Jolteon|Thunderbolt|p1a: Tauros
|-damage|p1a: Tauros|0 fnt
|faint|p1a: Tauros
|
|win|marcoasd
|player|p1
|player|p2