|join|The Underwhelmer
|join|OnixWolf21
|player|p1|The Underwhelmer|257
|player|p2|OnixWolf21|1
|gametype|singles
|gen|1
|tier|[Gen 1] Random Battle
|rated
|rule|Sleep Clause Mod: Limit one foe put to sleep
|rule|Freeze Clause Mod: Limit one foe frozen
|rule|HP Percentage Mod: HP is shown in percentages
|
|start
|switch|p1a: Pikachu|Pikachu, L96|262\/262
|switch|p2a: Dragonite|Dragonite, L85|328\/328
|turn|1
|
|move|p1a: Pikachu|Thunder Wave|p2a: Dragonite
|-status|p2a: Dragonite|par
|move|p2a: Dragonite|Surf|p1a: Pikachu
|-damage|p1a: Pikachu|180\/262
|
|turn|2
|
|move|p1a: Pikachu|Thunder|p2a: Dragonite
|-crit|p2a: Dragonite
|-damage|p2a: Dragonite|141\/328 par
|move|p2a: Dragonite|Body Slam|p1a: Pikachu
|-crit|p1a: Pikachu
|-damage|p1a: Pikachu|0 fnt
|faint|p1a: Pikachu
|
|switch|p1a: Vaporeon|Vaporeon, L85|395\/395
|turn|3
|
|move|p1a: Vaporeon|Blizzard|p2a: Dragonite|[miss]
|-miss|p1a: Vaporeon
|move|p2a: Dragonite|Thunder|p1a: Vaporeon|[miss]
|-miss|p2a: Dragonite
|
|turn|4
|
|move|p1a: Vaporeon|Blizzard|p2a: Dragonite
|-supereffective|p2a: Dragonite
|-damage|p2a: Dragonite|0 fnt
|faint|p2a: Dragonite
|
|switch|p2a: Slowpoke|Slowpoke, L96|368\/368
|turn|5
|
|switch|p1a: Oddish|Oddish, L96|281\/281
|move|p2a: Slowpoke|Thunder Wave|p1a: Oddish
|-status|p1a: Oddish|par
|
|turn|6
|
|switch|p2a: Muk|Muk, L90|372\/372
|move|p1a: Oddish|Mega Drain|p2a: Muk
|-resisted|p2a: Muk
|-damage|p2a: Muk|345\/372
|
|turn|7
|
|move|p2a: Muk|Body Slam|p1a: Oddish
|-damage|p1a: Oddish|199\/281 par
|move|p1a: Oddish|Sleep Powder|p2a: Muk
|-status|p2a: Muk|slp
|
|turn|8
|
|switch|p1a: Slowbro|Slowbro, L79|312\/312
|cant|p2a: Muk|slp
|
|turn|9
|
|cant|p2a: Muk|slp
|move|p1a: Slowbro|Amnesia|p1a: Slowbro
|-boost|p1a: Slowbro|spd|2
|-boost|p1a: Slowbro|spa|2
|
|turn|10
|
|cant|p2a: Muk|slp
|move|p1a: Slowbro|Amnesia|p1a: Slowbro
|-boost|p1a: Slowbro|spd|2
|-boost|p1a: Slowbro|spa|2
|
|turn|11
|
|-curestatus|p2a: Muk|slp
|move|p1a: Slowbro|Surf|p2a: Muk
|-damage|p2a: Muk|83\/372
|
|turn|12
|
|move|p2a: Muk|Explosion|p1a: Slowbro
|-damage|p1a: Slowbro|52\/312
|faint|p2a: Muk
|
|switch|p2a: Hitmonchan|Hitmonchan, L90|273\/273
|turn|13
|
|move|p2a: Hitmonchan|Seismic Toss|p1a: Slowbro
|-damage|p1a: Slowbro|0 fnt
|faint|p1a: Slowbro
|
|switch|p1a: Dugtrio|Dugtrio, L85|233\/233
|turn|14
|
|move|p1a: Dugtrio|Earthquake|p2a: Hitmonchan
|-damage|p2a: Hitmonchan|175\/273
|move|p2a: Hitmonchan|Submission|p1a: Dugtrio|[miss]
|-miss|p2a: Hitmonchan
|
|turn|15
|
|move|p1a: Dugtrio|Earthquake|p2a: Hitmonchan
|-damage|p2a: Hitmonchan|78\/273
|move|p2a: Hitmonchan|Submission|p1a: Dugtrio
|-damage|p1a: Dugtrio|97\/233
|-damage|p2a: Hitmonchan|44\/273|[from] recoil|[of] p1a: Dugtrio
|
|turn|16
|
|move|p1a: Dugtrio|Slash|p2a: Hitmonchan
|-crit|p2a: Hitmonchan
|-damage|p2a: Hitmonchan|0 fnt
|faint|p2a: Hitmonchan
|
|switch|p2a: Alakazam|Alakazam, L79|249\/249
|turn|17
|
|move|p1a: Dugtrio|Earthquake|p2a: Alakazam
|-damage|p2a: Alakazam|100\/249
|move|p2a: Alakazam|Psychic|p1a: Dugtrio
|-damage|p1a: Dugtrio|0 fnt
|faint|p1a: Dugtrio
|
|switch|p1a: Vaporeon|Vaporeon, L85|395\/395
|turn|18
|
|move|p2a: Alakazam|Psychic|p1a: Vaporeon
|-damage|p1a: Vaporeon|303\/395
|-unboost|p1a: Vaporeon|spd|1
|-unboost|p1a: Vaporeon|spa|1
|move|p1a: Vaporeon|Surf|p2a: Alakazam
|-damage|p2a: Alakazam|42\/249
|
|turn|19
|
|move|p2a: Alakazam|Recover|p2a: Alakazam
|-heal|p2a: Alakazam|166\/249
|move|p1a: Vaporeon|Surf|p2a: Alakazam
|-damage|p2a: Alakazam|107\/249
|
|turn|20
|
|move|p2a: Alakazam|Recover|p2a: Alakazam
|-heal|p2a: Alakazam|231\/249
|move|p1a: Vaporeon|Mimic|p2a: Alakazam
|-start|p1a: Vaporeon|Mimic|Seismic Toss
|
|turn|21
|
|move|p2a: Alakazam|Psychic|p1a: Vaporeon
|-damage|p1a: Vaporeon|176\/395
|move|p1a: Vaporeon|Seismic Toss|p2a: Alakazam
|-damage|p2a: Alakazam|146\/249
|
|turn|22
|
|move|p2a: Alakazam|Psychic|p1a: Vaporeon
|-damage|p1a: Vaporeon|28\/395
|move|p1a: Vaporeon|Surf|p2a: Alakazam
|-damage|p2a: Alakazam|85\/249
|
|turn|23
|
|move|p2a: Alakazam|Psychic|p1a: Vaporeon
|-crit|p1a: Vaporeon
|-damage|p1a: Vaporeon|0 fnt
|faint|p1a: Vaporeon
|
|switch|p1a: Snorlax|Snorlax, L79|415\/415
|turn|24
|
|switch|p2a: Slowpoke|Slowpoke, L96|368\/368
|move|p1a: Snorlax|Amnesia|p1a: Snorlax
|-boost|p1a: Snorlax|spd|2
|-boost|p1a: Snorlax|spa|2
|
|turn|25
|
|move|p1a: Snorlax|Surf|p2a: Slowpoke
|-resisted|p2a: Slowpoke
|-damage|p2a: Slowpoke|303\/368
|move|p2a: Slowpoke|Thunder Wave|p1a: Snorlax
|-status|p1a: Snorlax|par
|
|turn|26
|
|move|p2a: Slowpoke|Amnesia|p2a: Slowpoke
|-boost|p2a: Slowpoke|spd|2
|-boost|p2a: Slowpoke|spa|2
|move|p1a: Snorlax|Surf|p2a: Slowpoke
|-resisted|p2a: Slowpoke
|-damage|p2a: Slowpoke|272\/368
|
|turn|27
|
|move|p2a: Slowpoke|Amnesia|p2a: Slowpoke
|-boost|p2a: Slowpoke|spd|2
|-boost|p2a: Slowpoke|spa|2
|move|p1a: Snorlax|Self-Destruct|p2a: Slowpoke
|-damage|p2a: Slowpoke|17\/368
|faint|p1a: Snorlax
|
|switch|p1a: Oddish|Oddish, L96|199\/281 par
|turn|28
|
|move|p2a: Slowpoke|Rest|p2a: Slowpoke
|-status|p2a: Slowpoke|slp
|-heal|p2a: Slowpoke|368\/368 slp|[silent]
|-status|p2a: Slowpoke|slp|[from] move: Rest
|move|p1a: Oddish|Mega Drain|p2a: Slowpoke
|-supereffective|p2a: Slowpoke
|-damage|p2a: Slowpoke|326\/368 slp
|-heal|p1a: Oddish|220\/281 par|[from] drain|[of] p2a: Slowpoke
|
|turn|29
|
|cant|p2a: Slowpoke|slp
|cant|p1a: Oddish|par
|
|turn|30
|
|-curestatus|p2a: Slowpoke|slp
|cant|p1a: Oddish|par
|
|turn|31
|
|move|p2a: Slowpoke|Amnesia|p2a: Slowpoke
|-boost|p2a: Slowpoke|spd|2
|-boost|p2a: Slowpoke|spa|2
|move|p1a: Oddish|Mega Drain|p2a: Slowpoke
|-supereffective|p2a: Slowpoke
|-damage|p2a: Slowpoke|289\/368
|-heal|p1a: Oddish|238\/281 par|[from] drain|[of] p2a: Slowpoke
|
|turn|32
|
|move|p2a: Slowpoke|Amnesia|p2a: Slowpoke
|-boost|p2a: Slowpoke|spd|2
|-boost|p2a: Slowpoke|spa|2
|cant|p1a: Oddish|par
|
|turn|33
|
|move|p2a: Slowpoke|Surf|p1a: Oddish
|-resisted|p1a: Oddish
|-damage|p1a: Oddish|75\/281 par
|move|p1a: Oddish|Sleep Powder|p2a: Slowpoke
|-status|p2a: Slowpoke|slp
|
|turn|34
|
|cant|p2a: Slowpoke|slp
|move|p1a: Oddish|Mega Drain|p2a: Slowpoke
|-crit|p2a: Slowpoke
|-supereffective|p2a: Slowpoke
|-damage|p2a: Slowpoke|35\/368 slp
|-heal|p1a: Oddish|202\/281 par|[from] drain|[of] p2a: Slowpoke
|
|turn|35
|
|cant|p2a: Slowpoke|slp
|move|p1a: Oddish|Mega Drain|p2a: Slowpoke
|-supereffective|p2a: Slowpoke
|-damage|p2a: Slowpoke|0 fnt
|-heal|p1a: Oddish|219\/281 par|[from] drain|[of] p2a: Slowpoke
|faint|p2a: Slowpoke
|
|switch|p2a: Alakazam|Alakazam, L79|85\/249
|turn|36
|
|move|p2a: Alakazam|Psychic|p1a: Oddish
|-supereffective|p1a: Oddish
|-damage|p1a: Oddish|1\/281 par
|-unboost|p1a: Oddish|spd|1
|-unboost|p1a: Oddish|spa|1
|cant|p1a: Oddish|par
|
|turn|37
|
|move|p2a: Alakazam|Recover|p2a: Alakazam
|-heal|p2a: Alakazam|209\/249
|move|p1a: Oddish|Double-Edge|p2a: Alakazam
|-damage|p2a: Alakazam|113\/249
|-damage|p1a: Oddish|0 fnt|[from] recoil|[of] p2a: Alakazam
|faint|p1a: Oddish
|
|win|OnixWolf21
|raw|The Underwhelmer's rating: 1234 &rarr; <strong>1200<\/strong><br \/>(-34 for losing)
|raw|OnixWolf21's rating: 1115 &rarr; <strong>1148<\/strong><br \/>(+33 for winning)