|join|balaban
|join|David Red Pro
|player|p1|balaban|101
|player|p2|David Red Pro|1
|gametype|singles
|gen|1
|tier|[Gen 1] Random Battle
|rated
|rule|Sleep Clause Mod: Limit one foe put to sleep
|rule|Freeze Clause Mod: Limit one foe frozen
|rule|HP Percentage Mod: HP is shown in percentages
|
|start
|switch|p1a: Muk|Muk, L85|352\/352
|switch|p2a: Seaking|Seaking, L85|310\/310
|turn|1
|
|move|p2a: Seaking|Blizzard|p1a: Muk|[miss]
|-miss|p2a: Seaking
|move|p1a: Muk|Sludge|p2a: Seaking
|-damage|p2a: Seaking|218\/310
|
|turn|2
|
|move|p2a: Seaking|Blizzard|p1a: Muk
|-damage|p1a: Muk|259\/352
|move|p1a: Muk|Body Slam|p2a: Seaking
|-damage|p2a: Seaking|138\/310
|
|turn|3
|
|move|p2a: Seaking|Surf|p1a: Muk
|-damage|p1a: Muk|155\/352
|move|p1a: Muk|Sludge|p2a: Seaking
|-damage|p2a: Seaking|50\/310
|
|turn|4
|
|move|p2a: Seaking|Double-Edge|p1a: Muk
|-damage|p1a: Muk|79\/352
|-damage|p2a: Seaking|31\/310|[from] recoil|[of] p1a: Muk
|move|p1a: Muk|Sludge|p2a: Seaking
|-damage|p2a: Seaking|0 fnt
|faint|p2a: Seaking
|
|switch|p2a: Mewtwo|Mewtwo, L70|293\/293
|turn|5
|
|move|p2a: Mewtwo|Psychic|p1a: Muk
|-supereffective|p1a: Muk
|-damage|p1a: Muk|0 fnt
|faint|p1a: Muk
|
|switch|p1a: Lapras|Lapras, L79|367\/367
|turn|6
|
|move|p2a: Mewtwo|Psychic|p1a: Lapras
|-crit|p1a: Lapras
|-damage|p1a: Lapras|193\/367
|-unboost|p1a: Lapras|spd|1
|-unboost|p1a: Lapras|spa|1
|move|p1a: Lapras|Confuse Ray|p2a: Mewtwo
|-start|p2a: Mewtwo|confusion
|
|turn|7
|
|-activate|p2a: Mewtwo|confusion
|-damage|p2a: Mewtwo|264\/293|[from] confusion
|move|p1a: Lapras|Ice Beam|p2a: Mewtwo
|-damage|p2a: Mewtwo|216\/293
|
|turn|8
|
|-end|p2a: Mewtwo|confusion
|move|p2a: Mewtwo|Psychic|p1a: Lapras
|-damage|p1a: Lapras|41\/367
|-unboost|p1a: Lapras|spd|1
|-unboost|p1a: Lapras|spa|1
|move|p1a: Lapras|Body Slam|p2a: Mewtwo
|-crit|p2a: Mewtwo
|-damage|p2a: Mewtwo|101\/293
|
|turn|9
|
|move|p2a: Mewtwo|Rest|p2a: Mewtwo
|-status|p2a: Mewtwo|slp
|-heal|p2a: Mewtwo|293\/293 slp|[silent]
|-status|p2a: Mewtwo|slp|[from] move: Rest
|move|p1a: Lapras|Body Slam|p2a: Mewtwo
|-damage|p2a: Mewtwo|236\/293 slp
|
|turn|10
|
|cant|p2a: Mewtwo|slp
|move|p1a: Lapras|Body Slam|p2a: Mewtwo
|-damage|p2a: Mewtwo|183\/293 slp
|
|turn|11
|
|cant|p2a: Mewtwo|slp
|-curestatus|p2a: Mewtwo|slp
|move|p1a: Lapras|Body Slam|p2a: Mewtwo
|-damage|p2a: Mewtwo|124\/293
|-status|p2a: Mewtwo|par
|
|turn|12
|
|move|p1a: Lapras|Confuse Ray|p2a: Mewtwo
|-start|p2a: Mewtwo|confusion
|-activate|p2a: Mewtwo|confusion
|move|p2a: Mewtwo|Psychic|p1a: Lapras
|-damage|p1a: Lapras|0 fnt
|faint|p1a: Lapras
|c|★David Red Pro|mewtwo is very powerfull
|
|switch|p1a: Flareon|Flareon, L85|284\/284
|turn|13
|
|move|p1a: Flareon|Fire Blast|p2a: Mewtwo
|-damage|p2a: Mewtwo|8\/293 par
|-end|p2a: Mewtwo|confusion
|move|p2a: Mewtwo|Psychic|p1a: Flareon
|-damage|p1a: Flareon|209\/284
|
|turn|14
|
|move|p1a: Flareon|Quick Attack|p2a: Mewtwo
|-crit|p2a: Mewtwo
|-damage|p2a: Mewtwo|0 fnt
|faint|p2a: Mewtwo
|
|switch|p2a: Zapdos|Zapdos, L79|304\/304
|turn|15
|
|move|p2a: Zapdos|Drill Peck|p1a: Flareon
|-damage|p1a: Flareon|116\/284
|move|p1a: Flareon|Fire Blast|p2a: Zapdos
|-damage|p2a: Zapdos|194\/304
|-status|p2a: Zapdos|brn
|
|turn|16
|
|move|p2a: Zapdos|Thunderbolt|p1a: Flareon
|-damage|p1a: Flareon|24\/284
|-damage|p2a: Zapdos|175\/304 brn|[from] brn|[of] p1a: Flareon
|move|p1a: Flareon|Fire Blast|p2a: Zapdos
|-damage|p2a: Zapdos|64\/304 brn
|
|turn|17
|
|switch|p1a: Gloom|Gloom, L85|276\/276
|move|p2a: Zapdos|Drill Peck|p1a: Gloom
|-crit|p1a: Gloom
|-supereffective|p1a: Gloom
|-damage|p1a: Gloom|0 fnt
|faint|p1a: Gloom
|
|switch|p1a: Scyther|Scyther, L85|293\/293
|turn|18
|
|move|p1a: Scyther|Slash|p2a: Zapdos
|-crit|p2a: Zapdos
|-damage|p2a: Zapdos|0 fnt
|faint|p2a: Zapdos
|
|switch|p2a: Wigglytuff|Wigglytuff, L85|412\/412
|turn|19
|
|move|p1a: Scyther|Slash|p2a: Wigglytuff
|-crit|p2a: Wigglytuff
|-damage|p2a: Wigglytuff|251\/412
|move|p2a: Wigglytuff|Blizzard|p1a: Scyther
|-supereffective|p1a: Scyther
|-damage|p1a: Scyther|143\/293
|
|turn|20
|
|switch|p1a: Golduck|Golduck, L85|310\/310
|move|p2a: Wigglytuff|Blizzard|p1a: Golduck
|-resisted|p1a: Golduck
|-damage|p1a: Golduck|277\/310
|
|turn|21
|
|move|p1a: Golduck|Amnesia|p1a: Golduck
|-boost|p1a: Golduck|spd|2
|-boost|p1a: Golduck|spa|2
|move|p2a: Wigglytuff|Thunder Wave|p1a: Golduck
|-status|p1a: Golduck|par
|
|turn|22
|
|move|p2a: Wigglytuff|Double-Edge|p1a: Golduck
|-damage|p1a: Golduck|190\/310 par
|-damage|p2a: Wigglytuff|230\/412|[from] recoil|[of] p1a: Golduck
|cant|p1a: Golduck|par
|
|turn|23
|
|move|p2a: Wigglytuff|Double-Edge|p1a: Golduck
|-damage|p1a: Golduck|101\/310 par
|-damage|p2a: Wigglytuff|208\/412|[from] recoil|[of] p1a: Golduck
|move|p1a: Golduck|Blizzard|p2a: Wigglytuff
|-damage|p2a: Wigglytuff|0 fnt
|faint|p2a: Wigglytuff
|
|switch|p2a: Jigglypuff|Jigglypuff, L99|428\/428
|turn|24
|
|move|p2a: Jigglypuff|Body Slam|p1a: Golduck
|-damage|p1a: Golduck|19\/310 par
|move|p1a: Golduck|Blizzard|p2a: Jigglypuff
|-damage|p2a: Jigglypuff|199\/428
|
|turn|25
|
|move|p2a: Jigglypuff|Body Slam|p1a: Golduck
|-damage|p1a: Golduck|0 fnt
|faint|p1a: Golduck
|
|switch|p1a: Scyther|Scyther, L85|143\/293
|turn|26
|
|move|p1a: Scyther|Hyper Beam|p2a: Jigglypuff
|-damage|p2a: Jigglypuff|17\/428
|move|p2a: Jigglypuff|Body Slam|p1a: Scyther
|-damage|p1a: Scyther|56\/293
|
|turn|27
|
|cant|p1a: Scyther|recharge
|move|p2a: Jigglypuff|Body Slam|p1a: Scyther
|-damage|p1a: Scyther|0 fnt
|faint|p1a: Scyther
|
|switch|p1a: Flareon|Flareon, L85|24\/284
|turn|28
|
|move|p1a: Flareon|Quick Attack|p2a: Jigglypuff
|-damage|p2a: Jigglypuff|0 fnt
|faint|p2a: Jigglypuff
|c|★David Red Pro|1v1
|c|★David Red Pro|monotype
|
|switch|p2a: Weepinbell|Weepinbell, L85|284\/284
|turn|29
|
|move|p1a: Flareon|Fire Blast|p2a: Weepinbell
|-supereffective|p2a: Weepinbell
|-damage|p2a: Weepinbell|19\/284
|move|p2a: Weepinbell|Body Slam|p1a: Flareon
|-damage|p1a: Flareon|0 fnt
|faint|p1a: Flareon
|
|win|David Red Pro
|raw|Ladder updating...