|j|Iezus
|j|Luxus Dreyar
|player|p1|Iezus|275
|player|p2|Luxus Dreyar|293
|gametype|singles
|gen|1
|tier|[Gen 1] Random Battle
|rated
|seed|51010,59534,63445,64384
|rule|Sleep Clause Mod: Limit one foe put to sleep
|rule|Freeze Clause Mod: Limit one foe frozen
|rule|HP Percentage Mod: HP is shown in percentages
|
|start
|switch|p1a: Ivysaur|Ivysaur, L85|276\/276
|switch|p2a: Scyther|Scyther, L90|309\/309
|turn|1
|choice|switch 2|move 3
|
|switch|p1a: Kabutops|Kabutops, L85|276\/276
|move|p2a: Scyther|Slash|p1a: Kabutops
|-crit|p1a: Kabutops
|-resisted|p1a: Kabutops
|-damage|p1a: Kabutops|226\/276
|
|turn|2
|choice|move 3|switch 6
|
|switch|p2a: Machoke|Machoke, L85|310\/310
|move|p1a: Kabutops|Body Slam|p2a: Machoke
|-damage|p2a: Machoke|226\/310
|
|turn|3
|choice|switch 2|move 1
|
|switch|p1a: Ivysaur|Ivysaur, L85|276\/276
|move|p2a: Machoke|Body Slam|p1a: Ivysaur
|-damage|p1a: Ivysaur|196\/276
|
|turn|4
|choice|move 2|move 1
|
|move|p1a: Ivysaur|Razor Leaf|p2a: Machoke|[miss]
|-miss|p1a: Ivysaur
|move|p2a: Machoke|Body Slam|p1a: Ivysaur
|-damage|p1a: Ivysaur|117\/276
|
|turn|5
|choice|move 1|move 1
|
|move|p1a: Ivysaur|Sleep Powder|p2a: Machoke
|-status|p2a: Machoke|slp
|cant|p2a: Machoke|slp
|
|turn|6
|choice|move 2|switch 6
|
|switch|p2a: Scyther|Scyther, L90|309\/309
|move|p1a: Ivysaur|Razor Leaf|p2a: Scyther
|-crit|p2a: Scyther
|-resisted|p2a: Scyther
|-damage|p2a: Scyther|276\/309
|
|turn|7
|choice|switch 2|move 3
|
|switch|p1a: Kabutops|Kabutops, L85|226\/276
|move|p2a: Scyther|Slash|p1a: Kabutops
|-crit|p1a: Kabutops
|-resisted|p1a: Kabutops
|-damage|p1a: Kabutops|178\/276
|
|turn|8
|choice|move 3|switch 6
|
|switch|p2a: Machoke|Machoke, L85|226\/310 slp
|move|p1a: Kabutops|Body Slam|p2a: Machoke
|-damage|p2a: Machoke|146\/310 slp
|
|turn|9
|choice|move 4|move 1
|
|move|p1a: Kabutops|Swords Dance|p1a: Kabutops
|-boost|p1a: Kabutops|atk|2
|cant|p2a: Machoke|slp
|
|turn|10
|choice|move 4|move 1
|
|move|p1a: Kabutops|Swords Dance|p1a: Kabutops
|-boost|p1a: Kabutops|atk|2
|-curestatus|p2a: Machoke|slp
|
|turn|11
|choice|move 3|move 1
|
|move|p1a: Kabutops|Body Slam|p2a: Machoke
|-damage|p2a: Machoke|0 fnt
|faint|p2a: Machoke
|choice||switch 2
|
|switch|p2a: Marowak|Marowak, L90|291\/291
|turn|12
|choice|move 1|move 4
|
|move|p1a: Kabutops|Surf|p2a: Marowak
|-supereffective|p2a: Marowak
|-damage|p2a: Marowak|64\/291
|move|p2a: Marowak|Earthquake|p1a: Kabutops
|-supereffective|p1a: Kabutops
|-damage|p1a: Kabutops|0 fnt
|faint|p1a: Kabutops
|choice|switch 2|
|
|switch|p1a: Ivysaur|Ivysaur, L85|117\/276
|turn|13
|choice|move 2|move 3
|
|move|p1a: Ivysaur|Razor Leaf|p2a: Marowak
|-crit|p2a: Marowak
|-supereffective|p2a: Marowak
|-damage|p2a: Marowak|0 fnt
|faint|p2a: Marowak
|choice||switch 6
|
|switch|p2a: Scyther|Scyther, L90|276\/309
|turn|14
|choice|switch 4|move 3
|
|switch|p1a: Slowbro|Slowbro, L79|312\/312
|move|p2a: Scyther|Slash|p1a: Slowbro
|-crit|p1a: Slowbro
|-damage|p1a: Slowbro|196\/312
|
|turn|15
|choice|move 4|move 3
|
|move|p2a: Scyther|Slash|p1a: Slowbro
|-crit|p1a: Slowbro
|-damage|p1a: Slowbro|88\/312
|move|p1a: Slowbro|Thunder Wave|p2a: Scyther
|-status|p2a: Scyther|par
|
|turn|16
|choice|switch 5|move 3
|
|switch|p1a: Charmeleon|Charmeleon, L85|272\/272
|move|p2a: Scyther|Slash|p1a: Charmeleon
|-crit|p1a: Charmeleon
|-damage|p1a: Charmeleon|116\/272
|
|turn|17
|choice|move 3|switch 4
|
|switch|p2a: Kabutops|Kabutops, L85|276\/276
|move|p1a: Charmeleon|Substitute|p1a: Charmeleon
|-start|p1a: Charmeleon|Substitute
|-damage|p1a: Charmeleon|48\/272
|
|turn|18
|choice|move 2|move 2
|
|move|p2a: Kabutops|Surf|p1a: Charmeleon
|-supereffective|p1a: Charmeleon
|-end|p1a: Charmeleon|Substitute
|move|p1a: Charmeleon|Submission|p2a: Kabutops
|-supereffective|p2a: Kabutops
|-damage|p2a: Kabutops|197\/276
|-damage|p1a: Charmeleon|29\/272|[from] recoil|[of] p2a: Kabutops
|
|turn|19
|choice|move 4|move 3
|
|move|p1a: Charmeleon|Body Slam|p2a: Kabutops
|-resisted|p2a: Kabutops
|-damage|p2a: Kabutops|176\/276
|move|p2a: Kabutops|Body Slam|p1a: Charmeleon
|-crit|p1a: Charmeleon
|-damage|p1a: Charmeleon|0 fnt
|faint|p1a: Charmeleon
|choice|switch 4|
|
|switch|p1a: Ivysaur|Ivysaur, L85|117\/276
|turn|20
|choice|move 2|switch 4
|
|switch|p2a: Scyther|Scyther, L90|276\/309 par
|move|p1a: Ivysaur|Razor Leaf|p2a: Scyther
|-crit|p2a: Scyther
|-resisted|p2a: Scyther
|-damage|p2a: Scyther|244\/309 par
|
|turn|21
|choice|switch 3|move 3
|
|switch|p1a: Flareon|Flareon, L90|300\/300
|move|p2a: Scyther|Slash|p1a: Flareon
|-crit|p1a: Flareon
|-damage|p1a: Flareon|160\/300
|
|turn|22
|choice|switch 3|switch 4
|
|switch|p1a: Ivysaur|Ivysaur, L85|117\/276
|switch|p2a: Kabutops|Kabutops, L85|176\/276
|
|turn|23
|choice|move 3|switch 4
|
|switch|p2a: Scyther|Scyther, L90|244\/309 par
|move|p1a: Ivysaur|Body Slam|p2a: Scyther
|-damage|p2a: Scyther|197\/309 par
|
|turn|24
|choice|move 3|move 3
|
|move|p1a: Ivysaur|Body Slam|p2a: Scyther
|-damage|p2a: Scyther|152\/309 par
|move|p2a: Scyther|Slash|p1a: Ivysaur
|-crit|p1a: Ivysaur
|-damage|p1a: Ivysaur|0 fnt
|faint|p1a: Ivysaur
|choice|switch 6|
|
|switch|p1a: Chansey|Chansey, L79|557\/557
|turn|25
|choice|move 4|move 3
|
|move|p1a: Chansey|Ice Beam|p2a: Scyther
|-supereffective|p2a: Scyther
|-damage|p2a: Scyther|6\/309 par
|move|p2a: Scyther|Slash|p1a: Chansey
|-crit|p1a: Chansey
|-damage|p1a: Chansey|252\/557
|
|turn|26
|choice|move 1|move 3
|
|move|p1a: Chansey|Soft-Boiled|p1a: Chansey
|-heal|p1a: Chansey|530\/557
|cant|p2a: Scyther|par
|
|turn|27
|choice|move 4|move 3
|
|move|p1a: Chansey|Ice Beam|p2a: Scyther
|-supereffective|p2a: Scyther
|-damage|p2a: Scyther|0 fnt
|faint|p2a: Scyther
|choice||switch 4
|
|switch|p2a: Kabutops|Kabutops, L85|176\/276
|turn|28
|choice|move 3|move 3
|
|move|p2a: Kabutops|Body Slam|p1a: Chansey
|-damage|p1a: Chansey|347\/557
|move|p1a: Chansey|Counter|p2a: Kabutops
|-damage|p2a: Kabutops|0 fnt
|faint|p2a: Kabutops
|choice||switch 3
|
|switch|p2a: Mr. Mime|Mr. Mime, L85|242\/242
|turn|29
|choice|move 1|move 2
|
|move|p2a: Mr. Mime|Thunder Wave|p1a: Chansey
|-status|p1a: Chansey|par
|move|p1a: Chansey|Soft-Boiled|p1a: Chansey
|-heal|p1a: Chansey|557\/557 par
|
|turn|30
|choice|move 4|move 1
|
|move|p2a: Mr. Mime|Psychic|p1a: Chansey
|-damage|p1a: Chansey|463\/557 par
|move|p1a: Chansey|Ice Beam|p2a: Mr. Mime
|-damage|p2a: Mr. Mime|184\/242
|
|turn|31
|choice|move 4|move 1
|
|move|p2a: Mr. Mime|Psychic|p1a: Chansey
|-damage|p1a: Chansey|368\/557 par
|move|p1a: Chansey|Ice Beam|p2a: Mr. Mime
|-damage|p2a: Mr. Mime|126\/242
|
|turn|32
|choice|move 1|move 1
|
|move|p2a: Mr. Mime|Psychic|p1a: Chansey
|-damage|p1a: Chansey|272\/557 par
|-unboost|p1a: Chansey|spd|1
|-unboost|p1a: Chansey|spa|1
|cant|p1a: Chansey|par
|
|turn|33
|choice|move 1|move 1
|
|move|p2a: Mr. Mime|Psychic|p1a: Chansey
|-damage|p1a: Chansey|134\/557 par
|-unboost|p1a: Chansey|spd|1
|-unboost|p1a: Chansey|spa|1
|move|p1a: Chansey|Soft-Boiled|p1a: Chansey
|-heal|p1a: Chansey|412\/557 par
|
|turn|34
|choice|move 1|move 1
|
|move|p2a: Mr. Mime|Psychic|p1a: Chansey
|-damage|p1a: Chansey|224\/557 par
|cant|p1a: Chansey|par
|
|turn|35
|choice|move 1|move 1
|
|move|p2a: Mr. Mime|Psychic|p1a: Chansey
|-damage|p1a: Chansey|47\/557 par
|move|p1a: Chansey|Soft-Boiled|p1a: Chansey
|-heal|p1a: Chansey|325\/557 par
|
|turn|36
|choice|move 1|move 1
|
|move|p2a: Mr. Mime|Psychic|p1a: Chansey
|-damage|p1a: Chansey|125\/557 par
|move|p1a: Chansey|Soft-Boiled|p1a: Chansey
|-heal|p1a: Chansey|403\/557 par
|
|turn|37
|choice|move 1|move 1
|
|move|p2a: Mr. Mime|Psychic|p1a: Chansey
|-damage|p1a: Chansey|211\/557 par
|move|p1a: Chansey|Soft-Boiled|p1a: Chansey
|-heal|p1a: Chansey|489\/557 par
|
|turn|38
|choice|switch 3|move 1
|
|switch|p1a: Flareon|Flareon, L90|160\/300
|move|p2a: Mr. Mime|Psychic|p1a: Flareon
|-damage|p1a: Flareon|79\/300
|
|turn|39
|choice|move 4|move 1
|
|move|p1a: Flareon|Quick Attack|p2a: Mr. Mime
|-crit|p2a: Mr. Mime
|-damage|p2a: Mr. Mime|27\/242
|move|p2a: Mr. Mime|Psychic|p1a: Flareon
|-damage|p1a: Flareon|0 fnt
|faint|p1a: Flareon
|choice|switch 3|
|
|switch|p1a: Chansey|Chansey, L79|489\/557 par
|turn|40
|choice|move 4|move 1
|
|move|p2a: Mr. Mime|Psychic|p1a: Chansey
|-damage|p1a: Chansey|395\/557 par
|move|p1a: Chansey|Ice Beam|p2a: Mr. Mime
|-damage|p2a: Mr. Mime|0 fnt
|faint|p2a: Mr. Mime
|choice||switch 5
|
|switch|p2a: Rapidash|Rapidash, L90|300\/300
|turn|41
|choice|move 1|move 4
|
|move|p2a: Rapidash|Body Slam|p1a: Chansey
|-damage|p1a: Chansey|206\/557 par
|move|p1a: Chansey|Soft-Boiled|p1a: Chansey
|-heal|p1a: Chansey|484\/557 par
|
|turn|42
|choice|move 3|move 4
|
|move|p2a: Rapidash|Body Slam|p1a: Chansey
|-crit|p1a: Chansey
|-damage|p1a: Chansey|85\/557 par
|move|p1a: Chansey|Counter|p2a: Rapidash
|-damage|p2a: Rapidash|0 fnt
|faint|p2a: Rapidash
|
|win|Iezus
|player|p1
|player|p2
|raw|Iezus's rating: 1456 &rarr; <strong>1468<\/strong><br \/>(+12 for winning)
|raw|Luxus Dreyar's rating: 1304 &rarr; <strong>1292<\/strong><br \/>(-12 for losing)
|l|Luxus Dreyar