|join|Tendoh
|join|Shad0wTrainer
|player|p1|Tendoh|1
|player|p2|Shad0wTrainer|153
|gametype|singles
|gen|1
|tier|[Gen 1] OU (beta)
|rated
|rule|Sleep Clause Mod: Limit one foe put to sleep
|rule|Species Clause: Limit one of each Pokémon
|rule|OHKO Clause: OHKO moves are banned
|rule|Moody Clause: Moody is banned
|rule|Evasion Moves Clause: Evasion moves are banned
|rule|Endless Battle Clause: Forcing endless battles is banned
|rule|HP Percentage Mod: HP is shown in percentages
|
|start
|switch|p1a: Luma|Starmie|323\/323
|switch|p2a: Moustache|Alakazam|313\/313
|turn|1
|
|switch|p2a: chilled-dude|Exeggutor|393\/393
|switch|p1a: Whorey|Chansey|703\/703
|
|turn|2
|
|switch|p1a: Kim Peek|Alakazam|313\/313
|move|p2a: chilled-dude|Sleep Powder|p1a: Kim Peek|[miss]
|-miss|p2a: chilled-dude
|
|turn|3
|
|switch|p2a: Moustache|Alakazam|313\/313
|move|p1a: Kim Peek|Seismic Toss|p2a: Moustache
|-damage|p2a: Moustache|213\/313
|
|turn|4
|
|switch|p1a: Whorey|Chansey|703\/703
|move|p2a: Moustache|Thunder Wave|p1a: Whorey
|-status|p1a: Whorey|par
|
|turn|5
|
|move|p2a: Moustache|Psychic|p1a: Whorey
|-damage|p1a: Whorey|575\/703 par
|move|p1a: Whorey|Ice Beam|p2a: Moustache
|-crit|p2a: Moustache
|-damage|p2a: Moustache|79\/313
|
|turn|6
|
|move|p2a: Moustache|Recover|p2a: Moustache
|-heal|p2a: Moustache|235\/313
|cant|p1a: Whorey|par
|
|turn|7
|
|move|p2a: Moustache|Seismic Toss|p1a: Whorey
|-damage|p1a: Whorey|475\/703 par
|cant|p1a: Whorey|par
|
|turn|8
|
|move|p2a: Moustache|Psychic|p1a: Whorey
|-damage|p1a: Whorey|351\/703 par
|move|p1a: Whorey|Ice Beam|p2a: Moustache
|-damage|p2a: Moustache|170\/313
|
|turn|9
|
|move|p2a: Moustache|Psychic|p1a: Whorey
|-damage|p1a: Whorey|223\/703 par
|-unboost|p1a: Whorey|spd|1
|-unboost|p1a: Whorey|spa|1
|cant|p1a: Whorey|par
|
|turn|10
|
|switch|p1a: Kim Peek|Alakazam|313\/313
|move|p2a: Moustache|Psychic|p1a: Kim Peek
|-resisted|p1a: Kim Peek
|-damage|p1a: Kim Peek|258\/313
|-unboost|p1a: Kim Peek|spd|1
|-unboost|p1a: Kim Peek|spa|1
|
|turn|11
|
|move|p2a: Moustache|Thunder Wave|p1a: Kim Peek
|-status|p1a: Kim Peek|par
|move|p1a: Kim Peek|Seismic Toss|p2a: Moustache
|-damage|p2a: Moustache|70\/313
|
|turn|12
|
|move|p2a: Moustache|Recover|p2a: Moustache
|-heal|p2a: Moustache|226\/313
|move|p1a: Kim Peek|Thunder Wave|p2a: Moustache
|-status|p2a: Moustache|par
|
|turn|13
|
|move|p2a: Moustache|Psychic|p1a: Kim Peek
|-resisted|p1a: Kim Peek
|-damage|p1a: Kim Peek|172\/313 par
|-unboost|p1a: Kim Peek|spd|1
|-unboost|p1a: Kim Peek|spa|1
|move|p1a: Kim Peek|Seismic Toss|p2a: Moustache
|-damage|p2a: Moustache|126\/313 par
|
|turn|14
|
|switch|p2a: briks|Golem|363\/363
|move|p1a: Kim Peek|Recover|p1a: Kim Peek
|-heal|p1a: Kim Peek|313\/313 par
|
|turn|15
|
|move|p2a: briks|Earthquake|p1a: Kim Peek
|-damage|p1a: Kim Peek|128\/313 par
|cant|p1a: Kim Peek|par
|
|turn|16
|
|switch|p1a: Hensel sisters|Exeggutor|393\/393
|move|p2a: briks|Earthquake|p1a: Hensel sisters
|-resisted|p1a: Hensel sisters
|-damage|p1a: Hensel sisters|321\/393
|
|turn|17
|join|Sceptile1324
|-message|Tendoh lost due to inactivity.
|
|win|Shad0wTrainer
|raw|Ladder updating...
|raw|Tendoh's rating: 1416 &rarr; <strong>1390<\/strong><br \/>(-26 for losing)
|raw|Shad0wTrainer's rating: 1315 &rarr; <strong>1340<\/strong><br \/>(+25 for winning)
|leave|Sceptile1324
|leave|Shad0wTrainer
|player|p2