|join|Hi5er
|join|MALESANI
|player|p1|Hi5er|144
|player|p2|MALESANI|238
|gametype|singles
|gen|1
|tier|[Gen 1] Random Battle
|rated
|seed|24216,25070,16970,53949
|rule|Sleep Clause Mod: Limit one foe put to sleep
|rule|Freeze Clause Mod: Limit one foe frozen
|rule|HP Percentage Mod: HP is shown in percentages
|
|start
|switch|p1a: Snorlax|Snorlax, L79|415\/415
|switch|p2a: Fearow|Fearow, L90|300\/300
|turn|1
|choice|switch 6|move 3
|
|switch|p1a: Magneton|Magneton, L90|273\/273
|move|p2a: Fearow|Drill Peck|p1a: Magneton
|-resisted|p1a: Magneton
|-damage|p1a: Magneton|232\/273
|
|turn|2
|join|hellyeahrory
|choice|move 3|switch 4
|
|switch|p2a: Diglett|Diglett, L96|214\/214
|move|p1a: Magneton|Thunder Wave|p2a: Diglett
|-immune|p2a: Diglett|[msg]
|
|turn|3
|choice|switch 3|move 1
|
|switch|p1a: Farfetch'd|Farfetch'd, L99|304\/304
|move|p2a: Diglett|Earthquake|p1a: Farfetch'd
|-immune|p1a: Farfetch'd|[msg]
|
|turn|4
|choice|move 2|switch 5
|
|switch|p2a: Haunter|Haunter, L85|250\/250
|move|p1a: Farfetch'd|Toxic|p2a: Haunter
|
|turn|5
|choice|move 4|move 4
|
|move|p2a: Haunter|Psychic|p1a: Farfetch'd
|-damage|p1a: Farfetch'd|227\/304
|move|p1a: Farfetch'd|Body Slam|p2a: Haunter
|-immune|p2a: Haunter|[msg]
|
|turn|6
|choice|switch 6|move 2
|
|switch|p1a: Snorlax|Snorlax, L79|415\/415
|move|p2a: Haunter|Thunderbolt|p1a: Snorlax
|-damage|p1a: Snorlax|320\/415
|
|turn|7
|choice|move 1|move 1
|
|move|p2a: Haunter|Hypnosis|p1a: Snorlax
|-status|p1a: Snorlax|slp
|cant|p1a: Snorlax|slp
|
|turn|8
|choice|switch 3|move 4
|
|switch|p1a: Magneton|Magneton, L90|232\/273
|move|p2a: Haunter|Psychic|p1a: Magneton
|-damage|p1a: Magneton|179\/273
|-unboost|p1a: Magneton|spd|1
|-unboost|p1a: Magneton|spa|1
|
|turn|9
|choice|move 3|switch 5
|
|switch|p2a: Diglett|Diglett, L96|214\/214
|move|p1a: Magneton|Thunder Wave|p2a: Diglett
|-immune|p2a: Diglett|[msg]
|
|turn|10
|choice|switch 6|move 2
|
|switch|p1a: Farfetch'd|Farfetch'd, L99|227\/304
|move|p2a: Diglett|Slash|p1a: Farfetch'd
|-crit|p1a: Farfetch'd
|-damage|p1a: Farfetch'd|135\/304
|
|turn|11
|choice|switch 5|switch 5
|
|switch|p2a: Haunter|Haunter, L85|250\/250
|switch|p1a: Machamp|Machamp, L90|345\/345
|
|turn|12
|choice|move 4|move 4
|
|move|p2a: Haunter|Psychic|p1a: Machamp
|-supereffective|p1a: Machamp
|-damage|p1a: Machamp|184\/345
|move|p1a: Machamp|Earthquake|p2a: Haunter
|-supereffective|p2a: Haunter
|-damage|p2a: Haunter|0 fnt
|faint|p2a: Haunter
|choice||switch 4
|
|switch|p2a: Fearow|Fearow, L90|300\/300
|turn|13
|choice|switch 6|move 3
|
|switch|p1a: Magneton|Magneton, L90|179\/273
|move|p2a: Fearow|Drill Peck|p1a: Magneton|[miss]
|-miss|p2a: Fearow
|
|turn|14
|choice|move 4|switch 5
|
|switch|p2a: Diglett|Diglett, L96|214\/214
|move|p1a: Magneton|Double-Edge|p2a: Diglett
|-damage|p2a: Diglett|116\/214
|-damage|p1a: Magneton|155\/273|[from] recoil|[of] p2a: Diglett
|
|turn|15
|choice|switch 5|move 2
|
|switch|p1a: Farfetch'd|Farfetch'd, L99|135\/304
|move|p2a: Diglett|Slash|p1a: Farfetch'd
|-crit|p1a: Farfetch'd
|-damage|p1a: Farfetch'd|34\/304
|
|turn|16
|choice|switch 4|move 2
|
|switch|p1a: Gastly|Gastly, L96|252\/252
|move|p2a: Diglett|Slash|p1a: Gastly
|-immune|p1a: Gastly|[msg]
|
|turn|17
|choice|move 1|move 1
|
|move|p2a: Diglett|Earthquake|p1a: Gastly
|-supereffective|p1a: Gastly
|-damage|p1a: Gastly|0 fnt
|faint|p1a: Gastly
|choice|switch 2|
|
|switch|p1a: Poliwhirl|Poliwhirl, L85|284\/284
|turn|18
|choice|move 1|move 1
|
|move|p2a: Diglett|Earthquake|p1a: Poliwhirl
|-damage|p1a: Poliwhirl|161\/284
|move|p1a: Poliwhirl|Amnesia|p1a: Poliwhirl
|-boost|p1a: Poliwhirl|spd|2
|-boost|p1a: Poliwhirl|spa|2
|
|turn|19
|choice|move 4|move 1
|
|move|p2a: Diglett|Earthquake|p1a: Poliwhirl
|-damage|p1a: Poliwhirl|40\/284
|move|p1a: Poliwhirl|Surf|p2a: Diglett
|-supereffective|p2a: Diglett
|-damage|p2a: Diglett|0 fnt
|faint|p2a: Diglett
|choice||switch 5
|
|switch|p2a: Fearow|Fearow, L90|300\/300
|turn|20
|choice|switch 4|move 3
|
|switch|p1a: Farfetch'd|Farfetch'd, L99|34\/304
|move|p2a: Fearow|Drill Peck|p1a: Farfetch'd
|-crit|p1a: Farfetch'd
|-damage|p1a: Farfetch'd|0 fnt
|faint|p1a: Farfetch'd
|choice|switch 5|
|
|switch|p1a: Magneton|Magneton, L90|155\/273
|turn|21
|choice|move 1|switch 6
|
|switch|p2a: Magneton|Magneton, L90|273\/273
|move|p1a: Magneton|Thunderbolt|p2a: Magneton
|-resisted|p2a: Magneton
|-damage|p2a: Magneton|219\/273
|
|turn|22
|choice|move 3|move 3
|
|move|p2a: Magneton|Thunder Wave|p1a: Magneton
|-status|p1a: Magneton|par
|move|p1a: Magneton|Thunder Wave|p2a: Magneton
|-status|p2a: Magneton|par
|
|turn|23
|choice|switch 3|move 2
|
|switch|p1a: Snorlax|Snorlax, L79|320\/415 slp
|cant|p2a: Magneton|par
|
|turn|24
|choice|move 3|switch 6
|
|switch|p2a: Fearow|Fearow, L90|300\/300
|cant|p1a: Snorlax|slp
|
|turn|25
|choice|move 3|move 1
|
|move|p2a: Fearow|Double-Edge|p1a: Snorlax
|-damage|p1a: Snorlax|180\/415 slp
|-damage|p2a: Fearow|265\/300|[from] recoil|[of] p1a: Snorlax
|-curestatus|p1a: Snorlax|slp
|
|turn|26
|choice|move 4|move 2
|
|move|p2a: Fearow|Hyper Beam|p1a: Snorlax
|-crit|p1a: Snorlax
|-damage|p1a: Snorlax|0 fnt
|faint|p1a: Snorlax
|choice|switch 3|
|
|switch|p1a: Magneton|Magneton, L90|155\/273 par
|turn|27
|choice|move 1|switch 6
|
|switch|p2a: Magneton|Magneton, L90|219\/273 par
|move|p1a: Magneton|Thunderbolt|p2a: Magneton
|-crit|p2a: Magneton
|-resisted|p2a: Magneton
|-damage|p2a: Magneton|118\/273 par
|
|turn|28
|choice|move 4|move 1
|
|move|p2a: Magneton|Thunderbolt|p1a: Magneton
|-resisted|p1a: Magneton
|-damage|p1a: Magneton|101\/273 par
|cant|p1a: Magneton|par
|
|turn|29
|leave|hellyeahrory
|choice|move 4|move 2
|
|move|p1a: Magneton|Double-Edge|p2a: Magneton
|-damage|p2a: Magneton|60\/273 par
|-damage|p1a: Magneton|87\/273 par|[from] recoil|[of] p2a: Magneton
|move|p2a: Magneton|Double-Edge|p1a: Magneton
|-damage|p1a: Magneton|35\/273 par
|-damage|p2a: Magneton|47\/273 par|[from] recoil|[of] p1a: Magneton
|
|turn|30
|-message|Hi5er lost due to inactivity.
|
|win|MALESANI