|join|Nachito000
|join|Dervodel
|player|p1|Nachito000|163
|player|p2|Dervodel|238
|gametype|singles
|gen|1
|tier|[Gen 1] Random Battle
|rated
|seed|22725,4292,58532,6932
|rule|Sleep Clause Mod: Limit one foe put to sleep
|rule|Freeze Clause Mod: Limit one foe frozen
|rule|HP Percentage Mod: HP is shown in percentages
|
|start
|switch|p1a: Jolteon|Jolteon, L79|265\/265
|switch|p2a: Victreebel|Victreebel, L85|310\/310
|turn|1
|choice|switch 5|move 2
|
|switch|p1a: Machop|Machop, L96|329\/329
|move|p2a: Victreebel|Stun Spore|p1a: Machop
|-status|p1a: Machop|par
|
|turn|2
|choice|switch 6|move 1
|
|switch|p1a: Haunter|Haunter, L85|250\/250
|move|p2a: Victreebel|Razor Leaf|p1a: Haunter
|-crit|p1a: Haunter
|-resisted|p1a: Haunter
|-damage|p1a: Haunter|199\/250
|
|turn|3
|choice|move 1|move 2
|
|move|p1a: Haunter|Hypnosis|p2a: Victreebel|[miss]
|-miss|p1a: Haunter
|move|p2a: Victreebel|Stun Spore|p1a: Haunter
|-status|p1a: Haunter|par
|
|turn|4
|choice|move 1|switch 2
|
|switch|p2a: Drowzee|Drowzee, L96|310\/310
|move|p1a: Haunter|Hypnosis|p2a: Drowzee|[miss]
|-miss|p1a: Haunter
|
|turn|5
|choice|switch 4|move 4
|
|switch|p1a: Drowzee|Drowzee, L96|310\/310
|move|p2a: Drowzee|Thunder Wave|p1a: Drowzee
|-status|p1a: Drowzee|par
|
|turn|6
|choice|move 2|switch 4
|
|switch|p2a: Chansey|Chansey, L79|557\/557
|move|p1a: Drowzee|Hypnosis|p2a: Chansey
|-status|p2a: Chansey|slp
|
|turn|7
|choice|switch 3|switch 5
|
|switch|p2a: Charmeleon|Charmeleon, L85|272\/272
|switch|p1a: Aerodactyl|Aerodactyl, L90|327\/327
|
|turn|8
|choice|move 2|move 4
|
|move|p1a: Aerodactyl|Double-Edge|p2a: Charmeleon
|-damage|p2a: Charmeleon|158\/272
|-damage|p1a: Aerodactyl|299\/327|[from] recoil|[of] p2a: Charmeleon
|move|p2a: Charmeleon|Fire Blast|p1a: Aerodactyl
|-resisted|p1a: Aerodactyl
|-damage|p1a: Aerodactyl|243\/327
|
|turn|9
|choice|move 2|move 2
|
|move|p1a: Aerodactyl|Double-Edge|p2a: Charmeleon
|-damage|p2a: Charmeleon|45\/272
|-damage|p1a: Aerodactyl|215\/327|[from] recoil|[of] p2a: Charmeleon
|move|p2a: Charmeleon|Submission|p1a: Aerodactyl
|-damage|p1a: Aerodactyl|168\/327
|-damage|p2a: Charmeleon|34\/272|[from] recoil|[of] p1a: Aerodactyl
|
|turn|10
|choice|move 2|move 3
|
|move|p1a: Aerodactyl|Double-Edge|p2a: Charmeleon
|-damage|p2a: Charmeleon|0 fnt
|-damage|p1a: Aerodactyl|160\/327|[from] recoil|[of] p2a: Charmeleon
|faint|p2a: Charmeleon
|choice||switch 3
|
|switch|p2a: Articuno|Articuno, L79|304\/304
|turn|11
|choice|switch 4|move 2
|
|switch|p1a: Haunter|Haunter, L85|199\/250 par
|move|p2a: Articuno|Ice Beam|p1a: Haunter
|-damage|p1a: Haunter|118\/250 par
|
|turn|12
|choice|move 4|move 2
|
|move|p2a: Articuno|Ice Beam|p1a: Haunter
|-damage|p1a: Haunter|29\/250 par
|move|p1a: Haunter|Thunderbolt|p2a: Articuno
|-crit|p2a: Articuno
|-supereffective|p2a: Articuno
|-damage|p2a: Articuno|47\/304
|
|turn|13
|c|★Dervodel|ofcorse xD
|choice|move 4|move 2
|
|move|p2a: Articuno|Ice Beam|p1a: Haunter
|-crit|p1a: Haunter
|-damage|p1a: Haunter|0 fnt
|faint|p1a: Haunter
|choice|switch 4|
|
|switch|p1a: Aerodactyl|Aerodactyl, L90|160\/327
|turn|14
|choice|move 2|switch 6
|
|switch|p2a: Poliwrath|Poliwrath, L85|327\/327
|move|p1a: Aerodactyl|Double-Edge|p2a: Poliwrath
|-damage|p2a: Poliwrath|251\/327
|-damage|p1a: Aerodactyl|141\/327|[from] recoil|[of] p2a: Poliwrath
|
|turn|15
|choice|switch 3|move 1
|
|switch|p1a: Drowzee|Drowzee, L96|310\/310 par
|move|p2a: Poliwrath|Amnesia|p2a: Poliwrath
|-boost|p2a: Poliwrath|spd|2
|-boost|p2a: Poliwrath|spa|2
|
|turn|16
|choice|move 3|move 1
|
|move|p2a: Poliwrath|Amnesia|p2a: Poliwrath
|-boost|p2a: Poliwrath|spd|2
|-boost|p2a: Poliwrath|spa|2
|cant|p1a: Drowzee|par
|
|turn|17
|choice|move 3|move 3
|
|move|p2a: Poliwrath|Surf|p1a: Drowzee
|-damage|p1a: Drowzee|99\/310 par
|cant|p1a: Drowzee|par
|
|turn|18
|choice|move 3|move 3
|
|move|p2a: Poliwrath|Surf|p1a: Drowzee
|-damage|p1a: Drowzee|0 fnt
|faint|p1a: Drowzee
|choice|switch 3|
|
|switch|p1a: Aerodactyl|Aerodactyl, L90|141\/327
|turn|19
|choice|move 4|move 1
|
|move|p1a: Aerodactyl|Hyper Beam|p2a: Poliwrath
|-damage|p2a: Poliwrath|126\/327
|move|p2a: Poliwrath|Amnesia|p2a: Poliwrath
|-boost|p2a: Poliwrath|spd|2
|-boost|p2a: Poliwrath|spa|2
|
|turn|20
|-mustrecharge|p1a: Aerodactyl
|-mustrecharge|p1a: Aerodactyl
|choice|move 1|move 3
|
|cant|p1a: Aerodactyl|recharge
|move|p2a: Poliwrath|Surf|p1a: Aerodactyl
|-supereffective|p1a: Aerodactyl
|-damage|p1a: Aerodactyl|0 fnt
|faint|p1a: Aerodactyl
|choice|switch 5|
|
|switch|p1a: Jolteon|Jolteon, L79|265\/265
|turn|21
|choice|move 1|move 2
|
|move|p1a: Jolteon|Thunderbolt|p2a: Poliwrath
|-supereffective|p2a: Poliwrath
|-damage|p2a: Poliwrath|66\/327
|move|p2a: Poliwrath|Hypnosis|p1a: Jolteon|[miss]
|-miss|p2a: Poliwrath
|
|turn|22
|c|★Dervodel|no crit
|choice|move 1|move 3
|
|move|p1a: Jolteon|Thunderbolt|p2a: Poliwrath
|-crit|p2a: Poliwrath
|-supereffective|p2a: Poliwrath
|-damage|p2a: Poliwrath|0 fnt
|faint|p2a: Poliwrath
|c|★Dervodel|ofcorse hahaha
|choice||switch 2
|
|switch|p2a: Victreebel|Victreebel, L85|310\/310
|turn|23
|choice|switch 6|move 2
|
|switch|p1a: Machop|Machop, L96|329\/329 par
|move|p2a: Victreebel|Stun Spore|p1a: Machop
|-fail|p1a: Machop|par
|
|turn|24
|choice|move 2|move 1
|
|move|p2a: Victreebel|Razor Leaf|p1a: Machop
|-crit|p1a: Machop
|-damage|p1a: Machop|145\/329 par
|cant|p1a: Machop|par
|
|turn|25
|choice|move 2|move 1
|
|move|p2a: Victreebel|Razor Leaf|p1a: Machop
|-crit|p1a: Machop
|-damage|p1a: Machop|0 fnt
|faint|p1a: Machop
|choice|switch 2|
|
|switch|p1a: Starmie|Starmie, L79|257\/257
|turn|26
|choice|move 2|move 2
|
|move|p1a: Starmie|Blizzard|p2a: Victreebel
|-supereffective|p2a: Victreebel
|-damage|p2a: Victreebel|169\/310
|-status|p2a: Victreebel|frz
|cant|p2a: Victreebel|frz
|
|turn|27
|c|★Dervodel|rly
|choice|move 2|switch 4
|
|switch|p2a: Drowzee|Drowzee, L96|310\/310
|move|p1a: Starmie|Blizzard|p2a: Drowzee
|-damage|p2a: Drowzee|238\/310
|
|turn|28
|choice|move 3|move 4
|
|move|p1a: Starmie|Surf|p2a: Drowzee
|-crit|p2a: Drowzee
|-damage|p2a: Drowzee|71\/310
|move|p2a: Drowzee|Thunder Wave|p1a: Starmie
|-status|p1a: Starmie|par
|
|turn|29
|choice|move 3|move 1
|
|move|p2a: Drowzee|Rest|p2a: Drowzee
|-status|p2a: Drowzee|slp
|-heal|p2a: Drowzee|310\/310 slp|[silent]
|-status|p2a: Drowzee|slp|[from] move: Rest
|cant|p1a: Starmie|par
|
|turn|30
|choice|switch 6|move 2
|
|switch|p1a: Jolteon|Jolteon, L79|265\/265
|cant|p2a: Drowzee|slp
|
|turn|31
|choice|move 1|switch 4
|
|switch|p2a: Victreebel|Victreebel, L85|169\/310 frz
|move|p1a: Jolteon|Thunderbolt|p2a: Victreebel
|-resisted|p2a: Victreebel
|-damage|p2a: Victreebel|123\/310 frz
|
|turn|32
|choice|move 3|switch 4
|
|switch|p2a: Drowzee|Drowzee, L96|310\/310 slp
|move|p1a: Jolteon|Body Slam|p2a: Drowzee
|-crit|p2a: Drowzee
|-damage|p2a: Drowzee|212\/310 slp
|
|turn|33
|choice|move 1|move 4
|
|move|p1a: Jolteon|Thunderbolt|p2a: Drowzee
|-damage|p2a: Drowzee|123\/310 slp
|-curestatus|p2a: Drowzee|slp
|
|turn|34
|choice|switch 6|move 4
|
|switch|p1a: Starmie|Starmie, L79|257\/257 par
|move|p2a: Drowzee|Thunder Wave|p1a: Starmie
|-fail|p1a: Starmie|par
|
|turn|35
|choice|move 3|switch 5
|
|switch|p2a: Chansey|Chansey, L79|557\/557 slp
|move|p1a: Starmie|Surf|p2a: Chansey
|-damage|p2a: Chansey|469\/557 slp
|
|turn|36
|choice|switch 6|move 2
|
|switch|p1a: Jolteon|Jolteon, L79|265\/265
|cant|p2a: Chansey|slp
|
|turn|37
|choice|move 4|move 1
|
|move|p1a: Jolteon|Double Kick|p2a: Chansey
|-crit|p2a: Chansey
|-supereffective|p2a: Chansey
|-damage|p2a: Chansey|311\/557 slp
|-damage|p2a: Chansey|153\/557 slp
|-hitcount|p2a: Chansey|2
|-curestatus|p2a: Chansey|slp
|
|turn|38
|choice|move 4|switch 4
|
|switch|p2a: Victreebel|Victreebel, L85|123\/310 frz
|move|p1a: Jolteon|Double Kick|p2a: Victreebel
|-resisted|p2a: Victreebel
|-damage|p2a: Victreebel|113\/310 frz
|-damage|p2a: Victreebel|103\/310 frz
|-hitcount|p2a: Victreebel|2
|
|turn|39
|choice|move 3|move 2
|
|move|p1a: Jolteon|Body Slam|p2a: Victreebel
|-crit|p2a: Victreebel
|-damage|p2a: Victreebel|1\/310 frz
|cant|p2a: Victreebel|frz
|
|turn|40
|choice|move 3|move 2
|
|move|p1a: Jolteon|Body Slam|p2a: Victreebel
|-damage|p2a: Victreebel|0 fnt
|faint|p2a: Victreebel
|choice||switch 5
|
|switch|p2a: Drowzee|Drowzee, L96|123\/310
|turn|41
|choice|switch 6|switch 4
|
|switch|p1a: Starmie|Starmie, L79|257\/257 par
|switch|p2a: Chansey|Chansey, L79|153\/557
|
|turn|42
|choice|switch 6|move 1
|
|switch|p1a: Jolteon|Jolteon, L79|265\/265
|move|p2a: Chansey|Soft-Boiled|p2a: Chansey
|-heal|p2a: Chansey|431\/557
|
|turn|43
|choice|move 4|move 2
|
|move|p1a: Jolteon|Double Kick|p2a: Chansey
|-supereffective|p2a: Chansey
|-damage|p2a: Chansey|352\/557
|-damage|p2a: Chansey|273\/557
|-hitcount|p2a: Chansey|2
|move|p2a: Chansey|Reflect|p2a: Chansey
|-start|p2a: Chansey|Reflect
|
|turn|44
|choice|move 1|move 1
|
|move|p1a: Jolteon|Thunderbolt|p2a: Chansey
|-crit|p2a: Chansey
|-damage|p2a: Chansey|105\/557
|move|p2a: Chansey|Soft-Boiled|p2a: Chansey
|-heal|p2a: Chansey|383\/557
|
|turn|45
|choice|move 1|move 1
|
|move|p1a: Jolteon|Thunderbolt|p2a: Chansey
|-damage|p2a: Chansey|297\/557
|move|p2a: Chansey|Soft-Boiled|p2a: Chansey
|-heal|p2a: Chansey|557\/557
|
|turn|46
|choice|move 1|move 4
|
|move|p1a: Jolteon|Thunderbolt|p2a: Chansey
|-damage|p2a: Chansey|460\/557
|move|p2a: Chansey|Counter|p1a: Jolteon
|-fail|p2a: Chansey
|
|turn|47
|choice|move 1|move 3
|
|move|p1a: Jolteon|Thunderbolt|p2a: Chansey
|-damage|p2a: Chansey|365\/557
|move|p2a: Chansey|Thunderbolt|p1a: Jolteon|[miss]
|-miss|p2a: Chansey
|
|turn|48
|choice|move 1|move 3
|
|move|p1a: Jolteon|Thunderbolt|p2a: Chansey
|-damage|p2a: Chansey|270\/557
|move|p2a: Chansey|Thunderbolt|p1a: Jolteon
|-resisted|p1a: Jolteon
|-damage|p1a: Jolteon|239\/265
|
|turn|49
|choice|move 1|move 1
|
|move|p1a: Jolteon|Thunderbolt|p2a: Chansey
|-damage|p2a: Chansey|173\/557
|move|p2a: Chansey|Soft-Boiled|p2a: Chansey
|-heal|p2a: Chansey|451\/557
|
|turn|50
|choice|move 1|move 3
|
|move|p1a: Jolteon|Thunderbolt|p2a: Chansey
|-damage|p2a: Chansey|358\/557
|move|p2a: Chansey|Thunderbolt|p1a: Jolteon
|-resisted|p1a: Jolteon
|-damage|p1a: Jolteon|211\/265
|
|turn|51
|choice|move 1|move 3
|
|move|p1a: Jolteon|Thunderbolt|p2a: Chansey
|-damage|p2a: Chansey|272\/557
|move|p2a: Chansey|Thunderbolt|p1a: Jolteon
|-resisted|p1a: Jolteon
|-damage|p1a: Jolteon|181\/265
|
|turn|52
|choice|move 1|move 1
|
|move|p1a: Jolteon|Thunderbolt|p2a: Chansey
|-damage|p2a: Chansey|188\/557
|move|p2a: Chansey|Soft-Boiled|p2a: Chansey
|-heal|p2a: Chansey|466\/557
|
|turn|53
|choice|move 1|move 3
|
|move|p1a: Jolteon|Thunderbolt|p2a: Chansey
|-damage|p2a: Chansey|382\/557
|move|p2a: Chansey|Thunderbolt|p1a: Jolteon
|-resisted|p1a: Jolteon
|-damage|p1a: Jolteon|153\/265
|
|turn|54
|choice|move 1|move 3
|
|move|p1a: Jolteon|Thunderbolt|p2a: Chansey
|-damage|p2a: Chansey|284\/557
|move|p2a: Chansey|Thunderbolt|p1a: Jolteon
|-resisted|p1a: Jolteon
|-damage|p1a: Jolteon|127\/265
|
|turn|55
|choice|move 1|move 1
|
|move|p1a: Jolteon|Thunderbolt|p2a: Chansey
|-crit|p2a: Chansey
|-damage|p2a: Chansey|95\/557
|move|p2a: Chansey|Soft-Boiled|p2a: Chansey
|-heal|p2a: Chansey|373\/557
|
|turn|56
|choice|move 1|move 1
|
|move|p1a: Jolteon|Thunderbolt|p2a: Chansey
|-damage|p2a: Chansey|275\/557
|move|p2a: Chansey|Soft-Boiled|p2a: Chansey
|-heal|p2a: Chansey|553\/557
|
|turn|57
|choice|move 1|move 3
|
|move|p1a: Jolteon|Thunderbolt|p2a: Chansey
|-crit|p2a: Chansey
|-damage|p2a: Chansey|361\/557
|move|p2a: Chansey|Thunderbolt|p1a: Jolteon
|-crit|p1a: Jolteon
|-resisted|p1a: Jolteon
|-damage|p1a: Jolteon|71\/265
|
|turn|58
|choice|move 1|move 1
|
|move|p1a: Jolteon|Thunderbolt|p2a: Chansey
|-crit|p2a: Chansey
|-damage|p2a: Chansey|182\/557
|-status|p2a: Chansey|par
|move|p2a: Chansey|Soft-Boiled|p2a: Chansey
|-heal|p2a: Chansey|460\/557 par
|
|turn|59
|choice|move 1|move 3
|
|move|p1a: Jolteon|Thunderbolt|p2a: Chansey
|-damage|p2a: Chansey|367\/557 par
|move|p2a: Chansey|Thunderbolt|p1a: Jolteon
|-resisted|p1a: Jolteon
|-damage|p1a: Jolteon|43\/265
|
|turn|60
|choice|move 1|move 3
|
|move|p1a: Jolteon|Thunderbolt|p2a: Chansey
|-crit|p2a: Chansey
|-damage|p2a: Chansey|203\/557 par
|move|p2a: Chansey|Thunderbolt|p1a: Jolteon
|-resisted|p1a: Jolteon
|-damage|p1a: Jolteon|16\/265
|
|turn|61
|choice|move 4|move 1
|
|move|p1a: Jolteon|Double Kick|p2a: Chansey
|-supereffective|p2a: Chansey
|-damage|p2a: Chansey|161\/557 par
|-damage|p2a: Chansey|119\/557 par
|-hitcount|p2a: Chansey|2
|move|p2a: Chansey|Soft-Boiled|p2a: Chansey
|-heal|p2a: Chansey|397\/557 par
|
|turn|62
|choice|move 1|move 3
|
|move|p1a: Jolteon|Thunderbolt|p2a: Chansey
|-damage|p2a: Chansey|311\/557 par
|move|p2a: Chansey|Thunderbolt|p1a: Jolteon
|-resisted|p1a: Jolteon
|-damage|p1a: Jolteon|0 fnt
|faint|p1a: Jolteon
|choice|switch 6|
|
|switch|p1a: Starmie|Starmie, L79|257\/257 par
|turn|63
|choice|move 3|move 1
|
|cant|p1a: Starmie|par
|cant|p2a: Chansey|par
|
|turn|64
|choice|move 3|move 1
|
|move|p1a: Starmie|Surf|p2a: Chansey
|-crit|p2a: Chansey
|-damage|p2a: Chansey|142\/557 par
|move|p2a: Chansey|Soft-Boiled|p2a: Chansey
|-heal|p2a: Chansey|420\/557 par
|
|turn|65
|choice|move 3|move 3
|
|cant|p1a: Starmie|par
|move|p2a: Chansey|Thunderbolt|p1a: Starmie
|-supereffective|p1a: Starmie
|-damage|p1a: Starmie|135\/257 par
|
|turn|66
|choice|move 1|move 3
|
|move|p1a: Starmie|Recover|p1a: Starmie
|-heal|p1a: Starmie|257\/257 par
|move|p2a: Chansey|Thunderbolt|p1a: Starmie
|-supereffective|p1a: Starmie
|-damage|p1a: Starmie|138\/257 par
|
|turn|67
|choice|move 1|move 3
|
|move|p1a: Starmie|Recover|p1a: Starmie
|-heal|p1a: Starmie|257\/257 par
|move|p2a: Chansey|Thunderbolt|p1a: Starmie
|-supereffective|p1a: Starmie
|-damage|p1a: Starmie|141\/257 par
|
|turn|68
|choice|move 1|move 3
|
|cant|p1a: Starmie|par
|move|p2a: Chansey|Thunderbolt|p1a: Starmie
|-supereffective|p1a: Starmie
|-damage|p1a: Starmie|22\/257 par
|
|turn|69
|choice|move 1|move 3
|
|move|p1a: Starmie|Recover|p1a: Starmie
|-heal|p1a: Starmie|150\/257 par
|move|p2a: Chansey|Thunderbolt|p1a: Starmie
|-supereffective|p1a: Starmie
|-damage|p1a: Starmie|27\/257 par
|
|turn|70
|choice|move 1|move 3
|
|cant|p1a: Starmie|par
|move|p2a: Chansey|Thunderbolt|p1a: Starmie
|-supereffective|p1a: Starmie
|-damage|p1a: Starmie|0 fnt
|faint|p1a: Starmie
|
|win|Dervodel
|raw|Nachito000's rating: 1362 &rarr; <strong>1343<\/strong><br \/>(-19 for losing)
|raw|Dervodel's rating: 1376 &rarr; <strong>1396<\/strong><br \/>(+20 for winning)
|c|★Dervodel|meh meh meh
|leave|Nachito000
|player|p1