|join|xJoelituh
|join|Mr.378
|player|p1|xJoelituh|134
|player|p2|Mr.378|267
|gametype|singles
|gen|1
|tier|[Gen 1] OU
|seed|47140,10666,38325,56636
|rule|Sleep Clause Mod: Limit one foe put to sleep
|rule|Freeze Clause Mod: Limit one foe frozen
|rule|Species Clause: Limit one of each Pokémon
|rule|OHKO Clause: OHKO moves are banned
|rule|Evasion Moves Clause: Evasion moves are banned
|rule|HP Percentage Mod: HP is shown in percentages
|
|start
|switch|p1a: Jynx|Jynx|333\/333
|switch|p2a: Jynx|Jynx|333\/333
|turn|1
|c|★xJoelituh|hf
|c|★Mr.378|Same
|choice|move 1|move 3
|
|move|p2a: Jynx|Lovely Kiss|p1a: Jynx|[miss]
|-miss|p2a: Jynx
|move|p1a: Jynx|Lovely Kiss|p2a: Jynx
|-status|p2a: Jynx|slp
|
|turn|2
|choice|switch 5|move 3
|
|switch|p1a: Tauros|Tauros|353\/353
|cant|p2a: Jynx|slp
|
|turn|3
|choice|move 1|switch 5
|
|switch|p2a: Exeggutor|Exeggutor|393\/393
|move|p1a: Tauros|Body Slam|p2a: Exeggutor
|-crit|p2a: Exeggutor
|-damage|p2a: Exeggutor|186\/393
|-status|p2a: Exeggutor|par
|
|turn|4
|c|★xJoelituh|damn
|choice|switch 5|move 3
|
|switch|p1a: Jynx|Jynx|333\/333
|move|p2a: Exeggutor|Sleep Powder|p1a: Jynx|[miss]
|-miss|p2a: Exeggutor
|
|turn|5
|choice|move 2|switch 5
|
|switch|p2a: Jynx|Jynx|333\/333 slp
|move|p1a: Jynx|Blizzard|p2a: Jynx|[miss]
|-miss|p1a: Jynx
|
|turn|6
|join|Noratraika
|choice|move 3|move 3
|
|move|p1a: Jynx|Psychic|p2a: Jynx
|-resisted|p2a: Jynx
|-damage|p2a: Jynx|280\/333 slp
|-curestatus|p2a: Jynx|slp
|
|turn|7
|choice|move 1|move 3
|
|move|p1a: Jynx|Lovely Kiss|p2a: Jynx
|-status|p2a: Jynx|slp
|cant|p2a: Jynx|slp
|
|turn|8
|choice|switch 5|move 3
|
|switch|p1a: Tauros|Tauros|353\/353
|cant|p2a: Jynx|slp
|
|turn|9
|join|EdwardElric15
|choice|move 1|switch 4
|
|switch|p2a: Snorlax|Snorlax|523\/523
|move|p1a: Tauros|Body Slam|p2a: Snorlax
|-damage|p2a: Snorlax|392\/523
|
|turn|10
|c| EdwardElric15|Hi, its this for the RoA league ?
|c|★xJoelituh|yh
|choice|move 3|move 1
|
|move|p1a: Tauros|Earthquake|p2a: Snorlax
|-damage|p2a: Snorlax|286\/523
|move|p2a: Snorlax|Body Slam|p1a: Tauros
|-damage|p1a: Tauros|248\/353
|
|turn|11
|c| EdwardElric15|Ty
|choice|switch 5|move 4
|
|switch|p1a: Jynx|Jynx|333\/333
|move|p2a: Snorlax|Self-Destruct|p1a: Jynx
|-damage|p1a: Jynx|0 fnt
|faint|p1a: Jynx
|faint|p2a: Snorlax
|leave|EdwardElric15
|choice|switch 6|switch 2
|
|switch|p2a: Alakazam|Alakazam|313\/313
|switch|p1a: Lapras|Lapras|463\/463
|turn|12
|choice|move 3|move 2
|
|move|p2a: Alakazam|Thunder Wave|p1a: Lapras
|-status|p1a: Lapras|par
|move|p1a: Lapras|Body Slam|p2a: Alakazam
|-damage|p2a: Alakazam|213\/313
|
|turn|13
|choice|move 3|move 1
|
|move|p2a: Alakazam|Psychic|p1a: Lapras
|-crit|p1a: Lapras
|-damage|p1a: Lapras|205\/463 par
|-unboost|p1a: Lapras|spd|1
|-unboost|p1a: Lapras|spa|1
|move|p1a: Lapras|Body Slam|p2a: Alakazam
|-damage|p2a: Alakazam|117\/313
|-status|p2a: Alakazam|par
|
|turn|14
|choice|switch 5|move 2
|
|switch|p1a: Tauros|Tauros|248\/353
|move|p2a: Alakazam|Thunder Wave|p1a: Tauros
|-status|p1a: Tauros|par
|
|turn|15
|choice|move 1|move 1
|
|move|p2a: Alakazam|Psychic|p1a: Tauros
|-damage|p1a: Tauros|80\/353 par
|move|p1a: Tauros|Body Slam|p2a: Alakazam
|-damage|p2a: Alakazam|0 fnt
|faint|p2a: Alakazam
|choice||switch 6
|
|switch|p2a: Tauros|Tauros|353\/353
|turn|16
|choice|move 2|move 1
|
|move|p2a: Tauros|Body Slam|p1a: Tauros
|-damage|p1a: Tauros|0 fnt
|faint|p1a: Tauros
|choice|switch 3|
|
|switch|p1a: Chansey|Chansey|703\/703
|turn|17
|choice|move 2|switch 4
|
|switch|p2a: Jynx|Jynx|280\/333 slp
|move|p1a: Chansey|Ice Beam|p2a: Jynx
|-resisted|p2a: Jynx
|-damage|p2a: Jynx|238\/333 slp
|
|turn|18
|choice|switch 4|move 3
|
|switch|p1a: Jolteon|Jolteon|333\/333
|-curestatus|p2a: Jynx|slp
|
|turn|19
|choice|switch 5|switch 3
|
|switch|p1a: Lapras|Lapras|205\/463 par
|switch|p2a: Chansey|Chansey|703\/703
|
|turn|20
|choice|move 2|move 1
|
|move|p2a: Chansey|Thunderbolt|p1a: Lapras
|-supereffective|p1a: Lapras
|-damage|p1a: Lapras|49\/463 par
|move|p1a: Lapras|Rest|p1a: Lapras
|-status|p1a: Lapras|slp
|-heal|p1a: Lapras|463\/463 slp|[silent]
|-status|p1a: Lapras|slp|[from] move: Rest
|
|turn|21
|choice|move 1|switch 5
|
|switch|p2a: Exeggutor|Exeggutor|186\/393 par
|cant|p1a: Lapras|slp
|
|turn|22
|choice|switch 5|move 2
|
|switch|p1a: Jolteon|Jolteon|333\/333
|move|p2a: Exeggutor|Explosion|p1a: Jolteon
|-damage|p1a: Jolteon|0 fnt
|faint|p1a: Jolteon
|faint|p2a: Exeggutor
|choice|switch 4|switch 3
|
|switch|p2a: Jynx|Jynx|238\/333
|switch|p1a: Chansey|Chansey|703\/703
|turn|23
|choice|switch 5|move 3
|
|switch|p1a: Lapras|Lapras|463\/463 slp
|move|p2a: Jynx|Lovely Kiss|p1a: Lapras
|-fail|p1a: Lapras|slp
|
|turn|24
|choice|move 3|move 2
|
|move|p2a: Jynx|Psychic|p1a: Lapras
|-crit|p1a: Lapras
|-damage|p1a: Lapras|240\/463 slp
|-curestatus|p1a: Lapras|slp
|
|turn|25
|choice|move 4|move 3
|
|move|p2a: Jynx|Lovely Kiss|p1a: Lapras
|-status|p1a: Lapras|slp
|cant|p1a: Lapras|slp
|
|turn|26
|choice|switch 5|move 2
|
|switch|p1a: Chansey|Chansey|703\/703
|move|p2a: Jynx|Psychic|p1a: Chansey
|-crit|p1a: Chansey
|-damage|p1a: Chansey|509\/703
|
|turn|27
|choice|move 1|move 1
|
|move|p2a: Jynx|Blizzard|p1a: Chansey
|-damage|p1a: Chansey|386\/703
|-status|p1a: Chansey|frz
|cant|p1a: Chansey|frz
|
|turn|28
|choice|switch 2|move 2
|
|switch|p1a: Victreebel|Victreebel|363\/363
|move|p2a: Jynx|Psychic|p1a: Victreebel
|-supereffective|p1a: Victreebel
|-damage|p1a: Victreebel|163\/363
|
|turn|29
|c|★xJoelituh|gg xd
|c|★Mr.378|gg
|choice|move 1|move 2
|
|move|p2a: Jynx|Psychic|p1a: Victreebel
|-supereffective|p1a: Victreebel
|-damage|p1a: Victreebel|0 fnt
|faint|p1a: Victreebel
|choice|switch 5|
|
|switch|p1a: Lapras|Lapras|240\/463 slp
|turn|30
|c|★Mr.378|PO for gsc?
|choice|move 2|move 2
|
|move|p2a: Jynx|Psychic|p1a: Lapras
|-damage|p1a: Lapras|129\/463 slp
|cant|p1a: Lapras|slp
|
|turn|31
|c|★xJoelituh|i rather play here if you can
|choice|move 3|move 2
|
|move|p2a: Jynx|Psychic|p1a: Lapras
|-damage|p1a: Lapras|16\/463 slp
|-unboost|p1a: Lapras|spd|1
|-unboost|p1a: Lapras|spa|1
|cant|p1a: Lapras|slp
|
|turn|32
|c|★Mr.378|Fine
|choice|move 3|move 2
|
|move|p2a: Jynx|Psychic|p1a: Lapras
|-crit|p1a: Lapras
|-damage|p1a: Lapras|0 fnt
|faint|p1a: Lapras
|choice|switch 2|
|
|switch|p1a: Chansey|Chansey|386\/703 frz
|turn|33
|choice|move 2|move 2
|
|move|p2a: Jynx|Psychic|p1a: Chansey
|-damage|p1a: Chansey|282\/703 frz
|cant|p1a: Chansey|frz
|
|turn|34
|choice|move 2|move 2
|
|move|p2a: Jynx|Psychic|p1a: Chansey
|-damage|p1a: Chansey|190\/703 frz
|cant|p1a: Chansey|frz
|
|turn|35
|choice|move 2|move 2
|
|move|p2a: Jynx|Psychic|p1a: Chansey
|-damage|p1a: Chansey|84\/703 frz
|cant|p1a: Chansey|frz
|
|turn|36
|choice|move 2|move 2
|
|move|p2a: Jynx|Psychic|p1a: Chansey
|-damage|p1a: Chansey|0 fnt
|faint|p1a: Chansey
|
|win|Mr.378