|join|kid gf lol
|join|ggc
|player|p1|kid gf lol|167
|player|p2|ggc|10
|gametype|singles
|gen|1
|tier|[Gen 1] OU (beta)
|rated
|rule|Sleep Clause Mod: Limit one foe put to sleep
|rule|Species Clause: Limit one of each Pokemon
|rule|OHKO Clause: OHKO moves are banned
|rule|Moody Clause: Moody is banned
|rule|Evasion Moves Clause: Evasion moves are banned
|rule|Endless Battle Clause: Forcing endless battles is banned
|rule|HP Percentage Mod: HP is reported as percentages
|
|start
|switch|p1a: ▀█▀ █ ▀█▀|Jynx|333\/333
|switch|p2a: Jynx|Jynx|333\/333
|turn|1
|join|iKyou
|leave|iKyou
|
|move|p1a: ▀█▀ █ ▀█▀|Lovely Kiss|p2a: Jynx
|-status|p2a: Jynx|slp
|cant|p2a: Jynx|slp
|
|turn|2
|chat|kid gf lol|pwned
|
|switch|p2a: Chansey|Chansey|703\/703
|switch|p1a: TNT|Golem|363\/363
|
|turn|3
|
|switch|p2a: Exeggutor|Exeggutor|393\/393
|move|p1a: TNT|Earthquake|p2a: Exeggutor
|-resisted|p2a: Exeggutor
|-damage|p2a: Exeggutor|327\/393
|
|turn|4
|
|switch|p1a: Breakfast Pouch|Chansey|703\/703
|move|p2a: Exeggutor|Sleep Powder|p1a: Breakfast Pouch
|-status|p1a: Breakfast Pouch|slp
|
|turn|5
|
|switch|p1a: ▀█▀ █ ▀█▀|Jynx|333\/333
|move|p2a: Exeggutor|Psychic|p1a: ▀█▀ █ ▀█▀
|-crit|p1a: ▀█▀ █ ▀█▀
|-resisted|p1a: ▀█▀ █ ▀█▀
|-damage|p1a: ▀█▀ █ ▀█▀|203\/333
|-unboost|p1a: ▀█▀ █ ▀█▀|spd|1
|-unboost|p1a: ▀█▀ █ ▀█▀|spa|1
|
|turn|6
|
|switch|p2a: Chansey|Chansey|703\/703
|move|p1a: ▀█▀ █ ▀█▀|Blizzard|p2a: Chansey
|-damage|p2a: Chansey|620\/703
|
|turn|7
|
|switch|p1a: Zam Lead|Alakazam|313\/313
|move|p2a: Chansey|Ice Beam|p1a: Zam Lead
|-damage|p1a: Zam Lead|250\/313
|
|turn|8
|chat|ggc|zam lead
|chat|ggc|da fug
|chat|kid gf lol|nah you got it all wrong it actually reads zam lead
|
|switch|p1a: Breakfast Pouch|Chansey|703\/703 slp
|move|p2a: Chansey|Ice Beam|p1a: Breakfast Pouch
|-crit|p1a: Breakfast Pouch
|-damage|p1a: Breakfast Pouch|563\/703 slp
|
|turn|9
|chat|kid gf lol|read rhymes with lead, but read doesnt rhyme with lead
|
|cant|p1a: Breakfast Pouch|slp
|move|p2a: Chansey|Ice Beam|p1a: Breakfast Pouch
|-damage|p1a: Breakfast Pouch|489\/703 slp
|
|turn|10
|
|switch|p2a: Exeggutor|Exeggutor|327\/393
|cant|p1a: Breakfast Pouch|slp
|
|turn|11
|join|c0smynx
|
|move|p2a: Exeggutor|Psychic|p1a: Breakfast Pouch
|-damage|p1a: Breakfast Pouch|365\/703 slp
|-unboost|p1a: Breakfast Pouch|spd|1
|-unboost|p1a: Breakfast Pouch|spa|1
|cant|p1a: Breakfast Pouch|slp
|
|turn|12
|chat|ggc|hue
|
|move|p2a: Exeggutor|Psychic|p1a: Breakfast Pouch
|-damage|p1a: Breakfast Pouch|190\/703 slp
|cant|p1a: Breakfast Pouch|slp
|
|turn|13
|
|move|p2a: Exeggutor|Psychic|p1a: Breakfast Pouch
|-damage|p1a: Breakfast Pouch|25\/703 slp
|cant|p1a: Breakfast Pouch|slp
|-curestatus|p1a: Breakfast Pouch|slp
|
|turn|14
|
|switch|p1a: ▀█▀ █ ▀█▀|Jynx|203\/333
|move|p2a: Exeggutor|Psychic|p1a: ▀█▀ █ ▀█▀
|-resisted|p1a: ▀█▀ █ ▀█▀
|-damage|p1a: ▀█▀ █ ▀█▀|141\/333
|
|turn|15
|
|move|p1a: ▀█▀ █ ▀█▀|Blizzard|p2a: Exeggutor|[miss]
|-miss|p1a: ▀█▀ █ ▀█▀
|move|p2a: Exeggutor|Sleep Powder|p1a: ▀█▀ █ ▀█▀
|-status|p1a: ▀█▀ █ ▀█▀|slp
|
|turn|16
|chat|ggc|that'll work
|
|switch|p1a: GhostInaShell|Cloyster|303\/303
|move|p2a: Exeggutor|Psychic|p1a: GhostInaShell
|-damage|p1a: GhostInaShell|161\/303
|-unboost|p1a: GhostInaShell|spd|1
|-unboost|p1a: GhostInaShell|spa|1
|
|turn|17
|leave|c0smynx
|
|move|p1a: GhostInaShell|Blizzard|p2a: Exeggutor
|-supereffective|p2a: Exeggutor
|-damage|p2a: Exeggutor|187\/393
|-status|p2a: Exeggutor|frz
|cant|p2a: Exeggutor|frz
|
|turn|18
|chat|ggc|FUCK
|chat|ggc|YOU
|
|switch|p2a: Chansey|Chansey|620\/703
|move|p1a: GhostInaShell|Blizzard|p2a: Chansey
|-damage|p2a: Chansey|533\/703
|
|turn|19
|
|move|p1a: GhostInaShell|Explosion|p2a: Chansey
|-damage|p2a: Chansey|0 fnt
|faint|p2a: Chansey
|faint|p1a: GhostInaShell
|
|switch|p2a: Alakazam|Alakazam|313\/313
|switch|p1a: Result of Incest|Exeggutor|393\/393
|turn|20
|
|move|p2a: Alakazam|Reflect|p2a: Alakazam
|move|p1a: Result of Incest|Stun Spore|p2a: Alakazam
|-status|p2a: Alakazam|par
|
|turn|21
|
|switch|p1a: Zam Lead|Alakazam|250\/313
|move|p2a: Alakazam|Psychic|p1a: Zam Lead
|-resisted|p1a: Zam Lead
|-damage|p1a: Zam Lead|201\/313
|
|turn|22
|
|move|p1a: Zam Lead|Recover|p1a: Zam Lead
|-heal|p1a: Zam Lead|313\/313
|cant|p2a: Alakazam|par
|
|turn|23
|
|move|p1a: Zam Lead|Psychic|p2a: Alakazam
|-resisted|p2a: Alakazam
|-damage|p2a: Alakazam|262\/313 par
|cant|p2a: Alakazam|par
|
|turn|24
|
|switch|p1a: TNT|Golem|363\/363
|move|p2a: Alakazam|Thunder Wave|p1a: TNT
|-immune|p1a: TNT|[msg]
|
|turn|25
|
|switch|p1a: Zam Lead|Alakazam|313\/313
|cant|p2a: Alakazam|par
|
|turn|26
|
|move|p1a: Zam Lead|Psychic|p2a: Alakazam
|-resisted|p2a: Alakazam
|-damage|p2a: Alakazam|213\/313 par
|move|p2a: Alakazam|Thunder Wave|p1a: Zam Lead
|-status|p1a: Zam Lead|par
|
|turn|27
|
|cant|p2a: Alakazam|par
|move|p1a: Zam Lead|Reflect|p1a: Zam Lead
|
|turn|28
|
|move|p2a: Alakazam|Recover|p2a: Alakazam
|-heal|p2a: Alakazam|313\/313 par
|move|p1a: Zam Lead|Psychic|p2a: Alakazam
|-resisted|p2a: Alakazam
|-damage|p2a: Alakazam|262\/313 par
|
|turn|29
|
|move|p2a: Alakazam|Psychic|p1a: Zam Lead
|-crit|p1a: Zam Lead
|-resisted|p1a: Zam Lead
|-damage|p1a: Zam Lead|216\/313 par
|-unboost|p1a: Zam Lead|spd|1
|-unboost|p1a: Zam Lead|spa|1
|move|p1a: Zam Lead|Psychic|p2a: Alakazam
|-resisted|p2a: Alakazam
|-damage|p2a: Alakazam|229\/313 par
|
|turn|30
|
|switch|p1a: Result of Incest|Exeggutor|393\/393
|move|p2a: Alakazam|Psychic|p1a: Result of Incest
|-crit|p1a: Result of Incest
|-resisted|p1a: Result of Incest
|-damage|p1a: Result of Incest|288\/393
|
|turn|31
|
|switch|p1a: Zam Lead|Alakazam|216\/313 par
|move|p2a: Alakazam|Psychic|p1a: Zam Lead
|-resisted|p1a: Zam Lead
|-damage|p1a: Zam Lead|166\/313 par
|
|turn|32
|
|move|p2a: Alakazam|Psychic|p1a: Zam Lead
|-resisted|p1a: Zam Lead
|-damage|p1a: Zam Lead|117\/313 par
|-unboost|p1a: Zam Lead|spd|1
|-unboost|p1a: Zam Lead|spa|1
|move|p1a: Zam Lead|Recover|p1a: Zam Lead
|-heal|p1a: Zam Lead|273\/313 par
|
|turn|33
|
|move|p2a: Alakazam|Psychic|p1a: Zam Lead
|-resisted|p1a: Zam Lead
|-damage|p1a: Zam Lead|192\/313 par
|cant|p1a: Zam Lead|par
|
|turn|34
|
|move|p1a: Zam Lead|Recover|p1a: Zam Lead
|-heal|p1a: Zam Lead|313\/313 par
|move|p2a: Alakazam|Psychic|p1a: Zam Lead
|-resisted|p1a: Zam Lead
|-damage|p1a: Zam Lead|234\/313 par
|-unboost|p1a: Zam Lead|spd|1
|-unboost|p1a: Zam Lead|spa|1
|
|turn|35
|
|move|p2a: Alakazam|Thunder Wave|p1a: Zam Lead
|-fail|p1a: Zam Lead|par
|move|p1a: Zam Lead|Recover|p1a: Zam Lead
|-heal|p1a: Zam Lead|313\/313 par
|
|turn|36
|
|switch|p1a: Result of Incest|Exeggutor|288\/393
|move|p2a: Alakazam|Thunder Wave|p1a: Result of Incest
|-status|p1a: Result of Incest|par
|
|turn|37
|
|switch|p1a: Zam Lead|Alakazam|313\/313 par
|cant|p2a: Alakazam|par
|
|turn|38
|
|cant|p1a: Zam Lead|par
|move|p2a: Alakazam|Recover|p2a: Alakazam
|-heal|p2a: Alakazam|313\/313 par
|
|turn|39
|
|move|p1a: Zam Lead|Reflect|p1a: Zam Lead
|move|p2a: Alakazam|Psychic|p1a: Zam Lead
|-crit|p1a: Zam Lead
|-resisted|p1a: Zam Lead
|-damage|p1a: Zam Lead|209\/313 par
|-unboost|p1a: Zam Lead|spd|1
|-unboost|p1a: Zam Lead|spa|1
|
|turn|40
|
|move|p2a: Alakazam|Psychic|p1a: Zam Lead
|-resisted|p1a: Zam Lead
|-damage|p1a: Zam Lead|130\/313 par
|move|p1a: Zam Lead|Recover|p1a: Zam Lead
|-heal|p1a: Zam Lead|286\/313 par
|
|turn|41
|
|cant|p1a: Zam Lead|par
|move|p2a: Alakazam|Psychic|p1a: Zam Lead
|-resisted|p1a: Zam Lead
|-damage|p1a: Zam Lead|204\/313 par
|-unboost|p1a: Zam Lead|spd|1
|-unboost|p1a: Zam Lead|spa|1
|
|turn|42
|
|move|p1a: Zam Lead|Recover|p1a: Zam Lead
|-heal|p1a: Zam Lead|313\/313 par
|move|p2a: Alakazam|Psychic|p1a: Zam Lead
|-resisted|p1a: Zam Lead
|-damage|p1a: Zam Lead|206\/313 par
|-unboost|p1a: Zam Lead|spd|1
|-unboost|p1a: Zam Lead|spa|1
|
|turn|43
|
|switch|p1a: Result of Incest|Exeggutor|288\/393 par
|cant|p2a: Alakazam|par
|
|turn|44
|
|switch|p1a: Zam Lead|Alakazam|206\/313 par
|move|p2a: Alakazam|Psychic|p1a: Zam Lead
|-resisted|p1a: Zam Lead
|-damage|p1a: Zam Lead|154\/313 par
|
|turn|45
|
|move|p1a: Zam Lead|Recover|p1a: Zam Lead
|-heal|p1a: Zam Lead|310\/313 par
|cant|p2a: Alakazam|par
|
|turn|46
|
|move|p1a: Zam Lead|Psychic|p2a: Alakazam
|-crit|p2a: Alakazam
|-resisted|p2a: Alakazam
|-damage|p2a: Alakazam|213\/313 par
|move|p2a: Alakazam|Thunder Wave|p1a: Zam Lead
|-fail|p1a: Zam Lead|par
|
|turn|47
|
|move|p1a: Zam Lead|Psychic|p2a: Alakazam
|-resisted|p2a: Alakazam
|-damage|p2a: Alakazam|160\/313 par
|move|p2a: Alakazam|Recover|p2a: Alakazam
|-heal|p2a: Alakazam|313\/313 par
|
|turn|48
|
|move|p1a: Zam Lead|Psychic|p2a: Alakazam
|-resisted|p2a: Alakazam
|-damage|p2a: Alakazam|257\/313 par
|cant|p2a: Alakazam|par
|
|turn|49
|
|cant|p2a: Alakazam|par
|move|p1a: Zam Lead|Psychic|p2a: Alakazam
|-resisted|p2a: Alakazam
|-damage|p2a: Alakazam|208\/313 par
|
|turn|50
|
|switch|p1a: Result of Incest|Exeggutor|288\/393 par
|move|p2a: Alakazam|Recover|p2a: Alakazam
|-heal|p2a: Alakazam|313\/313 par
|
|turn|51
|
|switch|p1a: Zam Lead|Alakazam|310\/313 par
|move|p2a: Alakazam|Psychic|p1a: Zam Lead
|-resisted|p1a: Zam Lead
|-damage|p1a: Zam Lead|255\/313 par
|-unboost|p1a: Zam Lead|spd|1
|-unboost|p1a: Zam Lead|spa|1
|
|turn|52
|
|switch|p2a: Tauros|Tauros|353\/353
|cant|p1a: Zam Lead|par
|
|turn|53
|
|switch|p1a: ▀█▀ █ ▀█▀|Jynx|141\/333 slp
|move|p2a: Tauros|Hyper Beam|p1a: ▀█▀ █ ▀█▀
|-damage|p1a: ▀█▀ █ ▀█▀|0 fnt
|faint|p1a: ▀█▀ █ ▀█▀
|
|
|switch|p1a: Result of Incest|Exeggutor|288\/393 par
|turn|54
|
|switch|p2a: Alakazam|Alakazam|313\/313 par
|move|p1a: Result of Incest|Psychic|p2a: Alakazam
|-resisted|p2a: Alakazam
|-damage|p2a: Alakazam|263\/313 par
|-unboost|p2a: Alakazam|spd|1
|-unboost|p2a: Alakazam|spa|1
|
|turn|55
|
|cant|p2a: Alakazam|par
|cant|p1a: Result of Incest|par
|
|turn|56
|
|move|p2a: Alakazam|Reflect|p2a: Alakazam
|move|p1a: Result of Incest|Psychic|p2a: Alakazam
|-resisted|p2a: Alakazam
|-damage|p2a: Alakazam|188\/313 par
|
|turn|57
|
|switch|p1a: Zam Lead|Alakazam|255\/313 par
|move|p2a: Alakazam|Recover|p2a: Alakazam
|-heal|p2a: Alakazam|313\/313 par
|
|turn|58
|
|move|p1a: Zam Lead|Reflect|p1a: Zam Lead
|move|p2a: Alakazam|Thunder Wave|p1a: Zam Lead
|-fail|p1a: Zam Lead|par
|
|turn|59
|
|cant|p1a: Zam Lead|par
|move|p2a: Alakazam|Psychic|p1a: Zam Lead
|-resisted|p1a: Zam Lead
|-damage|p1a: Zam Lead|222\/313 par
|-unboost|p1a: Zam Lead|spd|1
|-unboost|p1a: Zam Lead|spa|1
|
|turn|60
|
|move|p2a: Alakazam|Psychic|p1a: Zam Lead
|-resisted|p1a: Zam Lead
|-damage|p1a: Zam Lead|168\/313 par
|move|p1a: Zam Lead|Recover|p1a: Zam Lead
|-heal|p1a: Zam Lead|313\/313 par
|
|turn|61
|
|move|p2a: Alakazam|Reflect|p2a: Alakazam
|-fail|p2a: Alakazam
|move|p1a: Zam Lead|Psychic|p2a: Alakazam
|-resisted|p2a: Alakazam
|-damage|p2a: Alakazam|264\/313 par
|
|turn|62
|
|switch|p1a: Result of Incest|Exeggutor|288\/393 par
|move|p2a: Alakazam|Thunder Wave|p1a: Result of Incest
|-fail|p1a: Result of Incest|par
|
|turn|63
|join|Retan
|
|move|p2a: Alakazam|Thunder Wave|p1a: Result of Incest
|-fail|p1a: Result of Incest|par
|move|p1a: Result of Incest|Psychic|p2a: Alakazam
|-crit|p2a: Alakazam
|-resisted|p2a: Alakazam
|-damage|p2a: Alakazam|172\/313 par
|-unboost|p2a: Alakazam|spd|1
|-unboost|p2a: Alakazam|spa|1
|
|turn|64
|
|cant|p2a: Alakazam|par
|move|p1a: Result of Incest|Psychic|p2a: Alakazam
|-resisted|p2a: Alakazam
|-damage|p2a: Alakazam|75\/313 par
|
|turn|65
|
|switch|p1a: TNT|Golem|363\/363
|move|p2a: Alakazam|Recover|p2a: Alakazam
|-heal|p2a: Alakazam|231\/313 par
|
|turn|66
|
|switch|p2a: Exeggutor|Exeggutor|187\/393 frz
|move|p1a: TNT|Earthquake|p2a: Exeggutor
|-resisted|p2a: Exeggutor
|-damage|p2a: Exeggutor|123\/393 frz
|
|turn|67
|
|cant|p2a: Exeggutor|frz
|move|p1a: TNT|Rock Slide|p2a: Exeggutor
|-damage|p2a: Exeggutor|12\/393 frz
|
|turn|68
|
|switch|p2a: Jynx|Jynx|333\/333 slp
|switch|p1a: Result of Incest|Exeggutor|288\/393 par
|
|turn|69
|
|switch|p1a: TNT|Golem|363\/363
|cant|p2a: Jynx|slp
|-curestatus|p2a: Jynx|slp
|
|turn|70
|
|switch|p1a: Zam Lead|Alakazam|313\/313 par
|move|p2a: Jynx|Lovely Kiss|p1a: Zam Lead
|-fail|p1a: Zam Lead
|
|turn|71
|
|switch|p2a: Rhydon|Rhydon|413\/413
|move|p1a: Zam Lead|Thunder Wave|p2a: Rhydon
|-immune|p2a: Rhydon|[msg]
|
|turn|72
|
|switch|p1a: Result of Incest|Exeggutor|288\/393 par
|move|p2a: Rhydon|Earthquake|p1a: Result of Incest
|-resisted|p1a: Result of Incest
|-damage|p1a: Result of Incest|211\/393 par
|
|turn|73
|leave|Retan
|
|switch|p2a: Jynx|Jynx|333\/333
|cant|p1a: Result of Incest|par
|
|turn|74
|
|switch|p1a: Zam Lead|Alakazam|313\/313 par
|move|p2a: Jynx|Blizzard|p1a: Zam Lead
|-damage|p1a: Zam Lead|203\/313 par
|
|turn|75
|
|move|p2a: Jynx|Blizzard|p1a: Zam Lead
|-crit|p1a: Zam Lead
|-damage|p1a: Zam Lead|0 fnt
|faint|p1a: Zam Lead
|
|
|switch|p1a: Result of Incest|Exeggutor|211\/393 par
|turn|76
|
|move|p2a: Jynx|Blizzard|p1a: Result of Incest
|-supereffective|p1a: Result of Incest
|-damage|p1a: Result of Incest|0 fnt
|faint|p1a: Result of Incest
|
|
|switch|p1a: TNT|Golem|363\/363
|turn|77
|
|move|p2a: Jynx|Lovely Kiss|p1a: TNT
|-status|p1a: TNT|slp
|cant|p1a: TNT|slp
|
|turn|78
|
|move|p2a: Jynx|Blizzard|p1a: TNT
|-supereffective|p1a: TNT
|-damage|p1a: TNT|0 fnt
|faint|p1a: TNT
|
|
|switch|p1a: Breakfast Pouch|Chansey|25\/703
|turn|79
|
|move|p2a: Jynx|Psychic|p1a: Breakfast Pouch
|-crit|p1a: Breakfast Pouch
|-damage|p1a: Breakfast Pouch|0 fnt
|faint|p1a: Breakfast Pouch
|
|win|ggc
|raw|Ladder updating...
|raw|kid gf lol's rating: 1434 &rarr; <strong>1413<\/strong><br \/>(-21 for losing)
|raw|ggc's rating: 1427 &rarr; <strong>1447<\/strong><br \/>(+20 for winning)
|leave|kid gf lol
|player|p1
|join|EstuproAmigavel
|leave|EstuproAmigavel
|join|ashiemore