|j|Mirabel_
|j|650001BC
|player|p1|Mirabel_|260
|player|p2|650001BC|2
|gametype|singles
|gen|1
|tier|[Gen 1] OU
|rated
|seed|
|rule|Sleep Clause Mod: Limit one foe put to sleep
|rule|Freeze Clause Mod: Limit one foe frozen
|rule|Species Clause: Limit one of each Pokémon
|rule|OHKO Clause: OHKO moves are banned
|rule|Evasion Moves Clause: Evasion moves are banned
|rule|HP Percentage Mod: HP is shown in percentages
|
|start
|switch|p1a: スターミー|Starmie|100\/100
|switch|p2a: Exeggutor|Exeggutor|100\/100
|turn|1
|choice||
|
|move|p1a: スターミー|Blizzard|p2a: Exeggutor
|-crit|p2a: Exeggutor
|-supereffective|p2a: Exeggutor
|-damage|p2a: Exeggutor|27\/100
|-status|p2a: Exeggutor|frz
|cant|p2a: Exeggutor|frz
|
|turn|2
|choice||
|
|switch|p2a: Vaporeon|Vaporeon|100\/100
|move|p1a: スターミー|Psychic|p2a: Vaporeon
|-damage|p2a: Vaporeon|78\/100
|
|turn|3
|choice||
|
|move|p1a: スターミー|Thunder Wave|p2a: Vaporeon
|-status|p2a: Vaporeon|par
|move|p2a: Vaporeon|Surf|p1a: スターミー
|-resisted|p1a: スターミー
|-damage|p1a: スターミー|82\/100
|
|turn|4
|choice||
|
|move|p1a: スターミー|Psychic|p2a: Vaporeon
|-damage|p2a: Vaporeon|57\/100 par
|move|p2a: Vaporeon|Surf|p1a: スターミー
|-resisted|p1a: スターミー
|-damage|p1a: スターミー|64\/100
|
|turn|5
|choice||
|
|switch|p2a: Snorlax|Snorlax|100\/100
|move|p1a: スターミー|Psychic|p2a: Snorlax
|-damage|p2a: Snorlax|76\/100
|-unboost|p2a: Snorlax|spd|1
|-unboost|p2a: Snorlax|spa|1
|
|turn|6
|choice||
|
|move|p1a: スターミー|Thunder Wave|p2a: Snorlax
|-status|p2a: Snorlax|par
|move|p2a: Snorlax|Amnesia|p2a: Snorlax
|-boost|p2a: Snorlax|spd|2
|-boost|p2a: Snorlax|spa|2
|
|turn|7
|choice||
|
|switch|p1a: カビゴン|Snorlax|100\/100
|move|p2a: Snorlax|Amnesia|p2a: Snorlax
|-boost|p2a: Snorlax|spd|2
|-boost|p2a: Snorlax|spa|2
|
|turn|8
|choice||
|
|switch|p2a: Tangela|Tangela|100\/100
|move|p1a: カビゴン|Body Slam|p2a: Tangela
|-damage|p2a: Tangela|70\/100
|
|turn|9
|choice||
|
|move|p2a: Tangela|Sleep Powder|p1a: カビゴン
|-status|p1a: カビゴン|slp
|cant|p1a: カビゴン|slp
|
|turn|10
|choice||
|
|switch|p1a: フーディン|Alakazam|100\/100
|move|p2a: Tangela|Growth|p2a: Tangela
|-boost|p2a: Tangela|spa|1
|-boost|p2a: Tangela|spd|1
|
|turn|11
|choice||
|
|move|p1a: フーディン|Thunder Wave|p2a: Tangela
|-status|p2a: Tangela|par
|cant|p2a: Tangela|par
|
|turn|12
|choice||
|
|switch|p1a: ラッキー|Chansey|100\/100
|move|p2a: Tangela|Growth|p2a: Tangela
|-boost|p2a: Tangela|spa|1
|-boost|p2a: Tangela|spd|1
|
|turn|13
|choice||
|
|move|p1a: ラッキー|Ice Beam|p2a: Tangela
|-supereffective|p2a: Tangela
|-damage|p2a: Tangela|47\/100 par
|cant|p2a: Tangela|par
|
|turn|14
|choice||
|
|move|p1a: ラッキー|Ice Beam|p2a: Tangela
|-supereffective|p2a: Tangela
|-damage|p2a: Tangela|23\/100 par
|move|p2a: Tangela|Growth|p2a: Tangela
|-boost|p2a: Tangela|spa|1
|-boost|p2a: Tangela|spd|1
|
|turn|15
|choice||
|
|move|p1a: ラッキー|Ice Beam|p2a: Tangela
|-supereffective|p2a: Tangela
|-damage|p2a: Tangela|3\/100 par
|move|p2a: Tangela|Rest|p2a: Tangela
|-status|p2a: Tangela|slp
|-heal|p2a: Tangela|100\/100 slp|[silent]
|-status|p2a: Tangela|slp|[from] move: Rest
|
|turn|16
|choice||
|
|switch|p1a: ケンタロス|Tauros|100\/100
|cant|p2a: Tangela|slp
|
|turn|17
|choice||
|
|move|p1a: ケンタロス|Body Slam|p2a: Tangela
|-damage|p2a: Tangela|75\/100 slp
|-curestatus|p2a: Tangela|slp
|
|turn|18
|choice||
|
|switch|p1a: ラッキー|Chansey|100\/100
|move|p2a: Tangela|Mega Drain|p1a: ラッキー
|-damage|p1a: ラッキー|85\/100
|-heal|p2a: Tangela|91\/100|[from] drain|[of] p1a: ラッキー
|
|turn|19
|choice||
|
|switch|p1a: ナッシー|Exeggutor|100\/100
|move|p2a: Tangela|Growth|p2a: Tangela
|-boost|p2a: Tangela|spa|1
|-boost|p2a: Tangela|spd|1
|
|turn|20
|choice||
|
|move|p1a: ナッシー|Sleep Powder|p2a: Tangela
|-status|p2a: Tangela|slp
|cant|p2a: Tangela|slp
|
|turn|21
|choice||
|
|move|p1a: ナッシー|Psychic|p2a: Tangela
|-crit|p2a: Tangela
|-damage|p2a: Tangela|16\/100 slp
|cant|p2a: Tangela|slp
|
|turn|22
|choice||
|
|switch|p2a: Slowbro|Slowbro|100\/100
|move|p1a: ナッシー|Psychic|p2a: Slowbro
|-resisted|p2a: Slowbro
|-damage|p2a: Slowbro|82\/100
|-unboost|p2a: Slowbro|spd|1
|-unboost|p2a: Slowbro|spa|1
|
|turn|23
|choice||
|
|move|p1a: ナッシー|Psychic|p2a: Slowbro
|-resisted|p2a: Slowbro
|-damage|p2a: Slowbro|54\/100
|-unboost|p2a: Slowbro|spd|1
|-unboost|p2a: Slowbro|spa|1
|move|p2a: Slowbro|Amnesia|p2a: Slowbro
|
|turn|24
|c|★Mirabel_|what
|c|★Mirabel_|did you see that
|choice||
|
|move|p1a: ナッシー|Psychic|p2a: Slowbro
|-resisted|p2a: Slowbro
|-damage|p2a: Slowbro|16\/100
|-unboost|p2a: Slowbro|spd|1
|-unboost|p2a: Slowbro|spa|1
|move|p2a: Slowbro|Amnesia|p2a: Slowbro
|-boost|p2a: Slowbro|spd|2
|-boost|p2a: Slowbro|spa|2
|
|turn|25
|c|★650001BC|yes
|c|★Mirabel_|that shouldn't have happened I think
|c|★Mirabel_|Going to post this on RoA
|choice||
|
|switch|p2a: Snorlax|Snorlax|76\/100 par
|move|p1a: ナッシー|Psychic|p2a: Snorlax
|-damage|p2a: Snorlax|43\/100 par
|
|turn|26
|choice||
|
|move|p1a: ナッシー|Sleep Powder|p2a: Snorlax
|-fail|p2a: Snorlax
|cant|p2a: Snorlax|par
|
|turn|27
|choice||
|
|move|p1a: ナッシー|Psychic|p2a: Snorlax
|-damage|p2a: Snorlax|13\/100 par
|cant|p2a: Snorlax|par
|
|turn|28
|choice||
|
|move|p1a: ナッシー|Psychic|p2a: Snorlax
|-damage|p2a: Snorlax|0 fnt
|faint|p2a: Snorlax
|choice||
|
|switch|p2a: Slowbro|Slowbro|16\/100
|turn|29
|choice||
|
|move|p1a: ナッシー|Psychic|p2a: Slowbro
|-resisted|p2a: Slowbro
|-damage|p2a: Slowbro|0 fnt
|faint|p2a: Slowbro
|-message|650001BC forfeited.
|
|win|Mirabel_
|player|p1
|player|p2
|l|650001BC
|raw|Mirabel_'s rating: 1333 &rarr; <strong>1344<\/strong><br \/>(+11 for winning)
|raw|650001BC's rating: 1163 &rarr; <strong>1149<\/strong><br \/>(-14 for losing)