|join|kid gf lol
|join|Sylivian
|player|p1|kid gf lol|168
|player|p2|Sylivian|169
|gametype|singles
|gen|1
|tier|[Gen 1] OU (beta)
|rated
|rule|Sleep Clause Mod: Limit one foe put to sleep
|rule|Species Clause: Limit one of each Pokemon
|rule|OHKO Clause: OHKO moves are banned
|rule|Moody Clause: Moody is banned
|rule|Evasion Moves Clause: Evasion moves are banned
|rule|Endless Battle Clause: Forcing endless battles is banned.
|rule|HP Percentage Mod: HP is reported as percentages
|
|start
|switch|p1a: Zam Lead|Alakazam|313\/313
|switch|p2a: Exeggutor|Exeggutor|393\/393
|turn|1
|
|move|p1a: Zam Lead|Thunder Wave|p2a: Exeggutor
|-status|p2a: Exeggutor|par
|move|p2a: Exeggutor|Sleep Powder|p1a: Zam Lead
|-status|p1a: Zam Lead|slp
|
|turn|2
|
|cant|p1a: Zam Lead|slp
|move|p2a: Exeggutor|Psychic|p1a: Zam Lead
|-resisted|p1a: Zam Lead
|-damage|p1a: Zam Lead|263\/313 slp
|-unboost|p1a: Zam Lead|spd|1
|-unboost|p1a: Zam Lead|spa|1
|
|turn|3
|
|switch|p1a: Egg Kangaroo|Chansey|703\/703
|cant|p2a: Exeggutor|par
|
|turn|4
|
|move|p1a: Egg Kangaroo|Reflect|p1a: Egg Kangaroo
|move|p2a: Exeggutor|Double-Edge|p1a: Egg Kangaroo
|-damage|p1a: Egg Kangaroo|600\/703
|-damage|p2a: Exeggutor|367\/393 par|[from] recoil|[of] p1a: Egg Kangaroo
|
|turn|5
|
|move|p1a: Egg Kangaroo|Ice Beam|p2a: Exeggutor
|-supereffective|p2a: Exeggutor
|-damage|p2a: Exeggutor|238\/393 par
|move|p2a: Exeggutor|Double-Edge|p1a: Egg Kangaroo
|-crit|p1a: Egg Kangaroo
|-damage|p1a: Egg Kangaroo|386\/703
|-damage|p2a: Exeggutor|184\/393 par|[from] recoil|[of] p1a: Egg Kangaroo
|
|turn|6
|
|move|p1a: Egg Kangaroo|Soft-Boiled|p1a: Egg Kangaroo
|-heal|p1a: Egg Kangaroo|703\/703
|move|p2a: Exeggutor|Explosion|p1a: Egg Kangaroo
|-crit|p1a: Egg Kangaroo
|-damage|p1a: Egg Kangaroo|0 fnt
|faint|p1a: Egg Kangaroo
|faint|p2a: Exeggutor
|chat|kid gf lol|ugh
|
|switch|p2a: Persian|Persian|333\/333
|switch|p1a: Result of Incest|Exeggutor|393\/393
|turn|7
|chat|Sylivian|still on an unlucky streak?
|
|switch|p2a: Starmie|Starmie|323\/323
|move|p1a: Result of Incest|Sleep Powder|p2a: Starmie
|-status|p2a: Starmie|slp
|
|turn|8
|chat|kid gf lol|no
|
|switch|p2a: Chansey|Chansey|703\/703
|switch|p1a: Star Role|Starmie|323\/323
|
|turn|9
|
|switch|p1a: Zam Lead|Alakazam|263\/313 slp
|move|p2a: Chansey|Thunder Wave|p1a: Zam Lead
|-fail|p1a: Zam Lead
|
|turn|10
|
|switch|p1a: Clamp Bot|Cloyster|303\/303
|switch|p2a: Persian|Persian|333\/333
|
|turn|11
|
|move|p2a: Persian|Slash|p1a: Clamp Bot
|-crit|p1a: Clamp Bot
|-damage|p1a: Clamp Bot|222\/303
|move|p1a: Clamp Bot|Blizzard|p2a: Persian|[miss]
|-miss|p1a: Clamp Bot
|
|turn|12
|
|move|p2a: Persian|Slash|p1a: Clamp Bot
|-crit|p1a: Clamp Bot
|-damage|p1a: Clamp Bot|136\/303
|move|p1a: Clamp Bot|Clamp|p2a: Persian
|-crit|p2a: Persian
|-damage|p2a: Persian|238\/333
|-activate|p2a: Persian|move: Clamp|[of] p1a: Clamp Bot
|
|turn|13
|
|switch|p2a: Starmie|Starmie|323\/323 slp
|move|p1a: Clamp Bot|Clamp|p2a: Starmie
|-resisted|p2a: Starmie
|-damage|p2a: Starmie|303\/323 slp
|-activate|p2a: Starmie|move: Clamp|[of] p1a: Clamp Bot
|
|turn|14
|
|cant|p2a: Starmie|slp
|move|p1a: Clamp Bot|Clamp|p2a: Starmie
|-damage|p2a: Starmie|208\/323 slp
|
|turn|15
|
|cant|p2a: Starmie|slp
|move|p1a: Clamp Bot|Clamp|p2a: Starmie
|-damage|p2a: Starmie|113\/323 slp
|
|turn|16
|
|switch|p2a: Chansey|Chansey|703\/703
|move|p1a: Clamp Bot|Clamp|p2a: Chansey
|-damage|p2a: Chansey|669\/703
|-activate|p2a: Chansey|move: Clamp|[of] p1a: Clamp Bot
|
|turn|17
|
|switch|p2a: Starmie|Starmie|113\/323 slp
|move|p1a: Clamp Bot|Clamp|p2a: Starmie
|-resisted|p2a: Starmie
|-damage|p2a: Starmie|95\/323 slp
|-activate|p2a: Starmie|move: Clamp|[of] p1a: Clamp Bot
|
|turn|18
|
|cant|p2a: Starmie|slp
|move|p1a: Clamp Bot|Clamp|p2a: Starmie
|-damage|p2a: Starmie|0 fnt
|faint|p2a: Starmie
|
|
|switch|p2a: Jolteon|Jolteon|333\/333
|turn|19
|
|switch|p1a: TNT|Golem|363\/363
|move|p2a: Jolteon|Thunderbolt|p1a: TNT
|-immune|p1a: TNT|[msg]
|
|turn|20
|
|switch|p2a: Chansey|Chansey|669\/703
|move|p1a: TNT|Substitute|p1a: TNT
|-start|p1a: TNT|Substitute
|-damage|p1a: TNT|273\/363
|
|turn|21
|
|move|p2a: Chansey|Ice Beam|p1a: TNT
|-supereffective|p1a: TNT
|-end|p1a: TNT|Substitute
|move|p1a: TNT|Earthquake|p2a: Chansey
|-damage|p2a: Chansey|311\/703
|
|turn|22
|
|move|p2a: Chansey|Ice Beam|p1a: TNT
|-supereffective|p1a: TNT
|-damage|p1a: TNT|33\/363
|move|p1a: TNT|Earthquake|p2a: Chansey
|-damage|p2a: Chansey|0 fnt
|faint|p2a: Chansey
|
|
|switch|p2a: Jolteon|Jolteon|333\/333
|turn|23
|
|move|p2a: Jolteon|Double Kick|p1a: TNT
|-supereffective|p1a: TNT
|-damage|p1a: TNT|0 fnt
|-hitcount|p1a: TNT|1
|faint|p1a: TNT
|
|
|switch|p1a: Result of Incest|Exeggutor|393\/393
|turn|24
|
|switch|p2a: Golem|Golem|363\/363
|move|p1a: Result of Incest|Sleep Powder|p2a: Golem
|-status|p2a: Golem|slp
|
|turn|25
|
|move|p1a: Result of Incest|Psychic|p2a: Golem
|-damage|p2a: Golem|179\/363 slp
|cant|p2a: Golem|slp
|
|turn|26
|
|switch|p2a: Jolteon|Jolteon|333\/333
|move|p1a: Result of Incest|Psychic|p2a: Jolteon
|-damage|p2a: Jolteon|223\/333
|
|turn|27
|
|move|p2a: Jolteon|Pin Missile|p1a: Result of Incest
|-supereffective|p1a: Result of Incest
|-damage|p1a: Result of Incest|347\/393
|-damage|p1a: Result of Incest|301\/393
|-damage|p1a: Result of Incest|255\/393
|-hitcount|p1a: Result of Incest|3
|move|p1a: Result of Incest|Leech Seed|p2a: Jolteon|[miss]
|-miss|p1a: Result of Incest
|
|turn|28
|
|move|p2a: Jolteon|Pin Missile|p1a: Result of Incest
|-crit|p1a: Result of Incest
|-supereffective|p1a: Result of Incest
|-damage|p1a: Result of Incest|174\/393
|-damage|p1a: Result of Incest|93\/393
|-hitcount|p1a: Result of Incest|2
|move|p1a: Result of Incest|Explosion|p2a: Jolteon
|-crit|p2a: Jolteon
|-damage|p2a: Jolteon|0 fnt
|faint|p2a: Jolteon
|faint|p1a: Result of Incest
|
|switch|p1a: Star Role|Starmie|323\/323
|switch|p2a: Persian|Persian|238\/333
|turn|29
|chat|Sylivian|gg
|
|move|p1a: Star Role|Psychic|p2a: Persian
|-damage|p2a: Persian|88\/333
|move|p2a: Persian|Hyper Beam|p1a: Star Role
|-damage|p1a: Star Role|168\/323
|
|turn|30
|chat|kid gf lol|gg
|
|move|p1a: Star Role|Psychic|p2a: Persian
|-damage|p2a: Persian|0 fnt
|faint|p2a: Persian
|
|
|switch|p2a: Golem|Golem|179\/363 slp
|turn|31
|
|move|p1a: Star Role|Psychic|p2a: Golem
|-damage|p2a: Golem|21\/363 slp
|cant|p2a: Golem|slp
|
|turn|32
|
|move|p1a: Star Role|Psychic|p2a: Golem
|-damage|p2a: Golem|0 fnt
|faint|p2a: Golem
|
|win|kid gf lol
|raw|Ladder updating...
|raw|kid gf lol's rating: 1449 &rarr; <strong>1459<\/strong><br \/>(+10 for winning)
|raw|Sylivian's rating: 1249 &rarr; <strong>1237<\/strong><br \/>(-12 for losing)
|leave|kid gf lol
|player|p1
|leave|Sylivian
|player|p2