|join|MALESANI
|join|Dervodel
|player|p1|MALESANI|238
|player|p2|Dervodel|238
|gametype|singles
|gen|1
|tier|[Gen 1] Random Battle
|rated
|seed|62987,50255,14242,27038
|rule|Sleep Clause Mod: Limit one foe put to sleep
|rule|Freeze Clause Mod: Limit one foe frozen
|rule|HP Percentage Mod: HP is shown in percentages
|
|start
|switch|p1a: Mew|Mew, L74|300\/300
|switch|p2a: Slowbro|Slowbro, L79|312\/312
|turn|1
|choice|switch 5|move 2
|
|switch|p1a: Tangela|Tangela, L85|284\/284
|move|p2a: Slowbro|Amnesia|p2a: Slowbro
|-boost|p2a: Slowbro|spd|2
|-boost|p2a: Slowbro|spa|2
|
|turn|2
|choice|move 2|switch 2
|
|switch|p2a: Squirtle|Squirtle, L96|279\/279
|move|p1a: Tangela|Sleep Powder|p2a: Squirtle
|-status|p2a: Squirtle|slp
|
|turn|3
|choice|move 4|switch 4
|
|switch|p2a: Weezing|Weezing, L90|300\/300
|move|p1a: Tangela|Body Slam|p2a: Weezing
|-damage|p2a: Weezing|264\/300
|
|turn|4
|choice|switch 3|move 2
|
|switch|p1a: Charmeleon|Charmeleon, L85|272\/272
|move|p2a: Weezing|Fire Blast|p1a: Charmeleon
|-resisted|p1a: Charmeleon
|-damage|p1a: Charmeleon|221\/272
|
|turn|5
|choice|move 3|switch 2
|
|switch|p2a: Slowbro|Slowbro, L79|312\/312
|move|p1a: Charmeleon|Body Slam|p2a: Slowbro
|-damage|p2a: Slowbro|270\/312
|-status|p2a: Slowbro|par
|
|turn|6
|choice|move 2|move 2
|
|move|p1a: Charmeleon|Slash|p2a: Slowbro
|-crit|p2a: Slowbro
|-damage|p2a: Slowbro|203\/312 par
|move|p2a: Slowbro|Amnesia|p2a: Slowbro
|-boost|p2a: Slowbro|spd|2
|-boost|p2a: Slowbro|spa|2
|
|turn|7
|choice|move 2|move 2
|
|move|p1a: Charmeleon|Slash|p2a: Slowbro
|-crit|p2a: Slowbro
|-damage|p2a: Slowbro|134\/312 par
|move|p2a: Slowbro|Amnesia|p2a: Slowbro
|-boost|p2a: Slowbro|spd|2
|-boost|p2a: Slowbro|spa|2
|
|turn|8
|choice|move 2|move 1
|
|move|p1a: Charmeleon|Slash|p2a: Slowbro
|-crit|p2a: Slowbro
|-damage|p2a: Slowbro|61\/312 par
|move|p2a: Slowbro|Surf|p1a: Charmeleon
|-supereffective|p1a: Charmeleon
|-damage|p1a: Charmeleon|0 fnt
|faint|p1a: Charmeleon
|choice|switch 4|
|
|switch|p1a: Nidoqueen|Nidoqueen, L85|327\/327
|turn|9
|choice|move 1|move 1
|
|move|p1a: Nidoqueen|Earthquake|p2a: Slowbro
|-crit|p2a: Slowbro
|-damage|p2a: Slowbro|0 fnt
|faint|p2a: Slowbro
|c|★Dervodel|no crit xD
|choice||switch 5
|
|switch|p2a: Tauros|Tauros, L79|280\/280
|turn|10
|choice|switch 3|move 4
|
|switch|p1a: Tangela|Tangela, L85|284\/284
|move|p2a: Tauros|Blizzard|p1a: Tangela
|-supereffective|p1a: Tangela
|-damage|p1a: Tangela|170\/284
|
|turn|11
|choice|move 1|move 1
|
|move|p2a: Tauros|Body Slam|p1a: Tangela
|-damage|p1a: Tangela|104\/284
|move|p1a: Tangela|Hyper Beam|p2a: Tauros
|-damage|p2a: Tauros|201\/280
|
|turn|12
|-mustrecharge|p1a: Tangela
|-mustrecharge|p1a: Tangela
|choice|move 1|move 1
|
|move|p2a: Tauros|Body Slam|p1a: Tangela
|-damage|p1a: Tangela|37\/284
|cant|p1a: Tangela|recharge
|
|turn|13
|choice|move 3|move 1
|
|move|p2a: Tauros|Body Slam|p1a: Tangela
|-damage|p1a: Tangela|0 fnt
|faint|p1a: Tangela
|choice|switch 6|
|
|switch|p1a: Raticate|Raticate, L85|267\/267
|turn|14
|choice|move 1|switch 3
|
|switch|p2a: Sandshrew|Sandshrew, L96|291\/291
|move|p1a: Raticate|Super Fang|p2a: Sandshrew
|-damage|p2a: Sandshrew|146\/291
|
|turn|15
|choice|move 3|move 1
|
|move|p1a: Raticate|Blizzard|p2a: Sandshrew
|-supereffective|p2a: Sandshrew
|-damage|p2a: Sandshrew|0 fnt
|faint|p2a: Sandshrew
|choice||switch 3
|
|switch|p2a: Tauros|Tauros, L79|201\/280
|turn|16
|choice|move 1|move 1
|
|move|p2a: Tauros|Body Slam|p1a: Raticate
|-damage|p1a: Raticate|171\/267
|move|p1a: Raticate|Super Fang|p2a: Tauros
|-damage|p2a: Tauros|101\/280
|
|turn|17
|choice|move 2|move 2
|
|move|p2a: Tauros|Hyper Beam|p1a: Raticate
|-damage|p1a: Raticate|0 fnt
|faint|p1a: Raticate
|choice|switch 5|
|
|switch|p1a: Mew|Mew, L74|300\/300
|turn|18
|choice|move 3|move 1
|
|move|p2a: Tauros|Body Slam|p1a: Mew
|-damage|p1a: Mew|212\/300
|move|p1a: Mew|Earthquake|p2a: Tauros
|-damage|p2a: Tauros|44\/280
|
|turn|19
|choice|move 1|move 2
|
|move|p2a: Tauros|Hyper Beam|p1a: Mew
|-damage|p1a: Mew|53\/300
|move|p1a: Mew|Soft-Boiled|p1a: Mew
|-heal|p1a: Mew|203\/300
|
|turn|20
|-mustrecharge|p2a: Tauros
|-mustrecharge|p2a: Tauros
|choice|move 3|move 1
|
|cant|p2a: Tauros|recharge
|move|p1a: Mew|Earthquake|p2a: Tauros
|-damage|p2a: Tauros|0 fnt
|faint|p2a: Tauros
|c|★Dervodel|well played
|choice||switch 6
|
|switch|p2a: Hitmonchan|Hitmonchan, L90|273\/273
|turn|21
|choice|move 1|move 4
|
|move|p2a: Hitmonchan|Body Slam|p1a: Mew
|-crit|p1a: Mew
|-damage|p1a: Mew|48\/300
|move|p1a: Mew|Soft-Boiled|p1a: Mew
|-heal|p1a: Mew|198\/300
|
|turn|22
|c|★MALESANI|thx
|c|★MALESANI|but it's not ended
|choice|move 2|move 4
|
|move|p2a: Hitmonchan|Body Slam|p1a: Mew
|-damage|p1a: Mew|125\/300
|move|p1a: Mew|Explosion|p2a: Hitmonchan
|-crit|p2a: Hitmonchan
|-damage|p2a: Hitmonchan|0 fnt
|faint|p2a: Hitmonchan
|faint|p1a: Mew
|c|★Dervodel|its over :)
|choice|switch 2|switch 2
|
|switch|p1a: Nidorino|Nidorino, L90|293\/293
|switch|p2a: Weezing|Weezing, L90|264\/300
|turn|23
|c|★MALESANI|let's see
|choice|move 2|move 2
|
|move|p1a: Nidorino|Body Slam|p2a: Weezing
|-damage|p2a: Weezing|218\/300
|move|p2a: Weezing|Fire Blast|p1a: Nidorino
|-damage|p1a: Nidorino|185\/293
|
|turn|24
|choice|move 2|move 2
|
|move|p1a: Nidorino|Body Slam|p2a: Weezing
|-damage|p2a: Weezing|175\/300
|-status|p2a: Weezing|par
|move|p2a: Weezing|Fire Blast|p1a: Nidorino
|-damage|p1a: Nidorino|69\/293
|
|turn|25
|choice|move 2|move 2
|
|move|p1a: Nidorino|Body Slam|p2a: Weezing
|-crit|p2a: Weezing
|-damage|p2a: Weezing|98\/300 par
|move|p2a: Weezing|Fire Blast|p1a: Nidorino
|-damage|p1a: Nidorino|0 fnt
|faint|p1a: Nidorino
|choice|switch 3|
|
|switch|p1a: Nidoqueen|Nidoqueen, L85|327\/327
|turn|26
|choice|move 1|move 1
|
|move|p1a: Nidoqueen|Earthquake|p2a: Weezing
|-supereffective|p2a: Weezing
|-damage|p2a: Weezing|0 fnt
|faint|p2a: Weezing
|choice||switch 4
|
|switch|p2a: Squirtle|Squirtle, L96|279\/279 slp
|turn|27
|c|★MALESANI|now I think yes
|choice|move 1|move 4
|
|move|p1a: Nidoqueen|Earthquake|p2a: Squirtle
|-damage|p2a: Squirtle|175\/279 slp
|-curestatus|p2a: Squirtle|slp
|
|turn|28
|c|★MALESANI|...no
|choice|move 1|move 4
|
|move|p1a: Nidoqueen|Earthquake|p2a: Squirtle
|-damage|p2a: Squirtle|74\/279
|move|p2a: Squirtle|Surf|p1a: Nidoqueen
|-supereffective|p1a: Nidoqueen
|-damage|p1a: Nidoqueen|129\/327
|
|turn|29
|choice|move 1|move 4
|
|move|p1a: Nidoqueen|Earthquake|p2a: Squirtle
|-damage|p2a: Squirtle|0 fnt
|faint|p2a: Squirtle
|
|win|MALESANI
|raw|MALESANI's rating: 1343 &rarr; <strong>1365<\/strong><br \/>(+22 for winning)
|raw|Dervodel's rating: 1375 &rarr; <strong>1354<\/strong><br \/>(-21 for losing)
|c|★MALESANI|gg