|j|Kao the Wise
|j|aya46
|player|p1|Kao the Wise|224
|player|p2|aya46|157
|gametype|singles
|gen|1
|tier|[Gen 1] Random Battle
|rated
|seed|
|rule|Sleep Clause Mod: Limit one foe put to sleep
|rule|Freeze Clause Mod: Limit one foe frozen
|rule|HP Percentage Mod: HP is shown in percentages
|
|start
|switch|p1a: Nidoking|Nidoking, L85|100\/100
|switch|p2a: Venonat|Venonat, L96|100\/100
|turn|1
|choice||
|
|move|p1a: Nidoking|Earthquake|p2a: Venonat
|-damage|p2a: Venonat|62\/100
|move|p2a: Venonat|Sleep Powder|p1a: Nidoking
|-status|p1a: Nidoking|slp
|
|turn|2
|choice||
|
|switch|p1a: Wigglytuff|Wigglytuff, L90|100\/100
|move|p2a: Venonat|Psychic|p1a: Wigglytuff
|-damage|p1a: Wigglytuff|87\/100
|
|turn|3
|choice||
|
|switch|p2a: Muk|Muk, L90|100\/100
|move|p1a: Wigglytuff|Blizzard|p2a: Muk
|-damage|p2a: Muk|80\/100
|
|turn|4
|choice||
|
|move|p2a: Muk|Sludge|p1a: Wigglytuff|[miss]
|-miss|p2a: Muk
|move|p1a: Wigglytuff|Sing|p2a: Muk|[miss]
|-miss|p1a: Wigglytuff
|
|turn|5
|choice||
|
|move|p2a: Muk|Sludge|p1a: Wigglytuff
|-damage|p1a: Wigglytuff|60\/100
|move|p1a: Wigglytuff|Sing|p2a: Muk
|-status|p2a: Muk|slp
|
|turn|6
|choice||
|
|cant|p2a: Muk|slp
|move|p1a: Wigglytuff|Hyper Beam|p2a: Muk|[miss]
|-miss|p1a: Wigglytuff
|
|turn|7
|choice||
|
|cant|p2a: Muk|slp
|move|p1a: Wigglytuff|Hyper Beam|p2a: Muk|[miss]
|-miss|p1a: Wigglytuff
|
|turn|8
|choice||
|
|cant|p2a: Muk|slp
|move|p1a: Wigglytuff|Hyper Beam|p2a: Muk
|-damage|p2a: Muk|41\/100 slp
|
|turn|9
|-mustrecharge|p1a: Wigglytuff
|-mustrecharge|p1a: Wigglytuff
|choice||
|
|-curestatus|p2a: Muk|slp
|cant|p1a: Wigglytuff|recharge
|
|turn|10
|choice||
|
|move|p2a: Muk|Explosion|p1a: Wigglytuff
|-damage|p1a: Wigglytuff|0 fnt
|faint|p1a: Wigglytuff
|faint|p2a: Muk
|choice||
|
|switch|p2a: Kangaskhan|Kangaskhan, L85|100\/100
|switch|p1a: Golem|Golem, L79|100\/100
|turn|11
|choice||
|
|move|p2a: Kangaskhan|Surf|p1a: Golem
|-crit|p1a: Golem
|-supereffective|p1a: Golem
|-damage|p1a: Golem|0 fnt
|faint|p1a: Golem
|choice||
|
|switch|p1a: Tauros|Tauros, L79|100\/100
|turn|12
|choice||
|
|move|p1a: Tauros|Body Slam|p2a: Kangaskhan
|-damage|p2a: Kangaskhan|77\/100
|move|p2a: Kangaskhan|Body Slam|p1a: Tauros
|-crit|p1a: Tauros
|-damage|p1a: Tauros|37\/100
|
|turn|13
|choice||
|
|move|p1a: Tauros|Hyper Beam|p2a: Kangaskhan|[miss]
|-miss|p1a: Tauros
|move|p2a: Kangaskhan|Hyper Beam|p1a: Tauros|[miss]
|-miss|p2a: Kangaskhan
|
|turn|14
|choice||
|
|move|p1a: Tauros|Hyper Beam|p2a: Kangaskhan
|-crit|p2a: Kangaskhan
|-damage|p2a: Kangaskhan|0 fnt
|faint|p2a: Kangaskhan
|choice||
|
|switch|p2a: Persian|Persian, L79|100\/100
|turn|15
|j|energyballer2006
|choice||
|
|move|p2a: Persian|Slash|p1a: Tauros
|-crit|p1a: Tauros
|-damage|p1a: Tauros|0 fnt
|faint|p1a: Tauros
|l|energyballer2006
|choice||
|
|switch|p1a: Hypno|Hypno, L85|100\/100
|turn|16
|choice||
|
|switch|p2a: Sandslash|Sandslash, L85|100\/100
|move|p1a: Hypno|Counter|p2a: Sandslash
|-damage|p2a: Sandslash|32\/100
|
|turn|17
|c|★aya46|gen 3 magic ... -_-
|choice||
|
|move|p1a: Hypno|Psychic|p2a: Sandslash
|-damage|p2a: Sandslash|0 fnt
|faint|p2a: Sandslash
|c|★Kao the Wise|gotta love switch out counter
|choice||
|
|switch|p2a: Venonat|Venonat, L96|62\/100
|turn|18
|choice||
|
|move|p1a: Hypno|Psychic|p2a: Venonat
|-supereffective|p2a: Venonat
|-damage|p2a: Venonat|0 fnt
|faint|p2a: Venonat
|choice||
|
|switch|p2a: Persian|Persian, L79|100\/100
|turn|19
|choice||
|
|move|p2a: Persian|Slash|p1a: Hypno
|-crit|p1a: Hypno
|-damage|p1a: Hypno|61\/100
|move|p1a: Hypno|Hypnosis|p2a: Persian
|-status|p2a: Persian|slp
|
|turn|20
|choice||
|
|switch|p2a: Dragonair|Dragonair, L85|100\/100
|move|p1a: Hypno|Psychic|p2a: Dragonair
|-damage|p2a: Dragonair|59\/100
|
|turn|21
|choice||
|
|move|p2a: Dragonair|Thunder|p1a: Hypno
|-damage|p1a: Hypno|43\/100
|move|p1a: Hypno|Thunder Wave|p2a: Dragonair
|-status|p2a: Dragonair|par
|
|turn|22
|choice||
|
|move|p1a: Hypno|Psychic|p2a: Dragonair
|-crit|p2a: Dragonair
|-damage|p2a: Dragonair|0 fnt
|faint|p2a: Dragonair
|choice||
|
|switch|p2a: Persian|Persian, L79|100\/100 slp
|turn|23
|choice||
|
|cant|p2a: Persian|slp
|move|p1a: Hypno|Psychic|p2a: Persian
|-damage|p2a: Persian|48\/100 slp
|
|turn|24
|choice||
|
|cant|p2a: Persian|slp
|move|p1a: Hypno|Psychic|p2a: Persian
|-damage|p2a: Persian|0 fnt
|faint|p2a: Persian
|
|win|Kao the Wise
|player|p1
|player|p2
|raw|Kao the Wise's rating: 1211 &rarr; <strong>1242<\/strong><br \/>(+31 for winning)
|raw|aya46's rating: 1301 &rarr; <strong>1276<\/strong><br \/>(-25 for losing)
|c|★Kao the Wise|gg
|c|★aya46|gg