|j|Judo
|j|Lupin97
|player|p1|Judo|70
|player|p2|Lupin97|266
|gametype|singles
|gen|1
|tier|[Gen 1] OU
|rated
|seed|
|rule|Sleep Clause Mod: Limit one foe put to sleep
|rule|Freeze Clause Mod: Limit one foe frozen
|rule|Species Clause: Limit one of each Pokémon
|rule|OHKO Clause: OHKO moves are banned
|rule|Evasion Moves Clause: Evasion moves are banned
|rule|HP Percentage Mod: HP is shown in percentages
|
|start
|switch|p1a: CANT TOUCH KHAAMO|Gengar|100\/100
|switch|p2a: Jolteon|Jolteon|100\/100
|turn|1
|choice||
|
|switch|p1a: LORD BOYT BAE|Golem|100\/100
|move|p2a: Jolteon|Thunder Wave|p1a: LORD BOYT BAE
|-immune|p1a: LORD BOYT BAE|[msg]
|
|turn|2
|choice||
|
|switch|p2a: Starmie|Starmie|100\/100
|move|p1a: LORD BOYT BAE|Rock Slide|p2a: Starmie
|-damage|p2a: Starmie|67\/100
|
|turn|3
|choice||
|
|switch|p1a: PET SHIVVERS ILY|Chansey|100\/100
|move|p2a: Starmie|Recover|p2a: Starmie
|-heal|p2a: Starmie|100\/100
|
|turn|4
|choice||
|
|switch|p2a: Tauros|Tauros|100\/100
|move|p1a: PET SHIVVERS ILY|Thunder Wave|p2a: Tauros
|-status|p2a: Tauros|par
|
|turn|5
|choice||
|
|move|p1a: PET SHIVVERS ILY|Reflect|p1a: PET SHIVVERS ILY
|-start|p1a: PET SHIVVERS ILY|Reflect
|move|p2a: Tauros|Earthquake|p1a: PET SHIVVERS ILY
|-crit|p1a: PET SHIVVERS ILY
|-damage|p1a: PET SHIVVERS ILY|39\/100
|
|turn|6
|choice||
|
|move|p1a: PET SHIVVERS ILY|Soft-Boiled|p1a: PET SHIVVERS ILY
|-heal|p1a: PET SHIVVERS ILY|89\/100
|move|p2a: Tauros|Earthquake|p1a: PET SHIVVERS ILY
|-damage|p1a: PET SHIVVERS ILY|73\/100
|
|turn|7
|j|PhallusIntoAnus
|choice||
|
|move|p1a: PET SHIVVERS ILY|Ice Beam|p2a: Tauros
|-damage|p2a: Tauros|71\/100 par
|move|p2a: Tauros|Double-Edge|p1a: PET SHIVVERS ILY
|-damage|p1a: PET SHIVVERS ILY|49\/100
|-damage|p2a: Tauros|59\/100 par|[from] recoil|[of] p1a: PET SHIVVERS ILY
|
|turn|8
|choice||
|
|switch|p2a: Exeggutor|Exeggutor|100\/100
|move|p1a: PET SHIVVERS ILY|Soft-Boiled|p1a: PET SHIVVERS ILY
|-heal|p1a: PET SHIVVERS ILY|99\/100
|
|turn|9
|choice||
|
|move|p2a: Exeggutor|Stun Spore|p1a: PET SHIVVERS ILY
|-status|p1a: PET SHIVVERS ILY|par
|move|p1a: PET SHIVVERS ILY|Thunder Wave|p2a: Exeggutor
|-status|p2a: Exeggutor|par
|
|turn|10
|choice||
|
|move|p2a: Exeggutor|Leech Seed|p1a: PET SHIVVERS ILY
|-start|p1a: PET SHIVVERS ILY|move: Leech Seed
|move|p1a: PET SHIVVERS ILY|Ice Beam|p2a: Exeggutor
|-supereffective|p2a: Exeggutor
|-damage|p2a: Exeggutor|65\/100 par
|-damage|p1a: PET SHIVVERS ILY|93\/100 par|[from] Leech Seed|[of] p2a: Exeggutor
|-heal|p2a: Exeggutor|76\/100 par|[silent]
|
|turn|11
|choice||
|
|switch|p2a: Snorlax|Snorlax|100\/100
|move|p1a: PET SHIVVERS ILY|Ice Beam|p2a: Snorlax
|-damage|p2a: Snorlax|82\/100
|-damage|p1a: PET SHIVVERS ILY|87\/100 par|[from] Leech Seed|[of] p2a: Snorlax
|-heal|p2a: Snorlax|90\/100|[silent]
|
|turn|12
|choice||
|
|move|p2a: Snorlax|Body Slam|p1a: PET SHIVVERS ILY
|-damage|p1a: PET SHIVVERS ILY|67\/100 par
|move|p1a: PET SHIVVERS ILY|Thunder Wave|p2a: Snorlax
|-status|p2a: Snorlax|par
|-damage|p1a: PET SHIVVERS ILY|61\/100 par|[from] Leech Seed|[of] p2a: Snorlax
|-heal|p2a: Snorlax|99\/100 par|[silent]
|
|turn|13
|choice||
|
|switch|p1a: LORD BOYT BAE|Golem|100\/100
|move|p2a: Snorlax|Body Slam|p1a: LORD BOYT BAE
|-resisted|p1a: LORD BOYT BAE
|-damage|p1a: LORD BOYT BAE|88\/100
|-status|p1a: LORD BOYT BAE|par
|
|turn|14
|choice||
|
|move|p1a: LORD BOYT BAE|Explosion|p2a: Snorlax
|-damage|p2a: Snorlax|31\/100 par
|faint|p1a: LORD BOYT BAE
|choice||
|
|switch|p1a: RESK RAWR <3|Persian|100\/100
|turn|15
|choice||
|
|move|p1a: RESK RAWR <3|Slash|p2a: Snorlax
|-crit|p2a: Snorlax
|-damage|p2a: Snorlax|1\/100 par
|move|p2a: Snorlax|Self-Destruct|p1a: RESK RAWR <3
|-damage|p1a: RESK RAWR <3|0 fnt
|faint|p1a: RESK RAWR <3
|faint|p2a: Snorlax
|choice||
|
|switch|p1a: CANT TOUCH KHAAMO|Gengar|100\/100
|switch|p2a: Chansey|Chansey|100\/100
|turn|16
|choice||
|
|move|p1a: CANT TOUCH KHAAMO|Hypnosis|p2a: Chansey|[miss]
|-miss|p1a: CANT TOUCH KHAAMO
|move|p2a: Chansey|Light Screen|p2a: Chansey
|-start|p2a: Chansey|Light Screen
|
|turn|17
|choice||
|
|move|p1a: CANT TOUCH KHAAMO|Hypnosis|p2a: Chansey|[miss]
|-miss|p1a: CANT TOUCH KHAAMO
|move|p2a: Chansey|Thunderbolt|p1a: CANT TOUCH KHAAMO
|-damage|p1a: CANT TOUCH KHAAMO|79\/100
|
|turn|18
|choice||
|
|move|p1a: CANT TOUCH KHAAMO|Hypnosis|p2a: Chansey|[miss]
|-miss|p1a: CANT TOUCH KHAAMO
|move|p2a: Chansey|Thunderbolt|p1a: CANT TOUCH KHAAMO
|-damage|p1a: CANT TOUCH KHAAMO|59\/100
|
|turn|19
|choice||
|
|switch|p2a: Exeggutor|Exeggutor|76\/100 par
|move|p1a: CANT TOUCH KHAAMO|Hypnosis|p2a: Exeggutor
|-fail|p2a: Exeggutor
|
|turn|20
|choice||
|
|switch|p1a: PET SHIVVERS ILY|Chansey|61\/100 par
|move|p2a: Exeggutor|Psychic|p1a: PET SHIVVERS ILY
|-damage|p1a: PET SHIVVERS ILY|45\/100 par
|
|turn|21
|choice||
|
|move|p2a: Exeggutor|Leech Seed|p1a: PET SHIVVERS ILY
|-start|p1a: PET SHIVVERS ILY|move: Leech Seed
|move|p1a: PET SHIVVERS ILY|Soft-Boiled|p1a: PET SHIVVERS ILY
|-heal|p1a: PET SHIVVERS ILY|95\/100 par
|-damage|p1a: PET SHIVVERS ILY|88\/100 par|[from] Leech Seed|[of] p2a: Exeggutor
|-heal|p2a: Exeggutor|87\/100 par|[silent]
|
|turn|22
|choice||
|
|move|p2a: Exeggutor|Psychic|p1a: PET SHIVVERS ILY
|-crit|p1a: PET SHIVVERS ILY
|-damage|p1a: PET SHIVVERS ILY|57\/100 par
|move|p1a: PET SHIVVERS ILY|Ice Beam|p2a: Exeggutor
|-crit|p2a: Exeggutor
|-supereffective|p2a: Exeggutor
|-damage|p2a: Exeggutor|20\/100 par
|-damage|p1a: PET SHIVVERS ILY|51\/100 par|[from] Leech Seed|[of] p2a: Exeggutor
|-heal|p2a: Exeggutor|31\/100 par|[silent]
|
|turn|23
|choice||
|
|cant|p2a: Exeggutor|par
|cant|p1a: PET SHIVVERS ILY|par
|-damage|p1a: PET SHIVVERS ILY|45\/100 par|[from] Leech Seed|[of] p2a: Exeggutor
|-heal|p2a: Exeggutor|42\/100 par|[silent]
|
|turn|24
|choice||
|
|cant|p2a: Exeggutor|par
|move|p1a: PET SHIVVERS ILY|Soft-Boiled|p1a: PET SHIVVERS ILY
|-heal|p1a: PET SHIVVERS ILY|95\/100 par
|-damage|p1a: PET SHIVVERS ILY|89\/100 par|[from] Leech Seed|[of] p2a: Exeggutor
|-heal|p2a: Exeggutor|53\/100 par|[silent]
|
|turn|25
|choice||
|
|cant|p2a: Exeggutor|par
|move|p1a: PET SHIVVERS ILY|Ice Beam|p2a: Exeggutor
|-supereffective|p2a: Exeggutor
|-damage|p2a: Exeggutor|17\/100 par
|-damage|p1a: PET SHIVVERS ILY|82\/100 par|[from] Leech Seed|[of] p2a: Exeggutor
|-heal|p2a: Exeggutor|27\/100 par|[silent]
|
|turn|26
|choice||
|
|move|p2a: Exeggutor|Psychic|p1a: PET SHIVVERS ILY
|-damage|p1a: PET SHIVVERS ILY|65\/100 par
|-unboost|p1a: PET SHIVVERS ILY|spd|1
|-unboost|p1a: PET SHIVVERS ILY|spa|1
|move|p1a: PET SHIVVERS ILY|Ice Beam|p2a: Exeggutor
|-supereffective|p2a: Exeggutor
|-damage|p2a: Exeggutor|6\/100 par
|-damage|p1a: PET SHIVVERS ILY|58\/100 par|[from] Leech Seed|[of] p2a: Exeggutor
|-heal|p2a: Exeggutor|17\/100 par|[silent]
|
|turn|27
|choice||
|
|cant|p2a: Exeggutor|par
|move|p1a: PET SHIVVERS ILY|Ice Beam|p2a: Exeggutor
|-supereffective|p2a: Exeggutor
|-damage|p2a: Exeggutor|0 fnt
|faint|p2a: Exeggutor
|choice||
|
|switch|p2a: Tauros|Tauros|59\/100 par
|turn|28
|choice||
|
|move|p2a: Tauros|Hyper Beam|p1a: PET SHIVVERS ILY
|-crit|p1a: PET SHIVVERS ILY
|-damage|p1a: PET SHIVVERS ILY|0 fnt
|faint|p1a: PET SHIVVERS ILY
|choice||
|
|switch|p1a: CANT TOUCH KHAAMO|Gengar|59\/100
|turn|29
|choice||
|
|move|p1a: CANT TOUCH KHAAMO|Psychic|p2a: Tauros
|-damage|p2a: Tauros|28\/100 par
|-unboost|p2a: Tauros|spd|1
|-unboost|p2a: Tauros|spa|1
|move|p2a: Tauros|Earthquake|p1a: CANT TOUCH KHAAMO
|-supereffective|p1a: CANT TOUCH KHAAMO
|-damage|p1a: CANT TOUCH KHAAMO|0 fnt
|faint|p1a: CANT TOUCH KHAAMO
|choice||
|
|switch|p1a: JANOMI4LYF|Alakazam|100\/100
|turn|30
|choice||
|
|move|p1a: JANOMI4LYF|Psychic|p2a: Tauros
|-damage|p2a: Tauros|0 fnt
|faint|p2a: Tauros
|choice||
|
|switch|p2a: Jolteon|Jolteon|100\/100
|turn|31
|choice||
|
|move|p2a: Jolteon|Thunder Wave|p1a: JANOMI4LYF
|-status|p1a: JANOMI4LYF|par
|move|p1a: JANOMI4LYF|Thunder Wave|p2a: Jolteon
|-status|p2a: Jolteon|par
|
|turn|32
|choice||
|
|switch|p2a: Chansey|Chansey|100\/100
|move|p1a: JANOMI4LYF|Psychic|p2a: Chansey
|-damage|p2a: Chansey|82\/100
|
|turn|33
|choice||
|
|move|p2a: Chansey|Light Screen|p2a: Chansey
|-start|p2a: Chansey|Light Screen
|cant|p1a: JANOMI4LYF|par
|
|turn|34
|choice||
|
|move|p2a: Chansey|Thunderbolt|p1a: JANOMI4LYF
|-damage|p1a: JANOMI4LYF|79\/100 par
|move|p1a: JANOMI4LYF|Thunder Wave|p2a: Chansey
|-status|p2a: Chansey|par
|
|turn|35
|choice||
|
|move|p1a: JANOMI4LYF|Psychic|p2a: Chansey
|-crit|p2a: Chansey
|-damage|p2a: Chansey|46\/100 par
|move|p2a: Chansey|Thunderbolt|p1a: JANOMI4LYF
|-damage|p1a: JANOMI4LYF|58\/100 par
|
|turn|36
|choice||
|
|cant|p1a: JANOMI4LYF|par
|move|p2a: Chansey|Thunderbolt|p1a: JANOMI4LYF
|-damage|p1a: JANOMI4LYF|38\/100 par
|
|turn|37
|choice||
|
|move|p1a: JANOMI4LYF|Recover|p1a: JANOMI4LYF
|-heal|p1a: JANOMI4LYF|88\/100 par
|move|p2a: Chansey|Blizzard|p1a: JANOMI4LYF
|-damage|p1a: JANOMI4LYF|64\/100 par
|
|turn|38
|choice||
|
|cant|p1a: JANOMI4LYF|par
|move|p2a: Chansey|Blizzard|p1a: JANOMI4LYF
|-damage|p1a: JANOMI4LYF|39\/100 par
|
|turn|39
|choice||
|
|cant|p1a: JANOMI4LYF|par
|move|p2a: Chansey|Blizzard|p1a: JANOMI4LYF
|-damage|p1a: JANOMI4LYF|13\/100 par
|
|turn|40
|choice||
|
|cant|p1a: JANOMI4LYF|par
|cant|p2a: Chansey|par
|
|turn|41
|choice||
|
|move|p1a: JANOMI4LYF|Recover|p1a: JANOMI4LYF
|-heal|p1a: JANOMI4LYF|62\/100 par
|cant|p2a: Chansey|par
|
|turn|42
|choice||
|
|move|p1a: JANOMI4LYF|Recover|p1a: JANOMI4LYF
|-heal|p1a: JANOMI4LYF|100\/100 par
|cant|p2a: Chansey|par
|
|turn|43
|choice||
|
|move|p1a: JANOMI4LYF|Psychic|p2a: Chansey
|-damage|p2a: Chansey|36\/100 par
|move|p2a: Chansey|Blizzard|p1a: JANOMI4LYF
|-damage|p1a: JANOMI4LYF|74\/100 par
|
|turn|44
|choice||
|
|move|p1a: JANOMI4LYF|Psychic|p2a: Chansey
|-damage|p2a: Chansey|28\/100 par
|-unboost|p2a: Chansey|spd|1
|-unboost|p2a: Chansey|spa|1
|move|p2a: Chansey|Blizzard|p1a: JANOMI4LYF
|-damage|p1a: JANOMI4LYF|59\/100 par
|
|turn|45
|choice||
|
|move|p1a: JANOMI4LYF|Recover|p1a: JANOMI4LYF
|-heal|p1a: JANOMI4LYF|100\/100 par
|move|p2a: Chansey|Blizzard|p1a: JANOMI4LYF
|-crit|p1a: JANOMI4LYF
|-damage|p1a: JANOMI4LYF|54\/100 par
|
|turn|46
|choice||
|
|switch|p2a: Starmie|Starmie|100\/100
|move|p1a: JANOMI4LYF|Recover|p1a: JANOMI4LYF
|-heal|p1a: JANOMI4LYF|100\/100 par
|
|turn|47
|choice||
|
|move|p2a: Starmie|Hydro Pump|p1a: JANOMI4LYF
|-damage|p1a: JANOMI4LYF|62\/100 par
|cant|p1a: JANOMI4LYF|par
|
|turn|48
|choice||
|
|move|p2a: Starmie|Hydro Pump|p1a: JANOMI4LYF
|-damage|p1a: JANOMI4LYF|26\/100 par
|move|p1a: JANOMI4LYF|Thunder Wave|p2a: Starmie
|-status|p2a: Starmie|par
|
|turn|49
|choice||
|
|move|p1a: JANOMI4LYF|Recover|p1a: JANOMI4LYF
|-heal|p1a: JANOMI4LYF|76\/100 par
|move|p2a: Starmie|Hydro Pump|p1a: JANOMI4LYF
|-damage|p1a: JANOMI4LYF|38\/100 par
|
|turn|50
|choice||
|
|move|p1a: JANOMI4LYF|Recover|p1a: JANOMI4LYF
|-heal|p1a: JANOMI4LYF|87\/100 par
|cant|p2a: Starmie|par
|
|turn|51
|choice||
|
|move|p1a: JANOMI4LYF|Psychic|p2a: Starmie
|-resisted|p2a: Starmie
|-damage|p2a: Starmie|79\/100 par
|move|p2a: Starmie|Hydro Pump|p1a: JANOMI4LYF
|-damage|p1a: JANOMI4LYF|51\/100 par
|
|turn|52
|choice||
|
|move|p1a: JANOMI4LYF|Recover|p1a: JANOMI4LYF
|-heal|p1a: JANOMI4LYF|100\/100 par
|cant|p2a: Starmie|par
|
|turn|53
|choice||
|
|cant|p1a: JANOMI4LYF|par
|move|p2a: Starmie|Recover|p2a: Starmie
|-heal|p2a: Starmie|100\/100 par
|
|turn|54
|choice||
|
|move|p1a: JANOMI4LYF|Psychic|p2a: Starmie
|-crit|p2a: Starmie
|-resisted|p2a: Starmie
|-damage|p2a: Starmie|61\/100 par
|-unboost|p2a: Starmie|spd|1
|-unboost|p2a: Starmie|spa|1
|move|p2a: Starmie|Hydro Pump|p1a: JANOMI4LYF
|-damage|p1a: JANOMI4LYF|76\/100 par
|
|turn|55
|choice||
|
|cant|p1a: JANOMI4LYF|par
|cant|p2a: Starmie|par
|
|turn|56
|choice||
|
|move|p1a: JANOMI4LYF|Psychic|p2a: Starmie
|-resisted|p2a: Starmie
|-damage|p2a: Starmie|31\/100 par
|-unboost|p2a: Starmie|spd|1
|-unboost|p2a: Starmie|spa|1
|move|p2a: Starmie|Recover|p2a: Starmie
|-heal|p2a: Starmie|80\/100 par
|
|turn|57
|choice||
|
|cant|p1a: JANOMI4LYF|par
|move|p2a: Starmie|Hydro Pump|p1a: JANOMI4LYF
|-damage|p1a: JANOMI4LYF|58\/100 par
|
|turn|58
|choice||
|
|switch|p2a: Jolteon|Jolteon|100\/100 par
|cant|p1a: JANOMI4LYF|par
|
|turn|59
|choice||
|
|move|p2a: Jolteon|Thunder|p1a: JANOMI4LYF|[miss]
|-miss|p2a: Jolteon
|move|p1a: JANOMI4LYF|Recover|p1a: JANOMI4LYF
|-heal|p1a: JANOMI4LYF|100\/100 par
|
|turn|60
|choice||
|
|move|p2a: Jolteon|Thunder|p1a: JANOMI4LYF
|-damage|p1a: JANOMI4LYF|61\/100 par
|move|p1a: JANOMI4LYF|Psychic|p2a: Jolteon
|-crit|p2a: Jolteon
|-damage|p2a: Jolteon|25\/100 par
|
|turn|61
|choice||
|
|move|p2a: Jolteon|Thunder|p1a: JANOMI4LYF
|-damage|p1a: JANOMI4LYF|22\/100 par
|move|p1a: JANOMI4LYF|Recover|p1a: JANOMI4LYF
|-heal|p1a: JANOMI4LYF|72\/100 par
|
|turn|62
|choice||
|
|move|p2a: Jolteon|Thunder|p1a: JANOMI4LYF
|-damage|p1a: JANOMI4LYF|34\/100 par
|cant|p1a: JANOMI4LYF|par
|
|turn|63
|choice||
|
|move|p2a: Jolteon|Thunder|p1a: JANOMI4LYF
|-crit|p1a: JANOMI4LYF
|-damage|p1a: JANOMI4LYF|0 fnt
|faint|p1a: JANOMI4LYF
|choice||
|
|switch|p1a: GYMNMONS2PRO|Dragonite|100\/100
|turn|64
|choice||
|
|move|p1a: GYMNMONS2PRO|Hyper Beam|p2a: Jolteon
|-damage|p2a: Jolteon|0 fnt
|faint|p2a: Jolteon
|choice||
|
|switch|p2a: Chansey|Chansey|28\/100 par
|turn|65
|choice||
|
|move|p1a: GYMNMONS2PRO|Hyper Beam|p2a: Chansey
|-damage|p2a: Chansey|0 fnt
|faint|p2a: Chansey
|choice||
|
|switch|p2a: Starmie|Starmie|80\/100 par
|turn|66
|choice||
|
|move|p1a: GYMNMONS2PRO|Wrap|p2a: Starmie
|-damage|p2a: Starmie|75\/100 par
|cant|p2a: Starmie|partiallytrapped
|
|turn|67
|choice||
|
|move|p1a: GYMNMONS2PRO|Wrap|p2a: Starmie|[from]Wrap
|-damage|p2a: Starmie|70\/100 par
|cant|p2a: Starmie|partiallytrapped
|
|turn|68
|choice||
|
|move|p1a: GYMNMONS2PRO|Wrap|p2a: Starmie|[from]Wrap
|-damage|p2a: Starmie|65\/100 par
|cant|p2a: Starmie|partiallytrapped
|
|turn|69
|choice||
|
|move|p1a: GYMNMONS2PRO|Wrap|p2a: Starmie
|-damage|p2a: Starmie|59\/100 par
|cant|p2a: Starmie|partiallytrapped
|
|turn|70
|choice||
|
|move|p1a: GYMNMONS2PRO|Wrap|p2a: Starmie|[from]Wrap
|-damage|p2a: Starmie|53\/100 par
|cant|p2a: Starmie|partiallytrapped
|
|turn|71
|choice||
|
|move|p1a: GYMNMONS2PRO|Wrap|p2a: Starmie|[from]Wrap
|-damage|p2a: Starmie|48\/100 par
|cant|p2a: Starmie|partiallytrapped
|
|turn|72
|choice||
|
|move|p1a: GYMNMONS2PRO|Wrap|p2a: Starmie|[from]Wrap
|-damage|p2a: Starmie|42\/100 par
|cant|p2a: Starmie|partiallytrapped
|
|turn|73
|choice||
|
|move|p1a: GYMNMONS2PRO|Wrap|p2a: Starmie
|-crit|p2a: Starmie
|-damage|p2a: Starmie|32\/100 par
|cant|p2a: Starmie|partiallytrapped
|
|turn|74
|choice||
|
|move|p1a: GYMNMONS2PRO|Wrap|p2a: Starmie|[from]Wrap
|-damage|p2a: Starmie|21\/100 par
|cant|p2a: Starmie|partiallytrapped
|
|turn|75
|choice||
|
|move|p1a: GYMNMONS2PRO|Hyper Beam|p2a: Starmie
|-damage|p2a: Starmie|0 fnt
|faint|p2a: Starmie
|
|win|Judo
|player|p1
|player|p2
|raw|Judo's rating: 1110 &rarr; <strong>1136<\/strong><br \/>(+26 for winning)
|raw|Lupin97's rating: 1126 &rarr; <strong>1100<\/strong><br \/>(-26 for losing)
|c|★Judo|phew, gg