|join|yyhyh
|join|andrewandres
|player|p1|yyhyh|102
|player|p2|andrewandres|1
|gametype|singles
|gen|1
|tier|[Gen 1] Random Battle
|rated
|rule|Sleep Clause Mod: Limit one foe put to sleep
|rule|Freeze Clause Mod: Limit one foe frozen
|rule|HP Percentage Mod: HP is shown in percentages
|
|start
|switch|p1a: Tentacruel|Tentacruel, L85|310\/310
|switch|p2a: Tauros|Tauros, L79|280\/280
|turn|1
|
|move|p1a: Tentacruel|Hydro Pump|p2a: Tauros
|-damage|p2a: Tauros|90\/280
|move|p2a: Tauros|Earthquake|p1a: Tentacruel
|-supereffective|p1a: Tentacruel
|-damage|p1a: Tentacruel|157\/310
|
|turn|2
|
|switch|p2a: Metapod|Metapod, L99|300\/300
|move|p1a: Tentacruel|Hyper Beam|p2a: Metapod
|-crit|p2a: Metapod
|-damage|p2a: Metapod|92\/300
|
|turn|3
|-mustrecharge|p1a: Tentacruel
|-mustrecharge|p1a: Tentacruel
|
|cant|p1a: Tentacruel|recharge
|move|p2a: Metapod|String Shot|p1a: Tentacruel
|-unboost|p1a: Tentacruel|spe|1
|
|turn|4
|
|switch|p1a: Pinsir|Pinsir, L85|284\/284
|move|p2a: Metapod|String Shot|p1a: Pinsir
|-unboost|p1a: Pinsir|spe|1
|
|turn|5
|
|move|p2a: Metapod|String Shot|p1a: Pinsir
|-unboost|p1a: Pinsir|spe|1
|move|p1a: Pinsir|Swords Dance|p1a: Pinsir
|-boost|p1a: Pinsir|atk|2
|
|turn|6
|
|move|p2a: Metapod|String Shot|p1a: Pinsir
|-unboost|p1a: Pinsir|spe|1
|move|p1a: Pinsir|Swords Dance|p1a: Pinsir
|-boost|p1a: Pinsir|atk|2
|
|turn|7
|
|move|p2a: Metapod|String Shot|p1a: Pinsir
|-unboost|p1a: Pinsir|spe|1
|move|p1a: Pinsir|Body Slam|p2a: Metapod
|-damage|p2a: Metapod|0 fnt
|faint|p2a: Metapod
|
|switch|p2a: Bulbasaur|Bulbasaur, L96|281\/281
|turn|8
|
|switch|p1a: Pidgeotto|Pidgeotto, L90|297\/297
|move|p2a: Bulbasaur|Sleep Powder|p1a: Pidgeotto
|-status|p1a: Pidgeotto|slp
|
|turn|9
|
|switch|p1a: Jynx|Jynx, L79|265\/265
|move|p2a: Bulbasaur|Razor Leaf|p1a: Jynx
|-damage|p1a: Jynx|205\/265
|
|turn|10
|
|move|p1a: Jynx|Lovely Kiss|p2a: Bulbasaur|[miss]
|-miss|p1a: Jynx
|move|p2a: Bulbasaur|Razor Leaf|p1a: Jynx
|-crit|p1a: Jynx
|-damage|p1a: Jynx|92\/265
|
|turn|11
|
|move|p1a: Jynx|Lovely Kiss|p2a: Bulbasaur
|-status|p2a: Bulbasaur|slp
|cant|p2a: Bulbasaur|slp
|
|turn|12
|
|switch|p2a: Hitmonlee|Hitmonlee, L90|273\/273
|move|p1a: Jynx|Blizzard|p2a: Hitmonlee
|-damage|p2a: Hitmonlee|108\/273
|
|turn|13
|
|move|p2a: Hitmonlee|Body Slam|p1a: Jynx
|-crit|p1a: Jynx
|-damage|p1a: Jynx|0 fnt
|faint|p1a: Jynx
|
|switch|p1a: Persian|Persian, L79|265\/265
|turn|14
|
|move|p1a: Persian|Slash|p2a: Hitmonlee
|-crit|p2a: Hitmonlee
|-damage|p2a: Hitmonlee|0 fnt
|faint|p2a: Hitmonlee
|
|switch|p2a: Omastar|Omastar, L90|309\/309
|turn|15
|
|move|p1a: Persian|Thunderbolt|p2a: Omastar
|-crit|p2a: Omastar
|-supereffective|p2a: Omastar
|-damage|p2a: Omastar|166\/309
|move|p2a: Omastar|Surf|p1a: Persian
|-damage|p1a: Persian|95\/265
|
|turn|16
|
|move|p1a: Persian|Thunderbolt|p2a: Omastar
|-supereffective|p2a: Omastar
|-damage|p2a: Omastar|92\/309
|move|p2a: Omastar|Surf|p1a: Persian
|-damage|p1a: Persian|0 fnt
|faint|p1a: Persian
|
|switch|p1a: Tentacruel|Tentacruel, L85|157\/310
|turn|17
|
|move|p1a: Tentacruel|Hydro Pump|p2a: Omastar
|-damage|p2a: Omastar|0 fnt
|faint|p2a: Omastar
|
|switch|p2a: Farfetch'd|Farfetch'd, L99|304\/304
|turn|18
|
|move|p1a: Tentacruel|Blizzard|p2a: Farfetch'd
|-supereffective|p2a: Farfetch'd
|-damage|p2a: Farfetch'd|95\/304
|move|p2a: Farfetch'd|Body Slam|p1a: Tentacruel
|-damage|p1a: Tentacruel|47\/310
|
|turn|19
|
|move|p1a: Tentacruel|Hyper Beam|p2a: Farfetch'd
|-damage|p2a: Farfetch'd|3\/304
|move|p2a: Farfetch'd|Slash|p1a: Tentacruel
|-crit|p1a: Tentacruel
|-damage|p1a: Tentacruel|0 fnt
|faint|p1a: Tentacruel
|
|switch|p1a: Marowak|Marowak, L90|291\/291
|turn|20
|
|move|p2a: Farfetch'd|Slash|p1a: Marowak
|-crit|p1a: Marowak
|-damage|p1a: Marowak|160\/291
|move|p1a: Marowak|Seismic Toss|p2a: Farfetch'd
|-damage|p2a: Farfetch'd|0 fnt
|faint|p2a: Farfetch'd
|
|switch|p2a: Tauros|Tauros, L79|90\/280
|turn|21
|
|move|p2a: Tauros|Blizzard|p1a: Marowak
|-supereffective|p1a: Marowak
|-damage|p1a: Marowak|3\/291
|move|p1a: Marowak|Seismic Toss|p2a: Tauros
|-damage|p2a: Tauros|0 fnt
|faint|p2a: Tauros
|
|switch|p2a: Bulbasaur|Bulbasaur, L96|281\/281 slp
|turn|22
|
|cant|p2a: Bulbasaur|slp
|move|p1a: Marowak|Seismic Toss|p2a: Bulbasaur
|-damage|p2a: Bulbasaur|191\/281 slp
|
|turn|23
|
|cant|p2a: Bulbasaur|slp
|move|p1a: Marowak|Seismic Toss|p2a: Bulbasaur
|-damage|p2a: Bulbasaur|101\/281 slp
|
|turn|24
|
|cant|p2a: Bulbasaur|slp
|move|p1a: Marowak|Earthquake|p2a: Bulbasaur
|-damage|p2a: Bulbasaur|0 fnt
|faint|p2a: Bulbasaur
|
|win|yyhyh
|raw|Ladder updating...
|raw|yyhyh's rating: 1303 &rarr; <strong>1322<\/strong><br \/>(+19 for winning)
|raw|andrewandres's rating: 1285 &rarr; <strong>1261<\/strong><br \/>(-24 for losing)
|c|★yyhyh|γγ
|c|★yyhyh|gg
|c|★yyhyh|:)
|c|★yyhyh|:)
|c|★yyhyh|;)
|leave|andrewandres
|player|p2