|join|immapikachunaked
|join|matdelucca
|player|p1|immapikachunaked|169
|player|p2|matdelucca|121
|gametype|singles
|gen|1
|tier|[Gen 1] Random Battle
|rated
|seed|27840,18842,55831,5153
|rule|Sleep Clause Mod: Limit one foe put to sleep
|rule|Freeze Clause Mod: Limit one foe frozen
|rule|HP Percentage Mod: HP is shown in percentages
|
|start
|switch|p1a: Drowzee|Drowzee, L96|310\/310
|switch|p2a: Raticate|Raticate, L85|267\/267
|turn|1
|choice|move 2|move Hyper Beam
|
|move|p2a: Raticate|Hyper Beam|p1a: Drowzee
|-damage|p1a: Drowzee|121\/310
|move|p1a: Drowzee|Counter|p2a: Raticate
|-damage|p2a: Raticate|0 fnt
|faint|p2a: Raticate
|choice||switch 5
|
|switch|p2a: Alakazam|Alakazam, L79|249\/249
|turn|2
|choice|move 3|move Seismic Toss
|
|move|p2a: Alakazam|Seismic Toss|p1a: Drowzee
|-damage|p1a: Drowzee|42\/310
|move|p1a: Drowzee|Thunder Wave|p2a: Alakazam
|-status|p2a: Alakazam|par
|
|turn|3
|choice|switch 4|move Seismic Toss
|
|switch|p1a: Machoke|Machoke, L85|310\/310
|move|p2a: Alakazam|Seismic Toss|p1a: Machoke
|-damage|p1a: Machoke|231\/310
|
|turn|4
|choice|move 3|move Psychic
|
|move|p1a: Machoke|Body Slam|p2a: Alakazam
|-crit|p2a: Alakazam
|-damage|p2a: Alakazam|58\/249 par
|move|p2a: Alakazam|Psychic|p1a: Machoke
|-supereffective|p1a: Machoke
|-damage|p1a: Machoke|0 fnt
|faint|p1a: Machoke
|choice|switch 5|
|
|switch|p1a: Dragonair|Dragonair, L85|277\/277
|turn|5
|choice|move 1|switch 3
|
|switch|p2a: Golduck|Golduck, L85|310\/310
|move|p1a: Dragonair|Surf|p2a: Golduck
|-resisted|p2a: Golduck
|-damage|p2a: Golduck|279\/310
|
|turn|6
|choice|move 4|move Ice Beam
|
|move|p2a: Golduck|Ice Beam|p1a: Dragonair
|-supereffective|p1a: Dragonair
|-damage|p1a: Dragonair|134\/277
|move|p1a: Dragonair|Thunder Wave|p2a: Golduck
|-status|p2a: Golduck|par
|
|turn|7
|choice|switch 2|move Ice Beam
|
|switch|p1a: Slowbro|Slowbro, L79|312\/312
|move|p2a: Golduck|Ice Beam|p1a: Slowbro
|-resisted|p1a: Slowbro
|-damage|p1a: Slowbro|278\/312
|
|turn|8
|choice|move 4|switch 2
|
|switch|p2a: Diglett|Diglett, L96|214\/214
|move|p1a: Slowbro|Amnesia|p1a: Slowbro
|-boost|p1a: Slowbro|spd|2
|-boost|p1a: Slowbro|spa|2
|
|turn|9
|choice|move 2|move Earthquake
|
|move|p2a: Diglett|Earthquake|p1a: Slowbro
|-damage|p1a: Slowbro|187\/312
|move|p1a: Slowbro|Surf|p2a: Diglett
|-supereffective|p2a: Diglett
|-damage|p2a: Diglett|0 fnt
|faint|p2a: Diglett
|choice||switch 4
|
|switch|p2a: Slowbro|Slowbro, L79|312\/312
|turn|10
|choice|move 3|move Thunder Wave
|
|move|p1a: Slowbro|Thunder Wave|p2a: Slowbro
|-status|p2a: Slowbro|par
|move|p2a: Slowbro|Thunder Wave|p1a: Slowbro
|-status|p1a: Slowbro|par
|
|turn|11
|choice|move 4|move Amnesia
|
|move|p2a: Slowbro|Amnesia|p2a: Slowbro
|-boost|p2a: Slowbro|spd|2
|-boost|p2a: Slowbro|spa|2
|cant|p1a: Slowbro|par
|
|turn|12
|choice|move 4|move Amnesia
|
|move|p2a: Slowbro|Amnesia|p2a: Slowbro
|-boost|p2a: Slowbro|spd|2
|-boost|p2a: Slowbro|spa|2
|move|p1a: Slowbro|Amnesia|p1a: Slowbro
|-boost|p1a: Slowbro|spd|2
|-boost|p1a: Slowbro|spa|2
|
|turn|13
|choice|move 4|move Surf
|
|move|p2a: Slowbro|Surf|p1a: Slowbro
|-resisted|p1a: Slowbro
|-damage|p1a: Slowbro|141\/312 par
|move|p1a: Slowbro|Amnesia|p1a: Slowbro
|-boost|p1a: Slowbro|spd|2
|-boost|p1a: Slowbro|spa|2
|
|turn|14
|choice|move 1|move Amnesia
|
|move|p1a: Slowbro|Rest|p1a: Slowbro
|-status|p1a: Slowbro|slp
|-heal|p1a: Slowbro|312\/312 slp|[silent]
|-status|p1a: Slowbro|slp|[from] move: Rest
|cant|p2a: Slowbro|par
|
|turn|15
|choice|move 2|move Amnesia
|
|cant|p2a: Slowbro|par
|cant|p1a: Slowbro|slp
|
|turn|16
|choice|move 2|move Amnesia
|
|-curestatus|p1a: Slowbro|slp
|move|p2a: Slowbro|Amnesia|p2a: Slowbro
|-boost|p2a: Slowbro|spd|2
|-boost|p2a: Slowbro|spa|2
|
|turn|17
|choice|move 2|move Thunder Wave
|
|move|p1a: Slowbro|Surf|p2a: Slowbro
|-resisted|p2a: Slowbro
|-damage|p2a: Slowbro|269\/312 par
|cant|p2a: Slowbro|par
|
|turn|18
|choice|move 2|move Amnesia
|
|move|p2a: Slowbro|Amnesia|p2a: Slowbro
|-boost|p2a: Slowbro|spd|2
|-boost|p2a: Slowbro|spa|2
|move|p1a: Slowbro|Surf|p2a: Slowbro
|-resisted|p2a: Slowbro
|-damage|p2a: Slowbro|222\/312 par
|
|turn|19
|choice|move 2|move Amnesia
|
|cant|p2a: Slowbro|par
|move|p1a: Slowbro|Surf|p2a: Slowbro
|-resisted|p2a: Slowbro
|-damage|p2a: Slowbro|180\/312 par
|
|turn|20
|choice|move 2|move Amnesia
|
|move|p2a: Slowbro|Amnesia|p2a: Slowbro
|-boost|p2a: Slowbro|spd|2
|-boost|p2a: Slowbro|spa|2
|move|p1a: Slowbro|Surf|p2a: Slowbro
|-resisted|p2a: Slowbro
|-damage|p2a: Slowbro|135\/312 par
|
|turn|21
|choice|move 2|move Amnesia
|
|move|p1a: Slowbro|Surf|p2a: Slowbro
|-crit|p2a: Slowbro
|-resisted|p2a: Slowbro
|-damage|p2a: Slowbro|45\/312 par
|cant|p2a: Slowbro|par
|
|turn|22
|choice|move 2|switch 2
|
|switch|p2a: Golduck|Golduck, L85|279\/310 par
|move|p1a: Slowbro|Surf|p2a: Golduck
|-resisted|p2a: Golduck
|-damage|p2a: Golduck|107\/310 par
|
|turn|23
|choice|move 2|move Body Slam
|
|move|p2a: Golduck|Body Slam|p1a: Slowbro
|-damage|p1a: Slowbro|262\/312
|move|p1a: Slowbro|Surf|p2a: Golduck
|-crit|p2a: Golduck
|-resisted|p2a: Golduck
|-damage|p2a: Golduck|33\/310 par
|
|turn|24
|choice|move 2|switch 3
|
|switch|p2a: Alakazam|Alakazam, L79|58\/249 par
|move|p1a: Slowbro|Surf|p2a: Alakazam
|-damage|p2a: Alakazam|0 fnt
|faint|p2a: Alakazam
|choice||switch 3
|
|switch|p2a: Golduck|Golduck, L85|33\/310 par
|turn|25
|choice|move 2|move Rest
|
|move|p2a: Golduck|Rest|p2a: Golduck
|-status|p2a: Golduck|slp
|-heal|p2a: Golduck|310\/310 slp|[silent]
|-status|p2a: Golduck|slp|[from] move: Rest
|move|p1a: Slowbro|Surf|p2a: Golduck
|-resisted|p2a: Golduck
|-damage|p2a: Golduck|146\/310 slp
|
|turn|26
|-message|matdelucca forfeited.
|
|win|immapikachunaked
|leave|matdelucca
|player|p2
|raw|immapikachunaked's rating: 1085 &rarr; <strong>1114<\/strong><br \/>(+29 for winning)
|raw|matdelucca's rating: 1110 &rarr; <strong>1083<\/strong><br \/>(-27 for losing)