|join|kid gf lol
|join|holywack17
|player|p1|kid gf lol|167
|player|p2|holywack17|169
|gametype|singles
|gen|1
|tier|[Gen 1] OU (beta)
|rated
|rule|Sleep Clause Mod: Limit one foe put to sleep
|rule|Species Clause: Limit one of each Pokemon
|rule|OHKO Clause: OHKO moves are banned
|rule|Moody Clause: Moody is banned
|rule|Evasion Moves Clause: Evasion moves are banned
|rule|Endless Battle Clause: Forcing endless battles is banned.
|rule|HP Percentage Mod: HP is reported as percentages
|
|start
|switch|p1a: Mr Mime|Jynx|333\/333
|switch|p2a: Dugtrio|Dugtrio|273\/273
|turn|1
|
|switch|p1a: Result of Incest|Exeggutor|393\/393
|move|p2a: Dugtrio|Earthquake|p1a: Result of Incest
|-resisted|p1a: Result of Incest
|-damage|p1a: Result of Incest|336\/393
|
|turn|2
|join|Dchosen
|
|move|p2a: Dugtrio|Sand Attack|p1a: Result of Incest
|-unboost|p1a: Result of Incest|accuracy|1
|move|p1a: Result of Incest|Sleep Powder|p2a: Dugtrio
|-status|p2a: Dugtrio|slp
|
|turn|3
|join|smoothshuckle
|
|switch|p2a: Starmie|Starmie|323\/323
|move|p1a: Result of Incest|Psychic|p2a: Starmie
|-resisted|p2a: Starmie
|-damage|p2a: Starmie|264\/323
|
|turn|4
|
|switch|p1a: GhostInaShell|Cloyster|303\/303
|move|p2a: Starmie|Thunder Wave|p1a: GhostInaShell
|-status|p1a: GhostInaShell|par
|
|turn|5
|leave|smoothshuckle
|
|switch|p2a: Jolteon|Jolteon|333\/333
|switch|p1a: Breakfast Pouch|Chansey|703\/703
|
|turn|6
|
|switch|p2a: Dugtrio|Dugtrio|273\/273 slp
|move|p1a: Breakfast Pouch|Ice Beam|p2a: Dugtrio
|-supereffective|p2a: Dugtrio
|-damage|p2a: Dugtrio|78\/273 slp
|
|turn|7
|
|switch|p2a: Persian|Persian|333\/333
|move|p1a: Breakfast Pouch|Ice Beam|p2a: Persian
|-crit|p2a: Persian
|-damage|p2a: Persian|122\/333
|
|turn|8
|
|move|p2a: Persian|Slash|p1a: Breakfast Pouch
|-crit|p1a: Breakfast Pouch
|-damage|p1a: Breakfast Pouch|350\/703
|move|p1a: Breakfast Pouch|Thunder Wave|p2a: Persian
|-status|p2a: Persian|par
|
|turn|9
|
|move|p1a: Breakfast Pouch|Soft-Boiled|p1a: Breakfast Pouch
|-heal|p1a: Breakfast Pouch|701\/703
|cant|p2a: Persian|par
|
|turn|10
|
|move|p1a: Breakfast Pouch|Ice Beam|p2a: Persian
|-damage|p2a: Persian|15\/333 par
|move|p2a: Persian|Hyper Beam|p1a: Breakfast Pouch
|-damage|p1a: Breakfast Pouch|325\/703
|
|turn|11
|
|move|p1a: Breakfast Pouch|Soft-Boiled|p1a: Breakfast Pouch
|-heal|p1a: Breakfast Pouch|676\/703
|cant|p2a: Persian|recharge
|
|turn|12
|
|move|p1a: Breakfast Pouch|Ice Beam|p2a: Persian
|-damage|p2a: Persian|0 fnt
|faint|p2a: Persian
|
|
|switch|p2a: Jolteon|Jolteon|333\/333
|turn|13
|
|move|p2a: Jolteon|Thunder Wave|p1a: Breakfast Pouch
|-status|p1a: Breakfast Pouch|par
|cant|p1a: Breakfast Pouch|par
|
|turn|14
|
|move|p2a: Jolteon|Sand Attack|p1a: Breakfast Pouch
|-unboost|p1a: Breakfast Pouch|accuracy|1
|move|p1a: Breakfast Pouch|Thunder Wave|p2a: Jolteon
|-status|p2a: Jolteon|par
|
|turn|15
|
|switch|p1a: TNT|Golem|363\/363
|move|p2a: Jolteon|Sand Attack|p1a: TNT
|-unboost|p1a: TNT|accuracy|1
|
|turn|16
|
|switch|p2a: Starmie|Starmie|264\/323
|move|p1a: TNT|Earthquake|p2a: Starmie
|-damage|p2a: Starmie|129\/323
|
|turn|17
|
|switch|p1a: Breakfast Pouch|Chansey|676\/703 par
|move|p2a: Starmie|Blizzard|p1a: Breakfast Pouch
|-crit|p1a: Breakfast Pouch
|-damage|p1a: Breakfast Pouch|506\/703 par
|
|turn|18
|
|switch|p2a: Jolteon|Jolteon|333\/333 par
|cant|p1a: Breakfast Pouch|par
|
|turn|19
|
|move|p2a: Jolteon|Thunder|p1a: Breakfast Pouch
|-damage|p1a: Breakfast Pouch|352\/703 par
|cant|p1a: Breakfast Pouch|par
|
|turn|20
|
|move|p2a: Jolteon|Thunder|p1a: Breakfast Pouch
|-crit|p1a: Breakfast Pouch
|-damage|p1a: Breakfast Pouch|76\/703 par
|move|p1a: Breakfast Pouch|Soft-Boiled|p1a: Breakfast Pouch
|-heal|p1a: Breakfast Pouch|427\/703 par
|
|turn|21
|
|move|p2a: Jolteon|Thunder|p1a: Breakfast Pouch
|-crit|p1a: Breakfast Pouch
|-damage|p1a: Breakfast Pouch|113\/703 par
|cant|p1a: Breakfast Pouch|par
|
|turn|22
|
|switch|p1a: TNT|Golem|363\/363
|move|p2a: Jolteon|Thunder|p1a: TNT|[miss]
|-miss|p2a: Jolteon
|-immune|p1a: TNT|[msg]
|
|turn|23
|
|switch|p2a: Dugtrio|Dugtrio|78\/273 slp
|move|p1a: TNT|Earthquake|p2a: Dugtrio
|-damage|p2a: Dugtrio|0 fnt
|faint|p2a: Dugtrio
|
|
|switch|p2a: Starmie|Starmie|129\/323
|turn|24
|
|switch|p1a: Breakfast Pouch|Chansey|113\/703 par
|move|p2a: Starmie|Blizzard|p1a: Breakfast Pouch
|-damage|p1a: Breakfast Pouch|27\/703 par
|
|turn|25
|
|move|p2a: Starmie|Thunderbolt|p1a: Breakfast Pouch
|-damage|p1a: Breakfast Pouch|0 fnt
|faint|p1a: Breakfast Pouch
|
|
|switch|p1a: Mr Mime|Jynx|333\/333
|turn|26
|
|move|p2a: Starmie|Thunder Wave|p1a: Mr Mime
|-status|p1a: Mr Mime|par
|move|p1a: Mr Mime|Blizzard|p2a: Starmie
|-resisted|p2a: Starmie
|-damage|p2a: Starmie|66\/323
|
|turn|27
|
|move|p2a: Starmie|Recover|p2a: Starmie
|-heal|p2a: Starmie|227\/323
|cant|p1a: Mr Mime|par
|
|turn|28
|
|switch|p2a: Jolteon|Jolteon|333\/333 par
|move|p1a: Mr Mime|Lovely Kiss|p2a: Jolteon
|-fail|p2a: Jolteon
|
|turn|29
|
|move|p2a: Jolteon|Thunder|p1a: Mr Mime
|-damage|p1a: Mr Mime|180\/333 par
|move|p1a: Mr Mime|Blizzard|p2a: Jolteon
|-damage|p2a: Jolteon|215\/333 par
|
|turn|30
|
|switch|p1a: TNT|Golem|363\/363
|move|p2a: Jolteon|Thunder|p1a: TNT
|-immune|p1a: TNT|[msg]
|
|turn|31
|
|switch|p2a: Starmie|Starmie|227\/323
|move|p1a: TNT|Body Slam|p2a: Starmie
|-damage|p2a: Starmie|148\/323
|
|turn|32
|
|move|p2a: Starmie|Blizzard|p1a: TNT
|-supereffective|p1a: TNT
|-damage|p1a: TNT|83\/363
|move|p1a: TNT|Earthquake|p2a: Starmie
|-damage|p2a: Starmie|20\/323
|
|turn|33
|
|move|p2a: Starmie|Blizzard|p1a: TNT
|-supereffective|p1a: TNT
|-damage|p1a: TNT|0 fnt
|faint|p1a: TNT
|
|
|switch|p1a: Zam Lead|Alakazam|313\/313
|turn|34
|
|switch|p2a: Jolteon|Jolteon|215\/333 par
|move|p1a: Zam Lead|Psychic|p2a: Jolteon
|-damage|p2a: Jolteon|85\/333 par
|
|turn|35
|
|move|p1a: Zam Lead|Psychic|p2a: Jolteon
|-crit|p2a: Jolteon
|-damage|p2a: Jolteon|0 fnt
|faint|p2a: Jolteon
|
|
|switch|p2a: Tauros|Tauros|353\/353
|turn|36
|
|move|p1a: Zam Lead|Thunder Wave|p2a: Tauros|[miss]
|-miss|p1a: Zam Lead
|move|p2a: Tauros|Body Slam|p1a: Zam Lead
|-damage|p1a: Zam Lead|162\/313
|
|turn|37
|chat|kid gf lol|wtf
|
|move|p1a: Zam Lead|Reflect|p1a: Zam Lead
|move|p2a: Tauros|Body Slam|p1a: Zam Lead
|-damage|p1a: Zam Lead|82\/313
|
|turn|38
|chat|holywack17|ever move can miss in gen 1
|
|move|p1a: Zam Lead|Recover|p1a: Zam Lead
|-heal|p1a: Zam Lead|238\/313
|move|p2a: Tauros|Body Slam|p1a: Zam Lead
|-damage|p1a: Zam Lead|164\/313
|
|turn|39
|
|move|p1a: Zam Lead|Thunder Wave|p2a: Tauros
|-status|p2a: Tauros|par
|cant|p2a: Tauros|par
|
|turn|40
|
|move|p1a: Zam Lead|Recover|p1a: Zam Lead
|-heal|p1a: Zam Lead|313\/313
|move|p2a: Tauros|Body Slam|p1a: Zam Lead
|-damage|p1a: Zam Lead|238\/313
|-status|p1a: Zam Lead|par
|
|turn|41
|
|cant|p1a: Zam Lead|par
|move|p2a: Tauros|Body Slam|p1a: Zam Lead
|-damage|p1a: Zam Lead|158\/313 par
|
|turn|42
|
|move|p1a: Zam Lead|Recover|p1a: Zam Lead
|-heal|p1a: Zam Lead|313\/313 par
|move|p2a: Tauros|Body Slam|p1a: Zam Lead
|-damage|p1a: Zam Lead|230\/313 par
|
|turn|43
|
|move|p1a: Zam Lead|Psychic|p2a: Tauros
|-damage|p2a: Tauros|198\/353 par
|-unboost|p2a: Tauros|spd|1
|-unboost|p2a: Tauros|spa|1
|move|p2a: Tauros|Body Slam|p1a: Zam Lead
|-crit|p1a: Zam Lead
|-damage|p1a: Zam Lead|58\/313 par
|
|turn|44
|
|move|p1a: Zam Lead|Recover|p1a: Zam Lead
|-fail|p1a: Zam Lead
|cant|p2a: Tauros|par
|
|turn|45
|
|move|p1a: Zam Lead|Psychic|p2a: Tauros
|-damage|p2a: Tauros|0 fnt
|faint|p2a: Tauros
|
|chat|kid gf lol|wtf
|
|switch|p2a: Starmie|Starmie|20\/323
|turn|46
|
|move|p2a: Starmie|Blizzard|p1a: Zam Lead
|-damage|p1a: Zam Lead|0 fnt
|faint|p1a: Zam Lead
|
|
|switch|p1a: Mr Mime|Jynx|180\/333 par
|turn|47
|
|switch|p2a: Alakazam|Alakazam|313\/313
|move|p1a: Mr Mime|Lovely Kiss|p2a: Alakazam|[miss]
|-miss|p1a: Mr Mime
|
|turn|48
|
|switch|p1a: Result of Incest|Exeggutor|336\/393
|move|p2a: Alakazam|Psychic|p1a: Result of Incest
|-resisted|p1a: Result of Incest
|-damage|p1a: Result of Incest|282\/393
|
|turn|49
|
|move|p2a: Alakazam|Psychic|p1a: Result of Incest
|-resisted|p1a: Result of Incest
|-damage|p1a: Result of Incest|223\/393
|-unboost|p1a: Result of Incest|spd|1
|-unboost|p1a: Result of Incest|spa|1
|move|p1a: Result of Incest|Sleep Powder|p2a: Alakazam|[miss]
|-miss|p1a: Result of Incest
|
|turn|50
|
|move|p2a: Alakazam|Psychic|p1a: Result of Incest
|-resisted|p1a: Result of Incest
|-damage|p1a: Result of Incest|140\/393
|move|p1a: Result of Incest|Sleep Powder|p2a: Alakazam
|-status|p2a: Alakazam|slp
|
|turn|51
|
|cant|p2a: Alakazam|slp
|move|p1a: Result of Incest|Explosion|p2a: Alakazam|[miss]
|-miss|p1a: Result of Incest
|faint|p1a: Result of Incest
|chat|kid gf lol|wtf!!?!?!?
|chat|holywack17|wow
|
|switch|p1a: GhostInaShell|Cloyster|303\/303 par
|turn|52
|chat|holywack17|you arent having any luck
|chat|kid gf lol|?????????????????????\/
|
|cant|p2a: Alakazam|slp
|move|p1a: GhostInaShell|Explosion|p2a: Alakazam
|-damage|p2a: Alakazam|0 fnt
|faint|p2a: Alakazam
|faint|p1a: GhostInaShell
|
|switch|p2a: Starmie|Starmie|20\/323
|switch|p1a: Mr Mime|Jynx|180\/333 par
|turn|53
|
|move|p2a: Starmie|Thunderbolt|p1a: Mr Mime
|-damage|p1a: Mr Mime|106\/333 par
|move|p1a: Mr Mime|Lovely Kiss|p2a: Starmie
|-status|p2a: Starmie|slp
|
|turn|54
|
|cant|p2a: Starmie|slp
|move|p1a: Mr Mime|Psychic|p2a: Starmie
|-resisted|p2a: Starmie
|-damage|p2a: Starmie|0 fnt
|faint|p2a: Starmie
|
|win|kid gf lol
|raw|Ladder updating...
|raw|Ladder (probably) updated, but score could not be retrieved (timeout).
|raw|Ladder (probably) updated, but score could not be retrieved (Error: socket hang up).
|leave|holywack17
|player|p2