|j|ALLIE X
|j|ygbacklash
|player|p1|ALLIE X|95
|player|p2|ygbacklash|2
|gametype|singles
|gen|1
|tier|[Gen 1] Random Battle
|rated
|seed|54663,48951,28256,57819
|rule|Sleep Clause Mod: Limit one foe put to sleep
|rule|Freeze Clause Mod: Limit one foe frozen
|rule|HP Percentage Mod: HP is shown in percentages
|
|start
|switch|p1a: Magikarp|Magikarp, L99|240\/240
|switch|p2a: Nidoking|Nidoking, L85|311\/311
|turn|1
|choice|move 2|move 3
|
|move|p1a: Magikarp|Dragon Rage|p2a: Nidoking
|-damage|p2a: Nidoking|271\/311
|move|p2a: Nidoking|Thunder|p1a: Magikarp|[miss]
|-miss|p2a: Nidoking
|
|turn|2
|choice|move 2|move 3
|
|move|p1a: Magikarp|Dragon Rage|p2a: Nidoking
|-damage|p2a: Nidoking|231\/311
|move|p2a: Nidoking|Thunder|p1a: Magikarp|[miss]
|-miss|p2a: Nidoking
|
|turn|3
|choice|move 2|move 3
|
|move|p1a: Magikarp|Dragon Rage|p2a: Nidoking
|-damage|p2a: Nidoking|191\/311
|move|p2a: Nidoking|Thunder|p1a: Magikarp|[miss]
|-miss|p2a: Nidoking
|
|turn|4
|choice|move 2|move 3
|
|move|p1a: Magikarp|Dragon Rage|p2a: Nidoking
|-damage|p2a: Nidoking|151\/311
|move|p2a: Nidoking|Thunder|p1a: Magikarp|[miss]
|-miss|p2a: Nidoking
|
|turn|5
|c|★ygbacklash|4 miss
|c|★ygbacklash|for ?
|choice|move 2|move 3
|
|move|p1a: Magikarp|Dragon Rage|p2a: Nidoking
|-damage|p2a: Nidoking|111\/311
|move|p2a: Nidoking|Thunder|p1a: Magikarp
|-supereffective|p1a: Magikarp
|-damage|p1a: Magikarp|0 fnt
|faint|p1a: Magikarp
|c|★ygbacklash|horse crap
|choice|switch 2|
|
|switch|p1a: Tauros|Tauros, L79|280\/280
|turn|6
|choice|move 2|move 2
|
|move|p1a: Tauros|Earthquake|p2a: Nidoking
|-crit|p2a: Nidoking
|-supereffective|p2a: Nidoking
|-damage|p2a: Nidoking|0 fnt
|faint|p2a: Nidoking
|c|★ALLIE X|.....or bull
|choice||switch 2
|
|switch|p2a: Abra|Abra, L96|243\/243
|turn|7
|choice|switch 5|move 3
|
|switch|p1a: Exeggutor|Exeggutor, L79|312\/312
|move|p2a: Abra|Psychic|p1a: Exeggutor
|-resisted|p1a: Exeggutor
|-damage|p1a: Exeggutor|254\/312
|
|turn|8
|choice|move 4|move 4
|
|move|p2a: Abra|Thunder Wave|p1a: Exeggutor
|-status|p1a: Exeggutor|par
|move|p1a: Exeggutor|Egg Bomb|p2a: Abra|[miss]
|-miss|p1a: Exeggutor
|
|turn|9
|choice|move 4|move 1
|
|move|p2a: Abra|Seismic Toss|p1a: Exeggutor
|-damage|p1a: Exeggutor|158\/312 par
|move|p1a: Exeggutor|Egg Bomb|p2a: Abra|[miss]
|-miss|p1a: Exeggutor
|
|turn|10
|choice|move 1|move 1
|
|move|p2a: Abra|Seismic Toss|p1a: Exeggutor
|-damage|p1a: Exeggutor|62\/312 par
|move|p1a: Exeggutor|Sleep Powder|p2a: Abra
|-status|p2a: Abra|slp
|
|turn|11
|choice|switch 5|switch 6
|
|switch|p2a: Wartortle|Wartortle, L85|274\/274
|switch|p1a: Tauros|Tauros, L79|280\/280
|
|turn|12
|choice|switch 6|move 4
|
|switch|p1a: Jolteon|Jolteon, L79|265\/265
|move|p2a: Wartortle|Blizzard|p1a: Jolteon
|-damage|p1a: Jolteon|199\/265
|
|turn|13
|choice|move 1|switch 5
|
|switch|p2a: Raticate|Raticate, L85|267\/267
|move|p1a: Jolteon|Thunderbolt|p2a: Raticate
|-damage|p2a: Raticate|139\/267
|
|turn|14
|choice|switch 5|move 1
|
|switch|p1a: Exeggutor|Exeggutor, L79|62\/312 par
|move|p2a: Raticate|Super Fang|p1a: Exeggutor
|-damage|p1a: Exeggutor|31\/312 par
|
|turn|15
|choice|move 3|move 3
|
|move|p2a: Raticate|Blizzard|p1a: Exeggutor
|-supereffective|p1a: Exeggutor
|-damage|p1a: Exeggutor|0 fnt
|faint|p1a: Exeggutor
|choice|switch 6|
|
|switch|p1a: Tauros|Tauros, L79|280\/280
|turn|16
|choice|move 3|move 1
|
|move|p1a: Tauros|Hyper Beam|p2a: Raticate
|-crit|p2a: Raticate
|-damage|p2a: Raticate|0 fnt
|faint|p2a: Raticate
|choice||switch 3
|
|switch|p2a: Machoke|Machoke, L85|310\/310
|turn|17
|choice|switch 3|move 4
|
|switch|p1a: Slowbro|Slowbro, L79|312\/312
|move|p2a: Machoke|Leer|p1a: Slowbro
|-unboost|p1a: Slowbro|def|1
|
|turn|18
|choice|move 4|switch 6
|
|switch|p2a: Abra|Abra, L96|243\/243 slp
|move|p1a: Slowbro|Thunder Wave|p2a: Abra
|-fail|p2a: Abra
|
|turn|19
|choice|switch 5|move 1
|
|switch|p1a: Jolteon|Jolteon, L79|199\/265
|cant|p2a: Abra|slp
|
|turn|20
|choice|move 1|move 4
|
|move|p1a: Jolteon|Thunderbolt|p2a: Abra
|-damage|p2a: Abra|161\/243 slp
|cant|p2a: Abra|slp
|
|turn|21
|choice|move 1|move 4
|
|move|p1a: Jolteon|Thunderbolt|p2a: Abra
|-damage|p2a: Abra|84\/243 slp
|cant|p2a: Abra|slp
|
|turn|22
|choice|move 1|move 4
|
|move|p1a: Jolteon|Thunderbolt|p2a: Abra
|-damage|p2a: Abra|9\/243 slp
|cant|p2a: Abra|slp
|
|turn|23
|choice|move 1|move 4
|
|move|p1a: Jolteon|Thunderbolt|p2a: Abra
|-damage|p2a: Abra|0 fnt
|faint|p2a: Abra
|choice||switch 6
|
|switch|p2a: Machoke|Machoke, L85|310\/310
|turn|24
|choice|switch 5|move 2
|
|switch|p1a: Slowbro|Slowbro, L79|312\/312
|move|p2a: Machoke|Rock Slide|p1a: Slowbro
|-damage|p1a: Slowbro|260\/312
|
|turn|25
|choice|move 4|move 3
|
|move|p2a: Machoke|Mega Kick|p1a: Slowbro|[miss]
|-miss|p2a: Machoke
|move|p1a: Slowbro|Thunder Wave|p2a: Machoke
|-status|p2a: Machoke|par
|
|turn|26
|choice|move 1|move 3
|
|move|p1a: Slowbro|Amnesia|p1a: Slowbro
|-boost|p1a: Slowbro|spd|2
|-boost|p1a: Slowbro|spa|2
|move|p2a: Machoke|Mega Kick|p1a: Slowbro|[miss]
|-miss|p2a: Machoke
|
|turn|27
|choice|move 1|move 3
|
|move|p1a: Slowbro|Amnesia|p1a: Slowbro
|-boost|p1a: Slowbro|spd|2
|-boost|p1a: Slowbro|spa|2
|move|p2a: Machoke|Mega Kick|p1a: Slowbro|[miss]
|-miss|p2a: Machoke
|
|turn|28
|choice|move 1|move 3
|
|move|p1a: Slowbro|Amnesia|p1a: Slowbro
|-boost|p1a: Slowbro|spd|2
|-boost|p1a: Slowbro|spa|2
|move|p2a: Machoke|Mega Kick|p1a: Slowbro|[miss]
|-miss|p2a: Machoke
|
|turn|29
|choice|move 2|move 3
|
|move|p1a: Slowbro|Surf|p2a: Machoke
|-damage|p2a: Machoke|0 fnt
|faint|p2a: Machoke
|c|★ygbacklash|ok
|c|★ygbacklash|ok
|c|★ALLIE X|i think u meant k.o.
|c|★ygbacklash|no
|c|★ALLIE X|:)
|c|★ygbacklash|I ment 15 miss in one match is BS
|c|★ygbacklash|gg
|choice||switch 4
|
|switch|p2a: Articuno|Articuno, L79|304\/304
|turn|30
|choice|move 4|move 1
|
|move|p2a: Articuno|Blizzard|p1a: Slowbro
|-resisted|p1a: Slowbro
|-damage|p1a: Slowbro|240\/312
|-status|p1a: Slowbro|frz
|cant|p1a: Slowbro|frz
|
|turn|31
|choice|switch 4|switch 5
|
|switch|p2a: Wartortle|Wartortle, L85|274\/274
|switch|p1a: Chansey|Chansey, L79|557\/557
|
|turn|32
|choice|switch 5|move 4
|
|switch|p1a: Jolteon|Jolteon, L79|199\/265
|move|p2a: Wartortle|Blizzard|p1a: Jolteon
|-damage|p1a: Jolteon|142\/265
|
|turn|33
|choice|move 1|move 4
|
|move|p1a: Jolteon|Thunderbolt|p2a: Wartortle
|-supereffective|p2a: Wartortle
|-damage|p2a: Wartortle|45\/274
|move|p2a: Wartortle|Blizzard|p1a: Jolteon
|-crit|p1a: Jolteon
|-damage|p1a: Jolteon|11\/265
|-message|Freeze Clause activated.
|
|turn|34
|c|★ALLIE X|see
|choice|move 1|move 2
|
|move|p1a: Jolteon|Thunderbolt|p2a: Wartortle
|-supereffective|p2a: Wartortle
|-damage|p2a: Wartortle|0 fnt
|faint|p2a: Wartortle
|choice||switch 5
|
|switch|p2a: Articuno|Articuno, L79|304\/304
|turn|35
|choice|move 1|move 1
|
|move|p1a: Jolteon|Thunderbolt|p2a: Articuno
|-crit|p2a: Articuno
|-supereffective|p2a: Articuno
|-damage|p2a: Articuno|0 fnt
|faint|p2a: Articuno
|
|win|ALLIE X
|raw|ALLIE X's rating: 1290 &rarr; <strong>1307<\/strong><br \/>(+17 for winning)
|raw|ygbacklash's rating: 1167 &rarr; <strong>1150<\/strong><br \/>(-17 for losing)