|join|niggus in prrrus
|join|yaldyyyy
|player|p1|niggus in prrrus|170
|player|p2|yaldyyyy|101
|gametype|singles
|gen|1
|tier|[Gen 1] Random Battle
|rated
|rule|Sleep Clause Mod: Limit one foe put to sleep
|rule|Freeze Clause Mod: Limit one foe frozen
|rule|HP Percentage Mod: HP is shown in percentages
|
|start
|switch|p1a: Farfetch'd|Farfetch'd, L99|304\/304
|switch|p2a: Vulpix|Vulpix, L96|268\/268
|turn|1
|
|move|p2a: Vulpix|Fire Blast|p1a: Farfetch'd
|-damage|p1a: Farfetch'd|174\/304
|-status|p1a: Farfetch'd|brn
|move|p1a: Farfetch'd|Slash|p2a: Vulpix
|-crit|p2a: Vulpix
|-damage|p2a: Vulpix|73\/268
|-damage|p1a: Farfetch'd|155\/304 brn|[from] brn|[of] p2a: Vulpix
|
|turn|2
|
|move|p2a: Vulpix|Fire Blast|p1a: Farfetch'd
|-damage|p1a: Farfetch'd|15\/304 brn
|move|p1a: Farfetch'd|Slash|p2a: Vulpix
|-crit|p2a: Vulpix
|-damage|p2a: Vulpix|0 fnt
|faint|p2a: Vulpix
|
|switch|p2a: Alakazam|Alakazam, L79|249\/249
|turn|3
|
|move|p2a: Alakazam|Psychic|p1a: Farfetch'd
|-crit|p1a: Farfetch'd
|-damage|p1a: Farfetch'd|0 fnt
|faint|p1a: Farfetch'd
|
|switch|p1a: Pikachu|Pikachu, L96|262\/262
|turn|4
|
|switch|p2a: Paras|Paras, L96|262\/262
|move|p1a: Pikachu|Body Slam|p2a: Paras
|-damage|p2a: Paras|202\/262
|
|turn|5
|
|move|p1a: Pikachu|Body Slam|p2a: Paras
|-damage|p2a: Paras|142\/262
|-status|p2a: Paras|par
|move|p2a: Paras|Double-Edge|p1a: Pikachu
|-damage|p1a: Pikachu|147\/262
|-damage|p2a: Paras|114\/262 par|[from] recoil|[of] p1a: Pikachu
|
|turn|6
|
|move|p1a: Pikachu|Body Slam|p2a: Paras
|-damage|p2a: Paras|52\/262 par
|move|p2a: Paras|Double-Edge|p1a: Pikachu
|-damage|p1a: Pikachu|26\/262
|-damage|p2a: Paras|22\/262 par|[from] recoil|[of] p1a: Pikachu
|
|turn|7
|
|move|p1a: Pikachu|Body Slam|p2a: Paras
|-damage|p2a: Paras|0 fnt
|faint|p2a: Paras
|
|switch|p2a: Alakazam|Alakazam, L79|249\/249
|turn|8
|
|switch|p2a: Nidorino|Nidorino, L90|293\/293
|move|p1a: Pikachu|Body Slam|p2a: Nidorino
|-damage|p2a: Nidorino|231\/293
|
|turn|9
|
|move|p1a: Pikachu|Thunderbolt|p2a: Nidorino
|-crit|p2a: Nidorino
|-damage|p2a: Nidorino|24\/293
|move|p2a: Nidorino|Body Slam|p1a: Pikachu
|-damage|p1a: Pikachu|0 fnt
|faint|p1a: Pikachu
|
|switch|p1a: Beedrill|Beedrill, L90|300\/300
|turn|10
|
|move|p1a: Beedrill|Agility|p1a: Beedrill
|-boost|p1a: Beedrill|spe|2
|move|p2a: Nidorino|Thunder|p1a: Beedrill
|-damage|p1a: Beedrill|200\/300
|-status|p1a: Beedrill|par
|
|turn|11
|
|move|p2a: Nidorino|Body Slam|p1a: Beedrill
|-damage|p1a: Beedrill|119\/300 par
|move|p1a: Beedrill|Twineedle|p2a: Nidorino
|-supereffective|p2a: Nidorino
|-damage|p2a: Nidorino|0 fnt
|-hitcount|p2a: Nidorino|1
|faint|p2a: Nidorino
|
|switch|p2a: Alakazam|Alakazam, L79|249\/249
|turn|12
|
|move|p2a: Alakazam|Psychic|p1a: Beedrill
|-supereffective|p1a: Beedrill
|-damage|p1a: Beedrill|0 fnt
|faint|p1a: Beedrill
|
|switch|p1a: Blastoise|Blastoise, L85|308\/308
|turn|13
|
|move|p2a: Alakazam|Thunder Wave|p1a: Blastoise
|-status|p1a: Blastoise|par
|move|p1a: Blastoise|Body Slam|p2a: Alakazam
|-damage|p2a: Alakazam|162\/249
|
|turn|14
|
|move|p2a: Alakazam|Psychic|p1a: Blastoise
|-damage|p1a: Blastoise|208\/308 par
|-unboost|p1a: Blastoise|spd|1
|-unboost|p1a: Blastoise|spa|1
|move|p1a: Blastoise|Body Slam|p2a: Alakazam
|-damage|p2a: Alakazam|77\/249
|
|turn|15
|
|move|p2a: Alakazam|Recover|p2a: Alakazam
|-heal|p2a: Alakazam|201\/249
|move|p1a: Blastoise|Body Slam|p2a: Alakazam
|-damage|p2a: Alakazam|110\/249
|
|turn|16
|
|move|p2a: Alakazam|Psychic|p1a: Blastoise
|-damage|p1a: Blastoise|54\/308 par
|cant|p1a: Blastoise|par
|
|turn|17
|
|move|p2a: Alakazam|Recover|p2a: Alakazam
|-heal|p2a: Alakazam|234\/249
|move|p1a: Blastoise|Body Slam|p2a: Alakazam
|-damage|p2a: Alakazam|146\/249
|
|turn|18
|
|move|p2a: Alakazam|Psychic|p1a: Blastoise
|-crit|p1a: Blastoise
|-damage|p1a: Blastoise|0 fnt
|faint|p1a: Blastoise
|
|switch|p1a: Pinsir|Pinsir, L85|284\/284
|turn|19
|
|switch|p2a: Farfetch'd|Farfetch'd, L99|304\/304
|move|p1a: Pinsir|Body Slam|p2a: Farfetch'd
|-damage|p2a: Farfetch'd|218\/304
|
|turn|20
|
|move|p1a: Pinsir|Swords Dance|p1a: Pinsir
|-boost|p1a: Pinsir|atk|2
|move|p2a: Farfetch'd|Slash|p1a: Pinsir
|-crit|p1a: Pinsir
|-damage|p1a: Pinsir|152\/284
|
|turn|21
|
|move|p1a: Pinsir|Hyper Beam|p2a: Farfetch'd
|-damage|p2a: Farfetch'd|0 fnt
|faint|p2a: Farfetch'd
|
|switch|p2a: Alakazam|Alakazam, L79|146\/249
|turn|22
|
|move|p2a: Alakazam|Thunder Wave|p1a: Pinsir
|-status|p1a: Pinsir|par
|cant|p1a: Pinsir|par
|
|turn|23
|
|move|p2a: Alakazam|Seismic Toss|p1a: Pinsir
|-damage|p1a: Pinsir|73\/284 par
|move|p1a: Pinsir|Hyper Beam|p2a: Alakazam
|-damage|p2a: Alakazam|0 fnt
|faint|p2a: Alakazam
|
|switch|p2a: Beedrill|Beedrill, L90|300\/300
|turn|24
|
|move|p2a: Beedrill|Hyper Beam|p1a: Pinsir
|-damage|p1a: Pinsir|0 fnt
|faint|p1a: Pinsir
|
|switch|p1a: Arcanine|Arcanine, L85|327\/327
|turn|25
|
|move|p1a: Arcanine|Fire Blast|p2a: Beedrill
|-supereffective|p2a: Beedrill
|-damage|p2a: Beedrill|0 fnt
|faint|p2a: Beedrill
|
|win|niggus in prrrus
|raw|niggus in prrrus's rating: 1113 &rarr; <strong>1141<\/strong><br \/>(+28 for winning)
|raw|yaldyyyy's rating: 1160 &rarr; <strong>1131<\/strong><br \/>(-29 for losing)
|leave|yaldyyyy
|player|p2
|c|★niggus in prrrus|you're so fucking stupid holy shit