|j|dirkaka
|j|Fanjo
|player|p1|dirkaka|153
|player|p2|Fanjo|1
|gametype|singles
|gen|1
|tier|[Gen 1] OU
|rated
|seed|
|rule|Sleep Clause Mod: Limit one foe put to sleep
|rule|Freeze Clause Mod: Limit one foe frozen
|rule|Species Clause: Limit one of each Pokémon
|rule|OHKO Clause: OHKO moves are banned
|rule|Evasion Moves Clause: Evasion moves are banned
|rule|HP Percentage Mod: HP is shown in percentages
|
|start
|switch|p1a: $50\/hr|Jynx|100\/100
|switch|p2a: Alakazam|Alakazam|100\/100
|turn|1
|choice||
|
|switch|p2a: Exeggutor|Exeggutor|100\/100
|switch|p1a: Asian Mark Henry|Chansey|100\/100
|
|turn|2
|choice||
|
|switch|p1a: Not Fat Just Big B|Snorlax|100\/100
|move|p2a: Exeggutor|Sleep Powder|p1a: Not Fat Just Big B
|-status|p1a: Not Fat Just Big B|slp
|
|turn|3
|j|Tokagero
|choice||
|
|switch|p1a: Asian Mark Henry|Chansey|100\/100
|move|p2a: Exeggutor|Psychic|p1a: Asian Mark Henry
|-damage|p1a: Asian Mark Henry|84\/100
|
|turn|4
|choice||
|
|move|p2a: Exeggutor|Explosion|p1a: Asian Mark Henry
|-damage|p1a: Asian Mark Henry|0 fnt
|faint|p1a: Asian Mark Henry
|faint|p2a: Exeggutor
|c|★dirkaka|oh
|c|★dirkaka|lol
|j|LeInf
|choice||
|
|switch|p2a: Alakazam|Alakazam|100\/100
|switch|p1a: $50\/hr|Jynx|100\/100
|turn|5
|choice||
|
|move|p2a: Alakazam|Thunder Wave|p1a: $50\/hr
|-status|p1a: $50\/hr|par
|move|p1a: $50\/hr|Lovely Kiss|p2a: Alakazam|[miss]
|-miss|p1a: $50\/hr
|
|turn|6
|choice||
|
|switch|p2a: Snorlax|Snorlax|100\/100
|move|p1a: $50\/hr|Lovely Kiss|p2a: Snorlax
|-status|p2a: Snorlax|slp
|
|turn|7
|choice||
|
|switch|p2a: Tauros|Tauros|100\/100
|cant|p1a: $50\/hr|par
|
|turn|8
|choice||
|
|switch|p1a: Frozen|Slowbro|100\/100
|move|p2a: Tauros|Blizzard|p1a: Frozen
|-resisted|p1a: Frozen
|-damage|p1a: Frozen|90\/100
|
|turn|9
|choice||
|
|move|p2a: Tauros|Thunder|p1a: Frozen
|-supereffective|p1a: Frozen
|-damage|p1a: Frozen|43\/100
|move|p1a: Frozen|Ice Beam|p2a: Tauros
|-damage|p2a: Tauros|76\/100
|
|turn|10
|choice||
|
|switch|p2a: Chansey|Chansey|100\/100
|switch|p1a: Armoured Weapon|Cloyster|100\/100
|
|turn|11
|choice||
|
|move|p1a: Armoured Weapon|Blizzard|p2a: Chansey
|-damage|p2a: Chansey|82\/100
|move|p2a: Chansey|Thunder|p1a: Armoured Weapon
|-supereffective|p1a: Armoured Weapon
|-damage|p1a: Armoured Weapon|29\/100
|
|turn|12
|choice||
|
|switch|p2a: Snorlax|Snorlax|100\/100 slp
|move|p1a: Armoured Weapon|Explosion|p2a: Snorlax
|-damage|p2a: Snorlax|37\/100 slp
|faint|p1a: Armoured Weapon
|c|★dirkaka|good call
|choice||
|
|switch|p1a: Frozen|Slowbro|43\/100
|turn|13
|choice||
|
|switch|p2a: Chansey|Chansey|82\/100
|move|p1a: Frozen|Ice Beam|p2a: Chansey
|-damage|p2a: Chansey|74\/100
|
|turn|14
|l|Tokagero
|choice||
|
|switch|p1a: Not Fat Just Big B|Snorlax|100\/100 slp
|move|p2a: Chansey|Thunder|p1a: Not Fat Just Big B
|-damage|p1a: Not Fat Just Big B|74\/100 slp
|
|turn|15
|choice||
|
|switch|p2a: Snorlax|Snorlax|37\/100 slp
|cant|p1a: Not Fat Just Big B|slp
|
|turn|16
|choice||
|
|switch|p1a: Frozen|Slowbro|43\/100
|cant|p2a: Snorlax|slp
|
|turn|17
|choice||
|
|switch|p2a: Zapdos|Zapdos|100\/100
|move|p1a: Frozen|Ice Beam|p2a: Zapdos
|-supereffective|p2a: Zapdos
|-damage|p2a: Zapdos|73\/100
|-status|p2a: Zapdos|frz
|
|turn|18
|choice||
|
|switch|p2a: Chansey|Chansey|74\/100
|move|p1a: Frozen|Rest|p1a: Frozen
|-status|p1a: Frozen|slp
|-heal|p1a: Frozen|100\/100 slp|[silent]
|-status|p1a: Frozen|slp|[from] move: Rest
|
|turn|19
|choice||
|
|switch|p1a: Not Fat Just Big B|Snorlax|74\/100 slp
|move|p2a: Chansey|Thunder|p1a: Not Fat Just Big B
|-damage|p1a: Not Fat Just Big B|51\/100 slp
|
|turn|20
|choice||
|
|move|p2a: Chansey|Ice Beam|p1a: Not Fat Just Big B
|-damage|p1a: Not Fat Just Big B|31\/100 slp
|-curestatus|p1a: Not Fat Just Big B|slp
|
|turn|21
|choice||
|
|move|p2a: Chansey|Ice Beam|p1a: Not Fat Just Big B
|-damage|p1a: Not Fat Just Big B|13\/100
|move|p1a: Not Fat Just Big B|Hyper Beam|p2a: Chansey
|-crit|p2a: Chansey
|-damage|p2a: Chansey|0 fnt
|faint|p2a: Chansey
|choice||
|
|switch|p2a: Tauros|Tauros|76\/100
|turn|22
|l|LeInf
|choice||
|
|move|p2a: Tauros|Thunder|p1a: Not Fat Just Big B|[miss]
|-miss|p2a: Tauros
|move|p1a: Not Fat Just Big B|Hyper Beam|p2a: Tauros|[miss]
|-miss|p1a: Not Fat Just Big B
|
|turn|23
|c|★dirkaka|sht
|c|★dirkaka|lol
|c|★dirkaka|thought i had you
|c|★dirkaka|oh well
|choice||
|
|move|p2a: Tauros|Thunder|p1a: Not Fat Just Big B|[miss]
|-miss|p2a: Tauros
|move|p1a: Not Fat Just Big B|Hyper Beam|p2a: Tauros
|-damage|p2a: Tauros|19\/100
|
|turn|24
|-mustrecharge|p1a: Not Fat Just Big B
|-mustrecharge|p1a: Not Fat Just Big B
|choice||
|
|move|p2a: Tauros|Thunder|p1a: Not Fat Just Big B|[miss]
|-miss|p2a: Tauros
|cant|p1a: Not Fat Just Big B|recharge
|
|turn|25
|c|★Fanjo|i forgot body slam on tauros ...
|c|★Fanjo|i'm stupid
|choice||
|
|switch|p1a: Frozen|Slowbro|100\/100 slp
|move|p2a: Tauros|Thunder|p1a: Frozen
|-supereffective|p1a: Frozen
|-damage|p1a: Frozen|55\/100 slp
|
|turn|26
|c|★dirkaka|lol
|c|★dirkaka|sneaky
|c|★dirkaka|:p
|choice||
|
|switch|p1a: Bullean=true;|Tauros|100\/100
|move|p2a: Tauros|Thunder|p1a: Bullean=true;
|-damage|p1a: Bullean=true;|73\/100
|
|turn|27
|choice||
|
|switch|p2a: Zapdos|Zapdos|73\/100 frz
|move|p1a: Bullean=true;|Body Slam|p2a: Zapdos
|-damage|p2a: Zapdos|44\/100 frz
|
|turn|28
|choice||
|
|move|p1a: Bullean=true;|Body Slam|p2a: Zapdos
|-damage|p2a: Zapdos|15\/100 frz
|cant|p2a: Zapdos|frz
|
|turn|29
|choice||
|
|switch|p1a: Frozen|Slowbro|55\/100 slp
|cant|p2a: Zapdos|frz
|
|turn|30
|choice||
|
|switch|p2a: Tauros|Tauros|19\/100
|switch|p1a: Bullean=true;|Tauros|73\/100
|
|turn|31
|choice||
|
|move|p1a: Bullean=true;|Body Slam|p2a: Tauros
|-crit|p2a: Tauros
|-damage|p2a: Tauros|0 fnt
|faint|p2a: Tauros
|choice||
|
|switch|p2a: Alakazam|Alakazam|100\/100
|turn|32
|choice||
|
|switch|p1a: $50\/hr|Jynx|100\/100 par
|move|p2a: Alakazam|Psychic|p1a: $50\/hr
|-resisted|p1a: $50\/hr
|-damage|p1a: $50\/hr|79\/100 par
|-unboost|p1a: $50\/hr|spd|1
|-unboost|p1a: $50\/hr|spa|1
|
|turn|33
|choice||
|
|move|p2a: Alakazam|Psychic|p1a: $50\/hr
|-resisted|p1a: $50\/hr
|-damage|p1a: $50\/hr|51\/100 par
|move|p1a: $50\/hr|Lovely Kiss|p2a: Alakazam
|-message|Sleep Clause Mod activated.
|
|turn|34
|c|★dirkaka|O
|c|★dirkaka|LOL
|choice||
|
|move|p2a: Alakazam|Psychic|p1a: $50\/hr
|-resisted|p1a: $50\/hr
|-damage|p1a: $50\/hr|19\/100 par
|-unboost|p1a: $50\/hr|spd|1
|-unboost|p1a: $50\/hr|spa|1
|move|p1a: $50\/hr|Rest|p1a: $50\/hr
|-status|p1a: $50\/hr|slp
|-heal|p1a: $50\/hr|100\/100 slp|[silent]
|-status|p1a: $50\/hr|slp|[from] move: Rest
|
|turn|35
|choice||
|
|switch|p1a: Frozen|Slowbro|55\/100 slp
|move|p2a: Alakazam|Psychic|p1a: Frozen
|-crit|p1a: Frozen
|-resisted|p1a: Frozen
|-damage|p1a: Frozen|18\/100 slp
|
|turn|36
|choice||
|
|move|p2a: Alakazam|Psychic|p1a: Frozen
|-resisted|p1a: Frozen
|-damage|p1a: Frozen|0 fnt
|faint|p1a: Frozen
|choice||
|
|switch|p1a: Bullean=true;|Tauros|73\/100
|turn|37
|choice||
|
|move|p2a: Alakazam|Psychic|p1a: Bullean=true;
|-damage|p1a: Bullean=true;|30\/100
|move|p1a: Bullean=true;|Body Slam|p2a: Alakazam
|-damage|p2a: Alakazam|47\/100
|
|turn|38
|choice||
|
|switch|p1a: $50\/hr|Jynx|100\/100 slp
|move|p2a: Alakazam|Psychic|p1a: $50\/hr
|-crit|p1a: $50\/hr
|-resisted|p1a: $50\/hr
|-damage|p1a: $50\/hr|64\/100 slp
|
|turn|39
|choice||
|
|move|p2a: Alakazam|Recover|p2a: Alakazam
|-heal|p2a: Alakazam|97\/100
|cant|p1a: $50\/hr|slp
|
|turn|40
|choice||
|
|switch|p2a: Snorlax|Snorlax|37\/100 slp
|-curestatus|p1a: $50\/hr|slp
|
|turn|41
|choice||
|
|switch|p1a: Not Fat Just Big B|Snorlax|13\/100
|cant|p2a: Snorlax|slp
|
|turn|42
|choice||
|
|switch|p2a: Alakazam|Alakazam|97\/100
|move|p1a: Not Fat Just Big B|Rest|p1a: Not Fat Just Big B
|-status|p1a: Not Fat Just Big B|slp
|-heal|p1a: Not Fat Just Big B|100\/100 slp|[silent]
|-status|p1a: Not Fat Just Big B|slp|[from] move: Rest
|
|turn|43
|choice||
|
|move|p2a: Alakazam|Psychic|p1a: Not Fat Just Big B
|-damage|p1a: Not Fat Just Big B|68\/100 slp
|cant|p1a: Not Fat Just Big B|slp
|
|turn|44
|choice||
|
|move|p2a: Alakazam|Psychic|p1a: Not Fat Just Big B
|-damage|p1a: Not Fat Just Big B|33\/100 slp
|-curestatus|p1a: Not Fat Just Big B|slp
|
|turn|45
|choice||
|
|switch|p1a: $50\/hr|Jynx|64\/100
|move|p2a: Alakazam|Psychic|p1a: $50\/hr
|-resisted|p1a: $50\/hr
|-damage|p1a: $50\/hr|43\/100
|
|turn|46
|choice||
|
|move|p2a: Alakazam|Thunder Wave|p1a: $50\/hr
|-status|p1a: $50\/hr|par
|move|p1a: $50\/hr|Lovely Kiss|p2a: Alakazam
|-message|Sleep Clause Mod activated.
|
|turn|47
|c|★dirkaka|..
|c|★dirkaka|WTF AM I THINKING LOL
|choice||
|
|move|p2a: Alakazam|Psychic|p1a: $50\/hr
|-resisted|p1a: $50\/hr
|-damage|p1a: $50\/hr|22\/100 par
|move|p1a: $50\/hr|Rest|p1a: $50\/hr
|-status|p1a: $50\/hr|slp
|-heal|p1a: $50\/hr|100\/100 slp|[silent]
|-status|p1a: $50\/hr|slp|[from] move: Rest
|
|turn|48
|choice||
|
|move|p2a: Alakazam|Reflect|p2a: Alakazam
|-start|p2a: Alakazam|Reflect
|cant|p1a: $50\/hr|slp
|
|turn|49
|choice||
|
|switch|p2a: Snorlax|Snorlax|37\/100 slp
|-curestatus|p1a: $50\/hr|slp
|
|turn|50
|choice||
|
|cant|p2a: Snorlax|slp
|move|p1a: $50\/hr|Psychic|p2a: Snorlax
|-crit|p2a: Snorlax
|-damage|p2a: Snorlax|0 fnt
|faint|p2a: Snorlax
|-message|Fanjo forfeited.
|
|win|dirkaka
|player|p1
|player|p2
|l|Fanjo
|raw|dirkaka's rating: 1322 &rarr; <strong>1339<\/strong><br \/>(+17 for winning)
|raw|Fanjo's rating: 1254 &rarr; <strong>1234<\/strong><br \/>(-20 for losing)