|j|MALESANI
|j|mlevalle
|player|p1|MALESANI|238
|player|p2|mlevalle|2
|gametype|singles
|gen|1
|tier|[Gen 1] Random Battle
|rated
|seed|24507,26702,16346,10334
|rule|Sleep Clause Mod: Limit one foe put to sleep
|rule|Freeze Clause Mod: Limit one foe frozen
|rule|HP Percentage Mod: HP is shown in percentages
|
|start
|switch|p1a: Shellder|Shellder, L96|252\/252
|switch|p2a: Nidoran-M|Nidoran-M, L96|283\/283
|turn|1
|choice|move 4|switch 5
|
|switch|p2a: Wartortle|Wartortle, L85|274\/274
|move|p1a: Shellder|Surf|p2a: Wartortle
|-resisted|p2a: Wartortle
|-damage|p2a: Wartortle|224\/274
|
|turn|2
|choice|move 4|move 2
|
|move|p2a: Wartortle|Mimic|p1a: Shellder
|-start|p2a: Wartortle|Mimic|Withdraw
|move|p1a: Shellder|Surf|p2a: Wartortle
|-resisted|p2a: Wartortle
|-damage|p2a: Wartortle|174\/274
|
|turn|3
|choice|move 4|move 3
|
|move|p2a: Wartortle|Surf|p1a: Shellder
|-resisted|p1a: Shellder
|-damage|p1a: Shellder|199\/252
|move|p1a: Shellder|Surf|p2a: Wartortle
|-resisted|p2a: Wartortle
|-damage|p2a: Wartortle|127\/274
|
|turn|4
|choice|move 4|move 3
|
|move|p2a: Wartortle|Surf|p1a: Shellder
|-resisted|p1a: Shellder
|-damage|p1a: Shellder|147\/252
|move|p1a: Shellder|Surf|p2a: Wartortle
|-resisted|p2a: Wartortle
|-damage|p2a: Wartortle|74\/274
|
|turn|5
|choice|move 4|move 1
|
|move|p2a: Wartortle|Rest|p2a: Wartortle
|-status|p2a: Wartortle|slp
|-heal|p2a: Wartortle|274\/274 slp|[silent]
|-status|p2a: Wartortle|slp|[from] move: Rest
|move|p1a: Shellder|Surf|p2a: Wartortle
|-resisted|p2a: Wartortle
|-damage|p2a: Wartortle|229\/274 slp
|
|turn|6
|choice|switch 6|move 3
|
|switch|p1a: Mewtwo|Mewtwo, L70|293\/293
|cant|p2a: Wartortle|slp
|
|turn|7
|choice|move 2|switch 5
|
|switch|p2a: Nidoran-M|Nidoran-M, L96|283\/283
|move|p1a: Mewtwo|Thunderbolt|p2a: Nidoran-M
|-damage|p2a: Nidoran-M|185\/283
|
|turn|8
|choice|move 1|move 1
|
|move|p1a: Mewtwo|Psychic|p2a: Nidoran-M
|-crit|p2a: Nidoran-M
|-supereffective|p2a: Nidoran-M
|-damage|p2a: Nidoran-M|0 fnt
|faint|p2a: Nidoran-M
|choice||switch 6
|
|switch|p2a: Kadabra|Kadabra, L85|242\/242
|turn|9
|choice|switch 2|move 2
|
|switch|p1a: Voltorb|Voltorb, L96|272\/272
|move|p2a: Kadabra|Thunder Wave|p1a: Voltorb
|-status|p1a: Voltorb|par
|
|turn|10
|choice|move 1|switch 2
|
|switch|p2a: Arbok|Arbok, L90|291\/291
|move|p1a: Voltorb|Explosion|p2a: Arbok
|-damage|p2a: Arbok|102\/291
|faint|p1a: Voltorb
|choice|switch 4|
|
|switch|p1a: Raticate|Raticate, L85|267\/267
|turn|11
|choice|move 4|move 2
|
|move|p1a: Raticate|Body Slam|p2a: Arbok
|-crit|p2a: Arbok
|-damage|p2a: Arbok|0 fnt
|faint|p2a: Arbok
|choice||switch 3
|
|switch|p2a: Blastoise|Blastoise, L85|308\/308
|turn|12
|choice|move 4|move 4
|
|move|p1a: Raticate|Body Slam|p2a: Blastoise
|-crit|p2a: Blastoise
|-damage|p2a: Blastoise|167\/308
|move|p2a: Blastoise|Hydro Pump|p1a: Raticate
|-damage|p1a: Raticate|93\/267
|
|turn|13
|choice|move 3|move 2
|
|move|p1a: Raticate|Hyper Beam|p2a: Blastoise
|-damage|p2a: Blastoise|39\/308
|move|p2a: Blastoise|Blizzard|p1a: Raticate
|-damage|p1a: Raticate|0 fnt
|faint|p1a: Raticate
|choice|switch 5|
|
|switch|p1a: Primeape|Primeape, L90|300\/300
|turn|14
|choice|move 1|switch 5
|
|switch|p2a: Wartortle|Wartortle, L85|229\/274 slp
|move|p1a: Primeape|Body Slam|p2a: Wartortle
|-damage|p2a: Wartortle|150\/274 slp
|
|turn|15
|choice|move 1|move 3
|
|move|p1a: Primeape|Body Slam|p2a: Wartortle
|-damage|p2a: Wartortle|70\/274 slp
|-curestatus|p2a: Wartortle|slp
|
|turn|16
|choice|move 1|move 3
|
|move|p1a: Primeape|Body Slam|p2a: Wartortle
|-damage|p2a: Wartortle|0 fnt
|faint|p2a: Wartortle
|choice||switch 2
|
|switch|p2a: Kadabra|Kadabra, L85|242\/242
|turn|17
|choice|switch 2|move 1
|
|switch|p1a: Mewtwo|Mewtwo, L70|293\/293
|move|p2a: Kadabra|Psychic|p1a: Mewtwo
|-resisted|p1a: Mewtwo
|-damage|p1a: Mewtwo|245\/293
|
|turn|18
|choice|move 4|move 2
|
|move|p2a: Kadabra|Thunder Wave|p1a: Mewtwo
|-status|p1a: Mewtwo|par
|move|p1a: Mewtwo|Thunder Wave|p2a: Kadabra
|-status|p2a: Kadabra|par
|
|turn|19
|choice|move 1|move 3
|
|cant|p2a: Kadabra|par
|move|p1a: Mewtwo|Psychic|p2a: Kadabra
|-resisted|p2a: Kadabra
|-damage|p2a: Kadabra|204\/242 par
|
|turn|20
|choice|switch 6|move 3
|
|switch|p1a: Shellder|Shellder, L96|147\/252
|cant|p2a: Kadabra|par
|
|turn|21
|choice|move 4|switch 5
|
|switch|p2a: Blastoise|Blastoise, L85|39\/308
|move|p1a: Shellder|Surf|p2a: Blastoise
|-resisted|p2a: Blastoise
|-damage|p2a: Blastoise|0 fnt
|faint|p2a: Blastoise
|choice||switch 5
|
|switch|p2a: Kadabra|Kadabra, L85|204\/242 par
|turn|22
|choice|move 3|move 2
|
|move|p1a: Shellder|Explosion|p2a: Kadabra
|-damage|p2a: Kadabra|0 fnt
|faint|p2a: Kadabra
|faint|p1a: Shellder
|choice|switch 3|switch 4
|
|switch|p2a: Tauros|Tauros, L79|280\/280
|switch|p1a: Rhydon|Rhydon, L79|328\/328
|turn|23
|choice|move 3|move 4
|
|move|p2a: Tauros|Blizzard|p1a: Rhydon
|-supereffective|p1a: Rhydon
|-damage|p1a: Rhydon|148\/328
|move|p1a: Rhydon|Earthquake|p2a: Tauros
|-damage|p2a: Tauros|161\/280
|
|turn|24
|choice|move 3|move 4
|
|move|p2a: Tauros|Blizzard|p1a: Rhydon|[miss]
|-miss|p2a: Tauros
|move|p1a: Rhydon|Earthquake|p2a: Tauros
|-damage|p2a: Tauros|41\/280
|
|turn|25
|choice|move 2|move 4
|
|move|p2a: Tauros|Blizzard|p1a: Rhydon
|-supereffective|p1a: Rhydon
|-damage|p1a: Rhydon|0 fnt
|faint|p1a: Rhydon
|choice|switch 6|
|
|switch|p1a: Mewtwo|Mewtwo, L70|245\/293 par
|turn|26
|choice|move 1|move 1
|
|move|p2a: Tauros|Body Slam|p1a: Mewtwo
|-damage|p1a: Mewtwo|151\/293 par
|move|p1a: Mewtwo|Psychic|p2a: Tauros
|-damage|p2a: Tauros|0 fnt
|faint|p2a: Tauros
|
|win|MALESANI
|raw|MALESANI's rating: 1478 &rarr; <strong>1497<\/strong><br \/>(+19 for winning)
|raw|mlevalle's rating: 1462 &rarr; <strong>1443<\/strong><br \/>(-19 for losing)
|l|mlevalle
|player|p2