|join|ggcummend
|join|arafalo2
|player|p1|ggcummend|10
|player|p2|arafalo2|266
|gametype|singles
|gen|1
|tier|[Gen 1] OU (beta)
|rated
|rule|Sleep Clause Mod: Limit one foe put to sleep
|rule|Species Clause: Limit one of each Pokemon
|rule|OHKO Clause: OHKO moves are banned
|rule|Moody Clause: Moody is banned
|rule|Evasion Moves Clause: Evasion moves are banned
|rule|Endless Battle Clause: Forcing endless battles is banned.
|rule|HP Percentage Mod: HP is reported as percentages
|
|start
|switch|p1a: Jynx|Jynx|333\/333
|switch|p2a: Jynx|Jynx|333\/333
|turn|1
|callback|decision
|
|move|p2a: Jynx|Lovely Kiss|p1a: Jynx
|-status|p1a: Jynx|slp
|cant|p1a: Jynx|slp
|
|turn|2
|callback|decision
|
|move|p2a: Jynx|Psychic|p1a: Jynx
|-crit|p1a: Jynx
|-resisted|p1a: Jynx
|-damage|p1a: Jynx|230\/333 slp
|-unboost|p1a: Jynx|spd|1
|-unboost|p1a: Jynx|spa|1
|cant|p1a: Jynx|slp
|
|turn|3
|callback|decision
|join|Virakon
|
|switch|p1a: Exeggutor|Exeggutor|393\/393
|move|p2a: Jynx|Psychic|p1a: Exeggutor
|-crit|p1a: Exeggutor
|-resisted|p1a: Exeggutor
|-damage|p1a: Exeggutor|299\/393
|
|turn|4
|callback|decision
|
|switch|p1a: Chansey|Chansey|703\/703
|move|p2a: Jynx|Blizzard|p1a: Chansey|[miss]
|-miss|p2a: Jynx
|
|turn|5
|callback|decision
|leave|Virakon
|
|switch|p2a: Chansey|Chansey|703\/703
|move|p1a: Chansey|Thunderbolt|p2a: Chansey
|-damage|p2a: Chansey|635\/703
|
|turn|6
|callback|decision
|
|move|p1a: Chansey|Ice Beam|p2a: Chansey
|-damage|p2a: Chansey|559\/703
|move|p2a: Chansey|Ice Beam|p1a: Chansey
|-damage|p1a: Chansey|628\/703
|
|turn|7
|callback|decision
|
|move|p1a: Chansey|Ice Beam|p2a: Chansey
|-damage|p2a: Chansey|479\/703
|move|p2a: Chansey|Ice Beam|p1a: Chansey
|-crit|p1a: Chansey
|-damage|p1a: Chansey|483\/703
|
|turn|8
|callback|decision
|
|switch|p2a: Jynx|Jynx|333\/333
|move|p1a: Chansey|Ice Beam|p2a: Jynx
|-resisted|p2a: Jynx
|-damage|p2a: Jynx|291\/333
|
|turn|9
|callback|decision
|
|move|p2a: Jynx|Blizzard|p1a: Chansey
|-damage|p1a: Chansey|342\/703
|move|p1a: Chansey|Thunderbolt|p2a: Jynx
|-damage|p2a: Jynx|211\/333
|-status|p2a: Jynx|par
|
|turn|10
|callback|decision
|
|switch|p2a: Chansey|Chansey|479\/703
|move|p1a: Chansey|Soft-Boiled|p1a: Chansey
|-heal|p1a: Chansey|693\/703
|
|turn|11
|callback|decision
|
|move|p2a: Chansey|Ice Beam|p1a: Chansey
|-damage|p1a: Chansey|625\/703
|move|p1a: Chansey|Ice Beam|p2a: Chansey
|-damage|p2a: Chansey|401\/703
|
|turn|12
|callback|decision
|
|move|p1a: Chansey|Ice Beam|p2a: Chansey
|-damage|p2a: Chansey|324\/703
|move|p2a: Chansey|Ice Beam|p1a: Chansey
|-crit|p1a: Chansey
|-damage|p1a: Chansey|486\/703
|
|turn|13
|callback|decision
|
|switch|p1a: Tauros|Tauros|353\/353
|move|p2a: Chansey|Ice Beam|p1a: Tauros
|-damage|p1a: Tauros|257\/353
|
|turn|14
|callback|decision
|
|move|p1a: Tauros|Body Slam|p2a: Chansey
|-damage|p2a: Chansey|62\/703
|move|p2a: Chansey|Thunder Wave|p1a: Tauros
|-status|p1a: Tauros|par
|
|turn|15
|callback|decision
|
|move|p2a: Chansey|Seismic Toss|p1a: Tauros
|-damage|p1a: Tauros|157\/353 par
|cant|p1a: Tauros|par
|
|turn|16
|callback|decision
|
|move|p2a: Chansey|Seismic Toss|p1a: Tauros
|-damage|p1a: Tauros|57\/353 par
|move|p1a: Tauros|Hyper Beam|p2a: Chansey
|-crit|p2a: Chansey
|-damage|p2a: Chansey|0 fnt
|faint|p2a: Chansey
|
|callback|decision
|
|switch|p2a: Tauros|Tauros|353\/353
|turn|17
|callback|decision
|
|move|p2a: Tauros|Body Slam|p1a: Tauros
|-crit|p1a: Tauros
|-damage|p1a: Tauros|0 fnt
|faint|p1a: Tauros
|
|callback|decision
|
|switch|p1a: Alakazam|Alakazam|313\/313
|turn|18
|callback|decision
|
|switch|p2a: Exeggutor|Exeggutor|393\/393
|move|p1a: Alakazam|Reflect|p1a: Alakazam
|
|turn|19
|callback|decision
|
|move|p1a: Alakazam|Thunder Wave|p2a: Exeggutor
|-status|p2a: Exeggutor|par
|move|p2a: Exeggutor|Stun Spore|p1a: Alakazam
|-status|p1a: Alakazam|par
|
|turn|20
|callback|decision
|
|cant|p1a: Alakazam|par
|cant|p2a: Exeggutor|par
|
|turn|21
|callback|decision
|
|cant|p1a: Alakazam|par
|move|p2a: Exeggutor|Psychic|p1a: Alakazam
|-resisted|p1a: Alakazam
|-damage|p1a: Alakazam|266\/313 par
|
|turn|22
|callback|decision
|
|cant|p1a: Alakazam|par
|cant|p2a: Exeggutor|par
|
|turn|23
|callback|decision
|
|cant|p1a: Alakazam|par
|move|p2a: Exeggutor|Psychic|p1a: Alakazam
|-crit|p1a: Alakazam
|-resisted|p1a: Alakazam
|-damage|p1a: Alakazam|161\/313 par
|
|turn|24
|callback|decision
|
|move|p1a: Alakazam|Recover|p1a: Alakazam
|-heal|p1a: Alakazam|313\/313 par
|move|p2a: Exeggutor|Psychic|p1a: Alakazam|[miss]
|-miss|p2a: Exeggutor
|
|turn|25
|callback|decision
|
|move|p1a: Alakazam|Psychic|p2a: Exeggutor
|-resisted|p2a: Exeggutor
|-damage|p2a: Exeggutor|338\/393 par
|move|p2a: Exeggutor|Psychic|p1a: Alakazam
|-resisted|p1a: Alakazam
|-damage|p1a: Alakazam|261\/313 par
|
|turn|26
|callback|decision
|
|cant|p1a: Alakazam|par
|move|p2a: Exeggutor|Psychic|p1a: Alakazam
|-resisted|p1a: Alakazam
|-damage|p1a: Alakazam|211\/313 par
|
|turn|27
|callback|decision
|
|move|p1a: Alakazam|Psychic|p2a: Exeggutor
|-resisted|p2a: Exeggutor
|-damage|p2a: Exeggutor|286\/393 par
|-unboost|p2a: Exeggutor|spd|1
|-unboost|p2a: Exeggutor|spa|1
|move|p2a: Exeggutor|Psychic|p1a: Alakazam
|-resisted|p1a: Alakazam
|-damage|p1a: Alakazam|176\/313 par
|-unboost|p1a: Alakazam|spd|1
|-unboost|p1a: Alakazam|spa|1
|
|turn|28
|callback|decision
|
|move|p1a: Alakazam|Recover|p1a: Alakazam
|-heal|p1a: Alakazam|313\/313 par
|cant|p2a: Exeggutor|par
|
|turn|29
|callback|decision
|
|move|p1a: Alakazam|Psychic|p2a: Exeggutor
|-resisted|p2a: Exeggutor
|-damage|p2a: Exeggutor|228\/393 par
|-unboost|p2a: Exeggutor|spd|1
|-unboost|p2a: Exeggutor|spa|1
|move|p2a: Exeggutor|Explosion|p1a: Alakazam
|-crit|p1a: Alakazam
|-damage|p1a: Alakazam|0 fnt
|faint|p1a: Alakazam
|faint|p2a: Exeggutor
|callback|decision
|
|switch|p2a: Tauros|Tauros|353\/353
|switch|p1a: Exeggutor|Exeggutor|299\/393
|turn|30
|callback|decision
|
|switch|p2a: Jynx|Jynx|211\/333 par
|move|p1a: Exeggutor|Psychic|p2a: Jynx
|-resisted|p2a: Jynx
|-damage|p2a: Jynx|149\/333 par
|-unboost|p2a: Jynx|spd|1
|-unboost|p2a: Jynx|spa|1
|
|turn|31
|callback|decision
|
|move|p1a: Exeggutor|Psychic|p2a: Jynx
|-resisted|p2a: Jynx
|-damage|p2a: Jynx|48\/333 par
|move|p2a: Jynx|Blizzard|p1a: Exeggutor
|-supereffective|p1a: Exeggutor
|-damage|p1a: Exeggutor|145\/393
|
|turn|32
|callback|decision
|
|move|p1a: Exeggutor|Psychic|p2a: Jynx
|-crit|p2a: Jynx
|-resisted|p2a: Jynx
|-damage|p2a: Jynx|0 fnt
|faint|p2a: Jynx
|
|callback|decision
|
|switch|p2a: Tauros|Tauros|353\/353
|turn|33
|callback|decision
|
|switch|p1a: Jynx|Jynx|230\/333 slp
|move|p2a: Tauros|Hyper Beam|p1a: Jynx
|-damage|p1a: Jynx|0 fnt
|faint|p1a: Jynx
|
|callback|decision
|
|switch|p1a: Chansey|Chansey|486\/703
|turn|34
|callback|decision
|
|move|p2a: Tauros|Body Slam|p1a: Chansey
|-damage|p1a: Chansey|224\/703
|move|p1a: Chansey|Thunder Wave|p2a: Tauros
|-status|p2a: Tauros|par
|
|turn|35
|callback|decision
|
|move|p1a: Chansey|Soft-Boiled|p1a: Chansey
|-heal|p1a: Chansey|575\/703
|move|p2a: Tauros|Body Slam|p1a: Chansey
|-damage|p1a: Chansey|319\/703
|-status|p1a: Chansey|par
|
|turn|36
|callback|decision
|
|cant|p2a: Tauros|par
|cant|p1a: Chansey|par
|
|turn|37
|callback|decision
|
|cant|p2a: Tauros|par
|move|p1a: Chansey|Ice Beam|p2a: Tauros
|-damage|p2a: Tauros|260\/353 par
|
|turn|38
|callback|decision
|
|cant|p2a: Tauros|par
|move|p1a: Chansey|Ice Beam|p2a: Tauros
|-damage|p2a: Tauros|158\/353 par
|
|turn|39
|callback|decision
|
|move|p2a: Tauros|Hyper Beam|p1a: Chansey
|-damage|p1a: Chansey|0 fnt
|faint|p1a: Chansey
|
|callback|decision
|
|switch|p1a: Snorlax|Snorlax|523\/523
|turn|40
|callback|decision
|
|move|p1a: Snorlax|Hyper Beam|p2a: Tauros
|-damage|p2a: Tauros|0 fnt
|faint|p2a: Tauros
|
|callback|decision
|
|switch|p2a: Starmie|Starmie|323\/323
|turn|41
|callback|decision
|
|move|p2a: Starmie|Psychic|p1a: Snorlax
|-damage|p1a: Snorlax|396\/523
|-unboost|p1a: Snorlax|spd|1
|-unboost|p1a: Snorlax|spa|1
|move|p1a: Snorlax|Body Slam|p2a: Starmie
|-damage|p2a: Starmie|197\/323
|-status|p2a: Starmie|par
|
|turn|42
|callback|decision
|
|move|p1a: Snorlax|Hyper Beam|p2a: Starmie
|-damage|p2a: Starmie|0 fnt
|faint|p2a: Starmie
|
|callback|decision
|
|switch|p2a: Alakazam|Alakazam|313\/313
|turn|43
|callback|decision
|
|move|p2a: Alakazam|Psychic|p1a: Snorlax
|-crit|p1a: Snorlax
|-damage|p1a: Snorlax|36\/523
|move|p1a: Snorlax|Self-Destruct|p2a: Alakazam
|-damage|p2a: Alakazam|0 fnt
|faint|p2a: Alakazam
|faint|p1a: Snorlax
|
|win|ggcummend
|raw|Ladder updating...
|chat|arafalo2|gg
|raw|ggcummend's rating: 1343 &rarr; <strong>1363<\/strong><br \/>(+20 for winning)
|raw|arafalo2's rating: 1268 &rarr; <strong>1248<\/strong><br \/>(-20 for losing)
|chat|ggcummend|gg
|leave|arafalo2
|player|p2