|j|hellraizinkoga69
|j|vaporcrash
|player|p1|hellraizinkoga69|150
|player|p2|vaporcrash|70
|gametype|singles
|gen|1
|tier|[Gen 1] OU
|rated
|seed|48307,39512,39760,319
|rule|Sleep Clause Mod: Limit one foe put to sleep
|rule|Freeze Clause Mod: Limit one foe frozen
|rule|Species Clause: Limit one of each Pokémon
|rule|OHKO Clause: OHKO moves are banned
|rule|Evasion Moves Clause: Evasion moves are banned
|rule|HP Percentage Mod: HP is shown in percentages
|
|start
|switch|p1a: no levitate for yo|Dugtrio|273\/273
|switch|p2a: Dragonite|Dragonite|385\/385
|turn|1
|choice|move 4|move 2
|
|move|p1a: no levitate for yo|Toxic|p2a: Dragonite
|-status|p2a: Dragonite|tox
|move|p2a: Dragonite|Surf|p1a: no levitate for yo
|-supereffective|p1a: no levitate for yo
|-damage|p1a: no levitate for yo|96\/273
|-damage|p2a: Dragonite|361\/385 tox|[from] tox|[of] p1a: no levitate for yo
|
|turn|2
|choice|switch 2|move 3
|
|switch|p1a: wrapwrapwrap|Tentacruel|363\/363
|move|p2a: Dragonite|Ice Beam|p1a: wrapwrapwrap
|-resisted|p1a: wrapwrapwrap
|-damage|p1a: wrapwrapwrap|330\/363
|-damage|p2a: Dragonite|313\/385 tox|[from] tox|[of] p1a: wrapwrapwrap
|
|turn|3
|choice|move 4|move 1
|
|move|p1a: wrapwrapwrap|Blizzard|p2a: Dragonite
|-supereffective|p2a: Dragonite
|-damage|p2a: Dragonite|0 fnt
|faint|p2a: Dragonite
|choice||switch 6
|
|switch|p2a: Exeggutor|Exeggutor|393\/393
|turn|4
|choice|move 1|move 2
|
|move|p1a: wrapwrapwrap|Wrap|p2a: Exeggutor|[miss]
|-miss|p1a: wrapwrapwrap
|move|p2a: Exeggutor|Sleep Powder|p1a: wrapwrapwrap|[miss]
|-miss|p2a: Exeggutor
|
|turn|5
|choice|move 3|move 2
|
|move|p1a: wrapwrapwrap|Toxic|p2a: Exeggutor
|-status|p2a: Exeggutor|tox
|move|p2a: Exeggutor|Sleep Powder|p1a: wrapwrapwrap
|-status|p1a: wrapwrapwrap|slp
|-damage|p2a: Exeggutor|369\/393 tox|[from] tox|[of] p1a: wrapwrapwrap
|
|turn|6
|choice|move 1|move 3
|
|cant|p1a: wrapwrapwrap|slp
|move|p2a: Exeggutor|Psychic|p1a: wrapwrapwrap
|-supereffective|p1a: wrapwrapwrap
|-damage|p1a: wrapwrapwrap|124\/363 slp
|-damage|p2a: Exeggutor|321\/393 tox|[from] tox|[of] p1a: wrapwrapwrap
|
|turn|7
|choice|switch 4|move 3
|
|switch|p1a: safe from earthqua|Dragonite|385\/385
|move|p2a: Exeggutor|Psychic|p1a: safe from earthqua
|-damage|p1a: safe from earthqua|261\/385
|-unboost|p1a: safe from earthqua|spd|1
|-unboost|p1a: safe from earthqua|spa|1
|-damage|p2a: Exeggutor|249\/393 tox|[from] tox|[of] p1a: safe from earthqua
|
|turn|8
|choice|move 3|switch 5
|
|switch|p2a: Cloyster|Cloyster|303\/303
|move|p1a: safe from earthqua|Wrap|p2a: Cloyster
|-damage|p2a: Cloyster|292\/303
|-activate|p2a: Cloyster|move: Wrap|[of] p1a: safe from earthqua
|
|turn|9
|choice|move 3|move 1
|
|move|p1a: safe from earthqua|Wrap|p2a: Cloyster|[from]Wrap
|-damage|p2a: Cloyster|281\/303
|cant|p2a: Cloyster|partiallytrapped
|
|turn|10
|choice|move 3|move 1
|
|move|p1a: safe from earthqua|Wrap|p2a: Cloyster|[from]Wrap
|-damage|p2a: Cloyster|270\/303
|cant|p2a: Cloyster|partiallytrapped
|
|-end|p2a: Cloyster|Wrap|[partiallytrapped]
|turn|11
|choice|switch 5|move 1
|
|switch|p1a: earthquake me breh|Jolteon|333\/333
|move|p2a: Cloyster|Ice Beam|p1a: earthquake me breh
|-damage|p1a: earthquake me breh|241\/333
|
|turn|12
|choice|move 1|switch 4
|
|switch|p2a: Rhydon|Rhydon|413\/413
|move|p1a: earthquake me breh|Pin Missile|p2a: Rhydon
|-damage|p2a: Rhydon|406\/413
|-damage|p2a: Rhydon|399\/413
|-damage|p2a: Rhydon|392\/413
|-hitcount|p2a: Rhydon|3
|
|turn|13
|choice|switch 5|move 2
|
|switch|p1a: safe from earthqua|Dragonite|261\/385
|move|p2a: Rhydon|Rock Slide|p1a: safe from earthqua
|-supereffective|p1a: safe from earthqua
|-damage|p1a: safe from earthqua|38\/385
|
|turn|14
|choice|move 4|move 2
|
|move|p1a: safe from earthqua|Blizzard|p2a: Rhydon
|-supereffective|p2a: Rhydon
|-damage|p2a: Rhydon|83\/413
|move|p2a: Rhydon|Rock Slide|p1a: safe from earthqua
|-supereffective|p1a: safe from earthqua
|-damage|p1a: safe from earthqua|0 fnt
|faint|p1a: safe from earthqua
|choice|switch 2|
|
|switch|p1a: no levitate for yo|Dugtrio|96\/273
|turn|15
|choice|move 1|switch 2
|
|switch|p2a: Snorlax|Snorlax|523\/523
|move|p1a: no levitate for yo|Earthquake|p2a: Snorlax
|-damage|p2a: Snorlax|396\/523
|
|turn|16
|choice|move 3|move 1
|
|move|p1a: no levitate for yo|Hyper Beam|p2a: Snorlax
|-damage|p2a: Snorlax|255\/523
|move|p2a: Snorlax|Body Slam|p1a: no levitate for yo
|-damage|p1a: no levitate for yo|0 fnt
|faint|p1a: no levitate for yo
|choice|switch 6|
|
|switch|p1a: heyyy|Tauros|353\/353
|turn|17
|choice|move 2|move 1
|
|move|p1a: heyyy|Body Slam|p2a: Snorlax
|-crit|p2a: Snorlax
|-damage|p2a: Snorlax|3\/523
|move|p2a: Snorlax|Body Slam|p1a: heyyy
|-damage|p1a: heyyy|233\/353
|
|turn|18
|choice|move 2|move 2
|
|move|p1a: heyyy|Body Slam|p2a: Snorlax
|-crit|p2a: Snorlax
|-damage|p2a: Snorlax|0 fnt
|faint|p2a: Snorlax
|choice||switch 2
|
|switch|p2a: Rhydon|Rhydon|83\/413
|turn|19
|choice|move 4|move 3
|
|move|p1a: heyyy|Earthquake|p2a: Rhydon
|-supereffective|p2a: Rhydon
|-damage|p2a: Rhydon|0 fnt
|faint|p2a: Rhydon
|choice||switch 3
|
|switch|p2a: Gengar|Gengar|323\/323
|turn|20
|choice|move 4|move 4
|
|move|p1a: heyyy|Earthquake|p2a: Gengar
|-supereffective|p2a: Gengar
|-damage|p2a: Gengar|112\/323
|move|p2a: Gengar|Seismic Toss|p1a: heyyy
|-damage|p1a: heyyy|133\/353
|
|turn|21
|choice|move 4|move 4
|
|move|p2a: Gengar|Seismic Toss|p1a: heyyy
|-damage|p1a: heyyy|33\/353
|move|p1a: heyyy|Earthquake|p2a: Gengar
|-supereffective|p2a: Gengar
|-damage|p2a: Gengar|0 fnt
|faint|p2a: Gengar
|choice||switch 4
|
|switch|p2a: Cloyster|Cloyster|270\/303
|turn|22
|-message|vaporcrash forfeited.
|
|win|hellraizinkoga69
|player|p1
|player|p2
|l|vaporcrash
|raw|hellraizinkoga69's rating: 1190 &rarr; <strong>1202<\/strong><br \/>(+12 for winning)
|raw|vaporcrash's rating: 1000 &rarr; <strong>1000<\/strong><br \/>(+0 for losing)