|j|Agi Worldpokemon
|j|midnitefirefly
|player|p1|Agi Worldpokemon|101
|player|p2|midnitefirefly|238
|gametype|singles
|gen|1
|tier|[Gen 1] OU
|rated
|seed|49585,47921,2647,28386
|rule|Sleep Clause Mod: Limit one foe put to sleep
|rule|Freeze Clause Mod: Limit one foe frozen
|rule|Species Clause: Limit one of each Pokémon
|rule|OHKO Clause: OHKO moves are banned
|rule|Evasion Moves Clause: Evasion moves are banned
|rule|HP Percentage Mod: HP is shown in percentages
|
|start
|switch|p1a: なんごく|Exeggutor|393\/393
|switch|p2a: Electrode|Electrode|323\/323
|turn|1
|choice|move 1|switch 5
|
|switch|p2a: Gengar|Gengar|323\/323
|move|p1a: なんごく|Leech Seed|p2a: Gengar
|-start|p2a: Gengar|move: Leech Seed
|
|turn|2
|choice|move 2|switch 2
|
|switch|p2a: Exeggutor|Exeggutor|393\/393
|move|p1a: なんごく|Psychic|p2a: Exeggutor
|-resisted|p2a: Exeggutor
|-damage|p2a: Exeggutor|345\/393
|
|turn|3
|choice|move 4|move 2
|
|move|p2a: Exeggutor|Sleep Powder|p1a: なんごく|[miss]
|-miss|p2a: Exeggutor
|move|p1a: なんごく|Sleep Powder|p2a: Exeggutor|[miss]
|-miss|p1a: なんごく
|
|turn|4
|choice|move 3|move 2
|
|move|p2a: Exeggutor|Sleep Powder|p1a: なんごく
|-status|p1a: なんごく|slp
|cant|p1a: なんごく|slp
|
|turn|5
|choice|move 4|switch 2
|
|switch|p2a: Gengar|Gengar|323\/323
|cant|p1a: なんごく|slp
|
|turn|6
|choice|move 2|move 3
|
|move|p2a: Gengar|Confuse Ray|p1a: なんごく
|-start|p1a: なんごく|confusion
|cant|p1a: なんごく|slp
|
|turn|7
|choice|move 2|move 2
|
|move|p2a: Gengar|Night Shade|p1a: なんごく
|-damage|p1a: なんごく|293\/393 slp
|cant|p1a: なんごく|slp
|
|turn|8
|choice|move 2|move 2
|
|move|p2a: Gengar|Night Shade|p1a: なんごく
|-damage|p1a: なんごく|193\/393 slp
|cant|p1a: なんごく|slp
|
|turn|9
|choice|move 2|move 2
|
|move|p2a: Gengar|Night Shade|p1a: なんごく
|-damage|p1a: なんごく|93\/393 slp
|-curestatus|p1a: なんごく|slp
|
|turn|10
|choice|move 3|move 2
|
|move|p2a: Gengar|Night Shade|p1a: なんごく
|-damage|p1a: なんごく|0 fnt
|faint|p1a: なんごく
|choice|switch 2|
|
|switch|p1a: マンゴー|Starmie|323\/323
|turn|11
|choice|move 3|move 3
|
|move|p1a: マンゴー|Psychic|p2a: Gengar
|-supereffective|p2a: Gengar
|-damage|p2a: Gengar|138\/323
|-unboost|p2a: Gengar|spd|1
|-unboost|p2a: Gengar|spa|1
|move|p2a: Gengar|Confuse Ray|p1a: マンゴー
|-start|p1a: マンゴー|confusion
|
|turn|12
|choice|move 3|switch 2
|
|switch|p2a: Exeggutor|Exeggutor|345\/393
|-activate|p1a: マンゴー|confusion
|-damage|p1a: マンゴー|290\/323|[from] confusion
|
|turn|13
|choice|switch 3|move 2
|
|switch|p1a: ターミル|Electrode|323\/323
|move|p2a: Exeggutor|Sleep Powder|p1a: ターミル
|-status|p1a: ターミル|slp
|
|turn|14
|choice|move 4|move 4
|
|cant|p1a: ターミル|slp
|move|p2a: Exeggutor|Psychic|p1a: ターミル
|-crit|p1a: ターミル
|-damage|p1a: ターミル|53\/323 slp
|-unboost|p1a: ターミル|spd|1
|-unboost|p1a: ターミル|spa|1
|
|turn|15
|choice|move 4|move 4
|
|cant|p1a: ターミル|slp
|move|p2a: Exeggutor|Psychic|p1a: ターミル
|-damage|p1a: ターミル|0 fnt
|faint|p1a: ターミル
|j|Zaelleaz
|choice|switch 4|
|
|switch|p1a: ぎゅうた|Tauros|353\/353
|turn|16
|choice|move 3|move 1
|
|move|p1a: ぎゅうた|Blizzard|p2a: Exeggutor
|-crit|p2a: Exeggutor
|-supereffective|p2a: Exeggutor
|-damage|p2a: Exeggutor|98\/393
|-status|p2a: Exeggutor|frz
|cant|p2a: Exeggutor|frz
|
|turn|17
|choice|move 1|move 2
|
|move|p1a: ぎゅうた|Body Slam|p2a: Exeggutor
|-damage|p2a: Exeggutor|0 fnt
|faint|p2a: Exeggutor
|choice||switch 3
|
|switch|p2a: Chansey|Chansey|703\/703
|turn|18
|choice|move 1|move 1
|
|move|p1a: ぎゅうた|Body Slam|p2a: Chansey
|-damage|p2a: Chansey|422\/703
|move|p2a: Chansey|Thunder Wave|p1a: ぎゅうた
|-status|p1a: ぎゅうた|par
|
|turn|19
|choice|move 1|move 2
|
|move|p2a: Chansey|Soft-Boiled|p2a: Chansey
|-heal|p2a: Chansey|703\/703
|move|p1a: ぎゅうた|Body Slam|p2a: Chansey
|-damage|p2a: Chansey|435\/703
|
|turn|20
|choice|switch 5|move 4
|
|switch|p1a: ぽこちゃん|Dugtrio|273\/273
|move|p2a: Chansey|Counter|p1a: ぽこちゃん
|-damage|p1a: ぽこちゃん|0 fnt
|faint|p1a: ぽこちゃん
|choice|switch 6|
|
|switch|p1a: ガルモン|Kangaskhan|413\/413
|turn|21
|choice|move 1|switch 2
|
|switch|p2a: Gengar|Gengar|138\/323
|move|p1a: ガルモン|Hyper Beam|p2a: Gengar
|-immune|p2a: Gengar|[msg]
|
|turn|22
|choice|move 2|move 3
|
|move|p2a: Gengar|Confuse Ray|p1a: ガルモン
|-start|p1a: ガルモン|confusion
|-activate|p1a: ガルモン|confusion
|move|p1a: ガルモン|Earthquake|p2a: Gengar
|-crit|p2a: Gengar
|-supereffective|p2a: Gengar
|-damage|p2a: Gengar|0 fnt
|faint|p2a: Gengar
|choice||switch 4
|
|switch|p2a: Slowbro|Slowbro|393\/393
|turn|23
|choice|switch 3|move 1
|
|switch|p1a: マンゴー|Starmie|290\/323
|move|p2a: Slowbro|Thunder Wave|p1a: マンゴー
|-status|p1a: マンゴー|par
|
|turn|24
|choice|move 4|switch 2
|
|switch|p2a: Chansey|Chansey|435\/703
|move|p1a: マンゴー|Thunderbolt|p2a: Chansey
|-damage|p2a: Chansey|367\/703
|
|turn|25
|choice|switch 3|move 2
|
|switch|p1a: ガルモン|Kangaskhan|413\/413
|move|p2a: Chansey|Soft-Boiled|p2a: Chansey
|-heal|p2a: Chansey|703\/703
|
|turn|26
|choice|move 2|move 2
|
|move|p1a: ガルモン|Earthquake|p2a: Chansey
|-crit|p2a: Chansey
|-damage|p2a: Chansey|399\/703
|move|p2a: Chansey|Soft-Boiled|p2a: Chansey
|-heal|p2a: Chansey|703\/703
|
|turn|27
|choice|move 1|move 1
|
|move|p1a: ガルモン|Hyper Beam|p2a: Chansey
|-damage|p2a: Chansey|335\/703
|move|p2a: Chansey|Thunder Wave|p1a: ガルモン
|-status|p1a: ガルモン|par
|
|turn|28
|-mustrecharge|p1a: ガルモン
|-mustrecharge|p1a: ガルモン
|choice|move 1|move 4
|
|cant|p1a: ガルモン|recharge
|move|p2a: Chansey|Counter|p1a: ガルモン
|-damage|p1a: ガルモン|0 fnt
|faint|p1a: ガルモン
|choice|switch 5|
|
|switch|p1a: ぎゅうた|Tauros|353\/353 par
|turn|29
|choice|move 4|move 2
|
|move|p2a: Chansey|Soft-Boiled|p2a: Chansey
|-heal|p2a: Chansey|686\/703
|cant|p1a: ぎゅうた|par
|
|turn|30
|choice|move 4|move 4
|
|cant|p1a: ぎゅうた|par
|move|p2a: Chansey|Counter|p1a: ぎゅうた
|-damage|p1a: ぎゅうた|0 fnt
|faint|p1a: ぎゅうた
|l|Agi Worldpokemon
|player|p1
|-message|Agi Worldpokemon lost due to inactivity.
|
|win|midnitefirefly
|player|p2
|raw|Agi Worldpokemon's rating: 1036 &rarr; <strong>1026<\/strong><br \/>(-10 for losing)
|raw|midnitefirefly's rating: 1174 &rarr; <strong>1189<\/strong><br \/>(+15 for winning)