|j|marcoasd
|j|CRITKING
|player|p1|marcoasd|1
|player|p2|CRITKING|157
|gametype|singles
|gen|1
|tier|[Gen 1] OU
|seed|33796,57040,49585,56666
|rule|Sleep Clause Mod: Limit one foe put to sleep
|rule|Freeze Clause Mod: Limit one foe frozen
|rule|Species Clause: Limit one of each Pokémon
|rule|OHKO Clause: OHKO moves are banned
|rule|Evasion Moves Clause: Evasion moves are banned
|rule|HP Percentage Mod: HP is shown in percentages
|
|start
|switch|p1a: Alakazam|Alakazam|313\/313
|switch|p2a: Alakazam|Alakazam|313\/313
|turn|1
|c|★CRITKING|hf
|choice|move 1|move 1
|
|move|p1a: Alakazam|Thunder Wave|p2a: Alakazam
|-status|p2a: Alakazam|par
|move|p2a: Alakazam|Thunder Wave|p1a: Alakazam
|-status|p1a: Alakazam|par
|
|turn|2
|c|★marcoasd|u2 electrical storm
|choice|move 3|move 3
|
|move|p2a: Alakazam|Seismic Toss|p1a: Alakazam
|-damage|p1a: Alakazam|213\/313 par
|cant|p1a: Alakazam|par
|
|turn|3
|choice|move 2|move 2
|
|cant|p1a: Alakazam|par
|move|p2a: Alakazam|Psychic|p1a: Alakazam
|-resisted|p1a: Alakazam
|-damage|p1a: Alakazam|162\/313 par
|
|turn|4
|choice|switch 2|switch 5
|
|switch|p2a: Snorlax|Snorlax|523\/523
|switch|p1a: Exeggutor|Exeggutor|393\/393
|
|turn|5
|choice|move 2|switch 5
|
|switch|p2a: Alakazam|Alakazam|313\/313 par
|move|p1a: Exeggutor|Double-Edge|p2a: Alakazam
|-damage|p2a: Alakazam|196\/313 par
|-damage|p1a: Exeggutor|364\/393|[from] recoil|[of] p2a: Alakazam
|
|turn|6
|choice|move 2|move 3
|
|move|p1a: Exeggutor|Double-Edge|p2a: Alakazam
|-damage|p2a: Alakazam|70\/313 par
|-damage|p1a: Exeggutor|333\/393|[from] recoil|[of] p2a: Alakazam
|cant|p2a: Alakazam|par
|
|turn|7
|choice|move 2|move 4
|
|move|p1a: Exeggutor|Double-Edge|p2a: Alakazam
|-damage|p2a: Alakazam|0 fnt
|-damage|p1a: Exeggutor|316\/393|[from] recoil|[of] p2a: Alakazam
|faint|p2a: Alakazam
|choice||switch 2
|
|switch|p2a: Lapras|Lapras|463\/463
|turn|8
|choice|switch 3|move 1
|
|switch|p1a: Chansey|Chansey|703\/703
|move|p2a: Lapras|Blizzard|p1a: Chansey
|-damage|p1a: Chansey|565\/703
|
|turn|9
|choice|move 1|move 3
|
|move|p2a: Lapras|Sing|p1a: Chansey
|-status|p1a: Chansey|slp
|cant|p1a: Chansey|slp
|
|turn|10
|c|★marcoasd|ecco
|c|★marcoasd|ecco come succedono le disgrazie
|c|★CRITKING|lol
|c|★marcoasd|ci avevo pure pensato a mandare zam
|c|★marcoasd|ma non mi esaltava prendere lax in faccia
|c|★CRITKING|eh infatti ho esitato un po per quello
|choice|move 1|move 1
|
|move|p2a: Lapras|Blizzard|p1a: Chansey
|-damage|p1a: Chansey|423\/703 slp
|cant|p1a: Chansey|slp
|
|turn|11
|choice|move 3|switch 5
|
|switch|p2a: Snorlax|Snorlax|523\/523
|-curestatus|p1a: Chansey|slp
|
|turn|12
|c|★CRITKING|male
|choice|move 2|move 3
|
|move|p1a: Chansey|Reflect|p1a: Chansey
|-start|p1a: Chansey|Reflect
|move|p2a: Snorlax|Earthquake|p1a: Chansey
|-damage|p1a: Chansey|312\/703
|
|turn|13
|choice|move 1|switch 3
|
|switch|p2a: Exeggutor|Exeggutor|393\/393
|move|p1a: Chansey|Thunder Wave|p2a: Exeggutor
|-status|p2a: Exeggutor|par
|
|turn|14
|choice|move 4|switch 3
|
|switch|p2a: Snorlax|Snorlax|523\/523
|move|p1a: Chansey|Soft-Boiled|p1a: Chansey
|-heal|p1a: Chansey|663\/703
|
|turn|15
|c|★CRITKING|ah
|choice|move 3|switch 3
|
|switch|p2a: Exeggutor|Exeggutor|393\/393 par
|move|p1a: Chansey|Seismic Toss|p2a: Exeggutor
|-damage|p2a: Exeggutor|293\/393 par
|
|turn|16
|choice|move 3|move 3
|
|move|p1a: Chansey|Seismic Toss|p2a: Exeggutor
|-damage|p2a: Exeggutor|193\/393 par
|move|p2a: Exeggutor|Psychic|p1a: Chansey
|-damage|p1a: Chansey|551\/703
|
|turn|17
|choice|switch 2|move 1
|
|switch|p1a: Alakazam|Alakazam|162\/313 par
|move|p2a: Exeggutor|Sleep Powder|p1a: Alakazam|[miss]
|-miss|p2a: Exeggutor
|
|turn|18
|choice|move 2|switch 3
|
|switch|p2a: Snorlax|Snorlax|523\/523
|move|p1a: Alakazam|Psychic|p2a: Snorlax
|-damage|p2a: Snorlax|362\/523
|
|turn|19
|choice|switch 6|move 1
|
|switch|p1a: Snorlax|Snorlax|523\/523
|move|p2a: Snorlax|Body Slam|p1a: Snorlax
|-crit|p1a: Snorlax
|-damage|p1a: Snorlax|264\/523
|
|turn|20
|choice|move 3|move 2
|
|move|p2a: Snorlax|Reflect|p2a: Snorlax
|-start|p2a: Snorlax|Reflect
|move|p1a: Snorlax|Self-Destruct|p2a: Snorlax
|-crit|p2a: Snorlax
|-damage|p2a: Snorlax|0 fnt
|faint|p2a: Snorlax
|faint|p1a: Snorlax
|c|★marcoasd|èh
|c|★CRITKING|eh
|choice|switch 4|switch 5
|
|switch|p1a: Zapdos|Zapdos|383\/383
|switch|p2a: Lapras|Lapras|463\/463
|turn|21
|c|★marcoasd|i crit di lax
|c|★marcoasd|aiaiaiai
|choice|move 3|switch 4
|
|switch|p2a: Chansey|Chansey|703\/703
|move|p1a: Zapdos|Thunder Wave|p2a: Chansey
|-status|p2a: Chansey|par
|
|turn|22
|choice|switch 6|move 2
|
|switch|p1a: Alakazam|Alakazam|162\/313 par
|move|p2a: Chansey|Ice Beam|p1a: Alakazam
|-damage|p1a: Alakazam|103\/313 par
|
|turn|23
|choice|move 4|switch 6
|
|switch|p2a: Tauros|Tauros|353\/353
|move|p1a: Alakazam|Recover|p1a: Alakazam
|-heal|p1a: Alakazam|259\/313 par
|
|turn|24
|choice|switch 3|move 3
|
|switch|p1a: Exeggutor|Exeggutor|316\/393
|move|p2a: Tauros|Hyper Beam|p1a: Exeggutor
|-crit|p1a: Exeggutor
|-damage|p1a: Exeggutor|0 fnt
|faint|p1a: Exeggutor
|c|★marcoasd|rip
|c|★CRITKING|rip
|choice|switch 5|
|
|switch|p1a: Tauros|Tauros|353\/353
|turn|25
|j|FABBRICO FRIGHI
|choice|move 1|switch 4
|
|switch|p2a: Lapras|Lapras|463\/463
|move|p1a: Tauros|Body Slam|p2a: Lapras
|-damage|p2a: Lapras|352\/463
|
|turn|26
|choice|switch 3|move 1
|
|switch|p1a: Alakazam|Alakazam|259\/313 par
|move|p2a: Lapras|Blizzard|p1a: Alakazam|[miss]
|-miss|p2a: Lapras
|
|turn|27
|choice|move 3|switch 3
|
|switch|p2a: Exeggutor|Exeggutor|193\/393 par
|move|p1a: Alakazam|Seismic Toss|p2a: Exeggutor
|-damage|p2a: Exeggutor|93\/393 par
|
|turn|28
|l|FABBRICO FRIGHI
|c|★marcoasd|reads
|choice|move 3|move 4
|
|move|p1a: Alakazam|Seismic Toss|p2a: Exeggutor
|-damage|p2a: Exeggutor|0 fnt
|faint|p2a: Exeggutor
|c|★CRITKING|eh era l'unica finestra
|c|★CRITKING|per scoppiare
|c|★marcoasd|non è detto
|c|★marcoasd|anzi, ne avrebbe avute
|c|★marcoasd|nè dpeck nè hbeam sono guaranteed ko a 50
|choice||switch 4
|
|switch|p2a: Tauros|Tauros|353\/353
|turn|29
|c|★CRITKING|mm
|choice|switch 2|move 1
|
|switch|p1a: Chansey|Chansey|551\/703
|move|p2a: Tauros|Body Slam|p1a: Chansey
|-damage|p1a: Chansey|300\/703
|
|turn|30
|choice|move 1|move 3
|
|move|p2a: Tauros|Hyper Beam|p1a: Chansey
|-damage|p1a: Chansey|0 fnt
|faint|p1a: Chansey
|choice|switch 3|
|
|switch|p1a: Tauros|Tauros|353\/353
|turn|31
|choice|move 1|move 1
|
|move|p1a: Tauros|Body Slam|p2a: Tauros
|-damage|p2a: Tauros|249\/353
|move|p2a: Tauros|Body Slam|p1a: Tauros
|-damage|p1a: Tauros|247\/353
|
|turn|32
|choice|move 1|move 1
|
|move|p2a: Tauros|Body Slam|p1a: Tauros
|-damage|p1a: Tauros|146\/353
|move|p1a: Tauros|Body Slam|p2a: Tauros
|-damage|p2a: Tauros|143\/353
|
|turn|33
|choice|move 1|move 3
|
|move|p1a: Tauros|Body Slam|p2a: Tauros
|-damage|p2a: Tauros|42\/353
|move|p2a: Tauros|Hyper Beam|p1a: Tauros|[miss]
|-miss|p2a: Tauros
|
|turn|34
|c|★CRITKING|ripp
|c|★marcoasd|awwww
|c|★marcoasd|senza futuro ma a cazzo duro
|choice|move 1|move 3
|
|move|p1a: Tauros|Body Slam|p2a: Tauros
|-damage|p2a: Tauros|0 fnt
|faint|p2a: Tauros
|choice||switch 6
|
|switch|p2a: Chansey|Chansey|703\/703 par
|turn|35
|choice|move 2|move 1
|
|move|p1a: Tauros|Earthquake|p2a: Chansey
|-crit|p2a: Chansey
|-damage|p2a: Chansey|320\/703 par
|move|p2a: Chansey|Thunder Wave|p1a: Tauros
|-status|p1a: Tauros|par
|
|turn|36
|choice|move 3|move 4
|
|cant|p1a: Tauros|par
|move|p2a: Chansey|Soft-Boiled|p2a: Chansey
|-heal|p2a: Chansey|671\/703 par
|
|turn|37
|choice|move 1|move 2
|
|move|p1a: Tauros|Body Slam|p2a: Chansey
|-damage|p2a: Chansey|378\/703 par
|move|p2a: Chansey|Ice Beam|p1a: Tauros
|-damage|p1a: Tauros|47\/353 par
|
|turn|38
|choice|move 3|move 2
|
|cant|p1a: Tauros|par
|cant|p2a: Chansey|par
|
|turn|39
|choice|move 3|move 2
|
|move|p1a: Tauros|Hyper Beam|p2a: Chansey
|-damage|p2a: Chansey|0 fnt
|faint|p2a: Chansey
|choice||switch 3
|
|switch|p2a: Lapras|Lapras|352\/463
|turn|40
|choice|move 1|move 2
|
|move|p2a: Lapras|Thunderbolt|p1a: Tauros
|-damage|p1a: Tauros|0 fnt
|faint|p1a: Tauros
|choice|switch 2|
|
|switch|p1a: Alakazam|Alakazam|259\/313 par
|turn|41
|choice|move 2|move 1
|
|move|p2a: Lapras|Blizzard|p1a: Alakazam
|-crit|p1a: Alakazam
|-damage|p1a: Alakazam|48\/313 par
|move|p1a: Alakazam|Psychic|p2a: Lapras
|-damage|p2a: Lapras|210\/463
|-unboost|p2a: Lapras|spd|1
|-unboost|p2a: Lapras|spa|1
|
|turn|42
|c|★marcoasd|k gg
|c|★CRITKING|gg
|choice|move 2|move 2
|
|move|p2a: Lapras|Thunderbolt|p1a: Alakazam
|-damage|p1a: Alakazam|9\/313 par
|move|p1a: Alakazam|Psychic|p2a: Lapras
|-damage|p2a: Lapras|12\/463
|
|turn|43
|c|★CRITKING|pure
|choice|move 2|move 2
|
|move|p2a: Lapras|Thunderbolt|p1a: Alakazam
|-damage|p1a: Alakazam|0 fnt
|faint|p1a: Alakazam
|choice|switch 6|
|
|switch|p1a: Zapdos|Zapdos|383\/383
|turn|44
|choice|move 1|move 1
|
|move|p1a: Zapdos|Thunderbolt|p2a: Lapras
|-supereffective|p2a: Lapras
|-damage|p2a: Lapras|0 fnt
|faint|p2a: Lapras
|
|win|marcoasd
|player|p1
|player|p2
|l|marcoasd