|j|cellphone9
|j|tsab1tch
|player|p1|cellphone9|102
|player|p2|tsab1tch|266
|gametype|singles
|gen|1
|tier|[Gen 1] Random Battle
|rated
|seed|
|rule|Sleep Clause Mod: Limit one foe put to sleep
|rule|Freeze Clause Mod: Limit one foe frozen
|rule|HP Percentage Mod: HP is shown in percentages
|
|start
|switch|p1a: Mewtwo|Mewtwo, L70|100\/100
|switch|p2a: Alakazam|Alakazam, L79|100\/100
|turn|1
|choice||
|
|switch|p1a: Lapras|Lapras, L79|100\/100
|move|p2a: Alakazam|Thunder Wave|p1a: Lapras|[miss]
|-miss|p2a: Alakazam
|
|turn|2
|choice||
|
|move|p2a: Alakazam|Seismic Toss|p1a: Lapras
|-damage|p1a: Lapras|79\/100
|move|p1a: Lapras|Body Slam|p2a: Alakazam
|-damage|p2a: Alakazam|71\/100
|
|turn|3
|choice||
|
|move|p2a: Alakazam|Psychic|p1a: Lapras
|-crit|p1a: Lapras
|-damage|p1a: Lapras|20\/100
|move|p1a: Lapras|Ice Beam|p2a: Alakazam
|-crit|p2a: Alakazam
|-damage|p2a: Alakazam|19\/100
|
|turn|4
|choice||
|
|move|p2a: Alakazam|Psychic|p1a: Lapras
|-crit|p1a: Lapras
|-damage|p1a: Lapras|0 fnt
|faint|p1a: Lapras
|choice||
|
|switch|p1a: Rhyhorn|Rhyhorn, L96|100\/100
|turn|5
|choice||
|
|move|p2a: Alakazam|Psychic|p1a: Rhyhorn
|-crit|p1a: Rhyhorn
|-damage|p1a: Rhyhorn|6\/100
|-unboost|p1a: Rhyhorn|spd|1
|-unboost|p1a: Rhyhorn|spa|1
|move|p1a: Rhyhorn|Body Slam|p2a: Alakazam
|-damage|p2a: Alakazam|0 fnt
|faint|p2a: Alakazam
|choice||
|
|switch|p2a: Cloyster|Cloyster, L83|100\/100
|turn|6
|choice||
|
|move|p2a: Cloyster|Surf|p1a: Rhyhorn
|-supereffective|p1a: Rhyhorn
|-damage|p1a: Rhyhorn|0 fnt
|faint|p1a: Rhyhorn
|choice||
|
|switch|p1a: Mankey|Mankey, L96|100\/100
|turn|7
|choice||
|
|move|p1a: Mankey|Rock Slide|p2a: Cloyster|[miss]
|-miss|p1a: Mankey
|move|p2a: Cloyster|Toxic|p1a: Mankey
|-status|p1a: Mankey|tox
|
|turn|8
|choice||
|
|move|p1a: Mankey|Rock Slide|p2a: Cloyster
|-supereffective|p2a: Cloyster
|-damage|p2a: Cloyster|73\/100
|-damage|p1a: Mankey|94\/100 tox|[from] tox|[of] p2a: Cloyster
|move|p2a: Cloyster|Surf|p1a: Mankey
|-damage|p1a: Mankey|43\/100 tox
|
|turn|9
|choice||
|
|move|p1a: Mankey|Submission|p2a: Cloyster
|-supereffective|p2a: Cloyster
|-damage|p2a: Cloyster|23\/100
|-damage|p1a: Mankey|32\/100 tox|[from] recoil|[of] p2a: Cloyster
|-damage|p1a: Mankey|19\/100 tox|[from] tox|[of] p2a: Cloyster
|move|p2a: Cloyster|Ice Beam|p1a: Mankey
|-crit|p1a: Mankey
|-damage|p1a: Mankey|0 fnt
|faint|p1a: Mankey
|choice||
|
|switch|p1a: Mewtwo|Mewtwo, L70|100\/100
|turn|10
|choice||
|
|move|p1a: Mewtwo|Psychic|p2a: Cloyster
|-damage|p2a: Cloyster|0 fnt
|faint|p2a: Cloyster
|c|★tsab1tch|are you ready for my next pokemon??
|c|★cellphone9|yes
|choice||
|
|switch|p2a: Caterpie|Caterpie, L99|100\/100
|turn|11
|c|★tsab1tch|hell yeah
|c|★cellphone9|string shot
|c|★tsab1tch|and tackle
|choice||
|
|move|p1a: Mewtwo|Psychic|p2a: Caterpie
|-damage|p2a: Caterpie|48\/100
|move|p2a: Caterpie|String Shot|p1a: Mewtwo
|-unboost|p1a: Mewtwo|spe|1
|
|turn|12
|choice||
|
|move|p2a: Caterpie|Tackle|p1a: Mewtwo
|-damage|p1a: Mewtwo|94\/100
|move|p1a: Mewtwo|Psychic|p2a: Caterpie
|-crit|p2a: Caterpie
|-damage|p2a: Caterpie|0 fnt
|faint|p2a: Caterpie
|c|★tsab1tch|look at that damage!!!
|choice||
|
|switch|p2a: Starmie|Starmie, L79|100\/100
|turn|13
|c|★cellphone9|and the speed
|c|★cellphone9|after string shot
|c|★cellphone9|tremendOUS
|c|★tsab1tch|op as fuck
|c|★cellphone9|faster than a mewtwo
|choice||
|
|move|p2a: Starmie|Thunderbolt|p1a: Mewtwo
|-damage|p1a: Mewtwo|76\/100
|move|p1a: Mewtwo|Thunderbolt|p2a: Starmie
|-crit|p2a: Starmie
|-supereffective|p2a: Starmie
|-damage|p2a: Starmie|9\/100
|
|turn|14
|choice||
|
|move|p2a: Starmie|Blizzard|p1a: Mewtwo
|-damage|p1a: Mewtwo|53\/100
|move|p1a: Mewtwo|Psychic|p2a: Starmie
|-resisted|p2a: Starmie
|-damage|p2a: Starmie|0 fnt
|faint|p2a: Starmie
|choice||
|
|switch|p2a: Zapdos|Zapdos, L79|100\/100
|turn|15
|choice||
|
|switch|p1a: Golem|Golem, L79|100\/100
|move|p2a: Zapdos|Drill Peck|p1a: Golem
|-resisted|p1a: Golem
|-damage|p1a: Golem|90\/100
|
|turn|16
|choice||
|
|switch|p2a: Nidorina|Nidorina, L90|100\/100
|move|p1a: Golem|Body Slam|p2a: Nidorina
|-damage|p2a: Nidorina|81\/100
|
|turn|17
|c|★cellphone9|uhh
|c|★cellphone9|die?
|choice||
|
|move|p2a: Nidorina|Body Slam|p1a: Golem
|-resisted|p1a: Golem
|-damage|p1a: Golem|82\/100
|move|p1a: Golem|Earthquake|p2a: Nidorina
|-supereffective|p2a: Nidorina
|-damage|p2a: Nidorina|6\/100
|
|turn|18
|c|★tsab1tch|got nothing
|choice||
|
|move|p2a: Nidorina|Body Slam|p1a: Golem
|-resisted|p1a: Golem
|-damage|p1a: Golem|74\/100
|move|p1a: Golem|Body Slam|p2a: Nidorina
|-damage|p2a: Nidorina|0 fnt
|faint|p2a: Nidorina
|c|★cellphone9|yay
|choice||
|
|switch|p2a: Zapdos|Zapdos, L79|100\/100
|turn|19
|choice||
|
|move|p2a: Zapdos|Drill Peck|p1a: Golem
|-resisted|p1a: Golem
|-damage|p1a: Golem|64\/100
|move|p1a: Golem|Rock Slide|p2a: Zapdos|[miss]
|-miss|p1a: Golem
|
|turn|20
|choice||
|
|move|p2a: Zapdos|Drill Peck|p1a: Golem
|-resisted|p1a: Golem
|-damage|p1a: Golem|53\/100
|move|p1a: Golem|Rock Slide|p2a: Zapdos|[miss]
|-miss|p1a: Golem
|
|turn|21
|c|★tsab1tch|-.-
|choice||
|
|move|p2a: Zapdos|Drill Peck|p1a: Golem
|-resisted|p1a: Golem
|-damage|p1a: Golem|44\/100
|move|p1a: Golem|Rock Slide|p2a: Zapdos
|-supereffective|p2a: Zapdos
|-damage|p2a: Zapdos|49\/100
|
|turn|22
|c|★cellphone9|i have a cloyster
|choice||
|
|switch|p1a: Cloyster|Cloyster, L83|100\/100
|move|p2a: Zapdos|Drill Peck|p1a: Cloyster
|-damage|p1a: Cloyster|82\/100
|
|turn|23
|choice||
|
|move|p2a: Zapdos|Thunderbolt|p1a: Cloyster
|-supereffective|p1a: Cloyster
|-damage|p1a: Cloyster|0 fnt
|faint|p1a: Cloyster
|choice||
|
|switch|p1a: Golem|Golem, L79|44\/100
|turn|24
|c|★cellphone9|gg
|choice||
|
|move|p2a: Zapdos|Drill Peck|p1a: Golem
|-resisted|p1a: Golem
|-damage|p1a: Golem|33\/100
|move|p1a: Golem|Explosion|p2a: Zapdos
|-damage|p2a: Zapdos|0 fnt
|faint|p2a: Zapdos
|faint|p1a: Golem
|
|win|cellphone9
|player|p1
|player|p2
|c|★tsab1tch|gg