|join|Yami Yugi XD
|join|Kel9901
|player|p1|Yami Yugi XD|274
|player|p2|Kel9901|2
|gametype|singles
|gen|1
|tier|[Gen 1] OU (beta)
|rule|Sleep Clause Mod: Limit one foe put to sleep
|rule|Species Clause: Limit one of each Pokemon
|rule|OHKO Clause: OHKO moves are banned
|rule|Moody Clause: Moody is banned
|rule|Evasion Moves Clause: Evasion moves are banned
|rule|Endless Battle Clause: Forcing endless battles is banned.
|rule|HP Percentage Mod: HP is reported as percentages
|
|start
|switch|p1a: Meowth|Meowth|283\/283
|switch|p2a: Gastly|Gastly|263\/263
|turn|1
|chat|Yami Yugi XD|glhf
|chat|Kel9901|gl
|
|switch|p1a: Seel|Seel|333\/333
|move|p2a: Gastly|Hypnosis|p1a: Seel
|-status|p1a: Seel|slp
|
|turn|2
|
|switch|p1a: Abra|Abra|253\/253
|move|p2a: Gastly|Thunderbolt|p1a: Abra
|-damage|p1a: Abra|178\/253
|
|turn|3
|
|switch|p2a: Exeggcute|Exeggcute|323\/323
|move|p1a: Abra|Thunder Wave|p2a: Exeggcute
|-status|p2a: Exeggcute|par
|
|turn|4
|
|switch|p1a: Meowth|Meowth|283\/283
|cant|p2a: Exeggcute|par
|
|turn|5
|
|move|p1a: Meowth|Thunderbolt|p2a: Exeggcute
|-resisted|p2a: Exeggcute
|-damage|p2a: Exeggcute|295\/323 par
|move|p2a: Exeggcute|Stun Spore|p1a: Meowth
|-status|p1a: Meowth|par
|
|turn|6
|
|switch|p2a: Gastly|Gastly|263\/263
|move|p1a: Meowth|Slash|p2a: Gastly
|-immune|p2a: Gastly|[msg]
|
|turn|7
|
|move|p2a: Gastly|Thunderbolt|p1a: Meowth
|-damage|p1a: Meowth|154\/283 par
|move|p1a: Meowth|Thunderbolt|p2a: Gastly
|-damage|p2a: Gastly|217\/263
|
|turn|8
|
|move|p2a: Gastly|Thunderbolt|p1a: Meowth
|-damage|p1a: Meowth|33\/283 par
|cant|p1a: Meowth|par
|
|turn|9
|
|move|p2a: Gastly|Thunderbolt|p1a: Meowth
|-damage|p1a: Meowth|0 fnt
|faint|p1a: Meowth
|
|
|switch|p1a: Gastly|Gastly|263\/263
|turn|10
|chat|Yami Yugi XD|gg
|
|move|p1a: Gastly|Psychic|p2a: Gastly
|-crit|p2a: Gastly
|-supereffective|p2a: Gastly
|-damage|p2a: Gastly|0 fnt
|faint|p2a: Gastly
|
|chat|Kel9901|not over yet
|
|switch|p2a: Diglett|Diglett|223\/223
|turn|11
|chat|Yami Yugi XD|diglett so fast
|chat|Yami Yugi XD|hmmm'
|
|switch|p1a: Seel|Seel|333\/333 slp
|move|p2a: Diglett|Earthquake|p1a: Seel
|-damage|p1a: Seel|224\/333 slp
|
|turn|12
|
|move|p2a: Diglett|Earthquake|p1a: Seel
|-damage|p1a: Seel|108\/333 slp
|cant|p1a: Seel|slp
|
|turn|13
|
|switch|p1a: Bulbasaur|Bulbasaur|293\/293
|move|p2a: Diglett|Earthquake|p1a: Bulbasaur
|-damage|p1a: Bulbasaur|178\/293
|
|turn|14
|
|move|p2a: Diglett|Earthquake|p1a: Bulbasaur
|-damage|p1a: Bulbasaur|42\/293
|move|p1a: Bulbasaur|Razor Leaf|p2a: Diglett
|-crit|p2a: Diglett
|-supereffective|p2a: Diglett
|-damage|p2a: Diglett|0 fnt
|faint|p2a: Diglett
|
|
|switch|p2a: Staryu|Staryu|263\/263
|turn|15
|chat|Yami Yugi XD|dem hacks
|
|move|p2a: Staryu|Blizzard|p1a: Bulbasaur
|-supereffective|p1a: Bulbasaur
|-damage|p1a: Bulbasaur|0 fnt
|faint|p1a: Bulbasaur
|
|
|switch|p1a: Pikachu|Pikachu|273\/273
|turn|16
|chat|Yami Yugi XD|hmmm
|chat|Yami Yugi XD|gotta think
|
|switch|p2a: Rhyhorn|Rhyhorn|363\/363
|move|p1a: Pikachu|Surf|p2a: Rhyhorn
|-supereffective|p2a: Rhyhorn
|-damage|p2a: Rhyhorn|0 fnt
|faint|p2a: Rhyhorn
|
|
|switch|p2a: Exeggcute|Exeggcute|295\/323 par
|turn|17
|chat|Yami Yugi XD|hmmm
|
|switch|p1a: Abra|Abra|178\/253
|move|p2a: Exeggcute|Stun Spore|p1a: Abra|[miss]
|-miss|p2a: Exeggcute
|
|turn|18
|
|move|p1a: Abra|Reflect|p1a: Abra
|move|p2a: Exeggcute|Stun Spore|p1a: Abra
|-status|p1a: Abra|par
|
|turn|19
|
|cant|p1a: Abra|par
|cant|p2a: Exeggcute|par
|
|turn|20
|
|move|p1a: Abra|Double-Edge|p2a: Exeggcute
|-crit|p2a: Exeggcute
|-damage|p2a: Exeggcute|214\/323 par
|-damage|p1a: Abra|158\/253 par|[from] recoil|[of] p2a: Exeggcute
|move|p2a: Exeggcute|Psychic|p1a: Abra
|-resisted|p1a: Abra
|-damage|p1a: Abra|121\/253 par
|
|turn|21
|
|move|p1a: Abra|Psychic|p2a: Exeggcute
|-crit|p2a: Exeggcute
|-resisted|p2a: Exeggcute
|-damage|p2a: Exeggcute|70\/323 par
|-unboost|p2a: Exeggcute|spd|1
|-unboost|p2a: Exeggcute|spa|1
|move|p2a: Exeggcute|Psychic|p1a: Abra
|-resisted|p1a: Abra
|-damage|p1a: Abra|96\/253 par
|
|turn|22
|
|switch|p2a: Staryu|Staryu|263\/263
|move|p1a: Abra|Psychic|p2a: Staryu
|-damage|p2a: Staryu|124\/263
|
|turn|23
|
|move|p2a: Staryu|Hydro Pump|p1a: Abra
|-damage|p1a: Abra|0 fnt
|faint|p1a: Abra
|
|
|switch|p1a: Pikachu|Pikachu|273\/273
|turn|24
|
|switch|p2a: Exeggcute|Exeggcute|70\/323 par
|move|p1a: Pikachu|Thunderbolt|p2a: Exeggcute
|-resisted|p2a: Exeggcute
|-damage|p2a: Exeggcute|16\/323 par
|
|turn|25
|
|move|p1a: Pikachu|Thunderbolt|p2a: Exeggcute
|-crit|p2a: Exeggcute
|-resisted|p2a: Exeggcute
|-damage|p2a: Exeggcute|0 fnt
|faint|p2a: Exeggcute
|
|
|switch|p2a: Dratini|Dratini|285\/285
|turn|26
|chat|Yami Yugi XD|too maby hacks lol
|
|move|p1a: Pikachu|Thunder Wave|p2a: Dratini
|-status|p2a: Dratini|par
|move|p2a: Dratini|Thunder Wave|p1a: Pikachu
|-status|p1a: Pikachu|par
|
|turn|27
|chat|Kel9901|hacks?
|
|switch|p1a: Seel|Seel|108\/333 slp
|move|p2a: Dratini|Agility|p2a: Dratini
|-boost|p2a: Dratini|spe|2
|
|turn|28
|chat|Yami Yugi XD|XD
|chat|Yami Yugi XD|looks like im in trouble
|
|move|p2a: Dratini|Surf|p1a: Seel
|-resisted|p1a: Seel
|-damage|p1a: Seel|75\/333 slp
|cant|p1a: Seel|slp
|-curestatus|p1a: Seel|slp
|
|turn|29
|
|move|p2a: Dratini|Wrap|p1a: Seel
|-crit|p1a: Seel
|-damage|p1a: Seel|49\/333
|-activate|p1a: Seel|move: Wrap|[of] p2a: Dratini
|cant|p1a: Seel|partiallytrapped
|
|turn|30
|
|cant|p2a: Dratini|par
|cant|p1a: Seel|partiallytrapped
|
|-end|p1a: Seel|Wrap|[partiallytrapped]
|turn|31
|
|move|p2a: Dratini|Wrap|p1a: Seel
|-damage|p1a: Seel|23\/333
|-activate|p1a: Seel|move: Wrap|[of] p2a: Dratini
|cant|p1a: Seel|partiallytrapped
|
|turn|32
|
|move|p2a: Dratini|Surf|p1a: Seel
|-resisted|p1a: Seel
|-damage|p1a: Seel|0 fnt
|faint|p1a: Seel
|
|
|switch|p1a: Gastly|Gastly|263\/263
|turn|33
|
|move|p2a: Dratini|Thunder Wave|p1a: Gastly
|-status|p1a: Gastly|par
|move|p1a: Gastly|Psychic|p2a: Dratini
|-damage|p2a: Dratini|179\/285 par
|
|turn|34
|
|move|p2a: Dratini|Wrap|p1a: Gastly
|-damage|p1a: Gastly|263\/263 par
|-activate|p1a: Gastly|move: Wrap|[of] p2a: Dratini
|cant|p1a: Gastly|partiallytrapped
|
|turn|35
|
|switch|p2a: Staryu|Staryu|124\/263
|cant|p1a: Gastly|par
|
|-end|p1a: Gastly|Wrap|[partiallytrapped]
|turn|36
|
|switch|p1a: Pikachu|Pikachu|273\/273 par
|move|p2a: Staryu|Hydro Pump|p1a: Pikachu
|-damage|p1a: Pikachu|108\/273 par
|
|turn|37
|
|move|p2a: Staryu|Hydro Pump|p1a: Pikachu|[miss]
|-miss|p2a: Staryu
|move|p1a: Pikachu|Thunderbolt|p2a: Staryu
|-supereffective|p2a: Staryu
|-damage|p2a: Staryu|0 fnt
|faint|p2a: Staryu
|
|
|switch|p2a: Dratini|Dratini|179\/285 par
|turn|38
|
|move|p1a: Pikachu|Thunderbolt|p2a: Dratini
|-crit|p2a: Dratini
|-resisted|p2a: Dratini
|-damage|p2a: Dratini|74\/285 par
|move|p2a: Dratini|Agility|p2a: Dratini
|-boost|p2a: Dratini|spe|2
|
|turn|39
|
|cant|p2a: Dratini|par
|move|p1a: Pikachu|Thunderbolt|p2a: Dratini
|-crit|p2a: Dratini
|-resisted|p2a: Dratini
|-damage|p2a: Dratini|0 fnt
|faint|p2a: Dratini
|
|win|Yami Yugi XD
|chat|Yami Yugi XD|gg
|chat|Yami Yugi XD|one more