|join|datnoobtrainer
|join|librarynoob
|player|p1|datnoobtrainer|53
|player|p2|librarynoob|102
|gametype|singles
|gen|1
|tier|[Gen 1] Random Battle
|rated
|rule|Sleep Clause Mod: Limit one foe put to sleep
|rule|Freeze Clause Mod: Limit one foe frozen
|rule|HP Percentage Mod: HP is shown in percentages
|
|start
|switch|p1a: Geodude|Geodude, L96|272\/272
|switch|p2a: Articuno|Articuno, L85|327\/327
|turn|1
|
|switch|p1a: Magmar|Magmar, L85|284\/284
|move|p2a: Articuno|Ice Beam|p1a: Magmar
|-crit|p1a: Magmar
|-damage|p1a: Magmar|61\/284
|
|turn|2
|
|move|p1a: Magmar|Confuse Ray|p2a: Articuno
|-start|p2a: Articuno|confusion
|-activate|p2a: Articuno|confusion
|-damage|p2a: Articuno|300\/327|[from] confusion
|
|turn|3
|
|move|p1a: Magmar|Mimic|p2a: Articuno
|-start|p1a: Magmar|Mimic|Reflect
|-activate|p2a: Articuno|confusion
|-damage|p2a: Articuno|273\/327|[from] confusion
|
|turn|4
|
|move|p1a: Magmar|Hyper Beam|p2a: Articuno
|-damage|p2a: Articuno|177\/327
|-activate|p2a: Articuno|confusion
|-damage|p2a: Articuno|150\/327|[from] confusion
|
|turn|5
|
|cant|p1a: Magmar|recharge
|-end|p2a: Articuno|confusion
|move|p2a: Articuno|Ice Beam|p1a: Magmar
|-damage|p1a: Magmar|0 fnt
|faint|p1a: Magmar
|
|switch|p1a: Electabuzz|Electabuzz, L85|284\/284
|turn|6
|
|switch|p2a: Electabuzz|Electabuzz, L85|284\/284
|move|p1a: Electabuzz|Thunderbolt|p2a: Electabuzz
|-resisted|p2a: Electabuzz
|-damage|p2a: Electabuzz|239\/284
|
|turn|7
|
|switch|p1a: Geodude|Geodude, L96|272\/272
|move|p2a: Electabuzz|Thunder Wave|p1a: Geodude
|-immune|p1a: Geodude|[msg]
|
|turn|8
|
|switch|p2a: Cloyster|Cloyster, L83|253\/253
|move|p1a: Geodude|Body Slam|p2a: Cloyster
|-damage|p2a: Cloyster|214\/253
|
|turn|9
|
|switch|p1a: Blastoise|Blastoise, L85|308\/308
|move|p2a: Cloyster|Blizzard|p1a: Blastoise
|-resisted|p1a: Blastoise
|-damage|p1a: Blastoise|252\/308
|
|turn|10
|
|move|p1a: Blastoise|Earthquake|p2a: Cloyster
|-damage|p2a: Cloyster|172\/253
|move|p2a: Cloyster|Toxic|p1a: Blastoise
|-status|p1a: Blastoise|tox
|
|turn|11
|
|move|p1a: Blastoise|Earthquake|p2a: Cloyster
|-damage|p2a: Cloyster|133\/253
|-damage|p1a: Blastoise|233\/308 tox|[from] tox|[of] p2a: Cloyster
|move|p2a: Cloyster|Surf|p1a: Blastoise
|-resisted|p1a: Blastoise
|-damage|p1a: Blastoise|183\/308 tox
|
|turn|12
|
|switch|p2a: Vileplume|Vileplume, L85|301\/301
|move|p1a: Blastoise|Earthquake|p2a: Vileplume
|-damage|p2a: Vileplume|233\/301
|-damage|p1a: Blastoise|145\/308 tox|[from] tox|[of] p2a: Vileplume
|
|turn|13
|
|switch|p1a: Electabuzz|Electabuzz, L85|284\/284
|move|p2a: Vileplume|Mega Drain|p1a: Electabuzz
|-damage|p1a: Electabuzz|241\/284
|-heal|p2a: Vileplume|254\/301|[from] drain|[of] p1a: Electabuzz
|
|turn|14
|
|move|p1a: Electabuzz|Thunder Wave|p2a: Vileplume
|-status|p2a: Vileplume|par
|move|p2a: Vileplume|Sleep Powder|p1a: Electabuzz|[miss]
|-miss|p2a: Vileplume
|
|turn|15
|
|move|p1a: Electabuzz|Psychic|p2a: Vileplume
|-supereffective|p2a: Vileplume
|-damage|p2a: Vileplume|138\/301 par
|move|p2a: Vileplume|Sleep Powder|p1a: Electabuzz
|-status|p1a: Electabuzz|slp
|
|turn|16
|
|cant|p1a: Electabuzz|slp
|-curestatus|p1a: Electabuzz|slp
|move|p2a: Vileplume|Swords Dance|p2a: Vileplume
|-boost|p2a: Vileplume|atk|2
|
|turn|17
|
|switch|p2a: Alakazam|Alakazam, L79|249\/249
|move|p1a: Electabuzz|Psychic|p2a: Alakazam
|-resisted|p2a: Alakazam
|-damage|p2a: Alakazam|227\/249
|
|turn|18
|
|move|p2a: Alakazam|Thunder Wave|p1a: Electabuzz
|-status|p1a: Electabuzz|par
|move|p1a: Electabuzz|Thunder Wave|p2a: Alakazam
|-status|p2a: Alakazam|par
|
|turn|19
|
|move|p2a: Alakazam|Seismic Toss|p1a: Electabuzz
|-damage|p1a: Electabuzz|162\/284 par
|move|p1a: Electabuzz|Seismic Toss|p2a: Alakazam
|-damage|p2a: Alakazam|142\/249 par
|
|turn|20
|
|move|p2a: Alakazam|Seismic Toss|p1a: Electabuzz
|-damage|p1a: Electabuzz|83\/284 par
|move|p1a: Electabuzz|Seismic Toss|p2a: Alakazam
|-damage|p2a: Alakazam|57\/249 par
|
|turn|21
|
|move|p2a: Alakazam|Recover|p2a: Alakazam
|-heal|p2a: Alakazam|181\/249 par
|move|p1a: Electabuzz|Seismic Toss|p2a: Alakazam
|-damage|p2a: Alakazam|96\/249 par
|
|turn|22
|
|cant|p2a: Alakazam|par
|cant|p1a: Electabuzz|par
|
|turn|23
|
|move|p2a: Alakazam|Recover|p2a: Alakazam
|-heal|p2a: Alakazam|220\/249 par
|move|p1a: Electabuzz|Seismic Toss|p2a: Alakazam
|-damage|p2a: Alakazam|135\/249 par
|
|turn|24
|
|cant|p2a: Alakazam|par
|move|p1a: Electabuzz|Seismic Toss|p2a: Alakazam
|-damage|p2a: Alakazam|50\/249 par
|
|turn|25
|
|move|p2a: Alakazam|Recover|p2a: Alakazam
|-heal|p2a: Alakazam|174\/249 par
|move|p1a: Electabuzz|Seismic Toss|p2a: Alakazam
|-damage|p2a: Alakazam|89\/249 par
|
|turn|26
|
|move|p2a: Alakazam|Reflect|p2a: Alakazam
|cant|p1a: Electabuzz|par
|
|turn|27
|
|cant|p2a: Alakazam|par
|move|p1a: Electabuzz|Seismic Toss|p2a: Alakazam
|-damage|p2a: Alakazam|4\/249 par
|
|turn|28
|
|cant|p2a: Alakazam|par
|move|p1a: Electabuzz|Seismic Toss|p2a: Alakazam
|-damage|p2a: Alakazam|0 fnt
|faint|p2a: Alakazam
|c|★librarynoob|how many paralysis
|c|★librarynoob|so lucky
|c|★datnoobtrainer|i know right
|
|switch|p2a: Electabuzz|Electabuzz, L85|239\/284
|turn|29
|c|★librarynoob|i was being a bitch though
|c|★librarynoob|haha
|c|★datnoobtrainer|recover too op in gen 1 haha
|
|move|p2a: Electabuzz|Psychic|p1a: Electabuzz
|-damage|p1a: Electabuzz|19\/284 par
|-unboost|p1a: Electabuzz|spd|1
|-unboost|p1a: Electabuzz|spa|1
|move|p1a: Electabuzz|Thunder Wave|p2a: Electabuzz
|-status|p2a: Electabuzz|par
|
|turn|30
|c|★librarynoob|that and soft boiled haha
|
|cant|p2a: Electabuzz|par
|move|p1a: Electabuzz|Seismic Toss|p2a: Electabuzz
|-damage|p2a: Electabuzz|154\/284 par
|
|turn|31
|c|★librarynoob|jesus christ
|
|cant|p1a: Electabuzz|par
|cant|p2a: Electabuzz|par
|
|turn|32
|c|★datnoobtrainer|hope your last poke isn't a chansey lol
|c|★librarynoob|give me a break
|c|★datnoobtrainer|damn, paralysis too stupid
|c|★librarynoob|8\/9 times now
|
|move|p1a: Electabuzz|Seismic Toss|p2a: Electabuzz
|-damage|p2a: Electabuzz|69\/284 par
|cant|p2a: Electabuzz|par
|
|turn|33
|c|★librarynoob|fml
|c|★datnoobtrainer|talking about bad luck, i got frozen in the first ice beam I took
|c|★datnoobtrainer|this week
|
|switch|p2a: Paras|Paras, L96|262\/262
|move|p1a: Electabuzz|Seismic Toss|p2a: Paras
|-damage|p2a: Paras|177\/262
|
|turn|34
|c|★librarynoob|happens too often
|c|★librarynoob|come on paras! hahaha
|
|move|p2a: Paras|Body Slam|p1a: Electabuzz
|-damage|p1a: Electabuzz|0 fnt
|faint|p1a: Electabuzz
|c|★datnoobtrainer|it seems that confuse ray is fucked up too lol
|c|★librarynoob|very
|
|switch|p1a: Muk|Muk, L85|352\/352
|turn|35
|c|★librarynoob|you either get all the luck or none
|c|★datnoobtrainer|yeah
|
|move|p1a: Muk|Sludge|p2a: Paras
|-supereffective|p2a: Paras
|-damage|p2a: Paras|0 fnt
|faint|p2a: Paras
|
|switch|p2a: Cloyster|Cloyster, L83|133\/253
|turn|36
|
|move|p2a: Cloyster|Blizzard|p1a: Muk
|-damage|p1a: Muk|214\/352
|move|p1a: Muk|Mega Drain|p2a: Cloyster
|-supereffective|p2a: Cloyster
|-damage|p2a: Cloyster|81\/253
|-heal|p1a: Muk|240\/352|[from] drain|[of] p2a: Cloyster
|
|turn|37
|
|move|p2a: Cloyster|Blizzard|p1a: Muk
|-damage|p1a: Muk|100\/352
|move|p1a: Muk|Sludge|p2a: Cloyster
|-crit|p2a: Cloyster
|-damage|p2a: Cloyster|0 fnt
|faint|p2a: Cloyster
|c|★datnoobtrainer|damn, that was luck
|
|switch|p2a: Articuno|Articuno, L85|150\/327
|turn|38
|c|★librarynoob|i  knew it was going to crit haha
|c|★librarynoob|youll have 1 hp left now watch
|c|★datnoobtrainer|haha
|
|move|p2a: Articuno|Ice Beam|p1a: Muk
|-damage|p1a: Muk|0 fnt
|faint|p1a: Muk
|c|★librarynoob|haha
|c|★datnoobtrainer|fuck, if muk survived, I selected explosion
|c|★librarynoob|haha lethal
|c|★librarynoob|if in doubt
|c|★librarynoob|explode
|
|switch|p1a: Raichu|Raichu, L85|276\/276
|turn|39
|c|★datnoobtrainer|hell yeah
|c|★librarynoob|im gone i think
|
|move|p1a: Raichu|Hyper Beam|p2a: Articuno
|-crit|p2a: Articuno
|-damage|p2a: Articuno|0 fnt
|faint|p2a: Articuno
|
|switch|p2a: Vileplume|Vileplume, L85|138\/301 par
|turn|40
|
|move|p1a: Raichu|Hyper Beam|p2a: Vileplume
|-damage|p2a: Vileplume|40\/301 par
|move|p2a: Vileplume|Sleep Powder|p1a: Raichu
|-status|p1a: Raichu|slp
|
|turn|41
|c|★librarynoob|i bet you dont miss
|c|★librarynoob|i survived?!
|c|★datnoobtrainer|haha
|c|★datnoobtrainer|i don't know how
|c|★datnoobtrainer|I forgot that grass pokemon have high special
|c|★librarynoob|thought i was a goner
|c|★librarynoob|me too haha
|
|cant|p1a: Raichu|slp
|move|p2a: Vileplume|Swords Dance|p2a: Vileplume
|-boost|p2a: Vileplume|atk|2
|
|turn|42
|
|cant|p1a: Raichu|slp
|move|p2a: Vileplume|Body Slam|p1a: Raichu
|-damage|p1a: Raichu|121\/276 slp
|
|turn|43
|c|★datnoobtrainer|if I lose raichu, i'm pretty done lol
|
|cant|p1a: Raichu|slp
|-curestatus|p1a: Raichu|slp
|move|p2a: Vileplume|Body Slam|p1a: Raichu
|-damage|p1a: Raichu|0 fnt
|faint|p1a: Raichu
|c|★librarynoob|ive got two low health, paralysed poke on
|c|★librarynoob|pokemon
|c|★datnoobtrainer|Vileplume can wreck Blastoise and Geodude if I get bad luck haha
|c|★librarynoob|if
|c|★librarynoob|haha
|
|switch|p1a: Blastoise|Blastoise, L85|145\/308 tox
|-status|p1a: Blastoise|psn
|turn|44
|c|★datnoobtrainer|since we both have bad luck... lol
|
|move|p1a: Blastoise|Earthquake|p2a: Vileplume
|-damage|p2a: Vileplume|0 fnt
|faint|p2a: Vileplume
|c|★librarynoob|im gone haha
|
|switch|p2a: Electabuzz|Electabuzz, L85|69\/284 par
|turn|45
|c|★librarynoob|one more eq and its over
|
|move|p1a: Blastoise|Earthquake|p2a: Electabuzz
|-supereffective|p2a: Electabuzz
|-damage|p2a: Electabuzz|0 fnt
|faint|p2a: Electabuzz
|
|win|datnoobtrainer
|raw|Ladder updating...
|c|★librarynoob|gg
|raw|datnoobtrainer's rating: 1000 &rarr; <strong>1058<\/strong><br \/>(+58 for winning)
|raw|librarynoob's rating: 1163 &rarr; <strong>1127<\/strong><br \/>(-36 for losing)
|c|★datnoobtrainer|good game, man
|c|★librarynoob|yeah good game dude