|j|poopyblanket
|j|business is cool
|player|p1|poopyblanket|214
|player|p2|business is cool|82
|gametype|singles
|gen|1
|tier|[Gen 1] OU
|rated
|seed|52563,7226,13673,45282
|rule|Sleep Clause Mod: Limit one foe put to sleep
|rule|Freeze Clause Mod: Limit one foe frozen
|rule|Species Clause: Limit one of each Pokémon
|rule|OHKO Clause: OHKO moves are banned
|rule|Evasion Moves Clause: Evasion moves are banned
|rule|HP Percentage Mod: HP is shown in percentages
|
|start
|switch|p1a: Moltres|Moltres|383\/383
|switch|p2a: Jynx|Jynx|333\/333
|turn|1
|choice|move 3|switch 4
|
|switch|p2a: Rhydon|Rhydon|413\/413
|move|p1a: Moltres|Substitute|p1a: Moltres
|-start|p1a: Moltres|Substitute
|-damage|p1a: Moltres|288\/383
|
|turn|2
|choice|move 2|move 3
|
|move|p1a: Moltres|Fire Spin|p2a: Rhydon
|-resisted|p2a: Rhydon
|-damage|p2a: Rhydon|397\/413
|-activate|p2a: Rhydon|move: Fire Spin|[of] p1a: Moltres
|cant|p2a: Rhydon|partiallytrapped
|
|turn|3
|choice|move 2|move 3
|
|move|p1a: Moltres|Fire Spin|p2a: Rhydon|[from]Fire Spin
|-damage|p2a: Rhydon|381\/413
|cant|p2a: Rhydon|partiallytrapped
|
|turn|4
|choice|move 2|switch 3
|
|switch|p2a: Alakazam|Alakazam|313\/313
|move|p1a: Moltres|Fire Spin|p2a: Alakazam
|-damage|p2a: Alakazam|296\/313
|-activate|p2a: Alakazam|move: Fire Spin|[of] p1a: Moltres
|
|turn|5
|choice|move 2|move 1
|
|cant|p2a: Alakazam|partiallytrapped
|move|p1a: Moltres|Fire Spin|p2a: Alakazam|[from]Fire Spin
|-damage|p2a: Alakazam|279\/313
|
|turn|6
|choice|move 2|move 1
|
|cant|p2a: Alakazam|partiallytrapped
|move|p1a: Moltres|Fire Spin|p2a: Alakazam|[from]Fire Spin
|-damage|p2a: Alakazam|262\/313
|
|-end|p2a: Alakazam|Fire Spin|[partiallytrapped]
|turn|7
|choice|move 4|move 1
|
|move|p2a: Alakazam|Psychic|p1a: Moltres
|-end|p1a: Moltres|Substitute
|move|p1a: Moltres|Agility|p1a: Moltres
|-boost|p1a: Moltres|spe|2
|
|turn|8
|choice|move 2|move 3
|
|move|p1a: Moltres|Fire Spin|p2a: Alakazam
|-damage|p2a: Alakazam|244\/313
|-activate|p2a: Alakazam|move: Fire Spin|[of] p1a: Moltres
|cant|p2a: Alakazam|partiallytrapped
|
|turn|9
|choice|move 2|switch 3
|
|switch|p2a: Rhydon|Rhydon|381\/413
|move|p1a: Moltres|Fire Spin|p2a: Rhydon|[miss]
|-miss|p1a: Moltres
|
|turn|10
|choice|switch 3|move 3
|
|switch|p1a: Exeggutor|Exeggutor|393\/393
|move|p2a: Rhydon|Rock Slide|p1a: Exeggutor
|-damage|p1a: Exeggutor|283\/393
|
|turn|11
|choice|move 3|switch 4
|
|switch|p2a: Jynx|Jynx|333\/333
|move|p1a: Exeggutor|Sleep Powder|p2a: Jynx
|-status|p2a: Jynx|slp
|
|turn|12
|choice|move 1|switch 6
|
|switch|p2a: Exeggutor|Exeggutor|393\/393
|move|p1a: Exeggutor|Psychic|p2a: Exeggutor
|-resisted|p2a: Exeggutor
|-damage|p2a: Exeggutor|337\/393
|
|turn|13
|choice|move 2|move 2
|
|move|p2a: Exeggutor|Sleep Powder|p1a: Exeggutor
|-status|p1a: Exeggutor|slp
|cant|p1a: Exeggutor|slp
|
|turn|14
|choice|switch 3|move 1
|
|switch|p1a: Moltres|Moltres|288\/383
|move|p2a: Exeggutor|Double-Edge|p1a: Moltres
|-damage|p1a: Moltres|201\/383
|-damage|p2a: Exeggutor|316\/393|[from] recoil|[of] p1a: Moltres
|
|turn|15
|choice|move 2|switch 5
|
|switch|p2a: Lapras|Lapras|463\/463
|move|p1a: Moltres|Fire Spin|p2a: Lapras
|-damage|p2a: Lapras|439\/463
|-activate|p2a: Lapras|move: Fire Spin|[of] p1a: Moltres
|
|turn|16
|choice|move 2|switch 3
|
|switch|p2a: Alakazam|Alakazam|244\/313
|move|p1a: Moltres|Fire Spin|p2a: Alakazam
|-crit|p2a: Alakazam
|-damage|p2a: Alakazam|208\/313
|-activate|p2a: Alakazam|move: Fire Spin|[of] p1a: Moltres
|
|turn|17
|choice|move 2|move 3
|
|cant|p2a: Alakazam|partiallytrapped
|move|p1a: Moltres|Fire Spin|p2a: Alakazam|[from]Fire Spin
|-damage|p2a: Alakazam|172\/313
|
|-end|p2a: Alakazam|Fire Spin|[partiallytrapped]
|turn|18
|choice|move 1|move 3
|
|move|p2a: Alakazam|Thunder Wave|p1a: Moltres
|-status|p1a: Moltres|par
|move|p1a: Moltres|Fire Blast|p2a: Alakazam
|-damage|p2a: Alakazam|47\/313
|
|turn|19
|choice|move 4|move 2
|
|move|p2a: Alakazam|Recover|p2a: Alakazam
|-heal|p2a: Alakazam|203\/313
|move|p1a: Moltres|Agility|p1a: Moltres
|-boost|p1a: Moltres|spe|2
|
|turn|20
|j|Diegolh
|choice|move 2|switch 4
|
|switch|p2a: Rhydon|Rhydon|381\/413
|move|p1a: Moltres|Fire Spin|p2a: Rhydon
|-resisted|p2a: Rhydon
|-damage|p2a: Rhydon|364\/413
|-activate|p2a: Rhydon|move: Fire Spin|[of] p1a: Moltres
|
|turn|21
|choice|move 2|switch 3
|
|switch|p2a: Lapras|Lapras|439\/463
|move|p1a: Moltres|Fire Spin|p2a: Lapras
|-damage|p2a: Lapras|415\/463
|-activate|p2a: Lapras|move: Fire Spin|[of] p1a: Moltres
|
|turn|22
|choice|move 2|move 1
|
|move|p1a: Moltres|Fire Spin|p2a: Lapras|[from]Fire Spin
|-damage|p2a: Lapras|391\/463
|cant|p2a: Lapras|partiallytrapped
|
|turn|23
|choice|move 2|move 1
|
|move|p1a: Moltres|Fire Spin|p2a: Lapras|[from]Fire Spin
|-damage|p2a: Lapras|367\/463
|cant|p2a: Lapras|partiallytrapped
|
|-end|p2a: Lapras|Fire Spin|[partiallytrapped]
|turn|24
|choice|move 2|move 1
|
|move|p1a: Moltres|Fire Spin|p2a: Lapras|[miss]
|-miss|p1a: Moltres
|move|p2a: Lapras|Blizzard|p1a: Moltres
|-supereffective|p1a: Moltres
|-damage|p1a: Moltres|0 fnt
|faint|p1a: Moltres
|j|cokenomore
|choice|switch 2|
|
|switch|p1a: Zapdos|Zapdos|383\/383
|turn|25
|choice|switch 6|switch 3
|
|switch|p1a: Lapras|Lapras|463\/463
|switch|p2a: Rhydon|Rhydon|364\/413
|
|turn|26
|choice|move 1|switch 2
|
|switch|p2a: Chansey|Chansey|703\/703
|move|p1a: Lapras|Ice Beam|p2a: Chansey
|-damage|p2a: Chansey|602\/703
|
|turn|27
|choice|switch 3|move 1
|
|switch|p1a: Exeggutor|Exeggutor|283\/393 slp
|move|p2a: Chansey|Ice Beam|p1a: Exeggutor
|-supereffective|p1a: Exeggutor
|-damage|p1a: Exeggutor|160\/393 slp
|
|turn|28
|choice|switch 3|move 1
|
|switch|p1a: Lapras|Lapras|463\/463
|move|p2a: Chansey|Ice Beam|p1a: Lapras
|-resisted|p1a: Lapras
|-damage|p1a: Lapras|445\/463
|
|turn|29
|choice|move 1|move 1
|
|move|p1a: Lapras|Ice Beam|p2a: Chansey
|-damage|p2a: Chansey|496\/703
|move|p2a: Chansey|Ice Beam|p1a: Lapras
|-resisted|p1a: Lapras
|-damage|p1a: Lapras|426\/463
|
|turn|30
|choice|move 1|move 3
|
|move|p1a: Lapras|Ice Beam|p2a: Chansey
|-damage|p2a: Chansey|390\/703
|move|p2a: Chansey|Thunderbolt|p1a: Lapras
|-supereffective|p1a: Lapras
|-damage|p1a: Lapras|260\/463
|
|turn|31
|choice|move 1|move 3
|
|move|p1a: Lapras|Ice Beam|p2a: Chansey
|-damage|p2a: Chansey|281\/703
|move|p2a: Chansey|Thunderbolt|p1a: Lapras
|-supereffective|p1a: Lapras
|-damage|p1a: Lapras|92\/463
|
|turn|32
|choice|move 4|move 4
|
|move|p1a: Lapras|Rest|p1a: Lapras
|-status|p1a: Lapras|slp
|-heal|p1a: Lapras|463\/463 slp|[silent]
|-status|p1a: Lapras|slp|[from] move: Rest
|move|p2a: Chansey|Soft-Boiled|p2a: Chansey
|-heal|p2a: Chansey|632\/703
|
|turn|33
|l|cokenomore
|choice|switch 3|move 3
|
|switch|p1a: Exeggutor|Exeggutor|160\/393 slp
|move|p2a: Chansey|Thunderbolt|p1a: Exeggutor
|-resisted|p1a: Exeggutor
|-damage|p1a: Exeggutor|128\/393 slp
|
|turn|34
|choice|move 3|move 1
|
|cant|p1a: Exeggutor|slp
|move|p2a: Chansey|Ice Beam|p1a: Exeggutor
|-supereffective|p1a: Exeggutor
|-damage|p1a: Exeggutor|0 fnt
|faint|p1a: Exeggutor
|choice|switch 5|
|
|switch|p1a: Golem|Golem|363\/363
|turn|35
|choice|move 4|switch 5
|
|switch|p2a: Exeggutor|Exeggutor|316\/393
|move|p1a: Golem|Explosion|p2a: Exeggutor
|-damage|p2a: Exeggutor|0 fnt
|faint|p2a: Exeggutor
|faint|p1a: Golem
|choice|switch 6|switch 5
|
|switch|p1a: Zapdos|Zapdos|383\/383
|switch|p2a: Chansey|Chansey|632\/703
|turn|36
|choice|move 1|switch 2
|
|switch|p2a: Rhydon|Rhydon|364\/413
|move|p1a: Zapdos|Drill Peck|p2a: Rhydon
|-resisted|p2a: Rhydon
|-damage|p2a: Rhydon|323\/413
|
|turn|37
|choice|switch 4|move 4
|
|switch|p1a: Alakazam|Alakazam|313\/313
|move|p2a: Rhydon|Substitute|p2a: Rhydon
|-start|p2a: Rhydon|Substitute
|-damage|p2a: Rhydon|220\/413
|
|turn|38
|choice|move 1|move 2
|
|move|p1a: Alakazam|Psychic|p2a: Rhydon
|-end|p2a: Rhydon|Substitute
|move|p2a: Rhydon|Earthquake|p1a: Alakazam
|-damage|p1a: Alakazam|89\/313
|
|turn|39
|choice|move 1|switch 4
|
|switch|p2a: Alakazam|Alakazam|203\/313
|move|p1a: Alakazam|Psychic|p2a: Alakazam
|-resisted|p2a: Alakazam
|-damage|p2a: Alakazam|149\/313
|-unboost|p2a: Alakazam|spd|1
|-unboost|p2a: Alakazam|spa|1
|
|turn|40
|choice|move 1|move 3
|
|move|p2a: Alakazam|Thunder Wave|p1a: Alakazam
|-status|p1a: Alakazam|par
|move|p1a: Alakazam|Psychic|p2a: Alakazam
|-resisted|p2a: Alakazam
|-damage|p2a: Alakazam|69\/313
|-unboost|p2a: Alakazam|spd|1
|-unboost|p2a: Alakazam|spa|1
|
|turn|41
|choice|move 3|move 4
|
|move|p2a: Alakazam|Seismic Toss|p1a: Alakazam
|-damage|p1a: Alakazam|0 fnt
|faint|p1a: Alakazam
|choice|switch 4|
|
|switch|p1a: Zapdos|Zapdos|383\/383
|turn|42
|choice|switch 3|switch 4
|
|switch|p2a: Rhydon|Rhydon|220\/413
|switch|p1a: Lapras|Lapras|463\/463 slp
|
|turn|43
|choice|move 1|move 3
|
|cant|p1a: Lapras|slp
|move|p2a: Rhydon|Rock Slide|p1a: Lapras
|-supereffective|p1a: Lapras
|-damage|p1a: Lapras|209\/463 slp
|
|turn|44
|choice|move 3|move 3
|
|-curestatus|p1a: Lapras|slp
|move|p2a: Rhydon|Rock Slide|p1a: Lapras
|-supereffective|p1a: Lapras
|-damage|p1a: Lapras|0 fnt
|faint|p1a: Lapras
|choice|switch 3|
|
|switch|p1a: Zapdos|Zapdos|383\/383
|turn|45
|choice|move 4|move 3
|
|move|p1a: Zapdos|Agility|p1a: Zapdos
|-boost|p1a: Zapdos|spe|2
|move|p2a: Rhydon|Rock Slide|p1a: Zapdos|[miss]
|-miss|p2a: Rhydon
|
|turn|46
|choice|move 1|move 3
|
|move|p1a: Zapdos|Drill Peck|p2a: Rhydon
|-resisted|p2a: Rhydon
|-damage|p2a: Rhydon|182\/413
|move|p2a: Rhydon|Rock Slide|p1a: Zapdos
|-supereffective|p1a: Zapdos
|-damage|p1a: Zapdos|138\/383
|
|turn|47
|choice|move 1|move 3
|
|move|p1a: Zapdos|Drill Peck|p2a: Rhydon
|-resisted|p2a: Rhydon
|-damage|p2a: Rhydon|147\/413
|move|p2a: Rhydon|Rock Slide|p1a: Zapdos
|-crit|p1a: Zapdos
|-supereffective|p1a: Zapdos
|-damage|p1a: Zapdos|0 fnt
|faint|p1a: Zapdos
|
|win|business is cool
|player|p1
|player|p2
|raw|poopyblanket's rating: 1107 &rarr; <strong>1078<\/strong><br \/>(-29 for losing)
|raw|business is cool's rating: 1052 &rarr; <strong>1089<\/strong><br \/>(+37 for winning)
|c|★business is cool|gg
|c|★poopyblanket|gg
|l|poopyblanket