|join|kid gf lol
|join|Mantishuffle
|player|p1|kid gf lol|168
|player|p2|Mantishuffle|252
|gametype|singles
|gen|1
|tier|[Gen 1] OU (beta)
|rated
|rule|Sleep Clause Mod: Limit one foe put to sleep
|rule|Species Clause: Limit one of each Pokemon
|rule|OHKO Clause: OHKO moves are banned
|rule|Moody Clause: Moody is banned
|rule|Evasion Moves Clause: Evasion moves are banned
|rule|Endless Battle Clause: Forcing endless battles is banned.
|rule|HP Percentage Mod: HP is reported as percentages
|
|start
|switch|p1a: Zam Lead|Alakazam|313\/313
|switch|p2a: Starmie|Starmie|323\/323
|turn|1
|join|Brett Keane
|
|switch|p1a: Breakfast Pouch|Chansey|703\/703
|switch|p2a: Chansey|Chansey|703\/703
|
|turn|2
|
|switch|p2a: Snorlax|Snorlax|523\/523
|switch|p1a: Mr Mime|Jynx|333\/333
|
|turn|3
|
|switch|p2a: Starmie|Starmie|323\/323
|move|p1a: Mr Mime|Lovely Kiss|p2a: Starmie
|-status|p2a: Starmie|slp
|
|turn|4
|
|switch|p2a: Chansey|Chansey|703\/703
|move|p1a: Mr Mime|Reflect|p1a: Mr Mime
|
|turn|5
|
|move|p1a: Mr Mime|Blizzard|p2a: Chansey
|-crit|p2a: Chansey
|-damage|p2a: Chansey|421\/703
|move|p2a: Chansey|Thunder Wave|p1a: Mr Mime
|-status|p1a: Mr Mime|par
|
|turn|6
|
|move|p2a: Chansey|Soft-Boiled|p2a: Chansey
|-heal|p2a: Chansey|703\/703
|move|p1a: Mr Mime|Blizzard|p2a: Chansey
|-damage|p2a: Chansey|578\/703
|
|turn|7
|
|switch|p2a: Snorlax|Snorlax|523\/523
|cant|p1a: Mr Mime|par
|
|turn|8
|
|move|p2a: Snorlax|Body Slam|p1a: Mr Mime
|-damage|p1a: Mr Mime|238\/333 par
|move|p1a: Mr Mime|Blizzard|p2a: Snorlax
|-damage|p2a: Snorlax|359\/523
|
|turn|9
|
|switch|p2a: Chansey|Chansey|578\/703
|cant|p1a: Mr Mime|par
|
|turn|10
|
|move|p2a: Chansey|Seismic Toss|p1a: Mr Mime
|-damage|p1a: Mr Mime|138\/333 par
|cant|p1a: Mr Mime|par
|
|turn|11
|
|switch|p2a: Snorlax|Snorlax|359\/523
|switch|p1a: Breakfast Pouch|Chansey|703\/703
|
|turn|12
|
|switch|p2a: Chansey|Chansey|578\/703
|move|p1a: Breakfast Pouch|Thunder Wave|p2a: Chansey
|-status|p2a: Chansey|par
|
|turn|13
|
|move|p1a: Breakfast Pouch|Thunderbolt|p2a: Chansey
|-damage|p2a: Chansey|499\/703 par
|move|p2a: Chansey|Reflect|p2a: Chansey
|
|turn|14
|
|switch|p1a: Mr Mime|Jynx|138\/333 par
|cant|p2a: Chansey|par
|
|turn|15
|
|switch|p1a: Breakfast Pouch|Chansey|703\/703
|move|p2a: Chansey|Seismic Toss|p1a: Breakfast Pouch
|-damage|p1a: Breakfast Pouch|603\/703
|
|turn|16
|
|move|p1a: Breakfast Pouch|Thunderbolt|p2a: Chansey
|-damage|p2a: Chansey|426\/703 par
|move|p2a: Chansey|Soft-Boiled|p2a: Chansey
|-heal|p2a: Chansey|703\/703 par
|
|turn|17
|
|switch|p1a: Mr Mime|Jynx|138\/333 par
|switch|p2a: Exeggutor|Exeggutor|393\/393
|
|turn|18
|
|switch|p2a: Chansey|Chansey|703\/703 par
|switch|p1a: That's Bull|Tauros|353\/353
|
|turn|19
|join|g171875
|
|switch|p1a: Breakfast Pouch|Chansey|603\/703
|switch|p2a: Exeggutor|Exeggutor|393\/393
|
|turn|20
|
|switch|p1a: Mr Mime|Jynx|138\/333 par
|move|p2a: Exeggutor|Double-Edge|p1a: Mr Mime
|-damage|p1a: Mr Mime|0 fnt
|-damage|p2a: Exeggutor|358\/393|[from] recoil|[of] p1a: Mr Mime
|faint|p1a: Mr Mime
|
|
|switch|p1a: Result of Incest|Exeggutor|393\/393
|turn|21
|
|move|p1a: Result of Incest|Explosion|p2a: Exeggutor
|-damage|p2a: Exeggutor|84\/393
|faint|p1a: Result of Incest
|
|switch|p1a: Zam Lead|Alakazam|313\/313
|turn|22
|
|switch|p2a: Chansey|Chansey|703\/703 par
|move|p1a: Zam Lead|Seismic Toss|p2a: Chansey
|-damage|p2a: Chansey|603\/703 par
|
|turn|23
|
|move|p1a: Zam Lead|Psychic|p2a: Chansey
|-crit|p2a: Chansey
|-damage|p2a: Chansey|333\/703 par
|move|p2a: Chansey|Reflect|p2a: Chansey
|
|turn|24
|
|move|p1a: Zam Lead|Psychic|p2a: Chansey
|-crit|p2a: Chansey
|-damage|p2a: Chansey|96\/703 par
|move|p2a: Chansey|Thunder Wave|p1a: Zam Lead
|-status|p1a: Zam Lead|par
|
|turn|25
|
|move|p1a: Zam Lead|Psychic|p2a: Chansey
|-damage|p2a: Chansey|0 fnt
|faint|p2a: Chansey
|
|
|switch|p2a: Exeggutor|Exeggutor|84\/393
|turn|26
|
|switch|p1a: TNT|Golem|363\/363
|move|p2a: Exeggutor|Explosion|p1a: TNT
|-resisted|p1a: TNT
|-damage|p1a: TNT|251\/363
|faint|p2a: Exeggutor
|
|switch|p2a: Alakazam|Alakazam|313\/313
|turn|27
|
|switch|p1a: Breakfast Pouch|Chansey|603\/703
|move|p2a: Alakazam|Reflect|p2a: Alakazam
|
|turn|28
|
|move|p2a: Alakazam|Thunder Wave|p1a: Breakfast Pouch
|-status|p1a: Breakfast Pouch|par
|move|p1a: Breakfast Pouch|Ice Beam|p2a: Alakazam
|-damage|p2a: Alakazam|253\/313
|
|turn|29
|
|switch|p2a: Starmie|Starmie|323\/323 slp
|cant|p1a: Breakfast Pouch|par
|
|turn|30
|
|switch|p2a: Snorlax|Snorlax|359\/523
|move|p1a: Breakfast Pouch|Thunderbolt|p2a: Snorlax
|-damage|p2a: Snorlax|259\/523
|
|turn|31
|
|move|p2a: Snorlax|Earthquake|p1a: Breakfast Pouch
|-damage|p1a: Breakfast Pouch|364\/703 par
|cant|p1a: Breakfast Pouch|par
|
|turn|32
|
|switch|p1a: TNT|Golem|251\/363
|move|p2a: Snorlax|Hyper Beam|p1a: TNT
|-resisted|p1a: TNT
|-damage|p1a: TNT|169\/363
|
|turn|33
|
|move|p1a: TNT|Earthquake|p2a: Snorlax
|-damage|p2a: Snorlax|103\/523
|cant|p2a: Snorlax|recharge
|
|turn|34
|
|switch|p2a: Alakazam|Alakazam|253\/313
|move|p1a: TNT|Earthquake|p2a: Alakazam
|-crit|p2a: Alakazam
|-damage|p2a: Alakazam|0 fnt
|faint|p2a: Alakazam
|
|
|switch|p2a: Tauros|Tauros|353\/353
|turn|35
|
|move|p2a: Tauros|Blizzard|p1a: TNT
|-supereffective|p1a: TNT
|-damage|p1a: TNT|0 fnt
|faint|p1a: TNT
|
|
|switch|p1a: That's Bull|Tauros|353\/353
|turn|36
|
|move|p1a: That's Bull|Body Slam|p2a: Tauros
|-damage|p2a: Tauros|246\/353
|move|p2a: Tauros|Body Slam|p1a: That's Bull
|-damage|p1a: That's Bull|258\/353
|-status|p1a: That's Bull|par
|
|turn|37
|
|switch|p2a: Starmie|Starmie|323\/323 slp
|move|p1a: That's Bull|Body Slam|p2a: Starmie
|-damage|p2a: Starmie|206\/323 slp
|
|turn|38
|
|cant|p2a: Starmie|slp
|move|p1a: That's Bull|Body Slam|p2a: Starmie
|-damage|p2a: Starmie|94\/323 slp
|
|turn|39
|
|cant|p2a: Starmie|slp
|move|p1a: That's Bull|Body Slam|p2a: Starmie
|-crit|p2a: Starmie
|-damage|p2a: Starmie|0 fnt
|faint|p2a: Starmie
|
|join|RAZERX6754
|
|switch|p2a: Tauros|Tauros|246\/353
|turn|40
|
|move|p2a: Tauros|Body Slam|p1a: That's Bull
|-damage|p1a: That's Bull|158\/353 par
|move|p1a: That's Bull|Body Slam|p2a: Tauros
|-damage|p2a: Tauros|139\/353
|-status|p2a: Tauros|par
|
|turn|41
|
|move|p1a: That's Bull|Hyper Beam|p2a: Tauros|[miss]
|-miss|p1a: That's Bull
|move|p2a: Tauros|Hyper Beam|p1a: That's Bull
|-damage|p1a: That's Bull|0 fnt
|faint|p1a: That's Bull
|
|
|switch|p1a: Zam Lead|Alakazam|313\/313 par
|turn|42
|
|move|p1a: Zam Lead|Psychic|p2a: Tauros
|-crit|p2a: Tauros
|-damage|p2a: Tauros|0 fnt
|faint|p2a: Tauros
|
|leave|RAZERX6754
|
|switch|p2a: Snorlax|Snorlax|103\/523
|turn|43
|
|move|p2a: Snorlax|Hyper Beam|p1a: Zam Lead
|-damage|p1a: Zam Lead|17\/313 par
|move|p1a: Zam Lead|Psychic|p2a: Snorlax
|-crit|p2a: Snorlax
|-damage|p2a: Snorlax|0 fnt
|faint|p2a: Snorlax
|
|win|kid gf lol
|raw|Ladder updating...
|raw|kid gf lol's rating: 1468 &rarr; <strong>1479<\/strong><br \/>(+11 for winning)
|raw|Mantishuffle's rating: 1316 &rarr; <strong>1304<\/strong><br \/>(-12 for losing)
|leave|Brett Keane
|chat|Mantishuffle|gg
|chat|kid gf lol|gg
|leave|Mantishuffle
|player|p2
|leave|kid gf lol
|player|p1