|join|Lewark14
|join|yaldyyyy
|player|p1|Lewark14|1
|player|p2|yaldyyyy|265
|gametype|singles
|gen|1
|tier|[Gen 1] Random Battle
|rated
|rule|Sleep Clause Mod: Limit one foe put to sleep
|rule|Freeze Clause Mod: Limit one foe frozen
|rule|HP Percentage Mod: HP is shown in percentages
|
|start
|switch|p1a: Fearow|Fearow, L90|300\/300
|switch|p2a: Poliwrath|Poliwrath, L85|327\/327
|turn|1
|
|move|p1a: Fearow|Double-Edge|p2a: Poliwrath
|-crit|p2a: Poliwrath
|-damage|p2a: Poliwrath|116\/327
|-damage|p1a: Fearow|248\/300|[from] recoil|[of] p2a: Poliwrath
|move|p2a: Poliwrath|Blizzard|p1a: Fearow
|-supereffective|p1a: Fearow
|-damage|p1a: Fearow|84\/300
|
|turn|2
|
|switch|p2a: Magneton|Magneton, L90|273\/273
|move|p1a: Fearow|Hyper Beam|p2a: Magneton
|-damage|p2a: Magneton|115\/273
|
|turn|3
|-mustrecharge|p1a: Fearow
|-mustrecharge|p1a: Fearow
|
|cant|p1a: Fearow|recharge
|move|p2a: Magneton|Thunderbolt|p1a: Fearow
|-crit|p1a: Fearow
|-supereffective|p1a: Fearow
|-damage|p1a: Fearow|0 fnt
|faint|p1a: Fearow
|
|switch|p1a: Venomoth|Venomoth, L85|293\/293
|turn|4
|
|move|p1a: Venomoth|Sleep Powder|p2a: Magneton
|-status|p2a: Magneton|slp
|cant|p2a: Magneton|slp
|
|turn|5
|
|switch|p2a: Flareon|Flareon, L90|300\/300
|move|p1a: Venomoth|Psychic|p2a: Flareon
|-crit|p2a: Flareon
|-damage|p2a: Flareon|202\/300
|-unboost|p2a: Flareon|spd|1
|-unboost|p2a: Flareon|spa|1
|
|turn|6
|
|move|p1a: Venomoth|Sleep Powder|p2a: Flareon
|-message|Sleep Clause Mod activated.
|move|p2a: Flareon|Fire Blast|p1a: Venomoth
|-supereffective|p1a: Venomoth
|-damage|p1a: Venomoth|96\/293
|
|turn|7
|
|move|p1a: Venomoth|Sleep Powder|p2a: Flareon
|-message|Sleep Clause Mod activated.
|move|p2a: Flareon|Fire Blast|p1a: Venomoth
|-supereffective|p1a: Venomoth
|-damage|p1a: Venomoth|0 fnt
|faint|p1a: Venomoth
|
|switch|p1a: Clefable|Clefable, L85|335\/335
|turn|8
|
|move|p2a: Flareon|Fire Blast|p1a: Clefable
|-damage|p1a: Clefable|222\/335
|move|p1a: Clefable|Counter|p2a: Flareon
|-fail|p1a: Clefable
|
|turn|9
|
|move|p2a: Flareon|Fire Blast|p1a: Clefable
|-damage|p1a: Clefable|115\/335
|move|p1a: Clefable|Hyper Beam|p2a: Flareon
|-crit|p2a: Flareon
|-damage|p2a: Flareon|0 fnt
|faint|p2a: Flareon
|
|switch|p2a: Poliwrath|Poliwrath, L85|116\/327
|turn|10
|
|move|p2a: Poliwrath|Blizzard|p1a: Clefable
|-damage|p1a: Clefable|41\/335
|move|p1a: Clefable|Hyper Beam|p2a: Poliwrath
|-damage|p2a: Poliwrath|0 fnt
|faint|p2a: Poliwrath
|
|switch|p2a: Raticate|Raticate, L85|267\/267
|turn|11
|
|move|p2a: Raticate|Body Slam|p1a: Clefable
|-damage|p1a: Clefable|0 fnt
|faint|p1a: Clefable
|
|switch|p1a: Tangela|Tangela, L85|284\/284
|turn|12
|
|move|p2a: Raticate|Super Fang|p1a: Tangela
|-damage|p1a: Tangela|142\/284
|move|p1a: Tangela|Body Slam|p2a: Raticate
|-damage|p2a: Raticate|211\/267
|
|turn|13
|
|move|p2a: Raticate|Body Slam|p1a: Tangela
|-damage|p1a: Tangela|69\/284
|-status|p1a: Tangela|par
|move|p1a: Tangela|Stun Spore|p2a: Raticate
|-status|p2a: Raticate|par
|
|turn|14
|
|cant|p2a: Raticate|par
|move|p1a: Tangela|Body Slam|p2a: Raticate
|-damage|p2a: Raticate|156\/267 par
|
|turn|15
|
|move|p2a: Raticate|Hyper Beam|p1a: Tangela
|-damage|p1a: Tangela|0 fnt
|faint|p1a: Tangela
|
|switch|p1a: Magmar|Magmar, L90|300\/300
|turn|16
|
|move|p1a: Magmar|Hyper Beam|p2a: Raticate
|-damage|p2a: Raticate|7\/267 par
|move|p2a: Raticate|Super Fang|p1a: Magmar
|-damage|p1a: Magmar|150\/300
|
|turn|17
|-mustrecharge|p1a: Magmar
|-mustrecharge|p1a: Magmar
|
|cant|p1a: Magmar|recharge
|move|p2a: Raticate|Hyper Beam|p1a: Magmar
|-damage|p1a: Magmar|0 fnt
|faint|p1a: Magmar
|
|switch|p1a: Articuno|Articuno, L79|304\/304
|turn|18
|
|move|p1a: Articuno|Blizzard|p2a: Raticate
|-damage|p2a: Raticate|0 fnt
|faint|p2a: Raticate
|
|switch|p2a: Slowbro|Slowbro, L79|312\/312
|turn|19
|
|move|p1a: Articuno|Blizzard|p2a: Slowbro
|-resisted|p2a: Slowbro
|-damage|p2a: Slowbro|243\/312
|-status|p2a: Slowbro|frz
|cant|p2a: Slowbro|frz
|
|turn|20
|c|★yaldyyyy|Oh my fucking god
|
|move|p1a: Articuno|Blizzard|p2a: Slowbro
|-resisted|p2a: Slowbro
|-damage|p2a: Slowbro|175\/312 frz
|cant|p2a: Slowbro|frz
|
|turn|21
|
|move|p1a: Articuno|Blizzard|p2a: Slowbro
|-crit|p2a: Slowbro
|-resisted|p2a: Slowbro
|-damage|p2a: Slowbro|39\/312 frz
|cant|p2a: Slowbro|frz
|
|turn|22
|
|move|p1a: Articuno|Blizzard|p2a: Slowbro
|-resisted|p2a: Slowbro
|-damage|p2a: Slowbro|0 fnt
|faint|p2a: Slowbro
|
|switch|p2a: Magneton|Magneton, L90|115\/273 slp
|turn|23
|
|cant|p2a: Magneton|slp
|move|p1a: Articuno|Blizzard|p2a: Magneton
|-damage|p2a: Magneton|16\/273 slp
|
|turn|24
|
|cant|p2a: Magneton|slp
|move|p1a: Articuno|Blizzard|p2a: Magneton
|-crit|p2a: Magneton
|-damage|p2a: Magneton|0 fnt
|faint|p2a: Magneton
|
|switch|p2a: Exeggcute|Exeggcute, L96|310\/310
|turn|25
|
|move|p1a: Articuno|Blizzard|p2a: Exeggcute
|-supereffective|p2a: Exeggcute
|-damage|p2a: Exeggcute|24\/310
|move|p2a: Exeggcute|Explosion|p1a: Articuno
|-damage|p1a: Articuno|134\/304
|faint|p2a: Exeggcute
|
|win|Lewark14
|raw|Ladder updating...
|raw|Lewark14's rating: 1052 &rarr; <strong>1098<\/strong><br \/>(+46 for winning)
|raw|yaldyyyy's rating: 1209 &rarr; <strong>1174<\/strong><br \/>(-35 for losing)
|c|★Lewark14|gg
|leave|Lewark14
|player|p1