|join|bea12345678910
|join|MALESANI
|player|p1|bea12345678910|2
|player|p2|MALESANI|238
|gametype|singles
|gen|1
|tier|[Gen 1] Random Battle
|rated
|seed|23128,4589,39601,58108
|rule|Sleep Clause Mod: Limit one foe put to sleep
|rule|Freeze Clause Mod: Limit one foe frozen
|rule|HP Percentage Mod: HP is shown in percentages
|
|start
|switch|p1a: Hitmonlee|Hitmonlee, L90|273\/273
|switch|p2a: Charmander|Charmander, L96|270\/270
|turn|1
|choice|move 4|move 1
|
|move|p1a: Hitmonlee|Seismic Toss|p2a: Charmander
|-damage|p2a: Charmander|180\/270
|move|p2a: Charmander|Fire Blast|p1a: Hitmonlee
|-damage|p1a: Hitmonlee|110\/273
|
|turn|2
|choice|switch 6|move 1
|
|switch|p1a: Wartortle|Wartortle, L85|274\/274
|move|p2a: Charmander|Fire Blast|p1a: Wartortle
|-resisted|p1a: Wartortle
|-damage|p1a: Wartortle|210\/274
|-status|p1a: Wartortle|brn
|
|turn|3
|choice|move 1|move 2
|
|move|p2a: Charmander|Seismic Toss|p1a: Wartortle
|-damage|p1a: Wartortle|114\/274 brn
|move|p1a: Wartortle|Surf|p2a: Charmander
|-supereffective|p2a: Charmander
|-damage|p2a: Charmander|0 fnt
|faint|p2a: Charmander
|choice||switch 4
|
|switch|p2a: Raichu|Raichu, L85|276\/276
|turn|4
|choice|switch 2|move 3
|
|switch|p1a: Vileplume|Vileplume, L90|318\/318
|move|p2a: Raichu|Thunder|p1a: Vileplume|[miss]
|-miss|p2a: Raichu
|
|turn|5
|choice|move 4|switch 5
|
|switch|p2a: Nidorina|Nidorina, L90|309\/309
|move|p1a: Vileplume|Sleep Powder|p2a: Nidorina
|-status|p2a: Nidorina|slp
|
|turn|6
|choice|move 2|switch 3
|
|switch|p2a: Snorlax|Snorlax, L79|415\/415
|move|p1a: Vileplume|Mega Drain|p2a: Snorlax
|-damage|p2a: Snorlax|356\/415
|
|turn|7
|choice|move 1|move 3
|
|move|p1a: Vileplume|Body Slam|p2a: Snorlax
|-damage|p2a: Snorlax|282\/415
|move|p2a: Snorlax|Blizzard|p1a: Vileplume
|-supereffective|p1a: Vileplume
|-damage|p1a: Vileplume|211\/318
|
|turn|8
|choice|move 4|move 1
|
|move|p1a: Vileplume|Sleep Powder|p2a: Snorlax
|-message|Sleep Clause Mod activated.
|move|p2a: Snorlax|Amnesia|p2a: Snorlax
|-boost|p2a: Snorlax|spd|2
|-boost|p2a: Snorlax|spa|2
|
|turn|9
|choice|switch 4|move 1
|
|switch|p1a: Kangaskhan|Kangaskhan, L85|352\/352
|move|p2a: Snorlax|Amnesia|p2a: Snorlax
|-boost|p2a: Snorlax|spd|2
|-boost|p2a: Snorlax|spa|2
|
|turn|10
|choice|move 1|move 4
|
|move|p1a: Kangaskhan|Earthquake|p2a: Snorlax
|-damage|p2a: Snorlax|190\/415
|move|p2a: Snorlax|Ice Beam|p1a: Kangaskhan
|-damage|p1a: Kangaskhan|150\/352
|
|turn|11
|choice|move 3|move 4
|
|move|p1a: Kangaskhan|Hyper Beam|p2a: Snorlax
|-damage|p2a: Snorlax|0 fnt
|faint|p2a: Snorlax
|choice||switch 5
|
|switch|p2a: Raichu|Raichu, L85|276\/276
|turn|12
|choice|move 1|move 3
|
|move|p2a: Raichu|Thunder|p1a: Kangaskhan|[miss]
|-miss|p2a: Raichu
|move|p1a: Kangaskhan|Earthquake|p2a: Raichu
|-supereffective|p2a: Raichu
|-damage|p2a: Raichu|95\/276
|
|turn|13
|choice|move 1|move 3
|
|move|p2a: Raichu|Thunder|p1a: Kangaskhan
|-damage|p1a: Kangaskhan|0 fnt
|faint|p1a: Kangaskhan
|choice|switch 4|
|
|switch|p1a: Vileplume|Vileplume, L90|211\/318
|turn|14
|choice|move 1|switch 2
|
|switch|p2a: Lickitung|Lickitung, L90|345\/345
|move|p1a: Vileplume|Body Slam|p2a: Lickitung
|-damage|p2a: Lickitung|283\/345
|
|turn|15
|choice|move 4|move 1
|
|move|p1a: Vileplume|Sleep Powder|p2a: Lickitung|[miss]
|-miss|p1a: Vileplume
|move|p2a: Lickitung|Swords Dance|p2a: Lickitung
|-boost|p2a: Lickitung|atk|2
|
|turn|16
|choice|move 4|move 2
|
|move|p1a: Vileplume|Sleep Powder|p2a: Lickitung|[miss]
|-miss|p1a: Vileplume
|move|p2a: Lickitung|Body Slam|p1a: Vileplume
|-damage|p1a: Vileplume|79\/318
|
|turn|17
|choice|move 4|move 2
|
|move|p1a: Vileplume|Sleep Powder|p2a: Lickitung
|-message|Sleep Clause Mod activated.
|move|p2a: Lickitung|Body Slam|p1a: Vileplume
|-damage|p1a: Vileplume|0 fnt
|faint|p1a: Vileplume
|choice|switch 2|
|
|switch|p1a: Wartortle|Wartortle, L85|114\/274 brn
|turn|18
|choice|move 3|move 1
|
|move|p1a: Wartortle|Blizzard|p2a: Lickitung|[miss]
|-miss|p1a: Wartortle
|-damage|p1a: Wartortle|97\/274 brn|[from] brn|[of] p2a: Lickitung
|move|p2a: Lickitung|Swords Dance|p2a: Lickitung
|-boost|p2a: Lickitung|atk|2
|
|turn|19
|choice|move 3|move 2
|
|move|p1a: Wartortle|Blizzard|p2a: Lickitung
|-damage|p2a: Lickitung|207\/345
|-damage|p1a: Wartortle|80\/274 brn|[from] brn|[of] p2a: Lickitung
|move|p2a: Lickitung|Body Slam|p1a: Wartortle
|-damage|p1a: Wartortle|0 fnt
|faint|p1a: Wartortle
|choice|switch 3|
|
|switch|p1a: Zapdos|Zapdos, L79|304\/304
|turn|20
|choice|move 3|move 2
|
|move|p1a: Zapdos|Drill Peck|p2a: Lickitung
|-damage|p2a: Lickitung|138\/345
|move|p2a: Lickitung|Body Slam|p1a: Zapdos
|-damage|p1a: Zapdos|55\/304
|-status|p1a: Zapdos|par
|
|turn|21
|choice|move 4|move 2
|
|move|p2a: Lickitung|Body Slam|p1a: Zapdos
|-damage|p1a: Zapdos|0 fnt
|faint|p1a: Zapdos
|choice|switch 6|
|
|switch|p1a: Hitmonlee|Hitmonlee, L90|110\/273
|turn|22
|choice|move 4|move 2
|
|move|p1a: Hitmonlee|Seismic Toss|p2a: Lickitung
|-damage|p2a: Lickitung|48\/345
|move|p2a: Lickitung|Body Slam|p1a: Hitmonlee
|-damage|p1a: Hitmonlee|0 fnt
|faint|p1a: Hitmonlee
|choice|switch 5|
|
|switch|p1a: Ponyta|Ponyta, L96|291\/291
|turn|23
|choice|move 1|move 2
|
|move|p1a: Ponyta|Reflect|p1a: Ponyta
|-start|p1a: Ponyta|Reflect
|move|p2a: Lickitung|Body Slam|p1a: Ponyta
|-damage|p1a: Ponyta|173\/291
|-status|p1a: Ponyta|par
|
|turn|24
|choice|move 3|move 3
|
|move|p2a: Lickitung|Hyper Beam|p1a: Ponyta
|-damage|p1a: Ponyta|0 fnt
|faint|p1a: Ponyta
|
|win|MALESANI
|raw|bea12345678910's rating: 1057 &rarr; <strong>1049<\/strong><br \/>(-8 for losing)
|raw|MALESANI's rating: 1277 &rarr; <strong>1288<\/strong><br \/>(+11 for winning)