|join|agraS
|join|marcoasd
|player|p1|agraS|120
|player|p2|marcoasd|265
|gametype|singles
|gen|1
|tier|[Gen 1] OU
|rule|Sleep Clause Mod: Limit one foe put to sleep
|rule|Freeze Clause Mod: Limit one foe frozen
|rule|Species Clause: Limit one of each Pokémon
|rule|OHKO Clause: OHKO moves are banned
|rule|Evasion Moves Clause: Evasion moves are banned
|rule|HP Percentage Mod: HP is shown in percentages
|
|start
|switch|p1a: Alakazam|Alakazam|313\/313
|switch|p2a: Alakazam|Alakazam|313\/313
|turn|1
|
|move|p1a: Alakazam|Thunder Wave|p2a: Alakazam
|-status|p2a: Alakazam|par
|move|p2a: Alakazam|Thunder Wave|p1a: Alakazam
|-status|p1a: Alakazam|par
|
|turn|2
|
|cant|p2a: Alakazam|par
|cant|p1a: Alakazam|par
|
|turn|3
|
|move|p2a: Alakazam|Seismic Toss|p1a: Alakazam
|-damage|p1a: Alakazam|213\/313 par
|move|p1a: Alakazam|Seismic Toss|p2a: Alakazam
|-damage|p2a: Alakazam|213\/313 par
|
|turn|4
|
|switch|p2a: Snorlax|Snorlax|523\/523
|move|p1a: Alakazam|Seismic Toss|p2a: Snorlax
|-damage|p2a: Snorlax|423\/523
|
|turn|5
|
|switch|p1a: Snorlax|Snorlax|523\/523
|move|p2a: Snorlax|Body Slam|p1a: Snorlax
|-damage|p1a: Snorlax|377\/523
|
|turn|6
|
|switch|p2a: Exeggutor|Exeggutor|393\/393
|move|p1a: Snorlax|Counter|p2a: Exeggutor
|-damage|p2a: Exeggutor|101\/393
|
|turn|7
|
|switch|p2a: Snorlax|Snorlax|423\/523
|switch|p1a: Alakazam|Alakazam|213\/313 par
|
|turn|8
|
|switch|p1a: Snorlax|Snorlax|377\/523
|move|p2a: Snorlax|Body Slam|p1a: Snorlax
|-damage|p1a: Snorlax|246\/523
|
|turn|9
|
|move|p2a: Snorlax|Reflect|p2a: Snorlax
|-start|p2a: Snorlax|Reflect
|move|p1a: Snorlax|Counter|p2a: Snorlax
|-fail|p1a: Snorlax
|
|turn|10
|
|move|p2a: Snorlax|Body Slam|p1a: Snorlax
|-damage|p1a: Snorlax|115\/523
|move|p1a: Snorlax|Counter|p2a: Snorlax
|-damage|p2a: Snorlax|161\/523
|
|turn|11
|
|move|p1a: Snorlax|Self-Destruct|p2a: Snorlax
|-damage|p2a: Snorlax|0 fnt
|faint|p2a: Snorlax
|faint|p1a: Snorlax
|
|switch|p2a: Zapdos|Zapdos|383\/383
|switch|p1a: Chansey|Chansey|703\/703
|turn|12
|
|switch|p2a: Chansey|Chansey|703\/703
|move|p1a: Chansey|Thunder Wave|p2a: Chansey
|-status|p2a: Chansey|par
|
|turn|13
|
|switch|p1a: Alakazam|Alakazam|213\/313 par
|move|p2a: Chansey|Seismic Toss|p1a: Alakazam
|-damage|p1a: Alakazam|113\/313 par
|
|turn|14
|
|switch|p2a: Tauros|Tauros|353\/353
|move|p1a: Alakazam|Recover|p1a: Alakazam
|-heal|p1a: Alakazam|269\/313 par
|
|turn|15
|
|move|p2a: Tauros|Body Slam|p1a: Alakazam
|-damage|p1a: Alakazam|106\/313 par
|move|p1a: Alakazam|Thunder Wave|p2a: Tauros
|-status|p2a: Tauros|par
|
|turn|16
|
|switch|p1a: Exeggutor|Exeggutor|393\/393
|move|p2a: Tauros|Body Slam|p1a: Exeggutor
|-damage|p1a: Exeggutor|282\/393
|
|turn|17
|
|switch|p2a: Alakazam|Alakazam|213\/313 par
|move|p1a: Exeggutor|Psychic|p2a: Alakazam
|-resisted|p2a: Alakazam
|-damage|p2a: Alakazam|160\/313 par
|
|turn|18
|
|move|p1a: Exeggutor|Double-Edge|p2a: Alakazam
|-damage|p2a: Alakazam|49\/313 par
|-damage|p1a: Exeggutor|255\/393|[from] recoil|[of] p2a: Alakazam
|move|p2a: Alakazam|Recover|p2a: Alakazam
|-heal|p2a: Alakazam|205\/313 par
|
|turn|19
|
|switch|p2a: Chansey|Chansey|703\/703 par
|move|p1a: Exeggutor|Double-Edge|p2a: Chansey
|-damage|p2a: Chansey|480\/703 par
|-damage|p1a: Exeggutor|200\/393|[from] recoil|[of] p2a: Chansey
|
|turn|20
|
|switch|p1a: Alakazam|Alakazam|106\/313 par
|switch|p2a: Exeggutor|Exeggutor|101\/393
|
|turn|21
|
|move|p2a: Exeggutor|Psychic|p1a: Alakazam
|-resisted|p1a: Alakazam
|-damage|p1a: Alakazam|56\/313 par
|-unboost|p1a: Alakazam|spd|1
|-unboost|p1a: Alakazam|spa|1
|move|p1a: Alakazam|Seismic Toss|p2a: Exeggutor
|-damage|p2a: Exeggutor|1\/393
|
|turn|22
|
|switch|p1a: Tauros|Tauros|353\/353
|move|p2a: Exeggutor|Psychic|p1a: Tauros
|-damage|p1a: Tauros|208\/353
|
|turn|23
|
|switch|p2a: Alakazam|Alakazam|205\/313 par
|move|p1a: Tauros|Body Slam|p2a: Alakazam
|-damage|p2a: Alakazam|57\/313 par
|
|turn|24
|
|move|p1a: Tauros|Body Slam|p2a: Alakazam
|-damage|p2a: Alakazam|0 fnt
|faint|p2a: Alakazam
|
|switch|p2a: Tauros|Tauros|353\/353 par
|turn|25
|
|switch|p1a: Alakazam|Alakazam|56\/313 par
|move|p2a: Tauros|Body Slam|p1a: Alakazam
|-crit|p1a: Alakazam
|-damage|p1a: Alakazam|0 fnt
|faint|p1a: Alakazam
|
|switch|p1a: Exeggutor|Exeggutor|200\/393
|turn|26
|
|move|p1a: Exeggutor|Psychic|p2a: Tauros
|-damage|p2a: Tauros|187\/353 par
|move|p2a: Tauros|Body Slam|p1a: Exeggutor
|-damage|p1a: Exeggutor|92\/393
|
|turn|27
|
|move|p1a: Exeggutor|Explosion|p2a: Tauros
|-damage|p2a: Tauros|0 fnt
|faint|p2a: Tauros
|faint|p1a: Exeggutor
|
|switch|p1a: Tauros|Tauros|208\/353
|switch|p2a: Zapdos|Zapdos|383\/383
|turn|28
|
|move|p1a: Tauros|Body Slam|p2a: Zapdos
|-damage|p2a: Zapdos|269\/383
|move|p2a: Zapdos|Thunderbolt|p1a: Tauros
|-damage|p1a: Tauros|40\/353
|
|turn|29
|
|move|p1a: Tauros|Hyper Beam|p2a: Zapdos
|-damage|p2a: Zapdos|77\/383
|move|p2a: Zapdos|Agility|p2a: Zapdos
|-boost|p2a: Zapdos|spe|2
|
|turn|30
|-mustrecharge|p1a: Tauros
|-mustrecharge|p1a: Tauros
|
|move|p2a: Zapdos|Thunderbolt|p1a: Tauros
|-damage|p1a: Tauros|0 fnt
|faint|p1a: Tauros
|
|switch|p1a: Chansey|Chansey|703\/703
|turn|31
|
|switch|p2a: Chansey|Chansey|480\/703 par
|move|p1a: Chansey|Ice Beam|p2a: Chansey
|-damage|p2a: Chansey|402\/703 par
|
|turn|32
|
|switch|p1a: Slowbro|Slowbro|393\/393
|cant|p2a: Chansey|par
|
|turn|33
|
|move|p1a: Slowbro|Psychic|p2a: Chansey
|-damage|p2a: Chansey|317\/703 par
|-unboost|p2a: Chansey|spd|1
|-unboost|p2a: Chansey|spa|1
|move|p2a: Chansey|Thunder Wave|p1a: Slowbro
|-status|p1a: Slowbro|par
|
|turn|34
|
|switch|p2a: Exeggutor|Exeggutor|1\/393
|move|p1a: Slowbro|Psychic|p2a: Exeggutor
|-resisted|p2a: Exeggutor
|-damage|p2a: Exeggutor|0 fnt
|faint|p2a: Exeggutor
|
|switch|p2a: Chansey|Chansey|317\/703 par
|turn|35
|
|move|p2a: Chansey|Seismic Toss|p1a: Slowbro
|-damage|p1a: Slowbro|293\/393 par
|move|p1a: Slowbro|Amnesia|p1a: Slowbro
|-boost|p1a: Slowbro|spd|2
|-boost|p1a: Slowbro|spa|2
|
|turn|36
|
|move|p1a: Slowbro|Rest|p1a: Slowbro
|-status|p1a: Slowbro|slp
|-heal|p1a: Slowbro|393\/393 slp|[silent]
|-status|p1a: Slowbro|slp|[from] move: Rest
|move|p2a: Chansey|Seismic Toss|p1a: Slowbro
|-damage|p1a: Slowbro|293\/393 slp
|
|turn|37
|
|switch|p2a: Zapdos|Zapdos|77\/383
|cant|p1a: Slowbro|slp
|
|turn|38
|
|switch|p1a: Chansey|Chansey|703\/703
|move|p2a: Zapdos|Thunderbolt|p1a: Chansey
|-crit|p1a: Chansey
|-damage|p1a: Chansey|441\/703
|
|turn|39
|
|switch|p2a: Chansey|Chansey|317\/703 par
|move|p1a: Chansey|Soft-Boiled|p1a: Chansey
|-heal|p1a: Chansey|703\/703
|
|turn|40
|
|move|p1a: Chansey|Ice Beam|p2a: Chansey
|-damage|p2a: Chansey|238\/703 par
|move|p2a: Chansey|Seismic Toss|p1a: Chansey
|-damage|p1a: Chansey|603\/703
|
|turn|41
|
|switch|p1a: Slowbro|Slowbro|293\/393 slp
|move|p2a: Chansey|Soft-Boiled|p2a: Chansey
|-heal|p2a: Chansey|589\/703 par
|
|turn|42
|
|switch|p2a: Zapdos|Zapdos|77\/383
|-curestatus|p1a: Slowbro|slp
|
|turn|43
|
|switch|p1a: Chansey|Chansey|603\/703
|move|p2a: Zapdos|Drill Peck|p1a: Chansey
|-damage|p1a: Chansey|353\/703
|
|turn|44
|
|switch|p2a: Chansey|Chansey|589\/703 par
|move|p1a: Chansey|Soft-Boiled|p1a: Chansey
|-heal|p1a: Chansey|703\/703
|
|turn|45
|
|switch|p1a: Slowbro|Slowbro|293\/393
|move|p2a: Chansey|Thunder Wave|p1a: Slowbro
|-status|p1a: Slowbro|par
|
|turn|46
|
|move|p2a: Chansey|Seismic Toss|p1a: Slowbro
|-damage|p1a: Slowbro|193\/393 par
|move|p1a: Slowbro|Psychic|p2a: Chansey
|-damage|p2a: Chansey|496\/703 par
|-unboost|p2a: Chansey|spd|1
|-unboost|p2a: Chansey|spa|1
|
|turn|47
|
|move|p1a: Slowbro|Thunder Wave|p2a: Chansey
|-fail|p2a: Chansey|par
|move|p2a: Chansey|Seismic Toss|p1a: Slowbro
|-damage|p1a: Slowbro|93\/393 par
|
|turn|48
|
|move|p1a: Slowbro|Rest|p1a: Slowbro
|-status|p1a: Slowbro|slp
|-heal|p1a: Slowbro|393\/393 slp|[silent]
|-status|p1a: Slowbro|slp|[from] move: Rest
|move|p2a: Chansey|Seismic Toss|p1a: Slowbro
|-damage|p1a: Slowbro|293\/393 slp
|
|turn|49
|
|switch|p1a: Chansey|Chansey|703\/703
|switch|p2a: Zapdos|Zapdos|77\/383
|
|turn|50
|
|switch|p2a: Chansey|Chansey|496\/703 par
|switch|p1a: Slowbro|Slowbro|293\/393 slp
|
|turn|51
|
|switch|p2a: Zapdos|Zapdos|77\/383
|cant|p1a: Slowbro|slp
|
|turn|52
|
|switch|p1a: Chansey|Chansey|703\/703
|move|p2a: Zapdos|Drill Peck|p1a: Chansey
|-damage|p1a: Chansey|474\/703
|
|turn|53
|
|move|p2a: Zapdos|Thunder Wave|p1a: Chansey
|-status|p1a: Chansey|par
|move|p1a: Chansey|Ice Beam|p2a: Zapdos
|-supereffective|p2a: Zapdos
|-damage|p2a: Zapdos|0 fnt
|faint|p2a: Zapdos
|
|switch|p2a: Chansey|Chansey|496\/703 par
|turn|54
|-message|marcoasd forfeited.
|
|win|agraS
|leave|marcoasd
|player|p2