|j|Koolboyman
|j|fa990t
|player|p1|Koolboyman|101
|player|p2|fa990t|101
|gametype|singles
|gen|1
|tier|[Gen 1] Random Battle
|rated
|seed|22170,21813,12953,43823
|rule|Sleep Clause Mod: Limit one foe put to sleep
|rule|Freeze Clause Mod: Limit one foe frozen
|rule|HP Percentage Mod: HP is shown in percentages
|
|start
|switch|p1a: Magikarp|Magikarp, L99|240\/240
|switch|p2a: Arcanine|Arcanine, L85|327\/327
|turn|1
|choice|move 2|move 4
|
|move|p1a: Magikarp|Dragon Rage|p2a: Arcanine
|-damage|p2a: Arcanine|287\/327
|move|p2a: Arcanine|Body Slam|p1a: Magikarp
|-damage|p1a: Magikarp|170\/240
|-status|p1a: Magikarp|par
|
|turn|2
|choice|move 2|switch 6
|
|switch|p2a: Mewtwo|Mewtwo, L68|285\/285
|cant|p1a: Magikarp|par
|
|turn|3
|choice|move 2|move 2
|
|move|p2a: Mewtwo|Amnesia|p2a: Mewtwo
|-boost|p2a: Mewtwo|spd|2
|-boost|p2a: Mewtwo|spa|2
|move|p1a: Magikarp|Dragon Rage|p2a: Mewtwo
|-damage|p2a: Mewtwo|245\/285
|
|turn|4
|choice|switch 2|move 2
|
|switch|p1a: Snorlax|Snorlax, L79|415\/415
|move|p2a: Mewtwo|Amnesia|p2a: Mewtwo
|-boost|p2a: Mewtwo|spd|2
|-boost|p2a: Mewtwo|spa|2
|
|turn|5
|choice|move 1|move 1
|
|move|p2a: Mewtwo|Psychic|p1a: Snorlax
|-damage|p1a: Snorlax|74\/415
|move|p1a: Snorlax|Amnesia|p1a: Snorlax
|-boost|p1a: Snorlax|spd|2
|-boost|p1a: Snorlax|spa|2
|
|turn|6
|choice|move 3|move 1
|
|move|p2a: Mewtwo|Psychic|p1a: Snorlax
|-damage|p1a: Snorlax|0 fnt
|faint|p1a: Snorlax
|choice|switch 4|
|
|switch|p1a: Rhydon|Rhydon, L79|328\/328
|turn|7
|choice|move 4|move 1
|
|move|p2a: Mewtwo|Psychic|p1a: Rhydon
|-damage|p1a: Rhydon|0 fnt
|faint|p1a: Rhydon
|choice|switch 6|
|
|switch|p1a: Starmie|Starmie, L79|257\/257
|turn|8
|choice|move 2|move 4
|
|move|p1a: Starmie|Surf|p2a: Mewtwo
|-damage|p2a: Mewtwo|222\/285
|move|p2a: Mewtwo|Thunder Wave|p1a: Starmie
|-status|p1a: Starmie|par
|
|turn|9
|choice|move 2|move 1
|
|move|p2a: Mewtwo|Psychic|p1a: Starmie
|-crit|p1a: Starmie
|-resisted|p1a: Starmie
|-damage|p1a: Starmie|177\/257 par
|move|p1a: Starmie|Surf|p2a: Mewtwo
|-crit|p2a: Mewtwo
|-damage|p2a: Mewtwo|83\/285
|
|turn|10
|choice|move 2|move 1
|
|move|p2a: Mewtwo|Psychic|p1a: Starmie
|-resisted|p1a: Starmie
|-damage|p1a: Starmie|54\/257 par
|cant|p1a: Starmie|par
|
|turn|11
|choice|move 2|move 1
|
|move|p2a: Mewtwo|Psychic|p1a: Starmie
|-crit|p1a: Starmie
|-resisted|p1a: Starmie
|-damage|p1a: Starmie|0 fnt
|faint|p1a: Starmie
|choice|switch 5|
|
|switch|p1a: Gengar|Gengar, L79|257\/257
|turn|12
|choice|move 1|move 1
|
|move|p1a: Gengar|Hypnosis|p2a: Mewtwo|[miss]
|-miss|p1a: Gengar
|move|p2a: Mewtwo|Psychic|p1a: Gengar
|-crit|p1a: Gengar
|-supereffective|p1a: Gengar
|-damage|p1a: Gengar|0 fnt
|faint|p1a: Gengar
|choice|switch 3|
|
|switch|p1a: Jolteon|Jolteon, L79|265\/265
|turn|13
|choice|move 1|move 4
|
|move|p1a: Jolteon|Thunderbolt|p2a: Mewtwo
|-damage|p2a: Mewtwo|57\/285
|-status|p2a: Mewtwo|par
|move|p2a: Mewtwo|Thunder Wave|p1a: Jolteon
|-status|p1a: Jolteon|par
|
|turn|14
|choice|move 1|move 1
|
|move|p1a: Jolteon|Thunderbolt|p2a: Mewtwo
|-damage|p2a: Mewtwo|27\/285 par
|move|p2a: Mewtwo|Psychic|p1a: Jolteon
|-damage|p1a: Jolteon|28\/265 par
|
|turn|15
|choice|move 1|move 1
|
|move|p1a: Jolteon|Thunderbolt|p2a: Mewtwo
|-damage|p2a: Mewtwo|1\/285 par
|move|p2a: Mewtwo|Psychic|p1a: Jolteon
|-damage|p1a: Jolteon|0 fnt
|faint|p1a: Jolteon
|choice|switch 2|
|
|switch|p1a: Magikarp|Magikarp, L99|170\/240 par
|turn|16
|choice|move 2|move 1
|
|move|p1a: Magikarp|Dragon Rage|p2a: Mewtwo
|-damage|p2a: Mewtwo|0 fnt
|faint|p2a: Mewtwo
|c|★fa990t|dayum magikarp
|c|★fa990t|killing the mighty mewtwo
|choice||switch 3
|
|switch|p2a: Dragonair|Dragonair, L85|277\/277
|turn|17
|c|★Koolboyman|it was my secret weapon
|choice|move 2|move 2
|
|move|p2a: Dragonair|Thunderbolt|p1a: Magikarp
|-supereffective|p1a: Magikarp
|-damage|p1a: Magikarp|0 fnt
|faint|p1a: Magikarp
|
|win|fa990t
|raw|Koolboyman's rating: 1239 &rarr; <strong>1209<\/strong><br \/>(-30 for losing)
|raw|fa990t's rating: 1170 &rarr; <strong>1200<\/strong><br \/>(+30 for winning)
|c|★fa990t|gg
|l|Koolboyman
|player|p1