|join|20pontosOTANfysaei
|join|Tendoh
|player|p1|20pontosOTANfysaei|102
|player|p2|Tendoh|1
|gametype|singles
|gen|1
|tier|[Gen 1] Random Battle
|rated
|rule|Sleep Clause Mod: Limit one foe put to sleep
|rule|Freeze Clause Mod: Limit one foe frozen
|rule|HP Percentage Mod: HP is shown in percentages
|
|start
|switch|p1a: Venomoth|Venomoth, L85|293\/293
|switch|p2a: Magneton|Magneton, L85|259\/259
|turn|1
|
|move|p1a: Venomoth|Sleep Powder|p2a: Magneton
|-status|p2a: Magneton|slp
|cant|p2a: Magneton|slp
|
|turn|2
|
|switch|p2a: Nidorino|Nidorino, L90|293\/293
|move|p1a: Venomoth|Stun Spore|p2a: Nidorino
|-status|p2a: Nidorino|par
|
|turn|3
|
|move|p1a: Venomoth|Psychic|p2a: Nidorino
|-crit|p2a: Nidorino
|-supereffective|p2a: Nidorino
|-damage|p2a: Nidorino|0 fnt
|faint|p2a: Nidorino
|
|switch|p2a: Scyther|Scyther, L85|293\/293
|turn|4
|
|move|p2a: Scyther|Slash|p1a: Venomoth
|-crit|p1a: Venomoth
|-damage|p1a: Venomoth|168\/293
|move|p1a: Venomoth|Stun Spore|p2a: Scyther|[miss]
|-miss|p1a: Venomoth
|
|turn|5
|
|move|p2a: Scyther|Swords Dance|p2a: Scyther
|-boost|p2a: Scyther|atk|2
|move|p1a: Venomoth|Stun Spore|p2a: Scyther
|-status|p2a: Scyther|par
|
|turn|6
|
|move|p1a: Venomoth|Psychic|p2a: Scyther
|-damage|p2a: Scyther|207\/293 par
|move|p2a: Scyther|Hyper Beam|p1a: Venomoth
|-damage|p1a: Venomoth|0 fnt
|faint|p1a: Venomoth
|
|switch|p1a: Electabuzz|Electabuzz, L85|284\/284
|turn|7
|
|switch|p2a: Haunter|Haunter, L85|250\/250
|move|p1a: Electabuzz|Thunderbolt|p2a: Haunter
|-damage|p2a: Haunter|167\/250
|
|turn|8
|
|move|p1a: Electabuzz|Psychic|p2a: Haunter
|-supereffective|p2a: Haunter
|-damage|p2a: Haunter|58\/250
|-unboost|p2a: Haunter|spd|1
|-unboost|p2a: Haunter|spa|1
|move|p2a: Haunter|Hypnosis|p1a: Electabuzz
|-status|p1a: Electabuzz|slp
|
|turn|9
|
|switch|p1a: Raichu|Raichu, L85|276\/276
|move|p2a: Haunter|Confuse Ray|p1a: Raichu
|-start|p1a: Raichu|confusion
|
|turn|10
|
|switch|p2a: Mewtwo|Mewtwo, L70|293\/293
|-activate|p1a: Raichu|confusion
|-damage|p1a: Raichu|236\/276|[from] confusion
|
|turn|11
|
|-end|p1a: Raichu|confusion
|move|p1a: Raichu|Thunder Wave|p2a: Mewtwo
|-status|p2a: Mewtwo|par
|move|p2a: Mewtwo|Psychic|p1a: Raichu
|-damage|p1a: Raichu|145\/276
|-unboost|p1a: Raichu|spd|1
|-unboost|p1a: Raichu|spa|1
|
|turn|12
|
|switch|p1a: Exeggutor|Exeggutor, L79|312\/312
|move|p2a: Mewtwo|Psychic|p1a: Exeggutor
|-resisted|p1a: Exeggutor
|-damage|p1a: Exeggutor|271\/312
|
|turn|13
|
|move|p1a: Exeggutor|Egg Bomb|p2a: Mewtwo
|-damage|p2a: Mewtwo|227\/293 par
|move|p2a: Mewtwo|Blizzard|p1a: Exeggutor
|-supereffective|p1a: Exeggutor
|-damage|p1a: Exeggutor|140\/312
|
|turn|14
|
|switch|p1a: Dewgong|Dewgong, L85|327\/327
|move|p2a: Mewtwo|Body Slam|p1a: Dewgong
|-damage|p1a: Dewgong|282\/327
|-status|p1a: Dewgong|par
|
|turn|15
|
|move|p2a: Mewtwo|Psychic|p1a: Dewgong
|-damage|p1a: Dewgong|199\/327 par
|cant|p1a: Dewgong|par
|
|turn|16
|
|move|p2a: Mewtwo|Psychic|p1a: Dewgong
|-damage|p1a: Dewgong|114\/327 par
|-unboost|p1a: Dewgong|spd|1
|-unboost|p1a: Dewgong|spa|1
|move|p1a: Dewgong|Blizzard|p2a: Mewtwo
|-damage|p2a: Mewtwo|162\/293 par
|
|turn|17
|
|switch|p1a: Electabuzz|Electabuzz, L85|284\/284 slp
|cant|p2a: Mewtwo|par
|
|turn|18
|
|cant|p1a: Electabuzz|slp
|cant|p2a: Mewtwo|par
|
|turn|19
|
|cant|p1a: Electabuzz|slp
|move|p2a: Mewtwo|Recover|p2a: Mewtwo
|-heal|p2a: Mewtwo|293\/293 par
|
|turn|20
|
|cant|p1a: Electabuzz|slp
|-curestatus|p1a: Electabuzz|slp
|cant|p2a: Mewtwo|par
|
|turn|21
|c|★Tendoh|Oh, come on...
|
|move|p1a: Electabuzz|Thunderbolt|p2a: Mewtwo
|-damage|p2a: Mewtwo|211\/293 par
|move|p2a: Mewtwo|Psychic|p1a: Electabuzz
|-crit|p1a: Electabuzz
|-damage|p1a: Electabuzz|103\/284
|
|turn|22
|
|move|p1a: Electabuzz|Thunderbolt|p2a: Mewtwo
|-damage|p2a: Mewtwo|129\/293 par
|move|p2a: Mewtwo|Recover|p2a: Mewtwo
|-heal|p2a: Mewtwo|275\/293 par
|
|turn|23
|
|move|p1a: Electabuzz|Thunderbolt|p2a: Mewtwo
|-damage|p2a: Mewtwo|199\/293 par
|move|p2a: Mewtwo|Psychic|p1a: Electabuzz
|-damage|p1a: Electabuzz|6\/284
|-unboost|p1a: Electabuzz|spd|1
|-unboost|p1a: Electabuzz|spa|1
|
|turn|24
|
|move|p1a: Electabuzz|Seismic Toss|p2a: Mewtwo
|-damage|p2a: Mewtwo|114\/293 par
|move|p2a: Mewtwo|Recover|p2a: Mewtwo
|-heal|p2a: Mewtwo|260\/293 par
|
|turn|25
|
|move|p1a: Electabuzz|Seismic Toss|p2a: Mewtwo
|-damage|p2a: Mewtwo|175\/293 par
|move|p2a: Mewtwo|Body Slam|p1a: Electabuzz
|-damage|p1a: Electabuzz|0 fnt
|faint|p1a: Electabuzz
|
|switch|p1a: Exeggutor|Exeggutor, L79|140\/312
|turn|26
|
|move|p1a: Exeggutor|Egg Bomb|p2a: Mewtwo
|-damage|p2a: Mewtwo|108\/293 par
|move|p2a: Mewtwo|Recover|p2a: Mewtwo
|-heal|p2a: Mewtwo|254\/293 par
|
|turn|27
|
|move|p1a: Exeggutor|Egg Bomb|p2a: Mewtwo|[miss]
|-miss|p1a: Exeggutor
|cant|p2a: Mewtwo|par
|
|turn|28
|
|move|p1a: Exeggutor|Mega Drain|p2a: Mewtwo
|-damage|p2a: Mewtwo|219\/293 par
|-heal|p1a: Exeggutor|157\/312|[from] drain|[of] p2a: Mewtwo
|move|p2a: Mewtwo|Body Slam|p1a: Exeggutor
|-damage|p1a: Exeggutor|103\/312
|-status|p1a: Exeggutor|par
|
|turn|29
|
|move|p2a: Mewtwo|Blizzard|p1a: Exeggutor
|-crit|p1a: Exeggutor
|-supereffective|p1a: Exeggutor
|-damage|p1a: Exeggutor|0 fnt
|faint|p1a: Exeggutor
|
|switch|p1a: Nidorina|Nidorina, L90|309\/309
|turn|30
|
|move|p1a: Nidorina|Double-Edge|p2a: Mewtwo
|-damage|p2a: Mewtwo|140\/293 par
|-damage|p1a: Nidorina|290\/309|[from] recoil|[of] p2a: Mewtwo
|move|p2a: Mewtwo|Recover|p2a: Mewtwo
|-heal|p2a: Mewtwo|286\/293 par
|
|turn|31
|
|move|p1a: Nidorina|Double-Edge|p2a: Mewtwo
|-damage|p2a: Mewtwo|215\/293 par
|-damage|p1a: Nidorina|273\/309|[from] recoil|[of] p2a: Mewtwo
|move|p2a: Mewtwo|Psychic|p1a: Nidorina
|-supereffective|p1a: Nidorina
|-damage|p1a: Nidorina|36\/309
|-unboost|p1a: Nidorina|spd|1
|-unboost|p1a: Nidorina|spa|1
|
|turn|32
|
|move|p1a: Nidorina|Double-Edge|p2a: Mewtwo
|-crit|p2a: Mewtwo
|-damage|p2a: Mewtwo|76\/293 par
|-damage|p1a: Nidorina|2\/309|[from] recoil|[of] p2a: Mewtwo
|move|p2a: Mewtwo|Recover|p2a: Mewtwo
|-heal|p2a: Mewtwo|222\/293 par
|
|turn|33
|
|move|p1a: Nidorina|Double-Edge|p2a: Mewtwo
|-crit|p2a: Mewtwo
|-damage|p2a: Mewtwo|81\/293 par
|-damage|p1a: Nidorina|0 fnt|[from] recoil|[of] p2a: Mewtwo
|faint|p1a: Nidorina
|
|switch|p1a: Raichu|Raichu, L85|145\/276
|turn|34
|
|move|p1a: Raichu|Thunder|p2a: Mewtwo|[miss]
|-miss|p1a: Raichu
|move|p2a: Mewtwo|Recover|p2a: Mewtwo
|-heal|p2a: Mewtwo|227\/293 par
|
|turn|35
|
|move|p1a: Raichu|Thunder|p2a: Mewtwo
|-crit|p2a: Mewtwo
|-damage|p2a: Mewtwo|31\/293 par
|move|p2a: Mewtwo|Recover|p2a: Mewtwo
|-heal|p2a: Mewtwo|177\/293 par
|
|turn|36
|
|move|p1a: Raichu|Thunder|p2a: Mewtwo
|-crit|p2a: Mewtwo
|-damage|p2a: Mewtwo|0 fnt
|faint|p2a: Mewtwo
|
|switch|p2a: Scyther|Scyther, L85|207\/293 par
|turn|37
|
|move|p1a: Raichu|Thunder|p2a: Scyther
|-crit|p2a: Scyther
|-supereffective|p2a: Scyther
|-damage|p2a: Scyther|0 fnt
|faint|p2a: Scyther
|
|switch|p2a: Magneton|Magneton, L85|259\/259 slp
|turn|38
|
|move|p1a: Raichu|Surf|p2a: Magneton
|-damage|p2a: Magneton|202\/259 slp
|cant|p2a: Magneton|slp
|
|turn|39
|
|move|p1a: Raichu|Surf|p2a: Magneton
|-damage|p2a: Magneton|153\/259 slp
|cant|p2a: Magneton|slp
|
|turn|40
|
|move|p1a: Raichu|Body Slam|p2a: Magneton
|-crit|p2a: Magneton
|-damage|p2a: Magneton|47\/259 slp
|cant|p2a: Magneton|slp
|
|turn|41
|
|move|p1a: Raichu|Body Slam|p2a: Magneton
|-damage|p2a: Magneton|0 fnt
|faint|p2a: Magneton
|
|switch|p2a: Dewgong|Dewgong, L85|327\/327
|turn|42
|
|switch|p1a: Dewgong|Dewgong, L85|114\/327 par
|move|p2a: Dewgong|Body Slam|p1a: Dewgong
|-damage|p1a: Dewgong|57\/327 par
|
|turn|43
|
|move|p2a: Dewgong|Surf|p1a: Dewgong
|-resisted|p1a: Dewgong
|-damage|p1a: Dewgong|7\/327 par
|move|p1a: Dewgong|Body Slam|p2a: Dewgong
|-damage|p2a: Dewgong|271\/327
|
|turn|44
|
|move|p2a: Dewgong|Body Slam|p1a: Dewgong
|-damage|p1a: Dewgong|0 fnt
|faint|p1a: Dewgong
|
|switch|p1a: Raichu|Raichu, L85|145\/276
|turn|45
|
|move|p1a: Raichu|Thunder|p2a: Dewgong
|-crit|p2a: Dewgong
|-supereffective|p2a: Dewgong
|-damage|p2a: Dewgong|0 fnt
|faint|p2a: Dewgong
|
|switch|p2a: Haunter|Haunter, L85|58\/250
|turn|46
|
|move|p1a: Raichu|Thunder|p2a: Haunter
|-damage|p2a: Haunter|0 fnt
|faint|p2a: Haunter
|
|win|20pontosOTANfysaei
|raw|Ladder updating...
|raw|20pontosOTANfysaei's rating: 1451 &rarr; <strong>1468<\/strong><br \/>(+17 for winning)
|raw|Tendoh's rating: 1402 &rarr; <strong>1385<\/strong><br \/>(-17 for losing)
|leave|Tendoh
|player|p2