|join|Heatchcliff
|join|andrewandres
|player|p1|Heatchcliff|161
|player|p2|andrewandres|170
|gametype|singles
|gen|1
|tier|[Gen 1] Random Battle
|seed|33399,54577,9458,18083
|rule|Sleep Clause Mod: Limit one foe put to sleep
|rule|Freeze Clause Mod: Limit one foe frozen
|rule|HP Percentage Mod: HP is shown in percentages
|
|start
|switch|p1a: Seaking|Seaking, L90|327\/327
|switch|p2a: Dewgong|Dewgong, L85|327\/327
|turn|1
|choice|move 4|move 2
|
|move|p1a: Seaking|Hyper Beam|p2a: Dewgong|[miss]
|-miss|p1a: Seaking
|move|p2a: Dewgong|Blizzard|p1a: Seaking
|-resisted|p1a: Seaking
|-damage|p1a: Seaking|263\/327
|
|turn|2
|join|Joya Hax Rules
|leave|Joya Hax Rules
|join|ivanXTR700000
|c|★Heatchcliff|buena suerte :v
|c|★andrewandres|igualmente
|join|pigwif
|choice|move 2|move 4
|
|move|p1a: Seaking|Surf|p2a: Dewgong
|-resisted|p2a: Dewgong
|-damage|p2a: Dewgong|280\/327
|move|p2a: Dewgong|Body Slam|p1a: Seaking
|-damage|p1a: Seaking|210\/327
|
|turn|3
|leave|pigwif
|choice|move 1|move 4
|
|move|p1a: Seaking|Double-Edge|p2a: Dewgong
|-damage|p2a: Dewgong|204\/327
|-damage|p1a: Seaking|191\/327|[from] recoil|[of] p2a: Dewgong
|move|p2a: Dewgong|Body Slam|p1a: Seaking
|-damage|p1a: Seaking|136\/327
|
|turn|4
|join|Zarapastruca
|join|Larsen
|c|★andrewandres|pene
|c|★andrewandres|teta
|c|★andrewandres|culo
|choice|move 4|move 2
|
|move|p1a: Seaking|Hyper Beam|p2a: Dewgong
|-damage|p2a: Dewgong|86\/327
|move|p2a: Dewgong|Blizzard|p1a: Seaking
|-resisted|p1a: Seaking
|-damage|p1a: Seaking|69\/327
|
|turn|5
|-mustrecharge|p1a: Seaking
|c|★andrewandres|vagina
|c|★andrewandres|:B
|c|★Heatchcliff|Ke
|-mustrecharge|p1a: Seaking
|choice|move 1|switch 2
|
|switch|p2a: Persian|Persian, L79|265\/265
|cant|p1a: Seaking|recharge
|
|turn|6
|c| Larsen|cococha
|choice|move 3|move 3
|
|move|p2a: Persian|Thunderbolt|p1a: Seaking
|-supereffective|p1a: Seaking
|-damage|p1a: Seaking|0 fnt
|faint|p1a: Seaking
|c|★andrewandres|aqui esta
|c|★andrewandres|MISTER CRITICO
|c|★andrewandres|:D
|c|★andrewandres|lo veras en accion
|choice|switch 6|
|
|switch|p1a: Jolteon|Jolteon, L79|265\/265
|turn|7
|choice|move 1|switch 3
|
|switch|p2a: Sandshrew|Sandshrew, L96|291\/291
|move|p1a: Jolteon|Thunderbolt|p2a: Sandshrew
|-immune|p2a: Sandshrew|[msg]
|
|turn|8
|choice|move 2|move 3
|
|move|p1a: Jolteon|Thunder Wave|p2a: Sandshrew
|-immune|p2a: Sandshrew|[msg]
|move|p2a: Sandshrew|Body Slam|p1a: Jolteon
|-damage|p1a: Jolteon|180\/265
|
|turn|9
|leave|Zarapastruca
|choice|switch 2|move 1
|
|switch|p1a: Golduck|Golduck, L85|310\/310
|move|p2a: Sandshrew|Earthquake|p1a: Golduck
|-damage|p1a: Golduck|179\/310
|
|turn|10
|choice|move 4|switch 2
|
|switch|p2a: Dewgong|Dewgong, L85|86\/327
|move|p1a: Golduck|Surf|p2a: Dewgong
|-resisted|p2a: Dewgong
|-damage|p2a: Dewgong|42\/327
|
|turn|11
|choice|move 2|move 4
|
|move|p1a: Golduck|Body Slam|p2a: Dewgong
|-damage|p2a: Dewgong|0 fnt
|faint|p2a: Dewgong
|choice||switch 4
|
|switch|p2a: Kingler|Kingler, L85|267\/267
|turn|12
|choice|move 2|move 3
|
|move|p1a: Golduck|Body Slam|p2a: Kingler
|-damage|p2a: Kingler|220\/267
|move|p2a: Kingler|Body Slam|p1a: Golduck
|-damage|p1a: Golduck|103\/310
|
|turn|13
|choice|switch 2|move 2
|
|switch|p1a: Jolteon|Jolteon, L79|180\/265
|move|p2a: Kingler|Swords Dance|p2a: Kingler
|-boost|p2a: Kingler|atk|2
|
|turn|14
|leave|ivanXTR700000
|choice|move 2|switch 2
|
|switch|p2a: Sandshrew|Sandshrew, L96|291\/291
|move|p1a: Jolteon|Thunder Wave|p2a: Sandshrew
|-immune|p2a: Sandshrew|[msg]
|
|turn|15
|choice|move 4|move 1
|
|move|p1a: Jolteon|Pin Missile|p2a: Sandshrew
|-crit|p2a: Sandshrew
|-damage|p2a: Sandshrew|279\/291
|-damage|p2a: Sandshrew|267\/291
|-damage|p2a: Sandshrew|255\/291
|-hitcount|p2a: Sandshrew|3
|move|p2a: Sandshrew|Earthquake|p1a: Jolteon
|-supereffective|p1a: Jolteon
|-damage|p1a: Jolteon|0 fnt
|faint|p1a: Jolteon
|choice|switch 2|
|
|switch|p1a: Golduck|Golduck, L85|103\/310
|turn|16
|c| Larsen|un critico hizo lo mismo que uno normal?
|choice|move 4|switch 2
|
|switch|p2a: Kingler|Kingler, L85|220\/267
|move|p1a: Golduck|Surf|p2a: Kingler
|-resisted|p2a: Kingler
|-damage|p2a: Kingler|158\/267
|
|turn|17
|choice|move 2|move 2
|
|move|p1a: Golduck|Body Slam|p2a: Kingler
|-damage|p2a: Kingler|111\/267
|-status|p2a: Kingler|par
|cant|p2a: Kingler|par
|
|turn|18
|c|★andrewandres|claro q si..
|c|★andrewandres|estas descalificado
|c|★andrewandres|has pasado de los 240
|choice|move 2|move 4
|
|move|p1a: Golduck|Body Slam|p2a: Kingler
|-crit|p2a: Kingler
|-damage|p2a: Kingler|21\/267 par
|move|p2a: Kingler|Hyper Beam|p1a: Golduck
|-damage|p1a: Golduck|0 fnt
|faint|p1a: Golduck
|c|★andrewandres|como se puede ser TAN LENTO ??
|choice|switch 4|
|
|switch|p1a: Metapod|Metapod, L99|300\/300
|turn|19
|choice|move 3|switch 6
|
|switch|p2a: Beedrill|Beedrill, L90|300\/300
|move|p1a: Metapod|Harden|p1a: Metapod
|-boost|p1a: Metapod|def|1
|
|turn|20
|c|★Heatchcliff|Mi internet es lento :v
|choice|move 3|move 3
|
|move|p2a: Beedrill|Agility|p2a: Beedrill
|-boost|p2a: Beedrill|spe|2
|move|p1a: Metapod|Harden|p1a: Metapod
|-boost|p1a: Metapod|def|1
|
|turn|21
|c|★andrewandres|pues deja de descargar pornografia
|c|★andrewandres|veras como te va mas rapido
|c|★andrewandres|jajajajajja
|choice|move 3|move 4
|
|move|p2a: Beedrill|Swords Dance|p2a: Beedrill
|-boost|p2a: Beedrill|atk|2
|move|p1a: Metapod|Harden|p1a: Metapod
|-boost|p1a: Metapod|def|1
|
|turn|22
|choice|move 3|move 4
|
|move|p2a: Beedrill|Swords Dance|p2a: Beedrill
|-boost|p2a: Beedrill|atk|2
|move|p1a: Metapod|Harden|p1a: Metapod
|-boost|p1a: Metapod|def|1
|
|turn|23
|c|★Heatchcliff|jajajajaja
|choice|move 3|move 4
|
|move|p2a: Beedrill|Swords Dance|p2a: Beedrill
|-boost|p2a: Beedrill|atk|2
|move|p1a: Metapod|Harden|p1a: Metapod
|-boost|p1a: Metapod|def|1
|
|turn|24
|join|BlackyDucky
|join|Gengar201
|join|DdeDani
|choice|move 3|move 2
|
|move|p2a: Beedrill|Twineedle|p1a: Metapod
|-damage|p1a: Metapod|265\/300
|-damage|p1a: Metapod|230\/300
|-hitcount|p1a: Metapod|2
|move|p1a: Metapod|Harden|p1a: Metapod
|-boost|p1a: Metapod|def|1
|
|turn|25
|join|NTN-42B
|choice|move 3|move 2
|
|move|p2a: Beedrill|Twineedle|p1a: Metapod
|-damage|p1a: Metapod|200\/300
|-damage|p1a: Metapod|170\/300
|-status|p1a: Metapod|psn
|-hitcount|p1a: Metapod|2
|move|p1a: Metapod|Harden|p1a: Metapod
|-boost|p1a: Metapod|def|1
|-damage|p1a: Metapod|152\/300 psn|[from] psn
|
|turn|26
|c| BlackyDucky|sydwandres
|c|★andrewandres|gg
|c| BlackyDucky|andrewilson
|choice|move 2|move 2
|
|move|p2a: Beedrill|Twineedle|p1a: Metapod
|-damage|p1a: Metapod|123\/300 psn
|-damage|p1a: Metapod|94\/300 psn
|-hitcount|p1a: Metapod|2
|move|p1a: Metapod|Tackle|p2a: Beedrill
|-damage|p2a: Beedrill|277\/300
|-damage|p1a: Metapod|76\/300 psn|[from] psn|[of] p2a: Beedrill
|
|turn|27
|leave|DdeDani
|choice|move 2|move 2
|
|move|p2a: Beedrill|Twineedle|p1a: Metapod
|-damage|p1a: Metapod|44\/300 psn
|-damage|p1a: Metapod|12\/300 psn
|-hitcount|p1a: Metapod|2
|move|p1a: Metapod|Tackle|p2a: Beedrill
|-damage|p2a: Beedrill|254\/300
|-damage|p1a: Metapod|0 fnt|[from] psn|[of] p2a: Beedrill
|faint|p1a: Metapod
|join|DAVID131
|join|LaLegendaOtaku
|c| NTN-42B|No se tapod
|c| NTN-42B|*Ba dum tss*
|c|★andrewandres|¿?
|leave|LaLegendaOtaku
|choice|switch 3|
|
|switch|p1a: Alakazam|Alakazam, L79|249\/249
|turn|28
|c|★andrewandres|gg
|c| DAVID131|usa a mega beedrill no?
|c|★andrewandres|XDXDXD
|choice|move 3|move 2
|
|move|p2a: Beedrill|Twineedle|p1a: Alakazam
|-crit|p1a: Alakazam
|-supereffective|p1a: Alakazam
|-damage|p1a: Alakazam|79\/249
|-damage|p1a: Alakazam|0 fnt
|-hitcount|p1a: Alakazam|2
|faint|p1a: Alakazam
|join|rekirava
|c| NTN-42B|No, a Mega Alakazam con Focus Sash.
|c| DAVID131|:v
|choice|switch 5|
|
|switch|p1a: Arbok|Arbok, L90|291\/291
|turn|29
|c| BlackyDucky|http:\/\/play.pokemonshowdown.com\/battle-gen1randombattle-293559310
|choice|move 4|move 2
|
|move|p2a: Beedrill|Twineedle|p1a: Arbok
|-supereffective|p1a: Arbok
|-damage|p1a: Arbok|38\/291
|-damage|p1a: Arbok|0 fnt
|-hitcount|p1a: Arbok|2
|faint|p1a: Arbok
|
|win|andrewandres
|c| Gengar201|ese em m-beedrill
|c| DAVID131|bueno me voy a todo gas :v
|join|Zarapastruca
|leave|DAVID131
|leave|andrewandres
|player|p2
|leave|Heatchcliff
|player|p1
|leave|Zarapastruca
|leave|NTN-42B
|leave|Larsen
|leave|rekirava
|leave|Gengar201
|join|shvwoei
|leave|shvwoei