|j|SinisterHFigure
|j|barbows
|player|p1|SinisterHFigure|269
|player|p2|barbows|266
|gametype|singles
|gen|1
|tier|[Gen 1] OU
|rated
|seed|5495,55724,38351,13524
|rule|Sleep Clause Mod: Limit one foe put to sleep
|rule|Freeze Clause Mod: Limit one foe frozen
|rule|Species Clause: Limit one of each Pokémon
|rule|OHKO Clause: OHKO moves are banned
|rule|Evasion Moves Clause: Evasion moves are banned
|rule|HP Percentage Mod: HP is shown in percentages
|
|start
|switch|p1a: Wickel|Dragonair|325\/325
|switch|p2a: Hypper than Hypno|Gengar|323\/323
|turn|1
|choice|move 2|move 1
|
|move|p2a: Hypper than Hypno|Hypnosis|p1a: Wickel
|-status|p1a: Wickel|slp
|cant|p1a: Wickel|slp
|
|turn|2
|choice|switch 2|switch 2
|
|switch|p2a: Fat n' Cute|Chansey|703\/703
|switch|p1a: 幸福蛋 ब्लिसी|Chansey|703\/703
|
|turn|3
|choice|move 1|move 3
|
|move|p1a: 幸福蛋 ब्लिसी|Thunder Wave|p2a: Fat n' Cute
|-status|p2a: Fat n' Cute|par
|cant|p2a: Fat n' Cute|par
|
|turn|4
|choice|move 3|move 3
|
|move|p1a: 幸福蛋 ब्लिसी|Seismic Toss|p2a: Fat n' Cute
|-damage|p2a: Fat n' Cute|603\/703 par
|cant|p2a: Fat n' Cute|par
|
|turn|5
|choice|switch 6|move 3
|
|switch|p1a: Schnapper|Cloyster|303\/303
|cant|p2a: Fat n' Cute|par
|
|turn|6
|choice|move 1|move 4
|
|move|p1a: Schnapper|Clamp|p2a: Fat n' Cute
|-damage|p2a: Fat n' Cute|564\/703 par
|-activate|p2a: Fat n' Cute|move: Clamp|[of] p1a: Schnapper
|cant|p2a: Fat n' Cute|par
|
|turn|7
|c|★barbows|damn, thats some hax you've got there haha
|choice|switch 4|switch 3
|
|switch|p1a: Constricción|Arbok|323\/323
|switch|p2a: Robert Plant|Exeggutor|393\/393
|
|turn|8
|choice|move 2|move 2
|
|move|p1a: Constricción|Wrap|p2a: Robert Plant
|-damage|p2a: Robert Plant|382\/393
|-activate|p2a: Robert Plant|move: Wrap|[of] p1a: Constricción
|cant|p2a: Robert Plant|partiallytrapped
|
|turn|9
|choice|switch 2|switch 2
|
|switch|p1a: Wickel|Dragonair|325\/325 slp
|switch|p2a: Hypper than Hypno|Gengar|323\/323
|
|turn|10
|choice|move 2|switch 3
|
|switch|p2a: Fat n' Cute|Chansey|564\/703 par
|cant|p1a: Wickel|slp
|
|turn|11
|choice|switch 4|move 3
|
|switch|p1a: Schnapper|Cloyster|303\/303
|move|p2a: Fat n' Cute|Ice Beam|p1a: Schnapper
|-resisted|p1a: Schnapper
|-damage|p1a: Schnapper|284\/303
|
|turn|12
|choice|move 1|move 4
|
|move|p1a: Schnapper|Clamp|p2a: Fat n' Cute
|-damage|p2a: Fat n' Cute|525\/703 par
|-activate|p2a: Fat n' Cute|move: Clamp|[of] p1a: Schnapper
|cant|p2a: Fat n' Cute|partiallytrapped
|
|turn|13
|choice|switch 2|switch 2
|
|switch|p1a: Constricción|Arbok|323\/323
|switch|p2a: Robert Plant|Exeggutor|382\/393
|
|turn|14
|choice|move 1|move 2
|
|move|p1a: Constricción|Glare|p2a: Robert Plant
|-status|p2a: Robert Plant|par
|cant|p2a: Robert Plant|par
|
|turn|15
|choice|move 2|move 2
|
|move|p1a: Constricción|Wrap|p2a: Robert Plant
|-crit|p2a: Robert Plant
|-damage|p2a: Robert Plant|357\/393 par
|-activate|p2a: Robert Plant|move: Wrap|[of] p1a: Constricción
|cant|p2a: Robert Plant|par
|
|turn|16
|choice|move 2|switch 4
|
|switch|p2a: Worst spc|Golem|363\/363
|move|p1a: Constricción|Wrap|p2a: Worst spc
|-resisted|p2a: Worst spc
|-damage|p2a: Worst spc|359\/363
|-activate|p2a: Worst spc|move: Wrap|[of] p1a: Constricción
|
|turn|17
|choice|move 2|switch 6
|
|switch|p2a: I Have Harden|Cloyster|303\/303
|move|p1a: Constricción|Wrap|p2a: I Have Harden
|-crit|p2a: I Have Harden
|-damage|p2a: I Have Harden|289\/303
|-activate|p2a: I Have Harden|move: Wrap|[of] p1a: Constricción
|
|turn|18
|choice|move 2|switch 3
|
|switch|p2a: Hypper than Hypno|Gengar|323\/323
|move|p1a: Constricción|Wrap|p2a: Hypper than Hypno
|-damage|p2a: Hypper than Hypno|323\/323
|-activate|p2a: Hypper than Hypno|move: Wrap|[of] p1a: Constricción
|
|turn|19
|choice|switch 4|switch 6
|
|switch|p2a: Worst spc|Golem|359\/363
|switch|p1a: Wickel|Dragonair|325\/325 slp
|
|turn|20
|choice|move 3|move 1
|
|-curestatus|p1a: Wickel|slp
|move|p2a: Worst spc|Rock Slide|p1a: Wickel
|-damage|p1a: Wickel|202\/325
|
|turn|21
|choice|move 3|switch 2
|
|switch|p2a: Fat n' Cute|Chansey|525\/703 par
|move|p1a: Wickel|Surf|p2a: Fat n' Cute
|-damage|p2a: Fat n' Cute|463\/703 par
|
|turn|22
|choice|move 1|move 1
|
|move|p1a: Wickel|Wrap|p2a: Fat n' Cute
|-damage|p2a: Fat n' Cute|435\/703 par
|-activate|p2a: Fat n' Cute|move: Wrap|[of] p1a: Wickel
|cant|p2a: Fat n' Cute|partiallytrapped
|
|turn|23
|choice|move 1|switch 6
|
|switch|p2a: Hypper than Hypno|Gengar|323\/323
|move|p1a: Wickel|Wrap|p2a: Hypper than Hypno
|-damage|p2a: Hypper than Hypno|323\/323
|-activate|p2a: Hypper than Hypno|move: Wrap|[of] p1a: Wickel
|
|turn|24
|choice|switch 4|switch 2
|
|switch|p2a: Worst spc|Golem|359\/363
|switch|p1a: Constricción|Arbok|323\/323
|
|turn|25
|choice|move 2|switch 6
|
|switch|p2a: Fat n' Cute|Chansey|435\/703 par
|move|p1a: Constricción|Wrap|p2a: Fat n' Cute
|-crit|p2a: Fat n' Cute
|-damage|p2a: Fat n' Cute|375\/703 par
|-activate|p2a: Fat n' Cute|move: Wrap|[of] p1a: Constricción
|
|turn|26
|choice|move 2|switch 2
|
|switch|p2a: Hypper than Hypno|Gengar|323\/323
|move|p1a: Constricción|Wrap|p2a: Hypper than Hypno
|-damage|p2a: Hypper than Hypno|323\/323
|-activate|p2a: Hypper than Hypno|move: Wrap|[of] p1a: Constricción
|
|turn|27
|choice|move 2|move 1
|
|cant|p2a: Hypper than Hypno|partiallytrapped
|move|p1a: Constricción|Wrap|p2a: Hypper than Hypno
|-damage|p2a: Hypper than Hypno|323\/323
|
|turn|28
|choice|move 2|move 1
|
|cant|p2a: Hypper than Hypno|partiallytrapped
|move|p1a: Constricción|Wrap|p2a: Hypper than Hypno
|-damage|p2a: Hypper than Hypno|323\/323
|
|-end|p2a: Hypper than Hypno|Wrap|[partiallytrapped]
|turn|29
|choice|move 1|move 1
|
|move|p2a: Hypper than Hypno|Hypnosis|p1a: Constricción
|-status|p1a: Constricción|slp
|cant|p1a: Constricción|slp
|
|turn|30
|choice|move 1|move 3
|
|move|p2a: Hypper than Hypno|Thunderbolt|p1a: Constricción
|-crit|p1a: Constricción
|-damage|p1a: Constricción|82\/323 slp
|cant|p1a: Constricción|slp
|
|turn|31
|choice|switch 6|move 3
|
|switch|p1a: 幸福蛋 ब्लिसी|Chansey|703\/703
|move|p2a: Hypper than Hypno|Thunderbolt|p1a: 幸福蛋 ब्लिसी
|-damage|p1a: 幸福蛋 ब्लिसी|611\/703
|
|turn|32
|choice|move 4|switch 2
|
|switch|p2a: Fat n' Cute|Chansey|375\/703 par
|move|p1a: 幸福蛋 ब्लिसी|Psychic|p2a: Fat n' Cute
|-damage|p2a: Fat n' Cute|302\/703 par
|
|turn|33
|choice|switch 2|move 1
|
|switch|p1a: Schnapper|Cloyster|284\/303
|move|p2a: Fat n' Cute|Soft-Boiled|p2a: Fat n' Cute
|-heal|p2a: Fat n' Cute|653\/703 par
|
|turn|34
|choice|move 1|move 4
|
|move|p1a: Schnapper|Clamp|p2a: Fat n' Cute
|-damage|p2a: Fat n' Cute|618\/703 par
|-activate|p2a: Fat n' Cute|move: Clamp|[of] p1a: Schnapper
|cant|p2a: Fat n' Cute|partiallytrapped
|
|turn|35
|choice|switch 4|switch 4
|
|switch|p1a: Wickel|Dragonair|202\/325
|switch|p2a: Robert Plant|Exeggutor|357\/393 par
|
|turn|36
|choice|move 4|move 2
|
|move|p1a: Wickel|Agility|p1a: Wickel
|-boost|p1a: Wickel|spe|2
|move|p2a: Robert Plant|Psychic|p1a: Wickel
|-damage|p1a: Wickel|55\/325
|
|turn|37
|choice|move 1|move 2
|
|move|p1a: Wickel|Wrap|p2a: Robert Plant
|-damage|p2a: Robert Plant|344\/393 par
|-activate|p2a: Robert Plant|move: Wrap|[of] p1a: Wickel
|cant|p2a: Robert Plant|partiallytrapped
|
|turn|38
|choice|move 1|switch 2
|
|switch|p2a: Hypper than Hypno|Gengar|323\/323
|move|p1a: Wickel|Wrap|p2a: Hypper than Hypno
|-damage|p2a: Hypper than Hypno|323\/323
|-activate|p2a: Hypper than Hypno|move: Wrap|[of] p1a: Wickel
|
|turn|39
|choice|move 1|switch 6
|
|switch|p2a: Worst spc|Golem|359\/363
|move|p1a: Wickel|Wrap|p2a: Worst spc
|-resisted|p2a: Worst spc
|-damage|p2a: Worst spc|355\/363
|-activate|p2a: Worst spc|move: Wrap|[of] p1a: Wickel
|
|turn|40
|choice|move 1|switch 6
|
|switch|p2a: Hypper than Hypno|Gengar|323\/323
|move|p1a: Wickel|Wrap|p2a: Hypper than Hypno
|-damage|p2a: Hypper than Hypno|323\/323
|-activate|p2a: Hypper than Hypno|move: Wrap|[of] p1a: Wickel
|
|turn|41
|choice|move 1|switch 6
|
|switch|p2a: Worst spc|Golem|355\/363
|move|p1a: Wickel|Wrap|p2a: Worst spc|[miss]
|-miss|p1a: Wickel
|
|turn|42
|choice|move 3|switch 4
|
|switch|p2a: Fat n' Cute|Chansey|618\/703 par
|move|p1a: Wickel|Surf|p2a: Fat n' Cute
|-damage|p2a: Fat n' Cute|563\/703 par
|
|turn|43
|choice|move 1|move 3
|
|move|p1a: Wickel|Wrap|p2a: Fat n' Cute|[miss]
|-miss|p1a: Wickel
|cant|p2a: Fat n' Cute|par
|
|turn|44
|c|★barbows|fucking hax
|choice|move 1|move 3
|
|move|p1a: Wickel|Wrap|p2a: Fat n' Cute
|-damage|p2a: Fat n' Cute|535\/703 par
|-activate|p2a: Fat n' Cute|move: Wrap|[of] p1a: Wickel
|cant|p2a: Fat n' Cute|partiallytrapped
|
|turn|45
|c|★barbows|i've had one turn with my chansey
|c|★barbows|one
|choice|move 1|switch 6
|
|switch|p2a: Hypper than Hypno|Gengar|323\/323
|move|p1a: Wickel|Wrap|p2a: Hypper than Hypno
|-damage|p2a: Hypper than Hypno|323\/323
|-activate|p2a: Hypper than Hypno|move: Wrap|[of] p1a: Wickel
|
|turn|46
|choice|move 1|switch 4
|
|switch|p2a: Worst spc|Golem|355\/363
|move|p1a: Wickel|Wrap|p2a: Worst spc
|-resisted|p2a: Worst spc
|-damage|p2a: Worst spc|351\/363
|-activate|p2a: Worst spc|move: Wrap|[of] p1a: Wickel
|
|turn|47
|choice|move 1|switch 4
|
|switch|p2a: Hypper than Hypno|Gengar|323\/323
|move|p1a: Wickel|Wrap|p2a: Hypper than Hypno|[miss]
|-miss|p1a: Wickel
|
|turn|48
|choice|move 2|move 3
|
|move|p1a: Wickel|Thunder Wave|p2a: Hypper than Hypno
|-status|p2a: Hypper than Hypno|par
|cant|p2a: Hypper than Hypno|par
|
|turn|49
|choice|move 1|move 3
|
|move|p1a: Wickel|Wrap|p2a: Hypper than Hypno
|-damage|p2a: Hypper than Hypno|323\/323 par
|-activate|p2a: Hypper than Hypno|move: Wrap|[of] p1a: Wickel
|cant|p2a: Hypper than Hypno|partiallytrapped
|
|turn|50
|c|★barbows|this is ridiculous hahaha
|choice|move 1|switch 4
|
|switch|p2a: Worst spc|Golem|351\/363
|move|p1a: Wickel|Wrap|p2a: Worst spc|[miss]
|-miss|p1a: Wickel
|
|turn|51
|choice|move 3|switch 6
|
|switch|p2a: Fat n' Cute|Chansey|535\/703 par
|move|p1a: Wickel|Surf|p2a: Fat n' Cute
|-damage|p2a: Fat n' Cute|478\/703 par
|
|turn|52
|choice|move 1|move 3
|
|move|p1a: Wickel|Wrap|p2a: Fat n' Cute
|-damage|p2a: Fat n' Cute|447\/703 par
|-activate|p2a: Fat n' Cute|move: Wrap|[of] p1a: Wickel
|cant|p2a: Fat n' Cute|partiallytrapped
|
|turn|53
|choice|move 1|switch 4
|
|switch|p2a: Hypper than Hypno|Gengar|323\/323 par
|move|p1a: Wickel|Wrap|p2a: Hypper than Hypno|[miss]
|-miss|p1a: Wickel
|
|turn|54
|choice|move 1|move 3
|
|move|p1a: Wickel|Wrap|p2a: Hypper than Hypno
|-damage|p2a: Hypper than Hypno|323\/323 par
|-activate|p2a: Hypper than Hypno|move: Wrap|[of] p1a: Wickel
|cant|p2a: Hypper than Hypno|partiallytrapped
|
|turn|55
|choice|move 1|switch 6
|
|switch|p2a: Worst spc|Golem|351\/363
|move|p1a: Wickel|Wrap|p2a: Worst spc
|-crit|p2a: Worst spc
|-resisted|p2a: Worst spc
|-damage|p2a: Worst spc|342\/363
|-activate|p2a: Worst spc|move: Wrap|[of] p1a: Wickel
|
|turn|56
|choice|move 1|switch 6
|
|switch|p2a: Hypper than Hypno|Gengar|323\/323 par
|move|p1a: Wickel|Wrap|p2a: Hypper than Hypno
|-damage|p2a: Hypper than Hypno|323\/323 par
|-activate|p2a: Hypper than Hypno|move: Wrap|[of] p1a: Wickel
|
|turn|57
|choice|move 1|switch 6
|
|switch|p2a: Worst spc|Golem|342\/363
|move|p1a: Wickel|Wrap|p2a: Worst spc
|-resisted|p2a: Worst spc
|-damage|p2a: Worst spc|338\/363
|-activate|p2a: Worst spc|move: Wrap|[of] p1a: Wickel
|
|turn|58
|choice|move 1|switch 6
|
|switch|p2a: Hypper than Hypno|Gengar|323\/323 par
|move|p1a: Wickel|Wrap|p2a: Hypper than Hypno
|-damage|p2a: Hypper than Hypno|323\/323 par
|-activate|p2a: Hypper than Hypno|move: Wrap|[of] p1a: Wickel
|
|turn|59
|choice|move 1|switch 6
|
|switch|p2a: Worst spc|Golem|338\/363
|move|p1a: Wickel|Wrap|p2a: Worst spc
|-resisted|p2a: Worst spc
|-damage|p2a: Worst spc|334\/363
|-activate|p2a: Worst spc|move: Wrap|[of] p1a: Wickel
|
|turn|60
|choice|move 1|switch 6
|
|switch|p2a: Hypper than Hypno|Gengar|323\/323 par
|move|p1a: Wickel|Wrap|p2a: Hypper than Hypno
|-damage|p2a: Hypper than Hypno|323\/323 par
|-activate|p2a: Hypper than Hypno|move: Wrap|[of] p1a: Wickel
|
|turn|61
|choice|move 1|switch 6
|
|switch|p2a: Worst spc|Golem|334\/363
|move|p1a: Wickel|Wrap|p2a: Worst spc
|-resisted|p2a: Worst spc
|-damage|p2a: Worst spc|330\/363
|-activate|p2a: Worst spc|move: Wrap|[of] p1a: Wickel
|
|turn|62
|choice|move 1|switch 6
|
|switch|p2a: Hypper than Hypno|Gengar|323\/323 par
|move|p1a: Wickel|Wrap|p2a: Hypper than Hypno
|-damage|p2a: Hypper than Hypno|323\/323 par
|-activate|p2a: Hypper than Hypno|move: Wrap|[of] p1a: Wickel
|
|turn|63
|choice|move 1|switch 6
|
|switch|p2a: Worst spc|Golem|330\/363
|move|p1a: Wickel|Wrap|p2a: Worst spc
|-resisted|p2a: Worst spc
|-damage|p2a: Worst spc|326\/363
|-activate|p2a: Worst spc|move: Wrap|[of] p1a: Wickel
|
|turn|64
|choice|move 1|switch 6
|
|switch|p2a: Hypper than Hypno|Gengar|323\/323 par
|move|p1a: Wickel|Wrap|p2a: Hypper than Hypno
|-damage|p2a: Hypper than Hypno|323\/323 par
|-activate|p2a: Hypper than Hypno|move: Wrap|[of] p1a: Wickel
|
|turn|65
|choice|switch 4|switch 6
|
|switch|p1a: Schnapper|Cloyster|284\/303
|switch|p2a: Worst spc|Golem|326\/363
|
|turn|66
|choice|move 1|switch 4
|
|switch|p2a: Fat n' Cute|Chansey|447\/703 par
|move|p1a: Schnapper|Clamp|p2a: Fat n' Cute
|-damage|p2a: Fat n' Cute|410\/703 par
|-activate|p2a: Fat n' Cute|move: Clamp|[of] p1a: Schnapper
|
|turn|67
|choice|move 1|switch 2
|
|switch|p2a: Robert Plant|Exeggutor|344\/393 par
|move|p1a: Schnapper|Clamp|p2a: Robert Plant
|-crit|p2a: Robert Plant
|-resisted|p2a: Robert Plant
|-damage|p2a: Robert Plant|312\/393 par
|-activate|p2a: Robert Plant|move: Clamp|[of] p1a: Schnapper
|
|turn|68
|choice|switch 4|switch 3
|
|switch|p1a: Wickel|Dragonair|55\/325
|switch|p2a: I Have Harden|Cloyster|289\/303
|
|turn|69
|choice|move 3|switch 2
|
|switch|p2a: Fat n' Cute|Chansey|410\/703 par
|move|p1a: Wickel|Surf|p2a: Fat n' Cute
|-damage|p2a: Fat n' Cute|351\/703 par
|
|turn|70
|choice|move 1|move 1
|
|move|p1a: Wickel|Wrap|p2a: Fat n' Cute
|-damage|p2a: Fat n' Cute|321\/703 par
|-activate|p2a: Fat n' Cute|move: Wrap|[of] p1a: Wickel
|cant|p2a: Fat n' Cute|partiallytrapped
|
|turn|71
|j|smilzo
|choice|switch 4|switch 6
|
|switch|p1a: Schnapper|Cloyster|284\/303
|switch|p2a: Hypper than Hypno|Gengar|323\/323 par
|
|turn|72
|choice|move 1|move 3
|
|move|p1a: Schnapper|Clamp|p2a: Hypper than Hypno
|-damage|p2a: Hypper than Hypno|289\/323 par
|-activate|p2a: Hypper than Hypno|move: Clamp|[of] p1a: Schnapper
|cant|p2a: Hypper than Hypno|partiallytrapped
|
|turn|73
|choice|move 1|switch 2
|
|switch|p2a: I Have Harden|Cloyster|289\/303
|move|p1a: Schnapper|Clamp|p2a: I Have Harden|[miss]
|-miss|p1a: Schnapper
|
|turn|74
|choice|move 1|move 1
|
|move|p1a: Schnapper|Clamp|p2a: I Have Harden
|-resisted|p2a: I Have Harden
|-damage|p2a: I Have Harden|269\/303
|-activate|p2a: I Have Harden|move: Clamp|[of] p1a: Schnapper
|cant|p2a: I Have Harden|partiallytrapped
|
|turn|75
|choice|move 1|switch 3
|
|switch|p2a: Robert Plant|Exeggutor|312\/393 par
|move|p1a: Schnapper|Clamp|p2a: Robert Plant
|-resisted|p2a: Robert Plant
|-damage|p2a: Robert Plant|295\/393 par
|-activate|p2a: Robert Plant|move: Clamp|[of] p1a: Schnapper
|
|turn|76
|choice|switch 4|switch 3
|
|switch|p1a: Wickel|Dragonair|55\/325
|switch|p2a: I Have Harden|Cloyster|269\/303
|
|turn|77
|choice|move 2|move 2
|
|move|p2a: I Have Harden|Ice Beam|p1a: Wickel
|-supereffective|p1a: Wickel
|-damage|p1a: Wickel|0 fnt
|faint|p1a: Wickel
|choice|switch 3|
|
|switch|p1a: Kuristus|Victreebel|363\/363
|turn|78
|choice|move 3|switch 3
|
|switch|p2a: Robert Plant|Exeggutor|295\/393 par
|move|p1a: Kuristus|Razor Leaf|p2a: Robert Plant
|-crit|p2a: Robert Plant
|-resisted|p2a: Robert Plant
|-damage|p2a: Robert Plant|240\/393 par
|
|turn|79
|choice|move 2|move 2
|
|move|p1a: Kuristus|Wrap|p2a: Robert Plant
|-damage|p2a: Robert Plant|225\/393 par
|-activate|p2a: Robert Plant|move: Wrap|[of] p1a: Kuristus
|cant|p2a: Robert Plant|partiallytrapped
|
|turn|80
|choice|move 2|switch 2
|
|switch|p2a: Hypper than Hypno|Gengar|289\/323 par
|move|p1a: Kuristus|Wrap|p2a: Hypper than Hypno|[miss]
|-miss|p1a: Kuristus
|
|turn|81
|choice|move 2|move 3
|
|move|p1a: Kuristus|Wrap|p2a: Hypper than Hypno
|-damage|p2a: Hypper than Hypno|289\/323 par
|-activate|p2a: Hypper than Hypno|move: Wrap|[of] p1a: Kuristus
|cant|p2a: Hypper than Hypno|partiallytrapped
|
|turn|82
|choice|move 2|switch 4
|
|switch|p2a: Worst spc|Golem|326\/363
|move|p1a: Kuristus|Wrap|p2a: Worst spc|[miss]
|-miss|p1a: Kuristus
|
|turn|83
|choice|move 3|switch 2
|
|switch|p2a: Robert Plant|Exeggutor|225\/393 par
|move|p1a: Kuristus|Razor Leaf|p2a: Robert Plant
|-crit|p2a: Robert Plant
|-resisted|p2a: Robert Plant
|-damage|p2a: Robert Plant|170\/393 par
|
|turn|84
|choice|move 2|move 4
|
|move|p1a: Kuristus|Wrap|p2a: Robert Plant
|-damage|p2a: Robert Plant|157\/393 par
|-activate|p2a: Robert Plant|move: Wrap|[of] p1a: Kuristus
|cant|p2a: Robert Plant|partiallytrapped
|
|turn|85
|choice|move 2|switch 4
|
|switch|p2a: Hypper than Hypno|Gengar|289\/323 par
|move|p1a: Kuristus|Wrap|p2a: Hypper than Hypno
|-damage|p2a: Hypper than Hypno|289\/323 par
|-activate|p2a: Hypper than Hypno|move: Wrap|[of] p1a: Kuristus
|
|turn|86
|choice|switch 4|switch 2
|
|switch|p1a: Schnapper|Cloyster|284\/303
|switch|p2a: Worst spc|Golem|326\/363
|
|turn|87
|choice|move 2|switch 3
|
|switch|p2a: I Have Harden|Cloyster|269\/303
|move|p1a: Schnapper|Blizzard|p2a: I Have Harden
|-crit|p2a: I Have Harden
|-resisted|p2a: I Have Harden
|-damage|p2a: I Have Harden|201\/303
|
|turn|88
|choice|move 1|move 1
|
|move|p1a: Schnapper|Clamp|p2a: I Have Harden
|-resisted|p2a: I Have Harden
|-damage|p2a: I Have Harden|180\/303
|-activate|p2a: I Have Harden|move: Clamp|[of] p1a: Schnapper
|cant|p2a: I Have Harden|partiallytrapped
|
|turn|89
|c|★barbows|the speed tie gods hate me
|c|★barbows|and the hax too
|choice|switch 4|switch 4
|
|switch|p1a: Kuristus|Victreebel|363\/363
|switch|p2a: Robert Plant|Exeggutor|157\/393 par
|
|turn|90
|c|★barbows|could've killed\/ twaved much of your team if not for all the chansey prlz
|choice|move 2|move 4
|
|move|p1a: Kuristus|Wrap|p2a: Robert Plant
|-damage|p2a: Robert Plant|143\/393 par
|-activate|p2a: Robert Plant|move: Wrap|[of] p1a: Kuristus
|cant|p2a: Robert Plant|par
|
|turn|91
|choice|move 2|switch 2
|
|switch|p2a: Hypper than Hypno|Gengar|289\/323 par
|move|p1a: Kuristus|Wrap|p2a: Hypper than Hypno
|-damage|p2a: Hypper than Hypno|289\/323 par
|-activate|p2a: Hypper than Hypno|move: Wrap|[of] p1a: Kuristus
|
|turn|92
|choice|move 2|switch 3
|
|switch|p2a: Worst spc|Golem|326\/363
|move|p1a: Kuristus|Wrap|p2a: Worst spc
|-resisted|p2a: Worst spc
|-damage|p2a: Worst spc|321\/363
|-activate|p2a: Worst spc|move: Wrap|[of] p1a: Kuristus
|
|turn|93
|choice|move 2|switch 3
|
|switch|p2a: Hypper than Hypno|Gengar|289\/323 par
|move|p1a: Kuristus|Wrap|p2a: Hypper than Hypno|[miss]
|-miss|p1a: Kuristus
|
|turn|94
|choice|switch 6|move 3
|
|switch|p1a: Constricción|Arbok|82\/323 slp
|move|p2a: Hypper than Hypno|Thunderbolt|p1a: Constricción
|-damage|p1a: Constricción|0 fnt
|faint|p1a: Constricción
|choice|switch 2|
|
|switch|p1a: 幸福蛋 ब्लिसी|Chansey|611\/703
|turn|95
|choice|move 4|switch 6
|
|switch|p2a: Fat n' Cute|Chansey|321\/703 par
|move|p1a: 幸福蛋 ब्लिसी|Psychic|p2a: Fat n' Cute
|-damage|p2a: Fat n' Cute|252\/703 par
|-unboost|p2a: Fat n' Cute|spd|1
|-unboost|p2a: Fat n' Cute|spa|1
|
|turn|96
|c|★barbows|ugh
|choice|move 4|move 1
|
|move|p1a: 幸福蛋 ब्लिसी|Psychic|p2a: Fat n' Cute
|-damage|p2a: Fat n' Cute|142\/703 par
|-unboost|p2a: Fat n' Cute|spd|1
|-unboost|p2a: Fat n' Cute|spa|1
|move|p2a: Fat n' Cute|Soft-Boiled|p2a: Fat n' Cute
|-heal|p2a: Fat n' Cute|493\/703 par
|
|turn|97
|choice|move 4|switch 2
|
|switch|p2a: Robert Plant|Exeggutor|143\/393 par
|move|p1a: 幸福蛋 ब्लिसी|Psychic|p2a: Robert Plant
|-resisted|p2a: Robert Plant
|-damage|p2a: Robert Plant|111\/393 par
|-unboost|p2a: Robert Plant|spd|1
|-unboost|p2a: Robert Plant|spa|1
|
|turn|98
|choice|move 4|move 4
|
|move|p1a: 幸福蛋 ब्लिसी|Psychic|p2a: Robert Plant
|-resisted|p2a: Robert Plant
|-damage|p2a: Robert Plant|60\/393 par
|move|p2a: Robert Plant|Explosion|p1a: 幸福蛋 ब्लिसी
|-damage|p1a: 幸福蛋 ब्लिसी|0 fnt
|faint|p1a: 幸福蛋 ब्लिसी
|faint|p2a: Robert Plant
|choice|switch 4|switch 6
|
|switch|p1a: Schnapper|Cloyster|284\/303
|switch|p2a: Hypper than Hypno|Gengar|289\/323 par
|turn|99
|choice|move 1|move 1
|
|move|p1a: Schnapper|Clamp|p2a: Hypper than Hypno
|-damage|p2a: Hypper than Hypno|255\/323 par
|-activate|p2a: Hypper than Hypno|move: Clamp|[of] p1a: Schnapper
|cant|p2a: Hypper than Hypno|partiallytrapped
|
|turn|100
|choice|move 1|switch 2
|
|switch|p2a: Fat n' Cute|Chansey|493\/703 par
|move|p1a: Schnapper|Clamp|p2a: Fat n' Cute
|-crit|p2a: Fat n' Cute
|-damage|p2a: Fat n' Cute|426\/703 par
|-activate|p2a: Fat n' Cute|move: Clamp|[of] p1a: Schnapper
|
|turn|101
|c|★barbows|please, promise me you'll stop being childish one day
|choice|move 1|switch 4
|
|switch|p2a: I Have Harden|Cloyster|180\/303
|move|p1a: Schnapper|Clamp|p2a: I Have Harden
|-resisted|p2a: I Have Harden
|-damage|p2a: I Have Harden|159\/303
|-activate|p2a: I Have Harden|move: Clamp|[of] p1a: Schnapper
|
|turn|102
|choice|move 1|switch 4
|
|switch|p2a: Fat n' Cute|Chansey|426\/703 par
|move|p1a: Schnapper|Clamp|p2a: Fat n' Cute
|-damage|p2a: Fat n' Cute|391\/703 par
|-activate|p2a: Fat n' Cute|move: Clamp|[of] p1a: Schnapper
|
|turn|103
|choice|switch 6|switch 4
|
|switch|p1a: Kuristus|Victreebel|363\/363
|switch|p2a: I Have Harden|Cloyster|159\/303
|
|turn|104
|choice|move 3|switch 4
|
|switch|p2a: Fat n' Cute|Chansey|391\/703 par
|move|p1a: Kuristus|Razor Leaf|p2a: Fat n' Cute|[miss]
|-miss|p1a: Kuristus
|
|turn|105
|choice|move 4|move 2
|
|move|p1a: Kuristus|Body Slam|p2a: Fat n' Cute
|-crit|p2a: Fat n' Cute
|-damage|p2a: Fat n' Cute|19\/703 par
|move|p2a: Fat n' Cute|Thunder Wave|p1a: Kuristus
|-status|p1a: Kuristus|par
|
|turn|106
|c|★barbows|gr8
|choice|move 3|switch 4
|
|switch|p2a: I Have Harden|Cloyster|159\/303
|cant|p1a: Kuristus|par
|
|turn|107
|choice|move 3|move 4
|
|move|p2a: I Have Harden|Explosion|p1a: Kuristus
|-damage|p1a: Kuristus|29\/363 par
|faint|p2a: I Have Harden
|choice||switch 5
|
|switch|p2a: TauSWEEP|Tauros|353\/353
|turn|108
|choice|move 1|move 1
|
|move|p2a: TauSWEEP|Body Slam|p1a: Kuristus
|-damage|p1a: Kuristus|0 fnt
|faint|p1a: Kuristus
|choice|switch 5|
|
|switch|p1a: Repetición|Dragonite|385\/385
|turn|109
|choice|move 2|move 1
|
|move|p2a: TauSWEEP|Body Slam|p1a: Repetición
|-damage|p1a: Repetición|285\/385
|move|p1a: Repetición|Thunder Wave|p2a: TauSWEEP
|-status|p2a: TauSWEEP|par
|
|turn|110
|choice|move 3|move 4
|
|move|p1a: Repetición|Surf|p2a: TauSWEEP
|-damage|p2a: TauSWEEP|257\/353 par
|move|p2a: TauSWEEP|Blizzard|p1a: Repetición
|-supereffective|p1a: Repetición
|-damage|p1a: Repetición|0 fnt
|faint|p1a: Repetición
|choice|switch 6|
|
|switch|p1a: Schnapper|Cloyster|284\/303
|turn|111
|c|★barbows|have fun never having a chance against experienced players ;)
|choice|move 2|move 1
|
|move|p1a: Schnapper|Blizzard|p2a: TauSWEEP
|-damage|p2a: TauSWEEP|99\/353 par
|cant|p2a: TauSWEEP|par
|
|turn|112
|choice|move 2|move 2
|
|move|p1a: Schnapper|Blizzard|p2a: TauSWEEP
|-damage|p2a: TauSWEEP|0 fnt
|faint|p2a: TauSWEEP
|choice||switch 4
|
|switch|p2a: Fat n' Cute|Chansey|19\/703 par
|turn|113
|choice|move 3|move 1
|
|move|p1a: Schnapper|Surf|p2a: Fat n' Cute
|-damage|p2a: Fat n' Cute|0 fnt
|faint|p2a: Fat n' Cute
|choice||switch 2
|
|switch|p2a: Hypper than Hypno|Gengar|255\/323 par
|turn|114
|choice|move 1|move 1
|
|move|p1a: Schnapper|Clamp|p2a: Hypper than Hypno
|-damage|p2a: Hypper than Hypno|222\/323 par
|-activate|p2a: Hypper than Hypno|move: Clamp|[of] p1a: Schnapper
|cant|p2a: Hypper than Hypno|partiallytrapped
|
|turn|115
|choice|move 1|move 1
|
|move|p1a: Schnapper|Clamp|p2a: Hypper than Hypno
|-damage|p2a: Hypper than Hypno|189\/323 par
|cant|p2a: Hypper than Hypno|partiallytrapped
|
|-end|p2a: Hypper than Hypno|Clamp|[partiallytrapped]
|turn|116
|choice|move 1|move 1
|
|move|p1a: Schnapper|Clamp|p2a: Hypper than Hypno
|-damage|p2a: Hypper than Hypno|154\/323 par
|-activate|p2a: Hypper than Hypno|move: Clamp|[of] p1a: Schnapper
|cant|p2a: Hypper than Hypno|partiallytrapped
|
|turn|117
|choice|move 1|move 1
|
|move|p1a: Schnapper|Clamp|p2a: Hypper than Hypno
|-damage|p2a: Hypper than Hypno|119\/323 par
|cant|p2a: Hypper than Hypno|partiallytrapped
|
|turn|118
|c|★barbows|ugh fuck
|choice|move 1|move 1
|
|move|p1a: Schnapper|Clamp|p2a: Hypper than Hypno
|-damage|p2a: Hypper than Hypno|84\/323 par
|cant|p2a: Hypper than Hypno|partiallytrapped
|
|-end|p2a: Hypper than Hypno|Clamp|[partiallytrapped]
|turn|119
|choice|move 2|move 1
|
|move|p1a: Schnapper|Blizzard|p2a: Hypper than Hypno
|-damage|p2a: Hypper than Hypno|0 fnt
|faint|p2a: Hypper than Hypno
|l|smilzo
|choice||switch 3
|
|switch|p2a: Worst spc|Golem|321\/363
|turn|120
|choice|move 3|move 2
|
|move|p1a: Schnapper|Surf|p2a: Worst spc
|-supereffective|p2a: Worst spc
|-damage|p2a: Worst spc|0 fnt
|faint|p2a: Worst spc
|
|win|SinisterHFigure
|raw|SinisterHFigure's rating: 1215 &rarr; <strong>1245<\/strong><br \/>(+30 for winning)
|raw|barbows's rating: 1293 &rarr; <strong>1262<\/strong><br \/>(-31 for losing)
|l|barbows
|player|p2