|j|kingler10
|j|neck
|player|p1|kingler10|101
|player|p2|neck|266
|gametype|singles
|gen|1
|tier|[Gen 1] Random Battle
|rated
|seed|57315,63568,36033,22841
|rule|Sleep Clause Mod: Limit one foe put to sleep
|rule|Freeze Clause Mod: Limit one foe frozen
|rule|HP Percentage Mod: HP is shown in percentages
|
|start
|switch|p1a: Mew|Mew, L74|300\/300
|switch|p2a: Poliwag|Poliwag, L96|272\/272
|turn|1
|choice|move 3|move 3
|
|move|p2a: Poliwag|Hypnosis|p1a: Mew
|-status|p1a: Mew|slp
|-curestatus|p1a: Mew|slp
|
|turn|2
|choice|move 3|move 3
|
|move|p2a: Poliwag|Hypnosis|p1a: Mew
|-status|p1a: Mew|slp
|cant|p1a: Mew|slp
|
|turn|3
|choice|move 3|move 1
|
|move|p2a: Poliwag|Amnesia|p2a: Poliwag
|-boost|p2a: Poliwag|spd|2
|-boost|p2a: Poliwag|spa|2
|cant|p1a: Mew|slp
|
|turn|4
|choice|move 1|move 1
|
|move|p2a: Poliwag|Amnesia|p2a: Poliwag
|-boost|p2a: Poliwag|spd|2
|-boost|p2a: Poliwag|spa|2
|cant|p1a: Mew|slp
|
|turn|5
|choice|move 1|move 1
|
|move|p2a: Poliwag|Amnesia|p2a: Poliwag
|-boost|p2a: Poliwag|spd|2
|-boost|p2a: Poliwag|spa|2
|cant|p1a: Mew|slp
|
|turn|6
|choice|move 1|move 4
|
|move|p2a: Poliwag|Blizzard|p1a: Mew
|-damage|p1a: Mew|12\/300 slp
|-curestatus|p1a: Mew|slp
|
|turn|7
|choice|move 1|move 2
|
|move|p2a: Poliwag|Psychic|p1a: Mew
|-resisted|p1a: Mew
|-damage|p1a: Mew|0 fnt
|faint|p1a: Mew
|choice|switch 5|
|
|switch|p1a: Dragonair|Dragonair, L85|277\/277
|turn|8
|choice|move 1|move 4
|
|move|p2a: Poliwag|Blizzard|p1a: Dragonair
|-crit|p1a: Dragonair
|-supereffective|p1a: Dragonair
|-damage|p1a: Dragonair|0 fnt
|faint|p1a: Dragonair
|choice|switch 3|
|
|switch|p1a: Diglett|Diglett, L96|214\/214
|turn|9
|choice|move 3|move 2
|
|move|p1a: Diglett|Substitute|p1a: Diglett
|-start|p1a: Diglett|Substitute
|-damage|p1a: Diglett|161\/214
|move|p2a: Poliwag|Psychic|p1a: Diglett
|-end|p1a: Diglett|Substitute
|
|turn|10
|choice|move 2|move 2
|
|move|p1a: Diglett|Sand Attack|p2a: Poliwag
|-unboost|p2a: Poliwag|accuracy|1
|move|p2a: Poliwag|Psychic|p1a: Diglett
|-damage|p1a: Diglett|0 fnt
|faint|p1a: Diglett
|choice|switch 2|
|
|switch|p1a: Ninetales|Ninetales, L85|298\/298
|turn|11
|choice|move 2|move 2
|
|move|p2a: Poliwag|Psychic|p1a: Ninetales
|-crit|p1a: Ninetales
|-damage|p1a: Ninetales|214\/298
|-unboost|p1a: Ninetales|spd|1
|-unboost|p1a: Ninetales|spa|1
|move|p1a: Ninetales|Confuse Ray|p2a: Poliwag
|-start|p2a: Poliwag|confusion
|
|turn|12
|choice|move 3|move 4
|
|-activate|p2a: Poliwag|confusion
|-damage|p2a: Poliwag|235\/272|[from] confusion
|move|p1a: Ninetales|Double-Edge|p2a: Poliwag
|-damage|p2a: Poliwag|146\/272
|-damage|p1a: Ninetales|192\/298|[from] recoil|[of] p2a: Poliwag
|
|turn|13
|choice|move 3|move 4
|
|-end|p2a: Poliwag|confusion
|move|p2a: Poliwag|Blizzard|p1a: Ninetales
|-damage|p1a: Ninetales|0 fnt
|faint|p1a: Ninetales
|choice|switch 6|
|
|switch|p1a: Seaking|Seaking, L90|327\/327
|turn|14
|choice|move 3|move 2
|
|move|p2a: Poliwag|Psychic|p1a: Seaking
|-crit|p1a: Seaking
|-damage|p1a: Seaking|225\/327
|-unboost|p1a: Seaking|spd|1
|-unboost|p1a: Seaking|spa|1
|move|p1a: Seaking|Hyper Beam|p2a: Poliwag
|-damage|p2a: Poliwag|0 fnt
|faint|p2a: Poliwag
|choice||switch 3
|
|switch|p2a: Jolteon|Jolteon, L79|265\/265
|turn|15
|choice|move 3|move 1
|
|move|p2a: Jolteon|Thunderbolt|p1a: Seaking
|-supereffective|p1a: Seaking
|-damage|p1a: Seaking|0 fnt
|faint|p1a: Seaking
|choice|switch 4|
|
|switch|p1a: Articuno|Articuno, L79|304\/304
|turn|16
|choice|move 3|move 1
|
|move|p2a: Jolteon|Thunderbolt|p1a: Articuno
|-crit|p1a: Articuno
|-supereffective|p1a: Articuno
|-damage|p1a: Articuno|0 fnt
|faint|p1a: Articuno
|
|win|neck
|player|p1
|player|p2
|l|kingler10
|raw|kingler10's rating: 1180 &rarr; <strong>1164<\/strong><br \/>(-16 for losing)
|raw|neck's rating: 1316 &rarr; <strong>1328<\/strong><br \/>(+12 for winning)