|j|AA Nickelquack
|j|Naj101
|player|p1|AA Nickelquack|1
|player|p2|Naj101|244
|gametype|singles
|gen|1
|tier|[Gen 1] OU
|rated
|seed|40992,45592,16989,8949
|rule|Sleep Clause Mod: Limit one foe put to sleep
|rule|Freeze Clause Mod: Limit one foe frozen
|rule|Species Clause: Limit one of each Pokémon
|rule|OHKO Clause: OHKO moves are banned
|rule|Evasion Moves Clause: Evasion moves are banned
|rule|HP Percentage Mod: HP is shown in percentages
|
|start
|switch|p1a: JOHN CENA|Jolteon|333\/333
|switch|p2a: Exeggutor|Exeggutor|393\/393
|turn|1
|choice|move 3|move 3
|
|move|p1a: JOHN CENA|Pin Missile|p2a: Exeggutor
|-crit|p2a: Exeggutor
|-supereffective|p2a: Exeggutor
|-damage|p2a: Exeggutor|310\/393
|-damage|p2a: Exeggutor|227\/393
|-damage|p2a: Exeggutor|144\/393
|-hitcount|p2a: Exeggutor|3
|move|p2a: Exeggutor|Sleep Powder|p1a: JOHN CENA
|-status|p1a: JOHN CENA|slp
|
|turn|2
|c|★AA Nickelquack|nooooo
|c|★Naj101|yes
|c|★Naj101|come on
|choice|move 3|move 2
|
|cant|p1a: JOHN CENA|slp
|move|p2a: Exeggutor|Mega Drain|p1a: JOHN CENA
|-damage|p1a: JOHN CENA|283\/333 slp
|-heal|p2a: Exeggutor|169\/393|[from] drain|[of] p1a: JOHN CENA
|
|turn|3
|choice|move 3|move 2
|
|cant|p1a: JOHN CENA|slp
|move|p2a: Exeggutor|Mega Drain|p1a: JOHN CENA
|-crit|p1a: JOHN CENA
|-damage|p1a: JOHN CENA|172\/333 slp
|-heal|p2a: Exeggutor|224\/393|[from] drain|[of] p1a: JOHN CENA
|
|turn|4
|choice|move 3|move 1
|
|cant|p1a: JOHN CENA|slp
|move|p2a: Exeggutor|Psychic|p1a: JOHN CENA
|-damage|p1a: JOHN CENA|51\/333 slp
|
|turn|5
|choice|move 3|move 2
|
|cant|p1a: JOHN CENA|slp
|move|p2a: Exeggutor|Mega Drain|p1a: JOHN CENA
|-damage|p1a: JOHN CENA|0 fnt
|-heal|p2a: Exeggutor|249\/393|[from] drain|[of] p1a: JOHN CENA
|faint|p1a: JOHN CENA
|choice|switch 3|
|
|switch|p1a: NESSIE|Lapras|463\/463
|turn|6
|choice|move 4|switch 2
|
|switch|p2a: Chansey|Chansey|703\/703
|move|p1a: NESSIE|Confuse Ray|p2a: Chansey
|-start|p2a: Chansey|confusion
|
|turn|7
|choice|move 1|switch 6
|
|switch|p2a: Slowbro|Slowbro|393\/393
|move|p1a: NESSIE|Ice Beam|p2a: Slowbro
|-resisted|p2a: Slowbro
|-damage|p2a: Slowbro|327\/393
|
|turn|8
|choice|switch 2|move 1
|
|switch|p1a: Alakazam|Alakazam|313\/313
|move|p2a: Slowbro|Amnesia|p2a: Slowbro
|-boost|p2a: Slowbro|spd|2
|-boost|p2a: Slowbro|spa|2
|
|turn|9
|choice|move 2|move 4
|
|move|p1a: Alakazam|Thunder Wave|p2a: Slowbro
|-status|p2a: Slowbro|par
|cant|p2a: Slowbro|par
|
|turn|10
|choice|move 3|move 4
|
|move|p1a: Alakazam|Psychic|p2a: Slowbro
|-resisted|p2a: Slowbro
|-damage|p2a: Slowbro|291\/393 par
|move|p2a: Slowbro|Thunder Wave|p1a: Alakazam
|-status|p1a: Alakazam|par
|
|turn|11
|choice|move 3|move 1
|
|move|p1a: Alakazam|Psychic|p2a: Slowbro
|-resisted|p2a: Slowbro
|-damage|p2a: Slowbro|254\/393 par
|move|p2a: Slowbro|Amnesia|p2a: Slowbro
|-boost|p2a: Slowbro|spd|2
|-boost|p2a: Slowbro|spa|2
|
|turn|12
|choice|move 3|move 3
|
|move|p2a: Slowbro|Rest|p2a: Slowbro
|-status|p2a: Slowbro|slp
|-heal|p2a: Slowbro|393\/393 slp|[silent]
|-status|p2a: Slowbro|slp|[from] move: Rest
|move|p1a: Alakazam|Psychic|p2a: Slowbro
|-resisted|p2a: Slowbro
|-damage|p2a: Slowbro|368\/393 slp
|
|turn|13
|choice|move 3|move 1
|
|cant|p2a: Slowbro|slp
|move|p1a: Alakazam|Psychic|p2a: Slowbro
|-resisted|p2a: Slowbro
|-damage|p2a: Slowbro|342\/393 slp
|
|turn|14
|choice|move 4|move 1
|
|-curestatus|p2a: Slowbro|slp
|move|p1a: Alakazam|Reflect|p1a: Alakazam
|-start|p1a: Alakazam|Reflect
|
|turn|15
|choice|move 3|move 1
|
|move|p2a: Slowbro|Amnesia|p2a: Slowbro
|-boost|p2a: Slowbro|spd|2
|-boost|p2a: Slowbro|spa|2
|move|p1a: Alakazam|Psychic|p2a: Slowbro
|-resisted|p2a: Slowbro
|-damage|p2a: Slowbro|323\/393
|
|turn|16
|choice|move 3|move 2
|
|move|p2a: Slowbro|Surf|p1a: Alakazam
|-damage|p1a: Alakazam|29\/313 par
|move|p1a: Alakazam|Psychic|p2a: Slowbro
|-resisted|p2a: Slowbro
|-damage|p2a: Slowbro|305\/393
|-unboost|p2a: Slowbro|spd|1
|-unboost|p2a: Slowbro|spa|1
|
|turn|17
|choice|switch 6|move 2
|
|switch|p1a: Venusaur|Venusaur|363\/363
|move|p2a: Slowbro|Surf|p1a: Venusaur
|-crit|p1a: Venusaur
|-resisted|p1a: Venusaur
|-damage|p1a: Venusaur|262\/363
|
|turn|18
|choice|move 4|move 4
|
|move|p1a: Venusaur|Leech Seed|p2a: Slowbro
|-start|p2a: Slowbro|move: Leech Seed
|move|p2a: Slowbro|Thunder Wave|p1a: Venusaur
|-status|p1a: Venusaur|par
|-damage|p2a: Slowbro|281\/393|[from] Leech Seed|[of] p1a: Venusaur
|-heal|p1a: Venusaur|286\/363 par|[silent]
|
|turn|19
|choice|move 2|move 2
|
|move|p1a: Venusaur|Sleep Powder|p2a: Slowbro|[miss]
|-miss|p1a: Venusaur
|move|p2a: Slowbro|Surf|p1a: Venusaur
|-resisted|p1a: Venusaur
|-damage|p1a: Venusaur|127\/363 par
|-damage|p2a: Slowbro|257\/393|[from] Leech Seed|[of] p1a: Venusaur
|-heal|p1a: Venusaur|151\/363 par|[silent]
|
|turn|20
|choice|move 2|move 3
|
|move|p1a: Venusaur|Sleep Powder|p2a: Slowbro|[miss]
|-miss|p1a: Venusaur
|move|p2a: Slowbro|Rest|p2a: Slowbro
|-status|p2a: Slowbro|slp
|-heal|p2a: Slowbro|393\/393 slp|[silent]
|-status|p2a: Slowbro|slp|[from] move: Rest
|-damage|p2a: Slowbro|369\/393 slp|[from] Leech Seed|[of] p1a: Venusaur
|-heal|p1a: Venusaur|175\/363 par|[silent]
|
|turn|21
|choice|move 3|move 2
|
|move|p1a: Venusaur|Substitute|p1a: Venusaur
|-start|p1a: Venusaur|Substitute
|-damage|p1a: Venusaur|85\/363 par
|cant|p2a: Slowbro|slp
|-damage|p2a: Slowbro|345\/393 slp|[from] Leech Seed|[of] p1a: Venusaur
|-heal|p1a: Venusaur|109\/363 par|[silent]
|
|turn|22
|choice|move 1|move 2
|
|move|p1a: Venusaur|Razor Leaf|p2a: Slowbro
|-crit|p2a: Slowbro
|-supereffective|p2a: Slowbro
|-damage|p2a: Slowbro|60\/393 slp
|-damage|p2a: Slowbro|36\/393 slp|[from] Leech Seed|[of] p1a: Venusaur
|-heal|p1a: Venusaur|133\/363 par|[silent]
|-curestatus|p2a: Slowbro|slp
|
|turn|23
|choice|move 1|move 3
|
|move|p1a: Venusaur|Razor Leaf|p2a: Slowbro
|-crit|p2a: Slowbro
|-supereffective|p2a: Slowbro
|-damage|p2a: Slowbro|0 fnt
|faint|p2a: Slowbro
|c|★Naj101|why were you faster?
|choice||switch 6
|
|switch|p2a: Chansey|Chansey|703\/703
|turn|24
|c|★AA Nickelquack|uh
|c|★AA Nickelquack|actually idk
|c|★AA Nickelquack|that's a good question
|c|★AA Nickelquack|maybe substitute make para not affect me?
|c|★Naj101|idk
|c|★Naj101|or slowbro is TOO slow..
|c|★Naj101|but i dont think so
|choice|move 2|move 2
|
|move|p2a: Chansey|Ice Beam|p1a: Venusaur
|-supereffective|p1a: Venusaur
|-end|p1a: Venusaur|Substitute
|move|p1a: Venusaur|Sleep Powder|p2a: Chansey
|-status|p2a: Chansey|slp
|
|turn|25
|c|★AA Nickelquack|YES
|choice|move 4|move 2
|
|-curestatus|p2a: Chansey|slp
|move|p1a: Venusaur|Leech Seed|p2a: Chansey
|-start|p2a: Chansey|move: Leech Seed
|
|turn|26
|c|★Naj101|nooo
|choice|move 2|move 2
|
|move|p2a: Chansey|Ice Beam|p1a: Venusaur
|-supereffective|p1a: Venusaur
|-damage|p1a: Venusaur|0 fnt
|faint|p1a: Venusaur
|choice|switch 2|
|
|switch|p1a: NESSIE|Lapras|463\/463
|turn|27
|c|★Naj101|well yes
|choice|move 1|move 4
|
|move|p1a: NESSIE|Ice Beam|p2a: Chansey
|-damage|p2a: Chansey|596\/703
|move|p2a: Chansey|Thunder Wave|p1a: NESSIE
|-status|p1a: NESSIE|par
|-damage|p2a: Chansey|553\/703|[from] Leech Seed|[of] p1a: NESSIE
|
|turn|28
|choice|move 1|move 1
|
|move|p2a: Chansey|Thunderbolt|p1a: NESSIE
|-supereffective|p1a: NESSIE
|-damage|p1a: NESSIE|296\/463 par
|-damage|p2a: Chansey|510\/703|[from] Leech Seed|[of] p1a: NESSIE
|-heal|p1a: NESSIE|339\/463 par|[silent]
|move|p1a: NESSIE|Ice Beam|p2a: Chansey
|-damage|p2a: Chansey|407\/703
|
|turn|29
|c|★AA Nickelquack|ah, i expected you to switch out
|choice|move 4|move 1
|
|move|p2a: Chansey|Thunderbolt|p1a: NESSIE
|-supereffective|p1a: NESSIE
|-damage|p1a: NESSIE|170\/463 par
|-damage|p2a: Chansey|364\/703|[from] Leech Seed|[of] p1a: NESSIE
|-heal|p1a: NESSIE|213\/463 par|[silent]
|move|p1a: NESSIE|Confuse Ray|p2a: Chansey
|-start|p2a: Chansey|confusion
|
|turn|30
|choice|move 1|switch 3
|
|switch|p2a: Tauros|Tauros|353\/353
|cant|p1a: NESSIE|par
|
|turn|31
|choice|switch 5|move 1
|
|switch|p1a: Golem|Golem|363\/363
|move|p2a: Tauros|Body Slam|p1a: Golem
|-resisted|p1a: Golem
|-damage|p1a: Golem|325\/363
|
|turn|32
|c|★AA Nickelquack|oh crud
|choice|move 2|move 3
|
|move|p2a: Tauros|Earthquake|p1a: Golem
|-supereffective|p1a: Golem
|-damage|p1a: Golem|190\/363
|move|p1a: Golem|Earthquake|p2a: Tauros
|-damage|p2a: Tauros|230\/353
|
|turn|33
|choice|move 4|switch 2
|
|switch|p2a: Exeggutor|Exeggutor|249\/393
|move|p1a: Golem|Explosion|p2a: Exeggutor
|-damage|p2a: Exeggutor|0 fnt
|faint|p2a: Exeggutor
|faint|p1a: Golem
|choice|switch 6|switch 3
|
|switch|p2a: Chansey|Chansey|364\/703
|switch|p1a: Alakazam|Alakazam|29\/313 par
|turn|34
|c|★AA Nickelquack|agh
|choice|move 1|move 3
|
|move|p2a: Chansey|Soft-Boiled|p2a: Chansey
|-heal|p2a: Chansey|703\/703
|move|p1a: Alakazam|Recover|p1a: Alakazam
|-heal|p1a: Alakazam|185\/313 par
|
|turn|35
|c|★Naj101|^^
|c|★AA Nickelquack|uh thanks?
|c|★Naj101|whoops
|choice|move 1|move 2
|
|move|p2a: Chansey|Ice Beam|p1a: Alakazam
|-damage|p1a: Alakazam|121\/313 par
|move|p1a: Alakazam|Recover|p1a: Alakazam
|-heal|p1a: Alakazam|277\/313 par
|
|turn|36
|choice|move 1|move 1
|
|move|p2a: Chansey|Thunderbolt|p1a: Alakazam
|-damage|p1a: Alakazam|211\/313 par
|cant|p1a: Alakazam|par
|
|turn|37
|choice|move 1|move 1
|
|move|p2a: Chansey|Thunderbolt|p1a: Alakazam
|-damage|p1a: Alakazam|149\/313 par
|move|p1a: Alakazam|Recover|p1a: Alakazam
|-heal|p1a: Alakazam|305\/313 par
|
|turn|38
|choice|move 3|move 1
|
|move|p2a: Chansey|Thunderbolt|p1a: Alakazam
|-damage|p1a: Alakazam|238\/313 par
|move|p1a: Alakazam|Psychic|p2a: Chansey
|-crit|p2a: Chansey
|-damage|p2a: Chansey|456\/703
|
|turn|39
|choice|move 1|move 1
|
|move|p2a: Chansey|Thunderbolt|p1a: Alakazam
|-damage|p1a: Alakazam|179\/313 par
|cant|p1a: Alakazam|par
|
|turn|40
|choice|move 1|switch 2
|
|switch|p2a: Tauros|Tauros|230\/353
|move|p1a: Alakazam|Recover|p1a: Alakazam
|-heal|p1a: Alakazam|313\/313 par
|
|turn|41
|choice|switch 4|move 1
|
|switch|p1a: Tauros|Tauros|353\/353
|move|p2a: Tauros|Body Slam|p1a: Tauros
|-damage|p1a: Tauros|255\/353
|
|turn|42
|choice|move 2|move 1
|
|move|p2a: Tauros|Body Slam|p1a: Tauros
|-damage|p1a: Tauros|147\/353
|move|p1a: Tauros|Body Slam|p2a: Tauros
|-damage|p2a: Tauros|131\/353
|
|turn|43
|choice|move 4|move 2
|
|move|p1a: Tauros|Hyper Beam|p2a: Tauros
|-damage|p2a: Tauros|0 fnt
|faint|p2a: Tauros
|choice||switch 2
|
|switch|p2a: Chansey|Chansey|456\/703
|turn|44
|choice|move 4|switch 5
|
|switch|p2a: Golem|Golem|363\/363
|move|p1a: Tauros|Hyper Beam|p2a: Golem
|-crit|p2a: Golem
|-resisted|p2a: Golem
|-damage|p2a: Golem|227\/363
|
|turn|45
|-mustrecharge|p1a: Tauros
|c|★AA Nickelquack|crud
|c|★AA Nickelquack|nice switch
|c|★Naj101|yes xD
|-mustrecharge|p1a: Tauros
|choice|move 1|move 3
|
|cant|p1a: Tauros|recharge
|move|p2a: Golem|Earthquake|p1a: Tauros
|-damage|p1a: Tauros|9\/353
|
|turn|46
|c|★Naj101|fog
|choice|move 1|move 3
|
|move|p1a: Tauros|Blizzard|p2a: Golem|[miss]
|-miss|p1a: Tauros
|move|p2a: Golem|Earthquake|p1a: Tauros
|-damage|p1a: Tauros|0 fnt
|faint|p1a: Tauros
|c|★AA Nickelquack|awwwww come on!
|c|★AA Nickelquack|!data blizzard
|c|~|\/data-move Blizzard

|c|★Naj101|yeah that was unlucky
|c|★Naj101|90% hitrate
|choice|switch 5|
|
|switch|p1a: NESSIE|Lapras|213\/463 par
|turn|47
|choice|move 1|move 4
|
|move|p2a: Golem|Explosion|p1a: NESSIE
|-damage|p1a: NESSIE|0 fnt
|faint|p1a: NESSIE
|faint|p2a: Golem
|c|★AA Nickelquack|good move
|choice|switch 4|switch 4
|
|switch|p2a: Zapdos|Zapdos|383\/383
|switch|p1a: Alakazam|Alakazam|313\/313 par
|turn|48
|c|★Naj101|thx
|choice|move 2|move 2
|
|move|p2a: Zapdos|Drill Peck|p1a: Alakazam
|-damage|p1a: Alakazam|168\/313 par
|move|p1a: Alakazam|Thunder Wave|p2a: Zapdos
|-status|p2a: Zapdos|par
|
|turn|49
|choice|move 1|move 4
|
|move|p1a: Alakazam|Recover|p1a: Alakazam
|-heal|p1a: Alakazam|313\/313 par
|move|p2a: Zapdos|Agility|p2a: Zapdos
|-boost|p2a: Zapdos|spe|2
|
|turn|50
|choice|move 4|move 2
|
|move|p2a: Zapdos|Drill Peck|p1a: Alakazam
|-damage|p1a: Alakazam|185\/313 par
|move|p1a: Alakazam|Reflect|p1a: Alakazam
|-start|p1a: Alakazam|Reflect
|
|turn|51
|choice|move 1|move 2
|
|move|p2a: Zapdos|Drill Peck|p1a: Alakazam
|-damage|p1a: Alakazam|113\/313 par
|move|p1a: Alakazam|Recover|p1a: Alakazam
|-heal|p1a: Alakazam|269\/313 par
|
|turn|52
|choice|move 1|move 2
|
|move|p2a: Zapdos|Drill Peck|p1a: Alakazam
|-damage|p1a: Alakazam|196\/313 par
|cant|p1a: Alakazam|par
|
|turn|53
|c|★AA Nickelquack|phew
|choice|move 1|move 2
|
|move|p2a: Zapdos|Drill Peck|p1a: Alakazam
|-damage|p1a: Alakazam|125\/313 par
|move|p1a: Alakazam|Recover|p1a: Alakazam
|-heal|p1a: Alakazam|281\/313 par
|
|turn|54
|choice|move 1|move 2
|
|move|p2a: Zapdos|Drill Peck|p1a: Alakazam
|-damage|p1a: Alakazam|213\/313 par
|move|p1a: Alakazam|Recover|p1a: Alakazam
|-heal|p1a: Alakazam|313\/313 par
|
|turn|55
|c|★Naj101|criiiit
|choice|move 3|move 2
|
|move|p2a: Zapdos|Drill Peck|p1a: Alakazam
|-damage|p1a: Alakazam|244\/313 par
|move|p1a: Alakazam|Psychic|p2a: Zapdos
|-damage|p2a: Zapdos|271\/383 par
|
|turn|56
|choice|move 1|move 2
|
|move|p2a: Zapdos|Drill Peck|p1a: Alakazam
|-damage|p1a: Alakazam|169\/313 par
|cant|p1a: Alakazam|par
|
|turn|57
|choice|move 1|move 2
|
|move|p2a: Zapdos|Drill Peck|p1a: Alakazam
|-damage|p1a: Alakazam|97\/313 par
|move|p1a: Alakazam|Recover|p1a: Alakazam
|-heal|p1a: Alakazam|253\/313 par
|
|turn|58
|choice|move 1|move 2
|
|move|p2a: Zapdos|Drill Peck|p1a: Alakazam
|-damage|p1a: Alakazam|180\/313 par
|move|p1a: Alakazam|Recover|p1a: Alakazam
|-heal|p1a: Alakazam|313\/313 par
|
|turn|59
|choice|move 3|move 2
|
|cant|p2a: Zapdos|par
|move|p1a: Alakazam|Psychic|p2a: Zapdos
|-damage|p2a: Zapdos|161\/383 par
|-unboost|p2a: Zapdos|spd|1
|-unboost|p2a: Zapdos|spa|1
|
|turn|60
|choice|move 3|move 2
|
|move|p2a: Zapdos|Drill Peck|p1a: Alakazam
|-damage|p1a: Alakazam|246\/313 par
|move|p1a: Alakazam|Psychic|p2a: Zapdos
|-crit|p2a: Zapdos
|-damage|p2a: Zapdos|0 fnt
|faint|p2a: Zapdos
|c|★Naj101|wow
|choice||switch 5
|
|switch|p2a: Chansey|Chansey|456\/703
|turn|61
|c|★Naj101|critrate is about 39%
|choice|move 1|move 1
|
|move|p2a: Chansey|Thunderbolt|p1a: Alakazam
|-damage|p1a: Alakazam|178\/313 par
|move|p1a: Alakazam|Recover|p1a: Alakazam
|-heal|p1a: Alakazam|313\/313 par
|
|turn|62
|c|★AA Nickelquack|yeouch 39% really?
|choice|move 2|move 1
|
|move|p2a: Chansey|Thunderbolt|p1a: Alakazam
|-damage|p1a: Alakazam|252\/313 par
|move|p1a: Alakazam|Thunder Wave|p2a: Chansey
|-status|p2a: Chansey|par
|
|turn|63
|choice|move 3|move 1
|
|move|p2a: Chansey|Thunderbolt|p1a: Alakazam
|-damage|p1a: Alakazam|188\/313 par
|move|p1a: Alakazam|Psychic|p2a: Chansey
|-damage|p2a: Chansey|332\/703 par
|-unboost|p2a: Chansey|spd|1
|-unboost|p2a: Chansey|spa|1
|
|turn|64
|choice|move 1|move 1
|
|move|p1a: Alakazam|Recover|p1a: Alakazam
|-heal|p1a: Alakazam|313\/313 par
|move|p2a: Chansey|Thunderbolt|p1a: Alakazam
|-damage|p1a: Alakazam|275\/313 par
|
|turn|65
|c|★AA Nickelquack|wow i think i actually won this
|c|★Naj101|yes it's based on base speed. zapdos has 100
|choice|move 3|move 1
|
|move|p1a: Alakazam|Psychic|p2a: Chansey
|-damage|p2a: Chansey|149\/703 par
|move|p2a: Chansey|Thunderbolt|p1a: Alakazam
|-damage|p1a: Alakazam|237\/313 par
|
|turn|66
|c|★AA Nickelquack|bc you cant get a frozen on me
|c|★AA Nickelquack|!data zapdos
|c|~|\/data-pokemon Zapdos

|c|★AA Nickelquack|yeah
|choice|move 1|move 2
|
|move|p1a: Alakazam|Recover|p1a: Alakazam
|-heal|p1a: Alakazam|313\/313 par
|move|p2a: Chansey|Ice Beam|p1a: Alakazam
|-damage|p1a: Alakazam|273\/313 par
|
|turn|67
|choice|move 3|move 2
|
|cant|p1a: Alakazam|par
|move|p2a: Chansey|Ice Beam|p1a: Alakazam
|-crit|p1a: Alakazam
|-damage|p1a: Alakazam|150\/313 par
|
|turn|68
|choice|move 1|move 2
|
|move|p1a: Alakazam|Recover|p1a: Alakazam
|-heal|p1a: Alakazam|306\/313 par
|move|p2a: Chansey|Ice Beam|p1a: Alakazam
|-damage|p1a: Alakazam|265\/313 par
|
|turn|69
|c|★AA Nickelquack|lol chansey crit
|c|★AA Nickelquack|!data chansey
|c|~|\/data-pokemon Chansey

|choice|move 3|move 2
|
|move|p1a: Alakazam|Psychic|p2a: Chansey
|-damage|p2a: Chansey|0 fnt
|faint|p2a: Chansey
|
|win|AA Nickelquack
|player|p1
|player|p2
|raw|AA Nickelquack's rating: 1183 &rarr; <strong>1210<\/strong><br \/>(+27 for winning)
|raw|Naj101's rating: 1209 &rarr; <strong>1182<\/strong><br \/>(-27 for losing)
|c|★AA Nickelquack|gg
|c|★Naj101|GG
|c|★Naj101|that was fun
|c|★AA Nickelquack|yeah
|c|★AA Nickelquack|rematch?
|c|★Naj101|sure