|j|ggc
|j|Reverb
|player|p1|ggc|209
|player|p2|Reverb|#reverb
|gametype|singles
|gen|1
|tier|[Gen 1] OU
|rated
|seed|22670,6956,52549,6431
|rule|Sleep Clause Mod: Limit one foe put to sleep
|rule|Freeze Clause Mod: Limit one foe frozen
|rule|Species Clause: Limit one of each Pokémon
|rule|OHKO Clause: OHKO moves are banned
|rule|Evasion Moves Clause: Evasion moves are banned
|rule|HP Percentage Mod: HP is shown in percentages
|
|start
|switch|p1a: Jynx|Jynx|333\/333
|switch|p2a: Jynx|Jynx|333\/333
|turn|1
|choice|switch 5|move 1
|
|switch|p1a: Starmie|Starmie|323\/323
|move|p2a: Jynx|Lovely Kiss|p1a: Starmie
|-status|p1a: Starmie|slp
|
|turn|2
|choice|switch 5|switch 5
|
|switch|p1a: Jynx|Jynx|333\/333
|switch|p2a: Tauros|Tauros|353\/353
|
|turn|3
|choice|move 4|move 4
|
|move|p2a: Tauros|Hyper Beam|p1a: Jynx
|-crit|p1a: Jynx
|-damage|p1a: Jynx|0 fnt
|faint|p1a: Jynx
|choice|switch 4|
|
|switch|p1a: Snorlax|Snorlax|523\/523
|turn|4
|choice|move 1|switch 3
|
|switch|p2a: Snorlax|Snorlax|523\/523
|move|p1a: Snorlax|Body Slam|p2a: Snorlax
|-damage|p2a: Snorlax|377\/523
|
|turn|5
|choice|move 1|move 3
|
|move|p1a: Snorlax|Body Slam|p2a: Snorlax
|-damage|p2a: Snorlax|230\/523
|move|p2a: Snorlax|Counter|p1a: Snorlax
|-damage|p1a: Snorlax|229\/523
|
|turn|6
|choice|move 3|move 3
|
|move|p1a: Snorlax|Hyper Beam|p2a: Snorlax
|-damage|p2a: Snorlax|3\/523
|move|p2a: Snorlax|Counter|p1a: Snorlax
|-damage|p1a: Snorlax|0 fnt
|faint|p1a: Snorlax
|choice|switch 2|
|
|switch|p1a: Alakazam|Alakazam|313\/313
|turn|7
|choice|move 1|switch 2
|
|switch|p2a: Exeggutor|Exeggutor|393\/393
|move|p1a: Alakazam|Psychic|p2a: Exeggutor
|-resisted|p2a: Exeggutor
|-damage|p2a: Exeggutor|333\/393
|
|turn|8
|choice|move 2|move 2
|
|move|p1a: Alakazam|Reflect|p1a: Alakazam
|-start|p1a: Alakazam|Reflect
|move|p2a: Exeggutor|Stun Spore|p1a: Alakazam|[miss]
|-miss|p2a: Exeggutor
|
|turn|9
|choice|move 3|move 2
|
|move|p1a: Alakazam|Thunder Wave|p2a: Exeggutor
|-status|p2a: Exeggutor|par
|move|p2a: Exeggutor|Stun Spore|p1a: Alakazam
|-status|p1a: Alakazam|par
|
|turn|10
|choice|move 1|move 3
|
|cant|p1a: Alakazam|par
|cant|p2a: Exeggutor|par
|
|turn|11
|choice|move 1|move 3
|
|cant|p1a: Alakazam|par
|move|p2a: Exeggutor|Psychic|p1a: Alakazam
|-resisted|p1a: Alakazam
|-damage|p1a: Alakazam|264\/313 par
|-unboost|p1a: Alakazam|spd|1
|-unboost|p1a: Alakazam|spa|1
|
|turn|12
|choice|move 1|move 3
|
|cant|p2a: Exeggutor|par
|move|p1a: Alakazam|Psychic|p2a: Exeggutor
|-crit|p2a: Exeggutor
|-resisted|p2a: Exeggutor
|-damage|p2a: Exeggutor|222\/393 par
|
|turn|13
|choice|move 1|move 3
|
|move|p2a: Exeggutor|Psychic|p1a: Alakazam
|-resisted|p1a: Alakazam
|-damage|p1a: Alakazam|191\/313 par
|move|p1a: Alakazam|Psychic|p2a: Exeggutor
|-resisted|p2a: Exeggutor
|-damage|p2a: Exeggutor|185\/393 par
|-unboost|p2a: Exeggutor|spd|1
|-unboost|p2a: Exeggutor|spa|1
|
|turn|14
|choice|move 1|move 3
|
|move|p1a: Alakazam|Psychic|p2a: Exeggutor
|-resisted|p2a: Exeggutor
|-damage|p2a: Exeggutor|128\/393 par
|-unboost|p2a: Exeggutor|spd|1
|-unboost|p2a: Exeggutor|spa|1
|move|p2a: Exeggutor|Psychic|p1a: Alakazam
|-resisted|p1a: Alakazam
|-damage|p1a: Alakazam|153\/313 par
|
|turn|15
|choice|move 4|move 4
|
|move|p1a: Alakazam|Recover|p1a: Alakazam
|-heal|p1a: Alakazam|309\/313 par
|move|p2a: Exeggutor|Explosion|p1a: Alakazam
|-crit|p1a: Alakazam
|-damage|p1a: Alakazam|0 fnt
|faint|p1a: Alakazam
|faint|p2a: Exeggutor
|choice|switch 3|switch 6
|
|switch|p2a: m00ns|Persian|333\/333
|switch|p1a: Chansey|Chansey|703\/703
|turn|16
|choice|move 1|switch 4
|
|switch|p2a: Chansey|Chansey|703\/703
|move|p1a: Chansey|Ice Beam|p2a: Chansey
|-damage|p2a: Chansey|623\/703
|
|turn|17
|choice|move 1|move 1
|
|move|p1a: Chansey|Ice Beam|p2a: Chansey
|-damage|p2a: Chansey|555\/703
|move|p2a: Chansey|Thunder Wave|p1a: Chansey
|-status|p1a: Chansey|par
|
|turn|18
|choice|move 2|switch 3
|
|switch|p2a: Tauros|Tauros|353\/353
|cant|p1a: Chansey|par
|
|turn|19
|choice|move 2|move 1
|
|move|p2a: Tauros|Body Slam|p1a: Chansey
|-crit|p1a: Chansey
|-damage|p1a: Chansey|143\/703 par
|move|p1a: Chansey|Reflect|p1a: Chansey
|-start|p1a: Chansey|Reflect
|
|turn|20
|choice|move 4|move 4
|
|move|p2a: Tauros|Hyper Beam|p1a: Chansey
|-damage|p1a: Chansey|0 fnt
|faint|p1a: Chansey
|j|Beds
|choice|switch 6|
|
|switch|p1a: Tauros|Tauros|353\/353
|turn|21
|choice|move 4|move 1
|
|move|p1a: Tauros|Blizzard|p2a: Tauros
|-crit|p2a: Tauros
|-damage|p2a: Tauros|172\/353
|move|p2a: Tauros|Body Slam|p1a: Tauros
|-damage|p1a: Tauros|248\/353
|
|turn|22
|choice|move 2|move 4
|
|move|p2a: Tauros|Hyper Beam|p1a: Tauros
|-damage|p1a: Tauros|57\/353
|move|p1a: Tauros|Hyper Beam|p2a: Tauros
|-crit|p2a: Tauros
|-damage|p2a: Tauros|0 fnt
|faint|p2a: Tauros
|choice||switch 4
|
|switch|p2a: m00ns|Persian|333\/333
|turn|23
|c|★ggc|I think literally everything that could have went wrong
|c|★ggc|went wrong this game
|choice|move 2|move 1
|
|move|p2a: m00ns|Slash|p1a: Tauros
|-crit|p1a: Tauros
|-damage|p1a: Tauros|0 fnt
|faint|p1a: Tauros
|choice|switch 5|
|
|switch|p1a: Starmie|Starmie|323\/323 slp
|turn|24
|choice|move 1|move 1
|
|cant|p1a: Starmie|slp
|move|p2a: m00ns|Slash|p1a: Starmie
|-crit|p1a: Starmie
|-damage|p1a: Starmie|181\/323 slp
|
|turn|25
|c|★Reverb|happens
|choice|move 4|move 4
|
|move|p2a: m00ns|Thunder|p1a: Starmie|[miss]
|-miss|p2a: m00ns
|cant|p1a: Starmie|slp
|
|turn|26
|choice|move 4|move 4
|
|move|p2a: m00ns|Thunder|p1a: Starmie
|-crit|p1a: Starmie
|-supereffective|p1a: Starmie
|-damage|p1a: Starmie|0 fnt
|faint|p1a: Starmie
|
|win|Reverb
|player|p1
|player|p2
|c|★Reverb|gg
|raw|ggc's rating: 1415 &rarr; <strong>1394<\/strong><br \/>(-21 for losing)
|raw|Reverb's rating: 1397 &rarr; <strong>1418<\/strong><br \/>(+21 for winning)
|l|ggc