|join|MALESANI
|join|TheCombatPat
|player|p1|MALESANI|238
|player|p2|TheCombatPat|273
|gametype|singles
|gen|1
|tier|[Gen 1] Random Battle
|rated
|seed|63337,18145,16063,17298
|rule|Sleep Clause Mod: Limit one foe put to sleep
|rule|Freeze Clause Mod: Limit one foe frozen
|rule|HP Percentage Mod: HP is shown in percentages
|
|start
|switch|p1a: Seaking|Seaking, L90|327\/327
|switch|p2a: Eevee|Eevee, L96|300\/300
|turn|1
|choice|move 3|switch 6
|
|switch|p2a: Pinsir|Pinsir, L85|284\/284
|move|p1a: Seaking|Surf|p2a: Pinsir
|-damage|p2a: Pinsir|161\/284
|
|turn|2
|choice|switch 4|move 4
|
|switch|p1a: Haunter|Haunter, L85|250\/250
|move|p2a: Pinsir|Swords Dance|p2a: Pinsir
|-boost|p2a: Pinsir|atk|2
|
|turn|3
|choice|move 2|move 2
|
|move|p1a: Haunter|Psychic|p2a: Pinsir
|-damage|p2a: Pinsir|63\/284
|-unboost|p2a: Pinsir|spd|1
|-unboost|p2a: Pinsir|spa|1
|move|p2a: Pinsir|Submission|p1a: Haunter
|-immune|p1a: Haunter|[msg]
|
|turn|4
|choice|move 4|move 1
|
|move|p1a: Haunter|Thunderbolt|p2a: Pinsir
|-crit|p2a: Pinsir
|-damage|p2a: Pinsir|0 fnt
|faint|p2a: Pinsir
|choice||switch 5
|
|switch|p2a: Persian|Persian, L79|265\/265
|turn|5
|choice|move 2|move 3
|
|move|p2a: Persian|Body Slam|p1a: Haunter
|-immune|p1a: Haunter|[msg]
|move|p1a: Haunter|Psychic|p2a: Persian
|-damage|p2a: Persian|169\/265
|
|turn|6
|choice|move 4|move 4
|
|move|p2a: Persian|Thunderbolt|p1a: Haunter
|-damage|p1a: Haunter|215\/250
|move|p1a: Haunter|Thunderbolt|p2a: Persian
|-damage|p2a: Persian|74\/265
|
|turn|7
|choice|move 2|switch 4
|
|switch|p2a: Exeggutor|Exeggutor, L79|312\/312
|move|p1a: Haunter|Psychic|p2a: Exeggutor
|-resisted|p2a: Exeggutor
|-damage|p2a: Exeggutor|284\/312
|
|turn|8
|choice|move 1|move 1
|
|move|p1a: Haunter|Hypnosis|p2a: Exeggutor|[miss]
|-miss|p1a: Haunter
|move|p2a: Exeggutor|Sleep Powder|p1a: Haunter
|-status|p1a: Haunter|slp
|
|turn|9
|choice|switch 6|switch 3
|
|switch|p1a: Mew|Mew, L74|300\/300
|switch|p2a: Golbat|Golbat, L90|318\/318
|
|turn|10
|choice|move 2|switch 3
|
|switch|p2a: Exeggutor|Exeggutor, L79|284\/312
|move|p1a: Mew|Blizzard|p2a: Exeggutor
|-supereffective|p2a: Exeggutor
|-damage|p2a: Exeggutor|166\/312
|
|turn|11
|choice|move 2|move 2
|
|move|p1a: Mew|Blizzard|p2a: Exeggutor
|-supereffective|p2a: Exeggutor
|-damage|p2a: Exeggutor|58\/312
|move|p2a: Exeggutor|Hyper Beam|p1a: Mew
|-damage|p1a: Mew|205\/300
|
|turn|12
|-mustrecharge|p2a: Exeggutor
|-mustrecharge|p2a: Exeggutor
|choice|move 3|move 1
|
|move|p1a: Mew|Earthquake|p2a: Exeggutor
|-resisted|p2a: Exeggutor
|-damage|p2a: Exeggutor|27\/312
|cant|p2a: Exeggutor|recharge
|
|turn|13
|choice|move 3|switch 3
|
|switch|p2a: Golbat|Golbat, L90|318\/318
|move|p1a: Mew|Earthquake|p2a: Golbat
|-immune|p2a: Golbat|[msg]
|
|turn|14
|choice|move 2|move 3
|
|move|p2a: Golbat|Confuse Ray|p1a: Mew
|-start|p1a: Mew|confusion
|-activate|p1a: Mew|confusion
|move|p1a: Mew|Blizzard|p2a: Golbat
|-crit|p2a: Golbat
|-supereffective|p2a: Golbat
|-damage|p2a: Golbat|38\/318
|
|turn|15
|choice|move 2|move 1
|
|move|p2a: Golbat|Double-Edge|p1a: Mew
|-damage|p1a: Mew|133\/300
|-damage|p2a: Golbat|20\/318|[from] recoil|[of] p1a: Mew
|-activate|p1a: Mew|confusion
|-damage|p1a: Mew|107\/300|[from] confusion
|
|turn|16
|choice|move 2|move 1
|
|move|p2a: Golbat|Double-Edge|p1a: Mew
|-damage|p1a: Mew|39\/300
|-damage|p2a: Golbat|3\/318|[from] recoil|[of] p1a: Mew
|-end|p1a: Mew|confusion
|move|p1a: Mew|Blizzard|p2a: Golbat
|-supereffective|p2a: Golbat
|-damage|p2a: Golbat|0 fnt
|faint|p2a: Golbat
|choice||switch 2
|
|switch|p2a: Seaking|Seaking, L90|327\/327
|turn|17
|choice|move 4|move 2
|
|move|p1a: Mew|Hyper Beam|p2a: Seaking
|-damage|p2a: Seaking|235\/327
|move|p2a: Seaking|Blizzard|p1a: Mew
|-crit|p1a: Mew
|-damage|p1a: Mew|0 fnt
|faint|p1a: Mew
|choice|switch 4|
|
|switch|p1a: Seaking|Seaking, L90|327\/327
|turn|18
|choice|move 4|move 1
|
|move|p1a: Seaking|Double-Edge|p2a: Seaking
|-crit|p2a: Seaking
|-damage|p2a: Seaking|57\/327
|-damage|p1a: Seaking|283\/327|[from] recoil|[of] p2a: Seaking
|move|p2a: Seaking|Double-Edge|p1a: Seaking
|-damage|p1a: Seaking|202\/327
|-damage|p2a: Seaking|37\/327|[from] recoil|[of] p1a: Seaking
|
|turn|19
|choice|move 3|move 1
|
|move|p1a: Seaking|Surf|p2a: Seaking
|-resisted|p2a: Seaking
|-damage|p2a: Seaking|0 fnt
|faint|p2a: Seaking
|choice||switch 3
|
|switch|p2a: Exeggutor|Exeggutor, L79|27\/312
|turn|20
|choice|move 3|move 1
|
|move|p1a: Seaking|Surf|p2a: Exeggutor
|-resisted|p2a: Exeggutor
|-damage|p2a: Exeggutor|0 fnt
|faint|p2a: Exeggutor
|choice||switch 6
|
|switch|p2a: Eevee|Eevee, L96|300\/300
|turn|21
|choice|move 3|move 1
|
|move|p1a: Seaking|Surf|p2a: Eevee
|-damage|p2a: Eevee|183\/300
|move|p2a: Eevee|Body Slam|p1a: Seaking
|-damage|p1a: Seaking|105\/327
|
|turn|22
|choice|move 3|move 1
|
|move|p1a: Seaking|Surf|p2a: Eevee
|-damage|p2a: Eevee|69\/300
|move|p2a: Eevee|Body Slam|p1a: Seaking
|-damage|p1a: Seaking|19\/327
|
|turn|23
|choice|move 4|move 1
|
|move|p1a: Seaking|Double-Edge|p2a: Eevee
|-crit|p2a: Eevee
|-damage|p2a: Eevee|0 fnt
|-damage|p1a: Seaking|2\/327|[from] recoil|[of] p2a: Eevee
|faint|p2a: Eevee
|choice||switch 4
|
|switch|p2a: Persian|Persian, L79|74\/265
|turn|24
|choice|move 3|move 4
|
|move|p2a: Persian|Thunderbolt|p1a: Seaking
|-crit|p1a: Seaking
|-supereffective|p1a: Seaking
|-damage|p1a: Seaking|0 fnt
|faint|p1a: Seaking
|choice|switch 5|
|
|switch|p1a: Alakazam|Alakazam, L79|249\/249
|turn|25
|choice|move 2|move 2
|
|move|p1a: Alakazam|Thunder Wave|p2a: Persian
|-status|p2a: Persian|par
|move|p2a: Persian|Bubble Beam|p1a: Alakazam
|-damage|p1a: Alakazam|225\/249
|
|turn|26
|choice|move 1|move 3
|
|move|p1a: Alakazam|Psychic|p2a: Persian
|-damage|p2a: Persian|0 fnt
|faint|p2a: Persian
|
|win|MALESANI
|raw|MALESANI's rating: 1226 &rarr; <strong>1237<\/strong><br \/>(+11 for winning)
|raw|TheCombatPat's rating: 1000 &rarr; <strong>1000<\/strong><br \/>(+0 for losing)
|leave|TheCombatPat
|player|p2