|join|Epikhairz
|join|Whoremaster
|player|p1|Epikhairz|266
|player|p2|Whoremaster|43
|gametype|singles
|gen|1
|tier|[Gen 1] OU (beta)
|rule|Sleep Clause Mod: Limit one foe put to sleep
|rule|Species Clause: Limit one of each Pokemon
|rule|OHKO Clause: OHKO moves are banned
|rule|Moody Clause: Moody is banned
|rule|Evasion Moves Clause: Evasion moves are banned
|rule|Endless Battle Clause: Forcing endless battles is banned
|rule|HP Percentage Mod: HP is reported as percentages
|
|start
|switch|p1a: Alakazam|Alakazam|313\/313
|switch|p2a: Alakazam|Alakazam|313\/313
|turn|1
|
|switch|p2a: Chansey|Chansey|703\/703
|switch|p1a: Chansey|Chansey|703\/703
|
|turn|2
|
|move|p2a: Chansey|Ice Beam|p1a: Chansey
|-damage|p1a: Chansey|623\/703
|move|p1a: Chansey|Ice Beam|p2a: Chansey
|-damage|p2a: Chansey|633\/703
|
|turn|3
|
|switch|p2a: Gengar|Gengar|323\/323
|move|p1a: Chansey|Ice Beam|p2a: Gengar
|-damage|p2a: Gengar|258\/323
|
|turn|4
|
|switch|p1a: Alakazam|Alakazam|313\/313
|move|p2a: Gengar|Hypnosis|p1a: Alakazam
|-status|p1a: Alakazam|slp
|
|turn|5
|
|switch|p1a: Snorlax|Snorlax|523\/523
|move|p2a: Gengar|Mega Drain|p1a: Snorlax
|-damage|p1a: Snorlax|478\/523
|-heal|p2a: Gengar|281\/323|[from] drain|[of] p1a: Snorlax
|
|turn|6
|
|move|p2a: Gengar|Thunderbolt|p1a: Snorlax
|-crit|p1a: Snorlax
|-damage|p1a: Snorlax|258\/523
|move|p1a: Snorlax|Earthquake|p2a: Gengar
|-supereffective|p2a: Gengar
|-damage|p2a: Gengar|61\/323
|
|turn|7
|chat|Whoremaster|yolo
|
|switch|p1a: Golem|Golem|363\/363
|move|p2a: Gengar|Explosion|p1a: Golem
|-resisted|p1a: Golem
|-damage|p1a: Golem|274\/363
|faint|p2a: Gengar
|
|switch|p2a: Lapras|Lapras|463\/463
|turn|8
|
|switch|p1a: Exeggutor|Exeggutor|393\/393
|move|p2a: Lapras|Blizzard|p1a: Exeggutor
|-supereffective|p1a: Exeggutor
|-damage|p1a: Exeggutor|173\/393
|
|turn|9
|
|move|p2a: Lapras|Blizzard|p1a: Exeggutor|[miss]
|-miss|p2a: Lapras
|move|p1a: Exeggutor|Sleep Powder|p2a: Lapras
|-status|p2a: Lapras|slp
|
|turn|10
|
|switch|p2a: Chansey|Chansey|633\/703
|move|p1a: Exeggutor|Psychic|p2a: Chansey
|-damage|p2a: Chansey|520\/703
|
|turn|11
|
|move|p1a: Exeggutor|Explosion|p2a: Chansey
|-damage|p2a: Chansey|0 fnt
|faint|p2a: Chansey
|faint|p1a: Exeggutor
|
|switch|p2a: Alakazam|Alakazam|313\/313
|switch|p1a: Snorlax|Snorlax|258\/523
|turn|12
|
|move|p2a: Alakazam|Psychic|p1a: Snorlax
|-crit|p1a: Snorlax
|-damage|p1a: Snorlax|0 fnt
|faint|p1a: Snorlax
|
|
|switch|p1a: Chansey|Chansey|623\/703
|turn|13
|
|move|p2a: Alakazam|Thunder Wave|p1a: Chansey
|-status|p1a: Chansey|par
|move|p1a: Chansey|Ice Beam|p2a: Alakazam
|-damage|p2a: Alakazam|252\/313
|
|turn|14
|
|switch|p2a: Lapras|Lapras|463\/463 slp
|move|p1a: Chansey|Ice Beam|p2a: Lapras
|-resisted|p2a: Lapras
|-damage|p2a: Lapras|445\/463 slp
|
|turn|15
|
|cant|p2a: Lapras|slp
|cant|p1a: Chansey|par
|
|turn|16
|
|cant|p2a: Lapras|slp
|cant|p1a: Chansey|par
|
|turn|17
|
|cant|p2a: Lapras|slp
|cant|p1a: Chansey|par
|
|turn|18
|chat|Whoremaster|lol
|
|cant|p2a: Lapras|slp
|move|p1a: Chansey|Thunderbolt|p2a: Lapras
|-supereffective|p2a: Lapras
|-damage|p2a: Lapras|292\/463 slp
|
|turn|19
|
|cant|p2a: Lapras|slp
|-curestatus|p2a: Lapras|slp
|move|p1a: Chansey|Thunderbolt|p2a: Lapras
|-crit|p2a: Lapras
|-supereffective|p2a: Lapras
|-damage|p2a: Lapras|0 fnt
|faint|p2a: Lapras
|
|chat|Whoremaster|fuck
|
|switch|p2a: Exeggutor|Exeggutor|393\/393
|turn|20
|
|move|p2a: Exeggutor|Psychic|p1a: Chansey
|-damage|p1a: Chansey|500\/703 par
|move|p1a: Chansey|Ice Beam|p2a: Exeggutor
|-supereffective|p2a: Exeggutor
|-damage|p2a: Exeggutor|251\/393
|-status|p2a: Exeggutor|frz
|
|turn|21
|chat|Whoremaster|:(
|chat|Epikhairz|:]
|
|cant|p2a: Exeggutor|frz
|cant|p1a: Chansey|par
|
|turn|22
|
|cant|p2a: Exeggutor|frz
|move|p1a: Chansey|Ice Beam|p2a: Exeggutor
|-supereffective|p2a: Exeggutor
|-damage|p2a: Exeggutor|119\/393 frz
|
|turn|23
|
|cant|p2a: Exeggutor|frz
|cant|p1a: Chansey|par
|
|turn|24
|
|cant|p2a: Exeggutor|frz
|move|p1a: Chansey|Ice Beam|p2a: Exeggutor
|-supereffective|p2a: Exeggutor
|-damage|p2a: Exeggutor|0 fnt
|faint|p2a: Exeggutor
|
|
|switch|p2a: Snorlax|Snorlax|523\/523
|turn|25
|
|switch|p1a: Golem|Golem|274\/363
|move|p2a: Snorlax|Body Slam|p1a: Golem
|-resisted|p1a: Golem
|-damage|p1a: Golem|230\/363
|
|turn|26
|
|move|p1a: Golem|Earthquake|p2a: Snorlax
|-damage|p2a: Snorlax|351\/523
|move|p2a: Snorlax|Earthquake|p1a: Golem
|-supereffective|p1a: Golem
|-damage|p1a: Golem|94\/363
|
|turn|27
|
|move|p1a: Golem|Explosion|p2a: Snorlax
|-damage|p2a: Snorlax|0 fnt
|faint|p2a: Snorlax
|faint|p1a: Golem
|
|switch|p2a: Alakazam|Alakazam|252\/313
|switch|p1a: Tauros|Tauros|353\/353
|turn|28
|chat|Whoremaster|yudodis
|
|move|p2a: Alakazam|Psychic|p1a: Tauros
|-crit|p1a: Tauros
|-damage|p1a: Tauros|10\/353
|-unboost|p1a: Tauros|spd|1
|-unboost|p1a: Tauros|spa|1
|move|p1a: Tauros|Body Slam|p2a: Alakazam
|-damage|p2a: Alakazam|91\/313
|
|turn|29
|chat|Whoremaster|oo
|
|move|p2a: Alakazam|Psychic|p1a: Tauros
|-damage|p1a: Tauros|0 fnt
|faint|p1a: Tauros
|
|
|switch|p1a: Chansey|Chansey|500\/703 par
|turn|30
|
|move|p2a: Alakazam|Recover|p2a: Alakazam
|-heal|p2a: Alakazam|247\/313
|move|p1a: Chansey|Ice Beam|p2a: Alakazam
|-damage|p2a: Alakazam|180\/313
|
|turn|31
|
|move|p2a: Alakazam|Recover|p2a: Alakazam
|-heal|p2a: Alakazam|313\/313
|cant|p1a: Chansey|par
|
|turn|32
|
|move|p2a: Alakazam|Psychic|p1a: Chansey
|-damage|p1a: Chansey|379\/703 par
|move|p1a: Chansey|Ice Beam|p2a: Alakazam
|-damage|p2a: Alakazam|251\/313
|
|turn|33
|
|move|p2a: Alakazam|Psychic|p1a: Chansey|[miss]
|-miss|p2a: Alakazam
|move|p1a: Chansey|Soft-Boiled|p1a: Chansey
|-heal|p1a: Chansey|703\/703 par
|
|turn|34
|
|move|p2a: Alakazam|Psychic|p1a: Chansey
|-damage|p1a: Chansey|578\/703 par
|cant|p1a: Chansey|par
|
|turn|35
|chat|Whoremaster|lol missed a psychic
|chat|Whoremaster|good ol gen 1
|chat|Epikhairz|:]
|
|move|p2a: Alakazam|Psychic|p1a: Chansey
|-damage|p1a: Chansey|456\/703 par
|move|p1a: Chansey|Ice Beam|p2a: Alakazam
|-crit|p2a: Alakazam
|-damage|p2a: Alakazam|118\/313
|
|turn|36
|
|move|p2a: Alakazam|Recover|p2a: Alakazam
|-heal|p2a: Alakazam|274\/313
|move|p1a: Chansey|Ice Beam|p2a: Alakazam
|-damage|p2a: Alakazam|213\/313
|
|turn|37
|
|move|p2a: Alakazam|Psychic|p1a: Chansey
|-damage|p1a: Chansey|323\/703 par
|-unboost|p1a: Chansey|spd|1
|-unboost|p1a: Chansey|spa|1
|move|p1a: Chansey|Ice Beam|p2a: Alakazam
|-damage|p2a: Alakazam|171\/313
|
|turn|38
|
|move|p2a: Alakazam|Psychic|p1a: Chansey
|-damage|p1a: Chansey|143\/703 par
|cant|p1a: Chansey|par
|
|turn|39
|
|move|p2a: Alakazam|Psychic|p1a: Chansey
|-crit|p1a: Chansey
|-damage|p1a: Chansey|0 fnt
|faint|p1a: Chansey
|
|chat|Whoremaster|oo
|
|switch|p1a: Alakazam|Alakazam|313\/313 slp
|turn|40
|
|cant|p1a: Alakazam|slp
|move|p2a: Alakazam|Seismic Toss|p1a: Alakazam
|-damage|p1a: Alakazam|213\/313 slp
|
|turn|41
|
|move|p2a: Alakazam|Seismic Toss|p1a: Alakazam
|-damage|p1a: Alakazam|113\/313 slp
|cant|p1a: Alakazam|slp
|-curestatus|p1a: Alakazam|slp
|
|turn|42
|chat|Epikhairz|yesss
|
|move|p1a: Alakazam|Recover|p1a: Alakazam
|-heal|p1a: Alakazam|269\/313
|move|p2a: Alakazam|Seismic Toss|p1a: Alakazam
|-damage|p1a: Alakazam|169\/313
|
|turn|43
|
|move|p1a: Alakazam|Recover|p1a: Alakazam
|-heal|p1a: Alakazam|313\/313
|move|p2a: Alakazam|Seismic Toss|p1a: Alakazam
|-damage|p1a: Alakazam|213\/313
|
|turn|44
|
|move|p2a: Alakazam|Seismic Toss|p1a: Alakazam
|-damage|p1a: Alakazam|113\/313
|move|p1a: Alakazam|Seismic Toss|p2a: Alakazam
|-damage|p2a: Alakazam|71\/313
|
|turn|45
|
|move|p2a: Alakazam|Recover|p2a: Alakazam
|-heal|p2a: Alakazam|227\/313
|move|p1a: Alakazam|Seismic Toss|p2a: Alakazam
|-damage|p2a: Alakazam|127\/313
|
|turn|46
|
|move|p2a: Alakazam|Thunder Wave|p1a: Alakazam
|-status|p1a: Alakazam|par
|cant|p1a: Alakazam|par
|
|turn|47
|
|move|p2a: Alakazam|Recover|p2a: Alakazam
|-heal|p2a: Alakazam|283\/313
|move|p1a: Alakazam|Recover|p1a: Alakazam
|-heal|p1a: Alakazam|269\/313 par
|
|turn|48
|
|move|p2a: Alakazam|Seismic Toss|p1a: Alakazam
|-damage|p1a: Alakazam|169\/313 par
|cant|p1a: Alakazam|par
|
|turn|49
|
|move|p2a: Alakazam|Seismic Toss|p1a: Alakazam
|-damage|p1a: Alakazam|69\/313 par
|move|p1a: Alakazam|Recover|p1a: Alakazam
|-heal|p1a: Alakazam|225\/313 par
|
|turn|50
|
|move|p2a: Alakazam|Seismic Toss|p1a: Alakazam
|-damage|p1a: Alakazam|125\/313 par
|move|p1a: Alakazam|Thunder Wave|p2a: Alakazam
|-status|p2a: Alakazam|par
|
|turn|51
|
|move|p1a: Alakazam|Recover|p1a: Alakazam
|-heal|p1a: Alakazam|281\/313 par
|move|p2a: Alakazam|Seismic Toss|p1a: Alakazam
|-damage|p1a: Alakazam|181\/313 par
|
|turn|52
|
|cant|p1a: Alakazam|par
|cant|p2a: Alakazam|par
|
|turn|53
|
|move|p2a: Alakazam|Seismic Toss|p1a: Alakazam
|-damage|p1a: Alakazam|81\/313 par
|move|p1a: Alakazam|Recover|p1a: Alakazam
|-heal|p1a: Alakazam|237\/313 par
|
|turn|54
|
|cant|p1a: Alakazam|par
|move|p2a: Alakazam|Seismic Toss|p1a: Alakazam
|-damage|p1a: Alakazam|137\/313 par
|
|turn|55
|
|move|p2a: Alakazam|Seismic Toss|p1a: Alakazam
|-damage|p1a: Alakazam|37\/313 par
|move|p1a: Alakazam|Recover|p1a: Alakazam
|-heal|p1a: Alakazam|193\/313 par
|
|turn|56
|
|cant|p1a: Alakazam|par
|move|p2a: Alakazam|Seismic Toss|p1a: Alakazam
|-damage|p1a: Alakazam|93\/313 par
|
|turn|57
|
|move|p1a: Alakazam|Recover|p1a: Alakazam
|-heal|p1a: Alakazam|249\/313 par
|move|p2a: Alakazam|Psychic|p1a: Alakazam
|-resisted|p1a: Alakazam
|-damage|p1a: Alakazam|201\/313 par
|-unboost|p1a: Alakazam|spd|1
|-unboost|p1a: Alakazam|spa|1
|
|turn|58
|
|move|p2a: Alakazam|Seismic Toss|p1a: Alakazam
|-damage|p1a: Alakazam|101\/313 par
|move|p1a: Alakazam|Recover|p1a: Alakazam
|-heal|p1a: Alakazam|257\/313 par
|
|turn|59
|
|move|p2a: Alakazam|Seismic Toss|p1a: Alakazam
|-damage|p1a: Alakazam|157\/313 par
|move|p1a: Alakazam|Seismic Toss|p2a: Alakazam
|-damage|p2a: Alakazam|183\/313 par
|
|turn|60
|
|move|p2a: Alakazam|Seismic Toss|p1a: Alakazam
|-damage|p1a: Alakazam|57\/313 par
|move|p1a: Alakazam|Recover|p1a: Alakazam
|-heal|p1a: Alakazam|213\/313 par
|
|turn|61
|
|move|p1a: Alakazam|Recover|p1a: Alakazam
|-heal|p1a: Alakazam|313\/313 par
|move|p2a: Alakazam|Seismic Toss|p1a: Alakazam
|-damage|p1a: Alakazam|213\/313 par
|
|turn|62
|
|cant|p2a: Alakazam|par
|move|p1a: Alakazam|Seismic Toss|p2a: Alakazam
|-damage|p2a: Alakazam|83\/313 par
|
|turn|63
|
|move|p1a: Alakazam|Seismic Toss|p2a: Alakazam
|-damage|p2a: Alakazam|0 fnt
|faint|p2a: Alakazam
|
|win|Epikhairz
|chat|Epikhairz|gg
|chat|Whoremaster|arg
|chat|Whoremaster|gg
|chat|Epikhairz|lol
|leave|Epikhairz
|player|p1