|join|Chong Li
|join|XianJu
|player|p1|Chong Li|15
|player|p2|XianJu|130
|gametype|singles
|gen|1
|tier|[Gen 1] Random Battle
|rated
|seed|38512,34682,48079,29239
|rule|Sleep Clause Mod: Limit one foe put to sleep
|rule|Freeze Clause Mod: Limit one foe frozen
|rule|HP Percentage Mod: HP is shown in percentages
|
|start
|switch|p1a: Charmeleon|Charmeleon, L85|272\/272
|switch|p2a: Slowpoke|Slowpoke, L96|368\/368
|turn|1
|choice|switch 3|move 1
|
|switch|p1a: Beedrill|Beedrill, L90|300\/300
|move|p2a: Slowpoke|Surf|p1a: Beedrill
|-damage|p1a: Beedrill|185\/300
|
|turn|2
|choice|move 1|move 3
|
|move|p1a: Beedrill|Twineedle|p2a: Slowpoke
|-supereffective|p2a: Slowpoke
|-damage|p2a: Slowpoke|304\/368
|-damage|p2a: Slowpoke|240\/368
|-hitcount|p2a: Slowpoke|2
|move|p2a: Slowpoke|Thunder Wave|p1a: Beedrill
|-status|p1a: Beedrill|par
|
|turn|3
|choice|move 1|switch 4
|
|switch|p2a: Aerodactyl|Aerodactyl, L90|327\/327
|move|p1a: Beedrill|Twineedle|p2a: Aerodactyl
|-resisted|p2a: Aerodactyl
|-damage|p2a: Aerodactyl|311\/327
|-damage|p2a: Aerodactyl|295\/327
|-hitcount|p2a: Aerodactyl|2
|
|turn|4
|choice|switch 3|move 4
|
|switch|p1a: Charmeleon|Charmeleon, L85|272\/272
|move|p2a: Aerodactyl|Sky Attack|p1a: Charmeleon|[still]
|-prepare|p2a: Aerodactyl|Sky Attack|p1a: Charmeleon
|
|turn|5
|choice|move 4|move 1
|
|move|p2a: Aerodactyl|Sky Attack|p1a: Charmeleon
|-damage|p1a: Charmeleon|49\/272
|move|p1a: Charmeleon|Fire Blast|p2a: Aerodactyl
|-resisted|p2a: Aerodactyl
|-damage|p2a: Aerodactyl|240\/327
|-status|p2a: Aerodactyl|brn
|
|turn|6
|choice|switch 5|move 3
|
|switch|p1a: Mewtwo|Mewtwo, L70|293\/293
|move|p2a: Aerodactyl|Double-Edge|p1a: Mewtwo
|-damage|p1a: Mewtwo|240\/293
|-damage|p2a: Aerodactyl|227\/327 brn|[from] recoil|[of] p1a: Mewtwo
|-damage|p2a: Aerodactyl|207\/327 brn|[from] brn|[of] p1a: Mewtwo
|
|turn|7
|choice|move 4|move 2
|
|move|p2a: Aerodactyl|Hyper Beam|p1a: Mewtwo
|-damage|p1a: Mewtwo|170\/293
|-damage|p2a: Aerodactyl|187\/327 brn|[from] brn|[of] p1a: Mewtwo
|move|p1a: Mewtwo|Thunderbolt|p2a: Aerodactyl
|-supereffective|p2a: Aerodactyl
|-damage|p2a: Aerodactyl|39\/327 brn
|
|turn|8
|-mustrecharge|p2a: Aerodactyl
|-mustrecharge|p2a: Aerodactyl
|choice|move 1|move 1
|
|cant|p2a: Aerodactyl|recharge
|-damage|p2a: Aerodactyl|19\/327 brn|[from] brn|[of] p1a: Mewtwo
|move|p1a: Mewtwo|Psychic|p2a: Aerodactyl
|-damage|p2a: Aerodactyl|0 fnt
|faint|p2a: Aerodactyl
|choice||switch 5
|
|switch|p2a: Marowak|Marowak, L90|291\/291
|turn|9
|choice|switch 3|move 2
|
|switch|p1a: Beedrill|Beedrill, L90|185\/300 par
|move|p2a: Marowak|Earthquake|p1a: Beedrill
|-damage|p1a: Beedrill|21\/300 par
|
|turn|10
|choice|move 1|move 1
|
|move|p2a: Marowak|Body Slam|p1a: Beedrill
|-damage|p1a: Beedrill|0 fnt
|faint|p1a: Beedrill
|choice|switch 2|
|
|switch|p1a: Ditto|Ditto, L99|296\/296
|turn|11
|choice|move 1|switch 3
|
|switch|p2a: Machoke|Machoke, L85|310\/310
|move|p1a: Ditto|Transform|p2a: Machoke
|-transform|p1a: Ditto|p2a: Machoke
|
|turn|12
|choice|move 4|move 1
|
|move|p1a: Ditto|Earthquake|p2a: Machoke
|-damage|p2a: Machoke|232\/310
|move|p2a: Machoke|Leer|p1a: Ditto
|-unboost|p1a: Ditto|def|1
|
|turn|13
|choice|move 3|switch 3
|
|switch|p2a: Marowak|Marowak, L90|291\/291
|move|p1a: Ditto|Body Slam|p2a: Marowak
|-damage|p2a: Marowak|243\/291
|-status|p2a: Marowak|par
|
|turn|14
|choice|move 4|move 2
|
|move|p1a: Ditto|Earthquake|p2a: Marowak
|-damage|p2a: Marowak|192\/291 par
|move|p2a: Marowak|Earthquake|p1a: Ditto
|-damage|p1a: Ditto|150\/296
|
|turn|15
|choice|move 4|move 2
|
|move|p1a: Ditto|Earthquake|p2a: Marowak
|-damage|p2a: Marowak|140\/291 par
|move|p2a: Marowak|Earthquake|p1a: Ditto
|-damage|p1a: Ditto|0 fnt
|faint|p1a: Ditto
|choice|switch 5|
|
|switch|p1a: Charmeleon|Charmeleon, L85|49\/272
|turn|16
|choice|move 4|move 2
|
|move|p1a: Charmeleon|Fire Blast|p2a: Marowak
|-damage|p2a: Marowak|0 fnt
|faint|p2a: Marowak
|choice||switch 6
|
|switch|p2a: Persian|Persian, L79|265\/265
|turn|17
|choice|switch 4|move 1
|
|switch|p1a: Hitmonlee|Hitmonlee, L90|273\/273
|move|p2a: Persian|Slash|p1a: Hitmonlee
|-crit|p1a: Hitmonlee
|-damage|p1a: Hitmonlee|148\/273
|
|turn|18
|choice|move 3|switch 2
|
|switch|p2a: Grimer|Grimer, L96|348\/348
|move|p1a: Hitmonlee|Body Slam|p2a: Grimer
|-damage|p2a: Grimer|258\/348
|-status|p2a: Grimer|par
|
|turn|19
|choice|move 4|move 4
|
|move|p1a: Hitmonlee|Seismic Toss|p2a: Grimer
|-damage|p2a: Grimer|168\/348 par
|move|p2a: Grimer|Mega Drain|p1a: Hitmonlee
|-damage|p1a: Hitmonlee|112\/273
|-heal|p2a: Grimer|186\/348 par|[from] drain|[of] p1a: Hitmonlee
|
|turn|20
|choice|move 3|move 2
|
|move|p1a: Hitmonlee|Body Slam|p2a: Grimer
|-damage|p2a: Grimer|86\/348 par
|cant|p2a: Grimer|par
|
|turn|21
|choice|move 3|move 1
|
|move|p1a: Hitmonlee|Body Slam|p2a: Grimer
|-damage|p2a: Grimer|0 fnt
|faint|p2a: Grimer
|choice||switch 3
|
|switch|p2a: Machoke|Machoke, L85|232\/310
|turn|22
|choice|move 3|move 2
|
|move|p1a: Hitmonlee|Body Slam|p2a: Machoke
|-damage|p2a: Machoke|146\/310
|-status|p2a: Machoke|par
|move|p2a: Machoke|Double-Edge|p1a: Hitmonlee
|-damage|p1a: Hitmonlee|14\/273
|-damage|p2a: Machoke|122\/310 par|[from] recoil|[of] p1a: Hitmonlee
|
|turn|23
|choice|move 3|move 3
|
|move|p1a: Hitmonlee|Body Slam|p2a: Machoke
|-damage|p2a: Machoke|31\/310 par
|move|p2a: Machoke|Body Slam|p1a: Hitmonlee
|-damage|p1a: Hitmonlee|0 fnt
|faint|p1a: Hitmonlee
|choice|switch 4|
|
|switch|p1a: Charmeleon|Charmeleon, L85|49\/272
|turn|24
|choice|move 3|move 4
|
|move|p1a: Charmeleon|Slash|p2a: Machoke
|-crit|p2a: Machoke
|-damage|p2a: Machoke|0 fnt
|faint|p2a: Machoke
|choice||switch 2
|
|switch|p2a: Persian|Persian, L79|265\/265
|turn|25
|choice|move 4|move 1
|
|move|p2a: Persian|Slash|p1a: Charmeleon
|-crit|p1a: Charmeleon
|-damage|p1a: Charmeleon|0 fnt
|faint|p1a: Charmeleon
|choice|switch 6|
|
|switch|p1a: Rapidash|Rapidash, L90|300\/300
|turn|26
|choice|move 1|move 2
|
|move|p1a: Rapidash|Fire Blast|p2a: Persian
|-damage|p2a: Persian|91\/265
|move|p2a: Persian|Bubble Beam|p1a: Rapidash
|-supereffective|p1a: Rapidash
|-damage|p1a: Rapidash|240\/300
|
|turn|27
|choice|move 1|switch 4
|
|switch|p2a: Slowpoke|Slowpoke, L96|240\/368
|move|p1a: Rapidash|Fire Blast|p2a: Slowpoke
|-resisted|p2a: Slowpoke
|-damage|p2a: Slowpoke|151\/368
|
|turn|28
|choice|move 4|move 3
|
|move|p1a: Rapidash|Hyper Beam|p2a: Slowpoke
|-damage|p2a: Slowpoke|25\/368
|move|p2a: Slowpoke|Thunder Wave|p1a: Rapidash
|-status|p1a: Rapidash|par
|
|turn|29
|-mustrecharge|p1a: Rapidash
|-mustrecharge|p1a: Rapidash
|choice|move 1|move 4
|
|move|p2a: Slowpoke|Amnesia|p2a: Slowpoke
|-boost|p2a: Slowpoke|spd|2
|-boost|p2a: Slowpoke|spa|2
|cant|p1a: Rapidash|recharge
|
|turn|30
|choice|move 4|move 2
|
|move|p2a: Slowpoke|Rest|p2a: Slowpoke
|-status|p2a: Slowpoke|slp
|-heal|p2a: Slowpoke|368\/368 slp|[silent]
|-status|p2a: Slowpoke|slp|[from] move: Rest
|move|p1a: Rapidash|Hyper Beam|p2a: Slowpoke
|-damage|p2a: Slowpoke|232\/368 slp
|
|turn|31
|-mustrecharge|p1a: Rapidash
|-mustrecharge|p1a: Rapidash
|choice|move 1|move 1
|
|cant|p2a: Slowpoke|slp
|cant|p1a: Rapidash|recharge
|
|turn|32
|choice|switch 3|move 1
|
|switch|p1a: Mewtwo|Mewtwo, L70|170\/293
|-curestatus|p2a: Slowpoke|slp
|
|turn|33
|choice|move 4|move 3
|
|move|p1a: Mewtwo|Thunderbolt|p2a: Slowpoke
|-supereffective|p2a: Slowpoke
|-damage|p2a: Slowpoke|135\/368
|-status|p2a: Slowpoke|par
|move|p2a: Slowpoke|Thunder Wave|p1a: Mewtwo
|-status|p1a: Mewtwo|par
|
|turn|34
|choice|move 4|move 2
|
|move|p1a: Mewtwo|Thunderbolt|p2a: Slowpoke
|-crit|p2a: Slowpoke
|-supereffective|p2a: Slowpoke
|-damage|p2a: Slowpoke|0 fnt
|faint|p2a: Slowpoke
|choice||switch 4
|
|switch|p2a: Persian|Persian, L79|91\/265
|turn|35
|choice|move 4|move 1
|
|move|p2a: Persian|Slash|p1a: Mewtwo
|-crit|p1a: Mewtwo
|-damage|p1a: Mewtwo|55\/293 par
|cant|p1a: Mewtwo|par
|
|turn|36
|choice|move 4|move 1
|
|move|p2a: Persian|Slash|p1a: Mewtwo
|-crit|p1a: Mewtwo
|-damage|p1a: Mewtwo|0 fnt
|faint|p1a: Mewtwo
|choice|switch 3|
|
|switch|p1a: Rapidash|Rapidash, L90|240\/300 par
|turn|37
|choice|move 4|move 1
|
|move|p2a: Persian|Slash|p1a: Rapidash
|-crit|p1a: Rapidash
|-damage|p1a: Rapidash|123\/300 par
|cant|p1a: Rapidash|par
|
|turn|38
|c|★Chong Li|hahaha omg
|c|★Chong Li|lucker
|choice|move 4|move 1
|
|move|p2a: Persian|Slash|p1a: Rapidash
|-crit|p1a: Rapidash
|-damage|p1a: Rapidash|8\/300 par
|cant|p1a: Rapidash|par
|
|turn|39
|c|★Chong Li|OMG
|c|★Chong Li|you win because you are fckin lucker
|c|★Chong Li|go die
|c|★Chong Li|motherfucker
|c|★XianJu|yep lucky again, i am every time when i beat you
|c|★XianJu|like is everyone else
|c|★Chong Li|its second time idiot we play
|c|★Chong Li|ashole
|c|★Chong Li|and now you are lucky
|c|★Chong Li|3 times in row paralayzed
|c|★XianJu|im sorry im not sure what is this noise
|c|★XianJu|is someone crying
|c|★Chong Li|ok bg idiot
|c|★Chong Li|go die
|choice|move 1|move 1
|
|move|p2a: Persian|Slash|p1a: Rapidash
|-crit|p1a: Rapidash
|-damage|p1a: Rapidash|0 fnt
|faint|p1a: Rapidash
|
|win|XianJu
|raw|Chong Li's rating: 1346 &rarr; <strong>1323<\/strong><br \/>(-23 for losing)
|raw|XianJu's rating: 1287 &rarr; <strong>1316<\/strong><br \/>(+29 for winning)