|j|marcoasd
|j|smilzo
|player|p1|marcoasd|169
|player|p2|smilzo|157
|gametype|singles
|gen|1
|tier|[Gen 1] OU
|seed|19940,4993,48348,21477
|rule|Sleep Clause Mod: Limit one foe put to sleep
|rule|Freeze Clause Mod: Limit one foe frozen
|rule|Species Clause: Limit one of each Pokémon
|rule|OHKO Clause: OHKO moves are banned
|rule|Evasion Moves Clause: Evasion moves are banned
|rule|HP Percentage Mod: HP is shown in percentages
|
|start
|switch|p1a: Gengar|Gengar, M|323\/323
|switch|p2a: Alakazam|Alakazam, M|313\/313
|turn|1
|choice|switch 4|move 1
|
|switch|p1a: Exeggutor|Exeggutor, M|393\/393
|move|p2a: Alakazam|Thunder Wave|p1a: Exeggutor
|-status|p1a: Exeggutor|par
|
|turn|2
|choice|move 1|move 3
|
|move|p2a: Alakazam|Seismic Toss|p1a: Exeggutor
|-damage|p1a: Exeggutor|293\/393 par
|move|p1a: Exeggutor|Sleep Powder|p2a: Alakazam|[miss]
|-miss|p1a: Exeggutor
|
|turn|3
|choice|move 4|move 3
|
|move|p2a: Alakazam|Seismic Toss|p1a: Exeggutor
|-damage|p1a: Exeggutor|193\/393 par
|move|p1a: Exeggutor|Explosion|p2a: Alakazam
|-damage|p2a: Alakazam|0 fnt
|faint|p2a: Alakazam
|faint|p1a: Exeggutor
|c|★smilzo|!
|c|★marcoasd|la cattiveria
|choice|switch 2|switch 3
|
|switch|p1a: Articuno|Articuno|383\/383
|switch|p2a: Exeggutor|Exeggutor, M|393\/393
|turn|4
|c|★smilzo|ah
|choice|move 1|switch 2
|
|switch|p2a: Lapras|Lapras, M|463\/463
|move|p1a: Articuno|Blizzard|p2a: Lapras
|-resisted|p2a: Lapras
|-damage|p2a: Lapras|421\/463
|
|turn|5
|choice|switch 4|move 3
|
|switch|p1a: Gengar|Gengar, M|323\/323
|move|p2a: Lapras|Sing|p1a: Gengar
|-status|p1a: Gengar|slp
|
|turn|6
|c|★marcoasd|che colpo basso
|c|★smilzo|!dt low kick
|c|~|\/data-move Low Kick
|raw|<font size="1">Priority&nbsp;|&ThickSpace;<font color="#686868">Gen:<\/font> 1&nbsp;|&ThickSpace;&#10003; Contact&nbsp;|&ThickSpace;<font color="#686868">Target:<\/font> One Adjacent Pokémon<\/font>
|c|★marcoasd|lol
|choice|switch 3|switch 2
|
|switch|p1a: Chansey|Chansey|703\/703
|switch|p2a: Exeggutor|Exeggutor, M|393\/393
|
|turn|7
|choice|move 3|switch 4
|
|switch|p2a: Chansey|Chansey|703\/703
|move|p1a: Chansey|Sing|p2a: Chansey
|-status|p2a: Chansey|slp
|
|turn|8
|c|★smilzo|oooooo
|c|★smilzo|cattivo
|choice|switch 5|move 1
|
|switch|p1a: Tauros|Tauros|353\/353
|cant|p2a: Chansey|slp
|
|turn|9
|choice|move 1|switch 2
|
|switch|p2a: Lapras|Lapras, M|421\/463
|move|p1a: Tauros|Body Slam|p2a: Lapras
|-damage|p2a: Lapras|299\/463
|
|turn|10
|choice|move 1|move 1
|
|move|p1a: Tauros|Body Slam|p2a: Lapras
|-damage|p2a: Lapras|182\/463
|-status|p2a: Lapras|par
|move|p2a: Lapras|Blizzard|p1a: Tauros
|-crit|p1a: Tauros
|-damage|p1a: Tauros|2\/353
|
|turn|11
|c|★smilzo|!
|c|★marcoasd|reeeep
|c|★smilzo|uhm
|choice|move 3|switch 4
|
|switch|p2a: Exeggutor|Exeggutor, M|393\/393
|move|p1a: Tauros|Hyper Beam|p2a: Exeggutor
|-crit|p2a: Exeggutor
|-damage|p2a: Exeggutor|0 fnt
|faint|p2a: Exeggutor
|c|★smilzo|rude
|c|★marcoasd|che legnata
|choice||switch 6
|
|switch|p2a: Tauros|Tauros|353\/353
|turn|12
|choice|move 3|move 2
|
|move|p2a: Tauros|Earthquake|p1a: Tauros
|-damage|p1a: Tauros|0 fnt
|faint|p1a: Tauros
|choice|switch 4|
|
|switch|p1a: Articuno|Articuno|383\/383
|turn|13
|choice|move 1|switch 2
|
|switch|p2a: Chansey|Chansey|703\/703 slp
|move|p1a: Articuno|Blizzard|p2a: Chansey
|-damage|p2a: Chansey|550\/703 slp
|
|turn|14
|choice|move 2|move 3
|
|move|p1a: Articuno|Sky Attack|p2a: Chansey|[still]
|-prepare|p1a: Articuno|Sky Attack|p2a: Chansey
|cant|p2a: Chansey|slp
|
|turn|15
|choice|move 1|move 1
|
|move|p1a: Articuno|Sky Attack|p2a: Chansey|[from]Sky Attack
|-damage|p2a: Chansey|111\/703 slp
|cant|p2a: Chansey|slp
|
|turn|16
|choice|move 4|move 1
|
|move|p1a: Articuno|Agility|p1a: Articuno
|-boost|p1a: Articuno|spe|2
|cant|p2a: Chansey|slp
|
|turn|17
|choice|move 1|switch 4
|
|switch|p2a: Lapras|Lapras, M|182\/463 par
|move|p1a: Articuno|Blizzard|p2a: Lapras
|-crit|p2a: Lapras
|-resisted|p2a: Lapras
|-damage|p2a: Lapras|101\/463 par
|
|turn|18
|choice|move 3|move 2
|
|move|p1a: Articuno|Hyper Beam|p2a: Lapras
|-damage|p2a: Lapras|0 fnt
|faint|p2a: Lapras
|choice||switch 2
|
|switch|p2a: Tauros|Tauros|353\/353
|turn|19
|choice|move 1|move 1
|
|move|p1a: Articuno|Blizzard|p2a: Tauros
|-damage|p2a: Tauros|140\/353
|move|p2a: Tauros|Body Slam|p1a: Articuno
|-damage|p1a: Articuno|275\/383
|-status|p1a: Articuno|par
|
|turn|20
|choice|move 1|move 1
|
|move|p2a: Tauros|Body Slam|p1a: Articuno
|-damage|p1a: Articuno|171\/383 par
|move|p1a: Articuno|Blizzard|p2a: Tauros
|-damage|p2a: Tauros|0 fnt
|faint|p2a: Tauros
|choice||switch 5
|
|switch|p2a: Snorlax|Snorlax, M|523\/523
|turn|21
|choice|move 1|move 1
|
|move|p2a: Snorlax|Body Slam|p1a: Articuno
|-damage|p1a: Articuno|57\/383 par
|move|p1a: Articuno|Blizzard|p2a: Snorlax
|-crit|p2a: Snorlax
|-damage|p2a: Snorlax|72\/523
|
|turn|22
|choice|move 3|move 1
|
|move|p2a: Snorlax|Body Slam|p1a: Articuno
|-damage|p1a: Articuno|0 fnt
|faint|p1a: Articuno
|c|★smilzo|meh
|c|★smilzo|gg
|c|★marcoasd|gg
|choice|switch 5|
|
|switch|p1a: Chansey|Chansey|703\/703
|turn|23
|choice|move 2|move 4
|
|move|p1a: Chansey|Seismic Toss|p2a: Snorlax
|-damage|p2a: Snorlax|0 fnt
|faint|p2a: Snorlax
|choice||switch 4
|
|switch|p2a: Chansey|Chansey|111\/703 slp
|turn|24
|choice|move 2|move 4
|
|move|p1a: Chansey|Seismic Toss|p2a: Chansey
|-damage|p2a: Chansey|11\/703 slp
|cant|p2a: Chansey|slp
|
|turn|25
|c|★smilzo|wakeup
|c|★smilzo|no
|c|★smilzo|rip
|choice|move 2|move 4
|
|-curestatus|p2a: Chansey|slp
|move|p1a: Chansey|Seismic Toss|p2a: Chansey
|-damage|p2a: Chansey|0 fnt
|faint|p2a: Chansey
|
|win|marcoasd
|player|p1
|player|p2
|l|marcoasd