|join|uvash2
|join|Fabian Pacheco
|player|p1|uvash2|102
|player|p2|Fabian Pacheco|101
|gametype|singles
|gen|1
|tier|[Gen 1] Random Battle
|rated
|seed|13267,7870,14310,61769
|rule|Sleep Clause Mod: Limit one foe put to sleep
|rule|Freeze Clause Mod: Limit one foe frozen
|rule|HP Percentage Mod: HP is shown in percentages
|
|start
|switch|p1a: Alakazam|Alakazam, L79|249\/249
|switch|p2a: Tentacruel|Tentacruel, L85|310\/310
|turn|1
|choice|move 1|switch 2
|
|switch|p2a: Butterfree|Butterfree, L90|291\/291
|move|p1a: Alakazam|Psychic|p2a: Butterfree
|-damage|p2a: Butterfree|183\/291
|-unboost|p2a: Butterfree|spd|1
|-unboost|p2a: Butterfree|spa|1
|
|turn|2
|choice|move 1|move 4
|
|move|p1a: Alakazam|Psychic|p2a: Butterfree
|-damage|p2a: Butterfree|31\/291
|move|p2a: Butterfree|Sleep Powder|p1a: Alakazam
|-status|p1a: Alakazam|slp
|
|turn|3
|choice|move 1|move 3
|
|cant|p1a: Alakazam|slp
|move|p2a: Butterfree|Mega Drain|p1a: Alakazam
|-damage|p1a: Alakazam|233\/249 slp
|-heal|p2a: Butterfree|39\/291|[from] drain|[of] p1a: Alakazam
|
|turn|4
|choice|move 1|switch 5
|
|switch|p2a: Raichu|Raichu, L85|276\/276
|cant|p1a: Alakazam|slp
|
|turn|5
|choice|move 3|move 3
|
|-curestatus|p1a: Alakazam|slp
|move|p2a: Raichu|Hyper Beam|p1a: Alakazam
|-crit|p1a: Alakazam
|-damage|p1a: Alakazam|0 fnt
|faint|p1a: Alakazam
|choice|switch 3|
|
|switch|p1a: Wigglytuff|Wigglytuff, L90|435\/435
|turn|6
|choice|move 3|move 2
|
|move|p2a: Raichu|Thunder Wave|p1a: Wigglytuff
|-status|p1a: Wigglytuff|par
|move|p1a: Wigglytuff|Thunder Wave|p2a: Raichu
|-status|p2a: Raichu|par
|
|turn|7
|choice|move 4|move 4
|
|move|p2a: Raichu|Thunder|p1a: Wigglytuff
|-damage|p1a: Wigglytuff|262\/435 par
|move|p1a: Wigglytuff|Double-Edge|p2a: Raichu
|-damage|p2a: Raichu|141\/276 par
|-damage|p1a: Wigglytuff|229\/435 par|[from] recoil|[of] p2a: Raichu
|
|turn|8
|choice|move 2|move 3
|
|move|p2a: Raichu|Hyper Beam|p1a: Wigglytuff
|-crit|p1a: Wigglytuff
|-damage|p1a: Wigglytuff|0 fnt
|faint|p1a: Wigglytuff
|choice|switch 2|
|
|switch|p1a: Magneton|Magneton, L90|273\/273
|turn|9
|choice|move 4|move 3
|
|move|p1a: Magneton|Double-Edge|p2a: Raichu
|-damage|p2a: Raichu|63\/276 par
|-damage|p1a: Magneton|254\/273|[from] recoil|[of] p2a: Raichu
|move|p2a: Raichu|Hyper Beam|p1a: Magneton
|-damage|p1a: Magneton|166\/273
|
|turn|10
|-mustrecharge|p2a: Raichu
|-mustrecharge|p2a: Raichu
|choice|move 4|move 1
|
|move|p1a: Magneton|Double-Edge|p2a: Raichu
|-damage|p2a: Raichu|0 fnt
|-damage|p1a: Magneton|151\/273|[from] recoil|[of] p2a: Raichu
|faint|p2a: Raichu
|choice||switch 6
|
|switch|p2a: Machamp|Machamp, L90|345\/345
|turn|11
|choice|switch 5|move 4
|
|switch|p1a: Gengar|Gengar, L79|257\/257
|move|p2a: Machamp|Submission|p1a: Gengar
|-immune|p1a: Gengar|[msg]
|
|turn|12
|choice|move 1|switch 4
|
|switch|p2a: Lickitung|Lickitung, L90|345\/345
|move|p1a: Gengar|Hypnosis|p2a: Lickitung
|-status|p2a: Lickitung|slp
|
|turn|13
|choice|move 4|switch 5
|
|switch|p2a: Butterfree|Butterfree, L90|39\/291
|move|p1a: Gengar|Psychic|p2a: Butterfree
|-damage|p2a: Butterfree|0 fnt
|faint|p2a: Butterfree
|choice||switch 3
|
|switch|p2a: Jynx|Jynx, L79|265\/265
|turn|14
|choice|switch 4|move 4
|
|switch|p1a: Vaporeon|Vaporeon, L85|395\/395
|move|p2a: Jynx|Psychic|p1a: Vaporeon
|-damage|p1a: Vaporeon|321\/395
|
|turn|15
|choice|move 1|move 1
|
|move|p2a: Jynx|Lovely Kiss|p1a: Vaporeon
|-status|p1a: Vaporeon|slp
|cant|p1a: Vaporeon|slp
|
|turn|16
|choice|switch 6|move 4
|
|switch|p1a: Butterfree|Butterfree, L90|291\/291
|move|p2a: Jynx|Psychic|p1a: Butterfree
|-damage|p1a: Butterfree|213\/291
|
|turn|17
|choice|move 4|move 3
|
|move|p2a: Jynx|Blizzard|p1a: Butterfree
|-supereffective|p1a: Butterfree
|-damage|p1a: Butterfree|0 fnt
|faint|p1a: Butterfree
|choice|switch 5|
|
|switch|p1a: Magneton|Magneton, L90|151\/273
|turn|18
|choice|move 2|move 1
|
|move|p2a: Jynx|Lovely Kiss|p1a: Magneton
|-message|Sleep Clause Mod activated.
|move|p1a: Magneton|Thunder Wave|p2a: Jynx
|-status|p2a: Jynx|par
|
|turn|19
|choice|move 4|move 4
|
|move|p1a: Magneton|Double-Edge|p2a: Jynx
|-damage|p2a: Jynx|151\/265 par
|-damage|p1a: Magneton|123\/273|[from] recoil|[of] p2a: Jynx
|move|p2a: Jynx|Psychic|p1a: Magneton
|-crit|p1a: Magneton
|-damage|p1a: Magneton|2\/273
|
|turn|20
|choice|move 1|move 4
|
|move|p1a: Magneton|Thunderbolt|p2a: Jynx
|-crit|p2a: Jynx
|-damage|p2a: Jynx|0 fnt
|faint|p2a: Jynx
|choice||switch 4
|
|switch|p2a: Machamp|Machamp, L90|345\/345
|turn|21
|choice|move 1|move 1
|
|move|p1a: Magneton|Thunderbolt|p2a: Machamp
|-damage|p2a: Machamp|190\/345
|move|p2a: Machamp|Rock Slide|p1a: Magneton
|-damage|p1a: Magneton|0 fnt
|faint|p1a: Magneton
|choice|switch 4|
|
|switch|p1a: Gengar|Gengar, L79|257\/257
|turn|22
|choice|move 4|move 1
|
|move|p1a: Gengar|Psychic|p2a: Machamp
|-supereffective|p2a: Machamp
|-damage|p2a: Machamp|26\/345
|move|p2a: Machamp|Rock Slide|p1a: Gengar
|-damage|p1a: Gengar|149\/257
|
|turn|23
|choice|move 4|move 1
|
|move|p1a: Gengar|Psychic|p2a: Machamp
|-supereffective|p2a: Machamp
|-damage|p2a: Machamp|0 fnt
|faint|p2a: Machamp
|choice||switch 5
|
|switch|p2a: Lickitung|Lickitung, L90|345\/345 slp
|turn|24
|choice|move 4|move 3
|
|move|p1a: Gengar|Psychic|p2a: Lickitung
|-crit|p2a: Lickitung
|-damage|p2a: Lickitung|190\/345 slp
|-unboost|p2a: Lickitung|spd|1
|-unboost|p2a: Lickitung|spa|1
|cant|p2a: Lickitung|slp
|
|turn|25
|choice|move 3|switch 2
|
|switch|p2a: Tentacruel|Tentacruel, L85|310\/310
|move|p1a: Gengar|Mega Drain|p2a: Tentacruel
|-damage|p2a: Tentacruel|285\/310
|-heal|p1a: Gengar|161\/257|[from] drain|[of] p2a: Tentacruel
|
|turn|26
|choice|move 4|move 1
|
|move|p2a: Tentacruel|Surf|p1a: Gengar
|-damage|p1a: Gengar|64\/257
|move|p1a: Gengar|Psychic|p2a: Tentacruel
|-supereffective|p2a: Tentacruel
|-damage|p2a: Tentacruel|168\/310
|
|turn|27
|choice|switch 6|move 1
|
|switch|p1a: Vaporeon|Vaporeon, L85|321\/395 slp
|move|p2a: Tentacruel|Surf|p1a: Vaporeon
|-resisted|p1a: Vaporeon
|-damage|p1a: Vaporeon|267\/395 slp
|
|turn|28
|choice|move 1|switch 2
|
|switch|p2a: Lickitung|Lickitung, L90|190\/345 slp
|-curestatus|p1a: Vaporeon|slp
|
|turn|29
|choice|move 4|move 2
|
|move|p1a: Vaporeon|Hydro Pump|p2a: Lickitung
|-crit|p2a: Lickitung
|-damage|p2a: Lickitung|0 fnt
|faint|p2a: Lickitung
|choice||switch 2
|
|switch|p2a: Tentacruel|Tentacruel, L85|168\/310
|turn|30
|choice|move 1|move 4
|
|move|p2a: Tentacruel|Hyper Beam|p1a: Vaporeon
|-damage|p1a: Vaporeon|149\/395
|move|p1a: Vaporeon|Body Slam|p2a: Tentacruel
|-damage|p2a: Tentacruel|112\/310
|
|turn|31
|-mustrecharge|p2a: Tentacruel
|-mustrecharge|p2a: Tentacruel
|choice|move 2|move 1
|
|cant|p2a: Tentacruel|recharge
|move|p1a: Vaporeon|Rest|p1a: Vaporeon
|-status|p1a: Vaporeon|slp
|-heal|p1a: Vaporeon|395\/395 slp|[silent]
|-status|p1a: Vaporeon|slp|[from] move: Rest
|
|turn|32
|choice|move 1|move 2
|
|move|p2a: Tentacruel|Swords Dance|p2a: Tentacruel
|-boost|p2a: Tentacruel|atk|2
|cant|p1a: Vaporeon|slp
|
|turn|33
|choice|switch 6|move 2
|
|switch|p1a: Gengar|Gengar, L79|64\/257
|move|p2a: Tentacruel|Swords Dance|p2a: Tentacruel
|-boost|p2a: Tentacruel|atk|2
|
|turn|34
|choice|move 2|move 1
|
|move|p2a: Tentacruel|Surf|p1a: Gengar
|-damage|p1a: Gengar|0 fnt
|faint|p1a: Gengar
|choice|switch 6|
|
|switch|p1a: Vaporeon|Vaporeon, L85|395\/395 slp
|turn|35
|choice|move 1|move 3
|
|move|p2a: Tentacruel|Blizzard|p1a: Vaporeon
|-resisted|p1a: Vaporeon
|-damage|p1a: Vaporeon|350\/395 slp
|-curestatus|p1a: Vaporeon|slp
|
|turn|36
|choice|move 1|move 4
|
|move|p2a: Tentacruel|Hyper Beam|p1a: Vaporeon
|-damage|p1a: Vaporeon|33\/395
|move|p1a: Vaporeon|Body Slam|p2a: Tentacruel
|-damage|p2a: Tentacruel|54\/310
|
|turn|37
|-mustrecharge|p2a: Tentacruel
|-mustrecharge|p2a: Tentacruel
|choice|move 1|move 1
|
|cant|p2a: Tentacruel|recharge
|move|p1a: Vaporeon|Body Slam|p2a: Tentacruel
|-damage|p2a: Tentacruel|0 fnt
|faint|p2a: Tentacruel
|
|win|uvash2
|raw|uvash2's rating: 1167 &rarr; <strong>1181<\/strong><br \/>(+14 for winning)
|raw|Fabian Pacheco's rating: 1000 &rarr; <strong>1000<\/strong><br \/>(+0 for losing)
|c|★uvash2|gg
|c|★Fabian Pacheco|gg
|leave|Fabian Pacheco
|player|p2