|j|TonyRBY
|j|Scepunny
|player|p1|TonyRBY|167
|player|p2|Scepunny|96
|gametype|singles
|gen|1
|tier|[Gen 1] OU
|rated
|seed|
|rule|Sleep Clause Mod: Limit one foe put to sleep
|rule|Freeze Clause Mod: Limit one foe frozen
|rule|Species Clause: Limit one of each Pokémon
|rule|OHKO Clause: OHKO moves are banned
|rule|Evasion Moves Clause: Evasion moves are banned
|rule|HP Percentage Mod: HP is shown in percentages
|
|start
|switch|p1a: Ninetales|Ninetales|100\/100
|switch|p2a: Jynx|Jynx|100\/100
|turn|1
|choice||
|
|switch|p2a: Alakazam|Alakazam|100\/100
|move|p1a: Ninetales|Fire Spin|p2a: Alakazam
|-damage|p2a: Alakazam|95\/100
|
|turn|2
|choice||
|
|switch|p1a: Chansey|Chansey|100\/100
|cant|p2a: Alakazam|partiallytrapped
|
|turn|3
|choice||
|
|switch|p2a: Chansey|Chansey|100\/100
|move|p1a: Chansey|Ice Beam|p2a: Chansey
|-damage|p2a: Chansey|89\/100
|
|turn|4
|choice||
|
|move|p2a: Chansey|Ice Beam|p1a: Chansey
|-damage|p1a: Chansey|90\/100
|move|p1a: Chansey|Ice Beam|p2a: Chansey
|-damage|p2a: Chansey|79\/100
|
|turn|5
|choice||
|
|move|p2a: Chansey|Ice Beam|p1a: Chansey
|-damage|p1a: Chansey|80\/100
|move|p1a: Chansey|Ice Beam|p2a: Chansey
|-damage|p2a: Chansey|69\/100
|
|turn|6
|choice||
|
|move|p2a: Chansey|Ice Beam|p1a: Chansey
|-crit|p1a: Chansey
|-damage|p1a: Chansey|60\/100
|move|p1a: Chansey|Ice Beam|p2a: Chansey
|-damage|p2a: Chansey|58\/100
|
|turn|7
|choice||
|
|move|p2a: Chansey|Ice Beam|p1a: Chansey
|-crit|p1a: Chansey
|-damage|p1a: Chansey|40\/100
|move|p1a: Chansey|Ice Beam|p2a: Chansey
|-damage|p2a: Chansey|47\/100
|
|turn|8
|choice||
|
|move|p1a: Chansey|Ice Beam|p2a: Chansey
|-damage|p2a: Chansey|36\/100
|move|p2a: Chansey|Ice Beam|p1a: Chansey
|-damage|p1a: Chansey|30\/100
|
|turn|9
|choice||
|
|switch|p1a: Kangaskhan|Kangaskhan|100\/100
|move|p2a: Chansey|Soft-Boiled|p2a: Chansey
|-heal|p2a: Chansey|86\/100
|
|turn|10
|choice||
|
|switch|p1a: Chansey|Chansey|30\/100
|move|p2a: Chansey|Thunder Wave|p1a: Chansey|[miss]
|-miss|p2a: Chansey
|
|turn|11
|c|★TonyRBY|fucking miss?
|c|★TonyRBY|1% chance!
|choice||
|
|move|p1a: Chansey|Soft-Boiled|p1a: Chansey
|-heal|p1a: Chansey|80\/100
|move|p2a: Chansey|Ice Beam|p1a: Chansey
|-damage|p1a: Chansey|68\/100
|
|turn|12
|c|★Scepunny|1\/256 chance actually
|choice||
|
|move|p2a: Chansey|Ice Beam|p1a: Chansey
|-damage|p1a: Chansey|57\/100
|move|p1a: Chansey|Ice Beam|p2a: Chansey
|-damage|p2a: Chansey|75\/100
|
|turn|13
|choice||
|
|move|p2a: Chansey|Ice Beam|p1a: Chansey
|-damage|p1a: Chansey|46\/100
|move|p1a: Chansey|Ice Beam|p2a: Chansey
|-damage|p2a: Chansey|66\/100
|
|turn|14
|choice||
|
|move|p1a: Chansey|Ice Beam|p2a: Chansey
|-damage|p2a: Chansey|55\/100
|move|p2a: Chansey|Ice Beam|p1a: Chansey
|-damage|p1a: Chansey|36\/100
|
|turn|15
|choice||
|
|switch|p2a: Jynx|Jynx|100\/100
|move|p1a: Chansey|Ice Beam|p2a: Jynx
|-resisted|p2a: Jynx
|-damage|p2a: Jynx|90\/100
|
|turn|16
|choice||
|
|switch|p1a: Snorlax|Snorlax|100\/100
|move|p2a: Jynx|Lovely Kiss|p1a: Snorlax|[miss]
|-miss|p2a: Jynx
|
|turn|17
|choice||
|
|move|p2a: Jynx|Lovely Kiss|p1a: Snorlax
|-status|p1a: Snorlax|slp
|cant|p1a: Snorlax|slp
|
|turn|18
|choice||
|
|switch|p1a: Slowbro|Slowbro|100\/100
|move|p2a: Jynx|Psychic|p1a: Slowbro
|-resisted|p1a: Slowbro
|-damage|p1a: Slowbro|85\/100
|
|turn|19
|choice||
|
|switch|p2a: Slowbro|Slowbro|100\/100
|move|p1a: Slowbro|Amnesia|p1a: Slowbro
|-boost|p1a: Slowbro|spd|2
|-boost|p1a: Slowbro|spa|2
|
|turn|20
|choice||
|
|move|p2a: Slowbro|Amnesia|p2a: Slowbro
|-boost|p2a: Slowbro|spd|2
|-boost|p2a: Slowbro|spa|2
|move|p1a: Slowbro|Psychic|p2a: Slowbro
|-resisted|p2a: Slowbro
|-damage|p2a: Slowbro|88\/100
|
|turn|21
|choice||
|
|move|p2a: Slowbro|Amnesia|p2a: Slowbro
|-boost|p2a: Slowbro|spd|2
|-boost|p2a: Slowbro|spa|2
|move|p1a: Slowbro|Amnesia|p1a: Slowbro
|-boost|p1a: Slowbro|spd|2
|-boost|p1a: Slowbro|spa|2
|
|turn|22
|choice||
|
|move|p1a: Slowbro|Amnesia|p1a: Slowbro
|-boost|p1a: Slowbro|spd|2
|-boost|p1a: Slowbro|spa|2
|move|p2a: Slowbro|Amnesia|p2a: Slowbro
|-boost|p2a: Slowbro|spd|2
|-boost|p2a: Slowbro|spa|2
|
|turn|23
|choice||
|
|move|p2a: Slowbro|Reflect|p2a: Slowbro
|-start|p2a: Slowbro|Reflect
|move|p1a: Slowbro|Psychic|p2a: Slowbro
|-resisted|p2a: Slowbro
|-damage|p2a: Slowbro|74\/100
|-unboost|p2a: Slowbro|spd|1
|-unboost|p2a: Slowbro|spa|1
|
|turn|24
|choice||
|
|move|p1a: Slowbro|Psychic|p2a: Slowbro
|-resisted|p2a: Slowbro
|-damage|p2a: Slowbro|60\/100
|-unboost|p2a: Slowbro|spd|1
|-unboost|p2a: Slowbro|spa|1
|move|p2a: Slowbro|Amnesia|p2a: Slowbro
|-boost|p2a: Slowbro|spd|2
|-boost|p2a: Slowbro|spa|2
|
|turn|25
|choice||
|
|move|p1a: Slowbro|Psychic|p2a: Slowbro
|-crit|p2a: Slowbro
|-resisted|p2a: Slowbro
|-damage|p2a: Slowbro|36\/100
|move|p2a: Slowbro|Surf|p1a: Slowbro
|-resisted|p1a: Slowbro
|-damage|p1a: Slowbro|72\/100
|
|turn|26
|choice||
|
|move|p1a: Slowbro|Psychic|p2a: Slowbro
|-resisted|p2a: Slowbro
|-damage|p2a: Slowbro|24\/100
|move|p2a: Slowbro|Rest|p2a: Slowbro
|-status|p2a: Slowbro|slp
|-heal|p2a: Slowbro|100\/100 slp|[silent]
|-status|p2a: Slowbro|slp|[from] move: Rest
|
|turn|27
|choice||
|
|move|p1a: Slowbro|Psychic|p2a: Slowbro
|-resisted|p2a: Slowbro
|-damage|p2a: Slowbro|88\/100 slp
|cant|p2a: Slowbro|slp
|
|turn|28
|choice||
|
|move|p1a: Slowbro|Psychic|p2a: Slowbro
|-resisted|p2a: Slowbro
|-damage|p2a: Slowbro|75\/100 slp
|-curestatus|p2a: Slowbro|slp
|
|turn|29
|choice||
|
|move|p1a: Slowbro|Psychic|p2a: Slowbro
|-resisted|p2a: Slowbro
|-damage|p2a: Slowbro|62\/100
|move|p2a: Slowbro|Surf|p1a: Slowbro
|-resisted|p1a: Slowbro
|-damage|p1a: Slowbro|59\/100
|
|turn|30
|choice||
|
|move|p1a: Slowbro|Psychic|p2a: Slowbro
|-resisted|p2a: Slowbro
|-damage|p2a: Slowbro|48\/100
|move|p2a: Slowbro|Surf|p1a: Slowbro
|-resisted|p1a: Slowbro
|-damage|p1a: Slowbro|45\/100
|
|turn|31
|choice||
|
|move|p1a: Slowbro|Psychic|p2a: Slowbro
|-resisted|p2a: Slowbro
|-damage|p2a: Slowbro|35\/100
|move|p2a: Slowbro|Surf|p1a: Slowbro
|-resisted|p1a: Slowbro
|-damage|p1a: Slowbro|31\/100
|
|turn|32
|choice||
|
|move|p2a: Slowbro|Rest|p2a: Slowbro
|-status|p2a: Slowbro|slp
|-heal|p2a: Slowbro|100\/100 slp|[silent]
|-status|p2a: Slowbro|slp|[from] move: Rest
|move|p1a: Slowbro|Psychic|p2a: Slowbro
|-resisted|p2a: Slowbro
|-damage|p2a: Slowbro|88\/100 slp
|
|turn|33
|choice||
|
|cant|p2a: Slowbro|slp
|move|p1a: Slowbro|Psychic|p2a: Slowbro
|-resisted|p2a: Slowbro
|-damage|p2a: Slowbro|75\/100 slp
|
|turn|34
|choice||
|
|-curestatus|p2a: Slowbro|slp
|move|p1a: Slowbro|Reflect|p1a: Slowbro
|-start|p1a: Slowbro|Reflect
|
|turn|35
|choice||
|
|move|p2a: Slowbro|Surf|p1a: Slowbro
|-resisted|p1a: Slowbro
|-damage|p1a: Slowbro|16\/100
|move|p1a: Slowbro|Rest|p1a: Slowbro
|-status|p1a: Slowbro|slp
|-heal|p1a: Slowbro|100\/100 slp|[silent]
|-status|p1a: Slowbro|slp|[from] move: Rest
|
|turn|36
|choice||
|
|move|p2a: Slowbro|Surf|p1a: Slowbro
|-resisted|p1a: Slowbro
|-damage|p1a: Slowbro|87\/100 slp
|cant|p1a: Slowbro|slp
|
|turn|37
|choice||
|
|-curestatus|p1a: Slowbro|slp
|move|p2a: Slowbro|Reflect|p2a: Slowbro
|-fail|p2a: Slowbro
|
|turn|38
|choice||
|
|move|p2a: Slowbro|Surf|p1a: Slowbro
|-resisted|p1a: Slowbro
|-damage|p1a: Slowbro|72\/100
|move|p1a: Slowbro|Psychic|p2a: Slowbro
|-resisted|p2a: Slowbro
|-damage|p2a: Slowbro|61\/100
|
|turn|39
|choice||
|
|move|p2a: Slowbro|Surf|p1a: Slowbro|[miss]
|-miss|p2a: Slowbro
|move|p1a: Slowbro|Psychic|p2a: Slowbro
|-resisted|p2a: Slowbro
|-damage|p2a: Slowbro|48\/100
|
|turn|40
|choice||
|
|move|p1a: Slowbro|Psychic|p2a: Slowbro
|-resisted|p2a: Slowbro
|-damage|p2a: Slowbro|34\/100
|-unboost|p2a: Slowbro|spd|1
|-unboost|p2a: Slowbro|spa|1
|move|p2a: Slowbro|Surf|p1a: Slowbro
|-resisted|p1a: Slowbro
|-damage|p1a: Slowbro|60\/100
|
|turn|41
|choice||
|
|move|p2a: Slowbro|Rest|p2a: Slowbro
|-status|p2a: Slowbro|slp
|-heal|p2a: Slowbro|100\/100 slp|[silent]
|-status|p2a: Slowbro|slp|[from] move: Rest
|move|p1a: Slowbro|Psychic|p2a: Slowbro
|-resisted|p2a: Slowbro
|-damage|p2a: Slowbro|85\/100 slp
|
|turn|42
|choice||
|
|switch|p1a: Ninetales|Ninetales|100\/100
|cant|p2a: Slowbro|slp
|
|turn|43
|choice||
|
|move|p1a: Ninetales|Confuse Ray|p2a: Slowbro
|-start|p2a: Slowbro|confusion
|-curestatus|p2a: Slowbro|slp
|
|turn|44
|choice||
|
|move|p1a: Ninetales|Fire Spin|p2a: Slowbro|[miss]
|-miss|p1a: Ninetales
|-activate|p2a: Slowbro|confusion
|-damage|p2a: Slowbro|78\/100|[from] confusion
|
|turn|45
|choice||
|
|move|p1a: Ninetales|Fire Spin|p2a: Slowbro|[miss]
|-miss|p1a: Ninetales
|-activate|p2a: Slowbro|confusion
|move|p2a: Slowbro|Surf|p1a: Ninetales
|-crit|p1a: Ninetales
|-supereffective|p1a: Ninetales
|-damage|p1a: Ninetales|0 fnt
|faint|p1a: Ninetales
|choice||
|
|switch|p1a: Chansey|Chansey|36\/100
|turn|46
|choice||
|
|move|p1a: Chansey|Ice Beam|p2a: Slowbro
|-resisted|p2a: Slowbro
|-damage|p2a: Slowbro|74\/100
|-end|p2a: Slowbro|confusion
|move|p2a: Slowbro|Surf|p1a: Chansey
|-damage|p1a: Chansey|0 fnt
|faint|p1a: Chansey
|choice||
|
|switch|p1a: Slowbro|Slowbro|60\/100
|turn|47
|choice||
|
|move|p2a: Slowbro|Surf|p1a: Slowbro
|-resisted|p1a: Slowbro
|-damage|p1a: Slowbro|12\/100
|move|p1a: Slowbro|Amnesia|p1a: Slowbro
|-boost|p1a: Slowbro|spd|2
|-boost|p1a: Slowbro|spa|2
|
|turn|48
|choice||
|
|move|p1a: Slowbro|Rest|p1a: Slowbro
|-status|p1a: Slowbro|slp
|-heal|p1a: Slowbro|100\/100 slp|[silent]
|-status|p1a: Slowbro|slp|[from] move: Rest
|move|p2a: Slowbro|Surf|p1a: Slowbro
|-resisted|p1a: Slowbro
|-damage|p1a: Slowbro|77\/100 slp
|
|turn|49
|choice||
|
|cant|p1a: Slowbro|slp
|move|p2a: Slowbro|Surf|p1a: Slowbro
|-resisted|p1a: Slowbro
|-damage|p1a: Slowbro|54\/100 slp
|
|turn|50
|choice||
|
|move|p2a: Slowbro|Surf|p1a: Slowbro
|-resisted|p1a: Slowbro
|-damage|p1a: Slowbro|31\/100 slp
|-curestatus|p1a: Slowbro|slp
|
|turn|51
|choice||
|
|move|p1a: Slowbro|Amnesia|p1a: Slowbro
|-boost|p1a: Slowbro|spd|2
|-boost|p1a: Slowbro|spa|2
|move|p2a: Slowbro|Surf|p1a: Slowbro
|-resisted|p1a: Slowbro
|-damage|p1a: Slowbro|15\/100
|
|turn|52
|choice||
|
|move|p1a: Slowbro|Rest|p1a: Slowbro
|-status|p1a: Slowbro|slp
|-heal|p1a: Slowbro|100\/100 slp|[silent]
|-status|p1a: Slowbro|slp|[from] move: Rest
|move|p2a: Slowbro|Surf|p1a: Slowbro
|-resisted|p1a: Slowbro
|-damage|p1a: Slowbro|84\/100 slp
|
|turn|53
|choice||
|
|move|p2a: Slowbro|Amnesia|p2a: Slowbro
|-boost|p2a: Slowbro|spd|2
|-boost|p2a: Slowbro|spa|2
|cant|p1a: Slowbro|slp
|
|turn|54
|choice||
|
|move|p2a: Slowbro|Amnesia|p2a: Slowbro
|-boost|p2a: Slowbro|spd|2
|-boost|p2a: Slowbro|spa|2
|-curestatus|p1a: Slowbro|slp
|
|turn|55
|choice||
|
|move|p1a: Slowbro|Amnesia|p1a: Slowbro
|-boost|p1a: Slowbro|spd|2
|-boost|p1a: Slowbro|spa|2
|move|p2a: Slowbro|Reflect|p2a: Slowbro
|-fail|p2a: Slowbro
|
|turn|56
|choice||
|
|move|p1a: Slowbro|Reflect|p1a: Slowbro
|-start|p1a: Slowbro|Reflect
|move|p2a: Slowbro|Reflect|p2a: Slowbro
|-fail|p2a: Slowbro
|
|turn|57
|choice||
|
|move|p2a: Slowbro|Amnesia|p2a: Slowbro
|-boost|p2a: Slowbro|spd|2
|-boost|p2a: Slowbro|spa|2
|move|p1a: Slowbro|Reflect|p1a: Slowbro
|-fail|p1a: Slowbro
|
|turn|58
|choice||
|
|move|p1a: Slowbro|Reflect|p1a: Slowbro
|-fail|p1a: Slowbro
|move|p2a: Slowbro|Amnesia|p2a: Slowbro
|-boost|p2a: Slowbro|spd|2
|-boost|p2a: Slowbro|spa|2
|
|turn|59
|choice||
|
|move|p2a: Slowbro|Amnesia|p2a: Slowbro
|-boost|p2a: Slowbro|spd|2
|-boost|p2a: Slowbro|spa|2
|move|p1a: Slowbro|Reflect|p1a: Slowbro
|-fail|p1a: Slowbro
|
|turn|60
|choice||
|
|move|p1a: Slowbro|Amnesia|p1a: Slowbro
|-boost|p1a: Slowbro|spd|2
|-boost|p1a: Slowbro|spa|2
|move|p2a: Slowbro|Amnesia|p2a: Slowbro
|-boost|p2a: Slowbro|spd|2
|-boost|p2a: Slowbro|spa|2
|
|turn|61
|choice||
|
|move|p1a: Slowbro|Reflect|p1a: Slowbro
|-fail|p1a: Slowbro
|move|p2a: Slowbro|Surf|p1a: Slowbro
|-resisted|p1a: Slowbro
|-damage|p1a: Slowbro|69\/100
|
|turn|62
|choice||
|
|move|p2a: Slowbro|Amnesia|p2a: Slowbro
|-boost|p2a: Slowbro|spd|2
|-boost|p2a: Slowbro|spa|2
|move|p1a: Slowbro|Reflect|p1a: Slowbro
|-fail|p1a: Slowbro
|
|turn|63
|choice||
|
|move|p1a: Slowbro|Reflect|p1a: Slowbro
|-fail|p1a: Slowbro
|move|p2a: Slowbro|Amnesia|p2a: Slowbro
|-boost|p2a: Slowbro|spd|2
|-boost|p2a: Slowbro|spa|2
|
|turn|64
|choice||
|
|move|p2a: Slowbro|Amnesia|p2a: Slowbro
|-boost|p2a: Slowbro|spd|2
|-boost|p2a: Slowbro|spa|2
|move|p1a: Slowbro|Reflect|p1a: Slowbro
|-fail|p1a: Slowbro
|
|turn|65
|choice||
|
|move|p1a: Slowbro|Reflect|p1a: Slowbro
|-fail|p1a: Slowbro
|move|p2a: Slowbro|Amnesia|p2a: Slowbro
|-boost|p2a: Slowbro|spd|2
|-boost|p2a: Slowbro|spa|2
|
|turn|66
|choice||
|
|move|p1a: Slowbro|Reflect|p1a: Slowbro
|-fail|p1a: Slowbro
|move|p2a: Slowbro|Amnesia|p2a: Slowbro
|-boost|p2a: Slowbro|spd|2
|-boost|p2a: Slowbro|spa|2
|
|turn|67
|choice||
|
|move|p1a: Slowbro|Reflect|p1a: Slowbro
|-fail|p1a: Slowbro
|move|p2a: Slowbro|Amnesia|p2a: Slowbro
|-boost|p2a: Slowbro|spd|2
|-boost|p2a: Slowbro|spa|2
|
|turn|68
|choice||
|
|move|p2a: Slowbro|Amnesia|p2a: Slowbro
|-boost|p2a: Slowbro|spd|2
|-boost|p2a: Slowbro|spa|2
|move|p1a: Slowbro|Reflect|p1a: Slowbro
|-fail|p1a: Slowbro
|
|turn|69
|choice||
|
|move|p2a: Slowbro|Amnesia|p2a: Slowbro
|-boost|p2a: Slowbro|spd|2
|-boost|p2a: Slowbro|spa|2
|move|p1a: Slowbro|Reflect|p1a: Slowbro
|-fail|p1a: Slowbro
|
|turn|70
|choice||
|
|move|p2a: Slowbro|Amnesia|p2a: Slowbro
|-boost|p2a: Slowbro|spd|2
|-boost|p2a: Slowbro|spa|2
|move|p1a: Slowbro|Reflect|p1a: Slowbro
|-fail|p1a: Slowbro
|
|turn|71
|choice||
|
|move|p1a: Slowbro|Reflect|p1a: Slowbro
|-fail|p1a: Slowbro
|move|p2a: Slowbro|Amnesia|p2a: Slowbro
|-boost|p2a: Slowbro|spd|2
|-boost|p2a: Slowbro|spa|2
|
|turn|72
|choice||
|
|move|p2a: Slowbro|Amnesia|p2a: Slowbro
|-boost|p2a: Slowbro|spd|2
|-boost|p2a: Slowbro|spa|2
|move|p1a: Slowbro|Reflect|p1a: Slowbro
|-fail|p1a: Slowbro
|
|turn|73
|choice||
|
|move|p1a: Slowbro|Reflect|p1a: Slowbro
|-fail|p1a: Slowbro
|move|p2a: Slowbro|Amnesia|p2a: Slowbro
|-boost|p2a: Slowbro|spd|2
|-boost|p2a: Slowbro|spa|2
|
|turn|74
|choice||
|
|move|p1a: Slowbro|Reflect|p1a: Slowbro
|-fail|p1a: Slowbro
|move|p2a: Slowbro|Amnesia|p2a: Slowbro
|-boost|p2a: Slowbro|spd|2
|-boost|p2a: Slowbro|spa|2
|
|turn|75
|choice||
|
|move|p2a: Slowbro|Amnesia|p2a: Slowbro
|-boost|p2a: Slowbro|spd|2
|-boost|p2a: Slowbro|spa|2
|move|p1a: Slowbro|Reflect|p1a: Slowbro
|-fail|p1a: Slowbro
|
|turn|76
|choice||
|
|move|p2a: Slowbro|Amnesia|p2a: Slowbro
|-boost|p2a: Slowbro|spd|2
|-boost|p2a: Slowbro|spa|2
|move|p1a: Slowbro|Reflect|p1a: Slowbro
|-fail|p1a: Slowbro
|
|turn|77
|choice||
|
|move|p1a: Slowbro|Reflect|p1a: Slowbro
|-fail|p1a: Slowbro
|move|p2a: Slowbro|Amnesia|p2a: Slowbro
|-boost|p2a: Slowbro|spd|2
|-boost|p2a: Slowbro|spa|2
|
|turn|78
|choice||
|
|move|p2a: Slowbro|Amnesia|p2a: Slowbro
|-boost|p2a: Slowbro|spd|2
|-boost|p2a: Slowbro|spa|2
|move|p1a: Slowbro|Reflect|p1a: Slowbro
|-fail|p1a: Slowbro
|
|turn|79
|choice||
|
|move|p1a: Slowbro|Reflect|p1a: Slowbro
|-fail|p1a: Slowbro
|move|p2a: Slowbro|Amnesia|p2a: Slowbro
|-boost|p2a: Slowbro|spd|2
|-boost|p2a: Slowbro|spa|2
|
|turn|80
|choice||
|
|switch|p1a: Snorlax|Snorlax|100\/100 slp
|move|p2a: Slowbro|Reflect|p2a: Slowbro
|-fail|p2a: Slowbro
|
|turn|81
|choice||
|
|cant|p1a: Snorlax|slp
|move|p2a: Slowbro|Surf|p1a: Snorlax
|-damage|p1a: Snorlax|14\/100 slp
|
|turn|82
|choice||
|
|cant|p1a: Snorlax|slp
|move|p2a: Slowbro|Surf|p1a: Snorlax
|-damage|p1a: Snorlax|0 fnt
|faint|p1a: Snorlax
|choice||
|
|switch|p1a: Slowbro|Slowbro|69\/100
|turn|83
|choice||
|
|move|p2a: Slowbro|Surf|p1a: Slowbro
|-resisted|p1a: Slowbro
|-damage|p1a: Slowbro|13\/100
|move|p1a: Slowbro|Amnesia|p1a: Slowbro
|-boost|p1a: Slowbro|spd|2
|-boost|p1a: Slowbro|spa|2
|
|turn|84
|choice||
|
|move|p1a: Slowbro|Rest|p1a: Slowbro
|-status|p1a: Slowbro|slp
|-heal|p1a: Slowbro|100\/100 slp|[silent]
|-status|p1a: Slowbro|slp|[from] move: Rest
|move|p2a: Slowbro|Surf|p1a: Slowbro
|-resisted|p1a: Slowbro
|-damage|p1a: Slowbro|74\/100 slp
|
|turn|85
|c|★Scepunny|ofc
|c|★Scepunny|every speed tie
|choice||
|
|cant|p1a: Slowbro|slp
|move|p2a: Slowbro|Reflect|p2a: Slowbro
|-fail|p2a: Slowbro
|
|turn|86
|choice||
|
|-curestatus|p1a: Slowbro|slp
|move|p2a: Slowbro|Reflect|p2a: Slowbro
|-fail|p2a: Slowbro
|
|turn|87
|choice||
|
|move|p2a: Slowbro|Reflect|p2a: Slowbro
|-fail|p2a: Slowbro
|move|p1a: Slowbro|Amnesia|p1a: Slowbro
|-boost|p1a: Slowbro|spd|2
|-boost|p1a: Slowbro|spa|2
|
|turn|88
|choice||
|
|move|p2a: Slowbro|Reflect|p2a: Slowbro
|-fail|p2a: Slowbro
|move|p1a: Slowbro|Amnesia|p1a: Slowbro
|-boost|p1a: Slowbro|spd|2
|-boost|p1a: Slowbro|spa|2
|
|turn|89
|choice||
|
|move|p1a: Slowbro|Reflect|p1a: Slowbro
|-start|p1a: Slowbro|Reflect
|move|p2a: Slowbro|Reflect|p2a: Slowbro
|-fail|p2a: Slowbro
|
|turn|90
|choice||
|
|move|p1a: Slowbro|Reflect|p1a: Slowbro
|-fail|p1a: Slowbro
|move|p2a: Slowbro|Reflect|p2a: Slowbro
|-fail|p2a: Slowbro
|
|turn|91
|choice||
|
|switch|p2a: Exeggutor|Exeggutor|100\/100
|move|p1a: Slowbro|Reflect|p1a: Slowbro
|-fail|p1a: Slowbro
|
|turn|92
|choice||
|
|move|p2a: Exeggutor|Sleep Powder|p1a: Slowbro
|-status|p1a: Slowbro|slp
|-curestatus|p1a: Slowbro|slp
|
|turn|93
|choice||
|
|move|p2a: Exeggutor|Sleep Powder|p1a: Slowbro
|-status|p1a: Slowbro|slp
|cant|p1a: Slowbro|slp
|
|turn|94
|choice||
|
|move|p2a: Exeggutor|Double-Edge|p1a: Slowbro
|-damage|p1a: Slowbro|65\/100 slp
|-damage|p2a: Exeggutor|98\/100|[from] recoil|[of] p1a: Slowbro
|cant|p1a: Slowbro|slp
|
|turn|95
|choice||
|
|move|p2a: Exeggutor|Double-Edge|p1a: Slowbro
|-crit|p1a: Slowbro
|-damage|p1a: Slowbro|27\/100 slp
|-damage|p2a: Exeggutor|89\/100|[from] recoil|[of] p1a: Slowbro
|cant|p1a: Slowbro|slp
|
|turn|96
|choice||
|
|move|p2a: Exeggutor|Explosion|p1a: Slowbro
|-damage|p1a: Slowbro|0 fnt
|faint|p1a: Slowbro
|faint|p2a: Exeggutor
|choice||
|
|switch|p2a: Jynx|Jynx|90\/100
|switch|p1a: Kangaskhan|Kangaskhan|100\/100
|turn|97
|choice||
|
|move|p2a: Jynx|Lovely Kiss|p1a: Kangaskhan
|-status|p1a: Kangaskhan|slp
|cant|p1a: Kangaskhan|slp
|
|turn|98
|choice||
|
|switch|p1a: Tauros|Tauros|100\/100
|move|p2a: Jynx|Blizzard|p1a: Tauros
|-damage|p1a: Tauros|53\/100
|
|turn|99
|choice||
|
|move|p1a: Tauros|Hyper Beam|p2a: Jynx
|-crit|p2a: Jynx
|-damage|p2a: Jynx|0 fnt
|faint|p2a: Jynx
|choice||
|
|switch|p2a: Slowbro|Slowbro|74\/100
|turn|100
|choice||
|
|move|p1a: Tauros|Body Slam|p2a: Slowbro
|-damage|p2a: Slowbro|49\/100
|move|p2a: Slowbro|Reflect|p2a: Slowbro
|-start|p2a: Slowbro|Reflect
|
|turn|101
|choice||
|
|move|p1a: Tauros|Hyper Beam|p2a: Slowbro
|-crit|p2a: Slowbro
|-damage|p2a: Slowbro|0 fnt
|faint|p2a: Slowbro
|choice||
|
|switch|p2a: Alakazam|Alakazam|95\/100
|turn|102
|choice||
|
|move|p2a: Alakazam|Thunder Wave|p1a: Tauros
|-status|p1a: Tauros|par
|move|p1a: Tauros|Hyper Beam|p2a: Alakazam
|-crit|p2a: Alakazam
|-damage|p2a: Alakazam|0 fnt
|faint|p2a: Alakazam
|choice||
|
|switch|p2a: Golem|Golem|100\/100
|turn|103
|c|★TonyRBY|:o
|choice||
|
|move|p2a: Golem|Earthquake|p1a: Tauros
|-damage|p1a: Tauros|18\/100 par
|move|p1a: Tauros|Blizzard|p2a: Golem
|-supereffective|p2a: Golem
|-damage|p2a: Golem|38\/100
|
|turn|104
|choice||
|
|switch|p2a: Chansey|Chansey|55\/100
|move|p1a: Tauros|Blizzard|p2a: Chansey
|-damage|p2a: Chansey|44\/100
|
|turn|105
|choice||
|
|move|p2a: Chansey|Soft-Boiled|p2a: Chansey
|-heal|p2a: Chansey|94\/100
|move|p1a: Tauros|Hyper Beam|p2a: Chansey
|-crit|p2a: Chansey
|-damage|p2a: Chansey|0 fnt
|faint|p2a: Chansey
|c|★Scepunny|...........
|choice||
|
|switch|p2a: Golem|Golem|38\/100
|turn|106
|c|★TonyRBY|:ooo
|c|★TonyRBY|you've still got this won though
|choice||
|
|move|p2a: Golem|Body Slam|p1a: Tauros
|-damage|p1a: Tauros|0 fnt
|faint|p1a: Tauros
|choice||
|
|switch|p1a: Kangaskhan|Kangaskhan|100\/100 slp
|turn|107
|c|★Scepunny|i'm so fucking done
|c|★Scepunny|orite
|c|★TonyRBY|you won
|c|★Scepunny|i forgot kanga is asleep
|c|★Scepunny|nah
|c|★Scepunny|kanga has bulk
|c|★Scepunny|if there's a 1st turn wake up
|c|★TonyRBY|praying i wake up
|choice||
|
|cant|p1a: Kangaskhan|slp
|move|p2a: Golem|Earthquake|p1a: Kangaskhan
|-damage|p1a: Kangaskhan|67\/100 slp
|
|turn|108
|c|★Scepunny|w\/e
|choice||
|
|cant|p1a: Kangaskhan|slp
|move|p2a: Golem|Explosion|p1a: Kangaskhan
|-damage|p1a: Kangaskhan|0 fnt
|faint|p1a: Kangaskhan
|faint|p2a: Golem
|
|win|Scepunny
|player|p1
|player|p2
|raw|TonyRBY's rating: 1296 &rarr; <strong>1259<\/strong><br \/>(-37 for losing)
|raw|Scepunny's rating: 1102 &rarr; <strong>1140<\/strong><br \/>(+38 for winning)
|c|★Scepunny|gg
|c|★TonyRBY|gg