|join|Burxat
|join|hlavajda
|player|p1|Burxat|265
|player|p2|hlavajda|27
|gametype|singles
|gen|1
|tier|[Gen 1] Random Battle
|rated
|seed|35323,4950,63722,62941
|rule|Sleep Clause Mod: Limit one foe put to sleep
|rule|Freeze Clause Mod: Limit one foe frozen
|rule|HP Percentage Mod: HP is shown in percentages
|
|start
|switch|p1a: Gastly|Gastly, L96|252\/252
|switch|p2a: Alakazam|Alakazam, L79|249\/249
|turn|1
|choice|move 1|move 1
|
|move|p2a: Alakazam|Psychic|p1a: Gastly
|-supereffective|p1a: Gastly
|-damage|p1a: Gastly|80\/252
|-unboost|p1a: Gastly|spd|1
|-unboost|p1a: Gastly|spa|1
|move|p1a: Gastly|Hypnosis|p2a: Alakazam|[miss]
|-miss|p1a: Gastly
|
|turn|2
|choice|move 1|move 1
|
|move|p2a: Alakazam|Psychic|p1a: Gastly
|-supereffective|p1a: Gastly
|-damage|p1a: Gastly|0 fnt
|faint|p1a: Gastly
|choice|switch 6|
|
|switch|p1a: Mewtwo|Mewtwo, L70|293\/293
|turn|3
|choice|move 3|move 4
|
|move|p2a: Alakazam|Thunder Wave|p1a: Mewtwo
|-status|p1a: Mewtwo|par
|move|p1a: Mewtwo|Hyper Beam|p2a: Alakazam
|-damage|p2a: Alakazam|131\/249
|
|turn|4
|-mustrecharge|p1a: Mewtwo
|-mustrecharge|p1a: Mewtwo
|choice|move 1|move 3
|
|move|p2a: Alakazam|Recover|p2a: Alakazam
|-heal|p2a: Alakazam|249\/249
|cant|p1a: Mewtwo|recharge
|
|turn|5
|choice|move 4|switch 3
|
|switch|p2a: Metapod|Metapod, L99|300\/300
|move|p1a: Mewtwo|Thunder Wave|p2a: Metapod
|-status|p2a: Metapod|par
|
|turn|6
|choice|move 2|move 2
|
|move|p1a: Mewtwo|Ice Beam|p2a: Metapod
|-damage|p2a: Metapod|193\/300 par
|move|p2a: Metapod|String Shot|p1a: Mewtwo
|-unboost|p1a: Mewtwo|spe|1
|
|turn|7
|choice|move 1|move 3
|
|cant|p1a: Mewtwo|par
|cant|p2a: Metapod|par
|
|turn|8
|choice|move 1|move 3
|
|cant|p1a: Mewtwo|par
|move|p2a: Metapod|Tackle|p1a: Mewtwo
|-damage|p1a: Mewtwo|273\/293 par
|
|turn|9
|choice|move 1|move 3
|
|cant|p1a: Mewtwo|par
|move|p2a: Metapod|Tackle|p1a: Mewtwo
|-damage|p1a: Mewtwo|255\/293 par
|
|turn|10
|choice|move 1|move 3
|
|move|p1a: Mewtwo|Psychic|p2a: Metapod
|-damage|p2a: Metapod|49\/300 par
|-unboost|p2a: Metapod|spd|1
|-unboost|p2a: Metapod|spa|1
|move|p2a: Metapod|Tackle|p1a: Mewtwo
|-damage|p1a: Mewtwo|236\/293 par
|
|turn|11
|choice|move 1|move 3
|
|move|p1a: Mewtwo|Psychic|p2a: Metapod
|-crit|p2a: Metapod
|-damage|p2a: Metapod|0 fnt
|faint|p2a: Metapod
|choice||switch 6
|
|switch|p2a: Magmar|Magmar, L90|300\/300
|turn|12
|choice|move 4|move 4
|
|move|p2a: Magmar|Confuse Ray|p1a: Mewtwo
|-start|p1a: Mewtwo|confusion
|-activate|p1a: Mewtwo|confusion
|move|p1a: Mewtwo|Thunder Wave|p2a: Magmar
|-status|p2a: Magmar|par
|
|turn|13
|choice|move 2|move 1
|
|move|p2a: Magmar|Fire Blast|p1a: Mewtwo
|-damage|p1a: Mewtwo|120\/293 par
|-end|p1a: Mewtwo|confusion
|move|p1a: Mewtwo|Ice Beam|p2a: Magmar
|-damage|p2a: Magmar|237\/300 par
|
|turn|14
|choice|move 1|move 1
|
|move|p2a: Magmar|Fire Blast|p1a: Mewtwo
|-crit|p1a: Mewtwo
|-damage|p1a: Mewtwo|0 fnt
|faint|p1a: Mewtwo
|choice|switch 3|
|
|switch|p1a: Gyarados|Gyarados, L85|335\/335
|turn|15
|choice|move 4|switch 5
|
|switch|p2a: Farfetch'd|Farfetch'd, L99|304\/304
|move|p1a: Gyarados|Surf|p2a: Farfetch'd
|-damage|p2a: Farfetch'd|183\/304
|
|turn|16
|choice|move 4|move 4
|
|move|p1a: Gyarados|Surf|p2a: Farfetch'd
|-damage|p2a: Farfetch'd|70\/304
|move|p2a: Farfetch'd|Body Slam|p1a: Gyarados
|-damage|p1a: Gyarados|242\/335
|-status|p1a: Gyarados|par
|
|turn|17
|choice|move 4|move 1
|
|move|p2a: Farfetch'd|Slash|p1a: Gyarados
|-crit|p1a: Gyarados
|-damage|p1a: Gyarados|90\/335 par
|cant|p1a: Gyarados|par
|
|turn|18
|choice|move 4|move 1
|
|move|p2a: Farfetch'd|Slash|p1a: Gyarados
|-crit|p1a: Gyarados
|-damage|p1a: Gyarados|0 fnt
|faint|p1a: Gyarados
|choice|switch 4|
|
|switch|p1a: Magmar|Magmar, L90|300\/300
|turn|19
|choice|move 2|move 4
|
|move|p1a: Magmar|Confuse Ray|p2a: Farfetch'd
|-start|p2a: Farfetch'd|confusion
|-activate|p2a: Farfetch'd|confusion
|-damage|p2a: Farfetch'd|32\/304|[from] confusion
|
|turn|20
|choice|move 1|move 4
|
|move|p1a: Magmar|Body Slam|p2a: Farfetch'd
|-damage|p2a: Farfetch'd|0 fnt
|faint|p2a: Farfetch'd
|choice||switch 4
|
|switch|p2a: Omastar|Omastar, L90|309\/309
|turn|21
|choice|move 2|move 4
|
|move|p1a: Magmar|Confuse Ray|p2a: Omastar
|-start|p2a: Omastar|confusion
|-activate|p2a: Omastar|confusion
|-damage|p2a: Omastar|288\/309|[from] confusion
|
|turn|22
|choice|move 1|move 4
|
|move|p1a: Magmar|Body Slam|p2a: Omastar
|-resisted|p2a: Omastar
|-damage|p2a: Omastar|263\/309
|-activate|p2a: Omastar|confusion
|move|p2a: Omastar|Hydro Pump|p1a: Magmar
|-supereffective|p1a: Magmar
|-damage|p1a: Magmar|0 fnt
|faint|p1a: Magmar
|choice|switch 2|
|
|switch|p1a: Scyther|Scyther, L90|309\/309
|turn|23
|choice|move 2|switch 5
|
|switch|p2a: Magmar|Magmar, L90|237\/300 par
|move|p1a: Scyther|Swords Dance|p1a: Scyther
|-boost|p1a: Scyther|atk|2
|
|turn|24
|choice|move 3|move 1
|
|move|p1a: Scyther|Slash|p2a: Magmar
|-crit|p2a: Magmar
|-damage|p2a: Magmar|95\/300 par
|move|p2a: Magmar|Fire Blast|p1a: Scyther
|-supereffective|p1a: Scyther
|-damage|p1a: Scyther|0 fnt
|faint|p1a: Scyther
|choice|switch 5|
|
|switch|p1a: Nidoking|Nidoking, L85|311\/311
|turn|25
|choice|move 1|move 4
|
|move|p1a: Nidoking|Earthquake|p2a: Magmar
|-crit|p2a: Magmar
|-supereffective|p2a: Magmar
|-damage|p2a: Magmar|0 fnt
|faint|p2a: Magmar
|choice||switch 5
|
|switch|p2a: Omastar|Omastar, L90|263\/309
|turn|26
|choice|move 1|move 1
|
|move|p1a: Nidoking|Earthquake|p2a: Omastar
|-crit|p2a: Omastar
|-supereffective|p2a: Omastar
|-damage|p2a: Omastar|0 fnt
|faint|p2a: Omastar
|choice||switch 3
|
|switch|p2a: Alakazam|Alakazam, L79|249\/249
|turn|27
|choice|move 1|move 2
|
|move|p2a: Alakazam|Reflect|p2a: Alakazam
|-start|p2a: Alakazam|Reflect
|move|p1a: Nidoking|Earthquake|p2a: Alakazam
|-damage|p2a: Alakazam|170\/249
|
|turn|28
|choice|move 3|move 4
|
|move|p2a: Alakazam|Thunder Wave|p1a: Nidoking
|-immune|p1a: Nidoking|[msg]
|move|p1a: Nidoking|Body Slam|p2a: Alakazam
|-damage|p2a: Alakazam|126\/249
|
|turn|29
|choice|move 3|move 3
|
|move|p2a: Alakazam|Recover|p2a: Alakazam
|-heal|p2a: Alakazam|249\/249
|move|p1a: Nidoking|Body Slam|p2a: Alakazam
|-crit|p2a: Alakazam
|-damage|p2a: Alakazam|60\/249
|
|turn|30
|choice|move 3|move 3
|
|move|p2a: Alakazam|Recover|p2a: Alakazam
|-heal|p2a: Alakazam|184\/249
|move|p1a: Nidoking|Body Slam|p2a: Alakazam
|-crit|p2a: Alakazam
|-damage|p2a: Alakazam|9\/249
|
|turn|31
|choice|move 3|move 3
|
|move|p2a: Alakazam|Recover|p2a: Alakazam
|-heal|p2a: Alakazam|133\/249
|move|p1a: Nidoking|Body Slam|p2a: Alakazam
|-crit|p2a: Alakazam
|-damage|p2a: Alakazam|0 fnt
|faint|p2a: Alakazam
|choice||switch 2
|
|switch|p2a: Nidoran-M|Nidoran-M, L96|283\/283
|turn|32
|c|★Burxat|what an epic turnaround
|c|★Burxat|freaking nidoran xd
|choice|move 3|move 2
|
|move|p1a: Nidoking|Body Slam|p2a: Nidoran-M
|-damage|p2a: Nidoran-M|209\/283
|move|p2a: Nidoran-M|Leer|p1a: Nidoking
|-unboost|p1a: Nidoking|def|1
|
|turn|33
|c|★hlavajda|yeah 3 criticals in a row :D
|c|★Burxat|i'm so lucky xd
|choice|move 4|move 3
|
|move|p1a: Nidoking|Blizzard|p2a: Nidoran-M
|-damage|p2a: Nidoran-M|117\/283
|move|p2a: Nidoran-M|Body Slam|p1a: Nidoking
|-damage|p1a: Nidoking|216\/311
|
|turn|34
|c|★hlavajda|well I was lucky at the beginning so its even :D
|choice|move 3|move 3
|
|move|p1a: Nidoking|Body Slam|p2a: Nidoran-M
|-damage|p2a: Nidoran-M|38\/283
|move|p2a: Nidoran-M|Body Slam|p1a: Nidoking
|-damage|p1a: Nidoking|119\/311
|-status|p1a: Nidoking|par
|
|turn|35
|c|★Burxat|ohh.. paralized.. you can still win
|choice|move 3|move 1
|
|move|p2a: Nidoran-M|Rest|p2a: Nidoran-M
|-status|p2a: Nidoran-M|slp
|-heal|p2a: Nidoran-M|283\/283 slp|[silent]
|-status|p2a: Nidoran-M|slp|[from] move: Rest
|move|p1a: Nidoking|Body Slam|p2a: Nidoran-M
|-damage|p2a: Nidoran-M|206\/283 slp
|
|turn|36
|choice|move 3|move 3
|
|cant|p2a: Nidoran-M|slp
|move|p1a: Nidoking|Body Slam|p2a: Nidoran-M
|-damage|p2a: Nidoran-M|132\/283 slp
|
|turn|37
|choice|move 3|move 3
|
|-curestatus|p2a: Nidoran-M|slp
|move|p1a: Nidoking|Body Slam|p2a: Nidoran-M
|-crit|p2a: Nidoran-M
|-damage|p2a: Nidoran-M|0 fnt
|faint|p2a: Nidoran-M
|
|win|Burxat
|raw|Burxat's rating: 1000 &rarr; <strong>1068<\/strong><br \/>(+68 for winning)
|raw|hlavajda's rating: 1300 &rarr; <strong>1257<\/strong><br \/>(-43 for losing)
|c|★hlavajda|nope :D
|c|★Burxat|damn luck xd
|c|★hlavajda|gg
|c|★Burxat|gg