|j|NicoTheReaper
|j|Peasounay
|player|p1|NicoTheReaper|24
|player|p2|Peasounay|80
|gametype|singles
|gen|1
|tier|[Gen 1] OU
|seed|22864,23762,26318,39437
|rule|Sleep Clause Mod: Limit one foe put to sleep
|rule|Freeze Clause Mod: Limit one foe frozen
|rule|Species Clause: Limit one of each Pokémon
|rule|OHKO Clause: OHKO moves are banned
|rule|Evasion Moves Clause: Evasion moves are banned
|rule|HP Percentage Mod: HP is shown in percentages
|
|start
|switch|p1a: Alakazam|Alakazam|313\/313
|switch|p2a: WellIStallYourFace|Alakazam|313\/313
|turn|1
|c|★Peasounay|gl hf
|c|★NicoTheReaper|u2
|j|bixck
|choice|move 1|move 1
|
|move|p2a: WellIStallYourFace|Thunder Wave|p1a: Alakazam
|-status|p1a: Alakazam|par
|move|p1a: Alakazam|Thunder Wave|p2a: WellIStallYourFace
|-status|p2a: WellIStallYourFace|par
|
|turn|2
|choice|move 4|move 4
|
|move|p2a: WellIStallYourFace|Seismic Toss|p1a: Alakazam
|-damage|p1a: Alakazam|213\/313 par
|move|p1a: Alakazam|Seismic Toss|p2a: WellIStallYourFace
|-damage|p2a: WellIStallYourFace|213\/313 par
|
|turn|3
|choice|move 4|switch 3
|
|switch|p2a: Yo Momma|Snorlax|523\/523
|move|p1a: Alakazam|Seismic Toss|p2a: Yo Momma
|-damage|p2a: Yo Momma|423\/523
|
|turn|4
|choice|switch 5|move 1
|
|switch|p1a: Golem|Golem|363\/363
|move|p2a: Yo Momma|Body Slam|p1a: Golem
|-resisted|p1a: Golem
|-damage|p1a: Golem|320\/363
|
|turn|5
|choice|move 2|move 2
|
|move|p1a: Golem|Body Slam|p2a: Yo Momma
|-damage|p2a: Yo Momma|333\/523
|move|p2a: Yo Momma|Earthquake|p1a: Golem
|-supereffective|p1a: Golem
|-damage|p1a: Golem|168\/363
|
|turn|6
|choice|move 3|switch 2
|
|switch|p2a: Wear Candoms Kid|Exeggutor|393\/393
|move|p1a: Golem|Earthquake|p2a: Wear Candoms Kid
|-resisted|p2a: Wear Candoms Kid
|-damage|p2a: Wear Candoms Kid|324\/393
|
|turn|7
|choice|switch 4|move 2
|
|switch|p1a: Chansey|Chansey|703\/703
|move|p2a: Wear Candoms Kid|Psychic|p1a: Chansey
|-damage|p1a: Chansey|583\/703
|
|turn|8
|choice|move 3|switch 3
|
|switch|p2a: WellIStallYourFace|Alakazam|213\/313 par
|move|p1a: Chansey|Seismic Toss|p2a: WellIStallYourFace
|-damage|p2a: WellIStallYourFace|113\/313 par
|
|turn|9
|j|IB-irever
|choice|move 3|move 3
|
|move|p1a: Chansey|Seismic Toss|p2a: WellIStallYourFace
|-damage|p2a: WellIStallYourFace|13\/313 par
|move|p2a: WellIStallYourFace|Recover|p2a: WellIStallYourFace
|-heal|p2a: WellIStallYourFace|169\/313 par
|
|turn|10
|c| IB-irever|Gl both oo
|c|★Peasounay|thx
|choice|move 3|switch 5
|
|switch|p2a: I Own RBY|Chansey|703\/703
|move|p1a: Chansey|Seismic Toss|p2a: I Own RBY
|-damage|p2a: I Own RBY|603\/703
|
|turn|11
|choice|move 1|move 2
|
|move|p2a: I Own RBY|Seismic Toss|p1a: Chansey
|-damage|p1a: Chansey|483\/703
|move|p1a: Chansey|Thunder Wave|p2a: I Own RBY
|-status|p2a: I Own RBY|par
|
|turn|12
|choice|switch 4|move 2
|
|switch|p1a: Golem|Golem|168\/363
|move|p2a: I Own RBY|Seismic Toss|p1a: Golem
|-damage|p1a: Golem|68\/363
|
|turn|13
|choice|move 1|switch 5
|
|switch|p2a: WellIStallYourFace|Alakazam|169\/313 par
|move|p1a: Golem|Explosion|p2a: WellIStallYourFace
|-damage|p2a: WellIStallYourFace|0 fnt
|faint|p2a: WellIStallYourFace
|faint|p1a: Golem
|choice|switch 5|switch 2
|
|switch|p2a: Yo Momma|Snorlax|333\/523
|switch|p1a: Alakazam|Alakazam|213\/313 par
|turn|14
|choice|switch 6|move 1
|
|switch|p1a: Gengar|Gengar|323\/323
|move|p2a: Yo Momma|Body Slam|p1a: Gengar
|-immune|p1a: Gengar|[msg]
|
|turn|15
|choice|move 2|switch 5
|
|switch|p2a: I Own RBY|Chansey|603\/703 par
|move|p1a: Gengar|Hypnosis|p2a: I Own RBY
|-fail|p2a: I Own RBY
|
|turn|16
|choice|switch 3|move 2
|
|switch|p1a: Snorlax|Snorlax|523\/523
|cant|p2a: I Own RBY|par
|
|turn|17
|choice|move 2|switch 3
|
|switch|p2a: Wear Candoms Kid|Exeggutor|324\/393
|move|p1a: Snorlax|Body Slam|p2a: Wear Candoms Kid
|-damage|p2a: Wear Candoms Kid|204\/393
|
|turn|18
|choice|move 2|move 1
|
|move|p2a: Wear Candoms Kid|Sleep Powder|p1a: Snorlax
|-status|p1a: Snorlax|slp
|cant|p1a: Snorlax|slp
|
|turn|19
|choice|move 2|move 2
|
|move|p2a: Wear Candoms Kid|Psychic|p1a: Snorlax
|-damage|p1a: Snorlax|362\/523 slp
|cant|p1a: Snorlax|slp
|
|turn|20
|choice|move 2|move 2
|
|move|p2a: Wear Candoms Kid|Psychic|p1a: Snorlax
|-damage|p1a: Snorlax|206\/523 slp
|cant|p1a: Snorlax|slp
|
|turn|21
|choice|switch 2|move 2
|
|switch|p1a: Tauros|Tauros|353\/353
|move|p2a: Wear Candoms Kid|Psychic|p1a: Tauros
|-crit|p1a: Tauros
|-damage|p1a: Tauros|38\/353
|
|turn|22
|choice|move 4|move 2
|
|move|p1a: Tauros|Blizzard|p2a: Wear Candoms Kid
|-supereffective|p2a: Wear Candoms Kid
|-damage|p2a: Wear Candoms Kid|82\/393
|move|p2a: Wear Candoms Kid|Psychic|p1a: Tauros
|-damage|p1a: Tauros|0 fnt
|faint|p1a: Tauros
|choice|switch 3|
|
|switch|p1a: Gengar|Gengar|323\/323
|turn|23
|choice|move 3|switch 3
|
|switch|p2a: I Own RBY|Chansey|603\/703 par
|move|p1a: Gengar|Explosion|p2a: I Own RBY
|-damage|p2a: I Own RBY|90\/703 par
|faint|p1a: Gengar
|choice|switch 4|
|
|switch|p1a: Chansey|Chansey|483\/703
|turn|24
|choice|move 3|move 3
|
|move|p1a: Chansey|Seismic Toss|p2a: I Own RBY
|-damage|p2a: I Own RBY|0 fnt
|faint|p2a: I Own RBY
|choice||switch 5
|
|switch|p2a: Yo Momma|Snorlax|333\/523
|turn|25
|choice|move 1|move 4
|
|move|p1a: Chansey|Thunder Wave|p2a: Yo Momma
|-status|p2a: Yo Momma|par
|move|p2a: Yo Momma|Self-Destruct|p1a: Chansey
|-damage|p1a: Chansey|0 fnt
|faint|p1a: Chansey
|faint|p2a: Yo Momma
|choice|switch 6|switch 3
|
|switch|p2a: Wear Candoms Kid|Exeggutor|82\/393
|switch|p1a: Alakazam|Alakazam|213\/313 par
|turn|26
|choice|move 1|move 4
|
|move|p2a: Wear Candoms Kid|Explosion|p1a: Alakazam
|-crit|p1a: Alakazam
|-damage|p1a: Alakazam|0 fnt
|faint|p1a: Alakazam
|faint|p2a: Wear Candoms Kid
|choice|switch 2|switch 4
|
|switch|p2a: I'm God|Tauros|353\/353
|switch|p1a: Snorlax|Snorlax|206\/523 slp
|turn|27
|choice|move 3|move 2
|
|move|p2a: I'm God|Body Slam|p1a: Snorlax
|-damage|p1a: Snorlax|68\/523 slp
|-curestatus|p1a: Snorlax|slp
|
|turn|28
|c|★Peasounay|gg
|c|★NicoTheReaper|gg
|choice|move 3|move 2
|
|move|p2a: I'm God|Body Slam|p1a: Snorlax
|-damage|p1a: Snorlax|0 fnt
|faint|p1a: Snorlax
|
|win|Peasounay
|player|p1
|player|p2
|l|NicoTheReaper