|j|MALESANI
|j|ankitkhetrapal
|player|p1|MALESANI|238
|player|p2|ankitkhetrapal|52
|gametype|singles
|gen|1
|tier|[Gen 1] Random Battle
|rated
|seed|53623,37227,63386,43053
|rule|Sleep Clause Mod: Limit one foe put to sleep
|rule|Freeze Clause Mod: Limit one foe frozen
|rule|HP Percentage Mod: HP is shown in percentages
|
|start
|switch|p1a: Dratini|Dratini, L96|274\/274
|switch|p2a: Clefairy|Clefairy, L95|326\/326
|turn|1
|choice|move 1|move 2
|
|move|p1a: Dratini|Thunder Wave|p2a: Clefairy
|-status|p2a: Clefairy|par
|move|p2a: Clefairy|Thunder Wave|p1a: Dratini
|-status|p1a: Dratini|par
|
|turn|2
|choice|move 3|move 1
|
|move|p1a: Dratini|Ice Beam|p2a: Clefairy
|-damage|p2a: Clefairy|261\/326 par
|move|p2a: Clefairy|Blizzard|p1a: Dratini
|-supereffective|p1a: Dratini
|-damage|p1a: Dratini|73\/274 par
|
|turn|3
|choice|move 4|move 1
|
|cant|p1a: Dratini|par
|move|p2a: Clefairy|Blizzard|p1a: Dratini
|-supereffective|p1a: Dratini
|-damage|p1a: Dratini|0 fnt
|faint|p1a: Dratini
|choice|switch 2|
|
|switch|p1a: Pinsir|Pinsir, L85|284\/284
|turn|4
|choice|move 2|move 2
|
|move|p1a: Pinsir|Submission|p2a: Clefairy
|-supereffective|p2a: Clefairy
|-damage|p2a: Clefairy|96\/326 par
|-damage|p1a: Pinsir|243\/284|[from] recoil|[of] p2a: Clefairy
|move|p2a: Clefairy|Thunder Wave|p1a: Pinsir
|-status|p1a: Pinsir|par
|
|turn|5
|choice|move 4|move 1
|
|cant|p1a: Pinsir|par
|cant|p2a: Clefairy|par
|
|turn|6
|choice|move 4|move 1
|
|cant|p1a: Pinsir|par
|move|p2a: Clefairy|Blizzard|p1a: Pinsir
|-damage|p1a: Pinsir|139\/284 par
|
|turn|7
|choice|move 4|move 1
|
|move|p1a: Pinsir|Hyper Beam|p2a: Clefairy
|-damage|p2a: Clefairy|0 fnt
|faint|p2a: Clefairy
|choice||switch 3
|
|switch|p2a: Charizard|Charizard, L85|306\/306
|turn|8
|choice|move 4|move 2
|
|move|p2a: Charizard|Fire Blast|p1a: Pinsir
|-supereffective|p1a: Pinsir
|-damage|p1a: Pinsir|0 fnt
|faint|p1a: Pinsir
|choice|switch 3|
|
|switch|p1a: Mewtwo|Mewtwo, L68|285\/285
|turn|9
|choice|move 3|move 2
|
|move|p2a: Charizard|Fire Blast|p1a: Mewtwo
|-damage|p1a: Mewtwo|188\/285
|move|p1a: Mewtwo|Thunder Wave|p2a: Charizard
|-status|p2a: Charizard|par
|
|turn|10
|choice|move 4|move 2
|
|move|p1a: Mewtwo|Amnesia|p1a: Mewtwo
|-boost|p1a: Mewtwo|spd|2
|-boost|p1a: Mewtwo|spa|2
|move|p2a: Charizard|Fire Blast|p1a: Mewtwo
|-damage|p1a: Mewtwo|139\/285
|
|turn|11
|choice|move 1|move 4
|
|move|p1a: Mewtwo|Psychic|p2a: Charizard
|-damage|p2a: Charizard|127\/306 par
|move|p2a: Charizard|Swords Dance|p2a: Charizard
|-boost|p2a: Charizard|atk|2
|
|turn|12
|choice|move 1|move 1
|
|move|p1a: Mewtwo|Psychic|p2a: Charizard
|-damage|p2a: Charizard|0 fnt
|faint|p2a: Charizard
|choice||switch 5
|
|switch|p2a: Cloyster|Cloyster, L83|253\/253
|turn|13
|choice|move 1|move 2
|
|move|p1a: Mewtwo|Psychic|p2a: Cloyster
|-crit|p2a: Cloyster
|-damage|p2a: Cloyster|70\/253
|-unboost|p2a: Cloyster|spd|1
|-unboost|p2a: Cloyster|spa|1
|move|p2a: Cloyster|Explosion|p1a: Mewtwo
|-damage|p1a: Mewtwo|0 fnt
|faint|p1a: Mewtwo
|faint|p2a: Cloyster
|choice|switch 5|switch 2
|
|switch|p2a: Mankey|Mankey, L96|272\/272
|switch|p1a: Gloom|Gloom, L90|291\/291
|turn|14
|choice|move 3|move 1
|
|move|p2a: Mankey|Mega Kick|p1a: Gloom|[miss]
|-miss|p2a: Mankey
|move|p1a: Gloom|Mega Drain|p2a: Mankey
|-crit|p2a: Mankey
|-damage|p2a: Mankey|153\/272
|
|turn|15
|choice|move 3|move 1
|
|move|p2a: Mankey|Mega Kick|p1a: Gloom
|-damage|p1a: Gloom|181\/291
|move|p1a: Gloom|Mega Drain|p2a: Mankey
|-damage|p2a: Mankey|93\/272
|-heal|p1a: Gloom|211\/291|[from] drain|[of] p2a: Mankey
|
|turn|16
|choice|move 3|move 3
|
|move|p2a: Mankey|Body Slam|p1a: Gloom
|-damage|p1a: Gloom|136\/291
|move|p1a: Gloom|Mega Drain|p2a: Mankey
|-damage|p2a: Mankey|33\/272
|-heal|p1a: Gloom|166\/291|[from] drain|[of] p2a: Mankey
|
|turn|17
|choice|move 3|move 3
|
|move|p2a: Mankey|Body Slam|p1a: Gloom
|-damage|p1a: Gloom|88\/291
|-status|p1a: Gloom|par
|move|p1a: Gloom|Mega Drain|p2a: Mankey
|-crit|p2a: Mankey
|-damage|p2a: Mankey|0 fnt
|-heal|p1a: Gloom|104\/291 par|[from] drain|[of] p2a: Mankey
|faint|p2a: Mankey
|choice||switch 4
|
|switch|p2a: Marowak|Marowak, L90|291\/291
|turn|18
|choice|move 3|move 4
|
|move|p2a: Marowak|Blizzard|p1a: Gloom
|-supereffective|p1a: Gloom
|-damage|p1a: Gloom|0 fnt
|faint|p1a: Gloom
|choice|switch 6|
|
|switch|p1a: Snorlax|Snorlax, L79|415\/415
|turn|19
|choice|move 3|move 2
|
|move|p2a: Marowak|Seismic Toss|p1a: Snorlax
|-damage|p1a: Snorlax|325\/415
|move|p1a: Snorlax|Ice Beam|p2a: Marowak
|-supereffective|p2a: Marowak
|-damage|p2a: Marowak|165\/291
|
|turn|20
|choice|move 3|switch 6
|
|switch|p2a: Muk|Muk, L90|372\/372
|move|p1a: Snorlax|Ice Beam|p2a: Muk
|-damage|p2a: Muk|315\/372
|
|turn|21
|choice|move 2|move 2
|
|move|p2a: Muk|Sludge|p1a: Snorlax
|-damage|p1a: Snorlax|221\/415
|move|p1a: Snorlax|Earthquake|p2a: Muk
|-supereffective|p2a: Muk
|-damage|p2a: Muk|165\/372
|
|turn|22
|choice|move 4|move 1
|
|move|p2a: Muk|Explosion|p1a: Snorlax
|-damage|p1a: Snorlax|0 fnt
|faint|p1a: Snorlax
|faint|p2a: Muk
|choice|switch 4|switch 6
|
|switch|p1a: Electabuzz|Electabuzz, L85|284\/284
|switch|p2a: Marowak|Marowak, L90|165\/291
|turn|23
|choice|move 4|move 3
|
|move|p1a: Electabuzz|Seismic Toss|p2a: Marowak
|-damage|p2a: Marowak|80\/291
|move|p2a: Marowak|Earthquake|p1a: Electabuzz
|-supereffective|p1a: Electabuzz
|-damage|p1a: Electabuzz|28\/284
|
|turn|24
|choice|move 3|move 3
|
|move|p1a: Electabuzz|Psychic|p2a: Marowak
|-damage|p2a: Marowak|0 fnt
|faint|p2a: Marowak
|
|win|MALESANI
|player|p1
|player|p2
|raw|MALESANI's rating: 1446 &rarr; <strong>1461<\/strong><br \/>(+15 for winning)
|raw|ankitkhetrapal's rating: 1356 &rarr; <strong>1341<\/strong><br \/>(-15 for losing)
|c|★ankitkhetrapal|gg
|c|★MALESANI|gg