|j|ExoSkeleton145
|j|Mandelbrot
|player|p1|ExoSkeleton145|107
|player|p2|Mandelbrot|101
|gametype|singles
|gen|1
|tier|[Gen 1] Random Battle
|rated
|seed|36636,18405,43461,58477
|rule|Sleep Clause Mod: Limit one foe put to sleep
|rule|Freeze Clause Mod: Limit one foe frozen
|rule|HP Percentage Mod: HP is shown in percentages
|
|start
|switch|p1a: Bulbasaur|Bulbasaur, L96|281\/281
|switch|p2a: Machoke|Machoke, L85|310\/310
|turn|1
|choice|switch 3|move 3
|
|switch|p1a: Butterfree|Butterfree, L90|291\/291
|move|p2a: Machoke|Earthquake|p1a: Butterfree
|-immune|p1a: Butterfree|[msg]
|
|turn|2
|choice|move 1|move 4
|
|move|p1a: Butterfree|Sleep Powder|p2a: Machoke
|-status|p2a: Machoke|slp
|cant|p2a: Machoke|slp
|
|turn|3
|choice|move 2|move 4
|
|move|p1a: Butterfree|Psychic|p2a: Machoke
|-crit|p2a: Machoke
|-supereffective|p2a: Machoke
|-damage|p2a: Machoke|0 fnt
|faint|p2a: Machoke
|choice||switch 4
|
|switch|p2a: Jolteon|Jolteon, L79|265\/265
|turn|4
|c|★Mandelbrot|Tonight is not my night for luck...
|c|★Mandelbrot|Oh well.
|choice|switch 3|move 1
|
|switch|p1a: Bulbasaur|Bulbasaur, L96|281\/281
|move|p2a: Jolteon|Thunderbolt|p1a: Bulbasaur
|-crit|p1a: Bulbasaur
|-resisted|p1a: Bulbasaur
|-damage|p1a: Bulbasaur|176\/281
|
|turn|5
|choice|move 1|move 3
|
|move|p2a: Jolteon|Sand Attack|p1a: Bulbasaur
|-unboost|p1a: Bulbasaur|accuracy|1
|move|p1a: Bulbasaur|Sleep Powder|p2a: Jolteon|[miss]
|-miss|p1a: Bulbasaur
|
|turn|6
|choice|move 1|move 2
|
|move|p2a: Jolteon|Thunder Wave|p1a: Bulbasaur
|-status|p1a: Bulbasaur|par
|move|p1a: Bulbasaur|Sleep Powder|p2a: Jolteon
|-status|p2a: Jolteon|slp
|
|turn|7
|choice|switch 5|move 3
|
|switch|p1a: Ninetales|Ninetales, L85|298\/298
|cant|p2a: Jolteon|slp
|
|turn|8
|choice|move 2|switch 5
|
|switch|p2a: Snorlax|Snorlax, L79|415\/415
|move|p1a: Ninetales|Confuse Ray|p2a: Snorlax
|-start|p2a: Snorlax|confusion
|
|turn|9
|choice|move 3|switch 6
|
|switch|p2a: Blastoise|Blastoise, L85|308\/308
|move|p1a: Ninetales|Body Slam|p2a: Blastoise
|-damage|p2a: Blastoise|259\/308
|
|turn|10
|choice|switch 5|move 3
|
|switch|p1a: Bulbasaur|Bulbasaur, L96|176\/281 par
|move|p2a: Blastoise|Blizzard|p1a: Bulbasaur
|-crit|p1a: Bulbasaur
|-supereffective|p1a: Bulbasaur
|-damage|p1a: Bulbasaur|0 fnt
|faint|p1a: Bulbasaur
|choice|switch 2|
|
|switch|p1a: Pikachu|Pikachu, L96|262\/262
|turn|11
|choice|move 2|switch 5
|
|switch|p2a: Jolteon|Jolteon, L79|265\/265 slp
|move|p1a: Pikachu|Thunder Wave|p2a: Jolteon
|-fail|p2a: Jolteon
|
|turn|12
|choice|switch 4|move 2
|
|switch|p1a: Rapidash|Rapidash, L90|300\/300
|cant|p2a: Jolteon|slp
|
|turn|13
|choice|move 1|move 2
|
|cant|p2a: Jolteon|slp
|move|p1a: Rapidash|Fire Blast|p2a: Jolteon
|-damage|p2a: Jolteon|148\/265 slp
|
|turn|14
|choice|move 3|move 2
|
|-curestatus|p2a: Jolteon|slp
|move|p1a: Rapidash|Body Slam|p2a: Jolteon
|-crit|p2a: Jolteon
|-damage|p2a: Jolteon|0 fnt
|faint|p2a: Jolteon
|choice||switch 6
|
|switch|p2a: Snorlax|Snorlax, L79|415\/415
|turn|15
|choice|switch 4|move 1
|
|switch|p1a: Pikachu|Pikachu, L96|262\/262
|move|p2a: Snorlax|Amnesia|p2a: Snorlax
|-boost|p2a: Snorlax|spd|2
|-boost|p2a: Snorlax|spa|2
|
|turn|16
|choice|move 2|move 1
|
|move|p1a: Pikachu|Thunder Wave|p2a: Snorlax
|-status|p2a: Snorlax|par
|move|p2a: Snorlax|Amnesia|p2a: Snorlax
|-boost|p2a: Snorlax|spd|2
|-boost|p2a: Snorlax|spa|2
|
|turn|17
|choice|switch 5|move 1
|
|switch|p1a: Ninetales|Ninetales, L85|298\/298
|move|p2a: Snorlax|Amnesia|p2a: Snorlax
|-boost|p2a: Snorlax|spd|2
|-boost|p2a: Snorlax|spa|2
|
|turn|18
|choice|move 2|move 2
|
|move|p1a: Ninetales|Confuse Ray|p2a: Snorlax
|-start|p2a: Snorlax|confusion
|-activate|p2a: Snorlax|confusion
|move|p2a: Snorlax|Surf|p1a: Ninetales
|-supereffective|p1a: Ninetales
|-damage|p1a: Ninetales|0 fnt
|faint|p1a: Ninetales
|choice|switch 6|
|
|switch|p1a: Porygon|Porygon, L85|284\/284
|turn|19
|choice|move 3|move 2
|
|move|p1a: Porygon|Double-Edge|p2a: Snorlax
|-damage|p2a: Snorlax|311\/415 par
|-damage|p1a: Porygon|258\/284|[from] recoil|[of] p2a: Snorlax
|-activate|p2a: Snorlax|confusion
|move|p2a: Snorlax|Surf|p1a: Porygon
|-damage|p1a: Porygon|68\/284
|
|turn|20
|choice|move 1|move 2
|
|move|p1a: Porygon|Recover|p1a: Porygon
|-heal|p1a: Porygon|210\/284
|-end|p2a: Snorlax|confusion
|move|p2a: Snorlax|Surf|p1a: Porygon
|-crit|p1a: Porygon
|-damage|p1a: Porygon|108\/284
|
|turn|21
|choice|move 1|move 2
|
|move|p1a: Porygon|Recover|p1a: Porygon
|-heal|p1a: Porygon|250\/284
|cant|p2a: Snorlax|par
|
|turn|22
|choice|move 3|move 2
|
|move|p1a: Porygon|Double-Edge|p2a: Snorlax
|-damage|p2a: Snorlax|205\/415 par
|-damage|p1a: Porygon|224\/284|[from] recoil|[of] p2a: Snorlax
|move|p2a: Snorlax|Surf|p1a: Porygon
|-damage|p1a: Porygon|35\/284
|
|turn|23
|choice|move 1|move 2
|
|move|p1a: Porygon|Recover|p1a: Porygon
|-heal|p1a: Porygon|177\/284
|move|p2a: Snorlax|Surf|p1a: Porygon
|-damage|p1a: Porygon|0 fnt
|faint|p1a: Porygon
|choice|switch 4|
|
|switch|p1a: Rapidash|Rapidash, L90|300\/300
|turn|24
|choice|move 1|move 2
|
|move|p1a: Rapidash|Fire Blast|p2a: Snorlax
|-damage|p2a: Snorlax|166\/415 par
|cant|p2a: Snorlax|par
|
|turn|25
|choice|move 3|move 2
|
|move|p1a: Rapidash|Body Slam|p2a: Snorlax
|-crit|p2a: Snorlax
|-damage|p2a: Snorlax|0 fnt
|faint|p2a: Snorlax
|choice||switch 3
|
|switch|p2a: Mr. Mime|Mr. Mime, L85|242\/242
|turn|26
|choice|move 3|move 1
|
|move|p1a: Rapidash|Body Slam|p2a: Mr. Mime
|-damage|p2a: Mr. Mime|155\/242
|move|p2a: Mr. Mime|Thunder Wave|p1a: Rapidash
|-status|p1a: Rapidash|par
|
|turn|27
|choice|move 1|move 3
|
|move|p2a: Mr. Mime|Psychic|p1a: Rapidash
|-damage|p1a: Rapidash|193\/300 par
|-unboost|p1a: Rapidash|spd|1
|-unboost|p1a: Rapidash|spa|1
|move|p1a: Rapidash|Fire Blast|p2a: Mr. Mime
|-damage|p2a: Mr. Mime|77\/242
|
|turn|28
|choice|move 4|move 3
|
|move|p2a: Mr. Mime|Psychic|p1a: Rapidash
|-damage|p1a: Rapidash|41\/300 par
|move|p1a: Rapidash|Hyper Beam|p2a: Mr. Mime
|-crit|p2a: Mr. Mime
|-damage|p2a: Mr. Mime|0 fnt
|faint|p2a: Mr. Mime
|choice||switch 2
|
|switch|p2a: Muk|Muk, L90|372\/372
|turn|29
|choice|move 1|move 4
|
|move|p2a: Muk|Sludge|p1a: Rapidash
|-damage|p1a: Rapidash|0 fnt
|faint|p1a: Rapidash
|choice|switch 3|
|
|switch|p1a: Butterfree|Butterfree, L90|291\/291
|turn|30
|choice|move 1|move 4
|
|move|p1a: Butterfree|Sleep Powder|p2a: Muk
|-status|p2a: Muk|slp
|cant|p2a: Muk|slp
|
|turn|31
|choice|move 2|move 1
|
|move|p1a: Butterfree|Psychic|p2a: Muk
|-supereffective|p2a: Muk
|-damage|p2a: Muk|229\/372 slp
|-unboost|p2a: Muk|spd|1
|-unboost|p2a: Muk|spa|1
|cant|p2a: Muk|slp
|
|turn|32
|choice|move 2|switch 5
|
|switch|p2a: Blastoise|Blastoise, L85|259\/308
|move|p1a: Butterfree|Psychic|p2a: Blastoise
|-damage|p2a: Blastoise|190\/308
|-unboost|p2a: Blastoise|spd|1
|-unboost|p2a: Blastoise|spa|1
|
|turn|33
|choice|move 1|move 3
|
|move|p2a: Blastoise|Blizzard|p1a: Butterfree
|-supereffective|p1a: Butterfree
|-damage|p1a: Butterfree|178\/291
|move|p1a: Butterfree|Sleep Powder|p2a: Blastoise
|-message|Sleep Clause Mod activated.
|
|turn|34
|choice|move 4|move 1
|
|move|p2a: Blastoise|Mimic|p1a: Butterfree
|-start|p2a: Blastoise|Mimic|Sleep Powder
|move|p1a: Butterfree|Mega Drain|p2a: Blastoise
|-supereffective|p2a: Blastoise
|-damage|p2a: Blastoise|104\/308
|-heal|p1a: Butterfree|221\/291|[from] drain|[of] p2a: Blastoise
|
|turn|35
|choice|switch 5|move 1
|
|switch|p1a: Pikachu|Pikachu, L96|262\/262
|move|p2a: Blastoise|Sleep Powder|p1a: Pikachu
|-status|p1a: Pikachu|slp
|
|turn|36
|choice|switch 5|move 3
|
|switch|p1a: Butterfree|Butterfree, L90|221\/291
|move|p2a: Blastoise|Blizzard|p1a: Butterfree
|-supereffective|p1a: Butterfree
|-damage|p1a: Butterfree|110\/291
|
|turn|37
|choice|move 2|move 3
|
|move|p2a: Blastoise|Blizzard|p1a: Butterfree
|-supereffective|p1a: Butterfree
|-damage|p1a: Butterfree|5\/291
|move|p1a: Butterfree|Psychic|p2a: Blastoise
|-damage|p2a: Blastoise|11\/308
|
|turn|38
|choice|switch 5|move 3
|
|switch|p1a: Pikachu|Pikachu, L96|262\/262 slp
|move|p2a: Blastoise|Blizzard|p1a: Pikachu
|-damage|p1a: Pikachu|198\/262 slp
|
|turn|39
|choice|move 2|move 2
|
|cant|p1a: Pikachu|slp
|move|p2a: Blastoise|Rest|p2a: Blastoise
|-status|p2a: Blastoise|slp
|-heal|p2a: Blastoise|308\/308 slp|[silent]
|-status|p2a: Blastoise|slp|[from] move: Rest
|
|turn|40
|choice|move 3|move 4
|
|cant|p1a: Pikachu|slp
|cant|p2a: Blastoise|slp
|
|turn|41
|choice|move 3|move 4
|
|-curestatus|p1a: Pikachu|slp
|-curestatus|p2a: Blastoise|slp
|
|turn|42
|choice|move 2|move 3
|
|move|p1a: Pikachu|Thunder Wave|p2a: Blastoise
|-status|p2a: Blastoise|par
|cant|p2a: Blastoise|par
|
|turn|43
|choice|move 3|move 1
|
|move|p1a: Pikachu|Thunder|p2a: Blastoise|[miss]
|-miss|p1a: Pikachu
|move|p2a: Blastoise|Sleep Powder|p1a: Pikachu
|-status|p1a: Pikachu|slp
|
|turn|44
|choice|move 3|move 4
|
|cant|p1a: Pikachu|slp
|move|p2a: Blastoise|Hydro Pump|p1a: Pikachu|[miss]
|-miss|p2a: Blastoise
|
|turn|45
|choice|move 3|move 4
|
|cant|p1a: Pikachu|slp
|move|p2a: Blastoise|Hydro Pump|p1a: Pikachu
|-crit|p1a: Pikachu
|-damage|p1a: Pikachu|0 fnt
|faint|p1a: Pikachu
|choice|switch 5|
|
|switch|p1a: Butterfree|Butterfree, L90|5\/291
|turn|46
|choice|move 2|move 3
|
|move|p1a: Butterfree|Psychic|p2a: Blastoise
|-damage|p2a: Blastoise|215\/308 par
|cant|p2a: Blastoise|par
|
|turn|47
|choice|move 4|move 3
|
|move|p1a: Butterfree|Mega Drain|p2a: Blastoise
|-supereffective|p2a: Blastoise
|-damage|p2a: Blastoise|119\/308 par
|-heal|p1a: Butterfree|53\/291|[from] drain|[of] p2a: Blastoise
|move|p2a: Blastoise|Blizzard|p1a: Butterfree
|-supereffective|p1a: Butterfree
|-damage|p1a: Butterfree|0 fnt
|faint|p1a: Butterfree
|
|win|Mandelbrot
|raw|ExoSkeleton145's rating: 1138 &rarr; <strong>1117<\/strong><br \/>(-21 for losing)
|raw|Mandelbrot's rating: 1198 &rarr; <strong>1219<\/strong><br \/>(+21 for winning)
|c|★ExoSkeleton145|gg
|c|★Mandelbrot|gg
|l|ExoSkeleton145
|player|p1