|join|MALESANI
|join|tyrionLAN
|player|p1|MALESANI|238
|player|p2|tyrionLAN|170
|gametype|singles
|gen|1
|tier|[Gen 1] Random Battle
|rated
|seed|34046,55878,4778,48409
|rule|Sleep Clause Mod: Limit one foe put to sleep
|rule|Freeze Clause Mod: Limit one foe frozen
|rule|HP Percentage Mod: HP is shown in percentages
|
|start
|switch|p1a: Magneton|Magneton, L90|273\/273
|switch|p2a: Golbat|Golbat, L90|318\/318
|turn|1
|choice|move 2|switch 2
|
|switch|p2a: Ponyta|Ponyta, L96|291\/291
|move|p1a: Magneton|Thunder Wave|p2a: Ponyta
|-status|p2a: Ponyta|par
|
|turn|2
|choice|move 1|move 4
|
|move|p1a: Magneton|Thunderbolt|p2a: Ponyta
|-damage|p2a: Ponyta|153\/291 par
|move|p2a: Ponyta|Body Slam|p1a: Magneton
|-damage|p1a: Magneton|203\/273
|
|turn|3
|choice|move 1|move 4
|
|move|p1a: Magneton|Thunderbolt|p2a: Ponyta
|-damage|p2a: Ponyta|16\/291 par
|cant|p2a: Ponyta|par
|
|turn|4
|choice|move 4|move 4
|
|move|p1a: Magneton|Double-Edge|p2a: Ponyta
|-damage|p2a: Ponyta|0 fnt
|-damage|p1a: Magneton|199\/273|[from] recoil|[of] p2a: Ponyta
|faint|p2a: Ponyta
|choice||switch 3
|
|switch|p2a: Exeggutor|Exeggutor, L79|312\/312
|turn|5
|choice|move 2|move 1
|
|move|p1a: Magneton|Thunder Wave|p2a: Exeggutor
|-status|p2a: Exeggutor|par
|cant|p2a: Exeggutor|par
|
|turn|6
|choice|move 1|move 1
|
|move|p1a: Magneton|Thunderbolt|p2a: Exeggutor
|-resisted|p2a: Exeggutor
|-damage|p2a: Exeggutor|255\/312 par
|move|p2a: Exeggutor|Sleep Powder|p1a: Magneton|[miss]
|-miss|p2a: Exeggutor
|
|turn|7
|choice|switch 6|move 3
|
|switch|p1a: Flareon|Flareon, L90|300\/300
|move|p2a: Exeggutor|Egg Bomb|p1a: Flareon
|-damage|p1a: Flareon|230\/300
|
|turn|8
|choice|move 1|switch 2
|
|switch|p2a: Golbat|Golbat, L90|318\/318
|move|p1a: Flareon|Fire Blast|p2a: Golbat
|-damage|p2a: Golbat|167\/318
|-status|p2a: Golbat|brn
|
|turn|9
|choice|move 1|move 4
|
|move|p2a: Golbat|Hyper Beam|p1a: Flareon
|-damage|p1a: Flareon|169\/300
|-damage|p2a: Golbat|148\/318 brn|[from] brn|[of] p1a: Flareon
|move|p1a: Flareon|Fire Blast|p2a: Golbat
|-damage|p2a: Golbat|0 fnt
|faint|p2a: Golbat
|choice||switch 4
|
|switch|p2a: Wigglytuff|Wigglytuff, L90|435\/435
|turn|10
|choice|switch 6|move 4
|
|switch|p1a: Magneton|Magneton, L90|199\/273
|move|p2a: Wigglytuff|Body Slam|p1a: Magneton
|-damage|p1a: Magneton|127\/273
|
|turn|11
|choice|move 2|move 1
|
|move|p1a: Magneton|Thunder Wave|p2a: Wigglytuff
|-status|p2a: Wigglytuff|par
|cant|p2a: Wigglytuff|par
|
|turn|12
|choice|move 1|move 1
|
|move|p1a: Magneton|Thunderbolt|p2a: Wigglytuff
|-damage|p2a: Wigglytuff|247\/435 par
|move|p2a: Wigglytuff|Blizzard|p1a: Magneton
|-damage|p1a: Magneton|75\/273
|
|turn|13
|choice|move 1|move 3
|
|move|p1a: Magneton|Thunderbolt|p2a: Wigglytuff
|-damage|p2a: Wigglytuff|61\/435 par
|move|p2a: Wigglytuff|Sing|p1a: Magneton
|-status|p1a: Magneton|slp
|
|turn|14
|choice|switch 3|move 4
|
|switch|p1a: Diglett|Diglett, L96|214\/214
|move|p2a: Wigglytuff|Body Slam|p1a: Diglett
|-crit|p1a: Diglett
|-damage|p1a: Diglett|0 fnt
|faint|p1a: Diglett
|choice|switch 6|
|
|switch|p1a: Flareon|Flareon, L90|169\/300
|turn|15
|choice|move 2|move 4
|
|move|p1a: Flareon|Body Slam|p2a: Wigglytuff
|-damage|p2a: Wigglytuff|0 fnt
|faint|p2a: Wigglytuff
|choice||switch 2
|
|switch|p2a: Exeggutor|Exeggutor, L79|255\/312 par
|turn|16
|choice|move 1|move 2
|
|move|p1a: Flareon|Fire Blast|p2a: Exeggutor
|-supereffective|p2a: Exeggutor
|-damage|p2a: Exeggutor|0 fnt
|faint|p2a: Exeggutor
|choice||switch 5
|
|switch|p2a: Venomoth|Venomoth, L85|293\/293
|turn|17
|choice|move 1|move 2
|
|move|p2a: Venomoth|Stun Spore|p1a: Flareon
|-status|p1a: Flareon|par
|move|p1a: Flareon|Fire Blast|p2a: Venomoth
|-supereffective|p2a: Venomoth
|-damage|p2a: Venomoth|0 fnt
|faint|p2a: Venomoth
|choice||switch 6
|
|switch|p2a: Metapod|Metapod, L99|300\/300
|turn|18
|choice|move 1|move 1
|
|move|p2a: Metapod|Tackle|p1a: Flareon
|-damage|p1a: Flareon|149\/300 par
|move|p1a: Flareon|Fire Blast|p2a: Metapod
|-supereffective|p2a: Metapod
|-damage|p2a: Metapod|0 fnt
|faint|p2a: Metapod
|
|win|MALESANI
|raw|MALESANI's rating: 1289 &rarr; <strong>1297<\/strong><br \/>(+8 for winning)
|raw|tyrionLAN's rating: 1000 &rarr; <strong>1000<\/strong><br \/>(+0 for losing)