|j|rival de turno
|j|SunnySSBM
|player|p1|rival de turno|7
|player|p2|SunnySSBM|2
|gametype|singles
|gen|1
|tier|[Gen 1] OU
|rated
|seed|
|rule|Sleep Clause Mod: Limit one foe put to sleep
|rule|Freeze Clause Mod: Limit one foe frozen
|rule|Species Clause: Limit one of each Pokémon
|rule|OHKO Clause: OHKO moves are banned
|rule|Evasion Moves Clause: Evasion moves are banned
|rule|HP Percentage Mod: HP is shown in percentages
|
|start
|switch|p1a: Charizard|Charizard|100\/100
|switch|p2a: Gengar|Gengar|100\/100
|turn|1
|j|GhostlyGastly92
|choice||
|
|switch|p2a: Rhydon|Rhydon|100\/100
|move|p1a: Charizard|Earthquake|p2a: Rhydon
|-supereffective|p2a: Rhydon
|-damage|p2a: Rhydon|69\/100
|
|turn|2
|choice||
|
|switch|p1a: Slowbro|Slowbro|100\/100
|move|p2a: Rhydon|Rock Slide|p1a: Slowbro
|-damage|p1a: Slowbro|73\/100
|
|turn|3
|choice||
|
|switch|p2a: Chansey|Chansey|100\/100
|move|p1a: Slowbro|Amnesia|p1a: Slowbro
|-boost|p1a: Slowbro|spd|2
|-boost|p1a: Slowbro|spa|2
|
|turn|4
|choice||
|
|move|p2a: Chansey|Thunderbolt|p1a: Slowbro
|-supereffective|p1a: Slowbro
|-damage|p1a: Slowbro|50\/100
|move|p1a: Slowbro|Amnesia|p1a: Slowbro
|-boost|p1a: Slowbro|spd|2
|-boost|p1a: Slowbro|spa|2
|
|turn|5
|choice||
|
|move|p2a: Chansey|Thunderbolt|p1a: Slowbro
|-supereffective|p1a: Slowbro
|-damage|p1a: Slowbro|34\/100
|-status|p1a: Slowbro|par
|move|p1a: Slowbro|Surf|p2a: Chansey
|-damage|p2a: Chansey|60\/100
|
|turn|6
|choice||
|
|move|p2a: Chansey|Thunderbolt|p1a: Slowbro
|-supereffective|p1a: Slowbro
|-damage|p1a: Slowbro|20\/100 par
|move|p1a: Slowbro|Rest|p1a: Slowbro
|-status|p1a: Slowbro|slp
|-heal|p1a: Slowbro|100\/100 slp|[silent]
|-status|p1a: Slowbro|slp|[from] move: Rest
|
|turn|7
|j|ah di das
|choice||
|
|move|p2a: Chansey|Thunderbolt|p1a: Slowbro
|-crit|p1a: Slowbro
|-supereffective|p1a: Slowbro
|-damage|p1a: Slowbro|4\/100 slp
|cant|p1a: Slowbro|slp
|
|turn|8
|choice||
|
|move|p2a: Chansey|Thunderbolt|p1a: Slowbro
|-supereffective|p1a: Slowbro
|-damage|p1a: Slowbro|0 fnt
|faint|p1a: Slowbro
|choice||
|
|switch|p1a: Dugtrio|Dugtrio|100\/100
|turn|9
|choice||
|
|move|p1a: Dugtrio|Earthquake|p2a: Chansey
|-damage|p2a: Chansey|22\/100
|move|p2a: Chansey|Ice Beam|p1a: Dugtrio
|-supereffective|p1a: Dugtrio
|-damage|p1a: Dugtrio|34\/100
|-status|p1a: Dugtrio|frz
|
|turn|10
|c|★SunnySSBM|let it go
|choice||
|
|switch|p1a: Nidoking|Nidoking|100\/100
|move|p2a: Chansey|Ice Beam|p1a: Nidoking
|-crit|p1a: Nidoking
|-supereffective|p1a: Nidoking
|-damage|p1a: Nidoking|2\/100
|-message|Freeze Clause activated.
|
|turn|11
|choice||
|
|switch|p2a: Exeggutor|Exeggutor|100\/100
|move|p1a: Nidoking|Earthquake|p2a: Exeggutor
|-resisted|p2a: Exeggutor
|-damage|p2a: Exeggutor|85\/100
|
|turn|12
|c| GhostlyGastly92|his team is a UU one
|choice||
|
|move|p1a: Nidoking|Fire Blast|p2a: Exeggutor
|-supereffective|p2a: Exeggutor
|-damage|p2a: Exeggutor|52\/100
|move|p2a: Exeggutor|Sleep Powder|p1a: Nidoking
|-status|p1a: Nidoking|slp
|
|turn|13
|choice||
|
|switch|p1a: Charizard|Charizard|100\/100
|move|p2a: Exeggutor|Psychic|p1a: Charizard
|-damage|p1a: Charizard|63\/100
|
|turn|14
|c| GhostlyGastly92|the OU guyz just destroy the UU
|choice||
|
|switch|p2a: Rhydon|Rhydon|69\/100
|move|p1a: Charizard|Fire Blast|p2a: Rhydon
|-resisted|p2a: Rhydon
|-damage|p2a: Rhydon|47\/100
|
|turn|15
|choice||
|
|switch|p1a: Dugtrio|Dugtrio|34\/100 frz
|move|p2a: Rhydon|Rock Slide|p1a: Dugtrio
|-resisted|p1a: Dugtrio
|-damage|p1a: Dugtrio|5\/100 frz
|
|turn|16
|choice||
|
|cant|p1a: Dugtrio|frz
|move|p2a: Rhydon|Substitute|p2a: Rhydon
|-start|p2a: Rhydon|Substitute
|-damage|p2a: Rhydon|22\/100
|
|turn|17
|choice||
|
|cant|p1a: Dugtrio|frz
|move|p2a: Rhydon|Earthquake|p1a: Dugtrio
|-crit|p1a: Dugtrio
|-damage|p1a: Dugtrio|0 fnt
|faint|p1a: Dugtrio
|choice||
|
|switch|p1a: Chansey|Chansey|100\/100
|turn|18
|choice||
|
|move|p1a: Chansey|Reflect|p1a: Chansey
|-start|p1a: Chansey|Reflect
|move|p2a: Rhydon|Body Slam|p1a: Chansey
|-damage|p1a: Chansey|86\/100
|
|turn|19
|j|Azawa
|choice||
|
|move|p1a: Chansey|Seismic Toss|p2a: Rhydon
|-activate|p2a: Rhydon|Substitute|[damage]
|move|p2a: Rhydon|Earthquake|p1a: Chansey
|-damage|p1a: Chansey|57\/100
|
|turn|20
|c| GhostlyGastly92|body slam doesn't paralyze normals
|choice||
|
|move|p1a: Chansey|Seismic Toss|p2a: Rhydon
|-end|p2a: Rhydon|Substitute
|move|p2a: Rhydon|Earthquake|p1a: Chansey
|-damage|p1a: Chansey|31\/100
|
|turn|21
|choice||
|
|move|p1a: Chansey|Soft-Boiled|p1a: Chansey
|-heal|p1a: Chansey|81\/100
|move|p2a: Rhydon|Earthquake|p1a: Chansey
|-damage|p1a: Chansey|55\/100
|
|turn|22
|choice||
|
|switch|p2a: Chansey|Chansey|22\/100
|move|p1a: Chansey|Seismic Toss|p2a: Chansey
|-damage|p2a: Chansey|7\/100
|
|turn|23
|choice||
|
|move|p2a: Chansey|Soft-Boiled|p2a: Chansey
|-heal|p2a: Chansey|57\/100
|move|p1a: Chansey|Seismic Toss|p2a: Chansey
|-damage|p2a: Chansey|43\/100
|
|turn|24
|choice||
|
|move|p2a: Chansey|Ice Beam|p1a: Chansey
|-crit|p1a: Chansey
|-damage|p1a: Chansey|35\/100
|move|p1a: Chansey|Thunder Wave|p2a: Chansey
|-status|p2a: Chansey|par
|
|turn|25
|choice||
|
|move|p1a: Chansey|Seismic Toss|p2a: Chansey
|-damage|p2a: Chansey|29\/100 par
|move|p2a: Chansey|Soft-Boiled|p2a: Chansey
|-heal|p2a: Chansey|79\/100 par
|
|turn|26
|choice||
|
|move|p1a: Chansey|Soft-Boiled|p1a: Chansey
|-heal|p1a: Chansey|85\/100
|cant|p2a: Chansey|par
|
|turn|27
|choice||
|
|move|p1a: Chansey|Seismic Toss|p2a: Chansey
|-damage|p2a: Chansey|65\/100 par
|cant|p2a: Chansey|par
|
|turn|28
|choice||
|
|switch|p1a: Charizard|Charizard|63\/100
|move|p2a: Chansey|Ice Beam|p1a: Charizard
|-supereffective|p1a: Charizard
|-damage|p1a: Charizard|14\/100
|
|turn|29
|choice||
|
|move|p1a: Charizard|Submission|p2a: Chansey|[miss]
|-miss|p1a: Charizard
|cant|p2a: Chansey|par
|
|turn|30
|choice||
|
|move|p1a: Charizard|Submission|p2a: Chansey
|-supereffective|p2a: Chansey
|-damage|p2a: Chansey|19\/100 par
|-damage|p1a: Charizard|0 fnt|[from] recoil|[of] p2a: Chansey
|faint|p1a: Charizard
|choice||
|
|switch|p1a: Alakazam|Alakazam|100\/100
|turn|31
|choice||
|
|move|p1a: Alakazam|Psychic|p2a: Chansey
|-damage|p2a: Chansey|0 fnt
|faint|p2a: Chansey
|choice||
|
|switch|p2a: Starmie|Starmie|100\/100
|turn|32
|choice||
|
|switch|p1a: Chansey|Chansey|85\/100
|move|p2a: Starmie|Thunder Wave|p1a: Chansey
|-status|p1a: Chansey|par
|
|turn|33
|choice||
|
|move|p2a: Starmie|Surf|p1a: Chansey
|-damage|p1a: Chansey|69\/100 par
|move|p1a: Chansey|Reflect|p1a: Chansey
|-start|p1a: Chansey|Reflect
|
|turn|34
|choice||
|
|move|p2a: Starmie|Surf|p1a: Chansey
|-crit|p1a: Chansey
|-damage|p1a: Chansey|37\/100 par
|move|p1a: Chansey|Thunder Wave|p2a: Starmie
|-status|p2a: Starmie|par
|
|turn|35
|choice||
|
|cant|p2a: Starmie|par
|move|p1a: Chansey|Soft-Boiled|p1a: Chansey
|-heal|p1a: Chansey|87\/100 par
|
|turn|36
|choice||
|
|move|p2a: Starmie|Surf|p1a: Chansey
|-damage|p1a: Chansey|72\/100 par
|cant|p1a: Chansey|par
|
|turn|37
|choice||
|
|cant|p2a: Starmie|par
|move|p1a: Chansey|Seismic Toss|p2a: Starmie
|-damage|p2a: Starmie|70\/100 par
|
|turn|38
|j|cedsa
|choice||
|
|move|p2a: Starmie|Surf|p1a: Chansey
|-damage|p1a: Chansey|57\/100 par
|cant|p1a: Chansey|par
|
|turn|39
|choice||
|
|move|p2a: Starmie|Surf|p1a: Chansey
|-damage|p1a: Chansey|41\/100 par
|move|p1a: Chansey|Soft-Boiled|p1a: Chansey
|-heal|p1a: Chansey|91\/100 par
|
|turn|40
|choice||
|
|move|p2a: Starmie|Surf|p1a: Chansey
|-damage|p1a: Chansey|76\/100 par
|cant|p1a: Chansey|par
|
|turn|41
|c|★SunnySSBM|this is going to take a while
|choice||
|
|move|p2a: Starmie|Surf|p1a: Chansey
|-damage|p1a: Chansey|60\/100 par
|cant|p1a: Chansey|par
|
|turn|42
|choice||
|
|cant|p2a: Starmie|par
|move|p1a: Chansey|Soft-Boiled|p1a: Chansey
|-heal|p1a: Chansey|100\/100 par
|
|turn|43
|choice||
|
|move|p2a: Starmie|Surf|p1a: Chansey
|-crit|p1a: Chansey
|-damage|p1a: Chansey|71\/100 par
|cant|p1a: Chansey|par
|
|turn|44
|choice||
|
|move|p2a: Starmie|Surf|p1a: Chansey
|-damage|p1a: Chansey|55\/100 par
|move|p1a: Chansey|Seismic Toss|p2a: Starmie
|-damage|p2a: Starmie|39\/100 par
|
|turn|45
|choice||
|
|move|p2a: Starmie|Recover|p2a: Starmie
|-heal|p2a: Starmie|88\/100 par
|cant|p1a: Chansey|par
|
|turn|46
|choice||
|
|cant|p2a: Starmie|par
|move|p1a: Chansey|Soft-Boiled|p1a: Chansey
|-heal|p1a: Chansey|100\/100 par
|
|turn|47
|choice||
|
|move|p2a: Starmie|Surf|p1a: Chansey
|-damage|p1a: Chansey|85\/100 par
|move|p1a: Chansey|Seismic Toss|p2a: Starmie
|-damage|p2a: Starmie|57\/100 par
|
|turn|48
|choice||
|
|move|p2a: Starmie|Surf|p1a: Chansey
|-damage|p1a: Chansey|68\/100 par
|cant|p1a: Chansey|par
|
|turn|49
|c|★SunnySSBM|what's pp on that move
|choice||
|
|cant|p2a: Starmie|par
|move|p1a: Chansey|Seismic Toss|p2a: Starmie
|-damage|p2a: Starmie|27\/100 par
|
|turn|50
|choice||
|
|move|p2a: Starmie|Recover|p2a: Starmie
|-heal|p2a: Starmie|76\/100 par
|cant|p1a: Chansey|par
|
|turn|51
|choice||
|
|move|p2a: Starmie|Surf|p1a: Chansey
|-damage|p1a: Chansey|53\/100 par
|move|p1a: Chansey|Seismic Toss|p2a: Starmie
|-damage|p2a: Starmie|45\/100 par
|
|turn|52
|c| GhostlyGastly92|sunny, put a pokémon with psychic and try for a special fall
|choice||
|
|cant|p2a: Starmie|par
|move|p1a: Chansey|Seismic Toss|p2a: Starmie
|-damage|p2a: Starmie|14\/100 par
|
|turn|53
|choice||
|
|cant|p2a: Starmie|par
|cant|p1a: Chansey|par
|
|turn|54
|choice||
|
|move|p2a: Starmie|Recover|p2a: Starmie
|-heal|p2a: Starmie|64\/100 par
|move|p1a: Chansey|Seismic Toss|p2a: Starmie
|-damage|p2a: Starmie|33\/100 par
|
|turn|55
|choice||
|
|cant|p2a: Starmie|par
|move|p1a: Chansey|Seismic Toss|p2a: Starmie
|-damage|p2a: Starmie|2\/100 par
|
|turn|56
|choice||
|
|cant|p2a: Starmie|par
|move|p1a: Chansey|Seismic Toss|p2a: Starmie
|-damage|p2a: Starmie|0 fnt
|faint|p2a: Starmie
|c|★SunnySSBM|ouch lol
|choice||
|
|switch|p2a: Tauros|Tauros|100\/100
|turn|57
|c| GhostlyGastly92|sunny, put a pokémon with psychic and try for a special fall
|choice||
|
|move|p2a: Tauros|Hyper Beam|p1a: Chansey
|-damage|p1a: Chansey|19\/100 par
|move|p1a: Chansey|Thunder Wave|p2a: Tauros
|-status|p2a: Tauros|par
|
|turn|58
|-mustrecharge|p2a: Tauros
|-mustrecharge|p2a: Tauros
|choice||
|
|cant|p2a: Tauros|recharge
|move|p1a: Chansey|Soft-Boiled|p1a: Chansey
|-heal|p1a: Chansey|69\/100 par
|
|turn|59
|choice||
|
|switch|p2a: Exeggutor|Exeggutor|52\/100
|cant|p1a: Chansey|par
|
|turn|60
|choice||
|
|move|p2a: Exeggutor|Psychic|p1a: Chansey
|-damage|p1a: Chansey|51\/100 par
|-unboost|p1a: Chansey|spd|1
|-unboost|p1a: Chansey|spa|1
|cant|p1a: Chansey|par
|
|turn|61
|choice||
|
|move|p2a: Exeggutor|Psychic|p1a: Chansey
|-damage|p1a: Chansey|26\/100 par
|move|p1a: Chansey|Soft-Boiled|p1a: Chansey
|-heal|p1a: Chansey|76\/100 par
|
|turn|62
|choice||
|
|move|p2a: Exeggutor|Psychic|p1a: Chansey
|-damage|p1a: Chansey|48\/100 par
|move|p1a: Chansey|Thunder Wave|p2a: Exeggutor
|-status|p2a: Exeggutor|par
|
|turn|63
|choice||
|
|move|p2a: Exeggutor|Psychic|p1a: Chansey|[miss]
|-miss|p2a: Exeggutor
|move|p1a: Chansey|Soft-Boiled|p1a: Chansey
|-heal|p1a: Chansey|98\/100 par
|
|turn|64
|choice||
|
|cant|p2a: Exeggutor|par
|move|p1a: Chansey|Seismic Toss|p2a: Exeggutor
|-damage|p2a: Exeggutor|27\/100 par
|
|turn|65
|choice||
|
|cant|p2a: Exeggutor|par
|move|p1a: Chansey|Seismic Toss|p2a: Exeggutor
|-damage|p2a: Exeggutor|1\/100 par
|
|turn|66
|c|★SunnySSBM|this is some next level hax
|choice||
|
|move|p2a: Exeggutor|Psychic|p1a: Chansey
|-damage|p1a: Chansey|71\/100 par
|-unboost|p1a: Chansey|spd|1
|-unboost|p1a: Chansey|spa|1
|move|p1a: Chansey|Seismic Toss|p2a: Exeggutor
|-damage|p2a: Exeggutor|0 fnt
|faint|p2a: Exeggutor
|choice||
|
|switch|p2a: Tauros|Tauros|100\/100 par
|turn|67
|c|★SunnySSBM|I can't kill the chansey now
|c| GhostlyGastly92|you have a gengar
|c|★SunnySSBM|with bolt
|c| GhostlyGastly92|and that chansey knows only seismic toss
|choice||
|
|cant|p2a: Tauros|par
|move|p1a: Chansey|Seismic Toss|p2a: Tauros
|-damage|p2a: Tauros|72\/100 par
|
|turn|68
|c| GhostlyGastly92|seismic toss is fight
|c| GhostlyGastly92|and gengar is immune
|c|★SunnySSBM|oh it doesn't have a special move?
|choice||
|
|switch|p2a: Gengar|Gengar|100\/100
|move|p1a: Chansey|Seismic Toss|p2a: Gengar
|-damage|p2a: Gengar|70\/100
|
|turn|69
|c| GhostlyGastly92|nope
|c| ah di das|lol
|c|★SunnySSBM|so gengar isn't immune
|choice||
|
|move|p2a: Gengar|Thunderbolt|p1a: Chansey
|-damage|p1a: Chansey|45\/100 par
|move|p1a: Chansey|Thunder Wave|p2a: Gengar
|-status|p2a: Gengar|par
|
|turn|70
|c| GhostlyGastly92|it should be
|c| GhostlyGastly92|why got damage?
|choice||
|
|move|p2a: Gengar|Thunderbolt|p1a: Chansey
|-damage|p1a: Chansey|19\/100 par
|move|p1a: Chansey|Soft-Boiled|p1a: Chansey
|-heal|p1a: Chansey|69\/100 par
|
|turn|71
|c|★SunnySSBM|definitely got hit with a swift seismic toss
|choice||
|
|move|p2a: Gengar|Thunderbolt|p1a: Chansey
|-crit|p1a: Chansey
|-damage|p1a: Chansey|45\/100 par
|move|p1a: Chansey|Seismic Toss|p2a: Gengar
|-damage|p2a: Gengar|39\/100 par
|
|turn|72
|c| GhostlyGastly92|explode
|choice||
|
|cant|p2a: Gengar|par
|move|p1a: Chansey|Soft-Boiled|p1a: Chansey
|-heal|p1a: Chansey|95\/100 par
|
|turn|73
|c|★SunnySSBM|reflect
|choice||
|
|move|p2a: Gengar|Thunderbolt|p1a: Chansey
|-damage|p1a: Chansey|70\/100 par
|cant|p1a: Chansey|par
|
|turn|74
|choice||
|
|cant|p2a: Gengar|par
|move|p1a: Chansey|Seismic Toss|p2a: Gengar
|-damage|p2a: Gengar|8\/100 par
|
|turn|75
|c|★SunnySSBM|miss on psychic
|c|★SunnySSBM|into 2x para
|c|★SunnySSBM|and before that
|c|★SunnySSBM|3x para
|c|★SunnySSBM|:(
|choice||
|
|move|p2a: Gengar|Mega Drain|p1a: Chansey
|-damage|p1a: Chansey|60\/100 par
|-heal|p2a: Gengar|19\/100 par|[from] drain|[of] p1a: Chansey
|cant|p1a: Chansey|par
|
|turn|76
|choice||
|
|move|p2a: Gengar|Thunderbolt|p1a: Chansey
|-damage|p1a: Chansey|37\/100 par
|move|p1a: Chansey|Soft-Boiled|p1a: Chansey
|-heal|p1a: Chansey|87\/100 par
|
|turn|77
|-message|SunnySSBM forfeited.
|
|win|rival de turno
|player|p1
|player|p2
|l|SunnySSBM
|raw|rival de turno's rating: 1189 &rarr; <strong>1210<\/strong><br \/>(+21 for winning)
|raw|SunnySSBM's rating: 1124 &rarr; <strong>1104<\/strong><br \/>(-20 for losing)
|l|cedsa
|c| ah di das|cool battle!
|l|GhostlyGastly92
|l|ah di das