|join|kid gf lol
|join|DojoJoe
|player|p1|kid gf lol|167
|player|p2|DojoJoe|269
|gametype|singles
|gen|1
|tier|[Gen 1] OU (beta)
|rated
|rule|Sleep Clause Mod: Limit one foe put to sleep
|rule|Species Clause: Limit one of each Pokémon
|rule|OHKO Clause: OHKO moves are banned
|rule|Moody Clause: Moody is banned
|rule|Evasion Moves Clause: Evasion moves are banned
|rule|Endless Battle Clause: Forcing endless battles is banned
|rule|HP Percentage Mod: HP is reported as percentages
|
|start
|switch|p1a: Star Role|Starmie|323\/323
|switch|p2a: Gengar|Gengar|323\/323
|turn|1
|
|move|p1a: Star Role|Psychic|p2a: Gengar
|-supereffective|p2a: Gengar
|-damage|p2a: Gengar|131\/323
|move|p2a: Gengar|Hypnosis|p1a: Star Role|[miss]
|-miss|p2a: Gengar
|
|turn|2
|
|switch|p2a: Chansey|Chansey|703\/703
|move|p1a: Star Role|Psychic|p2a: Chansey
|-crit|p2a: Chansey
|-damage|p2a: Chansey|496\/703
|
|turn|3
|
|switch|p1a: Breakfast Pouch|Chansey|703\/703
|move|p2a: Chansey|Thunder Wave|p1a: Breakfast Pouch
|-status|p1a: Breakfast Pouch|par
|
|turn|4
|
|switch|p2a: Golem|Golem|363\/363
|cant|p1a: Breakfast Pouch|par
|
|turn|5
|
|switch|p1a: Bad Luck Brian|Dragonite|385\/385
|move|p2a: Golem|Earthquake|p1a: Bad Luck Brian
|-immune|p1a: Bad Luck Brian|[msg]
|
|turn|6
|
|switch|p2a: Starmie|Starmie|323\/323
|move|p1a: Bad Luck Brian|Agility|p1a: Bad Luck Brian
|-boost|p1a: Bad Luck Brian|spe|2
|
|turn|7
|
|move|p1a: Bad Luck Brian|Wrap|p2a: Starmie
|-damage|p2a: Starmie|305\/323
|-activate|p2a: Starmie|move: Wrap|[of] p1a: Bad Luck Brian
|cant|p2a: Starmie|partiallytrapped
|
|turn|8
|
|switch|p1a: Star Role|Starmie|323\/323
|cant|p2a: Starmie|partiallytrapped
|
|-end|p2a: Starmie|Wrap|[partiallytrapped]
|turn|9
|
|switch|p2a: Chansey|Chansey|496\/703
|switch|p1a: Breakfast Pouch|Chansey|703\/703 par
|
|turn|10
|
|switch|p2a: Tauros|Tauros|353\/353
|move|p1a: Breakfast Pouch|Ice Beam|p2a: Tauros
|-damage|p2a: Tauros|254\/353
|
|turn|11
|
|move|p2a: Tauros|Body Slam|p1a: Breakfast Pouch
|-damage|p1a: Breakfast Pouch|450\/703 par
|move|p1a: Breakfast Pouch|Counter|p2a: Tauros
|-damage|p2a: Tauros|0 fnt
|faint|p2a: Tauros
|
|
|switch|p2a: Dragonite|Dragonite|385\/385
|turn|12
|
|move|p2a: Dragonite|Hyper Beam|p1a: Breakfast Pouch
|-damage|p1a: Breakfast Pouch|52\/703 par
|move|p1a: Breakfast Pouch|Thunder Wave|p2a: Dragonite
|-status|p2a: Dragonite|par
|
|turn|13
|
|cant|p2a: Dragonite|par
|move|p1a: Breakfast Pouch|Soft-Boiled|p1a: Breakfast Pouch
|-heal|p1a: Breakfast Pouch|403\/703 par
|
|turn|14
|
|switch|p1a: Star Role|Starmie|323\/323
|move|p2a: Dragonite|Hyper Beam|p1a: Star Role
|-damage|p1a: Star Role|163\/323
|
|turn|15
|
|switch|p1a: The Clamps|Cloyster|303\/303
|cant|p2a: Dragonite|recharge
|
|turn|16
|
|switch|p2a: Gengar|Gengar|131\/323
|move|p1a: The Clamps|Blizzard|p2a: Gengar
|-damage|p2a: Gengar|28\/323
|
|turn|17
|join|MasterofHoppips
|
|switch|p1a: Breakfast Pouch|Chansey|403\/703 par
|move|p2a: Gengar|Hypnosis|p1a: Breakfast Pouch|[miss]
|-miss|p2a: Gengar
|
|turn|18
|
|move|p2a: Gengar|Explosion|p1a: Breakfast Pouch
|-crit|p1a: Breakfast Pouch
|-damage|p1a: Breakfast Pouch|0 fnt
|faint|p1a: Breakfast Pouch
|faint|p2a: Gengar
|leave|MasterofHoppips
|
|switch|p1a: Star Role|Starmie|163\/323
|switch|p2a: Chansey|Chansey|496\/703
|turn|19
|
|switch|p1a: 'Tauros|Gengar|323\/323
|move|p2a: Chansey|Thunder Wave|p1a: 'Tauros
|-status|p1a: 'Tauros|par
|
|turn|20
|
|switch|p2a: Golem|Golem|363\/363
|move|p1a: 'Tauros|Psychic|p2a: Golem
|-damage|p2a: Golem|247\/363
|-unboost|p2a: Golem|spd|1
|-unboost|p2a: Golem|spa|1
|
|turn|21
|
|switch|p1a: Bad Luck Brian|Dragonite|385\/385
|move|p2a: Golem|Rock Slide|p1a: Bad Luck Brian
|-supereffective|p1a: Bad Luck Brian
|-damage|p1a: Bad Luck Brian|184\/385
|
|turn|22
|
|move|p1a: Bad Luck Brian|Surf|p2a: Golem
|-supereffective|p2a: Golem
|-damage|p2a: Golem|0 fnt
|faint|p2a: Golem
|
|
|switch|p2a: Starmie|Starmie|305\/323
|turn|23
|
|switch|p1a: Star Role|Starmie|163\/323
|move|p2a: Starmie|Blizzard|p1a: Star Role
|-crit|p1a: Star Role
|-resisted|p1a: Star Role
|-damage|p1a: Star Role|75\/323
|
|turn|24
|
|move|p2a: Starmie|Thunderbolt|p1a: Star Role
|-supereffective|p1a: Star Role
|-damage|p1a: Star Role|0 fnt
|faint|p1a: Star Role
|
|
|switch|p1a: Eminem|Victreebel|363\/363
|turn|25
|
|move|p2a: Starmie|Blizzard|p1a: Eminem
|-crit|p1a: Eminem
|-supereffective|p1a: Eminem
|-damage|p1a: Eminem|0 fnt
|faint|p1a: Eminem
|
|
|switch|p1a: 'Tauros|Gengar|323\/323 par
|turn|26
|
|move|p2a: Starmie|Blizzard|p1a: 'Tauros|[miss]
|-miss|p2a: Starmie
|cant|p1a: 'Tauros|par
|
|turn|27
|
|switch|p2a: Dragonite|Dragonite|385\/385 par
|move|p1a: 'Tauros|Hypnosis|p2a: Dragonite
|-fail|p2a: Dragonite
|
|turn|28
|
|move|p1a: 'Tauros|Thunderbolt|p2a: Dragonite
|-damage|p2a: Dragonite|294\/385 par
|move|p2a: Dragonite|Agility|p2a: Dragonite
|-boost|p2a: Dragonite|spe|2
|
|turn|29
|
|move|p2a: Dragonite|Blizzard|p1a: 'Tauros
|-damage|p1a: 'Tauros|248\/323 par
|move|p1a: 'Tauros|Psychic|p2a: Dragonite
|-damage|p2a: Dragonite|202\/385 par
|
|turn|30
|
|move|p2a: Dragonite|Blizzard|p1a: 'Tauros
|-damage|p1a: 'Tauros|167\/323 par
|move|p1a: 'Tauros|Psychic|p2a: Dragonite
|-damage|p2a: Dragonite|118\/385 par
|-unboost|p2a: Dragonite|spd|1
|-unboost|p2a: Dragonite|spa|1
|
|turn|31
|
|move|p2a: Dragonite|Blizzard|p1a: 'Tauros
|-damage|p1a: 'Tauros|116\/323 par
|move|p1a: 'Tauros|Psychic|p2a: Dragonite
|-damage|p2a: Dragonite|0 fnt
|faint|p2a: Dragonite
|
|
|switch|p2a: Chansey|Chansey|496\/703
|turn|32
|
|move|p2a: Chansey|Thunderbolt|p1a: 'Tauros
|-damage|p1a: 'Tauros|51\/323 par
|move|p1a: 'Tauros|Explosion|p2a: Chansey
|-damage|p2a: Chansey|0 fnt
|faint|p2a: Chansey
|faint|p1a: 'Tauros
|
|switch|p2a: Starmie|Starmie|305\/323
|switch|p1a: The Clamps|Cloyster|303\/303
|turn|33
|
|move|p2a: Starmie|Thunderbolt|p1a: The Clamps
|-crit|p1a: The Clamps
|-supereffective|p1a: The Clamps
|-damage|p1a: The Clamps|0 fnt
|faint|p1a: The Clamps
|
|
|switch|p1a: Bad Luck Brian|Dragonite|184\/385
|turn|34
|
|move|p2a: Starmie|Blizzard|p1a: Bad Luck Brian
|-supereffective|p1a: Bad Luck Brian
|-damage|p1a: Bad Luck Brian|0 fnt
|faint|p1a: Bad Luck Brian
|
|win|DojoJoe
|raw|Ladder updating...
|raw|kid gf lol's rating: 1417 &rarr; <strong>1384<\/strong><br \/>(-33 for losing)
|raw|DojoJoe's rating: 1144 &rarr; <strong>1186<\/strong><br \/>(+42 for winning)