|join|marcoasd
|join|Disaster Area
|player|p1|marcoasd|2
|player|p2|Disaster Area|32
|gametype|singles
|gen|1
|tier|[Gen 1] OU
|rule|Sleep Clause Mod: Limit one foe put to sleep
|rule|Freeze Clause Mod: Limit one foe frozen
|rule|Species Clause: Limit one of each Pokémon
|rule|OHKO Clause: OHKO moves are banned
|rule|Evasion Moves Clause: Evasion moves are banned
|rule|HP Percentage Mod: HP is shown in percentages
|
|start
|switch|p1a: Gengar|Gengar|323\/323
|switch|p2a: Alakazam|Alakazam|313\/313
|turn|1
|c|★Disaster Area|gl hf
|c|★marcoasd|nl
|
|switch|p1a: Exeggutor|Exeggutor|393\/393
|move|p2a: Alakazam|Psychic|p1a: Exeggutor
|-resisted|p1a: Exeggutor
|-damage|p1a: Exeggutor|337\/393
|
|turn|2
|c|★marcoasd|u2
|c|★Disaster Area|lol
|c|★Disaster Area|tru
|c|★marcoasd|beautiful day
|
|move|p2a: Alakazam|Thunder Wave|p1a: Exeggutor
|-status|p1a: Exeggutor|par
|cant|p1a: Exeggutor|par
|
|turn|3
|
|move|p2a: Alakazam|Seismic Toss|p1a: Exeggutor
|-damage|p1a: Exeggutor|237\/393 par
|move|p1a: Exeggutor|Sleep Powder|p2a: Alakazam
|-status|p2a: Alakazam|slp
|
|turn|4
|
|switch|p2a: Lapras|Lapras|463\/463
|switch|p1a: Lapras|Lapras|463\/463
|
|turn|5
|c|★Disaster Area|:O
|
|move|p1a: Lapras|Thunderbolt|p2a: Lapras
|-supereffective|p2a: Lapras
|-damage|p2a: Lapras|321\/463
|move|p2a: Lapras|Sing|p1a: Lapras|[miss]
|-miss|p2a: Lapras
|
|turn|6
|
|switch|p1a: Gengar|Gengar|323\/323
|move|p2a: Lapras|Sing|p1a: Gengar|[miss]
|-miss|p2a: Lapras
|
|turn|7
|join|shyguywarrior
|c|★Disaster Area|LaLaLaLapras
|c|★marcoasd|la la la porcodio
|c|★Disaster Area|LaLaLaFuckMyLuck
|c|★Disaster Area|xd
|
|switch|p2a: Golem|Golem|363\/363
|move|p1a: Gengar|Night Shade|p2a: Golem
|-damage|p2a: Golem|263\/363
|
|turn|8
|c|★Disaster Area|~~inb4 mega drain~~
|
|switch|p1a: Exeggutor|Exeggutor|237\/393 par
|move|p2a: Golem|Rock Slide|p1a: Exeggutor
|-damage|p1a: Exeggutor|129\/393 par
|
|turn|9
|
|switch|p2a: Alakazam|Alakazam|313\/313 slp
|move|p1a: Exeggutor|Stun Spore|p2a: Alakazam|[miss]
|-miss|p1a: Exeggutor
|
|turn|10
|c|★marcoasd|wise
|
|switch|p2a: Lapras|Lapras|321\/463
|cant|p1a: Exeggutor|par
|
|turn|11
|c|★marcoasd|awwww
|c|★Disaster Area|oh well
|
|switch|p1a: Gengar|Gengar|323\/323
|move|p2a: Lapras|Blizzard|p1a: Gengar
|-damage|p1a: Gengar|209\/323
|
|turn|12
|c|★Disaster Area|gengar the
|c|★Disaster Area|lapras counter?
|c|★Disaster Area|._.
|c|★Disaster Area|lol
|c|★Disaster Area|imagine
|c|★Disaster Area|gengar
|c|★Disaster Area|ghost\/ice type
|c|★Disaster Area|!
|c|★Disaster Area|gg
|c|★marcoasd|lol
|c|★marcoasd|btw
|c|★marcoasd|egg boomed
|
|switch|p2a: Golem|Golem|263\/363
|move|p1a: Gengar|Night Shade|p2a: Golem
|-damage|p2a: Golem|163\/363
|
|turn|13
|c|★Disaster Area|ah
|c|★Disaster Area|rip
|c|★marcoasd|ch mega drain
|c|★marcoasd|lol
|c|★Disaster Area|lol
|
|switch|p1a: Lapras|Lapras|463\/463
|move|p2a: Golem|Earthquake|p1a: Lapras
|-damage|p1a: Lapras|321\/463
|
|turn|14
|
|switch|p2a: Chansey|Chansey|703\/703
|move|p1a: Lapras|Blizzard|p2a: Chansey
|-damage|p2a: Chansey|575\/703
|
|turn|15
|
|switch|p1a: Chansey|Chansey|703\/703
|switch|p2a: Lapras|Lapras|321\/463
|
|turn|16
|
|switch|p1a: Gengar|Gengar|209\/323
|move|p2a: Lapras|Sing|p1a: Gengar|[miss]
|-miss|p2a: Lapras
|
|turn|17
|c|★Disaster Area|3rd time
|c|★Disaster Area|unlucky
|c|★Disaster Area|ugh
|
|move|p1a: Gengar|Thunderbolt|p2a: Lapras
|-supereffective|p2a: Lapras
|-damage|p2a: Lapras|150\/463
|move|p2a: Lapras|Blizzard|p1a: Gengar
|-damage|p1a: Gengar|101\/323
|
|turn|18
|
|switch|p1a: Lapras|Lapras|321\/463
|switch|p2a: Chansey|Chansey|575\/703
|
|turn|19
|
|move|p1a: Lapras|Confuse Ray|p2a: Chansey
|-start|p2a: Chansey|confusion
|-activate|p2a: Chansey|confusion
|-damage|p2a: Chansey|540\/703|[from] confusion
|
|turn|20
|
|switch|p2a: Lapras|Lapras|150\/463
|move|p1a: Lapras|Body Slam|p2a: Lapras
|-damage|p2a: Lapras|78\/463
|-status|p2a: Lapras|par
|
|turn|21
|c|★Disaster Area|LOL
|c|★marcoasd|èh
|c|★Disaster Area|>pokemon
|c|★marcoasd|pokemon'd hard
|
|switch|p2a: Chansey|Chansey|540\/703
|move|p1a: Lapras|Thunderbolt|p2a: Chansey
|-damage|p2a: Chansey|473\/703
|
|turn|22
|
|switch|p1a: Chansey|Chansey|703\/703
|move|p2a: Chansey|Soft-Boiled|p2a: Chansey
|-heal|p2a: Chansey|703\/703
|
|turn|23
|
|move|p2a: Chansey|Ice Beam|p1a: Chansey
|-damage|p1a: Chansey|632\/703
|move|p1a: Chansey|Thunder Wave|p2a: Chansey
|-status|p2a: Chansey|par
|
|turn|24
|
|move|p1a: Chansey|Seismic Toss|p2a: Chansey
|-damage|p2a: Chansey|603\/703 par
|move|p2a: Chansey|Thunderbolt|p1a: Chansey
|-damage|p1a: Chansey|552\/703
|
|turn|25
|
|switch|p1a: Snorlax|Snorlax|523\/523
|move|p2a: Chansey|Ice Beam|p1a: Snorlax
|-damage|p1a: Snorlax|426\/523
|-status|p1a: Snorlax|frz
|
|turn|26
|c|★Disaster Area|ok
|c|★marcoasd|AWWWW
|c|★Disaster Area|guess that's even
|c|★Disaster Area|but
|c|★Disaster Area|my fun mon
|c|★Disaster Area|would have preferred
|c|★Disaster Area|no hax to all hax
|c|★Disaster Area|lol
|
|switch|p1a: Chansey|Chansey|552\/703
|switch|p2a: Lapras|Lapras|78\/463 par
|
|turn|27
|c|★marcoasd|where porcodio happens
|
|move|p1a: Chansey|Seismic Toss|p2a: Lapras
|-damage|p2a: Lapras|0 fnt
|faint|p2a: Lapras
|
|switch|p2a: Chansey|Chansey|603\/703 par
|turn|28
|c|★Disaster Area|wait why tf
|c|★Disaster Area|did I do that
|c|★Disaster Area|rofl
|
|move|p1a: Chansey|Reflect|p1a: Chansey
|-start|p1a: Chansey|Reflect
|move|p2a: Chansey|Thunder Wave|p1a: Chansey
|-status|p1a: Chansey|par
|
|turn|29
|c|★marcoasd|asdasd
|
|switch|p2a: Vaporeon|Vaporeon|463\/463
|cant|p1a: Chansey|par
|
|turn|30
|c|★marcoasd|OH PLEASE
|c|★marcoasd|i'm gonna retire if i lose to this
|c|★Disaster Area|★marcoasd: OH PLEASE
|c|★Disaster Area|★marcoasd: OH PLEASE
|c|★Disaster Area|★marcoasd: OH PLEASE
|c|★Disaster Area|★marcoasd: OH PLEASE
|c|★Disaster Area|★marcoasd: OH PLEASE
|c|★Disaster Area|this is why
|c|★Disaster Area|hitting sing + not freezing lax >
|c|★Disaster Area|missing sing + freezing lax
|c|★Disaster Area|:'(
|c|★marcoasd|gengar, ch tbolt
|c|★marcoasd|forfeit
|c|★marcoasd|zapdos
|c|★marcoasd|forfeit
|c|★Disaster Area|idk if that
|c|★Disaster Area|even KOs
|c|★Disaster Area|lol
|c|★Disaster Area|I have
|c|★Disaster Area|golem
|join|Lutra
|c|★Disaster Area|for zapdos
|c|★Disaster Area|:>
|c|★Disaster Area|and u know
|c|★marcoasd|starmie
|c|★Disaster Area|starmie tbolt
|c|★marcoasd|forfeit
|c|★Disaster Area|only 4HKOs
|c|★Disaster Area|w\/o any crits
|c|★Disaster Area|:]
|c|★Disaster Area|and I can para u with my body slam o3o
|c|★marcoasd|pls
|
|switch|p2a: Alakazam|Alakazam|313\/313 slp
|move|p1a: Chansey|Thunder Wave|p2a: Alakazam
|-fail|p2a: Alakazam
|
|turn|31
|
|switch|p1a: Tauros|Tauros|353\/353
|-curestatus|p2a: Alakazam|slp
|
|turn|32
|c|★marcoasd|uh oh
|c|★Disaster Area|:^)
|
|switch|p1a: Chansey|Chansey|552\/703 par
|move|p2a: Alakazam|Thunder Wave|p1a: Chansey
|-fail|p1a: Chansey|par
|
|turn|33
|c|★Disaster Area|lol tbh
|c|★Disaster Area|I think I can win
|c|★Disaster Area|hmm
|c|★Disaster Area|vap vs tauros
|c|★Disaster Area|I wonder..
|c|★marcoasd|yeah but not thanks to vaporeon
|c|★Disaster Area|well ye cos the hax went
|c|★Disaster Area|the wrong way
|c|★Disaster Area|xD
|c|★Disaster Area|still
|c|★marcoasd|still
|c|★Disaster Area|it could work if I do a couple of things
|c|★marcoasd|you've got a long way to go
|c|★Disaster Area|i need to deal with
|c|★Disaster Area|lapras mostly
|c|★Disaster Area|for it
|c|★Disaster Area|in this game
|
|switch|p2a: Golem|Golem|163\/363
|move|p1a: Chansey|Reflect|p1a: Chansey
|-start|p1a: Chansey|Reflect
|
|turn|34
|
|switch|p2a: Chansey|Chansey|603\/703 par
|cant|p1a: Chansey|par
|
|turn|35
|
|cant|p2a: Chansey|par
|cant|p1a: Chansey|par
|
|turn|36
|c|★marcoasd|zzz
|
|move|p2a: Chansey|Thunderbolt|p1a: Chansey
|-crit|p1a: Chansey
|-damage|p1a: Chansey|413\/703 par
|move|p1a: Chansey|Seismic Toss|p2a: Chansey
|-damage|p2a: Chansey|503\/703 par
|
|turn|37
|
|move|p2a: Chansey|Soft-Boiled|p2a: Chansey
|-heal|p2a: Chansey|703\/703 par
|move|p1a: Chansey|Soft-Boiled|p1a: Chansey
|-heal|p1a: Chansey|703\/703 par
|
|turn|38
|c|★Disaster Area|this will be
|c|★Disaster Area|a bit of a dull stretch
|c|★Disaster Area|:\/
|
|move|p1a: Chansey|Seismic Toss|p2a: Chansey
|-damage|p2a: Chansey|603\/703 par
|move|p2a: Chansey|Ice Beam|p1a: Chansey
|-damage|p1a: Chansey|632\/703 par
|
|turn|39
|
|cant|p2a: Chansey|par
|move|p1a: Chansey|Seismic Toss|p2a: Chansey
|-damage|p2a: Chansey|503\/703 par
|
|turn|40
|
|cant|p1a: Chansey|par
|move|p2a: Chansey|Thunder Wave|p1a: Chansey
|-fail|p1a: Chansey|par
|
|turn|41
|
|move|p2a: Chansey|Thunder Wave|p1a: Chansey
|-fail|p1a: Chansey|par
|cant|p1a: Chansey|par
|
|turn|42
|
|cant|p1a: Chansey|par
|cant|p2a: Chansey|par
|
|turn|43
|
|move|p2a: Chansey|Ice Beam|p1a: Chansey
|-damage|p1a: Chansey|552\/703 par
|move|p1a: Chansey|Seismic Toss|p2a: Chansey
|-damage|p2a: Chansey|403\/703 par
|
|turn|44
|
|move|p2a: Chansey|Soft-Boiled|p2a: Chansey
|-heal|p2a: Chansey|703\/703 par
|move|p1a: Chansey|Seismic Toss|p2a: Chansey
|-damage|p2a: Chansey|603\/703 par
|
|turn|45
|
|move|p1a: Chansey|Reflect|p1a: Chansey
|-fail|p1a: Chansey
|cant|p2a: Chansey|par
|
|turn|46
|
|cant|p1a: Chansey|par
|move|p2a: Chansey|Thunder Wave|p1a: Chansey
|-fail|p1a: Chansey|par
|
|turn|47
|c|★Disaster Area|~~are you having fun yet?~~
|c|★marcoasd|i have more
|c|★marcoasd|zzz
|
|move|p2a: Chansey|Thunder Wave|p1a: Chansey
|-fail|p1a: Chansey|par
|move|p1a: Chansey|Reflect|p1a: Chansey
|-fail|p1a: Chansey
|
|turn|48
|
|cant|p2a: Chansey|par
|cant|p1a: Chansey|par
|
|turn|49
|
|cant|p2a: Chansey|par
|cant|p1a: Chansey|par
|
|turn|50
|
|move|p1a: Chansey|Reflect|p1a: Chansey
|-fail|p1a: Chansey
|cant|p2a: Chansey|par
|
|turn|51
|
|cant|p2a: Chansey|par
|move|p1a: Chansey|Seismic Toss|p2a: Chansey
|-damage|p2a: Chansey|503\/703 par
|
|turn|52
|
|cant|p2a: Chansey|par
|cant|p1a: Chansey|par
|
|turn|53
|
|move|p1a: Chansey|Reflect|p1a: Chansey
|-fail|p1a: Chansey
|move|p2a: Chansey|Soft-Boiled|p2a: Chansey
|-heal|p2a: Chansey|703\/703 par
|
|turn|54
|
|move|p1a: Chansey|Seismic Toss|p2a: Chansey
|-damage|p2a: Chansey|603\/703 par
|move|p2a: Chansey|Thunder Wave|p1a: Chansey
|-fail|p1a: Chansey|par
|
|turn|55
|
|cant|p2a: Chansey|par
|cant|p1a: Chansey|par
|
|turn|56
|
|move|p1a: Chansey|Seismic Toss|p2a: Chansey
|-damage|p2a: Chansey|503\/703 par
|move|p2a: Chansey|Thunder Wave|p1a: Chansey
|-fail|p1a: Chansey|par
|
|turn|57
|
|move|p1a: Chansey|Reflect|p1a: Chansey
|-fail|p1a: Chansey
|move|p2a: Chansey|Thunder Wave|p1a: Chansey
|-fail|p1a: Chansey|par
|
|turn|58
|
|move|p2a: Chansey|Soft-Boiled|p2a: Chansey
|-heal|p2a: Chansey|703\/703 par
|move|p1a: Chansey|Thunder Wave|p2a: Chansey
|-fail|p2a: Chansey|par
|
|turn|59
|
|move|p2a: Chansey|Ice Beam|p1a: Chansey
|-damage|p1a: Chansey|477\/703 par
|move|p1a: Chansey|Reflect|p1a: Chansey
|-fail|p1a: Chansey
|
|turn|60
|leave|Lutra
|
|move|p1a: Chansey|Seismic Toss|p2a: Chansey
|-damage|p2a: Chansey|603\/703 par
|cant|p2a: Chansey|par
|
|turn|61
|
|move|p1a: Chansey|Reflect|p1a: Chansey
|-fail|p1a: Chansey
|cant|p2a: Chansey|par
|
|turn|62
|
|move|p2a: Chansey|Thunder Wave|p1a: Chansey
|-fail|p1a: Chansey|par
|move|p1a: Chansey|Reflect|p1a: Chansey
|-fail|p1a: Chansey
|
|turn|63
|
|move|p2a: Chansey|Ice Beam|p1a: Chansey
|-damage|p1a: Chansey|408\/703 par
|move|p1a: Chansey|Soft-Boiled|p1a: Chansey
|-heal|p1a: Chansey|703\/703 par
|
|turn|64
|
|move|p1a: Chansey|Reflect|p1a: Chansey
|-fail|p1a: Chansey
|move|p2a: Chansey|Thunder Wave|p1a: Chansey
|-fail|p1a: Chansey|par
|
|turn|65
|
|cant|p2a: Chansey|par
|move|p1a: Chansey|Thunder Wave|p2a: Chansey
|-fail|p2a: Chansey|par
|
|turn|66
|
|switch|p2a: Golem|Golem|163\/363
|move|p1a: Chansey|Thunder Wave|p2a: Golem
|-immune|p2a: Golem|[msg]
|
|turn|67
|
|switch|p2a: Chansey|Chansey|603\/703 par
|move|p1a: Chansey|Seismic Toss|p2a: Chansey
|-damage|p2a: Chansey|503\/703 par
|
|turn|68
|
|switch|p1a: Tauros|Tauros|353\/353
|move|p2a: Chansey|Soft-Boiled|p2a: Chansey
|-heal|p2a: Chansey|703\/703 par
|
|turn|69
|
|switch|p1a: Chansey|Chansey|703\/703 par
|cant|p2a: Chansey|par
|
|turn|70
|
|switch|p2a: Golem|Golem|163\/363
|move|p1a: Chansey|Reflect|p1a: Chansey
|-start|p1a: Chansey|Reflect
|
|turn|71
|
|switch|p2a: Chansey|Chansey|703\/703 par
|move|p1a: Chansey|Seismic Toss|p2a: Chansey
|-damage|p2a: Chansey|603\/703 par
|
|turn|72
|
|cant|p1a: Chansey|par
|move|p2a: Chansey|Ice Beam|p1a: Chansey
|-damage|p1a: Chansey|630\/703 par
|
|turn|73
|
|move|p2a: Chansey|Thunder Wave|p1a: Chansey
|-fail|p1a: Chansey|par
|move|p1a: Chansey|Reflect|p1a: Chansey
|-fail|p1a: Chansey
|
|turn|74
|
|move|p1a: Chansey|Thunder Wave|p2a: Chansey
|-fail|p2a: Chansey|par
|move|p2a: Chansey|Thunder Wave|p1a: Chansey
|-fail|p1a: Chansey|par
|
|turn|75
|
|cant|p1a: Chansey|par
|move|p2a: Chansey|Thunder Wave|p1a: Chansey
|-fail|p1a: Chansey|par
|
|turn|76
|
|move|p2a: Chansey|Thunder Wave|p1a: Chansey
|-fail|p1a: Chansey|par
|move|p1a: Chansey|Thunder Wave|p2a: Chansey
|-fail|p2a: Chansey|par
|
|turn|77
|
|move|p2a: Chansey|Ice Beam|p1a: Chansey
|-damage|p1a: Chansey|552\/703 par
|move|p1a: Chansey|Thunder Wave|p2a: Chansey
|-fail|p2a: Chansey|par
|
|turn|78
|c|★Disaster Area|are you funning have yet?
|
|move|p1a: Chansey|Reflect|p1a: Chansey
|-fail|p1a: Chansey
|move|p2a: Chansey|Thunder Wave|p1a: Chansey
|-fail|p1a: Chansey|par
|
|turn|79
|
|cant|p2a: Chansey|par
|move|p1a: Chansey|Thunder Wave|p2a: Chansey
|-fail|p2a: Chansey|par
|
|turn|80
|
|move|p2a: Chansey|Thunder Wave|p1a: Chansey
|-fail|p1a: Chansey|par
|move|p1a: Chansey|Thunder Wave|p2a: Chansey
|-fail|p2a: Chansey|par
|
|turn|81
|
|move|p2a: Chansey|Thunder Wave|p1a: Chansey
|-fail|p1a: Chansey|par
|move|p1a: Chansey|Thunder Wave|p2a: Chansey
|-fail|p2a: Chansey|par
|
|turn|82
|
|cant|p2a: Chansey|par
|move|p1a: Chansey|Thunder Wave|p2a: Chansey
|-fail|p2a: Chansey|par
|
|turn|83
|
|move|p1a: Chansey|Thunder Wave|p2a: Chansey
|-fail|p2a: Chansey|par
|move|p2a: Chansey|Thunder Wave|p1a: Chansey
|-fail|p1a: Chansey|par
|
|turn|84
|
|cant|p2a: Chansey|par
|move|p1a: Chansey|Thunder Wave|p2a: Chansey
|-fail|p2a: Chansey|par
|
|turn|85
|
|move|p2a: Chansey|Thunder Wave|p1a: Chansey
|-fail|p1a: Chansey|par
|move|p1a: Chansey|Thunder Wave|p2a: Chansey
|-fail|p2a: Chansey|par
|
|turn|86
|
|move|p2a: Chansey|Thunder Wave|p1a: Chansey
|-fail|p1a: Chansey|par
|move|p1a: Chansey|Seismic Toss|p2a: Chansey
|-damage|p2a: Chansey|503\/703 par
|
|turn|87
|
|move|p1a: Chansey|Thunder Wave|p2a: Chansey
|-fail|p2a: Chansey|par
|move|p2a: Chansey|Soft-Boiled|p2a: Chansey
|-heal|p2a: Chansey|703\/703 par
|
|turn|88
|
|move|p1a: Chansey|Thunder Wave|p2a: Chansey
|-fail|p2a: Chansey|par
|cant|p2a: Chansey|par
|
|turn|89
|
|move|p1a: Chansey|Thunder Wave|p2a: Chansey
|-fail|p2a: Chansey|par
|move|p2a: Chansey|Thunderbolt|p1a: Chansey
|-damage|p1a: Chansey|478\/703 par
|
|turn|90
|
|move|p1a: Chansey|Reflect|p1a: Chansey
|-fail|p1a: Chansey
|move|p2a: Chansey|Thunderbolt|p1a: Chansey
|-crit|p1a: Chansey
|-damage|p1a: Chansey|328\/703 par
|
|turn|91
|
|switch|p2a: Golem|Golem|163\/363
|move|p1a: Chansey|Soft-Boiled|p1a: Chansey
|-heal|p1a: Chansey|679\/703 par
|
|turn|92
|
|switch|p2a: Chansey|Chansey|703\/703 par
|switch|p1a: Tauros|Tauros|353\/353
|
|turn|93
|c|★marcoasd|mi sono rotto il cazzoooo
|
|move|p1a: Tauros|Body Slam|p2a: Chansey
|-damage|p2a: Chansey|411\/703 par
|cant|p2a: Chansey|par
|
|turn|94
|
|move|p1a: Tauros|Earthquake|p2a: Chansey
|-damage|p2a: Chansey|192\/703 par
|move|p2a: Chansey|Thunder Wave|p1a: Tauros
|-status|p1a: Tauros|par
|
|turn|95
|c|★Disaster Area|:^)
|
|switch|p2a: Vaporeon|Vaporeon|463\/463
|move|p1a: Tauros|Earthquake|p2a: Vaporeon
|-damage|p2a: Vaporeon|351\/463
|
|turn|96
|c|★Disaster Area|nice damage
|
|move|p2a: Vaporeon|Acid Armor|p2a: Vaporeon
|-boost|p2a: Vaporeon|def|2
|move|p1a: Tauros|Body Slam|p2a: Vaporeon
|-damage|p2a: Vaporeon|285\/463
|-status|p2a: Vaporeon|par
|
|turn|97
|
|switch|p1a: Lapras|Lapras|321\/463
|cant|p2a: Vaporeon|par
|
|turn|98
|
|switch|p2a: Alakazam|Alakazam|313\/313
|move|p1a: Lapras|Thunderbolt|p2a: Alakazam
|-damage|p2a: Alakazam|257\/313
|
|turn|99
|
|switch|p1a: Chansey|Chansey|679\/703 par
|move|p2a: Alakazam|Thunder Wave|p1a: Chansey
|-fail|p1a: Chansey|par
|
|turn|100
|
|switch|p2a: Chansey|Chansey|192\/703 par
|move|p1a: Chansey|Seismic Toss|p2a: Chansey
|-damage|p2a: Chansey|92\/703 par
|
|turn|101
|
|switch|p1a: Tauros|Tauros|353\/353 par
|move|p2a: Chansey|Soft-Boiled|p2a: Chansey
|-heal|p2a: Chansey|443\/703 par
|
|turn|102
|
|switch|p2a: Tauros|Tauros|353\/353
|move|p1a: Tauros|Body Slam|p2a: Tauros
|-damage|p2a: Tauros|244\/353
|
|turn|103
|
|move|p2a: Tauros|Earthquake|p1a: Tauros
|-crit|p1a: Tauros
|-damage|p1a: Tauros|201\/353 par
|move|p1a: Tauros|Body Slam|p2a: Tauros
|-crit|p2a: Tauros
|-damage|p2a: Tauros|45\/353
|
|turn|104
|
|move|p2a: Tauros|Body Slam|p1a: Tauros
|-crit|p1a: Tauros
|-damage|p1a: Tauros|10\/353 par
|cant|p1a: Tauros|par
|
|turn|105
|c|★marcoasd|oh
|c|★Disaster Area|:O
|
|switch|p1a: Snorlax|Snorlax|426\/523 frz
|move|p2a: Tauros|Earthquake|p1a: Snorlax
|-damage|p1a: Snorlax|322\/523 frz
|
|turn|106
|
|switch|p2a: Vaporeon|Vaporeon|285\/463 par
|switch|p1a: Exeggutor|Exeggutor|129\/393 par
|
|turn|107
|
|move|p2a: Vaporeon|Ice Beam|p1a: Exeggutor
|-supereffective|p1a: Exeggutor
|-damage|p1a: Exeggutor|0 fnt
|faint|p1a: Exeggutor
|c|★Disaster Area|:^)
|
|switch|p1a: Lapras|Lapras|321\/463
|turn|108
|
|switch|p2a: Chansey|Chansey|443\/703 par
|move|p1a: Lapras|Body Slam|p2a: Chansey
|-damage|p2a: Chansey|277\/703 par
|
|turn|109
|
|move|p1a: Lapras|Confuse Ray|p2a: Chansey
|-start|p2a: Chansey|confusion
|-activate|p2a: Chansey|confusion
|move|p2a: Chansey|Thunder Wave|p1a: Lapras
|-status|p1a: Lapras|par
|
|turn|110
|c|★Disaster Area|★marcoasd: OH PLEASE
|c|★Disaster Area|★marcoasd: i'm gonna retire if i lose to this
|c|★Disaster Area|★marcoasd: OH PLEASE
|c|★Disaster Area|★marcoasd: i'm gonna retire if i lose to this
|c|★Disaster Area|★marcoasd: OH PLEASE
|c|★Disaster Area|★marcoasd: i'm gonna retire if i lose to this
|
|cant|p1a: Lapras|par
|-activate|p2a: Chansey|confusion
|-damage|p2a: Chansey|242\/703 par|[from] confusion
|
|turn|111
|
|switch|p1a: Tauros|Tauros|10\/353 par
|-end|p2a: Chansey|confusion
|move|p2a: Chansey|Soft-Boiled|p2a: Chansey
|-heal|p2a: Chansey|593\/703 par
|
|turn|112
|
|switch|p2a: Vaporeon|Vaporeon|285\/463 par
|cant|p1a: Tauros|par
|
|turn|113
|
|switch|p1a: Lapras|Lapras|321\/463 par
|move|p2a: Vaporeon|Body Slam|p1a: Lapras
|-damage|p1a: Lapras|263\/463 par
|
|turn|114
|
|switch|p2a: Chansey|Chansey|593\/703 par
|cant|p1a: Lapras|par
|
|turn|115
|c|★marcoasd|lol
|c|★Disaster Area|lol
|
|switch|p1a: Chansey|Chansey|679\/703 par
|move|p2a: Chansey|Thunderbolt|p1a: Chansey
|-damage|p1a: Chansey|610\/703 par
|
|turn|116
|
|switch|p2a: Vaporeon|Vaporeon|285\/463 par
|move|p1a: Chansey|Reflect|p1a: Chansey
|-start|p1a: Chansey|Reflect
|
|turn|117
|c|★marcoasd|should've stalled all day
|
|move|p2a: Vaporeon|Acid Armor|p2a: Vaporeon
|-boost|p2a: Vaporeon|def|2
|move|p1a: Chansey|Seismic Toss|p2a: Vaporeon
|-damage|p2a: Vaporeon|185\/463 par
|
|turn|118
|
|move|p2a: Vaporeon|Rest|p2a: Vaporeon
|-status|p2a: Vaporeon|slp
|-heal|p2a: Vaporeon|463\/463 slp|[silent]
|-status|p2a: Vaporeon|slp|[from] move: Rest
|move|p1a: Chansey|Seismic Toss|p2a: Vaporeon
|-damage|p2a: Vaporeon|363\/463 slp
|
|turn|119
|c|★Disaster Area|:]
|
|switch|p1a: Gengar|Gengar|101\/323
|cant|p2a: Vaporeon|slp
|
|turn|120
|
|switch|p1a: Tauros|Tauros|10\/353 par
|switch|p2a: Alakazam|Alakazam|257\/313
|
|turn|121
|
|switch|p1a: Chansey|Chansey|610\/703 par
|move|p2a: Alakazam|Psychic|p1a: Chansey
|-damage|p1a: Chansey|477\/703 par
|-unboost|p1a: Chansey|spd|1
|-unboost|p1a: Chansey|spa|1
|
|turn|122
|
|move|p2a: Alakazam|Psychic|p1a: Chansey
|-damage|p1a: Chansey|278\/703 par
|move|p1a: Chansey|Seismic Toss|p2a: Alakazam
|-damage|p2a: Alakazam|157\/313
|
|turn|123
|
|move|p2a: Alakazam|Psychic|p1a: Chansey
|-damage|p1a: Chansey|80\/703 par
|cant|p1a: Chansey|par
|
|turn|124
|c|★Disaster Area|★marcoasd: OH PLEASE
|c|★marcoasd|asd
|c|★Disaster Area|★marcoasd: i'm gonna retire if i lose to this
|c|★Disaster Area|:^)
|c|★marcoasd|gotta retire
|c|★Disaster Area|hf retiring
|
|switch|p1a: Snorlax|Snorlax|322\/523 frz
|move|p2a: Alakazam|Psychic|p1a: Snorlax
|-damage|p1a: Snorlax|139\/523 frz
|
|turn|125
|
|move|p2a: Alakazam|Recover|p2a: Alakazam
|-heal|p2a: Alakazam|313\/313
|cant|p1a: Snorlax|frz
|
|turn|126
|
|move|p2a: Alakazam|Seismic Toss|p1a: Snorlax
|-damage|p1a: Snorlax|39\/523 frz
|cant|p1a: Snorlax|frz
|
|turn|127
|
|move|p2a: Alakazam|Seismic Toss|p1a: Snorlax
|-damage|p1a: Snorlax|0 fnt
|faint|p1a: Snorlax
|
|switch|p1a: Lapras|Lapras|263\/463 par
|turn|128
|c|★Disaster Area|what sort of lax
|c|★Disaster Area|was it?
|
|switch|p2a: Chansey|Chansey|593\/703 par
|move|p1a: Lapras|Body Slam|p2a: Chansey
|-damage|p2a: Chansey|431\/703 par
|
|turn|129
|
|move|p1a: Lapras|Confuse Ray|p2a: Chansey
|-start|p2a: Chansey|confusion
|-activate|p2a: Chansey|confusion
|move|p2a: Chansey|Thunderbolt|p1a: Lapras
|-supereffective|p1a: Lapras
|-damage|p1a: Lapras|90\/463 par
|
|turn|130
|
|switch|p1a: Chansey|Chansey|80\/703 par
|switch|p2a: Tauros|Tauros|45\/353
|
|turn|131
|
|switch|p1a: Tauros|Tauros|10\/353 par
|move|p2a: Tauros|Body Slam|p1a: Tauros
|-damage|p1a: Tauros|0 fnt
|faint|p1a: Tauros
|
|switch|p1a: Gengar|Gengar|101\/323
|turn|132
|
|move|p1a: Gengar|Night Shade|p2a: Tauros
|-damage|p2a: Tauros|0 fnt
|faint|p2a: Tauros
|c|★marcoasd|g
|c|★marcoasd|g
|
|switch|p2a: Alakazam|Alakazam|313\/313
|turn|133
|c|★Disaster Area|gg
|
|switch|p1a: Lapras|Lapras|90\/463 par
|move|p2a: Alakazam|Psychic|p1a: Lapras
|-damage|p1a: Lapras|0 fnt
|faint|p1a: Lapras
|
|switch|p1a: Chansey|Chansey|80\/703 par
|turn|134
|
|move|p2a: Alakazam|Psychic|p1a: Chansey
|-damage|p1a: Chansey|0 fnt
|faint|p1a: Chansey
|
|switch|p1a: Gengar|Gengar|101\/323
|turn|135
|
|switch|p2a: Vaporeon|Vaporeon|363\/463 slp
|move|p1a: Gengar|Explosion|p2a: Vaporeon
|-crit|p2a: Vaporeon
|-damage|p2a: Vaporeon|0 fnt
|faint|p2a: Vaporeon
|faint|p1a: Gengar
|
|win|Disaster Area
|c|★Disaster Area|lol
|c|★marcoasd|what a shame
|leave|marcoasd
|player|p1
|c|★Disaster Area|lost my cat :'(
|leave|Disaster Area
|player|p2
|leave|shyguywarrior
|join|Disaster Area