|j|smilzo
|j|marcoasd
|player|p1|smilzo|157
|player|p2|marcoasd|169
|gametype|singles
|gen|1
|tier|[Gen 1] OU
|seed|63023,41775,15340,29773
|rule|Sleep Clause Mod: Limit one foe put to sleep
|rule|Freeze Clause Mod: Limit one foe frozen
|rule|Species Clause: Limit one of each Pokémon
|rule|OHKO Clause: OHKO moves are banned
|rule|Evasion Moves Clause: Evasion moves are banned
|rule|HP Percentage Mod: HP is shown in percentages
|
|start
|switch|p1a: Jynx|Jynx|333\/333
|switch|p2a: Jolteon|Jolteon, M|333\/333
|turn|1
|c|★smilzo|hf
|choice|move 1|move 2
|
|move|p2a: Jolteon|Thunder Wave|p1a: Jynx
|-status|p1a: Jynx|par
|move|p1a: Jynx|Lovely Kiss|p2a: Jolteon|[miss]
|-miss|p1a: Jynx
|
|turn|2
|choice|move 1|move 1
|
|move|p2a: Jolteon|Thunderbolt|p1a: Jynx
|-damage|p1a: Jynx|204\/333 par
|move|p1a: Jynx|Lovely Kiss|p2a: Jolteon
|-status|p2a: Jolteon|slp
|
|turn|3
|c|★marcoasd|mi sono divertito abbastanza
|c|★marcoasd|asd
|choice|move 2|switch 3
|
|switch|p2a: Starmie|Starmie|323\/323
|move|p1a: Jynx|Blizzard|p2a: Starmie
|-resisted|p2a: Starmie
|-damage|p2a: Starmie|249\/323
|
|turn|4
|c|★smilzo|lol
|choice|switch 4|move 2
|
|switch|p1a: Chansey|Chansey|703\/703
|move|p2a: Starmie|Thunderbolt|p1a: Chansey
|-crit|p1a: Chansey
|-damage|p1a: Chansey|559\/703
|-status|p1a: Chansey|par
|
|turn|5
|c|★smilzo|altro non poteva succedere
|choice|move 1|switch 6
|
|switch|p2a: Snorlax|Snorlax, M|523\/523
|move|p1a: Chansey|Thunder Wave|p2a: Snorlax
|-status|p2a: Snorlax|par
|
|turn|6
|choice|move 4|move 1
|
|cant|p1a: Chansey|par
|cant|p2a: Snorlax|par
|
|turn|7
|choice|move 4|move 1
|
|move|p1a: Chansey|Soft-Boiled|p1a: Chansey
|-heal|p1a: Chansey|703\/703 par
|move|p2a: Snorlax|Body Slam|p1a: Chansey
|-damage|p1a: Chansey|397\/703 par
|
|turn|8
|choice|move 4|move 1
|
|move|p1a: Chansey|Soft-Boiled|p1a: Chansey
|-heal|p1a: Chansey|703\/703 par
|cant|p2a: Snorlax|par
|
|turn|9
|choice|move 2|move 3
|
|cant|p2a: Snorlax|par
|cant|p1a: Chansey|par
|
|turn|10
|c|★marcoasd|avevo pigiato eq
|c|★smilzo|uffa
|c|★marcoasd|giuro
|c|★marcoasd|lol
|c|★smilzo|okok
|c|★marcoasd|comunque sullì fp è sempre pericoloso, prima avevo slammato
|j|LeInf
|c|★marcoasd|se stai in diversi turni lo capisco che hai counter
|c|★marcoasd|asd
|c|★smilzo|e,e
|choice|move 2|move 2
|
|move|p2a: Snorlax|Self-Destruct|p1a: Chansey
|-crit|p1a: Chansey
|-damage|p1a: Chansey|0 fnt
|faint|p1a: Chansey
|faint|p2a: Snorlax
|c|★smilzo|!
|j|Peasounay
|c|★marcoasd|E SE NE VADA FUORI DAI COJONI
|choice|switch 3|switch 6
|
|switch|p2a: Starmie|Starmie|249\/323
|switch|p1a: Exeggutor|Exeggutor, M|393\/393
|turn|11
|c|★marcoasd|https:\/\/www.youtube.com\/watch?v=gaNRhyP1QAc
|choice|move 2|move 3
|
|move|p2a: Starmie|Thunder Wave|p1a: Exeggutor
|-status|p1a: Exeggutor|par
|move|p1a: Exeggutor|Stun Spore|p2a: Starmie
|-status|p2a: Starmie|par
|
|turn|12
|choice|move 3|move 1
|
|cant|p2a: Starmie|par
|cant|p1a: Exeggutor|par
|
|turn|13
|choice|switch 4|move 1
|
|switch|p1a: Jynx|Jynx|204\/333 par
|move|p2a: Starmie|Blizzard|p1a: Jynx
|-crit|p1a: Jynx
|-resisted|p1a: Jynx
|-damage|p1a: Jynx|110\/333 par
|
|turn|14
|choice|move 4|move 4
|
|move|p2a: Starmie|Recover|p2a: Starmie
|-heal|p2a: Starmie|323\/323 par
|move|p1a: Jynx|Rest|p1a: Jynx
|-status|p1a: Jynx|slp
|-heal|p1a: Jynx|333\/333 slp|[silent]
|-status|p1a: Jynx|slp|[from] move: Rest
|
|turn|15
|choice|move 2|switch 4
|
|switch|p2a: Persian|Persian, M|333\/333
|cant|p1a: Jynx|slp
|
|turn|16
|c|★smilzo|ah
|c|★smilzo|brutta roba
|j|Nuvola Bianca
|c|★marcoasd|io fo delle cose vijacche
|choice|switch 2|move 1
|
|switch|p1a: Starmie|Starmie|323\/323
|move|p2a: Persian|Slash|p1a: Starmie
|-crit|p1a: Starmie
|-damage|p1a: Starmie|188\/323
|
|turn|17
|choice|move 4|switch 2
|
|switch|p2a: Exeggutor|Exeggutor, M|393\/393
|move|p1a: Starmie|Recover|p1a: Starmie
|-heal|p1a: Starmie|323\/323
|
|turn|18
|choice|switch 2|switch 4
|
|switch|p1a: Jynx|Jynx|333\/333 slp
|switch|p2a: Starmie|Starmie|323\/323 par
|
|turn|19
|choice|move 3|move 2
|
|-curestatus|p1a: Jynx|slp
|move|p2a: Starmie|Thunderbolt|p1a: Jynx
|-crit|p1a: Jynx
|-damage|p1a: Jynx|195\/333
|
|turn|20
|choice|move 3|move 3
|
|move|p1a: Jynx|Psychic|p2a: Starmie
|-crit|p2a: Starmie
|-resisted|p2a: Starmie
|-damage|p2a: Starmie|226\/323 par
|move|p2a: Starmie|Thunder Wave|p1a: Jynx
|-status|p1a: Jynx|par
|
|turn|21
|choice|move 3|move 2
|
|move|p2a: Starmie|Thunderbolt|p1a: Jynx
|-damage|p1a: Jynx|121\/333 par
|move|p1a: Jynx|Psychic|p2a: Starmie
|-crit|p2a: Starmie
|-resisted|p2a: Starmie
|-damage|p2a: Starmie|133\/323 par
|
|turn|22
|choice|move 4|move 4
|
|move|p2a: Starmie|Recover|p2a: Starmie
|-heal|p2a: Starmie|294\/323 par
|move|p1a: Jynx|Rest|p1a: Jynx
|-status|p1a: Jynx|slp
|-heal|p1a: Jynx|333\/333 slp|[silent]
|-status|p1a: Jynx|slp|[from] move: Rest
|
|turn|23
|choice|move 3|switch 5
|
|switch|p2a: Tauros|Tauros|353\/353
|cant|p1a: Jynx|slp
|
|turn|24
|choice|switch 5|move 1
|
|switch|p1a: Snorlax|Snorlax, M|523\/523
|move|p2a: Tauros|Body Slam|p1a: Snorlax
|-damage|p1a: Snorlax|392\/523
|
|turn|25
|choice|move 1|move 1
|
|move|p2a: Tauros|Body Slam|p1a: Snorlax
|-damage|p1a: Snorlax|268\/523
|move|p1a: Snorlax|Body Slam|p2a: Tauros
|-damage|p2a: Tauros|247\/353
|
|turn|26
|j|cybre
|choice|move 3|move 4
|
|move|p2a: Tauros|Blizzard|p1a: Snorlax
|-damage|p1a: Snorlax|174\/523
|move|p1a: Snorlax|Hyper Beam|p2a: Tauros
|-damage|p2a: Tauros|45\/353
|
|turn|27
|-mustrecharge|p1a: Snorlax
|-mustrecharge|p1a: Snorlax
|choice|move 1|move 3
|
|move|p2a: Tauros|Hyper Beam|p1a: Snorlax
|-damage|p1a: Snorlax|0 fnt
|faint|p1a: Snorlax
|choice|switch 2|
|
|switch|p1a: Starmie|Starmie|323\/323
|turn|28
|choice|move 2|switch 3
|
|switch|p2a: Jolteon|Jolteon, M|333\/333 slp
|move|p1a: Starmie|Thunderbolt|p2a: Jolteon
|-resisted|p2a: Jolteon
|-damage|p2a: Jolteon|299\/333 slp
|
|turn|29
|choice|switch 6|move 1
|
|switch|p1a: Tauros|Tauros|353\/353
|cant|p2a: Jolteon|slp
|
|turn|30
|l|cybre
|choice|move 1|switch 5
|
|switch|p2a: Starmie|Starmie|294\/323 par
|move|p1a: Tauros|Body Slam|p2a: Starmie
|-damage|p2a: Starmie|190\/323 par
|
|turn|31
|choice|switch 5|move 3
|
|switch|p1a: Jynx|Jynx|333\/333 slp
|move|p2a: Starmie|Thunder Wave|p1a: Jynx
|-fail|p1a: Jynx
|
|turn|32
|choice|move 3|move 4
|
|-curestatus|p1a: Jynx|slp
|move|p2a: Starmie|Recover|p2a: Starmie
|-heal|p2a: Starmie|323\/323 par
|
|turn|33
|choice|move 3|move 3
|
|move|p1a: Jynx|Psychic|p2a: Starmie
|-resisted|p2a: Starmie
|-damage|p2a: Starmie|270\/323 par
|move|p2a: Starmie|Thunder Wave|p1a: Jynx
|-status|p1a: Jynx|par
|
|turn|34
|choice|move 3|move 2
|
|cant|p2a: Starmie|par
|move|p1a: Jynx|Psychic|p2a: Starmie
|-resisted|p2a: Starmie
|-damage|p2a: Starmie|217\/323 par
|
|turn|35
|choice|move 3|move 4
|
|move|p2a: Starmie|Recover|p2a: Starmie
|-heal|p2a: Starmie|323\/323 par
|move|p1a: Jynx|Psychic|p2a: Starmie
|-resisted|p2a: Starmie
|-damage|p2a: Starmie|275\/323 par
|-unboost|p2a: Starmie|spd|1
|-unboost|p2a: Starmie|spa|1
|
|turn|36
|choice|move 2|move 2
|
|move|p1a: Jynx|Blizzard|p2a: Starmie
|-resisted|p2a: Starmie
|-damage|p2a: Starmie|175\/323 par
|move|p2a: Starmie|Thunderbolt|p1a: Jynx
|-damage|p1a: Jynx|285\/333 par
|
|turn|37
|choice|move 3|move 4
|
|move|p1a: Jynx|Psychic|p2a: Starmie
|-crit|p2a: Starmie
|-resisted|p2a: Starmie
|-damage|p2a: Starmie|70\/323 par
|cant|p2a: Starmie|par
|
|turn|38
|choice|move 2|move 4
|
|move|p1a: Jynx|Blizzard|p2a: Starmie
|-resisted|p2a: Starmie
|-damage|p2a: Starmie|0 fnt
|faint|p2a: Starmie
|choice||switch 3
|
|switch|p2a: Tauros|Tauros|45\/353
|turn|39
|choice|switch 4|move 3
|
|switch|p1a: Exeggutor|Exeggutor, M|393\/393 par
|move|p2a: Tauros|Hyper Beam|p1a: Exeggutor
|-damage|p1a: Exeggutor|199\/393 par
|
|turn|40
|-mustrecharge|p2a: Tauros
|-mustrecharge|p2a: Tauros
|choice|move 3|move 1
|
|cant|p2a: Tauros|recharge
|move|p1a: Exeggutor|Psychic|p2a: Tauros
|-damage|p2a: Tauros|0 fnt
|faint|p2a: Tauros
|choice||switch 2
|
|switch|p2a: Persian|Persian, M|333\/333
|turn|41
|choice|switch 6|move 1
|
|switch|p1a: Starmie|Starmie|323\/323
|move|p2a: Persian|Slash|p1a: Starmie
|-crit|p1a: Starmie
|-damage|p1a: Starmie|188\/323
|
|turn|42
|choice|move 3|switch 5
|
|switch|p2a: Jolteon|Jolteon, M|299\/333 slp
|move|p1a: Starmie|Thunder Wave|p2a: Jolteon
|-fail|p2a: Jolteon
|
|turn|43
|choice|move 4|move 1
|
|-curestatus|p2a: Jolteon|slp
|move|p1a: Starmie|Recover|p1a: Starmie
|-heal|p1a: Starmie|323\/323
|
|turn|44
|choice|switch 4|move 1
|
|switch|p1a: Jynx|Jynx|285\/333 par
|move|p2a: Jolteon|Thunderbolt|p1a: Jynx
|-damage|p1a: Jynx|169\/333 par
|
|turn|45
|choice|move 1|move 1
|
|move|p2a: Jolteon|Thunderbolt|p1a: Jynx
|-damage|p1a: Jynx|36\/333 par
|cant|p1a: Jynx|par
|
|turn|46
|c|★smilzo|mannaggia
|c|★marcoasd|frosinone culone
|choice|move 1|move 1
|
|move|p2a: Jolteon|Thunderbolt|p1a: Jynx
|-damage|p1a: Jynx|0 fnt
|faint|p1a: Jynx
|c|★marcoasd|mannnaggia la mnnn
|c| Nuvola Bianca|a quanto siete di punteggio ?
|c|★smilzo|9-18 per lui
|choice|switch 6|
|
|switch|p1a: Exeggutor|Exeggutor, M|199\/393 par
|turn|47
|c|★smilzo|non farmi scherzetti da jolteon pliz
|choice|move 1|move 4
|
|move|p2a: Jolteon|Pin Missile|p1a: Exeggutor
|-supereffective|p1a: Exeggutor
|-damage|p1a: Exeggutor|154\/393 par
|-damage|p1a: Exeggutor|109\/393 par
|-damage|p1a: Exeggutor|64\/393 par
|-hitcount|p1a: Exeggutor|3
|move|p1a: Exeggutor|Sleep Powder|p2a: Jolteon
|-status|p2a: Jolteon|slp
|
|turn|48
|c|★smilzo|grz
|choice|move 3|move 1
|
|-curestatus|p2a: Jolteon|slp
|move|p1a: Exeggutor|Psychic|p2a: Jolteon
|-damage|p2a: Jolteon|190\/333
|
|turn|49
|c|★marcoasd|lol
|c|★marcoasd|lo scoppio era doveroso imo
|c|★smilzo|e vaffanculo
|c|★smilzo|lol
|c|★smilzo|eh mi sa di si
|c|★marcoasd|PALO A PORTIERE BATTUTO
|j|Deidara95
|choice|move 4|move 4
|
|move|p2a: Jolteon|Pin Missile|p1a: Exeggutor
|-supereffective|p1a: Exeggutor
|-damage|p1a: Exeggutor|20\/393 par
|-damage|p1a: Exeggutor|0 fnt
|-hitcount|p1a: Exeggutor|2
|faint|p1a: Exeggutor
|choice|switch 5|
|
|switch|p1a: Tauros|Tauros|353\/353
|turn|50
|choice|move 2|switch 4
|
|switch|p2a: Exeggutor|Exeggutor, M|393\/393
|move|p1a: Tauros|Earthquake|p2a: Exeggutor
|-resisted|p2a: Exeggutor
|-damage|p2a: Exeggutor|348\/393
|
|turn|51
|choice|switch 4|move 4
|
|switch|p1a: Starmie|Starmie|323\/323
|move|p2a: Exeggutor|Explosion|p1a: Starmie
|-damage|p1a: Starmie|19\/323
|faint|p2a: Exeggutor
|choice||switch 4
|
|switch|p2a: Jolteon|Jolteon, M|190\/333
|turn|52
|choice|move 3|move 1
|
|move|p2a: Jolteon|Thunderbolt|p1a: Starmie
|-supereffective|p1a: Starmie
|-damage|p1a: Starmie|0 fnt
|faint|p1a: Starmie
|choice|switch 4|
|
|switch|p1a: Tauros|Tauros|353\/353
|turn|53
|choice|move 2|move 1
|
|move|p2a: Jolteon|Thunderbolt|p1a: Tauros
|-damage|p1a: Tauros|203\/353
|move|p1a: Tauros|Earthquake|p2a: Jolteon
|-supereffective|p2a: Jolteon
|-damage|p2a: Jolteon|0 fnt
|faint|p2a: Jolteon
|choice||switch 5
|
|switch|p2a: Persian|Persian, M|333\/333
|turn|54
|c|★marcoasd|vai gatto di merda
|c|★smilzo|pigliamo sto crit
|choice|move 3|move 1
|
|move|p2a: Persian|Slash|p1a: Tauros
|-crit|p1a: Tauros
|-damage|p1a: Tauros|71\/353
|move|p1a: Tauros|Hyper Beam|p2a: Persian
|-damage|p2a: Persian|111\/333
|
|turn|55
|-mustrecharge|p1a: Tauros
|-mustrecharge|p1a: Tauros
|c|★marcoasd|k gg
|c|★smilzo|niente
|c|★smilzo|gg
|choice|move 1|move 1
|
|move|p2a: Persian|Slash|p1a: Tauros
|-crit|p1a: Tauros
|-damage|p1a: Tauros|0 fnt
|faint|p1a: Tauros
|
|win|marcoasd
|player|p1
|player|p2
|l|Nuvola Bianca
|l|smilzo
|j|smilzo
|l|marcoasd