|join|Life's Pointless
|join|SonicJaxx
|player|p1|Life's Pointless|95
|player|p2|SonicJaxx|80
|gametype|singles
|gen|1
|tier|[Gen 1] Random Battle
|rated
|rule|Sleep Clause Mod: Limit one foe put to sleep
|rule|Freeze Clause Mod: Limit one foe frozen
|rule|HP Percentage Mod: HP is shown in percentages
|
|start
|switch|p1a: Machamp|Machamp, L90|345\/345
|switch|p2a: Raichu|Raichu, L85|276\/276
|turn|1
|
|move|p2a: Raichu|Thunderbolt|p1a: Machamp
|-damage|p1a: Machamp|231\/345
|move|p1a: Machamp|Earthquake|p2a: Raichu
|-supereffective|p2a: Raichu
|-damage|p2a: Raichu|25\/276
|
|turn|2
|
|switch|p2a: Metapod|Metapod, L99|300\/300
|move|p1a: Machamp|Body Slam|p2a: Metapod
|-damage|p2a: Metapod|210\/300
|
|turn|3
|
|move|p1a: Machamp|Rock Slide|p2a: Metapod
|-supereffective|p2a: Metapod
|-damage|p2a: Metapod|43\/300
|move|p2a: Metapod|String Shot|p1a: Machamp
|-unboost|p1a: Machamp|spe|1
|
|turn|4
|
|move|p2a: Metapod|Tackle|p1a: Machamp
|-damage|p1a: Machamp|216\/345
|move|p1a: Machamp|Body Slam|p2a: Metapod
|-crit|p2a: Metapod
|-damage|p2a: Metapod|0 fnt
|faint|p2a: Metapod
|
|switch|p2a: Machoke|Machoke, L85|310\/310
|turn|5
|
|move|p2a: Machoke|Double-Edge|p1a: Machamp
|-damage|p1a: Machamp|146\/345
|-damage|p2a: Machoke|293\/310|[from] recoil|[of] p1a: Machamp
|move|p1a: Machamp|Body Slam|p2a: Machoke
|-damage|p2a: Machoke|188\/310
|
|turn|6
|
|move|p2a: Machoke|Double-Edge|p1a: Machamp
|-damage|p1a: Machamp|66\/345
|-damage|p2a: Machoke|168\/310|[from] recoil|[of] p1a: Machamp
|move|p1a: Machamp|Body Slam|p2a: Machoke
|-damage|p2a: Machoke|74\/310
|
|turn|7
|
|move|p2a: Machoke|Double-Edge|p1a: Machamp
|-damage|p1a: Machamp|0 fnt
|-damage|p2a: Machoke|58\/310|[from] recoil|[of] p1a: Machamp
|faint|p1a: Machamp
|
|switch|p1a: Dugtrio|Dugtrio, L85|233\/233
|turn|8
|
|move|p1a: Dugtrio|Earthquake|p2a: Machoke
|-damage|p2a: Machoke|0 fnt
|faint|p2a: Machoke
|
|switch|p2a: Seel|Seel, L96|320\/320
|turn|9
|
|switch|p1a: Kingler|Kingler, L85|267\/267
|move|p2a: Seel|Surf|p1a: Kingler
|-resisted|p1a: Kingler
|-damage|p1a: Kingler|193\/267
|
|turn|10
|
|move|p1a: Kingler|Body Slam|p2a: Seel
|-damage|p2a: Seel|226\/320
|-status|p2a: Seel|par
|move|p2a: Seel|Body Slam|p1a: Kingler
|-damage|p1a: Kingler|151\/267
|-status|p1a: Kingler|par
|
|turn|11
|
|move|p1a: Kingler|Body Slam|p2a: Seel
|-damage|p2a: Seel|132\/320 par
|move|p2a: Seel|Body Slam|p1a: Kingler
|-damage|p1a: Kingler|109\/267 par
|
|turn|12
|
|cant|p1a: Kingler|par
|move|p2a: Seel|Body Slam|p1a: Kingler
|-damage|p1a: Kingler|69\/267 par
|
|turn|13
|
|move|p1a: Kingler|Hyper Beam|p2a: Seel
|-damage|p2a: Seel|0 fnt
|faint|p2a: Seel
|-message|SonicJaxx lost due to inactivity.
|
|win|Life's Pointless
|raw|Ladder updating...
|raw|Life&apos;s Pointless's rating: 1370 &rarr; <strong>1385<\/strong><br \/>(+15 for winning)
|raw|SonicJaxx's rating: 1275 &rarr; <strong>1257<\/strong><br \/>(-18 for losing)
|leave|SonicJaxx
|player|p2
|c|★Life's Pointless|s t a l l e r . . .