|j|MALESANI
|j|ric30
|player|p1|MALESANI|238
|player|p2|ric30|226
|gametype|singles
|gen|1
|tier|[Gen 1] Random Battle
|rated
|seed|317,22196,31151,15116
|rule|Sleep Clause Mod: Limit one foe put to sleep
|rule|Freeze Clause Mod: Limit one foe frozen
|rule|HP Percentage Mod: HP is shown in percentages
|
|start
|switch|p1a: Drowzee|Drowzee, L96|310\/310
|switch|p2a: Kabuto|Kabuto, L96|252\/252
|turn|1
|choice|move 4|move 2
|
|move|p2a: Kabuto|Slash|p1a: Drowzee
|-crit|p1a: Drowzee
|-damage|p1a: Drowzee|177\/310
|move|p1a: Drowzee|Psychic|p2a: Kabuto
|-damage|p2a: Kabuto|98\/252
|
|turn|2
|choice|move 4|move 2
|
|move|p2a: Kabuto|Slash|p1a: Drowzee
|-crit|p1a: Drowzee
|-damage|p1a: Drowzee|40\/310
|move|p1a: Drowzee|Psychic|p2a: Kabuto
|-damage|p2a: Kabuto|0 fnt
|faint|p2a: Kabuto
|choice||switch 4
|
|switch|p2a: Poliwhirl|Poliwhirl, L85|284\/284
|turn|3
|choice|move 1|move 4
|
|move|p2a: Poliwhirl|Surf|p1a: Drowzee
|-damage|p1a: Drowzee|0 fnt
|faint|p1a: Drowzee
|choice|switch 2|
|
|switch|p1a: Gengar|Gengar, L79|257\/257
|turn|4
|choice|move 1|switch 6
|
|switch|p2a: Tangela|Tangela, L85|284\/284
|move|p1a: Gengar|Hypnosis|p2a: Tangela|[miss]
|-miss|p1a: Gengar
|
|turn|5
|choice|move 1|move 2
|
|move|p1a: Gengar|Hypnosis|p2a: Tangela
|-status|p2a: Tangela|slp
|cant|p2a: Tangela|slp
|
|turn|6
|choice|move 4|switch 5
|
|switch|p2a: Kadabra|Kadabra, L85|242\/242
|move|p1a: Gengar|Thunderbolt|p2a: Kadabra
|-damage|p2a: Kadabra|188\/242
|
|turn|7
|choice|switch 4|move 1
|
|switch|p1a: Metapod|Metapod, L99|300\/300
|move|p2a: Kadabra|Psychic|p1a: Metapod
|-damage|p1a: Metapod|121\/300
|-unboost|p1a: Metapod|spd|1
|-unboost|p1a: Metapod|spa|1
|
|turn|8
|choice|move 2|move 1
|
|move|p2a: Kadabra|Psychic|p1a: Metapod
|-damage|p1a: Metapod|0 fnt
|faint|p1a: Metapod
|choice|switch 5|
|
|switch|p1a: Rhydon|Rhydon, L79|328\/328
|turn|9
|choice|move 4|switch 6
|
|switch|p2a: Poliwhirl|Poliwhirl, L85|284\/284
|move|p1a: Rhydon|Body Slam|p2a: Poliwhirl
|-damage|p2a: Poliwhirl|212\/284
|-status|p2a: Poliwhirl|par
|
|turn|10
|choice|switch 4|move 4
|
|switch|p1a: Gengar|Gengar, L79|257\/257
|move|p2a: Poliwhirl|Surf|p1a: Gengar
|-damage|p1a: Gengar|201\/257
|
|turn|11
|choice|move 4|switch 6
|
|switch|p2a: Kadabra|Kadabra, L85|188\/242
|move|p1a: Gengar|Thunderbolt|p2a: Kadabra
|-damage|p2a: Kadabra|134\/242
|
|turn|12
|choice|switch 6|move 1
|
|switch|p1a: Exeggutor|Exeggutor, L79|312\/312
|move|p2a: Kadabra|Psychic|p1a: Exeggutor
|-crit|p1a: Exeggutor
|-resisted|p1a: Exeggutor
|-damage|p1a: Exeggutor|216\/312
|-unboost|p1a: Exeggutor|spd|1
|-unboost|p1a: Exeggutor|spa|1
|
|turn|13
|choice|move 4|move 1
|
|move|p2a: Kadabra|Psychic|p1a: Exeggutor
|-resisted|p1a: Exeggutor
|-damage|p1a: Exeggutor|139\/312
|move|p1a: Exeggutor|Hyper Beam|p2a: Kadabra
|-damage|p2a: Kadabra|0 fnt
|faint|p2a: Kadabra
|choice||switch 6
|
|switch|p2a: Poliwhirl|Poliwhirl, L85|212\/284 par
|turn|14
|choice|move 2|move 3
|
|move|p1a: Exeggutor|Psychic|p2a: Poliwhirl
|-damage|p2a: Poliwhirl|126\/284 par
|-unboost|p2a: Poliwhirl|spd|1
|-unboost|p2a: Poliwhirl|spa|1
|move|p2a: Poliwhirl|Blizzard|p1a: Exeggutor
|-supereffective|p1a: Exeggutor
|-damage|p1a: Exeggutor|34\/312
|
|turn|15
|choice|move 4|move 3
|
|move|p1a: Exeggutor|Hyper Beam|p2a: Poliwhirl|[miss]
|-miss|p1a: Exeggutor
|cant|p2a: Poliwhirl|par
|
|turn|16
|choice|move 4|switch 2
|
|switch|p2a: Muk|Muk, L90|372\/372
|move|p1a: Exeggutor|Hyper Beam|p2a: Muk
|-damage|p2a: Muk|278\/372
|
|turn|17
|-mustrecharge|p1a: Exeggutor
|-mustrecharge|p1a: Exeggutor
|choice|move 1|move 3
|
|move|p2a: Muk|Body Slam|p1a: Exeggutor
|-damage|p1a: Exeggutor|0 fnt
|faint|p1a: Exeggutor
|choice|switch 6|
|
|switch|p1a: Gengar|Gengar, L79|201\/257
|turn|18
|choice|move 3|switch 3
|
|switch|p2a: Dragonite|Dragonite, L85|328\/328
|move|p1a: Gengar|Psychic|p2a: Dragonite
|-damage|p2a: Dragonite|268\/328
|
|turn|19
|choice|move 3|move 1
|
|move|p1a: Gengar|Psychic|p2a: Dragonite
|-damage|p2a: Dragonite|202\/328
|move|p2a: Dragonite|Blizzard|p1a: Gengar
|-crit|p1a: Gengar
|-damage|p1a: Gengar|50\/257
|
|turn|20
|choice|switch 4|move 1
|
|switch|p1a: Rhydon|Rhydon, L79|328\/328
|move|p2a: Dragonite|Blizzard|p1a: Rhydon
|-supereffective|p1a: Rhydon
|-damage|p1a: Rhydon|57\/328
|
|turn|21
|choice|move 2|move 1
|
|move|p2a: Dragonite|Blizzard|p1a: Rhydon
|-crit|p1a: Rhydon
|-supereffective|p1a: Rhydon
|-damage|p1a: Rhydon|0 fnt
|faint|p1a: Rhydon
|choice|switch 3|
|
|switch|p1a: Articuno|Articuno, L79|304\/304
|turn|22
|choice|move 1|switch 2
|
|switch|p2a: Poliwhirl|Poliwhirl, L85|126\/284 par
|move|p1a: Articuno|Blizzard|p2a: Poliwhirl|[miss]
|-miss|p1a: Articuno
|
|turn|23
|choice|move 1|move 1
|
|move|p1a: Articuno|Blizzard|p2a: Poliwhirl
|-resisted|p2a: Poliwhirl
|-damage|p2a: Poliwhirl|38\/284 par
|move|p2a: Poliwhirl|Amnesia|p2a: Poliwhirl
|-boost|p2a: Poliwhirl|spd|2
|-boost|p2a: Poliwhirl|spa|2
|
|turn|24
|choice|move 1|move 4
|
|move|p1a: Articuno|Blizzard|p2a: Poliwhirl
|-resisted|p2a: Poliwhirl
|-damage|p2a: Poliwhirl|0 fnt
|faint|p2a: Poliwhirl
|choice||switch 3
|
|switch|p2a: Muk|Muk, L90|278\/372
|turn|25
|choice|switch 4|move 3
|
|switch|p1a: Gengar|Gengar, L79|50\/257
|move|p2a: Muk|Body Slam|p1a: Gengar
|-immune|p1a: Gengar|[msg]
|
|turn|26
|choice|move 3|switch 2
|
|switch|p2a: Dragonite|Dragonite, L85|202\/328
|move|p1a: Gengar|Psychic|p2a: Dragonite
|-damage|p2a: Dragonite|144\/328
|-unboost|p2a: Dragonite|spd|1
|-unboost|p2a: Dragonite|spa|1
|
|turn|27
|choice|switch 4|move 1
|
|switch|p1a: Articuno|Articuno, L79|304\/304
|move|p2a: Dragonite|Blizzard|p1a: Articuno
|-crit|p1a: Articuno
|-damage|p1a: Articuno|154\/304
|
|turn|28
|choice|move 1|switch 5
|
|switch|p2a: Tangela|Tangela, L85|284\/284 slp
|move|p1a: Articuno|Blizzard|p2a: Tangela
|-supereffective|p2a: Tangela
|-damage|p2a: Tangela|38\/284 slp
|
|turn|29
|choice|switch 4|move 3
|
|switch|p1a: Gengar|Gengar, L79|50\/257
|cant|p2a: Tangela|slp
|
|turn|30
|choice|move 3|switch 5
|
|switch|p2a: Dragonite|Dragonite, L85|144\/328
|move|p1a: Gengar|Psychic|p2a: Dragonite
|-crit|p2a: Dragonite
|-damage|p2a: Dragonite|13\/328
|
|turn|31
|choice|move 4|move 3
|
|move|p1a: Gengar|Thunderbolt|p2a: Dragonite
|-damage|p2a: Dragonite|0 fnt
|faint|p2a: Dragonite
|choice||switch 2
|
|switch|p2a: Muk|Muk, L90|278\/372
|turn|32
|choice|move 3|move 4
|
|move|p1a: Gengar|Psychic|p2a: Muk
|-supereffective|p2a: Muk
|-damage|p2a: Muk|120\/372
|move|p2a: Muk|Mega Drain|p1a: Gengar
|-resisted|p1a: Gengar
|-damage|p1a: Gengar|40\/257
|-heal|p2a: Muk|125\/372|[from] drain|[of] p1a: Gengar
|
|turn|33
|choice|move 3|move 4
|
|move|p1a: Gengar|Psychic|p2a: Muk
|-crit|p2a: Muk
|-supereffective|p2a: Muk
|-damage|p2a: Muk|0 fnt
|faint|p2a: Muk
|choice||switch 5
|
|switch|p2a: Tangela|Tangela, L85|38\/284 slp
|turn|34
|choice|move 2|move 2
|
|move|p1a: Gengar|Explosion|p2a: Tangela
|-damage|p2a: Tangela|0 fnt
|faint|p2a: Tangela
|faint|p1a: Gengar
|
|win|MALESANI
|raw|MALESANI's rating: 1409 &rarr; <strong>1426<\/strong><br \/>(+17 for winning)
|raw|ric30's rating: 1351 &rarr; <strong>1335<\/strong><br \/>(-16 for losing)