|j|Jocktillery
|j|dirkaka
|player|p1|Jocktillery|281
|player|p2|dirkaka|153
|gametype|singles
|gen|1
|tier|[Gen 1] OU
|rated
|seed|
|rule|Sleep Clause Mod: Limit one foe put to sleep
|rule|Freeze Clause Mod: Limit one foe frozen
|rule|Species Clause: Limit one of each Pokémon
|rule|OHKO Clause: OHKO moves are banned
|rule|Evasion Moves Clause: Evasion moves are banned
|rule|HP Percentage Mod: HP is shown in percentages
|
|start
|switch|p1a: Spoon Fed|Alakazam|100\/100
|switch|p2a: $50\/hr|Jynx|100\/100
|turn|1
|choice||
|
|switch|p2a: Asian Mark Henry|Chansey|100\/100
|move|p1a: Spoon Fed|Thunder Wave|p2a: Asian Mark Henry
|-status|p2a: Asian Mark Henry|par
|
|turn|2
|choice||
|
|switch|p1a: Hitmonlee|Hitmonlee|100\/100
|cant|p2a: Asian Mark Henry|par
|
|turn|3
|choice||
|
|switch|p2a: Frozen|Slowbro|100\/100
|move|p1a: Hitmonlee|Double Kick|p2a: Frozen
|-crit|p2a: Frozen
|-resisted|p2a: Frozen
|-damage|p2a: Frozen|91\/100
|-damage|p2a: Frozen|81\/100
|-hitcount|p2a: Frozen|2
|
|turn|4
|choice||
|
|switch|p1a: Spoon Fed|Alakazam|100\/100
|move|p2a: Frozen|Ice Beam|p1a: Spoon Fed
|-damage|p1a: Spoon Fed|85\/100
|
|turn|5
|choice||
|
|switch|p2a: Asian Mark Henry|Chansey|100\/100 par
|move|p1a: Spoon Fed|Seismic Toss|p2a: Asian Mark Henry
|-damage|p2a: Asian Mark Henry|86\/100 par
|
|turn|6
|choice||
|
|switch|p1a: Hitmonlee|Hitmonlee|100\/100
|move|p2a: Asian Mark Henry|Ice Beam|p1a: Hitmonlee
|-damage|p1a: Hitmonlee|53\/100
|
|turn|7
|choice||
|
|switch|p2a: Frozen|Slowbro|81\/100
|move|p1a: Hitmonlee|Meditate|p1a: Hitmonlee
|-boost|p1a: Hitmonlee|atk|1
|
|turn|8
|choice||
|
|switch|p1a: Exeggutor|Exeggutor|100\/100
|move|p2a: Frozen|Earthquake|p1a: Exeggutor
|-resisted|p1a: Exeggutor
|-damage|p1a: Exeggutor|92\/100
|
|turn|9
|choice||
|
|switch|p2a: Not Fat Just Big B|Snorlax|100\/100
|move|p1a: Exeggutor|Egg Bomb|p2a: Not Fat Just Big B|[miss]
|-miss|p1a: Exeggutor
|
|turn|10
|choice||
|
|move|p1a: Exeggutor|Toxic|p2a: Not Fat Just Big B
|-status|p2a: Not Fat Just Big B|tox
|move|p2a: Not Fat Just Big B|Earthquake|p1a: Exeggutor
|-resisted|p1a: Exeggutor
|-damage|p1a: Exeggutor|80\/100
|-damage|p2a: Not Fat Just Big B|94\/100 tox|[from] tox|[of] p1a: Exeggutor
|
|turn|11
|choice||
|
|move|p1a: Exeggutor|Leech Seed|p2a: Not Fat Just Big B
|-start|p2a: Not Fat Just Big B|move: Leech Seed
|move|p2a: Not Fat Just Big B|Thunderbolt|p1a: Exeggutor
|-resisted|p1a: Exeggutor
|-damage|p1a: Exeggutor|73\/100
|-damage|p2a: Not Fat Just Big B|82\/100 tox|[from] tox|[of] p1a: Exeggutor
|-damage|p2a: Not Fat Just Big B|64\/100 tox|[from] Leech Seed|[of] p1a: Exeggutor
|-heal|p1a: Exeggutor|98\/100|[silent]
|
|turn|12
|choice||
|
|move|p1a: Exeggutor|Egg Bomb|p2a: Not Fat Just Big B
|-damage|p2a: Not Fat Just Big B|45\/100 tox
|move|p2a: Not Fat Just Big B|Rest|p2a: Not Fat Just Big B
|-status|p2a: Not Fat Just Big B|slp
|-heal|p2a: Not Fat Just Big B|100\/100 slp|[silent]
|-status|p2a: Not Fat Just Big B|slp|[from] move: Rest
|-damage|p2a: Not Fat Just Big B|76\/100 slp|[from] Leech Seed|[of] p1a: Exeggutor
|-heal|p1a: Exeggutor|100\/100|[silent]
|
|turn|13
|choice||
|
|move|p1a: Exeggutor|Egg Bomb|p2a: Not Fat Just Big B|[miss]
|-miss|p1a: Exeggutor
|cant|p2a: Not Fat Just Big B|slp
|-damage|p2a: Not Fat Just Big B|45\/100 slp|[from] Leech Seed|[of] p1a: Exeggutor
|
|turn|14
|choice||
|
|switch|p2a: Frozen|Slowbro|81\/100
|move|p1a: Exeggutor|Egg Bomb|p2a: Frozen
|-damage|p2a: Frozen|63\/100
|
|turn|15
|choice||
|
|switch|p1a: Lapras|Lapras|100\/100
|move|p2a: Frozen|Ice Beam|p1a: Lapras
|-resisted|p1a: Lapras
|-damage|p1a: Lapras|97\/100
|
|turn|16
|choice||
|
|switch|p2a: Asian Mark Henry|Chansey|86\/100 par
|move|p1a: Lapras|Thunderbolt|p2a: Asian Mark Henry
|-damage|p2a: Asian Mark Henry|76\/100 par
|
|turn|17
|choice||
|
|switch|p1a: Exeggutor|Exeggutor|100\/100
|move|p2a: Asian Mark Henry|Thunderbolt|p1a: Exeggutor
|-resisted|p1a: Exeggutor
|-damage|p1a: Exeggutor|93\/100
|
|turn|18
|choice||
|
|move|p1a: Exeggutor|Egg Bomb|p2a: Asian Mark Henry
|-damage|p2a: Asian Mark Henry|46\/100 par
|move|p2a: Asian Mark Henry|Ice Beam|p1a: Exeggutor
|-supereffective|p1a: Exeggutor
|-damage|p1a: Exeggutor|60\/100
|
|turn|19
|choice||
|
|switch|p1a: Charizard|Charizard|100\/100
|switch|p2a: Armoured Weapon|Cloyster|100\/100
|
|turn|20
|choice||
|
|switch|p1a: Lapras|Lapras|97\/100
|move|p2a: Armoured Weapon|Blizzard|p1a: Lapras
|-resisted|p1a: Lapras
|-damage|p1a: Lapras|90\/100
|
|turn|21
|choice||
|
|switch|p2a: Asian Mark Henry|Chansey|46\/100 par
|move|p1a: Lapras|Thunderbolt|p2a: Asian Mark Henry
|-damage|p2a: Asian Mark Henry|36\/100 par
|
|turn|22
|choice||
|
|move|p1a: Lapras|Surf|p2a: Asian Mark Henry
|-damage|p2a: Asian Mark Henry|21\/100 par
|move|p2a: Asian Mark Henry|Soft-Boiled|p2a: Asian Mark Henry
|-heal|p2a: Asian Mark Henry|71\/100 par
|
|turn|23
|choice||
|
|switch|p1a: Hitmonlee|Hitmonlee|53\/100
|cant|p2a: Asian Mark Henry|par
|
|turn|24
|choice||
|
|switch|p2a: Frozen|Slowbro|63\/100
|move|p1a: Hitmonlee|Skull Bash|p2a: Frozen|[still]
|-prepare|p1a: Hitmonlee|Skull Bash|p2a: Frozen
|
|turn|25
|choice||
|
|move|p1a: Hitmonlee|Skull Bash|p2a: Frozen|[from]Skull Bash
|-damage|p2a: Frozen|40\/100
|move|p2a: Frozen|Earthquake|p1a: Hitmonlee
|-damage|p1a: Hitmonlee|21\/100
|
|turn|26
|choice||
|
|switch|p1a: Exeggutor|Exeggutor|60\/100
|move|p2a: Frozen|Rest|p2a: Frozen
|-status|p2a: Frozen|slp
|-heal|p2a: Frozen|100\/100 slp|[silent]
|-status|p2a: Frozen|slp|[from] move: Rest
|
|turn|27
|choice||
|
|switch|p2a: Armoured Weapon|Cloyster|100\/100
|move|p1a: Exeggutor|Leech Seed|p2a: Armoured Weapon
|-start|p2a: Armoured Weapon|move: Leech Seed
|
|turn|28
|choice||
|
|switch|p1a: Lapras|Lapras|90\/100
|move|p2a: Armoured Weapon|Blizzard|p1a: Lapras
|-resisted|p1a: Lapras
|-damage|p1a: Lapras|84\/100
|-damage|p2a: Armoured Weapon|95\/100|[from] Leech Seed|[of] p1a: Lapras
|-heal|p1a: Lapras|88\/100|[silent]
|
|turn|29
|choice||
|
|switch|p2a: Asian Mark Henry|Chansey|71\/100 par
|move|p1a: Lapras|Thunderbolt|p2a: Asian Mark Henry
|-damage|p2a: Asian Mark Henry|61\/100 par
|
|turn|30
|choice||
|
|move|p1a: Lapras|Reflect|p1a: Lapras
|-start|p1a: Lapras|Reflect
|move|p2a: Asian Mark Henry|Ice Beam|p1a: Lapras
|-resisted|p1a: Lapras
|-damage|p1a: Lapras|84\/100
|
|turn|31
|choice||
|
|switch|p1a: Charizard|Charizard|100\/100
|move|p2a: Asian Mark Henry|Thunderbolt|p1a: Charizard
|-supereffective|p1a: Charizard
|-damage|p1a: Charizard|52\/100
|
|turn|32
|j|lover boy 121
|choice||
|
|switch|p1a: Spoon Fed|Alakazam|85\/100
|cant|p2a: Asian Mark Henry|par
|
|turn|33
|choice||
|
|move|p1a: Spoon Fed|Psychic|p2a: Asian Mark Henry
|-damage|p2a: Asian Mark Henry|41\/100 par
|-unboost|p2a: Asian Mark Henry|spd|1
|-unboost|p2a: Asian Mark Henry|spa|1
|move|p2a: Asian Mark Henry|Soft-Boiled|p2a: Asian Mark Henry
|-heal|p2a: Asian Mark Henry|91\/100 par
|
|turn|34
|choice||
|
|switch|p2a: $50\/hr|Jynx|100\/100
|move|p1a: Spoon Fed|Psychic|p2a: $50\/hr
|-resisted|p2a: $50\/hr
|-damage|p2a: $50\/hr|79\/100
|
|turn|35
|choice||
|
|move|p1a: Spoon Fed|Thunder Wave|p2a: $50\/hr
|-status|p2a: $50\/hr|par
|cant|p2a: $50\/hr|par
|
|turn|36
|choice||
|
|move|p1a: Spoon Fed|Seismic Toss|p2a: $50\/hr
|-damage|p2a: $50\/hr|49\/100 par
|move|p2a: $50\/hr|Lovely Kiss|p1a: Spoon Fed
|-status|p1a: Spoon Fed|slp
|
|turn|37
|choice||
|
|cant|p1a: Spoon Fed|slp
|move|p2a: $50\/hr|Rest|p2a: $50\/hr
|-status|p2a: $50\/hr|slp
|-heal|p2a: $50\/hr|100\/100 slp|[silent]
|-status|p2a: $50\/hr|slp|[from] move: Rest
|
|turn|38
|choice||
|
|cant|p1a: Spoon Fed|slp
|cant|p2a: $50\/hr|slp
|
|turn|39
|choice||
|
|-curestatus|p1a: Spoon Fed|slp
|-curestatus|p2a: $50\/hr|slp
|
|turn|40
|choice||
|
|move|p1a: Spoon Fed|Seismic Toss|p2a: $50\/hr
|-damage|p2a: $50\/hr|70\/100
|move|p2a: $50\/hr|Lovely Kiss|p1a: Spoon Fed|[miss]
|-miss|p2a: $50\/hr
|
|turn|41
|choice||
|
|move|p1a: Spoon Fed|Thunder Wave|p2a: $50\/hr
|-status|p2a: $50\/hr|par
|move|p2a: $50\/hr|Lovely Kiss|p1a: Spoon Fed
|-status|p1a: Spoon Fed|slp
|
|turn|42
|choice||
|
|switch|p2a: Bullean=true;|Tauros|100\/100
|cant|p1a: Spoon Fed|slp
|
|turn|43
|choice||
|
|-curestatus|p1a: Spoon Fed|slp
|move|p2a: Bullean=true;|Body Slam|p1a: Spoon Fed
|-damage|p1a: Spoon Fed|32\/100
|-status|p1a: Spoon Fed|par
|
|turn|44
|choice||
|
|move|p2a: Bullean=true;|Body Slam|p1a: Spoon Fed
|-damage|p1a: Spoon Fed|0 fnt
|faint|p1a: Spoon Fed
|choice||
|
|switch|p1a: Chansey|Chansey|100\/100
|turn|45
|choice||
|
|switch|p2a: Asian Mark Henry|Chansey|91\/100 par
|move|p1a: Chansey|Thunder Wave|p2a: Asian Mark Henry
|-fail|p2a: Asian Mark Henry|par
|
|turn|46
|choice||
|
|move|p1a: Chansey|Seismic Toss|p2a: Asian Mark Henry
|-damage|p2a: Asian Mark Henry|77\/100 par
|move|p2a: Asian Mark Henry|Ice Beam|p1a: Chansey
|-damage|p1a: Chansey|90\/100
|
|turn|47
|choice||
|
|move|p1a: Chansey|Seismic Toss|p2a: Asian Mark Henry
|-damage|p2a: Asian Mark Henry|63\/100 par
|move|p2a: Asian Mark Henry|Ice Beam|p1a: Chansey
|-damage|p1a: Chansey|78\/100
|-status|p1a: Chansey|frz
|
|turn|48
|choice||
|
|cant|p1a: Chansey|frz
|move|p2a: Asian Mark Henry|Soft-Boiled|p2a: Asian Mark Henry
|-heal|p2a: Asian Mark Henry|100\/100 par
|
|turn|49
|choice||
|
|switch|p2a: Frozen|Slowbro|100\/100 slp
|cant|p1a: Chansey|frz
|
|turn|50
|choice||
|
|switch|p1a: Lapras|Lapras|84\/100
|cant|p2a: Frozen|slp
|
|turn|51
|choice||
|
|switch|p2a: Asian Mark Henry|Chansey|100\/100 par
|move|p1a: Lapras|Thunderbolt|p2a: Asian Mark Henry
|-damage|p2a: Asian Mark Henry|90\/100 par
|
|turn|52
|choice||
|
|switch|p1a: Chansey|Chansey|78\/100 frz
|cant|p2a: Asian Mark Henry|par
|
|turn|53
|choice||
|
|switch|p2a: Frozen|Slowbro|100\/100 slp
|cant|p1a: Chansey|frz
|
|turn|54
|choice||
|
|switch|p1a: Hitmonlee|Hitmonlee|21\/100
|-curestatus|p2a: Frozen|slp
|
|turn|55
|choice||
|
|switch|p1a: Exeggutor|Exeggutor|60\/100
|move|p2a: Frozen|Earthquake|p1a: Exeggutor
|-resisted|p1a: Exeggutor
|-damage|p1a: Exeggutor|51\/100
|
|turn|56
|choice||
|
|switch|p2a: $50\/hr|Jynx|70\/100 par
|move|p1a: Exeggutor|Leech Seed|p2a: $50\/hr
|-start|p2a: $50\/hr|move: Leech Seed
|
|turn|57
|choice||
|
|switch|p1a: Lapras|Lapras|84\/100
|cant|p2a: $50\/hr|par
|-damage|p2a: $50\/hr|64\/100 par|[from] Leech Seed|[of] p1a: Lapras
|-heal|p1a: Lapras|88\/100|[silent]
|
|turn|58
|choice||
|
|switch|p2a: Asian Mark Henry|Chansey|90\/100 par
|move|p1a: Lapras|Thunderbolt|p2a: Asian Mark Henry
|-damage|p2a: Asian Mark Henry|81\/100 par
|
|turn|59
|choice||
|
|switch|p1a: Chansey|Chansey|78\/100 frz
|move|p2a: Asian Mark Henry|Thunderbolt|p1a: Chansey
|-damage|p1a: Chansey|67\/100 frz
|
|turn|60
|choice||
|
|switch|p1a: Charizard|Charizard|52\/100
|switch|p2a: Not Fat Just Big B|Snorlax|45\/100 slp
|
|turn|61
|choice||
|
|move|p1a: Charizard|Swords Dance|p1a: Charizard
|-boost|p1a: Charizard|atk|2
|-curestatus|p2a: Not Fat Just Big B|slp
|
|turn|62
|choice||
|
|move|p1a: Charizard|Earthquake|p2a: Not Fat Just Big B
|-damage|p2a: Not Fat Just Big B|8\/100
|move|p2a: Not Fat Just Big B|Hyper Beam|p1a: Charizard
|-damage|p1a: Charizard|0 fnt
|faint|p1a: Charizard
|choice||
|
|switch|p1a: Hitmonlee|Hitmonlee|21\/100
|turn|63
|choice||
|
|switch|p2a: Frozen|Slowbro|100\/100
|move|p1a: Hitmonlee|Double Kick|p2a: Frozen
|-resisted|p2a: Frozen
|-damage|p2a: Frozen|96\/100
|-damage|p2a: Frozen|91\/100
|-hitcount|p2a: Frozen|2
|
|turn|64
|choice||
|
|switch|p1a: Chansey|Chansey|67\/100 frz
|move|p2a: Frozen|Ice Beam|p1a: Chansey
|-damage|p1a: Chansey|58\/100 frz
|
|turn|65
|choice||
|
|switch|p1a: Hitmonlee|Hitmonlee|21\/100
|move|p2a: Frozen|Earthquake|p1a: Hitmonlee
|-damage|p1a: Hitmonlee|0 fnt
|faint|p1a: Hitmonlee
|c|★dirkaka|gg
|c|★Jocktillery|gg
|choice||
|
|switch|p1a: Chansey|Chansey|58\/100 frz
|turn|66
|choice||
|
|cant|p1a: Chansey|frz
|move|p2a: Frozen|Earthquake|p1a: Chansey
|-damage|p1a: Chansey|34\/100 frz
|
|turn|67
|choice||
|
|cant|p1a: Chansey|frz
|move|p2a: Frozen|Earthquake|p1a: Chansey
|-damage|p1a: Chansey|8\/100 frz
|
|turn|68
|choice||
|
|cant|p1a: Chansey|frz
|move|p2a: Frozen|Earthquake|p1a: Chansey
|-crit|p1a: Chansey
|-damage|p1a: Chansey|0 fnt
|faint|p1a: Chansey
|choice||
|
|switch|p1a: Exeggutor|Exeggutor|51\/100
|turn|69
|choice||
|
|switch|p2a: $50\/hr|Jynx|64\/100 par
|move|p1a: Exeggutor|Egg Bomb|p2a: $50\/hr
|-damage|p2a: $50\/hr|22\/100 par
|
|turn|70
|choice||
|
|move|p1a: Exeggutor|Egg Bomb|p2a: $50\/hr|[miss]
|-miss|p1a: Exeggutor
|cant|p2a: $50\/hr|par
|
|turn|71
|choice||
|
|move|p1a: Exeggutor|Egg Bomb|p2a: $50\/hr|[miss]
|-miss|p1a: Exeggutor
|move|p2a: $50\/hr|Lovely Kiss|p1a: Exeggutor
|-status|p1a: Exeggutor|slp
|
|turn|72
|choice||
|
|-curestatus|p1a: Exeggutor|slp
|move|p2a: $50\/hr|Blizzard|p1a: Exeggutor
|-crit|p1a: Exeggutor
|-supereffective|p1a: Exeggutor
|-damage|p1a: Exeggutor|0 fnt
|faint|p1a: Exeggutor
|choice||
|
|switch|p1a: Lapras|Lapras|88\/100
|turn|73
|choice||
|
|switch|p2a: Asian Mark Henry|Chansey|81\/100 par
|move|p1a: Lapras|Thunderbolt|p2a: Asian Mark Henry
|-damage|p2a: Asian Mark Henry|71\/100 par
|
|turn|74
|choice||
|
|move|p1a: Lapras|Ice Beam|p2a: Asian Mark Henry
|-crit|p2a: Asian Mark Henry
|-damage|p2a: Asian Mark Henry|41\/100 par
|cant|p2a: Asian Mark Henry|par
|
|turn|75
|choice||
|
|move|p1a: Lapras|Ice Beam|p2a: Asian Mark Henry
|-damage|p2a: Asian Mark Henry|26\/100 par
|cant|p2a: Asian Mark Henry|par
|
|turn|76
|choice||
|
|move|p1a: Lapras|Ice Beam|p2a: Asian Mark Henry
|-damage|p2a: Asian Mark Henry|12\/100 par
|move|p2a: Asian Mark Henry|Soft-Boiled|p2a: Asian Mark Henry
|-heal|p2a: Asian Mark Henry|62\/100 par
|
|turn|77
|choice||
|
|move|p1a: Lapras|Ice Beam|p2a: Asian Mark Henry
|-damage|p2a: Asian Mark Henry|49\/100 par
|move|p2a: Asian Mark Henry|Thunderbolt|p1a: Lapras
|-supereffective|p1a: Lapras
|-damage|p1a: Lapras|51\/100
|
|turn|78
|choice||
|
|move|p1a: Lapras|Ice Beam|p2a: Asian Mark Henry
|-damage|p2a: Asian Mark Henry|34\/100 par
|cant|p2a: Asian Mark Henry|par
|
|turn|79
|choice||
|
|move|p1a: Lapras|Ice Beam|p2a: Asian Mark Henry
|-damage|p2a: Asian Mark Henry|18\/100 par
|move|p2a: Asian Mark Henry|Soft-Boiled|p2a: Asian Mark Henry
|-heal|p2a: Asian Mark Henry|68\/100 par
|
|turn|80
|choice||
|
|move|p1a: Lapras|Ice Beam|p2a: Asian Mark Henry
|-damage|p2a: Asian Mark Henry|53\/100 par
|move|p2a: Asian Mark Henry|Thunderbolt|p1a: Lapras
|-supereffective|p1a: Lapras
|-damage|p1a: Lapras|15\/100
|
|turn|81
|choice||
|
|move|p1a: Lapras|Ice Beam|p2a: Asian Mark Henry
|-damage|p2a: Asian Mark Henry|39\/100 par
|cant|p2a: Asian Mark Henry|par
|
|turn|82
|choice||
|
|switch|p2a: Armoured Weapon|Cloyster|95\/100
|move|p1a: Lapras|Ice Beam|p2a: Armoured Weapon
|-resisted|p2a: Armoured Weapon
|-damage|p2a: Armoured Weapon|85\/100
|
|turn|83
|choice||
|
|move|p2a: Armoured Weapon|Explosion|p1a: Lapras
|-damage|p1a: Lapras|0 fnt
|faint|p1a: Lapras
|faint|p2a: Armoured Weapon
|
|win|dirkaka
|player|p1
|player|p2
|raw|Jocktillery's rating: 1056 &rarr; <strong>1049<\/strong><br \/>(-7 for losing)
|raw|dirkaka's rating: 1306 &rarr; <strong>1313<\/strong><br \/>(+7 for winning)
|l|Jocktillery