|j|Stryxx
|j|GenjouDestruction
|player|p1|Stryxx|12
|player|p2|GenjouDestruction|265
|gametype|singles
|gen|1
|tier|[Gen 1] Random Battle
|rated
|seed|33542,3702,40640,47738
|rule|Sleep Clause Mod: Limit one foe put to sleep
|rule|Freeze Clause Mod: Limit one foe frozen
|rule|HP Percentage Mod: HP is shown in percentages
|
|start
|switch|p1a: Metapod|Metapod, L99|300\/300
|switch|p2a: Weepinbell|Weepinbell, L85|284\/284
|turn|1
|choice|move 1|move 3
|
|move|p2a: Weepinbell|Swords Dance|p2a: Weepinbell
|-boost|p2a: Weepinbell|atk|2
|move|p1a: Metapod|String Shot|p2a: Weepinbell
|-unboost|p2a: Weepinbell|spe|1
|
|turn|2
|choice|move 1|move 4
|
|move|p1a: Metapod|String Shot|p2a: Weepinbell
|-unboost|p2a: Weepinbell|spe|1
|move|p2a: Weepinbell|Body Slam|p1a: Metapod
|-damage|p1a: Metapod|178\/300
|
|turn|3
|choice|switch 3|move 4
|
|switch|p1a: Gengar|Gengar, L79|257\/257
|move|p2a: Weepinbell|Body Slam|p1a: Gengar
|-immune|p1a: Gengar|[msg]
|
|turn|4
|choice|move 2|move 2
|
|move|p1a: Gengar|Psychic|p2a: Weepinbell
|-supereffective|p2a: Weepinbell
|-damage|p2a: Weepinbell|143\/284
|move|p2a: Weepinbell|Sleep Powder|p1a: Gengar
|-status|p1a: Gengar|slp
|
|turn|5
|choice|switch 2|switch 2
|
|switch|p1a: Alakazam|Alakazam, L79|249\/249
|switch|p2a: Hypno|Hypno, L85|318\/318
|
|turn|6
|choice|move 2|move 2
|
|move|p1a: Alakazam|Thunder Wave|p2a: Hypno
|-status|p2a: Hypno|par
|move|p2a: Hypno|Thunder Wave|p1a: Alakazam
|-status|p1a: Alakazam|par
|
|turn|7
|choice|move 1|move 1
|
|move|p1a: Alakazam|Psychic|p2a: Hypno
|-resisted|p2a: Hypno
|-damage|p2a: Hypno|278\/318 par
|-unboost|p2a: Hypno|spd|1
|-unboost|p2a: Hypno|spa|1
|move|p2a: Hypno|Psychic|p1a: Alakazam
|-crit|p1a: Alakazam
|-resisted|p1a: Alakazam
|-damage|p1a: Alakazam|168\/249 par
|
|turn|8
|choice|move 1|switch 2
|
|switch|p2a: Weepinbell|Weepinbell, L85|143\/284
|cant|p1a: Alakazam|par
|
|turn|9
|choice|switch 2|move 1
|
|switch|p1a: Gengar|Gengar, L79|257\/257 slp
|move|p2a: Weepinbell|Razor Leaf|p1a: Gengar
|-crit|p1a: Gengar
|-resisted|p1a: Gengar
|-damage|p1a: Gengar|213\/257 slp
|
|turn|10
|choice|switch 6|switch 4
|
|switch|p1a: Mewtwo|Mewtwo, L70|293\/293
|switch|p2a: Magmar|Magmar, L90|300\/300
|
|turn|11
|choice|move 1|move 1
|
|move|p2a: Magmar|Confuse Ray|p1a: Mewtwo
|-start|p1a: Mewtwo|confusion
|-activate|p1a: Mewtwo|confusion
|-damage|p1a: Mewtwo|264\/293|[from] confusion
|
|turn|12
|choice|switch 6|move 2
|
|switch|p1a: Gengar|Gengar, L79|213\/257 slp
|move|p2a: Magmar|Body Slam|p1a: Gengar
|-immune|p1a: Gengar|[msg]
|
|turn|13
|choice|switch 6|move 4
|
|switch|p1a: Mewtwo|Mewtwo, L70|264\/293
|move|p2a: Magmar|Fire Blast|p1a: Mewtwo
|-damage|p1a: Mewtwo|153\/293
|
|turn|14
|choice|move 1|move 2
|
|move|p2a: Magmar|Body Slam|p1a: Mewtwo
|-damage|p1a: Mewtwo|68\/293
|move|p1a: Mewtwo|Psychic|p2a: Magmar
|-damage|p2a: Magmar|211\/300
|
|turn|15
|choice|switch 6|move 4
|
|switch|p1a: Gengar|Gengar, L79|213\/257 slp
|move|p2a: Magmar|Fire Blast|p1a: Gengar
|-damage|p1a: Gengar|110\/257 slp
|
|turn|16
|choice|switch 4|move 4
|
|switch|p1a: Dragonite|Dragonite, L85|328\/328
|move|p2a: Magmar|Fire Blast|p1a: Dragonite|[miss]
|-miss|p2a: Magmar
|
|turn|17
|choice|move 3|switch 2
|
|switch|p2a: Hypno|Hypno, L85|278\/318 par
|move|p1a: Dragonite|Surf|p2a: Hypno
|-damage|p2a: Hypno|219\/318 par
|
|turn|18
|choice|switch 2|move 2
|
|switch|p1a: Alakazam|Alakazam, L79|168\/249 par
|move|p2a: Hypno|Thunder Wave|p1a: Alakazam
|-fail|p1a: Alakazam|par
|
|turn|19
|choice|move 3|move 4
|
|move|p1a: Alakazam|Reflect|p1a: Alakazam
|-start|p1a: Alakazam|Reflect
|move|p2a: Hypno|Rest|p2a: Hypno
|-status|p2a: Hypno|slp
|-heal|p2a: Hypno|318\/318 slp|[silent]
|-status|p2a: Hypno|slp|[from] move: Rest
|
|turn|20
|choice|switch 6|move 1
|
|switch|p1a: Mewtwo|Mewtwo, L70|68\/293
|cant|p2a: Hypno|slp
|
|turn|21
|choice|move 3|switch 2
|
|switch|p2a: Magmar|Magmar, L90|211\/300
|move|p1a: Mewtwo|Recover|p1a: Mewtwo
|-heal|p1a: Mewtwo|214\/293
|
|turn|22
|choice|move 1|move 2
|
|move|p2a: Magmar|Body Slam|p1a: Mewtwo
|-damage|p1a: Mewtwo|129\/293
|-status|p1a: Mewtwo|par
|cant|p1a: Mewtwo|par
|
|turn|23
|choice|move 1|move 2
|
|move|p2a: Magmar|Body Slam|p1a: Mewtwo
|-crit|p1a: Mewtwo
|-damage|p1a: Mewtwo|0 fnt
|faint|p1a: Mewtwo
|c|★GenjouDestruction|gg.com
|choice|switch 2|
|
|switch|p1a: Dragonite|Dragonite, L85|328\/328
|turn|24
|choice|move 3|switch 4
|
|switch|p2a: Weepinbell|Weepinbell, L85|143\/284
|move|p1a: Dragonite|Surf|p2a: Weepinbell
|-resisted|p2a: Weepinbell
|-damage|p2a: Weepinbell|108\/284
|
|turn|25
|choice|move 2|move 2
|
|move|p1a: Dragonite|Blizzard|p2a: Weepinbell
|-supereffective|p2a: Weepinbell
|-damage|p2a: Weepinbell|0 fnt
|faint|p2a: Weepinbell
|choice||switch 3
|
|switch|p2a: Dragonite|Dragonite, L85|328\/328
|turn|26
|choice|move 2|move 1
|
|move|p1a: Dragonite|Blizzard|p2a: Dragonite
|-crit|p2a: Dragonite
|-supereffective|p2a: Dragonite
|-damage|p2a: Dragonite|0 fnt
|faint|p2a: Dragonite
|choice||switch 5
|
|switch|p2a: Persian|Persian, L79|265\/265
|turn|27
|choice|switch 4|move 3
|
|switch|p1a: Gengar|Gengar, L79|110\/257 slp
|move|p2a: Persian|Body Slam|p1a: Gengar
|-immune|p1a: Gengar|[msg]
|
|turn|28
|choice|move 2|switch 2
|
|switch|p2a: Hypno|Hypno, L85|318\/318 slp
|cant|p1a: Gengar|slp
|
|turn|29
|choice|move 1|move 2
|
|cant|p1a: Gengar|slp
|-curestatus|p2a: Hypno|slp
|
|turn|30
|choice|switch 6|move 1
|
|switch|p1a: Alakazam|Alakazam, L79|168\/249 par
|move|p2a: Hypno|Psychic|p1a: Alakazam
|-crit|p1a: Alakazam
|-resisted|p1a: Alakazam
|-damage|p1a: Alakazam|82\/249 par
|
|turn|31
|choice|move 4|move 1
|
|move|p2a: Hypno|Psychic|p1a: Alakazam
|-resisted|p1a: Alakazam
|-damage|p1a: Alakazam|38\/249 par
|move|p1a: Alakazam|Recover|p1a: Alakazam
|-heal|p1a: Alakazam|162\/249 par
|
|turn|32
|choice|move 2|switch 2
|
|switch|p2a: Persian|Persian, L79|265\/265
|move|p1a: Alakazam|Thunder Wave|p2a: Persian
|-status|p2a: Persian|par
|
|turn|33
|choice|move 3|move 1
|
|move|p1a: Alakazam|Reflect|p1a: Alakazam
|-start|p1a: Alakazam|Reflect
|move|p2a: Persian|Slash|p1a: Alakazam
|-crit|p1a: Alakazam
|-damage|p1a: Alakazam|0 fnt
|faint|p1a: Alakazam
|choice|switch 6|
|
|switch|p1a: Gengar|Gengar, L79|110\/257 slp
|turn|34
|choice|switch 4|switch 2
|
|switch|p1a: Dragonite|Dragonite, L85|328\/328
|switch|p2a: Hypno|Hypno, L85|318\/318
|
|turn|35
|choice|move 2|move 2
|
|move|p1a: Dragonite|Blizzard|p2a: Hypno
|-damage|p2a: Hypno|242\/318
|move|p2a: Hypno|Thunder Wave|p1a: Dragonite
|-status|p1a: Dragonite|par
|
|turn|36
|choice|move 2|move 1
|
|move|p2a: Hypno|Psychic|p1a: Dragonite
|-damage|p1a: Dragonite|237\/328 par
|-unboost|p1a: Dragonite|spd|1
|-unboost|p1a: Dragonite|spa|1
|cant|p1a: Dragonite|par
|
|turn|37
|choice|switch 3|move 1
|
|switch|p1a: Metapod|Metapod, L99|178\/300
|move|p2a: Hypno|Psychic|p1a: Metapod
|-damage|p1a: Metapod|0 fnt
|faint|p1a: Metapod
|choice|switch 3|
|
|switch|p1a: Dragonite|Dragonite, L85|237\/328 par
|turn|38
|choice|move 2|move 1
|
|move|p2a: Hypno|Psychic|p1a: Dragonite
|-damage|p1a: Dragonite|145\/328 par
|-unboost|p1a: Dragonite|spd|1
|-unboost|p1a: Dragonite|spa|1
|move|p1a: Dragonite|Blizzard|p2a: Hypno
|-damage|p2a: Hypno|191\/318
|
|turn|39
|choice|move 2|move 1
|
|move|p2a: Hypno|Psychic|p1a: Dragonite
|-damage|p1a: Dragonite|0 fnt
|faint|p1a: Dragonite
|choice|switch 5|
|
|switch|p1a: Tauros|Tauros, L79|280\/280
|turn|40
|choice|move 2|move 2
|
|move|p1a: Tauros|Body Slam|p2a: Hypno
|-damage|p2a: Hypno|102\/318
|-status|p2a: Hypno|par
|move|p2a: Hypno|Thunder Wave|p1a: Tauros
|-status|p1a: Tauros|par
|
|turn|41
|choice|move 3|move 4
|
|move|p1a: Tauros|Hyper Beam|p2a: Hypno|[miss]
|-miss|p1a: Tauros
|cant|p2a: Hypno|par
|
|turn|42
|choice|move 2|move 4
|
|cant|p1a: Tauros|par
|move|p2a: Hypno|Rest|p2a: Hypno
|-status|p2a: Hypno|slp
|-heal|p2a: Hypno|318\/318 slp|[silent]
|-status|p2a: Hypno|slp|[from] move: Rest
|
|turn|43
|choice|move 2|switch 2
|
|switch|p2a: Persian|Persian, L79|265\/265 par
|cant|p1a: Tauros|par
|
|turn|44
|choice|move 2|move 1
|
|move|p2a: Persian|Slash|p1a: Tauros
|-crit|p1a: Tauros
|-damage|p1a: Tauros|165\/280 par
|cant|p1a: Tauros|par
|
|turn|45
|choice|switch 4|move 3
|
|switch|p1a: Gengar|Gengar, L79|110\/257 slp
|move|p2a: Persian|Body Slam|p1a: Gengar
|-immune|p1a: Gengar|[msg]
|
|turn|46
|choice|switch 4|switch 4
|
|switch|p1a: Tauros|Tauros, L79|165\/280 par
|switch|p2a: Magmar|Magmar, L90|211\/300
|
|turn|47
|choice|move 4|move 4
|
|move|p2a: Magmar|Fire Blast|p1a: Tauros
|-crit|p1a: Tauros
|-damage|p1a: Tauros|0 fnt
|faint|p1a: Tauros
|choice|switch 4|
|
|switch|p1a: Gengar|Gengar, L79|110\/257 slp
|turn|48
|choice|move 2|move 4
|
|move|p2a: Magmar|Fire Blast|p1a: Gengar
|-damage|p1a: Gengar|2\/257 slp
|cant|p1a: Gengar|slp
|
|turn|49
|c|★GenjouDestruction|bye
|choice|move 2|move 4
|
|move|p2a: Magmar|Fire Blast|p1a: Gengar
|-crit|p1a: Gengar
|-damage|p1a: Gengar|0 fnt
|faint|p1a: Gengar
|
|win|GenjouDestruction
|player|p1
|player|p2
|raw|Stryxx's rating: 1331 &rarr; <strong>1297<\/strong><br \/>(-34 for losing)
|raw|GenjouDestruction's rating: 1051 &rarr; <strong>1105<\/strong><br \/>(+54 for winning)
|l|Stryxx