|join|kid gf lol
|join|AlsoRocknlol
|player|p1|kid gf lol|167
|player|p2|AlsoRocknlol|121
|gametype|singles
|gen|1
|tier|[Gen 1] OU (beta)
|rated
|rule|Sleep Clause Mod: Limit one foe put to sleep
|rule|Species Clause: Limit one of each Pokemon
|rule|OHKO Clause: OHKO moves are banned
|rule|Moody Clause: Moody is banned
|rule|Evasion Moves Clause: Evasion moves are banned
|rule|Endless Battle Clause: Forcing endless battles is banned.
|rule|HP Percentage Mod: HP is reported as percentages
|
|start
|switch|p1a: Zam Lead|Alakazam|313\/313
|switch|p2a: Alakazam|Alakazam|313\/313
|turn|1
|
|switch|p1a: Breakfast Pouch|Chansey|703\/703
|switch|p2a: Chansey|Chansey|703\/703
|
|turn|2
|chat|AlsoRocknlol|well
|
|switch|p1a: Mr Mime|Jynx|333\/333
|move|p2a: Chansey|Ice Beam|p1a: Mr Mime
|-resisted|p1a: Mr Mime
|-damage|p1a: Mr Mime|296\/333
|
|turn|3
|
|switch|p2a: Alakazam|Alakazam|313\/313
|move|p1a: Mr Mime|Lovely Kiss|p2a: Alakazam
|-status|p2a: Alakazam|slp
|
|turn|4
|
|switch|p2a: Chansey|Chansey|703\/703
|move|p1a: Mr Mime|Ice Beam|p2a: Chansey
|-damage|p2a: Chansey|604\/703
|
|turn|5
|
|move|p1a: Mr Mime|Ice Beam|p2a: Chansey
|-damage|p2a: Chansey|494\/703
|move|p2a: Chansey|Thunderbolt|p1a: Mr Mime
|-damage|p1a: Mr Mime|219\/333
|
|turn|6
|
|move|p1a: Mr Mime|Ice Beam|p2a: Chansey
|-damage|p2a: Chansey|398\/703
|move|p2a: Chansey|Thunder Wave|p1a: Mr Mime
|-status|p1a: Mr Mime|par
|
|turn|7
|
|move|p2a: Chansey|Thunderbolt|p1a: Mr Mime
|-damage|p1a: Mr Mime|139\/333 par
|move|p1a: Mr Mime|Ice Beam|p2a: Chansey
|-damage|p2a: Chansey|299\/703
|
|turn|8
|
|switch|p1a: Breakfast Pouch|Chansey|703\/703
|move|p2a: Chansey|Soft-Boiled|p2a: Chansey
|-heal|p2a: Chansey|650\/703
|
|turn|9
|
|switch|p1a: Mr Mime|Jynx|139\/333 par
|move|p2a: Chansey|Ice Beam|p1a: Mr Mime
|-resisted|p1a: Mr Mime
|-damage|p1a: Mr Mime|99\/333 par
|
|turn|10
|
|switch|p1a: Breakfast Pouch|Chansey|703\/703
|move|p2a: Chansey|Thunderbolt|p1a: Breakfast Pouch
|-damage|p1a: Breakfast Pouch|632\/703
|-status|p1a: Breakfast Pouch|par
|
|turn|11
|
|move|p2a: Chansey|Thunderbolt|p1a: Breakfast Pouch
|-damage|p1a: Breakfast Pouch|560\/703 par
|move|p1a: Breakfast Pouch|Ice Beam|p2a: Chansey
|-damage|p2a: Chansey|571\/703
|
|turn|12
|
|switch|p2a: Snorlax|Snorlax|523\/523
|move|p1a: Breakfast Pouch|Ice Beam|p2a: Snorlax
|-damage|p2a: Snorlax|426\/523
|
|turn|13
|
|switch|p1a: Cleffable|Gengar|323\/323
|move|p2a: Snorlax|Body Slam|p1a: Cleffable
|-immune|p1a: Cleffable|[msg]
|
|turn|14
|
|switch|p1a: Result of Incest|Exeggutor|393\/393
|move|p2a: Snorlax|Body Slam|p1a: Result of Incest
|-damage|p1a: Result of Incest|277\/393
|-status|p1a: Result of Incest|par
|
|turn|15
|
|move|p2a: Snorlax|Earthquake|p1a: Result of Incest
|-resisted|p1a: Result of Incest
|-damage|p1a: Result of Incest|228\/393 par
|move|p1a: Result of Incest|Psychic|p2a: Snorlax
|-damage|p2a: Snorlax|255\/523
|
|turn|16
|
|switch|p2a: Chansey|Chansey|571\/703
|cant|p1a: Result of Incest|par
|
|turn|17
|
|switch|p1a: Breakfast Pouch|Chansey|560\/703 par
|move|p2a: Chansey|Ice Beam|p1a: Breakfast Pouch
|-damage|p1a: Breakfast Pouch|487\/703 par
|
|turn|18
|
|switch|p2a: Snorlax|Snorlax|255\/523
|move|p1a: Breakfast Pouch|Ice Beam|p2a: Snorlax
|-damage|p2a: Snorlax|153\/523
|
|turn|19
|
|move|p2a: Snorlax|Earthquake|p1a: Breakfast Pouch
|-damage|p1a: Breakfast Pouch|268\/703 par
|move|p1a: Breakfast Pouch|Ice Beam|p2a: Snorlax
|-damage|p2a: Snorlax|46\/523
|
|turn|20
|
|switch|p1a: Cleffable|Gengar|323\/323
|move|p2a: Snorlax|Earthquake|p1a: Cleffable
|-supereffective|p1a: Cleffable
|-damage|p1a: Cleffable|78\/323
|
|turn|21
|
|move|p1a: Cleffable|Thunderbolt|p2a: Snorlax
|-damage|p2a: Snorlax|0 fnt
|faint|p2a: Snorlax
|
|
|switch|p2a: Exeggutor|Exeggutor|393\/393
|turn|22
|
|move|p1a: Cleffable|Explosion|p2a: Exeggutor
|-damage|p2a: Exeggutor|154\/393
|faint|p1a: Cleffable
|
|switch|p1a: That's Bull|Tauros|353\/353
|turn|23
|
|switch|p2a: Golem|Golem|363\/363
|move|p1a: That's Bull|Hyper Beam|p2a: Golem
|-resisted|p2a: Golem
|-damage|p2a: Golem|289\/363
|
|turn|24
|
|cant|p1a: That's Bull|recharge
|move|p2a: Golem|Body Slam|p1a: That's Bull
|-damage|p1a: That's Bull|282\/353
|
|turn|25
|
|switch|p2a: Chansey|Chansey|571\/703
|move|p1a: That's Bull|Blizzard|p2a: Chansey
|-damage|p2a: Chansey|504\/703
|
|turn|26
|
|move|p1a: That's Bull|Body Slam|p2a: Chansey
|-damage|p2a: Chansey|245\/703
|move|p2a: Chansey|Thunder Wave|p1a: That's Bull
|-status|p1a: That's Bull|par
|
|turn|27
|
|switch|p2a: Tauros|Tauros|353\/353
|switch|p1a: Breakfast Pouch|Chansey|268\/703 par
|
|turn|28
|
|switch|p1a: Zam Lead|Alakazam|313\/313
|move|p2a: Tauros|Body Slam|p1a: Zam Lead
|-damage|p1a: Zam Lead|147\/313
|-status|p1a: Zam Lead|par
|
|turn|29
|
|switch|p1a: Mr Mime|Jynx|99\/333 par
|move|p2a: Tauros|Hyper Beam|p1a: Mr Mime
|-damage|p1a: Mr Mime|0 fnt
|faint|p1a: Mr Mime
|
|
|switch|p1a: That's Bull|Tauros|282\/353 par
|turn|30
|
|move|p2a: Tauros|Body Slam|p1a: That's Bull
|-damage|p1a: That's Bull|183\/353 par
|cant|p1a: That's Bull|par
|
|turn|31
|
|switch|p1a: Result of Incest|Exeggutor|228\/393 par
|move|p2a: Tauros|Body Slam|p1a: Result of Incest
|-damage|p1a: Result of Incest|116\/393 par
|
|turn|32
|
|move|p2a: Tauros|Hyper Beam|p1a: Result of Incest|[miss]
|-miss|p2a: Tauros
|move|p1a: Result of Incest|Explosion|p2a: Tauros
|-damage|p2a: Tauros|92\/353
|faint|p1a: Result of Incest
|
|switch|p1a: That's Bull|Tauros|183\/353 par
|turn|33
|
|move|p2a: Tauros|Body Slam|p1a: That's Bull
|-crit|p1a: That's Bull
|-damage|p1a: That's Bull|0 fnt
|faint|p1a: That's Bull
|
|
|switch|p1a: Zam Lead|Alakazam|147\/313 par
|turn|34
|
|move|p2a: Tauros|Hyper Beam|p1a: Zam Lead
|-damage|p1a: Zam Lead|0 fnt
|faint|p1a: Zam Lead
|
|
|switch|p1a: Breakfast Pouch|Chansey|268\/703 par
|turn|35
|
|move|p2a: Tauros|Hyper Beam|p1a: Breakfast Pouch
|-damage|p1a: Breakfast Pouch|0 fnt
|faint|p1a: Breakfast Pouch
|
|win|AlsoRocknlol
|raw|Ladder updating...
|raw|kid gf lol's rating: 1359 &rarr; <strong>1327<\/strong><br \/>(-32 for losing)
|raw|AlsoRocknlol's rating: 1108 &rarr; <strong>1149<\/strong><br \/>(+41 for winning)
|leave|kid gf lol
|player|p1