|j|Dary0903
|j|Kel9901
|player|p1|Dary0903|66
|player|p2|Kel9901|101
|gametype|singles
|gen|1
|tier|[Gen 1] Random Battle
|seed|35640,18715,61927,12126
|rule|Sleep Clause Mod: Limit one foe put to sleep
|rule|Freeze Clause Mod: Limit one foe frozen
|rule|HP Percentage Mod: HP is shown in percentages
|
|start
|switch|p1a: Clefable|Clefable, L85|335\/335
|switch|p2a: Goldeen|Goldeen, L96|281\/281
|turn|1
|j|Lutra
|j|loldice
|c|★Kel9901|gl hf
|l|Lutra
|j|DeadG_Poseidon
|j|ghggfg
|choice|move 4|move 2
|
|move|p2a: Goldeen|Surf|p1a: Clefable
|-damage|p1a: Clefable|244\/335
|move|p1a: Clefable|Thunder|p2a: Goldeen
|-supereffective|p2a: Goldeen
|-damage|p2a: Goldeen|97\/281
|
|turn|2
|choice|move 1|move 2
|
|move|p2a: Goldeen|Surf|p1a: Clefable
|-damage|p1a: Clefable|153\/335
|move|p1a: Clefable|Hyper Beam|p2a: Goldeen
|-damage|p2a: Goldeen|0 fnt
|faint|p2a: Goldeen
|j|Mirabel_
|choice||switch 3
|
|switch|p2a: Venusaur|Venusaur, L85|310\/310
|turn|3
|choice|move 2|move 2
|
|move|p2a: Venusaur|Sleep Powder|p1a: Clefable
|-status|p1a: Clefable|slp
|cant|p1a: Clefable|slp
|
|turn|4
|choice|switch 4|move 4
|
|switch|p1a: Magmar|Magmar, L90|300\/300
|move|p2a: Venusaur|Swords Dance|p2a: Venusaur
|-boost|p2a: Venusaur|atk|2
|
|turn|5
|j|Ch01W0n5h1n
|choice|move 2|move 1
|
|move|p1a: Magmar|Fire Blast|p2a: Venusaur
|-crit|p2a: Venusaur
|-supereffective|p2a: Venusaur
|-damage|p2a: Venusaur|0 fnt
|faint|p2a: Venusaur
|j|TraceofLife
|choice||switch 6
|
|switch|p2a: Chansey|Chansey, L79|557\/557
|turn|6
|choice|move 1|move 3
|
|move|p1a: Magmar|Confuse Ray|p2a: Chansey
|-start|p2a: Chansey|confusion
|-activate|p2a: Chansey|confusion
|move|p2a: Chansey|Thunder Wave|p1a: Magmar
|-status|p1a: Magmar|par
|
|turn|7
|j|Pokemon-Optimierer
|choice|move 4|move 2
|
|move|p1a: Magmar|Body Slam|p2a: Chansey
|-crit|p2a: Chansey
|-damage|p2a: Chansey|174\/557
|-activate|p2a: Chansey|confusion
|move|p2a: Chansey|Counter|p1a: Magmar
|-damage|p1a: Magmar|0 fnt
|faint|p1a: Magmar
|choice|switch 2|
|
|switch|p1a: Kingler|Kingler, L85|267\/267
|turn|8
|choice|move 4|switch 4
|
|switch|p2a: Raichu|Raichu, L85|276\/276
|move|p1a: Kingler|Body Slam|p2a: Raichu
|-damage|p2a: Raichu|174\/276
|
|turn|9
|choice|switch 5|move 2
|
|switch|p1a: Dragonair|Dragonair, L85|277\/277
|move|p2a: Raichu|Thunder Wave|p1a: Dragonair
|-status|p1a: Dragonair|par
|
|turn|10
|j|mr.typhlosho
|choice|move 1|switch 2
|
|switch|p2a: Doduo|Doduo, L96|262\/262
|move|p1a: Dragonair|Body Slam|p2a: Doduo
|-damage|p2a: Doduo|188\/262
|
|turn|11
|choice|move 2|move 3
|
|move|p2a: Doduo|Body Slam|p1a: Dragonair
|-damage|p1a: Dragonair|146\/277 par
|move|p1a: Dragonair|Ice Beam|p2a: Doduo
|-supereffective|p2a: Doduo
|-damage|p2a: Doduo|18\/262
|
|turn|12
|choice|switch 4|move 3
|
|switch|p1a: Clefable|Clefable, L85|153\/335 slp
|move|p2a: Doduo|Body Slam|p1a: Clefable
|-damage|p1a: Clefable|36\/335 slp
|
|turn|13
|choice|move 3|move 4
|
|move|p2a: Doduo|Agility|p2a: Doduo
|-boost|p2a: Doduo|spe|2
|-curestatus|p1a: Clefable|slp
|
|turn|14
|choice|move 2|move 3
|
|move|p2a: Doduo|Body Slam|p1a: Clefable
|-damage|p1a: Clefable|0 fnt
|faint|p1a: Clefable
|choice|switch 6|
|
|switch|p1a: Mew|Mew, L74|300\/300
|turn|15
|choice|move 1|move 3
|
|move|p2a: Doduo|Body Slam|p1a: Mew
|-crit|p1a: Mew
|-damage|p1a: Mew|101\/300
|move|p1a: Mew|Psychic|p2a: Doduo
|-crit|p2a: Doduo
|-damage|p2a: Doduo|0 fnt
|faint|p2a: Doduo
|choice||switch 2
|
|switch|p2a: Raichu|Raichu, L85|174\/276
|turn|16
|choice|move 2|move 3
|
|move|p2a: Raichu|Hyper Beam|p1a: Mew
|-damage|p1a: Mew|0 fnt
|faint|p1a: Mew
|choice|switch 3|
|
|switch|p1a: Poliwrath|Poliwrath, L85|327\/327
|turn|17
|choice|move 2|move 2
|
|move|p2a: Raichu|Thunder Wave|p1a: Poliwrath
|-status|p1a: Poliwrath|par
|cant|p1a: Poliwrath|par
|
|turn|18
|choice|move 2|move 3
|
|move|p2a: Raichu|Hyper Beam|p1a: Poliwrath
|-damage|p1a: Poliwrath|229\/327 par
|move|p1a: Poliwrath|Hypnosis|p2a: Raichu
|-status|p2a: Raichu|slp
|
|turn|19
|-mustrecharge|p2a: Raichu
|-mustrecharge|p2a: Raichu
|choice|move 1|move 1
|
|cant|p2a: Raichu|recharge
|move|p1a: Poliwrath|Amnesia|p1a: Poliwrath
|-boost|p1a: Poliwrath|spd|2
|-boost|p1a: Poliwrath|spa|2
|
|turn|20
|choice|move 4|switch 5
|
|switch|p2a: Arcanine|Arcanine, L85|327\/327
|move|p1a: Poliwrath|Surf|p2a: Arcanine
|-supereffective|p2a: Arcanine
|-damage|p2a: Arcanine|1\/327
|
|turn|21
|choice|move 4|move 1
|
|move|p2a: Arcanine|Hyper Beam|p1a: Poliwrath
|-damage|p1a: Poliwrath|127\/327 par
|move|p1a: Poliwrath|Surf|p2a: Arcanine
|-supereffective|p2a: Arcanine
|-damage|p2a: Arcanine|0 fnt
|faint|p2a: Arcanine
|choice||switch 4
|
|switch|p2a: Chansey|Chansey, L79|174\/557
|turn|22
|choice|move 4|move 4
|
|move|p2a: Chansey|Ice Beam|p1a: Poliwrath
|-resisted|p1a: Poliwrath
|-damage|p1a: Poliwrath|109\/327 par
|cant|p1a: Poliwrath|par
|
|turn|23
|choice|move 4|move 1
|
|move|p2a: Chansey|Soft-Boiled|p2a: Chansey
|-heal|p2a: Chansey|452\/557
|move|p1a: Poliwrath|Surf|p2a: Chansey
|-crit|p2a: Chansey
|-damage|p2a: Chansey|288\/557
|
|turn|24
|choice|move 3|move 4
|
|move|p2a: Chansey|Ice Beam|p1a: Poliwrath
|-resisted|p1a: Poliwrath
|-damage|p1a: Poliwrath|92\/327 par
|move|p1a: Poliwrath|Submission|p2a: Chansey
|-crit|p2a: Chansey
|-supereffective|p2a: Chansey
|-damage|p2a: Chansey|0 fnt
|-damage|p1a: Poliwrath|20\/327 par|[from] recoil|[of] p2a: Chansey
|faint|p2a: Chansey
|choice||switch 5
|
|switch|p2a: Raichu|Raichu, L85|174\/276 slp
|turn|25
|c|★Dary0903|Gg
|c|★Kel9901|gg
|choice|move 4|move 1
|
|-curestatus|p2a: Raichu|slp
|cant|p1a: Poliwrath|par
|
|turn|26
|choice|move 4|move 3
|
|move|p2a: Raichu|Hyper Beam|p1a: Poliwrath
|-damage|p1a: Poliwrath|0 fnt
|faint|p1a: Poliwrath
|c| ghggfg|not necesarrily
|choice|switch 4|
|
|switch|p1a: Dragonair|Dragonair, L85|146\/277 par
|turn|27
|choice|move 1|move 3
|
|move|p2a: Raichu|Hyper Beam|p1a: Dragonair
|-damage|p1a: Dragonair|22\/277 par
|move|p1a: Dragonair|Body Slam|p2a: Raichu
|-damage|p2a: Raichu|102\/276
|
|turn|28
|-mustrecharge|p2a: Raichu
|-mustrecharge|p2a: Raichu
|choice|move 3|move 1
|
|cant|p2a: Raichu|recharge
|move|p1a: Dragonair|Hyper Beam|p2a: Raichu
|-damage|p2a: Raichu|0 fnt
|faint|p2a: Raichu
|
|win|Dary0903
|player|p1
|player|p2
|l|Kel9901
|l|loldice
|l|ghggfg
|l|Ch01W0n5h1n
|l|DeadG_Poseidon
|l|Dary0903
|l|Mirabel_
|l|mr.typhlosho
|j|Dary0903
|l|Dary0903
|j|Dary0903