|j|26thBaam2
|j|ToyPreso
|player|p1|26thBaam2|2
|player|p2|ToyPreso|266
|gametype|singles
|gen|1
|tier|[Gen 1] Random Battle
|rated
|seed|58051,1422,30055,40393
|rule|Sleep Clause Mod: Limit one foe put to sleep
|rule|Freeze Clause Mod: Limit one foe frozen
|rule|HP Percentage Mod: HP is shown in percentages
|
|start
|switch|p1a: Kabuto|Kabuto, L96|252\/252
|switch|p2a: Tangela|Tangela, L85|284\/284
|turn|1
|choice|switch 2|move Stun Spore
|
|switch|p1a: Hitmonlee|Hitmonlee, L90|273\/273
|move|p2a: Tangela|Stun Spore|p1a: Hitmonlee
|-status|p1a: Hitmonlee|par
|
|turn|2
|choice|move 1|switch 5
|
|switch|p2a: Haunter|Haunter, L85|250\/250
|cant|p1a: Hitmonlee|par
|
|turn|3
|choice|switch 4|move Psychic
|
|switch|p1a: Mewtwo|Mewtwo, L70|293\/293
|move|p2a: Haunter|Psychic|p1a: Mewtwo
|-crit|p1a: Mewtwo
|-resisted|p1a: Mewtwo
|-damage|p1a: Mewtwo|240\/293
|-unboost|p1a: Mewtwo|spd|1
|-unboost|p1a: Mewtwo|spa|1
|
|turn|4
|choice|move 3|move Hypnosis
|
|move|p1a: Mewtwo|Thunder Wave|p2a: Haunter
|-status|p2a: Haunter|par
|cant|p2a: Haunter|par
|
|turn|5
|choice|move 1|move Hypnosis
|
|move|p1a: Mewtwo|Psychic|p2a: Haunter
|-crit|p2a: Haunter
|-supereffective|p2a: Haunter
|-damage|p2a: Haunter|0 fnt
|faint|p2a: Haunter
|choice||switch 6
|
|switch|p2a: Electrode|Electrode, L90|291\/291
|turn|6
|choice|switch 6|move Thunder Wave
|
|switch|p1a: Nidoqueen|Nidoqueen, L85|327\/327
|move|p2a: Electrode|Thunder Wave|p1a: Nidoqueen
|-immune|p1a: Nidoqueen|[msg]
|
|turn|7
|choice|move 4|switch 3
|
|switch|p2a: Gyarados|Gyarados, L85|335\/335
|move|p1a: Nidoqueen|Blizzard|p2a: Gyarados
|-damage|p2a: Gyarados|271\/335
|
|turn|8
|choice|move 2|move Surf
|
|move|p2a: Gyarados|Surf|p1a: Nidoqueen
|-supereffective|p1a: Nidoqueen
|-damage|p1a: Nidoqueen|112\/327
|move|p1a: Nidoqueen|Thunder|p2a: Gyarados
|-supereffective|p2a: Gyarados
|-damage|p2a: Gyarados|13\/335
|
|turn|9
|choice|move 3|move Surf
|
|move|p2a: Gyarados|Surf|p1a: Nidoqueen
|-supereffective|p1a: Nidoqueen
|-damage|p1a: Nidoqueen|0 fnt
|faint|p1a: Nidoqueen
|choice|switch 3|
|
|switch|p1a: Raichu|Raichu, L85|276\/276
|turn|10
|choice|move 4|move Hyper Beam
|
|move|p1a: Raichu|Thunder Wave|p2a: Gyarados
|-status|p2a: Gyarados|par
|move|p2a: Gyarados|Hyper Beam|p1a: Raichu
|-crit|p1a: Raichu
|-damage|p1a: Raichu|0 fnt
|faint|p1a: Raichu
|choice|switch 2|
|
|switch|p1a: Kabuto|Kabuto, L96|252\/252
|turn|11
|choice|move 2|move Thunderbolt
|
|move|p1a: Kabuto|Body Slam|p2a: Gyarados
|-damage|p2a: Gyarados|0 fnt
|faint|p2a: Gyarados
|choice||switch 3
|
|switch|p2a: Electrode|Electrode, L90|291\/291
|turn|12
|choice|move 2|move Thunderbolt
|
|move|p2a: Electrode|Thunderbolt|p1a: Kabuto
|-supereffective|p1a: Kabuto
|-damage|p1a: Kabuto|0 fnt
|faint|p1a: Kabuto
|choice|switch 4|
|
|switch|p1a: Hitmonlee|Hitmonlee, L90|273\/273 par
|turn|13
|choice|move 1|switch 5
|
|switch|p2a: Tangela|Tangela, L85|284\/284
|cant|p1a: Hitmonlee|par
|
|turn|14
|choice|move 2|move Hyper Beam
|
|move|p2a: Tangela|Hyper Beam|p1a: Hitmonlee
|-crit|p1a: Hitmonlee
|-damage|p1a: Hitmonlee|90\/273 par
|move|p1a: Hitmonlee|Seismic Toss|p2a: Tangela
|-damage|p2a: Tangela|194\/284
|
|turn|15
|-mustrecharge|p2a: Tangela
|-mustrecharge|p2a: Tangela
|choice|move 2|move Recharge
|
|cant|p2a: Tangela|recharge
|move|p1a: Hitmonlee|Seismic Toss|p2a: Tangela
|-damage|p2a: Tangela|104\/284
|
|turn|16
|choice|switch 5|move Mega Drain
|
|switch|p1a: Snorlax|Snorlax, L79|415\/415
|move|p2a: Tangela|Mega Drain|p1a: Snorlax
|-damage|p1a: Snorlax|358\/415
|-heal|p2a: Tangela|132\/284|[from] drain|[of] p1a: Snorlax
|
|turn|17
|choice|move 1|move Stun Spore
|
|move|p2a: Tangela|Stun Spore|p1a: Snorlax
|-status|p1a: Snorlax|par
|move|p1a: Snorlax|Amnesia|p1a: Snorlax
|-boost|p1a: Snorlax|spd|2
|-boost|p1a: Snorlax|spa|2
|
|turn|18
|choice|move 1|switch 4
|
|switch|p2a: Poliwrath|Poliwrath, L85|327\/327
|move|p1a: Snorlax|Amnesia|p1a: Snorlax
|-boost|p1a: Snorlax|spd|2
|-boost|p1a: Snorlax|spa|2
|
|turn|19
|choice|move 4|move Submission
|
|move|p2a: Poliwrath|Submission|p1a: Snorlax|[miss]
|-miss|p2a: Poliwrath
|cant|p1a: Snorlax|par
|
|turn|20
|choice|switch 6|move Submission
|
|switch|p1a: Mewtwo|Mewtwo, L70|240\/293
|move|p2a: Poliwrath|Submission|p1a: Mewtwo
|-resisted|p1a: Mewtwo
|-damage|p1a: Mewtwo|190\/293
|-damage|p2a: Poliwrath|315\/327|[from] recoil|[of] p1a: Mewtwo
|
|turn|21
|choice|move 1|switch 2
|
|switch|p2a: Cubone|Cubone, L96|291\/291
|move|p1a: Mewtwo|Psychic|p2a: Cubone
|-damage|p2a: Cubone|172\/291
|
|turn|22
|choice|move 4|move Body Slam
|
|move|p1a: Mewtwo|Ice Beam|p2a: Cubone
|-supereffective|p2a: Cubone
|-damage|p2a: Cubone|0 fnt
|faint|p2a: Cubone
|choice||switch 5
|
|switch|p2a: Electrode|Electrode, L90|291\/291
|turn|23
|choice|switch 5|move Thunder Wave
|
|switch|p1a: Hitmonlee|Hitmonlee, L90|90\/273 par
|move|p2a: Electrode|Thunder Wave|p1a: Hitmonlee
|-fail|p1a: Hitmonlee|par
|
|turn|24
|choice|move 4|move Thunderbolt
|
|move|p2a: Electrode|Thunderbolt|p1a: Hitmonlee
|-crit|p1a: Hitmonlee
|-damage|p1a: Hitmonlee|0 fnt
|faint|p1a: Hitmonlee
|choice|switch 6|
|
|switch|p1a: Snorlax|Snorlax, L79|358\/415 par
|turn|25
|choice|move 4|switch 4
|
|switch|p2a: Tangela|Tangela, L85|132\/284
|move|p1a: Snorlax|Earthquake|p2a: Tangela
|-resisted|p2a: Tangela
|-damage|p2a: Tangela|102\/284
|
|turn|26
|choice|move 2|move Body Slam
|
|move|p2a: Tangela|Body Slam|p1a: Snorlax
|-damage|p1a: Snorlax|301\/415 par
|move|p1a: Snorlax|Hyper Beam|p2a: Tangela
|-damage|p2a: Tangela|0 fnt
|faint|p2a: Tangela
|choice||switch 2
|
|switch|p2a: Poliwrath|Poliwrath, L85|315\/327
|turn|27
|choice|switch 5|move Hypnosis
|
|switch|p1a: Mewtwo|Mewtwo, L70|190\/293
|move|p2a: Poliwrath|Hypnosis|p1a: Mewtwo
|-status|p1a: Mewtwo|slp
|
|turn|28
|choice|move 3|move Amnesia
|
|cant|p1a: Mewtwo|slp
|move|p2a: Poliwrath|Amnesia|p2a: Poliwrath
|-boost|p2a: Poliwrath|spd|2
|-boost|p2a: Poliwrath|spa|2
|
|turn|29
|choice|move 3|move Amnesia
|
|cant|p1a: Mewtwo|slp
|move|p2a: Poliwrath|Amnesia|p2a: Poliwrath
|-boost|p2a: Poliwrath|spd|2
|-boost|p2a: Poliwrath|spa|2
|
|turn|30
|choice|move 1|move Amnesia
|
|cant|p1a: Mewtwo|slp
|move|p2a: Poliwrath|Amnesia|p2a: Poliwrath
|-boost|p2a: Poliwrath|spd|2
|-boost|p2a: Poliwrath|spa|2
|
|turn|31
|choice|move 1|move Surf
|
|-curestatus|p1a: Mewtwo|slp
|move|p2a: Poliwrath|Surf|p1a: Mewtwo
|-damage|p1a: Mewtwo|0 fnt
|faint|p1a: Mewtwo
|-message|26thBaam2 forfeited.
|
|win|ToyPreso
|player|p1
|player|p2
|l|26thBaam2
|raw|26thBaam2's rating: 1176 &rarr; <strong>1144<\/strong><br \/>(-32 for losing)
|raw|ToyPreso's rating: 1070 &rarr; <strong>1108<\/strong><br \/>(+38 for winning)