|j|elmyue
|j|Ch01W0n5h1n
|player|p1|elmyue|157
|player|p2|Ch01W0n5h1n|165
|gametype|singles
|gen|1
|tier|[Gen 1] Random Battle
|rated
|seed|
|rule|Sleep Clause Mod: Limit one foe put to sleep
|rule|Freeze Clause Mod: Limit one foe frozen
|rule|HP Percentage Mod: HP is shown in percentages
|
|start
|switch|p1a: Raichu|Raichu, L85|100\/100
|switch|p2a: Nidorino|Nidorino, L90|100\/100
|turn|1
|choice||
|
|move|p1a: Raichu|Thunder|p2a: Nidorino
|-crit|p2a: Nidorino
|-damage|p2a: Nidorino|7\/100
|move|p2a: Nidorino|Body Slam|p1a: Raichu
|-damage|p1a: Raichu|72\/100
|-status|p1a: Raichu|par
|
|turn|2
|choice||
|
|switch|p1a: Venomoth|Venomoth, L85|100\/100
|move|p2a: Nidorino|Body Slam|p1a: Venomoth
|-crit|p1a: Venomoth
|-damage|p1a: Venomoth|55\/100
|
|turn|3
|choice||
|
|move|p1a: Venomoth|Psychic|p2a: Nidorino
|-crit|p2a: Nidorino
|-supereffective|p2a: Nidorino
|-damage|p2a: Nidorino|0 fnt
|faint|p2a: Nidorino
|choice||
|
|switch|p2a: Mewtwo|Mewtwo, L70|100\/100
|turn|4
|choice||
|
|move|p2a: Mewtwo|Psychic|p1a: Venomoth
|-crit|p1a: Venomoth
|-supereffective|p1a: Venomoth
|-damage|p1a: Venomoth|0 fnt
|faint|p1a: Venomoth
|choice||
|
|switch|p1a: Slowbro|Slowbro, L79|100\/100
|turn|5
|choice||
|
|move|p2a: Mewtwo|Thunderbolt|p1a: Slowbro
|-supereffective|p1a: Slowbro
|-damage|p1a: Slowbro|55\/100
|move|p1a: Slowbro|Thunder Wave|p2a: Mewtwo
|-status|p2a: Mewtwo|par
|
|turn|6
|choice||
|
|move|p1a: Slowbro|Amnesia|p1a: Slowbro
|-boost|p1a: Slowbro|spd|2
|-boost|p1a: Slowbro|spa|2
|cant|p2a: Mewtwo|par
|
|turn|7
|choice||
|
|switch|p2a: Electrode|Electrode, L90|100\/100
|move|p1a: Slowbro|Surf|p2a: Electrode
|-damage|p2a: Electrode|49\/100
|
|turn|8
|choice||
|
|move|p2a: Electrode|Explosion|p1a: Slowbro
|-damage|p1a: Slowbro|0 fnt
|faint|p1a: Slowbro
|faint|p2a: Electrode
|choice||
|
|switch|p2a: Hitmonchan|Hitmonchan, L90|100\/100
|switch|p1a: Sandslash|Sandslash, L85|100\/100
|turn|9
|choice||
|
|move|p2a: Hitmonchan|Submission|p1a: Sandslash
|-damage|p1a: Sandslash|72\/100
|-damage|p2a: Hitmonchan|93\/100|[from] recoil|[of] p1a: Sandslash
|move|p1a: Sandslash|Earthquake|p2a: Hitmonchan
|-damage|p2a: Hitmonchan|54\/100
|
|turn|10
|choice||
|
|move|p2a: Hitmonchan|Body Slam|p1a: Sandslash
|-damage|p1a: Sandslash|50\/100
|move|p1a: Sandslash|Swords Dance|p1a: Sandslash
|-boost|p1a: Sandslash|atk|2
|
|turn|11
|choice||
|
|move|p2a: Hitmonchan|Body Slam|p1a: Sandslash
|-damage|p1a: Sandslash|30\/100
|move|p1a: Sandslash|Earthquake|p2a: Hitmonchan
|-damage|p2a: Hitmonchan|0 fnt
|faint|p2a: Hitmonchan
|choice||
|
|switch|p2a: Seadra|Seadra, L90|100\/100
|turn|12
|choice||
|
|switch|p1a: Starmie|Starmie, L79|100\/100
|move|p2a: Seadra|Surf|p1a: Starmie
|-resisted|p1a: Starmie
|-damage|p1a: Starmie|81\/100
|
|turn|13
|choice||
|
|switch|p2a: Mewtwo|Mewtwo, L70|100\/100 par
|move|p1a: Starmie|Thunder Wave|p2a: Mewtwo
|-fail|p2a: Mewtwo|par
|
|turn|14
|choice||
|
|move|p1a: Starmie|Surf|p2a: Mewtwo
|-damage|p2a: Mewtwo|77\/100 par
|move|p2a: Mewtwo|Ice Beam|p1a: Starmie
|-resisted|p1a: Starmie
|-damage|p1a: Starmie|68\/100
|
|turn|15
|choice||
|
|switch|p1a: Raichu|Raichu, L85|72\/100 par
|move|p2a: Mewtwo|Thunderbolt|p1a: Raichu
|-resisted|p1a: Raichu
|-damage|p1a: Raichu|61\/100 par
|
|turn|16
|choice||
|
|cant|p1a: Raichu|par
|cant|p2a: Mewtwo|par
|
|turn|17
|choice||
|
|cant|p2a: Mewtwo|par
|cant|p1a: Raichu|par
|
|turn|18
|choice||
|
|move|p1a: Raichu|Thunder|p2a: Mewtwo|[miss]
|-miss|p1a: Raichu
|cant|p2a: Mewtwo|par
|
|turn|19
|choice||
|
|move|p2a: Mewtwo|Psychic|p1a: Raichu
|-damage|p1a: Raichu|27\/100 par
|move|p1a: Raichu|Thunder|p2a: Mewtwo
|-damage|p2a: Mewtwo|44\/100 par
|
|turn|20
|choice||
|
|switch|p2a: Seadra|Seadra, L90|100\/100
|move|p1a: Raichu|Thunder|p2a: Seadra|[miss]
|-miss|p1a: Raichu
|
|turn|21
|choice||
|
|move|p2a: Seadra|Surf|p1a: Raichu
|-damage|p1a: Raichu|0 fnt
|faint|p1a: Raichu
|choice||
|
|switch|p1a: Starmie|Starmie, L79|68\/100
|turn|22
|choice||
|
|move|p1a: Starmie|Thunderbolt|p2a: Seadra
|-supereffective|p2a: Seadra
|-damage|p2a: Seadra|62\/100
|move|p2a: Seadra|Smokescreen|p1a: Starmie
|-unboost|p1a: Starmie|accuracy|1
|
|turn|23
|choice||
|
|move|p1a: Starmie|Thunder Wave|p2a: Seadra|[miss]
|-miss|p1a: Starmie
|move|p2a: Seadra|Blizzard|p1a: Starmie
|-resisted|p1a: Starmie
|-damage|p1a: Starmie|50\/100
|
|turn|24
|choice||
|
|switch|p1a: Sandslash|Sandslash, L85|30\/100
|move|p2a: Seadra|Blizzard|p1a: Sandslash
|-supereffective|p1a: Sandslash
|-damage|p1a: Sandslash|0 fnt
|faint|p1a: Sandslash
|choice||
|
|switch|p1a: Starmie|Starmie, L79|50\/100
|turn|25
|choice||
|
|move|p1a: Starmie|Thunderbolt|p2a: Seadra
|-supereffective|p2a: Seadra
|-damage|p2a: Seadra|23\/100
|move|p2a: Seadra|Smokescreen|p1a: Starmie
|-unboost|p1a: Starmie|accuracy|1
|
|turn|26
|choice||
|
|move|p1a: Starmie|Thunderbolt|p2a: Seadra
|-crit|p2a: Seadra
|-supereffective|p2a: Seadra
|-damage|p2a: Seadra|0 fnt
|faint|p2a: Seadra
|choice||
|
|switch|p2a: Mewtwo|Mewtwo, L70|44\/100 par
|turn|27
|choice||
|
|move|p1a: Starmie|Recover|p1a: Starmie
|-heal|p1a: Starmie|99\/100
|move|p2a: Mewtwo|Thunderbolt|p1a: Starmie
|-supereffective|p1a: Starmie
|-damage|p1a: Starmie|52\/100
|
|turn|28
|choice||
|
|move|p1a: Starmie|Recover|p1a: Starmie
|-heal|p1a: Starmie|100\/100
|cant|p2a: Mewtwo|par
|
|turn|29
|choice||
|
|move|p1a: Starmie|Surf|p2a: Mewtwo
|-damage|p2a: Mewtwo|21\/100 par
|cant|p2a: Mewtwo|par
|
|turn|30
|choice||
|
|move|p1a: Starmie|Surf|p2a: Mewtwo
|-damage|p2a: Mewtwo|0 fnt
|faint|p2a: Mewtwo
|choice||
|
|switch|p2a: Kabutops|Kabutops, L85|100\/100
|turn|31
|j|dirkaka
|choice||
|
|move|p1a: Starmie|Thunder Wave|p2a: Kabutops
|-status|p2a: Kabutops|par
|move|p2a: Kabutops|Body Slam|p1a: Starmie
|-damage|p1a: Starmie|71\/100
|
|turn|32
|choice||
|
|move|p1a: Starmie|Thunderbolt|p2a: Kabutops
|-supereffective|p2a: Kabutops
|-damage|p2a: Kabutops|47\/100 par
|move|p2a: Kabutops|Body Slam|p1a: Starmie
|-damage|p1a: Starmie|44\/100
|
|turn|33
|choice||
|
|move|p1a: Starmie|Recover|p1a: Starmie
|-heal|p1a: Starmie|93\/100
|move|p2a: Kabutops|Body Slam|p1a: Starmie
|-damage|p1a: Starmie|63\/100
|
|turn|34
|choice||
|
|move|p1a: Starmie|Thunderbolt|p2a: Kabutops|[miss]
|-miss|p1a: Starmie
|move|p2a: Kabutops|Body Slam|p1a: Starmie
|-damage|p1a: Starmie|36\/100
|-status|p1a: Starmie|par
|
|turn|35
|choice||
|
|move|p1a: Starmie|Recover|p1a: Starmie
|-heal|p1a: Starmie|86\/100 par
|move|p2a: Kabutops|Swords Dance|p2a: Kabutops
|-boost|p2a: Kabutops|atk|2
|
|turn|36
|choice||
|
|move|p2a: Kabutops|Hyper Beam|p1a: Starmie
|-damage|p1a: Starmie|0 fnt
|faint|p1a: Starmie
|choice||
|
|switch|p1a: Machoke|Machoke, L85|100\/100
|turn|37
|choice||
|
|move|p1a: Machoke|Submission|p2a: Kabutops
|-supereffective|p2a: Kabutops
|-damage|p2a: Kabutops|0 fnt
|-damage|p1a: Machoke|90\/100|[from] recoil|[of] p2a: Kabutops
|faint|p2a: Kabutops
|
|win|elmyue
|player|p1
|player|p2
|raw|elmyue's rating: 1299 &rarr; <strong>1335<\/strong><br \/>(+36 for winning)
|raw|Ch01W0n5h1n's rating: 1459 &rarr; <strong>1431<\/strong><br \/>(-28 for losing)
|l|dirkaka
|l|elmyue
|j|dirkaka
|l|dirkaka
|c|★Ch01W0n5h1n|that happens when you get the best pokemon with the worst set and nothing else lmao