|join|Agarest
|join|Lainer654
|player|p1|Agarest|161
|player|p2|Lainer654|2
|gametype|singles
|gen|1
|tier|[Gen 1] OU
|rated
|seed|41108,30767,43615,20450
|rule|Sleep Clause Mod: Limit one foe put to sleep
|rule|Freeze Clause Mod: Limit one foe frozen
|rule|Species Clause: Limit one of each Pokémon
|rule|OHKO Clause: OHKO moves are banned
|rule|Evasion Moves Clause: Evasion moves are banned
|rule|HP Percentage Mod: HP is shown in percentages
|
|start
|switch|p1a: Gengar|Gengar|323\/323
|switch|p2a: Jolteon|Jolteon|333\/333
|turn|1
|choice|switch 3|move 2
|
|switch|p1a: Chansey|Chansey|703\/703
|move|p2a: Jolteon|Thunder Wave|p1a: Chansey
|-status|p1a: Chansey|par
|
|turn|2
|choice|move 4|move 4
|
|move|p2a: Jolteon|Toxic|p1a: Chansey
|-fail|p1a: Chansey
|move|p1a: Chansey|Thunder Wave|p2a: Jolteon
|-status|p2a: Jolteon|par
|
|turn|3
|c|★Lainer654|misclicked
|choice|move 1|switch 4
|
|switch|p2a: Machamp|Machamp|383\/383
|move|p1a: Chansey|Ice Beam|p2a: Machamp
|-damage|p2a: Machamp|279\/383
|
|turn|4
|choice|switch 2|move 4
|
|switch|p1a: Exeggutor|Exeggutor|393\/393
|move|p2a: Machamp|Submission|p1a: Exeggutor
|-crit|p1a: Exeggutor
|-resisted|p1a: Exeggutor
|-damage|p1a: Exeggutor|281\/393
|-damage|p2a: Machamp|251\/383|[from] recoil|[of] p1a: Exeggutor
|
|turn|5
|choice|move 1|switch 2
|
|switch|p2a: Clefable|Clefable|393\/393
|move|p1a: Exeggutor|Psychic|p2a: Clefable
|-damage|p2a: Clefable|262\/393
|
|turn|6
|choice|switch 2|move 2
|
|switch|p1a: Chansey|Chansey|703\/703 par
|move|p2a: Clefable|Ice Beam|p1a: Chansey
|-damage|p1a: Chansey|636\/703 par
|
|turn|7
|choice|move 4|switch 3
|
|switch|p2a: Slowbro|Slowbro|393\/393
|move|p1a: Chansey|Thunder Wave|p2a: Slowbro
|-status|p2a: Slowbro|par
|
|turn|8
|choice|move 2|move 1
|
|move|p1a: Chansey|Thunderbolt|p2a: Slowbro
|-supereffective|p2a: Slowbro
|-damage|p2a: Slowbro|223\/393 par
|move|p2a: Slowbro|Amnesia|p2a: Slowbro
|-boost|p2a: Slowbro|spd|2
|-boost|p2a: Slowbro|spa|2
|
|turn|9
|choice|move 2|move 1
|
|cant|p2a: Slowbro|par
|move|p1a: Chansey|Thunderbolt|p2a: Slowbro
|-supereffective|p2a: Slowbro
|-damage|p2a: Slowbro|135\/393 par
|
|turn|10
|choice|switch 3|move 4
|
|switch|p1a: Gengar|Gengar|323\/323
|cant|p2a: Slowbro|par
|
|turn|11
|choice|move 2|move 4
|
|move|p1a: Gengar|Thunderbolt|p2a: Slowbro
|-crit|p2a: Slowbro
|-supereffective|p2a: Slowbro
|-damage|p2a: Slowbro|0 fnt
|faint|p2a: Slowbro
|choice||switch 2
|
|switch|p2a: Machamp|Machamp|251\/383
|turn|12
|choice|move 4|move 1
|
|move|p1a: Gengar|Hypnosis|p2a: Machamp
|-status|p2a: Machamp|slp
|cant|p2a: Machamp|slp
|
|turn|13
|choice|move 1|move 1
|
|move|p1a: Gengar|Night Shade|p2a: Machamp
|-damage|p2a: Machamp|151\/383 slp
|cant|p2a: Machamp|slp
|
|turn|14
|choice|move 1|switch 3
|
|switch|p2a: Clefable|Clefable|262\/393
|move|p1a: Gengar|Night Shade|p2a: Clefable
|-damage|p2a: Clefable|162\/393
|
|turn|15
|choice|switch 3|move 3
|
|switch|p1a: Chansey|Chansey|636\/703 par
|move|p2a: Clefable|Psychic|p1a: Chansey
|-damage|p1a: Chansey|579\/703 par
|-unboost|p1a: Chansey|spd|1
|-unboost|p1a: Chansey|spa|1
|
|turn|16
|choice|move 1|move 1
|
|move|p2a: Clefable|Light Screen|p2a: Clefable
|-start|p2a: Clefable|Light Screen
|move|p1a: Chansey|Ice Beam|p2a: Clefable
|-damage|p2a: Clefable|136\/393
|
|turn|17
|choice|move 4|move 3
|
|move|p2a: Clefable|Psychic|p1a: Chansey
|-damage|p1a: Chansey|485\/703 par
|move|p1a: Chansey|Thunder Wave|p2a: Clefable
|-status|p2a: Clefable|par
|
|turn|18
|choice|switch 6|move 3
|
|switch|p1a: Snorlax|Snorlax|523\/523
|cant|p2a: Clefable|par
|
|turn|19
|choice|move 1|switch 5
|
|switch|p2a: Pinsir|Pinsir|333\/333
|move|p1a: Snorlax|Body Slam|p2a: Pinsir
|-damage|p2a: Pinsir|218\/333
|-status|p2a: Pinsir|par
|
|turn|20
|choice|move 2|move 3
|
|move|p1a: Snorlax|Reflect|p1a: Snorlax
|-start|p1a: Snorlax|Reflect
|move|p2a: Pinsir|Submission|p1a: Snorlax|[miss]
|-miss|p2a: Pinsir
|
|turn|21
|choice|move 1|move 4
|
|move|p1a: Snorlax|Body Slam|p2a: Pinsir
|-damage|p2a: Pinsir|102\/333 par
|move|p2a: Pinsir|Substitute|p2a: Pinsir
|-start|p2a: Pinsir|Substitute
|-damage|p2a: Pinsir|19\/333 par
|
|turn|22
|choice|move 1|move 3
|
|move|p1a: Snorlax|Body Slam|p2a: Pinsir
|-end|p2a: Pinsir|Substitute
|move|p2a: Pinsir|Submission|p1a: Snorlax|[miss]
|-miss|p2a: Pinsir
|
|turn|23
|choice|move 3|move 3
|
|move|p1a: Snorlax|Amnesia|p1a: Snorlax
|-boost|p1a: Snorlax|spd|2
|-boost|p1a: Snorlax|spa|2
|cant|p2a: Pinsir|par
|
|turn|24
|c|★Lainer654|im loving these misses
|choice|move 1|move 3
|
|move|p1a: Snorlax|Body Slam|p2a: Pinsir
|-damage|p2a: Pinsir|0 fnt
|faint|p2a: Pinsir
|choice||switch 6
|
|switch|p2a: Kangaskhan|Kangaskhan|413\/413
|turn|25
|choice|move 1|move 2
|
|move|p2a: Kangaskhan|Mega Kick|p1a: Snorlax|[miss]
|-miss|p2a: Kangaskhan
|move|p1a: Snorlax|Body Slam|p2a: Kangaskhan
|-damage|p2a: Kangaskhan|290\/413
|
|turn|26
|choice|move 1|move 2
|
|move|p2a: Kangaskhan|Mega Kick|p1a: Snorlax
|-damage|p1a: Snorlax|438\/523
|move|p1a: Snorlax|Body Slam|p2a: Kangaskhan
|-damage|p2a: Kangaskhan|157\/413
|
|turn|27
|choice|move 1|move 2
|
|move|p2a: Kangaskhan|Mega Kick|p1a: Snorlax|[miss]
|-miss|p2a: Kangaskhan
|move|p1a: Snorlax|Body Slam|p2a: Kangaskhan
|-damage|p2a: Kangaskhan|30\/413
|
|turn|28
|choice|move 1|move 2
|
|move|p2a: Kangaskhan|Mega Kick|p1a: Snorlax|[miss]
|-miss|p2a: Kangaskhan
|move|p1a: Snorlax|Body Slam|p2a: Kangaskhan
|-damage|p2a: Kangaskhan|0 fnt
|faint|p2a: Kangaskhan
|choice||switch 4
|
|switch|p2a: Jolteon|Jolteon|333\/333 par
|turn|29
|choice|move 1|move 4
|
|move|p1a: Snorlax|Body Slam|p2a: Jolteon
|-damage|p2a: Jolteon|192\/333 par
|cant|p2a: Jolteon|par
|
|turn|30
|choice|move 1|move 4
|
|move|p1a: Snorlax|Body Slam|p2a: Jolteon
|-damage|p2a: Jolteon|40\/333 par
|move|p2a: Jolteon|Toxic|p1a: Snorlax
|-status|p1a: Snorlax|tox
|
|turn|31
|choice|move 1|move 1
|
|move|p1a: Snorlax|Body Slam|p2a: Jolteon
|-damage|p2a: Jolteon|0 fnt
|faint|p2a: Jolteon
|choice||switch 3
|
|switch|p2a: Machamp|Machamp|151\/383 slp
|turn|32
|choice|move 1|move 4
|
|cant|p2a: Machamp|slp
|move|p1a: Snorlax|Body Slam|p2a: Machamp
|-damage|p2a: Machamp|27\/383 slp
|-damage|p1a: Snorlax|406\/523 tox|[from] tox|[of] p2a: Machamp
|
|turn|33
|choice|move 1|move 4
|
|cant|p2a: Machamp|slp
|move|p1a: Snorlax|Body Slam|p2a: Machamp
|-damage|p2a: Machamp|0 fnt
|faint|p2a: Machamp
|choice||switch 5
|
|switch|p2a: Clefable|Clefable|136\/393 par
|turn|34
|choice|move 1|move 3
|
|move|p1a: Snorlax|Body Slam|p2a: Clefable
|-damage|p2a: Clefable|2\/393 par
|-damage|p1a: Snorlax|342\/523 tox|[from] tox|[of] p2a: Clefable
|cant|p2a: Clefable|par
|
|turn|35
|choice|move 1|move 3
|
|move|p1a: Snorlax|Body Slam|p2a: Clefable
|-damage|p2a: Clefable|0 fnt
|faint|p2a: Clefable
|
|win|Agarest
|raw|Agarest's rating: 1105 &rarr; <strong>1122<\/strong><br \/>(+17 for winning)
|raw|Lainer654's rating: 1000 &rarr; <strong>1000<\/strong><br \/>(+0 for losing)
|c|★Agarest|gg
|c|★Lainer654|gg