|join|rozes
|join|qsns
|player|p1|rozes|138
|player|p2|qsns|170
|gametype|singles
|gen|1
|tier|[Gen 1] OU
|seed|65183,62661,20658,39891
|rule|Sleep Clause Mod: Limit one foe put to sleep
|rule|Freeze Clause Mod: Limit one foe frozen
|rule|Species Clause: Limit one of each Pokémon
|rule|OHKO Clause: OHKO moves are banned
|rule|Evasion Moves Clause: Evasion moves are banned
|rule|HP Percentage Mod: HP is shown in percentages
|
|start
|switch|p1a: Alakazam|Alakazam|313\/313
|switch|p2a: Jynx|Jynx|333\/333
|turn|1
|c|★qsns|hope i freeze you like 10 times
|join|Hootie
|c| Hootie|oO
|c| Hootie|rozes is bad
|c| Hootie|haha
|choice|move 2|move 2
|
|move|p1a: Alakazam|Thunder Wave|p2a: Jynx
|-status|p2a: Jynx|par
|move|p2a: Jynx|Lovely Kiss|p1a: Alakazam
|-status|p1a: Alakazam|slp
|
|turn|2
|c|★rozes|r-r-rude
|c|★rozes|FUCK
|c|★rozes|I HAVE AN EYE APPOINTMENT
|c|★rozes|:(
|c| Hootie|lol
|c|★qsns|rlly
|c|★rozes|can you turn off timer
|c|★rozes|ill be back in 30
|c|★qsns|lmao
|c|★qsns|ok
|c|★qsns|cya
|c| Hootie|Hootie: rozes is bad
|c|★qsns|hows it hangin hootie
|c| Hootie|pgood
|c| Hootie|you?
|c|★qsns|eh im fine
|c|★qsns|nice rmt
|c|★qsns|n_n
|c| Hootie|oh thanks n_n
|c|★rozes|Ok
|c|★rozes|on my phone
|c|★qsns|okey
|c|★qsns|gl
|c|★rozes|I might be called into the appointment at any minute
|c|★rozes|So let's go quick
|choice|switch 4|move 4
|
|switch|p1a: Chansey|Chansey|703\/703
|move|p2a: Jynx|Blizzard|p1a: Chansey
|-damage|p1a: Chansey|579\/703
|
|turn|3
|c|★qsns|no freeze
|c|★qsns|sb
|c|★qsns|bs
|choice|move 1|switch 4
|
|switch|p2a: Snorlax|Snorlax|523\/523
|move|p1a: Chansey|Seismic Toss|p2a: Snorlax
|-damage|p2a: Snorlax|423\/523
|
|turn|4
|choice|switch 5|move 1
|
|switch|p1a: Rhydon|Rhydon|413\/413
|move|p2a: Snorlax|Body Slam|p1a: Rhydon
|-resisted|p1a: Rhydon
|-damage|p1a: Rhydon|370\/413
|-status|p1a: Rhydon|par
|
|turn|5
|choice|move 1|switch 5
|
|switch|p2a: Exeggutor|Exeggutor|393\/393
|move|p1a: Rhydon|Earthquake|p2a: Exeggutor
|-resisted|p2a: Exeggutor
|-damage|p2a: Exeggutor|309\/393
|
|turn|6
|choice|switch 2|move 1
|
|switch|p1a: Exeggutor|Exeggutor|393\/393
|move|p2a: Exeggutor|Psychic|p1a: Exeggutor
|-resisted|p1a: Exeggutor
|-damage|p1a: Exeggutor|341\/393
|-unboost|p1a: Exeggutor|spd|1
|-unboost|p1a: Exeggutor|spa|1
|
|turn|7
|choice|move 1|switch 4
|
|switch|p2a: Jynx|Jynx|333\/333 par
|move|p1a: Exeggutor|Sleep Powder|p2a: Jynx
|-fail|p2a: Jynx
|
|turn|8
|choice|move 4|move 4
|
|move|p1a: Exeggutor|Explosion|p2a: Jynx
|-damage|p2a: Jynx|0 fnt
|faint|p2a: Jynx
|faint|p1a: Exeggutor
|c|★qsns|k\
|c|★rozes|Have to ho
|choice|switch 3|switch 3
|
|switch|p2a: Tauros|Tauros|353\/353
|switch|p1a: Snorlax|Snorlax|523\/523
|turn|9
|c|★rozes|vack in 29
|c|★qsns|k
|c|★qsns|gl
|c|★qsns|with the appointment n___n
|c| Hootie|meta ur so addicted
|c| Hootie|maaaaaaaaaaaaan
|c|★qsns|maaaaaaaaaaaaaaaaaaaaaaaaaaaaan
|c| Hootie|meta is a john
|c| Hootie|timer him
|c| Hootie|IMO
|c|★qsns|good idea
|leave|Hootie
|join|Hootie
|c| Hootie|wow firefox thanks for crashing
|leave|Hootie
|join|Hootie
|join|deoxys speed lol
|choice|switch 2|switch 4
|
|switch|p2a: Exeggutor|Exeggutor|309\/393
|switch|p1a: Rhydon|Rhydon|370\/413 par
|
|turn|10
|choice|switch 4|move 1
|
|switch|p1a: Alakazam|Alakazam|313\/313 slp
|move|p2a: Exeggutor|Psychic|p1a: Alakazam
|-resisted|p1a: Alakazam
|-damage|p1a: Alakazam|261\/313 slp
|
|turn|11
|choice|move 2|switch 5
|
|switch|p2a: Snorlax|Snorlax|423\/523
|cant|p1a: Alakazam|slp
|
|turn|12
|choice|move 2|move 1
|
|cant|p1a: Alakazam|slp
|move|p2a: Snorlax|Body Slam|p1a: Alakazam
|-damage|p1a: Alakazam|90\/313 slp
|
|turn|13
|choice|move 2|move 2
|
|cant|p1a: Alakazam|slp
|move|p2a: Snorlax|Earthquake|p1a: Alakazam
|-damage|p1a: Alakazam|0 fnt
|faint|p1a: Alakazam
|choice|switch 2|
|
|switch|p1a: Snorlax|Snorlax|523\/523
|turn|14
|choice|move 1|move 1
|
|move|p1a: Snorlax|Body Slam|p2a: Snorlax
|-damage|p2a: Snorlax|293\/523
|move|p2a: Snorlax|Body Slam|p1a: Snorlax
|-damage|p1a: Snorlax|379\/523
|
|turn|15
|choice|move 1|move 4
|
|move|p2a: Snorlax|Self-Destruct|p1a: Snorlax
|-damage|p1a: Snorlax|0 fnt
|faint|p1a: Snorlax
|faint|p2a: Snorlax
|choice|switch 6|switch 5
|
|switch|p1a: Tauros|Tauros|353\/353
|switch|p2a: Exeggutor|Exeggutor|309\/393
|turn|16
|choice|move 4|move 2
|
|move|p1a: Tauros|Blizzard|p2a: Exeggutor
|-crit|p2a: Exeggutor
|-supereffective|p2a: Exeggutor
|-damage|p2a: Exeggutor|64\/393
|-status|p2a: Exeggutor|frz
|cant|p2a: Exeggutor|frz
|
|turn|17
|c|★qsns|are you
|c|★qsns|holy
|c|★qsns|shit
|choice|move 1|move 3
|
|move|p1a: Tauros|Body Slam|p2a: Exeggutor
|-damage|p2a: Exeggutor|0 fnt
|faint|p2a: Exeggutor
|c|★qsns|drop dead
|choice||switch 2
|
|switch|p2a: Zapdos|Zapdos|383\/383
|turn|18
|choice|move 4|move 4
|
|move|p1a: Tauros|Blizzard|p2a: Zapdos
|-supereffective|p2a: Zapdos
|-damage|p2a: Zapdos|254\/383
|move|p2a: Zapdos|Thunder Wave|p1a: Tauros
|-status|p1a: Tauros|par
|
|turn|19
|choice|move 4|move 1
|
|move|p2a: Zapdos|Thunderbolt|p1a: Tauros
|-damage|p1a: Tauros|176\/353 par
|move|p1a: Tauros|Blizzard|p2a: Zapdos
|-crit|p2a: Zapdos
|-supereffective|p2a: Zapdos
|-damage|p2a: Zapdos|23\/383
|
|turn|20
|choice|move 1|move 1
|
|move|p2a: Zapdos|Thunderbolt|p1a: Tauros
|-damage|p1a: Tauros|15\/353 par
|cant|p1a: Tauros|par
|
|turn|21
|choice|move 1|move 3
|
|move|p2a: Zapdos|Drill Peck|p1a: Tauros
|-damage|p1a: Tauros|0 fnt
|faint|p1a: Tauros
|choice|switch 4|
|
|switch|p1a: Rhydon|Rhydon|370\/413 par
|turn|22
|choice|move 3|move 3
|
|move|p2a: Zapdos|Drill Peck|p1a: Rhydon
|-resisted|p1a: Rhydon
|-damage|p1a: Rhydon|334\/413 par
|move|p1a: Rhydon|Body Slam|p2a: Zapdos
|-damage|p2a: Zapdos|0 fnt
|faint|p2a: Zapdos
|choice||switch 4
|
|switch|p2a: Tauros|Tauros|353\/353
|turn|23
|choice|move 1|move 2
|
|move|p2a: Tauros|Blizzard|p1a: Rhydon|[miss]
|-miss|p2a: Tauros
|move|p1a: Rhydon|Earthquake|p2a: Tauros
|-damage|p2a: Tauros|199\/353
|
|turn|24
|choice|move 1|move 2
|
|move|p2a: Tauros|Blizzard|p1a: Rhydon
|-supereffective|p1a: Rhydon
|-damage|p1a: Rhydon|113\/413 par
|cant|p1a: Rhydon|par
|
|turn|25
|choice|move 1|move 3
|
|move|p2a: Tauros|Earthquake|p1a: Rhydon
|-crit|p1a: Rhydon
|-supereffective|p1a: Rhydon
|-damage|p1a: Rhydon|0 fnt
|faint|p1a: Rhydon
|choice|switch 5|
|
|switch|p1a: Chansey|Chansey|579\/703
|turn|26
|choice|move 2|move 1
|
|move|p2a: Tauros|Body Slam|p1a: Chansey
|-damage|p1a: Chansey|311\/703
|move|p1a: Chansey|Thunder Wave|p2a: Tauros
|-status|p2a: Tauros|par
|
|turn|27
|choice|move 4|move 1
|
|move|p1a: Chansey|Soft-Boiled|p1a: Chansey
|-heal|p1a: Chansey|662\/703
|move|p2a: Tauros|Body Slam|p1a: Chansey
|-damage|p1a: Chansey|380\/703
|
|turn|28
|choice|move 4|move 1
|
|move|p1a: Chansey|Soft-Boiled|p1a: Chansey
|-heal|p1a: Chansey|703\/703
|move|p2a: Tauros|Body Slam|p1a: Chansey
|-crit|p1a: Chansey
|-damage|p1a: Chansey|204\/703
|
|turn|29
|choice|move 4|switch 6
|
|switch|p2a: Chansey|Chansey|703\/703
|move|p1a: Chansey|Soft-Boiled|p1a: Chansey
|-heal|p1a: Chansey|555\/703
|
|turn|30
|choice|move 2|move 1
|
|move|p1a: Chansey|Thunder Wave|p2a: Chansey
|-status|p2a: Chansey|par
|move|p2a: Chansey|Ice Beam|p1a: Chansey
|-damage|p1a: Chansey|480\/703
|
|turn|31
|choice|move 1|move 1
|
|move|p1a: Chansey|Seismic Toss|p2a: Chansey
|-damage|p2a: Chansey|603\/703 par
|cant|p2a: Chansey|par
|
|turn|32
|choice|move 1|move 1
|
|move|p1a: Chansey|Seismic Toss|p2a: Chansey
|-damage|p2a: Chansey|503\/703 par
|move|p2a: Chansey|Ice Beam|p1a: Chansey
|-damage|p1a: Chansey|405\/703
|-status|p1a: Chansey|frz
|
|turn|33
|c|★qsns|bop
|c|★rozes|GG
|c|★qsns|gg
|-message|rozes forfeited.
|
|win|qsns
|leave|deoxys speed lol
|leave|rozes
|player|p1