|j|MALESANI
|j|darthlegit
|player|p1|MALESANI|238
|player|p2|darthlegit|20
|gametype|singles
|gen|1
|tier|[Gen 1] Random Battle
|rated
|seed|20437,39210,25090,54015
|rule|Sleep Clause Mod: Limit one foe put to sleep
|rule|Freeze Clause Mod: Limit one foe frozen
|rule|HP Percentage Mod: HP is shown in percentages
|
|start
|switch|p1a: Vulpix|Vulpix, L96|268\/268
|switch|p2a: Nidorino|Nidorino, L90|293\/293
|turn|1
|choice|move 1|move 3
|
|move|p1a: Vulpix|Fire Blast|p2a: Nidorino
|-damage|p2a: Nidorino|133\/293
|move|p2a: Nidorino|Bubble Beam|p1a: Vulpix
|-supereffective|p1a: Vulpix
|-damage|p1a: Vulpix|192\/268
|
|turn|2
|choice|move 1|switch 4
|
|switch|p2a: Blastoise|Blastoise, L85|308\/308
|move|p1a: Vulpix|Fire Blast|p2a: Blastoise
|-resisted|p2a: Blastoise
|-damage|p2a: Blastoise|243\/308
|
|turn|3
|choice|move 3|move 1
|
|move|p1a: Vulpix|Confuse Ray|p2a: Blastoise
|-start|p2a: Blastoise|confusion
|-activate|p2a: Blastoise|confusion
|move|p2a: Blastoise|Earthquake|p1a: Vulpix
|-supereffective|p1a: Vulpix
|-damage|p1a: Vulpix|16\/268
|
|turn|4
|choice|move 2|move 1
|
|move|p1a: Vulpix|Body Slam|p2a: Blastoise
|-damage|p2a: Blastoise|198\/308
|-status|p2a: Blastoise|par
|-activate|p2a: Blastoise|confusion
|move|p2a: Blastoise|Earthquake|p1a: Vulpix
|-crit|p1a: Vulpix
|-supereffective|p1a: Vulpix
|-damage|p1a: Vulpix|0 fnt
|faint|p1a: Vulpix
|choice|switch 4|
|
|switch|p1a: Zapdos|Zapdos, L79|304\/304
|turn|5
|choice|move 3|switch 6
|
|switch|p2a: Jolteon|Jolteon, L79|265\/265
|move|p1a: Zapdos|Thunderbolt|p2a: Jolteon
|-resisted|p2a: Jolteon
|-damage|p2a: Jolteon|215\/265
|
|turn|6
|choice|move 2|move 2
|
|move|p2a: Jolteon|Thunder Wave|p1a: Zapdos
|-status|p1a: Zapdos|par
|move|p1a: Zapdos|Thunder Wave|p2a: Jolteon
|-status|p2a: Jolteon|par
|
|turn|7
|choice|switch 6|move 1
|
|switch|p1a: Ninetales|Ninetales, L85|298\/298
|move|p2a: Jolteon|Thunderbolt|p1a: Ninetales
|-damage|p1a: Ninetales|207\/298
|-status|p1a: Ninetales|par
|
|turn|8
|choice|move 1|move 1
|
|cant|p2a: Jolteon|par
|move|p1a: Ninetales|Fire Blast|p2a: Jolteon|[miss]
|-miss|p1a: Ninetales
|
|turn|9
|choice|move 1|move 1
|
|cant|p2a: Jolteon|par
|move|p1a: Ninetales|Fire Blast|p2a: Jolteon
|-damage|p2a: Jolteon|92\/265 par
|
|turn|10
|choice|move 1|move 1
|
|move|p2a: Jolteon|Thunderbolt|p1a: Ninetales
|-damage|p1a: Ninetales|124\/298 par
|cant|p1a: Ninetales|par
|
|turn|11
|choice|move 1|move 1
|
|move|p2a: Jolteon|Thunderbolt|p1a: Ninetales
|-damage|p1a: Ninetales|42\/298 par
|cant|p1a: Ninetales|par
|
|turn|12
|choice|move 1|move 1
|
|move|p2a: Jolteon|Thunderbolt|p1a: Ninetales
|-damage|p1a: Ninetales|0 fnt
|faint|p1a: Ninetales
|choice|switch 2|
|
|switch|p1a: Pinsir|Pinsir, L85|284\/284
|turn|13
|choice|move 1|switch 5
|
|switch|p2a: Victreebel|Victreebel, L85|310\/310
|move|p1a: Pinsir|Body Slam|p2a: Victreebel
|-damage|p2a: Victreebel|218\/310
|-status|p2a: Victreebel|par
|
|turn|14
|choice|move 1|move 2
|
|move|p1a: Pinsir|Body Slam|p2a: Victreebel
|-damage|p2a: Victreebel|126\/310 par
|cant|p2a: Victreebel|par
|
|turn|15
|choice|move 3|move 4
|
|move|p1a: Pinsir|Hyper Beam|p2a: Victreebel
|-damage|p2a: Victreebel|0 fnt
|faint|p2a: Victreebel
|choice||switch 2
|
|switch|p2a: Articuno|Articuno, L79|304\/304
|turn|16
|choice|switch 5|move 4
|
|switch|p1a: Jynx|Jynx, L79|265\/265
|move|p2a: Articuno|Reflect|p2a: Articuno
|-start|p2a: Articuno|Reflect
|
|turn|17
|choice|move 4|switch 6
|
|switch|p2a: Blastoise|Blastoise, L85|198\/308 par
|move|p1a: Jynx|Lovely Kiss|p2a: Blastoise|[miss]
|-miss|p1a: Jynx
|
|turn|18
|choice|move 1|move 1
|
|move|p1a: Jynx|Psychic|p2a: Blastoise
|-damage|p2a: Blastoise|113\/308 par
|move|p2a: Blastoise|Earthquake|p1a: Jynx
|-damage|p1a: Jynx|145\/265
|
|turn|19
|choice|switch 6|move 4
|
|switch|p1a: Zapdos|Zapdos, L79|304\/304 par
|move|p2a: Blastoise|Hyper Beam|p1a: Zapdos
|-crit|p1a: Zapdos
|-damage|p1a: Zapdos|107\/304 par
|
|turn|20
|-mustrecharge|p2a: Blastoise
|-mustrecharge|p2a: Blastoise
|choice|move 1|move 1
|
|move|p1a: Zapdos|Agility|p1a: Zapdos
|-boost|p1a: Zapdos|spe|2
|cant|p2a: Blastoise|recharge
|
|turn|21
|choice|move 3|move 4
|
|move|p1a: Zapdos|Thunderbolt|p2a: Blastoise
|-supereffective|p2a: Blastoise
|-damage|p2a: Blastoise|0 fnt
|faint|p2a: Blastoise
|choice||switch 3
|
|switch|p2a: Alakazam|Alakazam, L79|249\/249
|turn|22
|choice|move 4|move 1
|
|cant|p1a: Zapdos|par
|move|p2a: Alakazam|Psychic|p1a: Zapdos
|-damage|p1a: Zapdos|20\/304 par
|
|turn|23
|choice|move 4|move 1
|
|move|p1a: Zapdos|Drill Peck|p2a: Alakazam
|-damage|p2a: Alakazam|137\/249
|move|p2a: Alakazam|Psychic|p1a: Zapdos
|-damage|p1a: Zapdos|0 fnt
|faint|p1a: Zapdos
|choice|switch 5|
|
|switch|p1a: Pinsir|Pinsir, L85|284\/284
|turn|24
|choice|move 1|switch 4
|
|switch|p2a: Nidorino|Nidorino, L90|133\/293
|move|p1a: Pinsir|Body Slam|p2a: Nidorino
|-damage|p2a: Nidorino|49\/293
|
|turn|25
|choice|move 1|move 4
|
|move|p1a: Pinsir|Body Slam|p2a: Nidorino
|-damage|p2a: Nidorino|0 fnt
|faint|p2a: Nidorino
|choice||switch 6
|
|switch|p2a: Articuno|Articuno, L79|304\/304
|turn|26
|choice|move 1|move 1
|
|move|p1a: Pinsir|Body Slam|p2a: Articuno
|-damage|p2a: Articuno|227\/304
|-status|p2a: Articuno|par
|move|p2a: Articuno|Blizzard|p1a: Pinsir
|-damage|p1a: Pinsir|116\/284
|
|turn|27
|choice|move 3|move 1
|
|move|p1a: Pinsir|Hyper Beam|p2a: Articuno|[miss]
|-miss|p1a: Pinsir
|move|p2a: Articuno|Blizzard|p1a: Pinsir
|-crit|p1a: Pinsir
|-damage|p1a: Pinsir|0 fnt
|faint|p1a: Pinsir
|choice|switch 3|
|
|switch|p1a: Articuno|Articuno, L79|304\/304
|turn|28
|choice|move 4|move 1
|
|move|p1a: Articuno|Blizzard|p2a: Articuno
|-damage|p2a: Articuno|116\/304 par
|cant|p2a: Articuno|par
|
|turn|29
|choice|move 4|move 2
|
|move|p1a: Articuno|Blizzard|p2a: Articuno
|-damage|p2a: Articuno|1\/304 par
|move|p2a: Articuno|Rest|p2a: Articuno
|-status|p2a: Articuno|slp
|-heal|p2a: Articuno|304\/304 slp|[silent]
|-status|p2a: Articuno|slp|[from] move: Rest
|
|turn|30
|choice|switch 6|move 1
|
|switch|p1a: Jynx|Jynx, L79|145\/265
|cant|p2a: Articuno|slp
|
|turn|31
|choice|move 1|move 1
|
|move|p1a: Jynx|Psychic|p2a: Articuno
|-damage|p2a: Articuno|237\/304 slp
|-unboost|p2a: Articuno|spd|1
|-unboost|p2a: Articuno|spa|1
|-curestatus|p2a: Articuno|slp
|
|turn|32
|choice|move 4|switch 5
|
|switch|p2a: Jolteon|Jolteon, L79|92\/265 par
|move|p1a: Jynx|Lovely Kiss|p2a: Jolteon
|-fail|p2a: Jolteon
|
|turn|33
|choice|move 2|move 2
|
|move|p1a: Jynx|Blizzard|p2a: Jolteon
|-damage|p2a: Jolteon|0 fnt
|faint|p2a: Jolteon
|choice||switch 4
|
|switch|p2a: Alakazam|Alakazam, L79|137\/249
|turn|34
|choice|move 4|move 4
|
|move|p2a: Alakazam|Seismic Toss|p1a: Jynx
|-damage|p1a: Jynx|66\/265
|move|p1a: Jynx|Lovely Kiss|p2a: Alakazam
|-status|p2a: Alakazam|slp
|
|turn|35
|choice|move 2|switch 5
|
|switch|p2a: Articuno|Articuno, L79|237\/304
|move|p1a: Jynx|Blizzard|p2a: Articuno
|-damage|p2a: Articuno|145\/304
|
|turn|36
|choice|move 1|move 1
|
|move|p1a: Jynx|Psychic|p2a: Articuno
|-damage|p2a: Articuno|73\/304
|move|p2a: Articuno|Blizzard|p1a: Jynx|[miss]
|-miss|p2a: Articuno
|
|turn|37
|choice|move 2|move 2
|
|move|p1a: Jynx|Blizzard|p2a: Articuno
|-crit|p2a: Articuno
|-damage|p2a: Articuno|0 fnt
|faint|p2a: Articuno
|choice||switch 5
|
|switch|p2a: Alakazam|Alakazam, L79|137\/249 slp
|turn|38
|choice|move 3|move 2
|
|cant|p2a: Alakazam|slp
|move|p1a: Jynx|Mimic|p2a: Alakazam
|-start|p1a: Jynx|Mimic|Reflect
|
|turn|39
|choice|move 2|move 2
|
|cant|p2a: Alakazam|slp
|move|p1a: Jynx|Blizzard|p2a: Alakazam
|-damage|p2a: Alakazam|55\/249 slp
|
|turn|40
|choice|move 1|move 2
|
|-curestatus|p2a: Alakazam|slp
|move|p1a: Jynx|Psychic|p2a: Alakazam
|-resisted|p2a: Alakazam
|-damage|p2a: Alakazam|22\/249
|
|turn|41
|choice|move 4|move 4
|
|move|p2a: Alakazam|Seismic Toss|p1a: Jynx
|-damage|p1a: Jynx|0 fnt
|faint|p1a: Jynx
|choice|switch 6|
|
|switch|p1a: Articuno|Articuno, L79|304\/304
|turn|42
|choice|move 4|move 3
|
|move|p2a: Alakazam|Thunder Wave|p1a: Articuno
|-status|p1a: Articuno|par
|cant|p1a: Articuno|par
|
|turn|43
|choice|move 4|move 1
|
|move|p2a: Alakazam|Psychic|p1a: Articuno
|-crit|p1a: Articuno
|-damage|p1a: Articuno|128\/304 par
|-unboost|p1a: Articuno|spd|1
|-unboost|p1a: Articuno|spa|1
|move|p1a: Articuno|Blizzard|p2a: Alakazam
|-damage|p2a: Alakazam|0 fnt
|faint|p2a: Alakazam
|
|win|MALESANI
|player|p1
|player|p2
|raw|MALESANI's rating: 1463 &rarr; <strong>1475<\/strong><br \/>(+12 for winning)
|raw|darthlegit's rating: 1316 &rarr; <strong>1304<\/strong><br \/>(-12 for losing)