|j|lucaziken95
|j|Ciaocaro
|player|p1|lucaziken95|165
|player|p2|Ciaocaro|12
|gametype|singles
|gen|1
|tier|[Gen 1] Random Battle
|rated
|seed|48024,14761,12346,42185
|rule|Sleep Clause Mod: Limit one foe put to sleep
|rule|Freeze Clause Mod: Limit one foe frozen
|rule|HP Percentage Mod: HP is shown in percentages
|
|start
|switch|p1a: Moltres|Moltres, L85|327\/327
|switch|p2a: Kadabra|Kadabra, L85|242\/242
|turn|1
|choice|move Reflect|switch 4
|
|switch|p2a: Arbok|Arbok, L90|291\/291
|move|p1a: Moltres|Reflect|p1a: Moltres
|-start|p1a: Moltres|Reflect
|
|turn|2
|j|LucaSolcacielo
|choice|move Substitute|move 4
|
|move|p1a: Moltres|Substitute|p1a: Moltres
|-start|p1a: Moltres|Substitute
|-damage|p1a: Moltres|246\/327
|move|p2a: Arbok|Glare|p1a: Moltres
|-status|p1a: Moltres|par
|
|turn|3
|choice|move Fire Blast|move 1
|
|move|p2a: Arbok|Rock Slide|p1a: Moltres
|-supereffective|p1a: Moltres
|-end|p1a: Moltres|Substitute
|move|p1a: Moltres|Fire Blast|p2a: Arbok
|-damage|p2a: Arbok|127\/291
|
|turn|4
|choice|move Fire Blast|move 1
|
|move|p2a: Arbok|Rock Slide|p1a: Moltres
|-supereffective|p1a: Moltres
|-damage|p1a: Moltres|130\/327 par
|move|p1a: Moltres|Fire Blast|p2a: Arbok
|-damage|p2a: Arbok|0 fnt
|faint|p2a: Arbok
|choice||switch 3
|
|switch|p2a: Farfetch'd|Farfetch'd, L99|304\/304
|turn|5
|choice|move Fire Blast|move 1
|
|move|p2a: Farfetch'd|Slash|p1a: Moltres
|-damage|p1a: Moltres|89\/327 par
|move|p1a: Moltres|Fire Blast|p2a: Farfetch'd
|-damage|p2a: Farfetch'd|139\/304
|
|turn|6
|c| LucaSolcacielo|go farfetch!
|c| LucaSolcacielo|:)
|choice|move Fire Blast|switch 2
|
|switch|p2a: Arcanine|Arcanine, L85|327\/327
|move|p1a: Moltres|Fire Blast|p2a: Arcanine
|-crit|p2a: Arcanine
|-resisted|p2a: Arcanine
|-damage|p2a: Arcanine|173\/327
|
|turn|7
|choice|move Reflect|move 1
|
|move|p2a: Arcanine|Body Slam|p1a: Moltres
|-damage|p1a: Moltres|58\/327 par
|move|p1a: Moltres|Reflect|p1a: Moltres
|-fail|p1a: Moltres
|
|turn|8
|choice|move Fire Blast|move 2
|
|move|p2a: Arcanine|Fire Blast|p1a: Moltres
|-resisted|p1a: Moltres
|-damage|p1a: Moltres|17\/327 par
|cant|p1a: Moltres|par
|
|turn|9
|choice|move Fire Blast|move 1
|
|move|p2a: Arcanine|Body Slam|p1a: Moltres
|-damage|p1a: Moltres|0 fnt
|faint|p1a: Moltres
|l|LucaSolcacielo
|choice|switch 3|
|
|switch|p1a: Slowbro|Slowbro, L79|312\/312
|turn|10
|choice|move Surf|switch 4
|
|switch|p2a: Kadabra|Kadabra, L85|242\/242
|move|p1a: Slowbro|Surf|p2a: Kadabra
|-damage|p2a: Kadabra|176\/242
|
|turn|11
|choice|move Amnesia|move 3
|
|move|p2a: Kadabra|Thunder Wave|p1a: Slowbro
|-status|p1a: Slowbro|par
|move|p1a: Slowbro|Amnesia|p1a: Slowbro
|-boost|p1a: Slowbro|spd|2
|-boost|p1a: Slowbro|spa|2
|
|turn|12
|choice|move Amnesia|move 2
|
|move|p2a: Kadabra|Seismic Toss|p1a: Slowbro
|-damage|p1a: Slowbro|227\/312 par
|move|p1a: Slowbro|Amnesia|p1a: Slowbro
|-boost|p1a: Slowbro|spd|2
|-boost|p1a: Slowbro|spa|2
|
|turn|13
|choice|move Thunder Wave|move 2
|
|move|p2a: Kadabra|Seismic Toss|p1a: Slowbro
|-damage|p1a: Slowbro|142\/312 par
|cant|p1a: Slowbro|par
|
|turn|14
|choice|move Rest|move 2
|
|move|p2a: Kadabra|Seismic Toss|p1a: Slowbro
|-damage|p1a: Slowbro|57\/312 par
|move|p1a: Slowbro|Rest|p1a: Slowbro
|-fail|p1a: Slowbro
|
|turn|15
|choice|move Surf|move 2
|
|move|p2a: Kadabra|Seismic Toss|p1a: Slowbro
|-damage|p1a: Slowbro|0 fnt
|faint|p1a: Slowbro
|choice|switch 5|
|
|switch|p1a: Zapdos|Zapdos, L79|304\/304
|turn|16
|choice|move Thunder Wave|move 3
|
|move|p2a: Kadabra|Thunder Wave|p1a: Zapdos
|-status|p1a: Zapdos|par
|move|p1a: Zapdos|Thunder Wave|p2a: Kadabra
|-status|p2a: Kadabra|par
|
|turn|17
|choice|move Agility|move 1
|
|move|p2a: Kadabra|Psychic|p1a: Zapdos
|-crit|p1a: Zapdos
|-damage|p1a: Zapdos|119\/304 par
|cant|p1a: Zapdos|par
|
|turn|18
|choice|move Agility|move 1
|
|cant|p2a: Kadabra|par
|move|p1a: Zapdos|Agility|p1a: Zapdos
|-boost|p1a: Zapdos|spe|2
|
|turn|19
|choice|move Drill Peck|move 1
|
|move|p1a: Zapdos|Drill Peck|p2a: Kadabra
|-damage|p2a: Kadabra|52\/242 par
|move|p2a: Kadabra|Psychic|p1a: Zapdos
|-damage|p1a: Zapdos|26\/304 par
|
|turn|20
|choice|move Drill Peck|move 1
|
|move|p1a: Zapdos|Drill Peck|p2a: Kadabra
|-damage|p2a: Kadabra|0 fnt
|faint|p2a: Kadabra
|choice||switch 2
|
|switch|p2a: Farfetch'd|Farfetch'd, L99|139\/304
|turn|21
|choice|move Thunderbolt|move 1
|
|move|p1a: Zapdos|Thunderbolt|p2a: Farfetch'd
|-supereffective|p2a: Farfetch'd
|-damage|p2a: Farfetch'd|0 fnt
|faint|p2a: Farfetch'd
|choice||switch 4
|
|switch|p2a: Arcanine|Arcanine, L85|173\/327
|turn|22
|choice|move Drill Peck|move 1
|
|move|p1a: Zapdos|Drill Peck|p2a: Arcanine
|-damage|p2a: Arcanine|104\/327
|move|p2a: Arcanine|Body Slam|p1a: Zapdos
|-damage|p1a: Zapdos|0 fnt
|faint|p1a: Zapdos
|choice|switch 2|
|
|switch|p1a: Grimer|Grimer, L96|348\/348
|turn|23
|choice|move Explosion|switch 6
|
|switch|p2a: Sandslash|Sandslash, L85|301\/301
|move|p1a: Grimer|Explosion|p2a: Sandslash
|-damage|p2a: Sandslash|71\/301
|faint|p1a: Grimer
|choice|switch 4|
|
|switch|p1a: Wigglytuff|Wigglytuff, L90|435\/435
|turn|24
|choice|move Blizzard|switch 5
|
|switch|p2a: Hitmonchan|Hitmonchan, L90|273\/273
|move|p1a: Wigglytuff|Blizzard|p2a: Hitmonchan
|-damage|p2a: Hitmonchan|166\/273
|
|turn|25
|choice|move Sing|move 2
|
|move|p2a: Hitmonchan|Submission|p1a: Wigglytuff
|-supereffective|p1a: Wigglytuff
|-damage|p1a: Wigglytuff|158\/435
|-damage|p2a: Hitmonchan|97\/273|[from] recoil|[of] p1a: Wigglytuff
|move|p1a: Wigglytuff|Sing|p2a: Hitmonchan|[miss]
|-miss|p1a: Wigglytuff
|
|turn|26
|choice|move Hyper Beam|move 2
|
|move|p2a: Hitmonchan|Submission|p1a: Wigglytuff
|-supereffective|p1a: Wigglytuff
|-damage|p1a: Wigglytuff|0 fnt
|-damage|p2a: Hitmonchan|58\/273|[from] recoil|[of] p1a: Wigglytuff
|faint|p1a: Wigglytuff
|choice|switch 6|
|
|switch|p1a: Tauros|Tauros, L79|280\/280
|turn|27
|choice|move Earthquake|move 4
|
|move|p1a: Tauros|Earthquake|p2a: Hitmonchan
|-crit|p2a: Hitmonchan
|-damage|p2a: Hitmonchan|0 fnt
|faint|p2a: Hitmonchan
|choice||switch 5
|
|switch|p2a: Sandslash|Sandslash, L85|71\/301
|turn|28
|choice|move Body Slam|move 1
|
|move|p1a: Tauros|Body Slam|p2a: Sandslash
|-damage|p2a: Sandslash|5\/301
|move|p2a: Sandslash|Earthquake|p1a: Tauros
|-damage|p1a: Tauros|166\/280
|
|turn|29
|choice|move Body Slam|move 4
|
|move|p1a: Tauros|Body Slam|p2a: Sandslash
|-crit|p2a: Sandslash
|-damage|p2a: Sandslash|0 fnt
|faint|p2a: Sandslash
|choice||switch 6
|
|switch|p2a: Arcanine|Arcanine, L85|104\/327
|turn|30
|choice|move Hyper Beam|move 2
|
|move|p1a: Tauros|Hyper Beam|p2a: Arcanine
|-damage|p2a: Arcanine|0 fnt
|faint|p2a: Arcanine
|
|win|lucaziken95