|j|MALESANI
|j|LibertarianMaster
|player|p1|MALESANI|238
|player|p2|LibertarianMaster|102
|gametype|singles
|gen|1
|tier|[Gen 1] Random Battle
|rated
|seed|36333,55306,46935,52433
|rule|Sleep Clause Mod: Limit one foe put to sleep
|rule|Freeze Clause Mod: Limit one foe frozen
|rule|HP Percentage Mod: HP is shown in percentages
|
|start
|switch|p1a: Squirtle|Squirtle, L96|279\/279
|switch|p2a: Gengar|Gengar, L79|257\/257
|turn|1
|c|★LibertarianMaster|glhf
|c|★MALESANI|same to you
|choice|move 1|move 2
|
|move|p2a: Gengar|Thunderbolt|p1a: Squirtle
|-supereffective|p1a: Squirtle
|-damage|p1a: Squirtle|117\/279
|move|p1a: Squirtle|Blizzard|p2a: Gengar
|-damage|p2a: Gengar|194\/257
|
|turn|2
|choice|switch 2|move 2
|
|switch|p1a: Diglett|Diglett, L96|214\/214
|move|p2a: Gengar|Thunderbolt|p1a: Diglett
|-immune|p1a: Diglett|[msg]
|
|turn|3
|choice|move 1|switch 3
|
|switch|p2a: Venusaur|Venusaur, L85|310\/310
|move|p1a: Diglett|Earthquake|p2a: Venusaur
|-damage|p2a: Venusaur|206\/310
|
|turn|4
|choice|switch 3|move 2
|
|switch|p1a: Venomoth|Venomoth, L85|293\/293
|move|p2a: Venusaur|Razor Leaf|p1a: Venomoth
|-crit|p1a: Venomoth
|-resisted|p1a: Venomoth
|-damage|p1a: Venomoth|264\/293
|
|turn|5
|choice|move 4|move 4
|
|move|p1a: Venomoth|Psychic|p2a: Venusaur
|-supereffective|p2a: Venusaur
|-damage|p2a: Venusaur|91\/310
|-unboost|p2a: Venusaur|spd|1
|-unboost|p2a: Venusaur|spa|1
|move|p2a: Venusaur|Sleep Powder|p1a: Venomoth
|-status|p1a: Venomoth|slp
|
|turn|6
|choice|switch 6|switch 2
|
|switch|p1a: Electrode|Electrode, L90|291\/291
|switch|p2a: Kangaskhan|Kangaskhan, L85|352\/352
|
|turn|7
|choice|switch 5|move 3
|
|switch|p1a: Exeggutor|Exeggutor, L79|312\/312
|move|p2a: Kangaskhan|Earthquake|p1a: Exeggutor
|-resisted|p1a: Exeggutor
|-damage|p1a: Exeggutor|277\/312
|
|turn|8
|choice|move 4|move 1
|
|move|p2a: Kangaskhan|Hyper Beam|p1a: Exeggutor
|-damage|p1a: Exeggutor|93\/312
|move|p1a: Exeggutor|Psychic|p2a: Kangaskhan
|-damage|p2a: Kangaskhan|194\/352
|
|turn|9
|-mustrecharge|p2a: Kangaskhan
|-mustrecharge|p2a: Kangaskhan
|choice|move 4|move 1
|
|cant|p2a: Kangaskhan|recharge
|move|p1a: Exeggutor|Psychic|p2a: Kangaskhan
|-damage|p2a: Kangaskhan|33\/352
|-unboost|p2a: Kangaskhan|spd|1
|-unboost|p2a: Kangaskhan|spa|1
|
|turn|10
|choice|move 2|move 1
|
|move|p2a: Kangaskhan|Hyper Beam|p1a: Exeggutor
|-damage|p1a: Exeggutor|0 fnt
|faint|p1a: Exeggutor
|choice|switch 3|
|
|switch|p1a: Diglett|Diglett, L96|214\/214
|turn|11
|choice|move 1|move 4
|
|move|p1a: Diglett|Earthquake|p2a: Kangaskhan
|-damage|p2a: Kangaskhan|0 fnt
|faint|p2a: Kangaskhan
|choice||switch 4
|
|switch|p2a: Dragonair|Dragonair, L85|277\/277
|turn|12
|choice|switch 5|move 2
|
|switch|p1a: Electrode|Electrode, L90|291\/291
|move|p2a: Dragonair|Surf|p1a: Electrode
|-damage|p1a: Electrode|232\/291
|
|turn|13
|choice|move 2|move 3
|
|move|p1a: Electrode|Thunder Wave|p2a: Dragonair
|-status|p2a: Dragonair|par
|move|p2a: Dragonair|Body Slam|p1a: Electrode
|-damage|p1a: Electrode|175\/291
|
|turn|14
|choice|switch 4|move 3
|
|switch|p1a: Cloyster|Cloyster, L83|253\/253
|cant|p2a: Dragonair|par
|
|turn|15
|choice|move 2|move 4
|
|move|p1a: Cloyster|Blizzard|p2a: Dragonair
|-supereffective|p2a: Dragonair
|-damage|p2a: Dragonair|36\/277 par
|move|p2a: Dragonair|Thunderbolt|p1a: Cloyster
|-supereffective|p1a: Cloyster
|-damage|p1a: Cloyster|138\/253
|-status|p1a: Cloyster|par
|
|turn|16
|choice|move 3|switch 3
|
|switch|p2a: Gengar|Gengar, L79|194\/257
|move|p1a: Cloyster|Hyper Beam|p2a: Gengar
|-immune|p2a: Gengar|[msg]
|
|turn|17
|choice|move 2|move 4
|
|move|p2a: Gengar|Mega Drain|p1a: Cloyster
|-crit|p1a: Cloyster
|-supereffective|p1a: Cloyster
|-damage|p1a: Cloyster|9\/253 par
|-heal|p2a: Gengar|257\/257|[from] drain|[of] p1a: Cloyster
|move|p1a: Cloyster|Blizzard|p2a: Gengar
|-crit|p2a: Gengar
|-damage|p2a: Gengar|68\/257
|
|turn|18
|choice|move 2|move 4
|
|move|p2a: Gengar|Mega Drain|p1a: Cloyster
|-supereffective|p1a: Cloyster
|-damage|p1a: Cloyster|0 fnt
|-heal|p2a: Gengar|72\/257|[from] drain|[of] p1a: Cloyster
|faint|p1a: Cloyster
|choice|switch 5|
|
|switch|p1a: Diglett|Diglett, L96|214\/214
|turn|19
|choice|move 1|switch 3
|
|switch|p2a: Dragonair|Dragonair, L85|36\/277 par
|move|p1a: Diglett|Earthquake|p2a: Dragonair
|-crit|p2a: Dragonair
|-damage|p2a: Dragonair|0 fnt
|faint|p2a: Dragonair
|choice||switch 5
|
|switch|p2a: Electrode|Electrode, L90|291\/291
|turn|20
|choice|switch 4|move 1
|
|switch|p1a: Electrode|Electrode, L90|175\/291
|move|p2a: Electrode|Explosion|p1a: Electrode
|-damage|p1a: Electrode|0 fnt
|faint|p1a: Electrode
|faint|p2a: Electrode
|choice|switch 4|switch 6
|
|switch|p1a: Diglett|Diglett, L96|214\/214
|switch|p2a: Persian|Persian, L79|265\/265
|turn|21
|choice|switch 6|move 1
|
|switch|p1a: Venomoth|Venomoth, L85|264\/293 slp
|move|p2a: Persian|Slash|p1a: Venomoth
|-crit|p1a: Venomoth
|-damage|p1a: Venomoth|124\/293 slp
|
|turn|22
|choice|move 2|move 1
|
|move|p2a: Persian|Slash|p1a: Venomoth
|-crit|p1a: Venomoth
|-damage|p1a: Venomoth|0 fnt
|faint|p1a: Venomoth
|choice|switch 2|
|
|switch|p1a: Squirtle|Squirtle, L96|117\/279
|turn|23
|choice|move 3|switch 3
|
|switch|p2a: Gengar|Gengar, L79|72\/257
|move|p1a: Squirtle|Surf|p2a: Gengar
|-damage|p2a: Gengar|0 fnt
|faint|p2a: Gengar
|choice||switch 2
|
|switch|p2a: Venusaur|Venusaur, L85|91\/310
|turn|24
|choice|move 1|move 2
|
|move|p2a: Venusaur|Razor Leaf|p1a: Squirtle
|-crit|p1a: Squirtle
|-supereffective|p1a: Squirtle
|-damage|p1a: Squirtle|0 fnt
|faint|p1a: Squirtle
|choice|switch 6|
|
|switch|p1a: Diglett|Diglett, L96|214\/214
|turn|25
|choice|move 1|move 2
|
|move|p1a: Diglett|Earthquake|p2a: Venusaur
|-damage|p2a: Venusaur|0 fnt
|faint|p2a: Venusaur
|choice||switch 3
|
|switch|p2a: Persian|Persian, L79|265\/265
|turn|26
|choice|move 1|move 1
|
|move|p1a: Diglett|Earthquake|p2a: Persian
|-damage|p2a: Persian|132\/265
|move|p2a: Persian|Slash|p1a: Diglett
|-crit|p1a: Diglett
|-damage|p1a: Diglett|33\/214
|
|turn|27
|c|★LibertarianMaster|gg
|choice|move 1|move 1
|
|move|p1a: Diglett|Earthquake|p2a: Persian
|-damage|p2a: Persian|10\/265
|move|p2a: Persian|Slash|p1a: Diglett
|-crit|p1a: Diglett
|-damage|p1a: Diglett|0 fnt
|faint|p1a: Diglett
|
|win|LibertarianMaster
|player|p1
|player|p2
|raw|MALESANI's rating: 1491 &rarr; <strong>1461<\/strong><br \/>(-30 for losing)
|raw|LibertarianMaster's rating: 1287 &rarr; <strong>1326<\/strong><br \/>(+39 for winning)
|c|★LibertarianMaster|?
|c|★MALESANI|damn
|c|★LibertarianMaster|wird