|j|terencio
|j|cellphone9
|player|p1|terencio|102
|player|p2|cellphone9|102
|gametype|singles
|gen|1
|tier|[Gen 1] Random Battle
|rated
|seed|
|rule|Sleep Clause Mod: Limit one foe put to sleep
|rule|Freeze Clause Mod: Limit one foe frozen
|rule|HP Percentage Mod: HP is shown in percentages
|
|start
|switch|p1a: Nidoran-M|Nidoran-M, L96|100\/100
|switch|p2a: Kakuna|Kakuna, L99|100\/100
|turn|1
|c|★terencio|gl
|c|★cellphone9|kakuna
|c|★cellphone9|he
|c|★terencio|lol
|choice||
|
|switch|p2a: Cloyster|Cloyster, L83|100\/100
|move|p1a: Nidoran-M|Substitute|p1a: Nidoran-M
|-start|p1a: Nidoran-M|Substitute
|-damage|p1a: Nidoran-M|76\/100
|
|turn|2
|choice||
|
|move|p2a: Cloyster|Surf|p1a: Nidoran-M
|-end|p1a: Nidoran-M|Substitute
|move|p1a: Nidoran-M|Leer|p2a: Cloyster
|-unboost|p2a: Cloyster|def|1
|
|turn|3
|choice||
|
|move|p2a: Cloyster|Blizzard|p1a: Nidoran-M
|-damage|p1a: Nidoran-M|26\/100
|move|p1a: Nidoran-M|Body Slam|p2a: Cloyster
|-damage|p2a: Cloyster|81\/100
|-status|p2a: Cloyster|par
|
|turn|4
|choice||
|
|move|p1a: Nidoran-M|Substitute|p1a: Nidoran-M
|-start|p1a: Nidoran-M|Substitute
|-damage|p1a: Nidoran-M|1\/100
|cant|p2a: Cloyster|par
|
|turn|5
|choice||
|
|move|p1a: Nidoran-M|Body Slam|p2a: Cloyster
|-damage|p2a: Cloyster|60\/100 par
|move|p2a: Cloyster|Surf|p1a: Nidoran-M
|-crit|p1a: Nidoran-M
|-end|p1a: Nidoran-M|Substitute
|
|turn|6
|choice||
|
|switch|p2a: Kakuna|Kakuna, L99|100\/100
|move|p1a: Nidoran-M|Body Slam|p2a: Kakuna
|-damage|p2a: Kakuna|79\/100
|-status|p2a: Kakuna|par
|
|turn|7
|choice||
|
|move|p1a: Nidoran-M|Body Slam|p2a: Kakuna
|-crit|p2a: Kakuna
|-damage|p2a: Kakuna|35\/100 par
|move|p2a: Kakuna|Poison Sting|p1a: Nidoran-M
|-resisted|p1a: Nidoran-M
|-damage|p1a: Nidoran-M|0 fnt
|faint|p1a: Nidoran-M
|choice||
|
|switch|p1a: Zapdos|Zapdos, L79|100\/100
|turn|8
|choice||
|
|move|p1a: Zapdos|Drill Peck|p2a: Kakuna
|-supereffective|p2a: Kakuna
|-damage|p2a: Kakuna|0 fnt
|faint|p2a: Kakuna
|choice||
|
|switch|p2a: Rhydon|Rhydon, L79|100\/100
|turn|9
|choice||
|
|switch|p1a: Weezing|Weezing, L90|100\/100
|move|p2a: Rhydon|Body Slam|p1a: Weezing
|-damage|p1a: Weezing|85\/100
|
|turn|10
|choice||
|
|move|p1a: Weezing|Sludge|p2a: Rhydon
|-resisted|p2a: Rhydon
|-damage|p2a: Rhydon|96\/100
|move|p2a: Rhydon|Earthquake|p1a: Weezing
|-supereffective|p1a: Weezing
|-damage|p1a: Weezing|31\/100
|
|turn|11
|choice||
|
|move|p1a: Weezing|Explosion|p2a: Rhydon
|-resisted|p2a: Rhydon
|-damage|p2a: Rhydon|62\/100
|faint|p1a: Weezing
|choice||
|
|switch|p1a: Kabuto|Kabuto, L96|100\/100
|turn|12
|choice||
|
|switch|p2a: Mew|Mew, L74|100\/100
|move|p1a: Kabuto|Surf|p2a: Mew
|-damage|p2a: Mew|73\/100
|
|turn|13
|choice||
|
|move|p2a: Mew|Thunderbolt|p1a: Kabuto
|-supereffective|p1a: Kabuto
|-damage|p1a: Kabuto|43\/100
|move|p1a: Kabuto|Slash|p2a: Mew
|-crit|p2a: Mew
|-damage|p2a: Mew|32\/100
|
|turn|14
|choice||
|
|switch|p1a: Zapdos|Zapdos, L79|100\/100
|move|p2a: Mew|Thunderbolt|p1a: Zapdos
|-damage|p1a: Zapdos|86\/100
|
|turn|15
|choice||
|
|switch|p2a: Rhydon|Rhydon, L79|62\/100
|move|p1a: Zapdos|Drill Peck|p2a: Rhydon
|-crit|p2a: Rhydon
|-resisted|p2a: Rhydon
|-damage|p2a: Rhydon|43\/100
|
|turn|16
|choice||
|
|move|p1a: Zapdos|Drill Peck|p2a: Rhydon
|-resisted|p2a: Rhydon
|-damage|p2a: Rhydon|34\/100
|move|p2a: Rhydon|Body Slam|p1a: Zapdos
|-crit|p1a: Zapdos
|-damage|p1a: Zapdos|43\/100
|
|turn|17
|choice||
|
|move|p1a: Zapdos|Drill Peck|p2a: Rhydon
|-resisted|p2a: Rhydon
|-damage|p2a: Rhydon|25\/100
|move|p2a: Rhydon|Rock Slide|p1a: Zapdos
|-supereffective|p1a: Zapdos
|-damage|p1a: Zapdos|0 fnt
|faint|p1a: Zapdos
|choice||
|
|switch|p1a: Tauros|Tauros, L79|100\/100
|turn|18
|choice||
|
|switch|p2a: Mew|Mew, L74|32\/100
|move|p1a: Tauros|Earthquake|p2a: Mew
|-damage|p2a: Mew|10\/100
|
|turn|19
|choice||
|
|move|p1a: Tauros|Body Slam|p2a: Mew
|-damage|p2a: Mew|0 fnt
|faint|p2a: Mew
|choice||
|
|switch|p2a: Cloyster|Cloyster, L83|60\/100 par
|turn|20
|choice||
|
|move|p1a: Tauros|Body Slam|p2a: Cloyster
|-crit|p2a: Cloyster
|-damage|p2a: Cloyster|21\/100 par
|cant|p2a: Cloyster|par
|
|turn|21
|choice||
|
|move|p1a: Tauros|Body Slam|p2a: Cloyster
|-damage|p2a: Cloyster|2\/100 par
|move|p2a: Cloyster|Blizzard|p1a: Tauros|[miss]
|-miss|p2a: Cloyster
|
|turn|22
|c|★terencio|chaaaaaaaaaaaaaaa
|choice||
|
|move|p1a: Tauros|Body Slam|p2a: Cloyster
|-crit|p2a: Cloyster
|-damage|p2a: Cloyster|0 fnt
|faint|p2a: Cloyster
|choice||
|
|switch|p2a: Snorlax|Snorlax, L79|100\/100
|turn|23
|choice||
|
|move|p1a: Tauros|Body Slam|p2a: Snorlax
|-damage|p2a: Snorlax|74\/100
|move|p2a: Snorlax|Self-Destruct|p1a: Tauros
|-damage|p1a: Tauros|14\/100
|faint|p2a: Snorlax
|choice||
|
|switch|p2a: Tauros|Tauros, L79|100\/100
|turn|24
|choice||
|
|move|p2a: Tauros|Body Slam|p1a: Tauros
|-crit|p1a: Tauros
|-damage|p1a: Tauros|0 fnt
|faint|p1a: Tauros
|choice||
|
|switch|p1a: Pidgeotto|Pidgeotto, L90|100\/100
|turn|25
|choice||
|
|move|p2a: Tauros|Blizzard|p1a: Pidgeotto
|-supereffective|p1a: Pidgeotto
|-damage|p1a: Pidgeotto|48\/100
|move|p1a: Pidgeotto|Reflect|p1a: Pidgeotto
|-start|p1a: Pidgeotto|Reflect
|
|turn|26
|-message|terencio lost due to inactivity.
|
|win|cellphone9
|player|p1
|player|p2
|raw|terencio's rating: 1288 &rarr; <strong>1257<\/strong><br \/>(-31 for losing)
|raw|cellphone9's rating: 1203 &rarr; <strong>1234<\/strong><br \/>(+31 for winning)