|j|It was all a dream
|j|grbanzo69
|player|p1|It was all a dream|229
|player|p2|grbanzo69|126
|gametype|singles
|gen|1
|tier|[Gen 1] OU
|rated
|seed|36033,18320,18073,16238
|rule|Sleep Clause Mod: Limit one foe put to sleep
|rule|Freeze Clause Mod: Limit one foe frozen
|rule|Species Clause: Limit one of each Pokémon
|rule|OHKO Clause: OHKO moves are banned
|rule|Evasion Moves Clause: Evasion moves are banned
|rule|HP Percentage Mod: HP is shown in percentages
|
|start
|switch|p1a: Gamer|Starmie|323\/323
|switch|p2a: Jolteon|Jolteon|333\/333
|turn|1
|choice|switch 3|move 3
|
|switch|p1a: Atta|Golem|363\/363
|move|p2a: Jolteon|Reflect|p2a: Jolteon
|-start|p2a: Jolteon|Reflect
|
|turn|2
|choice|move 2|move 4
|
|move|p2a: Jolteon|Double Kick|p1a: Atta
|-supereffective|p1a: Atta
|-damage|p1a: Atta|330\/363
|-damage|p1a: Atta|297\/363
|-hitcount|p1a: Atta|2
|move|p1a: Atta|Earthquake|p2a: Jolteon
|-supereffective|p2a: Jolteon
|-damage|p2a: Jolteon|170\/333
|
|turn|3
|choice|move 4|switch 4
|
|switch|p2a: Dragonite|Dragonite|385\/385
|move|p1a: Atta|Substitute|p1a: Atta
|-start|p1a: Atta|Substitute
|-damage|p1a: Atta|207\/363
|
|turn|4
|choice|move 1|move 4
|
|move|p2a: Dragonite|Ice Beam|p1a: Atta
|-supereffective|p1a: Atta
|-end|p1a: Atta|Substitute
|move|p1a: Atta|Body Slam|p2a: Dragonite
|-damage|p2a: Dragonite|314\/385
|
|turn|5
|choice|move 3|move 4
|
|move|p2a: Dragonite|Ice Beam|p1a: Atta
|-supereffective|p1a: Atta
|-damage|p1a: Atta|8\/363
|move|p1a: Atta|Explosion|p2a: Dragonite
|-damage|p2a: Dragonite|18\/385
|faint|p1a: Atta
|choice|switch 3|
|
|switch|p1a: Gamer|Starmie|323\/323
|turn|6
|choice|move 2|move 3
|
|move|p1a: Gamer|Psychic|p2a: Dragonite
|-damage|p2a: Dragonite|0 fnt
|faint|p2a: Dragonite
|choice||switch 4
|
|switch|p2a: Jolteon|Jolteon|170\/333
|turn|7
|choice|move 2|move 1
|
|move|p2a: Jolteon|Thunder Wave|p1a: Gamer
|-status|p1a: Gamer|par
|move|p1a: Gamer|Psychic|p2a: Jolteon
|-damage|p2a: Jolteon|64\/333
|-unboost|p2a: Jolteon|spd|1
|-unboost|p2a: Jolteon|spa|1
|
|turn|8
|choice|move 2|move 2
|
|move|p2a: Jolteon|Thunderbolt|p1a: Gamer
|-supereffective|p1a: Gamer
|-damage|p1a: Gamer|164\/323 par
|cant|p1a: Gamer|par
|
|turn|9
|choice|switch 4|move 2
|
|switch|p1a: ROYAL RUMBLE|Chansey|703\/703
|move|p2a: Jolteon|Thunderbolt|p1a: ROYAL RUMBLE
|-damage|p1a: ROYAL RUMBLE|627\/703
|
|turn|10
|choice|move 3|move 4
|
|move|p2a: Jolteon|Double Kick|p1a: ROYAL RUMBLE
|-supereffective|p1a: ROYAL RUMBLE
|-damage|p1a: ROYAL RUMBLE|523\/703
|-damage|p1a: ROYAL RUMBLE|419\/703
|-hitcount|p1a: ROYAL RUMBLE|2
|move|p1a: ROYAL RUMBLE|Ice Beam|p2a: Jolteon
|-damage|p2a: Jolteon|0 fnt
|faint|p2a: Jolteon
|choice||switch 3
|
|switch|p2a: Snorlax|Snorlax|523\/523
|turn|11
|choice|move 4|move 1
|
|move|p1a: ROYAL RUMBLE|Thunder Wave|p2a: Snorlax
|-status|p2a: Snorlax|par
|move|p2a: Snorlax|Body Slam|p1a: ROYAL RUMBLE
|-damage|p1a: ROYAL RUMBLE|111\/703
|
|turn|12
|choice|move 2|move 2
|
|move|p1a: ROYAL RUMBLE|Soft-Boiled|p1a: ROYAL RUMBLE
|-heal|p1a: ROYAL RUMBLE|462\/703
|move|p2a: Snorlax|Reflect|p2a: Snorlax
|-start|p2a: Snorlax|Reflect
|
|turn|13
|choice|move 1|move 1
|
|cant|p2a: Snorlax|par
|move|p1a: ROYAL RUMBLE|Counter|p2a: Snorlax
|-fail|p1a: ROYAL RUMBLE
|
|turn|14
|choice|move 2|move 1
|
|move|p1a: ROYAL RUMBLE|Soft-Boiled|p1a: ROYAL RUMBLE
|-heal|p1a: ROYAL RUMBLE|703\/703
|move|p2a: Snorlax|Body Slam|p1a: ROYAL RUMBLE
|-damage|p1a: ROYAL RUMBLE|430\/703
|
|turn|15
|choice|move 1|move 4
|
|move|p2a: Snorlax|Psychic|p1a: ROYAL RUMBLE
|-damage|p1a: ROYAL RUMBLE|379\/703
|-unboost|p1a: ROYAL RUMBLE|spd|1
|-unboost|p1a: ROYAL RUMBLE|spa|1
|move|p1a: ROYAL RUMBLE|Counter|p2a: Snorlax
|-fail|p1a: ROYAL RUMBLE
|
|turn|16
|choice|move 2|move 1
|
|move|p1a: ROYAL RUMBLE|Soft-Boiled|p1a: ROYAL RUMBLE
|-heal|p1a: ROYAL RUMBLE|703\/703
|move|p2a: Snorlax|Body Slam|p1a: ROYAL RUMBLE
|-crit|p1a: ROYAL RUMBLE
|-damage|p1a: ROYAL RUMBLE|117\/703
|
|turn|17
|choice|move 2|move 4
|
|move|p1a: ROYAL RUMBLE|Soft-Boiled|p1a: ROYAL RUMBLE
|-heal|p1a: ROYAL RUMBLE|468\/703
|move|p2a: Snorlax|Psychic|p1a: ROYAL RUMBLE
|-damage|p1a: ROYAL RUMBLE|389\/703
|-unboost|p1a: ROYAL RUMBLE|spd|1
|-unboost|p1a: ROYAL RUMBLE|spa|1
|
|turn|18
|choice|move 2|move 4
|
|move|p1a: ROYAL RUMBLE|Soft-Boiled|p1a: ROYAL RUMBLE
|-heal|p1a: ROYAL RUMBLE|703\/703
|move|p2a: Snorlax|Psychic|p1a: ROYAL RUMBLE
|-damage|p1a: ROYAL RUMBLE|594\/703
|
|turn|19
|choice|move 1|move 4
|
|move|p2a: Snorlax|Psychic|p1a: ROYAL RUMBLE
|-damage|p1a: ROYAL RUMBLE|492\/703
|-unboost|p1a: ROYAL RUMBLE|spd|1
|-unboost|p1a: ROYAL RUMBLE|spa|1
|move|p1a: ROYAL RUMBLE|Counter|p2a: Snorlax
|-fail|p1a: ROYAL RUMBLE
|
|turn|20
|choice|switch 6|move 1
|
|switch|p1a: Arse|Snorlax|523\/523
|move|p2a: Snorlax|Body Slam|p1a: Arse
|-damage|p1a: Arse|379\/523
|
|turn|21
|choice|move 1|move 1
|
|move|p1a: Arse|Body Slam|p2a: Snorlax
|-damage|p2a: Snorlax|451\/523 par
|cant|p2a: Snorlax|par
|
|turn|22
|choice|move 2|move 1
|
|move|p1a: Arse|Surf|p2a: Snorlax
|-damage|p2a: Snorlax|381\/523 par
|cant|p2a: Snorlax|par
|
|turn|23
|choice|move 1|move 3
|
|move|p1a: Arse|Body Slam|p2a: Snorlax
|-damage|p2a: Snorlax|311\/523 par
|move|p2a: Snorlax|Rest|p2a: Snorlax
|-status|p2a: Snorlax|slp
|-heal|p2a: Snorlax|523\/523 slp|[silent]
|-status|p2a: Snorlax|slp|[from] move: Rest
|
|turn|24
|choice|switch 5|move 1
|
|switch|p1a: RonaldDoesMinecraf|Exeggutor|393\/393
|cant|p2a: Snorlax|slp
|
|turn|25
|choice|move 2|move 4
|
|move|p1a: RonaldDoesMinecraf|Psychic|p2a: Snorlax
|-damage|p2a: Snorlax|353\/523 slp
|-curestatus|p2a: Snorlax|slp
|
|turn|26
|choice|move 2|move 1
|
|move|p1a: RonaldDoesMinecraf|Psychic|p2a: Snorlax
|-damage|p2a: Snorlax|203\/523
|move|p2a: Snorlax|Body Slam|p1a: RonaldDoesMinecraf
|-damage|p1a: RonaldDoesMinecraf|282\/393
|-status|p1a: RonaldDoesMinecraf|par
|
|turn|27
|choice|move 2|move 3
|
|move|p1a: RonaldDoesMinecraf|Psychic|p2a: Snorlax
|-damage|p2a: Snorlax|51\/523
|move|p2a: Snorlax|Rest|p2a: Snorlax
|-status|p2a: Snorlax|slp
|-heal|p2a: Snorlax|523\/523 slp|[silent]
|-status|p2a: Snorlax|slp|[from] move: Rest
|
|turn|28
|choice|move 2|move 1
|
|move|p1a: RonaldDoesMinecraf|Psychic|p2a: Snorlax
|-crit|p2a: Snorlax
|-damage|p2a: Snorlax|195\/523 slp
|cant|p2a: Snorlax|slp
|
|turn|29
|choice|move 2|move 1
|
|move|p1a: RonaldDoesMinecraf|Psychic|p2a: Snorlax
|-damage|p2a: Snorlax|22\/523 slp
|-unboost|p2a: Snorlax|spd|1
|-unboost|p2a: Snorlax|spa|1
|-curestatus|p2a: Snorlax|slp
|
|turn|30
|choice|move 2|move 1
|
|cant|p1a: RonaldDoesMinecraf|par
|move|p2a: Snorlax|Body Slam|p1a: RonaldDoesMinecraf
|-damage|p1a: RonaldDoesMinecraf|169\/393 par
|
|turn|31
|c|★It was all a dream|ahh!
|choice|move 2|move 1
|
|move|p1a: RonaldDoesMinecraf|Psychic|p2a: Snorlax
|-damage|p2a: Snorlax|0 fnt
|faint|p2a: Snorlax
|choice||switch 2
|
|switch|p2a: Tauros|Tauros|353\/353
|turn|32
|choice|move 4|move 3
|
|move|p2a: Tauros|Ice Beam|p1a: RonaldDoesMinecraf
|-supereffective|p1a: RonaldDoesMinecraf
|-damage|p1a: RonaldDoesMinecraf|66\/393 par
|move|p1a: RonaldDoesMinecraf|Explosion|p2a: Tauros
|-damage|p2a: Tauros|78\/353
|faint|p1a: RonaldDoesMinecraf
|choice|switch 2|
|
|switch|p1a: Nincompoop Bulls|Tauros|353\/353
|turn|33
|choice|move 2|move 4
|
|move|p2a: Tauros|Hyper Beam|p1a: Nincompoop Bulls
|-crit|p1a: Nincompoop Bulls
|-damage|p1a: Nincompoop Bulls|0 fnt
|faint|p1a: Nincompoop Bulls
|c|★It was all a dream|ahh!
|choice|switch 5|
|
|switch|p1a: Arse|Snorlax|379\/523
|turn|34
|choice|move 1|move 1
|
|move|p2a: Tauros|Body Slam|p1a: Arse
|-damage|p1a: Arse|248\/523
|move|p1a: Arse|Body Slam|p2a: Tauros
|-damage|p2a: Tauros|0 fnt
|faint|p2a: Tauros
|choice||switch 5
|
|switch|p2a: Rhydon|Rhydon|413\/413
|turn|35
|choice|move 2|move 4
|
|move|p2a: Rhydon|Body Slam|p1a: Arse
|-damage|p1a: Arse|145\/523
|move|p1a: Arse|Surf|p2a: Rhydon
|-supereffective|p2a: Rhydon
|-damage|p2a: Rhydon|21\/413
|
|turn|36
|choice|move 4|move 3
|
|move|p2a: Rhydon|Earthquake|p1a: Arse
|-damage|p1a: Arse|0 fnt
|faint|p1a: Arse
|choice|switch 6|
|
|switch|p1a: ROYAL RUMBLE|Chansey|492\/703
|turn|37
|choice|move 3|move 3
|
|move|p1a: ROYAL RUMBLE|Ice Beam|p2a: Rhydon
|-crit|p2a: Rhydon
|-supereffective|p2a: Rhydon
|-damage|p2a: Rhydon|0 fnt
|faint|p2a: Rhydon
|choice||switch 6
|
|switch|p2a: Alakazam|Alakazam|313\/313
|turn|38
|choice|move 4|move 3
|
|move|p2a: Alakazam|Toxic|p1a: ROYAL RUMBLE
|-status|p1a: ROYAL RUMBLE|tox
|move|p1a: ROYAL RUMBLE|Thunder Wave|p2a: Alakazam
|-status|p2a: Alakazam|par
|-damage|p1a: ROYAL RUMBLE|449\/703 tox|[from] tox|[of] p2a: Alakazam
|
|turn|39
|choice|move 3|move 4
|
|move|p1a: ROYAL RUMBLE|Ice Beam|p2a: Alakazam
|-damage|p2a: Alakazam|250\/313 par
|-damage|p1a: ROYAL RUMBLE|363\/703 tox|[from] tox|[of] p2a: Alakazam
|cant|p2a: Alakazam|par
|
|turn|40
|choice|move 2|move 4
|
|move|p1a: ROYAL RUMBLE|Soft-Boiled|p1a: ROYAL RUMBLE
|-heal|p1a: ROYAL RUMBLE|703\/703 tox
|-damage|p1a: ROYAL RUMBLE|574\/703 tox|[from] psn
|move|p2a: Alakazam|Tri Attack|p1a: ROYAL RUMBLE
|-damage|p1a: ROYAL RUMBLE|466\/703 tox
|
|turn|41
|choice|move 1|move 1
|
|move|p2a: Alakazam|Psychic|p1a: ROYAL RUMBLE
|-damage|p1a: ROYAL RUMBLE|342\/703 tox
|move|p1a: ROYAL RUMBLE|Counter|p2a: Alakazam
|-fail|p1a: ROYAL RUMBLE
|-damage|p1a: ROYAL RUMBLE|170\/703 tox|[from] tox|[of] p2a: Alakazam
|
|turn|42
|choice|switch 4|move 1
|
|switch|p1a: Gamer|Starmie|164\/323 par
|move|p2a: Alakazam|Psychic|p1a: Gamer
|-resisted|p1a: Gamer
|-damage|p1a: Gamer|100\/323 par
|-unboost|p1a: Gamer|spd|1
|-unboost|p1a: Gamer|spa|1
|
|turn|43
|choice|switch 4|move 4
|
|switch|p1a: ROYAL RUMBLE|Chansey|170\/703 tox
|-status|p1a: ROYAL RUMBLE|psn
|-damage|p1a: ROYAL RUMBLE|127\/703 psn|[from] psn
|move|p2a: Alakazam|Tri Attack|p1a: ROYAL RUMBLE
|-crit|p1a: ROYAL RUMBLE
|-damage|p1a: ROYAL RUMBLE|0 fnt
|faint|p1a: ROYAL RUMBLE
|choice|switch 4|
|
|switch|p1a: Gamer|Starmie|100\/323 par
|turn|44
|choice|move 3|move 4
|
|cant|p2a: Alakazam|par
|move|p1a: Gamer|Recover|p1a: Gamer
|-heal|p1a: Gamer|261\/323 par
|
|turn|45
|choice|move 2|move 1
|
|move|p2a: Alakazam|Psychic|p1a: Gamer
|-crit|p1a: Gamer
|-resisted|p1a: Gamer
|-damage|p1a: Gamer|140\/323 par
|-unboost|p1a: Gamer|spd|1
|-unboost|p1a: Gamer|spa|1
|move|p1a: Gamer|Psychic|p2a: Alakazam
|-resisted|p2a: Alakazam
|-damage|p2a: Alakazam|223\/313 par
|
|turn|46
|choice|move 3|move 4
|
|move|p2a: Alakazam|Tri Attack|p1a: Gamer
|-damage|p1a: Gamer|90\/323 par
|move|p1a: Gamer|Recover|p1a: Gamer
|-heal|p1a: Gamer|251\/323 par
|
|turn|47
|choice|move 1|move 1
|
|move|p2a: Alakazam|Psychic|p1a: Gamer
|-resisted|p1a: Gamer
|-damage|p1a: Gamer|153\/323 par
|-unboost|p1a: Gamer|spd|1
|-unboost|p1a: Gamer|spa|1
|move|p1a: Gamer|Blizzard|p2a: Alakazam
|-damage|p2a: Alakazam|184\/313 par
|
|turn|48
|c|★It was all a dream|THIS HAS OCCURED!
|choice|move 3|move 2
|
|move|p2a: Alakazam|Recover|p2a: Alakazam
|-heal|p2a: Alakazam|313\/313 par
|move|p1a: Gamer|Recover|p1a: Gamer
|-heal|p1a: Gamer|314\/323 par
|
|turn|49
|choice|move 2|move 1
|
|move|p2a: Alakazam|Psychic|p1a: Gamer
|-resisted|p1a: Gamer
|-damage|p1a: Gamer|183\/323 par
|move|p1a: Gamer|Psychic|p2a: Alakazam
|-resisted|p2a: Alakazam
|-damage|p2a: Alakazam|292\/313 par
|
|turn|50
|choice|move 3|move 1
|
|move|p2a: Alakazam|Psychic|p1a: Gamer
|-resisted|p1a: Gamer
|-damage|p1a: Gamer|61\/323 par
|-unboost|p1a: Gamer|spd|1
|-unboost|p1a: Gamer|spa|1
|move|p1a: Gamer|Recover|p1a: Gamer
|-heal|p1a: Gamer|222\/323 par
|
|turn|51
|c|★It was all a dream|what the absolute heck on earth!
|choice|move 3|move 1
|
|move|p2a: Alakazam|Psychic|p1a: Gamer
|-resisted|p1a: Gamer
|-damage|p1a: Gamer|66\/323 par
|move|p1a: Gamer|Recover|p1a: Gamer
|-heal|p1a: Gamer|227\/323 par
|
|turn|52
|choice|move 3|move 4
|
|move|p2a: Alakazam|Tri Attack|p1a: Gamer
|-damage|p1a: Gamer|182\/323 par
|cant|p1a: Gamer|par
|
|turn|53
|choice|move 3|move 4
|
|move|p2a: Alakazam|Tri Attack|p1a: Gamer
|-damage|p1a: Gamer|134\/323 par
|cant|p1a: Gamer|par
|
|turn|54
|choice|move 3|move 4
|
|move|p2a: Alakazam|Tri Attack|p1a: Gamer
|-crit|p1a: Gamer
|-damage|p1a: Gamer|37\/323 par
|move|p1a: Gamer|Recover|p1a: Gamer
|-heal|p1a: Gamer|198\/323 par
|
|turn|55
|c|★It was all a dream|psychic wouldve killed my ass O__O
|choice|move 3|move 4
|
|move|p2a: Alakazam|Tri Attack|p1a: Gamer
|-damage|p1a: Gamer|151\/323 par
|move|p1a: Gamer|Recover|p1a: Gamer
|-heal|p1a: Gamer|312\/323 par
|
|turn|56
|choice|move 2|move 4
|
|cant|p2a: Alakazam|par
|move|p1a: Gamer|Psychic|p2a: Alakazam
|-resisted|p2a: Alakazam
|-damage|p2a: Alakazam|277\/313 par
|-unboost|p2a: Alakazam|spd|1
|-unboost|p2a: Alakazam|spa|1
|
|turn|57
|c|★It was all a dream|wooooo!
|choice|move 2|move 1
|
|move|p2a: Alakazam|Psychic|p1a: Gamer
|-resisted|p1a: Gamer
|-damage|p1a: Gamer|212\/323 par
|-unboost|p1a: Gamer|spd|1
|-unboost|p1a: Gamer|spa|1
|move|p1a: Gamer|Psychic|p2a: Alakazam
|-resisted|p2a: Alakazam
|-damage|p2a: Alakazam|254\/313 par
|
|turn|58
|c|★It was all a dream|AAAAAAAAAAAAAAAAAAAAAAAAAAAAAAAAAAAAAA
|choice|move 3|move 1
|
|cant|p2a: Alakazam|par
|cant|p1a: Gamer|par
|
|turn|59
|choice|move 3|move 4
|
|move|p2a: Alakazam|Tri Attack|p1a: Gamer
|-damage|p1a: Gamer|165\/323 par
|move|p1a: Gamer|Recover|p1a: Gamer
|-heal|p1a: Gamer|323\/323 par
|
|turn|60
|choice|move 2|move 2
|
|move|p2a: Alakazam|Recover|p2a: Alakazam
|-heal|p2a: Alakazam|313\/313 par
|move|p1a: Gamer|Psychic|p2a: Alakazam
|-resisted|p2a: Alakazam
|-damage|p2a: Alakazam|290\/313 par
|
|turn|61
|choice|move 2|move 4
|
|cant|p2a: Alakazam|par
|move|p1a: Gamer|Psychic|p2a: Alakazam
|-resisted|p2a: Alakazam
|-damage|p2a: Alakazam|270\/313 par
|
|turn|62
|choice|move 2|move 4
|
|cant|p2a: Alakazam|par
|move|p1a: Gamer|Psychic|p2a: Alakazam
|-resisted|p2a: Alakazam
|-damage|p2a: Alakazam|247\/313 par
|
|turn|63
|choice|move 2|move 4
|
|move|p2a: Alakazam|Tri Attack|p1a: Gamer
|-crit|p1a: Gamer
|-damage|p1a: Gamer|232\/323 par
|cant|p1a: Gamer|par
|
|turn|64
|choice|move 2|move 4
|
|move|p2a: Alakazam|Tri Attack|p1a: Gamer
|-damage|p1a: Gamer|185\/323 par
|move|p1a: Gamer|Psychic|p2a: Alakazam
|-resisted|p2a: Alakazam
|-damage|p2a: Alakazam|223\/313 par
|-unboost|p2a: Alakazam|spd|1
|-unboost|p2a: Alakazam|spa|1
|
|turn|65
|choice|move 3|move 1
|
|move|p2a: Alakazam|Psychic|p1a: Gamer
|-crit|p1a: Gamer
|-resisted|p1a: Gamer
|-damage|p1a: Gamer|67\/323 par
|cant|p1a: Gamer|par
|
|turn|66
|choice|move 3|move 1
|
|move|p2a: Alakazam|Psychic|p1a: Gamer
|-resisted|p1a: Gamer
|-damage|p1a: Gamer|0 fnt
|faint|p1a: Gamer
|
|win|grbanzo69
|player|p1
|player|p2
|raw|It was all a dream's rating: 1179 &rarr; <strong>1149<\/strong><br \/>(-30 for losing)
|raw|grbanzo69's rating: 1106 &rarr; <strong>1136<\/strong><br \/>(+30 for winning)
|c|★It was all a dream|arrre
|c|★grbanzo69|Gg
|c|★It was all a dream|nice gamez.
|l|It was all a dream