|join|Hargnyque
|join|Agarest
|player|p1|Hargnyque|26
|player|p2|Agarest|161
|gametype|singles
|gen|1
|tier|[Gen 1] Random Battle
|rated
|rule|Sleep Clause Mod: Limit one foe put to sleep
|rule|Freeze Clause Mod: Limit one foe frozen
|rule|HP Percentage Mod: HP is shown in percentages
|
|start
|switch|p1a: Vileplume|Vileplume, L90|318\/318
|switch|p2a: Golem|Golem, L79|288\/288
|turn|1
|
|switch|p2a: Tangela|Tangela, L85|284\/284
|move|p1a: Vileplume|Sleep Powder|p2a: Tangela|[miss]
|-miss|p1a: Vileplume
|
|turn|2
|
|switch|p1a: Growlithe|Growlithe, L96|300\/300
|move|p2a: Tangela|Stun Spore|p1a: Growlithe
|-status|p1a: Growlithe|par
|
|turn|3
|
|switch|p2a: Kabutops|Kabutops, L85|276\/276
|move|p1a: Growlithe|Body Slam|p2a: Kabutops
|-resisted|p2a: Kabutops
|-damage|p2a: Kabutops|247\/276
|-status|p2a: Kabutops|par
|
|turn|4
|
|switch|p1a: Vileplume|Vileplume, L90|318\/318
|move|p2a: Kabutops|Body Slam|p1a: Vileplume
|-crit|p1a: Vileplume
|-damage|p1a: Vileplume|184\/318
|-status|p1a: Vileplume|par
|
|turn|5
|
|switch|p2a: Tangela|Tangela, L85|284\/284
|move|p1a: Vileplume|Mega Drain|p2a: Tangela
|-resisted|p2a: Tangela
|-damage|p2a: Tangela|263\/284
|-heal|p1a: Vileplume|194\/318 par|[from] drain|[of] p2a: Tangela
|
|turn|6
|
|move|p2a: Tangela|Body Slam|p1a: Vileplume
|-damage|p1a: Vileplume|152\/318 par
|move|p1a: Vileplume|Sleep Powder|p2a: Tangela|[miss]
|-miss|p1a: Vileplume
|
|turn|7
|
|move|p2a: Tangela|Body Slam|p1a: Vileplume
|-damage|p1a: Vileplume|108\/318 par
|move|p1a: Vileplume|Body Slam|p2a: Tangela
|-damage|p2a: Tangela|208\/284
|
|turn|8
|
|move|p2a: Tangela|Body Slam|p1a: Vileplume
|-damage|p1a: Vileplume|63\/318 par
|move|p1a: Vileplume|Sleep Powder|p2a: Tangela
|-status|p2a: Tangela|slp
|
|turn|9
|
|switch|p2a: Chansey|Chansey, L79|557\/557
|switch|p1a: Growlithe|Growlithe, L96|300\/300 par
|
|turn|10
|
|move|p2a: Chansey|Ice Beam|p1a: Growlithe
|-damage|p1a: Growlithe|225\/300 par
|cant|p1a: Growlithe|par
|
|turn|11
|
|move|p2a: Chansey|Ice Beam|p1a: Growlithe
|-damage|p1a: Growlithe|152\/300 par
|move|p1a: Growlithe|Body Slam|p2a: Chansey
|-damage|p2a: Chansey|387\/557
|
|turn|12
|
|move|p2a: Chansey|Ice Beam|p1a: Growlithe
|-damage|p1a: Growlithe|76\/300 par
|move|p1a: Growlithe|Body Slam|p2a: Chansey
|-damage|p2a: Chansey|222\/557
|
|turn|13
|
|move|p2a: Chansey|Soft-Boiled|p2a: Chansey
|-heal|p2a: Chansey|500\/557
|move|p1a: Growlithe|Body Slam|p2a: Chansey
|-crit|p2a: Chansey
|-damage|p2a: Chansey|178\/557
|
|turn|14
|
|move|p2a: Chansey|Soft-Boiled|p2a: Chansey
|-heal|p2a: Chansey|456\/557
|move|p1a: Growlithe|Body Slam|p2a: Chansey
|-damage|p2a: Chansey|298\/557
|
|turn|15
|
|move|p2a: Chansey|Soft-Boiled|p2a: Chansey
|-heal|p2a: Chansey|557\/557
|cant|p1a: Growlithe|par
|
|turn|16
|
|move|p2a: Chansey|Ice Beam|p1a: Growlithe
|-damage|p1a: Growlithe|0 fnt
|faint|p1a: Growlithe
|
|switch|p1a: Squirtle|Squirtle, L96|279\/279
|turn|17
|
|move|p1a: Squirtle|Blizzard|p2a: Chansey
|-crit|p2a: Chansey
|-damage|p2a: Chansey|421\/557
|move|p2a: Chansey|Thunderbolt|p1a: Squirtle
|-crit|p1a: Squirtle
|-supereffective|p1a: Squirtle
|-damage|p1a: Squirtle|0 fnt
|faint|p1a: Squirtle
|
|switch|p1a: Mew|Mew, L74|300\/300
|turn|18
|
|move|p1a: Mew|Earthquake|p2a: Chansey
|-crit|p2a: Chansey
|-damage|p2a: Chansey|127\/557
|move|p2a: Chansey|Thunder Wave|p1a: Mew
|-status|p1a: Mew|par
|
|turn|19
|
|move|p2a: Chansey|Soft-Boiled|p2a: Chansey
|-heal|p2a: Chansey|405\/557
|move|p1a: Mew|Earthquake|p2a: Chansey
|-damage|p2a: Chansey|260\/557
|
|turn|20
|
|move|p2a: Chansey|Soft-Boiled|p2a: Chansey
|-heal|p2a: Chansey|538\/557
|move|p1a: Mew|Thunder Wave|p2a: Chansey
|-status|p2a: Chansey|par
|
|turn|21
|
|switch|p2a: Tangela|Tangela, L85|208\/284 slp
|move|p1a: Mew|Swift|p2a: Tangela
|-damage|p2a: Tangela|181\/284 slp
|
|turn|22
|
|switch|p1a: Gyarados|Gyarados, L85|335\/335
|cant|p2a: Tangela|slp
|
|turn|23
|
|switch|p2a: Kabutops|Kabutops, L85|247\/276 par
|move|p1a: Gyarados|Body Slam|p2a: Kabutops
|-resisted|p2a: Kabutops
|-damage|p2a: Kabutops|213\/276 par
|
|turn|24
|
|move|p1a: Gyarados|Thunderbolt|p2a: Kabutops
|-supereffective|p2a: Kabutops
|-damage|p2a: Kabutops|53\/276 par
|move|p2a: Kabutops|Body Slam|p1a: Gyarados
|-damage|p1a: Gyarados|260\/335
|-status|p1a: Gyarados|par
|
|turn|25
|
|cant|p2a: Kabutops|par
|move|p1a: Gyarados|Thunderbolt|p2a: Kabutops
|-supereffective|p2a: Kabutops
|-damage|p2a: Kabutops|0 fnt
|faint|p2a: Kabutops
|
|switch|p2a: Chansey|Chansey, L79|538\/557 par
|turn|26
|
|switch|p1a: Mew|Mew, L74|300\/300 par
|move|p2a: Chansey|Thunderbolt|p1a: Mew
|-damage|p1a: Mew|238\/300 par
|
|turn|27
|
|switch|p2a: Tangela|Tangela, L85|181\/284 slp
|move|p1a: Mew|Swift|p2a: Tangela
|-damage|p2a: Tangela|153\/284 slp
|
|turn|28
|
|switch|p1a: Gyarados|Gyarados, L85|260\/335 par
|cant|p2a: Tangela|slp
|
|turn|29
|
|cant|p2a: Tangela|slp
|cant|p1a: Gyarados|par
|
|turn|30
|
|-curestatus|p2a: Tangela|slp
|cant|p1a: Gyarados|par
|
|turn|31
|
|move|p2a: Tangela|Mega Drain|p1a: Gyarados
|-damage|p1a: Gyarados|218\/335 par
|-heal|p2a: Tangela|174\/284|[from] drain|[of] p1a: Gyarados
|move|p1a: Gyarados|Blizzard|p2a: Tangela
|-supereffective|p2a: Tangela
|-damage|p2a: Tangela|22\/284
|
|turn|32
|
|move|p2a: Tangela|Mega Drain|p1a: Gyarados
|-crit|p1a: Gyarados
|-damage|p1a: Gyarados|137\/335 par
|-heal|p2a: Tangela|62\/284|[from] drain|[of] p1a: Gyarados
|move|p1a: Gyarados|Body Slam|p2a: Tangela
|-crit|p2a: Tangela
|-damage|p2a: Tangela|0 fnt
|faint|p2a: Tangela
|
|switch|p2a: Golem|Golem, L79|288\/288
|turn|33
|
|move|p2a: Golem|Rock Slide|p1a: Gyarados
|-supereffective|p1a: Gyarados
|-damage|p1a: Gyarados|0 fnt
|faint|p1a: Gyarados
|
|switch|p1a: Dragonite|Dragonite, L85|328\/328
|turn|34
|
|switch|p2a: Chansey|Chansey, L79|538\/557 par
|move|p1a: Dragonite|Body Slam|p2a: Chansey
|-damage|p2a: Chansey|328\/557 par
|
|turn|35
|
|switch|p1a: Mew|Mew, L74|238\/300 par
|switch|p2a: Clefable|Clefable, L85|335\/335
|
|turn|36
|
|switch|p2a: Chansey|Chansey, L79|328\/557 par
|move|p1a: Mew|Thunder Wave|p2a: Chansey
|-fail|p2a: Chansey|par
|
|turn|37
|
|move|p1a: Mew|Earthquake|p2a: Chansey
|-damage|p2a: Chansey|185\/557 par
|move|p2a: Chansey|Soft-Boiled|p2a: Chansey
|-heal|p2a: Chansey|463\/557 par
|
|turn|38
|
|move|p1a: Mew|Swift|p2a: Chansey
|-damage|p2a: Chansey|374\/557 par
|move|p2a: Chansey|Ice Beam|p1a: Mew
|-crit|p1a: Mew
|-damage|p1a: Mew|102\/300 par
|
|turn|39
|
|move|p1a: Mew|Soft-Boiled|p1a: Mew
|-heal|p1a: Mew|252\/300 par
|move|p2a: Chansey|Soft-Boiled|p2a: Chansey
|-heal|p2a: Chansey|557\/557 par
|
|turn|40
|
|move|p1a: Mew|Swift|p2a: Chansey
|-damage|p2a: Chansey|474\/557 par
|move|p2a: Chansey|Ice Beam|p1a: Mew
|-damage|p1a: Mew|192\/300 par
|
|turn|41
|
|cant|p1a: Mew|par
|move|p2a: Chansey|Ice Beam|p1a: Mew
|-damage|p1a: Mew|126\/300 par
|
|turn|42
|
|switch|p2a: Golem|Golem, L79|288\/288
|move|p1a: Mew|Soft-Boiled|p1a: Mew
|-heal|p1a: Mew|276\/300 par
|
|turn|43
|
|switch|p1a: Vileplume|Vileplume, L90|63\/318 par
|move|p2a: Golem|Earthquake|p1a: Vileplume
|-damage|p1a: Vileplume|0 fnt
|faint|p1a: Vileplume
|
|switch|p1a: Dragonite|Dragonite, L85|328\/328
|turn|44
|
|switch|p2a: Hitmonlee|Hitmonlee, L90|273\/273
|move|p1a: Dragonite|Surf|p2a: Hitmonlee
|-damage|p2a: Hitmonlee|157\/273
|
|turn|45
|
|move|p2a: Hitmonlee|Body Slam|p1a: Dragonite
|-damage|p1a: Dragonite|254\/328
|move|p1a: Dragonite|Body Slam|p2a: Hitmonlee
|-crit|p2a: Hitmonlee
|-damage|p2a: Hitmonlee|0 fnt
|faint|p2a: Hitmonlee
|
|switch|p2a: Clefable|Clefable, L85|335\/335
|turn|46
|
|switch|p1a: Mew|Mew, L74|276\/300 par
|move|p2a: Clefable|Blizzard|p1a: Mew
|-crit|p1a: Mew
|-damage|p1a: Mew|126\/300 par
|
|turn|47
|
|switch|p2a: Golem|Golem, L79|288\/288
|move|p1a: Mew|Thunder Wave|p2a: Golem
|-immune|p2a: Golem|[msg]
|
|turn|48
|
|move|p2a: Golem|Rock Slide|p1a: Mew
|-damage|p1a: Mew|43\/300 par
|move|p1a: Mew|Soft-Boiled|p1a: Mew
|-heal|p1a: Mew|193\/300 par
|
|turn|49
|
|switch|p1a: Dragonite|Dragonite, L85|254\/328
|move|p2a: Golem|Explosion|p1a: Dragonite
|-damage|p1a: Dragonite|39\/328
|faint|p2a: Golem
|
|switch|p2a: Clefable|Clefable, L85|335\/335
|turn|50
|
|move|p1a: Dragonite|Body Slam|p2a: Clefable
|-damage|p2a: Clefable|245\/335
|move|p2a: Clefable|Body Slam|p1a: Dragonite
|-damage|p1a: Dragonite|0 fnt
|faint|p1a: Dragonite
|
|switch|p1a: Mew|Mew, L74|193\/300 par
|turn|51
|
|move|p2a: Clefable|Blizzard|p1a: Mew|[miss]
|-miss|p2a: Clefable
|move|p1a: Mew|Swift|p2a: Clefable
|-damage|p2a: Clefable|206\/335
|
|turn|52
|
|move|p2a: Clefable|Blizzard|p1a: Mew
|-damage|p1a: Mew|115\/300 par
|move|p1a: Mew|Thunder Wave|p2a: Clefable
|-status|p2a: Clefable|par
|
|turn|53
|
|move|p1a: Mew|Soft-Boiled|p1a: Mew
|-heal|p1a: Mew|265\/300 par
|move|p2a: Clefable|Blizzard|p1a: Mew
|-damage|p1a: Mew|185\/300 par
|
|turn|54
|
|cant|p1a: Mew|par
|cant|p2a: Clefable|par
|
|turn|55
|
|cant|p1a: Mew|par
|move|p2a: Clefable|Blizzard|p1a: Mew
|-damage|p1a: Mew|106\/300 par
|
|turn|56
|
|cant|p1a: Mew|par
|move|p2a: Clefable|Blizzard|p1a: Mew|[miss]
|-miss|p2a: Clefable
|
|turn|57
|
|move|p1a: Mew|Soft-Boiled|p1a: Mew
|-heal|p1a: Mew|256\/300 par
|move|p2a: Clefable|Body Slam|p1a: Mew
|-damage|p1a: Mew|180\/300 par
|
|turn|58
|
|cant|p1a: Mew|par
|cant|p2a: Clefable|par
|
|turn|59
|
|move|p1a: Mew|Earthquake|p2a: Clefable
|-damage|p2a: Clefable|141\/335 par
|cant|p2a: Clefable|par
|
|turn|60
|
|cant|p1a: Mew|par
|cant|p2a: Clefable|par
|
|turn|61
|
|move|p1a: Mew|Swift|p2a: Clefable
|-damage|p2a: Clefable|104\/335 par
|move|p2a: Clefable|Body Slam|p1a: Mew
|-damage|p1a: Mew|106\/300 par
|
|turn|62
|
|move|p1a: Mew|Soft-Boiled|p1a: Mew
|-heal|p1a: Mew|256\/300 par
|cant|p2a: Clefable|par
|
|turn|63
|
|move|p1a: Mew|Swift|p2a: Clefable
|-damage|p2a: Clefable|64\/335 par
|cant|p2a: Clefable|par
|
|turn|64
|
|move|p1a: Mew|Earthquake|p2a: Clefable
|-damage|p2a: Clefable|2\/335 par
|move|p2a: Clefable|Body Slam|p1a: Mew
|-damage|p1a: Mew|170\/300 par
|
|turn|65
|
|move|p1a: Mew|Swift|p2a: Clefable
|-damage|p2a: Clefable|0 fnt
|faint|p2a: Clefable
|
|switch|p2a: Chansey|Chansey, L79|474\/557 par
|turn|66
|
|move|p1a: Mew|Swift|p2a: Chansey
|-crit|p2a: Chansey
|-damage|p2a: Chansey|311\/557 par
|move|p2a: Chansey|Ice Beam|p1a: Mew
|-crit|p1a: Mew
|-damage|p1a: Mew|47\/300 par
|
|turn|67
|
|move|p1a: Mew|Soft-Boiled|p1a: Mew
|-heal|p1a: Mew|197\/300 par
|cant|p2a: Chansey|par
|
|turn|68
|
|move|p1a: Mew|Swift|p2a: Chansey
|-crit|p2a: Chansey
|-damage|p2a: Chansey|133\/557 par
|move|p2a: Chansey|Soft-Boiled|p2a: Chansey
|-heal|p2a: Chansey|411\/557 par
|
|turn|69
|
|move|p1a: Mew|Swift|p2a: Chansey
|-damage|p2a: Chansey|324\/557 par
|move|p2a: Chansey|Ice Beam|p1a: Mew
|-damage|p1a: Mew|130\/300 par
|
|turn|70
|
|cant|p1a: Mew|par
|cant|p2a: Chansey|par
|
|turn|71
|
|move|p1a: Mew|Soft-Boiled|p1a: Mew
|-heal|p1a: Mew|280\/300 par
|move|p2a: Chansey|Soft-Boiled|p2a: Chansey
|-heal|p2a: Chansey|557\/557 par
|
|turn|72
|
|move|p1a: Mew|Swift|p2a: Chansey
|-damage|p2a: Chansey|464\/557 par
|cant|p2a: Chansey|par
|
|turn|73
|
|move|p1a: Mew|Swift|p2a: Chansey
|-damage|p2a: Chansey|369\/557 par
|cant|p2a: Chansey|par
|
|turn|74
|
|move|p1a: Mew|Earthquake|p2a: Chansey
|-damage|p2a: Chansey|232\/557 par
|move|p2a: Chansey|Ice Beam|p1a: Mew
|-damage|p1a: Mew|216\/300 par
|
|turn|75
|
|move|p1a: Mew|Earthquake|p2a: Chansey
|-crit|p2a: Chansey
|-damage|p2a: Chansey|0 fnt
|faint|p2a: Chansey
|
|win|Hargnyque
|raw|Hargnyque's rating: 1265 &rarr; <strong>1288<\/strong><br \/>(+23 for winning)
|raw|Agarest's rating: 1237 &rarr; <strong>1214<\/strong><br \/>(-23 for losing)
|c|★Hargnyque|very long !