|j|redislegend
|j|Cuchoalpino
|player|p1|redislegend|162
|player|p2|Cuchoalpino|45
|gametype|singles
|gen|1
|tier|[Gen 1] Random Battle
|rated
|seed|15434,9189,6908,35368
|rule|Sleep Clause Mod: Limit one foe put to sleep
|rule|Freeze Clause Mod: Limit one foe frozen
|rule|HP Percentage Mod: HP is shown in percentages
|
|start
|switch|p1a: Jolteon|Jolteon, L79|265\/265
|switch|p2a: Snorlax|Snorlax, L79|415\/415
|turn|1
|choice|switch 4|move 3
|
|switch|p1a: Chansey|Chansey, L79|557\/557
|move|p2a: Snorlax|Earthquake|p1a: Chansey
|-damage|p1a: Chansey|370\/557
|
|turn|2
|c|★Cuchoalpino|titititityuyuuyuy
|choice|move 4|move 4
|
|move|p1a: Chansey|Thunder Wave|p2a: Snorlax
|-status|p2a: Snorlax|par
|move|p2a: Snorlax|Body Slam|p1a: Chansey
|-damage|p1a: Chansey|158\/557
|
|turn|3
|choice|move 1|move 4
|
|move|p1a: Chansey|Soft-Boiled|p1a: Chansey
|-heal|p1a: Chansey|436\/557
|move|p2a: Snorlax|Body Slam|p1a: Chansey
|-damage|p1a: Chansey|209\/557
|
|turn|4
|choice|move 1|move 4
|
|move|p1a: Chansey|Soft-Boiled|p1a: Chansey
|-heal|p1a: Chansey|487\/557
|move|p2a: Snorlax|Body Slam|p1a: Chansey
|-damage|p1a: Chansey|264\/557
|
|turn|5
|choice|move 3|move 4
|
|move|p1a: Chansey|Ice Beam|p2a: Snorlax
|-damage|p2a: Snorlax|340\/415 par
|move|p2a: Snorlax|Body Slam|p1a: Chansey
|-damage|p1a: Chansey|42\/557
|
|turn|6
|choice|move 1|move 4
|
|move|p1a: Chansey|Soft-Boiled|p1a: Chansey
|-heal|p1a: Chansey|320\/557
|move|p2a: Snorlax|Body Slam|p1a: Chansey
|-damage|p1a: Chansey|93\/557
|
|turn|7
|choice|move 1|move 4
|
|move|p1a: Chansey|Soft-Boiled|p1a: Chansey
|-heal|p1a: Chansey|371\/557
|move|p2a: Snorlax|Body Slam|p1a: Chansey
|-damage|p1a: Chansey|132\/557
|
|turn|8
|choice|move 1|move 3
|
|move|p1a: Chansey|Soft-Boiled|p1a: Chansey
|-heal|p1a: Chansey|410\/557
|move|p2a: Snorlax|Earthquake|p1a: Chansey
|-damage|p1a: Chansey|228\/557
|
|turn|9
|choice|move 3|move 4
|
|move|p1a: Chansey|Ice Beam|p2a: Snorlax
|-damage|p2a: Snorlax|266\/415 par
|move|p2a: Snorlax|Body Slam|p1a: Chansey
|-damage|p1a: Chansey|8\/557
|
|turn|10
|choice|move 1|move 4
|
|move|p1a: Chansey|Soft-Boiled|p1a: Chansey
|-heal|p1a: Chansey|286\/557
|cant|p2a: Snorlax|par
|
|turn|11
|choice|move 1|move 4
|
|move|p1a: Chansey|Soft-Boiled|p1a: Chansey
|-heal|p1a: Chansey|557\/557
|move|p2a: Snorlax|Body Slam|p1a: Chansey
|-damage|p1a: Chansey|317\/557
|
|turn|12
|choice|move 3|move 4
|
|move|p1a: Chansey|Ice Beam|p2a: Snorlax
|-damage|p2a: Snorlax|183\/415 par
|move|p2a: Snorlax|Body Slam|p1a: Chansey
|-damage|p1a: Chansey|69\/557
|
|turn|13
|choice|move 1|move 4
|
|move|p1a: Chansey|Soft-Boiled|p1a: Chansey
|-heal|p1a: Chansey|347\/557
|cant|p2a: Snorlax|par
|
|turn|14
|choice|move 3|move 4
|
|move|p1a: Chansey|Ice Beam|p2a: Snorlax
|-damage|p2a: Snorlax|102\/415 par
|move|p2a: Snorlax|Body Slam|p1a: Chansey
|-damage|p1a: Chansey|125\/557
|
|turn|15
|choice|move 1|move 2
|
|move|p1a: Chansey|Soft-Boiled|p1a: Chansey
|-heal|p1a: Chansey|403\/557
|move|p2a: Snorlax|Self-Destruct|p1a: Chansey
|-damage|p1a: Chansey|0 fnt
|faint|p1a: Chansey
|faint|p2a: Snorlax
|choice|switch 3|switch 6
|
|switch|p2a: Nidoking|Nidoking, L85|311\/311
|switch|p1a: Butterfree|Butterfree, L90|291\/291
|turn|16
|choice|move 1|move 2
|
|move|p2a: Nidoking|Thunder|p1a: Butterfree
|-supereffective|p1a: Butterfree
|-damage|p1a: Butterfree|144\/291
|move|p1a: Butterfree|Sleep Powder|p2a: Nidoking|[miss]
|-miss|p1a: Butterfree
|
|turn|17
|choice|switch 5|move 2
|
|switch|p1a: Nidoqueen|Nidoqueen, L85|327\/327
|move|p2a: Nidoking|Thunder|p1a: Nidoqueen
|-immune|p1a: Nidoqueen|[msg]
|
|turn|18
|choice|move 3|move 1
|
|move|p2a: Nidoking|Earthquake|p1a: Nidoqueen
|-supereffective|p1a: Nidoqueen
|-damage|p1a: Nidoqueen|125\/327
|move|p1a: Nidoqueen|Blizzard|p2a: Nidoking
|-crit|p2a: Nidoking
|-supereffective|p2a: Nidoking
|-damage|p2a: Nidoking|15\/311
|
|turn|19
|choice|switch 5|move 1
|
|switch|p1a: Butterfree|Butterfree, L90|144\/291
|move|p2a: Nidoking|Earthquake|p1a: Butterfree
|-immune|p1a: Butterfree|[msg]
|
|turn|20
|choice|move 3|move 2
|
|move|p2a: Nidoking|Thunder|p1a: Butterfree|[miss]
|-miss|p2a: Nidoking
|move|p1a: Butterfree|Psychic|p2a: Nidoking
|-supereffective|p2a: Nidoking
|-damage|p2a: Nidoking|0 fnt
|faint|p2a: Nidoking
|choice||switch 4
|
|switch|p2a: Flareon|Flareon, L90|300\/300
|turn|21
|choice|move 1|move 4
|
|move|p1a: Butterfree|Sleep Powder|p2a: Flareon|[miss]
|-miss|p1a: Butterfree
|move|p2a: Flareon|Fire Blast|p1a: Butterfree
|-supereffective|p1a: Butterfree
|-damage|p1a: Butterfree|0 fnt
|faint|p1a: Butterfree
|choice|switch 2|
|
|switch|p1a: Horsea|Horsea, L96|252\/252
|turn|22
|choice|move 3|move 3
|
|move|p1a: Horsea|Hydro Pump|p2a: Flareon|[miss]
|-miss|p1a: Horsea
|move|p2a: Flareon|Hyper Beam|p1a: Horsea
|-damage|p1a: Horsea|104\/252
|
|turn|23
|-mustrecharge|p2a: Flareon
|-mustrecharge|p2a: Flareon
|choice|move 3|move 1
|
|move|p1a: Horsea|Hydro Pump|p2a: Flareon
|-supereffective|p2a: Flareon
|-damage|p2a: Flareon|65\/300
|cant|p2a: Flareon|recharge
|
|turn|24
|choice|move 3|move 1
|
|move|p2a: Flareon|Quick Attack|p1a: Horsea
|-damage|p1a: Horsea|65\/252
|move|p1a: Horsea|Hydro Pump|p2a: Flareon
|-crit|p2a: Flareon
|-supereffective|p2a: Flareon
|-damage|p2a: Flareon|0 fnt
|faint|p2a: Flareon
|choice||switch 3
|
|switch|p2a: Raichu|Raichu, L85|276\/276
|turn|25
|choice|switch 5|move 4
|
|switch|p1a: Nidoqueen|Nidoqueen, L85|125\/327
|move|p2a: Raichu|Thunder|p1a: Nidoqueen
|-immune|p1a: Nidoqueen|[msg]
|
|turn|26
|choice|move 1|move 1
|
|move|p2a: Raichu|Surf|p1a: Nidoqueen
|-supereffective|p1a: Nidoqueen
|-damage|p1a: Nidoqueen|0 fnt
|faint|p1a: Nidoqueen
|choice|switch 4|
|
|switch|p1a: Jolteon|Jolteon, L79|265\/265
|turn|27
|choice|move 2|move 3
|
|move|p1a: Jolteon|Thunder Wave|p2a: Raichu
|-status|p2a: Raichu|par
|move|p2a: Raichu|Hyper Beam|p1a: Jolteon
|-damage|p1a: Jolteon|117\/265
|
|turn|28
|-mustrecharge|p2a: Raichu
|-mustrecharge|p2a: Raichu
|choice|move 1|move 1
|
|move|p1a: Jolteon|Thunderbolt|p2a: Raichu
|-resisted|p2a: Raichu
|-damage|p2a: Raichu|227\/276 par
|cant|p2a: Raichu|recharge
|
|turn|29
|choice|switch 6|move 3
|
|switch|p1a: Charmeleon|Charmeleon, L85|272\/272
|move|p2a: Raichu|Hyper Beam|p1a: Charmeleon
|-damage|p1a: Charmeleon|142\/272
|
|turn|30
|-mustrecharge|p2a: Raichu
|-mustrecharge|p2a: Raichu
|choice|move 3|move 1
|
|move|p1a: Charmeleon|Fire Blast|p2a: Raichu
|-crit|p2a: Raichu
|-damage|p2a: Raichu|20\/276 par
|cant|p2a: Raichu|recharge
|
|turn|31
|choice|move 4|move 1
|
|move|p1a: Charmeleon|Body Slam|p2a: Raichu
|-crit|p2a: Raichu
|-damage|p2a: Raichu|0 fnt
|faint|p2a: Raichu
|choice||switch 2
|
|switch|p2a: Wartortle|Wartortle, L85|274\/274
|turn|32
|choice|switch 5|move 2
|
|switch|p1a: Horsea|Horsea, L96|65\/252
|move|p2a: Wartortle|Surf|p1a: Horsea
|-resisted|p1a: Horsea
|-damage|p1a: Horsea|29\/252
|
|turn|33
|choice|move 3|move 3
|
|move|p1a: Horsea|Hydro Pump|p2a: Wartortle
|-resisted|p2a: Wartortle
|-damage|p2a: Wartortle|197\/274
|move|p2a: Wartortle|Body Slam|p1a: Horsea
|-damage|p1a: Horsea|0 fnt
|faint|p1a: Horsea
|choice|switch 6|
|
|switch|p1a: Jolteon|Jolteon, L79|117\/265
|turn|34
|choice|move 1|move 4
|
|move|p1a: Jolteon|Thunderbolt|p2a: Wartortle
|-crit|p2a: Wartortle
|-supereffective|p2a: Wartortle
|-damage|p2a: Wartortle|0 fnt
|faint|p2a: Wartortle
|choice||switch 5
|
|switch|p2a: Lapras|Lapras, L79|367\/367
|turn|35
|choice|move 2|move 1
|
|move|p1a: Jolteon|Thunder Wave|p2a: Lapras
|-status|p2a: Lapras|par
|cant|p2a: Lapras|par
|
|turn|36
|choice|move 1|move 1
|
|move|p1a: Jolteon|Thunderbolt|p2a: Lapras
|-supereffective|p2a: Lapras
|-damage|p2a: Lapras|184\/367 par
|move|p2a: Lapras|Blizzard|p1a: Jolteon
|-crit|p1a: Jolteon
|-damage|p1a: Jolteon|0 fnt
|faint|p1a: Jolteon
|choice|switch 5|
|
|switch|p1a: Charmeleon|Charmeleon, L85|142\/272
|turn|37
|choice|move 3|move 2
|
|move|p1a: Charmeleon|Fire Blast|p2a: Lapras
|-damage|p2a: Lapras|81\/367 par
|move|p2a: Lapras|Rest|p2a: Lapras
|-status|p2a: Lapras|slp
|-heal|p2a: Lapras|367\/367 slp|[silent]
|-status|p2a: Lapras|slp|[from] move: Rest
|
|turn|38
|choice|move 1|move 2
|
|move|p1a: Charmeleon|Slash|p2a: Lapras
|-crit|p2a: Lapras
|-damage|p2a: Lapras|285\/367 slp
|cant|p2a: Lapras|slp
|
|turn|39
|choice|move 1|move 4
|
|move|p1a: Charmeleon|Slash|p2a: Lapras
|-crit|p2a: Lapras
|-damage|p2a: Lapras|194\/367 slp
|-curestatus|p2a: Lapras|slp
|
|turn|40
|choice|move 3|move 2
|
|move|p1a: Charmeleon|Fire Blast|p2a: Lapras
|-crit|p2a: Lapras
|-damage|p2a: Lapras|1\/367
|move|p2a: Lapras|Rest|p2a: Lapras
|-status|p2a: Lapras|slp
|-heal|p2a: Lapras|367\/367 slp|[silent]
|-status|p2a: Lapras|slp|[from] move: Rest
|
|turn|41
|choice|move 3|move 2
|
|move|p1a: Charmeleon|Fire Blast|p2a: Lapras
|-damage|p2a: Lapras|266\/367 slp
|cant|p2a: Lapras|slp
|
|turn|42
|choice|move 3|move 3
|
|move|p1a: Charmeleon|Fire Blast|p2a: Lapras
|-damage|p2a: Lapras|155\/367 slp
|-curestatus|p2a: Lapras|slp
|
|turn|43
|choice|move 4|move 2
|
|move|p1a: Charmeleon|Body Slam|p2a: Lapras
|-damage|p2a: Lapras|98\/367
|move|p2a: Lapras|Rest|p2a: Lapras
|-status|p2a: Lapras|slp
|-heal|p2a: Lapras|367\/367 slp|[silent]
|-status|p2a: Lapras|slp|[from] move: Rest
|
|turn|44
|choice|move 4|move 2
|
|move|p1a: Charmeleon|Body Slam|p2a: Lapras
|-damage|p2a: Lapras|312\/367 slp
|cant|p2a: Lapras|slp
|
|turn|45
|choice|move 3|move 3
|
|move|p1a: Charmeleon|Fire Blast|p2a: Lapras
|-damage|p2a: Lapras|204\/367 slp
|-curestatus|p2a: Lapras|slp
|
|turn|46
|choice|move 3|move 2
|
|move|p1a: Charmeleon|Fire Blast|p2a: Lapras
|-damage|p2a: Lapras|108\/367
|-status|p2a: Lapras|brn
|move|p2a: Lapras|Rest|p2a: Lapras
|-status|p2a: Lapras|slp
|-heal|p2a: Lapras|367\/367 slp|[silent]
|-status|p2a: Lapras|slp|[from] move: Rest
|
|turn|47
|c|★redislegend|why
|choice|move 3|move 3
|
|move|p1a: Charmeleon|Fire Blast|p2a: Lapras
|-damage|p2a: Lapras|262\/367 slp
|cant|p2a: Lapras|slp
|
|turn|48
|c|★Cuchoalpino|:)
|choice|move 1|move 3
|
|move|p1a: Charmeleon|Slash|p2a: Lapras
|-crit|p2a: Lapras
|-damage|p2a: Lapras|177\/367 slp
|-curestatus|p2a: Lapras|slp
|
|turn|49
|choice|move 1|move 2
|
|move|p1a: Charmeleon|Slash|p2a: Lapras
|-crit|p2a: Lapras
|-damage|p2a: Lapras|86\/367
|move|p2a: Lapras|Rest|p2a: Lapras
|-status|p2a: Lapras|slp
|-heal|p2a: Lapras|367\/367 slp|[silent]
|-status|p2a: Lapras|slp|[from] move: Rest
|
|turn|50
|choice|move 1|move 3
|
|move|p1a: Charmeleon|Slash|p2a: Lapras
|-crit|p2a: Lapras
|-damage|p2a: Lapras|277\/367 slp
|cant|p2a: Lapras|slp
|
|turn|51
|choice|move 1|move 3
|
|move|p1a: Charmeleon|Slash|p2a: Lapras
|-crit|p2a: Lapras
|-damage|p2a: Lapras|193\/367 slp
|-curestatus|p2a: Lapras|slp
|
|turn|52
|choice|move 1|move 2
|
|move|p1a: Charmeleon|Slash|p2a: Lapras
|-crit|p2a: Lapras
|-damage|p2a: Lapras|101\/367
|move|p2a: Lapras|Rest|p2a: Lapras
|-status|p2a: Lapras|slp
|-heal|p2a: Lapras|367\/367 slp|[silent]
|-status|p2a: Lapras|slp|[from] move: Rest
|
|turn|53
|choice|move 1|move 3
|
|move|p1a: Charmeleon|Slash|p2a: Lapras
|-crit|p2a: Lapras
|-damage|p2a: Lapras|281\/367 slp
|cant|p2a: Lapras|slp
|
|turn|54
|choice|move 1|move 3
|
|move|p1a: Charmeleon|Slash|p2a: Lapras
|-crit|p2a: Lapras
|-damage|p2a: Lapras|198\/367 slp
|-curestatus|p2a: Lapras|slp
|
|turn|55
|choice|move 1|move 2
|
|move|p1a: Charmeleon|Slash|p2a: Lapras
|-crit|p2a: Lapras
|-damage|p2a: Lapras|104\/367
|move|p2a: Lapras|Rest|p2a: Lapras
|-status|p2a: Lapras|slp
|-heal|p2a: Lapras|367\/367 slp|[silent]
|-status|p2a: Lapras|slp|[from] move: Rest
|
|turn|56
|choice|move 1|move 3
|
|move|p1a: Charmeleon|Slash|p2a: Lapras
|-crit|p2a: Lapras
|-damage|p2a: Lapras|278\/367 slp
|cant|p2a: Lapras|slp
|
|turn|57
|choice|move 1|move 3
|
|move|p1a: Charmeleon|Slash|p2a: Lapras
|-crit|p2a: Lapras
|-damage|p2a: Lapras|188\/367 slp
|-curestatus|p2a: Lapras|slp
|
|turn|58
|choice|move 1|move 2
|
|move|p1a: Charmeleon|Slash|p2a: Lapras
|-crit|p2a: Lapras
|-damage|p2a: Lapras|97\/367
|move|p2a: Lapras|Rest|p2a: Lapras
|-status|p2a: Lapras|slp
|-heal|p2a: Lapras|367\/367 slp|[silent]
|-status|p2a: Lapras|slp|[from] move: Rest
|
|turn|59
|c|★Cuchoalpino|We can be here forever
|choice|move 1|move 3
|
|move|p1a: Charmeleon|Slash|p2a: Lapras
|-crit|p2a: Lapras
|-damage|p2a: Lapras|278\/367 slp
|cant|p2a: Lapras|slp
|
|turn|60
|c|★redislegend|i know right lol
|choice|move 1|move 3
|
|move|p1a: Charmeleon|Slash|p2a: Lapras
|-crit|p2a: Lapras
|-damage|p2a: Lapras|195\/367 slp
|-curestatus|p2a: Lapras|slp
|
|turn|61
|choice|move 4|move 2
|
|move|p1a: Charmeleon|Body Slam|p2a: Lapras
|-damage|p2a: Lapras|138\/367
|move|p2a: Lapras|Rest|p2a: Lapras
|-status|p2a: Lapras|slp
|-heal|p2a: Lapras|367\/367 slp|[silent]
|-status|p2a: Lapras|slp|[from] move: Rest
|
|turn|62
|c|★Cuchoalpino|But im not risking:P
|choice|move 1|move 3
|
|move|p1a: Charmeleon|Slash|p2a: Lapras
|-damage|p2a: Lapras|323\/367 slp
|cant|p2a: Lapras|slp
|
|turn|63
|choice|move 1|move 3
|
|move|p1a: Charmeleon|Slash|p2a: Lapras
|-crit|p2a: Lapras
|-damage|p2a: Lapras|242\/367 slp
|-curestatus|p2a: Lapras|slp
|
|turn|64
|choice|move 4|move 1
|
|move|p1a: Charmeleon|Body Slam|p2a: Lapras
|-damage|p2a: Lapras|191\/367
|-status|p2a: Lapras|par
|move|p2a: Lapras|Blizzard|p1a: Charmeleon
|-damage|p1a: Charmeleon|7\/272
|
|turn|65
|choice|move 1|move 2
|
|move|p1a: Charmeleon|Slash|p2a: Lapras
|-crit|p2a: Lapras
|-damage|p2a: Lapras|107\/367 par
|cant|p2a: Lapras|par
|
|turn|66
|choice|move 1|move 2
|
|move|p1a: Charmeleon|Slash|p2a: Lapras
|-crit|p2a: Lapras
|-damage|p2a: Lapras|15\/367 par
|move|p2a: Lapras|Rest|p2a: Lapras
|-status|p2a: Lapras|slp
|-heal|p2a: Lapras|367\/367 slp|[silent]
|-status|p2a: Lapras|slp|[from] move: Rest
|
|turn|67
|c|★Cuchoalpino|UFF
|choice|move 1|move 3
|
|move|p1a: Charmeleon|Slash|p2a: Lapras
|-crit|p2a: Lapras
|-damage|p2a: Lapras|287\/367 slp
|cant|p2a: Lapras|slp
|
|turn|68
|choice|move 1|move 3
|
|move|p1a: Charmeleon|Slash|p2a: Lapras
|-crit|p2a: Lapras
|-damage|p2a: Lapras|199\/367 slp
|-curestatus|p2a: Lapras|slp
|
|turn|69
|choice|move 4|move 1
|
|move|p1a: Charmeleon|Body Slam|p2a: Lapras
|-damage|p2a: Lapras|140\/367
|move|p2a: Lapras|Blizzard|p1a: Charmeleon|[miss]
|-miss|p2a: Lapras
|
|turn|70
|choice|move 4|move 3
|
|move|p1a: Charmeleon|Body Slam|p2a: Lapras
|-damage|p2a: Lapras|81\/367
|move|p2a: Lapras|Body Slam|p1a: Charmeleon
|-damage|p1a: Charmeleon|0 fnt
|faint|p1a: Charmeleon
|
|win|Cuchoalpino
|player|p1
|player|p2
|raw|redislegend's rating: 1196 &rarr; <strong>1162<\/strong><br \/>(-34 for losing)
|raw|Cuchoalpino's rating: 1066 &rarr; <strong>1107<\/strong><br \/>(+41 for winning)
|c|★Cuchoalpino|sorry gg
|l|redislegend