|join|Andreskx13
|join|andrewandres
|player|p1|Andreskx13|151
|player|p2|andrewandres|25
|gametype|singles
|gen|1
|tier|[Gen 1] Random Battle
|rule|Sleep Clause Mod: Limit one foe put to sleep
|rule|Freeze Clause Mod: Limit one foe frozen
|rule|HP Percentage Mod: HP is shown in percentages
|
|start
|switch|p1a: Nidoqueen|Nidoqueen, L85|327\/327
|switch|p2a: Hitmonlee|Hitmonlee, L85|259\/259
|turn|1
|c|★Andreskx13|Hombre , quieres la revancha o qué?
|c|★Andreskx13|x'd
|c|★andrewandres|¿?
|
|move|p2a: Hitmonlee|Body Slam|p1a: Nidoqueen
|-crit|p1a: Nidoqueen
|-damage|p1a: Nidoqueen|179\/327
|move|p1a: Nidoqueen|Earthquake|p2a: Hitmonlee
|-damage|p2a: Hitmonlee|137\/259
|
|turn|2
|c|★Andreskx13|Nada , déjlao
|c|★Andreskx13|déjalo*
|c|★andrewandres|mejor..
|c|★andrewandres|te equivocas de persona
|c|★Andreskx13|Ostias , que defensa ._.
|
|move|p2a: Hitmonlee|Body Slam|p1a: Nidoqueen
|-crit|p1a: Nidoqueen
|-damage|p1a: Nidoqueen|33\/327
|move|p1a: Nidoqueen|Thunderbolt|p2a: Hitmonlee
|-crit|p2a: Hitmonlee
|-damage|p2a: Hitmonlee|0 fnt
|faint|p2a: Hitmonlee
|c|★Andreskx13|sí , seguro
|
|switch|p2a: Kangaskhan|Kangaskhan, L85|352\/352
|turn|3
|
|move|p2a: Kangaskhan|Body Slam|p1a: Nidoqueen
|-damage|p1a: Nidoqueen|0 fnt
|faint|p1a: Nidoqueen
|
|switch|p1a: Koffing|Koffing, L96|272\/272
|turn|4
|
|move|p2a: Kangaskhan|Earthquake|p1a: Koffing
|-crit|p1a: Koffing
|-supereffective|p1a: Koffing
|-damage|p1a: Koffing|46\/272
|move|p1a: Koffing|Sludge|p2a: Kangaskhan
|-damage|p2a: Kangaskhan|274\/352
|
|turn|5
|
|move|p2a: Kangaskhan|Body Slam|p1a: Koffing
|-damage|p1a: Koffing|0 fnt
|faint|p1a: Koffing
|
|switch|p1a: Persian|Persian, L79|265\/265
|turn|6
|
|move|p1a: Persian|Body Slam|p2a: Kangaskhan
|-crit|p2a: Kangaskhan
|-damage|p2a: Kangaskhan|149\/352
|move|p2a: Kangaskhan|Body Slam|p1a: Persian
|-damage|p1a: Persian|149\/265
|
|turn|7
|
|move|p1a: Persian|Thunderbolt|p2a: Kangaskhan
|-damage|p2a: Kangaskhan|78\/352
|move|p2a: Kangaskhan|Earthquake|p1a: Persian
|-damage|p1a: Persian|56\/265
|
|turn|8
|
|move|p1a: Persian|Thunderbolt|p2a: Kangaskhan
|-damage|p2a: Kangaskhan|11\/352
|move|p2a: Kangaskhan|Body Slam|p1a: Persian
|-damage|p1a: Persian|0 fnt
|faint|p1a: Persian
|c|★andrewandres|¿?
|
|switch|p1a: Scyther|Scyther, L85|293\/293
|turn|9
|
|move|p1a: Scyther|Slash|p2a: Kangaskhan
|-crit|p2a: Kangaskhan
|-damage|p2a: Kangaskhan|0 fnt
|faint|p2a: Kangaskhan
|c|★Andreskx13|(?)
|c|★Andreskx13|Qué?
|
|switch|p2a: Nidoqueen|Nidoqueen, L85|327\/327
|turn|10
|c|★andrewandres|hyper rayo
|c|★Andreskx13|... x'd
|
|move|p1a: Scyther|Swords Dance|p1a: Scyther
|-boost|p1a: Scyther|atk|2
|move|p2a: Nidoqueen|Thunderbolt|p1a: Scyther
|-crit|p1a: Scyther
|-supereffective|p1a: Scyther
|-damage|p1a: Scyther|0 fnt
|faint|p1a: Scyther
|
|switch|p1a: Pidgeotto|Pidgeotto, L85|281\/281
|turn|11
|c|★Andreskx13|Tienes PU team?
|c|★andrewandres|no
|
|move|p2a: Nidoqueen|Thunderbolt|p1a: Pidgeotto
|-supereffective|p1a: Pidgeotto
|-damage|p1a: Pidgeotto|123\/281
|move|p1a: Pidgeotto|Sky Attack|p2a: Nidoqueen|[still]
|-prepare|p1a: Pidgeotto|Sky Attack|p2a: Nidoqueen
|
|turn|12
|
|move|p2a: Nidoqueen|Thunderbolt|p1a: Pidgeotto
|-supereffective|p1a: Pidgeotto
|-damage|p1a: Pidgeotto|0 fnt
|faint|p1a: Pidgeotto
|
|switch|p1a: Starmie|Starmie, L79|257\/257
|turn|13
|
|switch|p2a: Eevee|Eevee, L96|300\/300
|move|p1a: Starmie|Blizzard|p2a: Eevee
|-damage|p2a: Eevee|225\/300
|
|turn|14
|c|★Andreskx13|Monotype tienes?
|
|move|p1a: Starmie|Thunderbolt|p2a: Eevee
|-damage|p2a: Eevee|165\/300
|move|p2a: Eevee|Body Slam|p1a: Starmie
|-damage|p1a: Starmie|164\/257
|-status|p1a: Starmie|par
|
|turn|15
|c|★andrewandres|gg
|
|move|p2a: Eevee|Body Slam|p1a: Starmie
|-damage|p1a: Starmie|71\/257 par
|move|p1a: Starmie|Thunder Wave|p2a: Eevee
|-status|p2a: Eevee|par
|
|turn|16
|c|★Andreskx13|gg para tí
|
|cant|p1a: Starmie|par
|move|p2a: Eevee|Body Slam|p1a: Starmie
|-damage|p1a: Starmie|0 fnt
|faint|p1a: Starmie
|
|win|andrewandres
|c|★andrewandres|paliza tras paliza
|leave|Andreskx13
|player|p1
|join|Jake8585
|join|Frederick Henrix
|join|ElRubiusONG
|join|Wacala que Rico
|join|Green Campeon
|leave|Frederick Henrix
|leave|ElRubiusONG
|leave|Green Campeon
|join|PROtuber01
|leave|Jake8585
|join|ElRubiusONG
|leave|ElRubiusONG