|join|popdragomil
|join|gen1masterrony
|player|p1|popdragomil|102
|player|p2|gen1masterrony|266
|gametype|singles
|gen|1
|tier|[Gen 1] OU (beta)
|rated
|rule|Sleep Clause Mod: Limit one foe put to sleep
|rule|Species Clause: Limit one of each Pokémon
|rule|OHKO Clause: OHKO moves are banned
|rule|Evasion Moves Clause: Evasion moves are banned
|rule|HP Percentage Mod: HP is shown in percentages
|
|start
|switch|p1a: Dragonair|Dragonair|325\/325
|switch|p2a: Hypno|Hypno|373\/373
|turn|1
|
|move|p1a: Dragonair|Thunder Wave|p2a: Hypno
|-status|p2a: Hypno|par
|move|p2a: Hypno|Hypnosis|p1a: Dragonair|[miss]
|-miss|p2a: Hypno
|
|turn|2
|
|move|p1a: Dragonair|Wrap|p2a: Hypno
|-damage|p2a: Hypno|359\/373 par
|-activate|p2a: Hypno|move: Wrap|[of] p1a: Dragonair
|cant|p2a: Hypno|partiallytrapped
|
|turn|3
|
|switch|p2a: Starmie|Starmie|323\/323
|move|p1a: Dragonair|Wrap|p2a: Starmie
|-damage|p2a: Starmie|311\/323
|-activate|p2a: Starmie|move: Wrap|[of] p1a: Dragonair
|
|turn|4
|
|cant|p2a: Starmie|partiallytrapped
|move|p1a: Dragonair|Wrap|p2a: Starmie
|-damage|p2a: Starmie|297\/323
|
|-end|p2a: Starmie|Wrap|[partiallytrapped]
|turn|5
|
|move|p2a: Starmie|Thunder Wave|p1a: Dragonair
|-status|p1a: Dragonair|par
|cant|p1a: Dragonair|par
|
|turn|6
|
|move|p2a: Starmie|Blizzard|p1a: Dragonair|[miss]
|-miss|p2a: Starmie
|move|p1a: Dragonair|Thunder Wave|p2a: Starmie
|-status|p2a: Starmie|par
|
|turn|7
|
|cant|p2a: Starmie|par
|move|p1a: Dragonair|Thunderbolt|p2a: Starmie
|-supereffective|p2a: Starmie
|-damage|p2a: Starmie|175\/323 par
|
|turn|8
|
|cant|p2a: Starmie|par
|move|p1a: Dragonair|Thunderbolt|p2a: Starmie
|-supereffective|p2a: Starmie
|-damage|p2a: Starmie|61\/323 par
|
|turn|9
|
|move|p2a: Starmie|Recover|p2a: Starmie
|-heal|p2a: Starmie|222\/323 par
|move|p1a: Dragonair|Wrap|p2a: Starmie
|-damage|p2a: Starmie|209\/323 par
|-activate|p2a: Starmie|move: Wrap|[of] p1a: Dragonair
|
|turn|10
|
|cant|p2a: Starmie|partiallytrapped
|move|p1a: Dragonair|Wrap|p2a: Starmie
|-damage|p2a: Starmie|196\/323 par
|
|turn|11
|
|cant|p2a: Starmie|partiallytrapped
|move|p1a: Dragonair|Wrap|p2a: Starmie
|-damage|p2a: Starmie|183\/323 par
|
|turn|12
|
|cant|p2a: Starmie|partiallytrapped
|move|p1a: Dragonair|Wrap|p2a: Starmie
|-damage|p2a: Starmie|170\/323 par
|
|-end|p2a: Starmie|Wrap|[partiallytrapped]
|turn|13
|
|switch|p1a: Cloyster|Cloyster|303\/303
|move|p2a: Starmie|Recover|p2a: Starmie
|-heal|p2a: Starmie|323\/323 par
|
|turn|14
|
|move|p1a: Cloyster|Clamp|p2a: Starmie
|-resisted|p2a: Starmie
|-damage|p2a: Starmie|304\/323 par
|-activate|p2a: Starmie|move: Clamp|[of] p1a: Cloyster
|cant|p2a: Starmie|partiallytrapped
|
|turn|15
|
|switch|p2a: Hypno|Hypno|359\/373 par
|move|p1a: Cloyster|Clamp|p2a: Hypno
|-damage|p2a: Hypno|323\/373 par
|-activate|p2a: Hypno|move: Clamp|[of] p1a: Cloyster
|
|turn|16
|
|move|p1a: Cloyster|Clamp|p2a: Hypno
|-damage|p2a: Hypno|304\/373 par
|cant|p2a: Hypno|partiallytrapped
|
|turn|17
|
|move|p1a: Cloyster|Clamp|p2a: Hypno
|-damage|p2a: Hypno|285\/373 par
|cant|p2a: Hypno|par
|
|-end|p2a: Hypno|Clamp|[partiallytrapped]
|turn|18
|
|move|p1a: Cloyster|Clamp|p2a: Hypno|[miss]
|-miss|p1a: Cloyster
|move|p2a: Hypno|Thunder Wave|p1a: Cloyster
|-status|p1a: Cloyster|par
|
|turn|19
|
|move|p1a: Cloyster|Clamp|p2a: Hypno
|-damage|p2a: Hypno|250\/373 par
|-activate|p2a: Hypno|move: Clamp|[of] p1a: Cloyster
|cant|p2a: Hypno|partiallytrapped
|
|turn|20
|
|switch|p2a: Starmie|Starmie|304\/323 par
|move|p1a: Cloyster|Clamp|p2a: Starmie
|-crit|p2a: Starmie
|-resisted|p2a: Starmie
|-damage|p2a: Starmie|264\/323 par
|-activate|p2a: Starmie|move: Clamp|[of] p1a: Cloyster
|
|turn|21
|
|cant|p2a: Starmie|partiallytrapped
|move|p1a: Cloyster|Clamp|p2a: Starmie
|-damage|p2a: Starmie|229\/323 par
|
|turn|22
|
|cant|p2a: Starmie|partiallytrapped
|move|p1a: Cloyster|Clamp|p2a: Starmie
|-damage|p2a: Starmie|194\/323 par
|
|turn|23
|
|cant|p2a: Starmie|partiallytrapped
|move|p1a: Cloyster|Clamp|p2a: Starmie
|-damage|p2a: Starmie|159\/323 par
|
|-end|p2a: Starmie|Clamp|[partiallytrapped]
|turn|24
|
|switch|p1a: Dragonair|Dragonair|325\/325 par
|move|p2a: Starmie|Thunderbolt|p1a: Dragonair
|-crit|p1a: Dragonair
|-resisted|p1a: Dragonair
|-damage|p1a: Dragonair|231\/325 par
|
|turn|25
|
|move|p2a: Starmie|Blizzard|p1a: Dragonair
|-supereffective|p1a: Dragonair
|-damage|p1a: Dragonair|0 fnt
|faint|p1a: Dragonair
|
|switch|p1a: Tauros|Tauros|353\/353
|turn|26
|
|switch|p2a: Hypno|Hypno|250\/373 par
|move|p1a: Tauros|Body Slam|p2a: Hypno
|-damage|p2a: Hypno|125\/373 par
|
|turn|27
|
|move|p1a: Tauros|Body Slam|p2a: Hypno
|-damage|p2a: Hypno|0 fnt
|faint|p2a: Hypno
|
|switch|p2a: Exeggutor|Exeggutor|393\/393
|turn|28
|
|switch|p1a: Charizard|Charizard|359\/359
|move|p2a: Exeggutor|Sleep Powder|p1a: Charizard
|-status|p1a: Charizard|slp
|
|turn|29
|
|switch|p1a: Alakazam|Alakazam|313\/313
|move|p2a: Exeggutor|Psychic|p1a: Alakazam
|-crit|p1a: Alakazam
|-resisted|p1a: Alakazam
|-damage|p1a: Alakazam|220\/313
|
|turn|30
|
|move|p1a: Alakazam|Toxic|p2a: Exeggutor
|-status|p2a: Exeggutor|tox
|move|p2a: Exeggutor|Explosion|p1a: Alakazam
|-damage|p1a: Alakazam|0 fnt
|faint|p1a: Alakazam
|faint|p2a: Exeggutor
|
|switch|p2a: Starmie|Starmie|159\/323 par
|switch|p1a: Cloyster|Cloyster|303\/303 par
|turn|31
|
|move|p2a: Starmie|Thunderbolt|p1a: Cloyster
|-supereffective|p1a: Cloyster
|-damage|p1a: Cloyster|131\/303 par
|move|p1a: Cloyster|Explosion|p2a: Starmie
|-damage|p2a: Starmie|0 fnt
|faint|p2a: Starmie
|faint|p1a: Cloyster
|
|switch|p2a: Alakazam|Alakazam|313\/313
|switch|p1a: Tauros|Tauros|353\/353
|turn|32
|
|move|p2a: Alakazam|Reflect|p2a: Alakazam
|move|p1a: Tauros|Hyper Beam|p2a: Alakazam
|-damage|p2a: Alakazam|179\/313
|
|turn|33
|
|move|p2a: Alakazam|Psychic|p1a: Tauros
|-damage|p1a: Tauros|203\/353
|cant|p1a: Tauros|recharge
|
|turn|34
|
|move|p2a: Alakazam|Thunder Wave|p1a: Tauros
|-status|p1a: Tauros|par
|move|p1a: Tauros|Body Slam|p2a: Alakazam
|-crit|p2a: Alakazam
|-damage|p2a: Alakazam|18\/313
|
|turn|35
|
|move|p2a: Alakazam|Recover|p2a: Alakazam
|-heal|p2a: Alakazam|174\/313
|move|p1a: Tauros|Body Slam|p2a: Alakazam
|-damage|p2a: Alakazam|95\/313
|-status|p2a: Alakazam|par
|
|turn|36
|
|move|p2a: Alakazam|Psychic|p1a: Tauros
|-damage|p1a: Tauros|30\/353 par
|move|p1a: Tauros|Body Slam|p2a: Alakazam
|-damage|p2a: Alakazam|9\/313 par
|
|turn|37
|
|move|p2a: Alakazam|Recover|p2a: Alakazam
|-heal|p2a: Alakazam|165\/313 par
|move|p1a: Tauros|Body Slam|p2a: Alakazam
|-damage|p2a: Alakazam|85\/313 par
|
|turn|38
|
|move|p2a: Alakazam|Recover|p2a: Alakazam
|-heal|p2a: Alakazam|241\/313 par
|move|p1a: Tauros|Take Down|p2a: Alakazam
|-damage|p2a: Alakazam|153\/313 par
|-damage|p1a: Tauros|8\/353 par|[from] recoil|[of] p2a: Alakazam
|
|turn|39
|
|cant|p2a: Alakazam|par
|cant|p1a: Tauros|par
|
|turn|40
|
|move|p2a: Alakazam|Recover|p2a: Alakazam
|-heal|p2a: Alakazam|309\/313 par
|move|p1a: Tauros|Body Slam|p2a: Alakazam
|-crit|p2a: Alakazam
|-damage|p2a: Alakazam|162\/313 par
|
|turn|41
|
|move|p2a: Alakazam|Recover|p2a: Alakazam
|-heal|p2a: Alakazam|313\/313 par
|move|p1a: Tauros|Body Slam|p2a: Alakazam
|-damage|p2a: Alakazam|239\/313 par
|
|turn|42
|
|cant|p2a: Alakazam|par
|move|p1a: Tauros|Body Slam|p2a: Alakazam
|-damage|p2a: Alakazam|158\/313 par
|
|turn|43
|
|move|p2a: Alakazam|Psychic|p1a: Tauros
|-damage|p1a: Tauros|0 fnt
|faint|p1a: Tauros
|
|switch|p1a: Kingler|Kingler|313\/313
|turn|44
|
|move|p1a: Kingler|Crabhammer|p2a: Alakazam
|-crit|p2a: Alakazam
|-damage|p2a: Alakazam|38\/313 par
|cant|p2a: Alakazam|par
|
|turn|45
|
|move|p1a: Kingler|Vice Grip|p2a: Alakazam
|-damage|p2a: Alakazam|0 fnt
|faint|p2a: Alakazam
|
|switch|p2a: Tauros|Tauros|353\/353
|turn|46
|
|move|p2a: Tauros|Body Slam|p1a: Kingler
|-damage|p1a: Kingler|217\/313
|move|p1a: Kingler|Crabhammer|p2a: Tauros
|-crit|p2a: Tauros
|-damage|p2a: Tauros|167\/353
|
|turn|47
|
|move|p2a: Tauros|Hyper Beam|p1a: Kingler
|-damage|p1a: Kingler|57\/313
|move|p1a: Kingler|Crabhammer|p2a: Tauros|[miss]
|-miss|p1a: Kingler
|
|turn|48
|
|cant|p2a: Tauros|recharge
|move|p1a: Kingler|Crabhammer|p2a: Tauros|[miss]
|-miss|p1a: Kingler
|
|turn|49
|
|move|p2a: Tauros|Body Slam|p1a: Kingler
|-crit|p1a: Kingler
|-damage|p1a: Kingler|0 fnt
|faint|p1a: Kingler
|
|switch|p1a: Charizard|Charizard|359\/359 slp
|turn|50
|
|move|p2a: Tauros|Blizzard|p1a: Charizard
|-supereffective|p1a: Charizard
|-damage|p1a: Charizard|181\/359 slp
|cant|p1a: Charizard|slp
|-curestatus|p1a: Charizard|slp
|
|turn|51
|
|move|p2a: Tauros|Hyper Beam|p1a: Charizard
|-damage|p1a: Charizard|0 fnt
|faint|p1a: Charizard
|
|win|gen1masterrony
|raw|Ladder updating...
|raw|popdragomil's rating: 1000 &rarr; <strong>1000<\/strong><br \/>(+0 for losing)
|raw|gen1masterrony's rating: 1279 &rarr; <strong>1287<\/strong><br \/>(+8 for winning)
|leave|popdragomil
|player|p1