|join|xJoelituh
|join|SqBpDl
|player|p1|xJoelituh|291
|player|p2|SqBpDl|76
|gametype|singles
|gen|1
|tier|[Gen 1] OU (beta)
|rated
|rule|Sleep Clause Mod: Limit one foe put to sleep
|rule|Species Clause: Limit one of each Pokémon
|rule|OHKO Clause: OHKO moves are banned
|rule|Evasion Moves Clause: Evasion moves are banned
|
|start
|switch|p1a: Gengar|Gengar|323\/323
|switch|p2a: Zapdos|Zapdos|383\/383
|turn|1
|
|move|p1a: Gengar|Hypnosis|p2a: Zapdos|[miss]
|-miss|p1a: Gengar
|move|p2a: Zapdos|Thunder Wave|p1a: Gengar
|-status|p1a: Gengar|par
|
|turn|2
|c|★xJoelituh|I missed ALL the hypnosis
|c|★xJoelituh|ALL OF THEM
|
|move|p2a: Zapdos|Drill Peck|p1a: Gengar
|-damage|p1a: Gengar|203\/323 par
|cant|p1a: Gengar|par
|
|turn|3
|
|move|p2a: Zapdos|Drill Peck|p1a: Gengar
|-crit|p1a: Gengar
|-damage|p1a: Gengar|0 fnt
|faint|p1a: Gengar
|
|switch|p1a: Rhydon|Rhydon|413\/413
|turn|4
|
|switch|p2a: Tauros|Tauros|353\/353
|move|p1a: Rhydon|Substitute|p1a: Rhydon
|-start|p1a: Rhydon|Substitute
|-damage|p1a: Rhydon|310\/413
|
|turn|5
|
|move|p2a: Tauros|Blizzard|p1a: Rhydon
|-crit|p1a: Rhydon
|-supereffective|p1a: Rhydon
|-end|p1a: Rhydon|Substitute
|move|p1a: Rhydon|Earthquake|p2a: Tauros
|-crit|p2a: Tauros
|-damage|p2a: Tauros|35\/353
|
|turn|6
|
|move|p2a: Tauros|Blizzard|p1a: Rhydon
|-supereffective|p1a: Rhydon
|-damage|p1a: Rhydon|73\/413
|move|p1a: Rhydon|Body Slam|p2a: Tauros
|-crit|p2a: Tauros
|-damage|p2a: Tauros|0 fnt
|faint|p2a: Tauros
|
|switch|p2a: Marilyn Vos Savant|Alakazam|313\/313
|turn|7
|
|move|p2a: Marilyn Vos Savant|Psychic|p1a: Rhydon
|-crit|p1a: Rhydon
|-damage|p1a: Rhydon|0 fnt
|faint|p1a: Rhydon
|join|Kristian97ct
|
|switch|p1a: Tauros|Tauros|353\/353
|turn|8
|leave|Kristian97ct
|
|move|p2a: Marilyn Vos Savant|Thunder Wave|p1a: Tauros
|-status|p1a: Tauros|par
|cant|p1a: Tauros|par
|
|turn|9
|
|move|p2a: Marilyn Vos Savant|Psychic|p1a: Tauros
|-damage|p1a: Tauros|198\/353 par
|-unboost|p1a: Tauros|spd|1
|-unboost|p1a: Tauros|spa|1
|move|p1a: Tauros|Body Slam|p2a: Marilyn Vos Savant
|-damage|p2a: Marilyn Vos Savant|164\/313
|
|turn|10
|
|switch|p1a: Exeggutor|Exeggutor|393\/393
|move|p2a: Marilyn Vos Savant|Psychic|p1a: Exeggutor
|-resisted|p1a: Exeggutor
|-damage|p1a: Exeggutor|341\/393
|-unboost|p1a: Exeggutor|spd|1
|-unboost|p1a: Exeggutor|spa|1
|
|turn|11
|
|move|p2a: Marilyn Vos Savant|Thunder Wave|p1a: Exeggutor
|-status|p1a: Exeggutor|par
|move|p1a: Exeggutor|Sleep Powder|p2a: Marilyn Vos Savant
|-status|p2a: Marilyn Vos Savant|slp
|
|turn|12
|
|switch|p2a: Snorlax|Snorlax|523\/523
|switch|p1a: Alakazam|Alakazam|313\/313
|
|turn|13
|
|move|p1a: Alakazam|Thunder Wave|p2a: Snorlax
|-status|p2a: Snorlax|par
|cant|p2a: Snorlax|par
|
|turn|14
|
|move|p1a: Alakazam|Reflect|p1a: Alakazam
|move|p2a: Snorlax|Body Slam|p1a: Alakazam
|-damage|p1a: Alakazam|230\/313
|
|turn|15
|
|move|p1a: Alakazam|Psychic|p2a: Snorlax
|-damage|p2a: Snorlax|362\/523 par
|cant|p2a: Snorlax|par
|
|turn|16
|
|move|p1a: Alakazam|Psychic|p2a: Snorlax
|-damage|p2a: Snorlax|195\/523 par
|move|p2a: Snorlax|Body Slam|p1a: Alakazam
|-damage|p1a: Alakazam|141\/313
|
|turn|17
|
|move|p1a: Alakazam|Recover|p1a: Alakazam
|-heal|p1a: Alakazam|297\/313
|move|p2a: Snorlax|Body Slam|p1a: Alakazam
|-damage|p1a: Alakazam|217\/313
|
|turn|18
|
|move|p1a: Alakazam|Psychic|p2a: Snorlax
|-damage|p2a: Snorlax|32\/523 par
|move|p2a: Snorlax|Rest|p2a: Snorlax
|-status|p2a: Snorlax|slp
|-heal|p2a: Snorlax|523\/523 slp|[silent]
|-status|p2a: Snorlax|slp|[from] move: Rest
|
|turn|19
|
|switch|p2a: Rhydon|Rhydon|413\/413
|move|p1a: Alakazam|Psychic|p2a: Rhydon
|-damage|p2a: Rhydon|199\/413
|-unboost|p2a: Rhydon|spd|1
|-unboost|p2a: Rhydon|spa|1
|
|turn|20
|
|move|p1a: Alakazam|Psychic|p2a: Rhydon
|-damage|p2a: Rhydon|0 fnt
|faint|p2a: Rhydon
|
|switch|p2a: Zapdos|Zapdos|383\/383
|turn|21
|
|move|p1a: Alakazam|Psychic|p2a: Zapdos
|-damage|p2a: Zapdos|266\/383
|move|p2a: Zapdos|Thunder Wave|p1a: Alakazam
|-status|p1a: Alakazam|par
|
|turn|22
|
|move|p2a: Zapdos|Drill Peck|p1a: Alakazam
|-damage|p1a: Alakazam|148\/313 par
|move|p1a: Alakazam|Thunder Wave|p2a: Zapdos
|-status|p2a: Zapdos|par
|
|turn|23
|
|cant|p1a: Alakazam|par
|move|p2a: Zapdos|Hyper Beam|p1a: Alakazam
|-damage|p1a: Alakazam|62\/313 par
|
|turn|24
|
|move|p1a: Alakazam|Recover|p1a: Alakazam
|-heal|p1a: Alakazam|218\/313 par
|cant|p2a: Zapdos|par
|
|turn|25
|c|★xJoelituh|Hyper Beam Zapdos? lol
|
|cant|p1a: Alakazam|par
|move|p2a: Zapdos|Drill Peck|p1a: Alakazam
|-damage|p1a: Alakazam|153\/313 par
|
|turn|26
|
|move|p1a: Alakazam|Recover|p1a: Alakazam
|-heal|p1a: Alakazam|309\/313 par
|move|p2a: Zapdos|Thunder|p1a: Alakazam|[miss]
|-miss|p2a: Zapdos
|
|turn|27
|
|move|p1a: Alakazam|Psychic|p2a: Zapdos
|-damage|p2a: Zapdos|153\/383 par
|move|p2a: Zapdos|Thunder|p1a: Alakazam
|-damage|p1a: Alakazam|166\/313 par
|
|turn|28
|
|cant|p1a: Alakazam|par
|move|p2a: Zapdos|Thunder|p1a: Alakazam|[miss]
|-miss|p2a: Zapdos
|
|turn|29
|
|move|p1a: Alakazam|Psychic|p2a: Zapdos
|-damage|p2a: Zapdos|42\/383 par
|cant|p2a: Zapdos|par
|
|turn|30
|
|move|p1a: Alakazam|Psychic|p2a: Zapdos
|-crit|p2a: Zapdos
|-damage|p2a: Zapdos|0 fnt
|faint|p2a: Zapdos
|
|switch|p2a: Snorlax|Snorlax|523\/523 slp
|turn|31
|
|switch|p1a: Chansey|Chansey|703\/703
|cant|p2a: Snorlax|slp
|
|turn|32
|
|switch|p2a: Exeggutor|Exeggutor|393\/393
|move|p1a: Chansey|Ice Beam|p2a: Exeggutor
|-supereffective|p2a: Exeggutor
|-damage|p2a: Exeggutor|258\/393
|
|turn|33
|
|switch|p1a: Exeggutor|Exeggutor|341\/393 par
|move|p2a: Exeggutor|Sleep Powder|p1a: Exeggutor
|-fail|p1a: Exeggutor
|
|turn|34
|
|move|p2a: Exeggutor|Psychic|p1a: Exeggutor
|-resisted|p1a: Exeggutor
|-damage|p1a: Exeggutor|288\/393 par
|move|p1a: Exeggutor|Explosion|p2a: Exeggutor
|-damage|p2a: Exeggutor|0 fnt
|faint|p2a: Exeggutor
|faint|p1a: Exeggutor
|
|switch|p1a: Alakazam|Alakazam|166\/313 par
|switch|p2a: Snorlax|Snorlax|523\/523 slp
|turn|35
|
|switch|p1a: Chansey|Chansey|703\/703
|cant|p2a: Snorlax|slp
|-curestatus|p2a: Snorlax|slp
|
|turn|36
|
|move|p2a: Snorlax|Body Slam|p1a: Chansey
|-damage|p1a: Chansey|417\/703
|move|p1a: Chansey|Counter|p2a: Snorlax
|-damage|p2a: Snorlax|0 fnt
|faint|p2a: Snorlax
|
|switch|p2a: Marilyn Vos Savant|Alakazam|164\/313 slp
|turn|37
|
|switch|p1a: Tauros|Tauros|198\/353 par
|cant|p2a: Marilyn Vos Savant|slp
|
|turn|38
|
|cant|p2a: Marilyn Vos Savant|slp
|move|p1a: Tauros|Hyper Beam|p2a: Marilyn Vos Savant
|-crit|p2a: Marilyn Vos Savant
|-damage|p2a: Marilyn Vos Savant|0 fnt
|faint|p2a: Marilyn Vos Savant
|
|win|xJoelituh
|raw|Ladder updating...
|raw|xJoelituh's rating: 1121 &rarr; <strong>1156<\/strong><br \/>(+35 for winning)
|raw|SqBpDl's rating: 1270 &rarr; <strong>1235<\/strong><br \/>(-35 for losing)
|c|★xJoelituh|gg
|c|★SqBpDl|gg
|leave|SqBpDl
|player|p2