|join|MALESANI
|join|mramg
|player|p1|MALESANI|221
|player|p2|mramg|101
|gametype|singles
|gen|1
|tier|[Gen 1] Random Battle
|rated
|rule|Sleep Clause Mod: Limit one foe put to sleep
|rule|Freeze Clause Mod: Limit one foe frozen
|rule|HP Percentage Mod: HP is shown in percentages
|
|start
|switch|p1a: Articuno|Articuno, L79|304\/304
|switch|p2a: Dodrio|Dodrio, L85|276\/276
|turn|1
|
|switch|p2a: Dewgong|Dewgong, L85|327\/327
|move|p1a: Articuno|Blizzard|p2a: Dewgong
|-resisted|p2a: Dewgong
|-damage|p2a: Dewgong|296\/327
|
|turn|2
|
|switch|p1a: Arbok|Arbok, L90|291\/291
|move|p2a: Dewgong|Blizzard|p1a: Arbok|[miss]
|-miss|p2a: Dewgong
|
|turn|3
|join|endy
|
|move|p1a: Arbok|Rock Slide|p2a: Dewgong
|-supereffective|p2a: Dewgong
|-damage|p2a: Dewgong|187\/327
|move|p2a: Dewgong|Blizzard|p1a: Arbok
|-damage|p1a: Arbok|146\/291
|
|turn|4
|
|move|p1a: Arbok|Glare|p2a: Dewgong
|-status|p2a: Dewgong|par
|move|p2a: Dewgong|Blizzard|p1a: Arbok
|-damage|p1a: Arbok|0 fnt
|faint|p1a: Arbok
|
|switch|p1a: Chansey|Chansey, L79|557\/557
|turn|5
|
|move|p1a: Chansey|Thunderbolt|p2a: Dewgong
|-supereffective|p2a: Dewgong
|-damage|p2a: Dewgong|64\/327 par
|move|p2a: Dewgong|Body Slam|p1a: Chansey
|-crit|p1a: Chansey
|-damage|p1a: Chansey|299\/557
|
|turn|6
|
|move|p1a: Chansey|Soft-Boiled|p1a: Chansey
|-heal|p1a: Chansey|557\/557
|move|p2a: Dewgong|Body Slam|p1a: Chansey
|-damage|p1a: Chansey|414\/557
|
|turn|7
|
|move|p1a: Chansey|Thunderbolt|p2a: Dewgong
|-supereffective|p2a: Dewgong
|-damage|p2a: Dewgong|0 fnt
|faint|p2a: Dewgong
|
|switch|p2a: Dodrio|Dodrio, L85|276\/276
|turn|8
|
|move|p2a: Dodrio|Drill Peck|p1a: Chansey
|-damage|p1a: Chansey|142\/557
|move|p1a: Chansey|Thunder Wave|p2a: Dodrio
|-status|p2a: Dodrio|par
|
|turn|9
|
|move|p1a: Chansey|Soft-Boiled|p1a: Chansey
|-heal|p1a: Chansey|420\/557
|move|p2a: Dodrio|Drill Peck|p1a: Chansey
|-damage|p1a: Chansey|177\/557
|
|turn|10
|
|move|p1a: Chansey|Thunderbolt|p2a: Dodrio
|-supereffective|p2a: Dodrio
|-damage|p2a: Dodrio|130\/276 par
|move|p2a: Dodrio|Hyper Beam|p1a: Chansey
|-damage|p1a: Chansey|0 fnt
|faint|p1a: Chansey
|
|switch|p1a: Articuno|Articuno, L79|304\/304
|turn|11
|
|switch|p2a: Kabutops|Kabutops, L85|276\/276
|move|p1a: Articuno|Ice Beam|p2a: Kabutops
|-resisted|p2a: Kabutops
|-damage|p2a: Kabutops|221\/276
|
|turn|12
|
|move|p2a: Kabutops|Swords Dance|p2a: Kabutops
|-boost|p2a: Kabutops|atk|2
|move|p1a: Articuno|Reflect|p1a: Articuno
|-start|p1a: Articuno|Reflect
|
|turn|13
|
|move|p2a: Kabutops|Body Slam|p1a: Articuno
|-damage|p1a: Articuno|233\/304
|move|p1a: Articuno|Blizzard|p2a: Kabutops
|-resisted|p2a: Kabutops
|-damage|p2a: Kabutops|149\/276
|
|turn|14
|
|move|p2a: Kabutops|Body Slam|p1a: Articuno
|-damage|p1a: Articuno|165\/304
|move|p1a: Articuno|Blizzard|p2a: Kabutops
|-crit|p2a: Kabutops
|-resisted|p2a: Kabutops
|-damage|p2a: Kabutops|1\/276
|
|turn|15
|
|move|p2a: Kabutops|Hyper Beam|p1a: Articuno
|-damage|p1a: Articuno|40\/304
|move|p1a: Articuno|Ice Beam|p2a: Kabutops
|-resisted|p2a: Kabutops
|-damage|p2a: Kabutops|0 fnt
|faint|p2a: Kabutops
|
|switch|p2a: Rapidash|Rapidash, L90|300\/300
|turn|16
|
|switch|p1a: Dewgong|Dewgong, L85|327\/327
|move|p2a: Rapidash|Fire Blast|p1a: Dewgong
|-crit|p1a: Dewgong
|-damage|p1a: Dewgong|84\/327
|-status|p1a: Dewgong|brn
|
|turn|17
|
|switch|p2a: Dodrio|Dodrio, L85|130\/276 par
|move|p1a: Dewgong|Surf|p2a: Dodrio
|-damage|p2a: Dodrio|0 fnt
|faint|p2a: Dodrio
|
|switch|p2a: Butterfree|Butterfree, L90|291\/291
|turn|18
|
|move|p2a: Butterfree|Mega Drain|p1a: Dewgong
|-supereffective|p1a: Dewgong
|-damage|p1a: Dewgong|30\/327 brn
|move|p1a: Dewgong|Blizzard|p2a: Butterfree
|-supereffective|p2a: Butterfree
|-damage|p2a: Butterfree|32\/291
|-damage|p1a: Dewgong|10\/327 brn|[from] brn|[of] p2a: Butterfree
|
|turn|19
|
|move|p2a: Butterfree|Mega Drain|p1a: Dewgong
|-supereffective|p1a: Dewgong
|-damage|p1a: Dewgong|0 fnt
|-heal|p2a: Butterfree|37\/291|[from] drain|[of] p1a: Dewgong
|faint|p1a: Dewgong
|
|switch|p1a: Articuno|Articuno, L79|40\/304
|turn|20
|
|move|p2a: Butterfree|Sleep Powder|p1a: Articuno
|-status|p1a: Articuno|slp
|cant|p1a: Articuno|slp
|
|turn|21
|
|switch|p1a: Exeggutor|Exeggutor, L79|312\/312
|move|p2a: Butterfree|Psychic|p1a: Exeggutor
|-resisted|p1a: Exeggutor
|-damage|p1a: Exeggutor|286\/312
|
|turn|22
|
|move|p2a: Butterfree|Sleep Powder|p1a: Exeggutor
|-message|Sleep Clause Mod activated.
|move|p1a: Exeggutor|Psychic|p2a: Butterfree
|-damage|p2a: Butterfree|0 fnt
|faint|p2a: Butterfree
|
|switch|p2a: Rapidash|Rapidash, L90|300\/300
|turn|23
|
|move|p2a: Rapidash|Fire Blast|p1a: Exeggutor
|-supereffective|p1a: Exeggutor
|-damage|p1a: Exeggutor|63\/312
|move|p1a: Exeggutor|Sleep Powder|p2a: Rapidash
|-status|p2a: Rapidash|slp
|
|turn|24
|
|cant|p2a: Rapidash|slp
|move|p1a: Exeggutor|Psychic|p2a: Rapidash
|-damage|p2a: Rapidash|208\/300 slp
|
|turn|25
|
|cant|p2a: Rapidash|slp
|move|p1a: Exeggutor|Psychic|p2a: Rapidash
|-crit|p2a: Rapidash
|-damage|p2a: Rapidash|18\/300 slp
|
|turn|26
|
|cant|p2a: Rapidash|slp
|move|p1a: Exeggutor|Psychic|p2a: Rapidash
|-crit|p2a: Rapidash
|-damage|p2a: Rapidash|0 fnt
|faint|p2a: Rapidash
|
|switch|p2a: Venomoth|Venomoth, L85|293\/293
|turn|27
|
|switch|p1a: Ditto|Ditto, L99|296\/296
|move|p2a: Venomoth|Stun Spore|p1a: Ditto
|-status|p1a: Ditto|par
|
|turn|28
|
|move|p2a: Venomoth|Mega Drain|p1a: Ditto
|-damage|p1a: Ditto|265\/296 par
|cant|p1a: Ditto|par
|
|turn|29
|
|move|p2a: Venomoth|Psychic|p1a: Ditto
|-damage|p1a: Ditto|188\/296 par
|cant|p1a: Ditto|par
|
|turn|30
|
|move|p2a: Venomoth|Psychic|p1a: Ditto
|-damage|p1a: Ditto|116\/296 par
|-unboost|p1a: Ditto|spd|1
|-unboost|p1a: Ditto|spa|1
|move|p1a: Ditto|Transform|p2a: Venomoth
|-transform|p1a: Ditto|p2a: Venomoth
|
|turn|31
|
|move|p2a: Venomoth|Psychic|p1a: Ditto
|-supereffective|p1a: Ditto
|-damage|p1a: Ditto|0 fnt
|faint|p1a: Ditto
|
|switch|p1a: Articuno|Articuno, L79|40\/304 slp
|turn|32
|
|move|p2a: Venomoth|Psychic|p1a: Articuno
|-damage|p1a: Articuno|0 fnt
|faint|p1a: Articuno
|
|switch|p1a: Exeggutor|Exeggutor, L79|63\/312
|turn|33
|
|move|p2a: Venomoth|Stun Spore|p1a: Exeggutor|[miss]
|-miss|p2a: Venomoth
|move|p1a: Exeggutor|Explosion|p2a: Venomoth
|-damage|p2a: Venomoth|45\/293
|faint|p1a: Exeggutor
|
|win|mramg
|raw|Ladder updating...
|leave|MALESANI
|player|p1
|raw|Ladder (probably) updated, but score could not be retrieved (Response not received).
|raw|Ladder (probably) updated, but score could not be retrieved (socket hang up).
|leave|endy
|c|★mramg|gg