|join|librarynoob
|join|MALESANI
|player|p1|librarynoob|101
|player|p2|MALESANI|238
|gametype|singles
|gen|1
|tier|[Gen 1] Random Battle
|rated
|seed|48047,38250,25390,23263
|rule|Sleep Clause Mod: Limit one foe put to sleep
|rule|Freeze Clause Mod: Limit one foe frozen
|rule|HP Percentage Mod: HP is shown in percentages
|
|start
|switch|p1a: Slowbro|Slowbro, L79|312\/312
|switch|p2a: Charmander|Charmander, L96|270\/270
|turn|1
|choice|move 1|switch 2
|
|switch|p2a: Krabby|Krabby, L96|252\/252
|move|p1a: Slowbro|Thunder Wave|p2a: Krabby
|-status|p2a: Krabby|par
|
|turn|2
|choice|move 2|move 4
|
|move|p1a: Slowbro|Amnesia|p1a: Slowbro
|-boost|p1a: Slowbro|spd|2
|-boost|p1a: Slowbro|spa|2
|move|p2a: Krabby|Swords Dance|p2a: Krabby
|-boost|p2a: Krabby|atk|2
|
|turn|3
|choice|move 2|move 3
|
|move|p1a: Slowbro|Amnesia|p1a: Slowbro
|-boost|p1a: Slowbro|spd|2
|-boost|p1a: Slowbro|spa|2
|move|p2a: Krabby|Body Slam|p1a: Slowbro
|-crit|p1a: Slowbro
|-damage|p1a: Slowbro|160\/312
|
|turn|4
|choice|move 4|move 3
|
|move|p1a: Slowbro|Surf|p2a: Krabby
|-resisted|p2a: Krabby
|-damage|p2a: Krabby|75\/252 par
|move|p2a: Krabby|Body Slam|p1a: Slowbro
|-crit|p1a: Slowbro
|-damage|p1a: Slowbro|16\/312
|-status|p1a: Slowbro|par
|
|turn|5
|choice|move 4|move 3
|
|move|p1a: Slowbro|Surf|p2a: Krabby
|-resisted|p2a: Krabby
|-damage|p2a: Krabby|0 fnt
|faint|p2a: Krabby
|choice||switch 2
|
|switch|p2a: Charmander|Charmander, L96|270\/270
|turn|6
|choice|switch 5|move 1
|
|switch|p1a: Kakuna|Kakuna, L99|290\/290
|move|p2a: Charmander|Body Slam|p1a: Kakuna
|-damage|p1a: Kakuna|230\/290
|
|turn|7
|choice|move 3|move 3
|
|move|p2a: Charmander|Fire Blast|p1a: Kakuna
|-supereffective|p1a: Kakuna
|-damage|p1a: Kakuna|0 fnt
|faint|p1a: Kakuna
|choice|switch 3|
|
|switch|p1a: Cubone|Cubone, L96|291\/291
|turn|8
|choice|move 3|move 3
|
|move|p2a: Charmander|Fire Blast|p1a: Cubone
|-damage|p1a: Cubone|140\/291
|move|p1a: Cubone|Earthquake|p2a: Charmander
|-crit|p2a: Charmander
|-supereffective|p2a: Charmander
|-damage|p2a: Charmander|0 fnt
|faint|p2a: Charmander
|choice||switch 5
|
|switch|p2a: Dragonite|Dragonite, L85|328\/328
|turn|9
|choice|switch 4|move 3
|
|switch|p1a: Vaporeon|Vaporeon, L85|395\/395
|move|p2a: Dragonite|Blizzard|p1a: Vaporeon
|-resisted|p1a: Vaporeon
|-damage|p1a: Vaporeon|357\/395
|-status|p1a: Vaporeon|frz
|
|turn|10
|choice|switch 6|move 1
|
|switch|p1a: Jynx|Jynx, L79|265\/265
|move|p2a: Dragonite|Body Slam|p1a: Jynx
|-damage|p1a: Jynx|137\/265
|-status|p1a: Jynx|par
|
|turn|11
|-message|librarynoob forfeited.
|leave|librarynoob
|
|win|MALESANI
|player|p1