|j|MALESANI
|j|Parnas
|player|p1|MALESANI|238
|player|p2|Parnas|162
|gametype|singles
|gen|1
|tier|[Gen 1] Random Battle
|rated
|seed|35944,50356,25592,47789
|rule|Sleep Clause Mod: Limit one foe put to sleep
|rule|Freeze Clause Mod: Limit one foe frozen
|rule|HP Percentage Mod: HP is shown in percentages
|
|start
|switch|p1a: Bellsprout|Bellsprout, L96|291\/291
|switch|p2a: Ivysaur|Ivysaur, L85|276\/276
|turn|1
|choice|move 1|move 3
|
|move|p2a: Ivysaur|Body Slam|p1a: Bellsprout
|-damage|p1a: Bellsprout|225\/291
|move|p1a: Bellsprout|Sleep Powder|p2a: Ivysaur
|-status|p2a: Ivysaur|slp
|
|turn|2
|choice|move 2|switch 3
|
|switch|p2a: Chansey|Chansey, L79|557\/557
|move|p1a: Bellsprout|Swords Dance|p1a: Bellsprout
|-boost|p1a: Bellsprout|atk|2
|
|turn|3
|choice|move 4|move 2
|
|move|p1a: Bellsprout|Body Slam|p2a: Chansey
|-damage|p2a: Chansey|208\/557
|move|p2a: Chansey|Reflect|p2a: Chansey
|-start|p2a: Chansey|Reflect
|
|turn|4
|choice|move 3|move 1
|
|move|p1a: Bellsprout|Razor Leaf|p2a: Chansey
|-crit|p2a: Chansey
|-damage|p2a: Chansey|101\/557
|move|p2a: Chansey|Soft-Boiled|p2a: Chansey
|-heal|p2a: Chansey|379\/557
|
|turn|5
|choice|move 4|move 1
|
|move|p1a: Bellsprout|Body Slam|p2a: Chansey
|-crit|p2a: Chansey
|-damage|p2a: Chansey|24\/557
|move|p2a: Chansey|Soft-Boiled|p2a: Chansey
|-heal|p2a: Chansey|302\/557
|
|turn|6
|choice|move 2|move 1
|
|move|p1a: Bellsprout|Swords Dance|p1a: Bellsprout
|-boost|p1a: Bellsprout|atk|2
|move|p2a: Chansey|Soft-Boiled|p2a: Chansey
|-fail|p2a: Chansey
|
|turn|7
|choice|move 4|move 1
|
|move|p1a: Bellsprout|Body Slam|p2a: Chansey
|-damage|p2a: Chansey|32\/557
|move|p2a: Chansey|Soft-Boiled|p2a: Chansey
|-heal|p2a: Chansey|310\/557
|
|turn|8
|choice|move 4|move 1
|
|move|p1a: Bellsprout|Body Slam|p2a: Chansey
|-damage|p2a: Chansey|45\/557
|move|p2a: Chansey|Soft-Boiled|p2a: Chansey
|-heal|p2a: Chansey|323\/557
|
|turn|9
|choice|move 2|move 4
|
|move|p1a: Bellsprout|Swords Dance|p1a: Bellsprout
|-boost|p1a: Bellsprout|atk|2
|move|p2a: Chansey|Ice Beam|p1a: Bellsprout
|-supereffective|p1a: Bellsprout
|-damage|p1a: Bellsprout|89\/291
|
|turn|10
|choice|move 4|switch 3
|
|switch|p2a: Ivysaur|Ivysaur, L85|276\/276 slp
|move|p1a: Bellsprout|Body Slam|p2a: Ivysaur
|-damage|p2a: Ivysaur|0 fnt
|faint|p2a: Ivysaur
|choice||switch 5
|
|switch|p2a: Magmar|Magmar, L90|300\/300
|turn|11
|choice|move 4|move 2
|
|move|p2a: Magmar|Fire Blast|p1a: Bellsprout
|-crit|p1a: Bellsprout
|-supereffective|p1a: Bellsprout
|-damage|p1a: Bellsprout|0 fnt
|faint|p1a: Bellsprout
|choice|switch 2|
|
|switch|p1a: Kingler|Kingler, L85|267\/267
|turn|12
|raw|<div class="broadcast-red"><b>The server is restarting soon.<\/b><br \/>Please finish your battles quickly. No new battles can be started until the server resets in a few minutes.<\/div>
|raw|<div class="broadcast-red"><b>Moderated chat was set to +!<\/b><br \/>Only users of rank + and higher can talk.<\/div>
|choice|move 1|switch 2
|
|switch|p2a: Slowpoke|Slowpoke, L96|368\/368
|move|p1a: Kingler|Crabhammer|p2a: Slowpoke
|-crit|p2a: Slowpoke
|-resisted|p2a: Slowpoke
|-damage|p2a: Slowpoke|277\/368
|
|turn|13
|choice|move 4|move 4
|
|move|p1a: Kingler|Body Slam|p2a: Slowpoke
|-damage|p2a: Slowpoke|195\/368
|move|p2a: Slowpoke|Thunder Wave|p1a: Kingler
|-status|p1a: Kingler|par
|
|turn|14
|choice|move 4|move 1
|
|move|p2a: Slowpoke|Amnesia|p2a: Slowpoke
|-boost|p2a: Slowpoke|spd|2
|-boost|p2a: Slowpoke|spa|2
|move|p1a: Kingler|Body Slam|p2a: Slowpoke
|-crit|p2a: Slowpoke
|-damage|p2a: Slowpoke|35\/368
|
|turn|15
|choice|move 4|move 2
|
|move|p2a: Slowpoke|Rest|p2a: Slowpoke
|-status|p2a: Slowpoke|slp
|-heal|p2a: Slowpoke|368\/368 slp|[silent]
|-status|p2a: Slowpoke|slp|[from] move: Rest
|move|p1a: Kingler|Body Slam|p2a: Slowpoke
|-crit|p2a: Slowpoke
|-damage|p2a: Slowpoke|223\/368 slp
|
|turn|16
|choice|move 4|move 1
|
|cant|p2a: Slowpoke|slp
|move|p1a: Kingler|Body Slam|p2a: Slowpoke
|-damage|p2a: Slowpoke|142\/368 slp
|
|turn|17
|choice|move 2|move 2
|
|-curestatus|p2a: Slowpoke|slp
|move|p1a: Kingler|Hyper Beam|p2a: Slowpoke
|-damage|p2a: Slowpoke|0 fnt
|faint|p2a: Slowpoke
|choice||switch 4
|
|switch|p2a: Dragonite|Dragonite, L85|328\/328
|turn|18
|choice|move 3|move 4
|
|move|p2a: Dragonite|Thunderbolt|p1a: Kingler
|-supereffective|p1a: Kingler
|-damage|p1a: Kingler|75\/267 par
|move|p1a: Kingler|Blizzard|p2a: Dragonite
|-crit|p2a: Dragonite
|-supereffective|p2a: Dragonite
|-damage|p2a: Dragonite|0 fnt
|faint|p2a: Dragonite
|choice||switch 2
|
|switch|p2a: Magmar|Magmar, L90|300\/300
|turn|19
|choice|move 1|move 3
|
|move|p2a: Magmar|Body Slam|p1a: Kingler
|-damage|p1a: Kingler|19\/267 par
|cant|p1a: Kingler|par
|
|turn|20
|choice|move 1|move 3
|
|move|p2a: Magmar|Body Slam|p1a: Kingler
|-damage|p1a: Kingler|0 fnt
|faint|p1a: Kingler
|choice|switch 5|
|
|switch|p1a: Golem|Golem, L79|288\/288
|turn|21
|choice|move 3|move 2
|
|move|p2a: Magmar|Fire Blast|p1a: Golem
|-crit|p1a: Golem
|-resisted|p1a: Golem
|-damage|p1a: Golem|119\/288
|move|p1a: Golem|Earthquake|p2a: Magmar
|-supereffective|p2a: Magmar
|-damage|p2a: Magmar|52\/300
|
|turn|22
|choice|move 1|move 2
|
|move|p2a: Magmar|Fire Blast|p1a: Golem
|-resisted|p1a: Golem
|-damage|p1a: Golem|21\/288
|-status|p1a: Golem|brn
|move|p1a: Golem|Explosion|p2a: Magmar
|-damage|p2a: Magmar|0 fnt
|faint|p2a: Magmar
|faint|p1a: Golem
|choice|switch 3|switch 3
|
|switch|p1a: Persian|Persian, L79|265\/265
|switch|p2a: Chansey|Chansey, L79|323\/557
|turn|23
|choice|move 3|move 3
|
|move|p1a: Persian|Body Slam|p2a: Chansey
|-crit|p2a: Chansey
|-damage|p2a: Chansey|12\/557
|move|p2a: Chansey|Counter|p1a: Persian
|-damage|p1a: Persian|0 fnt
|faint|p1a: Persian
|choice|switch 4|
|
|switch|p1a: Pinsir|Pinsir, L85|284\/284
|turn|24
|choice|move 2|move 1
|
|move|p1a: Pinsir|Body Slam|p2a: Chansey
|-damage|p2a: Chansey|0 fnt
|faint|p2a: Chansey
|choice||switch 6
|
|switch|p2a: Machoke|Machoke, L85|310\/310
|turn|25
|choice|move 3|move 4
|
|move|p1a: Pinsir|Swords Dance|p1a: Pinsir
|-boost|p1a: Pinsir|atk|2
|move|p2a: Machoke|Rock Slide|p1a: Pinsir
|-supereffective|p1a: Pinsir
|-damage|p1a: Pinsir|184\/284
|
|turn|26
|choice|move 2|move 4
|
|move|p1a: Pinsir|Body Slam|p2a: Machoke
|-damage|p2a: Machoke|136\/310
|-status|p2a: Machoke|par
|move|p2a: Machoke|Rock Slide|p1a: Pinsir
|-supereffective|p1a: Pinsir
|-damage|p1a: Pinsir|89\/284
|
|turn|27
|choice|move 1|move 4
|
|move|p1a: Pinsir|Submission|p2a: Machoke
|-damage|p2a: Machoke|0 fnt
|-damage|p1a: Pinsir|55\/284|[from] recoil|[of] p2a: Machoke
|faint|p2a: Machoke
|
|win|MALESANI
|player|p1
|player|p2
|raw|MALESANI's rating: 1411 &rarr; <strong>1435<\/strong><br \/>(+24 for winning)
|raw|Parnas's rating: 1487 &rarr; <strong>1463<\/strong><br \/>(-24 for losing)
|l|Parnas