|j|Bile Cunty
|j|zewing
|player|p1|Bile Cunty|35
|player|p2|zewing|241
|gametype|singles
|gen|1
|tier|[Gen 1] Random Battle
|rated
|seed|
|rule|Sleep Clause Mod: Limit one foe put to sleep
|rule|Freeze Clause Mod: Limit one foe frozen
|rule|HP Percentage Mod: HP is shown in percentages
|
|start
|switch|p1a: Kingler|Kingler, L85|100\/100
|switch|p2a: Electrode|Electrode, L90|100\/100
|turn|1
|choice||
|
|switch|p1a: Rhydon|Rhydon, L79|100\/100
|move|p2a: Electrode|Thunderbolt|p1a: Rhydon
|-immune|p1a: Rhydon|[msg]
|
|turn|2
|choice||
|
|switch|p2a: Cloyster|Cloyster, L83|100\/100
|move|p1a: Rhydon|Rock Slide|p2a: Cloyster
|-supereffective|p2a: Cloyster
|-damage|p2a: Cloyster|59\/100
|
|turn|3
|choice||
|
|switch|p1a: Gastly|Gastly, L96|100\/100
|move|p2a: Cloyster|Surf|p1a: Gastly
|-damage|p1a: Gastly|72\/100
|
|turn|4
|choice||
|
|switch|p2a: Gengar|Gengar, L79|100\/100
|move|p1a: Gastly|Thunderbolt|p2a: Gengar
|-damage|p2a: Gengar|71\/100
|
|turn|5
|choice||
|
|move|p2a: Gengar|Hypnosis|p1a: Gastly
|-status|p1a: Gastly|slp
|cant|p1a: Gastly|slp
|
|turn|6
|choice||
|
|switch|p1a: Tauros|Tauros, L79|100\/100
|move|p2a: Gengar|Psychic|p1a: Tauros
|-damage|p1a: Tauros|72\/100
|-unboost|p1a: Tauros|spd|1
|-unboost|p1a: Tauros|spa|1
|
|turn|7
|choice||
|
|move|p2a: Gengar|Psychic|p1a: Tauros
|-damage|p1a: Tauros|28\/100
|-unboost|p1a: Tauros|spd|1
|-unboost|p1a: Tauros|spa|1
|move|p1a: Tauros|Earthquake|p2a: Gengar
|-supereffective|p2a: Gengar
|-damage|p2a: Gengar|5\/100
|
|turn|8
|choice||
|
|move|p2a: Gengar|Psychic|p1a: Tauros
|-crit|p1a: Tauros
|-damage|p1a: Tauros|0 fnt
|faint|p1a: Tauros
|choice||
|
|switch|p1a: Butterfree|Butterfree, L90|100\/100
|turn|9
|choice||
|
|move|p2a: Gengar|Explosion|p1a: Butterfree
|-damage|p1a: Butterfree|22\/100
|faint|p2a: Gengar
|choice||
|
|switch|p2a: Pidgeotto|Pidgeotto, L90|100\/100
|turn|10
|choice||
|
|switch|p2a: Cloyster|Cloyster, L83|59\/100
|switch|p1a: Rhydon|Rhydon, L79|100\/100
|
|turn|11
|choice||
|
|switch|p1a: Gastly|Gastly, L96|72\/100 slp
|move|p2a: Cloyster|Ice Beam|p1a: Gastly
|-damage|p1a: Gastly|43\/100 slp
|
|turn|12
|choice||
|
|-curestatus|p1a: Gastly|slp
|move|p2a: Cloyster|Surf|p1a: Gastly
|-crit|p1a: Gastly
|-damage|p1a: Gastly|0 fnt
|faint|p1a: Gastly
|choice||
|
|switch|p1a: Butterfree|Butterfree, L90|22\/100
|turn|13
|choice||
|
|move|p1a: Butterfree|Stun Spore|p2a: Cloyster
|-status|p2a: Cloyster|par
|move|p2a: Cloyster|Ice Beam|p1a: Butterfree
|-supereffective|p1a: Butterfree
|-damage|p1a: Butterfree|0 fnt
|faint|p1a: Butterfree
|choice||
|
|switch|p1a: Machamp|Machamp, L90|100\/100
|turn|14
|choice||
|
|move|p1a: Machamp|Rock Slide|p2a: Cloyster
|-supereffective|p2a: Cloyster
|-damage|p2a: Cloyster|23\/100 par
|move|p2a: Cloyster|Explosion|p1a: Machamp
|-damage|p1a: Machamp|30\/100
|faint|p2a: Cloyster
|choice||
|
|switch|p2a: Pidgeotto|Pidgeotto, L90|100\/100
|turn|15
|choice||
|
|switch|p1a: Rhydon|Rhydon, L79|100\/100
|move|p2a: Pidgeotto|Double-Edge|p1a: Rhydon
|-resisted|p1a: Rhydon
|-damage|p1a: Rhydon|89\/100
|-damage|p2a: Pidgeotto|97\/100|[from] recoil|[of] p1a: Rhydon
|
|turn|16
|choice||
|
|move|p2a: Pidgeotto|Double-Edge|p1a: Rhydon
|-resisted|p1a: Rhydon
|-damage|p1a: Rhydon|77\/100
|-damage|p2a: Pidgeotto|94\/100|[from] recoil|[of] p1a: Rhydon
|move|p1a: Rhydon|Substitute|p1a: Rhydon
|-start|p1a: Rhydon|Substitute
|-damage|p1a: Rhydon|52\/100
|
|turn|17
|choice||
|
|move|p2a: Pidgeotto|Double-Edge|p1a: Rhydon
|-crit|p1a: Rhydon
|-resisted|p1a: Rhydon
|-activate|p1a: Rhydon|Substitute|[damage]
|-damage|p2a: Pidgeotto|88\/100|[from] recoil|[of] p1a: Rhydon
|move|p1a: Rhydon|Rock Slide|p2a: Pidgeotto
|-supereffective|p2a: Pidgeotto
|-damage|p2a: Pidgeotto|17\/100
|
|turn|18
|choice||
|
|move|p2a: Pidgeotto|Double-Edge|p1a: Rhydon
|-resisted|p1a: Rhydon
|-end|p1a: Rhydon|Substitute
|-damage|p2a: Pidgeotto|17\/100|[from] recoil|[of] p1a: Rhydon
|move|p1a: Rhydon|Body Slam|p2a: Pidgeotto
|-damage|p2a: Pidgeotto|0 fnt
|faint|p2a: Pidgeotto
|choice||
|
|switch|p2a: Charmeleon|Charmeleon, L85|100\/100
|turn|19
|choice||
|
|switch|p1a: Machamp|Machamp, L90|30\/100
|move|p2a: Charmeleon|Submission|p1a: Machamp
|-damage|p1a: Machamp|17\/100
|-damage|p2a: Charmeleon|96\/100|[from] recoil|[of] p1a: Machamp
|
|turn|20
|choice||
|
|move|p2a: Charmeleon|Fire Blast|p1a: Machamp|[miss]
|-miss|p2a: Charmeleon
|move|p1a: Machamp|Hyper Beam|p2a: Charmeleon
|-damage|p2a: Charmeleon|26\/100
|
|turn|21
|-mustrecharge|p1a: Machamp
|-mustrecharge|p1a: Machamp
|choice||
|
|move|p2a: Charmeleon|Substitute|p2a: Charmeleon
|-start|p2a: Charmeleon|Substitute
|-damage|p2a: Charmeleon|1\/100
|cant|p1a: Machamp|recharge
|
|turn|22
|choice||
|
|move|p2a: Charmeleon|Fire Blast|p1a: Machamp
|-damage|p1a: Machamp|0 fnt
|faint|p1a: Machamp
|choice||
|
|switch|p1a: Kingler|Kingler, L85|100\/100
|turn|23
|choice||
|
|move|p2a: Charmeleon|Fire Blast|p1a: Kingler
|-resisted|p1a: Kingler
|-damage|p1a: Kingler|74\/100
|-status|p1a: Kingler|brn
|move|p1a: Kingler|Body Slam|p2a: Charmeleon
|-activate|p2a: Charmeleon|Substitute|[damage]
|-damage|p1a: Kingler|68\/100 brn|[from] brn|[of] p2a: Charmeleon
|
|turn|24
|choice||
|
|move|p2a: Charmeleon|Fire Blast|p1a: Kingler
|-resisted|p1a: Kingler
|-damage|p1a: Kingler|44\/100 brn
|move|p1a: Kingler|Crabhammer|p2a: Charmeleon
|-crit|p2a: Charmeleon
|-supereffective|p2a: Charmeleon
|-end|p2a: Charmeleon|Substitute
|-damage|p1a: Kingler|38\/100 brn|[from] brn|[of] p2a: Charmeleon
|
|turn|25
|choice||
|
|move|p2a: Charmeleon|Fire Blast|p1a: Kingler
|-resisted|p1a: Kingler
|-damage|p1a: Kingler|10\/100 brn
|move|p1a: Kingler|Crabhammer|p2a: Charmeleon
|-crit|p2a: Charmeleon
|-supereffective|p2a: Charmeleon
|-damage|p2a: Charmeleon|0 fnt
|faint|p2a: Charmeleon
|choice||
|
|switch|p2a: Electrode|Electrode, L90|100\/100
|turn|26
|choice||
|
|switch|p1a: Rhydon|Rhydon, L79|52\/100
|move|p2a: Electrode|Thunderbolt|p1a: Rhydon
|-immune|p1a: Rhydon|[msg]
|
|turn|27
|choice||
|
|move|p2a: Electrode|Explosion|p1a: Rhydon
|-resisted|p1a: Rhydon
|-damage|p1a: Rhydon|28\/100
|faint|p2a: Electrode
|choice||
|
|switch|p2a: Nidorino|Nidorino, L90|100\/100
|turn|28
|choice||
|
|move|p2a: Nidorino|Blizzard|p1a: Rhydon
|-supereffective|p1a: Rhydon
|-damage|p1a: Rhydon|0 fnt
|faint|p1a: Rhydon
|choice||
|
|switch|p1a: Kingler|Kingler, L85|10\/100 brn
|turn|29
|choice||
|
|move|p1a: Kingler|Crabhammer|p2a: Nidorino
|-crit|p2a: Nidorino
|-damage|p2a: Nidorino|50\/100
|-damage|p1a: Kingler|4\/100 brn|[from] brn|[of] p2a: Nidorino
|move|p2a: Nidorino|Body Slam|p1a: Kingler
|-damage|p1a: Kingler|0 fnt
|faint|p1a: Kingler
|
|win|zewing
|player|p1
|player|p2
|c|★zewing|nice match
|raw|Bile Cunty's rating: 1353 &rarr; <strong>1329<\/strong><br \/>(-24 for losing)
|raw|zewing's rating: 1278 &rarr; <strong>1308<\/strong><br \/>(+30 for winning)
|l|Bile Cunty