|join|vkdaros
|join|Dervodel
|player|p1|vkdaros|92
|player|p2|Dervodel|238
|gametype|singles
|gen|1
|tier|[Gen 1] Random Battle
|rated
|seed|60992,61013,59409,40671
|rule|Sleep Clause Mod: Limit one foe put to sleep
|rule|Freeze Clause Mod: Limit one foe frozen
|rule|HP Percentage Mod: HP is shown in percentages
|
|start
|switch|p1a: Jigglypuff|Jigglypuff, L99|428\/428
|switch|p2a: Diglett|Diglett, L96|214\/214
|turn|1
|choice|move 4|move 4
|
|move|p2a: Diglett|Slash|p1a: Jigglypuff
|-crit|p1a: Jigglypuff
|-damage|p1a: Jigglypuff|281\/428
|move|p1a: Jigglypuff|Bubble Beam|p2a: Diglett
|-supereffective|p2a: Diglett
|-damage|p2a: Diglett|135\/214
|
|turn|2
|choice|move 4|move 1
|
|move|p2a: Diglett|Earthquake|p1a: Jigglypuff
|-damage|p1a: Jigglypuff|106\/428
|move|p1a: Jigglypuff|Bubble Beam|p2a: Diglett
|-supereffective|p2a: Diglett
|-damage|p2a: Diglett|57\/214
|
|turn|3
|choice|switch 3|move 1
|
|switch|p1a: Articuno|Articuno, L79|304\/304
|move|p2a: Diglett|Earthquake|p1a: Articuno
|-immune|p1a: Articuno|[msg]
|
|turn|4
|choice|move 4|switch 5
|
|switch|p2a: Golduck|Golduck, L85|310\/310
|move|p1a: Articuno|Blizzard|p2a: Golduck
|-resisted|p2a: Golduck
|-damage|p2a: Golduck|245\/310
|
|turn|5
|choice|move 1|move 1
|
|move|p2a: Golduck|Amnesia|p2a: Golduck
|-boost|p2a: Golduck|spd|2
|-boost|p2a: Golduck|spa|2
|move|p1a: Articuno|Mimic|p2a: Golduck
|-start|p1a: Articuno|Mimic|Surf
|
|turn|6
|choice|move 4|move 1
|
|move|p2a: Golduck|Amnesia|p2a: Golduck
|-boost|p2a: Golduck|spd|2
|-boost|p2a: Golduck|spa|2
|move|p1a: Articuno|Blizzard|p2a: Golduck
|-crit|p2a: Golduck
|-resisted|p2a: Golduck
|-damage|p2a: Golduck|116\/310
|
|turn|7
|choice|move 4|move 1
|
|move|p2a: Golduck|Amnesia|p2a: Golduck
|-boost|p2a: Golduck|spd|2
|-boost|p2a: Golduck|spa|2
|move|p1a: Articuno|Blizzard|p2a: Golduck
|-resisted|p2a: Golduck
|-damage|p2a: Golduck|99\/310
|
|turn|8
|choice|move 4|move 2
|
|move|p2a: Golduck|Rest|p2a: Golduck
|-status|p2a: Golduck|slp
|-heal|p2a: Golduck|310\/310 slp|[silent]
|-status|p2a: Golduck|slp|[from] move: Rest
|move|p1a: Articuno|Blizzard|p2a: Golduck
|-resisted|p2a: Golduck
|-damage|p2a: Golduck|293\/310 slp
|
|turn|9
|choice|switch 6|move 3
|
|switch|p1a: Gengar|Gengar, L79|257\/257
|cant|p2a: Golduck|slp
|
|turn|10
|choice|move 2|move 3
|
|move|p1a: Gengar|Thunderbolt|p2a: Golduck
|-supereffective|p2a: Golduck
|-damage|p2a: Golduck|258\/310 slp
|-curestatus|p2a: Golduck|slp
|
|turn|11
|choice|move 1|move 3
|
|move|p1a: Gengar|Hypnosis|p2a: Golduck|[miss]
|-miss|p1a: Gengar
|move|p2a: Golduck|Surf|p1a: Gengar
|-damage|p1a: Gengar|0 fnt
|faint|p1a: Gengar
|choice|switch 2|
|
|switch|p1a: Exeggcute|Exeggcute, L96|310\/310
|turn|12
|choice|move 3|move 4
|
|move|p2a: Golduck|Blizzard|p1a: Exeggcute
|-supereffective|p1a: Exeggcute
|-damage|p1a: Exeggcute|0 fnt
|faint|p1a: Exeggcute
|c|★Dervodel|i like the way this is going
|choice|switch 6|
|
|switch|p1a: Articuno|Articuno, L79|304\/304
|turn|13
|choice|move 2|move 4
|
|move|p2a: Golduck|Blizzard|p1a: Articuno
|-damage|p1a: Articuno|58\/304
|move|p1a: Articuno|Reflect|p1a: Articuno
|-start|p1a: Articuno|Reflect
|
|turn|14
|choice|move 4|move 3
|
|move|p2a: Golduck|Surf|p1a: Articuno
|-crit|p1a: Articuno
|-damage|p1a: Articuno|0 fnt
|faint|p1a: Articuno
|choice|switch 4|
|
|switch|p1a: Blastoise|Blastoise, L85|308\/308
|turn|15
|choice|move 3|move 3
|
|move|p2a: Golduck|Surf|p1a: Blastoise
|-resisted|p1a: Blastoise
|-damage|p1a: Blastoise|109\/308
|move|p1a: Blastoise|Hyper Beam|p2a: Golduck
|-damage|p2a: Golduck|149\/310
|
|turn|16
|-mustrecharge|p1a: Blastoise
|-mustrecharge|p1a: Blastoise
|choice|move 1|move 3
|
|move|p2a: Golduck|Surf|p1a: Blastoise
|-crit|p1a: Blastoise
|-resisted|p1a: Blastoise
|-damage|p1a: Blastoise|20\/308
|cant|p1a: Blastoise|recharge
|
|turn|17
|choice|move 3|move 3
|
|move|p2a: Golduck|Surf|p1a: Blastoise
|-resisted|p1a: Blastoise
|-damage|p1a: Blastoise|0 fnt
|faint|p1a: Blastoise
|choice|switch 3|
|
|switch|p1a: Jigglypuff|Jigglypuff, L99|106\/428
|turn|18
|choice|move 1|move 3
|
|move|p2a: Golduck|Surf|p1a: Jigglypuff
|-damage|p1a: Jigglypuff|0 fnt
|faint|p1a: Jigglypuff
|choice|switch 5|
|
|switch|p1a: Nidoqueen|Nidoqueen, L85|327\/327
|turn|19
|choice|move 3|move 3
|
|move|p2a: Golduck|Surf|p1a: Nidoqueen
|-crit|p1a: Nidoqueen
|-supereffective|p1a: Nidoqueen
|-damage|p1a: Nidoqueen|0 fnt
|faint|p1a: Nidoqueen
|
|win|Dervodel
|raw|vkdaros's rating: 1172 &rarr; <strong>1147<\/strong><br \/>(-25 for losing)
|raw|Dervodel's rating: 1167 &rarr; <strong>1193<\/strong><br \/>(+26 for winning)
|c|★vkdaros|gg
|c|★Dervodel|gg
|c|★Dervodel|sory
|leave|vkdaros
|player|p1