|j|Phemt
|j|Solo2193
|player|p1|Phemt|29
|player|p2|Solo2193|162
|gametype|singles
|gen|1
|tier|[Gen 1] Random Battle
|rated
|seed|
|rule|Sleep Clause Mod: Limit one foe put to sleep
|rule|Freeze Clause Mod: Limit one foe frozen
|rule|HP Percentage Mod: HP is shown in percentages
|
|start
|switch|p1a: Raticate|Raticate, L85|100\/100
|switch|p2a: Ivysaur|Ivysaur, L85|100\/100
|turn|1
|choice||
|
|move|p1a: Raticate|Super Fang|p2a: Ivysaur
|-damage|p2a: Ivysaur|50\/100
|move|p2a: Ivysaur|Sleep Powder|p1a: Raticate
|-status|p1a: Raticate|slp
|
|turn|2
|choice||
|
|cant|p1a: Raticate|slp
|move|p2a: Ivysaur|Leech Seed|p1a: Raticate
|-start|p1a: Raticate|move: Leech Seed
|
|turn|3
|choice||
|
|cant|p1a: Raticate|slp
|-damage|p1a: Raticate|95\/100 slp|[from] Leech Seed|[of] p2a: Ivysaur
|-heal|p2a: Ivysaur|56\/100|[silent]
|move|p2a: Ivysaur|Razor Leaf|p1a: Raticate
|-crit|p1a: Raticate
|-damage|p1a: Raticate|44\/100 slp
|
|turn|4
|choice||
|
|cant|p1a: Raticate|slp
|-damage|p1a: Raticate|38\/100 slp|[from] Leech Seed|[of] p2a: Ivysaur
|-heal|p2a: Ivysaur|62\/100|[silent]
|move|p2a: Ivysaur|Razor Leaf|p1a: Raticate
|-crit|p1a: Raticate
|-damage|p1a: Raticate|0 fnt
|faint|p1a: Raticate
|choice||
|
|switch|p1a: Dragonair|Dragonair, L85|100\/100
|turn|5
|choice||
|
|move|p1a: Dragonair|Blizzard|p2a: Ivysaur
|-crit|p2a: Ivysaur
|-supereffective|p2a: Ivysaur
|-damage|p2a: Ivysaur|0 fnt
|faint|p2a: Ivysaur
|choice||
|
|switch|p2a: Mr. Mime|Mr. Mime, L85|100\/100
|turn|6
|choice||
|
|move|p2a: Mr. Mime|Thunder Wave|p1a: Dragonair
|-status|p1a: Dragonair|par
|move|p1a: Dragonair|Thunder Wave|p2a: Mr. Mime
|-status|p2a: Mr. Mime|par
|
|turn|7
|choice||
|
|move|p2a: Mr. Mime|Seismic Toss|p1a: Dragonair
|-damage|p1a: Dragonair|70\/100 par
|move|p1a: Dragonair|Blizzard|p2a: Mr. Mime
|-damage|p2a: Mr. Mime|74\/100 par
|
|turn|8
|choice||
|
|move|p2a: Mr. Mime|Psychic|p1a: Dragonair
|-damage|p1a: Dragonair|28\/100 par
|-unboost|p1a: Dragonair|spd|1
|-unboost|p1a: Dragonair|spa|1
|move|p1a: Dragonair|Blizzard|p2a: Mr. Mime
|-damage|p2a: Mr. Mime|55\/100 par
|
|turn|9
|choice||
|
|cant|p2a: Mr. Mime|par
|move|p1a: Dragonair|Blizzard|p2a: Mr. Mime
|-damage|p2a: Mr. Mime|37\/100 par
|
|turn|10
|choice||
|
|cant|p2a: Mr. Mime|par
|cant|p1a: Dragonair|par
|
|turn|11
|choice||
|
|cant|p2a: Mr. Mime|par
|move|p1a: Dragonair|Blizzard|p2a: Mr. Mime|[miss]
|-miss|p1a: Dragonair
|
|turn|12
|choice||
|
|move|p2a: Mr. Mime|Psychic|p1a: Dragonair
|-crit|p1a: Dragonair
|-damage|p1a: Dragonair|0 fnt
|faint|p1a: Dragonair
|choice||
|
|switch|p1a: Snorlax|Snorlax, L79|100\/100
|turn|13
|choice||
|
|move|p1a: Snorlax|Body Slam|p2a: Mr. Mime
|-damage|p2a: Mr. Mime|0 fnt
|faint|p2a: Mr. Mime
|choice||
|
|switch|p2a: Poliwrath|Poliwrath, L85|100\/100
|turn|14
|choice||
|
|switch|p1a: Koffing|Koffing, L96|100\/100
|move|p2a: Poliwrath|Hypnosis|p1a: Koffing
|-status|p1a: Koffing|slp
|
|turn|15
|choice||
|
|move|p2a: Poliwrath|Blizzard|p1a: Koffing
|-damage|p1a: Koffing|73\/100 slp
|cant|p1a: Koffing|slp
|
|turn|16
|choice||
|
|switch|p2a: Rhyhorn|Rhyhorn, L96|100\/100
|cant|p1a: Koffing|slp
|
|turn|17
|choice||
|
|-curestatus|p1a: Koffing|slp
|move|p2a: Rhyhorn|Substitute|p2a: Rhyhorn
|-start|p2a: Rhyhorn|Substitute
|-damage|p2a: Rhyhorn|75\/100
|
|turn|18
|choice||
|
|move|p1a: Koffing|Sludge|p2a: Rhyhorn
|-resisted|p2a: Rhyhorn
|-activate|p2a: Rhyhorn|Substitute|[damage]
|move|p2a: Rhyhorn|Earthquake|p1a: Koffing
|-supereffective|p1a: Koffing
|-damage|p1a: Koffing|0 fnt
|faint|p1a: Koffing
|choice||
|
|switch|p1a: Mew|Mew, L74|100\/100
|turn|19
|choice||
|
|move|p1a: Mew|Horn Drill|p2a: Rhyhorn|[miss]
|-miss|p1a: Mew
|move|p2a: Rhyhorn|Earthquake|p1a: Mew
|-crit|p1a: Mew
|-damage|p1a: Mew|11\/100
|
|turn|20
|choice||
|
|move|p1a: Mew|Soft-Boiled|p1a: Mew
|-heal|p1a: Mew|61\/100
|move|p2a: Rhyhorn|Earthquake|p1a: Mew
|-damage|p1a: Mew|19\/100
|
|turn|21
|choice||
|
|move|p1a: Mew|Soft-Boiled|p1a: Mew
|-heal|p1a: Mew|69\/100
|move|p2a: Rhyhorn|Body Slam|p1a: Mew|[miss]
|-miss|p2a: Rhyhorn
|
|turn|22
|choice||
|
|move|p1a: Mew|Soft-Boiled|p1a: Mew
|-heal|p1a: Mew|100\/100
|move|p2a: Rhyhorn|Body Slam|p1a: Mew
|-damage|p1a: Mew|76\/100
|
|turn|23
|choice||
|
|move|p1a: Mew|Horn Drill|p2a: Rhyhorn
|-end|p2a: Rhyhorn|Substitute
|-ohko
|move|p2a: Rhyhorn|Body Slam|p1a: Mew
|-crit|p1a: Mew
|-damage|p1a: Mew|27\/100
|-status|p1a: Mew|par
|
|turn|24
|choice||
|
|move|p2a: Rhyhorn|Earthquake|p1a: Mew
|-damage|p1a: Mew|0 fnt
|faint|p1a: Mew
|choice||
|
|switch|p1a: Snorlax|Snorlax, L79|100\/100
|turn|25
|choice||
|
|move|p2a: Rhyhorn|Substitute|p2a: Rhyhorn
|-start|p2a: Rhyhorn|Substitute
|-damage|p2a: Rhyhorn|50\/100
|move|p1a: Snorlax|Body Slam|p2a: Rhyhorn
|-resisted|p2a: Rhyhorn
|-activate|p2a: Rhyhorn|Substitute|[damage]
|
|turn|26
|choice||
|
|move|p2a: Rhyhorn|Earthquake|p1a: Snorlax
|-damage|p1a: Snorlax|65\/100
|move|p1a: Snorlax|Body Slam|p2a: Rhyhorn
|-resisted|p2a: Rhyhorn
|-activate|p2a: Rhyhorn|Substitute|[damage]
|
|turn|27
|choice||
|
|move|p2a: Rhyhorn|Rock Slide|p1a: Snorlax
|-damage|p1a: Snorlax|37\/100
|move|p1a: Snorlax|Body Slam|p2a: Rhyhorn
|-resisted|p2a: Rhyhorn
|-end|p2a: Rhyhorn|Substitute
|
|turn|28
|choice||
|
|switch|p2a: Poliwrath|Poliwrath, L85|100\/100
|move|p1a: Snorlax|Body Slam|p2a: Poliwrath
|-damage|p2a: Poliwrath|76\/100
|
|turn|29
|choice||
|
|move|p2a: Poliwrath|Hypnosis|p1a: Snorlax|[miss]
|-miss|p2a: Poliwrath
|move|p1a: Snorlax|Thunderbolt|p2a: Poliwrath
|-supereffective|p2a: Poliwrath
|-damage|p2a: Poliwrath|46\/100
|
|turn|30
|choice||
|
|move|p2a: Poliwrath|Hypnosis|p1a: Snorlax
|-status|p1a: Snorlax|slp
|cant|p1a: Snorlax|slp
|
|turn|31
|choice||
|
|move|p2a: Poliwrath|Submission|p1a: Snorlax
|-supereffective|p1a: Snorlax
|-damage|p1a: Snorlax|0 fnt
|-damage|p2a: Poliwrath|34\/100|[from] recoil|[of] p1a: Snorlax
|faint|p1a: Snorlax
|choice||
|
|switch|p1a: Scyther|Scyther, L90|100\/100
|turn|32
|choice||
|
|move|p1a: Scyther|Slash|p2a: Poliwrath
|-crit|p2a: Poliwrath
|-damage|p2a: Poliwrath|0 fnt
|faint|p2a: Poliwrath
|choice||
|
|switch|p2a: Rhyhorn|Rhyhorn, L96|50\/100
|turn|33
|choice||
|
|move|p1a: Scyther|Slash|p2a: Rhyhorn
|-crit|p2a: Rhyhorn
|-resisted|p2a: Rhyhorn
|-damage|p2a: Rhyhorn|36\/100
|move|p2a: Rhyhorn|Substitute|p2a: Rhyhorn
|-start|p2a: Rhyhorn|Substitute
|-damage|p2a: Rhyhorn|11\/100
|
|turn|34
|choice||
|
|move|p1a: Scyther|Swords Dance|p1a: Scyther
|-boost|p1a: Scyther|atk|2
|move|p2a: Rhyhorn|Rock Slide|p1a: Scyther
|-supereffective|p1a: Scyther
|-damage|p1a: Scyther|0 fnt
|faint|p1a: Scyther
|
|win|Solo2193
|player|p1
|player|p2
|raw|Phemt's rating: 1135 &rarr; <strong>1101<\/strong><br \/>(-34 for losing)
|raw|Solo2193's rating: 1000 &rarr; <strong>1055<\/strong><br \/>(+55 for winning)
|c|★Solo2193|gg