|join|Hargnyque
|join|butcha
|player|p1|Hargnyque|26
|player|p2|butcha|102
|gametype|singles
|gen|1
|tier|[Gen 1] Random Battle
|rated
|rule|Sleep Clause Mod: Limit one foe put to sleep
|rule|Freeze Clause Mod: Limit one foe frozen
|rule|HP Percentage Mod: HP is shown in percentages
|
|start
|switch|p1a: Primeape|Primeape, L90|300\/300
|switch|p2a: Starmie|Starmie, L79|257\/257
|turn|1
|
|switch|p1a: Jynx|Jynx, L79|265\/265
|move|p2a: Starmie|Thunder Wave|p1a: Jynx
|-status|p1a: Jynx|par
|
|turn|2
|
|switch|p2a: Chansey|Chansey, L79|557\/557
|cant|p1a: Jynx|par
|
|turn|3
|
|move|p2a: Chansey|Reflect|p2a: Chansey
|-start|p2a: Chansey|Reflect
|move|p1a: Jynx|Mimic|p2a: Chansey
|-start|p1a: Jynx|Mimic|Thunder Wave
|
|turn|4
|
|move|p2a: Chansey|Thunderbolt|p1a: Jynx
|-damage|p1a: Jynx|199\/265 par
|cant|p1a: Jynx|par
|
|turn|5
|
|move|p2a: Chansey|Thunderbolt|p1a: Jynx
|-crit|p1a: Jynx
|-damage|p1a: Jynx|69\/265 par
|move|p1a: Jynx|Blizzard|p2a: Chansey
|-damage|p2a: Chansey|446\/557
|
|turn|6
|
|move|p2a: Chansey|Thunderbolt|p1a: Jynx
|-damage|p1a: Jynx|3\/265 par
|move|p1a: Jynx|Lovely Kiss|p2a: Chansey
|-status|p2a: Chansey|slp
|
|turn|7
|
|switch|p2a: Bellsprout|Bellsprout, L96|291\/291
|move|p1a: Jynx|Blizzard|p2a: Bellsprout
|-supereffective|p2a: Bellsprout
|-damage|p2a: Bellsprout|74\/291
|
|turn|8
|
|move|p2a: Bellsprout|Body Slam|p1a: Jynx
|-damage|p1a: Jynx|0 fnt
|faint|p1a: Jynx
|
|switch|p1a: Primeape|Primeape, L90|300\/300
|turn|9
|
|move|p1a: Primeape|Body Slam|p2a: Bellsprout
|-damage|p2a: Bellsprout|0 fnt
|faint|p2a: Bellsprout
|
|switch|p2a: Charizard|Charizard, L85|306\/306
|turn|10
|
|move|p1a: Primeape|Rock Slide|p2a: Charizard
|-supereffective|p2a: Charizard
|-damage|p2a: Charizard|55\/306
|move|p2a: Charizard|Fire Blast|p1a: Primeape
|-damage|p1a: Primeape|155\/300
|
|turn|11
|
|switch|p2a: Sandshrew|Sandshrew, L96|291\/291
|move|p1a: Primeape|Body Slam|p2a: Sandshrew
|-damage|p2a: Sandshrew|224\/291
|
|turn|12
|
|switch|p1a: Bulbasaur|Bulbasaur, L96|281\/281
|move|p2a: Sandshrew|Earthquake|p1a: Bulbasaur
|-damage|p1a: Bulbasaur|146\/281
|
|turn|13
|
|move|p1a: Bulbasaur|Toxic|p2a: Sandshrew
|-status|p2a: Sandshrew|tox
|move|p2a: Sandshrew|Substitute|p2a: Sandshrew
|-start|p2a: Sandshrew|Substitute
|-damage|p2a: Sandshrew|152\/291 tox
|-damage|p2a: Sandshrew|134\/291 tox|[from] psn
|
|turn|14
|
|move|p1a: Bulbasaur|Leech Seed|p2a: Sandshrew
|-start|p2a: Sandshrew|move: Leech Seed
|move|p2a: Sandshrew|Body Slam|p1a: Bulbasaur
|-damage|p1a: Bulbasaur|66\/281
|-damage|p2a: Sandshrew|98\/291 tox|[from] tox|[of] p1a: Bulbasaur
|-damage|p2a: Sandshrew|44\/291 tox|[from] Leech Seed|[of] p1a: Bulbasaur
|-heal|p1a: Bulbasaur|120\/281|[silent]
|
|turn|15
|
|move|p1a: Bulbasaur|Toxic|p2a: Sandshrew
|-fail|p2a: Sandshrew
|move|p2a: Sandshrew|Body Slam|p1a: Bulbasaur
|-damage|p1a: Bulbasaur|33\/281
|-damage|p2a: Sandshrew|0 fnt|[from] tox|[of] p1a: Bulbasaur
|faint|p2a: Sandshrew
|
|switch|p2a: Charizard|Charizard, L85|55\/306
|turn|16
|
|move|p2a: Charizard|Body Slam|p1a: Bulbasaur
|-damage|p1a: Bulbasaur|0 fnt
|faint|p1a: Bulbasaur
|
|switch|p1a: Primeape|Primeape, L90|155\/300
|turn|17
|
|move|p1a: Primeape|Body Slam|p2a: Charizard
|-damage|p2a: Charizard|0 fnt
|faint|p2a: Charizard
|
|switch|p2a: Jynx|Jynx, L79|265\/265
|turn|18
|
|move|p1a: Primeape|Hyper Beam|p2a: Jynx
|-crit|p2a: Jynx
|-damage|p2a: Jynx|0 fnt
|faint|p2a: Jynx
|
|switch|p2a: Starmie|Starmie, L79|257\/257
|turn|19
|
|move|p2a: Starmie|Thunder Wave|p1a: Primeape
|-status|p1a: Primeape|par
|cant|p1a: Primeape|par
|
|turn|20
|
|move|p2a: Starmie|Thunderbolt|p1a: Primeape
|-damage|p1a: Primeape|84\/300 par
|move|p1a: Primeape|Body Slam|p2a: Starmie
|-damage|p2a: Starmie|184\/257
|
|turn|21
|
|move|p2a: Starmie|Thunderbolt|p1a: Primeape
|-crit|p1a: Primeape
|-damage|p1a: Primeape|0 fnt
|faint|p1a: Primeape
|
|switch|p1a: Pinsir|Pinsir, L85|284\/284
|turn|22
|
|move|p2a: Starmie|Thunder Wave|p1a: Pinsir
|-status|p1a: Pinsir|par
|move|p1a: Pinsir|Swords Dance|p1a: Pinsir
|-boost|p1a: Pinsir|atk|2
|
|turn|23
|
|move|p2a: Starmie|Surf|p1a: Pinsir
|-crit|p1a: Pinsir
|-damage|p1a: Pinsir|43\/284 par
|move|p1a: Pinsir|Body Slam|p2a: Starmie
|-damage|p2a: Starmie|27\/257
|
|turn|24
|
|move|p2a: Starmie|Surf|p1a: Pinsir
|-damage|p1a: Pinsir|0 fnt
|faint|p1a: Pinsir
|
|switch|p1a: Snorlax|Snorlax, L79|415\/415
|turn|25
|
|move|p2a: Starmie|Recover|p2a: Starmie
|-heal|p2a: Starmie|155\/257
|move|p1a: Snorlax|Body Slam|p2a: Starmie
|-damage|p2a: Starmie|68\/257
|-status|p2a: Starmie|par
|
|turn|26
|
|move|p1a: Snorlax|Body Slam|p2a: Starmie
|-damage|p2a: Starmie|0 fnt
|faint|p2a: Starmie
|
|switch|p2a: Chansey|Chansey, L79|446\/557 slp
|turn|27
|
|cant|p2a: Chansey|slp
|move|p1a: Snorlax|Amnesia|p1a: Snorlax
|-boost|p1a: Snorlax|spd|2
|-boost|p1a: Snorlax|spa|2
|
|turn|28
|
|switch|p1a: Graveler|Graveler, L85|267\/267
|-curestatus|p2a: Chansey|slp
|
|turn|29
|
|move|p2a: Chansey|Reflect|p2a: Chansey
|-start|p2a: Chansey|Reflect
|move|p1a: Graveler|Explosion|p2a: Chansey
|-damage|p2a: Chansey|96\/557
|faint|p1a: Graveler
|
|switch|p1a: Snorlax|Snorlax, L79|415\/415
|turn|30
|
|move|p2a: Chansey|Soft-Boiled|p2a: Chansey
|-heal|p2a: Chansey|374\/557
|move|p1a: Snorlax|Body Slam|p2a: Chansey
|-crit|p2a: Chansey
|-damage|p2a: Chansey|0 fnt
|faint|p2a: Chansey
|
|win|Hargnyque
|raw|Hargnyque's rating: 1126 &rarr; <strong>1149<\/strong><br \/>(+23 for winning)
|raw|butcha's rating: 1095 &rarr; <strong>1073<\/strong><br \/>(-22 for losing)
|c|★butcha|gg
|c|★Hargnyque|omg the crit
|c|★Hargnyque|Only 5% chance