|j|diskoliperiodos
|j|zewing
|player|p1|diskoliperiodos|2
|player|p2|zewing|241
|gametype|singles
|gen|1
|tier|[Gen 1] Random Battle
|rated
|seed|
|rule|Sleep Clause Mod: Limit one foe put to sleep
|rule|Freeze Clause Mod: Limit one foe frozen
|rule|HP Percentage Mod: HP is shown in percentages
|
|start
|switch|p1a: Golduck|Golduck, L85|100\/100
|switch|p2a: Graveler|Graveler, L85|100\/100
|turn|1
|choice||
|
|switch|p2a: Wigglytuff|Wigglytuff, L90|100\/100
|move|p1a: Golduck|Amnesia|p1a: Golduck
|-boost|p1a: Golduck|spd|2
|-boost|p1a: Golduck|spa|2
|
|turn|2
|choice||
|
|move|p1a: Golduck|Surf|p2a: Wigglytuff
|-crit|p2a: Wigglytuff
|-damage|p2a: Wigglytuff|47\/100
|move|p2a: Wigglytuff|Sing|p1a: Golduck
|-status|p1a: Golduck|slp
|
|turn|3
|choice||
|
|switch|p2a: Muk|Muk, L90|100\/100
|cant|p1a: Golduck|slp
|
|turn|4
|choice||
|
|cant|p1a: Golduck|slp
|move|p2a: Muk|Mega Drain|p1a: Golduck
|-supereffective|p1a: Golduck
|-damage|p1a: Golduck|90\/100 slp
|
|turn|5
|choice||
|
|cant|p1a: Golduck|slp
|move|p2a: Muk|Explosion|p1a: Golduck
|-damage|p1a: Golduck|0 fnt
|faint|p1a: Golduck
|faint|p2a: Muk
|choice||
|
|switch|p2a: Kangaskhan|Kangaskhan, L85|100\/100
|switch|p1a: Flareon|Flareon, L90|100\/100
|turn|6
|choice||
|
|move|p1a: Flareon|Fire Blast|p2a: Kangaskhan
|-damage|p2a: Kangaskhan|29\/100
|-status|p2a: Kangaskhan|brn
|move|p2a: Kangaskhan|Counter|p1a: Flareon
|-fail|p2a: Kangaskhan
|-damage|p2a: Kangaskhan|23\/100 brn|[from] brn|[of] p1a: Flareon
|
|turn|7
|choice||
|
|move|p1a: Flareon|Quick Attack|p2a: Kangaskhan
|-damage|p2a: Kangaskhan|11\/100 brn
|move|p2a: Kangaskhan|Surf|p1a: Flareon
|-crit|p1a: Flareon
|-supereffective|p1a: Flareon
|-damage|p1a: Flareon|57\/100
|-damage|p2a: Kangaskhan|4\/100 brn|[from] brn|[of] p1a: Flareon
|
|turn|8
|choice||
|
|move|p1a: Flareon|Quick Attack|p2a: Kangaskhan
|-damage|p2a: Kangaskhan|0 fnt
|faint|p2a: Kangaskhan
|choice||
|
|switch|p2a: Graveler|Graveler, L85|100\/100
|turn|9
|choice||
|
|move|p1a: Flareon|Fire Blast|p2a: Graveler|[miss]
|-miss|p1a: Flareon
|move|p2a: Graveler|Earthquake|p1a: Flareon
|-supereffective|p1a: Flareon
|-damage|p1a: Flareon|0 fnt
|faint|p1a: Flareon
|choice||
|
|switch|p1a: Hypno|Hypno, L85|100\/100
|turn|10
|choice||
|
|switch|p2a: Wigglytuff|Wigglytuff, L90|47\/100
|move|p1a: Hypno|Psychic|p2a: Wigglytuff
|-damage|p2a: Wigglytuff|14\/100
|
|turn|11
|choice||
|
|move|p1a: Hypno|Psychic|p2a: Wigglytuff
|-damage|p2a: Wigglytuff|0 fnt
|faint|p2a: Wigglytuff
|choice||
|
|switch|p2a: Jynx|Jynx, L79|100\/100
|turn|12
|choice||
|
|switch|p1a: Weezing|Weezing, L90|100\/100
|move|p2a: Jynx|Lovely Kiss|p1a: Weezing|[miss]
|-miss|p2a: Jynx
|
|turn|13
|choice||
|
|move|p2a: Jynx|Lovely Kiss|p1a: Weezing
|-status|p1a: Weezing|slp
|cant|p1a: Weezing|slp
|
|turn|14
|choice||
|
|switch|p1a: Hypno|Hypno, L85|100\/100
|move|p2a: Jynx|Psychic|p1a: Hypno
|-resisted|p1a: Hypno
|-damage|p1a: Hypno|89\/100
|
|turn|15
|choice||
|
|move|p2a: Jynx|Blizzard|p1a: Hypno
|-crit|p1a: Hypno
|-damage|p1a: Hypno|36\/100
|move|p1a: Hypno|Thunder Wave|p2a: Jynx
|-status|p2a: Jynx|par
|
|turn|16
|choice||
|
|move|p1a: Hypno|Psychic|p2a: Jynx
|-resisted|p2a: Jynx
|-damage|p2a: Jynx|79\/100 par
|cant|p2a: Jynx|par
|
|turn|17
|choice||
|
|move|p1a: Hypno|Psychic|p2a: Jynx
|-resisted|p2a: Jynx
|-damage|p2a: Jynx|60\/100 par
|-unboost|p2a: Jynx|spd|1
|-unboost|p2a: Jynx|spa|1
|move|p2a: Jynx|Blizzard|p1a: Hypno
|-damage|p1a: Hypno|15\/100
|
|turn|18
|choice||
|
|move|p1a: Hypno|Rest|p1a: Hypno
|-status|p1a: Hypno|slp
|-heal|p1a: Hypno|100\/100 slp|[silent]
|-status|p1a: Hypno|slp|[from] move: Rest
|move|p2a: Jynx|Blizzard|p1a: Hypno
|-damage|p1a: Hypno|82\/100 slp
|
|turn|19
|choice||
|
|switch|p2a: Arcanine|Arcanine, L85|100\/100
|cant|p1a: Hypno|slp
|
|turn|20
|choice||
|
|switch|p1a: Weezing|Weezing, L90|100\/100 slp
|move|p2a: Arcanine|Body Slam|p1a: Weezing
|-crit|p1a: Weezing
|-damage|p1a: Weezing|66\/100 slp
|
|turn|21
|choice||
|
|move|p2a: Arcanine|Body Slam|p1a: Weezing
|-damage|p1a: Weezing|48\/100 slp
|cant|p1a: Weezing|slp
|
|turn|22
|choice||
|
|move|p2a: Arcanine|Body Slam|p1a: Weezing
|-damage|p1a: Weezing|32\/100 slp
|cant|p1a: Weezing|slp
|
|turn|23
|choice||
|
|move|p2a: Arcanine|Body Slam|p1a: Weezing
|-damage|p1a: Weezing|16\/100 slp
|cant|p1a: Weezing|slp
|
|turn|24
|choice||
|
|switch|p1a: Hypno|Hypno, L85|82\/100 slp
|move|p2a: Arcanine|Body Slam|p1a: Hypno
|-damage|p1a: Hypno|57\/100 slp
|
|turn|25
|choice||
|
|move|p2a: Arcanine|Body Slam|p1a: Hypno
|-damage|p1a: Hypno|32\/100 slp
|-curestatus|p1a: Hypno|slp
|
|turn|26
|choice||
|
|move|p2a: Arcanine|Hyper Beam|p1a: Hypno
|-damage|p1a: Hypno|0 fnt
|faint|p1a: Hypno
|choice||
|
|switch|p1a: Scyther|Scyther, L90|100\/100
|turn|27
|choice||
|
|move|p1a: Scyther|Slash|p2a: Arcanine
|-crit|p2a: Arcanine
|-damage|p2a: Arcanine|65\/100
|move|p2a: Arcanine|Fire Blast|p1a: Scyther
|-crit|p1a: Scyther
|-supereffective|p1a: Scyther
|-damage|p1a: Scyther|0 fnt
|faint|p1a: Scyther
|choice||
|
|switch|p1a: Jolteon|Jolteon, L79|100\/100
|turn|28
|choice||
|
|switch|p2a: Graveler|Graveler, L85|100\/100
|move|p1a: Jolteon|Double Kick|p2a: Graveler
|-supereffective|p2a: Graveler
|-damage|p2a: Graveler|92\/100
|-damage|p2a: Graveler|83\/100
|-hitcount|p2a: Graveler|2
|
|turn|29
|choice||
|
|move|p1a: Jolteon|Double Kick|p2a: Graveler
|-supereffective|p2a: Graveler
|-damage|p2a: Graveler|73\/100
|-damage|p2a: Graveler|64\/100
|-hitcount|p2a: Graveler|2
|move|p2a: Graveler|Earthquake|p1a: Jolteon
|-supereffective|p1a: Jolteon
|-damage|p1a: Jolteon|0 fnt
|faint|p1a: Jolteon
|choice||
|
|switch|p1a: Weezing|Weezing, L90|16\/100 slp
|turn|30
|choice||
|
|cant|p1a: Weezing|slp
|move|p2a: Graveler|Earthquake|p1a: Weezing
|-supereffective|p1a: Weezing
|-damage|p1a: Weezing|0 fnt
|faint|p1a: Weezing
|
|win|zewing
|player|p1
|player|p2
|raw|diskoliperiodos's rating: 1289 &rarr; <strong>1252<\/strong><br \/>(-37 for losing)
|raw|zewing's rating: 1114 &rarr; <strong>1150<\/strong><br \/>(+36 for winning)
|c|★zewing|good match
|l|diskoliperiodos