|j|LibertarianMaster
|j|TommyWantWingy
|player|p1|LibertarianMaster|59
|player|p2|TommyWantWingy|101
|gametype|singles
|gen|1
|tier|[Gen 1] OU
|rated
|seed|62476,14118,22904,20668
|rule|Sleep Clause Mod: Limit one foe put to sleep
|rule|Freeze Clause Mod: Limit one foe frozen
|rule|Species Clause: Limit one of each Pokémon
|rule|OHKO Clause: OHKO moves are banned
|rule|Evasion Moves Clause: Evasion moves are banned
|rule|HP Percentage Mod: HP is shown in percentages
|
|start
|switch|p1a: Starmie|Starmie|323\/323
|switch|p2a: Jynx|Jynx|333\/333
|turn|1
|choice|switch 2|move 4
|
|switch|p1a: Chansey|Chansey|703\/703
|move|p2a: Jynx|Substitute|p2a: Jynx
|-start|p2a: Jynx|Substitute
|-damage|p2a: Jynx|250\/333
|
|turn|2
|choice|move 4|move 2
|
|move|p2a: Jynx|Lovely Kiss|p1a: Chansey
|-status|p1a: Chansey|slp
|cant|p1a: Chansey|slp
|
|turn|3
|choice|switch 3|switch 3
|
|switch|p2a: Slowbro|Slowbro|393\/393
|switch|p1a: Tauros|Tauros|353\/353
|
|turn|4
|choice|switch 3|move 4
|
|switch|p1a: Chansey|Chansey|703\/703 slp
|move|p2a: Slowbro|Amnesia|p2a: Slowbro
|-boost|p2a: Slowbro|spd|2
|-boost|p2a: Slowbro|spa|2
|
|turn|5
|choice|switch 5|move 4
|
|switch|p1a: Raichu|Raichu|323\/323
|move|p2a: Slowbro|Amnesia|p2a: Slowbro
|-boost|p2a: Slowbro|spd|2
|-boost|p2a: Slowbro|spa|2
|
|turn|6
|choice|move 3|move 4
|
|move|p1a: Raichu|Thunder Wave|p2a: Slowbro
|-status|p2a: Slowbro|par
|move|p2a: Slowbro|Amnesia|p2a: Slowbro
|-boost|p2a: Slowbro|spd|2
|-boost|p2a: Slowbro|spa|2
|
|turn|7
|choice|move 4|move 1
|
|move|p1a: Raichu|Body Slam|p2a: Slowbro
|-damage|p2a: Slowbro|337\/393 par
|move|p2a: Slowbro|Psychic|p1a: Raichu
|-damage|p1a: Raichu|0 fnt
|faint|p1a: Raichu
|choice|switch 6|
|
|switch|p1a: Dragonite|Dragonite|385\/385
|turn|8
|choice|move 1|move 1
|
|move|p1a: Dragonite|Wrap|p2a: Slowbro
|-damage|p2a: Slowbro|324\/393 par
|-activate|p2a: Slowbro|move: Wrap|[of] p1a: Dragonite
|cant|p2a: Slowbro|partiallytrapped
|
|turn|9
|choice|move 1|move 1
|
|move|p1a: Dragonite|Wrap|p2a: Slowbro
|-damage|p2a: Slowbro|311\/393 par
|cant|p2a: Slowbro|partiallytrapped
|
|-end|p2a: Slowbro|Wrap|[partiallytrapped]
|turn|10
|choice|move 1|move 1
|
|move|p1a: Dragonite|Wrap|p2a: Slowbro
|-damage|p2a: Slowbro|296\/393 par
|-activate|p2a: Slowbro|move: Wrap|[of] p1a: Dragonite
|cant|p2a: Slowbro|partiallytrapped
|
|turn|11
|choice|move 1|move 1
|
|move|p1a: Dragonite|Wrap|p2a: Slowbro
|-damage|p2a: Slowbro|281\/393 par
|cant|p2a: Slowbro|partiallytrapped
|
|turn|12
|choice|move 1|move 1
|
|move|p1a: Dragonite|Wrap|p2a: Slowbro
|-damage|p2a: Slowbro|266\/393 par
|cant|p2a: Slowbro|partiallytrapped
|
|turn|13
|choice|move 1|move 1
|
|move|p1a: Dragonite|Wrap|p2a: Slowbro
|-damage|p2a: Slowbro|251\/393 par
|cant|p2a: Slowbro|par
|
|-end|p2a: Slowbro|Wrap|[partiallytrapped]
|turn|14
|choice|move 1|move 3
|
|move|p1a: Dragonite|Wrap|p2a: Slowbro
|-damage|p2a: Slowbro|238\/393 par
|-activate|p2a: Slowbro|move: Wrap|[of] p1a: Dragonite
|cant|p2a: Slowbro|partiallytrapped
|
|turn|15
|choice|move 1|move 3
|
|move|p1a: Dragonite|Wrap|p2a: Slowbro
|-damage|p2a: Slowbro|225\/393 par
|cant|p2a: Slowbro|partiallytrapped
|
|turn|16
|choice|move 1|switch 5
|
|switch|p2a: Cloyster|Cloyster|303\/303
|move|p1a: Dragonite|Wrap|p2a: Cloyster
|-damage|p2a: Cloyster|292\/303
|-activate|p2a: Cloyster|move: Wrap|[of] p1a: Dragonite
|
|turn|17
|choice|move 1|move 1
|
|move|p1a: Dragonite|Wrap|p2a: Cloyster
|-damage|p2a: Cloyster|281\/303
|cant|p2a: Cloyster|partiallytrapped
|
|turn|18
|choice|move 1|switch 2
|
|switch|p2a: Tauros|Tauros|353\/353
|move|p1a: Dragonite|Wrap|p2a: Tauros
|-damage|p2a: Tauros|338\/353
|-activate|p2a: Tauros|move: Wrap|[of] p1a: Dragonite
|
|turn|19
|choice|move 1|move 2
|
|cant|p2a: Tauros|partiallytrapped
|move|p1a: Dragonite|Wrap|p2a: Tauros
|-damage|p2a: Tauros|323\/353
|
|turn|20
|choice|move 1|move 2
|
|cant|p2a: Tauros|partiallytrapped
|move|p1a: Dragonite|Wrap|p2a: Tauros
|-damage|p2a: Tauros|308\/353
|
|-end|p2a: Tauros|Wrap|[partiallytrapped]
|turn|21
|choice|switch 2|move 2
|
|switch|p1a: Starmie|Starmie|323\/323
|move|p2a: Tauros|Blizzard|p1a: Starmie|[miss]
|-miss|p2a: Tauros
|
|turn|22
|choice|move 2|switch 5
|
|switch|p2a: Slowbro|Slowbro|225\/393 par
|move|p1a: Starmie|Psychic|p2a: Slowbro
|-crit|p2a: Slowbro
|-resisted|p2a: Slowbro
|-damage|p2a: Slowbro|98\/393 par
|-unboost|p2a: Slowbro|spd|1
|-unboost|p2a: Slowbro|spa|1
|
|turn|23
|choice|move 3|move 3
|
|move|p1a: Starmie|Thunderbolt|p2a: Slowbro
|-crit|p2a: Slowbro
|-supereffective|p2a: Slowbro
|-damage|p2a: Slowbro|0 fnt
|faint|p2a: Slowbro
|choice||switch 6
|
|switch|p2a: Snorlax|Snorlax|523\/523
|turn|24
|choice|move 2|move 4
|
|move|p1a: Starmie|Psychic|p2a: Snorlax
|-damage|p2a: Snorlax|379\/523
|move|p2a: Snorlax|Amnesia|p2a: Snorlax
|-boost|p2a: Snorlax|spd|2
|-boost|p2a: Snorlax|spa|2
|
|turn|25
|choice|move 2|move 4
|
|move|p1a: Starmie|Psychic|p2a: Snorlax
|-damage|p2a: Snorlax|310\/523
|move|p2a: Snorlax|Amnesia|p2a: Snorlax
|-boost|p2a: Snorlax|spd|2
|-boost|p2a: Snorlax|spa|2
|
|turn|26
|choice|switch 2|move 2
|
|switch|p1a: Dragonite|Dragonite|385\/385
|move|p2a: Snorlax|Hyper Beam|p1a: Dragonite|[miss]
|-miss|p2a: Snorlax
|
|turn|27
|choice|move 1|move 3
|
|move|p1a: Dragonite|Wrap|p2a: Snorlax
|-damage|p2a: Snorlax|290\/523
|-activate|p2a: Snorlax|move: Wrap|[of] p1a: Dragonite
|cant|p2a: Snorlax|partiallytrapped
|
|turn|28
|choice|move 1|switch 5
|
|switch|p2a: Tauros|Tauros|308\/353
|move|p1a: Dragonite|Wrap|p2a: Tauros|[miss]
|-miss|p1a: Dragonite
|
|turn|29
|choice|switch 4|move 2
|
|switch|p1a: Golem|Golem|363\/363
|move|p2a: Tauros|Blizzard|p1a: Golem
|-supereffective|p1a: Golem
|-damage|p1a: Golem|141\/363
|
|turn|30
|choice|switch 2|move 1
|
|switch|p1a: Starmie|Starmie|323\/323
|move|p2a: Tauros|Earthquake|p1a: Starmie
|-damage|p1a: Starmie|241\/323
|
|turn|31
|choice|move 2|move 4
|
|move|p1a: Starmie|Psychic|p2a: Tauros
|-damage|p2a: Tauros|172\/353
|move|p2a: Tauros|Body Slam|p1a: Starmie
|-damage|p1a: Starmie|139\/323
|-status|p1a: Starmie|par
|
|turn|32
|choice|switch 2|move 3
|
|switch|p1a: Golem|Golem|141\/363
|move|p2a: Tauros|Hyper Beam|p1a: Golem
|-resisted|p1a: Golem
|-damage|p1a: Golem|73\/363
|
|turn|33
|-mustrecharge|p2a: Tauros
|-mustrecharge|p2a: Tauros
|choice|move 1|move 1
|
|cant|p2a: Tauros|recharge
|move|p1a: Golem|Earthquake|p2a: Tauros
|-damage|p2a: Tauros|51\/353
|
|turn|34
|choice|move 1|move 1
|
|move|p2a: Tauros|Earthquake|p1a: Golem
|-supereffective|p1a: Golem
|-damage|p1a: Golem|0 fnt
|faint|p1a: Golem
|choice|switch 3|
|
|switch|p1a: Tauros|Tauros|353\/353
|turn|35
|choice|move 1|move 4
|
|move|p1a: Tauros|Body Slam|p2a: Tauros
|-crit|p2a: Tauros
|-damage|p2a: Tauros|0 fnt
|faint|p2a: Tauros
|choice||switch 2
|
|switch|p2a: Cloyster|Cloyster|281\/303
|turn|36
|choice|move 1|move 3
|
|move|p1a: Tauros|Body Slam|p2a: Cloyster
|-crit|p2a: Cloyster
|-damage|p2a: Cloyster|151\/303
|move|p2a: Cloyster|Toxic|p1a: Tauros
|-status|p1a: Tauros|tox
|
|turn|37
|choice|move 1|move 2
|
|move|p1a: Tauros|Body Slam|p2a: Cloyster
|-damage|p2a: Cloyster|79\/303
|-damage|p1a: Tauros|331\/353 tox|[from] tox|[of] p2a: Cloyster
|move|p2a: Cloyster|Clamp|p1a: Tauros
|-damage|p1a: Tauros|286\/353 tox
|-activate|p1a: Tauros|move: Clamp|[of] p2a: Cloyster
|
|turn|38
|choice|switch 5|move 2
|
|switch|p1a: Chansey|Chansey|703\/703 slp
|move|p2a: Cloyster|Clamp|p1a: Chansey
|-crit|p1a: Chansey
|-damage|p1a: Chansey|632\/703 slp
|-activate|p1a: Chansey|move: Clamp|[of] p2a: Cloyster
|
|turn|39
|choice|move 2|move 2
|
|move|p2a: Cloyster|Clamp|p1a: Chansey
|-damage|p1a: Chansey|561\/703 slp
|cant|p1a: Chansey|slp
|
|turn|40
|choice|move 2|move 2
|
|move|p2a: Cloyster|Clamp|p1a: Chansey
|-damage|p1a: Chansey|490\/703 slp
|cant|p1a: Chansey|slp
|
|turn|41
|choice|move 2|move 2
|
|move|p2a: Cloyster|Clamp|p1a: Chansey
|-damage|p1a: Chansey|419\/703 slp
|cant|p1a: Chansey|slp
|
|-end|p1a: Chansey|Clamp|[partiallytrapped]
|turn|42
|choice|switch 5|move 2
|
|switch|p1a: Tauros|Tauros|286\/353 tox
|-status|p1a: Tauros|psn
|-damage|p1a: Tauros|264\/353 psn|[from] psn
|move|p2a: Cloyster|Clamp|p1a: Tauros
|-crit|p1a: Tauros
|-damage|p1a: Tauros|165\/353 psn
|-activate|p1a: Tauros|move: Clamp|[of] p2a: Cloyster
|
|turn|43
|choice|move 3|move 2
|
|cant|p1a: Tauros|partiallytrapped
|-damage|p1a: Tauros|143\/353 psn|[from] psn|[of] p2a: Cloyster
|move|p2a: Cloyster|Clamp|p1a: Tauros
|-damage|p1a: Tauros|44\/353 psn
|
|turn|44
|choice|move 2|move 2
|
|cant|p1a: Tauros|partiallytrapped
|-damage|p1a: Tauros|22\/353 psn|[from] psn|[of] p2a: Cloyster
|move|p2a: Cloyster|Clamp|p1a: Tauros
|-damage|p1a: Tauros|0 fnt
|faint|p1a: Tauros
|choice|switch 4|
|
|switch|p1a: Dragonite|Dragonite|385\/385
|turn|45
|choice|move 1|move 1
|
|move|p1a: Dragonite|Wrap|p2a: Cloyster
|-damage|p2a: Cloyster|69\/303
|-activate|p2a: Cloyster|move: Wrap|[of] p1a: Dragonite
|cant|p2a: Cloyster|partiallytrapped
|
|turn|46
|choice|move 1|move 1
|
|move|p1a: Dragonite|Wrap|p2a: Cloyster
|-damage|p2a: Cloyster|59\/303
|cant|p2a: Cloyster|partiallytrapped
|
|turn|47
|choice|move 1|move 1
|
|move|p1a: Dragonite|Wrap|p2a: Cloyster
|-damage|p2a: Cloyster|49\/303
|cant|p2a: Cloyster|partiallytrapped
|
|-end|p2a: Cloyster|Wrap|[partiallytrapped]
|turn|48
|choice|move 3|move 1
|
|move|p1a: Dragonite|Hyper Beam|p2a: Cloyster
|-damage|p2a: Cloyster|0 fnt
|faint|p2a: Cloyster
|choice||switch 3
|
|switch|p2a: Jynx|Jynx|250\/333
|turn|49
|choice|move 3|move 2
|
|move|p2a: Jynx|Lovely Kiss|p1a: Dragonite
|-message|Sleep Clause Mod activated.
|move|p1a: Dragonite|Hyper Beam|p2a: Jynx
|-damage|p2a: Jynx|0 fnt
|faint|p2a: Jynx
|choice||switch 5
|
|switch|p2a: Snorlax|Snorlax|290\/523
|turn|50
|c|★LibertarianMaster|why not blizzard?
|choice|move 1|move 1
|
|move|p1a: Dragonite|Wrap|p2a: Snorlax
|-damage|p2a: Snorlax|271\/523
|-activate|p2a: Snorlax|move: Wrap|[of] p1a: Dragonite
|cant|p2a: Snorlax|partiallytrapped
|
|turn|51
|choice|move 1|switch 4
|
|switch|p2a: Dragonite|Dragonite|385\/385
|move|p1a: Dragonite|Wrap|p2a: Dragonite
|-damage|p2a: Dragonite|371\/385
|-activate|p2a: Dragonite|move: Wrap|[of] p1a: Dragonite
|
|turn|52
|c|★LibertarianMaster|lol
|choice|move 1|move 2
|
|move|p1a: Dragonite|Wrap|p2a: Dragonite
|-damage|p2a: Dragonite|357\/385
|cant|p2a: Dragonite|partiallytrapped
|
|-end|p2a: Dragonite|Wrap|[partiallytrapped]
|turn|53
|choice|move 4|move 2
|
|move|p2a: Dragonite|Thunder Wave|p1a: Dragonite
|-status|p1a: Dragonite|par
|move|p1a: Dragonite|Blizzard|p2a: Dragonite
|-supereffective|p2a: Dragonite
|-damage|p2a: Dragonite|0 fnt
|faint|p2a: Dragonite
|choice||switch 4
|
|switch|p2a: Snorlax|Snorlax|271\/523
|turn|54
|c|★LibertarianMaster|smart
|choice|move 3|move 2
|
|move|p2a: Snorlax|Hyper Beam|p1a: Dragonite|[miss]
|-miss|p2a: Snorlax
|move|p1a: Dragonite|Hyper Beam|p2a: Snorlax
|-damage|p2a: Snorlax|72\/523
|
|turn|55
|-mustrecharge|p1a: Dragonite
|-mustrecharge|p1a: Dragonite
|choice|move 1|move 2
|
|move|p2a: Snorlax|Hyper Beam|p1a: Dragonite
|-damage|p1a: Dragonite|199\/385 par
|cant|p1a: Dragonite|recharge
|
|turn|56
|-mustrecharge|p2a: Snorlax
|-mustrecharge|p2a: Snorlax
|choice|move 2|move 1
|
|cant|p2a: Snorlax|recharge
|cant|p1a: Dragonite|par
|
|turn|57
|c|★LibertarianMaster|lol
|choice|move 2|move 1
|
|move|p2a: Snorlax|Rest|p2a: Snorlax
|-status|p2a: Snorlax|slp
|-heal|p2a: Snorlax|523\/523 slp|[silent]
|-status|p2a: Snorlax|slp|[from] move: Rest
|move|p1a: Dragonite|Surf|p2a: Snorlax
|-damage|p2a: Snorlax|427\/523 slp
|
|turn|58
|choice|switch 2|move 2
|
|switch|p1a: Starmie|Starmie|139\/323 par
|cant|p2a: Snorlax|slp
|
|turn|59
|choice|move 4|move 2
|
|-curestatus|p2a: Snorlax|slp
|cant|p1a: Starmie|par
|
|turn|60
|choice|move 4|move 2
|
|move|p2a: Snorlax|Hyper Beam|p1a: Starmie
|-damage|p1a: Starmie|0 fnt
|faint|p1a: Starmie
|choice|switch 2|
|
|switch|p1a: Dragonite|Dragonite|199\/385 par
|turn|61
|choice|move 3|move 2
|
|move|p2a: Snorlax|Hyper Beam|p1a: Dragonite
|-damage|p1a: Dragonite|0 fnt
|faint|p1a: Dragonite
|choice|switch 5|
|
|switch|p1a: Chansey|Chansey|419\/703 slp
|turn|62
|choice|move 4|move 4
|
|-curestatus|p1a: Chansey|slp
|move|p2a: Snorlax|Amnesia|p2a: Snorlax
|-boost|p2a: Snorlax|spd|2
|-boost|p2a: Snorlax|spa|2
|
|turn|63
|choice|move 4|move 3
|
|move|p1a: Chansey|Thunder Wave|p2a: Snorlax
|-status|p2a: Snorlax|par
|move|p2a: Snorlax|Surf|p1a: Chansey
|-damage|p1a: Chansey|306\/703
|
|turn|64
|choice|move 3|move 3
|
|move|p1a: Chansey|Soft-Boiled|p1a: Chansey
|-heal|p1a: Chansey|657\/703
|move|p2a: Snorlax|Surf|p1a: Chansey
|-damage|p1a: Chansey|539\/703
|
|turn|65
|choice|move 2|move 4
|
|move|p1a: Chansey|Thunderbolt|p2a: Snorlax
|-damage|p2a: Snorlax|373\/523 par
|move|p2a: Snorlax|Amnesia|p2a: Snorlax
|-boost|p2a: Snorlax|spd|2
|-boost|p2a: Snorlax|spa|2
|
|turn|66
|choice|move 2|move 4
|
|move|p1a: Chansey|Thunderbolt|p2a: Snorlax
|-damage|p2a: Snorlax|339\/523 par
|cant|p2a: Snorlax|par
|
|turn|67
|choice|move 2|move 4
|
|move|p1a: Chansey|Thunderbolt|p2a: Snorlax
|-crit|p2a: Snorlax
|-damage|p2a: Snorlax|129\/523 par
|cant|p2a: Snorlax|par
|
|turn|68
|choice|move 2|move 1
|
|move|p1a: Chansey|Thunderbolt|p2a: Snorlax
|-damage|p2a: Snorlax|96\/523 par
|move|p2a: Snorlax|Rest|p2a: Snorlax
|-status|p2a: Snorlax|slp
|-heal|p2a: Snorlax|523\/523 slp|[silent]
|-status|p2a: Snorlax|slp|[from] move: Rest
|
|turn|69
|choice|move 2|move 4
|
|move|p1a: Chansey|Thunderbolt|p2a: Snorlax
|-damage|p2a: Snorlax|490\/523 slp
|cant|p2a: Snorlax|slp
|
|turn|70
|choice|move 2|move 4
|
|move|p1a: Chansey|Thunderbolt|p2a: Snorlax
|-damage|p2a: Snorlax|457\/523 slp
|-curestatus|p2a: Snorlax|slp
|
|turn|71
|choice|move 4|move 4
|
|move|p1a: Chansey|Thunder Wave|p2a: Snorlax
|-status|p2a: Snorlax|par
|cant|p2a: Snorlax|par
|
|turn|72
|choice|move 2|move 4
|
|move|p1a: Chansey|Thunderbolt|p2a: Snorlax
|-damage|p2a: Snorlax|425\/523 par
|move|p2a: Snorlax|Amnesia|p2a: Snorlax
|-boost|p2a: Snorlax|spd|2
|-boost|p2a: Snorlax|spa|2
|
|turn|73
|choice|move 2|move 3
|
|move|p1a: Chansey|Thunderbolt|p2a: Snorlax
|-damage|p2a: Snorlax|398\/523 par
|move|p2a: Snorlax|Surf|p1a: Chansey
|-damage|p1a: Chansey|330\/703
|
|turn|74
|choice|move 3|move 3
|
|move|p1a: Chansey|Soft-Boiled|p1a: Chansey
|-heal|p1a: Chansey|681\/703
|cant|p2a: Snorlax|par
|
|turn|75
|c|★LibertarianMaster|thats gonna take a while... ;)
|choice|move 2|move 3
|
|move|p1a: Chansey|Thunderbolt|p2a: Snorlax
|-damage|p2a: Snorlax|372\/523 par
|move|p2a: Snorlax|Surf|p1a: Chansey
|-damage|p1a: Chansey|459\/703
|
|turn|76
|choice|move 2|move 3
|
|move|p1a: Chansey|Thunderbolt|p2a: Snorlax
|-damage|p2a: Snorlax|345\/523 par
|move|p2a: Snorlax|Surf|p1a: Chansey
|-damage|p1a: Chansey|248\/703
|
|turn|77
|choice|move 3|move 2
|
|move|p1a: Chansey|Soft-Boiled|p1a: Chansey
|-heal|p1a: Chansey|599\/703
|move|p2a: Snorlax|Hyper Beam|p1a: Chansey
|-damage|p1a: Chansey|103\/703
|
|turn|78
|-mustrecharge|p2a: Snorlax
|-mustrecharge|p2a: Snorlax
|choice|move 3|move 1
|
|move|p1a: Chansey|Soft-Boiled|p1a: Chansey
|-heal|p1a: Chansey|454\/703
|cant|p2a: Snorlax|recharge
|
|turn|79
|choice|move 3|move 1
|
|move|p1a: Chansey|Soft-Boiled|p1a: Chansey
|-heal|p1a: Chansey|703\/703
|move|p2a: Snorlax|Rest|p2a: Snorlax
|-status|p2a: Snorlax|slp
|-heal|p2a: Snorlax|523\/523 slp|[silent]
|-status|p2a: Snorlax|slp|[from] move: Rest
|
|turn|80
|choice|move 2|move 3
|
|move|p1a: Chansey|Thunderbolt|p2a: Snorlax
|-damage|p2a: Snorlax|496\/523 slp
|cant|p2a: Snorlax|slp
|
|turn|81
|choice|move 2|move 3
|
|move|p1a: Chansey|Thunderbolt|p2a: Snorlax
|-damage|p2a: Snorlax|472\/523 slp
|-curestatus|p2a: Snorlax|slp
|
|turn|82
|choice|move 1|move 3
|
|move|p1a: Chansey|Ice Beam|p2a: Snorlax
|-damage|p2a: Snorlax|445\/523
|-status|p2a: Snorlax|frz
|cant|p2a: Snorlax|frz
|
|turn|83
|c|★LibertarianMaster|yes!
|c|★LibertarianMaster|:D :D :D
|choice|move 1|move 3
|
|move|p1a: Chansey|Ice Beam|p2a: Snorlax
|-damage|p2a: Snorlax|419\/523 frz
|cant|p2a: Snorlax|frz
|
|turn|84
|choice|move 1|move 3
|
|move|p1a: Chansey|Ice Beam|p2a: Snorlax
|-damage|p2a: Snorlax|395\/523 frz
|cant|p2a: Snorlax|frz
|
|turn|85
|c|★LibertarianMaster|vchanging tactics was worth it
|choice|move 1|move 2
|
|move|p1a: Chansey|Ice Beam|p2a: Snorlax
|-damage|p2a: Snorlax|371\/523 frz
|cant|p2a: Snorlax|frz
|
|turn|86
|choice|move 1|move 2
|
|move|p1a: Chansey|Ice Beam|p2a: Snorlax
|-damage|p2a: Snorlax|347\/523 frz
|cant|p2a: Snorlax|frz
|
|turn|87
|choice|move 1|move 1
|
|move|p1a: Chansey|Ice Beam|p2a: Snorlax
|-damage|p2a: Snorlax|324\/523 frz
|cant|p2a: Snorlax|frz
|
|turn|88
|choice|move 1|move 1
|
|move|p1a: Chansey|Ice Beam|p2a: Snorlax
|-damage|p2a: Snorlax|300\/523 frz
|cant|p2a: Snorlax|frz
|
|turn|89
|c|★LibertarianMaster|FYI theres no thawing out in gen1
|choice|move 1|move 1
|
|move|p1a: Chansey|Ice Beam|p2a: Snorlax
|-damage|p2a: Snorlax|274\/523 frz
|cant|p2a: Snorlax|frz
|
|turn|90
|choice|move 1|move 1
|
|move|p1a: Chansey|Ice Beam|p2a: Snorlax
|-damage|p2a: Snorlax|247\/523 frz
|cant|p2a: Snorlax|frz
|
|turn|91
|choice|move 1|move 1
|
|move|p1a: Chansey|Ice Beam|p2a: Snorlax
|-damage|p2a: Snorlax|222\/523 frz
|cant|p2a: Snorlax|frz
|
|turn|92
|choice|move 1|move 1
|
|move|p1a: Chansey|Ice Beam|p2a: Snorlax
|-damage|p2a: Snorlax|195\/523 frz
|cant|p2a: Snorlax|frz
|
|turn|93
|choice|move 1|move 1
|
|move|p1a: Chansey|Ice Beam|p2a: Snorlax
|-damage|p2a: Snorlax|168\/523 frz
|cant|p2a: Snorlax|frz
|
|turn|94
|choice|move 1|move 1
|
|move|p1a: Chansey|Ice Beam|p2a: Snorlax
|-damage|p2a: Snorlax|143\/523 frz
|cant|p2a: Snorlax|frz
|
|turn|95
|choice|move 2|move 1
|
|move|p1a: Chansey|Thunderbolt|p2a: Snorlax
|-damage|p2a: Snorlax|119\/523 frz
|cant|p2a: Snorlax|frz
|
|turn|96
|choice|move 2|move 1
|
|move|p1a: Chansey|Thunderbolt|p2a: Snorlax
|-damage|p2a: Snorlax|94\/523 frz
|cant|p2a: Snorlax|frz
|
|turn|97
|choice|move 2|move 1
|
|move|p1a: Chansey|Thunderbolt|p2a: Snorlax
|-damage|p2a: Snorlax|69\/523 frz
|cant|p2a: Snorlax|frz
|
|turn|98
|choice|move 2|move 1
|
|move|p1a: Chansey|Thunderbolt|p2a: Snorlax
|-damage|p2a: Snorlax|45\/523 frz
|cant|p2a: Snorlax|frz
|
|turn|99
|choice|move 2|move 1
|
|move|p1a: Chansey|Thunderbolt|p2a: Snorlax
|-damage|p2a: Snorlax|18\/523 frz
|cant|p2a: Snorlax|frz
|
|turn|100
|c|★LibertarianMaster|gg
|choice|move 2|move 1
|
|move|p1a: Chansey|Thunderbolt|p2a: Snorlax
|-damage|p2a: Snorlax|0 fnt
|faint|p2a: Snorlax
|
|win|LibertarianMaster
|player|p1
|player|p2