|j|samusco
|j|Earth Wrecker
|player|p1|samusco|258
|player|p2|Earth Wrecker|269
|gametype|singles
|gen|1
|tier|[Gen 1] OU
|rated
|seed|57981,45033,35437,31035
|rule|Sleep Clause Mod: Limit one foe put to sleep
|rule|Freeze Clause Mod: Limit one foe frozen
|rule|Species Clause: Limit one of each Pokémon
|rule|OHKO Clause: OHKO moves are banned
|rule|Evasion Moves Clause: Evasion moves are banned
|rule|HP Percentage Mod: HP is shown in percentages
|
|start
|switch|p1a: Jynx|Jynx|333\/333
|switch|p2a: Jolteon|Jolteon|333\/333
|turn|1
|choice|switch 6|switch 4
|
|switch|p2a: Gyarados|Gyarados|393\/393
|switch|p1a: Golem|Golem|363\/363
|
|turn|2
|choice|switch 3|move 1
|
|switch|p1a: Exeggutor|Exeggutor|393\/393
|move|p2a: Gyarados|Surf|p1a: Exeggutor
|-crit|p1a: Exeggutor
|-resisted|p1a: Exeggutor
|-damage|p1a: Exeggutor|295\/393
|
|turn|3
|choice|move 4|switch 5
|
|switch|p2a: Rhydon|Rhydon|413\/413
|move|p1a: Exeggutor|Sleep Powder|p2a: Rhydon
|-status|p2a: Rhydon|slp
|
|turn|4
|choice|move 1|switch 2
|
|switch|p2a: Venusaur|Venusaur|363\/363
|move|p1a: Exeggutor|Mega Drain|p2a: Venusaur
|-resisted|p2a: Venusaur
|-damage|p2a: Venusaur|350\/363
|-heal|p1a: Exeggutor|301\/393|[from] drain|[of] p2a: Venusaur
|
|turn|5
|choice|move 3|move 4
|
|move|p2a: Venusaur|Sleep Powder|p1a: Exeggutor
|-status|p1a: Exeggutor|slp
|cant|p1a: Exeggutor|slp
|
|turn|6
|choice|switch 6|move 1
|
|switch|p1a: Jynx|Jynx|333\/333
|move|p2a: Venusaur|Swords Dance|p2a: Venusaur
|-boost|p2a: Venusaur|atk|2
|
|turn|7
|choice|move 1|move 3
|
|move|p1a: Jynx|Blizzard|p2a: Venusaur
|-supereffective|p2a: Venusaur
|-damage|p2a: Venusaur|92\/363
|move|p2a: Venusaur|Body Slam|p1a: Jynx
|-damage|p1a: Jynx|125\/333
|
|turn|8
|choice|move 1|switch 6
|
|switch|p2a: Arcanine|Arcanine|383\/383
|move|p1a: Jynx|Blizzard|p2a: Arcanine
|-damage|p2a: Arcanine|230\/383
|
|turn|9
|choice|move 4|move 1
|
|move|p1a: Jynx|Lovely Kiss|p2a: Arcanine
|-message|Sleep Clause Mod activated.
|move|p2a: Arcanine|Fire Blast|p1a: Jynx
|-supereffective|p1a: Jynx
|-damage|p1a: Jynx|0 fnt
|faint|p1a: Jynx
|choice|switch 3|
|
|switch|p1a: Golem|Golem|363\/363
|turn|10
|choice|move 1|switch 6
|
|switch|p2a: Venusaur|Venusaur|92\/363
|move|p1a: Golem|Earthquake|p2a: Venusaur
|-damage|p2a: Venusaur|0 fnt
|faint|p2a: Venusaur
|choice||switch 3
|
|switch|p2a: Alakazam|Alakazam|313\/313
|turn|11
|choice|switch 6|move 3
|
|switch|p1a: Exeggutor|Exeggutor|301\/393 slp
|move|p2a: Alakazam|Reflect|p2a: Alakazam
|-start|p2a: Alakazam|Reflect
|
|turn|12
|choice|move 2|switch 6
|
|switch|p2a: Arcanine|Arcanine|230\/383
|-curestatus|p1a: Exeggutor|slp
|
|turn|13
|choice|switch 6|move 1
|
|switch|p1a: Golem|Golem|363\/363
|move|p2a: Arcanine|Fire Blast|p1a: Golem
|-resisted|p1a: Golem
|-damage|p1a: Golem|281\/363
|-status|p1a: Golem|brn
|
|turn|14
|choice|move 1|switch 5
|
|switch|p2a: Gyarados|Gyarados|393\/393
|move|p1a: Golem|Earthquake|p2a: Gyarados
|-immune|p2a: Gyarados|[msg]
|-damage|p1a: Golem|259\/363 brn|[from] brn|[of] p2a: Gyarados
|
|turn|15
|choice|switch 6|move 3
|
|switch|p1a: Exeggutor|Exeggutor|301\/393
|move|p2a: Gyarados|Body Slam|p1a: Exeggutor
|-damage|p1a: Exeggutor|215\/393
|-status|p1a: Exeggutor|par
|
|turn|16
|choice|move 3|switch 6
|
|switch|p2a: Alakazam|Alakazam|313\/313
|move|p1a: Exeggutor|Toxic|p2a: Alakazam|[miss]
|-miss|p1a: Exeggutor
|
|turn|17
|choice|move 3|move 3
|
|move|p2a: Alakazam|Reflect|p2a: Alakazam
|-start|p2a: Alakazam|Reflect
|cant|p1a: Exeggutor|par
|
|turn|18
|choice|move 3|move 1
|
|move|p2a: Alakazam|Psychic|p1a: Exeggutor
|-resisted|p1a: Exeggutor
|-damage|p1a: Exeggutor|160\/393 par
|-unboost|p1a: Exeggutor|spd|1
|-unboost|p1a: Exeggutor|spa|1
|cant|p1a: Exeggutor|par
|
|turn|19
|choice|move 3|move 1
|
|move|p2a: Alakazam|Psychic|p1a: Exeggutor
|-resisted|p1a: Exeggutor
|-damage|p1a: Exeggutor|76\/393 par
|cant|p1a: Exeggutor|par
|
|turn|20
|choice|move 3|move 1
|
|move|p2a: Alakazam|Psychic|p1a: Exeggutor
|-resisted|p1a: Exeggutor
|-damage|p1a: Exeggutor|0 fnt
|faint|p1a: Exeggutor
|choice|switch 5|
|
|switch|p1a: Electrode|Electrode|323\/323
|turn|21
|choice|switch 4|switch 2
|
|switch|p1a: Tauros|Tauros|353\/353
|switch|p2a: Rhydon|Rhydon|413\/413 slp
|
|turn|22
|j|Nikolaevich
|choice|move 1|switch 6
|
|switch|p2a: Gyarados|Gyarados|393\/393
|move|p1a: Tauros|Blizzard|p2a: Gyarados
|-crit|p2a: Gyarados
|-damage|p2a: Gyarados|250\/393
|
|turn|23
|choice|move 3|move 1
|
|move|p1a: Tauros|Body Slam|p2a: Gyarados
|-damage|p2a: Gyarados|129\/393
|move|p2a: Gyarados|Surf|p1a: Tauros
|-damage|p1a: Tauros|202\/353
|
|turn|24
|choice|move 4|switch 6
|
|switch|p2a: Rhydon|Rhydon|413\/413 slp
|move|p1a: Tauros|Hyper Beam|p2a: Rhydon
|-resisted|p2a: Rhydon
|-damage|p2a: Rhydon|341\/413 slp
|
|turn|25
|-mustrecharge|p1a: Tauros
|-mustrecharge|p1a: Tauros
|choice|move 1|move 2
|
|cant|p1a: Tauros|recharge
|cant|p2a: Rhydon|slp
|
|turn|26
|choice|move 1|move 2
|
|move|p1a: Tauros|Blizzard|p2a: Rhydon
|-supereffective|p2a: Rhydon
|-damage|p2a: Rhydon|105\/413 slp
|cant|p2a: Rhydon|slp
|
|turn|27
|j|Muzgrob
|choice|move 1|move 1
|
|move|p1a: Tauros|Blizzard|p2a: Rhydon
|-supereffective|p2a: Rhydon
|-damage|p2a: Rhydon|0 fnt
|faint|p2a: Rhydon
|choice||switch 2
|
|switch|p2a: Alakazam|Alakazam|313\/313
|turn|28
|choice|move 3|move 3
|
|move|p2a: Alakazam|Reflect|p2a: Alakazam
|-start|p2a: Alakazam|Reflect
|move|p1a: Tauros|Body Slam|p2a: Alakazam
|-crit|p2a: Alakazam
|-damage|p2a: Alakazam|11\/313
|
|turn|29
|choice|move 4|move 2
|
|move|p2a: Alakazam|Recover|p2a: Alakazam
|-heal|p2a: Alakazam|167\/313
|move|p1a: Tauros|Hyper Beam|p2a: Alakazam
|-damage|p2a: Alakazam|23\/313
|
|turn|30
|-mustrecharge|p1a: Tauros
|-mustrecharge|p1a: Tauros
|choice|move 1|move 1
|
|move|p2a: Alakazam|Psychic|p1a: Tauros
|-damage|p1a: Tauros|48\/353
|-unboost|p1a: Tauros|spd|1
|-unboost|p1a: Tauros|spa|1
|cant|p1a: Tauros|recharge
|
|turn|31
|choice|move 4|move 1
|
|move|p2a: Alakazam|Psychic|p1a: Tauros
|-crit|p1a: Tauros
|-damage|p1a: Tauros|0 fnt
|faint|p1a: Tauros
|choice|switch 4|
|
|switch|p1a: Electrode|Electrode|323\/323
|turn|32
|choice|move 2|switch 4
|
|switch|p2a: Jolteon|Jolteon|333\/333
|move|p1a: Electrode|Thunderbolt|p2a: Jolteon
|-resisted|p2a: Jolteon
|-damage|p2a: Jolteon|289\/333
|
|turn|33
|choice|move 1|move 4
|
|move|p1a: Electrode|Thunder Wave|p2a: Jolteon
|-status|p2a: Jolteon|par
|cant|p2a: Jolteon|par
|
|turn|34
|choice|switch 6|move 4
|
|switch|p1a: Golem|Golem|259\/363 brn
|-damage|p1a: Golem|237\/363 brn|[from] brn
|move|p2a: Jolteon|Sand Attack|p1a: Golem
|-unboost|p1a: Golem|accuracy|1
|
|turn|35
|choice|move 2|switch 4
|
|switch|p2a: Alakazam|Alakazam|23\/313
|move|p1a: Golem|Rock Slide|p2a: Alakazam|[miss]
|-miss|p1a: Golem
|-damage|p1a: Golem|215\/363 brn|[from] brn|[of] p2a: Alakazam
|
|turn|36
|choice|move 2|move 2
|
|move|p2a: Alakazam|Recover|p2a: Alakazam
|-heal|p2a: Alakazam|179\/313
|move|p1a: Golem|Rock Slide|p2a: Alakazam
|-damage|p2a: Alakazam|142\/313
|-damage|p1a: Golem|193\/363 brn|[from] brn|[of] p2a: Alakazam
|
|turn|37
|choice|switch 6|move 2
|
|switch|p1a: Electrode|Electrode|323\/323
|move|p2a: Alakazam|Recover|p2a: Alakazam
|-heal|p2a: Alakazam|298\/313
|
|turn|38
|choice|move 1|switch 4
|
|switch|p2a: Jolteon|Jolteon|289\/333 par
|move|p1a: Electrode|Thunder Wave|p2a: Jolteon
|-fail|p2a: Jolteon|par
|
|turn|39
|choice|switch 6|move 4
|
|switch|p1a: Golem|Golem|193\/363 brn
|-damage|p1a: Golem|171\/363 brn|[from] brn
|cant|p2a: Jolteon|par
|
|turn|40
|choice|move 1|move 4
|
|move|p1a: Golem|Earthquake|p2a: Jolteon
|-supereffective|p2a: Jolteon
|-damage|p2a: Jolteon|107\/333 par
|-damage|p1a: Golem|149\/363 brn|[from] brn|[of] p2a: Jolteon
|move|p2a: Jolteon|Sand Attack|p1a: Golem
|-unboost|p1a: Golem|accuracy|1
|
|turn|41
|choice|move 2|switch 6
|
|switch|p2a: Gyarados|Gyarados|129\/393
|move|p1a: Golem|Rock Slide|p2a: Gyarados
|-supereffective|p2a: Gyarados
|-damage|p2a: Gyarados|74\/393
|-damage|p1a: Golem|127\/363 brn|[from] brn|[of] p2a: Gyarados
|
|turn|42
|choice|switch 2|move 1
|
|switch|p1a: Gengar|Gengar|323\/323
|move|p2a: Gyarados|Surf|p1a: Gengar
|-damage|p1a: Gengar|231\/323
|
|turn|43
|l|Nikolaevich
|choice|move 4|switch 5
|
|switch|p2a: Arcanine|Arcanine|230\/383
|move|p1a: Gengar|Night Shade|p2a: Arcanine
|-damage|p2a: Arcanine|130\/383
|
|turn|44
|choice|switch 2|move 1
|
|switch|p1a: Golem|Golem|127\/363 brn
|-damage|p1a: Golem|105\/363 brn|[from] brn
|move|p2a: Arcanine|Fire Blast|p1a: Golem|[miss]
|-miss|p2a: Arcanine
|
|turn|45
|choice|move 3|switch 4
|
|switch|p2a: Alakazam|Alakazam|298\/313
|move|p1a: Golem|Hyper Beam|p2a: Alakazam
|-damage|p2a: Alakazam|200\/313
|-damage|p1a: Golem|83\/363 brn|[from] brn|[of] p2a: Alakazam
|
|turn|46
|-mustrecharge|p1a: Golem
|-mustrecharge|p1a: Golem
|choice|move 1|move 3
|
|move|p2a: Alakazam|Reflect|p2a: Alakazam
|-start|p2a: Alakazam|Reflect
|cant|p1a: Golem|recharge
|-damage|p1a: Golem|61\/363 brn|[from] brn|[of] p2a: Alakazam
|
|turn|47
|choice|move 4|move 4
|
|move|p2a: Alakazam|Thunder Wave|p1a: Golem
|-immune|p1a: Golem|[msg]
|move|p1a: Golem|Explosion|p2a: Alakazam
|-damage|p2a: Alakazam|96\/313
|faint|p1a: Golem
|choice|switch 2|
|
|switch|p1a: Gengar|Gengar|231\/323
|turn|48
|choice|move 4|move 1
|
|move|p2a: Alakazam|Psychic|p1a: Gengar
|-supereffective|p1a: Gengar
|-damage|p1a: Gengar|11\/323
|move|p1a: Gengar|Night Shade|p2a: Alakazam
|-damage|p2a: Alakazam|0 fnt
|faint|p2a: Alakazam
|choice||switch 4
|
|switch|p2a: Arcanine|Arcanine|130\/383
|turn|49
|choice|move 3|move 1
|
|move|p1a: Gengar|Explosion|p2a: Arcanine
|-crit|p2a: Arcanine
|-damage|p2a: Arcanine|0 fnt
|faint|p2a: Arcanine
|faint|p1a: Gengar
|choice|switch 6|switch 6
|
|switch|p1a: Electrode|Electrode|323\/323
|switch|p2a: Jolteon|Jolteon|107\/333 par
|turn|50
|choice|move 3|move 2
|
|move|p1a: Electrode|Light Screen|p1a: Electrode
|-start|p1a: Electrode|Light Screen
|move|p2a: Jolteon|Thunder Wave|p1a: Electrode
|-status|p1a: Electrode|par
|
|turn|51
|choice|move 2|move 4
|
|move|p1a: Electrode|Thunderbolt|p2a: Jolteon
|-resisted|p2a: Jolteon
|-damage|p2a: Jolteon|66\/333 par
|move|p2a: Jolteon|Sand Attack|p1a: Electrode
|-unboost|p1a: Electrode|accuracy|1
|
|turn|52
|choice|move 2|move 4
|
|move|p2a: Jolteon|Sand Attack|p1a: Electrode
|-unboost|p1a: Electrode|accuracy|1
|move|p1a: Electrode|Thunderbolt|p2a: Jolteon
|-resisted|p2a: Jolteon
|-damage|p2a: Jolteon|23\/333 par
|
|turn|53
|choice|move 2|move 4
|
|move|p2a: Jolteon|Sand Attack|p1a: Electrode
|-unboost|p1a: Electrode|accuracy|1
|cant|p1a: Electrode|par
|
|turn|54
|choice|move 2|move 1
|
|cant|p2a: Jolteon|par
|move|p1a: Electrode|Thunderbolt|p2a: Jolteon|[miss]
|-miss|p1a: Electrode
|
|turn|55
|choice|move 2|move 1
|
|move|p2a: Jolteon|Thunderbolt|p1a: Electrode
|-resisted|p1a: Electrode
|-damage|p1a: Electrode|288\/323 par
|cant|p1a: Electrode|par
|
|turn|56
|choice|move 2|move 1
|
|move|p2a: Jolteon|Thunderbolt|p1a: Electrode
|-resisted|p1a: Electrode
|-damage|p1a: Electrode|255\/323 par
|cant|p1a: Electrode|par
|
|turn|57
|choice|move 2|move 1
|
|move|p2a: Jolteon|Thunderbolt|p1a: Electrode
|-crit|p1a: Electrode
|-resisted|p1a: Electrode
|-damage|p1a: Electrode|121\/323 par
|move|p1a: Electrode|Thunderbolt|p2a: Jolteon
|-resisted|p2a: Jolteon
|-damage|p2a: Jolteon|0 fnt
|faint|p2a: Jolteon
|choice||switch 5
|
|switch|p2a: Gyarados|Gyarados|74\/393
|turn|58
|choice|move 2|move 3
|
|move|p2a: Gyarados|Body Slam|p1a: Electrode
|-damage|p1a: Electrode|25\/323 par
|move|p1a: Electrode|Thunderbolt|p2a: Gyarados|[miss]
|-miss|p1a: Electrode
|
|turn|59
|choice|move 2|move 3
|
|move|p2a: Gyarados|Body Slam|p1a: Electrode
|-damage|p1a: Electrode|0 fnt
|faint|p1a: Electrode
|
|win|Earth Wrecker
|player|p1
|player|p2
|raw|samusco's rating: 1059 &rarr; <strong>1045<\/strong><br \/>(-14 for losing)
|raw|Earth Wrecker's rating: 1159 &rarr; <strong>1177<\/strong><br \/>(+18 for winning)
|c|★Earth Wrecker|gg