|j|Forceman81
|j|Pr0n Snow
|player|p1|Forceman81|263
|player|p2|Pr0n Snow|96
|gametype|singles
|gen|1
|tier|[Gen 1] OU
|seed|
|rule|Sleep Clause Mod: Limit one foe put to sleep
|rule|Freeze Clause Mod: Limit one foe frozen
|rule|Species Clause: Limit one of each Pokémon
|rule|OHKO Clause: OHKO moves are banned
|rule|Evasion Moves Clause: Evasion moves are banned
|rule|HP Percentage Mod: HP is shown in percentages
|
|start
|switch|p1a: Clefable|Clefable|100\/100
|switch|p2a: Jynx|Jynx|100\/100
|turn|1
|choice||
|
|move|p2a: Jynx|Metronome|p2a: Jynx
|move|p2a: Jynx|Rolling Kick|p1a: Clefable|[from]Metronome
|-crit|p1a: Clefable
|-supereffective|p1a: Clefable
|-damage|p1a: Clefable|65\/100
|cant|p1a: Clefable|flinch
|
|turn|2
|c|★Forceman81|Noice
|choice||
|
|move|p2a: Jynx|Metronome|p2a: Jynx
|move|p2a: Jynx|Roar|p1a: Clefable|[from]Metronome
|move|p1a: Clefable|Metronome|p1a: Clefable
|move|p1a: Clefable|High Jump Kick|p2a: Jynx|[from]Metronome
|-damage|p2a: Jynx|73\/100
|
|turn|3
|choice||
|
|move|p2a: Jynx|Metronome|p2a: Jynx
|move|p2a: Jynx|Swords Dance|p2a: Jynx|[from]Metronome
|-boost|p2a: Jynx|atk|2
|move|p1a: Clefable|Metronome|p1a: Clefable
|move|p1a: Clefable|Double Slap|p2a: Jynx|[from]Metronome
|-damage|p2a: Jynx|65\/100
|-damage|p2a: Jynx|57\/100
|-damage|p2a: Jynx|49\/100
|-hitcount|p2a: Jynx|3
|
|turn|4
|choice||
|
|move|p2a: Jynx|Metronome|p2a: Jynx
|move|p2a: Jynx|Night Shade|p1a: Clefable|[from]Metronome
|-damage|p1a: Clefable|40\/100
|move|p1a: Clefable|Metronome|p1a: Clefable
|move|p1a: Clefable|String Shot|p2a: Jynx|[from]Metronome
|-unboost|p2a: Jynx|spe|1
|
|turn|5
|choice||
|
|move|p1a: Clefable|Metronome|p1a: Clefable
|move|p1a: Clefable|Wing Attack|p2a: Jynx|[from]Metronome
|-damage|p2a: Jynx|37\/100
|move|p2a: Jynx|Metronome|p2a: Jynx
|move|p2a: Jynx|Razor Wind|p1a: Clefable|[still]|[from]Metronome
|-prepare|p2a: Jynx|Razor Wind|p1a: Clefable
|
|turn|6
|choice||
|
|move|p1a: Clefable|Metronome|p1a: Clefable
|move|p1a: Clefable|Amnesia|p1a: Clefable|[from]Metronome
|-boost|p1a: Clefable|spd|2
|-boost|p1a: Clefable|spa|2
|move|p2a: Jynx|Razor Wind|p1a: Clefable|[from]Razor Wind
|-damage|p1a: Clefable|12\/100
|
|turn|7
|choice||
|
|move|p1a: Clefable|Metronome|p1a: Clefable
|move|p1a: Clefable|Twineedle|p2a: Jynx|[from]Metronome
|-supereffective|p2a: Jynx
|-damage|p2a: Jynx|19\/100
|-damage|p2a: Jynx|0 fnt
|-hitcount|p2a: Jynx|2
|faint|p2a: Jynx
|choice||
|
|switch|p2a: Alakazam|Alakazam|100\/100
|turn|8
|c|★Forceman81|That may have been the most effective Gen 1 use of Twineedle ever
|choice||
|
|move|p2a: Alakazam|Metronome|p2a: Alakazam
|move|p2a: Alakazam|Ice Beam|p1a: Clefable|[from]Metronome
|-crit|p1a: Clefable
|-damage|p1a: Clefable|0 fnt
|faint|p1a: Clefable
|c|★Pr0n Snow|ikr
|choice||
|
|switch|p1a: Alakazam|Alakazam|100\/100
|turn|9
|choice||
|
|move|p2a: Alakazam|Metronome|p2a: Alakazam
|move|p2a: Alakazam|Growth|p2a: Alakazam|[from]Metronome
|-boost|p2a: Alakazam|spa|1
|-boost|p2a: Alakazam|spd|1
|move|p1a: Alakazam|Metronome|p1a: Alakazam
|move|p1a: Alakazam|Defense Curl|p1a: Alakazam|[from]Metronome
|-boost|p1a: Alakazam|def|1
|
|turn|10
|choice||
|
|move|p2a: Alakazam|Metronome|p2a: Alakazam
|move|p2a: Alakazam|Screech|p1a: Alakazam|[from]Metronome
|-unboost|p1a: Alakazam|def|2
|move|p1a: Alakazam|Metronome|p1a: Alakazam
|move|p1a: Alakazam|Growl|p2a: Alakazam|[from]Metronome
|-unboost|p2a: Alakazam|atk|1
|
|turn|11
|choice||
|
|move|p1a: Alakazam|Metronome|p1a: Alakazam
|move|p1a: Alakazam|Thunderbolt|p2a: Alakazam|[from]Metronome
|-damage|p2a: Alakazam|84\/100
|move|p2a: Alakazam|Metronome|p2a: Alakazam
|move|p2a: Alakazam|Drill Peck|p1a: Alakazam|[from]Metronome
|-damage|p1a: Alakazam|79\/100
|
|turn|12
|choice||
|
|move|p1a: Alakazam|Metronome|p1a: Alakazam
|move|p1a: Alakazam|Horn Drill|p2a: Alakazam|[from]Metronome|[miss]
|-miss|p1a: Alakazam
|move|p2a: Alakazam|Metronome|p2a: Alakazam
|move|p2a: Alakazam|Psywave|p1a: Alakazam|[from]Metronome
|-damage|p1a: Alakazam|55\/100
|
|turn|13
|choice||
|
|move|p2a: Alakazam|Metronome|p2a: Alakazam
|move|p2a: Alakazam|Fury Swipes|p1a: Alakazam|[from]Metronome|[miss]
|-miss|p2a: Alakazam
|move|p1a: Alakazam|Metronome|p1a: Alakazam
|move|p1a: Alakazam|Conversion|p2a: Alakazam|[from]Metronome
|-start|p1a: Alakazam|typechange|Psychic|[from] move: Conversion|[of] p2a: Alakazam
|-start|p2a: Alakazam|typechange|Normal
|
|turn|14
|c|★Forceman81|o_O
|choice||
|
|move|p1a: Alakazam|Metronome|p1a: Alakazam
|move|p1a: Alakazam|High Jump Kick|p2a: Alakazam|[from]Metronome|[miss]
|-miss|p1a: Alakazam
|-damage|p1a: Alakazam|54\/100
|move|p2a: Alakazam|Metronome|p2a: Alakazam
|move|p2a: Alakazam|Vine Whip|p1a: Alakazam|[from]Metronome
|-damage|p1a: Alakazam|41\/100
|
|turn|15
|c|★Pr0n Snow|if that hjk hit...
|c|★Forceman81|damn that would have been an epic combo without that hit
|c|★Forceman81|*miss
|choice||
|
|move|p2a: Alakazam|Metronome|p2a: Alakazam
|move|p2a: Alakazam|Explosion|p1a: Alakazam|[from]Metronome
|-damage|p1a: Alakazam|0 fnt
|faint|p1a: Alakazam
|faint|p2a: Alakazam
|c|★Forceman81|Rip
|c|★Pr0n Snow|i knew that would happen eventually
|choice||
|
|switch|p2a: Gengar|Gengar|100\/100
|switch|p1a: Snorlax|Snorlax|100\/100
|turn|16
|choice||
|
|move|p2a: Gengar|Metronome|p2a: Gengar
|move|p2a: Gengar|String Shot|p1a: Snorlax|[from]Metronome
|-unboost|p1a: Snorlax|spe|1
|move|p1a: Snorlax|Metronome|p1a: Snorlax
|move|p1a: Snorlax|Bone Club|p2a: Gengar|[from]Metronome|[miss]
|-miss|p1a: Snorlax
|
|turn|17
|choice||
|
|move|p2a: Gengar|Metronome|p2a: Gengar
|move|p2a: Gengar|Bubble|p1a: Snorlax|[from]Metronome
|-damage|p1a: Snorlax|96\/100
|move|p1a: Snorlax|Metronome|p1a: Snorlax
|move|p1a: Snorlax|Leech Life|p2a: Gengar|[from]Metronome
|-damage|p2a: Gengar|93\/100
|-heal|p1a: Snorlax|98\/100|[from] drain|[of] p2a: Gengar
|
|turn|18
|c|★Pr0n Snow|damn
|choice||
|
|move|p2a: Gengar|Metronome|p2a: Gengar
|move|p2a: Gengar|Fury Attack|p1a: Snorlax|[from]Metronome
|-damage|p1a: Snorlax|96\/100
|-damage|p1a: Snorlax|93\/100
|-damage|p1a: Snorlax|91\/100
|-damage|p1a: Snorlax|89\/100
|-damage|p1a: Snorlax|87\/100
|-hitcount|p1a: Snorlax|5
|move|p1a: Snorlax|Metronome|p1a: Snorlax
|move|p1a: Snorlax|Fly|p2a: Gengar|[still]|[from]Metronome
|-prepare|p1a: Snorlax|Fly|p2a: Gengar
|
|turn|19
|choice||
|
|switch|p2a: Golem|Golem|100\/100
|move|p1a: Snorlax|Fly|p2a: Golem|[from]Fly
|-resisted|p2a: Golem
|-damage|p2a: Golem|94\/100
|
|turn|20
|choice||
|
|move|p2a: Golem|Metronome|p2a: Golem
|move|p2a: Golem|Strength|p1a: Snorlax|[from]Metronome
|-damage|p1a: Snorlax|71\/100
|move|p1a: Snorlax|Metronome|p1a: Snorlax
|move|p1a: Snorlax|Rest|p1a: Snorlax|[from]Metronome
|-status|p1a: Snorlax|slp
|-heal|p1a: Snorlax|100\/100 slp|[silent]
|-status|p1a: Snorlax|slp|[from] move: Rest
|
|turn|21
|c|★Forceman81|Well that's fitting
|choice||
|
|move|p2a: Golem|Metronome|p2a: Golem
|move|p2a: Golem|Smog|p1a: Snorlax|[from]Metronome
|-damage|p1a: Snorlax|96\/100 slp
|cant|p1a: Snorlax|slp
|
|turn|22
|choice||
|
|move|p2a: Golem|Metronome|p2a: Golem
|move|p2a: Golem|Confusion|p1a: Snorlax|[from]Metronome
|-damage|p1a: Snorlax|89\/100 slp
|-curestatus|p1a: Snorlax|slp
|
|turn|23
|choice||
|
|switch|p2a: Gengar|Gengar|93\/100
|move|p1a: Snorlax|Metronome|p1a: Snorlax
|move|p1a: Snorlax|Flash|p2a: Gengar|[from]Metronome|[miss]
|-miss|p1a: Snorlax
|
|turn|24
|c|★Forceman81|256
|c|★Forceman81|I swear this RNG
|c|★Pr0n Snow|no
|choice||
|
|move|p2a: Gengar|Metronome|p2a: Gengar
|move|p2a: Gengar|Dream Eater|p1a: Snorlax|[from]Metronome
|-immune|p1a: Snorlax|[msg]
|move|p1a: Snorlax|Metronome|p1a: Snorlax
|move|p1a: Snorlax|Poison Sting|p2a: Gengar|[from]Metronome
|-resisted|p2a: Gengar
|-damage|p2a: Gengar|92\/100
|
|turn|25
|c|★Pr0n Snow|flash has 70 acc
|c|★Forceman81|Oh really?
|c|★Pr0n Snow|yea
|choice||
|
|move|p2a: Gengar|Metronome|p2a: Gengar
|move|p2a: Gengar|Tackle|p1a: Snorlax|[from]Metronome
|-crit|p1a: Snorlax
|-damage|p1a: Snorlax|79\/100
|move|p1a: Snorlax|Metronome|p1a: Snorlax
|move|p1a: Snorlax|Withdraw|p1a: Snorlax|[from]Metronome
|-boost|p1a: Snorlax|def|1
|
|turn|26
|c|★Forceman81|Ah, some moves don't seem to display correctly in this Gen then
|c|★Forceman81|Unless I'm blind
|choice||
|
|move|p2a: Gengar|Metronome|p2a: Gengar
|move|p2a: Gengar|Sing|p1a: Snorlax|[from]Metronome
|-status|p1a: Snorlax|slp
|cant|p1a: Snorlax|slp
|
|turn|27
|c|★Pr0n Snow|...snorlax is going to set up on me isn't it
|choice||
|
|move|p2a: Gengar|Metronome|p2a: Gengar
|move|p2a: Gengar|Stun Spore|p1a: Snorlax|[from]Metronome
|-fail|p1a: Snorlax
|cant|p1a: Snorlax|slp
|
|turn|28
|c|★Pr0n Snow|blinded by flash
|choice||
|
|move|p2a: Gengar|Metronome|p2a: Gengar
|move|p2a: Gengar|Disable|p1a: Snorlax|[from]Metronome|[miss]
|-miss|p2a: Gengar
|cant|p1a: Snorlax|slp
|
|turn|29
|c|★Forceman81|Lol
|c|★Pr0n Snow|only if that hit
|choice||
|
|move|p2a: Gengar|Metronome|p2a: Gengar
|move|p2a: Gengar|Thunder Shock|p1a: Snorlax|[from]Metronome
|-damage|p1a: Snorlax|70\/100 slp
|-curestatus|p1a: Snorlax|slp
|
|turn|30
|choice||
|
|move|p2a: Gengar|Metronome|p2a: Gengar
|move|p2a: Gengar|Skull Bash|p1a: Snorlax|[still]|[from]Metronome
|-prepare|p2a: Gengar|Skull Bash|p1a: Snorlax
|move|p1a: Snorlax|Metronome|p1a: Snorlax
|move|p1a: Snorlax|Leech Life|p2a: Gengar|[from]Metronome
|-damage|p2a: Gengar|84\/100
|-heal|p1a: Snorlax|72\/100|[from] drain|[of] p2a: Gengar
|
|turn|31
|choice||
|
|move|p2a: Gengar|Skull Bash|p1a: Snorlax|[from]Skull Bash
|-damage|p1a: Snorlax|61\/100
|move|p1a: Snorlax|Metronome|p1a: Snorlax
|move|p1a: Snorlax|Mega Punch|p2a: Gengar|[from]Metronome
|-immune|p2a: Gengar|[msg]
|
|turn|32
|choice||
|
|move|p2a: Gengar|Metronome|p2a: Gengar
|move|p2a: Gengar|Disable|p1a: Snorlax|[from]Metronome|[miss]
|-miss|p2a: Gengar
|move|p1a: Snorlax|Metronome|p1a: Snorlax
|move|p1a: Snorlax|Recover|p1a: Snorlax|[from]Metronome
|-heal|p1a: Snorlax|100\/100
|
|turn|33
|c|★Pr0n Snow|....
|c|★Forceman81|10\/10
|choice||
|
|move|p2a: Gengar|Metronome|p2a: Gengar
|move|p2a: Gengar|Fire Spin|p1a: Snorlax|[from]Metronome
|-crit|p1a: Snorlax
|-damage|p1a: Snorlax|94\/100
|cant|p1a: Snorlax|partiallytrapped
|
|turn|34
|choice||
|
|move|p2a: Gengar|Metronome|p2a: Gengar
|move|p2a: Gengar|Rest|p2a: Gengar|[from]Metronome
|-status|p2a: Gengar|slp
|-heal|p2a: Gengar|100\/100 slp|[silent]
|-status|p2a: Gengar|slp|[from] move: Rest
|cant|p1a: Snorlax|partiallytrapped
|
|turn|35
|c|★Forceman81|Welp
|choice||
|
|cant|p2a: Gengar|slp
|move|p1a: Snorlax|Metronome|p1a: Snorlax
|move|p1a: Snorlax|Bubble|p2a: Gengar|[from]Metronome
|-damage|p2a: Gengar|97\/100 slp
|
|turn|36
|c|★Pr0n Snow|what
|c|★Forceman81|The spin
|choice||
|
|-curestatus|p2a: Gengar|slp
|move|p1a: Snorlax|Metronome|p1a: Snorlax
|move|p1a: Snorlax|Headbutt|p2a: Gengar|[from]Metronome
|-immune|p2a: Gengar|[msg]
|
|turn|37
|c|★Pr0n Snow|lol
|c|★Forceman81|Ugh
|choice||
|
|move|p2a: Gengar|Metronome|p2a: Gengar
|move|p2a: Gengar|Thunder|p1a: Snorlax|[from]Metronome
|-damage|p1a: Snorlax|68\/100
|move|p1a: Snorlax|Metronome|p1a: Snorlax
|move|p1a: Snorlax|Swift|p2a: Gengar|[from]Metronome
|-immune|p2a: Gengar|[msg]
|
|turn|38
|c|★Forceman81|Why couldn't I have gotten the Conversion on your Gengar DS
|c|★Forceman81|*DX
|choice||
|
|switch|p2a: Golem|Golem|94\/100
|move|p1a: Snorlax|Metronome|p1a: Snorlax
|move|p1a: Snorlax|Super Fang|p2a: Golem|[from]Metronome
|-damage|p2a: Golem|47\/100
|
|turn|39
|choice||
|
|move|p2a: Golem|Metronome|p2a: Golem
|move|p2a: Golem|Absorb|p1a: Snorlax|[from]Metronome
|-damage|p1a: Snorlax|65\/100
|-heal|p2a: Golem|49\/100|[from] drain|[of] p1a: Snorlax
|move|p1a: Snorlax|Metronome|p1a: Snorlax
|move|p1a: Snorlax|Leech Seed|p2a: Golem|[from]Metronome
|-start|p2a: Golem|move: Leech Seed
|
|turn|40
|choice||
|
|switch|p2a: Gengar|Gengar|97\/100
|move|p1a: Snorlax|Metronome|p1a: Snorlax
|move|p1a: Snorlax|Sky Attack|p2a: Gengar|[still]|[from]Metronome
|-prepare|p1a: Snorlax|Sky Attack|p2a: Gengar
|
|turn|41
|choice||
|
|switch|p2a: Golem|Golem|49\/100
|move|p1a: Snorlax|Sky Attack|p2a: Golem|[from]Sky Attack
|-resisted|p2a: Golem
|-damage|p2a: Golem|36\/100
|
|turn|42
|choice||
|
|switch|p1a: Jynx|Jynx|100\/100
|move|p2a: Golem|Metronome|p2a: Golem
|move|p2a: Golem|Mimic|p1a: Jynx|[from]Metronome
|-fail|p1a: Jynx
|
|turn|43
|choice||
|
|move|p1a: Jynx|Metronome|p1a: Jynx
|move|p1a: Jynx|Counter|p2a: Golem|[from]Metronome
|-fail|p1a: Jynx
|move|p2a: Golem|Metronome|p2a: Golem
|move|p2a: Golem|Focus Energy|p2a: Golem|[from]Metronome
|-start|p2a: Golem|move: Focus Energy
|
|turn|44
|choice||
|
|move|p1a: Jynx|Metronome|p1a: Jynx
|move|p1a: Jynx|Jump Kick|p2a: Golem|[from]Metronome
|-supereffective|p2a: Golem
|-damage|p2a: Golem|19\/100
|move|p2a: Golem|Metronome|p2a: Golem
|move|p2a: Golem|Slam|p1a: Jynx|[from]Metronome
|-damage|p1a: Jynx|68\/100
|
|turn|45
|choice||
|
|move|p1a: Jynx|Metronome|p1a: Jynx
|move|p1a: Jynx|String Shot|p2a: Golem|[from]Metronome
|-unboost|p2a: Golem|spe|1
|move|p2a: Golem|Metronome|p2a: Golem
|move|p2a: Golem|Acid|p1a: Jynx|[from]Metronome
|-damage|p1a: Jynx|48\/100
|
|turn|46
|choice||
|
|move|p1a: Jynx|Metronome|p1a: Jynx
|move|p1a: Jynx|Tri Attack|p2a: Golem|[from]Metronome
|-resisted|p2a: Golem
|-damage|p2a: Golem|14\/100
|move|p2a: Golem|Metronome|p2a: Golem
|move|p2a: Golem|Supersonic|p1a: Jynx|[from]Metronome|[miss]
|-miss|p2a: Golem
|
|turn|47
|choice||
|
|move|p1a: Jynx|Metronome|p1a: Jynx
|move|p1a: Jynx|Psywave|p2a: Golem|[from]Metronome
|-damage|p2a: Golem|13\/100
|move|p2a: Golem|Metronome|p2a: Golem
|move|p2a: Golem|Harden|p2a: Golem|[from]Metronome
|-boost|p2a: Golem|def|1
|
|turn|48
|choice||
|
|move|p1a: Jynx|Metronome|p1a: Jynx
|move|p1a: Jynx|Swift|p2a: Golem|[from]Metronome
|-crit|p2a: Golem
|-resisted|p2a: Golem
|-damage|p2a: Golem|6\/100
|move|p2a: Golem|Metronome|p2a: Golem
|move|p2a: Golem|Fury Swipes|p1a: Jynx|[from]Metronome|[miss]
|-miss|p2a: Golem
|
|turn|49
|choice||
|
|move|p1a: Jynx|Metronome|p1a: Jynx
|move|p1a: Jynx|Solar Beam|p2a: Golem|[still]|[from]Metronome
|-prepare|p1a: Jynx|Solar Beam|p2a: Golem
|move|p2a: Golem|Metronome|p2a: Golem
|move|p2a: Golem|Disable|p1a: Jynx|[from]Metronome
|-start|p1a: Jynx|Disable|Metronome
|
|turn|50
|choice||
|
|switch|p2a: Chansey|Chansey|100\/100
|move|p1a: Jynx|Solar Beam|p2a: Chansey|[from]Solar Beam
|-crit|p2a: Chansey
|-damage|p2a: Chansey|74\/100
|
|turn|51
|choice||
|
|switch|p1a: Gengar|Gengar|100\/100
|move|p2a: Chansey|Metronome|p2a: Chansey
|move|p2a: Chansey|Vice Grip|p1a: Gengar|[from]Metronome
|-immune|p1a: Gengar|[msg]
|
|turn|52
|c|★Pr0n Snow|predictions
|choice||
|
|move|p1a: Gengar|Metronome|p1a: Gengar
|move|p1a: Gengar|Horn Attack|p2a: Chansey|[from]Metronome
|-damage|p2a: Chansey|59\/100
|move|p2a: Chansey|Metronome|p2a: Chansey
|move|p2a: Chansey|Crabhammer|p1a: Gengar|[from]Metronome
|-crit|p1a: Gengar
|-damage|p1a: Gengar|64\/100
|
|turn|53
|c|★Forceman81|Calculated
|choice||
|
|move|p1a: Gengar|Metronome|p1a: Gengar
|move|p1a: Gengar|Absorb|p2a: Chansey|[from]Metronome
|-crit|p2a: Chansey
|-damage|p2a: Chansey|54\/100
|-heal|p1a: Gengar|69\/100|[from] drain|[of] p2a: Chansey
|move|p2a: Chansey|Metronome|p2a: Chansey
|move|p2a: Chansey|Dragon Rage|p1a: Gengar|[from]Metronome
|-damage|p1a: Gengar|57\/100
|
|turn|54
|choice||
|
|move|p1a: Gengar|Metronome|p1a: Gengar
|move|p1a: Gengar|Wing Attack|p2a: Chansey|[from]Metronome
|-crit|p2a: Chansey
|-damage|p2a: Chansey|38\/100
|move|p2a: Chansey|Metronome|p2a: Chansey
|move|p2a: Chansey|Harden|p2a: Chansey|[from]Metronome
|-boost|p2a: Chansey|def|1
|
|turn|55
|choice||
|
|move|p1a: Gengar|Metronome|p1a: Gengar
|move|p1a: Gengar|Fire Blast|p2a: Chansey|[from]Metronome
|-damage|p2a: Chansey|22\/100
|move|p2a: Chansey|Metronome|p2a: Chansey
|move|p2a: Chansey|Blizzard|p1a: Gengar|[from]Metronome
|-damage|p1a: Gengar|29\/100
|
|turn|56
|choice||
|
|move|p1a: Gengar|Metronome|p1a: Gengar
|move|p1a: Gengar|Thunderbolt|p2a: Chansey|[from]Metronome
|-damage|p2a: Chansey|10\/100
|-status|p2a: Chansey|par
|cant|p2a: Chansey|par
|
|turn|57
|choice||
|
|move|p1a: Gengar|Metronome|p1a: Gengar
|move|p1a: Gengar|Bide|p1a: Gengar|[from]Metronome
|-start|p1a: Gengar|Bide
|move|p2a: Chansey|Metronome|p2a: Chansey
|move|p2a: Chansey|Clamp|p1a: Gengar|[from]Metronome
|-damage|p1a: Gengar|22\/100
|
|turn|58
|choice||
|
|cant|p1a: Gengar|partiallytrapped
|move|p2a: Chansey|Metronome|p2a: Chansey
|move|p2a: Chansey|Stun Spore|p1a: Gengar|[from]Metronome
|-status|p1a: Gengar|par
|
|turn|59
|choice||
|
|-activate|p1a: Gengar|Bide
|cant|p2a: Chansey|par
|
|turn|60
|choice||
|
|cant|p1a: Gengar|par
|cant|p2a: Chansey|par
|
|turn|61
|choice||
|
|cant|p1a: Gengar|par
|cant|p2a: Chansey|par
|
|turn|62
|c|★Forceman81|Lol
|choice||
|
|move|p1a: Gengar|Metronome|p1a: Gengar
|move|p1a: Gengar|Ice Punch|p2a: Chansey|[from]Metronome
|-damage|p2a: Chansey|0 fnt
|faint|p2a: Chansey
|choice||
|
|switch|p2a: Golem|Golem|6\/100
|turn|63
|choice||
|
|move|p2a: Golem|Metronome|p2a: Golem
|move|p2a: Golem|Recover|p2a: Golem|[from]Metronome
|-heal|p2a: Golem|56\/100
|move|p1a: Gengar|Metronome|p1a: Gengar
|move|p1a: Gengar|Haze|p1a: Gengar|[from]Metronome
|-clearallboost
|-end|p1a: Gengar|parspeeddrop
|
|turn|64
|c|★Forceman81|OI THERE
|choice||
|
|move|p2a: Golem|Metronome|p2a: Golem
|move|p2a: Golem|Crabhammer|p1a: Gengar|[from]Metronome
|-crit|p1a: Gengar
|-damage|p1a: Gengar|0 fnt
|faint|p1a: Gengar
|c|★Pr0n Snow|lol
|choice||
|
|switch|p1a: Jynx|Jynx|48\/100
|turn|65
|choice||
|
|move|p1a: Jynx|Metronome|p1a: Jynx
|move|p1a: Jynx|Bide|p1a: Jynx|[from]Metronome
|-start|p1a: Jynx|Bide
|move|p2a: Golem|Metronome|p2a: Golem
|move|p2a: Golem|Stun Spore|p1a: Jynx|[from]Metronome|[miss]
|-miss|p2a: Golem
|
|turn|66
|choice||
|
|switch|p2a: Gengar|Gengar|97\/100
|-activate|p1a: Jynx|Bide
|
|turn|67
|choice||
|
|switch|p2a: Golem|Golem|56\/100
|-fail|p1a: Jynx
|
|turn|68
|choice||
|
|move|p1a: Jynx|Metronome|p1a: Jynx
|move|p1a: Jynx|Spike Cannon|p2a: Golem|[from]Metronome
|-resisted|p2a: Golem
|-damage|p2a: Golem|55\/100
|-damage|p2a: Golem|54\/100
|-damage|p2a: Golem|53\/100
|-hitcount|p2a: Golem|3
|move|p2a: Golem|Metronome|p2a: Golem
|move|p2a: Golem|Scratch|p1a: Jynx|[from]Metronome
|-damage|p1a: Jynx|31\/100
|
|turn|69
|choice||
|
|move|p1a: Jynx|Metronome|p1a: Jynx
|move|p1a: Jynx|Razor Leaf|p2a: Golem|[from]Metronome
|-crit|p2a: Golem
|-supereffective|p2a: Golem
|-damage|p2a: Golem|0 fnt
|faint|p2a: Golem
|choice||
|
|switch|p2a: Gengar|Gengar|97\/100
|turn|70
|choice||
|
|move|p2a: Gengar|Metronome|p2a: Gengar
|move|p2a: Gengar|Crabhammer|p1a: Jynx|[from]Metronome|[miss]
|-miss|p2a: Gengar
|move|p1a: Jynx|Metronome|p1a: Jynx
|move|p1a: Jynx|Slash|p2a: Gengar|[from]Metronome
|-immune|p2a: Gengar|[msg]
|
|turn|71
|c|★Forceman81|DX
|choice||
|
|move|p2a: Gengar|Metronome|p2a: Gengar
|move|p2a: Gengar|Clamp|p1a: Jynx|[from]Metronome|[miss]
|-miss|p2a: Gengar
|move|p1a: Jynx|Metronome|p1a: Jynx
|move|p1a: Jynx|Spike Cannon|p2a: Gengar|[from]Metronome
|-immune|p2a: Gengar|[msg]
|
|turn|72
|c|★Pr0n Snow|ugg
|choice||
|
|move|p2a: Gengar|Struggle|p1a: Jynx
|-damage|p1a: Jynx|16\/100
|-damage|p2a: Gengar|90\/100|[from] recoil|[of] p1a: Jynx
|move|p1a: Jynx|Metronome|p1a: Jynx
|move|p1a: Jynx|Rest|p1a: Jynx|[from]Metronome
|-status|p1a: Jynx|slp
|-heal|p1a: Jynx|100\/100 slp|[silent]
|-status|p1a: Jynx|slp|[from] move: Rest
|
|turn|73
|c|★Forceman81|Ayyy
|choice||
|
|switch|p2a: Snorlax|Snorlax|100\/100
|cant|p1a: Jynx|slp
|
|turn|74
|c|★Pr0n Snow|i'm crying on the inside
|choice||
|
|-curestatus|p1a: Jynx|slp
|move|p2a: Snorlax|Metronome|p2a: Snorlax
|move|p2a: Snorlax|Acid|p1a: Jynx|[from]Metronome
|-damage|p1a: Jynx|83\/100
|
|turn|75
|c|★Forceman81|If I run out of Metronomes you do realize you win thouh
|choice||
|
|move|p1a: Jynx|Metronome|p1a: Jynx
|move|p1a: Jynx|Comet Punch|p2a: Snorlax|[from]Metronome
|-damage|p2a: Snorlax|98\/100
|-damage|p2a: Snorlax|96\/100
|-damage|p2a: Snorlax|93\/100
|-damage|p2a: Snorlax|91\/100
|-damage|p2a: Snorlax|88\/100
|-hitcount|p2a: Snorlax|5
|move|p2a: Snorlax|Metronome|p2a: Snorlax
|move|p2a: Snorlax|Dream Eater|p1a: Jynx|[from]Metronome
|-immune|p1a: Jynx|[msg]
|
|turn|76
|c|★Pr0n Snow|idk about that
|choice||
|
|move|p1a: Jynx|Metronome|p1a: Jynx
|move|p1a: Jynx|Bide|p1a: Jynx|[from]Metronome
|-start|p1a: Jynx|Bide
|move|p2a: Snorlax|Metronome|p2a: Snorlax
|move|p2a: Snorlax|Fury Attack|p1a: Jynx|[from]Metronome
|-damage|p1a: Jynx|73\/100
|-damage|p1a: Jynx|64\/100
|-damage|p1a: Jynx|55\/100
|-hitcount|p1a: Jynx|3
|
|turn|77
|c|★Forceman81|Gen 1 Struggle counts as Normal Iirc
|c|★Pr0n Snow|mother fucking bide
|choice||
|
|-activate|p1a: Jynx|Bide
|move|p2a: Snorlax|Metronome|p2a: Snorlax
|move|p2a: Snorlax|Thunder|p1a: Jynx|[from]Metronome
|-damage|p1a: Jynx|31\/100
|
|turn|78
|c|★Pr0n Snow|idk if bide hits ghosts
|choice||
|
|switch|p2a: Gengar|Gengar|90\/100
|-end|p1a: Jynx|Bide
|-damage|p2a: Gengar|0 fnt
|faint|p2a: Gengar
|c|★Pr0n Snow|yep
|choice||
|
|switch|p2a: Snorlax|Snorlax|88\/100
|turn|79
|c|★Forceman81|Now you knoooow
|choice||
|
|-end|p1a: Jynx|Bide
|-damage|p2a: Snorlax|22\/100
|move|p2a: Snorlax|Metronome|p2a: Snorlax
|move|p2a: Snorlax|Growl|p1a: Jynx|[from]Metronome
|-unboost|p1a: Jynx|atk|1
|
|turn|80
|c|★Forceman81|Wait whaaat
|c|★Pr0n Snow|wait what
|c|★Pr0n Snow|maybe if bide kills it goes again?
|c|★Forceman81|Further study needed
|c|★Forceman81|Maybe yeah
|c|★Forceman81|Kinda like no Hyper beam recharge
|c|★Pr0n Snow|that would be op
|choice||
|
|move|p1a: Jynx|Metronome|p1a: Jynx
|move|p1a: Jynx|Roar|p2a: Snorlax|[from]Metronome
|move|p2a: Snorlax|Metronome|p2a: Snorlax
|move|p2a: Snorlax|Horn Attack|p1a: Jynx|[from]Metronome
|-damage|p1a: Jynx|0 fnt
|faint|p1a: Jynx
|c|★Pr0n Snow|not really but
|choice||
|
|switch|p1a: Chansey|Chansey|100\/100
|turn|81
|c|★Forceman81|Nah man time to break OU =P
|choice||
|
|move|p1a: Chansey|Metronome|p1a: Chansey
|move|p1a: Chansey|Amnesia|p1a: Chansey|[from]Metronome
|-boost|p1a: Chansey|spd|2
|-boost|p1a: Chansey|spa|2
|move|p2a: Snorlax|Metronome|p2a: Snorlax
|move|p2a: Snorlax|Conversion|p1a: Chansey|[from]Metronome
|-start|p2a: Snorlax|typechange|Normal|[from] move: Conversion|[of] p1a: Chansey
|
|turn|82
|c|★Pr0n Snow|i would want to run bide on something now
|c|★Forceman81|Yeah we gotta look into that
|choice||
|
|move|p1a: Chansey|Metronome|p1a: Chansey
|move|p1a: Chansey|Haze|p1a: Chansey|[from]Metronome
|-clearallboost
|-end|p1a: Chansey|conversion
|move|p2a: Snorlax|Metronome|p2a: Snorlax
|move|p2a: Snorlax|Focus Energy|p2a: Snorlax|[from]Metronome
|-start|p2a: Snorlax|move: Focus Energy
|
|turn|83
|choice||
|
|move|p1a: Chansey|Metronome|p1a: Chansey
|move|p1a: Chansey|Sleep Powder|p2a: Snorlax|[from]Metronome
|-status|p2a: Snorlax|slp
|cant|p2a: Snorlax|slp
|
|turn|84
|choice||
|
|move|p1a: Chansey|Metronome|p1a: Chansey
|move|p1a: Chansey|Dizzy Punch|p2a: Snorlax|[from]Metronome
|-damage|p2a: Snorlax|15\/100 slp
|-curestatus|p2a: Snorlax|slp
|
|turn|85
|choice||
|
|move|p1a: Chansey|Metronome|p1a: Chansey
|move|p1a: Chansey|Leech Seed|p2a: Snorlax|[from]Metronome
|-start|p2a: Snorlax|move: Leech Seed
|move|p2a: Snorlax|Metronome|p2a: Snorlax
|move|p2a: Snorlax|Skull Bash|p1a: Chansey|[still]|[from]Metronome
|-prepare|p2a: Snorlax|Skull Bash|p1a: Chansey
|-damage|p2a: Snorlax|9\/100|[from] Leech Seed|[of] p1a: Chansey
|
|turn|86
|choice||
|
|move|p1a: Chansey|Metronome|p1a: Chansey
|move|p1a: Chansey|Dream Eater|p2a: Snorlax|[from]Metronome
|-immune|p2a: Snorlax|[msg]
|move|p2a: Snorlax|Skull Bash|p1a: Chansey|[from]Skull Bash
|-damage|p1a: Chansey|50\/100
|-damage|p2a: Snorlax|2\/100|[from] Leech Seed|[of] p1a: Chansey
|-heal|p1a: Chansey|55\/100|[silent]
|
|turn|87
|c|★Pr0n Snow|rest
|choice||
|
|move|p1a: Chansey|Metronome|p1a: Chansey
|move|p1a: Chansey|Teleport|p1a: Chansey|[from]Metronome
|-fail|p1a: Chansey
|move|p2a: Snorlax|Metronome|p2a: Snorlax
|move|p2a: Snorlax|Leech Seed|p1a: Chansey|[from]Metronome
|-start|p1a: Chansey|move: Leech Seed
|-damage|p2a: Snorlax|0 fnt|[from] Leech Seed|[of] p1a: Chansey
|-heal|p1a: Chansey|56\/100|[silent]
|faint|p2a: Snorlax
|
|win|Forceman81
|player|p1
|player|p2
|c|★Pr0n Snow|gg
|c|★Forceman81|Gg
|l|Pr0n Snow
|l|Forceman81
|j|Pr0n Snow