|join|kid gf lol
|join|GoldenSandslash15
|player|p1|kid gf lol|184
|player|p2|GoldenSandslash15|25
|gametype|singles
|gen|1
|tier|[Gen 1] OU (beta)
|rated
|rule|Sleep Clause Mod: Limit one foe put to sleep
|rule|Species Clause: Limit one of each Pokemon
|rule|OHKO Clause: OHKO moves are banned
|rule|Moody Clause: Moody is banned
|rule|Evasion Moves Clause: Evasion moves are banned
|rule|Endless Battle Clause: Forcing endless battles is banned.
|rule|HP Percentage Mod: HP is reported as percentages
|
|start
|switch|p1a: Zam Lead|Alakazam|313\/313
|switch|p2a: Alakazam|Alakazam|313\/313
|turn|1
|
|switch|p2a: Chansey|Chansey|703\/703
|switch|p1a: Breakfast Pouch|Chansey|703\/703
|
|turn|2
|
|move|p1a: Breakfast Pouch|Ice Beam|p2a: Chansey
|-damage|p2a: Chansey|633\/703
|move|p2a: Chansey|Ice Beam|p1a: Breakfast Pouch
|-damage|p1a: Breakfast Pouch|624\/703
|
|turn|3
|
|move|p1a: Breakfast Pouch|Ice Beam|p2a: Chansey
|-crit|p2a: Chansey
|-damage|p2a: Chansey|484\/703
|move|p2a: Chansey|Ice Beam|p1a: Breakfast Pouch
|-damage|p1a: Breakfast Pouch|544\/703
|
|turn|4
|
|move|p2a: Chansey|Ice Beam|p1a: Breakfast Pouch
|-crit|p1a: Breakfast Pouch
|-damage|p1a: Breakfast Pouch|407\/703
|move|p1a: Breakfast Pouch|Ice Beam|p2a: Chansey
|-damage|p2a: Chansey|403\/703
|
|turn|5
|
|move|p2a: Chansey|Ice Beam|p1a: Breakfast Pouch
|-damage|p1a: Breakfast Pouch|338\/703
|-status|p1a: Breakfast Pouch|frz
|cant|p1a: Breakfast Pouch|frz
|
|turn|6
|
|switch|p1a: Result Of Incest|Exeggutor|393\/393
|move|p2a: Chansey|Soft-Boiled|p2a: Chansey
|-heal|p2a: Chansey|703\/703
|
|turn|7
|
|move|p1a: Result Of Incest|Sleep Powder|p2a: Chansey
|-status|p2a: Chansey|slp
|cant|p2a: Chansey|slp
|
|turn|8
|
|switch|p1a: Future Steak|Tauros|353\/353
|switch|p2a: Snorlax|Snorlax|523\/523
|
|turn|9
|
|switch|p1a: Ghastly In Shell|Cloyster|303\/303
|move|p2a: Snorlax|Body Slam|p1a: Ghastly In Shell
|-damage|p1a: Ghastly In Shell|237\/303
|
|turn|10
|
|move|p1a: Ghastly In Shell|Clamp|p2a: Snorlax
|-damage|p2a: Snorlax|470\/523
|-activate|p2a: Snorlax|move: Clamp|[of] p1a: Ghastly In Shell
|cant|p2a: Snorlax|partiallytrapped
|
|turn|11
|
|move|p1a: Ghastly In Shell|Clamp|p2a: Snorlax
|-damage|p2a: Snorlax|417\/523
|cant|p2a: Snorlax|partiallytrapped
|
|turn|12
|
|move|p1a: Ghastly In Shell|Clamp|p2a: Snorlax
|-damage|p2a: Snorlax|364\/523
|cant|p2a: Snorlax|partiallytrapped
|
|-end|p2a: Snorlax|Clamp|[partiallytrapped]
|turn|13
|
|switch|p2a: Starmie|Starmie|323\/323
|move|p1a: Ghastly In Shell|Clamp|p2a: Starmie
|-crit|p2a: Starmie
|-resisted|p2a: Starmie
|-damage|p2a: Starmie|283\/323
|-activate|p2a: Starmie|move: Clamp|[of] p1a: Ghastly In Shell
|
|turn|14
|
|cant|p2a: Starmie|partiallytrapped
|move|p1a: Ghastly In Shell|Clamp|p2a: Starmie
|-damage|p2a: Starmie|243\/323
|
|-end|p2a: Starmie|Clamp|[partiallytrapped]
|turn|15
|
|switch|p1a: Zam Lead|Alakazam|313\/313
|move|p2a: Starmie|Thunderbolt|p1a: Zam Lead
|-damage|p1a: Zam Lead|256\/313
|
|turn|16
|
|move|p1a: Zam Lead|Thunder Wave|p2a: Starmie
|-status|p2a: Starmie|par
|cant|p2a: Starmie|par
|
|turn|17
|
|move|p1a: Zam Lead|Psychic|p2a: Starmie
|-resisted|p2a: Starmie
|-damage|p2a: Starmie|183\/323 par
|-unboost|p2a: Starmie|spd|1
|-unboost|p2a: Starmie|spa|1
|move|p2a: Starmie|Blizzard|p1a: Zam Lead
|-damage|p1a: Zam Lead|204\/313
|
|turn|18
|
|move|p1a: Zam Lead|Psychic|p2a: Starmie
|-resisted|p2a: Starmie
|-damage|p2a: Starmie|86\/323 par
|move|p2a: Starmie|Thunder Wave|p1a: Zam Lead
|-status|p1a: Zam Lead|par
|
|turn|19
|
|move|p1a: Zam Lead|Psychic|p2a: Starmie
|-resisted|p2a: Starmie
|-damage|p2a: Starmie|0 fnt
|faint|p2a: Starmie
|
|
|switch|p2a: Alakazam|Alakazam|313\/313
|turn|20
|
|move|p2a: Alakazam|Reflect|p2a: Alakazam
|move|p1a: Zam Lead|Thunder Wave|p2a: Alakazam
|-status|p2a: Alakazam|par
|
|turn|21
|
|move|p2a: Alakazam|Psychic|p1a: Zam Lead
|-crit|p1a: Zam Lead
|-resisted|p1a: Zam Lead
|-damage|p1a: Zam Lead|89\/313 par
|move|p1a: Zam Lead|Recover|p1a: Zam Lead
|-heal|p1a: Zam Lead|245\/313 par
|
|turn|22
|
|move|p1a: Zam Lead|Seismic Toss|p2a: Alakazam
|-damage|p2a: Alakazam|213\/313 par
|cant|p2a: Alakazam|par
|
|turn|23
|
|move|p2a: Alakazam|Psychic|p1a: Zam Lead
|-resisted|p1a: Zam Lead
|-damage|p1a: Zam Lead|197\/313 par
|move|p1a: Zam Lead|Seismic Toss|p2a: Alakazam
|-damage|p2a: Alakazam|113\/313 par
|
|turn|24
|
|move|p1a: Zam Lead|Seismic Toss|p2a: Alakazam
|-damage|p2a: Alakazam|13\/313 par
|move|p2a: Alakazam|Recover|p2a: Alakazam
|-heal|p2a: Alakazam|169\/313 par
|
|turn|25
|
|move|p2a: Alakazam|Recover|p2a: Alakazam
|-heal|p2a: Alakazam|313\/313 par
|move|p1a: Zam Lead|Seismic Toss|p2a: Alakazam
|-damage|p2a: Alakazam|213\/313 par
|
|turn|26
|
|move|p2a: Alakazam|Psychic|p1a: Zam Lead
|-resisted|p1a: Zam Lead
|-damage|p1a: Zam Lead|146\/313 par
|-unboost|p1a: Zam Lead|spd|1
|-unboost|p1a: Zam Lead|spa|1
|cant|p1a: Zam Lead|par
|
|turn|27
|
|move|p2a: Alakazam|Psychic|p1a: Zam Lead
|-resisted|p1a: Zam Lead
|-damage|p1a: Zam Lead|67\/313 par
|cant|p1a: Zam Lead|par
|
|turn|28
|
|switch|p1a: Result Of Incest|Exeggutor|393\/393
|move|p2a: Alakazam|Psychic|p1a: Result Of Incest
|-resisted|p1a: Result Of Incest
|-damage|p1a: Result Of Incest|336\/393
|-unboost|p1a: Result Of Incest|spd|1
|-unboost|p1a: Result Of Incest|spa|1
|
|turn|29
|
|switch|p2a: Chansey|Chansey|703\/703 slp
|move|p1a: Result Of Incest|Explosion|p2a: Chansey
|-damage|p2a: Chansey|0 fnt
|faint|p2a: Chansey
|faint|p1a: Result Of Incest
|
|switch|p1a: Ghastly In Shell|Cloyster|237\/303
|switch|p2a: Snorlax|Snorlax|364\/523
|turn|30
|
|move|p1a: Ghastly In Shell|Clamp|p2a: Snorlax|[miss]
|-miss|p1a: Ghastly In Shell
|move|p2a: Snorlax|Body Slam|p1a: Ghastly In Shell
|-damage|p1a: Ghastly In Shell|173\/303
|-status|p1a: Ghastly In Shell|par
|
|turn|31
|join|dl99
|
|move|p2a: Snorlax|Body Slam|p1a: Ghastly In Shell
|-damage|p1a: Ghastly In Shell|98\/303 par
|move|p1a: Ghastly In Shell|Blizzard|p2a: Snorlax
|-crit|p2a: Snorlax
|-damage|p2a: Snorlax|12\/523
|-status|p2a: Snorlax|frz
|
|turn|32
|leave|dl99
|
|switch|p2a: Alakazam|Alakazam|213\/313 par
|switch|p1a: Zam Lead|Alakazam|67\/313 par
|
|turn|33
|
|move|p2a: Alakazam|Psychic|p1a: Zam Lead
|-resisted|p1a: Zam Lead
|-damage|p1a: Zam Lead|14\/313 par
|move|p1a: Zam Lead|Recover|p1a: Zam Lead
|-heal|p1a: Zam Lead|170\/313 par
|
|turn|34
|
|move|p1a: Zam Lead|Recover|p1a: Zam Lead
|-heal|p1a: Zam Lead|313\/313 par
|cant|p2a: Alakazam|par
|
|turn|35
|
|move|p2a: Alakazam|Psychic|p1a: Zam Lead
|-crit|p1a: Zam Lead
|-resisted|p1a: Zam Lead
|-damage|p1a: Zam Lead|200\/313 par
|-unboost|p1a: Zam Lead|spd|1
|-unboost|p1a: Zam Lead|spa|1
|move|p1a: Zam Lead|Seismic Toss|p2a: Alakazam
|-damage|p2a: Alakazam|113\/313 par
|
|turn|36
|
|switch|p1a: Ghastly In Shell|Cloyster|98\/303 par
|move|p2a: Alakazam|Recover|p2a: Alakazam
|-heal|p2a: Alakazam|269\/313 par
|
|turn|37
|
|switch|p1a: Zam Lead|Alakazam|200\/313 par
|move|p2a: Alakazam|Psychic|p1a: Zam Lead
|-crit|p1a: Zam Lead
|-resisted|p1a: Zam Lead
|-damage|p1a: Zam Lead|87\/313 par
|
|turn|38
|
|move|p1a: Zam Lead|Recover|p1a: Zam Lead
|-heal|p1a: Zam Lead|243\/313 par
|move|p2a: Alakazam|Psychic|p1a: Zam Lead
|-resisted|p1a: Zam Lead
|-damage|p1a: Zam Lead|192\/313 par
|-unboost|p1a: Zam Lead|spd|1
|-unboost|p1a: Zam Lead|spa|1
|
|turn|39
|
|cant|p2a: Alakazam|par
|cant|p1a: Zam Lead|par
|
|turn|40
|
|cant|p1a: Zam Lead|par
|move|p2a: Alakazam|Psychic|p1a: Zam Lead
|-crit|p1a: Zam Lead
|-resisted|p1a: Zam Lead
|-damage|p1a: Zam Lead|88\/313 par
|-unboost|p1a: Zam Lead|spd|1
|-unboost|p1a: Zam Lead|spa|1
|
|turn|41
|
|move|p2a: Alakazam|Psychic|p1a: Zam Lead
|-resisted|p1a: Zam Lead
|-damage|p1a: Zam Lead|0 fnt
|faint|p1a: Zam Lead
|
|
|switch|p1a: Mvp Tbh|Snorlax|523\/523
|turn|42
|
|move|p1a: Mvp Tbh|Body Slam|p2a: Alakazam
|-damage|p2a: Alakazam|97\/313 par
|move|p2a: Alakazam|Reflect|p2a: Alakazam
|
|turn|43
|
|move|p1a: Mvp Tbh|Mimic|p2a: Alakazam
|-start|p1a: Mvp Tbh|Mimic|Thunder Wave
|move|p2a: Alakazam|Recover|p2a: Alakazam
|-heal|p2a: Alakazam|253\/313 par
|
|turn|44
|
|move|p1a: Mvp Tbh|Body Slam|p2a: Alakazam
|-damage|p2a: Alakazam|170\/313 par
|move|p2a: Alakazam|Thunder Wave|p1a: Mvp Tbh
|-status|p1a: Mvp Tbh|par
|
|turn|45
|
|switch|p1a: Breakfast Pouch|Chansey|338\/703 frz
|move|p2a: Alakazam|Recover|p2a: Alakazam
|-heal|p2a: Alakazam|313\/313 par
|
|turn|46
|
|switch|p2a: Exeggutor|Exeggutor|393\/393
|cant|p1a: Breakfast Pouch|frz
|
|turn|47
|
|move|p2a: Exeggutor|Psychic|p1a: Breakfast Pouch
|-damage|p1a: Breakfast Pouch|211\/703 frz
|cant|p1a: Breakfast Pouch|frz
|
|turn|48
|
|move|p2a: Exeggutor|Psychic|p1a: Breakfast Pouch
|-damage|p1a: Breakfast Pouch|87\/703 frz
|cant|p1a: Breakfast Pouch|frz
|
|turn|49
|
|move|p2a: Exeggutor|Psychic|p1a: Breakfast Pouch
|-damage|p1a: Breakfast Pouch|0 fnt
|faint|p1a: Breakfast Pouch
|
|
|switch|p1a: Mvp Tbh|Snorlax|523\/523 par
|turn|50
|
|switch|p2a: Snorlax|Snorlax|12\/523 frz
|move|p1a: Mvp Tbh|Body Slam|p2a: Snorlax
|-damage|p2a: Snorlax|0 fnt
|faint|p2a: Snorlax
|
|
|switch|p2a: Alakazam|Alakazam|313\/313 par
|turn|51
|
|move|p2a: Alakazam|Reflect|p2a: Alakazam
|cant|p1a: Mvp Tbh|par
|
|turn|52
|
|move|p2a: Alakazam|Psychic|p1a: Mvp Tbh
|-damage|p1a: Mvp Tbh|356\/523 par
|move|p1a: Mvp Tbh|Mimic|p2a: Alakazam
|-start|p1a: Mvp Tbh|Mimic|Psychic
|
|turn|53
|
|switch|p1a: Ghastly In Shell|Cloyster|98\/303 par
|move|p2a: Alakazam|Psychic|p1a: Ghastly In Shell
|-crit|p1a: Ghastly In Shell
|-damage|p1a: Ghastly In Shell|0 fnt
|faint|p1a: Ghastly In Shell
|
|
|switch|p1a: Mvp Tbh|Snorlax|356\/523 par
|turn|54
|
|move|p2a: Alakazam|Psychic|p1a: Mvp Tbh
|-damage|p1a: Mvp Tbh|185\/523 par
|move|p1a: Mvp Tbh|Mimic|p2a: Alakazam
|-start|p1a: Mvp Tbh|Mimic|Recover
|
|turn|55
|
|move|p2a: Alakazam|Psychic|p1a: Mvp Tbh
|-crit|p1a: Mvp Tbh
|-damage|p1a: Mvp Tbh|0 fnt
|faint|p1a: Mvp Tbh
|
|chat|kid gf lol|fuckin critical
|
|switch|p1a: Future Steak|Tauros|353\/353
|turn|56
|
|move|p1a: Future Steak|Body Slam|p2a: Alakazam
|-damage|p2a: Alakazam|226\/313 par
|move|p2a: Alakazam|Thunder Wave|p1a: Future Steak
|-status|p1a: Future Steak|par
|
|turn|57
|
|move|p2a: Alakazam|Psychic|p1a: Future Steak
|-damage|p1a: Future Steak|203\/353 par
|-unboost|p1a: Future Steak|spd|1
|-unboost|p1a: Future Steak|spa|1
|cant|p1a: Future Steak|par
|
|turn|58
|
|switch|p2a: Exeggutor|Exeggutor|393\/393
|move|p1a: Future Steak|Hyper Beam|p2a: Exeggutor
|-crit|p2a: Exeggutor
|-damage|p2a: Exeggutor|23\/393
|
|turn|59
|
|move|p2a: Exeggutor|Psychic|p1a: Future Steak
|-crit|p1a: Future Steak
|-damage|p1a: Future Steak|0 fnt
|faint|p1a: Future Steak
|
|win|GoldenSandslash15
|raw|Ladder updating...
|raw|kid gf lol's rating: 1267 &rarr; <strong>1230<\/strong><br \/>(-37 for losing)
|raw|GoldenSandslash15's rating: 1099 &rarr; <strong>1135<\/strong><br \/>(+36 for winning)
|leave|kid gf lol
|player|p1