|join|immapikachunaked
|join|arafalo2
|player|p1|immapikachunaked|169
|player|p2|arafalo2|1
|gametype|singles
|gen|1
|tier|[Gen 1] Random Battle
|rated
|seed|30898,50096,22228,31982
|rule|Sleep Clause Mod: Limit one foe put to sleep
|rule|Freeze Clause Mod: Limit one foe frozen
|rule|HP Percentage Mod: HP is shown in percentages
|
|start
|switch|p1a: Metapod|Metapod, L99|300\/300
|switch|p2a: Clefable|Clefable, L85|335\/335
|turn|1
|c|★immapikachunaked|really
|c|★immapikachunaked|a fucking metapod
|choice|move 1|move 2
|
|move|p2a: Clefable|Thunder Wave|p1a: Metapod
|-status|p1a: Metapod|par
|move|p1a: Metapod|Harden|p1a: Metapod
|-boost|p1a: Metapod|def|1
|
|turn|2
|choice|move 3|switch 2
|
|switch|p2a: Paras|Paras, L96|262\/262
|cant|p1a: Metapod|par
|
|turn|3
|join|ShyroBall
|choice|move 1|move 3
|
|move|p2a: Paras|Swords Dance|p2a: Paras
|-boost|p2a: Paras|atk|2
|move|p1a: Metapod|Harden|p1a: Metapod
|-boost|p1a: Metapod|def|1
|
|turn|4
|choice|move 3|move 1
|
|move|p2a: Paras|Body Slam|p1a: Metapod
|-damage|p1a: Metapod|230\/300 par
|move|p1a: Metapod|Tackle|p2a: Paras
|-damage|p2a: Paras|242\/262
|
|turn|5
|leave|ShyroBall
|choice|move 2|move 3
|
|move|p2a: Paras|Swords Dance|p2a: Paras
|-boost|p2a: Paras|atk|2
|move|p1a: Metapod|String Shot|p2a: Paras
|-unboost|p2a: Paras|spe|1
|
|turn|6
|choice|move 1|move 3
|
|move|p2a: Paras|Swords Dance|p2a: Paras
|-boost|p2a: Paras|atk|2
|move|p1a: Metapod|Harden|p1a: Metapod
|-boost|p1a: Metapod|def|1
|
|turn|7
|choice|move 3|move 1
|
|move|p2a: Paras|Body Slam|p1a: Metapod
|-damage|p1a: Metapod|119\/300 par
|move|p1a: Metapod|Tackle|p2a: Paras
|-damage|p2a: Paras|222\/262
|
|turn|8
|choice|move 3|move 4
|
|move|p2a: Paras|Mega Drain|p1a: Metapod
|-resisted|p1a: Metapod
|-damage|p1a: Metapod|90\/300 par
|-heal|p2a: Paras|236\/262|[from] drain|[of] p1a: Metapod
|move|p1a: Metapod|Tackle|p2a: Paras
|-damage|p2a: Paras|217\/262
|
|turn|9
|choice|move 3|move 4
|
|move|p2a: Paras|Mega Drain|p1a: Metapod
|-resisted|p1a: Metapod
|-damage|p1a: Metapod|61\/300 par
|-heal|p2a: Paras|231\/262|[from] drain|[of] p1a: Metapod
|move|p1a: Metapod|Tackle|p2a: Paras
|-damage|p2a: Paras|214\/262
|
|turn|10
|choice|move 3|move 1
|
|move|p2a: Paras|Body Slam|p1a: Metapod
|-damage|p1a: Metapod|0 fnt
|faint|p1a: Metapod
|choice|switch 4|
|
|switch|p1a: Cloyster|Cloyster, L83|253\/253
|turn|11
|choice|move 1|move 2
|
|move|p1a: Cloyster|Blizzard|p2a: Paras|[miss]
|-miss|p1a: Cloyster
|move|p2a: Paras|Spore|p1a: Cloyster
|-status|p1a: Cloyster|slp
|
|turn|12
|choice|move 1|move 4
|
|-curestatus|p1a: Cloyster|slp
|move|p2a: Paras|Mega Drain|p1a: Cloyster
|-supereffective|p1a: Cloyster
|-damage|p1a: Cloyster|169\/253
|-heal|p2a: Paras|256\/262|[from] drain|[of] p1a: Cloyster
|
|turn|13
|choice|move 1|move 2
|
|move|p1a: Cloyster|Blizzard|p2a: Paras
|-supereffective|p2a: Paras
|-damage|p2a: Paras|0 fnt
|faint|p2a: Paras
|choice||switch 3
|
|switch|p2a: Butterfree|Butterfree, L90|291\/291
|turn|14
|choice|move 1|move 3
|
|move|p2a: Butterfree|Sleep Powder|p1a: Cloyster
|-status|p1a: Cloyster|slp
|cant|p1a: Cloyster|slp
|
|turn|15
|choice|move 3|move 4
|
|move|p2a: Butterfree|Psychic|p1a: Cloyster
|-damage|p1a: Cloyster|106\/253 slp
|-curestatus|p1a: Cloyster|slp
|
|turn|16
|choice|move 3|move 3
|
|move|p2a: Butterfree|Sleep Powder|p1a: Cloyster|[miss]
|-miss|p2a: Butterfree
|move|p1a: Cloyster|Explosion|p2a: Butterfree
|-damage|p2a: Butterfree|0 fnt
|faint|p2a: Butterfree
|faint|p1a: Cloyster
|choice|switch 6|switch 6
|
|switch|p1a: Tauros|Tauros, L79|280\/280
|switch|p2a: Gengar|Gengar, L79|257\/257
|turn|17
|choice|move 4|move 1
|
|move|p1a: Tauros|Earthquake|p2a: Gengar
|-crit|p2a: Gengar
|-supereffective|p2a: Gengar
|-damage|p2a: Gengar|0 fnt
|faint|p2a: Gengar
|choice||switch 2
|
|switch|p2a: Clefable|Clefable, L85|335\/335
|turn|18
|choice|move 1|move 2
|
|move|p1a: Tauros|Body Slam|p2a: Clefable
|-damage|p2a: Clefable|248\/335
|move|p2a: Clefable|Thunder Wave|p1a: Tauros
|-status|p1a: Tauros|par
|
|turn|19
|choice|move 3|move 1
|
|move|p2a: Clefable|Thunderbolt|p1a: Tauros
|-damage|p1a: Tauros|208\/280 par
|move|p1a: Tauros|Hyper Beam|p2a: Clefable
|-damage|p2a: Clefable|98\/335
|
|turn|20
|-mustrecharge|p1a: Tauros
|-mustrecharge|p1a: Tauros
|choice|move 1|move 1
|
|move|p2a: Clefable|Thunderbolt|p1a: Tauros
|-damage|p1a: Tauros|126\/280 par
|cant|p1a: Tauros|recharge
|
|turn|21
|choice|move 3|move 1
|
|move|p2a: Clefable|Thunderbolt|p1a: Tauros
|-damage|p1a: Tauros|45\/280 par
|move|p1a: Tauros|Hyper Beam|p2a: Clefable
|-damage|p2a: Clefable|0 fnt
|faint|p2a: Clefable
|choice||switch 4
|
|switch|p2a: Magmar|Magmar, L90|300\/300
|turn|22
|choice|move 4|move 4
|
|move|p2a: Magmar|Fire Blast|p1a: Tauros
|-damage|p1a: Tauros|0 fnt
|faint|p1a: Tauros
|choice|switch 5|
|
|switch|p1a: Mew|Mew, L74|300\/300
|turn|23
|choice|move 2|move 4
|
|move|p2a: Magmar|Fire Blast|p1a: Mew
|-damage|p1a: Mew|172\/300
|move|p1a: Mew|Blizzard|p2a: Magmar
|-damage|p2a: Magmar|230\/300
|
|turn|24
|choice|move 4|move 4
|
|move|p2a: Magmar|Fire Blast|p1a: Mew
|-damage|p1a: Mew|25\/300
|move|p1a: Mew|Explosion|p2a: Magmar
|-damage|p2a: Magmar|14\/300
|faint|p1a: Mew
|choice|switch 3|
|
|switch|p1a: Mewtwo|Mewtwo, L70|293\/293
|turn|25
|choice|move 1|move 2
|
|move|p2a: Magmar|Confuse Ray|p1a: Mewtwo
|-start|p1a: Mewtwo|confusion
|-activate|p1a: Mewtwo|confusion
|move|p1a: Mewtwo|Psychic|p2a: Magmar
|-damage|p2a: Magmar|0 fnt
|faint|p2a: Magmar
|choice||switch 5
|
|switch|p2a: Tauros|Tauros, L79|280\/280
|turn|26
|choice|switch 2|move 4
|
|switch|p1a: Snorlax|Snorlax, L79|415\/415
|move|p2a: Tauros|Body Slam|p1a: Snorlax
|-damage|p1a: Snorlax|308\/415
|
|turn|27
|choice|move 3|move 4
|
|move|p2a: Tauros|Body Slam|p1a: Snorlax
|-damage|p1a: Snorlax|207\/415
|move|p1a: Snorlax|Hyper Beam|p2a: Tauros
|-damage|p2a: Tauros|118\/280
|
|turn|28
|-mustrecharge|p1a: Snorlax
|-mustrecharge|p1a: Snorlax
|choice|move 1|move 4
|
|move|p2a: Tauros|Body Slam|p1a: Snorlax
|-damage|p1a: Snorlax|107\/415
|cant|p1a: Snorlax|recharge
|
|turn|29
|choice|move 3|move 2
|
|move|p2a: Tauros|Hyper Beam|p1a: Snorlax
|-damage|p1a: Snorlax|0 fnt
|faint|p1a: Snorlax
|choice|switch 2|
|
|switch|p1a: Mewtwo|Mewtwo, L70|293\/293
|turn|30
|choice|move 1|move 4
|
|move|p1a: Mewtwo|Psychic|p2a: Tauros
|-damage|p2a: Tauros|0 fnt
|faint|p2a: Tauros
|
|win|immapikachunaked
|raw|immapikachunaked's rating: 1101 &rarr; <strong>1136<\/strong><br \/>(+35 for winning)
|raw|arafalo2's rating: 1243 &rarr; <strong>1208<\/strong><br \/>(-35 for losing)
|leave|arafalo2
|player|p2
|c|★immapikachunaked|gg