|join|kid gf lol
|join|inFluence_iV
|player|p1|kid gf lol|168
|player|p2|inFluence_iV|1
|gametype|singles
|gen|1
|tier|[Gen 1] OU (beta)
|rule|Sleep Clause Mod: Limit one foe put to sleep
|rule|Species Clause: Limit one of each Pokemon
|rule|OHKO Clause: OHKO moves are banned
|rule|Moody Clause: Moody is banned
|rule|Evasion Moves Clause: Evasion moves are banned
|rule|Endless Battle Clause: Forcing endless battles is banned.
|rule|HP Percentage Mod: HP is reported as percentages
|
|start
|switch|p1a: Zam Lead|Alakazam|313\/313
|switch|p2a: Kiss Me|Jynx|333\/333
|turn|1
|
|move|p1a: Zam Lead|Seismic Toss|p2a: Kiss Me
|-damage|p2a: Kiss Me|233\/333
|move|p2a: Kiss Me|Lovely Kiss|p1a: Zam Lead
|-status|p1a: Zam Lead|slp
|
|turn|2
|join|BasedGod:Deoxys
|
|switch|p1a: Mr Mime|Jynx|333\/333
|switch|p2a: Childs Play|Gengar|323\/323
|
|turn|3
|
|switch|p2a: Kiss Me|Jynx|233\/333
|move|p1a: Mr Mime|Lovely Kiss|p2a: Kiss Me
|-status|p2a: Kiss Me|slp
|
|turn|4
|
|switch|p2a: Lay on Me|Snorlax|523\/523
|move|p1a: Mr Mime|Reflect|p1a: Mr Mime
|
|turn|5
|chat|kid gf lol|kk i kissed you
|chat|inFluence_iV|lel.
|
|move|p1a: Mr Mime|Blizzard|p2a: Lay on Me
|-crit|p2a: Lay on Me
|-damage|p2a: Lay on Me|179\/523
|move|p2a: Lay on Me|Surf|p1a: Mr Mime
|-damage|p1a: Mr Mime|270\/333
|
|turn|6
|chat|inFluence_iV|:l
|
|switch|p2a: Hax Me|Slowbro|393\/393
|move|p1a: Mr Mime|Blizzard|p2a: Hax Me
|-crit|p2a: Hax Me
|-resisted|p2a: Hax Me
|-damage|p2a: Hax Me|248\/393
|
|turn|7
|chat|inFluence_iV|Why you hax me?
|
|switch|p1a: Result Of Incest|Exeggutor|393\/393
|move|p2a: Hax Me|Amnesia|p2a: Hax Me
|-boost|p2a: Hax Me|spd|2
|-boost|p2a: Hax Me|spa|2
|
|turn|8
|chat|inFluence_iV|lol.
|
|switch|p2a: Back to the Future|Exeggutor|393\/393
|move|p1a: Result Of Incest|Mega Drain|p2a: Back to the Future
|-resisted|p2a: Back to the Future
|-damage|p2a: Back to the Future|369\/393
|
|turn|9
|
|switch|p1a: Mr Mime|Jynx|270\/333
|move|p2a: Back to the Future|Stun Spore|p1a: Mr Mime|[miss]
|-miss|p2a: Back to the Future
|
|turn|10
|chat|inFluence_iV|k.
|
|switch|p2a: Kiss Me|Jynx|233\/333 slp
|move|p1a: Mr Mime|Blizzard|p2a: Kiss Me
|-crit|p2a: Kiss Me
|-resisted|p2a: Kiss Me
|-damage|p2a: Kiss Me|85\/333 slp
|
|turn|11
|chat|inFluence_iV|O.O
|c|★inFluence_iV|!data Blizzard
|c|~|\/data-move Blizzard

|chat|kid gf lol|yep
|chat|inFluence_iV|CH's for days.
|chat|kid gf lol|no that's not accurate
|chat|kid gf lol|gen1 is diff
|join|Blue53
|
|switch|p2a: Hax Me|Slowbro|248\/393
|move|p1a: Mr Mime|Reflect|p1a: Mr Mime
|
|turn|12
|chat|BasedGod:Deoxys|wut is acc in gen1  
|chat|BasedGod:Deoxys|4 blizz
|chat|kid gf lol|nvm, it might be 70%, i was thinking a different move
|chat|Blue53|it was 90
|chat|kid gf lol|not all the moves are the same
|chat|Blue53|In gen 1
|chat|BasedGod:Deoxys|o
|chat|BasedGod:Deoxys|kk
|chat|kid gf lol|yeah 90^
|
|switch|p1a: Result Of Incest|Exeggutor|393\/393
|move|p2a: Hax Me|Thunder Wave|p1a: Result Of Incest
|-status|p1a: Result Of Incest|par
|
|turn|13
|
|switch|p2a: Childs Play|Gengar|323\/323
|cant|p1a: Result Of Incest|par
|
|turn|14
|
|move|p2a: Childs Play|Thunderbolt|p1a: Result Of Incest
|-resisted|p1a: Result Of Incest
|-damage|p1a: Result Of Incest|353\/393 par
|cant|p1a: Result Of Incest|par
|
|turn|15
|
|switch|p2a: Kiss Me|Jynx|85\/333 slp
|cant|p1a: Result Of Incest|par
|
|turn|16
|chat|BasedGod:Deoxys|gengar 4 twerk team
|
|switch|p1a: Kitty|Tauros|353\/353
|cant|p2a: Kiss Me|slp
|
|turn|17
|
|switch|p2a: Childs Play|Gengar|323\/323
|move|p1a: Kitty|Earthquake|p2a: Childs Play
|-supereffective|p2a: Childs Play
|-damage|p2a: Childs Play|119\/323
|
|turn|18
|chat|BasedGod:Deoxys|oooh
|chat|inFluence_iV|Forgot there was no ability's, lol.
|
|switch|p1a: TNT|Golem|363\/363
|switch|p2a: Tear It|Rhydon|413\/413
|
|turn|19
|chat|BasedGod:Deoxys|lol'
|
|move|p1a: TNT|Earthquake|p2a: Tear It
|-supereffective|p2a: Tear It
|-damage|p2a: Tear It|181\/413
|move|p2a: Tear It|Earthquake|p1a: TNT
|-supereffective|p1a: TNT
|-damage|p1a: TNT|121\/363
|
|turn|20
|join|Dragonspiral
|
|move|p1a: TNT|Earthquake|p2a: Tear It
|-supereffective|p2a: Tear It
|-damage|p2a: Tear It|0 fnt
|faint|p2a: Tear It
|
|
|switch|p2a: Childs Play|Gengar|119\/323
|turn|21
|
|switch|p1a: Result Of Incest|Exeggutor|353\/393 par
|move|p2a: Childs Play|Mega Drain|p1a: Result Of Incest
|-resisted|p1a: Result Of Incest
|-damage|p1a: Result Of Incest|337\/393 par
|-heal|p2a: Childs Play|127\/323|[from] drain|[of] p1a: Result Of Incest
|
|turn|22
|
|move|p2a: Childs Play|Explosion|p1a: Result Of Incest
|-damage|p1a: Result Of Incest|106\/393 par
|faint|p2a: Childs Play
|chat|Blue53|smogon 
|chat|Blue53|says golem always wins
|chat|Blue53|:P.
|
|switch|p2a: Lay on Me|Snorlax|179\/523
|turn|23
|chat|BasedGod:Deoxys|lol
|
|move|p2a: Lay on Me|Body Slam|p1a: Result Of Incest
|-damage|p1a: Result Of Incest|0 fnt
|faint|p1a: Result Of Incest
|
|
|switch|p1a: Kitty|Tauros|353\/353
|turn|24
|chat|Blue53|rhyperior for gen 1
|chat|Blue53|with rock wrecker
|chat|BasedGod:Deoxys|^
|chat|BasedGod:Deoxys|rofl
|chat|inFluence_iV|lol.
|chat|Blue53|with hyper beam physics
|
|move|p1a: Kitty|Hyper Beam|p2a: Lay on Me
|-damage|p2a: Lay on Me|0 fnt
|faint|p2a: Lay on Me
|
|chat|Blue53|Lmfao
|
|switch|p2a: Back to the Future|Exeggutor|369\/393
|turn|25
|chat|BasedGod:Deoxys|kek
|
|switch|p1a: Mr Mime|Jynx|270\/333
|move|p2a: Back to the Future|Psychic|p1a: Mr Mime
|-resisted|p1a: Mr Mime
|-damage|p1a: Mr Mime|205\/333
|
|turn|26
|chat|Blue53|golem: i got explosion
|chat|inFluence_iV|I think my UU team is better then my OU team.
|chat|inFluence_iV|lel.
|chat|Blue53|rhyperior: I got base 150 stab.
|
|move|p1a: Mr Mime|Blizzard|p2a: Back to the Future
|-supereffective|p2a: Back to the Future
|-damage|p2a: Back to the Future|136\/393
|move|p2a: Back to the Future|Explosion|p1a: Mr Mime
|-damage|p1a: Mr Mime|0 fnt
|faint|p1a: Mr Mime
|faint|p2a: Back to the Future
|chat|BasedGod:Deoxys|lol
|chat|Blue53|much boom
|chat|Blue53|mine as well have golem
|
|switch|p1a: TNT|Golem|121\/363
|switch|p2a: Hax Me|Slowbro|248\/393
|turn|27
|chat|Blue53|XD
|chat|BasedGod:Deoxys|very explosion
|
|switch|p1a: Kitty|Tauros|353\/353
|move|p2a: Hax Me|Surf|p1a: Kitty
|-damage|p1a: Kitty|223\/353
|
|turn|28
|
|move|p1a: Kitty|Body Slam|p2a: Hax Me
|-damage|p2a: Hax Me|149\/393
|-status|p2a: Hax Me|par
|move|p2a: Hax Me|Amnesia|p2a: Hax Me
|-boost|p2a: Hax Me|spd|2
|-boost|p2a: Hax Me|spa|2
|
|turn|29
|chat|Blue53|tauros when it WAS cool
|
|move|p1a: Kitty|Hyper Beam|p2a: Hax Me
|-damage|p2a: Hax Me|0 fnt
|faint|p2a: Hax Me
|
|chat|Blue53|see wut i did there
|chat|inFluence_iV|gg
|
|switch|p2a: Kiss Me|Jynx|85\/333 slp
|turn|30
|
|move|p1a: Kitty|Body Slam|p2a: Kiss Me
|-damage|p2a: Kiss Me|0 fnt
|faint|p2a: Kiss Me
|
|win|kid gf lol
|leave|inFluence_iV
|player|p2