|j|Peasounay
|j|SunnyORAS
|player|p1|Peasounay|80
|player|p2|SunnyORAS|163
|gametype|singles
|gen|1
|tier|[Gen 1] OU
|seed|44379,31868,38137,15165
|rule|Sleep Clause Mod: Limit one foe put to sleep
|rule|Freeze Clause Mod: Limit one foe frozen
|rule|Species Clause: Limit one of each Pokémon
|rule|OHKO Clause: OHKO moves are banned
|rule|Evasion Moves Clause: Evasion moves are banned
|rule|HP Percentage Mod: HP is shown in percentages
|
|start
|switch|p1a: Shoooryuken!|Starmie|323\/323
|switch|p2a: Alakazam|Alakazam|313\/313
|turn|1
|c|★Peasounay|gl hf
|j|yuruuu
|c| yuruuu|what is this for?
|c|★Peasounay|fun
|c|★SunnyORAS|nothing just like that:D
|choice|switch 2|move 4
|
|switch|p1a: Wear Candoms Kid|Exeggutor|393\/393
|move|p2a: Alakazam|Seismic Toss|p1a: Wear Candoms Kid
|-damage|p1a: Wear Candoms Kid|293\/393
|
|turn|2
|choice|move 1|move 4
|
|move|p2a: Alakazam|Seismic Toss|p1a: Wear Candoms Kid
|-damage|p1a: Wear Candoms Kid|193\/393
|move|p1a: Wear Candoms Kid|Sleep Powder|p2a: Alakazam|[miss]
|-miss|p1a: Wear Candoms Kid
|
|turn|3
|choice|move 1|move 4
|
|move|p2a: Alakazam|Seismic Toss|p1a: Wear Candoms Kid
|-damage|p1a: Wear Candoms Kid|93\/393
|move|p1a: Wear Candoms Kid|Sleep Powder|p2a: Alakazam
|-status|p2a: Alakazam|slp
|
|turn|4
|choice|switch 3|switch 6
|
|switch|p2a: Rhydon|Rhydon|413\/413
|switch|p1a: Yo Momma|Snorlax|523\/523
|
|turn|5
|choice|switch 3|switch 3
|
|switch|p2a: Exeggutor|Exeggutor|393\/393
|switch|p1a: Wear Candoms Kid|Exeggutor|93\/393
|
|turn|6
|choice|move 3|switch 6
|
|switch|p2a: Alakazam|Alakazam|313\/313 slp
|move|p1a: Wear Candoms Kid|Stun Spore|p2a: Alakazam
|-fail|p2a: Alakazam
|
|turn|7
|choice|switch 2|move 1
|
|switch|p1a: Shoooryuken!|Starmie|323\/323
|-curestatus|p2a: Alakazam|slp
|
|turn|8
|choice|switch 5|move 2
|
|switch|p1a: I Own RBY|Chansey|703\/703
|move|p2a: Alakazam|Thunder Wave|p1a: I Own RBY
|-status|p1a: I Own RBY|par
|
|turn|9
|c|★SunnyORAS|oh fuck
|c|★SunnyORAS|>_<
|choice|move 3|move 4
|
|move|p2a: Alakazam|Seismic Toss|p1a: I Own RBY
|-damage|p1a: I Own RBY|603\/703 par
|move|p1a: I Own RBY|Thunder Wave|p2a: Alakazam
|-status|p2a: Alakazam|par
|
|turn|10
|choice|move 2|move 4
|
|cant|p2a: Alakazam|par
|move|p1a: I Own RBY|Ice Beam|p2a: Alakazam
|-damage|p2a: Alakazam|251\/313 par
|
|turn|11
|choice|switch 2|move 4
|
|switch|p1a: Wear Candoms Kid|Exeggutor|93\/393
|move|p2a: Alakazam|Seismic Toss|p1a: Wear Candoms Kid
|-damage|p1a: Wear Candoms Kid|0 fnt
|faint|p1a: Wear Candoms Kid
|choice|switch 3|
|
|switch|p1a: Yo Momma|Snorlax|523\/523
|turn|12
|choice|move 1|switch 5
|
|switch|p2a: Snorlax|Snorlax|523\/523
|move|p1a: Yo Momma|Body Slam|p2a: Snorlax
|-damage|p2a: Snorlax|389\/523
|
|turn|13
|choice|move 2|move 1
|
|move|p1a: Yo Momma|Earthquake|p2a: Snorlax
|-damage|p2a: Snorlax|278\/523
|move|p2a: Snorlax|Body Slam|p1a: Yo Momma
|-damage|p1a: Yo Momma|391\/523
|
|turn|14
|choice|move 1|move 3
|
|move|p1a: Yo Momma|Body Slam|p2a: Snorlax
|-damage|p2a: Snorlax|140\/523
|move|p2a: Snorlax|Rest|p2a: Snorlax
|-status|p2a: Snorlax|slp
|-heal|p2a: Snorlax|523\/523 slp|[silent]
|-status|p2a: Snorlax|slp|[from] move: Rest
|
|turn|15
|choice|move 1|move 4
|
|cant|p2a: Snorlax|slp
|move|p1a: Yo Momma|Body Slam|p2a: Snorlax
|-damage|p2a: Snorlax|383\/523 slp
|
|turn|16
|choice|move 1|move 4
|
|move|p1a: Yo Momma|Body Slam|p2a: Snorlax
|-damage|p2a: Snorlax|247\/523 slp
|-curestatus|p2a: Snorlax|slp
|
|turn|17
|choice|move 1|move 3
|
|move|p1a: Yo Momma|Body Slam|p2a: Snorlax
|-damage|p2a: Snorlax|100\/523
|move|p2a: Snorlax|Rest|p2a: Snorlax
|-status|p2a: Snorlax|slp
|-heal|p2a: Snorlax|523\/523 slp|[silent]
|-status|p2a: Snorlax|slp|[from] move: Rest
|
|turn|18
|choice|move 1|switch 6
|
|switch|p2a: Exeggutor|Exeggutor|393\/393
|move|p1a: Yo Momma|Body Slam|p2a: Exeggutor
|-damage|p2a: Exeggutor|283\/393
|
|turn|19
|choice|switch 2|move 1
|
|switch|p1a: I Own RBY|Chansey|603\/703 par
|move|p2a: Exeggutor|Leech Seed|p1a: I Own RBY|[miss]
|-miss|p2a: Exeggutor
|
|turn|20
|choice|move 2|move 1
|
|move|p2a: Exeggutor|Leech Seed|p1a: I Own RBY
|-start|p1a: I Own RBY|move: Leech Seed
|move|p1a: I Own RBY|Ice Beam|p2a: Exeggutor
|-supereffective|p2a: Exeggutor
|-damage|p2a: Exeggutor|140\/393
|-damage|p1a: I Own RBY|560\/703 par|[from] Leech Seed|[of] p2a: Exeggutor
|-heal|p2a: Exeggutor|183\/393|[silent]
|
|turn|21
|choice|move 2|move 3
|
|move|p2a: Exeggutor|Psychic|p1a: I Own RBY
|-damage|p1a: I Own RBY|442\/703 par
|move|p1a: I Own RBY|Ice Beam|p2a: Exeggutor
|-supereffective|p2a: Exeggutor
|-damage|p2a: Exeggutor|54\/393
|-damage|p1a: I Own RBY|399\/703 par|[from] Leech Seed|[of] p2a: Exeggutor
|-heal|p2a: Exeggutor|97\/393|[silent]
|
|turn|22
|choice|move 1|move 2
|
|move|p2a: Exeggutor|Rest|p2a: Exeggutor
|-status|p2a: Exeggutor|slp
|-heal|p2a: Exeggutor|393\/393 slp|[silent]
|-status|p2a: Exeggutor|slp|[from] move: Rest
|move|p1a: I Own RBY|Soft-Boiled|p1a: I Own RBY
|-heal|p1a: I Own RBY|703\/703 par
|-damage|p1a: I Own RBY|660\/703 par|[from] Leech Seed|[of] p2a: Exeggutor
|
|turn|23
|choice|switch 5|move 3
|
|switch|p1a: Shoooryuken!|Starmie|323\/323
|cant|p2a: Exeggutor|slp
|
|turn|24
|choice|move 1|switch 4
|
|switch|p2a: Jynx|Jynx|333\/333
|move|p1a: Shoooryuken!|Blizzard|p2a: Jynx
|-crit|p2a: Jynx
|-resisted|p2a: Jynx
|-damage|p2a: Jynx|243\/333
|
|turn|25
|choice|switch 5|move 2
|
|switch|p1a: I Own RBY|Chansey|660\/703 par
|move|p2a: Jynx|Psychic|p1a: I Own RBY
|-damage|p1a: I Own RBY|565\/703 par
|
|turn|26
|choice|move 2|move 2
|
|move|p2a: Jynx|Psychic|p1a: I Own RBY
|-damage|p1a: I Own RBY|459\/703 par
|move|p1a: I Own RBY|Ice Beam|p2a: Jynx
|-resisted|p2a: Jynx
|-damage|p2a: Jynx|203\/333
|
|turn|27
|choice|move 3|move 2
|
|move|p2a: Jynx|Psychic|p1a: I Own RBY
|-damage|p1a: I Own RBY|361\/703 par
|-unboost|p1a: I Own RBY|spd|1
|-unboost|p1a: I Own RBY|spa|1
|move|p1a: I Own RBY|Thunder Wave|p2a: Jynx
|-status|p2a: Jynx|par
|
|turn|28
|choice|move 1|move 2
|
|move|p2a: Jynx|Psychic|p1a: I Own RBY
|-crit|p1a: I Own RBY
|-damage|p1a: I Own RBY|174\/703 par
|-unboost|p1a: I Own RBY|spd|1
|-unboost|p1a: I Own RBY|spa|1
|move|p1a: I Own RBY|Soft-Boiled|p1a: I Own RBY
|-heal|p1a: I Own RBY|525\/703 par
|
|turn|29
|choice|move 1|move 2
|
|cant|p2a: Jynx|par
|move|p1a: I Own RBY|Soft-Boiled|p1a: I Own RBY
|-heal|p1a: I Own RBY|703\/703 par
|
|turn|30
|choice|switch 5|move 2
|
|switch|p1a: Shoooryuken!|Starmie|323\/323
|cant|p2a: Jynx|par
|
|turn|31
|choice|switch 5|move 3
|
|switch|p1a: I Own RBY|Chansey|703\/703 par
|move|p2a: Jynx|Lovely Kiss|p1a: I Own RBY|[miss]
|-miss|p2a: Jynx
|
|turn|32
|choice|move 2|move 4
|
|cant|p2a: Jynx|par
|move|p1a: I Own RBY|Ice Beam|p2a: Jynx
|-resisted|p2a: Jynx
|-damage|p2a: Jynx|165\/333 par
|
|turn|33
|choice|switch 2|move 4
|
|switch|p1a: Yo Momma|Snorlax|391\/523
|move|p2a: Jynx|Rest|p2a: Jynx
|-status|p2a: Jynx|slp
|-heal|p2a: Jynx|333\/333 slp|[silent]
|-status|p2a: Jynx|slp|[from] move: Rest
|
|turn|34
|choice|move 1|switch 3
|
|switch|p2a: Rhydon|Rhydon|413\/413
|move|p1a: Yo Momma|Body Slam|p2a: Rhydon
|-resisted|p2a: Rhydon
|-damage|p2a: Rhydon|366\/413
|
|turn|35
|choice|move 2|move 1
|
|move|p2a: Rhydon|Earthquake|p1a: Yo Momma
|-damage|p1a: Yo Momma|196\/523
|move|p1a: Yo Momma|Earthquake|p2a: Rhydon
|-supereffective|p2a: Rhydon
|-damage|p2a: Rhydon|205\/413
|
|turn|36
|choice|switch 5|move 1
|
|switch|p1a: Shoooryuken!|Starmie|323\/323
|move|p2a: Rhydon|Earthquake|p1a: Shoooryuken!
|-damage|p1a: Shoooryuken!|165\/323
|
|turn|37
|choice|switch 5|switch 2
|
|switch|p1a: Yo Momma|Snorlax|196\/523
|switch|p2a: Chansey|Chansey|703\/703
|
|turn|38
|choice|move 2|switch 2
|
|switch|p2a: Rhydon|Rhydon|205\/413
|move|p1a: Yo Momma|Earthquake|p2a: Rhydon
|-supereffective|p2a: Rhydon
|-damage|p2a: Rhydon|64\/413
|
|turn|39
|choice|move 2|move 1
|
|move|p2a: Rhydon|Earthquake|p1a: Yo Momma
|-damage|p1a: Yo Momma|20\/523
|move|p1a: Yo Momma|Earthquake|p2a: Rhydon
|-supereffective|p2a: Rhydon
|-damage|p2a: Rhydon|0 fnt
|faint|p2a: Rhydon
|choice||switch 2
|
|switch|p2a: Chansey|Chansey|703\/703
|turn|40
|choice|switch 2|move 2
|
|switch|p1a: I Own RBY|Chansey|703\/703 par
|move|p2a: Chansey|Thunderbolt|p1a: I Own RBY
|-damage|p1a: I Own RBY|629\/703 par
|
|turn|41
|choice|switch 2|move 2
|
|switch|p1a: Yo Momma|Snorlax|20\/523
|move|p2a: Chansey|Thunderbolt|p1a: Yo Momma
|-damage|p1a: Yo Momma|0 fnt
|faint|p1a: Yo Momma
|c|★SunnyORAS|hue
|choice|switch 2|
|
|switch|p1a: I Own RBY|Chansey|629\/703 par
|turn|42
|choice|move 2|switch 3
|
|switch|p2a: Jynx|Jynx|333\/333 slp
|move|p1a: I Own RBY|Ice Beam|p2a: Jynx
|-resisted|p2a: Jynx
|-damage|p2a: Jynx|293\/333 slp
|
|turn|43
|choice|move 2|switch 3
|
|switch|p2a: Chansey|Chansey|703\/703
|cant|p1a: I Own RBY|par
|
|turn|44
|choice|move 2|switch 5
|
|switch|p2a: Alakazam|Alakazam|251\/313 par
|cant|p1a: I Own RBY|par
|
|turn|45
|choice|move 2|move 1
|
|move|p2a: Alakazam|Psychic|p1a: I Own RBY
|-damage|p1a: I Own RBY|497\/703 par
|move|p1a: I Own RBY|Ice Beam|p2a: Alakazam
|-damage|p2a: Alakazam|189\/313 par
|
|turn|46
|choice|move 1|move 3
|
|move|p2a: Alakazam|Recover|p2a: Alakazam
|-heal|p2a: Alakazam|313\/313 par
|move|p1a: I Own RBY|Soft-Boiled|p1a: I Own RBY
|-heal|p1a: I Own RBY|703\/703 par
|
|turn|47
|choice|move 3|switch 6
|
|switch|p2a: Snorlax|Snorlax|523\/523 slp
|move|p1a: I Own RBY|Thunder Wave|p2a: Snorlax
|-fail|p2a: Snorlax
|
|turn|48
|choice|move 2|move 1
|
|cant|p2a: Snorlax|slp
|move|p1a: I Own RBY|Ice Beam|p2a: Snorlax
|-damage|p2a: Snorlax|426\/523 slp
|
|turn|49
|c|★SunnyORAS|kk calling it
|choice|move 3|move 1
|
|-curestatus|p2a: Snorlax|slp
|move|p1a: I Own RBY|Thunder Wave|p2a: Snorlax
|-status|p2a: Snorlax|par
|
|turn|50
|choice|move 4|move 4
|
|move|p2a: Snorlax|Reflect|p2a: Snorlax
|-start|p2a: Snorlax|Reflect
|move|p1a: I Own RBY|Counter|p2a: Snorlax
|-fail|p1a: I Own RBY
|
|turn|51
|c|★SunnyORAS|yeah lax wins
|c|★SunnyORAS|=0
|choice|move 2|move 3
|
|cant|p1a: I Own RBY|par
|move|p2a: Snorlax|Rest|p2a: Snorlax
|-status|p2a: Snorlax|slp
|-heal|p2a: Snorlax|523\/523 slp|[silent]
|-status|p2a: Snorlax|slp|[from] move: Rest
|
|turn|52
|choice|switch 6|move 1
|
|switch|p1a: ZFap ZFap ZFap|Zapdos|383\/383
|cant|p2a: Snorlax|slp
|
|turn|53
|c|★SunnyORAS|ooh zappy
|choice|move 2|move 1
|
|move|p1a: ZFap ZFap ZFap|Thunderbolt|p2a: Snorlax
|-damage|p2a: Snorlax|350\/523 slp
|-curestatus|p2a: Snorlax|slp
|
|turn|54
|choice|move 2|move 3
|
|move|p1a: ZFap ZFap ZFap|Thunderbolt|p2a: Snorlax
|-damage|p2a: Snorlax|193\/523
|move|p2a: Snorlax|Rest|p2a: Snorlax
|-status|p2a: Snorlax|slp
|-heal|p2a: Snorlax|523\/523 slp|[silent]
|-status|p2a: Snorlax|slp|[from] move: Rest
|
|turn|55
|choice|move 2|switch 5
|
|switch|p2a: Chansey|Chansey|703\/703
|move|p1a: ZFap ZFap ZFap|Thunderbolt|p2a: Chansey
|-damage|p2a: Chansey|582\/703
|
|turn|56
|choice|switch 6|switch 5
|
|switch|p1a: I Own RBY|Chansey|703\/703 par
|switch|p2a: Snorlax|Snorlax|523\/523 slp
|
|turn|57
|choice|move 2|switch 6
|
|switch|p2a: Alakazam|Alakazam|313\/313 par
|move|p1a: I Own RBY|Ice Beam|p2a: Alakazam
|-damage|p2a: Alakazam|248\/313 par
|
|turn|58
|choice|move 3|move 1
|
|move|p2a: Alakazam|Psychic|p1a: I Own RBY
|-damage|p1a: I Own RBY|578\/703 par
|cant|p1a: I Own RBY|par
|
|turn|59
|choice|move 3|move 1
|
|move|p2a: Alakazam|Psychic|p1a: I Own RBY
|-damage|p1a: I Own RBY|453\/703 par
|move|p1a: I Own RBY|Thunder Wave|p2a: Alakazam
|-fail|p2a: Alakazam|par
|
|turn|60
|choice|move 1|move 1
|
|move|p2a: Alakazam|Psychic|p1a: I Own RBY
|-damage|p1a: I Own RBY|315\/703 par
|-unboost|p1a: I Own RBY|spd|1
|-unboost|p1a: I Own RBY|spa|1
|cant|p1a: I Own RBY|par
|
|turn|61
|choice|move 1|move 1
|
|move|p2a: Alakazam|Psychic|p1a: I Own RBY
|-damage|p1a: I Own RBY|127\/703 par
|cant|p1a: I Own RBY|par
|
|turn|62
|choice|move 1|move 1
|
|move|p2a: Alakazam|Psychic|p1a: I Own RBY
|-damage|p1a: I Own RBY|0 fnt
|faint|p1a: I Own RBY
|choice|switch 6|
|
|switch|p1a: ZFap ZFap ZFap|Zapdos|383\/383
|turn|63
|choice|move 1|move 2
|
|move|p1a: ZFap ZFap ZFap|Drill Peck|p2a: Alakazam
|-damage|p2a: Alakazam|104\/313 par
|move|p2a: Alakazam|Thunder Wave|p1a: ZFap ZFap ZFap
|-status|p1a: ZFap ZFap ZFap|par
|
|turn|64
|choice|move 1|move 1
|
|move|p2a: Alakazam|Psychic|p1a: ZFap ZFap ZFap
|-damage|p1a: ZFap ZFap ZFap|262\/383 par
|move|p1a: ZFap ZFap ZFap|Drill Peck|p2a: Alakazam
|-damage|p2a: Alakazam|0 fnt
|faint|p2a: Alakazam
|choice||switch 5
|
|switch|p2a: Chansey|Chansey|582\/703
|turn|65
|choice|switch 5|move 3
|
|switch|p1a: Shoooryuken!|Starmie|165\/323
|move|p2a: Chansey|Ice Beam|p1a: Shoooryuken!
|-resisted|p1a: Shoooryuken!
|-damage|p1a: Shoooryuken!|125\/323
|
|turn|66
|choice|move 2|move 1
|
|move|p1a: Shoooryuken!|Thunder Wave|p2a: Chansey
|-status|p2a: Chansey|par
|cant|p2a: Chansey|par
|
|turn|67
|choice|move 4|move 1
|
|move|p1a: Shoooryuken!|Recover|p1a: Shoooryuken!
|-heal|p1a: Shoooryuken!|286\/323
|move|p2a: Chansey|Thunder Wave|p1a: Shoooryuken!
|-status|p1a: Shoooryuken!|par
|
|turn|68
|choice|move 3|move 2
|
|move|p1a: Shoooryuken!|Psychic|p2a: Chansey
|-damage|p2a: Chansey|475\/703 par
|-unboost|p2a: Chansey|spd|1
|-unboost|p2a: Chansey|spa|1
|move|p2a: Chansey|Thunderbolt|p1a: Shoooryuken!
|-crit|p1a: Shoooryuken!
|-supereffective|p1a: Shoooryuken!
|-damage|p1a: Shoooryuken!|0 fnt
|faint|p1a: Shoooryuken!
|choice|switch 5|
|
|switch|p1a: ZFap ZFap ZFap|Zapdos|262\/383 par
|turn|69
|choice|move 1|move 4
|
|move|p1a: ZFap ZFap ZFap|Drill Peck|p2a: Chansey
|-damage|p2a: Chansey|235\/703 par
|move|p2a: Chansey|Soft-Boiled|p2a: Chansey
|-heal|p2a: Chansey|586\/703 par
|
|turn|70
|choice|move 1|move 3
|
|move|p1a: ZFap ZFap ZFap|Drill Peck|p2a: Chansey
|-damage|p2a: Chansey|362\/703 par
|move|p2a: Chansey|Ice Beam|p1a: ZFap ZFap ZFap
|-supereffective|p1a: ZFap ZFap ZFap
|-damage|p1a: ZFap ZFap ZFap|175\/383 par
|
|turn|71
|choice|move 1|move 4
|
|cant|p1a: ZFap ZFap ZFap|par
|move|p2a: Chansey|Soft-Boiled|p2a: Chansey
|-heal|p2a: Chansey|703\/703 par
|
|turn|72
|choice|move 1|move 3
|
|move|p1a: ZFap ZFap ZFap|Drill Peck|p2a: Chansey
|-damage|p2a: Chansey|468\/703 par
|move|p2a: Chansey|Ice Beam|p1a: ZFap ZFap ZFap
|-supereffective|p1a: ZFap ZFap ZFap
|-damage|p1a: ZFap ZFap ZFap|84\/383 par
|
|turn|73
|choice|move 1|move 3
|
|move|p1a: ZFap ZFap ZFap|Drill Peck|p2a: Chansey
|-crit|p2a: Chansey
|-damage|p2a: Chansey|7\/703 par
|move|p2a: Chansey|Ice Beam|p1a: ZFap ZFap ZFap
|-supereffective|p1a: ZFap ZFap ZFap
|-damage|p1a: ZFap ZFap ZFap|0 fnt
|faint|p1a: ZFap ZFap ZFap
|choice|switch 4|
|
|switch|p1a: I'm God|Tauros|353\/353
|turn|74
|choice|move 2|move 2
|
|move|p1a: I'm God|Body Slam|p2a: Chansey
|-damage|p2a: Chansey|0 fnt
|faint|p2a: Chansey
|choice||switch 4
|
|switch|p2a: Exeggutor|Exeggutor|393\/393 slp
|turn|75
|choice|move 1|move 4
|
|move|p1a: I'm God|Blizzard|p2a: Exeggutor
|-supereffective|p2a: Exeggutor
|-damage|p2a: Exeggutor|274\/393 slp
|-curestatus|p2a: Exeggutor|slp
|
|turn|76
|choice|move 3|move 4
|
|move|p1a: I'm God|Hyper Beam|p2a: Exeggutor
|-crit|p2a: Exeggutor
|-damage|p2a: Exeggutor|0 fnt
|faint|p2a: Exeggutor
|choice||switch 6
|
|switch|p2a: Snorlax|Snorlax|523\/523 slp
|turn|77
|choice|move 2|move 4
|
|move|p1a: I'm God|Body Slam|p2a: Snorlax
|-damage|p2a: Snorlax|400\/523 slp
|cant|p2a: Snorlax|slp
|
|turn|78
|choice|move 2|move 4
|
|move|p1a: I'm God|Body Slam|p2a: Snorlax
|-crit|p2a: Snorlax
|-damage|p2a: Snorlax|144\/523 slp
|-curestatus|p2a: Snorlax|slp
|
|turn|79
|choice|move 3|move 3
|
|move|p1a: I'm God|Hyper Beam|p2a: Snorlax
|-damage|p2a: Snorlax|0 fnt
|faint|p2a: Snorlax
|c|★SunnyORAS|rip
|c|★SunnyORAS|G_G
|choice||switch 3
|
|switch|p2a: Jynx|Jynx|293\/333 slp
|turn|80
|c|★Peasounay|gg man
|l|rocks r 4 skrubs
|c|★SunnyORAS|fun game fun gam
|choice|move 2|move 2
|
|move|p1a: I'm God|Body Slam|p2a: Jynx
|-damage|p2a: Jynx|127\/333 slp
|cant|p2a: Jynx|slp
|
|turn|81
|c|★Peasounay|yea
|c|★Peasounay|original team
|choice|move 2|move 2
|
|move|p1a: I'm God|Body Slam|p2a: Jynx
|-crit|p2a: Jynx
|-damage|p2a: Jynx|0 fnt
|faint|p2a: Jynx
|
|win|Peasounay
|l|Peasounay
|player|p1