|j|ankitkhetrapal
|j|Sad Dolar
|player|p1|ankitkhetrapal|52
|player|p2|Sad Dolar|266
|gametype|singles
|gen|1
|tier|[Gen 1] Random Battle
|rated
|seed|61006,50701,59685,33378
|rule|Sleep Clause Mod: Limit one foe put to sleep
|rule|Freeze Clause Mod: Limit one foe frozen
|rule|HP Percentage Mod: HP is shown in percentages
|
|start
|switch|p1a: Clefairy|Clefairy, L95|326\/326
|switch|p2a: Onix|Onix, L90|246\/246
|turn|1
|choice|move 2|move 2
|
|move|p2a: Onix|Toxic|p1a: Clefairy
|-status|p1a: Clefairy|tox
|move|p1a: Clefairy|Sing|p2a: Onix|[miss]
|-miss|p1a: Clefairy
|-damage|p1a: Clefairy|306\/326 tox|[from] tox|[of] p2a: Onix
|
|turn|2
|choice|move 2|move 4
|
|move|p2a: Onix|Rock Slide|p1a: Clefairy
|-damage|p1a: Clefairy|237\/326 tox
|move|p1a: Clefairy|Sing|p2a: Onix
|-status|p2a: Onix|slp
|-damage|p1a: Clefairy|197\/326 tox|[from] tox|[of] p2a: Onix
|
|turn|3
|choice|move 1|move 4
|
|cant|p2a: Onix|slp
|move|p1a: Clefairy|Blizzard|p2a: Onix
|-crit|p2a: Onix
|-supereffective|p2a: Onix
|-damage|p2a: Onix|0 fnt
|faint|p2a: Onix
|choice||switch 4
|
|switch|p2a: Kangaskhan|Kangaskhan, L85|352\/352
|turn|4
|choice|move 2|move 3
|
|move|p2a: Kangaskhan|Earthquake|p1a: Clefairy
|-damage|p1a: Clefairy|104\/326 tox
|move|p1a: Clefairy|Sing|p2a: Kangaskhan|[miss]
|-miss|p1a: Clefairy
|-damage|p1a: Clefairy|44\/326 tox|[from] tox|[of] p2a: Kangaskhan
|
|turn|5
|choice|move 3|move 4
|
|move|p2a: Kangaskhan|Surf|p1a: Clefairy
|-damage|p1a: Clefairy|0 fnt
|faint|p1a: Clefairy
|choice|switch 2|
|
|switch|p1a: Paras|Paras, L96|262\/262
|turn|6
|choice|move 4|switch 6
|
|switch|p2a: Articuno|Articuno, L79|304\/304
|move|p1a: Paras|Spore|p2a: Articuno
|-status|p2a: Articuno|slp
|
|turn|7
|choice|move 3|switch 5
|
|switch|p2a: Beedrill|Beedrill, L90|300\/300
|move|p1a: Paras|Mega Drain|p2a: Beedrill
|-resisted|p2a: Beedrill
|-damage|p2a: Beedrill|288\/300
|
|turn|8
|choice|move 1|move 2
|
|move|p2a: Beedrill|Agility|p2a: Beedrill
|-boost|p2a: Beedrill|spe|2
|move|p1a: Paras|Body Slam|p2a: Beedrill
|-damage|p2a: Beedrill|200\/300
|
|turn|9
|choice|move 1|move 1
|
|move|p2a: Beedrill|Swords Dance|p2a: Beedrill
|-boost|p2a: Beedrill|atk|2
|move|p1a: Paras|Body Slam|p2a: Beedrill
|-damage|p2a: Beedrill|111\/300
|-status|p2a: Beedrill|par
|
|turn|10
|choice|move 1|move 3
|
|move|p1a: Paras|Body Slam|p2a: Beedrill
|-damage|p2a: Beedrill|20\/300 par
|move|p2a: Beedrill|Twineedle|p1a: Paras
|-supereffective|p1a: Paras
|-damage|p1a: Paras|142\/262
|-status|p1a: Paras|psn
|-damage|p1a: Paras|22\/262 psn
|-hitcount|p1a: Paras|2
|
|turn|11
|choice|move 1|move 4
|
|move|p1a: Paras|Body Slam|p2a: Beedrill
|-damage|p2a: Beedrill|0 fnt
|faint|p2a: Beedrill
|choice||switch 5
|
|switch|p2a: Articuno|Articuno, L79|304\/304 slp
|turn|12
|choice|move 2|move 2
|
|cant|p2a: Articuno|slp
|move|p1a: Paras|Slash|p2a: Articuno
|-damage|p2a: Articuno|255\/304 slp
|-damage|p1a: Paras|6\/262 psn|[from] psn|[of] p2a: Articuno
|
|turn|13
|choice|move 3|move 2
|
|cant|p2a: Articuno|slp
|move|p1a: Paras|Mega Drain|p2a: Articuno
|-resisted|p2a: Articuno
|-damage|p2a: Articuno|238\/304 slp
|-heal|p1a: Paras|14\/262 psn|[from] drain|[of] p2a: Articuno
|-damage|p1a: Paras|0 fnt|[from] psn|[of] p2a: Articuno
|faint|p1a: Paras
|choice|switch 4|
|
|switch|p1a: Charizard|Charizard, L85|306\/306
|turn|14
|choice|move 1|move 2
|
|move|p1a: Charizard|Fire Blast|p2a: Articuno|[miss]
|-miss|p1a: Charizard
|cant|p2a: Articuno|slp
|
|turn|15
|choice|move 1|move 2
|
|move|p1a: Charizard|Fire Blast|p2a: Articuno
|-crit|p2a: Articuno
|-supereffective|p2a: Articuno
|-damage|p2a: Articuno|0 fnt
|faint|p2a: Articuno
|choice||switch 3
|
|switch|p2a: Sandslash|Sandslash, L85|301\/301
|turn|16
|choice|move 1|move 4
|
|move|p1a: Charizard|Fire Blast|p2a: Sandslash
|-damage|p2a: Sandslash|135\/301
|-status|p2a: Sandslash|brn
|move|p2a: Sandslash|Swords Dance|p2a: Sandslash
|-boost|p2a: Sandslash|atk|2
|-damage|p2a: Sandslash|117\/301 brn|[from] brn
|
|turn|17
|choice|move 1|move 2
|
|move|p1a: Charizard|Fire Blast|p2a: Sandslash
|-damage|p2a: Sandslash|0 fnt
|faint|p2a: Sandslash
|choice||switch 2
|
|switch|p2a: Poliwhirl|Poliwhirl, L85|284\/284
|turn|18
|choice|switch 5|move 3
|
|switch|p1a: Jolteon|Jolteon, L79|265\/265
|move|p2a: Poliwhirl|Hypnosis|p1a: Jolteon
|-status|p1a: Jolteon|slp
|
|turn|19
|choice|switch 6|move 1
|
|switch|p1a: Machoke|Machoke, L85|310\/310
|move|p2a: Poliwhirl|Amnesia|p2a: Poliwhirl
|-boost|p2a: Poliwhirl|spd|2
|-boost|p2a: Poliwhirl|spa|2
|
|turn|20
|choice|move 2|move 4
|
|move|p2a: Poliwhirl|Psychic|p1a: Machoke
|-crit|p1a: Machoke
|-supereffective|p1a: Machoke
|-damage|p1a: Machoke|62\/310
|-unboost|p1a: Machoke|spd|1
|-unboost|p1a: Machoke|spa|1
|move|p1a: Machoke|Body Slam|p2a: Poliwhirl
|-damage|p2a: Poliwhirl|212\/284
|
|turn|21
|choice|move 1|move 4
|
|move|p2a: Poliwhirl|Psychic|p1a: Machoke
|-crit|p1a: Machoke
|-supereffective|p1a: Machoke
|-damage|p1a: Machoke|0 fnt
|faint|p1a: Machoke
|choice|switch 5|
|
|switch|p1a: Charizard|Charizard, L85|306\/306
|turn|22
|choice|move 3|move 2
|
|move|p1a: Charizard|Hyper Beam|p2a: Poliwhirl
|-damage|p2a: Poliwhirl|96\/284
|move|p2a: Poliwhirl|Surf|p1a: Charizard
|-supereffective|p1a: Charizard
|-damage|p1a: Charizard|36\/306
|
|turn|23
|-mustrecharge|p1a: Charizard
|-mustrecharge|p1a: Charizard
|choice|move 1|move 2
|
|cant|p1a: Charizard|recharge
|move|p2a: Poliwhirl|Surf|p1a: Charizard
|-supereffective|p1a: Charizard
|-damage|p1a: Charizard|0 fnt
|faint|p1a: Charizard
|choice|switch 3|
|
|switch|p1a: Nidoking|Nidoking, L85|311\/311
|turn|24
|choice|move 2|move 2
|
|move|p2a: Poliwhirl|Surf|p1a: Nidoking
|-crit|p1a: Nidoking
|-supereffective|p1a: Nidoking
|-damage|p1a: Nidoking|0 fnt
|faint|p1a: Nidoking
|choice|switch 6|
|
|switch|p1a: Jolteon|Jolteon, L79|265\/265 slp
|turn|25
|choice|move 1|move 2
|
|cant|p1a: Jolteon|slp
|move|p2a: Poliwhirl|Surf|p1a: Jolteon
|-damage|p1a: Jolteon|134\/265 slp
|
|turn|26
|choice|move 1|move 2
|
|cant|p1a: Jolteon|slp
|move|p2a: Poliwhirl|Surf|p1a: Jolteon
|-damage|p1a: Jolteon|9\/265 slp
|
|turn|27
|choice|move 1|move 2
|
|-curestatus|p1a: Jolteon|slp
|move|p2a: Poliwhirl|Surf|p1a: Jolteon
|-damage|p1a: Jolteon|0 fnt
|faint|p1a: Jolteon
|
|win|Sad Dolar
|player|p1
|player|p2
|raw|ankitkhetrapal's rating: 1176 &rarr; <strong>1146<\/strong><br \/>(-30 for losing)
|raw|Sad Dolar's rating: 1105 &rarr; <strong>1135<\/strong><br \/>(+30 for winning)