|join|gvbvcbgd
|join|Noratraika
|player|p1|gvbvcbgd|101
|player|p2|Noratraika|285
|gametype|singles
|gen|1
|tier|[Gen 1] OU
|rated
|seed|31413,17934,4038,65114
|rule|Sleep Clause Mod: Limit one foe put to sleep
|rule|Freeze Clause Mod: Limit one foe frozen
|rule|Species Clause: Limit one of each Pokémon
|rule|OHKO Clause: OHKO moves are banned
|rule|Evasion Moves Clause: Evasion moves are banned
|rule|HP Percentage Mod: HP is shown in percentages
|
|start
|switch|p1a: Jolteon|Jolteon|333\/333
|switch|p2a: Jynx|Jynx|333\/333
|turn|1
|choice|move 1|switch 2
|
|switch|p2a: Chansey|Chansey|703\/703
|move|p1a: Jolteon|Thunder Wave|p2a: Chansey
|-status|p2a: Chansey|par
|
|turn|2
|choice|switch 6|move 1
|
|switch|p1a: Hypno|Hypno|373\/373
|move|p2a: Chansey|Ice Beam|p1a: Hypno
|-damage|p1a: Hypno|300\/373
|
|turn|3
|choice|move 3|move 4
|
|move|p1a: Hypno|Psychic|p2a: Chansey
|-damage|p2a: Chansey|590\/703 par
|move|p2a: Chansey|Thunder Wave|p1a: Hypno
|-status|p1a: Hypno|par
|
|turn|4
|choice|move 3|switch 4
|
|switch|p2a: Slowbro|Slowbro|393\/393
|move|p1a: Hypno|Psychic|p2a: Slowbro
|-resisted|p2a: Slowbro
|-damage|p2a: Slowbro|324\/393
|
|turn|5
|choice|switch 5|move 2
|
|switch|p1a: Exeggutor|Exeggutor|393\/393
|move|p2a: Slowbro|Amnesia|p2a: Slowbro
|-boost|p2a: Slowbro|spd|2
|-boost|p2a: Slowbro|spa|2
|
|turn|6
|choice|move 1|switch 4
|
|switch|p2a: Chansey|Chansey|590\/703 par
|move|p1a: Exeggutor|Leech Seed|p2a: Chansey
|-start|p2a: Chansey|move: Leech Seed
|
|turn|7
|choice|switch 5|switch 2
|
|switch|p1a: Hypno|Hypno|300\/373 par
|switch|p2a: Jynx|Jynx|333\/333
|
|turn|8
|choice|move 1|switch 2
|
|switch|p2a: Chansey|Chansey|590\/703 par
|move|p1a: Hypno|Thunder Wave|p2a: Chansey
|-fail|p2a: Chansey|par
|
|turn|9
|choice|move 3|move 1
|
|move|p1a: Hypno|Psychic|p2a: Chansey
|-crit|p2a: Chansey
|-damage|p2a: Chansey|352\/703 par
|-unboost|p2a: Chansey|spd|1
|-unboost|p2a: Chansey|spa|1
|cant|p2a: Chansey|par
|
|turn|10
|choice|move 1|switch 4
|
|switch|p2a: Slowbro|Slowbro|324\/393
|move|p1a: Hypno|Thunder Wave|p2a: Slowbro
|-status|p2a: Slowbro|par
|
|turn|11
|choice|switch 3|move 3
|
|switch|p1a: Victreebel|Victreebel|363\/363
|move|p2a: Slowbro|Thunder Wave|p1a: Victreebel
|-status|p1a: Victreebel|par
|
|turn|12
|choice|switch 3|switch 5
|
|switch|p1a: Hypno|Hypno|300\/373 par
|switch|p2a: Exeggutor|Exeggutor|393\/393
|
|turn|13
|choice|move 3|switch 4
|
|switch|p2a: Chansey|Chansey|352\/703 par
|move|p1a: Hypno|Psychic|p2a: Chansey
|-damage|p2a: Chansey|242\/703 par
|
|turn|14
|choice|switch 4|move 3
|
|switch|p1a: Tentacruel|Tentacruel|363\/363
|move|p2a: Chansey|Soft-Boiled|p2a: Chansey
|-heal|p2a: Chansey|593\/703 par
|
|turn|15
|choice|move 2|move 4
|
|move|p1a: Tentacruel|Wrap|p2a: Chansey
|-damage|p2a: Chansey|567\/703 par
|-activate|p2a: Chansey|move: Wrap|[of] p1a: Tentacruel
|cant|p2a: Chansey|par
|
|turn|16
|c|★Noratraika|31
|choice|move 2|switch 3
|
|switch|p2a: Golem|Golem|363\/363
|move|p1a: Tentacruel|Wrap|p2a: Golem
|-resisted|p2a: Golem
|-damage|p2a: Golem|359\/363
|-activate|p2a: Golem|move: Wrap|[of] p1a: Tentacruel
|
|turn|17
|c|★Noratraika|30
|choice|move 2|switch 2
|
|switch|p2a: Jynx|Jynx|333\/333
|move|p1a: Tentacruel|Wrap|p2a: Jynx
|-damage|p2a: Jynx|315\/333
|-activate|p2a: Jynx|move: Wrap|[of] p1a: Tentacruel
|
|turn|18
|c|★Noratraika|29
|choice|switch 6|move 2
|
|switch|p1a: Jolteon|Jolteon|333\/333
|cant|p2a: Jynx|partiallytrapped
|
|-end|p2a: Jynx|Wrap|[partiallytrapped]
|turn|19
|choice|move 2|move 4
|
|move|p1a: Jolteon|Toxic|p2a: Jynx
|-status|p2a: Jynx|tox
|move|p2a: Jynx|Lovely Kiss|p1a: Jolteon
|-status|p1a: Jolteon|slp
|-damage|p2a: Jynx|295\/333 tox|[from] tox|[of] p1a: Jolteon
|
|turn|20
|choice|switch 4|switch 6
|
|switch|p1a: Hypno|Hypno|300\/373 par
|switch|p2a: Tauros|Tauros|353\/353
|
|turn|21
|choice|move 4|switch 5
|
|switch|p2a: Slowbro|Slowbro|324\/393 par
|move|p1a: Hypno|Counter|p2a: Slowbro
|-fail|p1a: Hypno
|
|turn|22
|choice|move 3|move 2
|
|move|p1a: Hypno|Psychic|p2a: Slowbro
|-resisted|p2a: Slowbro
|-damage|p2a: Slowbro|256\/393 par
|move|p2a: Slowbro|Amnesia|p2a: Slowbro
|-boost|p2a: Slowbro|spd|2
|-boost|p2a: Slowbro|spa|2
|
|turn|23
|choice|switch 3|move 4
|
|switch|p1a: Victreebel|Victreebel|363\/363 par
|move|p2a: Slowbro|Rest|p2a: Slowbro
|-status|p2a: Slowbro|slp
|-heal|p2a: Slowbro|393\/393 slp|[silent]
|-status|p2a: Slowbro|slp|[from] move: Rest
|
|turn|24
|choice|move 3|switch 4
|
|switch|p2a: Exeggutor|Exeggutor|393\/393
|move|p1a: Victreebel|Wrap|p2a: Exeggutor
|-damage|p2a: Exeggutor|378\/393
|-activate|p2a: Exeggutor|move: Wrap|[of] p1a: Victreebel
|
|turn|25
|choice|move 3|move 1
|
|cant|p2a: Exeggutor|partiallytrapped
|move|p1a: Victreebel|Wrap|p2a: Exeggutor
|-damage|p2a: Exeggutor|363\/393
|
|-end|p2a: Exeggutor|Wrap|[partiallytrapped]
|turn|26
|choice|switch 5|move 1
|
|switch|p1a: Exeggutor|Exeggutor|393\/393
|move|p2a: Exeggutor|Psychic|p1a: Exeggutor
|-resisted|p1a: Exeggutor
|-damage|p1a: Exeggutor|345\/393
|
|turn|27
|choice|move 1|move 3
|
|move|p1a: Exeggutor|Leech Seed|p2a: Exeggutor|[miss]
|-miss|p1a: Exeggutor
|move|p2a: Exeggutor|Double-Edge|p1a: Exeggutor
|-damage|p1a: Exeggutor|264\/393
|-damage|p2a: Exeggutor|343\/393|[from] recoil|[of] p1a: Exeggutor
|
|turn|28
|choice|move 2|move 3
|
|move|p1a: Exeggutor|Toxic|p2a: Exeggutor|[miss]
|-miss|p1a: Exeggutor
|move|p2a: Exeggutor|Double-Edge|p1a: Exeggutor
|-damage|p1a: Exeggutor|186\/393
|-damage|p2a: Exeggutor|324\/393|[from] recoil|[of] p1a: Exeggutor
|
|turn|29
|choice|move 2|move 3
|
|move|p1a: Exeggutor|Toxic|p2a: Exeggutor
|-status|p2a: Exeggutor|tox
|move|p2a: Exeggutor|Double-Edge|p1a: Exeggutor
|-damage|p1a: Exeggutor|98\/393
|-damage|p2a: Exeggutor|302\/393 tox|[from] recoil|[of] p1a: Exeggutor
|-damage|p2a: Exeggutor|278\/393 tox|[from] tox|[of] p1a: Exeggutor
|
|turn|30
|choice|move 1|switch 2
|
|switch|p2a: Golem|Golem|359\/363
|move|p1a: Exeggutor|Leech Seed|p2a: Golem
|-start|p2a: Golem|move: Leech Seed
|
|turn|31
|choice|move 3|switch 2
|
|switch|p2a: Exeggutor|Exeggutor|278\/393 tox
|-status|p2a: Exeggutor|psn
|-damage|p2a: Exeggutor|254\/393 psn|[from] psn
|move|p1a: Exeggutor|Explosion|p2a: Exeggutor
|-damage|p2a: Exeggutor|0 fnt
|faint|p2a: Exeggutor
|faint|p1a: Exeggutor
|choice|switch 6|switch 5
|
|switch|p2a: Tauros|Tauros|353\/353
|switch|p1a: Tentacruel|Tentacruel|363\/363
|turn|32
|choice|move 4|move 3
|
|move|p2a: Tauros|Earthquake|p1a: Tentacruel
|-supereffective|p1a: Tentacruel
|-damage|p1a: Tentacruel|162\/363
|move|p1a: Tentacruel|Surf|p2a: Tauros
|-damage|p2a: Tauros|197\/353
|
|turn|33
|choice|switch 2|move 3
|
|switch|p1a: Dragonite|Dragonite|385\/385
|move|p2a: Tauros|Earthquake|p1a: Dragonite
|-immune|p1a: Dragonite|[msg]
|
|turn|34
|choice|switch 3|move 1
|
|switch|p1a: Hypno|Hypno|300\/373 par
|move|p2a: Tauros|Blizzard|p1a: Hypno
|-damage|p1a: Hypno|231\/373 par
|
|turn|35
|choice|switch 3|switch 6
|
|switch|p2a: Jynx|Jynx|295\/333 tox
|-status|p2a: Jynx|psn
|-damage|p2a: Jynx|275\/333 psn|[from] psn
|switch|p1a: Dragonite|Dragonite|385\/385
|
|turn|36
|choice|switch 3|move 1
|
|switch|p1a: Hypno|Hypno|231\/373 par
|move|p2a: Jynx|Ice Beam|p1a: Hypno
|-damage|p1a: Hypno|127\/373 par
|-damage|p2a: Jynx|255\/333 psn|[from] psn|[of] p1a: Hypno
|
|turn|37
|choice|move 2|move 1
|
|move|p2a: Jynx|Ice Beam|p1a: Hypno
|-damage|p1a: Hypno|20\/373 par
|-damage|p2a: Jynx|235\/333 psn|[from] psn|[of] p1a: Hypno
|cant|p1a: Hypno|par
|
|turn|38
|choice|move 2|move 1
|
|move|p2a: Jynx|Ice Beam|p1a: Hypno
|-damage|p1a: Hypno|0 fnt
|faint|p1a: Hypno
|choice|switch 2|
|
|switch|p1a: Tentacruel|Tentacruel|162\/363
|turn|39
|choice|move 2|move 2
|
|move|p1a: Tentacruel|Wrap|p2a: Jynx
|-damage|p2a: Jynx|219\/333 psn
|-activate|p2a: Jynx|move: Wrap|[of] p1a: Tentacruel
|cant|p2a: Jynx|partiallytrapped
|-damage|p2a: Jynx|199\/333 psn|[from] psn|[of] p1a: Tentacruel
|
|turn|40
|choice|move 2|switch 2
|
|switch|p2a: Golem|Golem|359\/363
|move|p1a: Tentacruel|Wrap|p2a: Golem
|-resisted|p2a: Golem
|-damage|p2a: Golem|355\/363
|-activate|p2a: Golem|move: Wrap|[of] p1a: Tentacruel
|
|turn|41
|choice|switch 3|switch 6
|
|switch|p1a: Dragonite|Dragonite|385\/385
|switch|p2a: Tauros|Tauros|197\/353
|
|turn|42
|choice|move 1|move 1
|
|move|p2a: Tauros|Blizzard|p1a: Dragonite
|-supereffective|p1a: Dragonite
|-damage|p1a: Dragonite|99\/385
|move|p1a: Dragonite|Agility|p1a: Dragonite
|-boost|p1a: Dragonite|spe|2
|
|turn|43
|choice|move 3|move 1
|
|move|p1a: Dragonite|Wrap|p2a: Tauros
|-crit|p2a: Tauros
|-damage|p2a: Tauros|169\/353
|-activate|p2a: Tauros|move: Wrap|[of] p1a: Dragonite
|cant|p2a: Tauros|partiallytrapped
|
|turn|44
|choice|move 3|switch 6
|
|switch|p2a: Golem|Golem|355\/363
|move|p1a: Dragonite|Wrap|p2a: Golem
|-resisted|p2a: Golem
|-damage|p2a: Golem|349\/363
|-activate|p2a: Golem|move: Wrap|[of] p1a: Dragonite
|
|turn|45
|choice|move 3|move 2
|
|move|p1a: Dragonite|Wrap|p2a: Golem
|-damage|p2a: Golem|343\/363
|cant|p2a: Golem|partiallytrapped
|
|turn|46
|choice|move 3|move 2
|
|move|p1a: Dragonite|Wrap|p2a: Golem
|-damage|p2a: Golem|337\/363
|cant|p2a: Golem|partiallytrapped
|
|-end|p2a: Golem|Wrap|[partiallytrapped]
|turn|47
|choice|move 4|move 4
|
|move|p1a: Dragonite|Ice Beam|p2a: Golem
|-supereffective|p2a: Golem
|-damage|p2a: Golem|127\/363
|move|p2a: Golem|Body Slam|p1a: Dragonite
|-damage|p1a: Dragonite|26\/385
|
|turn|48
|choice|move 3|switch 2
|
|switch|p2a: Jynx|Jynx|199\/333 psn
|-damage|p2a: Jynx|179\/333 psn|[from] psn
|move|p1a: Dragonite|Wrap|p2a: Jynx
|-damage|p2a: Jynx|155\/333 psn
|-activate|p2a: Jynx|move: Wrap|[of] p1a: Dragonite
|
|turn|49
|choice|move 3|switch 2
|
|switch|p2a: Golem|Golem|127\/363
|move|p1a: Dragonite|Wrap|p2a: Golem
|-resisted|p2a: Golem
|-damage|p2a: Golem|121\/363
|-activate|p2a: Golem|move: Wrap|[of] p1a: Dragonite
|
|turn|50
|c|★Noratraika|4
|choice|move 3|switch 4
|
|switch|p2a: Slowbro|Slowbro|393\/393 slp
|move|p1a: Dragonite|Wrap|p2a: Slowbro
|-damage|p2a: Slowbro|380\/393 slp
|-activate|p2a: Slowbro|move: Wrap|[of] p1a: Dragonite
|
|turn|51
|c|★Noratraika|5
|choice|move 3|move 3
|
|move|p1a: Dragonite|Wrap|p2a: Slowbro
|-damage|p2a: Slowbro|367\/393 slp
|cant|p2a: Slowbro|slp
|
|turn|52
|choice|move 3|move 3
|
|move|p1a: Dragonite|Wrap|p2a: Slowbro
|-damage|p2a: Slowbro|354\/393 slp
|-curestatus|p2a: Slowbro|slp
|
|-end|p2a: Slowbro|Wrap|[partiallytrapped]
|turn|53
|choice|move 3|move 3
|
|move|p1a: Dragonite|Wrap|p2a: Slowbro
|-damage|p2a: Slowbro|340\/393
|-activate|p2a: Slowbro|move: Wrap|[of] p1a: Dragonite
|cant|p2a: Slowbro|partiallytrapped
|
|turn|54
|c|★Noratraika|6
|choice|move 3|switch 4
|
|switch|p2a: Golem|Golem|121\/363
|move|p1a: Dragonite|Wrap|p2a: Golem
|-resisted|p2a: Golem
|-damage|p2a: Golem|115\/363
|-activate|p2a: Golem|move: Wrap|[of] p1a: Dragonite
|
|turn|55
|c|★Noratraika|7
|choice|move 3|switch 4
|
|switch|p2a: Slowbro|Slowbro|340\/393
|move|p1a: Dragonite|Wrap|p2a: Slowbro
|-damage|p2a: Slowbro|325\/393
|-activate|p2a: Slowbro|move: Wrap|[of] p1a: Dragonite
|
|turn|56
|c|★Noratraika|8
|choice|move 3|switch 4
|
|switch|p2a: Golem|Golem|115\/363
|move|p1a: Dragonite|Wrap|p2a: Golem
|-resisted|p2a: Golem
|-damage|p2a: Golem|109\/363
|-activate|p2a: Golem|move: Wrap|[of] p1a: Dragonite
|
|turn|57
|c|★Noratraika|9
|choice|move 3|switch 4
|
|switch|p2a: Slowbro|Slowbro|325\/393
|move|p1a: Dragonite|Wrap|p2a: Slowbro
|-damage|p2a: Slowbro|311\/393
|-activate|p2a: Slowbro|move: Wrap|[of] p1a: Dragonite
|
|turn|58
|c|★Noratraika|10
|choice|move 3|switch 4
|
|switch|p2a: Golem|Golem|109\/363
|move|p1a: Dragonite|Wrap|p2a: Golem
|-crit|p2a: Golem
|-resisted|p2a: Golem
|-damage|p2a: Golem|98\/363
|-activate|p2a: Golem|move: Wrap|[of] p1a: Dragonite
|
|turn|59
|c|★Noratraika|11
|choice|move 3|switch 4
|
|switch|p2a: Slowbro|Slowbro|311\/393
|move|p1a: Dragonite|Wrap|p2a: Slowbro
|-crit|p2a: Slowbro
|-damage|p2a: Slowbro|283\/393
|-activate|p2a: Slowbro|move: Wrap|[of] p1a: Dragonite
|
|turn|60
|c|★Noratraika|12
|choice|move 3|switch 4
|
|switch|p2a: Golem|Golem|98\/363
|move|p1a: Dragonite|Wrap|p2a: Golem|[miss]
|-miss|p1a: Dragonite
|
|turn|61
|c|★Noratraika|13
|choice|move 4|switch 4
|
|switch|p2a: Slowbro|Slowbro|283\/393
|move|p1a: Dragonite|Ice Beam|p2a: Slowbro
|-resisted|p2a: Slowbro
|-damage|p2a: Slowbro|237\/393
|
|turn|62
|choice|move 3|move 3
|
|move|p1a: Dragonite|Wrap|p2a: Slowbro
|-damage|p2a: Slowbro|223\/393
|-activate|p2a: Slowbro|move: Wrap|[of] p1a: Dragonite
|cant|p2a: Slowbro|partiallytrapped
|
|turn|63
|c|★Noratraika|14
|choice|move 3|switch 4
|
|switch|p2a: Golem|Golem|98\/363
|move|p1a: Dragonite|Wrap|p2a: Golem
|-resisted|p2a: Golem
|-damage|p2a: Golem|93\/363
|-activate|p2a: Golem|move: Wrap|[of] p1a: Dragonite
|
|turn|64
|c|★Noratraika|15
|choice|move 3|switch 4
|
|switch|p2a: Slowbro|Slowbro|223\/393
|move|p1a: Dragonite|Wrap|p2a: Slowbro
|-damage|p2a: Slowbro|208\/393
|-activate|p2a: Slowbro|move: Wrap|[of] p1a: Dragonite
|
|turn|65
|c|★Noratraika|16
|choice|move 3|switch 4
|
|switch|p2a: Golem|Golem|93\/363
|move|p1a: Dragonite|Wrap|p2a: Golem
|-resisted|p2a: Golem
|-damage|p2a: Golem|87\/363
|-activate|p2a: Golem|move: Wrap|[of] p1a: Dragonite
|
|turn|66
|c|★Noratraika|17
|choice|move 3|switch 4
|
|switch|p2a: Slowbro|Slowbro|208\/393
|move|p1a: Dragonite|Wrap|p2a: Slowbro
|-damage|p2a: Slowbro|195\/393
|-activate|p2a: Slowbro|move: Wrap|[of] p1a: Dragonite
|
|turn|67
|c|★Noratraika|18
|choice|move 3|switch 4
|
|switch|p2a: Golem|Golem|87\/363
|move|p1a: Dragonite|Wrap|p2a: Golem|[miss]
|-miss|p1a: Dragonite
|
|turn|68
|c|★Noratraika|19
|choice|move 2|switch 4
|
|switch|p2a: Slowbro|Slowbro|195\/393
|move|p1a: Dragonite|Thunder Wave|p2a: Slowbro
|-status|p2a: Slowbro|par
|
|turn|69
|choice|move 3|move 3
|
|move|p1a: Dragonite|Wrap|p2a: Slowbro
|-damage|p2a: Slowbro|182\/393 par
|-activate|p2a: Slowbro|move: Wrap|[of] p1a: Dragonite
|cant|p2a: Slowbro|partiallytrapped
|
|turn|70
|c|★Noratraika|20
|choice|move 3|switch 4
|
|switch|p2a: Golem|Golem|87\/363
|move|p1a: Dragonite|Wrap|p2a: Golem
|-resisted|p2a: Golem
|-damage|p2a: Golem|81\/363
|-activate|p2a: Golem|move: Wrap|[of] p1a: Dragonite
|
|turn|71
|c|★Noratraika|21
|choice|move 3|switch 4
|
|switch|p2a: Slowbro|Slowbro|182\/393 par
|move|p1a: Dragonite|Wrap|p2a: Slowbro
|-damage|p2a: Slowbro|169\/393 par
|-activate|p2a: Slowbro|move: Wrap|[of] p1a: Dragonite
|
|turn|72
|c|★Noratraika|22
|choice|move 3|switch 4
|
|switch|p2a: Golem|Golem|81\/363
|move|p1a: Dragonite|Wrap|p2a: Golem
|-crit|p2a: Golem
|-resisted|p2a: Golem
|-damage|p2a: Golem|70\/363
|-activate|p2a: Golem|move: Wrap|[of] p1a: Dragonite
|
|turn|73
|c|★Noratraika|23
|choice|switch 5|switch 4
|
|switch|p1a: Victreebel|Victreebel|363\/363 par
|switch|p2a: Slowbro|Slowbro|169\/393 par
|
|turn|74
|choice|move 3|move 4
|
|move|p1a: Victreebel|Wrap|p2a: Slowbro
|-crit|p2a: Slowbro
|-damage|p2a: Slowbro|146\/393 par
|-activate|p2a: Slowbro|move: Wrap|[of] p1a: Victreebel
|cant|p2a: Slowbro|par
|
|turn|75
|choice|move 3|switch 2
|
|switch|p2a: Jynx|Jynx|155\/333 psn
|-damage|p2a: Jynx|135\/333 psn|[from] psn
|move|p1a: Victreebel|Wrap|p2a: Jynx
|-damage|p2a: Jynx|113\/333 psn
|-activate|p2a: Jynx|move: Wrap|[of] p1a: Victreebel
|
|turn|76
|choice|move 3|move 3
|
|cant|p2a: Jynx|partiallytrapped
|-damage|p2a: Jynx|93\/333 psn|[from] psn
|move|p1a: Victreebel|Wrap|p2a: Jynx
|-damage|p2a: Jynx|71\/333 psn
|
|-end|p2a: Jynx|Wrap|[partiallytrapped]
|turn|77
|choice|move 3|move 3
|
|move|p2a: Jynx|Rest|p2a: Jynx
|-status|p2a: Jynx|slp
|-heal|p2a: Jynx|333\/333 slp|[silent]
|-status|p2a: Jynx|slp|[from] move: Rest
|cant|p1a: Victreebel|par
|
|turn|78
|leave|gvbvcbgd
|player|p1
|-message|gvbvcbgd lost due to inactivity.
|
|win|Noratraika
|raw|gvbvcbgd's rating: 1000 &rarr; <strong>1000<\/strong><br \/>(+0 for losing)
|raw|Noratraika's rating: 1040 &rarr; <strong>1070<\/strong><br \/>(+30 for winning)