|join|kid gf lol
|join|mattttt96
|player|p1|kid gf lol|48
|player|p2|mattttt96|265
|gametype|singles
|gen|1
|tier|[Gen 1] OU (beta)
|rated
|rule|Sleep Clause Mod: Limit one foe put to sleep
|rule|Species Clause: Limit one of each Pokemon
|rule|OHKO Clause: OHKO moves are banned
|rule|Moody Clause: Moody is banned
|rule|Evasion Moves Clause: Evasion moves are banned
|rule|Endless Battle Clause: Forcing endless battles is banned.
|rule|HP Percentage Mod: HP is reported as percentages
|
|start
|switch|p1a: Zam Lead|Alakazam|313\/313
|switch|p2a: Gengar|Gengar|323\/323
|turn|1
|
|move|p1a: Zam Lead|Thunder Wave|p2a: Gengar
|-status|p2a: Gengar|par
|cant|p2a: Gengar|par
|
|turn|2
|
|move|p1a: Zam Lead|Psychic|p2a: Gengar
|-crit|p2a: Gengar
|-supereffective|p2a: Gengar
|-damage|p2a: Gengar|0 fnt
|faint|p2a: Gengar
|
|
|switch|p2a: Snorlax|Snorlax|523\/523
|turn|3
|
|switch|p1a: GhostInaShell|Cloyster|303\/303
|move|p2a: Snorlax|Body Slam|p1a: GhostInaShell
|-damage|p1a: GhostInaShell|235\/303
|
|turn|4
|
|switch|p2a: Zapdos|Zapdos|383\/383
|move|p1a: GhostInaShell|Clamp|p2a: Zapdos
|-damage|p2a: Zapdos|353\/383
|-activate|p2a: Zapdos|move: Clamp|[of] p1a: GhostInaShell
|
|turn|5
|
|switch|p2a: Lapras|Lapras|463\/463
|move|p1a: GhostInaShell|Clamp|p2a: Lapras
|-resisted|p2a: Lapras
|-damage|p2a: Lapras|444\/463
|-activate|p2a: Lapras|move: Clamp|[of] p1a: GhostInaShell
|
|turn|6
|
|move|p1a: GhostInaShell|Clamp|p2a: Lapras
|-damage|p2a: Lapras|414\/463
|cant|p2a: Lapras|partiallytrapped
|
|turn|7
|
|switch|p1a: Mr Mime|Jynx|333\/333
|switch|p2a: Zapdos|Zapdos|353\/383
|
|turn|8
|
|switch|p1a: TNT|Golem|363\/363
|move|p2a: Zapdos|Thunder Wave|p1a: TNT
|-immune|p1a: TNT|[msg]
|
|turn|9
|
|switch|p2a: Snorlax|Snorlax|523\/523
|move|p1a: TNT|Earthquake|p2a: Snorlax
|-damage|p2a: Snorlax|345\/523
|
|turn|10
|
|switch|p1a: GhostInaShell|Cloyster|235\/303
|move|p2a: Snorlax|Earthquake|p1a: GhostInaShell
|-damage|p1a: GhostInaShell|184\/303
|
|turn|11
|
|move|p1a: GhostInaShell|Clamp|p2a: Snorlax|[miss]
|-miss|p1a: GhostInaShell
|move|p2a: Snorlax|Body Slam|p1a: GhostInaShell
|-damage|p1a: GhostInaShell|114\/303
|
|turn|12
|
|move|p1a: GhostInaShell|Clamp|p2a: Snorlax|[miss]
|-miss|p1a: GhostInaShell
|move|p2a: Snorlax|Body Slam|p1a: GhostInaShell
|-damage|p1a: GhostInaShell|45\/303
|
|turn|13
|
|move|p1a: GhostInaShell|Clamp|p2a: Snorlax|[miss]
|-miss|p1a: GhostInaShell
|move|p2a: Snorlax|Body Slam|p1a: GhostInaShell
|-damage|p1a: GhostInaShell|0 fnt
|faint|p1a: GhostInaShell
|
|chat|mattttt96|#gen1rng
|
|switch|p1a: Result of Incest|Exeggutor|393\/393
|turn|14
|
|move|p1a: Result of Incest|Sleep Powder|p2a: Snorlax
|-status|p2a: Snorlax|slp
|cant|p2a: Snorlax|slp
|
|turn|15
|join|ashiemore
|
|move|p1a: Result of Incest|Leech Seed|p2a: Snorlax
|-start|p2a: Snorlax|move: Leech Seed
|cant|p2a: Snorlax|slp
|-damage|p2a: Snorlax|313\/523 slp|[from] Leech Seed|[of] p1a: Result of Incest
|
|turn|16
|
|move|p1a: Result of Incest|Stomp|p2a: Snorlax
|-damage|p2a: Snorlax|248\/523 slp
|cant|p2a: Snorlax|slp
|-damage|p2a: Snorlax|216\/523 slp|[from] Leech Seed|[of] p1a: Result of Incest
|
|turn|17
|
|move|p1a: Result of Incest|Stomp|p2a: Snorlax
|-crit|p2a: Snorlax
|-damage|p2a: Snorlax|97\/523 slp
|cant|p2a: Snorlax|slp
|-damage|p2a: Snorlax|65\/523 slp|[from] Leech Seed|[of] p1a: Result of Incest
|
|turn|18
|
|move|p1a: Result of Incest|Stomp|p2a: Snorlax
|-damage|p2a: Snorlax|0 fnt
|faint|p2a: Snorlax
|
|
|switch|p2a: Zapdos|Zapdos|353\/383
|turn|19
|chat|ashiemore|why stomp lol
|
|switch|p2a: Lapras|Lapras|414\/463
|switch|p1a: TNT|Golem|363\/363
|
|turn|20
|
|switch|p1a: Mr Mime|Jynx|333\/333
|move|p2a: Lapras|Blizzard|p1a: Mr Mime
|-resisted|p1a: Mr Mime
|-damage|p1a: Mr Mime|267\/333
|
|turn|21
|
|move|p1a: Mr Mime|Lovely Kiss|p2a: Lapras|[miss]
|-miss|p1a: Mr Mime
|move|p2a: Lapras|Confuse Ray|p1a: Mr Mime
|-start|p1a: Mr Mime|confusion
|
|turn|22
|
|-activate|p1a: Mr Mime|confusion
|-damage|p1a: Mr Mime|227\/333|[from] confusion
|move|p2a: Lapras|Body Slam|p1a: Mr Mime
|-damage|p1a: Mr Mime|118\/333
|
|turn|23
|
|-activate|p1a: Mr Mime|confusion
|move|p1a: Mr Mime|Lovely Kiss|p2a: Lapras
|-status|p2a: Lapras|slp
|cant|p2a: Lapras|slp
|
|turn|24
|
|-activate|p1a: Mr Mime|confusion
|-damage|p1a: Mr Mime|84\/333|[from] confusion
|cant|p2a: Lapras|slp
|-curestatus|p2a: Lapras|slp
|
|turn|25
|
|-end|p1a: Mr Mime|confusion
|move|p1a: Mr Mime|Lovely Kiss|p2a: Lapras
|-status|p2a: Lapras|slp
|cant|p2a: Lapras|slp
|
|turn|26
|
|move|p1a: Mr Mime|Psychic|p2a: Lapras
|-damage|p2a: Lapras|299\/463 slp
|-unboost|p2a: Lapras|spd|1
|-unboost|p2a: Lapras|spa|1
|cant|p2a: Lapras|slp
|
|turn|27
|
|switch|p2a: Zapdos|Zapdos|353\/383
|move|p1a: Mr Mime|Blizzard|p2a: Zapdos
|-supereffective|p2a: Zapdos
|-damage|p2a: Zapdos|127\/383
|-status|p2a: Zapdos|frz
|
|turn|28
|
|cant|p2a: Zapdos|frz
|move|p1a: Mr Mime|Blizzard|p2a: Zapdos
|-crit|p2a: Zapdos
|-supereffective|p2a: Zapdos
|-damage|p2a: Zapdos|0 fnt
|faint|p2a: Zapdos
|
|chat|mattttt96|gg
|
|switch|p2a: Tauros|Tauros|353\/353
|turn|29
|
|move|p2a: Tauros|Body Slam|p1a: Mr Mime
|-crit|p1a: Mr Mime
|-damage|p1a: Mr Mime|0 fnt
|faint|p1a: Mr Mime
|
|
|switch|p1a: Zam Lead|Alakazam|313\/313
|turn|30
|
|move|p1a: Zam Lead|Thunder Wave|p2a: Tauros
|-status|p2a: Tauros|par
|move|p2a: Tauros|Body Slam|p1a: Zam Lead
|-damage|p1a: Zam Lead|167\/313
|
|turn|31
|
|move|p1a: Zam Lead|Psychic|p2a: Tauros
|-damage|p2a: Tauros|180\/353 par
|-unboost|p2a: Tauros|spd|1
|-unboost|p2a: Tauros|spa|1
|move|p2a: Tauros|Hyper Beam|p1a: Zam Lead
|-damage|p1a: Zam Lead|0 fnt
|faint|p1a: Zam Lead
|
|
|switch|p1a: Result of Incest|Exeggutor|393\/393
|turn|32
|
|move|p1a: Result of Incest|Leech Seed|p2a: Tauros
|-start|p2a: Tauros|move: Leech Seed
|move|p2a: Tauros|Body Slam|p1a: Result of Incest
|-damage|p1a: Result of Incest|283\/393
|-damage|p2a: Tauros|158\/353 par|[from] Leech Seed|[of] p1a: Result of Incest
|-heal|p1a: Result of Incest|305\/393|[silent]
|
|turn|33
|
|move|p1a: Result of Incest|Stomp|p2a: Tauros
|-damage|p2a: Tauros|105\/353 par
|move|p2a: Tauros|Hyper Beam|p1a: Result of Incest
|-damage|p1a: Result of Incest|105\/393
|-damage|p2a: Tauros|83\/353 par|[from] Leech Seed|[of] p1a: Result of Incest
|-heal|p1a: Result of Incest|127\/393|[silent]
|
|turn|34
|
|move|p1a: Result of Incest|Stomp|p2a: Tauros
|-damage|p2a: Tauros|33\/353 par
|cant|p2a: Tauros|recharge
|-damage|p2a: Tauros|11\/353 par|[from] Leech Seed|[of] p1a: Result of Incest
|-heal|p1a: Result of Incest|149\/393|[silent]
|
|turn|35
|
|move|p1a: Result of Incest|Stomp|p2a: Tauros
|-damage|p2a: Tauros|0 fnt
|faint|p2a: Tauros
|
|
|switch|p2a: Chansey|Chansey|703\/703
|turn|36
|
|move|p1a: Result of Incest|Explosion|p2a: Chansey
|-damage|p2a: Chansey|24\/703
|faint|p1a: Result of Incest
|
|switch|p1a: TNT|Golem|363\/363
|turn|37
|
|move|p2a: Chansey|Soft-Boiled|p2a: Chansey
|-heal|p2a: Chansey|375\/703
|move|p1a: TNT|Earthquake|p2a: Chansey
|-damage|p2a: Chansey|21\/703
|
|turn|38
|
|move|p2a: Chansey|Soft-Boiled|p2a: Chansey
|-heal|p2a: Chansey|372\/703
|move|p1a: TNT|Earthquake|p2a: Chansey
|-damage|p2a: Chansey|26\/703
|
|turn|39
|
|move|p2a: Chansey|Soft-Boiled|p2a: Chansey
|-heal|p2a: Chansey|377\/703
|move|p1a: TNT|Earthquake|p2a: Chansey
|-damage|p2a: Chansey|27\/703
|
|turn|40
|
|move|p2a: Chansey|Soft-Boiled|p2a: Chansey
|-heal|p2a: Chansey|378\/703
|move|p1a: TNT|Earthquake|p2a: Chansey
|-damage|p2a: Chansey|47\/703
|
|turn|41
|
|move|p2a: Chansey|Soft-Boiled|p2a: Chansey
|-heal|p2a: Chansey|398\/703
|move|p1a: TNT|Earthquake|p2a: Chansey
|-damage|p2a: Chansey|40\/703
|
|turn|42
|
|move|p2a: Chansey|Soft-Boiled|p2a: Chansey
|-heal|p2a: Chansey|391\/703
|move|p1a: TNT|Earthquake|p2a: Chansey
|-damage|p2a: Chansey|45\/703
|
|turn|43
|chat|kid gf lol|the 1 in 10 times where i would rather have rhydon
|
|move|p2a: Chansey|Soft-Boiled|p2a: Chansey
|-heal|p2a: Chansey|396\/703
|move|p1a: TNT|Earthquake|p2a: Chansey
|-damage|p2a: Chansey|42\/703
|
|turn|44
|
|move|p2a: Chansey|Soft-Boiled|p2a: Chansey
|-heal|p2a: Chansey|393\/703
|move|p1a: TNT|Earthquake|p2a: Chansey
|-damage|p2a: Chansey|24\/703
|
|turn|45
|
|move|p2a: Chansey|Ice Beam|p1a: TNT
|-supereffective|p1a: TNT
|-damage|p1a: TNT|152\/363
|-status|p1a: TNT|frz
|cant|p1a: TNT|frz
|
|turn|46
|chat|kid gf lol|omg
|chat|ashiemore|rofl
|chat|mattttt96|the freeze is real
|chat|ashiemore|you got this kid
|
|switch|p1a: Egg Kangaroo|Chansey|703\/703
|move|p2a: Chansey|Soft-Boiled|p2a: Chansey
|-heal|p2a: Chansey|375\/703
|
|turn|47
|
|move|p1a: Egg Kangaroo|Ice Beam|p2a: Chansey
|-damage|p2a: Chansey|304\/703
|move|p2a: Chansey|Ice Beam|p1a: Egg Kangaroo
|-damage|p1a: Egg Kangaroo|626\/703
|
|turn|48
|chat|kid gf lol|get frozen ffs
|
|move|p1a: Egg Kangaroo|Ice Beam|p2a: Chansey
|-damage|p2a: Chansey|232\/703
|move|p2a: Chansey|Ice Beam|p1a: Egg Kangaroo
|-damage|p1a: Egg Kangaroo|554\/703
|
|turn|49
|
|move|p2a: Chansey|Ice Beam|p1a: Egg Kangaroo
|-damage|p1a: Egg Kangaroo|478\/703
|move|p1a: Egg Kangaroo|Ice Beam|p2a: Chansey
|-damage|p2a: Chansey|156\/703
|
|turn|50
|
|move|p2a: Chansey|Soft-Boiled|p2a: Chansey
|-heal|p2a: Chansey|507\/703
|move|p1a: Egg Kangaroo|Ice Beam|p2a: Chansey
|-damage|p2a: Chansey|432\/703
|
|turn|51
|
|move|p1a: Egg Kangaroo|Ice Beam|p2a: Chansey
|-crit|p2a: Chansey
|-damage|p2a: Chansey|287\/703
|move|p2a: Chansey|Ice Beam|p1a: Egg Kangaroo
|-damage|p1a: Egg Kangaroo|401\/703
|
|turn|52
|
|move|p2a: Chansey|Ice Beam|p1a: Egg Kangaroo
|-damage|p1a: Egg Kangaroo|324\/703
|move|p1a: Egg Kangaroo|Ice Beam|p2a: Chansey
|-damage|p2a: Chansey|207\/703
|
|turn|53
|
|move|p1a: Egg Kangaroo|Ice Beam|p2a: Chansey
|-damage|p2a: Chansey|139\/703
|move|p2a: Chansey|Ice Beam|p1a: Egg Kangaroo
|-damage|p1a: Egg Kangaroo|255\/703
|
|turn|54
|
|move|p2a: Chansey|Soft-Boiled|p2a: Chansey
|-heal|p2a: Chansey|490\/703
|move|p1a: Egg Kangaroo|Ice Beam|p2a: Chansey
|-damage|p2a: Chansey|418\/703
|
|turn|55
|
|move|p1a: Egg Kangaroo|Soft-Boiled|p1a: Egg Kangaroo
|-heal|p1a: Egg Kangaroo|606\/703
|move|p2a: Chansey|Ice Beam|p1a: Egg Kangaroo
|-damage|p1a: Egg Kangaroo|534\/703
|
|turn|56
|
|move|p2a: Chansey|Ice Beam|p1a: Egg Kangaroo
|-damage|p1a: Egg Kangaroo|462\/703
|-status|p1a: Egg Kangaroo|frz
|cant|p1a: Egg Kangaroo|frz
|
|turn|57
|chat|kid gf lol|okay
|-message|kid gf lol forfeited.
|
|win|mattttt96
|raw|Ladder updating...
|leave|kid gf lol
|player|p1
|raw|kid gf lol's rating: 1363 &rarr; <strong>1339<\/strong><br \/>(-24 for losing)
|raw|mattttt96's rating: 1296 &rarr; <strong>1326<\/strong><br \/>(+30 for winning)
|leave|ashiemore
|chat|mattttt96|gg
|chat|mattttt96|gg