|join|kid gf lol
|join|bloodyloliokachan
|player|p1|kid gf lol|167
|player|p2|bloodyloliokachan|115
|gametype|singles
|gen|1
|tier|[Gen 1] OU (beta)
|rated
|rule|Sleep Clause Mod: Limit one foe put to sleep
|rule|Species Clause: Limit one of each Pokémon
|rule|OHKO Clause: OHKO moves are banned
|rule|Moody Clause: Moody is banned
|rule|Evasion Moves Clause: Evasion moves are banned
|rule|Endless Battle Clause: Forcing endless battles is banned
|rule|HP Percentage Mod: HP is reported as percentages
|
|start
|switch|p1a: ▀█▀ █ ▀█▀|Jynx|333\/333
|switch|p2a: Jynx|Jynx|333\/333
|turn|1
|
|move|p2a: Jynx|Lovely Kiss|p1a: ▀█▀ █ ▀█▀
|-status|p1a: ▀█▀ █ ▀█▀|slp
|cant|p1a: ▀█▀ █ ▀█▀|slp
|
|turn|2
|
|switch|p1a: Zam Lead|Alakazam|313\/313
|move|p2a: Jynx|Reflect|p2a: Jynx
|
|turn|3
|
|move|p1a: Zam Lead|Thunder Wave|p2a: Jynx
|-status|p2a: Jynx|par
|move|p2a: Jynx|Blizzard|p1a: Zam Lead
|-damage|p1a: Zam Lead|193\/313
|
|turn|4
|
|switch|p1a: GhostInaShell|Cloyster|303\/303
|move|p2a: Jynx|Blizzard|p1a: GhostInaShell
|-crit|p1a: GhostInaShell
|-resisted|p1a: GhostInaShell
|-damage|p1a: GhostInaShell|223\/303
|
|turn|5
|
|move|p1a: GhostInaShell|Clamp|p2a: Jynx
|-damage|p2a: Jynx|291\/333 par
|-activate|p2a: Jynx|move: Clamp|[of] p1a: GhostInaShell
|cant|p2a: Jynx|partiallytrapped
|
|turn|6
|
|move|p1a: GhostInaShell|Clamp|p2a: Jynx
|-damage|p2a: Jynx|249\/333 par
|cant|p2a: Jynx|partiallytrapped
|
|turn|7
|
|move|p1a: GhostInaShell|Clamp|p2a: Jynx
|-damage|p2a: Jynx|207\/333 par
|cant|p2a: Jynx|partiallytrapped
|
|turn|8
|
|move|p1a: GhostInaShell|Clamp|p2a: Jynx
|-damage|p2a: Jynx|165\/333 par
|cant|p2a: Jynx|partiallytrapped
|
|turn|9
|
|move|p1a: GhostInaShell|Clamp|p2a: Jynx
|-damage|p2a: Jynx|123\/333 par
|cant|p2a: Jynx|partiallytrapped
|
|-end|p2a: Jynx|Clamp|[partiallytrapped]
|turn|10
|
|move|p1a: GhostInaShell|Clamp|p2a: Jynx|[miss]
|-miss|p1a: GhostInaShell
|move|p2a: Jynx|Psychic|p1a: GhostInaShell
|-damage|p1a: GhostInaShell|108\/303
|
|turn|11
|
|move|p1a: GhostInaShell|Clamp|p2a: Jynx
|-damage|p2a: Jynx|82\/333 par
|-activate|p2a: Jynx|move: Clamp|[of] p1a: GhostInaShell
|cant|p2a: Jynx|partiallytrapped
|
|turn|12
|
|move|p1a: GhostInaShell|Clamp|p2a: Jynx
|-damage|p2a: Jynx|41\/333 par
|cant|p2a: Jynx|par
|
|-end|p2a: Jynx|Clamp|[partiallytrapped]
|turn|13
|
|move|p1a: GhostInaShell|Hyper Beam|p2a: Jynx
|-damage|p2a: Jynx|0 fnt
|faint|p2a: Jynx
|
|
|switch|p2a: Gengar|Gengar|323\/323
|turn|14
|
|switch|p1a: Breakfast Pouch|Chansey|703\/703
|move|p2a: Gengar|Thunderbolt|p1a: Breakfast Pouch
|-damage|p1a: Breakfast Pouch|614\/703
|-status|p1a: Breakfast Pouch|par
|
|turn|15
|
|switch|p2a: Snorlax|Snorlax|523\/523
|switch|p1a: Zam Lead|Alakazam|193\/313
|
|turn|16
|
|move|p1a: Zam Lead|Reflect|p1a: Zam Lead
|move|p2a: Snorlax|Hyper Beam|p1a: Zam Lead
|-damage|p1a: Zam Lead|44\/313
|
|turn|17
|
|move|p1a: Zam Lead|Recover|p1a: Zam Lead
|-heal|p1a: Zam Lead|200\/313
|cant|p2a: Snorlax|recharge
|
|turn|18
|
|move|p1a: Zam Lead|Thunder Wave|p2a: Snorlax
|-status|p2a: Snorlax|par
|move|p2a: Snorlax|Body Slam|p1a: Zam Lead
|-damage|p1a: Zam Lead|118\/313
|
|turn|19
|
|move|p1a: Zam Lead|Recover|p1a: Zam Lead
|-heal|p1a: Zam Lead|274\/313
|move|p2a: Snorlax|Body Slam|p1a: Zam Lead
|-damage|p1a: Zam Lead|188\/313
|
|turn|20
|
|move|p1a: Zam Lead|Psychic|p2a: Snorlax
|-damage|p2a: Snorlax|347\/523 par
|cant|p2a: Snorlax|par
|
|turn|21
|
|switch|p1a: TNT|Golem|363\/363
|move|p2a: Snorlax|Self-Destruct|p1a: TNT
|-resisted|p1a: TNT
|-damage|p1a: TNT|220\/363
|faint|p2a: Snorlax
|
|switch|p2a: Exeggutor|Exeggutor|393\/393
|turn|22
|
|switch|p1a: Zam Lead|Alakazam|188\/313
|move|p2a: Exeggutor|Psychic|p1a: Zam Lead
|-resisted|p1a: Zam Lead
|-damage|p1a: Zam Lead|140\/313
|
|turn|23
|
|move|p1a: Zam Lead|Thunder Wave|p2a: Exeggutor
|-status|p2a: Exeggutor|par
|cant|p2a: Exeggutor|par
|
|turn|24
|
|move|p1a: Zam Lead|Reflect|p1a: Zam Lead
|cant|p2a: Exeggutor|par
|
|turn|25
|
|move|p1a: Zam Lead|Recover|p1a: Zam Lead
|-heal|p1a: Zam Lead|296\/313
|move|p2a: Exeggutor|Stun Spore|p1a: Zam Lead
|-status|p1a: Zam Lead|par
|
|turn|26
|
|cant|p1a: Zam Lead|par
|move|p2a: Exeggutor|Psychic|p1a: Zam Lead
|-resisted|p1a: Zam Lead
|-damage|p1a: Zam Lead|250\/313 par
|
|turn|27
|
|switch|p2a: Tauros|Tauros|353\/353
|cant|p1a: Zam Lead|par
|
|turn|28
|
|move|p2a: Tauros|Earthquake|p1a: Zam Lead
|-damage|p1a: Zam Lead|184\/313 par
|move|p1a: Zam Lead|Thunder Wave|p2a: Tauros
|-status|p2a: Tauros|par
|
|turn|29
|
|move|p1a: Zam Lead|Recover|p1a: Zam Lead
|-heal|p1a: Zam Lead|313\/313 par
|move|p2a: Tauros|Body Slam|p1a: Zam Lead
|-crit|p1a: Zam Lead
|-damage|p1a: Zam Lead|162\/313 par
|
|turn|30
|
|move|p1a: Zam Lead|Recover|p1a: Zam Lead
|-heal|p1a: Zam Lead|313\/313 par
|move|p2a: Tauros|Body Slam|p1a: Zam Lead
|-damage|p1a: Zam Lead|232\/313 par
|
|turn|31
|
|cant|p1a: Zam Lead|par
|move|p2a: Tauros|Body Slam|p1a: Zam Lead
|-damage|p1a: Zam Lead|157\/313 par
|
|turn|32
|
|cant|p1a: Zam Lead|par
|move|p2a: Tauros|Body Slam|p1a: Zam Lead
|-crit|p1a: Zam Lead
|-damage|p1a: Zam Lead|0 fnt
|faint|p1a: Zam Lead
|
|
|switch|p1a: GhostInaShell|Cloyster|108\/303
|turn|33
|join|xXtestrunXx
|
|move|p1a: GhostInaShell|Clamp|p2a: Tauros
|-damage|p2a: Tauros|308\/353 par
|-activate|p2a: Tauros|move: Clamp|[of] p1a: GhostInaShell
|cant|p2a: Tauros|partiallytrapped
|
|turn|34
|
|switch|p2a: Starmie|Starmie|323\/323
|move|p1a: GhostInaShell|Clamp|p2a: Starmie
|-resisted|p2a: Starmie
|-damage|p2a: Starmie|305\/323
|-activate|p2a: Starmie|move: Clamp|[of] p1a: GhostInaShell
|
|turn|35
|
|cant|p2a: Starmie|partiallytrapped
|move|p1a: GhostInaShell|Clamp|p2a: Starmie
|-damage|p2a: Starmie|260\/323
|
|-end|p2a: Starmie|Clamp|[partiallytrapped]
|turn|36
|
|switch|p1a: Breakfast Pouch|Chansey|614\/703 par
|move|p2a: Starmie|Surf|p1a: Breakfast Pouch
|-damage|p1a: Breakfast Pouch|512\/703 par
|
|turn|37
|
|switch|p2a: Tauros|Tauros|308\/353 par
|move|p1a: Breakfast Pouch|Ice Beam|p2a: Tauros
|-damage|p2a: Tauros|208\/353 par
|
|turn|38
|
|switch|p1a: Result of Incest|Exeggutor|393\/393
|move|p2a: Tauros|Earthquake|p1a: Result of Incest
|-resisted|p1a: Result of Incest
|-damage|p1a: Result of Incest|350\/393
|
|turn|39
|
|move|p1a: Result of Incest|Psychic|p2a: Tauros
|-damage|p2a: Tauros|47\/353 par
|move|p2a: Tauros|Blizzard|p1a: Result of Incest
|-crit|p1a: Result of Incest
|-supereffective|p1a: Result of Incest
|-damage|p1a: Result of Incest|76\/393
|
|turn|40
|leave|xXtestrunXx
|
|switch|p2a: Starmie|Starmie|260\/323
|move|p1a: Result of Incest|Psychic|p2a: Starmie
|-resisted|p2a: Starmie
|-damage|p2a: Starmie|200\/323
|
|turn|41
|
|switch|p1a: Breakfast Pouch|Chansey|512\/703 par
|move|p2a: Starmie|Surf|p1a: Breakfast Pouch
|-damage|p1a: Breakfast Pouch|409\/703 par
|
|turn|42
|
|switch|p2a: Exeggutor|Exeggutor|393\/393 par
|move|p1a: Breakfast Pouch|Soft-Boiled|p1a: Breakfast Pouch
|-heal|p1a: Breakfast Pouch|703\/703 par
|
|turn|43
|
|switch|p1a: Result of Incest|Exeggutor|76\/393
|move|p2a: Exeggutor|Psychic|p1a: Result of Incest
|-resisted|p1a: Result of Incest
|-damage|p1a: Result of Incest|24\/393
|
|turn|44
|
|switch|p1a: Breakfast Pouch|Chansey|703\/703 par
|move|p2a: Exeggutor|Psychic|p1a: Breakfast Pouch
|-damage|p1a: Breakfast Pouch|576\/703 par
|
|turn|45
|
|move|p2a: Exeggutor|Psychic|p1a: Breakfast Pouch
|-damage|p1a: Breakfast Pouch|466\/703 par
|move|p1a: Breakfast Pouch|Ice Beam|p2a: Exeggutor
|-supereffective|p2a: Exeggutor
|-damage|p2a: Exeggutor|249\/393 par
|
|turn|46
|
|move|p2a: Exeggutor|Explosion|p1a: Breakfast Pouch
|-damage|p1a: Breakfast Pouch|0 fnt
|faint|p1a: Breakfast Pouch
|faint|p2a: Exeggutor
|
|switch|p2a: Gengar|Gengar|323\/323
|switch|p1a: ▀█▀ █ ▀█▀|Jynx|333\/333 slp
|turn|47
|
|move|p2a: Gengar|Thunderbolt|p1a: ▀█▀ █ ▀█▀
|-damage|p1a: ▀█▀ █ ▀█▀|240\/333 slp
|cant|p1a: ▀█▀ █ ▀█▀|slp
|
|turn|48
|
|switch|p2a: Starmie|Starmie|200\/323
|switch|p1a: TNT|Golem|220\/363
|
|turn|49
|
|switch|p1a: Result of Incest|Exeggutor|24\/393
|move|p2a: Starmie|Surf|p1a: Result of Incest
|-resisted|p1a: Result of Incest
|-damage|p1a: Result of Incest|0 fnt
|faint|p1a: Result of Incest
|
|
|switch|p1a: ▀█▀ █ ▀█▀|Jynx|240\/333 slp
|turn|50
|
|move|p2a: Starmie|Recover|p2a: Starmie
|-heal|p2a: Starmie|323\/323
|cant|p1a: ▀█▀ █ ▀█▀|slp
|
|turn|51
|join|dsguy411
|
|move|p2a: Starmie|Surf|p1a: ▀█▀ █ ▀█▀
|-damage|p1a: ▀█▀ █ ▀█▀|131\/333 slp
|cant|p1a: ▀█▀ █ ▀█▀|slp
|
|turn|52
|
|move|p2a: Starmie|Surf|p1a: ▀█▀ █ ▀█▀
|-damage|p1a: ▀█▀ █ ▀█▀|5\/333 slp
|cant|p1a: ▀█▀ █ ▀█▀|slp
|
|turn|53
|
|move|p2a: Starmie|Surf|p1a: ▀█▀ █ ▀█▀
|-damage|p1a: ▀█▀ █ ▀█▀|0 fnt
|faint|p1a: ▀█▀ █ ▀█▀
|
|
|switch|p1a: GhostInaShell|Cloyster|108\/303
|turn|54
|leave|dsguy411
|
|move|p2a: Starmie|Thunderbolt|p1a: GhostInaShell
|-supereffective|p1a: GhostInaShell
|-damage|p1a: GhostInaShell|0 fnt
|faint|p1a: GhostInaShell
|
|
|switch|p1a: TNT|Golem|220\/363
|turn|55
|
|move|p2a: Starmie|Surf|p1a: TNT
|-supereffective|p1a: TNT
|-damage|p1a: TNT|0 fnt
|faint|p1a: TNT
|
|win|bloodyloliokachan
|raw|Ladder updating...
|raw|kid gf lol's rating: 1432 &rarr; <strong>1403<\/strong><br \/>(-29 for losing)
|raw|bloodyloliokachan's rating: 1257 &rarr; <strong>1293<\/strong><br \/>(+36 for winning)
|leave|kid gf lol
|player|p1