|j|Golden Gyarados
|j|vvdfdvfvfv
|player|p1|Golden Gyarados|37
|player|p2|vvdfdvfvfv|265
|gametype|singles
|gen|1
|tier|[Gen 1] OU
|rated
|seed|
|rule|Sleep Clause Mod: Limit one foe put to sleep
|rule|Freeze Clause Mod: Limit one foe frozen
|rule|Species Clause: Limit one of each Pokémon
|rule|OHKO Clause: OHKO moves are banned
|rule|Evasion Moves Clause: Evasion moves are banned
|rule|HP Percentage Mod: HP is shown in percentages
|
|start
|switch|p1a: Jynx|Jynx|100\/100
|switch|p2a: Alakazam|Alakazam|100\/100
|turn|1
|j|lollerheil
|choice||
|
|move|p2a: Alakazam|Thunder Wave|p1a: Jynx
|-status|p1a: Jynx|par
|move|p1a: Jynx|Lovely Kiss|p2a: Alakazam|[miss]
|-miss|p1a: Jynx
|
|turn|2
|choice||
|
|move|p2a: Alakazam|Seismic Toss|p1a: Jynx
|-damage|p1a: Jynx|70\/100 par
|cant|p1a: Jynx|par
|
|turn|3
|choice||
|
|move|p2a: Alakazam|Seismic Toss|p1a: Jynx
|-damage|p1a: Jynx|40\/100 par
|cant|p1a: Jynx|par
|
|turn|4
|choice||
|
|move|p2a: Alakazam|Psychic|p1a: Jynx
|-resisted|p1a: Jynx
|-damage|p1a: Jynx|21\/100 par
|-unboost|p1a: Jynx|spd|1
|-unboost|p1a: Jynx|spa|1
|move|p1a: Jynx|Lovely Kiss|p2a: Alakazam
|-status|p2a: Alakazam|slp
|
|turn|5
|choice||
|
|switch|p2a: Tauros|Tauros|100\/100
|cant|p1a: Jynx|par
|
|turn|6
|choice||
|
|move|p2a: Tauros|Body Slam|p1a: Jynx
|-crit|p1a: Jynx
|-damage|p1a: Jynx|0 fnt
|faint|p1a: Jynx
|choice||
|
|switch|p1a: Exeggutor|Exeggutor, M|100\/100
|turn|7
|choice||
|
|switch|p2a: Chansey|Chansey|100\/100
|move|p1a: Exeggutor|Psychic|p2a: Chansey
|-damage|p2a: Chansey|84\/100
|-unboost|p2a: Chansey|spd|1
|-unboost|p2a: Chansey|spa|1
|
|turn|8
|choice||
|
|switch|p1a: Chansey|Chansey|100\/100
|switch|p2a: Exeggutor|Exeggutor|100\/100
|
|turn|9
|choice||
|
|switch|p1a: Exeggutor|Exeggutor, M|100\/100
|move|p2a: Exeggutor|Sleep Powder|p1a: Exeggutor
|-status|p1a: Exeggutor|slp
|
|turn|10
|choice||
|
|switch|p1a: Chansey|Chansey|100\/100
|move|p2a: Exeggutor|Psychic|p1a: Chansey
|-damage|p1a: Chansey|84\/100
|
|turn|11
|choice||
|
|move|p2a: Exeggutor|Explosion|p1a: Chansey
|-damage|p1a: Chansey|0 fnt
|faint|p1a: Chansey
|faint|p2a: Exeggutor
|choice||
|
|switch|p1a: Zapdos|Zapdos|100\/100
|switch|p2a: Chansey|Chansey|84\/100
|turn|12
|choice||
|
|move|p1a: Zapdos|Thunder Wave|p2a: Chansey
|-status|p2a: Chansey|par
|move|p2a: Chansey|Thunder Wave|p1a: Zapdos
|-status|p1a: Zapdos|par
|
|turn|13
|choice||
|
|switch|p2a: Golem|Golem|100\/100
|cant|p1a: Zapdos|par
|
|turn|14
|choice||
|
|switch|p1a: Golem|Golem, M|100\/100
|move|p2a: Golem|Rock Slide|p1a: Golem
|-resisted|p1a: Golem
|-damage|p1a: Golem|89\/100
|
|turn|15
|choice||
|
|switch|p2a: Slowbro|Slowbro|100\/100
|move|p1a: Golem|Earthquake|p2a: Slowbro
|-damage|p2a: Slowbro|69\/100
|
|turn|16
|choice||
|
|switch|p1a: Exeggutor|Exeggutor, M|100\/100 slp
|move|p2a: Slowbro|Psychic|p1a: Exeggutor
|-resisted|p1a: Exeggutor
|-damage|p1a: Exeggutor|91\/100 slp
|
|turn|17
|j|SkyMarshal
|choice||
|
|switch|p2a: Tauros|Tauros|100\/100
|cant|p1a: Exeggutor|slp
|
|turn|18
|choice||
|
|move|p2a: Tauros|Body Slam|p1a: Exeggutor
|-damage|p1a: Exeggutor|62\/100 slp
|-curestatus|p1a: Exeggutor|slp
|
|turn|19
|choice||
|
|switch|p2a: Chansey|Chansey|84\/100 par
|move|p1a: Exeggutor|Stun Spore|p2a: Chansey
|-fail|p2a: Chansey|par
|
|turn|20
|choice||
|
|switch|p1a: Zapdos|Zapdos|100\/100 par
|switch|p2a: Alakazam|Alakazam|100\/100 slp
|
|turn|21
|choice||
|
|switch|p2a: Golem|Golem|100\/100
|switch|p1a: Exeggutor|Exeggutor, M|62\/100
|
|turn|22
|choice||
|
|switch|p2a: Alakazam|Alakazam|100\/100 slp
|move|p1a: Exeggutor|Psychic|p2a: Alakazam
|-resisted|p2a: Alakazam
|-damage|p2a: Alakazam|84\/100 slp
|-unboost|p2a: Alakazam|spd|1
|-unboost|p2a: Alakazam|spa|1
|
|turn|23
|choice||
|
|cant|p2a: Alakazam|slp
|move|p1a: Exeggutor|Psychic|p2a: Alakazam
|-resisted|p2a: Alakazam
|-damage|p2a: Alakazam|61\/100 slp
|
|turn|24
|choice||
|
|cant|p2a: Alakazam|slp
|move|p1a: Exeggutor|Psychic|p2a: Alakazam
|-resisted|p2a: Alakazam
|-damage|p2a: Alakazam|35\/100 slp
|
|turn|25
|choice||
|
|switch|p2a: Chansey|Chansey|84\/100 par
|move|p1a: Exeggutor|Psychic|p2a: Chansey
|-crit|p2a: Chansey
|-damage|p2a: Chansey|50\/100 par
|
|turn|26
|choice||
|
|move|p1a: Exeggutor|Psychic|p2a: Chansey
|-damage|p2a: Chansey|32\/100 par
|-unboost|p2a: Chansey|spd|1
|-unboost|p2a: Chansey|spa|1
|move|p2a: Chansey|Soft-Boiled|p2a: Chansey
|-heal|p2a: Chansey|82\/100 par
|
|turn|27
|choice||
|
|move|p1a: Exeggutor|Psychic|p2a: Chansey
|-damage|p2a: Chansey|58\/100 par
|move|p2a: Chansey|Thunder Wave|p1a: Exeggutor
|-status|p1a: Exeggutor|par
|
|turn|28
|choice||
|
|move|p1a: Exeggutor|Psychic|p2a: Chansey
|-damage|p2a: Chansey|31\/100 par
|cant|p2a: Chansey|par
|
|turn|29
|choice||
|
|move|p1a: Exeggutor|Psychic|p2a: Chansey
|-damage|p2a: Chansey|7\/100 par
|cant|p2a: Chansey|par
|
|turn|30
|choice||
|
|switch|p2a: Slowbro|Slowbro|69\/100
|move|p1a: Exeggutor|Psychic|p2a: Slowbro
|-resisted|p2a: Slowbro
|-damage|p2a: Slowbro|50\/100
|
|turn|31
|choice||
|
|switch|p2a: Alakazam|Alakazam|35\/100 slp
|move|p1a: Exeggutor|Explosion|p2a: Alakazam
|-crit|p2a: Alakazam
|-damage|p2a: Alakazam|0 fnt
|faint|p2a: Alakazam
|faint|p1a: Exeggutor
|choice||
|
|switch|p1a: Tauros|Tauros|100\/100
|switch|p2a: Slowbro|Slowbro|50\/100
|turn|32
|choice||
|
|switch|p1a: Golem|Golem, M|89\/100
|move|p2a: Slowbro|Thunder Wave|p1a: Golem
|-immune|p1a: Golem|[msg]
|
|turn|33
|choice||
|
|move|p1a: Golem|Earthquake|p2a: Slowbro
|-damage|p2a: Slowbro|21\/100
|move|p2a: Slowbro|Psychic|p1a: Golem
|-damage|p1a: Golem|54\/100
|-unboost|p1a: Golem|spd|1
|-unboost|p1a: Golem|spa|1
|
|turn|34
|choice||
|
|switch|p2a: Chansey|Chansey|7\/100 par
|move|p1a: Golem|Earthquake|p2a: Chansey
|-damage|p2a: Chansey|0 fnt
|faint|p2a: Chansey
|choice||
|
|switch|p2a: Tauros|Tauros|100\/100
|turn|35
|choice||
|
|move|p2a: Tauros|Blizzard|p1a: Golem|[miss]
|-miss|p2a: Tauros
|move|p1a: Golem|Explosion|p2a: Tauros
|-damage|p2a: Tauros|17\/100
|faint|p1a: Golem
|choice||
|
|switch|p1a: Tauros|Tauros|100\/100
|turn|36
|choice||
|
|move|p1a: Tauros|Body Slam|p2a: Tauros
|-damage|p2a: Tauros|0 fnt
|faint|p2a: Tauros
|c|★vvdfdvfvfv|man
|c|★vvdfdvfvfv|come on
|choice||
|
|switch|p2a: Golem|Golem|100\/100
|turn|37
|choice||
|
|move|p1a: Tauros|Blizzard|p2a: Golem
|-supereffective|p2a: Golem
|-damage|p2a: Golem|37\/100
|move|p2a: Golem|Earthquake|p1a: Tauros
|-damage|p1a: Tauros|61\/100
|
|turn|38
|choice||
|
|move|p1a: Tauros|Blizzard|p2a: Golem
|-crit|p2a: Golem
|-supereffective|p2a: Golem
|-damage|p2a: Golem|0 fnt
|faint|p2a: Golem
|choice||
|
|switch|p2a: Slowbro|Slowbro|21\/100
|turn|39
|choice||
|
|move|p1a: Tauros|Body Slam|p2a: Slowbro
|-damage|p2a: Slowbro|0 fnt
|faint|p2a: Slowbro
|
|win|Golden Gyarados
|player|p1
|player|p2
|raw|Golden Gyarados's rating: 1562 &rarr; <strong>1574<\/strong><br \/>(+12 for winning)
|raw|vvdfdvfvfv's rating: 1416 &rarr; <strong>1404<\/strong><br \/>(-12 for losing)