|join|toiho-toiho
|join|Bert C
|player|p1|toiho-toiho|1
|player|p2|Bert C|288
|gametype|singles
|gen|1
|tier|[Gen 1] Random Battle
|rated
|rule|Sleep Clause Mod: Limit one foe put to sleep
|rule|Freeze Clause Mod: Limit one foe frozen
|rule|HP Percentage Mod: HP is shown in percentages
|
|start
|switch|p1a: Kakuna|Kakuna, L99|290\/290
|switch|p2a: Slowpoke|Slowpoke, L96|368\/368
|turn|1
|
|switch|p1a: Zapdos|Zapdos, L79|304\/304
|move|p2a: Slowpoke|Amnesia|p2a: Slowpoke
|-boost|p2a: Slowpoke|spd|2
|-boost|p2a: Slowpoke|spa|2
|
|turn|2
|
|move|p1a: Zapdos|Thunderbolt|p2a: Slowpoke
|-supereffective|p2a: Slowpoke
|-damage|p2a: Slowpoke|219\/368
|move|p2a: Slowpoke|Surf|p1a: Zapdos
|-damage|p1a: Zapdos|179\/304
|
|turn|3
|
|move|p1a: Zapdos|Thunderbolt|p2a: Slowpoke
|-supereffective|p2a: Slowpoke
|-damage|p2a: Slowpoke|75\/368
|move|p2a: Slowpoke|Surf|p1a: Zapdos
|-damage|p1a: Zapdos|41\/304
|
|turn|4
|
|move|p1a: Zapdos|Thunderbolt|p2a: Slowpoke
|-crit|p2a: Slowpoke
|-supereffective|p2a: Slowpoke
|-damage|p2a: Slowpoke|0 fnt
|faint|p2a: Slowpoke
|
|switch|p2a: Onix|Onix, L85|233\/233
|turn|5
|
|switch|p1a: Kakuna|Kakuna, L99|290\/290
|move|p2a: Onix|Rock Slide|p1a: Kakuna
|-supereffective|p1a: Kakuna
|-damage|p1a: Kakuna|161\/290
|
|turn|6
|
|move|p2a: Onix|Rock Slide|p1a: Kakuna
|-crit|p1a: Kakuna
|-supereffective|p1a: Kakuna
|-damage|p1a: Kakuna|0 fnt
|faint|p1a: Kakuna
|
|switch|p1a: Starmie|Starmie, L79|257\/257
|turn|7
|
|move|p1a: Starmie|Surf|p2a: Onix
|-supereffective|p2a: Onix
|-damage|p2a: Onix|0 fnt
|faint|p2a: Onix
|
|switch|p2a: Dragonair|Dragonair, L85|277\/277
|turn|8
|
|switch|p1a: Chansey|Chansey, L79|557\/557
|move|p2a: Dragonair|Hyper Beam|p1a: Chansey|[miss]
|-miss|p2a: Dragonair
|
|turn|9
|
|move|p2a: Dragonair|Hyper Beam|p1a: Chansey|[miss]
|-miss|p2a: Dragonair
|move|p1a: Chansey|Counter|p2a: Dragonair
|-fail|p1a: Chansey
|
|turn|10
|
|move|p2a: Dragonair|Hyper Beam|p1a: Chansey
|-damage|p1a: Chansey|298\/557
|move|p1a: Chansey|Counter|p2a: Dragonair
|-damage|p2a: Dragonair|0 fnt
|faint|p2a: Dragonair
|
|switch|p2a: Seaking|Seaking, L85|310\/310
|turn|11
|
|switch|p1a: Starmie|Starmie, L79|257\/257
|move|p2a: Seaking|Double-Edge|p1a: Starmie
|-damage|p1a: Starmie|186\/257
|-damage|p2a: Seaking|293\/310|[from] recoil|[of] p1a: Starmie
|
|turn|12
|
|move|p1a: Starmie|Thunder Wave|p2a: Seaking
|-status|p2a: Seaking|par
|move|p2a: Seaking|Double-Edge|p1a: Starmie
|-damage|p1a: Starmie|109\/257
|-damage|p2a: Seaking|274\/310 par|[from] recoil|[of] p1a: Starmie
|
|turn|13
|
|move|p1a: Starmie|Recover|p1a: Starmie
|-heal|p1a: Starmie|237\/257
|cant|p2a: Seaking|par
|
|turn|14
|
|move|p1a: Starmie|Thunderbolt|p2a: Seaking
|-supereffective|p2a: Seaking
|-damage|p2a: Seaking|154\/310 par
|cant|p2a: Seaking|par
|
|turn|15
|
|move|p1a: Starmie|Thunderbolt|p2a: Seaking
|-supereffective|p2a: Seaking
|-damage|p2a: Seaking|32\/310 par
|move|p2a: Seaking|Hyper Beam|p1a: Starmie
|-damage|p1a: Starmie|128\/257
|
|turn|16
|
|move|p1a: Starmie|Recover|p1a: Starmie
|-heal|p1a: Starmie|256\/257
|cant|p2a: Seaking|recharge
|
|turn|17
|
|move|p1a: Starmie|Thunderbolt|p2a: Seaking
|-supereffective|p2a: Seaking
|-damage|p2a: Seaking|0 fnt
|faint|p2a: Seaking
|
|switch|p2a: Gengar|Gengar, L79|257\/257
|turn|18
|
|move|p1a: Starmie|Thunder Wave|p2a: Gengar
|-status|p2a: Gengar|par
|move|p2a: Gengar|Hypnosis|p1a: Starmie|[miss]
|-miss|p2a: Gengar
|
|turn|19
|
|switch|p1a: Zapdos|Zapdos, L79|41\/304
|move|p2a: Gengar|Hypnosis|p1a: Zapdos|[miss]
|-miss|p2a: Gengar
|
|turn|20
|
|move|p1a: Zapdos|Drill Peck|p2a: Gengar
|-damage|p2a: Gengar|170\/257 par
|move|p2a: Gengar|Psychic|p1a: Zapdos
|-damage|p1a: Zapdos|0 fnt
|faint|p1a: Zapdos
|
|switch|p1a: Chansey|Chansey, L79|298\/557
|turn|21
|
|move|p1a: Chansey|Soft-Boiled|p1a: Chansey
|-heal|p1a: Chansey|557\/557
|move|p2a: Gengar|Explosion|p1a: Chansey
|-crit|p1a: Chansey
|-damage|p1a: Chansey|0 fnt
|faint|p1a: Chansey
|faint|p2a: Gengar
|
|switch|p2a: Scyther|Scyther, L85|293\/293
|switch|p1a: Starmie|Starmie, L79|256\/257
|turn|22
|
|move|p2a: Scyther|Agility|p2a: Scyther
|-boost|p2a: Scyther|spe|2
|move|p1a: Starmie|Thunder Wave|p2a: Scyther
|-status|p2a: Scyther|par
|
|turn|23
|
|move|p1a: Starmie|Thunderbolt|p2a: Scyther
|-supereffective|p2a: Scyther
|-damage|p2a: Scyther|143\/293 par
|move|p2a: Scyther|Slash|p1a: Starmie
|-crit|p1a: Starmie
|-damage|p1a: Starmie|146\/257
|
|turn|24
|
|move|p1a: Starmie|Thunderbolt|p2a: Scyther
|-supereffective|p2a: Scyther
|-damage|p2a: Scyther|0 fnt
|faint|p2a: Scyther
|
|win|toiho-toiho
|raw|Ladder updating...
|c|★Bert C|gg
|raw|toiho-toiho's rating: 1303 &rarr; <strong>1313<\/strong><br \/>(+10 for winning)
|raw|Bert C's rating: 1103 &rarr; <strong>1091<\/strong><br \/>(-12 for losing)
|c|★toiho-toiho|gg
|leave|Bert C
|player|p2