|join|riwu
|join|PickledBeets
|player|p1|riwu|101
|player|p2|PickledBeets|162
|gametype|singles
|gen|1
|tier|[Gen 1] Random Battle
|rated
|seed|738,7716,52291,7956
|rule|Sleep Clause Mod: Limit one foe put to sleep
|rule|Freeze Clause Mod: Limit one foe frozen
|rule|HP Percentage Mod: HP is shown in percentages
|
|start
|switch|p1a: Tentacool|Tentacool, L96|272\/272
|switch|p2a: Kabuto|Kabuto, L96|252\/252
|turn|1
|choice|switch 2|move 1
|
|switch|p1a: Oddish|Oddish, L96|281\/281
|move|p2a: Kabuto|Swords Dance|p2a: Kabuto
|-boost|p2a: Kabuto|atk|2
|
|turn|2
|choice|move 4|move 4
|
|move|p2a: Kabuto|Body Slam|p1a: Oddish
|-damage|p1a: Oddish|135\/281
|move|p1a: Oddish|Mega Drain|p2a: Kabuto
|-supereffective|p2a: Kabuto
|-damage|p2a: Kabuto|5\/252
|-heal|p1a: Oddish|258\/281|[from] drain|[of] p2a: Kabuto
|
|turn|3
|choice|move 4|move 4
|
|move|p2a: Kabuto|Body Slam|p1a: Oddish
|-damage|p1a: Oddish|89\/281
|-status|p1a: Oddish|par
|move|p1a: Oddish|Mega Drain|p2a: Kabuto
|-supereffective|p2a: Kabuto
|-damage|p2a: Kabuto|0 fnt
|-heal|p1a: Oddish|91\/281 par|[from] drain|[of] p2a: Kabuto
|faint|p2a: Kabuto
|choice||switch 2
|
|switch|p2a: Nidoking|Nidoking, L85|311\/311
|turn|4
|choice|move 3|move 1
|
|move|p2a: Nidoking|Earthquake|p1a: Oddish
|-damage|p1a: Oddish|0 fnt
|faint|p1a: Oddish
|choice|switch 3|
|
|switch|p1a: Wartortle|Wartortle, L85|274\/274
|turn|5
|choice|move 4|switch 3
|
|switch|p2a: Electrode|Electrode, L90|291\/291
|move|p1a: Wartortle|Hydro Pump|p2a: Electrode|[miss]
|-miss|p1a: Wartortle
|
|turn|6
|choice|switch 5|move 4
|
|switch|p1a: Marowak|Marowak, L90|291\/291
|move|p2a: Electrode|Thunder|p1a: Marowak
|-immune|p1a: Marowak|[msg]
|
|turn|7
|choice|move 1|switch 6
|
|switch|p2a: Butterfree|Butterfree, L90|291\/291
|move|p1a: Marowak|Earthquake|p2a: Butterfree
|-immune|p2a: Butterfree|[msg]
|
|turn|8
|choice|switch 4|move 4
|
|switch|p1a: Lickitung|Lickitung, L90|345\/345
|move|p2a: Butterfree|Sleep Powder|p1a: Lickitung|[miss]
|-miss|p2a: Butterfree
|
|turn|9
|choice|move 2|move 4
|
|move|p2a: Butterfree|Sleep Powder|p1a: Lickitung|[miss]
|-miss|p2a: Butterfree
|move|p1a: Lickitung|Body Slam|p2a: Butterfree
|-damage|p2a: Butterfree|192\/291
|
|turn|10
|choice|move 2|move 4
|
|move|p2a: Butterfree|Sleep Powder|p1a: Lickitung
|-status|p1a: Lickitung|slp
|cant|p1a: Lickitung|slp
|
|turn|11
|choice|switch 6|move 2
|
|switch|p1a: Mew|Mew, L74|300\/300
|move|p2a: Butterfree|Stun Spore|p1a: Mew
|-status|p1a: Mew|par
|
|turn|12
|choice|move 2|move 1
|
|move|p2a: Butterfree|Psychic|p1a: Mew
|-resisted|p1a: Mew
|-damage|p1a: Mew|267\/300 par
|move|p1a: Mew|Blizzard|p2a: Butterfree|[miss]
|-miss|p1a: Mew
|
|turn|13
|choice|move 2|move 1
|
|move|p2a: Butterfree|Psychic|p1a: Mew
|-resisted|p1a: Mew
|-damage|p1a: Mew|237\/300 par
|move|p1a: Mew|Blizzard|p2a: Butterfree
|-supereffective|p2a: Butterfree
|-damage|p2a: Butterfree|60\/291
|
|turn|14
|choice|move 3|move 1
|
|move|p2a: Butterfree|Psychic|p1a: Mew
|-resisted|p1a: Mew
|-damage|p1a: Mew|206\/300 par
|move|p1a: Mew|Psychic|p2a: Butterfree
|-damage|p2a: Butterfree|0 fnt
|faint|p2a: Butterfree
|choice||switch 6
|
|switch|p2a: Electrode|Electrode, L90|291\/291
|turn|15
|choice|switch 4|move 2
|
|switch|p1a: Marowak|Marowak, L90|291\/291
|move|p2a: Electrode|Screech|p1a: Marowak
|-unboost|p1a: Marowak|def|2
|
|turn|16
|choice|move 1|move 3
|
|move|p2a: Electrode|Reflect|p2a: Electrode
|-start|p2a: Electrode|Reflect
|move|p1a: Marowak|Earthquake|p2a: Electrode
|-supereffective|p2a: Electrode
|-damage|p2a: Electrode|182\/291
|
|turn|17
|choice|move 1|move 2
|
|move|p2a: Electrode|Screech|p1a: Marowak
|-unboost|p1a: Marowak|def|2
|move|p1a: Marowak|Earthquake|p2a: Electrode
|-supereffective|p2a: Electrode
|-damage|p2a: Electrode|65\/291
|
|turn|18
|choice|switch 6|move 1
|
|switch|p1a: Lickitung|Lickitung, L90|345\/345 slp
|move|p2a: Electrode|Explosion|p1a: Lickitung
|-damage|p1a: Lickitung|158\/345 slp
|faint|p2a: Electrode
|choice||switch 4
|
|switch|p2a: Clefable|Clefable, L85|335\/335
|turn|19
|choice|switch 4|move 2
|
|switch|p1a: Mew|Mew, L74|206\/300 par
|move|p2a: Clefable|Blizzard|p1a: Mew
|-damage|p1a: Mew|117\/300 par
|
|turn|20
|choice|move 1|move 3
|
|move|p2a: Clefable|Ice Beam|p1a: Mew
|-damage|p1a: Mew|45\/300 par
|cant|p1a: Mew|par
|
|turn|21
|choice|move 1|move 3
|
|move|p2a: Clefable|Ice Beam|p1a: Mew
|-damage|p1a: Mew|0 fnt
|faint|p1a: Mew
|choice|switch 5|
|
|switch|p1a: Wartortle|Wartortle, L85|274\/274
|turn|22
|choice|move 2|move 1
|
|move|p2a: Clefable|Thunderbolt|p1a: Wartortle
|-supereffective|p1a: Wartortle
|-damage|p1a: Wartortle|132\/274
|move|p1a: Wartortle|Surf|p2a: Clefable
|-damage|p2a: Clefable|251\/335
|
|turn|23
|choice|switch 6|move 1
|
|switch|p1a: Marowak|Marowak, L90|291\/291
|move|p2a: Clefable|Thunderbolt|p1a: Marowak
|-immune|p1a: Marowak|[msg]
|
|turn|24
|choice|switch 6|move 2
|
|switch|p1a: Wartortle|Wartortle, L85|132\/274
|move|p2a: Clefable|Blizzard|p1a: Wartortle
|-resisted|p1a: Wartortle
|-damage|p1a: Wartortle|88\/274
|
|turn|25
|choice|move 4|move 1
|
|move|p2a: Clefable|Thunderbolt|p1a: Wartortle
|-supereffective|p1a: Wartortle
|-damage|p1a: Wartortle|0 fnt
|faint|p1a: Wartortle
|choice|switch 2|
|
|switch|p1a: Tentacool|Tentacool, L96|272\/272
|turn|26
|choice|move 4|move 1
|
|move|p1a: Tentacool|Blizzard|p2a: Clefable
|-damage|p2a: Clefable|149\/335
|move|p2a: Clefable|Thunderbolt|p1a: Tentacool
|-supereffective|p1a: Tentacool
|-damage|p1a: Tentacool|170\/272
|
|turn|27
|choice|move 4|move 1
|
|move|p1a: Tentacool|Blizzard|p2a: Clefable|[miss]
|-miss|p1a: Tentacool
|move|p2a: Clefable|Thunderbolt|p1a: Tentacool
|-supereffective|p1a: Tentacool
|-damage|p1a: Tentacool|65\/272
|
|turn|28
|choice|move 4|move 1
|
|move|p1a: Tentacool|Blizzard|p2a: Clefable
|-damage|p2a: Clefable|33\/335
|move|p2a: Clefable|Thunderbolt|p1a: Tentacool
|-crit|p1a: Tentacool
|-supereffective|p1a: Tentacool
|-damage|p1a: Tentacool|0 fnt
|faint|p1a: Tentacool
|choice|switch 6|
|
|switch|p1a: Marowak|Marowak, L90|291\/291
|turn|29
|choice|move 1|move 3
|
|move|p2a: Clefable|Ice Beam|p1a: Marowak
|-supereffective|p1a: Marowak
|-damage|p1a: Marowak|137\/291
|move|p1a: Marowak|Earthquake|p2a: Clefable
|-damage|p2a: Clefable|0 fnt
|faint|p2a: Clefable
|choice||switch 3
|
|switch|p2a: Nidoking|Nidoking, L85|311\/311
|turn|30
|choice|move 4|move 3
|
|move|p2a: Nidoking|Blizzard|p1a: Marowak
|-supereffective|p1a: Marowak
|-damage|p1a: Marowak|0 fnt
|faint|p1a: Marowak
|choice|switch 4|
|
|switch|p1a: Lickitung|Lickitung, L90|158\/345 slp
|turn|31
|choice|move 2|move 1
|
|move|p2a: Nidoking|Earthquake|p1a: Lickitung
|-damage|p1a: Lickitung|52\/345 slp
|-curestatus|p1a: Lickitung|slp
|
|turn|32
|choice|move 2|move 1
|
|move|p2a: Nidoking|Earthquake|p1a: Lickitung
|-damage|p1a: Lickitung|0 fnt
|faint|p1a: Lickitung
|
|win|PickledBeets
|leave|PickledBeets
|player|p2
|raw|riwu's rating: 1439 &rarr; <strong>1412<\/strong><br \/>(-27 for losing)
|raw|PickledBeets's rating: 1318 &rarr; <strong>1345<\/strong><br \/>(+27 for winning)