|j|AB Nickelquack
|j|AA Nickelquack
|player|p1|AB Nickelquack|15
|player|p2|AA Nickelquack|266
|gametype|singles
|gen|1
|tier|[Gen 1] Ubers
|seed|
|rule|Sleep Clause Mod: Limit one foe put to sleep
|rule|Freeze Clause Mod: Limit one foe frozen
|rule|Species Clause: Limit one of each Pokémon
|rule|OHKO Clause: OHKO moves are banned
|rule|Evasion Moves Clause: Evasion moves are banned
|rule|HP Percentage Mod: HP is shown in percentages
|
|start
|switch|p1a: Chansey|Chansey|100\/100
|switch|p2a: Chansey|Chansey|100\/100
|turn|1
|choice||
|
|move|p2a: Chansey|Body Slam|p1a: Chansey
|-damage|p1a: Chansey|87\/100
|move|p1a: Chansey|Body Slam|p2a: Chansey
|-damage|p2a: Chansey|87\/100
|
|turn|2
|choice||
|
|move|p1a: Chansey|Body Slam|p2a: Chansey
|-damage|p2a: Chansey|72\/100
|move|p2a: Chansey|Body Slam|p1a: Chansey
|-damage|p1a: Chansey|73\/100
|
|turn|3
|choice||
|
|move|p1a: Chansey|Body Slam|p2a: Chansey
|-damage|p2a: Chansey|59\/100
|move|p2a: Chansey|Body Slam|p1a: Chansey
|-damage|p1a: Chansey|59\/100
|
|turn|4
|choice||
|
|move|p1a: Chansey|Body Slam|p2a: Chansey
|-damage|p2a: Chansey|44\/100
|move|p2a: Chansey|Body Slam|p1a: Chansey
|-damage|p1a: Chansey|44\/100
|
|turn|5
|choice||
|
|move|p1a: Chansey|Body Slam|p2a: Chansey
|-damage|p2a: Chansey|30\/100
|move|p2a: Chansey|Body Slam|p1a: Chansey
|-damage|p1a: Chansey|30\/100
|
|turn|6
|choice||
|
|move|p2a: Chansey|Body Slam|p1a: Chansey
|-damage|p1a: Chansey|14\/100
|move|p1a: Chansey|Body Slam|p2a: Chansey
|-damage|p2a: Chansey|15\/100
|
|turn|7
|choice||
|
|move|p1a: Chansey|Body Slam|p2a: Chansey
|-damage|p2a: Chansey|0 fnt
|faint|p2a: Chansey
|choice||
|
|switch|p2a: Snorlax|Snorlax|100\/100
|turn|8
|choice||
|
|move|p1a: Chansey|Body Slam|p2a: Snorlax
|-damage|p2a: Snorlax|91\/100
|move|p2a: Snorlax|Body Slam|p1a: Chansey
|-damage|p1a: Chansey|0 fnt
|faint|p1a: Chansey
|choice||
|
|switch|p1a: Snorlax|Snorlax|100\/100
|turn|9
|choice||
|
|move|p1a: Snorlax|Body Slam|p2a: Snorlax
|-damage|p2a: Snorlax|66\/100
|move|p2a: Snorlax|Body Slam|p1a: Snorlax
|-damage|p1a: Snorlax|72\/100
|
|turn|10
|choice||
|
|move|p2a: Snorlax|Body Slam|p1a: Snorlax
|-damage|p1a: Snorlax|44\/100
|move|p1a: Snorlax|Body Slam|p2a: Snorlax
|-damage|p2a: Snorlax|38\/100
|
|turn|11
|choice||
|
|move|p1a: Snorlax|Body Slam|p2a: Snorlax
|-damage|p2a: Snorlax|11\/100
|move|p2a: Snorlax|Body Slam|p1a: Snorlax
|-damage|p1a: Snorlax|18\/100
|
|turn|12
|choice||
|
|move|p2a: Snorlax|Body Slam|p1a: Snorlax
|-damage|p1a: Snorlax|0 fnt
|faint|p1a: Snorlax
|choice||
|
|switch|p1a: Clefable|Clefable|100\/100
|turn|13
|choice||
|
|move|p1a: Clefable|Body Slam|p2a: Snorlax
|-damage|p2a: Snorlax|0 fnt
|faint|p2a: Snorlax
|choice||
|
|switch|p2a: Clefable|Clefable|100\/100
|turn|14
|choice||
|
|move|p2a: Clefable|Body Slam|p1a: Clefable
|-damage|p1a: Clefable|77\/100
|move|p1a: Clefable|Body Slam|p2a: Clefable
|-damage|p2a: Clefable|74\/100
|
|turn|15
|choice||
|
|move|p1a: Clefable|Body Slam|p2a: Clefable
|-damage|p2a: Clefable|50\/100
|move|p2a: Clefable|Body Slam|p1a: Clefable
|-damage|p1a: Clefable|52\/100
|
|turn|16
|choice||
|
|move|p2a: Clefable|Body Slam|p1a: Clefable
|-damage|p1a: Clefable|26\/100
|move|p1a: Clefable|Body Slam|p2a: Clefable
|-damage|p2a: Clefable|25\/100
|
|turn|17
|choice||
|
|move|p1a: Clefable|Body Slam|p2a: Clefable
|-damage|p2a: Clefable|1\/100
|move|p2a: Clefable|Body Slam|p1a: Clefable
|-damage|p1a: Clefable|2\/100
|
|turn|18
|choice||
|
|move|p2a: Clefable|Body Slam|p1a: Clefable
|-crit|p1a: Clefable
|-damage|p1a: Clefable|0 fnt
|faint|p1a: Clefable
|choice||
|
|switch|p1a: Kangaskhan|Kangaskhan|100\/100
|turn|19
|choice||
|
|move|p1a: Kangaskhan|Body Slam|p2a: Clefable
|-damage|p2a: Clefable|0 fnt
|faint|p2a: Clefable
|choice||
|
|switch|p2a: Kangaskhan|Kangaskhan|100\/100
|turn|20
|choice||
|
|move|p1a: Kangaskhan|Body Slam|p2a: Kangaskhan
|-crit|p2a: Kangaskhan
|-damage|p2a: Kangaskhan|50\/100
|move|p2a: Kangaskhan|Body Slam|p1a: Kangaskhan
|-damage|p1a: Kangaskhan|75\/100
|
|turn|21
|choice||
|
|move|p1a: Kangaskhan|Body Slam|p2a: Kangaskhan
|-damage|p2a: Kangaskhan|22\/100
|move|p2a: Kangaskhan|Body Slam|p1a: Kangaskhan
|-damage|p1a: Kangaskhan|48\/100
|
|turn|22
|choice||
|
|move|p1a: Kangaskhan|Body Slam|p2a: Kangaskhan
|-crit|p2a: Kangaskhan
|-damage|p2a: Kangaskhan|0 fnt
|faint|p2a: Kangaskhan
|choice||
|
|switch|p2a: Raticate|Raticate|100\/100
|turn|23
|choice||
|
|move|p2a: Raticate|Body Slam|p1a: Kangaskhan
|-crit|p1a: Kangaskhan
|-damage|p1a: Kangaskhan|0 fnt
|faint|p1a: Kangaskhan
|choice||
|
|switch|p1a: Raticate|Raticate|100\/100
|turn|24
|choice||
|
|move|p1a: Raticate|Body Slam|p2a: Raticate
|-damage|p2a: Raticate|59\/100
|move|p2a: Raticate|Body Slam|p1a: Raticate
|-damage|p1a: Raticate|63\/100
|
|turn|25
|choice||
|
|move|p1a: Raticate|Body Slam|p2a: Raticate
|-damage|p2a: Raticate|19\/100
|move|p2a: Raticate|Body Slam|p1a: Raticate
|-damage|p1a: Raticate|27\/100
|
|turn|26
|choice||
|
|move|p1a: Raticate|Body Slam|p2a: Raticate
|-damage|p2a: Raticate|0 fnt
|faint|p2a: Raticate
|choice||
|
|switch|p2a: Farfetch'd|Farfetch'd|100\/100
|turn|27
|choice||
|
|move|p1a: Raticate|Body Slam|p2a: Farfetch'd
|-damage|p2a: Farfetch'd|58\/100
|move|p2a: Farfetch'd|Body Slam|p1a: Raticate
|-damage|p1a: Raticate|0 fnt
|faint|p1a: Raticate
|choice||
|
|switch|p1a: Farfetch'd|Farfetch'd|100\/100
|turn|28
|choice||
|
|move|p2a: Farfetch'd|Body Slam|p1a: Farfetch'd
|-damage|p1a: Farfetch'd|64\/100
|move|p1a: Farfetch'd|Body Slam|p2a: Farfetch'd
|-damage|p2a: Farfetch'd|19\/100
|
|turn|29
|choice||
|
|move|p1a: Farfetch'd|Body Slam|p2a: Farfetch'd
|-damage|p2a: Farfetch'd|0 fnt
|faint|p2a: Farfetch'd
|
|win|AB Nickelquack
|player|p1
|player|p2