|join|Whoremaster
|join|xyzygy
|player|p1|Whoremaster|43
|player|p2|xyzygy|167
|gametype|singles
|gen|1
|tier|[Gen 1] OU (beta)
|rated
|rule|Sleep Clause Mod: Limit one foe put to sleep
|rule|Species Clause: Limit one of each Pokemon
|rule|OHKO Clause: OHKO moves are banned
|rule|Moody Clause: Moody is banned
|rule|Evasion Moves Clause: Evasion moves are banned
|rule|Endless Battle Clause: Forcing endless battles is banned
|rule|HP Percentage Mod: HP is reported as percentages
|
|start
|switch|p1a: Gengar|Gengar|323\/323
|switch|p2a: Venusaur|Venusaur|363\/363
|turn|1
|
|move|p1a: Gengar|Thunderbolt|p2a: Venusaur
|-resisted|p2a: Venusaur
|-damage|p2a: Venusaur|316\/363
|move|p2a: Venusaur|Sleep Powder|p1a: Gengar
|-status|p1a: Gengar|slp
|
|turn|2
|
|switch|p1a: Exeggutor|Exeggutor|393\/393
|move|p2a: Venusaur|Razor Leaf|p1a: Exeggutor
|-crit|p1a: Exeggutor
|-resisted|p1a: Exeggutor
|-damage|p1a: Exeggutor|340\/393
|
|turn|3
|
|move|p2a: Venusaur|Body Slam|p1a: Exeggutor
|-damage|p1a: Exeggutor|279\/393
|-status|p1a: Exeggutor|par
|cant|p1a: Exeggutor|par
|
|turn|4
|
|move|p2a: Venusaur|Body Slam|p1a: Exeggutor
|-crit|p1a: Exeggutor
|-damage|p1a: Exeggutor|146\/393 par
|move|p1a: Exeggutor|Psychic|p2a: Venusaur
|-supereffective|p2a: Venusaur
|-damage|p2a: Venusaur|84\/363
|-unboost|p2a: Venusaur|spd|1
|-unboost|p2a: Venusaur|spa|1
|
|turn|5
|
|switch|p2a: Chansey|Chansey|703\/703
|move|p1a: Exeggutor|Psychic|p2a: Chansey
|-damage|p2a: Chansey|590\/703
|-unboost|p2a: Chansey|spd|1
|-unboost|p2a: Chansey|spa|1
|
|turn|6
|
|move|p2a: Chansey|Ice Beam|p1a: Exeggutor
|-supereffective|p1a: Exeggutor
|-damage|p1a: Exeggutor|57\/393 par
|cant|p1a: Exeggutor|par
|
|turn|7
|
|move|p2a: Chansey|Ice Beam|p1a: Exeggutor
|-supereffective|p1a: Exeggutor
|-damage|p1a: Exeggutor|0 fnt
|faint|p1a: Exeggutor
|
|
|switch|p1a: Alakazam|Alakazam|313\/313
|turn|8
|
|move|p1a: Alakazam|Thunder Wave|p2a: Chansey
|-status|p2a: Chansey|par
|cant|p2a: Chansey|par
|
|turn|9
|
|switch|p1a: Lapras|Lapras|463\/463
|move|p2a: Chansey|Thunder Wave|p1a: Lapras
|-status|p1a: Lapras|par
|
|turn|10
|
|cant|p1a: Lapras|par
|move|p2a: Chansey|Soft-Boiled|p2a: Chansey
|-heal|p2a: Chansey|703\/703 par
|
|turn|11
|
|move|p1a: Lapras|Confuse Ray|p2a: Chansey
|-start|p2a: Chansey|confusion
|-activate|p2a: Chansey|confusion
|-damage|p2a: Chansey|674\/703 par|[from] confusion
|
|turn|12
|
|switch|p1a: Snorlax|Snorlax|523\/523
|cant|p2a: Chansey|par
|
|turn|13
|
|switch|p2a: Cloyster|Cloyster|303\/303
|move|p1a: Snorlax|Earthquake|p2a: Cloyster
|-damage|p2a: Cloyster|251\/303
|
|turn|14
|
|switch|p1a: Chansey|Chansey|703\/703
|move|p2a: Cloyster|Clamp|p1a: Chansey
|-damage|p1a: Chansey|666\/703
|-activate|p1a: Chansey|move: Clamp|[of] p2a: Cloyster
|
|turn|15
|
|move|p2a: Cloyster|Clamp|p1a: Chansey
|-damage|p1a: Chansey|629\/703
|cant|p1a: Chansey|partiallytrapped
|
|-end|p1a: Chansey|Clamp|[partiallytrapped]
|turn|16
|
|switch|p2a: Chansey|Chansey|674\/703 par
|move|p1a: Chansey|Thunderbolt|p2a: Chansey
|-damage|p2a: Chansey|603\/703 par
|
|turn|17
|chat|Whoremaster|as you are typing your calculations into your supercomputer i am drinking beers while watching gardening australia
|
|switch|p1a: Lapras|Lapras|463\/463 par
|move|p2a: Chansey|Ice Beam|p1a: Lapras
|-resisted|p1a: Lapras
|-damage|p1a: Lapras|444\/463 par
|
|turn|18
|join|OuchHaggis
|
|move|p1a: Lapras|Confuse Ray|p2a: Chansey
|-start|p2a: Chansey|confusion
|cant|p2a: Chansey|par
|
|turn|19
|
|switch|p1a: Snorlax|Snorlax|523\/523
|-activate|p2a: Chansey|confusion
|move|p2a: Chansey|Thunderbolt|p1a: Snorlax
|-crit|p1a: Snorlax
|-damage|p1a: Snorlax|305\/523
|
|turn|20
|
|switch|p2a: Cloyster|Cloyster|251\/303
|move|p1a: Snorlax|Body Slam|p2a: Cloyster
|-damage|p2a: Cloyster|179\/303
|
|turn|21
|
|switch|p1a: Chansey|Chansey|629\/703
|move|p2a: Cloyster|Clamp|p1a: Chansey
|-damage|p1a: Chansey|591\/703
|-activate|p1a: Chansey|move: Clamp|[of] p2a: Cloyster
|
|turn|22
|
|move|p2a: Cloyster|Clamp|p1a: Chansey
|-damage|p1a: Chansey|553\/703
|cant|p1a: Chansey|partiallytrapped
|
|-end|p1a: Chansey|Clamp|[partiallytrapped]
|turn|23
|chat|Whoremaster|ever been zapped?
|
|switch|p2a: Chansey|Chansey|603\/703 par
|move|p1a: Chansey|Thunderbolt|p2a: Chansey
|-damage|p2a: Chansey|533\/703 par
|
|turn|24
|
|switch|p1a: Gengar|Gengar|323\/323 slp
|cant|p2a: Chansey|par
|
|turn|25
|
|switch|p2a: Alakazam|Alakazam|313\/313
|cant|p1a: Gengar|slp
|
|turn|26
|
|switch|p1a: Alakazam|Alakazam|313\/313
|move|p2a: Alakazam|Psychic|p1a: Alakazam
|-resisted|p1a: Alakazam
|-damage|p1a: Alakazam|263\/313
|
|turn|27
|
|switch|p2a: Chansey|Chansey|533\/703 par
|move|p1a: Alakazam|Thunder Wave|p2a: Chansey
|-fail|p2a: Chansey|par
|
|turn|28
|
|move|p1a: Alakazam|Psychic|p2a: Chansey
|-damage|p2a: Chansey|402\/703 par
|move|p2a: Chansey|Thunderbolt|p1a: Alakazam
|-damage|p1a: Alakazam|203\/313
|
|turn|29
|
|move|p1a: Alakazam|Psychic|p2a: Chansey
|-crit|p2a: Chansey
|-damage|p2a: Chansey|165\/703 par
|-unboost|p2a: Chansey|spd|1
|-unboost|p2a: Chansey|spa|1
|move|p2a: Chansey|Thunder Wave|p1a: Alakazam
|-status|p1a: Alakazam|par
|
|turn|30
|
|switch|p1a: Snorlax|Snorlax|305\/523
|switch|p2a: Alakazam|Alakazam|313\/313
|
|turn|31
|
|switch|p2a: Cloyster|Cloyster|179\/303
|move|p1a: Snorlax|Body Slam|p2a: Cloyster
|-damage|p2a: Cloyster|104\/303
|
|turn|32
|
|switch|p1a: Chansey|Chansey|553\/703
|move|p2a: Cloyster|Clamp|p1a: Chansey
|-damage|p1a: Chansey|516\/703
|-activate|p1a: Chansey|move: Clamp|[of] p2a: Cloyster
|
|turn|33
|
|switch|p2a: Chansey|Chansey|165\/703 par
|cant|p1a: Chansey|partiallytrapped
|
|-end|p1a: Chansey|Clamp|[partiallytrapped]
|turn|34
|
|switch|p1a: Snorlax|Snorlax|305\/523
|move|p2a: Chansey|Soft-Boiled|p2a: Chansey
|-heal|p2a: Chansey|516\/703 par
|
|turn|35
|
|switch|p2a: Cloyster|Cloyster|104\/303
|move|p1a: Snorlax|Body Slam|p2a: Cloyster
|-damage|p2a: Cloyster|34\/303
|
|turn|36
|chat|Whoremaster|hes dying
|chat|Whoremaster|slowly
|
|switch|p1a: Chansey|Chansey|516\/703
|move|p2a: Cloyster|Clamp|p1a: Chansey|[miss]
|-miss|p2a: Cloyster
|
|turn|37
|
|move|p2a: Cloyster|Explosion|p1a: Chansey
|-damage|p1a: Chansey|0 fnt
|faint|p1a: Chansey
|faint|p2a: Cloyster
|chat|OuchHaggis|dayum
|
|switch|p2a: Venusaur|Venusaur|84\/363
|switch|p1a: Snorlax|Snorlax|305\/523
|turn|38
|chat|Whoremaster|coulda saved ages
|
|move|p2a: Venusaur|Razor Leaf|p1a: Snorlax
|-crit|p1a: Snorlax
|-damage|p1a: Snorlax|131\/523
|move|p1a: Snorlax|Body Slam|p2a: Venusaur
|-damage|p2a: Venusaur|0 fnt
|faint|p2a: Venusaur
|
|
|switch|p2a: Victreebel|Victreebel|363\/363
|turn|39
|
|move|p2a: Victreebel|Razor Leaf|p1a: Snorlax
|-crit|p1a: Snorlax
|-damage|p1a: Snorlax|0 fnt
|faint|p1a: Snorlax
|
|
|switch|p1a: Gengar|Gengar|323\/323 slp
|turn|40
|
|switch|p2a: Alakazam|Alakazam|313\/313
|cant|p1a: Gengar|slp
|-curestatus|p1a: Gengar|slp
|
|turn|41
|
|switch|p1a: Alakazam|Alakazam|203\/313 par
|move|p2a: Alakazam|Thunder Wave|p1a: Alakazam
|-fail|p1a: Alakazam|par
|
|turn|42
|
|switch|p2a: Chansey|Chansey|516\/703 par
|move|p1a: Alakazam|Seismic Toss|p2a: Chansey
|-damage|p2a: Chansey|416\/703 par
|
|turn|43
|
|move|p1a: Alakazam|Seismic Toss|p2a: Chansey
|-damage|p2a: Chansey|316\/703 par
|move|p2a: Chansey|Soft-Boiled|p2a: Chansey
|-heal|p2a: Chansey|667\/703 par
|
|turn|44
|
|move|p1a: Alakazam|Seismic Toss|p2a: Chansey
|-damage|p2a: Chansey|567\/703 par
|cant|p2a: Chansey|par
|
|turn|45
|
|move|p1a: Alakazam|Recover|p1a: Alakazam
|-heal|p1a: Alakazam|313\/313 par
|move|p2a: Chansey|Ice Beam|p1a: Alakazam
|-damage|p1a: Alakazam|254\/313 par
|
|turn|46
|
|move|p1a: Alakazam|Psychic|p2a: Chansey
|-damage|p2a: Chansey|446\/703 par
|-unboost|p2a: Chansey|spd|1
|-unboost|p2a: Chansey|spa|1
|move|p2a: Chansey|Ice Beam|p1a: Alakazam
|-damage|p1a: Alakazam|214\/313 par
|
|turn|47
|
|switch|p2a: Alakazam|Alakazam|313\/313
|move|p1a: Alakazam|Psychic|p2a: Alakazam
|-resisted|p2a: Alakazam
|-damage|p2a: Alakazam|263\/313
|-unboost|p2a: Alakazam|spd|1
|-unboost|p2a: Alakazam|spa|1
|
|turn|48
|
|switch|p2a: Golem|Golem|363\/363
|move|p1a: Alakazam|Psychic|p2a: Golem
|-damage|p2a: Golem|188\/363
|-unboost|p2a: Golem|spd|1
|-unboost|p2a: Golem|spa|1
|
|turn|49
|chat|Whoremaster|special falls for days
|join|AlphaWolf55
|
|move|p2a: Golem|Earthquake|p1a: Alakazam
|-damage|p1a: Alakazam|27\/313 par
|cant|p1a: Alakazam|par
|
|turn|50
|leave|AlphaWolf55
|
|switch|p1a: Lapras|Lapras|444\/463 par
|move|p2a: Golem|Earthquake|p1a: Lapras
|-damage|p1a: Lapras|300\/463 par
|
|turn|51
|
|switch|p2a: Chansey|Chansey|446\/703 par
|cant|p1a: Lapras|par
|
|turn|52
|
|switch|p2a: Alakazam|Alakazam|263\/313
|move|p1a: Lapras|Confuse Ray|p2a: Alakazam
|-start|p2a: Alakazam|confusion
|
|turn|53
|
|-activate|p2a: Alakazam|confusion
|move|p2a: Alakazam|Psychic|p1a: Lapras
|-damage|p1a: Lapras|165\/463 par
|-unboost|p1a: Lapras|spd|1
|-unboost|p1a: Lapras|spa|1
|move|p1a: Lapras|Body Slam|p2a: Alakazam
|-crit|p2a: Alakazam
|-damage|p2a: Alakazam|84\/313
|-status|p2a: Alakazam|par
|
|turn|54
|
|-end|p2a: Alakazam|confusion
|move|p2a: Alakazam|Recover|p2a: Alakazam
|-heal|p2a: Alakazam|240\/313 par
|move|p1a: Lapras|Rest|p1a: Lapras
|-status|p1a: Lapras|slp
|-heal|p1a: Lapras|463\/463 slp|[silent]
|-status|p1a: Lapras|slp|[from] move: Rest
|
|turn|55
|
|switch|p2a: Victreebel|Victreebel|363\/363
|switch|p1a: Alakazam|Alakazam|27\/313 par
|
|turn|56
|
|move|p2a: Victreebel|Razor Leaf|p1a: Alakazam
|-crit|p1a: Alakazam
|-damage|p1a: Alakazam|0 fnt
|faint|p1a: Alakazam
|
|
|switch|p1a: Gengar|Gengar|323\/323
|turn|57
|
|switch|p2a: Chansey|Chansey|446\/703 par
|move|p1a: Gengar|Hypnosis|p2a: Chansey
|-fail|p2a: Chansey
|
|turn|58
|
|move|p1a: Gengar|Mega Drain|p2a: Chansey
|-damage|p2a: Chansey|406\/703 par
|move|p2a: Chansey|Soft-Boiled|p2a: Chansey
|-heal|p2a: Chansey|703\/703 par
|
|turn|59
|
|move|p1a: Gengar|Thunderbolt|p2a: Chansey
|-damage|p2a: Chansey|615\/703 par
|move|p2a: Chansey|Thunderbolt|p1a: Gengar
|-damage|p1a: Gengar|264\/323
|-status|p1a: Gengar|par
|
|turn|60
|
|move|p1a: Gengar|Thunderbolt|p2a: Chansey
|-damage|p2a: Chansey|526\/703 par
|move|p2a: Chansey|Thunderbolt|p1a: Gengar
|-damage|p1a: Gengar|202\/323 par
|
|turn|61
|
|move|p1a: Gengar|Mega Drain|p2a: Chansey
|-damage|p2a: Chansey|490\/703 par
|-heal|p1a: Gengar|220\/323 par|[from] drain|[of] p2a: Chansey
|cant|p2a: Chansey|par
|
|turn|62
|
|move|p1a: Gengar|Mega Drain|p2a: Chansey
|-damage|p2a: Chansey|452\/703 par
|-heal|p1a: Gengar|239\/323 par|[from] drain|[of] p2a: Chansey
|move|p2a: Chansey|Thunderbolt|p1a: Gengar
|-damage|p1a: Gengar|172\/323 par
|
|turn|63
|
|move|p1a: Gengar|Mega Drain|p2a: Chansey
|-crit|p2a: Chansey
|-damage|p2a: Chansey|376\/703 par
|-heal|p1a: Gengar|210\/323 par|[from] drain|[of] p2a: Chansey
|cant|p2a: Chansey|par
|
|turn|64
|
|move|p1a: Gengar|Mega Drain|p2a: Chansey
|-crit|p2a: Chansey
|-damage|p2a: Chansey|294\/703 par
|-heal|p1a: Gengar|251\/323 par|[from] drain|[of] p2a: Chansey
|cant|p2a: Chansey|par
|
|turn|65
|
|move|p1a: Gengar|Mega Drain|p2a: Chansey
|-damage|p2a: Chansey|256\/703 par
|-heal|p1a: Gengar|270\/323 par|[from] drain|[of] p2a: Chansey
|move|p2a: Chansey|Soft-Boiled|p2a: Chansey
|-heal|p2a: Chansey|607\/703 par
|
|turn|66
|
|move|p1a: Gengar|Mega Drain|p2a: Chansey
|-damage|p2a: Chansey|572\/703 par
|-heal|p1a: Gengar|288\/323 par|[from] drain|[of] p2a: Chansey
|move|p2a: Chansey|Thunderbolt|p1a: Gengar
|-damage|p1a: Gengar|218\/323 par
|
|turn|67
|
|move|p1a: Gengar|Mega Drain|p2a: Chansey
|-damage|p2a: Chansey|535\/703 par
|-heal|p1a: Gengar|237\/323 par|[from] drain|[of] p2a: Chansey
|move|p2a: Chansey|Thunderbolt|p1a: Gengar
|-damage|p1a: Gengar|176\/323 par
|
|turn|68
|
|move|p1a: Gengar|Mega Drain|p2a: Chansey
|-damage|p2a: Chansey|496\/703 par
|-heal|p1a: Gengar|196\/323 par|[from] drain|[of] p2a: Chansey
|move|p2a: Chansey|Thunderbolt|p1a: Gengar
|-damage|p1a: Gengar|129\/323 par
|
|turn|69
|
|move|p1a: Gengar|Mega Drain|p2a: Chansey
|-damage|p2a: Chansey|455\/703 par
|-heal|p1a: Gengar|150\/323 par|[from] drain|[of] p2a: Chansey
|move|p2a: Chansey|Thunderbolt|p1a: Gengar
|-crit|p1a: Gengar
|-damage|p1a: Gengar|17\/323 par
|
|turn|70
|join|Flex Kitsu
|
|move|p1a: Gengar|Explosion|p2a: Chansey
|-crit|p2a: Chansey
|-damage|p2a: Chansey|0 fnt
|faint|p2a: Chansey
|faint|p1a: Gengar
|
|switch|p1a: Lapras|Lapras|463\/463 slp
|switch|p2a: Golem|Golem|188\/363
|turn|71
|
|cant|p1a: Lapras|slp
|move|p2a: Golem|Explosion|p1a: Lapras
|-damage|p1a: Lapras|163\/463 slp
|faint|p2a: Golem
|
|switch|p2a: Victreebel|Victreebel|363\/363
|turn|72
|leave|Flex Kitsu
|
|move|p2a: Victreebel|Razor Leaf|p1a: Lapras
|-crit|p1a: Lapras
|-supereffective|p1a: Lapras
|-damage|p1a: Lapras|0 fnt
|faint|p1a: Lapras
|
|win|xyzygy
|raw|Ladder updating...
|raw|Whoremaster's rating: 1285 &rarr; <strong>1262<\/strong><br \/>(-23 for losing)
|raw|xyzygy's rating: 1303 &rarr; <strong>1322<\/strong><br \/>(+19 for winning)
|chat|Whoremaster|gg
|chat|xyzygy|gg