|j|StellarMelon
|j|Hazelton316
|player|p1|StellarMelon|121
|player|p2|Hazelton316|101
|gametype|singles
|gen|1
|tier|[Gen 1] Random Battle
|rated
|seed|21065,25372,21675,16062
|rule|Sleep Clause Mod: Limit one foe put to sleep
|rule|Freeze Clause Mod: Limit one foe frozen
|rule|HP Percentage Mod: HP is shown in percentages
|
|start
|switch|p1a: Primeape|Primeape, L90|300\/300
|switch|p2a: Rhydon|Rhydon, L79|328\/328
|turn|1
|j|TonyInc
|choice|switch 6|switch 6
|
|switch|p1a: Poliwhirl|Poliwhirl, L85|284\/284
|switch|p2a: Jynx|Jynx, L79|265\/265
|
|turn|2
|choice|move 3|move 1
|
|move|p1a: Poliwhirl|Hypnosis|p2a: Jynx
|-status|p2a: Jynx|slp
|cant|p2a: Jynx|slp
|
|turn|3
|choice|move 1|move 1
|
|move|p1a: Poliwhirl|Amnesia|p1a: Poliwhirl
|-boost|p1a: Poliwhirl|spd|2
|-boost|p1a: Poliwhirl|spa|2
|cant|p2a: Jynx|slp
|
|turn|4
|choice|move 1|switch 3
|
|switch|p2a: Rattata|Rattata, L96|252\/252
|move|p1a: Poliwhirl|Amnesia|p1a: Poliwhirl
|-boost|p1a: Poliwhirl|spd|2
|-boost|p1a: Poliwhirl|spa|2
|
|turn|5
|choice|move 2|move 1
|
|move|p1a: Poliwhirl|Surf|p2a: Rattata
|-damage|p2a: Rattata|0 fnt
|faint|p2a: Rattata
|choice||switch 5
|
|switch|p2a: Pinsir|Pinsir, L85|284\/284
|turn|6
|choice|move 1|move 4
|
|move|p1a: Poliwhirl|Amnesia|p1a: Poliwhirl
|-boost|p1a: Poliwhirl|spd|2
|-boost|p1a: Poliwhirl|spa|2
|move|p2a: Pinsir|Hyper Beam|p1a: Poliwhirl|[miss]
|-miss|p2a: Pinsir
|
|turn|7
|choice|move 2|move 4
|
|move|p1a: Poliwhirl|Surf|p2a: Pinsir
|-damage|p2a: Pinsir|0 fnt
|faint|p2a: Pinsir
|choice||switch 2
|
|switch|p2a: Farfetch'd|Farfetch'd, L99|304\/304
|turn|8
|c|★StellarMelon|ya done?
|choice|move 4|move 2
|
|move|p1a: Poliwhirl|Blizzard|p2a: Farfetch'd
|-crit|p2a: Farfetch'd
|-supereffective|p2a: Farfetch'd
|-damage|p2a: Farfetch'd|35\/304
|move|p2a: Farfetch'd|Sand Attack|p1a: Poliwhirl
|-unboost|p1a: Poliwhirl|accuracy|1
|
|turn|9
|choice|move 2|move 2
|
|move|p1a: Poliwhirl|Surf|p2a: Farfetch'd|[miss]
|-miss|p1a: Poliwhirl
|move|p2a: Farfetch'd|Sand Attack|p1a: Poliwhirl
|-unboost|p1a: Poliwhirl|accuracy|1
|
|turn|10
|c|★StellarMelon|lucky crit
|choice|move 2|move 2
|
|move|p1a: Poliwhirl|Surf|p2a: Farfetch'd|[miss]
|-miss|p1a: Poliwhirl
|move|p2a: Farfetch'd|Sand Attack|p1a: Poliwhirl
|-unboost|p1a: Poliwhirl|accuracy|1
|
|turn|11
|choice|switch 3|move 2
|
|switch|p1a: Mew|Mew, L74|300\/300
|move|p2a: Farfetch'd|Sand Attack|p1a: Mew
|-unboost|p1a: Mew|accuracy|1
|
|turn|12
|choice|move 1|move 2
|
|move|p1a: Mew|Psychic|p2a: Farfetch'd|[miss]
|-miss|p1a: Mew
|move|p2a: Farfetch'd|Sand Attack|p1a: Mew
|-unboost|p1a: Mew|accuracy|1
|
|turn|13
|choice|move 1|move 1
|
|move|p1a: Mew|Psychic|p2a: Farfetch'd
|-damage|p2a: Farfetch'd|0 fnt
|faint|p2a: Farfetch'd
|choice||switch 6
|
|switch|p2a: Rhydon|Rhydon, L79|328\/328
|turn|14
|choice|move 1|move 4
|
|move|p1a: Mew|Psychic|p2a: Rhydon
|-damage|p2a: Rhydon|213\/328
|move|p2a: Rhydon|Earthquake|p1a: Mew
|-damage|p1a: Mew|183\/300
|
|turn|15
|choice|move 1|move 4
|
|move|p1a: Mew|Psychic|p2a: Rhydon
|-damage|p2a: Rhydon|102\/328
|-unboost|p2a: Rhydon|spd|1
|-unboost|p2a: Rhydon|spa|1
|move|p2a: Rhydon|Earthquake|p1a: Mew
|-damage|p1a: Mew|54\/300
|
|turn|16
|choice|move 1|move 4
|
|move|p1a: Mew|Psychic|p2a: Rhydon
|-damage|p2a: Rhydon|0 fnt
|faint|p2a: Rhydon
|choice||switch 3
|
|switch|p2a: Jynx|Jynx, L79|265\/265 slp
|turn|17
|choice|move 4|move 3
|
|cant|p2a: Jynx|slp
|move|p1a: Mew|Swords Dance|p1a: Mew
|-boost|p1a: Mew|atk|2
|
|turn|18
|choice|move 4|move 3
|
|cant|p2a: Jynx|slp
|move|p1a: Mew|Swords Dance|p1a: Mew
|-boost|p1a: Mew|atk|2
|
|turn|19
|choice|move 3|move 3
|
|cant|p2a: Jynx|slp
|move|p1a: Mew|Hyper Beam|p2a: Jynx
|-damage|p2a: Jynx|0 fnt
|faint|p2a: Jynx
|choice||switch 4
|
|switch|p2a: Gyarados|Gyarados, L85|335\/335
|turn|20
|choice|move 2|move 3
|
|move|p1a: Mew|Explosion|p2a: Gyarados
|-damage|p2a: Gyarados|0 fnt
|faint|p2a: Gyarados
|faint|p1a: Mew
|
|win|StellarMelon
|player|p1
|player|p2
|raw|StellarMelon's rating: 1325 &rarr; <strong>1341<\/strong><br \/>(+16 for winning)
|raw|Hazelton316's rating: 1260 &rarr; <strong>1239<\/strong><br \/>(-21 for losing)
|l|Hazelton316