|join|toot1231
|join|andi9393
|player|p1|toot1231|102
|player|p2|andi9393|101
|gametype|singles
|gen|1
|tier|[Gen 1] Random Battle
|rated
|rule|Sleep Clause Mod: Limit one foe put to sleep
|rule|Freeze Clause Mod: Limit one foe frozen
|rule|HP Percentage Mod: HP is shown in percentages
|
|start
|switch|p1a: Arcanine|Arcanine, L86|330\/330
|switch|p2a: Electrode|Electrode, L86|279\/279
|turn|1
|
|move|p2a: Electrode|Explosion|p1a: Arcanine
|-damage|p1a: Arcanine|149\/330
|faint|p2a: Electrode
|
|switch|p2a: Tauros|Tauros, L82|291\/291
|turn|2
|
|move|p2a: Tauros|Earthquake|p1a: Arcanine
|-supereffective|p1a: Arcanine
|-damage|p1a: Arcanine|0 fnt
|faint|p1a: Arcanine
|
|switch|p1a: Zapdos|Zapdos, L82|315\/315
|turn|3
|
|switch|p2a: Dragonite|Dragonite, L82|317\/317
|move|p1a: Zapdos|Thunder Wave|p2a: Dragonite
|-status|p2a: Dragonite|par
|
|turn|4
|
|move|p1a: Zapdos|Thunderbolt|p2a: Dragonite
|-crit|p2a: Dragonite
|-damage|p2a: Dragonite|104\/317 par
|move|p2a: Dragonite|Agility|p2a: Dragonite
|-boost|p2a: Dragonite|spe|2
|
|turn|5
|
|move|p2a: Dragonite|Wrap|p1a: Zapdos
|-damage|p1a: Zapdos|301\/315
|-activate|p1a: Zapdos|move: Wrap|[of] p2a: Dragonite
|cant|p1a: Zapdos|partiallytrapped
|
|turn|6
|
|move|p2a: Dragonite|Wrap|p1a: Zapdos
|-damage|p1a: Zapdos|287\/315
|cant|p1a: Zapdos|partiallytrapped
|
|turn|7
|
|move|p2a: Dragonite|Wrap|p1a: Zapdos
|-damage|p1a: Zapdos|273\/315
|cant|p1a: Zapdos|partiallytrapped
|
|turn|8
|
|move|p2a: Dragonite|Wrap|p1a: Zapdos
|-damage|p1a: Zapdos|259\/315
|cant|p1a: Zapdos|partiallytrapped
|
|-end|p1a: Zapdos|Wrap|[partiallytrapped]
|turn|9
|
|move|p2a: Dragonite|Wrap|p1a: Zapdos
|-damage|p1a: Zapdos|246\/315
|-activate|p1a: Zapdos|move: Wrap|[of] p2a: Dragonite
|cant|p1a: Zapdos|partiallytrapped
|
|turn|10
|
|move|p2a: Dragonite|Wrap|p1a: Zapdos
|-damage|p1a: Zapdos|233\/315
|cant|p1a: Zapdos|partiallytrapped
|
|turn|11
|
|move|p2a: Dragonite|Wrap|p1a: Zapdos
|-damage|p1a: Zapdos|220\/315
|cant|p1a: Zapdos|partiallytrapped
|
|-end|p1a: Zapdos|Wrap|[partiallytrapped]
|turn|12
|c|★toot1231|how have you not missed yet
|
|move|p2a: Dragonite|Wrap|p1a: Zapdos
|-crit|p1a: Zapdos
|-damage|p1a: Zapdos|192\/315
|-activate|p1a: Zapdos|move: Wrap|[of] p2a: Dragonite
|cant|p1a: Zapdos|partiallytrapped
|
|turn|13
|
|move|p2a: Dragonite|Wrap|p1a: Zapdos
|-damage|p1a: Zapdos|164\/315
|cant|p1a: Zapdos|partiallytrapped
|
|-end|p1a: Zapdos|Wrap|[partiallytrapped]
|turn|14
|c|★andi9393|dont know 0.675 is not so good
|
|move|p2a: Dragonite|Wrap|p1a: Zapdos|[miss]
|-miss|p2a: Dragonite
|move|p1a: Zapdos|Agility|p1a: Zapdos
|-boost|p1a: Zapdos|spe|2
|
|turn|15
|
|move|p1a: Zapdos|Thunderbolt|p2a: Dragonite
|-damage|p2a: Dragonite|2\/317 par
|cant|p2a: Dragonite|par
|
|turn|16
|c|★toot1231|WHAT
|c|★toot1231|ok
|c|★toot1231|thank god
|
|move|p1a: Zapdos|Drill Peck|p2a: Dragonite
|-damage|p2a: Dragonite|0 fnt
|faint|p2a: Dragonite
|
|switch|p2a: Clefable|Clefable, L86|339\/339
|turn|17
|
|move|p1a: Zapdos|Thunderbolt|p2a: Clefable
|-damage|p2a: Clefable|226\/339
|move|p2a: Clefable|Thunder Wave|p1a: Zapdos
|-status|p1a: Zapdos|par
|
|turn|18
|
|move|p2a: Clefable|Thunder|p1a: Zapdos
|-damage|p1a: Zapdos|95\/315 par
|move|p1a: Zapdos|Thunderbolt|p2a: Clefable
|-damage|p2a: Clefable|114\/339
|
|turn|19
|
|move|p2a: Clefable|Hyper Beam|p1a: Zapdos
|-damage|p1a: Zapdos|0 fnt
|faint|p1a: Zapdos
|
|switch|p1a: Machoke|Machoke, L86|313\/313
|turn|20
|
|move|p2a: Clefable|Hyper Beam|p1a: Machoke
|-damage|p1a: Machoke|165\/313
|move|p1a: Machoke|Hyper Beam|p2a: Clefable|[miss]
|-miss|p1a: Machoke
|
|turn|21
|c|★toot1231|kill me
|c|★toot1231|you hit wrap 100 fkin times I miss hyper beam first try god damn it
|
|cant|p2a: Clefable|recharge
|move|p1a: Machoke|Hyper Beam|p2a: Clefable
|-damage|p2a: Clefable|0 fnt
|faint|p2a: Clefable
|
|switch|p2a: Jynx|Jynx, L82|274\/274
|turn|22
|
|move|p2a: Jynx|Psychic|p1a: Machoke
|-supereffective|p1a: Machoke
|-damage|p1a: Machoke|0 fnt
|faint|p1a: Machoke
|
|switch|p1a: Chansey|Chansey, L82|578\/578
|turn|23
|
|move|p2a: Jynx|Lovely Kiss|p1a: Chansey|[miss]
|-miss|p2a: Jynx
|move|p1a: Chansey|Thunderbolt|p2a: Jynx
|-damage|p2a: Jynx|205\/274
|
|turn|24
|
|move|p2a: Jynx|Lovely Kiss|p1a: Chansey
|-status|p1a: Chansey|slp
|cant|p1a: Chansey|slp
|
|turn|25
|
|switch|p2a: Primeape|Primeape, L86|287\/287
|cant|p1a: Chansey|slp
|
|turn|26
|
|switch|p1a: Vileplume|Vileplume, L86|304\/304
|move|p2a: Primeape|Submission|p1a: Vileplume
|-resisted|p1a: Vileplume
|-damage|p1a: Vileplume|261\/304
|-damage|p2a: Primeape|277\/287|[from] recoil|[of] p1a: Vileplume
|
|turn|27
|
|move|p2a: Primeape|Body Slam|p1a: Vileplume
|-crit|p1a: Vileplume
|-damage|p1a: Vileplume|136\/304
|move|p1a: Vileplume|Sleep Powder|p2a: Primeape
|-status|p2a: Primeape|slp
|
|turn|28
|
|cant|p2a: Primeape|slp
|move|p1a: Vileplume|Mega Drain|p2a: Primeape
|-damage|p2a: Primeape|225\/287 slp
|-heal|p1a: Vileplume|162\/304|[from] drain|[of] p2a: Primeape
|
|turn|29
|
|cant|p2a: Primeape|slp
|move|p1a: Vileplume|Swords Dance|p1a: Vileplume
|-boost|p1a: Vileplume|atk|2
|
|turn|30
|
|cant|p2a: Primeape|slp
|-curestatus|p2a: Primeape|slp
|move|p1a: Vileplume|Mega Drain|p2a: Primeape
|-crit|p2a: Primeape
|-damage|p2a: Primeape|116\/287
|-heal|p1a: Vileplume|216\/304|[from] drain|[of] p2a: Primeape
|
|turn|31
|
|move|p2a: Primeape|Body Slam|p1a: Vileplume
|-damage|p1a: Vileplume|149\/304
|-status|p1a: Vileplume|par
|move|p1a: Vileplume|Body Slam|p2a: Primeape
|-damage|p2a: Primeape|0 fnt
|faint|p2a: Primeape
|
|switch|p2a: Jynx|Jynx, L82|205\/274
|turn|32
|
|move|p2a: Jynx|Psychic|p1a: Vileplume
|-supereffective|p1a: Vileplume
|-damage|p1a: Vileplume|0 fnt
|faint|p1a: Vileplume
|
|switch|p1a: Chansey|Chansey, L82|578\/578 slp
|turn|33
|
|switch|p2a: Tauros|Tauros, L82|291\/291
|cant|p1a: Chansey|slp
|
|turn|34
|
|switch|p1a: Bulbasaur|Bulbasaur, L92|270\/270
|move|p2a: Tauros|Body Slam|p1a: Bulbasaur
|-damage|p1a: Bulbasaur|152\/270
|
|turn|35
|
|move|p2a: Tauros|Body Slam|p1a: Bulbasaur
|-damage|p1a: Bulbasaur|42\/270
|move|p1a: Bulbasaur|Sleep Powder|p2a: Tauros
|-status|p2a: Tauros|slp
|
|turn|36
|
|cant|p2a: Tauros|slp
|move|p1a: Bulbasaur|Body Slam|p2a: Tauros
|-damage|p2a: Tauros|243\/291 slp
|
|turn|37
|
|cant|p2a: Tauros|slp
|move|p1a: Bulbasaur|Razor Leaf|p2a: Tauros
|-crit|p2a: Tauros
|-damage|p2a: Tauros|114\/291 slp
|
|turn|38
|
|switch|p2a: Jynx|Jynx, L82|205\/274
|move|p1a: Bulbasaur|Razor Leaf|p2a: Jynx
|-damage|p2a: Jynx|152\/274
|
|turn|39
|
|move|p2a: Jynx|Psychic|p1a: Bulbasaur
|-supereffective|p1a: Bulbasaur
|-damage|p1a: Bulbasaur|0 fnt
|faint|p1a: Bulbasaur
|
|switch|p1a: Chansey|Chansey, L82|578\/578 slp
|turn|40
|
|switch|p2a: Tauros|Tauros, L82|114\/291 slp
|cant|p1a: Chansey|slp
|
|turn|41
|c|★toot1231|gg
|
|cant|p2a: Tauros|slp
|cant|p1a: Chansey|slp
|-curestatus|p1a: Chansey|slp
|
|turn|42
|
|switch|p2a: Jynx|Jynx, L82|152\/274
|move|p1a: Chansey|Reflect|p1a: Chansey
|
|turn|43
|
|move|p2a: Jynx|Lovely Kiss|p1a: Chansey|[miss]
|-miss|p2a: Jynx
|move|p1a: Chansey|Thunderbolt|p2a: Jynx
|-damage|p2a: Jynx|92\/274
|
|turn|44
|
|move|p2a: Jynx|Lovely Kiss|p1a: Chansey|[miss]
|-miss|p2a: Jynx
|move|p1a: Chansey|Thunderbolt|p2a: Jynx
|-crit|p2a: Jynx
|-damage|p2a: Jynx|0 fnt
|faint|p2a: Jynx
|
|switch|p2a: Tauros|Tauros, L82|114\/291 slp
|turn|45
|
|cant|p2a: Tauros|slp
|move|p1a: Chansey|Thunderbolt|p2a: Tauros
|-damage|p2a: Tauros|32\/291 slp
|
|turn|46
|
|cant|p2a: Tauros|slp
|move|p1a: Chansey|Thunderbolt|p2a: Tauros
|-damage|p2a: Tauros|0 fnt
|faint|p2a: Tauros
|
|win|toot1231
|raw|Ladder updating...