|j|kLATNyELOX
|j|markus1000
|player|p1|kLATNyELOX|101
|player|p2|markus1000|20
|gametype|singles
|gen|1
|tier|[Gen 1] Random Battle
|rated
|seed|
|rule|Sleep Clause Mod: Limit one foe put to sleep
|rule|Freeze Clause Mod: Limit one foe frozen
|rule|HP Percentage Mod: HP is shown in percentages
|
|start
|switch|p1a: Pikachu|Pikachu, L96|100\/100
|switch|p2a: Wartortle|Wartortle, L85|100\/100
|turn|1
|choice||
|
|move|p1a: Pikachu|Thunder|p2a: Wartortle|[miss]
|-miss|p1a: Pikachu
|move|p2a: Wartortle|Surf|p1a: Pikachu
|-damage|p1a: Pikachu|63\/100
|
|turn|2
|choice||
|
|switch|p2a: Vileplume|Vileplume, L90|100\/100
|move|p1a: Pikachu|Thunder|p2a: Vileplume
|-resisted|p2a: Vileplume
|-damage|p2a: Vileplume|86\/100
|-status|p2a: Vileplume|par
|
|turn|3
|choice||
|
|switch|p1a: Charizard|Charizard, L85|100\/100
|move|p2a: Vileplume|Sleep Powder|p1a: Charizard|[miss]
|-miss|p2a: Vileplume
|
|turn|4
|choice||
|
|move|p1a: Charizard|Swords Dance|p1a: Charizard
|-boost|p1a: Charizard|atk|2
|move|p2a: Vileplume|Sleep Powder|p1a: Charizard
|-status|p1a: Charizard|slp
|
|turn|5
|choice||
|
|switch|p2a: Omastar|Omastar, L90|100\/100
|cant|p1a: Charizard|slp
|
|turn|6
|choice||
|
|switch|p1a: Omastar|Omastar, L90|100\/100
|move|p2a: Omastar|Surf|p1a: Omastar
|-damage|p1a: Omastar|67\/100
|
|turn|7
|choice||
|
|move|p1a: Omastar|Blizzard|p2a: Omastar|[miss]
|-miss|p1a: Omastar
|move|p2a: Omastar|Surf|p1a: Omastar
|-damage|p1a: Omastar|34\/100
|
|turn|8
|c|★kLATNyELOX|!weakness Omastar
|raw|<div class="infobox">Omastar (ignoring abilities):<br><span class="message-effect-weak">Weaknesses<\/span>: Electric, Fighting, <b>Grass<\/b>, Ground<br><span class="message-effect-resist">Resistances<\/span>: <b>Fire<\/b>, Flying, Ice, Normal, Poison<br><span class="message-effect-immune">Immunities<\/span>: <font color=#999999>None<\/font><\/div>
|choice||
|
|switch|p1a: Hypno|Hypno, L85|100\/100
|move|p2a: Omastar|Surf|p1a: Hypno
|-damage|p1a: Hypno|65\/100
|
|turn|9
|choice||
|
|move|p1a: Hypno|Psychic|p2a: Omastar
|-damage|p2a: Omastar|74\/100
|move|p2a: Omastar|Surf|p1a: Hypno
|-damage|p1a: Hypno|31\/100
|
|turn|10
|choice||
|
|move|p1a: Hypno|Hypnosis|p2a: Omastar|[miss]
|-miss|p1a: Hypno
|move|p2a: Omastar|Surf|p1a: Hypno
|-damage|p1a: Hypno|0 fnt
|faint|p1a: Hypno
|choice||
|
|switch|p1a: Pikachu|Pikachu, L96|63\/100
|turn|11
|choice||
|
|switch|p2a: Vileplume|Vileplume, L90|86\/100 par
|move|p1a: Pikachu|Thunder|p2a: Vileplume
|-resisted|p2a: Vileplume
|-damage|p2a: Vileplume|72\/100 par
|
|turn|12
|choice||
|
|switch|p1a: Charizard|Charizard, L85|100\/100 slp
|move|p2a: Vileplume|Body Slam|p1a: Charizard
|-crit|p1a: Charizard
|-damage|p1a: Charizard|62\/100 slp
|
|turn|13
|choice||
|
|switch|p2a: Omastar|Omastar, L90|74\/100
|cant|p1a: Charizard|slp
|
|turn|14
|choice||
|
|switch|p1a: Chansey|Chansey, L79|100\/100
|move|p2a: Omastar|Blizzard|p1a: Chansey
|-damage|p1a: Chansey|82\/100
|
|turn|15
|choice||
|
|move|p2a: Omastar|Surf|p1a: Chansey
|-damage|p1a: Chansey|62\/100
|move|p1a: Chansey|Thunderbolt|p2a: Omastar
|-crit|p2a: Omastar
|-supereffective|p2a: Omastar
|-damage|p2a: Omastar|6\/100
|
|turn|16
|choice||
|
|move|p2a: Omastar|Rest|p2a: Omastar
|-status|p2a: Omastar|slp
|-heal|p2a: Omastar|100\/100 slp|[silent]
|-status|p2a: Omastar|slp|[from] move: Rest
|move|p1a: Chansey|Soft-Boiled|p1a: Chansey
|-heal|p1a: Chansey|100\/100
|
|turn|17
|choice||
|
|switch|p2a: Vileplume|Vileplume, L90|72\/100 par
|move|p1a: Chansey|Thunderbolt|p2a: Vileplume
|-resisted|p2a: Vileplume
|-damage|p2a: Vileplume|64\/100 par
|
|turn|18
|choice||
|
|move|p2a: Vileplume|Swords Dance|p2a: Vileplume
|-boost|p2a: Vileplume|atk|2
|move|p1a: Chansey|Counter|p2a: Vileplume
|-fail|p1a: Chansey
|
|turn|19
|choice||
|
|switch|p1a: Omastar|Omastar, L90|34\/100
|move|p2a: Vileplume|Swords Dance|p2a: Vileplume
|-boost|p2a: Vileplume|atk|2
|
|turn|20
|choice||
|
|switch|p2a: Omastar|Omastar, L90|100\/100 slp
|move|p1a: Omastar|Blizzard|p2a: Omastar
|-resisted|p2a: Omastar
|-damage|p2a: Omastar|87\/100 slp
|
|turn|21
|choice||
|
|cant|p2a: Omastar|slp
|move|p1a: Omastar|Seismic Toss|p2a: Omastar
|-damage|p2a: Omastar|57\/100 slp
|
|turn|22
|choice||
|
|switch|p2a: Electabuzz|Electabuzz, L85|100\/100
|move|p1a: Omastar|Seismic Toss|p2a: Electabuzz
|-damage|p2a: Electabuzz|69\/100
|
|turn|23
|choice||
|
|switch|p1a: Nidoking|Nidoking, L85|100\/100
|move|p2a: Electabuzz|Thunderbolt|p1a: Nidoking
|-immune|p1a: Nidoking|[msg]
|
|turn|24
|choice||
|
|switch|p2a: Omastar|Omastar, L90|57\/100 slp
|move|p1a: Nidoking|Blizzard|p2a: Omastar|[miss]
|-miss|p1a: Nidoking
|
|turn|25
|choice||
|
|move|p1a: Nidoking|Thunderbolt|p2a: Omastar
|-supereffective|p2a: Omastar
|-damage|p2a: Omastar|26\/100 slp
|-curestatus|p2a: Omastar|slp
|
|turn|26
|choice||
|
|switch|p2a: Electabuzz|Electabuzz, L85|69\/100
|move|p1a: Nidoking|Earthquake|p2a: Electabuzz
|-supereffective|p2a: Electabuzz
|-damage|p2a: Electabuzz|0 fnt
|faint|p2a: Electabuzz
|choice||
|
|switch|p2a: Charmeleon|Charmeleon, L85|100\/100
|turn|27
|c|★kLATNyELOX|Fucking gotcha bitch
|choice||
|
|move|p1a: Nidoking|Earthquake|p2a: Charmeleon
|-supereffective|p2a: Charmeleon
|-damage|p2a: Charmeleon|0 fnt
|faint|p2a: Charmeleon
|choice||
|
|switch|p2a: Wartortle|Wartortle, L85|100\/100
|turn|28
|choice||
|
|move|p1a: Nidoking|Thunderbolt|p2a: Wartortle
|-supereffective|p2a: Wartortle
|-damage|p2a: Wartortle|50\/100
|move|p2a: Wartortle|Blizzard|p1a: Nidoking
|-supereffective|p1a: Nidoking
|-damage|p1a: Nidoking|55\/100
|-status|p1a: Nidoking|frz
|
|turn|29
|choice||
|
|switch|p1a: Chansey|Chansey, L79|100\/100
|move|p2a: Wartortle|Surf|p1a: Chansey
|-damage|p1a: Chansey|87\/100
|
|turn|30
|choice||
|
|switch|p2a: Omastar|Omastar, L90|26\/100
|move|p1a: Chansey|Thunderbolt|p2a: Omastar
|-supereffective|p2a: Omastar
|-damage|p2a: Omastar|0 fnt
|faint|p2a: Omastar
|choice||
|
|switch|p2a: Lickitung|Lickitung, L90|100\/100
|turn|31
|choice||
|
|move|p1a: Chansey|Thunder Wave|p2a: Lickitung
|-status|p2a: Lickitung|par
|cant|p2a: Lickitung|par
|
|turn|32
|choice||
|
|move|p1a: Chansey|Thunderbolt|p2a: Lickitung
|-damage|p2a: Lickitung|80\/100 par
|move|p2a: Lickitung|Swords Dance|p2a: Lickitung
|-boost|p2a: Lickitung|atk|2
|
|turn|33
|choice||
|
|move|p2a: Lickitung|Earthquake|p1a: Chansey
|-crit|p1a: Chansey
|-damage|p1a: Chansey|30\/100
|move|p1a: Chansey|Counter|p2a: Lickitung
|-fail|p1a: Chansey
|
|turn|34
|c|★kLATNyELOX|Oh, Ground is a special type?
|choice||
|
|switch|p1a: Charizard|Charizard, L85|62\/100 slp
|move|p2a: Lickitung|Hyper Beam|p1a: Charizard
|-damage|p1a: Charizard|0 fnt
|faint|p1a: Charizard
|choice||
|
|switch|p1a: Pikachu|Pikachu, L96|63\/100
|turn|35
|choice||
|
|switch|p2a: Vileplume|Vileplume, L90|64\/100 par
|move|p1a: Pikachu|Thunder|p2a: Vileplume
|-crit|p2a: Vileplume
|-resisted|p2a: Vileplume
|-damage|p2a: Vileplume|34\/100 par
|
|turn|36
|choice||
|
|switch|p1a: Omastar|Omastar, L90|34\/100
|cant|p2a: Vileplume|par
|
|turn|37
|choice||
|
|switch|p2a: Wartortle|Wartortle, L85|50\/100
|move|p1a: Omastar|Seismic Toss|p2a: Wartortle
|-damage|p2a: Wartortle|17\/100
|
|turn|38
|choice||
|
|move|p1a: Omastar|Seismic Toss|p2a: Wartortle
|-damage|p2a: Wartortle|0 fnt
|faint|p2a: Wartortle
|choice||
|
|switch|p2a: Vileplume|Vileplume, L90|34\/100 par
|turn|39
|choice||
|
|move|p1a: Omastar|Seismic Toss|p2a: Vileplume
|-damage|p2a: Vileplume|6\/100 par
|cant|p2a: Vileplume|par
|
|turn|40
|choice||
|
|move|p1a: Omastar|Seismic Toss|p2a: Vileplume
|-damage|p2a: Vileplume|0 fnt
|faint|p2a: Vileplume
|choice||
|
|switch|p2a: Lickitung|Lickitung, L90|80\/100 par
|turn|41
|choice||
|
|move|p1a: Omastar|Seismic Toss|p2a: Lickitung
|-damage|p2a: Lickitung|54\/100 par
|move|p2a: Lickitung|Earthquake|p1a: Omastar
|-supereffective|p1a: Omastar
|-damage|p1a: Omastar|5\/100
|
|turn|42
|choice||
|
|move|p1a: Omastar|Seismic Toss|p2a: Lickitung
|-damage|p2a: Lickitung|27\/100 par
|cant|p2a: Lickitung|par
|
|turn|43
|-message|markus1000 forfeited.
|
|win|kLATNyELOX
|player|p1
|player|p2
|l|markus1000
|raw|kLATNyELOX's rating: 1084 &rarr; <strong>1116<\/strong><br \/>(+32 for winning)
|raw|markus1000's rating: 1137 &rarr; <strong>1108<\/strong><br \/>(-29 for losing)