|join|kid gf lol
|join|dslkdfjsldfcock
|player|p1|kid gf lol|114
|player|p2|dslkdfjsldfcock|101
|gametype|singles
|gen|1
|tier|[Gen 1] Random Battle
|rated
|rule|Sleep Clause Mod: Limit one foe put to sleep
|rule|Freeze Clause Mod: Limit one foe frozen
|rule|HP Percentage Mod: HP is shown in percentages
|
|start
|switch|p1a: Gloom|Gloom, L86|279\/279
|switch|p2a: Lapras|Lapras, L82|381\/381
|turn|1
|
|switch|p1a: Seaking|Seaking, L86|313\/313
|move|p2a: Lapras|Ice Beam|p1a: Seaking
|-crit|p1a: Seaking
|-resisted|p1a: Seaking
|-damage|p1a: Seaking|225\/313
|
|turn|2
|
|move|p1a: Seaking|Double-Edge|p2a: Lapras
|-damage|p2a: Lapras|305\/381
|-damage|p1a: Seaking|206\/313|[from] recoil|[of] p2a: Lapras
|move|p2a: Lapras|Confuse Ray|p1a: Seaking
|-start|p1a: Seaking|confusion
|
|turn|3
|
|-activate|p1a: Seaking|confusion
|move|p1a: Seaking|Double-Edge|p2a: Lapras
|-damage|p2a: Lapras|224\/381
|-damage|p1a: Seaking|186\/313|[from] recoil|[of] p2a: Lapras
|move|p2a: Lapras|Body Slam|p1a: Seaking
|-damage|p1a: Seaking|126\/313
|
|turn|4
|
|-activate|p1a: Seaking|confusion
|-damage|p1a: Seaking|89\/313|[from] confusion
|move|p2a: Lapras|Body Slam|p1a: Seaking
|-damage|p1a: Seaking|33\/313
|-status|p1a: Seaking|par
|
|turn|5
|
|move|p2a: Lapras|Body Slam|p1a: Seaking
|-damage|p1a: Seaking|0 fnt
|faint|p1a: Seaking
|
|switch|p1a: Gloom|Gloom, L86|279\/279
|turn|6
|
|move|p2a: Lapras|Ice Beam|p1a: Gloom
|-supereffective|p1a: Gloom
|-damage|p1a: Gloom|106\/279
|move|p1a: Gloom|Sleep Powder|p2a: Lapras
|-status|p2a: Lapras|slp
|
|turn|7
|
|switch|p2a: Dewgong|Dewgong, L86|330\/330
|move|p1a: Gloom|Mega Drain|p2a: Dewgong
|-supereffective|p2a: Dewgong
|-damage|p2a: Dewgong|253\/330
|-heal|p1a: Gloom|144\/279|[from] drain|[of] p2a: Dewgong
|
|turn|8
|
|move|p2a: Dewgong|Blizzard|p1a: Gloom
|-supereffective|p1a: Gloom
|-damage|p1a: Gloom|0 fnt
|faint|p1a: Gloom
|c|★kid gf lol|this team is horse shit
|
|switch|p1a: Flareon|Flareon, L86|287\/287
|turn|9
|
|move|p2a: Dewgong|Surf|p1a: Flareon
|-supereffective|p1a: Flareon
|-damage|p1a: Flareon|108\/287
|move|p1a: Flareon|Fire Blast|p2a: Dewgong|[miss]
|-miss|p1a: Flareon
|
|turn|10
|c|★kid gf lol|gay
|
|switch|p1a: Gyarados|Gyarados, L86|339\/339
|move|p2a: Dewgong|Surf|p1a: Gyarados
|-resisted|p1a: Gyarados
|-damage|p1a: Gyarados|294\/339
|
|turn|11
|
|switch|p2a: Gloom|Gloom, L86|279\/279
|move|p1a: Gyarados|Body Slam|p2a: Gloom
|-damage|p2a: Gloom|199\/279
|-status|p2a: Gloom|par
|
|turn|12
|
|move|p1a: Gyarados|Blizzard|p2a: Gloom
|-supereffective|p2a: Gloom
|-damage|p2a: Gloom|19\/279 par
|move|p2a: Gloom|Sleep Powder|p1a: Gyarados
|-status|p1a: Gyarados|slp
|
|turn|13
|
|switch|p2a: Weezing|Weezing, L86|287\/287
|cant|p1a: Gyarados|slp
|
|turn|14
|
|switch|p1a: Flareon|Flareon, L86|108\/287
|move|p2a: Weezing|Thunderbolt|p1a: Flareon
|-damage|p1a: Flareon|53\/287
|-status|p1a: Flareon|par
|
|turn|15
|
|move|p1a: Flareon|Quick Attack|p2a: Weezing
|-damage|p2a: Weezing|259\/287
|move|p2a: Weezing|Sludge|p1a: Flareon
|-damage|p1a: Flareon|0 fnt
|faint|p1a: Flareon
|
|switch|p1a: Persian|Persian, L82|274\/274
|turn|16
|
|switch|p2a: Gloom|Gloom, L86|19\/279 par
|move|p1a: Persian|Slash|p2a: Gloom
|-crit|p2a: Gloom
|-damage|p2a: Gloom|0 fnt
|faint|p2a: Gloom
|
|switch|p2a: Dewgong|Dewgong, L86|253\/330
|turn|17
|
|move|p1a: Persian|Thunderbolt|p2a: Dewgong
|-supereffective|p2a: Dewgong
|-damage|p2a: Dewgong|167\/330
|move|p2a: Dewgong|Blizzard|p1a: Persian
|-crit|p1a: Persian
|-damage|p1a: Persian|0 fnt
|faint|p1a: Persian
|c|★kid gf lol|gay
|
|switch|p1a: Pidgeot|Pidgeot, L86|318\/318
|turn|18
|
|switch|p2a: Kangaskhan|Kangaskhan, L86|356\/356
|move|p1a: Pidgeot|Double-Edge|p2a: Kangaskhan
|-damage|p2a: Kangaskhan|260\/356
|-damage|p1a: Pidgeot|294\/318|[from] recoil|[of] p2a: Kangaskhan
|
|turn|19
|
|move|p1a: Pidgeot|Mimic|p2a: Kangaskhan
|-start|p1a: Pidgeot|Mimic|Hyper Beam
|move|p2a: Kangaskhan|Counter|p1a: Pidgeot
|-fail|p2a: Kangaskhan
|
|turn|20
|
|move|p1a: Pidgeot|Sky Attack|p2a: Kangaskhan|[still]
|-prepare|p1a: Pidgeot|Sky Attack|p2a: Kangaskhan
|move|p2a: Kangaskhan|Surf|p1a: Pidgeot
|-damage|p1a: Pidgeot|245\/318
|
|turn|21
|
|move|p1a: Pidgeot|Sky Attack|p2a: Kangaskhan
|-damage|p2a: Kangaskhan|114\/356
|move|p2a: Kangaskhan|Hyper Beam|p1a: Pidgeot
|-damage|p1a: Pidgeot|56\/318
|
|turn|22
|
|move|p1a: Pidgeot|Double-Edge|p2a: Kangaskhan
|-damage|p2a: Kangaskhan|8\/356
|-damage|p1a: Pidgeot|30\/318|[from] recoil|[of] p2a: Kangaskhan
|cant|p2a: Kangaskhan|recharge
|
|turn|23
|
|move|p1a: Pidgeot|Double-Edge|p2a: Kangaskhan
|-damage|p2a: Kangaskhan|0 fnt
|-damage|p1a: Pidgeot|28\/318|[from] recoil|[of] p2a: Kangaskhan
|faint|p2a: Kangaskhan
|
|switch|p2a: Weezing|Weezing, L86|259\/287
|turn|24
|
|move|p1a: Pidgeot|Hyper Beam|p2a: Weezing
|-damage|p2a: Weezing|141\/287
|move|p2a: Weezing|Thunderbolt|p1a: Pidgeot
|-supereffective|p1a: Pidgeot
|-damage|p1a: Pidgeot|0 fnt
|faint|p1a: Pidgeot
|
|switch|p1a: Gyarados|Gyarados, L86|294\/339 slp
|turn|25
|
|cant|p1a: Gyarados|slp
|move|p2a: Weezing|Thunderbolt|p1a: Gyarados
|-crit|p1a: Gyarados
|-supereffective|p1a: Gyarados
|-damage|p1a: Gyarados|0 fnt
|faint|p1a: Gyarados
|
|win|dslkdfjsldfcock
|raw|Ladder updating...
|raw|kid gf lol's rating: 1401 &rarr; <strong>1369<\/strong><br \/>(-32 for losing)
|raw|dslkdfjsldfcock's rating: 1169 &rarr; <strong>1208<\/strong><br \/>(+39 for winning)
|leave|kid gf lol
|player|p1