|j|ruycn
|j|moogledrink
|player|p1|ruycn|1
|player|p2|moogledrink|143
|gametype|singles
|gen|1
|tier|[Gen 1] Random Battle
|rated
|seed|15989,1807,13217,14111
|rule|Sleep Clause Mod: Limit one foe put to sleep
|rule|Freeze Clause Mod: Limit one foe frozen
|rule|HP Percentage Mod: HP is shown in percentages
|
|start
|switch|p1a: Mewtwo|Mewtwo, L70|293\/293
|switch|p2a: Tentacruel|Tentacruel, L85|310\/310
|turn|1
|choice|move 1|switch 3
|
|switch|p2a: Mr. Mime|Mr. Mime, L85|242\/242
|move|p1a: Mewtwo|Psychic|p2a: Mr. Mime
|-resisted|p2a: Mr. Mime
|-damage|p2a: Mr. Mime|199\/242
|
|turn|2
|choice|switch 3|move 1
|
|switch|p1a: Electabuzz|Electabuzz, L85|284\/284
|move|p2a: Mr. Mime|Thunder Wave|p1a: Electabuzz
|-status|p1a: Electabuzz|par
|
|turn|3
|choice|move 2|switch 5
|
|switch|p2a: Raichu|Raichu, L85|276\/276
|move|p1a: Electabuzz|Thunder Wave|p2a: Raichu
|-status|p2a: Raichu|par
|
|turn|4
|choice|move 3|move 4
|
|move|p1a: Electabuzz|Seismic Toss|p2a: Raichu
|-damage|p2a: Raichu|191\/276 par
|cant|p2a: Raichu|par
|
|turn|5
|choice|move 3|move 4
|
|move|p1a: Electabuzz|Seismic Toss|p2a: Raichu
|-damage|p2a: Raichu|106\/276 par
|cant|p2a: Raichu|par
|
|turn|6
|choice|move 3|move 4
|
|move|p1a: Electabuzz|Seismic Toss|p2a: Raichu
|-damage|p2a: Raichu|21\/276 par
|move|p2a: Raichu|Agility|p2a: Raichu
|-boost|p2a: Raichu|spe|2
|
|turn|7
|choice|move 3|move 1
|
|cant|p2a: Raichu|par
|cant|p1a: Electabuzz|par
|
|turn|8
|c|★ruycn|hax
|choice|move 3|move 1
|
|move|p2a: Raichu|Surf|p1a: Electabuzz
|-damage|p1a: Electabuzz|216\/284 par
|move|p1a: Electabuzz|Seismic Toss|p2a: Raichu
|-damage|p2a: Raichu|0 fnt
|faint|p2a: Raichu
|choice||switch 6
|
|switch|p2a: Persian|Persian, L79|265\/265
|turn|9
|choice|move 2|move 1
|
|move|p2a: Persian|Slash|p1a: Electabuzz
|-crit|p1a: Electabuzz
|-damage|p1a: Electabuzz|77\/284 par
|cant|p1a: Electabuzz|par
|
|turn|10
|choice|switch 4|move 1
|
|switch|p1a: Lapras|Lapras, L79|367\/367
|move|p2a: Persian|Slash|p1a: Lapras
|-crit|p1a: Lapras
|-damage|p1a: Lapras|254\/367
|
|turn|11
|choice|move 3|move 1
|
|move|p2a: Persian|Slash|p1a: Lapras
|-crit|p1a: Lapras
|-damage|p1a: Lapras|132\/367
|move|p1a: Lapras|Blizzard|p2a: Persian
|-crit|p2a: Persian
|-damage|p2a: Persian|0 fnt
|faint|p2a: Persian
|choice||switch 2
|
|switch|p2a: Poliwhirl|Poliwhirl, L85|284\/284
|turn|12
|choice|move 4|move 1
|
|move|p2a: Poliwhirl|Amnesia|p2a: Poliwhirl
|-boost|p2a: Poliwhirl|spd|2
|-boost|p2a: Poliwhirl|spa|2
|move|p1a: Lapras|Thunderbolt|p2a: Poliwhirl
|-supereffective|p2a: Poliwhirl
|-damage|p2a: Poliwhirl|204\/284
|
|turn|13
|choice|move 2|move 1
|
|move|p2a: Poliwhirl|Amnesia|p2a: Poliwhirl
|-boost|p2a: Poliwhirl|spd|2
|-boost|p2a: Poliwhirl|spa|2
|move|p1a: Lapras|Confuse Ray|p2a: Poliwhirl
|-start|p2a: Poliwhirl|confusion
|
|turn|14
|choice|move 1|move 3
|
|-activate|p2a: Poliwhirl|confusion
|move|p2a: Poliwhirl|Hypnosis|p1a: Lapras|[miss]
|-miss|p2a: Poliwhirl
|move|p1a: Lapras|Body Slam|p2a: Poliwhirl
|-crit|p2a: Poliwhirl
|-damage|p2a: Poliwhirl|100\/284
|
|turn|15
|choice|move 1|move 4
|
|-activate|p2a: Poliwhirl|confusion
|move|p2a: Poliwhirl|Psychic|p1a: Lapras
|-damage|p1a: Lapras|0 fnt
|faint|p1a: Lapras
|choice|switch 3|
|
|switch|p1a: Mewtwo|Mewtwo, L70|293\/293
|turn|16
|choice|move 4|move 3
|
|move|p1a: Mewtwo|Body Slam|p2a: Poliwhirl
|-damage|p2a: Poliwhirl|47\/284
|-status|p2a: Poliwhirl|par
|-end|p2a: Poliwhirl|confusion
|move|p2a: Poliwhirl|Hypnosis|p1a: Mewtwo|[miss]
|-miss|p2a: Poliwhirl
|
|turn|17
|choice|move 4|move 3
|
|move|p1a: Mewtwo|Body Slam|p2a: Poliwhirl
|-crit|p2a: Poliwhirl
|-damage|p2a: Poliwhirl|0 fnt
|faint|p2a: Poliwhirl
|choice||switch 5
|
|switch|p2a: Mr. Mime|Mr. Mime, L85|199\/242
|turn|18
|choice|switch 4|move 3
|
|switch|p1a: Electabuzz|Electabuzz, L85|77\/284 par
|move|p2a: Mr. Mime|Seismic Toss|p1a: Electabuzz
|-damage|p1a: Electabuzz|0 fnt
|faint|p1a: Electabuzz
|choice|switch 2|
|
|switch|p1a: Beedrill|Beedrill, L90|300\/300
|turn|19
|choice|move 1|move 4
|
|move|p2a: Mr. Mime|Psychic|p1a: Beedrill
|-supereffective|p1a: Beedrill
|-damage|p1a: Beedrill|6\/300
|move|p1a: Beedrill|Agility|p1a: Beedrill
|-boost|p1a: Beedrill|spe|2
|
|turn|20
|choice|move 3|switch 4
|
|switch|p2a: Wigglytuff|Wigglytuff, L90|435\/435
|move|p1a: Beedrill|Twineedle|p2a: Wigglytuff
|-crit|p2a: Wigglytuff
|-damage|p2a: Wigglytuff|365\/435
|-damage|p2a: Wigglytuff|295\/435
|-hitcount|p2a: Wigglytuff|2
|
|turn|21
|choice|move 4|move 4
|
|move|p1a: Beedrill|Hyper Beam|p2a: Wigglytuff
|-damage|p2a: Wigglytuff|139\/435
|move|p2a: Wigglytuff|Double-Edge|p1a: Beedrill
|-damage|p1a: Beedrill|0 fnt
|-damage|p2a: Wigglytuff|138\/435|[from] recoil|[of] p1a: Beedrill
|faint|p1a: Beedrill
|choice|switch 5|
|
|switch|p1a: Primeape|Primeape, L90|300\/300
|turn|22
|choice|move 1|move 3
|
|move|p1a: Primeape|Body Slam|p2a: Wigglytuff
|-damage|p2a: Wigglytuff|44\/435
|move|p2a: Wigglytuff|Thunder Wave|p1a: Primeape
|-status|p1a: Primeape|par
|
|turn|23
|choice|move 1|move 2
|
|move|p2a: Wigglytuff|Hyper Beam|p1a: Primeape
|-damage|p1a: Primeape|124\/300 par
|move|p1a: Primeape|Body Slam|p2a: Wigglytuff
|-damage|p2a: Wigglytuff|0 fnt
|faint|p2a: Wigglytuff
|choice||switch 4
|
|switch|p2a: Mr. Mime|Mr. Mime, L85|199\/242
|turn|24
|choice|move 2|move 4
|
|move|p2a: Mr. Mime|Psychic|p1a: Primeape
|-supereffective|p1a: Primeape
|-damage|p1a: Primeape|0 fnt
|faint|p1a: Primeape
|choice|switch 6|
|
|switch|p1a: Pidgeotto|Pidgeotto, L90|297\/297
|turn|25
|choice|move 2|move 1
|
|move|p2a: Mr. Mime|Thunder Wave|p1a: Pidgeotto
|-status|p1a: Pidgeotto|par
|move|p1a: Pidgeotto|Mirror Move|p1a: Pidgeotto
|move|p1a: Pidgeotto|Thunder Wave|p2a: Mr. Mime|[from]Mirror Move
|-status|p2a: Mr. Mime|par
|
|turn|26
|choice|switch 4|switch 3
|
|switch|p2a: Tentacruel|Tentacruel, L85|310\/310
|switch|p1a: Mewtwo|Mewtwo, L70|293\/293
|
|turn|27
|choice|move 2|switch 3
|
|switch|p2a: Mr. Mime|Mr. Mime, L85|199\/242 par
|move|p1a: Mewtwo|Thunderbolt|p2a: Mr. Mime
|-damage|p2a: Mr. Mime|133\/242 par
|
|turn|28
|choice|move 4|move 1
|
|move|p1a: Mewtwo|Body Slam|p2a: Mr. Mime
|-damage|p2a: Mr. Mime|76\/242 par
|move|p2a: Mr. Mime|Thunder Wave|p1a: Mewtwo
|-status|p1a: Mewtwo|par
|
|turn|29
|choice|move 4|move 3
|
|move|p1a: Mewtwo|Body Slam|p2a: Mr. Mime
|-damage|p2a: Mr. Mime|19\/242 par
|move|p2a: Mr. Mime|Seismic Toss|p1a: Mewtwo
|-damage|p1a: Mewtwo|208\/293 par
|
|turn|30
|choice|move 2|move 3
|
|move|p1a: Mewtwo|Thunderbolt|p2a: Mr. Mime
|-damage|p2a: Mr. Mime|0 fnt
|faint|p2a: Mr. Mime
|choice||switch 3
|
|switch|p2a: Tentacruel|Tentacruel, L85|310\/310
|turn|31
|choice|move 1|move 1
|
|move|p2a: Tentacruel|Hydro Pump|p1a: Mewtwo
|-damage|p1a: Mewtwo|78\/293 par
|move|p1a: Mewtwo|Psychic|p2a: Tentacruel
|-crit|p2a: Tentacruel
|-supereffective|p2a: Tentacruel
|-damage|p2a: Tentacruel|32\/310
|-unboost|p2a: Tentacruel|spd|1
|-unboost|p2a: Tentacruel|spa|1
|
|turn|32
|choice|move 1|move 1
|
|move|p2a: Tentacruel|Hydro Pump|p1a: Mewtwo
|-crit|p1a: Mewtwo
|-damage|p1a: Mewtwo|0 fnt
|faint|p1a: Mewtwo
|choice|switch 4|
|
|switch|p1a: Pidgeotto|Pidgeotto, L90|297\/297 par
|turn|33
|choice|move 1|move 2
|
|move|p2a: Tentacruel|Blizzard|p1a: Pidgeotto
|-supereffective|p1a: Pidgeotto
|-damage|p1a: Pidgeotto|131\/297 par
|cant|p1a: Pidgeotto|par
|
|turn|34
|c|★ruycn|gg
|choice|move 1|move 2
|
|move|p2a: Tentacruel|Blizzard|p1a: Pidgeotto
|-crit|p1a: Pidgeotto
|-supereffective|p1a: Pidgeotto
|-damage|p1a: Pidgeotto|0 fnt
|faint|p1a: Pidgeotto
|
|win|moogledrink
|raw|ruycn's rating: 1297 &rarr; <strong>1269<\/strong><br \/>(-28 for losing)
|raw|moogledrink's rating: 1257 &rarr; <strong>1285<\/strong><br \/>(+28 for winning)
|c|★moogledrink|gg
|l|ruycn
|player|p1