|join|Jano CC
|join|riwu
|player|p1|Jano CC|163
|player|p2|riwu|101
|gametype|singles
|gen|1
|tier|[Gen 1] Random Battle
|rated
|seed|53896,46896,4235,20512
|rule|Sleep Clause Mod: Limit one foe put to sleep
|rule|Freeze Clause Mod: Limit one foe frozen
|rule|HP Percentage Mod: HP is shown in percentages
|
|start
|switch|p1a: Magikarp|Magikarp, L99|240\/240
|switch|p2a: Machop|Machop, L96|329\/329
|turn|1
|choice|move 2|switch 5
|
|switch|p2a: Nidoran-F|Nidoran-F, L96|300\/300
|move|p1a: Magikarp|Dragon Rage|p2a: Nidoran-F
|-damage|p2a: Nidoran-F|260\/300
|
|turn|2
|choice|move 2|move 1
|
|move|p1a: Magikarp|Dragon Rage|p2a: Nidoran-F
|-damage|p2a: Nidoran-F|220\/300
|move|p2a: Nidoran-F|Double-Edge|p1a: Magikarp
|-damage|p1a: Magikarp|178\/240
|-damage|p2a: Nidoran-F|205\/300|[from] recoil|[of] p1a: Magikarp
|
|turn|3
|choice|move 2|move 1
|
|move|p1a: Magikarp|Dragon Rage|p2a: Nidoran-F
|-damage|p2a: Nidoran-F|165\/300
|move|p2a: Nidoran-F|Double-Edge|p1a: Magikarp
|-damage|p1a: Magikarp|111\/240
|-damage|p2a: Nidoran-F|149\/300|[from] recoil|[of] p1a: Magikarp
|
|turn|4
|choice|move 2|move 1
|
|move|p1a: Magikarp|Dragon Rage|p2a: Nidoran-F
|-damage|p2a: Nidoran-F|109\/300
|move|p2a: Nidoran-F|Double-Edge|p1a: Magikarp
|-crit|p1a: Magikarp
|-damage|p1a: Magikarp|0 fnt
|-damage|p2a: Nidoran-F|82\/300|[from] recoil|[of] p1a: Magikarp
|faint|p1a: Magikarp
|choice|switch 3|
|
|switch|p1a: Arbok|Arbok, L90|291\/291
|turn|5
|choice|move 1|move 1
|
|move|p1a: Arbok|Rock Slide|p2a: Nidoran-F
|-damage|p2a: Nidoran-F|18\/300
|move|p2a: Nidoran-F|Double-Edge|p1a: Arbok
|-damage|p1a: Arbok|226\/291
|-damage|p2a: Nidoran-F|2\/300|[from] recoil|[of] p1a: Arbok
|
|turn|6
|choice|move 4|move 3
|
|move|p1a: Arbok|Body Slam|p2a: Nidoran-F
|-damage|p2a: Nidoran-F|0 fnt
|faint|p2a: Nidoran-F
|choice||switch 5
|
|switch|p2a: Machop|Machop, L96|329\/329
|turn|7
|choice|move 2|move 4
|
|move|p1a: Arbok|Glare|p2a: Machop
|-status|p2a: Machop|par
|move|p2a: Machop|Earthquake|p1a: Arbok
|-supereffective|p1a: Arbok
|-damage|p1a: Arbok|65\/291
|
|turn|8
|choice|switch 2|move 4
|
|switch|p1a: Magmar|Magmar, L90|300\/300
|move|p2a: Machop|Earthquake|p1a: Magmar
|-supereffective|p1a: Magmar
|-damage|p1a: Magmar|114\/300
|
|turn|9
|choice|move 3|move 4
|
|move|p1a: Magmar|Fire Blast|p2a: Machop|[miss]
|-miss|p1a: Magmar
|move|p2a: Machop|Earthquake|p1a: Magmar
|-supereffective|p1a: Magmar
|-damage|p1a: Magmar|0 fnt
|faint|p1a: Magmar
|choice|switch 2|
|
|switch|p1a: Arbok|Arbok, L90|65\/291
|turn|10
|choice|move 3|move 4
|
|move|p1a: Arbok|Hyper Beam|p2a: Machop
|-damage|p2a: Machop|204\/329 par
|move|p2a: Machop|Earthquake|p1a: Arbok
|-supereffective|p1a: Arbok
|-damage|p1a: Arbok|0 fnt
|faint|p1a: Arbok
|choice|switch 5|
|
|switch|p1a: Cloyster|Cloyster, L83|253\/253
|turn|11
|choice|move 4|move 3
|
|move|p1a: Cloyster|Ice Beam|p2a: Machop
|-crit|p2a: Machop
|-damage|p2a: Machop|0 fnt
|faint|p2a: Machop
|choice||switch 4
|
|switch|p2a: Electrode|Electrode, L90|291\/291
|turn|12
|choice|switch 4|move 2
|
|switch|p1a: Zapdos|Zapdos, L79|304\/304
|move|p2a: Electrode|Thunder|p1a: Zapdos
|-damage|p1a: Zapdos|188\/304
|
|turn|13
|choice|move 4|switch 2
|
|switch|p2a: Onix|Onix, L90|246\/246
|move|p1a: Zapdos|Drill Peck|p2a: Onix
|-resisted|p2a: Onix
|-damage|p2a: Onix|224\/246
|
|turn|14
|choice|switch 4|move 1
|
|switch|p1a: Cloyster|Cloyster, L83|253\/253
|move|p2a: Onix|Rock Slide|p1a: Cloyster
|-supereffective|p1a: Cloyster
|-damage|p1a: Cloyster|176\/253
|
|turn|15
|choice|move 4|switch 2
|
|switch|p2a: Electrode|Electrode, L90|291\/291
|move|p1a: Cloyster|Ice Beam|p2a: Electrode
|-damage|p2a: Electrode|205\/291
|
|turn|16
|choice|move 3|move 3
|
|move|p2a: Electrode|Thunderbolt|p1a: Cloyster
|-supereffective|p1a: Cloyster
|-damage|p1a: Cloyster|0 fnt
|faint|p1a: Cloyster
|choice|switch 4|
|
|switch|p1a: Zapdos|Zapdos, L79|188\/304
|turn|17
|choice|move 4|switch 2
|
|switch|p2a: Onix|Onix, L90|224\/246
|move|p1a: Zapdos|Drill Peck|p2a: Onix
|-resisted|p2a: Onix
|-damage|p2a: Onix|202\/246
|
|turn|18
|choice|switch 6|move 1
|
|switch|p1a: Mew|Mew, L74|300\/300
|move|p2a: Onix|Rock Slide|p1a: Mew
|-damage|p1a: Mew|236\/300
|
|turn|19
|choice|move 3|switch 6
|
|switch|p2a: Kingler|Kingler, L85|267\/267
|move|p1a: Mew|Psychic|p2a: Kingler
|-damage|p2a: Kingler|166\/267
|
|turn|20
|choice|move 1|move 1
|
|move|p1a: Mew|Thunderbolt|p2a: Kingler
|-supereffective|p2a: Kingler
|-damage|p2a: Kingler|23\/267
|move|p2a: Kingler|Crabhammer|p1a: Mew
|-crit|p1a: Mew
|-damage|p1a: Mew|95\/300
|
|turn|21
|choice|move 1|move 1
|
|move|p1a: Mew|Thunderbolt|p2a: Kingler
|-supereffective|p2a: Kingler
|-damage|p2a: Kingler|0 fnt
|faint|p2a: Kingler
|choice||switch 2
|
|switch|p2a: Electrode|Electrode, L90|205\/291
|turn|22
|choice|move 4|move 1
|
|move|p2a: Electrode|Explosion|p1a: Mew
|-crit|p1a: Mew
|-damage|p1a: Mew|0 fnt
|faint|p1a: Mew
|faint|p2a: Electrode
|choice|switch 6|switch 6
|
|switch|p1a: Zapdos|Zapdos, L79|188\/304
|switch|p2a: Onix|Onix, L90|202\/246
|turn|23
|choice|move 4|move 1
|
|move|p1a: Zapdos|Drill Peck|p2a: Onix
|-resisted|p2a: Onix
|-damage|p2a: Onix|181\/246
|move|p2a: Onix|Rock Slide|p1a: Zapdos|[miss]
|-miss|p2a: Onix
|
|turn|24
|choice|move 4|move 1
|
|move|p1a: Zapdos|Drill Peck|p2a: Onix
|-crit|p2a: Onix
|-resisted|p2a: Onix
|-damage|p2a: Onix|138\/246
|move|p2a: Onix|Rock Slide|p1a: Zapdos
|-supereffective|p1a: Zapdos
|-damage|p1a: Zapdos|54\/304
|
|turn|25
|choice|move 4|move 1
|
|move|p1a: Zapdos|Drill Peck|p2a: Onix
|-resisted|p2a: Onix
|-damage|p2a: Onix|115\/246
|move|p2a: Onix|Rock Slide|p1a: Zapdos
|-crit|p1a: Zapdos
|-supereffective|p1a: Zapdos
|-damage|p1a: Zapdos|0 fnt
|faint|p1a: Zapdos
|
|win|riwu
|raw|Jano CC's rating: 1247 &rarr; <strong>1230<\/strong><br \/>(-17 for losing)
|raw|riwu's rating: 1366 &rarr; <strong>1379<\/strong><br \/>(+13 for winning)