|j|katsuge5
|j|Ch01W0n5h1n
|player|p1|katsuge5|93
|player|p2|Ch01W0n5h1n|165
|gametype|singles
|gen|1
|tier|[Gen 1] OU
|rated
|seed|
|rule|Sleep Clause Mod: Limit one foe put to sleep
|rule|Freeze Clause Mod: Limit one foe frozen
|rule|Species Clause: Limit one of each Pokémon
|rule|OHKO Clause: OHKO moves are banned
|rule|Evasion Moves Clause: Evasion moves are banned
|rule|HP Percentage Mod: HP is shown in percentages
|
|start
|switch|p1a: Alakazam|Alakazam|100\/100
|switch|p2a: Something|Starmie|100\/100
|turn|1
|choice||
|
|switch|p1a: Chansey|Chansey|100\/100
|switch|p2a: Chance E|Chansey|100\/100
|
|turn|2
|choice||
|
|switch|p1a: Exeggutor|Exeggutor|100\/100
|move|p2a: Chance E|Ice Beam|p1a: Exeggutor
|-supereffective|p1a: Exeggutor
|-damage|p1a: Exeggutor|68\/100
|
|turn|3
|choice||
|
|switch|p2a: Something|Starmie|100\/100
|move|p1a: Exeggutor|Sleep Powder|p2a: Something|[miss]
|-miss|p1a: Exeggutor
|
|turn|4
|choice||
|
|switch|p1a: Chansey|Chansey|100\/100
|move|p2a: Something|Ice Beam|p1a: Chansey
|-damage|p1a: Chansey|90\/100
|
|turn|5
|choice||
|
|switch|p2a: Cut.Exe|Exeggutor|100\/100
|move|p1a: Chansey|Ice Beam|p2a: Cut.Exe
|-supereffective|p2a: Cut.Exe
|-damage|p2a: Cut.Exe|65\/100
|
|turn|6
|choice||
|
|switch|p1a: Alakazam|Alakazam|100\/100
|move|p2a: Cut.Exe|Sleep Powder|p1a: Alakazam
|-status|p1a: Alakazam|slp
|
|turn|7
|choice||
|
|cant|p1a: Alakazam|slp
|move|p2a: Cut.Exe|Double-Edge|p1a: Alakazam
|-damage|p1a: Alakazam|61\/100 slp
|-damage|p2a: Cut.Exe|57\/100|[from] recoil|[of] p1a: Alakazam
|
|turn|8
|choice||
|
|switch|p1a: Exeggutor|Exeggutor|68\/100
|move|p2a: Cut.Exe|Double-Edge|p1a: Exeggutor
|-damage|p1a: Exeggutor|47\/100
|-damage|p2a: Cut.Exe|52\/100|[from] recoil|[of] p1a: Exeggutor
|
|turn|9
|choice||
|
|move|p2a: Cut.Exe|Explosion|p1a: Exeggutor
|-damage|p1a: Exeggutor|0 fnt
|faint|p1a: Exeggutor
|faint|p2a: Cut.Exe
|choice||
|
|switch|p1a: Alakazam|Alakazam|61\/100 slp
|switch|p2a: Chance E|Chansey|100\/100
|turn|10
|choice||
|
|cant|p1a: Alakazam|slp
|move|p2a: Chance E|Ice Beam|p1a: Alakazam
|-damage|p1a: Alakazam|40\/100 slp
|
|turn|11
|choice||
|
|-curestatus|p1a: Alakazam|slp
|move|p2a: Chance E|Ice Beam|p1a: Alakazam
|-damage|p1a: Alakazam|20\/100
|
|turn|12
|choice||
|
|move|p1a: Alakazam|Recover|p1a: Alakazam
|-heal|p1a: Alakazam|70\/100
|move|p2a: Chance E|Ice Beam|p1a: Alakazam
|-damage|p1a: Alakazam|50\/100
|
|turn|13
|choice||
|
|switch|p1a: Snorlax|Snorlax|100\/100
|move|p2a: Chance E|Ice Beam|p1a: Snorlax
|-crit|p1a: Snorlax
|-damage|p1a: Snorlax|66\/100
|
|turn|14
|choice||
|
|switch|p2a: Lem|Golem|100\/100
|move|p1a: Snorlax|Earthquake|p2a: Lem
|-supereffective|p2a: Lem
|-damage|p2a: Lem|64\/100
|
|turn|15
|j|Ch0iW0n5hin
|choice||
|
|move|p2a: Lem|Earthquake|p1a: Snorlax
|-damage|p1a: Snorlax|33\/100
|move|p1a: Snorlax|Earthquake|p2a: Lem
|-supereffective|p2a: Lem
|-damage|p2a: Lem|27\/100
|
|turn|16
|choice||
|
|move|p2a: Lem|Earthquake|p1a: Snorlax
|-damage|p1a: Snorlax|2\/100
|move|p1a: Snorlax|Earthquake|p2a: Lem
|-supereffective|p2a: Lem
|-damage|p2a: Lem|0 fnt
|faint|p2a: Lem
|choice||
|
|switch|p2a: Chance E|Chansey|100\/100
|turn|17
|choice||
|
|move|p2a: Chance E|Thunderbolt|p1a: Snorlax
|-damage|p1a: Snorlax|0 fnt
|faint|p1a: Snorlax
|choice||
|
|switch|p1a: Chansey|Chansey|90\/100
|turn|18
|choice||
|
|move|p1a: Chansey|Ice Beam|p2a: Chance E
|-damage|p2a: Chance E|90\/100
|move|p2a: Chance E|Ice Beam|p1a: Chansey
|-damage|p1a: Chansey|79\/100
|
|turn|19
|choice||
|
|move|p2a: Chance E|Ice Beam|p1a: Chansey
|-damage|p1a: Chansey|67\/100
|move|p1a: Chansey|Ice Beam|p2a: Chance E
|-damage|p2a: Chance E|80\/100
|
|turn|20
|choice||
|
|move|p2a: Chance E|Ice Beam|p1a: Chansey
|-damage|p1a: Chansey|56\/100
|-status|p1a: Chansey|frz
|cant|p1a: Chansey|frz
|
|turn|21
|choice||
|
|cant|p1a: Chansey|frz
|move|p2a: Chance E|Thunderbolt|p1a: Chansey
|-damage|p1a: Chansey|45\/100 frz
|
|turn|22
|choice||
|
|cant|p1a: Chansey|frz
|move|p2a: Chance E|Soft-Boiled|p2a: Chance E
|-heal|p2a: Chance E|100\/100
|
|turn|23
|choice||
|
|move|p2a: Chance E|Thunderbolt|p1a: Chansey
|-damage|p1a: Chansey|34\/100 frz
|cant|p1a: Chansey|frz
|
|turn|24
|choice||
|
|move|p2a: Chance E|Thunderbolt|p1a: Chansey
|-damage|p1a: Chansey|23\/100 frz
|cant|p1a: Chansey|frz
|
|turn|25
|choice||
|
|cant|p1a: Chansey|frz
|move|p2a: Chance E|Thunderbolt|p1a: Chansey
|-damage|p1a: Chansey|12\/100 frz
|
|turn|26
|choice||
|
|cant|p1a: Chansey|frz
|move|p2a: Chance E|Thunderbolt|p1a: Chansey
|-crit|p1a: Chansey
|-damage|p1a: Chansey|0 fnt
|faint|p1a: Chansey
|choice||
|
|switch|p1a: Tauros|Tauros|100\/100
|turn|27
|choice||
|
|move|p1a: Tauros|Body Slam|p2a: Chance E
|-crit|p2a: Chance E
|-damage|p2a: Chance E|23\/100
|move|p2a: Chance E|Thunder Wave|p1a: Tauros
|-status|p1a: Tauros|par
|
|turn|28
|choice||
|
|switch|p2a: Something|Starmie|100\/100
|move|p1a: Tauros|Body Slam|p2a: Something
|-damage|p2a: Something|64\/100
|
|turn|29
|choice||
|
|switch|p1a: Alakazam|Alakazam|50\/100
|move|p2a: Something|Psychic|p1a: Alakazam
|-resisted|p1a: Alakazam
|-damage|p1a: Alakazam|36\/100
|-unboost|p1a: Alakazam|spd|1
|-unboost|p1a: Alakazam|spa|1
|
|turn|30
|choice||
|
|move|p1a: Alakazam|Thunder Wave|p2a: Something
|-status|p2a: Something|par
|cant|p2a: Something|par
|
|turn|31
|choice||
|
|move|p1a: Alakazam|Recover|p1a: Alakazam
|-heal|p1a: Alakazam|86\/100
|cant|p2a: Something|par
|
|turn|32
|choice||
|
|move|p1a: Alakazam|Seismic Toss|p2a: Something
|-damage|p2a: Something|33\/100 par
|move|p2a: Something|Ice Beam|p1a: Alakazam
|-damage|p1a: Alakazam|55\/100
|
|turn|33
|choice||
|
|move|p1a: Alakazam|Seismic Toss|p2a: Something
|-damage|p2a: Something|2\/100 par
|move|p2a: Something|Recover|p2a: Something
|-heal|p2a: Something|52\/100 par
|
|turn|34
|choice||
|
|move|p1a: Alakazam|Seismic Toss|p2a: Something
|-damage|p2a: Something|21\/100 par
|move|p2a: Something|Recover|p2a: Something
|-heal|p2a: Something|70\/100 par
|
|turn|35
|choice||
|
|move|p1a: Alakazam|Seismic Toss|p2a: Something
|-damage|p2a: Something|40\/100 par
|cant|p2a: Something|par
|
|turn|36
|choice||
|
|move|p1a: Alakazam|Seismic Toss|p2a: Something
|-damage|p2a: Something|9\/100 par
|cant|p2a: Something|par
|
|turn|37
|choice||
|
|move|p1a: Alakazam|Psychic|p2a: Something
|-crit|p2a: Something
|-resisted|p2a: Something
|-damage|p2a: Something|0 fnt
|faint|p2a: Something
|choice||
|
|switch|p2a: Chance E|Chansey|23\/100
|turn|38
|choice||
|
|move|p1a: Alakazam|Thunder Wave|p2a: Chance E
|-status|p2a: Chance E|par
|move|p2a: Chance E|Soft-Boiled|p2a: Chance E
|-heal|p2a: Chance E|73\/100 par
|
|turn|39
|choice||
|
|move|p1a: Alakazam|Recover|p1a: Alakazam
|-heal|p1a: Alakazam|100\/100
|move|p2a: Chance E|Ice Beam|p1a: Alakazam
|-damage|p1a: Alakazam|68\/100
|
|turn|40
|choice||
|
|switch|p1a: Tauros|Tauros|100\/100 par
|cant|p2a: Chance E|par
|
|turn|41
|choice||
|
|move|p1a: Tauros|Body Slam|p2a: Chance E
|-damage|p2a: Chance E|34\/100 par
|move|p2a: Chance E|Soft-Boiled|p2a: Chance E
|-heal|p2a: Chance E|84\/100 par
|
|turn|42
|choice||
|
|cant|p1a: Tauros|par
|cant|p2a: Chance E|par
|
|turn|43
|choice||
|
|move|p1a: Tauros|Body Slam|p2a: Chance E
|-damage|p2a: Chance E|45\/100 par
|move|p2a: Chance E|Thunderbolt|p1a: Tauros
|-damage|p1a: Tauros|75\/100 par
|
|turn|44
|choice||
|
|switch|p2a: Bobadilla|Tauros|100\/100
|move|p1a: Tauros|Hyper Beam|p2a: Bobadilla
|-crit|p2a: Bobadilla
|-damage|p2a: Bobadilla|0 fnt
|faint|p2a: Bobadilla
|choice||
|
|switch|p2a: Ibra|Alakazam|100\/100
|turn|45
|choice||
|
|switch|p1a: Alakazam|Alakazam|68\/100
|move|p2a: Ibra|Psychic|p1a: Alakazam
|-resisted|p1a: Alakazam
|-damage|p1a: Alakazam|50\/100
|
|turn|46
|choice||
|
|switch|p2a: Chance E|Chansey|45\/100 par
|move|p1a: Alakazam|Thunder Wave|p2a: Chance E
|-fail|p2a: Chance E|par
|
|turn|47
|choice||
|
|move|p1a: Alakazam|Recover|p1a: Alakazam
|-heal|p1a: Alakazam|99\/100
|move|p2a: Chance E|Soft-Boiled|p2a: Chance E
|-heal|p2a: Chance E|95\/100 par
|
|turn|48
|choice||
|
|switch|p1a: Golem|Golem|100\/100
|move|p2a: Chance E|Ice Beam|p1a: Golem
|-supereffective|p1a: Golem
|-damage|p1a: Golem|35\/100
|-status|p1a: Golem|frz
|
|turn|49
|choice||
|
|cant|p1a: Golem|frz
|move|p2a: Chance E|Thunderbolt|p1a: Golem
|-immune|p1a: Golem|[msg]
|
|turn|50
|choice||
|
|cant|p1a: Golem|frz
|move|p2a: Chance E|Ice Beam|p1a: Golem
|-supereffective|p1a: Golem
|-damage|p1a: Golem|0 fnt
|faint|p1a: Golem
|choice||
|
|switch|p1a: Tauros|Tauros|75\/100 par
|turn|51
|choice||
|
|move|p1a: Tauros|Body Slam|p2a: Chance E
|-damage|p2a: Chance E|58\/100 par
|move|p2a: Chance E|Thunderbolt|p1a: Tauros
|-crit|p1a: Tauros
|-damage|p1a: Tauros|20\/100 par
|
|turn|52
|choice||
|
|cant|p1a: Tauros|par
|cant|p2a: Chance E|par
|
|turn|53
|choice||
|
|move|p1a: Tauros|Hyper Beam|p2a: Chance E
|-crit|p2a: Chance E
|-damage|p2a: Chance E|0 fnt
|faint|p2a: Chance E
|choice||
|
|switch|p2a: Ibra|Alakazam|100\/100
|turn|54
|choice||
|
|move|p2a: Ibra|Psychic|p1a: Tauros
|-damage|p1a: Tauros|0 fnt
|faint|p1a: Tauros
|choice||
|
|switch|p1a: Alakazam|Alakazam|99\/100
|turn|55
|choice||
|
|move|p1a: Alakazam|Thunder Wave|p2a: Ibra
|-status|p2a: Ibra|par
|move|p2a: Ibra|Thunder Wave|p1a: Alakazam
|-status|p1a: Alakazam|par
|
|turn|56
|choice||
|
|move|p2a: Ibra|Kinesis|p1a: Alakazam
|-unboost|p1a: Alakazam|accuracy|1
|move|p1a: Alakazam|Seismic Toss|p2a: Ibra
|-damage|p2a: Ibra|69\/100 par
|
|turn|57
|choice||
|
|cant|p2a: Ibra|par
|move|p1a: Alakazam|Seismic Toss|p2a: Ibra
|-damage|p2a: Ibra|37\/100 par
|
|turn|58
|choice||
|
|move|p2a: Ibra|Recover|p2a: Ibra
|-heal|p2a: Ibra|86\/100 par
|move|p1a: Alakazam|Seismic Toss|p2a: Ibra
|-damage|p2a: Ibra|54\/100 par
|
|turn|59
|choice||
|
|move|p2a: Ibra|Recover|p2a: Ibra
|-heal|p2a: Ibra|100\/100 par
|cant|p1a: Alakazam|par
|
|turn|60
|choice||
|
|move|p2a: Ibra|Kinesis|p1a: Alakazam
|-unboost|p1a: Alakazam|accuracy|1
|move|p1a: Alakazam|Psychic|p2a: Ibra|[miss]
|-miss|p1a: Alakazam
|
|turn|61
|choice||
|
|move|p2a: Ibra|Kinesis|p1a: Alakazam
|-unboost|p1a: Alakazam|accuracy|1
|move|p1a: Alakazam|Psychic|p2a: Ibra|[miss]
|-miss|p1a: Alakazam
|
|turn|62
|choice||
|
|move|p2a: Ibra|Kinesis|p1a: Alakazam
|-unboost|p1a: Alakazam|accuracy|1
|move|p1a: Alakazam|Psychic|p2a: Ibra
|-crit|p2a: Ibra
|-resisted|p2a: Ibra
|-damage|p2a: Ibra|65\/100 par
|-unboost|p2a: Ibra|spd|1
|-unboost|p2a: Ibra|spa|1
|
|turn|63
|choice||
|
|move|p2a: Ibra|Recover|p2a: Ibra
|-heal|p2a: Ibra|100\/100 par
|move|p1a: Alakazam|Psychic|p2a: Ibra|[miss]
|-miss|p1a: Alakazam
|
|turn|64
|choice||
|
|move|p2a: Ibra|Kinesis|p1a: Alakazam|[miss]
|-miss|p2a: Ibra
|cant|p1a: Alakazam|par
|
|turn|65
|choice||
|
|move|p2a: Ibra|Kinesis|p1a: Alakazam
|-unboost|p1a: Alakazam|accuracy|1
|cant|p1a: Alakazam|par
|
|turn|66
|choice||
|
|cant|p2a: Ibra|par
|move|p1a: Alakazam|Psychic|p2a: Ibra|[miss]
|-miss|p1a: Alakazam
|
|turn|67
|choice||
|
|move|p2a: Ibra|Kinesis|p1a: Alakazam
|-unboost|p1a: Alakazam|accuracy|1
|cant|p1a: Alakazam|par
|
|turn|68
|choice||
|
|move|p2a: Ibra|Psychic|p1a: Alakazam
|-crit|p1a: Alakazam
|-resisted|p1a: Alakazam
|-damage|p1a: Alakazam|67\/100 par
|move|p1a: Alakazam|Psychic|p2a: Ibra|[miss]
|-miss|p1a: Alakazam
|
|turn|69
|choice||
|
|move|p2a: Ibra|Psychic|p1a: Alakazam
|-resisted|p1a: Alakazam
|-damage|p1a: Alakazam|55\/100 par
|move|p1a: Alakazam|Psychic|p2a: Ibra
|-resisted|p2a: Ibra
|-damage|p2a: Ibra|76\/100 par
|
|turn|70
|choice||
|
|move|p2a: Ibra|Psychic|p1a: Alakazam
|-resisted|p1a: Alakazam
|-damage|p1a: Alakazam|44\/100 par
|move|p1a: Alakazam|Recover|p1a: Alakazam
|-heal|p1a: Alakazam|94\/100 par
|
|turn|71
|choice||
|
|move|p2a: Ibra|Kinesis|p1a: Alakazam|[miss]
|-miss|p2a: Ibra
|move|p1a: Alakazam|Psychic|p2a: Ibra|[miss]
|-miss|p1a: Alakazam
|
|turn|72
|choice||
|
|move|p2a: Ibra|Kinesis|p1a: Alakazam
|-unboost|p1a: Alakazam|accuracy|1
|move|p1a: Alakazam|Psychic|p2a: Ibra|[miss]
|-miss|p1a: Alakazam
|
|turn|73
|choice||
|
|move|p2a: Ibra|Kinesis|p1a: Alakazam
|-unboost|p1a: Alakazam|accuracy|1
|move|p1a: Alakazam|Psychic|p2a: Ibra
|-crit|p2a: Ibra
|-resisted|p2a: Ibra
|-damage|p2a: Ibra|45\/100 par
|
|turn|74
|choice||
|
|cant|p2a: Ibra|par
|move|p1a: Alakazam|Psychic|p2a: Ibra
|-resisted|p2a: Ibra
|-damage|p2a: Ibra|20\/100 par
|
|turn|75
|choice||
|
|cant|p2a: Ibra|par
|move|p1a: Alakazam|Seismic Toss|p2a: Ibra|[miss]
|-miss|p1a: Alakazam
|
|turn|76
|choice||
|
|move|p2a: Ibra|Recover|p2a: Ibra
|-heal|p2a: Ibra|70\/100 par
|move|p1a: Alakazam|Seismic Toss|p2a: Ibra|[miss]
|-miss|p1a: Alakazam
|
|turn|77
|choice||
|
|move|p2a: Ibra|Kinesis|p1a: Alakazam
|-unboost|p1a: Alakazam|accuracy|1
|move|p1a: Alakazam|Seismic Toss|p2a: Ibra
|-damage|p2a: Ibra|38\/100 par
|
|turn|78
|choice||
|
|cant|p2a: Ibra|par
|move|p1a: Alakazam|Psychic|p2a: Ibra
|-resisted|p2a: Ibra
|-damage|p2a: Ibra|13\/100 par
|
|turn|79
|choice||
|
|cant|p2a: Ibra|par
|cant|p1a: Alakazam|par
|
|turn|80
|choice||
|
|move|p2a: Ibra|Recover|p2a: Ibra
|-heal|p2a: Ibra|63\/100 par
|cant|p1a: Alakazam|par
|
|turn|81
|choice||
|
|move|p2a: Ibra|Kinesis|p1a: Alakazam
|-unboost|p1a: Alakazam|accuracy|1
|cant|p1a: Alakazam|par
|
|turn|82
|choice||
|
|cant|p2a: Ibra|par
|move|p1a: Alakazam|Seismic Toss|p2a: Ibra|[miss]
|-miss|p1a: Alakazam
|
|turn|83
|choice||
|
|move|p2a: Ibra|Kinesis|p1a: Alakazam
|-unboost|p1a: Alakazam|accuracy|1
|cant|p1a: Alakazam|par
|
|turn|84
|choice||
|
|cant|p2a: Ibra|par
|move|p1a: Alakazam|Seismic Toss|p2a: Ibra|[miss]
|-miss|p1a: Alakazam
|
|turn|85
|choice||
|
|move|p2a: Ibra|Kinesis|p1a: Alakazam
|-unboost|p1a: Alakazam|accuracy|1
|move|p1a: Alakazam|Seismic Toss|p2a: Ibra|[miss]
|-miss|p1a: Alakazam
|
|turn|86
|choice||
|
|move|p2a: Ibra|Kinesis|p1a: Alakazam
|-unboost|p1a: Alakazam|accuracy|1
|move|p1a: Alakazam|Seismic Toss|p2a: Ibra
|-damage|p2a: Ibra|31\/100 par
|
|turn|87
|choice||
|
|move|p2a: Ibra|Recover|p2a: Ibra
|-heal|p2a: Ibra|81\/100 par
|move|p1a: Alakazam|Seismic Toss|p2a: Ibra|[miss]
|-miss|p1a: Alakazam
|
|turn|88
|choice||
|
|move|p2a: Ibra|Kinesis|p1a: Alakazam|[miss]
|-miss|p2a: Ibra
|move|p1a: Alakazam|Seismic Toss|p2a: Ibra|[miss]
|-miss|p1a: Alakazam
|
|turn|89
|choice||
|
|cant|p2a: Ibra|par
|move|p1a: Alakazam|Psychic|p2a: Ibra|[miss]
|-miss|p1a: Alakazam
|
|turn|90
|choice||
|
|cant|p2a: Ibra|par
|move|p1a: Alakazam|Psychic|p2a: Ibra|[miss]
|-miss|p1a: Alakazam
|
|turn|91
|choice||
|
|move|p2a: Ibra|Kinesis|p1a: Alakazam|[miss]
|-miss|p2a: Ibra
|move|p1a: Alakazam|Psychic|p2a: Ibra
|-resisted|p2a: Ibra
|-damage|p2a: Ibra|56\/100 par
|-unboost|p2a: Ibra|spd|1
|-unboost|p2a: Ibra|spa|1
|
|turn|92
|choice||
|
|move|p2a: Ibra|Recover|p2a: Ibra
|-heal|p2a: Ibra|100\/100 par
|move|p1a: Alakazam|Seismic Toss|p2a: Ibra|[miss]
|-miss|p1a: Alakazam
|
|turn|93
|choice||
|
|move|p2a: Ibra|Kinesis|p1a: Alakazam|[miss]
|-miss|p2a: Ibra
|move|p1a: Alakazam|Seismic Toss|p2a: Ibra
|-damage|p2a: Ibra|69\/100 par
|
|turn|94
|choice||
|
|cant|p2a: Ibra|par
|cant|p1a: Alakazam|par
|
|turn|95
|choice||
|
|move|p2a: Ibra|Kinesis|p1a: Alakazam
|-unboost|p1a: Alakazam|accuracy|1
|move|p1a: Alakazam|Seismic Toss|p2a: Ibra
|-damage|p2a: Ibra|37\/100 par
|
|turn|96
|choice||
|
|move|p2a: Ibra|Recover|p2a: Ibra
|-heal|p2a: Ibra|86\/100 par
|move|p1a: Alakazam|Seismic Toss|p2a: Ibra|[miss]
|-miss|p1a: Alakazam
|
|turn|97
|choice||
|
|cant|p2a: Ibra|par
|move|p1a: Alakazam|Seismic Toss|p2a: Ibra|[miss]
|-miss|p1a: Alakazam
|
|turn|98
|choice||
|
|move|p2a: Ibra|Kinesis|p1a: Alakazam|[miss]
|-miss|p2a: Ibra
|move|p1a: Alakazam|Seismic Toss|p2a: Ibra|[miss]
|-miss|p1a: Alakazam
|
|turn|99
|choice||
|
|cant|p2a: Ibra|par
|move|p1a: Alakazam|Seismic Toss|p2a: Ibra|[miss]
|-miss|p1a: Alakazam
|
|turn|100
|choice||
|
|move|p2a: Ibra|Kinesis|p1a: Alakazam
|-unboost|p1a: Alakazam|accuracy|1
|move|p1a: Alakazam|Seismic Toss|p2a: Ibra|[miss]
|-miss|p1a: Alakazam
|
|turn|101
|choice||
|
|move|p2a: Ibra|Kinesis|p1a: Alakazam
|-unboost|p1a: Alakazam|accuracy|1
|move|p1a: Alakazam|Seismic Toss|p2a: Ibra
|-damage|p2a: Ibra|54\/100 par
|
|turn|102
|choice||
|
|cant|p2a: Ibra|par
|move|p1a: Alakazam|Seismic Toss|p2a: Ibra
|-damage|p2a: Ibra|23\/100 par
|
|turn|103
|choice||
|
|move|p2a: Ibra|Recover|p2a: Ibra
|-heal|p2a: Ibra|72\/100 par
|cant|p1a: Alakazam|par
|
|turn|104
|choice||
|
|cant|p2a: Ibra|par
|move|p1a: Alakazam|Seismic Toss|p2a: Ibra|[miss]
|-miss|p1a: Alakazam
|
|turn|105
|choice||
|
|cant|p2a: Ibra|par
|cant|p1a: Alakazam|par
|
|turn|106
|choice||
|
|move|p2a: Ibra|Kinesis|p1a: Alakazam|[miss]
|-miss|p2a: Ibra
|move|p1a: Alakazam|Seismic Toss|p2a: Ibra|[miss]
|-miss|p1a: Alakazam
|
|turn|107
|choice||
|
|move|p2a: Ibra|Kinesis|p1a: Alakazam
|-unboost|p1a: Alakazam|accuracy|1
|cant|p1a: Alakazam|par
|
|turn|108
|choice||
|
|move|p2a: Ibra|Thunder Wave|p1a: Alakazam
|-fail|p1a: Alakazam|par
|move|p1a: Alakazam|Seismic Toss|p2a: Ibra
|-damage|p2a: Ibra|40\/100 par
|
|turn|109
|choice||
|
|move|p2a: Ibra|Recover|p2a: Ibra
|-heal|p2a: Ibra|90\/100 par
|move|p1a: Alakazam|Seismic Toss|p2a: Ibra|[miss]
|-miss|p1a: Alakazam
|
|turn|110
|choice||
|
|move|p2a: Ibra|Thunder Wave|p1a: Alakazam
|-fail|p1a: Alakazam|par
|move|p1a: Alakazam|Seismic Toss|p2a: Ibra|[miss]
|-miss|p1a: Alakazam
|
|turn|111
|choice||
|
|move|p2a: Ibra|Thunder Wave|p1a: Alakazam
|-fail|p1a: Alakazam|par
|cant|p1a: Alakazam|par
|
|turn|112
|choice||
|
|move|p2a: Ibra|Thunder Wave|p1a: Alakazam
|-fail|p1a: Alakazam|par
|move|p1a: Alakazam|Thunder Wave|p2a: Ibra|[miss]
|-miss|p1a: Alakazam
|
|turn|113
|choice||
|
|move|p2a: Ibra|Thunder Wave|p1a: Alakazam
|-fail|p1a: Alakazam|par
|move|p1a: Alakazam|Thunder Wave|p2a: Ibra|[miss]
|-miss|p1a: Alakazam
|
|turn|114
|choice||
|
|move|p2a: Ibra|Thunder Wave|p1a: Alakazam
|-fail|p1a: Alakazam|par
|move|p1a: Alakazam|Thunder Wave|p2a: Ibra|[miss]
|-miss|p1a: Alakazam
|
|turn|115
|choice||
|
|move|p2a: Ibra|Thunder Wave|p1a: Alakazam
|-fail|p1a: Alakazam|par
|move|p1a: Alakazam|Thunder Wave|p2a: Ibra|[miss]
|-miss|p1a: Alakazam
|
|turn|116
|choice||
|
|move|p2a: Ibra|Thunder Wave|p1a: Alakazam
|-fail|p1a: Alakazam|par
|move|p1a: Alakazam|Thunder Wave|p2a: Ibra|[miss]
|-miss|p1a: Alakazam
|
|turn|117
|choice||
|
|cant|p2a: Ibra|par
|move|p1a: Alakazam|Thunder Wave|p2a: Ibra|[miss]
|-miss|p1a: Alakazam
|
|turn|118
|choice||
|
|move|p2a: Ibra|Thunder Wave|p1a: Alakazam
|-fail|p1a: Alakazam|par
|move|p1a: Alakazam|Thunder Wave|p2a: Ibra
|-fail|p2a: Ibra|par
|
|turn|119
|choice||
|
|move|p2a: Ibra|Thunder Wave|p1a: Alakazam
|-fail|p1a: Alakazam|par
|move|p1a: Alakazam|Thunder Wave|p2a: Ibra|[miss]
|-miss|p1a: Alakazam
|
|turn|120
|choice||
|
|move|p2a: Ibra|Thunder Wave|p1a: Alakazam
|-fail|p1a: Alakazam|par
|cant|p1a: Alakazam|par
|
|turn|121
|choice||
|
|move|p2a: Ibra|Thunder Wave|p1a: Alakazam
|-fail|p1a: Alakazam|par
|cant|p1a: Alakazam|par
|
|turn|122
|choice||
|
|move|p2a: Ibra|Thunder Wave|p1a: Alakazam
|-fail|p1a: Alakazam|par
|move|p1a: Alakazam|Thunder Wave|p2a: Ibra|[miss]
|-miss|p1a: Alakazam
|
|turn|123
|choice||
|
|cant|p2a: Ibra|par
|move|p1a: Alakazam|Thunder Wave|p2a: Ibra
|-fail|p2a: Ibra|par
|
|turn|124
|choice||
|
|move|p2a: Ibra|Thunder Wave|p1a: Alakazam
|-fail|p1a: Alakazam|par
|cant|p1a: Alakazam|par
|
|turn|125
|choice||
|
|cant|p2a: Ibra|par
|move|p1a: Alakazam|Thunder Wave|p2a: Ibra|[miss]
|-miss|p1a: Alakazam
|
|turn|126
|choice||
|
|move|p2a: Ibra|Thunder Wave|p1a: Alakazam
|-fail|p1a: Alakazam|par
|move|p1a: Alakazam|Thunder Wave|p2a: Ibra
|-fail|p2a: Ibra|par
|
|turn|127
|choice||
|
|move|p2a: Ibra|Thunder Wave|p1a: Alakazam
|-fail|p1a: Alakazam|par
|move|p1a: Alakazam|Thunder Wave|p2a: Ibra
|-fail|p2a: Ibra|par
|
|turn|128
|choice||
|
|move|p2a: Ibra|Thunder Wave|p1a: Alakazam
|-fail|p1a: Alakazam|par
|move|p1a: Alakazam|Thunder Wave|p2a: Ibra|[miss]
|-miss|p1a: Alakazam
|
|turn|129
|choice||
|
|cant|p2a: Ibra|par
|move|p1a: Alakazam|Thunder Wave|p2a: Ibra|[miss]
|-miss|p1a: Alakazam
|
|turn|130
|choice||
|
|move|p2a: Ibra|Thunder Wave|p1a: Alakazam
|-fail|p1a: Alakazam|par
|move|p1a: Alakazam|Thunder Wave|p2a: Ibra|[miss]
|-miss|p1a: Alakazam
|
|turn|131
|choice||
|
|move|p2a: Ibra|Thunder Wave|p1a: Alakazam
|-fail|p1a: Alakazam|par
|move|p1a: Alakazam|Thunder Wave|p2a: Ibra
|-fail|p2a: Ibra|par
|
|turn|132
|choice||
|
|move|p2a: Ibra|Thunder Wave|p1a: Alakazam
|-fail|p1a: Alakazam|par
|move|p1a: Alakazam|Thunder Wave|p2a: Ibra|[miss]
|-miss|p1a: Alakazam
|
|turn|133
|choice||
|
|move|p2a: Ibra|Thunder Wave|p1a: Alakazam
|-fail|p1a: Alakazam|par
|cant|p1a: Alakazam|par
|
|turn|134
|choice||
|
|cant|p2a: Ibra|par
|cant|p1a: Alakazam|par
|
|turn|135
|choice||
|
|move|p2a: Ibra|Thunder Wave|p1a: Alakazam
|-fail|p1a: Alakazam|par
|move|p1a: Alakazam|Thunder Wave|p2a: Ibra|[miss]
|-miss|p1a: Alakazam
|
|turn|136
|choice||
|
|move|p2a: Ibra|Thunder Wave|p1a: Alakazam
|-fail|p1a: Alakazam|par
|move|p1a: Alakazam|Thunder Wave|p2a: Ibra|[miss]
|-miss|p1a: Alakazam
|
|turn|137
|choice||
|
|cant|p2a: Ibra|par
|cant|p1a: Alakazam|par
|
|turn|138
|choice||
|
|move|p2a: Ibra|Thunder Wave|p1a: Alakazam
|-fail|p1a: Alakazam|par
|move|p1a: Alakazam|Thunder Wave|p2a: Ibra
|-fail|p2a: Ibra|par
|
|turn|139
|choice||
|
|move|p2a: Ibra|Thunder Wave|p1a: Alakazam
|-fail|p1a: Alakazam|par
|move|p1a: Alakazam|Thunder Wave|p2a: Ibra|[miss]
|-miss|p1a: Alakazam
|
|turn|140
|choice||
|
|move|p2a: Ibra|Thunder Wave|p1a: Alakazam
|-fail|p1a: Alakazam|par
|move|p1a: Alakazam|Thunder Wave|p2a: Ibra|[miss]
|-miss|p1a: Alakazam
|
|turn|141
|choice||
|
|move|p2a: Ibra|Thunder Wave|p1a: Alakazam
|-fail|p1a: Alakazam|par
|move|p1a: Alakazam|Thunder Wave|p2a: Ibra|[miss]
|-miss|p1a: Alakazam
|
|turn|142
|choice||
|
|move|p2a: Ibra|Thunder Wave|p1a: Alakazam
|-fail|p1a: Alakazam|par
|move|p1a: Alakazam|Thunder Wave|p2a: Ibra|[miss]
|-miss|p1a: Alakazam
|
|turn|143
|choice||
|
|move|p2a: Ibra|Thunder Wave|p1a: Alakazam
|-fail|p1a: Alakazam|par
|move|p1a: Alakazam|Thunder Wave|p2a: Ibra|[miss]
|-miss|p1a: Alakazam
|
|turn|144
|choice||
|
|move|p2a: Ibra|Thunder Wave|p1a: Alakazam
|-fail|p1a: Alakazam|par
|move|p1a: Alakazam|Thunder Wave|p2a: Ibra|[miss]
|-miss|p1a: Alakazam
|
|turn|145
|choice||
|
|move|p2a: Ibra|Thunder Wave|p1a: Alakazam
|-fail|p1a: Alakazam|par
|move|p1a: Alakazam|Thunder Wave|p2a: Ibra|[miss]
|-miss|p1a: Alakazam
|
|turn|146
|choice||
|
|move|p2a: Ibra|Psychic|p1a: Alakazam
|-resisted|p1a: Alakazam
|-damage|p1a: Alakazam|86\/100 par
|-unboost|p1a: Alakazam|spd|1
|-unboost|p1a: Alakazam|spa|1
|cant|p1a: Alakazam|par
|
|turn|147
|choice||
|
|move|p2a: Ibra|Psychic|p1a: Alakazam
|-crit|p1a: Alakazam
|-resisted|p1a: Alakazam
|-damage|p1a: Alakazam|54\/100 par
|move|p1a: Alakazam|Recover|p1a: Alakazam
|-heal|p1a: Alakazam|100\/100 par
|
|turn|148
|choice||
|
|move|p2a: Ibra|Psychic|p1a: Alakazam
|-resisted|p1a: Alakazam
|-damage|p1a: Alakazam|87\/100 par
|-unboost|p1a: Alakazam|spd|1
|-unboost|p1a: Alakazam|spa|1
|move|p1a: Alakazam|Recover|p1a: Alakazam
|-heal|p1a: Alakazam|100\/100 par
|
|turn|149
|choice||
|
|cant|p2a: Ibra|par
|cant|p1a: Alakazam|par
|
|turn|150
|choice||
|
|move|p2a: Ibra|Psychic|p1a: Alakazam
|-resisted|p1a: Alakazam
|-damage|p1a: Alakazam|83\/100 par
|-unboost|p1a: Alakazam|spd|1
|-unboost|p1a: Alakazam|spa|1
|cant|p1a: Alakazam|par
|
|turn|151
|choice||
|
|move|p2a: Ibra|Recover|p2a: Ibra
|-heal|p2a: Ibra|100\/100 par
|move|p1a: Alakazam|Recover|p1a: Alakazam
|-heal|p1a: Alakazam|100\/100 par
|
|turn|152
|choice||
|
|move|p2a: Ibra|Recover|p2a: Ibra
|-fail|p2a: Ibra
|move|p1a: Alakazam|Recover|p1a: Alakazam
|-fail|p1a: Alakazam
|
|turn|153
|choice||
|
|move|p2a: Ibra|Recover|p2a: Ibra
|-fail|p2a: Ibra
|move|p1a: Alakazam|Recover|p1a: Alakazam
|-fail|p1a: Alakazam
|
|turn|154
|choice||
|
|move|p2a: Ibra|Recover|p2a: Ibra
|-fail|p2a: Ibra
|cant|p1a: Alakazam|par
|
|turn|155
|choice||
|
|move|p2a: Ibra|Recover|p2a: Ibra
|-fail|p2a: Ibra
|move|p1a: Alakazam|Recover|p1a: Alakazam
|-fail|p1a: Alakazam
|
|turn|156
|choice||
|
|move|p2a: Ibra|Recover|p2a: Ibra
|-fail|p2a: Ibra
|move|p1a: Alakazam|Recover|p1a: Alakazam
|-fail|p1a: Alakazam
|
|turn|157
|choice||
|
|move|p2a: Ibra|Recover|p2a: Ibra
|-fail|p2a: Ibra
|move|p1a: Alakazam|Recover|p1a: Alakazam
|-fail|p1a: Alakazam
|
|turn|158
|choice||
|
|move|p2a: Ibra|Recover|p2a: Ibra
|-fail|p2a: Ibra
|cant|p1a: Alakazam|par
|
|turn|159
|choice||
|
|move|p2a: Ibra|Recover|p2a: Ibra
|-fail|p2a: Ibra
|move|p1a: Alakazam|Recover|p1a: Alakazam
|-fail|p1a: Alakazam
|
|turn|160
|choice||
|
|move|p2a: Ibra|Recover|p2a: Ibra
|-fail|p2a: Ibra
|move|p1a: Alakazam|Recover|p1a: Alakazam
|-fail|p1a: Alakazam
|
|turn|161
|choice||
|
|cant|p2a: Ibra|par
|cant|p1a: Alakazam|par
|
|turn|162
|choice||
|
|move|p2a: Ibra|Recover|p2a: Ibra
|-fail|p2a: Ibra
|move|p1a: Alakazam|Recover|p1a: Alakazam
|-fail|p1a: Alakazam
|
|turn|163
|choice||
|
|move|p2a: Ibra|Recover|p2a: Ibra
|-fail|p2a: Ibra
|move|p1a: Alakazam|Recover|p1a: Alakazam
|-fail|p1a: Alakazam
|
|turn|164
|choice||
|
|cant|p2a: Ibra|par
|move|p1a: Alakazam|Recover|p1a: Alakazam
|-fail|p1a: Alakazam
|
|turn|165
|choice||
|
|move|p2a: Ibra|Recover|p2a: Ibra
|-fail|p2a: Ibra
|move|p1a: Alakazam|Recover|p1a: Alakazam
|-fail|p1a: Alakazam
|
|turn|166
|choice||
|
|move|p2a: Ibra|Recover|p2a: Ibra
|-fail|p2a: Ibra
|cant|p1a: Alakazam|par
|
|turn|167
|choice||
|
|move|p2a: Ibra|Recover|p2a: Ibra
|-fail|p2a: Ibra
|cant|p1a: Alakazam|par
|
|turn|168
|choice||
|
|move|p2a: Ibra|Recover|p2a: Ibra
|-fail|p2a: Ibra
|move|p1a: Alakazam|Recover|p1a: Alakazam
|-fail|p1a: Alakazam
|
|turn|169
|choice||
|
|move|p2a: Ibra|Recover|p2a: Ibra
|-fail|p2a: Ibra
|move|p1a: Alakazam|Recover|p1a: Alakazam
|-fail|p1a: Alakazam
|
|turn|170
|choice||
|
|move|p2a: Ibra|Recover|p2a: Ibra
|-fail|p2a: Ibra
|cant|p1a: Alakazam|par
|
|turn|171
|choice||
|
|move|p2a: Ibra|Recover|p2a: Ibra
|-fail|p2a: Ibra
|move|p1a: Alakazam|Recover|p1a: Alakazam
|-fail|p1a: Alakazam
|
|turn|172
|choice||
|
|move|p2a: Ibra|Recover|p2a: Ibra
|-fail|p2a: Ibra
|move|p1a: Alakazam|Recover|p1a: Alakazam
|-fail|p1a: Alakazam
|
|turn|173
|choice||
|
|cant|p2a: Ibra|par
|move|p1a: Alakazam|Recover|p1a: Alakazam
|-fail|p1a: Alakazam
|
|turn|174
|choice||
|
|move|p2a: Ibra|Recover|p2a: Ibra
|-fail|p2a: Ibra
|move|p1a: Alakazam|Recover|p1a: Alakazam
|-fail|p1a: Alakazam
|
|turn|175
|choice||
|
|move|p2a: Ibra|Recover|p2a: Ibra
|-fail|p2a: Ibra
|cant|p1a: Alakazam|par
|
|turn|176
|choice||
|
|move|p2a: Ibra|Psychic|p1a: Alakazam
|-resisted|p1a: Alakazam
|-damage|p1a: Alakazam|79\/100 par
|move|p1a: Alakazam|Recover|p1a: Alakazam
|-heal|p1a: Alakazam|100\/100 par
|
|turn|177
|choice||
|
|move|p2a: Ibra|Psychic|p1a: Alakazam
|-resisted|p1a: Alakazam
|-damage|p1a: Alakazam|79\/100 par
|-unboost|p1a: Alakazam|spd|1
|-unboost|p1a: Alakazam|spa|1
|move|p1a: Alakazam|Recover|p1a: Alakazam
|-heal|p1a: Alakazam|100\/100 par
|
|turn|178
|choice||
|
|move|p2a: Ibra|Psychic|p1a: Alakazam
|-resisted|p1a: Alakazam
|-damage|p1a: Alakazam|74\/100 par
|move|p1a: Alakazam|Recover|p1a: Alakazam
|-heal|p1a: Alakazam|100\/100 par
|
|turn|179
|choice||
|
|cant|p2a: Ibra|par
|move|p1a: Alakazam|Recover|p1a: Alakazam
|-fail|p1a: Alakazam
|
|turn|180
|choice||
|
|cant|p2a: Ibra|par
|move|p1a: Alakazam|Recover|p1a: Alakazam
|-fail|p1a: Alakazam
|
|turn|181
|choice||
|
|move|p2a: Ibra|Psychic|p1a: Alakazam
|-resisted|p1a: Alakazam
|-damage|p1a: Alakazam|73\/100 par
|-unboost|p1a: Alakazam|spd|1
|-unboost|p1a: Alakazam|spa|1
|cant|p1a: Alakazam|par
|
|turn|182
|choice||
|
|move|p2a: Ibra|Psychic|p1a: Alakazam|[miss]
|-miss|p2a: Ibra
|move|p1a: Alakazam|Recover|p1a: Alakazam
|-heal|p1a: Alakazam|100\/100 par
|
|turn|183
|choice||
|
|move|p2a: Ibra|Psychic|p1a: Alakazam
|-resisted|p1a: Alakazam
|-damage|p1a: Alakazam|69\/100 par
|-unboost|p1a: Alakazam|spd|1
|-unboost|p1a: Alakazam|spa|1
|move|p1a: Alakazam|Recover|p1a: Alakazam
|-heal|p1a: Alakazam|100\/100 par
|
|turn|184
|choice||
|
|move|p2a: Ibra|Psychic|p1a: Alakazam
|-resisted|p1a: Alakazam
|-damage|p1a: Alakazam|66\/100 par
|move|p1a: Alakazam|Struggle|p2a: Ibra|[miss]
|-miss|p1a: Alakazam
|
|turn|185
|choice||
|
|cant|p2a: Ibra|par
|move|p1a: Alakazam|Struggle|p2a: Ibra|[miss]
|-miss|p1a: Alakazam
|
|turn|186
|choice||
|
|move|p2a: Ibra|Struggle|p1a: Alakazam
|-crit|p1a: Alakazam
|-damage|p1a: Alakazam|41\/100 par
|-damage|p2a: Ibra|88\/100 par|[from] recoil|[of] p1a: Alakazam
|move|p1a: Alakazam|Struggle|p2a: Ibra|[miss]
|-miss|p1a: Alakazam
|
|turn|187
|-message|katsuge5 forfeited.
|
|win|Ch01W0n5h1n
|player|p1
|player|p2
|l|katsuge5
|raw|katsuge5's rating: 1403 &rarr; <strong>1379<\/strong><br \/>(-24 for losing)
|raw|Ch01W0n5h1n's rating: 1336 &rarr; <strong>1360<\/strong><br \/>(+24 for winning)