|j|pottl
|j|YEAH ITS RED BITCH
|player|p1|pottl|25
|player|p2|YEAH ITS RED BITCH|162
|gametype|singles
|gen|1
|tier|[Gen 1] Random Battle
|rated
|seed|
|rule|Sleep Clause Mod: Limit one foe put to sleep
|rule|Freeze Clause Mod: Limit one foe frozen
|rule|HP Percentage Mod: HP is shown in percentages
|
|start
|switch|p1a: Hitmonlee|Hitmonlee, L90|100\/100
|switch|p2a: Arcanine|Arcanine, L85|100\/100
|turn|1
|choice||
|
|move|p1a: Hitmonlee|Body Slam|p2a: Arcanine
|-damage|p2a: Arcanine|73\/100
|move|p2a: Arcanine|Reflect|p2a: Arcanine
|-start|p2a: Arcanine|Reflect
|
|turn|2
|choice||
|
|switch|p1a: Chansey|Chansey, L79|100\/100
|move|p2a: Arcanine|Fire Blast|p1a: Chansey
|-damage|p1a: Chansey|81\/100
|
|turn|3
|choice||
|
|move|p2a: Arcanine|Mimic|p1a: Chansey
|-start|p2a: Arcanine|Mimic|Soft-Boiled
|move|p1a: Chansey|Thunder Wave|p2a: Arcanine
|-status|p2a: Arcanine|par
|
|turn|4
|choice||
|
|move|p1a: Chansey|Thunderbolt|p2a: Arcanine
|-damage|p2a: Arcanine|53\/100 par
|cant|p2a: Arcanine|par
|
|turn|5
|choice||
|
|move|p1a: Chansey|Thunderbolt|p2a: Arcanine
|-damage|p2a: Arcanine|32\/100 par
|move|p2a: Arcanine|Soft-Boiled|p2a: Arcanine
|-heal|p2a: Arcanine|82\/100 par
|
|turn|6
|choice||
|
|move|p1a: Chansey|Thunderbolt|p2a: Arcanine
|-damage|p2a: Arcanine|64\/100 par
|move|p2a: Arcanine|Body Slam|p1a: Chansey
|-damage|p1a: Chansey|49\/100
|
|turn|7
|choice||
|
|move|p1a: Chansey|Soft-Boiled|p1a: Chansey
|-heal|p1a: Chansey|99\/100
|cant|p2a: Arcanine|par
|
|turn|8
|choice||
|
|switch|p1a: Kabutops|Kabutops, L85|100\/100
|move|p2a: Arcanine|Soft-Boiled|p2a: Arcanine
|-heal|p2a: Arcanine|100\/100 par
|
|turn|9
|choice||
|
|switch|p2a: Gengar|Gengar, L79|100\/100
|move|p1a: Kabutops|Surf|p2a: Gengar
|-crit|p2a: Gengar
|-damage|p2a: Gengar|49\/100
|
|turn|10
|choice||
|
|move|p2a: Gengar|Mega Drain|p1a: Kabutops
|-supereffective|p1a: Kabutops
|-damage|p1a: Kabutops|48\/100
|-heal|p2a: Gengar|77\/100|[from] drain|[of] p1a: Kabutops
|move|p1a: Kabutops|Surf|p2a: Gengar
|-damage|p2a: Gengar|52\/100
|
|turn|11
|choice||
|
|switch|p1a: Chansey|Chansey, L79|99\/100
|move|p2a: Gengar|Mega Drain|p1a: Chansey
|-damage|p1a: Chansey|94\/100
|-heal|p2a: Gengar|57\/100|[from] drain|[of] p1a: Chansey
|
|turn|12
|choice||
|
|move|p2a: Gengar|Hypnosis|p1a: Chansey
|-status|p1a: Chansey|slp
|cant|p1a: Chansey|slp
|
|turn|13
|choice||
|
|move|p2a: Gengar|Thunderbolt|p1a: Chansey
|-damage|p1a: Chansey|81\/100 slp
|cant|p1a: Chansey|slp
|
|turn|14
|choice||
|
|move|p2a: Gengar|Thunderbolt|p1a: Chansey
|-crit|p1a: Chansey
|-damage|p1a: Chansey|56\/100 slp
|cant|p1a: Chansey|slp
|
|turn|15
|choice||
|
|move|p2a: Gengar|Thunderbolt|p1a: Chansey
|-damage|p1a: Chansey|45\/100 slp
|cant|p1a: Chansey|slp
|
|turn|16
|choice||
|
|move|p2a: Gengar|Thunderbolt|p1a: Chansey
|-damage|p1a: Chansey|32\/100 slp
|cant|p1a: Chansey|slp
|
|turn|17
|choice||
|
|move|p2a: Gengar|Thunderbolt|p1a: Chansey
|-damage|p1a: Chansey|19\/100 slp
|-curestatus|p1a: Chansey|slp
|
|turn|18
|choice||
|
|switch|p1a: Hitmonlee|Hitmonlee, L90|100\/100
|move|p2a: Gengar|Hypnosis|p1a: Hitmonlee
|-status|p1a: Hitmonlee|slp
|
|turn|19
|choice||
|
|switch|p1a: Persian|Persian, L79|100\/100
|move|p2a: Gengar|Thunderbolt|p1a: Persian
|-damage|p1a: Persian|65\/100
|-status|p1a: Persian|par
|
|turn|20
|choice||
|
|move|p2a: Gengar|Thunderbolt|p1a: Persian
|-damage|p1a: Persian|31\/100 par
|move|p1a: Persian|Thunderbolt|p2a: Gengar
|-damage|p2a: Gengar|43\/100
|-status|p2a: Gengar|par
|
|turn|21
|choice||
|
|move|p1a: Persian|Thunderbolt|p2a: Gengar
|-crit|p2a: Gengar
|-damage|p2a: Gengar|16\/100 par
|cant|p2a: Gengar|par
|
|turn|22
|choice||
|
|move|p1a: Persian|Thunderbolt|p2a: Gengar
|-crit|p2a: Gengar
|-damage|p2a: Gengar|0 fnt
|faint|p2a: Gengar
|choice||
|
|switch|p2a: Arcanine|Arcanine, L85|100\/100 par
|turn|23
|choice||
|
|cant|p1a: Persian|par
|cant|p2a: Arcanine|par
|
|turn|24
|choice||
|
|move|p1a: Persian|Bubble Beam|p2a: Arcanine
|-supereffective|p2a: Arcanine
|-damage|p2a: Arcanine|79\/100 par
|move|p2a: Arcanine|Fire Blast|p1a: Persian|[miss]
|-miss|p2a: Arcanine
|
|turn|25
|choice||
|
|move|p1a: Persian|Bubble Beam|p2a: Arcanine
|-supereffective|p2a: Arcanine
|-damage|p2a: Arcanine|58\/100 par
|move|p2a: Arcanine|Fire Blast|p1a: Persian
|-damage|p1a: Persian|0 fnt
|faint|p1a: Persian
|choice||
|
|switch|p1a: Chansey|Chansey, L79|19\/100
|turn|26
|choice||
|
|move|p1a: Chansey|Soft-Boiled|p1a: Chansey
|-heal|p1a: Chansey|69\/100
|cant|p2a: Arcanine|par
|
|turn|27
|choice||
|
|move|p1a: Chansey|Soft-Boiled|p1a: Chansey
|-heal|p1a: Chansey|100\/100
|move|p2a: Arcanine|Body Slam|p1a: Chansey
|-damage|p1a: Chansey|68\/100
|
|turn|28
|choice||
|
|move|p1a: Chansey|Reflect|p1a: Chansey
|-start|p1a: Chansey|Reflect
|move|p2a: Arcanine|Body Slam|p1a: Chansey
|-damage|p1a: Chansey|51\/100
|
|turn|29
|choice||
|
|move|p1a: Chansey|Soft-Boiled|p1a: Chansey
|-heal|p1a: Chansey|100\/100
|move|p2a: Arcanine|Body Slam|p1a: Chansey
|-damage|p1a: Chansey|84\/100
|
|turn|30
|choice||
|
|move|p1a: Chansey|Thunderbolt|p2a: Arcanine
|-damage|p2a: Arcanine|39\/100 par
|cant|p2a: Arcanine|par
|
|turn|31
|choice||
|
|move|p1a: Chansey|Thunderbolt|p2a: Arcanine
|-damage|p2a: Arcanine|18\/100 par
|move|p2a: Arcanine|Body Slam|p1a: Chansey
|-damage|p1a: Chansey|67\/100
|
|turn|32
|choice||
|
|move|p1a: Chansey|Soft-Boiled|p1a: Chansey
|-heal|p1a: Chansey|100\/100
|move|p2a: Arcanine|Body Slam|p1a: Chansey
|-damage|p1a: Chansey|83\/100
|
|turn|33
|choice||
|
|move|p1a: Chansey|Thunderbolt|p2a: Arcanine
|-crit|p2a: Arcanine
|-damage|p2a: Arcanine|0 fnt
|faint|p2a: Arcanine
|choice||
|
|switch|p2a: Chansey|Chansey, L79|100\/100
|turn|34
|choice||
|
|move|p1a: Chansey|Thunder Wave|p2a: Chansey
|-status|p2a: Chansey|par
|move|p2a: Chansey|Thunder Wave|p1a: Chansey
|-status|p1a: Chansey|par
|
|turn|35
|choice||
|
|move|p2a: Chansey|Ice Beam|p1a: Chansey
|-damage|p1a: Chansey|73\/100 par
|move|p1a: Chansey|Thunderbolt|p2a: Chansey
|-damage|p2a: Chansey|91\/100 par
|
|turn|36
|choice||
|
|switch|p1a: Nidorino|Nidorino, L90|100\/100
|move|p2a: Chansey|Ice Beam|p1a: Nidorino
|-damage|p1a: Nidorino|75\/100
|
|turn|37
|choice||
|
|move|p1a: Nidorino|Substitute|p1a: Nidorino
|-start|p1a: Nidorino|Substitute
|-damage|p1a: Nidorino|50\/100
|cant|p2a: Chansey|par
|
|turn|38
|l|YEAH ITS RED BITCH
|player|p2
|j|YEAH ITS RED BITCH
|player|p2|YEAH ITS RED BITCH|162
|-message|YEAH ITS RED BITCH forfeited.
|
|win|pottl
|player|p1
|player|p2
|l|YEAH ITS RED BITCH
|raw|pottl's rating: 1263 &rarr; <strong>1290<\/strong><br \/>(+27 for winning)
|raw|YEAH ITS RED BITCH's rating: 1286 &rarr; <strong>1259<\/strong><br \/>(-27 for losing)