|j|UchuStar
|j|Jojo7729
|player|p1|UchuStar|286
|player|p2|Jojo7729|1
|gametype|singles
|gen|1
|tier|[Gen 1] OU
|rated
|seed|44353,24019,12884,45544
|rule|Sleep Clause Mod: Limit one foe put to sleep
|rule|Freeze Clause Mod: Limit one foe frozen
|rule|Species Clause: Limit one of each Pokémon
|rule|OHKO Clause: OHKO moves are banned
|rule|Evasion Moves Clause: Evasion moves are banned
|rule|HP Percentage Mod: HP is shown in percentages
|
|start
|switch|p1a: Lapras|Lapras|463\/463
|switch|p2a: Charizard|Charizard|359\/359
|turn|1
|choice|move 4|move 1
|
|move|p2a: Charizard|Fire Blast|p1a: Lapras
|-damage|p1a: Lapras|338\/463
|move|p1a: Lapras|Confuse Ray|p2a: Charizard
|-start|p2a: Charizard|confusion
|
|turn|2
|choice|move 2|move 3
|
|-activate|p2a: Charizard|confusion
|-damage|p2a: Charizard|322\/359|[from] confusion
|move|p1a: Lapras|Thunderbolt|p2a: Charizard
|-supereffective|p2a: Charizard
|-damage|p2a: Charizard|174\/359
|
|turn|3
|choice|switch 6|move 3
|
|switch|p1a: Starmie|Starmie|323\/323
|-activate|p2a: Charizard|confusion
|move|p2a: Charizard|Seismic Toss|p1a: Starmie
|-damage|p1a: Starmie|223\/323
|
|turn|4
|choice|move 2|move 4
|
|move|p1a: Starmie|Thunderbolt|p2a: Charizard
|-supereffective|p2a: Charizard
|-damage|p2a: Charizard|6\/359
|-activate|p2a: Charizard|confusion
|move|p2a: Charizard|Skull Bash|p1a: Starmie|[still]
|-prepare|p2a: Charizard|Skull Bash|p1a: Starmie
|
|turn|5
|choice|move 4|move 1
|
|move|p1a: Starmie|Recover|p1a: Starmie
|-heal|p1a: Starmie|323\/323
|-end|p2a: Charizard|confusion
|move|p2a: Charizard|Skull Bash|p1a: Starmie|[from]Skull Bash
|-damage|p1a: Starmie|252\/323
|
|turn|6
|choice|move 4|move 3
|
|move|p1a: Starmie|Recover|p1a: Starmie
|-heal|p1a: Starmie|323\/323
|move|p2a: Charizard|Seismic Toss|p1a: Starmie
|-damage|p1a: Starmie|223\/323
|
|turn|7
|choice|move 1|move 3
|
|move|p1a: Starmie|Thunder Wave|p2a: Charizard
|-status|p2a: Charizard|par
|move|p2a: Charizard|Seismic Toss|p1a: Starmie
|-damage|p1a: Starmie|123\/323
|
|turn|8
|choice|move 4|move 3
|
|move|p1a: Starmie|Recover|p1a: Starmie
|-heal|p1a: Starmie|284\/323
|move|p2a: Charizard|Seismic Toss|p1a: Starmie
|-damage|p1a: Starmie|184\/323
|
|turn|9
|choice|move 4|move 3
|
|move|p1a: Starmie|Recover|p1a: Starmie
|-heal|p1a: Starmie|323\/323
|move|p2a: Charizard|Seismic Toss|p1a: Starmie
|-damage|p1a: Starmie|223\/323
|
|turn|10
|choice|move 4|move 3
|
|move|p1a: Starmie|Recover|p1a: Starmie
|-heal|p1a: Starmie|323\/323
|move|p2a: Charizard|Seismic Toss|p1a: Starmie
|-damage|p1a: Starmie|223\/323
|
|turn|11
|choice|move 4|move 3
|
|move|p1a: Starmie|Recover|p1a: Starmie
|-heal|p1a: Starmie|323\/323
|move|p2a: Charizard|Seismic Toss|p1a: Starmie
|-damage|p1a: Starmie|223\/323
|
|turn|12
|choice|move 4|move 3
|
|move|p1a: Starmie|Recover|p1a: Starmie
|-heal|p1a: Starmie|323\/323
|cant|p2a: Charizard|par
|
|turn|13
|choice|move 2|move 3
|
|move|p1a: Starmie|Thunderbolt|p2a: Charizard
|-crit|p2a: Charizard
|-supereffective|p2a: Charizard
|-damage|p2a: Charizard|0 fnt
|faint|p2a: Charizard
|c|★UchuStar|There we go
|choice||switch 4
|
|switch|p2a: Pikachu|Pikachu|273\/273
|turn|14
|choice|move 3|move 1
|
|move|p1a: Starmie|Ice Beam|p2a: Pikachu
|-damage|p2a: Pikachu|154\/273
|move|p2a: Pikachu|Thunderbolt|p1a: Starmie
|-supereffective|p1a: Starmie
|-damage|p1a: Starmie|167\/323
|
|turn|15
|choice|move 3|move 1
|
|move|p1a: Starmie|Ice Beam|p2a: Pikachu
|-crit|p2a: Pikachu
|-damage|p2a: Pikachu|0 fnt
|faint|p2a: Pikachu
|choice||switch 6
|
|switch|p2a: Jolteon|Jolteon|333\/333
|turn|16
|choice|switch 6|move 3
|
|switch|p1a: Lapras|Lapras|338\/463
|move|p2a: Jolteon|Thunder|p1a: Lapras
|-supereffective|p1a: Lapras
|-damage|p1a: Lapras|31\/463
|
|turn|17
|choice|move 4|move 3
|
|move|p2a: Jolteon|Thunder|p1a: Lapras|[miss]
|-miss|p2a: Jolteon
|move|p1a: Lapras|Confuse Ray|p2a: Jolteon
|-start|p2a: Jolteon|confusion
|
|turn|18
|choice|move 3|move 1
|
|-activate|p2a: Jolteon|confusion
|-damage|p2a: Jolteon|296\/333|[from] confusion
|move|p1a: Lapras|Ice Beam|p2a: Jolteon
|-damage|p2a: Jolteon|194\/333
|
|turn|19
|choice|move 3|move 1
|
|-activate|p2a: Jolteon|confusion
|-damage|p2a: Jolteon|157\/333|[from] confusion
|move|p1a: Lapras|Ice Beam|p2a: Jolteon
|-crit|p2a: Jolteon
|-damage|p2a: Jolteon|0 fnt
|faint|p2a: Jolteon
|c|★Jojo7729|stop taking out my pokemon
|choice||switch 5
|
|switch|p2a: Lapras|Lapras|463\/463
|turn|20
|choice|move 4|move 1
|
|move|p1a: Lapras|Confuse Ray|p2a: Lapras
|-start|p2a: Lapras|confusion
|-activate|p2a: Lapras|confusion
|move|p2a: Lapras|Confuse Ray|p1a: Lapras
|-start|p1a: Lapras|confusion
|
|turn|21
|choice|move 2|move 2
|
|-end|p2a: Lapras|confusion
|move|p2a: Lapras|Ice Beam|p1a: Lapras
|-resisted|p1a: Lapras
|-damage|p1a: Lapras|1\/463
|-activate|p1a: Lapras|confusion
|move|p1a: Lapras|Thunderbolt|p2a: Lapras
|-supereffective|p2a: Lapras
|-damage|p2a: Lapras|310\/463
|
|turn|22
|choice|move 4|move 3
|
|move|p2a: Lapras|Surf|p1a: Lapras
|-resisted|p1a: Lapras
|-damage|p1a: Lapras|0 fnt
|faint|p1a: Lapras
|choice|switch 6|
|
|switch|p1a: Starmie|Starmie|167\/323
|turn|23
|choice|move 4|move 1
|
|move|p1a: Starmie|Recover|p1a: Starmie
|-heal|p1a: Starmie|323\/323
|move|p2a: Lapras|Confuse Ray|p1a: Starmie
|-start|p1a: Starmie|confusion
|
|turn|24
|choice|switch 5|move 2
|
|switch|p1a: Tentacruel|Tentacruel|363\/363
|move|p2a: Lapras|Ice Beam|p1a: Tentacruel
|-resisted|p1a: Tentacruel
|-damage|p1a: Tentacruel|314\/363
|
|turn|25
|choice|move 4|move 1
|
|move|p1a: Tentacruel|Toxic|p2a: Lapras
|-status|p2a: Lapras|tox
|move|p2a: Lapras|Confuse Ray|p1a: Tentacruel
|-start|p1a: Tentacruel|confusion
|-damage|p2a: Lapras|282\/463 tox|[from] tox|[of] p1a: Tentacruel
|
|turn|26
|choice|switch 5|move 2
|
|switch|p1a: Starmie|Starmie|323\/323
|move|p2a: Lapras|Ice Beam|p1a: Starmie
|-resisted|p1a: Starmie
|-damage|p1a: Starmie|271\/323
|-damage|p2a: Lapras|226\/463 tox|[from] tox|[of] p1a: Starmie
|
|turn|27
|choice|move 2|move 1
|
|move|p1a: Starmie|Thunderbolt|p2a: Lapras
|-crit|p2a: Lapras
|-supereffective|p2a: Lapras
|-damage|p2a: Lapras|0 fnt
|faint|p2a: Lapras
|choice||switch 3
|
|switch|p2a: Aerodactyl|Aerodactyl|363\/363
|turn|28
|choice|move 3|move 1
|
|move|p2a: Aerodactyl|Hyper Beam|p1a: Starmie
|-crit|p1a: Starmie
|-damage|p1a: Starmie|28\/323
|move|p1a: Starmie|Ice Beam|p2a: Aerodactyl
|-supereffective|p2a: Aerodactyl
|-damage|p2a: Aerodactyl|160\/363
|
|turn|29
|-mustrecharge|p2a: Aerodactyl
|-mustrecharge|p2a: Aerodactyl
|choice|move 1|move 1
|
|cant|p2a: Aerodactyl|recharge
|move|p1a: Starmie|Thunder Wave|p2a: Aerodactyl
|-status|p2a: Aerodactyl|par
|
|turn|30
|choice|move 3|move 3
|
|move|p1a: Starmie|Ice Beam|p2a: Aerodactyl
|-supereffective|p2a: Aerodactyl
|-damage|p2a: Aerodactyl|0 fnt
|faint|p2a: Aerodactyl
|choice||switch 2
|
|switch|p2a: Pidgeot|Pidgeot|369\/369
|turn|31
|choice|move 4|move 1
|
|move|p2a: Pidgeot|Quick Attack|p1a: Starmie
|-damage|p1a: Starmie|0 fnt
|faint|p1a: Starmie
|choice|switch 2|
|
|switch|p1a: Cloyster|Cloyster|303\/303
|turn|32
|choice|move 2|move 3
|
|move|p2a: Pidgeot|Sky Attack|p1a: Cloyster|[still]
|-prepare|p2a: Pidgeot|Sky Attack|p1a: Cloyster
|move|p1a: Cloyster|Ice Beam|p2a: Pidgeot
|-supereffective|p2a: Pidgeot
|-damage|p2a: Pidgeot|104\/369
|-status|p2a: Pidgeot|frz
|
|turn|33
|choice|move 2|move 1
|
|cant|p2a: Pidgeot|frz
|move|p1a: Cloyster|Ice Beam|p2a: Pidgeot
|-supereffective|p2a: Pidgeot
|-damage|p2a: Pidgeot|0 fnt
|faint|p2a: Pidgeot
|
|win|UchuStar
|player|p1
|player|p2
|raw|UchuStar's rating: 1000 &rarr; <strong>1040<\/strong><br \/>(+40 for winning)
|raw|Jojo7729's rating: 1000 &rarr; <strong>1000<\/strong><br \/>(+0 for losing)
|l|Jojo7729
|c|★UchuStar|Even I feel sort of bad playing the mechanics of Gen I to my advantage...