|j|krustol
|j|moosaidmycow
|player|p1|krustol|101
|player|p2|moosaidmycow|184
|gametype|singles
|gen|1
|tier|[Gen 1] Random Battle
|rated
|seed|
|rule|Sleep Clause Mod: Limit one foe put to sleep
|rule|Freeze Clause Mod: Limit one foe frozen
|rule|HP Percentage Mod: HP is shown in percentages
|
|start
|switch|p1a: Parasect|Parasect, L90|100\/100
|switch|p2a: Scyther|Scyther, L90|100\/100
|turn|1
|choice||
|
|switch|p2a: Nidoran-F|Nidoran-F, L96|100\/100
|move|p1a: Parasect|Slash|p2a: Nidoran-F
|-crit|p2a: Nidoran-F
|-damage|p2a: Nidoran-F|57\/100
|
|turn|2
|choice||
|
|move|p2a: Nidoran-F|Body Slam|p1a: Parasect
|-damage|p1a: Parasect|84\/100
|-status|p1a: Parasect|par
|cant|p1a: Parasect|par
|
|turn|3
|choice||
|
|move|p2a: Nidoran-F|Leer|p1a: Parasect
|-unboost|p1a: Parasect|def|1
|move|p1a: Parasect|Slash|p2a: Nidoran-F
|-damage|p2a: Nidoran-F|36\/100
|
|turn|4
|choice||
|
|move|p2a: Nidoran-F|Body Slam|p1a: Parasect
|-damage|p1a: Parasect|58\/100 par
|move|p1a: Parasect|Body Slam|p2a: Nidoran-F
|-damage|p2a: Nidoran-F|11\/100
|
|turn|5
|choice||
|
|move|p2a: Nidoran-F|Body Slam|p1a: Parasect
|-crit|p1a: Parasect
|-damage|p1a: Parasect|25\/100 par
|cant|p1a: Parasect|par
|
|turn|6
|choice||
|
|move|p2a: Nidoran-F|Body Slam|p1a: Parasect
|-damage|p1a: Parasect|0 fnt
|faint|p1a: Parasect
|choice||
|
|switch|p1a: Omastar|Omastar, L90|100\/100
|turn|7
|choice||
|
|move|p1a: Omastar|Surf|p2a: Nidoran-F
|-damage|p2a: Nidoran-F|0 fnt
|faint|p2a: Nidoran-F
|choice||
|
|switch|p2a: Vileplume|Vileplume, L90|100\/100
|turn|8
|choice||
|
|switch|p1a: Weezing|Weezing, L90|100\/100
|move|p2a: Vileplume|Sleep Powder|p1a: Weezing
|-status|p1a: Weezing|slp
|
|turn|9
|choice||
|
|cant|p1a: Weezing|slp
|move|p2a: Vileplume|Swords Dance|p2a: Vileplume
|-boost|p2a: Vileplume|atk|2
|
|turn|10
|choice||
|
|cant|p1a: Weezing|slp
|move|p2a: Vileplume|Swords Dance|p2a: Vileplume
|-boost|p2a: Vileplume|atk|2
|
|turn|11
|choice||
|
|cant|p1a: Weezing|slp
|move|p2a: Vileplume|Body Slam|p1a: Weezing
|-crit|p1a: Weezing
|-damage|p1a: Weezing|70\/100 slp
|
|turn|12
|choice||
|
|cant|p1a: Weezing|slp
|move|p2a: Vileplume|Body Slam|p1a: Weezing
|-crit|p1a: Weezing
|-damage|p1a: Weezing|40\/100 slp
|
|turn|13
|choice||
|
|cant|p1a: Weezing|slp
|move|p2a: Vileplume|Body Slam|p1a: Weezing
|-crit|p1a: Weezing
|-damage|p1a: Weezing|11\/100 slp
|
|turn|14
|choice||
|
|-curestatus|p1a: Weezing|slp
|move|p2a: Vileplume|Body Slam|p1a: Weezing
|-damage|p1a: Weezing|0 fnt
|faint|p1a: Weezing
|choice||
|
|switch|p1a: Venomoth|Venomoth, L85|100\/100
|turn|15
|choice||
|
|move|p1a: Venomoth|Sleep Powder|p2a: Vileplume
|-status|p2a: Vileplume|slp
|cant|p2a: Vileplume|slp
|
|turn|16
|choice||
|
|move|p1a: Venomoth|Psychic|p2a: Vileplume
|-supereffective|p2a: Vileplume
|-damage|p2a: Vileplume|65\/100 slp
|-curestatus|p2a: Vileplume|slp
|
|turn|17
|choice||
|
|move|p1a: Venomoth|Sleep Powder|p2a: Vileplume
|-status|p2a: Vileplume|slp
|cant|p2a: Vileplume|slp
|
|turn|18
|choice||
|
|move|p1a: Venomoth|Psychic|p2a: Vileplume
|-supereffective|p2a: Vileplume
|-damage|p2a: Vileplume|32\/100 slp
|-unboost|p2a: Vileplume|spd|1
|-unboost|p2a: Vileplume|spa|1
|cant|p2a: Vileplume|slp
|
|turn|19
|choice||
|
|switch|p2a: Mew|Mew, L74|100\/100
|move|p1a: Venomoth|Psychic|p2a: Mew
|-resisted|p2a: Mew
|-damage|p2a: Mew|90\/100
|
|turn|20
|choice||
|
|move|p1a: Venomoth|Sleep Powder|p2a: Mew
|-message|Sleep Clause Mod activated.
|move|p2a: Mew|Psychic|p1a: Venomoth
|-crit|p1a: Venomoth
|-supereffective|p1a: Venomoth
|-damage|p1a: Venomoth|0 fnt
|faint|p1a: Venomoth
|choice||
|
|switch|p1a: Omastar|Omastar, L90|100\/100
|turn|21
|choice||
|
|move|p2a: Mew|Psychic|p1a: Omastar
|-damage|p1a: Omastar|80\/100
|-unboost|p1a: Omastar|spd|1
|-unboost|p1a: Omastar|spa|1
|move|p1a: Omastar|Surf|p2a: Mew
|-damage|p2a: Mew|61\/100
|
|turn|22
|j|PattyKane
|choice||
|
|move|p2a: Mew|Psychic|p1a: Omastar
|-damage|p1a: Omastar|52\/100
|move|p1a: Omastar|Surf|p2a: Mew
|-crit|p2a: Mew
|-damage|p2a: Mew|0 fnt
|faint|p2a: Mew
|choice||
|
|switch|p2a: Seadra|Seadra, L90|100\/100
|turn|23
|choice||
|
|switch|p1a: Wigglytuff|Wigglytuff, L90|100\/100
|move|p2a: Seadra|Hydro Pump|p1a: Wigglytuff
|-damage|p1a: Wigglytuff|59\/100
|
|turn|24
|choice||
|
|switch|p2a: Vileplume|Vileplume, L90|32\/100 slp
|move|p1a: Wigglytuff|Sing|p2a: Vileplume
|-fail|p2a: Vileplume|slp
|
|turn|25
|l|PattyKane
|choice||
|
|-curestatus|p2a: Vileplume|slp
|move|p1a: Wigglytuff|Blizzard|p2a: Vileplume
|-supereffective|p2a: Vileplume
|-damage|p2a: Vileplume|0 fnt
|faint|p2a: Vileplume
|choice||
|
|switch|p2a: Seadra|Seadra, L90|100\/100
|turn|26
|choice||
|
|move|p2a: Seadra|Blizzard|p1a: Wigglytuff|[miss]
|-miss|p2a: Seadra
|move|p1a: Wigglytuff|Sing|p2a: Seadra
|-status|p2a: Seadra|slp
|
|turn|27
|choice||
|
|cant|p2a: Seadra|slp
|move|p1a: Wigglytuff|Double-Edge|p2a: Seadra
|-crit|p2a: Seadra
|-damage|p2a: Seadra|40\/100 slp
|-damage|p1a: Wigglytuff|49\/100|[from] recoil|[of] p2a: Seadra
|
|turn|28
|choice||
|
|cant|p2a: Seadra|slp
|move|p1a: Wigglytuff|Double-Edge|p2a: Seadra
|-damage|p2a: Seadra|9\/100 slp
|-damage|p1a: Wigglytuff|44\/100|[from] recoil|[of] p2a: Seadra
|
|turn|29
|choice||
|
|-curestatus|p2a: Seadra|slp
|move|p1a: Wigglytuff|Double-Edge|p2a: Seadra
|-damage|p2a: Seadra|0 fnt
|-damage|p1a: Wigglytuff|43\/100|[from] recoil|[of] p2a: Seadra
|faint|p2a: Seadra
|c|★moosaidmycow|lol do u always get this lucky?
|choice||
|
|switch|p2a: Kangaskhan|Kangaskhan, L85|100\/100
|turn|30
|choice||
|
|move|p2a: Kangaskhan|Body Slam|p1a: Wigglytuff
|-damage|p1a: Wigglytuff|16\/100
|move|p1a: Wigglytuff|Sing|p2a: Kangaskhan|[miss]
|-miss|p1a: Wigglytuff
|
|turn|31
|choice||
|
|move|p2a: Kangaskhan|Body Slam|p1a: Wigglytuff
|-damage|p1a: Wigglytuff|0 fnt
|faint|p1a: Wigglytuff
|choice||
|
|switch|p1a: Omastar|Omastar, L90|52\/100
|turn|32
|choice||
|
|move|p2a: Kangaskhan|Earthquake|p1a: Omastar
|-supereffective|p1a: Omastar
|-damage|p1a: Omastar|16\/100
|move|p1a: Omastar|Surf|p2a: Kangaskhan
|-damage|p2a: Kangaskhan|48\/100
|
|turn|33
|choice||
|
|move|p2a: Kangaskhan|Earthquake|p1a: Omastar
|-supereffective|p1a: Omastar
|-damage|p1a: Omastar|0 fnt
|faint|p1a: Omastar
|choice||
|
|switch|p1a: Dragonite|Dragonite, L85|100\/100
|turn|34
|choice||
|
|move|p2a: Kangaskhan|Body Slam|p1a: Dragonite
|-damage|p1a: Dragonite|74\/100
|move|p1a: Dragonite|Thunder Wave|p2a: Kangaskhan
|-status|p2a: Kangaskhan|par
|
|turn|35
|choice||
|
|move|p1a: Dragonite|Ice Beam|p2a: Kangaskhan
|-damage|p2a: Kangaskhan|17\/100 par
|move|p2a: Kangaskhan|Hyper Beam|p1a: Dragonite|[miss]
|-miss|p2a: Kangaskhan
|
|turn|36
|choice||
|
|move|p1a: Dragonite|Ice Beam|p2a: Kangaskhan
|-damage|p2a: Kangaskhan|0 fnt
|faint|p2a: Kangaskhan
|choice||
|
|switch|p2a: Scyther|Scyther, L90|100\/100
|turn|37
|c|★moosaidmycow|?
|c|★krustol|?
|choice||
|
|move|p2a: Scyther|Slash|p1a: Dragonite
|-crit|p1a: Dragonite
|-damage|p1a: Dragonite|39\/100
|move|p1a: Dragonite|Ice Beam|p2a: Scyther
|-crit|p2a: Scyther
|-supereffective|p2a: Scyther
|-damage|p2a: Scyther|0 fnt
|faint|p2a: Scyther
|
|win|krustol
|player|p1
|player|p2
|raw|krustol's rating: 1151 &rarr; <strong>1181<\/strong><br \/>(+30 for winning)
|raw|moosaidmycow's rating: 1214 &rarr; <strong>1185<\/strong><br \/>(-29 for losing)
|c|★moosaidmycow|do u normally get this lucky?
|c|★krustol|nah im just good
|c|★moosaidmycow|no u are not lol
|c|★krustol|i time the frames
|c|★krustol|then click on my mouse
|c|★krustol|bam
|c|★krustol|easy
|c|★moosaidmycow|haha ur so good
|c|★krustol|you should try it sometime
|c|★moosaidmycow|*so good*
|c|★krustol|maybe you'll win ayy lmao
|c|★moosaidmycow|haha ill be in top 10 someday
|c|★moosaidmycow|ill be sure to stop the frames
|c|★krustol|haha kk
|c|★krustol|best of luck
|c|★krustol|":p
|c|★moosaidmycow|l8r
|c|★krustol|late
|l|krustol