|j|test000215156
|j|Clersea
|player|p1|test000215156|266
|player|p2|Clersea|291
|gametype|singles
|gen|1
|tier|[Gen 1] Random Battle
|rated
|seed|28380,56753,50829,7059
|rule|Sleep Clause Mod: Limit one foe put to sleep
|rule|Freeze Clause Mod: Limit one foe frozen
|rule|HP Percentage Mod: HP is shown in percentages
|
|start
|switch|p1a: Magmar|Magmar, L90|300\/300
|switch|p2a: Eevee|Eevee, L96|300\/300
|turn|1
|choice|move 1|move 4
|
|move|p1a: Magmar|Confuse Ray|p2a: Eevee
|-start|p2a: Eevee|confusion
|-activate|p2a: Eevee|confusion
|move|p2a: Eevee|Sand Attack|p1a: Magmar
|-unboost|p1a: Magmar|accuracy|1
|
|turn|2
|choice|move 3|move 3
|
|move|p1a: Magmar|Body Slam|p2a: Eevee
|-damage|p2a: Eevee|220\/300
|-activate|p2a: Eevee|confusion
|-damage|p2a: Eevee|185\/300|[from] confusion
|
|turn|3
|choice|move 3|switch 2
|
|switch|p2a: Jigglypuff|Jigglypuff, L99|428\/428
|move|p1a: Magmar|Body Slam|p2a: Jigglypuff
|-damage|p2a: Jigglypuff|311\/428
|
|turn|4
|choice|move 3|move 2
|
|move|p1a: Magmar|Body Slam|p2a: Jigglypuff|[miss]
|-miss|p1a: Magmar
|move|p2a: Jigglypuff|Thunder Wave|p1a: Magmar
|-status|p1a: Magmar|par
|
|turn|5
|choice|switch 2|switch 4
|
|switch|p2a: Mewtwo|Mewtwo, L68|285\/285
|switch|p1a: Mr. Mime|Mr. Mime, L85|242\/242
|
|turn|6
|choice|move 4|move 4
|
|move|p2a: Mewtwo|Amnesia|p2a: Mewtwo
|-boost|p2a: Mewtwo|spd|2
|-boost|p2a: Mewtwo|spa|2
|move|p1a: Mr. Mime|Thunder Wave|p2a: Mewtwo
|-status|p2a: Mewtwo|par
|
|turn|7
|choice|move 3|move 4
|
|move|p1a: Mr. Mime|Seismic Toss|p2a: Mewtwo
|-damage|p2a: Mewtwo|200\/285 par
|move|p2a: Mewtwo|Amnesia|p2a: Mewtwo
|-boost|p2a: Mewtwo|spd|2
|-boost|p2a: Mewtwo|spa|2
|
|turn|8
|choice|move 3|move 3
|
|move|p1a: Mr. Mime|Seismic Toss|p2a: Mewtwo
|-damage|p2a: Mewtwo|115\/285 par
|move|p2a: Mewtwo|Blizzard|p1a: Mr. Mime
|-crit|p1a: Mr. Mime
|-damage|p1a: Mr. Mime|96\/242
|
|turn|9
|choice|move 3|switch 4
|
|switch|p2a: Jigglypuff|Jigglypuff, L99|311\/428
|move|p1a: Mr. Mime|Seismic Toss|p2a: Jigglypuff
|-damage|p2a: Jigglypuff|226\/428
|
|turn|10
|choice|move 2|move 2
|
|move|p1a: Mr. Mime|Psychic|p2a: Jigglypuff
|-damage|p2a: Jigglypuff|69\/428
|move|p2a: Jigglypuff|Thunder Wave|p1a: Mr. Mime
|-status|p1a: Mr. Mime|par
|
|turn|11
|choice|move 3|move 1
|
|move|p2a: Jigglypuff|Disable|p1a: Mr. Mime
|-start|p1a: Mr. Mime|Disable|Thunder Wave
|move|p1a: Mr. Mime|Seismic Toss|p2a: Jigglypuff
|-damage|p2a: Jigglypuff|0 fnt
|faint|p2a: Jigglypuff
|choice||switch 6
|
|switch|p2a: Jolteon|Jolteon, L79|265\/265
|turn|12
|choice|move 2|move 1
|
|move|p2a: Jolteon|Thunderbolt|p1a: Mr. Mime
|-damage|p1a: Mr. Mime|1\/242 par
|move|p1a: Mr. Mime|Psychic|p2a: Jolteon
|-damage|p2a: Jolteon|178\/265
|
|turn|13
|choice|move 3|move 3
|
|move|p2a: Jolteon|Pin Missile|p1a: Mr. Mime
|-crit|p1a: Mr. Mime
|-supereffective|p1a: Mr. Mime
|-damage|p1a: Mr. Mime|0 fnt
|-hitcount|p1a: Mr. Mime|1
|faint|p1a: Mr. Mime
|choice|switch 5|
|
|switch|p1a: Rhydon|Rhydon, L79|328\/328
|turn|14
|choice|move 4|switch 5
|
|switch|p2a: Exeggutor|Exeggutor, L79|312\/312
|move|p1a: Rhydon|Substitute|p1a: Rhydon
|-start|p1a: Rhydon|Substitute
|-damage|p1a: Rhydon|246\/328
|
|turn|15
|choice|move 1|move 1
|
|move|p2a: Exeggutor|Sleep Powder|p1a: Rhydon|[miss]
|-miss|p2a: Exeggutor
|move|p1a: Rhydon|Body Slam|p2a: Exeggutor
|-damage|p2a: Exeggutor|241\/312
|-status|p2a: Exeggutor|par
|
|turn|16
|choice|move 2|move 1
|
|move|p1a: Rhydon|Rock Slide|p2a: Exeggutor
|-damage|p2a: Exeggutor|142\/312 par
|move|p2a: Exeggutor|Sleep Powder|p1a: Rhydon
|-status|p1a: Rhydon|slp
|
|turn|17
|choice|move 2|move 4
|
|cant|p1a: Rhydon|slp
|move|p2a: Exeggutor|Mega Drain|p1a: Rhydon
|-supereffective|p1a: Rhydon
|-end|p1a: Rhydon|Substitute
|
|turn|18
|choice|switch 2|move 4
|
|switch|p1a: Magmar|Magmar, L90|300\/300 par
|cant|p2a: Exeggutor|par
|
|turn|19
|choice|move 2|switch 2
|
|switch|p2a: Eevee|Eevee, L96|185\/300
|move|p1a: Magmar|Fire Blast|p2a: Eevee|[miss]
|-miss|p1a: Magmar
|
|turn|20
|choice|switch 2|move 4
|
|switch|p1a: Rhydon|Rhydon, L79|246\/328 slp
|move|p2a: Eevee|Sand Attack|p1a: Rhydon
|-unboost|p1a: Rhydon|accuracy|1
|
|turn|21
|choice|move 1|switch 2
|
|switch|p2a: Exeggutor|Exeggutor, L79|142\/312 par
|-curestatus|p1a: Rhydon|slp
|
|turn|22
|choice|switch 2|move 4
|
|switch|p1a: Magmar|Magmar, L90|300\/300 par
|move|p2a: Exeggutor|Mega Drain|p1a: Magmar
|-resisted|p1a: Magmar
|-damage|p1a: Magmar|279\/300 par
|-heal|p2a: Exeggutor|152\/312 par|[from] drain|[of] p1a: Magmar
|
|turn|23
|choice|move 2|switch 2
|
|switch|p2a: Eevee|Eevee, L96|185\/300
|move|p1a: Magmar|Fire Blast|p2a: Eevee|[miss]
|-miss|p1a: Magmar
|
|turn|24
|choice|switch 2|move 3
|
|switch|p1a: Rhydon|Rhydon, L79|246\/328
|move|p2a: Eevee|Mimic|p1a: Rhydon
|-start|p2a: Eevee|Mimic|Substitute
|
|turn|25
|choice|move 1|switch 2
|
|switch|p2a: Exeggutor|Exeggutor, L79|152\/312 par
|move|p1a: Rhydon|Body Slam|p2a: Exeggutor
|-crit|p2a: Exeggutor
|-damage|p2a: Exeggutor|25\/312 par
|
|turn|26
|choice|move 1|move 3
|
|move|p1a: Rhydon|Body Slam|p2a: Exeggutor
|-crit|p2a: Exeggutor
|-damage|p2a: Exeggutor|0 fnt
|faint|p2a: Exeggutor
|choice||switch 3
|
|switch|p2a: Gloom|Gloom, L90|291\/291
|turn|27
|choice|move 2|move 2
|
|move|p2a: Gloom|Swords Dance|p2a: Gloom
|-boost|p2a: Gloom|atk|2
|move|p1a: Rhydon|Rock Slide|p2a: Gloom
|-damage|p2a: Gloom|206\/291
|
|turn|28
|choice|move 1|move 3
|
|move|p2a: Gloom|Mega Drain|p1a: Rhydon
|-supereffective|p1a: Rhydon
|-damage|p1a: Rhydon|0 fnt
|-heal|p2a: Gloom|291\/291|[from] drain|[of] p1a: Rhydon
|faint|p1a: Rhydon
|choice|switch 6|
|
|switch|p1a: Cloyster|Cloyster, L83|253\/253
|turn|29
|choice|move 4|move 4
|
|move|p1a: Cloyster|Blizzard|p2a: Gloom
|-supereffective|p2a: Gloom
|-damage|p2a: Gloom|71\/291
|move|p2a: Gloom|Sleep Powder|p1a: Cloyster|[miss]
|-miss|p2a: Gloom
|
|turn|30
|choice|move 2|move 4
|
|move|p1a: Cloyster|Hyper Beam|p2a: Gloom
|-damage|p2a: Gloom|0 fnt
|faint|p2a: Gloom
|choice||switch 5
|
|switch|p2a: Jolteon|Jolteon, L79|178\/265
|turn|31
|choice|switch 2|move 1
|
|switch|p1a: Magmar|Magmar, L90|279\/300 par
|move|p2a: Jolteon|Thunderbolt|p1a: Magmar
|-crit|p1a: Magmar
|-damage|p1a: Magmar|97\/300 par
|
|turn|32
|choice|move 3|move 1
|
|move|p2a: Jolteon|Thunderbolt|p1a: Magmar
|-damage|p1a: Magmar|0 fnt
|faint|p1a: Magmar
|choice|switch 4|
|
|switch|p1a: Weezing|Weezing, L90|300\/300
|turn|33
|choice|move 1|switch 2
|
|switch|p2a: Eevee|Eevee, L96|185\/300
|move|p1a: Weezing|Explosion|p2a: Eevee
|-damage|p2a: Eevee|0 fnt
|faint|p2a: Eevee
|faint|p1a: Weezing
|choice|switch 3|switch 2
|
|switch|p2a: Jolteon|Jolteon, L79|178\/265
|switch|p1a: Gloom|Gloom, L90|291\/291
|turn|34
|choice|move 1|move 2
|
|move|p2a: Jolteon|Thunder Wave|p1a: Gloom
|-status|p1a: Gloom|par
|move|p1a: Gloom|Sleep Powder|p2a: Jolteon|[miss]
|-miss|p1a: Gloom
|
|turn|35
|choice|move 1|move 3
|
|move|p2a: Jolteon|Pin Missile|p1a: Gloom
|-supereffective|p1a: Gloom
|-damage|p1a: Gloom|258\/291 par
|-damage|p1a: Gloom|225\/291 par
|-hitcount|p1a: Gloom|2
|move|p1a: Gloom|Sleep Powder|p2a: Jolteon
|-status|p2a: Jolteon|slp
|
|turn|36
|choice|move 4|move 3
|
|cant|p2a: Jolteon|slp
|cant|p1a: Gloom|par
|
|turn|37
|choice|move 4|move 1
|
|cant|p2a: Jolteon|slp
|move|p1a: Gloom|Swords Dance|p1a: Gloom
|-boost|p1a: Gloom|atk|2
|
|turn|38
|choice|move 2|move 3
|
|cant|p2a: Jolteon|slp
|cant|p1a: Gloom|par
|
|turn|39
|choice|move 2|move 3
|
|cant|p2a: Jolteon|slp
|move|p1a: Gloom|Double-Edge|p2a: Jolteon
|-damage|p2a: Jolteon|17\/265 slp
|-damage|p1a: Gloom|185\/291 par|[from] recoil|[of] p2a: Jolteon
|
|turn|40
|choice|move 3|move 4
|
|-curestatus|p2a: Jolteon|slp
|move|p1a: Gloom|Mega Drain|p2a: Jolteon
|-damage|p2a: Jolteon|0 fnt
|-heal|p1a: Gloom|193\/291 par|[from] drain|[of] p2a: Jolteon
|faint|p2a: Jolteon
|choice||switch 4
|
|switch|p2a: Mewtwo|Mewtwo, L68|115\/285 par
|turn|41
|choice|move 2|move 1
|
|cant|p2a: Mewtwo|par
|move|p1a: Gloom|Double-Edge|p2a: Mewtwo
|-damage|p2a: Mewtwo|0 fnt
|-damage|p1a: Gloom|165\/291 par|[from] recoil|[of] p2a: Mewtwo
|faint|p2a: Mewtwo
|
|win|test000215156
|player|p1
|player|p2
|raw|test000215156's rating: 1124 &rarr; <strong>1158<\/strong><br \/>(+34 for winning)
|raw|Clersea's rating: 1258 &rarr; <strong>1224<\/strong><br \/>(-34 for losing)
|l|Clersea