|j|Pietro Albuquerque
|j|theFrequencyMan
|player|p1|Pietro Albuquerque|109
|player|p2|theFrequencyMan|165
|gametype|singles
|gen|1
|tier|[Gen 1] Random Battle
|rated
|seed|55862,51160,10968,45003
|rule|Sleep Clause Mod: Limit one foe put to sleep
|rule|Freeze Clause Mod: Limit one foe frozen
|rule|HP Percentage Mod: HP is shown in percentages
|
|start
|switch|p1a: Mr. Mime|Mr. Mime, L85|242\/242
|switch|p2a: Gastly|Gastly, L96|252\/252
|turn|1
|choice|switch 2|move 1
|
|switch|p1a: Jigglypuff|Jigglypuff, L99|428\/428
|move|p2a: Gastly|Hypnosis|p1a: Jigglypuff
|-status|p1a: Jigglypuff|slp
|
|turn|2
|choice|switch 2|move 3
|
|switch|p1a: Mr. Mime|Mr. Mime, L85|242\/242
|move|p2a: Gastly|Confuse Ray|p1a: Mr. Mime|[miss]
|-miss|p2a: Gastly
|
|turn|3
|choice|move 3|switch 6
|
|switch|p2a: Kangaskhan|Kangaskhan, L85|352\/352
|move|p1a: Mr. Mime|Psychic|p2a: Kangaskhan
|-damage|p2a: Kangaskhan|196\/352
|
|turn|4
|choice|switch 5|move 4
|
|switch|p1a: Machoke|Machoke, L85|310\/310
|move|p2a: Kangaskhan|Body Slam|p1a: Machoke
|-damage|p1a: Machoke|212\/310
|
|turn|5
|choice|move 4|switch 6
|
|switch|p2a: Gastly|Gastly, L96|252\/252
|move|p1a: Machoke|Earthquake|p2a: Gastly
|-supereffective|p2a: Gastly
|-damage|p2a: Gastly|20\/252
|
|turn|6
|choice|move 4|move 4
|
|move|p2a: Gastly|Thunderbolt|p1a: Machoke
|-crit|p1a: Machoke
|-damage|p1a: Machoke|0 fnt
|faint|p1a: Machoke
|choice|switch 3|
|
|switch|p1a: Muk|Muk, L90|372\/372
|turn|7
|choice|move 4|move 4
|
|move|p2a: Gastly|Thunderbolt|p1a: Muk
|-crit|p1a: Muk
|-damage|p1a: Muk|177\/372
|move|p1a: Muk|Sludge|p2a: Gastly
|-crit|p2a: Gastly
|-resisted|p2a: Gastly
|-damage|p2a: Gastly|0 fnt
|faint|p2a: Gastly
|choice||switch 6
|
|switch|p2a: Kangaskhan|Kangaskhan, L85|196\/352
|turn|8
|choice|switch 6|move 1
|
|switch|p1a: Slowbro|Slowbro, L79|312\/312
|move|p2a: Kangaskhan|Earthquake|p1a: Slowbro
|-damage|p1a: Slowbro|246\/312
|
|turn|9
|choice|move 4|move 4
|
|move|p2a: Kangaskhan|Body Slam|p1a: Slowbro
|-damage|p1a: Slowbro|163\/312
|move|p1a: Slowbro|Thunder Wave|p2a: Kangaskhan
|-status|p2a: Kangaskhan|par
|
|turn|10
|choice|move 1|move 4
|
|move|p1a: Slowbro|Surf|p2a: Kangaskhan
|-damage|p2a: Kangaskhan|80\/352 par
|move|p2a: Kangaskhan|Body Slam|p1a: Slowbro
|-damage|p1a: Slowbro|75\/312
|
|turn|11
|choice|switch 6|move 4
|
|switch|p1a: Muk|Muk, L90|177\/372
|move|p2a: Kangaskhan|Body Slam|p1a: Muk
|-damage|p1a: Muk|81\/372
|
|turn|12
|choice|move 3|move 4
|
|move|p1a: Muk|Body Slam|p2a: Kangaskhan
|-damage|p2a: Kangaskhan|7\/352 par
|cant|p2a: Kangaskhan|par
|
|turn|13
|choice|move 3|switch 2
|
|switch|p2a: Charizard|Charizard, L85|306\/306
|move|p1a: Muk|Body Slam|p2a: Charizard
|-damage|p2a: Charizard|225\/306
|
|turn|14
|choice|move 1|move 2
|
|move|p2a: Charizard|Body Slam|p1a: Muk
|-damage|p1a: Muk|26\/372
|move|p1a: Muk|Explosion|p2a: Charizard
|-damage|p2a: Charizard|0 fnt
|faint|p2a: Charizard
|faint|p1a: Muk
|choice|switch 5|switch 5
|
|switch|p1a: Mr. Mime|Mr. Mime, L85|242\/242
|switch|p2a: Blastoise|Blastoise, L85|308\/308
|turn|15
|choice|move 2|move 1
|
|move|p1a: Mr. Mime|Thunderbolt|p2a: Blastoise
|-supereffective|p2a: Blastoise
|-damage|p2a: Blastoise|174\/308
|-status|p2a: Blastoise|par
|move|p2a: Blastoise|Surf|p1a: Mr. Mime
|-damage|p1a: Mr. Mime|160\/242
|
|turn|16
|choice|move 2|move 2
|
|move|p1a: Mr. Mime|Thunderbolt|p2a: Blastoise
|-crit|p2a: Blastoise
|-supereffective|p2a: Blastoise
|-damage|p2a: Blastoise|0 fnt
|faint|p2a: Blastoise
|choice||switch 3
|
|switch|p2a: Venusaur|Venusaur, L85|310\/310
|turn|17
|choice|move 3|move 3
|
|move|p1a: Mr. Mime|Psychic|p2a: Venusaur
|-supereffective|p2a: Venusaur
|-damage|p2a: Venusaur|133\/310
|-unboost|p2a: Venusaur|spd|1
|-unboost|p2a: Venusaur|spa|1
|move|p2a: Venusaur|Razor Leaf|p1a: Mr. Mime
|-crit|p1a: Mr. Mime
|-damage|p1a: Mr. Mime|45\/242
|
|turn|18
|choice|move 3|move 3
|
|move|p1a: Mr. Mime|Psychic|p2a: Venusaur
|-supereffective|p2a: Venusaur
|-damage|p2a: Venusaur|0 fnt
|faint|p2a: Venusaur
|choice||switch 2
|
|switch|p2a: Kangaskhan|Kangaskhan, L85|7\/352 par
|turn|19
|choice|move 3|move 1
|
|move|p1a: Mr. Mime|Psychic|p2a: Kangaskhan
|-damage|p2a: Kangaskhan|0 fnt
|faint|p2a: Kangaskhan
|choice||switch 4
|
|switch|p2a: Graveler|Graveler, L85|267\/267
|turn|20
|choice|move 3|move 1
|
|move|p1a: Mr. Mime|Psychic|p2a: Graveler
|-damage|p2a: Graveler|115\/267
|move|p2a: Graveler|Rock Slide|p1a: Mr. Mime
|-damage|p1a: Mr. Mime|0 fnt
|faint|p1a: Mr. Mime
|choice|switch 2|
|
|switch|p1a: Jigglypuff|Jigglypuff, L99|428\/428 slp
|turn|21
|choice|move 1|move 2
|
|move|p2a: Graveler|Earthquake|p1a: Jigglypuff
|-damage|p1a: Jigglypuff|237\/428 slp
|cant|p1a: Jigglypuff|slp
|
|turn|22
|choice|move 1|move 2
|
|move|p2a: Graveler|Earthquake|p1a: Jigglypuff
|-damage|p1a: Jigglypuff|51\/428 slp
|cant|p1a: Jigglypuff|slp
|
|turn|23
|choice|move 1|move 2
|
|move|p2a: Graveler|Earthquake|p1a: Jigglypuff
|-damage|p1a: Jigglypuff|0 fnt
|faint|p1a: Jigglypuff
|choice|switch 4|
|
|switch|p1a: Chansey|Chansey, L79|557\/557
|turn|24
|choice|move 2|move 2
|
|move|p1a: Chansey|Reflect|p1a: Chansey
|-start|p1a: Chansey|Reflect
|move|p2a: Graveler|Earthquake|p1a: Chansey
|-damage|p1a: Chansey|405\/557
|
|turn|25
|choice|move 4|move 2
|
|move|p1a: Chansey|Thunderbolt|p2a: Graveler
|-immune|p2a: Graveler|[msg]
|move|p2a: Graveler|Earthquake|p1a: Chansey
|-damage|p1a: Chansey|264\/557
|
|turn|26
|choice|move 1|move 2
|
|move|p1a: Chansey|Soft-Boiled|p1a: Chansey
|-heal|p1a: Chansey|542\/557
|move|p2a: Graveler|Earthquake|p1a: Chansey
|-damage|p1a: Chansey|400\/557
|
|turn|27
|choice|move 3|move 2
|
|move|p1a: Chansey|Thunder Wave|p2a: Graveler
|-immune|p2a: Graveler|[msg]
|move|p2a: Graveler|Earthquake|p1a: Chansey
|-damage|p1a: Chansey|263\/557
|
|turn|28
|choice|move 2|move 1
|
|move|p1a: Chansey|Reflect|p1a: Chansey
|-fail|p1a: Chansey
|move|p2a: Graveler|Rock Slide|p1a: Chansey
|-damage|p1a: Chansey|149\/557
|
|turn|29
|choice|move 1|move 2
|
|move|p1a: Chansey|Soft-Boiled|p1a: Chansey
|-heal|p1a: Chansey|427\/557
|move|p2a: Graveler|Earthquake|p1a: Chansey
|-damage|p1a: Chansey|280\/557
|
|turn|30
|choice|move 3|move 1
|
|move|p1a: Chansey|Thunder Wave|p2a: Graveler
|-immune|p2a: Graveler|[msg]
|move|p2a: Graveler|Rock Slide|p1a: Chansey
|-damage|p1a: Chansey|170\/557
|
|turn|31
|choice|move 4|move 1
|
|move|p1a: Chansey|Thunderbolt|p2a: Graveler
|-immune|p2a: Graveler|[msg]
|move|p2a: Graveler|Rock Slide|p1a: Chansey
|-damage|p1a: Chansey|70\/557
|
|turn|32
|choice|move 1|move 1
|
|move|p1a: Chansey|Soft-Boiled|p1a: Chansey
|-heal|p1a: Chansey|348\/557
|move|p2a: Graveler|Rock Slide|p1a: Chansey
|-damage|p1a: Chansey|234\/557
|
|turn|33
|choice|move 3|move 2
|
|move|p1a: Chansey|Thunder Wave|p2a: Graveler
|-immune|p2a: Graveler|[msg]
|move|p2a: Graveler|Earthquake|p1a: Chansey
|-damage|p1a: Chansey|93\/557
|
|turn|34
|choice|move 1|move 3
|
|move|p1a: Chansey|Soft-Boiled|p1a: Chansey
|-heal|p1a: Chansey|371\/557
|move|p2a: Graveler|Body Slam|p1a: Chansey
|-damage|p1a: Chansey|286\/557
|
|turn|35
|choice|move 4|move 1
|
|move|p1a: Chansey|Thunderbolt|p2a: Graveler
|-immune|p2a: Graveler|[msg]
|move|p2a: Graveler|Rock Slide|p1a: Chansey|[miss]
|-miss|p2a: Graveler
|
|turn|36
|choice|move 3|move 1
|
|move|p1a: Chansey|Thunder Wave|p2a: Graveler
|-immune|p2a: Graveler|[msg]
|move|p2a: Graveler|Rock Slide|p1a: Chansey
|-damage|p1a: Chansey|169\/557
|
|turn|37
|choice|move 4|move 1
|
|move|p1a: Chansey|Thunderbolt|p2a: Graveler
|-immune|p2a: Graveler|[msg]
|move|p2a: Graveler|Rock Slide|p1a: Chansey|[miss]
|-miss|p2a: Graveler
|
|turn|38
|choice|move 3|move 3
|
|move|p1a: Chansey|Thunder Wave|p2a: Graveler
|-immune|p2a: Graveler|[msg]
|move|p2a: Graveler|Body Slam|p1a: Chansey
|-damage|p1a: Chansey|87\/557
|
|turn|39
|choice|move 1|move 3
|
|move|p1a: Chansey|Soft-Boiled|p1a: Chansey
|-heal|p1a: Chansey|365\/557
|move|p2a: Graveler|Body Slam|p1a: Chansey
|-damage|p1a: Chansey|278\/557
|
|turn|40
|choice|move 3|move 3
|
|move|p1a: Chansey|Thunder Wave|p2a: Graveler
|-immune|p2a: Graveler|[msg]
|move|p2a: Graveler|Body Slam|p1a: Chansey
|-damage|p1a: Chansey|199\/557
|
|turn|41
|choice|move 2|move 3
|
|move|p1a: Chansey|Reflect|p1a: Chansey
|-fail|p1a: Chansey
|move|p2a: Graveler|Body Slam|p1a: Chansey
|-damage|p1a: Chansey|110\/557
|
|turn|42
|choice|move 1|move 3
|
|move|p1a: Chansey|Soft-Boiled|p1a: Chansey
|-heal|p1a: Chansey|388\/557
|move|p2a: Graveler|Body Slam|p1a: Chansey
|-crit|p1a: Chansey
|-damage|p1a: Chansey|81\/557
|
|turn|43
|choice|move 1|move 3
|
|move|p1a: Chansey|Soft-Boiled|p1a: Chansey
|-heal|p1a: Chansey|359\/557
|move|p2a: Graveler|Body Slam|p1a: Chansey
|-damage|p1a: Chansey|278\/557
|
|turn|44
|choice|move 1|move 3
|
|move|p1a: Chansey|Soft-Boiled|p1a: Chansey
|-heal|p1a: Chansey|556\/557
|move|p2a: Graveler|Body Slam|p1a: Chansey
|-damage|p1a: Chansey|479\/557
|
|turn|45
|choice|move 3|move 3
|
|move|p1a: Chansey|Thunder Wave|p2a: Graveler
|-immune|p2a: Graveler|[msg]
|move|p2a: Graveler|Body Slam|p1a: Chansey
|-damage|p1a: Chansey|394\/557
|
|turn|46
|choice|move 2|move 3
|
|move|p1a: Chansey|Reflect|p1a: Chansey
|-fail|p1a: Chansey
|move|p2a: Graveler|Body Slam|p1a: Chansey
|-damage|p1a: Chansey|314\/557
|
|turn|47
|choice|move 3|move 3
|
|move|p1a: Chansey|Thunder Wave|p2a: Graveler
|-immune|p2a: Graveler|[msg]
|move|p2a: Graveler|Body Slam|p1a: Chansey
|-damage|p1a: Chansey|231\/557
|
|turn|48
|choice|move 4|move 3
|
|move|p1a: Chansey|Thunderbolt|p2a: Graveler
|-immune|p2a: Graveler|[msg]
|move|p2a: Graveler|Body Slam|p1a: Chansey|[miss]
|-miss|p2a: Graveler
|
|turn|49
|choice|move 1|move 3
|
|move|p1a: Chansey|Soft-Boiled|p1a: Chansey
|-heal|p1a: Chansey|509\/557
|move|p2a: Graveler|Body Slam|p1a: Chansey
|-crit|p1a: Chansey
|-damage|p1a: Chansey|203\/557
|
|turn|50
|choice|move 1|move 3
|
|move|p1a: Chansey|Soft-Boiled|p1a: Chansey
|-heal|p1a: Chansey|481\/557
|move|p2a: Graveler|Body Slam|p1a: Chansey
|-damage|p1a: Chansey|405\/557
|
|turn|51
|choice|move 4|move 3
|
|move|p1a: Chansey|Thunderbolt|p2a: Graveler
|-immune|p2a: Graveler|[msg]
|move|p2a: Graveler|Body Slam|p1a: Chansey
|-damage|p1a: Chansey|321\/557
|
|turn|52
|choice|move 3|move 3
|
|move|p1a: Chansey|Thunder Wave|p2a: Graveler
|-immune|p2a: Graveler|[msg]
|move|p2a: Graveler|Body Slam|p1a: Chansey
|-damage|p1a: Chansey|237\/557
|
|turn|53
|choice|move 2|move 3
|
|move|p1a: Chansey|Reflect|p1a: Chansey
|-fail|p1a: Chansey
|move|p2a: Graveler|Body Slam|p1a: Chansey
|-damage|p1a: Chansey|161\/557
|
|turn|54
|choice|move 1|move 3
|
|move|p1a: Chansey|Soft-Boiled|p1a: Chansey
|-heal|p1a: Chansey|439\/557
|move|p2a: Graveler|Body Slam|p1a: Chansey
|-damage|p1a: Chansey|360\/557
|
|turn|55
|choice|move 3|move 3
|
|move|p1a: Chansey|Thunder Wave|p2a: Graveler
|-immune|p2a: Graveler|[msg]
|move|p2a: Graveler|Body Slam|p1a: Chansey
|-damage|p1a: Chansey|272\/557
|
|turn|56
|choice|move 1|move 3
|
|move|p1a: Chansey|Soft-Boiled|p1a: Chansey
|-heal|p1a: Chansey|550\/557
|move|p2a: Graveler|Body Slam|p1a: Chansey
|-damage|p1a: Chansey|474\/557
|
|turn|57
|choice|move 2|move 3
|
|move|p1a: Chansey|Reflect|p1a: Chansey
|-fail|p1a: Chansey
|move|p2a: Graveler|Body Slam|p1a: Chansey
|-damage|p1a: Chansey|398\/557
|
|turn|58
|choice|move 2|move 3
|
|move|p1a: Chansey|Reflect|p1a: Chansey
|-fail|p1a: Chansey
|move|p2a: Graveler|Body Slam|p1a: Chansey
|-damage|p1a: Chansey|319\/557
|
|turn|59
|choice|move 4|move 3
|
|move|p1a: Chansey|Thunderbolt|p2a: Graveler
|-immune|p2a: Graveler|[msg]
|move|p2a: Graveler|Body Slam|p1a: Chansey
|-damage|p1a: Chansey|231\/557
|
|turn|60
|choice|move 1|move 3
|
|move|p1a: Chansey|Soft-Boiled|p1a: Chansey
|-heal|p1a: Chansey|509\/557
|move|p2a: Graveler|Body Slam|p1a: Chansey
|-damage|p1a: Chansey|427\/557
|
|turn|61
|choice|move 3|move 1
|
|move|p1a: Chansey|Thunder Wave|p2a: Graveler
|-immune|p2a: Graveler|[msg]
|move|p2a: Graveler|Rock Slide|p1a: Chansey
|-damage|p1a: Chansey|315\/557
|
|turn|62
|choice|move 3|move 2
|
|move|p1a: Chansey|Thunder Wave|p2a: Graveler
|-immune|p2a: Graveler|[msg]
|move|p2a: Graveler|Earthquake|p1a: Chansey
|-damage|p1a: Chansey|179\/557
|
|turn|63
|choice|move 1|move 2
|
|move|p1a: Chansey|Soft-Boiled|p1a: Chansey
|-heal|p1a: Chansey|457\/557
|move|p2a: Graveler|Earthquake|p1a: Chansey
|-damage|p1a: Chansey|310\/557
|
|turn|64
|choice|move 3|move 1
|
|move|p1a: Chansey|Thunder Wave|p2a: Graveler
|-immune|p2a: Graveler|[msg]
|move|p2a: Graveler|Rock Slide|p1a: Chansey
|-damage|p1a: Chansey|203\/557
|
|turn|65
|choice|move 4|move 1
|
|move|p1a: Chansey|Thunderbolt|p2a: Graveler
|-immune|p2a: Graveler|[msg]
|move|p2a: Graveler|Rock Slide|p1a: Chansey
|-damage|p1a: Chansey|87\/557
|
|turn|66
|choice|move 1|move 1
|
|move|p1a: Chansey|Soft-Boiled|p1a: Chansey
|-heal|p1a: Chansey|365\/557
|move|p2a: Graveler|Rock Slide|p1a: Chansey|[miss]
|-miss|p2a: Graveler
|
|turn|67
|choice|move 2|move 2
|
|move|p1a: Chansey|Reflect|p1a: Chansey
|-fail|p1a: Chansey
|move|p2a: Graveler|Earthquake|p1a: Chansey
|-damage|p1a: Chansey|225\/557
|
|turn|68
|choice|move 4|move 1
|
|move|p1a: Chansey|Thunderbolt|p2a: Graveler
|-immune|p2a: Graveler|[msg]
|move|p2a: Graveler|Rock Slide|p1a: Chansey
|-damage|p1a: Chansey|110\/557
|
|turn|69
|choice|move 1|move 2
|
|move|p1a: Chansey|Soft-Boiled|p1a: Chansey
|-heal|p1a: Chansey|388\/557
|move|p2a: Graveler|Earthquake|p1a: Chansey
|-damage|p1a: Chansey|245\/557
|
|turn|70
|choice|move 2|move 1
|
|move|p1a: Chansey|Reflect|p1a: Chansey
|-fail|p1a: Chansey
|move|p2a: Graveler|Rock Slide|p1a: Chansey
|-damage|p1a: Chansey|138\/557
|
|turn|71
|choice|move 2|move 2
|
|move|p1a: Chansey|Reflect|p1a: Chansey
|-fail|p1a: Chansey
|move|p2a: Graveler|Earthquake|p1a: Chansey
|-damage|p1a: Chansey|0 fnt
|faint|p1a: Chansey
|choice|switch 6|
|
|switch|p1a: Slowbro|Slowbro, L79|75\/312
|turn|72
|c|★theFrequencyMan|50 turns to kill a chansey
|choice|move 1|move 4
|
|move|p2a: Graveler|Explosion|p1a: Slowbro
|-damage|p1a: Slowbro|0 fnt
|faint|p1a: Slowbro
|faint|p2a: Graveler
|
|win|theFrequencyMan
|raw|Pietro Albuquerque's rating: 1349 &rarr; <strong>1318<\/strong><br \/>(-31 for losing)
|raw|theFrequencyMan's rating: 1133 &rarr; <strong>1172<\/strong><br \/>(+39 for winning)
|c|★Pietro Albuquerque|hahaha