|j|Evuelf
|j|Dice
|player|p1|Evuelf|157
|player|p2|Dice|134
|gametype|singles
|gen|1
|tier|[Gen 1] OU
|seed|
|rule|Sleep Clause Mod: Limit one foe put to sleep
|rule|Freeze Clause Mod: Limit one foe frozen
|rule|Species Clause: Limit one of each Pokémon
|rule|OHKO Clause: OHKO moves are banned
|rule|Evasion Moves Clause: Evasion moves are banned
|rule|HP Percentage Mod: HP is shown in percentages
|
|start
|switch|p1a: fuck ctc|Alakazam|100\/100
|switch|p2a: Alakazam|Alakazam|100\/100
|turn|1
|choice||
|
|move|p2a: Alakazam|Thunder Wave|p1a: fuck ctc
|-status|p1a: fuck ctc|par
|move|p1a: fuck ctc|Thunder Wave|p2a: Alakazam
|-status|p2a: Alakazam|par
|
|turn|2
|j|Cranham
|choice||
|
|move|p2a: Alakazam|Seismic Toss|p1a: fuck ctc
|-damage|p1a: fuck ctc|69\/100 par
|move|p1a: fuck ctc|Psychic|p2a: Alakazam
|-resisted|p2a: Alakazam
|-damage|p2a: Alakazam|83\/100 par
|
|turn|3
|j|shrang
|choice||
|
|move|p1a: fuck ctc|Psychic|p2a: Alakazam
|-crit|p2a: Alakazam
|-resisted|p2a: Alakazam
|-damage|p2a: Alakazam|51\/100 par
|-unboost|p2a: Alakazam|spd|1
|-unboost|p2a: Alakazam|spa|1
|move|p2a: Alakazam|Psychic|p1a: fuck ctc
|-crit|p1a: fuck ctc
|-resisted|p1a: fuck ctc
|-damage|p1a: fuck ctc|35\/100 par
|
|turn|4
|choice||
|
|cant|p1a: fuck ctc|par
|move|p2a: Alakazam|Recover|p2a: Alakazam
|-heal|p2a: Alakazam|100\/100 par
|
|turn|5
|c|★Evuelf|why u linked
|c|★Evuelf|i don't play rby
|c|★Dice|so everyone can u see lose
|c|★Evuelf|FK U
|c|★Dice|duh
|choice||
|
|move|p1a: fuck ctc|Recover|p1a: fuck ctc
|-heal|p1a: fuck ctc|85\/100 par
|move|p2a: Alakazam|Psychic|p1a: fuck ctc
|-resisted|p1a: fuck ctc
|-damage|p1a: fuck ctc|73\/100 par
|
|turn|6
|j|oopadoopa
|choice||
|
|move|p1a: fuck ctc|Psychic|p2a: Alakazam
|-resisted|p2a: Alakazam
|-damage|p2a: Alakazam|76\/100 par
|cant|p2a: Alakazam|par
|
|turn|7
|choice||
|
|move|p1a: fuck ctc|Psychic|p2a: Alakazam
|-resisted|p2a: Alakazam
|-damage|p2a: Alakazam|49\/100 par
|cant|p2a: Alakazam|par
|
|turn|8
|c|★Evuelf|-
|choice||
|
|move|p1a: fuck ctc|Psychic|p2a: Alakazam
|-resisted|p2a: Alakazam
|-damage|p2a: Alakazam|25\/100 par
|cant|p2a: Alakazam|par
|
|turn|9
|choice||
|
|switch|p2a: Chansey|Chansey|100\/100
|move|p1a: fuck ctc|Psychic|p2a: Chansey
|-damage|p2a: Chansey|82\/100
|
|turn|10
|c|@shrang|stoss now
|choice||
|
|move|p2a: Chansey|Ice Beam|p1a: fuck ctc
|-damage|p1a: fuck ctc|53\/100 par
|move|p1a: fuck ctc|Thunder Wave|p2a: Chansey
|-status|p2a: Chansey|par
|
|turn|11
|choice||
|
|switch|p2a: Snorlax|Snorlax|100\/100
|move|p1a: fuck ctc|Recover|p1a: fuck ctc
|-heal|p1a: fuck ctc|100\/100 par
|
|turn|12
|choice||
|
|switch|p1a: i don`t like|Exeggutor|100\/100
|move|p2a: Snorlax|Body Slam|p1a: i don`t like
|-damage|p1a: i don`t like|68\/100
|
|turn|13
|choice||
|
|move|p1a: i don`t like|Psychic|p2a: Snorlax
|-damage|p2a: Snorlax|68\/100
|-unboost|p2a: Snorlax|spd|1
|-unboost|p2a: Snorlax|spa|1
|move|p2a: Snorlax|Blizzard|p1a: i don`t like
|-supereffective|p1a: i don`t like
|-damage|p1a: i don`t like|49\/100
|
|turn|14
|choice||
|
|switch|p2a: Chansey|Chansey|82\/100 par
|move|p1a: i don`t like|Psychic|p2a: Chansey
|-damage|p2a: Chansey|65\/100 par
|-unboost|p2a: Chansey|spd|1
|-unboost|p2a: Chansey|spa|1
|
|turn|15
|choice||
|
|move|p1a: i don`t like|Psychic|p2a: Chansey
|-damage|p2a: Chansey|40\/100 par
|cant|p2a: Chansey|par
|
|turn|16
|choice||
|
|move|p1a: i don`t like|Psychic|p2a: Chansey
|-damage|p2a: Chansey|12\/100 par
|move|p2a: Chansey|Soft-Boiled|p2a: Chansey
|-heal|p2a: Chansey|62\/100 par
|
|turn|17
|choice||
|
|move|p1a: i don`t like|Psychic|p2a: Chansey
|-damage|p2a: Chansey|37\/100 par
|-unboost|p2a: Chansey|spd|1
|-unboost|p2a: Chansey|spa|1
|move|p2a: Chansey|Soft-Boiled|p2a: Chansey
|-heal|p2a: Chansey|87\/100 par
|
|turn|18
|choice||
|
|switch|p2a: Exeggutor|Exeggutor|100\/100
|move|p1a: i don`t like|Psychic|p2a: Exeggutor
|-resisted|p2a: Exeggutor
|-damage|p2a: Exeggutor|87\/100
|-unboost|p2a: Exeggutor|spd|1
|-unboost|p2a: Exeggutor|spa|1
|
|turn|19
|c|@shrang|rofl
|choice||
|
|move|p1a: i don`t like|Sleep Powder|p2a: Exeggutor
|-status|p2a: Exeggutor|slp
|-curestatus|p2a: Exeggutor|slp
|
|turn|20
|c|★Evuelf|?
|c|★Evuelf|LOL
|c|★Dice|1 turn sleep.
|c|★Evuelf|whatttttttttt
|c|★Dice|?
|choice||
|
|move|p2a: Exeggutor|Sleep Powder|p1a: i don`t like
|-status|p1a: i don`t like|slp
|-curestatus|p1a: i don`t like|slp
|
|turn|21
|c|★Evuelf|LOL
|c|@shrang|rol
|choice||
|
|switch|p2a: Alakazam|Alakazam|25\/100 par
|move|p1a: i don`t like|Sleep Powder|p2a: Alakazam|[miss]
|-miss|p1a: i don`t like
|
|turn|22
|choice||
|
|move|p1a: i don`t like|Double-Edge|p2a: Alakazam
|-crit|p2a: Alakazam
|-damage|p2a: Alakazam|0 fnt
|-damage|p1a: i don`t like|44\/100|[from] recoil|[of] p2a: Alakazam
|faint|p2a: Alakazam
|choice||
|
|switch|p2a: Zapdos|Zapdos|100\/100
|turn|23
|l|oopadoopa
|c|★Evuelf|oh no
|choice||
|
|switch|p1a: dat bitch|Chansey|100\/100
|move|p2a: Zapdos|Drill Peck|p1a: dat bitch
|-damage|p1a: dat bitch|67\/100
|
|turn|24
|choice||
|
|switch|p2a: Chansey|Chansey|87\/100 par
|move|p1a: dat bitch|Sing|p2a: Chansey
|-fail|p2a: Chansey
|
|turn|25
|choice||
|
|move|p1a: dat bitch|Seismic Toss|p2a: Chansey
|-damage|p2a: Chansey|73\/100 par
|cant|p2a: Chansey|par
|
|turn|26
|choice||
|
|move|p1a: dat bitch|Seismic Toss|p2a: Chansey
|-damage|p2a: Chansey|59\/100 par
|cant|p2a: Chansey|par
|
|turn|27
|choice||
|
|move|p1a: dat bitch|Seismic Toss|p2a: Chansey
|-damage|p2a: Chansey|44\/100 par
|move|p2a: Chansey|Soft-Boiled|p2a: Chansey
|-heal|p2a: Chansey|94\/100 par
|
|turn|28
|choice||
|
|move|p1a: dat bitch|Seismic Toss|p2a: Chansey
|-damage|p2a: Chansey|80\/100 par
|move|p2a: Chansey|Ice Beam|p1a: dat bitch
|-damage|p1a: dat bitch|56\/100
|
|turn|29
|choice||
|
|move|p1a: dat bitch|Soft-Boiled|p1a: dat bitch
|-heal|p1a: dat bitch|100\/100
|cant|p2a: Chansey|par
|
|turn|30
|choice||
|
|switch|p1a: fuck ctc|Alakazam|100\/100 par
|switch|p2a: Exeggutor|Exeggutor|87\/100
|
|turn|31
|c|★Evuelf|-
|choice||
|
|switch|p2a: Chansey|Chansey|80\/100 par
|move|p1a: fuck ctc|Thunder Wave|p2a: Chansey
|-fail|p2a: Chansey|par
|
|turn|32
|choice||
|
|move|p1a: fuck ctc|Psychic|p2a: Chansey
|-damage|p2a: Chansey|61\/100 par
|-unboost|p2a: Chansey|spd|1
|-unboost|p2a: Chansey|spa|1
|cant|p2a: Chansey|par
|
|turn|33
|choice||
|
|move|p1a: fuck ctc|Psychic|p2a: Chansey
|-crit|p2a: Chansey
|-damage|p2a: Chansey|26\/100 par
|-unboost|p2a: Chansey|spd|1
|-unboost|p2a: Chansey|spa|1
|move|p2a: Chansey|Soft-Boiled|p2a: Chansey
|-heal|p2a: Chansey|76\/100 par
|
|turn|34
|choice||
|
|switch|p2a: Exeggutor|Exeggutor|87\/100
|move|p1a: fuck ctc|Thunder Wave|p2a: Exeggutor
|-status|p2a: Exeggutor|par
|
|turn|35
|l|shrang
|choice||
|
|switch|p2a: Chansey|Chansey|76\/100 par
|move|p1a: fuck ctc|Seismic Toss|p2a: Chansey
|-damage|p2a: Chansey|62\/100 par
|
|turn|36
|choice||
|
|move|p1a: fuck ctc|Psychic|p2a: Chansey
|-damage|p2a: Chansey|44\/100 par
|-unboost|p2a: Chansey|spd|1
|-unboost|p2a: Chansey|spa|1
|move|p2a: Chansey|Soft-Boiled|p2a: Chansey
|-heal|p2a: Chansey|94\/100 par
|
|turn|37
|choice||
|
|switch|p2a: Exeggutor|Exeggutor|87\/100 par
|move|p1a: fuck ctc|Psychic|p2a: Exeggutor
|-resisted|p2a: Exeggutor
|-damage|p2a: Exeggutor|74\/100 par
|
|turn|38
|choice||
|
|switch|p2a: Chansey|Chansey|94\/100 par
|move|p1a: fuck ctc|Seismic Toss|p2a: Chansey
|-damage|p2a: Chansey|79\/100 par
|
|turn|39
|j|Dilwar
|choice||
|
|move|p1a: fuck ctc|Psychic|p2a: Chansey
|-damage|p2a: Chansey|62\/100 par
|move|p2a: Chansey|Ice Beam|p1a: fuck ctc
|-damage|p1a: fuck ctc|82\/100 par
|
|turn|40
|j|swank on her face
|choice||
|
|cant|p1a: fuck ctc|par
|move|p2a: Chansey|Soft-Boiled|p2a: Chansey
|-heal|p2a: Chansey|100\/100 par
|
|turn|41
|choice||
|
|move|p1a: fuck ctc|Seismic Toss|p2a: Chansey
|-damage|p2a: Chansey|86\/100 par
|move|p2a: Chansey|Thunderbolt|p1a: fuck ctc
|-damage|p1a: fuck ctc|61\/100 par
|
|turn|42
|choice||
|
|switch|p2a: Snorlax|Snorlax|68\/100
|move|p1a: fuck ctc|Psychic|p2a: Snorlax
|-damage|p2a: Snorlax|33\/100
|
|turn|43
|l|Dilwar
|choice||
|
|switch|p1a: i don`t like|Exeggutor|44\/100
|move|p2a: Snorlax|Body Slam|p1a: i don`t like
|-damage|p1a: i don`t like|12\/100
|
|turn|44
|j|8-bit CPU
|choice||
|
|switch|p2a: Exeggutor|Exeggutor|74\/100 par
|move|p1a: i don`t like|Explosion|p2a: Exeggutor
|-damage|p2a: Exeggutor|0 fnt
|faint|p2a: Exeggutor
|faint|p1a: i don`t like
|l|8-bit CPU
|choice||
|
|switch|p2a: Chansey|Chansey|86\/100 par
|switch|p1a: we in dis|Snorlax|100\/100
|turn|45
|choice||
|
|switch|p1a: fuck ctc|Alakazam|61\/100 par
|move|p2a: Chansey|Thunder Wave|p1a: fuck ctc
|-fail|p1a: fuck ctc|par
|
|turn|46
|choice||
|
|switch|p2a: Snorlax|Snorlax|33\/100
|move|p1a: fuck ctc|Recover|p1a: fuck ctc
|-heal|p1a: fuck ctc|100\/100 par
|
|turn|47
|choice||
|
|move|p2a: Snorlax|Self-Destruct|p1a: fuck ctc
|-damage|p1a: fuck ctc|0 fnt
|faint|p1a: fuck ctc
|faint|p2a: Snorlax
|j|Beastmo
|choice||
|
|switch|p2a: Chansey|Chansey|86\/100 par
|switch|p1a: we in dis|Snorlax|100\/100
|turn|48
|choice||
|
|move|p1a: we in dis|Body Slam|p2a: Chansey
|-damage|p2a: Chansey|44\/100 par
|move|p2a: Chansey|Thunder Wave|p1a: we in dis
|-status|p1a: we in dis|par
|
|turn|49
|c| Beastmo|?
|choice||
|
|cant|p2a: Chansey|par
|move|p1a: we in dis|Body Slam|p2a: Chansey
|-crit|p2a: Chansey
|-damage|p2a: Chansey|0 fnt
|faint|p2a: Chansey
|c| Beastmo|what is this room?
|choice||
|
|switch|p2a: Zapdos|Zapdos|100\/100
|turn|50
|choice||
|
|move|p2a: Zapdos|Thunderbolt|p1a: we in dis
|-damage|p1a: we in dis|67\/100 par
|cant|p1a: we in dis|par
|
|turn|51
|choice||
|
|move|p2a: Zapdos|Thunderbolt|p1a: we in dis
|-crit|p1a: we in dis
|-damage|p1a: we in dis|4\/100 par
|move|p1a: we in dis|Body Slam|p2a: Zapdos
|-damage|p2a: Zapdos|72\/100
|-status|p2a: Zapdos|par
|
|turn|52
|choice||
|
|switch|p1a: dat bitch|Chansey|100\/100
|move|p2a: Zapdos|Agility|p2a: Zapdos
|-boost|p2a: Zapdos|spe|2
|
|turn|53
|choice||
|
|move|p2a: Zapdos|Thunder Wave|p1a: dat bitch
|-status|p1a: dat bitch|par
|move|p1a: dat bitch|Seismic Toss|p2a: Zapdos
|-damage|p2a: Zapdos|46\/100 par
|
|turn|54
|choice||
|
|move|p2a: Zapdos|Drill Peck|p1a: dat bitch
|-damage|p1a: dat bitch|65\/100 par
|move|p1a: dat bitch|Seismic Toss|p2a: Zapdos
|-damage|p2a: Zapdos|20\/100 par
|
|turn|55
|choice||
|
|move|p2a: Zapdos|Drill Peck|p1a: dat bitch
|-damage|p1a: dat bitch|33\/100 par
|move|p1a: dat bitch|Soft-Boiled|p1a: dat bitch
|-heal|p1a: dat bitch|82\/100 par
|
|turn|56
|choice||
|
|move|p2a: Zapdos|Drill Peck|p1a: dat bitch
|-damage|p1a: dat bitch|50\/100 par
|move|p1a: dat bitch|Soft-Boiled|p1a: dat bitch
|-heal|p1a: dat bitch|99\/100 par
|
|turn|57
|choice||
|
|move|p2a: Zapdos|Drill Peck|p1a: dat bitch
|-crit|p1a: dat bitch
|-damage|p1a: dat bitch|34\/100 par
|move|p1a: dat bitch|Seismic Toss|p2a: Zapdos
|-damage|p2a: Zapdos|0 fnt
|faint|p2a: Zapdos
|choice||
|
|switch|p2a: Tauros|Tauros|100\/100
|turn|58
|choice||
|
|move|p2a: Tauros|Body Slam|p1a: dat bitch
|-damage|p1a: dat bitch|0 fnt
|faint|p1a: dat bitch
|choice||
|
|switch|p1a: bang bang|Starmie|100\/100
|turn|59
|choice||
|
|move|p1a: bang bang|Thunder Wave|p2a: Tauros
|-status|p2a: Tauros|par
|move|p2a: Tauros|Body Slam|p1a: bang bang
|-damage|p1a: bang bang|68\/100
|-status|p1a: bang bang|par
|
|turn|60
|choice||
|
|move|p1a: bang bang|Blizzard|p2a: Tauros
|-damage|p2a: Tauros|65\/100 par
|move|p2a: Tauros|Hyper Beam|p1a: bang bang
|-damage|p1a: bang bang|8\/100 par
|
|turn|61
|-mustrecharge|p2a: Tauros
|-mustrecharge|p2a: Tauros
|choice||
|
|move|p1a: bang bang|Blizzard|p2a: Tauros
|-damage|p2a: Tauros|32\/100 par
|cant|p2a: Tauros|recharge
|
|turn|62
|choice||
|
|cant|p1a: bang bang|par
|move|p2a: Tauros|Body Slam|p1a: bang bang
|-damage|p1a: bang bang|0 fnt
|faint|p1a: bang bang
|choice||
|
|switch|p1a: yung βαZ^dL0RD|Tauros|100\/100
|turn|63
|c|★Dice|miss
|choice||
|
|move|p1a: yung βαZ^dL0RD|Body Slam|p2a: Tauros
|-damage|p2a: Tauros|2\/100 par
|move|p2a: Tauros|Hyper Beam|p1a: yung βαZ^dL0RD|[miss]
|-miss|p2a: Tauros
|
|turn|64
|c|★Evuelf|gg noob
|c|★Dice|ur the worst
|choice||
|
|move|p1a: yung βαZ^dL0RD|Hyper Beam|p2a: Tauros
|-damage|p2a: Tauros|0 fnt
|faint|p2a: Tauros
|
|win|Evuelf
|player|p1
|player|p2
|c|★Evuelf|-
|c|★Dice|got haxed
|c|★Dice|-
|l|Dice
|l|Evuelf
|l|Cranham
|j|Ratdoto Bestdoto
|j|Evuelf