|j|Sergy el Baron
|j|baumgartner
|player|p1|Sergy el Baron|238
|player|p2|baumgartner|29
|gametype|singles
|gen|1
|tier|[Gen 1] OU
|rated
|seed|
|rule|Sleep Clause Mod: Limit one foe put to sleep
|rule|Freeze Clause Mod: Limit one foe frozen
|rule|Species Clause: Limit one of each Pokémon
|rule|OHKO Clause: OHKO moves are banned
|rule|Evasion Moves Clause: Evasion moves are banned
|rule|HP Percentage Mod: HP is shown in percentages
|
|start
|switch|p1a: Barney|Slowbro|100\/100
|switch|p2a: Dodrio|Dodrio|100\/100
|turn|1
|choice||
|
|switch|p2a: Chansey|Chansey|100\/100
|move|p1a: Barney|Thunder Wave|p2a: Chansey
|-status|p2a: Chansey|par
|
|turn|2
|choice||
|
|move|p1a: Barney|Amnesia|p1a: Barney
|-boost|p1a: Barney|spd|2
|-boost|p1a: Barney|spa|2
|cant|p2a: Chansey|par
|
|turn|3
|choice||
|
|move|p1a: Barney|Amnesia|p1a: Barney
|-boost|p1a: Barney|spd|2
|-boost|p1a: Barney|spa|2
|move|p2a: Chansey|Ice Beam|p1a: Barney
|-resisted|p1a: Barney
|-damage|p1a: Barney|97\/100
|
|turn|4
|choice||
|
|move|p1a: Barney|Amnesia|p1a: Barney
|-boost|p1a: Barney|spd|2
|-boost|p1a: Barney|spa|2
|cant|p2a: Chansey|par
|
|turn|5
|choice||
|
|move|p1a: Barney|Surf|p2a: Chansey
|-crit|p2a: Chansey
|-damage|p2a: Chansey|73\/100 par
|move|p2a: Chansey|Ice Beam|p1a: Barney
|-resisted|p1a: Barney
|-damage|p1a: Barney|94\/100
|
|turn|6
|choice||
|
|switch|p2a: Exeggutor|Exeggutor|100\/100
|move|p1a: Barney|Surf|p2a: Exeggutor
|-resisted|p2a: Exeggutor
|-damage|p2a: Exeggutor|57\/100
|
|turn|7
|choice||
|
|move|p2a: Exeggutor|Sleep Powder|p1a: Barney|[miss]
|-miss|p2a: Exeggutor
|move|p1a: Barney|Thunder Wave|p2a: Exeggutor
|-status|p2a: Exeggutor|par
|
|turn|8
|choice||
|
|move|p1a: Barney|Surf|p2a: Exeggutor
|-crit|p2a: Exeggutor
|-resisted|p2a: Exeggutor
|-damage|p2a: Exeggutor|36\/100 par
|cant|p2a: Exeggutor|par
|
|turn|9
|choice||
|
|move|p1a: Barney|Surf|p2a: Exeggutor
|-crit|p2a: Exeggutor
|-resisted|p2a: Exeggutor
|-damage|p2a: Exeggutor|15\/100 par
|move|p2a: Exeggutor|Explosion|p1a: Barney
|-damage|p1a: Barney|30\/100
|faint|p2a: Exeggutor
|choice||
|
|switch|p2a: Persian|Persian|100\/100
|turn|10
|choice||
|
|move|p2a: Persian|Slash|p1a: Barney
|-crit|p1a: Barney
|-damage|p1a: Barney|0 fnt
|faint|p1a: Barney
|choice||
|
|switch|p1a: Cocotero|Exeggutor|100\/100
|turn|11
|choice||
|
|switch|p2a: Chansey|Chansey|73\/100 par
|move|p1a: Cocotero|Sleep Powder|p2a: Chansey
|-fail|p2a: Chansey
|
|turn|12
|choice||
|
|switch|p2a: Dodrio|Dodrio|100\/100
|move|p1a: Cocotero|Psychic|p2a: Dodrio
|-damage|p2a: Dodrio|45\/100
|
|turn|13
|choice||
|
|switch|p1a: Rhyno|Rhydon|100\/100
|move|p2a: Dodrio|Drill Peck|p1a: Rhyno
|-crit|p1a: Rhyno
|-resisted|p1a: Rhyno
|-damage|p1a: Rhyno|80\/100
|
|turn|14
|choice||
|
|switch|p2a: Golem|Golem|100\/100
|move|p1a: Rhyno|Substitute|p1a: Rhyno
|-start|p1a: Rhyno|Substitute
|-damage|p1a: Rhyno|55\/100
|
|turn|15
|choice||
|
|move|p2a: Golem|Earthquake|p1a: Rhyno
|-supereffective|p1a: Rhyno
|-end|p1a: Rhyno|Substitute
|move|p1a: Rhyno|Earthquake|p2a: Golem
|-supereffective|p2a: Golem
|-damage|p2a: Golem|38\/100
|
|turn|16
|choice||
|
|switch|p1a: Cocotero|Exeggutor|100\/100
|move|p2a: Golem|Earthquake|p1a: Cocotero
|-resisted|p1a: Cocotero
|-damage|p1a: Cocotero|83\/100
|
|turn|17
|choice||
|
|switch|p2a: Chansey|Chansey|73\/100 par
|move|p1a: Cocotero|Psychic|p2a: Chansey
|-damage|p2a: Chansey|56\/100 par
|
|turn|18
|choice||
|
|move|p1a: Cocotero|Psychic|p2a: Chansey
|-damage|p2a: Chansey|39\/100 par
|-unboost|p2a: Chansey|spd|1
|-unboost|p2a: Chansey|spa|1
|cant|p2a: Chansey|par
|
|turn|19
|choice||
|
|move|p1a: Cocotero|Psychic|p2a: Chansey
|-damage|p2a: Chansey|15\/100 par
|move|p2a: Chansey|Soft-Boiled|p2a: Chansey
|-heal|p2a: Chansey|65\/100 par
|
|turn|20
|choice||
|
|move|p1a: Cocotero|Psychic|p2a: Chansey
|-damage|p2a: Chansey|39\/100 par
|cant|p2a: Chansey|par
|
|turn|21
|choice||
|
|move|p1a: Cocotero|Psychic|p2a: Chansey
|-damage|p2a: Chansey|12\/100 par
|move|p2a: Chansey|Soft-Boiled|p2a: Chansey
|-heal|p2a: Chansey|62\/100 par
|
|turn|22
|choice||
|
|move|p1a: Cocotero|Psychic|p2a: Chansey
|-damage|p2a: Chansey|37\/100 par
|move|p2a: Chansey|Soft-Boiled|p2a: Chansey
|-heal|p2a: Chansey|87\/100 par
|
|turn|23
|choice||
|
|move|p1a: Cocotero|Psychic|p2a: Chansey
|-damage|p2a: Chansey|61\/100 par
|move|p2a: Chansey|Ice Beam|p1a: Cocotero
|-supereffective|p1a: Cocotero
|-damage|p1a: Cocotero|62\/100
|
|turn|24
|choice||
|
|move|p1a: Cocotero|Psychic|p2a: Chansey
|-damage|p2a: Chansey|34\/100 par
|-unboost|p2a: Chansey|spd|1
|-unboost|p2a: Chansey|spa|1
|cant|p2a: Chansey|par
|
|turn|25
|choice||
|
|move|p1a: Cocotero|Psychic|p2a: Chansey
|-damage|p2a: Chansey|1\/100 par
|move|p2a: Chansey|Thunder Wave|p1a: Cocotero
|-status|p1a: Cocotero|par
|
|turn|26
|choice||
|
|cant|p1a: Cocotero|par
|move|p2a: Chansey|Soft-Boiled|p2a: Chansey
|-heal|p2a: Chansey|51\/100 par
|
|turn|27
|choice||
|
|move|p1a: Cocotero|Psychic|p2a: Chansey
|-damage|p2a: Chansey|19\/100 par
|move|p2a: Chansey|Ice Beam|p1a: Cocotero
|-supereffective|p1a: Cocotero
|-damage|p1a: Cocotero|45\/100 par
|
|turn|28
|choice||
|
|move|p1a: Cocotero|Psychic|p2a: Chansey
|-damage|p2a: Chansey|0 fnt
|faint|p2a: Chansey
|choice||
|
|switch|p2a: Dodrio|Dodrio|45\/100
|turn|29
|choice||
|
|switch|p2a: Persian|Persian|100\/100
|switch|p1a: Rhyno|Rhydon|55\/100
|
|turn|30
|choice||
|
|switch|p1a: Chispas|Jolteon|100\/100
|move|p2a: Persian|Bubble Beam|p1a: Chispas
|-damage|p1a: Chispas|89\/100
|
|turn|31
|choice||
|
|switch|p2a: Golem|Golem|38\/100
|move|p1a: Chispas|Body Slam|p2a: Golem
|-resisted|p2a: Golem
|-damage|p2a: Golem|32\/100
|
|turn|32
|choice||
|
|switch|p1a: Cocotero|Exeggutor|45\/100 par
|move|p2a: Golem|Rock Slide|p1a: Cocotero
|-damage|p1a: Cocotero|17\/100 par
|
|turn|33
|choice||
|
|move|p2a: Golem|Body Slam|p1a: Cocotero
|-damage|p1a: Cocotero|0 fnt
|faint|p1a: Cocotero
|choice||
|
|switch|p1a: Gordito|Snorlax|100\/100
|turn|34
|choice||
|
|switch|p2a: Dodrio|Dodrio|45\/100
|switch|p1a: Rhyno|Rhydon|55\/100
|
|turn|35
|choice||
|
|switch|p2a: Persian|Persian|100\/100
|move|p1a: Rhyno|Substitute|p1a: Rhyno
|-start|p1a: Rhyno|Substitute
|-damage|p1a: Rhyno|31\/100
|
|turn|36
|choice||
|
|move|p2a: Persian|Bubble Beam|p1a: Rhyno
|-supereffective|p1a: Rhyno
|-end|p1a: Rhyno|Substitute
|move|p1a: Rhyno|Body Slam|p2a: Persian
|-damage|p2a: Persian|68\/100
|
|turn|37
|choice||
|
|move|p2a: Persian|Slash|p1a: Rhyno
|-crit|p1a: Rhyno
|-resisted|p1a: Rhyno
|-damage|p1a: Rhyno|18\/100
|move|p1a: Rhyno|Earthquake|p2a: Persian
|-damage|p2a: Persian|7\/100
|
|turn|38
|choice||
|
|move|p2a: Persian|Bubble Beam|p1a: Rhyno
|-crit|p1a: Rhyno
|-supereffective|p1a: Rhyno
|-damage|p1a: Rhyno|0 fnt
|faint|p1a: Rhyno
|choice||
|
|switch|p1a: Gordito|Snorlax|100\/100
|turn|39
|choice||
|
|move|p2a: Persian|Hyper Beam|p1a: Gordito
|-damage|p1a: Gordito|63\/100
|move|p1a: Gordito|Ice Beam|p2a: Persian
|-damage|p2a: Persian|0 fnt
|faint|p2a: Persian
|choice||
|
|switch|p2a: Dodrio|Dodrio|45\/100
|turn|40
|choice||
|
|move|p2a: Dodrio|Hyper Beam|p1a: Gordito|[miss]
|-miss|p2a: Dodrio
|move|p1a: Gordito|Rest|p1a: Gordito
|-status|p1a: Gordito|slp
|-heal|p1a: Gordito|100\/100 slp|[silent]
|-status|p1a: Gordito|slp|[from] move: Rest
|
|turn|41
|choice||
|
|move|p2a: Dodrio|Body Slam|p1a: Gordito
|-damage|p1a: Gordito|73\/100 slp
|cant|p1a: Gordito|slp
|
|turn|42
|choice||
|
|move|p2a: Dodrio|Body Slam|p1a: Gordito
|-damage|p1a: Gordito|47\/100 slp
|-curestatus|p1a: Gordito|slp
|
|turn|43
|choice||
|
|move|p2a: Dodrio|Hyper Beam|p1a: Gordito
|-damage|p1a: Gordito|2\/100
|move|p1a: Gordito|Rest|p1a: Gordito
|-status|p1a: Gordito|slp
|-heal|p1a: Gordito|100\/100 slp|[silent]
|-status|p1a: Gordito|slp|[from] move: Rest
|
|turn|44
|-mustrecharge|p2a: Dodrio
|j|bgnnr1
|l|bgnnr1
|c|★baumgartner|ill crit you before i runn out of pp lol
|-mustrecharge|p2a: Dodrio
|choice||
|
|cant|p2a: Dodrio|recharge
|cant|p1a: Gordito|slp
|
|turn|45
|choice||
|
|move|p2a: Dodrio|Body Slam|p1a: Gordito
|-damage|p1a: Gordito|72\/100 slp
|-curestatus|p1a: Gordito|slp
|
|turn|46
|choice||
|
|move|p2a: Dodrio|Hyper Beam|p1a: Gordito
|-damage|p1a: Gordito|24\/100
|move|p1a: Gordito|Ice Beam|p2a: Dodrio
|-supereffective|p2a: Dodrio
|-damage|p2a: Dodrio|0 fnt
|faint|p2a: Dodrio
|choice||
|
|switch|p2a: Tauros|Tauros|100\/100
|turn|47
|choice||
|
|move|p2a: Tauros|Body Slam|p1a: Gordito
|-damage|p1a: Gordito|0 fnt
|faint|p1a: Gordito
|choice||
|
|switch|p1a: Chorizord|Charizard|100\/100
|turn|48
|choice||
|
|move|p2a: Tauros|Blizzard|p1a: Chorizord
|-supereffective|p1a: Chorizord
|-damage|p1a: Chorizord|54\/100
|move|p1a: Chorizord|Fire Blast|p2a: Tauros
|-crit|p2a: Tauros
|-damage|p2a: Tauros|14\/100
|-status|p2a: Tauros|brn
|
|turn|49
|choice||
|
|switch|p1a: Chispas|Jolteon|89\/100
|move|p2a: Tauros|Blizzard|p1a: Chispas
|-damage|p1a: Chispas|67\/100
|-status|p1a: Chispas|frz
|-damage|p2a: Tauros|8\/100 brn|[from] brn|[of] p1a: Chispas
|
|turn|50
|choice||
|
|switch|p2a: Golem|Golem|32\/100
|cant|p1a: Chispas|frz
|
|turn|51
|choice||
|
|cant|p1a: Chispas|frz
|move|p2a: Golem|Rock Slide|p1a: Chispas
|-damage|p1a: Chispas|27\/100 frz
|
|turn|52
|choice||
|
|cant|p1a: Chispas|frz
|move|p2a: Golem|Rock Slide|p1a: Chispas
|-damage|p1a: Chispas|0 fnt
|faint|p1a: Chispas
|choice||
|
|switch|p1a: Chorizord|Charizard|54\/100
|turn|53
|j|somadbro
|choice||
|
|move|p1a: Chorizord|Earthquake|p2a: Golem
|-supereffective|p2a: Golem
|-damage|p2a: Golem|1\/100
|move|p2a: Golem|Explosion|p1a: Chorizord
|-damage|p1a: Chorizord|0 fnt
|faint|p1a: Chorizord
|faint|p2a: Golem
|
|win|baumgartner
|player|p1
|player|p2
|raw|Sergy el Baron's rating: 1338 &rarr; <strong>1315<\/strong><br \/>(-23 for losing)
|raw|baumgartner's rating: 1282 &rarr; <strong>1311<\/strong><br \/>(+29 for winning)
|c|★Sergy el Baron|hax
|c|★Sergy el Baron|bg
|l|Sergy el Baron
|c|★baumgartner|really