|j|People Are Mean
|j|Subject Platinum
|player|p1|People Are Mean|113
|player|p2|Subject Platinum|170
|gametype|singles
|gen|1
|tier|[Gen 1] Random Battle
|rated
|seed|59093,33034,28109,24470
|rule|Sleep Clause Mod: Limit one foe put to sleep
|rule|Freeze Clause Mod: Limit one foe frozen
|rule|HP Percentage Mod: HP is shown in percentages
|
|start
|switch|p1a: Machoke|Machoke, L85|310\/310
|switch|p2a: Hypno|Hypno, L85|318\/318
|turn|1
|choice|switch 2|move 1
|
|switch|p1a: Dragonair|Dragonair, L85|277\/277
|move|p2a: Hypno|Psychic|p1a: Dragonair
|-damage|p1a: Dragonair|154\/277
|
|turn|2
|choice|move 4|move 1
|
|move|p1a: Dragonair|Body Slam|p2a: Hypno
|-damage|p2a: Hypno|255\/318
|move|p2a: Hypno|Psychic|p1a: Dragonair
|-damage|p1a: Dragonair|27\/277
|-unboost|p1a: Dragonair|spd|1
|-unboost|p1a: Dragonair|spa|1
|
|turn|3
|choice|move 4|move 1
|
|move|p1a: Dragonair|Body Slam|p2a: Hypno
|-damage|p2a: Hypno|193\/318
|move|p2a: Hypno|Psychic|p1a: Dragonair
|-crit|p1a: Dragonair
|-damage|p1a: Dragonair|0 fnt
|faint|p1a: Dragonair
|choice|switch 4|
|
|switch|p1a: Chansey|Chansey, L79|557\/557
|turn|4
|choice|move 4|move 1
|
|move|p2a: Hypno|Psychic|p1a: Chansey
|-damage|p1a: Chansey|456\/557
|move|p1a: Chansey|Ice Beam|p2a: Hypno
|-damage|p2a: Hypno|138\/318
|
|turn|5
|choice|move 4|move 1
|
|move|p2a: Hypno|Psychic|p1a: Chansey
|-damage|p1a: Chansey|357\/557
|move|p1a: Chansey|Ice Beam|p2a: Hypno
|-damage|p2a: Hypno|83\/318
|
|turn|6
|choice|move 4|move 1
|
|move|p2a: Hypno|Psychic|p1a: Chansey
|-damage|p1a: Chansey|256\/557
|-unboost|p1a: Chansey|spd|1
|-unboost|p1a: Chansey|spa|1
|move|p1a: Chansey|Ice Beam|p2a: Hypno
|-damage|p2a: Hypno|50\/318
|-status|p2a: Hypno|frz
|
|turn|7
|choice|move 1|switch 5
|
|switch|p2a: Lapras|Lapras, L79|367\/367
|move|p1a: Chansey|Soft-Boiled|p1a: Chansey
|-heal|p1a: Chansey|534\/557
|
|turn|8
|choice|switch 3|move 1
|
|switch|p1a: Kingler|Kingler, L85|267\/267
|move|p2a: Lapras|Confuse Ray|p1a: Kingler
|-start|p1a: Kingler|confusion
|
|turn|9
|choice|switch 3|move 2
|
|switch|p1a: Chansey|Chansey, L79|534\/557
|move|p2a: Lapras|Body Slam|p1a: Chansey
|-damage|p1a: Chansey|397\/557
|
|turn|10
|choice|move 2|move 1
|
|move|p2a: Lapras|Confuse Ray|p1a: Chansey
|-start|p1a: Chansey|confusion
|-activate|p1a: Chansey|confusion
|move|p1a: Chansey|Thunderbolt|p2a: Lapras
|-supereffective|p2a: Lapras
|-damage|p2a: Lapras|235\/367
|
|turn|11
|choice|move 2|switch 4
|
|switch|p2a: Tangela|Tangela, L85|284\/284
|-activate|p1a: Chansey|confusion
|move|p1a: Chansey|Thunderbolt|p2a: Tangela
|-resisted|p2a: Tangela
|-damage|p2a: Tangela|258\/284
|
|turn|12
|choice|move 4|move 2
|
|move|p2a: Tangela|Swords Dance|p2a: Tangela
|-boost|p2a: Tangela|atk|2
|-end|p1a: Chansey|confusion
|move|p1a: Chansey|Ice Beam|p2a: Tangela
|-supereffective|p2a: Tangela
|-damage|p2a: Tangela|149\/284
|
|turn|13
|choice|move 4|move 4
|
|move|p2a: Tangela|Body Slam|p1a: Chansey
|-damage|p1a: Chansey|169\/557
|move|p1a: Chansey|Ice Beam|p2a: Tangela
|-supereffective|p2a: Tangela
|-damage|p2a: Tangela|25\/284
|
|turn|14
|choice|switch 6|move 4
|
|switch|p1a: Weezing|Weezing, L90|300\/300
|move|p2a: Tangela|Body Slam|p1a: Weezing
|-damage|p1a: Weezing|237\/300
|-status|p1a: Weezing|par
|
|turn|15
|choice|move 2|move 3
|
|move|p2a: Tangela|Hyper Beam|p1a: Weezing
|-damage|p1a: Weezing|127\/300 par
|move|p1a: Weezing|Sludge|p2a: Tangela
|-supereffective|p2a: Tangela
|-damage|p2a: Tangela|0 fnt
|faint|p2a: Tangela
|choice||switch 6
|
|switch|p2a: Mr. Mime|Mr. Mime, L85|242\/242
|turn|16
|choice|move 1|move 3
|
|move|p2a: Mr. Mime|Psychic|p1a: Weezing
|-supereffective|p1a: Weezing
|-damage|p1a: Weezing|0 fnt
|faint|p1a: Weezing
|choice|switch 3|
|
|switch|p1a: Kingler|Kingler, L85|267\/267
|turn|17
|choice|move 4|move 2
|
|move|p2a: Mr. Mime|Thunder Wave|p1a: Kingler
|-status|p1a: Kingler|par
|move|p1a: Kingler|Body Slam|p2a: Mr. Mime
|-damage|p2a: Mr. Mime|150\/242
|
|turn|18
|choice|move 3|switch 3
|
|switch|p2a: Gengar|Gengar, L79|257\/257
|move|p1a: Kingler|Hyper Beam|p2a: Gengar
|-immune|p2a: Gengar|[msg]
|
|turn|19
|choice|move 1|move 3
|
|move|p2a: Gengar|Thunderbolt|p1a: Kingler
|-supereffective|p1a: Kingler
|-damage|p1a: Kingler|79\/267 par
|cant|p1a: Kingler|par
|
|turn|20
|choice|move 1|move 3
|
|move|p2a: Gengar|Thunderbolt|p1a: Kingler
|-supereffective|p1a: Kingler
|-damage|p1a: Kingler|0 fnt
|faint|p1a: Kingler
|choice|switch 6|
|
|switch|p1a: Chansey|Chansey, L79|169\/557
|turn|21
|choice|move 1|move 1
|
|move|p2a: Gengar|Hypnosis|p1a: Chansey|[miss]
|-miss|p2a: Gengar
|move|p1a: Chansey|Soft-Boiled|p1a: Chansey
|-heal|p1a: Chansey|447\/557
|
|turn|22
|choice|switch 2|move 1
|
|switch|p1a: Machoke|Machoke, L85|310\/310
|move|p2a: Gengar|Hypnosis|p1a: Machoke
|-status|p1a: Machoke|slp
|
|turn|23
|choice|switch 2|move 2
|
|switch|p1a: Chansey|Chansey, L79|447\/557
|move|p2a: Gengar|Psychic|p1a: Chansey
|-damage|p1a: Chansey|384\/557
|-unboost|p1a: Chansey|spd|1
|-unboost|p1a: Chansey|spa|1
|
|turn|24
|choice|move 4|move 4
|
|move|p2a: Gengar|Explosion|p1a: Chansey
|-damage|p1a: Chansey|0 fnt
|faint|p1a: Chansey
|faint|p2a: Gengar
|choice|switch 5|switch 2
|
|switch|p1a: Aerodactyl|Aerodactyl, L90|327\/327
|switch|p2a: Golbat|Golbat, L90|318\/318
|turn|25
|choice|move 1|move 4
|
|move|p1a: Aerodactyl|Double-Edge|p2a: Golbat
|-damage|p2a: Golbat|231\/318
|-damage|p1a: Aerodactyl|306\/327|[from] recoil|[of] p2a: Golbat
|move|p2a: Golbat|Confuse Ray|p1a: Aerodactyl
|-start|p1a: Aerodactyl|confusion
|
|turn|26
|choice|switch 2|move 3
|
|switch|p1a: Machoke|Machoke, L85|310\/310 slp
|move|p2a: Golbat|Mega Drain|p1a: Machoke
|-damage|p1a: Machoke|271\/310 slp
|-heal|p2a: Golbat|250\/318|[from] drain|[of] p1a: Machoke
|
|turn|27
|choice|move 3|move 1
|
|move|p2a: Golbat|Double-Edge|p1a: Machoke
|-damage|p1a: Machoke|184\/310 slp
|-damage|p2a: Golbat|229\/318|[from] recoil|[of] p1a: Machoke
|cant|p1a: Machoke|slp
|
|turn|28
|choice|move 3|move 1
|
|move|p2a: Golbat|Double-Edge|p1a: Machoke
|-damage|p1a: Machoke|98\/310 slp
|-damage|p2a: Golbat|208\/318|[from] recoil|[of] p1a: Machoke
|cant|p1a: Machoke|slp
|
|turn|29
|choice|move 3|move 1
|
|move|p2a: Golbat|Double-Edge|p1a: Machoke
|-crit|p1a: Machoke
|-damage|p1a: Machoke|0 fnt
|-damage|p2a: Golbat|184\/318|[from] recoil|[of] p1a: Machoke
|faint|p1a: Machoke
|choice|switch 2|
|
|switch|p1a: Aerodactyl|Aerodactyl, L90|306\/327
|turn|30
|choice|move 1|move 4
|
|move|p1a: Aerodactyl|Double-Edge|p2a: Golbat
|-damage|p2a: Golbat|84\/318
|-damage|p1a: Aerodactyl|281\/327|[from] recoil|[of] p2a: Golbat
|move|p2a: Golbat|Confuse Ray|p1a: Aerodactyl
|-start|p1a: Aerodactyl|confusion
|
|turn|31
|choice|move 1|move 3
|
|-activate|p1a: Aerodactyl|confusion
|move|p1a: Aerodactyl|Double-Edge|p2a: Golbat
|-damage|p2a: Golbat|0 fnt
|-damage|p1a: Aerodactyl|260\/327|[from] recoil|[of] p2a: Golbat
|faint|p2a: Golbat
|choice||switch 3
|
|switch|p2a: Mr. Mime|Mr. Mime, L85|150\/242
|turn|32
|choice|move 4|move 2
|
|-activate|p1a: Aerodactyl|confusion
|move|p1a: Aerodactyl|Hyper Beam|p2a: Mr. Mime
|-crit|p2a: Mr. Mime
|-damage|p2a: Mr. Mime|0 fnt
|faint|p2a: Mr. Mime
|choice||switch 4
|
|switch|p2a: Lapras|Lapras, L79|235\/367
|turn|33
|choice|move 1|move 4
|
|-activate|p1a: Aerodactyl|confusion
|-damage|p1a: Aerodactyl|217\/327|[from] confusion
|move|p2a: Lapras|Ice Beam|p1a: Aerodactyl
|-supereffective|p1a: Aerodactyl
|-damage|p1a: Aerodactyl|8\/327
|
|turn|34
|choice|move 4|move 4
|
|-end|p1a: Aerodactyl|confusion
|move|p1a: Aerodactyl|Hyper Beam|p2a: Lapras
|-crit|p2a: Lapras
|-damage|p2a: Lapras|0 fnt
|faint|p2a: Lapras
|choice||switch 5
|
|switch|p2a: Hypno|Hypno, L85|50\/318 frz
|turn|35
|c|★Subject Platinum|gg
|choice|move 4|move 1
|
|move|p1a: Aerodactyl|Hyper Beam|p2a: Hypno
|-damage|p2a: Hypno|0 fnt
|faint|p2a: Hypno
|
|win|People Are Mean
|raw|People Are Mean's rating: 1246 &rarr; <strong>1273<\/strong><br \/>(+27 for winning)
|raw|Subject Platinum's rating: 1264 &rarr; <strong>1238<\/strong><br \/>(-26 for losing)
|l|Subject Platinum
|player|p2
|c|★People Are Mean|gg