|join|bob the dude
|join|blgh
|player|p1|bob the dude|1
|player|p2|blgh|135
|gametype|singles
|gen|1
|tier|[Gen 1] Random Battle
|rated
|rule|Sleep Clause Mod: Limit one foe put to sleep
|rule|Freeze Clause Mod: Limit one foe frozen
|rule|HP Percentage Mod: HP is shown in percentages
|
|start
|switch|p1a: Jolteon|Jolteon, L85|284\/284
|switch|p2a: Tentacool|Tentacool, L96|272\/272
|turn|1
|
|switch|p2a: Dugtrio|Dugtrio, L85|233\/233
|move|p1a: Jolteon|Thunderbolt|p2a: Dugtrio
|-immune|p2a: Dugtrio|[msg]
|
|turn|2
|
|switch|p1a: Moltres|Moltres, L85|327\/327
|move|p2a: Dugtrio|Earthquake|p1a: Moltres
|-immune|p1a: Moltres|[msg]
|
|turn|3
|c|★bob the dude|whats up
|c|★bob the dude|oh i am
|
|switch|p2a: Omastar|Omastar, L85|293\/293
|move|p1a: Moltres|Toxic|p2a: Omastar|[miss]
|-miss|p1a: Moltres
|
|turn|4
|
|switch|p1a: Vileplume|Vileplume, L85|301\/301
|move|p2a: Omastar|Surf|p1a: Vileplume
|-resisted|p1a: Vileplume
|-damage|p1a: Vileplume|245\/301
|
|turn|5
|c|★bob the dude|look
|c|★blgh|?
|
|switch|p2a: Parasect|Parasect, L85|276\/276
|move|p1a: Vileplume|Mega Drain|p2a: Parasect
|-resisted|p2a: Parasect
|-damage|p2a: Parasect|263\/276
|-heal|p1a: Vileplume|251\/301|[from] drain|[of] p2a: Parasect
|
|turn|6
|c|★bob the dude|im a plant
|
|move|p1a: Vileplume|Sleep Powder|p2a: Parasect
|-status|p2a: Parasect|slp
|cant|p2a: Parasect|slp
|
|turn|7
|
|switch|p2a: Alakazam|Alakazam, L79|249\/249
|move|p1a: Vileplume|Swords Dance|p1a: Vileplume
|-boost|p1a: Vileplume|atk|2
|
|turn|8
|
|move|p2a: Alakazam|Psychic|p1a: Vileplume
|-supereffective|p1a: Vileplume
|-damage|p1a: Vileplume|67\/301
|-unboost|p1a: Vileplume|spd|1
|-unboost|p1a: Vileplume|spa|1
|move|p1a: Vileplume|Body Slam|p2a: Alakazam
|-damage|p2a: Alakazam|80\/249
|
|turn|9
|
|move|p2a: Alakazam|Psychic|p1a: Vileplume
|-supereffective|p1a: Vileplume
|-damage|p1a: Vileplume|0 fnt
|faint|p1a: Vileplume
|
|switch|p1a: Jolteon|Jolteon, L85|284\/284
|turn|10
|c|★bob the dude|bye bye
|
|switch|p2a: Parasect|Parasect, L85|263\/276 slp
|move|p1a: Jolteon|Double Kick|p2a: Parasect
|-resisted|p2a: Parasect
|-damage|p2a: Parasect|254\/276 slp
|-damage|p2a: Parasect|245\/276 slp
|-hitcount|p2a: Parasect|2
|
|turn|11
|
|switch|p1a: Seadra|Seadra, L85|267\/267
|cant|p2a: Parasect|slp
|
|turn|12
|
|move|p1a: Seadra|Blizzard|p2a: Parasect
|-supereffective|p2a: Parasect
|-damage|p2a: Parasect|57\/276 slp
|cant|p2a: Parasect|slp
|
|turn|13
|
|move|p1a: Seadra|Blizzard|p2a: Parasect
|-supereffective|p2a: Parasect
|-damage|p2a: Parasect|0 fnt
|faint|p2a: Parasect
|
|switch|p2a: Omastar|Omastar, L85|293\/293
|turn|14
|
|move|p1a: Seadra|Hydro Pump|p2a: Omastar
|-damage|p2a: Omastar|193\/293
|move|p2a: Omastar|Seismic Toss|p1a: Seadra
|-damage|p1a: Seadra|182\/267
|
|turn|15
|
|move|p1a: Seadra|Hydro Pump|p2a: Omastar
|-damage|p2a: Omastar|85\/293
|move|p2a: Omastar|Seismic Toss|p1a: Seadra
|-damage|p1a: Seadra|97\/267
|
|turn|16
|
|move|p1a: Seadra|Hydro Pump|p2a: Omastar
|-crit|p2a: Omastar
|-damage|p2a: Omastar|0 fnt
|faint|p2a: Omastar
|
|switch|p2a: Alakazam|Alakazam, L79|80\/249
|turn|17
|
|move|p2a: Alakazam|Recover|p2a: Alakazam
|-heal|p2a: Alakazam|204\/249
|move|p1a: Seadra|Hydro Pump|p2a: Alakazam
|-damage|p2a: Alakazam|102\/249
|
|turn|18
|
|move|p2a: Alakazam|Psychic|p1a: Seadra
|-crit|p1a: Seadra
|-damage|p1a: Seadra|0 fnt
|faint|p1a: Seadra
|
|switch|p1a: Jolteon|Jolteon, L85|284\/284
|turn|19
|
|switch|p2a: Dugtrio|Dugtrio, L85|233\/233
|move|p1a: Jolteon|Thunder Wave|p2a: Dugtrio
|-immune|p2a: Dugtrio|[msg]
|
|turn|20
|
|switch|p1a: Kabutops|Kabutops, L85|276\/276
|move|p2a: Dugtrio|Sand Attack|p1a: Kabutops
|-unboost|p1a: Kabutops|accuracy|1
|
|turn|21
|
|switch|p2a: Tentacool|Tentacool, L96|272\/272
|move|p1a: Kabutops|Surf|p2a: Tentacool
|-crit|p2a: Tentacool
|-resisted|p2a: Tentacool
|-damage|p2a: Tentacool|211\/272
|
|turn|22
|
|move|p2a: Tentacool|Hydro Pump|p1a: Kabutops
|-damage|p1a: Kabutops|98\/276
|move|p1a: Kabutops|Swords Dance|p1a: Kabutops
|-boost|p1a: Kabutops|atk|2
|
|turn|23
|
|move|p2a: Tentacool|Hydro Pump|p1a: Kabutops
|-damage|p1a: Kabutops|0 fnt
|faint|p1a: Kabutops
|
|switch|p1a: Jolteon|Jolteon, L85|284\/284
|turn|24
|
|switch|p2a: Dugtrio|Dugtrio, L85|233\/233
|move|p1a: Jolteon|Double Kick|p2a: Dugtrio
|-crit|p2a: Dugtrio
|-damage|p2a: Dugtrio|191\/233
|-damage|p2a: Dugtrio|149\/233
|-hitcount|p2a: Dugtrio|2
|
|turn|25
|c|★bob the dude|did you like that?
|
|switch|p1a: Moltres|Moltres, L85|327\/327
|move|p2a: Dugtrio|Earthquake|p1a: Moltres
|-immune|p1a: Moltres|[msg]
|
|turn|26
|
|switch|p2a: Tentacool|Tentacool, L96|211\/272
|move|p1a: Moltres|Fire Blast|p2a: Tentacool
|-resisted|p2a: Tentacool
|-damage|p2a: Tentacool|151\/272
|
|turn|27
|
|switch|p1a: Nidorino|Nidorino, L90|293\/293
|move|p2a: Tentacool|Hydro Pump|p1a: Nidorino
|-damage|p1a: Nidorino|101\/293
|
|turn|28
|
|switch|p2a: Alakazam|Alakazam, L79|102\/249
|move|p1a: Nidorino|Thunder|p2a: Alakazam
|-damage|p2a: Alakazam|43\/249
|
|turn|29
|
|move|p2a: Alakazam|Recover|p2a: Alakazam
|-heal|p2a: Alakazam|167\/249
|move|p1a: Nidorino|Body Slam|p2a: Alakazam
|-damage|p2a: Alakazam|71\/249
|-status|p2a: Alakazam|par
|
|turn|30
|c|★bob the dude|clutch
|
|move|p1a: Nidorino|Body Slam|p2a: Alakazam
|-damage|p2a: Alakazam|0 fnt
|faint|p2a: Alakazam
|
|switch|p2a: Tauros|Tauros, L79|280\/280
|turn|31
|
|move|p2a: Tauros|Earthquake|p1a: Nidorino
|-supereffective|p1a: Nidorino
|-damage|p1a: Nidorino|0 fnt
|faint|p1a: Nidorino
|
|switch|p1a: Moltres|Moltres, L85|327\/327
|turn|32
|
|move|p2a: Tauros|Body Slam|p1a: Moltres
|-damage|p1a: Moltres|249\/327
|-status|p1a: Moltres|par
|move|p1a: Moltres|Fire Blast|p2a: Tauros
|-crit|p2a: Tauros
|-damage|p2a: Tauros|0 fnt
|faint|p2a: Tauros
|
|switch|p2a: Tentacool|Tentacool, L96|151\/272
|turn|33
|
|move|p2a: Tentacool|Hydro Pump|p1a: Moltres
|-supereffective|p1a: Moltres
|-damage|p1a: Moltres|0 fnt
|faint|p1a: Moltres
|
|switch|p1a: Jolteon|Jolteon, L85|284\/284
|turn|34
|
|move|p1a: Jolteon|Sand Attack|p2a: Tentacool
|-unboost|p2a: Tentacool|accuracy|1
|move|p2a: Tentacool|Hydro Pump|p1a: Jolteon|[miss]
|-miss|p2a: Tentacool
|
|turn|35
|
|move|p1a: Jolteon|Thunderbolt|p2a: Tentacool
|-supereffective|p2a: Tentacool
|-damage|p2a: Tentacool|0 fnt
|faint|p2a: Tentacool
|
|switch|p2a: Dugtrio|Dugtrio, L85|149\/233
|turn|36
|
|move|p1a: Jolteon|Sand Attack|p2a: Dugtrio
|-unboost|p2a: Dugtrio|accuracy|1
|move|p2a: Dugtrio|Earthquake|p1a: Jolteon
|-crit|p1a: Jolteon
|-supereffective|p1a: Jolteon
|-damage|p1a: Jolteon|0 fnt
|faint|p1a: Jolteon
|
|win|blgh
|raw|Ladder updating...
|raw|bob the dude's rating: 1242 &rarr; <strong>1221<\/strong><br \/>(-21 for losing)
|raw|blgh's rating: 1287 &rarr; <strong>1309<\/strong><br \/>(+22 for winning)
|c|★bob the dude|gg
|c|★blgh|gg
|leave|blgh
|player|p2