|join|marcoasd
|join|Beds
|player|p1|marcoasd|169
|player|p2|Beds|252
|gametype|singles
|gen|1
|tier|[Gen 1] OU
|rated
|seed|47198,63345,27462,32807
|rule|Sleep Clause Mod: Limit one foe put to sleep
|rule|Freeze Clause Mod: Limit one foe frozen
|rule|Species Clause: Limit one of each Pokémon
|rule|OHKO Clause: OHKO moves are banned
|rule|Evasion Moves Clause: Evasion moves are banned
|rule|HP Percentage Mod: HP is shown in percentages
|
|start
|switch|p1a: Alakazam|Alakazam|313\/313
|switch|p2a: Jynx|Jynx|333\/333
|turn|1
|c|★Beds|GOOD MORNING ITALY
|c|★marcoasd|asd
|c|★Beds|what did that mean what you posted on pp
|c|★Beds|i know troppoforte means like
|c|★Beds|superpower
|c|★Beds|but i couldn't figure out the other thing
|choice|move 3|move 1
|
|move|p1a: Alakazam|Thunder Wave|p2a: Jynx
|-status|p2a: Jynx|par
|move|p2a: Jynx|Lovely Kiss|p1a: Alakazam
|-status|p1a: Alakazam|slp
|
|turn|2
|c|★marcoasd|troppo forte is too strong
|c|★marcoasd|che giocatore is what a player
|choice|switch 5|move 2
|
|switch|p1a: Chansey|Chansey|703\/703
|move|p2a: Jynx|Blizzard|p1a: Chansey
|-damage|p1a: Chansey|571\/703
|
|turn|3
|c|★Beds|oh
|c|★Beds|thanks babe
|choice|move 2|move 2
|
|move|p1a: Chansey|Thunderbolt|p2a: Jynx
|-crit|p2a: Jynx
|-damage|p2a: Jynx|176\/333 par
|cant|p2a: Jynx|par
|
|turn|4
|choice|move 2|switch 4
|
|switch|p2a: Chansey|Chansey|703\/703
|move|p1a: Chansey|Thunderbolt|p2a: Chansey
|-damage|p2a: Chansey|629\/703
|
|turn|5
|choice|move 1|move 2
|
|move|p2a: Chansey|Ice Beam|p1a: Chansey
|-damage|p1a: Chansey|500\/703
|move|p1a: Chansey|Thunder Wave|p2a: Chansey
|-status|p2a: Chansey|par
|
|turn|6
|c|★marcoasd|durissimo
|choice|switch 2|move 2
|
|switch|p1a: Tauros|Tauros|353\/353
|move|p2a: Chansey|Ice Beam|p1a: Tauros
|-damage|p1a: Tauros|253\/353
|
|turn|7
|choice|move 1|move 1
|
|move|p1a: Tauros|Body Slam|p2a: Chansey
|-crit|p2a: Chansey
|-damage|p2a: Chansey|85\/703 par
|move|p2a: Chansey|Thunder Wave|p1a: Tauros
|-status|p1a: Tauros|par
|
|turn|8
|choice|move 1|switch 3
|
|switch|p2a: Snorlax|Snorlax|523\/523
|move|p1a: Tauros|Body Slam|p2a: Snorlax
|-damage|p2a: Snorlax|390\/523
|
|turn|9
|choice|switch 6|move 1
|
|switch|p1a: Golem|Golem|363\/363
|move|p2a: Snorlax|Body Slam|p1a: Golem
|-resisted|p1a: Golem
|-damage|p1a: Golem|316\/363
|-status|p1a: Golem|par
|
|turn|10
|choice|move 4|switch 2
|
|switch|p2a: Exeggutor|Exeggutor|393\/393
|move|p1a: Golem|Explosion|p2a: Exeggutor
|-damage|p2a: Exeggutor|63\/393
|faint|p1a: Golem
|choice|switch 3|
|
|switch|p1a: Zapdos|Zapdos|383\/383
|turn|11
|choice|move 3|switch 3
|
|switch|p2a: Chansey|Chansey|85\/703 par
|move|p1a: Zapdos|Drill Peck|p2a: Chansey
|-crit|p2a: Chansey
|-damage|p2a: Chansey|0 fnt
|faint|p2a: Chansey
|choice||switch 2
|
|switch|p2a: Snorlax|Snorlax|390\/523
|turn|12
|choice|move 1|move 1
|
|move|p1a: Zapdos|Thunderbolt|p2a: Snorlax
|-damage|p2a: Snorlax|209\/523
|move|p2a: Snorlax|Body Slam|p1a: Zapdos
|-damage|p1a: Zapdos|265\/383
|
|turn|13
|choice|move 1|move 1
|
|move|p1a: Zapdos|Thunderbolt|p2a: Snorlax
|-crit|p2a: Snorlax
|-damage|p2a: Snorlax|0 fnt
|faint|p2a: Snorlax
|choice||switch 5
|
|switch|p2a: Tauros|Tauros|353\/353
|turn|14
|choice|move 2|move 1
|
|move|p2a: Tauros|Body Slam|p1a: Zapdos
|-damage|p1a: Zapdos|151\/383
|move|p1a: Zapdos|Thunder Wave|p2a: Tauros
|-status|p2a: Tauros|par
|
|turn|15
|choice|switch 4|move 4
|
|switch|p1a: Exeggutor|Exeggutor|393\/393
|cant|p2a: Tauros|par
|
|turn|16
|choice|move 3|move 1
|
|move|p1a: Exeggutor|Psychic|p2a: Tauros
|-damage|p2a: Tauros|194\/353 par
|-unboost|p2a: Tauros|spd|1
|-unboost|p2a: Tauros|spa|1
|move|p2a: Tauros|Body Slam|p1a: Exeggutor
|-crit|p1a: Exeggutor
|-damage|p1a: Exeggutor|161\/393
|
|turn|17
|choice|move 3|switch 4
|
|switch|p2a: Jynx|Jynx|176\/333 par
|move|p1a: Exeggutor|Psychic|p2a: Jynx
|-resisted|p2a: Jynx
|-damage|p2a: Jynx|107\/333 par
|
|turn|18
|choice|switch 2|move 2
|
|switch|p1a: Chansey|Chansey|500\/703
|move|p2a: Jynx|Blizzard|p1a: Chansey
|-damage|p1a: Chansey|373\/703
|
|turn|19
|choice|move 4|move 4
|
|move|p1a: Chansey|Soft-Boiled|p1a: Chansey
|-heal|p1a: Chansey|703\/703
|move|p2a: Jynx|Rest|p2a: Jynx
|-status|p2a: Jynx|slp
|-heal|p2a: Jynx|333\/333 slp|[silent]
|-status|p2a: Jynx|slp|[from] move: Rest
|
|turn|20
|choice|move 2|switch 4
|
|switch|p2a: Tauros|Tauros|194\/353 par
|move|p1a: Chansey|Thunderbolt|p2a: Tauros
|-damage|p2a: Tauros|103\/353 par
|
|turn|21
|choice|move 3|move 4
|
|move|p1a: Chansey|Ice Beam|p2a: Tauros|[miss]
|-miss|p1a: Chansey
|cant|p2a: Tauros|par
|
|turn|22
|c|★marcoasd|asdone
|choice|move 2|move 4
|
|move|p1a: Chansey|Thunderbolt|p2a: Tauros
|-damage|p2a: Tauros|11\/353 par
|move|p2a: Tauros|Hyper Beam|p1a: Chansey
|-crit|p1a: Chansey
|-damage|p1a: Chansey|0 fnt
|faint|p1a: Chansey
|choice|switch 4|
|
|switch|p1a: Zapdos|Zapdos|151\/383
|turn|23
|c|★marcoasd|dio cane
|choice|move 3|move 4
|
|move|p1a: Zapdos|Drill Peck|p2a: Tauros
|-damage|p2a: Tauros|0 fnt
|faint|p2a: Tauros
|choice||switch 6
|
|switch|p2a: Persian|Persian|333\/333
|turn|24
|c|★Beds|only max rolls here
|c|★Beds|please dio
|choice|switch 2|move 2
|
|switch|p1a: Exeggutor|Exeggutor|161\/393
|move|p2a: Persian|Hyper Beam|p1a: Exeggutor
|-damage|p1a: Exeggutor|0 fnt
|faint|p1a: Exeggutor
|c|★marcoasd|dio cane
|choice|switch 6|
|
|switch|p1a: Tauros|Tauros|253\/353 par
|turn|25
|choice|move 2|switch 4
|
|switch|p2a: Jynx|Jynx|333\/333 slp
|move|p1a: Tauros|Hyper Beam|p2a: Jynx
|-damage|p2a: Jynx|42\/333 slp
|
|turn|26
|-mustrecharge|p1a: Tauros
|-mustrecharge|p1a: Tauros
|choice|move 1|move 2
|
|cant|p2a: Jynx|slp
|cant|p1a: Tauros|recharge
|
|turn|27
|choice|move 1|move 2
|
|-curestatus|p2a: Jynx|slp
|move|p1a: Tauros|Body Slam|p2a: Jynx
|-damage|p2a: Jynx|0 fnt
|faint|p2a: Jynx
|choice||switch 3
|
|switch|p2a: Exeggutor|Exeggutor|63\/393
|turn|28
|choice|switch 5|move 3
|
|switch|p1a: Alakazam|Alakazam|313\/313 slp
|move|p2a: Exeggutor|Psychic|p1a: Alakazam
|-crit|p1a: Alakazam
|-resisted|p1a: Alakazam
|-damage|p1a: Alakazam|212\/313 slp
|
|turn|29
|choice|move 2|switch 4
|
|switch|p2a: Persian|Persian|333\/333
|cant|p1a: Alakazam|slp
|
|turn|30
|choice|move 3|move 1
|
|cant|p1a: Alakazam|slp
|move|p2a: Persian|Slash|p1a: Alakazam
|-crit|p1a: Alakazam
|-damage|p1a: Alakazam|4\/313 slp
|
|turn|31
|c|★marcoasd|che dilusione
|choice|move 3|move 1
|
|cant|p1a: Alakazam|slp
|move|p2a: Persian|Slash|p1a: Alakazam
|-crit|p1a: Alakazam
|-damage|p1a: Alakazam|0 fnt
|faint|p1a: Alakazam
|choice|switch 5|
|
|switch|p1a: Tauros|Tauros|253\/353 par
|turn|32
|choice|move 2|move 1
|
|move|p2a: Persian|Slash|p1a: Tauros
|-crit|p1a: Tauros
|-damage|p1a: Tauros|118\/353 par
|move|p1a: Tauros|Hyper Beam|p2a: Persian
|-damage|p2a: Persian|103\/333
|
|turn|33
|-mustrecharge|p1a: Tauros
|-mustrecharge|p1a: Tauros
|choice|move 1|move 1
|
|move|p2a: Persian|Slash|p1a: Tauros
|-crit|p1a: Tauros
|-damage|p1a: Tauros|0 fnt
|faint|p1a: Tauros
|choice|switch 2|
|
|switch|p1a: Zapdos|Zapdos|151\/383
|turn|34
|c|★marcoasd|gg
|choice|move 1|move 2
|
|move|p2a: Persian|Hyper Beam|p1a: Zapdos
|-damage|p1a: Zapdos|0 fnt
|faint|p1a: Zapdos
|
|win|Beds
|raw|marcoasd's rating: 1420 &rarr; <strong>1386<\/strong><br \/>(-34 for losing)
|raw|Beds's rating: 1120 &rarr; <strong>1163<\/strong><br \/>(+43 for winning)
|c|★Beds|gg