|j|Fats Waller
|j|Pkmntrnr4213
|player|p1|Fats Waller|71
|player|p2|Pkmntrnr4213|20
|gametype|singles
|gen|1
|tier|[Gen 1] Random Battle
|rated
|seed|14783,5359,26773,46024
|rule|Sleep Clause Mod: Limit one foe put to sleep
|rule|Freeze Clause Mod: Limit one foe frozen
|rule|HP Percentage Mod: HP is shown in percentages
|
|start
|switch|p1a: Gengar|Gengar, L79|257\/257
|switch|p2a: Starmie|Starmie, L79|257\/257
|turn|1
|choice|move 2|move 4
|
|move|p2a: Starmie|Thunder Wave|p1a: Gengar
|-status|p1a: Gengar|par
|move|p1a: Gengar|Mega Drain|p2a: Starmie
|-supereffective|p2a: Starmie
|-damage|p2a: Starmie|201\/257
|
|turn|2
|choice|switch 5|move 3
|
|switch|p1a: Mr. Mime|Mr. Mime, L85|242\/242
|move|p2a: Starmie|Surf|p1a: Mr. Mime
|-crit|p1a: Mr. Mime
|-damage|p1a: Mr. Mime|86\/242
|
|turn|3
|choice|move 2|move 3
|
|move|p2a: Starmie|Surf|p1a: Mr. Mime
|-damage|p1a: Mr. Mime|0 fnt
|faint|p1a: Mr. Mime
|choice|switch 3|
|
|switch|p1a: Bulbasaur|Bulbasaur, L96|281\/281
|turn|4
|choice|move 3|switch 3
|
|switch|p2a: Tangela|Tangela, L85|284\/284
|move|p1a: Bulbasaur|Razor Leaf|p2a: Tangela
|-crit|p2a: Tangela
|-resisted|p2a: Tangela
|-damage|p2a: Tangela|231\/284
|
|turn|5
|choice|move 2|move 2
|
|move|p2a: Tangela|Body Slam|p1a: Bulbasaur
|-crit|p1a: Bulbasaur
|-damage|p1a: Bulbasaur|180\/281
|move|p1a: Bulbasaur|Body Slam|p2a: Tangela
|-damage|p2a: Tangela|191\/284
|
|turn|6
|choice|move 1|move 2
|
|move|p2a: Tangela|Body Slam|p1a: Bulbasaur
|-damage|p1a: Bulbasaur|128\/281
|-status|p1a: Bulbasaur|par
|move|p1a: Bulbasaur|Leech Seed|p2a: Tangela
|-immune|p2a: Tangela|[msg]
|
|turn|7
|choice|switch 5|move 2
|
|switch|p1a: Gengar|Gengar, L79|257\/257 par
|move|p2a: Tangela|Body Slam|p1a: Gengar
|-immune|p1a: Gengar|[msg]
|
|turn|8
|choice|move 1|switch 5
|
|switch|p2a: Jynx|Jynx, L79|265\/265
|move|p1a: Gengar|Hypnosis|p2a: Jynx|[miss]
|-miss|p1a: Gengar
|
|turn|9
|choice|move 3|move 2
|
|move|p2a: Jynx|Psychic|p1a: Gengar
|-supereffective|p1a: Gengar
|-damage|p1a: Gengar|123\/257 par
|-unboost|p1a: Gengar|spd|1
|-unboost|p1a: Gengar|spa|1
|move|p1a: Gengar|Explosion|p2a: Jynx
|-damage|p2a: Jynx|1\/265
|faint|p1a: Gengar
|choice|switch 4|
|
|switch|p1a: Electrode|Electrode, L90|291\/291
|turn|10
|choice|move 3|switch 4
|
|switch|p2a: Geodude|Geodude, L96|272\/272
|move|p1a: Electrode|Thunderbolt|p2a: Geodude
|-immune|p2a: Geodude|[msg]
|
|turn|11
|choice|switch 5|move 4
|
|switch|p1a: Bulbasaur|Bulbasaur, L96|128\/281 par
|move|p2a: Geodude|Earthquake|p1a: Bulbasaur
|-damage|p1a: Bulbasaur|0 fnt
|faint|p1a: Bulbasaur
|choice|switch 2|
|
|switch|p1a: Pinsir|Pinsir, L85|284\/284
|turn|12
|choice|move 2|move 3
|
|move|p1a: Pinsir|Swords Dance|p1a: Pinsir
|-boost|p1a: Pinsir|atk|2
|move|p2a: Geodude|Explosion|p1a: Pinsir
|-damage|p1a: Pinsir|25\/284
|faint|p2a: Geodude
|choice||switch 3
|
|switch|p2a: Starmie|Starmie, L79|201\/257
|turn|13
|choice|switch 6|move 3
|
|switch|p1a: Jolteon|Jolteon, L79|265\/265
|move|p2a: Starmie|Surf|p1a: Jolteon
|-damage|p1a: Jolteon|181\/265
|
|turn|14
|choice|move 1|move 4
|
|move|p1a: Jolteon|Thunderbolt|p2a: Starmie
|-crit|p2a: Starmie
|-supereffective|p2a: Starmie
|-damage|p2a: Starmie|0 fnt
|faint|p2a: Starmie
|choice||switch 5
|
|switch|p2a: Tangela|Tangela, L85|191\/284
|turn|15
|choice|move 2|move 2
|
|move|p1a: Jolteon|Thunder Wave|p2a: Tangela
|-status|p2a: Tangela|par
|move|p2a: Tangela|Body Slam|p1a: Jolteon
|-damage|p1a: Jolteon|126\/265
|
|turn|16
|choice|move 3|move 2
|
|move|p1a: Jolteon|Pin Missile|p2a: Tangela
|-supereffective|p2a: Tangela
|-damage|p2a: Tangela|177\/284 par
|-damage|p2a: Tangela|163\/284 par
|-damage|p2a: Tangela|149\/284 par
|-hitcount|p2a: Tangela|3
|cant|p2a: Tangela|par
|
|turn|17
|choice|switch 6|move 2
|
|switch|p1a: Pinsir|Pinsir, L85|25\/284
|move|p2a: Tangela|Body Slam|p1a: Pinsir
|-crit|p1a: Pinsir
|-damage|p1a: Pinsir|0 fnt
|faint|p1a: Pinsir
|choice|switch 5|
|
|switch|p1a: Electrode|Electrode, L90|291\/291
|turn|18
|choice|move 3|move 2
|
|move|p1a: Electrode|Thunderbolt|p2a: Tangela
|-crit|p2a: Tangela
|-resisted|p2a: Tangela
|-damage|p2a: Tangela|67\/284 par
|move|p2a: Tangela|Body Slam|p1a: Electrode
|-damage|p1a: Electrode|241\/291
|
|turn|19
|choice|move 3|move 1
|
|move|p1a: Electrode|Thunderbolt|p2a: Tangela
|-resisted|p2a: Tangela
|-damage|p2a: Tangela|23\/284 par
|move|p2a: Tangela|Hyper Beam|p1a: Electrode
|-damage|p1a: Electrode|159\/291
|
|turn|20
|-mustrecharge|p2a: Tangela
|-mustrecharge|p2a: Tangela
|choice|move 3|move 1
|
|move|p1a: Electrode|Thunderbolt|p2a: Tangela
|-resisted|p2a: Tangela
|-damage|p2a: Tangela|0 fnt
|faint|p2a: Tangela
|choice||switch 2
|
|switch|p2a: Lapras|Lapras, L79|367\/367
|turn|21
|choice|move 3|move 3
|
|move|p1a: Electrode|Thunderbolt|p2a: Lapras
|-supereffective|p2a: Lapras
|-damage|p2a: Lapras|170\/367
|move|p2a: Lapras|Confuse Ray|p1a: Electrode
|-start|p1a: Electrode|confusion
|
|turn|22
|choice|switch 6|move 4
|
|switch|p1a: Jolteon|Jolteon, L79|126\/265
|move|p2a: Lapras|Body Slam|p1a: Jolteon
|-damage|p1a: Jolteon|60\/265
|-status|p1a: Jolteon|par
|
|turn|23
|choice|switch 6|move 4
|
|switch|p1a: Electrode|Electrode, L90|159\/291
|move|p2a: Lapras|Body Slam|p1a: Electrode
|-damage|p1a: Electrode|106\/291
|
|turn|24
|choice|move 3|move 4
|
|move|p1a: Electrode|Thunderbolt|p2a: Lapras
|-supereffective|p2a: Lapras
|-damage|p2a: Lapras|0 fnt
|faint|p2a: Lapras
|choice||switch 6
|
|switch|p2a: Primeape|Primeape, L90|300\/300
|turn|25
|choice|move 2|move 2
|
|move|p1a: Electrode|Thunder Wave|p2a: Primeape
|-status|p2a: Primeape|par
|move|p2a: Primeape|Body Slam|p1a: Electrode
|-damage|p1a: Electrode|27\/291
|
|turn|26
|choice|move 1|move 2
|
|move|p1a: Electrode|Explosion|p2a: Primeape
|-damage|p2a: Primeape|97\/300 par
|faint|p1a: Electrode
|choice|switch 6|
|
|switch|p1a: Jolteon|Jolteon, L79|60\/265 par
|turn|27
|choice|move 1|move 2
|
|move|p1a: Jolteon|Thunderbolt|p2a: Primeape
|-damage|p2a: Primeape|0 fnt
|faint|p2a: Primeape
|choice||switch 4
|
|switch|p2a: Jynx|Jynx, L79|1\/265
|turn|28
|choice|move 1|move 2
|
|move|p2a: Jynx|Psychic|p1a: Jolteon
|-damage|p1a: Jolteon|0 fnt
|faint|p1a: Jolteon
|
|win|Pkmntrnr4213
|player|p1
|player|p2
|c|★Pkmntrnr4213|gg
|l|Fats Waller
|raw|Fats Waller's rating: 1153 &rarr; <strong>1131<\/strong><br \/>(-22 for losing)
|raw|Pkmntrnr4213's rating: 1185 &rarr; <strong>1208<\/strong><br \/>(+23 for winning)