|join|Dervodel
|join|Noratraika
|player|p1|Dervodel|102
|player|p2|Noratraika|285
|gametype|singles
|gen|1
|tier|[Gen 1] Random Battle
|rated
|seed|53016,41796,63537,14328
|rule|Sleep Clause Mod: Limit one foe put to sleep
|rule|Freeze Clause Mod: Limit one foe frozen
|rule|HP Percentage Mod: HP is shown in percentages
|
|start
|switch|p1a: Alakazam|Alakazam, L79|249\/249
|switch|p2a: Squirtle|Squirtle, L96|279\/279
|turn|1
|choice|move 4|move 2
|
|move|p1a: Alakazam|Reflect|p1a: Alakazam
|-start|p1a: Alakazam|Reflect
|move|p2a: Squirtle|Body Slam|p1a: Alakazam
|-crit|p1a: Alakazam
|-damage|p1a: Alakazam|107\/249
|
|turn|2
|choice|move 3|move 2
|
|move|p1a: Alakazam|Recover|p1a: Alakazam
|-heal|p1a: Alakazam|231\/249
|move|p2a: Squirtle|Body Slam|p1a: Alakazam
|-damage|p1a: Alakazam|189\/249
|-status|p1a: Alakazam|par
|
|turn|3
|choice|move 1|move 4
|
|move|p2a: Squirtle|Mimic|p1a: Alakazam
|-start|p2a: Squirtle|Mimic|Seismic Toss
|cant|p1a: Alakazam|par
|
|turn|4
|choice|move 1|move 4
|
|move|p2a: Squirtle|Seismic Toss|p1a: Alakazam
|-damage|p1a: Alakazam|93\/249 par
|move|p1a: Alakazam|Psychic|p2a: Squirtle
|-damage|p2a: Squirtle|152\/279
|-unboost|p2a: Squirtle|spd|1
|-unboost|p2a: Squirtle|spa|1
|
|turn|5
|choice|move 1|move 4
|
|move|p2a: Squirtle|Seismic Toss|p1a: Alakazam
|-damage|p1a: Alakazam|0 fnt
|faint|p1a: Alakazam
|c|★Dervodel|i gove up
|c|★Dervodel|give
|choice|switch 2|
|
|switch|p1a: Jolteon|Jolteon, L79|265\/265
|turn|6
|choice|move 3|switch 3
|
|switch|p2a: Onix|Onix, L90|246\/246
|move|p1a: Jolteon|Double Kick|p2a: Onix
|-supereffective|p2a: Onix
|-damage|p2a: Onix|226\/246
|-damage|p2a: Onix|206\/246
|-hitcount|p2a: Onix|2
|
|turn|7
|c|★Noratraika|I knew it would faint it
|c|★Dervodel|38% with the first one should do it :P
|choice|switch 5|move 1
|
|switch|p1a: Golbat|Golbat, L90|318\/318
|move|p2a: Onix|Rock Slide|p1a: Golbat|[miss]
|-miss|p2a: Onix
|
|turn|8
|choice|move 1|switch 5
|
|switch|p2a: Snorlax|Snorlax, L79|415\/415
|move|p1a: Golbat|Confuse Ray|p2a: Snorlax
|-start|p2a: Snorlax|confusion
|
|turn|9
|join|Teddy Nape
|join|dStinson1
|choice|switch 4|switch 5
|
|switch|p1a: Machamp|Machamp, L90|345\/345
|switch|p2a: Onix|Onix, L90|206\/246
|
|turn|10
|choice|move 4|switch 2
|
|switch|p2a: Mr. Mime|Mr. Mime, L85|242\/242
|move|p1a: Machamp|Submission|p2a: Mr. Mime
|-resisted|p2a: Mr. Mime
|-damage|p2a: Mr. Mime|165\/242
|-damage|p1a: Machamp|326\/345|[from] recoil|[of] p2a: Mr. Mime
|
|turn|11
|leave|Teddy Nape
|choice|switch 5|move 3
|
|switch|p1a: Jolteon|Jolteon, L79|265\/265
|move|p2a: Mr. Mime|Psychic|p1a: Jolteon
|-damage|p1a: Jolteon|169\/265
|
|turn|12
|choice|switch 4|switch 2
|
|switch|p1a: Golbat|Golbat, L90|318\/318
|switch|p2a: Onix|Onix, L90|206\/246
|
|turn|13
|choice|move 1|switch 5
|
|switch|p2a: Snorlax|Snorlax, L79|415\/415
|move|p1a: Golbat|Confuse Ray|p2a: Snorlax
|-start|p2a: Snorlax|confusion
|
|turn|14
|choice|move 2|switch 2
|
|switch|p2a: Mr. Mime|Mr. Mime, L85|165\/242
|move|p1a: Golbat|Double-Edge|p2a: Mr. Mime
|-damage|p2a: Mr. Mime|86\/242
|-damage|p1a: Golbat|299\/318|[from] recoil|[of] p2a: Mr. Mime
|
|turn|15
|choice|move 4|switch 3
|
|switch|p2a: Squirtle|Squirtle, L96|152\/279
|move|p1a: Golbat|Hyper Beam|p2a: Squirtle|[miss]
|-miss|p1a: Golbat
|
|turn|16
|choice|move 1|move 1
|
|move|p1a: Golbat|Confuse Ray|p2a: Squirtle
|-start|p2a: Squirtle|confusion
|-activate|p2a: Squirtle|confusion
|move|p2a: Squirtle|Blizzard|p1a: Golbat
|-supereffective|p1a: Golbat
|-damage|p1a: Golbat|152\/318
|
|turn|17
|choice|move 2|move 1
|
|move|p1a: Golbat|Double-Edge|p2a: Squirtle
|-damage|p2a: Squirtle|78\/279
|-damage|p1a: Golbat|134\/318|[from] recoil|[of] p2a: Squirtle
|-end|p2a: Squirtle|confusion
|move|p2a: Squirtle|Blizzard|p1a: Golbat
|-supereffective|p1a: Golbat
|-damage|p1a: Golbat|0 fnt
|faint|p1a: Golbat
|choice|switch 4|
|
|switch|p1a: Jolteon|Jolteon, L79|169\/265
|turn|18
|choice|switch 3|move 2
|
|switch|p1a: Omastar|Omastar, L90|309\/309
|move|p2a: Squirtle|Body Slam|p1a: Omastar
|-resisted|p1a: Omastar
|-damage|p1a: Omastar|291\/309
|-status|p1a: Omastar|par
|
|turn|19
|choice|move 3|move 3
|
|move|p2a: Squirtle|Surf|p1a: Omastar
|-crit|p1a: Omastar
|-damage|p1a: Omastar|157\/309 par
|cant|p1a: Omastar|par
|
|turn|20
|leave|dStinson1
|c|★Dervodel|lol lucky
|choice|move 3|move 3
|
|move|p2a: Squirtle|Surf|p1a: Omastar
|-damage|p1a: Omastar|92\/309 par
|move|p1a: Omastar|Seismic Toss|p2a: Squirtle
|-damage|p2a: Squirtle|0 fnt
|faint|p2a: Squirtle
|c|★Noratraika|lol sqirtle sweep
|c|★Dervodel|xD
|choice||switch 2
|
|switch|p2a: Snorlax|Snorlax, L79|415\/415
|turn|21
|choice|move 1|move 1
|
|move|p2a: Snorlax|Amnesia|p2a: Snorlax
|-boost|p2a: Snorlax|spd|2
|-boost|p2a: Snorlax|spa|2
|move|p1a: Omastar|Blizzard|p2a: Snorlax
|-damage|p2a: Snorlax|343\/415
|
|turn|22
|choice|move 1|move 2
|
|move|p2a: Snorlax|Thunderbolt|p1a: Omastar
|-supereffective|p1a: Omastar
|-damage|p1a: Omastar|0 fnt
|faint|p1a: Omastar
|choice|switch 5|
|
|switch|p1a: Machamp|Machamp, L90|326\/345
|turn|23
|choice|move 4|switch 6
|
|switch|p2a: Flareon|Flareon, L90|300\/300
|move|p1a: Machamp|Submission|p2a: Flareon
|-damage|p2a: Flareon|157\/300
|-damage|p1a: Machamp|291\/345|[from] recoil|[of] p2a: Flareon
|
|turn|24
|choice|move 3|move 3
|
|move|p2a: Flareon|Fire Blast|p1a: Machamp
|-damage|p1a: Machamp|109\/345
|move|p1a: Machamp|Earthquake|p2a: Flareon
|-supereffective|p2a: Flareon
|-damage|p2a: Flareon|0 fnt
|faint|p2a: Flareon
|choice||switch 3
|
|switch|p2a: Mr. Mime|Mr. Mime, L85|86\/242
|turn|25
|choice|switch 3|move 3
|
|switch|p1a: Jolteon|Jolteon, L79|169\/265
|move|p2a: Mr. Mime|Psychic|p1a: Jolteon
|-damage|p1a: Jolteon|82\/265
|-unboost|p1a: Jolteon|spd|1
|-unboost|p1a: Jolteon|spa|1
|
|turn|26
|choice|move 1|switch 5
|
|switch|p2a: Onix|Onix, L90|206\/246
|move|p1a: Jolteon|Thunderbolt|p2a: Onix
|-immune|p2a: Onix|[msg]
|
|turn|27
|choice|switch 3|move 4
|
|switch|p1a: Machamp|Machamp, L90|109\/345
|move|p2a: Onix|Earthquake|p1a: Machamp
|-crit|p1a: Machamp
|-damage|p1a: Machamp|0 fnt
|faint|p1a: Machamp
|choice|switch 6|
|
|switch|p1a: Flareon|Flareon, L90|300\/300
|turn|28
|choice|move 3|move 3
|
|move|p2a: Onix|Explosion|p1a: Flareon
|-damage|p1a: Flareon|79\/300
|faint|p2a: Onix
|choice||switch 5
|
|switch|p2a: Mr. Mime|Mr. Mime, L85|86\/242
|turn|29
|choice|move 3|move 3
|
|move|p2a: Mr. Mime|Psychic|p1a: Flareon
|-damage|p1a: Flareon|0 fnt
|faint|p1a: Flareon
|choice|switch 3|
|
|switch|p1a: Jolteon|Jolteon, L79|82\/265
|turn|30
|choice|move 1|move 3
|
|move|p1a: Jolteon|Thunderbolt|p2a: Mr. Mime
|-damage|p2a: Mr. Mime|0 fnt
|faint|p2a: Mr. Mime
|choice||switch 4
|
|switch|p2a: Dragonair|Dragonair, L85|277\/277
|turn|31
|choice|move 2|move 2
|
|move|p1a: Jolteon|Thunder Wave|p2a: Dragonair
|-status|p2a: Dragonair|par
|move|p2a: Dragonair|Thunder Wave|p1a: Jolteon
|-status|p1a: Jolteon|par
|
|turn|32
|choice|move 1|move 3
|
|move|p1a: Jolteon|Thunderbolt|p2a: Dragonair
|-resisted|p2a: Dragonair
|-damage|p2a: Dragonair|218\/277 par
|move|p2a: Dragonair|Blizzard|p1a: Jolteon|[miss]
|-miss|p2a: Dragonair
|
|turn|33
|c|★Dervodel|gg
|choice|move 1|move 3
|
|move|p1a: Jolteon|Thunderbolt|p2a: Dragonair
|-crit|p2a: Dragonair
|-resisted|p2a: Dragonair
|-damage|p2a: Dragonair|102\/277 par
|move|p2a: Dragonair|Blizzard|p1a: Jolteon
|-damage|p1a: Jolteon|18\/265 par
|
|turn|34
|choice|move 1|move 3
|
|move|p1a: Jolteon|Thunderbolt|p2a: Dragonair
|-resisted|p2a: Dragonair
|-damage|p2a: Dragonair|49\/277 par
|move|p2a: Dragonair|Blizzard|p1a: Jolteon
|-damage|p1a: Jolteon|0 fnt
|faint|p1a: Jolteon
|
|win|Noratraika
|raw|Dervodel's rating: 1376 &rarr; <strong>1354<\/strong><br \/>(-22 for losing)
|raw|Noratraika's rating: 1341 &rarr; <strong>1363<\/strong><br \/>(+22 for winning)