|j|Whoremaster
|j|BladePrincess
|player|p1|Whoremaster|43
|player|p2|BladePrincess|166
|gametype|singles
|gen|1
|tier|[Gen 1] OU
|rated
|seed|16860,12839,49993,41468
|rule|Sleep Clause Mod: Limit one foe put to sleep
|rule|Freeze Clause Mod: Limit one foe frozen
|rule|Species Clause: Limit one of each Pokémon
|rule|OHKO Clause: OHKO moves are banned
|rule|Evasion Moves Clause: Evasion moves are banned
|rule|HP Percentage Mod: HP is shown in percentages
|
|start
|switch|p1a: Alakazam|Alakazam|313\/313
|switch|p2a: Vulcaron|Alakazam|313\/313
|turn|1
|choice|switch 3|move 3
|
|switch|p1a: Chansey|Chansey|703\/703
|move|p2a: Vulcaron|Thunder Wave|p1a: Chansey
|-status|p1a: Chansey|par
|
|turn|2
|choice|move 1|move 1
|
|move|p2a: Vulcaron|Psychic|p1a: Chansey
|-damage|p1a: Chansey|577\/703 par
|cant|p1a: Chansey|par
|
|turn|3
|choice|switch 2|move 1
|
|switch|p1a: Exeggutor|Exeggutor|393\/393
|move|p2a: Vulcaron|Psychic|p1a: Exeggutor
|-resisted|p1a: Exeggutor
|-damage|p1a: Exeggutor|338\/393
|
|turn|4
|choice|move 1|switch 3
|
|switch|p2a: Flerovium|Gengar|323\/323
|move|p1a: Exeggutor|Sleep Powder|p2a: Flerovium
|-status|p2a: Flerovium|slp
|
|turn|5
|choice|move 2|switch 6
|
|switch|p2a: Bon Dance|Lapras|463\/463
|move|p1a: Exeggutor|Psychic|p2a: Bon Dance
|-damage|p2a: Bon Dance|329\/463
|-unboost|p2a: Bon Dance|spd|1
|-unboost|p2a: Bon Dance|spa|1
|
|turn|6
|choice|switch 2|move 1
|
|switch|p1a: Chansey|Chansey|577\/703 par
|move|p2a: Bon Dance|Blizzard|p1a: Chansey
|-damage|p1a: Chansey|492\/703 par
|
|turn|7
|choice|move 2|move 4
|
|move|p2a: Bon Dance|Confuse Ray|p1a: Chansey
|-start|p1a: Chansey|confusion
|-activate|p1a: Chansey|confusion
|-damage|p1a: Chansey|457\/703 par|[from] confusion
|
|turn|8
|choice|move 4|switch 3
|
|switch|p2a: Vulcaron|Alakazam|313\/313
|-activate|p1a: Chansey|confusion
|-damage|p1a: Chansey|422\/703 par|[from] confusion
|
|turn|9
|choice|switch 3|move 1
|
|switch|p1a: Alakazam|Alakazam|313\/313
|move|p2a: Vulcaron|Psychic|p1a: Alakazam
|-resisted|p1a: Alakazam
|-damage|p1a: Alakazam|260\/313
|
|turn|10
|choice|switch 3|move 3
|
|switch|p1a: Chansey|Chansey|422\/703 par
|move|p2a: Vulcaron|Thunder Wave|p1a: Chansey
|-fail|p1a: Chansey|par
|
|turn|11
|j|gorudon
|choice|move 2|move 1
|
|move|p2a: Vulcaron|Psychic|p1a: Chansey
|-damage|p1a: Chansey|305\/703 par
|move|p1a: Chansey|Thunderbolt|p2a: Vulcaron|[miss]
|-miss|p1a: Chansey
|
|turn|12
|l|gorudon
|choice|move 4|move 1
|
|move|p2a: Vulcaron|Psychic|p1a: Chansey
|-damage|p1a: Chansey|188\/703 par
|-unboost|p1a: Chansey|spd|1
|-unboost|p1a: Chansey|spa|1
|move|p1a: Chansey|Soft-Boiled|p1a: Chansey
|-heal|p1a: Chansey|539\/703 par
|
|turn|13
|c|★BladePrincess|YES
|choice|switch 2|move 1
|
|switch|p1a: Exeggutor|Exeggutor|338\/393
|move|p2a: Vulcaron|Psychic|p1a: Exeggutor
|-resisted|p1a: Exeggutor
|-damage|p1a: Exeggutor|281\/393
|
|turn|14
|choice|move 3|move 4
|
|move|p2a: Vulcaron|Reflect|p2a: Vulcaron
|-start|p2a: Vulcaron|Reflect
|move|p1a: Exeggutor|Double-Edge|p2a: Vulcaron
|-damage|p2a: Vulcaron|248\/313
|-damage|p1a: Exeggutor|265\/393|[from] recoil|[of] p2a: Vulcaron
|
|turn|15
|c|★BladePrincess|Nice try but no
|choice|switch 2|move 3
|
|switch|p1a: Chansey|Chansey|539\/703 par
|move|p2a: Vulcaron|Thunder Wave|p1a: Chansey
|-fail|p1a: Chansey|par
|
|turn|16
|choice|move 3|move 1
|
|move|p2a: Vulcaron|Psychic|p1a: Chansey
|-damage|p1a: Chansey|405\/703 par
|move|p1a: Chansey|Thunder Wave|p2a: Vulcaron
|-status|p2a: Vulcaron|par
|
|turn|17
|choice|move 4|move 1
|
|move|p2a: Vulcaron|Psychic|p1a: Chansey
|-crit|p1a: Chansey
|-damage|p1a: Chansey|168\/703 par
|-unboost|p1a: Chansey|spd|1
|-unboost|p1a: Chansey|spa|1
|cant|p1a: Chansey|par
|
|turn|18
|choice|switch 3|move 1
|
|switch|p1a: Alakazam|Alakazam|260\/313
|cant|p2a: Vulcaron|par
|
|turn|19
|choice|move 2|move 3
|
|move|p1a: Alakazam|Seismic Toss|p2a: Vulcaron
|-damage|p2a: Vulcaron|148\/313 par
|move|p2a: Vulcaron|Thunder Wave|p1a: Alakazam
|-status|p1a: Alakazam|par
|
|turn|20
|choice|move 2|move 2
|
|move|p2a: Vulcaron|Recover|p2a: Vulcaron
|-heal|p2a: Vulcaron|304\/313 par
|move|p1a: Alakazam|Seismic Toss|p2a: Vulcaron
|-damage|p2a: Vulcaron|204\/313 par
|
|turn|21
|choice|move 2|switch 3
|
|switch|p2a: Bon Dance|Lapras|329\/463
|move|p1a: Alakazam|Seismic Toss|p2a: Bon Dance
|-damage|p2a: Bon Dance|229\/463
|
|turn|22
|choice|move 1|move 4
|
|move|p2a: Bon Dance|Confuse Ray|p1a: Alakazam
|-start|p1a: Alakazam|confusion
|-activate|p1a: Alakazam|confusion
|move|p1a: Alakazam|Psychic|p2a: Bon Dance
|-damage|p2a: Bon Dance|101\/463
|
|turn|23
|choice|move 1|move 1
|
|move|p2a: Bon Dance|Blizzard|p1a: Alakazam
|-damage|p1a: Alakazam|151\/313 par
|-activate|p1a: Alakazam|confusion
|move|p1a: Alakazam|Psychic|p2a: Bon Dance
|-crit|p2a: Bon Dance
|-damage|p2a: Bon Dance|0 fnt
|faint|p2a: Bon Dance
|choice||switch 5
|
|switch|p2a: Lunarixis|Dragonite|385\/385
|turn|24
|choice|switch 2|move 1
|
|switch|p1a: Exeggutor|Exeggutor|265\/393
|move|p2a: Lunarixis|Agility|p2a: Lunarixis
|-boost|p2a: Lunarixis|spe|2
|
|turn|25
|j|AA Nickelquack
|choice|move 4|move 2
|
|move|p2a: Lunarixis|Wrap|p1a: Exeggutor
|-crit|p1a: Exeggutor
|-damage|p1a: Exeggutor|234\/393
|-activate|p1a: Exeggutor|move: Wrap|[of] p2a: Lunarixis
|cant|p1a: Exeggutor|partiallytrapped
|
|turn|26
|choice|move 2|move 2
|
|move|p2a: Lunarixis|Wrap|p1a: Exeggutor|[from]Wrap
|-damage|p1a: Exeggutor|203\/393
|cant|p1a: Exeggutor|partiallytrapped
|
|turn|27
|choice|move 2|move 2
|
|move|p2a: Lunarixis|Wrap|p1a: Exeggutor|[from]Wrap
|-damage|p1a: Exeggutor|172\/393
|cant|p1a: Exeggutor|partiallytrapped
|
|turn|28
|choice|switch 2|move 2
|
|switch|p1a: Alakazam|Alakazam|151\/313 par
|move|p2a: Lunarixis|Wrap|p1a: Alakazam|[miss]
|-miss|p2a: Lunarixis
|
|turn|29
|choice|move 3|move 2
|
|move|p2a: Lunarixis|Wrap|p1a: Alakazam
|-damage|p1a: Alakazam|129\/313 par
|-activate|p1a: Alakazam|move: Wrap|[of] p2a: Lunarixis
|cant|p1a: Alakazam|partiallytrapped
|
|turn|30
|choice|move 3|move 2
|
|move|p2a: Lunarixis|Wrap|p1a: Alakazam|[from]Wrap
|-damage|p1a: Alakazam|107\/313 par
|cant|p1a: Alakazam|partiallytrapped
|
|-end|p1a: Alakazam|Wrap|[partiallytrapped]
|turn|31
|choice|switch 3|move 2
|
|switch|p1a: Chansey|Chansey|168\/703 par
|move|p2a: Lunarixis|Wrap|p1a: Chansey|[miss]
|-miss|p2a: Lunarixis
|
|turn|32
|c|★Whoremaster|miss when i switch :(
|choice|move 3|move 2
|
|move|p2a: Lunarixis|Wrap|p1a: Chansey
|-damage|p1a: Chansey|127\/703 par
|-activate|p1a: Chansey|move: Wrap|[of] p2a: Lunarixis
|cant|p1a: Chansey|partiallytrapped
|
|turn|33
|choice|move 3|move 2
|
|move|p2a: Lunarixis|Wrap|p1a: Chansey|[from]Wrap
|-damage|p1a: Chansey|86\/703 par
|cant|p1a: Chansey|partiallytrapped
|
|turn|34
|choice|move 3|move 2
|
|move|p2a: Lunarixis|Wrap|p1a: Chansey|[from]Wrap
|-damage|p1a: Chansey|45\/703 par
|cant|p1a: Chansey|partiallytrapped
|
|-end|p1a: Chansey|Wrap|[partiallytrapped]
|turn|35
|choice|move 3|move 2
|
|move|p2a: Lunarixis|Wrap|p1a: Chansey
|-damage|p1a: Chansey|7\/703 par
|-activate|p1a: Chansey|move: Wrap|[of] p2a: Lunarixis
|cant|p1a: Chansey|partiallytrapped
|
|turn|36
|choice|move 3|move 2
|
|move|p2a: Lunarixis|Wrap|p1a: Chansey|[from]Wrap
|-damage|p1a: Chansey|0 fnt
|faint|p1a: Chansey
|choice|switch 6|
|
|switch|p1a: Tauros|Tauros|353\/353
|turn|37
|choice|move 3|move 2
|
|move|p2a: Lunarixis|Wrap|p1a: Tauros
|-damage|p1a: Tauros|338\/353
|-activate|p1a: Tauros|move: Wrap|[of] p2a: Lunarixis
|cant|p1a: Tauros|partiallytrapped
|
|turn|38
|choice|move 3|move 2
|
|move|p2a: Lunarixis|Wrap|p1a: Tauros|[from]Wrap
|-damage|p1a: Tauros|323\/353
|cant|p1a: Tauros|partiallytrapped
|
|turn|39
|choice|move 3|move 2
|
|move|p2a: Lunarixis|Wrap|p1a: Tauros|[from]Wrap
|-damage|p1a: Tauros|308\/353
|cant|p1a: Tauros|partiallytrapped
|
|turn|40
|choice|move 3|move 2
|
|move|p2a: Lunarixis|Wrap|p1a: Tauros|[from]Wrap
|-damage|p1a: Tauros|293\/353
|cant|p1a: Tauros|partiallytrapped
|
|-end|p1a: Tauros|Wrap|[partiallytrapped]
|turn|41
|choice|move 3|move 2
|
|move|p2a: Lunarixis|Wrap|p1a: Tauros
|-damage|p1a: Tauros|277\/353
|-activate|p1a: Tauros|move: Wrap|[of] p2a: Lunarixis
|cant|p1a: Tauros|partiallytrapped
|
|turn|42
|choice|move 3|move 2
|
|move|p2a: Lunarixis|Wrap|p1a: Tauros|[from]Wrap
|-damage|p1a: Tauros|261\/353
|cant|p1a: Tauros|partiallytrapped
|
|-end|p1a: Tauros|Wrap|[partiallytrapped]
|turn|43
|choice|move 3|move 2
|
|move|p2a: Lunarixis|Wrap|p1a: Tauros
|-damage|p1a: Tauros|246\/353
|-activate|p1a: Tauros|move: Wrap|[of] p2a: Lunarixis
|cant|p1a: Tauros|partiallytrapped
|
|turn|44
|choice|switch 5|move 2
|
|switch|p1a: Golem|Golem|363\/363
|move|p2a: Lunarixis|Wrap|p1a: Golem
|-resisted|p1a: Golem
|-damage|p1a: Golem|357\/363
|-activate|p1a: Golem|move: Wrap|[of] p2a: Lunarixis
|
|turn|45
|choice|switch 4|move 2
|
|switch|p1a: Snorlax|Snorlax|523\/523
|move|p2a: Lunarixis|Wrap|p1a: Snorlax
|-damage|p1a: Snorlax|504\/523
|-activate|p1a: Snorlax|move: Wrap|[of] p2a: Lunarixis
|
|turn|46
|choice|switch 2|move 2
|
|switch|p1a: Exeggutor|Exeggutor|172\/393
|move|p2a: Lunarixis|Wrap|p1a: Exeggutor
|-damage|p1a: Exeggutor|153\/393
|-activate|p1a: Exeggutor|move: Wrap|[of] p2a: Lunarixis
|
|turn|47
|c|★BladePrincess|GJ
|c|★BladePrincess|SHowing me your team
|c|★Whoremaster|lol
|c|★Whoremaster|as if it matters
|choice|move 4|move 2
|
|move|p2a: Lunarixis|Wrap|p1a: Exeggutor|[from]Wrap
|-damage|p1a: Exeggutor|134\/393
|cant|p1a: Exeggutor|partiallytrapped
|
|-end|p1a: Exeggutor|Wrap|[partiallytrapped]
|turn|48
|choice|move 2|move 2
|
|move|p2a: Lunarixis|Wrap|p1a: Exeggutor
|-damage|p1a: Exeggutor|117\/393
|-activate|p1a: Exeggutor|move: Wrap|[of] p2a: Lunarixis
|cant|p1a: Exeggutor|partiallytrapped
|
|turn|49
|choice|move 2|move 2
|
|move|p2a: Lunarixis|Wrap|p1a: Exeggutor|[from]Wrap
|-damage|p1a: Exeggutor|100\/393
|cant|p1a: Exeggutor|partiallytrapped
|
|-end|p1a: Exeggutor|Wrap|[partiallytrapped]
|turn|50
|c|★BladePrincess|I can PP stall all day
|choice|move 2|move 2
|
|move|p2a: Lunarixis|Wrap|p1a: Exeggutor
|-damage|p1a: Exeggutor|83\/393
|-activate|p1a: Exeggutor|move: Wrap|[of] p2a: Lunarixis
|cant|p1a: Exeggutor|partiallytrapped
|
|turn|51
|c|★Whoremaster|cool
|choice|switch 2|move 2
|
|switch|p1a: Snorlax|Snorlax|504\/523
|move|p2a: Lunarixis|Wrap|p1a: Snorlax
|-crit|p1a: Snorlax
|-damage|p1a: Snorlax|464\/523
|-activate|p1a: Snorlax|move: Wrap|[of] p2a: Lunarixis
|
|turn|52
|choice|switch 4|move 2
|
|switch|p1a: Golem|Golem|357\/363
|move|p2a: Lunarixis|Wrap|p1a: Golem
|-resisted|p1a: Golem
|-damage|p1a: Golem|351\/363
|-activate|p1a: Golem|move: Wrap|[of] p2a: Lunarixis
|
|turn|53
|choice|switch 3|move 2
|
|switch|p1a: Alakazam|Alakazam|107\/313 par
|move|p2a: Lunarixis|Wrap|p1a: Alakazam
|-damage|p1a: Alakazam|84\/313 par
|-activate|p1a: Alakazam|move: Wrap|[of] p2a: Lunarixis
|
|turn|54
|choice|switch 4|move 2
|
|switch|p1a: Snorlax|Snorlax|464\/523
|move|p2a: Lunarixis|Wrap|p1a: Snorlax|[miss]
|-miss|p2a: Lunarixis
|
|turn|55
|choice|switch 5|move 2
|
|switch|p1a: Tauros|Tauros|246\/353
|move|p2a: Lunarixis|Wrap|p1a: Tauros
|-damage|p1a: Tauros|231\/353
|-activate|p1a: Tauros|move: Wrap|[of] p2a: Lunarixis
|
|turn|56
|choice|move 3|move 2
|
|move|p2a: Lunarixis|Wrap|p1a: Tauros|[from]Wrap
|-damage|p1a: Tauros|216\/353
|cant|p1a: Tauros|partiallytrapped
|
|turn|57
|choice|switch 3|move 2
|
|switch|p1a: Golem|Golem|351\/363
|move|p2a: Lunarixis|Wrap|p1a: Golem
|-resisted|p1a: Golem
|-damage|p1a: Golem|345\/363
|-activate|p1a: Golem|move: Wrap|[of] p2a: Lunarixis
|
|turn|58
|choice|switch 4|move 2
|
|switch|p1a: Alakazam|Alakazam|84\/313 par
|move|p2a: Lunarixis|Wrap|p1a: Alakazam
|-damage|p1a: Alakazam|59\/313 par
|-activate|p1a: Alakazam|move: Wrap|[of] p2a: Lunarixis
|
|turn|59
|choice|switch 4|move 2
|
|switch|p1a: Golem|Golem|345\/363
|move|p2a: Lunarixis|Wrap|p1a: Golem|[miss]
|-miss|p2a: Lunarixis
|
|turn|60
|choice|switch 5|move 4
|
|switch|p1a: Snorlax|Snorlax|464\/523
|move|p2a: Lunarixis|Surf|p1a: Snorlax
|-damage|p1a: Snorlax|360\/523
|
|turn|61
|choice|switch 3|move 2
|
|switch|p1a: Tauros|Tauros|216\/353
|move|p2a: Lunarixis|Wrap|p1a: Tauros
|-crit|p1a: Tauros
|-damage|p1a: Tauros|186\/353
|-activate|p1a: Tauros|move: Wrap|[of] p2a: Lunarixis
|
|turn|62
|choice|move 3|move 2
|
|move|p2a: Lunarixis|Wrap|p1a: Tauros|[from]Wrap
|-damage|p1a: Tauros|156\/353
|cant|p1a: Tauros|partiallytrapped
|
|-end|p1a: Tauros|Wrap|[partiallytrapped]
|turn|63
|choice|switch 3|move 2
|
|switch|p1a: Snorlax|Snorlax|360\/523
|move|p2a: Lunarixis|Wrap|p1a: Snorlax
|-damage|p1a: Snorlax|341\/523
|-activate|p1a: Snorlax|move: Wrap|[of] p2a: Lunarixis
|
|turn|64
|choice|switch 2|move 2
|
|switch|p1a: Exeggutor|Exeggutor|83\/393
|move|p2a: Lunarixis|Wrap|p1a: Exeggutor
|-crit|p1a: Exeggutor
|-damage|p1a: Exeggutor|53\/393
|-activate|p1a: Exeggutor|move: Wrap|[of] p2a: Lunarixis
|
|turn|65
|choice|switch 5|move 2
|
|switch|p1a: Golem|Golem|345\/363
|move|p2a: Lunarixis|Wrap|p1a: Golem
|-resisted|p1a: Golem
|-damage|p1a: Golem|339\/363
|-activate|p1a: Golem|move: Wrap|[of] p2a: Lunarixis
|
|turn|66
|choice|switch 2|move 2
|
|switch|p1a: Snorlax|Snorlax|341\/523
|move|p2a: Lunarixis|Wrap|p1a: Snorlax
|-damage|p1a: Snorlax|320\/523
|-activate|p1a: Snorlax|move: Wrap|[of] p2a: Lunarixis
|
|turn|67
|choice|switch 3|move 2
|
|switch|p1a: Tauros|Tauros|156\/353
|move|p2a: Lunarixis|Wrap|p1a: Tauros
|-damage|p1a: Tauros|140\/353
|-activate|p1a: Tauros|move: Wrap|[of] p2a: Lunarixis
|
|turn|68
|choice|switch 2|move 2
|
|switch|p1a: Golem|Golem|339\/363
|move|p2a: Lunarixis|Wrap|p1a: Golem
|-crit|p1a: Golem
|-resisted|p1a: Golem
|-damage|p1a: Golem|327\/363
|-activate|p1a: Golem|move: Wrap|[of] p2a: Lunarixis
|
|turn|69
|choice|switch 5|move 2
|
|switch|p1a: Exeggutor|Exeggutor|53\/393
|move|p2a: Lunarixis|Wrap|p1a: Exeggutor
|-crit|p1a: Exeggutor
|-damage|p1a: Exeggutor|20\/393
|-activate|p1a: Exeggutor|move: Wrap|[of] p2a: Lunarixis
|
|turn|70
|choice|switch 3|move 2
|
|switch|p1a: Snorlax|Snorlax|320\/523
|move|p2a: Lunarixis|Wrap|p1a: Snorlax|[miss]
|-miss|p2a: Lunarixis
|
|turn|71
|c|★BladePrincess|I can PP stall all day.
|c|★Whoremaster|cool
|choice|switch 2|move 2
|
|switch|p1a: Tauros|Tauros|140\/353
|move|p2a: Lunarixis|Wrap|p1a: Tauros
|-crit|p1a: Tauros
|-damage|p1a: Tauros|108\/353
|-activate|p1a: Tauros|move: Wrap|[of] p2a: Lunarixis
|
|turn|72
|choice|move 3|move 2
|
|move|p2a: Lunarixis|Wrap|p1a: Tauros|[from]Wrap
|-damage|p1a: Tauros|76\/353
|cant|p1a: Tauros|partiallytrapped
|
|-end|p1a: Tauros|Wrap|[partiallytrapped]
|turn|73
|c|★BladePrincess|._.
|c|★BladePrincess|PS! ryuined wrap
|c|★BladePrincess|Only the first one in the chain is meant to count :\/
|c|★Whoremaster|fixed a glitch lol
|c|★Whoremaster|it does
|c|★Whoremaster|if you switch out you use the pp again for each mon
|choice|switch 5|move 4
|
|switch|p1a: Golem|Golem|327\/363
|move|p2a: Lunarixis|Surf|p1a: Golem
|-supereffective|p1a: Golem
|-damage|p1a: Golem|0 fnt
|faint|p1a: Golem
|choice|switch 4|
|
|switch|p1a: Alakazam|Alakazam|59\/313 par
|turn|74
|c|★BladePrincess|Oh so if you switch it still uses PP?
|c|★BladePrincess|Sneaky
|choice|move 4|move 4
|
|move|p2a: Lunarixis|Surf|p1a: Alakazam
|-damage|p1a: Alakazam|0 fnt
|faint|p1a: Alakazam
|choice|switch 3|
|
|switch|p1a: Exeggutor|Exeggutor|20\/393
|turn|75
|choice|move 4|move 3
|
|move|p2a: Lunarixis|Hyper Beam|p1a: Exeggutor
|-crit|p1a: Exeggutor
|-damage|p1a: Exeggutor|0 fnt
|faint|p1a: Exeggutor
|choice|switch 5|
|
|switch|p1a: Tauros|Tauros|76\/353
|turn|76
|choice|switch 2|move 4
|
|switch|p1a: Snorlax|Snorlax|320\/523
|move|p2a: Lunarixis|Surf|p1a: Snorlax
|-damage|p1a: Snorlax|216\/523
|
|turn|77
|choice|move 4|move 3
|
|move|p2a: Lunarixis|Hyper Beam|p1a: Snorlax
|-damage|p1a: Snorlax|17\/523
|move|p1a: Snorlax|Self-Destruct|p2a: Lunarixis
|-damage|p2a: Lunarixis|78\/385
|faint|p1a: Snorlax
|choice|switch 2|
|
|switch|p1a: Tauros|Tauros|76\/353
|turn|78
|-mustrecharge|p2a: Lunarixis
|c|★BladePrincess|I win
|c|★BladePrincess|GG
|-mustrecharge|p2a: Lunarixis
|choice|move 1|move 1
|
|cant|p2a: Lunarixis|recharge
|move|p1a: Tauros|Body Slam|p2a: Lunarixis
|-crit|p2a: Lunarixis
|-damage|p2a: Lunarixis|0 fnt
|faint|p2a: Lunarixis
|c|★Whoremaster|yeah was great lol
|choice||switch 4
|
|switch|p2a: kierant3hz|Jolteon|333\/333
|turn|79
|c|★Whoremaster|rm me
|choice|move 2|move 1
|
|move|p2a: kierant3hz|Thunderbolt|p1a: Tauros
|-crit|p1a: Tauros
|-damage|p1a: Tauros|0 fnt
|faint|p1a: Tauros
|
|win|BladePrincess
|player|p1
|player|p2
|l|Whoremaster