|join|Zorage
|join|Roman Reigns-WWE
|player|p1|Zorage|268
|player|p2|Roman Reigns-WWE|153
|gametype|singles
|gen|1
|tier|[Gen 1] Random Battle
|rule|Sleep Clause Mod: Limit one foe put to sleep
|rule|Freeze Clause Mod: Limit one foe frozen
|rule|HP Percentage Mod: HP is shown in percentages
|
|start
|switch|p1a: Flareon|Flareon, L90|300\/300
|switch|p2a: Mr. Mime|Mr. Mime, L85|242\/242
|turn|1
|
|move|p2a: Mr. Mime|Seismic Toss|p1a: Flareon
|-damage|p1a: Flareon|215\/300
|move|p1a: Flareon|Body Slam|p2a: Mr. Mime
|-damage|p2a: Mr. Mime|142\/242
|
|turn|2
|
|move|p2a: Mr. Mime|Thunder Wave|p1a: Flareon
|-status|p1a: Flareon|par
|move|p1a: Flareon|Hyper Beam|p2a: Mr. Mime
|-damage|p2a: Mr. Mime|0 fnt
|faint|p2a: Mr. Mime
|
|switch|p2a: Blastoise|Blastoise, L85|308\/308
|turn|3
|
|switch|p1a: Victreebel|Victreebel, L85|310\/310
|move|p2a: Blastoise|Hydro Pump|p1a: Victreebel
|-resisted|p1a: Victreebel
|-damage|p1a: Victreebel|256\/310
|
|turn|4
|
|switch|p2a: Spearow|Spearow, L96|272\/272
|move|p1a: Victreebel|Razor Leaf|p2a: Spearow
|-crit|p2a: Spearow
|-resisted|p2a: Spearow
|-damage|p2a: Spearow|181\/272
|
|turn|5
|
|switch|p1a: Omastar|Omastar, L90|309\/309
|move|p2a: Spearow|Drill Peck|p1a: Omastar
|-resisted|p1a: Omastar
|-damage|p1a: Omastar|277\/309
|
|turn|6
|
|switch|p2a: Gengar|Gengar, L79|257\/257
|move|p1a: Omastar|Seismic Toss|p2a: Gengar
|-damage|p2a: Gengar|167\/257
|
|turn|7
|
|switch|p1a: Pidgeotto|Pidgeotto, L90|297\/297
|move|p2a: Gengar|Thunderbolt|p1a: Pidgeotto
|-crit|p1a: Pidgeotto
|-supereffective|p1a: Pidgeotto
|-damage|p1a: Pidgeotto|0 fnt
|faint|p1a: Pidgeotto
|
|switch|p1a: Alakazam|Alakazam, L79|249\/249
|turn|8
|c|★Roman Reigns-WWE|oh thanks
|
|move|p1a: Alakazam|Psychic|p2a: Gengar
|-supereffective|p2a: Gengar
|-damage|p2a: Gengar|0 fnt
|faint|p2a: Gengar
|c|★Zorage|Expected mega drain
|
|switch|p2a: Onix|Onix, L90|246\/246
|turn|9
|c|★Zorage|Or hypnosis
|c|★Roman Reigns-WWE|how you know i have these two attack?
|
|switch|p1a: Victreebel|Victreebel, L85|256\/310
|move|p2a: Onix|Rock Slide|p1a: Victreebel|[miss]
|-miss|p2a: Onix
|
|turn|10
|c|★Zorage|Experience
|
|move|p2a: Onix|Toxic|p1a: Victreebel
|move|p1a: Victreebel|Sleep Powder|p2a: Onix
|-status|p2a: Onix|slp
|
|turn|11
|c|★Zorage|WTF lol
|
|switch|p2a: Spearow|Spearow, L96|181\/272
|move|p1a: Victreebel|Stun Spore|p2a: Spearow
|-status|p2a: Spearow|par
|
|turn|12
|
|switch|p1a: Omastar|Omastar, L90|277\/309
|cant|p2a: Spearow|par
|
|turn|13
|
|move|p1a: Omastar|Seismic Toss|p2a: Spearow
|-damage|p2a: Spearow|91\/272 par
|cant|p2a: Spearow|par
|
|turn|14
|
|move|p1a: Omastar|Surf|p2a: Spearow
|-damage|p2a: Spearow|0 fnt
|faint|p2a: Spearow
|
|switch|p2a: Blastoise|Blastoise, L85|308\/308
|turn|15
|
|switch|p1a: Victreebel|Victreebel, L85|256\/310
|move|p2a: Blastoise|Hyper Beam|p1a: Victreebel
|-damage|p1a: Victreebel|146\/310
|
|turn|16
|-mustrecharge|p2a: Blastoise
|-mustrecharge|p2a: Blastoise
|
|cant|p2a: Blastoise|recharge
|move|p1a: Victreebel|Razor Leaf|p2a: Blastoise
|-crit|p2a: Blastoise
|-supereffective|p2a: Blastoise
|-damage|p2a: Blastoise|48\/308
|
|turn|17
|
|switch|p2a: Machamp|Machamp, L90|345\/345
|move|p1a: Victreebel|Razor Leaf|p2a: Machamp
|-crit|p2a: Machamp
|-damage|p2a: Machamp|202\/345
|
|turn|18
|
|move|p1a: Victreebel|Razor Leaf|p2a: Machamp
|-crit|p2a: Machamp
|-damage|p2a: Machamp|60\/345
|move|p2a: Machamp|Hyper Beam|p1a: Victreebel
|-damage|p1a: Victreebel|0 fnt
|faint|p1a: Victreebel
|
|switch|p1a: Alakazam|Alakazam, L79|249\/249
|turn|19
|c|★Zorage|gg
|
|move|p1a: Alakazam|Psychic|p2a: Machamp
|-supereffective|p2a: Machamp
|-damage|p2a: Machamp|0 fnt
|faint|p2a: Machamp
|
|switch|p2a: Blastoise|Blastoise, L85|48\/308
|turn|20
|
|move|p1a: Alakazam|Seismic Toss|p2a: Blastoise
|-damage|p2a: Blastoise|0 fnt
|faint|p2a: Blastoise
|
|switch|p2a: Onix|Onix, L90|246\/246 slp
|turn|21
|
|move|p1a: Alakazam|Psychic|p2a: Onix
|-crit|p2a: Onix
|-damage|p2a: Onix|0 fnt
|faint|p2a: Onix
|
|win|Zorage
|leave|Roman Reigns-WWE
|player|p2