|join|gaietta
|join|XianJu
|player|p1|gaietta|112
|player|p2|XianJu|130
|gametype|singles
|gen|1
|tier|[Gen 1] Random Battle
|rated
|seed|15830,18883,5325,4705
|rule|Sleep Clause Mod: Limit one foe put to sleep
|rule|Freeze Clause Mod: Limit one foe frozen
|rule|HP Percentage Mod: HP is shown in percentages
|
|start
|switch|p1a: Golem|Golem, L79|288\/288
|switch|p2a: Victreebel|Victreebel, L85|310\/310
|turn|1
|choice|switch 4|move 1
|
|switch|p1a: Arcanine|Arcanine, L85|327\/327
|move|p2a: Victreebel|Razor Leaf|p1a: Arcanine
|-crit|p1a: Arcanine
|-resisted|p1a: Arcanine
|-damage|p1a: Arcanine|270\/327
|
|turn|2
|choice|move 1|switch 4
|
|switch|p2a: Kingler|Kingler, L85|267\/267
|move|p1a: Arcanine|Fire Blast|p2a: Kingler|[miss]
|-miss|p1a: Arcanine
|
|turn|3
|choice|switch 6|move 1
|
|switch|p1a: Mew|Mew, L74|300\/300
|move|p2a: Kingler|Crabhammer|p1a: Mew
|-crit|p1a: Mew
|-damage|p1a: Mew|170\/300
|
|turn|4
|choice|move 1|move 1
|
|move|p1a: Mew|Thunder Wave|p2a: Kingler
|-status|p2a: Kingler|par
|move|p2a: Kingler|Crabhammer|p1a: Mew
|-crit|p1a: Mew
|-damage|p1a: Mew|39\/300
|
|turn|5
|choice|move 4|move 1
|
|move|p1a: Mew|Earthquake|p2a: Kingler
|-damage|p2a: Kingler|219\/267 par
|move|p2a: Kingler|Crabhammer|p1a: Mew|[miss]
|-miss|p2a: Kingler
|
|turn|6
|choice|move 3|move 1
|
|move|p1a: Mew|Horn Drill|p2a: Kingler|[miss]
|-miss|p1a: Mew
|move|p2a: Kingler|Crabhammer|p1a: Mew
|-crit|p1a: Mew
|-damage|p1a: Mew|0 fnt
|faint|p1a: Mew
|choice|switch 5|
|
|switch|p1a: Kangaskhan|Kangaskhan, L85|352\/352
|turn|7
|choice|move 3|move 1
|
|move|p1a: Kangaskhan|Body Slam|p2a: Kingler
|-damage|p2a: Kingler|147\/267 par
|cant|p2a: Kingler|par
|
|turn|8
|choice|move 3|switch 6
|
|switch|p2a: Golem|Golem, L79|288\/288
|move|p1a: Kangaskhan|Body Slam|p2a: Golem
|-crit|p2a: Golem
|-resisted|p2a: Golem
|-damage|p2a: Golem|217\/288
|-status|p2a: Golem|par
|
|turn|9
|choice|move 1|move 2
|
|move|p1a: Kangaskhan|Surf|p2a: Golem
|-supereffective|p2a: Golem
|-damage|p2a: Golem|0 fnt
|faint|p2a: Golem
|choice||switch 3
|
|switch|p2a: Magneton|Magneton, L90|273\/273
|turn|10
|choice|move 3|move 1
|
|move|p1a: Kangaskhan|Body Slam|p2a: Magneton
|-damage|p2a: Magneton|196\/273
|-status|p2a: Magneton|par
|move|p2a: Magneton|Thunderbolt|p1a: Kangaskhan
|-damage|p1a: Kangaskhan|141\/352
|
|turn|11
|choice|move 3|move 1
|
|move|p1a: Kangaskhan|Body Slam|p2a: Magneton
|-damage|p2a: Magneton|114\/273 par
|move|p2a: Magneton|Thunderbolt|p1a: Kangaskhan
|-damage|p1a: Kangaskhan|0 fnt
|faint|p1a: Kangaskhan
|choice|switch 6|
|
|switch|p1a: Arcanine|Arcanine, L85|270\/327
|turn|12
|choice|move 1|move 2
|
|move|p1a: Arcanine|Fire Blast|p2a: Magneton
|-damage|p2a: Magneton|20\/273 par
|move|p2a: Magneton|Thunder Wave|p1a: Arcanine
|-status|p1a: Arcanine|par
|
|turn|13
|choice|move 1|move 4
|
|move|p1a: Arcanine|Fire Blast|p2a: Magneton
|-damage|p2a: Magneton|0 fnt
|faint|p2a: Magneton
|choice||switch 2
|
|switch|p2a: Krabby|Krabby, L96|252\/252
|turn|14
|choice|move 1|move 3
|
|move|p2a: Krabby|Crabhammer|p1a: Arcanine
|-crit|p1a: Arcanine
|-supereffective|p1a: Arcanine
|-damage|p1a: Arcanine|11\/327 par
|cant|p1a: Arcanine|par
|
|turn|15
|choice|move 3|move 1
|
|move|p2a: Krabby|Body Slam|p1a: Arcanine
|-damage|p1a: Arcanine|0 fnt
|faint|p1a: Arcanine
|choice|switch 2|
|
|switch|p1a: Jigglypuff|Jigglypuff, L99|428\/428
|turn|16
|choice|move 1|switch 6
|
|switch|p2a: Kingler|Kingler, L85|147\/267 par
|move|p1a: Jigglypuff|Thunder Wave|p2a: Kingler
|-fail|p2a: Kingler|par
|
|turn|17
|choice|move 4|move 1
|
|move|p1a: Jigglypuff|Body Slam|p2a: Kingler
|-damage|p2a: Kingler|77\/267 par
|cant|p2a: Kingler|par
|
|turn|18
|choice|move 2|move 1
|
|move|p1a: Jigglypuff|Double-Edge|p2a: Kingler
|-damage|p2a: Kingler|0 fnt
|-damage|p1a: Jigglypuff|409\/428|[from] recoil|[of] p2a: Kingler
|faint|p2a: Kingler
|choice||switch 5
|
|switch|p2a: Charmeleon|Charmeleon, L85|272\/272
|turn|19
|choice|move 1|move 3
|
|move|p2a: Charmeleon|Submission|p1a: Jigglypuff
|-supereffective|p1a: Jigglypuff
|-damage|p1a: Jigglypuff|265\/428
|-damage|p2a: Charmeleon|236\/272|[from] recoil|[of] p1a: Jigglypuff
|move|p1a: Jigglypuff|Thunder Wave|p2a: Charmeleon
|-status|p2a: Charmeleon|par
|
|turn|20
|choice|move 3|move 3
|
|move|p1a: Jigglypuff|Bubble Beam|p2a: Charmeleon
|-supereffective|p2a: Charmeleon
|-damage|p2a: Charmeleon|162\/272 par
|move|p2a: Charmeleon|Submission|p1a: Jigglypuff
|-supereffective|p1a: Jigglypuff
|-damage|p1a: Jigglypuff|124\/428
|-damage|p2a: Charmeleon|127\/272 par|[from] recoil|[of] p1a: Jigglypuff
|
|turn|21
|choice|move 4|move 3
|
|move|p1a: Jigglypuff|Body Slam|p2a: Charmeleon
|-damage|p2a: Charmeleon|22\/272 par
|move|p2a: Charmeleon|Submission|p1a: Jigglypuff
|-crit|p1a: Jigglypuff
|-supereffective|p1a: Jigglypuff
|-damage|p1a: Jigglypuff|0 fnt
|-damage|p2a: Charmeleon|0 fnt|[from] recoil|[of] p1a: Jigglypuff
|faint|p1a: Jigglypuff
|faint|p2a: Charmeleon
|choice|switch 3|switch 4
|
|switch|p2a: Victreebel|Victreebel, L85|310\/310
|switch|p1a: Muk|Muk, L90|372\/372
|turn|22
|choice|move 3|move 4
|
|move|p2a: Victreebel|Body Slam|p1a: Muk
|-damage|p1a: Muk|301\/372
|move|p1a: Muk|Sludge|p2a: Victreebel
|-crit|p2a: Victreebel
|-damage|p2a: Victreebel|131\/310
|
|turn|23
|choice|move 3|move 4
|
|move|p2a: Victreebel|Body Slam|p1a: Muk
|-crit|p1a: Muk
|-damage|p1a: Muk|172\/372
|move|p1a: Muk|Sludge|p2a: Victreebel
|-damage|p2a: Victreebel|36\/310
|
|turn|24
|choice|move 3|move 2
|
|move|p2a: Victreebel|Hyper Beam|p1a: Muk
|-damage|p1a: Muk|59\/372
|move|p1a: Muk|Sludge|p2a: Victreebel
|-damage|p2a: Victreebel|0 fnt
|faint|p2a: Victreebel
|choice||switch 6
|
|switch|p2a: Krabby|Krabby, L96|252\/252
|turn|25
|choice|move 1|move 1
|
|move|p2a: Krabby|Body Slam|p1a: Muk
|-damage|p1a: Muk|0 fnt
|faint|p1a: Muk
|choice|switch 4|
|
|switch|p1a: Golem|Golem, L79|288\/288
|turn|26
|choice|move 1|move 3
|
|move|p2a: Krabby|Crabhammer|p1a: Golem
|-crit|p1a: Golem
|-supereffective|p1a: Golem
|-damage|p1a: Golem|0 fnt
|faint|p1a: Golem
|
|win|XianJu
|leave|gaietta
|player|p1
|raw|gaietta's rating: 1424 &rarr; <strong>1395<\/strong><br \/>(-29 for losing)
|raw|XianJu's rating: 1255 &rarr; <strong>1291<\/strong><br \/>(+36 for winning)