|join|MALESANI
|join|Peruzzi
|player|p1|MALESANI|238
|player|p2|Peruzzi|101
|gametype|singles
|gen|1
|tier|[Gen 1] Random Battle
|rated
|seed|15340,23603,41062,59697
|rule|Sleep Clause Mod: Limit one foe put to sleep
|rule|Freeze Clause Mod: Limit one foe frozen
|rule|HP Percentage Mod: HP is shown in percentages
|
|start
|switch|p1a: Doduo|Doduo, L96|262\/262
|switch|p2a: Slowpoke|Slowpoke, L96|368\/368
|turn|1
|choice|move 1|switch 3
|
|switch|p2a: Electabuzz|Electabuzz, L85|284\/284
|move|p1a: Doduo|Body Slam|p2a: Electabuzz
|-damage|p2a: Electabuzz|158\/284
|
|turn|2
|choice|switch 2|move 1
|
|switch|p1a: Geodude|Geodude, L96|272\/272
|move|p2a: Electabuzz|Thunderbolt|p1a: Geodude
|-immune|p1a: Geodude|[msg]
|
|turn|3
|choice|move 4|move 3
|
|move|p2a: Electabuzz|Psychic|p1a: Geodude
|-crit|p1a: Geodude
|-damage|p1a: Geodude|89\/272
|move|p1a: Geodude|Earthquake|p2a: Electabuzz
|-supereffective|p2a: Electabuzz
|-damage|p2a: Electabuzz|0 fnt
|faint|p2a: Electabuzz
|choice||switch 3
|
|switch|p2a: Slowpoke|Slowpoke, L96|368\/368
|turn|4
|choice|move 1|move 1
|
|move|p1a: Geodude|Explosion|p2a: Slowpoke
|-damage|p2a: Slowpoke|77\/368
|faint|p1a: Geodude
|choice|switch 2|
|
|switch|p1a: Doduo|Doduo, L96|262\/262
|turn|5
|choice|move 1|move 2
|
|move|p1a: Doduo|Body Slam|p2a: Slowpoke
|-damage|p2a: Slowpoke|0 fnt
|faint|p2a: Slowpoke
|choice||switch 6
|
|switch|p2a: Ninetales|Ninetales, L85|298\/298
|turn|6
|choice|switch 5|move 1
|
|switch|p1a: Slowbro|Slowbro, L79|312\/312
|move|p2a: Ninetales|Fire Blast|p1a: Slowbro
|-resisted|p1a: Slowbro
|-damage|p1a: Slowbro|235\/312
|
|turn|7
|choice|move 1|move 4
|
|move|p2a: Ninetales|Toxic|p1a: Slowbro
|-status|p1a: Slowbro|tox
|move|p1a: Slowbro|Thunder Wave|p2a: Ninetales
|-status|p2a: Ninetales|par
|-damage|p1a: Slowbro|216\/312 tox|[from] tox|[of] p2a: Ninetales
|
|turn|8
|choice|move 4|switch 4
|
|switch|p2a: Muk|Muk, L90|372\/372
|move|p1a: Slowbro|Amnesia|p1a: Slowbro
|-boost|p1a: Slowbro|spd|2
|-boost|p1a: Slowbro|spa|2
|-damage|p1a: Slowbro|178\/312 tox|[from] psn
|
|turn|9
|choice|switch 4|move 2
|
|switch|p1a: Gengar|Gengar, L79|257\/257
|move|p2a: Muk|Mega Drain|p1a: Gengar
|-resisted|p1a: Gengar
|-damage|p1a: Gengar|247\/257
|
|turn|10
|choice|move 4|move 2
|
|move|p1a: Gengar|Psychic|p2a: Muk
|-crit|p2a: Muk
|-supereffective|p2a: Muk
|-damage|p2a: Muk|71\/372
|move|p2a: Muk|Mega Drain|p1a: Gengar
|-resisted|p1a: Gengar
|-damage|p1a: Gengar|236\/257
|-heal|p2a: Muk|76\/372|[from] drain|[of] p1a: Gengar
|
|turn|11
|choice|move 4|move 1
|
|move|p1a: Gengar|Psychic|p2a: Muk
|-supereffective|p2a: Muk
|-damage|p2a: Muk|0 fnt
|faint|p2a: Muk
|choice||switch 2
|
|switch|p2a: Hitmonlee|Hitmonlee, L90|273\/273
|turn|12
|choice|move 4|move 4
|
|move|p1a: Gengar|Psychic|p2a: Hitmonlee
|-supereffective|p2a: Hitmonlee
|-damage|p2a: Hitmonlee|60\/273
|move|p2a: Hitmonlee|Body Slam|p1a: Gengar
|-immune|p1a: Gengar|[msg]
|
|turn|13
|choice|move 3|move 2
|
|move|p1a: Gengar|Thunderbolt|p2a: Hitmonlee
|-damage|p2a: Hitmonlee|0 fnt
|faint|p2a: Hitmonlee
|choice||switch 5
|
|switch|p2a: Pidgeotto|Pidgeotto, L90|297\/297
|turn|14
|choice|move 3|move 1
|
|move|p1a: Gengar|Thunderbolt|p2a: Pidgeotto
|-supereffective|p2a: Pidgeotto
|-damage|p2a: Pidgeotto|111\/297
|move|p2a: Pidgeotto|Double-Edge|p1a: Gengar
|-immune|p1a: Gengar|[msg]
|
|turn|15
|choice|move 3|move 2
|
|move|p1a: Gengar|Thunderbolt|p2a: Pidgeotto
|-supereffective|p2a: Pidgeotto
|-damage|p2a: Pidgeotto|0 fnt
|faint|p2a: Pidgeotto
|choice||switch 4
|
|switch|p2a: Ninetales|Ninetales, L85|298\/298 par
|turn|16
|choice|move 3|move 1
|
|move|p1a: Gengar|Thunderbolt|p2a: Ninetales
|-damage|p2a: Ninetales|229\/298 par
|move|p2a: Ninetales|Fire Blast|p1a: Gengar
|-damage|p1a: Gengar|133\/257
|
|turn|17
|choice|move 4|move 1
|
|move|p1a: Gengar|Psychic|p2a: Ninetales
|-crit|p2a: Ninetales
|-damage|p2a: Ninetales|103\/298 par
|-unboost|p2a: Ninetales|spd|1
|-unboost|p2a: Ninetales|spa|1
|cant|p2a: Ninetales|par
|
|turn|18
|choice|move 2|move 1
|
|move|p1a: Gengar|Mega Drain|p2a: Ninetales
|-resisted|p2a: Ninetales
|-damage|p2a: Ninetales|83\/298 par
|-heal|p1a: Gengar|143\/257|[from] drain|[of] p2a: Ninetales
|cant|p2a: Ninetales|par
|
|turn|19
|choice|move 2|move 1
|
|move|p1a: Gengar|Mega Drain|p2a: Ninetales
|-crit|p2a: Ninetales
|-resisted|p2a: Ninetales
|-damage|p2a: Ninetales|55\/298 par
|-heal|p1a: Gengar|157\/257|[from] drain|[of] p2a: Ninetales
|move|p2a: Ninetales|Fire Blast|p1a: Gengar
|-crit|p1a: Gengar
|-damage|p1a: Gengar|0 fnt
|faint|p1a: Gengar
|choice|switch 3|
|
|switch|p1a: Metapod|Metapod, L99|300\/300
|turn|20
|choice|move 2|move 1
|
|move|p1a: Metapod|Tackle|p2a: Ninetales
|-damage|p2a: Ninetales|38\/298 par
|move|p2a: Ninetales|Fire Blast|p1a: Metapod
|-supereffective|p1a: Metapod
|-damage|p1a: Metapod|15\/300
|
|turn|21
|choice|move 2|move 1
|
|move|p1a: Metapod|Tackle|p2a: Ninetales
|-damage|p2a: Ninetales|20\/298 par
|cant|p2a: Ninetales|par
|
|turn|22
|choice|move 2|move 1
|
|move|p1a: Metapod|Tackle|p2a: Ninetales
|-damage|p2a: Ninetales|3\/298 par
|cant|p2a: Ninetales|par
|
|turn|23
|choice|move 2|move 1
|
|move|p1a: Metapod|Tackle|p2a: Ninetales
|-damage|p2a: Ninetales|0 fnt
|faint|p2a: Ninetales
|
|win|MALESANI
|raw|MALESANI's rating: 1325 &rarr; <strong>1334<\/strong><br \/>(+9 for winning)
|raw|Peruzzi's rating: 1112 &rarr; <strong>1101<\/strong><br \/>(-11 for losing)