|j|DaTechnoD00d
|j|DannyPeliGod
|player|p1|DaTechnoD00d|163
|player|p2|DannyPeliGod|263
|gametype|singles
|gen|1
|tier|[Gen 1] Random Battle
|rated
|seed|8282,51020,29582,45528
|rule|Sleep Clause Mod: Limit one foe put to sleep
|rule|Freeze Clause Mod: Limit one foe frozen
|rule|HP Percentage Mod: HP is shown in percentages
|
|start
|switch|p1a: Koffing|Koffing, L96|272\/272
|switch|p2a: Flareon|Flareon, L90|300\/300
|turn|1
|choice|move 1|move 3
|
|move|p2a: Flareon|Body Slam|p1a: Koffing
|-damage|p1a: Koffing|196\/272
|-status|p1a: Koffing|par
|move|p1a: Koffing|Explosion|p2a: Flareon
|-crit|p2a: Flareon
|-damage|p2a: Flareon|0 fnt
|faint|p2a: Flareon
|faint|p1a: Koffing
|choice|switch 3|switch 6
|
|switch|p1a: Kingler|Kingler, L85|267\/267
|switch|p2a: Snorlax|Snorlax, L79|415\/415
|turn|2
|choice|move 1|move 1
|
|move|p1a: Kingler|Crabhammer|p2a: Snorlax
|-crit|p2a: Snorlax
|-damage|p2a: Snorlax|249\/415
|move|p2a: Snorlax|Amnesia|p2a: Snorlax
|-boost|p2a: Snorlax|spd|2
|-boost|p2a: Snorlax|spa|2
|
|turn|3
|choice|move 1|move 1
|
|move|p1a: Kingler|Crabhammer|p2a: Snorlax|[miss]
|-miss|p1a: Kingler
|move|p2a: Snorlax|Amnesia|p2a: Snorlax
|-boost|p2a: Snorlax|spd|2
|-boost|p2a: Snorlax|spa|2
|
|turn|4
|c|★DaTechnoD00d|das some bushit
|choice|move 1|move 3
|
|move|p1a: Kingler|Crabhammer|p2a: Snorlax
|-crit|p2a: Snorlax
|-damage|p2a: Snorlax|87\/415
|move|p2a: Snorlax|Thunderbolt|p1a: Kingler
|-supereffective|p1a: Kingler
|-damage|p1a: Kingler|0 fnt
|faint|p1a: Kingler
|c|★DannyPeliGod|not arsed kid :)
|choice|switch 4|
|
|switch|p1a: Kangaskhan|Kangaskhan, L85|352\/352
|turn|5
|choice|move 1|move 4
|
|move|p1a: Kangaskhan|Body Slam|p2a: Snorlax
|-damage|p2a: Snorlax|0 fnt
|faint|p2a: Snorlax
|choice||switch 2
|
|switch|p2a: Kangaskhan|Kangaskhan, L85|352\/352
|turn|6
|choice|move 3|move 3
|
|move|p2a: Kangaskhan|Counter|p1a: Kangaskhan
|-fail|p2a: Kangaskhan
|move|p1a: Kangaskhan|Counter|p2a: Kangaskhan
|-fail|p1a: Kangaskhan
|
|turn|7
|c|★DaTechnoD00d|...
|choice|move 4|move 1
|
|move|p2a: Kangaskhan|Surf|p1a: Kangaskhan
|-damage|p1a: Kangaskhan|290\/352
|move|p1a: Kangaskhan|Earthquake|p2a: Kangaskhan
|-crit|p2a: Kangaskhan
|-damage|p2a: Kangaskhan|205\/352
|
|turn|8
|choice|move 4|move 3
|
|move|p1a: Kangaskhan|Earthquake|p2a: Kangaskhan
|-damage|p2a: Kangaskhan|134\/352
|move|p2a: Kangaskhan|Counter|p1a: Kangaskhan
|-fail|p2a: Kangaskhan
|
|turn|9
|choice|move 4|move 2
|
|move|p1a: Kangaskhan|Earthquake|p2a: Kangaskhan
|-damage|p2a: Kangaskhan|62\/352
|move|p2a: Kangaskhan|Hyper Beam|p1a: Kangaskhan
|-crit|p1a: Kangaskhan
|-damage|p1a: Kangaskhan|0 fnt
|faint|p1a: Kangaskhan
|c|★DaTechnoD00d|lol
|c|★DaTechnoD00d|bs
|choice|switch 2|
|
|switch|p1a: Electabuzz|Electabuzz, L85|284\/284
|turn|10
|choice|move 2|move 3
|
|move|p1a: Electabuzz|Seismic Toss|p2a: Kangaskhan
|-damage|p2a: Kangaskhan|0 fnt
|faint|p2a: Kangaskhan
|choice||switch 3
|
|switch|p2a: Nidorina|Nidorina, L90|309\/309
|turn|11
|choice|move 3|move 3
|
|move|p1a: Electabuzz|Psychic|p2a: Nidorina
|-supereffective|p2a: Nidorina
|-damage|p2a: Nidorina|151\/309
|move|p2a: Nidorina|Body Slam|p1a: Electabuzz
|-damage|p1a: Electabuzz|222\/284
|
|turn|12
|choice|move 3|move 3
|
|move|p1a: Electabuzz|Psychic|p2a: Nidorina
|-supereffective|p2a: Nidorina
|-damage|p2a: Nidorina|2\/309
|move|p2a: Nidorina|Body Slam|p1a: Electabuzz
|-crit|p1a: Electabuzz
|-damage|p1a: Electabuzz|82\/284
|
|turn|13
|c|★DaTechnoD00d|r u havin a gigl thr m8
|choice|move 3|move 3
|
|move|p1a: Electabuzz|Psychic|p2a: Nidorina
|-supereffective|p2a: Nidorina
|-damage|p2a: Nidorina|0 fnt
|faint|p2a: Nidorina
|choice||switch 4
|
|switch|p2a: Moltres|Moltres, L85|327\/327
|turn|14
|choice|move 1|move 1
|
|move|p1a: Electabuzz|Thunderbolt|p2a: Moltres
|-supereffective|p2a: Moltres
|-damage|p2a: Moltres|181\/327
|-status|p2a: Moltres|par
|move|p2a: Moltres|Fire Blast|p1a: Electabuzz
|-damage|p1a: Electabuzz|0 fnt
|faint|p1a: Electabuzz
|choice|switch 5|
|
|switch|p1a: Mew|Mew, L74|300\/300
|turn|15
|choice|move 4|move 4
|
|move|p1a: Mew|Blizzard|p2a: Moltres
|-supereffective|p2a: Moltres
|-damage|p2a: Moltres|70\/327 par
|move|p2a: Moltres|Agility|p2a: Moltres
|-boost|p2a: Moltres|spe|2
|
|turn|16
|choice|move 2|move 3
|
|move|p2a: Moltres|Hyper Beam|p1a: Mew
|-crit|p1a: Mew
|-damage|p1a: Mew|60\/300
|move|p1a: Mew|Thunderbolt|p2a: Moltres
|-supereffective|p2a: Moltres
|-damage|p2a: Moltres|0 fnt
|faint|p2a: Moltres
|choice||switch 5
|
|switch|p2a: Golduck|Golduck, L85|310\/310
|turn|17
|c|★DaTechnoD00d|oml ur so lucky
|choice|move 2|move 2
|
|move|p2a: Golduck|Body Slam|p1a: Mew
|-damage|p1a: Mew|1\/300
|-status|p1a: Mew|par
|move|p1a: Mew|Thunderbolt|p2a: Golduck
|-crit|p2a: Golduck
|-supereffective|p2a: Golduck
|-damage|p2a: Golduck|99\/310
|
|turn|18
|choice|move 2|move 1
|
|move|p2a: Golduck|Amnesia|p2a: Golduck
|-boost|p2a: Golduck|spd|2
|-boost|p2a: Golduck|spa|2
|move|p1a: Mew|Thunderbolt|p2a: Golduck
|-supereffective|p2a: Golduck
|-damage|p2a: Golduck|41\/310
|
|turn|19
|choice|move 2|move 4
|
|move|p2a: Golduck|Surf|p1a: Mew
|-damage|p1a: Mew|0 fnt
|faint|p1a: Mew
|c|★DannyPeliGod|get in the bin
|choice|switch 6|
|
|switch|p1a: Poliwhirl|Poliwhirl, L85|284\/284
|turn|20
|choice|move 3|move 2
|
|move|p1a: Poliwhirl|Hypnosis|p2a: Golduck
|-status|p2a: Golduck|slp
|cant|p2a: Golduck|slp
|
|turn|21
|choice|move 1|move 2
|
|move|p1a: Poliwhirl|Amnesia|p1a: Poliwhirl
|-boost|p1a: Poliwhirl|spd|2
|-boost|p1a: Poliwhirl|spa|2
|-curestatus|p2a: Golduck|slp
|
|turn|22
|c|★DaTechnoD00d|gg
|choice|move 3|move 2
|
|move|p1a: Poliwhirl|Hypnosis|p2a: Golduck
|-status|p2a: Golduck|slp
|cant|p2a: Golduck|slp
|
|turn|23
|choice|move 1|move 2
|
|move|p1a: Poliwhirl|Amnesia|p1a: Poliwhirl
|-boost|p1a: Poliwhirl|spd|2
|-boost|p1a: Poliwhirl|spa|2
|cant|p2a: Golduck|slp
|
|turn|24
|choice|move 1|move 2
|
|move|p1a: Poliwhirl|Amnesia|p1a: Poliwhirl
|-boost|p1a: Poliwhirl|spd|2
|-boost|p1a: Poliwhirl|spa|2
|cant|p2a: Golduck|slp
|
|turn|25
|choice|move 2|move 2
|
|move|p1a: Poliwhirl|Surf|p2a: Golduck
|-resisted|p2a: Golduck
|-damage|p2a: Golduck|0 fnt
|faint|p2a: Golduck
|
|win|DaTechnoD00d
|raw|DaTechnoD00d's rating: 1088 &rarr; <strong>1108<\/strong><br \/>(+20 for winning)
|raw|DannyPeliGod's rating: 1000 &rarr; <strong>1000<\/strong><br \/>(+0 for losing)
|l|DannyPeliGod
|player|p2