|join|ashiemore
|join|kid gf lol
|player|p1|ashiemore|277
|player|p2|kid gf lol|168
|gametype|singles
|gen|1
|tier|[Gen 1] OU (beta)
|rule|Sleep Clause Mod: Limit one foe put to sleep
|rule|Species Clause: Limit one of each Pokemon
|rule|OHKO Clause: OHKO moves are banned
|rule|Moody Clause: Moody is banned
|rule|Evasion Moves Clause: Evasion moves are banned
|rule|Endless Battle Clause: Forcing endless battles is banned.
|rule|HP Percentage Mod: HP is reported as percentages
|
|start
|switch|p1a: Clefable|Clefable|393\/393
|switch|p2a: Egg Kangaroo|Clefable|393\/393
|turn|1
|chat|ashiemore|i'll use beam
|chat|ashiemore|you bide
|chat|kid gf lol|wait
|chat|kid gf lol|we both bide
|chat|ashiemore|hoh k
|
|move|p1a: Clefable|Bide|p1a: Clefable
|-start|p1a: Clefable|Bide
|move|p2a: Egg Kangaroo|Bide|p2a: Egg Kangaroo
|-start|p2a: Egg Kangaroo|Bide
|
|turn|2
|
|-fail|p1a: Clefable
|-fail|p2a: Egg Kangaroo
|
|turn|3
|
|move|p1a: Clefable|Bide|p1a: Clefable
|-start|p1a: Clefable|Bide
|move|p2a: Egg Kangaroo|Pound|p1a: Clefable
|-damage|p1a: Clefable|345\/393
|
|turn|4
|
|-end|p1a: Clefable|Bide
|-damage|p2a: Egg Kangaroo|297\/393
|move|p2a: Egg Kangaroo|Pound|p1a: Clefable
|-damage|p1a: Clefable|299\/393
|
|turn|5
|
|move|p2a: Egg Kangaroo|Pound|p1a: Clefable
|-damage|p1a: Clefable|251\/393
|move|p1a: Clefable|Bide|p1a: Clefable
|-start|p1a: Clefable|Bide
|
|turn|6
|
|move|p2a: Egg Kangaroo|Pound|p1a: Clefable
|-damage|p1a: Clefable|206\/393
|-end|p1a: Clefable|Bide
|-damage|p2a: Egg Kangaroo|207\/393
|
|turn|7
|
|move|p1a: Clefable|Bide|p1a: Clefable
|-start|p1a: Clefable|Bide
|move|p2a: Egg Kangaroo|Rest|p2a: Egg Kangaroo
|-status|p2a: Egg Kangaroo|slp
|-heal|p2a: Egg Kangaroo|393\/393 slp|[silent]
|-status|p2a: Egg Kangaroo|slp|[from] move: Rest
|
|turn|8
|
|cant|p2a: Egg Kangaroo|slp
|-fail|p1a: Clefable
|
|turn|9
|chat|ashiemore|maybe it does have to do with ice beam
|chat|ashiemore|or freeze
|chat|ashiemore|or even chansey
|chat|kid gf lol|idk lets try it
|chat|ashiemore|i dont' know
|chat|ashiemore|lol
|
|move|p1a: Clefable|Ice Beam|p2a: Egg Kangaroo
|-crit|p2a: Egg Kangaroo
|-damage|p2a: Egg Kangaroo|238\/393 slp
|cant|p2a: Egg Kangaroo|slp
|-curestatus|p2a: Egg Kangaroo|slp
|
|turn|10
|chat|kid gf lol|it's probably bide the move
|html|<div class="broadcast-red"><b>The battle crashed<\/b><br \/>You can keep playing but it might crash again.<\/div>
|chat|ashiemore|there
|leave|kid gf lol
|player|p2
|-message|ashiemore forfeited.
|
|win|kid gf lol