|j|Shiny Raichu
|j|Vultur
|player|p1|Shiny Raichu|276
|player|p2|Vultur|2
|gametype|singles
|gen|1
|tier|[Gen 1] Random Battle
|rated
|seed|17416,44904,57703,13443
|rule|Sleep Clause Mod: Limit one foe put to sleep
|rule|Freeze Clause Mod: Limit one foe frozen
|rule|HP Percentage Mod: HP is shown in percentages
|
|start
|switch|p1a: Spearow|Spearow, L96|272\/272
|switch|p2a: Dewgong|Dewgong, L85|327\/327
|turn|1
|choice|switch 4|move 2
|
|switch|p1a: Chansey|Chansey, L79|557\/557
|move|p2a: Dewgong|Blizzard|p1a: Chansey
|-damage|p1a: Chansey|435\/557
|
|turn|2
|choice|move 2|move 2
|
|move|p2a: Dewgong|Blizzard|p1a: Chansey|[miss]
|-miss|p2a: Dewgong
|move|p1a: Chansey|Thunder Wave|p2a: Dewgong
|-status|p2a: Dewgong|par
|
|turn|3
|choice|move 4|move 2
|
|move|p1a: Chansey|Reflect|p1a: Chansey
|-start|p1a: Chansey|Reflect
|cant|p2a: Dewgong|par
|
|turn|4
|choice|switch 5|move 2
|
|switch|p1a: Rapidash|Rapidash, L90|300\/300
|cant|p2a: Dewgong|par
|
|turn|5
|choice|move 1|move 1
|
|move|p1a: Rapidash|Fire Blast|p2a: Dewgong
|-crit|p2a: Dewgong
|-damage|p2a: Dewgong|74\/327 par
|move|p2a: Dewgong|Surf|p1a: Rapidash
|-supereffective|p1a: Rapidash
|-damage|p1a: Rapidash|97\/300
|
|turn|6
|choice|move 1|move 1
|
|move|p1a: Rapidash|Fire Blast|p2a: Dewgong
|-crit|p2a: Dewgong
|-damage|p2a: Dewgong|0 fnt
|faint|p2a: Dewgong
|choice||switch 3
|
|switch|p2a: Arcanine|Arcanine, L85|327\/327
|turn|7
|choice|move 2|move 1
|
|move|p1a: Rapidash|Hyper Beam|p2a: Arcanine
|-damage|p2a: Arcanine|206\/327
|move|p2a: Arcanine|Hyper Beam|p1a: Rapidash
|-damage|p1a: Rapidash|0 fnt
|faint|p1a: Rapidash
|choice|switch 6|
|
|switch|p1a: Cloyster|Cloyster, L83|253\/253
|turn|8
|choice|move 2|switch 6
|
|switch|p2a: Alakazam|Alakazam, L79|249\/249
|move|p1a: Cloyster|Surf|p2a: Alakazam
|-damage|p2a: Alakazam|180\/249
|
|turn|9
|choice|move 3|move 2
|
|move|p2a: Alakazam|Thunder Wave|p1a: Cloyster
|-status|p1a: Cloyster|par
|move|p1a: Cloyster|Explosion|p2a: Alakazam
|-damage|p2a: Alakazam|0 fnt
|faint|p2a: Alakazam
|faint|p1a: Cloyster
|choice|switch 2|switch 5
|
|switch|p1a: Kadabra|Kadabra, L85|242\/242
|switch|p2a: Persian|Persian, L79|265\/265
|turn|10
|choice|move 1|move 1
|
|move|p1a: Kadabra|Psychic|p2a: Persian
|-damage|p2a: Persian|126\/265
|move|p2a: Persian|Slash|p1a: Kadabra
|-crit|p1a: Kadabra
|-damage|p1a: Kadabra|50\/242
|
|turn|11
|choice|move 1|move 1
|
|move|p1a: Kadabra|Psychic|p2a: Persian
|-damage|p2a: Persian|0 fnt
|faint|p2a: Persian
|choice||switch 6
|
|switch|p2a: Arcanine|Arcanine, L85|206\/327
|turn|12
|choice|move 4|move 4
|
|move|p1a: Kadabra|Recover|p1a: Kadabra
|-heal|p1a: Kadabra|171\/242
|move|p2a: Arcanine|Body Slam|p1a: Kadabra
|-damage|p1a: Kadabra|63\/242
|-status|p1a: Kadabra|par
|
|turn|13
|choice|move 2|move 4
|
|move|p2a: Arcanine|Body Slam|p1a: Kadabra
|-damage|p1a: Kadabra|0 fnt
|faint|p1a: Kadabra
|choice|switch 5|
|
|switch|p1a: Chansey|Chansey, L79|435\/557
|turn|14
|choice|move 2|move 3
|
|move|p2a: Arcanine|Fire Blast|p1a: Chansey
|-damage|p1a: Chansey|326\/557
|-status|p1a: Chansey|brn
|move|p1a: Chansey|Thunder Wave|p2a: Arcanine
|-status|p2a: Arcanine|par
|-damage|p1a: Chansey|292\/557 brn|[from] brn|[of] p2a: Arcanine
|
|turn|15
|choice|move 1|move 4
|
|move|p1a: Chansey|Soft-Boiled|p1a: Chansey
|-heal|p1a: Chansey|557\/557 brn
|-damage|p1a: Chansey|523\/557 brn|[from] brn
|move|p2a: Arcanine|Body Slam|p1a: Chansey
|-damage|p1a: Chansey|340\/557 brn
|
|turn|16
|choice|move 4|move 1
|
|move|p1a: Chansey|Reflect|p1a: Chansey
|-start|p1a: Chansey|Reflect
|-damage|p1a: Chansey|306\/557 brn|[from] brn
|cant|p2a: Arcanine|par
|
|turn|17
|choice|move 3|move 1
|
|move|p1a: Chansey|Ice Beam|p2a: Arcanine
|-damage|p2a: Arcanine|141\/327 par
|-damage|p1a: Chansey|272\/557 brn|[from] brn|[of] p2a: Arcanine
|move|p2a: Arcanine|Hyper Beam|p1a: Chansey
|-damage|p1a: Chansey|126\/557 brn
|
|turn|18
|-mustrecharge|p2a: Arcanine
|-mustrecharge|p2a: Arcanine
|choice|move 1|move 1
|
|move|p1a: Chansey|Soft-Boiled|p1a: Chansey
|-heal|p1a: Chansey|404\/557 brn
|-damage|p1a: Chansey|370\/557 brn|[from] brn
|cant|p2a: Arcanine|recharge
|
|turn|19
|choice|move 3|move 1
|
|move|p1a: Chansey|Ice Beam|p2a: Arcanine
|-damage|p2a: Arcanine|81\/327 par
|-damage|p1a: Chansey|336\/557 brn|[from] brn|[of] p2a: Arcanine
|move|p2a: Arcanine|Hyper Beam|p1a: Chansey
|-damage|p1a: Chansey|187\/557 brn
|
|turn|20
|-mustrecharge|p2a: Arcanine
|-mustrecharge|p2a: Arcanine
|choice|move 1|move 1
|
|move|p1a: Chansey|Soft-Boiled|p1a: Chansey
|-heal|p1a: Chansey|465\/557 brn
|-damage|p1a: Chansey|431\/557 brn|[from] brn
|cant|p2a: Arcanine|recharge
|
|turn|21
|choice|move 3|move 3
|
|move|p1a: Chansey|Ice Beam|p2a: Arcanine
|-damage|p2a: Arcanine|11\/327 par
|-damage|p1a: Chansey|397\/557 brn|[from] brn|[of] p2a: Arcanine
|move|p2a: Arcanine|Fire Blast|p1a: Chansey|[miss]
|-miss|p2a: Arcanine
|
|turn|22
|choice|move 3|move 3
|
|move|p1a: Chansey|Ice Beam|p2a: Arcanine
|-damage|p2a: Arcanine|0 fnt
|faint|p2a: Arcanine
|choice||switch 2
|
|switch|p2a: Zubat|Zubat, L96|272\/272
|turn|23
|choice|move 3|move 3
|
|move|p2a: Zubat|Confuse Ray|p1a: Chansey
|-start|p1a: Chansey|confusion
|-activate|p1a: Chansey|confusion
|move|p1a: Chansey|Ice Beam|p2a: Zubat
|-crit|p2a: Zubat
|-supereffective|p2a: Zubat
|-damage|p2a: Zubat|0 fnt
|faint|p2a: Zubat
|choice||switch 4
|
|switch|p2a: Magneton|Magneton, L90|273\/273
|turn|24
|c|★Shiny Raichu|Well, I see why changes were made after gen 1 at least.
|c|★Shiny Raichu|Offensive Chansey is surprisingly amazing.
|choice|move 3|move 1
|
|move|p2a: Magneton|Thunderbolt|p1a: Chansey
|-damage|p1a: Chansey|261\/557 brn
|-activate|p1a: Chansey|confusion
|move|p1a: Chansey|Ice Beam|p2a: Magneton
|-damage|p2a: Magneton|225\/273
|-status|p2a: Magneton|frz
|-damage|p1a: Chansey|227\/557 brn|[from] brn|[of] p2a: Magneton
|
|turn|25
|c|★Vultur|it's a tank
|c|★Vultur|no way...
|c|★Vultur|well gg
|c|★Shiny Raichu|Good game.
|choice|move 1|move 1
|
|cant|p2a: Magneton|frz
|-activate|p1a: Chansey|confusion
|-damage|p1a: Chansey|212\/557 brn|[from] confusion
|-damage|p1a: Chansey|178\/557 brn|[from] brn
|
|turn|26
|choice|move 1|move 2
|
|cant|p2a: Magneton|frz
|-activate|p1a: Chansey|confusion
|move|p1a: Chansey|Soft-Boiled|p1a: Chansey
|-heal|p1a: Chansey|456\/557 brn
|-damage|p1a: Chansey|422\/557 brn|[from] brn
|
|turn|27
|c|★Shiny Raichu|Yeah... The physical\/special split kinda nerfed Chansey I guess.
|choice|move 3|move 2
|
|cant|p2a: Magneton|frz
|-end|p1a: Chansey|confusion
|move|p1a: Chansey|Ice Beam|p2a: Magneton
|-damage|p2a: Magneton|179\/273 frz
|-damage|p1a: Chansey|388\/557 brn|[from] brn|[of] p2a: Magneton
|
|turn|28
|choice|move 3|move 2
|
|cant|p2a: Magneton|frz
|move|p1a: Chansey|Ice Beam|p2a: Magneton
|-damage|p2a: Magneton|132\/273 frz
|-damage|p1a: Chansey|354\/557 brn|[from] brn|[of] p2a: Magneton
|
|turn|29
|c|★Shiny Raichu|*special split
|choice|move 3|move 2
|
|cant|p2a: Magneton|frz
|move|p1a: Chansey|Ice Beam|p2a: Magneton
|-damage|p2a: Magneton|87\/273 frz
|-damage|p1a: Chansey|320\/557 brn|[from] brn|[of] p2a: Magneton
|
|turn|30
|choice|move 3|move 1
|
|cant|p2a: Magneton|frz
|move|p1a: Chansey|Ice Beam|p2a: Magneton
|-damage|p2a: Magneton|40\/273 frz
|-damage|p1a: Chansey|286\/557 brn|[from] brn|[of] p2a: Magneton
|
|turn|31
|choice|move 3|move 2
|
|cant|p2a: Magneton|frz
|move|p1a: Chansey|Ice Beam|p2a: Magneton
|-damage|p2a: Magneton|0 fnt
|faint|p2a: Magneton
|
|win|Shiny Raichu
|raw|Shiny Raichu's rating: 1000 &rarr; <strong>1060<\/strong><br \/>(+60 for winning)
|raw|Vultur's rating: 1196 &rarr; <strong>1158<\/strong><br \/>(-38 for losing)