|j|Beds
|j|Kel9901
|player|p1|Beds|252
|player|p2|Kel9901|101
|gametype|singles
|gen|1
|tier|[Gen 1] OU
|rated
|seed|10051,25751,36271,55006
|rule|Sleep Clause Mod: Limit one foe put to sleep
|rule|Freeze Clause Mod: Limit one foe frozen
|rule|Species Clause: Limit one of each Pokémon
|rule|OHKO Clause: OHKO moves are banned
|rule|Evasion Moves Clause: Evasion moves are banned
|rule|HP Percentage Mod: HP is shown in percentages
|
|start
|switch|p1a: Starmie|Starmie|323\/323
|switch|p2a: Jynx|Jynx|333\/333
|turn|1
|c|★Kel9901|gl hf
|choice|move 1|move 2
|
|move|p1a: Starmie|Thunder Wave|p2a: Jynx
|-status|p2a: Jynx|par
|move|p2a: Jynx|Lovely Kiss|p1a: Starmie
|-status|p1a: Starmie|slp
|
|turn|2
|c|★Beds|same
|choice|move 3|move 3
|
|-curestatus|p1a: Starmie|slp
|move|p2a: Jynx|Psychic|p1a: Starmie
|-resisted|p1a: Starmie
|-damage|p1a: Starmie|271\/323
|
|turn|3
|choice|move 3|move 2
|
|move|p1a: Starmie|Psychic|p2a: Jynx
|-resisted|p2a: Jynx
|-damage|p2a: Jynx|278\/333 par
|cant|p2a: Jynx|par
|
|turn|4
|choice|move 3|move 2
|
|move|p1a: Starmie|Psychic|p2a: Jynx
|-resisted|p2a: Jynx
|-damage|p2a: Jynx|221\/333 par
|-unboost|p2a: Jynx|spd|1
|-unboost|p2a: Jynx|spa|1
|move|p2a: Jynx|Lovely Kiss|p1a: Starmie|[miss]
|-miss|p2a: Jynx
|
|turn|5
|choice|move 3|move 2
|
|move|p1a: Starmie|Psychic|p2a: Jynx
|-crit|p2a: Jynx
|-resisted|p2a: Jynx
|-damage|p2a: Jynx|119\/333 par
|move|p2a: Jynx|Lovely Kiss|p1a: Starmie
|-status|p1a: Starmie|slp
|
|turn|6
|choice|move 2|switch 6
|
|switch|p2a: Snorlax|Snorlax|523\/523
|-curestatus|p1a: Starmie|slp
|
|turn|7
|choice|move 3|switch 2
|
|switch|p2a: Chansey|Chansey|703\/703
|move|p1a: Starmie|Psychic|p2a: Chansey
|-damage|p2a: Chansey|603\/703
|
|turn|8
|choice|switch 3|switch 3
|
|switch|p1a: Chansey|Chansey|703\/703
|switch|p2a: Exeggutor|Exeggutor|393\/393
|
|turn|9
|choice|switch 3|move 2
|
|switch|p1a: Starmie|Starmie|271\/323
|move|p2a: Exeggutor|Sleep Powder|p1a: Starmie
|-status|p1a: Starmie|slp
|
|turn|10
|choice|switch 2|move 1
|
|switch|p1a: Exeggutor|Exeggutor|393\/393
|move|p2a: Exeggutor|Psychic|p1a: Exeggutor
|-resisted|p1a: Exeggutor
|-damage|p1a: Exeggutor|341\/393
|-unboost|p1a: Exeggutor|spd|1
|-unboost|p1a: Exeggutor|spa|1
|
|turn|11
|choice|move 3|move 3
|
|move|p2a: Exeggutor|Stun Spore|p1a: Exeggutor
|-status|p1a: Exeggutor|par
|move|p1a: Exeggutor|Psychic|p2a: Exeggutor
|-resisted|p2a: Exeggutor
|-damage|p2a: Exeggutor|359\/393
|-unboost|p2a: Exeggutor|spd|1
|-unboost|p2a: Exeggutor|spa|1
|
|turn|12
|choice|move 2|switch 6
|
|switch|p2a: Jynx|Jynx|119\/333 par
|move|p1a: Exeggutor|Double-Edge|p2a: Jynx
|-damage|p2a: Jynx|0 fnt
|-damage|p1a: Exeggutor|312\/393 par|[from] recoil|[of] p2a: Jynx
|faint|p2a: Jynx
|choice||switch 4
|
|switch|p2a: Tauros|Tauros|353\/353
|turn|13
|choice|move 1|move 3
|
|move|p2a: Tauros|Blizzard|p1a: Exeggutor
|-supereffective|p1a: Exeggutor
|-damage|p1a: Exeggutor|111\/393 par
|cant|p1a: Exeggutor|par
|
|turn|14
|choice|switch 5|move 3
|
|switch|p1a: Snorlax|Snorlax|523\/523
|move|p2a: Tauros|Blizzard|p1a: Snorlax|[miss]
|-miss|p2a: Tauros
|
|turn|15
|choice|move 1|move 3
|
|move|p2a: Tauros|Blizzard|p1a: Snorlax
|-crit|p1a: Snorlax
|-damage|p1a: Snorlax|334\/523
|move|p1a: Snorlax|Body Slam|p2a: Tauros
|-damage|p2a: Tauros|247\/353
|
|turn|16
|choice|move 1|switch 5
|
|switch|p2a: Rhydon|Rhydon|413\/413
|move|p1a: Snorlax|Body Slam|p2a: Rhydon
|-resisted|p2a: Rhydon
|-damage|p2a: Rhydon|368\/413
|
|turn|17
|choice|move 3|move 1
|
|move|p2a: Rhydon|Earthquake|p1a: Snorlax
|-damage|p1a: Snorlax|144\/523
|move|p1a: Snorlax|Blizzard|p2a: Rhydon
|-supereffective|p2a: Rhydon
|-damage|p2a: Rhydon|141\/413
|
|turn|18
|choice|switch 5|move 1
|
|switch|p1a: Exeggutor|Exeggutor|111\/393 par
|move|p2a: Rhydon|Earthquake|p1a: Exeggutor
|-resisted|p1a: Exeggutor
|-damage|p1a: Exeggutor|35\/393 par
|
|turn|19
|choice|move 1|move 1
|
|move|p2a: Rhydon|Earthquake|p1a: Exeggutor
|-resisted|p1a: Exeggutor
|-damage|p1a: Exeggutor|0 fnt
|faint|p1a: Exeggutor
|choice|switch 3|
|
|switch|p1a: Chansey|Chansey|703\/703
|turn|20
|choice|move 2|switch 3
|
|switch|p2a: Chansey|Chansey|603\/703
|move|p1a: Chansey|Ice Beam|p2a: Chansey
|-damage|p2a: Chansey|530\/703
|-status|p2a: Chansey|frz
|
|turn|21
|choice|move 1|move 3
|
|cant|p2a: Chansey|frz
|move|p1a: Chansey|Thunder Wave|p2a: Chansey
|-fail|p2a: Chansey
|
|turn|22
|choice|move 2|move 3
|
|move|p1a: Chansey|Ice Beam|p2a: Chansey
|-damage|p2a: Chansey|460\/703 frz
|cant|p2a: Chansey|frz
|
|turn|23
|choice|switch 5|move 3
|
|switch|p1a: Snorlax|Snorlax|144\/523
|cant|p2a: Chansey|frz
|
|turn|24
|choice|move 4|switch 5
|
|switch|p2a: Tauros|Tauros|247\/353
|move|p1a: Snorlax|Rest|p1a: Snorlax
|-status|p1a: Snorlax|slp
|-heal|p1a: Snorlax|523\/523 slp|[silent]
|-status|p1a: Snorlax|slp|[from] move: Rest
|
|turn|25
|choice|move 1|move 1
|
|move|p2a: Tauros|Body Slam|p1a: Snorlax
|-crit|p1a: Snorlax
|-damage|p1a: Snorlax|265\/523 slp
|cant|p1a: Snorlax|slp
|
|turn|26
|choice|switch 2|move 1
|
|switch|p1a: Starmie|Starmie|271\/323 slp
|move|p2a: Tauros|Body Slam|p1a: Starmie
|-damage|p1a: Starmie|158\/323 slp
|
|turn|27
|choice|move 2|move 2
|
|cant|p1a: Starmie|slp
|move|p2a: Tauros|Hyper Beam|p1a: Starmie
|-damage|p1a: Starmie|0 fnt
|faint|p1a: Starmie
|choice|switch 6|
|
|switch|p1a: Slowbro|Slowbro|393\/393
|turn|28
|choice|move 1|switch 3
|
|switch|p2a: Rhydon|Rhydon|141\/413
|move|p1a: Slowbro|Thunder Wave|p2a: Rhydon
|-immune|p2a: Rhydon|[msg]
|
|turn|29
|choice|move 1|move 1
|
|move|p2a: Rhydon|Earthquake|p1a: Slowbro
|-damage|p1a: Slowbro|265\/393
|move|p1a: Slowbro|Thunder Wave|p2a: Rhydon
|-immune|p2a: Rhydon|[msg]
|
|turn|30
|choice|move 3|switch 6
|
|switch|p2a: Exeggutor|Exeggutor|359\/393
|move|p1a: Slowbro|Surf|p2a: Exeggutor
|-resisted|p2a: Exeggutor
|-damage|p2a: Exeggutor|318\/393
|
|turn|31
|choice|switch 2|move 2
|
|switch|p1a: Snorlax|Snorlax|265\/523 slp
|move|p2a: Exeggutor|Sleep Powder|p1a: Snorlax|[miss]
|-miss|p2a: Exeggutor
|
|turn|32
|choice|move 3|move 1
|
|move|p2a: Exeggutor|Psychic|p1a: Snorlax
|-damage|p1a: Snorlax|92\/523 slp
|-curestatus|p1a: Snorlax|slp
|
|turn|33
|choice|switch 5|move 1
|
|switch|p1a: Chansey|Chansey|703\/703
|move|p2a: Exeggutor|Psychic|p1a: Chansey
|-damage|p1a: Chansey|592\/703
|-unboost|p1a: Chansey|spd|1
|-unboost|p1a: Chansey|spa|1
|
|turn|34
|choice|switch 5|move 2
|
|switch|p1a: Snorlax|Snorlax|92\/523
|move|p2a: Exeggutor|Sleep Powder|p1a: Snorlax
|-status|p1a: Snorlax|slp
|
|turn|35
|choice|switch 5|move 3
|
|switch|p1a: Chansey|Chansey|592\/703
|move|p2a: Exeggutor|Stun Spore|p1a: Chansey
|-status|p1a: Chansey|par
|
|turn|36
|choice|move 2|switch 6
|
|switch|p2a: Rhydon|Rhydon|141\/413
|move|p1a: Chansey|Ice Beam|p2a: Rhydon
|-supereffective|p2a: Rhydon
|-damage|p2a: Rhydon|0 fnt
|faint|p2a: Rhydon
|choice||switch 2
|
|switch|p2a: Snorlax|Snorlax|523\/523
|turn|37
|choice|move 1|move 1
|
|move|p2a: Snorlax|Body Slam|p1a: Chansey
|-damage|p1a: Chansey|323\/703 par
|move|p1a: Chansey|Thunder Wave|p2a: Snorlax
|-status|p2a: Snorlax|par
|
|turn|38
|choice|move 4|move 1
|
|move|p1a: Chansey|Soft-Boiled|p1a: Chansey
|-heal|p1a: Chansey|674\/703 par
|move|p2a: Snorlax|Body Slam|p1a: Chansey
|-damage|p1a: Chansey|380\/703 par
|
|turn|39
|choice|move 4|move 1
|
|move|p1a: Chansey|Soft-Boiled|p1a: Chansey
|-heal|p1a: Chansey|703\/703 par
|cant|p2a: Snorlax|par
|
|turn|40
|choice|switch 2|move 1
|
|switch|p1a: Slowbro|Slowbro|265\/393
|move|p2a: Snorlax|Body Slam|p1a: Slowbro
|-crit|p1a: Slowbro
|-damage|p1a: Slowbro|63\/393
|
|turn|41
|choice|move 4|move 1
|
|move|p1a: Slowbro|Rest|p1a: Slowbro
|-status|p1a: Slowbro|slp
|-heal|p1a: Slowbro|393\/393 slp|[silent]
|-status|p1a: Slowbro|slp|[from] move: Rest
|move|p2a: Snorlax|Body Slam|p1a: Slowbro
|-damage|p1a: Slowbro|288\/393 slp
|
|turn|42
|choice|move 2|move 1
|
|cant|p1a: Slowbro|slp
|move|p2a: Snorlax|Body Slam|p1a: Slowbro
|-damage|p1a: Slowbro|185\/393 slp
|
|turn|43
|choice|move 2|move 1
|
|-curestatus|p1a: Slowbro|slp
|move|p2a: Snorlax|Body Slam|p1a: Slowbro
|-damage|p1a: Slowbro|83\/393
|
|turn|44
|choice|move 4|move 1
|
|move|p1a: Slowbro|Rest|p1a: Slowbro
|-status|p1a: Slowbro|slp
|-heal|p1a: Slowbro|393\/393 slp|[silent]
|-status|p1a: Slowbro|slp|[from] move: Rest
|move|p2a: Snorlax|Body Slam|p1a: Slowbro
|-damage|p1a: Slowbro|296\/393 slp
|
|turn|45
|choice|move 2|switch 6
|
|switch|p2a: Exeggutor|Exeggutor|318\/393
|cant|p1a: Slowbro|slp
|
|turn|46
|choice|move 1|move 1
|
|move|p2a: Exeggutor|Psychic|p1a: Slowbro
|-resisted|p1a: Slowbro
|-damage|p1a: Slowbro|227\/393 slp
|-curestatus|p1a: Slowbro|slp
|
|turn|47
|choice|switch 2|move 3
|
|switch|p1a: Chansey|Chansey|703\/703 par
|move|p2a: Exeggutor|Stun Spore|p1a: Chansey
|-fail|p1a: Chansey|par
|
|turn|48
|choice|move 2|move 1
|
|move|p2a: Exeggutor|Psychic|p1a: Chansey
|-damage|p1a: Chansey|576\/703 par
|-unboost|p1a: Chansey|spd|1
|-unboost|p1a: Chansey|spa|1
|cant|p1a: Chansey|par
|
|turn|49
|choice|move 1|move 4
|
|move|p2a: Exeggutor|Explosion|p1a: Chansey
|-damage|p1a: Chansey|0 fnt
|faint|p1a: Chansey
|faint|p2a: Exeggutor
|choice|switch 2|switch 3
|
|switch|p2a: Tauros|Tauros|247\/353
|switch|p1a: Slowbro|Slowbro|227\/393
|turn|50
|choice|move 1|move 1
|
|move|p2a: Tauros|Body Slam|p1a: Slowbro
|-damage|p1a: Slowbro|130\/393
|move|p1a: Slowbro|Thunder Wave|p2a: Tauros
|-status|p2a: Tauros|par
|
|turn|51
|choice|move 4|move 1
|
|move|p1a: Slowbro|Rest|p1a: Slowbro
|-status|p1a: Slowbro|slp
|-heal|p1a: Slowbro|393\/393 slp|[silent]
|-status|p1a: Slowbro|slp|[from] move: Rest
|move|p2a: Tauros|Body Slam|p1a: Slowbro
|-damage|p1a: Slowbro|292\/393 slp
|
|turn|52
|choice|move 2|move 1
|
|cant|p1a: Slowbro|slp
|move|p2a: Tauros|Body Slam|p1a: Slowbro
|-damage|p1a: Slowbro|200\/393 slp
|
|turn|53
|choice|move 3|move 1
|
|-curestatus|p1a: Slowbro|slp
|cant|p2a: Tauros|par
|
|turn|54
|choice|move 3|move 1
|
|move|p1a: Slowbro|Surf|p2a: Tauros
|-damage|p2a: Tauros|129\/353 par
|move|p2a: Tauros|Body Slam|p1a: Slowbro
|-damage|p1a: Slowbro|112\/393
|-status|p1a: Slowbro|par
|
|turn|55
|choice|switch 5|move 2
|
|switch|p1a: Snorlax|Snorlax|92\/523 slp
|move|p2a: Tauros|Hyper Beam|p1a: Snorlax
|-crit|p1a: Snorlax
|-damage|p1a: Snorlax|0 fnt
|faint|p1a: Snorlax
|choice|switch 4|
|
|switch|p1a: Tauros|Tauros|353\/353
|turn|56
|choice|move 4|switch 5
|
|switch|p2a: Chansey|Chansey|460\/703 frz
|move|p1a: Tauros|Hyper Beam|p2a: Chansey
|-crit|p2a: Chansey
|-damage|p2a: Chansey|0 fnt
|faint|p2a: Chansey
|choice||switch 6
|
|switch|p2a: Snorlax|Snorlax|523\/523 par
|turn|57
|choice|move 3|move 1
|
|move|p1a: Tauros|Blizzard|p2a: Snorlax
|-damage|p2a: Snorlax|422\/523 par
|move|p2a: Snorlax|Body Slam|p1a: Tauros
|-crit|p1a: Tauros
|-damage|p1a: Tauros|128\/353
|
|turn|58
|choice|move 1|move 2
|
|move|p1a: Tauros|Body Slam|p2a: Snorlax
|-crit|p2a: Snorlax
|-damage|p2a: Snorlax|156\/523 par
|move|p2a: Snorlax|Hyper Beam|p1a: Tauros
|-damage|p1a: Tauros|0 fnt
|faint|p1a: Tauros
|choice|switch 5|
|
|switch|p1a: Slowbro|Slowbro|112\/393 par
|turn|59
|choice|move 3|move 3
|
|move|p2a: Snorlax|Self-Destruct|p1a: Slowbro
|-damage|p1a: Slowbro|0 fnt
|faint|p1a: Slowbro
|faint|p2a: Snorlax
|
|win|Kel9901
|raw|Beds's rating: 1163 &rarr; <strong>1152<\/strong><br \/>(-11 for losing)
|raw|Kel9901's rating: 1372 &rarr; <strong>1381<\/strong><br \/>(+9 for winning)
|c|★Kel9901|gg
|l|Beds
|player|p1
|l|Kel9901
|player|p2
|j|Kel9901
|player|p2|Kel9901|101