|j|xJoelituh
|j|badaking
|player|p1|xJoelituh|134
|player|p2|badaking|102
|gametype|singles
|gen|1
|tier|[Gen 1] OU
|seed|26513,15464,33070,9826
|rule|Sleep Clause Mod: Limit one foe put to sleep
|rule|Freeze Clause Mod: Limit one foe frozen
|rule|Species Clause: Limit one of each Pokémon
|rule|OHKO Clause: OHKO moves are banned
|rule|Evasion Moves Clause: Evasion moves are banned
|rule|HP Percentage Mod: HP is shown in percentages
|
|start
|switch|p1a: Exeggutor|Exeggutor|393\/393
|switch|p2a: Alakazam|Alakazam|313\/313
|turn|1
|j|CC) Misicloud
|j|Oksort
|choice|move 1|move 3
|
|move|p2a: Alakazam|Thunder Wave|p1a: Exeggutor
|-status|p1a: Exeggutor|par
|move|p1a: Exeggutor|Sleep Powder|p2a: Alakazam
|-status|p2a: Alakazam|slp
|
|turn|2
|choice|move 2|move 1
|
|-curestatus|p2a: Alakazam|slp
|move|p1a: Exeggutor|Psychic|p2a: Alakazam
|-resisted|p2a: Alakazam
|-damage|p2a: Alakazam|260\/313
|-unboost|p2a: Alakazam|spd|1
|-unboost|p2a: Alakazam|spa|1
|
|turn|3
|choice|move 1|move 2
|
|move|p2a: Alakazam|Seismic Toss|p1a: Exeggutor
|-damage|p1a: Exeggutor|293\/393 par
|cant|p1a: Exeggutor|par
|
|turn|4
|choice|move 1|move 2
|
|move|p2a: Alakazam|Seismic Toss|p1a: Exeggutor
|-damage|p1a: Exeggutor|193\/393 par
|move|p1a: Exeggutor|Sleep Powder|p2a: Alakazam
|-status|p2a: Alakazam|slp
|
|turn|5
|choice|move 4|switch 5
|
|switch|p2a: Lapras|Lapras|463\/463
|move|p1a: Exeggutor|Mega Drain|p2a: Lapras
|-supereffective|p2a: Lapras
|-damage|p2a: Lapras|347\/463
|-heal|p1a: Exeggutor|251\/393 par|[from] drain|[of] p2a: Lapras
|
|turn|6
|choice|switch 3|move 1
|
|switch|p1a: Starmie|Starmie|323\/323
|move|p2a: Lapras|Blizzard|p1a: Starmie
|-resisted|p1a: Starmie
|-damage|p1a: Starmie|257\/323
|
|turn|7
|choice|move 2|move 3
|
|move|p1a: Starmie|Psychic|p2a: Lapras
|-damage|p2a: Lapras|243\/463
|-unboost|p2a: Lapras|spd|1
|-unboost|p2a: Lapras|spa|1
|move|p2a: Lapras|Thunderbolt|p1a: Starmie
|-crit|p1a: Starmie
|-supereffective|p1a: Starmie
|-damage|p1a: Starmie|0 fnt
|faint|p1a: Starmie
|c| CC) Misicloud|HAHAHAHAHHAHA
|c| CC) Misicloud|ME MEO
|c| CC) Misicloud|Le cae el drop y lo compensa con el crit
|c|★xJoelituh|aish
|choice|switch 6|
|
|switch|p1a: Alakazam|Alakazam|313\/313
|turn|8
|choice|move 1|switch 4
|
|switch|p2a: Exeggutor|Exeggutor|393\/393
|move|p1a: Alakazam|Psychic|p2a: Exeggutor
|-resisted|p2a: Exeggutor
|-damage|p2a: Exeggutor|336\/393
|
|turn|9
|j|ZaelTX
|choice|switch 3|move 4
|
|switch|p1a: Exeggutor|Exeggutor|251\/393 par
|move|p2a: Exeggutor|Stun Spore|p1a: Exeggutor
|-fail|p1a: Exeggutor|par
|
|turn|10
|c| ZaelTX|joel la chupas
|choice|move 2|move 3
|
|move|p2a: Exeggutor|Psychic|p1a: Exeggutor
|-resisted|p1a: Exeggutor
|-damage|p1a: Exeggutor|197\/393 par
|-unboost|p1a: Exeggutor|spd|1
|-unboost|p1a: Exeggutor|spa|1
|move|p1a: Exeggutor|Psychic|p2a: Exeggutor
|-resisted|p2a: Exeggutor
|-damage|p2a: Exeggutor|299\/393
|
|turn|11
|choice|switch 3|move 3
|
|switch|p1a: Alakazam|Alakazam|313\/313
|move|p2a: Exeggutor|Psychic|p1a: Alakazam
|-resisted|p1a: Alakazam
|-damage|p1a: Alakazam|264\/313
|
|turn|12
|choice|move 2|move 4
|
|move|p1a: Alakazam|Reflect|p1a: Alakazam
|-start|p1a: Alakazam|Reflect
|move|p2a: Exeggutor|Stun Spore|p1a: Alakazam
|-status|p1a: Alakazam|par
|
|turn|13
|choice|move 1|move 3
|
|move|p2a: Exeggutor|Psychic|p1a: Alakazam
|-resisted|p1a: Alakazam
|-damage|p1a: Alakazam|218\/313 par
|-unboost|p1a: Alakazam|spd|1
|-unboost|p1a: Alakazam|spa|1
|move|p1a: Alakazam|Psychic|p2a: Exeggutor
|-resisted|p2a: Exeggutor
|-damage|p2a: Exeggutor|260\/393
|
|turn|14
|choice|move 4|move 3
|
|move|p2a: Exeggutor|Psychic|p1a: Alakazam
|-resisted|p1a: Alakazam
|-damage|p1a: Alakazam|143\/313 par
|-unboost|p1a: Alakazam|spd|1
|-unboost|p1a: Alakazam|spa|1
|move|p1a: Alakazam|Recover|p1a: Alakazam
|-heal|p1a: Alakazam|299\/313 par
|
|turn|15
|c|★xJoelituh|rofl
|choice|switch 3|move 3
|
|switch|p1a: Exeggutor|Exeggutor|197\/393 par
|move|p2a: Exeggutor|Psychic|p1a: Exeggutor
|-resisted|p1a: Exeggutor
|-damage|p1a: Exeggutor|144\/393 par
|
|turn|16
|choice|switch 5|move 3
|
|switch|p1a: Snorlax|Snorlax|523\/523
|move|p2a: Exeggutor|Psychic|p1a: Snorlax
|-damage|p1a: Snorlax|357\/523
|
|turn|17
|choice|move 1|move 3
|
|move|p2a: Exeggutor|Psychic|p1a: Snorlax
|-damage|p1a: Snorlax|185\/523
|-unboost|p1a: Snorlax|spd|1
|-unboost|p1a: Snorlax|spa|1
|move|p1a: Snorlax|Body Slam|p2a: Exeggutor
|-damage|p2a: Exeggutor|146\/393
|
|turn|18
|choice|switch 3|switch 6
|
|switch|p2a: Rhydon|Rhydon|413\/413
|switch|p1a: Alakazam|Alakazam|299\/313 par
|
|turn|19
|choice|switch 5|move 1
|
|switch|p1a: Exeggutor|Exeggutor|144\/393 par
|move|p2a: Rhydon|Earthquake|p1a: Exeggutor
|-resisted|p1a: Exeggutor
|-damage|p1a: Exeggutor|63\/393 par
|
|turn|20
|choice|move 4|move 1
|
|move|p2a: Rhydon|Earthquake|p1a: Exeggutor
|-resisted|p1a: Exeggutor
|-damage|p1a: Exeggutor|0 fnt
|faint|p1a: Exeggutor
|l|CC) Misicloud
|choice|switch 2|
|
|switch|p1a: Tauros|Tauros|353\/353
|turn|21
|choice|move 2|switch 4
|
|switch|p2a: Lapras|Lapras|243\/463
|move|p1a: Tauros|Blizzard|p2a: Lapras
|-crit|p2a: Lapras
|-resisted|p2a: Lapras
|-damage|p2a: Lapras|208\/463
|
|turn|22
|choice|switch 5|move 1
|
|switch|p1a: Alakazam|Alakazam|299\/313 par
|move|p2a: Lapras|Blizzard|p1a: Alakazam
|-damage|p1a: Alakazam|182\/313 par
|
|turn|23
|choice|move 4|move 4
|
|move|p2a: Lapras|Confuse Ray|p1a: Alakazam
|-start|p1a: Alakazam|confusion
|cant|p1a: Alakazam|par
|
|turn|24
|choice|switch 4|move 2
|
|switch|p1a: Chansey|Chansey|703\/703
|move|p2a: Lapras|Body Slam|p1a: Chansey
|-damage|p1a: Chansey|532\/703
|
|turn|25
|choice|move 2|move 1
|
|move|p2a: Lapras|Blizzard|p1a: Chansey
|-damage|p1a: Chansey|395\/703
|move|p1a: Chansey|Thunder Wave|p2a: Lapras
|-status|p2a: Lapras|par
|
|turn|26
|choice|move 4|move 1
|
|move|p1a: Chansey|Seismic Toss|p2a: Lapras
|-damage|p2a: Lapras|108\/463 par
|move|p2a: Lapras|Blizzard|p1a: Chansey
|-damage|p1a: Chansey|270\/703
|
|turn|27
|choice|move 1|switch 4
|
|switch|p2a: Rhydon|Rhydon|413\/413
|move|p1a: Chansey|Soft-Boiled|p1a: Chansey
|-heal|p1a: Chansey|621\/703
|
|turn|28
|choice|move 3|move 1
|
|move|p1a: Chansey|Reflect|p1a: Chansey
|-start|p1a: Chansey|Reflect
|move|p2a: Rhydon|Earthquake|p1a: Chansey
|-damage|p1a: Chansey|412\/703
|
|turn|29
|choice|move 2|switch 6
|
|switch|p2a: Exeggutor|Exeggutor|146\/393
|move|p1a: Chansey|Thunder Wave|p2a: Exeggutor
|-status|p2a: Exeggutor|par
|
|turn|30
|choice|move 1|move 2
|
|move|p1a: Chansey|Soft-Boiled|p1a: Chansey
|-heal|p1a: Chansey|703\/703
|move|p2a: Exeggutor|Rest|p2a: Exeggutor
|-status|p2a: Exeggutor|slp
|-heal|p2a: Exeggutor|393\/393 slp|[silent]
|-status|p2a: Exeggutor|slp|[from] move: Rest
|
|turn|31
|choice|switch 3|move 3
|
|switch|p1a: Snorlax|Snorlax|185\/523
|cant|p2a: Exeggutor|slp
|
|turn|32
|choice|move 2|move 3
|
|move|p1a: Snorlax|Ice Beam|p2a: Exeggutor
|-supereffective|p2a: Exeggutor
|-damage|p2a: Exeggutor|289\/393 slp
|-curestatus|p2a: Exeggutor|slp
|
|turn|33
|choice|move 1|move 3
|
|move|p1a: Snorlax|Body Slam|p2a: Exeggutor
|-damage|p2a: Exeggutor|168\/393
|move|p2a: Exeggutor|Psychic|p1a: Snorlax
|-damage|p1a: Snorlax|17\/523
|-unboost|p1a: Snorlax|spd|1
|-unboost|p1a: Snorlax|spa|1
|
|turn|34
|c|★badaking|why is that faster lol
|c|★xJoelituh|because of the para
|c|★xJoelituh|your speed is still dropped
|c|★badaking|o interesting
|choice|move 4|switch 6
|
|switch|p2a: Rhydon|Rhydon|413\/413
|move|p1a: Snorlax|Rest|p1a: Snorlax
|-status|p1a: Snorlax|slp
|-heal|p1a: Snorlax|523\/523 slp|[silent]
|-status|p1a: Snorlax|slp|[from] move: Rest
|
|turn|35
|choice|switch 4|move 1
|
|switch|p1a: Alakazam|Alakazam|182\/313 par
|move|p2a: Rhydon|Earthquake|p1a: Alakazam
|-damage|p1a: Alakazam|0 fnt
|faint|p1a: Alakazam
|choice|switch 5|
|
|switch|p1a: Tauros|Tauros|353\/353
|turn|36
|choice|move 2|switch 4
|
|switch|p2a: Lapras|Lapras|108\/463 par
|move|p1a: Tauros|Blizzard|p2a: Lapras
|-resisted|p2a: Lapras
|-damage|p2a: Lapras|89\/463 par
|
|turn|37
|choice|move 1|move 1
|
|move|p1a: Tauros|Body Slam|p2a: Lapras
|-damage|p2a: Lapras|0 fnt
|faint|p2a: Lapras
|choice||switch 2
|
|switch|p2a: Chansey|Chansey|703\/703
|turn|38
|choice|switch 4|move 4
|
|switch|p1a: Snorlax|Snorlax|523\/523 slp
|move|p2a: Chansey|Seismic Toss|p1a: Snorlax
|-damage|p1a: Snorlax|423\/523 slp
|
|turn|39
|choice|move 3|move 4
|
|move|p2a: Chansey|Seismic Toss|p1a: Snorlax
|-damage|p1a: Snorlax|323\/523 slp
|cant|p1a: Snorlax|slp
|
|turn|40
|choice|move 3|move 4
|
|move|p2a: Chansey|Seismic Toss|p1a: Snorlax
|-damage|p1a: Snorlax|223\/523 slp
|-curestatus|p1a: Snorlax|slp
|
|turn|41
|choice|switch 4|move 3
|
|switch|p1a: Tauros|Tauros|353\/353
|move|p2a: Chansey|Sing|p1a: Tauros|[miss]
|-miss|p2a: Chansey
|
|turn|42
|choice|switch 3|move 2
|
|switch|p1a: Chansey|Chansey|703\/703
|move|p2a: Chansey|Thunder Wave|p1a: Chansey
|-status|p1a: Chansey|par
|
|turn|43
|choice|move 4|move 4
|
|move|p2a: Chansey|Seismic Toss|p1a: Chansey
|-damage|p1a: Chansey|603\/703 par
|move|p1a: Chansey|Seismic Toss|p2a: Chansey
|-damage|p2a: Chansey|603\/703
|
|turn|44
|choice|move 2|switch 6
|
|switch|p2a: Exeggutor|Exeggutor|168\/393
|move|p1a: Chansey|Thunder Wave|p2a: Exeggutor
|-status|p2a: Exeggutor|par
|
|turn|45
|choice|move 3|move 2
|
|move|p2a: Exeggutor|Rest|p2a: Exeggutor
|-status|p2a: Exeggutor|slp
|-heal|p2a: Exeggutor|393\/393 slp|[silent]
|-status|p2a: Exeggutor|slp|[from] move: Rest
|cant|p1a: Chansey|par
|
|turn|46
|choice|switch 4|move 3
|
|switch|p1a: Snorlax|Snorlax|223\/523
|cant|p2a: Exeggutor|slp
|
|turn|47
|choice|move 3|move 3
|
|move|p1a: Snorlax|Amnesia|p1a: Snorlax
|-boost|p1a: Snorlax|spd|2
|-boost|p1a: Snorlax|spa|2
|-curestatus|p2a: Exeggutor|slp
|
|turn|48
|choice|move 2|move 1
|
|move|p1a: Snorlax|Ice Beam|p2a: Exeggutor
|-supereffective|p2a: Exeggutor
|-damage|p2a: Exeggutor|207\/393
|move|p2a: Exeggutor|Leech Seed|p1a: Snorlax
|-start|p1a: Snorlax|move: Leech Seed
|
|turn|49
|choice|move 2|move 3
|
|move|p1a: Snorlax|Ice Beam|p2a: Exeggutor
|-supereffective|p2a: Exeggutor
|-damage|p2a: Exeggutor|25\/393
|-damage|p1a: Snorlax|191\/523|[from] Leech Seed|[of] p2a: Exeggutor
|-heal|p2a: Exeggutor|57\/393|[silent]
|move|p2a: Exeggutor|Psychic|p1a: Snorlax
|-crit|p1a: Snorlax
|-damage|p1a: Snorlax|0 fnt
|faint|p1a: Snorlax
|choice|switch 3|
|
|switch|p1a: Tauros|Tauros|353\/353
|turn|50
|choice|move 1|switch 5
|
|switch|p2a: Alakazam|Alakazam|260\/313 slp
|move|p1a: Tauros|Body Slam|p2a: Alakazam
|-damage|p2a: Alakazam|91\/313 slp
|
|turn|51
|choice|move 1|move 1
|
|cant|p2a: Alakazam|slp
|move|p1a: Tauros|Body Slam|p2a: Alakazam
|-damage|p2a: Alakazam|0 fnt
|faint|p2a: Alakazam
|choice||switch 6
|
|switch|p2a: Chansey|Chansey|603\/703
|turn|52
|choice|switch 4|switch 4
|
|switch|p1a: Chansey|Chansey|603\/703 par
|switch|p2a: Rhydon|Rhydon|413\/413
|
|turn|53
|choice|move 3|move 1
|
|move|p2a: Rhydon|Earthquake|p1a: Chansey
|-damage|p1a: Chansey|191\/703 par
|move|p1a: Chansey|Reflect|p1a: Chansey
|-start|p1a: Chansey|Reflect
|
|turn|54
|choice|move 1|move 1
|
|move|p2a: Rhydon|Earthquake|p1a: Chansey
|-damage|p1a: Chansey|0 fnt
|faint|p1a: Chansey
|c|★badaking|gg
|choice|switch 4|
|
|switch|p1a: Tauros|Tauros|353\/353
|turn|55
|choice|move 2|switch 5
|
|switch|p2a: Exeggutor|Exeggutor|57\/393
|move|p1a: Tauros|Blizzard|p2a: Exeggutor|[miss]
|-miss|p1a: Tauros
|
|turn|56
|choice|move 1|move 3
|
|move|p1a: Tauros|Body Slam|p2a: Exeggutor
|-damage|p2a: Exeggutor|0 fnt
|faint|p2a: Exeggutor
|choice||switch 4
|
|switch|p2a: Chansey|Chansey|603\/703
|turn|57
|choice|move 2|move 2
|
|move|p1a: Tauros|Blizzard|p2a: Chansey
|-damage|p2a: Chansey|526\/703
|move|p2a: Chansey|Thunder Wave|p1a: Tauros
|-status|p1a: Tauros|par
|
|turn|58
|choice|move 2|move 4
|
|move|p2a: Chansey|Seismic Toss|p1a: Tauros
|-damage|p1a: Tauros|253\/353 par
|move|p1a: Tauros|Blizzard|p2a: Chansey
|-damage|p2a: Chansey|454\/703
|
|turn|59
|choice|move 1|move 4
|
|move|p2a: Chansey|Seismic Toss|p1a: Tauros
|-damage|p1a: Tauros|153\/353 par
|move|p1a: Tauros|Body Slam|p2a: Chansey
|-crit|p2a: Chansey
|-damage|p2a: Chansey|0 fnt
|faint|p2a: Chansey
|choice||switch 5
|
|switch|p2a: Rhydon|Rhydon|413\/413
|turn|60
|choice|move 2|move 1
|
|move|p2a: Rhydon|Earthquake|p1a: Tauros
|-damage|p1a: Tauros|3\/353 par
|move|p1a: Tauros|Blizzard|p2a: Rhydon
|-supereffective|p2a: Rhydon
|-damage|p2a: Rhydon|168\/413
|
|turn|61
|c|★xJoelituh|uf
|c|★xJoelituh|x)
|c|★badaking|yea
|c|★badaking|gg
|c|★xJoelituh|w\/e you still win w tauros
|c|★xJoelituh|ggs
|choice|move 1|move 1
|
|move|p2a: Rhydon|Earthquake|p1a: Tauros
|-damage|p1a: Tauros|0 fnt
|faint|p1a: Tauros
|
|win|badaking
|player|p1
|player|p2