|join|ICY MANE
|join|Kribbello
|player|p1|ICY MANE|56
|player|p2|Kribbello|117
|gametype|singles
|gen|1
|tier|[Gen 1] Random Battle
|rated
|rule|Sleep Clause Mod: Limit one foe put to sleep
|rule|Freeze Clause Mod: Limit one foe frozen
|rule|HP Percentage Mod: HP is shown in percentages
|
|start
|switch|p1a: Clefable|Clefable, L85|335\/335
|switch|p2a: Zapdos|Zapdos, L79|304\/304
|turn|1
|
|switch|p2a: Eevee|Eevee, L96|300\/300
|move|p1a: Clefable|Thunder Wave|p2a: Eevee
|-status|p2a: Eevee|par
|
|turn|2
|
|move|p2a: Eevee|Toxic|p1a: Clefable
|-status|p1a: Clefable|tox
|move|p1a: Clefable|Counter|p2a: Eevee
|-fail|p1a: Clefable
|-damage|p1a: Clefable|315\/335 tox|[from] tox|[of] p2a: Eevee
|
|turn|3
|
|move|p1a: Clefable|Thunderbolt|p2a: Eevee
|-damage|p2a: Eevee|236\/300 par
|-damage|p1a: Clefable|275\/335 tox|[from] tox|[of] p2a: Eevee
|move|p2a: Eevee|Sand Attack|p1a: Clefable
|-unboost|p1a: Clefable|accuracy|1
|
|turn|4
|
|switch|p1a: Arcanine|Arcanine, L85|327\/327
|move|p2a: Eevee|Sand Attack|p1a: Arcanine
|-unboost|p1a: Arcanine|accuracy|1
|
|turn|5
|
|move|p1a: Arcanine|Hyper Beam|p2a: Eevee|[miss]
|-miss|p1a: Arcanine
|move|p2a: Eevee|Sand Attack|p1a: Arcanine
|-unboost|p1a: Arcanine|accuracy|1
|
|turn|6
|
|move|p1a: Arcanine|Hyper Beam|p2a: Eevee|[miss]
|-miss|p1a: Arcanine
|cant|p2a: Eevee|par
|
|turn|7
|
|move|p1a: Arcanine|Hyper Beam|p2a: Eevee
|-damage|p2a: Eevee|87\/300 par
|cant|p2a: Eevee|par
|
|turn|8
|-mustrecharge|p1a: Arcanine
|-mustrecharge|p1a: Arcanine
|
|cant|p1a: Arcanine|recharge
|move|p2a: Eevee|Toxic|p1a: Arcanine
|-status|p1a: Arcanine|tox
|
|turn|9
|c|★Kribbello|hax
|
|switch|p1a: Clefable|Clefable, L85|275\/335 tox
|-status|p1a: Clefable|psn
|-damage|p1a: Clefable|255\/335 psn|[from] psn
|move|p2a: Eevee|Sand Attack|p1a: Clefable
|-unboost|p1a: Clefable|accuracy|1
|
|turn|10
|
|move|p1a: Clefable|Body Slam|p2a: Eevee
|-damage|p2a: Eevee|0 fnt
|faint|p2a: Eevee
|
|switch|p2a: Magmar|Magmar, L90|300\/300
|turn|11
|
|switch|p1a: Arcanine|Arcanine, L85|327\/327 tox
|-status|p1a: Arcanine|psn
|-damage|p1a: Arcanine|307\/327 psn|[from] psn
|move|p2a: Magmar|Confuse Ray|p1a: Arcanine
|-start|p1a: Arcanine|confusion
|
|turn|12
|
|switch|p1a: Seaking|Seaking, L90|327\/327
|move|p2a: Magmar|Body Slam|p1a: Seaking
|-damage|p1a: Seaking|250\/327
|-status|p1a: Seaking|par
|
|turn|13
|
|move|p2a: Magmar|Confuse Ray|p1a: Seaking
|-start|p1a: Seaking|confusion
|cant|p1a: Seaking|par
|
|turn|14
|
|move|p2a: Magmar|Hyper Beam|p1a: Seaking
|-crit|p1a: Seaking
|-damage|p1a: Seaking|12\/327 par
|-activate|p1a: Seaking|confusion
|-damage|p1a: Seaking|0 fnt|[from] confusion
|faint|p1a: Seaking
|c|★Kribbello|omg these hax
|
|switch|p1a: Jolteon|Jolteon, L79|265\/265
|turn|15
|-mustrecharge|p2a: Magmar
|-mustrecharge|p2a: Magmar
|
|move|p1a: Jolteon|Thunderbolt|p2a: Magmar
|-damage|p2a: Magmar|204\/300
|cant|p2a: Magmar|recharge
|
|turn|16
|
|switch|p2a: Kakuna|Kakuna, L99|290\/290
|move|p1a: Jolteon|Thunderbolt|p2a: Kakuna
|-damage|p2a: Kakuna|140\/290
|
|turn|17
|
|move|p1a: Jolteon|Thunderbolt|p2a: Kakuna
|-damage|p2a: Kakuna|0 fnt
|faint|p2a: Kakuna
|
|switch|p2a: Magmar|Magmar, L90|204\/300
|turn|18
|
|move|p1a: Jolteon|Thunderbolt|p2a: Magmar
|-crit|p2a: Magmar
|-damage|p2a: Magmar|15\/300
|move|p2a: Magmar|Body Slam|p1a: Jolteon
|-damage|p1a: Jolteon|169\/265
|-status|p1a: Jolteon|par
|
|turn|19
|
|move|p2a: Magmar|Hyper Beam|p1a: Jolteon
|-damage|p1a: Jolteon|19\/265 par
|move|p1a: Jolteon|Thunderbolt|p2a: Magmar
|-crit|p2a: Magmar
|-damage|p2a: Magmar|0 fnt
|faint|p2a: Magmar
|
|switch|p2a: Magneton|Magneton, L90|273\/273
|turn|20
|
|move|p2a: Magneton|Thunderbolt|p1a: Jolteon
|-resisted|p1a: Jolteon
|-damage|p1a: Jolteon|0 fnt
|faint|p1a: Jolteon
|
|switch|p1a: Venomoth|Venomoth, L85|293\/293
|turn|21
|
|move|p1a: Venomoth|Sleep Powder|p2a: Magneton
|-status|p2a: Magneton|slp
|cant|p2a: Magneton|slp
|
|turn|22
|
|move|p1a: Venomoth|Psychic|p2a: Magneton
|-damage|p2a: Magneton|226\/273 slp
|-curestatus|p2a: Magneton|slp
|
|turn|23
|
|move|p1a: Venomoth|Sleep Powder|p2a: Magneton
|-status|p2a: Magneton|slp
|cant|p2a: Magneton|slp
|
|turn|24
|
|move|p1a: Venomoth|Psychic|p2a: Magneton
|-damage|p2a: Magneton|178\/273 slp
|cant|p2a: Magneton|slp
|
|turn|25
|
|move|p1a: Venomoth|Psychic|p2a: Magneton
|-damage|p2a: Magneton|134\/273 slp
|cant|p2a: Magneton|slp
|
|turn|26
|
|move|p1a: Venomoth|Psychic|p2a: Magneton
|-crit|p2a: Magneton
|-damage|p2a: Magneton|37\/273 slp
|cant|p2a: Magneton|slp
|
|turn|27
|
|move|p1a: Venomoth|Psychic|p2a: Magneton
|-crit|p2a: Magneton
|-damage|p2a: Magneton|0 fnt
|faint|p2a: Magneton
|
|switch|p2a: Zapdos|Zapdos, L79|304\/304
|turn|28
|
|move|p1a: Venomoth|Sleep Powder|p2a: Zapdos|[miss]
|-miss|p1a: Venomoth
|move|p2a: Zapdos|Drill Peck|p1a: Venomoth
|-supereffective|p1a: Venomoth
|-damage|p1a: Venomoth|120\/293
|
|turn|29
|
|move|p1a: Venomoth|Sleep Powder|p2a: Zapdos
|-status|p2a: Zapdos|slp
|-curestatus|p2a: Zapdos|slp
|
|turn|30
|
|move|p1a: Venomoth|Sleep Powder|p2a: Zapdos|[miss]
|-miss|p1a: Venomoth
|move|p2a: Zapdos|Drill Peck|p1a: Venomoth
|-crit|p1a: Venomoth
|-supereffective|p1a: Venomoth
|-damage|p1a: Venomoth|0 fnt
|faint|p1a: Venomoth
|
|switch|p1a: Clefable|Clefable, L85|255\/335 psn
|turn|31
|
|move|p2a: Zapdos|Thunderbolt|p1a: Clefable
|-damage|p1a: Clefable|143\/335 psn
|move|p1a: Clefable|Thunder Wave|p2a: Zapdos
|-status|p2a: Zapdos|par
|-damage|p1a: Clefable|123\/335 psn|[from] psn|[of] p2a: Zapdos
|
|turn|32
|
|move|p1a: Clefable|Thunderbolt|p2a: Zapdos
|-damage|p2a: Zapdos|250\/304 par
|-damage|p1a: Clefable|103\/335 psn|[from] psn|[of] p2a: Zapdos
|move|p2a: Zapdos|Thunderbolt|p1a: Clefable|[miss]
|-miss|p2a: Zapdos
|
|turn|33
|
|move|p1a: Clefable|Body Slam|p2a: Zapdos
|-damage|p2a: Zapdos|173\/304 par
|-damage|p1a: Clefable|83\/335 psn|[from] psn|[of] p2a: Zapdos
|move|p2a: Zapdos|Thunderbolt|p1a: Clefable
|-damage|p1a: Clefable|0 fnt
|faint|p1a: Clefable
|
|switch|p1a: Jynx|Jynx, L79|265\/265
|turn|34
|
|move|p1a: Jynx|Blizzard|p2a: Zapdos
|-crit|p2a: Zapdos
|-supereffective|p2a: Zapdos
|-damage|p2a: Zapdos|0 fnt
|faint|p2a: Zapdos
|
|switch|p2a: Alakazam|Alakazam, L79|249\/249
|turn|35
|
|move|p2a: Alakazam|Thunder Wave|p1a: Jynx
|-status|p1a: Jynx|par
|cant|p1a: Jynx|par
|
|turn|36
|
|move|p2a: Alakazam|Psychic|p1a: Jynx
|-resisted|p1a: Jynx
|-damage|p1a: Jynx|210\/265 par
|-unboost|p1a: Jynx|spd|1
|-unboost|p1a: Jynx|spa|1
|move|p1a: Jynx|Lovely Kiss|p2a: Alakazam
|-status|p2a: Alakazam|slp
|
|turn|37
|
|switch|p1a: Arcanine|Arcanine, L85|307\/327 psn
|-damage|p1a: Arcanine|287\/327 psn|[from] psn
|cant|p2a: Alakazam|slp
|
|turn|38
|
|cant|p2a: Alakazam|slp
|move|p1a: Arcanine|Body Slam|p2a: Alakazam
|-damage|p2a: Alakazam|143\/249 slp
|-damage|p1a: Arcanine|267\/327 psn|[from] psn|[of] p2a: Alakazam
|
|turn|39
|
|-curestatus|p2a: Alakazam|slp
|move|p1a: Arcanine|Hyper Beam|p2a: Alakazam|[miss]
|-miss|p1a: Arcanine
|-damage|p1a: Arcanine|247\/327 psn|[from] psn|[of] p2a: Alakazam
|
|turn|40
|
|move|p2a: Alakazam|Recover|p2a: Alakazam
|-heal|p2a: Alakazam|249\/249
|move|p1a: Arcanine|Hyper Beam|p2a: Alakazam
|-damage|p2a: Alakazam|65\/249
|-damage|p1a: Arcanine|227\/327 psn|[from] psn|[of] p2a: Alakazam
|
|turn|41
|-mustrecharge|p1a: Arcanine
|-mustrecharge|p1a: Arcanine
|
|move|p2a: Alakazam|Recover|p2a: Alakazam
|-heal|p2a: Alakazam|189\/249
|cant|p1a: Arcanine|recharge
|-damage|p1a: Arcanine|207\/327 psn|[from] psn|[of] p2a: Alakazam
|
|turn|42
|
|move|p2a: Alakazam|Recover|p2a: Alakazam
|-heal|p2a: Alakazam|249\/249
|move|p1a: Arcanine|Body Slam|p2a: Alakazam
|-damage|p2a: Alakazam|148\/249
|-damage|p1a: Arcanine|187\/327 psn|[from] psn|[of] p2a: Alakazam
|
|turn|43
|
|switch|p1a: Jynx|Jynx, L79|210\/265 par
|move|p2a: Alakazam|Recover|p2a: Alakazam
|-heal|p2a: Alakazam|249\/249
|
|turn|44
|
|move|p2a: Alakazam|Reflect|p2a: Alakazam
|-start|p2a: Alakazam|Reflect
|move|p1a: Jynx|Lovely Kiss|p2a: Alakazam
|-status|p2a: Alakazam|slp
|
|turn|45
|
|switch|p1a: Arcanine|Arcanine, L85|187\/327 psn
|-damage|p1a: Arcanine|167\/327 psn|[from] psn
|-curestatus|p2a: Alakazam|slp
|
|turn|46
|
|switch|p1a: Jynx|Jynx, L79|210\/265 par
|move|p2a: Alakazam|Psychic|p1a: Jynx
|-resisted|p1a: Jynx
|-damage|p1a: Jynx|154\/265 par
|
|turn|47
|
|move|p2a: Alakazam|Psychic|p1a: Jynx
|-resisted|p1a: Jynx
|-damage|p1a: Jynx|106\/265 par
|move|p1a: Jynx|Lovely Kiss|p2a: Alakazam
|-status|p2a: Alakazam|slp
|
|turn|48
|
|switch|p1a: Arcanine|Arcanine, L85|167\/327 psn
|-damage|p1a: Arcanine|147\/327 psn|[from] psn
|-curestatus|p2a: Alakazam|slp
|
|turn|49
|
|switch|p1a: Jynx|Jynx, L79|106\/265 par
|move|p2a: Alakazam|Psychic|p1a: Jynx
|-resisted|p1a: Jynx
|-damage|p1a: Jynx|57\/265 par
|
|turn|50
|
|move|p2a: Alakazam|Psychic|p1a: Jynx
|-resisted|p1a: Jynx
|-damage|p1a: Jynx|4\/265 par
|move|p1a: Jynx|Lovely Kiss|p2a: Alakazam|[miss]
|-miss|p1a: Jynx
|
|turn|51
|-message|ICY MANE forfeited.
|
|win|Kribbello
|raw|Ladder updating...
|raw|ICY MANE's rating: 1233 &rarr; <strong>1204<\/strong><br \/>(-29 for losing)
|raw|Kribbello's rating: 1176 &rarr; <strong>1205<\/strong><br \/>(+29 for winning)
|leave|ICY MANE
|player|p1