|j|trickster is a fag
|j|exe2064
|player|p1|trickster is a fag|102
|player|p2|exe2064|232
|gametype|singles
|gen|1
|tier|[Gen 1] Random Battle
|rated
|seed|18942,27681,37001,44701
|rule|Sleep Clause Mod: Limit one foe put to sleep
|rule|Freeze Clause Mod: Limit one foe frozen
|rule|HP Percentage Mod: HP is shown in percentages
|
|start
|switch|p1a: Parasect|Parasect, L90|291\/291
|switch|p2a: Wigglytuff|Wigglytuff, L90|435\/435
|turn|1
|choice|move 2|move 2
|
|move|p2a: Wigglytuff|Thunder Wave|p1a: Parasect
|-status|p1a: Parasect|par
|move|p1a: Parasect|Mega Drain|p2a: Wigglytuff
|-damage|p2a: Wigglytuff|375\/435
|
|turn|2
|choice|move 4|switch 6
|
|switch|p2a: Articuno|Articuno, L79|304\/304
|move|p1a: Parasect|Slash|p2a: Articuno
|-crit|p2a: Articuno
|-damage|p2a: Articuno|203\/304
|
|turn|3
|choice|switch 5|move 1
|
|switch|p1a: Golduck|Golduck, L85|310\/310
|move|p2a: Articuno|Blizzard|p1a: Golduck
|-resisted|p1a: Golduck
|-damage|p1a: Golduck|237\/310
|
|turn|4
|choice|move 1|switch 6
|
|switch|p2a: Wigglytuff|Wigglytuff, L90|375\/435
|move|p1a: Golduck|Amnesia|p1a: Golduck
|-boost|p1a: Golduck|spd|2
|-boost|p1a: Golduck|spa|2
|
|turn|5
|choice|move 4|move 2
|
|move|p1a: Golduck|Ice Beam|p2a: Wigglytuff
|-damage|p2a: Wigglytuff|226\/435
|move|p2a: Wigglytuff|Thunder Wave|p1a: Golduck
|-status|p1a: Golduck|par
|
|turn|6
|choice|move 1|switch 3
|
|switch|p2a: Primeape|Primeape, L90|300\/300
|move|p1a: Golduck|Amnesia|p1a: Golduck
|-boost|p1a: Golduck|spd|2
|-boost|p1a: Golduck|spa|2
|
|turn|7
|choice|move 4|move 1
|
|move|p2a: Primeape|Mega Kick|p1a: Golduck
|-crit|p1a: Golduck
|-damage|p1a: Golduck|39\/310 par
|move|p1a: Golduck|Ice Beam|p2a: Primeape
|-damage|p2a: Primeape|80\/300
|
|turn|8
|choice|move 4|move 2
|
|move|p2a: Primeape|Rock Slide|p1a: Golduck|[miss]
|-miss|p2a: Primeape
|move|p1a: Golduck|Ice Beam|p2a: Primeape
|-damage|p2a: Primeape|0 fnt
|faint|p2a: Primeape
|choice||switch 3
|
|switch|p2a: Wigglytuff|Wigglytuff, L90|226\/435
|turn|9
|choice|move 2|move 3
|
|move|p2a: Wigglytuff|Bubble Beam|p1a: Golduck|[miss]
|-miss|p2a: Wigglytuff
|move|p1a: Golduck|Rest|p1a: Golduck
|-status|p1a: Golduck|slp
|-heal|p1a: Golduck|310\/310 slp|[silent]
|-status|p1a: Golduck|slp|[from] move: Rest
|
|turn|10
|choice|move 2|switch 5
|
|switch|p2a: Gengar|Gengar, L79|257\/257
|cant|p1a: Golduck|slp
|
|turn|11
|choice|move 1|move 3
|
|move|p2a: Gengar|Psychic|p1a: Golduck
|-damage|p1a: Golduck|285\/310 slp
|-curestatus|p1a: Golduck|slp
|
|turn|12
|choice|move 4|move 1
|
|move|p2a: Gengar|Hypnosis|p1a: Golduck|[miss]
|-miss|p2a: Gengar
|move|p1a: Golduck|Ice Beam|p2a: Gengar
|-damage|p2a: Gengar|109\/257
|
|turn|13
|choice|move 4|move 1
|
|move|p2a: Gengar|Hypnosis|p1a: Golduck
|-status|p1a: Golduck|slp
|cant|p1a: Golduck|slp
|
|turn|14
|choice|move 4|switch 2
|
|switch|p2a: Growlithe|Growlithe, L96|300\/300
|cant|p1a: Golduck|slp
|
|turn|15
|choice|move 4|move 2
|
|move|p2a: Growlithe|Body Slam|p1a: Golduck
|-damage|p1a: Golduck|223\/310 slp
|-curestatus|p1a: Golduck|slp
|
|turn|16
|choice|move 4|move 2
|
|move|p2a: Growlithe|Body Slam|p1a: Golduck
|-damage|p1a: Golduck|153\/310
|-status|p1a: Golduck|par
|move|p1a: Golduck|Ice Beam|p2a: Growlithe
|-damage|p2a: Growlithe|94\/300
|
|turn|17
|choice|move 4|move 2
|
|move|p2a: Growlithe|Body Slam|p1a: Golduck
|-damage|p1a: Golduck|88\/310 par
|move|p1a: Golduck|Ice Beam|p2a: Growlithe
|-crit|p2a: Growlithe
|-damage|p2a: Growlithe|0 fnt
|faint|p2a: Growlithe
|choice||switch 4
|
|switch|p2a: Moltres|Moltres, L85|327\/327
|turn|18
|choice|move 4|move 4
|
|move|p2a: Moltres|Hyper Beam|p1a: Golduck
|-damage|p1a: Golduck|0 fnt
|faint|p1a: Golduck
|choice|switch 2|
|
|switch|p1a: Psyduck|Psyduck, L96|291\/291
|turn|19
|choice|move 1|switch 5
|
|switch|p2a: Wigglytuff|Wigglytuff, L90|226\/435
|move|p1a: Psyduck|Amnesia|p1a: Psyduck
|-boost|p1a: Psyduck|spd|2
|-boost|p1a: Psyduck|spa|2
|
|turn|20
|choice|move 2|move 1
|
|move|p1a: Psyduck|Surf|p2a: Wigglytuff
|-damage|p2a: Wigglytuff|0 fnt
|faint|p2a: Wigglytuff
|-message|exe2064 forfeited.
|
|win|trickster is a fag
|l|exe2064
|player|p2
|raw|trickster is a fag's rating: 1434 &rarr; <strong>1440<\/strong><br \/>(+6 for winning)
|raw|exe2064's rating: 1137 &rarr; <strong>1129<\/strong><br \/>(-8 for losing)