|join|kid gf lol
|join|effdsf
|player|p1|kid gf lol|1
|player|p2|effdsf|2
|gametype|singles
|gen|1
|tier|[Gen 1] OU
|rated
|seed|24744,33693,38413,11211
|rule|Sleep Clause Mod: Limit one foe put to sleep
|rule|Freeze Clause Mod: Limit one foe frozen
|rule|Species Clause: Limit one of each Pokémon
|rule|OHKO Clause: OHKO moves are banned
|rule|Evasion Moves Clause: Evasion moves are banned
|rule|HP Percentage Mod: HP is shown in percentages
|
|start
|switch|p1a: Gengar|Gengar|323\/323
|switch|p2a: Jynx|Jynx|333\/333
|turn|1
|join|jingkela3
|leave|jingkela3
|choice|move 3|switch 6
|
|switch|p2a: Golem|Golem|363\/363
|move|p1a: Gengar|Hypnosis|p2a: Golem
|-status|p2a: Golem|slp
|
|turn|2
|c|★effdsf|wow
|choice|move 1|switch 2
|
|switch|p2a: Exeggutor|Exeggutor|393\/393
|move|p1a: Gengar|Psychic|p2a: Exeggutor
|-resisted|p2a: Exeggutor
|-damage|p2a: Exeggutor|360\/393
|
|turn|3
|choice|switch 2|move 2
|
|switch|p1a: Alakazam|Alakazam|313\/313
|move|p2a: Exeggutor|Sleep Powder|p1a: Alakazam
|-status|p1a: Alakazam|slp
|
|turn|4
|choice|switch 3|move 1
|
|switch|p1a: Chansey|Chansey|703\/703
|move|p2a: Exeggutor|Psychic|p1a: Chansey
|-damage|p1a: Chansey|578\/703
|
|turn|5
|choice|move 2|move 3
|
|move|p2a: Exeggutor|Stun Spore|p1a: Chansey|[miss]
|-miss|p2a: Exeggutor
|move|p1a: Chansey|Thunderbolt|p2a: Exeggutor
|-resisted|p2a: Exeggutor
|-damage|p2a: Exeggutor|326\/393
|
|turn|6
|choice|move 4|switch 5
|
|switch|p2a: Chansey|Chansey|703\/703
|move|p1a: Chansey|Thunder Wave|p2a: Chansey
|-status|p2a: Chansey|par
|
|turn|7
|choice|move 2|move 2
|
|move|p1a: Chansey|Thunderbolt|p2a: Chansey
|-damage|p2a: Chansey|625\/703 par
|cant|p2a: Chansey|par
|
|turn|8
|choice|switch 4|move 1
|
|switch|p1a: Cloyster|Cloyster|303\/303
|move|p2a: Chansey|Ice Beam|p1a: Cloyster
|-resisted|p1a: Cloyster
|-damage|p1a: Cloyster|281\/303
|
|turn|9
|choice|move 3|move 3
|
|move|p1a: Cloyster|Clamp|p2a: Chansey
|-damage|p2a: Chansey|588\/703 par
|-activate|p2a: Chansey|move: Clamp|[of] p1a: Cloyster
|cant|p2a: Chansey|partiallytrapped
|
|turn|10
|choice|move 3|move 3
|
|move|p1a: Cloyster|Clamp|p2a: Chansey
|-damage|p2a: Chansey|551\/703 par
|cant|p2a: Chansey|partiallytrapped
|
|turn|11
|choice|move 3|move 3
|
|move|p1a: Cloyster|Clamp|p2a: Chansey
|-damage|p2a: Chansey|514\/703 par
|cant|p2a: Chansey|partiallytrapped
|
|-end|p2a: Chansey|Clamp|[partiallytrapped]
|turn|12
|choice|move 3|move 3
|
|move|p1a: Cloyster|Clamp|p2a: Chansey
|-crit|p2a: Chansey
|-damage|p2a: Chansey|445\/703 par
|-activate|p2a: Chansey|move: Clamp|[of] p1a: Cloyster
|cant|p2a: Chansey|par
|
|turn|13
|choice|move 3|move 3
|
|move|p1a: Cloyster|Clamp|p2a: Chansey
|-damage|p2a: Chansey|376\/703 par
|cant|p2a: Chansey|par
|
|turn|14
|choice|move 3|move 3
|
|move|p1a: Cloyster|Clamp|p2a: Chansey
|-damage|p2a: Chansey|307\/703 par
|cant|p2a: Chansey|partiallytrapped
|
|-end|p2a: Chansey|Clamp|[partiallytrapped]
|turn|15
|choice|move 3|move 3
|
|move|p1a: Cloyster|Clamp|p2a: Chansey
|-crit|p2a: Chansey
|-damage|p2a: Chansey|243\/703 par
|-activate|p2a: Chansey|move: Clamp|[of] p1a: Cloyster
|cant|p2a: Chansey|par
|
|turn|16
|choice|move 3|switch 2
|
|switch|p2a: Golem|Golem|363\/363 slp
|move|p1a: Cloyster|Clamp|p2a: Golem
|-supereffective|p2a: Golem
|-damage|p2a: Golem|142\/363 slp
|-activate|p2a: Golem|move: Clamp|[of] p1a: Cloyster
|
|turn|17
|choice|switch 2|switch 6
|
|switch|p1a: Gengar|Gengar|323\/323
|switch|p2a: Jynx|Jynx|333\/333
|
|turn|18
|choice|move 4|switch 6
|
|switch|p2a: Golem|Golem|142\/363 slp
|move|p1a: Gengar|Explosion|p2a: Golem
|-resisted|p2a: Golem
|-damage|p2a: Golem|53\/363 slp
|faint|p1a: Gengar
|choice|switch 2|
|
|switch|p1a: Cloyster|Cloyster|281\/303
|turn|19
|choice|move 3|switch 2
|
|switch|p2a: Chansey|Chansey|243\/703 par
|move|p1a: Cloyster|Clamp|p2a: Chansey|[miss]
|-miss|p1a: Cloyster
|
|turn|20
|choice|move 2|move 3
|
|move|p1a: Cloyster|Hyper Beam|p2a: Chansey
|-damage|p2a: Chansey|0 fnt
|faint|p2a: Chansey
|choice||switch 3
|
|switch|p2a: Tauros|Tauros|353\/353
|turn|21
|choice|move 1|move 1
|
|move|p2a: Tauros|Body Slam|p1a: Cloyster
|-crit|p1a: Cloyster
|-damage|p1a: Cloyster|147\/303
|-status|p1a: Cloyster|par
|move|p1a: Cloyster|Blizzard|p2a: Tauros
|-damage|p2a: Tauros|203\/353
|
|turn|22
|choice|move 4|switch 2
|
|switch|p2a: Golem|Golem|53\/363 slp
|move|p1a: Cloyster|Explosion|p2a: Golem
|-resisted|p2a: Golem
|-damage|p2a: Golem|0 fnt
|faint|p2a: Golem
|faint|p1a: Cloyster
|join|Noratraika
|choice|switch 4|switch 6
|
|switch|p2a: Jynx|Jynx|333\/333
|switch|p1a: Chansey|Chansey|578\/703
|turn|23
|choice|move 4|move 1
|
|move|p2a: Jynx|Blizzard|p1a: Chansey
|-damage|p1a: Chansey|453\/703
|move|p1a: Chansey|Thunder Wave|p2a: Jynx
|-status|p2a: Jynx|par
|
|turn|24
|choice|move 2|move 1
|
|move|p1a: Chansey|Thunderbolt|p2a: Jynx
|-damage|p2a: Jynx|257\/333 par
|cant|p2a: Jynx|par
|
|turn|25
|choice|move 2|move 1
|
|move|p1a: Chansey|Thunderbolt|p2a: Jynx
|-damage|p2a: Jynx|176\/333 par
|move|p2a: Jynx|Blizzard|p1a: Chansey
|-crit|p1a: Chansey
|-damage|p1a: Chansey|194\/703
|
|turn|26
|choice|move 3|move 1
|
|move|p1a: Chansey|Soft-Boiled|p1a: Chansey
|-heal|p1a: Chansey|545\/703
|move|p2a: Jynx|Blizzard|p1a: Chansey|[miss]
|-miss|p2a: Jynx
|
|turn|27
|choice|move 1|move 1
|
|move|p1a: Chansey|Ice Beam|p2a: Jynx
|-resisted|p2a: Jynx
|-damage|p2a: Jynx|136\/333 par
|move|p2a: Jynx|Blizzard|p1a: Chansey
|-damage|p1a: Chansey|413\/703
|
|turn|28
|choice|move 2|move 1
|
|move|p1a: Chansey|Thunderbolt|p2a: Jynx
|-damage|p2a: Jynx|58\/333 par
|cant|p2a: Jynx|par
|
|turn|29
|choice|move 3|move 1
|
|move|p1a: Chansey|Soft-Boiled|p1a: Chansey
|-heal|p1a: Chansey|703\/703
|move|p2a: Jynx|Blizzard|p1a: Chansey|[miss]
|-miss|p2a: Jynx
|
|turn|30
|choice|move 2|switch 5
|
|switch|p2a: Exeggutor|Exeggutor|326\/393
|move|p1a: Chansey|Thunderbolt|p2a: Exeggutor
|-resisted|p2a: Exeggutor
|-damage|p2a: Exeggutor|294\/393
|
|turn|31
|choice|move 4|move 3
|
|move|p2a: Exeggutor|Stun Spore|p1a: Chansey
|-status|p1a: Chansey|par
|move|p1a: Chansey|Thunder Wave|p2a: Exeggutor
|-status|p2a: Exeggutor|par
|
|turn|32
|choice|move 1|switch 5
|
|switch|p2a: Jynx|Jynx|58\/333 par
|move|p1a: Chansey|Ice Beam|p2a: Jynx
|-resisted|p2a: Jynx
|-damage|p2a: Jynx|19\/333 par
|
|turn|33
|choice|move 3|move 4
|
|move|p2a: Jynx|Rest|p2a: Jynx
|-status|p2a: Jynx|slp
|-heal|p2a: Jynx|333\/333 slp|[silent]
|-status|p2a: Jynx|slp|[from] move: Rest
|move|p1a: Chansey|Soft-Boiled|p1a: Chansey
|-fail|p1a: Chansey
|
|turn|34
|choice|switch 6|switch 2
|
|switch|p2a: Tauros|Tauros|203\/353
|switch|p1a: Golem|Golem|363\/363
|
|turn|35
|choice|move 1|move 4
|
|move|p2a: Tauros|Blizzard|p1a: Golem
|-supereffective|p1a: Golem
|-damage|p1a: Golem|154\/363
|move|p1a: Golem|Earthquake|p2a: Tauros
|-damage|p2a: Tauros|76\/353
|
|turn|36
|choice|switch 6|move 4
|
|switch|p1a: Chansey|Chansey|703\/703 par
|move|p2a: Tauros|Blizzard|p1a: Chansey|[miss]
|-miss|p2a: Tauros
|
|turn|37
|choice|move 2|switch 4
|
|switch|p2a: Snorlax|Snorlax|523\/523
|move|p1a: Chansey|Thunderbolt|p2a: Snorlax
|-damage|p2a: Snorlax|423\/523
|
|turn|38
|choice|switch 6|move 2
|
|switch|p1a: Golem|Golem|154\/363
|move|p2a: Snorlax|Amnesia|p2a: Snorlax
|-boost|p2a: Snorlax|spd|2
|-boost|p2a: Snorlax|spa|2
|
|turn|39
|choice|move 4|move 3
|
|move|p1a: Golem|Explosion|p2a: Snorlax
|-damage|p2a: Snorlax|53\/523
|faint|p1a: Golem
|choice|switch 5|
|
|switch|p1a: Victreebel|Victreebel|363\/363
|turn|40
|choice|move 4|move 1
|
|move|p1a: Victreebel|Razor Leaf|p2a: Snorlax
|-crit|p2a: Snorlax
|-damage|p2a: Snorlax|0 fnt
|faint|p2a: Snorlax
|c|★effdsf|porco dio gf quanti cazzo di wrapper giochi
|leave|Noratraika
|c|★effdsf|io sono debole ai wrapper pd
|choice||switch 4
|
|switch|p2a: Tauros|Tauros|76\/353
|turn|41
|choice|move 4|move 4
|
|move|p2a: Tauros|Blizzard|p1a: Victreebel
|-supereffective|p1a: Victreebel
|-damage|p1a: Victreebel|208\/363
|move|p1a: Victreebel|Razor Leaf|p2a: Tauros
|-crit|p2a: Tauros
|-damage|p2a: Tauros|0 fnt
|faint|p2a: Tauros
|choice||switch 5
|
|switch|p2a: Exeggutor|Exeggutor|294\/393 par
|turn|42
|choice|move 1|move 1
|
|move|p1a: Victreebel|Wrap|p2a: Exeggutor
|-damage|p2a: Exeggutor|280\/393 par
|-activate|p2a: Exeggutor|move: Wrap|[of] p1a: Victreebel
|cant|p2a: Exeggutor|partiallytrapped
|
|turn|43
|choice|move 1|move 1
|
|move|p1a: Victreebel|Wrap|p2a: Exeggutor
|-damage|p2a: Exeggutor|266\/393 par
|cant|p2a: Exeggutor|partiallytrapped
|
|turn|44
|choice|move 1|move 1
|
|move|p1a: Victreebel|Wrap|p2a: Exeggutor
|-damage|p2a: Exeggutor|252\/393 par
|cant|p2a: Exeggutor|partiallytrapped
|
|-end|p2a: Exeggutor|Wrap|[partiallytrapped]
|turn|45
|choice|move 1|move 1
|
|move|p1a: Victreebel|Wrap|p2a: Exeggutor
|-damage|p2a: Exeggutor|237\/393 par
|-activate|p2a: Exeggutor|move: Wrap|[of] p1a: Victreebel
|cant|p2a: Exeggutor|partiallytrapped
|
|turn|46
|choice|move 1|move 1
|
|move|p1a: Victreebel|Wrap|p2a: Exeggutor
|-damage|p2a: Exeggutor|222\/393 par
|cant|p2a: Exeggutor|partiallytrapped
|
|turn|47
|choice|move 1|move 1
|
|move|p1a: Victreebel|Wrap|p2a: Exeggutor
|-damage|p2a: Exeggutor|207\/393 par
|cant|p2a: Exeggutor|partiallytrapped
|
|-end|p2a: Exeggutor|Wrap|[partiallytrapped]
|turn|48
|choice|move 1|move 1
|
|move|p1a: Victreebel|Wrap|p2a: Exeggutor
|-crit|p2a: Exeggutor
|-damage|p2a: Exeggutor|180\/393 par
|-activate|p2a: Exeggutor|move: Wrap|[of] p1a: Victreebel
|cant|p2a: Exeggutor|partiallytrapped
|
|turn|49
|choice|move 1|move 1
|
|move|p1a: Victreebel|Wrap|p2a: Exeggutor
|-damage|p2a: Exeggutor|153\/393 par
|cant|p2a: Exeggutor|partiallytrapped
|
|turn|50
|choice|move 1|move 1
|
|move|p1a: Victreebel|Wrap|p2a: Exeggutor
|-damage|p2a: Exeggutor|126\/393 par
|cant|p2a: Exeggutor|partiallytrapped
|
|turn|51
|choice|move 1|move 1
|
|move|p1a: Victreebel|Wrap|p2a: Exeggutor
|-damage|p2a: Exeggutor|99\/393 par
|cant|p2a: Exeggutor|partiallytrapped
|
|turn|52
|choice|move 1|move 1
|
|move|p1a: Victreebel|Wrap|p2a: Exeggutor
|-damage|p2a: Exeggutor|72\/393 par
|cant|p2a: Exeggutor|partiallytrapped
|
|-end|p2a: Exeggutor|Wrap|[partiallytrapped]
|turn|53
|choice|move 1|move 1
|
|move|p1a: Victreebel|Wrap|p2a: Exeggutor
|-damage|p2a: Exeggutor|58\/393 par
|-activate|p2a: Exeggutor|move: Wrap|[of] p1a: Victreebel
|cant|p2a: Exeggutor|partiallytrapped
|
|turn|54
|choice|move 1|move 1
|
|move|p1a: Victreebel|Wrap|p2a: Exeggutor
|-damage|p2a: Exeggutor|44\/393 par
|cant|p2a: Exeggutor|par
|
|turn|55
|choice|move 1|move 1
|
|move|p1a: Victreebel|Wrap|p2a: Exeggutor
|-damage|p2a: Exeggutor|30\/393 par
|cant|p2a: Exeggutor|partiallytrapped
|
|turn|56
|choice|move 1|move 1
|
|move|p1a: Victreebel|Wrap|p2a: Exeggutor
|-damage|p2a: Exeggutor|16\/393 par
|cant|p2a: Exeggutor|partiallytrapped
|
|-end|p2a: Exeggutor|Wrap|[partiallytrapped]
|turn|57
|choice|move 4|move 1
|
|move|p1a: Victreebel|Razor Leaf|p2a: Exeggutor
|-crit|p2a: Exeggutor
|-resisted|p2a: Exeggutor
|-damage|p2a: Exeggutor|0 fnt
|faint|p2a: Exeggutor
|choice||switch 2
|
|switch|p2a: Jynx|Jynx|333\/333 slp
|turn|58
|choice|move 4|move 1
|
|cant|p2a: Jynx|slp
|move|p1a: Victreebel|Razor Leaf|p2a: Jynx|[miss]
|-miss|p1a: Victreebel
|
|turn|59
|choice|move 4|move 1
|
|-curestatus|p2a: Jynx|slp
|move|p1a: Victreebel|Razor Leaf|p2a: Jynx
|-crit|p2a: Jynx
|-damage|p2a: Jynx|201\/333
|
|turn|60
|choice|move 2|move 2
|
|move|p2a: Jynx|Psychic|p1a: Victreebel
|-supereffective|p1a: Victreebel
|-damage|p1a: Victreebel|13\/363
|move|p1a: Victreebel|Stun Spore|p2a: Jynx
|-status|p2a: Jynx|par
|
|turn|61
|choice|move 1|move 2
|
|move|p1a: Victreebel|Wrap|p2a: Jynx|[miss]
|-miss|p1a: Victreebel
|move|p2a: Jynx|Psychic|p1a: Victreebel
|-supereffective|p1a: Victreebel
|-damage|p1a: Victreebel|0 fnt
|faint|p1a: Victreebel
|c|★effdsf|ahahahah
|choice|switch 6|
|
|switch|p1a: Chansey|Chansey|703\/703 par
|turn|62
|choice|move 2|move 2
|
|cant|p2a: Jynx|par
|move|p1a: Chansey|Thunderbolt|p2a: Jynx
|-damage|p2a: Jynx|119\/333 par
|
|turn|63
|choice|move 2|move 2
|
|move|p2a: Jynx|Psychic|p1a: Chansey
|-damage|p1a: Chansey|601\/703 par
|-unboost|p1a: Chansey|spd|1
|-unboost|p1a: Chansey|spa|1
|move|p1a: Chansey|Thunderbolt|p2a: Jynx
|-damage|p2a: Jynx|67\/333 par
|
|turn|64
|choice|switch 3|move 3
|
|switch|p1a: Alakazam|Alakazam|313\/313 slp
|cant|p2a: Jynx|par
|
|turn|65
|choice|move 2|move 4
|
|cant|p1a: Alakazam|slp
|move|p2a: Jynx|Rest|p2a: Jynx
|-status|p2a: Jynx|slp
|-heal|p2a: Jynx|333\/333 slp|[silent]
|-status|p2a: Jynx|slp|[from] move: Rest
|
|turn|66
|choice|move 2|move 2
|
|cant|p1a: Alakazam|slp
|cant|p2a: Jynx|slp
|
|turn|67
|choice|move 2|move 2
|
|cant|p1a: Alakazam|slp
|-curestatus|p2a: Jynx|slp
|
|turn|68
|choice|move 2|move 2
|
|-curestatus|p1a: Alakazam|slp
|move|p2a: Jynx|Psychic|p1a: Alakazam
|-crit|p1a: Alakazam
|-resisted|p1a: Alakazam
|-damage|p1a: Alakazam|238\/313
|
|turn|69
|choice|move 4|move 1
|
|move|p1a: Alakazam|Thunder Wave|p2a: Jynx
|-status|p2a: Jynx|par
|move|p2a: Jynx|Blizzard|p1a: Alakazam
|-damage|p1a: Alakazam|136\/313
|
|turn|70
|choice|move 3|move 2
|
|move|p1a: Alakazam|Recover|p1a: Alakazam
|-heal|p1a: Alakazam|292\/313
|cant|p2a: Jynx|par
|
|turn|71
|choice|move 2|move 2
|
|move|p1a: Alakazam|Seismic Toss|p2a: Jynx
|-damage|p2a: Jynx|233\/333 par
|move|p2a: Jynx|Psychic|p1a: Alakazam
|-resisted|p1a: Alakazam
|-damage|p1a: Alakazam|253\/313
|-unboost|p1a: Alakazam|spd|1
|-unboost|p1a: Alakazam|spa|1
|
|turn|72
|choice|move 2|move 1
|
|move|p1a: Alakazam|Seismic Toss|p2a: Jynx
|-damage|p2a: Jynx|133\/333 par
|move|p2a: Jynx|Blizzard|p1a: Alakazam
|-damage|p1a: Alakazam|91\/313
|
|turn|73
|choice|move 3|move 1
|
|move|p1a: Alakazam|Recover|p1a: Alakazam
|-heal|p1a: Alakazam|247\/313
|move|p2a: Jynx|Blizzard|p1a: Alakazam
|-damage|p1a: Alakazam|77\/313
|
|turn|74
|choice|move 3|move 3
|
|move|p1a: Alakazam|Recover|p1a: Alakazam
|-heal|p1a: Alakazam|233\/313
|cant|p2a: Jynx|par
|
|turn|75
|c|★effdsf|gf le tue fottute tecniche di frezzare non funzionanp
|choice|move 2|move 3
|
|move|p1a: Alakazam|Seismic Toss|p2a: Jynx
|-damage|p2a: Jynx|33\/333 par
|move|p2a: Jynx|Lovely Kiss|p1a: Alakazam
|-status|p1a: Alakazam|slp
|
|turn|76
|choice|move 2|move 4
|
|cant|p1a: Alakazam|slp
|move|p2a: Jynx|Rest|p2a: Jynx
|-status|p2a: Jynx|slp
|-heal|p2a: Jynx|333\/333 slp|[silent]
|-status|p2a: Jynx|slp|[from] move: Rest
|
|turn|77
|choice|move 2|move 3
|
|cant|p1a: Alakazam|slp
|cant|p2a: Jynx|slp
|
|turn|78
|choice|move 2|move 2
|
|cant|p1a: Alakazam|slp
|-curestatus|p2a: Jynx|slp
|
|turn|79
|choice|move 2|move 2
|
|cant|p1a: Alakazam|slp
|move|p2a: Jynx|Psychic|p1a: Alakazam
|-resisted|p1a: Alakazam
|-damage|p1a: Alakazam|169\/313 slp
|
|turn|80
|choice|move 2|move 2
|
|cant|p1a: Alakazam|slp
|move|p2a: Jynx|Psychic|p1a: Alakazam
|-resisted|p1a: Alakazam
|-damage|p1a: Alakazam|101\/313 slp
|
|turn|81
|choice|move 2|move 2
|
|-curestatus|p1a: Alakazam|slp
|move|p2a: Jynx|Psychic|p1a: Alakazam
|-resisted|p1a: Alakazam
|-damage|p1a: Alakazam|33\/313
|
|turn|82
|choice|move 3|move 3
|
|move|p1a: Alakazam|Recover|p1a: Alakazam
|-heal|p1a: Alakazam|189\/313
|move|p2a: Jynx|Lovely Kiss|p1a: Alakazam
|-status|p1a: Alakazam|slp
|
|turn|83
|choice|switch 3|move 2
|
|switch|p1a: Chansey|Chansey|601\/703 par
|move|p2a: Jynx|Psychic|p1a: Chansey
|-crit|p1a: Chansey
|-damage|p1a: Chansey|396\/703 par
|-unboost|p1a: Chansey|spd|1
|-unboost|p1a: Chansey|spa|1
|
|turn|84
|choice|move 3|move 2
|
|move|p2a: Jynx|Psychic|p1a: Chansey
|-damage|p1a: Chansey|247\/703 par
|cant|p1a: Chansey|par
|
|turn|85
|c|★effdsf|eddaglie
|choice|switch 3|move 2
|
|switch|p1a: Alakazam|Alakazam|189\/313 slp
|move|p2a: Jynx|Psychic|p1a: Alakazam
|-resisted|p1a: Alakazam
|-damage|p1a: Alakazam|151\/313 slp
|
|turn|86
|c|★effdsf|io ci sto credendo
|c|★effdsf|ma non basta
|choice|move 3|move 2
|
|cant|p1a: Alakazam|slp
|move|p2a: Jynx|Psychic|p1a: Alakazam
|-resisted|p1a: Alakazam
|-damage|p1a: Alakazam|109\/313 slp
|
|turn|87
|choice|move 3|move 2
|
|cant|p1a: Alakazam|slp
|move|p2a: Jynx|Psychic|p1a: Alakazam
|-resisted|p1a: Alakazam
|-damage|p1a: Alakazam|66\/313 slp
|
|turn|88
|choice|move 3|move 2
|
|-curestatus|p1a: Alakazam|slp
|move|p2a: Jynx|Psychic|p1a: Alakazam
|-resisted|p1a: Alakazam
|-damage|p1a: Alakazam|28\/313
|
|turn|89
|choice|move 3|move 3
|
|move|p1a: Alakazam|Recover|p1a: Alakazam
|-heal|p1a: Alakazam|184\/313
|move|p2a: Jynx|Lovely Kiss|p1a: Alakazam
|-status|p1a: Alakazam|slp
|
|turn|90
|choice|move 2|move 2
|
|cant|p1a: Alakazam|slp
|move|p2a: Jynx|Psychic|p1a: Alakazam
|-crit|p1a: Alakazam
|-resisted|p1a: Alakazam
|-damage|p1a: Alakazam|109\/313 slp
|
|turn|91
|choice|move 2|move 2
|
|-curestatus|p1a: Alakazam|slp
|move|p2a: Jynx|Psychic|p1a: Alakazam
|-resisted|p1a: Alakazam
|-damage|p1a: Alakazam|68\/313
|
|turn|92
|c|★effdsf|GG_f
|choice|move 3|move 3
|
|move|p1a: Alakazam|Recover|p1a: Alakazam
|-heal|p1a: Alakazam|224\/313
|move|p2a: Jynx|Lovely Kiss|p1a: Alakazam
|-status|p1a: Alakazam|slp
|
|turn|93
|-message|effdsf forfeited.
|
|win|kid gf lol
|raw|kid gf lol's rating: 1224 &rarr; <strong>1237<\/strong><br \/>(+13 for winning)
|raw|effdsf's rating: 1040 &rarr; <strong>1032<\/strong><br \/>(-8 for losing)
|leave|kid gf lol
|player|p1