|join|Peasounay
|join|XianJu
|c|★Peasounay|hi
|player|p1|Peasounay|101
|player|p2|XianJu|130
|gametype|singles
|gen|1
|tier|[Gen 1] OU
|rated
|seed|23094,36637,34119,54753
|rule|Sleep Clause Mod: Limit one foe put to sleep
|rule|Freeze Clause Mod: Limit one foe frozen
|rule|Species Clause: Limit one of each Pokémon
|rule|OHKO Clause: OHKO moves are banned
|rule|Evasion Moves Clause: Evasion moves are banned
|rule|HP Percentage Mod: HP is shown in percentages
|
|start
|switch|p1a: I Own RBY|Chansey|703\/703
|switch|p2a: Alakazam|Alakazam|313\/313
|turn|1
|choice|move 4|move 1
|
|move|p2a: Alakazam|Psychic|p1a: I Own RBY
|-damage|p1a: I Own RBY|578\/703
|move|p1a: I Own RBY|Sing|p2a: Alakazam
|-status|p2a: Alakazam|slp
|
|turn|2
|choice|switch 3|move 1
|
|switch|p1a: Yo Momma|Snorlax|523\/523
|cant|p2a: Alakazam|slp
|
|turn|3
|choice|move 1|switch 6
|
|switch|p2a: Gengar|Gengar|323\/323
|move|p1a: Yo Momma|Body Slam|p2a: Gengar
|-immune|p2a: Gengar|[msg]
|
|turn|4
|choice|switch 6|move 1
|
|switch|p1a: Shoooryuken!|Starmie|323\/323
|move|p2a: Gengar|Hypnosis|p1a: Shoooryuken!
|-status|p1a: Shoooryuken!|slp
|
|turn|5
|choice|switch 2|switch 2
|
|switch|p1a: Wear Candoms Kid|Exeggutor|393\/393
|switch|p2a: Rhydon|Rhydon|413\/413
|
|turn|6
|choice|move 3|switch 6
|
|switch|p2a: Alakazam|Alakazam|313\/313 slp
|move|p1a: Wear Candoms Kid|Stun Spore|p2a: Alakazam
|-fail|p2a: Alakazam
|
|turn|7
|choice|switch 6|move 1
|
|switch|p1a: Yo Momma|Snorlax|523\/523
|cant|p2a: Alakazam|slp
|
|turn|8
|choice|move 2|switch 5
|
|switch|p2a: Starmie|Starmie|323\/323
|move|p1a: Yo Momma|Earthquake|p2a: Starmie
|-damage|p2a: Starmie|224\/323
|
|turn|9
|choice|move 1|move 2
|
|move|p2a: Starmie|Thunderbolt|p1a: Yo Momma
|-damage|p1a: Yo Momma|427\/523
|-status|p1a: Yo Momma|par
|move|p1a: Yo Momma|Body Slam|p2a: Starmie
|-damage|p2a: Starmie|114\/323
|
|turn|10
|choice|move 1|move 3
|
|move|p2a: Starmie|Recover|p2a: Starmie
|-heal|p2a: Starmie|275\/323
|move|p1a: Yo Momma|Body Slam|p2a: Starmie
|-damage|p2a: Starmie|153\/323
|-status|p2a: Starmie|par
|
|turn|11
|choice|move 1|move 3
|
|move|p2a: Starmie|Recover|p2a: Starmie
|-heal|p2a: Starmie|314\/323 par
|move|p1a: Yo Momma|Body Slam|p2a: Starmie
|-damage|p2a: Starmie|193\/323 par
|
|turn|12
|choice|move 1|move 1
|
|move|p2a: Starmie|Surf|p1a: Yo Momma
|-damage|p1a: Yo Momma|278\/523 par
|move|p1a: Yo Momma|Body Slam|p2a: Starmie
|-damage|p2a: Starmie|81\/323 par
|
|turn|13
|choice|move 1|move 3
|
|move|p2a: Starmie|Recover|p2a: Starmie
|-heal|p2a: Starmie|242\/323 par
|move|p1a: Yo Momma|Body Slam|p2a: Starmie
|-crit|p2a: Starmie
|-damage|p2a: Starmie|19\/323 par
|
|turn|14
|choice|move 3|move 3
|
|cant|p2a: Starmie|par
|cant|p1a: Yo Momma|par
|
|turn|15
|choice|move 3|move 3
|
|move|p2a: Starmie|Recover|p2a: Starmie
|-heal|p2a: Starmie|180\/323 par
|move|p1a: Yo Momma|Hyper Beam|p2a: Starmie
|-damage|p2a: Starmie|0 fnt
|faint|p2a: Starmie
|choice||switch 4
|
|switch|p2a: Exeggutor|Exeggutor|393\/393
|turn|16
|choice|move 4|move 2
|
|move|p2a: Exeggutor|Psychic|p1a: Yo Momma
|-crit|p1a: Yo Momma
|-damage|p1a: Yo Momma|0 fnt
|faint|p1a: Yo Momma
|choice|switch 6|
|
|switch|p1a: Wear Candoms Kid|Exeggutor|393\/393
|turn|17
|choice|move 3|move 4
|
|move|p1a: Wear Candoms Kid|Stun Spore|p2a: Exeggutor
|-status|p2a: Exeggutor|par
|move|p2a: Exeggutor|Stun Spore|p1a: Wear Candoms Kid
|-status|p1a: Wear Candoms Kid|par
|
|turn|18
|choice|move 2|switch 5
|
|switch|p2a: Alakazam|Alakazam|313\/313 slp
|move|p1a: Wear Candoms Kid|Psychic|p2a: Alakazam
|-resisted|p2a: Alakazam
|-damage|p2a: Alakazam|266\/313 slp
|-unboost|p2a: Alakazam|spd|1
|-unboost|p2a: Alakazam|spa|1
|
|turn|19
|choice|switch 4|move 1
|
|switch|p1a: ShowMeUrAss|Tauros|353\/353
|cant|p2a: Alakazam|slp
|
|turn|20
|choice|move 1|switch 2
|
|switch|p2a: Gengar|Gengar|323\/323
|move|p1a: ShowMeUrAss|Blizzard|p2a: Gengar
|-damage|p2a: Gengar|259\/323
|
|turn|21
|choice|switch 4|move 3
|
|switch|p1a: Wear Candoms Kid|Exeggutor|393\/393 par
|move|p2a: Gengar|Explosion|p1a: Wear Candoms Kid
|-crit|p1a: Wear Candoms Kid
|-damage|p1a: Wear Candoms Kid|0 fnt
|faint|p1a: Wear Candoms Kid
|faint|p2a: Gengar
|choice|switch 4|switch 3
|
|switch|p1a: ShowMeUrAss|Tauros|353\/353
|switch|p2a: Chansey|Chansey|703\/703
|turn|22
|choice|switch 2|move 1
|
|switch|p1a: Shoooryuken!|Starmie|323\/323 slp
|move|p2a: Chansey|Ice Beam|p1a: Shoooryuken!
|-resisted|p1a: Shoooryuken!
|-damage|p1a: Shoooryuken!|285\/323 slp
|
|turn|23
|choice|switch 5|switch 6
|
|switch|p1a: WellIStallYourFace|Alakazam|313\/313
|switch|p2a: Rhydon|Rhydon|413\/413
|
|turn|24
|choice|move 2|switch 6
|
|switch|p2a: Chansey|Chansey|703\/703
|move|p1a: WellIStallYourFace|Psychic|p2a: Chansey
|-crit|p2a: Chansey
|-damage|p2a: Chansey|455\/703
|
|turn|25
|choice|move 1|move 2
|
|move|p1a: WellIStallYourFace|Thunder Wave|p2a: Chansey
|-status|p2a: Chansey|par
|move|p2a: Chansey|Soft-Boiled|p2a: Chansey
|-heal|p2a: Chansey|703\/703 par
|
|turn|26
|choice|move 2|move 1
|
|move|p1a: WellIStallYourFace|Psychic|p2a: Chansey
|-damage|p2a: Chansey|578\/703 par
|move|p2a: Chansey|Ice Beam|p1a: WellIStallYourFace
|-damage|p1a: WellIStallYourFace|246\/313
|
|turn|27
|choice|move 2|move 1
|
|move|p1a: WellIStallYourFace|Psychic|p2a: Chansey
|-damage|p2a: Chansey|447\/703 par
|move|p2a: Chansey|Ice Beam|p1a: WellIStallYourFace
|-damage|p1a: WellIStallYourFace|187\/313
|
|turn|28
|choice|move 2|move 1
|
|move|p1a: WellIStallYourFace|Psychic|p2a: Chansey
|-damage|p2a: Chansey|330\/703 par
|move|p2a: Chansey|Ice Beam|p1a: WellIStallYourFace
|-damage|p1a: WellIStallYourFace|127\/313
|
|turn|29
|choice|move 2|move 1
|
|move|p1a: WellIStallYourFace|Psychic|p2a: Chansey
|-crit|p2a: Chansey
|-damage|p2a: Chansey|97\/703 par
|move|p2a: Chansey|Ice Beam|p1a: WellIStallYourFace
|-damage|p1a: WellIStallYourFace|62\/313
|-status|p1a: WellIStallYourFace|frz
|
|turn|30
|choice|switch 2|move 2
|
|switch|p1a: ShowMeUrAss|Tauros|353\/353
|move|p2a: Chansey|Soft-Boiled|p2a: Chansey
|-heal|p2a: Chansey|448\/703 par
|
|turn|31
|choice|move 1|switch 6
|
|switch|p2a: Rhydon|Rhydon|413\/413
|move|p1a: ShowMeUrAss|Blizzard|p2a: Rhydon
|-supereffective|p2a: Rhydon
|-damage|p2a: Rhydon|160\/413
|
|turn|32
|choice|move 1|switch 6
|
|switch|p2a: Chansey|Chansey|448\/703 par
|move|p1a: ShowMeUrAss|Blizzard|p2a: Chansey|[miss]
|-miss|p1a: ShowMeUrAss
|
|turn|33
|choice|move 3|move 3
|
|move|p1a: ShowMeUrAss|Hyper Beam|p2a: Chansey
|-damage|p2a: Chansey|0 fnt
|faint|p2a: Chansey
|choice||switch 5
|
|switch|p2a: Exeggutor|Exeggutor|393\/393 par
|turn|34
|choice|switch 3|move 3
|
|switch|p1a: I Own RBY|Chansey|578\/703
|cant|p2a: Exeggutor|par
|
|turn|35
|choice|move 2|switch 2
|
|switch|p2a: Alakazam|Alakazam|266\/313 slp
|move|p1a: I Own RBY|Seismic Toss|p2a: Alakazam
|-damage|p2a: Alakazam|166\/313 slp
|
|turn|36
|choice|move 2|move 1
|
|cant|p2a: Alakazam|slp
|move|p1a: I Own RBY|Seismic Toss|p2a: Alakazam
|-damage|p2a: Alakazam|66\/313 slp
|
|turn|37
|choice|move 2|switch 2
|
|switch|p2a: Exeggutor|Exeggutor|393\/393 par
|move|p1a: I Own RBY|Seismic Toss|p2a: Exeggutor
|-damage|p2a: Exeggutor|293\/393 par
|
|turn|38
|choice|switch 2|move 4
|
|switch|p1a: WellIStallYourFace|Alakazam|62\/313 frz
|move|p2a: Exeggutor|Stun Spore|p1a: WellIStallYourFace
|-fail|p1a: WellIStallYourFace
|
|turn|39
|choice|switch 2|switch 6
|
|switch|p1a: I Own RBY|Chansey|578\/703
|switch|p2a: Rhydon|Rhydon|160\/413
|
|turn|40
|choice|move 2|move 1
|
|move|p1a: I Own RBY|Seismic Toss|p2a: Rhydon
|-damage|p2a: Rhydon|60\/413
|move|p2a: Rhydon|Earthquake|p1a: I Own RBY
|-damage|p1a: I Own RBY|168\/703
|
|turn|41
|choice|move 2|move 1
|
|move|p1a: I Own RBY|Seismic Toss|p2a: Rhydon
|-damage|p2a: Rhydon|0 fnt
|faint|p2a: Rhydon
|choice||switch 6
|
|switch|p2a: Exeggutor|Exeggutor|293\/393 par
|turn|42
|choice|move 1|move 4
|
|move|p1a: I Own RBY|Soft-Boiled|p1a: I Own RBY
|-heal|p1a: I Own RBY|519\/703
|move|p2a: Exeggutor|Stun Spore|p1a: I Own RBY
|-status|p1a: I Own RBY|par
|
|turn|43
|choice|move 2|move 2
|
|move|p2a: Exeggutor|Psychic|p1a: I Own RBY
|-damage|p1a: I Own RBY|391\/703 par
|move|p1a: I Own RBY|Seismic Toss|p2a: Exeggutor
|-damage|p2a: Exeggutor|193\/393 par
|
|turn|44
|choice|move 1|move 2
|
|move|p2a: Exeggutor|Psychic|p1a: I Own RBY
|-damage|p1a: I Own RBY|263\/703 par
|-unboost|p1a: I Own RBY|spd|1
|-unboost|p1a: I Own RBY|spa|1
|move|p1a: I Own RBY|Soft-Boiled|p1a: I Own RBY
|-heal|p1a: I Own RBY|614\/703 par
|
|turn|45
|choice|move 2|move 2
|
|move|p2a: Exeggutor|Psychic|p1a: I Own RBY
|-damage|p1a: I Own RBY|418\/703 par
|-unboost|p1a: I Own RBY|spd|1
|-unboost|p1a: I Own RBY|spa|1
|move|p1a: I Own RBY|Seismic Toss|p2a: Exeggutor
|-damage|p2a: Exeggutor|93\/393 par
|
|turn|46
|choice|move 2|move 2
|
|move|p2a: Exeggutor|Psychic|p1a: I Own RBY
|-damage|p1a: I Own RBY|196\/703 par
|-unboost|p1a: I Own RBY|spd|1
|-unboost|p1a: I Own RBY|spa|1
|move|p1a: I Own RBY|Seismic Toss|p2a: Exeggutor
|-damage|p2a: Exeggutor|0 fnt
|faint|p2a: Exeggutor
|choice||switch 2
|
|switch|p2a: Alakazam|Alakazam|66\/313 slp
|turn|47
|choice|switch 3|move 2
|
|switch|p1a: ShowMeUrAss|Tauros|353\/353
|cant|p2a: Alakazam|slp
|
|turn|48
|choice|move 2|move 2
|
|-curestatus|p2a: Alakazam|slp
|move|p1a: ShowMeUrAss|Body Slam|p2a: Alakazam
|-damage|p2a: Alakazam|0 fnt
|faint|p2a: Alakazam
|
|win|Peasounay
|c|★Peasounay|gg
|leave|XianJu
|player|p2