|join|EvilRabbitLord
|join|andrewandres
|player|p1|EvilRabbitLord|23
|player|p2|andrewandres|101
|gametype|singles
|gen|1
|tier|[Gen 1] Random Battle
|rated
|rule|Sleep Clause Mod: Limit one foe put to sleep
|rule|Freeze Clause Mod: Limit one foe frozen
|rule|HP Percentage Mod: HP is shown in percentages
|
|start
|switch|p1a: Lapras|Lapras, L79|367\/367
|switch|p2a: Pidgeotto|Pidgeotto, L85|281\/281
|turn|1
|
|move|p2a: Pidgeotto|Double-Edge|p1a: Lapras
|-damage|p1a: Lapras|276\/367
|-damage|p2a: Pidgeotto|259\/281|[from] recoil|[of] p1a: Lapras
|move|p1a: Lapras|Body Slam|p2a: Pidgeotto
|-damage|p2a: Pidgeotto|193\/281
|
|turn|2
|
|move|p2a: Pidgeotto|Double-Edge|p1a: Lapras
|-damage|p1a: Lapras|182\/367
|-damage|p2a: Pidgeotto|170\/281|[from] recoil|[of] p1a: Lapras
|move|p1a: Lapras|Ice Beam|p2a: Pidgeotto
|-supereffective|p2a: Pidgeotto
|-damage|p2a: Pidgeotto|0 fnt
|faint|p2a: Pidgeotto
|
|switch|p2a: Ekans|Ekans, L96|262\/262
|turn|3
|
|move|p2a: Ekans|Rock Slide|p1a: Lapras
|-supereffective|p1a: Lapras
|-damage|p1a: Lapras|60\/367
|move|p1a: Lapras|Ice Beam|p2a: Ekans
|-damage|p2a: Ekans|151\/262
|
|turn|4
|
|switch|p1a: Hitmonlee|Hitmonlee, L85|259\/259
|move|p2a: Ekans|Body Slam|p1a: Hitmonlee
|-damage|p1a: Hitmonlee|185\/259
|
|turn|5
|
|move|p1a: Hitmonlee|High Jump Kick|p2a: Ekans|[miss]
|-miss|p1a: Hitmonlee
|-damage|p1a: Hitmonlee|184\/259
|move|p2a: Ekans|Glare|p1a: Hitmonlee
|-status|p1a: Hitmonlee|par
|
|turn|6
|
|move|p2a: Ekans|Body Slam|p1a: Hitmonlee
|-damage|p1a: Hitmonlee|110\/259 par
|move|p1a: Hitmonlee|High Jump Kick|p2a: Ekans
|-resisted|p2a: Ekans
|-damage|p2a: Ekans|86\/262
|
|turn|7
|join|Colchon Pikolin
|
|move|p2a: Ekans|Earthquake|p1a: Hitmonlee
|-damage|p1a: Hitmonlee|19\/259 par
|move|p1a: Hitmonlee|High Jump Kick|p2a: Ekans
|-resisted|p2a: Ekans
|-damage|p2a: Ekans|22\/262
|
|turn|8
|
|move|p2a: Ekans|Body Slam|p1a: Hitmonlee
|-crit|p1a: Hitmonlee
|-damage|p1a: Hitmonlee|0 fnt
|faint|p1a: Hitmonlee
|
|switch|p1a: Kadabra|Kadabra, L85|242\/242
|turn|9
|
|move|p1a: Kadabra|Psychic|p2a: Ekans
|-supereffective|p2a: Ekans
|-damage|p2a: Ekans|0 fnt
|faint|p2a: Ekans
|
|switch|p2a: Slowbro|Slowbro, L79|312\/312
|turn|10
|
|move|p1a: Kadabra|Thunder Wave|p2a: Slowbro
|-status|p2a: Slowbro|par
|move|p2a: Slowbro|Thunder Wave|p1a: Kadabra
|-status|p1a: Kadabra|par
|
|turn|11
|
|move|p1a: Kadabra|Seismic Toss|p2a: Slowbro
|-damage|p2a: Slowbro|227\/312 par
|move|p2a: Slowbro|Amnesia|p2a: Slowbro
|-boost|p2a: Slowbro|spd|2
|-boost|p2a: Slowbro|spa|2
|
|turn|12
|
|move|p1a: Kadabra|Seismic Toss|p2a: Slowbro
|-damage|p2a: Slowbro|142\/312 par
|cant|p2a: Slowbro|par
|
|turn|13
|
|move|p1a: Kadabra|Seismic Toss|p2a: Slowbro
|-damage|p2a: Slowbro|57\/312 par
|move|p2a: Slowbro|Rest|p2a: Slowbro
|-fail|p2a: Slowbro
|
|turn|14
|c| Colchon Pikolin|falla?
|c|★andrewandres|¿?
|c|★EvilRabbitLord|:O
|c|★andrewandres|stupid lucker..
|c|★andrewandres|my god
|c| Colchon Pikolin|what?
|
|move|p1a: Kadabra|Seismic Toss|p2a: Slowbro
|-damage|p2a: Slowbro|0 fnt
|faint|p2a: Slowbro
|
|switch|p2a: Machamp|Machamp, L85|327\/327
|turn|15
|c| Colchon Pikolin|por qué falla?
|
|move|p2a: Machamp|Hyper Beam|p1a: Kadabra
|-crit|p1a: Kadabra
|-damage|p1a: Kadabra|0 fnt
|faint|p1a: Kadabra
|c|★andrewandres|ni idea
|join|Tormentrex
|c|★andrewandres|pero ami me apso una vez..pero beneficiando
|
|switch|p1a: Squirtle|Squirtle, L96|279\/279
|turn|16
|
|move|p2a: Machamp|Body Slam|p1a: Squirtle
|-damage|p1a: Squirtle|195\/279
|move|p1a: Squirtle|Surf|p2a: Machamp
|-damage|p2a: Machamp|226\/327
|
|turn|17
|
|move|p2a: Machamp|Body Slam|p1a: Squirtle
|-crit|p1a: Squirtle
|-damage|p1a: Squirtle|28\/279
|move|p1a: Squirtle|Surf|p2a: Machamp
|-damage|p2a: Machamp|121\/327
|
|turn|18
|
|move|p2a: Machamp|Body Slam|p1a: Squirtle
|-damage|p1a: Squirtle|0 fnt
|faint|p1a: Squirtle
|c|★EvilRabbitLord|yo
|
|switch|p1a: Mewtwo|Mewtwo, L68|285\/285
|turn|19
|
|move|p1a: Mewtwo|Psychic|p2a: Machamp
|-supereffective|p2a: Machamp
|-damage|p2a: Machamp|0 fnt
|faint|p2a: Machamp
|c|★andrewandres|es la sotia nano
|
|switch|p2a: Marowak|Marowak, L85|276\/276
|turn|20
|
|move|p1a: Mewtwo|Psychic|p2a: Marowak
|-damage|p2a: Marowak|153\/276
|move|p2a: Marowak|Body Slam|p1a: Mewtwo
|-damage|p1a: Mewtwo|224\/285
|
|turn|21
|
|move|p1a: Mewtwo|Psychic|p2a: Marowak
|-crit|p2a: Marowak
|-damage|p2a: Marowak|0 fnt
|faint|p2a: Marowak
|
|switch|p2a: Nidoqueen|Nidoqueen, L85|327\/327
|turn|22
|
|move|p1a: Mewtwo|Psychic|p2a: Nidoqueen
|-supereffective|p2a: Nidoqueen
|-damage|p2a: Nidoqueen|120\/327
|move|p2a: Nidoqueen|Body Slam|p1a: Mewtwo
|-damage|p1a: Mewtwo|158\/285
|
|turn|23
|-message|andrewandres forfeited.
|leave|andrewandres
|c|★EvilRabbitLord|bye bye elo
|c|★EvilRabbitLord|lol
|
|win|EvilRabbitLord
|raw|Ladder updating...
|player|p2
|raw|EvilRabbitLord's rating: 1386 &rarr; <strong>1408<\/strong><br \/>(+22 for winning)
|raw|andrewandres's rating: 1418 &rarr; <strong>1396<\/strong><br \/>(-22 for losing)
|c| Colchon Pikolin|haxero
|leave|Colchon Pikolin