|j|Pietro Albuquerque
|j|Dervodel1
|player|p1|Pietro Albuquerque|109
|player|p2|Dervodel1|265
|gametype|singles
|gen|1
|tier|[Gen 1] Random Battle
|rated
|seed|64177,23878,32012,7377
|rule|Sleep Clause Mod: Limit one foe put to sleep
|rule|Freeze Clause Mod: Limit one foe frozen
|rule|HP Percentage Mod: HP is shown in percentages
|
|start
|switch|p1a: Gyarados|Gyarados, L85|335\/335
|switch|p2a: Slowbro|Slowbro, L79|312\/312
|turn|1
|choice|switch 2|move 2
|
|switch|p1a: Hitmonchan|Hitmonchan, L90|273\/273
|move|p2a: Slowbro|Thunder Wave|p1a: Hitmonchan
|-status|p1a: Hitmonchan|par
|
|turn|2
|choice|move 3|move 1
|
|move|p2a: Slowbro|Amnesia|p2a: Slowbro
|-boost|p2a: Slowbro|spd|2
|-boost|p2a: Slowbro|spa|2
|move|p1a: Hitmonchan|Body Slam|p2a: Slowbro
|-damage|p2a: Slowbro|240\/312
|
|turn|3
|choice|move 3|move 3
|
|move|p2a: Slowbro|Surf|p1a: Hitmonchan
|-crit|p1a: Hitmonchan
|-damage|p1a: Hitmonchan|25\/273 par
|move|p1a: Hitmonchan|Body Slam|p2a: Slowbro
|-damage|p2a: Slowbro|175\/312
|
|turn|4
|choice|move 3|move 3
|
|move|p2a: Slowbro|Surf|p1a: Hitmonchan
|-damage|p1a: Hitmonchan|0 fnt
|faint|p1a: Hitmonchan
|choice|switch 5|
|
|switch|p1a: Slowbro|Slowbro, L79|312\/312
|turn|5
|choice|move 1|move 2
|
|move|p1a: Slowbro|Thunder Wave|p2a: Slowbro
|-status|p2a: Slowbro|par
|move|p2a: Slowbro|Thunder Wave|p1a: Slowbro
|-status|p1a: Slowbro|par
|
|turn|6
|choice|move 2|move 1
|
|move|p2a: Slowbro|Amnesia|p2a: Slowbro
|-boost|p2a: Slowbro|spd|2
|-boost|p2a: Slowbro|spa|2
|cant|p1a: Slowbro|par
|
|turn|7
|choice|move 2|move 3
|
|move|p2a: Slowbro|Surf|p1a: Slowbro
|-resisted|p1a: Slowbro
|-damage|p1a: Slowbro|183\/312 par
|move|p1a: Slowbro|Amnesia|p1a: Slowbro
|-boost|p1a: Slowbro|spd|2
|-boost|p1a: Slowbro|spa|2
|
|turn|8
|choice|move 2|move 3
|
|move|p2a: Slowbro|Surf|p1a: Slowbro
|-resisted|p1a: Slowbro
|-damage|p1a: Slowbro|116\/312 par
|cant|p1a: Slowbro|par
|
|turn|9
|choice|move 2|move 1
|
|move|p1a: Slowbro|Amnesia|p1a: Slowbro
|-boost|p1a: Slowbro|spd|2
|-boost|p1a: Slowbro|spa|2
|cant|p2a: Slowbro|par
|
|turn|10
|choice|move 2|move 1
|
|cant|p1a: Slowbro|par
|move|p2a: Slowbro|Amnesia|p2a: Slowbro
|-boost|p2a: Slowbro|spd|2
|-boost|p2a: Slowbro|spa|2
|
|turn|11
|choice|move 2|move 3
|
|move|p1a: Slowbro|Amnesia|p1a: Slowbro
|-boost|p1a: Slowbro|spd|2
|-boost|p1a: Slowbro|spa|2
|cant|p2a: Slowbro|par
|
|turn|12
|choice|move 4|move 3
|
|move|p1a: Slowbro|Surf|p2a: Slowbro
|-resisted|p2a: Slowbro
|-damage|p2a: Slowbro|130\/312 par
|move|p2a: Slowbro|Surf|p1a: Slowbro
|-resisted|p1a: Slowbro
|-damage|p1a: Slowbro|75\/312 par
|
|turn|13
|choice|move 3|move 4
|
|cant|p1a: Slowbro|par
|move|p2a: Slowbro|Rest|p2a: Slowbro
|-status|p2a: Slowbro|slp
|-heal|p2a: Slowbro|312\/312 slp|[silent]
|-status|p2a: Slowbro|slp|[from] move: Rest
|
|turn|14
|choice|move 3|move 3
|
|move|p1a: Slowbro|Rest|p1a: Slowbro
|-status|p1a: Slowbro|slp
|-heal|p1a: Slowbro|312\/312 slp|[silent]
|-status|p1a: Slowbro|slp|[from] move: Rest
|cant|p2a: Slowbro|slp
|
|turn|15
|choice|move 4|move 3
|
|-curestatus|p2a: Slowbro|slp
|cant|p1a: Slowbro|slp
|
|turn|16
|choice|move 1|move 3
|
|-curestatus|p1a: Slowbro|slp
|move|p2a: Slowbro|Surf|p1a: Slowbro
|-resisted|p1a: Slowbro
|-damage|p1a: Slowbro|268\/312
|
|turn|17
|choice|move 1|move 2
|
|move|p2a: Slowbro|Thunder Wave|p1a: Slowbro
|-status|p1a: Slowbro|par
|cant|p1a: Slowbro|par
|
|turn|18
|choice|move 1|move 3
|
|move|p1a: Slowbro|Thunder Wave|p2a: Slowbro
|-status|p2a: Slowbro|par
|move|p2a: Slowbro|Surf|p1a: Slowbro
|-resisted|p1a: Slowbro
|-damage|p1a: Slowbro|223\/312 par
|
|turn|19
|choice|move 4|move 3
|
|move|p2a: Slowbro|Surf|p1a: Slowbro
|-crit|p1a: Slowbro
|-resisted|p1a: Slowbro
|-damage|p1a: Slowbro|144\/312 par
|move|p1a: Slowbro|Surf|p2a: Slowbro
|-resisted|p2a: Slowbro
|-damage|p2a: Slowbro|270\/312 par
|
|turn|20
|choice|move 4|move 3
|
|move|p2a: Slowbro|Surf|p1a: Slowbro
|-resisted|p1a: Slowbro
|-damage|p1a: Slowbro|102\/312 par
|move|p1a: Slowbro|Surf|p2a: Slowbro
|-resisted|p2a: Slowbro
|-damage|p2a: Slowbro|226\/312 par
|
|turn|21
|choice|move 3|move 3
|
|move|p1a: Slowbro|Rest|p1a: Slowbro
|-status|p1a: Slowbro|slp
|-heal|p1a: Slowbro|312\/312 slp|[silent]
|-status|p1a: Slowbro|slp|[from] move: Rest
|cant|p2a: Slowbro|par
|
|turn|22
|choice|move 4|move 3
|
|cant|p2a: Slowbro|par
|cant|p1a: Slowbro|slp
|
|turn|23
|choice|move 4|move 2
|
|move|p2a: Slowbro|Thunder Wave|p1a: Slowbro
|-fail|p1a: Slowbro
|-curestatus|p1a: Slowbro|slp
|
|turn|24
|choice|move 4|move 2
|
|move|p1a: Slowbro|Surf|p2a: Slowbro
|-resisted|p2a: Slowbro
|-damage|p2a: Slowbro|183\/312 par
|move|p2a: Slowbro|Thunder Wave|p1a: Slowbro
|-status|p1a: Slowbro|par
|
|turn|25
|choice|move 4|move 3
|
|move|p1a: Slowbro|Surf|p2a: Slowbro
|-resisted|p2a: Slowbro
|-damage|p2a: Slowbro|136\/312 par
|move|p2a: Slowbro|Surf|p1a: Slowbro
|-resisted|p1a: Slowbro
|-damage|p1a: Slowbro|264\/312 par
|
|turn|26
|choice|move 4|move 4
|
|move|p2a: Slowbro|Rest|p2a: Slowbro
|-status|p2a: Slowbro|slp
|-heal|p2a: Slowbro|312\/312 slp|[silent]
|-status|p2a: Slowbro|slp|[from] move: Rest
|move|p1a: Slowbro|Surf|p2a: Slowbro
|-resisted|p2a: Slowbro
|-damage|p2a: Slowbro|269\/312 slp
|
|turn|27
|choice|move 4|move 1
|
|cant|p1a: Slowbro|par
|cant|p2a: Slowbro|slp
|
|turn|28
|choice|move 4|move 2
|
|-curestatus|p2a: Slowbro|slp
|move|p1a: Slowbro|Surf|p2a: Slowbro
|-resisted|p2a: Slowbro
|-damage|p2a: Slowbro|228\/312
|
|turn|29
|choice|move 1|move 1
|
|move|p1a: Slowbro|Thunder Wave|p2a: Slowbro
|-status|p2a: Slowbro|par
|cant|p2a: Slowbro|par
|
|turn|30
|choice|move 4|move 1
|
|move|p2a: Slowbro|Amnesia|p2a: Slowbro
|-boost|p2a: Slowbro|spd|2
|-boost|p2a: Slowbro|spa|2
|move|p1a: Slowbro|Surf|p2a: Slowbro
|-resisted|p2a: Slowbro
|-damage|p2a: Slowbro|184\/312 par
|
|turn|31
|choice|move 4|move 4
|
|move|p2a: Slowbro|Rest|p2a: Slowbro
|-status|p2a: Slowbro|slp
|-heal|p2a: Slowbro|312\/312 slp|[silent]
|-status|p2a: Slowbro|slp|[from] move: Rest
|move|p1a: Slowbro|Surf|p2a: Slowbro
|-crit|p2a: Slowbro
|-resisted|p2a: Slowbro
|-damage|p2a: Slowbro|224\/312 slp
|
|turn|32
|choice|move 4|move 2
|
|move|p1a: Slowbro|Surf|p2a: Slowbro
|-resisted|p2a: Slowbro
|-damage|p2a: Slowbro|177\/312 slp
|cant|p2a: Slowbro|slp
|
|turn|33
|choice|move 4|move 2
|
|-curestatus|p2a: Slowbro|slp
|move|p1a: Slowbro|Surf|p2a: Slowbro
|-crit|p2a: Slowbro
|-resisted|p2a: Slowbro
|-damage|p2a: Slowbro|98\/312
|
|turn|34
|choice|switch 2|move 4
|
|switch|p1a: Gyarados|Gyarados, L85|335\/335
|move|p2a: Slowbro|Rest|p2a: Slowbro
|-status|p2a: Slowbro|slp
|-heal|p2a: Slowbro|312\/312 slp|[silent]
|-status|p2a: Slowbro|slp|[from] move: Rest
|
|turn|35
|choice|move 2|move 3
|
|move|p1a: Gyarados|Hyper Beam|p2a: Slowbro
|-damage|p2a: Slowbro|197\/312 slp
|cant|p2a: Slowbro|slp
|
|turn|36
|-mustrecharge|p1a: Gyarados
|-mustrecharge|p1a: Gyarados
|choice|move 1|move 3
|
|cant|p1a: Gyarados|recharge
|-curestatus|p2a: Slowbro|slp
|
|turn|37
|choice|move 2|move 3
|
|move|p1a: Gyarados|Hyper Beam|p2a: Slowbro
|-damage|p2a: Slowbro|87\/312
|move|p2a: Slowbro|Surf|p1a: Gyarados
|-crit|p1a: Gyarados
|-resisted|p1a: Gyarados
|-damage|p1a: Gyarados|270\/335
|
|turn|38
|-mustrecharge|p1a: Gyarados
|-mustrecharge|p1a: Gyarados
|choice|move 1|move 3
|
|cant|p1a: Gyarados|recharge
|move|p2a: Slowbro|Surf|p1a: Gyarados
|-resisted|p1a: Gyarados
|-damage|p1a: Gyarados|122\/335
|
|turn|39
|choice|move 2|switch 6
|
|switch|p2a: Muk|Muk, L90|372\/372
|move|p1a: Gyarados|Hyper Beam|p2a: Muk
|-damage|p2a: Muk|236\/372
|
|turn|40
|-mustrecharge|p1a: Gyarados
|-mustrecharge|p1a: Gyarados
|choice|move 1|move 4
|
|cant|p1a: Gyarados|recharge
|move|p2a: Muk|Body Slam|p1a: Gyarados
|-damage|p1a: Gyarados|42\/335
|
|turn|41
|choice|switch 4|move 4
|
|switch|p1a: Arcanine|Arcanine, L85|327\/327
|move|p2a: Muk|Body Slam|p1a: Arcanine
|-damage|p1a: Arcanine|249\/327
|-status|p1a: Arcanine|par
|
|turn|42
|choice|move 1|switch 6
|
|switch|p2a: Slowbro|Slowbro, L79|87\/312
|move|p1a: Arcanine|Mimic|p2a: Slowbro
|-start|p1a: Arcanine|Mimic|Amnesia
|
|turn|43
|choice|move 4|move 4
|
|move|p2a: Slowbro|Rest|p2a: Slowbro
|-status|p2a: Slowbro|slp
|-heal|p2a: Slowbro|312\/312 slp|[silent]
|-status|p2a: Slowbro|slp|[from] move: Rest
|move|p1a: Arcanine|Hyper Beam|p2a: Slowbro|[miss]
|-miss|p1a: Arcanine
|
|turn|44
|choice|move 1|move 1
|
|cant|p2a: Slowbro|slp
|move|p1a: Arcanine|Amnesia|p1a: Arcanine
|-boost|p1a: Arcanine|spd|2
|-boost|p1a: Arcanine|spa|2
|
|turn|45
|choice|move 1|move 1
|
|-curestatus|p2a: Slowbro|slp
|move|p1a: Arcanine|Amnesia|p1a: Arcanine
|-boost|p1a: Arcanine|spd|2
|-boost|p1a: Arcanine|spa|2
|
|turn|46
|choice|move 2|move 1
|
|move|p2a: Slowbro|Amnesia|p2a: Slowbro
|-boost|p2a: Slowbro|spd|2
|-boost|p2a: Slowbro|spa|2
|move|p1a: Arcanine|Body Slam|p2a: Slowbro
|-damage|p2a: Slowbro|247\/312
|
|turn|47
|choice|move 1|move 1
|
|move|p2a: Slowbro|Amnesia|p2a: Slowbro
|-boost|p2a: Slowbro|spd|2
|-boost|p2a: Slowbro|spa|2
|move|p1a: Arcanine|Amnesia|p1a: Arcanine
|-boost|p1a: Arcanine|spd|2
|-boost|p1a: Arcanine|spa|2
|
|turn|48
|choice|move 2|move 3
|
|move|p2a: Slowbro|Surf|p1a: Arcanine
|-supereffective|p1a: Arcanine
|-damage|p1a: Arcanine|133\/327 par
|move|p1a: Arcanine|Body Slam|p2a: Slowbro
|-crit|p2a: Slowbro
|-damage|p2a: Slowbro|127\/312
|
|turn|49
|choice|move 4|move 3
|
|move|p2a: Slowbro|Surf|p1a: Arcanine
|-supereffective|p1a: Arcanine
|-damage|p1a: Arcanine|16\/327 par
|move|p1a: Arcanine|Hyper Beam|p2a: Slowbro
|-damage|p2a: Slowbro|24\/312
|
|turn|50
|-mustrecharge|p1a: Arcanine
|-mustrecharge|p1a: Arcanine
|choice|move 1|move 4
|
|move|p2a: Slowbro|Rest|p2a: Slowbro
|-status|p2a: Slowbro|slp
|-heal|p2a: Slowbro|312\/312 slp|[silent]
|-status|p2a: Slowbro|slp|[from] move: Rest
|cant|p1a: Arcanine|recharge
|
|turn|51
|choice|move 4|move 3
|
|cant|p2a: Slowbro|slp
|move|p1a: Arcanine|Hyper Beam|p2a: Slowbro
|-crit|p2a: Slowbro
|-damage|p2a: Slowbro|90\/312 slp
|
|turn|52
|-mustrecharge|p1a: Arcanine
|-mustrecharge|p1a: Arcanine
|choice|move 1|move 4
|
|-curestatus|p2a: Slowbro|slp
|cant|p1a: Arcanine|recharge
|
|turn|53
|choice|move 4|move 4
|
|move|p2a: Slowbro|Rest|p2a: Slowbro
|-status|p2a: Slowbro|slp
|-heal|p2a: Slowbro|312\/312 slp|[silent]
|-status|p2a: Slowbro|slp|[from] move: Rest
|cant|p1a: Arcanine|par
|
|turn|54
|choice|move 4|move 3
|
|cant|p2a: Slowbro|slp
|move|p1a: Arcanine|Hyper Beam|p2a: Slowbro
|-crit|p2a: Slowbro
|-damage|p2a: Slowbro|117\/312 slp
|
|turn|55
|-mustrecharge|p1a: Arcanine
|-mustrecharge|p1a: Arcanine
|choice|move 1|move 4
|
|-curestatus|p2a: Slowbro|slp
|cant|p1a: Arcanine|recharge
|
|turn|56
|choice|move 4|move 4
|
|move|p2a: Slowbro|Rest|p2a: Slowbro
|-status|p2a: Slowbro|slp
|-heal|p2a: Slowbro|312\/312 slp|[silent]
|-status|p2a: Slowbro|slp|[from] move: Rest
|move|p1a: Arcanine|Hyper Beam|p2a: Slowbro
|-crit|p2a: Slowbro
|-damage|p2a: Slowbro|110\/312 slp
|
|turn|57
|-mustrecharge|p1a: Arcanine
|-mustrecharge|p1a: Arcanine
|choice|move 1|move 4
|
|cant|p2a: Slowbro|slp
|cant|p1a: Arcanine|recharge
|
|turn|58
|choice|move 4|move 4
|
|-curestatus|p2a: Slowbro|slp
|cant|p1a: Arcanine|par
|
|turn|59
|choice|move 4|move 4
|
|move|p2a: Slowbro|Rest|p2a: Slowbro
|-status|p2a: Slowbro|slp
|-heal|p2a: Slowbro|312\/312 slp|[silent]
|-status|p2a: Slowbro|slp|[from] move: Rest
|move|p1a: Arcanine|Hyper Beam|p2a: Slowbro
|-crit|p2a: Slowbro
|-damage|p2a: Slowbro|88\/312 slp
|
|turn|60
|-mustrecharge|p1a: Arcanine
|-mustrecharge|p1a: Arcanine
|choice|move 1|move 4
|
|cant|p2a: Slowbro|slp
|cant|p1a: Arcanine|recharge
|
|turn|61
|choice|move 4|move 4
|
|-curestatus|p2a: Slowbro|slp
|move|p1a: Arcanine|Hyper Beam|p2a: Slowbro
|-damage|p2a: Slowbro|0 fnt
|faint|p2a: Slowbro
|choice||switch 4
|
|switch|p2a: Pidgeotto|Pidgeotto, L90|297\/297
|turn|62
|choice|move 4|move 1
|
|move|p2a: Pidgeotto|Double-Edge|p1a: Arcanine
|-crit|p1a: Arcanine
|-damage|p1a: Arcanine|0 fnt
|-damage|p2a: Pidgeotto|293\/297|[from] recoil|[of] p1a: Arcanine
|faint|p1a: Arcanine
|choice|switch 4|
|
|switch|p1a: Gyarados|Gyarados, L85|42\/335
|turn|63
|choice|move 3|move 1
|
|move|p1a: Gyarados|Blizzard|p2a: Pidgeotto
|-supereffective|p2a: Pidgeotto
|-damage|p2a: Pidgeotto|64\/297
|move|p2a: Pidgeotto|Double-Edge|p1a: Gyarados
|-damage|p1a: Gyarados|0 fnt
|-damage|p2a: Pidgeotto|54\/297|[from] recoil|[of] p1a: Gyarados
|faint|p1a: Gyarados
|choice|switch 6|
|
|switch|p1a: Zapdos|Zapdos, L79|304\/304
|turn|64
|choice|move 4|move 1
|
|move|p1a: Zapdos|Thunderbolt|p2a: Pidgeotto
|-supereffective|p2a: Pidgeotto
|-damage|p2a: Pidgeotto|0 fnt
|faint|p2a: Pidgeotto
|choice||switch 2
|
|switch|p2a: Voltorb|Voltorb, L96|272\/272
|turn|65
|choice|move 2|move 2
|
|move|p2a: Voltorb|Thunder|p1a: Zapdos
|-damage|p1a: Zapdos|198\/304
|move|p1a: Zapdos|Agility|p1a: Zapdos
|-boost|p1a: Zapdos|spe|2
|
|turn|66
|choice|move 3|move 2
|
|move|p1a: Zapdos|Thunder Wave|p2a: Voltorb
|-status|p2a: Voltorb|par
|cant|p2a: Voltorb|par
|
|turn|67
|choice|move 4|move 2
|
|move|p1a: Zapdos|Thunderbolt|p2a: Voltorb
|-resisted|p2a: Voltorb
|-damage|p2a: Voltorb|209\/272 par
|move|p2a: Voltorb|Thunder|p1a: Zapdos
|-damage|p1a: Zapdos|96\/304
|
|turn|68
|choice|move 4|move 2
|
|move|p1a: Zapdos|Thunderbolt|p2a: Voltorb
|-crit|p2a: Voltorb
|-resisted|p2a: Voltorb
|-damage|p2a: Voltorb|87\/272 par
|move|p2a: Voltorb|Thunder|p1a: Zapdos|[miss]
|-miss|p2a: Voltorb
|
|turn|69
|choice|move 4|move 2
|
|move|p1a: Zapdos|Thunderbolt|p2a: Voltorb
|-resisted|p2a: Voltorb
|-damage|p2a: Voltorb|24\/272 par
|move|p2a: Voltorb|Thunder|p1a: Zapdos
|-damage|p1a: Zapdos|0 fnt
|faint|p1a: Zapdos
|choice|switch 3|
|
|switch|p1a: Mewtwo|Mewtwo, L68|285\/285
|turn|70
|choice|move 1|move 1
|
|move|p1a: Mewtwo|Psychic|p2a: Voltorb
|-damage|p2a: Voltorb|0 fnt
|faint|p2a: Voltorb
|choice||switch 3
|
|switch|p2a: Vulpix|Vulpix, L96|268\/268
|turn|71
|choice|switch 2|move 2
|
|switch|p1a: Slowbro|Slowbro, L79|264\/312 par
|move|p2a: Vulpix|Confuse Ray|p1a: Slowbro
|-start|p1a: Slowbro|confusion
|
|turn|72
|choice|move 1|switch 6
|
|switch|p2a: Muk|Muk, L90|236\/372
|-activate|p1a: Slowbro|confusion
|move|p1a: Slowbro|Thunder Wave|p2a: Muk
|-status|p2a: Muk|par
|
|turn|73
|choice|move 2|move 1
|
|cant|p2a: Muk|par
|-activate|p1a: Slowbro|confusion
|-damage|p1a: Slowbro|242\/312 par|[from] confusion
|
|turn|74
|choice|move 2|move 1
|
|move|p2a: Muk|Explosion|p1a: Slowbro
|-damage|p1a: Slowbro|0 fnt
|faint|p1a: Slowbro
|faint|p2a: Muk
|choice|switch 2|switch 6
|
|switch|p1a: Mewtwo|Mewtwo, L68|285\/285
|switch|p2a: Vulpix|Vulpix, L96|268\/268
|turn|75
|choice|move 3|move 2
|
|move|p1a: Mewtwo|Amnesia|p1a: Mewtwo
|-boost|p1a: Mewtwo|spd|2
|-boost|p1a: Mewtwo|spa|2
|move|p2a: Vulpix|Confuse Ray|p1a: Mewtwo
|-start|p1a: Mewtwo|confusion
|
|turn|76
|choice|move 1|move 1
|
|-activate|p1a: Mewtwo|confusion
|move|p1a: Mewtwo|Psychic|p2a: Vulpix
|-damage|p2a: Vulpix|93\/268
|-unboost|p2a: Vulpix|spd|1
|-unboost|p2a: Vulpix|spa|1
|move|p2a: Vulpix|Fire Blast|p1a: Mewtwo
|-damage|p1a: Mewtwo|250\/285
|-status|p1a: Mewtwo|brn
|
|turn|77
|choice|move 1|move 3
|
|-activate|p1a: Mewtwo|confusion
|-damage|p1a: Mewtwo|235\/285 brn|[from] confusion
|-damage|p1a: Mewtwo|218\/285 brn|[from] brn|[of] p2a: Vulpix
|move|p2a: Vulpix|Body Slam|p1a: Mewtwo
|-damage|p1a: Mewtwo|158\/285 brn
|
|turn|78
|choice|move 1|move 3
|
|-activate|p1a: Mewtwo|confusion
|-damage|p1a: Mewtwo|143\/285 brn|[from] confusion
|-damage|p1a: Mewtwo|126\/285 brn|[from] brn|[of] p2a: Vulpix
|move|p2a: Vulpix|Body Slam|p1a: Mewtwo
|-damage|p1a: Mewtwo|68\/285 brn
|
|turn|79
|choice|move 1|move 3
|
|-end|p1a: Mewtwo|confusion
|move|p1a: Mewtwo|Psychic|p2a: Vulpix
|-damage|p2a: Vulpix|0 fnt
|faint|p2a: Vulpix
|choice||switch 5
|
|switch|p2a: Magmar|Magmar, L90|300\/300
|turn|80
|choice|move 1|move 4
|
|move|p2a: Magmar|Hyper Beam|p1a: Mewtwo
|-damage|p1a: Mewtwo|0 fnt
|faint|p1a: Mewtwo
|
|win|Dervodel1
|raw|Pietro Albuquerque's rating: 1233 &rarr; <strong>1210<\/strong><br \/>(-23 for losing)
|raw|Dervodel1's rating: 1266 &rarr; <strong>1289<\/strong><br \/>(+23 for winning)
|l|Pietro Albuquerque
|player|p1