|join|bpizzizzle
|join|Blaze 4 AG
|player|p1|bpizzizzle|252
|player|p2|Blaze 4 AG|101
|gametype|singles
|gen|1
|tier|[Gen 1] Random Battle
|rated
|rule|Sleep Clause Mod: Limit one foe put to sleep
|rule|Freeze Clause Mod: Limit one foe frozen
|rule|HP Percentage Mod: HP is shown in percentages
|
|start
|switch|p1a: Charizard|Charizard, L85|306\/306
|switch|p2a: Rattata|Rattata, L96|252\/252
|turn|1
|
|move|p1a: Charizard|Body Slam|p2a: Rattata
|-crit|p2a: Rattata
|-damage|p2a: Rattata|101\/252
|move|p2a: Rattata|Super Fang|p1a: Charizard
|-damage|p1a: Charizard|153\/306
|
|turn|2
|
|move|p1a: Charizard|Body Slam|p2a: Rattata
|-damage|p2a: Rattata|19\/252
|move|p2a: Rattata|Thunderbolt|p1a: Charizard
|-supereffective|p1a: Charizard
|-damage|p1a: Charizard|66\/306
|
|turn|3
|leave|Blaze 4 AG
|player|p2
|join|Bring Back Abbott
|leave|Bring Back Abbott
|join|Blaze 4 AG
|player|p2|Blaze 4 AG|101
|
|move|p1a: Charizard|Body Slam|p2a: Rattata
|-damage|p2a: Rattata|0 fnt
|faint|p2a: Rattata
|
|switch|p2a: Alakazam|Alakazam, L79|249\/249
|turn|4
|
|move|p2a: Alakazam|Psychic|p1a: Charizard
|-damage|p1a: Charizard|0 fnt
|faint|p1a: Charizard
|
|switch|p1a: Jolteon|Jolteon, L79|265\/265
|turn|5
|
|switch|p2a: Golem|Golem, L79|288\/288
|move|p1a: Jolteon|Thunderbolt|p2a: Golem
|-immune|p2a: Golem|[msg]
|
|turn|6
|
|switch|p1a: Tangela|Tangela, L85|284\/284
|move|p2a: Golem|Rock Slide|p1a: Tangela
|-damage|p1a: Tangela|224\/284
|
|turn|7
|
|switch|p2a: Hypno|Hypno, L85|318\/318
|move|p1a: Tangela|Stun Spore|p2a: Hypno
|-status|p2a: Hypno|par
|
|turn|8
|
|move|p1a: Tangela|Body Slam|p2a: Hypno
|-damage|p2a: Hypno|268\/318 par
|move|p2a: Hypno|Hypnosis|p1a: Tangela
|-status|p1a: Tangela|slp
|
|turn|9
|
|switch|p1a: Jolteon|Jolteon, L79|265\/265
|switch|p2a: Golduck|Golduck, L85|310\/310
|
|turn|10
|
|switch|p2a: Golem|Golem, L79|288\/288
|move|p1a: Jolteon|Body Slam|p2a: Golem
|-crit|p2a: Golem
|-resisted|p2a: Golem
|-damage|p2a: Golem|255\/288
|
|turn|11
|
|switch|p1a: Raticate|Raticate, L85|267\/267
|move|p2a: Golem|Earthquake|p1a: Raticate
|-damage|p1a: Raticate|146\/267
|
|turn|12
|
|move|p1a: Raticate|Bubble Beam|p2a: Golem
|-supereffective|p2a: Golem
|-damage|p2a: Golem|73\/288
|-unboost|p2a: Golem|spe|1
|move|p2a: Golem|Earthquake|p1a: Raticate
|-damage|p1a: Raticate|19\/267
|
|turn|13
|
|switch|p2a: Golduck|Golduck, L85|310\/310
|move|p1a: Raticate|Bubble Beam|p2a: Golduck
|-crit|p2a: Golduck
|-resisted|p2a: Golduck
|-damage|p2a: Golduck|280\/310
|
|turn|14
|
|move|p1a: Raticate|Super Fang|p2a: Golduck
|-damage|p2a: Golduck|140\/310
|move|p2a: Golduck|Body Slam|p1a: Raticate
|-crit|p1a: Raticate
|-damage|p1a: Raticate|0 fnt
|faint|p1a: Raticate
|
|switch|p1a: Jolteon|Jolteon, L79|265\/265
|turn|15
|
|switch|p1a: Mew|Mew, L74|300\/300
|move|p2a: Golduck|Blizzard|p1a: Mew
|-damage|p1a: Mew|223\/300
|
|turn|16
|
|move|p2a: Golduck|Blizzard|p1a: Mew
|-damage|p1a: Mew|147\/300
|move|p1a: Mew|Psychic|p2a: Golduck
|-damage|p2a: Golduck|65\/310
|-unboost|p2a: Golduck|spd|1
|-unboost|p2a: Golduck|spa|1
|
|turn|17
|
|move|p2a: Golduck|Body Slam|p1a: Mew
|-damage|p1a: Mew|89\/300
|move|p1a: Mew|Psychic|p2a: Golduck
|-damage|p2a: Golduck|0 fnt
|faint|p2a: Golduck
|
|switch|p2a: Fearow|Fearow, L90|300\/300
|turn|18
|
|move|p2a: Fearow|Double-Edge|p1a: Mew
|-crit|p1a: Mew
|-damage|p1a: Mew|0 fnt
|-damage|p2a: Fearow|278\/300|[from] recoil|[of] p1a: Mew
|faint|p1a: Mew
|
|switch|p1a: Jolteon|Jolteon, L79|265\/265
|turn|19
|
|switch|p2a: Golem|Golem, L79|73\/288
|move|p1a: Jolteon|Thunderbolt|p2a: Golem
|-immune|p2a: Golem|[msg]
|
|turn|20
|
|switch|p1a: Pinsir|Pinsir, L85|284\/284
|move|p2a: Golem|Earthquake|p1a: Pinsir
|-resisted|p1a: Pinsir
|-damage|p1a: Pinsir|236\/284
|
|turn|21
|
|switch|p2a: Hypno|Hypno, L85|268\/318 par
|move|p1a: Pinsir|Submission|p2a: Hypno
|-resisted|p2a: Hypno
|-damage|p2a: Hypno|227\/318 par
|-damage|p1a: Pinsir|226\/284|[from] recoil|[of] p2a: Hypno
|
|turn|22
|
|move|p1a: Pinsir|Swords Dance|p1a: Pinsir
|-boost|p1a: Pinsir|atk|2
|move|p2a: Hypno|Thunder Wave|p1a: Pinsir
|-status|p1a: Pinsir|par
|
|turn|23
|
|move|p1a: Pinsir|Body Slam|p2a: Hypno
|-damage|p2a: Hypno|63\/318 par
|move|p2a: Hypno|Psychic|p1a: Pinsir
|-damage|p1a: Pinsir|93\/284 par
|
|turn|24
|
|move|p1a: Pinsir|Body Slam|p2a: Hypno
|-damage|p2a: Hypno|0 fnt
|faint|p2a: Hypno
|
|switch|p2a: Fearow|Fearow, L90|278\/300
|turn|25
|
|move|p2a: Fearow|Drill Peck|p1a: Pinsir
|-supereffective|p1a: Pinsir
|-damage|p1a: Pinsir|0 fnt
|faint|p1a: Pinsir
|
|switch|p1a: Jolteon|Jolteon, L79|265\/265
|turn|26
|
|switch|p2a: Golem|Golem, L79|73\/288
|move|p1a: Jolteon|Double Kick|p2a: Golem
|-supereffective|p2a: Golem
|-damage|p2a: Golem|48\/288
|-damage|p2a: Golem|23\/288
|-hitcount|p2a: Golem|2
|
|turn|27
|
|move|p1a: Jolteon|Double Kick|p2a: Golem
|-supereffective|p2a: Golem
|-damage|p2a: Golem|0 fnt
|-hitcount|p2a: Golem|1
|faint|p2a: Golem
|
|switch|p2a: Alakazam|Alakazam, L79|249\/249
|turn|28
|
|move|p1a: Jolteon|Pin Missile|p2a: Alakazam
|-supereffective|p2a: Alakazam
|-damage|p2a: Alakazam|227\/249
|-damage|p2a: Alakazam|205\/249
|-hitcount|p2a: Alakazam|2
|move|p2a: Alakazam|Psychic|p1a: Jolteon
|-crit|p1a: Jolteon
|-damage|p1a: Jolteon|76\/265
|
|turn|29
|
|move|p1a: Jolteon|Body Slam|p2a: Alakazam
|-damage|p2a: Alakazam|137\/249
|-status|p2a: Alakazam|par
|move|p2a: Alakazam|Psychic|p1a: Jolteon
|-damage|p1a: Jolteon|0 fnt
|faint|p1a: Jolteon
|-message|bpizzizzle forfeited.
|
|win|Blaze 4 AG
|raw|bpizzizzle's rating: 1393 &rarr; <strong>1360<\/strong><br \/>(-33 for losing)
|raw|Blaze 4 AG's rating: 1136 &rarr; <strong>1177<\/strong><br \/>(+41 for winning)
|leave|bpizzizzle
|player|p1