|j|the jews
|j|James89
|player|p1|the jews|101
|player|p2|James89|1
|gametype|singles
|gen|1
|tier|[Gen 1] Random Battle
|rated
|seed|52071,39737,32883,52766
|rule|Sleep Clause Mod: Limit one foe put to sleep
|rule|Freeze Clause Mod: Limit one foe frozen
|rule|HP Percentage Mod: HP is shown in percentages
|
|start
|switch|p1a: Ponyta|Ponyta, L96|291\/291
|switch|p2a: Sandslash|Sandslash, L85|301\/301
|turn|1
|choice|switch 2|move 1
|
|switch|p1a: Pidgeotto|Pidgeotto, L90|297\/297
|move|p2a: Sandslash|Earthquake|p1a: Pidgeotto
|-immune|p1a: Pidgeotto|[msg]
|
|turn|2
|choice|switch 4|move 2
|
|switch|p1a: Cloyster|Cloyster, L83|253\/253
|move|p2a: Sandslash|Body Slam|p1a: Cloyster
|-damage|p1a: Cloyster|217\/253
|
|turn|3
|choice|move 3|switch 2
|
|switch|p2a: Slowbro|Slowbro, L79|312\/312
|move|p1a: Cloyster|Blizzard|p2a: Slowbro
|-resisted|p2a: Slowbro
|-damage|p2a: Slowbro|251\/312
|
|turn|4
|choice|move 2|move 1
|
|move|p1a: Cloyster|Toxic|p2a: Slowbro
|-status|p2a: Slowbro|tox
|move|p2a: Slowbro|Thunder Wave|p1a: Cloyster
|-status|p1a: Cloyster|par
|-damage|p2a: Slowbro|232\/312 tox|[from] tox|[of] p1a: Cloyster
|
|turn|5
|choice|move 3|move 2
|
|move|p2a: Slowbro|Amnesia|p2a: Slowbro
|-boost|p2a: Slowbro|spd|2
|-boost|p2a: Slowbro|spa|2
|-damage|p2a: Slowbro|194\/312 tox|[from] psn
|move|p1a: Cloyster|Blizzard|p2a: Slowbro
|-resisted|p2a: Slowbro
|-damage|p2a: Slowbro|160\/312 tox
|
|turn|6
|choice|move 3|move 2
|
|move|p2a: Slowbro|Amnesia|p2a: Slowbro
|-boost|p2a: Slowbro|spd|2
|-boost|p2a: Slowbro|spa|2
|-damage|p2a: Slowbro|103\/312 tox|[from] psn
|move|p1a: Cloyster|Blizzard|p2a: Slowbro
|-resisted|p2a: Slowbro
|-damage|p2a: Slowbro|82\/312 tox
|
|turn|7
|j|Wolv&Bats
|c| Wolv&Bats|show me your moves
|c|★the jews|No
|c|★James89|i'm dancing right.
|j|SlimShadow
|c|★James89|now.
|choice|move 3|move 3
|
|move|p2a: Slowbro|Rest|p2a: Slowbro
|-status|p2a: Slowbro|slp
|-heal|p2a: Slowbro|312\/312 slp|[silent]
|-status|p2a: Slowbro|slp|[from] move: Rest
|move|p1a: Cloyster|Blizzard|p2a: Slowbro
|-crit|p2a: Slowbro
|-resisted|p2a: Slowbro
|-damage|p2a: Slowbro|184\/312 slp
|
|turn|8
|c| SlimShadow|Jesse
|choice|switch 6|move 3
|
|switch|p1a: Beedrill|Beedrill, L90|300\/300
|cant|p2a: Slowbro|slp
|
|turn|9
|choice|move 2|move 3
|
|move|p1a: Beedrill|Swords Dance|p1a: Beedrill
|-boost|p1a: Beedrill|atk|2
|-curestatus|p2a: Slowbro|slp
|
|turn|10
|c| SlimShadow|jewse and james
|choice|move 1|move 4
|
|move|p1a: Beedrill|Twineedle|p2a: Slowbro
|-supereffective|p2a: Slowbro
|-damage|p2a: Slowbro|83\/312
|-damage|p2a: Slowbro|0 fnt
|-hitcount|p2a: Slowbro|2
|faint|p2a: Slowbro
|choice||switch 6
|
|switch|p2a: Electrode|Electrode, L90|291\/291
|turn|11
|c|★the jews|The Jews control team rocket
|l|James89
|player|p2
|c| SlimShadow|illuminati
|j|James89
|player|p2|James89|1
|choice|switch 3|move 2
|
|switch|p1a: Marowak|Marowak, L90|291\/291
|move|p2a: Electrode|Thunderbolt|p1a: Marowak
|-immune|p1a: Marowak|[msg]
|
|turn|12
|c| Wolv&Bats|the jews are illuminati
|choice|move 2|switch 5
|
|switch|p2a: Vileplume|Vileplume, L90|318\/318
|move|p1a: Marowak|Earthquake|p2a: Vileplume
|-damage|p2a: Vileplume|213\/318
|
|turn|13
|c| Wolv&Bats|illuminati is team rocket
|choice|switch 4|move 3
|
|switch|p1a: Pidgeotto|Pidgeotto, L90|297\/297
|move|p2a: Vileplume|Sleep Powder|p1a: Pidgeotto
|-status|p1a: Pidgeotto|slp
|
|turn|14
|choice|switch 3|move 1
|
|switch|p1a: Beedrill|Beedrill, L90|300\/300
|move|p2a: Vileplume|Swords Dance|p2a: Vileplume
|-boost|p2a: Vileplume|atk|2
|
|turn|15
|c| SlimShadow|ash is a hero
|choice|move 1|move 4
|
|move|p1a: Beedrill|Twineedle|p2a: Vileplume
|-supereffective|p2a: Vileplume
|-damage|p2a: Vileplume|98\/318
|-damage|p2a: Vileplume|0 fnt
|-hitcount|p2a: Vileplume|2
|faint|p2a: Vileplume
|choice||switch 3
|
|switch|p2a: Flareon|Flareon, L90|300\/300
|turn|16
|choice|switch 6|move 3
|
|switch|p1a: Cloyster|Cloyster, L83|217\/253 par
|move|p2a: Flareon|Fire Blast|p1a: Cloyster
|-damage|p1a: Cloyster|60\/253 par
|
|turn|17
|c| Wolv&Bats|ash is jew scum
|choice|move 1|move 3
|
|move|p2a: Flareon|Fire Blast|p1a: Cloyster|[miss]
|-miss|p2a: Flareon
|move|p1a: Cloyster|Explosion|p2a: Flareon
|-damage|p2a: Flareon|38\/300
|faint|p1a: Cloyster
|c| SlimShadow|is his name ash ketchumstein
|choice|switch 2|
|
|switch|p1a: Ponyta|Ponyta, L96|291\/291
|turn|18
|choice|move 1|move 1
|
|move|p2a: Flareon|Quick Attack|p1a: Ponyta
|-damage|p1a: Ponyta|244\/291
|move|p1a: Ponyta|Fire Blast|p2a: Flareon|[miss]
|-miss|p1a: Ponyta
|
|turn|19
|choice|move 1|move 1
|
|move|p2a: Flareon|Quick Attack|p1a: Ponyta
|-damage|p1a: Ponyta|198\/291
|move|p1a: Ponyta|Fire Blast|p2a: Flareon|[miss]
|-miss|p1a: Ponyta
|
|turn|20
|c|★the jews|Yes
|choice|move 1|move 1
|
|move|p2a: Flareon|Quick Attack|p1a: Ponyta
|-damage|p1a: Ponyta|151\/291
|move|p1a: Ponyta|Fire Blast|p2a: Flareon
|-resisted|p2a: Flareon
|-damage|p2a: Flareon|0 fnt
|faint|p2a: Flareon
|choice||switch 2
|
|switch|p2a: Sandslash|Sandslash, L85|301\/301
|turn|21
|choice|move 1|move 2
|
|move|p1a: Ponyta|Fire Blast|p2a: Sandslash
|-damage|p2a: Sandslash|141\/301
|move|p2a: Sandslash|Body Slam|p1a: Ponyta
|-damage|p1a: Ponyta|83\/291
|-status|p1a: Ponyta|par
|
|turn|22
|choice|move 1|move 3
|
|move|p2a: Sandslash|Hyper Beam|p1a: Ponyta
|-damage|p1a: Ponyta|0 fnt
|faint|p1a: Ponyta
|choice|switch 6|
|
|switch|p1a: Beedrill|Beedrill, L90|300\/300
|turn|23
|choice|move 2|move 3
|
|move|p1a: Beedrill|Swords Dance|p1a: Beedrill
|-boost|p1a: Beedrill|atk|2
|move|p2a: Sandslash|Hyper Beam|p1a: Beedrill
|-crit|p1a: Beedrill
|-damage|p1a: Beedrill|9\/300
|
|turn|24
|-mustrecharge|p2a: Sandslash
|-mustrecharge|p2a: Sandslash
|choice|move 3|move 1
|
|move|p1a: Beedrill|Agility|p1a: Beedrill
|-boost|p1a: Beedrill|spe|2
|cant|p2a: Sandslash|recharge
|
|turn|25
|choice|move 4|move 2
|
|move|p1a: Beedrill|Hyper Beam|p2a: Sandslash
|-damage|p2a: Sandslash|0 fnt
|faint|p2a: Sandslash
|c| Wolv&Bats|ha
|choice||switch 4
|
|switch|p2a: Machamp|Machamp, L90|345\/345
|turn|26
|choice|move 4|move 1
|
|move|p1a: Beedrill|Hyper Beam|p2a: Machamp
|-damage|p2a: Machamp|126\/345
|move|p2a: Machamp|Body Slam|p1a: Beedrill
|-damage|p1a: Beedrill|0 fnt
|faint|p1a: Beedrill
|choice|switch 3|
|
|switch|p1a: Pidgeotto|Pidgeotto, L90|297\/297 slp
|turn|27
|choice|move 1|move 1
|
|cant|p1a: Pidgeotto|slp
|move|p2a: Machamp|Body Slam|p1a: Pidgeotto
|-damage|p1a: Pidgeotto|194\/297 slp
|
|turn|28
|choice|move 1|move 1
|
|cant|p1a: Pidgeotto|slp
|move|p2a: Machamp|Body Slam|p1a: Pidgeotto
|-damage|p1a: Pidgeotto|96\/297 slp
|
|turn|29
|choice|move 1|move 1
|
|-curestatus|p1a: Pidgeotto|slp
|move|p2a: Machamp|Body Slam|p1a: Pidgeotto
|-damage|p1a: Pidgeotto|0 fnt
|faint|p1a: Pidgeotto
|choice|switch 5|
|
|switch|p1a: Muk|Muk, L90|372\/372
|turn|30
|choice|move 1|move 2
|
|move|p2a: Machamp|Earthquake|p1a: Muk
|-supereffective|p1a: Muk
|-damage|p1a: Muk|156\/372
|move|p1a: Muk|Explosion|p2a: Machamp
|-damage|p2a: Machamp|0 fnt
|faint|p2a: Machamp
|faint|p1a: Muk
|choice|switch 4|switch 5
|
|switch|p2a: Electrode|Electrode, L90|291\/291
|switch|p1a: Marowak|Marowak, L90|291\/291
|turn|31
|choice|move 2|move 4
|
|move|p2a: Electrode|Screech|p1a: Marowak
|-unboost|p1a: Marowak|def|2
|move|p1a: Marowak|Earthquake|p2a: Electrode
|-supereffective|p2a: Electrode
|-damage|p2a: Electrode|66\/291
|
|turn|32
|choice|move 2|move 1
|
|move|p2a: Electrode|Explosion|p1a: Marowak
|-damage|p1a: Marowak|0 fnt
|faint|p1a: Marowak
|faint|p2a: Electrode
|
|win|James89
|player|p1
|player|p2
|raw|the jews's rating: 1489 &rarr; <strong>1460<\/strong><br \/>(-29 for losing)
|raw|James89's rating: 1317 &rarr; <strong>1346<\/strong><br \/>(+29 for winning)
|l|SlimShadow