|join|gen 1 is super gay
|join|bpizzizzle
|player|p1|gen 1 is super gay|2
|player|p2|bpizzizzle|252
|gametype|singles
|gen|1
|tier|[Gen 1] Random Battle
|rated
|rule|Sleep Clause Mod: Limit one foe put to sleep
|rule|Freeze Clause Mod: Limit one foe frozen
|rule|HP Percentage Mod: HP is shown in percentages
|
|start
|switch|p1a: Hypno|Hypno, L85|318\/318
|switch|p2a: Charizard|Charizard, L85|306\/306
|turn|1
|join|gen 1 is gay
|c|★gen 1 is super gay|ah bpiz
|c| gen 1 is gay|loool
|c| gen 1 is gay|bpizzzz
|c| gen 1 is gay|have fucking mercy my nigga
|c|★gen 1 is super gay|guess i should expect to be haxed as FUCK
|c|★bpizzizzle|my nigggsss
|c|★gen 1 is super gay|and pull out the dub anyway
|c| gen 1 is gay|looool
|c|★bpizzizzle|let's go
|c| gen 1 is gay|i kinda want to show bpizz the super gay loss replay
|
|move|p2a: Charizard|Body Slam|p1a: Hypno
|-damage|p1a: Hypno|255\/318
|move|p1a: Hypno|Thunder Wave|p2a: Charizard
|-status|p2a: Charizard|par
|
|turn|2
|c| gen 1 is gay|so he gets an idea
|c| gen 1 is gay|of how consistent this shit it
|c|★gen 1 is super gay|lmao go ahead
|c|★gen 1 is super gay|my last battle on this account bpiz
|c|★gen 1 is super gay|INSANE
|c|★gen 1 is super gay|it was 24-2 before this shit
|c|★bpizzizzle|alright let's see
|
|move|p1a: Hypno|Psychic|p2a: Charizard
|-damage|p2a: Charizard|197\/306 par
|-unboost|p2a: Charizard|spd|1
|-unboost|p2a: Charizard|spa|1
|move|p2a: Charizard|Swords Dance|p2a: Charizard
|-boost|p2a: Charizard|atk|2
|
|turn|3
|c| gen 1 is gay|http:\/\/replay.pokemonshowdown.com\/gen1randombattle-217550832
|
|switch|p1a: Kabutops|Kabutops, L85|276\/276
|move|p2a: Charizard|Hyper Beam|p1a: Kabutops
|-crit|p1a: Kabutops
|-resisted|p1a: Kabutops
|-damage|p1a: Kabutops|190\/276
|
|turn|4
|
|move|p1a: Kabutops|Surf|p2a: Charizard
|-supereffective|p2a: Charizard
|-damage|p2a: Charizard|0 fnt
|faint|p2a: Charizard
|c| gen 1 is gay|sexbutops
|
|switch|p2a: Victreebel|Victreebel, L85|310\/310
|turn|5
|
|switch|p1a: Nidorina|Nidorina, L90|309\/309
|move|p2a: Victreebel|Sleep Powder|p1a: Nidorina
|-status|p1a: Nidorina|slp
|
|turn|6
|c| gen 1 is gay|noooo nido = your best team member
|c| gen 1 is gay|according to the last game
|c|★gen 1 is super gay|lmao right
|c| gen 1 is gay|lmao
|
|switch|p1a: Hypno|Hypno, L85|255\/318
|move|p2a: Victreebel|Body Slam|p1a: Hypno
|-damage|p1a: Hypno|175\/318
|-status|p1a: Hypno|par
|
|turn|7
|c| gen 1 is gay|oof
|
|move|p2a: Victreebel|Body Slam|p1a: Hypno
|-damage|p1a: Hypno|104\/318 par
|move|p1a: Hypno|Thunder Wave|p2a: Victreebel
|-status|p2a: Victreebel|par
|
|turn|8
|c| gen 1 is gay|mk
|
|move|p2a: Victreebel|Body Slam|p1a: Hypno
|-damage|p1a: Hypno|30\/318 par
|move|p1a: Hypno|Rest|p1a: Hypno
|-status|p1a: Hypno|slp
|-heal|p1a: Hypno|318\/318 slp|[silent]
|-status|p1a: Hypno|slp|[from] move: Rest
|
|turn|9
|c| gen 1 is gay|swag
|c| gen 1 is gay|50\/50 chance
|c| gen 1 is gay|lol
|c|★gen 1 is super gay|lol
|
|cant|p2a: Victreebel|par
|cant|p1a: Hypno|slp
|
|turn|10
|c| gen 1 is gay|oh nice bp is 1409
|c| gen 1 is gay|getting up there
|
|move|p2a: Victreebel|Swords Dance|p2a: Victreebel
|-boost|p2a: Victreebel|atk|2
|cant|p1a: Hypno|slp
|-curestatus|p1a: Hypno|slp
|
|turn|11
|c|★gen 1 is super gay|might be going higher if his team keeps up looking like this lol
|
|move|p2a: Victreebel|Body Slam|p1a: Hypno
|-damage|p1a: Hypno|161\/318
|move|p1a: Hypno|Psychic|p2a: Victreebel
|-crit|p2a: Victreebel
|-supereffective|p2a: Victreebel
|-damage|p2a: Victreebel|0 fnt
|faint|p2a: Victreebel
|c|★gen 1 is super gay|well that was nice
|
|switch|p2a: Gyarados|Gyarados, L85|335\/335
|turn|12
|
|switch|p1a: Electrode|Electrode, L85|276\/276
|move|p2a: Gyarados|Hyper Beam|p1a: Electrode
|-damage|p1a: Electrode|131\/276
|
|turn|13
|
|move|p1a: Electrode|Thunderbolt|p2a: Gyarados
|-supereffective|p2a: Gyarados
|-damage|p2a: Gyarados|0 fnt
|faint|p2a: Gyarados
|
|switch|p2a: Jynx|Jynx, L79|265\/265
|turn|14
|c|★bpizzizzle|I needed some hax on that hypno
|
|switch|p2a: Weezing|Weezing, L85|284\/284
|move|p1a: Electrode|Thunder|p2a: Weezing
|-crit|p2a: Weezing
|-damage|p2a: Weezing|48\/284
|
|turn|15
|c|★gen 1 is super gay|getting a little tricky on me
|c|★gen 1 is super gay|but i smelled it
|c|★bpizzizzle|that crit
|c|★gen 1 is super gay|it crits like 1\/4 times though
|c|★gen 1 is super gay|more
|
|move|p1a: Electrode|Thunderbolt|p2a: Weezing
|-damage|p2a: Weezing|0 fnt
|faint|p2a: Weezing
|
|switch|p2a: Jynx|Jynx, L79|265\/265
|turn|16
|
|move|p1a: Electrode|Thunder|p2a: Jynx
|-damage|p2a: Jynx|140\/265
|-status|p2a: Jynx|par
|move|p2a: Jynx|Psychic|p1a: Electrode
|-damage|p1a: Electrode|45\/276
|
|turn|17
|
|switch|p1a: Kabutops|Kabutops, L85|190\/276
|cant|p2a: Jynx|par
|
|turn|18
|
|move|p1a: Kabutops|Swords Dance|p1a: Kabutops
|-boost|p1a: Kabutops|atk|2
|move|p2a: Jynx|Psychic|p1a: Kabutops
|-damage|p1a: Kabutops|102\/276
|
|turn|19
|
|move|p1a: Kabutops|Body Slam|p2a: Jynx
|-damage|p2a: Jynx|0 fnt
|faint|p2a: Jynx
|
|switch|p2a: Kadabra|Kadabra, L85|242\/242
|turn|20
|
|switch|p1a: Hypno|Hypno, L85|161\/318
|move|p2a: Kadabra|Psychic|p1a: Hypno
|-resisted|p1a: Hypno
|-damage|p1a: Hypno|114\/318
|-unboost|p1a: Hypno|spd|1
|-unboost|p1a: Hypno|spa|1
|
|turn|21
|
|move|p2a: Kadabra|Psychic|p1a: Hypno
|-resisted|p1a: Hypno
|-damage|p1a: Hypno|48\/318
|-unboost|p1a: Hypno|spd|1
|-unboost|p1a: Hypno|spa|1
|move|p1a: Hypno|Thunder Wave|p2a: Kadabra
|-status|p2a: Kadabra|par
|
|turn|22
|c|★bpizzizzle|yeah shit dude you wrecked me
|
|switch|p1a: Kingler|Kingler, L85|267\/267
|cant|p2a: Kadabra|par
|
|turn|23
|c|★gen 1 is super gay|i mean i have to go for the 6-0
|c|★gen 1 is super gay|and i got it
|c|★gen 1 is super gay|nice
|
|move|p1a: Kingler|Swords Dance|p1a: Kingler
|-boost|p1a: Kingler|atk|2
|cant|p2a: Kadabra|par
|
|turn|24
|
|move|p1a: Kingler|Hyper Beam|p2a: Kadabra
|-damage|p2a: Kadabra|0 fnt
|faint|p2a: Kadabra
|
|win|gen 1 is super gay
|raw|Ladder updating...
|raw|gen 1 is super gay's rating: 1351 &rarr; <strong>1375<\/strong><br \/>(+24 for winning)
|raw|bpizzizzle's rating: 1409 &rarr; <strong>1386<\/strong><br \/>(-23 for losing)
|c|★gen 1 is super gay|gg
|leave|bpizzizzle