|j|Steelandiron
|j|aadrian
|player|p1|Steelandiron|169
|player|p2|aadrian|102
|gametype|singles
|gen|1
|tier|[Gen 1] Random Battle
|rated
|seed|25189,64422,41061,52897
|rule|Sleep Clause Mod: Limit one foe put to sleep
|rule|Freeze Clause Mod: Limit one foe frozen
|rule|HP Percentage Mod: HP is shown in percentages
|
|start
|switch|p1a: Kingler|Kingler, L85|267\/267
|switch|p2a: Pikachu|Pikachu, L96|262\/262
|turn|1
|choice|move 1|move 4
|
|move|p2a: Pikachu|Agility|p2a: Pikachu
|-boost|p2a: Pikachu|spe|2
|move|p1a: Kingler|Crabhammer|p2a: Pikachu
|-crit|p2a: Pikachu
|-damage|p2a: Pikachu|105\/262
|
|turn|2
|choice|switch 3|move 3
|
|switch|p1a: Onix|Onix, L90|246\/246
|move|p2a: Pikachu|Thunder|p1a: Onix
|-immune|p1a: Onix|[msg]
|
|turn|3
|choice|move 4|move 2
|
|move|p2a: Pikachu|Surf|p1a: Onix
|-supereffective|p1a: Onix
|-damage|p1a: Onix|0 fnt
|faint|p1a: Onix
|choice|switch 6|
|
|switch|p1a: Jolteon|Jolteon, L79|265\/265
|turn|4
|choice|move 4|move 2
|
|move|p2a: Pikachu|Surf|p1a: Jolteon
|-damage|p1a: Jolteon|212\/265
|move|p1a: Jolteon|Double Kick|p2a: Pikachu
|-damage|p2a: Pikachu|83\/262
|-damage|p2a: Pikachu|61\/262
|-hitcount|p2a: Pikachu|2
|
|turn|5
|choice|move 1|move 2
|
|move|p2a: Pikachu|Surf|p1a: Jolteon
|-damage|p1a: Jolteon|155\/265
|move|p1a: Jolteon|Thunderbolt|p2a: Pikachu
|-resisted|p2a: Pikachu
|-damage|p2a: Pikachu|8\/262
|
|turn|6
|choice|move 4|move 3
|
|move|p2a: Pikachu|Thunder|p1a: Jolteon
|-resisted|p1a: Jolteon
|-damage|p1a: Jolteon|105\/265
|move|p1a: Jolteon|Double Kick|p2a: Pikachu
|-damage|p2a: Pikachu|0 fnt
|-hitcount|p2a: Pikachu|1
|faint|p2a: Pikachu
|choice||switch 2
|
|switch|p2a: Rhydon|Rhydon, L79|328\/328
|turn|7
|choice|switch 5|move 3
|
|switch|p1a: Machoke|Machoke, L85|310\/310
|move|p2a: Rhydon|Substitute|p2a: Rhydon
|-start|p2a: Rhydon|Substitute
|-damage|p2a: Rhydon|246\/328
|
|turn|8
|choice|move 4|move 2
|
|move|p1a: Machoke|Submission|p2a: Rhydon
|-supereffective|p2a: Rhydon
|-end|p2a: Rhydon|Substitute
|-damage|p1a: Machoke|289\/310|[from] recoil|[of] p2a: Rhydon
|move|p2a: Rhydon|Rock Slide|p1a: Machoke
|-resisted|p1a: Machoke
|-damage|p1a: Machoke|238\/310
|
|turn|9
|choice|move 4|switch 6
|
|switch|p2a: Dragonite|Dragonite, L85|328\/328
|move|p1a: Machoke|Submission|p2a: Dragonite
|-resisted|p2a: Dragonite
|-damage|p2a: Dragonite|288\/328
|-damage|p1a: Machoke|228\/310|[from] recoil|[of] p2a: Dragonite
|
|turn|10
|l|Steelandiron
|player|p1
|j|Steelandiron
|player|p1|Steelandiron|169
|choice|move 2|move 3
|
|move|p2a: Dragonite|Surf|p1a: Machoke
|-damage|p1a: Machoke|128\/310
|move|p1a: Machoke|Rock Slide|p2a: Dragonite|[miss]
|-miss|p1a: Machoke
|
|turn|11
|choice|move 2|move 1
|
|move|p2a: Dragonite|Substitute|p2a: Dragonite
|-start|p2a: Dragonite|Substitute
|-damage|p2a: Dragonite|206\/328
|move|p1a: Machoke|Rock Slide|p2a: Dragonite
|-supereffective|p2a: Dragonite
|-end|p2a: Dragonite|Substitute
|
|turn|12
|choice|move 2|move 4
|
|move|p2a: Dragonite|Ice Beam|p1a: Machoke
|-damage|p1a: Machoke|37\/310
|move|p1a: Machoke|Rock Slide|p2a: Dragonite
|-supereffective|p2a: Dragonite
|-damage|p2a: Dragonite|98\/328
|
|turn|13
|choice|move 2|move 2
|
|move|p2a: Dragonite|Thunderbolt|p1a: Machoke
|-damage|p1a: Machoke|0 fnt
|faint|p1a: Machoke
|choice|switch 4|
|
|switch|p1a: Jynx|Jynx, L79|265\/265
|turn|14
|choice|move 2|switch 4
|
|switch|p2a: Ninetales|Ninetales, L85|298\/298
|move|p1a: Jynx|Lovely Kiss|p2a: Ninetales
|-status|p2a: Ninetales|slp
|
|turn|15
|choice|move 1|move 2
|
|cant|p2a: Ninetales|slp
|move|p1a: Jynx|Psychic|p2a: Ninetales
|-damage|p2a: Ninetales|222\/298 slp
|-unboost|p2a: Ninetales|spd|1
|-unboost|p2a: Ninetales|spa|1
|
|turn|16
|choice|move 1|move 2
|
|cant|p2a: Ninetales|slp
|move|p1a: Jynx|Psychic|p2a: Ninetales
|-damage|p2a: Ninetales|106\/298 slp
|
|turn|17
|choice|move 1|move 2
|
|cant|p2a: Ninetales|slp
|move|p1a: Jynx|Psychic|p2a: Ninetales
|-damage|p2a: Ninetales|0 fnt
|faint|p2a: Ninetales
|choice||switch 3
|
|switch|p2a: Venonat|Venonat, L96|310\/310
|turn|18
|choice|move 2|move 4
|
|move|p1a: Jynx|Lovely Kiss|p2a: Venonat
|-status|p2a: Venonat|slp
|cant|p2a: Venonat|slp
|
|turn|19
|choice|move 1|switch 5
|
|switch|p2a: Tauros|Tauros, L79|280\/280
|move|p1a: Jynx|Psychic|p2a: Tauros
|-damage|p2a: Tauros|188\/280
|
|turn|20
|choice|move 3|switch 5
|
|switch|p2a: Venonat|Venonat, L96|310\/310 slp
|move|p1a: Jynx|Blizzard|p2a: Venonat
|-damage|p2a: Venonat|170\/310 slp
|
|turn|21
|choice|move 1|move 4
|
|move|p1a: Jynx|Psychic|p2a: Venonat
|-supereffective|p2a: Venonat
|-damage|p2a: Venonat|0 fnt
|faint|p2a: Venonat
|choice||switch 5
|
|switch|p2a: Tauros|Tauros, L79|188\/280
|turn|22
|choice|move 3|move 3
|
|move|p2a: Tauros|Hyper Beam|p1a: Jynx
|-damage|p1a: Jynx|38\/265
|move|p1a: Jynx|Blizzard|p2a: Tauros
|-damage|p2a: Tauros|50\/280
|-status|p2a: Tauros|frz
|
|turn|23
|-mustrecharge|p2a: Tauros
|-mustrecharge|p2a: Tauros
|choice|move 1|move 1
|
|cant|p2a: Tauros|recharge
|move|p1a: Jynx|Psychic|p2a: Tauros
|-crit|p2a: Tauros
|-damage|p2a: Tauros|0 fnt
|faint|p2a: Tauros
|choice||switch 4
|
|switch|p2a: Dragonite|Dragonite, L85|98\/328
|turn|24
|choice|move 3|move 3
|
|move|p1a: Jynx|Blizzard|p2a: Dragonite
|-supereffective|p2a: Dragonite
|-damage|p2a: Dragonite|0 fnt
|faint|p2a: Dragonite
|choice||switch 6
|
|switch|p2a: Rhydon|Rhydon, L79|246\/328
|turn|25
|choice|move 3|move 1
|
|move|p1a: Jynx|Blizzard|p2a: Rhydon
|-supereffective|p2a: Rhydon
|-damage|p2a: Rhydon|0 fnt
|faint|p2a: Rhydon
|
|win|Steelandiron
|player|p1
|player|p2
|raw|Steelandiron's rating: 1079 &rarr; <strong>1104<\/strong><br \/>(+25 for winning)
|raw|aadrian's rating: 1040 &rarr; <strong>1026<\/strong><br \/>(-14 for losing)
|l|Steelandiron