|j|TonyRBY
|j|dirkaka
|player|p1|TonyRBY|167
|player|p2|dirkaka|153
|gametype|singles
|gen|1
|tier|[Gen 1] OU
|seed|
|rule|Sleep Clause Mod: Limit one foe put to sleep
|rule|Freeze Clause Mod: Limit one foe frozen
|rule|Species Clause: Limit one of each Pokémon
|rule|OHKO Clause: OHKO moves are banned
|rule|Evasion Moves Clause: Evasion moves are banned
|rule|HP Percentage Mod: HP is shown in percentages
|
|start
|switch|p1a: Alakazam|Alakazam|100\/100
|switch|p2a: $50\/hr|Jynx|100\/100
|turn|1
|j|Arion13
|choice||
|
|switch|p2a: Asian Mark Henry|Chansey|100\/100
|move|p1a: Alakazam|Psychic|p2a: Asian Mark Henry
|-damage|p2a: Asian Mark Henry|83\/100
|-unboost|p2a: Asian Mark Henry|spd|1
|-unboost|p2a: Asian Mark Henry|spa|1
|
|turn|2
|l|Arion13
|choice||
|
|switch|p1a: Exeggutor|Exeggutor|100\/100
|move|p2a: Asian Mark Henry|Ice Beam|p1a: Exeggutor
|-supereffective|p1a: Exeggutor
|-damage|p1a: Exeggutor|79\/100
|
|turn|3
|choice||
|
|switch|p2a: Not Fat Just Big B|Snorlax|100\/100
|move|p1a: Exeggutor|Sleep Powder|p2a: Not Fat Just Big B
|-status|p2a: Not Fat Just Big B|slp
|
|turn|4
|choice||
|
|switch|p2a: $50\/hr|Jynx|100\/100
|move|p1a: Exeggutor|Leech Seed|p2a: $50\/hr
|-start|p2a: $50\/hr|move: Leech Seed
|
|turn|5
|choice||
|
|switch|p1a: Snorlax|Snorlax|100\/100
|move|p2a: $50\/hr|Blizzard|p1a: Snorlax
|-damage|p1a: Snorlax|64\/100
|-damage|p2a: $50\/hr|94\/100|[from] Leech Seed|[of] p1a: Snorlax
|-heal|p1a: Snorlax|68\/100|[silent]
|
|turn|6
|choice||
|
|move|p2a: $50\/hr|Blizzard|p1a: Snorlax
|-damage|p1a: Snorlax|34\/100
|-damage|p2a: $50\/hr|88\/100|[from] Leech Seed|[of] p1a: Snorlax
|-heal|p1a: Snorlax|37\/100|[silent]
|move|p1a: Snorlax|Body Slam|p2a: $50\/hr
|-damage|p2a: $50\/hr|31\/100
|
|turn|7
|choice||
|
|switch|p2a: Armoured Weapon|Cloyster|100\/100
|move|p1a: Snorlax|Body Slam|p2a: Armoured Weapon
|-damage|p2a: Armoured Weapon|77\/100
|
|turn|8
|choice||
|
|switch|p1a: Alakazam|Alakazam|100\/100
|move|p2a: Armoured Weapon|Blizzard|p1a: Alakazam
|-damage|p1a: Alakazam|65\/100
|
|turn|9
|choice||
|
|switch|p2a: Asian Mark Henry|Chansey|83\/100
|move|p1a: Alakazam|Psychic|p2a: Asian Mark Henry
|-damage|p2a: Asian Mark Henry|64\/100
|-unboost|p2a: Asian Mark Henry|spd|1
|-unboost|p2a: Asian Mark Henry|spa|1
|
|turn|10
|choice||
|
|switch|p1a: Snorlax|Snorlax|37\/100
|move|p2a: Asian Mark Henry|Soft-Boiled|p2a: Asian Mark Henry
|-heal|p2a: Asian Mark Henry|100\/100
|
|turn|11
|choice||
|
|move|p1a: Snorlax|Amnesia|p1a: Snorlax
|-boost|p1a: Snorlax|spd|2
|-boost|p1a: Snorlax|spa|2
|move|p2a: Asian Mark Henry|Counter|p1a: Snorlax
|-fail|p2a: Asian Mark Henry
|
|turn|12
|c|★dirkaka|:p
|choice||
|
|switch|p2a: Armoured Weapon|Cloyster|77\/100
|move|p1a: Snorlax|Amnesia|p1a: Snorlax
|-boost|p1a: Snorlax|spd|2
|-boost|p1a: Snorlax|spa|2
|
|turn|13
|choice||
|
|move|p2a: Armoured Weapon|Blizzard|p1a: Snorlax
|-damage|p1a: Snorlax|28\/100
|move|p1a: Snorlax|Rest|p1a: Snorlax
|-status|p1a: Snorlax|slp
|-heal|p1a: Snorlax|100\/100 slp|[silent]
|-status|p1a: Snorlax|slp|[from] move: Rest
|
|turn|14
|choice||
|
|switch|p2a: $50\/hr|Jynx|31\/100
|cant|p1a: Snorlax|slp
|
|turn|15
|j|SkyMarshal
|choice||
|
|move|p2a: $50\/hr|Psychic|p1a: Snorlax
|-damage|p1a: Snorlax|92\/100 slp
|-curestatus|p1a: Snorlax|slp
|
|turn|16
|choice||
|
|move|p2a: $50\/hr|Lovely Kiss|p1a: Snorlax|[miss]
|-miss|p2a: $50\/hr
|move|p1a: Snorlax|Body Slam|p2a: $50\/hr
|-damage|p2a: $50\/hr|0 fnt
|faint|p2a: $50\/hr
|c|★dirkaka|dam
|choice||
|
|switch|p2a: Armoured Weapon|Cloyster|77\/100
|turn|17
|choice||
|
|move|p2a: Armoured Weapon|Blizzard|p1a: Snorlax
|-damage|p1a: Snorlax|82\/100
|move|p1a: Snorlax|Body Slam|p2a: Armoured Weapon
|-damage|p2a: Armoured Weapon|56\/100
|
|turn|18
|choice||
|
|move|p2a: Armoured Weapon|Clamp|p1a: Snorlax
|-damage|p1a: Snorlax|78\/100
|cant|p1a: Snorlax|partiallytrapped
|
|turn|19
|choice||
|
|move|p2a: Armoured Weapon|Clamp|p1a: Snorlax|[from]Clamp
|-damage|p1a: Snorlax|75\/100
|cant|p1a: Snorlax|partiallytrapped
|
|turn|20
|choice||
|
|move|p2a: Armoured Weapon|Clamp|p1a: Snorlax|[from]Clamp
|-damage|p1a: Snorlax|71\/100
|cant|p1a: Snorlax|partiallytrapped
|
|turn|21
|choice||
|
|move|p2a: Armoured Weapon|Clamp|p1a: Snorlax
|-damage|p1a: Snorlax|68\/100
|cant|p1a: Snorlax|partiallytrapped
|
|turn|22
|choice||
|
|move|p2a: Armoured Weapon|Clamp|p1a: Snorlax|[from]Clamp
|-damage|p1a: Snorlax|65\/100
|cant|p1a: Snorlax|partiallytrapped
|
|turn|23
|choice||
|
|move|p2a: Armoured Weapon|Clamp|p1a: Snorlax
|-damage|p1a: Snorlax|61\/100
|cant|p1a: Snorlax|partiallytrapped
|
|turn|24
|choice||
|
|move|p2a: Armoured Weapon|Clamp|p1a: Snorlax|[from]Clamp
|-damage|p1a: Snorlax|58\/100
|cant|p1a: Snorlax|partiallytrapped
|
|turn|25
|choice||
|
|move|p2a: Armoured Weapon|Clamp|p1a: Snorlax|[from]Clamp
|-damage|p1a: Snorlax|54\/100
|cant|p1a: Snorlax|partiallytrapped
|
|turn|26
|choice||
|
|move|p2a: Armoured Weapon|Clamp|p1a: Snorlax
|-damage|p1a: Snorlax|51\/100
|cant|p1a: Snorlax|partiallytrapped
|
|turn|27
|choice||
|
|move|p2a: Armoured Weapon|Clamp|p1a: Snorlax|[from]Clamp
|-damage|p1a: Snorlax|48\/100
|cant|p1a: Snorlax|partiallytrapped
|
|turn|28
|choice||
|
|move|p2a: Armoured Weapon|Clamp|p1a: Snorlax
|-damage|p1a: Snorlax|44\/100
|cant|p1a: Snorlax|partiallytrapped
|
|turn|29
|choice||
|
|move|p2a: Armoured Weapon|Clamp|p1a: Snorlax|[from]Clamp
|-damage|p1a: Snorlax|41\/100
|cant|p1a: Snorlax|partiallytrapped
|
|turn|30
|choice||
|
|move|p2a: Armoured Weapon|Clamp|p1a: Snorlax
|-damage|p1a: Snorlax|38\/100
|cant|p1a: Snorlax|partiallytrapped
|
|turn|31
|choice||
|
|move|p2a: Armoured Weapon|Clamp|p1a: Snorlax|[from]Clamp
|-damage|p1a: Snorlax|34\/100
|cant|p1a: Snorlax|partiallytrapped
|
|turn|32
|choice||
|
|switch|p1a: Alakazam|Alakazam|65\/100
|move|p2a: Armoured Weapon|Clamp|p1a: Alakazam
|-damage|p1a: Alakazam|55\/100
|
|turn|33
|c|★dirkaka|wut
|c|★dirkaka|hes awake o_o
|c|★dirkaka|oh it failed  LOLl
|choice||
|
|switch|p2a: Asian Mark Henry|Chansey|100\/100
|cant|p1a: Alakazam|partiallytrapped
|
|turn|34
|choice||
|
|switch|p1a: Snorlax|Snorlax|34\/100
|move|p2a: Asian Mark Henry|Ice Beam|p1a: Snorlax
|-damage|p1a: Snorlax|14\/100
|
|turn|35
|choice||
|
|switch|p1a: Chansey|Chansey|100\/100
|move|p2a: Asian Mark Henry|Ice Beam|p1a: Chansey
|-damage|p1a: Chansey|90\/100
|
|turn|36
|choice||
|
|switch|p2a: Frozen|Slowbro|100\/100
|move|p1a: Chansey|Ice Beam|p2a: Frozen
|-resisted|p2a: Frozen
|-damage|p2a: Frozen|89\/100
|
|turn|37
|choice||
|
|move|p1a: Chansey|Ice Beam|p2a: Frozen
|-resisted|p2a: Frozen
|-damage|p2a: Frozen|77\/100
|move|p2a: Frozen|Earthquake|p1a: Chansey
|-damage|p1a: Chansey|65\/100
|
|turn|38
|l|SkyMarshal
|choice||
|
|move|p1a: Chansey|Ice Beam|p2a: Frozen
|-resisted|p2a: Frozen
|-damage|p2a: Frozen|66\/100
|move|p2a: Frozen|Earthquake|p1a: Chansey
|-damage|p1a: Chansey|39\/100
|
|turn|39
|choice||
|
|move|p1a: Chansey|Ice Beam|p2a: Frozen
|-resisted|p2a: Frozen
|-damage|p2a: Frozen|55\/100
|move|p2a: Frozen|Earthquake|p1a: Chansey
|-damage|p1a: Chansey|11\/100
|
|turn|40
|choice||
|
|move|p1a: Chansey|Soft-Boiled|p1a: Chansey
|-heal|p1a: Chansey|61\/100
|move|p2a: Frozen|Earthquake|p1a: Chansey
|-damage|p1a: Chansey|35\/100
|
|turn|41
|choice||
|
|move|p1a: Chansey|Soft-Boiled|p1a: Chansey
|-heal|p1a: Chansey|85\/100
|move|p2a: Frozen|Earthquake|p1a: Chansey
|-damage|p1a: Chansey|60\/100
|
|turn|42
|choice||
|
|move|p1a: Chansey|Soft-Boiled|p1a: Chansey
|-heal|p1a: Chansey|100\/100
|move|p2a: Frozen|Earthquake|p1a: Chansey
|-damage|p1a: Chansey|74\/100
|
|turn|43
|choice||
|
|move|p1a: Chansey|Ice Beam|p2a: Frozen
|-resisted|p2a: Frozen
|-damage|p2a: Frozen|44\/100
|move|p2a: Frozen|Ice Beam|p1a: Chansey
|-damage|p1a: Chansey|66\/100
|
|turn|44
|choice||
|
|move|p1a: Chansey|Ice Beam|p2a: Frozen
|-resisted|p2a: Frozen
|-damage|p2a: Frozen|33\/100
|move|p2a: Frozen|Rest|p2a: Frozen
|-status|p2a: Frozen|slp
|-heal|p2a: Frozen|100\/100 slp|[silent]
|-status|p2a: Frozen|slp|[from] move: Rest
|
|turn|45
|choice||
|
|switch|p1a: Alakazam|Alakazam|55\/100
|cant|p2a: Frozen|slp
|
|turn|46
|choice||
|
|move|p1a: Alakazam|Psychic|p2a: Frozen
|-crit|p2a: Frozen
|-resisted|p2a: Frozen
|-damage|p2a: Frozen|66\/100 slp
|-curestatus|p2a: Frozen|slp
|
|turn|47
|choice||
|
|move|p1a: Alakazam|Psychic|p2a: Frozen
|-resisted|p2a: Frozen
|-damage|p2a: Frozen|47\/100
|move|p2a: Frozen|Earthquake|p1a: Alakazam
|-damage|p1a: Alakazam|24\/100
|
|turn|48
|choice||
|
|move|p1a: Alakazam|Reflect|p1a: Alakazam
|-start|p1a: Alakazam|Reflect
|move|p2a: Frozen|Earthquake|p1a: Alakazam
|-damage|p1a: Alakazam|8\/100
|
|turn|49
|choice||
|
|move|p1a: Alakazam|Recover|p1a: Alakazam
|-heal|p1a: Alakazam|57\/100
|move|p2a: Frozen|Earthquake|p1a: Alakazam
|-damage|p1a: Alakazam|40\/100
|
|turn|50
|choice||
|
|move|p1a: Alakazam|Recover|p1a: Alakazam
|-heal|p1a: Alakazam|90\/100
|move|p2a: Frozen|Ice Beam|p1a: Alakazam
|-damage|p1a: Alakazam|74\/100
|
|turn|51
|choice||
|
|move|p1a: Alakazam|Psychic|p2a: Frozen
|-resisted|p2a: Frozen
|-damage|p2a: Frozen|26\/100
|-unboost|p2a: Frozen|spd|1
|-unboost|p2a: Frozen|spa|1
|move|p2a: Frozen|Ice Beam|p1a: Alakazam
|-damage|p1a: Alakazam|63\/100
|
|turn|52
|choice||
|
|switch|p2a: Asian Mark Henry|Chansey|100\/100
|move|p1a: Alakazam|Psychic|p2a: Asian Mark Henry
|-damage|p2a: Asian Mark Henry|82\/100
|-unboost|p2a: Asian Mark Henry|spd|1
|-unboost|p2a: Asian Mark Henry|spa|1
|
|turn|53
|choice||
|
|move|p1a: Alakazam|Psychic|p2a: Asian Mark Henry
|-crit|p2a: Asian Mark Henry
|-damage|p2a: Asian Mark Henry|48\/100
|move|p2a: Asian Mark Henry|Ice Beam|p1a: Alakazam
|-crit|p1a: Alakazam
|-damage|p1a: Alakazam|25\/100
|
|turn|54
|choice||
|
|move|p1a: Alakazam|Psychic|p2a: Asian Mark Henry
|-crit|p2a: Asian Mark Henry
|-damage|p2a: Asian Mark Henry|15\/100
|move|p2a: Asian Mark Henry|Ice Beam|p1a: Alakazam
|-damage|p1a: Alakazam|11\/100
|
|turn|55
|j|super knuckles
|choice||
|
|switch|p2a: Frozen|Slowbro|26\/100
|move|p1a: Alakazam|Psychic|p2a: Frozen
|-crit|p2a: Frozen
|-resisted|p2a: Frozen
|-damage|p2a: Frozen|0 fnt
|faint|p2a: Frozen
|c|★dirkaka|dam
|c|★dirkaka|this crits are killnig me
|choice||
|
|switch|p2a: Bullean=true;|Tauros|100\/100
|turn|56
|c|★TonyRBY|kazam's speed = crits
|choice||
|
|move|p1a: Alakazam|Recover|p1a: Alakazam
|-heal|p1a: Alakazam|61\/100
|move|p2a: Bullean=true;|Blizzard|p1a: Alakazam|[miss]
|-miss|p2a: Bullean=true;
|
|turn|57
|choice||
|
|move|p1a: Alakazam|Thunder Wave|p2a: Bullean=true;
|-status|p2a: Bullean=true;|par
|move|p2a: Bullean=true;|Hyper Beam|p1a: Alakazam
|-damage|p1a: Alakazam|17\/100
|
|turn|58
|-mustrecharge|p2a: Bullean=true;
|-mustrecharge|p2a: Bullean=true;
|choice||
|
|move|p1a: Alakazam|Psychic|p2a: Bullean=true;
|-damage|p2a: Bullean=true;|53\/100 par
|cant|p2a: Bullean=true;|recharge
|
|turn|59
|c|★dirkaka|o_o
|c|★dirkaka|doesnt speed only incrases rate of crit for physical
|c|★TonyRBY|no
|c|★TonyRBY|overall
|choice||
|
|switch|p2a: Armoured Weapon|Cloyster|56\/100
|move|p1a: Alakazam|Recover|p1a: Alakazam
|-heal|p1a: Alakazam|67\/100
|
|turn|60
|c|★dirkaka|ah
|c|★TonyRBY|for everything
|choice||
|
|move|p1a: Alakazam|Psychic|p2a: Armoured Weapon
|-damage|p2a: Armoured Weapon|11\/100
|move|p2a: Armoured Weapon|Blizzard|p1a: Alakazam
|-damage|p1a: Alakazam|36\/100
|-status|p1a: Alakazam|frz
|
|turn|61
|c|★TonyRBY|there it is
|c|★dirkaka|definitely not 10% lmao
|c| super knuckles|i love the freeze in first gen lol
|choice||
|
|switch|p1a: Kangaskhan|Kangaskhan|100\/100
|move|p2a: Armoured Weapon|Rest|p2a: Armoured Weapon
|-status|p2a: Armoured Weapon|slp
|-heal|p2a: Armoured Weapon|100\/100 slp|[silent]
|-status|p2a: Armoured Weapon|slp|[from] move: Rest
|
|turn|62
|c| super knuckles|freeze=dead
|c|★dirkaka|not true
|c|★dirkaka|my pokemon are all weak alr lol
|c|★TonyRBY|unless you're hit by a fire type move
|c|★TonyRBY|that undoes freeze
|c| super knuckles|yeah, but we're in OU
|c|★TonyRBY|i like to use ninetales in OU
|choice||
|
|switch|p2a: Not Fat Just Big B|Snorlax|100\/100 slp
|move|p1a: Kangaskhan|Body Slam|p2a: Not Fat Just Big B
|-damage|p2a: Not Fat Just Big B|78\/100 slp
|
|turn|63
|c|★TonyRBY|can be very useful if you avoid it getting paralyzed
|choice||
|
|move|p1a: Kangaskhan|Body Slam|p2a: Not Fat Just Big B
|-crit|p2a: Not Fat Just Big B
|-damage|p2a: Not Fat Just Big B|33\/100 slp
|cant|p2a: Not Fat Just Big B|slp
|
|turn|64
|choice||
|
|move|p1a: Kangaskhan|Body Slam|p2a: Not Fat Just Big B
|-damage|p2a: Not Fat Just Big B|9\/100 slp
|cant|p2a: Not Fat Just Big B|slp
|
|turn|65
|choice||
|
|move|p1a: Kangaskhan|Body Slam|p2a: Not Fat Just Big B
|-damage|p2a: Not Fat Just Big B|0 fnt
|faint|p2a: Not Fat Just Big B
|choice||
|
|switch|p2a: Armoured Weapon|Cloyster|100\/100 slp
|turn|66
|choice||
|
|move|p1a: Kangaskhan|Body Slam|p2a: Armoured Weapon
|-damage|p2a: Armoured Weapon|78\/100 slp
|cant|p2a: Armoured Weapon|slp
|
|turn|67
|c| super knuckles|i don't like it. Just for fire spin, but i prefer other wrap pokemons
|choice||
|
|move|p1a: Kangaskhan|Body Slam|p2a: Armoured Weapon
|-damage|p2a: Armoured Weapon|59\/100 slp
|-curestatus|p2a: Armoured Weapon|slp
|
|turn|68
|choice||
|
|move|p1a: Kangaskhan|Body Slam|p2a: Armoured Weapon
|-damage|p2a: Armoured Weapon|38\/100
|move|p2a: Armoured Weapon|Explosion|p1a: Kangaskhan
|-damage|p1a: Kangaskhan|24\/100
|faint|p2a: Armoured Weapon
|c|★dirkaka|ahh
|c|★dirkaka|doesnt kill
|choice||
|
|switch|p2a: Bullean=true;|Tauros|53\/100 par
|turn|69
|c|★TonyRBY|with fire spin, fire blast, confuse ray and body slam you can fuck shit up if you get lucky
|choice||
|
|move|p1a: Kangaskhan|Hyper Beam|p2a: Bullean=true;
|-crit|p2a: Bullean=true;
|-damage|p2a: Bullean=true;|0 fnt
|faint|p2a: Bullean=true;
|choice||
|
|switch|p2a: Asian Mark Henry|Chansey|15\/100
|turn|70
|c|★dirkaka|gg
|choice||
|
|move|p1a: Kangaskhan|Hyper Beam|p2a: Asian Mark Henry
|-crit|p2a: Asian Mark Henry
|-damage|p2a: Asian Mark Henry|0 fnt
|faint|p2a: Asian Mark Henry
|
|win|TonyRBY
|player|p1
|player|p2
|c|★TonyRBY|gg
|c|★dirkaka|i need to watch the replay and change my team agin :p