|join|erik1erik
|join|20pontosOTANfysaei
|player|p1|erik1erik|1
|player|p2|20pontosOTANfysaei|1
|gametype|singles
|gen|1
|tier|[Gen 1] Random Battle
|rated
|rule|Sleep Clause Mod: Limit one foe put to sleep
|rule|Freeze Clause Mod: Limit one foe frozen
|rule|HP Percentage Mod: HP is shown in percentages
|
|start
|switch|p1a: Weepinbell|Weepinbell, L85|284\/284
|switch|p2a: Weezing|Weezing, L85|284\/284
|turn|1
|
|move|p2a: Weezing|Fire Blast|p1a: Weepinbell
|-supereffective|p1a: Weepinbell
|-damage|p1a: Weepinbell|128\/284
|-status|p1a: Weepinbell|brn
|move|p1a: Weepinbell|Sleep Powder|p2a: Weezing
|-status|p2a: Weezing|slp
|-damage|p1a: Weepinbell|111\/284 brn|[from] brn|[of] p2a: Weezing
|
|turn|2
|
|cant|p2a: Weezing|slp
|move|p1a: Weepinbell|Razor Leaf|p2a: Weezing
|-crit|p2a: Weezing
|-resisted|p2a: Weezing
|-damage|p2a: Weezing|232\/284 slp
|-damage|p1a: Weepinbell|94\/284 brn|[from] brn|[of] p2a: Weezing
|
|turn|3
|
|switch|p1a: Golem|Golem, L79|288\/288
|cant|p2a: Weezing|slp
|
|turn|4
|
|switch|p2a: Moltres|Moltres, L85|327\/327
|move|p1a: Golem|Earthquake|p2a: Moltres
|-immune|p2a: Moltres|[msg]
|
|turn|5
|
|switch|p2a: Kangaskhan|Kangaskhan, L85|352\/352
|move|p1a: Golem|Rock Slide|p2a: Kangaskhan
|-damage|p2a: Kangaskhan|274\/352
|
|turn|6
|
|switch|p1a: Weepinbell|Weepinbell, L85|94\/284 brn
|-damage|p1a: Weepinbell|77\/284 brn|[from] brn
|move|p2a: Kangaskhan|Surf|p1a: Weepinbell
|-resisted|p1a: Weepinbell
|-damage|p1a: Weepinbell|57\/284 brn
|
|turn|7
|
|move|p2a: Kangaskhan|Earthquake|p1a: Weepinbell
|-damage|p1a: Weepinbell|0 fnt
|faint|p1a: Weepinbell
|
|switch|p1a: Persian|Persian, L79|265\/265
|turn|8
|
|move|p1a: Persian|Slash|p2a: Kangaskhan
|-crit|p2a: Kangaskhan
|-damage|p2a: Kangaskhan|172\/352
|move|p2a: Kangaskhan|Body Slam|p1a: Persian
|-damage|p1a: Persian|144\/265
|
|turn|9
|
|move|p1a: Persian|Hyper Beam|p2a: Kangaskhan
|-damage|p2a: Kangaskhan|56\/352
|move|p2a: Kangaskhan|Hyper Beam|p1a: Persian
|-damage|p1a: Persian|0 fnt
|faint|p1a: Persian
|
|switch|p1a: Electabuzz|Electabuzz, L85|284\/284
|turn|10
|
|switch|p2a: Weezing|Weezing, L85|232\/284 slp
|move|p1a: Electabuzz|Seismic Toss|p2a: Weezing
|-damage|p2a: Weezing|147\/284 slp
|
|turn|11
|
|switch|p1a: Golem|Golem, L79|288\/288
|cant|p2a: Weezing|slp
|
|turn|12
|
|cant|p2a: Weezing|slp
|move|p1a: Golem|Rock Slide|p2a: Weezing
|-damage|p2a: Weezing|89\/284 slp
|
|turn|13
|
|cant|p2a: Weezing|slp
|-curestatus|p2a: Weezing|slp
|move|p1a: Golem|Earthquake|p2a: Weezing
|-supereffective|p2a: Weezing
|-damage|p2a: Weezing|0 fnt
|faint|p2a: Weezing
|
|switch|p2a: Kangaskhan|Kangaskhan, L85|56\/352
|turn|14
|
|switch|p1a: Electabuzz|Electabuzz, L85|284\/284
|move|p2a: Kangaskhan|Earthquake|p1a: Electabuzz
|-crit|p1a: Electabuzz
|-supereffective|p1a: Electabuzz
|-damage|p1a: Electabuzz|0 fnt
|faint|p1a: Electabuzz
|
|switch|p1a: Wartortle|Wartortle, L85|274\/274
|turn|15
|
|switch|p2a: Jolteon|Jolteon, L85|284\/284
|move|p1a: Wartortle|Surf|p2a: Jolteon
|-damage|p2a: Jolteon|211\/284
|
|turn|16
|
|switch|p1a: Golem|Golem, L79|288\/288
|move|p2a: Jolteon|Double Kick|p1a: Golem
|-supereffective|p1a: Golem
|-damage|p1a: Golem|258\/288
|-damage|p1a: Golem|228\/288
|-hitcount|p1a: Golem|2
|
|turn|17
|
|switch|p2a: Charmeleon|Charmeleon, L85|272\/272
|move|p1a: Golem|Rock Slide|p2a: Charmeleon
|-supereffective|p2a: Charmeleon
|-damage|p2a: Charmeleon|92\/272
|
|turn|18
|
|move|p2a: Charmeleon|Submission|p1a: Golem
|-crit|p1a: Golem
|-supereffective|p1a: Golem
|-damage|p1a: Golem|87\/288
|-damage|p2a: Charmeleon|57\/272|[from] recoil|[of] p1a: Golem
|move|p1a: Golem|Earthquake|p2a: Charmeleon
|-supereffective|p2a: Charmeleon
|-damage|p2a: Charmeleon|0 fnt
|faint|p2a: Charmeleon
|
|switch|p2a: Kangaskhan|Kangaskhan, L85|56\/352
|turn|19
|
|switch|p1a: Wartortle|Wartortle, L85|274\/274
|move|p2a: Kangaskhan|Earthquake|p1a: Wartortle
|-crit|p1a: Wartortle
|-damage|p1a: Wartortle|131\/274
|
|turn|20
|
|switch|p2a: Muk|Muk, L85|352\/352
|move|p1a: Wartortle|Surf|p2a: Muk
|-damage|p2a: Muk|253\/352
|
|turn|21
|
|switch|p1a: Pidgey|Pidgey, L96|272\/272
|move|p2a: Muk|Sludge|p1a: Pidgey
|-damage|p1a: Pidgey|175\/272
|
|turn|22
|
|move|p1a: Pidgey|Reflect|p1a: Pidgey
|-start|p1a: Pidgey|Reflect
|move|p2a: Muk|Sludge|p1a: Pidgey
|-damage|p1a: Pidgey|121\/272
|
|turn|23
|
|move|p1a: Pidgey|Sand Attack|p2a: Muk
|-unboost|p2a: Muk|accuracy|1
|move|p2a: Muk|Sludge|p1a: Pidgey|[miss]
|-miss|p2a: Muk
|
|turn|24
|
|move|p1a: Pidgey|Double-Edge|p2a: Muk
|-damage|p2a: Muk|162\/352
|-damage|p1a: Pidgey|99\/272|[from] recoil|[of] p2a: Muk
|move|p2a: Muk|Sludge|p1a: Pidgey
|-damage|p1a: Pidgey|46\/272
|
|turn|25
|
|move|p1a: Pidgey|Rest|p1a: Pidgey
|-status|p1a: Pidgey|slp
|-heal|p1a: Pidgey|272\/272 slp|[silent]
|-status|p1a: Pidgey|slp|[from] move: Rest
|move|p2a: Muk|Sludge|p1a: Pidgey
|-damage|p1a: Pidgey|219\/272 slp
|
|turn|26
|
|cant|p1a: Pidgey|slp
|move|p2a: Muk|Screech|p1a: Pidgey
|-unboost|p1a: Pidgey|def|2
|
|turn|27
|
|switch|p1a: Golem|Golem, L79|87\/288
|move|p2a: Muk|Explosion|p1a: Golem
|-resisted|p1a: Golem
|-damage|p1a: Golem|0 fnt
|faint|p1a: Golem
|faint|p2a: Muk
|c|★20pontosOTANfysaei|good predictions
|
|switch|p2a: Jolteon|Jolteon, L85|211\/284
|switch|p1a: Wartortle|Wartortle, L85|131\/274
|turn|28
|
|move|p2a: Jolteon|Thunderbolt|p1a: Wartortle
|-supereffective|p1a: Wartortle
|-damage|p1a: Wartortle|0 fnt
|faint|p1a: Wartortle
|c|★erik1erik|you too
|
|switch|p1a: Pidgey|Pidgey, L96|219\/272 slp
|turn|29
|
|move|p2a: Jolteon|Thunderbolt|p1a: Pidgey
|-supereffective|p1a: Pidgey
|-damage|p1a: Pidgey|0 fnt
|faint|p1a: Pidgey
|
|win|20pontosOTANfysaei
|raw|Ladder updating...
|raw|erik1erik's rating: 1322 &rarr; <strong>1303<\/strong><br \/>(-19 for losing)
|raw|20pontosOTANfysaei's rating: 1325 &rarr; <strong>1345<\/strong><br \/>(+20 for winning)
|leave|erik1erik
|player|p1
|c|★20pontosOTANfysaei|gianni den katalabainoun oute otan tous eironeuomai