|join|elfefe
|join|MALESANI
|player|p1|elfefe|1
|player|p2|MALESANI|238
|gametype|singles
|gen|1
|tier|[Gen 1] Random Battle
|rated
|seed|24175,7266,6167,43953
|rule|Sleep Clause Mod: Limit one foe put to sleep
|rule|Freeze Clause Mod: Limit one foe frozen
|rule|HP Percentage Mod: HP is shown in percentages
|
|start
|switch|p1a: Doduo|Doduo, L96|262\/262
|switch|p2a: Caterpie|Caterpie, L99|290\/290
|turn|1
|choice|move 4|switch 4
|
|switch|p2a: Onix|Onix, L90|246\/246
|move|p1a: Doduo|Drill Peck|p2a: Onix
|-resisted|p2a: Onix
|-damage|p2a: Onix|215\/246
|
|turn|2
|choice|switch 2|move 2
|
|switch|p1a: Victreebel|Victreebel, L85|310\/310
|move|p2a: Onix|Earthquake|p1a: Victreebel
|-damage|p1a: Victreebel|222\/310
|
|turn|3
|choice|move 1|switch 4
|
|switch|p2a: Caterpie|Caterpie, L99|290\/290
|move|p1a: Victreebel|Razor Leaf|p2a: Caterpie
|-crit|p2a: Caterpie
|-resisted|p2a: Caterpie
|-damage|p2a: Caterpie|196\/290
|
|turn|4
|choice|move 3|move 2
|
|move|p1a: Victreebel|Sleep Powder|p2a: Caterpie
|-status|p2a: Caterpie|slp
|cant|p2a: Caterpie|slp
|
|turn|5
|choice|move 2|switch 5
|
|switch|p2a: Machamp|Machamp, L90|345\/345
|move|p1a: Victreebel|Swords Dance|p1a: Victreebel
|-boost|p1a: Victreebel|atk|2
|
|turn|6
|choice|move 2|move 3
|
|move|p1a: Victreebel|Swords Dance|p1a: Victreebel
|-boost|p1a: Victreebel|atk|2
|move|p2a: Machamp|Body Slam|p1a: Victreebel
|-damage|p1a: Victreebel|116\/310
|
|turn|7
|choice|move 4|move 2
|
|move|p1a: Victreebel|Hyper Beam|p2a: Machamp
|-damage|p2a: Machamp|1\/345
|move|p2a: Machamp|Hyper Beam|p1a: Victreebel
|-damage|p1a: Victreebel|0 fnt
|faint|p1a: Victreebel
|choice|switch 4|
|
|switch|p1a: Mew|Mew, L74|300\/300
|turn|8
|choice|move 4|move 4
|
|move|p1a: Mew|Hyper Beam|p2a: Machamp
|-damage|p2a: Machamp|0 fnt
|faint|p2a: Machamp
|choice||switch 4
|
|switch|p2a: Onix|Onix, L90|215\/246
|turn|9
|choice|move 3|move 1
|
|move|p1a: Mew|Fissure|p2a: Onix
|-damage|p2a: Onix|0 fnt
|-ohko
|faint|p2a: Onix
|choice||switch 3
|
|switch|p2a: Slowbro|Slowbro, L79|312\/312
|turn|10
|choice|move 2|move 2
|
|move|p1a: Mew|Thunder Wave|p2a: Slowbro
|-status|p2a: Slowbro|par
|cant|p2a: Slowbro|par
|
|turn|11
|choice|move 1|move 2
|
|move|p1a: Mew|Horn Drill|p2a: Slowbro|[miss]
|-miss|p1a: Mew
|move|p2a: Slowbro|Thunder Wave|p1a: Mew
|-status|p1a: Mew|par
|
|turn|12
|choice|move 3|move 3
|
|cant|p1a: Mew|par
|move|p2a: Slowbro|Amnesia|p2a: Slowbro
|-boost|p2a: Slowbro|spd|2
|-boost|p2a: Slowbro|spa|2
|
|turn|13
|choice|move 3|move 4
|
|move|p2a: Slowbro|Surf|p1a: Mew
|-damage|p1a: Mew|145\/300 par
|move|p1a: Mew|Fissure|p2a: Slowbro
|-immune|p2a: Slowbro|[ohko]
|
|turn|14
|choice|move 4|move 4
|
|move|p2a: Slowbro|Surf|p1a: Mew
|-damage|p1a: Mew|0 fnt
|faint|p1a: Mew
|choice|switch 3|
|
|switch|p1a: Machoke|Machoke, L85|310\/310
|turn|15
|choice|move 4|move 2
|
|move|p1a: Machoke|Rock Slide|p2a: Slowbro
|-damage|p2a: Slowbro|263\/312 par
|move|p2a: Slowbro|Thunder Wave|p1a: Machoke
|-status|p1a: Machoke|par
|
|turn|16
|choice|move 1|move 3
|
|move|p2a: Slowbro|Amnesia|p2a: Slowbro
|-boost|p2a: Slowbro|spd|2
|-boost|p2a: Slowbro|spa|2
|move|p1a: Machoke|Counter|p2a: Slowbro
|-fail|p1a: Machoke
|
|turn|17
|choice|move 3|move 4
|
|move|p2a: Slowbro|Surf|p1a: Machoke
|-damage|p1a: Machoke|0 fnt
|faint|p1a: Machoke
|choice|switch 5|
|
|switch|p1a: Dewgong|Dewgong, L85|327\/327
|turn|18
|choice|move 1|move 3
|
|move|p1a: Dewgong|Body Slam|p2a: Slowbro
|-damage|p2a: Slowbro|218\/312 par
|move|p2a: Slowbro|Amnesia|p2a: Slowbro
|-boost|p2a: Slowbro|spd|2
|-boost|p2a: Slowbro|spa|2
|
|turn|19
|choice|move 3|move 4
|
|move|p1a: Dewgong|Mimic|p2a: Slowbro
|-start|p1a: Dewgong|Mimic|Rest
|move|p2a: Slowbro|Surf|p1a: Dewgong
|-resisted|p1a: Dewgong
|-damage|p1a: Dewgong|191\/327
|
|turn|20
|choice|move 1|move 4
|
|move|p1a: Dewgong|Body Slam|p2a: Slowbro
|-damage|p2a: Slowbro|173\/312 par
|move|p2a: Slowbro|Surf|p1a: Dewgong
|-resisted|p1a: Dewgong
|-damage|p1a: Dewgong|51\/327
|
|turn|21
|choice|move 1|move 4
|
|move|p1a: Dewgong|Body Slam|p2a: Slowbro
|-damage|p2a: Slowbro|124\/312 par
|move|p2a: Slowbro|Surf|p1a: Dewgong
|-resisted|p1a: Dewgong
|-damage|p1a: Dewgong|0 fnt
|faint|p1a: Dewgong
|choice|switch 2|
|
|switch|p1a: Doduo|Doduo, L96|262\/262
|turn|22
|choice|move 2|move 2
|
|move|p1a: Doduo|Double-Edge|p2a: Slowbro
|-damage|p2a: Slowbro|1\/312 par
|-damage|p1a: Doduo|232\/262|[from] recoil|[of] p2a: Slowbro
|move|p2a: Slowbro|Thunder Wave|p1a: Doduo
|-status|p1a: Doduo|par
|
|turn|23
|choice|move 3|move 4
|
|cant|p1a: Doduo|par
|cant|p2a: Slowbro|par
|
|turn|24
|choice|move 3|move 1
|
|move|p1a: Doduo|Body Slam|p2a: Slowbro
|-damage|p2a: Slowbro|0 fnt
|faint|p2a: Slowbro
|choice||switch 6
|
|switch|p2a: Cloyster|Cloyster, L83|253\/253
|turn|25
|choice|move 2|move 4
|
|move|p2a: Cloyster|Ice Beam|p1a: Doduo
|-supereffective|p1a: Doduo
|-damage|p1a: Doduo|0 fnt
|faint|p1a: Doduo
|choice|switch 6|
|
|switch|p1a: Magmar|Magmar, L90|300\/300
|turn|26
|choice|move 2|move 3
|
|move|p1a: Magmar|Confuse Ray|p2a: Cloyster
|-start|p2a: Cloyster|confusion
|-activate|p2a: Cloyster|confusion
|move|p2a: Cloyster|Surf|p1a: Magmar
|-supereffective|p1a: Magmar
|-damage|p1a: Magmar|139\/300
|
|turn|27
|choice|move 3|switch 5
|
|switch|p2a: Caterpie|Caterpie, L99|196\/290 slp
|move|p1a: Magmar|Hyper Beam|p2a: Caterpie
|-crit|p2a: Caterpie
|-damage|p2a: Caterpie|0 fnt
|faint|p2a: Caterpie
|choice||switch 2
|
|switch|p2a: Ditto|Ditto, L99|296\/296
|turn|28
|choice|move 2|move 1
|
|move|p1a: Magmar|Confuse Ray|p2a: Ditto
|-start|p2a: Ditto|confusion
|-activate|p2a: Ditto|confusion
|-damage|p2a: Ditto|262\/296|[from] confusion
|
|turn|29
|choice|move 4|move 1
|
|move|p1a: Magmar|Body Slam|p2a: Ditto
|-damage|p2a: Ditto|187\/296
|-activate|p2a: Ditto|confusion
|move|p2a: Ditto|Transform|p1a: Magmar
|-transform|p2a: Ditto|p1a: Magmar
|
|turn|30
|choice|move 3|move 4
|
|move|p1a: Magmar|Hyper Beam|p2a: Ditto
|-damage|p2a: Ditto|35\/296
|-end|p2a: Ditto|confusion
|move|p2a: Ditto|Body Slam|p1a: Magmar
|-damage|p1a: Magmar|77\/300
|
|turn|31
|-mustrecharge|p1a: Magmar
|-mustrecharge|p1a: Magmar
|choice|move 1|move 3
|
|cant|p1a: Magmar|recharge
|move|p2a: Ditto|Hyper Beam|p1a: Magmar|[miss]
|-miss|p2a: Ditto
|
|turn|32
|choice|move 4|move 1
|
|move|p1a: Magmar|Body Slam|p2a: Ditto
|-crit|p2a: Ditto
|-damage|p2a: Ditto|0 fnt
|faint|p2a: Ditto
|choice||switch 5
|
|switch|p2a: Cloyster|Cloyster, L83|253\/253
|turn|33
|choice|move 2|move 3
|
|move|p1a: Magmar|Confuse Ray|p2a: Cloyster
|-start|p2a: Cloyster|confusion
|-activate|p2a: Cloyster|confusion
|move|p2a: Cloyster|Surf|p1a: Magmar
|-supereffective|p1a: Magmar
|-damage|p1a: Magmar|0 fnt
|faint|p1a: Magmar
|
|win|MALESANI
|raw|elfefe's rating: 1270 &rarr; <strong>1240<\/strong><br \/>(-30 for losing)
|raw|MALESANI's rating: 1195 &rarr; <strong>1225<\/strong><br \/>(+30 for winning)
|leave|elfefe
|player|p1