|j|Mandelbrot
|j|Gishou
|player|p1|Mandelbrot|101
|player|p2|Gishou|244
|gametype|singles
|gen|1
|tier|[Gen 1] Random Battle
|rated
|seed|55517,32056,1255,24295
|rule|Sleep Clause Mod: Limit one foe put to sleep
|rule|Freeze Clause Mod: Limit one foe frozen
|rule|HP Percentage Mod: HP is shown in percentages
|
|start
|switch|p1a: Ninetales|Ninetales, L85|298\/298
|switch|p2a: Ninetales|Ninetales, L85|298\/298
|turn|1
|choice|move 3|move 3
|
|move|p2a: Ninetales|Confuse Ray|p1a: Ninetales
|-start|p1a: Ninetales|confusion
|-activate|p1a: Ninetales|confusion
|-damage|p1a: Ninetales|267\/298|[from] confusion
|
|turn|2
|choice|move 3|move 2
|
|-end|p1a: Ninetales|confusion
|move|p1a: Ninetales|Confuse Ray|p2a: Ninetales
|-start|p2a: Ninetales|confusion
|-activate|p2a: Ninetales|confusion
|-damage|p2a: Ninetales|267\/298|[from] confusion
|
|turn|3
|c|★Gishou|lol
|choice|move 4|move 3
|
|-activate|p2a: Ninetales|confusion
|move|p2a: Ninetales|Confuse Ray|p1a: Ninetales
|-start|p1a: Ninetales|confusion
|-activate|p1a: Ninetales|confusion
|move|p1a: Ninetales|Double-Edge|p2a: Ninetales
|-damage|p2a: Ninetales|200\/298
|-damage|p1a: Ninetales|251\/298|[from] recoil|[of] p2a: Ninetales
|
|turn|4
|choice|switch 2|move 2
|
|switch|p1a: Muk|Muk, L90|372\/372
|-activate|p2a: Ninetales|confusion
|move|p2a: Ninetales|Reflect|p2a: Ninetales
|-start|p2a: Ninetales|Reflect
|
|turn|5
|choice|move 3|move 1
|
|-end|p2a: Ninetales|confusion
|move|p2a: Ninetales|Fire Blast|p1a: Muk
|-damage|p1a: Muk|231\/372
|move|p1a: Muk|Screech|p2a: Ninetales
|-unboost|p2a: Ninetales|def|2
|
|turn|6
|choice|move 2|move 1
|
|move|p2a: Ninetales|Fire Blast|p1a: Muk
|-damage|p1a: Muk|72\/372
|move|p1a: Muk|Sludge|p2a: Ninetales
|-damage|p2a: Ninetales|115\/298
|
|turn|7
|choice|move 1|move 1
|
|move|p2a: Ninetales|Fire Blast|p1a: Muk
|-crit|p1a: Muk
|-damage|p1a: Muk|0 fnt
|faint|p1a: Muk
|choice|switch 5|
|
|switch|p1a: Wigglytuff|Wigglytuff, L90|435\/435
|turn|8
|choice|move 2|move 1
|
|move|p2a: Ninetales|Fire Blast|p1a: Wigglytuff|[miss]
|-miss|p2a: Ninetales
|move|p1a: Wigglytuff|Thunder Wave|p2a: Ninetales
|-status|p2a: Ninetales|par
|
|turn|9
|choice|move 4|move 1
|
|move|p1a: Wigglytuff|Bubble Beam|p2a: Ninetales
|-supereffective|p2a: Ninetales
|-damage|p2a: Ninetales|51\/298 par
|move|p2a: Ninetales|Fire Blast|p1a: Wigglytuff
|-damage|p1a: Wigglytuff|262\/435
|
|turn|10
|choice|move 4|move 1
|
|move|p1a: Wigglytuff|Bubble Beam|p2a: Ninetales|[miss]
|-miss|p1a: Wigglytuff
|move|p2a: Ninetales|Fire Blast|p1a: Wigglytuff
|-damage|p1a: Wigglytuff|96\/435
|-status|p1a: Wigglytuff|brn
|
|turn|11
|c|★Mandelbrot|that's my third game in a row with a gen 1 miss.
|choice|move 4|move 4
|
|move|p1a: Wigglytuff|Bubble Beam|p2a: Ninetales
|-supereffective|p2a: Ninetales
|-damage|p2a: Ninetales|0 fnt
|faint|p2a: Ninetales
|choice||switch 3
|
|switch|p2a: Sandslash|Sandslash, L85|301\/301
|turn|12
|choice|move 3|move 1
|
|move|p2a: Sandslash|Earthquake|p1a: Wigglytuff
|-damage|p1a: Wigglytuff|0 fnt
|faint|p1a: Wigglytuff
|choice|switch 4|
|
|switch|p1a: Beedrill|Beedrill, L90|300\/300
|turn|13
|c|★Gishou|thats kind of sad
|choice|move 2|move 1
|
|move|p1a: Beedrill|Swords Dance|p1a: Beedrill
|-boost|p1a: Beedrill|atk|2
|move|p2a: Sandslash|Earthquake|p1a: Beedrill
|-damage|p1a: Beedrill|147\/300
|
|turn|14
|choice|move 3|move 1
|
|move|p1a: Beedrill|Hyper Beam|p2a: Sandslash
|-damage|p2a: Sandslash|103\/301
|move|p2a: Sandslash|Earthquake|p1a: Beedrill
|-damage|p1a: Beedrill|0 fnt
|faint|p1a: Beedrill
|c|★Mandelbrot|My rank has dropped 200 points the last 3 days.
|choice|switch 6|
|
|switch|p1a: Zapdos|Zapdos, L79|304\/304
|turn|15
|choice|move 4|move 4
|
|move|p1a: Zapdos|Drill Peck|p2a: Sandslash
|-damage|p2a: Sandslash|41\/301
|move|p2a: Sandslash|Hyper Beam|p1a: Zapdos|[miss]
|-miss|p2a: Sandslash
|
|turn|16
|choice|move 4|move 4
|
|move|p1a: Zapdos|Drill Peck|p2a: Sandslash
|-damage|p2a: Sandslash|0 fnt
|faint|p2a: Sandslash
|choice||switch 5
|
|switch|p2a: Lickitung|Lickitung, L90|345\/345
|turn|17
|choice|move 3|move 3
|
|move|p1a: Zapdos|Thunder Wave|p2a: Lickitung
|-status|p2a: Lickitung|par
|cant|p2a: Lickitung|par
|
|turn|18
|choice|move 1|move 3
|
|move|p1a: Zapdos|Thunderbolt|p2a: Lickitung
|-damage|p2a: Lickitung|223\/345 par
|move|p2a: Lickitung|Swords Dance|p2a: Lickitung
|-boost|p2a: Lickitung|atk|2
|
|turn|19
|choice|move 1|move 4
|
|move|p1a: Zapdos|Thunderbolt|p2a: Lickitung
|-crit|p2a: Lickitung
|-damage|p2a: Lickitung|0 fnt
|faint|p2a: Lickitung
|choice||switch 4
|
|switch|p2a: Primeape|Primeape, L90|300\/300
|turn|20
|choice|move 3|move 3
|
|move|p2a: Primeape|Rock Slide|p1a: Zapdos
|-crit|p1a: Zapdos
|-supereffective|p1a: Zapdos
|-damage|p1a: Zapdos|45\/304
|move|p1a: Zapdos|Thunder Wave|p2a: Primeape
|-status|p2a: Primeape|par
|
|turn|21
|choice|move 4|move 3
|
|move|p1a: Zapdos|Drill Peck|p2a: Primeape
|-crit|p2a: Primeape
|-supereffective|p2a: Primeape
|-damage|p2a: Primeape|0 fnt
|faint|p2a: Primeape
|choice||switch 6
|
|switch|p2a: Blastoise|Blastoise, L85|308\/308
|turn|22
|choice|move 1|move 2
|
|move|p1a: Zapdos|Thunderbolt|p2a: Blastoise
|-supereffective|p2a: Blastoise
|-damage|p2a: Blastoise|96\/308
|move|p2a: Blastoise|Surf|p1a: Zapdos
|-damage|p1a: Zapdos|0 fnt
|faint|p1a: Zapdos
|choice|switch 3|
|
|switch|p1a: Pinsir|Pinsir, L85|284\/284
|turn|23
|choice|move 2|move 2
|
|move|p1a: Pinsir|Hyper Beam|p2a: Blastoise
|-damage|p2a: Blastoise|0 fnt
|faint|p2a: Blastoise
|choice||switch 2
|
|switch|p2a: Bellsprout|Bellsprout, L96|291\/291
|turn|24
|choice|move 4|move 1
|
|move|p1a: Pinsir|Swords Dance|p1a: Pinsir
|-boost|p1a: Pinsir|atk|2
|move|p2a: Bellsprout|Sleep Powder|p1a: Pinsir
|-status|p1a: Pinsir|slp
|
|turn|25
|choice|move 1|move 2
|
|cant|p1a: Pinsir|slp
|move|p2a: Bellsprout|Swords Dance|p2a: Bellsprout
|-boost|p2a: Bellsprout|atk|2
|
|turn|26
|choice|switch 2|move 3
|
|switch|p1a: Ninetales|Ninetales, L85|251\/298
|move|p2a: Bellsprout|Body Slam|p1a: Ninetales
|-damage|p1a: Ninetales|95\/298
|
|turn|27
|choice|move 1|move 3
|
|move|p1a: Ninetales|Fire Blast|p2a: Bellsprout
|-supereffective|p2a: Bellsprout
|-damage|p2a: Bellsprout|3\/291
|move|p2a: Bellsprout|Body Slam|p1a: Ninetales
|-damage|p1a: Ninetales|0 fnt
|faint|p1a: Ninetales
|choice|switch 2|
|
|switch|p1a: Pinsir|Pinsir, L85|284\/284 slp
|turn|28
|c|★Mandelbrot|Pretty typical endgame lately.
|choice|move 1|move 3
|
|cant|p1a: Pinsir|slp
|move|p2a: Bellsprout|Body Slam|p1a: Pinsir
|-damage|p1a: Pinsir|163\/284 slp
|
|turn|29
|choice|move 1|move 3
|
|cant|p1a: Pinsir|slp
|move|p2a: Bellsprout|Body Slam|p1a: Pinsir
|-damage|p1a: Pinsir|40\/284 slp
|
|turn|30
|c|★Mandelbrot|gg
|choice|move 1|move 3
|
|cant|p1a: Pinsir|slp
|move|p2a: Bellsprout|Body Slam|p1a: Pinsir
|-damage|p1a: Pinsir|0 fnt
|faint|p1a: Pinsir
|
|win|Gishou
|player|p1
|player|p2
|c|★Gishou|gg
|raw|Mandelbrot's rating: 1203 &rarr; <strong>1181<\/strong><br \/>(-22 for losing)
|raw|Gishou's rating: 1241 &rarr; <strong>1264<\/strong><br \/>(+23 for winning)