|join|blearg
|join|Dervodel
|player|p1|blearg|40
|player|p2|Dervodel|102
|gametype|singles
|gen|1
|tier|[Gen 1] Random Battle
|rated
|seed|23871,32715,34017,49622
|rule|Sleep Clause Mod: Limit one foe put to sleep
|rule|Freeze Clause Mod: Limit one foe frozen
|rule|HP Percentage Mod: HP is shown in percentages
|
|start
|switch|p1a: Ponyta|Ponyta, L96|291\/291
|switch|p2a: Pidgeot|Pidgeot, L90|333\/333
|turn|1
|choice|move 3|move 1
|
|move|p1a: Ponyta|Reflect|p1a: Ponyta
|-start|p1a: Ponyta|Reflect
|move|p2a: Pidgeot|Double-Edge|p1a: Ponyta
|-damage|p1a: Ponyta|232\/291
|-damage|p2a: Pidgeot|319\/333|[from] recoil|[of] p1a: Ponyta
|
|turn|2
|choice|move 2|switch 5
|
|switch|p2a: Hypno|Hypno, L85|318\/318
|move|p1a: Ponyta|Fire Blast|p2a: Hypno
|-damage|p2a: Hypno|206\/318
|
|turn|3
|choice|move 2|move 2
|
|move|p1a: Ponyta|Fire Blast|p2a: Hypno|[miss]
|-miss|p1a: Ponyta
|move|p2a: Hypno|Hypnosis|p1a: Ponyta
|-status|p1a: Ponyta|slp
|
|turn|4
|choice|move 2|move 1
|
|cant|p1a: Ponyta|slp
|move|p2a: Hypno|Psychic|p1a: Ponyta
|-damage|p1a: Ponyta|120\/291 slp
|
|turn|5
|choice|move 2|move 1
|
|cant|p1a: Ponyta|slp
|move|p2a: Hypno|Psychic|p1a: Ponyta
|-damage|p1a: Ponyta|2\/291 slp
|
|turn|6
|c|★blearg|you have already lost ;)
|choice|move 2|move 1
|
|cant|p1a: Ponyta|slp
|move|p2a: Hypno|Psychic|p1a: Ponyta
|-damage|p1a: Ponyta|0 fnt
|faint|p1a: Ponyta
|choice|switch 2|
|
|switch|p1a: Caterpie|Caterpie, L99|290\/290
|turn|7
|choice|move 2|move 1
|
|move|p2a: Hypno|Psychic|p1a: Caterpie
|-damage|p1a: Caterpie|113\/290
|move|p1a: Caterpie|Tackle|p2a: Hypno
|-damage|p2a: Hypno|183\/318
|
|turn|8
|choice|move 2|move 4
|
|move|p2a: Hypno|Thunder Wave|p1a: Caterpie
|-status|p1a: Caterpie|par
|move|p1a: Caterpie|Tackle|p2a: Hypno
|-damage|p2a: Hypno|160\/318
|
|turn|9
|choice|move 1|move 3
|
|move|p2a: Hypno|Rest|p2a: Hypno
|-status|p2a: Hypno|slp
|-heal|p2a: Hypno|318\/318 slp|[silent]
|-status|p2a: Hypno|slp|[from] move: Rest
|move|p1a: Caterpie|String Shot|p2a: Hypno
|-unboost|p2a: Hypno|spe|1
|
|turn|10
|choice|switch 6|move 1
|
|switch|p1a: Rhydon|Rhydon, L79|328\/328
|cant|p2a: Hypno|slp
|
|turn|11
|choice|move 2|switch 3
|
|switch|p2a: Dewgong|Dewgong, L85|327\/327
|move|p1a: Rhydon|Substitute|p1a: Rhydon
|-start|p1a: Rhydon|Substitute
|-damage|p1a: Rhydon|246\/328
|
|turn|12
|choice|move 4|move 1
|
|move|p2a: Dewgong|Surf|p1a: Rhydon
|-supereffective|p1a: Rhydon
|-end|p1a: Rhydon|Substitute
|move|p1a: Rhydon|Earthquake|p2a: Dewgong
|-damage|p2a: Dewgong|201\/327
|
|turn|13
|choice|switch 6|move 1
|
|switch|p1a: Caterpie|Caterpie, L99|113\/290 par
|move|p2a: Dewgong|Surf|p1a: Caterpie
|-damage|p1a: Caterpie|0 fnt
|faint|p1a: Caterpie
|choice|switch 4|
|
|switch|p1a: Chansey|Chansey, L79|557\/557
|turn|14
|choice|move 3|switch 6
|
|switch|p2a: Machamp|Machamp, L90|345\/345
|move|p1a: Chansey|Thunderbolt|p2a: Machamp
|-damage|p2a: Machamp|273\/345
|
|turn|15
|choice|move 2|move 4
|
|move|p2a: Machamp|Submission|p1a: Chansey
|-supereffective|p1a: Chansey
|-damage|p1a: Chansey|0 fnt
|-damage|p2a: Machamp|134\/345|[from] recoil|[of] p1a: Chansey
|faint|p1a: Chansey
|choice|switch 5|
|
|switch|p1a: Alakazam|Alakazam, L79|249\/249
|turn|16
|choice|move 1|switch 3
|
|switch|p2a: Hypno|Hypno, L85|318\/318 slp
|move|p1a: Alakazam|Psychic|p2a: Hypno
|-resisted|p2a: Hypno
|-damage|p2a: Hypno|277\/318 slp
|-unboost|p2a: Hypno|spd|1
|-unboost|p2a: Hypno|spa|1
|
|turn|17
|choice|move 1|switch 4
|
|switch|p2a: Magneton|Magneton, L90|273\/273
|move|p1a: Alakazam|Psychic|p2a: Magneton
|-damage|p2a: Magneton|192\/273
|-unboost|p2a: Magneton|spd|1
|-unboost|p2a: Magneton|spa|1
|
|turn|18
|choice|move 1|switch 4
|
|switch|p2a: Hypno|Hypno, L85|277\/318 slp
|move|p1a: Alakazam|Psychic|p2a: Hypno
|-resisted|p2a: Hypno
|-damage|p2a: Hypno|232\/318 slp
|-unboost|p2a: Hypno|spd|1
|-unboost|p2a: Hypno|spa|1
|
|turn|19
|c|★Dervodel|stahp
|choice|move 1|move 2
|
|move|p1a: Alakazam|Psychic|p2a: Hypno
|-resisted|p2a: Hypno
|-damage|p2a: Hypno|164\/318 slp
|-curestatus|p2a: Hypno|slp
|
|turn|20
|c|★blearg|nope :P
|choice|move 1|move 2
|
|move|p1a: Alakazam|Psychic|p2a: Hypno
|-resisted|p2a: Hypno
|-damage|p2a: Hypno|104\/318
|-unboost|p2a: Hypno|spd|1
|-unboost|p2a: Hypno|spa|1
|move|p2a: Hypno|Hypnosis|p1a: Alakazam
|-status|p1a: Alakazam|slp
|
|turn|21
|choice|move 1|switch 3
|
|switch|p2a: Machamp|Machamp, L90|134\/345
|cant|p1a: Alakazam|slp
|
|turn|22
|choice|move 1|move 3
|
|cant|p1a: Alakazam|slp
|move|p2a: Machamp|Earthquake|p1a: Alakazam
|-damage|p1a: Alakazam|95\/249 slp
|
|turn|23
|choice|switch 3|move 3
|
|switch|p1a: Tauros|Tauros, L79|280\/280
|move|p2a: Machamp|Earthquake|p1a: Tauros
|-damage|p1a: Tauros|186\/280
|
|turn|24
|choice|move 3|move 4
|
|move|p1a: Tauros|Body Slam|p2a: Machamp
|-damage|p2a: Machamp|59\/345
|move|p2a: Machamp|Submission|p1a: Tauros
|-supereffective|p1a: Tauros
|-damage|p1a: Tauros|0 fnt
|-damage|p2a: Machamp|13\/345|[from] recoil|[of] p1a: Tauros
|faint|p1a: Tauros
|c|★blearg|wait, why do you get a lvl 90 machamp when it has stats equal to alakazam ?
|c|★blearg|which is  lvl 79
|c|★Dervodel|im sory man
|c|★Dervodel|i dint know
|c|★Dervodel|dont*
|c|★Dervodel|i just play for fun
|c|★blearg|all mine are 79 except caterpie (99) and ponyta (96)
|c|★Dervodel|im sory
|c|★blearg|but they should seriously remove caterpie, weedle, metapod, kakuna etc from the team-randomizer
|c|★blearg|it's and instant 5 vs 6 :P
|-message|blearg forfeited.
|
|win|Dervodel
|leave|blearg
|player|p1
|raw|blearg's rating: 1230 &rarr; <strong>1215<\/strong><br \/>(-15 for losing)
|raw|Dervodel's rating: 1363 &rarr; <strong>1376<\/strong><br \/>(+13 for winning)