|join|Littlebosheep29
|join|eldougi
|player|p1|Littlebosheep29|2
|player|p2|eldougi|266
|gametype|singles
|gen|1
|tier|[Gen 1] Random Battle
|rated
|rule|Sleep Clause Mod: Limit one foe put to sleep
|rule|Freeze Clause Mod: Limit one foe frozen
|rule|HP Percentage Mod: HP is shown in percentages
|
|start
|switch|p1a: Wartortle|Wartortle, L85|274\/274
|switch|p2a: Dewgong|Dewgong, L85|327\/327
|turn|1
|
|move|p2a: Dewgong|Body Slam|p1a: Wartortle
|-crit|p1a: Wartortle
|-damage|p1a: Wartortle|177\/274
|move|p1a: Wartortle|Body Slam|p2a: Dewgong
|-damage|p2a: Dewgong|277\/327
|-status|p2a: Dewgong|par
|
|turn|2
|
|move|p1a: Wartortle|Body Slam|p2a: Dewgong
|-damage|p2a: Dewgong|230\/327 par
|move|p2a: Dewgong|Body Slam|p1a: Wartortle
|-damage|p1a: Wartortle|120\/274
|
|turn|3
|
|move|p1a: Wartortle|Body Slam|p2a: Dewgong
|-damage|p2a: Dewgong|180\/327 par
|cant|p2a: Dewgong|par
|
|turn|4
|
|move|p1a: Wartortle|Body Slam|p2a: Dewgong
|-damage|p2a: Dewgong|131\/327 par
|move|p2a: Dewgong|Body Slam|p1a: Wartortle
|-damage|p1a: Wartortle|71\/274
|
|turn|5
|
|move|p1a: Wartortle|Body Slam|p2a: Dewgong
|-crit|p2a: Dewgong
|-damage|p2a: Dewgong|39\/327 par
|move|p2a: Dewgong|Surf|p1a: Wartortle
|-resisted|p1a: Wartortle
|-damage|p1a: Wartortle|15\/274
|
|turn|6
|
|move|p1a: Wartortle|Rest|p1a: Wartortle
|-status|p1a: Wartortle|slp
|-heal|p1a: Wartortle|274\/274 slp|[silent]
|-status|p1a: Wartortle|slp|[from] move: Rest
|move|p2a: Dewgong|Body Slam|p1a: Wartortle
|-damage|p1a: Wartortle|223\/274 slp
|
|turn|7
|
|switch|p2a: Venomoth|Venomoth, L85|293\/293
|cant|p1a: Wartortle|slp
|
|turn|8
|
|move|p2a: Venomoth|Mega Drain|p1a: Wartortle
|-supereffective|p1a: Wartortle
|-damage|p1a: Wartortle|153\/274 slp
|cant|p1a: Wartortle|slp
|-curestatus|p1a: Wartortle|slp
|
|turn|9
|
|move|p2a: Venomoth|Sleep Powder|p1a: Wartortle
|-status|p1a: Wartortle|slp
|cant|p1a: Wartortle|slp
|
|turn|10
|
|switch|p1a: Charmeleon|Charmeleon, L85|272\/272
|move|p2a: Venomoth|Mega Drain|p1a: Charmeleon
|-resisted|p1a: Charmeleon
|-damage|p1a: Charmeleon|256\/272
|
|turn|11
|
|switch|p2a: Nidorino|Nidorino, L90|293\/293
|move|p1a: Charmeleon|Fire Blast|p2a: Nidorino
|-damage|p2a: Nidorino|160\/293
|
|turn|12
|
|move|p1a: Charmeleon|Seismic Toss|p2a: Nidorino
|-damage|p2a: Nidorino|75\/293
|move|p2a: Nidorino|Bubble Beam|p1a: Charmeleon
|-crit|p1a: Charmeleon
|-supereffective|p1a: Charmeleon
|-damage|p1a: Charmeleon|80\/272
|
|turn|13
|
|move|p1a: Charmeleon|Seismic Toss|p2a: Nidorino
|-damage|p2a: Nidorino|0 fnt
|faint|p2a: Nidorino
|
|switch|p2a: Dragonair|Dragonair, L85|277\/277
|turn|14
|
|move|p1a: Charmeleon|Seismic Toss|p2a: Dragonair
|-damage|p2a: Dragonair|192\/277
|move|p2a: Dragonair|Surf|p1a: Charmeleon
|-crit|p1a: Charmeleon
|-supereffective|p1a: Charmeleon
|-damage|p1a: Charmeleon|0 fnt
|faint|p1a: Charmeleon
|
|switch|p1a: Pinsir|Pinsir, L85|284\/284
|turn|15
|
|move|p1a: Pinsir|Body Slam|p2a: Dragonair
|-damage|p2a: Dragonair|107\/277
|move|p2a: Dragonair|Thunder Wave|p1a: Pinsir
|-status|p1a: Pinsir|par
|
|turn|16
|
|move|p2a: Dragonair|Ice Beam|p1a: Pinsir
|-damage|p1a: Pinsir|204\/284 par
|move|p1a: Pinsir|Hyper Beam|p2a: Dragonair
|-damage|p2a: Dragonair|0 fnt
|faint|p2a: Dragonair
|
|switch|p2a: Dodrio|Dodrio, L85|276\/276
|turn|17
|
|move|p2a: Dodrio|Drill Peck|p1a: Pinsir
|-supereffective|p1a: Pinsir
|-damage|p1a: Pinsir|19\/284 par
|cant|p1a: Pinsir|par
|
|turn|18
|
|switch|p1a: Graveler|Graveler, L85|267\/267
|move|p2a: Dodrio|Body Slam|p1a: Graveler
|-crit|p1a: Graveler
|-resisted|p1a: Graveler
|-damage|p1a: Graveler|190\/267
|-status|p1a: Graveler|par
|
|turn|19
|
|switch|p2a: Venomoth|Venomoth, L85|293\/293
|move|p1a: Graveler|Earthquake|p2a: Venomoth
|-damage|p2a: Venomoth|158\/293
|
|turn|20
|
|switch|p1a: Kangaskhan|Kangaskhan, L85|352\/352
|move|p2a: Venomoth|Mega Drain|p1a: Kangaskhan
|-damage|p1a: Kangaskhan|311\/352
|-heal|p2a: Venomoth|178\/293|[from] drain|[of] p1a: Kangaskhan
|
|turn|21
|
|move|p2a: Venomoth|Stun Spore|p1a: Kangaskhan
|-status|p1a: Kangaskhan|par
|move|p1a: Kangaskhan|Hyper Beam|p2a: Venomoth
|-damage|p2a: Venomoth|0 fnt
|faint|p2a: Venomoth
|
|switch|p2a: Dewgong|Dewgong, L85|39\/327 par
|turn|22
|
|move|p1a: Kangaskhan|Body Slam|p2a: Dewgong
|-damage|p2a: Dewgong|0 fnt
|faint|p2a: Dewgong
|
|switch|p2a: Articuno|Articuno, L79|304\/304
|turn|23
|
|move|p2a: Articuno|Blizzard|p1a: Kangaskhan
|-damage|p1a: Kangaskhan|124\/352 par
|move|p1a: Kangaskhan|Body Slam|p2a: Articuno
|-damage|p2a: Articuno|211\/304
|
|turn|24
|
|move|p2a: Articuno|Blizzard|p1a: Kangaskhan
|-damage|p1a: Kangaskhan|0 fnt
|faint|p1a: Kangaskhan
|
|switch|p1a: Pinsir|Pinsir, L85|19\/284 par
|turn|25
|c|★Littlebosheep29|articunop going to own me
|
|move|p2a: Articuno|Blizzard|p1a: Pinsir
|-damage|p1a: Pinsir|0 fnt
|faint|p1a: Pinsir
|
|switch|p1a: Graveler|Graveler, L85|190\/267 par
|turn|26
|
|move|p2a: Articuno|Blizzard|p1a: Graveler
|-supereffective|p1a: Graveler
|-damage|p1a: Graveler|0 fnt
|faint|p1a: Graveler
|
|switch|p1a: Dugtrio|Dugtrio, L85|233\/233
|turn|27
|
|move|p1a: Dugtrio|Sand Attack|p2a: Articuno
|-unboost|p2a: Articuno|accuracy|1
|move|p2a: Articuno|Blizzard|p1a: Dugtrio
|-crit|p1a: Dugtrio
|-supereffective|p1a: Dugtrio
|-damage|p1a: Dugtrio|0 fnt
|faint|p1a: Dugtrio
|c|★Littlebosheep29|gg
|-message|Littlebosheep29 forfeited.
|
|win|eldougi
|raw|Ladder updating...
|leave|Littlebosheep29
|player|p1
|raw|Littlebosheep29's rating: 1462 &rarr; <strong>1434<\/strong><br \/>(-28 for losing)
|raw|eldougi's rating: 1321 &rarr; <strong>1349<\/strong><br \/>(+28 for winning)