|join|ghostlydonuts
|join|Shayminlover123
|player|p1|ghostlydonuts|101
|player|p2|Shayminlover123|136
|gametype|singles
|gen|1
|tier|[Gen 1] OU (beta)
|rated
|rule|Sleep Clause Mod: Limit one foe put to sleep
|rule|Species Clause: Limit one of each Pokemon
|rule|OHKO Clause: OHKO moves are banned
|rule|Moody Clause: Moody is banned
|rule|Swagger Clause: Swagger is banned
|rule|Evasion Moves Clause: Evasion moves are banned
|rule|Endless Battle Clause: Forcing endless battles is banned
|rule|HP Percentage Mod: HP is reported as percentages
|
|start
|switch|p1a: Alakazam|Alakazam|313\/313
|switch|p2a: Chansey|Chansey|703\/703
|turn|1
|
|move|p1a: Alakazam|Toxic|p2a: Chansey
|-status|p2a: Chansey|tox
|move|p2a: Chansey|Thunder Wave|p1a: Alakazam
|-status|p1a: Alakazam|par
|-damage|p2a: Chansey|660\/703 tox|[from] tox|[of] p1a: Alakazam
|
|turn|2
|
|switch|p2a: Dragonite|Dragonite|385\/385
|move|p1a: Alakazam|Substitute|p1a: Alakazam
|-start|p1a: Alakazam|Substitute
|-damage|p1a: Alakazam|235\/313 par
|
|turn|3
|
|move|p2a: Dragonite|Hyper Beam|p1a: Alakazam
|-end|p1a: Alakazam|Substitute
|move|p1a: Alakazam|Toxic|p2a: Dragonite
|-status|p2a: Dragonite|tox
|
|turn|4
|
|move|p2a: Dragonite|Wrap|p1a: Alakazam
|-damage|p1a: Alakazam|212\/313 par
|-activate|p1a: Alakazam|move: Wrap|[of] p2a: Dragonite
|-damage|p2a: Dragonite|361\/385 tox|[from] tox|[of] p1a: Alakazam
|cant|p1a: Alakazam|partiallytrapped
|
|turn|5
|
|move|p2a: Dragonite|Wrap|p1a: Alakazam
|-damage|p1a: Alakazam|189\/313 par
|-damage|p2a: Dragonite|313\/385 tox|[from] tox|[of] p1a: Alakazam
|cant|p1a: Alakazam|partiallytrapped
|
|turn|6
|
|switch|p2a: Tauros|Tauros|353\/353
|cant|p1a: Alakazam|partiallytrapped
|
|-end|p1a: Alakazam|Wrap|[partiallytrapped]
|turn|7
|
|move|p2a: Tauros|Body Slam|p1a: Alakazam
|-damage|p1a: Alakazam|31\/313 par
|cant|p1a: Alakazam|par
|
|turn|8
|
|switch|p1a: Rhydon|Rhydon|413\/413
|move|p2a: Tauros|Body Slam|p1a: Rhydon
|-crit|p1a: Rhydon
|-resisted|p1a: Rhydon
|-damage|p1a: Rhydon|321\/413
|
|turn|9
|
|move|p2a: Tauros|Earthquake|p1a: Rhydon
|-supereffective|p1a: Rhydon
|-damage|p1a: Rhydon|180\/413
|move|p1a: Rhydon|Seismic Toss|p2a: Tauros
|-damage|p2a: Tauros|253\/353
|
|turn|10
|
|move|p2a: Tauros|Blizzard|p1a: Rhydon
|-supereffective|p1a: Rhydon
|-damage|p1a: Rhydon|0 fnt
|faint|p1a: Rhydon
|
|
|switch|p1a: Starmie|Starmie|323\/323
|turn|11
|
|move|p1a: Starmie|Surf|p2a: Tauros
|-crit|p2a: Tauros
|-damage|p2a: Tauros|0 fnt
|faint|p2a: Tauros
|
|
|switch|p2a: Slowbro|Slowbro|393\/393
|turn|12
|
|move|p1a: Starmie|Thunderbolt|p2a: Slowbro
|-crit|p2a: Slowbro
|-supereffective|p2a: Slowbro
|-damage|p2a: Slowbro|17\/393
|move|p2a: Slowbro|Thunder Wave|p1a: Starmie
|-status|p1a: Starmie|par
|
|turn|13
|
|switch|p2a: Exeggutor|Exeggutor|393\/393
|move|p1a: Starmie|Thunderbolt|p2a: Exeggutor
|-resisted|p2a: Exeggutor
|-damage|p2a: Exeggutor|362\/393
|
|turn|14
|
|move|p2a: Exeggutor|Mega Drain|p1a: Starmie
|-supereffective|p1a: Starmie
|-damage|p1a: Starmie|210\/323 par
|-heal|p2a: Exeggutor|393\/393|[from] drain|[of] p1a: Starmie
|move|p1a: Starmie|Ice Beam|p2a: Exeggutor
|-supereffective|p2a: Exeggutor
|-damage|p2a: Exeggutor|259\/393
|
|turn|15
|
|move|p2a: Exeggutor|Mega Drain|p1a: Starmie
|-supereffective|p1a: Starmie
|-damage|p1a: Starmie|97\/323 par
|-heal|p2a: Exeggutor|316\/393|[from] drain|[of] p1a: Starmie
|move|p1a: Starmie|Ice Beam|p2a: Exeggutor
|-supereffective|p2a: Exeggutor
|-damage|p2a: Exeggutor|179\/393
|
|turn|16
|
|move|p2a: Exeggutor|Mega Drain|p1a: Starmie
|-supereffective|p1a: Starmie
|-damage|p1a: Starmie|0 fnt
|-heal|p2a: Exeggutor|228\/393|[from] drain|[of] p1a: Starmie
|faint|p1a: Starmie
|
|
|switch|p1a: Zapdos|Zapdos|383\/383
|turn|17
|
|switch|p2a: Chansey|Chansey|660\/703 tox
|-status|p2a: Chansey|psn
|-damage|p2a: Chansey|617\/703 psn|[from] psn
|move|p1a: Zapdos|Toxic|p2a: Chansey
|-fail|p2a: Chansey
|
|turn|18
|
|move|p1a: Zapdos|Thunderbolt|p2a: Chansey
|-damage|p2a: Chansey|499\/703 psn
|move|p2a: Chansey|Thunder Wave|p1a: Zapdos
|-status|p1a: Zapdos|par
|-damage|p2a: Chansey|456\/703 psn|[from] psn|[of] p1a: Zapdos
|
|turn|19
|
|move|p2a: Chansey|Ice Beam|p1a: Zapdos
|-supereffective|p1a: Zapdos
|-damage|p1a: Zapdos|260\/383 par
|-damage|p2a: Chansey|413\/703 psn|[from] psn|[of] p1a: Zapdos
|move|p1a: Zapdos|Whirlwind|p2a: Chansey
|
|turn|20
|
|move|p2a: Chansey|Ice Beam|p1a: Zapdos
|-supereffective|p1a: Zapdos
|-damage|p1a: Zapdos|137\/383 par
|-damage|p2a: Chansey|370\/703 psn|[from] psn|[of] p1a: Zapdos
|move|p1a: Zapdos|Thunderbolt|p2a: Chansey
|-damage|p2a: Chansey|246\/703 psn
|
|turn|21
|
|move|p2a: Chansey|Soft-Boiled|p2a: Chansey
|-heal|p2a: Chansey|597\/703 psn
|-damage|p2a: Chansey|554\/703 psn|[from] psn
|move|p1a: Zapdos|Thunderbolt|p2a: Chansey
|-damage|p2a: Chansey|432\/703 psn
|
|turn|22
|
|move|p2a: Chansey|Ice Beam|p1a: Zapdos
|-supereffective|p1a: Zapdos
|-damage|p1a: Zapdos|15\/383 par
|-damage|p2a: Chansey|389\/703 psn|[from] psn|[of] p1a: Zapdos
|move|p1a: Zapdos|Thunderbolt|p2a: Chansey
|-damage|p2a: Chansey|253\/703 psn
|
|turn|23
|
|move|p2a: Chansey|Soft-Boiled|p2a: Chansey
|-heal|p2a: Chansey|604\/703 psn
|-damage|p2a: Chansey|561\/703 psn|[from] psn
|cant|p1a: Zapdos|par
|
|turn|24
|
|switch|p1a: Tauros|Tauros|353\/353
|move|p2a: Chansey|Ice Beam|p1a: Tauros
|-damage|p1a: Tauros|251\/353
|-damage|p2a: Chansey|518\/703 psn|[from] psn|[of] p1a: Tauros
|
|turn|25
|
|switch|p2a: Gengar|Gengar|323\/323
|move|p1a: Tauros|Substitute|p1a: Tauros
|-start|p1a: Tauros|Substitute
|-damage|p1a: Tauros|163\/353
|
|turn|26
|
|move|p1a: Tauros|Earthquake|p2a: Gengar
|-supereffective|p2a: Gengar
|-damage|p2a: Gengar|98\/323
|move|p2a: Gengar|Thunderbolt|p1a: Tauros
|-end|p1a: Tauros|Substitute
|
|turn|27
|
|move|p1a: Tauros|Earthquake|p2a: Gengar
|-supereffective|p2a: Gengar
|-damage|p2a: Gengar|0 fnt
|faint|p2a: Gengar
|
|
|switch|p2a: Exeggutor|Exeggutor|228\/393
|turn|28
|
|move|p1a: Tauros|Strength|p2a: Exeggutor
|-damage|p2a: Exeggutor|119\/393
|move|p2a: Exeggutor|Explosion|p1a: Tauros
|-damage|p1a: Tauros|0 fnt
|faint|p1a: Tauros
|faint|p2a: Exeggutor
|
|switch|p1a: Persian|Persian|333\/333
|switch|p2a: Dragonite|Dragonite|313\/385 tox
|-status|p2a: Dragonite|psn
|-damage|p2a: Dragonite|289\/385 psn|[from] psn
|turn|29
|
|move|p1a: Persian|Screech|p2a: Dragonite
|-unboost|p2a: Dragonite|def|2
|move|p2a: Dragonite|Hyper Beam|p1a: Persian
|-damage|p1a: Persian|133\/333
|-damage|p2a: Dragonite|265\/385 psn|[from] psn|[of] p1a: Persian
|
|turn|30
|
|move|p1a: Persian|Double-Edge|p2a: Dragonite
|-damage|p2a: Dragonite|58\/385 psn
|-damage|p1a: Persian|81\/333|[from] recoil|[of] p2a: Dragonite
|cant|p2a: Dragonite|recharge
|-damage|p2a: Dragonite|34\/385 psn|[from] psn|[of] p1a: Persian
|
|turn|31
|
|move|p1a: Persian|Double-Edge|p2a: Dragonite
|-damage|p2a: Dragonite|0 fnt
|-damage|p1a: Persian|72\/333|[from] recoil|[of] p2a: Dragonite
|faint|p2a: Dragonite
|
|
|switch|p2a: Chansey|Chansey|518\/703 psn
|-damage|p2a: Chansey|475\/703 psn|[from] psn
|turn|32
|
|move|p1a: Persian|Double-Edge|p2a: Chansey
|-damage|p2a: Chansey|221\/703 psn
|-damage|p1a: Persian|8\/333|[from] recoil|[of] p2a: Chansey
|move|p2a: Chansey|Ice Beam|p1a: Persian
|-damage|p1a: Persian|0 fnt
|-damage|p2a: Chansey|178\/703 psn|[from] psn|[of] p1a: Persian
|faint|p1a: Persian
|
|
|switch|p1a: Alakazam|Alakazam|31\/313 par
|turn|33
|
|move|p2a: Chansey|Soft-Boiled|p2a: Chansey
|-heal|p2a: Chansey|529\/703 psn
|-damage|p2a: Chansey|486\/703 psn|[from] psn
|move|p1a: Alakazam|Hyper Beam|p2a: Chansey
|-damage|p2a: Chansey|286\/703 psn
|
|turn|34
|
|move|p2a: Chansey|Ice Beam|p1a: Alakazam
|-damage|p1a: Alakazam|0 fnt
|-damage|p2a: Chansey|243\/703 psn|[from] psn|[of] p1a: Alakazam
|faint|p1a: Alakazam
|
|
|switch|p1a: Zapdos|Zapdos|15\/383 par
|turn|35
|join|Papaluty
|
|move|p2a: Chansey|Ice Beam|p1a: Zapdos
|-supereffective|p1a: Zapdos
|-damage|p1a: Zapdos|0 fnt
|-damage|p2a: Chansey|200\/703 psn|[from] psn|[of] p1a: Zapdos
|faint|p1a: Zapdos
|
|win|Shayminlover123
|raw|Ladder updating...
|raw|ghostlydonuts's rating: 1040 &rarr; <strong>1022<\/strong><br \/>(-18 for losing)
|raw|Shayminlover123's rating: 1000 &rarr; <strong>1045<\/strong><br \/>(+45 for winning)
|leave|ghostlydonuts
|player|p1
|leave|Papaluty