|join|Eldougi
|join|MALESANI
|player|p1|Eldougi|2
|player|p2|MALESANI|240
|gametype|singles
|gen|1
|tier|[Gen 1] Random Battle
|rated
|rule|Sleep Clause Mod: Limit one foe put to sleep
|rule|Freeze Clause Mod: Limit one foe frozen
|rule|HP Percentage Mod: HP is shown in percentages
|
|start
|switch|p1a: Mewtwo|Mewtwo, L70|293\/293
|switch|p2a: Victreebel|Victreebel, L85|310\/310
|turn|1
|
|switch|p2a: Fearow|Fearow, L90|300\/300
|move|p1a: Mewtwo|Psychic|p2a: Fearow
|-damage|p2a: Fearow|196\/300
|-unboost|p2a: Fearow|spd|1
|-unboost|p2a: Fearow|spa|1
|
|turn|2
|
|move|p2a: Fearow|Double-Edge|p1a: Mewtwo
|-damage|p1a: Mewtwo|148\/293
|-damage|p2a: Fearow|160\/300|[from] recoil|[of] p1a: Mewtwo
|move|p1a: Mewtwo|Blizzard|p2a: Fearow
|-crit|p2a: Fearow
|-supereffective|p2a: Fearow
|-damage|p2a: Fearow|0 fnt
|faint|p2a: Fearow
|
|switch|p2a: Starmie|Starmie, L79|257\/257
|turn|3
|
|move|p2a: Starmie|Thunder Wave|p1a: Mewtwo
|-status|p1a: Mewtwo|par
|move|p1a: Mewtwo|Recover|p1a: Mewtwo
|-heal|p1a: Mewtwo|293\/293 par
|
|turn|4
|
|move|p2a: Starmie|Surf|p1a: Mewtwo
|-crit|p1a: Mewtwo
|-damage|p1a: Mewtwo|148\/293 par
|move|p1a: Mewtwo|Psychic|p2a: Starmie
|-resisted|p2a: Starmie
|-damage|p2a: Starmie|213\/257
|-unboost|p2a: Starmie|spd|1
|-unboost|p2a: Starmie|spa|1
|
|turn|5
|
|switch|p1a: Muk|Muk, L90|372\/372
|move|p2a: Starmie|Surf|p1a: Muk
|-crit|p1a: Muk
|-damage|p1a: Muk|173\/372
|
|turn|6
|
|move|p2a: Starmie|Thunder Wave|p1a: Muk
|-status|p1a: Muk|par
|move|p1a: Muk|Explosion|p2a: Starmie
|-damage|p2a: Starmie|0 fnt
|faint|p2a: Starmie
|faint|p1a: Muk
|
|switch|p2a: Mewtwo|Mewtwo, L68|285\/285
|switch|p1a: Ditto|Ditto, L99|296\/296
|turn|7
|
|move|p2a: Mewtwo|Blizzard|p1a: Ditto
|-damage|p1a: Ditto|199\/296
|move|p1a: Ditto|Transform|p2a: Mewtwo
|-transform|p1a: Ditto|p2a: Mewtwo
|
|turn|8
|
|move|p2a: Mewtwo|Hyper Beam|p1a: Ditto
|-damage|p1a: Ditto|104\/296
|move|p1a: Ditto|Amnesia|p1a: Ditto
|-boost|p1a: Ditto|spd|2
|-boost|p1a: Ditto|spa|2
|
|turn|9
|-mustrecharge|p2a: Mewtwo
|-mustrecharge|p2a: Mewtwo
|
|cant|p2a: Mewtwo|recharge
|move|p1a: Ditto|Blizzard|p2a: Mewtwo
|-damage|p2a: Mewtwo|24\/285
|
|turn|10
|
|move|p2a: Mewtwo|Blizzard|p1a: Ditto
|-damage|p1a: Ditto|79\/296
|move|p1a: Ditto|Psychic|p2a: Mewtwo
|-resisted|p2a: Mewtwo
|-damage|p2a: Mewtwo|0 fnt
|faint|p2a: Mewtwo
|
|switch|p2a: Parasect|Parasect, L90|291\/291
|turn|11
|
|move|p1a: Ditto|Blizzard|p2a: Parasect
|-supereffective|p2a: Parasect
|-damage|p2a: Parasect|0 fnt
|faint|p2a: Parasect
|-message|MALESANI forfeited.
|
|win|Eldougi
|raw|Ladder updating...
|leave|MALESANI
|player|p2