|j|business is cool
|j|A&WNotRootbeer
|player|p1|business is cool|82
|player|p2|A&WNotRootbeer|1
|gametype|singles
|gen|1
|tier|[Gen 1] Random Battle
|rated
|seed|35118,50107,25111,42427
|rule|Sleep Clause Mod: Limit one foe put to sleep
|rule|Freeze Clause Mod: Limit one foe frozen
|rule|HP Percentage Mod: HP is shown in percentages
|
|start
|switch|p1a: Mew|Mew, L74|300\/300
|switch|p2a: Charmander|Charmander, L96|270\/270
|turn|1
|c|★business is cool|glhf
|choice|switch 3|move Substitute
|
|switch|p1a: Kabuto|Kabuto, L96|252\/252
|move|p2a: Charmander|Substitute|p2a: Charmander
|-start|p2a: Charmander|Substitute
|-damage|p2a: Charmander|203\/270
|
|turn|2
|choice|move 2|move Body Slam
|
|move|p2a: Charmander|Body Slam|p1a: Kabuto
|-resisted|p1a: Kabuto
|-damage|p1a: Kabuto|228\/252
|-status|p1a: Kabuto|par
|move|p1a: Kabuto|Surf|p2a: Charmander
|-supereffective|p2a: Charmander
|-end|p2a: Charmander|Substitute
|
|turn|3
|choice|move 2|switch 2
|
|switch|p2a: Ekans|Ekans, L96|262\/262
|move|p1a: Kabuto|Surf|p2a: Ekans
|-damage|p2a: Ekans|153\/262
|
|turn|4
|choice|switch 4|move Earthquake
|
|switch|p1a: Dragonite|Dragonite, L85|328\/328
|move|p2a: Ekans|Earthquake|p1a: Dragonite
|-immune|p1a: Dragonite|[msg]
|
|turn|5
|choice|switch 4|move Glare
|
|switch|p1a: Kabuto|Kabuto, L96|228\/252 par
|move|p2a: Ekans|Glare|p1a: Kabuto
|-fail|p1a: Kabuto|par
|
|turn|6
|choice|move 2|move Glare
|
|move|p2a: Ekans|Glare|p1a: Kabuto
|-fail|p1a: Kabuto|par
|move|p1a: Kabuto|Surf|p2a: Ekans
|-crit|p2a: Ekans
|-damage|p2a: Ekans|0 fnt
|faint|p2a: Ekans
|choice||switch 5
|
|switch|p2a: Jolteon|Jolteon, L79|265\/265
|turn|7
|choice|move 4|switch 4
|
|switch|p2a: Cloyster|Cloyster, L83|253\/253
|move|p1a: Kabuto|Body Slam|p2a: Cloyster
|-crit|p2a: Cloyster
|-damage|p2a: Cloyster|171\/253
|-status|p2a: Cloyster|par
|
|turn|8
|-message|A&WNotRootbeer forfeited.
|
|win|business is cool
|player|p1
|player|p2
|l|A&WNotRootbeer
|raw|business is cool's rating: 1217 &rarr; <strong>1240<\/strong><br \/>(+23 for winning)
|raw|A&amp;WNotRootbeer's rating: 1188 &rarr; <strong>1165<\/strong><br \/>(-23 for losing)