|j|Judo
|j|Jamie Fun
|player|p1|Judo|70
|player|p2|Jamie Fun|281
|gametype|singles
|gen|1
|tier|[Gen 1] Random Battle
|seed|2183,49782,54540,2215
|rule|Sleep Clause Mod: Limit one foe put to sleep
|rule|Freeze Clause Mod: Limit one foe frozen
|rule|HP Percentage Mod: HP is shown in percentages
|
|start
|switch|p1a: Hitmonlee|Hitmonlee, L90|273\/273
|switch|p2a: Weedle|Weedle, L99|280\/280
|turn|1
|c|★Judo|way hey :D
|choice|switch 3|move 2
|
|switch|p1a: Golbat|Golbat, L90|318\/318
|move|p2a: Weedle|String Shot|p1a: Golbat
|-unboost|p1a: Golbat|spe|1
|
|turn|2
|c|★Jamie Fun|rekt
|choice|move 1|move 1
|
|move|p2a: Weedle|Poison Sting|p1a: Golbat
|-resisted|p1a: Golbat
|-damage|p1a: Golbat|312\/318
|move|p1a: Golbat|Confuse Ray|p2a: Weedle
|-start|p2a: Weedle|confusion
|
|turn|3
|c|★Jamie Fun|get stung
|choice|move 2|switch 4
|
|switch|p2a: Zapdos|Zapdos, L79|304\/304
|move|p1a: Golbat|Double-Edge|p2a: Zapdos
|-damage|p2a: Zapdos|220\/304
|-damage|p1a: Golbat|291\/318|[from] recoil|[of] p2a: Zapdos
|
|turn|4
|choice|switch 4|move 1
|
|switch|p1a: Graveler|Graveler, L85|267\/267
|move|p2a: Zapdos|Thunderbolt|p1a: Graveler
|-immune|p1a: Graveler|[msg]
|
|turn|5
|c|★Jamie Fun|damn
|c|★Jamie Fun|should have gone for hidden power water
|choice|move 2|switch 4
|
|switch|p2a: Weedle|Weedle, L99|280\/280
|move|p1a: Graveler|Rock Slide|p2a: Weedle
|-supereffective|p2a: Weedle
|-damage|p2a: Weedle|47\/280
|
|turn|6
|c|★Judo|damn son you fucked up your weedle
|choice|move 4|move 2
|
|move|p2a: Weedle|String Shot|p1a: Graveler
|-unboost|p1a: Graveler|spe|1
|move|p1a: Graveler|Body Slam|p2a: Weedle
|-damage|p2a: Weedle|0 fnt
|faint|p2a: Weedle
|choice||switch 5
|
|switch|p2a: Mewtwo|Mewtwo, L70|293\/293
|turn|7
|c|★Judo|body slam4dayz
|c|★Jamie Fun|m8
|c|★Jamie Fun|Mew two up in this bitch
|choice|switch 5|move 3
|
|switch|p1a: Mr. Mime|Mr. Mime, L85|242\/242
|move|p2a: Mewtwo|Blizzard|p1a: Mr. Mime
|-crit|p1a: Mr. Mime
|-damage|p1a: Mr. Mime|99\/242
|
|turn|8
|c|★Judo|mew3
|choice|move 3|switch 6
|
|switch|p2a: Tauros|Tauros, L79|280\/280
|move|p1a: Mr. Mime|Thunder Wave|p2a: Tauros
|-status|p2a: Tauros|par
|
|turn|9
|c|★Jamie Fun|fuck
|c|★Jamie Fun|that was literally
|c|★Jamie Fun|the worst thing
|c|★Jamie Fun|I could have done
|choice|move 2|move 1
|
|move|p1a: Mr. Mime|Seismic Toss|p2a: Tauros
|-damage|p2a: Tauros|195\/280 par
|cant|p2a: Tauros|par
|
|turn|10
|c|★Judo|mew3 too stronk
|choice|move 4|move 1
|
|move|p1a: Mr. Mime|Psychic|p2a: Tauros
|-damage|p2a: Tauros|68\/280 par
|-unboost|p2a: Tauros|spd|1
|-unboost|p2a: Tauros|spa|1
|move|p2a: Tauros|Body Slam|p1a: Mr. Mime
|-damage|p1a: Mr. Mime|7\/242
|
|turn|11
|choice|move 4|move 3
|
|move|p1a: Mr. Mime|Psychic|p2a: Tauros
|-damage|p2a: Tauros|0 fnt
|faint|p2a: Tauros
|choice||switch 2
|
|switch|p2a: Rhydon|Rhydon, L79|328\/328
|turn|12
|choice|move 4|move 2
|
|move|p1a: Mr. Mime|Psychic|p2a: Rhydon
|-damage|p2a: Rhydon|174\/328
|move|p2a: Rhydon|Substitute|p2a: Rhydon
|-start|p2a: Rhydon|Substitute
|-damage|p2a: Rhydon|92\/328
|
|turn|13
|c|★Jamie Fun|my lord
|c|★Jamie Fun|47%
|choice|move 4|move 3
|
|move|p1a: Mr. Mime|Psychic|p2a: Rhydon
|-end|p2a: Rhydon|Substitute
|move|p2a: Rhydon|Earthquake|p1a: Mr. Mime
|-damage|p1a: Mr. Mime|0 fnt
|faint|p1a: Mr. Mime
|c|★Judo|mew3 plz ban
|c|★Jamie Fun|you really are fucking this up big time aren't you
|choice|switch 6|
|
|switch|p1a: Cloyster|Cloyster, L83|253\/253
|turn|14
|c|★Jamie Fun|shut up Boyt :P
|c|★Jamie Fun|she’s too good at this
|choice|move 3|move 4
|
|move|p1a: Cloyster|Surf|p2a: Rhydon
|-supereffective|p2a: Rhydon
|-damage|p2a: Rhydon|0 fnt
|faint|p2a: Rhydon
|c|★Jamie Fun|Still no Boyt
|choice||switch 3
|
|switch|p2a: Lapras|Lapras, L79|367\/367
|turn|15
|c|★Judo|your killing me XD
|choice|move 2|move 3
|
|move|p1a: Cloyster|Toxic|p2a: Lapras
|-status|p2a: Lapras|tox
|move|p2a: Lapras|Thunderbolt|p1a: Cloyster
|-supereffective|p1a: Cloyster
|-damage|p1a: Cloyster|123\/253
|-damage|p2a: Lapras|345\/367 tox|[from] tox|[of] p1a: Cloyster
|
|turn|16
|choice|switch 5|move 3
|
|switch|p1a: Graveler|Graveler, L85|267\/267
|move|p2a: Lapras|Thunderbolt|p1a: Graveler
|-immune|p1a: Graveler|[msg]
|-damage|p2a: Lapras|301\/367 tox|[from] tox|[of] p1a: Graveler
|
|turn|17
|c|★Jamie Fun|Yep, you scuk
|c|★Jamie Fun|suck
|c|★Jamie Fun|obvious play was obvious
|c|★Jamie Fun|obviously
|c|★Judo|trolling you so bad
|c|★Jamie Fun|boyt
|c|★Jamie Fun|you didn’t even make the onyx comment
|c|★Jamie Fun|come on now
|c|★Jamie Fun|I was waaaay smoother
|c|★Jamie Fun|XD
|choice|switch 5|move 1
|
|switch|p1a: Cloyster|Cloyster, L83|123\/253
|move|p2a: Lapras|Blizzard|p1a: Cloyster
|-resisted|p1a: Cloyster
|-damage|p1a: Cloyster|94\/253
|-damage|p2a: Lapras|235\/367 tox|[from] tox|[of] p1a: Cloyster
|
|turn|18
|choice|move 4|move 3
|
|move|p1a: Cloyster|Hyper Beam|p2a: Lapras
|-damage|p2a: Lapras|115\/367 tox
|move|p2a: Lapras|Thunderbolt|p1a: Cloyster
|-supereffective|p1a: Cloyster
|-damage|p1a: Cloyster|0 fnt
|faint|p1a: Cloyster
|c|★Jamie Fun|stop poison atalling me
|c|★Jamie Fun|!data onix
|c|~|\/data-pokemon Onix

|c|★Jamie Fun|thats how its spelt
|c|★Jamie Fun|!data cloyster
|c|~|\/data-pokemon Cloyster

|choice|switch 2|
|
|switch|p1a: Kangaskhan|Kangaskhan, L85|352\/352
|turn|19
|choice|move 1|move 4
|
|move|p1a: Kangaskhan|Body Slam|p2a: Lapras
|-crit|p2a: Lapras
|-damage|p2a: Lapras|0 fnt
|faint|p2a: Lapras
|c|★Jamie Fun|FUCK
|c|★Jamie Fun|I clicked rest
|c|★Jamie Fun|efhiqudgyuSUYGqsDUVaqA
|choice||switch 4
|
|switch|p2a: Zapdos|Zapdos, L79|220\/304
|turn|20
|c|★Judo|the poison troll was just too funny XD
|choice|move 1|move 3
|
|move|p1a: Kangaskhan|Body Slam|p2a: Zapdos
|-damage|p2a: Zapdos|116\/304
|-status|p2a: Zapdos|par
|cant|p2a: Zapdos|par
|
|turn|21
|c|★Judo|too pro
|c|★Jamie Fun|I WENT FOR TWAVE
|c|★Jamie Fun|that’s so ironic
|c|★Judo|i told you body slam 4 dayz
|c|★Jamie Fun|and literally my last 23456789 body slams didn’t para
|c|★Jamie Fun|hacker
|c|★Judo|its the only move in this format cept hyper beam
|choice|move 1|move 3
|
|move|p1a: Kangaskhan|Body Slam|p2a: Zapdos
|-damage|p2a: Zapdos|22\/304 par
|cant|p2a: Zapdos|par
|
|turn|22
|c|★Judo|bwagaggahahahahahahha
|choice|move 1|move 3
|
|move|p1a: Kangaskhan|Body Slam|p2a: Zapdos
|-damage|p2a: Zapdos|0 fnt
|faint|p2a: Zapdos
|choice||switch 6
|
|switch|p2a: Mewtwo|Mewtwo, L70|293\/293
|turn|23
|choice|move 1|move 2
|
|move|p2a: Mewtwo|Thunder Wave|p1a: Kangaskhan
|-status|p1a: Kangaskhan|par
|cant|p1a: Kangaskhan|par
|
|turn|24
|c|★Jamie Fun|ban Kang
|choice|move 1|move 4
|
|move|p2a: Mewtwo|Barrier|p2a: Mewtwo
|-boost|p2a: Mewtwo|def|2
|move|p1a: Kangaskhan|Body Slam|p2a: Mewtwo
|-damage|p2a: Mewtwo|237\/293
|
|turn|25
|c|★Judo|kang vgc99
|choice|move 1|move 4
|
|move|p2a: Mewtwo|Barrier|p2a: Mewtwo
|-boost|p2a: Mewtwo|def|2
|move|p1a: Kangaskhan|Body Slam|p2a: Mewtwo
|-crit|p2a: Mewtwo
|-damage|p2a: Mewtwo|22\/293
|
|turn|26
|c|★Jamie Fun|wersdtguyioqwFDGSYIoq
|c|★Jamie Fun|Greedy
|c|★Judo|SUPER MEGA CRITTTTTT
|c|★Jamie Fun|What were you thinking?
|choice|move 4|move 1
|
|move|p2a: Mewtwo|Psychic|p1a: Kangaskhan
|-damage|p1a: Kangaskhan|219\/352 par
|-unboost|p1a: Kangaskhan|spd|1
|-unboost|p1a: Kangaskhan|spa|1
|move|p1a: Kangaskhan|Surf|p2a: Mewtwo
|-damage|p2a: Mewtwo|0 fnt
|faint|p2a: Mewtwo
|
|win|Judo
|player|p1
|player|p2
|c|★Jamie Fun|winning
|c|★Jamie Fun|whout crits
|c|★Judo|SURF KANG
|c|★Jamie Fun|well
|c|★Judo|GG
|c|★Jamie Fun|I got stomped on
|c|★Jamie Fun|GG