|join|spence test
|join|Giju
|player|p1|spence test|1
|player|p2|Giju|163
|gametype|singles
|gen|1
|tier|[Gen 1] OU (beta)
|rated
|rule|Sleep Clause Mod: Limit one foe put to sleep
|rule|Species Clause: Limit one of each Pokémon
|rule|OHKO Clause: OHKO moves are banned
|rule|Evasion Moves Clause: Evasion moves are banned
|rule|HP Percentage Mod: HP is shown in percentages
|
|start
|switch|p1a: Exeggutor|Exeggutor|393\/393
|switch|p2a: Jynx|Jynx|333\/333
|turn|1
|
|switch|p1a: Alakazam|Alakazam|313\/313
|move|p2a: Jynx|Lovely Kiss|p1a: Alakazam
|-status|p1a: Alakazam|slp
|
|turn|2
|c|★Giju|hi :)
|
|cant|p1a: Alakazam|slp
|move|p2a: Jynx|Reflect|p2a: Jynx
|
|turn|3
|
|cant|p1a: Alakazam|slp
|move|p2a: Jynx|Psychic|p1a: Alakazam
|-resisted|p1a: Alakazam
|-damage|p1a: Alakazam|273\/313 slp
|-unboost|p1a: Alakazam|spd|1
|-unboost|p1a: Alakazam|spa|1
|
|turn|4
|
|switch|p1a: Chansey|Chansey|703\/703
|switch|p2a: Tauros|Tauros|353\/353
|
|turn|5
|
|switch|p2a: Hypno|Hypno|373\/373
|move|p1a: Chansey|Ice Beam|p2a: Hypno
|-damage|p2a: Hypno|302\/373
|
|turn|6
|
|move|p2a: Hypno|Headbutt|p1a: Chansey
|-crit|p1a: Chansey
|-damage|p1a: Chansey|468\/703
|cant|p1a: Chansey|flinch
|
|turn|7
|
|move|p2a: Hypno|Thunder Wave|p1a: Chansey
|-status|p1a: Chansey|par
|cant|p1a: Chansey|par
|
|turn|8
|
|move|p2a: Hypno|Headbutt|p1a: Chansey
|-damage|p1a: Chansey|355\/703 par
|cant|p1a: Chansey|par
|
|turn|9
|
|move|p2a: Hypno|Headbutt|p1a: Chansey
|-damage|p1a: Chansey|232\/703 par
|move|p1a: Chansey|Soft-Boiled|p1a: Chansey
|-heal|p1a: Chansey|583\/703 par
|
|turn|10
|
|move|p2a: Hypno|Psychic|p1a: Chansey
|-damage|p1a: Chansey|463\/703 par
|move|p1a: Chansey|Ice Beam|p2a: Hypno
|-damage|p2a: Hypno|230\/373
|
|turn|11
|
|switch|p2a: Tauros|Tauros|353\/353
|move|p1a: Chansey|Soft-Boiled|p1a: Chansey
|-heal|p1a: Chansey|703\/703 par
|
|turn|12
|
|move|p2a: Tauros|Body Slam|p1a: Chansey
|-damage|p1a: Chansey|423\/703 par
|move|p1a: Chansey|Ice Beam|p2a: Tauros
|-damage|p2a: Tauros|259\/353
|
|turn|13
|
|switch|p1a: Cloyster|Cloyster|303\/303
|move|p2a: Tauros|Body Slam|p1a: Cloyster
|-damage|p1a: Cloyster|242\/303
|
|turn|14
|
|move|p2a: Tauros|Body Slam|p1a: Cloyster
|-damage|p1a: Cloyster|178\/303
|-status|p1a: Cloyster|par
|move|p1a: Cloyster|Clamp|p2a: Tauros
|-crit|p2a: Tauros
|-damage|p2a: Tauros|165\/353
|-activate|p2a: Tauros|move: Clamp|[of] p1a: Cloyster
|
|turn|15
|
|switch|p2a: Starmie|Starmie|323\/323
|move|p1a: Cloyster|Clamp|p2a: Starmie
|-resisted|p2a: Starmie
|-damage|p2a: Starmie|303\/323
|-activate|p2a: Starmie|move: Clamp|[of] p1a: Cloyster
|
|turn|16
|
|switch|p1a: Snorlax|Snorlax|523\/523
|cant|p2a: Starmie|partiallytrapped
|
|-end|p2a: Starmie|Clamp|[partiallytrapped]
|turn|17
|
|move|p2a: Starmie|Thunder Wave|p1a: Snorlax
|-status|p1a: Snorlax|par
|move|p1a: Snorlax|Body Slam|p2a: Starmie
|-damage|p2a: Starmie|174\/323
|
|turn|18
|
|switch|p2a: Golem|Golem|363\/363
|move|p1a: Snorlax|Body Slam|p2a: Golem
|-resisted|p2a: Golem
|-damage|p2a: Golem|316\/363
|
|turn|19
|
|switch|p2a: Jynx|Jynx|333\/333
|switch|p1a: Exeggutor|Exeggutor|393\/393
|
|turn|20
|
|switch|p1a: Chansey|Chansey|423\/703 par
|move|p2a: Jynx|Blizzard|p1a: Chansey
|-crit|p1a: Chansey
|-damage|p1a: Chansey|138\/703 par
|
|turn|21
|
|move|p2a: Jynx|Psychic|p1a: Chansey
|-damage|p1a: Chansey|39\/703 par
|move|p1a: Chansey|Soft-Boiled|p1a: Chansey
|-heal|p1a: Chansey|390\/703 par
|
|turn|22
|
|switch|p2a: Tauros|Tauros|165\/353
|move|p1a: Chansey|Soft-Boiled|p1a: Chansey
|-heal|p1a: Chansey|703\/703 par
|
|turn|23
|
|move|p2a: Tauros|Body Slam|p1a: Chansey
|-damage|p1a: Chansey|447\/703 par
|move|p1a: Chansey|Thunder Wave|p2a: Tauros
|-status|p2a: Tauros|par
|
|turn|24
|
|switch|p1a: Cloyster|Cloyster|178\/303 par
|move|p2a: Tauros|Body Slam|p1a: Cloyster
|-damage|p1a: Cloyster|107\/303 par
|
|turn|25
|
|cant|p2a: Tauros|par
|move|p1a: Cloyster|Blizzard|p2a: Tauros
|-crit|p2a: Tauros
|-damage|p2a: Tauros|0 fnt
|faint|p2a: Tauros
|
|switch|p2a: Persian|Persian|333\/333
|turn|26
|
|move|p2a: Persian|Thunderbolt|p1a: Cloyster
|-supereffective|p1a: Cloyster
|-damage|p1a: Cloyster|0 fnt
|faint|p1a: Cloyster
|
|switch|p1a: Exeggutor|Exeggutor|393\/393
|turn|27
|
|switch|p2a: Starmie|Starmie|174\/323
|move|p1a: Exeggutor|Stun Spore|p2a: Starmie
|-status|p2a: Starmie|par
|
|turn|28
|
|move|p1a: Exeggutor|Psychic|p2a: Starmie
|-resisted|p2a: Starmie
|-damage|p2a: Starmie|116\/323 par
|move|p2a: Starmie|Recover|p2a: Starmie
|-heal|p2a: Starmie|277\/323 par
|
|turn|29
|
|switch|p1a: Chansey|Chansey|447\/703 par
|move|p2a: Starmie|Blizzard|p1a: Chansey
|-damage|p1a: Chansey|351\/703 par
|
|turn|30
|
|switch|p2a: Golem|Golem|316\/363
|move|p1a: Chansey|Soft-Boiled|p1a: Chansey
|-heal|p1a: Chansey|702\/703 par
|
|turn|31
|
|move|p2a: Golem|Earthquake|p1a: Chansey
|-damage|p1a: Chansey|352\/703 par
|cant|p1a: Chansey|par
|
|turn|32
|
|switch|p1a: Exeggutor|Exeggutor|393\/393
|move|p2a: Golem|Earthquake|p1a: Exeggutor
|-resisted|p1a: Exeggutor
|-damage|p1a: Exeggutor|321\/393
|
|turn|33
|
|switch|p2a: Hypno|Hypno|230\/373
|move|p1a: Exeggutor|Psychic|p2a: Hypno
|-resisted|p2a: Hypno
|-damage|p2a: Hypno|177\/373
|
|turn|34
|
|move|p2a: Hypno|Psychic|p1a: Exeggutor
|-resisted|p1a: Exeggutor
|-damage|p1a: Exeggutor|275\/393
|move|p1a: Exeggutor|Sleep Powder|p2a: Hypno
|-status|p2a: Hypno|slp
|
|turn|35
|
|cant|p2a: Hypno|slp
|move|p1a: Exeggutor|Psychic|p2a: Hypno
|-resisted|p2a: Hypno
|-damage|p2a: Hypno|120\/373 slp
|
|turn|36
|
|switch|p2a: Jynx|Jynx|333\/333
|move|p1a: Exeggutor|Psychic|p2a: Jynx
|-resisted|p2a: Jynx
|-damage|p2a: Jynx|267\/333
|
|turn|37
|
|switch|p1a: Chansey|Chansey|352\/703 par
|move|p2a: Jynx|Blizzard|p1a: Chansey
|-damage|p1a: Chansey|214\/703 par
|
|turn|38
|
|switch|p2a: Starmie|Starmie|277\/323 par
|move|p1a: Chansey|Soft-Boiled|p1a: Chansey
|-heal|p1a: Chansey|565\/703 par
|
|turn|39
|
|switch|p2a: Golem|Golem|316\/363
|move|p1a: Chansey|Thunderbolt|p2a: Golem
|-immune|p2a: Golem|[msg]
|
|turn|40
|
|move|p2a: Golem|Explosion|p1a: Chansey
|-crit|p1a: Chansey
|-damage|p1a: Chansey|0 fnt
|faint|p1a: Chansey
|faint|p2a: Golem
|
|switch|p2a: Jynx|Jynx|267\/333
|switch|p1a: Snorlax|Snorlax|523\/523 par
|turn|41
|
|move|p2a: Jynx|Reflect|p2a: Jynx
|move|p1a: Snorlax|Hyper Beam|p2a: Jynx
|-crit|p2a: Jynx
|-damage|p2a: Jynx|0 fnt
|faint|p2a: Jynx
|c|★spence test|lol
|c|★Giju|:(
|
|switch|p2a: Persian|Persian|333\/333
|turn|42
|
|move|p2a: Persian|Slash|p1a: Snorlax
|-crit|p1a: Snorlax
|-damage|p1a: Snorlax|359\/523 par
|move|p1a: Snorlax|Self-Destruct|p2a: Persian
|-damage|p2a: Persian|0 fnt
|faint|p2a: Persian
|faint|p1a: Snorlax
|
|switch|p2a: Starmie|Starmie|277\/323 par
|switch|p1a: Exeggutor|Exeggutor|275\/393
|turn|43
|
|move|p1a: Exeggutor|Psychic|p2a: Starmie
|-resisted|p2a: Starmie
|-damage|p2a: Starmie|221\/323 par
|move|p2a: Starmie|Blizzard|p1a: Exeggutor|[miss]
|-miss|p2a: Starmie
|
|turn|44
|
|move|p1a: Exeggutor|Psychic|p2a: Starmie
|-resisted|p2a: Starmie
|-damage|p2a: Starmie|161\/323 par
|-unboost|p2a: Starmie|spd|1
|-unboost|p2a: Starmie|spa|1
|cant|p2a: Starmie|par
|
|turn|45
|
|move|p1a: Exeggutor|Explosion|p2a: Starmie
|-damage|p2a: Starmie|0 fnt
|faint|p2a: Starmie
|faint|p1a: Exeggutor
|
|switch|p1a: Tauros|Tauros|353\/353
|switch|p2a: Hypno|Hypno|120\/373 slp
|turn|46
|c|★Giju|gg
|
|move|p1a: Tauros|Body Slam|p2a: Hypno
|-damage|p2a: Hypno|0 fnt
|faint|p2a: Hypno
|
|win|spence test
|raw|Ladder updating...
|c|★spence test|gg
|c|★Giju|sry 4 being nab...
|raw|spence test's rating: 1394 &rarr; <strong>1404<\/strong><br \/>(+10 for winning)
|raw|Giju's rating: 1200 &rarr; <strong>1187<\/strong><br \/>(-13 for losing)