|join|AitorMaster
|join|ILikeThePokes
|player|p1|AitorMaster|92
|player|p2|ILikeThePokes|113
|gametype|singles
|gen|1
|tier|[Gen 1] Random Battle
|rated
|seed|54808,49686,42074,28689
|rule|Sleep Clause Mod: Limit one foe put to sleep
|rule|Freeze Clause Mod: Limit one foe frozen
|rule|HP Percentage Mod: HP is shown in percentages
|
|start
|switch|p1a: Nidoking|Nidoking, L85|311\/311
|switch|p2a: Metapod|Metapod, L99|300\/300
|turn|1
|choice|switch 2|move 1
|
|switch|p1a: Paras|Paras, L96|262\/262
|move|p2a: Metapod|String Shot|p1a: Paras
|-unboost|p1a: Paras|spe|1
|
|turn|2
|choice|move 4|move 3
|
|move|p2a: Metapod|Tackle|p1a: Paras
|-damage|p1a: Paras|244\/262
|move|p1a: Paras|Double-Edge|p2a: Metapod
|-damage|p2a: Metapod|215\/300
|-damage|p1a: Paras|223\/262|[from] recoil|[of] p2a: Metapod
|
|turn|3
|choice|move 1|move 3
|
|move|p2a: Metapod|Tackle|p1a: Paras
|-damage|p1a: Paras|203\/262
|move|p1a: Paras|Body Slam|p2a: Metapod
|-damage|p2a: Metapod|149\/300
|
|turn|4
|choice|move 4|move 3
|
|move|p2a: Metapod|Tackle|p1a: Paras
|-damage|p1a: Paras|185\/262
|move|p1a: Paras|Double-Edge|p2a: Metapod
|-damage|p2a: Metapod|68\/300
|-damage|p1a: Paras|165\/262|[from] recoil|[of] p2a: Metapod
|
|turn|5
|choice|move 4|move 3
|
|move|p2a: Metapod|Tackle|p1a: Paras
|-damage|p1a: Paras|146\/262
|move|p1a: Paras|Double-Edge|p2a: Metapod
|-damage|p2a: Metapod|0 fnt
|-damage|p1a: Paras|129\/262|[from] recoil|[of] p2a: Metapod
|faint|p2a: Metapod
|choice||switch 3
|
|switch|p2a: Farfetch'd|Farfetch'd, L99|304\/304
|turn|6
|choice|move 3|move 1
|
|move|p2a: Farfetch'd|Slash|p1a: Paras
|-crit|p1a: Paras
|-damage|p1a: Paras|0 fnt
|faint|p1a: Paras
|choice|switch 2|
|
|switch|p1a: Nidoking|Nidoking, L85|311\/311
|turn|7
|choice|move 2|switch 4
|
|switch|p2a: Omastar|Omastar, L90|309\/309
|move|p1a: Nidoking|Blizzard|p2a: Omastar
|-resisted|p2a: Omastar
|-damage|p2a: Omastar|280\/309
|
|turn|8
|choice|switch 4|move 3
|
|switch|p1a: Machoke|Machoke, L85|310\/310
|move|p2a: Omastar|Surf|p1a: Machoke
|-damage|p1a: Machoke|135\/310
|
|turn|9
|choice|move 4|move 3
|
|move|p2a: Omastar|Surf|p1a: Machoke
|-crit|p1a: Machoke
|-damage|p1a: Machoke|0 fnt
|faint|p1a: Machoke
|choice|switch 5|
|
|switch|p1a: Omastar|Omastar, L90|309\/309
|turn|10
|choice|move 3|move 3
|
|move|p1a: Omastar|Seismic Toss|p2a: Omastar
|-damage|p2a: Omastar|190\/309
|move|p2a: Omastar|Surf|p1a: Omastar
|-damage|p1a: Omastar|204\/309
|
|turn|11
|choice|move 3|move 3
|
|move|p1a: Omastar|Seismic Toss|p2a: Omastar
|-damage|p2a: Omastar|100\/309
|move|p2a: Omastar|Surf|p1a: Omastar
|-damage|p1a: Omastar|107\/309
|
|turn|12
|choice|move 3|move 4
|
|move|p2a: Omastar|Rest|p2a: Omastar
|-status|p2a: Omastar|slp
|-heal|p2a: Omastar|309\/309 slp|[silent]
|-status|p2a: Omastar|slp|[from] move: Rest
|move|p1a: Omastar|Seismic Toss|p2a: Omastar
|-damage|p2a: Omastar|219\/309 slp
|
|turn|13
|choice|move 3|move 3
|
|cant|p2a: Omastar|slp
|move|p1a: Omastar|Seismic Toss|p2a: Omastar
|-damage|p2a: Omastar|129\/309 slp
|
|turn|14
|choice|move 3|move 3
|
|-curestatus|p2a: Omastar|slp
|move|p1a: Omastar|Seismic Toss|p2a: Omastar
|-damage|p2a: Omastar|39\/309
|
|turn|15
|choice|move 3|move 4
|
|move|p1a: Omastar|Seismic Toss|p2a: Omastar
|-damage|p2a: Omastar|0 fnt
|faint|p2a: Omastar
|choice||switch 6
|
|switch|p2a: Mewtwo|Mewtwo, L70|293\/293
|turn|16
|choice|move 4|move 3
|
|move|p2a: Mewtwo|Thunderbolt|p1a: Omastar
|-supereffective|p1a: Omastar
|-damage|p1a: Omastar|0 fnt
|faint|p1a: Omastar
|choice|switch 3|
|
|switch|p1a: Kadabra|Kadabra, L85|242\/242
|turn|17
|choice|move 4|move 2
|
|move|p1a: Kadabra|Thunder Wave|p2a: Mewtwo
|-status|p2a: Mewtwo|par
|move|p2a: Mewtwo|Thunder Wave|p1a: Kadabra
|-status|p1a: Kadabra|par
|
|turn|18
|choice|move 3|switch 2
|
|switch|p2a: Exeggutor|Exeggutor, L79|312\/312
|cant|p1a: Kadabra|par
|
|turn|19
|choice|move 1|move 4
|
|move|p2a: Exeggutor|Egg Bomb|p1a: Kadabra
|-damage|p1a: Kadabra|140\/242 par
|cant|p1a: Kadabra|par
|
|turn|20
|choice|switch 6|move 4
|
|switch|p1a: Jynx|Jynx, L79|265\/265
|move|p2a: Exeggutor|Egg Bomb|p1a: Jynx|[miss]
|-miss|p2a: Exeggutor
|
|turn|21
|choice|move 4|move 2
|
|move|p1a: Jynx|Blizzard|p2a: Exeggutor
|-supereffective|p2a: Exeggutor
|-damage|p2a: Exeggutor|133\/312
|move|p2a: Exeggutor|Explosion|p1a: Jynx|[miss]
|-miss|p2a: Exeggutor
|faint|p2a: Exeggutor
|choice||switch 2
|
|switch|p2a: Mewtwo|Mewtwo, L70|293\/293 par
|turn|22
|choice|move 4|move 2
|
|move|p1a: Jynx|Blizzard|p2a: Mewtwo
|-damage|p2a: Mewtwo|204\/293 par
|move|p2a: Mewtwo|Thunder Wave|p1a: Jynx
|-status|p1a: Jynx|par
|
|turn|23
|choice|move 1|move 3
|
|move|p2a: Mewtwo|Thunderbolt|p1a: Jynx
|-damage|p1a: Jynx|195\/265 par
|move|p1a: Jynx|Psychic|p2a: Mewtwo
|-resisted|p2a: Mewtwo
|-damage|p2a: Mewtwo|174\/293 par
|
|turn|24
|choice|move 4|move 3
|
|move|p2a: Mewtwo|Thunderbolt|p1a: Jynx
|-damage|p1a: Jynx|130\/265 par
|move|p1a: Jynx|Blizzard|p2a: Mewtwo
|-damage|p2a: Mewtwo|89\/293 par
|
|turn|25
|choice|move 4|move 3
|
|move|p2a: Mewtwo|Thunderbolt|p1a: Jynx
|-damage|p1a: Jynx|64\/265 par
|move|p1a: Jynx|Blizzard|p2a: Mewtwo
|-damage|p2a: Mewtwo|0 fnt
|faint|p2a: Mewtwo
|choice||switch 4
|
|switch|p2a: Farfetch'd|Farfetch'd, L99|304\/304
|turn|26
|choice|move 4|move 1
|
|move|p2a: Farfetch'd|Slash|p1a: Jynx
|-crit|p1a: Jynx
|-damage|p1a: Jynx|0 fnt
|faint|p1a: Jynx
|choice|switch 6|
|
|switch|p1a: Kadabra|Kadabra, L85|140\/242 par
|turn|27
|choice|move 4|move 1
|
|move|p2a: Farfetch'd|Slash|p1a: Kadabra
|-crit|p1a: Kadabra
|-damage|p1a: Kadabra|0 fnt
|faint|p1a: Kadabra
|choice|switch 4|
|
|switch|p1a: Nidoking|Nidoking, L85|311\/311
|turn|28
|choice|move 3|move 1
|
|move|p1a: Nidoking|Thunder|p2a: Farfetch'd
|-supereffective|p2a: Farfetch'd
|-damage|p2a: Farfetch'd|143\/304
|move|p2a: Farfetch'd|Slash|p1a: Nidoking
|-crit|p1a: Nidoking
|-damage|p1a: Nidoking|156\/311
|
|turn|29
|choice|move 2|move 1
|
|move|p1a: Nidoking|Blizzard|p2a: Farfetch'd
|-supereffective|p2a: Farfetch'd
|-damage|p2a: Farfetch'd|0 fnt
|faint|p2a: Farfetch'd
|choice||switch 5
|
|switch|p2a: Ditto|Ditto, L99|296\/296
|turn|30
|choice|move 1|move 1
|
|move|p1a: Nidoking|Earthquake|p2a: Ditto
|-crit|p2a: Ditto
|-damage|p2a: Ditto|33\/296
|move|p2a: Ditto|Transform|p1a: Nidoking
|-transform|p2a: Ditto|p1a: Nidoking
|
|turn|31
|choice|move 1|move 1
|
|move|p1a: Nidoking|Earthquake|p2a: Ditto
|-crit|p2a: Ditto
|-supereffective|p2a: Ditto
|-damage|p2a: Ditto|0 fnt
|faint|p2a: Ditto
|
|win|AitorMaster
|raw|AitorMaster's rating: 1279 &rarr; <strong>1290<\/strong><br \/>(+11 for winning)
|raw|ILikeThePokes's rating: 1057 &rarr; <strong>1049<\/strong><br \/>(-8 for losing)