|join|amaniania
|join|Arkaes
|player|p1|amaniania|201
|player|p2|Arkaes|54
|gametype|singles
|gen|1
|tier|[Gen 1] Random Battle
|rule|Sleep Clause Mod: Limit one foe put to sleep
|rule|Freeze Clause Mod: Limit one foe frozen
|rule|HP Percentage Mod: HP is shown in percentages
|
|start
|switch|p1a: Weepinbell|Weepinbell, L85|284\/284
|switch|p2a: Snorlax|Snorlax, L79|415\/415
|turn|1
|c|★Arkaes|gl
|c|★amaniania|be careful, i scouted your whole team last game
|c|★amaniania|gl lol
|c|★Arkaes|2sppoky5me
|
|move|p1a: Weepinbell|Sleep Powder|p2a: Snorlax
|-status|p2a: Snorlax|slp
|cant|p2a: Snorlax|slp
|
|turn|2
|
|switch|p2a: Rapidash|Rapidash, L90|300\/300
|move|p1a: Weepinbell|Razor Leaf|p2a: Rapidash
|-crit|p2a: Rapidash
|-resisted|p2a: Rapidash
|-damage|p2a: Rapidash|247\/300
|
|turn|3
|
|switch|p1a: Seel|Seel, L96|320\/320
|move|p2a: Rapidash|Substitute|p2a: Rapidash
|-start|p2a: Rapidash|Substitute
|-damage|p2a: Rapidash|172\/300
|
|turn|4
|
|move|p2a: Rapidash|Body Slam|p1a: Seel
|-crit|p1a: Seel
|-damage|p1a: Seel|168\/320
|move|p1a: Seel|Surf|p2a: Rapidash
|-crit|p2a: Rapidash
|-supereffective|p2a: Rapidash
|-end|p2a: Rapidash|Substitute
|
|turn|5
|
|switch|p2a: Poliwrath|Poliwrath, L85|327\/327
|move|p1a: Seel|Blizzard|p2a: Poliwrath
|-resisted|p2a: Poliwrath
|-damage|p2a: Poliwrath|274\/327
|
|turn|6
|join|the one and onlt
|
|switch|p1a: Magneton|Magneton, L90|273\/273
|move|p2a: Poliwrath|Submission|p1a: Magneton
|-damage|p1a: Magneton|196\/273
|-damage|p2a: Poliwrath|255\/327|[from] recoil|[of] p1a: Magneton
|
|turn|7
|
|switch|p2a: Rapidash|Rapidash, L90|172\/300
|move|p1a: Magneton|Thunder Wave|p2a: Rapidash
|-status|p2a: Rapidash|par
|
|turn|8
|
|move|p1a: Magneton|Thunderbolt|p2a: Rapidash
|-damage|p2a: Rapidash|44\/300 par
|move|p2a: Rapidash|Fire Blast|p1a: Magneton
|-crit|p1a: Magneton
|-damage|p1a: Magneton|15\/273
|-status|p1a: Magneton|brn
|
|turn|9
|
|move|p1a: Magneton|Thunderbolt|p2a: Rapidash
|-crit|p2a: Rapidash
|-damage|p2a: Rapidash|0 fnt
|faint|p2a: Rapidash
|c| the one and onlt|why is like no one here
|c|★Arkaes|because this is old gens room
|c|★amaniania|why would they be?
|c|★amaniania|its just a gen 1 randbats tourney
|c| the one and onlt|its a final
|c| the one and onlt|still
|
|switch|p2a: Alakazam|Alakazam, L79|249\/249
|turn|10
|
|move|p2a: Alakazam|Seismic Toss|p1a: Magneton
|-damage|p1a: Magneton|0 fnt
|faint|p1a: Magneton
|c|★amaniania|and I dunno about arkaes
|c|★amaniania|but I'm just some random dude
|c|★Arkaes|ive never been around old gens room
|
|switch|p1a: Flareon|Flareon, L90|300\/300
|turn|11
|c|★Arkaes|if this was cap project maybe people would be here
|
|move|p2a: Alakazam|Psychic|p1a: Flareon
|-damage|p1a: Flareon|221\/300
|move|p1a: Flareon|Body Slam|p2a: Alakazam
|-damage|p2a: Alakazam|121\/249
|-status|p2a: Alakazam|par
|
|turn|12
|
|move|p1a: Flareon|Body Slam|p2a: Alakazam
|-damage|p2a: Alakazam|0 fnt
|faint|p2a: Alakazam
|c|★Arkaes|alakazam chill out with your defense buddy
|
|switch|p2a: Poliwrath|Poliwrath, L85|255\/327
|turn|13
|c|★amaniania|this thing's attack never ceases to amaze me
|c|★amaniania|322 attack in randbats lol
|
|switch|p1a: Weepinbell|Weepinbell, L85|284\/284
|move|p2a: Poliwrath|Submission|p1a: Weepinbell|[miss]
|-miss|p2a: Poliwrath
|
|turn|14
|c|★Arkaes|nice
|
|move|p2a: Poliwrath|Blizzard|p1a: Weepinbell
|-supereffective|p1a: Weepinbell
|-damage|p1a: Weepinbell|129\/284
|move|p1a: Weepinbell|Stun Spore|p2a: Poliwrath
|-status|p2a: Poliwrath|par
|
|turn|15
|c|★amaniania|beware the weepinbell and its 3 status moves
|
|move|p1a: Weepinbell|Razor Leaf|p2a: Poliwrath
|-crit|p2a: Poliwrath
|-supereffective|p2a: Poliwrath
|-damage|p2a: Poliwrath|0 fnt
|faint|p2a: Poliwrath
|
|switch|p2a: Snorlax|Snorlax, L79|415\/415 slp
|turn|16
|c| the one and onlt|hate cap
|
|move|p1a: Weepinbell|Razor Leaf|p2a: Snorlax
|-damage|p2a: Snorlax|341\/415 slp
|cant|p2a: Snorlax|slp
|
|turn|17
|
|move|p1a: Weepinbell|Razor Leaf|p2a: Snorlax
|-crit|p2a: Snorlax
|-damage|p2a: Snorlax|203\/415 slp
|cant|p2a: Snorlax|slp
|
|turn|18
|
|move|p1a: Weepinbell|Razor Leaf|p2a: Snorlax
|-crit|p2a: Snorlax
|-damage|p2a: Snorlax|70\/415 slp
|-curestatus|p2a: Snorlax|slp
|
|turn|19
|
|move|p1a: Weepinbell|Razor Leaf|p2a: Snorlax
|-damage|p2a: Snorlax|6\/415
|move|p2a: Snorlax|Ice Beam|p1a: Weepinbell
|-supereffective|p1a: Weepinbell
|-damage|p1a: Weepinbell|31\/284
|
|turn|20
|
|move|p1a: Weepinbell|Razor Leaf|p2a: Snorlax
|-crit|p2a: Snorlax
|-damage|p2a: Snorlax|0 fnt
|faint|p2a: Snorlax
|
|switch|p2a: Scyther|Scyther, L90|309\/309
|turn|21
|
|move|p2a: Scyther|Slash|p1a: Weepinbell
|-crit|p1a: Weepinbell
|-damage|p1a: Weepinbell|0 fnt
|faint|p1a: Weepinbell
|
|switch|p1a: Chansey|Chansey, L79|557\/557
|turn|22
|
|move|p2a: Scyther|Swords Dance|p2a: Scyther
|-boost|p2a: Scyther|atk|2
|move|p1a: Chansey|Counter|p2a: Scyther
|-fail|p1a: Chansey
|
|turn|23
|
|move|p2a: Scyther|Hyper Beam|p1a: Chansey
|-damage|p1a: Chansey|0 fnt
|faint|p1a: Chansey
|c|★Arkaes|rip
|
|switch|p1a: Flareon|Flareon, L90|221\/300
|turn|24
|c|★amaniania|the throws
|
|move|p2a: Scyther|Hyper Beam|p1a: Flareon
|-damage|p1a: Flareon|0 fnt
|faint|p1a: Flareon
|c|★Arkaes|scyther op
|
|switch|p1a: Seel|Seel, L96|168\/320
|turn|25
|c|★amaniania|the throwwwwwws
|
|move|p2a: Scyther|Hyper Beam|p1a: Seel
|-crit|p1a: Seel
|-damage|p1a: Seel|0 fnt
|faint|p1a: Seel
|c|★Arkaes|gg
|
|switch|p1a: Machoke|Machoke, L85|310\/310
|turn|26
|c|★Arkaes|crit mattered
|c|★amaniania|gg lol
|
|move|p2a: Scyther|Hyper Beam|p1a: Machoke
|-damage|p1a: Machoke|0 fnt
|faint|p1a: Machoke
|
|win|Arkaes