|j|MetropolisJ
|j|triballllll
|player|p1|MetropolisJ|2
|player|p2|triballllll|156
|gametype|singles
|gen|1
|tier|[Gen 1] Random Battle
|rated
|seed|2979,44051,9565,43853
|rule|Sleep Clause Mod: Limit one foe put to sleep
|rule|Freeze Clause Mod: Limit one foe frozen
|rule|HP Percentage Mod: HP is shown in percentages
|
|start
|switch|p1a: Kadabra|Kadabra, L85|242\/242
|switch|p2a: Seaking|Seaking, L90|327\/327
|turn|1
|choice|move 3|switch 6
|
|switch|p2a: Chansey|Chansey, L79|557\/557
|move|p1a: Kadabra|Thunder Wave|p2a: Chansey
|-status|p2a: Chansey|par
|
|turn|2
|choice|switch 3|move 3
|
|switch|p1a: Machamp|Machamp, L90|345\/345
|cant|p2a: Chansey|par
|
|turn|3
|choice|move 3|switch 3
|
|switch|p2a: Weepinbell|Weepinbell, L85|284\/284
|move|p1a: Machamp|Earthquake|p2a: Weepinbell
|-damage|p2a: Weepinbell|154\/284
|
|turn|4
|choice|switch 3|move 4
|
|switch|p1a: Kadabra|Kadabra, L85|242\/242
|move|p2a: Weepinbell|Sleep Powder|p1a: Kadabra
|-status|p1a: Kadabra|slp
|
|turn|5
|choice|move 1|move 2
|
|cant|p1a: Kadabra|slp
|move|p2a: Weepinbell|Swords Dance|p2a: Weepinbell
|-boost|p2a: Weepinbell|atk|2
|
|turn|6
|choice|move 3|move 3
|
|cant|p1a: Kadabra|slp
|move|p2a: Weepinbell|Body Slam|p1a: Kadabra
|-damage|p1a: Kadabra|44\/242 slp
|
|turn|7
|choice|move 3|move 3
|
|-curestatus|p1a: Kadabra|slp
|move|p2a: Weepinbell|Body Slam|p1a: Kadabra
|-damage|p1a: Kadabra|0 fnt
|faint|p1a: Kadabra
|choice|switch 4|
|
|switch|p1a: Tentacruel|Tentacruel, L85|310\/310
|turn|8
|choice|move 3|move 4
|
|move|p1a: Tentacruel|Blizzard|p2a: Weepinbell
|-supereffective|p2a: Weepinbell
|-damage|p2a: Weepinbell|0 fnt
|faint|p2a: Weepinbell
|choice||switch 3
|
|switch|p2a: Chansey|Chansey, L79|557\/557 par
|turn|9
|choice|switch 2|move 2
|
|switch|p1a: Rhyhorn|Rhyhorn, L96|348\/348
|move|p2a: Chansey|Thunderbolt|p1a: Rhyhorn
|-immune|p1a: Rhyhorn|[msg]
|
|turn|10
|choice|move 3|move 4
|
|move|p1a: Rhyhorn|Substitute|p1a: Rhyhorn
|-start|p1a: Rhyhorn|Substitute
|-damage|p1a: Rhyhorn|261\/348
|move|p2a: Chansey|Ice Beam|p1a: Rhyhorn
|-supereffective|p1a: Rhyhorn
|-end|p1a: Rhyhorn|Substitute
|
|turn|11
|choice|move 2|move 4
|
|move|p1a: Rhyhorn|Earthquake|p2a: Chansey
|-damage|p2a: Chansey|226\/557 par
|move|p2a: Chansey|Ice Beam|p1a: Rhyhorn
|-supereffective|p1a: Rhyhorn
|-damage|p1a: Rhyhorn|70\/348
|
|turn|12
|choice|move 2|switch 4
|
|switch|p2a: Gyarados|Gyarados, L85|335\/335
|move|p1a: Rhyhorn|Earthquake|p2a: Gyarados
|-immune|p2a: Gyarados|[msg]
|
|turn|13
|choice|move 1|move 2
|
|move|p2a: Gyarados|Surf|p1a: Rhyhorn
|-supereffective|p1a: Rhyhorn
|-damage|p1a: Rhyhorn|0 fnt
|faint|p1a: Rhyhorn
|choice|switch 5|
|
|switch|p1a: Magneton|Magneton, L90|273\/273
|turn|14
|choice|move 3|switch 2
|
|switch|p2a: Rhydon|Rhydon, L79|328\/328
|move|p1a: Magneton|Thunder Wave|p2a: Rhydon
|-immune|p2a: Rhydon|[msg]
|
|turn|15
|choice|switch 3|move 4
|
|switch|p1a: Machamp|Machamp, L90|345\/345
|move|p2a: Rhydon|Substitute|p2a: Rhydon
|-start|p2a: Rhydon|Substitute
|-damage|p2a: Rhydon|246\/328
|
|turn|16
|choice|move 3|move 2
|
|move|p1a: Machamp|Earthquake|p2a: Rhydon
|-supereffective|p2a: Rhydon
|-end|p2a: Rhydon|Substitute
|move|p2a: Rhydon|Body Slam|p1a: Machamp
|-damage|p1a: Machamp|283\/345
|
|turn|17
|choice|move 4|switch 2
|
|switch|p2a: Gyarados|Gyarados, L85|335\/335
|move|p1a: Machamp|Submission|p2a: Gyarados
|-crit|p2a: Gyarados
|-resisted|p2a: Gyarados
|-damage|p2a: Gyarados|206\/335
|-damage|p1a: Machamp|251\/345|[from] recoil|[of] p2a: Gyarados
|
|turn|18
|choice|move 1|move 2
|
|move|p2a: Gyarados|Surf|p1a: Machamp
|-damage|p1a: Machamp|131\/345
|move|p1a: Machamp|Body Slam|p2a: Gyarados
|-damage|p2a: Gyarados|119\/335
|
|turn|19
|choice|move 2|move 3
|
|move|p2a: Gyarados|Hyper Beam|p1a: Machamp
|-damage|p1a: Machamp|0 fnt
|faint|p1a: Machamp
|choice|switch 3|
|
|switch|p1a: Magneton|Magneton, L90|273\/273
|turn|20
|choice|switch 2|switch 4
|
|switch|p2a: Chansey|Chansey, L79|226\/557 par
|switch|p1a: Tentacruel|Tentacruel, L85|310\/310
|
|turn|21
|choice|move 4|move 1
|
|move|p1a: Tentacruel|Hydro Pump|p2a: Chansey
|-damage|p2a: Chansey|82\/557 par
|move|p2a: Chansey|Soft-Boiled|p2a: Chansey
|-heal|p2a: Chansey|360\/557 par
|
|turn|22
|choice|move 4|move 1
|
|move|p1a: Tentacruel|Hydro Pump|p2a: Chansey
|-crit|p2a: Chansey
|-damage|p2a: Chansey|76\/557 par
|move|p2a: Chansey|Soft-Boiled|p2a: Chansey
|-heal|p2a: Chansey|354\/557 par
|
|turn|23
|choice|move 4|move 1
|
|move|p1a: Tentacruel|Hydro Pump|p2a: Chansey
|-damage|p2a: Chansey|208\/557 par
|cant|p2a: Chansey|par
|
|turn|24
|choice|move 1|move 1
|
|move|p1a: Tentacruel|Hyper Beam|p2a: Chansey
|-damage|p2a: Chansey|0 fnt
|faint|p2a: Chansey
|choice||switch 5
|
|switch|p2a: Hitmonchan|Hitmonchan, L90|273\/273
|turn|25
|choice|move 4|move 1
|
|move|p1a: Tentacruel|Hydro Pump|p2a: Hitmonchan
|-damage|p2a: Hitmonchan|52\/273
|move|p2a: Hitmonchan|Body Slam|p1a: Tentacruel
|-damage|p1a: Tentacruel|229\/310
|-status|p1a: Tentacruel|par
|
|turn|26
|choice|move 1|move 4
|
|move|p2a: Hitmonchan|Seismic Toss|p1a: Tentacruel
|-damage|p1a: Tentacruel|139\/310 par
|move|p1a: Tentacruel|Hyper Beam|p2a: Hitmonchan
|-crit|p2a: Hitmonchan
|-damage|p2a: Hitmonchan|0 fnt
|faint|p2a: Hitmonchan
|choice||switch 2
|
|switch|p2a: Rhydon|Rhydon, L79|246\/328
|turn|27
|choice|move 2|move 3
|
|move|p2a: Rhydon|Earthquake|p1a: Tentacruel
|-supereffective|p1a: Tentacruel
|-damage|p1a: Tentacruel|0 fnt
|faint|p1a: Tentacruel
|choice|switch 6|
|
|switch|p1a: Kangaskhan|Kangaskhan, L85|352\/352
|turn|28
|choice|move 1|switch 4
|
|switch|p2a: Gyarados|Gyarados, L85|119\/335
|move|p1a: Kangaskhan|Body Slam|p2a: Gyarados
|-damage|p2a: Gyarados|20\/335
|
|turn|29
|choice|move 1|move 2
|
|move|p1a: Kangaskhan|Body Slam|p2a: Gyarados
|-damage|p2a: Gyarados|0 fnt
|faint|p2a: Gyarados
|choice||switch 6
|
|switch|p2a: Seaking|Seaking, L90|327\/327
|turn|30
|choice|move 1|move 3
|
|move|p1a: Kangaskhan|Body Slam|p2a: Seaking
|-damage|p2a: Seaking|226\/327
|-status|p2a: Seaking|par
|move|p2a: Seaking|Surf|p1a: Kangaskhan
|-damage|p1a: Kangaskhan|190\/352
|
|turn|31
|choice|switch 2|move 3
|
|switch|p1a: Magneton|Magneton, L90|273\/273
|move|p2a: Seaking|Surf|p1a: Magneton
|-damage|p1a: Magneton|194\/273
|
|turn|32
|choice|move 2|move 3
|
|move|p1a: Magneton|Mimic|p2a: Seaking
|-start|p1a: Magneton|Mimic|Double-Edge
|move|p2a: Seaking|Surf|p1a: Magneton
|-damage|p1a: Magneton|113\/273
|
|turn|33
|choice|move 1|move 3
|
|move|p1a: Magneton|Thunderbolt|p2a: Seaking
|-supereffective|p2a: Seaking
|-damage|p2a: Seaking|0 fnt
|faint|p2a: Seaking
|choice||switch 4
|
|switch|p2a: Rhydon|Rhydon, L79|246\/328
|turn|34
|choice|move 4|move 4
|
|move|p1a: Magneton|Double-Edge|p2a: Rhydon
|-crit|p2a: Rhydon
|-resisted|p2a: Rhydon
|-damage|p2a: Rhydon|200\/328
|-damage|p1a: Magneton|102\/273|[from] recoil|[of] p2a: Rhydon
|move|p2a: Rhydon|Substitute|p2a: Rhydon
|-start|p2a: Rhydon|Substitute
|-damage|p2a: Rhydon|118\/328
|
|turn|35
|choice|move 4|move 3
|
|move|p1a: Magneton|Double-Edge|p2a: Rhydon
|-resisted|p2a: Rhydon
|-activate|p2a: Rhydon|Substitute|[damage]
|-damage|p1a: Magneton|96\/273|[from] recoil|[of] p2a: Rhydon
|move|p2a: Rhydon|Earthquake|p1a: Magneton
|-supereffective|p1a: Magneton
|-damage|p1a: Magneton|0 fnt
|faint|p1a: Magneton
|choice|switch 2|
|
|switch|p1a: Kangaskhan|Kangaskhan, L85|190\/352
|turn|36
|choice|move 4|move 2
|
|move|p1a: Kangaskhan|Earthquake|p2a: Rhydon
|-supereffective|p2a: Rhydon
|-end|p2a: Rhydon|Substitute
|move|p2a: Rhydon|Body Slam|p1a: Kangaskhan
|-damage|p1a: Kangaskhan|125\/352
|
|turn|37
|choice|move 4|move 3
|
|move|p1a: Kangaskhan|Earthquake|p2a: Rhydon
|-supereffective|p2a: Rhydon
|-damage|p2a: Rhydon|3\/328
|move|p2a: Rhydon|Earthquake|p1a: Kangaskhan
|-damage|p1a: Kangaskhan|6\/352
|
|turn|38
|c|★triballllll|gg
|c|★MetropolisJ|GG
|choice|move 4|move 3
|
|move|p1a: Kangaskhan|Earthquake|p2a: Rhydon
|-supereffective|p2a: Rhydon
|-damage|p2a: Rhydon|0 fnt
|faint|p2a: Rhydon
|
|win|MetropolisJ
|player|p1
|player|p2
|raw|MetropolisJ's rating: 1223 &rarr; <strong>1239<\/strong><br \/>(+16 for winning)
|raw|triballllll's rating: 1080 &rarr; <strong>1066<\/strong><br \/>(-14 for losing)