|join|Noratraika
|join|Crow branwen
|player|p1|Noratraika|285
|player|p2|Crow branwen|169
|gametype|singles
|gen|1
|tier|[Gen 1] Random Battle
|rated
|seed|10452,41217,32681,15593
|rule|Sleep Clause Mod: Limit one foe put to sleep
|rule|Freeze Clause Mod: Limit one foe frozen
|rule|HP Percentage Mod: HP is shown in percentages
|
|start
|switch|p1a: Seadra|Seadra, L90|282\/282
|switch|p2a: Tentacool|Tentacool, L96|272\/272
|turn|1
|choice|move 2|move 4
|
|move|p1a: Seadra|Blizzard|p2a: Tentacool
|-crit|p2a: Tentacool
|-resisted|p2a: Tentacool
|-damage|p2a: Tentacool|202\/272
|move|p2a: Tentacool|Double-Edge|p1a: Seadra
|-damage|p1a: Seadra|231\/282
|-damage|p2a: Tentacool|190\/272|[from] recoil|[of] p1a: Seadra
|
|turn|2
|choice|move 4|move 2
|
|move|p1a: Seadra|Mimic|p2a: Tentacool
|-start|p1a: Seadra|Mimic|Barrier
|move|p2a: Tentacool|Hydro Pump|p1a: Seadra
|-resisted|p1a: Seadra
|-damage|p1a: Seadra|159\/282
|
|turn|3
|choice|move 2|move 2
|
|move|p1a: Seadra|Blizzard|p2a: Tentacool
|-resisted|p2a: Tentacool
|-damage|p2a: Tentacool|151\/272
|move|p2a: Tentacool|Hydro Pump|p1a: Seadra|[miss]
|-miss|p2a: Tentacool
|
|turn|4
|choice|move 4|move 2
|
|move|p1a: Seadra|Barrier|p1a: Seadra
|-boost|p1a: Seadra|def|2
|move|p2a: Tentacool|Hydro Pump|p1a: Seadra|[miss]
|-miss|p2a: Tentacool
|
|turn|5
|choice|move 2|move 1
|
|move|p1a: Seadra|Blizzard|p2a: Tentacool
|-resisted|p2a: Tentacool
|-damage|p2a: Tentacool|115\/272
|move|p2a: Tentacool|Swords Dance|p2a: Tentacool
|-boost|p2a: Tentacool|atk|2
|
|turn|6
|choice|move 4|move 1
|
|move|p1a: Seadra|Barrier|p1a: Seadra
|-boost|p1a: Seadra|def|2
|move|p2a: Tentacool|Swords Dance|p2a: Tentacool
|-boost|p2a: Tentacool|atk|2
|
|turn|7
|choice|move 4|move 1
|
|move|p1a: Seadra|Barrier|p1a: Seadra
|-boost|p1a: Seadra|def|2
|move|p2a: Tentacool|Swords Dance|p2a: Tentacool
|-boost|p2a: Tentacool|atk|2
|
|turn|8
|choice|move 1|move 3
|
|move|p1a: Seadra|Smokescreen|p2a: Tentacool
|-unboost|p2a: Tentacool|accuracy|1
|move|p2a: Tentacool|Barrier|p2a: Tentacool
|-boost|p2a: Tentacool|def|2
|
|turn|9
|choice|move 2|move 3
|
|move|p1a: Seadra|Blizzard|p2a: Tentacool
|-crit|p2a: Tentacool
|-resisted|p2a: Tentacool
|-damage|p2a: Tentacool|40\/272
|move|p2a: Tentacool|Barrier|p2a: Tentacool
|-boost|p2a: Tentacool|def|2
|
|turn|10
|choice|move 3|move 4
|
|move|p1a: Seadra|Hydro Pump|p2a: Tentacool
|-resisted|p2a: Tentacool
|-damage|p2a: Tentacool|0 fnt
|faint|p2a: Tentacool
|choice||switch 5
|
|switch|p2a: Butterfree|Butterfree, L90|291\/291
|turn|11
|choice|move 2|move 2
|
|move|p1a: Seadra|Blizzard|p2a: Butterfree
|-crit|p2a: Butterfree
|-supereffective|p2a: Butterfree
|-damage|p2a: Butterfree|0 fnt
|faint|p2a: Butterfree
|choice||switch 6
|
|switch|p2a: Arbok|Arbok, L90|291\/291
|turn|12
|choice|move 3|move 2
|
|move|p1a: Seadra|Hydro Pump|p2a: Arbok
|-damage|p2a: Arbok|126\/291
|move|p2a: Arbok|Glare|p1a: Seadra
|-status|p1a: Seadra|par
|
|turn|13
|choice|move 3|move 4
|
|move|p2a: Arbok|Earthquake|p1a: Seadra
|-damage|p1a: Seadra|140\/282 par
|move|p1a: Seadra|Hydro Pump|p2a: Arbok
|-crit|p2a: Arbok
|-damage|p2a: Arbok|0 fnt
|faint|p2a: Arbok
|choice||switch 3
|
|switch|p2a: Clefable|Clefable, L85|335\/335
|turn|14
|choice|move 2|move 3
|
|move|p1a: Seadra|Blizzard|p2a: Clefable
|-damage|p2a: Clefable|242\/335
|move|p2a: Clefable|Counter|p1a: Seadra
|-fail|p2a: Clefable
|
|turn|15
|choice|move 3|move 4
|
|move|p2a: Clefable|Blizzard|p1a: Seadra
|-resisted|p1a: Seadra
|-damage|p1a: Seadra|103\/282 par
|move|p1a: Seadra|Hydro Pump|p2a: Clefable
|-damage|p2a: Clefable|107\/335
|
|turn|16
|choice|move 3|move 1
|
|move|p2a: Clefable|Body Slam|p1a: Seadra
|-damage|p1a: Seadra|84\/282 par
|move|p1a: Seadra|Hydro Pump|p2a: Clefable
|-crit|p2a: Clefable
|-damage|p2a: Clefable|0 fnt
|faint|p2a: Clefable
|choice||switch 2
|
|switch|p2a: Tauros|Tauros, L79|280\/280
|turn|17
|choice|move 1|move 3
|
|move|p2a: Tauros|Hyper Beam|p1a: Seadra
|-damage|p1a: Seadra|52\/282 par
|move|p1a: Seadra|Smokescreen|p2a: Tauros
|-unboost|p2a: Tauros|accuracy|1
|
|turn|18
|-mustrecharge|p2a: Tauros
|-mustrecharge|p2a: Tauros
|choice|move 2|move 1
|
|cant|p2a: Tauros|recharge
|cant|p1a: Seadra|par
|
|turn|19
|choice|move 2|move 2
|
|move|p2a: Tauros|Body Slam|p1a: Seadra|[miss]
|-miss|p2a: Tauros
|move|p1a: Seadra|Blizzard|p2a: Tauros|[miss]
|-miss|p1a: Seadra
|
|turn|20
|choice|move 2|move 2
|
|move|p2a: Tauros|Body Slam|p1a: Seadra|[miss]
|-miss|p2a: Tauros
|move|p1a: Seadra|Blizzard|p2a: Tauros
|-damage|p2a: Tauros|162\/280
|
|turn|21
|choice|move 3|move 2
|
|move|p2a: Tauros|Body Slam|p1a: Seadra
|-damage|p1a: Seadra|31\/282 par
|cant|p1a: Seadra|par
|
|turn|22
|choice|move 3|move 2
|
|move|p2a: Tauros|Body Slam|p1a: Seadra|[miss]
|-miss|p2a: Tauros
|move|p1a: Seadra|Hydro Pump|p2a: Tauros
|-damage|p2a: Tauros|0 fnt
|faint|p2a: Tauros
|choice||switch 4
|
|switch|p2a: Alakazam|Alakazam, L79|249\/249
|turn|23
|choice|move 3|move 1
|
|move|p2a: Alakazam|Psychic|p1a: Seadra
|-damage|p1a: Seadra|0 fnt
|faint|p1a: Seadra
|choice|switch 6|
|
|switch|p1a: Aerodactyl|Aerodactyl, L90|327\/327
|turn|24
|choice|move 1|move 3
|
|move|p1a: Aerodactyl|Double-Edge|p2a: Alakazam
|-damage|p2a: Alakazam|127\/249
|-damage|p1a: Aerodactyl|297\/327|[from] recoil|[of] p2a: Alakazam
|move|p2a: Alakazam|Thunder Wave|p1a: Aerodactyl
|-status|p1a: Aerodactyl|par
|
|turn|25
|choice|move 4|move 4
|
|move|p2a: Alakazam|Seismic Toss|p1a: Aerodactyl
|-damage|p1a: Aerodactyl|218\/327 par
|move|p1a: Aerodactyl|Sky Attack|p2a: Alakazam|[still]
|-prepare|p1a: Aerodactyl|Sky Attack|p2a: Alakazam
|
|turn|26
|choice|move 1|move 4
|
|move|p2a: Alakazam|Seismic Toss|p1a: Aerodactyl
|-damage|p1a: Aerodactyl|139\/327 par
|move|p1a: Aerodactyl|Sky Attack|p2a: Alakazam
|-damage|p2a: Alakazam|0 fnt
|faint|p2a: Alakazam
|
|win|Noratraika
|raw|Noratraika's rating: 1178 &rarr; <strong>1194<\/strong><br \/>(+16 for winning)
|raw|Crow branwen's rating: 1054 &rarr; <strong>1042<\/strong><br \/>(-12 for losing)