|j|mlevalle
|j|MALESANI
|player|p1|mlevalle|266
|player|p2|MALESANI|238
|gametype|singles
|gen|1
|tier|[Gen 1] Random Battle
|rated
|seed|64184,5755,36820,52039
|rule|Sleep Clause Mod: Limit one foe put to sleep
|rule|Freeze Clause Mod: Limit one foe frozen
|rule|HP Percentage Mod: HP is shown in percentages
|
|start
|switch|p1a: Raticate|Raticate, L85|267\/267
|switch|p2a: Charmeleon|Charmeleon, L85|272\/272
|turn|1
|choice|switch 2|move 1
|
|switch|p1a: Kabuto|Kabuto, L96|252\/252
|move|p2a: Charmeleon|Fire Blast|p1a: Kabuto|[miss]
|-miss|p2a: Charmeleon
|
|turn|2
|choice|move 3|switch 5
|
|switch|p2a: Starmie|Starmie, L79|257\/257
|move|p1a: Kabuto|Body Slam|p2a: Starmie
|-damage|p2a: Starmie|181\/257
|
|turn|3
|choice|move 3|move 3
|
|move|p2a: Starmie|Surf|p1a: Kabuto
|-damage|p1a: Kabuto|129\/252
|move|p1a: Kabuto|Body Slam|p2a: Starmie
|-damage|p2a: Starmie|112\/257
|
|turn|4
|choice|switch 6|switch 4
|
|switch|p2a: Gengar|Gengar, L79|257\/257
|switch|p1a: Jolteon|Jolteon, L79|265\/265
|
|turn|5
|choice|move 3|move 1
|
|move|p1a: Jolteon|Thunder Wave|p2a: Gengar
|-status|p2a: Gengar|par
|move|p2a: Gengar|Hypnosis|p1a: Jolteon
|-status|p1a: Jolteon|slp
|
|turn|6
|choice|switch 2|move 3
|
|switch|p1a: Raticate|Raticate, L85|267\/267
|move|p2a: Gengar|Psychic|p1a: Raticate
|-crit|p1a: Raticate
|-damage|p1a: Raticate|77\/267
|-unboost|p1a: Raticate|spd|1
|-unboost|p1a: Raticate|spa|1
|
|turn|7
|choice|move 1|move 2
|
|move|p1a: Raticate|Super Fang|p2a: Gengar
|-damage|p2a: Gengar|129\/257 par
|move|p2a: Gengar|Thunderbolt|p1a: Raticate
|-damage|p1a: Raticate|0 fnt
|faint|p1a: Raticate
|choice|switch 4|
|
|switch|p1a: Hitmonlee|Hitmonlee, L90|273\/273
|turn|8
|choice|move 1|move 3
|
|move|p1a: Hitmonlee|Seismic Toss|p2a: Gengar
|-damage|p2a: Gengar|39\/257 par
|move|p2a: Gengar|Psychic|p1a: Hitmonlee
|-supereffective|p1a: Hitmonlee
|-damage|p1a: Hitmonlee|46\/273
|
|turn|9
|choice|move 1|move 4
|
|move|p1a: Hitmonlee|Seismic Toss|p2a: Gengar
|-damage|p2a: Gengar|0 fnt
|faint|p2a: Gengar
|choice||switch 4
|
|switch|p2a: Starmie|Starmie, L79|112\/257
|turn|10
|choice|move 4|move 3
|
|move|p2a: Starmie|Surf|p1a: Hitmonlee
|-damage|p1a: Hitmonlee|0 fnt
|faint|p1a: Hitmonlee
|choice|switch 3|
|
|switch|p1a: Gengar|Gengar, L79|257\/257
|turn|11
|choice|move 2|switch 2
|
|switch|p2a: Weedle|Weedle, L99|280\/280
|move|p1a: Gengar|Thunderbolt|p2a: Weedle
|-damage|p2a: Weedle|163\/280
|
|turn|12
|choice|move 4|move 1
|
|move|p1a: Gengar|Psychic|p2a: Weedle
|-supereffective|p2a: Weedle
|-damage|p2a: Weedle|0 fnt
|faint|p2a: Weedle
|choice||switch 6
|
|switch|p2a: Tauros|Tauros, L79|280\/280
|turn|13
|choice|move 1|move 4
|
|move|p1a: Gengar|Hypnosis|p2a: Tauros
|-status|p2a: Tauros|slp
|cant|p2a: Tauros|slp
|
|turn|14
|choice|move 4|switch 5
|
|switch|p2a: Charmeleon|Charmeleon, L85|272\/272
|move|p1a: Gengar|Psychic|p2a: Charmeleon
|-crit|p2a: Charmeleon
|-damage|p2a: Charmeleon|105\/272
|
|turn|15
|choice|switch 6|move 1
|
|switch|p1a: Kabuto|Kabuto, L96|129\/252
|move|p2a: Charmeleon|Fire Blast|p1a: Kabuto
|-resisted|p1a: Kabuto
|-damage|p1a: Kabuto|98\/252
|
|turn|16
|choice|move 3|move 4
|
|move|p2a: Charmeleon|Submission|p1a: Kabuto
|-supereffective|p1a: Kabuto
|-damage|p1a: Kabuto|19\/252
|-damage|p2a: Charmeleon|86\/272|[from] recoil|[of] p1a: Kabuto
|move|p1a: Kabuto|Body Slam|p2a: Charmeleon
|-damage|p2a: Charmeleon|1\/272
|
|turn|17
|choice|move 3|move 2
|
|move|p2a: Charmeleon|Slash|p1a: Kabuto
|-crit|p1a: Kabuto
|-resisted|p1a: Kabuto
|-damage|p1a: Kabuto|0 fnt
|faint|p1a: Kabuto
|choice|switch 6|
|
|switch|p1a: Gengar|Gengar, L79|257\/257
|turn|18
|choice|move 4|move 1
|
|move|p1a: Gengar|Psychic|p2a: Charmeleon
|-damage|p2a: Charmeleon|0 fnt
|faint|p2a: Charmeleon
|choice||switch 3
|
|switch|p2a: Snorlax|Snorlax, L79|415\/415
|turn|19
|choice|switch 5|move 4
|
|switch|p1a: Dragonite|Dragonite, L85|328\/328
|move|p2a: Snorlax|Earthquake|p1a: Dragonite
|-immune|p1a: Dragonite|[msg]
|
|turn|20
|choice|move 4|move 2
|
|move|p1a: Dragonite|Substitute|p1a: Dragonite
|-start|p1a: Dragonite|Substitute
|-damage|p1a: Dragonite|246\/328
|move|p2a: Snorlax|Blizzard|p1a: Dragonite|[miss]
|-miss|p2a: Snorlax
|
|turn|21
|choice|move 2|move 2
|
|move|p1a: Dragonite|Ice Beam|p2a: Snorlax
|-damage|p2a: Snorlax|331\/415
|move|p2a: Snorlax|Blizzard|p1a: Dragonite
|-supereffective|p1a: Dragonite
|-end|p1a: Dragonite|Substitute
|
|turn|22
|choice|move 4|move 2
|
|move|p1a: Dragonite|Substitute|p1a: Dragonite
|-start|p1a: Dragonite|Substitute
|-damage|p1a: Dragonite|164\/328
|move|p2a: Snorlax|Blizzard|p1a: Dragonite
|-supereffective|p1a: Dragonite
|-end|p1a: Dragonite|Substitute
|
|turn|23
|choice|move 4|move 2
|
|move|p1a: Dragonite|Substitute|p1a: Dragonite
|-start|p1a: Dragonite|Substitute
|-damage|p1a: Dragonite|82\/328
|move|p2a: Snorlax|Blizzard|p1a: Dragonite
|-supereffective|p1a: Dragonite
|-end|p1a: Dragonite|Substitute
|
|turn|24
|choice|move 2|move 2
|
|move|p1a: Dragonite|Ice Beam|p2a: Snorlax
|-damage|p2a: Snorlax|246\/415
|move|p2a: Snorlax|Blizzard|p1a: Dragonite
|-supereffective|p1a: Dragonite
|-damage|p1a: Dragonite|0 fnt
|faint|p1a: Dragonite
|choice|switch 5|
|
|switch|p1a: Gengar|Gengar, L79|257\/257
|turn|25
|choice|move 4|move 4
|
|move|p1a: Gengar|Psychic|p2a: Snorlax
|-crit|p2a: Snorlax
|-damage|p2a: Snorlax|81\/415
|move|p2a: Snorlax|Earthquake|p1a: Gengar
|-supereffective|p1a: Gengar
|-damage|p1a: Gengar|73\/257
|
|turn|26
|choice|move 4|move 4
|
|move|p1a: Gengar|Psychic|p2a: Snorlax
|-damage|p2a: Snorlax|0 fnt
|faint|p2a: Snorlax
|choice||switch 2
|
|switch|p2a: Starmie|Starmie, L79|112\/257
|turn|27
|choice|move 2|move 3
|
|move|p2a: Starmie|Surf|p1a: Gengar
|-crit|p1a: Gengar
|-damage|p1a: Gengar|0 fnt
|faint|p1a: Gengar
|choice|switch 2|
|
|switch|p1a: Jolteon|Jolteon, L79|265\/265 slp
|turn|28
|choice|move 1|move 3
|
|cant|p1a: Jolteon|slp
|move|p2a: Starmie|Surf|p1a: Jolteon
|-crit|p1a: Jolteon
|-damage|p1a: Jolteon|104\/265 slp
|
|turn|29
|choice|move 1|move 3
|
|cant|p1a: Jolteon|slp
|move|p2a: Starmie|Surf|p1a: Jolteon
|-damage|p1a: Jolteon|18\/265 slp
|
|turn|30
|choice|move 1|move 3
|
|-curestatus|p1a: Jolteon|slp
|move|p2a: Starmie|Surf|p1a: Jolteon
|-damage|p1a: Jolteon|0 fnt
|faint|p1a: Jolteon
|
|win|MALESANI
|l|mlevalle
|player|p1
|raw|mlevalle's rating: 1465 &rarr; <strong>1446<\/strong><br \/>(-19 for losing)
|raw|MALESANI's rating: 1476 &rarr; <strong>1495<\/strong><br \/>(+19 for winning)