|j|qht
|j|DanamezD
|player|p1|qht|1
|player|p2|DanamezD|9
|gametype|singles
|gen|1
|tier|[Gen 1] OU
|rated
|seed|8505,9617,18500,16681
|rule|Sleep Clause Mod: Limit one foe put to sleep
|rule|Freeze Clause Mod: Limit one foe frozen
|rule|Species Clause: Limit one of each Pokémon
|rule|OHKO Clause: OHKO moves are banned
|rule|Evasion Moves Clause: Evasion moves are banned
|rule|HP Percentage Mod: HP is shown in percentages
|
|start
|switch|p1a: Gengar|Gengar|323\/323
|switch|p2a: Monica|Gengar|323\/323
|turn|1
|choice|move 2|move 2
|
|move|p1a: Gengar|Hypnosis|p2a: Monica|[miss]
|-miss|p1a: Gengar
|move|p2a: Monica|Hypnosis|p1a: Gengar|[miss]
|-miss|p2a: Monica
|
|turn|2
|choice|move 2|move 2
|
|move|p1a: Gengar|Hypnosis|p2a: Monica|[miss]
|-miss|p1a: Gengar
|move|p2a: Monica|Hypnosis|p1a: Gengar
|-status|p1a: Gengar|slp
|
|turn|3
|choice|switch 5|switch 4
|
|switch|p2a: Tauros|Tauros|353\/353
|switch|p1a: Alakazam|Alakazam|313\/313
|
|turn|4
|choice|switch 6|move 1
|
|switch|p1a: Exeggutor|Exeggutor|393\/393
|move|p2a: Tauros|Body Slam|p1a: Exeggutor
|-damage|p1a: Exeggutor|288\/393
|
|turn|5
|choice|move 1|move 4
|
|move|p2a: Tauros|Blizzard|p1a: Exeggutor
|-supereffective|p1a: Exeggutor
|-damage|p1a: Exeggutor|157\/393
|move|p1a: Exeggutor|Sleep Powder|p2a: Tauros
|-status|p2a: Tauros|slp
|
|turn|6
|choice|move 4|switch 2
|
|switch|p2a: hoehoehoe|Chansey|703\/703
|move|p1a: Exeggutor|Mega Drain|p2a: hoehoehoe
|-damage|p2a: hoehoehoe|647\/703
|-heal|p1a: Exeggutor|185\/393|[from] drain|[of] p2a: hoehoehoe
|
|turn|7
|choice|move 3|switch 4
|
|switch|p2a: Monica|Gengar|323\/323
|move|p1a: Exeggutor|Explosion|p2a: Monica
|-immune|p2a: Monica|[msg]
|faint|p1a: Exeggutor
|choice|switch 6|
|
|switch|p1a: Alakazam|Alakazam|313\/313
|turn|8
|choice|move 3|switch 4
|
|switch|p2a: hoehoehoe|Chansey|647\/703
|move|p1a: Alakazam|Thunder Wave|p2a: hoehoehoe
|-status|p2a: hoehoehoe|par
|
|turn|9
|choice|switch 5|move 3
|
|switch|p1a: Gengar|Gengar|323\/323 slp
|move|p2a: hoehoehoe|Reflect|p2a: hoehoehoe
|-start|p2a: hoehoehoe|Reflect
|
|turn|10
|choice|move 2|switch 3
|
|switch|p2a: balls|Exeggutor|393\/393
|cant|p1a: Gengar|slp
|
|turn|11
|choice|switch 2|move 2
|
|switch|p1a: Starmie|Starmie|323\/323
|move|p2a: balls|Psychic|p1a: Starmie
|-resisted|p1a: Starmie
|-damage|p1a: Starmie|259\/323
|-unboost|p1a: Starmie|spd|1
|-unboost|p1a: Starmie|spa|1
|
|turn|12
|choice|move 3|move 4
|
|move|p1a: Starmie|Thunder Wave|p2a: balls
|-status|p2a: balls|par
|move|p2a: balls|Mega Drain|p1a: Starmie
|-supereffective|p1a: Starmie
|-damage|p1a: Starmie|93\/323
|
|turn|13
|choice|move 1|move 4
|
|move|p1a: Starmie|Recover|p1a: Starmie
|-heal|p1a: Starmie|254\/323
|move|p2a: balls|Mega Drain|p1a: Starmie
|-crit|p1a: Starmie
|-supereffective|p1a: Starmie
|-damage|p1a: Starmie|32\/323
|
|turn|14
|choice|move 1|move 4
|
|move|p1a: Starmie|Recover|p1a: Starmie
|-heal|p1a: Starmie|193\/323
|move|p2a: balls|Mega Drain|p1a: Starmie
|-supereffective|p1a: Starmie
|-damage|p1a: Starmie|31\/323
|
|turn|15
|choice|move 1|switch 4
|
|switch|p2a: Monica|Gengar|323\/323
|move|p1a: Starmie|Recover|p1a: Starmie
|-heal|p1a: Starmie|192\/323
|
|turn|16
|choice|switch 5|move 3
|
|switch|p1a: Alakazam|Alakazam|313\/313
|move|p2a: Monica|Thunderbolt|p1a: Alakazam
|-crit|p1a: Alakazam
|-damage|p1a: Alakazam|174\/313
|
|turn|17
|choice|switch 2|switch 4
|
|switch|p1a: Gengar|Gengar|323\/323 slp
|switch|p2a: balls|Exeggutor|393\/393 par
|
|turn|18
|choice|switch 2|move 2
|
|switch|p1a: Alakazam|Alakazam|174\/313
|move|p2a: balls|Psychic|p1a: Alakazam
|-resisted|p1a: Alakazam
|-damage|p1a: Alakazam|121\/313
|-unboost|p1a: Alakazam|spd|1
|-unboost|p1a: Alakazam|spa|1
|
|turn|19
|choice|move 2|move 2
|
|move|p1a: Alakazam|Recover|p1a: Alakazam
|-heal|p1a: Alakazam|277\/313
|cant|p2a: balls|par
|
|turn|20
|choice|switch 2|move 3
|
|switch|p1a: Gengar|Gengar|323\/323 slp
|cant|p2a: balls|par
|
|turn|21
|choice|switch 2|move 2
|
|switch|p1a: Alakazam|Alakazam|277\/313
|move|p2a: balls|Psychic|p1a: Alakazam
|-resisted|p1a: Alakazam
|-damage|p1a: Alakazam|224\/313
|
|turn|22
|choice|move 4|move 3
|
|move|p1a: Alakazam|Seismic Toss|p2a: balls
|-damage|p2a: balls|293\/393 par
|cant|p2a: balls|par
|
|turn|23
|choice|move 4|move 3
|
|move|p1a: Alakazam|Seismic Toss|p2a: balls
|-damage|p2a: balls|193\/393 par
|cant|p2a: balls|par
|
|turn|24
|choice|switch 2|move 3
|
|switch|p1a: Gengar|Gengar|323\/323 slp
|move|p2a: balls|Explosion|p1a: Gengar
|-immune|p1a: Gengar|[msg]
|faint|p2a: balls
|choice||switch 6
|
|switch|p2a: Zapdos|Zapdos|383\/383
|turn|25
|choice|switch 2|move 1
|
|switch|p1a: Alakazam|Alakazam|224\/313
|move|p2a: Zapdos|Thunderbolt|p1a: Alakazam
|-damage|p1a: Alakazam|121\/313
|
|turn|26
|choice|move 2|switch 3
|
|switch|p2a: hoehoehoe|Chansey|647\/703 par
|move|p1a: Alakazam|Recover|p1a: Alakazam
|-heal|p1a: Alakazam|277\/313
|
|turn|27
|choice|switch 3|move 3
|
|switch|p1a: Snorlax|Snorlax|523\/523
|move|p2a: hoehoehoe|Reflect|p2a: hoehoehoe
|-start|p2a: hoehoehoe|Reflect
|
|turn|28
|choice|move 1|move 1
|
|move|p1a: Snorlax|Body Slam|p2a: hoehoehoe
|-damage|p2a: hoehoehoe|511\/703 par
|move|p2a: hoehoehoe|Ice Beam|p1a: Snorlax
|-damage|p1a: Snorlax|426\/523
|
|turn|29
|choice|move 1|move 1
|
|move|p1a: Snorlax|Body Slam|p2a: hoehoehoe
|-damage|p2a: hoehoehoe|369\/703 par
|move|p2a: hoehoehoe|Ice Beam|p1a: Snorlax
|-damage|p1a: Snorlax|328\/523
|
|turn|30
|choice|move 1|move 2
|
|move|p1a: Snorlax|Body Slam|p2a: hoehoehoe
|-damage|p2a: hoehoehoe|227\/703 par
|move|p2a: hoehoehoe|Soft-Boiled|p2a: hoehoehoe
|-heal|p2a: hoehoehoe|578\/703 par
|
|turn|31
|choice|move 1|move 1
|
|move|p1a: Snorlax|Body Slam|p2a: hoehoehoe
|-damage|p2a: hoehoehoe|421\/703 par
|move|p2a: hoehoehoe|Ice Beam|p1a: Snorlax
|-damage|p1a: Snorlax|224\/523
|
|turn|32
|choice|move 3|move 2
|
|move|p1a: Snorlax|Reflect|p1a: Snorlax
|-start|p1a: Snorlax|Reflect
|move|p2a: hoehoehoe|Soft-Boiled|p2a: hoehoehoe
|-heal|p2a: hoehoehoe|703\/703 par
|
|turn|33
|choice|move 4|move 1
|
|move|p1a: Snorlax|Rest|p1a: Snorlax
|-status|p1a: Snorlax|slp
|-heal|p1a: Snorlax|523\/523 slp|[silent]
|-status|p1a: Snorlax|slp|[from] move: Rest
|move|p2a: hoehoehoe|Ice Beam|p1a: Snorlax
|-damage|p1a: Snorlax|415\/523 slp
|
|turn|34
|choice|move 1|move 4
|
|cant|p1a: Snorlax|slp
|move|p2a: hoehoehoe|Thunderbolt|p1a: Snorlax
|-crit|p1a: Snorlax
|-damage|p1a: Snorlax|234\/523 slp
|
|turn|35
|choice|move 4|move 4
|
|-curestatus|p1a: Snorlax|slp
|cant|p2a: hoehoehoe|par
|
|turn|36
|choice|move 4|move 4
|
|move|p1a: Snorlax|Rest|p1a: Snorlax
|-status|p1a: Snorlax|slp
|-heal|p1a: Snorlax|523\/523 slp|[silent]
|-status|p1a: Snorlax|slp|[from] move: Rest
|move|p2a: hoehoehoe|Thunderbolt|p1a: Snorlax
|-damage|p1a: Snorlax|425\/523 slp
|
|turn|37
|choice|move 1|move 4
|
|cant|p1a: Snorlax|slp
|move|p2a: hoehoehoe|Thunderbolt|p1a: Snorlax
|-damage|p1a: Snorlax|325\/523 slp
|
|turn|38
|choice|move 1|move 4
|
|-curestatus|p1a: Snorlax|slp
|cant|p2a: hoehoehoe|par
|
|turn|39
|choice|move 1|move 4
|
|move|p1a: Snorlax|Body Slam|p2a: hoehoehoe
|-damage|p2a: hoehoehoe|544\/703 par
|cant|p2a: hoehoehoe|par
|
|turn|40
|choice|move 1|move 1
|
|move|p1a: Snorlax|Body Slam|p2a: hoehoehoe
|-damage|p2a: hoehoehoe|406\/703 par
|cant|p2a: hoehoehoe|par
|
|turn|41
|choice|move 1|move 2
|
|move|p1a: Snorlax|Body Slam|p2a: hoehoehoe
|-damage|p2a: hoehoehoe|263\/703 par
|move|p2a: hoehoehoe|Soft-Boiled|p2a: hoehoehoe
|-heal|p2a: hoehoehoe|614\/703 par
|
|turn|42
|choice|move 4|move 1
|
|move|p1a: Snorlax|Rest|p1a: Snorlax
|-status|p1a: Snorlax|slp
|-heal|p1a: Snorlax|523\/523 slp|[silent]
|-status|p1a: Snorlax|slp|[from] move: Rest
|move|p2a: hoehoehoe|Ice Beam|p1a: Snorlax
|-damage|p1a: Snorlax|426\/523 slp
|
|turn|43
|choice|move 1|move 4
|
|cant|p1a: Snorlax|slp
|move|p2a: hoehoehoe|Thunderbolt|p1a: Snorlax
|-damage|p1a: Snorlax|331\/523 slp
|
|turn|44
|choice|move 1|move 4
|
|-curestatus|p1a: Snorlax|slp
|cant|p2a: hoehoehoe|par
|
|turn|45
|choice|move 3|move 4
|
|move|p1a: Snorlax|Reflect|p1a: Snorlax
|-fail|p1a: Snorlax
|move|p2a: hoehoehoe|Thunderbolt|p1a: Snorlax
|-damage|p1a: Snorlax|230\/523
|
|turn|46
|choice|move 4|move 1
|
|move|p1a: Snorlax|Rest|p1a: Snorlax
|-status|p1a: Snorlax|slp
|-heal|p1a: Snorlax|523\/523 slp|[silent]
|-status|p1a: Snorlax|slp|[from] move: Rest
|move|p2a: hoehoehoe|Ice Beam|p1a: Snorlax
|-damage|p1a: Snorlax|417\/523 slp
|
|turn|47
|choice|move 1|move 4
|
|cant|p1a: Snorlax|slp
|move|p2a: hoehoehoe|Thunderbolt|p1a: Snorlax
|-damage|p1a: Snorlax|313\/523 slp
|
|turn|48
|choice|move 1|move 4
|
|-curestatus|p1a: Snorlax|slp
|move|p2a: hoehoehoe|Thunderbolt|p1a: Snorlax
|-damage|p1a: Snorlax|212\/523
|
|turn|49
|choice|move 4|move 4
|
|move|p1a: Snorlax|Rest|p1a: Snorlax
|-status|p1a: Snorlax|slp
|-heal|p1a: Snorlax|523\/523 slp|[silent]
|-status|p1a: Snorlax|slp|[from] move: Rest
|move|p2a: hoehoehoe|Thunderbolt|p1a: Snorlax
|-damage|p1a: Snorlax|423\/523 slp
|
|turn|50
|choice|move 1|switch 5
|
|switch|p2a: Snorlax|Snorlax|523\/523
|cant|p1a: Snorlax|slp
|
|turn|51
|choice|move 1|move 1
|
|-curestatus|p1a: Snorlax|slp
|move|p2a: Snorlax|Body Slam|p1a: Snorlax
|-damage|p1a: Snorlax|353\/523
|
|turn|52
|choice|move 1|switch 3
|
|switch|p2a: Zapdos|Zapdos|383\/383
|move|p1a: Snorlax|Body Slam|p2a: Zapdos
|-damage|p2a: Zapdos|270\/383
|
|turn|53
|choice|move 1|move 1
|
|move|p2a: Zapdos|Thunderbolt|p1a: Snorlax
|-damage|p1a: Snorlax|181\/523
|move|p1a: Snorlax|Body Slam|p2a: Zapdos
|-damage|p2a: Zapdos|157\/383
|-status|p2a: Zapdos|par
|
|turn|54
|choice|move 1|move 1
|
|move|p1a: Snorlax|Body Slam|p2a: Zapdos
|-damage|p2a: Zapdos|31\/383 par
|move|p2a: Zapdos|Thunderbolt|p1a: Snorlax
|-damage|p1a: Snorlax|16\/523
|-status|p1a: Snorlax|par
|
|turn|55
|choice|move 1|move 2
|
|cant|p2a: Zapdos|par
|move|p1a: Snorlax|Body Slam|p2a: Zapdos
|-damage|p2a: Zapdos|0 fnt
|faint|p2a: Zapdos
|choice||switch 4
|
|switch|p2a: Monica|Gengar|323\/323
|turn|56
|choice|switch 3|move 3
|
|switch|p1a: Alakazam|Alakazam|277\/313
|move|p2a: Monica|Thunderbolt|p1a: Alakazam
|-crit|p1a: Alakazam
|-damage|p1a: Alakazam|131\/313
|
|turn|57
|choice|move 2|switch 5
|
|switch|p2a: hoehoehoe|Chansey|614\/703 par
|move|p1a: Alakazam|Recover|p1a: Alakazam
|-heal|p1a: Alakazam|287\/313
|
|turn|58
|choice|move 1|move 1
|
|move|p1a: Alakazam|Psychic|p2a: hoehoehoe
|-crit|p2a: hoehoehoe
|-damage|p2a: hoehoehoe|363\/703 par
|move|p2a: hoehoehoe|Ice Beam|p1a: Alakazam
|-damage|p1a: Alakazam|221\/313
|
|turn|59
|choice|move 1|move 1
|
|move|p1a: Alakazam|Psychic|p2a: hoehoehoe
|-crit|p2a: hoehoehoe
|-damage|p2a: hoehoehoe|130\/703 par
|cant|p2a: hoehoehoe|par
|
|turn|60
|choice|move 1|move 2
|
|move|p1a: Alakazam|Psychic|p2a: hoehoehoe
|-damage|p2a: hoehoehoe|5\/703 par
|move|p2a: hoehoehoe|Soft-Boiled|p2a: hoehoehoe
|-heal|p2a: hoehoehoe|356\/703 par
|
|turn|61
|choice|move 1|move 2
|
|move|p1a: Alakazam|Psychic|p2a: hoehoehoe
|-damage|p2a: hoehoehoe|224\/703 par
|cant|p2a: hoehoehoe|par
|
|turn|62
|choice|move 1|move 2
|
|move|p1a: Alakazam|Psychic|p2a: hoehoehoe
|-crit|p2a: hoehoehoe
|-damage|p2a: hoehoehoe|0 fnt
|faint|p2a: hoehoehoe
|choice||switch 3
|
|switch|p2a: Snorlax|Snorlax|523\/523
|turn|63
|choice|switch 2|move 1
|
|switch|p1a: Gengar|Gengar|323\/323 slp
|move|p2a: Snorlax|Body Slam|p1a: Gengar
|-immune|p1a: Gengar|[msg]
|
|turn|64
|choice|switch 5|switch 2
|
|switch|p1a: Starmie|Starmie|192\/323
|switch|p2a: Tauros|Tauros|353\/353 slp
|
|turn|65
|choice|move 1|move 1
|
|move|p1a: Starmie|Recover|p1a: Starmie
|-heal|p1a: Starmie|323\/323
|cant|p2a: Tauros|slp
|
|turn|66
|-message|DanamezD forfeited.
|
|win|qht
|player|p1
|player|p2
|l|DanamezD