|j|DioStargazer
|j|MALESANI
|player|p1|DioStargazer|35
|player|p2|MALESANI|238
|gametype|singles
|gen|1
|tier|[Gen 1] Random Battle
|rated
|seed|34753,11114,51429,64599
|rule|Sleep Clause Mod: Limit one foe put to sleep
|rule|Freeze Clause Mod: Limit one foe frozen
|rule|HP Percentage Mod: HP is shown in percentages
|
|start
|switch|p1a: Kingler|Kingler, L85|267\/267
|switch|p2a: Clefairy|Clefairy, L95|326\/326
|turn|1
|choice|move 3|move 1
|
|move|p1a: Kingler|Body Slam|p2a: Clefairy
|-crit|p2a: Clefairy
|-damage|p2a: Clefairy|157\/326
|move|p2a: Clefairy|Thunderbolt|p1a: Kingler
|-supereffective|p1a: Kingler
|-damage|p1a: Kingler|97\/267
|
|turn|2
|choice|move 4|move 1
|
|move|p1a: Kingler|Hyper Beam|p2a: Clefairy
|-damage|p2a: Clefairy|0 fnt
|faint|p2a: Clefairy
|choice||switch 5
|
|switch|p2a: Jolteon|Jolteon, L79|265\/265
|turn|3
|choice|switch 3|move 1
|
|switch|p1a: Venusaur|Venusaur, L85|310\/310
|move|p2a: Jolteon|Thunderbolt|p1a: Venusaur
|-resisted|p1a: Venusaur
|-damage|p1a: Venusaur|263\/310
|
|turn|4
|choice|move 3|switch 2
|
|switch|p2a: Mankey|Mankey, L96|272\/272
|move|p1a: Venusaur|Leech Seed|p2a: Mankey
|-start|p2a: Mankey|move: Leech Seed
|
|turn|5
|choice|move 4|move 1
|
|move|p2a: Mankey|Body Slam|p1a: Venusaur
|-damage|p1a: Venusaur|196\/310
|-damage|p2a: Mankey|255\/272|[from] Leech Seed|[of] p1a: Venusaur
|-heal|p1a: Venusaur|213\/310|[silent]
|move|p1a: Venusaur|Body Slam|p2a: Mankey
|-damage|p2a: Mankey|173\/272
|
|turn|6
|choice|move 1|switch 6
|
|switch|p2a: Fearow|Fearow, L90|300\/300
|move|p1a: Venusaur|Razor Leaf|p2a: Fearow
|-crit|p2a: Fearow
|-resisted|p2a: Fearow
|-damage|p2a: Fearow|231\/300
|
|turn|7
|choice|switch 5|move 1
|
|switch|p1a: Dewgong|Dewgong, L85|327\/327
|move|p2a: Fearow|Drill Peck|p1a: Dewgong
|-damage|p1a: Dewgong|237\/327
|
|turn|8
|choice|move 3|switch 6
|
|switch|p2a: Mankey|Mankey, L96|173\/272
|move|p1a: Dewgong|Body Slam|p2a: Mankey
|-crit|p2a: Mankey
|-damage|p2a: Mankey|36\/272
|
|turn|9
|choice|move 3|move 4
|
|move|p2a: Mankey|Rock Slide|p1a: Dewgong|[miss]
|-miss|p2a: Mankey
|move|p1a: Dewgong|Body Slam|p2a: Mankey
|-damage|p2a: Mankey|0 fnt
|faint|p2a: Mankey
|choice||switch 2
|
|switch|p2a: Jolteon|Jolteon, L79|265\/265
|turn|10
|choice|switch 5|move 1
|
|switch|p1a: Venusaur|Venusaur, L85|213\/310
|move|p2a: Jolteon|Thunderbolt|p1a: Venusaur
|-crit|p1a: Venusaur
|-resisted|p1a: Venusaur
|-damage|p1a: Venusaur|120\/310
|
|turn|11
|choice|move 4|switch 6
|
|switch|p2a: Fearow|Fearow, L90|231\/300
|move|p1a: Venusaur|Body Slam|p2a: Fearow
|-damage|p2a: Fearow|172\/300
|
|turn|12
|choice|switch 3|move 1
|
|switch|p1a: Kingler|Kingler, L85|97\/267
|move|p2a: Fearow|Drill Peck|p1a: Kingler
|-damage|p1a: Kingler|22\/267
|
|turn|13
|choice|move 2|move 1
|
|move|p2a: Fearow|Drill Peck|p1a: Kingler
|-damage|p1a: Kingler|0 fnt
|faint|p1a: Kingler
|choice|switch 6|
|
|switch|p1a: Snorlax|Snorlax, L79|415\/415
|turn|14
|choice|move 1|move 4
|
|move|p2a: Fearow|Double-Edge|p1a: Snorlax
|-damage|p1a: Snorlax|256\/415
|-damage|p2a: Fearow|133\/300|[from] recoil|[of] p1a: Snorlax
|move|p1a: Snorlax|Amnesia|p1a: Snorlax
|-boost|p1a: Snorlax|spd|2
|-boost|p1a: Snorlax|spa|2
|
|turn|15
|choice|move 2|move 3
|
|move|p2a: Fearow|Hyper Beam|p1a: Snorlax
|-crit|p1a: Snorlax
|-damage|p1a: Snorlax|0 fnt
|faint|p1a: Snorlax
|choice|switch 4|
|
|switch|p1a: Hypno|Hypno, L85|318\/318
|turn|16
|choice|move 2|move 1
|
|move|p2a: Fearow|Drill Peck|p1a: Hypno
|-damage|p1a: Hypno|211\/318
|move|p1a: Hypno|Thunder Wave|p2a: Fearow
|-status|p2a: Fearow|par
|
|turn|17
|choice|move 1|move 4
|
|move|p1a: Hypno|Psychic|p2a: Fearow
|-damage|p2a: Fearow|0 fnt
|faint|p2a: Fearow
|choice||switch 3
|
|switch|p2a: Jynx|Jynx, L79|265\/265
|turn|18
|choice|move 2|move 4
|
|move|p2a: Jynx|Lovely Kiss|p1a: Hypno
|-status|p1a: Hypno|slp
|cant|p1a: Hypno|slp
|
|turn|19
|choice|move 2|move 3
|
|move|p2a: Jynx|Psychic|p1a: Hypno
|-resisted|p1a: Hypno
|-damage|p1a: Hypno|174\/318 slp
|cant|p1a: Hypno|slp
|
|turn|20
|choice|move 2|move 2
|
|move|p2a: Jynx|Mimic|p1a: Hypno
|-start|p2a: Jynx|Mimic|Thunder Wave
|cant|p1a: Hypno|slp
|
|turn|21
|choice|move 2|move 1
|
|move|p2a: Jynx|Blizzard|p1a: Hypno
|-crit|p1a: Hypno
|-damage|p1a: Hypno|2\/318 slp
|-curestatus|p1a: Hypno|slp
|
|turn|22
|choice|move 2|move 3
|
|move|p2a: Jynx|Psychic|p1a: Hypno
|-crit|p1a: Hypno
|-resisted|p1a: Hypno
|-damage|p1a: Hypno|0 fnt
|faint|p1a: Hypno
|choice|switch 5|
|
|switch|p1a: Dewgong|Dewgong, L85|237\/327
|turn|23
|choice|move 3|move 3
|
|move|p2a: Jynx|Psychic|p1a: Dewgong
|-damage|p1a: Dewgong|155\/327
|move|p1a: Dewgong|Body Slam|p2a: Jynx
|-damage|p2a: Jynx|176\/265
|
|turn|24
|choice|move 3|move 3
|
|move|p2a: Jynx|Psychic|p1a: Dewgong
|-crit|p1a: Dewgong
|-damage|p1a: Dewgong|0 fnt
|faint|p1a: Dewgong
|choice|switch 2|
|
|switch|p1a: Machamp|Machamp, L90|345\/345
|turn|25
|choice|move 1|move 3
|
|move|p2a: Jynx|Psychic|p1a: Machamp
|-supereffective|p1a: Machamp
|-damage|p1a: Machamp|165\/345
|-unboost|p1a: Machamp|spd|1
|-unboost|p1a: Machamp|spa|1
|move|p1a: Machamp|Hyper Beam|p2a: Jynx
|-damage|p2a: Jynx|0 fnt
|faint|p2a: Jynx
|choice||switch 4
|
|switch|p2a: Kadabra|Kadabra, L85|242\/242
|turn|26
|choice|move 1|move 1
|
|move|p2a: Kadabra|Psychic|p1a: Machamp
|-supereffective|p1a: Machamp
|-damage|p1a: Machamp|0 fnt
|faint|p1a: Machamp
|choice|switch 3|
|
|switch|p1a: Venusaur|Venusaur, L85|120\/310
|turn|27
|choice|move 2|move 1
|
|move|p2a: Kadabra|Psychic|p1a: Venusaur
|-supereffective|p1a: Venusaur
|-damage|p1a: Venusaur|0 fnt
|faint|p1a: Venusaur
|
|win|MALESANI
|player|p1
|player|p2
|raw|DioStargazer's rating: 1154 &rarr; <strong>1137<\/strong><br \/>(-17 for losing)
|raw|MALESANI's rating: 1265 &rarr; <strong>1282<\/strong><br \/>(+17 for winning)
|c|★DioStargazer|gg
|c|★MALESANI|già