|join|MALESANI
|join|shadowist
|player|p1|MALESANI|238
|player|p2|shadowist|269
|gametype|singles
|gen|1
|tier|[Gen 1] Random Battle
|rated
|seed|32342,57196,43817,65301
|rule|Sleep Clause Mod: Limit one foe put to sleep
|rule|Freeze Clause Mod: Limit one foe frozen
|rule|HP Percentage Mod: HP is shown in percentages
|
|start
|switch|p1a: Aerodactyl|Aerodactyl, L90|327\/327
|switch|p2a: Abra|Abra, L96|243\/243
|turn|1
|choice|move 1|move 2
|
|move|p1a: Aerodactyl|Double-Edge|p2a: Abra
|-damage|p2a: Abra|90\/243
|-damage|p1a: Aerodactyl|289\/327|[from] recoil|[of] p2a: Abra
|move|p2a: Abra|Thunder Wave|p1a: Aerodactyl
|-status|p1a: Aerodactyl|par
|
|turn|2
|choice|move 4|move 1
|
|move|p2a: Abra|Psychic|p1a: Aerodactyl
|-damage|p1a: Aerodactyl|133\/327 par
|move|p1a: Aerodactyl|Hyper Beam|p2a: Abra
|-crit|p2a: Abra
|-damage|p2a: Abra|0 fnt
|faint|p2a: Abra
|choice||switch 3
|
|switch|p2a: Electrode|Electrode, L90|291\/291
|turn|3
|choice|switch 6|move 3
|
|switch|p1a: Parasect|Parasect, L90|291\/291
|move|p2a: Electrode|Thunder|p1a: Parasect|[miss]
|-miss|p2a: Electrode
|
|turn|4
|choice|move 2|move 4
|
|move|p2a: Electrode|Flash|p1a: Parasect|[miss]
|-miss|p2a: Electrode
|move|p1a: Parasect|Stun Spore|p2a: Electrode
|-status|p2a: Electrode|par
|
|turn|5
|choice|move 4|move 2
|
|move|p1a: Parasect|Double-Edge|p2a: Electrode
|-damage|p2a: Electrode|209\/291 par
|-damage|p1a: Parasect|271\/291|[from] recoil|[of] p2a: Electrode
|cant|p2a: Electrode|par
|
|turn|6
|choice|move 4|move 2
|
|move|p1a: Parasect|Double-Edge|p2a: Electrode
|-damage|p2a: Electrode|117\/291 par
|-damage|p1a: Parasect|248\/291|[from] recoil|[of] p2a: Electrode
|move|p2a: Electrode|Thunder Wave|p1a: Parasect
|-status|p1a: Parasect|par
|
|turn|7
|choice|move 1|move 1
|
|move|p2a: Electrode|Explosion|p1a: Parasect
|-damage|p1a: Parasect|52\/291 par
|faint|p2a: Electrode
|choice||switch 2
|
|switch|p2a: Weezing|Weezing, L90|300\/300
|turn|8
|choice|move 1|move 3
|
|move|p2a: Weezing|Sludge|p1a: Parasect
|-supereffective|p1a: Parasect
|-damage|p1a: Parasect|0 fnt
|faint|p1a: Parasect
|choice|switch 4|
|
|switch|p1a: Arbok|Arbok, L90|291\/291
|turn|9
|choice|move 1|switch 5
|
|switch|p2a: Marowak|Marowak, L90|291\/291
|move|p1a: Arbok|Earthquake|p2a: Marowak
|-damage|p2a: Marowak|231\/291
|
|turn|10
|choice|switch 6|move 2
|
|switch|p1a: Aerodactyl|Aerodactyl, L90|133\/327 par
|move|p2a: Marowak|Earthquake|p1a: Aerodactyl
|-immune|p1a: Aerodactyl|[msg]
|
|turn|11
|choice|move 4|move 4
|
|move|p2a: Marowak|Blizzard|p1a: Aerodactyl
|-supereffective|p1a: Aerodactyl
|-damage|p1a: Aerodactyl|0 fnt
|faint|p1a: Aerodactyl
|choice|switch 3|
|
|switch|p1a: Seaking|Seaking, L90|327\/327
|turn|12
|choice|move 3|switch 5
|
|switch|p2a: Weezing|Weezing, L90|300\/300
|move|p1a: Seaking|Surf|p2a: Weezing
|-damage|p2a: Weezing|202\/300
|
|turn|13
|choice|move 4|move 4
|
|move|p1a: Seaking|Blizzard|p2a: Weezing
|-damage|p2a: Weezing|119\/300
|move|p2a: Weezing|Thunder|p1a: Seaking|[miss]
|-miss|p2a: Weezing
|
|turn|14
|choice|move 3|move 1
|
|move|p1a: Seaking|Surf|p2a: Weezing
|-damage|p2a: Weezing|26\/300
|move|p2a: Weezing|Explosion|p1a: Seaking
|-crit|p1a: Seaking
|-damage|p1a: Seaking|0 fnt
|faint|p1a: Seaking
|faint|p2a: Weezing
|choice|switch 6|switch 5
|
|switch|p1a: Arbok|Arbok, L90|291\/291
|switch|p2a: Marowak|Marowak, L90|231\/291
|turn|15
|choice|switch 2|move 2
|
|switch|p1a: Caterpie|Caterpie, L99|290\/290
|move|p2a: Marowak|Earthquake|p1a: Caterpie
|-crit|p1a: Caterpie
|-resisted|p1a: Caterpie
|-damage|p1a: Caterpie|136\/290
|
|turn|16
|choice|move 2|move 1
|
|move|p1a: Caterpie|String Shot|p2a: Marowak
|-unboost|p2a: Marowak|spe|1
|move|p2a: Marowak|Body Slam|p1a: Caterpie
|-damage|p1a: Caterpie|56\/290
|
|turn|17
|choice|move 1|move 1
|
|move|p1a: Caterpie|Tackle|p2a: Marowak
|-damage|p2a: Marowak|216\/291
|move|p2a: Marowak|Body Slam|p1a: Caterpie
|-crit|p1a: Caterpie
|-damage|p1a: Caterpie|0 fnt
|faint|p1a: Caterpie
|choice|switch 5|
|
|switch|p1a: Mew|Mew, L74|300\/300
|turn|18
|choice|move 4|move 2
|
|move|p1a: Mew|Blizzard|p2a: Marowak
|-crit|p2a: Marowak
|-supereffective|p2a: Marowak
|-damage|p2a: Marowak|0 fnt
|faint|p2a: Marowak
|choice||switch 4
|
|switch|p2a: Arcanine|Arcanine, L85|327\/327
|turn|19
|choice|move 2|move 3
|
|move|p2a: Arcanine|Body Slam|p1a: Mew
|-damage|p1a: Mew|235\/300
|-status|p1a: Mew|par
|move|p1a: Mew|Earthquake|p2a: Arcanine
|-supereffective|p2a: Arcanine
|-damage|p2a: Arcanine|203\/327
|
|turn|20
|choice|move 3|move 2
|
|move|p2a: Arcanine|Reflect|p2a: Arcanine
|-start|p2a: Arcanine|Reflect
|move|p1a: Mew|Thunderbolt|p2a: Arcanine
|-damage|p2a: Arcanine|148\/327
|
|turn|21
|choice|move 1|move 3
|
|move|p2a: Arcanine|Body Slam|p1a: Mew
|-damage|p1a: Mew|162\/300 par
|move|p1a: Mew|Soft-Boiled|p1a: Mew
|-heal|p1a: Mew|300\/300 par
|
|turn|22
|choice|move 4|move 3
|
|move|p2a: Arcanine|Body Slam|p1a: Mew
|-damage|p1a: Mew|227\/300 par
|move|p1a: Mew|Blizzard|p2a: Arcanine
|-damage|p2a: Arcanine|84\/327
|
|turn|23
|choice|move 1|move 3
|
|move|p2a: Arcanine|Body Slam|p1a: Mew
|-crit|p1a: Mew
|-damage|p1a: Mew|102\/300 par
|move|p1a: Mew|Soft-Boiled|p1a: Mew
|-heal|p1a: Mew|252\/300 par
|
|turn|24
|choice|move 2|move 3
|
|move|p2a: Arcanine|Body Slam|p1a: Mew
|-damage|p1a: Mew|178\/300 par
|move|p1a: Mew|Earthquake|p2a: Arcanine
|-crit|p2a: Arcanine
|-supereffective|p2a: Arcanine
|-damage|p2a: Arcanine|0 fnt
|faint|p2a: Arcanine
|choice||switch 6
|
|switch|p2a: Victreebel|Victreebel, L85|310\/310
|turn|25
|choice|move 4|move 1
|
|move|p2a: Victreebel|Razor Leaf|p1a: Mew
|-crit|p1a: Mew
|-damage|p1a: Mew|50\/300 par
|move|p1a: Mew|Blizzard|p2a: Victreebel
|-supereffective|p2a: Victreebel
|-damage|p2a: Victreebel|180\/310
|
|turn|26
|choice|move 4|move 1
|
|move|p2a: Victreebel|Razor Leaf|p1a: Mew
|-crit|p1a: Mew
|-damage|p1a: Mew|0 fnt
|faint|p1a: Mew
|choice|switch 2|
|
|switch|p1a: Arbok|Arbok, L90|291\/291
|turn|27
|choice|move 2|move 2
|
|move|p1a: Arbok|Body Slam|p2a: Victreebel
|-damage|p2a: Victreebel|99\/310
|-status|p2a: Victreebel|par
|move|p2a: Victreebel|Sleep Powder|p1a: Arbok|[miss]
|-miss|p2a: Victreebel
|
|turn|28
|choice|move 3|move 2
|
|move|p1a: Arbok|Hyper Beam|p2a: Victreebel
|-damage|p2a: Victreebel|0 fnt
|faint|p2a: Victreebel
|
|win|MALESANI