|j|Reverb
|j|Diegolh
|player|p1|Reverb|#reverb
|player|p2|Diegolh|209
|gametype|singles
|gen|1
|tier|[Gen 1] OU
|rated
|seed|48316,34325,36594,48351
|rule|Sleep Clause Mod: Limit one foe put to sleep
|rule|Freeze Clause Mod: Limit one foe frozen
|rule|Species Clause: Limit one of each Pokémon
|rule|OHKO Clause: OHKO moves are banned
|rule|Evasion Moves Clause: Evasion moves are banned
|rule|HP Percentage Mod: HP is shown in percentages
|
|start
|switch|p1a: Alakazam|Alakazam|313\/313
|switch|p2a: Alakazam|Alakazam|313\/313
|turn|1
|c|★Reverb|hf
|c|★Diegolh|meet you again
|c|★Diegolh|i've lose yesterday
|c|★Diegolh|glhf
|choice|switch 4|move 3
|
|switch|p1a: Chansey|Chansey|703\/703
|move|p2a: Alakazam|Thunder Wave|p1a: Chansey
|-status|p1a: Chansey|par
|
|turn|2
|c|★Reverb|u2
|c|★Diegolh|thx mate
|c|★Reverb|on peux parler en français mdr
|choice|move 3|move 1
|
|move|p2a: Alakazam|Psychic|p1a: Chansey
|-damage|p1a: Chansey|574\/703 par
|-unboost|p1a: Chansey|spd|1
|-unboost|p1a: Chansey|spa|1
|cant|p1a: Chansey|par
|
|turn|3
|c|★Diegolh|Effectivement, c'est possible ^^
|choice|move 3|move 1
|
|move|p2a: Alakazam|Psychic|p1a: Chansey
|-damage|p1a: Chansey|383\/703 par
|move|p1a: Chansey|Thunder Wave|p2a: Alakazam
|-status|p2a: Alakazam|par
|
|turn|4
|choice|move 4|move 1
|
|cant|p2a: Alakazam|par
|move|p1a: Chansey|Soft-Boiled|p1a: Chansey
|-heal|p1a: Chansey|703\/703 par
|
|turn|5
|choice|switch 2|move 1
|
|switch|p1a: Snorlax|Snorlax|523\/523
|move|p2a: Alakazam|Psychic|p1a: Snorlax
|-damage|p1a: Snorlax|342\/523
|-unboost|p1a: Snorlax|spd|1
|-unboost|p1a: Snorlax|spa|1
|
|turn|6
|choice|move 1|switch 3
|
|switch|p2a: Slowbro|Slowbro|393\/393
|move|p1a: Snorlax|Body Slam|p2a: Slowbro
|-damage|p2a: Slowbro|292\/393
|
|turn|7
|choice|move 4|move 1
|
|move|p1a: Snorlax|Self-Destruct|p2a: Slowbro
|-damage|p2a: Slowbro|0 fnt
|faint|p2a: Slowbro
|faint|p1a: Snorlax
|choice|switch 3|switch 3
|
|switch|p1a: Exeggutor|Exeggutor|393\/393
|switch|p2a: Alakazam|Alakazam|313\/313 par
|turn|8
|choice|switch 2|move 3
|
|switch|p1a: Chansey|Chansey|703\/703 par
|move|p2a: Alakazam|Thunder Wave|p1a: Chansey
|-fail|p1a: Chansey|par
|
|turn|9
|choice|move 2|move 1
|
|move|p2a: Alakazam|Psychic|p1a: Chansey
|-damage|p1a: Chansey|586\/703 par
|move|p1a: Chansey|Thunderbolt|p2a: Alakazam
|-damage|p2a: Alakazam|255\/313 par
|
|turn|10
|j|Appreciation
|c|★Diegolh|Ah ouais, Room owner, tu pèses. ^_^
|choice|switch 5|move 1
|
|switch|p1a: Tauros|Tauros|353\/353
|cant|p2a: Alakazam|par
|
|turn|11
|choice|move 4|move 3
|
|move|p1a: Tauros|Hyper Beam|p2a: Alakazam
|-damage|p2a: Alakazam|0 fnt
|faint|p2a: Alakazam
|c| Appreciation|hi reverb
|l|Appreciation
|c|★Reverb|hi
|c|★Reverb|oh
|c|★Reverb|oui
|c|★Reverb|mais je suis américain
|c|★Reverb|je ne parle pas français couramment
|c|★Reverb|mais je suis bon
|c|★Diegolh|OkOk
|c|★Reverb|j'ai pris beaucoup de cours français
|choice||switch 6
|
|switch|p2a: Exeggutor|Exeggutor|393\/393
|turn|12
|c|★Reverb|je peux le comprendre
|c|★Reverb|pas de difficulté
|j|teamcali15
|c|★Reverb|mais je parle avec un accent vraiment américain
|choice|switch 2|move 2
|
|switch|p1a: Exeggutor|Exeggutor|393\/393
|move|p2a: Exeggutor|Psychic|p1a: Exeggutor
|-resisted|p1a: Exeggutor
|-damage|p1a: Exeggutor|341\/393
|
|turn|13
|c|★Diegolh|Hahah, cute
|choice|move 2|move 2
|
|move|p1a: Exeggutor|Stun Spore|p2a: Exeggutor|[miss]
|-miss|p1a: Exeggutor
|move|p2a: Exeggutor|Psychic|p1a: Exeggutor
|-resisted|p1a: Exeggutor
|-damage|p1a: Exeggutor|289\/393
|
|turn|14
|choice|move 2|move 1
|
|move|p1a: Exeggutor|Stun Spore|p2a: Exeggutor|[miss]
|-miss|p1a: Exeggutor
|move|p2a: Exeggutor|Sleep Powder|p1a: Exeggutor
|-status|p1a: Exeggutor|slp
|
|turn|15
|j|Divinity Aurum
|choice|switch 4|move 2
|
|switch|p1a: Alakazam|Alakazam|313\/313
|move|p2a: Exeggutor|Psychic|p1a: Alakazam
|-resisted|p1a: Alakazam
|-damage|p1a: Alakazam|261\/313
|-unboost|p1a: Alakazam|spd|1
|-unboost|p1a: Alakazam|spa|1
|
|turn|16
|choice|move 2|move 2
|
|move|p1a: Alakazam|Thunder Wave|p2a: Exeggutor
|-status|p2a: Exeggutor|par
|move|p2a: Exeggutor|Psychic|p1a: Alakazam
|-resisted|p1a: Alakazam
|-damage|p1a: Alakazam|186\/313
|
|turn|17
|choice|move 4|move 3
|
|move|p1a: Alakazam|Seismic Toss|p2a: Exeggutor
|-damage|p2a: Exeggutor|293\/393 par
|move|p2a: Exeggutor|Explosion|p1a: Alakazam
|-damage|p1a: Alakazam|0 fnt
|faint|p1a: Alakazam
|faint|p2a: Exeggutor
|choice|switch 6|switch 4
|
|switch|p1a: Jolteon|Jolteon|333\/333
|switch|p2a: Chansey|Chansey|703\/703
|turn|18
|choice|switch 5|move 3
|
|switch|p1a: Chansey|Chansey|586\/703 par
|move|p2a: Chansey|Thunder Wave|p1a: Chansey
|-fail|p1a: Chansey|par
|
|turn|19
|choice|move 1|move 4
|
|move|p2a: Chansey|Thunderbolt|p1a: Chansey
|-damage|p1a: Chansey|513\/703 par
|move|p1a: Chansey|Ice Beam|p2a: Chansey
|-damage|p2a: Chansey|627\/703
|
|turn|20
|c|★Diegolh|J'ai l'impression que je vais finir glaçon. ^_^
|choice|move 4|move 4
|
|move|p2a: Chansey|Thunderbolt|p1a: Chansey
|-damage|p1a: Chansey|438\/703 par
|move|p1a: Chansey|Soft-Boiled|p1a: Chansey
|-heal|p1a: Chansey|703\/703 par
|
|turn|21
|choice|move 1|move 4
|
|move|p2a: Chansey|Thunderbolt|p1a: Chansey
|-damage|p1a: Chansey|629\/703 par
|move|p1a: Chansey|Ice Beam|p2a: Chansey
|-damage|p2a: Chansey|558\/703
|
|turn|22
|choice|move 1|move 4
|
|move|p2a: Chansey|Thunderbolt|p1a: Chansey
|-damage|p1a: Chansey|558\/703 par
|move|p1a: Chansey|Ice Beam|p2a: Chansey
|-damage|p2a: Chansey|489\/703
|
|turn|23
|choice|move 1|move 4
|
|move|p2a: Chansey|Thunderbolt|p1a: Chansey
|-damage|p1a: Chansey|486\/703 par
|move|p1a: Chansey|Ice Beam|p2a: Chansey
|-damage|p2a: Chansey|414\/703
|-status|p2a: Chansey|frz
|
|turn|24
|choice|move 4|switch 2
|
|switch|p2a: Tauros|Tauros|353\/353
|cant|p1a: Chansey|par
|
|turn|25
|c|★Reverb|~_~
|choice|move 3|move 1
|
|move|p2a: Tauros|Body Slam|p1a: Chansey
|-damage|p1a: Chansey|229\/703 par
|move|p1a: Chansey|Thunder Wave|p2a: Tauros
|-status|p2a: Tauros|par
|
|turn|26
|choice|switch 5|move 1
|
|switch|p1a: Jolteon|Jolteon|333\/333
|move|p2a: Tauros|Body Slam|p1a: Jolteon
|-crit|p1a: Jolteon
|-damage|p1a: Jolteon|57\/333
|
|turn|27
|choice|move 1|switch 2
|
|switch|p2a: Chansey|Chansey|414\/703 frz
|move|p1a: Jolteon|Thunderbolt|p2a: Chansey
|-crit|p2a: Chansey
|-damage|p2a: Chansey|208\/703 frz
|
|turn|28
|choice|move 3|move 3
|
|move|p1a: Jolteon|Double Kick|p2a: Chansey
|-supereffective|p2a: Chansey
|-damage|p2a: Chansey|114\/703 frz
|-damage|p2a: Chansey|20\/703 frz
|-hitcount|p2a: Chansey|2
|cant|p2a: Chansey|frz
|
|turn|29
|choice|move 4|move 3
|
|move|p1a: Jolteon|Pin Missile|p2a: Chansey
|-damage|p2a: Chansey|0 fnt
|-hitcount|p2a: Chansey|1
|faint|p2a: Chansey
|choice||switch 5
|
|switch|p2a: Rhydon|Rhydon|413\/413
|turn|30
|choice|move 3|move 2
|
|move|p1a: Jolteon|Double Kick|p2a: Rhydon
|-supereffective|p2a: Rhydon
|-damage|p2a: Rhydon|380\/413
|-damage|p2a: Rhydon|347\/413
|-hitcount|p2a: Rhydon|2
|move|p2a: Rhydon|Rock Slide|p1a: Jolteon
|-damage|p1a: Jolteon|0 fnt
|faint|p1a: Jolteon
|choice|switch 2|
|
|switch|p1a: Tauros|Tauros|353\/353
|turn|31
|choice|move 3|move 1
|
|move|p1a: Tauros|Blizzard|p2a: Rhydon|[miss]
|-miss|p1a: Tauros
|move|p2a: Rhydon|Earthquake|p1a: Tauros
|-damage|p1a: Tauros|214\/353
|
|turn|32
|choice|move 3|switch 2
|
|switch|p2a: Tauros|Tauros|353\/353 par
|move|p1a: Tauros|Blizzard|p2a: Tauros
|-damage|p2a: Tauros|256\/353 par
|
|turn|33
|choice|move 1|move 1
|
|move|p1a: Tauros|Body Slam|p2a: Tauros
|-damage|p2a: Tauros|146\/353 par
|move|p2a: Tauros|Body Slam|p1a: Tauros
|-damage|p1a: Tauros|114\/353
|
|turn|34
|choice|move 4|switch 2
|
|switch|p2a: Rhydon|Rhydon|347\/413
|move|p1a: Tauros|Hyper Beam|p2a: Rhydon
|-resisted|p2a: Rhydon
|-damage|p2a: Rhydon|270\/413
|
|turn|35
|-mustrecharge|p1a: Tauros
|-mustrecharge|p1a: Tauros
|choice|move 1|move 1
|
|cant|p1a: Tauros|recharge
|move|p2a: Rhydon|Earthquake|p1a: Tauros
|-damage|p1a: Tauros|0 fnt
|faint|p1a: Tauros
|choice|switch 4|
|
|switch|p1a: Exeggutor|Exeggutor|289\/393 slp
|turn|36
|choice|move 3|move 3
|
|cant|p1a: Exeggutor|slp
|move|p2a: Rhydon|Substitute|p2a: Rhydon
|-start|p2a: Rhydon|Substitute
|-damage|p2a: Rhydon|167\/413
|
|turn|37
|choice|move 3|move 2
|
|cant|p1a: Exeggutor|slp
|move|p2a: Rhydon|Rock Slide|p1a: Exeggutor
|-damage|p1a: Exeggutor|173\/393 slp
|
|turn|38
|choice|move 3|move 2
|
|-curestatus|p1a: Exeggutor|slp
|move|p2a: Rhydon|Rock Slide|p1a: Exeggutor
|-damage|p1a: Exeggutor|52\/393
|
|turn|39
|choice|move 3|move 2
|
|move|p1a: Exeggutor|Psychic|p2a: Rhydon
|-end|p2a: Rhydon|Substitute
|move|p2a: Rhydon|Rock Slide|p1a: Exeggutor
|-damage|p1a: Exeggutor|0 fnt
|faint|p1a: Exeggutor
|c|★Reverb|gg
|-message|Reverb forfeited.
|
|win|Diegolh
|player|p1
|player|p2
|l|Reverb
|raw|Reverb's rating: 1434 &rarr; <strong>1408<\/strong><br \/>(-26 for losing)
|raw|Diegolh's rating: 1330 &rarr; <strong>1356<\/strong><br \/>(+26 for winning)
|l|Divinity Aurum