|join|Conman033
|join|iitzzsatan
|player|p1|Conman033|162
|player|p2|iitzzsatan|102
|gametype|singles
|gen|1
|tier|[Gen 1] Random Battle
|rated
|rule|Sleep Clause Mod: Limit one foe put to sleep
|rule|Freeze Clause Mod: Limit one foe frozen
|rule|HP Percentage Mod: HP is shown in percentages
|
|start
|switch|p1a: Mew|Mew, L77|312\/312
|switch|p2a: Ivysaur|Ivysaur, L86|279\/279
|turn|1
|
|move|p1a: Mew|Fissure|p2a: Ivysaur|[miss]
|-miss|p1a: Mew
|move|p2a: Ivysaur|Toxic|p1a: Mew
|-status|p1a: Mew|tox
|
|turn|2
|
|move|p1a: Mew|Earthquake|p2a: Ivysaur
|-damage|p2a: Ivysaur|206\/279
|-damage|p1a: Mew|293\/312 tox|[from] tox|[of] p2a: Ivysaur
|move|p2a: Ivysaur|Leech Seed|p1a: Mew
|-start|p1a: Mew|move: Leech Seed
|
|turn|3
|
|switch|p1a: Ivysaur|Ivysaur, L86|279\/279
|move|p2a: Ivysaur|Body Slam|p1a: Ivysaur
|-damage|p1a: Ivysaur|220\/279
|
|turn|4
|
|switch|p2a: Gastly|Gastly, L95|250\/250
|move|p1a: Ivysaur|Body Slam|p2a: Gastly
|-immune|p2a: Gastly|[msg]
|
|turn|5
|c|★iitzzsatan|;)
|
|move|p2a: Gastly|Hypnosis|p1a: Ivysaur
|-status|p1a: Ivysaur|slp
|cant|p1a: Ivysaur|slp
|
|turn|6
|c|★Conman033|gastly is satan
|c|★iitzzsatan|hahahaha
|
|move|p2a: Gastly|Mega Drain|p1a: Ivysaur
|-resisted|p1a: Ivysaur
|-damage|p1a: Ivysaur|212\/279 slp
|cant|p1a: Ivysaur|slp
|
|turn|7
|c|★iitzzsatan|this is my first match...
|c|★Conman033|is it really?
|
|move|p2a: Gastly|Thunderbolt|p1a: Ivysaur
|-crit|p1a: Ivysaur
|-resisted|p1a: Ivysaur
|-damage|p1a: Ivysaur|126\/279 slp
|cant|p1a: Ivysaur|slp
|
|turn|8
|c|★iitzzsatan|yep
|
|move|p2a: Gastly|Thunderbolt|p1a: Ivysaur
|-crit|p1a: Ivysaur
|-resisted|p1a: Ivysaur
|-damage|p1a: Ivysaur|34\/279 slp
|cant|p1a: Ivysaur|slp
|
|turn|9
|
|move|p2a: Gastly|Thunderbolt|p1a: Ivysaur
|-resisted|p1a: Ivysaur
|-damage|p1a: Ivysaur|0 fnt
|faint|p1a: Ivysaur
|
|switch|p1a: Mew|Mew, L77|293\/312 tox
|-status|p1a: Mew|psn
|turn|10
|
|switch|p2a: Magneton|Magneton, L86|261\/261
|move|p1a: Mew|Earthquake|p2a: Magneton
|-supereffective|p2a: Magneton
|-damage|p2a: Magneton|157\/261
|-damage|p1a: Mew|274\/312 psn|[from] psn|[of] p2a: Magneton
|
|turn|11
|c|★iitzzsatan|oops
|c|★iitzzsatan|hmmm
|
|move|p1a: Mew|Earthquake|p2a: Magneton
|-supereffective|p2a: Magneton
|-damage|p2a: Magneton|46\/261
|-damage|p1a: Mew|255\/312 psn|[from] psn|[of] p2a: Magneton
|move|p2a: Magneton|Thunder Wave|p1a: Mew
|-fail|p1a: Mew
|
|turn|12
|
|switch|p2a: Slowbro|Slowbro, L80|316\/316
|move|p1a: Mew|Earthquake|p2a: Slowbro
|-crit|p2a: Slowbro
|-damage|p2a: Slowbro|213\/316
|-damage|p1a: Mew|236\/312 psn|[from] psn|[of] p2a: Slowbro
|
|turn|13
|
|move|p1a: Mew|Thunderbolt|p2a: Slowbro
|-supereffective|p2a: Slowbro
|-damage|p2a: Slowbro|93\/316
|-status|p2a: Slowbro|par
|-damage|p1a: Mew|217\/312 psn|[from] psn|[of] p2a: Slowbro
|move|p2a: Slowbro|Surf|p1a: Mew
|-damage|p1a: Mew|140\/312 psn
|
|turn|14
|
|move|p1a: Mew|Thunderbolt|p2a: Slowbro
|-supereffective|p2a: Slowbro
|-damage|p2a: Slowbro|0 fnt
|faint|p2a: Slowbro
|
|switch|p2a: Porygon|Porygon, L86|287\/287
|turn|15
|
|move|p1a: Mew|Fissure|p2a: Porygon
|-damage|p2a: Porygon|0 fnt
|faint|p2a: Porygon
|c|★iitzzsatan|god
|c|★Conman033|YES
|c|★iitzzsatan|lol gj
|
|switch|p2a: Ivysaur|Ivysaur, L86|206\/279
|turn|16
|c|★iitzzsatan|i dunnno wtf that was
|
|move|p1a: Mew|Fissure|p2a: Ivysaur
|-damage|p2a: Ivysaur|0 fnt
|faint|p2a: Ivysaur
|c|★iitzzsatan|go somehwere lmao
|c|★Conman033|OHHHH
|c|★Conman033|LOL
|
|switch|p2a: Hitmonlee|Hitmonlee, L86|261\/261
|turn|17
|c|★Conman033|holy shit
|c|★iitzzsatan|this bout to be gg
|
|move|p2a: Hitmonlee|High Jump Kick|p1a: Mew
|-crit|p1a: Mew
|-resisted|p1a: Mew
|-damage|p1a: Mew|39\/312 psn
|move|p1a: Mew|Fissure|p2a: Hitmonlee|[miss]
|-miss|p1a: Mew
|-damage|p1a: Mew|20\/312 psn|[from] psn|[of] p2a: Hitmonlee
|
|turn|18
|
|move|p2a: Hitmonlee|Mimic|p1a: Mew
|-start|p2a: Hitmonlee|Mimic|Thunderbolt
|move|p1a: Mew|Fissure|p2a: Hitmonlee|[miss]
|-miss|p1a: Mew
|-damage|p1a: Mew|1\/312 psn|[from] psn|[of] p2a: Hitmonlee
|
|turn|19
|
|move|p2a: Hitmonlee|Body Slam|p1a: Mew
|-damage|p1a: Mew|0 fnt
|faint|p1a: Mew
|
|switch|p1a: Exeggcute|Exeggcute, L95|307\/307
|turn|20
|
|move|p2a: Hitmonlee|Thunderbolt|p1a: Exeggcute
|-crit|p1a: Exeggcute
|-resisted|p1a: Exeggcute
|-damage|p1a: Exeggcute|267\/307
|move|p1a: Exeggcute|Psychic|p2a: Hitmonlee
|-supereffective|p2a: Hitmonlee
|-damage|p2a: Hitmonlee|0 fnt
|faint|p2a: Hitmonlee
|c|★iitzzsatan|-_-
|c|★Conman033|haha
|
|switch|p2a: Magneton|Magneton, L86|46\/261
|turn|21
|
|move|p2a: Magneton|Thunder Wave|p1a: Exeggcute
|-status|p1a: Exeggcute|par
|move|p1a: Exeggcute|Explosion|p2a: Magneton
|-damage|p2a: Magneton|0 fnt
|faint|p2a: Magneton
|faint|p1a: Exeggcute
|c|★iitzzsatan|YOLO
|c|★iitzzsatan|lol what
|c|★Conman033|scrambled eggs
|
|switch|p1a: Tauros|Tauros, L80|284\/284
|switch|p2a: Gastly|Gastly, L95|250\/250
|turn|22
|c|★iitzzsatan|^
|
|move|p1a: Tauros|Earthquake|p2a: Gastly
|-supereffective|p2a: Gastly
|-damage|p2a: Gastly|62\/250
|move|p2a: Gastly|Confuse Ray|p1a: Tauros
|-start|p1a: Tauros|confusion
|
|turn|23
|
|switch|p1a: Magmar|Magmar, L86|287\/287
|move|p2a: Gastly|Thunderbolt|p1a: Magmar|[miss]
|-miss|p2a: Gastly
|
|turn|24
|c|★iitzzsatan|*facepalm* that miss
|c|★Conman033|how did that miss
|
|move|p2a: Gastly|Hypnosis|p1a: Magmar|[miss]
|-miss|p2a: Gastly
|move|p1a: Magmar|Confuse Ray|p2a: Gastly
|-start|p2a: Gastly|confusion
|
|turn|25
|c|★iitzzsatan|lol exactly
|c|★Conman033|isnt that like 100% accuracy
|
|-activate|p2a: Gastly|confusion
|move|p2a: Gastly|Mega Drain|p1a: Magmar
|-resisted|p1a: Magmar
|-damage|p1a: Magmar|269\/287
|-heal|p2a: Gastly|71\/250|[from] drain|[of] p1a: Magmar
|move|p1a: Magmar|Flamethrower|p2a: Gastly
|-damage|p2a: Gastly|0 fnt
|faint|p2a: Gastly
|
|win|Conman033
|raw|Ladder updating...
|raw|Conman033's rating: 1143 &rarr; <strong>1161<\/strong><br \/>(+18 for winning)
|raw|iitzzsatan's rating: 1040 &rarr; <strong>1029<\/strong><br \/>(-11 for losing)
|c|★iitzzsatan|yeah hahahahaha
|c|★iitzzsatan|gg
|c|★Conman033|gg man
|leave|iitzzsatan