|join|Agarest
|join|Noratraika
|player|p1|Agarest|161
|player|p2|Noratraika|285
|gametype|singles
|gen|1
|tier|[Gen 1] OU
|rated
|seed|21986,58033,58798,33569
|rule|Sleep Clause Mod: Limit one foe put to sleep
|rule|Freeze Clause Mod: Limit one foe frozen
|rule|Species Clause: Limit one of each Pokémon
|rule|OHKO Clause: OHKO moves are banned
|rule|Evasion Moves Clause: Evasion moves are banned
|rule|HP Percentage Mod: HP is shown in percentages
|
|start
|switch|p1a: Gengar|Gengar|323\/323
|switch|p2a: Jynx|Jynx|333\/333
|turn|1
|choice|move 4|move 3
|
|move|p1a: Gengar|Hypnosis|p2a: Jynx|[miss]
|-miss|p1a: Gengar
|move|p2a: Jynx|Psychic|p1a: Gengar
|-supereffective|p1a: Gengar
|-damage|p1a: Gengar|144\/323
|-unboost|p1a: Gengar|spd|1
|-unboost|p1a: Gengar|spa|1
|
|turn|2
|choice|switch 5|switch 3
|
|switch|p1a: Alakazam|Alakazam|313\/313
|switch|p2a: Starmie|Starmie|323\/323
|
|turn|3
|choice|switch 3|switch 6
|
|switch|p1a: Chansey|Chansey|703\/703
|switch|p2a: Chansey|Chansey|703\/703
|
|turn|4
|choice|move 4|move 4
|
|move|p2a: Chansey|Ice Beam|p1a: Chansey
|-damage|p1a: Chansey|623\/703
|move|p1a: Chansey|Thunder Wave|p2a: Chansey
|-status|p2a: Chansey|par
|
|turn|5
|choice|switch 6|move 4
|
|switch|p1a: Snorlax|Snorlax|523\/523
|move|p2a: Chansey|Ice Beam|p1a: Snorlax
|-crit|p1a: Snorlax
|-damage|p1a: Snorlax|321\/523
|
|turn|6
|choice|move 1|switch 4
|
|switch|p2a: Snorlax|Snorlax|523\/523
|move|p1a: Snorlax|Body Slam|p2a: Snorlax
|-damage|p2a: Snorlax|396\/523
|
|turn|7
|choice|switch 2|move 1
|
|switch|p1a: Exeggutor|Exeggutor|393\/393
|move|p2a: Snorlax|Amnesia|p2a: Snorlax
|-boost|p2a: Snorlax|spd|2
|-boost|p2a: Snorlax|spa|2
|
|turn|8
|choice|move 3|move 2
|
|move|p1a: Exeggutor|Sleep Powder|p2a: Snorlax
|-status|p2a: Snorlax|slp
|cant|p2a: Snorlax|slp
|
|turn|9
|choice|move 1|move 2
|
|move|p1a: Exeggutor|Psychic|p2a: Snorlax
|-damage|p2a: Snorlax|313\/523 slp
|-unboost|p2a: Snorlax|spd|1
|-unboost|p2a: Snorlax|spa|1
|cant|p2a: Snorlax|slp
|
|turn|10
|choice|move 1|move 2
|
|move|p1a: Exeggutor|Psychic|p2a: Snorlax
|-damage|p2a: Snorlax|207\/523 slp
|cant|p2a: Snorlax|slp
|
|turn|11
|choice|move 1|move 2
|
|move|p1a: Exeggutor|Psychic|p2a: Snorlax
|-crit|p2a: Snorlax
|-damage|p2a: Snorlax|0 fnt
|faint|p2a: Snorlax
|choice||switch 3
|
|switch|p2a: Jynx|Jynx|333\/333
|turn|12
|choice|switch 6|move 1
|
|switch|p1a: Chansey|Chansey|623\/703
|move|p2a: Jynx|Lovely Kiss|p1a: Chansey
|-status|p1a: Chansey|slp
|
|turn|13
|choice|move 1|move 2
|
|move|p2a: Jynx|Ice Beam|p1a: Chansey
|-damage|p1a: Chansey|517\/703 slp
|cant|p1a: Chansey|slp
|
|turn|14
|choice|move 1|move 3
|
|move|p2a: Jynx|Psychic|p1a: Chansey
|-crit|p1a: Chansey
|-damage|p1a: Chansey|312\/703 slp
|-unboost|p1a: Chansey|spd|1
|-unboost|p1a: Chansey|spa|1
|cant|p1a: Chansey|slp
|
|turn|15
|choice|switch 3|move 2
|
|switch|p1a: Alakazam|Alakazam|313\/313
|move|p2a: Jynx|Ice Beam|p1a: Alakazam
|-damage|p1a: Alakazam|220\/313
|
|turn|16
|choice|move 4|switch 4
|
|switch|p2a: Chansey|Chansey|703\/703 par
|move|p1a: Alakazam|Thunder Wave|p2a: Chansey
|-fail|p2a: Chansey|par
|
|turn|17
|choice|switch 2|move 2
|
|switch|p1a: Snorlax|Snorlax|321\/523
|cant|p2a: Chansey|par
|
|turn|18
|choice|move 1|switch 2
|
|switch|p2a: Tauros|Tauros|353\/353
|move|p1a: Snorlax|Body Slam|p2a: Tauros
|-damage|p2a: Tauros|240\/353
|
|turn|19
|choice|switch 6|move 2
|
|switch|p1a: Exeggutor|Exeggutor|393\/393
|move|p2a: Tauros|Body Slam|p1a: Exeggutor
|-damage|p1a: Exeggutor|276\/393
|
|turn|20
|choice|move 1|switch 2
|
|switch|p2a: Chansey|Chansey|703\/703 par
|move|p1a: Exeggutor|Psychic|p2a: Chansey
|-damage|p2a: Chansey|577\/703 par
|
|turn|21
|choice|switch 6|switch 6
|
|switch|p1a: Snorlax|Snorlax|321\/523
|switch|p2a: Starmie|Starmie|323\/323
|
|turn|22
|choice|move 3|move 3
|
|move|p2a: Starmie|Psychic|p1a: Snorlax
|-damage|p1a: Snorlax|172\/523
|move|p1a: Snorlax|Amnesia|p1a: Snorlax
|-boost|p1a: Snorlax|spd|2
|-boost|p1a: Snorlax|spa|2
|
|turn|23
|choice|move 4|move 3
|
|move|p2a: Starmie|Psychic|p1a: Snorlax
|-damage|p1a: Snorlax|99\/523
|move|p1a: Snorlax|Rest|p1a: Snorlax
|-status|p1a: Snorlax|slp
|-heal|p1a: Snorlax|523\/523 slp|[silent]
|-status|p1a: Snorlax|slp|[from] move: Rest
|
|turn|24
|choice|move 1|switch 2
|
|switch|p2a: Tauros|Tauros|240\/353
|cant|p1a: Snorlax|slp
|
|turn|25
|choice|move 2|move 2
|
|move|p2a: Tauros|Body Slam|p1a: Snorlax
|-damage|p1a: Snorlax|384\/523 slp
|-curestatus|p1a: Snorlax|slp
|
|turn|26
|choice|move 2|move 2
|
|move|p2a: Tauros|Body Slam|p1a: Snorlax
|-damage|p1a: Snorlax|260\/523
|move|p1a: Snorlax|Reflect|p1a: Snorlax
|-start|p1a: Snorlax|Reflect
|
|turn|27
|choice|move 4|move 2
|
|move|p2a: Tauros|Body Slam|p1a: Snorlax
|-damage|p1a: Snorlax|196\/523
|move|p1a: Snorlax|Rest|p1a: Snorlax
|-status|p1a: Snorlax|slp
|-heal|p1a: Snorlax|523\/523 slp|[silent]
|-status|p1a: Snorlax|slp|[from] move: Rest
|
|turn|28
|choice|move 1|move 2
|
|move|p2a: Tauros|Body Slam|p1a: Snorlax
|-damage|p1a: Snorlax|458\/523 slp
|cant|p1a: Snorlax|slp
|
|turn|29
|choice|move 1|move 2
|
|move|p2a: Tauros|Body Slam|p1a: Snorlax
|-damage|p1a: Snorlax|393\/523 slp
|-curestatus|p1a: Snorlax|slp
|
|turn|30
|choice|move 1|move 2
|
|move|p2a: Tauros|Body Slam|p1a: Snorlax
|-damage|p1a: Snorlax|329\/523
|move|p1a: Snorlax|Body Slam|p2a: Tauros
|-damage|p2a: Tauros|125\/353
|
|turn|31
|choice|move 1|move 2
|
|move|p2a: Tauros|Body Slam|p1a: Snorlax
|-damage|p1a: Snorlax|264\/523
|move|p1a: Snorlax|Body Slam|p2a: Tauros
|-damage|p2a: Tauros|5\/353
|
|turn|32
|choice|move 4|move 3
|
|move|p2a: Tauros|Hyper Beam|p1a: Snorlax
|-damage|p1a: Snorlax|152\/523
|move|p1a: Snorlax|Rest|p1a: Snorlax
|-status|p1a: Snorlax|slp
|-heal|p1a: Snorlax|523\/523 slp|[silent]
|-status|p1a: Snorlax|slp|[from] move: Rest
|
|turn|33
|-mustrecharge|p2a: Tauros
|-mustrecharge|p2a: Tauros
|choice|move 1|move 1
|
|cant|p2a: Tauros|recharge
|cant|p1a: Snorlax|slp
|
|turn|34
|choice|move 1|move 2
|
|move|p2a: Tauros|Body Slam|p1a: Snorlax
|-damage|p1a: Snorlax|459\/523 slp
|-curestatus|p1a: Snorlax|slp
|
|turn|35
|choice|move 1|move 3
|
|move|p2a: Tauros|Hyper Beam|p1a: Snorlax
|-damage|p1a: Snorlax|354\/523
|move|p1a: Snorlax|Body Slam|p2a: Tauros
|-damage|p2a: Tauros|0 fnt
|faint|p2a: Tauros
|-message|Noratraika forfeited.
|
|win|Agarest
|leave|Noratraika
|player|p2
|raw|Agarest's rating: 1057 &rarr; <strong>1084<\/strong><br \/>(+27 for winning)
|raw|Noratraika's rating: 1000 &rarr; <strong>1000<\/strong><br \/>(+0 for losing)