|join|COOLTRAINER EARL
|join|gen1masterrony
|player|p1|COOLTRAINER EARL|239
|player|p2|gen1masterrony|162
|gametype|singles
|gen|1
|tier|[Gen 1] OU
|rated
|rule|Sleep Clause Mod: Limit one foe put to sleep
|rule|Freeze Clause Mod: Limit one foe frozen
|rule|Species Clause: Limit one of each Pokémon
|rule|OHKO Clause: OHKO moves are banned
|rule|Evasion Moves Clause: Evasion moves are banned
|rule|HP Percentage Mod: HP is shown in percentages
|
|start
|switch|p1a: Chastor|Chansey|703\/703
|switch|p2a: Hypno|Hypno|373\/373
|turn|1
|
|move|p2a: Hypno|Hypnosis|p1a: Chastor
|-status|p1a: Chastor|slp
|cant|p1a: Chastor|slp
|
|turn|2
|
|move|p2a: Hypno|Psychic|p1a: Chastor
|-damage|p1a: Chastor|584\/703 slp
|-unboost|p1a: Chastor|spd|1
|-unboost|p1a: Chastor|spa|1
|cant|p1a: Chastor|slp
|
|turn|3
|
|switch|p1a: Jynstor|Jynx|333\/333
|move|p2a: Hypno|Psychic|p1a: Jynstor
|-resisted|p1a: Jynstor
|-damage|p1a: Jynstor|270\/333
|
|turn|4
|
|move|p1a: Jynstor|Lovely Kiss|p2a: Hypno|[miss]
|-miss|p1a: Jynstor
|move|p2a: Hypno|Thunder Wave|p1a: Jynstor
|-status|p1a: Jynstor|par
|
|turn|5
|c|★COOLTRAINER EARL|lol
|
|move|p2a: Hypno|Psychic|p1a: Jynstor
|-resisted|p1a: Jynstor
|-damage|p1a: Jynstor|206\/333 par
|-unboost|p1a: Jynstor|spd|1
|-unboost|p1a: Jynstor|spa|1
|move|p1a: Jynstor|Lovely Kiss|p2a: Hypno
|-status|p2a: Hypno|slp
|
|turn|6
|
|switch|p2a: Alakazam|Alakazam|313\/313
|switch|p1a: Zapstor|Zapdos|383\/383
|
|turn|7
|
|move|p2a: Alakazam|Thunder Wave|p1a: Zapstor
|-status|p1a: Zapstor|par
|move|p1a: Zapstor|Light Screen|p1a: Zapstor
|
|turn|8
|
|move|p2a: Alakazam|Psychic|p1a: Zapstor
|-crit|p1a: Zapstor
|-damage|p1a: Zapstor|146\/383 par
|cant|p1a: Zapstor|par
|
|turn|9
|c|★COOLTRAINER EARL|lol
|
|move|p2a: Alakazam|Psychic|p1a: Zapstor
|-damage|p1a: Zapstor|86\/383 par
|-unboost|p1a: Zapstor|spd|1
|-unboost|p1a: Zapstor|spa|1
|move|p1a: Zapstor|Drill Peck|p2a: Alakazam
|-damage|p2a: Alakazam|185\/313
|
|turn|10
|c|★COOLTRAINER EARL|lmao.
|
|move|p2a: Alakazam|Psychic|p1a: Zapstor
|-crit|p1a: Zapstor
|-damage|p1a: Zapstor|0 fnt
|faint|p1a: Zapstor
|
|switch|p1a: Jynstor|Jynx|206\/333 par
|
|turn|11
|
|move|p2a: Alakazam|Psychic|p1a: Jynstor
|-resisted|p1a: Jynstor
|-damage|p1a: Jynstor|142\/333 par
|cant|p1a: Jynstor|par
|
|turn|12
|
|move|p2a: Alakazam|Psychic|p1a: Jynstor
|-crit|p1a: Jynstor
|-resisted|p1a: Jynstor
|-damage|p1a: Jynstor|18\/333 par
|move|p1a: Jynstor|Blizzard|p2a: Alakazam
|-damage|p2a: Alakazam|65\/313
|
|turn|13
|
|move|p2a: Alakazam|Psychic|p1a: Jynstor
|-crit|p1a: Jynstor
|-resisted|p1a: Jynstor
|-damage|p1a: Jynstor|0 fnt
|faint|p1a: Jynstor
|
|switch|p1a: Alastor|Alakazam|313\/313
|
|turn|14
|
|move|p1a: Alastor|Psychic|p2a: Alakazam
|-resisted|p2a: Alakazam
|-damage|p2a: Alakazam|17\/313
|move|p2a: Alakazam|Thunder Wave|p1a: Alastor
|-status|p1a: Alastor|par
|
|turn|15
|
|move|p2a: Alakazam|Recover|p2a: Alakazam
|-heal|p2a: Alakazam|173\/313
|move|p1a: Alastor|Psychic|p2a: Alakazam
|-resisted|p2a: Alakazam
|-damage|p2a: Alakazam|120\/313
|-unboost|p2a: Alakazam|spd|1
|-unboost|p2a: Alakazam|spa|1
|
|turn|16
|
|move|p2a: Alakazam|Recover|p2a: Alakazam
|-heal|p2a: Alakazam|276\/313
|move|p1a: Alastor|Psychic|p2a: Alakazam
|-crit|p2a: Alakazam
|-resisted|p2a: Alakazam
|-damage|p2a: Alakazam|182\/313
|
|turn|17
|
|switch|p2a: Exeggutor|Exeggutor|393\/393
|move|p1a: Alastor|Psychic|p2a: Exeggutor
|-resisted|p2a: Exeggutor
|-damage|p2a: Exeggutor|339\/393
|
|turn|18
|
|switch|p2a: Alakazam|Alakazam|182\/313
|move|p1a: Alastor|Thunder Wave|p2a: Alakazam
|-status|p2a: Alakazam|par
|
|turn|19
|
|move|p1a: Alastor|Psychic|p2a: Alakazam
|-resisted|p2a: Alakazam
|-damage|p2a: Alakazam|127\/313 par
|-unboost|p2a: Alakazam|spd|1
|-unboost|p2a: Alakazam|spa|1
|move|p2a: Alakazam|Psychic|p1a: Alastor
|-crit|p1a: Alastor
|-resisted|p1a: Alastor
|-damage|p1a: Alastor|215\/313 par
|
|turn|20
|
|move|p1a: Alastor|Psychic|p2a: Alakazam
|-resisted|p2a: Alakazam
|-damage|p2a: Alakazam|53\/313 par
|move|p2a: Alakazam|Psychic|p1a: Alastor
|-resisted|p1a: Alastor
|-damage|p1a: Alastor|180\/313 par
|
|turn|21
|
|move|p1a: Alastor|Psychic|p2a: Alakazam
|-crit|p2a: Alakazam
|-resisted|p2a: Alakazam
|-damage|p2a: Alakazam|0 fnt
|faint|p2a: Alakazam
|
|switch|p2a: Tauros|Tauros|353\/353
|
|turn|22
|
|switch|p1a: Genstor|Gengar|323\/323
|move|p2a: Tauros|Hyper Beam|p1a: Genstor
|-immune|p1a: Genstor|[msg]
|
|turn|23
|
|move|p2a: Tauros|Earthquake|p1a: Genstor
|-supereffective|p1a: Genstor
|-damage|p1a: Genstor|123\/323
|move|p1a: Genstor|Confuse Ray|p2a: Tauros
|-start|p2a: Tauros|confusion
|
|turn|24
|
|-activate|p2a: Tauros|confusion
|move|p2a: Tauros|Earthquake|p1a: Genstor
|-supereffective|p1a: Genstor
|-damage|p1a: Genstor|0 fnt
|faint|p1a: Genstor
|
|switch|p1a: Alastor|Alakazam|180\/313 par
|
|turn|25
|
|-activate|p2a: Tauros|confusion
|move|p2a: Tauros|Hyper Beam|p1a: Alastor
|-damage|p1a: Alastor|0 fnt
|faint|p1a: Alastor
|
|switch|p1a: Chastor|Chansey|584\/703 slp
|
|turn|26
|
|-activate|p2a: Tauros|confusion
|-damage|p2a: Tauros|317\/353|[from] confusion
|cant|p1a: Chastor|slp
|
|turn|27
|
|-activate|p2a: Tauros|confusion
|-damage|p2a: Tauros|281\/353|[from] confusion
|cant|p1a: Chastor|slp
|
|turn|28
|
|-end|p2a: Tauros|confusion
|move|p2a: Tauros|Body Slam|p1a: Chastor
|-crit|p1a: Chastor
|-damage|p1a: Chastor|36\/703 slp
|cant|p1a: Chastor|slp
|-curestatus|p1a: Chastor|slp
|
|turn|29
|
|switch|p1a: Golstor|Golem|363\/363
|move|p2a: Tauros|Body Slam|p1a: Golstor
|-resisted|p1a: Golstor
|-damage|p1a: Golstor|323\/363
|-status|p1a: Golstor|par
|
|turn|30
|c|★COOLTRAINER EARL|lmaoo
|
|move|p2a: Tauros|Blizzard|p1a: Golstor
|-supereffective|p1a: Golstor
|-damage|p1a: Golstor|107\/363 par
|move|p1a: Golstor|Explosion|p2a: Tauros
|-damage|p2a: Tauros|0 fnt
|faint|p2a: Tauros
|faint|p1a: Golstor
|
|switch|p2a: Machamp|Machamp|383\/383
|switch|p1a: Chastor|Chansey|36\/703
|turn|31
|
|move|p2a: Machamp|Low Kick|p1a: Chastor
|-supereffective|p1a: Chastor
|-damage|p1a: Chastor|0 fnt
|faint|p1a: Chastor
|
|win|gen1masterrony
|raw|Ladder updating...
|raw|COOLTRAINER EARL's rating: 1114 &rarr; <strong>1094<\/strong><br \/>(-20 for losing)
|raw|gen1masterrony's rating: 1177 &rarr; <strong>1198<\/strong><br \/>(+21 for winning)
|leave|COOLTRAINER EARL
|player|p1
|c|★gen1masterrony|gg nore bitch u cant beat a gen 1 topper ok