|j|Snap5
|j|AztecCroc
|player|p1|Snap5|153
|player|p2|AztecCroc|198
|gametype|singles
|gen|1
|tier|[Gen 1] Random Battle
|rated
|seed|13075,16760,65437,54648
|rule|Sleep Clause Mod: Limit one foe put to sleep
|rule|Freeze Clause Mod: Limit one foe frozen
|rule|HP Percentage Mod: HP is shown in percentages
|
|start
|switch|p1a: Scyther|Scyther, L90|309\/309
|switch|p2a: Hitmonchan|Hitmonchan, L90|273\/273
|turn|1
|choice|move 2|move 4
|
|move|p1a: Scyther|Swords Dance|p1a: Scyther
|-boost|p1a: Scyther|atk|2
|move|p2a: Hitmonchan|Body Slam|p1a: Scyther
|-damage|p1a: Scyther|243\/309
|
|turn|2
|choice|move 2|move 4
|
|move|p1a: Scyther|Swords Dance|p1a: Scyther
|-boost|p1a: Scyther|atk|2
|move|p2a: Hitmonchan|Body Slam|p1a: Scyther
|-damage|p1a: Scyther|169\/309
|-status|p1a: Scyther|par
|
|turn|3
|choice|move 4|move 3
|
|move|p2a: Hitmonchan|Seismic Toss|p1a: Scyther
|-damage|p1a: Scyther|79\/309 par
|move|p1a: Scyther|Agility|p1a: Scyther
|-boost|p1a: Scyther|spe|2
|
|turn|4
|choice|move 1|move 3
|
|cant|p1a: Scyther|par
|move|p2a: Hitmonchan|Seismic Toss|p1a: Scyther
|-damage|p1a: Scyther|0 fnt
|faint|p1a: Scyther
|choice|switch 3|
|
|switch|p1a: Tentacruel|Tentacruel, L85|310\/310
|turn|5
|choice|move 2|move 4
|
|move|p1a: Tentacruel|Hydro Pump|p2a: Hitmonchan|[miss]
|-miss|p1a: Tentacruel
|move|p2a: Hitmonchan|Body Slam|p1a: Tentacruel
|-damage|p1a: Tentacruel|228\/310
|-status|p1a: Tentacruel|par
|
|turn|6
|choice|move 2|move 3
|
|move|p2a: Hitmonchan|Seismic Toss|p1a: Tentacruel
|-damage|p1a: Tentacruel|138\/310 par
|move|p1a: Tentacruel|Hydro Pump|p2a: Hitmonchan
|-damage|p2a: Hitmonchan|45\/273
|
|turn|7
|choice|move 3|move 3
|
|move|p2a: Hitmonchan|Seismic Toss|p1a: Tentacruel
|-damage|p1a: Tentacruel|48\/310 par
|move|p1a: Tentacruel|Hyper Beam|p2a: Hitmonchan
|-damage|p2a: Hitmonchan|0 fnt
|faint|p2a: Hitmonchan
|choice||switch 4
|
|switch|p2a: Magneton|Magneton, L90|273\/273
|turn|8
|choice|switch 6|move 1
|
|switch|p1a: Dugtrio|Dugtrio, L85|233\/233
|move|p2a: Magneton|Thunderbolt|p1a: Dugtrio
|-immune|p1a: Dugtrio|[msg]
|
|turn|9
|choice|move 4|switch 5
|
|switch|p2a: Jynx|Jynx, L79|265\/265
|move|p1a: Dugtrio|Slash|p2a: Jynx
|-crit|p2a: Jynx
|-damage|p2a: Jynx|106\/265
|
|turn|10
|choice|move 4|move 3
|
|move|p1a: Dugtrio|Slash|p2a: Jynx
|-crit|p2a: Jynx
|-damage|p2a: Jynx|0 fnt
|faint|p2a: Jynx
|choice||switch 2
|
|switch|p2a: Gyarados|Gyarados, L85|335\/335
|turn|11
|choice|switch 4|move 3
|
|switch|p1a: Chansey|Chansey, L79|557\/557
|move|p2a: Gyarados|Surf|p1a: Chansey
|-damage|p1a: Chansey|462\/557
|
|turn|12
|choice|move 2|move 4
|
|move|p2a: Gyarados|Body Slam|p1a: Chansey
|-crit|p1a: Chansey
|-damage|p1a: Chansey|103\/557
|move|p1a: Chansey|Thunder Wave|p2a: Gyarados
|-status|p2a: Gyarados|par
|
|turn|13
|choice|move 1|move 4
|
|move|p1a: Chansey|Soft-Boiled|p1a: Chansey
|-heal|p1a: Chansey|381\/557
|move|p2a: Gyarados|Body Slam|p1a: Chansey
|-damage|p1a: Chansey|185\/557
|
|turn|14
|choice|move 1|move 1
|
|move|p1a: Chansey|Soft-Boiled|p1a: Chansey
|-heal|p1a: Chansey|463\/557
|move|p2a: Gyarados|Hyper Beam|p1a: Chansey|[miss]
|-miss|p2a: Gyarados
|
|turn|15
|choice|switch 6|move 1
|
|switch|p1a: Tentacruel|Tentacruel, L85|48\/310 par
|cant|p2a: Gyarados|par
|
|turn|16
|choice|move 4|move 4
|
|move|p1a: Tentacruel|Blizzard|p2a: Gyarados
|-damage|p2a: Gyarados|250\/335 par
|move|p2a: Gyarados|Body Slam|p1a: Tentacruel
|-damage|p1a: Tentacruel|0 fnt
|faint|p1a: Tentacruel
|choice|switch 2|
|
|switch|p1a: Persian|Persian, L79|265\/265
|turn|17
|choice|move 3|move 4
|
|move|p1a: Persian|Thunderbolt|p2a: Gyarados
|-supereffective|p2a: Gyarados
|-damage|p2a: Gyarados|72\/335 par
|cant|p2a: Gyarados|par
|
|turn|18
|choice|move 1|move 4
|
|move|p1a: Persian|Slash|p2a: Gyarados
|-crit|p2a: Gyarados
|-damage|p2a: Gyarados|0 fnt
|faint|p2a: Gyarados
|choice||switch 6
|
|switch|p2a: Machamp|Machamp, L90|345\/345
|turn|19
|choice|move 3|move 2
|
|move|p1a: Persian|Thunderbolt|p2a: Machamp
|-damage|p2a: Machamp|293\/345
|move|p2a: Machamp|Submission|p1a: Persian
|-supereffective|p1a: Persian
|-damage|p1a: Persian|0 fnt
|-damage|p2a: Machamp|227\/345|[from] recoil|[of] p1a: Persian
|faint|p1a: Persian
|choice|switch 4|
|
|switch|p1a: Dugtrio|Dugtrio, L85|233\/233
|turn|20
|choice|move 4|move 1
|
|move|p1a: Dugtrio|Slash|p2a: Machamp
|-crit|p2a: Machamp
|-damage|p2a: Machamp|148\/345
|move|p2a: Machamp|Body Slam|p1a: Dugtrio
|-damage|p1a: Dugtrio|123\/233
|
|turn|21
|choice|move 1|move 3
|
|move|p1a: Dugtrio|Earthquake|p2a: Machamp
|-damage|p2a: Machamp|50\/345
|move|p2a: Machamp|Hyper Beam|p1a: Dugtrio
|-damage|p1a: Dugtrio|0 fnt
|faint|p1a: Dugtrio
|choice|switch 5|
|
|switch|p1a: Ninetales|Ninetales, L85|298\/298
|turn|22
|choice|move 1|move 4
|
|move|p1a: Ninetales|Fire Blast|p2a: Machamp
|-damage|p2a: Machamp|0 fnt
|faint|p2a: Machamp
|choice||switch 5
|
|switch|p2a: Magneton|Magneton, L90|273\/273
|turn|23
|choice|switch 6|move 4
|
|switch|p1a: Chansey|Chansey, L79|463\/557
|move|p2a: Magneton|Thunder Wave|p1a: Chansey
|-status|p1a: Chansey|par
|
|turn|24
|choice|move 2|move 2
|
|move|p2a: Magneton|Mimic|p1a: Chansey
|-start|p2a: Magneton|Mimic|Counter
|move|p1a: Chansey|Thunder Wave|p2a: Magneton
|-status|p2a: Magneton|par
|
|turn|25
|choice|move 4|move 3
|
|cant|p2a: Magneton|par
|move|p1a: Chansey|Ice Beam|p2a: Magneton
|-damage|p2a: Magneton|222\/273 par
|
|turn|26
|choice|move 4|move 3
|
|cant|p2a: Magneton|par
|move|p1a: Chansey|Ice Beam|p2a: Magneton
|-damage|p2a: Magneton|176\/273 par
|
|turn|27
|choice|move 3|move 3
|
|move|p2a: Magneton|Double-Edge|p1a: Chansey
|-damage|p1a: Chansey|300\/557 par
|-damage|p2a: Magneton|136\/273 par|[from] recoil|[of] p1a: Chansey
|cant|p1a: Chansey|par
|
|turn|28
|choice|move 3|move 3
|
|move|p2a: Magneton|Double-Edge|p1a: Chansey
|-damage|p1a: Chansey|139\/557 par
|-damage|p2a: Magneton|96\/273 par|[from] recoil|[of] p1a: Chansey
|move|p1a: Chansey|Counter|p2a: Magneton
|-damage|p2a: Magneton|0 fnt
|faint|p2a: Magneton
|choice||switch 3
|
|switch|p2a: Mewtwo|Mewtwo, L70|293\/293
|turn|29
|choice|move 2|move 1
|
|move|p2a: Mewtwo|Psychic|p1a: Chansey
|-damage|p1a: Chansey|56\/557 par
|move|p1a: Chansey|Thunder Wave|p2a: Mewtwo
|-status|p2a: Mewtwo|par
|
|turn|30
|choice|move 1|move 1
|
|move|p2a: Mewtwo|Psychic|p1a: Chansey
|-crit|p1a: Chansey
|-damage|p1a: Chansey|0 fnt
|faint|p1a: Chansey
|choice|switch 6|
|
|switch|p1a: Ninetales|Ninetales, L85|298\/298
|turn|31
|choice|move 3|move 4
|
|move|p1a: Ninetales|Confuse Ray|p2a: Mewtwo
|-start|p2a: Mewtwo|confusion
|-activate|p2a: Mewtwo|confusion
|move|p2a: Mewtwo|Thunder Wave|p1a: Ninetales
|-status|p1a: Ninetales|par
|
|turn|32
|choice|move 1|move 1
|
|-activate|p2a: Mewtwo|confusion
|move|p2a: Mewtwo|Psychic|p1a: Ninetales
|-crit|p1a: Ninetales
|-damage|p1a: Ninetales|127\/298 par
|-unboost|p1a: Ninetales|spd|1
|-unboost|p1a: Ninetales|spa|1
|move|p1a: Ninetales|Fire Blast|p2a: Mewtwo
|-damage|p2a: Mewtwo|227\/293 par
|
|turn|33
|choice|move 1|move 1
|
|-activate|p2a: Mewtwo|confusion
|-damage|p2a: Mewtwo|198\/293 par|[from] confusion
|move|p1a: Ninetales|Fire Blast|p2a: Mewtwo|[miss]
|-miss|p1a: Ninetales
|
|turn|34
|choice|move 2|move 1
|
|-end|p2a: Mewtwo|confusion
|move|p2a: Mewtwo|Psychic|p1a: Ninetales
|-damage|p1a: Ninetales|0 fnt
|faint|p1a: Ninetales
|
|win|AztecCroc
|player|p1
|player|p2
|raw|Snap5's rating: 1339 &rarr; <strong>1307<\/strong><br \/>(-32 for losing)
|raw|AztecCroc's rating: 1098 &rarr; <strong>1139<\/strong><br \/>(+41 for winning)
|l|Snap5