|join|charrol
|join|Giju
|player|p1|charrol|169
|player|p2|Giju|198
|gametype|singles
|gen|1
|tier|[Gen 1] OU
|rated
|rule|Sleep Clause Mod: Limit one foe put to sleep
|rule|Freeze Clause Mod: Limit one foe frozen
|rule|Species Clause: Limit one of each Pokémon
|rule|OHKO Clause: OHKO moves are banned
|rule|Evasion Moves Clause: Evasion moves are banned
|rule|HP Percentage Mod: HP is shown in percentages
|
|start
|switch|p1a: Jynx|Jynx|333\/333
|switch|p2a: Alak|Alakazam|313\/313
|turn|1
|c|★Giju|YO
|c|★charrol|ciao
|c|★charrol|alla fine per sto torneo quando giochiamo ?
|
|move|p2a: Alak|Thunder Wave|p1a: Jynx
|-status|p1a: Jynx|par
|move|p1a: Jynx|Lovely Kiss|p2a: Alak
|-status|p2a: Alak|slp
|
|turn|2
|join|BlindyMcBlind
|c|★Giju|ieri i server non fungevano
|c|★Giju|famo ora?
|c|★charrol|devo andare a mangiare fra poco
|c|★Giju|ok allora famo questa e poi stasera facciamo
|c|★charrol|ok
|c|★Giju|perchè poi vado anche io
|c|★charrol|a che ora stasera ?
|
|switch|p2a: Snor|Snorlax|523\/523
|move|p1a: Jynx|Psychic|p2a: Snor
|-damage|p2a: Snor|398\/523
|
|turn|3
|c|★Giju|verso lw 20?
|c|★charrol|perfetto
|
|switch|p1a: Snorlax|Snorlax|523\/523
|move|p2a: Snor|Body Slam|p1a: Snorlax
|-damage|p1a: Snorlax|390\/523
|
|turn|4
|
|move|p2a: Snor|Body Slam|p1a: Snorlax
|-damage|p1a: Snorlax|242\/523
|move|p1a: Snorlax|Counter|p2a: Snor
|-damage|p2a: Snor|102\/523
|
|turn|5
|
|move|p1a: Snorlax|Body Slam|p2a: Snor
|-damage|p2a: Snor|0 fnt
|faint|p2a: Snor
|
|switch|p2a: Exe|Exeggutor|393\/393
|turn|6
|
|switch|p1a: Jynx|Jynx|333\/333 par
|move|p2a: Exe|Psychic|p1a: Jynx
|-resisted|p1a: Jynx
|-damage|p1a: Jynx|272\/333 par
|-unboost|p1a: Jynx|spd|1
|-unboost|p1a: Jynx|spa|1
|
|turn|7
|
|switch|p2a: Alak|Alakazam|313\/313 slp
|cant|p1a: Jynx|par
|
|turn|8
|
|switch|p1a: Snorlax|Snorlax|242\/523
|-curestatus|p2a: Alak|slp
|
|turn|9
|
|switch|p1a: Jynx|Jynx|272\/333 par
|move|p2a: Alak|Psychic|p1a: Jynx
|-resisted|p1a: Jynx
|-damage|p1a: Jynx|206\/333 par
|
|turn|10
|
|move|p2a: Alak|Seismic Toss|p1a: Jynx
|-damage|p1a: Jynx|106\/333 par
|cant|p1a: Jynx|par
|
|turn|11
|
|move|p2a: Alak|Seismic Toss|p1a: Jynx
|-damage|p1a: Jynx|6\/333 par
|move|p1a: Jynx|Lovely Kiss|p2a: Alak
|-status|p2a: Alak|slp
|
|turn|12
|
|cant|p2a: Alak|slp
|move|p1a: Jynx|Rest|p1a: Jynx
|-status|p1a: Jynx|slp
|-heal|p1a: Jynx|333\/333 slp|[silent]
|-status|p1a: Jynx|slp|[from] move: Rest
|
|turn|13
|
|switch|p2a: Tau|Tauros|353\/353
|cant|p1a: Jynx|slp
|
|turn|14
|
|switch|p1a: Exeggutor|Exeggutor|393\/393
|move|p2a: Tau|Body Slam|p1a: Exeggutor
|-damage|p1a: Exeggutor|280\/393
|
|turn|15
|
|switch|p2a: Alak|Alakazam|313\/313 slp
|move|p1a: Exeggutor|Stun Spore|p2a: Alak
|-fail|p2a: Alak
|
|turn|16
|
|switch|p1a: Jynx|Jynx|333\/333 slp
|cant|p2a: Alak|slp
|
|turn|17
|
|switch|p2a: Chan|Chansey|703\/703
|-curestatus|p1a: Jynx|slp
|
|turn|18
|
|switch|p1a: Chansey|Chansey|703\/703
|move|p2a: Chan|Thunderbolt|p1a: Chansey
|-damage|p1a: Chansey|630\/703
|
|turn|19
|
|move|p2a: Chan|Ice Beam|p1a: Chansey
|-damage|p1a: Chansey|561\/703
|move|p1a: Chansey|Ice Beam|p2a: Chan
|-damage|p2a: Chan|626\/703
|
|turn|20
|
|switch|p2a: Alak|Alakazam|313\/313 slp
|move|p1a: Chansey|Thunder Wave|p2a: Alak
|-fail|p2a: Alak
|
|turn|21
|
|switch|p1a: Snorlax|Snorlax|242\/523
|cant|p2a: Alak|slp
|
|turn|22
|
|-curestatus|p2a: Alak|slp
|move|p1a: Snorlax|Body Slam|p2a: Alak
|-damage|p2a: Alak|144\/313
|
|turn|23
|
|switch|p2a: Gol|Golem|363\/363
|switch|p1a: Jynx|Jynx|333\/333
|
|turn|24
|
|switch|p2a: Chan|Chansey|626\/703
|move|p1a: Jynx|Lovely Kiss|p2a: Chan
|-status|p2a: Chan|slp
|
|turn|25
|
|switch|p1a: Snorlax|Snorlax|242\/523
|switch|p2a: Alak|Alakazam|144\/313
|
|turn|26
|
|move|p2a: Alak|Psychic|p1a: Snorlax
|-damage|p1a: Snorlax|82\/523
|move|p1a: Snorlax|Body Slam|p2a: Alak
|-damage|p2a: Alak|0 fnt
|faint|p2a: Alak
|
|switch|p2a: Tau|Tauros|353\/353
|turn|27
|
|move|p2a: Tau|Body Slam|p1a: Snorlax
|-damage|p1a: Snorlax|0 fnt
|faint|p1a: Snorlax
|
|switch|p1a: Lapras|Lapras|463\/463
|turn|28
|
|switch|p2a: Chan|Chansey|626\/703 slp
|move|p1a: Lapras|Blizzard|p2a: Chan
|-damage|p2a: Chan|502\/703 slp
|
|turn|29
|
|move|p1a: Lapras|Body Slam|p2a: Chan
|-damage|p2a: Chan|349\/703 slp
|cant|p2a: Chan|slp
|
|turn|30
|
|move|p1a: Lapras|Body Slam|p2a: Chan
|-damage|p2a: Chan|182\/703 slp
|cant|p2a: Chan|slp
|
|turn|31
|
|move|p1a: Lapras|Body Slam|p2a: Chan
|-damage|p2a: Chan|4\/703 slp
|cant|p2a: Chan|slp
|
|turn|32
|
|move|p1a: Lapras|Body Slam|p2a: Chan
|-damage|p2a: Chan|0 fnt
|faint|p2a: Chan
|
|switch|p2a: Exe|Exeggutor|393\/393
|turn|33
|
|switch|p1a: Chansey|Chansey|561\/703
|move|p2a: Exe|Sleep Powder|p1a: Chansey
|-status|p1a: Chansey|slp
|
|turn|34
|
|switch|p1a: Jynx|Jynx|333\/333
|move|p2a: Exe|Psychic|p1a: Jynx
|-resisted|p1a: Jynx
|-damage|p1a: Jynx|268\/333
|
|turn|35
|
|move|p1a: Jynx|Lovely Kiss|p2a: Exe
|-status|p2a: Exe|slp
|cant|p2a: Exe|slp
|
|turn|36
|
|switch|p2a: Tau|Tauros|353\/353
|move|p1a: Jynx|Blizzard|p2a: Tau
|-damage|p2a: Tau|168\/353
|
|turn|37
|
|switch|p1a: Exeggutor|Exeggutor|280\/393
|move|p2a: Tau|Body Slam|p1a: Exeggutor
|-damage|p1a: Exeggutor|176\/393
|
|turn|38
|
|move|p2a: Tau|Hyper Beam|p1a: Exeggutor
|-damage|p1a: Exeggutor|0 fnt
|faint|p1a: Exeggutor
|
|switch|p1a: Lapras|Lapras|463\/463
|turn|39
|
|move|p2a: Tau|Body Slam|p1a: Lapras
|-damage|p1a: Lapras|337\/463
|move|p1a: Lapras|Blizzard|p2a: Tau
|-damage|p2a: Tau|5\/353
|-status|p2a: Tau|frz
|
|turn|40
|c|★Giju|gg
|c|★charrol|gg
|c|★Giju|me ne scappo bro
|c|★Giju|ci vediamo stasera!
|c|★charrol|se vuoi
|c|★Giju|eh sarebbe meglio
|c|★charrol|questa la teniamo valida per il torneo ?
|c|★charrol|xD
|c|★Giju|te prego no ç__ç
|c|★charrol|lo so sto scherzando
|c|★Giju|ho in testa le lezioni all'uni XDC
|c|★Giju|eheh
|c|★charrol|a stasera
|c|★Giju|bella :)
|-message|Giju forfeited.
|
|win|charrol
|leave|Giju
|player|p2