|j|Lavtonslip
|j|Metapod is bae
|player|p1|Lavtonslip|1
|player|p2|Metapod is bae|200
|gametype|singles
|gen|1
|tier|[Gen 1] Random Battle
|rated
|seed|
|rule|Sleep Clause Mod: Limit one foe put to sleep
|rule|Freeze Clause Mod: Limit one foe frozen
|rule|HP Percentage Mod: HP is shown in percentages
|
|start
|switch|p1a: Magnemite|Magnemite, L96|100\/100
|switch|p2a: Jolteon|Jolteon, L79|100\/100
|turn|1
|choice||
|
|switch|p2a: Bellsprout|Bellsprout, L96|100\/100
|move|p1a: Magnemite|Thunder Wave|p2a: Bellsprout
|-status|p2a: Bellsprout|par
|
|turn|2
|choice||
|
|move|p1a: Magnemite|Double-Edge|p2a: Bellsprout
|-damage|p2a: Bellsprout|76\/100 par
|-damage|p1a: Magnemite|94\/100|[from] recoil|[of] p2a: Bellsprout
|cant|p2a: Bellsprout|par
|
|turn|3
|choice||
|
|move|p1a: Magnemite|Double-Edge|p2a: Bellsprout
|-damage|p2a: Bellsprout|52\/100 par
|-damage|p1a: Magnemite|86\/100|[from] recoil|[of] p2a: Bellsprout
|move|p2a: Bellsprout|Sleep Powder|p1a: Magnemite
|-status|p1a: Magnemite|slp
|
|turn|4
|choice||
|
|cant|p1a: Magnemite|slp
|move|p2a: Bellsprout|Body Slam|p1a: Magnemite
|-damage|p1a: Magnemite|60\/100 slp
|
|turn|5
|choice||
|
|cant|p1a: Magnemite|slp
|move|p2a: Bellsprout|Body Slam|p1a: Magnemite
|-crit|p1a: Magnemite
|-damage|p1a: Magnemite|10\/100 slp
|
|turn|6
|choice||
|
|switch|p1a: Mr. Mime|Mr. Mime, L85|100\/100
|move|p2a: Bellsprout|Body Slam|p1a: Mr. Mime
|-damage|p1a: Mr. Mime|66\/100
|
|turn|7
|choice||
|
|switch|p2a: Vaporeon|Vaporeon, L85|100\/100
|move|p1a: Mr. Mime|Psychic|p2a: Vaporeon
|-damage|p2a: Vaporeon|80\/100
|-unboost|p2a: Vaporeon|spd|1
|-unboost|p2a: Vaporeon|spa|1
|
|turn|8
|choice||
|
|switch|p2a: Bellsprout|Bellsprout, L96|52\/100 par
|move|p1a: Mr. Mime|Thunderbolt|p2a: Bellsprout
|-resisted|p2a: Bellsprout
|-damage|p2a: Bellsprout|40\/100 par
|
|turn|9
|choice||
|
|move|p1a: Mr. Mime|Psychic|p2a: Bellsprout
|-supereffective|p2a: Bellsprout
|-damage|p2a: Bellsprout|0 fnt
|faint|p2a: Bellsprout
|choice||
|
|switch|p2a: Tauros|Tauros, L79|100\/100
|turn|10
|choice||
|
|move|p2a: Tauros|Hyper Beam|p1a: Mr. Mime
|-damage|p1a: Mr. Mime|0 fnt
|faint|p1a: Mr. Mime
|choice||
|
|switch|p1a: Cloyster|Cloyster, L83|100\/100
|turn|11
|choice||
|
|switch|p2a: Vaporeon|Vaporeon, L85|80\/100
|move|p1a: Cloyster|Blizzard|p2a: Vaporeon
|-resisted|p2a: Vaporeon
|-damage|p2a: Vaporeon|67\/100
|
|turn|12
|choice||
|
|switch|p1a: Chansey|Chansey, L79|100\/100
|move|p2a: Vaporeon|Hydro Pump|p1a: Chansey
|-damage|p1a: Chansey|78\/100
|
|turn|13
|choice||
|
|move|p2a: Vaporeon|Body Slam|p1a: Chansey
|-damage|p1a: Chansey|53\/100
|move|p1a: Chansey|Thunderbolt|p2a: Vaporeon
|-supereffective|p2a: Vaporeon
|-damage|p2a: Vaporeon|38\/100
|
|turn|14
|choice||
|
|move|p2a: Vaporeon|Body Slam|p1a: Chansey
|-damage|p1a: Chansey|29\/100
|move|p1a: Chansey|Soft-Boiled|p1a: Chansey
|-heal|p1a: Chansey|79\/100
|
|turn|15
|choice||
|
|move|p2a: Vaporeon|Mimic|p1a: Chansey
|-start|p2a: Vaporeon|Mimic|Soft-Boiled
|move|p1a: Chansey|Thunderbolt|p2a: Vaporeon
|-supereffective|p2a: Vaporeon
|-damage|p2a: Vaporeon|10\/100
|-status|p2a: Vaporeon|par
|
|turn|16
|c|★Metapod is bae|that's such a tease haha
|c|★Lavtonslip|yes
|choice||
|
|move|p1a: Chansey|Thunderbolt|p2a: Vaporeon
|-crit|p2a: Vaporeon
|-supereffective|p2a: Vaporeon
|-damage|p2a: Vaporeon|0 fnt
|faint|p2a: Vaporeon
|choice||
|
|switch|p2a: Jolteon|Jolteon, L79|100\/100
|turn|17
|choice||
|
|move|p2a: Jolteon|Double Kick|p1a: Chansey
|-supereffective|p1a: Chansey
|-damage|p1a: Chansey|66\/100
|-damage|p1a: Chansey|53\/100
|-hitcount|p1a: Chansey|2
|move|p1a: Chansey|Soft-Boiled|p1a: Chansey
|-heal|p1a: Chansey|100\/100
|
|turn|18
|choice||
|
|move|p2a: Jolteon|Double Kick|p1a: Chansey
|-crit|p1a: Chansey
|-supereffective|p1a: Chansey
|-damage|p1a: Chansey|73\/100
|-damage|p1a: Chansey|45\/100
|-hitcount|p1a: Chansey|2
|move|p1a: Chansey|Thunderbolt|p2a: Jolteon
|-resisted|p2a: Jolteon
|-damage|p2a: Jolteon|90\/100
|
|turn|19
|choice||
|
|move|p2a: Jolteon|Double Kick|p1a: Chansey
|-supereffective|p1a: Chansey
|-damage|p1a: Chansey|32\/100
|-damage|p1a: Chansey|18\/100
|-hitcount|p1a: Chansey|2
|move|p1a: Chansey|Soft-Boiled|p1a: Chansey
|-heal|p1a: Chansey|68\/100
|
|turn|20
|choice||
|
|move|p2a: Jolteon|Double Kick|p1a: Chansey
|-supereffective|p1a: Chansey
|-damage|p1a: Chansey|52\/100
|-damage|p1a: Chansey|37\/100
|-hitcount|p1a: Chansey|2
|move|p1a: Chansey|Soft-Boiled|p1a: Chansey
|-heal|p1a: Chansey|87\/100
|
|turn|21
|choice||
|
|move|p2a: Jolteon|Double Kick|p1a: Chansey
|-supereffective|p1a: Chansey
|-damage|p1a: Chansey|72\/100
|-damage|p1a: Chansey|57\/100
|-hitcount|p1a: Chansey|2
|move|p1a: Chansey|Counter|p2a: Jolteon
|-damage|p2a: Jolteon|27\/100
|
|turn|22
|choice||
|
|move|p2a: Jolteon|Thunderbolt|p1a: Chansey
|-damage|p1a: Chansey|39\/100
|-status|p1a: Chansey|par
|move|p1a: Chansey|Soft-Boiled|p1a: Chansey
|-heal|p1a: Chansey|89\/100 par
|
|turn|23
|choice||
|
|move|p2a: Jolteon|Thunderbolt|p1a: Chansey
|-crit|p1a: Chansey
|-damage|p1a: Chansey|60\/100 par
|move|p1a: Chansey|Reflect|p1a: Chansey
|-start|p1a: Chansey|Reflect
|
|turn|24
|choice||
|
|move|p2a: Jolteon|Pin Missile|p1a: Chansey
|-crit|p1a: Chansey
|-damage|p1a: Chansey|53\/100 par
|-damage|p1a: Chansey|46\/100 par
|-hitcount|p1a: Chansey|2
|move|p1a: Chansey|Soft-Boiled|p1a: Chansey
|-heal|p1a: Chansey|96\/100 par
|
|turn|25
|choice||
|
|move|p2a: Jolteon|Thunderbolt|p1a: Chansey
|-damage|p1a: Chansey|81\/100 par
|move|p1a: Chansey|Thunderbolt|p2a: Jolteon
|-resisted|p2a: Jolteon
|-damage|p2a: Jolteon|16\/100
|
|turn|26
|choice||
|
|switch|p2a: Articuno|Articuno, L79|100\/100
|move|p1a: Chansey|Thunderbolt|p2a: Articuno
|-supereffective|p2a: Articuno
|-damage|p2a: Articuno|66\/100
|
|turn|27
|choice||
|
|move|p2a: Articuno|Mimic|p1a: Chansey
|-start|p2a: Articuno|Mimic|Soft-Boiled
|move|p1a: Chansey|Thunderbolt|p2a: Articuno
|-supereffective|p2a: Articuno
|-damage|p2a: Articuno|31\/100
|
|turn|28
|choice||
|
|move|p2a: Articuno|Soft-Boiled|p2a: Articuno
|-heal|p2a: Articuno|81\/100
|move|p1a: Chansey|Thunderbolt|p2a: Articuno
|-supereffective|p2a: Articuno
|-damage|p2a: Articuno|43\/100
|
|turn|29
|choice||
|
|move|p2a: Articuno|Soft-Boiled|p2a: Articuno
|-heal|p2a: Articuno|93\/100
|move|p1a: Chansey|Thunderbolt|p2a: Articuno
|-supereffective|p2a: Articuno
|-damage|p2a: Articuno|60\/100
|
|turn|30
|choice||
|
|move|p2a: Articuno|Ice Beam|p1a: Chansey
|-crit|p1a: Chansey
|-damage|p1a: Chansey|48\/100 par
|move|p1a: Chansey|Thunderbolt|p2a: Articuno
|-supereffective|p2a: Articuno
|-damage|p2a: Articuno|24\/100
|-status|p2a: Articuno|par
|
|turn|31
|choice||
|
|cant|p2a: Articuno|par
|move|p1a: Chansey|Soft-Boiled|p1a: Chansey
|-heal|p1a: Chansey|98\/100 par
|
|turn|32
|choice||
|
|move|p2a: Articuno|Soft-Boiled|p2a: Articuno
|-heal|p2a: Articuno|74\/100 par
|move|p1a: Chansey|Thunderbolt|p2a: Articuno
|-supereffective|p2a: Articuno
|-damage|p2a: Articuno|39\/100 par
|
|turn|33
|choice||
|
|move|p2a: Articuno|Soft-Boiled|p2a: Articuno
|-heal|p2a: Articuno|89\/100 par
|move|p1a: Chansey|Thunderbolt|p2a: Articuno
|-supereffective|p2a: Articuno
|-damage|p2a: Articuno|51\/100 par
|
|turn|34
|choice||
|
|move|p2a: Articuno|Soft-Boiled|p2a: Articuno
|-heal|p2a: Articuno|100\/100 par
|move|p1a: Chansey|Thunderbolt|p2a: Articuno
|-supereffective|p2a: Articuno
|-damage|p2a: Articuno|66\/100 par
|
|turn|35
|choice||
|
|move|p2a: Articuno|Soft-Boiled|p2a: Articuno
|-heal|p2a: Articuno|100\/100 par
|cant|p1a: Chansey|par
|
|turn|36
|choice||
|
|move|p2a: Articuno|Ice Beam|p1a: Chansey
|-damage|p1a: Chansey|79\/100 par
|move|p1a: Chansey|Thunderbolt|p2a: Articuno
|-supereffective|p2a: Articuno
|-damage|p2a: Articuno|68\/100 par
|
|turn|37
|choice||
|
|cant|p2a: Articuno|par
|move|p1a: Chansey|Thunderbolt|p2a: Articuno
|-supereffective|p2a: Articuno
|-damage|p2a: Articuno|35\/100 par
|
|turn|38
|choice||
|
|move|p2a: Articuno|Soft-Boiled|p2a: Articuno
|-heal|p2a: Articuno|85\/100 par
|move|p1a: Chansey|Thunderbolt|p2a: Articuno
|-crit|p2a: Articuno
|-supereffective|p2a: Articuno
|-damage|p2a: Articuno|19\/100 par
|
|turn|39
|choice||
|
|move|p2a: Articuno|Soft-Boiled|p2a: Articuno
|-heal|p2a: Articuno|69\/100 par
|cant|p1a: Chansey|par
|
|turn|40
|choice||
|
|move|p2a: Articuno|Soft-Boiled|p2a: Articuno
|-heal|p2a: Articuno|100\/100 par
|move|p1a: Chansey|Thunderbolt|p2a: Articuno
|-supereffective|p2a: Articuno
|-damage|p2a: Articuno|65\/100 par
|
|turn|41
|c|★Metapod is bae|this honestly sucks
|choice||
|
|cant|p2a: Articuno|par
|move|p1a: Chansey|Soft-Boiled|p1a: Chansey
|-heal|p1a: Chansey|100\/100 par
|
|turn|42
|choice||
|
|move|p2a: Articuno|Soft-Boiled|p2a: Articuno
|-heal|p2a: Articuno|100\/100 par
|move|p1a: Chansey|Thunderbolt|p2a: Articuno
|-crit|p2a: Articuno
|-supereffective|p2a: Articuno
|-damage|p2a: Articuno|31\/100 par
|
|turn|43
|choice||
|
|move|p2a: Articuno|Soft-Boiled|p2a: Articuno
|-heal|p2a: Articuno|81\/100 par
|move|p1a: Chansey|Thunderbolt|p2a: Articuno
|-supereffective|p2a: Articuno
|-damage|p2a: Articuno|44\/100 par
|
|turn|44
|choice||
|
|move|p2a: Articuno|Soft-Boiled|p2a: Articuno
|-heal|p2a: Articuno|94\/100 par
|move|p1a: Chansey|Thunderbolt|p2a: Articuno
|-supereffective|p2a: Articuno
|-damage|p2a: Articuno|56\/100 par
|
|turn|45
|choice||
|
|move|p2a: Articuno|Soft-Boiled|p2a: Articuno
|-heal|p2a: Articuno|100\/100 par
|move|p1a: Chansey|Thunderbolt|p2a: Articuno
|-supereffective|p2a: Articuno
|-damage|p2a: Articuno|63\/100 par
|
|turn|46
|choice||
|
|move|p2a: Articuno|Soft-Boiled|p2a: Articuno
|-heal|p2a: Articuno|100\/100 par
|move|p1a: Chansey|Thunderbolt|p2a: Articuno
|-supereffective|p2a: Articuno
|-damage|p2a: Articuno|66\/100 par
|
|turn|47
|choice||
|
|switch|p1a: Magnemite|Magnemite, L96|10\/100 slp
|cant|p2a: Articuno|par
|
|turn|48
|choice||
|
|cant|p1a: Magnemite|slp
|cant|p2a: Articuno|par
|
|turn|49
|choice||
|
|switch|p1a: Chansey|Chansey, L79|100\/100 par
|move|p2a: Articuno|Ice Beam|p1a: Chansey
|-crit|p1a: Chansey
|-damage|p1a: Chansey|67\/100 par
|
|turn|50
|choice||
|
|move|p2a: Articuno|Soft-Boiled|p2a: Articuno
|-heal|p2a: Articuno|100\/100 par
|cant|p1a: Chansey|par
|
|turn|51
|choice||
|
|cant|p2a: Articuno|par
|cant|p1a: Chansey|par
|
|turn|52
|choice||
|
|move|p2a: Articuno|Reflect|p2a: Articuno
|-start|p2a: Articuno|Reflect
|move|p1a: Chansey|Soft-Boiled|p1a: Chansey
|-heal|p1a: Chansey|100\/100 par
|
|turn|53
|choice||
|
|cant|p2a: Articuno|par
|cant|p1a: Chansey|par
|
|turn|54
|choice||
|
|move|p2a: Articuno|Ice Beam|p1a: Chansey
|-damage|p1a: Chansey|82\/100 par
|cant|p1a: Chansey|par
|
|turn|55
|choice||
|
|cant|p2a: Articuno|par
|cant|p1a: Chansey|par
|
|turn|56
|choice||
|
|move|p2a: Articuno|Ice Beam|p1a: Chansey
|-damage|p1a: Chansey|64\/100 par
|move|p1a: Chansey|Soft-Boiled|p1a: Chansey
|-heal|p1a: Chansey|100\/100 par
|
|turn|57
|choice||
|
|move|p2a: Articuno|Reflect|p2a: Articuno
|-fail|p2a: Articuno
|cant|p1a: Chansey|par
|
|turn|58
|choice||
|
|move|p2a: Articuno|Reflect|p2a: Articuno
|-fail|p2a: Articuno
|move|p1a: Chansey|Thunderbolt|p2a: Articuno
|-supereffective|p2a: Articuno
|-damage|p2a: Articuno|66\/100 par
|
|turn|59
|choice||
|
|switch|p1a: Magnemite|Magnemite, L96|10\/100 slp
|move|p2a: Articuno|Reflect|p2a: Articuno
|-fail|p2a: Articuno
|
|turn|60
|choice||
|
|cant|p1a: Magnemite|slp
|move|p2a: Articuno|Ice Beam|p1a: Magnemite
|-damage|p1a: Magnemite|0 fnt
|faint|p1a: Magnemite
|choice||
|
|switch|p1a: Cloyster|Cloyster, L83|100\/100
|turn|61
|choice||
|
|move|p1a: Cloyster|Blizzard|p2a: Articuno
|-damage|p2a: Articuno|36\/100 par
|move|p2a: Articuno|Ice Beam|p1a: Cloyster
|-resisted|p1a: Cloyster
|-damage|p1a: Cloyster|91\/100
|
|turn|62
|choice||
|
|move|p1a: Cloyster|Blizzard|p2a: Articuno
|-damage|p2a: Articuno|3\/100 par
|move|p2a: Articuno|Rest|p2a: Articuno
|-status|p2a: Articuno|slp
|-heal|p2a: Articuno|100\/100 slp|[silent]
|-status|p2a: Articuno|slp|[from] move: Rest
|
|turn|63
|choice||
|
|move|p1a: Cloyster|Blizzard|p2a: Articuno
|-damage|p2a: Articuno|67\/100 slp
|cant|p2a: Articuno|slp
|
|turn|64
|choice||
|
|move|p1a: Cloyster|Blizzard|p2a: Articuno
|-damage|p2a: Articuno|37\/100 slp
|-curestatus|p2a: Articuno|slp
|
|turn|65
|choice||
|
|move|p1a: Cloyster|Blizzard|p2a: Articuno
|-crit|p2a: Articuno
|-damage|p2a: Articuno|0 fnt
|faint|p2a: Articuno
|choice||
|
|switch|p2a: Jolteon|Jolteon, L79|16\/100
|turn|66
|choice||
|
|switch|p1a: Chansey|Chansey, L79|100\/100 par
|move|p2a: Jolteon|Thunderbolt|p1a: Chansey
|-crit|p1a: Chansey
|-damage|p1a: Chansey|69\/100 par
|
|turn|67
|choice||
|
|switch|p2a: Weepinbell|Weepinbell, L85|100\/100
|cant|p1a: Chansey|par
|
|turn|68
|choice||
|
|switch|p1a: Nidoran-F|Nidoran-F, L96|100\/100
|move|p2a: Weepinbell|Razor Leaf|p1a: Nidoran-F
|-crit|p1a: Nidoran-F
|-resisted|p1a: Nidoran-F
|-damage|p1a: Nidoran-F|76\/100
|
|turn|69
|choice||
|
|move|p2a: Weepinbell|Stun Spore|p1a: Nidoran-F
|-status|p1a: Nidoran-F|par
|move|p1a: Nidoran-F|Body Slam|p2a: Weepinbell
|-damage|p2a: Weepinbell|77\/100
|
|turn|70
|choice||
|
|move|p2a: Weepinbell|Body Slam|p1a: Nidoran-F
|-crit|p1a: Nidoran-F
|-damage|p1a: Nidoran-F|32\/100 par
|cant|p1a: Nidoran-F|par
|
|turn|71
|choice||
|
|move|p2a: Weepinbell|Body Slam|p1a: Nidoran-F
|-damage|p1a: Nidoran-F|10\/100 par
|move|p1a: Nidoran-F|Body Slam|p2a: Weepinbell
|-damage|p2a: Weepinbell|50\/100
|
|turn|72
|choice||
|
|move|p2a: Weepinbell|Body Slam|p1a: Nidoran-F
|-damage|p1a: Nidoran-F|0 fnt
|faint|p1a: Nidoran-F
|choice||
|
|switch|p1a: Aerodactyl|Aerodactyl, L90|100\/100
|turn|73
|choice||
|
|move|p1a: Aerodactyl|Hyper Beam|p2a: Weepinbell
|-damage|p2a: Weepinbell|0 fnt
|faint|p2a: Weepinbell
|choice||
|
|switch|p2a: Tauros|Tauros, L79|100\/100
|turn|74
|choice||
|
|move|p1a: Aerodactyl|Reflect|p1a: Aerodactyl
|-start|p1a: Aerodactyl|Reflect
|move|p2a: Tauros|Blizzard|p1a: Aerodactyl
|-supereffective|p1a: Aerodactyl
|-damage|p1a: Aerodactyl|54\/100
|
|turn|75
|choice||
|
|move|p1a: Aerodactyl|Double-Edge|p2a: Tauros
|-crit|p2a: Tauros
|-damage|p2a: Tauros|45\/100
|-damage|p1a: Aerodactyl|42\/100|[from] recoil|[of] p2a: Tauros
|move|p2a: Tauros|Blizzard|p1a: Aerodactyl
|-crit|p1a: Aerodactyl
|-supereffective|p1a: Aerodactyl
|-damage|p1a: Aerodactyl|0 fnt
|faint|p1a: Aerodactyl
|choice||
|
|switch|p1a: Cloyster|Cloyster, L83|91\/100
|turn|76
|choice||
|
|move|p2a: Tauros|Body Slam|p1a: Cloyster
|-crit|p1a: Cloyster
|-damage|p1a: Cloyster|51\/100
|move|p1a: Cloyster|Blizzard|p2a: Tauros
|-damage|p2a: Tauros|0 fnt
|faint|p2a: Tauros
|choice||
|
|switch|p2a: Jolteon|Jolteon, L79|16\/100
|turn|77
|choice||
|
|switch|p1a: Chansey|Chansey, L79|69\/100 par
|move|p2a: Jolteon|Thunderbolt|p1a: Chansey
|-damage|p1a: Chansey|51\/100 par
|
|turn|78
|choice||
|
|move|p2a: Jolteon|Thunderbolt|p1a: Chansey
|-damage|p1a: Chansey|34\/100 par
|cant|p1a: Chansey|par
|
|turn|79
|choice||
|
|move|p2a: Jolteon|Double Kick|p1a: Chansey
|-supereffective|p1a: Chansey
|-damage|p1a: Chansey|21\/100 par
|-damage|p1a: Chansey|7\/100 par
|-hitcount|p1a: Chansey|2
|move|p1a: Chansey|Soft-Boiled|p1a: Chansey
|-heal|p1a: Chansey|57\/100 par
|
|turn|80
|choice||
|
|move|p2a: Jolteon|Thunderbolt|p1a: Chansey
|-damage|p1a: Chansey|42\/100 par
|move|p1a: Chansey|Soft-Boiled|p1a: Chansey
|-heal|p1a: Chansey|92\/100 par
|
|turn|81
|choice||
|
|move|p2a: Jolteon|Thunderbolt|p1a: Chansey
|-crit|p1a: Chansey
|-damage|p1a: Chansey|57\/100 par
|move|p1a: Chansey|Thunderbolt|p2a: Jolteon
|-resisted|p2a: Jolteon
|-damage|p2a: Jolteon|5\/100
|
|turn|82
|choice||
|
|move|p2a: Jolteon|Pin Missile|p1a: Chansey
|-damage|p1a: Chansey|54\/100 par
|-damage|p1a: Chansey|50\/100 par
|-damage|p1a: Chansey|47\/100 par
|-damage|p1a: Chansey|43\/100 par
|-damage|p1a: Chansey|39\/100 par
|-hitcount|p1a: Chansey|5
|cant|p1a: Chansey|par
|
|turn|83
|choice||
|
|move|p2a: Jolteon|Pin Missile|p1a: Chansey|[miss]
|-miss|p2a: Jolteon
|cant|p1a: Chansey|par
|
|turn|84
|choice||
|
|move|p2a: Jolteon|Pin Missile|p1a: Chansey|[miss]
|-miss|p2a: Jolteon
|cant|p1a: Chansey|par
|
|turn|85
|choice||
|
|move|p2a: Jolteon|Pin Missile|p1a: Chansey|[miss]
|-miss|p2a: Jolteon
|move|p1a: Chansey|Counter|p2a: Jolteon
|-fail|p1a: Chansey
|
|turn|86
|choice||
|
|move|p2a: Jolteon|Pin Missile|p1a: Chansey
|-crit|p1a: Chansey
|-damage|p1a: Chansey|32\/100 par
|-damage|p1a: Chansey|25\/100 par
|-damage|p1a: Chansey|18\/100 par
|-hitcount|p1a: Chansey|3
|move|p1a: Chansey|Counter|p2a: Jolteon
|-fail|p1a: Chansey
|
|turn|87
|choice||
|
|move|p2a: Jolteon|Thunderbolt|p1a: Chansey
|-damage|p1a: Chansey|1\/100 par
|move|p1a: Chansey|Soft-Boiled|p1a: Chansey
|-heal|p1a: Chansey|51\/100 par
|
|turn|88
|c|★Metapod is bae|oh man haha
|choice||
|
|move|p2a: Jolteon|Pin Missile|p1a: Chansey
|-crit|p1a: Chansey
|-damage|p1a: Chansey|44\/100 par
|-damage|p1a: Chansey|38\/100 par
|-damage|p1a: Chansey|31\/100 par
|-hitcount|p1a: Chansey|3
|move|p1a: Chansey|Soft-Boiled|p1a: Chansey
|-heal|p1a: Chansey|81\/100 par
|
|turn|89
|choice||
|
|move|p2a: Jolteon|Pin Missile|p1a: Chansey
|-damage|p1a: Chansey|78\/100 par
|-damage|p1a: Chansey|74\/100 par
|-damage|p1a: Chansey|71\/100 par
|-damage|p1a: Chansey|68\/100 par
|-damage|p1a: Chansey|65\/100 par
|-hitcount|p1a: Chansey|5
|cant|p1a: Chansey|par
|
|turn|90
|choice||
|
|move|p2a: Jolteon|Pin Missile|p1a: Chansey
|-damage|p1a: Chansey|61\/100 par
|-damage|p1a: Chansey|57\/100 par
|-damage|p1a: Chansey|53\/100 par
|-damage|p1a: Chansey|50\/100 par
|-damage|p1a: Chansey|46\/100 par
|-hitcount|p1a: Chansey|5
|move|p1a: Chansey|Soft-Boiled|p1a: Chansey
|-heal|p1a: Chansey|96\/100 par
|
|turn|91
|choice||
|
|move|p2a: Jolteon|Pin Missile|p1a: Chansey
|-damage|p1a: Chansey|92\/100 par
|-damage|p1a: Chansey|89\/100 par
|-damage|p1a: Chansey|86\/100 par
|-hitcount|p1a: Chansey|3
|move|p1a: Chansey|Counter|p2a: Jolteon
|-fail|p1a: Chansey
|
|turn|92
|choice||
|
|move|p2a: Jolteon|Pin Missile|p1a: Chansey
|-crit|p1a: Chansey
|-damage|p1a: Chansey|79\/100 par
|-damage|p1a: Chansey|72\/100 par
|-damage|p1a: Chansey|64\/100 par
|-hitcount|p1a: Chansey|3
|move|p1a: Chansey|Reflect|p1a: Chansey
|-start|p1a: Chansey|Reflect
|
|turn|93
|choice||
|
|move|p2a: Jolteon|Pin Missile|p1a: Chansey|[miss]
|-miss|p2a: Jolteon
|cant|p1a: Chansey|par
|
|turn|94
|choice||
|
|move|p2a: Jolteon|Pin Missile|p1a: Chansey
|-crit|p1a: Chansey
|-damage|p1a: Chansey|58\/100 par
|-damage|p1a: Chansey|52\/100 par
|-damage|p1a: Chansey|46\/100 par
|-damage|p1a: Chansey|40\/100 par
|-hitcount|p1a: Chansey|4
|move|p1a: Chansey|Soft-Boiled|p1a: Chansey
|-heal|p1a: Chansey|90\/100 par
|
|turn|95
|choice||
|
|move|p2a: Jolteon|Pin Missile|p1a: Chansey|[miss]
|-miss|p2a: Jolteon
|move|p1a: Chansey|Counter|p2a: Jolteon
|-fail|p1a: Chansey
|
|turn|96
|choice||
|
|move|p2a: Jolteon|Pin Missile|p1a: Chansey|[miss]
|-miss|p2a: Jolteon
|cant|p1a: Chansey|par
|
|turn|97
|choice||
|
|move|p2a: Jolteon|Pin Missile|p1a: Chansey
|-crit|p1a: Chansey
|-damage|p1a: Chansey|84\/100 par
|-damage|p1a: Chansey|77\/100 par
|-damage|p1a: Chansey|71\/100 par
|-damage|p1a: Chansey|65\/100 par
|-hitcount|p1a: Chansey|4
|cant|p1a: Chansey|par
|
|turn|98
|choice||
|
|move|p2a: Jolteon|Pin Missile|p1a: Chansey
|-damage|p1a: Chansey|63\/100 par
|-damage|p1a: Chansey|61\/100 par
|-damage|p1a: Chansey|59\/100 par
|-damage|p1a: Chansey|58\/100 par
|-damage|p1a: Chansey|56\/100 par
|-hitcount|p1a: Chansey|5
|move|p1a: Chansey|Counter|p2a: Jolteon
|-fail|p1a: Chansey
|
|turn|99
|choice||
|
|move|p2a: Jolteon|Pin Missile|p1a: Chansey
|-damage|p1a: Chansey|54\/100 par
|-damage|p1a: Chansey|52\/100 par
|-damage|p1a: Chansey|50\/100 par
|-damage|p1a: Chansey|49\/100 par
|-damage|p1a: Chansey|47\/100 par
|-hitcount|p1a: Chansey|5
|move|p1a: Chansey|Counter|p2a: Jolteon
|-fail|p1a: Chansey
|
|turn|100
|choice||
|
|switch|p1a: Cloyster|Cloyster, L83|51\/100
|move|p2a: Jolteon|Pin Missile|p1a: Cloyster
|-crit|p1a: Cloyster
|-damage|p1a: Cloyster|48\/100
|-damage|p1a: Cloyster|45\/100
|-damage|p1a: Cloyster|42\/100
|-damage|p1a: Cloyster|39\/100
|-hitcount|p1a: Cloyster|4
|
|turn|101
|choice||
|
|move|p2a: Jolteon|Thunderbolt|p1a: Cloyster
|-crit|p1a: Cloyster
|-supereffective|p1a: Cloyster
|-damage|p1a: Cloyster|0 fnt
|faint|p1a: Cloyster
|choice||
|
|switch|p1a: Chansey|Chansey, L79|47\/100 par
|turn|102
|choice||
|
|move|p2a: Jolteon|Thunderbolt|p1a: Chansey
|-damage|p1a: Chansey|31\/100 par
|move|p1a: Chansey|Counter|p2a: Jolteon
|-fail|p1a: Chansey
|
|turn|103
|choice||
|
|move|p2a: Jolteon|Thunderbolt|p1a: Chansey
|-damage|p1a: Chansey|16\/100 par
|move|p1a: Chansey|Counter|p2a: Jolteon
|-fail|p1a: Chansey
|
|turn|104
|choice||
|
|move|p2a: Jolteon|Thunderbolt|p1a: Chansey
|-damage|p1a: Chansey|0 fnt
|faint|p1a: Chansey
|
|win|Metapod is bae
|player|p1
|player|p2
|raw|Lavtonslip's rating: 1311 &rarr; <strong>1285<\/strong><br \/>(-26 for losing)
|raw|Metapod is bae's rating: 1202 &rarr; <strong>1235<\/strong><br \/>(+33 for winning)
|c|★Metapod is bae|gg
|l|Lavtonslip