|j|kolen4566
|j|Wilchan
|player|p1|kolen4566|165
|player|p2|Wilchan|266
|gametype|singles
|gen|1
|tier|[Gen 1] OU
|rated
|seed|
|rule|Sleep Clause Mod: Limit one foe put to sleep
|rule|Freeze Clause Mod: Limit one foe frozen
|rule|Species Clause: Limit one of each Pokémon
|rule|OHKO Clause: OHKO moves are banned
|rule|Evasion Moves Clause: Evasion moves are banned
|rule|HP Percentage Mod: HP is shown in percentages
|
|start
|switch|p1a: Exeggutor|Exeggutor|100\/100
|switch|p2a: Alakazam|Alakazam|100\/100
|turn|1
|choice||
|
|move|p2a: Alakazam|Thunder Wave|p1a: Exeggutor
|-status|p1a: Exeggutor|par
|move|p1a: Exeggutor|Sleep Powder|p2a: Alakazam|[miss]
|-miss|p1a: Exeggutor
|
|turn|2
|choice||
|
|switch|p2a: Snorlax|Snorlax|100\/100
|cant|p1a: Exeggutor|par
|
|turn|3
|choice||
|
|move|p2a: Snorlax|Reflect|p2a: Snorlax
|-start|p2a: Snorlax|Reflect
|move|p1a: Exeggutor|Sleep Powder|p2a: Snorlax
|-status|p2a: Snorlax|slp
|
|turn|4
|choice||
|
|cant|p2a: Snorlax|slp
|move|p1a: Exeggutor|Psychic|p2a: Snorlax
|-damage|p2a: Snorlax|68\/100 slp
|
|turn|5
|choice||
|
|switch|p2a: Starmie|Starmie|100\/100
|move|p1a: Exeggutor|Psychic|p2a: Starmie
|-resisted|p2a: Starmie
|-damage|p2a: Starmie|81\/100
|
|turn|6
|choice||
|
|move|p2a: Starmie|Blizzard|p1a: Exeggutor
|-supereffective|p1a: Exeggutor
|-damage|p1a: Exeggutor|59\/100 par
|move|p1a: Exeggutor|Mega Drain|p2a: Starmie
|-supereffective|p2a: Starmie
|-damage|p2a: Starmie|48\/100
|-heal|p1a: Exeggutor|73\/100 par|[from] drain|[of] p2a: Starmie
|
|turn|7
|choice||
|
|move|p2a: Starmie|Blizzard|p1a: Exeggutor
|-supereffective|p1a: Exeggutor
|-damage|p1a: Exeggutor|31\/100 par
|move|p1a: Exeggutor|Mega Drain|p2a: Starmie
|-supereffective|p2a: Starmie
|-damage|p2a: Starmie|11\/100
|-heal|p1a: Exeggutor|46\/100 par|[from] drain|[of] p2a: Starmie
|
|turn|8
|choice||
|
|move|p2a: Starmie|Psychic|p1a: Exeggutor
|-resisted|p1a: Exeggutor
|-damage|p1a: Exeggutor|33\/100 par
|cant|p1a: Exeggutor|par
|
|turn|9
|choice||
|
|switch|p1a: Chansey|Chansey|100\/100
|move|p2a: Starmie|Blizzard|p1a: Chansey
|-damage|p1a: Chansey|87\/100
|
|turn|10
|choice||
|
|switch|p2a: Exeggutor|Exeggutor|100\/100
|move|p1a: Chansey|Thunderbolt|p2a: Exeggutor
|-resisted|p2a: Exeggutor
|-damage|p2a: Exeggutor|92\/100
|
|turn|11
|choice||
|
|switch|p1a: Exeggutor|Exeggutor|33\/100 par
|move|p2a: Exeggutor|Sleep Powder|p1a: Exeggutor
|-fail|p1a: Exeggutor
|
|turn|12
|choice||
|
|move|p2a: Exeggutor|Psychic|p1a: Exeggutor
|-resisted|p1a: Exeggutor
|-damage|p1a: Exeggutor|19\/100 par
|cant|p1a: Exeggutor|par
|
|turn|13
|choice||
|
|move|p2a: Exeggutor|Psychic|p1a: Exeggutor
|-resisted|p1a: Exeggutor
|-damage|p1a: Exeggutor|5\/100 par
|cant|p1a: Exeggutor|par
|
|turn|14
|choice||
|
|move|p2a: Exeggutor|Psychic|p1a: Exeggutor
|-crit|p1a: Exeggutor
|-resisted|p1a: Exeggutor
|-damage|p1a: Exeggutor|0 fnt
|faint|p1a: Exeggutor
|c|★kolen4566|omg
|c|★Wilchan|lol
|c|★Wilchan|sorry
|choice||
|
|switch|p1a: Chansey|Chansey|87\/100
|turn|15
|c|★Wilchan|i'm very happy though
|c|★Wilchan|LOL
|c|★kolen4566|was gonna explode:\/
|choice||
|
|move|p2a: Exeggutor|Sleep Powder|p1a: Chansey
|-status|p1a: Chansey|slp
|cant|p1a: Chansey|slp
|
|turn|16
|c|★Wilchan|I know
|c|★Wilchan|that's why I'm happy
|c|★kolen4566|lol
|choice||
|
|switch|p2a: Tauros|Tauros|100\/100
|cant|p1a: Chansey|slp
|
|turn|17
|choice||
|
|switch|p1a: Golem|Golem|100\/100
|move|p2a: Tauros|Earthquake|p1a: Golem
|-supereffective|p1a: Golem
|-damage|p1a: Golem|65\/100
|
|turn|18
|choice||
|
|move|p2a: Tauros|Earthquake|p1a: Golem
|-supereffective|p1a: Golem
|-damage|p1a: Golem|32\/100
|move|p1a: Golem|Earthquake|p2a: Tauros
|-crit|p2a: Tauros
|-damage|p2a: Tauros|27\/100
|
|turn|19
|choice||
|
|switch|p1a: Snorlax|Snorlax|100\/100
|move|p2a: Tauros|Earthquake|p1a: Snorlax
|-damage|p1a: Snorlax|80\/100
|
|turn|20
|choice||
|
|switch|p2a: Exeggutor|Exeggutor|92\/100
|move|p1a: Snorlax|Body Slam|p2a: Exeggutor
|-crit|p2a: Exeggutor
|-damage|p2a: Exeggutor|35\/100
|
|turn|21
|choice||
|
|move|p2a: Exeggutor|Stun Spore|p1a: Snorlax
|-status|p1a: Snorlax|par
|cant|p1a: Snorlax|par
|
|turn|22
|choice||
|
|move|p2a: Exeggutor|Psychic|p1a: Snorlax
|-damage|p1a: Snorlax|50\/100 par
|cant|p1a: Snorlax|par
|
|turn|23
|c|★kolen4566|omfg
|choice||
|
|move|p2a: Exeggutor|Psychic|p1a: Snorlax
|-damage|p1a: Snorlax|20\/100 par
|move|p1a: Snorlax|Hyper Beam|p2a: Exeggutor
|-damage|p2a: Exeggutor|0 fnt
|faint|p2a: Exeggutor
|c|★Wilchan|hehe :)
|c|★Wilchan|tbh
|c|★Wilchan|your team is pretty good
|c|★kolen4566|hax is so op in this gen
|c|★Wilchan|lol
|choice||
|
|switch|p2a: Tauros|Tauros|27\/100
|turn|24
|c|★kolen4566|almost everything carries twave
|choice||
|
|switch|p1a: Golem|Golem|32\/100
|move|p2a: Tauros|Earthquake|p1a: Golem
|-supereffective|p1a: Golem
|-damage|p1a: Golem|0 fnt
|faint|p1a: Golem
|c|★Wilchan|hehe sweet
|choice||
|
|switch|p1a: Snorlax|Snorlax|20\/100 par
|turn|25
|c|★Wilchan|i'm glad I predicted that
|choice||
|
|move|p2a: Tauros|Hyper Beam|p1a: Snorlax
|-damage|p1a: Snorlax|0 fnt
|faint|p1a: Snorlax
|c|★kolen4566|still would have killed
|choice||
|
|switch|p1a: Alakazam|Alakazam|100\/100
|turn|26
|c|★Wilchan|tbh you're team is pretty good
|c|★Wilchan|I don't think i'd kill you if it weren't for hax
|choice||
|
|switch|p2a: Alakazam|Alakazam|100\/100
|move|p1a: Alakazam|Thunder Wave|p2a: Alakazam
|-status|p2a: Alakazam|par
|
|turn|27
|choice||
|
|move|p1a: Alakazam|Seismic Toss|p2a: Alakazam
|-damage|p2a: Alakazam|69\/100 par
|move|p2a: Alakazam|Thunder Wave|p1a: Alakazam
|-status|p1a: Alakazam|par
|
|turn|28
|choice||
|
|move|p1a: Alakazam|Seismic Toss|p2a: Alakazam
|-damage|p2a: Alakazam|37\/100 par
|cant|p2a: Alakazam|par
|
|turn|29
|c|★kolen4566|dude almost everyone has the same team
|choice||
|
|move|p2a: Alakazam|Recover|p2a: Alakazam
|-heal|p2a: Alakazam|86\/100 par
|move|p1a: Alakazam|Seismic Toss|p2a: Alakazam
|-damage|p2a: Alakazam|54\/100 par
|
|turn|30
|c|★Wilchan|dumbass acting like a know it all
|c|★Wilchan|classic
|c|★Wilchan|LOL
|choice||
|
|move|p2a: Alakazam|Recover|p2a: Alakazam
|-heal|p2a: Alakazam|100\/100 par
|move|p1a: Alakazam|Seismic Toss|p2a: Alakazam
|-damage|p2a: Alakazam|69\/100 par
|
|turn|31
|c|★kolen4566|we have 3 same pokes
|choice||
|
|cant|p2a: Alakazam|par
|move|p1a: Alakazam|Seismic Toss|p2a: Alakazam
|-damage|p2a: Alakazam|37\/100 par
|
|turn|32
|choice||
|
|cant|p1a: Alakazam|par
|move|p2a: Alakazam|Psychic|p1a: Alakazam
|-resisted|p1a: Alakazam
|-damage|p1a: Alakazam|84\/100 par
|
|turn|33
|c|★Wilchan|exactly why I called you a dumbass
|c|★kolen4566|lemme guess, is your last one chansey?
|choice||
|
|cant|p1a: Alakazam|par
|move|p2a: Alakazam|Recover|p2a: Alakazam
|-heal|p2a: Alakazam|86\/100 par
|
|turn|34
|c|★Wilchan|sure why not
|choice||
|
|move|p2a: Alakazam|Psychic|p1a: Alakazam
|-crit|p1a: Alakazam
|-resisted|p1a: Alakazam
|-damage|p1a: Alakazam|53\/100 par
|cant|p1a: Alakazam|par
|
|turn|35
|c|★kolen4566|lol
|choice||
|
|move|p1a: Alakazam|Recover|p1a: Alakazam
|-heal|p1a: Alakazam|100\/100 par
|move|p2a: Alakazam|Psychic|p1a: Alakazam
|-resisted|p1a: Alakazam
|-damage|p1a: Alakazam|85\/100 par
|
|turn|36
|c|★Wilchan|HEY YOU SAID LOL
|c|★Wilchan|lol thank god
|c|★Wilchan|looks like you're not a jerk after all
|c|★kolen4566|dude its cool
|choice||
|
|cant|p1a: Alakazam|par
|move|p2a: Alakazam|Psychic|p1a: Alakazam
|-resisted|p1a: Alakazam
|-damage|p1a: Alakazam|69\/100 par
|
|turn|37
|choice||
|
|move|p1a: Alakazam|Recover|p1a: Alakazam
|-heal|p1a: Alakazam|100\/100 par
|move|p2a: Alakazam|Psychic|p1a: Alakazam
|-crit|p1a: Alakazam
|-resisted|p1a: Alakazam
|-damage|p1a: Alakazam|66\/100 par
|
|turn|38
|c|★Wilchan|dude it's cool?
|c|★kolen4566|were just havin fun
|c|★Wilchan|what's with that reply lol
|c|★kolen4566|go back to germany breh
|c|★Wilchan|by that it sounds like I gave you an apology
|c|★Wilchan|lol
|choice||
|
|move|p1a: Alakazam|Seismic Toss|p2a: Alakazam
|-damage|p2a: Alakazam|54\/100 par
|move|p2a: Alakazam|Psychic|p1a: Alakazam
|-resisted|p1a: Alakazam
|-damage|p1a: Alakazam|48\/100 par
|-unboost|p1a: Alakazam|spd|1
|-unboost|p1a: Alakazam|spa|1
|
|turn|39
|c|★Wilchan|where you get germany from lol?
|choice||
|
|move|p2a: Alakazam|Psychic|p1a: Alakazam
|-crit|p1a: Alakazam
|-resisted|p1a: Alakazam
|-damage|p1a: Alakazam|15\/100 par
|move|p1a: Alakazam|Recover|p1a: Alakazam
|-heal|p1a: Alakazam|65\/100 par
|
|turn|40
|choice||
|
|switch|p1a: Chansey|Chansey|87\/100 slp
|move|p2a: Alakazam|Recover|p2a: Alakazam
|-heal|p2a: Alakazam|100\/100 par
|
|turn|41
|choice||
|
|switch|p1a: Jolteon|Jolteon|100\/100
|switch|p2a: Tauros|Tauros|27\/100
|
|turn|42
|choice||
|
|switch|p2a: Snorlax|Snorlax|68\/100 slp
|move|p1a: Jolteon|Thunderbolt|p2a: Snorlax
|-damage|p2a: Snorlax|37\/100 slp
|
|turn|43
|c|★kolen4566|booyah
|choice||
|
|move|p1a: Jolteon|Thunderbolt|p2a: Snorlax
|-damage|p2a: Snorlax|5\/100 slp
|cant|p2a: Snorlax|slp
|
|turn|44
|c|★Wilchan|lol
|choice||
|
|move|p1a: Jolteon|Thunderbolt|p2a: Snorlax
|-damage|p2a: Snorlax|0 fnt
|faint|p2a: Snorlax
|choice||
|
|switch|p2a: Electabuzz|Electabuzz|100\/100
|turn|45
|c|★Wilchan|I SWEAER IF YOU BEAT ME..........
|c|★kolen4566|dude that hurt my ears
|c|★Wilchan|then that means you're just the better player lol
|c|★Wilchan|LOl
|choice||
|
|switch|p1a: Chansey|Chansey|87\/100 slp
|move|p2a: Electabuzz|Thunder Wave|p1a: Chansey
|-fail|p1a: Chansey
|
|turn|46
|c|★kolen4566|fuck electabuzz's cry
|choice||
|
|switch|p2a: Tauros|Tauros|27\/100
|cant|p1a: Chansey|slp
|
|turn|47
|c|★Wilchan|lol
|c|★Wilchan|hurts your ears???
|choice||
|
|move|p2a: Tauros|Earthquake|p1a: Chansey|[miss]
|-miss|p2a: Tauros
|-curestatus|p1a: Chansey|slp
|
|turn|48
|c|★kolen4566|headphones maxed
|choice||
|
|move|p2a: Tauros|Hyper Beam|p1a: Chansey
|-damage|p1a: Chansey|15\/100
|move|p1a: Chansey|Thunder Wave|p2a: Tauros
|-status|p2a: Tauros|par
|
|turn|49
|-mustrecharge|p2a: Tauros
|c|★kolen4566|ha!
|c|★Wilchan|what the fuck
|c|★Wilchan|that makes no sense at all
|-mustrecharge|p2a: Tauros
|choice||
|
|move|p1a: Chansey|Soft-Boiled|p1a: Chansey
|-heal|p1a: Chansey|65\/100
|cant|p2a: Tauros|recharge
|
|turn|50
|c|★kolen4566|lololol
|c|★Wilchan|well.......
|c|★kolen4566|dude, you might lose
|c|★Wilchan|I can't say I like you but I don't hate you either
|c|★Wilchan|so I won't be a sore loser
|c|★Wilchan|wait......
|c|★Wilchan|nah I'll pretend you didn't try to act cocky
|c|★Wilchan|I won't use my fuck you method
|c|★kolen4566|it's a might bro crits suck so hard
|c|★Wilchan|i'll have mercy on you
|c|★kolen4566|and you have 20% chance to get one
|c|★Wilchan|ok dude say another word and i'm going to use the fuck you method on you
|c|★Wilchan|i'm not joking so you better shut up
|c|★kolen4566|go ahead dude, this shit got real back at turn 1!
|c|★Wilchan|and just when I decided I was gonna spare you
|c|★Wilchan|that's it time for the fuck you method
|c|★kolen4566|*sound of pants dropping*
|c|★kolen4566|ok then
|c|★Wilchan|shut up dumbass
|c|★kolen4566|well then
|choice||
|
|move|p1a: Chansey|Soft-Boiled|p1a: Chansey
|-heal|p1a: Chansey|100\/100
|move|p2a: Tauros|Hyper Beam|p1a: Chansey|[miss]
|-miss|p2a: Tauros
|
|turn|51
|c|★kolen4566|ha!
|c|★Wilchan|you know....
|c|★Wilchan|when people like you get serious during games it's kinda funny
|c|★Wilchan|actually forget i said that
|c|★Wilchan|I meant to say it's very funny
|c|★Wilchan|it's hilarious
|-message|Wilchan forfeited.
|
|win|kolen4566
|player|p1
|player|p2
|l|Wilchan
|raw|kolen4566's rating: 1210 &rarr; <strong>1232<\/strong><br \/>(+22 for winning)
|raw|Wilchan's rating: 1180 &rarr; <strong>1157<\/strong><br \/>(-23 for losing)