|join|ElectricPersian
|join|ankitkhetrapal
|player|p1|ElectricPersian|1
|player|p2|ankitkhetrapal|20
|gametype|singles
|gen|1
|tier|[Gen 1] Random Battle
|rated
|rule|Sleep Clause Mod: Limit one foe put to sleep
|rule|Freeze Clause Mod: Limit one foe frozen
|rule|HP Percentage Mod: HP is shown in percentages
|
|start
|switch|p1a: Slowpoke|Slowpoke, L96|368\/368
|switch|p2a: Seadra|Seadra, L90|282\/282
|turn|1
|
|switch|p2a: Magneton|Magneton, L90|273\/273
|move|p1a: Slowpoke|Thunder Wave|p2a: Magneton
|-status|p2a: Magneton|par
|
|turn|2
|
|switch|p1a: Graveler|Graveler, L85|267\/267
|move|p2a: Magneton|Thunderbolt|p1a: Graveler
|-immune|p1a: Graveler|[msg]
|
|turn|3
|
|switch|p2a: Seadra|Seadra, L90|282\/282
|move|p1a: Graveler|Body Slam|p2a: Seadra
|-damage|p2a: Seadra|231\/282
|-status|p2a: Seadra|par
|
|turn|4
|
|switch|p1a: Porygon|Porygon, L85|284\/284
|cant|p2a: Seadra|par
|
|turn|5
|
|switch|p2a: Magneton|Magneton, L90|273\/273 par
|move|p1a: Porygon|Thunderbolt|p2a: Magneton
|-resisted|p2a: Magneton
|-damage|p2a: Magneton|251\/273 par
|
|turn|6
|
|move|p1a: Porygon|Blizzard|p2a: Magneton
|-damage|p2a: Magneton|197\/273 par
|move|p2a: Magneton|Mimic|p1a: Porygon
|-start|p2a: Magneton|Mimic|Blizzard
|
|turn|7
|
|move|p1a: Porygon|Blizzard|p2a: Magneton
|-damage|p2a: Magneton|141\/273 par
|move|p2a: Magneton|Thunder Wave|p1a: Porygon
|-status|p1a: Porygon|par
|
|turn|8
|
|move|p2a: Magneton|Thunderbolt|p1a: Porygon
|-damage|p1a: Porygon|138\/284 par
|move|p1a: Porygon|Blizzard|p2a: Magneton
|-damage|p2a: Magneton|89\/273 par
|
|turn|9
|
|cant|p2a: Magneton|par
|move|p1a: Porygon|Hyper Beam|p2a: Magneton
|-damage|p2a: Magneton|0 fnt
|faint|p2a: Magneton
|
|switch|p2a: Raichu|Raichu, L85|276\/276
|turn|10
|
|move|p2a: Raichu|Thunder|p1a: Porygon
|-damage|p1a: Porygon|6\/284 par
|move|p1a: Porygon|Hyper Beam|p2a: Raichu|[miss]
|-miss|p1a: Porygon
|
|turn|11
|
|move|p2a: Raichu|Body Slam|p1a: Porygon
|-crit|p1a: Porygon
|-damage|p1a: Porygon|0 fnt
|faint|p1a: Porygon
|
|switch|p1a: Graveler|Graveler, L85|267\/267
|turn|12
|
|move|p2a: Raichu|Surf|p1a: Graveler
|-supereffective|p1a: Graveler
|-damage|p1a: Graveler|0 fnt
|faint|p1a: Graveler
|
|switch|p1a: Slowpoke|Slowpoke, L96|368\/368
|turn|13
|c|★ankitkhetrapal|boom
|
|switch|p1a: Nidoking|Nidoking, L85|311\/311
|move|p2a: Raichu|Thunder|p1a: Nidoking
|-immune|p1a: Nidoking|[msg]
|
|turn|14
|
|move|p2a: Raichu|Surf|p1a: Nidoking
|-supereffective|p1a: Nidoking
|-damage|p1a: Nidoking|170\/311
|move|p1a: Nidoking|Earthquake|p2a: Raichu
|-supereffective|p2a: Raichu
|-damage|p2a: Raichu|16\/276
|
|turn|15
|
|switch|p2a: Seadra|Seadra, L90|231\/282 par
|move|p1a: Nidoking|Earthquake|p2a: Seadra
|-crit|p2a: Seadra
|-damage|p2a: Seadra|45\/282 par
|
|turn|16
|
|move|p1a: Nidoking|Earthquake|p2a: Seadra
|-damage|p2a: Seadra|0 fnt
|faint|p2a: Seadra
|
|switch|p2a: Raichu|Raichu, L85|16\/276
|turn|17
|
|move|p2a: Raichu|Surf|p1a: Nidoking
|-supereffective|p1a: Nidoking
|-damage|p1a: Nidoking|24\/311
|move|p1a: Nidoking|Earthquake|p2a: Raichu
|-supereffective|p2a: Raichu
|-damage|p2a: Raichu|0 fnt
|faint|p2a: Raichu
|
|switch|p2a: Ninetales|Ninetales, L85|298\/298
|turn|18
|
|switch|p1a: Slowpoke|Slowpoke, L96|368\/368
|move|p2a: Ninetales|Double-Edge|p1a: Slowpoke
|-damage|p1a: Slowpoke|302\/368
|-damage|p2a: Ninetales|282\/298|[from] recoil|[of] p1a: Slowpoke
|
|turn|19
|
|switch|p2a: Chansey|Chansey, L79|557\/557
|move|p1a: Slowpoke|Thunder Wave|p2a: Chansey
|-status|p2a: Chansey|par
|
|turn|20
|
|move|p1a: Slowpoke|Amnesia|p1a: Slowpoke
|-boost|p1a: Slowpoke|spd|2
|-boost|p1a: Slowpoke|spa|2
|move|p2a: Chansey|Thunder Wave|p1a: Slowpoke
|-status|p1a: Slowpoke|par
|
|turn|21
|
|move|p1a: Slowpoke|Amnesia|p1a: Slowpoke
|-boost|p1a: Slowpoke|spd|2
|-boost|p1a: Slowpoke|spa|2
|move|p2a: Chansey|Thunderbolt|p1a: Slowpoke
|-supereffective|p1a: Slowpoke
|-damage|p1a: Slowpoke|247\/368 par
|
|turn|22
|
|move|p1a: Slowpoke|Surf|p2a: Chansey
|-damage|p2a: Chansey|338\/557 par
|move|p2a: Chansey|Thunderbolt|p1a: Slowpoke
|-supereffective|p1a: Slowpoke
|-damage|p1a: Slowpoke|192\/368 par
|
|turn|23
|
|move|p1a: Slowpoke|Surf|p2a: Chansey
|-damage|p2a: Chansey|98\/557 par
|move|p2a: Chansey|Soft-Boiled|p2a: Chansey
|-heal|p2a: Chansey|376\/557 par
|
|turn|24
|
|move|p1a: Slowpoke|Surf|p2a: Chansey
|-damage|p2a: Chansey|136\/557 par
|move|p2a: Chansey|Soft-Boiled|p2a: Chansey
|-heal|p2a: Chansey|414\/557 par
|
|turn|25
|
|cant|p1a: Slowpoke|par
|move|p2a: Chansey|Soft-Boiled|p2a: Chansey
|-heal|p2a: Chansey|557\/557 par
|
|turn|26
|
|cant|p1a: Slowpoke|par
|move|p2a: Chansey|Thunderbolt|p1a: Slowpoke
|-supereffective|p1a: Slowpoke
|-damage|p1a: Slowpoke|136\/368 par
|
|turn|27
|
|move|p1a: Slowpoke|Rest|p1a: Slowpoke
|-status|p1a: Slowpoke|slp
|-heal|p1a: Slowpoke|368\/368 slp|[silent]
|-status|p1a: Slowpoke|slp|[from] move: Rest
|move|p2a: Chansey|Thunderbolt|p1a: Slowpoke
|-supereffective|p1a: Slowpoke
|-damage|p1a: Slowpoke|307\/368 slp
|
|turn|28
|
|switch|p2a: Nidoran-M|Nidoran-M, L96|283\/283
|cant|p1a: Slowpoke|slp
|
|turn|29
|
|move|p2a: Nidoran-M|Leer|p1a: Slowpoke
|-unboost|p1a: Slowpoke|def|1
|-curestatus|p1a: Slowpoke|slp
|
|turn|30
|
|move|p2a: Nidoran-M|Body Slam|p1a: Slowpoke
|-damage|p1a: Slowpoke|211\/368
|-status|p1a: Slowpoke|par
|move|p1a: Slowpoke|Surf|p2a: Nidoran-M
|-damage|p2a: Nidoran-M|0 fnt
|faint|p2a: Nidoran-M
|
|switch|p2a: Chansey|Chansey, L79|557\/557 par
|turn|31
|
|move|p2a: Chansey|Thunderbolt|p1a: Slowpoke
|-crit|p1a: Slowpoke
|-supereffective|p1a: Slowpoke
|-damage|p1a: Slowpoke|0 fnt
|faint|p1a: Slowpoke
|
|switch|p1a: Nidoking|Nidoking, L85|24\/311
|turn|32
|
|move|p1a: Nidoking|Earthquake|p2a: Chansey
|-damage|p2a: Chansey|257\/557 par
|cant|p2a: Chansey|par
|
|turn|33
|
|switch|p2a: Ninetales|Ninetales, L85|282\/298
|move|p1a: Nidoking|Earthquake|p2a: Ninetales
|-supereffective|p2a: Ninetales
|-damage|p2a: Ninetales|54\/298
|
|turn|34
|
|move|p2a: Ninetales|Fire Blast|p1a: Nidoking
|-damage|p1a: Nidoking|0 fnt
|faint|p1a: Nidoking
|
|switch|p1a: Gengar|Gengar, L79|257\/257
|turn|35
|
|move|p2a: Ninetales|Fire Blast|p1a: Gengar
|-crit|p1a: Gengar
|-damage|p1a: Gengar|29\/257
|move|p1a: Gengar|Psychic|p2a: Ninetales
|-crit|p2a: Ninetales
|-damage|p2a: Ninetales|0 fnt
|faint|p2a: Ninetales
|
|switch|p2a: Chansey|Chansey, L79|257\/557 par
|turn|36
|
|move|p1a: Gengar|Explosion|p2a: Chansey
|-crit|p2a: Chansey
|-damage|p2a: Chansey|0 fnt
|faint|p2a: Chansey
|faint|p1a: Gengar
|
|win|ElectricPersian
|c|★ElectricPersian|boom
|c|★ankitkhetrapal|gg
|c|★ElectricPersian|gg
|raw|ElectricPersian's rating: 1256 &rarr; <strong>1281<\/strong><br \/>(+25 for winning)
|raw|ankitkhetrapal's rating: 1255 &rarr; <strong>1230<\/strong><br \/>(-25 for losing)