|j|Frankenberry
|j|rediblackdragon
|player|p1|Frankenberry|188
|player|p2|rediblackdragon|126
|gametype|singles
|gen|1
|tier|[Gen 1] Random Battle
|rated
|seed|42899,13712,37370,9256
|rule|Sleep Clause Mod: Limit one foe put to sleep
|rule|Freeze Clause Mod: Limit one foe frozen
|rule|HP Percentage Mod: HP is shown in percentages
|
|start
|switch|p1a: Koffing|Koffing, L96|272\/272
|switch|p2a: Nidoran-F|Nidoran-F, L96|300\/300
|turn|1
|choice|move 4|move 2
|
|move|p2a: Nidoran-F|Substitute|p2a: Nidoran-F
|-start|p2a: Nidoran-F|Substitute
|-damage|p2a: Nidoran-F|225\/300
|move|p1a: Koffing|Fire Blast|p2a: Nidoran-F
|-crit|p2a: Nidoran-F
|-end|p2a: Nidoran-F|Substitute
|
|turn|2
|choice|move 4|move 4
|
|move|p2a: Nidoran-F|Double-Edge|p1a: Koffing
|-damage|p1a: Koffing|219\/272
|-damage|p2a: Nidoran-F|212\/300|[from] recoil|[of] p1a: Koffing
|move|p1a: Koffing|Fire Blast|p2a: Nidoran-F
|-damage|p2a: Nidoran-F|98\/300
|
|turn|3
|choice|move 2|move 4
|
|move|p2a: Nidoran-F|Double-Edge|p1a: Koffing
|-damage|p1a: Koffing|166\/272
|-damage|p2a: Nidoran-F|85\/300|[from] recoil|[of] p1a: Koffing
|move|p1a: Koffing|Thunderbolt|p2a: Nidoran-F
|-damage|p2a: Nidoran-F|0 fnt
|faint|p2a: Nidoran-F
|choice||switch 3
|
|switch|p2a: Dugtrio|Dugtrio, L85|233\/233
|turn|4
|choice|move 1|move 1
|
|move|p2a: Dugtrio|Earthquake|p1a: Koffing
|-supereffective|p1a: Koffing
|-damage|p1a: Koffing|0 fnt
|faint|p1a: Koffing
|choice|switch 3|
|
|switch|p1a: Doduo|Doduo, L96|262\/262
|turn|5
|choice|move 3|switch 5
|
|switch|p2a: Dewgong|Dewgong, L85|327\/327
|move|p1a: Doduo|Body Slam|p2a: Dewgong
|-damage|p2a: Dewgong|206\/327
|
|turn|6
|choice|move 4|move 4
|
|move|p1a: Doduo|Drill Peck|p2a: Dewgong
|-damage|p2a: Dewgong|101\/327
|move|p2a: Dewgong|Blizzard|p1a: Doduo
|-supereffective|p1a: Doduo
|-damage|p1a: Doduo|0 fnt
|faint|p1a: Doduo
|choice|switch 6|
|
|switch|p1a: Omastar|Omastar, L90|309\/309
|turn|7
|choice|move 3|move 2
|
|move|p2a: Dewgong|Body Slam|p1a: Omastar
|-resisted|p1a: Omastar
|-damage|p1a: Omastar|290\/309
|-status|p1a: Omastar|par
|cant|p1a: Omastar|par
|
|turn|8
|choice|move 3|move 1
|
|move|p2a: Dewgong|Surf|p1a: Omastar
|-damage|p1a: Omastar|206\/309 par
|move|p1a: Omastar|Seismic Toss|p2a: Dewgong
|-damage|p2a: Dewgong|11\/327
|
|turn|9
|choice|move 2|move 1
|
|move|p2a: Dewgong|Surf|p1a: Omastar
|-damage|p1a: Omastar|130\/309 par
|move|p1a: Omastar|Rest|p1a: Omastar
|-status|p1a: Omastar|slp
|-heal|p1a: Omastar|309\/309 slp|[silent]
|-status|p1a: Omastar|slp|[from] move: Rest
|
|turn|10
|choice|move 3|move 3
|
|move|p2a: Dewgong|Mimic|p1a: Omastar
|-start|p2a: Dewgong|Mimic|Blizzard
|cant|p1a: Omastar|slp
|
|turn|11
|choice|move 3|move 1
|
|move|p2a: Dewgong|Surf|p1a: Omastar
|-damage|p1a: Omastar|224\/309 slp
|-curestatus|p1a: Omastar|slp
|
|turn|12
|choice|move 3|move 1
|
|move|p2a: Dewgong|Surf|p1a: Omastar
|-damage|p1a: Omastar|148\/309
|move|p1a: Omastar|Seismic Toss|p2a: Dewgong
|-damage|p2a: Dewgong|0 fnt
|faint|p2a: Dewgong
|choice||switch 2
|
|switch|p2a: Electrode|Electrode, L90|291\/291
|turn|13
|choice|move 4|move 2
|
|move|p2a: Electrode|Thunderbolt|p1a: Omastar
|-crit|p1a: Omastar
|-supereffective|p1a: Omastar
|-damage|p1a: Omastar|0 fnt
|faint|p1a: Omastar
|choice|switch 5|
|
|switch|p1a: Kadabra|Kadabra, L85|242\/242
|turn|14
|choice|move 4|move 4
|
|move|p2a: Electrode|Thunder Wave|p1a: Kadabra
|-status|p1a: Kadabra|par
|move|p1a: Kadabra|Thunder Wave|p2a: Electrode
|-status|p2a: Electrode|par
|
|turn|15
|c|★rediblackdragon|gg
|c|★Frankenberry|gg
|choice|move 1|move 2
|
|move|p2a: Electrode|Thunderbolt|p1a: Kadabra
|-damage|p1a: Kadabra|157\/242 par
|move|p1a: Kadabra|Psychic|p2a: Electrode
|-crit|p2a: Electrode
|-damage|p2a: Electrode|55\/291 par
|-unboost|p2a: Electrode|spd|1
|-unboost|p2a: Electrode|spa|1
|
|turn|16
|c|★Frankenberry|??
|c|★rediblackdragon|that make me so angry that I could just...
|choice|move 1|move 1
|
|move|p1a: Kadabra|Psychic|p2a: Electrode
|-damage|p2a: Electrode|0 fnt
|faint|p2a: Electrode
|c|★rediblackdragon|or not
|c|★rediblackdragon|how did you go first?
|c|★Frankenberry|lol
|choice||switch 5
|
|switch|p2a: Dugtrio|Dugtrio, L85|233\/233
|turn|17
|c|★Frankenberry|speed tie???
|c|★rediblackdragon|340 on electrode
|choice|move 3|move 1
|
|move|p2a: Dugtrio|Earthquake|p1a: Kadabra
|-damage|p1a: Kadabra|0 fnt
|faint|p1a: Kadabra
|c|★Frankenberry|hacks
|choice|switch 4|
|
|switch|p1a: Snorlax|Snorlax, L79|415\/415
|turn|18
|c|★rediblackdragon|reported
|choice|move 1|move 1
|
|move|p2a: Dugtrio|Earthquake|p1a: Snorlax
|-damage|p1a: Snorlax|290\/415
|move|p1a: Snorlax|Amnesia|p1a: Snorlax
|-boost|p1a: Snorlax|spd|2
|-boost|p1a: Snorlax|spa|2
|
|turn|19
|choice|move 3|move 1
|
|move|p2a: Dugtrio|Earthquake|p1a: Snorlax
|-damage|p1a: Snorlax|171\/415
|move|p1a: Snorlax|Surf|p2a: Dugtrio
|-supereffective|p2a: Dugtrio
|-damage|p2a: Dugtrio|21\/233
|
|turn|20
|choice|move 3|move 2
|
|move|p2a: Dugtrio|Slash|p1a: Snorlax
|-crit|p1a: Snorlax
|-damage|p1a: Snorlax|61\/415
|move|p1a: Snorlax|Surf|p2a: Dugtrio
|-supereffective|p2a: Dugtrio
|-damage|p2a: Dugtrio|0 fnt
|faint|p2a: Dugtrio
|choice||switch 6
|
|switch|p2a: Vaporeon|Vaporeon, L85|395\/395
|turn|21
|choice|move 4|move 4
|
|move|p2a: Vaporeon|Body Slam|p1a: Snorlax
|-damage|p1a: Snorlax|4\/415
|move|p1a: Snorlax|Hyper Beam|p2a: Vaporeon
|-damage|p2a: Vaporeon|207\/395
|
|turn|22
|-mustrecharge|p1a: Snorlax
|-mustrecharge|p1a: Snorlax
|choice|move 1|move 4
|
|move|p2a: Vaporeon|Body Slam|p1a: Snorlax
|-damage|p1a: Snorlax|0 fnt
|faint|p1a: Snorlax
|choice|switch 2|
|
|switch|p1a: Dragonite|Dragonite, L85|328\/328
|turn|23
|choice|move 1|move 4
|
|move|p1a: Dragonite|Body Slam|p2a: Vaporeon
|-damage|p2a: Vaporeon|108\/395
|move|p2a: Vaporeon|Body Slam|p1a: Dragonite
|-damage|p1a: Dragonite|279\/328
|
|turn|24
|c|★rediblackdragon|.\/gg
|choice|move 1|move 4
|
|move|p1a: Dragonite|Body Slam|p2a: Vaporeon
|-damage|p2a: Vaporeon|7\/395
|move|p2a: Vaporeon|Body Slam|p1a: Dragonite
|-damage|p1a: Dragonite|232\/328
|
|turn|25
|choice|move 1|move 4
|
|move|p1a: Dragonite|Body Slam|p2a: Vaporeon
|-damage|p2a: Vaporeon|0 fnt
|faint|p2a: Vaporeon
|choice||switch 4
|
|switch|p2a: Vileplume|Vileplume, L90|318\/318
|turn|26
|choice|move 1|move 2
|
|move|p1a: Dragonite|Body Slam|p2a: Vileplume
|-damage|p2a: Vileplume|250\/318
|move|p2a: Vileplume|Sleep Powder|p1a: Dragonite
|-status|p1a: Dragonite|slp
|
|turn|27
|c|★Frankenberry|ok vileplume
|c|★Frankenberry|you need to stop
|choice|move 1|move 3
|
|cant|p1a: Dragonite|slp
|move|p2a: Vileplume|Swords Dance|p2a: Vileplume
|-boost|p2a: Vileplume|atk|2
|
|turn|28
|c|★rediblackdragon|can't stop won't stop
|choice|move 3|move 3
|
|cant|p1a: Dragonite|slp
|move|p2a: Vileplume|Swords Dance|p2a: Vileplume
|-boost|p2a: Vileplume|atk|2
|
|turn|29
|c|★rediblackdragon|Might stop
|choice|move 3|move 3
|
|cant|p1a: Dragonite|slp
|move|p2a: Vileplume|Swords Dance|p2a: Vileplume
|-boost|p2a: Vileplume|atk|2
|
|turn|30
|c|★Frankenberry|dragonite
|c|★Frankenberry|wake up
|choice|move 3|move 4
|
|-curestatus|p1a: Dragonite|slp
|move|p2a: Vileplume|Body Slam|p1a: Dragonite
|-damage|p1a: Dragonite|19\/328
|
|turn|31
|c|★Frankenberry|ok
|c|★Frankenberry|dragonite
|c|★Frankenberry|i need you to freeze
|c|★Frankenberry|or crit
|c|★rediblackdragon|whatever happens, gg
|c|★Frankenberry|please
|choice|move 4|move 4
|
|move|p1a: Dragonite|Blizzard|p2a: Vileplume
|-supereffective|p2a: Vileplume
|-damage|p2a: Vileplume|107\/318
|-status|p2a: Vileplume|frz
|cant|p2a: Vileplume|frz
|
|turn|32
|c|★Frankenberry|gg
|c|★Frankenberry|LOL
|c|★rediblackdragon|so hype
|c|★rediblackdragon|so hype
|c|★Frankenberry|gg
|choice|move 4|move 2
|
|move|p1a: Dragonite|Blizzard|p2a: Vileplume|[miss]
|-miss|p1a: Dragonite
|cant|p2a: Vileplume|frz
|
|turn|33
|c|★Frankenberry|omg
|c|★rediblackdragon|gg
|c|★Frankenberry|i just remembered
|c|★Frankenberry|in gen 1
|c|★Frankenberry|when a pokemon freezes
|c|★Frankenberry|they freeze forever
|c|★Frankenberry|until you take them to a pokemon center
|choice|move 4|move 4
|
|move|p1a: Dragonite|Blizzard|p2a: Vileplume
|-supereffective|p2a: Vileplume
|-damage|p2a: Vileplume|0 fnt
|faint|p2a: Vileplume
|
|win|Frankenberry
|raw|Frankenberry's rating: 1146 &rarr; <strong>1164<\/strong><br \/>(+18 for winning)
|raw|rediblackdragon's rating: 1040 &rarr; <strong>1029<\/strong><br \/>(-11 for losing)