|join|kid gf lol
|join|mattttt96
|player|p1|kid gf lol|48
|player|p2|mattttt96|170
|gametype|singles
|gen|1
|tier|[Gen 1] OU (beta)
|rated
|rule|Sleep Clause Mod: Limit one foe put to sleep
|rule|Species Clause: Limit one of each Pokemon
|rule|OHKO Clause: OHKO moves are banned
|rule|Moody Clause: Moody is banned
|rule|Evasion Moves Clause: Evasion moves are banned
|rule|Endless Battle Clause: Forcing endless battles is banned.
|rule|HP Percentage Mod: HP is reported as percentages
|
|start
|switch|p1a: Zam Lead|Alakazam|313\/313
|switch|p2a: Gengar|Gengar|323\/323
|turn|1
|
|move|p1a: Zam Lead|Kinesis|p2a: Gengar
|-unboost|p2a: Gengar|accuracy|1
|move|p2a: Gengar|Hypnosis|p1a: Zam Lead
|-status|p1a: Zam Lead|slp
|
|turn|2
|
|switch|p2a: Snorlax|Snorlax|523\/523
|cant|p1a: Zam Lead|slp
|
|turn|3
|
|switch|p1a: GhostInaShell|Cloyster|303\/303
|move|p2a: Snorlax|Body Slam|p1a: GhostInaShell
|-damage|p1a: GhostInaShell|236\/303
|-status|p1a: GhostInaShell|par
|
|turn|4
|
|move|p2a: Snorlax|Body Slam|p1a: GhostInaShell
|-crit|p1a: GhostInaShell
|-damage|p1a: GhostInaShell|93\/303 par
|move|p1a: GhostInaShell|Blizzard|p2a: Snorlax
|-damage|p2a: Snorlax|358\/523
|-status|p2a: Snorlax|frz
|
|turn|5
|
|cant|p2a: Snorlax|frz
|move|p1a: GhostInaShell|Blizzard|p2a: Snorlax
|-damage|p2a: Snorlax|196\/523 frz
|
|turn|6
|
|switch|p1a: Mr Mime|Jynx|333\/333
|cant|p2a: Snorlax|frz
|
|turn|7
|
|move|p1a: Mr Mime|Reflect|p1a: Mr Mime
|cant|p2a: Snorlax|frz
|
|turn|8
|
|move|p1a: Mr Mime|Psychic|p2a: Snorlax
|-damage|p2a: Snorlax|73\/523 frz
|cant|p2a: Snorlax|frz
|
|turn|9
|
|move|p1a: Mr Mime|Psychic|p2a: Snorlax
|-damage|p2a: Snorlax|0 fnt
|faint|p2a: Snorlax
|
|
|switch|p2a: Lapras|Lapras|463\/463
|turn|10
|
|move|p1a: Mr Mime|Lovely Kiss|p2a: Lapras
|-status|p2a: Lapras|slp
|cant|p2a: Lapras|slp
|
|turn|11
|
|move|p1a: Mr Mime|Psychic|p2a: Lapras
|-crit|p2a: Lapras
|-damage|p2a: Lapras|249\/463 slp
|-unboost|p2a: Lapras|spd|1
|-unboost|p2a: Lapras|spa|1
|cant|p2a: Lapras|slp
|
|turn|12
|
|move|p1a: Mr Mime|Psychic|p2a: Lapras
|-damage|p2a: Lapras|88\/463 slp
|-unboost|p2a: Lapras|spd|1
|-unboost|p2a: Lapras|spa|1
|cant|p2a: Lapras|slp
|
|turn|13
|
|switch|p2a: Chansey|Chansey|703\/703
|move|p1a: Mr Mime|Psychic|p2a: Chansey
|-damage|p2a: Chansey|598\/703
|
|turn|14
|
|switch|p1a: Egg Kangaroo|Chansey|703\/703
|move|p2a: Chansey|Thunder Wave|p1a: Egg Kangaroo
|-status|p1a: Egg Kangaroo|par
|
|turn|15
|
|switch|p2a: Tauros|Tauros|353\/353
|move|p1a: Egg Kangaroo|Ice Beam|p2a: Tauros
|-damage|p2a: Tauros|255\/353
|
|turn|16
|
|move|p2a: Tauros|Body Slam|p1a: Egg Kangaroo
|-crit|p1a: Egg Kangaroo
|-damage|p1a: Egg Kangaroo|160\/703 par
|move|p1a: Egg Kangaroo|Thunder Wave|p2a: Tauros
|-status|p2a: Tauros|par
|
|turn|17
|join|aadas
|
|switch|p1a: GhostInaShell|Cloyster|93\/303 par
|cant|p2a: Tauros|par
|
|turn|18
|
|cant|p2a: Tauros|par
|move|p1a: GhostInaShell|Hyper Beam|p2a: Tauros
|-damage|p2a: Tauros|143\/353 par
|
|turn|19
|
|move|p2a: Tauros|Hyper Beam|p1a: GhostInaShell
|-damage|p1a: GhostInaShell|0 fnt
|faint|p1a: GhostInaShell
|
|
|switch|p1a: TNT|Golem|363\/363
|turn|20
|leave|aadas
|
|move|p1a: TNT|Earthquake|p2a: Tauros
|-damage|p2a: Tauros|15\/353 par
|cant|p2a: Tauros|par
|
|turn|21
|
|move|p1a: TNT|Earthquake|p2a: Tauros
|-damage|p2a: Tauros|0 fnt
|faint|p2a: Tauros
|
|
|switch|p2a: Chansey|Chansey|598\/703
|turn|22
|
|move|p2a: Chansey|Reflect|p2a: Chansey
|move|p1a: TNT|Explosion|p2a: Chansey
|-damage|p2a: Chansey|223\/703
|faint|p1a: TNT
|
|switch|p1a: Egg Kangaroo|Chansey|160\/703 par
|turn|23
|
|move|p2a: Chansey|Ice Beam|p1a: Egg Kangaroo
|-damage|p1a: Egg Kangaroo|84\/703 par
|move|p1a: Egg Kangaroo|Soft-Boiled|p1a: Egg Kangaroo
|-heal|p1a: Egg Kangaroo|435\/703 par
|
|turn|24
|
|move|p2a: Chansey|Soft-Boiled|p2a: Chansey
|-heal|p2a: Chansey|574\/703
|move|p1a: Egg Kangaroo|Soft-Boiled|p1a: Egg Kangaroo
|-heal|p1a: Egg Kangaroo|703\/703 par
|
|turn|25
|
|switch|p2a: Zapdos|Zapdos|383\/383
|move|p1a: Egg Kangaroo|Ice Beam|p2a: Zapdos
|-supereffective|p2a: Zapdos
|-damage|p2a: Zapdos|252\/383
|
|turn|26
|
|move|p2a: Zapdos|Drill Peck|p1a: Egg Kangaroo
|-damage|p1a: Egg Kangaroo|442\/703 par
|move|p1a: Egg Kangaroo|Thunder Wave|p2a: Zapdos
|-status|p2a: Zapdos|par
|
|turn|27
|
|cant|p2a: Zapdos|par
|cant|p1a: Egg Kangaroo|par
|
|turn|28
|
|move|p2a: Zapdos|Agility|p2a: Zapdos
|-boost|p2a: Zapdos|spe|2
|move|p1a: Egg Kangaroo|Ice Beam|p2a: Zapdos
|-supereffective|p2a: Zapdos
|-damage|p2a: Zapdos|126\/383 par
|
|turn|29
|
|move|p2a: Zapdos|Drill Peck|p1a: Egg Kangaroo
|-damage|p1a: Egg Kangaroo|187\/703 par
|move|p1a: Egg Kangaroo|Ice Beam|p2a: Zapdos
|-supereffective|p2a: Zapdos
|-damage|p2a: Zapdos|1\/383 par
|
|turn|30
|chat|mattttt96|dat 1 hp
|
|cant|p2a: Zapdos|par
|move|p1a: Egg Kangaroo|Soft-Boiled|p1a: Egg Kangaroo
|-heal|p1a: Egg Kangaroo|538\/703 par
|
|turn|31
|
|cant|p2a: Zapdos|par
|move|p1a: Egg Kangaroo|Ice Beam|p2a: Zapdos
|-supereffective|p2a: Zapdos
|-damage|p2a: Zapdos|0 fnt
|faint|p2a: Zapdos
|
|
|switch|p2a: Lapras|Lapras|88\/463 slp
|turn|32
|
|cant|p2a: Lapras|slp
|move|p1a: Egg Kangaroo|Thunderbolt|p2a: Lapras
|-supereffective|p2a: Lapras
|-damage|p2a: Lapras|0 fnt
|faint|p2a: Lapras
|
|
|switch|p2a: Gengar|Gengar|323\/323
|turn|33
|
|move|p2a: Gengar|Thunderbolt|p1a: Egg Kangaroo
|-damage|p1a: Egg Kangaroo|453\/703 par
|move|p1a: Egg Kangaroo|Ice Beam|p2a: Gengar
|-damage|p2a: Gengar|261\/323
|
|turn|34
|
|move|p2a: Gengar|Explosion|p1a: Egg Kangaroo
|-damage|p1a: Egg Kangaroo|0 fnt
|faint|p1a: Egg Kangaroo
|faint|p2a: Gengar
|
|switch|p1a: Result of Incest|Exeggutor|393\/393
|switch|p2a: Chansey|Chansey|574\/703
|turn|35
|
|move|p1a: Result of Incest|Explosion|p2a: Chansey
|-damage|p2a: Chansey|0 fnt
|faint|p2a: Chansey
|faint|p1a: Result of Incest
|
|win|kid gf lol
|raw|Ladder updating...
|raw|kid gf lol's rating: 1378 &rarr; <strong>1392<\/strong><br \/>(+14 for winning)
|raw|mattttt96's rating: 1269 &rarr; <strong>1252<\/strong><br \/>(-17 for losing)
|leave|kid gf lol
|player|p1
|chat|mattttt96|gg