|join|Whoremaster
|join|cookies r op
|player|p1|Whoremaster|43
|player|p2|cookies r op|184
|gametype|singles
|gen|1
|tier|[Gen 1] OU (beta)
|rated
|rule|Sleep Clause Mod: Limit one foe put to sleep
|rule|Species Clause: Limit one of each Pokemon
|rule|OHKO Clause: OHKO moves are banned
|rule|Moody Clause: Moody is banned
|rule|Evasion Moves Clause: Evasion moves are banned
|rule|Endless Battle Clause: Forcing endless battles is banned
|rule|HP Percentage Mod: HP is reported as percentages
|
|start
|switch|p1a: Alakazam|Alakazam|313\/313
|switch|p2a: Gengar|Gengar|323\/323
|turn|1
|
|move|p1a: Alakazam|Psychic|p2a: Gengar
|-supereffective|p2a: Gengar
|-damage|p2a: Gengar|92\/323
|-unboost|p2a: Gengar|spd|1
|-unboost|p2a: Gengar|spa|1
|move|p2a: Gengar|Hypnosis|p1a: Alakazam
|-status|p1a: Alakazam|slp
|
|turn|2
|
|switch|p1a: Exeggutor|Exeggutor|393\/393
|switch|p2a: Tauros|Tauros|353\/353
|
|turn|3
|
|move|p2a: Tauros|Body Slam|p1a: Exeggutor
|-damage|p1a: Exeggutor|275\/393
|move|p1a: Exeggutor|Sleep Powder|p2a: Tauros
|-status|p2a: Tauros|slp
|
|turn|4
|
|switch|p2a: Alakazam|Alakazam|313\/313
|move|p1a: Exeggutor|Psychic|p2a: Alakazam
|-resisted|p2a: Alakazam
|-damage|p2a: Alakazam|263\/313
|
|turn|5
|
|switch|p2a: Gengar|Gengar|92\/323
|move|p1a: Exeggutor|Double-Edge|p2a: Gengar
|-immune|p2a: Gengar|[msg]
|
|turn|6
|
|move|p2a: Gengar|Psychic|p1a: Exeggutor
|-crit|p1a: Exeggutor
|-resisted|p1a: Exeggutor
|-damage|p1a: Exeggutor|198\/393
|move|p1a: Exeggutor|Psychic|p2a: Gengar
|-supereffective|p2a: Gengar
|-damage|p2a: Gengar|0 fnt
|faint|p2a: Gengar
|
|
|switch|p2a: Persian|Persian|333\/333
|turn|7
|
|move|p2a: Persian|Slash|p1a: Exeggutor
|-crit|p1a: Exeggutor
|-damage|p1a: Exeggutor|53\/393
|move|p1a: Exeggutor|Psychic|p2a: Persian
|-damage|p2a: Persian|174\/333
|
|turn|8
|
|switch|p1a: Gengar|Gengar|323\/323
|move|p2a: Persian|Slash|p1a: Gengar
|-immune|p1a: Gengar|[msg]
|
|turn|9
|
|switch|p2a: Alakazam|Alakazam|263\/313
|move|p1a: Gengar|Psychic|p2a: Alakazam
|-resisted|p2a: Alakazam
|-damage|p2a: Alakazam|229\/313
|
|turn|10
|
|switch|p1a: Alakazam|Alakazam|313\/313 slp
|move|p2a: Alakazam|Psychic|p1a: Alakazam
|-resisted|p1a: Alakazam
|-damage|p1a: Alakazam|264\/313 slp
|
|turn|11
|
|cant|p1a: Alakazam|slp
|-curestatus|p1a: Alakazam|slp
|move|p2a: Alakazam|Seismic Toss|p1a: Alakazam
|-damage|p1a: Alakazam|164\/313
|
|turn|12
|
|move|p2a: Alakazam|Seismic Toss|p1a: Alakazam
|-damage|p1a: Alakazam|64\/313
|move|p1a: Alakazam|Recover|p1a: Alakazam
|-heal|p1a: Alakazam|220\/313
|
|turn|13
|
|move|p1a: Alakazam|Thunder Wave|p2a: Alakazam
|-status|p2a: Alakazam|par
|move|p2a: Alakazam|Thunder Wave|p1a: Alakazam
|-status|p1a: Alakazam|par
|
|turn|14
|
|switch|p1a: Exeggutor|Exeggutor|53\/393
|move|p2a: Alakazam|Seismic Toss|p1a: Exeggutor
|-damage|p1a: Exeggutor|0 fnt
|faint|p1a: Exeggutor
|
|
|switch|p1a: Snorlax|Snorlax|523\/523
|turn|15
|
|switch|p2a: Golem|Golem|363\/363
|move|p1a: Snorlax|Body Slam|p2a: Golem
|-resisted|p2a: Golem
|-damage|p2a: Golem|318\/363
|
|turn|16
|
|move|p2a: Golem|Earthquake|p1a: Snorlax
|-damage|p1a: Snorlax|356\/523
|move|p1a: Snorlax|Surf|p2a: Golem
|-crit|p2a: Golem
|-supereffective|p2a: Golem
|-damage|p2a: Golem|0 fnt
|faint|p2a: Golem
|
|
|switch|p2a: Persian|Persian|174\/333
|turn|17
|
|move|p2a: Persian|Slash|p1a: Snorlax
|-crit|p1a: Snorlax
|-damage|p1a: Snorlax|179\/523
|move|p1a: Snorlax|Body Slam|p2a: Persian
|-damage|p2a: Persian|23\/333
|
|turn|18
|
|switch|p1a: Gengar|Gengar|323\/323
|move|p2a: Persian|Hyper Beam|p1a: Gengar
|-immune|p1a: Gengar|[msg]
|
|turn|19
|
|switch|p2a: Alakazam|Alakazam|229\/313 par
|move|p1a: Gengar|Psychic|p2a: Alakazam
|-resisted|p2a: Alakazam
|-damage|p2a: Alakazam|194\/313 par
|
|turn|20
|
|move|p1a: Gengar|Explosion|p2a: Alakazam
|-damage|p2a: Alakazam|0 fnt
|faint|p2a: Alakazam
|faint|p1a: Gengar
|
|switch|p2a: Persian|Persian|23\/333
|switch|p1a: Snorlax|Snorlax|179\/523
|turn|21
|
|switch|p1a: Bitch Tits|Chansey|703\/703
|move|p2a: Persian|Hyper Beam|p1a: Bitch Tits
|-damage|p1a: Bitch Tits|327\/703
|
|turn|22
|
|cant|p2a: Persian|recharge
|move|p1a: Bitch Tits|Ice Beam|p2a: Persian
|-damage|p2a: Persian|0 fnt
|faint|p2a: Persian
|
|
|switch|p2a: Tauros|Tauros|353\/353 slp
|turn|23
|
|cant|p2a: Tauros|slp
|move|p1a: Bitch Tits|Ice Beam|p2a: Tauros
|-damage|p2a: Tauros|251\/353 slp
|
|turn|24
|
|cant|p2a: Tauros|slp
|move|p1a: Bitch Tits|Ice Beam|p2a: Tauros
|-damage|p2a: Tauros|154\/353 slp
|
|turn|25
|
|cant|p2a: Tauros|slp
|move|p1a: Bitch Tits|Soft-Boiled|p1a: Bitch Tits
|-heal|p1a: Bitch Tits|678\/703
|
|turn|26
|
|cant|p2a: Tauros|slp
|-curestatus|p2a: Tauros|slp
|move|p1a: Bitch Tits|Ice Beam|p2a: Tauros
|-damage|p2a: Tauros|60\/353
|
|turn|27
|
|move|p2a: Tauros|Hyper Beam|p1a: Bitch Tits
|-crit|p1a: Bitch Tits
|-damage|p1a: Bitch Tits|0 fnt
|faint|p1a: Bitch Tits
|
|
|switch|p1a: Persian|Persian|333\/333
|turn|28
|
|move|p1a: Persian|Slash|p2a: Tauros
|-crit|p2a: Tauros
|-damage|p2a: Tauros|0 fnt
|faint|p2a: Tauros
|
|
|switch|p2a: Slowbro|Slowbro|393\/393
|turn|29
|
|move|p1a: Persian|Screech|p2a: Slowbro
|-unboost|p2a: Slowbro|def|2
|move|p2a: Slowbro|Amnesia|p2a: Slowbro
|-boost|p2a: Slowbro|spd|2
|-boost|p2a: Slowbro|spa|2
|
|turn|30
|
|move|p1a: Persian|Slash|p2a: Slowbro
|-crit|p2a: Slowbro
|-damage|p2a: Slowbro|272\/393
|move|p2a: Slowbro|Surf|p1a: Persian
|-damage|p1a: Persian|66\/333
|
|turn|31
|
|move|p1a: Persian|Hyper Beam|p2a: Slowbro
|-damage|p2a: Slowbro|0 fnt
|faint|p2a: Slowbro
|
|win|Whoremaster
|raw|Ladder updating...
|raw|Whoremaster's rating: 1223 &rarr; <strong>1253<\/strong><br \/>(+30 for winning)
|raw|cookies r op's rating: 1295 &rarr; <strong>1265<\/strong><br \/>(-30 for losing)
|chat|cookies r op|gg
|chat|Whoremaster|gg
|leave|cookies r op
|player|p2