|j|MillaVGC
|j|Judo
|player|p1|MillaVGC|121
|player|p2|Judo|70
|gametype|singles
|gen|1
|tier|[Gen 1] Random Battle
|seed|
|rule|Sleep Clause Mod: Limit one foe put to sleep
|rule|Freeze Clause Mod: Limit one foe frozen
|rule|HP Percentage Mod: HP is shown in percentages
|
|start
|switch|p1a: Exeggcute|Exeggcute, L96|100\/100
|switch|p2a: Charizard|Charizard, L85|100\/100
|turn|1
|c|★MillaVGC|WELL
|c|★MillaVGC|THIS IS TOTALLY FAIR
|c|★Judo|zard :D my one true love <3
|choice||
|
|switch|p1a: Moltres|Moltres, L85|100\/100
|move|p2a: Charizard|Fire Blast|p1a: Moltres
|-resisted|p1a: Moltres
|-damage|p1a: Moltres|86\/100
|
|turn|2
|c|★Judo|used to just get fast zard and use fire spin lmao
|choice||
|
|move|p2a: Charizard|Swords Dance|p2a: Charizard
|-boost|p2a: Charizard|atk|2
|move|p1a: Moltres|Substitute|p1a: Moltres
|-start|p1a: Moltres|Substitute
|-damage|p1a: Moltres|61\/100
|
|turn|3
|j|Arpee95
|choice||
|
|switch|p2a: Magneton|Magneton, L90|100\/100
|move|p1a: Moltres|Sky Attack|p2a: Magneton|[still]
|-prepare|p1a: Moltres|Sky Attack|p2a: Magneton
|
|turn|4
|choice||
|
|move|p1a: Moltres|Sky Attack|p2a: Magneton|[from]Sky Attack
|-resisted|p2a: Magneton
|-damage|p2a: Magneton|76\/100
|move|p2a: Magneton|Thunderbolt|p1a: Moltres
|-supereffective|p1a: Moltres
|-end|p1a: Moltres|Substitute
|
|turn|5
|choice||
|
|switch|p1a: Dugtrio|Dugtrio, L85|100\/100
|move|p2a: Magneton|Thunderbolt|p1a: Dugtrio
|-immune|p1a: Dugtrio|[msg]
|
|turn|6
|c|★MillaVGC|predicted
|choice||
|
|switch|p2a: Farfetch'd|Farfetch'd, L99|100\/100
|move|p1a: Dugtrio|Substitute|p1a: Dugtrio
|-start|p1a: Dugtrio|Substitute
|-damage|p1a: Dugtrio|76\/100
|
|turn|7
|choice||
|
|move|p1a: Dugtrio|Sand Attack|p2a: Farfetch'd
|-unboost|p2a: Farfetch'd|accuracy|1
|move|p2a: Farfetch'd|Slash|p1a: Dugtrio
|-crit|p1a: Dugtrio
|-end|p1a: Dugtrio|Substitute
|
|turn|8
|c|★MillaVGC|ofc
|choice||
|
|move|p1a: Dugtrio|Substitute|p1a: Dugtrio
|-start|p1a: Dugtrio|Substitute
|-damage|p1a: Dugtrio|51\/100
|move|p2a: Farfetch'd|Slash|p1a: Dugtrio
|-crit|p1a: Dugtrio
|-end|p1a: Dugtrio|Substitute
|
|turn|9
|c|★MillaVGC|ofc
|choice||
|
|move|p1a: Dugtrio|Substitute|p1a: Dugtrio
|-start|p1a: Dugtrio|Substitute
|-damage|p1a: Dugtrio|26\/100
|move|p2a: Farfetch'd|Slash|p1a: Dugtrio
|-crit|p1a: Dugtrio
|-end|p1a: Dugtrio|Substitute
|
|turn|10
|c| Arpee95|HahHa
|c|★Judo|its slash :P
|c|★MillaVGC|ofc
|choice||
|
|move|p1a: Dugtrio|Substitute|p1a: Dugtrio
|-start|p1a: Dugtrio|Substitute
|-damage|p1a: Dugtrio|1\/100
|move|p2a: Farfetch'd|Slash|p1a: Dugtrio
|-crit|p1a: Dugtrio
|-end|p1a: Dugtrio|Substitute
|
|turn|11
|choice||
|
|move|p1a: Dugtrio|Sand Attack|p2a: Farfetch'd
|-unboost|p2a: Farfetch'd|accuracy|1
|move|p2a: Farfetch'd|Slash|p1a: Dugtrio
|-crit|p1a: Dugtrio
|-damage|p1a: Dugtrio|0 fnt
|faint|p1a: Dugtrio
|c|★MillaVGC|wow
|c|★Judo|ITS SLASH FFS
|c|★MillaVGC|it has 100% accuracy?
|c|★Judo|its like 100% crit
|c|★MillaVGC|yeah
|c|★MillaVGC|but y u no miss
|c| Arpee95|Broken af
|c|★MillaVGC|sand attack
|choice||
|
|switch|p1a: Weezing|Weezing, L90|100\/100
|turn|12
|choice||
|
|switch|p2a: Mew|Mew, L74|100\/100
|move|p1a: Weezing|Thunderbolt|p2a: Mew
|-damage|p2a: Mew|77\/100
|
|turn|13
|c| Arpee95|LOL
|c| Arpee95|Mew wtf
|choice||
|
|switch|p1a: Mew|Mew, L74|100\/100
|move|p2a: Mew|Thunder Wave|p1a: Mew
|-status|p1a: Mew|par
|
|turn|14
|c|★MillaVGC|anus
|c| Arpee95|Hahahahaha
|choice||
|
|move|p2a: Mew|Horn Drill|p1a: Mew|[miss]
|-miss|p2a: Mew
|move|p1a: Mew|Fissure|p2a: Mew
|-immune|p2a: Mew|[ohko]
|
|turn|15
|c|★MillaVGC|watch this
|c|★Judo|LMAO
|c|★MillaVGC|IMMUNE?!
|c|★MillaVGC|y
|choice||
|
|switch|p1a: Moltres|Moltres, L85|61\/100
|move|p2a: Mew|Horn Drill|p1a: Moltres
|-immune|p1a: Moltres|[ohko]
|
|turn|16
|c| Arpee95|Levitate yo
|c|★MillaVGC|immune bitch
|choice||
|
|move|p1a: Moltres|Substitute|p1a: Moltres
|-start|p1a: Moltres|Substitute
|-damage|p1a: Moltres|37\/100
|move|p2a: Mew|Thunder Wave|p1a: Moltres
|-status|p1a: Moltres|par
|
|turn|17
|c|★MillaVGC|WHAT
|c|★MillaVGC|THE
|c|★MillaVGC|FUCK
|c|★Judo|welcome to gen 1 bitch
|c|★MillaVGC|cri
|choice||
|
|move|p2a: Mew|Psychic|p1a: Moltres
|-crit|p1a: Moltres
|-end|p1a: Moltres|Substitute
|move|p1a: Moltres|Fire Blast|p2a: Mew
|-damage|p2a: Mew|22\/100
|
|turn|18
|choice||
|
|move|p2a: Mew|Psychic|p1a: Moltres
|-damage|p1a: Moltres|19\/100 par
|move|p1a: Moltres|Fire Blast|p2a: Mew
|-damage|p2a: Mew|0 fnt
|faint|p2a: Mew
|c| Arpee95|Tbh from behind it looks like fearow
|choice||
|
|switch|p2a: Magneton|Magneton, L90|76\/100
|turn|19
|c|★MillaVGC|it does
|c|★Judo|so stronk
|choice||
|
|switch|p1a: Exeggcute|Exeggcute, L96|100\/100
|move|p2a: Magneton|Thunderbolt|p1a: Exeggcute
|-resisted|p1a: Exeggcute
|-damage|p1a: Exeggcute|75\/100
|
|turn|20
|choice||
|
|move|p2a: Magneton|Thunder Wave|p1a: Exeggcute
|-status|p1a: Exeggcute|par
|move|p1a: Exeggcute|Stun Spore|p2a: Magneton
|-status|p2a: Magneton|par
|
|turn|21
|c|★Judo|tryhard
|c|★MillaVGC|;)
|choice||
|
|cant|p2a: Magneton|par
|cant|p1a: Exeggcute|par
|
|turn|22
|c| Arpee95|Savage af
|choice||
|
|move|p2a: Magneton|Double-Edge|p1a: Exeggcute
|-damage|p1a: Exeggcute|56\/100 par
|-damage|p2a: Magneton|70\/100 par|[from] recoil|[of] p1a: Exeggcute
|cant|p1a: Exeggcute|par
|
|turn|23
|choice||
|
|move|p2a: Magneton|Double-Edge|p1a: Exeggcute
|-damage|p1a: Exeggcute|39\/100 par
|-damage|p2a: Magneton|66\/100 par|[from] recoil|[of] p1a: Exeggcute
|move|p1a: Exeggcute|Mega Drain|p2a: Magneton
|-damage|p2a: Magneton|55\/100 par
|-heal|p1a: Exeggcute|44\/100 par|[from] drain|[of] p2a: Magneton
|
|turn|24
|c| Arpee95|Cri
|c|★MillaVGC|karma
|c|★Judo|magneton sucks
|c|★MillaVGC|healin
|choice||
|
|cant|p2a: Magneton|par
|move|p1a: Exeggcute|Psychic|p2a: Magneton
|-damage|p2a: Magneton|28\/100 par
|
|turn|25
|choice||
|
|move|p2a: Magneton|Double-Edge|p1a: Exeggcute
|-damage|p1a: Exeggcute|26\/100 par
|-damage|p2a: Magneton|23\/100 par|[from] recoil|[of] p1a: Exeggcute
|move|p1a: Exeggcute|Mega Drain|p2a: Magneton
|-damage|p2a: Magneton|13\/100 par
|-heal|p1a: Exeggcute|31\/100 par|[from] drain|[of] p2a: Magneton
|
|turn|26
|choice||
|
|move|p2a: Magneton|Hyper Beam|p1a: Exeggcute
|-damage|p1a: Exeggcute|5\/100 par
|move|p1a: Exeggcute|Psychic|p2a: Magneton
|-damage|p2a: Magneton|0 fnt
|faint|p2a: Magneton
|c|★MillaVGC|BULK
|choice||
|
|switch|p2a: Farfetch'd|Farfetch'd, L99|100\/100
|turn|27
|c|★MillaVGC|The opposing Magneton used Hyper Beam!
|c|★MillaVGC|Exeggcute lost 26.1% of its health!
|c|★MillaVGC|ez
|choice||
|
|move|p2a: Farfetch'd|Slash|p1a: Exeggcute
|-crit|p1a: Exeggcute
|-damage|p1a: Exeggcute|0 fnt
|faint|p1a: Exeggcute
|c|★MillaVGC|not this bastard again
|choice||
|
|switch|p1a: Weezing|Weezing, L90|100\/100
|turn|28
|c|★Judo|lvl 99 farfetch
|c|★MillaVGC|op
|c|★Judo|got it in a trade
|choice||
|
|switch|p2a: Nidorino|Nidorino, L90|100\/100
|move|p1a: Weezing|Thunderbolt|p2a: Nidorino
|-damage|p2a: Nidorino|69\/100
|-status|p2a: Nidorino|par
|
|turn|29
|choice||
|
|switch|p1a: Poliwhirl|Poliwhirl, L85|100\/100
|move|p2a: Nidorino|Body Slam|p1a: Poliwhirl
|-damage|p1a: Poliwhirl|77\/100
|
|turn|30
|choice||
|
|move|p1a: Poliwhirl|Psychic|p2a: Nidorino
|-supereffective|p2a: Nidorino
|-damage|p2a: Nidorino|31\/100 par
|-unboost|p2a: Nidorino|spd|1
|-unboost|p2a: Nidorino|spa|1
|move|p2a: Nidorino|Body Slam|p1a: Poliwhirl
|-damage|p1a: Poliwhirl|55\/100
|
|turn|31
|choice||
|
|move|p1a: Poliwhirl|Surf|p2a: Nidorino
|-damage|p2a: Nidorino|0 fnt
|faint|p2a: Nidorino
|choice||
|
|switch|p2a: Porygon|Porygon, L85|100\/100
|turn|32
|c|★MillaVGC|wow
|c|★MillaVGC|that looks wierd
|c|★Judo|dat sprite <3
|choice||
|
|move|p1a: Poliwhirl|Hypnosis|p2a: Porygon|[miss]
|-miss|p1a: Poliwhirl
|move|p2a: Porygon|Agility|p2a: Porygon
|-boost|p2a: Porygon|spe|2
|
|turn|33
|c|★MillaVGC|hax
|c| Arpee95|Wtf
|choice||
|
|move|p2a: Porygon|Thunderbolt|p1a: Poliwhirl
|-supereffective|p1a: Poliwhirl
|-damage|p1a: Poliwhirl|0 fnt
|faint|p1a: Poliwhirl
|choice||
|
|switch|p1a: Weezing|Weezing, L90|100\/100
|turn|34
|choice||
|
|move|p2a: Porygon|Thunderbolt|p1a: Weezing
|-damage|p1a: Weezing|82\/100
|move|p1a: Weezing|Sludge|p2a: Porygon
|-damage|p2a: Porygon|72\/100
|
|turn|35
|choice||
|
|move|p2a: Porygon|Thunderbolt|p1a: Weezing
|-damage|p1a: Weezing|64\/100
|move|p1a: Weezing|Sludge|p2a: Porygon
|-damage|p2a: Porygon|41\/100
|
|turn|36
|choice||
|
|move|p2a: Porygon|Thunderbolt|p1a: Weezing
|-damage|p1a: Weezing|45\/100
|move|p1a: Weezing|Sludge|p2a: Porygon
|-damage|p2a: Porygon|12\/100
|-status|p2a: Porygon|psn
|
|turn|37
|choice||
|
|switch|p1a: Mew|Mew, L74|100\/100 par
|move|p2a: Porygon|Recover|p2a: Porygon
|-heal|p2a: Porygon|62\/100 psn
|-damage|p2a: Porygon|56\/100 psn|[from] psn
|
|turn|38
|choice||
|
|move|p2a: Porygon|Thunderbolt|p1a: Mew
|-damage|p1a: Mew|80\/100 par
|-damage|p2a: Porygon|50\/100 psn|[from] psn|[of] p1a: Mew
|move|p1a: Mew|Fissure|p2a: Porygon
|-immune|p2a: Porygon|[ohko]
|
|turn|39
|c|★MillaVGC|unaffected
|c|★MillaVGC|why is this move broken
|c| Arpee95|XD
|choice||
|
|move|p2a: Porygon|Thunderbolt|p1a: Mew
|-damage|p1a: Mew|59\/100 par
|-damage|p2a: Porygon|45\/100 psn|[from] psn|[of] p1a: Mew
|move|p1a: Mew|Thunderbolt|p2a: Porygon
|-damage|p2a: Porygon|24\/100 psn
|
|turn|40
|choice||
|
|move|p2a: Porygon|Recover|p2a: Porygon
|-heal|p2a: Porygon|74\/100 psn
|-damage|p2a: Porygon|68\/100 psn|[from] psn
|move|p1a: Mew|Soft-Boiled|p1a: Mew
|-heal|p1a: Mew|100\/100 par
|
|turn|41
|c|★MillaVGC|I’m here all week
|c| Arpee95|XD
|c|★Judo|hmm
|choice||
|
|move|p2a: Porygon|Thunderbolt|p1a: Mew
|-damage|p1a: Mew|79\/100 par
|-damage|p2a: Porygon|62\/100 psn|[from] psn|[of] p1a: Mew
|move|p1a: Mew|Hyper Beam|p2a: Porygon
|-damage|p2a: Porygon|27\/100 psn
|
|turn|42
|-mustrecharge|p1a: Mew
|c|★Judo|im not the most patient person
|-mustrecharge|p1a: Mew
|choice||
|
|move|p2a: Porygon|Recover|p2a: Porygon
|-heal|p2a: Porygon|77\/100 psn
|-damage|p2a: Porygon|71\/100 psn|[from] psn
|cant|p1a: Mew|recharge
|
|turn|43
|choice||
|
|move|p2a: Porygon|Thunderbolt|p1a: Mew
|-damage|p1a: Mew|60\/100 par
|-damage|p2a: Porygon|65\/100 psn|[from] psn|[of] p1a: Mew
|move|p1a: Mew|Thunderbolt|p2a: Porygon
|-damage|p2a: Porygon|45\/100 psn
|
|turn|44
|choice||
|
|switch|p1a: Moltres|Moltres, L85|19\/100 par
|move|p2a: Porygon|Thunderbolt|p1a: Moltres
|-supereffective|p1a: Moltres
|-damage|p1a: Moltres|0 fnt
|faint|p1a: Moltres
|c|★MillaVGC|balls
|choice||
|
|switch|p1a: Weezing|Weezing, L90|45\/100
|turn|45
|choice||
|
|move|p2a: Porygon|Recover|p2a: Porygon
|-heal|p2a: Porygon|95\/100 psn
|-damage|p2a: Porygon|89\/100 psn|[from] psn
|move|p1a: Weezing|Sludge|p2a: Porygon
|-damage|p2a: Porygon|60\/100 psn
|
|turn|46
|choice||
|
|move|p2a: Porygon|Hyper Beam|p1a: Weezing|[miss]
|-miss|p2a: Porygon
|-damage|p2a: Porygon|54\/100 psn|[from] psn|[of] p1a: Weezing
|move|p1a: Weezing|Sludge|p2a: Porygon
|-damage|p2a: Porygon|25\/100 psn
|
|turn|47
|choice||
|
|move|p2a: Porygon|Recover|p2a: Porygon
|-heal|p2a: Porygon|75\/100 psn
|-damage|p2a: Porygon|69\/100 psn|[from] psn
|move|p1a: Weezing|Sludge|p2a: Porygon
|-damage|p2a: Porygon|37\/100 psn
|
|turn|48
|choice||
|
|move|p2a: Porygon|Thunderbolt|p1a: Weezing
|-damage|p1a: Weezing|26\/100
|-damage|p2a: Porygon|31\/100 psn|[from] psn|[of] p1a: Weezing
|move|p1a: Weezing|Sludge|p2a: Porygon
|-crit|p2a: Porygon
|-damage|p2a: Porygon|0 fnt
|faint|p2a: Porygon
|choice||
|
|switch|p2a: Farfetch'd|Farfetch'd, L99|100\/100
|turn|49
|c|★Judo|nuuuu my son
|choice||
|
|move|p2a: Farfetch'd|Slash|p1a: Weezing
|-crit|p1a: Weezing
|-damage|p1a: Weezing|0 fnt
|faint|p1a: Weezing
|c|★MillaVGC|lv99 man
|choice||
|
|switch|p1a: Mew|Mew, L74|60\/100 par
|turn|50
|c|★MillaVGC|been at the rare candies
|choice||
|
|move|p2a: Farfetch'd|Slash|p1a: Mew
|-crit|p1a: Mew
|-damage|p1a: Mew|9\/100 par
|move|p1a: Mew|Thunderbolt|p2a: Farfetch'd
|-supereffective|p2a: Farfetch'd
|-damage|p2a: Farfetch'd|59\/100
|
|turn|51
|j|gymNmons
|c|★MillaVGC|gg
|c|★Judo|BIRD GOD FLY MY PWETTY
|choice||
|
|move|p2a: Farfetch'd|Slash|p1a: Mew
|-crit|p1a: Mew
|-damage|p1a: Mew|0 fnt
|faint|p1a: Mew
|
|win|Judo
|player|p1
|player|p2
|c| Arpee95|XD
|l|gymNmons