|join|ernieeromero
|join|Jano CC
|player|p1|ernieeromero|253
|player|p2|Jano CC|163
|gametype|singles
|gen|1
|tier|[Gen 1] Random Battle
|rated
|seed|14291,57285,5121,7166
|rule|Sleep Clause Mod: Limit one foe put to sleep
|rule|Freeze Clause Mod: Limit one foe frozen
|rule|HP Percentage Mod: HP is shown in percentages
|
|start
|switch|p1a: Caterpie|Caterpie, L99|290\/290
|switch|p2a: Kakuna|Kakuna, L99|290\/290
|turn|1
|choice|switch 5|move 1
|
|switch|p1a: Mew|Mew, L74|300\/300
|move|p2a: Kakuna|Poison Sting|p1a: Mew
|-damage|p1a: Mew|286\/300
|
|turn|2
|choice|move 2|move 1
|
|move|p1a: Mew|Blizzard|p2a: Kakuna
|-damage|p2a: Kakuna|177\/290
|move|p2a: Kakuna|Poison Sting|p1a: Mew
|-damage|p1a: Mew|274\/300
|
|turn|3
|choice|move 2|move 1
|
|move|p1a: Mew|Blizzard|p2a: Kakuna
|-damage|p2a: Kakuna|74\/290
|move|p2a: Kakuna|Poison Sting|p1a: Mew
|-damage|p1a: Mew|261\/300
|
|turn|4
|choice|move 3|move 1
|
|move|p1a: Mew|Hyper Beam|p2a: Kakuna
|-crit|p2a: Kakuna
|-damage|p2a: Kakuna|0 fnt
|faint|p2a: Kakuna
|choice||switch 6
|
|switch|p2a: Tauros|Tauros, L79|280\/280
|turn|5
|choice|move 4|move 4
|
|move|p2a: Tauros|Earthquake|p1a: Mew
|-damage|p1a: Mew|199\/300
|move|p1a: Mew|Explosion|p2a: Tauros
|-damage|p2a: Tauros|75\/280
|faint|p1a: Mew
|choice|switch 6|
|
|switch|p1a: Persian|Persian, L79|265\/265
|turn|6
|choice|move 1|move 2
|
|move|p1a: Persian|Slash|p2a: Tauros
|-crit|p2a: Tauros
|-damage|p2a: Tauros|0 fnt
|faint|p2a: Tauros
|choice||switch 5
|
|switch|p2a: Snorlax|Snorlax, L79|415\/415
|turn|7
|choice|move 1|move 1
|
|move|p1a: Persian|Slash|p2a: Snorlax
|-crit|p2a: Snorlax
|-damage|p2a: Snorlax|273\/415
|move|p2a: Snorlax|Amnesia|p2a: Snorlax
|-boost|p2a: Snorlax|spd|2
|-boost|p2a: Snorlax|spa|2
|
|turn|8
|choice|move 2|move 4
|
|move|p1a: Persian|Hyper Beam|p2a: Snorlax|[miss]
|-miss|p1a: Persian
|move|p2a: Snorlax|Thunderbolt|p1a: Persian
|-damage|p1a: Persian|138\/265
|
|turn|9
|choice|move 1|move 4
|
|move|p1a: Persian|Slash|p2a: Snorlax
|-crit|p2a: Snorlax
|-damage|p2a: Snorlax|140\/415
|move|p2a: Snorlax|Thunderbolt|p1a: Persian
|-damage|p1a: Persian|25\/265
|
|turn|10
|choice|move 2|move 4
|
|move|p1a: Persian|Hyper Beam|p2a: Snorlax
|-damage|p2a: Snorlax|0 fnt
|faint|p2a: Snorlax
|choice||switch 3
|
|switch|p2a: Lapras|Lapras, L79|367\/367
|turn|11
|choice|move 3|move 2
|
|move|p1a: Persian|Thunderbolt|p2a: Lapras
|-supereffective|p2a: Lapras
|-damage|p2a: Lapras|274\/367
|move|p2a: Lapras|Confuse Ray|p1a: Persian
|-start|p1a: Persian|confusion
|
|turn|12
|choice|move 2|move 4
|
|-activate|p1a: Persian|confusion
|-damage|p1a: Persian|0 fnt|[from] confusion
|faint|p1a: Persian
|choice|switch 3|
|
|switch|p1a: Alakazam|Alakazam, L79|249\/249
|turn|13
|choice|move 4|move 2
|
|move|p1a: Alakazam|Thunder Wave|p2a: Lapras
|-status|p2a: Lapras|par
|move|p2a: Lapras|Confuse Ray|p1a: Alakazam|[miss]
|-miss|p2a: Lapras
|
|turn|14
|choice|move 2|move 4
|
|move|p1a: Alakazam|Seismic Toss|p2a: Lapras
|-damage|p2a: Lapras|195\/367 par
|move|p2a: Lapras|Body Slam|p1a: Alakazam
|-damage|p1a: Alakazam|175\/249
|
|turn|15
|choice|move 1|move 4
|
|move|p1a: Alakazam|Psychic|p2a: Lapras
|-damage|p2a: Lapras|82\/367 par
|move|p2a: Lapras|Body Slam|p1a: Alakazam
|-damage|p1a: Alakazam|95\/249
|-status|p1a: Alakazam|par
|
|turn|16
|choice|move 3|move 4
|
|move|p1a: Alakazam|Recover|p1a: Alakazam
|-heal|p1a: Alakazam|219\/249 par
|move|p2a: Lapras|Body Slam|p1a: Alakazam
|-damage|p1a: Alakazam|139\/249 par
|
|turn|17
|choice|move 3|move 4
|
|move|p1a: Alakazam|Recover|p1a: Alakazam
|-heal|p1a: Alakazam|249\/249 par
|move|p2a: Lapras|Body Slam|p1a: Alakazam
|-damage|p1a: Alakazam|176\/249 par
|
|turn|18
|choice|move 1|move 3
|
|move|p1a: Alakazam|Psychic|p2a: Lapras
|-crit|p2a: Lapras
|-damage|p2a: Lapras|0 fnt
|faint|p2a: Lapras
|choice||switch 2
|
|switch|p2a: Golem|Golem, L79|288\/288
|turn|19
|choice|move 1|move 3
|
|move|p2a: Golem|Earthquake|p1a: Alakazam
|-damage|p1a: Alakazam|33\/249 par
|move|p1a: Alakazam|Psychic|p2a: Golem
|-crit|p2a: Golem
|-damage|p2a: Golem|5\/288
|
|turn|20
|choice|move 1|move 3
|
|move|p2a: Golem|Earthquake|p1a: Alakazam
|-damage|p1a: Alakazam|0 fnt
|faint|p1a: Alakazam
|choice|switch 4|
|
|switch|p1a: Tauros|Tauros, L79|280\/280
|turn|21
|choice|move 3|move 4
|
|move|p1a: Tauros|Body Slam|p2a: Golem
|-resisted|p2a: Golem
|-damage|p2a: Golem|0 fnt
|faint|p2a: Golem
|choice||switch 4
|
|switch|p2a: Articuno|Articuno, L79|304\/304
|turn|22
|choice|move 3|move 1
|
|move|p1a: Tauros|Body Slam|p2a: Articuno
|-crit|p2a: Articuno
|-damage|p2a: Articuno|148\/304
|-status|p2a: Articuno|par
|move|p2a: Articuno|Blizzard|p1a: Tauros
|-damage|p1a: Tauros|131\/280
|
|turn|23
|choice|move 2|move 1
|
|move|p1a: Tauros|Hyper Beam|p2a: Articuno|[miss]
|-miss|p1a: Tauros
|move|p2a: Articuno|Blizzard|p1a: Tauros|[miss]
|-miss|p2a: Articuno
|
|turn|24
|choice|move 2|move 1
|
|move|p1a: Tauros|Hyper Beam|p2a: Articuno
|-damage|p2a: Articuno|9\/304 par
|move|p2a: Articuno|Blizzard|p1a: Tauros
|-damage|p1a: Tauros|0 fnt
|faint|p1a: Tauros
|choice|switch 5|
|
|switch|p1a: Caterpie|Caterpie, L99|290\/290
|turn|25
|choice|move 2|move 2
|
|move|p1a: Caterpie|Tackle|p2a: Articuno
|-damage|p2a: Articuno|0 fnt
|faint|p2a: Articuno
|
|win|ernieeromero
|c|★ernieeromero|gg xD
|leave|Jano CC
|player|p2
|raw|ernieeromero's rating: 1064 &rarr; <strong>1108<\/strong><br \/>(+44 for winning)
|raw|Jano CC's rating: 1238 &rarr; <strong>1201<\/strong><br \/>(-37 for losing)
|leave|ernieeromero
|player|p1
|join|ernieeromero