|join|riwu
|join|vsterel
|player|p1|riwu|2
|player|p2|vsterel|102
|gametype|singles
|gen|1
|tier|[Gen 1] Random Battle
|rated
|seed|57352,45084,37290,17279
|rule|Sleep Clause Mod: Limit one foe put to sleep
|rule|Freeze Clause Mod: Limit one foe frozen
|rule|HP Percentage Mod: HP is shown in percentages
|
|start
|switch|p1a: Pikachu|Pikachu, L96|262\/262
|switch|p2a: Magmar|Magmar, L90|300\/300
|turn|1
|choice|move 3|move 1
|
|move|p1a: Pikachu|Surf|p2a: Magmar
|-supereffective|p2a: Magmar
|-damage|p2a: Magmar|179\/300
|move|p2a: Magmar|Fire Blast|p1a: Pikachu|[miss]
|-miss|p2a: Magmar
|
|turn|2
|choice|move 3|switch 6
|
|switch|p2a: Weepinbell|Weepinbell, L85|284\/284
|move|p1a: Pikachu|Surf|p2a: Weepinbell
|-resisted|p2a: Weepinbell
|-damage|p2a: Weepinbell|255\/284
|
|turn|3
|choice|switch 6|move 3
|
|switch|p1a: Haunter|Haunter, L85|250\/250
|move|p2a: Weepinbell|Stun Spore|p1a: Haunter
|-status|p1a: Haunter|par
|
|turn|4
|choice|move 4|switch 2
|
|switch|p2a: Magneton|Magneton, L90|273\/273
|cant|p1a: Haunter|par
|
|turn|5
|choice|move 1|move 1
|
|move|p2a: Magneton|Thunderbolt|p1a: Haunter
|-damage|p1a: Haunter|133\/250 par
|move|p1a: Haunter|Hypnosis|p2a: Magneton
|-status|p2a: Magneton|slp
|
|turn|6
|choice|move 4|move 1
|
|cant|p2a: Magneton|slp
|cant|p1a: Haunter|par
|
|turn|7
|choice|switch 4|move 1
|
|switch|p1a: Scyther|Scyther, L90|309\/309
|-curestatus|p2a: Magneton|slp
|
|turn|8
|choice|switch 5|move 1
|
|switch|p1a: Kadabra|Kadabra, L85|242\/242
|move|p2a: Magneton|Thunderbolt|p1a: Kadabra
|-damage|p1a: Kadabra|141\/242
|
|turn|9
|choice|move 1|move 4
|
|move|p1a: Kadabra|Psychic|p2a: Magneton
|-damage|p2a: Magneton|188\/273
|move|p2a: Magneton|Thunder Wave|p1a: Kadabra
|-status|p1a: Kadabra|par
|
|turn|10
|choice|move 1|move 1
|
|move|p2a: Magneton|Thunderbolt|p1a: Kadabra
|-damage|p1a: Kadabra|38\/242 par
|cant|p1a: Kadabra|par
|
|turn|11
|choice|move 1|move 2
|
|move|p2a: Magneton|Mimic|p1a: Kadabra
|-start|p2a: Magneton|Mimic|Thunder Wave
|move|p1a: Kadabra|Psychic|p2a: Magneton
|-crit|p2a: Magneton
|-damage|p2a: Magneton|10\/273
|
|turn|12
|choice|move 1|move 1
|
|move|p2a: Magneton|Thunderbolt|p1a: Kadabra
|-damage|p1a: Kadabra|0 fnt
|faint|p1a: Kadabra
|choice|switch 6|
|
|switch|p1a: Pikachu|Pikachu, L96|262\/262
|turn|13
|choice|move 3|move 1
|
|move|p1a: Pikachu|Surf|p2a: Magneton
|-damage|p2a: Magneton|0 fnt
|faint|p2a: Magneton
|choice||switch 2
|
|switch|p2a: Weepinbell|Weepinbell, L85|255\/284
|turn|14
|choice|switch 4|move 1
|
|switch|p1a: Haunter|Haunter, L85|133\/250 par
|move|p2a: Weepinbell|Razor Leaf|p1a: Haunter
|-crit|p1a: Haunter
|-resisted|p1a: Haunter
|-damage|p1a: Haunter|92\/250 par
|
|turn|15
|choice|move 1|switch 6
|
|switch|p2a: Magmar|Magmar, L90|179\/300
|move|p1a: Haunter|Hypnosis|p2a: Magmar
|-status|p2a: Magmar|slp
|
|turn|16
|choice|switch 5|move 1
|
|switch|p1a: Scyther|Scyther, L90|309\/309
|cant|p2a: Magmar|slp
|
|turn|17
|choice|move 3|move 1
|
|move|p1a: Scyther|Swords Dance|p1a: Scyther
|-boost|p1a: Scyther|atk|2
|cant|p2a: Magmar|slp
|
|turn|18
|choice|move 2|move 1
|
|move|p1a: Scyther|Slash|p2a: Magmar
|-crit|p2a: Magmar
|-damage|p2a: Magmar|36\/300 slp
|-curestatus|p2a: Magmar|slp
|
|turn|19
|choice|move 2|move 1
|
|move|p1a: Scyther|Slash|p2a: Magmar
|-crit|p2a: Magmar
|-damage|p2a: Magmar|0 fnt
|faint|p2a: Magmar
|choice||switch 4
|
|switch|p2a: Kabutops|Kabutops, L85|276\/276
|turn|20
|choice|switch 4|move 1
|
|switch|p1a: Pikachu|Pikachu, L96|262\/262
|move|p2a: Kabutops|Surf|p1a: Pikachu
|-crit|p1a: Pikachu
|-damage|p1a: Pikachu|74\/262
|
|turn|21
|choice|move 2|switch 6
|
|switch|p2a: Weepinbell|Weepinbell, L85|255\/284
|move|p1a: Pikachu|Thunderbolt|p2a: Weepinbell
|-resisted|p2a: Weepinbell
|-damage|p2a: Weepinbell|215\/284
|
|turn|22
|choice|switch 5|move 1
|
|switch|p1a: Haunter|Haunter, L85|92\/250 par
|move|p2a: Weepinbell|Razor Leaf|p1a: Haunter
|-resisted|p1a: Haunter
|-damage|p1a: Haunter|70\/250 par
|
|turn|23
|choice|move 1|move 1
|
|move|p2a: Weepinbell|Razor Leaf|p1a: Haunter
|-crit|p1a: Haunter
|-resisted|p1a: Haunter
|-damage|p1a: Haunter|28\/250 par
|move|p1a: Haunter|Hypnosis|p2a: Weepinbell
|-status|p2a: Weepinbell|slp
|
|turn|24
|choice|move 4|move 1
|
|cant|p2a: Weepinbell|slp
|move|p1a: Haunter|Confuse Ray|p2a: Weepinbell
|-start|p2a: Weepinbell|confusion
|
|turn|25
|choice|switch 4|move 1
|
|switch|p1a: Scyther|Scyther, L90|309\/309
|-curestatus|p2a: Weepinbell|slp
|
|turn|26
|choice|move 2|move 3
|
|move|p1a: Scyther|Slash|p2a: Weepinbell
|-crit|p2a: Weepinbell
|-damage|p2a: Weepinbell|38\/284
|-activate|p2a: Weepinbell|confusion
|-damage|p2a: Weepinbell|0 fnt|[from] confusion
|faint|p2a: Weepinbell
|choice||switch 5
|
|switch|p2a: Hitmonchan|Hitmonchan, L90|273\/273
|turn|27
|choice|move 3|move 4
|
|move|p1a: Scyther|Swords Dance|p1a: Scyther
|-boost|p1a: Scyther|atk|2
|move|p2a: Hitmonchan|Counter|p1a: Scyther
|-fail|p2a: Hitmonchan
|
|turn|28
|choice|move 3|move 4
|
|move|p1a: Scyther|Swords Dance|p1a: Scyther
|-boost|p1a: Scyther|atk|2
|move|p2a: Hitmonchan|Counter|p1a: Scyther
|-fail|p2a: Hitmonchan
|
|turn|29
|choice|move 3|move 4
|
|move|p1a: Scyther|Swords Dance|p1a: Scyther
|-boost|p1a: Scyther|atk|2
|move|p2a: Hitmonchan|Counter|p1a: Scyther
|-fail|p2a: Hitmonchan
|
|turn|30
|choice|move 4|move 4
|
|move|p1a: Scyther|Hyper Beam|p2a: Hitmonchan
|-damage|p2a: Hitmonchan|0 fnt
|faint|p2a: Hitmonchan
|choice||switch 6
|
|switch|p2a: Kabutops|Kabutops, L85|276\/276
|turn|31
|choice|move 4|move 2
|
|move|p1a: Scyther|Hyper Beam|p2a: Kabutops
|-resisted|p2a: Kabutops
|-damage|p2a: Kabutops|60\/276
|move|p2a: Kabutops|Body Slam|p1a: Scyther
|-damage|p1a: Scyther|242\/309
|
|turn|32
|-mustrecharge|p1a: Scyther
|-mustrecharge|p1a: Scyther
|choice|move 1|move 1
|
|cant|p1a: Scyther|recharge
|move|p2a: Kabutops|Surf|p1a: Scyther
|-damage|p1a: Scyther|129\/309
|
|turn|33
|choice|move 4|move 1
|
|move|p1a: Scyther|Hyper Beam|p2a: Kabutops
|-resisted|p2a: Kabutops
|-damage|p2a: Kabutops|0 fnt
|faint|p2a: Kabutops
|choice||switch 3
|
|switch|p2a: Electrode|Electrode, L90|291\/291
|turn|34
|-message|vsterel forfeited.
|
|win|riwu
|leave|vsterel
|player|p2
|raw|riwu's rating: 1503 &rarr; <strong>1515<\/strong><br \/>(+12 for winning)
|raw|vsterel's rating: 1346 &rarr; <strong>1335<\/strong><br \/>(-11 for losing)