|join|Kel9901
|join|angry Moron
|player|p1|Kel9901|101
|player|p2|angry Moron|275
|gametype|singles
|gen|1
|tier|[Gen 1] OU (beta)
|rated
|rule|Sleep Clause Mod: Limit one foe put to sleep
|rule|Species Clause: Limit one of each Pokemon
|rule|OHKO Clause: OHKO moves are banned
|rule|Moody Clause: Moody is banned
|rule|Evasion Moves Clause: Evasion moves are banned
|rule|Endless Battle Clause: Forcing endless battles is banned.
|rule|HP Percentage Mod: HP is reported as percentages
|
|start
|switch|p1a: Jynx|Jynx|333\/333
|switch|p2a: Starmie|Starmie|323\/323
|turn|1
|callback|decision
|
|move|p2a: Starmie|Thunder Wave|p1a: Jynx
|-status|p1a: Jynx|par
|move|p1a: Jynx|Lovely Kiss|p2a: Starmie
|-status|p2a: Starmie|slp
|
|turn|2
|callback|decision
|
|switch|p2a: Chansey|Chansey|703\/703
|move|p1a: Jynx|Blizzard|p2a: Chansey|[miss]
|-miss|p1a: Jynx
|
|turn|3
|callback|decision
|
|move|p2a: Chansey|Thunderbolt|p1a: Jynx
|-damage|p1a: Jynx|253\/333 par
|move|p1a: Jynx|Blizzard|p2a: Chansey
|-damage|p2a: Chansey|571\/703
|
|turn|4
|callback|decision
|
|switch|p2a: Lapras|Lapras|463\/463
|switch|p1a: Chansey|Chansey|703\/703
|
|turn|5
|callback|decision
|
|switch|p2a: Chansey|Chansey|571\/703
|move|p1a: Chansey|Thunderbolt|p2a: Chansey
|-damage|p2a: Chansey|503\/703
|
|turn|6
|callback|decision
|
|move|p2a: Chansey|Ice Beam|p1a: Chansey
|-damage|p1a: Chansey|635\/703
|move|p1a: Chansey|Ice Beam|p2a: Chansey
|-damage|p2a: Chansey|433\/703
|
|turn|7
|callback|decision
|
|switch|p2a: Lapras|Lapras|463\/463
|switch|p1a: Snorlax|Snorlax|523\/523
|
|turn|8
|callback|decision
|
|move|p2a: Lapras|Confuse Ray|p1a: Snorlax
|-start|p1a: Snorlax|confusion
|-activate|p1a: Snorlax|confusion
|-damage|p1a: Snorlax|478\/523|[from] confusion
|
|turn|9
|callback|decision
|
|switch|p1a: Chansey|Chansey|635\/703
|move|p2a: Lapras|Blizzard|p1a: Chansey|[miss]
|-miss|p2a: Lapras
|
|turn|10
|callback|decision
|
|switch|p2a: Chansey|Chansey|433\/703
|move|p1a: Chansey|Thunderbolt|p2a: Chansey
|-damage|p2a: Chansey|357\/703
|
|turn|11
|callback|decision
|
|move|p1a: Chansey|Ice Beam|p2a: Chansey
|-damage|p2a: Chansey|284\/703
|-status|p2a: Chansey|frz
|cant|p2a: Chansey|frz
|
|turn|12
|callback|decision
|
|switch|p2a: Exeggutor|Exeggutor|393\/393
|move|p1a: Chansey|Thunder Wave|p2a: Exeggutor
|-status|p2a: Exeggutor|par
|
|turn|13
|callback|decision
|
|switch|p1a: Jynx|Jynx|253\/333 par
|switch|p2a: Lapras|Lapras|463\/463
|
|turn|14
|callback|decision
|
|move|p2a: Lapras|Confuse Ray|p1a: Jynx
|-start|p1a: Jynx|confusion
|-activate|p1a: Jynx|confusion
|-damage|p1a: Jynx|219\/333 par|[from] confusion
|
|turn|15
|callback|decision
|
|switch|p1a: Chansey|Chansey|635\/703
|move|p2a: Lapras|Body Slam|p1a: Chansey
|-damage|p1a: Chansey|474\/703
|-status|p1a: Chansey|par
|
|turn|16
|callback|decision
|
|move|p2a: Lapras|Confuse Ray|p1a: Chansey
|-start|p1a: Chansey|confusion
|cant|p1a: Chansey|par
|
|turn|17
|callback|decision
|
|move|p2a: Lapras|Body Slam|p1a: Chansey
|-damage|p1a: Chansey|319\/703 par
|-activate|p1a: Chansey|confusion
|move|p1a: Chansey|Thunder Wave|p2a: Lapras
|-status|p2a: Lapras|par
|
|turn|18
|callback|decision
|
|switch|p2a: Tauros|Tauros|353\/353
|-end|p1a: Chansey|confusion
|move|p1a: Chansey|Soft-Boiled|p1a: Chansey
|-heal|p1a: Chansey|670\/703 par
|
|turn|19
|callback|decision
|
|switch|p2a: Exeggutor|Exeggutor|393\/393 par
|move|p1a: Chansey|Thunder Wave|p2a: Exeggutor
|-fail|p2a: Exeggutor|par
|
|turn|20
|callback|decision
|
|switch|p2a: Lapras|Lapras|463\/463 par
|switch|p1a: Jynx|Jynx|219\/333 par
|
|turn|21
|callback|decision
|
|move|p1a: Jynx|Psychic|p2a: Lapras
|-crit|p2a: Lapras
|-damage|p2a: Lapras|251\/463 par
|move|p2a: Lapras|Confuse Ray|p1a: Jynx
|-start|p1a: Jynx|confusion
|
|turn|22
|callback|decision
|
|-activate|p1a: Jynx|confusion
|-damage|p1a: Jynx|183\/333 par|[from] confusion
|cant|p2a: Lapras|par
|
|turn|23
|callback|decision
|
|-activate|p1a: Jynx|confusion
|move|p1a: Jynx|Psychic|p2a: Lapras
|-damage|p2a: Lapras|138\/463 par
|cant|p2a: Lapras|par
|
|turn|24
|callback|decision
|
|switch|p1a: Chansey|Chansey|670\/703 par
|move|p2a: Lapras|Rest|p2a: Lapras
|-status|p2a: Lapras|slp
|-heal|p2a: Lapras|463\/463 slp|[silent]
|-status|p2a: Lapras|slp|[from] move: Rest
|
|turn|25
|callback|decision
|
|cant|p2a: Lapras|slp
|move|p1a: Chansey|Thunderbolt|p2a: Lapras
|-supereffective|p2a: Lapras
|-damage|p2a: Lapras|307\/463 slp
|
|turn|26
|callback|decision
|
|cant|p2a: Lapras|slp
|-curestatus|p2a: Lapras|slp
|move|p1a: Chansey|Thunderbolt|p2a: Lapras
|-supereffective|p2a: Lapras
|-damage|p2a: Lapras|137\/463
|
|turn|27
|callback|decision
|
|move|p2a: Lapras|Rest|p2a: Lapras
|-status|p2a: Lapras|slp
|-heal|p2a: Lapras|463\/463 slp|[silent]
|-status|p2a: Lapras|slp|[from] move: Rest
|move|p1a: Chansey|Thunderbolt|p2a: Lapras
|-supereffective|p2a: Lapras
|-damage|p2a: Lapras|300\/463 slp
|
|turn|28
|callback|decision
|
|cant|p2a: Lapras|slp
|move|p1a: Chansey|Thunderbolt|p2a: Lapras
|-supereffective|p2a: Lapras
|-damage|p2a: Lapras|151\/463 slp
|
|turn|29
|callback|decision
|
|cant|p2a: Lapras|slp
|-curestatus|p2a: Lapras|slp
|move|p1a: Chansey|Thunderbolt|p2a: Lapras
|-supereffective|p2a: Lapras
|-damage|p2a: Lapras|2\/463
|-status|p2a: Lapras|par
|
|turn|30
|callback|decision
|
|cant|p2a: Lapras|par
|move|p1a: Chansey|Thunderbolt|p2a: Lapras
|-supereffective|p2a: Lapras
|-damage|p2a: Lapras|0 fnt
|faint|p2a: Lapras
|
|callback|decision
|
|switch|p2a: Exeggutor|Exeggutor|393\/393 par
|turn|31
|callback|decision
|
|switch|p1a: Jynx|Jynx|183\/333 par
|cant|p2a: Exeggutor|par
|
|turn|32
|callback|decision
|
|switch|p2a: Starmie|Starmie|323\/323 slp
|cant|p1a: Jynx|par
|
|turn|33
|callback|decision
|
|switch|p1a: Snorlax|Snorlax|478\/523
|cant|p2a: Starmie|slp
|
|turn|34
|callback|decision
|
|cant|p2a: Starmie|slp
|move|p1a: Snorlax|Body Slam|p2a: Starmie
|-damage|p2a: Starmie|207\/323 slp
|
|turn|35
|callback|decision
|
|cant|p2a: Starmie|slp
|-curestatus|p2a: Starmie|slp
|move|p1a: Snorlax|Body Slam|p2a: Starmie
|-damage|p2a: Starmie|80\/323
|
|turn|36
|callback|decision
|
|move|p2a: Starmie|Recover|p2a: Starmie
|-heal|p2a: Starmie|241\/323
|move|p1a: Snorlax|Body Slam|p2a: Starmie
|-damage|p2a: Starmie|127\/323
|
|turn|37
|callback|decision
|
|switch|p2a: Exeggutor|Exeggutor|393\/393 par
|move|p1a: Snorlax|Body Slam|p2a: Exeggutor
|-damage|p2a: Exeggutor|277\/393 par
|
|turn|38
|callback|decision
|
|switch|p1a: Jynx|Jynx|183\/333 par
|switch|p2a: Starmie|Starmie|127\/323
|
|turn|39
|callback|decision
|
|move|p2a: Starmie|Recover|p2a: Starmie
|-heal|p2a: Starmie|288\/323
|move|p1a: Jynx|Lovely Kiss|p2a: Starmie|[miss]
|-miss|p1a: Jynx
|
|turn|40
|callback|decision
|
|switch|p2a: Exeggutor|Exeggutor|277\/393 par
|move|p1a: Jynx|Lovely Kiss|p2a: Exeggutor
|-fail|p2a: Exeggutor
|
|turn|41
|callback|decision
|
|switch|p2a: Chansey|Chansey|284\/703 frz
|move|p1a: Jynx|Blizzard|p2a: Chansey|[miss]
|-miss|p1a: Jynx
|
|turn|42
|callback|decision
|
|switch|p2a: Starmie|Starmie|288\/323
|move|p1a: Jynx|Lovely Kiss|p2a: Starmie|[miss]
|-miss|p1a: Jynx
|
|turn|43
|callback|decision
|
|switch|p2a: Chansey|Chansey|284\/703 frz
|move|p1a: Jynx|Blizzard|p2a: Chansey
|-crit|p2a: Chansey
|-damage|p2a: Chansey|34\/703 frz
|
|turn|44
|callback|decision
|
|switch|p1a: Tauros|Tauros|353\/353
|cant|p2a: Chansey|frz
|
|turn|45
|callback|decision
|
|move|p1a: Tauros|Blizzard|p2a: Chansey
|-damage|p2a: Chansey|0 fnt
|faint|p2a: Chansey
|
|callback|decision
|
|switch|p2a: Starmie|Starmie|288\/323
|turn|46
|callback|decision
|
|switch|p2a: Golem|Golem|363\/363
|switch|p1a: Chansey|Chansey|670\/703 par
|
|turn|47
|callback|decision
|
|switch|p1a: Exeggutor|Exeggutor|393\/393
|move|p2a: Golem|Earthquake|p1a: Exeggutor
|-resisted|p1a: Exeggutor
|-damage|p1a: Exeggutor|328\/393
|
|turn|48
|callback|decision
|
|switch|p2a: Exeggutor|Exeggutor|277\/393 par
|move|p1a: Exeggutor|Sleep Powder|p2a: Exeggutor
|-fail|p2a: Exeggutor
|
|turn|49
|callback|decision
|
|switch|p1a: Jynx|Jynx|183\/333 par
|switch|p2a: Golem|Golem|363\/363
|
|turn|50
|callback|decision
|
|switch|p1a: Exeggutor|Exeggutor|328\/393
|move|p2a: Golem|Rock Slide|p1a: Exeggutor
|-damage|p1a: Exeggutor|227\/393
|
|turn|51
|callback|decision
|
|switch|p1a: Jynx|Jynx|183\/333 par
|switch|p2a: Exeggutor|Exeggutor|277\/393 par
|
|turn|52
|callback|decision
|
|switch|p1a: Chansey|Chansey|670\/703 par
|move|p2a: Exeggutor|Explosion|p1a: Chansey
|-damage|p1a: Chansey|0 fnt
|faint|p1a: Chansey
|faint|p2a: Exeggutor
|callback|decision
|chat|angry Moron|im better than you , kel
|
|switch|p1a: Tauros|Tauros|353\/353
|switch|p2a: Golem|Golem|363\/363
|turn|53
|callback|decision
|
|switch|p1a: Jynx|Jynx|183\/333 par
|move|p2a: Golem|Explosion|p1a: Jynx
|-damage|p1a: Jynx|0 fnt
|faint|p1a: Jynx
|faint|p2a: Golem
|callback|decision
|
|switch|p2a: Starmie|Starmie|288\/323
|switch|p1a: Snorlax|Snorlax|478\/523
|turn|54
|callback|decision
|
|move|p2a: Starmie|Thunder Wave|p1a: Snorlax
|-status|p1a: Snorlax|par
|move|p1a: Snorlax|Body Slam|p2a: Starmie
|-damage|p2a: Starmie|170\/323
|
|turn|55
|callback|decision
|
|move|p2a: Starmie|Recover|p2a: Starmie
|-heal|p2a: Starmie|323\/323
|cant|p1a: Snorlax|par
|
|turn|56
|callback|decision
|
|move|p2a: Starmie|Blizzard|p1a: Snorlax
|-damage|p1a: Snorlax|365\/523 par
|cant|p1a: Snorlax|par
|
|turn|57
|callback|decision
|
|move|p2a: Starmie|Blizzard|p1a: Snorlax
|-damage|p1a: Snorlax|246\/523 par
|move|p1a: Snorlax|Body Slam|p2a: Starmie
|-damage|p2a: Starmie|205\/323
|
|turn|58
|callback|decision
|
|move|p2a: Starmie|Recover|p2a: Starmie
|-heal|p2a: Starmie|323\/323
|move|p1a: Snorlax|Self-Destruct|p2a: Starmie
|-damage|p2a: Starmie|0 fnt
|faint|p2a: Starmie
|faint|p1a: Snorlax
|callback|decision
|
|switch|p1a: Tauros|Tauros|353\/353
|switch|p2a: Tauros|Tauros|353\/353
|turn|59
|callback|decision
|
|move|p1a: Tauros|Body Slam|p2a: Tauros
|-damage|p2a: Tauros|246\/353
|-status|p2a: Tauros|par
|move|p2a: Tauros|Body Slam|p1a: Tauros
|-crit|p1a: Tauros
|-damage|p1a: Tauros|142\/353
|
|turn|60
|callback|decision
|
|switch|p1a: Golem|Golem|363\/363
|move|p2a: Tauros|Blizzard|p1a: Golem
|-crit|p1a: Golem
|-supereffective|p1a: Golem
|-damage|p1a: Golem|0 fnt
|faint|p1a: Golem
|
|callback|decision
|
|switch|p1a: Exeggutor|Exeggutor|227\/393
|turn|61
|callback|decision
|chat|Kel9901|gg
|chat|angry Moron|gg
|
|move|p1a: Exeggutor|Explosion|p2a: Tauros
|-damage|p2a: Tauros|0 fnt
|faint|p2a: Tauros
|faint|p1a: Exeggutor
|
|win|Kel9901
|raw|Ladder updating...
|join|ashiemore
|raw|Kel9901's rating: 1314 &rarr; <strong>1337<\/strong><br \/>(+23 for winning)
|raw|angry Moron's rating: 1276 &rarr; <strong>1254<\/strong><br \/>(-22 for losing)