|j|dirkaka
|j|Wilchan
|player|p1|dirkaka|153
|player|p2|Wilchan|266
|gametype|singles
|gen|1
|tier|[Gen 1] OU
|rated
|seed|
|rule|Sleep Clause Mod: Limit one foe put to sleep
|rule|Freeze Clause Mod: Limit one foe frozen
|rule|Species Clause: Limit one of each Pokémon
|rule|OHKO Clause: OHKO moves are banned
|rule|Evasion Moves Clause: Evasion moves are banned
|rule|HP Percentage Mod: HP is shown in percentages
|
|start
|switch|p1a: Mrs. Popo|Jynx|100\/100
|switch|p2a: Levi|Alakazam, F|100\/100
|turn|1
|j|Zeratulivas
|choice||
|
|switch|p1a: Chance E|Chansey|100\/100
|move|p2a: Levi|Thunder Wave|p1a: Chance E
|-status|p1a: Chance E|par
|
|turn|2
|choice||
|
|move|p2a: Levi|Psychic|p1a: Chance E
|-damage|p1a: Chance E|83\/100 par
|-unboost|p1a: Chance E|spd|1
|-unboost|p1a: Chance E|spa|1
|move|p1a: Chance E|Ice Beam|p2a: Levi
|-damage|p2a: Levi|87\/100
|
|turn|3
|choice||
|
|move|p2a: Levi|Psychic|p1a: Chance E
|-crit|p1a: Chance E
|-damage|p1a: Chance E|46\/100 par
|move|p1a: Chance E|Ice Beam|p2a: Levi
|-damage|p2a: Levi|73\/100
|
|turn|4
|choice||
|
|switch|p1a: Mrs. Popo|Jynx|100\/100
|move|p2a: Levi|Psychic|p1a: Mrs. Popo
|-resisted|p1a: Mrs. Popo
|-damage|p1a: Mrs. Popo|81\/100
|-unboost|p1a: Mrs. Popo|spd|1
|-unboost|p1a: Mrs. Popo|spa|1
|
|turn|5
|choice||
|
|switch|p1a: Chance E|Chansey|46\/100 par
|move|p2a: Levi|Thunder Wave|p1a: Chance E
|-fail|p1a: Chance E|par
|
|turn|6
|choice||
|
|switch|p2a: Elfman|Machamp, M|100\/100
|move|p1a: Chance E|Soft-Boiled|p1a: Chance E
|-heal|p1a: Chance E|96\/100 par
|
|turn|7
|choice||
|
|switch|p1a: Mega Gastly|Cloyster|100\/100
|move|p2a: Elfman|Submission|p1a: Mega Gastly
|-supereffective|p1a: Mega Gastly
|-damage|p1a: Mega Gastly|51\/100
|-damage|p2a: Elfman|91\/100|[from] recoil|[of] p1a: Mega Gastly
|
|turn|8
|choice||
|
|switch|p2a: Wendy|Slowbro, F|100\/100
|move|p1a: Mega Gastly|Blizzard|p2a: Wendy
|-resisted|p2a: Wendy
|-damage|p2a: Wendy|83\/100
|
|turn|9
|choice||
|
|switch|p1a: Chance E|Chansey|96\/100 par
|move|p2a: Wendy|Thunder Wave|p1a: Chance E
|-fail|p1a: Chance E|par
|
|turn|10
|choice||
|
|move|p2a: Wendy|Amnesia|p2a: Wendy
|-boost|p2a: Wendy|spd|2
|-boost|p2a: Wendy|spa|2
|cant|p1a: Chance E|par
|
|turn|11
|choice||
|
|move|p2a: Wendy|Amnesia|p2a: Wendy
|-boost|p2a: Wendy|spd|2
|-boost|p2a: Wendy|spa|2
|move|p1a: Chance E|Ice Beam|p2a: Wendy
|-resisted|p2a: Wendy
|-damage|p2a: Wendy|79\/100
|
|turn|12
|choice||
|
|switch|p1a: Mrs. Popo|Jynx|81\/100
|move|p2a: Wendy|Amnesia|p2a: Wendy
|-boost|p2a: Wendy|spd|2
|-boost|p2a: Wendy|spa|2
|
|turn|13
|choice||
|
|move|p1a: Mrs. Popo|Lovely Kiss|p2a: Wendy
|-status|p2a: Wendy|slp
|-curestatus|p2a: Wendy|slp
|
|turn|14
|choice||
|
|move|p1a: Mrs. Popo|Lovely Kiss|p2a: Wendy
|-status|p2a: Wendy|slp
|cant|p2a: Wendy|slp
|
|turn|15
|choice||
|
|switch|p1a: Chance E|Chansey|96\/100 par
|cant|p2a: Wendy|slp
|
|turn|16
|choice||
|
|cant|p2a: Wendy|slp
|move|p1a: Chance E|Thunderbolt|p2a: Wendy
|-crit|p2a: Wendy
|-supereffective|p2a: Wendy
|-damage|p2a: Wendy|0 fnt
|faint|p2a: Wendy
|c|★Wilchan|wtf
|c|★Wilchan|lol
|choice||
|
|switch|p2a: Elfman|Machamp, M|91\/100
|turn|17
|choice||
|
|switch|p1a: Frozen|Slowbro|100\/100
|move|p2a: Elfman|Submission|p1a: Frozen|[miss]
|-miss|p2a: Elfman
|
|turn|18
|c|★Wilchan|this is so bs LOL
|c|★dirkaka|whats the inspiration behind your names lol
|choice||
|
|switch|p2a: Droy|Exeggutor, M|100\/100
|move|p1a: Frozen|Earthquake|p2a: Droy
|-resisted|p2a: Droy
|-damage|p2a: Droy|91\/100
|
|turn|19
|c|★Wilchan|fairy tail
|c|★Wilchan|???
|c|★Wilchan|earthquake
|c|★Wilchan|o...k
|c|★dirkaka|droy ?
|choice||
|
|move|p2a: Droy|Mega Drain|p1a: Frozen
|-supereffective|p1a: Frozen
|-damage|p1a: Frozen|65\/100
|-heal|p2a: Droy|100\/100|[from] drain|[of] p1a: Frozen
|move|p1a: Frozen|Ice Beam|p2a: Droy
|-supereffective|p2a: Droy
|-damage|p2a: Droy|74\/100
|-status|p2a: Droy|frz
|
|turn|20
|c|★Wilchan|OMG
|c|★Wilchan|WHY DO YOU HAVE SO MUCH LUCK
|c|★Wilchan|have you watched fairy tail\/
|choice||
|
|switch|p1a: Mega Gastly|Cloyster|51\/100
|cant|p2a: Droy|frz
|
|turn|21
|c|★dirkaka|oh the anime lol
|c|★dirkaka|nope :l
|choice||
|
|move|p1a: Mega Gastly|Blizzard|p2a: Droy
|-supereffective|p2a: Droy
|-damage|p2a: Droy|17\/100 frz
|cant|p2a: Droy|frz
|
|turn|22
|c|★Wilchan|yeah
|c|★Wilchan|the anime
|choice||
|
|move|p1a: Mega Gastly|Rest|p1a: Mega Gastly
|-status|p1a: Mega Gastly|slp
|-heal|p1a: Mega Gastly|100\/100 slp|[silent]
|-status|p1a: Mega Gastly|slp|[from] move: Rest
|cant|p2a: Droy|frz
|
|turn|23
|c|★dirkaka|i havent :l
|choice||
|
|switch|p2a: Laxus|Electabuzz, M|100\/100
|cant|p1a: Mega Gastly|slp
|
|turn|24
|c|★Wilchan|lol
|c|★Wilchan|i'm sorry
|c|★dirkaka|its good ?
|c|★Wilchan|i'm just pissed about that lucky you have
|c|★Wilchan|sorry
|choice||
|
|switch|p1a: Chance E|Chansey|96\/100 par
|move|p2a: Laxus|Thunderbolt|p1a: Chance E
|-damage|p1a: Chance E|81\/100 par
|
|turn|25
|c|★dirkaka|you wanna re?
|c|★dirkaka|i promise you i leave veryl ittle to luck
|c|★dirkaka|xD
|l|Zeratulivas
|choice||
|
|switch|p2a: Elfman|Machamp, M|91\/100
|move|p1a: Chance E|Ice Beam|p2a: Elfman
|-damage|p2a: Elfman|64\/100
|
|turn|26
|choice||
|
|switch|p1a: Frozen|Slowbro|65\/100
|move|p2a: Elfman|Thunder Punch|p1a: Frozen
|-supereffective|p1a: Frozen
|-damage|p1a: Frozen|37\/100
|
|turn|27
|c|★Wilchan|lol
|c|★Wilchan|i'll reamatch you
|c|★Wilchan|only if you forfiet
|c|★Wilchan|i'm not expecting you to though
|c|★dirkaka|lol
|c|★dirkaka|now youre pushing it
|c|★dirkaka|xD
|c|★Wilchan|if you do i'll give you my word i'll rematch
|c|★Wilchan|lol
|choice||
|
|switch|p2a: Natsu|Tauros|100\/100
|move|p1a: Frozen|Rest|p1a: Frozen
|-status|p1a: Frozen|slp
|-heal|p1a: Frozen|100\/100 slp|[silent]
|-status|p1a: Frozen|slp|[from] move: Rest
|
|turn|28
|c|★Wilchan|i know lol
|c|★Wilchan|man i just wanna kill one guy
|c|★Wilchan|i'm not mad cause of the luck
|c|★Wilchan|it's just......
|choice||
|
|switch|p1a: Mega Gastly|Cloyster|100\/100 slp
|move|p2a: Natsu|Thunderbolt|p1a: Mega Gastly
|-supereffective|p1a: Mega Gastly
|-damage|p1a: Mega Gastly|55\/100 slp
|
|turn|29
|c|★Wilchan|nah nvm
|c|★Wilchan|it's too offensive
|choice||
|
|switch|p1a: Gorelax|Snorlax|100\/100
|move|p2a: Natsu|Thunderbolt|p1a: Gorelax
|-damage|p1a: Gorelax|85\/100
|
|turn|30
|choice||
|
|switch|p2a: Elfman|Machamp, M|64\/100
|move|p1a: Gorelax|Earthquake|p2a: Elfman
|-crit|p2a: Elfman
|-damage|p2a: Elfman|12\/100
|
|turn|31
|c|★Wilchan|lol
|c|★Wilchan|again with the luck
|choice||
|
|move|p2a: Elfman|Submission|p1a: Gorelax
|-supereffective|p1a: Gorelax
|-damage|p1a: Gorelax|28\/100
|-damage|p2a: Elfman|0 fnt|[from] recoil|[of] p1a: Gorelax
|faint|p2a: Elfman
|choice||
|
|switch|p2a: Natsu|Tauros|100\/100
|turn|32
|choice||
|
|switch|p1a: Mega Gastly|Cloyster|55\/100 slp
|move|p2a: Natsu|Double-Edge|p1a: Mega Gastly
|-damage|p1a: Mega Gastly|30\/100 slp
|-damage|p2a: Natsu|95\/100|[from] recoil|[of] p1a: Mega Gastly
|
|turn|33
|choice||
|
|switch|p1a: Chance E|Chansey|81\/100 par
|move|p2a: Natsu|Thunderbolt|p1a: Chance E
|-damage|p1a: Chance E|73\/100 par
|
|turn|34
|c|★Wilchan|hm...
|c|★Wilchan|lol
|c|★Wilchan|this guy can't die
|c|★Wilchan|....just yet
|c|★Wilchan|lol
|c|★Wilchan|that chancey and jynx though
|choice||
|
|switch|p2a: Levi|Alakazam, F|73\/100
|switch|p1a: Energy|Tauros|100\/100
|
|turn|35
|c|★Wilchan|ahh
|c|★Wilchan|annoying
|choice||
|
|switch|p1a: Mrs. Popo|Jynx|81\/100
|move|p2a: Levi|Thunder Wave|p1a: Mrs. Popo
|-status|p1a: Mrs. Popo|par
|
|turn|36
|c|★Wilchan|YES!
|c|★dirkaka|:D
|choice||
|
|switch|p2a: Droy|Exeggutor, M|17\/100 frz
|cant|p1a: Mrs. Popo|par
|
|turn|37
|choice||
|
|cant|p2a: Droy|frz
|move|p1a: Mrs. Popo|Blizzard|p2a: Droy
|-supereffective|p2a: Droy
|-damage|p2a: Droy|0 fnt
|faint|p2a: Droy
|choice||
|
|switch|p2a: Natsu|Tauros|95\/100
|turn|38
|c|★Wilchan|hm
|c|★Wilchan|that was a bad idea
|j|Zeratulivas
|choice||
|
|switch|p1a: Gorelax|Snorlax|28\/100
|move|p2a: Natsu|Fire Blast|p1a: Gorelax
|-damage|p1a: Gorelax|8\/100
|
|turn|39
|c|★Wilchan|hm
|c|★Wilchan|lol why
|c|★dirkaka|now you can hyper beam
|c|★Wilchan|nah
|choice||
|
|move|p2a: Natsu|Earthquake|p1a: Gorelax
|-damage|p1a: Gorelax|0 fnt
|faint|p1a: Gorelax
|c|★dirkaka|:p
|c|★dirkaka|clever
|c|★Wilchan|lol thanks
|c|★Wilchan|you know.....
|choice||
|
|switch|p1a: Energy|Tauros|100\/100
|turn|40
|c|★Wilchan|out of all the people i've met today
|c|★Wilchan|you're the nicest i've seen lol
|choice||
|
|switch|p2a: Laxus|Electabuzz, M|100\/100
|move|p1a: Energy|Body Slam|p2a: Laxus
|-damage|p2a: Laxus|61\/100
|
|turn|41
|c|★dirkaka|most people dont talk huh
|choice||
|
|move|p1a: Energy|Blizzard|p2a: Laxus
|-damage|p2a: Laxus|35\/100
|-status|p2a: Laxus|frz
|cant|p2a: Laxus|frz
|
|turn|42
|c|★Wilchan|if they do...
|c|★Wilchan|it's stuff like oh you suck
|c|★Wilchan|or idk something bad
|c|★Wilchan|a few are cool
|c|★Wilchan|but not that much
|choice||
|
|switch|p1a: Mrs. Popo|Jynx|81\/100 par
|cant|p2a: Laxus|frz
|
|turn|43
|c|★dirkaka|yeah
|c|★dirkaka|if you play oldgen alot
|c|★Wilchan|ok......
|c|★dirkaka|you can join the chatroom
|c|★Wilchan|hm
|c|★dirkaka|most of the nice people are there
|c|★Wilchan|idk if you'd do this but....
|c|★dirkaka|but just therss a few assholes
|c|★Wilchan|i've been trying to get people to do this but no one ever did it
|c|★Wilchan|lets see if you do this
|choice||
|
|cant|p2a: Laxus|frz
|cant|p1a: Mrs. Popo|par
|
|turn|44
|c|★dirkaka|do what o_o
|c|★Wilchan|I admit i did it so it's not like I want people to do it and I won't do it myself
|c|★Wilchan|anyways...
|c|★Wilchan|ok if you do win
|c|★Wilchan|admit it
|c|★Wilchan|I'm not gonna say you ONLY won cause of luck, BUT
|c|★Wilchan|if you do win ADMIT luck had a lot or at least something to do with it
|c|★Wilchan|admit it...
|c|★dirkaka|something to do with it
|c|★Wilchan|you winning
|c|★dirkaka|trust me you are not unlucky against me
|c|★dirkaka|i have frozen someone on first turn
|c|★dirkaka|sleep second
|c|★dirkaka|kill the frozen 3rd
|c|★dirkaka|freeze again 4th
|c|★dirkaka|xD
|c|★dirkaka|the guy was so mad
|c|★Wilchan|no i'm just saying
|choice||
|
|switch|p1a: Mega Gastly|Cloyster|30\/100 slp
|cant|p2a: Laxus|frz
|
|turn|45
|c|★Wilchan|if you do win
|c|★Wilchan|could you at least say
|c|★Wilchan|luck had a part in it
|c|★Wilchan|...in you winning
|c|★dirkaka|yeah i guess i froze you twice in 1 game
|c|★dirkaka|so that does take some luck
|c|★Wilchan|ehhhhhhh
|c|★Wilchan|close enough
|choice||
|
|cant|p2a: Laxus|frz
|-curestatus|p1a: Mega Gastly|slp
|
|turn|46
|c|★Wilchan|lol
|choice||
|
|cant|p2a: Laxus|frz
|move|p1a: Mega Gastly|Explosion|p2a: Laxus
|-damage|p2a: Laxus|0 fnt
|faint|p2a: Laxus
|faint|p1a: Mega Gastly
|c|★Wilchan|most people say bs you're just mad cause you're losing
|choice||
|
|switch|p2a: Levi|Alakazam, F|73\/100
|switch|p1a: Frozen|Slowbro|100\/100 slp
|turn|47
|c|★Wilchan|the thing I hate the most about people is that they're winning yet they are still in a bad mood
|c|★Wilchan|like....what's up with that anyways...
|choice||
|
|switch|p2a: Natsu|Tauros|95\/100
|cant|p1a: Frozen|slp
|
|turn|48
|choice||
|
|switch|p1a: Chance E|Chansey|73\/100 par
|move|p2a: Natsu|Thunderbolt|p1a: Chance E
|-damage|p1a: Chance E|66\/100 par
|
|turn|49
|c|★dirkaka|yeap
|c|★dirkaka|ive met them too
|c|★dirkaka|if theyre not that pleasant ill just stop talking to them
|c|★dirkaka|cant please everyone
|choice||
|
|switch|p1a: Frozen|Slowbro|100\/100 slp
|move|p2a: Natsu|Double-Edge|p1a: Frozen
|-damage|p1a: Frozen|70\/100 slp
|-damage|p2a: Natsu|87\/100|[from] recoil|[of] p1a: Frozen
|
|turn|50
|c|★Wilchan|don't you REALLY hate those people?
|c|★Wilchan|well... not really hate
|c|★Wilchan|but just dislike
|c|★dirkaka|yeap
|c|★Wilchan|lol it's just really annoying
|c|★Wilchan|anyways?
|choice||
|
|move|p2a: Natsu|Thunderbolt|p1a: Frozen
|-crit|p1a: Frozen
|-supereffective|p1a: Frozen
|-damage|p1a: Frozen|8\/100 slp
|-curestatus|p1a: Frozen|slp
|
|turn|51
|c|★Wilchan|so u in california?
|c|★dirkaka|you might still win
|l|Zeratulivas
|c|★Wilchan|lol
|c|★dirkaka|usually i need cloyster
|c|★Wilchan|lol
|c|★Wilchan|hey what school u go to?
|choice||
|
|switch|p1a: Energy|Tauros|100\/100
|move|p2a: Natsu|Double-Edge|p1a: Energy
|-crit|p1a: Energy
|-damage|p1a: Energy|33\/100
|-damage|p2a: Natsu|70\/100|[from] recoil|[of] p1a: Energy
|
|turn|52
|choice||
|
|move|p2a: Natsu|Double-Edge|p1a: Energy
|-damage|p1a: Energy|0 fnt
|-damage|p2a: Natsu|62\/100|[from] recoil|[of] p1a: Energy
|faint|p1a: Energy
|choice||
|
|switch|p1a: Mrs. Popo|Jynx|81\/100 par
|turn|53
|c|★dirkaka|im from singapore actually :)
|c|★dirkaka|youre from california?
|c|★Wilchan|singapore?
|choice||
|
|move|p2a: Natsu|Fire Blast|p1a: Mrs. Popo
|-supereffective|p1a: Mrs. Popo
|-damage|p1a: Mrs. Popo|36\/100 par
|move|p1a: Mrs. Popo|Lovely Kiss|p2a: Natsu
|-status|p2a: Natsu|slp
|
|turn|54
|c|★Wilchan|yes
|j|Tycoon Prozac
|c|★Wilchan|is that a high school?
|c|★dirkaka|thats a country loool
|c| Tycoon Prozac|lol
|choice||
|
|cant|p2a: Natsu|slp
|cant|p1a: Mrs. Popo|par
|
|turn|55
|c| Tycoon Prozac|wow
|c|★Wilchan|lol
|choice||
|
|cant|p2a: Natsu|slp
|move|p1a: Mrs. Popo|Psychic|p2a: Natsu
|-crit|p2a: Natsu
|-damage|p2a: Natsu|0 fnt
|faint|p2a: Natsu
|choice||
|
|switch|p2a: Levi|Alakazam, F|73\/100
|turn|56
|choice||
|
|move|p2a: Levi|Psychic|p1a: Mrs. Popo
|-crit|p1a: Mrs. Popo
|-resisted|p1a: Mrs. Popo
|-damage|p1a: Mrs. Popo|0 fnt
|faint|p1a: Mrs. Popo
|c|★Wilchan|WOW
|c|★dirkaka|dat crit :p
|c|★Wilchan|that was lucky lol
|choice||
|
|switch|p1a: Chance E|Chansey|66\/100 par
|turn|57
|c|★dirkaka|yea
|c|★Wilchan|so chancey is your last pokemon
|c|★dirkaka|its part of the game :)
|c|★Wilchan|so what grade you in?
|choice||
|
|move|p2a: Levi|Psychic|p1a: Chance E
|-damage|p1a: Chance E|46\/100 par
|-unboost|p1a: Chance E|spd|1
|-unboost|p1a: Chance E|spa|1
|move|p1a: Chance E|Soft-Boiled|p1a: Chance E
|-heal|p1a: Chance E|96\/100 par
|
|turn|58
|j|Vaporpoke
|choice||
|
|switch|p1a: Frozen|Slowbro|8\/100
|move|p2a: Levi|Psychic|p1a: Frozen
|-crit|p1a: Frozen
|-resisted|p1a: Frozen
|-damage|p1a: Frozen|0 fnt
|faint|p1a: Frozen
|choice||
|
|switch|p1a: Chance E|Chansey|96\/100 par
|turn|59
|c|★Wilchan|lol NICE
|c|★Wilchan|I'VE ALWAYS WANTED TO HAVE THIS BATTLE
|l|Vaporpoke
|c|★Wilchan|ALAKAZAM VS CHANCEY
|c|★dirkaka|dont be too happy i miht still freeze you
|choice||
|
|move|p2a: Levi|Recover|p2a: Levi
|-heal|p2a: Levi|100\/100
|move|p1a: Chance E|Ice Beam|p2a: Levi
|-damage|p2a: Levi|82\/100
|
|turn|60
|c|★dirkaka|xD
|c|★dirkaka|it happens
|c|★Wilchan|i wish i was paralyzed though
|c|★Wilchan|then it'd be fair
|choice||
|
|move|p2a: Levi|Psychic|p1a: Chance E
|-damage|p1a: Chance E|77\/100 par
|-unboost|p1a: Chance E|spd|1
|-unboost|p1a: Chance E|spa|1
|move|p1a: Chance E|Ice Beam|p2a: Levi
|-damage|p2a: Levi|68\/100
|
|turn|61
|c| Tycoon Prozac|lol
|c|★dirkaka|now im dead :p
|c|★Wilchan|lol cause i could lower your defense and you can't switch out
|c|★Wilchan|unless you freeze me right now....
|choice||
|
|move|p2a: Levi|Psychic|p1a: Chance E
|-damage|p1a: Chance E|49\/100 par
|cant|p1a: Chance E|par
|
|turn|62
|choice||
|
|move|p2a: Levi|Recover|p2a: Levi
|-heal|p2a: Levi|100\/100
|move|p1a: Chance E|Soft-Boiled|p1a: Chance E
|-heal|p1a: Chance E|99\/100 par
|
|turn|63
|c| Tycoon Prozac|ruh roh
|c|★Wilchan|recover just in case
|c|★dirkaka|or i get parad 3 turns in a row
|choice||
|
|move|p2a: Levi|Psychic|p1a: Chance E
|-crit|p1a: Chance E
|-damage|p1a: Chance E|61\/100 par
|move|p1a: Chance E|Ice Beam|p2a: Levi
|-damage|p2a: Levi|88\/100
|
|turn|64
|c|★dirkaka|happens too
|c|★Wilchan|lol
|choice||
|
|move|p2a: Levi|Psychic|p1a: Chance E
|-damage|p1a: Chance E|34\/100 par
|move|p1a: Chance E|Soft-Boiled|p1a: Chance E
|-heal|p1a: Chance E|83\/100 par
|
|turn|65
|c|★Wilchan|hm...
|c|★Wilchan|maybe i should stop using psychic
|choice||
|
|move|p2a: Levi|Psychic|p1a: Chance E
|-damage|p1a: Chance E|57\/100 par
|cant|p1a: Chance E|par
|
|turn|66
|c|★dirkaka|youre rpetty good ive only lost with this team once
|c|★Wilchan|REALLY??????!!!!!
|c|★Wilchan|sorry
|c|★Wilchan|I shouldn't act so suprised
|c| Tycoon Prozac|isnt jynx supposed to be ass?
|choice||
|
|move|p2a: Levi|Psychic|p1a: Chance E
|-damage|p1a: Chance E|28\/100 par
|-unboost|p1a: Chance E|spd|1
|-unboost|p1a: Chance E|spa|1
|cant|p1a: Chance E|par
|
|turn|67
|c|★dirkaka|ono lol
|c|★Wilchan|gg
|c|★Wilchan|lol yeah
|c|★Wilchan|hey, lets be friends
|choice||
|
|move|p2a: Levi|Psychic|p1a: Chance E
|-crit|p1a: Chance E
|-damage|p1a: Chance E|0 fnt
|faint|p1a: Chance E
|
|win|Wilchan
|player|p1
|player|p2
|raw|dirkaka's rating: 1320 &rarr; <strong>1292<\/strong><br \/>(-28 for losing)
|raw|Wilchan's rating: 1177 &rarr; <strong>1212<\/strong><br \/>(+35 for winning)
|c|★Wilchan|but yeah
|c|★dirkaka|gg
|c|★Wilchan|best battle ever
|l|Tycoon Prozac
|c|★dirkaka|wow youre only 1177
|c|★dirkaka|youll reach 1200 in no time :)
|c|★Wilchan|yeah...
|c|★dirkaka|1250+
|c|★Wilchan|lol i'm not that good
|c|★dirkaka|i meant
|j|Zeratulivas
|c|★Wilchan|WOW you're good!!!
|l|Zeratulivas
|c|★Wilchan|say, we should be friends lol