|j|Toonami5
|j|Feena
|player|p1|Toonami5|220
|player|p2|Feena|263
|gametype|singles
|gen|1
|tier|[Gen 1] OU
|rated
|seed|64716,43236,12164,45359
|rule|Sleep Clause Mod: Limit one foe put to sleep
|rule|Freeze Clause Mod: Limit one foe frozen
|rule|Species Clause: Limit one of each Pokémon
|rule|OHKO Clause: OHKO moves are banned
|rule|Evasion Moves Clause: Evasion moves are banned
|rule|HP Percentage Mod: HP is shown in percentages
|
|start
|switch|p1a: Alakazam|Alakazam|313\/313
|switch|p2a: Alakazam|Alakazam|313\/313
|turn|1
|choice|move 3|switch 3
|
|switch|p2a: Chansey|Chansey|703\/703
|move|p1a: Alakazam|Thunder Wave|p2a: Chansey
|-status|p2a: Chansey|par
|
|turn|2
|choice|switch 5|move 1
|
|switch|p1a: Gengar|Gengar|323\/323
|move|p2a: Chansey|Ice Beam|p1a: Gengar
|-damage|p1a: Gengar|261\/323
|
|turn|3
|choice|move 4|move 3
|
|move|p1a: Gengar|Confuse Ray|p2a: Chansey
|-start|p2a: Chansey|confusion
|-activate|p2a: Chansey|confusion
|move|p2a: Chansey|Thunder Wave|p1a: Gengar
|-status|p1a: Gengar|par
|
|turn|4
|choice|move 1|switch 3
|
|switch|p2a: Alakazam|Alakazam|313\/313
|move|p1a: Gengar|Hypnosis|p2a: Alakazam|[miss]
|-miss|p1a: Gengar
|
|turn|5
|choice|move 2|move 1
|
|move|p2a: Alakazam|Psychic|p1a: Gengar
|-supereffective|p1a: Gengar
|-damage|p1a: Gengar|53\/323 par
|move|p1a: Gengar|Explosion|p2a: Alakazam
|-damage|p2a: Alakazam|0 fnt
|faint|p2a: Alakazam
|faint|p1a: Gengar
|choice|switch 4|switch 2
|
|switch|p2a: Exeggutor|Exeggutor|393\/393
|switch|p1a: Snorlax|Snorlax|523\/523
|turn|6
|choice|switch 5|move 2
|
|switch|p1a: Alakazam|Alakazam|313\/313
|move|p2a: Exeggutor|Sleep Powder|p1a: Alakazam
|-status|p1a: Alakazam|slp
|
|turn|7
|choice|move 3|move 1
|
|-curestatus|p1a: Alakazam|slp
|move|p2a: Exeggutor|Psychic|p1a: Alakazam
|-resisted|p1a: Alakazam
|-damage|p1a: Alakazam|267\/313
|-unboost|p1a: Alakazam|spd|1
|-unboost|p1a: Alakazam|spa|1
|
|turn|8
|choice|move 3|move 2
|
|move|p1a: Alakazam|Thunder Wave|p2a: Exeggutor
|-status|p2a: Exeggutor|par
|move|p2a: Exeggutor|Sleep Powder|p1a: Alakazam|[miss]
|-miss|p2a: Exeggutor
|
|turn|9
|choice|move 2|move 2
|
|move|p1a: Alakazam|Reflect|p1a: Alakazam
|-start|p1a: Alakazam|Reflect
|move|p2a: Exeggutor|Sleep Powder|p1a: Alakazam
|-status|p1a: Alakazam|slp
|
|turn|10
|choice|move 1|switch 4
|
|switch|p2a: Lapras|Lapras|463\/463
|cant|p1a: Alakazam|slp
|
|turn|11
|choice|move 3|move 1
|
|cant|p1a: Alakazam|slp
|move|p2a: Lapras|Blizzard|p1a: Alakazam
|-damage|p1a: Alakazam|91\/313 slp
|
|turn|12
|choice|switch 5|move 1
|
|switch|p1a: Snorlax|Snorlax|523\/523
|move|p2a: Lapras|Blizzard|p1a: Snorlax
|-damage|p1a: Snorlax|354\/523
|
|turn|13
|choice|move 2|move 1
|
|move|p2a: Lapras|Blizzard|p1a: Snorlax
|-damage|p1a: Snorlax|175\/523
|move|p1a: Snorlax|Amnesia|p1a: Snorlax
|-boost|p1a: Snorlax|spd|2
|-boost|p1a: Snorlax|spa|2
|
|turn|14
|choice|move 4|switch 6
|
|switch|p2a: Tauros|Tauros|353\/353
|move|p1a: Snorlax|Rest|p1a: Snorlax
|-status|p1a: Snorlax|slp
|-heal|p1a: Snorlax|523\/523 slp|[silent]
|-status|p1a: Snorlax|slp|[from] move: Rest
|
|turn|15
|choice|move 1|move 1
|
|move|p2a: Tauros|Body Slam|p1a: Snorlax
|-damage|p1a: Snorlax|392\/523 slp
|cant|p1a: Snorlax|slp
|
|turn|16
|choice|move 1|move 1
|
|move|p2a: Tauros|Body Slam|p1a: Snorlax
|-damage|p1a: Snorlax|270\/523 slp
|-curestatus|p1a: Snorlax|slp
|
|turn|17
|choice|switch 6|move 1
|
|switch|p1a: Golem|Golem|363\/363
|move|p2a: Tauros|Body Slam|p1a: Golem
|-resisted|p1a: Golem
|-damage|p1a: Golem|321\/363
|-status|p1a: Golem|par
|
|turn|18
|choice|move 3|switch 6
|
|switch|p2a: Lapras|Lapras|463\/463
|move|p1a: Golem|Explosion|p2a: Lapras
|-damage|p2a: Lapras|134\/463
|faint|p1a: Golem
|choice|switch 6|
|
|switch|p1a: Snorlax|Snorlax|270\/523
|turn|19
|choice|move 2|move 1
|
|move|p2a: Lapras|Blizzard|p1a: Snorlax
|-damage|p1a: Snorlax|94\/523
|move|p1a: Snorlax|Amnesia|p1a: Snorlax
|-boost|p1a: Snorlax|spd|2
|-boost|p1a: Snorlax|spa|2
|
|turn|20
|choice|move 4|switch 6
|
|switch|p2a: Tauros|Tauros|353\/353
|move|p1a: Snorlax|Rest|p1a: Snorlax
|-status|p1a: Snorlax|slp
|-heal|p1a: Snorlax|523\/523 slp|[silent]
|-status|p1a: Snorlax|slp|[from] move: Rest
|
|turn|21
|choice|move 1|move 1
|
|move|p2a: Tauros|Body Slam|p1a: Snorlax
|-damage|p1a: Snorlax|401\/523 slp
|cant|p1a: Snorlax|slp
|
|turn|22
|choice|move 1|move 1
|
|move|p2a: Tauros|Body Slam|p1a: Snorlax
|-damage|p1a: Snorlax|267\/523 slp
|-curestatus|p1a: Snorlax|slp
|
|turn|23
|choice|move 4|move 1
|
|move|p2a: Tauros|Body Slam|p1a: Snorlax
|-damage|p1a: Snorlax|137\/523
|move|p1a: Snorlax|Rest|p1a: Snorlax
|-status|p1a: Snorlax|slp
|-heal|p1a: Snorlax|523\/523 slp|[silent]
|-status|p1a: Snorlax|slp|[from] move: Rest
|
|turn|24
|choice|move 1|move 1
|
|move|p2a: Tauros|Body Slam|p1a: Snorlax
|-damage|p1a: Snorlax|399\/523 slp
|cant|p1a: Snorlax|slp
|
|turn|25
|choice|move 1|move 1
|
|move|p2a: Tauros|Body Slam|p1a: Snorlax
|-damage|p1a: Snorlax|277\/523 slp
|-curestatus|p1a: Snorlax|slp
|
|turn|26
|choice|move 4|move 1
|
|move|p2a: Tauros|Body Slam|p1a: Snorlax
|-crit|p1a: Snorlax
|-damage|p1a: Snorlax|38\/523
|move|p1a: Snorlax|Rest|p1a: Snorlax
|-status|p1a: Snorlax|slp
|-heal|p1a: Snorlax|523\/523 slp|[silent]
|-status|p1a: Snorlax|slp|[from] move: Rest
|
|turn|27
|choice|move 1|move 1
|
|move|p2a: Tauros|Body Slam|p1a: Snorlax
|-crit|p1a: Snorlax
|-damage|p1a: Snorlax|252\/523 slp
|cant|p1a: Snorlax|slp
|
|turn|28
|choice|move 4|move 1
|
|move|p2a: Tauros|Body Slam|p1a: Snorlax
|-damage|p1a: Snorlax|118\/523 slp
|-curestatus|p1a: Snorlax|slp
|
|turn|29
|choice|move 4|move 1
|
|move|p2a: Tauros|Body Slam|p1a: Snorlax
|-damage|p1a: Snorlax|0 fnt
|faint|p1a: Snorlax
|choice|switch 2|
|
|switch|p1a: Hypno|Hypno|373\/373
|turn|30
|choice|move 4|switch 6
|
|switch|p2a: Lapras|Lapras|134\/463
|move|p1a: Hypno|Hypnosis|p2a: Lapras
|-status|p2a: Lapras|slp
|
|turn|31
|choice|move 1|switch 3
|
|switch|p2a: Chansey|Chansey|703\/703 par
|move|p1a: Hypno|Psychic|p2a: Chansey
|-damage|p2a: Chansey|592\/703 par
|-unboost|p2a: Chansey|spd|1
|-unboost|p2a: Chansey|spa|1
|
|turn|32
|choice|move 1|move 3
|
|move|p1a: Hypno|Psychic|p2a: Chansey
|-damage|p2a: Chansey|415\/703 par
|-unboost|p2a: Chansey|spd|1
|-unboost|p2a: Chansey|spa|1
|cant|p2a: Chansey|par
|
|turn|33
|choice|move 1|switch 4
|
|switch|p2a: Exeggutor|Exeggutor|393\/393 par
|move|p1a: Hypno|Psychic|p2a: Exeggutor
|-resisted|p2a: Exeggutor
|-damage|p2a: Exeggutor|347\/393 par
|
|turn|34
|choice|switch 5|switch 4
|
|switch|p1a: Alakazam|Alakazam|91\/313 slp
|switch|p2a: Chansey|Chansey|415\/703 par
|
|turn|35
|choice|move 4|move 4
|
|cant|p1a: Alakazam|slp
|move|p2a: Chansey|Soft-Boiled|p2a: Chansey
|-heal|p2a: Chansey|703\/703 par
|
|turn|36
|choice|move 4|switch 6
|
|switch|p2a: Tauros|Tauros|353\/353
|cant|p1a: Alakazam|slp
|
|turn|37
|choice|switch 5|move 1
|
|switch|p1a: Hypno|Hypno|373\/373
|move|p2a: Tauros|Body Slam|p1a: Hypno
|-damage|p1a: Hypno|242\/373
|
|turn|38
|choice|move 3|move 1
|
|move|p2a: Tauros|Body Slam|p1a: Hypno
|-damage|p1a: Hypno|111\/373
|move|p1a: Hypno|Counter|p2a: Tauros
|-damage|p2a: Tauros|91\/353
|
|turn|39
|choice|move 3|move 1
|
|move|p2a: Tauros|Body Slam|p1a: Hypno
|-damage|p1a: Hypno|0 fnt
|faint|p1a: Hypno
|choice|switch 3|
|
|switch|p1a: Tauros|Tauros|353\/353
|turn|40
|choice|move 1|move 4
|
|move|p2a: Tauros|Hyper Beam|p1a: Tauros
|-damage|p1a: Tauros|186\/353
|move|p1a: Tauros|Body Slam|p2a: Tauros
|-damage|p2a: Tauros|0 fnt
|faint|p2a: Tauros
|choice||switch 5
|
|switch|p2a: Snorlax|Snorlax|523\/523
|turn|41
|choice|move 1|move 1
|
|move|p1a: Tauros|Body Slam|p2a: Snorlax
|-damage|p2a: Snorlax|400\/523
|move|p2a: Snorlax|Body Slam|p1a: Tauros
|-damage|p1a: Tauros|90\/353
|
|turn|42
|choice|move 2|move 1
|
|move|p1a: Tauros|Blizzard|p2a: Snorlax
|-damage|p2a: Snorlax|294\/523
|move|p2a: Snorlax|Body Slam|p1a: Tauros
|-damage|p1a: Tauros|0 fnt
|faint|p1a: Tauros
|-message|Toonami5 forfeited.
|
|win|Feena
|player|p1
|player|p2
|l|Toonami5
|raw|Toonami5's rating: 1270 &rarr; <strong>1248<\/strong><br \/>(-22 for losing)
|raw|Feena's rating: 1310 &rarr; <strong>1327<\/strong><br \/>(+17 for winning)