|j|smilzo
|j|marcoasd
|player|p1|smilzo|157
|player|p2|marcoasd|2
|gametype|singles
|gen|1
|tier|[Gen 1] OU
|seed|35592,62993,24256,58719
|rule|Sleep Clause Mod: Limit one foe put to sleep
|rule|Freeze Clause Mod: Limit one foe frozen
|rule|Species Clause: Limit one of each Pokémon
|rule|OHKO Clause: OHKO moves are banned
|rule|Evasion Moves Clause: Evasion moves are banned
|rule|HP Percentage Mod: HP is shown in percentages
|
|start
|switch|p1a: Jynx|Jynx|333\/333
|switch|p2a: Alakazam|Alakazam|313\/313
|turn|1
|c|★smilzo|hf
|choice|move 1|move 3
|
|move|p2a: Alakazam|Thunder Wave|p1a: Jynx
|-status|p1a: Jynx|par
|move|p1a: Jynx|Lovely Kiss|p2a: Alakazam|[miss]
|-miss|p1a: Jynx
|
|turn|2
|c|★marcoasd|mi attaccano irl
|c|★smilzo|:o
|choice|move 1|move 2
|
|move|p2a: Alakazam|Seismic Toss|p1a: Jynx
|-damage|p1a: Jynx|233\/333 par
|move|p1a: Jynx|Lovely Kiss|p2a: Alakazam
|-status|p2a: Alakazam|slp
|
|turn|3
|choice|move 2|switch 5
|
|switch|p2a: Starmie|Starmie|323\/323
|cant|p1a: Jynx|par
|
|turn|4
|choice|switch 4|move 2
|
|switch|p1a: Chansey|Chansey|703\/703
|move|p2a: Starmie|Thunderbolt|p1a: Chansey
|-damage|p1a: Chansey|626\/703
|-status|p1a: Chansey|par
|
|turn|5
|choice|move 1|switch 5
|
|switch|p2a: Alakazam|Alakazam|313\/313 slp
|move|p1a: Chansey|Thunder Wave|p2a: Alakazam
|-fail|p2a: Alakazam
|
|turn|6
|choice|switch 5|move 1
|
|switch|p1a: Snorlax|Snorlax|523\/523
|cant|p2a: Alakazam|slp
|
|turn|7
|j|peema
|choice|move 1|switch 4
|
|switch|p2a: Snorlax|Snorlax|523\/523
|move|p1a: Snorlax|Body Slam|p2a: Snorlax
|-crit|p2a: Snorlax
|-damage|p2a: Snorlax|275\/523
|
|turn|8
|choice|move 2|move 4
|
|move|p2a: Snorlax|Self-Destruct|p1a: Snorlax
|-damage|p1a: Snorlax|66\/523
|faint|p2a: Snorlax
|choice||switch 3
|
|switch|p2a: Tauros|Tauros|353\/353
|turn|9
|j|Coffe
|c|★smilzo|!
|choice|move 3|move 1
|
|move|p2a: Tauros|Body Slam|p1a: Snorlax
|-damage|p1a: Snorlax|0 fnt
|faint|p1a: Snorlax
|c| peema|a quanto siete arrivati ?
|c|★smilzo|3-9
|c| peema|oWo e fino a che numero è best of .. ?
|c|★smilzo|45
|c|★marcoasd|45
|c| Coffe|lol
|c|★marcoasd|vabbè molte sono già state finite
|c| peema|12
|c|★marcoasd|diciamo un paio di sfide a 45 sono già molte
|c|★marcoasd|nel senso, vanno avanti
|c|★smilzo|vorrei fare una play da stronzi
|c|★smilzo|ma è troppo rischiosa
|c|★marcoasd|mettere chansey
|c|★marcoasd|pigiare counter
|c|★marcoasd|lol
|c|★smilzo|non esattamente
|choice|switch 2|
|
|switch|p1a: Jolteon|Jolteon|333\/333
|turn|10
|c|★smilzo|evitiamo va
|choice|move 2|move 1
|
|move|p1a: Jolteon|Thunder Wave|p2a: Tauros
|-status|p2a: Tauros|par
|move|p2a: Tauros|Body Slam|p1a: Jolteon
|-damage|p1a: Jolteon|194\/333
|
|turn|11
|j|Snou
|c|★marcoasd|questo fa venire dei dubbi
|c|★marcoasd|su chi siano gli ultimi due
|c|★marcoasd|lol
|c| peema|sese
|l|peema
|c|★smilzo|mmm
|j|peema
|choice|move 1|move 1
|
|move|p1a: Jolteon|Thunderbolt|p2a: Tauros
|-damage|p2a: Tauros|214\/353 par
|move|p2a: Tauros|Body Slam|p1a: Jolteon
|-damage|p1a: Jolteon|61\/333
|
|turn|12
|c|★marcoasd|ecco
|c|★marcoasd|volevo l'uscita di exeggutor
|c|★smilzo|ehe
|c|★smilzo|ok dai
|c|★smilzo|critto tbolt qui
|choice|move 1|move 1
|
|move|p1a: Jolteon|Thunderbolt|p2a: Tauros
|-damage|p2a: Tauros|68\/353 par
|move|p2a: Tauros|Body Slam|p1a: Jolteon
|-crit|p1a: Jolteon
|-damage|p1a: Jolteon|0 fnt
|faint|p1a: Jolteon
|c|★smilzo|nada
|choice|switch 6|
|
|switch|p1a: Tauros|Tauros|353\/353
|turn|13
|choice|move 1|move 4
|
|move|p1a: Tauros|Body Slam|p2a: Tauros
|-damage|p2a: Tauros|0 fnt
|faint|p2a: Tauros
|choice||switch 5
|
|switch|p2a: Starmie|Starmie|323\/323
|turn|14
|choice|switch 5|switch 4
|
|switch|p2a: Alakazam|Alakazam|313\/313 slp
|switch|p1a: Chansey|Chansey|626\/703 par
|
|turn|15
|choice|switch 4|move 1
|
|switch|p1a: Jynx|Jynx|233\/333 par
|-curestatus|p2a: Alakazam|slp
|
|turn|16
|j|Peasounay
|choice|move 1|move 2
|
|move|p2a: Alakazam|Seismic Toss|p1a: Jynx
|-damage|p1a: Jynx|133\/333 par
|move|p1a: Jynx|Lovely Kiss|p2a: Alakazam|[miss]
|-miss|p1a: Jynx
|
|turn|17
|c|★smilzo|no
|choice|move 1|switch 4
|
|switch|p2a: Starmie|Starmie|323\/323
|move|p1a: Jynx|Lovely Kiss|p2a: Starmie
|-status|p2a: Starmie|slp
|
|turn|18
|c|★smilzo|hitta bastardo
|c|★smilzo|ok
|choice|move 4|switch 4
|
|switch|p2a: Alakazam|Alakazam|313\/313
|move|p1a: Jynx|Counter|p2a: Alakazam
|-fail|p1a: Jynx
|
|turn|19
|c|★marcoasd|ma nosd
|c|★smilzo|huh?
|c|★marcoasd|quando addormenti, resetta
|l|Peasounay
|c|★smilzo|D:
|c|★smilzo|ma l'ultima move che hai usato era stoss
|c|★smilzo|boh vabbe
|c|★marcoasd|èh se tiri una mossa che induce sonno si azzera
|c|★smilzo|rip
|c| Coffe|pure se missi?
|c|★marcoasd|mmm non ricordo, mi pare di sì
|c|★marcoasd|comunque non è quello l'uso di counter
|choice|switch 4|move 1
|
|switch|p1a: Chansey|Chansey|626\/703 par
|move|p2a: Alakazam|Psychic|p1a: Chansey
|-damage|p1a: Chansey|494\/703 par
|-unboost|p1a: Chansey|spd|1
|-unboost|p1a: Chansey|spa|1
|
|turn|20
|choice|move 1|move 1
|
|move|p2a: Alakazam|Psychic|p1a: Chansey
|-damage|p1a: Chansey|300\/703 par
|move|p1a: Chansey|Thunder Wave|p2a: Alakazam
|-status|p2a: Alakazam|par
|
|turn|21
|choice|move 4|move 1
|
|move|p2a: Alakazam|Psychic|p1a: Chansey
|-damage|p1a: Chansey|101\/703 par
|move|p1a: Chansey|Soft-Boiled|p1a: Chansey
|-heal|p1a: Chansey|452\/703 par
|
|turn|22
|choice|move 4|move 1
|
|move|p2a: Alakazam|Psychic|p1a: Chansey
|-damage|p1a: Chansey|260\/703 par
|move|p1a: Chansey|Soft-Boiled|p1a: Chansey
|-heal|p1a: Chansey|611\/703 par
|
|turn|23
|choice|switch 4|move 2
|
|switch|p1a: Jynx|Jynx|133\/333 par
|move|p2a: Alakazam|Seismic Toss|p1a: Jynx
|-damage|p1a: Jynx|33\/333 par
|
|turn|24
|c|★smilzo|gimme fp
|choice|move 4|move 2
|
|move|p2a: Alakazam|Seismic Toss|p1a: Jynx
|-damage|p1a: Jynx|0 fnt
|faint|p1a: Jynx
|c|★smilzo|rip
|c|★marcoasd|gimme gimme gimme a man after midnight
|j|Zaelleaz
|choice|switch 4|
|
|switch|p1a: Chansey|Chansey|611\/703 par
|turn|25
|choice|move 3|move 1
|
|move|p2a: Alakazam|Psychic|p1a: Chansey
|-damage|p1a: Chansey|483\/703 par
|move|p1a: Chansey|Ice Beam|p2a: Alakazam
|-damage|p2a: Alakazam|252\/313 par
|
|turn|26
|choice|move 3|move 1
|
|move|p2a: Alakazam|Psychic|p1a: Chansey
|-crit|p1a: Chansey
|-damage|p1a: Chansey|221\/703 par
|-unboost|p1a: Chansey|spd|1
|-unboost|p1a: Chansey|spa|1
|move|p1a: Chansey|Ice Beam|p2a: Alakazam
|-damage|p2a: Alakazam|209\/313 par
|
|turn|27
|choice|move 4|move 1
|
|move|p2a: Alakazam|Psychic|p1a: Chansey
|-crit|p1a: Chansey
|-damage|p1a: Chansey|0 fnt
|faint|p1a: Chansey
|choice|switch 5|
|
|switch|p1a: Tauros|Tauros|353\/353
|turn|28
|choice|move 1|switch 4
|
|switch|p2a: Starmie|Starmie|323\/323 slp
|move|p1a: Tauros|Body Slam|p2a: Starmie
|-crit|p2a: Starmie
|-damage|p2a: Starmie|104\/323 slp
|
|turn|29
|c|★marcoasd|l'infamaa
|choice|move 1|move 1
|
|cant|p2a: Starmie|slp
|move|p1a: Tauros|Body Slam|p2a: Starmie
|-damage|p2a: Starmie|0 fnt
|faint|p2a: Starmie
|choice||switch 6
|
|switch|p2a: Jolteon|Jolteon|333\/333
|turn|30
|c|★smilzo|!
|j|Deidara95
|choice|switch 3|move 1
|
|switch|p1a: Exeggutor|Exeggutor|393\/393
|move|p2a: Jolteon|Thunder Wave|p1a: Exeggutor
|-status|p1a: Exeggutor|par
|
|turn|31
|c|★marcoasd|quesot è niente
|l|Deidara95
|choice|switch 3|move 4
|
|switch|p1a: Tauros|Tauros|353\/353
|move|p2a: Jolteon|Pin Missile|p1a: Tauros
|-damage|p1a: Tauros|343\/353
|-damage|p1a: Tauros|333\/353
|-hitcount|p1a: Tauros|2
|
|turn|32
|choice|switch 3|move 2
|
|switch|p1a: Exeggutor|Exeggutor|393\/393 par
|move|p2a: Jolteon|Thunderbolt|p1a: Exeggutor
|-resisted|p1a: Exeggutor
|-damage|p1a: Exeggutor|343\/393 par
|
|turn|33
|choice|move 3|switch 4
|
|switch|p2a: Alakazam|Alakazam|209\/313 par
|move|p1a: Exeggutor|Psychic|p2a: Alakazam
|-resisted|p2a: Alakazam
|-damage|p2a: Alakazam|162\/313 par
|
|turn|34
|choice|switch 3|move 4
|
|switch|p1a: Tauros|Tauros|333\/353
|move|p2a: Alakazam|Recover|p2a: Alakazam
|-heal|p2a: Alakazam|313\/313 par
|
|turn|35
|choice|move 1|move 3
|
|move|p1a: Tauros|Body Slam|p2a: Alakazam
|-damage|p2a: Alakazam|160\/313 par
|move|p2a: Alakazam|Thunder Wave|p1a: Tauros
|-status|p1a: Tauros|par
|
|turn|36
|choice|move 1|move 1
|
|move|p2a: Alakazam|Psychic|p1a: Tauros
|-damage|p1a: Tauros|174\/353 par
|-unboost|p1a: Tauros|spd|1
|-unboost|p1a: Tauros|spa|1
|move|p1a: Tauros|Body Slam|p2a: Alakazam
|-damage|p2a: Alakazam|4\/313 par
|
|turn|37
|c|★smilzo|pff
|choice|move 1|move 1
|
|move|p2a: Alakazam|Psychic|p1a: Tauros
|-crit|p1a: Tauros
|-damage|p1a: Tauros|0 fnt
|faint|p1a: Tauros
|choice|switch 3|
|
|switch|p1a: Exeggutor|Exeggutor|343\/393 par
|turn|38
|choice|move 3|move 4
|
|move|p2a: Alakazam|Recover|p2a: Alakazam
|-heal|p2a: Alakazam|160\/313 par
|move|p1a: Exeggutor|Psychic|p2a: Alakazam
|-crit|p2a: Alakazam
|-resisted|p2a: Alakazam
|-damage|p2a: Alakazam|69\/313 par
|
|turn|39
|choice|move 3|move 4
|
|move|p2a: Alakazam|Recover|p2a: Alakazam
|-heal|p2a: Alakazam|225\/313 par
|cant|p1a: Exeggutor|par
|
|turn|40
|c|★smilzo|gg :c
|c|★marcoasd|gg
|c|★marcoasd|era bel
|c|★smilzo|ah
|choice|move 4|move 2
|
|move|p2a: Alakazam|Seismic Toss|p1a: Exeggutor
|-damage|p1a: Exeggutor|243\/393 par
|move|p1a: Exeggutor|Explosion|p2a: Alakazam
|-damage|p2a: Alakazam|0 fnt
|faint|p2a: Alakazam
|faint|p1a: Exeggutor
|
|win|marcoasd
|player|p1
|player|p2