|j|jynx2000
|j|Merlin Engine
|player|p1|jynx2000|169
|player|p2|Merlin Engine|165
|gametype|singles
|gen|1
|tier|[Gen 1] Random Battle
|rated
|seed|30979,58626,5158,19285
|rule|Sleep Clause Mod: Limit one foe put to sleep
|rule|Freeze Clause Mod: Limit one foe frozen
|rule|HP Percentage Mod: HP is shown in percentages
|
|start
|switch|p1a: Geodude|Geodude, L96|272\/272
|switch|p2a: Slowpoke|Slowpoke, L96|368\/368
|turn|1
|choice|switch 5|move 4
|
|switch|p1a: Venusaur|Venusaur, L85|310\/310
|move|p2a: Slowpoke|Thunder Wave|p1a: Venusaur
|-status|p1a: Venusaur|par
|
|turn|2
|choice|move 3|switch 2
|
|switch|p2a: Moltres|Moltres, L85|327\/327
|cant|p1a: Venusaur|par
|
|turn|3
|c|★jynx2000|LOL
|choice|switch 5|move 1
|
|switch|p1a: Geodude|Geodude, L96|272\/272
|move|p2a: Moltres|Fire Blast|p1a: Geodude|[miss]
|-miss|p2a: Moltres
|
|turn|4
|choice|move 2|switch 2
|
|switch|p2a: Slowpoke|Slowpoke, L96|368\/368
|move|p1a: Geodude|Body Slam|p2a: Slowpoke
|-damage|p2a: Slowpoke|299\/368
|
|turn|5
|c|★Merlin Engine|what so funny?
|choice|move 4|move 3
|
|move|p1a: Geodude|Rock Slide|p2a: Slowpoke
|-damage|p2a: Slowpoke|212\/368
|move|p2a: Slowpoke|Amnesia|p2a: Slowpoke
|-boost|p2a: Slowpoke|spd|2
|-boost|p2a: Slowpoke|spa|2
|
|turn|6
|choice|switch 5|move 2
|
|switch|p1a: Venusaur|Venusaur, L85|310\/310 par
|move|p2a: Slowpoke|Surf|p1a: Venusaur
|-resisted|p1a: Venusaur
|-damage|p1a: Venusaur|239\/310 par
|
|turn|7
|c|★jynx2000|i was paralyzed
|c|★Merlin Engine|i don't get it
|choice|move 3|switch 6
|
|switch|p2a: Kangaskhan|Kangaskhan, L85|352\/352
|move|p1a: Venusaur|Sleep Powder|p2a: Kangaskhan
|-status|p2a: Kangaskhan|slp
|
|turn|8
|choice|move 4|switch 2
|
|switch|p2a: Moltres|Moltres, L85|327\/327
|move|p1a: Venusaur|Body Slam|p2a: Moltres
|-damage|p2a: Moltres|271\/327
|
|turn|9
|choice|switch 5|switch 6
|
|switch|p2a: Slowpoke|Slowpoke, L96|212\/368
|switch|p1a: Geodude|Geodude, L96|272\/272
|
|turn|10
|choice|move 4|move 2
|
|move|p1a: Geodude|Rock Slide|p2a: Slowpoke
|-damage|p2a: Slowpoke|121\/368
|move|p2a: Slowpoke|Surf|p1a: Geodude
|-supereffective|p1a: Geodude
|-damage|p1a: Geodude|0 fnt
|faint|p1a: Geodude
|c|★jynx2000|:(
|choice|switch 4|
|
|switch|p1a: Raichu|Raichu, L85|276\/276
|turn|11
|c|★Merlin Engine|sorry jynx
|choice|move 4|switch 4
|
|switch|p2a: Electrode|Electrode, L90|291\/291
|move|p1a: Raichu|Thunderbolt|p2a: Electrode
|-resisted|p2a: Electrode
|-damage|p2a: Electrode|245\/291
|
|turn|12
|choice|switch 5|move 2
|
|switch|p1a: Venusaur|Venusaur, L85|239\/310 par
|move|p2a: Electrode|Thunderbolt|p1a: Venusaur
|-crit|p1a: Venusaur
|-resisted|p1a: Venusaur
|-damage|p1a: Venusaur|146\/310 par
|
|turn|13
|choice|move 4|switch 6
|
|switch|p2a: Moltres|Moltres, L85|271\/327
|cant|p1a: Venusaur|par
|
|turn|14
|c|★jynx2000|LOL
|choice|switch 2|move 1
|
|switch|p1a: Drowzee|Drowzee, L96|310\/310
|move|p2a: Moltres|Fire Blast|p1a: Drowzee
|-damage|p1a: Drowzee|173\/310
|-status|p1a: Drowzee|brn
|
|turn|15
|c|★Merlin Engine|i'm glad you find it funny
|choice|move 3|move 2
|
|move|p2a: Moltres|Hyper Beam|p1a: Drowzee
|-crit|p1a: Drowzee
|-damage|p1a: Drowzee|0 fnt
|faint|p1a: Drowzee
|c|★jynx2000|LOL
|choice|switch 3|
|
|switch|p1a: Weezing|Weezing, L90|300\/300
|turn|16
|c|★Merlin Engine|my sarcasm detector is buzzing, though
|choice|move 3|switch 5
|
|switch|p2a: Golem|Golem, L79|288\/288
|move|p1a: Weezing|Thunder|p2a: Golem
|-immune|p2a: Golem|[msg]
|
|turn|17
|choice|switch 6|move 4
|
|switch|p1a: Persian|Persian, L79|265\/265
|move|p2a: Golem|Earthquake|p1a: Persian
|-damage|p1a: Persian|125\/265
|
|turn|18
|choice|move 1|switch 6
|
|switch|p2a: Electrode|Electrode, L90|245\/291
|move|p1a: Persian|Slash|p2a: Electrode
|-crit|p2a: Electrode
|-damage|p2a: Electrode|125\/291
|
|turn|19
|choice|move 1|move 2
|
|move|p2a: Electrode|Thunderbolt|p1a: Persian
|-damage|p1a: Persian|0 fnt
|faint|p1a: Persian
|choice|switch 2|
|
|switch|p1a: Venusaur|Venusaur, L85|146\/310 par
|turn|20
|choice|move 4|switch 5
|
|switch|p2a: Moltres|Moltres, L85|271\/327
|cant|p1a: Venusaur|par
|
|turn|21
|c|★jynx2000|this is ridiculous
|c|★jynx2000|you only win because of luck
|c|★Merlin Engine|i wish you weren't fucked up by hex
|choice|move 4|move 1
|
|move|p2a: Moltres|Fire Blast|p1a: Venusaur
|-supereffective|p1a: Venusaur
|-damage|p1a: Venusaur|0 fnt
|faint|p1a: Venusaur
|c|★Merlin Engine|but there's no need to be insulting
|choice|switch 5|
|
|switch|p1a: Raichu|Raichu, L85|276\/276
|turn|22
|choice|move 2|switch 5
|
|switch|p2a: Electrode|Electrode, L90|125\/291
|move|p1a: Raichu|Hyper Beam|p2a: Electrode
|-damage|p2a: Electrode|10\/291
|
|turn|23
|-mustrecharge|p1a: Raichu
|c|★jynx2000|LOL
|c|★jynx2000|lol
|c|★jynx2000|lol
|c|★jynx2000|LOL
|c|★jynx2000|LOL
|-mustrecharge|p1a: Raichu
|choice|move 1|move 2
|
|move|p2a: Electrode|Thunderbolt|p1a: Raichu
|-crit|p1a: Raichu
|-resisted|p1a: Raichu
|-damage|p1a: Raichu|182\/276
|cant|p1a: Raichu|recharge
|
|turn|24
|choice|switch 6|move 1
|
|switch|p1a: Weezing|Weezing, L90|300\/300
|move|p2a: Electrode|Explosion|p1a: Weezing
|-damage|p1a: Weezing|154\/300
|faint|p2a: Electrode
|choice||switch 5
|
|switch|p2a: Moltres|Moltres, L85|271\/327
|turn|25
|choice|move 1|move 1
|
|move|p2a: Moltres|Fire Blast|p1a: Weezing
|-damage|p1a: Weezing|17\/300
|-status|p1a: Weezing|brn
|move|p1a: Weezing|Explosion|p2a: Moltres
|-damage|p2a: Moltres|136\/327
|faint|p1a: Weezing
|choice|switch 6|
|
|switch|p1a: Raichu|Raichu, L85|182\/276
|turn|26
|c|★jynx2000|LOL
|c|★jynx2000|YOU EVEN BURNED ME
|c|★jynx2000|THIS IS RIDICULOUS
|choice|move 4|move 1
|
|move|p1a: Raichu|Thunderbolt|p2a: Moltres
|-supereffective|p2a: Moltres
|-damage|p2a: Moltres|0 fnt
|faint|p2a: Moltres
|choice||switch 3
|
|switch|p2a: Hitmonchan|Hitmonchan, L90|273\/273
|turn|27
|choice|move 4|move 2
|
|move|p1a: Raichu|Thunderbolt|p2a: Hitmonchan
|-damage|p2a: Hitmonchan|112\/273
|move|p2a: Hitmonchan|Body Slam|p1a: Raichu
|-crit|p1a: Raichu
|-damage|p1a: Raichu|2\/276
|-status|p1a: Raichu|par
|
|turn|28
|c|★jynx2000|LOL
|c|★jynx2000|LOL
|c|★Merlin Engine|dude im sorry
|c|★jynx2000|I was going to win this shit remarkably
|c|★jynx2000|and then this
|c|★jynx2000|please quit in honor
|c|★Merlin Engine|the fuck is your problem?
|c|★jynx2000|please be honorable and quit
|c|★Merlin Engine|you didn't quit for me when you fucked me up
|c|★jynx2000|I don't recall that hapenning
|c|★jynx2000|quit and I will be your boyfriend
|c|★Merlin Engine|cause i'm just a target for you :P
|c|★jynx2000|i have a fat cock
|c|★Merlin Engine|sounds delicious, but no
|c|★jynx2000|bitcht
|-message|jynx2000 forfeited.
|
|win|Merlin Engine
|l|jynx2000
|player|p1
|raw|jynx2000's rating: 1434 &rarr; <strong>1401<\/strong><br \/>(-33 for losing)
|raw|Merlin Engine's rating: 1167 &rarr; <strong>1209<\/strong><br \/>(+42 for winning)