|j|arcilla
|j|johnhello
|player|p1|arcilla|162
|player|p2|johnhello|102
|gametype|singles
|gen|1
|tier|[Gen 1] Random Battle
|rated
|seed|11466,32684,61498,14347
|rule|Sleep Clause Mod: Limit one foe put to sleep
|rule|Freeze Clause Mod: Limit one foe frozen
|rule|HP Percentage Mod: HP is shown in percentages
|
|start
|switch|p1a: Spearow|Spearow, L96|272\/272
|switch|p2a: Nidoking|Nidoking, L85|311\/311
|turn|1
|choice|move 2|move 2
|
|move|p1a: Spearow|Double-Edge|p2a: Nidoking
|-damage|p2a: Nidoking|206\/311
|-damage|p1a: Spearow|246\/272|[from] recoil|[of] p2a: Nidoking
|move|p2a: Nidoking|Thunder|p1a: Spearow
|-supereffective|p1a: Spearow
|-damage|p1a: Spearow|22\/272
|
|turn|2
|choice|move 2|move 3
|
|move|p1a: Spearow|Double-Edge|p2a: Nidoking
|-damage|p2a: Nidoking|98\/311
|-damage|p1a: Spearow|0 fnt|[from] recoil|[of] p2a: Nidoking
|faint|p1a: Spearow
|choice|switch 5|
|
|switch|p1a: Alakazam|Alakazam, L79|249\/249
|turn|3
|c|★arcilla|hello john
|choice|move 1|switch 2
|
|switch|p2a: Exeggutor|Exeggutor, L79|312\/312
|move|p1a: Alakazam|Psychic|p2a: Exeggutor
|-resisted|p2a: Exeggutor
|-damage|p2a: Exeggutor|266\/312
|
|turn|4
|choice|switch 4|move 2
|
|switch|p1a: Dragonair|Dragonair, L85|277\/277
|move|p2a: Exeggutor|Hyper Beam|p1a: Dragonair
|-damage|p1a: Dragonair|164\/277
|
|turn|5
|-mustrecharge|p2a: Exeggutor
|-mustrecharge|p2a: Exeggutor
|choice|move 1|move 1
|
|move|p1a: Dragonair|Blizzard|p2a: Exeggutor
|-crit|p2a: Exeggutor
|-supereffective|p2a: Exeggutor
|-damage|p2a: Exeggutor|29\/312
|cant|p2a: Exeggutor|recharge
|
|turn|6
|choice|move 3|switch 4
|
|switch|p2a: Golduck|Golduck, L85|310\/310
|move|p1a: Dragonair|Body Slam|p2a: Golduck
|-damage|p2a: Golduck|249\/310
|
|turn|7
|choice|switch 3|move 2
|
|switch|p1a: Mr. Mime|Mr. Mime, L85|242\/242
|move|p2a: Golduck|Ice Beam|p1a: Mr. Mime
|-damage|p1a: Mr. Mime|182\/242
|
|turn|8
|choice|move 2|switch 6
|
|switch|p2a: Kadabra|Kadabra, L85|242\/242
|move|p1a: Mr. Mime|Thunderbolt|p2a: Kadabra
|-damage|p2a: Kadabra|182\/242
|
|turn|9
|choice|move 1|move 2
|
|move|p2a: Kadabra|Thunder Wave|p1a: Mr. Mime
|-status|p1a: Mr. Mime|par
|cant|p1a: Mr. Mime|par
|
|turn|10
|choice|move 1|move 3
|
|move|p2a: Kadabra|Seismic Toss|p1a: Mr. Mime
|-damage|p1a: Mr. Mime|97\/242 par
|cant|p1a: Mr. Mime|par
|
|turn|11
|choice|move 1|move 3
|
|move|p2a: Kadabra|Seismic Toss|p1a: Mr. Mime
|-damage|p1a: Mr. Mime|12\/242 par
|cant|p1a: Mr. Mime|par
|
|turn|12
|c|★arcilla|well crap
|choice|move 1|move 3
|
|move|p2a: Kadabra|Seismic Toss|p1a: Mr. Mime
|-damage|p1a: Mr. Mime|0 fnt
|faint|p1a: Mr. Mime
|choice|switch 2|
|
|switch|p1a: Eevee|Eevee, L96|300\/300
|turn|13
|choice|move 1|move 2
|
|move|p2a: Kadabra|Thunder Wave|p1a: Eevee
|-status|p1a: Eevee|par
|cant|p1a: Eevee|par
|
|turn|14
|choice|move 1|move 1
|
|move|p2a: Kadabra|Psychic|p1a: Eevee
|-damage|p1a: Eevee|174\/300 par
|move|p1a: Eevee|Body Slam|p2a: Kadabra
|-damage|p2a: Kadabra|46\/242
|
|turn|15
|choice|move 1|switch 3
|
|switch|p2a: Grimer|Grimer, L96|348\/348
|cant|p1a: Eevee|par
|
|turn|16
|c|★arcilla|damn son
|choice|move 1|move 4
|
|move|p2a: Grimer|Sludge|p1a: Eevee
|-damage|p1a: Eevee|80\/300 par
|cant|p1a: Eevee|par
|
|turn|17
|choice|move 1|move 2
|
|move|p2a: Grimer|Body Slam|p1a: Eevee
|-damage|p1a: Eevee|0 fnt
|faint|p1a: Eevee
|choice|switch 4|
|
|switch|p1a: Alakazam|Alakazam, L79|249\/249
|turn|18
|choice|move 1|move 1
|
|move|p1a: Alakazam|Psychic|p2a: Grimer
|-supereffective|p2a: Grimer
|-damage|p2a: Grimer|62\/348
|move|p2a: Grimer|Explosion|p1a: Alakazam
|-damage|p1a: Alakazam|0 fnt
|faint|p1a: Alakazam
|faint|p2a: Grimer
|choice|switch 3|switch 3
|
|switch|p2a: Kadabra|Kadabra, L85|46\/242
|switch|p1a: Dragonair|Dragonair, L85|164\/277
|turn|19
|choice|move 3|move 2
|
|move|p2a: Kadabra|Thunder Wave|p1a: Dragonair
|-status|p1a: Dragonair|par
|move|p1a: Dragonair|Body Slam|p2a: Kadabra
|-damage|p2a: Kadabra|0 fnt
|faint|p2a: Kadabra
|choice||switch 5
|
|switch|p2a: Lapras|Lapras, L79|367\/367
|turn|20
|choice|move 4|move 3
|
|move|p2a: Lapras|Ice Beam|p1a: Dragonair
|-supereffective|p1a: Dragonair
|-damage|p1a: Dragonair|0 fnt
|faint|p1a: Dragonair
|choice|switch 6|
|
|switch|p1a: Hitmonchan|Hitmonchan, L90|273\/273
|turn|21
|choice|move 2|move 4
|
|move|p1a: Hitmonchan|Submission|p2a: Lapras|[miss]
|-miss|p1a: Hitmonchan
|move|p2a: Lapras|Body Slam|p1a: Hitmonchan
|-damage|p1a: Hitmonchan|227\/273
|
|turn|22
|choice|move 2|move 1
|
|move|p1a: Hitmonchan|Submission|p2a: Lapras
|-supereffective|p2a: Lapras
|-damage|p2a: Lapras|140\/367
|-damage|p1a: Hitmonchan|171\/273|[from] recoil|[of] p2a: Lapras
|move|p2a: Lapras|Confuse Ray|p1a: Hitmonchan
|-start|p1a: Hitmonchan|confusion
|
|turn|23
|c|★arcilla|lol
|choice|move 2|switch 2
|
|switch|p2a: Nidoking|Nidoking, L85|98\/311
|-activate|p1a: Hitmonchan|confusion
|-damage|p1a: Hitmonchan|133\/273|[from] confusion
|
|turn|24
|choice|move 3|move 1
|
|move|p2a: Nidoking|Earthquake|p1a: Hitmonchan
|-damage|p1a: Hitmonchan|33\/273
|-end|p1a: Hitmonchan|confusion
|move|p1a: Hitmonchan|Body Slam|p2a: Nidoking
|-crit|p2a: Nidoking
|-damage|p2a: Nidoking|0 fnt
|faint|p2a: Nidoking
|choice||switch 6
|
|switch|p2a: Golduck|Golduck, L85|249\/310
|turn|25
|choice|move 3|move 4
|
|move|p2a: Golduck|Surf|p1a: Hitmonchan
|-damage|p1a: Hitmonchan|0 fnt
|faint|p1a: Hitmonchan
|
|win|johnhello
|player|p1
|player|p2
|raw|arcilla's rating: 1312 &rarr; <strong>1291<\/strong><br \/>(-21 for losing)
|raw|johnhello's rating: 1286 &rarr; <strong>1313<\/strong><br \/>(+27 for winning)
|l|arcilla