|j|Shivvers
|j|Judo
|player|p1|Shivvers|263
|player|p2|Judo|70
|gametype|singles
|gen|1
|tier|[Gen 1] OU
|seed|
|rule|Sleep Clause Mod: Limit one foe put to sleep
|rule|Freeze Clause Mod: Limit one foe frozen
|rule|Species Clause: Limit one of each Pokémon
|rule|OHKO Clause: OHKO moves are banned
|rule|Evasion Moves Clause: Evasion moves are banned
|rule|HP Percentage Mod: HP is shown in percentages
|
|start
|switch|p1a: Tubbs|Snorlax|100\/100
|switch|p2a: DJ DOLMAN STR8 FIY|Moltres|100\/100
|turn|1
|choice||
|
|move|p2a: DJ DOLMAN STR8 FIY|Agility|p2a: DJ DOLMAN STR8 FIY
|-boost|p2a: DJ DOLMAN STR8 FIY|spe|2
|move|p1a: Tubbs|Body Slam|p2a: DJ DOLMAN STR8 FIY
|-damage|p2a: DJ DOLMAN STR8 FIY|69\/100
|
|turn|2
|c|★Judo|need to test this team
|j|gymNmons
|choice||
|
|move|p2a: DJ DOLMAN STR8 FIY|Fire Spin|p1a: Tubbs
|-damage|p1a: Tubbs|95\/100
|cant|p1a: Tubbs|partiallytrapped
|
|turn|3
|choice||
|
|move|p2a: DJ DOLMAN STR8 FIY|Fire Spin|p1a: Tubbs|[from]Fire Spin
|-damage|p1a: Tubbs|89\/100
|cant|p1a: Tubbs|partiallytrapped
|
|turn|4
|c|★Judo|hmm yes that is broken
|c| gymNmons|such a broken move
|choice||
|
|switch|p2a: PET SHIVVERS IN DA|Chansey|100\/100
|move|p1a: Tubbs|Hyper Beam|p2a: PET SHIVVERS IN DA
|-damage|p2a: PET SHIVVERS IN DA|23\/100
|
|turn|5
|-mustrecharge|p1a: Tubbs
|-mustrecharge|p1a: Tubbs
|c|★Judo|yes, just testing and it is indeed broken
|c|★Shivvers|This is why I don't want gen 1 XD
|choice||
|
|move|p2a: PET SHIVVERS IN DA|Reflect|p2a: PET SHIVVERS IN DA
|-start|p2a: PET SHIVVERS IN DA|Reflect
|cant|p1a: Tubbs|recharge
|
|turn|6
|choice||
|
|move|p2a: PET SHIVVERS IN DA|Soft-Boiled|p2a: PET SHIVVERS IN DA
|-heal|p2a: PET SHIVVERS IN DA|73\/100
|move|p1a: Tubbs|Seismic Toss|p2a: PET SHIVVERS IN DA
|-damage|p2a: PET SHIVVERS IN DA|59\/100
|
|turn|7
|choice||
|
|move|p2a: PET SHIVVERS IN DA|Thunder Wave|p1a: Tubbs
|-status|p1a: Tubbs|par
|move|p1a: Tubbs|Hyper Beam|p2a: PET SHIVVERS IN DA
|-damage|p2a: PET SHIVVERS IN DA|25\/100
|
|turn|8
|-mustrecharge|p1a: Tubbs
|c|★Judo|im testing the broken things
|-mustrecharge|p1a: Tubbs
|choice||
|
|move|p2a: PET SHIVVERS IN DA|Soft-Boiled|p2a: PET SHIVVERS IN DA
|-heal|p2a: PET SHIVVERS IN DA|74\/100
|cant|p1a: Tubbs|recharge
|
|turn|9
|c|★Judo|which are numerous :P
|choice||
|
|move|p2a: PET SHIVVERS IN DA|Blizzard|p1a: Tubbs
|-damage|p1a: Tubbs|65\/100 par
|move|p1a: Tubbs|Body Slam|p2a: PET SHIVVERS IN DA
|-damage|p2a: PET SHIVVERS IN DA|55\/100
|
|turn|10
|choice||
|
|move|p2a: PET SHIVVERS IN DA|Blizzard|p1a: Tubbs
|-damage|p1a: Tubbs|40\/100 par
|move|p1a: Tubbs|Body Slam|p2a: PET SHIVVERS IN DA
|-damage|p2a: PET SHIVVERS IN DA|34\/100
|
|turn|11
|choice||
|
|move|p2a: PET SHIVVERS IN DA|Soft-Boiled|p2a: PET SHIVVERS IN DA
|-heal|p2a: PET SHIVVERS IN DA|83\/100
|cant|p1a: Tubbs|par
|
|turn|12
|choice||
|
|move|p2a: PET SHIVVERS IN DA|Blizzard|p1a: Tubbs
|-damage|p1a: Tubbs|16\/100 par
|move|p1a: Tubbs|Body Slam|p2a: PET SHIVVERS IN DA
|-damage|p2a: PET SHIVVERS IN DA|61\/100
|
|turn|13
|choice||
|
|move|p2a: PET SHIVVERS IN DA|Blizzard|p1a: Tubbs|[miss]
|-miss|p2a: PET SHIVVERS IN DA
|move|p1a: Tubbs|Body Slam|p2a: PET SHIVVERS IN DA
|-damage|p2a: PET SHIVVERS IN DA|38\/100
|
|turn|14
|c| gymNmons|chansey is broken
|choice||
|
|move|p2a: PET SHIVVERS IN DA|Blizzard|p1a: Tubbs
|-damage|p1a: Tubbs|0 fnt
|faint|p1a: Tubbs
|c|★Judo|90% blizzard broken
|c|★Judo|reflect chansey broken
|choice||
|
|switch|p1a: Golem|Golem|100\/100
|turn|15
|choice||
|
|move|p2a: PET SHIVVERS IN DA|Soft-Boiled|p2a: PET SHIVVERS IN DA
|-heal|p2a: PET SHIVVERS IN DA|88\/100
|move|p1a: Golem|Earthquake|p2a: PET SHIVVERS IN DA
|-damage|p2a: PET SHIVVERS IN DA|65\/100
|
|turn|16
|choice||
|
|move|p2a: PET SHIVVERS IN DA|Blizzard|p1a: Golem
|-supereffective|p1a: Golem
|-damage|p1a: Golem|23\/100
|move|p1a: Golem|Earthquake|p2a: PET SHIVVERS IN DA
|-damage|p2a: PET SHIVVERS IN DA|39\/100
|
|turn|17
|choice||
|
|move|p2a: PET SHIVVERS IN DA|Soft-Boiled|p2a: PET SHIVVERS IN DA
|-heal|p2a: PET SHIVVERS IN DA|89\/100
|move|p1a: Golem|Earthquake|p2a: PET SHIVVERS IN DA
|-damage|p2a: PET SHIVVERS IN DA|65\/100
|
|turn|18
|choice||
|
|move|p2a: PET SHIVVERS IN DA|Blizzard|p1a: Golem
|-supereffective|p1a: Golem
|-damage|p1a: Golem|0 fnt
|faint|p1a: Golem
|choice||
|
|switch|p1a: Pepper|Jolteon|100\/100
|turn|19
|c|★Judo|even machamp cant 1v1 reflect chanset
|choice||
|
|move|p1a: Pepper|Thunder Wave|p2a: PET SHIVVERS IN DA
|-status|p2a: PET SHIVVERS IN DA|par
|move|p2a: PET SHIVVERS IN DA|Thunder Wave|p1a: Pepper
|-status|p1a: Pepper|par
|
|turn|20
|choice||
|
|switch|p2a: LORD BOYT BAE|Golem|100\/100
|move|p1a: Pepper|Thunderbolt|p2a: LORD BOYT BAE
|-immune|p2a: LORD BOYT BAE|[msg]
|
|turn|21
|choice||
|
|switch|p1a: Starmie|Starmie|100\/100
|move|p2a: LORD BOYT BAE|Explosion|p1a: Starmie
|-damage|p1a: Starmie|0 fnt
|faint|p1a: Starmie
|faint|p2a: LORD BOYT BAE
|c|★Judo|explosion golem broken
|choice||
|
|switch|p2a: JANOMI4LYF|Jynx|100\/100
|switch|p1a: Butthurt|Slowbro|100\/100
|turn|22
|choice||
|
|move|p2a: JANOMI4LYF|Lovely Kiss|p1a: Butthurt
|-status|p1a: Butthurt|slp
|cant|p1a: Butthurt|slp
|
|turn|23
|c|★Judo|lovely kiss reflect jynx broken
|choice||
|
|move|p2a: JANOMI4LYF|Reflect|p2a: JANOMI4LYF
|-start|p2a: JANOMI4LYF|Reflect
|-curestatus|p1a: Butthurt|slp
|
|turn|24
|choice||
|
|move|p2a: JANOMI4LYF|Lovely Kiss|p1a: Butthurt
|-status|p1a: Butthurt|slp
|-curestatus|p1a: Butthurt|slp
|
|turn|25
|choice||
|
|move|p2a: JANOMI4LYF|Lovely Kiss|p1a: Butthurt|[miss]
|-miss|p2a: JANOMI4LYF
|move|p1a: Butthurt|Tri Attack|p2a: JANOMI4LYF
|-damage|p2a: JANOMI4LYF|87\/100
|
|turn|26
|choice||
|
|move|p2a: JANOMI4LYF|Lovely Kiss|p1a: Butthurt|[miss]
|-miss|p2a: JANOMI4LYF
|move|p1a: Butthurt|Tri Attack|p2a: JANOMI4LYF
|-damage|p2a: JANOMI4LYF|73\/100
|
|turn|27
|choice||
|
|move|p2a: JANOMI4LYF|Blizzard|p1a: Butthurt
|-crit|p1a: Butthurt
|-resisted|p1a: Butthurt
|-damage|p1a: Butthurt|63\/100
|move|p1a: Butthurt|Tri Attack|p2a: JANOMI4LYF
|-damage|p2a: JANOMI4LYF|58\/100
|
|turn|28
|choice||
|
|move|p2a: JANOMI4LYF|Blizzard|p1a: Butthurt
|-crit|p1a: Butthurt
|-resisted|p1a: Butthurt
|-damage|p1a: Butthurt|25\/100
|move|p1a: Butthurt|Tri Attack|p2a: JANOMI4LYF
|-damage|p2a: JANOMI4LYF|44\/100
|
|turn|29
|choice||
|
|move|p2a: JANOMI4LYF|Blizzard|p1a: Butthurt
|-resisted|p1a: Butthurt
|-damage|p1a: Butthurt|4\/100
|move|p1a: Butthurt|Tri Attack|p2a: JANOMI4LYF
|-damage|p2a: JANOMI4LYF|30\/100
|
|turn|30
|choice||
|
|move|p2a: JANOMI4LYF|Psychic|p1a: Butthurt
|-crit|p1a: Butthurt
|-resisted|p1a: Butthurt
|-damage|p1a: Butthurt|0 fnt
|faint|p1a: Butthurt
|choice||
|
|switch|p1a: Pepper|Jolteon|100\/100 par
|turn|31
|c|★Judo|crits = speed broken
|choice||
|
|move|p2a: JANOMI4LYF|Blizzard|p1a: Pepper
|-damage|p1a: Pepper|60\/100 par
|move|p1a: Pepper|Thunder Wave|p2a: JANOMI4LYF
|-status|p2a: JANOMI4LYF|par
|
|turn|32
|choice||
|
|move|p1a: Pepper|Quick Attack|p2a: JANOMI4LYF
|-crit|p2a: JANOMI4LYF
|-damage|p2a: JANOMI4LYF|7\/100 par
|move|p2a: JANOMI4LYF|Blizzard|p1a: Pepper
|-damage|p1a: Pepper|20\/100 par
|
|turn|33
|c|★Judo|crits = speed regardless of para broken
|choice||
|
|move|p1a: Pepper|Hyper Beam|p2a: JANOMI4LYF
|-damage|p2a: JANOMI4LYF|0 fnt
|faint|p2a: JANOMI4LYF
|c|★Judo|no refresh on hyper beam if kills broken
|c|★Shivvers|Everything's goddamn broken XD
|choice||
|
|switch|p2a: GYMNMONS RAWR|Persian|100\/100
|turn|34
|c|★Judo|slash always crits broken
|choice||
|
|move|p2a: GYMNMONS RAWR|Slash|p1a: Pepper
|-crit|p1a: Pepper
|-damage|p1a: Pepper|0 fnt
|faint|p1a: Pepper
|choice||
|
|switch|p1a: Senor Don Gato|Persian|100\/100
|turn|35
|choice||
|
|move|p1a: Senor Don Gato|Hyper Beam|p2a: GYMNMONS RAWR
|-damage|p2a: GYMNMONS RAWR|40\/100
|move|p2a: GYMNMONS RAWR|Screech|p1a: Senor Don Gato
|-unboost|p1a: Senor Don Gato|def|2
|
|turn|36
|-mustrecharge|p1a: Senor Don Gato
|-mustrecharge|p1a: Senor Don Gato
|choice||
|
|move|p2a: GYMNMONS RAWR|Hyper Beam|p1a: Senor Don Gato
|-damage|p1a: Senor Don Gato|0 fnt
|faint|p1a: Senor Don Gato
|
|win|Judo
|player|p1
|player|p2
|c|★Shivvers|Gen 1 sucks XD
|c|★Judo|screech hyber beam...
|c|★Judo|XD its all broken
|l|gymNmons