|j|Peasounay
|j|LORDE BUMBUM MOLE
|player|p1|Peasounay|80
|player|p2|LORDE BUMBUM MOLE|199
|gametype|singles
|gen|1
|tier|[Gen 1] OU
|seed|63546,47906,63718,2639
|rule|Sleep Clause Mod: Limit one foe put to sleep
|rule|Freeze Clause Mod: Limit one foe frozen
|rule|Species Clause: Limit one of each Pokémon
|rule|OHKO Clause: OHKO moves are banned
|rule|Evasion Moves Clause: Evasion moves are banned
|rule|HP Percentage Mod: HP is shown in percentages
|
|start
|switch|p1a: Alakazam|Alakazam|313\/313
|switch|p2a: Alakazam|Alakazam|313\/313
|turn|1
|c|★LORDE BUMBUM MOLE|gl
|choice|move 1|move 3
|
|move|p2a: Alakazam|Thunder Wave|p1a: Alakazam
|-status|p1a: Alakazam|par
|move|p1a: Alakazam|Thunder Wave|p2a: Alakazam
|-status|p2a: Alakazam|par
|
|turn|2
|c|★Peasounay|u2
|choice|move 4|switch 3
|
|switch|p2a: Snorlax|Snorlax|523\/523
|move|p1a: Alakazam|Seismic Toss|p2a: Snorlax
|-damage|p2a: Snorlax|423\/523
|
|turn|3
|choice|switch 3|move 1
|
|switch|p1a: Snorlax|Snorlax|523\/523
|move|p2a: Snorlax|Body Slam|p1a: Snorlax
|-damage|p1a: Snorlax|392\/523
|
|turn|4
|choice|move 1|move 2
|
|move|p2a: Snorlax|Reflect|p2a: Snorlax
|-start|p2a: Snorlax|Reflect
|move|p1a: Snorlax|Body Slam|p2a: Snorlax
|-damage|p2a: Snorlax|353\/523
|
|turn|5
|choice|move 1|move 1
|
|move|p2a: Snorlax|Body Slam|p1a: Snorlax
|-damage|p1a: Snorlax|243\/523
|move|p1a: Snorlax|Body Slam|p2a: Snorlax
|-damage|p2a: Snorlax|285\/523
|
|turn|6
|choice|move 4|move 1
|
|move|p2a: Snorlax|Body Slam|p1a: Snorlax
|-damage|p1a: Snorlax|93\/523
|move|p1a: Snorlax|Self-Destruct|p2a: Snorlax
|-damage|p2a: Snorlax|69\/523
|faint|p1a: Snorlax
|c|★LORDE BUMBUM MOLE|oh
|c|★LORDE BUMBUM MOLE|you saved the replays?
|choice|switch 2|
|
|switch|p1a: Exeggutor|Exeggutor|393\/393
|turn|7
|c|★LORDE BUMBUM MOLE|idk if oits needed
|c|★Peasounay|i don't know just in case
|choice|move 2|move 4
|
|move|p1a: Exeggutor|Psychic|p2a: Snorlax
|-damage|p2a: Snorlax|0 fnt
|faint|p2a: Snorlax
|choice||switch 2
|
|switch|p2a: Jynx|Jynx|333\/333
|turn|8
|choice|switch 3|move 2
|
|switch|p1a: Alakazam|Alakazam|313\/313 par
|move|p2a: Jynx|Lovely Kiss|p1a: Alakazam
|-fail|p1a: Alakazam
|
|turn|9
|choice|move 4|switch 4
|
|switch|p2a: Chansey|Chansey|703\/703
|move|p1a: Alakazam|Seismic Toss|p2a: Chansey
|-damage|p2a: Chansey|603\/703
|
|turn|10
|choice|move 2|move 4
|
|move|p2a: Chansey|Seismic Toss|p1a: Alakazam
|-damage|p1a: Alakazam|213\/313 par
|move|p1a: Alakazam|Psychic|p2a: Chansey
|-crit|p2a: Chansey
|-damage|p2a: Chansey|349\/703
|-unboost|p2a: Chansey|spd|1
|-unboost|p2a: Chansey|spa|1
|
|turn|11
|choice|switch 3|move 1
|
|switch|p1a: Exeggutor|Exeggutor|393\/393
|move|p2a: Chansey|Soft-Boiled|p2a: Chansey
|-heal|p2a: Chansey|700\/703
|
|turn|12
|choice|move 1|switch 5
|
|switch|p2a: Exeggutor|Exeggutor|393\/393
|move|p1a: Exeggutor|Sleep Powder|p2a: Exeggutor
|-status|p2a: Exeggutor|slp
|
|turn|13
|choice|switch 4|move 4
|
|switch|p1a: Tauros|Tauros|353\/353
|cant|p2a: Exeggutor|slp
|
|turn|14
|choice|move 2|move 4
|
|move|p1a: Tauros|Body Slam|p2a: Exeggutor
|-damage|p2a: Exeggutor|280\/393 slp
|cant|p2a: Exeggutor|slp
|
|turn|15
|choice|move 1|move 4
|
|move|p1a: Tauros|Blizzard|p2a: Exeggutor
|-supereffective|p2a: Exeggutor
|-damage|p2a: Exeggutor|155\/393 slp
|-curestatus|p2a: Exeggutor|slp
|
|turn|16
|choice|move 3|move 4
|
|move|p1a: Tauros|Hyper Beam|p2a: Exeggutor
|-damage|p2a: Exeggutor|0 fnt
|faint|p2a: Exeggutor
|choice||switch 5
|
|switch|p2a: Chansey|Chansey|700\/703
|turn|17
|choice|switch 5|move 2
|
|switch|p1a: Chansey|Chansey|703\/703
|move|p2a: Chansey|Thunder Wave|p1a: Chansey
|-status|p1a: Chansey|par
|
|turn|18
|choice|move 4|move 4
|
|move|p2a: Chansey|Seismic Toss|p1a: Chansey
|-damage|p1a: Chansey|603\/703 par
|cant|p1a: Chansey|par
|
|turn|19
|choice|move 4|move 4
|
|move|p2a: Chansey|Seismic Toss|p1a: Chansey
|-damage|p1a: Chansey|503\/703 par
|move|p1a: Chansey|Reflect|p1a: Chansey
|-start|p1a: Chansey|Reflect
|
|turn|20
|choice|move 2|move 4
|
|move|p2a: Chansey|Seismic Toss|p1a: Chansey
|-damage|p1a: Chansey|403\/703 par
|cant|p1a: Chansey|par
|
|turn|21
|choice|move 1|move 4
|
|move|p2a: Chansey|Seismic Toss|p1a: Chansey
|-damage|p1a: Chansey|303\/703 par
|move|p1a: Chansey|Soft-Boiled|p1a: Chansey
|-heal|p1a: Chansey|654\/703 par
|
|turn|22
|choice|move 2|move 4
|
|move|p2a: Chansey|Seismic Toss|p1a: Chansey
|-damage|p1a: Chansey|554\/703 par
|move|p1a: Chansey|Seismic Toss|p2a: Chansey
|-damage|p2a: Chansey|600\/703
|
|turn|23
|choice|move 2|move 4
|
|move|p2a: Chansey|Seismic Toss|p1a: Chansey
|-damage|p1a: Chansey|454\/703 par
|move|p1a: Chansey|Seismic Toss|p2a: Chansey
|-damage|p2a: Chansey|500\/703
|
|turn|24
|choice|move 1|move 4
|
|move|p2a: Chansey|Seismic Toss|p1a: Chansey
|-damage|p1a: Chansey|354\/703 par
|move|p1a: Chansey|Soft-Boiled|p1a: Chansey
|-heal|p1a: Chansey|703\/703 par
|
|turn|25
|choice|move 2|move 4
|
|move|p2a: Chansey|Seismic Toss|p1a: Chansey
|-damage|p1a: Chansey|603\/703 par
|move|p1a: Chansey|Seismic Toss|p2a: Chansey
|-damage|p2a: Chansey|400\/703
|
|turn|26
|choice|move 2|move 1
|
|move|p2a: Chansey|Soft-Boiled|p2a: Chansey
|-heal|p2a: Chansey|703\/703
|move|p1a: Chansey|Seismic Toss|p2a: Chansey
|-damage|p2a: Chansey|603\/703
|
|turn|27
|choice|move 2|move 4
|
|move|p2a: Chansey|Seismic Toss|p1a: Chansey
|-damage|p1a: Chansey|503\/703 par
|cant|p1a: Chansey|par
|
|turn|28
|choice|move 2|move 4
|
|move|p2a: Chansey|Seismic Toss|p1a: Chansey
|-damage|p1a: Chansey|403\/703 par
|move|p1a: Chansey|Seismic Toss|p2a: Chansey
|-damage|p2a: Chansey|503\/703
|
|turn|29
|choice|move 1|switch 6
|
|switch|p2a: Tauros|Tauros|353\/353
|move|p1a: Chansey|Soft-Boiled|p1a: Chansey
|-heal|p1a: Chansey|703\/703 par
|
|turn|30
|choice|move 2|move 1
|
|move|p2a: Tauros|Body Slam|p1a: Chansey
|-damage|p1a: Chansey|557\/703 par
|move|p1a: Chansey|Seismic Toss|p2a: Tauros
|-damage|p2a: Tauros|253\/353
|
|turn|31
|choice|move 3|move 1
|
|move|p2a: Tauros|Body Slam|p1a: Chansey
|-damage|p1a: Chansey|421\/703 par
|cant|p1a: Chansey|par
|
|turn|32
|choice|move 1|move 1
|
|move|p2a: Tauros|Body Slam|p1a: Chansey
|-crit|p1a: Chansey
|-damage|p1a: Chansey|0 fnt
|faint|p1a: Chansey
|c|★LORDE BUMBUM MOLE|sry
|c|★Peasounay|np lol
|c|★LORDE BUMBUM MOLE|rby things
|choice|switch 6|
|
|switch|p1a: Lapras|Lapras|463\/463
|turn|33
|choice|move 1|switch 4
|
|switch|p2a: Jynx|Jynx|333\/333
|move|p1a: Lapras|Blizzard|p2a: Jynx
|-crit|p2a: Jynx
|-resisted|p2a: Jynx
|-damage|p2a: Jynx|201\/333
|
|turn|34
|choice|switch 3|move 2
|
|switch|p1a: Alakazam|Alakazam|213\/313 par
|move|p2a: Jynx|Lovely Kiss|p1a: Alakazam
|-fail|p1a: Alakazam
|
|turn|35
|choice|move 3|move 4
|
|move|p2a: Jynx|Blizzard|p1a: Alakazam
|-damage|p1a: Alakazam|105\/313 par
|move|p1a: Alakazam|Recover|p1a: Alakazam
|-heal|p1a: Alakazam|261\/313 par
|
|turn|36
|choice|move 4|move 4
|
|move|p2a: Jynx|Blizzard|p1a: Alakazam
|-damage|p1a: Alakazam|157\/313 par
|move|p1a: Alakazam|Seismic Toss|p2a: Jynx
|-damage|p2a: Jynx|101\/333
|
|turn|37
|choice|move 3|switch 4
|
|switch|p2a: Tauros|Tauros|253\/353
|move|p1a: Alakazam|Recover|p1a: Alakazam
|-heal|p1a: Alakazam|313\/313 par
|
|turn|38
|choice|move 2|move 1
|
|move|p2a: Tauros|Body Slam|p1a: Alakazam
|-crit|p1a: Alakazam
|-damage|p1a: Alakazam|32\/313 par
|move|p1a: Alakazam|Psychic|p2a: Tauros
|-damage|p2a: Tauros|93\/353
|
|turn|39
|choice|move 2|move 1
|
|move|p2a: Tauros|Body Slam|p1a: Alakazam
|-damage|p1a: Alakazam|0 fnt
|faint|p1a: Alakazam
|choice|switch 5|
|
|switch|p1a: Tauros|Tauros|353\/353
|turn|40
|choice|move 2|move 2
|
|move|p1a: Tauros|Body Slam|p2a: Tauros
|-damage|p2a: Tauros|0 fnt
|faint|p2a: Tauros
|choice||switch 6
|
|switch|p2a: Chansey|Chansey|503\/703
|turn|41
|choice|switch 4|move 2
|
|switch|p1a: Exeggutor|Exeggutor|393\/393
|move|p2a: Chansey|Thunder Wave|p1a: Exeggutor
|-status|p1a: Exeggutor|par
|
|turn|42
|choice|move 1|switch 4
|
|switch|p2a: Jynx|Jynx|101\/333
|move|p1a: Exeggutor|Sleep Powder|p2a: Jynx
|-status|p2a: Jynx|slp
|
|turn|43
|choice|move 2|move 4
|
|-curestatus|p2a: Jynx|slp
|move|p1a: Exeggutor|Psychic|p2a: Jynx
|-resisted|p2a: Jynx
|-damage|p2a: Jynx|36\/333
|
|turn|44
|choice|move 2|move 4
|
|move|p2a: Jynx|Blizzard|p1a: Exeggutor
|-supereffective|p1a: Exeggutor
|-damage|p1a: Exeggutor|142\/393 par
|move|p1a: Exeggutor|Psychic|p2a: Jynx
|-resisted|p2a: Jynx
|-damage|p2a: Jynx|0 fnt
|faint|p2a: Jynx
|choice||switch 4
|
|switch|p2a: Chansey|Chansey|503\/703
|turn|45
|choice|move 4|switch 3
|
|switch|p2a: Alakazam|Alakazam|313\/313 par
|cant|p1a: Exeggutor|par
|
|turn|46
|choice|switch 3|move 2
|
|switch|p1a: Lapras|Lapras|463\/463
|cant|p2a: Alakazam|par
|
|turn|47
|choice|move 4|move 3
|
|move|p1a: Lapras|Confuse Ray|p2a: Alakazam
|-start|p2a: Alakazam|confusion
|-activate|p2a: Alakazam|confusion
|-damage|p2a: Alakazam|276\/313 par|[from] confusion
|
|turn|48
|choice|move 3|move 3
|
|move|p1a: Lapras|Body Slam|p2a: Alakazam
|-damage|p2a: Alakazam|185\/313 par
|cant|p2a: Alakazam|par
|
|turn|49
|choice|move 3|move 3
|
|move|p1a: Lapras|Body Slam|p2a: Alakazam
|-damage|p2a: Alakazam|93\/313 par
|cant|p2a: Alakazam|par
|
|turn|50
|choice|move 3|move 3
|
|move|p1a: Lapras|Body Slam|p2a: Alakazam
|-damage|p2a: Alakazam|2\/313 par
|-end|p2a: Alakazam|confusion
|move|p2a: Alakazam|Thunder Wave|p1a: Lapras
|-status|p1a: Lapras|par
|
|turn|51
|choice|switch 4|move 4
|
|switch|p1a: Tauros|Tauros|353\/353
|cant|p2a: Alakazam|par
|
|turn|52
|choice|move 2|move 1
|
|move|p1a: Tauros|Body Slam|p2a: Alakazam
|-damage|p2a: Alakazam|0 fnt
|faint|p2a: Alakazam
|choice||switch 3
|
|switch|p2a: Chansey|Chansey|503\/703
|turn|53
|choice|switch 4|move 1
|
|switch|p1a: Lapras|Lapras|463\/463 par
|move|p2a: Chansey|Soft-Boiled|p2a: Chansey
|-heal|p2a: Chansey|703\/703
|
|turn|54
|choice|move 4|move 4
|
|move|p2a: Chansey|Seismic Toss|p1a: Lapras
|-damage|p1a: Lapras|363\/463 par
|move|p1a: Lapras|Confuse Ray|p2a: Chansey
|-start|p2a: Chansey|confusion
|
|turn|55
|choice|move 3|move 4
|
|-activate|p2a: Chansey|confusion
|-damage|p2a: Chansey|668\/703|[from] confusion
|move|p1a: Lapras|Body Slam|p2a: Chansey
|-damage|p2a: Chansey|507\/703
|
|turn|56
|choice|switch 3|move 4
|
|switch|p1a: Exeggutor|Exeggutor|142\/393 par
|-activate|p2a: Chansey|confusion
|-damage|p2a: Chansey|472\/703|[from] confusion
|
|turn|57
|choice|move 4|move 3
|
|-activate|p2a: Chansey|confusion
|move|p2a: Chansey|Reflect|p2a: Chansey
|-start|p2a: Chansey|Reflect
|cant|p1a: Exeggutor|par
|
|turn|58
|choice|move 1|move 1
|
|-end|p2a: Chansey|confusion
|move|p2a: Chansey|Soft-Boiled|p2a: Chansey
|-heal|p2a: Chansey|703\/703
|cant|p1a: Exeggutor|par
|
|turn|59
|choice|move 1|move 4
|
|move|p2a: Chansey|Seismic Toss|p1a: Exeggutor
|-damage|p1a: Exeggutor|42\/393 par
|cant|p1a: Exeggutor|par
|
|turn|60
|choice|move 4|move 4
|
|move|p2a: Chansey|Seismic Toss|p1a: Exeggutor
|-damage|p1a: Exeggutor|0 fnt
|faint|p1a: Exeggutor
|choice|switch 3|
|
|switch|p1a: Lapras|Lapras|363\/463 par
|turn|61
|choice|move 4|move 4
|
|move|p2a: Chansey|Seismic Toss|p1a: Lapras
|-damage|p1a: Lapras|263\/463 par
|move|p1a: Lapras|Confuse Ray|p2a: Chansey
|-start|p2a: Chansey|confusion
|
|turn|62
|choice|move 1|move 4
|
|-activate|p2a: Chansey|confusion
|move|p2a: Chansey|Seismic Toss|p1a: Lapras
|-damage|p1a: Lapras|163\/463 par
|cant|p1a: Lapras|par
|
|turn|63
|choice|move 1|move 4
|
|-activate|p2a: Chansey|confusion
|move|p2a: Chansey|Seismic Toss|p1a: Lapras
|-damage|p1a: Lapras|63\/463 par
|cant|p1a: Lapras|par
|
|turn|64
|choice|move 1|move 4
|
|-end|p2a: Chansey|confusion
|move|p2a: Chansey|Seismic Toss|p1a: Lapras
|-damage|p1a: Lapras|0 fnt
|faint|p1a: Lapras
|choice|switch 4|
|
|switch|p1a: Tauros|Tauros|353\/353
|turn|65
|c|★LORDE BUMBUM MOLE|dont crit tauros
|c|★LORDE BUMBUM MOLE|plz
|choice|move 2|move 2
|
|move|p1a: Tauros|Body Slam|p2a: Chansey
|-crit|p2a: Chansey
|-damage|p2a: Chansey|188\/703
|move|p2a: Chansey|Thunder Wave|p1a: Tauros
|-status|p1a: Tauros|par
|
|turn|66
|choice|move 2|move 1
|
|move|p2a: Chansey|Soft-Boiled|p2a: Chansey
|-heal|p2a: Chansey|539\/703
|cant|p1a: Tauros|par
|
|turn|67
|choice|move 2|move 1
|
|move|p2a: Chansey|Soft-Boiled|p2a: Chansey
|-heal|p2a: Chansey|703\/703
|move|p1a: Tauros|Body Slam|p2a: Chansey
|-damage|p2a: Chansey|568\/703
|
|turn|68
|choice|move 2|move 4
|
|move|p2a: Chansey|Seismic Toss|p1a: Tauros
|-damage|p1a: Tauros|253\/353 par
|move|p1a: Tauros|Body Slam|p2a: Chansey
|-damage|p2a: Chansey|427\/703
|
|turn|69
|choice|move 2|move 1
|
|move|p2a: Chansey|Soft-Boiled|p2a: Chansey
|-heal|p2a: Chansey|703\/703
|cant|p1a: Tauros|par
|
|turn|70
|choice|move 2|move 4
|
|move|p2a: Chansey|Seismic Toss|p1a: Tauros
|-damage|p1a: Tauros|153\/353 par
|move|p1a: Tauros|Body Slam|p2a: Chansey
|-damage|p2a: Chansey|571\/703
|
|turn|71
|choice|move 2|move 4
|
|move|p2a: Chansey|Seismic Toss|p1a: Tauros
|-damage|p1a: Tauros|53\/353 par
|move|p1a: Tauros|Body Slam|p2a: Chansey
|-damage|p2a: Chansey|427\/703
|
|turn|72
|c|★Peasounay|rly
|c|★Peasounay|gg
|c|★LORDE BUMBUM MOLE|gg
|choice|move 3|move 4
|
|move|p2a: Chansey|Seismic Toss|p1a: Tauros
|-damage|p1a: Tauros|0 fnt
|faint|p1a: Tauros
|
|win|LORDE BUMBUM MOLE
|player|p1
|player|p2