|join|Squadra di golbat
|join|Dockery
|player|p1|Squadra di golbat|1
|player|p2|Dockery|266
|gametype|singles
|gen|1
|tier|[Gen 1] Random Battle
|rated
|rule|Sleep Clause Mod: Limit one foe put to sleep
|rule|Freeze Clause Mod: Limit one foe frozen
|rule|HP Percentage Mod: HP is shown in percentages
|
|start
|switch|p1a: Rattata|Rattata, L96|252\/252
|switch|p2a: Marowak|Marowak, L90|291\/291
|turn|1
|
|move|p1a: Rattata|Super Fang|p2a: Marowak
|-damage|p2a: Marowak|146\/291
|move|p2a: Marowak|Seismic Toss|p1a: Rattata
|-damage|p1a: Rattata|162\/252
|
|turn|2
|
|move|p1a: Rattata|Bubble Beam|p2a: Marowak
|-supereffective|p2a: Marowak
|-damage|p2a: Marowak|62\/291
|move|p2a: Marowak|Body Slam|p1a: Rattata
|-crit|p1a: Rattata
|-damage|p1a: Rattata|0 fnt
|faint|p1a: Rattata
|
|switch|p1a: Wartortle|Wartortle, L85|274\/274
|turn|3
|
|move|p1a: Wartortle|Surf|p2a: Marowak
|-supereffective|p2a: Marowak
|-damage|p2a: Marowak|0 fnt
|faint|p2a: Marowak
|
|switch|p2a: Dragonite|Dragonite, L85|328\/328
|turn|4
|
|move|p2a: Dragonite|Thunderbolt|p1a: Wartortle
|-supereffective|p1a: Wartortle
|-damage|p1a: Wartortle|117\/274
|move|p1a: Wartortle|Blizzard|p2a: Dragonite|[miss]
|-miss|p1a: Wartortle
|
|turn|5
|
|switch|p1a: Marowak|Marowak, L90|291\/291
|move|p2a: Dragonite|Thunderbolt|p1a: Marowak
|-immune|p1a: Marowak|[msg]
|
|turn|6
|
|move|p2a: Dragonite|Surf|p1a: Marowak
|-supereffective|p1a: Marowak
|-damage|p1a: Marowak|123\/291
|move|p1a: Marowak|Blizzard|p2a: Dragonite|[miss]
|-miss|p1a: Marowak
|
|turn|7
|
|switch|p1a: Wartortle|Wartortle, L85|117\/274
|move|p2a: Dragonite|Surf|p1a: Wartortle
|-resisted|p1a: Wartortle
|-damage|p1a: Wartortle|78\/274
|
|turn|8
|
|move|p2a: Dragonite|Thunderbolt|p1a: Wartortle
|-supereffective|p1a: Wartortle
|-damage|p1a: Wartortle|0 fnt
|faint|p1a: Wartortle
|
|switch|p1a: Omastar|Omastar, L90|309\/309
|turn|9
|
|move|p2a: Dragonite|Thunderbolt|p1a: Omastar
|-supereffective|p1a: Omastar
|-damage|p1a: Omastar|192\/309
|-status|p1a: Omastar|par
|move|p1a: Omastar|Blizzard|p2a: Dragonite
|-supereffective|p2a: Dragonite
|-damage|p2a: Dragonite|0 fnt
|faint|p2a: Dragonite
|
|switch|p2a: Weezing|Weezing, L90|300\/300
|turn|10
|
|move|p2a: Weezing|Thunderbolt|p1a: Omastar
|-crit|p1a: Omastar
|-supereffective|p1a: Omastar
|-damage|p1a: Omastar|0 fnt
|faint|p1a: Omastar
|
|switch|p1a: Marowak|Marowak, L90|123\/291
|turn|11
|
|move|p2a: Weezing|Explosion|p1a: Marowak
|-crit|p1a: Marowak
|-damage|p1a: Marowak|0 fnt
|faint|p1a: Marowak
|faint|p2a: Weezing
|
|switch|p2a: Eevee|Eevee, L96|300\/300
|switch|p1a: Vileplume|Vileplume, L90|318\/318
|turn|12
|
|move|p2a: Eevee|Body Slam|p1a: Vileplume
|-crit|p1a: Vileplume
|-damage|p1a: Vileplume|154\/318
|-status|p1a: Vileplume|par
|move|p1a: Vileplume|Sleep Powder|p2a: Eevee
|-status|p2a: Eevee|slp
|
|turn|13
|
|cant|p2a: Eevee|slp
|move|p1a: Vileplume|Swords Dance|p1a: Vileplume
|-boost|p1a: Vileplume|atk|2
|
|turn|14
|
|cant|p2a: Eevee|slp
|cant|p1a: Vileplume|par
|
|turn|15
|
|cant|p2a: Eevee|slp
|cant|p1a: Vileplume|par
|
|turn|16
|
|cant|p2a: Eevee|slp
|cant|p1a: Vileplume|par
|
|turn|17
|
|cant|p2a: Eevee|slp
|cant|p1a: Vileplume|par
|
|turn|18
|
|-curestatus|p2a: Eevee|slp
|cant|p1a: Vileplume|par
|
|turn|19
|
|move|p2a: Eevee|Body Slam|p1a: Vileplume
|-damage|p1a: Vileplume|80\/318 par
|cant|p1a: Vileplume|par
|
|turn|20
|
|move|p2a: Eevee|Body Slam|p1a: Vileplume
|-damage|p1a: Vileplume|3\/318 par
|cant|p1a: Vileplume|par
|
|turn|21
|
|move|p2a: Eevee|Body Slam|p1a: Vileplume
|-damage|p1a: Vileplume|0 fnt
|faint|p1a: Vileplume
|
|switch|p1a: Flareon|Flareon, L90|300\/300
|turn|22
|
|move|p1a: Flareon|Fire Blast|p2a: Eevee
|-damage|p2a: Eevee|142\/300
|move|p2a: Eevee|Toxic|p1a: Flareon
|-status|p1a: Flareon|tox
|
|turn|23
|
|move|p1a: Flareon|Hyper Beam|p2a: Eevee|[miss]
|-miss|p1a: Flareon
|-damage|p1a: Flareon|282\/300 tox|[from] tox|[of] p2a: Eevee
|move|p2a: Eevee|Double-Edge|p1a: Flareon
|-damage|p1a: Flareon|165\/300 tox
|-damage|p2a: Eevee|113\/300|[from] recoil|[of] p1a: Flareon
|
|turn|24
|
|move|p1a: Flareon|Fire Blast|p2a: Eevee
|-damage|p2a: Eevee|0 fnt
|faint|p2a: Eevee
|
|switch|p2a: Rapidash|Rapidash, L90|300\/300
|turn|25
|
|move|p2a: Rapidash|Fire Blast|p1a: Flareon|[miss]
|-miss|p2a: Rapidash
|move|p1a: Flareon|Body Slam|p2a: Rapidash
|-damage|p2a: Rapidash|216\/300
|-status|p2a: Rapidash|par
|-damage|p1a: Flareon|129\/300 tox|[from] tox|[of] p2a: Rapidash
|
|turn|26
|
|switch|p2a: Mr. Mime|Mr. Mime, L85|242\/242
|move|p1a: Flareon|Body Slam|p2a: Mr. Mime
|-damage|p2a: Mr. Mime|136\/242
|-damage|p1a: Flareon|75\/300 tox|[from] tox|[of] p2a: Mr. Mime
|
|turn|27
|
|move|p2a: Mr. Mime|Seismic Toss|p1a: Flareon
|-damage|p1a: Flareon|0 fnt
|faint|p1a: Flareon
|
|win|Dockery
|raw|Squadra di golbat's rating: 1241 &rarr; <strong>1203<\/strong><br \/>(-38 for losing)
|raw|Dockery's rating: 1045 &rarr; <strong>1096<\/strong><br \/>(+51 for winning)