|join|helper56
|join|darkadri038
|player|p1|helper56|10
|player|p2|darkadri038|162
|gametype|singles
|gen|1
|tier|[Gen 1] OU (beta)
|rated
|rule|Sleep Clause Mod: Limit one foe put to sleep
|rule|Species Clause: Limit one of each Pokémon
|rule|OHKO Clause: OHKO moves are banned
|rule|Evasion Moves Clause: Evasion moves are banned
|rule|HP Percentage Mod: HP is shown in percentages
|
|start
|switch|p1a: Golem|Golem|363\/363
|switch|p2a: Tauros|Tauros|353\/353
|turn|1
|
|move|p2a: Tauros|Blizzard|p1a: Golem
|-supereffective|p1a: Golem
|-damage|p1a: Golem|144\/363
|move|p1a: Golem|Body Slam|p2a: Tauros
|-damage|p2a: Tauros|276\/353
|
|turn|2
|
|move|p2a: Tauros|Blizzard|p1a: Golem
|-supereffective|p1a: Golem
|-damage|p1a: Golem|0 fnt
|faint|p1a: Golem
|
|switch|p1a: Machamp|Machamp|383\/383
|turn|3
|
|move|p2a: Tauros|Body Slam|p1a: Machamp
|-crit|p1a: Machamp
|-damage|p1a: Machamp|152\/383
|move|p1a: Machamp|Submission|p2a: Tauros
|-supereffective|p2a: Tauros
|-damage|p2a: Tauros|38\/353
|-damage|p1a: Machamp|92\/383|[from] recoil|[of] p2a: Tauros
|
|turn|4
|
|move|p2a: Tauros|Body Slam|p1a: Machamp
|-damage|p1a: Machamp|0 fnt
|faint|p1a: Machamp
|
|switch|p1a: Slowbro|Slowbro|393\/393
|turn|5
|
|move|p2a: Tauros|Body Slam|p1a: Slowbro
|-damage|p1a: Slowbro|301\/393
|move|p1a: Slowbro|Thunder Wave|p2a: Tauros
|-status|p2a: Tauros|par
|
|turn|6
|
|move|p1a: Slowbro|Amnesia|p1a: Slowbro
|-boost|p1a: Slowbro|spd|2
|-boost|p1a: Slowbro|spa|2
|move|p2a: Tauros|Body Slam|p1a: Slowbro
|-damage|p1a: Slowbro|207\/393
|
|turn|7
|
|move|p1a: Slowbro|Amnesia|p1a: Slowbro
|-boost|p1a: Slowbro|spd|2
|-boost|p1a: Slowbro|spa|2
|move|p2a: Tauros|Body Slam|p1a: Slowbro
|-damage|p1a: Slowbro|112\/393
|
|turn|8
|
|move|p1a: Slowbro|Rest|p1a: Slowbro
|-status|p1a: Slowbro|slp
|-heal|p1a: Slowbro|393\/393 slp|[silent]
|-status|p1a: Slowbro|slp|[from] move: Rest
|move|p2a: Tauros|Body Slam|p1a: Slowbro
|-damage|p1a: Slowbro|293\/393 slp
|
|turn|9
|
|cant|p1a: Slowbro|slp
|move|p2a: Tauros|Body Slam|p1a: Slowbro
|-damage|p1a: Slowbro|203\/393 slp
|
|turn|10
|
|cant|p1a: Slowbro|slp
|-curestatus|p1a: Slowbro|slp
|move|p2a: Tauros|Hyper Beam|p1a: Slowbro
|-damage|p1a: Slowbro|50\/393
|
|turn|11
|
|move|p1a: Slowbro|Amnesia|p1a: Slowbro
|-boost|p1a: Slowbro|spd|2
|-boost|p1a: Slowbro|spa|2
|cant|p2a: Tauros|recharge
|
|turn|12
|
|move|p1a: Slowbro|Rest|p1a: Slowbro
|-status|p1a: Slowbro|slp
|-heal|p1a: Slowbro|393\/393 slp|[silent]
|-status|p1a: Slowbro|slp|[from] move: Rest
|move|p2a: Tauros|Body Slam|p1a: Slowbro
|-damage|p1a: Slowbro|301\/393 slp
|
|turn|13
|
|cant|p1a: Slowbro|slp
|move|p2a: Tauros|Body Slam|p1a: Slowbro
|-damage|p1a: Slowbro|204\/393 slp
|
|turn|14
|
|cant|p1a: Slowbro|slp
|-curestatus|p1a: Slowbro|slp
|move|p2a: Tauros|Body Slam|p1a: Slowbro
|-damage|p1a: Slowbro|118\/393
|
|turn|15
|
|move|p1a: Slowbro|Surf|p2a: Tauros
|-damage|p2a: Tauros|0 fnt
|faint|p2a: Tauros
|
|switch|p2a: Jolteon|Jolteon|333\/333
|turn|16
|
|move|p2a: Jolteon|Pin Missile|p1a: Slowbro
|-supereffective|p1a: Slowbro
|-damage|p1a: Slowbro|99\/393
|-damage|p1a: Slowbro|80\/393
|-damage|p1a: Slowbro|61\/393
|-hitcount|p1a: Slowbro|3
|move|p1a: Slowbro|Thunder Wave|p2a: Jolteon
|-status|p2a: Jolteon|par
|
|turn|17
|
|move|p1a: Slowbro|Rest|p1a: Slowbro
|-status|p1a: Slowbro|slp
|-heal|p1a: Slowbro|393\/393 slp|[silent]
|-status|p1a: Slowbro|slp|[from] move: Rest
|move|p2a: Jolteon|Pin Missile|p1a: Slowbro
|-supereffective|p1a: Slowbro
|-damage|p1a: Slowbro|376\/393 slp
|-damage|p1a: Slowbro|359\/393 slp
|-damage|p1a: Slowbro|342\/393 slp
|-hitcount|p1a: Slowbro|3
|
|turn|18
|
|switch|p2a: Dragonite|Dragonite|385\/385
|cant|p1a: Slowbro|slp
|
|turn|19
|
|move|p2a: Dragonite|Agility|p2a: Dragonite
|-boost|p2a: Dragonite|spe|2
|cant|p1a: Slowbro|slp
|-curestatus|p1a: Slowbro|slp
|
|turn|20
|
|move|p2a: Dragonite|Wrap|p1a: Slowbro
|-damage|p1a: Slowbro|327\/393
|-activate|p1a: Slowbro|move: Wrap|[of] p2a: Dragonite
|cant|p1a: Slowbro|partiallytrapped
|
|turn|21
|
|move|p2a: Dragonite|Wrap|p1a: Slowbro
|-damage|p1a: Slowbro|312\/393
|cant|p1a: Slowbro|partiallytrapped
|
|-end|p1a: Slowbro|Wrap|[partiallytrapped]
|turn|22
|
|move|p2a: Dragonite|Wrap|p1a: Slowbro
|-damage|p1a: Slowbro|297\/393
|-activate|p1a: Slowbro|move: Wrap|[of] p2a: Dragonite
|cant|p1a: Slowbro|partiallytrapped
|
|turn|23
|
|move|p2a: Dragonite|Wrap|p1a: Slowbro
|-damage|p1a: Slowbro|282\/393
|cant|p1a: Slowbro|partiallytrapped
|
|-end|p1a: Slowbro|Wrap|[partiallytrapped]
|turn|24
|
|move|p2a: Dragonite|Wrap|p1a: Slowbro
|-damage|p1a: Slowbro|268\/393
|-activate|p1a: Slowbro|move: Wrap|[of] p2a: Dragonite
|cant|p1a: Slowbro|partiallytrapped
|
|turn|25
|
|move|p2a: Dragonite|Wrap|p1a: Slowbro
|-damage|p1a: Slowbro|254\/393
|cant|p1a: Slowbro|partiallytrapped
|
|-end|p1a: Slowbro|Wrap|[partiallytrapped]
|turn|26
|
|move|p2a: Dragonite|Wrap|p1a: Slowbro
|-damage|p1a: Slowbro|241\/393
|-activate|p1a: Slowbro|move: Wrap|[of] p2a: Dragonite
|cant|p1a: Slowbro|partiallytrapped
|
|turn|27
|
|move|p2a: Dragonite|Wrap|p1a: Slowbro
|-damage|p1a: Slowbro|228\/393
|cant|p1a: Slowbro|partiallytrapped
|
|-end|p1a: Slowbro|Wrap|[partiallytrapped]
|turn|28
|
|move|p2a: Dragonite|Wrap|p1a: Slowbro
|-damage|p1a: Slowbro|214\/393
|-activate|p1a: Slowbro|move: Wrap|[of] p2a: Dragonite
|cant|p1a: Slowbro|partiallytrapped
|
|turn|29
|
|move|p2a: Dragonite|Wrap|p1a: Slowbro
|-damage|p1a: Slowbro|200\/393
|cant|p1a: Slowbro|partiallytrapped
|
|-end|p1a: Slowbro|Wrap|[partiallytrapped]
|turn|30
|
|move|p2a: Dragonite|Wrap|p1a: Slowbro
|-damage|p1a: Slowbro|186\/393
|-activate|p1a: Slowbro|move: Wrap|[of] p2a: Dragonite
|cant|p1a: Slowbro|partiallytrapped
|
|turn|31
|
|move|p2a: Dragonite|Wrap|p1a: Slowbro
|-damage|p1a: Slowbro|172\/393
|cant|p1a: Slowbro|partiallytrapped
|
|turn|32
|
|move|p2a: Dragonite|Wrap|p1a: Slowbro
|-damage|p1a: Slowbro|158\/393
|cant|p1a: Slowbro|partiallytrapped
|
|-end|p1a: Slowbro|Wrap|[partiallytrapped]
|turn|33
|
|move|p2a: Dragonite|Wrap|p1a: Slowbro|[miss]
|-miss|p2a: Dragonite
|move|p1a: Slowbro|Thunder Wave|p2a: Dragonite
|-status|p2a: Dragonite|par
|
|turn|34
|
|move|p1a: Slowbro|Surf|p2a: Dragonite
|-resisted|p2a: Dragonite
|-damage|p2a: Dragonite|197\/385 par
|move|p2a: Dragonite|Wrap|p1a: Slowbro
|-damage|p1a: Slowbro|143\/393
|-activate|p1a: Slowbro|move: Wrap|[of] p2a: Dragonite
|
|turn|35
|
|cant|p1a: Slowbro|partiallytrapped
|cant|p2a: Dragonite|par
|
|-end|p1a: Slowbro|Wrap|[partiallytrapped]
|turn|36
|
|move|p1a: Slowbro|Surf|p2a: Dragonite
|-resisted|p2a: Dragonite
|-damage|p2a: Dragonite|0 fnt
|faint|p2a: Dragonite
|
|switch|p2a: Zapdos|Zapdos|383\/383
|turn|37
|
|move|p2a: Zapdos|Substitute|p2a: Zapdos
|-start|p2a: Zapdos|Substitute
|-damage|p2a: Zapdos|288\/383
|move|p1a: Slowbro|Thunder Wave|p2a: Zapdos
|-status|p2a: Zapdos|par
|
|turn|38
|
|move|p1a: Slowbro|Surf|p2a: Zapdos
|-end|p2a: Zapdos|Substitute
|move|p2a: Zapdos|Drill Peck|p1a: Slowbro
|-damage|p1a: Slowbro|62\/393
|
|turn|39
|
|move|p1a: Slowbro|Rest|p1a: Slowbro
|-status|p1a: Slowbro|slp
|-heal|p1a: Slowbro|393\/393 slp|[silent]
|-status|p1a: Slowbro|slp|[from] move: Rest
|move|p2a: Zapdos|Agility|p2a: Zapdos
|-boost|p2a: Zapdos|spe|2
|
|turn|40
|
|move|p2a: Zapdos|Agility|p2a: Zapdos
|-boost|p2a: Zapdos|spe|2
|cant|p1a: Slowbro|slp
|
|turn|41
|
|move|p2a: Zapdos|Drill Peck|p1a: Slowbro
|-damage|p1a: Slowbro|310\/393 slp
|cant|p1a: Slowbro|slp
|-curestatus|p1a: Slowbro|slp
|
|turn|42
|
|cant|p2a: Zapdos|par
|move|p1a: Slowbro|Surf|p2a: Zapdos
|-damage|p2a: Zapdos|0 fnt
|faint|p2a: Zapdos
|
|switch|p2a: Lapras|Lapras|463\/463
|turn|43
|
|move|p2a: Lapras|Confuse Ray|p1a: Slowbro
|-start|p1a: Slowbro|confusion
|-activate|p1a: Slowbro|confusion
|-damage|p1a: Slowbro|287\/393|[from] confusion
|
|turn|44
|
|move|p2a: Lapras|Body Slam|p1a: Slowbro
|-damage|p1a: Slowbro|229\/393
|-activate|p1a: Slowbro|confusion
|-damage|p1a: Slowbro|204\/393|[from] confusion
|
|turn|45
|
|move|p2a: Lapras|Body Slam|p1a: Slowbro
|-damage|p1a: Slowbro|149\/393
|-status|p1a: Slowbro|par
|-end|p1a: Slowbro|confusion
|move|p1a: Slowbro|Thunder Wave|p2a: Lapras
|-status|p2a: Lapras|par
|
|turn|46
|
|cant|p2a: Lapras|par
|move|p1a: Slowbro|Surf|p2a: Lapras
|-resisted|p2a: Lapras
|-damage|p2a: Lapras|272\/463 par
|
|turn|47
|
|move|p2a: Lapras|Confuse Ray|p1a: Slowbro
|-start|p1a: Slowbro|confusion
|-activate|p1a: Slowbro|confusion
|-damage|p1a: Slowbro|125\/393 par|[from] confusion
|
|turn|48
|
|move|p2a: Lapras|Body Slam|p1a: Slowbro
|-damage|p1a: Slowbro|68\/393 par
|-activate|p1a: Slowbro|confusion
|-damage|p1a: Slowbro|41\/393 par|[from] confusion
|
|turn|49
|
|move|p2a: Lapras|Body Slam|p1a: Slowbro
|-damage|p1a: Slowbro|0 fnt
|faint|p1a: Slowbro
|
|switch|p1a: Parasect|Parasect|323\/323
|turn|50
|
|move|p1a: Parasect|Mega Drain|p2a: Lapras
|-supereffective|p2a: Lapras
|-damage|p2a: Lapras|177\/463 par
|move|p2a: Lapras|Ice Beam|p1a: Parasect
|-crit|p1a: Parasect
|-supereffective|p1a: Parasect
|-damage|p1a: Parasect|0 fnt
|faint|p1a: Parasect
|
|switch|p1a: Hypno|Hypno|373\/373
|turn|51
|
|move|p1a: Hypno|Psychic|p2a: Lapras
|-damage|p2a: Lapras|60\/463 par
|move|p2a: Lapras|Confuse Ray|p1a: Hypno
|-start|p1a: Hypno|confusion
|
|turn|52
|
|-activate|p1a: Hypno|confusion
|-damage|p1a: Hypno|337\/373|[from] confusion
|move|p2a: Lapras|Hydro Pump|p1a: Hypno
|-damage|p1a: Hypno|219\/373
|
|turn|53
|
|-end|p1a: Hypno|confusion
|move|p1a: Hypno|Psychic|p2a: Lapras
|-damage|p2a: Lapras|0 fnt
|faint|p2a: Lapras
|
|switch|p2a: Alakazam|Alakazam|313\/313
|turn|54
|
|move|p2a: Alakazam|Thunder Wave|p1a: Hypno
|-status|p1a: Hypno|par
|move|p1a: Hypno|Hypnosis|p2a: Alakazam|[miss]
|-miss|p1a: Hypno
|
|turn|55
|
|switch|p2a: Jolteon|Jolteon|333\/333 par
|move|p1a: Hypno|Hypnosis|p2a: Jolteon
|-fail|p2a: Jolteon
|
|turn|56
|
|move|p2a: Jolteon|Substitute|p2a: Jolteon
|-start|p2a: Jolteon|Substitute
|-damage|p2a: Jolteon|250\/333 par
|move|p1a: Hypno|Counter|p2a: Jolteon
|-fail|p2a: Jolteon
|
|turn|57
|
|switch|p1a: Flareon|Flareon|333\/333
|move|p2a: Jolteon|Agility|p2a: Jolteon
|-boost|p2a: Jolteon|spe|2
|
|turn|58
|
|move|p2a: Jolteon|Thunderbolt|p1a: Flareon
|-damage|p1a: Flareon|221\/333
|-status|p1a: Flareon|par
|move|p1a: Flareon|Focus Energy|p1a: Flareon
|-start|p1a: Flareon|move: Focus Energy
|
|turn|59
|
|move|p2a: Jolteon|Thunderbolt|p1a: Flareon
|-damage|p1a: Flareon|110\/333 par
|move|p1a: Flareon|Body Slam|p2a: Jolteon
|-end|p2a: Jolteon|Substitute
|
|turn|60
|join|Nanako chan
|
|cant|p2a: Jolteon|par
|cant|p1a: Flareon|par
|
|turn|61
|
|move|p2a: Jolteon|Thunderbolt|p1a: Flareon
|-damage|p1a: Flareon|0 fnt
|faint|p1a: Flareon
|
|switch|p1a: Hypno|Hypno|219\/373 par
|turn|62
|
|cant|p2a: Jolteon|par
|cant|p1a: Hypno|par
|
|turn|63
|
|cant|p2a: Jolteon|par
|move|p1a: Hypno|Psychic|p2a: Jolteon
|-damage|p2a: Jolteon|148\/333 par
|
|turn|64
|
|cant|p2a: Jolteon|par
|move|p1a: Hypno|Psychic|p2a: Jolteon
|-damage|p2a: Jolteon|46\/333 par
|
|turn|65
|
|cant|p2a: Jolteon|par
|move|p1a: Hypno|Psychic|p2a: Jolteon
|-damage|p2a: Jolteon|0 fnt
|faint|p2a: Jolteon
|
|switch|p2a: Alakazam|Alakazam|313\/313
|turn|66
|
|move|p2a: Alakazam|Psychic|p1a: Hypno
|-resisted|p1a: Hypno
|-damage|p1a: Hypno|164\/373 par
|cant|p1a: Hypno|par
|
|turn|67
|
|move|p2a: Alakazam|Psychic|p1a: Hypno
|-resisted|p1a: Hypno
|-damage|p1a: Hypno|107\/373 par
|-unboost|p1a: Hypno|spd|1
|-unboost|p1a: Hypno|spa|1
|move|p1a: Hypno|Hypnosis|p2a: Alakazam
|-status|p2a: Alakazam|slp
|
|turn|68
|
|cant|p2a: Alakazam|slp
|move|p1a: Hypno|Psychic|p2a: Alakazam
|-resisted|p2a: Alakazam
|-damage|p2a: Alakazam|282\/313 slp
|
|turn|69
|
|cant|p2a: Alakazam|slp
|cant|p1a: Hypno|par
|
|turn|70
|
|cant|p2a: Alakazam|slp
|-curestatus|p2a: Alakazam|slp
|move|p1a: Hypno|Psychic|p2a: Alakazam
|-resisted|p2a: Alakazam
|-damage|p2a: Alakazam|251\/313
|
|turn|71
|
|move|p2a: Alakazam|Psychic|p1a: Hypno
|-crit|p1a: Hypno
|-resisted|p1a: Hypno
|-damage|p1a: Hypno|0 fnt
|faint|p1a: Hypno
|
|win|darkadri038
|raw|Ladder updating...
|raw|helper56's rating: 1081 &rarr; <strong>1062<\/strong><br \/>(-19 for losing)
|raw|darkadri038's rating: 1129 &rarr; <strong>1151<\/strong><br \/>(+22 for winning)
|c|★darkadri038|gg
|leave|helper56
|player|p1