|j|Peasounay
|j|trueWario
|player|p1|Peasounay|80
|player|p2|trueWario|168
|gametype|singles
|gen|1
|tier|[Gen 1] OU
|rated
|seed|58601,18991,63788,11600
|rule|Sleep Clause Mod: Limit one foe put to sleep
|rule|Freeze Clause Mod: Limit one foe frozen
|rule|Species Clause: Limit one of each Pokémon
|rule|OHKO Clause: OHKO moves are banned
|rule|Evasion Moves Clause: Evasion moves are banned
|rule|HP Percentage Mod: HP is shown in percentages
|
|start
|switch|p1a: Alakazam|Alakazam|313\/313
|switch|p2a: Jynx|Jynx|333\/333
|turn|1
|j|Kirkman
|c| Kirkman|vish
|c| Kirkman|haha
|choice|move 1|move 3
|
|move|p1a: Alakazam|Thunder Wave|p2a: Jynx
|-status|p2a: Jynx|par
|move|p2a: Jynx|Lovely Kiss|p1a: Alakazam
|-status|p1a: Alakazam|slp
|
|turn|2
|choice|switch 5|move 4
|
|switch|p1a: Chansey|Chansey|703\/703
|cant|p2a: Jynx|par
|
|turn|3
|choice|move 2|move 4
|
|move|p1a: Chansey|Seismic Toss|p2a: Jynx
|-damage|p2a: Jynx|233\/333 par
|move|p2a: Jynx|Blizzard|p1a: Chansey|[miss]
|-miss|p2a: Jynx
|
|turn|4
|c| Kirkman|nossa eu nao sei essa por nada
|choice|move 2|switch 2
|
|switch|p2a: Snorlax|Snorlax|523\/523
|move|p1a: Chansey|Seismic Toss|p2a: Snorlax
|-damage|p2a: Snorlax|423\/523
|
|turn|5
|c| Kirkman|joga*
|choice|move 4|move 2
|
|move|p1a: Chansey|Reflect|p1a: Chansey
|-start|p1a: Chansey|Reflect
|move|p2a: Snorlax|Earthquake|p1a: Chansey
|-damage|p1a: Chansey|586\/703
|
|turn|6
|c|★trueWario|é a mais fácil
|c|★trueWario|mas é cheia de bugs
|choice|move 3|move 1
|
|move|p1a: Chansey|Thunder Wave|p2a: Snorlax
|-status|p2a: Snorlax|par
|move|p2a: Snorlax|Body Slam|p1a: Chansey
|-damage|p1a: Chansey|432\/703
|
|turn|7
|choice|move 2|move 1
|
|move|p1a: Chansey|Seismic Toss|p2a: Snorlax
|-damage|p2a: Snorlax|323\/523 par
|move|p2a: Snorlax|Body Slam|p1a: Chansey
|-damage|p1a: Chansey|280\/703
|
|turn|8
|choice|move 1|move 1
|
|move|p1a: Chansey|Soft-Boiled|p1a: Chansey
|-heal|p1a: Chansey|631\/703
|move|p2a: Snorlax|Body Slam|p1a: Chansey
|-damage|p1a: Chansey|474\/703
|
|turn|9
|choice|move 2|switch 6
|
|switch|p2a: Slowbro|Slowbro|393\/393
|move|p1a: Chansey|Seismic Toss|p2a: Slowbro
|-damage|p2a: Slowbro|293\/393
|
|turn|10
|choice|move 3|move 2
|
|move|p1a: Chansey|Thunder Wave|p2a: Slowbro
|-status|p2a: Slowbro|par
|move|p2a: Slowbro|Amnesia|p2a: Slowbro
|-boost|p2a: Slowbro|spd|2
|-boost|p2a: Slowbro|spa|2
|
|turn|11
|choice|move 2|move 3
|
|move|p1a: Chansey|Seismic Toss|p2a: Slowbro
|-damage|p2a: Slowbro|193\/393 par
|move|p2a: Slowbro|Thunder Wave|p1a: Chansey
|-status|p1a: Chansey|par
|
|turn|12
|choice|move 2|move 1
|
|move|p1a: Chansey|Seismic Toss|p2a: Slowbro
|-damage|p2a: Slowbro|93\/393 par
|cant|p2a: Slowbro|par
|
|turn|13
|c| Kirkman|amnesia é do caralho
|c| Kirkman|kk
|c|★trueWario|aham
|choice|move 2|switch 4
|
|switch|p2a: Golem|Golem|363\/363
|move|p1a: Chansey|Seismic Toss|p2a: Golem
|-damage|p2a: Golem|263\/363
|
|turn|14
|choice|move 2|move 1
|
|move|p2a: Golem|Earthquake|p1a: Chansey
|-damage|p1a: Chansey|309\/703 par
|move|p1a: Chansey|Seismic Toss|p2a: Golem
|-damage|p2a: Golem|163\/363
|
|turn|15
|choice|move 1|move 1
|
|move|p2a: Golem|Earthquake|p1a: Chansey
|-damage|p1a: Chansey|151\/703 par
|move|p1a: Chansey|Soft-Boiled|p1a: Chansey
|-heal|p1a: Chansey|502\/703 par
|
|turn|16
|choice|move 1|move 1
|
|move|p2a: Golem|Earthquake|p1a: Chansey
|-damage|p1a: Chansey|336\/703 par
|move|p1a: Chansey|Soft-Boiled|p1a: Chansey
|-heal|p1a: Chansey|687\/703 par
|
|turn|17
|c| Kirkman|chansey com reflect va pa bosta
|choice|move 2|move 1
|
|move|p2a: Golem|Earthquake|p1a: Chansey
|-damage|p1a: Chansey|501\/703 par
|move|p1a: Chansey|Seismic Toss|p2a: Golem
|-damage|p2a: Golem|63\/363
|
|turn|18
|c| Kirkman|shashuauhsa
|choice|move 1|move 1
|
|move|p2a: Golem|Earthquake|p1a: Chansey
|-damage|p1a: Chansey|319\/703 par
|move|p1a: Chansey|Soft-Boiled|p1a: Chansey
|-heal|p1a: Chansey|670\/703 par
|
|turn|19
|c|★trueWario|né
|choice|move 2|move 3
|
|move|p2a: Golem|Explosion|p1a: Chansey
|-damage|p1a: Chansey|270\/703 par
|faint|p2a: Golem
|choice||switch 3
|
|switch|p2a: Tauros|Tauros|353\/353
|turn|20
|choice|move 1|move 4
|
|move|p2a: Tauros|Hyper Beam|p1a: Chansey
|-damage|p1a: Chansey|46\/703 par
|move|p1a: Chansey|Soft-Boiled|p1a: Chansey
|-heal|p1a: Chansey|397\/703 par
|
|turn|21
|-mustrecharge|p2a: Tauros
|-mustrecharge|p2a: Tauros
|choice|move 3|move 1
|
|cant|p2a: Tauros|recharge
|move|p1a: Chansey|Thunder Wave|p2a: Tauros
|-status|p2a: Tauros|par
|
|turn|22
|c|★trueWario|já era
|c| Kirkman|o refletc é permanente?
|c|★trueWario|Esse set é filho da puta
|c|★trueWario|ainda não fica paralizada
|c|★trueWario|sim
|choice|move 1|move 1
|
|cant|p2a: Tauros|par
|move|p1a: Chansey|Soft-Boiled|p1a: Chansey
|-heal|p1a: Chansey|703\/703 par
|
|turn|23
|c| Kirkman|ta loko
|c|★trueWario|Esse cara só ta em primeiro pq é haxor pra caralho
|c| Kirkman|kk
|c|★trueWario|tipo dá tudo certo pra ele
|c|★trueWario|Eu fico paralizado toda era
|c| Kirkman|reflect permanente é osso
|c|★trueWario|vc viu a chansey ficar alguma?
|c| Kirkman|nada
|c| Kirkman|:\/
|choice|move 2|move 1
|
|cant|p2a: Tauros|par
|move|p1a: Chansey|Seismic Toss|p2a: Tauros
|-damage|p2a: Tauros|253\/353 par
|
|turn|24
|c|★trueWario|2!
|choice|move 2|move 1
|
|move|p2a: Tauros|Body Slam|p1a: Chansey
|-damage|p1a: Chansey|556\/703 par
|move|p1a: Chansey|Seismic Toss|p2a: Tauros
|-damage|p2a: Tauros|153\/353 par
|
|turn|25
|choice|move 2|switch 5
|
|switch|p2a: Chansey|Chansey|703\/703
|move|p1a: Chansey|Seismic Toss|p2a: Chansey
|-damage|p2a: Chansey|603\/703
|
|turn|26
|choice|move 2|move 1
|
|move|p2a: Chansey|Ice Beam|p1a: Chansey
|-damage|p1a: Chansey|487\/703 par
|move|p1a: Chansey|Seismic Toss|p2a: Chansey
|-damage|p2a: Chansey|503\/703
|
|turn|27
|c|★trueWario|Eu ganho dele direto
|c|★trueWario|quando ele não haxeia
|c| Kirkman|vai ter que acabar com os pp
|c|★trueWario|mas assim fica foda
|c| Kirkman|dessa chansey
|choice|move 2|move 2
|
|move|p2a: Chansey|Thunderbolt|p1a: Chansey
|-damage|p1a: Chansey|417\/703 par
|move|p1a: Chansey|Seismic Toss|p2a: Chansey
|-damage|p2a: Chansey|403\/703
|
|turn|28
|choice|move 1|move 2
|
|move|p2a: Chansey|Thunderbolt|p1a: Chansey
|-damage|p1a: Chansey|348\/703 par
|cant|p1a: Chansey|par
|
|turn|29
|choice|move 1|move 2
|
|move|p2a: Chansey|Thunderbolt|p1a: Chansey
|-crit|p1a: Chansey
|-damage|p1a: Chansey|200\/703 par
|move|p1a: Chansey|Soft-Boiled|p1a: Chansey
|-heal|p1a: Chansey|551\/703 par
|
|turn|30
|c|★trueWario|Primeira vez q fica paralizada
|c|★trueWario|haha
|c|★trueWario|Esse cara é comédia
|choice|move 2|move 2
|
|move|p2a: Chansey|Thunderbolt|p1a: Chansey
|-damage|p1a: Chansey|471\/703 par
|move|p1a: Chansey|Seismic Toss|p2a: Chansey
|-damage|p2a: Chansey|303\/703
|
|turn|31
|c| Kirkman|haha
|choice|move 2|move 4
|
|move|p2a: Chansey|Soft-Boiled|p2a: Chansey
|-heal|p2a: Chansey|654\/703
|move|p1a: Chansey|Seismic Toss|p2a: Chansey
|-damage|p2a: Chansey|554\/703
|
|turn|32
|c| Kirkman|esse cara é eu nas antigas
|c| Kirkman|puro hax
|c|★trueWario|Muito pior
|c|★trueWario|c não ta ligado
|c|★trueWario|acho q ele usa mod ou alguma coisa
|choice|move 2|move 2
|
|move|p2a: Chansey|Thunderbolt|p1a: Chansey
|-damage|p1a: Chansey|392\/703 par
|move|p1a: Chansey|Seismic Toss|p2a: Chansey
|-damage|p2a: Chansey|454\/703
|
|turn|33
|choice|move 1|move 2
|
|move|p2a: Chansey|Thunderbolt|p1a: Chansey
|-damage|p1a: Chansey|319\/703 par
|move|p1a: Chansey|Soft-Boiled|p1a: Chansey
|-heal|p1a: Chansey|670\/703 par
|
|turn|34
|c| Kirkman|isso que é foda
|choice|move 2|move 4
|
|move|p2a: Chansey|Soft-Boiled|p2a: Chansey
|-heal|p2a: Chansey|703\/703
|move|p1a: Chansey|Seismic Toss|p2a: Chansey
|-damage|p2a: Chansey|603\/703
|
|turn|35
|choice|move 2|move 2
|
|move|p2a: Chansey|Thunderbolt|p1a: Chansey
|-damage|p1a: Chansey|592\/703 par
|move|p1a: Chansey|Seismic Toss|p2a: Chansey
|-damage|p2a: Chansey|503\/703
|
|turn|36
|choice|move 2|move 2
|
|move|p2a: Chansey|Thunderbolt|p1a: Chansey
|-damage|p1a: Chansey|516\/703 par
|cant|p1a: Chansey|par
|
|turn|37
|c| Kirkman|ainda tem 14 seismic
|c|★trueWario|Mas já fodeu meu time todo
|c|★trueWario|já perdi
|c|★trueWario|só to enrolando
|choice|move 2|move 1
|
|move|p2a: Chansey|Ice Beam|p1a: Chansey
|-damage|p1a: Chansey|440\/703 par
|move|p1a: Chansey|Seismic Toss|p2a: Chansey
|-damage|p2a: Chansey|403\/703
|
|turn|38
|c|★trueWario|ele ainda tem Tauros
|c|★trueWario|Tauros é God aqui
|choice|move 2|move 2
|
|move|p2a: Chansey|Thunderbolt|p1a: Chansey
|-damage|p1a: Chansey|361\/703 par
|move|p1a: Chansey|Seismic Toss|p2a: Chansey
|-damage|p2a: Chansey|303\/703
|
|turn|39
|c| Kirkman|xD
|choice|move 1|move 4
|
|move|p2a: Chansey|Soft-Boiled|p2a: Chansey
|-heal|p2a: Chansey|654\/703
|cant|p1a: Chansey|par
|
|turn|40
|choice|move 1|move 2
|
|move|p2a: Chansey|Thunderbolt|p1a: Chansey
|-damage|p1a: Chansey|283\/703 par
|cant|p1a: Chansey|par
|
|turn|41
|choice|move 1|move 2
|
|move|p2a: Chansey|Thunderbolt|p1a: Chansey
|-damage|p1a: Chansey|209\/703 par
|move|p1a: Chansey|Soft-Boiled|p1a: Chansey
|-heal|p1a: Chansey|560\/703 par
|
|turn|42
|choice|move 2|move 2
|
|move|p2a: Chansey|Thunderbolt|p1a: Chansey
|-crit|p1a: Chansey
|-damage|p1a: Chansey|404\/703 par
|move|p1a: Chansey|Seismic Toss|p2a: Chansey
|-damage|p2a: Chansey|554\/703
|
|turn|43
|choice|move 1|move 2
|
|move|p2a: Chansey|Thunderbolt|p1a: Chansey
|-damage|p1a: Chansey|326\/703 par
|cant|p1a: Chansey|par
|
|turn|44
|choice|move 1|move 2
|
|move|p2a: Chansey|Thunderbolt|p1a: Chansey
|-damage|p1a: Chansey|251\/703 par
|move|p1a: Chansey|Soft-Boiled|p1a: Chansey
|-heal|p1a: Chansey|602\/703 par
|
|turn|45
|c| Kirkman|o tauros dele deve ser horn drill GoD 100%
|c|★trueWario|é mais ou menos assim
|choice|move 4|move 2
|
|move|p2a: Chansey|Thunderbolt|p1a: Chansey
|-damage|p1a: Chansey|533\/703 par
|move|p1a: Chansey|Reflect|p1a: Chansey
|-fail|p1a: Chansey
|
|turn|46
|c|★trueWario|tipo body slam sempre critical
|c|★trueWario|vc vai ver
|choice|move 2|move 2
|
|move|p2a: Chansey|Thunderbolt|p1a: Chansey
|-damage|p1a: Chansey|463\/703 par
|cant|p1a: Chansey|par
|
|turn|47
|choice|move 4|move 2
|
|move|p2a: Chansey|Thunderbolt|p1a: Chansey
|-damage|p1a: Chansey|387\/703 par
|move|p1a: Chansey|Reflect|p1a: Chansey
|-fail|p1a: Chansey
|
|turn|48
|choice|move 1|move 2
|
|move|p2a: Chansey|Thunderbolt|p1a: Chansey
|-damage|p1a: Chansey|311\/703 par
|move|p1a: Chansey|Soft-Boiled|p1a: Chansey
|-heal|p1a: Chansey|662\/703 par
|
|turn|49
|choice|move 4|move 2
|
|move|p2a: Chansey|Thunderbolt|p1a: Chansey
|-damage|p1a: Chansey|588\/703 par
|move|p1a: Chansey|Reflect|p1a: Chansey
|-fail|p1a: Chansey
|
|turn|50
|c|★trueWario|Olha que jogo de puta
|c|★trueWario|o cara é um motherfuck mesmo
|choice|move 4|switch 2
|
|switch|p2a: Jynx|Jynx|233\/333 par
|move|p1a: Chansey|Reflect|p1a: Chansey
|-fail|p1a: Chansey
|
|turn|51
|c| Kirkman|mó ramelão
|choice|move 2|switch 2
|
|switch|p2a: Chansey|Chansey|554\/703
|move|p1a: Chansey|Seismic Toss|p2a: Chansey
|-damage|p2a: Chansey|454\/703
|
|turn|52
|choice|move 4|move 2
|
|move|p2a: Chansey|Thunderbolt|p1a: Chansey
|-crit|p1a: Chansey
|-damage|p1a: Chansey|444\/703 par
|move|p1a: Chansey|Reflect|p1a: Chansey
|-fail|p1a: Chansey
|
|turn|53
|choice|move 4|switch 4
|
|switch|p2a: Slowbro|Slowbro|93\/393 par
|move|p1a: Chansey|Reflect|p1a: Chansey
|-fail|p1a: Chansey
|
|turn|54
|choice|move 2|switch 4
|
|switch|p2a: Chansey|Chansey|454\/703
|cant|p1a: Chansey|par
|
|turn|55
|choice|move 2|switch 4
|
|switch|p2a: Slowbro|Slowbro|93\/393 par
|move|p1a: Chansey|Seismic Toss|p2a: Slowbro
|-damage|p2a: Slowbro|0 fnt
|faint|p2a: Slowbro
|choice||switch 4
|
|switch|p2a: Chansey|Chansey|454\/703
|turn|56
|choice|move 4|move 2
|
|move|p2a: Chansey|Thunderbolt|p1a: Chansey
|-damage|p1a: Chansey|367\/703 par
|move|p1a: Chansey|Reflect|p1a: Chansey
|-fail|p1a: Chansey
|
|turn|57
|choice|move 1|move 2
|
|move|p2a: Chansey|Thunderbolt|p1a: Chansey
|-damage|p1a: Chansey|294\/703 par
|move|p1a: Chansey|Soft-Boiled|p1a: Chansey
|-heal|p1a: Chansey|645\/703 par
|
|turn|58
|c|★trueWario|Não deu um critical pra mim
|c| Kirkman|o que que é uber nessa gen? so mew e mewtwo?
|c|★trueWario|o que quebra reflect é critical
|c|★trueWario|sim xD
|choice|move 4|move 2
|
|move|p2a: Chansey|Thunderbolt|p1a: Chansey
|-damage|p1a: Chansey|570\/703 par
|cant|p1a: Chansey|par
|
|turn|59
|c| Kirkman|blz
|choice|move 4|switch 6
|
|switch|p2a: Snorlax|Snorlax|323\/523 par
|move|p1a: Chansey|Reflect|p1a: Chansey
|-fail|p1a: Chansey
|
|turn|60
|choice|move 2|move 1
|
|cant|p1a: Chansey|par
|move|p2a: Snorlax|Body Slam|p1a: Chansey
|-crit|p1a: Chansey
|-damage|p1a: Chansey|39\/703 par
|
|turn|61
|c| Kirkman|ui
|c|★trueWario|agora que já fodeu com meu time
|choice|move 1|move 1
|
|move|p1a: Chansey|Soft-Boiled|p1a: Chansey
|-heal|p1a: Chansey|390\/703 par
|move|p2a: Snorlax|Body Slam|p1a: Chansey
|-damage|p1a: Chansey|252\/703 par
|
|turn|62
|c|★trueWario|jogo de puta do caralho
|c|★trueWario|E ele é tão mama rola q fala q joga por fun
|c| Kirkman|haha
|c|★trueWario|o cara só joga pra ficar em primeiro no ladder
|c|★trueWario|Peasounay mama rola
|c|★trueWario|hahahahah
|choice|move 1|switch 6
|
|switch|p2a: Chansey|Chansey|454\/703
|move|p1a: Chansey|Soft-Boiled|p1a: Chansey
|-heal|p1a: Chansey|603\/703 par
|
|turn|63
|c| Kirkman|kkkk
|c|★Peasounay|i don't care about the ladder sorry
|choice|move 3|move 4
|
|move|p2a: Chansey|Soft-Boiled|p2a: Chansey
|-heal|p2a: Chansey|703\/703
|move|p1a: Chansey|Thunder Wave|p2a: Chansey
|-status|p2a: Chansey|par
|
|turn|64
|c|★trueWario|Imagina se ligasse
|c|★trueWario|Mó hipócrita
|choice|move 3|move 2
|
|move|p1a: Chansey|Thunder Wave|p2a: Chansey
|-fail|p2a: Chansey|par
|cant|p2a: Chansey|par
|
|turn|65
|c|★trueWario|Ah foda-se o ladder
|c|★trueWario|tchau cuzaruim!
|-message|trueWario forfeited.
|l|trueWario
|
|win|Peasounay
|player|p2
|player|p1
|raw|Peasounay's rating: 1586 &rarr; <strong>1601<\/strong><br \/>(+15 for winning)
|raw|trueWario's rating: 1494 &rarr; <strong>1479<\/strong><br \/>(-15 for losing)
|l|Kirkman