|join|Dervodel
|join|Gantz6
|player|p1|Dervodel|169
|player|p2|Gantz6|163
|gametype|singles
|gen|1
|tier|[Gen 1] Random Battle
|rated
|rule|Sleep Clause Mod: Limit one foe put to sleep
|rule|Freeze Clause Mod: Limit one foe frozen
|rule|HP Percentage Mod: HP is shown in percentages
|
|start
|switch|p1a: Starmie|Starmie, L79|257\/257
|switch|p2a: Arbok|Arbok, L90|291\/291
|turn|1
|
|switch|p1a: Tangela|Tangela, L85|284\/284
|move|p2a: Arbok|Glare|p1a: Tangela
|-status|p1a: Tangela|par
|
|turn|2
|
|move|p2a: Arbok|Rock Slide|p1a: Tangela
|-damage|p1a: Tangela|239\/284 par
|cant|p1a: Tangela|par
|
|turn|3
|
|move|p2a: Arbok|Body Slam|p1a: Tangela
|-damage|p1a: Tangela|187\/284 par
|move|p1a: Tangela|Swords Dance|p1a: Tangela
|-boost|p1a: Tangela|atk|2
|
|turn|4
|
|move|p2a: Arbok|Body Slam|p1a: Tangela
|-crit|p1a: Tangela
|-damage|p1a: Tangela|82\/284 par
|move|p1a: Tangela|Swords Dance|p1a: Tangela
|-boost|p1a: Tangela|atk|2
|
|turn|5
|
|move|p2a: Arbok|Body Slam|p1a: Tangela
|-damage|p1a: Tangela|26\/284 par
|move|p1a: Tangela|Hyper Beam|p2a: Arbok
|-crit|p2a: Arbok
|-damage|p2a: Arbok|136\/291
|
|turn|6
|-mustrecharge|p1a: Tangela
|-mustrecharge|p1a: Tangela
|
|move|p2a: Arbok|Body Slam|p1a: Tangela
|-damage|p1a: Tangela|0 fnt
|faint|p1a: Tangela
|
|switch|p1a: Ekans|Ekans, L96|262\/262
|turn|7
|
|move|p2a: Arbok|Glare|p1a: Ekans|[miss]
|-miss|p2a: Arbok
|move|p1a: Ekans|Earthquake|p2a: Arbok
|-supereffective|p2a: Arbok
|-damage|p2a: Arbok|0 fnt
|faint|p2a: Arbok
|
|switch|p2a: Magikarp|Magikarp, L99|240\/240
|turn|8
|
|move|p2a: Magikarp|Dragon Rage|p1a: Ekans
|-damage|p1a: Ekans|222\/262
|move|p1a: Ekans|Glare|p2a: Magikarp
|-status|p2a: Magikarp|par
|
|turn|9
|
|move|p1a: Ekans|Body Slam|p2a: Magikarp
|-damage|p2a: Magikarp|177\/240 par
|move|p2a: Magikarp|Dragon Rage|p1a: Ekans
|-damage|p1a: Ekans|182\/262
|
|turn|10
|
|move|p1a: Ekans|Earthquake|p2a: Magikarp
|-damage|p2a: Magikarp|99\/240 par
|move|p2a: Magikarp|Dragon Rage|p1a: Ekans
|-damage|p1a: Ekans|142\/262
|
|turn|11
|
|switch|p1a: Starmie|Starmie, L79|257\/257
|move|p2a: Magikarp|Dragon Rage|p1a: Starmie
|-damage|p1a: Starmie|217\/257
|
|turn|12
|
|move|p1a: Starmie|Thunderbolt|p2a: Magikarp
|-crit|p2a: Magikarp
|-supereffective|p2a: Magikarp
|-damage|p2a: Magikarp|0 fnt
|faint|p2a: Magikarp
|
|switch|p2a: Electrode|Electrode, L90|291\/291
|turn|13
|
|switch|p1a: Electrode|Electrode, L90|291\/291
|move|p2a: Electrode|Thunderbolt|p1a: Electrode
|-resisted|p1a: Electrode
|-damage|p1a: Electrode|242\/291
|
|turn|14
|
|switch|p2a: Graveler|Graveler, L85|267\/267
|move|p1a: Electrode|Thunderbolt|p2a: Graveler
|-immune|p2a: Graveler|[msg]
|
|turn|15
|
|switch|p1a: Clefable|Clefable, L85|335\/335
|move|p2a: Graveler|Earthquake|p1a: Clefable
|-damage|p1a: Clefable|224\/335
|
|turn|16
|
|move|p2a: Graveler|Earthquake|p1a: Clefable
|-damage|p1a: Clefable|115\/335
|move|p1a: Clefable|Counter|p2a: Graveler
|-fail|p1a: Clefable
|
|turn|17
|
|move|p1a: Clefable|Sing|p2a: Graveler|[miss]
|-miss|p1a: Clefable
|move|p2a: Graveler|Earthquake|p1a: Clefable
|-crit|p1a: Clefable
|-damage|p1a: Clefable|0 fnt
|faint|p1a: Clefable
|
|switch|p1a: Starmie|Starmie, L79|217\/257
|turn|18
|
|switch|p2a: Machamp|Machamp, L90|345\/345
|move|p1a: Starmie|Blizzard|p2a: Machamp|[miss]
|-miss|p1a: Starmie
|
|turn|19
|
|move|p1a: Starmie|Thunder Wave|p2a: Machamp
|-status|p2a: Machamp|par
|move|p2a: Machamp|Earthquake|p1a: Starmie
|-crit|p1a: Starmie
|-damage|p1a: Starmie|4\/257
|
|turn|20
|
|move|p1a: Starmie|Recover|p1a: Starmie
|-heal|p1a: Starmie|132\/257
|cant|p2a: Machamp|par
|
|turn|21
|
|switch|p1a: Kabutops|Kabutops, L85|276\/276
|move|p2a: Machamp|Earthquake|p1a: Kabutops
|-crit|p1a: Kabutops
|-supereffective|p1a: Kabutops
|-damage|p1a: Kabutops|0 fnt
|faint|p1a: Kabutops
|
|switch|p1a: Starmie|Starmie, L79|132\/257
|turn|22
|
|move|p1a: Starmie|Thunderbolt|p2a: Machamp
|-damage|p2a: Machamp|280\/345 par
|move|p2a: Machamp|Earthquake|p1a: Starmie
|-crit|p1a: Starmie
|-damage|p1a: Starmie|0 fnt
|faint|p1a: Starmie
|
|switch|p1a: Electrode|Electrode, L90|242\/291
|turn|23
|
|switch|p1a: Ekans|Ekans, L96|142\/262
|cant|p2a: Machamp|par
|
|turn|24
|
|move|p1a: Ekans|Earthquake|p2a: Machamp
|-crit|p2a: Machamp
|-damage|p2a: Machamp|140\/345 par
|move|p2a: Machamp|Earthquake|p1a: Ekans
|-supereffective|p1a: Ekans
|-damage|p1a: Ekans|0 fnt
|faint|p1a: Ekans
|
|switch|p1a: Electrode|Electrode, L90|242\/291
|turn|25
|
|move|p1a: Electrode|Thunderbolt|p2a: Machamp
|-damage|p2a: Machamp|22\/345 par
|move|p2a: Machamp|Earthquake|p1a: Electrode
|-supereffective|p1a: Electrode
|-damage|p1a: Electrode|34\/291
|
|turn|26
|
|move|p1a: Electrode|Thunderbolt|p2a: Machamp
|-damage|p2a: Machamp|0 fnt
|faint|p2a: Machamp
|
|switch|p2a: Rhydon|Rhydon, L79|328\/328
|turn|27
|
|move|p1a: Electrode|Explosion|p2a: Rhydon|[miss]
|-miss|p1a: Electrode
|faint|p1a: Electrode
|
|win|Gantz6
|raw|Dervodel's rating: 1301 &rarr; <strong>1267<\/strong><br \/>(-34 for losing)
|raw|Gantz6's rating: 1000 &rarr; <strong>1068<\/strong><br \/>(+68 for winning)
|leave|Gantz6
|player|p2