|join|rubsomebacononit
|join|CrapAtRBY
|player|p1|rubsomebacononit|163
|player|p2|CrapAtRBY|170
|gametype|singles
|gen|1
|tier|[Gen 1] Random Battle
|rule|Sleep Clause Mod: Limit one foe put to sleep
|rule|Freeze Clause Mod: Limit one foe frozen
|rule|HP Percentage Mod: HP is shown in percentages
|
|start
|switch|p1a: Caterpie|Caterpie, L99|290\/290
|switch|p2a: Kabutops|Kabutops, L85|276\/276
|turn|1
|c|★rubsomebacononit|Good Luck
|c|★rubsomebacononit|OK fuck me.
|
|switch|p1a: Electrode|Electrode, L90|291\/291
|move|p2a: Kabutops|Swords Dance|p2a: Kabutops
|-boost|p2a: Kabutops|atk|2
|
|turn|2
|
|move|p1a: Electrode|Thunder Wave|p2a: Kabutops
|-status|p2a: Kabutops|par
|cant|p2a: Kabutops|par
|
|turn|3
|
|move|p1a: Electrode|Thunder|p2a: Kabutops|[miss]
|-miss|p1a: Electrode
|move|p2a: Kabutops|Hyper Beam|p1a: Electrode
|-damage|p1a: Electrode|17\/291
|
|turn|4
|-mustrecharge|p2a: Kabutops
|-mustrecharge|p2a: Kabutops
|
|move|p1a: Electrode|Thunder|p2a: Kabutops|[miss]
|-miss|p1a: Electrode
|cant|p2a: Kabutops|recharge
|
|turn|5
|
|move|p1a: Electrode|Thunder|p2a: Kabutops
|-supereffective|p2a: Kabutops
|-damage|p2a: Kabutops|6\/276 par
|cant|p2a: Kabutops|par
|
|turn|6
|
|move|p1a: Electrode|Thunder|p2a: Kabutops
|-supereffective|p2a: Kabutops
|-damage|p2a: Kabutops|0 fnt
|faint|p2a: Kabutops
|c|★rubsomebacononit|wow god damn
|
|switch|p2a: Ponyta|Ponyta, L96|291\/291
|turn|7
|c|★rubsomebacononit|lucky me
|
|move|p1a: Electrode|Thunder Wave|p2a: Ponyta
|-status|p2a: Ponyta|par
|move|p2a: Ponyta|Body Slam|p1a: Electrode
|-damage|p1a: Electrode|0 fnt
|faint|p1a: Electrode
|
|switch|p1a: Magneton|Magneton, L90|273\/273
|turn|8
|
|move|p1a: Magneton|Thunderbolt|p2a: Ponyta
|-damage|p2a: Ponyta|141\/291 par
|move|p2a: Ponyta|Body Slam|p1a: Magneton
|-damage|p1a: Magneton|204\/273
|
|turn|9
|
|move|p1a: Magneton|Thunderbolt|p2a: Ponyta
|-damage|p2a: Ponyta|0 fnt
|faint|p2a: Ponyta
|
|switch|p2a: Wigglytuff|Wigglytuff, L90|435\/435
|turn|10
|
|move|p1a: Magneton|Thunder Wave|p2a: Wigglytuff
|-status|p2a: Wigglytuff|par
|cant|p2a: Wigglytuff|par
|
|turn|11
|
|move|p1a: Magneton|Thunderbolt|p2a: Wigglytuff
|-damage|p2a: Wigglytuff|263\/435 par
|move|p2a: Wigglytuff|Thunder Wave|p1a: Magneton
|-status|p1a: Magneton|par
|
|turn|12
|
|move|p1a: Magneton|Thunderbolt|p2a: Wigglytuff
|-damage|p2a: Wigglytuff|83\/435 par
|cant|p2a: Wigglytuff|par
|
|turn|13
|
|move|p1a: Magneton|Thunderbolt|p2a: Wigglytuff
|-damage|p2a: Wigglytuff|0 fnt
|faint|p2a: Wigglytuff
|c|★rubsomebacononit|wow you're unlucky today
|
|switch|p2a: Weezing|Weezing, L90|300\/300
|turn|14
|
|move|p2a: Weezing|Sludge|p1a: Magneton
|-damage|p1a: Magneton|136\/273 par
|move|p1a: Magneton|Thunderbolt|p2a: Weezing
|-damage|p2a: Weezing|181\/300
|
|turn|15
|
|move|p2a: Weezing|Sludge|p1a: Magneton
|-damage|p1a: Magneton|72\/273 par
|cant|p1a: Magneton|par
|
|turn|16
|
|move|p2a: Weezing|Sludge|p1a: Magneton
|-crit|p1a: Magneton
|-damage|p1a: Magneton|0 fnt
|faint|p1a: Magneton
|
|switch|p1a: Articuno|Articuno, L79|304\/304
|turn|17
|
|move|p1a: Articuno|Ice Beam|p2a: Weezing
|-damage|p2a: Weezing|76\/300
|-status|p2a: Weezing|frz
|cant|p2a: Weezing|frz
|
|turn|18
|c|★rubsomebacononit|omg
|
|move|p1a: Articuno|Ice Beam|p2a: Weezing
|-damage|p2a: Weezing|0 fnt
|faint|p2a: Weezing
|
|switch|p2a: Seadra|Seadra, L90|282\/282
|turn|19
|
|switch|p1a: Ditto|Ditto, L99|296\/296
|move|p2a: Seadra|Blizzard|p1a: Ditto
|-crit|p1a: Ditto
|-damage|p1a: Ditto|88\/296
|
|turn|20
|
|move|p2a: Seadra|Smokescreen|p1a: Ditto
|-unboost|p1a: Ditto|accuracy|1
|move|p1a: Ditto|Transform|p2a: Seadra
|-transform|p1a: Ditto|p2a: Seadra
|
|turn|21
|
|move|p2a: Seadra|Blizzard|p1a: Ditto
|-resisted|p1a: Ditto
|-damage|p1a: Ditto|32\/296
|move|p1a: Ditto|Smokescreen|p2a: Seadra
|-unboost|p2a: Seadra|accuracy|1
|
|turn|22
|
|move|p2a: Seadra|Surf|p1a: Ditto|[miss]
|-miss|p2a: Seadra
|move|p1a: Ditto|Hydro Pump|p2a: Seadra
|-resisted|p2a: Seadra
|-damage|p2a: Seadra|232\/282
|
|turn|23
|
|move|p2a: Seadra|Surf|p1a: Ditto|[miss]
|-miss|p2a: Seadra
|move|p1a: Ditto|Smokescreen|p2a: Seadra
|-unboost|p2a: Seadra|accuracy|1
|
|turn|24
|c|★rubsomebacononit|..
|
|move|p2a: Seadra|Surf|p1a: Ditto|[miss]
|-miss|p2a: Seadra
|move|p1a: Ditto|Smokescreen|p2a: Seadra
|-unboost|p2a: Seadra|accuracy|1
|
|turn|25
|
|move|p2a: Seadra|Surf|p1a: Ditto|[miss]
|-miss|p2a: Seadra
|move|p1a: Ditto|Smokescreen|p2a: Seadra
|-unboost|p2a: Seadra|accuracy|1
|
|turn|26
|
|switch|p2a: Muk|Muk, L90|372\/372
|move|p1a: Ditto|Smokescreen|p2a: Muk
|-unboost|p2a: Muk|accuracy|1
|
|turn|27
|
|move|p1a: Ditto|Hydro Pump|p2a: Muk
|-damage|p2a: Muk|250\/372
|move|p2a: Muk|Mega Drain|p1a: Ditto|[miss]
|-miss|p2a: Muk
|
|turn|28
|
|switch|p1a: Articuno|Articuno, L79|304\/304
|switch|p2a: Seadra|Seadra, L90|232\/282
|
|turn|29
|
|move|p2a: Seadra|Blizzard|p1a: Articuno
|-damage|p1a: Articuno|224\/304
|move|p1a: Articuno|Ice Beam|p2a: Seadra
|-resisted|p2a: Seadra
|-damage|p2a: Seadra|189\/282
|
|turn|30
|
|move|p2a: Seadra|Blizzard|p1a: Articuno
|-damage|p1a: Articuno|138\/304
|move|p1a: Articuno|Ice Beam|p2a: Seadra
|-crit|p2a: Seadra
|-resisted|p2a: Seadra
|-damage|p2a: Seadra|95\/282
|
|turn|31
|
|move|p2a: Seadra|Blizzard|p1a: Articuno
|-damage|p1a: Articuno|64\/304
|move|p1a: Articuno|Blizzard|p2a: Seadra
|-resisted|p2a: Seadra
|-damage|p2a: Seadra|36\/282
|-status|p2a: Seadra|frz
|
|turn|32
|c|★rubsomebacononit|omg im so sorry about this hax
|c|★CrapAtRBY|lol that's rby
|
|cant|p2a: Seadra|frz
|move|p1a: Articuno|Ice Beam|p2a: Seadra
|-crit|p2a: Seadra
|-resisted|p2a: Seadra
|-damage|p2a: Seadra|0 fnt
|faint|p2a: Seadra
|c|★rubsomebacononit|yeah ikr
|
|switch|p2a: Muk|Muk, L90|250\/372
|turn|33
|c|★rubsomebacononit|gg
|
|move|p1a: Articuno|Ice Beam|p2a: Muk
|-damage|p2a: Muk|128\/372
|move|p2a: Muk|Body Slam|p1a: Articuno
|-crit|p1a: Articuno
|-damage|p1a: Articuno|0 fnt
|faint|p1a: Articuno
|c|★CrapAtRBY|gg
|
|switch|p1a: Ditto|Ditto, L99|32\/296
|turn|34
|
|move|p1a: Ditto|Transform|p2a: Muk
|-transform|p1a: Ditto|p2a: Muk
|move|p2a: Muk|Body Slam|p1a: Ditto
|-damage|p1a: Ditto|0 fnt
|faint|p1a: Ditto
|
|switch|p1a: Rapidash|Rapidash, L90|300\/300
|turn|35
|c|★rubsomebacononit|unless something happens
|
|move|p1a: Rapidash|Fire Blast|p2a: Muk
|-damage|p2a: Muk|0 fnt
|faint|p2a: Muk
|
|win|rubsomebacononit
|c|★rubsomebacononit|ok
|c|★rubsomebacononit|gg