|join|Videla
|join|JassimH
|player|p1|Videla|110
|player|p2|JassimH|102
|gametype|singles
|gen|1
|tier|[Gen 1] Random Battle
|rated
|rule|Sleep Clause Mod: Limit one foe put to sleep
|rule|Freeze Clause Mod: Limit one foe frozen
|rule|HP Percentage Mod: HP is shown in percentages
|
|start
|switch|p1a: Poliwhirl|Poliwhirl, L85|284\/284
|switch|p2a: Growlithe|Growlithe, L96|300\/300
|turn|1
|c|★JassimH|gl
|
|switch|p2a: Chansey|Chansey, L79|557\/557
|move|p1a: Poliwhirl|Hypnosis|p2a: Chansey|[miss]
|-miss|p1a: Poliwhirl
|
|turn|2
|
|move|p1a: Poliwhirl|Hypnosis|p2a: Chansey|[miss]
|-miss|p1a: Poliwhirl
|move|p2a: Chansey|Thunderbolt|p1a: Poliwhirl
|-supereffective|p1a: Poliwhirl
|-damage|p1a: Poliwhirl|115\/284
|
|turn|3
|
|move|p1a: Poliwhirl|Hypnosis|p2a: Chansey|[miss]
|-miss|p1a: Poliwhirl
|move|p2a: Chansey|Thunderbolt|p1a: Poliwhirl
|-supereffective|p1a: Poliwhirl
|-damage|p1a: Poliwhirl|0 fnt
|faint|p1a: Poliwhirl
|c|★JassimH|wow
|
|switch|p1a: Poliwrath|Poliwrath, L85|327\/327
|turn|4
|c|★JassimH|LOL
|c|★JassimH|if only politoad too!
|
|move|p1a: Poliwrath|Hypnosis|p2a: Chansey|[miss]
|-miss|p1a: Poliwrath
|move|p2a: Chansey|Thunderbolt|p1a: Poliwrath
|-supereffective|p1a: Poliwrath
|-damage|p1a: Poliwrath|185\/327
|
|turn|5
|
|move|p1a: Poliwrath|Hypnosis|p2a: Chansey|[miss]
|-miss|p1a: Poliwrath
|move|p2a: Chansey|Thunderbolt|p1a: Poliwrath
|-supereffective|p1a: Poliwrath
|-damage|p1a: Poliwrath|40\/327
|
|turn|6
|c|★JassimH|this game
|
|move|p1a: Poliwrath|Hypnosis|p2a: Chansey|[miss]
|-miss|p1a: Poliwrath
|move|p2a: Chansey|Thunderbolt|p1a: Poliwrath
|-supereffective|p1a: Poliwrath
|-damage|p1a: Poliwrath|0 fnt
|faint|p1a: Poliwrath
|c|★Videla|5 missed hypnosis
|c|★JassimH|yeah
|
|switch|p1a: Dragonair|Dragonair, L85|277\/277
|turn|7
|c|★JassimH|..
|c|★JassimH|how do i save this replay haha
|
|move|p1a: Dragonair|Blizzard|p2a: Chansey
|-damage|p2a: Chansey|493\/557
|move|p2a: Chansey|Ice Beam|p1a: Dragonair
|-supereffective|p1a: Dragonair
|-damage|p1a: Dragonair|137\/277
|
|turn|8
|-message|Videla forfeited.
|
|win|JassimH
|raw|Ladder updating...
|leave|Videla
|player|p1
|raw|Videla's rating: 1334 &rarr; <strong>1302<\/strong><br \/>(-32 for losing)
|raw|JassimH's rating: 1106 &rarr; <strong>1146<\/strong><br \/>(+40 for winning)