|j|diskoliperiodos
|j|Max Butt
|player|p1|diskoliperiodos|2
|player|p2|Max Butt|43
|gametype|singles
|gen|1
|tier|[Gen 1] Random Battle
|rated
|seed|
|rule|Sleep Clause Mod: Limit one foe put to sleep
|rule|Freeze Clause Mod: Limit one foe frozen
|rule|HP Percentage Mod: HP is shown in percentages
|
|start
|switch|p1a: Bellsprout|Bellsprout, L96|100\/100
|switch|p2a: Hitmonchan|Hitmonchan, L90|100\/100
|turn|1
|choice||
|
|move|p2a: Hitmonchan|Body Slam|p1a: Bellsprout
|-damage|p1a: Bellsprout|68\/100
|move|p1a: Bellsprout|Sleep Powder|p2a: Hitmonchan|[miss]
|-miss|p1a: Bellsprout
|
|turn|2
|choice||
|
|move|p2a: Hitmonchan|Body Slam|p1a: Bellsprout
|-damage|p1a: Bellsprout|31\/100
|move|p1a: Bellsprout|Sleep Powder|p2a: Hitmonchan|[miss]
|-miss|p1a: Bellsprout
|
|turn|3
|choice||
|
|move|p2a: Hitmonchan|Seismic Toss|p1a: Bellsprout
|-damage|p1a: Bellsprout|0 fnt
|faint|p1a: Bellsprout
|choice||
|
|switch|p1a: Rattata|Rattata, L96|100\/100
|turn|4
|choice||
|
|move|p1a: Rattata|Blizzard|p2a: Hitmonchan
|-damage|p2a: Hitmonchan|69\/100
|move|p2a: Hitmonchan|Counter|p1a: Rattata
|-fail|p2a: Hitmonchan
|
|turn|5
|choice||
|
|move|p1a: Rattata|Body Slam|p2a: Hitmonchan
|-damage|p2a: Hitmonchan|41\/100
|move|p2a: Hitmonchan|Submission|p1a: Rattata
|-crit|p1a: Rattata
|-supereffective|p1a: Rattata
|-damage|p1a: Rattata|0 fnt
|-damage|p2a: Hitmonchan|18\/100|[from] recoil|[of] p1a: Rattata
|faint|p1a: Rattata
|choice||
|
|switch|p1a: Raichu|Raichu, L85|100\/100
|turn|6
|choice||
|
|move|p1a: Raichu|Surf|p2a: Hitmonchan
|-damage|p2a: Hitmonchan|0 fnt
|faint|p2a: Hitmonchan
|choice||
|
|switch|p2a: Dugtrio|Dugtrio, L85|100\/100
|turn|7
|choice||
|
|switch|p1a: Exeggutor|Exeggutor, L79|100\/100
|move|p2a: Dugtrio|Earthquake|p1a: Exeggutor
|-crit|p1a: Exeggutor
|-resisted|p1a: Exeggutor
|-damage|p1a: Exeggutor|66\/100
|
|turn|8
|choice||
|
|switch|p2a: Ivysaur|Ivysaur, L85|100\/100
|move|p1a: Exeggutor|Sleep Powder|p2a: Ivysaur
|-status|p2a: Ivysaur|slp
|
|turn|9
|choice||
|
|switch|p2a: Lapras|Lapras, L79|100\/100
|switch|p1a: Jynx|Jynx, L79|100\/100
|
|turn|10
|choice||
|
|switch|p1a: Raichu|Raichu, L85|100\/100
|move|p2a: Lapras|Confuse Ray|p1a: Raichu
|-start|p1a: Raichu|confusion
|
|turn|11
|choice||
|
|-activate|p1a: Raichu|confusion
|-damage|p1a: Raichu|86\/100|[from] confusion
|move|p2a: Lapras|Blizzard|p1a: Raichu
|-damage|p1a: Raichu|45\/100
|-status|p1a: Raichu|frz
|
|turn|12
|c|★Max Butt|gg
|choice||
|
|switch|p1a: Jynx|Jynx, L79|100\/100
|move|p2a: Lapras|Body Slam|p1a: Jynx
|-damage|p1a: Jynx|67\/100
|-status|p1a: Jynx|par
|
|turn|13
|c|★Max Butt|GG
|choice||
|
|move|p2a: Lapras|Body Slam|p1a: Jynx
|-damage|p1a: Jynx|33\/100 par
|move|p1a: Jynx|Psychic|p2a: Lapras
|-damage|p2a: Lapras|78\/100
|-unboost|p2a: Lapras|spd|1
|-unboost|p2a: Lapras|spa|1
|
|turn|14
|choice||
|
|move|p2a: Lapras|Body Slam|p1a: Jynx
|-damage|p1a: Jynx|1\/100 par
|cant|p1a: Jynx|par
|
|turn|15
|choice||
|
|move|p2a: Lapras|Body Slam|p1a: Jynx
|-damage|p1a: Jynx|0 fnt
|faint|p1a: Jynx
|choice||
|
|switch|p1a: Arbok|Arbok, L90|100\/100
|turn|16
|choice||
|
|move|p1a: Arbok|Body Slam|p2a: Lapras
|-damage|p2a: Lapras|57\/100
|-status|p2a: Lapras|par
|move|p2a: Lapras|Confuse Ray|p1a: Arbok
|-start|p1a: Arbok|confusion
|
|turn|17
|choice||
|
|-activate|p1a: Arbok|confusion
|-damage|p1a: Arbok|88\/100|[from] confusion
|move|p2a: Lapras|Blizzard|p1a: Arbok
|-damage|p1a: Arbok|60\/100
|
|turn|18
|choice||
|
|-activate|p1a: Arbok|confusion
|-damage|p1a: Arbok|47\/100|[from] confusion
|move|p2a: Lapras|Body Slam|p1a: Arbok
|-damage|p1a: Arbok|28\/100
|
|turn|19
|choice||
|
|-activate|p1a: Arbok|confusion
|-damage|p1a: Arbok|16\/100|[from] confusion
|move|p2a: Lapras|Blizzard|p1a: Arbok
|-damage|p1a: Arbok|0 fnt
|faint|p1a: Arbok
|choice||
|
|switch|p1a: Exeggutor|Exeggutor, L79|66\/100
|turn|20
|choice||
|
|move|p1a: Exeggutor|Mega Drain|p2a: Lapras
|-supereffective|p2a: Lapras
|-damage|p2a: Lapras|23\/100 par
|-heal|p1a: Exeggutor|86\/100|[from] drain|[of] p2a: Lapras
|move|p2a: Lapras|Blizzard|p1a: Exeggutor
|-crit|p1a: Exeggutor
|-supereffective|p1a: Exeggutor
|-damage|p1a: Exeggutor|0 fnt
|faint|p1a: Exeggutor
|choice||
|
|switch|p1a: Raichu|Raichu, L85|45\/100 frz
|turn|21
|choice||
|
|switch|p2a: Ninetales|Ninetales, L85|100\/100
|cant|p1a: Raichu|frz
|
|turn|22
|choice||
|
|cant|p1a: Raichu|frz
|move|p2a: Ninetales|Fire Blast|p1a: Raichu
|-damage|p1a: Raichu|0 fnt
|faint|p1a: Raichu
|
|win|Max Butt
|player|p1
|player|p2
|raw|diskoliperiodos's rating: 1467 &rarr; <strong>1445<\/strong><br \/>(-22 for losing)
|raw|Max Butt's rating: 1417 &rarr; <strong>1440<\/strong><br \/>(+23 for winning)