|j|It was all a dream
|j|Munby1
|player|p1|It was all a dream|229
|player|p2|Munby1|266
|gametype|singles
|gen|1
|tier|[Gen 1] OU
|seed|50226,6987,29236,20954
|rule|Sleep Clause Mod: Limit one foe put to sleep
|rule|Freeze Clause Mod: Limit one foe frozen
|rule|Species Clause: Limit one of each Pokémon
|rule|OHKO Clause: OHKO moves are banned
|rule|Evasion Moves Clause: Evasion moves are banned
|rule|HP Percentage Mod: HP is shown in percentages
|
|start
|switch|p1a: Hottest100|Exeggutor|393\/393
|switch|p2a: FatAussieBardstard|Exeggutor|393\/393
|turn|1
|choice|move 3|switch 5
|
|switch|p2a: im crying ;_;|Snorlax|523\/523
|move|p1a: Hottest100|Sleep Powder|p2a: im crying ;_;
|-status|p2a: im crying ;_;|slp
|
|turn|2
|choice|switch 4|switch 2
|
|switch|p1a: Atta|Golem|363\/363
|switch|p2a: SteveHarveyInMedia|Tauros|353\/353
|
|turn|3
|j|ThetatheSheep
|c|★It was all a dream|hello who u ^__^
|choice|switch 5|move 4
|
|switch|p1a: ROYAL RUMBLE|Chansey|703\/703
|move|p2a: SteveHarveyInMedia|Earthquake|p1a: ROYAL RUMBLE
|-damage|p1a: ROYAL RUMBLE|496\/703
|
|turn|4
|choice|move 4|move 1
|
|move|p2a: SteveHarveyInMedia|Body Slam|p1a: ROYAL RUMBLE
|-crit|p1a: ROYAL RUMBLE
|-damage|p1a: ROYAL RUMBLE|0 fnt
|faint|p1a: ROYAL RUMBLE
|choice|switch 4|
|
|switch|p1a: Hottest100|Exeggutor|393\/393
|turn|5
|choice|move 4|move 3
|
|move|p2a: SteveHarveyInMedia|Blizzard|p1a: Hottest100
|-supereffective|p1a: Hottest100
|-damage|p1a: Hottest100|254\/393
|move|p1a: Hottest100|Explosion|p2a: SteveHarveyInMedia
|-damage|p2a: SteveHarveyInMedia|85\/353
|faint|p1a: Hottest100
|j|Vicolius
|choice|switch 2|
|
|switch|p1a: Gamer|Starmie|323\/323
|turn|6
|choice|move 1|switch 4
|
|switch|p2a: PreachInMyChurch??|Golem|363\/363
|move|p1a: Gamer|Blizzard|p2a: PreachInMyChurch??
|-supereffective|p2a: PreachInMyChurch??
|-damage|p2a: PreachInMyChurch??|97\/363
|
|turn|7
|choice|move 1|switch 5
|
|switch|p2a: FatAussieBardstard|Exeggutor|393\/393
|move|p1a: Gamer|Blizzard|p2a: FatAussieBardstard
|-crit|p2a: FatAussieBardstard
|-supereffective|p2a: FatAussieBardstard
|-damage|p2a: FatAussieBardstard|91\/393
|
|turn|8
|choice|move 1|move 1
|
|move|p1a: Gamer|Blizzard|p2a: FatAussieBardstard
|-crit|p2a: FatAussieBardstard
|-supereffective|p2a: FatAussieBardstard
|-damage|p2a: FatAussieBardstard|0 fnt
|faint|p2a: FatAussieBardstard
|choice||switch 3
|
|switch|p2a: ProWimpCrusher|Chansey|703\/703
|turn|9
|choice|switch 5|move 3
|
|switch|p1a: Atta|Golem|363\/363
|move|p2a: ProWimpCrusher|Blizzard|p1a: Atta
|-supereffective|p1a: Atta
|-damage|p1a: Atta|72\/363
|
|turn|10
|choice|switch 6|move 3
|
|switch|p1a: Arse|Snorlax|523\/523
|move|p2a: ProWimpCrusher|Blizzard|p1a: Arse
|-damage|p1a: Arse|395\/523
|
|turn|11
|choice|move 1|move 4
|
|move|p1a: Arse|Body Slam|p2a: ProWimpCrusher
|-damage|p2a: ProWimpCrusher|401\/703
|move|p2a: ProWimpCrusher|Counter|p1a: Arse
|-damage|p1a: Arse|0 fnt
|faint|p1a: Arse
|choice|switch 3|
|
|switch|p1a: Nincompoop Bulls|Tauros|353\/353
|turn|12
|l|ThetatheSheep
|choice|move 4|switch 5
|
|switch|p2a: PreachInMyChurch??|Golem|97\/363
|move|p1a: Nincompoop Bulls|Hyper Beam|p2a: PreachInMyChurch??
|-resisted|p2a: PreachInMyChurch??
|-damage|p2a: PreachInMyChurch??|25\/363
|
|turn|13
|-mustrecharge|p1a: Nincompoop Bulls
|-mustrecharge|p1a: Nincompoop Bulls
|choice|move 1|move 3
|
|cant|p1a: Nincompoop Bulls|recharge
|move|p2a: PreachInMyChurch??|Substitute|p2a: PreachInMyChurch??
|-fail|p2a: PreachInMyChurch??|move: Substitute|[weak]
|
|turn|14
|choice|move 2|move 1
|
|move|p1a: Nincompoop Bulls|Body Slam|p2a: PreachInMyChurch??
|-resisted|p2a: PreachInMyChurch??
|-damage|p2a: PreachInMyChurch??|0 fnt
|faint|p2a: PreachInMyChurch??
|choice||switch 6
|
|switch|p2a: UnknownReasonCurre|Alakazam|313\/313
|turn|15
|choice|move 2|move 4
|
|move|p2a: UnknownReasonCurre|Reflect|p2a: UnknownReasonCurre
|-start|p2a: UnknownReasonCurre|Reflect
|move|p1a: Nincompoop Bulls|Body Slam|p2a: UnknownReasonCurre
|-damage|p2a: UnknownReasonCurre|238\/313
|
|turn|16
|choice|move 2|move 3
|
|move|p2a: UnknownReasonCurre|Thunder Wave|p1a: Nincompoop Bulls
|-status|p1a: Nincompoop Bulls|par
|cant|p1a: Nincompoop Bulls|par
|
|turn|17
|choice|move 2|move 1
|
|move|p2a: UnknownReasonCurre|Psychic|p1a: Nincompoop Bulls
|-damage|p1a: Nincompoop Bulls|179\/353 par
|-unboost|p1a: Nincompoop Bulls|spd|1
|-unboost|p1a: Nincompoop Bulls|spa|1
|move|p1a: Nincompoop Bulls|Body Slam|p2a: UnknownReasonCurre
|-damage|p2a: UnknownReasonCurre|158\/313
|-status|p2a: UnknownReasonCurre|par
|
|turn|18
|choice|switch 5|switch 2
|
|switch|p2a: im crying ;_;|Snorlax|523\/523 slp
|switch|p1a: Gamer|Starmie|323\/323
|
|turn|19
|choice|switch 6|move 3
|
|switch|p1a: Atta|Golem|72\/363
|-curestatus|p2a: im crying ;_;|slp
|
|turn|20
|choice|move 3|move 3
|
|move|p1a: Atta|Explosion|p2a: im crying ;_;
|-damage|p2a: im crying ;_;|162\/523
|faint|p1a: Atta
|choice|switch 6|
|
|switch|p1a: Gamer|Starmie|323\/323
|turn|21
|choice|move 2|move 2
|
|move|p1a: Gamer|Psychic|p2a: im crying ;_;
|-crit|p2a: im crying ;_;
|-damage|p2a: im crying ;_;|0 fnt
|faint|p2a: im crying ;_;
|choice||switch 2
|
|switch|p2a: UnknownReasonCurre|Alakazam|158\/313 par
|turn|22
|choice|move 1|move 2
|
|move|p1a: Gamer|Blizzard|p2a: UnknownReasonCurre
|-damage|p2a: UnknownReasonCurre|81\/313 par
|move|p2a: UnknownReasonCurre|Recover|p2a: UnknownReasonCurre
|-heal|p2a: UnknownReasonCurre|237\/313 par
|
|turn|23
|choice|move 1|move 3
|
|move|p1a: Gamer|Blizzard|p2a: UnknownReasonCurre
|-damage|p2a: UnknownReasonCurre|157\/313 par
|cant|p2a: UnknownReasonCurre|par
|
|turn|24
|choice|move 1|move 2
|
|move|p1a: Gamer|Blizzard|p2a: UnknownReasonCurre
|-damage|p2a: UnknownReasonCurre|82\/313 par
|cant|p2a: UnknownReasonCurre|par
|
|turn|25
|choice|move 1|move 2
|
|move|p1a: Gamer|Blizzard|p2a: UnknownReasonCurre
|-crit|p2a: UnknownReasonCurre
|-damage|p2a: UnknownReasonCurre|0 fnt
|faint|p2a: UnknownReasonCurre
|choice||switch 5
|
|switch|p2a: ProWimpCrusher|Chansey|401\/703
|turn|26
|choice|move 1|move 1
|
|move|p1a: Gamer|Blizzard|p2a: ProWimpCrusher
|-damage|p2a: ProWimpCrusher|309\/703
|move|p2a: ProWimpCrusher|Soft-Boiled|p2a: ProWimpCrusher
|-heal|p2a: ProWimpCrusher|660\/703
|
|turn|27
|choice|move 2|move 2
|
|move|p1a: Gamer|Psychic|p2a: ProWimpCrusher
|-damage|p2a: ProWimpCrusher|566\/703
|-unboost|p2a: ProWimpCrusher|spd|1
|-unboost|p2a: ProWimpCrusher|spa|1
|move|p2a: ProWimpCrusher|Thunder Wave|p1a: Gamer
|-status|p1a: Gamer|par
|
|turn|28
|choice|move 2|move 3
|
|move|p2a: ProWimpCrusher|Blizzard|p1a: Gamer
|-resisted|p1a: Gamer
|-damage|p1a: Gamer|290\/323 par
|move|p1a: Gamer|Psychic|p2a: ProWimpCrusher
|-damage|p2a: ProWimpCrusher|409\/703
|
|turn|29
|choice|move 2|move 1
|
|move|p2a: ProWimpCrusher|Soft-Boiled|p2a: ProWimpCrusher
|-heal|p2a: ProWimpCrusher|703\/703
|move|p1a: Gamer|Psychic|p2a: ProWimpCrusher
|-crit|p2a: ProWimpCrusher
|-damage|p2a: ProWimpCrusher|506\/703
|
|turn|30
|choice|move 2|switch 4
|
|switch|p2a: SteveHarveyInMedia|Tauros|85\/353
|move|p1a: Gamer|Psychic|p2a: SteveHarveyInMedia
|-damage|p2a: SteveHarveyInMedia|0 fnt
|faint|p2a: SteveHarveyInMedia
|choice||switch 4
|
|switch|p2a: ProWimpCrusher|Chansey|506\/703
|turn|31
|choice|move 2|move 3
|
|move|p2a: ProWimpCrusher|Blizzard|p1a: Gamer
|-resisted|p1a: Gamer
|-damage|p1a: Gamer|240\/323 par
|move|p1a: Gamer|Psychic|p2a: ProWimpCrusher
|-damage|p2a: ProWimpCrusher|409\/703
|-unboost|p2a: ProWimpCrusher|spd|1
|-unboost|p2a: ProWimpCrusher|spa|1
|
|turn|32
|choice|move 2|move 1
|
|move|p2a: ProWimpCrusher|Soft-Boiled|p2a: ProWimpCrusher
|-heal|p2a: ProWimpCrusher|703\/703
|move|p1a: Gamer|Psychic|p2a: ProWimpCrusher
|-damage|p2a: ProWimpCrusher|551\/703
|-unboost|p2a: ProWimpCrusher|spd|1
|-unboost|p2a: ProWimpCrusher|spa|1
|
|turn|33
|-message|Munby1 forfeited.
|
|win|It was all a dream
|player|p1
|player|p2
|l|Munby1
|l|Vicolius