|join|yaldyyyy
|join|xXxSalveeneexXx
|player|p1|yaldyyyy|2
|player|p2|xXxSalveeneexXx|110
|gametype|singles
|gen|1
|tier|[Gen 1] Random Battle
|rated
|rule|Sleep Clause Mod: Limit one foe put to sleep
|rule|Freeze Clause Mod: Limit one foe frozen
|rule|HP Percentage Mod: HP is shown in percentages
|
|start
|switch|p1a: Porygon|Porygon, L85|284\/284
|switch|p2a: Exeggcute|Exeggcute, L96|310\/310
|turn|1
|c|★xXxSalveeneexXx|gl hf
|
|move|p2a: Exeggcute|Sleep Powder|p1a: Porygon|[miss]
|-miss|p2a: Exeggcute
|move|p1a: Porygon|Tri Attack|p2a: Exeggcute
|-damage|p2a: Exeggcute|253\/310
|
|turn|2
|
|move|p2a: Exeggcute|Sleep Powder|p1a: Porygon
|-status|p1a: Porygon|slp
|cant|p1a: Porygon|slp
|
|turn|3
|
|switch|p1a: Aerodactyl|Aerodactyl, L85|310\/310
|move|p2a: Exeggcute|Psychic|p1a: Aerodactyl
|-damage|p1a: Aerodactyl|203\/310
|
|turn|4
|
|switch|p2a: Onix|Onix, L85|233\/233
|move|p1a: Aerodactyl|Double-Edge|p2a: Onix
|-crit|p2a: Onix
|-resisted|p2a: Onix
|-damage|p2a: Onix|182\/233
|-damage|p1a: Aerodactyl|191\/310|[from] recoil|[of] p2a: Onix
|
|turn|5
|
|switch|p1a: Seadra|Seadra, L85|267\/267
|move|p2a: Onix|Rock Slide|p1a: Seadra
|-damage|p1a: Seadra|217\/267
|
|turn|6
|
|switch|p2a: Metapod|Metapod, L99|300\/300
|move|p1a: Seadra|Hydro Pump|p2a: Metapod
|-damage|p2a: Metapod|83\/300
|
|turn|7
|
|move|p1a: Seadra|Hydro Pump|p2a: Metapod
|-damage|p2a: Metapod|0 fnt
|faint|p2a: Metapod
|
|switch|p2a: Electrode|Electrode, L85|276\/276
|turn|8
|
|switch|p1a: Graveler|Graveler, L85|267\/267
|move|p2a: Electrode|Thunder|p1a: Graveler|[miss]
|-miss|p2a: Electrode
|-immune|p1a: Graveler|[msg]
|
|turn|9
|
|switch|p2a: Exeggcute|Exeggcute, L96|253\/310
|move|p1a: Graveler|Rock Slide|p2a: Exeggcute
|-damage|p2a: Exeggcute|174\/310
|
|turn|10
|
|move|p2a: Exeggcute|Mega Drain|p1a: Graveler
|-supereffective|p1a: Graveler
|-damage|p1a: Graveler|22\/267
|-heal|p2a: Exeggcute|296\/310|[from] drain|[of] p1a: Graveler
|move|p1a: Graveler|Body Slam|p2a: Exeggcute
|-damage|p2a: Exeggcute|240\/310
|-status|p2a: Exeggcute|par
|
|turn|11
|
|move|p1a: Graveler|Explosion|p2a: Exeggcute
|-damage|p2a: Exeggcute|22\/310 par
|faint|p1a: Graveler
|
|switch|p1a: Porygon|Porygon, L85|284\/284 slp
|turn|12
|
|cant|p1a: Porygon|slp
|-curestatus|p1a: Porygon|slp
|move|p2a: Exeggcute|Explosion|p1a: Porygon
|-damage|p1a: Porygon|65\/284
|faint|p2a: Exeggcute
|
|switch|p2a: Kingler|Kingler, L85|267\/267
|turn|13
|
|move|p2a: Kingler|Hyper Beam|p1a: Porygon
|-damage|p1a: Porygon|0 fnt
|faint|p1a: Porygon
|
|switch|p1a: Gastly|Gastly, L96|252\/252
|turn|14
|
|move|p1a: Gastly|Mega Drain|p2a: Kingler
|-supereffective|p2a: Kingler
|-damage|p2a: Kingler|155\/267
|move|p2a: Kingler|Crabhammer|p1a: Gastly
|-crit|p1a: Gastly
|-damage|p1a: Gastly|151\/252
|
|turn|15
|
|switch|p2a: Venomoth|Venomoth, L85|293\/293
|move|p1a: Gastly|Mega Drain|p2a: Venomoth
|-resisted|p2a: Venomoth
|-damage|p2a: Venomoth|284\/293
|-heal|p1a: Gastly|155\/252|[from] drain|[of] p2a: Venomoth
|
|turn|16
|
|move|p1a: Gastly|Hypnosis|p2a: Venomoth|[miss]
|-miss|p1a: Gastly
|move|p2a: Venomoth|Sleep Powder|p1a: Gastly
|-status|p1a: Gastly|slp
|
|turn|17
|
|switch|p1a: Aerodactyl|Aerodactyl, L85|191\/310
|move|p2a: Venomoth|Psychic|p1a: Aerodactyl
|-damage|p1a: Aerodactyl|120\/310
|
|turn|18
|
|switch|p2a: Onix|Onix, L85|182\/233
|move|p1a: Aerodactyl|Hyper Beam|p2a: Onix
|-resisted|p2a: Onix
|-damage|p2a: Onix|147\/233
|
|turn|19
|
|cant|p1a: Aerodactyl|recharge
|move|p2a: Onix|Rock Slide|p1a: Aerodactyl
|-supereffective|p1a: Aerodactyl
|-damage|p1a: Aerodactyl|0 fnt
|faint|p1a: Aerodactyl
|
|switch|p1a: Seadra|Seadra, L85|217\/267
|turn|20
|
|switch|p2a: Kingler|Kingler, L85|155\/267
|move|p1a: Seadra|Hydro Pump|p2a: Kingler|[miss]
|-miss|p1a: Seadra
|
|turn|21
|
|move|p1a: Seadra|Hydro Pump|p2a: Kingler
|-crit|p2a: Kingler
|-resisted|p2a: Kingler
|-damage|p2a: Kingler|0 fnt
|faint|p2a: Kingler
|
|switch|p2a: Electrode|Electrode, L85|276\/276
|turn|22
|
|switch|p1a: Arbok|Arbok, L85|276\/276
|move|p2a: Electrode|Thunder|p1a: Arbok
|-damage|p1a: Arbok|134\/276
|
|turn|23
|
|move|p2a: Electrode|Thunder|p1a: Arbok|[miss]
|-miss|p2a: Electrode
|move|p1a: Arbok|Glare|p2a: Electrode
|-status|p2a: Electrode|par
|
|turn|24
|
|move|p1a: Arbok|Hyper Beam|p2a: Electrode
|-damage|p2a: Electrode|166\/276 par
|move|p2a: Electrode|Thunder|p1a: Arbok
|-damage|p1a: Arbok|0 fnt
|faint|p1a: Arbok
|
|switch|p1a: Gastly|Gastly, L96|155\/252 slp
|turn|25
|
|cant|p1a: Gastly|slp
|-curestatus|p1a: Gastly|slp
|move|p2a: Electrode|Thunder|p1a: Gastly
|-crit|p1a: Gastly
|-damage|p1a: Gastly|0 fnt
|faint|p1a: Gastly
|
|switch|p1a: Seadra|Seadra, L85|217\/267
|turn|26
|
|move|p1a: Seadra|Hydro Pump|p2a: Electrode
|-damage|p2a: Electrode|28\/276 par
|move|p2a: Electrode|Flash|p1a: Seadra
|-unboost|p1a: Seadra|accuracy|1
|
|turn|27
|
|move|p1a: Seadra|Surf|p2a: Electrode|[miss]
|-miss|p1a: Seadra
|cant|p2a: Electrode|par
|
|turn|28
|
|move|p1a: Seadra|Surf|p2a: Electrode|[miss]
|-miss|p1a: Seadra
|cant|p2a: Electrode|par
|
|turn|29
|
|move|p1a: Seadra|Surf|p2a: Electrode
|-damage|p2a: Electrode|0 fnt
|faint|p2a: Electrode
|
|switch|p2a: Venomoth|Venomoth, L85|284\/293
|turn|30
|
|move|p2a: Venomoth|Sleep Powder|p1a: Seadra
|-status|p1a: Seadra|slp
|cant|p1a: Seadra|slp
|-curestatus|p1a: Seadra|slp
|
|turn|31
|
|move|p2a: Venomoth|Sleep Powder|p1a: Seadra
|-status|p1a: Seadra|slp
|cant|p1a: Seadra|slp
|
|turn|32
|
|move|p2a: Venomoth|Mega Drain|p1a: Seadra
|-crit|p1a: Seadra
|-supereffective|p1a: Seadra
|-damage|p1a: Seadra|120\/267 slp
|-heal|p2a: Venomoth|293\/293|[from] drain|[of] p1a: Seadra
|cant|p1a: Seadra|slp
|
|turn|33
|
|move|p2a: Venomoth|Mega Drain|p1a: Seadra
|-supereffective|p1a: Seadra
|-damage|p1a: Seadra|66\/267 slp
|cant|p1a: Seadra|slp
|
|turn|34
|
|move|p2a: Venomoth|Mega Drain|p1a: Seadra
|-supereffective|p1a: Seadra
|-damage|p1a: Seadra|16\/267 slp
|cant|p1a: Seadra|slp
|
|turn|35
|
|move|p2a: Venomoth|Mega Drain|p1a: Seadra
|-supereffective|p1a: Seadra
|-damage|p1a: Seadra|0 fnt
|faint|p1a: Seadra
|
|win|xXxSalveeneexXx
|raw|Ladder updating...
|raw|yaldyyyy's rating: 1181 &rarr; <strong>1145<\/strong><br \/>(-36 for losing)
|raw|xXxSalveeneexXx's rating: 1000 &rarr; <strong>1059<\/strong><br \/>(+59 for winning)
|c|★xXxSalveeneexXx|gg