|j|trueWario
|j|PickledBeets
|player|p1|trueWario|168
|player|p2|PickledBeets|162
|gametype|singles
|gen|1
|tier|[Gen 1] Random Battle
|rated
|seed|8598,31475,20391,1429
|rule|Sleep Clause Mod: Limit one foe put to sleep
|rule|Freeze Clause Mod: Limit one foe frozen
|rule|HP Percentage Mod: HP is shown in percentages
|
|start
|switch|p1a: Articuno|Articuno, L79|304\/304
|switch|p2a: Jigglypuff|Jigglypuff, L99|428\/428
|turn|1
|choice|move Blizzard|move 4
|
|move|p1a: Articuno|Blizzard|p2a: Jigglypuff
|-crit|p2a: Jigglypuff
|-damage|p2a: Jigglypuff|25\/428
|move|p2a: Jigglypuff|Sing|p1a: Articuno|[miss]
|-miss|p2a: Jigglypuff
|
|turn|2
|choice|move Blizzard|move 4
|
|move|p1a: Articuno|Blizzard|p2a: Jigglypuff
|-damage|p2a: Jigglypuff|0 fnt
|faint|p2a: Jigglypuff
|choice||switch 6
|
|switch|p2a: Mew|Mew, L74|300\/300
|turn|3
|choice|move Blizzard|move 2
|
|move|p2a: Mew|Thunder Wave|p1a: Articuno
|-status|p1a: Articuno|par
|move|p1a: Articuno|Blizzard|p2a: Mew
|-damage|p2a: Mew|165\/300
|
|turn|4
|choice|move Blizzard|move 3
|
|move|p2a: Mew|Psychic|p1a: Articuno
|-crit|p1a: Articuno
|-damage|p1a: Articuno|190\/304 par
|-unboost|p1a: Articuno|spd|1
|-unboost|p1a: Articuno|spa|1
|cant|p1a: Articuno|par
|
|turn|5
|choice|switch 4|move 3
|
|switch|p1a: Starmie|Starmie, L79|257\/257
|move|p2a: Mew|Psychic|p1a: Starmie
|-resisted|p1a: Starmie
|-damage|p1a: Starmie|223\/257
|-unboost|p1a: Starmie|spd|1
|-unboost|p1a: Starmie|spa|1
|
|turn|6
|choice|switch 4|move 2
|
|switch|p1a: Articuno|Articuno, L79|190\/304 par
|move|p2a: Mew|Thunder Wave|p1a: Articuno
|-fail|p1a: Articuno|par
|
|turn|7
|choice|move Blizzard|move 3
|
|move|p2a: Mew|Psychic|p1a: Articuno
|-damage|p1a: Articuno|128\/304 par
|move|p1a: Articuno|Blizzard|p2a: Mew
|-damage|p2a: Mew|34\/300
|-status|p2a: Mew|frz
|
|turn|8
|choice|move Mimic|switch 3
|
|switch|p2a: Scyther|Scyther, L90|309\/309
|cant|p1a: Articuno|par
|
|turn|9
|choice|switch 6|move 2
|
|switch|p1a: Golem|Golem, L79|288\/288
|move|p2a: Scyther|Swords Dance|p2a: Scyther
|-boost|p2a: Scyther|atk|2
|
|turn|10
|choice|move Earthquake|switch 4
|
|switch|p2a: Seadra|Seadra, L90|282\/282
|move|p1a: Golem|Earthquake|p2a: Seadra
|-damage|p2a: Seadra|193\/282
|
|turn|11
|choice|switch 4|move 2
|
|switch|p1a: Starmie|Starmie, L79|223\/257
|move|p2a: Seadra|Blizzard|p1a: Starmie
|-resisted|p1a: Starmie
|-damage|p1a: Starmie|176\/257
|
|turn|12
|choice|move Thunder Wave|move 2
|
|move|p1a: Starmie|Thunder Wave|p2a: Seadra
|-status|p2a: Seadra|par
|cant|p2a: Seadra|par
|
|turn|13
|choice|move Thunderbolt|move 2
|
|move|p1a: Starmie|Thunderbolt|p2a: Seadra
|-supereffective|p2a: Seadra
|-damage|p2a: Seadra|77\/282 par
|move|p2a: Seadra|Blizzard|p1a: Starmie
|-resisted|p1a: Starmie
|-damage|p1a: Starmie|129\/257
|
|turn|14
|choice|move Thunderbolt|move 2
|
|move|p1a: Starmie|Thunderbolt|p2a: Seadra
|-supereffective|p2a: Seadra
|-damage|p2a: Seadra|0 fnt
|faint|p2a: Seadra
|choice||switch 2
|
|switch|p2a: Muk|Muk, L90|372\/372
|turn|15
|choice|switch 4|move 4
|
|switch|p1a: Golem|Golem, L79|288\/288
|move|p2a: Muk|Body Slam|p1a: Golem
|-resisted|p1a: Golem
|-damage|p1a: Golem|260\/288
|
|turn|16
|choice|move Earthquake|move 3
|
|move|p2a: Muk|Mega Drain|p1a: Golem
|-supereffective|p1a: Golem
|-damage|p1a: Golem|126\/288
|move|p1a: Golem|Earthquake|p2a: Muk
|-supereffective|p2a: Muk
|-damage|p2a: Muk|148\/372
|
|turn|17
|choice|switch 3|move 3
|
|switch|p1a: Mewtwo|Mewtwo, L68|285\/285
|move|p2a: Muk|Mega Drain|p1a: Mewtwo
|-damage|p1a: Mewtwo|263\/285
|-heal|p2a: Muk|159\/372|[from] drain|[of] p1a: Mewtwo
|
|turn|18
|choice|move Psychic|move 1
|
|move|p1a: Mewtwo|Psychic|p2a: Muk
|-supereffective|p2a: Muk
|-damage|p2a: Muk|0 fnt
|faint|p2a: Muk
|choice||switch 4
|
|switch|p2a: Scyther|Scyther, L90|309\/309
|turn|19
|choice|switch 3|move 4
|
|switch|p1a: Golem|Golem, L79|126\/288
|move|p2a: Scyther|Slash|p1a: Golem
|-crit|p1a: Golem
|-resisted|p1a: Golem
|-damage|p1a: Golem|78\/288
|
|turn|20
|choice|move Rock Slide|move 4
|
|move|p2a: Scyther|Slash|p1a: Golem
|-crit|p1a: Golem
|-resisted|p1a: Golem
|-damage|p1a: Golem|26\/288
|move|p1a: Golem|Rock Slide|p2a: Scyther
|-supereffective|p2a: Scyther
|-damage|p2a: Scyther|0 fnt
|faint|p2a: Scyther
|choice||switch 5
|
|switch|p2a: Rhydon|Rhydon, L79|328\/328
|turn|21
|choice|move Earthquake|move 2
|
|move|p1a: Golem|Earthquake|p2a: Rhydon
|-crit|p2a: Rhydon
|-supereffective|p2a: Rhydon
|-damage|p2a: Rhydon|0 fnt
|faint|p2a: Rhydon
|-message|PickledBeets forfeited.
|
|win|trueWario
|l|PickledBeets
|player|p2
|raw|trueWario's rating: 1458 &rarr; <strong>1479<\/strong><br \/>(+21 for winning)
|raw|PickledBeets's rating: 1467 &rarr; <strong>1447<\/strong><br \/>(-20 for losing)