|j|Mista Jay
|j|ray strong
|player|p1|Mista Jay|169
|player|p2|ray strong|226
|gametype|singles
|gen|1
|tier|[Gen 1] OU
|rated
|seed|49826,43106,28579,26305
|rule|Sleep Clause Mod: Limit one foe put to sleep
|rule|Freeze Clause Mod: Limit one foe frozen
|rule|Species Clause: Limit one of each Pokémon
|rule|OHKO Clause: OHKO moves are banned
|rule|Evasion Moves Clause: Evasion moves are banned
|rule|HP Percentage Mod: HP is shown in percentages
|
|start
|switch|p1a: Jynx|Jynx|333\/333
|switch|p2a: Exeggutor|Exeggutor|393\/393
|turn|1
|choice|move 1|switch 5
|
|switch|p2a: Alakazam|Alakazam|313\/313
|move|p1a: Jynx|Lovely Kiss|p2a: Alakazam
|-status|p2a: Alakazam|slp
|
|turn|2
|choice|switch 2|switch 2
|
|switch|p2a: Chansey|Chansey|703\/703
|switch|p1a: Slowbro|Slowbro|393\/393
|
|turn|3
|choice|move 3|move 4
|
|move|p2a: Chansey|Thunder Wave|p1a: Slowbro
|-status|p1a: Slowbro|par
|move|p1a: Slowbro|Amnesia|p1a: Slowbro
|-boost|p1a: Slowbro|spd|2
|-boost|p1a: Slowbro|spa|2
|
|turn|4
|choice|move 3|move 2
|
|move|p2a: Chansey|Thunderbolt|p1a: Slowbro
|-supereffective|p1a: Slowbro
|-damage|p1a: Slowbro|307\/393 par
|cant|p1a: Slowbro|par
|
|turn|5
|choice|move 2|move 2
|
|move|p2a: Chansey|Thunderbolt|p1a: Slowbro
|-supereffective|p1a: Slowbro
|-damage|p1a: Slowbro|219\/393 par
|move|p1a: Slowbro|Ice Beam|p2a: Chansey
|-damage|p2a: Chansey|576\/703
|-status|p2a: Chansey|frz
|
|turn|6
|choice|move 3|switch 4
|
|switch|p2a: Snorlax|Snorlax|523\/523
|cant|p1a: Slowbro|par
|
|turn|7
|choice|move 4|move 1
|
|move|p2a: Snorlax|Body Slam|p1a: Slowbro
|-damage|p1a: Slowbro|112\/393 par
|cant|p1a: Slowbro|par
|
|turn|8
|choice|move 4|move 2
|
|move|p2a: Snorlax|Hyper Beam|p1a: Slowbro|[miss]
|-miss|p2a: Snorlax
|move|p1a: Slowbro|Psychic|p2a: Snorlax
|-damage|p2a: Snorlax|269\/523
|
|turn|9
|choice|move 4|move 1
|
|move|p2a: Snorlax|Body Slam|p1a: Slowbro
|-damage|p1a: Slowbro|10\/393 par
|move|p1a: Slowbro|Psychic|p2a: Snorlax
|-damage|p2a: Snorlax|35\/523
|
|turn|10
|choice|move 4|move 1
|
|move|p2a: Snorlax|Body Slam|p1a: Slowbro
|-damage|p1a: Slowbro|0 fnt
|faint|p1a: Slowbro
|choice|switch 4|
|
|switch|p1a: Tauros|Tauros|353\/353
|turn|11
|choice|move 3|move 3
|
|move|p1a: Tauros|Earthquake|p2a: Snorlax
|-damage|p2a: Snorlax|0 fnt
|faint|p2a: Snorlax
|choice||switch 5
|
|switch|p2a: Exeggutor|Exeggutor|393\/393
|turn|12
|choice|switch 5|move 1
|
|switch|p1a: Chansey|Chansey|703\/703
|move|p2a: Exeggutor|Sleep Powder|p1a: Chansey
|-status|p1a: Chansey|slp
|
|turn|13
|choice|move 1|switch 3
|
|switch|p2a: Tauros|Tauros|353\/353
|cant|p1a: Chansey|slp
|
|turn|14
|choice|switch 6|move 1
|
|switch|p1a: Golem|Golem|363\/363
|move|p2a: Tauros|Body Slam|p1a: Golem
|-resisted|p1a: Golem
|-damage|p1a: Golem|320\/363
|
|turn|15
|choice|move 4|move 4
|
|move|p2a: Tauros|Blizzard|p1a: Golem
|-supereffective|p1a: Golem
|-damage|p1a: Golem|106\/363
|move|p1a: Golem|Body Slam|p2a: Tauros
|-crit|p2a: Tauros
|-damage|p2a: Tauros|218\/353
|
|turn|16
|choice|move 2|move 2
|
|move|p2a: Tauros|Earthquake|p1a: Golem
|-supereffective|p1a: Golem
|-damage|p1a: Golem|0 fnt
|faint|p1a: Golem
|choice|switch 5|
|
|switch|p1a: Tauros|Tauros|353\/353
|turn|17
|choice|move 1|switch 4
|
|switch|p2a: Chansey|Chansey|576\/703 frz
|move|p1a: Tauros|Body Slam|p2a: Chansey
|-damage|p2a: Chansey|321\/703 frz
|
|turn|18
|choice|switch 6|move 3
|
|switch|p1a: Chansey|Chansey|703\/703 slp
|cant|p2a: Chansey|frz
|
|turn|19
|choice|move 1|switch 4
|
|switch|p2a: Tauros|Tauros|218\/353
|cant|p1a: Chansey|slp
|
|turn|20
|choice|switch 6|move 1
|
|switch|p1a: Tauros|Tauros|353\/353
|move|p2a: Tauros|Body Slam|p1a: Tauros
|-damage|p1a: Tauros|253\/353
|
|turn|21
|choice|move 1|switch 4
|
|switch|p2a: Chansey|Chansey|321\/703 frz
|move|p1a: Tauros|Body Slam|p2a: Chansey
|-crit|p2a: Chansey
|-damage|p2a: Chansey|0 fnt
|faint|p2a: Chansey
|choice||switch 3
|
|switch|p2a: Exeggutor|Exeggutor|393\/393
|turn|22
|choice|switch 6|move 2
|
|switch|p1a: Chansey|Chansey|703\/703 slp
|move|p2a: Exeggutor|Stun Spore|p1a: Chansey|[miss]
|-miss|p2a: Exeggutor
|
|turn|23
|choice|move 1|switch 4
|
|switch|p2a: Tauros|Tauros|218\/353
|cant|p1a: Chansey|slp
|
|turn|24
|choice|switch 6|move 1
|
|switch|p1a: Tauros|Tauros|253\/353
|move|p2a: Tauros|Body Slam|p1a: Tauros
|-damage|p1a: Tauros|157\/353
|
|turn|25
|choice|move 2|move 3
|
|move|p1a: Tauros|Hyper Beam|p2a: Tauros
|-crit|p2a: Tauros
|-damage|p2a: Tauros|0 fnt
|faint|p2a: Tauros
|choice||switch 4
|
|switch|p2a: Exeggutor|Exeggutor|393\/393
|turn|26
|choice|switch 6|move 3
|
|switch|p1a: Chansey|Chansey|703\/703 slp
|move|p2a: Exeggutor|Psychic|p1a: Chansey
|-damage|p1a: Chansey|586\/703 slp
|
|turn|27
|choice|move 1|switch 6
|
|switch|p2a: Rhydon|Rhydon|413\/413
|-curestatus|p1a: Chansey|slp
|
|turn|28
|choice|move 1|switch 2
|
|switch|p2a: Alakazam|Alakazam|313\/313 slp
|move|p1a: Chansey|Ice Beam|p2a: Alakazam
|-damage|p2a: Alakazam|255\/313 slp
|
|turn|29
|choice|switch 6|switch 6
|
|switch|p2a: Exeggutor|Exeggutor|393\/393
|switch|p1a: Tauros|Tauros|157\/353
|
|turn|30
|choice|switch 6|move 1
|
|switch|p1a: Chansey|Chansey|586\/703
|move|p2a: Exeggutor|Sleep Powder|p1a: Chansey
|-status|p1a: Chansey|slp
|
|turn|31
|choice|move 1|switch 6
|
|switch|p2a: Alakazam|Alakazam|255\/313 slp
|cant|p1a: Chansey|slp
|
|turn|32
|choice|switch 6|move 3
|
|switch|p1a: Tauros|Tauros|157\/353
|cant|p2a: Alakazam|slp
|
|turn|33
|choice|move 3|switch 6
|
|switch|p2a: Exeggutor|Exeggutor|393\/393
|move|p1a: Tauros|Earthquake|p2a: Exeggutor
|-resisted|p2a: Exeggutor
|-damage|p2a: Exeggutor|351\/393
|
|turn|34
|choice|switch 6|move 3
|
|switch|p1a: Chansey|Chansey|586\/703 slp
|move|p2a: Exeggutor|Psychic|p1a: Chansey
|-damage|p1a: Chansey|474\/703 slp
|-unboost|p1a: Chansey|spd|1
|-unboost|p1a: Chansey|spa|1
|
|turn|35
|choice|move 2|move 3
|
|move|p2a: Exeggutor|Psychic|p1a: Chansey
|-damage|p1a: Chansey|294\/703 slp
|-unboost|p1a: Chansey|spd|1
|-unboost|p1a: Chansey|spa|1
|cant|p1a: Chansey|slp
|
|turn|36
|choice|switch 2|move 3
|
|switch|p1a: Jynx|Jynx|333\/333
|move|p2a: Exeggutor|Psychic|p1a: Jynx
|-resisted|p1a: Jynx
|-damage|p1a: Jynx|272\/333
|
|turn|37
|choice|move 3|switch 6
|
|switch|p2a: Alakazam|Alakazam|255\/313 slp
|move|p1a: Jynx|Ice Beam|p2a: Alakazam
|-damage|p2a: Alakazam|167\/313 slp
|
|turn|38
|choice|move 3|move 3
|
|cant|p2a: Alakazam|slp
|move|p1a: Jynx|Ice Beam|p2a: Alakazam
|-crit|p2a: Alakazam
|-damage|p2a: Alakazam|11\/313 slp
|
|turn|39
|choice|move 3|move 3
|
|cant|p2a: Alakazam|slp
|move|p1a: Jynx|Ice Beam|p2a: Alakazam
|-damage|p2a: Alakazam|0 fnt
|faint|p2a: Alakazam
|choice||switch 6
|
|switch|p2a: Exeggutor|Exeggutor|351\/393
|turn|40
|choice|move 1|move 2
|
|move|p1a: Jynx|Lovely Kiss|p2a: Exeggutor|[miss]
|-miss|p1a: Jynx
|move|p2a: Exeggutor|Stun Spore|p1a: Jynx
|-status|p1a: Jynx|par
|
|turn|41
|choice|move 1|move 3
|
|move|p2a: Exeggutor|Psychic|p1a: Jynx
|-resisted|p1a: Jynx
|-damage|p1a: Jynx|211\/333 par
|move|p1a: Jynx|Lovely Kiss|p2a: Exeggutor
|-status|p2a: Exeggutor|slp
|
|turn|42
|choice|move 3|move 3
|
|cant|p2a: Exeggutor|slp
|move|p1a: Jynx|Ice Beam|p2a: Exeggutor
|-supereffective|p2a: Exeggutor
|-damage|p2a: Exeggutor|157\/393 slp
|
|turn|43
|j|Bomber
|choice|move 3|move 3
|
|cant|p2a: Exeggutor|slp
|cant|p1a: Jynx|par
|
|turn|44
|choice|move 3|move 4
|
|cant|p2a: Exeggutor|slp
|cant|p1a: Jynx|par
|
|turn|45
|l|Bomber
|choice|move 3|move 4
|
|-curestatus|p2a: Exeggutor|slp
|move|p1a: Jynx|Ice Beam|p2a: Exeggutor
|-supereffective|p2a: Exeggutor
|-damage|p2a: Exeggutor|0 fnt
|faint|p2a: Exeggutor
|choice||switch 2
|
|switch|p2a: Rhydon|Rhydon|413\/413
|turn|46
|choice|move 1|move 3
|
|move|p2a: Rhydon|Substitute|p2a: Rhydon
|-start|p2a: Rhydon|Substitute
|-damage|p2a: Rhydon|310\/413
|move|p1a: Jynx|Lovely Kiss|p2a: Rhydon
|-status|p2a: Rhydon|slp
|
|turn|47
|c|★ray strong|right
|c|★ray strong|forgot thats how it is
|choice|move 3|move 1
|
|-curestatus|p2a: Rhydon|slp
|cant|p1a: Jynx|par
|
|turn|48
|c|★Mista Jay|indeed
|choice|move 1|move 2
|
|move|p2a: Rhydon|Rock Slide|p1a: Jynx
|-supereffective|p1a: Jynx
|-damage|p1a: Jynx|0 fnt
|faint|p1a: Jynx
|c|★Mista Jay|that is how it is
|choice|switch 6|
|
|switch|p1a: Tauros|Tauros|157\/353
|turn|49
|choice|move 3|move 1
|
|move|p1a: Tauros|Earthquake|p2a: Rhydon
|-crit|p2a: Rhydon
|-supereffective|p2a: Rhydon
|-end|p2a: Rhydon|Substitute
|move|p2a: Rhydon|Earthquake|p1a: Tauros
|-damage|p1a: Tauros|22\/353
|
|turn|50
|choice|move 4|move 1
|
|move|p1a: Tauros|Blizzard|p2a: Rhydon
|-supereffective|p2a: Rhydon
|-damage|p2a: Rhydon|80\/413
|move|p2a: Rhydon|Earthquake|p1a: Tauros
|-damage|p1a: Tauros|0 fnt
|faint|p1a: Tauros
|choice|switch 2|
|
|switch|p1a: Chansey|Chansey|294\/703 slp
|turn|51
|choice|move 2|move 1
|
|cant|p1a: Chansey|slp
|move|p2a: Rhydon|Earthquake|p1a: Chansey
|-damage|p1a: Chansey|0 fnt
|faint|p1a: Chansey
|choice|switch 3|
|
|switch|p1a: Jolteon|Jolteon|333\/333
|turn|52
|choice|move 1|move 1
|
|move|p1a: Jolteon|Body Slam|p2a: Rhydon
|-crit|p2a: Rhydon
|-resisted|p2a: Rhydon
|-damage|p2a: Rhydon|37\/413
|move|p2a: Rhydon|Earthquake|p1a: Jolteon
|-supereffective|p1a: Jolteon
|-damage|p1a: Jolteon|0 fnt
|faint|p1a: Jolteon
|
|win|ray strong
|player|p1
|player|p2
|c|★Mista Jay|gg
|raw|Mista Jay's rating: 1270 &rarr; <strong>1248<\/strong><br \/>(-22 for losing)
|raw|ray strong's rating: 1303 &rarr; <strong>1322<\/strong><br \/>(+19 for winning)
|l|Mista Jay
|c|★ray strong|gg