|join|bloodyloliokachan
|join|Johnnyg2
|player|p1|bloodyloliokachan|155
|player|p2|Johnnyg2|2
|gametype|singles
|gen|1
|tier|[Gen 1] OU (beta)
|rated
|rule|Sleep Clause Mod: Limit one foe put to sleep
|rule|Species Clause: Limit one of each Pokémon
|rule|OHKO Clause: OHKO moves are banned
|rule|Moody Clause: Moody is banned
|rule|Evasion Moves Clause: Evasion moves are banned
|rule|Endless Battle Clause: Forcing endless battles is banned
|rule|HP Percentage Mod: HP is reported as percentages
|
|start
|switch|p1a: Ganguro|Jynx|333\/333
|switch|p2a: Alakazam|Alakazam|313\/313
|turn|1
|
|move|p2a: Alakazam|Thunder Wave|p1a: Ganguro
|-status|p1a: Ganguro|par
|move|p1a: Ganguro|Lovely Kiss|p2a: Alakazam
|-status|p2a: Alakazam|slp
|
|turn|2
|
|switch|p2a: Lapras|Lapras|463\/463
|cant|p1a: Ganguro|par
|
|turn|3
|
|move|p2a: Lapras|Confuse Ray|p1a: Ganguro
|-start|p1a: Ganguro|confusion
|-activate|p1a: Ganguro|confusion
|-damage|p1a: Ganguro|299\/333 par|[from] confusion
|
|turn|4
|
|switch|p1a: LOL NOPE|Gengar|323\/323
|move|p2a: Lapras|Body Slam|p1a: LOL NOPE
|-immune|p1a: LOL NOPE|[msg]
|
|turn|5
|
|switch|p2a: Exeggutor|Exeggutor|393\/393
|move|p1a: LOL NOPE|Thunderbolt|p2a: Exeggutor
|-resisted|p2a: Exeggutor
|-damage|p2a: Exeggutor|355\/393
|
|turn|6
|
|switch|p1a: Ganguro|Jynx|299\/333 par
|switch|p2a: Golem|Golem|363\/363
|
|turn|7
|
|move|p2a: Golem|Rock Slide|p1a: Ganguro
|-crit|p1a: Ganguro
|-supereffective|p1a: Ganguro
|-damage|p1a: Ganguro|0 fnt
|faint|p1a: Ganguro
|
|
|switch|p1a: Knights of Ni|Exeggutor|393\/393
|turn|8
|
|switch|p2a: Exeggutor|Exeggutor|355\/393
|move|p1a: Knights of Ni|Psychic|p2a: Exeggutor
|-crit|p2a: Exeggutor
|-resisted|p2a: Exeggutor
|-damage|p2a: Exeggutor|247\/393
|
|turn|9
|
|switch|p1a: LOL NOPE|Gengar|323\/323
|move|p2a: Exeggutor|Psychic|p1a: LOL NOPE
|-supereffective|p1a: LOL NOPE
|-damage|p1a: LOL NOPE|108\/323
|-unboost|p1a: LOL NOPE|spd|1
|-unboost|p1a: LOL NOPE|spa|1
|
|turn|10
|
|switch|p2a: Golem|Golem|363\/363
|move|p1a: LOL NOPE|Explosion|p2a: Golem
|-resisted|p2a: Golem
|-damage|p2a: Golem|278\/363
|faint|p1a: LOL NOPE
|
|switch|p1a: Cosmos|Starmie|323\/323
|turn|11
|
|switch|p2a: Lapras|Lapras|463\/463
|move|p1a: Cosmos|Blizzard|p2a: Lapras
|-resisted|p2a: Lapras
|-damage|p2a: Lapras|439\/463
|
|turn|12
|
|switch|p2a: Exeggutor|Exeggutor|247\/393
|move|p1a: Cosmos|Thunder Wave|p2a: Exeggutor
|-status|p2a: Exeggutor|par
|
|turn|13
|
|move|p1a: Cosmos|Blizzard|p2a: Exeggutor
|-supereffective|p2a: Exeggutor
|-damage|p2a: Exeggutor|77\/393 par
|move|p2a: Exeggutor|Sleep Powder|p1a: Cosmos
|-status|p1a: Cosmos|slp
|
|turn|14
|
|switch|p1a: Bear Puns|Snorlax|523\/523
|move|p2a: Exeggutor|Rest|p2a: Exeggutor
|-status|p2a: Exeggutor|slp
|-heal|p2a: Exeggutor|393\/393 slp|[silent]
|-status|p2a: Exeggutor|slp|[from] move: Rest
|
|turn|15
|
|switch|p2a: Golem|Golem|278\/363
|move|p1a: Bear Puns|Body Slam|p2a: Golem
|-resisted|p2a: Golem
|-damage|p2a: Golem|232\/363
|
|turn|16
|
|switch|p2a: Lapras|Lapras|439\/463
|move|p1a: Bear Puns|Earthquake|p2a: Lapras
|-damage|p2a: Lapras|345\/463
|
|turn|17
|
|move|p2a: Lapras|Blizzard|p1a: Bear Puns
|-damage|p1a: Bear Puns|350\/523
|move|p1a: Bear Puns|Body Slam|p2a: Lapras
|-damage|p2a: Lapras|223\/463
|
|turn|18
|join|jowm
|
|move|p2a: Lapras|Blizzard|p1a: Bear Puns
|-crit|p1a: Bear Puns
|-damage|p1a: Bear Puns|0 fnt
|faint|p1a: Bear Puns
|
|
|switch|p1a: Silver Tauros|Tauros|353\/353
|turn|19
|
|move|p1a: Silver Tauros|Blizzard|p2a: Lapras
|-resisted|p2a: Lapras
|-damage|p2a: Lapras|205\/463
|move|p2a: Lapras|Blizzard|p1a: Silver Tauros
|-damage|p1a: Silver Tauros|171\/353
|
|turn|20
|
|switch|p2a: Golem|Golem|232\/363
|move|p1a: Silver Tauros|Body Slam|p2a: Golem
|-resisted|p2a: Golem
|-damage|p2a: Golem|194\/363
|-status|p2a: Golem|par
|
|turn|21
|
|switch|p2a: Lapras|Lapras|205\/463
|move|p1a: Silver Tauros|Blizzard|p2a: Lapras
|-resisted|p2a: Lapras
|-damage|p2a: Lapras|187\/463
|
|turn|22
|
|move|p1a: Silver Tauros|Body Slam|p2a: Lapras
|-damage|p2a: Lapras|75\/463
|move|p2a: Lapras|Blizzard|p1a: Silver Tauros
|-damage|p1a: Silver Tauros|0 fnt
|faint|p1a: Silver Tauros
|
|
|switch|p1a: Knights of Ni|Exeggutor|393\/393
|turn|23
|
|move|p2a: Lapras|Blizzard|p1a: Knights of Ni
|-supereffective|p1a: Knights of Ni
|-damage|p1a: Knights of Ni|160\/393
|move|p1a: Knights of Ni|Psychic|p2a: Lapras
|-crit|p2a: Lapras
|-damage|p2a: Lapras|0 fnt
|faint|p2a: Lapras
|
|
|switch|p2a: Zapdos|Zapdos|383\/383
|turn|24
|
|move|p2a: Zapdos|Drill Peck|p1a: Knights of Ni
|-supereffective|p1a: Knights of Ni
|-damage|p1a: Knights of Ni|0 fnt
|faint|p1a: Knights of Ni
|
|chat|jowm|this was fun to watch lol :D 
|
|switch|p1a: Cosmos|Starmie|323\/323 slp
|turn|25
|
|cant|p1a: Cosmos|slp
|move|p2a: Zapdos|Thunderbolt|p1a: Cosmos
|-supereffective|p1a: Cosmos
|-damage|p1a: Cosmos|42\/323 slp
|
|turn|26
|
|cant|p1a: Cosmos|slp
|-curestatus|p1a: Cosmos|slp
|move|p2a: Zapdos|Thunderbolt|p1a: Cosmos
|-supereffective|p1a: Cosmos
|-damage|p1a: Cosmos|0 fnt
|faint|p1a: Cosmos
|
|win|Johnnyg2
|raw|Ladder updating...
|raw|bloodyloliokachan's rating: 1284 &rarr; <strong>1261<\/strong><br \/>(-23 for losing)
|raw|Johnnyg2's rating: 1315 &rarr; <strong>1334<\/strong><br \/>(+19 for winning)
|leave|Johnnyg2
|player|p2
|leave|jowm