|join|WAT_U_THINKIN
|join|jb champ
|player|p1|WAT_U_THINKIN|78
|player|p2|jb champ|150
|gametype|singles
|gen|1
|tier|[Gen 1] OU (beta)
|rated
|rule|Sleep Clause Mod: Limit one foe put to sleep
|rule|Species Clause: Limit one of each Pokemon
|rule|OHKO Clause: OHKO moves are banned
|rule|Moody Clause: Moody is banned
|rule|Evasion Moves Clause: Evasion moves are banned
|rule|Endless Battle Clause: Forcing endless battles is banned.
|rule|HP Percentage Mod: HP is reported as percentages
|
|start
|switch|p1a: Exeggutor|Exeggutor|393\/393
|switch|p2a: Gengar|Gengar|323\/323
|turn|1
|join|Schaaphaar123
|
|move|p2a: Gengar|Hypnosis|p1a: Exeggutor|[miss]
|-miss|p2a: Gengar
|move|p1a: Exeggutor|Psychic|p2a: Gengar
|-supereffective|p2a: Gengar
|-damage|p2a: Gengar|126\/323
|
|turn|2
|
|move|p2a: Gengar|Hypnosis|p1a: Exeggutor
|-status|p1a: Exeggutor|slp
|cant|p1a: Exeggutor|slp
|
|turn|3
|
|switch|p2a: Slowbro|Slowbro|393\/393
|switch|p1a: Alakazam|Alakazam|313\/313
|
|turn|4
|
|move|p1a: Alakazam|Thunder Wave|p2a: Slowbro
|-status|p2a: Slowbro|par
|move|p2a: Slowbro|Thunder Wave|p1a: Alakazam
|-status|p1a: Alakazam|par
|
|turn|5
|
|move|p1a: Alakazam|Seismic Toss|p2a: Slowbro
|-damage|p2a: Slowbro|293\/393 par
|cant|p2a: Slowbro|par
|
|turn|6
|
|cant|p1a: Alakazam|par
|move|p2a: Slowbro|Amnesia|p2a: Slowbro
|-boost|p2a: Slowbro|spd|2
|-boost|p2a: Slowbro|spa|2
|
|turn|7
|
|cant|p1a: Alakazam|par
|cant|p2a: Slowbro|par
|
|turn|8
|
|move|p1a: Alakazam|Seismic Toss|p2a: Slowbro
|-damage|p2a: Slowbro|193\/393 par
|cant|p2a: Slowbro|par
|
|turn|9
|
|move|p1a: Alakazam|Seismic Toss|p2a: Slowbro
|-damage|p2a: Slowbro|93\/393 par
|move|p2a: Slowbro|Rest|p2a: Slowbro
|-status|p2a: Slowbro|slp
|-heal|p2a: Slowbro|393\/393 slp|[silent]
|-status|p2a: Slowbro|slp|[from] move: Rest
|
|turn|10
|
|switch|p1a: Jolteon|Jolteon|333\/333
|cant|p2a: Slowbro|slp
|
|turn|11
|join|Piexplode
|
|switch|p2a: Golem|Golem|363\/363
|move|p1a: Jolteon|Thunderbolt|p2a: Golem
|-immune|p2a: Golem|[msg]
|
|turn|12
|
|switch|p1a: Snorlax|Snorlax|523\/523
|move|p2a: Golem|Rock Slide|p1a: Snorlax
|-damage|p1a: Snorlax|396\/523
|
|turn|13
|
|switch|p2a: Gengar|Gengar|126\/323
|move|p1a: Snorlax|Earthquake|p2a: Gengar
|-supereffective|p2a: Gengar
|-damage|p2a: Gengar|0 fnt
|faint|p2a: Gengar
|
|
|switch|p2a: Golem|Golem|363\/363
|turn|14
|
|move|p2a: Golem|Earthquake|p1a: Snorlax
|-damage|p1a: Snorlax|240\/523
|move|p1a: Snorlax|Earthquake|p2a: Golem
|-supereffective|p2a: Golem
|-damage|p2a: Golem|231\/363
|
|turn|15
|
|move|p2a: Golem|Earthquake|p1a: Snorlax
|-damage|p1a: Snorlax|89\/523
|move|p1a: Snorlax|Surf|p2a: Golem
|-supereffective|p2a: Golem
|-damage|p2a: Golem|0 fnt
|faint|p2a: Golem
|
|
|switch|p2a: Alakazam|Alakazam|313\/313
|turn|16
|chat|Piexplode|ooh I've never seen surflax before
|
|switch|p1a: Alakazam|Alakazam|313\/313 par
|move|p2a: Alakazam|Psychic|p1a: Alakazam
|-resisted|p1a: Alakazam
|-damage|p1a: Alakazam|262\/313 par
|
|turn|17
|join|purple piplup
|chat|WAT_U_THINKIN|:)
|
|switch|p2a: Slowbro|Slowbro|393\/393 slp
|move|p1a: Alakazam|Thunder Wave|p2a: Slowbro
|-fail|p2a: Slowbro
|
|turn|18
|leave|purple piplup
|chat|jb champ|they all run surf
|
|switch|p1a: Jolteon|Jolteon|333\/333
|cant|p2a: Slowbro|slp
|-curestatus|p2a: Slowbro|slp
|
|turn|19
|chat|Piexplode|I've basically never played RBY tho in fairness
|chat|jb champ|yeah i figured
|
|switch|p2a: Chansey|Chansey|703\/703
|move|p1a: Jolteon|Thunder Wave|p2a: Chansey
|-status|p2a: Chansey|par
|
|turn|20
|
|switch|p1a: Cloyster|Cloyster|303\/303
|move|p2a: Chansey|Thunder Wave|p1a: Cloyster
|-status|p1a: Cloyster|par
|
|turn|21
|
|cant|p1a: Cloyster|par
|cant|p2a: Chansey|par
|
|turn|22
|
|move|p1a: Cloyster|Explosion|p2a: Chansey
|-crit|p2a: Chansey
|-damage|p2a: Chansey|0 fnt
|faint|p2a: Chansey
|faint|p1a: Cloyster
|chat|Piexplode|turn 21 so exciting
|
|switch|p2a: Alakazam|Alakazam|313\/313
|switch|p1a: Gengar|Gengar|323\/323
|turn|23
|
|move|p2a: Alakazam|Psychic|p1a: Gengar
|-supereffective|p1a: Gengar
|-damage|p1a: Gengar|116\/323
|move|p1a: Gengar|Hypnosis|p2a: Alakazam|[miss]
|-miss|p1a: Gengar
|
|turn|24
|
|switch|p1a: Alakazam|Alakazam|262\/313 par
|move|p2a: Alakazam|Psychic|p1a: Alakazam
|-crit|p1a: Alakazam
|-resisted|p1a: Alakazam
|-damage|p1a: Alakazam|151\/313 par
|
|turn|25
|
|switch|p2a: Slowbro|Slowbro|393\/393
|move|p1a: Alakazam|Recover|p1a: Alakazam
|-heal|p1a: Alakazam|307\/313 par
|
|turn|26
|
|move|p2a: Slowbro|Thunder Wave|p1a: Alakazam|[miss]
|-miss|p2a: Slowbro
|move|p1a: Alakazam|Thunder Wave|p2a: Slowbro
|-status|p2a: Slowbro|par
|
|turn|27
|chat|Piexplode|no tauros?
|
|switch|p1a: Snorlax|Snorlax|89\/523
|move|p2a: Slowbro|Thunder Wave|p1a: Snorlax
|-status|p1a: Snorlax|par
|
|turn|28
|
|move|p1a: Snorlax|Self-Destruct|p2a: Slowbro
|-damage|p2a: Slowbro|113\/393 par
|faint|p1a: Snorlax
|chat|Piexplode|and for jb, no snorlax? xD
|
|switch|p1a: Jolteon|Jolteon|333\/333
|turn|29
|
|switch|p2a: Alakazam|Alakazam|313\/313
|move|p1a: Jolteon|Thunderbolt|p2a: Alakazam
|-damage|p2a: Alakazam|213\/313
|
|turn|30
|chat|jb champ|hate snorlax
|
|switch|p1a: Alakazam|Alakazam|307\/313 par
|move|p2a: Alakazam|Thunder Wave|p1a: Alakazam
|-fail|p1a: Alakazam|par
|
|turn|31
|chat|Piexplode|depending on what the last mon is ofc
|chat|Piexplode|fair enough
|
|move|p2a: Alakazam|Seismic Toss|p1a: Alakazam
|-damage|p1a: Alakazam|207\/313 par
|move|p1a: Alakazam|Seismic Toss|p2a: Alakazam
|-damage|p2a: Alakazam|113\/313
|
|turn|32
|chat|WAT_U_THINKIN|I much prefer second gen
|chat|WAT_U_THINKIN|no one plays though
|
|move|p2a: Alakazam|Recover|p2a: Alakazam
|-heal|p2a: Alakazam|269\/313
|cant|p1a: Alakazam|par
|
|turn|33
|
|move|p2a: Alakazam|Seismic Toss|p1a: Alakazam
|-damage|p1a: Alakazam|107\/313 par
|move|p1a: Alakazam|Thunder Wave|p2a: Alakazam
|-status|p2a: Alakazam|par
|
|turn|34
|
|switch|p2a: Tauros|Tauros|353\/353
|cant|p1a: Alakazam|par
|
|turn|35
|
|switch|p1a: Gengar|Gengar|116\/323
|move|p2a: Tauros|Earthquake|p1a: Gengar
|-supereffective|p1a: Gengar
|-damage|p1a: Gengar|0 fnt
|faint|p1a: Gengar
|
|
|switch|p1a: Jolteon|Jolteon|333\/333
|turn|36
|
|switch|p2a: Alakazam|Alakazam|269\/313 par
|move|p1a: Jolteon|Thunder Wave|p2a: Alakazam
|-fail|p2a: Alakazam|par
|
|turn|37
|
|switch|p2a: Tauros|Tauros|353\/353
|move|p1a: Jolteon|Pin Missile|p2a: Tauros|[miss]
|-miss|p1a: Jolteon
|
|turn|38
|
|switch|p2a: Alakazam|Alakazam|269\/313 par
|move|p1a: Jolteon|Thunder Wave|p2a: Alakazam
|-fail|p2a: Alakazam|par
|
|turn|39
|
|move|p1a: Jolteon|Thunder Wave|p2a: Alakazam
|-fail|p2a: Alakazam|par
|move|p2a: Alakazam|Thunder Wave|p1a: Jolteon
|-status|p1a: Jolteon|par
|
|turn|40
|chat|WAT_U_THINKIN|out predicted me like 3 turns running
|chat|Piexplode|osnap
|chat|Piexplode|the predictions
|
|move|p1a: Jolteon|Pin Missile|p2a: Alakazam
|-supereffective|p2a: Alakazam
|-damage|p2a: Alakazam|241\/313 par
|-damage|p2a: Alakazam|213\/313 par
|-damage|p2a: Alakazam|185\/313 par
|-damage|p2a: Alakazam|157\/313 par
|-hitcount|p2a: Alakazam|4
|cant|p2a: Alakazam|par
|
|turn|41
|
|move|p1a: Jolteon|Thunder Wave|p2a: Alakazam
|-fail|p2a: Alakazam|par
|move|p2a: Alakazam|Psychic|p1a: Jolteon
|-damage|p1a: Jolteon|218\/333 par
|-unboost|p1a: Jolteon|spd|1
|-unboost|p1a: Jolteon|spa|1
|
|turn|42
|
|cant|p1a: Jolteon|par
|move|p2a: Alakazam|Psychic|p1a: Jolteon
|-damage|p1a: Jolteon|41\/333 par
|-unboost|p1a: Jolteon|spd|1
|-unboost|p1a: Jolteon|spa|1
|
|turn|43
|chat|Piexplode|o son of a snap
|
|cant|p1a: Jolteon|par
|move|p2a: Alakazam|Seismic Toss|p1a: Jolteon
|-damage|p1a: Jolteon|0 fnt
|faint|p1a: Jolteon
|
|chat|Piexplode|the hax
|
|switch|p1a: Alakazam|Alakazam|107\/313 par
|turn|44
|chat|Piexplode|cool jolteon tho
|chat|jb champ|first gen
|
|move|p2a: Alakazam|Seismic Toss|p1a: Alakazam
|-damage|p1a: Alakazam|7\/313 par
|move|p1a: Alakazam|Recover|p1a: Alakazam
|-heal|p1a: Alakazam|163\/313 par
|
|turn|45
|
|move|p2a: Alakazam|Seismic Toss|p1a: Alakazam
|-damage|p1a: Alakazam|63\/313 par
|move|p1a: Alakazam|Seismic Toss|p2a: Alakazam
|-damage|p2a: Alakazam|57\/313 par
|
|turn|46
|
|move|p2a: Alakazam|Seismic Toss|p1a: Alakazam
|-damage|p1a: Alakazam|0 fnt
|faint|p1a: Alakazam
|
|
|switch|p1a: Exeggutor|Exeggutor|393\/393 slp
|turn|47
|
|switch|p2a: Tauros|Tauros|353\/353
|cant|p1a: Exeggutor|slp
|
|turn|48
|chat|Piexplode|! the great wall has fallen
|
|move|p2a: Tauros|Blizzard|p1a: Exeggutor
|-supereffective|p1a: Exeggutor
|-damage|p1a: Exeggutor|270\/393 slp
|cant|p1a: Exeggutor|slp
|
|turn|49
|chat|WAT_U_THINKIN|gg
|
|move|p2a: Tauros|Body Slam|p1a: Exeggutor
|-damage|p1a: Exeggutor|159\/393 slp
|cant|p1a: Exeggutor|slp
|
|turn|50
|
|move|p2a: Tauros|Hyper Beam|p1a: Exeggutor
|-damage|p1a: Exeggutor|0 fnt
|faint|p1a: Exeggutor
|
|win|jb champ
|raw|Ladder updating...
|raw|WAT_U_THINKIN's rating: 1188 &rarr; <strong>1172<\/strong><br \/>(-16 for losing)
|raw|jb champ's rating: 1326 &rarr; <strong>1338<\/strong><br \/>(+12 for winning)
|chat|jb champ|gg