|join|the jews
|join|I'mYodaAMA
|player|p1|the jews|101
|player|p2|I'mYodaAMA|109
|gametype|singles
|gen|1
|tier|[Gen 1] Random Battle
|rated
|rule|Sleep Clause Mod: Limit one foe put to sleep
|rule|Freeze Clause Mod: Limit one foe frozen
|rule|HP Percentage Mod: HP is shown in percentages
|
|start
|switch|p1a: Aerodactyl|Aerodactyl, L90|327\/327
|switch|p2a: Jynx|Jynx, L79|265\/265
|turn|1
|
|move|p1a: Aerodactyl|Hyper Beam|p2a: Jynx
|-damage|p2a: Jynx|47\/265
|move|p2a: Jynx|Lovely Kiss|p1a: Aerodactyl
|-status|p1a: Aerodactyl|slp
|
|turn|2
|-mustrecharge|p1a: Aerodactyl
|-mustrecharge|p1a: Aerodactyl
|
|cant|p1a: Aerodactyl|recharge
|move|p2a: Jynx|Blizzard|p1a: Aerodactyl
|-supereffective|p1a: Aerodactyl
|-damage|p1a: Aerodactyl|74\/327 slp
|
|turn|3
|
|switch|p1a: Magneton|Magneton, L90|273\/273
|move|p2a: Jynx|Psychic|p1a: Magneton
|-damage|p1a: Magneton|209\/273
|
|turn|4
|
|switch|p2a: Rhyhorn|Rhyhorn, L96|348\/348
|move|p1a: Magneton|Thunderbolt|p2a: Rhyhorn
|-immune|p2a: Rhyhorn|[msg]
|
|turn|5
|
|switch|p1a: Metapod|Metapod, L99|300\/300
|move|p2a: Rhyhorn|Rock Slide|p1a: Metapod
|-supereffective|p1a: Metapod
|-damage|p1a: Metapod|100\/300
|
|turn|6
|
|move|p1a: Metapod|String Shot|p2a: Rhyhorn
|-unboost|p2a: Rhyhorn|spe|1
|move|p2a: Rhyhorn|Rock Slide|p1a: Metapod
|-supereffective|p1a: Metapod
|-damage|p1a: Metapod|0 fnt
|faint|p1a: Metapod
|
|switch|p1a: Mankey|Mankey, L96|272\/272
|turn|7
|
|switch|p2a: Farfetch'd|Farfetch'd, L99|304\/304
|move|p1a: Mankey|Submission|p2a: Farfetch'd
|-damage|p2a: Farfetch'd|193\/304
|-damage|p1a: Mankey|245\/272|[from] recoil|[of] p2a: Farfetch'd
|
|turn|8
|
|switch|p1a: Aerodactyl|Aerodactyl, L90|74\/327 slp
|move|p2a: Farfetch'd|Swords Dance|p2a: Farfetch'd
|-boost|p2a: Farfetch'd|atk|2
|
|turn|9
|
|cant|p1a: Aerodactyl|slp
|move|p2a: Farfetch'd|Slash|p1a: Aerodactyl
|-crit|p1a: Aerodactyl
|-resisted|p1a: Aerodactyl
|-damage|p1a: Aerodactyl|0 fnt
|faint|p1a: Aerodactyl
|
|switch|p1a: Zapdos|Zapdos, L79|304\/304
|turn|10
|
|switch|p1a: Mankey|Mankey, L96|245\/272
|switch|p2a: Rhyhorn|Rhyhorn, L96|348\/348
|
|turn|11
|
|switch|p2a: Farfetch'd|Farfetch'd, L99|193\/304
|move|p1a: Mankey|Submission|p2a: Farfetch'd
|-damage|p2a: Farfetch'd|83\/304
|-damage|p1a: Mankey|218\/272|[from] recoil|[of] p2a: Farfetch'd
|
|turn|12
|c|★I'mYodaAMA|well played
|
|move|p1a: Mankey|Rock Slide|p2a: Farfetch'd
|-crit|p2a: Farfetch'd
|-supereffective|p2a: Farfetch'd
|-damage|p2a: Farfetch'd|0 fnt
|faint|p2a: Farfetch'd
|
|switch|p2a: Starmie|Starmie, L79|257\/257
|turn|13
|
|switch|p1a: Magneton|Magneton, L90|209\/273
|move|p2a: Starmie|Thunderbolt|p1a: Magneton
|-resisted|p1a: Magneton
|-damage|p1a: Magneton|186\/273
|
|turn|14
|
|switch|p2a: Rhyhorn|Rhyhorn, L96|348\/348
|switch|p1a: Mankey|Mankey, L96|218\/272
|
|turn|15
|
|switch|p2a: Jynx|Jynx, L79|47\/265
|move|p1a: Mankey|Body Slam|p2a: Jynx
|-damage|p2a: Jynx|0 fnt
|faint|p2a: Jynx
|
|switch|p2a: Chansey|Chansey, L79|557\/557
|turn|16
|
|move|p1a: Mankey|Submission|p2a: Chansey
|-supereffective|p2a: Chansey
|-damage|p2a: Chansey|23\/557
|-damage|p1a: Mankey|85\/272|[from] recoil|[of] p2a: Chansey
|move|p2a: Chansey|Reflect|p2a: Chansey
|-start|p2a: Chansey|Reflect
|
|turn|17
|
|move|p1a: Mankey|Body Slam|p2a: Chansey
|-crit|p2a: Chansey
|-damage|p2a: Chansey|0 fnt
|faint|p2a: Chansey
|
|switch|p2a: Machoke|Machoke, L85|310\/310
|turn|18
|
|switch|p1a: Zapdos|Zapdos, L79|304\/304
|move|p2a: Machoke|Mega Kick|p1a: Zapdos|[miss]
|-miss|p2a: Machoke
|
|turn|19
|
|move|p1a: Zapdos|Drill Peck|p2a: Machoke
|-supereffective|p2a: Machoke
|-damage|p2a: Machoke|142\/310
|move|p2a: Machoke|Mega Kick|p1a: Zapdos
|-crit|p1a: Zapdos
|-damage|p1a: Zapdos|101\/304
|
|turn|20
|
|switch|p1a: Mankey|Mankey, L96|85\/272
|switch|p2a: Rhyhorn|Rhyhorn, L96|348\/348
|
|turn|21
|c|★I'mYodaAMA|okay. are you just getting lucky or what? whats the deal?
|
|move|p1a: Mankey|Submission|p2a: Rhyhorn
|-crit|p2a: Rhyhorn
|-supereffective|p2a: Rhyhorn
|-damage|p2a: Rhyhorn|20\/348
|-damage|p1a: Mankey|3\/272|[from] recoil|[of] p2a: Rhyhorn
|move|p2a: Rhyhorn|Earthquake|p1a: Mankey
|-damage|p1a: Mankey|0 fnt
|faint|p1a: Mankey
|
|switch|p1a: Ekans|Ekans, L96|262\/262
|turn|22
|
|move|p1a: Ekans|Earthquake|p2a: Rhyhorn
|-crit|p2a: Rhyhorn
|-supereffective|p2a: Rhyhorn
|-damage|p2a: Rhyhorn|0 fnt
|faint|p2a: Rhyhorn
|-message|I'mYodaAMA forfeited.
|
|win|the jews
|raw|Ladder updating...
|leave|I'mYodaAMA
|player|p2
|raw|the jews's rating: 1182 &rarr; <strong>1199<\/strong><br \/>(+17 for winning)
|raw|I&apos;mYodaAMA's rating: 1054 &rarr; <strong>1042<\/strong><br \/>(-12 for losing)