|join|andrewandres
|join|reymo24
|player|p1|andrewandres|1
|player|p2|reymo24|99
|gametype|singles
|gen|1
|tier|[Gen 1] Random Battle
|rated
|rule|Sleep Clause Mod: Limit one foe put to sleep
|rule|Freeze Clause Mod: Limit one foe frozen
|rule|HP Percentage Mod: HP is shown in percentages
|
|start
|switch|p1a: Venomoth|Venomoth, L85|293\/293
|switch|p2a: Mewtwo|Mewtwo, L70|293\/293
|turn|1
|
|move|p2a: Mewtwo|Psychic|p1a: Venomoth
|-supereffective|p1a: Venomoth
|-damage|p1a: Venomoth|116\/293
|move|p1a: Venomoth|Sleep Powder|p2a: Mewtwo
|-status|p2a: Mewtwo|slp
|
|turn|2
|
|switch|p1a: Mankey|Mankey, L96|272\/272
|cant|p2a: Mewtwo|slp
|
|turn|3
|
|cant|p2a: Mewtwo|slp
|move|p1a: Mankey|Body Slam|p2a: Mewtwo
|-damage|p2a: Mewtwo|218\/293 slp
|
|turn|4
|
|cant|p2a: Mewtwo|slp
|move|p1a: Mankey|Mega Kick|p2a: Mewtwo
|-damage|p2a: Mewtwo|108\/293 slp
|
|turn|5
|
|cant|p2a: Mewtwo|slp
|move|p1a: Mankey|Mega Kick|p2a: Mewtwo|[miss]
|-miss|p1a: Mankey
|
|turn|6
|
|cant|p2a: Mewtwo|slp
|-curestatus|p2a: Mewtwo|slp
|move|p1a: Mankey|Mega Kick|p2a: Mewtwo|[miss]
|-miss|p1a: Mankey
|
|turn|7
|
|move|p2a: Mewtwo|Recover|p2a: Mewtwo
|-heal|p2a: Mewtwo|254\/293
|move|p1a: Mankey|Mega Kick|p2a: Mewtwo|[miss]
|-miss|p1a: Mankey
|
|turn|8
|
|move|p2a: Mewtwo|Psychic|p1a: Mankey
|-supereffective|p1a: Mankey
|-damage|p1a: Mankey|12\/272
|move|p1a: Mankey|Body Slam|p2a: Mewtwo
|-crit|p2a: Mewtwo
|-damage|p2a: Mewtwo|110\/293
|-status|p2a: Mewtwo|par
|
|turn|9
|
|move|p1a: Mankey|Mega Kick|p2a: Mewtwo
|-damage|p2a: Mewtwo|0 fnt
|faint|p2a: Mewtwo
|
|switch|p2a: Rapidash|Rapidash, L85|284\/284
|turn|10
|
|move|p2a: Rapidash|Body Slam|p1a: Mankey
|-damage|p1a: Mankey|0 fnt
|faint|p1a: Mankey
|join|carlitos15
|
|switch|p1a: Hypno|Hypno, L85|318\/318
|turn|11
|
|move|p2a: Rapidash|Toxic|p1a: Hypno|[miss]
|-miss|p2a: Rapidash
|move|p1a: Hypno|Thunder Wave|p2a: Rapidash
|-status|p2a: Rapidash|par
|
|turn|12
|
|move|p1a: Hypno|Psychic|p2a: Rapidash
|-crit|p2a: Rapidash
|-damage|p2a: Rapidash|56\/284 par
|move|p2a: Rapidash|Toxic|p1a: Hypno
|-status|p1a: Hypno|tox
|
|turn|13
|
|move|p1a: Hypno|Psychic|p2a: Rapidash
|-damage|p2a: Rapidash|0 fnt
|faint|p2a: Rapidash
|
|switch|p2a: Geodude|Geodude, L96|272\/272
|turn|14
|
|move|p1a: Hypno|Psychic|p2a: Geodude
|-damage|p2a: Geodude|95\/272
|-damage|p1a: Hypno|299\/318 tox|[from] tox|[of] p2a: Geodude
|move|p2a: Geodude|Earthquake|p1a: Hypno
|-damage|p1a: Hypno|167\/318 tox
|
|turn|15
|
|move|p1a: Hypno|Psychic|p2a: Geodude
|-damage|p2a: Geodude|0 fnt
|faint|p2a: Geodude
|
|switch|p2a: Tangela|Tangela, L85|284\/284
|turn|16
|
|move|p1a: Hypno|Thunder Wave|p2a: Tangela
|-status|p2a: Tangela|par
|-damage|p1a: Hypno|129\/318 tox|[from] tox|[of] p2a: Tangela
|move|p2a: Tangela|Body Slam|p1a: Hypno
|-damage|p1a: Hypno|78\/318 tox
|
|turn|17
|
|move|p1a: Hypno|Psychic|p2a: Tangela
|-damage|p2a: Tangela|182\/284 par
|-unboost|p2a: Tangela|spd|1
|-unboost|p2a: Tangela|spa|1
|-damage|p1a: Hypno|21\/318 tox|[from] tox|[of] p2a: Tangela
|move|p2a: Tangela|Body Slam|p1a: Hypno
|-damage|p1a: Hypno|0 fnt
|faint|p1a: Hypno
|
|switch|p1a: Magmar|Magmar, L85|284\/284
|turn|18
|
|move|p1a: Magmar|Fire Blast|p2a: Tangela
|-supereffective|p2a: Tangela
|-damage|p2a: Tangela|0 fnt
|faint|p2a: Tangela
|
|switch|p2a: Rhyhorn|Rhyhorn, L96|348\/348
|turn|19
|
|switch|p1a: Primeape|Primeape, L85|284\/284
|move|p2a: Rhyhorn|Earthquake|p1a: Primeape
|-damage|p1a: Primeape|121\/284
|
|turn|20
|
|switch|p2a: Dragonite|Dragonite, L85|328\/328
|move|p1a: Primeape|Submission|p2a: Dragonite
|-resisted|p2a: Dragonite
|-damage|p2a: Dragonite|286\/328
|-damage|p1a: Primeape|111\/284|[from] recoil|[of] p2a: Dragonite
|
|turn|21
|
|move|p1a: Primeape|Rock Slide|p2a: Dragonite
|-supereffective|p2a: Dragonite
|-damage|p2a: Dragonite|171\/328
|move|p2a: Dragonite|Agility|p2a: Dragonite
|-boost|p2a: Dragonite|spe|2
|
|turn|22
|
|move|p2a: Dragonite|Thunderbolt|p1a: Primeape
|-damage|p1a: Primeape|18\/284
|move|p1a: Primeape|Rock Slide|p2a: Dragonite|[miss]
|-miss|p1a: Primeape
|
|turn|23
|
|move|p2a: Dragonite|Thunderbolt|p1a: Primeape
|-damage|p1a: Primeape|0 fnt
|faint|p1a: Primeape
|c|★andrewandres|my god..
|c|★reymo24|so much missing
|
|switch|p1a: Magmar|Magmar, L85|284\/284
|turn|24
|c| carlitos15|pues has perdido
|
|move|p2a: Dragonite|Thunder Wave|p1a: Magmar
|-status|p1a: Magmar|par
|cant|p1a: Magmar|par
|
|turn|25
|
|move|p2a: Dragonite|Thunderbolt|p1a: Magmar
|-damage|p1a: Magmar|208\/284 par
|move|p1a: Magmar|Body Slam|p2a: Dragonite
|-damage|p2a: Dragonite|115\/328
|-status|p2a: Dragonite|par
|
|turn|26
|
|move|p2a: Dragonite|Thunderbolt|p1a: Magmar
|-damage|p1a: Magmar|134\/284 par
|cant|p1a: Magmar|par
|
|turn|27
|
|cant|p2a: Dragonite|par
|cant|p1a: Magmar|par
|
|turn|28
|c|★andrewandres|goooooooood
|
|move|p2a: Dragonite|Thunderbolt|p1a: Magmar
|-damage|p1a: Magmar|63\/284 par
|move|p1a: Magmar|Hyper Beam|p2a: Dragonite
|-damage|p2a: Dragonite|15\/328 par
|
|turn|29
|
|move|p2a: Dragonite|Thunderbolt|p1a: Magmar
|-damage|p1a: Magmar|0 fnt
|faint|p1a: Magmar
|
|switch|p1a: Venomoth|Venomoth, L85|116\/293
|turn|30
|
|move|p1a: Venomoth|Psychic|p2a: Dragonite
|-damage|p2a: Dragonite|0 fnt
|faint|p2a: Dragonite
|
|switch|p2a: Rhyhorn|Rhyhorn, L96|348\/348
|turn|31
|
|move|p1a: Venomoth|Mega Drain|p2a: Rhyhorn
|-supereffective|p2a: Rhyhorn
|-damage|p2a: Rhyhorn|169\/348
|-heal|p1a: Venomoth|205\/293|[from] drain|[of] p2a: Rhyhorn
|move|p2a: Rhyhorn|Rock Slide|p1a: Venomoth
|-supereffective|p1a: Venomoth
|-damage|p1a: Venomoth|0 fnt
|faint|p1a: Venomoth
|
|switch|p1a: Magneton|Magneton, L85|259\/259
|turn|32
|c|★andrewandres|ups
|c|★andrewandres|tenia que haberlodormido
|c| carlitos15|sip
|
|move|p1a: Magneton|Mimic|p2a: Rhyhorn
|-start|p1a: Magneton|Mimic|Rock Slide
|move|p2a: Rhyhorn|Earthquake|p1a: Magneton
|-supereffective|p1a: Magneton
|-damage|p1a: Magneton|6\/259
|
|turn|33
|
|move|p1a: Magneton|Hyper Beam|p2a: Rhyhorn
|-resisted|p2a: Rhyhorn
|-damage|p2a: Rhyhorn|137\/348
|move|p2a: Rhyhorn|Earthquake|p1a: Magneton
|-supereffective|p1a: Magneton
|-damage|p1a: Magneton|0 fnt
|faint|p1a: Magneton
|
|win|reymo24
|raw|Ladder updating...
|c|★reymo24|gg
|raw|andrewandres's rating: 1466 &rarr; <strong>1435<\/strong><br \/>(-31 for losing)
|raw|reymo24's rating: 1245 &rarr; <strong>1284<\/strong><br \/>(+39 for winning)
|c|★andrewandres|stupid lucker
|leave|andrewandres
|player|p1
|c| carlitos15|LUCKER
|c|★reymo24|salt much
|c| carlitos15|yes
|c| carlitos15|and sugar