|join|marcoasd
|join|bloodyloliokachan
|player|p1|marcoasd|1
|player|p2|bloodyloliokachan|155
|gametype|singles
|gen|1
|tier|[Gen 1] OU (beta)
|rated
|rule|Sleep Clause Mod: Limit one foe put to sleep
|rule|Species Clause: Limit one of each Pokémon
|rule|OHKO Clause: OHKO moves are banned
|rule|Moody Clause: Moody is banned
|rule|Evasion Moves Clause: Evasion moves are banned
|rule|Endless Battle Clause: Forcing endless battles is banned
|rule|HP Percentage Mod: HP is reported as percentages
|
|start
|switch|p1a: Alakazam|Alakazam|313\/313
|switch|p2a: Ganguro|Jynx|333\/333
|turn|1
|
|move|p1a: Alakazam|Thunder Wave|p2a: Ganguro
|-status|p2a: Ganguro|par
|cant|p2a: Ganguro|par
|
|turn|2
|
|switch|p1a: Rhydon|Rhydon|413\/413
|move|p2a: Ganguro|Lovely Kiss|p1a: Rhydon
|-status|p1a: Rhydon|slp
|
|turn|3
|
|switch|p1a: Lapras|Lapras|463\/463
|move|p2a: Ganguro|Blizzard|p1a: Lapras
|-resisted|p1a: Lapras
|-damage|p1a: Lapras|427\/463
|
|turn|4
|
|move|p1a: Lapras|Thunderbolt|p2a: Ganguro
|-damage|p2a: Ganguro|261\/333 par
|move|p2a: Ganguro|Psychic|p1a: Lapras
|-damage|p1a: Lapras|325\/463
|-unboost|p1a: Lapras|spd|1
|-unboost|p1a: Lapras|spa|1
|
|turn|5
|
|switch|p1a: Alakazam|Alakazam|313\/313
|switch|p2a: LOL NOPE|Gengar|323\/323
|
|turn|6
|
|switch|p2a: Bear Puns|Snorlax|523\/523
|move|p1a: Alakazam|Reflect|p1a: Alakazam
|
|turn|7
|
|move|p1a: Alakazam|Psychic|p2a: Bear Puns
|-damage|p2a: Bear Puns|362\/523
|move|p2a: Bear Puns|Earthquake|p1a: Alakazam
|-damage|p1a: Alakazam|249\/313
|
|turn|8
|
|move|p1a: Alakazam|Thunder Wave|p2a: Bear Puns
|-status|p2a: Bear Puns|par
|move|p2a: Bear Puns|Body Slam|p1a: Alakazam
|-damage|p1a: Alakazam|163\/313
|
|turn|9
|
|move|p1a: Alakazam|Recover|p1a: Alakazam
|-heal|p1a: Alakazam|313\/313
|move|p2a: Bear Puns|Body Slam|p1a: Alakazam
|-damage|p1a: Alakazam|232\/313
|
|turn|10
|
|move|p1a: Alakazam|Psychic|p2a: Bear Puns
|-damage|p2a: Bear Puns|186\/523 par
|move|p2a: Bear Puns|Body Slam|p1a: Alakazam
|-damage|p1a: Alakazam|143\/313
|-status|p1a: Alakazam|par
|
|turn|11
|
|cant|p1a: Alakazam|par
|move|p2a: Bear Puns|Self-Destruct|p1a: Alakazam
|-crit|p1a: Alakazam
|-damage|p1a: Alakazam|0 fnt
|faint|p1a: Alakazam
|faint|p2a: Bear Puns
|
|switch|p1a: Tauros|Tauros|353\/353
|switch|p2a: Ganguro|Jynx|261\/333 par
|turn|12
|
|move|p1a: Tauros|Earthquake|p2a: Ganguro
|-damage|p2a: Ganguro|127\/333 par
|cant|p2a: Ganguro|par
|
|turn|13
|
|move|p1a: Tauros|Earthquake|p2a: Ganguro
|-damage|p2a: Ganguro|0 fnt
|faint|p2a: Ganguro
|
|
|switch|p2a: Cosmos|Starmie|323\/323
|turn|14
|
|switch|p1a: Snorlax|Snorlax|523\/523
|move|p2a: Cosmos|Blizzard|p1a: Snorlax|[miss]
|-miss|p2a: Cosmos
|
|turn|15
|
|move|p2a: Cosmos|Thunder Wave|p1a: Snorlax
|-status|p1a: Snorlax|par
|move|p1a: Snorlax|Body Slam|p2a: Cosmos
|-damage|p2a: Cosmos|211\/323
|
|turn|16
|
|move|p2a: Cosmos|Blizzard|p1a: Snorlax
|-damage|p1a: Snorlax|409\/523 par
|move|p1a: Snorlax|Body Slam|p2a: Cosmos
|-damage|p2a: Cosmos|95\/323
|-status|p2a: Cosmos|par
|
|turn|17
|
|move|p2a: Cosmos|Recover|p2a: Cosmos
|-heal|p2a: Cosmos|256\/323 par
|move|p1a: Snorlax|Body Slam|p2a: Cosmos
|-damage|p2a: Cosmos|143\/323 par
|
|turn|18
|
|move|p2a: Cosmos|Recover|p2a: Cosmos
|-heal|p2a: Cosmos|304\/323 par
|move|p1a: Snorlax|Earthquake|p2a: Cosmos
|-damage|p2a: Cosmos|211\/323 par
|
|turn|19
|
|switch|p2a: LOL NOPE|Gengar|323\/323
|move|p1a: Snorlax|Body Slam|p2a: LOL NOPE
|-immune|p2a: LOL NOPE|[msg]
|
|turn|20
|
|move|p2a: LOL NOPE|Thunderbolt|p1a: Snorlax
|-damage|p1a: Snorlax|286\/523 par
|move|p1a: Snorlax|Earthquake|p2a: LOL NOPE
|-supereffective|p2a: LOL NOPE
|-damage|p2a: LOL NOPE|85\/323
|
|turn|21
|
|move|p2a: LOL NOPE|Explosion|p1a: Snorlax
|-crit|p1a: Snorlax
|-damage|p1a: Snorlax|0 fnt
|faint|p1a: Snorlax
|faint|p2a: LOL NOPE
|
|switch|p1a: Lapras|Lapras|325\/463
|switch|p2a: Knights of Ni|Exeggutor|393\/393
|turn|22
|
|move|p1a: Lapras|Blizzard|p2a: Knights of Ni
|-crit|p2a: Knights of Ni
|-supereffective|p2a: Knights of Ni
|-damage|p2a: Knights of Ni|0 fnt
|faint|p2a: Knights of Ni
|
|
|switch|p2a: Cosmos|Starmie|211\/323 par
|turn|23
|
|move|p1a: Lapras|Thunderbolt|p2a: Cosmos
|-supereffective|p2a: Cosmos
|-damage|p2a: Cosmos|60\/323 par
|move|p2a: Cosmos|Blizzard|p1a: Lapras
|-resisted|p1a: Lapras
|-damage|p1a: Lapras|303\/463
|
|turn|24
|
|move|p1a: Lapras|Thunderbolt|p2a: Cosmos
|-supereffective|p2a: Cosmos
|-damage|p2a: Cosmos|0 fnt
|faint|p2a: Cosmos
|
|
|switch|p2a: Silver Tauros|Tauros|353\/353
|turn|25
|
|move|p2a: Silver Tauros|Body Slam|p1a: Lapras
|-crit|p1a: Lapras
|-damage|p1a: Lapras|79\/463
|-status|p1a: Lapras|par
|cant|p1a: Lapras|par
|
|turn|26
|
|move|p2a: Silver Tauros|Body Slam|p1a: Lapras
|-crit|p1a: Lapras
|-damage|p1a: Lapras|0 fnt
|faint|p1a: Lapras
|
|
|switch|p1a: Tauros|Tauros|353\/353
|turn|27
|
|move|p1a: Tauros|Body Slam|p2a: Silver Tauros
|-crit|p2a: Silver Tauros
|-damage|p2a: Silver Tauros|158\/353
|move|p2a: Silver Tauros|Body Slam|p1a: Tauros
|-damage|p1a: Tauros|243\/353
|
|turn|28
|
|move|p1a: Tauros|Hyper Beam|p2a: Silver Tauros
|-damage|p2a: Silver Tauros|0 fnt
|faint|p2a: Silver Tauros
|
|win|marcoasd
|raw|Ladder updating...
|chat|marcoasd|gg
|raw|marcoasd's rating: 1528 &rarr; <strong>1536<\/strong><br \/>(+8 for winning)
|raw|bloodyloliokachan's rating: 1296 &rarr; <strong>1286<\/strong><br \/>(-10 for losing)