|j|Parnasect
|j|Thiag02
|player|p1|Parnasect|115
|player|p2|Thiag02|169
|gametype|singles
|gen|1
|tier|[Gen 1] Random Battle
|rated
|seed|36561,33975,14316,46059
|rule|Sleep Clause Mod: Limit one foe put to sleep
|rule|Freeze Clause Mod: Limit one foe frozen
|rule|HP Percentage Mod: HP is shown in percentages
|
|start
|switch|p1a: Nidoqueen|Nidoqueen, L85|327\/327
|switch|p2a: Tangela|Tangela, L85|284\/284
|turn|1
|choice|move 2|switch 5
|
|switch|p2a: Venomoth|Venomoth, L85|293\/293
|move|p1a: Nidoqueen|Blizzard|p2a: Venomoth
|-damage|p2a: Venomoth|221\/293
|
|turn|2
|choice|switch 3|move 3
|
|switch|p1a: Charmeleon|Charmeleon, L85|272\/272
|move|p2a: Venomoth|Psychic|p1a: Charmeleon
|-damage|p1a: Charmeleon|198\/272
|
|turn|3
|choice|move 2|move 1
|
|move|p2a: Venomoth|Sleep Powder|p1a: Charmeleon
|-status|p1a: Charmeleon|slp
|cant|p1a: Charmeleon|slp
|
|turn|4
|choice|switch 5|switch 3
|
|switch|p2a: Staryu|Staryu, L90|237\/237
|switch|p1a: Snorlax|Snorlax, L79|415\/415
|
|turn|5
|choice|move 4|switch 4
|
|switch|p2a: Machoke|Machoke, L85|310\/310
|move|p1a: Snorlax|Ice Beam|p2a: Machoke
|-damage|p2a: Machoke|244\/310
|
|turn|6
|choice|switch 4|move 2
|
|switch|p1a: Pinsir|Pinsir, L85|284\/284
|move|p2a: Machoke|Earthquake|p1a: Pinsir
|-resisted|p1a: Pinsir
|-damage|p1a: Pinsir|251\/284
|
|turn|7
|choice|move 3|move 1
|
|move|p1a: Pinsir|Swords Dance|p1a: Pinsir
|-boost|p1a: Pinsir|atk|2
|move|p2a: Machoke|Rock Slide|p1a: Pinsir
|-crit|p1a: Pinsir
|-supereffective|p1a: Pinsir
|-damage|p1a: Pinsir|38\/284
|
|turn|8
|choice|move 2|move 3
|
|move|p1a: Pinsir|Hyper Beam|p2a: Machoke
|-damage|p2a: Machoke|0 fnt
|faint|p2a: Machoke
|choice||switch 3
|
|switch|p2a: Venomoth|Venomoth, L85|221\/293
|turn|9
|choice|move 2|move 3
|
|move|p2a: Venomoth|Psychic|p1a: Pinsir
|-damage|p1a: Pinsir|0 fnt
|faint|p1a: Pinsir
|choice|switch 4|
|
|switch|p1a: Snorlax|Snorlax, L79|415\/415
|turn|10
|choice|move 1|switch 2
|
|switch|p2a: Alakazam|Alakazam, L79|249\/249
|move|p1a: Snorlax|Amnesia|p1a: Snorlax
|-boost|p1a: Snorlax|spd|2
|-boost|p1a: Snorlax|spa|2
|
|turn|11
|choice|move 2|switch 6
|
|switch|p2a: Moltres|Moltres, L85|327\/327
|move|p1a: Snorlax|Self-Destruct|p2a: Moltres
|-damage|p2a: Moltres|70\/327
|faint|p1a: Snorlax
|choice|switch 6|
|
|switch|p1a: Machamp|Machamp, L90|345\/345
|turn|12
|choice|move 1|move 3
|
|move|p2a: Moltres|Sky Attack|p1a: Machamp|[still]
|-prepare|p2a: Moltres|Sky Attack|p1a: Machamp
|move|p1a: Machamp|Body Slam|p2a: Moltres
|-damage|p2a: Moltres|0 fnt
|faint|p2a: Moltres
|choice||switch 6
|
|switch|p2a: Alakazam|Alakazam, L79|249\/249
|turn|13
|choice|switch 5|move 1
|
|switch|p1a: Charmeleon|Charmeleon, L85|198\/272 slp
|move|p2a: Alakazam|Psychic|p1a: Charmeleon
|-damage|p1a: Charmeleon|74\/272 slp
|
|turn|14
|choice|move 2|move 1
|
|move|p2a: Alakazam|Psychic|p1a: Charmeleon
|-damage|p1a: Charmeleon|0 fnt
|faint|p1a: Charmeleon
|choice|switch 2|
|
|switch|p1a: Slowbro|Slowbro, L79|312\/312
|turn|15
|choice|move 2|switch 2
|
|switch|p2a: Venomoth|Venomoth, L85|221\/293
|move|p1a: Slowbro|Thunder Wave|p2a: Venomoth
|-status|p2a: Venomoth|par
|
|turn|16
|choice|move 1|move 2
|
|move|p1a: Slowbro|Amnesia|p1a: Slowbro
|-boost|p1a: Slowbro|spd|2
|-boost|p1a: Slowbro|spa|2
|cant|p2a: Venomoth|par
|
|turn|17
|choice|move 1|move 1
|
|move|p1a: Slowbro|Amnesia|p1a: Slowbro
|-boost|p1a: Slowbro|spd|2
|-boost|p1a: Slowbro|spa|2
|move|p2a: Venomoth|Sleep Powder|p1a: Slowbro
|-status|p1a: Slowbro|slp
|
|turn|18
|choice|move 1|switch 5
|
|switch|p2a: Tangela|Tangela, L85|284\/284
|cant|p1a: Slowbro|slp
|
|turn|19
|choice|move 1|move 3
|
|move|p2a: Tangela|Swords Dance|p2a: Tangela
|-boost|p2a: Tangela|atk|2
|cant|p1a: Slowbro|slp
|
|turn|20
|choice|move 1|move 3
|
|move|p2a: Tangela|Swords Dance|p2a: Tangela
|-boost|p2a: Tangela|atk|2
|cant|p1a: Slowbro|slp
|
|turn|21
|choice|move 1|move 3
|
|move|p2a: Tangela|Swords Dance|p2a: Tangela
|-boost|p2a: Tangela|atk|2
|cant|p1a: Slowbro|slp
|
|turn|22
|choice|move 2|move 4
|
|move|p2a: Tangela|Hyper Beam|p1a: Slowbro
|-damage|p1a: Slowbro|39\/312 slp
|-curestatus|p1a: Slowbro|slp
|
|turn|23
|-mustrecharge|p2a: Tangela
|-mustrecharge|p2a: Tangela
|choice|move 2|move 1
|
|cant|p2a: Tangela|recharge
|move|p1a: Slowbro|Thunder Wave|p2a: Tangela
|-status|p2a: Tangela|par
|
|turn|24
|choice|move 3|move 2
|
|move|p1a: Slowbro|Rest|p1a: Slowbro
|-status|p1a: Slowbro|slp
|-heal|p1a: Slowbro|312\/312 slp|[silent]
|-status|p1a: Slowbro|slp|[from] move: Rest
|move|p2a: Tangela|Body Slam|p1a: Slowbro
|-damage|p1a: Slowbro|165\/312 slp
|
|turn|25
|choice|move 1|move 4
|
|cant|p1a: Slowbro|slp
|move|p2a: Tangela|Hyper Beam|p1a: Slowbro
|-damage|p1a: Slowbro|0 fnt
|faint|p1a: Slowbro
|choice|switch 3|
|
|switch|p1a: Nidoqueen|Nidoqueen, L85|327\/327
|turn|26
|choice|move 2|move 4
|
|move|p1a: Nidoqueen|Blizzard|p2a: Tangela
|-supereffective|p2a: Tangela
|-damage|p2a: Tangela|150\/284 par
|move|p2a: Tangela|Hyper Beam|p1a: Nidoqueen|[miss]
|-miss|p2a: Tangela
|
|turn|27
|choice|move 2|move 4
|
|move|p1a: Nidoqueen|Blizzard|p2a: Tangela
|-supereffective|p2a: Tangela
|-damage|p2a: Tangela|15\/284 par
|move|p2a: Tangela|Hyper Beam|p1a: Nidoqueen
|-damage|p1a: Nidoqueen|30\/327
|
|turn|28
|-mustrecharge|p2a: Tangela
|-mustrecharge|p2a: Tangela
|choice|move 4|move 1
|
|move|p1a: Nidoqueen|Body Slam|p2a: Tangela
|-crit|p2a: Tangela
|-damage|p2a: Tangela|0 fnt
|faint|p2a: Tangela
|choice||switch 4
|
|switch|p2a: Staryu|Staryu, L90|237\/237
|turn|29
|choice|move 3|move 3
|
|move|p2a: Staryu|Surf|p1a: Nidoqueen
|-supereffective|p1a: Nidoqueen
|-damage|p1a: Nidoqueen|0 fnt
|faint|p1a: Nidoqueen
|choice|switch 5|
|
|switch|p1a: Machamp|Machamp, L90|345\/345
|turn|30
|choice|move 3|move 4
|
|move|p2a: Staryu|Thunder Wave|p1a: Machamp
|-status|p1a: Machamp|par
|move|p1a: Machamp|Hyper Beam|p2a: Staryu
|-damage|p2a: Staryu|67\/237
|
|turn|31
|-mustrecharge|p1a: Machamp
|-mustrecharge|p1a: Machamp
|choice|move 1|move 3
|
|move|p2a: Staryu|Surf|p1a: Machamp
|-damage|p1a: Machamp|244\/345 par
|cant|p1a: Machamp|recharge
|
|turn|32
|choice|move 3|move 3
|
|move|p2a: Staryu|Surf|p1a: Machamp
|-damage|p1a: Machamp|138\/345 par
|cant|p1a: Machamp|par
|
|turn|33
|choice|move 3|switch 5
|
|switch|p2a: Venomoth|Venomoth, L85|221\/293 par
|move|p1a: Machamp|Hyper Beam|p2a: Venomoth
|-crit|p2a: Venomoth
|-damage|p2a: Venomoth|0 fnt
|faint|p2a: Venomoth
|choice||switch 2
|
|switch|p2a: Alakazam|Alakazam, L79|249\/249
|turn|34
|choice|move 3|move 1
|
|move|p2a: Alakazam|Psychic|p1a: Machamp
|-crit|p1a: Machamp
|-supereffective|p1a: Machamp
|-damage|p1a: Machamp|0 fnt
|faint|p1a: Machamp
|
|win|Thiag02
|raw|Parnasect's rating: 1326 &rarr; <strong>1301<\/strong><br \/>(-25 for losing)
|raw|Thiag02's rating: 1245 &rarr; <strong>1276<\/strong><br \/>(+31 for winning)
|l|Parnasect
|player|p1