|join|Enigami
|join|Sederts
|player|p1|Enigami|169
|player|p2|Sederts|250
|gametype|singles
|gen|1
|tier|[Gen 1] OU
|rule|Sleep Clause Mod: Limit one foe put to sleep
|rule|Freeze Clause Mod: Limit one foe frozen
|rule|Species Clause: Limit one of each Pokémon
|rule|OHKO Clause: OHKO moves are banned
|rule|Evasion Moves Clause: Evasion moves are banned
|rule|HP Percentage Mod: HP is shown in percentages
|
|start
|switch|p1a: Alakazam|Alakazam|313\/313
|switch|p2a: Jynx|Jynx|333\/333
|turn|1
|
|move|p1a: Alakazam|Thunder Wave|p2a: Jynx
|-status|p2a: Jynx|par
|move|p2a: Jynx|Lovely Kiss|p1a: Alakazam
|-status|p1a: Alakazam|slp
|
|turn|2
|
|switch|p1a: Starmie|Starmie|323\/323
|switch|p2a: Snorlax|Snorlax|523\/523
|
|turn|3
|
|move|p1a: Starmie|Thunder Wave|p2a: Snorlax
|-status|p2a: Snorlax|par
|move|p2a: Snorlax|Body Slam|p1a: Starmie
|-damage|p1a: Starmie|212\/323
|
|turn|4
|
|switch|p1a: Snorlax|Snorlax|523\/523
|move|p2a: Snorlax|Body Slam|p1a: Snorlax
|-damage|p1a: Snorlax|385\/523
|
|turn|5
|c|★Sederts|yeah im here
|c|★Sederts|just thinking
|c|★Sederts|sorry
|
|cant|p2a: Snorlax|par
|move|p1a: Snorlax|Counter|p2a: Snorlax
|-damage|p2a: Snorlax|247\/523 par
|
|turn|6
|c|★Sederts|ouch i eqed too
|c|★Sederts|hmmm
|
|switch|p2a: Exeggutor|Exeggutor|393\/393
|move|p1a: Snorlax|Body Slam|p2a: Exeggutor
|-damage|p2a: Exeggutor|267\/393
|-status|p2a: Exeggutor|par
|
|turn|7
|
|switch|p1a: Alakazam|Alakazam|313\/313 slp
|move|p2a: Exeggutor|Explosion|p1a: Alakazam
|-damage|p1a: Alakazam|0 fnt
|faint|p1a: Alakazam
|faint|p2a: Exeggutor
|
|switch|p1a: Snorlax|Snorlax|385\/523
|switch|p2a: Jynx|Jynx|333\/333 par
|turn|8
|
|move|p1a: Snorlax|Self-Destruct|p2a: Jynx
|-damage|p2a: Jynx|0 fnt
|faint|p2a: Jynx
|faint|p1a: Snorlax
|
|switch|p2a: Zapdos|Zapdos|383\/383
|switch|p1a: Exeggutor|Exeggutor|393\/393
|turn|9
|c|★Enigami|:{
|c|★Sederts|d\/ced
|c|★Sederts|sorry
|
|switch|p2a: Snorlax|Snorlax|247\/523 par
|switch|p1a: Rhydon|Rhydon|413\/413
|
|turn|10
|
|move|p1a: Rhydon|Substitute|p1a: Rhydon
|-start|p1a: Rhydon|Substitute
|-damage|p1a: Rhydon|310\/413
|cant|p2a: Snorlax|par
|
|turn|11
|
|move|p1a: Rhydon|Earthquake|p2a: Snorlax
|-damage|p2a: Snorlax|65\/523 par
|cant|p2a: Snorlax|par
|
|turn|12
|c|★Sederts|hm
|
|move|p1a: Rhydon|Earthquake|p2a: Snorlax
|-damage|p2a: Snorlax|0 fnt
|faint|p2a: Snorlax
|
|switch|p2a: Chansey|Chansey|703\/703
|turn|13
|
|move|p2a: Chansey|Ice Beam|p1a: Rhydon
|-supereffective|p1a: Rhydon
|-end|p1a: Rhydon|Substitute
|move|p1a: Rhydon|Earthquake|p2a: Chansey
|-damage|p2a: Chansey|324\/703
|
|turn|14
|
|move|p2a: Chansey|Ice Beam|p1a: Rhydon
|-supereffective|p1a: Rhydon
|-damage|p1a: Rhydon|85\/413
|move|p1a: Rhydon|Earthquake|p2a: Chansey
|-damage|p2a: Chansey|0 fnt
|faint|p2a: Chansey
|
|switch|p2a: Tauros|Tauros|353\/353
|turn|15
|
|switch|p1a: Starmie|Starmie|212\/323
|move|p2a: Tauros|Earthquake|p1a: Starmie
|-damage|p1a: Starmie|122\/323
|
|turn|16
|
|move|p1a: Starmie|Thunder Wave|p2a: Tauros
|-status|p2a: Tauros|par
|move|p2a: Tauros|Hyper Beam|p1a: Starmie
|-damage|p1a: Starmie|0 fnt
|faint|p1a: Starmie
|
|switch|p1a: Tauros|Tauros|353\/353
|turn|17
|
|switch|p2a: Zapdos|Zapdos|383\/383
|move|p1a: Tauros|Body Slam|p2a: Zapdos
|-damage|p2a: Zapdos|270\/383
|
|turn|18
|
|switch|p1a: Rhydon|Rhydon|85\/413
|move|p2a: Zapdos|Drill Peck|p1a: Rhydon
|-resisted|p1a: Rhydon
|-damage|p1a: Rhydon|48\/413
|
|turn|19
|
|move|p2a: Zapdos|Drill Peck|p1a: Rhydon
|-resisted|p1a: Rhydon
|-damage|p1a: Rhydon|9\/413
|move|p1a: Rhydon|Rock Slide|p2a: Zapdos|[miss]
|-miss|p1a: Rhydon
|
|turn|20
|c|★Enigami|-_-
|
|move|p2a: Zapdos|Drill Peck|p1a: Rhydon
|-resisted|p1a: Rhydon
|-damage|p1a: Rhydon|0 fnt
|faint|p1a: Rhydon
|
|switch|p1a: Exeggutor|Exeggutor|393\/393
|turn|21
|
|switch|p2a: Tauros|Tauros|353\/353 par
|move|p1a: Exeggutor|Sleep Powder|p2a: Tauros|[miss]
|-miss|p1a: Exeggutor
|
|turn|22
|
|move|p1a: Exeggutor|Psychic|p2a: Tauros
|-damage|p2a: Tauros|198\/353 par
|-unboost|p2a: Tauros|spd|1
|-unboost|p2a: Tauros|spa|1
|move|p2a: Tauros|Blizzard|p1a: Exeggutor
|-supereffective|p1a: Exeggutor
|-damage|p1a: Exeggutor|307\/393
|
|turn|23
|
|switch|p1a: Tauros|Tauros|353\/353
|move|p2a: Tauros|Blizzard|p1a: Tauros
|-damage|p1a: Tauros|288\/353
|
|turn|24
|
|move|p1a: Tauros|Body Slam|p2a: Tauros
|-damage|p2a: Tauros|88\/353 par
|move|p2a: Tauros|Hyper Beam|p1a: Tauros|[miss]
|-miss|p2a: Tauros
|
|turn|25
|c|★Enigami|Sorry.
|
|move|p1a: Tauros|Body Slam|p2a: Tauros
|-crit|p2a: Tauros
|-damage|p2a: Tauros|0 fnt
|faint|p2a: Tauros
|
|switch|p2a: Zapdos|Zapdos|270\/383
|turn|26
|
|move|p1a: Tauros|Body Slam|p2a: Zapdos
|-damage|p2a: Zapdos|167\/383
|-status|p2a: Zapdos|par
|move|p2a: Zapdos|Thunder Wave|p1a: Tauros
|-status|p1a: Tauros|par
|
|turn|27
|c|★Sederts|nah it's ok risk management  is what gives pokemon it's appeal
|c|★Enigami|I know.
|c|★Sederts|otherwise we'd all be sitting around playing chess
|c|★Enigami|Still sucks when it happens though.
|
|move|p1a: Tauros|Hyper Beam|p2a: Zapdos
|-damage|p2a: Zapdos|0 fnt
|faint|p2a: Zapdos
|
|win|Enigami
|c|★Sederts|gg
|c|★Enigami|gg
|leave|Enigami
|player|p1