|join|prototokos
|join|andrewandres
|player|p1|prototokos|170
|player|p2|andrewandres|7
|gametype|singles
|gen|1
|tier|[Gen 1] Random Battle
|rated
|rule|Sleep Clause Mod: Limit one foe put to sleep
|rule|Freeze Clause Mod: Limit one foe frozen
|rule|HP Percentage Mod: HP is shown in percentages
|
|start
|switch|p1a: Flareon|Flareon, L85|284\/284
|switch|p2a: Omanyte|Omanyte, L96|262\/262
|turn|1
|
|switch|p1a: Dewgong|Dewgong, L85|327\/327
|move|p2a: Omanyte|Blizzard|p1a: Dewgong
|-resisted|p1a: Dewgong
|-damage|p1a: Dewgong|305\/327
|
|turn|2
|
|move|p1a: Dewgong|Body Slam|p2a: Omanyte
|-resisted|p2a: Omanyte
|-damage|p2a: Omanyte|241\/262
|move|p2a: Omanyte|Seismic Toss|p1a: Dewgong
|-damage|p1a: Dewgong|209\/327
|
|turn|3
|
|switch|p1a: Haunter|Haunter, L85|250\/250
|move|p2a: Omanyte|Seismic Toss|p1a: Haunter
|-damage|p1a: Haunter|154\/250
|
|turn|4
|
|move|p1a: Haunter|Hypnosis|p2a: Omanyte
|-status|p2a: Omanyte|slp
|cant|p2a: Omanyte|slp
|-curestatus|p2a: Omanyte|slp
|
|turn|5
|
|move|p1a: Haunter|Mega Drain|p2a: Omanyte
|-supereffective|p2a: Omanyte
|-damage|p2a: Omanyte|120\/262
|-heal|p1a: Haunter|214\/250|[from] drain|[of] p2a: Omanyte
|move|p2a: Omanyte|Seismic Toss|p1a: Haunter
|-damage|p1a: Haunter|118\/250
|
|turn|6
|
|move|p1a: Haunter|Mega Drain|p2a: Omanyte
|-supereffective|p2a: Omanyte
|-damage|p2a: Omanyte|6\/262
|-heal|p1a: Haunter|175\/250|[from] drain|[of] p2a: Omanyte
|move|p2a: Omanyte|Surf|p1a: Haunter
|-damage|p1a: Haunter|71\/250
|
|turn|7
|
|move|p1a: Haunter|Mega Drain|p2a: Omanyte
|-supereffective|p2a: Omanyte
|-damage|p2a: Omanyte|0 fnt
|-heal|p1a: Haunter|74\/250|[from] drain|[of] p2a: Omanyte
|faint|p2a: Omanyte
|
|switch|p2a: Vileplume|Vileplume, L85|301\/301
|turn|8
|
|move|p1a: Haunter|Hypnosis|p2a: Vileplume
|-status|p2a: Vileplume|slp
|cant|p2a: Vileplume|slp
|
|turn|9
|
|switch|p2a: Cloyster|Cloyster, L83|253\/253
|move|p1a: Haunter|Psychic|p2a: Cloyster
|-crit|p2a: Cloyster
|-damage|p2a: Cloyster|110\/253
|-unboost|p2a: Cloyster|spd|1
|-unboost|p2a: Cloyster|spa|1
|
|turn|10
|
|move|p1a: Haunter|Thunderbolt|p2a: Cloyster
|-supereffective|p2a: Cloyster
|-damage|p2a: Cloyster|0 fnt
|faint|p2a: Cloyster
|
|switch|p2a: Hitmonchan|Hitmonchan, L85|259\/259
|turn|11
|
|move|p1a: Haunter|Psychic|p2a: Hitmonchan
|-crit|p2a: Hitmonchan
|-supereffective|p2a: Hitmonchan
|-damage|p2a: Hitmonchan|0 fnt
|faint|p2a: Hitmonchan
|c|★andrewandres|stupid lucker
|c|★andrewandres|my god..
|c|★andrewandres|2 critics
|c|★prototokos|call me prototokos
|
|switch|p2a: Golem|Golem, L79|288\/288
|turn|12
|c|★prototokos|but true
|c|★prototokos|today i'm extremelly lucky
|
|move|p1a: Haunter|Mega Drain|p2a: Golem
|-crit|p2a: Golem
|-supereffective|p2a: Golem
|-damage|p2a: Golem|0 fnt
|-heal|p1a: Haunter|218\/250|[from] drain|[of] p2a: Golem
|faint|p2a: Golem
|c|★prototokos|hahhaha
|c|★prototokos|sorry man
|c|★andrewandres|not worry
|c|★andrewandres|i have your IP
|c|★andrewandres|^^
|c|★andrewandres|your photos
|c|★prototokos|hahhahahhahha
|c|★andrewandres|videos
|c|★andrewandres|documents
|c|★andrewandres|and more more more
|c|★andrewandres|will be deleted or put in itnernet
|c|★andrewandres|jijiji
|c|★andrewandres|dont worry if i los
|c|★andrewandres|XDXDXD
|
|switch|p2a: Nidoqueen|Nidoqueen, L85|327\/327
|turn|13
|c|★prototokos|hahhhahahhhahha
|
|move|p1a: Haunter|Psychic|p2a: Nidoqueen
|-supereffective|p2a: Nidoqueen
|-damage|p2a: Nidoqueen|171\/327
|move|p2a: Nidoqueen|Earthquake|p1a: Haunter
|-supereffective|p1a: Haunter
|-damage|p1a: Haunter|0 fnt
|faint|p1a: Haunter
|-message|andrewandres forfeited.
|
|switch|p1a: Jynx|Jynx, L79|265\/265
|turn|14
|leave|andrewandres
|
|win|prototokos
|raw|Ladder updating...
|player|p2
|raw|prototokos's rating: 1313 &rarr; <strong>1335<\/strong><br \/>(+22 for winning)
|raw|andrewandres's rating: 1343 &rarr; <strong>1322<\/strong><br \/>(-21 for losing)
|c|★prototokos|that's  what i call deepthroating