|join|Dary0903
|join|Merlin Engine
|player|p1|Dary0903|1
|player|p2|Merlin Engine|165
|gametype|singles
|gen|1
|tier|[Gen 1] Random Battle
|rated
|seed|36720,18237,29100,62337
|rule|Sleep Clause Mod: Limit one foe put to sleep
|rule|Freeze Clause Mod: Limit one foe frozen
|rule|HP Percentage Mod: HP is shown in percentages
|
|start
|switch|p1a: Ditto|Ditto, L99|296\/296
|switch|p2a: Ekans|Ekans, L96|262\/262
|turn|1
|choice|switch 4|move 2
|
|switch|p1a: Articuno|Articuno, L79|304\/304
|move|p2a: Ekans|Body Slam|p1a: Articuno
|-damage|p1a: Articuno|249\/304
|
|turn|2
|choice|move 4|move 4
|
|move|p1a: Articuno|Reflect|p1a: Articuno
|-start|p1a: Articuno|Reflect
|move|p2a: Ekans|Glare|p1a: Articuno|[miss]
|-miss|p2a: Ekans
|
|turn|3
|choice|move 2|move 4
|
|move|p1a: Articuno|Blizzard|p2a: Ekans|[miss]
|-miss|p1a: Articuno
|move|p2a: Ekans|Glare|p1a: Articuno|[miss]
|-miss|p2a: Ekans
|
|turn|4
|c|★Merlin Engine|the what?
|choice|move 2|move 4
|
|move|p1a: Articuno|Blizzard|p2a: Ekans|[miss]
|-miss|p1a: Articuno
|move|p2a: Ekans|Glare|p1a: Articuno|[miss]
|-miss|p2a: Ekans
|
|turn|5
|c|★Merlin Engine|dafuq
|choice|move 2|move 4
|
|move|p1a: Articuno|Blizzard|p2a: Ekans
|-crit|p2a: Ekans
|-damage|p2a: Ekans|0 fnt
|faint|p2a: Ekans
|choice||switch 2
|
|switch|p2a: Pikachu|Pikachu, L96|262\/262
|turn|6
|choice|switch 3|move 4
|
|switch|p1a: Exeggutor|Exeggutor, L79|312\/312
|move|p2a: Pikachu|Surf|p1a: Exeggutor
|-resisted|p1a: Exeggutor
|-damage|p1a: Exeggutor|286\/312
|
|turn|7
|choice|move 1|move 2
|
|move|p2a: Pikachu|Thunder Wave|p1a: Exeggutor
|-status|p1a: Exeggutor|par
|move|p1a: Exeggutor|Sleep Powder|p2a: Pikachu
|-status|p2a: Pikachu|slp
|
|turn|8
|choice|move 4|switch 5
|
|switch|p2a: Moltres|Moltres, L85|327\/327
|move|p1a: Exeggutor|Psychic|p2a: Moltres
|-damage|p2a: Moltres|256\/327
|
|turn|9
|choice|move 2|move 1
|
|move|p2a: Moltres|Fire Blast|p1a: Exeggutor
|-supereffective|p1a: Exeggutor
|-damage|p1a: Exeggutor|11\/312 par
|move|p1a: Exeggutor|Explosion|p2a: Moltres
|-damage|p2a: Moltres|59\/327
|faint|p1a: Exeggutor
|choice|switch 2|
|
|switch|p1a: Persian|Persian, L79|265\/265
|turn|10
|choice|move 2|switch 6
|
|switch|p2a: Golem|Golem, L79|288\/288
|move|p1a: Persian|Bubble Beam|p2a: Golem
|-crit|p2a: Golem
|-supereffective|p2a: Golem
|-damage|p2a: Golem|0 fnt
|faint|p2a: Golem
|choice||switch 3
|
|switch|p2a: Venomoth|Venomoth, L85|293\/293
|turn|11
|choice|move 3|move 3
|
|move|p1a: Persian|Thunderbolt|p2a: Venomoth
|-damage|p2a: Venomoth|247\/293
|move|p2a: Venomoth|Sleep Powder|p1a: Persian|[miss]
|-miss|p2a: Venomoth
|
|turn|12
|choice|move 3|move 3
|
|move|p1a: Persian|Thunderbolt|p2a: Venomoth
|-damage|p2a: Venomoth|204\/293
|move|p2a: Venomoth|Sleep Powder|p1a: Persian
|-status|p1a: Persian|slp
|
|turn|13
|choice|switch 3|switch 4
|
|switch|p1a: Articuno|Articuno, L79|249\/304
|switch|p2a: Kabutops|Kabutops, L85|276\/276
|
|turn|14
|choice|move 4|move 2
|
|move|p2a: Kabutops|Swords Dance|p2a: Kabutops
|-boost|p2a: Kabutops|atk|2
|move|p1a: Articuno|Reflect|p1a: Articuno
|-start|p1a: Articuno|Reflect
|
|turn|15
|choice|move 2|move 2
|
|move|p2a: Kabutops|Swords Dance|p2a: Kabutops
|-boost|p2a: Kabutops|atk|2
|move|p1a: Articuno|Blizzard|p2a: Kabutops
|-crit|p2a: Kabutops
|-resisted|p2a: Kabutops
|-damage|p2a: Kabutops|130\/276
|
|turn|16
|choice|move 2|move 2
|
|move|p2a: Kabutops|Swords Dance|p2a: Kabutops
|-boost|p2a: Kabutops|atk|2
|move|p1a: Articuno|Blizzard|p2a: Kabutops|[miss]
|-miss|p1a: Articuno
|
|turn|17
|choice|move 2|move 1
|
|move|p2a: Kabutops|Body Slam|p1a: Articuno
|-crit|p1a: Articuno
|-damage|p1a: Articuno|126\/304
|move|p1a: Articuno|Blizzard|p2a: Kabutops
|-resisted|p2a: Kabutops
|-damage|p2a: Kabutops|53\/276
|
|turn|18
|choice|move 2|move 1
|
|move|p2a: Kabutops|Body Slam|p1a: Articuno
|-damage|p1a: Articuno|0 fnt
|faint|p1a: Articuno
|choice|switch 6|
|
|switch|p1a: Jolteon|Jolteon, L79|265\/265
|turn|19
|choice|move 1|move 3
|
|move|p1a: Jolteon|Thunderbolt|p2a: Kabutops
|-supereffective|p2a: Kabutops
|-damage|p2a: Kabutops|0 fnt
|faint|p2a: Kabutops
|choice||switch 4
|
|switch|p2a: Venomoth|Venomoth, L85|204\/293
|turn|20
|choice|move 1|move 1
|
|move|p1a: Jolteon|Thunderbolt|p2a: Venomoth
|-damage|p2a: Venomoth|113\/293
|move|p2a: Venomoth|Stun Spore|p1a: Jolteon
|-status|p1a: Jolteon|par
|
|turn|21
|choice|move 1|move 2
|
|move|p2a: Venomoth|Psychic|p1a: Jolteon
|-damage|p1a: Jolteon|206\/265 par
|-unboost|p1a: Jolteon|spd|1
|-unboost|p1a: Jolteon|spa|1
|move|p1a: Jolteon|Thunderbolt|p2a: Venomoth
|-damage|p2a: Venomoth|53\/293
|
|turn|22
|choice|move 1|move 4
|
|move|p2a: Venomoth|Mega Drain|p1a: Jolteon
|-crit|p1a: Jolteon
|-damage|p1a: Jolteon|158\/265 par
|-heal|p2a: Venomoth|77\/293|[from] drain|[of] p1a: Jolteon
|move|p1a: Jolteon|Thunderbolt|p2a: Venomoth
|-damage|p2a: Venomoth|18\/293
|
|turn|23
|choice|move 1|move 4
|
|move|p2a: Venomoth|Mega Drain|p1a: Jolteon
|-damage|p1a: Jolteon|121\/265 par
|-heal|p2a: Venomoth|36\/293|[from] drain|[of] p1a: Jolteon
|move|p1a: Jolteon|Thunderbolt|p2a: Venomoth
|-damage|p2a: Venomoth|0 fnt
|faint|p2a: Venomoth
|choice||switch 6
|
|switch|p2a: Moltres|Moltres, L85|59\/327
|turn|24
|choice|move 1|move 1
|
|move|p2a: Moltres|Fire Blast|p1a: Jolteon
|-damage|p1a: Jolteon|0 fnt
|faint|p1a: Jolteon
|choice|switch 4|
|
|switch|p1a: Ditto|Ditto, L99|296\/296
|turn|25
|choice|move 1|move 1
|
|move|p2a: Moltres|Fire Blast|p1a: Ditto|[miss]
|-miss|p2a: Moltres
|move|p1a: Ditto|Transform|p2a: Moltres
|-transform|p1a: Ditto|p2a: Moltres
|
|turn|26
|choice|move 4|move 1
|
|move|p2a: Moltres|Fire Blast|p1a: Ditto
|-resisted|p1a: Ditto
|-damage|p1a: Ditto|205\/296
|move|p1a: Ditto|Sky Attack|p2a: Moltres|[still]
|-prepare|p1a: Ditto|Sky Attack|p2a: Moltres
|
|turn|27
|choice|move 1|move 3
|
|move|p2a: Moltres|Agility|p2a: Moltres
|-boost|p2a: Moltres|spe|2
|move|p1a: Ditto|Sky Attack|p2a: Moltres
|-damage|p2a: Moltres|0 fnt
|faint|p2a: Moltres
|choice||switch 5
|
|switch|p2a: Pikachu|Pikachu, L96|262\/262 slp
|turn|28
|choice|move 1|move 3
|
|cant|p2a: Pikachu|slp
|move|p1a: Ditto|Fire Blast|p2a: Pikachu
|-damage|p2a: Pikachu|111\/262 slp
|
|turn|29
|choice|move 1|move 3
|
|cant|p2a: Pikachu|slp
|move|p1a: Ditto|Fire Blast|p2a: Pikachu|[miss]
|-miss|p1a: Ditto
|
|turn|30
|choice|move 1|move 3
|
|cant|p2a: Pikachu|slp
|move|p1a: Ditto|Fire Blast|p2a: Pikachu|[miss]
|-miss|p1a: Ditto
|
|turn|31
|choice|move 1|move 3
|
|-curestatus|p2a: Pikachu|slp
|move|p1a: Ditto|Fire Blast|p2a: Pikachu
|-damage|p2a: Pikachu|0 fnt
|faint|p2a: Pikachu
|
|win|Dary0903