|join|Airfoil
|join|lollin tho
|player|p1|Airfoil|169
|player|p2|lollin tho|167
|gametype|singles
|gen|1
|tier|[Gen 1] OU (beta)
|rated
|rule|Sleep Clause Mod: Limit one foe put to sleep
|rule|Species Clause: Limit one of each Pokemon
|rule|OHKO Clause: OHKO moves are banned
|rule|Moody Clause: Moody is banned
|rule|Evasion Moves Clause: Evasion moves are banned
|rule|Endless Battle Clause: Forcing endless battles is banned.
|rule|HP Percentage Mod: HP is reported as percentages
|
|start
|switch|p1a: Gengar|Gengar|323\/323
|switch|p2a: Alakazam|Alakazam|313\/313
|turn|1
|chat|lollin tho|i'm lolling irl
|
|move|p2a: Alakazam|Psychic|p1a: Gengar
|-supereffective|p1a: Gengar
|-damage|p1a: Gengar|118\/323
|move|p1a: Gengar|Hypnosis|p2a: Alakazam
|-status|p2a: Alakazam|slp
|
|turn|2
|
|switch|p2a: Kadabra|Kadabra|283\/283
|switch|p1a: Golem|Golem|363\/363
|
|turn|3
|
|switch|p2a: Slowbro|Slowbro|393\/393
|move|p1a: Golem|Earthquake|p2a: Slowbro
|-damage|p2a: Slowbro|267\/393
|
|turn|4
|
|switch|p1a: Lapras|Lapras|463\/463
|move|p2a: Slowbro|Surf|p1a: Lapras
|-resisted|p1a: Lapras
|-damage|p1a: Lapras|412\/463
|
|turn|5
|
|switch|p2a: Chansey|Chansey|703\/703
|move|p1a: Lapras|Confuse Ray|p2a: Chansey
|-start|p2a: Chansey|confusion
|
|turn|6
|
|switch|p1a: Snorlax|Snorlax|523\/523
|-activate|p2a: Chansey|confusion
|move|p2a: Chansey|Thunderbolt|p1a: Snorlax|[miss]
|-miss|p2a: Chansey
|
|turn|7
|
|move|p1a: Snorlax|Body Slam|p2a: Chansey
|-damage|p2a: Chansey|408\/703
|-activate|p2a: Chansey|confusion
|-damage|p2a: Chansey|375\/703|[from] confusion
|
|turn|8
|
|switch|p2a: Onix|Onix|273\/273
|move|p1a: Snorlax|Hyper Beam|p2a: Onix
|-resisted|p2a: Onix
|-damage|p2a: Onix|209\/273
|
|turn|9
|
|move|p2a: Onix|Body Slam|p1a: Snorlax
|-damage|p1a: Snorlax|465\/523
|-status|p1a: Snorlax|par
|cant|p1a: Snorlax|recharge
|
|turn|10
|
|switch|p2a: Starmie|Starmie|323\/323
|switch|p1a: Venusaur|Venusaur|363\/363
|
|turn|11
|
|move|p2a: Starmie|Ice Beam|p1a: Venusaur
|-supereffective|p1a: Venusaur
|-damage|p1a: Venusaur|216\/363
|move|p1a: Venusaur|Body Slam|p2a: Starmie
|-damage|p2a: Starmie|252\/323
|
|turn|12
|
|move|p2a: Starmie|Ice Beam|p1a: Venusaur
|-crit|p1a: Venusaur
|-supereffective|p1a: Venusaur
|-damage|p1a: Venusaur|0 fnt
|faint|p1a: Venusaur
|
|
|switch|p1a: Gengar|Gengar|118\/323
|turn|13
|
|move|p2a: Starmie|Ice Beam|p1a: Gengar
|-damage|p1a: Gengar|57\/323
|move|p1a: Gengar|Mega Drain|p2a: Starmie
|-crit|p2a: Starmie
|-supereffective|p2a: Starmie
|-damage|p2a: Starmie|91\/323
|-heal|p1a: Gengar|138\/323|[from] drain|[of] p2a: Starmie
|
|turn|14
|
|switch|p2a: Kadabra|Kadabra|283\/283
|move|p1a: Gengar|Thunderbolt|p2a: Kadabra
|-damage|p2a: Kadabra|209\/283
|
|turn|15
|
|switch|p1a: Snorlax|Snorlax|465\/523 par
|move|p2a: Kadabra|Psychic|p1a: Snorlax
|-crit|p1a: Snorlax
|-damage|p1a: Snorlax|137\/523 par
|
|turn|16
|
|move|p2a: Kadabra|Psychic|p1a: Snorlax
|-crit|p1a: Snorlax
|-damage|p1a: Snorlax|0 fnt
|faint|p1a: Snorlax
|
|
|switch|p1a: Lapras|Lapras|412\/463
|turn|17
|
|switch|p2a: Chansey|Chansey|375\/703
|move|p1a: Lapras|Body Slam|p2a: Chansey
|-damage|p2a: Chansey|204\/703
|-status|p2a: Chansey|par
|
|turn|18
|
|move|p1a: Lapras|Confuse Ray|p2a: Chansey
|-start|p2a: Chansey|confusion
|-activate|p2a: Chansey|confusion
|move|p2a: Chansey|Soft-Boiled|p2a: Chansey
|-heal|p2a: Chansey|555\/703 par
|
|turn|19
|
|move|p1a: Lapras|Body Slam|p2a: Chansey
|-damage|p2a: Chansey|398\/703 par
|cant|p2a: Chansey|par
|
|turn|20
|
|switch|p2a: Starmie|Starmie|91\/323
|move|p1a: Lapras|Body Slam|p2a: Starmie
|-damage|p2a: Starmie|23\/323
|-status|p2a: Starmie|par
|
|turn|21
|
|move|p1a: Lapras|Body Slam|p2a: Starmie
|-damage|p2a: Starmie|0 fnt
|faint|p2a: Starmie
|
|
|switch|p2a: Chansey|Chansey|398\/703 par
|turn|22
|
|move|p1a: Lapras|Confuse Ray|p2a: Chansey
|-start|p2a: Chansey|confusion
|-activate|p2a: Chansey|confusion
|move|p2a: Chansey|Thunderbolt|p1a: Lapras
|-supereffective|p1a: Lapras
|-damage|p1a: Lapras|261\/463
|
|turn|23
|
|move|p1a: Lapras|Body Slam|p2a: Chansey
|-damage|p2a: Chansey|237\/703 par
|-end|p2a: Chansey|confusion
|move|p2a: Chansey|Thunderbolt|p1a: Lapras
|-supereffective|p1a: Lapras
|-damage|p1a: Lapras|108\/463
|
|turn|24
|
|move|p1a: Lapras|Confuse Ray|p2a: Chansey
|-start|p2a: Chansey|confusion
|-activate|p2a: Chansey|confusion
|-damage|p2a: Chansey|204\/703 par|[from] confusion
|
|turn|25
|
|move|p1a: Lapras|Body Slam|p2a: Chansey
|-damage|p2a: Chansey|36\/703 par
|-end|p2a: Chansey|confusion
|move|p2a: Chansey|Soft-Boiled|p2a: Chansey
|-heal|p2a: Chansey|387\/703 par
|
|turn|26
|
|move|p1a: Lapras|Confuse Ray|p2a: Chansey
|-start|p2a: Chansey|confusion
|cant|p2a: Chansey|par
|
|turn|27
|
|move|p1a: Lapras|Body Slam|p2a: Chansey
|-damage|p2a: Chansey|223\/703 par
|-activate|p2a: Chansey|confusion
|move|p2a: Chansey|Thunderbolt|p1a: Lapras
|-crit|p1a: Lapras
|-supereffective|p1a: Lapras
|-damage|p1a: Lapras|0 fnt
|faint|p1a: Lapras
|
|
|switch|p1a: Golem|Golem|363\/363
|turn|28
|
|move|p1a: Golem|Earthquake|p2a: Chansey
|-damage|p2a: Chansey|0 fnt
|faint|p2a: Chansey
|
|
|switch|p2a: Slowbro|Slowbro|267\/393
|turn|29
|
|move|p1a: Golem|Explosion|p2a: Slowbro
|-crit|p2a: Slowbro
|-damage|p2a: Slowbro|0 fnt
|faint|p2a: Slowbro
|faint|p1a: Golem
|
|switch|p2a: Kadabra|Kadabra|209\/283
|switch|p1a: Raichu|Raichu|323\/323
|turn|30
|
|move|p2a: Kadabra|Thunder Wave|p1a: Raichu
|-status|p1a: Raichu|par
|move|p1a: Raichu|Body Slam|p2a: Kadabra
|-damage|p2a: Kadabra|90\/283
|
|turn|31
|
|move|p2a: Kadabra|Recover|p2a: Kadabra
|-heal|p2a: Kadabra|231\/283
|cant|p1a: Raichu|par
|
|turn|32
|
|move|p2a: Kadabra|Psychic|p1a: Raichu
|-damage|p1a: Raichu|194\/323 par
|move|p1a: Raichu|Body Slam|p2a: Kadabra
|-crit|p2a: Kadabra
|-damage|p2a: Kadabra|0 fnt
|faint|p2a: Kadabra
|
|
|switch|p2a: Onix|Onix|209\/273
|turn|33
|
|move|p2a: Onix|Explosion|p1a: Raichu
|-crit|p1a: Raichu
|-damage|p1a: Raichu|0 fnt
|faint|p1a: Raichu
|faint|p2a: Onix
|
|switch|p2a: Alakazam|Alakazam|313\/313 slp
|switch|p1a: Gengar|Gengar|138\/323
|turn|34
|
|cant|p2a: Alakazam|slp
|move|p1a: Gengar|Confuse Ray|p2a: Alakazam
|-start|p2a: Alakazam|confusion
|
|turn|35
|
|cant|p2a: Alakazam|slp
|move|p1a: Gengar|Thunderbolt|p2a: Alakazam
|-damage|p2a: Alakazam|237\/313 slp
|
|turn|36
|
|cant|p2a: Alakazam|slp
|-curestatus|p2a: Alakazam|slp
|move|p1a: Gengar|Thunderbolt|p2a: Alakazam
|-damage|p2a: Alakazam|163\/313
|
|turn|37
|
|-activate|p2a: Alakazam|confusion
|move|p2a: Alakazam|Psychic|p1a: Gengar
|-supereffective|p1a: Gengar
|-damage|p1a: Gengar|0 fnt
|faint|p1a: Gengar
|
|win|lollin tho
|raw|Ladder updating...