|join|MALESANI
|join|riwu
|player|p1|MALESANI|238
|player|p2|riwu|2
|gametype|singles
|gen|1
|tier|[Gen 1] Random Battle
|rated
|seed|57703,9597,34745,61902
|rule|Sleep Clause Mod: Limit one foe put to sleep
|rule|Freeze Clause Mod: Limit one foe frozen
|rule|HP Percentage Mod: HP is shown in percentages
|
|start
|switch|p1a: Grimer|Grimer, L96|348\/348
|switch|p2a: Sandshrew|Sandshrew, L96|291\/291
|turn|1
|choice|switch 5|switch 4
|
|switch|p2a: Gengar|Gengar, L79|257\/257
|switch|p1a: Aerodactyl|Aerodactyl, L90|327\/327
|
|turn|2
|choice|switch 5|move 1
|
|switch|p1a: Grimer|Grimer, L96|348\/348
|move|p2a: Gengar|Hypnosis|p1a: Grimer
|-status|p1a: Grimer|slp
|
|turn|3
|choice|switch 6|move 4
|
|switch|p1a: Exeggutor|Exeggutor, L79|312\/312
|move|p2a: Gengar|Thunderbolt|p1a: Exeggutor
|-resisted|p1a: Exeggutor
|-damage|p1a: Exeggutor|280\/312
|
|turn|4
|choice|move 4|switch 6
|
|switch|p2a: Charmeleon|Charmeleon, L85|272\/272
|move|p1a: Exeggutor|Psychic|p2a: Charmeleon
|-damage|p2a: Charmeleon|153\/272
|-unboost|p2a: Charmeleon|spd|1
|-unboost|p2a: Charmeleon|spa|1
|
|turn|5
|choice|switch 4|move 1
|
|switch|p1a: Chansey|Chansey, L79|557\/557
|move|p2a: Charmeleon|Body Slam|p1a: Chansey
|-damage|p1a: Chansey|435\/557
|
|turn|6
|choice|move 3|move 2
|
|move|p2a: Charmeleon|Slash|p1a: Chansey
|-crit|p1a: Chansey
|-damage|p1a: Chansey|229\/557
|move|p1a: Chansey|Thunder Wave|p2a: Charmeleon
|-status|p2a: Charmeleon|par
|
|turn|7
|choice|move 1|switch 5
|
|switch|p2a: Poliwrath|Poliwrath, L85|327\/327
|move|p1a: Chansey|Soft-Boiled|p1a: Chansey
|-heal|p1a: Chansey|507\/557
|
|turn|8
|choice|move 3|move 1
|
|move|p2a: Poliwrath|Amnesia|p2a: Poliwrath
|-boost|p2a: Poliwrath|spd|2
|-boost|p2a: Poliwrath|spa|2
|move|p1a: Chansey|Thunder Wave|p2a: Poliwrath
|-status|p2a: Poliwrath|par
|
|turn|9
|choice|switch 4|move 1
|
|switch|p1a: Exeggutor|Exeggutor, L79|280\/312
|cant|p2a: Poliwrath|par
|
|turn|10
|choice|move 4|move 1
|
|move|p1a: Exeggutor|Psychic|p2a: Poliwrath
|-supereffective|p2a: Poliwrath
|-damage|p2a: Poliwrath|208\/327 par
|cant|p2a: Poliwrath|par
|
|turn|11
|choice|move 4|move 3
|
|move|p1a: Exeggutor|Psychic|p2a: Poliwrath
|-supereffective|p2a: Poliwrath
|-damage|p2a: Poliwrath|98\/327 par
|move|p2a: Poliwrath|Blizzard|p1a: Exeggutor
|-supereffective|p1a: Exeggutor
|-damage|p1a: Exeggutor|32\/312
|
|turn|12
|choice|move 4|move 3
|
|move|p1a: Exeggutor|Psychic|p2a: Poliwrath
|-supereffective|p2a: Poliwrath
|-damage|p2a: Poliwrath|0 fnt
|faint|p2a: Poliwrath
|choice||switch 4
|
|switch|p2a: Sandshrew|Sandshrew, L96|291\/291
|turn|13
|choice|switch 5|move 3
|
|switch|p1a: Aerodactyl|Aerodactyl, L90|327\/327
|move|p2a: Sandshrew|Body Slam|p1a: Aerodactyl
|-resisted|p1a: Aerodactyl
|-damage|p1a: Aerodactyl|290\/327
|
|turn|14
|choice|move 4|move 2
|
|move|p1a: Aerodactyl|Sky Attack|p2a: Sandshrew|[still]
|-prepare|p1a: Aerodactyl|Sky Attack|p2a: Sandshrew
|move|p2a: Sandshrew|Rock Slide|p1a: Aerodactyl|[miss]
|-miss|p2a: Sandshrew
|
|turn|15
|choice|move 1|move 2
|
|move|p1a: Aerodactyl|Sky Attack|p2a: Sandshrew
|-damage|p2a: Sandshrew|128\/291
|move|p2a: Sandshrew|Rock Slide|p1a: Aerodactyl
|-supereffective|p1a: Aerodactyl
|-damage|p1a: Aerodactyl|165\/327
|
|turn|16
|choice|move 2|move 2
|
|move|p1a: Aerodactyl|Hyper Beam|p2a: Sandshrew
|-damage|p2a: Sandshrew|11\/291
|move|p2a: Sandshrew|Rock Slide|p1a: Aerodactyl
|-supereffective|p1a: Aerodactyl
|-damage|p1a: Aerodactyl|38\/327
|
|turn|17
|-mustrecharge|p1a: Aerodactyl
|-mustrecharge|p1a: Aerodactyl
|choice|move 1|move 2
|
|cant|p1a: Aerodactyl|recharge
|move|p2a: Sandshrew|Rock Slide|p1a: Aerodactyl
|-supereffective|p1a: Aerodactyl
|-damage|p1a: Aerodactyl|0 fnt
|faint|p1a: Aerodactyl
|choice|switch 3|
|
|switch|p1a: Tauros|Tauros, L79|280\/280
|turn|18
|choice|move 4|switch 6
|
|switch|p2a: Gengar|Gengar, L79|257\/257
|move|p1a: Tauros|Earthquake|p2a: Gengar
|-supereffective|p2a: Gengar
|-damage|p2a: Gengar|92\/257
|
|turn|19
|choice|move 4|move 3
|
|move|p2a: Gengar|Explosion|p1a: Tauros
|-crit|p1a: Tauros
|-damage|p1a: Tauros|0 fnt
|faint|p1a: Tauros
|faint|p2a: Gengar
|choice|switch 2|switch 2
|
|switch|p1a: Poliwag|Poliwag, L96|272\/272
|switch|p2a: Pikachu|Pikachu, L96|262\/262
|turn|20
|choice|switch 4|move 4
|
|switch|p1a: Chansey|Chansey, L79|507\/557
|move|p2a: Pikachu|Thunder|p1a: Chansey
|-crit|p1a: Chansey
|-damage|p1a: Chansey|310\/557
|
|turn|21
|choice|move 3|switch 6
|
|switch|p2a: Sandshrew|Sandshrew, L96|11\/291
|move|p1a: Chansey|Thunder Wave|p2a: Sandshrew
|-immune|p2a: Sandshrew|[msg]
|
|turn|22
|choice|move 1|move 1
|
|move|p2a: Sandshrew|Earthquake|p1a: Chansey
|-damage|p1a: Chansey|0 fnt
|faint|p1a: Chansey
|choice|switch 4|
|
|switch|p1a: Poliwag|Poliwag, L96|272\/272
|turn|23
|choice|move 4|move 1
|
|move|p1a: Poliwag|Surf|p2a: Sandshrew
|-supereffective|p2a: Sandshrew
|-damage|p2a: Sandshrew|0 fnt
|faint|p2a: Sandshrew
|choice||switch 6
|
|switch|p2a: Pikachu|Pikachu, L96|262\/262
|turn|24
|choice|move 1|move 4
|
|move|p2a: Pikachu|Thunder|p1a: Poliwag
|-supereffective|p1a: Poliwag
|-damage|p1a: Poliwag|0 fnt
|faint|p1a: Poliwag
|-message|MALESANI forfeited.
|
|win|riwu
|leave|MALESANI
|player|p1
|raw|MALESANI's rating: 1344 &rarr; <strong>1333<\/strong><br \/>(-11 for losing)
|raw|riwu's rating: 1515 &rarr; <strong>1526<\/strong><br \/>(+11 for winning)