|join|Dinkerbob
|join|ilsharko
|player|p1|Dinkerbob|2
|player|p2|ilsharko|2
|gametype|singles
|gen|1
|tier|[Gen 1] Random Battle
|rated
|rule|Sleep Clause Mod: Limit one foe put to sleep
|rule|Freeze Clause Mod: Limit one foe frozen
|rule|HP Percentage Mod: HP is shown in percentages
|
|start
|switch|p1a: Ivysaur|Ivysaur, L85|276\/276
|switch|p2a: Cubone|Cubone, L96|291\/291
|turn|1
|
|switch|p2a: Metapod|Metapod, L99|300\/300
|move|p1a: Ivysaur|Sleep Powder|p2a: Metapod
|-status|p2a: Metapod|slp
|
|turn|2
|
|switch|p2a: Bulbasaur|Bulbasaur, L96|281\/281
|move|p1a: Ivysaur|Swords Dance|p1a: Ivysaur
|-boost|p1a: Ivysaur|atk|2
|
|turn|3
|
|switch|p2a: Gengar|Gengar, L79|257\/257
|move|p1a: Ivysaur|Body Slam|p2a: Gengar
|-immune|p2a: Gengar|[msg]
|
|turn|4
|
|move|p2a: Gengar|Hypnosis|p1a: Ivysaur|[miss]
|-miss|p2a: Gengar
|move|p1a: Ivysaur|Razor Leaf|p2a: Gengar|[miss]
|-miss|p1a: Ivysaur
|
|turn|5
|
|move|p2a: Gengar|Hypnosis|p1a: Ivysaur|[miss]
|-miss|p2a: Gengar
|move|p1a: Ivysaur|Razor Leaf|p2a: Gengar
|-crit|p2a: Gengar
|-resisted|p2a: Gengar
|-damage|p2a: Gengar|217\/257
|
|turn|6
|
|move|p2a: Gengar|Hypnosis|p1a: Ivysaur|[miss]
|-miss|p2a: Gengar
|move|p1a: Ivysaur|Razor Leaf|p2a: Gengar
|-crit|p2a: Gengar
|-resisted|p2a: Gengar
|-damage|p2a: Gengar|175\/257
|
|turn|7
|
|move|p2a: Gengar|Hypnosis|p1a: Ivysaur
|-status|p1a: Ivysaur|slp
|cant|p1a: Ivysaur|slp
|
|turn|8
|
|switch|p2a: Poliwhirl|Poliwhirl, L85|284\/284
|switch|p1a: Seadra|Seadra, L90|282\/282
|
|turn|9
|
|switch|p1a: Jolteon|Jolteon, L79|265\/265
|move|p2a: Poliwhirl|Amnesia|p2a: Poliwhirl
|-boost|p2a: Poliwhirl|spd|2
|-boost|p2a: Poliwhirl|spa|2
|
|turn|10
|
|switch|p2a: Cubone|Cubone, L96|291\/291
|move|p1a: Jolteon|Thunder Wave|p2a: Cubone
|-immune|p2a: Cubone|[msg]
|
|turn|11
|
|switch|p1a: Seadra|Seadra, L90|282\/282
|move|p2a: Cubone|Body Slam|p1a: Seadra
|-crit|p1a: Seadra
|-damage|p1a: Seadra|197\/282
|
|turn|12
|
|switch|p2a: Bulbasaur|Bulbasaur, L96|281\/281
|move|p1a: Seadra|Blizzard|p2a: Bulbasaur
|-crit|p2a: Bulbasaur
|-supereffective|p2a: Bulbasaur
|-damage|p2a: Bulbasaur|0 fnt
|faint|p2a: Bulbasaur
|
|switch|p2a: Starmie|Starmie, L79|257\/257
|turn|13
|
|move|p2a: Starmie|Thunder Wave|p1a: Seadra
|-status|p1a: Seadra|par
|move|p1a: Seadra|Smokescreen|p2a: Starmie
|-unboost|p2a: Starmie|accuracy|1
|
|turn|14
|
|switch|p2a: Poliwhirl|Poliwhirl, L85|284\/284
|cant|p1a: Seadra|par
|
|turn|15
|
|switch|p2a: Cubone|Cubone, L96|291\/291
|switch|p1a: Jolteon|Jolteon, L79|265\/265
|
|turn|16
|
|switch|p1a: Seadra|Seadra, L90|197\/282 par
|move|p2a: Cubone|Earthquake|p1a: Seadra
|-damage|p1a: Seadra|112\/282 par
|
|turn|17
|
|switch|p2a: Poliwhirl|Poliwhirl, L85|284\/284
|move|p1a: Seadra|Blizzard|p2a: Poliwhirl
|-resisted|p2a: Poliwhirl
|-damage|p2a: Poliwhirl|215\/284
|
|turn|18
|
|switch|p1a: Hitmonlee|Hitmonlee, L90|273\/273
|move|p2a: Poliwhirl|Amnesia|p2a: Poliwhirl
|-boost|p2a: Poliwhirl|spd|2
|-boost|p2a: Poliwhirl|spa|2
|
|turn|19
|
|switch|p1a: Diglett|Diglett, L96|214\/214
|switch|p2a: Gengar|Gengar, L79|175\/257
|
|turn|20
|
|switch|p2a: Starmie|Starmie, L79|257\/257
|move|p1a: Diglett|Earthquake|p2a: Starmie
|-damage|p2a: Starmie|160\/257
|
|turn|21
|
|switch|p1a: Ivysaur|Ivysaur, L85|276\/276 slp
|move|p2a: Starmie|Recover|p2a: Starmie
|-heal|p2a: Starmie|257\/257
|
|turn|22
|
|switch|p1a: Jolteon|Jolteon, L79|265\/265
|move|p2a: Starmie|Blizzard|p1a: Jolteon
|-damage|p1a: Jolteon|197\/265
|
|turn|23
|
|switch|p2a: Cubone|Cubone, L96|291\/291
|move|p1a: Jolteon|Body Slam|p2a: Cubone
|-crit|p2a: Cubone
|-damage|p2a: Cubone|223\/291
|
|turn|24
|
|switch|p1a: Ivysaur|Ivysaur, L85|276\/276 slp
|move|p2a: Cubone|Earthquake|p1a: Ivysaur
|-damage|p1a: Ivysaur|165\/276 slp
|
|turn|25
|
|-curestatus|p1a: Ivysaur|slp
|move|p2a: Cubone|Earthquake|p1a: Ivysaur
|-damage|p1a: Ivysaur|50\/276
|
|turn|26
|
|switch|p2a: Gengar|Gengar, L79|175\/257
|move|p1a: Ivysaur|Razor Leaf|p2a: Gengar
|-crit|p2a: Gengar
|-resisted|p2a: Gengar
|-damage|p2a: Gengar|133\/257
|
|turn|27
|
|switch|p1a: Seadra|Seadra, L90|112\/282 par
|move|p2a: Gengar|Thunderbolt|p1a: Seadra
|-supereffective|p1a: Seadra
|-damage|p1a: Seadra|0 fnt
|faint|p1a: Seadra
|
|switch|p1a: Diglett|Diglett, L96|214\/214
|turn|28
|
|switch|p2a: Starmie|Starmie, L79|257\/257
|move|p1a: Diglett|Substitute|p1a: Diglett
|-start|p1a: Diglett|Substitute
|-damage|p1a: Diglett|161\/214
|
|turn|29
|
|move|p1a: Diglett|Sand Attack|p2a: Starmie
|-unboost|p2a: Starmie|accuracy|1
|move|p2a: Starmie|Blizzard|p1a: Diglett
|-supereffective|p1a: Diglett
|-end|p1a: Diglett|Substitute
|
|turn|30
|
|switch|p2a: Poliwhirl|Poliwhirl, L85|215\/284
|move|p1a: Diglett|Substitute|p1a: Diglett
|-start|p1a: Diglett|Substitute
|-damage|p1a: Diglett|108\/214
|
|turn|31
|
|move|p1a: Diglett|Earthquake|p2a: Poliwhirl
|-damage|p2a: Poliwhirl|108\/284
|move|p2a: Poliwhirl|Psychic|p1a: Diglett
|-end|p1a: Diglett|Substitute
|
|turn|32
|
|move|p1a: Diglett|Earthquake|p2a: Poliwhirl
|-damage|p2a: Poliwhirl|0 fnt
|faint|p2a: Poliwhirl
|
|switch|p2a: Cubone|Cubone, L96|223\/291
|turn|33
|
|switch|p1a: Ivysaur|Ivysaur, L85|50\/276
|move|p2a: Cubone|Earthquake|p1a: Ivysaur
|-crit|p1a: Ivysaur
|-damage|p1a: Ivysaur|0 fnt
|faint|p1a: Ivysaur
|
|switch|p1a: Articuno|Articuno, L79|304\/304
|turn|34
|
|switch|p2a: Metapod|Metapod, L99|300\/300 slp
|move|p1a: Articuno|Blizzard|p2a: Metapod
|-damage|p2a: Metapod|74\/300 slp
|
|turn|35
|
|move|p1a: Articuno|Ice Beam|p2a: Metapod
|-damage|p2a: Metapod|0 fnt
|faint|p2a: Metapod
|
|switch|p2a: Starmie|Starmie, L79|257\/257
|turn|36
|
|switch|p1a: Hitmonlee|Hitmonlee, L90|273\/273
|move|p2a: Starmie|Thunder Wave|p1a: Hitmonlee
|-status|p1a: Hitmonlee|par
|
|turn|37
|
|switch|p2a: Gengar|Gengar, L79|133\/257
|move|p1a: Hitmonlee|Seismic Toss|p2a: Gengar
|-damage|p2a: Gengar|43\/257
|
|turn|38
|
|move|p2a: Gengar|Explosion|p1a: Hitmonlee
|-damage|p1a: Hitmonlee|66\/273 par
|faint|p2a: Gengar
|
|switch|p2a: Starmie|Starmie, L79|257\/257
|turn|39
|
|move|p2a: Starmie|Thunderbolt|p1a: Hitmonlee
|-damage|p1a: Hitmonlee|0 fnt
|faint|p1a: Hitmonlee
|
|switch|p1a: Jolteon|Jolteon, L79|197\/265
|turn|40
|
|move|p1a: Jolteon|Pin Missile|p2a: Starmie
|-crit|p2a: Starmie
|-supereffective|p2a: Starmie
|-damage|p2a: Starmie|228\/257
|-damage|p2a: Starmie|199\/257
|-damage|p2a: Starmie|170\/257
|-hitcount|p2a: Starmie|3
|move|p2a: Starmie|Thunder Wave|p1a: Jolteon
|-status|p1a: Jolteon|par
|
|turn|41
|
|switch|p2a: Cubone|Cubone, L96|223\/291
|move|p1a: Jolteon|Body Slam|p2a: Cubone
|-damage|p2a: Cubone|188\/291
|-status|p2a: Cubone|par
|
|turn|42
|
|switch|p1a: Articuno|Articuno, L79|304\/304
|move|p2a: Cubone|Body Slam|p1a: Articuno
|-crit|p1a: Articuno
|-damage|p1a: Articuno|207\/304
|
|turn|43
|
|switch|p2a: Starmie|Starmie, L79|170\/257
|move|p1a: Articuno|Blizzard|p2a: Starmie
|-crit|p2a: Starmie
|-resisted|p2a: Starmie
|-damage|p2a: Starmie|42\/257
|
|turn|44
|
|move|p2a: Starmie|Recover|p2a: Starmie
|-heal|p2a: Starmie|170\/257
|move|p1a: Articuno|Mimic|p2a: Starmie
|-start|p1a: Articuno|Mimic|Thunder Wave
|
|turn|45
|
|move|p2a: Starmie|Thunder Wave|p1a: Articuno
|-status|p1a: Articuno|par
|move|p1a: Articuno|Thunder Wave|p2a: Starmie
|-status|p2a: Starmie|par
|
|turn|46
|
|switch|p1a: Diglett|Diglett, L96|108\/214
|move|p2a: Starmie|Thunderbolt|p1a: Diglett
|-immune|p1a: Diglett|[msg]
|
|turn|47
|
|move|p1a: Diglett|Substitute|p1a: Diglett
|-start|p1a: Diglett|Substitute
|-damage|p1a: Diglett|55\/214
|move|p2a: Starmie|Blizzard|p1a: Diglett
|-supereffective|p1a: Diglett
|-end|p1a: Diglett|Substitute
|
|turn|48
|
|move|p1a: Diglett|Earthquake|p2a: Starmie
|-damage|p2a: Starmie|69\/257 par
|move|p2a: Starmie|Blizzard|p1a: Diglett
|-supereffective|p1a: Diglett
|-damage|p1a: Diglett|0 fnt
|faint|p1a: Diglett
|
|switch|p1a: Jolteon|Jolteon, L79|197\/265 par
|turn|49
|
|switch|p2a: Cubone|Cubone, L96|188\/291 par
|move|p1a: Jolteon|Pin Missile|p2a: Cubone
|-damage|p2a: Cubone|182\/291 par
|-damage|p2a: Cubone|176\/291 par
|-hitcount|p2a: Cubone|2
|
|turn|50
|
|switch|p1a: Articuno|Articuno, L79|207\/304 par
|switch|p2a: Starmie|Starmie, L79|69\/257 par
|
|turn|51
|
|cant|p2a: Starmie|par
|move|p1a: Articuno|Blizzard|p2a: Starmie
|-resisted|p2a: Starmie
|-damage|p2a: Starmie|1\/257 par
|
|turn|52
|c|★Dinkerbob|double para!
|
|cant|p2a: Starmie|par
|move|p1a: Articuno|Blizzard|p2a: Starmie
|-resisted|p2a: Starmie
|-damage|p2a: Starmie|0 fnt
|faint|p2a: Starmie
|
|switch|p2a: Cubone|Cubone, L96|176\/291 par
|turn|53
|c|★Dinkerbob|this was...the MOST epic!
|
|move|p1a: Articuno|Ice Beam|p2a: Cubone
|-supereffective|p2a: Cubone
|-damage|p2a: Cubone|0 fnt
|faint|p2a: Cubone
|
|win|Dinkerbob
|raw|Ladder updating...
|c|★Dinkerbob|gg!
|raw|Ladder (probably) updated, but score could not be retrieved (Response not received).
|leave|ilsharko
|player|p2