|join|kid gf lol
|join|dramlamb
|player|p1|kid gf lol|168
|player|p2|dramlamb|239
|gametype|singles
|gen|1
|tier|[Gen 1] OU (beta)
|rated
|rule|Sleep Clause Mod: Limit one foe put to sleep
|rule|Species Clause: Limit one of each Pokemon
|rule|OHKO Clause: OHKO moves are banned
|rule|Moody Clause: Moody is banned
|rule|Evasion Moves Clause: Evasion moves are banned
|rule|Endless Battle Clause: Forcing endless battles is banned.
|rule|HP Percentage Mod: HP is reported as percentages
|
|start
|switch|p1a: LOL ELECTRODE|Electrode|323\/323
|switch|p2a: Alakazam|Alakazam|313\/313
|turn|1
|chat|dramlamb|glhf
|
|switch|p2a: Golem|Golem|363\/363
|move|p1a: LOL ELECTRODE|Thunder Wave|p2a: Golem
|-immune|p2a: Golem|[msg]
|
|turn|2
|
|switch|p1a: Badluck Brian|Dragonite|385\/385
|move|p2a: Golem|Earthquake|p1a: Badluck Brian
|-immune|p1a: Badluck Brian|[msg]
|
|turn|3
|
|move|p1a: Badluck Brian|Surf|p2a: Golem
|-supereffective|p2a: Golem
|-damage|p2a: Golem|0 fnt
|faint|p2a: Golem
|
|chat|dramlamb|wow
|chat|dramlamb|I'm surprised at myself
|
|switch|p2a: Jynx|Jynx|333\/333
|turn|4
|chat|kid gf lol|why
|
|switch|p1a: LOL ELECTRODE|Electrode|323\/323
|move|p2a: Jynx|Blizzard|p1a: LOL ELECTRODE
|-damage|p1a: LOL ELECTRODE|171\/323
|
|turn|5
|chat|dramlamb|just a bad play
|
|switch|p2a: Snorlax|Snorlax|523\/523
|move|p1a: LOL ELECTRODE|Light Screen|p1a: LOL ELECTRODE
|
|turn|6
|
|switch|p1a: GhostInaShell|Cloyster|303\/303
|move|p2a: Snorlax|Body Slam|p1a: GhostInaShell
|-damage|p1a: GhostInaShell|234\/303
|-status|p1a: GhostInaShell|par
|
|turn|7
|
|move|p2a: Snorlax|Body Slam|p1a: GhostInaShell
|-damage|p1a: GhostInaShell|168\/303 par
|move|p1a: GhostInaShell|Reflect|p1a: GhostInaShell
|
|turn|8
|
|move|p2a: Snorlax|Body Slam|p1a: GhostInaShell
|-damage|p1a: GhostInaShell|130\/303 par
|cant|p1a: GhostInaShell|par
|
|turn|9
|
|switch|p2a: Exeggutor|Exeggutor|393\/393
|move|p1a: GhostInaShell|Blizzard|p2a: Exeggutor
|-supereffective|p2a: Exeggutor
|-damage|p2a: Exeggutor|160\/393
|
|turn|10
|
|switch|p1a: Result of Incest|Exeggutor|393\/393
|move|p2a: Exeggutor|Psychic|p1a: Result of Incest
|-resisted|p1a: Result of Incest
|-damage|p1a: Result of Incest|339\/393
|
|turn|11
|
|move|p1a: Result of Incest|Sleep Powder|p2a: Exeggutor
|-status|p2a: Exeggutor|slp
|cant|p2a: Exeggutor|slp
|
|turn|12
|
|switch|p1a: Egg Kangaroo|Chansey|703\/703
|switch|p2a: Jynx|Jynx|333\/333
|
|turn|13
|
|switch|p1a: LOL ELECTRODE|Electrode|171\/323
|move|p2a: Jynx|Lovely Kiss|p1a: LOL ELECTRODE
|-status|p1a: LOL ELECTRODE|slp
|
|turn|14
|
|switch|p1a: Egg Kangaroo|Chansey|703\/703
|move|p2a: Jynx|Psychic|p1a: Egg Kangaroo
|-damage|p1a: Egg Kangaroo|605\/703
|
|turn|15
|
|switch|p2a: Snorlax|Snorlax|523\/523
|move|p1a: Egg Kangaroo|Thunderbolt|p2a: Snorlax
|-damage|p2a: Snorlax|425\/523
|-status|p2a: Snorlax|par
|
|turn|16
|
|switch|p1a: GhostInaShell|Cloyster|130\/303 par
|move|p2a: Snorlax|Body Slam|p1a: GhostInaShell
|-damage|p1a: GhostInaShell|61\/303 par
|
|turn|17
|
|switch|p2a: Exeggutor|Exeggutor|160\/393 slp
|move|p1a: GhostInaShell|Explosion|p2a: Exeggutor
|-damage|p2a: Exeggutor|0 fnt
|faint|p2a: Exeggutor
|faint|p1a: GhostInaShell
|
|switch|p2a: Jynx|Jynx|333\/333
|switch|p1a: Egg Kangaroo|Chansey|605\/703
|turn|18
|
|switch|p2a: Snorlax|Snorlax|425\/523 par
|move|p1a: Egg Kangaroo|Thunder Wave|p2a: Snorlax
|-fail|p2a: Snorlax|par
|
|turn|19
|
|switch|p1a: Result of Incest|Exeggutor|339\/393
|move|p2a: Snorlax|Body Slam|p1a: Result of Incest
|-damage|p1a: Result of Incest|218\/393
|
|turn|20
|
|move|p1a: Result of Incest|Psychic|p2a: Snorlax
|-damage|p2a: Snorlax|261\/523 par
|move|p2a: Snorlax|Body Slam|p1a: Result of Incest
|-damage|p1a: Result of Incest|97\/393
|
|turn|21
|
|move|p1a: Result of Incest|Explosion|p2a: Snorlax
|-damage|p2a: Snorlax|0 fnt
|faint|p2a: Snorlax
|faint|p1a: Result of Incest
|
|switch|p2a: Jynx|Jynx|333\/333
|switch|p1a: Egg Kangaroo|Chansey|605\/703
|turn|22
|
|move|p2a: Jynx|Mimic|p1a: Egg Kangaroo
|-start|p2a: Jynx|Mimic|Ice Beam
|move|p1a: Egg Kangaroo|Thunder Wave|p2a: Jynx
|-status|p2a: Jynx|par
|
|turn|23
|
|move|p1a: Egg Kangaroo|Thunderbolt|p2a: Jynx
|-damage|p2a: Jynx|259\/333 par
|move|p2a: Jynx|Ice Beam|p1a: Egg Kangaroo
|-damage|p1a: Egg Kangaroo|501\/703
|
|turn|24
|
|move|p1a: Egg Kangaroo|Thunderbolt|p2a: Jynx
|-damage|p2a: Jynx|186\/333 par
|move|p2a: Jynx|Ice Beam|p1a: Egg Kangaroo
|-damage|p1a: Egg Kangaroo|399\/703
|
|turn|25
|
|move|p1a: Egg Kangaroo|Thunderbolt|p2a: Jynx
|-damage|p2a: Jynx|101\/333 par
|move|p2a: Jynx|Ice Beam|p1a: Egg Kangaroo
|-damage|p1a: Egg Kangaroo|289\/703
|
|turn|26
|
|switch|p2a: Tauros|Tauros|353\/353
|move|p1a: Egg Kangaroo|Thunderbolt|p2a: Tauros
|-damage|p2a: Tauros|261\/353
|
|turn|27
|
|switch|p1a: Badluck Brian|Dragonite|385\/385
|move|p2a: Tauros|Body Slam|p1a: Badluck Brian
|-damage|p1a: Badluck Brian|288\/385
|
|turn|28
|
|switch|p1a: LOL ELECTRODE|Electrode|171\/323 slp
|move|p2a: Tauros|Blizzard|p1a: LOL ELECTRODE
|-damage|p1a: LOL ELECTRODE|77\/323 slp
|
|turn|29
|
|cant|p1a: LOL ELECTRODE|slp
|-curestatus|p1a: LOL ELECTRODE|slp
|move|p2a: Tauros|Body Slam|p1a: LOL ELECTRODE
|-damage|p1a: LOL ELECTRODE|0 fnt
|faint|p1a: LOL ELECTRODE
|
|
|switch|p1a: Eminem|Victreebel|363\/363
|turn|30
|
|switch|p2a: Jynx|Jynx|101\/333 par
|move|p1a: Eminem|Stun Spore|p2a: Jynx
|-fail|p2a: Jynx|par
|
|turn|31
|
|move|p1a: Eminem|Wrap|p2a: Jynx
|-crit|p2a: Jynx
|-damage|p2a: Jynx|53\/333 par
|-activate|p2a: Jynx|move: Wrap|[of] p1a: Eminem
|cant|p2a: Jynx|partiallytrapped
|
|turn|32
|
|move|p1a: Eminem|Wrap|p2a: Jynx
|-damage|p2a: Jynx|5\/333 par
|cant|p2a: Jynx|partiallytrapped
|
|-end|p2a: Jynx|Wrap|[partiallytrapped]
|turn|33
|
|move|p1a: Eminem|Razor Leaf|p2a: Jynx
|-crit|p2a: Jynx
|-damage|p2a: Jynx|0 fnt
|faint|p2a: Jynx
|
|
|switch|p2a: Alakazam|Alakazam|313\/313
|turn|34
|
|move|p2a: Alakazam|Thunder Wave|p1a: Eminem
|-status|p1a: Eminem|par
|move|p1a: Eminem|Sleep Powder|p2a: Alakazam|[miss]
|-miss|p1a: Eminem
|
|turn|35
|
|move|p2a: Alakazam|Psychic|p1a: Eminem
|-supereffective|p1a: Eminem
|-damage|p1a: Eminem|94\/363 par
|cant|p1a: Eminem|par
|
|turn|36
|chat|kid gf lol|plan destroyed, you win gg
|
|switch|p1a: Egg Kangaroo|Chansey|289\/703
|move|p2a: Alakazam|Psychic|p1a: Egg Kangaroo
|-crit|p1a: Egg Kangaroo
|-damage|p1a: Egg Kangaroo|41\/703
|
|turn|37
|chat|kid gf lol|wtf
|
|switch|p1a: Eminem|Victreebel|94\/363 par
|move|p2a: Alakazam|Psychic|p1a: Eminem
|-supereffective|p1a: Eminem
|-damage|p1a: Eminem|0 fnt
|faint|p1a: Eminem
|
|
|switch|p1a: Badluck Brian|Dragonite|288\/385
|turn|38
|chat|dramlamb|:\/
|chat|dramlamb|sorry
|
|move|p2a: Alakazam|Thunder Wave|p1a: Badluck Brian
|-status|p1a: Badluck Brian|par
|cant|p1a: Badluck Brian|par
|
|turn|39
|
|move|p2a: Alakazam|Reflect|p2a: Alakazam
|move|p1a: Badluck Brian|Thunder Wave|p2a: Alakazam
|-status|p2a: Alakazam|par
|
|turn|40
|
|cant|p2a: Alakazam|par
|move|p1a: Badluck Brian|Surf|p2a: Alakazam
|-damage|p2a: Alakazam|250\/313 par
|
|turn|41
|
|move|p2a: Alakazam|Psychic|p1a: Badluck Brian
|-damage|p1a: Badluck Brian|156\/385 par
|move|p1a: Badluck Brian|Surf|p2a: Alakazam
|-damage|p2a: Alakazam|185\/313 par
|
|turn|42
|
|move|p2a: Alakazam|Psychic|p1a: Badluck Brian
|-damage|p1a: Badluck Brian|23\/385 par
|cant|p1a: Badluck Brian|par
|
|turn|43
|
|move|p2a: Alakazam|Psychic|p1a: Badluck Brian
|-damage|p1a: Badluck Brian|0 fnt
|faint|p1a: Badluck Brian
|
|
|switch|p1a: Egg Kangaroo|Chansey|41\/703
|turn|44
|
|move|p1a: Egg Kangaroo|Thunder Wave|p2a: Alakazam
|-fail|p2a: Alakazam|par
|move|p2a: Alakazam|Thunder Wave|p1a: Egg Kangaroo
|-status|p1a: Egg Kangaroo|par
|
|turn|45
|
|cant|p2a: Alakazam|par
|move|p1a: Egg Kangaroo|Soft-Boiled|p1a: Egg Kangaroo
|-heal|p1a: Egg Kangaroo|392\/703 par
|
|turn|46
|
|move|p2a: Alakazam|Psychic|p1a: Egg Kangaroo
|-damage|p1a: Egg Kangaroo|267\/703 par
|-unboost|p1a: Egg Kangaroo|spd|1
|-unboost|p1a: Egg Kangaroo|spa|1
|cant|p1a: Egg Kangaroo|par
|
|turn|47
|
|switch|p2a: Tauros|Tauros|261\/353
|move|p1a: Egg Kangaroo|Soft-Boiled|p1a: Egg Kangaroo
|-heal|p1a: Egg Kangaroo|618\/703 par
|
|turn|48
|
|move|p2a: Tauros|Body Slam|p1a: Egg Kangaroo
|-crit|p1a: Egg Kangaroo
|-damage|p1a: Egg Kangaroo|57\/703 par
|move|p1a: Egg Kangaroo|Thunder Wave|p2a: Tauros
|-status|p2a: Tauros|par
|
|turn|49
|
|move|p2a: Tauros|Hyper Beam|p1a: Egg Kangaroo
|-damage|p1a: Egg Kangaroo|0 fnt
|faint|p1a: Egg Kangaroo
|
|win|dramlamb
|raw|Ladder updating...
|raw|kid gf lol's rating: 1451 &rarr; <strong>1427<\/strong><br \/>(-24 for losing)
|raw|dramlamb's rating: 1375 &rarr; <strong>1399<\/strong><br \/>(+24 for winning)
|chat|dramlamb|gg
|leave|kid gf lol
|player|p1