|j|ALLIE X
|j|andrew_andres
|player|p1|ALLIE X|95
|player|p2|andrew_andres|101
|gametype|singles
|gen|1
|tier|[Gen 1] Random Battle
|rated
|seed|29076,30979,61577,61992
|rule|Sleep Clause Mod: Limit one foe put to sleep
|rule|Freeze Clause Mod: Limit one foe frozen
|rule|HP Percentage Mod: HP is shown in percentages
|
|start
|switch|p1a: Scyther|Scyther, L90|309\/309
|switch|p2a: Meowth|Meowth, L96|272\/272
|turn|1
|choice|move 2|move 3
|
|move|p1a: Scyther|Swords Dance|p1a: Scyther
|-boost|p1a: Scyther|atk|2
|move|p2a: Meowth|Thunderbolt|p1a: Scyther
|-crit|p1a: Scyther
|-supereffective|p1a: Scyther
|-damage|p1a: Scyther|51\/309
|
|turn|2
|choice|move 4|move 1
|
|move|p1a: Scyther|Hyper Beam|p2a: Meowth
|-damage|p2a: Meowth|0 fnt
|faint|p2a: Meowth
|choice||switch 5
|
|switch|p2a: Arcanine|Arcanine, L85|327\/327
|turn|3
|choice|move 4|move 1
|
|move|p1a: Scyther|Hyper Beam|p2a: Arcanine
|-crit|p2a: Arcanine
|-damage|p2a: Arcanine|45\/327
|move|p2a: Arcanine|Body Slam|p1a: Scyther
|-crit|p1a: Scyther
|-damage|p1a: Scyther|0 fnt
|faint|p1a: Scyther
|choice|switch 2|
|
|switch|p1a: Raticate|Raticate, L85|267\/267
|turn|4
|choice|move 3|move 2
|
|move|p1a: Raticate|Body Slam|p2a: Arcanine
|-damage|p2a: Arcanine|0 fnt
|faint|p2a: Arcanine
|choice||switch 3
|
|switch|p2a: Exeggutor|Exeggutor, L79|312\/312
|turn|5
|choice|move 1|move 1
|
|move|p1a: Raticate|Super Fang|p2a: Exeggutor|[miss]
|-miss|p1a: Raticate
|move|p2a: Exeggutor|Sleep Powder|p1a: Raticate
|-status|p1a: Raticate|slp
|
|turn|6
|choice|switch 6|move 4
|
|switch|p1a: Articuno|Articuno, L79|304\/304
|move|p2a: Exeggutor|Psychic|p1a: Articuno
|-damage|p1a: Articuno|222\/304
|
|turn|7
|choice|move 3|switch 6
|
|switch|p2a: Golduck|Golduck, L85|310\/310
|move|p1a: Articuno|Blizzard|p2a: Golduck
|-resisted|p2a: Golduck
|-damage|p2a: Golduck|244\/310
|
|turn|8
|choice|switch 4|move 1
|
|switch|p1a: Chansey|Chansey, L79|557\/557
|move|p2a: Golduck|Amnesia|p2a: Golduck
|-boost|p2a: Golduck|spd|2
|-boost|p2a: Golduck|spa|2
|
|turn|9
|choice|move 3|move 2
|
|move|p2a: Golduck|Body Slam|p1a: Chansey
|-damage|p1a: Chansey|419\/557
|move|p1a: Chansey|Reflect|p1a: Chansey
|-start|p1a: Chansey|Reflect
|
|turn|10
|choice|move 4|move 3
|
|move|p2a: Golduck|Blizzard|p1a: Chansey
|-damage|p1a: Chansey|275\/557
|move|p1a: Chansey|Thunderbolt|p2a: Golduck
|-supereffective|p2a: Golduck
|-damage|p2a: Golduck|174\/310
|
|turn|11
|choice|move 1|move 1
|
|move|p2a: Golduck|Amnesia|p2a: Golduck
|-boost|p2a: Golduck|spd|2
|-boost|p2a: Golduck|spa|2
|move|p1a: Chansey|Soft-Boiled|p1a: Chansey
|-heal|p1a: Chansey|553\/557
|
|turn|12
|choice|move 4|move 4
|
|move|p2a: Golduck|Surf|p1a: Chansey
|-damage|p1a: Chansey|303\/557
|move|p1a: Chansey|Thunderbolt|p2a: Golduck
|-supereffective|p2a: Golduck
|-damage|p2a: Golduck|130\/310
|
|turn|13
|choice|move 1|move 4
|
|move|p2a: Golduck|Surf|p1a: Chansey
|-damage|p1a: Chansey|43\/557
|move|p1a: Chansey|Soft-Boiled|p1a: Chansey
|-heal|p1a: Chansey|321\/557
|
|turn|14
|choice|move 1|move 1
|
|move|p2a: Golduck|Amnesia|p2a: Golduck
|-boost|p2a: Golduck|spd|2
|-boost|p2a: Golduck|spa|2
|move|p1a: Chansey|Soft-Boiled|p1a: Chansey
|-heal|p1a: Chansey|557\/557
|
|turn|15
|choice|move 4|move 4
|
|move|p2a: Golduck|Surf|p1a: Chansey
|-damage|p1a: Chansey|234\/557
|move|p1a: Chansey|Thunderbolt|p2a: Golduck
|-supereffective|p2a: Golduck
|-damage|p2a: Golduck|93\/310
|
|turn|16
|choice|move 4|move 4
|
|move|p2a: Golduck|Surf|p1a: Chansey
|-crit|p1a: Chansey
|-damage|p1a: Chansey|69\/557
|move|p1a: Chansey|Thunderbolt|p2a: Golduck
|-supereffective|p2a: Golduck
|-damage|p2a: Golduck|58\/310
|
|turn|17
|c|★andrew_andres|my god..
|choice|move 4|move 4
|
|move|p2a: Golduck|Surf|p1a: Chansey
|-damage|p1a: Chansey|0 fnt
|faint|p1a: Chansey
|c|★ALLIE X|ur bad
|choice|switch 5|
|
|switch|p1a: Rapidash|Rapidash, L90|300\/300
|turn|18
|choice|move 3|switch 6
|
|switch|p2a: Exeggutor|Exeggutor, L79|312\/312
|move|p1a: Rapidash|Body Slam|p2a: Exeggutor
|-damage|p2a: Exeggutor|237\/312
|-status|p2a: Exeggutor|par
|
|turn|19
|choice|switch 4|move 4
|
|switch|p1a: Articuno|Articuno, L79|222\/304
|cant|p2a: Exeggutor|par
|
|turn|20
|choice|move 3|move 4
|
|move|p1a: Articuno|Blizzard|p2a: Exeggutor
|-supereffective|p2a: Exeggutor
|-damage|p2a: Exeggutor|30\/312 par
|cant|p2a: Exeggutor|par
|
|turn|21
|c|★andrew_andres|my god...
|choice|move 3|move 4
|
|move|p1a: Articuno|Blizzard|p2a: Exeggutor
|-crit|p2a: Exeggutor
|-supereffective|p2a: Exeggutor
|-damage|p2a: Exeggutor|0 fnt
|faint|p2a: Exeggutor
|choice||switch 4
|
|switch|p2a: Zapdos|Zapdos, L79|304\/304
|turn|22
|choice|switch 4|move 3
|
|switch|p1a: Rapidash|Rapidash, L90|300\/300
|move|p2a: Zapdos|Thunderbolt|p1a: Rapidash
|-damage|p1a: Rapidash|203\/300
|
|turn|23
|choice|move 1|move 1
|
|move|p1a: Rapidash|Fire Blast|p2a: Zapdos
|-damage|p2a: Zapdos|196\/304
|move|p2a: Zapdos|Thunder Wave|p1a: Rapidash
|-status|p1a: Rapidash|par
|
|turn|24
|choice|move 1|switch 6
|
|switch|p2a: Golduck|Golduck, L85|58\/310
|move|p1a: Rapidash|Fire Blast|p2a: Golduck
|-resisted|p2a: Golduck
|-damage|p2a: Golduck|0 fnt
|faint|p2a: Golduck
|choice||switch 2
|
|switch|p2a: Alakazam|Alakazam, L79|249\/249
|turn|25
|choice|move 3|move 2
|
|move|p2a: Alakazam|Reflect|p2a: Alakazam
|-start|p2a: Alakazam|Reflect
|move|p1a: Rapidash|Body Slam|p2a: Alakazam
|-damage|p2a: Alakazam|191\/249
|
|turn|26
|choice|move 1|move 1
|
|move|p2a: Alakazam|Psychic|p1a: Rapidash
|-damage|p1a: Rapidash|105\/300 par
|-unboost|p1a: Rapidash|spd|1
|-unboost|p1a: Rapidash|spa|1
|move|p1a: Rapidash|Fire Blast|p2a: Alakazam
|-crit|p2a: Alakazam
|-damage|p2a: Alakazam|0 fnt
|faint|p2a: Alakazam
|c|★andrew_andres|my god...
|c|★ALLIE X|ahahhahahhahahahaha
|c|★andrew_andres|with the stupid lucker
|choice||switch 6
|
|switch|p2a: Zapdos|Zapdos, L79|196\/304
|turn|27
|choice|move 1|move 3
|
|move|p2a: Zapdos|Thunderbolt|p1a: Rapidash
|-damage|p1a: Rapidash|0 fnt
|faint|p1a: Rapidash
|choice|switch 3|
|
|switch|p1a: Nidorino|Nidorino, L90|293\/293
|turn|28
|choice|move 1|move 3
|
|move|p2a: Zapdos|Thunderbolt|p1a: Nidorino
|-damage|p1a: Nidorino|157\/293
|move|p1a: Nidorino|Blizzard|p2a: Zapdos
|-supereffective|p2a: Zapdos
|-damage|p2a: Zapdos|88\/304
|
|turn|29
|choice|move 1|move 3
|
|move|p2a: Zapdos|Thunderbolt|p1a: Nidorino
|-damage|p1a: Nidorino|28\/293
|move|p1a: Nidorino|Blizzard|p2a: Zapdos
|-supereffective|p2a: Zapdos
|-damage|p2a: Zapdos|0 fnt
|faint|p2a: Zapdos
|
|win|ALLIE X
|raw|ALLIE X's rating: 1269 &rarr; <strong>1298<\/strong><br \/>(+29 for winning)
|raw|andrew_andres's rating: 1317 &rarr; <strong>1294<\/strong><br \/>(-23 for losing)
|l|andrew_andres
|player|p2