|j|trickster is a fag
|j|ric30
|player|p1|trickster is a fag|265
|player|p2|ric30|226
|gametype|singles
|gen|1
|tier|[Gen 1] Random Battle
|rated
|seed|48868,31187,16174,56136
|rule|Sleep Clause Mod: Limit one foe put to sleep
|rule|Freeze Clause Mod: Limit one foe frozen
|rule|HP Percentage Mod: HP is shown in percentages
|
|start
|switch|p1a: Aerodactyl|Aerodactyl, L90|327\/327
|switch|p2a: Butterfree|Butterfree, L90|291\/291
|turn|1
|choice|move 3|move 4
|
|move|p1a: Aerodactyl|Double-Edge|p2a: Butterfree
|-crit|p2a: Butterfree
|-damage|p2a: Butterfree|85\/291
|-damage|p1a: Aerodactyl|276\/327|[from] recoil|[of] p2a: Butterfree
|move|p2a: Butterfree|Sleep Powder|p1a: Aerodactyl
|-status|p1a: Aerodactyl|slp
|
|turn|2
|j|dorzac
|choice|move 2|switch 2
|
|switch|p2a: Poliwag|Poliwag, L96|272\/272
|cant|p1a: Aerodactyl|slp
|
|turn|3
|l|dorzac
|choice|switch 4|move 1
|
|switch|p1a: Jynx|Jynx, L79|265\/265
|move|p2a: Poliwag|Amnesia|p2a: Poliwag
|-boost|p2a: Poliwag|spd|2
|-boost|p2a: Poliwag|spa|2
|
|turn|4
|choice|move 3|move 2
|
|move|p2a: Poliwag|Hypnosis|p1a: Jynx|[miss]
|-miss|p2a: Poliwag
|move|p1a: Jynx|Lovely Kiss|p2a: Poliwag|[miss]
|-miss|p1a: Jynx
|
|turn|5
|choice|move 3|switch 2
|
|switch|p2a: Butterfree|Butterfree, L90|85\/291
|move|p1a: Jynx|Lovely Kiss|p2a: Butterfree|[miss]
|-miss|p1a: Jynx
|
|turn|6
|choice|move 4|move 1
|
|move|p1a: Jynx|Blizzard|p2a: Butterfree
|-supereffective|p2a: Butterfree
|-damage|p2a: Butterfree|0 fnt
|faint|p2a: Butterfree
|choice||switch 4
|
|switch|p2a: Kangaskhan|Kangaskhan, L85|352\/352
|turn|7
|choice|switch 2|move 3
|
|switch|p1a: Kingler|Kingler, L85|267\/267
|move|p2a: Kangaskhan|Hyper Beam|p1a: Kingler|[miss]
|-miss|p2a: Kangaskhan
|
|turn|8
|choice|move 4|switch 3
|
|switch|p2a: Venusaur|Venusaur, L85|310\/310
|move|p1a: Kingler|Body Slam|p2a: Venusaur
|-damage|p2a: Venusaur|230\/310
|
|turn|9
|choice|switch 3|move 1
|
|switch|p1a: Arcanine|Arcanine, L85|327\/327
|move|p2a: Venusaur|Razor Leaf|p1a: Arcanine
|-crit|p1a: Arcanine
|-resisted|p1a: Arcanine
|-damage|p1a: Arcanine|268\/327
|
|turn|10
|choice|move 2|switch 2
|
|switch|p2a: Poliwag|Poliwag, L96|272\/272
|move|p1a: Arcanine|Fire Blast|p2a: Poliwag
|-resisted|p2a: Poliwag
|-damage|p2a: Poliwag|197\/272
|
|turn|11
|choice|switch 2|move 4
|
|switch|p1a: Jynx|Jynx, L79|265\/265
|move|p2a: Poliwag|Surf|p1a: Jynx
|-damage|p1a: Jynx|191\/265
|
|turn|12
|choice|move 3|switch 5
|
|switch|p2a: Kadabra|Kadabra, L85|242\/242
|move|p1a: Jynx|Lovely Kiss|p2a: Kadabra
|-status|p2a: Kadabra|slp
|
|turn|13
|choice|move 4|move 3
|
|cant|p2a: Kadabra|slp
|move|p1a: Jynx|Blizzard|p2a: Kadabra
|-damage|p2a: Kadabra|158\/242 slp
|
|turn|14
|choice|move 4|move 3
|
|cant|p2a: Kadabra|slp
|move|p1a: Jynx|Blizzard|p2a: Kadabra
|-damage|p2a: Kadabra|73\/242 slp
|
|turn|15
|choice|move 4|move 3
|
|cant|p2a: Kadabra|slp
|move|p1a: Jynx|Blizzard|p2a: Kadabra
|-damage|p2a: Kadabra|0 fnt
|faint|p2a: Kadabra
|choice||switch 3
|
|switch|p2a: Kangaskhan|Kangaskhan, L85|352\/352
|turn|16
|choice|switch 4|move 1
|
|switch|p1a: Aerodactyl|Aerodactyl, L90|276\/327 slp
|move|p2a: Kangaskhan|Earthquake|p1a: Aerodactyl
|-immune|p1a: Aerodactyl|[msg]
|
|turn|17
|choice|switch 3|move 4
|
|switch|p1a: Kingler|Kingler, L85|267\/267
|move|p2a: Kangaskhan|Surf|p1a: Kingler
|-resisted|p1a: Kingler
|-damage|p1a: Kingler|237\/267
|
|turn|18
|choice|move 4|switch 2
|
|switch|p2a: Venusaur|Venusaur, L85|230\/310
|move|p1a: Kingler|Body Slam|p2a: Venusaur
|-damage|p2a: Venusaur|155\/310
|
|turn|19
|choice|switch 2|move 3
|
|switch|p1a: Arcanine|Arcanine, L85|268\/327
|move|p2a: Venusaur|Body Slam|p1a: Arcanine
|-damage|p1a: Arcanine|207\/327
|
|turn|20
|choice|move 2|move 4
|
|move|p1a: Arcanine|Fire Blast|p2a: Venusaur
|-supereffective|p2a: Venusaur
|-damage|p2a: Venusaur|0 fnt
|faint|p2a: Venusaur
|choice||switch 5
|
|switch|p2a: Poliwag|Poliwag, L96|197\/272
|turn|21
|choice|switch 4|move 1
|
|switch|p1a: Jynx|Jynx, L79|191\/265
|move|p2a: Poliwag|Amnesia|p2a: Poliwag
|-boost|p2a: Poliwag|spd|2
|-boost|p2a: Poliwag|spa|2
|
|turn|22
|choice|move 3|move 4
|
|move|p2a: Poliwag|Surf|p1a: Jynx
|-damage|p1a: Jynx|38\/265
|move|p1a: Jynx|Lovely Kiss|p2a: Poliwag
|-status|p2a: Poliwag|slp
|
|turn|23
|choice|switch 6|switch 6
|
|switch|p2a: Mewtwo|Mewtwo, L70|293\/293
|switch|p1a: Lickitung|Lickitung, L90|345\/345
|
|turn|24
|choice|move 4|move 4
|
|move|p2a: Mewtwo|Barrier|p2a: Mewtwo
|-boost|p2a: Mewtwo|def|2
|move|p1a: Lickitung|Body Slam|p2a: Mewtwo
|-damage|p2a: Mewtwo|252\/293
|-status|p2a: Mewtwo|par
|
|turn|25
|choice|move 1|move 1
|
|move|p1a: Lickitung|Swords Dance|p1a: Lickitung
|-boost|p1a: Lickitung|atk|2
|cant|p2a: Mewtwo|par
|
|turn|26
|choice|move 4|move 1
|
|move|p1a: Lickitung|Body Slam|p2a: Mewtwo
|-damage|p2a: Mewtwo|162\/293 par
|move|p2a: Mewtwo|Psychic|p1a: Lickitung
|-crit|p1a: Lickitung
|-damage|p1a: Lickitung|120\/345
|
|turn|27
|choice|move 4|move 1
|
|move|p1a: Lickitung|Body Slam|p2a: Mewtwo
|-damage|p2a: Mewtwo|75\/293 par
|move|p2a: Mewtwo|Psychic|p1a: Lickitung
|-damage|p1a: Lickitung|7\/345
|
|turn|28
|choice|move 4|switch 2
|
|switch|p2a: Kangaskhan|Kangaskhan, L85|352\/352
|move|p1a: Lickitung|Body Slam|p2a: Kangaskhan
|-damage|p2a: Kangaskhan|188\/352
|
|turn|29
|choice|switch 3|move 1
|
|switch|p1a: Aerodactyl|Aerodactyl, L90|276\/327 slp
|move|p2a: Kangaskhan|Earthquake|p1a: Aerodactyl
|-immune|p1a: Aerodactyl|[msg]
|
|turn|30
|choice|switch 2|move 4
|
|switch|p1a: Kingler|Kingler, L85|237\/267
|move|p2a: Kangaskhan|Surf|p1a: Kingler
|-resisted|p1a: Kingler
|-damage|p1a: Kingler|207\/267
|
|turn|31
|choice|move 1|move 2
|
|move|p1a: Kingler|Crabhammer|p2a: Kangaskhan
|-crit|p2a: Kangaskhan
|-damage|p2a: Kangaskhan|0 fnt
|faint|p2a: Kangaskhan
|choice||switch 2
|
|switch|p2a: Mewtwo|Mewtwo, L70|75\/293 par
|turn|32
|c|★trickster is a fag|im gonna have a quick survey for you at the end of this game
|c|★trickster is a fag|your participation would be greatly appreciated
|choice|move 4|move 1
|
|move|p1a: Kingler|Body Slam|p2a: Mewtwo
|-damage|p2a: Mewtwo|0 fnt
|faint|p2a: Mewtwo
|choice||switch 6
|
|switch|p2a: Poliwag|Poliwag, L96|197\/272 slp
|turn|33
|choice|move 4|move 4
|
|cant|p2a: Poliwag|slp
|move|p1a: Kingler|Body Slam|p2a: Poliwag
|-damage|p2a: Poliwag|99\/272 slp
|
|turn|34
|c|★ric30|survey?
|choice|move 4|move 4
|
|cant|p2a: Poliwag|slp
|move|p1a: Kingler|Body Slam|p2a: Poliwag
|-damage|p2a: Poliwag|4\/272 slp
|
|turn|35
|c|★trickster is a fag|yup
|c|★trickster is a fag|Question 1:
|c|★trickster is a fag|With your insanely good team, how many of my pokemon did you kill?
|choice|move 4|move 4
|
|cant|p2a: Poliwag|slp
|move|p1a: Kingler|Body Slam|p2a: Poliwag
|-damage|p2a: Poliwag|0 fnt
|faint|p2a: Poliwag
|
|win|trickster is a fag
|raw|trickster is a fag's rating: 1421 &rarr; <strong>1439<\/strong><br \/>(+18 for winning)
|raw|ric30's rating: 1373 &rarr; <strong>1356<\/strong><br \/>(-17 for losing)
|c|★ric30|that's easy! 0
|c|★trickster is a fag|Thank you.
|c|★trickster is a fag|That concludes the survey.
|c|★ric30|Too bad, it was such a good one
|c|★trickster is a fag|Much like your team
|c|★trickster is a fag|it was like a weedle + 5 team without the weedle