|join|vsterel
|join|tommy93
|player|p1|vsterel|169
|player|p2|tommy93|15
|gametype|singles
|gen|1
|tier|[Gen 1] Random Battle
|rated
|seed|55901,26599,2901,14620
|rule|Sleep Clause Mod: Limit one foe put to sleep
|rule|Freeze Clause Mod: Limit one foe frozen
|rule|HP Percentage Mod: HP is shown in percentages
|
|start
|switch|p1a: Mew|Mew, L74|300\/300
|switch|p2a: Squirtle|Squirtle, L96|279\/279
|turn|1
|choice|move 4|move 1
|
|move|p1a: Mew|Thunder Wave|p2a: Squirtle
|-status|p2a: Squirtle|par
|move|p2a: Squirtle|Mimic|p1a: Mew
|-start|p2a: Squirtle|Mimic|Horn Drill
|
|turn|2
|choice|move 2|move 4
|
|move|p1a: Mew|Swift|p2a: Squirtle
|-damage|p2a: Squirtle|244\/279 par
|cant|p2a: Squirtle|par
|
|turn|3
|choice|switch 6|move 4
|
|switch|p1a: Beedrill|Beedrill, L90|300\/300
|move|p2a: Squirtle|Body Slam|p1a: Beedrill
|-damage|p1a: Beedrill|223\/300
|
|turn|4
|choice|move 3|switch 6
|
|switch|p2a: Wigglytuff|Wigglytuff, L90|435\/435
|move|p1a: Beedrill|Swords Dance|p1a: Beedrill
|-boost|p1a: Beedrill|atk|2
|
|turn|5
|choice|move 2|move 4
|
|move|p1a: Beedrill|Twineedle|p2a: Wigglytuff
|-damage|p2a: Wigglytuff|360\/435
|-damage|p2a: Wigglytuff|285\/435
|-hitcount|p2a: Wigglytuff|2
|move|p2a: Wigglytuff|Thunder Wave|p1a: Beedrill
|-status|p1a: Beedrill|par
|
|turn|6
|choice|move 1|switch 2
|
|switch|p2a: Butterfree|Butterfree, L90|291\/291
|move|p1a: Beedrill|Agility|p1a: Beedrill
|-boost|p1a: Beedrill|spe|2
|
|turn|7
|choice|move 3|move 3
|
|move|p1a: Beedrill|Swords Dance|p1a: Beedrill
|-boost|p1a: Beedrill|atk|2
|move|p2a: Butterfree|Psychic|p1a: Beedrill
|-supereffective|p1a: Beedrill
|-damage|p1a: Beedrill|38\/300 par
|
|turn|8
|choice|move 4|move 3
|
|move|p1a: Beedrill|Hyper Beam|p2a: Butterfree
|-damage|p2a: Butterfree|0 fnt
|faint|p2a: Butterfree
|choice||switch 3
|
|switch|p2a: Alakazam|Alakazam, L79|249\/249
|turn|9
|choice|move 2|move 1
|
|cant|p1a: Beedrill|par
|move|p2a: Alakazam|Psychic|p1a: Beedrill
|-supereffective|p1a: Beedrill
|-damage|p1a: Beedrill|0 fnt
|faint|p1a: Beedrill
|choice|switch 4|
|
|switch|p1a: Zapdos|Zapdos, L79|304\/304
|turn|10
|choice|move 4|switch 2
|
|switch|p2a: Wigglytuff|Wigglytuff, L90|285\/435
|move|p1a: Zapdos|Thunder Wave|p2a: Wigglytuff
|-status|p2a: Wigglytuff|par
|
|turn|11
|choice|switch 2|move 4
|
|switch|p1a: Lickitung|Lickitung, L90|345\/345
|move|p2a: Wigglytuff|Thunder Wave|p1a: Lickitung
|-status|p1a: Lickitung|par
|
|turn|12
|choice|move 2|switch 4
|
|switch|p2a: Machamp|Machamp, L90|345\/345
|move|p1a: Lickitung|Swords Dance|p1a: Lickitung
|-boost|p1a: Lickitung|atk|2
|
|turn|13
|choice|move 4|move 4
|
|move|p2a: Machamp|Submission|p1a: Lickitung
|-supereffective|p1a: Lickitung
|-damage|p1a: Lickitung|82\/345 par
|-damage|p2a: Machamp|280\/345|[from] recoil|[of] p1a: Lickitung
|move|p1a: Lickitung|Hyper Beam|p2a: Machamp
|-damage|p2a: Machamp|15\/345
|
|turn|14
|-mustrecharge|p1a: Lickitung
|-mustrecharge|p1a: Lickitung
|choice|move 1|move 2
|
|move|p2a: Machamp|Body Slam|p1a: Lickitung
|-damage|p1a: Lickitung|0 fnt
|faint|p1a: Lickitung
|choice|switch 2|
|
|switch|p1a: Zapdos|Zapdos, L79|304\/304
|turn|15
|choice|move 3|move 3
|
|move|p1a: Zapdos|Drill Peck|p2a: Machamp
|-crit|p2a: Machamp
|-supereffective|p2a: Machamp
|-damage|p2a: Machamp|0 fnt
|faint|p2a: Machamp
|choice||switch 4
|
|switch|p2a: Wigglytuff|Wigglytuff, L90|285\/435 par
|turn|16
|choice|move 1|move 4
|
|move|p1a: Zapdos|Thunderbolt|p2a: Wigglytuff
|-crit|p2a: Wigglytuff
|-damage|p2a: Wigglytuff|8\/435 par
|move|p2a: Wigglytuff|Thunder Wave|p1a: Zapdos
|-status|p1a: Zapdos|par
|
|turn|17
|choice|move 2|move 3
|
|move|p1a: Zapdos|Agility|p1a: Zapdos
|-boost|p1a: Zapdos|spe|2
|move|p2a: Wigglytuff|Blizzard|p1a: Zapdos
|-supereffective|p1a: Zapdos
|-damage|p1a: Zapdos|194\/304 par
|
|turn|18
|choice|move 3|move 2
|
|cant|p1a: Zapdos|par
|cant|p2a: Wigglytuff|par
|
|turn|19
|choice|move 3|move 3
|
|move|p1a: Zapdos|Drill Peck|p2a: Wigglytuff|[miss]
|-miss|p1a: Zapdos
|move|p2a: Wigglytuff|Blizzard|p1a: Zapdos
|-supereffective|p1a: Zapdos
|-damage|p1a: Zapdos|89\/304 par
|
|turn|20
|choice|move 3|move 3
|
|cant|p1a: Zapdos|par
|move|p2a: Wigglytuff|Blizzard|p1a: Zapdos
|-supereffective|p1a: Zapdos
|-damage|p1a: Zapdos|0 fnt
|faint|p1a: Zapdos
|choice|switch 6|
|
|switch|p1a: Mew|Mew, L74|300\/300
|turn|21
|choice|move 2|move 4
|
|move|p1a: Mew|Swift|p2a: Wigglytuff
|-damage|p2a: Wigglytuff|0 fnt
|faint|p2a: Wigglytuff
|choice||switch 6
|
|switch|p2a: Squirtle|Squirtle, L96|244\/279 par
|turn|22
|choice|move 2|move 4
|
|move|p1a: Mew|Swift|p2a: Squirtle
|-damage|p2a: Squirtle|207\/279 par
|cant|p2a: Squirtle|par
|
|turn|23
|choice|move 2|move 4
|
|move|p1a: Mew|Swift|p2a: Squirtle
|-damage|p2a: Squirtle|171\/279 par
|move|p2a: Squirtle|Body Slam|p1a: Mew
|-damage|p1a: Mew|241\/300
|-status|p1a: Mew|par
|
|turn|24
|choice|switch 5|move 3
|
|switch|p1a: Golbat|Golbat, L90|318\/318
|move|p2a: Squirtle|Surf|p1a: Golbat
|-damage|p1a: Golbat|227\/318
|
|turn|25
|choice|move 4|move 2
|
|move|p1a: Golbat|Mega Drain|p2a: Squirtle
|-supereffective|p2a: Squirtle
|-damage|p2a: Squirtle|107\/279 par
|-heal|p1a: Golbat|259\/318|[from] drain|[of] p2a: Squirtle
|cant|p2a: Squirtle|par
|
|turn|26
|choice|move 4|switch 5
|
|switch|p2a: Nidorino|Nidorino, L90|293\/293
|move|p1a: Golbat|Mega Drain|p2a: Nidorino
|-crit|p2a: Nidorino
|-resisted|p2a: Nidorino
|-damage|p2a: Nidorino|258\/293
|-heal|p1a: Golbat|276\/318|[from] drain|[of] p2a: Nidorino
|
|turn|27
|choice|move 1|move 1
|
|move|p1a: Golbat|Confuse Ray|p2a: Nidorino
|-start|p2a: Nidorino|confusion
|-activate|p2a: Nidorino|confusion
|-damage|p2a: Nidorino|222\/293|[from] confusion
|
|turn|28
|choice|move 3|move 1
|
|move|p1a: Golbat|Screech|p2a: Nidorino
|-unboost|p2a: Nidorino|def|2
|-activate|p2a: Nidorino|confusion
|-damage|p2a: Nidorino|151\/293|[from] confusion
|
|turn|29
|choice|move 2|move 1
|
|move|p1a: Golbat|Hyper Beam|p2a: Nidorino|[miss]
|-miss|p1a: Golbat
|-end|p2a: Nidorino|confusion
|move|p2a: Nidorino|Thunder|p1a: Golbat
|-crit|p1a: Golbat
|-supereffective|p1a: Golbat
|-damage|p1a: Golbat|0 fnt
|faint|p1a: Golbat
|choice|switch 3|
|
|switch|p1a: Seaking|Seaking, L90|327\/327
|turn|30
|choice|move 1|switch 5
|
|switch|p2a: Squirtle|Squirtle, L96|107\/279 par
|move|p1a: Seaking|Hyper Beam|p2a: Squirtle
|-damage|p2a: Squirtle|0 fnt
|faint|p2a: Squirtle
|choice||switch 2
|
|switch|p2a: Alakazam|Alakazam, L79|249\/249
|turn|31
|choice|switch 5|move 4
|
|switch|p1a: Mew|Mew, L74|241\/300 par
|move|p2a: Alakazam|Thunder Wave|p1a: Mew
|-fail|p1a: Mew|par
|
|turn|32
|choice|move 4|switch 5
|
|switch|p2a: Nidorino|Nidorino, L90|151\/293
|move|p1a: Mew|Thunder Wave|p2a: Nidorino
|-status|p2a: Nidorino|par
|
|turn|33
|choice|move 2|move 3
|
|move|p1a: Mew|Swift|p2a: Nidorino
|-damage|p2a: Nidorino|108\/293 par
|move|p2a: Nidorino|Double-Edge|p1a: Mew
|-damage|p1a: Mew|166\/300 par
|-damage|p2a: Nidorino|90\/293 par|[from] recoil|[of] p1a: Mew
|
|turn|34
|choice|move 2|move 3
|
|move|p1a: Mew|Swift|p2a: Nidorino
|-damage|p2a: Nidorino|49\/293 par
|move|p2a: Nidorino|Double-Edge|p1a: Mew
|-damage|p1a: Mew|95\/300 par
|-damage|p2a: Nidorino|32\/293 par|[from] recoil|[of] p1a: Mew
|
|turn|35
|choice|move 3|move 3
|
|move|p1a: Mew|Soft-Boiled|p1a: Mew
|-heal|p1a: Mew|245\/300 par
|move|p2a: Nidorino|Double-Edge|p1a: Mew
|-damage|p1a: Mew|172\/300 par
|-damage|p2a: Nidorino|14\/293 par|[from] recoil|[of] p1a: Mew
|
|turn|36
|choice|move 3|move 3
|
|move|p1a: Mew|Soft-Boiled|p1a: Mew
|-heal|p1a: Mew|300\/300 par
|move|p2a: Nidorino|Double-Edge|p1a: Mew
|-damage|p1a: Mew|231\/300 par
|-damage|p2a: Nidorino|0 fnt|[from] recoil|[of] p1a: Mew
|faint|p2a: Nidorino
|choice||switch 5
|
|switch|p2a: Alakazam|Alakazam, L79|249\/249
|turn|37
|choice|move 4|move 2
|
|move|p2a: Alakazam|Seismic Toss|p1a: Mew
|-damage|p1a: Mew|152\/300 par
|move|p1a: Mew|Thunder Wave|p2a: Alakazam
|-status|p2a: Alakazam|par
|
|turn|38
|choice|move 3|move 2
|
|cant|p2a: Alakazam|par
|move|p1a: Mew|Soft-Boiled|p1a: Mew
|-heal|p1a: Mew|300\/300 par
|
|turn|39
|choice|move 2|move 2
|
|cant|p2a: Alakazam|par
|move|p1a: Mew|Swift|p2a: Alakazam
|-damage|p2a: Alakazam|199\/249 par
|
|turn|40
|choice|move 2|move 2
|
|move|p2a: Alakazam|Seismic Toss|p1a: Mew
|-damage|p1a: Mew|221\/300 par
|move|p1a: Mew|Swift|p2a: Alakazam
|-damage|p2a: Alakazam|150\/249 par
|
|turn|41
|choice|move 2|move 2
|
|move|p2a: Alakazam|Seismic Toss|p1a: Mew
|-damage|p1a: Mew|142\/300 par
|move|p1a: Mew|Swift|p2a: Alakazam
|-crit|p2a: Alakazam
|-damage|p2a: Alakazam|53\/249 par
|
|turn|42
|choice|move 3|move 3
|
|move|p2a: Alakazam|Recover|p2a: Alakazam
|-heal|p2a: Alakazam|177\/249 par
|move|p1a: Mew|Soft-Boiled|p1a: Mew
|-heal|p1a: Mew|292\/300 par
|
|turn|43
|choice|move 2|move 3
|
|move|p2a: Alakazam|Recover|p2a: Alakazam
|-heal|p2a: Alakazam|249\/249 par
|move|p1a: Mew|Swift|p2a: Alakazam
|-damage|p2a: Alakazam|201\/249 par
|
|turn|44
|choice|move 2|move 3
|
|cant|p2a: Alakazam|par
|cant|p1a: Mew|par
|
|turn|45
|choice|move 2|move 3
|
|move|p2a: Alakazam|Recover|p2a: Alakazam
|-heal|p2a: Alakazam|249\/249 par
|move|p1a: Mew|Swift|p2a: Alakazam
|-crit|p2a: Alakazam
|-damage|p2a: Alakazam|146\/249 par
|
|turn|46
|choice|move 2|move 3
|
|move|p2a: Alakazam|Recover|p2a: Alakazam
|-heal|p2a: Alakazam|249\/249 par
|move|p1a: Mew|Swift|p2a: Alakazam
|-damage|p2a: Alakazam|196\/249 par
|
|turn|47
|choice|move 2|move 1
|
|move|p2a: Alakazam|Psychic|p1a: Mew
|-resisted|p1a: Mew
|-damage|p1a: Mew|238\/300 par
|move|p1a: Mew|Swift|p2a: Alakazam
|-damage|p2a: Alakazam|142\/249 par
|
|turn|48
|choice|move 2|move 3
|
|cant|p2a: Alakazam|par
|cant|p1a: Mew|par
|
|turn|49
|choice|move 2|move 3
|
|move|p2a: Alakazam|Recover|p2a: Alakazam
|-heal|p2a: Alakazam|249\/249 par
|move|p1a: Mew|Swift|p2a: Alakazam
|-damage|p2a: Alakazam|199\/249 par
|
|turn|50
|choice|move 2|move 2
|
|cant|p2a: Alakazam|par
|move|p1a: Mew|Swift|p2a: Alakazam
|-damage|p2a: Alakazam|146\/249 par
|
|turn|51
|choice|move 2|move 2
|
|move|p2a: Alakazam|Seismic Toss|p1a: Mew
|-damage|p1a: Mew|159\/300 par
|cant|p1a: Mew|par
|
|turn|52
|choice|move 3|move 1
|
|cant|p2a: Alakazam|par
|cant|p1a: Mew|par
|
|turn|53
|choice|move 3|move 1
|
|move|p2a: Alakazam|Psychic|p1a: Mew
|-resisted|p1a: Mew
|-damage|p1a: Mew|108\/300 par
|-unboost|p1a: Mew|spd|1
|-unboost|p1a: Mew|spa|1
|move|p1a: Mew|Soft-Boiled|p1a: Mew
|-heal|p1a: Mew|258\/300 par
|
|turn|54
|choice|move 2|move 1
|
|move|p2a: Alakazam|Psychic|p1a: Mew
|-resisted|p1a: Mew
|-damage|p1a: Mew|178\/300 par
|move|p1a: Mew|Swift|p2a: Alakazam
|-damage|p2a: Alakazam|97\/249 par
|
|turn|55
|choice|switch 5|move 3
|
|switch|p1a: Seaking|Seaking, L90|327\/327
|move|p2a: Alakazam|Recover|p2a: Alakazam
|-heal|p2a: Alakazam|221\/249 par
|
|turn|56
|choice|move 2|move 4
|
|move|p1a: Seaking|Double-Edge|p2a: Alakazam
|-damage|p2a: Alakazam|105\/249 par
|-damage|p1a: Seaking|298\/327|[from] recoil|[of] p2a: Alakazam
|move|p2a: Alakazam|Thunder Wave|p1a: Seaking
|-status|p1a: Seaking|par
|
|turn|57
|choice|move 2|move 3
|
|move|p2a: Alakazam|Recover|p2a: Alakazam
|-heal|p2a: Alakazam|229\/249 par
|cant|p1a: Seaking|par
|
|turn|58
|choice|move 2|move 1
|
|move|p2a: Alakazam|Psychic|p1a: Seaking
|-crit|p1a: Seaking
|-damage|p1a: Seaking|104\/327 par
|-unboost|p1a: Seaking|spd|1
|-unboost|p1a: Seaking|spa|1
|cant|p1a: Seaking|par
|
|turn|59
|choice|switch 5|move 1
|
|switch|p1a: Mew|Mew, L74|178\/300 par
|move|p2a: Alakazam|Psychic|p1a: Mew
|-resisted|p1a: Mew
|-damage|p1a: Mew|124\/300 par
|-unboost|p1a: Mew|spd|1
|-unboost|p1a: Mew|spa|1
|
|turn|60
|choice|move 3|move 2
|
|move|p2a: Alakazam|Seismic Toss|p1a: Mew
|-damage|p1a: Mew|45\/300 par
|move|p1a: Mew|Soft-Boiled|p1a: Mew
|-fail|p1a: Mew
|
|turn|61
|choice|move 3|move 2
|
|move|p2a: Alakazam|Seismic Toss|p1a: Mew
|-damage|p1a: Mew|0 fnt
|faint|p1a: Mew
|choice|switch 5|
|
|switch|p1a: Seaking|Seaking, L90|104\/327 par
|turn|62
|choice|move 1|move 1
|
|cant|p2a: Alakazam|par
|move|p1a: Seaking|Hyper Beam|p2a: Alakazam
|-damage|p2a: Alakazam|59\/249 par
|
|turn|63
|-mustrecharge|p1a: Seaking
|-mustrecharge|p1a: Seaking
|choice|move 1|move 1
|
|cant|p2a: Alakazam|par
|cant|p1a: Seaking|recharge
|
|turn|64
|choice|move 2|move 1
|
|cant|p2a: Alakazam|par
|move|p1a: Seaking|Double-Edge|p2a: Alakazam
|-damage|p2a: Alakazam|0 fnt
|-damage|p1a: Seaking|90\/327 par|[from] recoil|[of] p2a: Alakazam
|faint|p2a: Alakazam
|
|win|vsterel
|raw|vsterel's rating: 1333 &rarr; <strong>1345<\/strong><br \/>(+12 for winning)
|raw|tommy93's rating: 1181 &rarr; <strong>1166<\/strong><br \/>(-15 for losing)