|join|andrewandres
|join|3100394216D
|player|p1|andrewandres|266
|player|p2|3100394216D|69
|gametype|singles
|gen|1
|tier|[Gen 1] Random Battle
|rated
|rule|Sleep Clause Mod: Limit one foe put to sleep
|rule|Freeze Clause Mod: Limit one foe frozen
|rule|HP Percentage Mod: HP is shown in percentages
|
|start
|switch|p1a: Eevee|Eevee, L96|300\/300
|switch|p2a: Alakazam|Alakazam, L79|249\/249
|turn|1
|
|move|p2a: Alakazam|Reflect|p2a: Alakazam
|-start|p2a: Alakazam|Reflect
|move|p1a: Eevee|Body Slam|p2a: Alakazam
|-damage|p2a: Alakazam|185\/249
|
|turn|2
|join|ViolaMapaches
|
|move|p2a: Alakazam|Thunder Wave|p1a: Eevee
|-status|p1a: Eevee|par
|move|p1a: Eevee|Body Slam|p2a: Alakazam
|-damage|p2a: Alakazam|124\/249
|
|turn|3
|join|KiritoAEVP712
|join|yuya sasaki
|join|Zangoose Kawaii 3
|
|move|p2a: Alakazam|Psychic|p1a: Eevee
|-damage|p1a: Eevee|193\/300 par
|cant|p1a: Eevee|par
|
|turn|4
|join|yurex
|
|move|p2a: Alakazam|Psychic|p1a: Eevee
|-damage|p1a: Eevee|84\/300 par
|move|p1a: Eevee|Body Slam|p2a: Alakazam
|-damage|p2a: Alakazam|63\/249
|
|turn|5
|leave|KiritoAEVP712
|
|move|p2a: Alakazam|Psychic|p1a: Eevee
|-damage|p1a: Eevee|0 fnt
|faint|p1a: Eevee
|join|darkwolftlh
|
|switch|p1a: Sandslash|Sandslash, L85|301\/301
|turn|6
|join|Slendeer
|leave|yurex
|leave|darkwolftlh
|
|move|p2a: Alakazam|Psychic|p1a: Sandslash
|-crit|p1a: Sandslash
|-damage|p1a: Sandslash|41\/301
|-unboost|p1a: Sandslash|spd|1
|-unboost|p1a: Sandslash|spa|1
|move|p1a: Sandslash|Earthquake|p2a: Alakazam
|-damage|p2a: Alakazam|0 fnt
|faint|p2a: Alakazam
|join|darkwolftlh
|leave|darkwolftlh
|leave|Slendeer
|leave|ViolaMapaches
|join|Rukiano
|join|dante el demonio
|leave|Zangoose Kawaii 3
|leave|Rukiano
|leave|dante el demonio
|
|switch|p2a: Poliwrath|Poliwrath, L85|327\/327
|turn|7
|join|MajeshoGalac
|
|move|p2a: Poliwrath|Surf|p1a: Sandslash
|-supereffective|p1a: Sandslash
|-damage|p1a: Sandslash|0 fnt
|faint|p1a: Sandslash
|leave|MajeshoGalac
|
|switch|p1a: Mr. Mime|Mr. Mime, L85|242\/242
|turn|8
|
|move|p1a: Mr. Mime|Psychic|p2a: Poliwrath
|-crit|p2a: Poliwrath
|-supereffective|p2a: Poliwrath
|-damage|p2a: Poliwrath|0 fnt
|faint|p2a: Poliwrath
|
|switch|p2a: Jolteon|Jolteon, L79|265\/265
|turn|9
|
|move|p2a: Jolteon|Thunder Wave|p1a: Mr. Mime
|-status|p1a: Mr. Mime|par
|move|p1a: Mr. Mime|Thunder Wave|p2a: Jolteon
|-status|p2a: Jolteon|par
|
|turn|10
|
|move|p2a: Jolteon|Pin Missile|p1a: Mr. Mime
|-supereffective|p1a: Mr. Mime
|-damage|p1a: Mr. Mime|223\/242 par
|-damage|p1a: Mr. Mime|204\/242 par
|-damage|p1a: Mr. Mime|185\/242 par
|-hitcount|p1a: Mr. Mime|3
|move|p1a: Mr. Mime|Psychic|p2a: Jolteon
|-crit|p2a: Jolteon
|-damage|p2a: Jolteon|94\/265 par
|
|turn|11
|
|move|p2a: Jolteon|Thunderbolt|p1a: Mr. Mime
|-crit|p1a: Mr. Mime
|-damage|p1a: Mr. Mime|11\/242 par
|move|p1a: Mr. Mime|Psychic|p2a: Jolteon
|-damage|p2a: Jolteon|0 fnt
|faint|p2a: Jolteon
|
|switch|p2a: Porygon|Porygon, L85|284\/284
|turn|12
|
|move|p2a: Porygon|Hyper Beam|p1a: Mr. Mime
|-damage|p1a: Mr. Mime|0 fnt
|faint|p1a: Mr. Mime
|
|switch|p1a: Vileplume|Vileplume, L90|318\/318
|turn|13
|
|move|p1a: Vileplume|Sleep Powder|p2a: Porygon
|-status|p2a: Porygon|slp
|-curestatus|p2a: Porygon|slp
|
|turn|14
|c|★andrewandres|of coruse..
|c|★andrewandres|now
|c|★andrewandres|fail
|
|move|p1a: Vileplume|Sleep Powder|p2a: Porygon
|-status|p2a: Porygon|slp
|cant|p2a: Porygon|slp
|
|turn|15
|
|move|p1a: Vileplume|Swords Dance|p1a: Vileplume
|-boost|p1a: Vileplume|atk|2
|cant|p2a: Porygon|slp
|
|turn|16
|
|move|p1a: Vileplume|Body Slam|p2a: Porygon
|-damage|p2a: Porygon|153\/284 slp
|cant|p2a: Porygon|slp
|
|turn|17
|
|move|p1a: Vileplume|Swords Dance|p1a: Vileplume
|-boost|p1a: Vileplume|atk|2
|cant|p2a: Porygon|slp
|
|turn|18
|
|move|p1a: Vileplume|Body Slam|p2a: Porygon
|-damage|p2a: Porygon|0 fnt
|faint|p2a: Porygon
|
|switch|p2a: Mewtwo|Mewtwo, L68|285\/285
|turn|19
|
|move|p2a: Mewtwo|Psychic|p1a: Vileplume
|-crit|p1a: Vileplume
|-supereffective|p1a: Vileplume
|-damage|p1a: Vileplume|4\/318
|move|p1a: Vileplume|Sleep Powder|p2a: Mewtwo
|-status|p2a: Mewtwo|slp
|
|turn|20
|
|-curestatus|p2a: Mewtwo|slp
|move|p1a: Vileplume|Body Slam|p2a: Mewtwo
|-crit|p2a: Mewtwo
|-damage|p2a: Mewtwo|140\/285
|
|turn|21
|
|move|p2a: Mewtwo|Psychic|p1a: Vileplume
|-supereffective|p1a: Vileplume
|-damage|p1a: Vileplume|0 fnt
|faint|p1a: Vileplume
|
|switch|p1a: Magneton|Magneton, L90|273\/273
|turn|22
|
|move|p2a: Mewtwo|Recover|p2a: Mewtwo
|-heal|p2a: Mewtwo|282\/285
|move|p1a: Magneton|Thunder Wave|p2a: Mewtwo
|-status|p2a: Mewtwo|par
|
|turn|23
|
|move|p1a: Magneton|Thunderbolt|p2a: Mewtwo
|-damage|p2a: Mewtwo|163\/285 par
|cant|p2a: Mewtwo|par
|
|turn|24
|
|move|p1a: Magneton|Thunderbolt|p2a: Mewtwo
|-damage|p2a: Mewtwo|58\/285 par
|move|p2a: Mewtwo|Psychic|p1a: Magneton
|-damage|p1a: Magneton|205\/273
|-unboost|p1a: Magneton|spd|1
|-unboost|p1a: Magneton|spa|1
|
|turn|25
|
|move|p1a: Magneton|Hyper Beam|p2a: Mewtwo
|-damage|p2a: Mewtwo|0 fnt
|faint|p2a: Mewtwo
|
|switch|p2a: Grimer|Grimer, L96|348\/348
|turn|26
|
|move|p1a: Magneton|Thunder Wave|p2a: Grimer
|-status|p2a: Grimer|par
|move|p2a: Grimer|Body Slam|p1a: Magneton
|-damage|p1a: Magneton|142\/273
|-status|p1a: Magneton|par
|
|turn|27
|
|move|p1a: Magneton|Thunderbolt|p2a: Grimer
|-damage|p2a: Grimer|234\/348 par
|cant|p2a: Grimer|par
|
|turn|28
|
|cant|p1a: Magneton|par
|move|p2a: Grimer|Body Slam|p1a: Magneton
|-damage|p1a: Magneton|84\/273 par
|
|turn|29
|
|cant|p1a: Magneton|par
|move|p2a: Grimer|Body Slam|p1a: Magneton
|-crit|p1a: Magneton
|-damage|p1a: Magneton|0 fnt
|faint|p1a: Magneton
|
|switch|p1a: Poliwhirl|Poliwhirl, L85|284\/284
|turn|30
|
|move|p1a: Poliwhirl|Psychic|p2a: Grimer
|-supereffective|p2a: Grimer
|-damage|p2a: Grimer|115\/348 par
|cant|p2a: Grimer|par
|
|turn|31
|
|move|p1a: Poliwhirl|Psychic|p2a: Grimer
|-supereffective|p2a: Grimer
|-damage|p2a: Grimer|0 fnt
|faint|p2a: Grimer
|
|win|andrewandres
|raw|Ladder updating...
|raw|andrewandres's rating: 1167 &rarr; <strong>1181<\/strong><br \/>(+14 for winning)
|raw|3100394216D's rating: 1000 &rarr; <strong>1000<\/strong><br \/>(+0 for losing)
|leave|3100394216D
|player|p2