|j|truewario_dates_me
|j|Buts X
|player|p1|truewario_dates_me|25
|player|p2|Buts X|2
|gametype|singles
|gen|1
|tier|[Gen 1] Random Battle
|rated
|seed|
|rule|Sleep Clause Mod: Limit one foe put to sleep
|rule|Freeze Clause Mod: Limit one foe frozen
|rule|HP Percentage Mod: HP is shown in percentages
|
|start
|switch|p1a: Gloom|Gloom, L90|100\/100
|switch|p2a: Articuno|Articuno, L79|100\/100
|turn|1
|choice||
|
|switch|p1a: Omastar|Omastar, L90|100\/100
|move|p2a: Articuno|Blizzard|p1a: Omastar
|-resisted|p1a: Omastar
|-damage|p1a: Omastar|85\/100
|-status|p1a: Omastar|frz
|
|turn|2
|c|★truewario_dates_me|LOL
|c|★truewario_dates_me|GO SUCK A FAT COCK
|choice||
|
|switch|p1a: Blastoise|Blastoise, L85|100\/100
|move|p2a: Articuno|Reflect|p2a: Articuno
|-start|p2a: Articuno|Reflect
|
|turn|3
|choice||
|
|switch|p2a: Wartortle|Wartortle, L85|100\/100
|move|p1a: Blastoise|Mimic|p2a: Wartortle
|-start|p1a: Blastoise|Mimic|Body Slam
|
|turn|4
|choice||
|
|move|p1a: Blastoise|Body Slam|p2a: Wartortle
|-damage|p2a: Wartortle|79\/100
|-status|p2a: Wartortle|par
|move|p2a: Wartortle|Body Slam|p1a: Blastoise
|-crit|p1a: Blastoise
|-damage|p1a: Blastoise|75\/100
|-status|p1a: Blastoise|par
|
|turn|5
|c|★truewario_dates_me|LOL
|choice||
|
|move|p1a: Blastoise|Body Slam|p2a: Wartortle
|-damage|p2a: Wartortle|57\/100 par
|move|p2a: Wartortle|Body Slam|p1a: Blastoise
|-damage|p1a: Blastoise|62\/100 par
|
|turn|6
|choice||
|
|move|p1a: Blastoise|Body Slam|p2a: Wartortle
|-crit|p2a: Wartortle
|-damage|p2a: Wartortle|18\/100 par
|cant|p2a: Wartortle|par
|
|turn|7
|choice||
|
|move|p1a: Blastoise|Body Slam|p2a: Wartortle
|-crit|p2a: Wartortle
|-damage|p2a: Wartortle|0 fnt
|faint|p2a: Wartortle
|choice||
|
|switch|p2a: Weezing|Weezing, L90|100\/100
|turn|8
|choice||
|
|switch|p1a: Gloom|Gloom, L90|100\/100
|move|p2a: Weezing|Thunderbolt|p1a: Gloom
|-resisted|p1a: Gloom
|-damage|p1a: Gloom|88\/100
|-status|p1a: Gloom|par
|
|turn|9
|c|★truewario_dates_me|LOL
|choice||
|
|switch|p1a: Omastar|Omastar, L90|85\/100 frz
|move|p2a: Weezing|Fire Blast|p1a: Omastar|[miss]
|-miss|p2a: Weezing
|
|turn|10
|c|★truewario_dates_me|LOL
|c|★truewario_dates_me|LOL
|c|★truewario_dates_me|LOL
|c|★truewario_dates_me|LOL
|c|★truewario_dates_me|LOL
|c|★truewario_dates_me|LOL
|c|★truewario_dates_me|LOL
|c|★truewario_dates_me|LOL
|c|★truewario_dates_me|LOL
|c|★truewario_dates_me|LOL
|c|★truewario_dates_me|LOL
|c|★truewario_dates_me|LOL
|c|★truewario_dates_me|LOL
|c|★truewario_dates_me|LOL
|c|★truewario_dates_me|LOL
|choice||
|
|switch|p1a: Dragonite|Dragonite, L85|100\/100
|move|p2a: Weezing|Sludge|p1a: Dragonite
|-crit|p1a: Dragonite
|-damage|p1a: Dragonite|61\/100
|-status|p1a: Dragonite|psn
|
|turn|11
|c|★truewario_dates_me|LOL
|choice||
|
|move|p1a: Dragonite|Thunderbolt|p2a: Weezing
|-damage|p2a: Weezing|79\/100
|-damage|p1a: Dragonite|54\/100 psn|[from] psn|[of] p2a: Weezing
|move|p2a: Weezing|Thunderbolt|p1a: Dragonite
|-damage|p1a: Dragonite|36\/100 psn
|
|turn|12
|choice||
|
|switch|p1a: Gloom|Gloom, L90|88\/100 par
|move|p2a: Weezing|Sludge|p1a: Gloom
|-damage|p1a: Gloom|62\/100 par
|
|turn|13
|choice||
|
|switch|p1a: Omastar|Omastar, L90|85\/100 frz
|move|p2a: Weezing|Sludge|p1a: Omastar
|-resisted|p1a: Omastar
|-damage|p1a: Omastar|76\/100 frz
|
|turn|14
|choice||
|
|switch|p1a: Machamp|Machamp, L90|100\/100
|move|p2a: Weezing|Thunderbolt|p1a: Machamp
|-crit|p1a: Machamp
|-damage|p1a: Machamp|57\/100
|-status|p1a: Machamp|par
|
|turn|15
|c|★truewario_dates_me|WOW
|c|★truewario_dates_me|have you sucked Zarel's dick or something?
|-message|truewario_dates_me forfeited.
|
|win|Buts X
|player|p1
|player|p2
|l|truewario_dates_me
|raw|truewario_dates_me's rating: 1482 &rarr; <strong>1457<\/strong><br \/>(-25 for losing)
|raw|Buts X's rating: 1396 &rarr; <strong>1421<\/strong><br \/>(+25 for winning)