|join|aslkdfjlk
|join|clarinetno1
|player|p1|aslkdfjlk|170
|player|p2|clarinetno1|170
|gametype|singles
|gen|1
|tier|[Gen 1] Random Battle
|rated
|rule|Sleep Clause Mod: Limit one foe put to sleep
|rule|Freeze Clause Mod: Limit one foe frozen
|rule|HP Percentage Mod: HP is shown in percentages
|
|start
|switch|p1a: Rapidash|Rapidash, L90|300\/300
|switch|p2a: Scyther|Scyther, L90|309\/309
|turn|1
|
|switch|p2a: Tentacruel|Tentacruel, L85|310\/310
|move|p1a: Rapidash|Fire Blast|p2a: Tentacruel
|-resisted|p2a: Tentacruel
|-damage|p2a: Tentacruel|257\/310
|
|turn|2
|
|switch|p1a: Seaking|Seaking, L90|327\/327
|move|p2a: Tentacruel|Hydro Pump|p1a: Seaking
|-crit|p1a: Seaking
|-resisted|p1a: Seaking
|-damage|p1a: Seaking|174\/327
|
|turn|3
|
|switch|p2a: Machoke|Machoke, L85|310\/310
|move|p1a: Seaking|Double-Edge|p2a: Machoke
|-crit|p2a: Machoke
|-damage|p2a: Machoke|138\/310
|-damage|p1a: Seaking|131\/327|[from] recoil|[of] p2a: Machoke
|
|turn|4
|
|move|p1a: Seaking|Surf|p2a: Machoke
|-damage|p2a: Machoke|0 fnt
|faint|p2a: Machoke
|
|switch|p2a: Scyther|Scyther, L90|309\/309
|turn|5
|
|switch|p1a: Gengar|Gengar, L79|257\/257
|move|p2a: Scyther|Slash|p1a: Gengar
|-immune|p1a: Gengar|[msg]
|
|turn|6
|
|switch|p2a: Venomoth|Venomoth, L85|293\/293
|move|p1a: Gengar|Hypnosis|p2a: Venomoth
|-status|p2a: Venomoth|slp
|
|turn|7
|
|move|p1a: Gengar|Psychic|p2a: Venomoth
|-supereffective|p2a: Venomoth
|-damage|p2a: Venomoth|159\/293 slp
|-unboost|p2a: Venomoth|spd|1
|-unboost|p2a: Venomoth|spa|1
|cant|p2a: Venomoth|slp
|
|turn|8
|
|move|p1a: Gengar|Psychic|p2a: Venomoth
|-supereffective|p2a: Venomoth
|-damage|p2a: Venomoth|0 fnt
|faint|p2a: Venomoth
|
|switch|p2a: Tentacruel|Tentacruel, L85|257\/310
|turn|9
|
|move|p2a: Tentacruel|Surf|p1a: Gengar
|-damage|p1a: Gengar|150\/257
|move|p1a: Gengar|Psychic|p2a: Tentacruel
|-supereffective|p2a: Tentacruel
|-damage|p2a: Tentacruel|157\/310
|
|turn|10
|
|switch|p1a: Seaking|Seaking, L90|131\/327
|move|p2a: Tentacruel|Hydro Pump|p1a: Seaking
|-resisted|p1a: Seaking
|-damage|p1a: Seaking|54\/327
|
|turn|11
|
|move|p2a: Tentacruel|Surf|p1a: Seaking
|-resisted|p1a: Seaking
|-damage|p1a: Seaking|0 fnt
|faint|p1a: Seaking
|
|switch|p1a: Hypno|Hypno, L85|318\/318
|turn|12
|
|move|p2a: Tentacruel|Hydro Pump|p1a: Hypno|[miss]
|-miss|p2a: Tentacruel
|move|p1a: Hypno|Thunder Wave|p2a: Tentacruel
|-status|p2a: Tentacruel|par
|
|turn|13
|
|move|p1a: Hypno|Psychic|p2a: Tentacruel
|-supereffective|p2a: Tentacruel
|-damage|p2a: Tentacruel|0 fnt
|faint|p2a: Tentacruel
|
|switch|p2a: Scyther|Scyther, L90|309\/309
|turn|14
|
|switch|p1a: Gengar|Gengar, L79|150\/257
|move|p2a: Scyther|Swords Dance|p2a: Scyther
|-boost|p2a: Scyther|atk|2
|
|turn|15
|
|switch|p2a: Persian|Persian, L79|265\/265
|move|p1a: Gengar|Hypnosis|p2a: Persian|[miss]
|-miss|p1a: Gengar
|
|turn|16
|
|move|p2a: Persian|Bubble Beam|p1a: Gengar
|-crit|p1a: Gengar
|-damage|p1a: Gengar|98\/257
|move|p1a: Gengar|Psychic|p2a: Persian
|-damage|p2a: Persian|184\/265
|
|turn|17
|
|move|p2a: Persian|Bubble Beam|p1a: Gengar
|-damage|p1a: Gengar|72\/257
|move|p1a: Gengar|Hypnosis|p2a: Persian
|-status|p2a: Persian|slp
|
|turn|18
|-message|clarinetno1 forfeited.
|
|win|aslkdfjlk
|raw|Ladder updating...
|raw|aslkdfjlk's rating: 1142 &rarr; <strong>1167<\/strong><br \/>(+25 for winning)
|raw|clarinetno1's rating: 1142 &rarr; <strong>1117<\/strong><br \/>(-25 for losing)
|leave|clarinetno1
|player|p2