|join|magikarpclark
|join|XianJu
|player|p1|magikarpclark|126
|player|p2|XianJu|130
|gametype|singles
|gen|1
|tier|[Gen 1] OU
|rated
|seed|15350,19853,61717,27227
|rule|Sleep Clause Mod: Limit one foe put to sleep
|rule|Freeze Clause Mod: Limit one foe frozen
|rule|Species Clause: Limit one of each Pokémon
|rule|OHKO Clause: OHKO moves are banned
|rule|Evasion Moves Clause: Evasion moves are banned
|rule|HP Percentage Mod: HP is shown in percentages
|
|start
|switch|p1a: Jolteon|Jolteon|333\/333
|switch|p2a: Alakazam|Alakazam|313\/313
|turn|1
|choice|move 2|move 1
|
|move|p1a: Jolteon|Thunder Wave|p2a: Alakazam
|-status|p2a: Alakazam|par
|move|p2a: Alakazam|Psychic|p1a: Jolteon
|-damage|p1a: Jolteon|211\/333
|-unboost|p1a: Jolteon|spd|1
|-unboost|p1a: Jolteon|spa|1
|
|turn|2
|choice|switch 6|move 1
|
|switch|p1a: Exeggutor|Exeggutor|393\/393
|move|p2a: Alakazam|Psychic|p1a: Exeggutor
|-crit|p1a: Exeggutor
|-resisted|p1a: Exeggutor
|-damage|p1a: Exeggutor|293\/393
|-unboost|p1a: Exeggutor|spd|1
|-unboost|p1a: Exeggutor|spa|1
|
|turn|3
|choice|move 3|move 3
|
|move|p1a: Exeggutor|Explosion|p2a: Alakazam
|-damage|p2a: Alakazam|0 fnt
|faint|p2a: Alakazam
|faint|p1a: Exeggutor
|choice|switch 6|switch 2
|
|switch|p1a: Jolteon|Jolteon|211\/333
|switch|p2a: Rhydon|Rhydon|413\/413
|turn|4
|choice|switch 3|move 4
|
|switch|p1a: Starmie|Starmie|323\/323
|move|p2a: Rhydon|Body Slam|p1a: Starmie
|-damage|p1a: Starmie|237\/323
|-status|p1a: Starmie|par
|
|turn|5
|choice|move 2|switch 3
|
|switch|p2a: Chansey|Chansey|703\/703
|move|p1a: Starmie|Surf|p2a: Chansey
|-damage|p2a: Chansey|594\/703
|
|turn|6
|choice|move 1|move 4
|
|move|p2a: Chansey|Thunderbolt|p1a: Starmie
|-supereffective|p1a: Starmie
|-damage|p1a: Starmie|87\/323 par
|move|p1a: Starmie|Ice Beam|p2a: Chansey
|-damage|p2a: Chansey|526\/703
|
|turn|7
|choice|move 1|move 3
|
|move|p2a: Chansey|Thunder Wave|p1a: Starmie
|-fail|p1a: Starmie|par
|move|p1a: Starmie|Ice Beam|p2a: Chansey
|-crit|p2a: Chansey
|-damage|p2a: Chansey|390\/703
|
|turn|8
|choice|move 1|move 4
|
|move|p2a: Chansey|Thunderbolt|p1a: Starmie
|-supereffective|p1a: Starmie
|-damage|p1a: Starmie|0 fnt
|faint|p1a: Starmie
|choice|switch 5|
|
|switch|p1a: Snorlax|Snorlax|523\/523
|turn|9
|choice|move 1|move 2
|
|move|p2a: Chansey|Soft-Boiled|p2a: Chansey
|-heal|p2a: Chansey|703\/703
|move|p1a: Snorlax|Body Slam|p2a: Chansey
|-damage|p2a: Chansey|422\/703
|
|turn|10
|choice|move 1|switch 6
|
|switch|p2a: Gengar|Gengar|323\/323
|move|p1a: Snorlax|Body Slam|p2a: Gengar
|-immune|p2a: Gengar|[msg]
|
|turn|11
|choice|move 4|move 1
|
|move|p2a: Gengar|Hypnosis|p1a: Snorlax|[miss]
|-miss|p2a: Gengar
|move|p1a: Snorlax|Earthquake|p2a: Gengar
|-supereffective|p2a: Gengar
|-damage|p2a: Gengar|85\/323
|
|turn|12
|choice|move 4|move 3
|
|move|p2a: Gengar|Explosion|p1a: Snorlax
|-damage|p1a: Snorlax|275\/523
|faint|p2a: Gengar
|choice||switch 3
|
|switch|p2a: Rhydon|Rhydon|413\/413
|turn|13
|choice|move 4|move 1
|
|move|p2a: Rhydon|Earthquake|p1a: Snorlax
|-damage|p1a: Snorlax|87\/523
|move|p1a: Snorlax|Earthquake|p2a: Rhydon
|-supereffective|p2a: Rhydon
|-damage|p2a: Rhydon|273\/413
|
|turn|14
|choice|move 3|move 1
|
|move|p2a: Rhydon|Earthquake|p1a: Snorlax
|-damage|p1a: Snorlax|0 fnt
|faint|p1a: Snorlax
|choice|switch 2|
|
|switch|p1a: Chansey|Chansey|703\/703
|turn|15
|choice|move 2|switch 4
|
|switch|p2a: Exeggutor|Exeggutor|393\/393
|move|p1a: Chansey|Ice Beam|p2a: Exeggutor
|-supereffective|p2a: Exeggutor
|-damage|p2a: Exeggutor|262\/393
|
|turn|16
|choice|move 2|move 1
|
|move|p2a: Exeggutor|Sleep Powder|p1a: Chansey
|-status|p1a: Chansey|slp
|cant|p1a: Chansey|slp
|
|turn|17
|choice|move 2|switch 4
|
|switch|p2a: Rhydon|Rhydon|273\/413
|cant|p1a: Chansey|slp
|
|turn|18
|choice|move 2|move 3
|
|cant|p1a: Chansey|slp
|move|p2a: Rhydon|Substitute|p2a: Rhydon
|-start|p2a: Rhydon|Substitute
|-damage|p2a: Rhydon|170\/413
|
|turn|19
|choice|move 2|move 1
|
|cant|p1a: Chansey|slp
|move|p2a: Rhydon|Earthquake|p1a: Chansey
|-crit|p1a: Chansey
|-damage|p1a: Chansey|0 fnt
|faint|p1a: Chansey
|choice|switch 3|
|
|switch|p1a: Jolteon|Jolteon|211\/333
|turn|20
|choice|move 3|move 1
|
|move|p1a: Jolteon|Toxic|p2a: Rhydon
|-fail|p2a: Rhydon
|move|p2a: Rhydon|Earthquake|p1a: Jolteon
|-supereffective|p1a: Jolteon
|-damage|p1a: Jolteon|0 fnt
|faint|p1a: Jolteon
|choice|switch 4|
|
|switch|p1a: Alakazam|Alakazam|313\/313
|turn|21
|choice|move 1|move 4
|
|move|p1a: Alakazam|Psychic|p2a: Rhydon
|-end|p2a: Rhydon|Substitute
|move|p2a: Rhydon|Body Slam|p1a: Alakazam
|-crit|p1a: Alakazam
|-damage|p1a: Alakazam|88\/313
|-status|p1a: Alakazam|par
|
|turn|22
|choice|move 1|move 1
|
|move|p2a: Rhydon|Earthquake|p1a: Alakazam
|-damage|p1a: Alakazam|0 fnt
|faint|p1a: Alakazam
|
|win|XianJu
|raw|magikarpclark's rating: 1042 &rarr; <strong>1037<\/strong><br \/>(-5 for losing)
|raw|XianJu's rating: 1322 &rarr; <strong>1329<\/strong><br \/>(+7 for winning)
|leave|magikarpclark
|player|p1