|j|MajorIdiocy
|j|rival de turno
|player|p1|MajorIdiocy|92
|player|p2|rival de turno|7
|gametype|singles
|gen|1
|tier|[Gen 1] OU
|rated
|seed|
|rule|Sleep Clause Mod: Limit one foe put to sleep
|rule|Freeze Clause Mod: Limit one foe frozen
|rule|Species Clause: Limit one of each Pokémon
|rule|OHKO Clause: OHKO moves are banned
|rule|Evasion Moves Clause: Evasion moves are banned
|rule|HP Percentage Mod: HP is shown in percentages
|
|start
|switch|p1a: Exeggutor|Exeggutor|100\/100
|switch|p2a: Golduck|Golduck|100\/100
|turn|1
|choice||
|
|move|p2a: Golduck|Amnesia|p2a: Golduck
|-boost|p2a: Golduck|spd|2
|-boost|p2a: Golduck|spa|2
|move|p1a: Exeggutor|Sleep Powder|p2a: Golduck
|-status|p2a: Golduck|slp
|
|turn|2
|choice||
|
|cant|p2a: Golduck|slp
|move|p1a: Exeggutor|Leech Seed|p2a: Golduck
|-start|p2a: Golduck|move: Leech Seed
|
|turn|3
|choice||
|
|cant|p2a: Golduck|slp
|-damage|p2a: Golduck|94\/100 slp|[from] Leech Seed|[of] p1a: Exeggutor
|move|p1a: Exeggutor|Psychic|p2a: Golduck
|-damage|p2a: Golduck|74\/100 slp
|
|turn|4
|choice||
|
|cant|p2a: Golduck|slp
|-damage|p2a: Golduck|68\/100 slp|[from] Leech Seed|[of] p1a: Exeggutor
|move|p1a: Exeggutor|Psychic|p2a: Golduck
|-damage|p2a: Golduck|50\/100 slp
|
|turn|5
|choice||
|
|-damage|p2a: Golduck|44\/100 slp|[from] Leech Seed|[of] p1a: Exeggutor
|-curestatus|p2a: Golduck|slp
|move|p1a: Exeggutor|Psychic|p2a: Golduck
|-damage|p2a: Golduck|25\/100
|
|turn|6
|choice||
|
|move|p2a: Golduck|Ice Beam|p1a: Exeggutor
|-supereffective|p1a: Exeggutor
|-damage|p1a: Exeggutor|48\/100
|-damage|p2a: Golduck|19\/100|[from] Leech Seed|[of] p1a: Exeggutor
|-heal|p1a: Exeggutor|53\/100|[silent]
|move|p1a: Exeggutor|Sleep Powder|p2a: Golduck
|-status|p2a: Golduck|slp
|
|turn|7
|choice||
|
|switch|p2a: Jynx|Jynx|100\/100
|move|p1a: Exeggutor|Mega Drain|p2a: Jynx
|-damage|p2a: Jynx|82\/100
|-heal|p1a: Exeggutor|61\/100|[from] drain|[of] p2a: Jynx
|
|turn|8
|choice||
|
|switch|p1a: Chansey|Chansey|100\/100
|move|p2a: Jynx|Substitute|p2a: Jynx
|-start|p2a: Jynx|Substitute
|-damage|p2a: Jynx|58\/100
|
|turn|9
|choice||
|
|move|p2a: Jynx|Lovely Kiss|p1a: Chansey
|-status|p1a: Chansey|slp
|cant|p1a: Chansey|slp
|
|turn|10
|choice||
|
|move|p2a: Jynx|Psychic|p1a: Chansey
|-damage|p1a: Chansey|86\/100 slp
|-unboost|p1a: Chansey|spd|1
|-unboost|p1a: Chansey|spa|1
|cant|p1a: Chansey|slp
|
|turn|11
|choice||
|
|move|p2a: Jynx|Psychic|p1a: Chansey
|-crit|p1a: Chansey
|-damage|p1a: Chansey|59\/100 slp
|-unboost|p1a: Chansey|spd|1
|-unboost|p1a: Chansey|spa|1
|cant|p1a: Chansey|slp
|
|turn|12
|choice||
|
|switch|p1a: Exeggutor|Exeggutor|61\/100
|move|p2a: Jynx|Psychic|p1a: Exeggutor
|-resisted|p1a: Exeggutor
|-damage|p1a: Exeggutor|51\/100
|-unboost|p1a: Exeggutor|spd|1
|-unboost|p1a: Exeggutor|spa|1
|
|turn|13
|choice||
|
|switch|p1a: Chansey|Chansey|59\/100 slp
|move|p2a: Jynx|Ice Beam|p1a: Chansey
|-damage|p1a: Chansey|44\/100 slp
|
|turn|14
|choice||
|
|move|p2a: Jynx|Psychic|p1a: Chansey
|-damage|p1a: Chansey|30\/100 slp
|-curestatus|p1a: Chansey|slp
|
|turn|15
|choice||
|
|move|p2a: Jynx|Lovely Kiss|p1a: Chansey
|-status|p1a: Chansey|slp
|cant|p1a: Chansey|slp
|
|turn|16
|j|POpinho
|choice||
|
|switch|p1a: Alakazam|Alakazam|100\/100
|move|p2a: Jynx|Psychic|p1a: Alakazam
|-crit|p1a: Alakazam
|-resisted|p1a: Alakazam
|-damage|p1a: Alakazam|75\/100
|
|turn|17
|choice||
|
|move|p1a: Alakazam|Reflect|p1a: Alakazam
|-start|p1a: Alakazam|Reflect
|move|p2a: Jynx|Ice Beam|p1a: Alakazam
|-crit|p1a: Alakazam
|-damage|p1a: Alakazam|25\/100
|
|turn|18
|choice||
|
|move|p1a: Alakazam|Recover|p1a: Alakazam
|-heal|p1a: Alakazam|75\/100
|move|p2a: Jynx|Ice Beam|p1a: Alakazam
|-crit|p1a: Alakazam
|-damage|p1a: Alakazam|18\/100
|-status|p1a: Alakazam|frz
|
|turn|19
|choice||
|
|cant|p1a: Alakazam|frz
|move|p2a: Jynx|Ice Beam|p1a: Alakazam
|-crit|p1a: Alakazam
|-damage|p1a: Alakazam|0 fnt
|faint|p1a: Alakazam
|c|★MajorIdiocy|.-.
|choice||
|
|switch|p1a: Chansey|Chansey|30\/100 slp
|turn|20
|choice||
|
|move|p2a: Jynx|Psychic|p1a: Chansey
|-damage|p1a: Chansey|14\/100 slp
|cant|p1a: Chansey|slp
|
|turn|21
|choice||
|
|switch|p1a: Tauros|Tauros|100\/100
|move|p2a: Jynx|Psychic|p1a: Tauros
|-damage|p1a: Tauros|64\/100
|-unboost|p1a: Tauros|spd|1
|-unboost|p1a: Tauros|spa|1
|
|turn|22
|-message|MajorIdiocy forfeited.
|
|win|rival de turno
|player|p1
|player|p2
|l|MajorIdiocy
|raw|MajorIdiocy's rating: 1130 &rarr; <strong>1096<\/strong><br \/>(-34 for losing)
|raw|rival de turno's rating: 1000 &rarr; <strong>1054<\/strong><br \/>(+54 for winning)