|join|c353
|join|Zyloric
|player|p1|c353|167
|player|p2|Zyloric|290
|gametype|singles
|gen|1
|tier|[Gen 1] OU
|rated
|seed|23222,58174,45464,7636
|rule|Sleep Clause Mod: Limit one foe put to sleep
|rule|Freeze Clause Mod: Limit one foe frozen
|rule|Species Clause: Limit one of each Pokémon
|rule|OHKO Clause: OHKO moves are banned
|rule|Evasion Moves Clause: Evasion moves are banned
|rule|HP Percentage Mod: HP is shown in percentages
|
|start
|switch|p1a: there is no spoon|Alakazam|313\/313
|switch|p2a: Alakazam|Alakazam|313\/313
|turn|1
|choice|switch 5|switch 3
|
|switch|p2a: Chansey|Chansey|703\/703
|switch|p1a: joseph stallin|Chansey|703\/703
|
|turn|2
|c|★Zyloric|hehe
|choice|move 3|move 4
|
|move|p2a: Chansey|Sing|p1a: joseph stallin
|-status|p1a: joseph stallin|slp
|cant|p1a: joseph stallin|slp
|
|turn|3
|c|★c353|...
|choice|switch 4|switch 5
|
|switch|p2a: Snorlax|Snorlax|523\/523
|switch|p1a: finger lickin good|Snorlax|523\/523
|
|turn|4
|choice|move 1|move 1
|
|move|p1a: finger lickin good|Body Slam|p2a: Snorlax
|-damage|p2a: Snorlax|373\/523
|move|p2a: Snorlax|Body Slam|p1a: finger lickin good
|-damage|p1a: finger lickin good|378\/523
|
|turn|5
|choice|move 1|move 1
|
|move|p2a: Snorlax|Body Slam|p1a: finger lickin good
|-damage|p1a: finger lickin good|235\/523
|move|p1a: finger lickin good|Body Slam|p2a: Snorlax
|-damage|p2a: Snorlax|233\/523
|
|turn|6
|choice|move 1|move 1
|
|move|p2a: Snorlax|Body Slam|p1a: finger lickin good
|-damage|p1a: finger lickin good|86\/523
|move|p1a: finger lickin good|Body Slam|p2a: Snorlax
|-damage|p2a: Snorlax|85\/523
|
|turn|7
|choice|switch 2|switch 2
|
|switch|p1a: rockman|Rhydon|413\/413
|switch|p2a: Rhydon|Rhydon|413\/413
|
|turn|8
|c|★Zyloric|same team yn
|c|★c353|:D
|choice|move 1|move 1
|
|move|p2a: Rhydon|Earthquake|p1a: rockman
|-supereffective|p1a: rockman
|-damage|p1a: rockman|156\/413
|move|p1a: rockman|Earthquake|p2a: Rhydon
|-supereffective|p2a: Rhydon
|-damage|p2a: Rhydon|155\/413
|
|turn|9
|choice|move 1|switch 4
|
|switch|p2a: Exeggutor|Exeggutor|393\/393
|move|p1a: rockman|Earthquake|p2a: Exeggutor
|-resisted|p2a: Exeggutor
|-damage|p2a: Exeggutor|322\/393
|
|turn|10
|choice|switch 3|move 1
|
|switch|p1a: boom n*gga|Exeggutor|393\/393
|move|p2a: Exeggutor|Mega Drain|p1a: boom n*gga
|-resisted|p1a: boom n*gga
|-damage|p1a: boom n*gga|370\/393
|-heal|p2a: Exeggutor|333\/393|[from] drain|[of] p1a: boom n*gga
|
|turn|11
|choice|move 4|move 4
|
|move|p1a: boom n*gga|Egg Bomb|p2a: Exeggutor
|-damage|p2a: Exeggutor|253\/393
|move|p2a: Exeggutor|Explosion|p1a: boom n*gga
|-damage|p1a: boom n*gga|57\/393
|faint|p2a: Exeggutor
|choice||switch 6
|
|switch|p2a: Tauros|Tauros|353\/353
|turn|12
|choice|move 3|move 2
|
|move|p2a: Tauros|Body Slam|p1a: boom n*gga
|-damage|p1a: boom n*gga|0 fnt
|faint|p1a: boom n*gga
|choice|switch 6|
|
|switch|p1a: cow|Tauros|353\/353
|turn|13
|choice|move 1|move 2
|
|move|p2a: Tauros|Body Slam|p1a: cow
|-damage|p1a: cow|255\/353
|move|p1a: cow|Body Slam|p2a: Tauros
|-damage|p2a: Tauros|245\/353
|
|turn|14
|choice|move 1|switch 2
|
|switch|p2a: Snorlax|Snorlax|85\/523
|move|p1a: cow|Body Slam|p2a: Snorlax
|-crit|p2a: Snorlax
|-damage|p2a: Snorlax|0 fnt
|faint|p2a: Snorlax
|choice||switch 3
|
|switch|p2a: Alakazam|Alakazam|313\/313
|turn|15
|choice|switch 4|move 2
|
|switch|p1a: joseph stallin|Chansey|703\/703 slp
|move|p2a: Alakazam|Thunder Wave|p1a: joseph stallin
|-fail|p1a: joseph stallin
|
|turn|16
|choice|move 3|switch 2
|
|switch|p2a: Tauros|Tauros|245\/353
|-curestatus|p1a: joseph stallin|slp
|
|turn|17
|choice|move 1|switch 5
|
|switch|p2a: Chansey|Chansey|703\/703
|move|p1a: joseph stallin|Thunder Wave|p2a: Chansey
|-status|p2a: Chansey|par
|
|turn|18
|choice|move 4|move 4
|
|move|p1a: joseph stallin|Thunderbolt|p2a: Chansey
|-damage|p2a: Chansey|628\/703 par
|move|p2a: Chansey|Sing|p1a: joseph stallin
|-status|p1a: joseph stallin|slp
|
|turn|19
|c|★c353|damn
|c|★c353|i keep forgetting that you run sing
|choice|switch 5|switch 5
|
|switch|p1a: there is no spoon|Alakazam|313\/313
|switch|p2a: Tauros|Tauros|245\/353
|
|turn|20
|choice|move 3|switch 5
|
|switch|p2a: Chansey|Chansey|628\/703 par
|move|p1a: there is no spoon|Thunder Wave|p2a: Chansey
|-fail|p2a: Chansey|par
|
|turn|21
|choice|move 1|move 2
|
|move|p1a: there is no spoon|Psychic|p2a: Chansey
|-crit|p2a: Chansey
|-damage|p2a: Chansey|376\/703 par
|-unboost|p2a: Chansey|spd|1
|-unboost|p2a: Chansey|spa|1
|move|p2a: Chansey|Ice Beam|p1a: there is no spoon
|-damage|p1a: there is no spoon|271\/313
|-status|p1a: there is no spoon|frz
|
|turn|22
|c|★Zyloric|lol
|c|★Zyloric|sorry
|c|★c353|uh
|c|★c353|its ok
|choice|switch 5|move 1
|
|switch|p1a: joseph stallin|Chansey|703\/703 slp
|move|p2a: Chansey|Soft-Boiled|p2a: Chansey
|-heal|p2a: Chansey|703\/703 par
|
|turn|23
|choice|move 4|switch 5
|
|switch|p2a: Tauros|Tauros|245\/353
|cant|p1a: joseph stallin|slp
|
|turn|24
|choice|move 1|move 2
|
|move|p2a: Tauros|Body Slam|p1a: joseph stallin
|-crit|p1a: joseph stallin
|-damage|p1a: joseph stallin|202\/703 slp
|cant|p1a: joseph stallin|slp
|
|turn|25
|choice|move 1|move 2
|
|move|p2a: Tauros|Body Slam|p1a: joseph stallin
|-crit|p1a: joseph stallin
|-damage|p1a: joseph stallin|0 fnt
|faint|p1a: joseph stallin
|choice|switch 2|
|
|switch|p1a: finger lickin good|Snorlax|86\/523
|turn|26
|choice|move 4|move 2
|
|move|p2a: Tauros|Body Slam|p1a: finger lickin good
|-damage|p1a: finger lickin good|0 fnt
|faint|p1a: finger lickin good
|choice|switch 3|
|
|switch|p1a: rockman|Rhydon|156\/413
|turn|27
|c|★Zyloric|!calc
|raw|<div class="infobox">Pok&eacute;mon Showdown! damage calculator. (Courtesy of Honko)<br \/>- <a href="https:\/\/pokemonshowdown.com\/damagecalc\/">Damage Calculator<\/a><\/div>
|choice|move 1|move 4
|
|move|p2a: Tauros|Blizzard|p1a: rockman|[miss]
|-miss|p2a: Tauros
|move|p1a: rockman|Earthquake|p2a: Tauros
|-damage|p2a: Tauros|99\/353
|
|turn|28
|choice|move 1|move 4
|
|move|p2a: Tauros|Blizzard|p1a: rockman
|-supereffective|p1a: rockman
|-damage|p1a: rockman|0 fnt
|faint|p1a: rockman
|choice|switch 4|
|
|switch|p1a: cow|Tauros|255\/353
|turn|29
|choice|move 3|switch 4
|
|switch|p2a: Rhydon|Rhydon|155\/413
|move|p1a: cow|Blizzard|p2a: Rhydon
|-supereffective|p2a: Rhydon
|-damage|p2a: Rhydon|0 fnt
|faint|p2a: Rhydon
|choice||switch 2
|
|switch|p2a: Alakazam|Alakazam|313\/313
|turn|30
|choice|move 1|move 2
|
|move|p2a: Alakazam|Thunder Wave|p1a: cow
|-status|p1a: cow|par
|cant|p1a: cow|par
|
|turn|31
|choice|move 1|move 1
|
|move|p2a: Alakazam|Psychic|p1a: cow
|-damage|p1a: cow|82\/353 par
|-unboost|p1a: cow|spd|1
|-unboost|p1a: cow|spa|1
|move|p1a: cow|Body Slam|p2a: Alakazam
|-damage|p2a: Alakazam|155\/313
|
|turn|32
|choice|move 4|move 1
|
|move|p2a: Alakazam|Psychic|p1a: cow
|-damage|p1a: cow|0 fnt
|faint|p1a: cow
|choice|switch 5|
|
|switch|p1a: there is no spoon|Alakazam|271\/313 frz
|turn|33
|c|★c353|gg
|c|★Zyloric|gg
|choice|move 3|move 1
|
|cant|p1a: there is no spoon|frz
|move|p2a: Alakazam|Psychic|p1a: there is no spoon
|-resisted|p1a: there is no spoon
|-damage|p1a: there is no spoon|217\/313 frz
|
|turn|34
|choice|move 4|switch 4
|
|switch|p2a: Tauros|Tauros|99\/353
|cant|p1a: there is no spoon|frz
|
|turn|35
|choice|move 3|move 1
|
|cant|p1a: there is no spoon|frz
|move|p2a: Tauros|Hyper Beam|p1a: there is no spoon
|-crit|p1a: there is no spoon
|-damage|p1a: there is no spoon|0 fnt
|faint|p1a: there is no spoon
|
|win|Zyloric
|raw|c353's rating: 1167 &rarr; <strong>1131<\/strong><br \/>(-36 for losing)
|raw|Zyloric's rating: 1000 &rarr; <strong>1058<\/strong><br \/>(+58 for winning)