|join|arafalo2
|join|righteous douche
|player|p1|arafalo2|1
|player|p2|righteous douche|161
|gametype|singles
|gen|1
|tier|[Gen 1] OU
|rated
|seed|25815,13340,10182,18794
|rule|Sleep Clause Mod: Limit one foe put to sleep
|rule|Freeze Clause Mod: Limit one foe frozen
|rule|Species Clause: Limit one of each Pokémon
|rule|OHKO Clause: OHKO moves are banned
|rule|Evasion Moves Clause: Evasion moves are banned
|rule|HP Percentage Mod: HP is shown in percentages
|
|start
|switch|p1a: Jynx|Jynx|333\/333
|switch|p2a: Gengar|Gengar|323\/323
|turn|1
|choice|move 1|move 1
|
|move|p2a: Gengar|Hypnosis|p1a: Jynx
|-status|p1a: Jynx|slp
|cant|p1a: Jynx|slp
|
|turn|2
|choice|move 1|move 3
|
|move|p2a: Gengar|Thunderbolt|p1a: Jynx
|-damage|p1a: Jynx|239\/333 slp
|-curestatus|p1a: Jynx|slp
|
|turn|3
|choice|move 1|move 1
|
|move|p2a: Gengar|Hypnosis|p1a: Jynx|[miss]
|-miss|p2a: Gengar
|move|p1a: Jynx|Lovely Kiss|p2a: Gengar
|-status|p2a: Gengar|slp
|
|turn|4
|choice|move 3|switch 5
|
|switch|p2a: Snorlax|Snorlax|523\/523
|move|p1a: Jynx|Blizzard|p2a: Snorlax
|-damage|p2a: Snorlax|355\/523
|
|turn|5
|choice|move 3|move 3
|
|move|p1a: Jynx|Blizzard|p2a: Snorlax
|-damage|p2a: Snorlax|185\/523
|move|p2a: Snorlax|Earthquake|p1a: Jynx
|-crit|p1a: Jynx
|-damage|p1a: Jynx|0 fnt
|faint|p1a: Jynx
|choice|switch 4|
|
|switch|p1a: Exeggutor|Exeggutor|393\/393
|turn|6
|choice|move 4|move 1
|
|move|p1a: Exeggutor|Psychic|p2a: Snorlax
|-damage|p2a: Snorlax|30\/523
|move|p2a: Snorlax|Body Slam|p1a: Exeggutor
|-damage|p1a: Exeggutor|268\/393
|-status|p1a: Exeggutor|par
|
|turn|7
|choice|move 4|move 4
|
|move|p2a: Snorlax|Self-Destruct|p1a: Exeggutor
|-damage|p1a: Exeggutor|0 fnt
|faint|p1a: Exeggutor
|faint|p2a: Snorlax
|choice|switch 2|switch 2
|
|switch|p2a: Alakazam|Alakazam|313\/313
|switch|p1a: Alakazam|Alakazam|313\/313
|turn|8
|choice|switch 3|move 3
|
|switch|p1a: Chansey|Chansey|703\/703
|move|p2a: Alakazam|Thunder Wave|p1a: Chansey
|-status|p1a: Chansey|par
|
|turn|9
|choice|move 3|switch 5
|
|switch|p2a: Gengar|Gengar|323\/323 slp
|move|p1a: Chansey|Ice Beam|p2a: Gengar
|-damage|p2a: Gengar|256\/323 slp
|
|turn|10
|choice|switch 3|move 3
|
|switch|p1a: Alakazam|Alakazam|313\/313
|cant|p2a: Gengar|slp
|
|turn|11
|choice|move 3|switch 5
|
|switch|p2a: Alakazam|Alakazam|313\/313
|move|p1a: Alakazam|Seismic Toss|p2a: Alakazam
|-damage|p2a: Alakazam|213\/313
|
|turn|12
|choice|switch 3|move 3
|
|switch|p1a: Chansey|Chansey|703\/703 par
|move|p2a: Alakazam|Thunder Wave|p1a: Chansey
|-fail|p1a: Chansey|par
|
|turn|13
|choice|move 3|move 2
|
|move|p2a: Alakazam|Recover|p2a: Alakazam
|-heal|p2a: Alakazam|313\/313
|cant|p1a: Chansey|par
|
|turn|14
|choice|move 3|switch 5
|
|switch|p2a: Gengar|Gengar|256\/323 slp
|move|p1a: Chansey|Ice Beam|p2a: Gengar
|-damage|p2a: Gengar|193\/323 slp
|
|turn|15
|choice|switch 3|move 3
|
|switch|p1a: Alakazam|Alakazam|313\/313
|cant|p2a: Gengar|slp
|
|turn|16
|choice|move 4|switch 5
|
|switch|p2a: Alakazam|Alakazam|313\/313
|move|p1a: Alakazam|Psychic|p2a: Alakazam
|-resisted|p2a: Alakazam
|-damage|p2a: Alakazam|260\/313
|
|turn|17
|choice|switch 3|move 1
|
|switch|p1a: Chansey|Chansey|703\/703 par
|move|p2a: Alakazam|Psychic|p1a: Chansey
|-damage|p1a: Chansey|586\/703 par
|
|turn|18
|choice|move 1|move 1
|
|move|p2a: Alakazam|Psychic|p1a: Chansey
|-damage|p1a: Chansey|453\/703 par
|move|p1a: Chansey|Seismic Toss|p2a: Alakazam
|-damage|p2a: Alakazam|160\/313
|
|turn|19
|choice|move 3|move 1
|
|move|p2a: Alakazam|Psychic|p1a: Chansey
|-crit|p1a: Chansey
|-damage|p1a: Chansey|196\/703 par
|-unboost|p1a: Chansey|spd|1
|-unboost|p1a: Chansey|spa|1
|cant|p1a: Chansey|par
|
|turn|20
|choice|move 4|move 1
|
|move|p2a: Alakazam|Psychic|p1a: Chansey
|-damage|p1a: Chansey|14\/703 par
|move|p1a: Chansey|Soft-Boiled|p1a: Chansey
|-heal|p1a: Chansey|365\/703 par
|
|turn|21
|choice|move 2|move 1
|
|move|p2a: Alakazam|Psychic|p1a: Chansey
|-damage|p1a: Chansey|164\/703 par
|-unboost|p1a: Chansey|spd|1
|-unboost|p1a: Chansey|spa|1
|cant|p1a: Chansey|par
|
|turn|22
|choice|switch 3|move 1
|
|switch|p1a: Alakazam|Alakazam|313\/313
|move|p2a: Alakazam|Psychic|p1a: Alakazam
|-resisted|p1a: Alakazam
|-damage|p1a: Alakazam|259\/313
|-unboost|p1a: Alakazam|spd|1
|-unboost|p1a: Alakazam|spa|1
|
|turn|23
|choice|switch 3|move 3
|
|switch|p1a: Chansey|Chansey|164\/703 par
|move|p2a: Alakazam|Thunder Wave|p1a: Chansey
|-fail|p1a: Chansey|par
|
|turn|24
|choice|move 4|move 1
|
|move|p2a: Alakazam|Psychic|p1a: Chansey
|-damage|p1a: Chansey|38\/703 par
|cant|p1a: Chansey|par
|
|turn|25
|choice|move 4|move 1
|
|move|p2a: Alakazam|Psychic|p1a: Chansey
|-damage|p1a: Chansey|0 fnt
|faint|p1a: Chansey
|choice|switch 3|
|
|switch|p1a: Alakazam|Alakazam|259\/313
|turn|26
|choice|move 2|move 3
|
|move|p2a: Alakazam|Thunder Wave|p1a: Alakazam
|-status|p1a: Alakazam|par
|move|p1a: Alakazam|Thunder Wave|p2a: Alakazam
|-status|p2a: Alakazam|par
|
|turn|27
|choice|move 3|move 2
|
|move|p2a: Alakazam|Recover|p2a: Alakazam
|-heal|p2a: Alakazam|313\/313 par
|move|p1a: Alakazam|Seismic Toss|p2a: Alakazam
|-damage|p2a: Alakazam|213\/313 par
|
|turn|28
|choice|move 3|move 1
|
|move|p2a: Alakazam|Psychic|p1a: Alakazam
|-resisted|p1a: Alakazam
|-damage|p1a: Alakazam|206\/313 par
|-unboost|p1a: Alakazam|spd|1
|-unboost|p1a: Alakazam|spa|1
|move|p1a: Alakazam|Seismic Toss|p2a: Alakazam
|-damage|p2a: Alakazam|113\/313 par
|
|turn|29
|choice|move 3|move 2
|
|move|p2a: Alakazam|Recover|p2a: Alakazam
|-heal|p2a: Alakazam|269\/313 par
|move|p1a: Alakazam|Seismic Toss|p2a: Alakazam
|-damage|p2a: Alakazam|169\/313 par
|
|turn|30
|choice|move 3|move 1
|
|move|p2a: Alakazam|Psychic|p1a: Alakazam
|-resisted|p1a: Alakazam
|-damage|p1a: Alakazam|121\/313 par
|move|p1a: Alakazam|Seismic Toss|p2a: Alakazam
|-damage|p2a: Alakazam|69\/313 par
|
|turn|31
|choice|move 3|move 2
|
|move|p2a: Alakazam|Recover|p2a: Alakazam
|-heal|p2a: Alakazam|225\/313 par
|move|p1a: Alakazam|Seismic Toss|p2a: Alakazam
|-damage|p2a: Alakazam|125\/313 par
|
|turn|32
|choice|move 3|move 1
|
|move|p2a: Alakazam|Psychic|p1a: Alakazam
|-crit|p1a: Alakazam
|-resisted|p1a: Alakazam
|-damage|p1a: Alakazam|26\/313 par
|cant|p1a: Alakazam|par
|
|turn|33
|choice|move 3|move 1
|
|move|p2a: Alakazam|Psychic|p1a: Alakazam
|-resisted|p1a: Alakazam
|-damage|p1a: Alakazam|0 fnt
|faint|p1a: Alakazam
|choice|switch 6|
|
|switch|p1a: Tauros|Tauros|353\/353
|turn|34
|choice|move 3|move 3
|
|move|p1a: Tauros|Body Slam|p2a: Alakazam
|-damage|p2a: Alakazam|0 fnt
|faint|p2a: Alakazam
|choice||switch 3
|
|switch|p2a: Rhydon|Rhydon|413\/413
|turn|35
|choice|move 2|move 1
|
|move|p1a: Tauros|Blizzard|p2a: Rhydon
|-supereffective|p2a: Rhydon
|-damage|p2a: Rhydon|175\/413
|move|p2a: Rhydon|Earthquake|p1a: Tauros
|-damage|p1a: Tauros|198\/353
|
|turn|36
|choice|move 2|move 1
|
|move|p1a: Tauros|Blizzard|p2a: Rhydon
|-supereffective|p2a: Rhydon
|-damage|p2a: Rhydon|0 fnt
|faint|p2a: Rhydon
|choice||switch 6
|
|switch|p2a: Venusaur|Venusaur|363\/363
|turn|37
|choice|move 2|move 2
|
|move|p1a: Tauros|Blizzard|p2a: Venusaur|[miss]
|-miss|p1a: Tauros
|move|p2a: Venusaur|Sleep Powder|p1a: Tauros
|-status|p1a: Tauros|slp
|
|turn|38
|choice|move 2|move 1
|
|cant|p1a: Tauros|slp
|move|p2a: Venusaur|Razor Leaf|p1a: Tauros
|-crit|p1a: Tauros
|-damage|p1a: Tauros|41\/353 slp
|
|turn|39
|choice|move 4|move 1
|
|-curestatus|p1a: Tauros|slp
|move|p2a: Venusaur|Razor Leaf|p1a: Tauros
|-crit|p1a: Tauros
|-damage|p1a: Tauros|0 fnt
|faint|p1a: Tauros
|choice|switch 5|
|
|switch|p1a: Starmie|Starmie|323\/323
|turn|40
|choice|move 4|move 2
|
|move|p1a: Starmie|Psychic|p2a: Venusaur
|-crit|p2a: Venusaur
|-supereffective|p2a: Venusaur
|-damage|p2a: Venusaur|0 fnt
|faint|p2a: Venusaur
|choice||switch 4
|
|switch|p2a: Jolteon|Jolteon|333\/333
|turn|41
|choice|move 4|move 2
|
|move|p2a: Jolteon|Thunder Wave|p1a: Starmie
|-status|p1a: Starmie|par
|move|p1a: Starmie|Psychic|p2a: Jolteon
|-damage|p2a: Jolteon|239\/333
|-unboost|p2a: Jolteon|spd|1
|-unboost|p2a: Jolteon|spa|1
|
|turn|42
|choice|move 3|move 1
|
|move|p2a: Jolteon|Thunderbolt|p1a: Starmie
|-supereffective|p1a: Starmie
|-damage|p1a: Starmie|156\/323 par
|move|p1a: Starmie|Ice Beam|p2a: Jolteon
|-damage|p2a: Jolteon|131\/333
|
|turn|43
|choice|move 3|move 1
|
|move|p2a: Jolteon|Thunderbolt|p1a: Starmie
|-crit|p1a: Starmie
|-supereffective|p1a: Starmie
|-damage|p1a: Starmie|0 fnt
|faint|p1a: Starmie
|
|win|righteous douche
|leave|arafalo2
|raw|arafalo2's rating: 1154 &rarr; <strong>1124<\/strong><br \/>(-30 for losing)
|raw|righteous douche's rating: 1094 &rarr; <strong>1124<\/strong><br \/>(+30 for winning)
|player|p1