|join|Psychedelic Trip
|join|KuroHara19
|player|p1|Psychedelic Trip|168
|player|p2|KuroHara19|266
|gametype|singles
|gen|1
|tier|[Gen 1] Random Battle
|rated
|rule|Sleep Clause Mod: Limit one foe put to sleep
|rule|Freeze Clause Mod: Limit one foe frozen
|rule|HP Percentage Mod: HP is shown in percentages
|
|start
|switch|p1a: Moltres|Moltres, L86|330\/330
|switch|p2a: Pikachu|Pikachu, L95|259\/259
|turn|1
|
|switch|p1a: Parasect|Parasect, L86|279\/279
|move|p2a: Pikachu|Thunder Wave|p1a: Parasect
|-status|p1a: Parasect|par
|
|turn|2
|
|switch|p2a: Parasect|Parasect, L86|279\/279
|move|p1a: Parasect|Toxic|p2a: Parasect|[miss]
|-miss|p1a: Parasect
|
|turn|3
|
|move|p2a: Parasect|Double-Edge|p1a: Parasect
|-damage|p1a: Parasect|201\/279 par
|-damage|p2a: Parasect|260\/279|[from] recoil|[of] p1a: Parasect
|move|p1a: Parasect|Swords Dance|p1a: Parasect
|-boost|p1a: Parasect|atk|2
|
|turn|4
|
|move|p2a: Parasect|Hyper Beam|p1a: Parasect
|-damage|p1a: Parasect|93\/279 par
|move|p1a: Parasect|Swords Dance|p1a: Parasect
|-boost|p1a: Parasect|atk|2
|
|turn|5
|
|cant|p2a: Parasect|recharge
|move|p1a: Parasect|Spore|p2a: Parasect
|-status|p2a: Parasect|slp
|
|turn|6
|
|cant|p2a: Parasect|slp
|move|p1a: Parasect|Swords Dance|p1a: Parasect
|-boost|p1a: Parasect|atk|2
|
|turn|7
|
|cant|p2a: Parasect|slp
|move|p1a: Parasect|Slash|p2a: Parasect
|-crit|p2a: Parasect
|-damage|p2a: Parasect|163\/279 slp
|
|turn|8
|
|cant|p2a: Parasect|slp
|move|p1a: Parasect|Slash|p2a: Parasect
|-damage|p2a: Parasect|0 fnt
|faint|p2a: Parasect
|
|switch|p2a: Pidgeot|Pidgeot, L86|318\/318
|turn|9
|
|move|p2a: Pidgeot|Double-Edge|p1a: Parasect
|-damage|p1a: Parasect|0 fnt
|-damage|p2a: Pidgeot|295\/318|[from] recoil|[of] p1a: Parasect
|faint|p1a: Parasect
|
|switch|p1a: Moltres|Moltres, L86|330\/330
|turn|10
|
|move|p2a: Pidgeot|Hyper Beam|p1a: Moltres
|-crit|p1a: Moltres
|-damage|p1a: Moltres|57\/330
|move|p1a: Moltres|Reflect|p1a: Moltres
|
|turn|11
|
|cant|p2a: Pidgeot|recharge
|move|p1a: Moltres|Agility|p1a: Moltres
|-boost|p1a: Moltres|spe|2
|
|turn|12
|
|move|p1a: Moltres|Hyper Beam|p2a: Pidgeot
|-damage|p2a: Pidgeot|179\/318
|move|p2a: Pidgeot|Hyper Beam|p1a: Moltres
|-damage|p1a: Moltres|0 fnt
|faint|p1a: Moltres
|
|switch|p1a: Slowbro|Slowbro, L80|316\/316
|turn|13
|
|move|p2a: Pidgeot|Rest|p2a: Pidgeot
|-status|p2a: Pidgeot|slp
|-heal|p2a: Pidgeot|318\/318 slp|[silent]
|-status|p2a: Pidgeot|slp|[from] move: Rest
|move|p1a: Slowbro|Thunder Wave|p2a: Pidgeot
|-fail|p2a: Pidgeot
|
|turn|14
|
|cant|p2a: Pidgeot|slp
|move|p1a: Slowbro|Amnesia|p1a: Slowbro
|-boost|p1a: Slowbro|spd|2
|-boost|p1a: Slowbro|spa|2
|
|turn|15
|
|cant|p2a: Pidgeot|slp
|-curestatus|p2a: Pidgeot|slp
|move|p1a: Slowbro|Amnesia|p1a: Slowbro
|-boost|p1a: Slowbro|spd|2
|-boost|p1a: Slowbro|spa|2
|
|turn|16
|
|move|p2a: Pidgeot|Hyper Beam|p1a: Slowbro
|-damage|p1a: Slowbro|193\/316
|move|p1a: Slowbro|Thunder Wave|p2a: Pidgeot
|-status|p2a: Pidgeot|par
|
|turn|17
|
|move|p1a: Slowbro|Amnesia|p1a: Slowbro
|-boost|p1a: Slowbro|spd|2
|-boost|p1a: Slowbro|spa|2
|cant|p2a: Pidgeot|recharge
|
|turn|18
|
|move|p1a: Slowbro|Surf|p2a: Pidgeot
|-damage|p2a: Pidgeot|0 fnt
|faint|p2a: Pidgeot
|
|switch|p2a: Pikachu|Pikachu, L95|259\/259
|turn|19
|
|move|p2a: Pikachu|Thunderbolt|p1a: Slowbro
|-supereffective|p1a: Slowbro
|-damage|p1a: Slowbro|142\/316
|move|p1a: Slowbro|Thunder Wave|p2a: Pikachu
|-status|p2a: Pikachu|par
|
|turn|20
|
|move|p1a: Slowbro|Surf|p2a: Pikachu
|-damage|p2a: Pikachu|0 fnt
|faint|p2a: Pikachu
|
|switch|p2a: Exeggutor|Exeggutor, L80|316\/316
|turn|21
|
|move|p2a: Exeggutor|Sleep Powder|p1a: Slowbro
|-status|p1a: Slowbro|slp
|cant|p1a: Slowbro|slp
|-curestatus|p1a: Slowbro|slp
|
|turn|22
|
|move|p2a: Exeggutor|Sleep Powder|p1a: Slowbro
|-status|p1a: Slowbro|slp
|cant|p1a: Slowbro|slp
|-curestatus|p1a: Slowbro|slp
|
|turn|23
|
|move|p2a: Exeggutor|Sleep Powder|p1a: Slowbro
|-status|p1a: Slowbro|slp
|cant|p1a: Slowbro|slp
|
|turn|24
|
|move|p2a: Exeggutor|Egg Bomb|p1a: Slowbro
|-damage|p1a: Slowbro|79\/316 slp
|cant|p1a: Slowbro|slp
|
|turn|25
|
|move|p2a: Exeggutor|Egg Bomb|p1a: Slowbro
|-crit|p1a: Slowbro
|-damage|p1a: Slowbro|0 fnt
|faint|p1a: Slowbro
|
|switch|p1a: Ninetales|Ninetales, L86|301\/301
|turn|26
|
|move|p1a: Ninetales|Reflect|p1a: Ninetales
|move|p2a: Exeggutor|Sleep Powder|p1a: Ninetales
|-status|p1a: Ninetales|slp
|
|turn|27
|
|cant|p1a: Ninetales|slp
|move|p2a: Exeggutor|Psychic|p1a: Ninetales
|-damage|p1a: Ninetales|205\/301 slp
|
|turn|28
|
|cant|p1a: Ninetales|slp
|-curestatus|p1a: Ninetales|slp
|move|p2a: Exeggutor|Psychic|p1a: Ninetales
|-damage|p1a: Ninetales|111\/301
|-unboost|p1a: Ninetales|spd|1
|-unboost|p1a: Ninetales|spa|1
|
|turn|29
|
|move|p1a: Ninetales|Fire Blast|p2a: Exeggutor
|-supereffective|p2a: Exeggutor
|-damage|p2a: Exeggutor|175\/316
|move|p2a: Exeggutor|Sleep Powder|p1a: Ninetales|[miss]
|-miss|p2a: Exeggutor
|
|turn|30
|
|move|p1a: Ninetales|Body Slam|p2a: Exeggutor
|-crit|p2a: Exeggutor
|-damage|p2a: Exeggutor|64\/316
|move|p2a: Exeggutor|Psychic|p1a: Ninetales
|-damage|p1a: Ninetales|0 fnt
|faint|p1a: Ninetales
|
|switch|p1a: Hitmonchan|Hitmonchan, L86|261\/261
|turn|31
|
|move|p1a: Hitmonchan|Body Slam|p2a: Exeggutor
|-damage|p2a: Exeggutor|0 fnt
|faint|p2a: Exeggutor
|
|switch|p2a: Weezing|Weezing, L86|287\/287
|turn|32
|
|move|p1a: Hitmonchan|Seismic Toss|p2a: Weezing
|-damage|p2a: Weezing|201\/287
|move|p2a: Weezing|Sludge|p1a: Hitmonchan
|-damage|p1a: Hitmonchan|186\/261
|-status|p1a: Hitmonchan|psn
|
|turn|33
|
|move|p1a: Hitmonchan|Seismic Toss|p2a: Weezing
|-damage|p2a: Weezing|115\/287
|-damage|p1a: Hitmonchan|170\/261 psn|[from] psn|[of] p2a: Weezing
|move|p2a: Weezing|Thunderbolt|p1a: Hitmonchan
|-damage|p1a: Hitmonchan|74\/261 psn
|
|turn|34
|
|move|p1a: Hitmonchan|Body Slam|p2a: Weezing
|-damage|p2a: Weezing|61\/287
|-damage|p1a: Hitmonchan|58\/261 psn|[from] psn|[of] p2a: Weezing
|move|p2a: Weezing|Thunderbolt|p1a: Hitmonchan
|-damage|p1a: Hitmonchan|0 fnt
|faint|p1a: Hitmonchan
|
|switch|p1a: Porygon|Porygon, L86|287\/287
|turn|35
|
|move|p2a: Weezing|Explosion|p1a: Porygon
|-crit|p1a: Porygon
|-damage|p1a: Porygon|0 fnt
|faint|p1a: Porygon
|faint|p2a: Weezing
|
|win|KuroHara19
|raw|Ladder updating...
|raw|Psychedelic Trip's rating: 1063 &rarr; <strong>1040<\/strong><br \/>(-23 for losing)
|raw|KuroHara19's rating: 1000 &rarr; <strong>1047<\/strong><br \/>(+47 for winning)
|leave|Psychedelic Trip
|player|p1