|j|Ch01W0n5h1n
|j|Giju
|player|p1|Ch01W0n5h1n|165
|player|p2|Giju|20
|gametype|singles
|gen|1
|tier|[Gen 1] OU
|rated
|seed|47659,18561,6104,31220
|rule|Sleep Clause Mod: Limit one foe put to sleep
|rule|Freeze Clause Mod: Limit one foe frozen
|rule|Species Clause: Limit one of each Pokémon
|rule|OHKO Clause: OHKO moves are banned
|rule|Evasion Moves Clause: Evasion moves are banned
|rule|HP Percentage Mod: HP is shown in percentages
|
|start
|switch|p1a: Cut.Exe|Exeggutor|393\/393
|switch|p2a: Alakazam|Alakazam|313\/313
|turn|1
|c|★Giju|hey
|choice|switch 2|move 1
|
|switch|p1a: Chance E|Chansey|703\/703
|move|p2a: Alakazam|Thunder Wave|p1a: Chance E
|-status|p1a: Chance E|par
|
|turn|2
|c|★Ch01W0n5h1n|hey
|choice|move 1|switch 3
|
|switch|p2a: Chansey|Chansey|703\/703
|move|p1a: Chance E|Ice Beam|p2a: Chansey
|-damage|p2a: Chansey|628\/703
|
|turn|3
|choice|move 1|switch 6
|
|switch|p2a: Cloyster|Cloyster|303\/303
|cant|p1a: Chance E|par
|
|turn|4
|choice|move 2|switch 6
|
|switch|p2a: Chansey|Chansey|628\/703
|cant|p1a: Chance E|par
|
|turn|5
|choice|switch 2|move 2
|
|switch|p1a: Cut.Exe|Exeggutor|393\/393
|move|p2a: Chansey|Thunderbolt|p1a: Cut.Exe
|-resisted|p1a: Cut.Exe
|-damage|p1a: Cut.Exe|360\/393
|
|turn|6
|choice|move 1|switch 3
|
|switch|p2a: Alakazam|Alakazam|313\/313
|move|p1a: Cut.Exe|Sleep Powder|p2a: Alakazam
|-status|p2a: Alakazam|slp
|
|turn|7
|choice|move 4|switch 5
|
|switch|p2a: Snorlax|Snorlax|523\/523
|move|p1a: Cut.Exe|Egg Bomb|p2a: Snorlax
|-damage|p2a: Snorlax|428\/523
|
|turn|8
|choice|switch 3|move 1
|
|switch|p1a: Mega Gastly|Cloyster|303\/303
|move|p2a: Snorlax|Body Slam|p1a: Mega Gastly
|-damage|p1a: Mega Gastly|236\/303
|
|turn|9
|choice|move 3|move 1
|
|move|p1a: Mega Gastly|Blizzard|p2a: Snorlax
|-damage|p2a: Snorlax|260\/523
|move|p2a: Snorlax|Body Slam|p1a: Mega Gastly
|-damage|p1a: Mega Gastly|172\/303
|
|turn|10
|choice|move 3|move 3
|
|move|p1a: Mega Gastly|Blizzard|p2a: Snorlax
|-damage|p2a: Snorlax|85\/523
|move|p2a: Snorlax|Self-Destruct|p1a: Mega Gastly
|-damage|p1a: Mega Gastly|0 fnt
|faint|p1a: Mega Gastly
|faint|p2a: Snorlax
|j|samusco
|choice|switch 2|switch 6
|
|switch|p2a: Cloyster|Cloyster|303\/303
|switch|p1a: Chance E|Chansey|703\/703 par
|turn|11
|j|trueWario
|choice|move 3|switch 3
|
|switch|p2a: Chansey|Chansey|628\/703
|move|p1a: Chance E|Thunderbolt|p2a: Chansey
|-damage|p2a: Chansey|552\/703
|-status|p2a: Chansey|par
|
|turn|12
|choice|move 3|move 3
|
|move|p2a: Chansey|Ice Beam|p1a: Chance E
|-damage|p1a: Chance E|631\/703 par
|move|p1a: Chance E|Thunderbolt|p2a: Chansey
|-damage|p2a: Chansey|477\/703 par
|
|turn|13
|choice|move 3|move 4
|
|move|p1a: Chance E|Thunderbolt|p2a: Chansey
|-damage|p2a: Chansey|404\/703 par
|move|p2a: Chansey|Soft-Boiled|p2a: Chansey
|-heal|p2a: Chansey|703\/703 par
|
|turn|14
|choice|move 3|move 2
|
|move|p2a: Chansey|Thunderbolt|p1a: Chance E
|-damage|p1a: Chance E|555\/703 par
|move|p1a: Chance E|Thunderbolt|p2a: Chansey
|-damage|p2a: Chansey|627\/703 par
|
|turn|15
|choice|move 3|move 2
|
|move|p2a: Chansey|Thunderbolt|p1a: Chance E
|-damage|p1a: Chance E|482\/703 par
|move|p1a: Chance E|Thunderbolt|p2a: Chansey
|-damage|p2a: Chansey|555\/703 par
|
|turn|16
|choice|move 1|move 2
|
|cant|p1a: Chance E|par
|move|p2a: Chansey|Thunderbolt|p1a: Chance E
|-damage|p1a: Chance E|409\/703 par
|
|turn|17
|choice|move 1|switch 2
|
|switch|p2a: Exeggutor|Exeggutor|393\/393
|move|p1a: Chance E|Ice Beam|p2a: Exeggutor
|-supereffective|p2a: Exeggutor
|-damage|p2a: Exeggutor|255\/393
|
|turn|18
|choice|move 4|move 2
|
|move|p2a: Exeggutor|Double-Edge|p1a: Chance E
|-damage|p1a: Chance E|216\/703 par
|-damage|p2a: Exeggutor|207\/393|[from] recoil|[of] p1a: Chance E
|move|p1a: Chance E|Soft-Boiled|p1a: Chance E
|-heal|p1a: Chance E|567\/703 par
|
|turn|19
|choice|switch 3|move 4
|
|switch|p1a: Cut.Exe|Exeggutor|360\/393
|move|p2a: Exeggutor|Explosion|p1a: Cut.Exe
|-damage|p1a: Cut.Exe|76\/393
|faint|p2a: Exeggutor
|choice||switch 4
|
|switch|p2a: Tauros|Tauros|353\/353
|turn|20
|choice|switch 4|move 1
|
|switch|p1a: Hungry|Alakazam|313\/313
|move|p2a: Tauros|Body Slam|p1a: Hungry
|-damage|p1a: Hungry|145\/313
|
|turn|21
|choice|move 1|switch 2
|
|switch|p2a: Chansey|Chansey|555\/703 par
|move|p1a: Hungry|Thunder Wave|p2a: Chansey
|-fail|p2a: Chansey|par
|
|turn|22
|choice|switch 3|move 3
|
|switch|p1a: Chance E|Chansey|567\/703 par
|move|p2a: Chansey|Ice Beam|p1a: Chance E
|-damage|p1a: Chance E|497\/703 par
|
|turn|23
|choice|move 4|move 3
|
|move|p1a: Chance E|Soft-Boiled|p1a: Chance E
|-heal|p1a: Chance E|703\/703 par
|cant|p2a: Chansey|par
|
|turn|24
|choice|move 3|switch 5
|
|switch|p2a: Alakazam|Alakazam|313\/313 slp
|move|p1a: Chance E|Thunderbolt|p2a: Alakazam
|-damage|p2a: Alakazam|253\/313 slp
|
|turn|25
|choice|switch 6|move 2
|
|switch|p1a: Zapdos|Zapdos|383\/383
|-curestatus|p2a: Alakazam|slp
|
|turn|26
|choice|move 3|move 1
|
|move|p2a: Alakazam|Thunder Wave|p1a: Zapdos
|-status|p1a: Zapdos|par
|move|p1a: Zapdos|Thunder Wave|p2a: Alakazam
|-status|p2a: Alakazam|par
|
|turn|27
|choice|move 4|move 2
|
|move|p2a: Alakazam|Psychic|p1a: Zapdos
|-damage|p1a: Zapdos|270\/383 par
|-unboost|p1a: Zapdos|spd|1
|-unboost|p1a: Zapdos|spa|1
|cant|p1a: Zapdos|par
|
|turn|28
|choice|move 4|move 2
|
|move|p2a: Alakazam|Psychic|p1a: Zapdos
|-crit|p1a: Zapdos
|-damage|p1a: Zapdos|59\/383 par
|move|p1a: Zapdos|Agility|p1a: Zapdos
|-boost|p1a: Zapdos|spe|2
|
|turn|29
|choice|move 1|move 2
|
|cant|p1a: Zapdos|par
|move|p2a: Alakazam|Psychic|p1a: Zapdos
|-damage|p1a: Zapdos|0 fnt
|faint|p1a: Zapdos
|choice|switch 5|
|
|switch|p1a: Tauros|Tauros|353\/353
|turn|30
|choice|move 1|move 1
|
|move|p1a: Tauros|Body Slam|p2a: Alakazam
|-damage|p2a: Alakazam|95\/313 par
|move|p2a: Alakazam|Thunder Wave|p1a: Tauros
|-status|p1a: Tauros|par
|
|turn|31
|choice|move 2|move 2
|
|cant|p1a: Tauros|par
|move|p2a: Alakazam|Psychic|p1a: Tauros
|-damage|p1a: Tauros|182\/353 par
|
|turn|32
|choice|move 1|move 2
|
|move|p1a: Tauros|Body Slam|p2a: Alakazam
|-damage|p2a: Alakazam|0 fnt
|faint|p2a: Alakazam
|choice||switch 3
|
|switch|p2a: Cloyster|Cloyster|303\/303
|turn|33
|choice|move 2|move 1
|
|move|p2a: Cloyster|Clamp|p1a: Tauros|[miss]
|-miss|p2a: Cloyster
|move|p1a: Tauros|Hyper Beam|p2a: Cloyster
|-damage|p2a: Cloyster|188\/303
|
|turn|34
|-mustrecharge|p1a: Tauros
|-mustrecharge|p1a: Tauros
|choice|move 1|move 2
|
|move|p2a: Cloyster|Blizzard|p1a: Tauros
|-damage|p1a: Tauros|24\/353 par
|cant|p1a: Tauros|recharge
|
|turn|35
|choice|move 2|move 1
|
|move|p2a: Cloyster|Clamp|p1a: Tauros|[miss]
|-miss|p2a: Cloyster
|move|p1a: Tauros|Hyper Beam|p2a: Cloyster
|-damage|p2a: Cloyster|73\/303
|
|turn|36
|-mustrecharge|p1a: Tauros
|-mustrecharge|p1a: Tauros
|choice|move 1|move 1
|
|move|p2a: Cloyster|Clamp|p1a: Tauros|[miss]
|-miss|p2a: Cloyster
|cant|p1a: Tauros|recharge
|
|turn|37
|choice|move 4|move 3
|
|move|p2a: Cloyster|Hyper Beam|p1a: Tauros
|-damage|p1a: Tauros|0 fnt
|faint|p1a: Tauros
|choice|switch 3|
|
|switch|p1a: Hungry|Alakazam|145\/313
|turn|38
|choice|move 2|switch 5
|
|switch|p2a: Chansey|Chansey|555\/703 par
|move|p1a: Hungry|Psychic|p2a: Chansey
|-damage|p2a: Chansey|429\/703 par
|
|turn|39
|choice|switch 6|move 3
|
|switch|p1a: Chance E|Chansey|703\/703 par
|move|p2a: Chansey|Ice Beam|p1a: Chance E
|-damage|p1a: Chance E|625\/703 par
|
|turn|40
|l|samusco
|choice|switch 4|move 4
|
|switch|p1a: Cut.Exe|Exeggutor|76\/393
|cant|p2a: Chansey|par
|
|turn|41
|choice|move 3|switch 5
|
|switch|p2a: Cloyster|Cloyster|73\/303
|move|p1a: Cut.Exe|Psychic|p2a: Cloyster
|-damage|p2a: Cloyster|0 fnt
|faint|p2a: Cloyster
|choice||switch 2
|
|switch|p2a: Tauros|Tauros|353\/353
|turn|42
|choice|move 2|move 1
|
|move|p2a: Tauros|Body Slam|p1a: Cut.Exe
|-damage|p1a: Cut.Exe|0 fnt
|faint|p1a: Cut.Exe
|choice|switch 4|
|
|switch|p1a: Chance E|Chansey|625\/703 par
|turn|43
|choice|move 1|switch 5
|
|switch|p2a: Chansey|Chansey|429\/703 par
|move|p1a: Chance E|Ice Beam|p2a: Chansey
|-damage|p2a: Chansey|355\/703 par
|
|turn|44
|choice|move 3|move 4
|
|move|p1a: Chance E|Thunderbolt|p2a: Chansey
|-damage|p2a: Chansey|285\/703 par
|cant|p2a: Chansey|par
|
|turn|45
|choice|move 3|move 4
|
|move|p1a: Chance E|Thunderbolt|p2a: Chansey
|-damage|p2a: Chansey|210\/703 par
|move|p2a: Chansey|Soft-Boiled|p2a: Chansey
|-heal|p2a: Chansey|561\/703 par
|
|turn|46
|choice|move 3|move 2
|
|move|p1a: Chance E|Thunderbolt|p2a: Chansey
|-damage|p2a: Chansey|485\/703 par
|move|p2a: Chansey|Thunderbolt|p1a: Chance E
|-damage|p1a: Chance E|546\/703 par
|
|turn|47
|choice|move 3|move 2
|
|cant|p1a: Chance E|par
|move|p2a: Chansey|Thunderbolt|p1a: Chance E
|-damage|p1a: Chance E|467\/703 par
|
|turn|48
|choice|move 4|move 2
|
|cant|p2a: Chansey|par
|move|p1a: Chance E|Soft-Boiled|p1a: Chance E
|-heal|p1a: Chance E|703\/703 par
|
|turn|49
|choice|switch 6|move 2
|
|switch|p1a: Hungry|Alakazam|145\/313
|move|p2a: Chansey|Thunderbolt|p1a: Hungry
|-damage|p1a: Hungry|86\/313
|
|turn|50
|choice|move 3|move 1
|
|move|p1a: Hungry|Kinesis|p2a: Chansey
|-unboost|p2a: Chansey|accuracy|1
|move|p2a: Chansey|Thunder Wave|p1a: Hungry
|-status|p1a: Hungry|par
|
|turn|51
|c| trueWario|lol
|choice|move 4|switch 5
|
|switch|p2a: Tauros|Tauros|353\/353
|cant|p1a: Hungry|par
|
|turn|52
|choice|move 2|move 1
|
|move|p2a: Tauros|Body Slam|p1a: Hungry
|-damage|p1a: Hungry|0 fnt
|faint|p1a: Hungry
|choice|switch 6|
|
|switch|p1a: Chance E|Chansey|703\/703 par
|turn|53
|choice|move 1|move 1
|
|move|p2a: Tauros|Body Slam|p1a: Chance E
|-crit|p1a: Chance E
|-damage|p1a: Chance E|150\/703 par
|move|p1a: Chance E|Ice Beam|p2a: Tauros
|-damage|p2a: Tauros|248\/353
|
|turn|54
|-message|Ch01W0n5h1n forfeited.
|
|win|Giju
|player|p1
|player|p2
|l|Ch01W0n5h1n
|c|★Giju|lol
|raw|Ch01W0n5h1n's rating: 1291 &rarr; <strong>1272<\/strong><br \/>(-19 for losing)
|raw|Giju's rating: 1371 &rarr; <strong>1386<\/strong><br \/>(+15 for winning)
|l|trueWario