|j|tr0m
|j|Pr0n Snow
|player|p1|tr0m|1
|player|p2|Pr0n Snow|96
|gametype|singles
|gen|1
|tier|[Gen 1] OU
|rated
|seed|37548,18143,38444,41575
|rule|Sleep Clause Mod: Limit one foe put to sleep
|rule|Freeze Clause Mod: Limit one foe frozen
|rule|Species Clause: Limit one of each Pokémon
|rule|OHKO Clause: OHKO moves are banned
|rule|Evasion Moves Clause: Evasion moves are banned
|rule|HP Percentage Mod: HP is shown in percentages
|
|start
|switch|p1a: Starmie|Starmie|323\/323
|switch|p2a: Gengar|Gengar|323\/323
|turn|1
|choice|move 1|switch 3
|
|switch|p2a: Chansey|Chansey|703\/703
|move|p1a: Starmie|Psychic|p2a: Chansey
|-damage|p2a: Chansey|598\/703
|
|turn|2
|choice|switch 3|move 1
|
|switch|p1a: Exeggutor|Exeggutor|393\/393
|move|p2a: Chansey|Ice Beam|p1a: Exeggutor
|-supereffective|p1a: Exeggutor
|-damage|p1a: Exeggutor|265\/393
|-status|p1a: Exeggutor|frz
|
|turn|3
|choice|switch 2|move 1
|
|switch|p1a: Chansey|Chansey|703\/703
|move|p2a: Chansey|Ice Beam|p1a: Chansey
|-damage|p1a: Chansey|622\/703
|-message|Freeze Clause activated.
|
|turn|4
|c|★Pr0n Snow|wow
|choice|move 1|switch 4
|
|switch|p2a: Snorlax|Snorlax|523\/523
|move|p1a: Chansey|Ice Beam|p2a: Snorlax
|-damage|p2a: Snorlax|424\/523
|
|turn|5
|choice|move 4|move 1
|
|move|p1a: Chansey|Thunder Wave|p2a: Snorlax
|-status|p2a: Snorlax|par
|move|p2a: Snorlax|Body Slam|p1a: Chansey
|-damage|p1a: Chansey|351\/703
|
|turn|6
|choice|move 3|move 4
|
|move|p1a: Chansey|Soft-Boiled|p1a: Chansey
|-heal|p1a: Chansey|702\/703
|move|p2a: Snorlax|Self-Destruct|p1a: Chansey
|-damage|p1a: Chansey|0 fnt
|faint|p1a: Chansey
|faint|p2a: Snorlax
|choice|switch 4|switch 4
|
|switch|p2a: Chansey|Chansey|598\/703
|switch|p1a: Snorlax|Snorlax|523\/523
|turn|7
|choice|switch 2|move 4
|
|switch|p1a: Exeggutor|Exeggutor|265\/393 frz
|move|p2a: Chansey|Thunder Wave|p1a: Exeggutor
|-fail|p1a: Exeggutor
|
|turn|8
|choice|switch 3|move 1
|
|switch|p1a: Starmie|Starmie|323\/323
|move|p2a: Chansey|Ice Beam|p1a: Starmie
|-resisted|p1a: Starmie
|-damage|p1a: Starmie|283\/323
|
|turn|9
|choice|move 3|move 4
|
|move|p1a: Starmie|Thunder Wave|p2a: Chansey
|-status|p2a: Chansey|par
|move|p2a: Chansey|Thunder Wave|p1a: Starmie
|-status|p1a: Starmie|par
|
|turn|10
|choice|move 1|move 2
|
|move|p1a: Starmie|Psychic|p2a: Chansey
|-damage|p2a: Chansey|499\/703 par
|cant|p2a: Chansey|par
|
|turn|11
|choice|move 1|move 3
|
|move|p1a: Starmie|Psychic|p2a: Chansey
|-damage|p2a: Chansey|395\/703 par
|move|p2a: Chansey|Soft-Boiled|p2a: Chansey
|-heal|p2a: Chansey|703\/703 par
|
|turn|12
|choice|move 1|move 2
|
|move|p1a: Starmie|Psychic|p2a: Chansey
|-crit|p2a: Chansey
|-damage|p2a: Chansey|510\/703 par
|-unboost|p2a: Chansey|spd|1
|-unboost|p2a: Chansey|spa|1
|move|p2a: Chansey|Thunderbolt|p1a: Starmie
|-crit|p1a: Starmie
|-supereffective|p1a: Starmie
|-damage|p1a: Starmie|0 fnt
|faint|p1a: Starmie
|choice|switch 2|
|
|switch|p1a: Snorlax|Snorlax|523\/523
|turn|13
|choice|move 4|switch 6
|
|switch|p2a: Golem|Golem|363\/363
|move|p1a: Snorlax|Hyper Beam|p2a: Golem
|-resisted|p2a: Golem
|-damage|p2a: Golem|285\/363
|
|turn|14
|-mustrecharge|p1a: Snorlax
|-mustrecharge|p1a: Snorlax
|choice|move 1|move 1
|
|move|p2a: Golem|Earthquake|p1a: Snorlax
|-damage|p1a: Snorlax|346\/523
|cant|p1a: Snorlax|recharge
|
|turn|15
|choice|switch 5|move 2
|
|switch|p1a: Bruh|Slowbro|393\/393
|move|p2a: Golem|Explosion|p1a: Bruh
|-damage|p1a: Bruh|131\/393
|faint|p2a: Golem
|choice||switch 3
|
|switch|p2a: Gengar|Gengar|323\/323
|turn|16
|choice|move 3|move 2
|
|move|p2a: Gengar|Thunderbolt|p1a: Bruh
|-supereffective|p1a: Bruh
|-damage|p1a: Bruh|0 fnt
|faint|p1a: Bruh
|choice|switch 6|
|
|switch|p1a: Tauros|Tauros|353\/353
|turn|17
|choice|move 3|move 3
|
|move|p2a: Gengar|Explosion|p1a: Tauros
|-damage|p1a: Tauros|134\/353
|faint|p2a: Gengar
|choice||switch 2
|
|switch|p2a: Alakazam|Alakazam|313\/313
|turn|18
|choice|move 2|move 1
|
|move|p2a: Alakazam|Psychic|p1a: Tauros
|-damage|p1a: Tauros|0 fnt
|faint|p1a: Tauros
|choice|switch 5|
|
|switch|p1a: Snorlax|Snorlax|346\/523
|turn|19
|choice|move 4|move 4
|
|move|p2a: Alakazam|Reflect|p2a: Alakazam
|-start|p2a: Alakazam|Reflect
|move|p1a: Snorlax|Hyper Beam|p2a: Alakazam|[miss]
|-miss|p1a: Snorlax
|
|turn|20
|choice|move 2|move 1
|
|move|p2a: Alakazam|Psychic|p1a: Snorlax
|-damage|p1a: Snorlax|176\/523
|move|p1a: Snorlax|Self-Destruct|p2a: Alakazam
|-damage|p2a: Alakazam|69\/313
|faint|p1a: Snorlax
|c|★Pr0n Snow|gg
|-message|tr0m forfeited.
|
|win|Pr0n Snow
|player|p1
|player|p2
|l|tr0m
|raw|tr0m's rating: 1455 &rarr; <strong>1424<\/strong><br \/>(-31 for losing)
|raw|Pr0n Snow's rating: 1238 &rarr; <strong>1277<\/strong><br \/>(+39 for winning)