|join|Feena
|join|bball331
|player|p1|Feena|101
|player|p2|bball331|163
|gametype|singles
|gen|1
|tier|[Gen 1] Random Battle
|rated
|rule|Sleep Clause Mod: Limit one foe put to sleep
|rule|Freeze Clause Mod: Limit one foe frozen
|rule|HP Percentage Mod: HP is shown in percentages
|
|start
|switch|p1a: Eevee|Eevee, L96|300\/300
|switch|p2a: Rhyhorn|Rhyhorn, L96|348\/348
|turn|1
|c|★bball331|gg, you have eevee.... you win
|c|★Feena|lol
|
|switch|p1a: Seaking|Seaking, L85|310\/310
|move|p2a: Rhyhorn|Substitute|p2a: Rhyhorn
|-start|p2a: Rhyhorn|Substitute
|-damage|p2a: Rhyhorn|261\/348
|
|turn|2
|
|move|p1a: Seaking|Surf|p2a: Rhyhorn
|-supereffective|p2a: Rhyhorn
|-end|p2a: Rhyhorn|Substitute
|move|p2a: Rhyhorn|Body Slam|p1a: Seaking
|-damage|p1a: Seaking|224\/310
|
|turn|3
|
|move|p1a: Seaking|Blizzard|p2a: Rhyhorn
|-supereffective|p2a: Rhyhorn
|-damage|p2a: Rhyhorn|31\/348
|-status|p2a: Rhyhorn|frz
|cant|p2a: Rhyhorn|frz
|
|turn|4
|
|switch|p1a: Eevee|Eevee, L96|300\/300
|cant|p2a: Rhyhorn|frz
|
|turn|5
|c|★bball331|eevee with the kill!
|
|move|p1a: Eevee|Body Slam|p2a: Rhyhorn
|-resisted|p2a: Rhyhorn
|-damage|p2a: Rhyhorn|0 fnt
|faint|p2a: Rhyhorn
|
|switch|p2a: Kabuto|Kabuto, L96|252\/252
|turn|6
|
|move|p1a: Eevee|Toxic|p2a: Kabuto|[miss]
|-miss|p1a: Eevee
|move|p2a: Kabuto|Toxic|p1a: Eevee
|-status|p1a: Eevee|tox
|
|turn|7
|
|move|p2a: Kabuto|Swords Dance|p2a: Kabuto
|-boost|p2a: Kabuto|atk|2
|move|p1a: Eevee|Toxic|p2a: Kabuto
|-status|p2a: Kabuto|tox
|-damage|p1a: Eevee|282\/300 tox|[from] tox|[of] p2a: Kabuto
|
|turn|8
|
|switch|p1a: Golbat|Golbat, L85|301\/301
|move|p2a: Kabuto|Slash|p1a: Golbat
|-damage|p1a: Golbat|173\/301
|-damage|p2a: Kabuto|237\/252 tox|[from] tox|[of] p1a: Golbat
|
|turn|9
|
|move|p1a: Golbat|Mega Drain|p2a: Kabuto
|-supereffective|p2a: Kabuto
|-damage|p2a: Kabuto|105\/252 tox
|-heal|p1a: Golbat|239\/301|[from] drain|[of] p2a: Kabuto
|move|p2a: Kabuto|Slash|p1a: Golbat
|-crit|p1a: Golbat
|-damage|p1a: Golbat|105\/301
|-damage|p2a: Kabuto|75\/252 tox|[from] tox|[of] p1a: Golbat
|
|turn|10
|
|move|p1a: Golbat|Mega Drain|p2a: Kabuto
|-crit|p2a: Kabuto
|-supereffective|p2a: Kabuto
|-damage|p2a: Kabuto|0 fnt
|-heal|p1a: Golbat|142\/301|[from] drain|[of] p2a: Kabuto
|faint|p2a: Kabuto
|
|switch|p2a: Clefable|Clefable, L85|335\/335
|turn|11
|
|move|p1a: Golbat|Screech|p2a: Clefable
|-unboost|p2a: Clefable|def|2
|move|p2a: Clefable|Thunderbolt|p1a: Golbat
|-supereffective|p1a: Golbat
|-damage|p1a: Golbat|4\/301
|
|turn|12
|
|move|p1a: Golbat|Hyper Beam|p2a: Clefable
|-damage|p2a: Clefable|127\/335
|move|p2a: Clefable|Thunderbolt|p1a: Golbat
|-supereffective|p1a: Golbat
|-damage|p1a: Golbat|0 fnt
|faint|p1a: Golbat
|join|Pzulo
|c|★bball331|Pz!
|
|switch|p1a: Zapdos|Zapdos, L79|304\/304
|turn|13
|c| Pzulo|Herro
|c|★bball331|Don't watch, I'm playing bad, they have eevee 0-o :P
|c| Pzulo|Hahaha
|c| Pzulo|Time to watch?
|c|★bball331|noo
|c| Pzulo|Fine ill go battle neon
|leave|Pzulo
|
|move|p1a: Zapdos|Drill Peck|p2a: Clefable
|-damage|p2a: Clefable|0 fnt
|faint|p2a: Clefable
|c|★bball331|not that hard
|
|switch|p2a: Alakazam|Alakazam, L79|249\/249
|turn|14
|
|move|p2a: Alakazam|Psychic|p1a: Zapdos
|-damage|p1a: Zapdos|221\/304
|-unboost|p1a: Zapdos|spd|1
|-unboost|p1a: Zapdos|spa|1
|move|p1a: Zapdos|Thunder Wave|p2a: Alakazam
|-status|p2a: Alakazam|par
|
|turn|15
|
|switch|p1a: Eevee|Eevee, L96|282\/300 tox
|-status|p1a: Eevee|psn
|-damage|p1a: Eevee|264\/300 psn|[from] psn
|cant|p2a: Alakazam|par
|
|turn|16
|
|move|p1a: Eevee|Body Slam|p2a: Alakazam
|-damage|p2a: Alakazam|119\/249 par
|-damage|p1a: Eevee|246\/300 psn|[from] psn|[of] p2a: Alakazam
|move|p2a: Alakazam|Seismic Toss|p1a: Eevee
|-damage|p1a: Eevee|167\/300 psn
|
|turn|17
|-message|bball331 forfeited.
|leave|bball331
|
|switch|p2a: Seadra|Seadra, L85|267\/267
|move|p1a: Eevee|Body Slam|p2a: Seadra
|-damage|p2a: Seadra|190\/267
|-damage|p1a: Eevee|149\/300 psn|[from] psn|[of] p2a: Seadra
|
|turn|18
|
|win|Feena
|raw|Ladder updating...
|player|p2
|raw|Feena's rating: 1264 &rarr; <strong>1279<\/strong><br \/>(+15 for winning)
|raw|bball331's rating: 1124 &rarr; <strong>1108<\/strong><br \/>(-16 for losing)