|join|Zorage
|join|gravatas
|player|p1|Zorage|166
|player|p2|gravatas|1
|gametype|singles
|gen|1
|tier|[Gen 1] Random Battle
|rule|Sleep Clause Mod: Limit one foe put to sleep
|rule|Freeze Clause Mod: Limit one foe frozen
|rule|HP Percentage Mod: HP is shown in percentages
|
|start
|switch|p1a: Pinsir|Pinsir, L85|284\/284
|switch|p2a: Golbat|Golbat, L90|318\/318
|turn|1
|c|★Zorage|lol I just did a mewtwo sweep
|
|move|p2a: Golbat|Confuse Ray|p1a: Pinsir
|-start|p1a: Pinsir|confusion
|-activate|p1a: Pinsir|confusion
|-damage|p1a: Pinsir|249\/284|[from] confusion
|
|turn|2
|
|switch|p1a: Gengar|Gengar, L79|257\/257
|move|p2a: Golbat|Double-Edge|p1a: Gengar
|-immune|p1a: Gengar|[msg]
|
|turn|3
|c|★gravatas|xaxa
|
|move|p1a: Gengar|Psychic|p2a: Golbat
|-supereffective|p2a: Golbat
|-damage|p2a: Golbat|178\/318
|move|p2a: Golbat|Confuse Ray|p1a: Gengar
|-start|p1a: Gengar|confusion
|
|turn|4
|
|switch|p1a: Pinsir|Pinsir, L85|249\/284
|move|p2a: Golbat|Mega Drain|p1a: Pinsir
|-crit|p1a: Pinsir
|-resisted|p1a: Pinsir
|-damage|p1a: Pinsir|216\/284
|-heal|p2a: Golbat|194\/318|[from] drain|[of] p1a: Pinsir
|
|turn|5
|
|move|p2a: Golbat|Confuse Ray|p1a: Pinsir
|-start|p1a: Pinsir|confusion
|-activate|p1a: Pinsir|confusion
|-damage|p1a: Pinsir|181\/284|[from] confusion
|
|turn|6
|
|move|p2a: Golbat|Mega Drain|p1a: Pinsir
|-resisted|p1a: Pinsir
|-damage|p1a: Pinsir|164\/284
|-heal|p2a: Golbat|202\/318|[from] drain|[of] p1a: Pinsir
|-activate|p1a: Pinsir|confusion
|-damage|p1a: Pinsir|129\/284|[from] confusion
|
|turn|7
|
|switch|p1a: Gengar|Gengar, L79|257\/257
|move|p2a: Golbat|Double-Edge|p1a: Gengar
|-immune|p1a: Gengar|[msg]
|
|turn|8
|
|move|p1a: Gengar|Thunderbolt|p2a: Golbat
|-supereffective|p2a: Golbat
|-damage|p2a: Golbat|47\/318
|move|p2a: Golbat|Confuse Ray|p1a: Gengar|[miss]
|-miss|p2a: Golbat
|
|turn|9
|c|★gravatas|eee..
|
|switch|p2a: Electabuzz|Electabuzz, L85|284\/284
|move|p1a: Gengar|Thunderbolt|p2a: Electabuzz
|-resisted|p2a: Electabuzz
|-damage|p2a: Electabuzz|245\/284
|
|turn|10
|c|★Zorage|oooh 256 again !
|
|move|p2a: Electabuzz|Thunderbolt|p1a: Gengar
|-crit|p1a: Gengar
|-damage|p1a: Gengar|108\/257
|move|p1a: Gengar|Hypnosis|p2a: Electabuzz|[miss]
|-miss|p1a: Gengar
|
|turn|11
|
|switch|p1a: Parasect|Parasect, L90|291\/291
|move|p2a: Electabuzz|Thunderbolt|p1a: Parasect
|-resisted|p1a: Parasect
|-damage|p1a: Parasect|245\/291
|
|turn|12
|
|move|p2a: Electabuzz|Thunder Wave|p1a: Parasect
|-status|p1a: Parasect|par
|move|p1a: Parasect|Body Slam|p2a: Electabuzz
|-damage|p2a: Electabuzz|159\/284
|
|turn|13
|
|move|p2a: Electabuzz|Psychic|p1a: Parasect
|-damage|p1a: Parasect|184\/291 par
|cant|p1a: Parasect|par
|
|turn|14
|
|move|p2a: Electabuzz|Seismic Toss|p1a: Parasect
|-damage|p1a: Parasect|99\/291 par
|cant|p1a: Parasect|par
|
|turn|15
|
|move|p2a: Electabuzz|Psychic|p1a: Parasect
|-damage|p1a: Parasect|39\/291 par
|move|p1a: Parasect|Body Slam|p2a: Electabuzz
|-damage|p2a: Electabuzz|77\/284
|
|turn|16
|
|move|p2a: Electabuzz|Seismic Toss|p1a: Parasect
|-damage|p1a: Parasect|0 fnt
|faint|p1a: Parasect
|
|switch|p1a: Pinsir|Pinsir, L85|129\/284
|turn|17
|
|move|p2a: Electabuzz|Psychic|p1a: Pinsir
|-damage|p1a: Pinsir|46\/284
|-unboost|p1a: Pinsir|spd|1
|-unboost|p1a: Pinsir|spa|1
|move|p1a: Pinsir|Hyper Beam|p2a: Electabuzz
|-damage|p2a: Electabuzz|0 fnt
|faint|p2a: Electabuzz
|
|switch|p2a: Rapidash|Rapidash, L90|300\/300
|turn|18
|
|move|p2a: Rapidash|Fire Blast|p1a: Pinsir
|-supereffective|p1a: Pinsir
|-damage|p1a: Pinsir|0 fnt
|faint|p1a: Pinsir
|
|switch|p1a: Tentacruel|Tentacruel, L85|310\/310
|turn|19
|
|switch|p2a: Parasect|Parasect, L90|291\/291
|move|p1a: Tentacruel|Blizzard|p2a: Parasect
|-supereffective|p2a: Parasect
|-damage|p2a: Parasect|76\/291
|
|turn|20
|
|move|p1a: Tentacruel|Blizzard|p2a: Parasect
|-supereffective|p2a: Parasect
|-damage|p2a: Parasect|0 fnt
|faint|p2a: Parasect
|
|switch|p2a: Golbat|Golbat, L90|47\/318
|turn|21
|
|move|p1a: Tentacruel|Surf|p2a: Golbat
|-crit|p2a: Golbat
|-damage|p2a: Golbat|0 fnt
|faint|p2a: Golbat
|
|switch|p2a: Poliwhirl|Poliwhirl, L85|284\/284
|turn|22
|
|switch|p1a: Gengar|Gengar, L79|108\/257
|move|p2a: Poliwhirl|Psychic|p1a: Gengar
|-supereffective|p1a: Gengar
|-damage|p1a: Gengar|37\/257
|-unboost|p1a: Gengar|spd|1
|-unboost|p1a: Gengar|spa|1
|
|turn|23
|
|move|p1a: Gengar|Explosion|p2a: Poliwhirl
|-damage|p2a: Poliwhirl|85\/284
|faint|p1a: Gengar
|
|switch|p1a: Jynx|Jynx, L79|265\/265
|turn|24
|
|move|p2a: Poliwhirl|Hypnosis|p1a: Jynx
|-status|p1a: Jynx|slp
|cant|p1a: Jynx|slp
|
|turn|25
|
|switch|p2a: Rapidash|Rapidash, L90|300\/300
|switch|p1a: Pidgey|Pidgey, L96|272\/272
|
|turn|26
|
|move|p2a: Rapidash|Fire Blast|p1a: Pidgey
|-damage|p1a: Pidgey|81\/272
|move|p1a: Pidgey|Mimic|p2a: Rapidash
|-start|p1a: Pidgey|Mimic|Growl
|
|turn|27
|
|move|p2a: Rapidash|Body Slam|p1a: Pidgey
|-damage|p1a: Pidgey|0 fnt
|faint|p1a: Pidgey
|
|switch|p1a: Tentacruel|Tentacruel, L85|310\/310
|turn|28
|
|move|p2a: Rapidash|Body Slam|p1a: Tentacruel
|-crit|p1a: Tentacruel
|-damage|p1a: Tentacruel|154\/310
|move|p1a: Tentacruel|Surf|p2a: Rapidash
|-crit|p2a: Rapidash
|-supereffective|p2a: Rapidash
|-damage|p2a: Rapidash|0 fnt
|faint|p2a: Rapidash
|
|switch|p2a: Poliwhirl|Poliwhirl, L85|85\/284
|turn|29
|
|move|p1a: Tentacruel|Hyper Beam|p2a: Poliwhirl
|-damage|p2a: Poliwhirl|0 fnt
|faint|p2a: Poliwhirl
|
|switch|p2a: Ditto|Ditto, L99|296\/296
|turn|30
|
|move|p1a: Tentacruel|Blizzard|p2a: Ditto
|-damage|p2a: Ditto|173\/296
|move|p2a: Ditto|Transform|p1a: Tentacruel
|-transform|p2a: Ditto|p1a: Tentacruel
|
|turn|31
|
|move|p1a: Tentacruel|Surf|p2a: Ditto
|-resisted|p2a: Ditto
|-damage|p2a: Ditto|106\/296
|move|p2a: Ditto|Hyper Beam|p1a: Tentacruel|[miss]
|-miss|p2a: Ditto
|
|turn|32
|
|move|p1a: Tentacruel|Hyper Beam|p2a: Ditto
|-damage|p2a: Ditto|7\/296
|move|p2a: Ditto|Hyper Beam|p1a: Tentacruel
|-damage|p1a: Tentacruel|35\/310
|
|turn|33
|-mustrecharge|p1a: Tentacruel
|-mustrecharge|p2a: Ditto
|-mustrecharge|p1a: Tentacruel
|c|★gravatas|lacky
|-mustrecharge|p2a: Ditto
|
|cant|p1a: Tentacruel|recharge
|cant|p2a: Ditto|recharge
|
|turn|34
|c|★Zorage|gg
|
|move|p1a: Tentacruel|Surf|p2a: Ditto
|-resisted|p2a: Ditto
|-damage|p2a: Ditto|0 fnt
|faint|p2a: Ditto
|
|win|Zorage
|leave|gravatas
|player|p2