|join|MALESANI
|join|bborden
|player|p1|MALESANI|238
|player|p2|bborden|265
|gametype|singles
|gen|1
|tier|[Gen 1] Random Battle
|rated
|seed|26402,46194,53595,2238
|rule|Sleep Clause Mod: Limit one foe put to sleep
|rule|Freeze Clause Mod: Limit one foe frozen
|rule|HP Percentage Mod: HP is shown in percentages
|
|start
|switch|p1a: Marowak|Marowak, L90|291\/291
|switch|p2a: Persian|Persian, L79|265\/265
|turn|1
|choice|move 3|move 2
|
|move|p2a: Persian|Bubble Beam|p1a: Marowak
|-supereffective|p1a: Marowak
|-damage|p1a: Marowak|215\/291
|move|p1a: Marowak|Earthquake|p2a: Persian
|-damage|p2a: Persian|120\/265
|
|turn|2
|choice|move 3|move 2
|
|move|p2a: Persian|Bubble Beam|p1a: Marowak
|-supereffective|p1a: Marowak
|-damage|p1a: Marowak|126\/291
|move|p1a: Marowak|Earthquake|p2a: Persian
|-damage|p2a: Persian|0 fnt
|faint|p2a: Persian
|choice||switch 4
|
|switch|p2a: Dragonair|Dragonair, L85|277\/277
|turn|3
|choice|move 2|switch 3
|
|switch|p2a: Aerodactyl|Aerodactyl, L90|327\/327
|move|p1a: Marowak|Blizzard|p2a: Aerodactyl
|-supereffective|p2a: Aerodactyl
|-damage|p2a: Aerodactyl|162\/327
|
|turn|4
|choice|move 2|move 1
|
|move|p2a: Aerodactyl|Sky Attack|p1a: Marowak|[still]
|-prepare|p2a: Aerodactyl|Sky Attack|p1a: Marowak
|move|p1a: Marowak|Blizzard|p2a: Aerodactyl
|-supereffective|p2a: Aerodactyl
|-damage|p2a: Aerodactyl|0 fnt
|faint|p2a: Aerodactyl
|choice||switch 2
|
|switch|p2a: Horsea|Horsea, L96|252\/252
|turn|5
|choice|switch 6|move 3
|
|switch|p1a: Chansey|Chansey, L79|557\/557
|move|p2a: Horsea|Blizzard|p1a: Chansey
|-damage|p1a: Chansey|469\/557
|
|turn|6
|choice|move 2|switch 6
|
|switch|p2a: Pinsir|Pinsir, L85|284\/284
|move|p1a: Chansey|Thunderbolt|p2a: Pinsir
|-damage|p2a: Pinsir|208\/284
|
|turn|7
|choice|switch 3|move 3
|
|switch|p1a: Metapod|Metapod, L99|300\/300
|move|p2a: Pinsir|Body Slam|p1a: Metapod
|-damage|p1a: Metapod|217\/300
|
|turn|8
|choice|move 1|move 3
|
|move|p2a: Pinsir|Body Slam|p1a: Metapod
|-damage|p1a: Metapod|136\/300
|-status|p1a: Metapod|par
|cant|p1a: Metapod|par
|
|turn|9
|choice|move 1|move 1
|
|move|p2a: Pinsir|Hyper Beam|p1a: Metapod
|-damage|p1a: Metapod|0 fnt
|faint|p1a: Metapod
|choice|switch 4|
|
|switch|p1a: Jolteon|Jolteon, L79|265\/265
|turn|10
|choice|move 1|move 3
|
|move|p1a: Jolteon|Thunderbolt|p2a: Pinsir
|-damage|p2a: Pinsir|81\/284
|move|p2a: Pinsir|Body Slam|p1a: Jolteon
|-damage|p1a: Jolteon|159\/265
|-status|p1a: Jolteon|par
|
|turn|11
|choice|move 1|move 1
|
|move|p2a: Pinsir|Hyper Beam|p1a: Jolteon
|-damage|p1a: Jolteon|0 fnt
|faint|p1a: Jolteon
|choice|switch 5|
|
|switch|p1a: Alakazam|Alakazam, L79|249\/249
|turn|12
|choice|move 1|move 3
|
|move|p1a: Alakazam|Psychic|p2a: Pinsir
|-damage|p2a: Pinsir|0 fnt
|faint|p2a: Pinsir
|choice||switch 3
|
|switch|p2a: Dragonair|Dragonair, L85|277\/277
|turn|13
|choice|move 1|move 4
|
|move|p1a: Alakazam|Psychic|p2a: Dragonair
|-damage|p2a: Dragonair|149\/277
|move|p2a: Dragonair|Body Slam|p1a: Alakazam
|-damage|p1a: Alakazam|168\/249
|
|turn|14
|choice|move 1|move 1
|
|move|p1a: Alakazam|Psychic|p2a: Dragonair
|-damage|p2a: Dragonair|38\/277
|move|p2a: Dragonair|Thunder Wave|p1a: Alakazam
|-status|p1a: Alakazam|par
|
|turn|15
|choice|move 2|move 2
|
|move|p2a: Dragonair|Blizzard|p1a: Alakazam
|-damage|p1a: Alakazam|107\/249 par
|cant|p1a: Alakazam|par
|
|turn|16
|choice|move 2|move 2
|
|move|p2a: Dragonair|Blizzard|p1a: Alakazam
|-damage|p1a: Alakazam|52\/249 par
|move|p1a: Alakazam|Recover|p1a: Alakazam
|-heal|p1a: Alakazam|176\/249 par
|
|turn|17
|choice|move 2|move 2
|
|move|p2a: Dragonair|Blizzard|p1a: Alakazam
|-damage|p1a: Alakazam|120\/249 par
|move|p1a: Alakazam|Recover|p1a: Alakazam
|-heal|p1a: Alakazam|244\/249 par
|
|turn|18
|choice|move 4|switch 6
|
|switch|p2a: Horsea|Horsea, L96|252\/252
|move|p1a: Alakazam|Seismic Toss|p2a: Horsea
|-damage|p2a: Horsea|173\/252
|
|turn|19
|choice|move 1|move 1
|
|move|p2a: Horsea|Smokescreen|p1a: Alakazam
|-unboost|p1a: Alakazam|accuracy|1
|cant|p1a: Alakazam|par
|
|turn|20
|choice|move 1|move 1
|
|move|p2a: Horsea|Smokescreen|p1a: Alakazam
|-unboost|p1a: Alakazam|accuracy|1
|move|p1a: Alakazam|Psychic|p2a: Horsea
|-crit|p2a: Horsea
|-damage|p2a: Horsea|0 fnt
|faint|p2a: Horsea
|choice||switch 5
|
|switch|p2a: Flareon|Flareon, L90|300\/300
|turn|21
|choice|switch 3|move 1
|
|switch|p1a: Chansey|Chansey, L79|469\/557
|move|p2a: Flareon|Body Slam|p1a: Chansey
|-damage|p1a: Chansey|238\/557
|
|turn|22
|choice|move 1|move 1
|
|move|p2a: Flareon|Body Slam|p1a: Chansey
|-damage|p1a: Chansey|24\/557
|move|p1a: Chansey|Soft-Boiled|p1a: Chansey
|-heal|p1a: Chansey|302\/557
|
|turn|23
|choice|move 1|move 1
|
|move|p2a: Flareon|Body Slam|p1a: Chansey
|-damage|p1a: Chansey|85\/557
|move|p1a: Chansey|Soft-Boiled|p1a: Chansey
|-heal|p1a: Chansey|363\/557
|
|turn|24
|choice|move 1|move 1
|
|move|p2a: Flareon|Body Slam|p1a: Chansey
|-damage|p1a: Chansey|133\/557
|move|p1a: Chansey|Soft-Boiled|p1a: Chansey
|-heal|p1a: Chansey|411\/557
|
|turn|25
|choice|move 1|move 1
|
|move|p2a: Flareon|Body Slam|p1a: Chansey
|-damage|p1a: Chansey|195\/557
|move|p1a: Chansey|Soft-Boiled|p1a: Chansey
|-heal|p1a: Chansey|473\/557
|
|turn|26
|choice|move 3|move 1
|
|move|p2a: Flareon|Body Slam|p1a: Chansey
|-damage|p1a: Chansey|238\/557
|move|p1a: Chansey|Reflect|p1a: Chansey
|-start|p1a: Chansey|Reflect
|
|turn|27
|choice|move 1|move 1
|
|move|p2a: Flareon|Body Slam|p1a: Chansey
|-damage|p1a: Chansey|119\/557
|move|p1a: Chansey|Soft-Boiled|p1a: Chansey
|-heal|p1a: Chansey|397\/557
|
|turn|28
|choice|move 1|move 1
|
|move|p2a: Flareon|Body Slam|p1a: Chansey
|-damage|p1a: Chansey|289\/557
|move|p1a: Chansey|Soft-Boiled|p1a: Chansey
|-heal|p1a: Chansey|557\/557
|
|turn|29
|choice|move 2|move 1
|
|move|p2a: Flareon|Body Slam|p1a: Chansey
|-crit|p1a: Chansey
|-damage|p1a: Chansey|146\/557
|move|p1a: Chansey|Thunderbolt|p2a: Flareon
|-damage|p2a: Flareon|251\/300
|
|turn|30
|choice|move 1|move 2
|
|move|p2a: Flareon|Hyper Beam|p1a: Chansey
|-crit|p1a: Chansey
|-damage|p1a: Chansey|0 fnt
|faint|p1a: Chansey
|choice|switch 6|
|
|switch|p1a: Marowak|Marowak, L90|126\/291
|turn|31
|choice|move 3|move 2
|
|move|p2a: Flareon|Hyper Beam|p1a: Marowak
|-damage|p1a: Marowak|9\/291
|move|p1a: Marowak|Earthquake|p2a: Flareon
|-supereffective|p2a: Flareon
|-damage|p2a: Flareon|0 fnt
|faint|p2a: Flareon
|choice||switch 6
|
|switch|p2a: Dragonair|Dragonair, L85|38\/277
|turn|32
|choice|move 3|move 4
|
|move|p2a: Dragonair|Body Slam|p1a: Marowak
|-damage|p1a: Marowak|0 fnt
|faint|p1a: Marowak
|choice|switch 2|
|
|switch|p1a: Aerodactyl|Aerodactyl, L90|327\/327
|turn|33
|choice|move 3|move 3
|
|move|p1a: Aerodactyl|Double-Edge|p2a: Dragonair
|-crit|p2a: Dragonair
|-damage|p2a: Dragonair|0 fnt
|-damage|p1a: Aerodactyl|318\/327|[from] recoil|[of] p2a: Dragonair
|faint|p2a: Dragonair
|
|win|MALESANI
|raw|MALESANI's rating: 1358 &rarr; <strong>1365<\/strong><br \/>(+7 for winning)
|raw|bborden's rating: 1074 &rarr; <strong>1067<\/strong><br \/>(-7 for losing)