|join|nigs r retarded
|join|Caesar Augustus
|player|p1|nigs r retarded|102
|player|p2|Caesar Augustus|101
|gametype|singles
|gen|1
|tier|[Gen 1] Random Battle
|rated
|seed|16223,30370,22283,35165
|rule|Sleep Clause Mod: Limit one foe put to sleep
|rule|Freeze Clause Mod: Limit one foe frozen
|rule|HP Percentage Mod: HP is shown in percentages
|
|start
|switch|p1a: Machop|Machop, L96|329\/329
|switch|p2a: Cloyster|Cloyster, L83|253\/253
|turn|1
|choice|move 1|move 1
|
|move|p2a: Cloyster|Blizzard|p1a: Machop
|-damage|p1a: Machop|176\/329
|move|p1a: Machop|Submission|p2a: Cloyster
|-supereffective|p2a: Cloyster
|-damage|p2a: Cloyster|137\/253
|-damage|p1a: Machop|147\/329|[from] recoil|[of] p2a: Cloyster
|
|turn|2
|choice|switch 3|move 1
|
|switch|p1a: Jynx|Jynx, L79|265\/265
|move|p2a: Cloyster|Blizzard|p1a: Jynx
|-resisted|p1a: Jynx
|-damage|p1a: Jynx|203\/265
|
|turn|3
|choice|move 1|switch 6
|
|switch|p2a: Chansey|Chansey, L79|557\/557
|move|p1a: Jynx|Lovely Kiss|p2a: Chansey
|-status|p2a: Chansey|slp
|
|turn|4
|choice|switch 3|move 4
|
|switch|p1a: Machop|Machop, L96|147\/329
|cant|p2a: Chansey|slp
|
|turn|5
|choice|move 4|switch 3
|
|switch|p2a: Pinsir|Pinsir, L85|284\/284
|move|p1a: Machop|Earthquake|p2a: Pinsir
|-resisted|p2a: Pinsir
|-damage|p2a: Pinsir|251\/284
|
|turn|6
|choice|move 3|move 2
|
|move|p2a: Pinsir|Swords Dance|p2a: Pinsir
|-boost|p2a: Pinsir|atk|2
|move|p1a: Machop|Rock Slide|p2a: Pinsir
|-supereffective|p2a: Pinsir
|-damage|p2a: Pinsir|144\/284
|
|turn|7
|choice|move 3|move 4
|
|move|p2a: Pinsir|Hyper Beam|p1a: Machop
|-damage|p1a: Machop|0 fnt
|faint|p1a: Machop
|choice|switch 4|
|
|switch|p1a: Moltres|Moltres, L85|327\/327
|turn|8
|choice|move 1|switch 4
|
|switch|p2a: Dragonair|Dragonair, L85|277\/277
|move|p1a: Moltres|Fire Blast|p2a: Dragonair
|-resisted|p2a: Dragonair
|-damage|p2a: Dragonair|183\/277
|-status|p2a: Dragonair|brn
|
|turn|9
|choice|switch 3|move 2
|
|switch|p1a: Jynx|Jynx, L79|203\/265
|move|p2a: Dragonair|Thunder Wave|p1a: Jynx
|-status|p1a: Jynx|par
|-damage|p2a: Dragonair|166\/277 brn|[from] brn|[of] p1a: Jynx
|
|turn|10
|choice|move 3|switch 3
|
|switch|p2a: Chansey|Chansey, L79|557\/557 slp
|move|p1a: Jynx|Blizzard|p2a: Chansey
|-damage|p2a: Chansey|454\/557 slp
|
|turn|11
|choice|switch 2|move 2
|
|switch|p1a: Venusaur|Venusaur, L85|310\/310
|cant|p2a: Chansey|slp
|
|turn|12
|choice|move 2|switch 3
|
|switch|p2a: Dragonair|Dragonair, L85|166\/277 brn
|-damage|p2a: Dragonair|149\/277 brn|[from] brn
|move|p1a: Venusaur|Swords Dance|p1a: Venusaur
|-boost|p1a: Venusaur|atk|2
|
|turn|13
|choice|move 3|move 2
|
|move|p1a: Venusaur|Body Slam|p2a: Dragonair
|-damage|p2a: Dragonair|24\/277 brn
|move|p2a: Dragonair|Thunder Wave|p1a: Venusaur
|-status|p1a: Venusaur|par
|-damage|p2a: Dragonair|7\/277 brn|[from] brn|[of] p1a: Venusaur
|
|turn|14
|choice|switch 2|move 4
|
|switch|p1a: Jynx|Jynx, L79|203\/265 par
|move|p2a: Dragonair|Hyper Beam|p1a: Jynx
|-damage|p1a: Jynx|162\/265 par
|-damage|p2a: Dragonair|0 fnt|[from] brn|[of] p1a: Jynx
|faint|p2a: Dragonair
|choice||switch 4
|
|switch|p2a: Pinsir|Pinsir, L85|144\/284
|turn|15
|choice|move 3|move 4
|
|move|p2a: Pinsir|Hyper Beam|p1a: Jynx
|-damage|p1a: Jynx|0 fnt
|faint|p1a: Jynx
|choice|switch 3|
|
|switch|p1a: Moltres|Moltres, L85|327\/327
|turn|16
|choice|move 1|switch 3
|
|switch|p2a: Chansey|Chansey, L79|454\/557 slp
|move|p1a: Moltres|Fire Blast|p2a: Chansey
|-damage|p2a: Chansey|312\/557 slp
|
|turn|17
|choice|move 2|move 4
|
|move|p1a: Moltres|Sky Attack|p2a: Chansey|[still]
|-prepare|p1a: Moltres|Sky Attack|p2a: Chansey
|cant|p2a: Chansey|slp
|
|turn|18
|choice|move 1|switch 6
|
|switch|p2a: Cloyster|Cloyster, L83|137\/253
|move|p1a: Moltres|Sky Attack|p2a: Cloyster
|-damage|p2a: Cloyster|49\/253
|
|turn|19
|choice|move 1|move 4
|
|move|p1a: Moltres|Fire Blast|p2a: Cloyster
|-damage|p2a: Cloyster|0 fnt
|faint|p2a: Cloyster
|choice||switch 5
|
|switch|p2a: Alakazam|Alakazam, L79|249\/249
|turn|20
|choice|switch 2|move 4
|
|switch|p1a: Venusaur|Venusaur, L85|310\/310 par
|move|p2a: Alakazam|Thunder Wave|p1a: Venusaur
|-fail|p1a: Venusaur|par
|
|turn|21
|choice|switch 5|move 1
|
|switch|p1a: Kadabra|Kadabra, L85|242\/242
|move|p2a: Alakazam|Psychic|p1a: Kadabra
|-resisted|p1a: Kadabra
|-damage|p1a: Kadabra|199\/242
|
|turn|22
|choice|move 4|switch 6
|
|switch|p2a: Chansey|Chansey, L79|312\/557 slp
|move|p1a: Kadabra|Thunder Wave|p2a: Chansey
|-fail|p2a: Chansey
|
|turn|23
|choice|switch 6|move 4
|
|switch|p1a: Zapdos|Zapdos, L79|304\/304
|cant|p2a: Chansey|slp
|
|turn|24
|choice|move 3|move 4
|
|move|p1a: Zapdos|Drill Peck|p2a: Chansey
|-crit|p2a: Chansey
|-damage|p2a: Chansey|0 fnt
|faint|p2a: Chansey
|choice||switch 2
|
|switch|p2a: Exeggutor|Exeggutor, L79|312\/312
|turn|25
|choice|switch 5|move 1
|
|switch|p1a: Venusaur|Venusaur, L85|310\/310 par
|move|p2a: Exeggutor|Sleep Powder|p1a: Venusaur
|-fail|p1a: Venusaur
|
|turn|26
|choice|move 3|move 4
|
|move|p2a: Exeggutor|Psychic|p1a: Venusaur
|-supereffective|p1a: Venusaur
|-damage|p1a: Venusaur|131\/310 par
|-unboost|p1a: Venusaur|spd|1
|-unboost|p1a: Venusaur|spa|1
|move|p1a: Venusaur|Body Slam|p2a: Exeggutor
|-damage|p2a: Exeggutor|254\/312
|
|turn|27
|choice|move 3|move 4
|
|move|p2a: Exeggutor|Psychic|p1a: Venusaur
|-supereffective|p1a: Venusaur
|-damage|p1a: Venusaur|0 fnt
|faint|p1a: Venusaur
|join|blacks r subhuman
|c| blacks r subhuman|lol i played him when he was 0-0
|choice|switch 2|
|
|switch|p1a: Moltres|Moltres, L85|327\/327
|turn|28
|c| blacks r subhuman|he went quickly to 0-1
|choice|move 1|move 1
|
|move|p1a: Moltres|Fire Blast|p2a: Exeggutor
|-supereffective|p2a: Exeggutor
|-damage|p2a: Exeggutor|0 fnt
|faint|p2a: Exeggutor
|choice||switch 6
|
|switch|p2a: Alakazam|Alakazam, L79|249\/249
|turn|29
|choice|move 1|move 4
|
|move|p2a: Alakazam|Thunder Wave|p1a: Moltres
|-status|p1a: Moltres|par
|move|p1a: Moltres|Fire Blast|p2a: Alakazam
|-damage|p2a: Alakazam|130\/249
|
|turn|30
|choice|move 2|move 1
|
|move|p2a: Alakazam|Psychic|p1a: Moltres
|-damage|p1a: Moltres|245\/327 par
|-unboost|p1a: Moltres|spd|1
|-unboost|p1a: Moltres|spa|1
|move|p1a: Moltres|Sky Attack|p2a: Alakazam|[still]
|-prepare|p1a: Moltres|Sky Attack|p2a: Alakazam
|
|turn|31
|choice|move 1|move 2
|
|move|p2a: Alakazam|Reflect|p2a: Alakazam
|-start|p2a: Alakazam|Reflect
|move|p1a: Moltres|Sky Attack|p2a: Alakazam
|-damage|p2a: Alakazam|20\/249
|
|turn|32
|choice|switch 6|move 3
|
|switch|p1a: Kadabra|Kadabra, L85|199\/242
|move|p2a: Alakazam|Recover|p2a: Alakazam
|-heal|p2a: Alakazam|144\/249
|
|turn|33
|choice|move 4|move 4
|
|move|p2a: Alakazam|Thunder Wave|p1a: Kadabra
|-status|p1a: Kadabra|par
|move|p1a: Kadabra|Thunder Wave|p2a: Alakazam
|-status|p2a: Alakazam|par
|
|turn|34
|choice|move 1|move 3
|
|move|p2a: Alakazam|Recover|p2a: Alakazam
|-heal|p2a: Alakazam|249\/249 par
|move|p1a: Kadabra|Psychic|p2a: Alakazam
|-resisted|p2a: Alakazam
|-damage|p2a: Alakazam|200\/249 par
|
|turn|35
|choice|move 1|move 1
|
|move|p2a: Alakazam|Psychic|p1a: Kadabra
|-resisted|p1a: Kadabra
|-damage|p1a: Kadabra|161\/242 par
|move|p1a: Kadabra|Psychic|p2a: Alakazam
|-resisted|p2a: Alakazam
|-damage|p2a: Alakazam|153\/249 par
|
|turn|36
|choice|move 2|move 1
|
|cant|p2a: Alakazam|par
|move|p1a: Kadabra|Seismic Toss|p2a: Alakazam
|-damage|p2a: Alakazam|68\/249 par
|
|turn|37
|choice|move 2|move 3
|
|move|p2a: Alakazam|Recover|p2a: Alakazam
|-heal|p2a: Alakazam|192\/249 par
|cant|p1a: Kadabra|par
|
|turn|38
|choice|move 3|switch 3
|
|switch|p2a: Pinsir|Pinsir, L85|144\/284
|cant|p1a: Kadabra|par
|
|turn|39
|choice|switch 5|move 3
|
|switch|p1a: Zapdos|Zapdos, L79|304\/304
|move|p2a: Pinsir|Body Slam|p1a: Zapdos
|-crit|p1a: Zapdos
|-damage|p1a: Zapdos|144\/304
|
|turn|40
|choice|move 3|move 4
|
|move|p1a: Zapdos|Drill Peck|p2a: Pinsir
|-supereffective|p2a: Pinsir
|-damage|p2a: Pinsir|5\/284
|move|p2a: Pinsir|Hyper Beam|p1a: Zapdos
|-damage|p1a: Zapdos|0 fnt
|faint|p1a: Zapdos
|choice|switch 6|
|
|switch|p1a: Moltres|Moltres, L85|245\/327 par
|turn|41
|choice|move 1|move 4
|
|move|p2a: Pinsir|Hyper Beam|p1a: Moltres
|-damage|p1a: Moltres|114\/327 par
|move|p1a: Moltres|Fire Blast|p2a: Pinsir
|-supereffective|p2a: Pinsir
|-damage|p2a: Pinsir|0 fnt
|faint|p2a: Pinsir
|choice||switch 3
|
|switch|p2a: Alakazam|Alakazam, L79|192\/249 par
|turn|42
|choice|switch 5|move 1
|
|switch|p1a: Kadabra|Kadabra, L85|161\/242 par
|move|p2a: Alakazam|Psychic|p1a: Kadabra
|-resisted|p1a: Kadabra
|-damage|p1a: Kadabra|119\/242 par
|-unboost|p1a: Kadabra|spd|1
|-unboost|p1a: Kadabra|spa|1
|
|turn|43
|choice|move 3|move 1
|
|move|p2a: Alakazam|Psychic|p1a: Kadabra
|-crit|p1a: Kadabra
|-resisted|p1a: Kadabra
|-damage|p1a: Kadabra|40\/242 par
|-unboost|p1a: Kadabra|spd|1
|-unboost|p1a: Kadabra|spa|1
|cant|p1a: Kadabra|par
|
|turn|44
|c|★nigs r retarded|lmao insanely lucky though, what he lacks in skill he makes up for in hilarious luck
|c| blacks r subhuman|^^^^^
|choice|move 3|move 1
|
|move|p2a: Alakazam|Psychic|p1a: Kadabra
|-resisted|p1a: Kadabra
|-damage|p1a: Kadabra|0 fnt
|faint|p1a: Kadabra
|c| blacks r subhuman|this was nuts
|choice|switch 5|
|
|switch|p1a: Moltres|Moltres, L85|114\/327 par
|turn|45
|c| blacks r subhuman|even the virgin is going wild
|c|★nigs r retarded|lmao
|c|★nigs r retarded|he's beyond bad though
|choice|move 1|move 1
|
|move|p2a: Alakazam|Psychic|p1a: Moltres
|-crit|p1a: Moltres
|-damage|p1a: Moltres|0 fnt
|faint|p1a: Moltres
|
|win|Caesar Augustus
|raw|nigs r retarded's rating: 1040 &rarr; <strong>1023<\/strong><br \/>(-17 for losing)
|raw|Caesar Augustus's rating: 1023 &rarr; <strong>1061<\/strong><br \/>(+38 for winning)
|c|★Caesar Augustus|gg
|c|★nigs r retarded|you suck augustus
|c|★nigs r retarded|you're trash
|c|★nigs r retarded|you always have been
|c|★nigs r retarded|you always lose when you don't hax out
|c|★nigs r retarded|always
|c|★nigs r retarded|100% of the times
|c|★nigs r retarded|you're too stupid to figure out the simplest tier in the game
|c|★nigs r retarded|congratulations on haxing out while playing poorly as per usual
|leave|nigs r retarded
|player|p1