|join|Clarinetno1
|join|Zaki Uddin
|player|p1|Clarinetno1|170
|player|p2|Zaki Uddin|266
|gametype|singles
|gen|1
|tier|[Gen 1] Random Battle
|rated
|rule|Sleep Clause Mod: Limit one foe put to sleep
|rule|Freeze Clause Mod: Limit one foe frozen
|rule|HP Percentage Mod: HP is shown in percentages
|
|start
|switch|p1a: Butterfree|Butterfree, L90|291\/291
|switch|p2a: Metapod|Metapod, L99|300\/300
|turn|1
|
|move|p1a: Butterfree|Stun Spore|p2a: Metapod
|-status|p2a: Metapod|par
|cant|p2a: Metapod|par
|
|turn|2
|
|move|p1a: Butterfree|Psychic|p2a: Metapod
|-damage|p2a: Metapod|197\/300 par
|-unboost|p2a: Metapod|spd|1
|-unboost|p2a: Metapod|spa|1
|move|p2a: Metapod|Tackle|p1a: Butterfree
|-damage|p1a: Butterfree|271\/291
|
|turn|3
|join|Ginjiro
|
|move|p1a: Butterfree|Psychic|p2a: Metapod
|-damage|p2a: Metapod|42\/300 par
|move|p2a: Metapod|String Shot|p1a: Butterfree
|-unboost|p1a: Butterfree|spe|1
|
|turn|4
|
|switch|p1a: Kadabra|Kadabra, L85|242\/242
|move|p2a: Metapod|String Shot|p1a: Kadabra
|-unboost|p1a: Kadabra|spe|1
|
|turn|5
|
|move|p1a: Kadabra|Psychic|p2a: Metapod
|-damage|p2a: Metapod|0 fnt
|faint|p2a: Metapod
|leave|Ginjiro
|
|switch|p2a: Mew|Mew, L74|300\/300
|turn|6
|
|move|p2a: Mew|Thunder Wave|p1a: Kadabra
|-status|p1a: Kadabra|par
|move|p1a: Kadabra|Thunder Wave|p2a: Mew
|-status|p2a: Mew|par
|
|turn|7
|
|switch|p1a: Marowak|Marowak, L90|291\/291
|move|p2a: Mew|Hyper Beam|p1a: Marowak
|-damage|p1a: Marowak|226\/291
|
|turn|8
|-mustrecharge|p2a: Mew
|-mustrecharge|p2a: Mew
|
|move|p1a: Marowak|Blizzard|p2a: Mew
|-damage|p2a: Mew|230\/300 par
|cant|p2a: Mew|recharge
|
|turn|9
|
|move|p1a: Marowak|Earthquake|p2a: Mew
|-crit|p2a: Mew
|-damage|p2a: Mew|7\/300 par
|move|p2a: Mew|Psychic|p1a: Marowak
|-damage|p1a: Marowak|128\/291
|
|turn|10
|
|move|p1a: Marowak|Body Slam|p2a: Mew
|-damage|p2a: Mew|0 fnt
|faint|p2a: Mew
|
|switch|p2a: Jolteon|Jolteon, L79|265\/265
|turn|11
|
|switch|p2a: Articuno|Articuno, L79|304\/304
|move|p1a: Marowak|Earthquake|p2a: Articuno
|-immune|p2a: Articuno|[msg]
|
|turn|12
|
|switch|p1a: Electrode|Electrode, L90|291\/291
|move|p2a: Articuno|Blizzard|p1a: Electrode
|-damage|p1a: Electrode|168\/291
|
|turn|13
|
|switch|p2a: Rhydon|Rhydon, L79|328\/328
|move|p1a: Electrode|Thunder|p2a: Rhydon
|-immune|p2a: Rhydon|[msg]
|
|turn|14
|
|switch|p1a: Butterfree|Butterfree, L90|271\/291
|move|p2a: Rhydon|Earthquake|p1a: Butterfree
|-immune|p1a: Butterfree|[msg]
|
|turn|15
|
|move|p1a: Butterfree|Sleep Powder|p2a: Rhydon
|-status|p2a: Rhydon|slp
|cant|p2a: Rhydon|slp
|
|turn|16
|
|move|p1a: Butterfree|Mega Drain|p2a: Rhydon
|-supereffective|p2a: Rhydon
|-damage|p2a: Rhydon|132\/328 slp
|-heal|p1a: Butterfree|291\/291|[from] drain|[of] p2a: Rhydon
|cant|p2a: Rhydon|slp
|
|turn|17
|
|switch|p2a: Jolteon|Jolteon, L79|265\/265
|move|p1a: Butterfree|Psychic|p2a: Jolteon
|-crit|p2a: Jolteon
|-damage|p2a: Jolteon|147\/265
|-unboost|p2a: Jolteon|spd|1
|-unboost|p2a: Jolteon|spa|1
|
|turn|18
|
|switch|p1a: Onix|Onix, L90|246\/246
|move|p2a: Jolteon|Thunderbolt|p1a: Onix
|-immune|p1a: Onix|[msg]
|
|turn|19
|
|switch|p2a: Articuno|Articuno, L79|304\/304
|move|p1a: Onix|Rock Slide|p2a: Articuno
|-supereffective|p2a: Articuno
|-damage|p2a: Articuno|65\/304
|
|turn|20
|
|move|p1a: Onix|Rock Slide|p2a: Articuno
|-supereffective|p2a: Articuno
|-damage|p2a: Articuno|0 fnt
|faint|p2a: Articuno
|
|switch|p2a: Jynx|Jynx, L79|265\/265
|turn|21
|
|move|p2a: Jynx|Blizzard|p1a: Onix
|-supereffective|p1a: Onix
|-damage|p1a: Onix|0 fnt
|faint|p1a: Onix
|
|switch|p1a: Kadabra|Kadabra, L85|242\/242 par
|turn|22
|
|move|p2a: Jynx|Lovely Kiss|p1a: Kadabra
|-fail|p1a: Kadabra
|cant|p1a: Kadabra|par
|
|turn|23
|
|move|p2a: Jynx|Blizzard|p1a: Kadabra
|-crit|p1a: Kadabra
|-damage|p1a: Kadabra|62\/242 par
|move|p1a: Kadabra|Thunder Wave|p2a: Jynx
|-status|p2a: Jynx|par
|
|turn|24
|
|move|p1a: Kadabra|Reflect|p1a: Kadabra
|-start|p1a: Kadabra|Reflect
|cant|p2a: Jynx|par
|
|turn|25
|
|move|p1a: Kadabra|Recover|p1a: Kadabra
|-heal|p1a: Kadabra|183\/242 par
|cant|p2a: Jynx|par
|
|turn|26
|
|switch|p1a: Butterfree|Butterfree, L90|291\/291
|move|p2a: Jynx|Blizzard|p1a: Butterfree
|-crit|p1a: Butterfree
|-supereffective|p1a: Butterfree
|-damage|p1a: Butterfree|0 fnt
|faint|p1a: Butterfree
|
|switch|p1a: Electrode|Electrode, L90|168\/291
|turn|27
|
|move|p1a: Electrode|Thunder|p2a: Jynx|[miss]
|-miss|p1a: Electrode
|move|p2a: Jynx|Lovely Kiss|p1a: Electrode
|-status|p1a: Electrode|slp
|
|turn|28
|
|switch|p1a: Kadabra|Kadabra, L85|183\/242 par
|move|p2a: Jynx|Psychic|p1a: Kadabra
|-resisted|p1a: Kadabra
|-damage|p1a: Kadabra|149\/242 par
|-unboost|p1a: Kadabra|spd|1
|-unboost|p1a: Kadabra|spa|1
|
|turn|29
|
|move|p2a: Jynx|Blizzard|p1a: Kadabra
|-damage|p1a: Kadabra|13\/242 par
|move|p1a: Kadabra|Psychic|p2a: Jynx
|-resisted|p2a: Jynx
|-damage|p2a: Jynx|228\/265 par
|-unboost|p2a: Jynx|spd|1
|-unboost|p2a: Jynx|spa|1
|
|turn|30
|
|switch|p1a: Nidorino|Nidorino, L90|293\/293
|move|p2a: Jynx|Psychic|p1a: Nidorino
|-crit|p1a: Nidorino
|-supereffective|p1a: Nidorino
|-damage|p1a: Nidorino|0 fnt
|faint|p1a: Nidorino
|-message|Clarinetno1 forfeited.
|
|win|Zaki Uddin
|raw|Ladder updating...
|leave|Clarinetno1
|player|p1
|raw|Ladder (probably) updated, but score could not be retrieved (Response not received).
|raw|Ladder (probably) updated, but score could not be retrieved (socket hang up).