|join|Squadra di golbat
|join|properhorrorshow
|player|p1|Squadra di golbat|115
|player|p2|properhorrorshow|130
|gametype|singles
|gen|1
|tier|[Gen 1] Random Battle
|rated
|rule|Sleep Clause Mod: Limit one foe put to sleep
|rule|Freeze Clause Mod: Limit one foe frozen
|rule|HP Percentage Mod: HP is shown in percentages
|
|start
|switch|p1a: Golbat|Golbat, L90|318\/318
|switch|p2a: Moltres|Moltres, L85|327\/327
|turn|1
|
|switch|p1a: Kakuna|Kakuna, L99|290\/290
|move|p2a: Moltres|Fire Blast|p1a: Kakuna|[miss]
|-miss|p2a: Moltres
|
|turn|2
|
|move|p2a: Moltres|Fire Blast|p1a: Kakuna
|-supereffective|p1a: Kakuna
|-damage|p1a: Kakuna|0 fnt
|faint|p1a: Kakuna
|
|switch|p1a: Mew|Mew, L74|300\/300
|turn|3
|
|move|p2a: Moltres|Fire Blast|p1a: Mew
|-damage|p1a: Mew|131\/300
|-status|p1a: Mew|brn
|move|p1a: Mew|Thunderbolt|p2a: Moltres
|-supereffective|p2a: Moltres
|-damage|p2a: Moltres|240\/327
|-damage|p1a: Mew|113\/300 brn|[from] brn|[of] p2a: Moltres
|
|turn|4
|
|move|p2a: Moltres|Fire Blast|p1a: Mew
|-damage|p1a: Mew|0 fnt
|faint|p1a: Mew
|
|switch|p1a: Porygon|Porygon, L85|284\/284
|turn|5
|
|move|p2a: Moltres|Fire Blast|p1a: Porygon
|-damage|p1a: Porygon|99\/284
|move|p1a: Porygon|Thunder Wave|p2a: Moltres
|-status|p2a: Moltres|par
|
|turn|6
|
|move|p1a: Porygon|Recover|p1a: Porygon
|-heal|p1a: Porygon|241\/284
|move|p2a: Moltres|Hyper Beam|p1a: Porygon|[miss]
|-miss|p2a: Moltres
|
|turn|7
|
|move|p1a: Porygon|Sharpen|p1a: Porygon
|-boost|p1a: Porygon|atk|1
|move|p2a: Moltres|Fire Blast|p1a: Porygon|[miss]
|-miss|p2a: Moltres
|
|turn|8
|
|move|p1a: Porygon|Sharpen|p1a: Porygon
|-boost|p1a: Porygon|atk|1
|cant|p2a: Moltres|par
|
|turn|9
|
|move|p1a: Porygon|Recover|p1a: Porygon
|-heal|p1a: Porygon|284\/284
|move|p2a: Moltres|Fire Blast|p1a: Porygon
|-damage|p1a: Porygon|109\/284
|
|turn|10
|
|move|p1a: Porygon|Recover|p1a: Porygon
|-heal|p1a: Porygon|251\/284
|move|p2a: Moltres|Fire Blast|p1a: Porygon
|-damage|p1a: Porygon|92\/284
|-status|p1a: Porygon|brn
|
|turn|11
|
|move|p1a: Porygon|Recover|p1a: Porygon
|-heal|p1a: Porygon|234\/284 brn
|-damage|p1a: Porygon|217\/284 brn|[from] brn
|move|p2a: Moltres|Reflect|p2a: Moltres
|-start|p2a: Moltres|Reflect
|
|turn|12
|
|move|p1a: Porygon|Recover|p1a: Porygon
|-heal|p1a: Porygon|284\/284 brn
|-damage|p1a: Porygon|267\/284 brn|[from] brn
|move|p2a: Moltres|Substitute|p2a: Moltres
|-start|p2a: Moltres|Substitute
|-damage|p2a: Moltres|159\/327 par
|
|turn|13
|
|move|p1a: Porygon|Sharpen|p1a: Porygon
|-boost|p1a: Porygon|atk|1
|-damage|p1a: Porygon|250\/284 brn|[from] brn
|cant|p2a: Moltres|par
|
|turn|14
|
|move|p1a: Porygon|Sharpen|p1a: Porygon
|-boost|p1a: Porygon|atk|1
|-damage|p1a: Porygon|233\/284 brn|[from] brn
|move|p2a: Moltres|Hyper Beam|p1a: Porygon
|-damage|p1a: Porygon|108\/284 brn
|
|turn|15
|-mustrecharge|p2a: Moltres
|-mustrecharge|p2a: Moltres
|
|move|p1a: Porygon|Recover|p1a: Porygon
|-heal|p1a: Porygon|250\/284 brn
|-damage|p1a: Porygon|233\/284 brn|[from] brn
|cant|p2a: Moltres|recharge
|
|turn|16
|
|move|p1a: Porygon|Recover|p1a: Porygon
|-heal|p1a: Porygon|284\/284 brn
|-damage|p1a: Porygon|267\/284 brn|[from] brn
|move|p2a: Moltres|Hyper Beam|p1a: Porygon
|-damage|p1a: Porygon|144\/284 brn
|
|turn|17
|-mustrecharge|p2a: Moltres
|-mustrecharge|p2a: Moltres
|
|move|p1a: Porygon|Recover|p1a: Porygon
|-heal|p1a: Porygon|284\/284 brn
|-damage|p1a: Porygon|267\/284 brn|[from] brn
|cant|p2a: Moltres|recharge
|
|turn|18
|
|move|p1a: Porygon|Sharpen|p1a: Porygon
|-boost|p1a: Porygon|atk|1
|-damage|p1a: Porygon|250\/284 brn|[from] brn
|move|p2a: Moltres|Hyper Beam|p1a: Porygon|[miss]
|-miss|p2a: Moltres
|
|turn|19
|
|move|p1a: Porygon|Sharpen|p1a: Porygon
|-boost|p1a: Porygon|atk|1
|-damage|p1a: Porygon|233\/284 brn|[from] brn
|move|p2a: Moltres|Hyper Beam|p1a: Porygon
|-damage|p1a: Porygon|107\/284 brn
|
|turn|20
|-mustrecharge|p2a: Moltres
|-mustrecharge|p2a: Moltres
|
|move|p1a: Porygon|Recover|p1a: Porygon
|-heal|p1a: Porygon|249\/284 brn
|-damage|p1a: Porygon|232\/284 brn|[from] brn
|cant|p2a: Moltres|recharge
|
|turn|21
|
|move|p1a: Porygon|Agility|p1a: Porygon
|-boost|p1a: Porygon|spe|2
|-damage|p1a: Porygon|215\/284 brn|[from] brn
|cant|p2a: Moltres|par
|
|turn|22
|
|move|p1a: Porygon|Recover|p1a: Porygon
|-heal|p1a: Porygon|284\/284 brn
|-damage|p1a: Porygon|267\/284 brn|[from] brn
|move|p2a: Moltres|Hyper Beam|p1a: Porygon|[miss]
|-miss|p2a: Moltres
|
|turn|23
|
|move|p1a: Porygon|Agility|p1a: Porygon
|-boost|p1a: Porygon|spe|2
|-damage|p1a: Porygon|250\/284 brn|[from] brn
|move|p2a: Moltres|Hyper Beam|p1a: Porygon
|-crit|p1a: Porygon
|-damage|p1a: Porygon|15\/284 brn
|
|turn|24
|-mustrecharge|p2a: Moltres
|-mustrecharge|p2a: Moltres
|
|move|p1a: Porygon|Recover|p1a: Porygon
|-heal|p1a: Porygon|157\/284 brn
|-damage|p1a: Porygon|140\/284 brn|[from] brn
|cant|p2a: Moltres|recharge
|
|turn|25
|
|move|p1a: Porygon|Recover|p1a: Porygon
|-heal|p1a: Porygon|282\/284 brn
|-damage|p1a: Porygon|265\/284 brn|[from] brn
|move|p2a: Moltres|Hyper Beam|p1a: Porygon
|-damage|p1a: Porygon|131\/284 brn
|
|turn|26
|-mustrecharge|p2a: Moltres
|-mustrecharge|p2a: Moltres
|
|move|p1a: Porygon|Recover|p1a: Porygon
|-heal|p1a: Porygon|273\/284 brn
|-damage|p1a: Porygon|256\/284 brn|[from] brn
|cant|p2a: Moltres|recharge
|
|turn|27
|
|move|p1a: Porygon|Agility|p1a: Porygon
|-boost|p1a: Porygon|spe|2
|-damage|p1a: Porygon|239\/284 brn|[from] brn
|move|p2a: Moltres|Substitute|p2a: Moltres
|-fail|p2a: Moltres|move: Substitute
|
|turn|28
|
|move|p1a: Porygon|Sharpen|p1a: Porygon
|-boost|p1a: Porygon|atk|1
|-damage|p1a: Porygon|222\/284 brn|[from] brn
|move|p2a: Moltres|Substitute|p2a: Moltres
|-fail|p2a: Moltres|move: Substitute
|
|turn|29
|
|move|p1a: Porygon|Agility|p1a: Porygon
|-boost|p1a: Porygon|spe|2
|-damage|p1a: Porygon|205\/284 brn|[from] brn
|move|p2a: Moltres|Substitute|p2a: Moltres
|-fail|p2a: Moltres|move: Substitute
|
|turn|30
|
|move|p1a: Porygon|Recover|p1a: Porygon
|-heal|p1a: Porygon|284\/284 brn
|-damage|p1a: Porygon|267\/284 brn|[from] brn
|move|p2a: Moltres|Substitute|p2a: Moltres
|-fail|p2a: Moltres|move: Substitute
|
|turn|31
|
|move|p1a: Porygon|Thunder Wave|p2a: Moltres
|-fail|p2a: Moltres|par
|-damage|p1a: Porygon|250\/284 brn|[from] brn|[of] p2a: Moltres
|move|p2a: Moltres|Substitute|p2a: Moltres
|-fail|p2a: Moltres|move: Substitute
|
|turn|32
|
|move|p1a: Porygon|Agility|p1a: Porygon
|-boost|p1a: Porygon|spe|2
|-damage|p1a: Porygon|233\/284 brn|[from] brn
|move|p2a: Moltres|Substitute|p2a: Moltres
|-fail|p2a: Moltres|move: Substitute
|
|turn|33
|
|move|p1a: Porygon|Sharpen|p1a: Porygon
|-boost|p1a: Porygon|atk|1
|-damage|p1a: Porygon|216\/284 brn|[from] brn
|cant|p2a: Moltres|par
|
|turn|34
|
|move|p1a: Porygon|Agility|p1a: Porygon
|-boost|p1a: Porygon|spe|2
|-damage|p1a: Porygon|199\/284 brn|[from] brn
|move|p2a: Moltres|Substitute|p2a: Moltres
|-fail|p2a: Moltres|move: Substitute
|
|turn|35
|
|move|p1a: Porygon|Recover|p1a: Porygon
|-heal|p1a: Porygon|284\/284 brn
|-damage|p1a: Porygon|267\/284 brn|[from] brn
|move|p2a: Moltres|Substitute|p2a: Moltres
|-fail|p2a: Moltres|move: Substitute
|
|turn|36
|
|move|p1a: Porygon|Agility|p1a: Porygon
|-boost|p1a: Porygon|spe|2
|-damage|p1a: Porygon|250\/284 brn|[from] brn
|move|p2a: Moltres|Substitute|p2a: Moltres
|-fail|p2a: Moltres|move: Substitute
|
|turn|37
|
|move|p1a: Porygon|Agility|p1a: Porygon
|-boost|p1a: Porygon|spe|2
|-damage|p1a: Porygon|233\/284 brn|[from] brn
|move|p2a: Moltres|Substitute|p2a: Moltres
|-fail|p2a: Moltres|move: Substitute
|
|turn|38
|
|move|p1a: Porygon|Sharpen|p1a: Porygon
|-boost|p1a: Porygon|atk|1
|-damage|p1a: Porygon|216\/284 brn|[from] brn
|move|p2a: Moltres|Substitute|p2a: Moltres
|-fail|p2a: Moltres|move: Substitute
|
|turn|39
|
|move|p1a: Porygon|Recover|p1a: Porygon
|-heal|p1a: Porygon|284\/284 brn
|-damage|p1a: Porygon|267\/284 brn|[from] brn
|move|p2a: Moltres|Substitute|p2a: Moltres
|-fail|p2a: Moltres|move: Substitute
|
|turn|40
|
|move|p1a: Porygon|Agility|p1a: Porygon
|-boost|p1a: Porygon|spe|2
|-damage|p1a: Porygon|250\/284 brn|[from] brn
|cant|p2a: Moltres|par
|
|turn|41
|
|move|p1a: Porygon|Sharpen|p1a: Porygon
|-boost|p1a: Porygon|atk|1
|-damage|p1a: Porygon|233\/284 brn|[from] brn
|cant|p2a: Moltres|par
|
|turn|42
|
|move|p1a: Porygon|Agility|p1a: Porygon
|-boost|p1a: Porygon|spe|2
|-damage|p1a: Porygon|216\/284 brn|[from] brn
|move|p2a: Moltres|Substitute|p2a: Moltres
|-fail|p2a: Moltres|move: Substitute
|
|turn|43
|
|move|p1a: Porygon|Sharpen|p1a: Porygon
|-boost|p1a: Porygon|atk|1
|-damage|p1a: Porygon|199\/284 brn|[from] brn
|move|p2a: Moltres|Substitute|p2a: Moltres
|-fail|p2a: Moltres|move: Substitute
|
|turn|44
|
|move|p1a: Porygon|Agility|p1a: Porygon
|-boost|p1a: Porygon|spe|2
|-damage|p1a: Porygon|182\/284 brn|[from] brn
|move|p2a: Moltres|Substitute|p2a: Moltres
|-fail|p2a: Moltres|move: Substitute
|
|turn|45
|
|move|p1a: Porygon|Recover|p1a: Porygon
|-heal|p1a: Porygon|284\/284 brn
|-damage|p1a: Porygon|267\/284 brn|[from] brn
|move|p2a: Moltres|Reflect|p2a: Moltres
|-fail|p2a: Moltres
|
|turn|46
|
|move|p1a: Porygon|Sharpen|p1a: Porygon
|-boost|p1a: Porygon|atk|1
|-damage|p1a: Porygon|250\/284 brn|[from] brn
|move|p2a: Moltres|Reflect|p2a: Moltres
|-fail|p2a: Moltres
|
|turn|47
|
|move|p1a: Porygon|Agility|p1a: Porygon
|-boost|p1a: Porygon|spe|2
|-damage|p1a: Porygon|233\/284 brn|[from] brn
|move|p2a: Moltres|Reflect|p2a: Moltres
|-fail|p2a: Moltres
|
|turn|48
|
|move|p1a: Porygon|Sharpen|p1a: Porygon
|-boost|p1a: Porygon|atk|1
|-damage|p1a: Porygon|216\/284 brn|[from] brn
|cant|p2a: Moltres|par
|
|turn|49
|
|move|p1a: Porygon|Agility|p1a: Porygon
|-boost|p1a: Porygon|spe|2
|-damage|p1a: Porygon|199\/284 brn|[from] brn
|move|p2a: Moltres|Reflect|p2a: Moltres
|-fail|p2a: Moltres
|
|turn|50
|
|move|p1a: Porygon|Sharpen|p1a: Porygon
|-boost|p1a: Porygon|atk|1
|-damage|p1a: Porygon|182\/284 brn|[from] brn
|cant|p2a: Moltres|par
|
|turn|51
|
|move|p1a: Porygon|Recover|p1a: Porygon
|-heal|p1a: Porygon|284\/284 brn
|-damage|p1a: Porygon|267\/284 brn|[from] brn
|move|p2a: Moltres|Reflect|p2a: Moltres
|-fail|p2a: Moltres
|
|turn|52
|
|move|p1a: Porygon|Sharpen|p1a: Porygon
|-boost|p1a: Porygon|atk|1
|-damage|p1a: Porygon|250\/284 brn|[from] brn
|move|p2a: Moltres|Reflect|p2a: Moltres
|-fail|p2a: Moltres
|
|turn|53
|
|move|p1a: Porygon|Agility|p1a: Porygon
|-boost|p1a: Porygon|spe|2
|-damage|p1a: Porygon|233\/284 brn|[from] brn
|move|p2a: Moltres|Reflect|p2a: Moltres
|-fail|p2a: Moltres
|
|turn|54
|
|move|p1a: Porygon|Agility|p1a: Porygon
|-boost|p1a: Porygon|spe|2
|-damage|p1a: Porygon|216\/284 brn|[from] brn
|move|p2a: Moltres|Reflect|p2a: Moltres
|-fail|p2a: Moltres
|
|turn|55
|
|move|p1a: Porygon|Sharpen|p1a: Porygon
|-boost|p1a: Porygon|atk|1
|-damage|p1a: Porygon|199\/284 brn|[from] brn
|cant|p2a: Moltres|par
|
|turn|56
|
|move|p1a: Porygon|Agility|p1a: Porygon
|-boost|p1a: Porygon|spe|2
|-damage|p1a: Porygon|182\/284 brn|[from] brn
|cant|p2a: Moltres|par
|
|turn|57
|
|move|p1a: Porygon|Recover|p1a: Porygon
|-heal|p1a: Porygon|284\/284 brn
|-damage|p1a: Porygon|267\/284 brn|[from] brn
|move|p2a: Moltres|Reflect|p2a: Moltres
|-fail|p2a: Moltres
|
|turn|58
|
|move|p1a: Porygon|Sharpen|p1a: Porygon
|-boost|p1a: Porygon|atk|1
|-damage|p1a: Porygon|250\/284 brn|[from] brn
|cant|p2a: Moltres|par
|
|turn|59
|
|move|p1a: Porygon|Agility|p1a: Porygon
|-boost|p1a: Porygon|spe|2
|-damage|p1a: Porygon|233\/284 brn|[from] brn
|move|p2a: Moltres|Reflect|p2a: Moltres
|-fail|p2a: Moltres
|
|turn|60
|
|move|p1a: Porygon|Sharpen|p1a: Porygon
|-boost|p1a: Porygon|atk|1
|-damage|p1a: Porygon|216\/284 brn|[from] brn
|move|p2a: Moltres|Reflect|p2a: Moltres
|-fail|p2a: Moltres
|
|turn|61
|
|move|p1a: Porygon|Agility|p1a: Porygon
|-boost|p1a: Porygon|spe|2
|-damage|p1a: Porygon|199\/284 brn|[from] brn
|move|p2a: Moltres|Reflect|p2a: Moltres
|-fail|p2a: Moltres
|
|turn|62
|
|move|p1a: Porygon|Recover|p1a: Porygon
|-heal|p1a: Porygon|284\/284 brn
|-damage|p1a: Porygon|267\/284 brn|[from] brn
|move|p2a: Moltres|Reflect|p2a: Moltres
|-fail|p2a: Moltres
|
|turn|63
|
|move|p1a: Porygon|Sharpen|p1a: Porygon
|-boost|p1a: Porygon|atk|1
|-damage|p1a: Porygon|250\/284 brn|[from] brn
|move|p2a: Moltres|Reflect|p2a: Moltres
|-fail|p2a: Moltres
|
|turn|64
|
|move|p1a: Porygon|Agility|p1a: Porygon
|-boost|p1a: Porygon|spe|2
|-damage|p1a: Porygon|233\/284 brn|[from] brn
|move|p2a: Moltres|Reflect|p2a: Moltres
|-fail|p2a: Moltres
|
|turn|65
|
|move|p1a: Porygon|Sharpen|p1a: Porygon
|-boost|p1a: Porygon|atk|1
|-damage|p1a: Porygon|216\/284 brn|[from] brn
|move|p2a: Moltres|Reflect|p2a: Moltres
|-fail|p2a: Moltres
|
|turn|66
|
|move|p1a: Porygon|Agility|p1a: Porygon
|-boost|p1a: Porygon|spe|2
|-damage|p1a: Porygon|199\/284 brn|[from] brn
|move|p2a: Moltres|Reflect|p2a: Moltres
|-fail|p2a: Moltres
|
|turn|67
|
|move|p1a: Porygon|Recover|p1a: Porygon
|-heal|p1a: Porygon|284\/284 brn
|-damage|p1a: Porygon|267\/284 brn|[from] brn
|cant|p2a: Moltres|par
|
|turn|68
|
|move|p1a: Porygon|Sharpen|p1a: Porygon
|-boost|p1a: Porygon|atk|1
|-damage|p1a: Porygon|250\/284 brn|[from] brn
|move|p2a: Moltres|Reflect|p2a: Moltres
|-fail|p2a: Moltres
|
|turn|69
|
|move|p1a: Porygon|Agility|p1a: Porygon
|-boost|p1a: Porygon|spe|2
|-damage|p1a: Porygon|233\/284 brn|[from] brn
|move|p2a: Moltres|Reflect|p2a: Moltres
|-fail|p2a: Moltres
|
|turn|70
|
|move|p1a: Porygon|Sharpen|p1a: Porygon
|-boost|p1a: Porygon|atk|1
|-damage|p1a: Porygon|216\/284 brn|[from] brn
|cant|p2a: Moltres|par
|
|turn|71
|
|move|p1a: Porygon|Agility|p1a: Porygon
|-boost|p1a: Porygon|spe|2
|-damage|p1a: Porygon|199\/284 brn|[from] brn
|move|p2a: Moltres|Reflect|p2a: Moltres
|-fail|p2a: Moltres
|
|turn|72
|c|★Squadra di golbat|Figlio di puttana
|
|move|p1a: Porygon|Recover|p1a: Porygon
|-heal|p1a: Porygon|284\/284 brn
|-damage|p1a: Porygon|267\/284 brn|[from] brn
|move|p2a: Moltres|Reflect|p2a: Moltres
|-fail|p2a: Moltres
|
|turn|73
|c|★Squadra di golbat|Piscio su tua madre morta
|
|move|p1a: Porygon|Sharpen|p1a: Porygon
|-boost|p1a: Porygon|atk|1
|-damage|p1a: Porygon|250\/284 brn|[from] brn
|move|p2a: Moltres|Reflect|p2a: Moltres
|-fail|p2a: Moltres
|
|turn|74
|
|move|p1a: Porygon|Agility|p1a: Porygon
|-boost|p1a: Porygon|spe|2
|-damage|p1a: Porygon|233\/284 brn|[from] brn
|move|p2a: Moltres|Reflect|p2a: Moltres
|-fail|p2a: Moltres
|
|turn|75
|
|move|p1a: Porygon|Sharpen|p1a: Porygon
|-boost|p1a: Porygon|atk|1
|-damage|p1a: Porygon|216\/284 brn|[from] brn
|move|p2a: Moltres|Reflect|p2a: Moltres
|-fail|p2a: Moltres
|
|turn|76
|
|move|p1a: Porygon|Agility|p1a: Porygon
|-boost|p1a: Porygon|spe|2
|-damage|p1a: Porygon|199\/284 brn|[from] brn
|cant|p2a: Moltres|par
|
|turn|77
|c|★Squadra di golbat|Gay
|
|move|p1a: Porygon|Recover|p1a: Porygon
|-heal|p1a: Porygon|284\/284 brn
|-damage|p1a: Porygon|267\/284 brn|[from] brn
|move|p2a: Moltres|Reflect|p2a: Moltres
|-fail|p2a: Moltres
|
|turn|78
|
|move|p1a: Porygon|Sharpen|p1a: Porygon
|-boost|p1a: Porygon|atk|1
|-damage|p1a: Porygon|250\/284 brn|[from] brn
|move|p2a: Moltres|Reflect|p2a: Moltres
|-fail|p2a: Moltres
|
|turn|79
|c|★Squadra di golbat|Tu ciucci cazzi?
|
|move|p1a: Porygon|Agility|p1a: Porygon
|-boost|p1a: Porygon|spe|2
|-damage|p1a: Porygon|233\/284 brn|[from] brn
|move|p2a: Moltres|Reflect|p2a: Moltres
|-fail|p2a: Moltres
|
|turn|80
|
|move|p1a: Porygon|Sharpen|p1a: Porygon
|-boost|p1a: Porygon|atk|1
|-damage|p1a: Porygon|216\/284 brn|[from] brn
|move|p2a: Moltres|Reflect|p2a: Moltres
|-fail|p2a: Moltres
|
|turn|81
|c|★Squadra di golbat|Babbeo
|
|move|p1a: Porygon|Agility|p1a: Porygon
|-boost|p1a: Porygon|spe|2
|-damage|p1a: Porygon|199\/284 brn|[from] brn
|cant|p2a: Moltres|par
|
|turn|82
|c|★Squadra di golbat|Mi masturbo sulla dentiera di tua nonna
|c|★Squadra di golbat|Marigo 99
|
|move|p1a: Porygon|Recover|p1a: Porygon
|-heal|p1a: Porygon|284\/284 brn
|-damage|p1a: Porygon|267\/284 brn|[from] brn
|cant|p2a: Moltres|par
|
|turn|83
|
|move|p1a: Porygon|Sharpen|p1a: Porygon
|-boost|p1a: Porygon|atk|1
|-damage|p1a: Porygon|250\/284 brn|[from] brn
|move|p2a: Moltres|Reflect|p2a: Moltres
|-fail|p2a: Moltres
|
|turn|84
|
|move|p1a: Porygon|Agility|p1a: Porygon
|-boost|p1a: Porygon|spe|2
|-damage|p1a: Porygon|233\/284 brn|[from] brn
|move|p2a: Moltres|Reflect|p2a: Moltres
|-fail|p2a: Moltres
|
|turn|85
|c|★Squadra di golbat|Do you know what blablabla diocan?
|
|move|p1a: Porygon|Sharpen|p1a: Porygon
|-boost|p1a: Porygon|atk|1
|-damage|p1a: Porygon|216\/284 brn|[from] brn
|move|p2a: Moltres|Reflect|p2a: Moltres
|-fail|p2a: Moltres
|
|turn|86
|
|move|p1a: Porygon|Agility|p1a: Porygon
|-boost|p1a: Porygon|spe|2
|-damage|p1a: Porygon|199\/284 brn|[from] brn
|cant|p2a: Moltres|par
|
|turn|87
|
|move|p1a: Porygon|Sharpen|p1a: Porygon
|-boost|p1a: Porygon|atk|1
|-damage|p1a: Porygon|182\/284 brn|[from] brn
|cant|p2a: Moltres|par
|
|turn|88
|
|move|p1a: Porygon|Agility|p1a: Porygon
|-boost|p1a: Porygon|spe|2
|-damage|p1a: Porygon|165\/284 brn|[from] brn
|move|p2a: Moltres|Struggle|p1a: Porygon
|-crit|p1a: Porygon
|-damage|p1a: Porygon|84\/284 brn
|-damage|p2a: Moltres|119\/327 par|[from] recoil|[of] p1a: Porygon
|
|turn|89
|
|move|p1a: Porygon|Recover|p1a: Porygon
|-heal|p1a: Porygon|226\/284 brn
|-damage|p1a: Porygon|209\/284 brn|[from] brn
|move|p2a: Moltres|Struggle|p1a: Porygon
|-damage|p1a: Porygon|163\/284 brn
|-damage|p2a: Moltres|96\/327 par|[from] recoil|[of] p1a: Porygon
|
|turn|90
|
|move|p1a: Porygon|Recover|p1a: Porygon
|-heal|p1a: Porygon|284\/284 brn
|-damage|p1a: Porygon|267\/284 brn|[from] brn
|move|p2a: Moltres|Struggle|p1a: Porygon
|-damage|p1a: Porygon|225\/284 brn
|-damage|p2a: Moltres|75\/327 par|[from] recoil|[of] p1a: Porygon
|
|turn|91
|
|move|p1a: Porygon|Sharpen|p1a: Porygon
|-boost|p1a: Porygon|atk|1
|-damage|p1a: Porygon|208\/284 brn|[from] brn
|move|p2a: Moltres|Struggle|p1a: Porygon
|-damage|p1a: Porygon|163\/284 brn
|-damage|p2a: Moltres|53\/327 par|[from] recoil|[of] p1a: Porygon
|
|turn|92
|
|move|p1a: Porygon|Recover|p1a: Porygon
|-heal|p1a: Porygon|284\/284 brn
|-damage|p1a: Porygon|267\/284 brn|[from] brn
|move|p2a: Moltres|Struggle|p1a: Porygon
|-crit|p1a: Porygon
|-damage|p1a: Porygon|188\/284 brn
|-damage|p2a: Moltres|14\/327 par|[from] recoil|[of] p1a: Porygon
|
|turn|93
|
|move|p1a: Porygon|Sharpen|p1a: Porygon
|-boost|p1a: Porygon|atk|1
|-damage|p1a: Porygon|171\/284 brn|[from] brn
|move|p2a: Moltres|Struggle|p1a: Porygon
|-damage|p1a: Porygon|130\/284 brn
|-damage|p2a: Moltres|0 fnt|[from] recoil|[of] p1a: Porygon
|faint|p2a: Moltres
|
|switch|p2a: Meowth|Meowth, L96|272\/272
|turn|94
|
|move|p1a: Porygon|Recover|p1a: Porygon
|-heal|p1a: Porygon|272\/284 brn
|-damage|p1a: Porygon|255\/284 brn|[from] brn
|move|p2a: Meowth|Slash|p1a: Porygon
|-crit|p1a: Porygon
|-damage|p1a: Porygon|120\/284 brn
|
|turn|95
|
|move|p1a: Porygon|Thunder Wave|p2a: Meowth
|-status|p2a: Meowth|par
|-damage|p1a: Porygon|103\/284 brn|[from] brn|[of] p2a: Meowth
|move|p2a: Meowth|Slash|p1a: Porygon
|-crit|p1a: Porygon
|-damage|p1a: Porygon|0 fnt
|faint|p1a: Porygon
|
|switch|p1a: Graveler|Graveler, L85|267\/267
|turn|96
|
|move|p1a: Graveler|Earthquake|p2a: Meowth
|-damage|p2a: Meowth|108\/272 par
|move|p2a: Meowth|Bubble Beam|p1a: Graveler
|-supereffective|p1a: Graveler
|-damage|p1a: Graveler|67\/267
|
|turn|97
|
|move|p1a: Graveler|Earthquake|p2a: Meowth
|-damage|p2a: Meowth|0 fnt
|faint|p2a: Meowth
|
|switch|p2a: Haunter|Haunter, L85|250\/250
|turn|98
|
|move|p2a: Haunter|Psychic|p1a: Graveler
|-damage|p1a: Graveler|0 fnt
|faint|p1a: Graveler
|
|switch|p1a: Lickitung|Lickitung, L90|345\/345
|turn|99
|
|move|p2a: Haunter|Hypnosis|p1a: Lickitung
|-status|p1a: Lickitung|slp
|-curestatus|p1a: Lickitung|slp
|
|turn|100
|
|move|p2a: Haunter|Confuse Ray|p1a: Lickitung
|-start|p1a: Lickitung|confusion
|-activate|p1a: Lickitung|confusion
|-damage|p1a: Lickitung|318\/345|[from] confusion
|
|turn|101
|
|move|p2a: Haunter|Hypnosis|p1a: Lickitung
|-status|p1a: Lickitung|slp
|cant|p1a: Lickitung|slp
|
|turn|102
|
|move|p2a: Haunter|Psychic|p1a: Lickitung
|-damage|p1a: Lickitung|226\/345 slp
|-unboost|p1a: Lickitung|spd|1
|-unboost|p1a: Lickitung|spa|1
|cant|p1a: Lickitung|slp
|
|turn|103
|
|move|p2a: Haunter|Psychic|p1a: Lickitung
|-crit|p1a: Lickitung
|-damage|p1a: Lickitung|52\/345 slp
|cant|p1a: Lickitung|slp
|
|turn|104
|
|move|p2a: Haunter|Psychic|p1a: Lickitung
|-damage|p1a: Lickitung|0 fnt
|faint|p1a: Lickitung
|
|switch|p1a: Golbat|Golbat, L90|318\/318
|turn|105
|
|move|p1a: Golbat|Confuse Ray|p2a: Haunter
|-start|p2a: Haunter|confusion
|-activate|p2a: Haunter|confusion
|-damage|p2a: Haunter|218\/250|[from] confusion
|
|turn|106
|
|move|p1a: Golbat|Mega Drain|p2a: Haunter
|-resisted|p2a: Haunter
|-damage|p2a: Haunter|207\/250
|-activate|p2a: Haunter|confusion
|-damage|p2a: Haunter|175\/250|[from] confusion
|
|turn|107
|
|move|p1a: Golbat|Double-Edge|p2a: Haunter
|-immune|p2a: Haunter|[msg]
|-activate|p2a: Haunter|confusion
|move|p2a: Haunter|Hypnosis|p1a: Golbat
|-status|p1a: Golbat|slp
|
|turn|108
|
|cant|p1a: Golbat|slp
|-activate|p2a: Haunter|confusion
|-damage|p2a: Haunter|143\/250|[from] confusion
|
|turn|109
|
|-curestatus|p1a: Golbat|slp
|-end|p2a: Haunter|confusion
|move|p2a: Haunter|Confuse Ray|p1a: Golbat
|-start|p1a: Golbat|confusion
|
|turn|110
|
|-activate|p1a: Golbat|confusion
|-damage|p1a: Golbat|284\/318|[from] confusion
|move|p2a: Haunter|Psychic|p1a: Golbat
|-supereffective|p1a: Golbat
|-damage|p1a: Golbat|124\/318
|
|turn|111
|
|-activate|p1a: Golbat|confusion
|-damage|p1a: Golbat|90\/318|[from] confusion
|move|p2a: Haunter|Thunderbolt|p1a: Golbat
|-supereffective|p1a: Golbat
|-damage|p1a: Golbat|0 fnt
|faint|p1a: Golbat
|
|win|properhorrorshow
|leave|properhorrorshow
|player|p2
|raw|Squadra di golbat's rating: 1244 &rarr; <strong>1217<\/strong><br \/>(-27 for losing)
|raw|properhorrorshow's rating: 1221 &rarr; <strong>1248<\/strong><br \/>(+27 for winning)