|j|aegis novernum
|j|CylonRaider
|player|p1|aegis novernum|10
|player|p2|CylonRaider|170
|gametype|singles
|gen|1
|tier|[Gen 1] Random Battle
|rated
|seed|57545,41888,19607,24550
|rule|Sleep Clause Mod: Limit one foe put to sleep
|rule|Freeze Clause Mod: Limit one foe frozen
|rule|HP Percentage Mod: HP is shown in percentages
|
|start
|switch|p1a: Onix|Onix, L90|246\/246
|switch|p2a: Rattata|Rattata, L96|252\/252
|turn|1
|choice|switch 4|move 3
|
|switch|p1a: Porygon|Porygon, L85|284\/284
|move|p2a: Rattata|Blizzard|p1a: Porygon
|-damage|p1a: Porygon|225\/284
|
|turn|2
|choice|move 2|move 1
|
|move|p2a: Rattata|Super Fang|p1a: Porygon
|-damage|p1a: Porygon|113\/284
|move|p1a: Porygon|Ice Beam|p2a: Rattata
|-damage|p2a: Rattata|152\/252
|-status|p2a: Rattata|frz
|
|turn|3
|choice|move 1|move 2
|
|cant|p2a: Rattata|frz
|move|p1a: Porygon|Recover|p1a: Porygon
|-heal|p1a: Porygon|255\/284
|
|turn|4
|c|★aegis novernum|all right
|c|★aegis novernum|froze teh rattata
|choice|move 2|switch 4
|
|switch|p2a: Scyther|Scyther, L90|309\/309
|move|p1a: Porygon|Ice Beam|p2a: Scyther
|-supereffective|p2a: Scyther
|-damage|p2a: Scyther|166\/309
|
|turn|5
|choice|switch 4|move 1
|
|switch|p1a: Onix|Onix, L90|246\/246
|move|p2a: Scyther|Slash|p1a: Onix
|-crit|p1a: Onix
|-resisted|p1a: Onix
|-damage|p1a: Onix|209\/246
|
|turn|6
|choice|move 1|switch 6
|
|switch|p2a: Weezing|Weezing, L90|300\/300
|move|p1a: Onix|Rock Slide|p2a: Weezing
|-damage|p2a: Weezing|258\/300
|
|turn|7
|choice|move 3|move 4
|
|move|p1a: Onix|Earthquake|p2a: Weezing
|-supereffective|p2a: Weezing
|-damage|p2a: Weezing|128\/300
|move|p2a: Weezing|Sludge|p1a: Onix
|-resisted|p1a: Onix
|-damage|p1a: Onix|197\/246
|
|turn|8
|choice|move 3|move 1
|
|move|p1a: Onix|Earthquake|p2a: Weezing
|-supereffective|p2a: Weezing
|-damage|p2a: Weezing|0 fnt
|faint|p2a: Weezing
|choice||switch 3
|
|switch|p2a: Tauros|Tauros, L79|280\/280
|turn|9
|choice|switch 4|move 2
|
|switch|p1a: Porygon|Porygon, L85|255\/284
|move|p2a: Tauros|Earthquake|p1a: Porygon
|-damage|p1a: Porygon|177\/284
|
|turn|10
|choice|move 1|move 3
|
|move|p2a: Tauros|Body Slam|p1a: Porygon
|-damage|p1a: Porygon|84\/284
|move|p1a: Porygon|Recover|p1a: Porygon
|-heal|p1a: Porygon|226\/284
|
|turn|11
|choice|move 1|move 3
|
|move|p2a: Tauros|Body Slam|p1a: Porygon
|-damage|p1a: Porygon|135\/284
|move|p1a: Porygon|Recover|p1a: Porygon
|-heal|p1a: Porygon|277\/284
|
|turn|12
|choice|move 4|move 1
|
|move|p2a: Tauros|Blizzard|p1a: Porygon
|-damage|p1a: Porygon|206\/284
|move|p1a: Porygon|Agility|p1a: Porygon
|-boost|p1a: Porygon|spe|2
|
|turn|13
|choice|move 2|move 3
|
|move|p1a: Porygon|Ice Beam|p2a: Tauros
|-damage|p2a: Tauros|209\/280
|move|p2a: Tauros|Body Slam|p1a: Porygon
|-crit|p1a: Porygon
|-damage|p1a: Porygon|32\/284
|
|turn|14
|choice|move 1|move 4
|
|move|p1a: Porygon|Recover|p1a: Porygon
|-heal|p1a: Porygon|174\/284
|move|p2a: Tauros|Hyper Beam|p1a: Porygon
|-damage|p1a: Porygon|25\/284
|
|turn|15
|-mustrecharge|p2a: Tauros
|-mustrecharge|p2a: Tauros
|choice|move 1|move 1
|
|move|p1a: Porygon|Recover|p1a: Porygon
|-heal|p1a: Porygon|167\/284
|cant|p2a: Tauros|recharge
|
|turn|16
|choice|move 1|move 3
|
|move|p1a: Porygon|Recover|p1a: Porygon
|-heal|p1a: Porygon|284\/284
|move|p2a: Tauros|Body Slam|p1a: Porygon
|-damage|p1a: Porygon|187\/284
|
|turn|17
|choice|move 2|move 3
|
|move|p1a: Porygon|Ice Beam|p2a: Tauros
|-damage|p2a: Tauros|137\/280
|move|p2a: Tauros|Body Slam|p1a: Porygon
|-damage|p1a: Porygon|87\/284
|
|turn|18
|choice|move 1|move 3
|
|move|p1a: Porygon|Recover|p1a: Porygon
|-heal|p1a: Porygon|229\/284
|move|p2a: Tauros|Body Slam|p1a: Porygon
|-damage|p1a: Porygon|139\/284
|
|turn|19
|choice|move 1|move 3
|
|move|p1a: Porygon|Recover|p1a: Porygon
|-heal|p1a: Porygon|281\/284
|move|p2a: Tauros|Body Slam|p1a: Porygon
|-damage|p1a: Porygon|191\/284
|
|turn|20
|-message|CylonRaider forfeited.
|
|win|aegis novernum
|player|p1
|player|p2
|l|CylonRaider
|raw|aegis novernum's rating: 1265 &rarr; <strong>1277<\/strong><br \/>(+12 for winning)
|raw|CylonRaider's rating: 1071 &rarr; <strong>1061<\/strong><br \/>(-10 for losing)
|c|★aegis novernum|dem rby mechanics