|j|7upguy
|j|i know your spread
|player|p1|7upguy|169
|player|p2|i know your spread|157
|gametype|singles
|gen|1
|tier|[Gen 1] OU
|rated
|seed|17093,45021,4436,39546
|rule|Sleep Clause Mod: Limit one foe put to sleep
|rule|Freeze Clause Mod: Limit one foe frozen
|rule|Species Clause: Limit one of each Pokémon
|rule|OHKO Clause: OHKO moves are banned
|rule|Evasion Moves Clause: Evasion moves are banned
|rule|HP Percentage Mod: HP is shown in percentages
|
|start
|switch|p1a: Exeggutor|Exeggutor|393\/393
|switch|p2a: Alakazam|Alakazam, M|313\/313
|turn|1
|c|★i know your spread|hf
|choice|move 1|move 1
|
|move|p2a: Alakazam|Thunder Wave|p1a: Exeggutor
|-status|p1a: Exeggutor|par
|cant|p1a: Exeggutor|par
|
|turn|2
|choice|move 1|move 3
|
|move|p2a: Alakazam|Seismic Toss|p1a: Exeggutor
|-damage|p1a: Exeggutor|293\/393 par
|move|p1a: Exeggutor|Sleep Powder|p2a: Alakazam
|-status|p2a: Alakazam|slp
|
|turn|3
|choice|move 2|move 2
|
|cant|p2a: Alakazam|slp
|move|p1a: Exeggutor|Leech Seed|p2a: Alakazam|[miss]
|-miss|p1a: Exeggutor
|
|turn|4
|choice|switch 3|move 2
|
|switch|p1a: Jolteon|Jolteon|333\/333
|cant|p2a: Alakazam|slp
|
|turn|5
|choice|move 3|switch 4
|
|switch|p2a: Chansey|Chansey|703\/703
|move|p1a: Jolteon|Pin Missile|p2a: Chansey
|-damage|p2a: Chansey|678\/703
|-damage|p2a: Chansey|653\/703
|-hitcount|p2a: Chansey|2
|
|turn|6
|choice|move 4|move 1
|
|move|p1a: Jolteon|Double Kick|p2a: Chansey
|-supereffective|p2a: Chansey
|-damage|p2a: Chansey|560\/703
|-damage|p2a: Chansey|467\/703
|-hitcount|p2a: Chansey|2
|move|p2a: Chansey|Thunder Wave|p1a: Jolteon
|-status|p1a: Jolteon|par
|
|turn|7
|choice|switch 2|move 3
|
|switch|p1a: Persian|Persian|333\/333
|move|p2a: Chansey|Seismic Toss|p1a: Persian
|-damage|p1a: Persian|233\/333
|
|turn|8
|choice|move 1|move 1
|
|move|p1a: Persian|Slash|p2a: Chansey
|-crit|p2a: Chansey
|-damage|p2a: Chansey|121\/703
|move|p2a: Chansey|Thunder Wave|p1a: Persian
|-status|p1a: Persian|par
|
|turn|9
|choice|move 1|move 4
|
|move|p2a: Chansey|Soft-Boiled|p2a: Chansey
|-heal|p2a: Chansey|472\/703
|move|p1a: Persian|Slash|p2a: Chansey
|-crit|p2a: Chansey
|-damage|p2a: Chansey|120\/703
|
|turn|10
|choice|move 1|move 4
|
|move|p2a: Chansey|Soft-Boiled|p2a: Chansey
|-heal|p2a: Chansey|471\/703
|move|p1a: Persian|Slash|p2a: Chansey
|-crit|p2a: Chansey
|-damage|p2a: Chansey|146\/703
|
|turn|11
|choice|move 1|move 4
|
|move|p2a: Chansey|Soft-Boiled|p2a: Chansey
|-heal|p2a: Chansey|497\/703
|cant|p1a: Persian|par
|
|turn|12
|choice|move 1|switch 5
|
|switch|p2a: Snorlax|Snorlax, M|523\/523
|cant|p1a: Persian|par
|
|turn|13
|choice|move 1|move 1
|
|move|p2a: Snorlax|Body Slam|p1a: Persian
|-damage|p1a: Persian|98\/333 par
|move|p1a: Persian|Slash|p2a: Snorlax
|-crit|p2a: Snorlax
|-damage|p2a: Snorlax|354\/523
|
|turn|14
|choice|switch 4|move 1
|
|switch|p1a: Rhydon|Rhydon|413\/413
|move|p2a: Snorlax|Body Slam|p1a: Rhydon
|-resisted|p1a: Rhydon
|-damage|p1a: Rhydon|364\/413
|
|turn|15
|choice|move 1|switch 3
|
|switch|p2a: Exeggutor|Exeggutor, M|393\/393
|move|p1a: Rhydon|Earthquake|p2a: Exeggutor
|-resisted|p2a: Exeggutor
|-damage|p2a: Exeggutor|321\/393
|
|turn|16
|choice|move 4|move 3
|
|move|p2a: Exeggutor|Psychic|p1a: Rhydon
|-crit|p1a: Rhydon
|-damage|p1a: Rhydon|0 fnt
|faint|p1a: Rhydon
|choice|switch 6|
|
|switch|p1a: Chansey|Chansey|703\/703
|turn|17
|choice|move 1|move 1
|
|move|p2a: Exeggutor|Sleep Powder|p1a: Chansey
|-status|p1a: Chansey|slp
|cant|p1a: Chansey|slp
|
|turn|18
|choice|move 1|move 3
|
|move|p2a: Exeggutor|Psychic|p1a: Chansey
|-damage|p1a: Chansey|582\/703 slp
|cant|p1a: Chansey|slp
|
|turn|19
|choice|move 1|move 3
|
|move|p2a: Exeggutor|Psychic|p1a: Chansey
|-damage|p1a: Chansey|463\/703 slp
|cant|p1a: Chansey|slp
|
|turn|20
|choice|move 1|move 3
|
|move|p2a: Exeggutor|Psychic|p1a: Chansey
|-damage|p1a: Chansey|353\/703 slp
|cant|p1a: Chansey|slp
|
|turn|21
|choice|move 1|move 3
|
|move|p2a: Exeggutor|Psychic|p1a: Chansey
|-damage|p1a: Chansey|232\/703 slp
|-curestatus|p1a: Chansey|slp
|
|turn|22
|choice|move 1|move 1
|
|move|p2a: Exeggutor|Sleep Powder|p1a: Chansey
|-status|p1a: Chansey|slp
|-curestatus|p1a: Chansey|slp
|
|turn|23
|choice|move 1|move 1
|
|move|p2a: Exeggutor|Sleep Powder|p1a: Chansey
|-status|p1a: Chansey|slp
|cant|p1a: Chansey|slp
|
|turn|24
|choice|move 1|move 3
|
|move|p2a: Exeggutor|Psychic|p1a: Chansey
|-damage|p1a: Chansey|117\/703 slp
|-unboost|p1a: Chansey|spd|1
|-unboost|p1a: Chansey|spa|1
|cant|p1a: Chansey|slp
|
|turn|25
|choice|switch 5|move 3
|
|switch|p1a: Starmie|Starmie|323\/323
|move|p2a: Exeggutor|Psychic|p1a: Starmie
|-resisted|p1a: Starmie
|-damage|p1a: Starmie|258\/323
|
|turn|26
|choice|move 2|move 4
|
|move|p1a: Starmie|Blizzard|p2a: Exeggutor
|-supereffective|p2a: Exeggutor
|-damage|p2a: Exeggutor|169\/393
|move|p2a: Exeggutor|Explosion|p1a: Starmie
|-damage|p1a: Starmie|0 fnt
|faint|p1a: Starmie
|faint|p2a: Exeggutor
|choice|switch 5|switch 3
|
|switch|p1a: Chansey|Chansey|117\/703 slp
|switch|p2a: Snorlax|Snorlax, M|354\/523
|turn|27
|choice|move 3|move 1
|
|cant|p1a: Chansey|slp
|move|p2a: Snorlax|Body Slam|p1a: Chansey
|-damage|p1a: Chansey|0 fnt
|faint|p1a: Chansey
|choice|switch 4|
|
|switch|p1a: Persian|Persian|98\/333 par
|turn|28
|choice|move 1|move 1
|
|move|p2a: Snorlax|Body Slam|p1a: Persian
|-damage|p1a: Persian|0 fnt
|faint|p1a: Persian
|choice|switch 2|
|
|switch|p1a: Jolteon|Jolteon|333\/333 par
|turn|29
|choice|move 4|move 3
|
|move|p2a: Snorlax|Earthquake|p1a: Jolteon
|-supereffective|p1a: Jolteon
|-damage|p1a: Jolteon|94\/333 par
|move|p1a: Jolteon|Double Kick|p2a: Snorlax
|-supereffective|p2a: Snorlax
|-damage|p2a: Snorlax|308\/523
|-damage|p2a: Snorlax|262\/523
|-hitcount|p2a: Snorlax|2
|
|turn|30
|choice|move 4|move 1
|
|move|p2a: Snorlax|Body Slam|p1a: Jolteon
|-damage|p1a: Jolteon|0 fnt
|faint|p1a: Jolteon
|choice|switch 3|
|
|switch|p1a: Exeggutor|Exeggutor|293\/393 par
|turn|31
|choice|move 1|move 4
|
|move|p2a: Snorlax|Self-Destruct|p1a: Exeggutor
|-damage|p1a: Exeggutor|0 fnt
|faint|p1a: Exeggutor
|faint|p2a: Snorlax
|
|win|i know your spread
|player|p1
|player|p2
|raw|7upguy's rating: 1163 &rarr; <strong>1138<\/strong><br \/>(-25 for losing)
|raw|i know your spread's rating: 1164 &rarr; <strong>1189<\/strong><br \/>(+25 for winning)
|c|★i know your spread|gg
|l|i know your spread