|join|Jimbob billybart
|join|murachan
|player|p1|Jimbob billybart|72
|player|p2|murachan|1
|gametype|singles
|gen|1
|tier|[Gen 1] Random Battle
|rated
|rule|Sleep Clause Mod: Limit one foe put to sleep
|rule|Freeze Clause Mod: Limit one foe frozen
|rule|HP Percentage Mod: HP is shown in percentages
|
|start
|switch|p1a: Rapidash|Rapidash, L90|300\/300
|switch|p2a: Bulbasaur|Bulbasaur, L96|281\/281
|turn|1
|
|switch|p2a: Seel|Seel, L96|320\/320
|move|p1a: Rapidash|Fire Blast|p2a: Seel
|-resisted|p2a: Seel
|-damage|p2a: Seel|257\/320
|
|turn|2
|
|switch|p1a: Caterpie|Caterpie, L99|290\/290
|move|p2a: Seel|Surf|p1a: Caterpie
|-damage|p1a: Caterpie|118\/290
|
|turn|3
|
|move|p1a: Caterpie|Tackle|p2a: Seel
|-damage|p2a: Seel|235\/320
|move|p2a: Seel|Body Slam|p1a: Caterpie
|-damage|p1a: Caterpie|53\/290
|
|turn|4
|
|move|p1a: Caterpie|Tackle|p2a: Seel
|-damage|p2a: Seel|214\/320
|move|p2a: Seel|Body Slam|p1a: Caterpie
|-damage|p1a: Caterpie|0 fnt
|faint|p1a: Caterpie
|
|switch|p1a: Zapdos|Zapdos, L79|304\/304
|turn|5
|
|switch|p2a: Golem|Golem, L79|288\/288
|move|p1a: Zapdos|Thunderbolt|p2a: Golem
|-immune|p2a: Golem|[msg]
|
|turn|6
|
|switch|p1a: Muk|Muk, L90|372\/372
|move|p2a: Golem|Rock Slide|p1a: Muk
|-damage|p1a: Muk|294\/372
|
|turn|7
|
|move|p1a: Muk|Screech|p2a: Golem
|-unboost|p2a: Golem|def|2
|move|p2a: Golem|Earthquake|p1a: Muk
|-supereffective|p1a: Muk
|-damage|p1a: Muk|67\/372
|
|turn|8
|
|move|p1a: Muk|Sludge|p2a: Golem
|-resisted|p2a: Golem
|-damage|p2a: Golem|257\/288
|-status|p2a: Golem|psn
|move|p2a: Golem|Earthquake|p1a: Muk
|-supereffective|p1a: Muk
|-damage|p1a: Muk|0 fnt
|faint|p1a: Muk
|
|switch|p1a: Arbok|Arbok, L90|291\/291
|turn|9
|
|move|p1a: Arbok|Earthquake|p2a: Golem
|-supereffective|p2a: Golem
|-damage|p2a: Golem|0 fnt
|faint|p2a: Golem
|
|switch|p2a: Hypno|Hypno, L85|318\/318
|turn|10
|
|switch|p1a: Eevee|Eevee, L96|300\/300
|move|p2a: Hypno|Psychic|p1a: Eevee
|-damage|p1a: Eevee|178\/300
|
|turn|11
|
|move|p1a: Eevee|Body Slam|p2a: Hypno
|-damage|p2a: Hypno|228\/318
|move|p2a: Hypno|Psychic|p1a: Eevee
|-damage|p1a: Eevee|60\/300
|
|turn|12
|
|move|p1a: Eevee|Body Slam|p2a: Hypno
|-crit|p2a: Hypno
|-damage|p2a: Hypno|39\/318
|-status|p2a: Hypno|par
|move|p2a: Hypno|Psychic|p1a: Eevee
|-damage|p1a: Eevee|0 fnt
|faint|p1a: Eevee
|
|switch|p1a: Zapdos|Zapdos, L79|304\/304
|turn|13
|
|move|p1a: Zapdos|Thunderbolt|p2a: Hypno
|-damage|p2a: Hypno|0 fnt
|faint|p2a: Hypno
|
|switch|p2a: Bulbasaur|Bulbasaur, L96|281\/281
|turn|14
|
|move|p1a: Zapdos|Drill Peck|p2a: Bulbasaur
|-supereffective|p2a: Bulbasaur
|-damage|p2a: Bulbasaur|117\/281
|move|p2a: Bulbasaur|Toxic|p1a: Zapdos|[miss]
|-miss|p2a: Bulbasaur
|
|turn|15
|
|move|p1a: Zapdos|Drill Peck|p2a: Bulbasaur
|-supereffective|p2a: Bulbasaur
|-damage|p2a: Bulbasaur|0 fnt
|faint|p2a: Bulbasaur
|
|switch|p2a: Charmeleon|Charmeleon, L85|272\/272
|turn|16
|
|move|p1a: Zapdos|Thunder Wave|p2a: Charmeleon
|-status|p2a: Charmeleon|par
|cant|p2a: Charmeleon|par
|
|turn|17
|
|move|p1a: Zapdos|Thunderbolt|p2a: Charmeleon
|-damage|p2a: Charmeleon|144\/272 par
|move|p2a: Charmeleon|Seismic Toss|p1a: Zapdos
|-damage|p1a: Zapdos|219\/304
|
|turn|18
|
|move|p1a: Zapdos|Thunderbolt|p2a: Charmeleon
|-damage|p2a: Charmeleon|17\/272 par
|move|p2a: Charmeleon|Seismic Toss|p1a: Zapdos
|-damage|p1a: Zapdos|134\/304
|
|turn|19
|
|move|p1a: Zapdos|Drill Peck|p2a: Charmeleon
|-damage|p2a: Charmeleon|0 fnt
|faint|p2a: Charmeleon
|
|switch|p2a: Articuno|Articuno, L79|304\/304
|turn|20
|
|move|p1a: Zapdos|Thunderbolt|p2a: Articuno
|-supereffective|p2a: Articuno
|-damage|p2a: Articuno|123\/304
|move|p2a: Articuno|Blizzard|p1a: Zapdos
|-supereffective|p1a: Zapdos
|-damage|p1a: Zapdos|0 fnt
|faint|p1a: Zapdos
|
|switch|p1a: Rapidash|Rapidash, L90|300\/300
|turn|21
|
|switch|p2a: Seel|Seel, L96|214\/320
|move|p1a: Rapidash|Fire Blast|p2a: Seel|[miss]
|-miss|p1a: Rapidash
|
|turn|22
|
|switch|p1a: Arbok|Arbok, L90|291\/291
|move|p2a: Seel|Surf|p1a: Arbok
|-damage|p1a: Arbok|180\/291
|
|turn|23
|
|switch|p2a: Articuno|Articuno, L79|123\/304
|move|p1a: Arbok|Earthquake|p2a: Articuno
|-immune|p2a: Articuno|[msg]
|
|turn|24
|
|move|p1a: Arbok|Rock Slide|p2a: Articuno
|-supereffective|p2a: Articuno
|-damage|p2a: Articuno|0 fnt
|faint|p2a: Articuno
|
|switch|p2a: Seel|Seel, L96|214\/320
|turn|25
|
|move|p1a: Arbok|Earthquake|p2a: Seel
|-damage|p2a: Seel|132\/320
|move|p2a: Seel|Blizzard|p1a: Arbok
|-damage|p1a: Arbok|81\/291
|
|turn|26
|
|move|p1a: Arbok|Earthquake|p2a: Seel
|-damage|p2a: Seel|44\/320
|move|p2a: Seel|Surf|p1a: Arbok
|-damage|p1a: Arbok|0 fnt
|faint|p1a: Arbok
|
|switch|p1a: Rapidash|Rapidash, L90|300\/300
|turn|27
|
|move|p1a: Rapidash|Body Slam|p2a: Seel
|-damage|p2a: Seel|0 fnt
|faint|p2a: Seel
|
|win|Jimbob billybart
|raw|Jimbob billybart's rating: 1219 &rarr; <strong>1239<\/strong><br \/>(+20 for winning)
|raw|murachan's rating: 1141 &rarr; <strong>1122<\/strong><br \/>(-19 for losing)