|j|vsterel
|j|Merlin Engine
|player|p1|vsterel|102
|player|p2|Merlin Engine|165
|gametype|singles
|gen|1
|tier|[Gen 1] Random Battle
|rated
|seed|58003,53196,20477,50657
|rule|Sleep Clause Mod: Limit one foe put to sleep
|rule|Freeze Clause Mod: Limit one foe frozen
|rule|HP Percentage Mod: HP is shown in percentages
|
|start
|switch|p1a: Tentacruel|Tentacruel, L85|310\/310
|switch|p2a: Alakazam|Alakazam, L79|249\/249
|turn|1
|choice|switch 4|move 3
|
|switch|p1a: Magneton|Magneton, L90|273\/273
|move|p2a: Alakazam|Reflect|p2a: Alakazam
|-start|p2a: Alakazam|Reflect
|
|turn|2
|choice|move 4|switch 6
|
|switch|p2a: Mew|Mew, L74|300\/300
|move|p1a: Magneton|Thunder Wave|p2a: Mew
|-status|p2a: Mew|par
|
|turn|3
|choice|move 1|move 4
|
|move|p1a: Magneton|Thunderbolt|p2a: Mew
|-damage|p2a: Mew|171\/300 par
|move|p2a: Mew|Psychic|p1a: Magneton
|-damage|p1a: Magneton|212\/273
|
|turn|4
|choice|move 1|move 4
|
|move|p1a: Magneton|Thunderbolt|p2a: Mew
|-damage|p2a: Mew|38\/300 par
|move|p2a: Mew|Psychic|p1a: Magneton
|-crit|p1a: Magneton
|-damage|p1a: Magneton|94\/273
|-unboost|p1a: Magneton|spd|1
|-unboost|p1a: Magneton|spa|1
|
|turn|5
|choice|move 1|move 4
|
|move|p1a: Magneton|Thunderbolt|p2a: Mew
|-damage|p2a: Mew|0 fnt
|faint|p2a: Mew
|choice||switch 2
|
|switch|p2a: Ponyta|Ponyta, L96|291\/291
|turn|6
|choice|move 4|move 2
|
|move|p2a: Ponyta|Fire Blast|p1a: Magneton|[miss]
|-miss|p2a: Ponyta
|move|p1a: Magneton|Thunder Wave|p2a: Ponyta
|-status|p2a: Ponyta|par
|
|turn|7
|choice|switch 4|move 2
|
|switch|p1a: Tentacruel|Tentacruel, L85|310\/310
|move|p2a: Ponyta|Fire Blast|p1a: Tentacruel
|-resisted|p1a: Tentacruel
|-damage|p1a: Tentacruel|256\/310
|
|turn|8
|choice|move 4|switch 4
|
|switch|p2a: Chansey|Chansey, L79|557\/557
|move|p1a: Tentacruel|Hydro Pump|p2a: Chansey
|-damage|p2a: Chansey|420\/557
|
|turn|9
|choice|switch 4|move 4
|
|switch|p1a: Magneton|Magneton, L90|94\/273
|move|p2a: Chansey|Thunder Wave|p1a: Magneton
|-status|p1a: Magneton|par
|
|turn|10
|choice|move 3|switch 4
|
|switch|p2a: Ponyta|Ponyta, L96|291\/291 par
|move|p1a: Magneton|Hyper Beam|p2a: Ponyta
|-crit|p2a: Ponyta
|-damage|p2a: Ponyta|98\/291 par
|
|turn|11
|-mustrecharge|p1a: Magneton
|-mustrecharge|p1a: Magneton
|choice|move 1|move 2
|
|move|p2a: Ponyta|Fire Blast|p1a: Magneton|[miss]
|-miss|p2a: Ponyta
|cant|p1a: Magneton|recharge
|
|turn|12
|choice|move 1|move 2
|
|cant|p2a: Ponyta|par
|move|p1a: Magneton|Thunderbolt|p2a: Ponyta
|-damage|p2a: Ponyta|0 fnt
|faint|p2a: Ponyta
|c|★Merlin Engine|the lol is strong
|choice||switch 5
|
|switch|p2a: Tauros|Tauros, L79|280\/280
|turn|13
|choice|move 1|move 4
|
|move|p2a: Tauros|Earthquake|p1a: Magneton
|-supereffective|p1a: Magneton
|-damage|p1a: Magneton|0 fnt
|faint|p1a: Magneton
|choice|switch 3|
|
|switch|p1a: Machamp|Machamp, L90|345\/345
|turn|14
|choice|move 2|move 2
|
|move|p2a: Tauros|Body Slam|p1a: Machamp
|-crit|p1a: Machamp
|-damage|p1a: Machamp|179\/345
|move|p1a: Machamp|Submission|p2a: Tauros
|-supereffective|p2a: Tauros
|-damage|p2a: Tauros|54\/280
|-damage|p1a: Machamp|123\/345|[from] recoil|[of] p2a: Tauros
|
|turn|15
|choice|switch 4|move 3
|
|switch|p1a: Tentacruel|Tentacruel, L85|256\/310
|move|p2a: Tauros|Blizzard|p1a: Tentacruel
|-resisted|p1a: Tentacruel
|-damage|p1a: Tentacruel|231\/310
|
|turn|16
|choice|move 2|switch 4
|
|switch|p2a: Chansey|Chansey, L79|420\/557
|move|p1a: Tentacruel|Surf|p2a: Chansey
|-damage|p2a: Chansey|308\/557
|
|turn|17
|choice|move 3|move 4
|
|move|p1a: Tentacruel|Hyper Beam|p2a: Chansey
|-crit|p2a: Chansey
|-damage|p2a: Chansey|0 fnt
|faint|p2a: Chansey
|c|★Merlin Engine|ffs
|choice||switch 3
|
|switch|p2a: Magikarp|Magikarp, L99|240\/240
|turn|18
|choice|move 2|move 2
|
|move|p2a: Magikarp|Dragon Rage|p1a: Tentacruel
|-damage|p1a: Tentacruel|191\/310
|move|p1a: Tentacruel|Surf|p2a: Magikarp
|-resisted|p2a: Magikarp
|-damage|p2a: Magikarp|147\/240
|
|turn|19
|choice|move 2|move 2
|
|move|p2a: Magikarp|Dragon Rage|p1a: Tentacruel
|-damage|p1a: Tentacruel|151\/310
|move|p1a: Tentacruel|Surf|p2a: Magikarp
|-resisted|p2a: Magikarp
|-damage|p2a: Magikarp|45\/240
|
|turn|20
|choice|move 2|move 2
|
|move|p2a: Magikarp|Dragon Rage|p1a: Tentacruel
|-damage|p1a: Tentacruel|111\/310
|move|p1a: Tentacruel|Surf|p2a: Magikarp
|-resisted|p2a: Magikarp
|-damage|p2a: Magikarp|0 fnt
|faint|p2a: Magikarp
|choice||switch 6
|
|switch|p2a: Alakazam|Alakazam, L79|249\/249
|turn|21
|choice|move 3|move 1
|
|move|p2a: Alakazam|Psychic|p1a: Tentacruel
|-supereffective|p1a: Tentacruel
|-damage|p1a: Tentacruel|0 fnt
|faint|p1a: Tentacruel
|choice|switch 2|
|
|switch|p1a: Doduo|Doduo, L96|262\/262
|turn|22
|choice|move 2|move 3
|
|move|p2a: Alakazam|Reflect|p2a: Alakazam
|-start|p2a: Alakazam|Reflect
|move|p1a: Doduo|Body Slam|p2a: Alakazam
|-damage|p2a: Alakazam|165\/249
|
|turn|23
|choice|move 2|move 4
|
|move|p2a: Alakazam|Thunder Wave|p1a: Doduo
|-status|p1a: Doduo|par
|cant|p1a: Doduo|par
|
|turn|24
|choice|move 2|move 1
|
|move|p2a: Alakazam|Psychic|p1a: Doduo
|-damage|p1a: Doduo|106\/262 par
|move|p1a: Doduo|Body Slam|p2a: Alakazam
|-crit|p2a: Alakazam
|-damage|p2a: Alakazam|0 fnt
|faint|p2a: Alakazam
|c|★Merlin Engine|oh...
|choice||switch 4
|
|switch|p2a: Tauros|Tauros, L79|54\/280
|turn|25
|choice|move 1|move 1
|
|move|p2a: Tauros|Hyper Beam|p1a: Doduo
|-damage|p1a: Doduo|0 fnt
|faint|p1a: Doduo
|choice|switch 5|
|
|switch|p1a: Jynx|Jynx, L79|265\/265
|turn|26
|choice|move 2|move 1
|
|move|p2a: Tauros|Hyper Beam|p1a: Jynx
|-damage|p1a: Jynx|30\/265
|move|p1a: Jynx|Psychic|p2a: Tauros
|-damage|p2a: Tauros|0 fnt
|faint|p2a: Tauros
|
|win|vsterel
|raw|vsterel's rating: 1304 &rarr; <strong>1325<\/strong><br \/>(+21 for winning)
|raw|Merlin Engine's rating: 1322 &rarr; <strong>1301<\/strong><br \/>(-21 for losing)
|l|vsterel