|join|MALESANI
|join|Cilan (Dento)!
|player|p1|MALESANI|238
|player|p2|Cilan (Dento)!|180
|gametype|singles
|gen|1
|tier|[Gen 1] Random Battle
|rated
|seed|56790,63276,31215,690
|rule|Sleep Clause Mod: Limit one foe put to sleep
|rule|Freeze Clause Mod: Limit one foe frozen
|rule|HP Percentage Mod: HP is shown in percentages
|
|start
|switch|p1a: Dodrio|Dodrio, L85|276\/276
|switch|p2a: Wigglytuff|Wigglytuff, L90|435\/435
|turn|1
|c|★Cilan (Dento)!|Oh hi
|c|★MALESANI|hi
|c|★MALESANI|good luck
|choice|switch 6|move 3
|
|switch|p1a: Ninetales|Ninetales, L85|298\/298
|move|p2a: Wigglytuff|Bubble Beam|p1a: Ninetales
|-crit|p1a: Ninetales
|-supereffective|p1a: Ninetales
|-damage|p1a: Ninetales|177\/298
|
|turn|2
|c|★Cilan (Dento)!|Ready to be CRUSHED?!
|choice|move 1|move 3
|
|move|p1a: Ninetales|Fire Blast|p2a: Wigglytuff
|-damage|p2a: Wigglytuff|271\/435
|-status|p2a: Wigglytuff|brn
|move|p2a: Wigglytuff|Bubble Beam|p1a: Ninetales
|-supereffective|p1a: Ninetales
|-damage|p1a: Ninetales|106\/298
|-damage|p2a: Wigglytuff|244\/435 brn|[from] brn|[of] p1a: Ninetales
|
|turn|3
|choice|move 1|move 4
|
|move|p1a: Ninetales|Fire Blast|p2a: Wigglytuff|[miss]
|-miss|p1a: Ninetales
|move|p2a: Wigglytuff|Hyper Beam|p1a: Ninetales
|-damage|p1a: Ninetales|27\/298
|-damage|p2a: Wigglytuff|217\/435 brn|[from] brn|[of] p1a: Ninetales
|
|turn|4
|-mustrecharge|p2a: Wigglytuff
|-mustrecharge|p2a: Wigglytuff
|choice|move 1|move 1
|
|move|p1a: Ninetales|Fire Blast|p2a: Wigglytuff
|-damage|p2a: Wigglytuff|38\/435 brn
|cant|p2a: Wigglytuff|recharge
|-damage|p2a: Wigglytuff|11\/435 brn|[from] brn|[of] p1a: Ninetales
|
|turn|5
|choice|move 3|move 1
|
|move|p1a: Ninetales|Double-Edge|p2a: Wigglytuff
|-damage|p2a: Wigglytuff|0 fnt
|-damage|p1a: Ninetales|25\/298|[from] recoil|[of] p2a: Wigglytuff
|faint|p2a: Wigglytuff
|choice||switch 4
|
|switch|p2a: Muk|Muk, L90|372\/372
|turn|6
|choice|switch 3|move 2
|
|switch|p1a: Onix|Onix, L90|246\/246
|move|p2a: Muk|Mega Drain|p1a: Onix
|-supereffective|p1a: Onix
|-damage|p1a: Onix|76\/246
|
|turn|7
|choice|move 4|move 2
|
|move|p1a: Onix|Earthquake|p2a: Muk
|-supereffective|p2a: Muk
|-damage|p2a: Muk|213\/372
|move|p2a: Muk|Mega Drain|p1a: Onix
|-supereffective|p1a: Onix
|-damage|p1a: Onix|0 fnt
|-heal|p2a: Muk|251\/372|[from] drain|[of] p1a: Onix
|faint|p1a: Onix
|choice|switch 5|
|
|switch|p1a: Mr. Mime|Mr. Mime, L85|242\/242
|turn|8
|choice|move 1|move 4
|
|move|p1a: Mr. Mime|Psychic|p2a: Muk
|-supereffective|p2a: Muk
|-damage|p2a: Muk|28\/372
|-unboost|p2a: Muk|spd|1
|-unboost|p2a: Muk|spa|1
|move|p2a: Muk|Screech|p1a: Mr. Mime
|-unboost|p1a: Mr. Mime|def|2
|
|turn|9
|choice|move 3|move 1
|
|move|p1a: Mr. Mime|Seismic Toss|p2a: Muk
|-damage|p2a: Muk|0 fnt
|faint|p2a: Muk
|c|★Cilan (Dento)!|Miss...
|choice||switch 5
|
|switch|p2a: Golem|Golem, L79|288\/288
|turn|10
|choice|move 1|move 4
|
|move|p1a: Mr. Mime|Psychic|p2a: Golem
|-crit|p2a: Golem
|-damage|p2a: Golem|33\/288
|move|p2a: Golem|Earthquake|p1a: Mr. Mime
|-damage|p1a: Mr. Mime|2\/242
|
|turn|11
|choice|move 3|move 2
|
|move|p1a: Mr. Mime|Seismic Toss|p2a: Golem
|-damage|p2a: Golem|0 fnt
|faint|p2a: Golem
|choice||switch 6
|
|switch|p2a: Porygon|Porygon, L85|284\/284
|turn|12
|choice|move 1|move 2
|
|move|p1a: Mr. Mime|Psychic|p2a: Porygon
|-damage|p2a: Porygon|165\/284
|move|p2a: Porygon|Thunderbolt|p1a: Mr. Mime
|-damage|p1a: Mr. Mime|0 fnt
|faint|p1a: Mr. Mime
|choice|switch 4|
|
|switch|p1a: Gengar|Gengar, L79|257\/257
|turn|13
|choice|move 2|move 2
|
|move|p1a: Gengar|Psychic|p2a: Porygon
|-crit|p2a: Porygon
|-damage|p2a: Porygon|22\/284
|-unboost|p2a: Porygon|spd|1
|-unboost|p2a: Porygon|spa|1
|move|p2a: Porygon|Thunderbolt|p1a: Gengar
|-damage|p1a: Gengar|227\/257
|
|turn|14
|choice|move 3|switch 2
|
|switch|p2a: Golduck|Golduck, L85|310\/310
|move|p1a: Gengar|Thunderbolt|p2a: Golduck
|-supereffective|p2a: Golduck
|-damage|p2a: Golduck|168\/310
|
|turn|15
|choice|move 1|move 2
|
|move|p1a: Gengar|Hypnosis|p2a: Golduck
|-status|p2a: Golduck|slp
|cant|p2a: Golduck|slp
|
|turn|16
|-message|Cilan (Dento)! forfeited.
|
|win|MALESANI
|leave|Cilan (Dento)!
|player|p2
|raw|MALESANI's rating: 1069 &rarr; <strong>1097<\/strong><br \/>(+28 for winning)
|raw|Cilan (Dento)!'s rating: 1047 &rarr; <strong>1031<\/strong><br \/>(-16 for losing)
|c|★MALESANI|cojone