|join|andrewandres
|join|Valentin7581
|player|p1|andrewandres|25
|player|p2|Valentin7581|209
|gametype|singles
|gen|1
|tier|[Gen 1] Random Battle
|rated
|rule|Sleep Clause Mod: Limit one foe put to sleep
|rule|Freeze Clause Mod: Limit one foe frozen
|rule|HP Percentage Mod: HP is shown in percentages
|
|start
|switch|p1a: Machoke|Machoke, L86|313\/313
|switch|p2a: Arcanine|Arcanine, L86|330\/330
|turn|1
|c|★Valentin7581|gl hf
|
|move|p2a: Arcanine|Fire Blast|p1a: Machoke
|-damage|p1a: Machoke|156\/313
|move|p1a: Machoke|Rock Slide|p2a: Arcanine
|-supereffective|p2a: Arcanine
|-damage|p2a: Arcanine|214\/330
|
|turn|2
|
|move|p2a: Arcanine|Fire Blast|p1a: Machoke
|-damage|p1a: Machoke|0 fnt
|faint|p1a: Machoke
|
|switch|p1a: Dewgong|Dewgong, L86|330\/330
|turn|3
|
|switch|p2a: Poliwhirl|Poliwhirl, L86|287\/287
|move|p1a: Dewgong|Blizzard|p2a: Poliwhirl
|-crit|p2a: Poliwhirl
|-resisted|p2a: Poliwhirl
|-damage|p2a: Poliwhirl|113\/287
|
|turn|4
|
|switch|p1a: Metapod|Metapod, L99|300\/300
|move|p2a: Poliwhirl|Hypnosis|p1a: Metapod|[miss]
|-miss|p2a: Poliwhirl
|
|turn|5
|
|move|p2a: Poliwhirl|Amnesia|p2a: Poliwhirl
|-boost|p2a: Poliwhirl|spd|2
|-boost|p2a: Poliwhirl|spa|2
|move|p1a: Metapod|String Shot|p2a: Poliwhirl
|-unboost|p2a: Poliwhirl|spe|1
|
|turn|6
|
|move|p2a: Poliwhirl|Surf|p1a: Metapod
|-damage|p1a: Metapod|85\/300
|move|p1a: Metapod|Tackle|p2a: Poliwhirl
|-damage|p2a: Poliwhirl|93\/287
|
|turn|7
|
|move|p2a: Poliwhirl|Amnesia|p2a: Poliwhirl
|-boost|p2a: Poliwhirl|spd|2
|-boost|p2a: Poliwhirl|spa|2
|move|p1a: Metapod|Tackle|p2a: Poliwhirl
|-damage|p2a: Poliwhirl|73\/287
|
|turn|8
|c|★andrewandres|¿?
|c|★Valentin7581|kinda feel sorry for the Metapod
|
|move|p2a: Poliwhirl|Surf|p1a: Metapod
|-damage|p1a: Metapod|0 fnt
|faint|p1a: Metapod
|
|switch|p1a: Kadabra|Kadabra, L86|244\/244
|turn|9
|
|move|p1a: Kadabra|Psychic|p2a: Poliwhirl
|-damage|p2a: Poliwhirl|18\/287
|-unboost|p2a: Poliwhirl|spd|1
|-unboost|p2a: Poliwhirl|spa|1
|move|p2a: Poliwhirl|Surf|p1a: Kadabra
|-damage|p1a: Kadabra|100\/244
|
|turn|10
|c|★andrewandres|lol..
|
|move|p1a: Kadabra|Psychic|p2a: Poliwhirl
|-damage|p2a: Poliwhirl|0 fnt
|faint|p2a: Poliwhirl
|c|★Valentin7581|good thing that i'm not Poliwrath lol
|c|★andrewandres|stupid freak with luck
|c|★andrewandres|thnks for the IP
|c|★andrewandres|:P
|c|★andrewandres|jiji
|
|switch|p2a: Blastoise|Blastoise, L86|311\/311
|turn|11
|c|★Valentin7581|what thanks for the IP?
|c|★andrewandres|bye bye pc
|c|★andrewandres|with the IP
|c|★andrewandres|:P
|
|move|p1a: Kadabra|Thunder Wave|p2a: Blastoise
|-status|p2a: Blastoise|par
|move|p2a: Blastoise|Body Slam|p1a: Kadabra
|-damage|p1a: Kadabra|0 fnt
|faint|p1a: Kadabra
|c|★andrewandres|photos..
|c|★andrewandres|videos..
|c|★andrewandres|and more
|
|switch|p1a: Dewgong|Dewgong, L86|330\/330
|turn|12
|c|★andrewandres|will go to interne
|c|★andrewandres|jijij
|
|move|p1a: Dewgong|Body Slam|p2a: Blastoise
|-damage|p2a: Blastoise|263\/311 par
|move|p2a: Blastoise|Body Slam|p1a: Dewgong
|-damage|p1a: Dewgong|271\/330
|-status|p1a: Dewgong|par
|
|turn|13
|
|move|p2a: Blastoise|Earthquake|p1a: Dewgong
|-damage|p1a: Dewgong|203\/330 par
|cant|p1a: Dewgong|par
|
|turn|14
|
|move|p2a: Blastoise|Earthquake|p1a: Dewgong
|-damage|p1a: Dewgong|129\/330 par
|move|p1a: Dewgong|Body Slam|p2a: Blastoise
|-damage|p2a: Blastoise|221\/311 par
|
|turn|15
|
|move|p2a: Blastoise|Earthquake|p1a: Dewgong
|-damage|p1a: Dewgong|65\/330 par
|move|p1a: Dewgong|Blizzard|p2a: Blastoise
|-resisted|p2a: Blastoise
|-damage|p2a: Blastoise|152\/311 par
|
|turn|16
|
|cant|p2a: Blastoise|par
|cant|p1a: Dewgong|par
|
|turn|17
|
|move|p2a: Blastoise|Earthquake|p1a: Dewgong
|-damage|p1a: Dewgong|0 fnt
|faint|p1a: Dewgong
|
|switch|p1a: Pidgeotto|Pidgeotto, L86|284\/284
|turn|18
|
|move|p1a: Pidgeotto|Sky Attack|p2a: Blastoise|[still]
|-prepare|p1a: Pidgeotto|Sky Attack|p2a: Blastoise
|cant|p2a: Blastoise|par
|
|turn|19
|
|move|p1a: Pidgeotto|Sky Attack|p2a: Blastoise|[miss]
|-miss|p1a: Pidgeotto
|move|p2a: Blastoise|Blizzard|p1a: Pidgeotto|[miss]
|-miss|p2a: Blastoise
|
|turn|20
|
|move|p1a: Pidgeotto|Sky Attack|p2a: Blastoise|[still]
|-prepare|p1a: Pidgeotto|Sky Attack|p2a: Blastoise
|move|p2a: Blastoise|Blizzard|p1a: Pidgeotto
|-supereffective|p1a: Pidgeotto
|-damage|p1a: Pidgeotto|64\/284
|
|turn|21
|c|★andrewandres|god..
|
|move|p1a: Pidgeotto|Sky Attack|p2a: Blastoise
|-damage|p2a: Blastoise|50\/311 par
|move|p2a: Blastoise|Body Slam|p1a: Pidgeotto
|-damage|p1a: Pidgeotto|0 fnt
|faint|p1a: Pidgeotto
|c|★Valentin7581|sorry for the miss
|
|switch|p1a: Tauros|Tauros, L80|284\/284
|turn|22
|c|★andrewandres|nothing
|c|★andrewandres|i hacve your IP
|c|★andrewandres|not problem
|c|★andrewandres|bye bye pc :P
|join|ShadowIronDragon
|join|frogadog
|
|move|p1a: Tauros|Earthquake|p2a: Blastoise
|-damage|p2a: Blastoise|0 fnt
|faint|p2a: Blastoise
|join|ghdls
|leave|frogadog
|c| ShadowIronDragon|?
|c| ShadowIronDragon|How is the battle layout like this
|
|switch|p2a: Arcanine|Arcanine, L86|214\/330
|turn|23
|join|Jackesft
|join|BMcKinney
|leave|BMcKinney
|join|Sinner's Shadow
|leave|ghdls
|
|move|p1a: Tauros|Earthquake|p2a: Arcanine
|-supereffective|p2a: Arcanine
|-damage|p2a: Arcanine|86\/330
|move|p2a: Arcanine|Fire Blast|p1a: Tauros
|-crit|p1a: Tauros
|-damage|p1a: Tauros|0 fnt
|faint|p1a: Tauros
|
|win|Valentin7581
|raw|Ladder updating...
|join|Ranmster-3
|leave|Jackesft
|raw|andrewandres's rating: 1249 &rarr; <strong>1223<\/strong><br \/>(-26 for losing)
|raw|Valentin7581's rating: 1236 &rarr; <strong>1262<\/strong><br \/>(+26 for winning)
|c| Sinner's Shadow|Wow...
|leave|andrewandres
|c| ShadowIronDragon|Wow nice
|player|p1
|c| ShadowIronDragon|Congrats :D
|leave|ShadowIronDragon
|c|★Valentin7581|sorry for the critical hit