|join|Dervodel
|join|rgs843
|player|p1|Dervodel|238
|player|p2|rgs843|127
|gametype|singles
|gen|1
|tier|[Gen 1] Random Battle
|rated
|seed|22856,5008,57456,5505
|rule|Sleep Clause Mod: Limit one foe put to sleep
|rule|Freeze Clause Mod: Limit one foe frozen
|rule|HP Percentage Mod: HP is shown in percentages
|
|start
|switch|p1a: Pidgeotto|Pidgeotto, L90|297\/297
|switch|p2a: Raichu|Raichu, L85|276\/276
|turn|1
|choice|switch 4|move 1
|
|switch|p1a: Magneton|Magneton, L90|273\/273
|move|p2a: Raichu|Surf|p1a: Magneton
|-damage|p1a: Magneton|224\/273
|
|turn|2
|choice|move 2|switch 5
|
|switch|p2a: Golem|Golem, L79|288\/288
|move|p1a: Magneton|Thunder Wave|p2a: Golem
|-immune|p2a: Golem|[msg]
|
|turn|3
|choice|switch 5|move 4
|
|switch|p1a: Slowbro|Slowbro, L79|312\/312
|move|p2a: Golem|Rock Slide|p1a: Slowbro
|-damage|p1a: Slowbro|241\/312
|
|turn|4
|choice|move 4|switch 2
|
|switch|p2a: Rattata|Rattata, L96|252\/252
|move|p1a: Slowbro|Thunder Wave|p2a: Rattata
|-status|p2a: Rattata|par
|
|turn|5
|choice|move 3|move 1
|
|move|p1a: Slowbro|Amnesia|p1a: Slowbro
|-boost|p1a: Slowbro|spd|2
|-boost|p1a: Slowbro|spa|2
|move|p2a: Rattata|Super Fang|p1a: Slowbro
|-damage|p1a: Slowbro|121\/312
|
|turn|6
|choice|move 2|move 4
|
|move|p1a: Slowbro|Surf|p2a: Rattata
|-damage|p2a: Rattata|10\/252 par
|cant|p2a: Rattata|par
|
|turn|7
|choice|switch 3|move 4
|
|switch|p1a: Marowak|Marowak, L90|291\/291
|move|p2a: Rattata|Thunderbolt|p1a: Marowak
|-immune|p1a: Marowak|[msg]
|
|turn|8
|choice|move 1|move 1
|
|move|p1a: Marowak|Body Slam|p2a: Rattata
|-damage|p2a: Rattata|0 fnt
|faint|p2a: Rattata
|choice||switch 4
|
|switch|p2a: Vaporeon|Vaporeon, L85|395\/395
|turn|9
|choice|switch 3|move 1
|
|switch|p1a: Slowbro|Slowbro, L79|121\/312
|move|p2a: Vaporeon|Body Slam|p1a: Slowbro
|-crit|p1a: Slowbro
|-damage|p1a: Slowbro|33\/312
|
|turn|10
|choice|move 1|move 1
|
|move|p2a: Vaporeon|Body Slam|p1a: Slowbro
|-damage|p1a: Slowbro|0 fnt
|faint|p1a: Slowbro
|choice|switch 5|
|
|switch|p1a: Magneton|Magneton, L90|224\/273
|turn|11
|choice|switch 2|switch 2
|
|switch|p1a: Mew|Mew, L74|300\/300
|switch|p2a: Golem|Golem, L79|288\/288
|
|turn|12
|choice|move 1|switch 5
|
|switch|p2a: Raichu|Raichu, L85|276\/276
|move|p1a: Mew|Blizzard|p2a: Raichu
|-damage|p2a: Raichu|212\/276
|
|turn|13
|choice|move 4|move 1
|
|move|p2a: Raichu|Surf|p1a: Mew
|-crit|p1a: Mew
|-damage|p1a: Mew|162\/300
|move|p1a: Mew|Earthquake|p2a: Raichu
|-supereffective|p2a: Raichu
|-damage|p2a: Raichu|75\/276
|
|turn|14
|choice|move 4|move 3
|
|move|p2a: Raichu|Thunder Wave|p1a: Mew
|-status|p1a: Mew|par
|move|p1a: Mew|Earthquake|p2a: Raichu
|-supereffective|p2a: Raichu
|-damage|p2a: Raichu|0 fnt
|faint|p2a: Raichu
|choice||switch 2
|
|switch|p2a: Vaporeon|Vaporeon, L85|395\/395
|turn|15
|choice|move 3|move 2
|
|move|p2a: Vaporeon|Hydro Pump|p1a: Mew
|-damage|p1a: Mew|13\/300 par
|move|p1a: Mew|Horn Drill|p2a: Vaporeon
|-immune|p2a: Vaporeon|[ohko]
|
|turn|16
|choice|switch 2|move 1
|
|switch|p1a: Magneton|Magneton, L90|224\/273
|move|p2a: Vaporeon|Body Slam|p1a: Magneton
|-damage|p1a: Magneton|180\/273
|
|turn|17
|choice|move 1|move 2
|
|move|p1a: Magneton|Thunderbolt|p2a: Vaporeon
|-supereffective|p2a: Vaporeon
|-damage|p2a: Vaporeon|153\/395
|move|p2a: Vaporeon|Hydro Pump|p1a: Magneton
|-damage|p1a: Magneton|70\/273
|
|turn|18
|choice|move 1|switch 5
|
|switch|p2a: Golem|Golem, L79|288\/288
|move|p1a: Magneton|Thunderbolt|p2a: Golem
|-immune|p2a: Golem|[msg]
|
|turn|19
|choice|switch 2|move 2
|
|switch|p1a: Mew|Mew, L74|13\/300 par
|move|p2a: Golem|Earthquake|p1a: Mew
|-damage|p1a: Mew|0 fnt
|faint|p1a: Mew
|choice|switch 3|
|
|switch|p1a: Marowak|Marowak, L90|291\/291
|turn|20
|choice|move 1|switch 5
|
|switch|p2a: Vaporeon|Vaporeon, L85|153\/395
|move|p1a: Marowak|Body Slam|p2a: Vaporeon
|-damage|p2a: Vaporeon|72\/395
|-status|p2a: Vaporeon|par
|
|turn|21
|choice|move 3|move 2
|
|move|p1a: Marowak|Seismic Toss|p2a: Vaporeon
|-damage|p2a: Vaporeon|0 fnt
|faint|p2a: Vaporeon
|choice||switch 3
|
|switch|p2a: Cloyster|Cloyster, L83|253\/253
|turn|22
|choice|switch 6|move 1
|
|switch|p1a: Nidorino|Nidorino, L90|293\/293
|move|p2a: Cloyster|Surf|p1a: Nidorino
|-damage|p1a: Nidorino|174\/293
|
|turn|23
|choice|move 1|move 4
|
|move|p1a: Nidorino|Substitute|p1a: Nidorino
|-start|p1a: Nidorino|Substitute
|-damage|p1a: Nidorino|101\/293
|move|p2a: Cloyster|Blizzard|p1a: Nidorino
|-end|p1a: Nidorino|Substitute
|
|turn|24
|choice|move 4|switch 5
|
|switch|p2a: Golem|Golem, L79|288\/288
|move|p1a: Nidorino|Blizzard|p2a: Golem
|-supereffective|p2a: Golem
|-damage|p2a: Golem|83\/288
|
|turn|25
|choice|move 4|move 2
|
|move|p1a: Nidorino|Blizzard|p2a: Golem
|-supereffective|p2a: Golem
|-damage|p2a: Golem|0 fnt
|faint|p2a: Golem
|choice||switch 6
|
|switch|p2a: Nidorino|Nidorino, L90|293\/293
|turn|26
|choice|move 4|move 2
|
|move|p1a: Nidorino|Blizzard|p2a: Nidorino
|-damage|p2a: Nidorino|202\/293
|-status|p2a: Nidorino|frz
|cant|p2a: Nidorino|frz
|
|turn|27
|choice|switch 2|move 4
|
|switch|p1a: Magneton|Magneton, L90|70\/273
|cant|p2a: Nidorino|frz
|
|turn|28
|choice|move 3|move 2
|
|move|p1a: Magneton|Mimic|p2a: Nidorino
|-start|p1a: Magneton|Mimic|Blizzard
|cant|p2a: Nidorino|frz
|
|turn|29
|choice|move 1|move 3
|
|move|p1a: Magneton|Thunderbolt|p2a: Nidorino
|-damage|p2a: Nidorino|34\/293 frz
|cant|p2a: Nidorino|frz
|
|turn|30
|c|★Dervodel|gg
|choice|move 1|move 3
|
|move|p1a: Magneton|Thunderbolt|p2a: Nidorino
|-damage|p2a: Nidorino|0 fnt
|faint|p2a: Nidorino
|choice||switch 5
|
|switch|p2a: Cloyster|Cloyster, L83|253\/253
|turn|31
|c|★Dervodel|you are really good :)
|choice|move 1|move 1
|
|move|p1a: Magneton|Thunderbolt|p2a: Cloyster
|-supereffective|p2a: Cloyster
|-damage|p2a: Cloyster|0 fnt
|faint|p2a: Cloyster
|
|win|Dervodel
|raw|Dervodel's rating: 1396 &rarr; <strong>1408<\/strong><br \/>(+12 for winning)
|raw|rgs843's rating: 1257 &rarr; <strong>1242<\/strong><br \/>(-15 for losing)
|c|★rgs843|Tahnks
|c|★rgs843|Thanks
|c|★rgs843|GG
|c|★Dervodel|i was luckier though
|c|★Dervodel|see you :)
|c|★rgs843|Bye bye! ;)