|j|Peasounay
|j|Groudon80
|player|p1|Peasounay|80
|player|p2|Groudon80|167
|gametype|singles
|gen|1
|tier|[Gen 1] OU
|rated
|seed|4951,20453,63416,55050
|rule|Sleep Clause Mod: Limit one foe put to sleep
|rule|Freeze Clause Mod: Limit one foe frozen
|rule|Species Clause: Limit one of each Pokémon
|rule|OHKO Clause: OHKO moves are banned
|rule|Evasion Moves Clause: Evasion moves are banned
|rule|HP Percentage Mod: HP is shown in percentages
|
|start
|switch|p1a: WellIStallYourFace|Alakazam|313\/313
|switch|p2a: Boing boing|Jynx|333\/333
|turn|1
|c|★Peasounay|hi
|choice|move 1|switch 5
|
|switch|p2a: Vagaputa|Chansey|703\/703
|move|p1a: WellIStallYourFace|Thunder Wave|p2a: Vagaputa
|-status|p2a: Vagaputa|par
|
|turn|2
|c|★Groudon80|hello :)
|choice|move 2|move 2
|
|move|p1a: WellIStallYourFace|Psychic|p2a: Vagaputa
|-damage|p2a: Vagaputa|567\/703 par
|move|p2a: Vagaputa|Ice Beam|p1a: WellIStallYourFace
|-damage|p1a: WellIStallYourFace|250\/313
|
|turn|3
|choice|move 2|move 2
|
|move|p1a: WellIStallYourFace|Psychic|p2a: Vagaputa
|-damage|p2a: Vagaputa|446\/703 par
|move|p2a: Vagaputa|Ice Beam|p1a: WellIStallYourFace
|-damage|p1a: WellIStallYourFace|191\/313
|
|turn|4
|choice|move 2|move 1
|
|move|p1a: WellIStallYourFace|Psychic|p2a: Vagaputa
|-damage|p2a: Vagaputa|322\/703 par
|move|p2a: Vagaputa|Soft-Boiled|p2a: Vagaputa
|-heal|p2a: Vagaputa|673\/703 par
|
|turn|5
|choice|move 2|move 4
|
|move|p1a: WellIStallYourFace|Psychic|p2a: Vagaputa
|-damage|p2a: Vagaputa|535\/703 par
|-unboost|p2a: Vagaputa|spd|1
|-unboost|p2a: Vagaputa|spa|1
|move|p2a: Vagaputa|Thunder Wave|p1a: WellIStallYourFace
|-status|p1a: WellIStallYourFace|par
|
|turn|6
|choice|move 2|switch 5
|
|switch|p2a: Boing boing|Jynx|333\/333
|move|p1a: WellIStallYourFace|Psychic|p2a: Boing boing
|-resisted|p2a: Boing boing
|-damage|p2a: Boing boing|270\/333
|
|turn|7
|choice|move 3|move 3
|
|move|p2a: Boing boing|Blizzard|p1a: WellIStallYourFace
|-damage|p1a: WellIStallYourFace|76\/313 par
|move|p1a: WellIStallYourFace|Recover|p1a: WellIStallYourFace
|-heal|p1a: WellIStallYourFace|232\/313 par
|
|turn|8
|choice|move 1|move 3
|
|move|p2a: Boing boing|Blizzard|p1a: WellIStallYourFace
|-damage|p1a: WellIStallYourFace|122\/313 par
|move|p1a: WellIStallYourFace|Thunder Wave|p2a: Boing boing
|-status|p2a: Boing boing|par
|
|turn|9
|choice|move 3|switch 3
|
|switch|p2a: Tiãozinho|Snorlax|523\/523
|cant|p1a: WellIStallYourFace|par
|
|turn|10
|choice|switch 3|move 1
|
|switch|p1a: Yo Momma|Snorlax|523\/523
|move|p2a: Tiãozinho|Body Slam|p1a: Yo Momma
|-damage|p1a: Yo Momma|382\/523
|
|turn|11
|choice|move 1|move 2
|
|move|p1a: Yo Momma|Body Slam|p2a: Tiãozinho
|-damage|p2a: Tiãozinho|388\/523
|move|p2a: Tiãozinho|Counter|p1a: Yo Momma
|-damage|p1a: Yo Momma|112\/523
|
|turn|12
|choice|move 4|switch 6
|
|switch|p2a: Preda di crack|Golem|363\/363
|move|p1a: Yo Momma|Self-Destruct|p2a: Preda di crack
|-resisted|p2a: Preda di crack
|-damage|p2a: Preda di crack|218\/363
|faint|p1a: Yo Momma
|choice|switch 6|
|
|switch|p1a: Yo|Lapras|463\/463
|turn|13
|choice|move 1|switch 5
|
|switch|p2a: Vagaputa|Chansey|535\/703 par
|move|p1a: Yo|Blizzard|p2a: Vagaputa
|-damage|p2a: Vagaputa|407\/703 par
|
|turn|14
|choice|move 4|move 1
|
|move|p1a: Yo|Confuse Ray|p2a: Vagaputa
|-start|p2a: Vagaputa|confusion
|-activate|p2a: Vagaputa|confusion
|move|p2a: Vagaputa|Soft-Boiled|p2a: Vagaputa
|-heal|p2a: Vagaputa|703\/703 par
|
|turn|15
|choice|move 3|move 4
|
|move|p1a: Yo|Body Slam|p2a: Vagaputa
|-damage|p2a: Vagaputa|536\/703 par
|-activate|p2a: Vagaputa|confusion
|move|p2a: Vagaputa|Thunder Wave|p1a: Yo
|-status|p1a: Yo|par
|
|turn|16
|choice|move 3|switch 3
|
|switch|p2a: Boing boing|Jynx|270\/333 par
|move|p1a: Yo|Body Slam|p2a: Boing boing
|-damage|p2a: Boing boing|169\/333 par
|
|turn|17
|choice|move 4|move 2
|
|move|p2a: Boing boing|Psychic|p1a: Yo
|-damage|p1a: Yo|358\/463 par
|move|p1a: Yo|Confuse Ray|p2a: Boing boing
|-start|p2a: Boing boing|confusion
|
|turn|18
|choice|move 3|switch 2
|
|switch|p2a: Zapeidos|Zapdos|383\/383
|move|p1a: Yo|Body Slam|p2a: Zapeidos
|-damage|p2a: Zapeidos|321\/383
|
|turn|19
|choice|switch 5|move 2
|
|switch|p1a: I Own RBY|Chansey|703\/703
|move|p2a: Zapeidos|Thunderbolt|p1a: I Own RBY
|-damage|p1a: I Own RBY|583\/703
|
|turn|20
|choice|move 4|switch 3
|
|switch|p2a: Vagaputa|Chansey|536\/703 par
|move|p1a: I Own RBY|Reflect|p1a: I Own RBY
|-start|p1a: I Own RBY|Reflect
|
|turn|21
|choice|switch 5|move 3
|
|switch|p1a: Yo|Lapras|358\/463 par
|cant|p2a: Vagaputa|par
|
|turn|22
|choice|move 4|move 3
|
|cant|p1a: Yo|par
|cant|p2a: Vagaputa|par
|
|turn|23
|choice|move 4|move 3
|
|move|p1a: Yo|Confuse Ray|p2a: Vagaputa
|-start|p2a: Vagaputa|confusion
|-activate|p2a: Vagaputa|confusion
|move|p2a: Vagaputa|Seismic Toss|p1a: Yo
|-damage|p1a: Yo|258\/463 par
|
|turn|24
|choice|move 3|switch 3
|
|switch|p2a: Zapeidos|Zapdos|321\/383
|move|p1a: Yo|Body Slam|p2a: Zapeidos
|-damage|p2a: Zapeidos|251\/383
|-status|p2a: Zapeidos|par
|
|turn|25
|choice|switch 5|move 1
|
|switch|p1a: I Own RBY|Chansey|583\/703
|cant|p2a: Zapeidos|par
|
|turn|26
|choice|move 2|switch 3
|
|switch|p2a: Vagaputa|Chansey|536\/703 par
|move|p1a: I Own RBY|Seismic Toss|p2a: Vagaputa
|-damage|p2a: Vagaputa|436\/703 par
|
|turn|27
|j|tr0mb0ner
|choice|switch 5|move 1
|
|switch|p1a: Yo|Lapras|258\/463 par
|move|p2a: Vagaputa|Soft-Boiled|p2a: Vagaputa
|-heal|p2a: Vagaputa|703\/703 par
|
|turn|28
|choice|move 4|move 3
|
|cant|p1a: Yo|par
|cant|p2a: Vagaputa|par
|
|turn|29
|choice|move 4|move 3
|
|move|p1a: Yo|Confuse Ray|p2a: Vagaputa
|-start|p2a: Vagaputa|confusion
|cant|p2a: Vagaputa|par
|
|turn|30
|choice|move 1|switch 6
|
|switch|p2a: Tiãozinho|Snorlax|388\/523
|move|p1a: Yo|Blizzard|p2a: Tiãozinho
|-damage|p2a: Tiãozinho|199\/523
|
|turn|31
|choice|move 1|move 1
|
|move|p2a: Tiãozinho|Body Slam|p1a: Yo
|-damage|p1a: Yo|135\/463 par
|cant|p1a: Yo|par
|
|turn|32
|choice|switch 2|move 4
|
|switch|p1a: Wear Candoms Kid|Exeggutor|393\/393
|move|p2a: Tiãozinho|Hyper Beam|p1a: Wear Candoms Kid
|-damage|p1a: Wear Candoms Kid|202\/393
|
|turn|33
|-mustrecharge|p2a: Tiãozinho
|-mustrecharge|p2a: Tiãozinho
|choice|move 1|move 1
|
|move|p1a: Wear Candoms Kid|Sleep Powder|p2a: Tiãozinho
|-status|p2a: Tiãozinho|slp
|cant|p2a: Tiãozinho|recharge
|
|turn|34
|choice|switch 2|switch 2
|
|switch|p1a: Yo|Lapras|135\/463 par
|switch|p2a: Boing boing|Jynx|169\/333 par
|
|turn|35
|choice|move 3|move 2
|
|move|p2a: Boing boing|Psychic|p1a: Yo
|-damage|p1a: Yo|27\/463 par
|move|p1a: Yo|Body Slam|p2a: Boing boing
|-damage|p2a: Boing boing|71\/333 par
|
|turn|36
|choice|move 3|move 2
|
|move|p2a: Boing boing|Psychic|p1a: Yo
|-damage|p1a: Yo|0 fnt
|faint|p1a: Yo
|choice|switch 4|
|
|switch|p1a: I'm God|Tauros|353\/353
|turn|37
|choice|move 2|move 1
|
|move|p1a: I'm God|Body Slam|p2a: Boing boing
|-damage|p2a: Boing boing|0 fnt
|faint|p2a: Boing boing
|choice||switch 3
|
|switch|p2a: Zapeidos|Zapdos|251\/383 par
|turn|38
|choice|switch 5|move 4
|
|switch|p1a: I Own RBY|Chansey|583\/703
|cant|p2a: Zapeidos|par
|
|turn|39
|choice|move 2|switch 6
|
|switch|p2a: Vagaputa|Chansey|703\/703 par
|move|p1a: I Own RBY|Seismic Toss|p2a: Vagaputa
|-damage|p2a: Vagaputa|603\/703 par
|
|turn|40
|choice|switch 3|move 2
|
|switch|p1a: WellIStallYourFace|Alakazam|122\/313 par
|move|p2a: Vagaputa|Ice Beam|p1a: WellIStallYourFace
|-damage|p1a: WellIStallYourFace|58\/313 par
|
|turn|41
|choice|move 3|switch 5
|
|switch|p2a: Preda di crack|Golem|218\/363
|move|p1a: WellIStallYourFace|Recover|p1a: WellIStallYourFace
|-fail|p1a: WellIStallYourFace
|
|turn|42
|c|★Peasounay|sigh
|c|★Groudon80|lol
|c|★Groudon80|255 beneath
|c|★Peasounay|yea
|choice|switch 2|move 3
|
|switch|p1a: Wear Candoms Kid|Exeggutor|202\/393
|move|p2a: Preda di crack|Body Slam|p1a: Wear Candoms Kid
|-damage|p1a: Wear Candoms Kid|118\/393
|-status|p1a: Wear Candoms Kid|par
|
|turn|43
|choice|move 2|move 2
|
|move|p2a: Preda di crack|Rock Slide|p1a: Wear Candoms Kid|[miss]
|-miss|p2a: Preda di crack
|move|p1a: Wear Candoms Kid|Psychic|p2a: Preda di crack
|-damage|p2a: Preda di crack|32\/363
|
|turn|44
|choice|move 2|move 2
|
|move|p2a: Preda di crack|Rock Slide|p1a: Wear Candoms Kid
|-damage|p1a: Wear Candoms Kid|18\/393 par
|cant|p1a: Wear Candoms Kid|par
|
|turn|45
|choice|move 2|move 1
|
|move|p2a: Preda di crack|Earthquake|p1a: Wear Candoms Kid
|-resisted|p1a: Wear Candoms Kid
|-damage|p1a: Wear Candoms Kid|0 fnt
|faint|p1a: Wear Candoms Kid
|choice|switch 5|
|
|switch|p1a: I'm God|Tauros|353\/353
|turn|46
|choice|move 4|switch 2
|
|switch|p2a: Tiãozinho|Snorlax|199\/523 slp
|move|p1a: I'm God|Earthquake|p2a: Tiãozinho
|-crit|p2a: Tiãozinho
|-damage|p2a: Tiãozinho|0 fnt
|faint|p2a: Tiãozinho
|choice||switch 6
|
|switch|p2a: Zapeidos|Zapdos|251\/383 par
|turn|47
|choice|move 1|move 3
|
|move|p1a: I'm God|Blizzard|p2a: Zapeidos
|-supereffective|p2a: Zapeidos
|-damage|p2a: Zapeidos|130\/383 par
|cant|p2a: Zapeidos|par
|
|turn|48
|choice|switch 3|move 4
|
|switch|p1a: I Own RBY|Chansey|583\/703
|move|p2a: Zapeidos|Agility|p2a: Zapeidos
|-boost|p2a: Zapeidos|spe|2
|
|turn|49
|choice|move 2|move 1
|
|move|p2a: Zapeidos|Drill Peck|p1a: I Own RBY
|-crit|p1a: I Own RBY
|-damage|p1a: I Own RBY|132\/703
|move|p1a: I Own RBY|Seismic Toss|p2a: Zapeidos
|-damage|p2a: Zapeidos|30\/383 par
|
|turn|50
|choice|move 2|move 1
|
|move|p2a: Zapeidos|Drill Peck|p1a: I Own RBY
|-damage|p1a: I Own RBY|0 fnt
|faint|p1a: I Own RBY
|choice|switch 2|
|
|switch|p1a: WellIStallYourFace|Alakazam|58\/313 par
|turn|51
|choice|move 2|move 1
|
|cant|p2a: Zapeidos|par
|move|p1a: WellIStallYourFace|Psychic|p2a: Zapeidos
|-crit|p2a: Zapeidos
|-damage|p2a: Zapeidos|0 fnt
|faint|p2a: Zapeidos
|c| tr0mb0ner|lucker dog peas
|c|★Peasounay|shut up
|c| tr0mb0ner|lmzo
|choice||switch 2
|
|switch|p2a: Preda di crack|Golem|32\/363
|turn|52
|choice|move 2|move 1
|
|move|p2a: Preda di crack|Earthquake|p1a: WellIStallYourFace
|-damage|p1a: WellIStallYourFace|0 fnt
|faint|p1a: WellIStallYourFace
|choice|switch 3|
|
|switch|p1a: I'm God|Tauros|353\/353
|turn|53
|choice|move 4|move 4
|
|move|p1a: I'm God|Earthquake|p2a: Preda di crack
|-supereffective|p2a: Preda di crack
|-damage|p2a: Preda di crack|0 fnt
|faint|p2a: Preda di crack
|c|★Peasounay|i need the bull to pull out crits out of its ass
|choice||switch 5
|
|switch|p2a: Vagaputa|Chansey|603\/703 par
|turn|54
|choice|move 2|move 3
|
|move|p1a: I'm God|Body Slam|p2a: Vagaputa
|-damage|p2a: Vagaputa|312\/703 par
|move|p2a: Vagaputa|Seismic Toss|p1a: I'm God
|-damage|p1a: I'm God|253\/353
|
|turn|55
|choice|move 3|move 3
|
|move|p1a: I'm God|Hyper Beam|p2a: Vagaputa
|-damage|p2a: Vagaputa|0 fnt
|faint|p2a: Vagaputa
|choice||switch 4
|
|switch|p2a: Snowmel|Persian|333\/333
|turn|56
|c|★Peasounay|lmao
|choice|move 3|move 1
|
|move|p2a: Snowmel|Slash|p1a: I'm God
|-crit|p1a: I'm God
|-damage|p1a: I'm God|128\/353
|move|p1a: I'm God|Hyper Beam|p2a: Snowmel
|-damage|p2a: Snowmel|107\/333
|
|turn|57
|-mustrecharge|p1a: I'm God
|-mustrecharge|p1a: I'm God
|c|★Peasounay|gg
|c|★Groudon80|gg
|choice|move 1|move 1
|
|move|p2a: Snowmel|Slash|p1a: I'm God
|-crit|p1a: I'm God
|-damage|p1a: I'm God|0 fnt
|faint|p1a: I'm God
|
|win|Groudon80
|raw|Peasounay's rating: 1568 &rarr; <strong>1538<\/strong><br \/>(-30 for losing)
|raw|Groudon80's rating: 1386 &rarr; <strong>1415<\/strong><br \/>(+29 for winning)
|l|Peasounay
|player|p1