|j|pepito33
|j|Pokemon-Sucks OK
|player|p1|pepito33|15
|player|p2|Pokemon-Sucks OK|115
|gametype|singles
|gen|1
|tier|[Gen 1] OU
|rated
|seed|36469,29592,21532,44812
|rule|Sleep Clause Mod: Limit one foe put to sleep
|rule|Freeze Clause Mod: Limit one foe frozen
|rule|Species Clause: Limit one of each Pokémon
|rule|OHKO Clause: OHKO moves are banned
|rule|Evasion Moves Clause: Evasion moves are banned
|rule|HP Percentage Mod: HP is shown in percentages
|
|start
|switch|p1a: Dodrio|Dodrio|323\/323
|switch|p2a: Jynx|Jynx|333\/333
|turn|1
|choice|switch 3|switch 4
|
|switch|p1a: Blastoise|Blastoise|361\/361
|switch|p2a: Lapras|Lapras|463\/463
|
|turn|2
|choice|move 3|move 2
|
|move|p1a: Blastoise|Earthquake|p2a: Lapras
|-damage|p2a: Lapras|384\/463
|move|p2a: Lapras|Sing|p1a: Blastoise
|-status|p1a: Blastoise|slp
|
|turn|3
|choice|move 1|move 3
|
|cant|p1a: Blastoise|slp
|move|p2a: Lapras|Thunderbolt|p1a: Blastoise
|-supereffective|p1a: Blastoise
|-damage|p1a: Blastoise|196\/361 slp
|
|turn|4
|choice|switch 5|move 4
|
|switch|p1a: Venusaur|Venusaur|363\/363
|move|p2a: Lapras|Confuse Ray|p1a: Venusaur
|-start|p1a: Venusaur|confusion
|
|turn|5
|choice|move 2|switch 4
|
|switch|p2a: Jynx|Jynx|333\/333
|-activate|p1a: Venusaur|confusion
|-damage|p1a: Venusaur|328\/363|[from] confusion
|
|turn|6
|choice|switch 5|move 1
|
|switch|p1a: Blastoise|Blastoise|196\/361 slp
|move|p2a: Jynx|Blizzard|p1a: Blastoise
|-resisted|p1a: Blastoise
|-damage|p1a: Blastoise|122\/361 slp
|
|turn|7
|choice|move 4|move 3
|
|move|p2a: Jynx|Psychic|p1a: Blastoise
|-damage|p1a: Blastoise|0 fnt
|faint|p1a: Blastoise
|choice|switch 6|
|
|switch|p1a: Hypno|Hypno|373\/373
|turn|8
|choice|move 2|move 2
|
|move|p2a: Jynx|Lovely Kiss|p1a: Hypno
|-status|p1a: Hypno|slp
|cant|p1a: Hypno|slp
|
|turn|9
|raw|<div class="broadcast-red"><b>The server is restarting soon.<\/b><br \/>Please finish your battles quickly. No new battles can be started until the server resets in a few minutes.<\/div>
|raw|<div class="broadcast-red"><b>Moderated chat was set to +!<\/b><br \/>Only users of rank + and higher can talk.<\/div>
|choice|move 2|move 1
|
|move|p2a: Jynx|Blizzard|p1a: Hypno|[miss]
|-miss|p2a: Jynx
|cant|p1a: Hypno|slp
|
|turn|10
|choice|move 2|move 1
|
|move|p2a: Jynx|Blizzard|p1a: Hypno
|-damage|p1a: Hypno|241\/373 slp
|cant|p1a: Hypno|slp
|
|turn|11
|choice|move 2|move 1
|
|move|p2a: Jynx|Blizzard|p1a: Hypno
|-damage|p1a: Hypno|123\/373 slp
|cant|p1a: Hypno|slp
|
|turn|12
|choice|switch 2|move 1
|
|switch|p1a: Arcanine|Arcanine|383\/383
|move|p2a: Jynx|Blizzard|p1a: Arcanine
|-damage|p1a: Arcanine|230\/383
|-status|p1a: Arcanine|frz
|
|turn|13
|choice|move 1|move 3
|
|move|p2a: Jynx|Psychic|p1a: Arcanine
|-damage|p1a: Arcanine|112\/383 frz
|cant|p1a: Arcanine|frz
|
|turn|14
|choice|move 1|move 3
|
|cant|p1a: Arcanine|frz
|move|p2a: Jynx|Psychic|p1a: Arcanine
|-damage|p1a: Arcanine|0 fnt
|faint|p1a: Arcanine
|choice|switch 3|
|
|switch|p1a: Dodrio|Dodrio|323\/323
|turn|15
|choice|move 4|move 4
|
|move|p1a: Dodrio|Body Slam|p2a: Jynx
|-damage|p2a: Jynx|155\/333
|move|p2a: Jynx|Counter|p1a: Dodrio
|-damage|p1a: Dodrio|0 fnt
|faint|p1a: Dodrio
|choice|switch 4|
|
|switch|p1a: Sandslash|Sandslash|353\/353
|turn|16
|choice|move 2|move 1
|
|move|p2a: Jynx|Blizzard|p1a: Sandslash
|-supereffective|p1a: Sandslash
|-damage|p1a: Sandslash|0 fnt
|faint|p1a: Sandslash
|choice|switch 5|
|
|switch|p1a: Venusaur|Venusaur|328\/363
|turn|17
|choice|move 3|move 1
|
|move|p2a: Jynx|Blizzard|p1a: Venusaur
|-supereffective|p1a: Venusaur
|-damage|p1a: Venusaur|38\/363
|move|p1a: Venusaur|Razor Leaf|p2a: Jynx
|-crit|p2a: Jynx
|-damage|p2a: Jynx|15\/333
|
|turn|18
|choice|move 3|move 3
|
|move|p2a: Jynx|Psychic|p1a: Venusaur
|-supereffective|p1a: Venusaur
|-damage|p1a: Venusaur|0 fnt
|faint|p1a: Venusaur
|choice|switch 2|
|
|switch|p1a: Hypno|Hypno|123\/373 slp
|turn|19
|choice|move 1|move 1
|
|move|p2a: Jynx|Blizzard|p1a: Hypno
|-crit|p1a: Hypno
|-damage|p1a: Hypno|0 fnt
|faint|p1a: Hypno
|
|win|Pokemon-Sucks OK
|player|p1
|player|p2
|raw|pepito33's rating: 1089 &rarr; <strong>1069<\/strong><br \/>(-20 for losing)
|raw|Pokemon-Sucks OK's rating: 1142 &rarr; <strong>1163<\/strong><br \/>(+21 for winning)
|c|★Pokemon-Sucks OK|gg
|l|pepito33