|join|JAYDG
|join|8bitclarinet
|player|p1|JAYDG|151
|player|p2|8bitclarinet|263
|gametype|singles
|gen|1
|tier|[Gen 1] Random Battle
|rated
|seed|15418,743,31188,20964
|rule|Sleep Clause Mod: Limit one foe put to sleep
|rule|Freeze Clause Mod: Limit one foe frozen
|rule|HP Percentage Mod: HP is shown in percentages
|
|start
|switch|p1a: Lapras|Lapras, L79|367\/367
|switch|p2a: Horsea|Horsea, L96|252\/252
|turn|1
|choice|move 1|switch 5
|
|switch|p2a: Haunter|Haunter, L85|250\/250
|move|p1a: Lapras|Thunderbolt|p2a: Haunter
|-damage|p2a: Haunter|199\/250
|
|turn|2
|choice|move 4|move 1
|
|move|p2a: Haunter|Hypnosis|p1a: Lapras
|-status|p1a: Lapras|slp
|cant|p1a: Lapras|slp
|
|turn|3
|choice|switch 3|move 2
|
|switch|p1a: Machop|Machop, L96|329\/329
|move|p2a: Haunter|Mega Drain|p1a: Machop
|-damage|p1a: Machop|281\/329
|-heal|p2a: Haunter|223\/250|[from] drain|[of] p1a: Machop
|
|turn|4
|choice|move 2|move 3
|
|move|p2a: Haunter|Psychic|p1a: Machop
|-supereffective|p1a: Machop
|-damage|p1a: Machop|68\/329
|move|p1a: Machop|Earthquake|p2a: Haunter
|-supereffective|p2a: Haunter
|-damage|p2a: Haunter|8\/250
|
|turn|5
|choice|switch 5|move 3
|
|switch|p1a: Magneton|Magneton, L90|273\/273
|move|p2a: Haunter|Psychic|p1a: Magneton
|-crit|p1a: Magneton
|-damage|p1a: Magneton|161\/273
|
|turn|6
|choice|move 1|switch 3
|
|switch|p2a: Nidoqueen|Nidoqueen, L85|327\/327
|move|p1a: Magneton|Thunderbolt|p2a: Nidoqueen
|-immune|p2a: Nidoqueen|[msg]
|
|turn|7
|choice|switch 4|move 1
|
|switch|p1a: Nidoqueen|Nidoqueen, L85|327\/327
|move|p2a: Nidoqueen|Earthquake|p1a: Nidoqueen
|-supereffective|p1a: Nidoqueen
|-damage|p1a: Nidoqueen|141\/327
|
|turn|8
|choice|switch 2|move 1
|
|switch|p1a: Charizard|Charizard, L85|306\/306
|move|p2a: Nidoqueen|Earthquake|p1a: Charizard
|-immune|p1a: Charizard|[msg]
|
|turn|9
|choice|move 4|move 4
|
|move|p1a: Charizard|Earthquake|p2a: Nidoqueen
|-crit|p2a: Nidoqueen
|-supereffective|p2a: Nidoqueen
|-damage|p2a: Nidoqueen|53\/327
|move|p2a: Nidoqueen|Thunder|p1a: Charizard
|-supereffective|p1a: Charizard
|-damage|p1a: Charizard|151\/306
|
|turn|10
|choice|move 3|switch 2
|
|switch|p2a: Farfetch'd|Farfetch'd, L99|304\/304
|move|p1a: Charizard|Body Slam|p2a: Farfetch'd
|-damage|p2a: Farfetch'd|236\/304
|
|turn|11
|choice|switch 4|move 1
|
|switch|p1a: Magneton|Magneton, L90|161\/273
|move|p2a: Farfetch'd|Slash|p1a: Magneton
|-crit|p1a: Magneton
|-damage|p1a: Magneton|24\/273
|
|turn|12
|choice|move 2|move 1
|
|move|p2a: Farfetch'd|Slash|p1a: Magneton
|-crit|p1a: Magneton
|-damage|p1a: Magneton|0 fnt
|faint|p1a: Magneton
|choice|switch 2|
|
|switch|p1a: Nidoqueen|Nidoqueen, L85|141\/327
|turn|13
|choice|move 2|move 1
|
|move|p2a: Farfetch'd|Slash|p1a: Nidoqueen
|-crit|p1a: Nidoqueen
|-damage|p1a: Nidoqueen|0 fnt
|faint|p1a: Nidoqueen
|choice|switch 6|
|
|switch|p1a: Persian|Persian, L79|265\/265
|turn|14
|choice|move 3|move 1
|
|move|p1a: Persian|Thunderbolt|p2a: Farfetch'd
|-crit|p2a: Farfetch'd
|-supereffective|p2a: Farfetch'd
|-damage|p2a: Farfetch'd|41\/304
|move|p2a: Farfetch'd|Slash|p1a: Persian
|-crit|p1a: Persian
|-damage|p1a: Persian|72\/265
|
|turn|15
|choice|move 1|move 1
|
|move|p1a: Persian|Slash|p2a: Farfetch'd
|-crit|p2a: Farfetch'd
|-damage|p2a: Farfetch'd|0 fnt
|faint|p2a: Farfetch'd
|choice||switch 4
|
|switch|p2a: Ninetales|Ninetales, L85|298\/298
|turn|16
|choice|move 1|move 1
|
|move|p1a: Persian|Slash|p2a: Ninetales
|-crit|p2a: Ninetales
|-damage|p2a: Ninetales|183\/298
|move|p2a: Ninetales|Fire Blast|p1a: Persian
|-damage|p1a: Persian|0 fnt
|faint|p1a: Persian
|choice|switch 3|
|
|switch|p1a: Lapras|Lapras, L79|367\/367 slp
|turn|17
|choice|move 2|switch 3
|
|switch|p2a: Haunter|Haunter, L85|8\/250
|cant|p1a: Lapras|slp
|
|turn|18
|choice|move 1|move 2
|
|move|p2a: Haunter|Mega Drain|p1a: Lapras
|-supereffective|p1a: Lapras
|-damage|p1a: Lapras|305\/367 slp
|-heal|p2a: Haunter|39\/250|[from] drain|[of] p1a: Lapras
|cant|p1a: Lapras|slp
|
|turn|19
|choice|switch 4|move 3
|
|switch|p1a: Charizard|Charizard, L85|151\/306
|move|p2a: Haunter|Psychic|p1a: Charizard
|-damage|p1a: Charizard|80\/306
|
|turn|20
|choice|move 4|switch 6
|
|switch|p2a: Snorlax|Snorlax, L79|415\/415
|move|p1a: Charizard|Earthquake|p2a: Snorlax
|-crit|p2a: Snorlax
|-damage|p2a: Snorlax|243\/415
|
|turn|21
|choice|switch 4|move 4
|
|switch|p1a: Lapras|Lapras, L79|305\/367 slp
|move|p2a: Snorlax|Ice Beam|p1a: Lapras
|-resisted|p1a: Lapras
|-damage|p1a: Lapras|294\/367 slp
|
|turn|22
|choice|move 4|switch 2
|
|switch|p2a: Nidoqueen|Nidoqueen, L85|53\/327
|-curestatus|p1a: Lapras|slp
|
|turn|23
|choice|move 3|move 4
|
|move|p2a: Nidoqueen|Thunder|p1a: Lapras
|-supereffective|p1a: Lapras
|-damage|p1a: Lapras|151\/367
|move|p1a: Lapras|Ice Beam|p2a: Nidoqueen
|-supereffective|p2a: Nidoqueen
|-damage|p2a: Nidoqueen|0 fnt
|faint|p2a: Nidoqueen
|choice||switch 6
|
|switch|p2a: Haunter|Haunter, L85|39\/250
|turn|24
|choice|move 3|move 1
|
|move|p2a: Haunter|Hypnosis|p1a: Lapras|[miss]
|-miss|p2a: Haunter
|move|p1a: Lapras|Ice Beam|p2a: Haunter
|-crit|p2a: Haunter
|-damage|p2a: Haunter|0 fnt
|faint|p2a: Haunter
|choice||switch 3
|
|switch|p2a: Ninetales|Ninetales, L85|183\/298
|turn|25
|choice|move 2|move 4
|
|move|p2a: Ninetales|Hyper Beam|p1a: Lapras
|-damage|p1a: Lapras|42\/367
|move|p1a: Lapras|Body Slam|p2a: Ninetales
|-damage|p2a: Ninetales|128\/298
|
|turn|26
|-mustrecharge|p2a: Ninetales
|-mustrecharge|p2a: Ninetales
|choice|move 4|move 1
|
|cant|p2a: Ninetales|recharge
|move|p1a: Lapras|Confuse Ray|p2a: Ninetales
|-start|p2a: Ninetales|confusion
|
|turn|27
|choice|move 2|switch 5
|
|switch|p2a: Horsea|Horsea, L96|252\/252
|move|p1a: Lapras|Body Slam|p2a: Horsea
|-damage|p2a: Horsea|203\/252
|-status|p2a: Horsea|par
|
|turn|28
|choice|move 1|move 1
|
|move|p1a: Lapras|Thunderbolt|p2a: Horsea
|-supereffective|p2a: Horsea
|-damage|p2a: Horsea|84\/252 par
|cant|p2a: Horsea|par
|
|turn|29
|choice|move 1|move 1
|
|move|p1a: Lapras|Thunderbolt|p2a: Horsea
|-crit|p2a: Horsea
|-supereffective|p2a: Horsea
|-damage|p2a: Horsea|0 fnt
|faint|p2a: Horsea
|choice||switch 5
|
|switch|p2a: Ninetales|Ninetales, L85|128\/298
|turn|30
|choice|move 4|move 1
|
|move|p2a: Ninetales|Fire Blast|p1a: Lapras|[miss]
|-miss|p2a: Ninetales
|move|p1a: Lapras|Confuse Ray|p2a: Ninetales
|-start|p2a: Ninetales|confusion
|
|turn|31
|choice|move 2|move 1
|
|-activate|p2a: Ninetales|confusion
|-damage|p2a: Ninetales|97\/298|[from] confusion
|move|p1a: Lapras|Body Slam|p2a: Ninetales
|-damage|p2a: Ninetales|41\/298
|
|turn|32
|choice|move 3|move 4
|
|-end|p2a: Ninetales|confusion
|move|p2a: Ninetales|Hyper Beam|p1a: Lapras
|-damage|p1a: Lapras|0 fnt
|faint|p1a: Lapras
|choice|switch 4|
|
|switch|p1a: Charizard|Charizard, L85|80\/306
|turn|33
|choice|move 3|move 4
|
|move|p1a: Charizard|Body Slam|p2a: Ninetales
|-damage|p2a: Ninetales|0 fnt
|faint|p2a: Ninetales
|choice||switch 2
|
|switch|p2a: Snorlax|Snorlax, L79|243\/415
|turn|34
|choice|move 2|move 2
|
|move|p1a: Charizard|Fire Blast|p2a: Snorlax
|-crit|p2a: Snorlax
|-damage|p2a: Snorlax|0 fnt
|faint|p2a: Snorlax
|
|win|JAYDG
|c|★JAYDG|gg!
|c|★JAYDG|epic
|raw|JAYDG's rating: 1126 &rarr; <strong>1161<\/strong><br \/>(+35 for winning)
|raw|8bitclarinet's rating: 1270 &rarr; <strong>1235<\/strong><br \/>(-35 for losing)