|j|TSV3CTOR
|j|russiantank
|player|p1|TSV3CTOR|170
|player|p2|russiantank|156
|gametype|singles
|gen|1
|tier|[Gen 1] OU
|rated
|seed|
|rule|Sleep Clause Mod: Limit one foe put to sleep
|rule|Freeze Clause Mod: Limit one foe frozen
|rule|Species Clause: Limit one of each Pokémon
|rule|OHKO Clause: OHKO moves are banned
|rule|Evasion Moves Clause: Evasion moves are banned
|rule|HP Percentage Mod: HP is shown in percentages
|
|start
|switch|p1a: LexxApnea☆|Zapdos|100\/100
|switch|p2a: Exeggutor|Exeggutor|100\/100
|turn|1
|choice||
|
|switch|p2a: Golem|Golem|100\/100
|move|p1a: LexxApnea☆|Drill Peck|p2a: Golem
|-resisted|p2a: Golem
|-damage|p2a: Golem|90\/100
|
|turn|2
|choice||
|
|switch|p1a: GemKing|Starmie|100\/100
|move|p2a: Golem|Body Slam|p1a: GemKing
|-damage|p1a: GemKing|74\/100
|
|turn|3
|choice||
|
|switch|p1a: Vec|Snorlax|100\/100
|switch|p2a: Gengar|Gengar|100\/100
|
|turn|4
|choice||
|
|move|p2a: Gengar|Hypnosis|p1a: Vec
|-status|p1a: Vec|slp
|cant|p1a: Vec|slp
|
|turn|5
|choice||
|
|move|p2a: Gengar|Psychic|p1a: Vec
|-damage|p1a: Vec|79\/100 slp
|-curestatus|p1a: Vec|slp
|
|turn|6
|choice||
|
|move|p2a: Gengar|Hypnosis|p1a: Vec|[miss]
|-miss|p2a: Gengar
|move|p1a: Vec|Earthquake|p2a: Gengar
|-crit|p2a: Gengar
|-supereffective|p2a: Gengar
|-damage|p2a: Gengar|0 fnt
|faint|p2a: Gengar
|choice||
|
|switch|p2a: Snorlax|Snorlax|100\/100
|turn|7
|choice||
|
|switch|p1a: XezeMaster|Gengar|100\/100
|move|p2a: Snorlax|Body Slam|p1a: XezeMaster
|-immune|p1a: XezeMaster|[msg]
|
|turn|8
|choice||
|
|switch|p1a: LexxApnea☆|Zapdos|100\/100
|move|p2a: Snorlax|Surf|p1a: LexxApnea☆
|-damage|p1a: LexxApnea☆|87\/100
|
|turn|9
|choice||
|
|switch|p2a: Golem|Golem|90\/100
|move|p1a: LexxApnea☆|Drill Peck|p2a: Golem
|-crit|p2a: Golem
|-resisted|p2a: Golem
|-damage|p2a: Golem|70\/100
|
|turn|10
|choice||
|
|switch|p1a: XezeMaster|Gengar|100\/100
|move|p2a: Golem|Body Slam|p1a: XezeMaster
|-immune|p1a: XezeMaster|[msg]
|
|turn|11
|choice||
|
|move|p1a: XezeMaster|Psychic|p2a: Golem
|-crit|p2a: Golem
|-damage|p2a: Golem|10\/100
|-unboost|p2a: Golem|spd|1
|-unboost|p2a: Golem|spa|1
|move|p2a: Golem|Earthquake|p1a: XezeMaster
|-supereffective|p1a: XezeMaster
|-damage|p1a: XezeMaster|0 fnt
|faint|p1a: XezeMaster
|choice||
|
|switch|p1a: LexxApnea☆|Zapdos|87\/100
|turn|12
|choice||
|
|move|p1a: LexxApnea☆|Drill Peck|p2a: Golem
|-resisted|p2a: Golem
|-damage|p2a: Golem|1\/100
|move|p2a: Golem|Explosion|p1a: LexxApnea☆
|-damage|p1a: LexxApnea☆|10\/100
|faint|p2a: Golem
|choice||
|
|switch|p2a: Snorlax|Snorlax|100\/100
|turn|13
|choice||
|
|move|p1a: LexxApnea☆|Thunder Wave|p2a: Snorlax
|-status|p2a: Snorlax|par
|move|p2a: Snorlax|Body Slam|p1a: LexxApnea☆
|-damage|p1a: LexxApnea☆|0 fnt
|faint|p1a: LexxApnea☆
|choice||
|
|switch|p1a: Amphorce|Alakazam|100\/100
|turn|14
|choice||
|
|move|p1a: Amphorce|Substitute|p1a: Amphorce
|-start|p1a: Amphorce|Substitute
|-damage|p1a: Amphorce|76\/100
|move|p2a: Snorlax|Body Slam|p1a: Amphorce
|-end|p1a: Amphorce|Substitute
|
|turn|15
|choice||
|
|move|p1a: Amphorce|Substitute|p1a: Amphorce
|-start|p1a: Amphorce|Substitute
|-damage|p1a: Amphorce|51\/100
|cant|p2a: Snorlax|par
|
|turn|16
|choice||
|
|switch|p2a: Exeggutor|Exeggutor|100\/100
|move|p1a: Amphorce|Seismic Toss|p2a: Exeggutor
|-damage|p2a: Exeggutor|75\/100
|
|turn|17
|choice||
|
|move|p1a: Amphorce|Thunder Wave|p2a: Exeggutor
|-status|p2a: Exeggutor|par
|move|p2a: Exeggutor|Psychic|p1a: Amphorce
|-resisted|p1a: Amphorce
|-activate|p1a: Amphorce|Substitute|[damage]
|
|turn|18
|choice||
|
|move|p1a: Amphorce|Recover|p1a: Amphorce
|-heal|p1a: Amphorce|100\/100
|cant|p2a: Exeggutor|par
|
|turn|19
|choice||
|
|move|p1a: Amphorce|Seismic Toss|p2a: Exeggutor
|-damage|p2a: Exeggutor|50\/100 par
|move|p2a: Exeggutor|Sleep Powder|p1a: Amphorce|[miss]
|-miss|p2a: Exeggutor
|
|turn|20
|choice||
|
|move|p1a: Amphorce|Seismic Toss|p2a: Exeggutor
|-damage|p2a: Exeggutor|24\/100 par
|cant|p2a: Exeggutor|par
|
|turn|21
|choice||
|
|move|p1a: Amphorce|Seismic Toss|p2a: Exeggutor
|-damage|p2a: Exeggutor|0 fnt
|faint|p2a: Exeggutor
|choice||
|
|switch|p2a: Cloyster|Cloyster|100\/100
|turn|22
|choice||
|
|move|p1a: Amphorce|Thunder Wave|p2a: Cloyster
|-status|p2a: Cloyster|par
|move|p2a: Cloyster|Blizzard|p1a: Amphorce
|-end|p1a: Amphorce|Substitute
|
|turn|23
|choice||
|
|move|p1a: Amphorce|Substitute|p1a: Amphorce
|-start|p1a: Amphorce|Substitute
|-damage|p1a: Amphorce|76\/100
|move|p2a: Cloyster|Blizzard|p1a: Amphorce
|-end|p1a: Amphorce|Substitute
|
|turn|24
|choice||
|
|move|p1a: Amphorce|Substitute|p1a: Amphorce
|-start|p1a: Amphorce|Substitute
|-damage|p1a: Amphorce|51\/100
|move|p2a: Cloyster|Blizzard|p1a: Amphorce
|-crit|p1a: Amphorce
|-end|p1a: Amphorce|Substitute
|
|turn|25
|choice||
|
|move|p1a: Amphorce|Recover|p1a: Amphorce
|-heal|p1a: Amphorce|100\/100
|cant|p2a: Cloyster|par
|
|turn|26
|choice||
|
|move|p1a: Amphorce|Substitute|p1a: Amphorce
|-start|p1a: Amphorce|Substitute
|-damage|p1a: Amphorce|76\/100
|cant|p2a: Cloyster|par
|
|turn|27
|choice||
|
|move|p1a: Amphorce|Seismic Toss|p2a: Cloyster
|-damage|p2a: Cloyster|67\/100 par
|move|p2a: Cloyster|Blizzard|p1a: Amphorce
|-end|p1a: Amphorce|Substitute
|
|turn|28
|choice||
|
|move|p1a: Amphorce|Substitute|p1a: Amphorce
|-start|p1a: Amphorce|Substitute
|-damage|p1a: Amphorce|51\/100
|move|p2a: Cloyster|Blizzard|p1a: Amphorce
|-end|p1a: Amphorce|Substitute
|
|turn|29
|choice||
|
|move|p1a: Amphorce|Recover|p1a: Amphorce
|-heal|p1a: Amphorce|100\/100
|move|p2a: Cloyster|Explosion|p1a: Amphorce
|-damage|p1a: Amphorce|0 fnt
|faint|p1a: Amphorce
|faint|p2a: Cloyster
|choice||
|
|switch|p2a: Tauros|Tauros|100\/100
|switch|p1a: Vec|Snorlax|79\/100
|turn|30
|choice||
|
|move|p2a: Tauros|Body Slam|p1a: Vec
|-damage|p1a: Vec|55\/100
|move|p1a: Vec|Self-Destruct|p2a: Tauros
|-damage|p2a: Tauros|6\/100
|faint|p1a: Vec
|choice||
|
|switch|p1a: GemKing|Starmie|74\/100
|turn|31
|choice||
|
|move|p1a: GemKing|Psychic|p2a: Tauros
|-damage|p2a: Tauros|0 fnt
|faint|p2a: Tauros
|choice||
|
|switch|p2a: Snorlax|Snorlax|100\/100 par
|turn|32
|choice||
|
|move|p1a: GemKing|Psychic|p2a: Snorlax
|-damage|p2a: Snorlax|74\/100 par
|move|p2a: Snorlax|Surf|p1a: GemKing
|-resisted|p1a: GemKing
|-damage|p1a: GemKing|66\/100
|
|turn|33
|choice||
|
|move|p1a: GemKing|Psychic|p2a: Snorlax
|-crit|p2a: Snorlax
|-damage|p2a: Snorlax|22\/100 par
|move|p2a: Snorlax|Hyper Beam|p1a: GemKing
|-damage|p1a: GemKing|0 fnt
|faint|p1a: GemKing
|choice||
|
|switch|p1a: AlphaBTB|Tauros|100\/100
|turn|34
|choice||
|
|move|p1a: AlphaBTB|Body Slam|p2a: Snorlax
|-damage|p2a: Snorlax|0 fnt
|faint|p2a: Snorlax
|
|win|TSV3CTOR
|player|p1
|player|p2