|j|Lord Pelvis
|j|8bitclarinet
|player|p1|Lord Pelvis|102
|player|p2|8bitclarinet|263
|gametype|singles
|gen|1
|tier|[Gen 1] Random Battle
|rated
|seed|60719,52822,28212,51996
|rule|Sleep Clause Mod: Limit one foe put to sleep
|rule|Freeze Clause Mod: Limit one foe frozen
|rule|HP Percentage Mod: HP is shown in percentages
|
|start
|switch|p1a: Poliwhirl|Poliwhirl, L85|284\/284
|switch|p2a: Mew|Mew, L74|300\/300
|turn|1
|choice|move 2|move 1
|
|move|p1a: Poliwhirl|Hypnosis|p2a: Mew
|-status|p2a: Mew|slp
|cant|p2a: Mew|slp
|
|turn|2
|choice|move 1|switch 4
|
|switch|p2a: Haunter|Haunter, L85|250\/250
|move|p1a: Poliwhirl|Amnesia|p1a: Poliwhirl
|-boost|p1a: Poliwhirl|spd|2
|-boost|p1a: Poliwhirl|spa|2
|
|turn|3
|choice|move 4|move 1
|
|move|p2a: Haunter|Hypnosis|p1a: Poliwhirl
|-status|p1a: Poliwhirl|slp
|cant|p1a: Poliwhirl|slp
|
|turn|4
|choice|move 4|move 2
|
|move|p2a: Haunter|Confuse Ray|p1a: Poliwhirl
|-start|p1a: Poliwhirl|confusion
|-curestatus|p1a: Poliwhirl|slp
|
|turn|5
|choice|move 4|move 1
|
|move|p2a: Haunter|Hypnosis|p1a: Poliwhirl
|-status|p1a: Poliwhirl|slp
|-curestatus|p1a: Poliwhirl|slp
|
|turn|6
|choice|move 4|move 1
|
|move|p2a: Haunter|Hypnosis|p1a: Poliwhirl
|-status|p1a: Poliwhirl|slp
|cant|p1a: Poliwhirl|slp
|
|turn|7
|choice|move 4|move 4
|
|move|p2a: Haunter|Psychic|p1a: Poliwhirl
|-crit|p1a: Poliwhirl
|-damage|p1a: Poliwhirl|104\/284 slp
|-unboost|p1a: Poliwhirl|spd|1
|-unboost|p1a: Poliwhirl|spa|1
|-curestatus|p1a: Poliwhirl|slp
|
|turn|8
|choice|switch 2|move 4
|
|switch|p1a: Pikachu|Pikachu, L96|262\/262
|move|p2a: Haunter|Psychic|p1a: Pikachu
|-damage|p1a: Pikachu|180\/262
|
|turn|9
|choice|move 2|switch 5
|
|switch|p2a: Machoke|Machoke, L85|310\/310
|move|p1a: Pikachu|Thunder Wave|p2a: Machoke
|-status|p2a: Machoke|par
|
|turn|10
|choice|move 3|move 1
|
|move|p1a: Pikachu|Thunder|p2a: Machoke
|-damage|p2a: Machoke|148\/310 par
|move|p2a: Machoke|Earthquake|p1a: Pikachu
|-supereffective|p1a: Pikachu
|-damage|p1a: Pikachu|0 fnt
|faint|p1a: Pikachu
|choice|switch 2|
|
|switch|p1a: Poliwhirl|Poliwhirl, L85|104\/284
|turn|11
|choice|move 4|switch 5
|
|switch|p2a: Haunter|Haunter, L85|250\/250
|move|p1a: Poliwhirl|Psychic|p2a: Haunter
|-supereffective|p2a: Haunter
|-damage|p2a: Haunter|170\/250
|-unboost|p2a: Haunter|spd|1
|-unboost|p2a: Haunter|spa|1
|
|turn|12
|choice|move 4|move 2
|
|move|p2a: Haunter|Confuse Ray|p1a: Poliwhirl
|-start|p1a: Poliwhirl|confusion
|-activate|p1a: Poliwhirl|confusion
|-damage|p1a: Poliwhirl|74\/284|[from] confusion
|
|turn|13
|choice|move 4|move 4
|
|move|p2a: Haunter|Psychic|p1a: Poliwhirl
|-damage|p1a: Poliwhirl|7\/284
|-unboost|p1a: Poliwhirl|spd|1
|-unboost|p1a: Poliwhirl|spa|1
|-activate|p1a: Poliwhirl|confusion
|-damage|p1a: Poliwhirl|0 fnt|[from] confusion
|faint|p1a: Poliwhirl
|choice|switch 4|
|
|switch|p1a: Sandslash|Sandslash, L85|301\/301
|turn|14
|choice|move 1|switch 3
|
|switch|p2a: Vaporeon|Vaporeon, L85|395\/395
|move|p1a: Sandslash|Earthquake|p2a: Vaporeon
|-damage|p2a: Vaporeon|267\/395
|
|turn|15
|choice|switch 3|move 4
|
|switch|p1a: Chansey|Chansey, L79|557\/557
|move|p2a: Vaporeon|Hydro Pump|p1a: Chansey
|-damage|p1a: Chansey|430\/557
|
|turn|16
|choice|move 3|switch 5
|
|switch|p2a: Machoke|Machoke, L85|148\/310 par
|move|p1a: Chansey|Thunderbolt|p2a: Machoke
|-damage|p2a: Machoke|67\/310 par
|
|turn|17
|choice|move 3|move 4
|
|move|p1a: Chansey|Thunderbolt|p2a: Machoke
|-crit|p2a: Machoke
|-damage|p2a: Machoke|0 fnt
|faint|p2a: Machoke
|choice||switch 3
|
|switch|p2a: Haunter|Haunter, L85|170\/250
|turn|18
|choice|switch 3|move 1
|
|switch|p1a: Sandslash|Sandslash, L85|301\/301
|move|p2a: Haunter|Hypnosis|p1a: Sandslash
|-status|p1a: Sandslash|slp
|
|turn|19
|choice|switch 3|move 2
|
|switch|p1a: Chansey|Chansey, L79|430\/557
|move|p2a: Haunter|Confuse Ray|p1a: Chansey
|-start|p1a: Chansey|confusion
|
|turn|20
|choice|move 1|move 4
|
|move|p2a: Haunter|Psychic|p1a: Chansey
|-damage|p1a: Chansey|356\/557
|-activate|p1a: Chansey|confusion
|move|p1a: Chansey|Soft-Boiled|p1a: Chansey
|-heal|p1a: Chansey|557\/557
|
|turn|21
|choice|move 3|move 4
|
|move|p2a: Haunter|Psychic|p1a: Chansey
|-damage|p1a: Chansey|487\/557
|-unboost|p1a: Chansey|spd|1
|-unboost|p1a: Chansey|spa|1
|-activate|p1a: Chansey|confusion
|-damage|p1a: Chansey|459\/557|[from] confusion
|
|turn|22
|choice|move 3|move 4
|
|move|p2a: Haunter|Psychic|p1a: Chansey
|-crit|p1a: Chansey
|-damage|p1a: Chansey|323\/557
|-activate|p1a: Chansey|confusion
|-damage|p1a: Chansey|295\/557|[from] confusion
|
|turn|23
|choice|switch 5|move 4
|
|switch|p1a: Mr. Mime|Mr. Mime, L85|242\/242
|move|p2a: Haunter|Psychic|p1a: Mr. Mime
|-resisted|p1a: Mr. Mime
|-damage|p1a: Mr. Mime|211\/242
|
|turn|24
|choice|move 1|move 2
|
|move|p2a: Haunter|Confuse Ray|p1a: Mr. Mime
|-start|p1a: Mr. Mime|confusion
|-activate|p1a: Mr. Mime|confusion
|move|p1a: Mr. Mime|Psychic|p2a: Haunter
|-supereffective|p2a: Haunter
|-damage|p2a: Haunter|12\/250
|
|turn|25
|choice|move 1|switch 2
|
|switch|p2a: Pidgey|Pidgey, L96|272\/272
|-activate|p1a: Mr. Mime|confusion
|move|p1a: Mr. Mime|Psychic|p2a: Pidgey
|-damage|p2a: Pidgey|131\/272
|
|turn|26
|choice|switch 6|move 1
|
|switch|p1a: Slowbro|Slowbro, L79|312\/312
|move|p2a: Pidgey|Double-Edge|p1a: Slowbro
|-damage|p1a: Slowbro|225\/312
|-damage|p2a: Pidgey|110\/272|[from] recoil|[of] p1a: Slowbro
|
|turn|27
|choice|move 2|move 3
|
|move|p2a: Pidgey|Sand Attack|p1a: Slowbro
|-unboost|p1a: Slowbro|accuracy|1
|move|p1a: Slowbro|Surf|p2a: Pidgey
|-damage|p2a: Pidgey|0 fnt
|faint|p2a: Pidgey
|choice||switch 2
|
|switch|p2a: Haunter|Haunter, L85|12\/250
|turn|28
|choice|switch 5|move 2
|
|switch|p1a: Chansey|Chansey, L79|295\/557
|move|p2a: Haunter|Confuse Ray|p1a: Chansey
|-start|p1a: Chansey|confusion
|
|turn|29
|choice|move 1|move 4
|
|move|p2a: Haunter|Psychic|p1a: Chansey
|-crit|p1a: Chansey
|-damage|p1a: Chansey|155\/557
|-unboost|p1a: Chansey|spd|1
|-unboost|p1a: Chansey|spa|1
|-activate|p1a: Chansey|confusion
|move|p1a: Chansey|Soft-Boiled|p1a: Chansey
|-heal|p1a: Chansey|433\/557
|
|turn|30
|choice|switch 3|move 4
|
|switch|p1a: Sandslash|Sandslash, L85|301\/301 slp
|move|p2a: Haunter|Psychic|p1a: Sandslash
|-crit|p1a: Sandslash
|-damage|p1a: Sandslash|128\/301 slp
|-unboost|p1a: Sandslash|spd|1
|-unboost|p1a: Sandslash|spa|1
|
|turn|31
|choice|switch 3|move 3
|
|switch|p1a: Chansey|Chansey, L79|433\/557
|move|p2a: Haunter|Mega Drain|p1a: Chansey
|-damage|p1a: Chansey|404\/557
|-heal|p2a: Haunter|26\/250|[from] drain|[of] p1a: Chansey
|
|turn|32
|choice|move 3|move 2
|
|move|p2a: Haunter|Confuse Ray|p1a: Chansey
|-start|p1a: Chansey|confusion
|-activate|p1a: Chansey|confusion
|-damage|p1a: Chansey|376\/557|[from] confusion
|
|turn|33
|choice|move 1|move 4
|
|move|p2a: Haunter|Psychic|p1a: Chansey
|-crit|p1a: Chansey
|-damage|p1a: Chansey|249\/557
|-activate|p1a: Chansey|confusion
|move|p1a: Chansey|Soft-Boiled|p1a: Chansey
|-heal|p1a: Chansey|527\/557
|
|turn|34
|choice|move 3|move 4
|
|move|p2a: Haunter|Psychic|p1a: Chansey
|-crit|p1a: Chansey
|-damage|p1a: Chansey|383\/557
|-activate|p1a: Chansey|confusion
|-damage|p1a: Chansey|355\/557|[from] confusion
|
|turn|35
|choice|switch 6|move 4
|
|switch|p1a: Mr. Mime|Mr. Mime, L85|211\/242
|move|p2a: Haunter|Psychic|p1a: Mr. Mime
|-resisted|p1a: Mr. Mime
|-damage|p1a: Mr. Mime|181\/242
|-unboost|p1a: Mr. Mime|spd|1
|-unboost|p1a: Mr. Mime|spa|1
|
|turn|36
|choice|switch 3|move 2
|
|switch|p1a: Sandslash|Sandslash, L85|128\/301 slp
|move|p2a: Haunter|Confuse Ray|p1a: Sandslash
|-start|p1a: Sandslash|confusion
|
|turn|37
|choice|switch 6|move 3
|
|switch|p1a: Chansey|Chansey, L79|355\/557
|move|p2a: Haunter|Mega Drain|p1a: Chansey
|-damage|p1a: Chansey|323\/557
|-heal|p2a: Haunter|42\/250|[from] drain|[of] p1a: Chansey
|
|turn|38
|choice|move 1|move 2
|
|move|p2a: Haunter|Confuse Ray|p1a: Chansey
|-start|p1a: Chansey|confusion
|-activate|p1a: Chansey|confusion
|move|p1a: Chansey|Soft-Boiled|p1a: Chansey
|-heal|p1a: Chansey|557\/557
|
|turn|39
|choice|move 3|move 4
|
|move|p2a: Haunter|Psychic|p1a: Chansey
|-damage|p1a: Chansey|491\/557
|-unboost|p1a: Chansey|spd|1
|-unboost|p1a: Chansey|spa|1
|-activate|p1a: Chansey|confusion
|-damage|p1a: Chansey|463\/557|[from] confusion
|
|turn|40
|choice|switch 3|move 4
|
|switch|p1a: Mr. Mime|Mr. Mime, L85|181\/242
|move|p2a: Haunter|Psychic|p1a: Mr. Mime
|-resisted|p1a: Mr. Mime
|-damage|p1a: Mr. Mime|151\/242
|
|turn|41
|choice|move 1|switch 4
|
|switch|p2a: Mew|Mew, L74|300\/300 slp
|move|p1a: Mr. Mime|Psychic|p2a: Mew
|-crit|p2a: Mew
|-resisted|p2a: Mew
|-damage|p2a: Mew|204\/300 slp
|-unboost|p2a: Mew|spd|1
|-unboost|p2a: Mew|spa|1
|
|turn|42
|choice|move 2|move 1
|
|move|p1a: Mr. Mime|Thunderbolt|p2a: Mew
|-damage|p2a: Mew|86\/300 slp
|cant|p2a: Mew|slp
|
|turn|43
|choice|move 2|move 1
|
|move|p1a: Mr. Mime|Thunderbolt|p2a: Mew
|-damage|p2a: Mew|0 fnt
|faint|p2a: Mew
|choice||switch 6
|
|switch|p2a: Golem|Golem, L79|288\/288
|turn|44
|choice|switch 6|move 2
|
|switch|p1a: Sandslash|Sandslash, L85|128\/301 slp
|move|p2a: Golem|Earthquake|p1a: Sandslash
|-crit|p1a: Sandslash
|-damage|p1a: Sandslash|0 fnt
|faint|p1a: Sandslash
|choice|switch 5|
|
|switch|p1a: Slowbro|Slowbro, L79|225\/312
|turn|45
|choice|move 4|switch 5
|
|switch|p2a: Vaporeon|Vaporeon, L85|267\/395
|move|p1a: Slowbro|Thunder Wave|p2a: Vaporeon
|-status|p2a: Vaporeon|par
|
|turn|46
|choice|move 1|move 3
|
|move|p1a: Slowbro|Amnesia|p1a: Slowbro
|-boost|p1a: Slowbro|spd|2
|-boost|p1a: Slowbro|spa|2
|move|p2a: Vaporeon|Mimic|p1a: Slowbro
|-start|p2a: Vaporeon|Mimic|Amnesia
|
|turn|47
|choice|switch 6|move 3
|
|switch|p1a: Mr. Mime|Mr. Mime, L85|151\/242
|cant|p2a: Vaporeon|par
|
|turn|48
|choice|move 1|move 3
|
|move|p1a: Mr. Mime|Psychic|p2a: Vaporeon
|-damage|p2a: Vaporeon|181\/395 par
|move|p2a: Vaporeon|Amnesia|p2a: Vaporeon
|-boost|p2a: Vaporeon|spd|2
|-boost|p2a: Vaporeon|spa|2
|
|turn|49
|l|8bitclarinet
|player|p2
|j|8bitclarinet
|player|p2|8bitclarinet|263
|choice|move 2|move 3
|
|move|p1a: Mr. Mime|Thunderbolt|p2a: Vaporeon
|-supereffective|p2a: Vaporeon
|-damage|p2a: Vaporeon|120\/395 par
|cant|p2a: Vaporeon|par
|
|turn|50
|choice|move 3|move 4
|
|move|p1a: Mr. Mime|Seismic Toss|p2a: Vaporeon
|-damage|p2a: Vaporeon|35\/395 par
|move|p2a: Vaporeon|Hydro Pump|p1a: Mr. Mime
|-damage|p1a: Mr. Mime|0 fnt
|faint|p1a: Mr. Mime
|choice|switch 3|
|
|switch|p1a: Chansey|Chansey, L79|463\/557
|turn|51
|choice|move 3|switch 5
|
|switch|p2a: Golem|Golem, L79|288\/288
|move|p1a: Chansey|Thunderbolt|p2a: Golem
|-immune|p2a: Golem|[msg]
|
|turn|52
|choice|move 2|move 2
|
|move|p1a: Chansey|Reflect|p1a: Chansey
|-start|p1a: Chansey|Reflect
|move|p2a: Golem|Earthquake|p1a: Chansey
|-damage|p1a: Chansey|319\/557
|
|turn|53
|choice|move 1|move 1
|
|move|p1a: Chansey|Soft-Boiled|p1a: Chansey
|-heal|p1a: Chansey|557\/557
|move|p2a: Golem|Body Slam|p1a: Chansey
|-damage|p1a: Chansey|480\/557
|
|turn|54
|choice|move 4|move 1
|
|move|p1a: Chansey|Ice Beam|p2a: Golem
|-supereffective|p2a: Golem
|-damage|p2a: Golem|105\/288
|move|p2a: Golem|Body Slam|p1a: Chansey
|-damage|p1a: Chansey|409\/557
|
|turn|55
|choice|move 4|move 3
|
|move|p1a: Chansey|Ice Beam|p2a: Golem
|-supereffective|p2a: Golem
|-damage|p2a: Golem|0 fnt
|faint|p2a: Golem
|choice||switch 4
|
|switch|p2a: Haunter|Haunter, L85|42\/250
|turn|56
|choice|move 3|move 1
|
|move|p2a: Haunter|Hypnosis|p1a: Chansey
|-status|p1a: Chansey|slp
|cant|p1a: Chansey|slp
|
|turn|57
|c|★Lord Pelvis|:P
|choice|move 1|move 2
|
|move|p2a: Haunter|Confuse Ray|p1a: Chansey
|-start|p1a: Chansey|confusion
|cant|p1a: Chansey|slp
|
|turn|58
|choice|switch 6|move 3
|
|switch|p1a: Slowbro|Slowbro, L79|225\/312
|move|p2a: Haunter|Mega Drain|p1a: Slowbro
|-supereffective|p1a: Slowbro
|-damage|p1a: Slowbro|149\/312
|-heal|p2a: Haunter|80\/250|[from] drain|[of] p1a: Slowbro
|
|turn|59
|choice|move 4|move 2
|
|move|p2a: Haunter|Confuse Ray|p1a: Slowbro
|-start|p1a: Slowbro|confusion
|-activate|p1a: Slowbro|confusion
|move|p1a: Slowbro|Thunder Wave|p2a: Haunter
|-status|p2a: Haunter|par
|
|turn|60
|choice|switch 6|move 3
|
|switch|p1a: Chansey|Chansey, L79|409\/557 slp
|cant|p2a: Haunter|par
|
|turn|61
|choice|move 3|move 2
|
|cant|p1a: Chansey|slp
|cant|p2a: Haunter|par
|
|turn|62
|choice|switch 6|move 2
|
|switch|p1a: Slowbro|Slowbro, L79|149\/312
|move|p2a: Haunter|Confuse Ray|p1a: Slowbro|[miss]
|-miss|p2a: Haunter
|
|turn|63
|choice|move 1|move 2
|
|move|p1a: Slowbro|Amnesia|p1a: Slowbro
|-boost|p1a: Slowbro|spd|2
|-boost|p1a: Slowbro|spa|2
|cant|p2a: Haunter|par
|
|turn|64
|choice|move 2|move 2
|
|move|p1a: Slowbro|Surf|p2a: Haunter
|-damage|p2a: Haunter|0 fnt
|faint|p2a: Haunter
|c|★Lord Pelvis|gg
|-message|8bitclarinet forfeited.
|
|win|Lord Pelvis
|l|8bitclarinet
|player|p2
|raw|Lord Pelvis's rating: 1256 &rarr; <strong>1277<\/strong><br \/>(+21 for winning)
|raw|8bitclarinet's rating: 1206 &rarr; <strong>1185<\/strong><br \/>(-21 for losing)