|j|Whoremaster
|j|rodmaster 450
|player|p1|Whoremaster|43
|player|p2|rodmaster 450|1
|gametype|singles
|gen|1
|tier|[Gen 1] OU
|rated
|seed|14823,5721,44,8462
|rule|Sleep Clause Mod: Limit one foe put to sleep
|rule|Freeze Clause Mod: Limit one foe frozen
|rule|Species Clause: Limit one of each Pokémon
|rule|OHKO Clause: OHKO moves are banned
|rule|Evasion Moves Clause: Evasion moves are banned
|rule|HP Percentage Mod: HP is shown in percentages
|
|start
|switch|p1a: Alakazam|Alakazam|313\/313
|switch|p2a: Alakazam|Alakazam|313\/313
|turn|1
|choice|switch 3|move 3
|
|switch|p1a: Chansey|Chansey|703\/703
|move|p2a: Alakazam|Thunder Wave|p1a: Chansey
|-status|p1a: Chansey|par
|
|turn|2
|choice|move 1|switch 2
|
|switch|p2a: Rhydon|Rhydon|413\/413
|move|p1a: Chansey|Ice Beam|p2a: Rhydon
|-crit|p2a: Rhydon
|-supereffective|p2a: Rhydon
|-damage|p2a: Rhydon|0 fnt
|faint|p2a: Rhydon
|choice||switch 3
|
|switch|p2a: Lapras|Lapras|463\/463
|turn|3
|choice|move 2|move 4
|
|move|p2a: Lapras|Confuse Ray|p1a: Chansey
|-start|p1a: Chansey|confusion
|-activate|p1a: Chansey|confusion
|-damage|p1a: Chansey|668\/703 par|[from] confusion
|
|turn|4
|choice|move 2|move 2
|
|move|p2a: Lapras|Thunderbolt|p1a: Chansey
|-damage|p1a: Chansey|595\/703 par
|-end|p1a: Chansey|confusion
|move|p1a: Chansey|Thunderbolt|p2a: Lapras
|-supereffective|p2a: Lapras
|-damage|p2a: Lapras|305\/463
|
|turn|5
|choice|move 2|move 4
|
|move|p2a: Lapras|Confuse Ray|p1a: Chansey
|-start|p1a: Chansey|confusion
|-activate|p1a: Chansey|confusion
|-damage|p1a: Chansey|560\/703 par|[from] confusion
|
|turn|6
|choice|move 3|switch 2
|
|switch|p2a: Alakazam|Alakazam|313\/313
|-activate|p1a: Chansey|confusion
|move|p1a: Chansey|Thunder Wave|p2a: Alakazam
|-status|p2a: Alakazam|par
|
|turn|7
|choice|move 4|move 1
|
|move|p2a: Alakazam|Psychic|p1a: Chansey
|-damage|p1a: Chansey|427\/703 par
|cant|p1a: Chansey|par
|
|turn|8
|choice|move 4|move 1
|
|move|p2a: Alakazam|Psychic|p1a: Chansey
|-damage|p1a: Chansey|296\/703 par
|-activate|p1a: Chansey|confusion
|move|p1a: Chansey|Soft-Boiled|p1a: Chansey
|-heal|p1a: Chansey|647\/703 par
|
|turn|9
|choice|move 2|move 1
|
|move|p2a: Alakazam|Psychic|p1a: Chansey
|-damage|p1a: Chansey|513\/703 par
|cant|p1a: Chansey|par
|
|turn|10
|choice|move 2|move 1
|
|move|p2a: Alakazam|Psychic|p1a: Chansey
|-crit|p1a: Chansey
|-damage|p1a: Chansey|283\/703 par
|-activate|p1a: Chansey|confusion
|-damage|p1a: Chansey|248\/703 par|[from] confusion
|
|turn|11
|choice|switch 2|move 1
|
|switch|p1a: Exeggutor|Exeggutor|393\/393
|cant|p2a: Alakazam|par
|
|turn|12
|choice|move 1|switch 6
|
|switch|p2a: Chansey|Chansey|703\/703
|move|p1a: Exeggutor|Sleep Powder|p2a: Chansey
|-status|p2a: Chansey|slp
|
|turn|13
|choice|move 2|move 1
|
|move|p1a: Exeggutor|Psychic|p2a: Chansey
|-damage|p2a: Chansey|583\/703 slp
|-unboost|p2a: Chansey|spd|1
|-unboost|p2a: Chansey|spa|1
|cant|p2a: Chansey|slp
|
|turn|14
|choice|move 2|move 1
|
|move|p1a: Exeggutor|Psychic|p2a: Chansey
|-damage|p2a: Chansey|386\/703 slp
|-unboost|p2a: Chansey|spd|1
|-unboost|p2a: Chansey|spa|1
|cant|p2a: Chansey|slp
|
|turn|15
|choice|move 2|move 2
|
|move|p1a: Exeggutor|Psychic|p2a: Chansey
|-damage|p2a: Chansey|142\/703 slp
|-unboost|p2a: Chansey|spd|1
|-unboost|p2a: Chansey|spa|1
|-curestatus|p2a: Chansey|slp
|
|turn|16
|choice|move 2|switch 2
|
|switch|p2a: Lapras|Lapras|305\/463
|move|p1a: Exeggutor|Psychic|p2a: Lapras
|-damage|p2a: Lapras|181\/463
|
|turn|17
|choice|switch 2|move 1
|
|switch|p1a: Chansey|Chansey|248\/703 par
|move|p2a: Lapras|Ice Beam|p1a: Chansey
|-damage|p1a: Chansey|141\/703 par
|
|turn|18
|choice|move 4|switch 6
|
|switch|p2a: Alakazam|Alakazam|313\/313 par
|move|p1a: Chansey|Soft-Boiled|p1a: Chansey
|-heal|p1a: Chansey|492\/703 par
|
|turn|19
|choice|move 4|move 1
|
|move|p2a: Alakazam|Psychic|p1a: Chansey
|-damage|p1a: Chansey|367\/703 par
|cant|p1a: Chansey|par
|
|turn|20
|choice|move 4|move 1
|
|move|p2a: Alakazam|Psychic|p1a: Chansey
|-damage|p1a: Chansey|230\/703 par
|-unboost|p1a: Chansey|spd|1
|-unboost|p1a: Chansey|spa|1
|move|p1a: Chansey|Soft-Boiled|p1a: Chansey
|-heal|p1a: Chansey|581\/703 par
|
|turn|21
|choice|switch 2|move 1
|
|switch|p1a: Exeggutor|Exeggutor|393\/393
|move|p2a: Alakazam|Psychic|p1a: Exeggutor
|-resisted|p1a: Exeggutor
|-damage|p1a: Exeggutor|334\/393
|
|turn|22
|choice|move 3|move 3
|
|move|p1a: Exeggutor|Double-Edge|p2a: Alakazam
|-damage|p2a: Alakazam|185\/313 par
|-damage|p1a: Exeggutor|302\/393|[from] recoil|[of] p2a: Alakazam
|move|p2a: Alakazam|Thunder Wave|p1a: Exeggutor
|-status|p1a: Exeggutor|par
|
|turn|23
|choice|move 1|switch 6
|
|switch|p2a: Lapras|Lapras|181\/463
|move|p1a: Exeggutor|Sleep Powder|p2a: Lapras
|-status|p2a: Lapras|slp
|
|turn|24
|choice|move 3|switch 6
|
|switch|p2a: Alakazam|Alakazam|185\/313 par
|move|p1a: Exeggutor|Double-Edge|p2a: Alakazam
|-damage|p2a: Alakazam|58\/313 par
|-damage|p1a: Exeggutor|271\/393 par|[from] recoil|[of] p2a: Alakazam
|
|turn|25
|choice|move 3|move 2
|
|move|p2a: Alakazam|Recover|p2a: Alakazam
|-fail|p2a: Alakazam
|move|p1a: Exeggutor|Double-Edge|p2a: Alakazam
|-damage|p2a: Alakazam|0 fnt
|-damage|p1a: Exeggutor|257\/393 par|[from] recoil|[of] p2a: Alakazam
|faint|p2a: Alakazam
|choice||switch 2
|
|switch|p2a: Chansey|Chansey|142\/703
|turn|26
|c|★Whoremaster|oo that sucks
|choice|switch 2|move 2
|
|switch|p1a: Chansey|Chansey|581\/703 par
|move|p2a: Chansey|Soft-Boiled|p2a: Chansey
|-heal|p2a: Chansey|493\/703
|
|turn|27
|choice|move 2|move 2
|
|move|p2a: Chansey|Soft-Boiled|p2a: Chansey
|-heal|p2a: Chansey|703\/703
|move|p1a: Chansey|Thunderbolt|p2a: Chansey
|-damage|p2a: Chansey|630\/703
|
|turn|28
|choice|move 1|move 1
|
|move|p2a: Chansey|Ice Beam|p1a: Chansey
|-damage|p1a: Chansey|504\/703 par
|move|p1a: Chansey|Ice Beam|p2a: Chansey
|-damage|p2a: Chansey|554\/703
|
|turn|29
|choice|move 1|move 1
|
|move|p2a: Chansey|Ice Beam|p1a: Chansey
|-damage|p1a: Chansey|424\/703 par
|move|p1a: Chansey|Ice Beam|p2a: Chansey
|-damage|p2a: Chansey|483\/703
|
|turn|30
|choice|move 1|switch 6
|
|switch|p2a: Lapras|Lapras|181\/463 slp
|move|p1a: Chansey|Ice Beam|p2a: Lapras
|-resisted|p2a: Lapras
|-damage|p2a: Lapras|163\/463 slp
|
|turn|31
|choice|move 2|move 4
|
|cant|p2a: Lapras|slp
|cant|p1a: Chansey|par
|
|turn|32
|choice|move 2|move 4
|
|cant|p2a: Lapras|slp
|move|p1a: Chansey|Thunderbolt|p2a: Lapras
|-supereffective|p2a: Lapras
|-damage|p2a: Lapras|2\/463 slp
|
|turn|33
|choice|move 2|move 4
|
|cant|p2a: Lapras|slp
|move|p1a: Chansey|Thunderbolt|p2a: Lapras
|-supereffective|p2a: Lapras
|-damage|p2a: Lapras|0 fnt
|faint|p2a: Lapras
|choice||switch 6
|
|switch|p2a: Chansey|Chansey|483\/703
|turn|34
|choice|move 4|move 4
|
|move|p2a: Chansey|Thunderbolt|p1a: Chansey
|-damage|p1a: Chansey|353\/703 par
|cant|p1a: Chansey|par
|
|turn|35
|choice|move 1|move 1
|
|move|p2a: Chansey|Ice Beam|p1a: Chansey
|-damage|p1a: Chansey|274\/703 par
|move|p1a: Chansey|Ice Beam|p2a: Chansey
|-damage|p2a: Chansey|403\/703
|
|turn|36
|choice|move 4|move 2
|
|move|p2a: Chansey|Soft-Boiled|p2a: Chansey
|-heal|p2a: Chansey|703\/703
|cant|p1a: Chansey|par
|
|turn|37
|choice|move 4|move 1
|
|move|p2a: Chansey|Ice Beam|p1a: Chansey
|-damage|p1a: Chansey|206\/703 par
|move|p1a: Chansey|Soft-Boiled|p1a: Chansey
|-heal|p1a: Chansey|557\/703 par
|
|turn|38
|choice|move 1|move 1
|
|move|p2a: Chansey|Ice Beam|p1a: Chansey|[miss]
|-miss|p2a: Chansey
|move|p1a: Chansey|Ice Beam|p2a: Chansey
|-damage|p2a: Chansey|629\/703
|
|turn|39
|choice|move 1|move 1
|
|move|p2a: Chansey|Ice Beam|p1a: Chansey
|-damage|p1a: Chansey|485\/703 par
|move|p1a: Chansey|Ice Beam|p2a: Chansey
|-damage|p2a: Chansey|548\/703
|
|turn|40
|choice|move 1|move 4
|
|move|p2a: Chansey|Thunderbolt|p1a: Chansey
|-damage|p1a: Chansey|407\/703 par
|move|p1a: Chansey|Ice Beam|p2a: Chansey
|-damage|p2a: Chansey|469\/703
|
|turn|41
|choice|move 1|move 2
|
|move|p2a: Chansey|Soft-Boiled|p2a: Chansey
|-heal|p2a: Chansey|703\/703
|move|p1a: Chansey|Ice Beam|p2a: Chansey
|-damage|p2a: Chansey|632\/703
|
|turn|42
|choice|move 4|move 1
|
|move|p2a: Chansey|Ice Beam|p1a: Chansey
|-damage|p1a: Chansey|335\/703 par
|move|p1a: Chansey|Soft-Boiled|p1a: Chansey
|-heal|p1a: Chansey|686\/703 par
|
|turn|43
|choice|move 1|move 4
|
|move|p2a: Chansey|Thunderbolt|p1a: Chansey
|-crit|p1a: Chansey
|-damage|p1a: Chansey|539\/703 par
|cant|p1a: Chansey|par
|
|turn|44
|choice|move 1|move 4
|
|move|p2a: Chansey|Thunderbolt|p1a: Chansey
|-damage|p1a: Chansey|469\/703 par
|move|p1a: Chansey|Ice Beam|p2a: Chansey
|-crit|p2a: Chansey
|-damage|p2a: Chansey|483\/703
|
|turn|45
|choice|move 1|move 1
|
|move|p2a: Chansey|Ice Beam|p1a: Chansey
|-damage|p1a: Chansey|393\/703 par
|move|p1a: Chansey|Ice Beam|p2a: Chansey
|-damage|p2a: Chansey|412\/703
|
|turn|46
|choice|move 4|move 2
|
|move|p2a: Chansey|Soft-Boiled|p2a: Chansey
|-heal|p2a: Chansey|703\/703
|move|p1a: Chansey|Soft-Boiled|p1a: Chansey
|-heal|p1a: Chansey|703\/703 par
|
|turn|47
|choice|move 1|move 4
|
|move|p2a: Chansey|Thunderbolt|p1a: Chansey
|-damage|p1a: Chansey|633\/703 par
|move|p1a: Chansey|Ice Beam|p2a: Chansey
|-damage|p2a: Chansey|630\/703
|
|turn|48
|choice|move 1|move 1
|
|move|p2a: Chansey|Ice Beam|p1a: Chansey
|-damage|p1a: Chansey|559\/703 par
|move|p1a: Chansey|Ice Beam|p2a: Chansey
|-damage|p2a: Chansey|554\/703
|
|turn|49
|choice|move 1|move 1
|
|move|p2a: Chansey|Ice Beam|p1a: Chansey
|-damage|p1a: Chansey|480\/703 par
|move|p1a: Chansey|Ice Beam|p2a: Chansey
|-damage|p2a: Chansey|476\/703
|-status|p2a: Chansey|frz
|
|turn|50
|choice|move 3|move 1
|
|cant|p2a: Chansey|frz
|move|p1a: Chansey|Thunder Wave|p2a: Chansey
|-fail|p2a: Chansey
|
|turn|51
|choice|move 3|move 1
|
|cant|p2a: Chansey|frz
|cant|p1a: Chansey|par
|
|turn|52
|choice|move 4|move 1
|
|cant|p2a: Chansey|frz
|move|p1a: Chansey|Soft-Boiled|p1a: Chansey
|-heal|p1a: Chansey|703\/703 par
|
|turn|53
|choice|move 2|move 1
|
|cant|p2a: Chansey|frz
|move|p1a: Chansey|Thunderbolt|p2a: Chansey
|-crit|p2a: Chansey
|-damage|p2a: Chansey|332\/703 frz
|
|turn|54
|choice|move 2|move 1
|
|cant|p2a: Chansey|frz
|cant|p1a: Chansey|par
|
|turn|55
|choice|move 2|move 2
|
|cant|p2a: Chansey|frz
|cant|p1a: Chansey|par
|
|turn|56
|choice|move 2|move 2
|
|cant|p2a: Chansey|frz
|move|p1a: Chansey|Thunderbolt|p2a: Chansey
|-damage|p2a: Chansey|255\/703 frz
|
|turn|57
|choice|move 2|move 2
|
|cant|p2a: Chansey|frz
|cant|p1a: Chansey|par
|
|turn|58
|choice|move 2|move 2
|
|cant|p2a: Chansey|frz
|move|p1a: Chansey|Thunderbolt|p2a: Chansey
|-damage|p2a: Chansey|176\/703 frz
|
|turn|59
|choice|move 2|move 2
|
|cant|p2a: Chansey|frz
|move|p1a: Chansey|Thunderbolt|p2a: Chansey
|-damage|p2a: Chansey|98\/703 frz
|
|turn|60
|choice|move 2|move 2
|
|cant|p2a: Chansey|frz
|cant|p1a: Chansey|par
|
|turn|61
|choice|move 2|move 2
|
|cant|p2a: Chansey|frz
|move|p1a: Chansey|Thunderbolt|p2a: Chansey
|-damage|p2a: Chansey|21\/703 frz
|
|turn|62
|choice|move 2|move 2
|
|cant|p2a: Chansey|frz
|cant|p1a: Chansey|par
|
|turn|63
|choice|move 2|move 2
|
|cant|p2a: Chansey|frz
|move|p1a: Chansey|Thunderbolt|p2a: Chansey
|-crit|p2a: Chansey
|-damage|p2a: Chansey|0 fnt
|faint|p2a: Chansey
|choice||switch 4
|
|switch|p2a: Zapdos|Zapdos|383\/383
|turn|64
|choice|switch 4|move 2
|
|switch|p1a: Golem|Golem|363\/363
|move|p2a: Zapdos|Drill Peck|p1a: Golem
|-resisted|p1a: Golem
|-damage|p1a: Golem|326\/363
|
|turn|65
|choice|move 3|switch 5
|
|switch|p2a: Dragonite|Dragonite|385\/385
|move|p1a: Golem|Rock Slide|p2a: Dragonite
|-supereffective|p2a: Dragonite
|-damage|p2a: Dragonite|175\/385
|
|turn|66
|choice|switch 3|move 4
|
|switch|p1a: Alakazam|Alakazam|313\/313
|move|p2a: Dragonite|Surf|p1a: Alakazam
|-damage|p1a: Alakazam|257\/313
|
|turn|67
|choice|move 2|move 2
|
|move|p1a: Alakazam|Thunder Wave|p2a: Dragonite
|-status|p2a: Dragonite|par
|cant|p2a: Dragonite|par
|
|turn|68
|choice|move 1|move 2
|
|move|p1a: Alakazam|Psychic|p2a: Dragonite
|-damage|p2a: Dragonite|39\/385 par
|-unboost|p2a: Dragonite|spd|1
|-unboost|p2a: Dragonite|spa|1
|move|p2a: Dragonite|Wrap|p1a: Alakazam
|-damage|p1a: Alakazam|233\/313
|-activate|p1a: Alakazam|move: Wrap|[of] p2a: Dragonite
|
|turn|69
|choice|move 1|switch 5
|
|switch|p2a: Zapdos|Zapdos|383\/383
|cant|p1a: Alakazam|partiallytrapped
|
|-end|p1a: Alakazam|Wrap|[partiallytrapped]
|turn|70
|choice|switch 3|move 3
|
|switch|p1a: Golem|Golem|326\/363
|move|p2a: Zapdos|Thunder Wave|p1a: Golem
|-immune|p1a: Golem|[msg]
|
|turn|71
|choice|move 3|switch 5
|
|switch|p2a: Dragonite|Dragonite|39\/385 par
|move|p1a: Golem|Rock Slide|p2a: Dragonite
|-supereffective|p2a: Dragonite
|-damage|p2a: Dragonite|0 fnt
|faint|p2a: Dragonite
|c|★rodmaster 450|im back to normal OU this sucks xD
|c|★Whoremaster|lol gg
|choice||switch 5
|
|switch|p2a: Zapdos|Zapdos|383\/383
|turn|72
|c|★Whoremaster|you did pretty well, just a bit predictable
|choice|move 3|move 2
|
|move|p2a: Zapdos|Drill Peck|p1a: Golem
|-crit|p1a: Golem
|-resisted|p1a: Golem
|-damage|p1a: Golem|256\/363
|move|p1a: Golem|Rock Slide|p2a: Zapdos|[miss]
|-miss|p1a: Golem
|
|turn|73
|c|★rodmaster 450|lol
|c|★rodmaster 450|thanks
|choice|move 3|move 2
|
|move|p2a: Zapdos|Drill Peck|p1a: Golem
|-resisted|p1a: Golem
|-damage|p1a: Golem|221\/363
|move|p1a: Golem|Rock Slide|p2a: Zapdos|[miss]
|-miss|p1a: Golem
|
|turn|74
|c|★rodmaster 450|gg
|c|★rodmaster 450|wtf haha
|c|★Whoremaster|this ever gunna hit lol
|choice|move 3|move 2
|
|move|p2a: Zapdos|Drill Peck|p1a: Golem
|-crit|p1a: Golem
|-resisted|p1a: Golem
|-damage|p1a: Golem|155\/363
|move|p1a: Golem|Rock Slide|p2a: Zapdos
|-supereffective|p2a: Zapdos
|-damage|p2a: Zapdos|163\/383
|
|turn|75
|choice|move 4|move 2
|
|move|p2a: Zapdos|Drill Peck|p1a: Golem
|-resisted|p1a: Golem
|-damage|p1a: Golem|121\/363
|move|p1a: Golem|Explosion|p2a: Zapdos
|-damage|p2a: Zapdos|0 fnt
|faint|p2a: Zapdos
|faint|p1a: Golem
|
|win|Whoremaster
|player|p1
|player|p2
|raw|Whoremaster's rating: 1332 &rarr; <strong>1339<\/strong><br \/>(+7 for winning)
|raw|rodmaster 450's rating: 1060 &rarr; <strong>1054<\/strong><br \/>(-6 for losing)
|c|★Whoremaster|ok gg mate
|c|★rodmaster 450|haha ok gg
|l|rodmaster 450