|j|Parnasect
|j|Dervodel2
|player|p1|Parnasect|115
|player|p2|Dervodel2|238
|gametype|singles
|gen|1
|tier|[Gen 1] Random Battle
|rated
|seed|
|rule|Sleep Clause Mod: Limit one foe put to sleep
|rule|Freeze Clause Mod: Limit one foe frozen
|rule|HP Percentage Mod: HP is shown in percentages
|
|start
|switch|p1a: Paras|Paras, L96|100\/100
|switch|p2a: Ponyta|Ponyta, L96|100\/100
|turn|1
|choice||
|
|switch|p1a: Wartortle|Wartortle, L85|100\/100
|move|p2a: Ponyta|Fire Blast|p1a: Wartortle
|-resisted|p1a: Wartortle
|-damage|p1a: Wartortle|75\/100
|
|turn|2
|choice||
|
|switch|p2a: Dewgong|Dewgong, L85|100\/100
|move|p1a: Wartortle|Hydro Pump|p2a: Dewgong
|-resisted|p2a: Dewgong
|-damage|p2a: Dewgong|87\/100
|
|turn|3
|choice||
|
|switch|p1a: Jolteon|Jolteon, L79|100\/100
|move|p2a: Dewgong|Blizzard|p1a: Jolteon
|-damage|p1a: Jolteon|52\/100
|
|turn|4
|choice||
|
|switch|p2a: Clefairy|Clefairy, L95|100\/100
|move|p1a: Jolteon|Thunderbolt|p2a: Clefairy
|-crit|p2a: Clefairy
|-damage|p2a: Clefairy|31\/100
|
|turn|5
|choice||
|
|move|p1a: Jolteon|Thunderbolt|p2a: Clefairy
|-damage|p2a: Clefairy|0 fnt
|faint|p2a: Clefairy
|choice||
|
|switch|p2a: Primeape|Primeape, L90|100\/100
|turn|6
|choice||
|
|move|p1a: Jolteon|Thunderbolt|p2a: Primeape
|-damage|p2a: Primeape|61\/100
|move|p2a: Primeape|Body Slam|p1a: Jolteon
|-damage|p1a: Jolteon|17\/100
|
|turn|7
|choice||
|
|move|p1a: Jolteon|Thunderbolt|p2a: Primeape
|-damage|p2a: Primeape|22\/100
|move|p2a: Primeape|Body Slam|p1a: Jolteon
|-damage|p1a: Jolteon|0 fnt
|faint|p1a: Jolteon
|choice||
|
|switch|p1a: Persian|Persian, L79|100\/100
|turn|8
|choice||
|
|switch|p2a: Weezing|Weezing, L90|100\/100
|move|p1a: Persian|Slash|p2a: Weezing
|-crit|p2a: Weezing
|-damage|p2a: Weezing|75\/100
|
|turn|9
|choice||
|
|move|p1a: Persian|Slash|p2a: Weezing
|-crit|p2a: Weezing
|-damage|p2a: Weezing|46\/100
|move|p2a: Weezing|Fire Blast|p1a: Persian
|-crit|p1a: Persian
|-damage|p1a: Persian|11\/100
|
|turn|10
|choice||
|
|move|p1a: Persian|Hyper Beam|p2a: Weezing
|-damage|p2a: Weezing|18\/100
|move|p2a: Weezing|Thunderbolt|p1a: Persian
|-crit|p1a: Persian
|-damage|p1a: Persian|0 fnt
|faint|p1a: Persian
|choice||
|
|switch|p1a: Dugtrio|Dugtrio, L85|100\/100
|turn|11
|choice||
|
|switch|p2a: Dewgong|Dewgong, L85|87\/100
|move|p1a: Dugtrio|Earthquake|p2a: Dewgong
|-damage|p2a: Dewgong|57\/100
|
|turn|12
|choice||
|
|switch|p1a: Wartortle|Wartortle, L85|75\/100
|move|p2a: Dewgong|Blizzard|p1a: Wartortle|[miss]
|-miss|p2a: Dewgong
|
|turn|13
|choice||
|
|switch|p2a: Primeape|Primeape, L90|22\/100
|move|p1a: Wartortle|Body Slam|p2a: Primeape
|-crit|p2a: Primeape
|-damage|p2a: Primeape|0 fnt
|faint|p2a: Primeape
|choice||
|
|switch|p2a: Weezing|Weezing, L90|18\/100
|turn|14
|choice||
|
|move|p2a: Weezing|Explosion|p1a: Wartortle
|-damage|p1a: Wartortle|0 fnt
|faint|p1a: Wartortle
|faint|p2a: Weezing
|choice||
|
|switch|p2a: Dewgong|Dewgong, L85|57\/100
|switch|p1a: Vaporeon|Vaporeon, L85|100\/100
|turn|15
|choice||
|
|move|p2a: Dewgong|Mimic|p1a: Vaporeon
|-start|p2a: Dewgong|Mimic|Body Slam
|move|p1a: Vaporeon|Body Slam|p2a: Dewgong
|-damage|p2a: Dewgong|41\/100
|
|turn|16
|choice||
|
|move|p2a: Dewgong|Body Slam|p1a: Vaporeon
|-damage|p1a: Vaporeon|85\/100
|move|p1a: Vaporeon|Hydro Pump|p2a: Dewgong|[miss]
|-miss|p1a: Vaporeon
|
|turn|17
|choice||
|
|move|p2a: Dewgong|Blizzard|p1a: Vaporeon
|-resisted|p1a: Vaporeon
|-damage|p1a: Vaporeon|70\/100
|move|p1a: Vaporeon|Hydro Pump|p2a: Dewgong
|-resisted|p2a: Dewgong
|-damage|p2a: Dewgong|20\/100
|
|turn|18
|choice||
|
|switch|p2a: Alakazam|Alakazam, L79|100\/100
|move|p1a: Vaporeon|Hydro Pump|p2a: Alakazam
|-damage|p2a: Alakazam|52\/100
|
|turn|19
|choice||
|
|move|p2a: Alakazam|Thunder Wave|p1a: Vaporeon
|-status|p1a: Vaporeon|par
|move|p1a: Vaporeon|Hydro Pump|p2a: Alakazam
|-damage|p2a: Alakazam|10\/100
|
|turn|20
|choice||
|
|move|p2a: Alakazam|Recover|p2a: Alakazam
|-heal|p2a: Alakazam|60\/100
|move|p1a: Vaporeon|Hydro Pump|p2a: Alakazam
|-damage|p2a: Alakazam|15\/100
|
|turn|21
|choice||
|
|move|p2a: Alakazam|Recover|p2a: Alakazam
|-heal|p2a: Alakazam|65\/100
|move|p1a: Vaporeon|Hydro Pump|p2a: Alakazam
|-damage|p2a: Alakazam|19\/100
|
|turn|22
|choice||
|
|move|p2a: Alakazam|Recover|p2a: Alakazam
|-heal|p2a: Alakazam|69\/100
|move|p1a: Vaporeon|Hydro Pump|p2a: Alakazam
|-damage|p2a: Alakazam|23\/100
|
|turn|23
|choice||
|
|move|p2a: Alakazam|Recover|p2a: Alakazam
|-heal|p2a: Alakazam|72\/100
|move|p1a: Vaporeon|Hydro Pump|p2a: Alakazam
|-damage|p2a: Alakazam|28\/100
|
|turn|24
|choice||
|
|move|p2a: Alakazam|Recover|p2a: Alakazam
|-heal|p2a: Alakazam|78\/100
|move|p1a: Vaporeon|Blizzard|p2a: Alakazam
|-damage|p2a: Alakazam|47\/100
|
|turn|25
|choice||
|
|move|p2a: Alakazam|Psychic|p1a: Vaporeon
|-crit|p1a: Vaporeon
|-damage|p1a: Vaporeon|22\/100 par
|-unboost|p1a: Vaporeon|spd|1
|-unboost|p1a: Vaporeon|spa|1
|move|p1a: Vaporeon|Blizzard|p2a: Alakazam
|-damage|p2a: Alakazam|28\/100
|
|turn|26
|choice||
|
|move|p2a: Alakazam|Recover|p2a: Alakazam
|-heal|p2a: Alakazam|78\/100
|cant|p1a: Vaporeon|par
|
|turn|27
|choice||
|
|move|p2a: Alakazam|Reflect|p2a: Alakazam
|-start|p2a: Alakazam|Reflect
|move|p1a: Vaporeon|Body Slam|p2a: Alakazam
|-damage|p2a: Alakazam|63\/100
|
|turn|28
|choice||
|
|move|p2a: Alakazam|Psychic|p1a: Vaporeon
|-damage|p1a: Vaporeon|0 fnt
|faint|p1a: Vaporeon
|choice||
|
|switch|p1a: Dugtrio|Dugtrio, L85|100\/100
|turn|29
|choice||
|
|move|p1a: Dugtrio|Earthquake|p2a: Alakazam
|-damage|p2a: Alakazam|32\/100
|move|p2a: Alakazam|Psychic|p1a: Dugtrio
|-damage|p1a: Dugtrio|52\/100
|
|turn|30
|choice||
|
|move|p1a: Dugtrio|Earthquake|p2a: Alakazam
|-damage|p2a: Alakazam|0 fnt
|faint|p2a: Alakazam
|choice||
|
|switch|p2a: Dewgong|Dewgong, L85|20\/100
|turn|31
|choice||
|
|move|p1a: Dugtrio|Earthquake|p2a: Dewgong
|-damage|p2a: Dewgong|0 fnt
|faint|p2a: Dewgong
|choice||
|
|switch|p2a: Ponyta|Ponyta, L96|100\/100
|turn|32
|choice||
|
|move|p1a: Dugtrio|Earthquake|p2a: Ponyta
|-supereffective|p2a: Ponyta
|-damage|p2a: Ponyta|18\/100
|move|p2a: Ponyta|Body Slam|p1a: Dugtrio
|-crit|p1a: Dugtrio
|-damage|p1a: Dugtrio|0 fnt
|faint|p1a: Dugtrio
|choice||
|
|switch|p1a: Paras|Paras, L96|100\/100
|turn|33
|choice||
|
|move|p2a: Ponyta|Fire Blast|p1a: Paras
|-crit|p1a: Paras
|-supereffective|p1a: Paras
|-damage|p1a: Paras|0 fnt
|faint|p1a: Paras
|
|win|Dervodel2
|player|p1
|player|p2
|raw|Parnasect's rating: 1375 &rarr; <strong>1354<\/strong><br \/>(-21 for losing)
|raw|Dervodel2's rating: 1357 &rarr; <strong>1378<\/strong><br \/>(+21 for winning)
|c|★Dervodel2|gg
|c|★Dervodel2|sory
|l|Parnasect