|join|SonicJaxx
|join|darkadri038
|player|p1|SonicJaxx|80
|player|p2|darkadri038|162
|gametype|singles
|gen|1
|tier|[Gen 1] OU (beta)
|rated
|rule|Sleep Clause Mod: Limit one foe put to sleep
|rule|Species Clause: Limit one of each Pokémon
|rule|OHKO Clause: OHKO moves are banned
|rule|Evasion Moves Clause: Evasion moves are banned
|rule|HP Percentage Mod: HP is shown in percentages
|
|start
|switch|p1a: Psychedal|Alakazam|313\/313
|switch|p2a: Rhydon|Rhydon|413\/413
|turn|1
|
|move|p1a: Psychedal|Psychic|p2a: Rhydon
|-damage|p2a: Rhydon|193\/413
|move|p2a: Rhydon|Earthquake|p1a: Psychedal
|-damage|p1a: Psychedal|77\/313
|
|turn|2
|
|move|p1a: Psychedal|Psychic|p2a: Rhydon
|-crit|p2a: Rhydon
|-damage|p2a: Rhydon|0 fnt
|faint|p2a: Rhydon
|
|switch|p2a: Chansey|Chansey|703\/703
|turn|3
|
|switch|p1a: Eggsellent|Exeggutor|393\/393
|move|p2a: Chansey|Thunder Wave|p1a: Eggsellent
|-status|p1a: Eggsellent|par
|
|turn|4
|
|move|p2a: Chansey|Ice Beam|p1a: Eggsellent
|-supereffective|p1a: Eggsellent
|-damage|p1a: Eggsellent|252\/393 par
|move|p1a: Eggsellent|Sleep Powder|p2a: Chansey|[miss]
|-miss|p1a: Eggsellent
|
|turn|5
|
|move|p2a: Chansey|Ice Beam|p1a: Eggsellent
|-supereffective|p1a: Eggsellent
|-damage|p1a: Eggsellent|124\/393 par
|move|p1a: Eggsellent|Explosion|p2a: Chansey
|-crit|p2a: Chansey
|-damage|p2a: Chansey|0 fnt
|faint|p2a: Chansey
|faint|p1a: Eggsellent
|
|switch|p2a: Alakazam|Alakazam|313\/313
|switch|p1a: Gengar|Gengar|323\/323
|turn|6
|
|move|p2a: Alakazam|Psychic|p1a: Gengar
|-crit|p1a: Gengar
|-supereffective|p1a: Gengar
|-damage|p1a: Gengar|0 fnt
|faint|p1a: Gengar
|
|switch|p1a: Tigerboy|Snorlax|523\/523
|turn|7
|
|move|p2a: Alakazam|Thunder Wave|p1a: Tigerboy
|-status|p1a: Tigerboy|par
|cant|p1a: Tigerboy|par
|
|turn|8
|
|move|p2a: Alakazam|Reflect|p2a: Alakazam
|cant|p1a: Tigerboy|par
|
|turn|9
|
|switch|p2a: Lapras|Lapras|463\/463
|switch|p1a: Shell|Chansey|703\/703
|
|turn|10
|
|switch|p1a: Tigerboy|Snorlax|523\/523 par
|move|p2a: Lapras|Confuse Ray|p1a: Tigerboy
|-start|p1a: Tigerboy|confusion
|
|turn|11
|
|move|p2a: Lapras|Hydro Pump|p1a: Tigerboy
|-damage|p1a: Tigerboy|359\/523 par
|-activate|p1a: Tigerboy|confusion
|move|p1a: Tigerboy|Body Slam|p2a: Lapras
|-damage|p2a: Lapras|349\/463
|-status|p2a: Lapras|par
|
|turn|12
|
|move|p2a: Lapras|Hydro Pump|p1a: Tigerboy
|-damage|p1a: Tigerboy|176\/523 par
|-activate|p1a: Tigerboy|confusion
|move|p1a: Tigerboy|Body Slam|p2a: Lapras
|-damage|p2a: Lapras|232\/463 par
|
|turn|13
|
|move|p2a: Lapras|Hydro Pump|p1a: Tigerboy
|-damage|p1a: Tigerboy|0 fnt
|faint|p1a: Tigerboy
|
|switch|p1a: Red|Tauros|353\/353
|turn|14
|
|move|p1a: Red|Body Slam|p2a: Lapras
|-damage|p2a: Lapras|122\/463 par
|move|p2a: Lapras|Hydro Pump|p1a: Red
|-damage|p1a: Red|175\/353
|
|turn|15
|
|move|p1a: Red|Hyper Beam|p2a: Lapras
|-damage|p2a: Lapras|0 fnt
|faint|p2a: Lapras
|
|switch|p2a: Alakazam|Alakazam|313\/313
|turn|16
|
|switch|p1a: Shell|Chansey|703\/703
|move|p2a: Alakazam|Psychic|p1a: Shell
|-damage|p1a: Shell|586\/703
|
|turn|17
|
|move|p2a: Alakazam|Thunder Wave|p1a: Shell
|-status|p1a: Shell|par
|move|p1a: Shell|Ice Beam|p2a: Alakazam
|-damage|p2a: Alakazam|248\/313
|
|turn|18
|
|move|p2a: Alakazam|Psychic|p1a: Shell
|-crit|p1a: Shell
|-damage|p1a: Shell|349\/703 par
|move|p1a: Shell|Reflect|p1a: Shell
|
|turn|19
|
|move|p2a: Alakazam|Psychic|p1a: Shell
|-damage|p1a: Shell|229\/703 par
|-unboost|p1a: Shell|spd|1
|-unboost|p1a: Shell|spa|1
|move|p1a: Shell|Soft-Boiled|p1a: Shell
|-heal|p1a: Shell|580\/703 par
|
|turn|20
|
|move|p2a: Alakazam|Psychic|p1a: Shell
|-crit|p1a: Shell
|-damage|p1a: Shell|327\/703 par
|move|p1a: Shell|Soft-Boiled|p1a: Shell
|-heal|p1a: Shell|678\/703 par
|
|turn|21
|
|move|p2a: Alakazam|Psychic|p1a: Shell
|-damage|p1a: Shell|476\/703 par
|move|p1a: Shell|Ice Beam|p2a: Alakazam
|-damage|p2a: Alakazam|209\/313
|
|turn|22
|
|move|p2a: Alakazam|Psychic|p1a: Shell
|-damage|p1a: Shell|292\/703 par
|move|p1a: Shell|Soft-Boiled|p1a: Shell
|-heal|p1a: Shell|643\/703 par
|
|turn|23
|
|move|p2a: Alakazam|Psychic|p1a: Shell
|-damage|p1a: Shell|447\/703 par
|-unboost|p1a: Shell|spd|1
|-unboost|p1a: Shell|spa|1
|move|p1a: Shell|Soft-Boiled|p1a: Shell
|-heal|p1a: Shell|703\/703 par
|
|turn|24
|
|switch|p1a: Psychedal|Alakazam|77\/313
|move|p2a: Alakazam|Psychic|p1a: Psychedal
|-resisted|p1a: Psychedal
|-damage|p1a: Psychedal|28\/313
|
|turn|25
|
|switch|p1a: Shell|Chansey|703\/703 par
|move|p2a: Alakazam|Psychic|p1a: Shell
|-damage|p1a: Shell|581\/703 par
|
|turn|26
|
|switch|p2a: Tauros|Tauros|353\/353
|cant|p1a: Shell|par
|
|turn|27
|
|move|p2a: Tauros|Body Slam|p1a: Shell
|-damage|p1a: Shell|310\/703 par
|cant|p1a: Shell|par
|
|turn|28
|
|move|p2a: Tauros|Body Slam|p1a: Shell
|-damage|p1a: Shell|24\/703 par
|move|p1a: Shell|Thunder Wave|p2a: Tauros
|-status|p2a: Tauros|par
|
|turn|29
|
|cant|p2a: Tauros|par
|move|p1a: Shell|Soft-Boiled|p1a: Shell
|-heal|p1a: Shell|375\/703 par
|
|turn|30
|
|cant|p2a: Tauros|par
|move|p1a: Shell|Soft-Boiled|p1a: Shell
|-heal|p1a: Shell|703\/703 par
|
|turn|31
|
|move|p2a: Tauros|Body Slam|p1a: Shell
|-damage|p1a: Shell|450\/703 par
|move|p1a: Shell|Reflect|p1a: Shell
|
|turn|32
|
|cant|p2a: Tauros|par
|move|p1a: Shell|Soft-Boiled|p1a: Shell
|-heal|p1a: Shell|703\/703 par
|
|turn|33
|
|switch|p1a: Red|Tauros|175\/353
|move|p2a: Tauros|Earthquake|p1a: Red
|-damage|p1a: Red|92\/353
|
|turn|34
|
|move|p1a: Red|Body Slam|p2a: Tauros
|-damage|p2a: Tauros|245\/353 par
|move|p2a: Tauros|Body Slam|p1a: Red
|-damage|p1a: Red|0 fnt
|faint|p1a: Red
|
|switch|p1a: Psychedal|Alakazam|28\/313
|turn|35
|
|move|p1a: Psychedal|Recover|p1a: Psychedal
|-heal|p1a: Psychedal|184\/313
|move|p2a: Tauros|Earthquake|p1a: Psychedal
|-damage|p1a: Psychedal|56\/313
|
|turn|36
|
|move|p1a: Psychedal|Recover|p1a: Psychedal
|-heal|p1a: Psychedal|212\/313
|cant|p2a: Tauros|par
|
|turn|37
|
|move|p1a: Psychedal|Psychic|p2a: Tauros
|-damage|p2a: Tauros|83\/353 par
|-unboost|p2a: Tauros|spd|1
|-unboost|p2a: Tauros|spa|1
|move|p2a: Tauros|Body Slam|p1a: Psychedal
|-damage|p1a: Psychedal|47\/313
|
|turn|38
|
|move|p1a: Psychedal|Recover|p1a: Psychedal
|-heal|p1a: Psychedal|203\/313
|move|p2a: Tauros|Body Slam|p1a: Psychedal
|-damage|p1a: Psychedal|52\/313
|
|turn|39
|
|move|p1a: Psychedal|Recover|p1a: Psychedal
|-heal|p1a: Psychedal|208\/313
|cant|p2a: Tauros|par
|
|turn|40
|
|move|p1a: Psychedal|Psychic|p2a: Tauros
|-damage|p2a: Tauros|0 fnt
|faint|p2a: Tauros
|
|switch|p2a: Dragonite|Dragonite|385\/385
|turn|41
|
|move|p1a: Psychedal|Thunder Wave|p2a: Dragonite
|-status|p2a: Dragonite|par
|move|p2a: Dragonite|Agility|p2a: Dragonite
|-boost|p2a: Dragonite|spe|2
|
|turn|42
|
|cant|p2a: Dragonite|par
|move|p1a: Psychedal|Psychic|p2a: Dragonite
|-damage|p2a: Dragonite|256\/385 par
|
|turn|43
|
|move|p2a: Dragonite|Ice Beam|p1a: Psychedal
|-damage|p1a: Psychedal|152\/313
|move|p1a: Psychedal|Psychic|p2a: Dragonite
|-damage|p2a: Dragonite|120\/385 par
|-unboost|p2a: Dragonite|spd|1
|-unboost|p2a: Dragonite|spa|1
|
|turn|44
|
|move|p2a: Dragonite|Ice Beam|p1a: Psychedal
|-crit|p1a: Psychedal
|-damage|p1a: Psychedal|34\/313
|move|p1a: Psychedal|Psychic|p2a: Dragonite
|-damage|p2a: Dragonite|0 fnt
|faint|p2a: Dragonite
|
|switch|p2a: Alakazam|Alakazam|209\/313
|turn|45
|c|★SonicJaxx|agi+wrap?
|
|switch|p1a: Shell|Chansey|703\/703 par
|move|p2a: Alakazam|Psychic|p1a: Shell
|-crit|p1a: Shell
|-damage|p1a: Shell|436\/703 par
|-unboost|p1a: Shell|spd|1
|-unboost|p1a: Shell|spa|1
|
|turn|46
|
|move|p2a: Alakazam|Psychic|p1a: Shell
|-damage|p1a: Shell|256\/703 par
|cant|p1a: Shell|par
|
|turn|47
|
|move|p2a: Alakazam|Psychic|p1a: Shell
|-damage|p1a: Shell|56\/703 par
|move|p1a: Shell|Soft-Boiled|p1a: Shell
|-heal|p1a: Shell|407\/703 par
|
|turn|48
|
|move|p2a: Alakazam|Psychic|p1a: Shell
|-damage|p1a: Shell|211\/703 par
|-unboost|p1a: Shell|spd|1
|-unboost|p1a: Shell|spa|1
|cant|p1a: Shell|par
|
|turn|49
|
|switch|p1a: Psychedal|Alakazam|34\/313
|move|p2a: Alakazam|Psychic|p1a: Psychedal
|-crit|p1a: Psychedal
|-resisted|p1a: Psychedal
|-damage|p1a: Psychedal|0 fnt
|faint|p1a: Psychedal
|
|switch|p1a: Shell|Chansey|211\/703 par
|turn|50
|
|move|p2a: Alakazam|Psychic|p1a: Shell
|-damage|p1a: Shell|93\/703 par
|-unboost|p1a: Shell|spd|1
|-unboost|p1a: Shell|spa|1
|move|p1a: Shell|Soft-Boiled|p1a: Shell
|-heal|p1a: Shell|444\/703 par
|
|turn|51
|c|★darkadri038|gg
|
|move|p2a: Alakazam|Thunder Wave|p1a: Shell
|-fail|p1a: Shell|par
|cant|p1a: Shell|par
|
|turn|52
|c|★SonicJaxx|gg
|
|move|p2a: Alakazam|Reflect|p2a: Alakazam
|move|p1a: Shell|Soft-Boiled|p1a: Shell
|-heal|p1a: Shell|703\/703 par
|
|turn|53
|
|move|p2a: Alakazam|Thunder Wave|p1a: Shell
|-fail|p1a: Shell|par
|move|p1a: Shell|Ice Beam|p2a: Alakazam
|-damage|p2a: Alakazam|169\/313
|
|turn|54
|
|move|p2a: Alakazam|Thunder Wave|p1a: Shell
|-fail|p1a: Shell|par
|move|p1a: Shell|Ice Beam|p2a: Alakazam
|-damage|p2a: Alakazam|128\/313
|
|turn|55
|
|move|p2a: Alakazam|Thunder Wave|p1a: Shell
|-fail|p1a: Shell|par
|cant|p1a: Shell|par
|
|turn|56
|
|move|p2a: Alakazam|Thunder Wave|p1a: Shell
|-fail|p1a: Shell|par
|move|p1a: Shell|Ice Beam|p2a: Alakazam
|-damage|p2a: Alakazam|88\/313
|
|turn|57
|
|move|p2a: Alakazam|Thunder Wave|p1a: Shell
|-fail|p1a: Shell|par
|cant|p1a: Shell|par
|
|turn|58
|
|move|p2a: Alakazam|Thunder Wave|p1a: Shell
|-fail|p1a: Shell|par
|move|p1a: Shell|Ice Beam|p2a: Alakazam
|-damage|p2a: Alakazam|49\/313
|
|turn|59
|
|move|p2a: Alakazam|Thunder Wave|p1a: Shell
|-fail|p1a: Shell|par
|cant|p1a: Shell|par
|
|turn|60
|c|★SonicJaxx|obv recover you can win
|
|move|p2a: Alakazam|Thunder Wave|p1a: Shell
|-fail|p1a: Shell|par
|cant|p1a: Shell|par
|
|turn|61
|
|move|p2a: Alakazam|Recover|p2a: Alakazam
|-heal|p2a: Alakazam|205\/313
|move|p1a: Shell|Ice Beam|p2a: Alakazam
|-damage|p2a: Alakazam|165\/313
|
|turn|62
|
|move|p2a: Alakazam|Thunder Wave|p1a: Shell
|-fail|p1a: Shell|par
|cant|p1a: Shell|par
|
|turn|63
|c|★SonicJaxx|9 to go
|
|move|p2a: Alakazam|Reflect|p2a: Alakazam
|-fail|p2a: Alakazam
|move|p1a: Shell|Ice Beam|p2a: Alakazam
|-crit|p2a: Alakazam
|-damage|p2a: Alakazam|38\/313
|
|turn|64
|
|move|p2a: Alakazam|Recover|p2a: Alakazam
|-heal|p2a: Alakazam|194\/313
|move|p1a: Shell|Ice Beam|p2a: Alakazam
|-damage|p2a: Alakazam|152\/313
|
|turn|65
|
|move|p2a: Alakazam|Recover|p2a: Alakazam
|-heal|p2a: Alakazam|308\/313
|move|p1a: Shell|Ice Beam|p2a: Alakazam
|-crit|p2a: Alakazam
|-damage|p2a: Alakazam|193\/313
|
|turn|66
|
|move|p2a: Alakazam|Thunder Wave|p1a: Shell
|-fail|p1a: Shell|par
|move|p1a: Shell|Ice Beam|p2a: Alakazam
|-damage|p2a: Alakazam|150\/313
|
|turn|67
|
|move|p2a: Alakazam|Thunder Wave|p1a: Shell
|-fail|p1a: Shell|par
|move|p1a: Shell|Ice Beam|p2a: Alakazam
|-damage|p2a: Alakazam|108\/313
|
|turn|68
|
|move|p2a: Alakazam|Recover|p2a: Alakazam
|-heal|p2a: Alakazam|264\/313
|move|p1a: Shell|Ice Beam|p2a: Alakazam
|-damage|p2a: Alakazam|221\/313
|
|turn|69
|
|move|p2a: Alakazam|Thunder Wave|p1a: Shell
|-fail|p1a: Shell|par
|move|p1a: Shell|Ice Beam|p2a: Alakazam
|-damage|p2a: Alakazam|177\/313
|
|turn|70
|
|move|p2a: Alakazam|Thunder Wave|p1a: Shell
|-fail|p1a: Shell|par
|move|p1a: Shell|Ice Beam|p2a: Alakazam
|-damage|p2a: Alakazam|137\/313
|
|turn|71
|c|★SonicJaxx|last one.
|
|move|p2a: Alakazam|Recover|p2a: Alakazam
|-heal|p2a: Alakazam|293\/313
|move|p1a: Shell|Ice Beam|p2a: Alakazam
|-damage|p2a: Alakazam|249\/313
|
|turn|72
|
|move|p2a: Alakazam|Thunder Wave|p1a: Shell
|-fail|p1a: Shell|par
|move|p1a: Shell|Reflect|p1a: Shell
|
|turn|73
|
|move|p2a: Alakazam|Thunder Wave|p1a: Shell
|-fail|p1a: Shell|par
|move|p1a: Shell|Reflect|p1a: Shell
|-fail|p1a: Shell
|
|turn|74
|
|move|p2a: Alakazam|Thunder Wave|p1a: Shell
|-fail|p1a: Shell|par
|cant|p1a: Shell|par
|
|turn|75
|
|move|p2a: Alakazam|Thunder Wave|p1a: Shell
|-fail|p1a: Shell|par
|move|p1a: Shell|Reflect|p1a: Shell
|-fail|p1a: Shell
|
|turn|76
|
|move|p2a: Alakazam|Thunder Wave|p1a: Shell
|-fail|p1a: Shell|par
|move|p1a: Shell|Reflect|p1a: Shell
|-fail|p1a: Shell
|
|turn|77
|
|move|p2a: Alakazam|Thunder Wave|p1a: Shell
|-fail|p1a: Shell|par
|move|p1a: Shell|Reflect|p1a: Shell
|-fail|p1a: Shell
|
|turn|78
|
|move|p2a: Alakazam|Thunder Wave|p1a: Shell
|-fail|p1a: Shell|par
|move|p1a: Shell|Reflect|p1a: Shell
|-fail|p1a: Shell
|
|turn|79
|
|move|p2a: Alakazam|Thunder Wave|p1a: Shell
|-fail|p1a: Shell|par
|move|p1a: Shell|Reflect|p1a: Shell
|-fail|p1a: Shell
|
|turn|80
|
|move|p2a: Alakazam|Thunder Wave|p1a: Shell
|-fail|p1a: Shell|par
|move|p1a: Shell|Reflect|p1a: Shell
|-fail|p1a: Shell
|
|turn|81
|join|nbjhvgf
|
|move|p2a: Alakazam|Thunder Wave|p1a: Shell
|-fail|p1a: Shell|par
|move|p1a: Shell|Reflect|p1a: Shell
|-fail|p1a: Shell
|
|turn|82
|
|move|p2a: Alakazam|Thunder Wave|p1a: Shell
|-fail|p1a: Shell|par
|cant|p1a: Shell|par
|
|turn|83
|
|move|p2a: Alakazam|Thunder Wave|p1a: Shell
|-fail|p1a: Shell|par
|move|p1a: Shell|Reflect|p1a: Shell
|-fail|p1a: Shell
|
|turn|84
|leave|nbjhvgf
|
|move|p2a: Alakazam|Thunder Wave|p1a: Shell
|-fail|p1a: Shell|par
|move|p1a: Shell|Reflect|p1a: Shell
|-fail|p1a: Shell
|
|turn|85
|
|move|p2a: Alakazam|Thunder Wave|p1a: Shell
|-fail|p1a: Shell|par
|cant|p1a: Shell|par
|
|turn|86
|
|move|p2a: Alakazam|Thunder Wave|p1a: Shell
|-fail|p1a: Shell|par
|move|p1a: Shell|Reflect|p1a: Shell
|-fail|p1a: Shell
|
|turn|87
|
|move|p2a: Alakazam|Thunder Wave|p1a: Shell
|-fail|p1a: Shell|par
|move|p1a: Shell|Reflect|p1a: Shell
|-fail|p1a: Shell
|
|turn|88
|
|move|p2a: Alakazam|Reflect|p2a: Alakazam
|-fail|p2a: Alakazam
|move|p1a: Shell|Reflect|p1a: Shell
|-fail|p1a: Shell
|
|turn|89
|
|move|p2a: Alakazam|Reflect|p2a: Alakazam
|-fail|p2a: Alakazam
|move|p1a: Shell|Reflect|p1a: Shell
|-fail|p1a: Shell
|
|turn|90
|
|move|p2a: Alakazam|Reflect|p2a: Alakazam
|-fail|p2a: Alakazam
|move|p1a: Shell|Reflect|p1a: Shell
|-fail|p1a: Shell
|
|turn|91
|
|move|p2a: Alakazam|Reflect|p2a: Alakazam
|-fail|p2a: Alakazam
|move|p1a: Shell|Reflect|p1a: Shell
|-fail|p1a: Shell
|
|turn|92
|
|move|p2a: Alakazam|Reflect|p2a: Alakazam
|-fail|p2a: Alakazam
|cant|p1a: Shell|par
|
|turn|93
|
|move|p2a: Alakazam|Reflect|p2a: Alakazam
|-fail|p2a: Alakazam
|move|p1a: Shell|Reflect|p1a: Shell
|-fail|p1a: Shell
|
|turn|94
|
|move|p2a: Alakazam|Reflect|p2a: Alakazam
|-fail|p2a: Alakazam
|move|p1a: Shell|Reflect|p1a: Shell
|-fail|p1a: Shell
|
|turn|95
|
|move|p2a: Alakazam|Reflect|p2a: Alakazam
|-fail|p2a: Alakazam
|cant|p1a: Shell|par
|
|turn|96
|
|move|p2a: Alakazam|Reflect|p2a: Alakazam
|-fail|p2a: Alakazam
|move|p1a: Shell|Reflect|p1a: Shell
|-fail|p1a: Shell
|
|turn|97
|
|move|p2a: Alakazam|Reflect|p2a: Alakazam
|-fail|p2a: Alakazam
|move|p1a: Shell|Reflect|p1a: Shell
|-fail|p1a: Shell
|
|turn|98
|
|move|p2a: Alakazam|Reflect|p2a: Alakazam
|-fail|p2a: Alakazam
|cant|p1a: Shell|par
|
|turn|99
|
|move|p2a: Alakazam|Reflect|p2a: Alakazam
|-fail|p2a: Alakazam
|move|p1a: Shell|Reflect|p1a: Shell
|-fail|p1a: Shell
|
|turn|100
|
|move|p2a: Alakazam|Reflect|p2a: Alakazam
|-fail|p2a: Alakazam
|move|p1a: Shell|Reflect|p1a: Shell
|-fail|p1a: Shell
|
|turn|101
|
|move|p2a: Alakazam|Reflect|p2a: Alakazam
|-fail|p2a: Alakazam
|cant|p1a: Shell|par
|
|turn|102
|
|move|p2a: Alakazam|Reflect|p2a: Alakazam
|-fail|p2a: Alakazam
|move|p1a: Shell|Reflect|p1a: Shell
|-fail|p1a: Shell
|
|turn|103
|
|move|p2a: Alakazam|Reflect|p2a: Alakazam
|-fail|p2a: Alakazam
|move|p1a: Shell|Reflect|p1a: Shell
|-fail|p1a: Shell
|
|turn|104
|
|move|p2a: Alakazam|Reflect|p2a: Alakazam
|-fail|p2a: Alakazam
|cant|p1a: Shell|par
|
|turn|105
|
|move|p2a: Alakazam|Reflect|p2a: Alakazam
|-fail|p2a: Alakazam
|move|p1a: Shell|Reflect|p1a: Shell
|-fail|p1a: Shell
|
|turn|106
|
|move|p2a: Alakazam|Reflect|p2a: Alakazam
|-fail|p2a: Alakazam
|cant|p1a: Shell|par
|
|turn|107
|
|move|p2a: Alakazam|Reflect|p2a: Alakazam
|-fail|p2a: Alakazam
|move|p1a: Shell|Reflect|p1a: Shell
|-fail|p1a: Shell
|
|turn|108
|
|move|p2a: Alakazam|Reflect|p2a: Alakazam
|-fail|p2a: Alakazam
|move|p1a: Shell|Reflect|p1a: Shell
|-fail|p1a: Shell
|
|turn|109
|
|move|p2a: Alakazam|Reflect|p2a: Alakazam
|-fail|p2a: Alakazam
|move|p1a: Shell|Reflect|p1a: Shell
|-fail|p1a: Shell
|
|turn|110
|
|move|p2a: Alakazam|Reflect|p2a: Alakazam
|-fail|p2a: Alakazam
|cant|p1a: Shell|par
|
|turn|111
|
|move|p2a: Alakazam|Reflect|p2a: Alakazam
|-fail|p2a: Alakazam
|move|p1a: Shell|Reflect|p1a: Shell
|-fail|p1a: Shell
|
|turn|112
|
|move|p2a: Alakazam|Reflect|p2a: Alakazam
|-fail|p2a: Alakazam
|move|p1a: Shell|Thunder Wave|p2a: Alakazam
|-status|p2a: Alakazam|par
|
|turn|113
|
|move|p2a: Alakazam|Reflect|p2a: Alakazam
|-fail|p2a: Alakazam
|move|p1a: Shell|Thunder Wave|p2a: Alakazam
|-fail|p2a: Alakazam|par
|
|turn|114
|
|move|p2a: Alakazam|Reflect|p2a: Alakazam
|-fail|p2a: Alakazam
|move|p1a: Shell|Thunder Wave|p2a: Alakazam
|-fail|p2a: Alakazam|par
|
|turn|115
|
|cant|p2a: Alakazam|par
|move|p1a: Shell|Thunder Wave|p2a: Alakazam
|-fail|p2a: Alakazam|par
|
|turn|116
|
|move|p2a: Alakazam|Reflect|p2a: Alakazam
|-fail|p2a: Alakazam
|move|p1a: Shell|Thunder Wave|p2a: Alakazam
|-fail|p2a: Alakazam|par
|
|turn|117
|
|move|p2a: Alakazam|Reflect|p2a: Alakazam
|-fail|p2a: Alakazam
|move|p1a: Shell|Thunder Wave|p2a: Alakazam
|-fail|p2a: Alakazam|par
|
|turn|118
|
|cant|p2a: Alakazam|par
|move|p1a: Shell|Thunder Wave|p2a: Alakazam
|-fail|p2a: Alakazam|par
|
|turn|119
|
|move|p2a: Alakazam|Recover|p2a: Alakazam
|-heal|p2a: Alakazam|313\/313 par
|move|p1a: Shell|Thunder Wave|p2a: Alakazam
|-fail|p2a: Alakazam|par
|
|turn|120
|
|move|p2a: Alakazam|Recover|p2a: Alakazam
|-fail|p2a: Alakazam
|move|p1a: Shell|Thunder Wave|p2a: Alakazam
|-fail|p2a: Alakazam|par
|
|turn|121
|
|move|p2a: Alakazam|Recover|p2a: Alakazam
|-fail|p2a: Alakazam
|move|p1a: Shell|Thunder Wave|p2a: Alakazam
|-fail|p2a: Alakazam|par
|
|turn|122
|
|move|p2a: Alakazam|Recover|p2a: Alakazam
|-fail|p2a: Alakazam
|move|p1a: Shell|Thunder Wave|p2a: Alakazam
|-fail|p2a: Alakazam|par
|
|turn|123
|
|move|p2a: Alakazam|Recover|p2a: Alakazam
|-fail|p2a: Alakazam
|move|p1a: Shell|Thunder Wave|p2a: Alakazam
|-fail|p2a: Alakazam|par
|
|turn|124
|join|Kool_Lucca
|
|move|p2a: Alakazam|Recover|p2a: Alakazam
|-fail|p2a: Alakazam
|move|p1a: Shell|Thunder Wave|p2a: Alakazam
|-fail|p2a: Alakazam|par
|
|turn|125
|
|move|p2a: Alakazam|Recover|p2a: Alakazam
|-fail|p2a: Alakazam
|move|p1a: Shell|Thunder Wave|p2a: Alakazam
|-fail|p2a: Alakazam|par
|
|turn|126
|
|move|p2a: Alakazam|Recover|p2a: Alakazam
|-fail|p2a: Alakazam
|move|p1a: Shell|Thunder Wave|p2a: Alakazam
|-fail|p2a: Alakazam|par
|
|turn|127
|
|cant|p2a: Alakazam|par
|move|p1a: Shell|Thunder Wave|p2a: Alakazam
|-fail|p2a: Alakazam|par
|
|turn|128
|
|cant|p2a: Alakazam|par
|move|p1a: Shell|Thunder Wave|p2a: Alakazam
|-fail|p2a: Alakazam|par
|
|turn|129
|leave|Kool_Lucca
|
|move|p2a: Alakazam|Recover|p2a: Alakazam
|-fail|p2a: Alakazam
|move|p1a: Shell|Thunder Wave|p2a: Alakazam
|-fail|p2a: Alakazam|par
|
|turn|130
|
|move|p2a: Alakazam|Recover|p2a: Alakazam
|-fail|p2a: Alakazam
|move|p1a: Shell|Thunder Wave|p2a: Alakazam
|-fail|p2a: Alakazam|par
|
|turn|131
|
|move|p2a: Alakazam|Recover|p2a: Alakazam
|-fail|p2a: Alakazam
|move|p1a: Shell|Thunder Wave|p2a: Alakazam
|-fail|p2a: Alakazam|par
|
|turn|132
|
|move|p2a: Alakazam|Recover|p2a: Alakazam
|-fail|p2a: Alakazam
|move|p1a: Shell|Thunder Wave|p2a: Alakazam
|-fail|p2a: Alakazam|par
|
|turn|133
|
|cant|p2a: Alakazam|par
|move|p1a: Shell|Thunder Wave|p2a: Alakazam
|-fail|p2a: Alakazam|par
|
|turn|134
|
|move|p2a: Alakazam|Recover|p2a: Alakazam
|-fail|p2a: Alakazam
|cant|p1a: Shell|par
|
|turn|135
|
|move|p2a: Alakazam|Recover|p2a: Alakazam
|-fail|p2a: Alakazam
|move|p1a: Shell|Thunder Wave|p2a: Alakazam
|-fail|p2a: Alakazam|par
|
|turn|136
|join|tehcatlikepie
|
|move|p2a: Alakazam|Recover|p2a: Alakazam
|-fail|p2a: Alakazam
|move|p1a: Shell|Thunder Wave|p2a: Alakazam
|-fail|p2a: Alakazam|par
|
|turn|137
|
|move|p2a: Alakazam|Recover|p2a: Alakazam
|-fail|p2a: Alakazam
|cant|p1a: Shell|par
|
|turn|138
|
|move|p2a: Alakazam|Recover|p2a: Alakazam
|-fail|p2a: Alakazam
|cant|p1a: Shell|par
|
|turn|139
|join|gaboooo
|
|move|p2a: Alakazam|Recover|p2a: Alakazam
|-fail|p2a: Alakazam
|move|p1a: Shell|Thunder Wave|p2a: Alakazam
|-fail|p2a: Alakazam|par
|
|turn|140
|leave|gaboooo
|
|cant|p2a: Alakazam|par
|move|p1a: Shell|Thunder Wave|p2a: Alakazam
|-fail|p2a: Alakazam|par
|
|turn|141
|
|move|p2a: Alakazam|Recover|p2a: Alakazam
|-fail|p2a: Alakazam
|move|p1a: Shell|Thunder Wave|p2a: Alakazam
|-fail|p2a: Alakazam|par
|
|turn|142
|
|move|p2a: Alakazam|Recover|p2a: Alakazam
|-fail|p2a: Alakazam
|move|p1a: Shell|Thunder Wave|p2a: Alakazam
|-fail|p2a: Alakazam|par
|
|turn|143
|
|move|p2a: Alakazam|Recover|p2a: Alakazam
|-fail|p2a: Alakazam
|move|p1a: Shell|Thunder Wave|p2a: Alakazam
|-fail|p2a: Alakazam|par
|
|turn|144
|
|cant|p2a: Alakazam|par
|move|p1a: Shell|Thunder Wave|p2a: Alakazam
|-fail|p2a: Alakazam|par
|
|turn|145
|
|cant|p2a: Alakazam|par
|cant|p1a: Shell|par
|
|turn|146
|
|move|p2a: Alakazam|Recover|p2a: Alakazam
|-fail|p2a: Alakazam
|move|p1a: Shell|Thunder Wave|p2a: Alakazam
|-fail|p2a: Alakazam|par
|
|turn|147
|
|move|p2a: Alakazam|Recover|p2a: Alakazam
|-fail|p2a: Alakazam
|cant|p1a: Shell|par
|
|turn|148
|join|that guy with hair
|
|move|p2a: Alakazam|Recover|p2a: Alakazam
|-fail|p2a: Alakazam
|move|p1a: Shell|Soft-Boiled|p1a: Shell
|-fail|p1a: Shell
|
|turn|149
|
|move|p2a: Alakazam|Recover|p2a: Alakazam
|-fail|p2a: Alakazam
|move|p1a: Shell|Soft-Boiled|p1a: Shell
|-fail|p1a: Shell
|
|turn|150
|
|move|p2a: Alakazam|Recover|p2a: Alakazam
|-fail|p2a: Alakazam
|move|p1a: Shell|Soft-Boiled|p1a: Shell
|-fail|p1a: Shell
|
|turn|151
|
|move|p2a: Alakazam|Recover|p2a: Alakazam
|-fail|p2a: Alakazam
|move|p1a: Shell|Soft-Boiled|p1a: Shell
|-fail|p1a: Shell
|
|turn|152
|
|-message|Alakazam has no moves left! (placeholder)
|move|p2a: Alakazam|Struggle|p1a: Shell
|-crit|p1a: Shell
|-damage|p1a: Shell|631\/703 par
|-damage|p2a: Alakazam|277\/313 par|[from] recoil|[of] p1a: Shell
|move|p1a: Shell|Soft-Boiled|p1a: Shell
|-heal|p1a: Shell|703\/703 par
|
|turn|153
|leave|that guy with hair
|
|-message|Alakazam has no moves left! (placeholder)
|move|p2a: Alakazam|Struggle|p1a: Shell
|-crit|p1a: Shell
|-damage|p1a: Shell|635\/703 par
|-damage|p2a: Alakazam|243\/313 par|[from] recoil|[of] p1a: Shell
|move|p1a: Shell|Soft-Boiled|p1a: Shell
|-heal|p1a: Shell|703\/703 par
|
|turn|154
|
|-message|Alakazam has no moves left! (placeholder)
|move|p2a: Alakazam|Struggle|p1a: Shell
|-crit|p1a: Shell
|-damage|p1a: Shell|631\/703 par
|-damage|p2a: Alakazam|207\/313 par|[from] recoil|[of] p1a: Shell
|cant|p1a: Shell|par
|
|turn|155
|
|-message|Alakazam has no moves left! (placeholder)
|move|p2a: Alakazam|Struggle|p1a: Shell
|-damage|p1a: Shell|596\/703 par
|-damage|p2a: Alakazam|189\/313 par|[from] recoil|[of] p1a: Shell
|-message|Shell has no moves left! (placeholder)
|move|p1a: Shell|Struggle|p2a: Alakazam
|-damage|p2a: Alakazam|171\/313 par
|-damage|p1a: Shell|587\/703 par|[from] recoil|[of] p2a: Alakazam
|
|turn|156
|
|cant|p2a: Alakazam|par
|-message|Shell has no moves left! (placeholder)
|move|p1a: Shell|Struggle|p2a: Alakazam
|-damage|p2a: Alakazam|152\/313 par
|-damage|p1a: Shell|577\/703 par|[from] recoil|[of] p2a: Alakazam
|
|turn|157
|
|-message|Alakazam has no moves left! (placeholder)
|move|p2a: Alakazam|Struggle|p1a: Shell
|-damage|p1a: Shell|543\/703 par
|-damage|p2a: Alakazam|135\/313 par|[from] recoil|[of] p1a: Shell
|cant|p1a: Shell|par
|
|turn|158
|
|-message|Alakazam has no moves left! (placeholder)
|move|p2a: Alakazam|Struggle|p1a: Shell
|-damage|p1a: Shell|509\/703 par
|-damage|p2a: Alakazam|118\/313 par|[from] recoil|[of] p1a: Shell
|-message|Shell has no moves left! (placeholder)
|move|p1a: Shell|Struggle|p2a: Alakazam
|-damage|p2a: Alakazam|99\/313 par
|-damage|p1a: Shell|499\/703 par|[from] recoil|[of] p2a: Alakazam
|
|turn|159
|
|-message|Alakazam has no moves left! (placeholder)
|move|p2a: Alakazam|Struggle|p1a: Shell
|-crit|p1a: Shell
|-damage|p1a: Shell|427\/703 par
|-damage|p2a: Alakazam|63\/313 par|[from] recoil|[of] p1a: Shell
|cant|p1a: Shell|par
|
|turn|160
|
|-message|Alakazam has no moves left! (placeholder)
|move|p2a: Alakazam|Struggle|p1a: Shell
|-damage|p1a: Shell|393\/703 par
|-damage|p2a: Alakazam|46\/313 par|[from] recoil|[of] p1a: Shell
|cant|p1a: Shell|par
|
|turn|161
|
|-message|Alakazam has no moves left! (placeholder)
|move|p2a: Alakazam|Struggle|p1a: Shell
|-damage|p1a: Shell|359\/703 par
|-damage|p2a: Alakazam|29\/313 par|[from] recoil|[of] p1a: Shell
|-message|Shell has no moves left! (placeholder)
|move|p1a: Shell|Struggle|p2a: Alakazam
|-damage|p2a: Alakazam|10\/313 par
|-damage|p1a: Shell|349\/703 par|[from] recoil|[of] p2a: Alakazam
|
|turn|162
|
|-message|Alakazam has no moves left! (placeholder)
|move|p2a: Alakazam|Struggle|p1a: Shell
|-damage|p1a: Shell|315\/703 par
|-damage|p2a: Alakazam|0 fnt|[from] recoil|[of] p1a: Shell
|faint|p2a: Alakazam
|
|win|SonicJaxx
|raw|Ladder updating...
|c|★SonicJaxx|gg
|c|★darkadri038|gg^^ 
|raw|SonicJaxx's rating: 1295 &rarr; <strong>1314<\/strong><br \/>(+19 for winning)
|raw|darkadri038's rating: 1210 &rarr; <strong>1191<\/strong><br \/>(-19 for losing)