|join|MALESANI
|join|camc182
|player|p1|MALESANI|238
|player|p2|camc182|1
|gametype|singles
|gen|1
|tier|[Gen 1] Random Battle
|rated
|seed|42354,24308,45660,58791
|rule|Sleep Clause Mod: Limit one foe put to sleep
|rule|Freeze Clause Mod: Limit one foe frozen
|rule|HP Percentage Mod: HP is shown in percentages
|
|start
|switch|p1a: Rhyhorn|Rhyhorn, L96|348\/348
|switch|p2a: Scyther|Scyther, L90|309\/309
|turn|1
|choice|move 1|move 1
|
|move|p2a: Scyther|Swords Dance|p2a: Scyther
|-boost|p2a: Scyther|atk|2
|move|p1a: Rhyhorn|Rock Slide|p2a: Scyther
|-supereffective|p2a: Scyther
|-damage|p2a: Scyther|0 fnt
|faint|p2a: Scyther
|choice||switch 3
|
|switch|p2a: Sandslash|Sandslash, L85|301\/301
|turn|2
|choice|switch 4|move 3
|
|switch|p1a: Articuno|Articuno, L79|304\/304
|move|p2a: Sandslash|Substitute|p2a: Sandslash
|-start|p2a: Sandslash|Substitute
|-damage|p2a: Sandslash|226\/301
|
|turn|3
|choice|switch 2|move 4
|
|switch|p1a: Dewgong|Dewgong, L85|327\/327
|move|p2a: Sandslash|Body Slam|p1a: Dewgong
|-damage|p1a: Dewgong|264\/327
|
|turn|4
|choice|move 1|move 2
|
|move|p1a: Dewgong|Surf|p2a: Sandslash
|-supereffective|p2a: Sandslash
|-end|p2a: Sandslash|Substitute
|move|p2a: Sandslash|Hyper Beam|p1a: Dewgong
|-damage|p1a: Dewgong|156\/327
|
|turn|5
|-mustrecharge|p2a: Sandslash
|-mustrecharge|p2a: Sandslash
|choice|move 1|move 1
|
|move|p1a: Dewgong|Surf|p2a: Sandslash
|-supereffective|p2a: Sandslash
|-damage|p2a: Sandslash|0 fnt
|faint|p2a: Sandslash
|choice||switch 2
|
|switch|p2a: Mr. Mime|Mr. Mime, L85|242\/242
|turn|6
|choice|switch 6|move 1
|
|switch|p1a: Jolteon|Jolteon, L79|265\/265
|move|p2a: Mr. Mime|Thunderbolt|p1a: Jolteon
|-resisted|p1a: Jolteon
|-damage|p1a: Jolteon|233\/265
|
|turn|7
|choice|move 3|move 3
|
|move|p1a: Jolteon|Thunder Wave|p2a: Mr. Mime
|-status|p2a: Mr. Mime|par
|move|p2a: Mr. Mime|Thunder Wave|p1a: Jolteon
|-status|p1a: Jolteon|par
|
|turn|8
|choice|move 1|switch 5
|
|switch|p2a: Kabutops|Kabutops, L85|276\/276
|move|p1a: Jolteon|Thunderbolt|p2a: Kabutops
|-crit|p2a: Kabutops
|-supereffective|p2a: Kabutops
|-damage|p2a: Kabutops|0 fnt
|faint|p2a: Kabutops
|choice||switch 6
|
|switch|p2a: Snorlax|Snorlax, L79|415\/415
|turn|9
|choice|move 3|move 1
|
|move|p2a: Snorlax|Amnesia|p2a: Snorlax
|-boost|p2a: Snorlax|spd|2
|-boost|p2a: Snorlax|spa|2
|cant|p1a: Jolteon|par
|
|turn|10
|choice|move 3|move 1
|
|move|p2a: Snorlax|Amnesia|p2a: Snorlax
|-boost|p2a: Snorlax|spd|2
|-boost|p2a: Snorlax|spa|2
|move|p1a: Jolteon|Thunder Wave|p2a: Snorlax
|-status|p2a: Snorlax|par
|
|turn|11
|choice|move 4|move 3
|
|cant|p2a: Snorlax|par
|move|p1a: Jolteon|Double Kick|p2a: Snorlax
|-crit|p2a: Snorlax
|-supereffective|p2a: Snorlax
|-damage|p2a: Snorlax|342\/415 par
|-damage|p2a: Snorlax|269\/415 par
|-hitcount|p2a: Snorlax|2
|
|turn|12
|choice|move 4|move 3
|
|move|p2a: Snorlax|Surf|p1a: Jolteon
|-damage|p1a: Jolteon|102\/265 par
|move|p1a: Jolteon|Double Kick|p2a: Snorlax
|-supereffective|p2a: Snorlax
|-damage|p2a: Snorlax|228\/415 par
|-damage|p2a: Snorlax|187\/415 par
|-hitcount|p2a: Snorlax|2
|
|turn|13
|choice|move 1|move 3
|
|move|p2a: Snorlax|Surf|p1a: Jolteon
|-damage|p1a: Jolteon|0 fnt
|faint|p1a: Jolteon
|choice|switch 4|
|
|switch|p1a: Rhyhorn|Rhyhorn, L96|348\/348
|turn|14
|choice|move 4|move 3
|
|move|p1a: Rhyhorn|Earthquake|p2a: Snorlax
|-damage|p2a: Snorlax|33\/415 par
|move|p2a: Snorlax|Surf|p1a: Rhyhorn
|-supereffective|p1a: Rhyhorn
|-damage|p1a: Rhyhorn|0 fnt
|faint|p1a: Rhyhorn
|choice|switch 6|
|
|switch|p1a: Dewgong|Dewgong, L85|156\/327
|turn|15
|choice|move 1|move 4
|
|move|p1a: Dewgong|Surf|p2a: Snorlax
|-crit|p2a: Snorlax
|-damage|p2a: Snorlax|0 fnt
|faint|p2a: Snorlax
|choice||switch 5
|
|switch|p2a: Mr. Mime|Mr. Mime, L85|242\/242 par
|turn|16
|choice|move 3|move 1
|
|move|p1a: Dewgong|Blizzard|p2a: Mr. Mime
|-damage|p2a: Mr. Mime|131\/242 par
|move|p2a: Mr. Mime|Thunderbolt|p1a: Dewgong
|-supereffective|p1a: Dewgong
|-damage|p1a: Dewgong|34\/327
|
|turn|17
|choice|move 3|move 1
|
|move|p1a: Dewgong|Blizzard|p2a: Mr. Mime
|-damage|p2a: Mr. Mime|9\/242 par
|move|p2a: Mr. Mime|Thunderbolt|p1a: Dewgong
|-supereffective|p1a: Dewgong
|-damage|p1a: Dewgong|0 fnt
|faint|p1a: Dewgong
|choice|switch 5|
|
|switch|p1a: Persian|Persian, L79|265\/265
|turn|18
|choice|move 3|move 3
|
|move|p1a: Persian|Bubble Beam|p2a: Mr. Mime
|-damage|p2a: Mr. Mime|0 fnt
|faint|p2a: Mr. Mime
|choice||switch 4
|
|switch|p2a: Pinsir|Pinsir, L85|284\/284
|turn|19
|choice|move 2|move 3
|
|move|p1a: Persian|Body Slam|p2a: Pinsir
|-crit|p2a: Pinsir
|-damage|p2a: Pinsir|174\/284
|move|p2a: Pinsir|Swords Dance|p2a: Pinsir
|-boost|p2a: Pinsir|atk|2
|
|turn|20
|choice|move 2|move 4
|
|move|p1a: Persian|Body Slam|p2a: Pinsir
|-damage|p2a: Pinsir|111\/284
|move|p2a: Pinsir|Body Slam|p1a: Persian
|-damage|p1a: Persian|78\/265
|
|turn|21
|choice|move 2|move 4
|
|move|p1a: Persian|Body Slam|p2a: Pinsir
|-damage|p2a: Pinsir|51\/284
|move|p2a: Pinsir|Body Slam|p1a: Persian
|-crit|p1a: Persian
|-damage|p1a: Persian|0 fnt
|faint|p1a: Persian
|choice|switch 3|
|
|switch|p1a: Arbok|Arbok, L90|291\/291
|turn|22
|choice|move 1|move 4
|
|move|p1a: Arbok|Body Slam|p2a: Pinsir
|-crit|p2a: Pinsir
|-damage|p2a: Pinsir|0 fnt
|faint|p2a: Pinsir
|
|win|MALESANI
|raw|MALESANI's rating: 1349 &rarr; <strong>1356<\/strong><br \/>(+7 for winning)
|raw|camc182's rating: 1085 &rarr; <strong>1077<\/strong><br \/>(-8 for losing)
|leave|camc182
|player|p2