|join|TheEnderKing101
|join|XianJu
|player|p1|TheEnderKing101|273
|player|p2|XianJu|130
|gametype|singles
|gen|1
|tier|[Gen 1] Random Battle
|rated
|rule|Sleep Clause Mod: Limit one foe put to sleep
|rule|Freeze Clause Mod: Limit one foe frozen
|rule|HP Percentage Mod: HP is shown in percentages
|
|start
|switch|p1a: Kakuna|Kakuna, L99|290\/290
|switch|p2a: Tauros|Tauros, L79|280\/280
|turn|1
|c|★TheEnderKing101|oh man
|c|★TheEnderKing101|yay best pokemon
|
|move|p2a: Tauros|Body Slam|p1a: Kakuna
|-crit|p1a: Kakuna
|-damage|p1a: Kakuna|108\/290
|move|p1a: Kakuna|String Shot|p2a: Tauros
|-unboost|p2a: Tauros|spe|1
|
|turn|2
|join|Streak27
|leave|Streak27
|
|move|p2a: Tauros|Earthquake|p1a: Kakuna
|-damage|p1a: Kakuna|37\/290
|move|p1a: Kakuna|String Shot|p2a: Tauros
|-unboost|p2a: Tauros|spe|1
|
|turn|3
|
|move|p1a: Kakuna|String Shot|p2a: Tauros
|-unboost|p2a: Tauros|spe|1
|move|p2a: Tauros|Body Slam|p1a: Kakuna
|-damage|p1a: Kakuna|0 fnt
|faint|p1a: Kakuna
|
|switch|p1a: Machamp|Machamp, L90|345\/345
|turn|4
|
|switch|p2a: Weezing|Weezing, L90|300\/300
|move|p1a: Machamp|Submission|p2a: Weezing
|-resisted|p2a: Weezing
|-damage|p2a: Weezing|257\/300
|-damage|p1a: Machamp|335\/345|[from] recoil|[of] p2a: Weezing
|
|turn|5
|
|move|p2a: Weezing|Fire Blast|p1a: Machamp
|-damage|p1a: Machamp|237\/345
|move|p1a: Machamp|Earthquake|p2a: Weezing
|-supereffective|p2a: Weezing
|-damage|p2a: Weezing|93\/300
|
|turn|6
|
|switch|p2a: Gyarados|Gyarados, L85|335\/335
|move|p1a: Machamp|Earthquake|p2a: Gyarados
|-immune|p2a: Gyarados|[msg]
|
|turn|7
|
|move|p2a: Gyarados|Thunderbolt|p1a: Machamp
|-crit|p1a: Machamp
|-damage|p1a: Machamp|92\/345
|move|p1a: Machamp|Hyper Beam|p2a: Gyarados
|-damage|p2a: Gyarados|172\/335
|
|turn|8
|-mustrecharge|p1a: Machamp
|-mustrecharge|p1a: Machamp
|
|move|p2a: Gyarados|Body Slam|p1a: Machamp
|-damage|p1a: Machamp|15\/345
|cant|p1a: Machamp|recharge
|
|turn|9
|
|move|p2a: Gyarados|Body Slam|p1a: Machamp
|-damage|p1a: Machamp|0 fnt
|faint|p1a: Machamp
|
|switch|p1a: Articuno|Articuno, L79|304\/304
|turn|10
|
|move|p2a: Gyarados|Thunderbolt|p1a: Articuno
|-supereffective|p1a: Articuno
|-damage|p1a: Articuno|179\/304
|move|p1a: Articuno|Blizzard|p2a: Gyarados|[miss]
|-miss|p1a: Articuno
|
|turn|11
|
|move|p2a: Gyarados|Thunderbolt|p1a: Articuno
|-supereffective|p1a: Articuno
|-damage|p1a: Articuno|57\/304
|move|p1a: Articuno|Mimic|p2a: Gyarados
|-start|p1a: Articuno|Mimic|Thunderbolt
|
|turn|12
|
|move|p2a: Gyarados|Thunderbolt|p1a: Articuno
|-supereffective|p1a: Articuno
|-damage|p1a: Articuno|0 fnt
|faint|p1a: Articuno
|
|switch|p1a: Rhydon|Rhydon, L79|328\/328
|turn|13
|
|move|p2a: Gyarados|Surf|p1a: Rhydon
|-supereffective|p1a: Rhydon
|-damage|p1a: Rhydon|0 fnt
|faint|p1a: Rhydon
|
|switch|p1a: Snorlax|Snorlax, L79|415\/415
|turn|14
|
|move|p2a: Gyarados|Thunderbolt|p1a: Snorlax
|-damage|p1a: Snorlax|320\/415
|move|p1a: Snorlax|Self-Destruct|p2a: Gyarados
|-damage|p2a: Gyarados|0 fnt
|faint|p2a: Gyarados
|faint|p1a: Snorlax
|
|switch|p2a: Rapidash|Rapidash, L90|300\/300
|switch|p1a: Flareon|Flareon, L90|300\/300
|turn|15
|
|move|p2a: Rapidash|Body Slam|p1a: Flareon
|-damage|p1a: Flareon|214\/300
|move|p1a: Flareon|Hyper Beam|p2a: Rapidash
|-damage|p2a: Rapidash|150\/300
|
|turn|16
|-mustrecharge|p1a: Flareon
|-message|TheEnderKing101 lost due to inactivity.
|
|win|XianJu