|j|casual climb
|j|redheadchicken1
|player|p1|casual climb|265
|player|p2|redheadchicken1|265
|gametype|singles
|gen|1
|tier|[Gen 1] Random Battle
|rated
|seed|
|rule|Sleep Clause Mod: Limit one foe put to sleep
|rule|Freeze Clause Mod: Limit one foe frozen
|rule|HP Percentage Mod: HP is shown in percentages
|
|start
|switch|p1a: Nidoran-F|Nidoran-F, L96|100\/100
|switch|p2a: Poliwrath|Poliwrath, L85|100\/100
|turn|1
|choice||
|
|switch|p1a: Butterfree|Butterfree, L90|100\/100
|move|p2a: Poliwrath|Amnesia|p2a: Poliwrath
|-boost|p2a: Poliwrath|spd|2
|-boost|p2a: Poliwrath|spa|2
|
|turn|2
|choice||
|
|move|p1a: Butterfree|Sleep Powder|p2a: Poliwrath
|-status|p2a: Poliwrath|slp
|cant|p2a: Poliwrath|slp
|
|turn|3
|choice||
|
|move|p1a: Butterfree|Psychic|p2a: Poliwrath
|-supereffective|p2a: Poliwrath
|-damage|p2a: Poliwrath|76\/100 slp
|-unboost|p2a: Poliwrath|spd|1
|-unboost|p2a: Poliwrath|spa|1
|-curestatus|p2a: Poliwrath|slp
|
|turn|4
|choice||
|
|move|p1a: Butterfree|Sleep Powder|p2a: Poliwrath
|-status|p2a: Poliwrath|slp
|-curestatus|p2a: Poliwrath|slp
|
|turn|5
|choice||
|
|move|p1a: Butterfree|Sleep Powder|p2a: Poliwrath|[miss]
|-miss|p1a: Butterfree
|move|p2a: Poliwrath|Surf|p1a: Butterfree
|-crit|p1a: Butterfree
|-damage|p1a: Butterfree|44\/100
|
|turn|6
|choice||
|
|move|p1a: Butterfree|Sleep Powder|p2a: Poliwrath
|-status|p2a: Poliwrath|slp
|cant|p2a: Poliwrath|slp
|
|turn|7
|choice||
|
|move|p1a: Butterfree|Psychic|p2a: Poliwrath
|-supereffective|p2a: Poliwrath
|-damage|p2a: Poliwrath|43\/100 slp
|-curestatus|p2a: Poliwrath|slp
|
|turn|8
|c|★casual climb|jesus
|choice||
|
|move|p1a: Butterfree|Sleep Powder|p2a: Poliwrath
|-status|p2a: Poliwrath|slp
|-curestatus|p2a: Poliwrath|slp
|
|turn|9
|c|★casual climb|this rng is so fucking broken
|c|★redheadchicken1|lol poliwrath fucking hates sleeping
|choice||
|
|move|p1a: Butterfree|Sleep Powder|p2a: Poliwrath
|-status|p2a: Poliwrath|slp
|cant|p2a: Poliwrath|slp
|
|turn|10
|choice||
|
|move|p1a: Butterfree|Psychic|p2a: Poliwrath
|-supereffective|p2a: Poliwrath
|-damage|p2a: Poliwrath|12\/100 slp
|-curestatus|p2a: Poliwrath|slp
|
|turn|11
|choice||
|
|move|p1a: Butterfree|Mega Drain|p2a: Poliwrath
|-supereffective|p2a: Poliwrath
|-damage|p2a: Poliwrath|0 fnt
|-heal|p1a: Butterfree|51\/100|[from] drain|[of] p2a: Poliwrath
|faint|p2a: Poliwrath
|choice||
|
|switch|p2a: Rapidash|Rapidash, L90|100\/100
|turn|12
|choice||
|
|switch|p1a: Flareon|Flareon, L90|100\/100
|move|p2a: Rapidash|Fire Blast|p1a: Flareon
|-resisted|p1a: Flareon
|-damage|p1a: Flareon|82\/100
|
|turn|13
|choice||
|
|move|p2a: Rapidash|Growl|p1a: Flareon
|-unboost|p1a: Flareon|atk|1
|move|p1a: Flareon|Body Slam|p2a: Rapidash
|-damage|p2a: Rapidash|81\/100
|-status|p2a: Rapidash|par
|
|turn|14
|choice||
|
|switch|p1a: Seadra|Seadra, L90|100\/100
|move|p2a: Rapidash|Reflect|p2a: Rapidash
|-start|p2a: Rapidash|Reflect
|
|turn|15
|choice||
|
|switch|p2a: Magneton|Magneton, L90|100\/100
|move|p1a: Seadra|Hydro Pump|p2a: Magneton|[miss]
|-miss|p1a: Seadra
|
|turn|16
|choice||
|
|switch|p1a: Graveler|Graveler, L85|100\/100
|move|p2a: Magneton|Thunderbolt|p1a: Graveler
|-immune|p1a: Graveler|[msg]
|
|turn|17
|choice||
|
|move|p2a: Magneton|Thunder Wave|p1a: Graveler
|-immune|p1a: Graveler|[msg]
|move|p1a: Graveler|Rock Slide|p2a: Magneton|[miss]
|-miss|p1a: Graveler
|
|turn|18
|choice||
|
|switch|p2a: Tauros|Tauros, L79|100\/100
|move|p1a: Graveler|Earthquake|p2a: Tauros
|-damage|p2a: Tauros|61\/100
|
|turn|19
|choice||
|
|switch|p1a: Nidoran-F|Nidoran-F, L96|100\/100
|move|p2a: Tauros|Blizzard|p1a: Nidoran-F
|-damage|p1a: Nidoran-F|75\/100
|
|turn|20
|choice||
|
|move|p2a: Tauros|Earthquake|p1a: Nidoran-F
|-supereffective|p1a: Nidoran-F
|-damage|p1a: Nidoran-F|24\/100
|move|p1a: Nidoran-F|Body Slam|p2a: Tauros
|-damage|p2a: Tauros|43\/100
|
|turn|21
|choice||
|
|move|p2a: Tauros|Earthquake|p1a: Nidoran-F
|-crit|p1a: Nidoran-F
|-supereffective|p1a: Nidoran-F
|-damage|p1a: Nidoran-F|0 fnt
|faint|p1a: Nidoran-F
|choice||
|
|switch|p1a: Seadra|Seadra, L90|100\/100
|turn|22
|choice||
|
|switch|p2a: Magneton|Magneton, L90|100\/100
|move|p1a: Seadra|Hydro Pump|p2a: Magneton|[miss]
|-miss|p1a: Seadra
|
|turn|23
|choice||
|
|switch|p1a: Graveler|Graveler, L85|100\/100
|move|p2a: Magneton|Double-Edge|p1a: Graveler
|-resisted|p1a: Graveler
|-damage|p1a: Graveler|92\/100
|-damage|p2a: Magneton|98\/100|[from] recoil|[of] p1a: Graveler
|
|turn|24
|c|★casual climb|magneton has now avoided two hpumps and a rock slide
|choice||
|
|switch|p2a: Chansey|Chansey, L79|100\/100
|move|p1a: Graveler|Earthquake|p2a: Chansey
|-damage|p2a: Chansey|52\/100
|
|turn|25
|choice||
|
|move|p1a: Graveler|Earthquake|p2a: Chansey
|-damage|p2a: Chansey|3\/100
|move|p2a: Chansey|Counter|p1a: Graveler
|-fail|p2a: Chansey
|
|turn|26
|choice||
|
|move|p2a: Chansey|Soft-Boiled|p2a: Chansey
|-heal|p2a: Chansey|53\/100
|move|p1a: Graveler|Earthquake|p2a: Chansey
|-damage|p2a: Chansey|2\/100
|
|turn|27
|c|★redheadchicken1|lol well this is going to take awhile barring crits
|choice||
|
|move|p2a: Chansey|Soft-Boiled|p2a: Chansey
|-heal|p2a: Chansey|52\/100
|move|p1a: Graveler|Earthquake|p2a: Chansey
|-damage|p2a: Chansey|3\/100
|
|turn|28
|choice||
|
|move|p2a: Chansey|Soft-Boiled|p2a: Chansey
|-heal|p2a: Chansey|53\/100
|move|p1a: Graveler|Earthquake|p2a: Chansey
|-damage|p2a: Chansey|0 fnt
|faint|p2a: Chansey
|c|★casual climb|lol
|c|★casual climb|nope
|c|★redheadchicken1|ahh wtf
|choice||
|
|switch|p2a: Alakazam|Alakazam, L79|100\/100
|turn|29
|c|★casual climb|lmfao your team is so fucking good
|choice||
|
|switch|p1a: Hypno|Hypno, L85|100\/100
|move|p2a: Alakazam|Psychic|p1a: Hypno
|-resisted|p1a: Hypno
|-damage|p1a: Hypno|88\/100
|
|turn|30
|c|★redheadchicken1|so who wants to die first
|c|★redheadchicken1|lol last match my starter was weedle fuck that
|choice||
|
|move|p2a: Alakazam|Thunder Wave|p1a: Hypno
|-status|p1a: Hypno|par
|move|p1a: Hypno|Thunder Wave|p2a: Alakazam
|-status|p2a: Alakazam|par
|
|turn|31
|choice||
|
|move|p2a: Alakazam|Seismic Toss|p1a: Hypno
|-damage|p1a: Hypno|63\/100 par
|move|p1a: Hypno|Psychic|p2a: Alakazam
|-resisted|p2a: Alakazam
|-damage|p2a: Alakazam|84\/100 par
|
|turn|32
|choice||
|
|cant|p2a: Alakazam|par
|move|p1a: Hypno|Psychic|p2a: Alakazam
|-resisted|p2a: Alakazam
|-damage|p2a: Alakazam|66\/100 par
|-unboost|p2a: Alakazam|spd|1
|-unboost|p2a: Alakazam|spa|1
|
|turn|33
|choice||
|
|switch|p2a: Rapidash|Rapidash, L90|81\/100 par
|cant|p1a: Hypno|par
|
|turn|34
|choice||
|
|switch|p1a: Seadra|Seadra, L90|100\/100
|move|p2a: Rapidash|Fire Blast|p1a: Seadra
|-resisted|p1a: Seadra
|-damage|p1a: Seadra|82\/100
|
|turn|35
|choice||
|
|switch|p2a: Magneton|Magneton, L90|98\/100
|move|p1a: Seadra|Hydro Pump|p2a: Magneton
|-damage|p2a: Magneton|58\/100
|
|turn|36
|choice||
|
|switch|p1a: Graveler|Graveler, L85|92\/100
|move|p2a: Magneton|Mimic|p1a: Graveler
|-start|p2a: Magneton|Mimic|Rock Slide
|
|turn|37
|choice||
|
|switch|p2a: Tauros|Tauros, L79|43\/100
|move|p1a: Graveler|Earthquake|p2a: Tauros
|-damage|p2a: Tauros|8\/100
|
|turn|38
|c|★redheadchicken1|think you got me
|c|★redheadchicken1|beat
|c|★casual climb|yeah
|c|★redheadchicken1|come on hax
|choice||
|
|switch|p1a: Butterfree|Butterfree, L90|51\/100
|move|p2a: Tauros|Blizzard|p1a: Butterfree
|-supereffective|p1a: Butterfree
|-damage|p1a: Butterfree|9\/100
|
|turn|39
|choice||
|
|move|p2a: Tauros|Body Slam|p1a: Butterfree
|-damage|p1a: Butterfree|0 fnt
|faint|p1a: Butterfree
|choice||
|
|switch|p1a: Flareon|Flareon, L90|82\/100
|turn|40
|choice||
|
|move|p1a: Flareon|Quick Attack|p2a: Tauros
|-damage|p2a: Tauros|0 fnt
|faint|p2a: Tauros
|choice||
|
|switch|p2a: Magneton|Magneton, L90|58\/100
|turn|41
|choice||
|
|switch|p1a: Graveler|Graveler, L85|92\/100
|move|p2a: Magneton|Mimic|p1a: Graveler
|-start|p2a: Magneton|Mimic|Explosion
|
|turn|42
|c|★casual climb|lol
|choice||
|
|move|p2a: Magneton|Explosion|p1a: Graveler
|-crit|p1a: Graveler
|-resisted|p1a: Graveler
|-damage|p1a: Graveler|31\/100
|faint|p2a: Magneton
|c|★redheadchicken1|lol
|choice||
|
|switch|p2a: Alakazam|Alakazam, L79|66\/100 par
|turn|43
|choice||
|
|move|p1a: Graveler|Earthquake|p2a: Alakazam
|-damage|p2a: Alakazam|0 fnt
|faint|p2a: Alakazam
|choice||
|
|switch|p2a: Rapidash|Rapidash, L90|81\/100 par
|turn|44
|choice||
|
|move|p1a: Graveler|Earthquake|p2a: Rapidash
|-supereffective|p2a: Rapidash
|-damage|p2a: Rapidash|0 fnt
|faint|p2a: Rapidash
|
|win|casual climb
|player|p1
|player|p2
|raw|casual climb's rating: 1344 &rarr; <strong>1358<\/strong><br \/>(+14 for winning)
|raw|redheadchicken1's rating: 1223 &rarr; <strong>1207<\/strong><br \/>(-16 for losing)
|c|★redheadchicken1|fuck
|c|★redheadchicken1|from 1300 to 1200
|l|redheadchicken1
|c|★casual climb|this prob about right