|join|TrainerDenis
|join|Psychedelic Trip
|player|p1|TrainerDenis|99
|player|p2|Psychedelic Trip|168
|gametype|singles
|gen|1
|tier|[Gen 1] Random Battle
|rated
|rule|Sleep Clause Mod: Limit one foe put to sleep
|rule|Freeze Clause Mod: Limit one foe frozen
|rule|HP Percentage Mod: HP is shown in percentages
|
|start
|switch|p1a: Weepinbell|Weepinbell, L85|284\/284
|switch|p2a: Fearow|Fearow, L90|300\/300
|turn|1
|
|move|p2a: Fearow|Drill Peck|p1a: Weepinbell
|-crit|p1a: Weepinbell
|-supereffective|p1a: Weepinbell
|-damage|p1a: Weepinbell|0 fnt
|faint|p1a: Weepinbell
|
|switch|p1a: Charmeleon|Charmeleon, L85|272\/272
|turn|2
|
|move|p2a: Fearow|Drill Peck|p1a: Charmeleon
|-damage|p1a: Charmeleon|151\/272
|move|p1a: Charmeleon|Fire Blast|p2a: Fearow
|-damage|p2a: Fearow|180\/300
|
|turn|3
|
|move|p2a: Fearow|Drill Peck|p1a: Charmeleon
|-damage|p1a: Charmeleon|37\/272
|move|p1a: Charmeleon|Submission|p2a: Fearow
|-damage|p2a: Fearow|130\/300
|-damage|p1a: Charmeleon|25\/272|[from] recoil|[of] p2a: Fearow
|
|turn|4
|
|move|p2a: Fearow|Drill Peck|p1a: Charmeleon
|-damage|p1a: Charmeleon|0 fnt
|faint|p1a: Charmeleon
|
|switch|p1a: Alakazam|Alakazam, L79|249\/249
|turn|5
|
|move|p1a: Alakazam|Psychic|p2a: Fearow
|-damage|p2a: Fearow|5\/300
|move|p2a: Fearow|Hyper Beam|p1a: Alakazam
|-damage|p1a: Alakazam|0 fnt
|faint|p1a: Alakazam
|
|switch|p1a: Seadra|Seadra, L90|282\/282
|turn|6
|
|move|p2a: Fearow|Hyper Beam|p1a: Seadra
|-damage|p1a: Seadra|131\/282
|move|p1a: Seadra|Hydro Pump|p2a: Fearow|[miss]
|-miss|p1a: Seadra
|
|turn|7
|-mustrecharge|p2a: Fearow
|-mustrecharge|p2a: Fearow
|
|cant|p2a: Fearow|recharge
|move|p1a: Seadra|Blizzard|p2a: Fearow|[miss]
|-miss|p1a: Seadra
|
|turn|8
|
|move|p2a: Fearow|Hyper Beam|p1a: Seadra
|-damage|p1a: Seadra|0 fnt
|faint|p1a: Seadra
|
|switch|p1a: Metapod|Metapod, L99|300\/300
|turn|9
|
|move|p2a: Fearow|Drill Peck|p1a: Metapod
|-crit|p1a: Metapod
|-supereffective|p1a: Metapod
|-damage|p1a: Metapod|0 fnt
|faint|p1a: Metapod
|
|switch|p1a: Doduo|Doduo, L96|262\/262
|turn|10
|
|move|p2a: Fearow|Hyper Beam|p1a: Doduo
|-crit|p1a: Doduo
|-damage|p1a: Doduo|0 fnt
|faint|p1a: Doduo
|
|win|Psychedelic Trip
|raw|Ladder updating...
|raw|TrainerDenis's rating: 1115 &rarr; <strong>1098<\/strong><br \/>(-17 for losing)
|raw|Psychedelic Trip's rating: 1234 &rarr; <strong>1251<\/strong><br \/>(+17 for winning)
|leave|TrainerDenis
|player|p1