|join|G522
|join|gen1masterrony
|player|p1|G522|101
|player|p2|gen1masterrony|266
|gametype|singles
|gen|1
|tier|[Gen 1] OU (beta)
|rated
|rule|Sleep Clause Mod: Limit one foe put to sleep
|rule|Species Clause: Limit one of each Pokémon
|rule|OHKO Clause: OHKO moves are banned
|rule|Evasion Moves Clause: Evasion moves are banned
|rule|HP Percentage Mod: HP is shown in percentages
|
|start
|switch|p1a: Gengar|Gengar|323\/323
|switch|p2a: Hypno|Hypno|373\/373
|turn|1
|
|move|p1a: Gengar|Hypnosis|p2a: Hypno|[miss]
|-miss|p1a: Gengar
|move|p2a: Hypno|Thunder Wave|p1a: Gengar
|-status|p1a: Gengar|par
|
|turn|2
|
|move|p2a: Hypno|Psychic|p1a: Gengar
|-supereffective|p1a: Gengar
|-damage|p1a: Gengar|128\/323 par
|move|p1a: Gengar|Hypnosis|p2a: Hypno
|-status|p2a: Hypno|slp
|
|turn|3
|
|switch|p2a: Exeggutor|Exeggutor|393\/393
|move|p1a: Gengar|Mega Drain|p2a: Exeggutor
|-resisted|p2a: Exeggutor
|-damage|p2a: Exeggutor|376\/393
|-heal|p1a: Gengar|137\/323 par|[from] drain|[of] p2a: Exeggutor
|
|turn|4
|
|switch|p1a: Chansey|Chansey|703\/703
|move|p2a: Exeggutor|Psychic|p1a: Chansey
|-crit|p1a: Chansey
|-damage|p1a: Chansey|458\/703
|
|turn|5
|
|move|p2a: Exeggutor|Sleep Powder|p1a: Chansey|[miss]
|-miss|p2a: Exeggutor
|move|p1a: Chansey|Ice Beam|p2a: Exeggutor
|-supereffective|p2a: Exeggutor
|-damage|p2a: Exeggutor|241\/393
|
|turn|6
|
|switch|p1a: Gengar|Gengar|137\/323 par
|move|p2a: Exeggutor|Sleep Powder|p1a: Gengar
|-fail|p1a: Gengar
|
|turn|7
|
|move|p2a: Exeggutor|Psychic|p1a: Gengar
|-crit|p1a: Gengar
|-supereffective|p1a: Gengar
|-damage|p1a: Gengar|0 fnt
|faint|p1a: Gengar
|
|switch|p1a: Exeggutor|Exeggutor|393\/393
|turn|8
|
|move|p2a: Exeggutor|Sleep Powder|p1a: Exeggutor
|-status|p1a: Exeggutor|slp
|cant|p1a: Exeggutor|slp
|
|turn|9
|
|switch|p2a: Tauros|Tauros|353\/353
|switch|p1a: Chansey|Chansey|458\/703
|
|turn|10
|
|move|p2a: Tauros|Hyper Beam|p1a: Chansey
|-damage|p1a: Chansey|0 fnt
|faint|p1a: Chansey
|
|switch|p1a: Exeggutor|Exeggutor|393\/393 slp
|turn|11
|
|move|p2a: Tauros|Body Slam|p1a: Exeggutor
|-damage|p1a: Exeggutor|276\/393 slp
|cant|p1a: Exeggutor|slp
|
|turn|12
|
|move|p2a: Tauros|Body Slam|p1a: Exeggutor
|-damage|p1a: Exeggutor|168\/393 slp
|cant|p1a: Exeggutor|slp
|
|turn|13
|
|move|p2a: Tauros|Body Slam|p1a: Exeggutor
|-crit|p1a: Exeggutor
|-damage|p1a: Exeggutor|0 fnt
|faint|p1a: Exeggutor
|
|switch|p1a: Tauros|Tauros|353\/353
|turn|14
|
|move|p2a: Tauros|Body Slam|p1a: Tauros
|-damage|p1a: Tauros|256\/353
|-status|p1a: Tauros|par
|cant|p1a: Tauros|par
|
|turn|15
|
|move|p2a: Tauros|Body Slam|p1a: Tauros
|-crit|p1a: Tauros
|-damage|p1a: Tauros|54\/353 par
|move|p1a: Tauros|Body Slam|p2a: Tauros
|-damage|p2a: Tauros|248\/353
|
|turn|16
|
|move|p2a: Tauros|Body Slam|p1a: Tauros
|-damage|p1a: Tauros|0 fnt
|faint|p1a: Tauros
|
|switch|p1a: Dragonite|Dragonite|385\/385
|turn|17
|
|move|p2a: Tauros|Blizzard|p1a: Dragonite
|-supereffective|p1a: Dragonite
|-damage|p1a: Dragonite|90\/385
|move|p1a: Dragonite|Agility|p1a: Dragonite
|-boost|p1a: Dragonite|spe|2
|
|turn|18
|
|move|p1a: Dragonite|Wrap|p2a: Tauros
|-damage|p2a: Tauros|231\/353
|-activate|p2a: Tauros|move: Wrap|[of] p1a: Dragonite
|cant|p2a: Tauros|partiallytrapped
|
|turn|19
|
|move|p1a: Dragonite|Wrap|p2a: Tauros
|-damage|p2a: Tauros|214\/353
|cant|p2a: Tauros|partiallytrapped
|
|-end|p2a: Tauros|Wrap|[partiallytrapped]
|turn|20
|
|move|p1a: Dragonite|Wrap|p2a: Tauros
|-damage|p2a: Tauros|196\/353
|-activate|p2a: Tauros|move: Wrap|[of] p1a: Dragonite
|cant|p2a: Tauros|partiallytrapped
|
|turn|21
|
|switch|p2a: Starmie|Starmie|323\/323
|move|p1a: Dragonite|Wrap|p2a: Starmie
|-crit|p2a: Starmie
|-damage|p2a: Starmie|286\/323
|-activate|p2a: Starmie|move: Wrap|[of] p1a: Dragonite
|
|turn|22
|
|move|p1a: Dragonite|Wrap|p2a: Starmie
|-damage|p2a: Starmie|268\/323
|cant|p2a: Starmie|partiallytrapped
|
|turn|23
|
|move|p1a: Dragonite|Wrap|p2a: Starmie
|-damage|p2a: Starmie|250\/323
|cant|p2a: Starmie|partiallytrapped
|
|turn|24
|
|move|p1a: Dragonite|Wrap|p2a: Starmie
|-damage|p2a: Starmie|232\/323
|cant|p2a: Starmie|partiallytrapped
|
|turn|25
|
|move|p1a: Dragonite|Wrap|p2a: Starmie
|-damage|p2a: Starmie|214\/323
|cant|p2a: Starmie|partiallytrapped
|
|-end|p2a: Starmie|Wrap|[partiallytrapped]
|turn|26
|
|move|p1a: Dragonite|Wrap|p2a: Starmie|[miss]
|-miss|p1a: Dragonite
|move|p2a: Starmie|Blizzard|p1a: Dragonite
|-supereffective|p1a: Dragonite
|-damage|p1a: Dragonite|0 fnt
|faint|p1a: Dragonite
|
|switch|p1a: Golem|Golem|363\/363
|turn|27
|
|move|p2a: Starmie|Blizzard|p1a: Golem|[miss]
|-miss|p2a: Starmie
|move|p1a: Golem|Body Slam|p2a: Starmie
|-damage|p2a: Starmie|133\/323
|
|turn|28
|
|move|p2a: Starmie|Blizzard|p1a: Golem
|-supereffective|p1a: Golem
|-damage|p1a: Golem|77\/363
|move|p1a: Golem|Body Slam|p2a: Starmie
|-damage|p2a: Starmie|58\/323
|
|turn|29
|
|move|p2a: Starmie|Blizzard|p1a: Golem
|-crit|p1a: Golem
|-supereffective|p1a: Golem
|-damage|p1a: Golem|0 fnt
|faint|p1a: Golem
|
|win|gen1masterrony
|raw|Ladder updating...
|raw|G522's rating: 1040 &rarr; <strong>1033<\/strong><br \/>(-7 for losing)
|raw|gen1masterrony's rating: 1249 &rarr; <strong>1261<\/strong><br \/>(+12 for winning)
|leave|G522
|player|p1