|join|MrW4ffl3Z
|join|Feena
|player|p1|MrW4ffl3Z|264
|player|p2|Feena|170
|gametype|singles
|gen|1
|tier|[Gen 1] Random Battle
|rated
|rule|Sleep Clause Mod: Limit one foe put to sleep
|rule|Freeze Clause Mod: Limit one foe frozen
|rule|HP Percentage Mod: HP is shown in percentages
|
|start
|switch|p1a: Tentacruel|Tentacruel, L85|310\/310
|switch|p2a: Blastoise|Blastoise, L85|308\/308
|turn|1
|
|move|p1a: Tentacruel|Swords Dance|p1a: Tentacruel
|-boost|p1a: Tentacruel|atk|2
|move|p2a: Blastoise|Earthquake|p1a: Tentacruel
|-supereffective|p1a: Tentacruel
|-damage|p1a: Tentacruel|160\/310
|
|turn|2
|
|move|p1a: Tentacruel|Hyper Beam|p2a: Blastoise
|-damage|p2a: Blastoise|160\/308
|move|p2a: Blastoise|Earthquake|p1a: Tentacruel
|-supereffective|p1a: Tentacruel
|-damage|p1a: Tentacruel|0 fnt
|faint|p1a: Tentacruel
|
|switch|p1a: Jolteon|Jolteon, L79|265\/265
|turn|3
|
|switch|p2a: Rhydon|Rhydon, L79|328\/328
|move|p1a: Jolteon|Thunderbolt|p2a: Rhydon
|-immune|p2a: Rhydon|[msg]
|
|turn|4
|
|switch|p1a: Hitmonlee|Hitmonlee, L90|273\/273
|move|p2a: Rhydon|Body Slam|p1a: Hitmonlee
|-damage|p1a: Hitmonlee|188\/273
|
|turn|5
|
|switch|p2a: Gloom|Gloom, L90|291\/291
|move|p1a: Hitmonlee|High Jump Kick|p2a: Gloom
|-resisted|p2a: Gloom
|-damage|p2a: Gloom|223\/291
|
|turn|6
|
|move|p1a: Hitmonlee|Body Slam|p2a: Gloom
|-crit|p2a: Gloom
|-damage|p2a: Gloom|52\/291
|-status|p2a: Gloom|par
|move|p2a: Gloom|Sleep Powder|p1a: Hitmonlee|[miss]
|-miss|p2a: Gloom
|
|turn|7
|
|move|p1a: Hitmonlee|Body Slam|p2a: Gloom
|-damage|p2a: Gloom|0 fnt
|faint|p2a: Gloom
|
|switch|p2a: Butterfree|Butterfree, L90|291\/291
|turn|8
|
|move|p1a: Hitmonlee|Body Slam|p2a: Butterfree
|-damage|p2a: Butterfree|191\/291
|move|p2a: Butterfree|Sleep Powder|p1a: Hitmonlee
|-status|p1a: Hitmonlee|slp
|
|turn|9
|
|switch|p1a: Rhydon|Rhydon, L79|328\/328
|move|p2a: Butterfree|Stun Spore|p1a: Rhydon
|-status|p1a: Rhydon|par
|
|turn|10
|
|move|p2a: Butterfree|Mega Drain|p1a: Rhydon
|-supereffective|p1a: Rhydon
|-damage|p1a: Rhydon|132\/328 par
|-heal|p2a: Butterfree|289\/291|[from] drain|[of] p1a: Rhydon
|move|p1a: Rhydon|Substitute|p1a: Rhydon
|-start|p1a: Rhydon|Substitute
|-damage|p1a: Rhydon|50\/328 par
|
|turn|11
|
|move|p2a: Butterfree|Mega Drain|p1a: Rhydon
|-supereffective|p1a: Rhydon
|-end|p1a: Rhydon|Substitute
|move|p1a: Rhydon|Rock Slide|p2a: Butterfree
|-supereffective|p2a: Butterfree
|-damage|p2a: Butterfree|0 fnt
|faint|p2a: Butterfree
|
|switch|p2a: Rhydon|Rhydon, L79|328\/328
|turn|12
|
|move|p2a: Rhydon|Earthquake|p1a: Rhydon
|-supereffective|p1a: Rhydon
|-damage|p1a: Rhydon|0 fnt
|faint|p1a: Rhydon
|
|switch|p1a: Hitmonlee|Hitmonlee, L90|188\/273 slp
|turn|13
|
|move|p2a: Rhydon|Earthquake|p1a: Hitmonlee
|-damage|p1a: Hitmonlee|46\/273 slp
|cant|p1a: Hitmonlee|slp
|
|turn|14
|
|move|p2a: Rhydon|Earthquake|p1a: Hitmonlee
|-damage|p1a: Hitmonlee|0 fnt
|faint|p1a: Hitmonlee
|
|switch|p1a: Gengar|Gengar, L79|257\/257
|turn|15
|
|move|p1a: Gengar|Hypnosis|p2a: Rhydon
|-status|p2a: Rhydon|slp
|cant|p2a: Rhydon|slp
|
|turn|16
|
|switch|p2a: Chansey|Chansey, L79|557\/557
|move|p1a: Gengar|Mega Drain|p2a: Chansey
|-damage|p2a: Chansey|527\/557
|
|turn|17
|
|switch|p1a: Ditto|Ditto, L99|296\/296
|move|p2a: Chansey|Thunder Wave|p1a: Ditto
|-status|p1a: Ditto|par
|
|turn|18
|
|switch|p2a: Rapidash|Rapidash, L90|300\/300
|move|p1a: Ditto|Transform|p2a: Rapidash
|-transform|p1a: Ditto|p2a: Rapidash
|
|turn|19
|
|switch|p2a: Blastoise|Blastoise, L85|160\/308
|move|p1a: Ditto|Body Slam|p2a: Blastoise
|-damage|p2a: Blastoise|109\/308
|-status|p2a: Blastoise|par
|
|turn|20
|
|move|p2a: Blastoise|Earthquake|p1a: Ditto
|-supereffective|p1a: Ditto
|-damage|p1a: Ditto|145\/296 par
|cant|p1a: Ditto|par
|
|turn|21
|
|move|p2a: Blastoise|Earthquake|p1a: Ditto
|-supereffective|p1a: Ditto
|-damage|p1a: Ditto|0 fnt
|faint|p1a: Ditto
|
|switch|p1a: Jolteon|Jolteon, L79|265\/265
|turn|22
|
|move|p1a: Jolteon|Sand Attack|p2a: Blastoise
|-unboost|p2a: Blastoise|accuracy|1
|move|p2a: Blastoise|Earthquake|p1a: Jolteon
|-supereffective|p1a: Jolteon
|-damage|p1a: Jolteon|87\/265
|
|turn|23
|
|move|p1a: Jolteon|Thunderbolt|p2a: Blastoise
|-supereffective|p2a: Blastoise
|-damage|p2a: Blastoise|0 fnt
|faint|p2a: Blastoise
|
|switch|p2a: Chansey|Chansey, L79|527\/557
|turn|24
|
|move|p1a: Jolteon|Double Kick|p2a: Chansey
|-supereffective|p2a: Chansey
|-damage|p2a: Chansey|445\/557
|-damage|p2a: Chansey|363\/557
|-hitcount|p2a: Chansey|2
|move|p2a: Chansey|Thunder Wave|p1a: Jolteon
|-status|p1a: Jolteon|par
|
|turn|25
|
|move|p2a: Chansey|Ice Beam|p1a: Jolteon
|-damage|p1a: Jolteon|31\/265 par
|move|p1a: Jolteon|Thunder Wave|p2a: Chansey
|-status|p2a: Chansey|par
|
|turn|26
|
|switch|p2a: Rapidash|Rapidash, L90|300\/300
|cant|p1a: Jolteon|par
|
|turn|27
|
|move|p2a: Rapidash|Fire Blast|p1a: Jolteon
|-damage|p1a: Jolteon|0 fnt
|faint|p1a: Jolteon
|
|switch|p1a: Gengar|Gengar, L79|257\/257
|turn|28
|
|move|p2a: Rapidash|Fire Blast|p1a: Gengar
|-damage|p1a: Gengar|153\/257
|-status|p1a: Gengar|brn
|move|p1a: Gengar|Psychic|p2a: Rapidash
|-damage|p2a: Rapidash|229\/300
|-damage|p1a: Gengar|137\/257 brn|[from] brn|[of] p2a: Rapidash
|
|turn|29
|
|move|p2a: Rapidash|Substitute|p2a: Rapidash
|-start|p2a: Rapidash|Substitute
|-damage|p2a: Rapidash|154\/300
|move|p1a: Gengar|Explosion|p2a: Rapidash
|-end|p2a: Rapidash|Substitute
|-damage|p1a: Gengar|121\/257 brn|[from] brn|[of] p2a: Rapidash
|
|turn|30
|c|★MrW4ffl3Z|?
|c|★Feena|O.o
|c|★Feena|LoL
|
|move|p2a: Rapidash|Fire Blast|p1a: Gengar|[miss]
|-miss|p2a: Rapidash
|move|p1a: Gengar|Explosion|p2a: Rapidash
|-damage|p2a: Rapidash|63\/300
|faint|p1a: Gengar
|
|win|Feena
|raw|Ladder updating...
|raw|MrW4ffl3Z's rating: 1274 &rarr; <strong>1250<\/strong><br \/>(-24 for losing)
|raw|Feena's rating: 1289 &rarr; <strong>1313<\/strong><br \/>(+24 for winning)
|c|★Feena|gg