|j|Mashteroe
|j|Mandelbrot
|player|p1|Mashteroe|66
|player|p2|Mandelbrot|101
|gametype|singles
|gen|1
|tier|[Gen 1] OU
|rated
|seed|44149,7363,56636,32689
|rule|Sleep Clause Mod: Limit one foe put to sleep
|rule|Freeze Clause Mod: Limit one foe frozen
|rule|Species Clause: Limit one of each Pokémon
|rule|OHKO Clause: OHKO moves are banned
|rule|Evasion Moves Clause: Evasion moves are banned
|rule|HP Percentage Mod: HP is shown in percentages
|
|start
|switch|p1a: Alakazam|Alakazam|313\/313
|switch|p2a: Exeggutor|Exeggutor|393\/393
|turn|1
|choice|move 2|move 1
|
|move|p1a: Alakazam|Toxic|p2a: Exeggutor
|-status|p2a: Exeggutor|tox
|move|p2a: Exeggutor|Sleep Powder|p1a: Alakazam
|-status|p1a: Alakazam|slp
|-damage|p2a: Exeggutor|369\/393 tox|[from] tox|[of] p1a: Alakazam
|
|turn|2
|choice|switch 6|switch 2
|
|switch|p1a: Articuno|Articuno|383\/383
|switch|p2a: Alakazam|Alakazam|313\/313
|
|turn|3
|choice|move 1|move 4
|
|move|p2a: Alakazam|Thunder Wave|p1a: Articuno
|-status|p1a: Articuno|par
|cant|p1a: Articuno|par
|
|turn|4
|choice|switch 3|move 1
|
|switch|p1a: Gengar|Gengar|323\/323
|move|p2a: Alakazam|Psychic|p1a: Gengar
|-supereffective|p1a: Gengar
|-damage|p1a: Gengar|91\/323
|-unboost|p1a: Gengar|spd|1
|-unboost|p1a: Gengar|spa|1
|
|turn|5
|choice|move 2|move 1
|
|move|p2a: Alakazam|Psychic|p1a: Gengar
|-crit|p1a: Gengar
|-supereffective|p1a: Gengar
|-damage|p1a: Gengar|0 fnt
|faint|p1a: Gengar
|choice|switch 2|
|
|switch|p1a: Dragonite|Dragonite|385\/385
|turn|6
|choice|move 1|move 4
|
|move|p2a: Alakazam|Thunder Wave|p1a: Dragonite
|-status|p1a: Dragonite|par
|cant|p1a: Dragonite|par
|
|turn|7
|choice|move 1|move 1
|
|move|p2a: Alakazam|Psychic|p1a: Dragonite
|-damage|p1a: Dragonite|256\/385 par
|-unboost|p1a: Dragonite|spd|1
|-unboost|p1a: Dragonite|spa|1
|move|p1a: Dragonite|Blizzard|p2a: Alakazam
|-damage|p2a: Alakazam|265\/313
|
|turn|8
|choice|move 2|switch 4
|
|switch|p2a: Lapras|Lapras|463\/463
|move|p1a: Dragonite|Fire Blast|p2a: Lapras
|-damage|p2a: Lapras|402\/463
|
|turn|9
|choice|move 4|move 1
|
|move|p2a: Lapras|Ice Beam|p1a: Dragonite
|-supereffective|p1a: Dragonite
|-damage|p1a: Dragonite|0 fnt
|faint|p1a: Dragonite
|choice|switch 6|
|
|switch|p1a: Alakazam|Alakazam|313\/313 slp
|turn|10
|choice|move 3|move 3
|
|cant|p1a: Alakazam|slp
|move|p2a: Lapras|Body Slam|p1a: Alakazam
|-damage|p1a: Alakazam|225\/313 slp
|
|turn|11
|choice|move 3|move 3
|
|cant|p1a: Alakazam|slp
|move|p2a: Lapras|Body Slam|p1a: Alakazam
|-crit|p1a: Alakazam
|-damage|p1a: Alakazam|27\/313 slp
|
|turn|12
|choice|move 3|move 3
|
|cant|p1a: Alakazam|slp
|move|p2a: Lapras|Body Slam|p1a: Alakazam
|-damage|p1a: Alakazam|0 fnt
|faint|p1a: Alakazam
|choice|switch 5|
|
|switch|p1a: Exeggutor|Exeggutor|393\/393
|turn|13
|choice|move 2|switch 2
|
|switch|p2a: Exeggutor|Exeggutor|369\/393 tox
|-status|p2a: Exeggutor|psn
|-damage|p2a: Exeggutor|345\/393 psn|[from] psn
|move|p1a: Exeggutor|Sleep Powder|p2a: Exeggutor
|-fail|p2a: Exeggutor
|
|turn|14
|choice|move 1|move 1
|
|move|p2a: Exeggutor|Sleep Powder|p1a: Exeggutor|[miss]
|-miss|p2a: Exeggutor
|-damage|p2a: Exeggutor|321\/393 psn|[from] psn|[of] p1a: Exeggutor
|move|p1a: Exeggutor|Psychic|p2a: Exeggutor
|-resisted|p2a: Exeggutor
|-damage|p2a: Exeggutor|269\/393 psn
|
|turn|15
|choice|move 4|move 1
|
|move|p1a: Exeggutor|Hyper Beam|p2a: Exeggutor
|-damage|p2a: Exeggutor|146\/393 psn
|move|p2a: Exeggutor|Sleep Powder|p1a: Exeggutor
|-status|p1a: Exeggutor|slp
|-damage|p2a: Exeggutor|122\/393 psn|[from] psn|[of] p1a: Exeggutor
|
|turn|16
|-mustrecharge|p1a: Exeggutor
|-mustrecharge|p1a: Exeggutor
|choice|move 1|switch 2
|
|switch|p2a: Lapras|Lapras|402\/463
|cant|p1a: Exeggutor|recharge
|
|turn|17
|choice|move 2|move 1
|
|move|p2a: Lapras|Ice Beam|p1a: Exeggutor
|-supereffective|p1a: Exeggutor
|-damage|p1a: Exeggutor|218\/393 slp
|cant|p1a: Exeggutor|slp
|
|turn|18
|choice|move 2|move 1
|
|move|p2a: Lapras|Ice Beam|p1a: Exeggutor
|-supereffective|p1a: Exeggutor
|-damage|p1a: Exeggutor|32\/393 slp
|cant|p1a: Exeggutor|slp
|
|turn|19
|choice|move 2|move 1
|
|move|p2a: Lapras|Ice Beam|p1a: Exeggutor
|-supereffective|p1a: Exeggutor
|-damage|p1a: Exeggutor|0 fnt
|faint|p1a: Exeggutor
|choice|switch 4|
|
|switch|p1a: Rhydon|Rhydon|413\/413
|turn|20
|choice|move 2|move 1
|
|move|p2a: Lapras|Ice Beam|p1a: Rhydon
|-supereffective|p1a: Rhydon
|-damage|p1a: Rhydon|88\/413
|-status|p1a: Rhydon|frz
|cant|p1a: Rhydon|frz
|
|turn|21
|choice|switch 3|move 1
|
|switch|p1a: Articuno|Articuno|383\/383 par
|move|p2a: Lapras|Ice Beam|p1a: Articuno
|-damage|p1a: Articuno|283\/383 par
|
|turn|22
|choice|move 3|move 2
|
|move|p2a: Lapras|Thunderbolt|p1a: Articuno
|-supereffective|p1a: Articuno
|-damage|p1a: Articuno|149\/383 par
|cant|p1a: Articuno|par
|
|turn|23
|choice|move 4|move 2
|
|move|p2a: Lapras|Thunderbolt|p1a: Articuno
|-supereffective|p1a: Articuno
|-damage|p1a: Articuno|26\/383 par
|move|p1a: Articuno|Hyper Beam|p2a: Lapras
|-damage|p2a: Lapras|286\/463
|
|turn|24
|-mustrecharge|p1a: Articuno
|-mustrecharge|p1a: Articuno
|choice|move 1|move 3
|
|move|p2a: Lapras|Body Slam|p1a: Articuno
|-damage|p1a: Articuno|0 fnt
|faint|p1a: Articuno
|choice|switch 3|
|
|switch|p1a: Rhydon|Rhydon|88\/413 frz
|turn|25
|choice|move 2|move 1
|
|move|p2a: Lapras|Ice Beam|p1a: Rhydon
|-supereffective|p1a: Rhydon
|-damage|p1a: Rhydon|0 fnt
|faint|p1a: Rhydon
|
|win|Mandelbrot
|player|p1
|player|p2
|c|★Mandelbrot|gg
|raw|Mashteroe's rating: 1000 &rarr; <strong>1000<\/strong><br \/>(+0 for losing)
|raw|Mandelbrot's rating: 1130 &rarr; <strong>1146<\/strong><br \/>(+16 for winning)