|join|jynx2000
|join|biiste
|player|p1|jynx2000|25
|player|p2|biiste|265
|gametype|singles
|gen|1
|tier|[Gen 1] Random Battle
|rated
|rule|Sleep Clause Mod: Limit one foe put to sleep
|rule|Freeze Clause Mod: Limit one foe frozen
|rule|HP Percentage Mod: HP is shown in percentages
|
|start
|switch|p1a: Horsea|Horsea, L96|252\/252
|switch|p2a: Ninetales|Ninetales, L85|298\/298
|turn|1
|c|★jynx2000|hey
|c|★jynx2000|do you know nice thighs
|c|★biiste|lol yeah why
|c|★jynx2000|he said you are a psycho
|c|★biiste|lmfao
|c|★biiste|that fucking douchebag haxed the shit out of me
|c|★biiste|and i just wanted him to know
|
|move|p2a: Ninetales|Body Slam|p1a: Horsea
|-crit|p1a: Horsea
|-damage|p1a: Horsea|154\/252
|move|p1a: Horsea|Hydro Pump|p2a: Ninetales
|-supereffective|p2a: Ninetales
|-damage|p2a: Ninetales|70\/298
|
|turn|2
|
|move|p2a: Ninetales|Hyper Beam|p1a: Horsea
|-damage|p1a: Horsea|62\/252
|move|p1a: Horsea|Surf|p2a: Ninetales
|-supereffective|p2a: Ninetales
|-damage|p2a: Ninetales|0 fnt
|faint|p2a: Ninetales
|
|switch|p2a: Farfetch'd|Farfetch'd, L99|304\/304
|turn|3
|
|move|p2a: Farfetch'd|Slash|p1a: Horsea
|-crit|p1a: Horsea
|-damage|p1a: Horsea|0 fnt
|faint|p1a: Horsea
|
|switch|p1a: Magneton|Magneton, L90|273\/273
|turn|4
|
|switch|p2a: Muk|Muk, L90|372\/372
|move|p1a: Magneton|Thunderbolt|p2a: Muk
|-damage|p2a: Muk|219\/372
|
|turn|5
|
|switch|p1a: Poliwhirl|Poliwhirl, L85|284\/284
|move|p2a: Muk|Explosion|p1a: Poliwhirl
|-damage|p1a: Poliwhirl|0 fnt
|faint|p1a: Poliwhirl
|faint|p2a: Muk
|
|switch|p2a: Hypno|Hypno, L85|318\/318
|switch|p1a: Chansey|Chansey, L79|557\/557
|turn|6
|
|move|p2a: Hypno|Hypnosis|p1a: Chansey|[miss]
|-miss|p2a: Hypno
|move|p1a: Chansey|Thunder Wave|p2a: Hypno
|-status|p2a: Hypno|par
|
|turn|7
|
|switch|p1a: Dugtrio|Dugtrio, L85|233\/233
|move|p2a: Hypno|Hypnosis|p1a: Dugtrio
|-status|p1a: Dugtrio|slp
|
|turn|8
|
|switch|p1a: Parasect|Parasect, L90|291\/291
|move|p2a: Hypno|Psychic|p1a: Parasect
|-damage|p1a: Parasect|182\/291
|
|turn|9
|
|move|p1a: Parasect|Slash|p2a: Hypno
|-damage|p2a: Hypno|256\/318 par
|cant|p2a: Hypno|par
|
|turn|10
|
|move|p1a: Parasect|Body Slam|p2a: Hypno
|-damage|p2a: Hypno|173\/318 par
|cant|p2a: Hypno|par
|
|turn|11
|
|move|p1a: Parasect|Body Slam|p2a: Hypno
|-damage|p2a: Hypno|91\/318 par
|move|p2a: Hypno|Thunder Wave|p1a: Parasect
|-status|p1a: Parasect|par
|
|turn|12
|
|cant|p2a: Hypno|par
|move|p1a: Parasect|Hyper Beam|p2a: Hypno
|-damage|p2a: Hypno|0 fnt
|faint|p2a: Hypno
|c|★biiste|ok
|
|switch|p2a: Farfetch'd|Farfetch'd, L99|304\/304
|turn|13
|
|move|p2a: Farfetch'd|Slash|p1a: Parasect
|-crit|p1a: Parasect
|-damage|p1a: Parasect|39\/291 par
|move|p1a: Parasect|Body Slam|p2a: Farfetch'd
|-damage|p2a: Farfetch'd|229\/304
|
|turn|14
|
|move|p2a: Farfetch'd|Substitute|p2a: Farfetch'd
|-start|p2a: Farfetch'd|Substitute
|-damage|p2a: Farfetch'd|153\/304
|move|p1a: Parasect|Body Slam|p2a: Farfetch'd
|-end|p2a: Farfetch'd|Substitute
|
|turn|15
|
|move|p2a: Farfetch'd|Substitute|p2a: Farfetch'd
|-start|p2a: Farfetch'd|Substitute
|-damage|p2a: Farfetch'd|77\/304
|move|p1a: Parasect|Body Slam|p2a: Farfetch'd
|-activate|p2a: Farfetch'd|Substitute|[damage]
|
|turn|16
|
|move|p2a: Farfetch'd|Slash|p1a: Parasect
|-crit|p1a: Parasect
|-damage|p1a: Parasect|0 fnt
|faint|p1a: Parasect
|
|switch|p1a: Magneton|Magneton, L90|273\/273
|turn|17
|
|move|p2a: Farfetch'd|Slash|p1a: Magneton
|-crit|p1a: Magneton
|-damage|p1a: Magneton|134\/273
|move|p1a: Magneton|Thunderbolt|p2a: Farfetch'd
|-supereffective|p2a: Farfetch'd
|-end|p2a: Farfetch'd|Substitute
|
|turn|18
|
|move|p2a: Farfetch'd|Slash|p1a: Magneton
|-crit|p1a: Magneton
|-damage|p1a: Magneton|2\/273
|move|p1a: Magneton|Thunderbolt|p2a: Farfetch'd
|-supereffective|p2a: Farfetch'd
|-damage|p2a: Farfetch'd|0 fnt
|faint|p2a: Farfetch'd
|c|★jynx2000|god i hate farfetch
|c|★jynx2000|...
|
|switch|p2a: Persian|Persian, L79|265\/265
|turn|19
|
|switch|p1a: Dugtrio|Dugtrio, L85|233\/233 slp
|move|p2a: Persian|Slash|p1a: Dugtrio
|-crit|p1a: Dugtrio
|-damage|p1a: Dugtrio|84\/233 slp
|
|turn|20
|
|cant|p1a: Dugtrio|slp
|move|p2a: Persian|Slash|p1a: Dugtrio
|-crit|p1a: Dugtrio
|-damage|p1a: Dugtrio|0 fnt
|faint|p1a: Dugtrio
|
|switch|p1a: Chansey|Chansey, L79|557\/557
|turn|21
|
|move|p2a: Persian|Slash|p1a: Chansey
|-crit|p1a: Chansey
|-damage|p1a: Chansey|300\/557
|move|p1a: Chansey|Thunder Wave|p2a: Persian
|-status|p2a: Persian|par
|
|turn|22
|
|move|p1a: Chansey|Soft-Boiled|p1a: Chansey
|-heal|p1a: Chansey|557\/557
|move|p2a: Persian|Slash|p1a: Chansey
|-crit|p1a: Chansey
|-damage|p1a: Chansey|266\/557
|
|turn|23
|
|move|p1a: Chansey|Soft-Boiled|p1a: Chansey
|-heal|p1a: Chansey|544\/557
|cant|p2a: Persian|par
|
|turn|24
|
|move|p1a: Chansey|Reflect|p1a: Chansey
|-start|p1a: Chansey|Reflect
|cant|p2a: Persian|par
|
|turn|25
|
|move|p1a: Chansey|Thunderbolt|p2a: Persian
|-damage|p2a: Persian|190\/265 par
|move|p2a: Persian|Slash|p1a: Chansey
|-crit|p1a: Chansey
|-damage|p1a: Chansey|287\/557
|
|turn|26
|
|move|p1a: Chansey|Soft-Boiled|p1a: Chansey
|-heal|p1a: Chansey|557\/557
|move|p2a: Persian|Slash|p1a: Chansey
|-crit|p1a: Chansey
|-damage|p1a: Chansey|285\/557
|
|turn|27
|
|move|p1a: Chansey|Soft-Boiled|p1a: Chansey
|-heal|p1a: Chansey|557\/557
|move|p2a: Persian|Slash|p1a: Chansey
|-crit|p1a: Chansey
|-damage|p1a: Chansey|269\/557
|
|turn|28
|
|move|p1a: Chansey|Soft-Boiled|p1a: Chansey
|-heal|p1a: Chansey|547\/557
|move|p2a: Persian|Slash|p1a: Chansey
|-crit|p1a: Chansey
|-damage|p1a: Chansey|255\/557
|
|turn|29
|
|switch|p2a: Electabuzz|Electabuzz, L85|284\/284
|move|p1a: Chansey|Soft-Boiled|p1a: Chansey
|-heal|p1a: Chansey|533\/557
|
|turn|30
|
|move|p2a: Electabuzz|Thunder Wave|p1a: Chansey
|-status|p1a: Chansey|par
|cant|p1a: Chansey|par
|
|turn|31
|c|★jynx2000|oh so lucky that you had that
|
|switch|p2a: Persian|Persian, L79|190\/265 par
|move|p1a: Chansey|Thunder Wave|p2a: Persian
|-fail|p2a: Persian|par
|
|turn|32
|
|move|p2a: Persian|Slash|p1a: Chansey
|-crit|p1a: Chansey
|-damage|p1a: Chansey|274\/557 par
|cant|p1a: Chansey|par
|
|turn|33
|
|move|p2a: Persian|Slash|p1a: Chansey
|-crit|p1a: Chansey
|-damage|p1a: Chansey|0 fnt
|faint|p1a: Chansey
|c|★biiste|mk
|-message|jynx2000 forfeited.
|
|win|biiste
|c|★biiste|get rekt scrub
|leave|jynx2000