|j|broncosfann88
|j|ruycn
|player|p1|broncosfann88|244
|player|p2|ruycn|265
|gametype|singles
|gen|1
|tier|[Gen 1] Random Battle
|rated
|seed|27830,31962,24468,44017
|rule|Sleep Clause Mod: Limit one foe put to sleep
|rule|Freeze Clause Mod: Limit one foe frozen
|rule|HP Percentage Mod: HP is shown in percentages
|
|start
|switch|p1a: Sandslash|Sandslash, L85|301\/301
|switch|p2a: Voltorb|Voltorb, L96|272\/272
|turn|1
|choice|move 4|switch 4
|
|switch|p2a: Butterfree|Butterfree, L90|291\/291
|move|p1a: Sandslash|Body Slam|p2a: Butterfree
|-damage|p2a: Butterfree|207\/291
|-status|p2a: Butterfree|par
|
|turn|2
|choice|switch 6|move 3
|
|switch|p1a: Tangela|Tangela, L85|284\/284
|move|p2a: Butterfree|Sleep Powder|p1a: Tangela
|-status|p1a: Tangela|slp
|
|turn|3
|choice|switch 3|move 2
|
|switch|p1a: Arcanine|Arcanine, L85|327\/327
|cant|p2a: Butterfree|par
|
|turn|4
|choice|move 4|switch 2
|
|switch|p2a: Starmie|Starmie, L79|257\/257
|move|p1a: Arcanine|Fire Blast|p2a: Starmie
|-resisted|p2a: Starmie
|-damage|p2a: Starmie|197\/257
|
|turn|5
|choice|switch 5|move 2
|
|switch|p1a: Electabuzz|Electabuzz, L85|284\/284
|move|p2a: Starmie|Surf|p1a: Electabuzz
|-damage|p1a: Electabuzz|191\/284
|
|turn|6
|choice|move 3|switch 4
|
|switch|p2a: Voltorb|Voltorb, L96|272\/272
|move|p1a: Electabuzz|Thunder Wave|p2a: Voltorb
|-status|p2a: Voltorb|par
|
|turn|7
|choice|switch 6|move 4
|
|switch|p1a: Sandslash|Sandslash, L85|301\/301
|move|p2a: Voltorb|Thunder Wave|p1a: Sandslash
|-immune|p1a: Sandslash|[msg]
|
|turn|8
|choice|switch 6|switch 2
|
|switch|p1a: Electabuzz|Electabuzz, L85|191\/284
|switch|p2a: Butterfree|Butterfree, L90|207\/291 par
|
|turn|9
|choice|move 4|switch 2
|
|switch|p2a: Voltorb|Voltorb, L96|272\/272 par
|move|p1a: Electabuzz|Psychic|p2a: Voltorb
|-damage|p2a: Voltorb|197\/272 par
|-unboost|p2a: Voltorb|spd|1
|-unboost|p2a: Voltorb|spa|1
|
|turn|10
|choice|switch 4|move 1
|
|switch|p1a: Gengar|Gengar, L79|257\/257
|cant|p2a: Voltorb|par
|
|turn|11
|choice|switch 6|move 4
|
|switch|p1a: Sandslash|Sandslash, L85|301\/301
|move|p2a: Voltorb|Thunder Wave|p1a: Sandslash
|-immune|p1a: Sandslash|[msg]
|
|turn|12
|choice|move 1|switch 6
|
|switch|p2a: Venomoth|Venomoth, L85|293\/293
|move|p1a: Sandslash|Earthquake|p2a: Venomoth
|-crit|p2a: Venomoth
|-damage|p2a: Venomoth|17\/293
|
|turn|13
|choice|switch 5|move 3
|
|switch|p1a: Arcanine|Arcanine, L85|327\/327
|move|p2a: Venomoth|Mega Drain|p1a: Arcanine
|-resisted|p1a: Arcanine
|-damage|p1a: Arcanine|313\/327
|-heal|p2a: Venomoth|24\/293|[from] drain|[of] p1a: Arcanine
|
|turn|14
|-message|ruycn forfeited.
|
|win|broncosfann88
|l|ruycn
|player|p2
|raw|broncosfann88's rating: 1381 &rarr; <strong>1399<\/strong><br \/>(+18 for winning)
|raw|ruycn's rating: 1333 &rarr; <strong>1315<\/strong><br \/>(-18 for losing)