|join|Isael50
|join|Otherfiend007
|player|p1|Isael50|273
|player|p2|Otherfiend007|101
|gametype|singles
|gen|1
|tier|[Gen 1] Random Battle
|rated
|rule|Sleep Clause Mod: Limit one foe put to sleep
|rule|Freeze Clause Mod: Limit one foe frozen
|rule|HP Percentage Mod: HP is shown in percentages
|
|start
|switch|p1a: Dratini|Dratini, L95|271\/271
|switch|p2a: Raticate|Raticate, L86|270\/270
|turn|1
|
|move|p2a: Raticate|Blizzard|p1a: Dratini
|-crit|p1a: Dratini
|-supereffective|p1a: Dratini
|-damage|p1a: Dratini|0 fnt
|faint|p1a: Dratini
|
|switch|p1a: Lickitung|Lickitung, L86|330\/330
|turn|2
|
|move|p2a: Raticate|Super Fang|p1a: Lickitung
|-damage|p1a: Lickitung|165\/330
|move|p1a: Lickitung|Body Slam|p2a: Raticate
|-damage|p2a: Raticate|186\/270
|
|turn|3
|
|move|p2a: Raticate|Super Fang|p1a: Lickitung
|-damage|p1a: Lickitung|83\/330
|move|p1a: Lickitung|Body Slam|p2a: Raticate
|-damage|p2a: Raticate|107\/270
|
|turn|4
|
|move|p2a: Raticate|Hyper Beam|p1a: Lickitung|[miss]
|-miss|p2a: Raticate
|move|p1a: Lickitung|Body Slam|p2a: Raticate
|-damage|p2a: Raticate|21\/270
|
|turn|5
|c|★Otherfiend007|but..
|c|★Otherfiend007|feck, lol
|
|switch|p1a: Graveler|Graveler, L86|270\/270
|move|p2a: Raticate|Bubble Beam|p1a: Graveler
|-crit|p1a: Graveler
|-supereffective|p1a: Graveler
|-damage|p1a: Graveler|0 fnt
|faint|p1a: Graveler
|c|★Otherfiend007|woo hoo
|c|★Otherfiend007|the plan!
|
|switch|p1a: Lickitung|Lickitung, L86|83\/330
|turn|6
|c|★Isael50|FUUU
|c|★Isael50|XDDD
|
|move|p2a: Raticate|Hyper Beam|p1a: Lickitung
|-damage|p1a: Lickitung|0 fnt
|faint|p1a: Lickitung
|c|★Otherfiend007|lol
|
|switch|p1a: Jynx|Jynx, L80|268\/268
|turn|7
|c|★Otherfiend007|raticate 6-0!?
|
|move|p2a: Raticate|Hyper Beam|p1a: Jynx
|-damage|p1a: Jynx|0 fnt
|faint|p1a: Jynx
|c|★Isael50|WHAT
|c|★Isael50|DD:
|c|★Otherfiend007|do eett!
|c|★Otherfiend007|the plan!!!
|c|★Otherfiend007|lol
|c|★Isael50|raticate, are you okay?
|
|switch|p1a: Nidorino|Nidorino, L92|299\/299
|turn|8
|
|move|p2a: Raticate|Hyper Beam|p1a: Nidorino
|-crit|p1a: Nidorino
|-damage|p1a: Nidorino|0 fnt
|faint|p1a: Nidorino
|c|★Otherfiend007|yuss!!!
|c|★Otherfiend007|lol
|c|★Isael50|this is the devil D:
|c|★Otherfiend007|1\/16 of the time, every time!
|
|switch|p1a: Farfetch'd|Farfetch'd, L99|304\/304
|turn|9
|c|★Otherfiend007|totally sharing this replay , sorry if youre well known in the community :D
|
|move|p2a: Raticate|Blizzard|p1a: Farfetch'd
|-supereffective|p1a: Farfetch'd
|-damage|p1a: Farfetch'd|183\/304
|move|p1a: Farfetch'd|Slash|p2a: Raticate
|-crit|p2a: Raticate
|-damage|p2a: Raticate|0 fnt
|faint|p2a: Raticate
|c|★Otherfiend007|nuuuuuuuuuuuu
|c|★Isael50|haahaha
|
|switch|p2a: Cloyster|Cloyster, L80|244\/244
|turn|10
|c|★Isael50|what community? :v
|c|★Otherfiend007|pokemone showdown
|c|★Otherfiend007|some people are mods, famous, etc
|c|★Isael50|why T.T
|c|★Otherfiend007|only like 2k people on here or something
|c|★Otherfiend007|its easy to become popular if youre on often, not many names, etc
|c|★Isael50|hahhaa hello people!RATICATE was possessed D:
|
|move|p1a: Farfetch'd|Slash|p2a: Cloyster
|-crit|p2a: Cloyster
|-damage|p2a: Cloyster|145\/244
|move|p2a: Cloyster|Explosion|p1a: Farfetch'd
|-damage|p1a: Farfetch'd|0 fnt
|faint|p1a: Farfetch'd
|faint|p2a: Cloyster
|
|win|Otherfiend007
|raw|Ladder updating...
|raw|Isael50's rating: 1224 &rarr; <strong>1204<\/strong><br \/>(-20 for losing)
|raw|Otherfiend007's rating: 1294 &rarr; <strong>1314<\/strong><br \/>(+20 for winning)
|c|★Otherfiend007|gg