|join|c353
|join|weerple
|player|p1|c353|167
|player|p2|weerple|127
|gametype|singles
|gen|1
|tier|[Gen 1] OU
|rated
|seed|14418,54896,54174,23778
|rule|Sleep Clause Mod: Limit one foe put to sleep
|rule|Freeze Clause Mod: Limit one foe frozen
|rule|Species Clause: Limit one of each Pokémon
|rule|OHKO Clause: OHKO moves are banned
|rule|Evasion Moves Clause: Evasion moves are banned
|rule|HP Percentage Mod: HP is shown in percentages
|
|start
|switch|p1a: there is no spoon|Alakazam|313\/313
|switch|p2a: Gengar|Gengar|323\/323
|turn|1
|c|★c353|glhf
|choice|move 3|switch 2
|
|switch|p2a: Exeggutor|Exeggutor|393\/393
|move|p1a: there is no spoon|Thunder Wave|p2a: Exeggutor
|-status|p2a: Exeggutor|par
|
|turn|2
|choice|switch 3|move 1
|
|switch|p1a: boom n*gga|Exeggutor|393\/393
|move|p2a: Exeggutor|Stun Spore|p1a: boom n*gga
|-status|p1a: boom n*gga|par
|
|turn|3
|choice|move 4|switch 5
|
|switch|p2a: Tauros|Tauros|353\/353
|move|p1a: boom n*gga|Egg Bomb|p2a: Tauros
|-damage|p2a: Tauros|275\/353
|
|turn|4
|choice|move 3|move 1
|
|move|p2a: Tauros|Body Slam|p1a: boom n*gga
|-damage|p1a: boom n*gga|275\/393 par
|move|p1a: boom n*gga|Sleep Powder|p2a: Tauros
|-status|p2a: Tauros|slp
|
|turn|5
|choice|switch 4|switch 4
|
|switch|p2a: Zapdos|Zapdos|383\/383
|switch|p1a: finger lickin good|Snorlax|523\/523
|
|turn|6
|choice|move 1|switch 2
|
|switch|p2a: Gengar|Gengar|323\/323
|move|p1a: finger lickin good|Body Slam|p2a: Gengar
|-immune|p2a: Gengar|[msg]
|
|turn|7
|choice|move 3|move 1
|
|move|p2a: Gengar|Hypnosis|p1a: finger lickin good|[miss]
|-miss|p2a: Gengar
|move|p1a: finger lickin good|Earthquake|p2a: Gengar
|-supereffective|p2a: Gengar
|-damage|p2a: Gengar|93\/323
|
|turn|8
|choice|move 3|move 1
|
|move|p2a: Gengar|Hypnosis|p1a: finger lickin good
|-status|p1a: finger lickin good|slp
|cant|p1a: finger lickin good|slp
|
|turn|9
|choice|switch 2|switch 6
|
|switch|p2a: Snorlax|Snorlax|523\/523
|switch|p1a: rockman|Rhydon|413\/413
|
|turn|10
|choice|move 1|move 2
|
|move|p1a: rockman|Earthquake|p2a: Snorlax
|-damage|p2a: Snorlax|346\/523
|move|p2a: Snorlax|Amnesia|p2a: Snorlax
|-boost|p2a: Snorlax|spd|2
|-boost|p2a: Snorlax|spa|2
|
|turn|11
|choice|move 1|move 4
|
|move|p1a: rockman|Earthquake|p2a: Snorlax
|-damage|p2a: Snorlax|148\/523
|move|p2a: Snorlax|Ice Beam|p1a: rockman
|-supereffective|p1a: rockman
|-damage|p1a: rockman|60\/413
|
|turn|12
|choice|move 1|switch 5
|
|switch|p2a: Exeggutor|Exeggutor|393\/393 par
|move|p1a: rockman|Earthquake|p2a: Exeggutor
|-resisted|p2a: Exeggutor
|-damage|p2a: Exeggutor|316\/393 par
|
|turn|13
|choice|switch 2|move 4
|
|switch|p1a: finger lickin good|Snorlax|523\/523 slp
|move|p2a: Exeggutor|Psychic|p1a: finger lickin good
|-damage|p1a: finger lickin good|359\/523 slp
|-unboost|p1a: finger lickin good|spd|1
|-unboost|p1a: finger lickin good|spa|1
|
|turn|14
|choice|move 3|move 4
|
|cant|p1a: finger lickin good|slp
|move|p2a: Exeggutor|Psychic|p1a: finger lickin good|[miss]
|-miss|p2a: Exeggutor
|
|turn|15
|choice|switch 5|move 4
|
|switch|p1a: joseph stallin|Chansey|703\/703
|move|p2a: Exeggutor|Psychic|p1a: joseph stallin
|-damage|p1a: joseph stallin|588\/703
|
|turn|16
|c|★c353|lol psychic miss
|choice|switch 4|move 1
|
|switch|p1a: boom n*gga|Exeggutor|275\/393 par
|cant|p2a: Exeggutor|par
|
|turn|17
|choice|move 4|switch 3
|
|switch|p2a: Chansey|Chansey|703\/703
|move|p1a: boom n*gga|Egg Bomb|p2a: Chansey|[miss]
|-miss|p1a: boom n*gga
|
|turn|18
|choice|move 4|move 2
|
|move|p2a: Chansey|Ice Beam|p1a: boom n*gga
|-supereffective|p1a: boom n*gga
|-damage|p1a: boom n*gga|141\/393 par
|move|p1a: boom n*gga|Egg Bomb|p2a: Chansey
|-crit|p2a: Chansey
|-damage|p2a: Chansey|266\/703
|
|turn|19
|choice|move 2|move 2
|
|move|p2a: Chansey|Ice Beam|p1a: boom n*gga
|-supereffective|p1a: boom n*gga
|-damage|p1a: boom n*gga|12\/393 par
|cant|p1a: boom n*gga|par
|
|turn|20
|choice|move 2|move 2
|
|move|p2a: Chansey|Ice Beam|p1a: boom n*gga
|-supereffective|p1a: boom n*gga
|-damage|p1a: boom n*gga|0 fnt
|faint|p1a: boom n*gga
|choice|switch 6|
|
|switch|p1a: cow|Tauros|353\/353
|turn|21
|choice|move 1|switch 6
|
|switch|p2a: Gengar|Gengar|93\/323
|move|p1a: cow|Body Slam|p2a: Gengar
|-immune|p2a: Gengar|[msg]
|
|turn|22
|choice|move 2|move 3
|
|move|p2a: Gengar|Explosion|p1a: cow
|-damage|p1a: cow|158\/353
|faint|p2a: Gengar
|choice||switch 2
|
|switch|p2a: Zapdos|Zapdos|383\/383
|turn|23
|choice|switch 2|move 4
|
|switch|p1a: rockman|Rhydon|60\/413
|move|p2a: Zapdos|Drill Peck|p1a: rockman
|-resisted|p1a: rockman
|-damage|p1a: rockman|24\/413
|
|turn|24
|choice|move 3|move 4
|
|move|p2a: Zapdos|Drill Peck|p1a: rockman
|-resisted|p1a: rockman
|-damage|p1a: rockman|0 fnt
|faint|p1a: rockman
|choice|switch 3|
|
|switch|p1a: there is no spoon|Alakazam|313\/313
|turn|25
|choice|move 1|move 1
|
|move|p1a: there is no spoon|Psychic|p2a: Zapdos
|-crit|p2a: Zapdos
|-damage|p2a: Zapdos|177\/383
|move|p2a: Zapdos|Thunder Wave|p1a: there is no spoon
|-status|p1a: there is no spoon|par
|
|turn|26
|choice|move 3|move 4
|
|move|p2a: Zapdos|Drill Peck|p1a: there is no spoon
|-damage|p1a: there is no spoon|173\/313 par
|cant|p1a: there is no spoon|par
|
|turn|27
|choice|move 1|move 4
|
|move|p2a: Zapdos|Drill Peck|p1a: there is no spoon
|-damage|p1a: there is no spoon|34\/313 par
|move|p1a: there is no spoon|Psychic|p2a: Zapdos
|-damage|p2a: Zapdos|72\/383
|
|turn|28
|choice|move 1|move 4
|
|move|p2a: Zapdos|Drill Peck|p1a: there is no spoon
|-damage|p1a: there is no spoon|0 fnt
|faint|p1a: there is no spoon
|choice|switch 2|
|
|switch|p1a: cow|Tauros|158\/353
|turn|29
|choice|move 1|move 4
|
|move|p1a: cow|Body Slam|p2a: Zapdos
|-damage|p2a: Zapdos|0 fnt
|faint|p2a: Zapdos
|choice||switch 3
|
|switch|p2a: Exeggutor|Exeggutor|316\/393 par
|turn|30
|choice|move 3|move 4
|
|move|p1a: cow|Blizzard|p2a: Exeggutor
|-supereffective|p2a: Exeggutor
|-damage|p2a: Exeggutor|183\/393 par
|cant|p2a: Exeggutor|par
|
|turn|31
|choice|move 3|move 4
|
|move|p1a: cow|Blizzard|p2a: Exeggutor
|-supereffective|p2a: Exeggutor
|-damage|p2a: Exeggutor|51\/393 par
|move|p2a: Exeggutor|Psychic|p1a: cow
|-damage|p1a: cow|0 fnt
|faint|p1a: cow
|choice|switch 4|
|
|switch|p1a: joseph stallin|Chansey|588\/703
|turn|32
|choice|move 3|move 3
|
|move|p1a: joseph stallin|Ice Beam|p2a: Exeggutor
|-crit|p2a: Exeggutor
|-supereffective|p2a: Exeggutor
|-damage|p2a: Exeggutor|0 fnt
|faint|p2a: Exeggutor
|choice||switch 6
|
|switch|p2a: Chansey|Chansey|266\/703
|turn|33
|c|★c353|now i crit
|choice|move 3|move 1
|
|move|p2a: Chansey|Thunder Wave|p1a: joseph stallin
|-status|p1a: joseph stallin|par
|move|p1a: joseph stallin|Ice Beam|p2a: Chansey
|-damage|p2a: Chansey|192\/703
|
|turn|34
|choice|move 3|move 3
|
|move|p2a: Chansey|Soft-Boiled|p2a: Chansey
|-fail|p2a: Chansey
|move|p1a: joseph stallin|Ice Beam|p2a: Chansey
|-damage|p2a: Chansey|120\/703
|
|turn|35
|choice|move 3|move 3
|
|move|p2a: Chansey|Soft-Boiled|p2a: Chansey
|-heal|p2a: Chansey|471\/703
|move|p1a: joseph stallin|Ice Beam|p2a: Chansey
|-damage|p2a: Chansey|399\/703
|
|turn|36
|choice|move 3|move 3
|
|move|p2a: Chansey|Soft-Boiled|p2a: Chansey
|-heal|p2a: Chansey|703\/703
|move|p1a: joseph stallin|Ice Beam|p2a: Chansey
|-damage|p2a: Chansey|629\/703
|
|turn|37
|choice|move 3|switch 5
|
|switch|p2a: Snorlax|Snorlax|148\/523
|cant|p1a: joseph stallin|par
|
|turn|38
|choice|move 3|move 3
|
|move|p2a: Snorlax|Body Slam|p1a: joseph stallin
|-damage|p1a: joseph stallin|291\/703 par
|move|p1a: joseph stallin|Ice Beam|p2a: Snorlax
|-crit|p2a: Snorlax
|-damage|p2a: Snorlax|0 fnt
|faint|p2a: Snorlax
|choice||switch 4
|
|switch|p2a: Tauros|Tauros|275\/353 slp
|turn|39
|choice|move 3|move 3
|
|cant|p2a: Tauros|slp
|move|p1a: joseph stallin|Ice Beam|p2a: Tauros
|-damage|p2a: Tauros|170\/353 slp
|
|turn|40
|choice|move 3|move 3
|
|cant|p2a: Tauros|slp
|move|p1a: joseph stallin|Ice Beam|p2a: Tauros
|-damage|p2a: Tauros|67\/353 slp
|
|turn|41
|choice|move 3|move 3
|
|-curestatus|p2a: Tauros|slp
|move|p1a: joseph stallin|Ice Beam|p2a: Tauros
|-damage|p2a: Tauros|0 fnt
|faint|p2a: Tauros
|choice||switch 5
|
|switch|p2a: Chansey|Chansey|629\/703
|turn|42
|choice|move 2|move 2
|
|move|p2a: Chansey|Ice Beam|p1a: joseph stallin
|-damage|p1a: joseph stallin|217\/703 par
|move|p1a: joseph stallin|Soft-Boiled|p1a: joseph stallin
|-heal|p1a: joseph stallin|568\/703 par
|
|turn|43
|choice|move 3|move 2
|
|move|p2a: Chansey|Ice Beam|p1a: joseph stallin
|-damage|p1a: joseph stallin|492\/703 par
|move|p1a: joseph stallin|Ice Beam|p2a: Chansey
|-damage|p2a: Chansey|557\/703
|
|turn|44
|choice|move 3|move 2
|
|move|p2a: Chansey|Ice Beam|p1a: joseph stallin
|-damage|p1a: joseph stallin|416\/703 par
|move|p1a: joseph stallin|Ice Beam|p2a: Chansey
|-damage|p2a: Chansey|487\/703
|
|turn|45
|choice|move 3|move 2
|
|move|p2a: Chansey|Ice Beam|p1a: joseph stallin
|-damage|p1a: joseph stallin|342\/703 par
|move|p1a: joseph stallin|Ice Beam|p2a: Chansey
|-damage|p2a: Chansey|418\/703
|
|turn|46
|choice|move 2|move 2
|
|move|p2a: Chansey|Ice Beam|p1a: joseph stallin
|-damage|p1a: joseph stallin|268\/703 par
|move|p1a: joseph stallin|Soft-Boiled|p1a: joseph stallin
|-heal|p1a: joseph stallin|619\/703 par
|
|turn|47
|choice|move 3|move 4
|
|move|p2a: Chansey|Thunderbolt|p1a: joseph stallin
|-damage|p1a: joseph stallin|541\/703 par
|move|p1a: joseph stallin|Ice Beam|p2a: Chansey
|-damage|p2a: Chansey|338\/703
|
|turn|48
|c|★c353|4 more pp
|choice|move 3|move 4
|
|move|p2a: Chansey|Thunderbolt|p1a: joseph stallin
|-crit|p1a: joseph stallin
|-damage|p1a: joseph stallin|393\/703 par
|move|p1a: joseph stallin|Ice Beam|p2a: Chansey
|-crit|p2a: Chansey
|-damage|p2a: Chansey|201\/703
|
|turn|49
|choice|move 3|move 3
|
|move|p2a: Chansey|Soft-Boiled|p2a: Chansey
|-heal|p2a: Chansey|552\/703
|move|p1a: joseph stallin|Ice Beam|p2a: Chansey
|-damage|p2a: Chansey|478\/703
|
|turn|50
|choice|move 3|move 3
|
|move|p2a: Chansey|Soft-Boiled|p2a: Chansey
|-heal|p2a: Chansey|703\/703
|move|p1a: joseph stallin|Ice Beam|p2a: Chansey
|-damage|p2a: Chansey|634\/703
|
|turn|51
|choice|move 1|move 4
|
|move|p2a: Chansey|Thunderbolt|p1a: joseph stallin
|-crit|p1a: joseph stallin
|-damage|p1a: joseph stallin|260\/703 par
|move|p1a: joseph stallin|Thunder Wave|p2a: Chansey
|-status|p2a: Chansey|par
|
|turn|52
|c|★c353|what
|choice|move 4|move 4
|
|move|p2a: Chansey|Thunderbolt|p1a: joseph stallin
|-damage|p1a: joseph stallin|188\/703 par
|move|p1a: joseph stallin|Thunderbolt|p2a: Chansey
|-damage|p2a: Chansey|565\/703 par
|
|turn|53
|c|★weerple|guess stalin wasnt cold enough
|choice|move 2|move 4
|
|move|p1a: joseph stallin|Soft-Boiled|p1a: joseph stallin
|-heal|p1a: joseph stallin|539\/703 par
|cant|p2a: Chansey|par
|
|turn|54
|choice|switch 5|move 4
|
|switch|p1a: finger lickin good|Snorlax|359\/523 slp
|move|p2a: Chansey|Thunderbolt|p1a: finger lickin good
|-damage|p1a: finger lickin good|267\/523 slp
|
|turn|55
|choice|move 4|move 4
|
|-curestatus|p1a: finger lickin good|slp
|move|p2a: Chansey|Thunderbolt|p1a: finger lickin good
|-damage|p1a: finger lickin good|162\/523
|
|turn|56
|choice|move 4|move 1
|
|move|p1a: finger lickin good|Self-Destruct|p2a: Chansey
|-damage|p2a: Chansey|0 fnt
|faint|p2a: Chansey
|faint|p1a: finger lickin good
|
|win|c353
|c|★c353|gg
|raw|c353's rating: 1116 &rarr; <strong>1143<\/strong><br \/>(+27 for winning)
|raw|weerple's rating: 1145 &rarr; <strong>1118<\/strong><br \/>(-27 for losing)
|c|★weerple|gg
|leave|weerple
|player|p2