|join|camc182
|join|MALESANI
|player|p1|camc182|1
|player|p2|MALESANI|238
|gametype|singles
|gen|1
|tier|[Gen 1] Random Battle
|rated
|seed|23234,6625,48550,59506
|rule|Sleep Clause Mod: Limit one foe put to sleep
|rule|Freeze Clause Mod: Limit one foe frozen
|rule|HP Percentage Mod: HP is shown in percentages
|
|start
|switch|p1a: Arcanine|Arcanine, L85|327\/327
|switch|p2a: Zapdos|Zapdos, L79|304\/304
|turn|1
|choice|switch 5|move 4
|
|switch|p1a: Rhydon|Rhydon, L79|328\/328
|move|p2a: Zapdos|Thunder Wave|p1a: Rhydon
|-immune|p1a: Rhydon|[msg]
|
|turn|2
|choice|move 4|switch 2
|
|switch|p2a: Diglett|Diglett, L96|214\/214
|move|p1a: Rhydon|Substitute|p1a: Rhydon
|-start|p1a: Rhydon|Substitute
|-damage|p1a: Rhydon|246\/328
|
|turn|3
|choice|move 3|move 1
|
|move|p2a: Diglett|Earthquake|p1a: Rhydon
|-supereffective|p1a: Rhydon
|-end|p1a: Rhydon|Substitute
|move|p1a: Rhydon|Earthquake|p2a: Diglett
|-damage|p2a: Diglett|42\/214
|
|turn|4
|choice|switch 3|move 1
|
|switch|p1a: Magikarp|Magikarp, L99|240\/240
|move|p2a: Diglett|Earthquake|p1a: Magikarp
|-crit|p1a: Magikarp
|-damage|p1a: Magikarp|18\/240
|
|turn|5
|choice|move 2|move 3
|
|move|p2a: Diglett|Slash|p1a: Magikarp
|-crit|p1a: Magikarp
|-damage|p1a: Magikarp|0 fnt
|faint|p1a: Magikarp
|choice|switch 2|
|
|switch|p1a: Chansey|Chansey, L79|557\/557
|turn|6
|choice|move 2|switch 6
|
|switch|p2a: Charmeleon|Charmeleon, L85|272\/272
|move|p1a: Chansey|Ice Beam|p2a: Charmeleon
|-damage|p2a: Charmeleon|201\/272
|
|turn|7
|choice|move 4|move 2
|
|move|p2a: Charmeleon|Submission|p1a: Chansey
|-supereffective|p1a: Chansey
|-damage|p1a: Chansey|329\/557
|-damage|p2a: Charmeleon|144\/272|[from] recoil|[of] p1a: Chansey
|move|p1a: Chansey|Reflect|p1a: Chansey
|-start|p1a: Chansey|Reflect
|
|turn|8
|choice|move 3|move 1
|
|move|p2a: Charmeleon|Seismic Toss|p1a: Chansey
|-damage|p1a: Chansey|244\/557
|move|p1a: Chansey|Counter|p2a: Charmeleon
|-damage|p2a: Charmeleon|0 fnt
|faint|p2a: Charmeleon
|choice||switch 5
|
|switch|p2a: Kadabra|Kadabra, L85|242\/242
|turn|9
|choice|switch 6|move 1
|
|switch|p1a: Tauros|Tauros, L79|280\/280
|move|p2a: Kadabra|Psychic|p1a: Tauros
|-damage|p1a: Tauros|132\/280
|
|turn|10
|choice|move 2|move 1
|
|move|p2a: Kadabra|Psychic|p1a: Tauros
|-damage|p1a: Tauros|0 fnt
|faint|p1a: Tauros
|choice|switch 6|
|
|switch|p1a: Chansey|Chansey, L79|244\/557
|turn|11
|choice|move 1|move 1
|
|move|p2a: Kadabra|Psychic|p1a: Chansey
|-damage|p1a: Chansey|127\/557
|move|p1a: Chansey|Soft-Boiled|p1a: Chansey
|-heal|p1a: Chansey|405\/557
|
|turn|12
|choice|move 1|move 1
|
|move|p2a: Kadabra|Psychic|p1a: Chansey
|-damage|p1a: Chansey|291\/557
|-unboost|p1a: Chansey|spd|1
|-unboost|p1a: Chansey|spa|1
|move|p1a: Chansey|Soft-Boiled|p1a: Chansey
|-heal|p1a: Chansey|557\/557
|
|turn|13
|choice|move 2|move 1
|
|move|p2a: Kadabra|Psychic|p1a: Chansey
|-damage|p1a: Chansey|380\/557
|move|p1a: Chansey|Ice Beam|p2a: Kadabra
|-damage|p2a: Kadabra|209\/242
|
|turn|14
|choice|move 1|move 1
|
|move|p2a: Kadabra|Psychic|p1a: Chansey
|-damage|p1a: Chansey|215\/557
|-unboost|p1a: Chansey|spd|1
|-unboost|p1a: Chansey|spa|1
|move|p1a: Chansey|Soft-Boiled|p1a: Chansey
|-heal|p1a: Chansey|493\/557
|
|turn|15
|choice|switch 4|move 1
|
|switch|p1a: Mewtwo|Mewtwo, L70|293\/293
|move|p2a: Kadabra|Psychic|p1a: Mewtwo
|-resisted|p1a: Mewtwo
|-damage|p1a: Mewtwo|248\/293
|-unboost|p1a: Mewtwo|spd|1
|-unboost|p1a: Mewtwo|spa|1
|
|turn|16
|choice|switch 4|move 1
|
|switch|p1a: Chansey|Chansey, L79|493\/557
|move|p2a: Kadabra|Psychic|p1a: Chansey
|-damage|p1a: Chansey|386\/557
|
|turn|17
|choice|move 1|move 3
|
|move|p2a: Kadabra|Seismic Toss|p1a: Chansey
|-damage|p1a: Chansey|301\/557
|move|p1a: Chansey|Soft-Boiled|p1a: Chansey
|-heal|p1a: Chansey|557\/557
|
|turn|18
|choice|switch 4|switch 4
|
|switch|p2a: Nidorina|Nidorina, L90|309\/309
|switch|p1a: Mewtwo|Mewtwo, L70|248\/293
|
|turn|19
|choice|move 2|move 4
|
|move|p1a: Mewtwo|Ice Beam|p2a: Nidorina
|-damage|p2a: Nidorina|227\/309
|move|p2a: Nidorina|Body Slam|p1a: Mewtwo
|-damage|p1a: Mewtwo|187\/293
|
|turn|20
|choice|move 3|move 4
|
|move|p1a: Mewtwo|Thunderbolt|p2a: Nidorina
|-crit|p2a: Nidorina
|-damage|p2a: Nidorina|62\/309
|-status|p2a: Nidorina|par
|move|p2a: Nidorina|Body Slam|p1a: Mewtwo
|-damage|p1a: Mewtwo|126\/293
|
|turn|21
|choice|move 3|move 4
|
|move|p1a: Mewtwo|Thunderbolt|p2a: Nidorina
|-damage|p2a: Nidorina|0 fnt
|faint|p2a: Nidorina
|choice||switch 6
|
|switch|p2a: Diglett|Diglett, L96|42\/214
|turn|22
|choice|move 2|move 1
|
|move|p2a: Diglett|Earthquake|p1a: Mewtwo
|-damage|p1a: Mewtwo|3\/293
|move|p1a: Mewtwo|Ice Beam|p2a: Diglett
|-supereffective|p2a: Diglett
|-damage|p2a: Diglett|0 fnt
|faint|p2a: Diglett
|choice||switch 4
|
|switch|p2a: Kadabra|Kadabra, L85|209\/242
|turn|23
|choice|move 4|move 3
|
|move|p2a: Kadabra|Seismic Toss|p1a: Mewtwo
|-damage|p1a: Mewtwo|0 fnt
|faint|p1a: Mewtwo
|choice|switch 5|
|
|switch|p1a: Arcanine|Arcanine, L85|327\/327
|turn|24
|choice|move 3|move 1
|
|move|p2a: Kadabra|Psychic|p1a: Arcanine
|-damage|p1a: Arcanine|217\/327
|-unboost|p1a: Arcanine|spd|1
|-unboost|p1a: Arcanine|spa|1
|move|p1a: Arcanine|Fire Blast|p2a: Kadabra|[miss]
|-miss|p1a: Arcanine
|
|turn|25
|choice|move 2|move 1
|
|move|p2a: Kadabra|Psychic|p1a: Arcanine
|-crit|p1a: Arcanine
|-damage|p1a: Arcanine|0 fnt
|faint|p1a: Arcanine
|choice|switch 3|
|
|switch|p1a: Rhydon|Rhydon, L79|246\/328
|turn|26
|choice|move 3|move 1
|
|move|p2a: Kadabra|Psychic|p1a: Rhydon
|-crit|p1a: Rhydon
|-damage|p1a: Rhydon|0 fnt
|faint|p1a: Rhydon
|-message|camc182 forfeited.
|
|win|MALESANI
|leave|camc182
|player|p1
|raw|camc182's rating: 1103 &rarr; <strong>1094<\/strong><br \/>(-9 for losing)
|raw|MALESANI's rating: 1358 &rarr; <strong>1365<\/strong><br \/>(+7 for winning)