|j|MALESANI
|j|yaldyyyy
|player|p1|MALESANI|238
|player|p2|yaldyyyy|30
|gametype|singles
|gen|1
|tier|[Gen 1] Random Battle
|rated
|seed|55516,31704,33401,18448
|rule|Sleep Clause Mod: Limit one foe put to sleep
|rule|Freeze Clause Mod: Limit one foe frozen
|rule|HP Percentage Mod: HP is shown in percentages
|
|start
|switch|p1a: Nidoran-F|Nidoran-F, L96|300\/300
|switch|p2a: Ninetales|Ninetales, L85|298\/298
|turn|1
|choice|switch 5|move 1
|
|switch|p1a: Dragonite|Dragonite, L85|328\/328
|move|p2a: Ninetales|Fire Blast|p1a: Dragonite
|-crit|p1a: Dragonite
|-resisted|p1a: Dragonite
|-damage|p1a: Dragonite|211\/328
|
|turn|2
|choice|move 1|switch 6
|
|switch|p2a: Lapras|Lapras, L79|367\/367
|move|p1a: Dragonite|Thunder Wave|p2a: Lapras
|-status|p2a: Lapras|par
|
|turn|3
|choice|switch 5|move 2
|
|switch|p1a: Nidoran-F|Nidoran-F, L96|300\/300
|cant|p2a: Lapras|par
|
|turn|4
|choice|move 3|move 2
|
|move|p1a: Nidoran-F|Body Slam|p2a: Lapras
|-crit|p2a: Lapras
|-damage|p2a: Lapras|256\/367 par
|move|p2a: Lapras|Blizzard|p1a: Nidoran-F
|-damage|p1a: Nidoran-F|161\/300
|
|turn|5
|choice|move 3|move 2
|
|move|p1a: Nidoran-F|Body Slam|p2a: Lapras
|-damage|p2a: Lapras|195\/367 par
|move|p2a: Lapras|Blizzard|p1a: Nidoran-F
|-damage|p1a: Nidoran-F|8\/300
|
|turn|6
|choice|move 4|move 1
|
|move|p1a: Nidoran-F|Rest|p1a: Nidoran-F
|-status|p1a: Nidoran-F|slp
|-heal|p1a: Nidoran-F|300\/300 slp|[silent]
|-status|p1a: Nidoran-F|slp|[from] move: Rest
|move|p2a: Lapras|Rest|p2a: Lapras
|-status|p2a: Lapras|slp
|-heal|p2a: Lapras|367\/367 slp|[silent]
|-status|p2a: Lapras|slp|[from] move: Rest
|
|turn|7
|choice|switch 6|move 1
|
|switch|p1a: Jolteon|Jolteon, L79|265\/265
|cant|p2a: Lapras|slp
|
|turn|8
|choice|move 1|switch 3
|
|switch|p2a: Venusaur|Venusaur, L85|310\/310
|move|p1a: Jolteon|Thunderbolt|p2a: Venusaur
|-resisted|p2a: Venusaur
|-damage|p2a: Venusaur|263\/310
|
|turn|9
|choice|switch 5|move 4
|
|switch|p1a: Dragonite|Dragonite, L85|211\/328
|move|p2a: Venusaur|Razor Leaf|p1a: Dragonite
|-crit|p1a: Dragonite
|-resisted|p1a: Dragonite
|-damage|p1a: Dragonite|183\/328
|
|turn|10
|choice|move 1|move 2
|
|move|p2a: Venusaur|Swords Dance|p2a: Venusaur
|-boost|p2a: Venusaur|atk|2
|move|p1a: Dragonite|Thunder Wave|p2a: Venusaur
|-status|p2a: Venusaur|par
|
|turn|11
|choice|move 4|move 3
|
|move|p1a: Dragonite|Ice Beam|p2a: Venusaur
|-supereffective|p2a: Venusaur
|-damage|p2a: Venusaur|130\/310 par
|move|p2a: Venusaur|Body Slam|p1a: Dragonite
|-damage|p1a: Dragonite|72\/328
|
|turn|12
|choice|move 4|switch 6
|
|switch|p2a: Ninetales|Ninetales, L85|298\/298
|move|p1a: Dragonite|Ice Beam|p2a: Ninetales
|-damage|p2a: Ninetales|229\/298
|-status|p2a: Ninetales|frz
|
|turn|13
|c|★yaldyyyy|hahaha
|choice|move 3|switch 5
|
|switch|p2a: Kangaskhan|Kangaskhan, L85|352\/352
|move|p1a: Dragonite|Agility|p1a: Dragonite
|-boost|p1a: Dragonite|spe|2
|
|turn|14
|choice|move 1|move 1
|
|move|p1a: Dragonite|Thunder Wave|p2a: Kangaskhan
|-status|p2a: Kangaskhan|par
|move|p2a: Kangaskhan|Hyper Beam|p1a: Dragonite|[miss]
|-miss|p2a: Kangaskhan
|
|turn|15
|-message|yaldyyyy forfeited.
|
|win|MALESANI
|player|p1
|player|p2
|raw|MALESANI's rating: 1385 &rarr; <strong>1396<\/strong><br \/>(+11 for winning)
|raw|yaldyyyy's rating: 1210 &rarr; <strong>1196<\/strong><br \/>(-14 for losing)
|l|yaldyyyy