|join|erik1erik
|join|Rediblackdragon
|player|p1|erik1erik|1
|player|p2|Rediblackdragon|124
|gametype|singles
|gen|1
|tier|[Gen 1] Random Battle
|rated
|rule|Sleep Clause Mod: Limit one foe put to sleep
|rule|Freeze Clause Mod: Limit one foe frozen
|rule|HP Percentage Mod: HP is shown in percentages
|
|start
|switch|p1a: Lickitung|Lickitung, L86|330\/330
|switch|p2a: Seadra|Seadra, L86|270\/270
|turn|1
|
|move|p2a: Seadra|Hydro Pump|p1a: Lickitung
|-damage|p1a: Lickitung|184\/330
|move|p1a: Lickitung|Body Slam|p2a: Seadra
|-damage|p2a: Seadra|203\/270
|
|turn|2
|
|switch|p2a: Kakuna|Kakuna, L99|290\/290
|move|p1a: Lickitung|Hyper Beam|p2a: Kakuna
|-damage|p2a: Kakuna|145\/290
|
|turn|3
|
|move|p2a: Kakuna|Poison Sting|p1a: Lickitung
|-damage|p1a: Lickitung|171\/330
|cant|p1a: Lickitung|recharge
|
|turn|4
|
|move|p2a: Kakuna|Poison Sting|p1a: Lickitung
|-damage|p1a: Lickitung|159\/330
|-status|p1a: Lickitung|psn
|move|p1a: Lickitung|Earthquake|p2a: Kakuna
|-damage|p2a: Kakuna|85\/290
|-damage|p1a: Lickitung|139\/330 psn|[from] psn|[of] p2a: Kakuna
|
|turn|5
|
|move|p2a: Kakuna|Poison Sting|p1a: Lickitung
|-damage|p1a: Lickitung|126\/330 psn
|move|p1a: Lickitung|Body Slam|p2a: Kakuna
|-crit|p2a: Kakuna
|-damage|p2a: Kakuna|0 fnt
|faint|p2a: Kakuna
|
|switch|p2a: Golbat|Golbat, L86|304\/304
|turn|6
|
|move|p2a: Golbat|Confuse Ray|p1a: Lickitung
|-start|p1a: Lickitung|confusion
|-activate|p1a: Lickitung|confusion
|-damage|p1a: Lickitung|100\/330 psn|[from] confusion
|-damage|p1a: Lickitung|80\/330 psn|[from] psn|[of] p2a: Golbat
|
|turn|7
|
|move|p2a: Golbat|Mega Drain|p1a: Lickitung
|-damage|p1a: Lickitung|48\/330 psn
|-activate|p1a: Lickitung|confusion
|move|p1a: Lickitung|Hyper Beam|p2a: Golbat
|-damage|p2a: Golbat|166\/304
|-damage|p1a: Lickitung|28\/330 psn|[from] psn|[of] p2a: Golbat
|
|turn|8
|
|move|p2a: Golbat|Mega Drain|p1a: Lickitung
|-crit|p1a: Lickitung
|-damage|p1a: Lickitung|0 fnt
|-heal|p2a: Golbat|180\/304|[from] drain|[of] p1a: Lickitung
|faint|p1a: Lickitung
|
|switch|p1a: Graveler|Graveler, L86|270\/270
|turn|9
|
|move|p2a: Golbat|Mega Drain|p1a: Graveler
|-crit|p1a: Graveler
|-supereffective|p1a: Graveler
|-damage|p1a: Graveler|6\/270
|-heal|p2a: Golbat|304\/304|[from] drain|[of] p1a: Graveler
|move|p1a: Graveler|Rock Slide|p2a: Golbat
|-supereffective|p2a: Golbat
|-damage|p2a: Golbat|122\/304
|
|turn|10
|
|move|p2a: Golbat|Mega Drain|p1a: Graveler
|-supereffective|p1a: Graveler
|-damage|p1a: Graveler|0 fnt
|-heal|p2a: Golbat|125\/304|[from] drain|[of] p1a: Graveler
|faint|p1a: Graveler
|
|switch|p1a: Electrode|Electrode, L86|279\/279
|turn|11
|
|move|p1a: Electrode|Thunderbolt|p2a: Golbat
|-supereffective|p2a: Golbat
|-damage|p2a: Golbat|0 fnt
|faint|p2a: Golbat
|
|switch|p2a: Jynx|Jynx, L80|268\/268
|turn|12
|
|switch|p1a: Hitmonchan|Hitmonchan, L86|261\/261
|move|p2a: Jynx|Lovely Kiss|p1a: Hitmonchan
|-status|p1a: Hitmonchan|slp
|
|turn|13
|
|switch|p1a: Electrode|Electrode, L86|279\/279
|move|p2a: Jynx|Psychic|p1a: Electrode
|-damage|p1a: Electrode|191\/279
|
|turn|14
|
|move|p1a: Electrode|Thunderbolt|p2a: Jynx
|-damage|p2a: Jynx|179\/268
|move|p2a: Jynx|Blizzard|p1a: Electrode
|-damage|p1a: Electrode|65\/279
|
|turn|15
|
|move|p1a: Electrode|Thunder Wave|p2a: Jynx
|-status|p2a: Jynx|par
|move|p2a: Jynx|Psychic|p1a: Electrode
|-crit|p1a: Electrode
|-damage|p1a: Electrode|0 fnt
|faint|p1a: Electrode
|
|switch|p1a: Dugtrio|Dugtrio, L86|236\/236
|turn|16
|
|move|p1a: Dugtrio|Earthquake|p2a: Jynx
|-damage|p2a: Jynx|16\/268 par
|move|p2a: Jynx|Blizzard|p1a: Dugtrio
|-supereffective|p1a: Dugtrio
|-damage|p1a: Dugtrio|0 fnt
|faint|p1a: Dugtrio
|
|switch|p1a: Parasect|Parasect, L86|279\/279
|turn|17
|
|move|p1a: Parasect|Mega Drain|p2a: Jynx
|-damage|p2a: Jynx|0 fnt
|faint|p2a: Jynx
|
|switch|p2a: Mew|Mew, L77|312\/312
|turn|18
|
|move|p2a: Mew|Horn Drill|p1a: Parasect|[miss]
|-miss|p2a: Mew
|move|p1a: Parasect|Spore|p2a: Mew
|-status|p2a: Mew|slp
|
|turn|19
|
|switch|p2a: Tangela|Tangela, L86|287\/287
|move|p1a: Parasect|Mega Drain|p2a: Tangela
|-resisted|p2a: Tangela
|-damage|p2a: Tangela|271\/287
|
|turn|20
|
|move|p2a: Tangela|Swords Dance|p2a: Tangela
|-boost|p2a: Tangela|atk|2
|move|p1a: Parasect|Toxic|p2a: Tangela|[miss]
|-miss|p1a: Parasect
|
|turn|21
|
|move|p2a: Tangela|Swords Dance|p2a: Tangela
|-boost|p2a: Tangela|atk|2
|move|p1a: Parasect|Toxic|p2a: Tangela
|-status|p2a: Tangela|tox
|
|turn|22
|
|move|p2a: Tangela|Body Slam|p1a: Parasect
|-damage|p1a: Parasect|129\/279
|-damage|p2a: Tangela|254\/287 tox|[from] tox|[of] p1a: Parasect
|move|p1a: Parasect|Mega Drain|p2a: Tangela
|-crit|p2a: Tangela
|-resisted|p2a: Tangela
|-damage|p2a: Tangela|220\/287 tox
|-heal|p1a: Parasect|146\/279|[from] drain|[of] p2a: Tangela
|
|turn|23
|
|move|p2a: Tangela|Hyper Beam|p1a: Parasect|[miss]
|-miss|p2a: Tangela
|-damage|p2a: Tangela|186\/287 tox|[from] tox|[of] p1a: Parasect
|move|p1a: Parasect|Mega Drain|p2a: Tangela
|-resisted|p2a: Tangela
|-damage|p2a: Tangela|169\/287 tox
|-heal|p1a: Parasect|154\/279|[from] drain|[of] p2a: Tangela
|
|turn|24
|
|move|p2a: Tangela|Hyper Beam|p1a: Parasect
|-damage|p1a: Parasect|0 fnt
|faint|p1a: Parasect
|
|switch|p1a: Hitmonchan|Hitmonchan, L86|261\/261 slp
|turn|25
|
|cant|p1a: Hitmonchan|slp
|-curestatus|p1a: Hitmonchan|slp
|move|p2a: Tangela|Swords Dance|p2a: Tangela
|-boost|p2a: Tangela|atk|2
|-damage|p2a: Tangela|118\/287 tox|[from] psn
|
|turn|26
|
|move|p1a: Hitmonchan|Body Slam|p2a: Tangela
|-damage|p2a: Tangela|60\/287 tox
|move|p2a: Tangela|Hyper Beam|p1a: Hitmonchan
|-damage|p1a: Hitmonchan|0 fnt
|faint|p1a: Hitmonchan
|
|win|Rediblackdragon
|raw|Ladder updating...
|raw|erik1erik's rating: 1067 &rarr; <strong>1046<\/strong><br \/>(-21 for losing)
|raw|Rediblackdragon's rating: 1045 &rarr; <strong>1080<\/strong><br \/>(+35 for winning)
|leave|erik1erik
|player|p1