|join|Radikal-Rage
|join|jagon29
|player|p1|Radikal-Rage|267
|player|p2|jagon29|290
|gametype|singles
|gen|1
|tier|[Gen 1] Random Battle
|rated
|rule|Sleep Clause Mod: Limit one foe put to sleep
|rule|Freeze Clause Mod: Limit one foe frozen
|rule|HP Percentage Mod: HP is shown in percentages
|
|start
|switch|p1a: Hitmonchan|Hitmonchan, L78|238\/238
|switch|p2a: Butterfree|Butterfree, L78|254\/254
|turn|1
|c|★Radikal-Rage|good luck
|c|★jagon29|gl
|
|move|p1a: Hitmonchan|Body Slam|p2a: Butterfree
|-damage|p2a: Butterfree|175\/254
|move|p2a: Butterfree|Sleep Powder|p1a: Hitmonchan|[miss]
|-miss|p2a: Butterfree
|
|turn|2
|c|★jagon29|wait why is there a freeze clause if its uncontrollable
|c|★Radikal-Rage|don't know but that is impossible to frozen 2 foe I think
|c|★Radikal-Rage|froze ?
|
|move|p1a: Hitmonchan|Body Slam|p2a: Butterfree
|-damage|p2a: Butterfree|97\/254
|move|p2a: Butterfree|Sleep Powder|p1a: Hitmonchan|[miss]
|-miss|p2a: Butterfree
|
|turn|3
|c|★Radikal-Rage|sorry im not english
|
|move|p1a: Hitmonchan|Body Slam|p2a: Butterfree
|-damage|p2a: Butterfree|10\/254
|move|p2a: Butterfree|Sleep Powder|p1a: Hitmonchan
|-status|p1a: Hitmonchan|slp
|
|turn|4
|
|cant|p1a: Hitmonchan|slp
|move|p2a: Butterfree|Psychic|p1a: Hitmonchan
|-supereffective|p1a: Hitmonchan
|-damage|p1a: Hitmonchan|60\/238 slp
|
|turn|5
|c|★Radikal-Rage|faster with psychic lel
|
|cant|p1a: Hitmonchan|slp
|move|p2a: Butterfree|Psychic|p1a: Hitmonchan
|-supereffective|p1a: Hitmonchan
|-damage|p1a: Hitmonchan|0 fnt
|faint|p1a: Hitmonchan
|
|switch|p1a: Hitmonlee|Hitmonlee, L78|238\/238
|
|turn|6
|
|move|p1a: Hitmonlee|Seismic Toss|p2a: Butterfree
|-damage|p2a: Butterfree|0 fnt
|faint|p2a: Butterfree
|
|switch|p2a: Sandslash|Sandslash, L78|277\/277
|
|turn|7
|
|switch|p1a: Blastoise|Blastoise, L78|283\/283
|move|p2a: Sandslash|Earthquake|p1a: Blastoise
|-damage|p1a: Blastoise|190\/283
|
|turn|8
|
|switch|p2a: Blastoise|Blastoise, L78|283\/283
|move|p1a: Blastoise|Surf|p2a: Blastoise
|-resisted|p2a: Blastoise
|-damage|p2a: Blastoise|239\/283
|
|turn|9
|
|move|p2a: Blastoise|Body Slam|p1a: Blastoise
|-damage|p1a: Blastoise|143\/283
|move|p1a: Blastoise|Body Slam|p2a: Blastoise
|-damage|p2a: Blastoise|193\/283
|
|turn|10
|
|move|p2a: Blastoise|Body Slam|p1a: Blastoise
|-damage|p1a: Blastoise|100\/283
|move|p1a: Blastoise|Body Slam|p2a: Blastoise
|-damage|p2a: Blastoise|145\/283
|
|turn|11
|c|★Radikal-Rage|body slam everywhere in first gen
|c|★jagon29|para is really good
|
|move|p1a: Blastoise|Body Slam|p2a: Blastoise
|-damage|p2a: Blastoise|100\/283
|-status|p2a: Blastoise|par
|move|p2a: Blastoise|Body Slam|p1a: Blastoise
|-damage|p1a: Blastoise|55\/283
|
|turn|12
|c|★Radikal-Rage|no other move I guess haha
|
|move|p1a: Blastoise|Body Slam|p2a: Blastoise
|-crit|p2a: Blastoise
|-damage|p2a: Blastoise|3\/283 par
|cant|p2a: Blastoise|par
|
|turn|13
|c|★Radikal-Rage|lucky me
|
|move|p1a: Blastoise|Body Slam|p2a: Blastoise
|-damage|p2a: Blastoise|0 fnt
|faint|p2a: Blastoise
|
|switch|p2a: Pidgeot|Pidgeot, L78|290\/290
|
|turn|14
|c|★Radikal-Rage|ugly pidgeot in yellow
|c|★jagon29|ugh the sleep powder misses also
|
|switch|p1a: Golem|Golem, L74|271\/271
|move|p2a: Pidgeot|Double-Edge|p1a: Golem
|-crit|p1a: Golem
|-resisted|p1a: Golem
|-damage|p1a: Golem|203\/271
|-damage|p2a: Pidgeot|273\/290|[from] recoil|[of] p1a: Golem
|
|turn|15
|
|switch|p2a: Sandslash|Sandslash, L78|277\/277
|move|p1a: Golem|Rock Slide|p2a: Sandslash
|-resisted|p2a: Sandslash
|-damage|p2a: Sandslash|247\/277
|
|turn|16
|
|move|p2a: Sandslash|Earthquake|p1a: Golem
|-supereffective|p1a: Golem
|-damage|p1a: Golem|40\/271
|move|p1a: Golem|Body Slam|p2a: Sandslash
|-crit|p2a: Sandslash
|-damage|p2a: Sandslash|161\/277
|
|turn|17
|
|move|p2a: Sandslash|Earthquake|p1a: Golem
|-supereffective|p1a: Golem
|-damage|p1a: Golem|0 fnt
|faint|p1a: Golem
|
|switch|p1a: Blastoise|Blastoise, L78|55\/283
|
|turn|18
|
|switch|p2a: Pidgeot|Pidgeot, L78|273\/290
|move|p1a: Blastoise|Surf|p2a: Pidgeot
|-damage|p2a: Pidgeot|173\/290
|
|turn|19
|
|switch|p1a: Omastar|Omastar, L78|269\/269
|move|p2a: Pidgeot|Double-Edge|p1a: Omastar
|-resisted|p1a: Omastar
|-damage|p1a: Omastar|238\/269
|-damage|p2a: Pidgeot|166\/290|[from] recoil|[of] p1a: Omastar
|
|turn|20
|
|switch|p2a: Onix|Onix, L78|215\/215
|move|p1a: Omastar|Surf|p2a: Onix
|-supereffective|p2a: Onix
|-damage|p2a: Onix|0 fnt
|faint|p2a: Onix
|
|switch|p2a: Sandslash|Sandslash, L78|161\/277
|
|turn|21
|c|★Radikal-Rage|RIP
|
|move|p2a: Sandslash|Earthquake|p1a: Omastar
|-supereffective|p1a: Omastar
|-damage|p1a: Omastar|71\/269
|move|p1a: Omastar|Surf|p2a: Sandslash
|-supereffective|p2a: Sandslash
|-damage|p2a: Sandslash|0 fnt
|faint|p2a: Sandslash
|
|switch|p2a: Pidgeot|Pidgeot, L78|166\/290
|
|turn|22
|
|move|p2a: Pidgeot|Hyper Beam|p1a: Omastar
|-resisted|p1a: Omastar
|-damage|p1a: Omastar|19\/269
|move|p1a: Omastar|Rest|p1a: Omastar
|-status|p1a: Omastar|slp
|-heal|p1a: Omastar|269\/269 slp|[silent]
|-status|p1a: Omastar|slp|[from] move: Rest
|
|turn|23
|-message|jagon29 forfeited.
|
|win|Radikal-Rage
|raw|Ladder updating...
|leave|jagon29
|player|p2
|c|★Radikal-Rage|yeepee
|raw|Radikal-Rage's rating: 1040 &rarr; <strong>1077<\/strong><br \/>(+37 for winning)
|raw|jagon29's rating: 1070 &rarr; <strong>1048<\/strong><br \/>(-22 for losing)