|join|MALESANI
|join|figbaggot
|player|p1|MALESANI|238
|player|p2|figbaggot|253
|gametype|singles
|gen|1
|tier|[Gen 1] Random Battle
|rated
|seed|64495,50869,9493,58289
|rule|Sleep Clause Mod: Limit one foe put to sleep
|rule|Freeze Clause Mod: Limit one foe frozen
|rule|HP Percentage Mod: HP is shown in percentages
|
|start
|switch|p1a: Kingler|Kingler, L85|267\/267
|switch|p2a: Sandshrew|Sandshrew, L96|291\/291
|turn|1
|choice|move 1|switch 3
|
|switch|p2a: Electrode|Electrode, L90|291\/291
|move|p1a: Kingler|Crabhammer|p2a: Electrode
|-crit|p2a: Electrode
|-damage|p2a: Electrode|155\/291
|
|turn|2
|choice|switch 5|move 2
|
|switch|p1a: Chansey|Chansey, L79|557\/557
|move|p2a: Electrode|Thunderbolt|p1a: Chansey
|-damage|p1a: Chansey|462\/557
|
|turn|3
|choice|move 3|move 2
|
|move|p2a: Electrode|Thunderbolt|p1a: Chansey
|-damage|p1a: Chansey|369\/557
|move|p1a: Chansey|Thunder Wave|p2a: Electrode
|-status|p2a: Electrode|par
|
|turn|4
|choice|move 2|move 2
|
|move|p1a: Chansey|Reflect|p1a: Chansey
|-start|p1a: Chansey|Reflect
|move|p2a: Electrode|Thunderbolt|p1a: Chansey
|-damage|p1a: Chansey|272\/557
|
|turn|5
|choice|move 1|move 2
|
|move|p1a: Chansey|Soft-Boiled|p1a: Chansey
|-heal|p1a: Chansey|550\/557
|cant|p2a: Electrode|par
|
|turn|6
|choice|move 4|move 2
|
|move|p1a: Chansey|Ice Beam|p2a: Electrode
|-damage|p2a: Electrode|90\/291 par
|move|p2a: Electrode|Thunderbolt|p1a: Chansey
|-crit|p1a: Chansey
|-damage|p1a: Chansey|350\/557
|-status|p1a: Chansey|par
|
|turn|7
|choice|move 1|move 2
|
|move|p2a: Electrode|Thunderbolt|p1a: Chansey
|-crit|p1a: Chansey
|-damage|p1a: Chansey|168\/557 par
|move|p1a: Chansey|Soft-Boiled|p1a: Chansey
|-heal|p1a: Chansey|446\/557 par
|
|turn|8
|choice|move 4|move 2
|
|cant|p2a: Electrode|par
|move|p1a: Chansey|Ice Beam|p2a: Electrode
|-damage|p2a: Electrode|33\/291 par
|
|turn|9
|choice|move 1|move 1
|
|move|p2a: Electrode|Explosion|p1a: Chansey
|-damage|p1a: Chansey|211\/557 par
|faint|p2a: Electrode
|choice||switch 4
|
|switch|p2a: Jynx|Jynx, L79|265\/265
|turn|10
|choice|move 3|move 4
|
|move|p2a: Jynx|Lovely Kiss|p1a: Chansey
|-fail|p1a: Chansey
|move|p1a: Chansey|Thunder Wave|p2a: Jynx
|-status|p2a: Jynx|par
|
|turn|11
|choice|move 1|move 4
|
|move|p2a: Jynx|Lovely Kiss|p1a: Chansey
|-fail|p1a: Chansey
|move|p1a: Chansey|Soft-Boiled|p1a: Chansey
|-heal|p1a: Chansey|489\/557 par
|
|turn|12
|choice|move 4|move 3
|
|cant|p2a: Jynx|par
|move|p1a: Chansey|Ice Beam|p2a: Jynx
|-resisted|p2a: Jynx
|-damage|p2a: Jynx|233\/265 par
|
|turn|13
|choice|move 4|move 3
|
|cant|p2a: Jynx|par
|move|p1a: Chansey|Ice Beam|p2a: Jynx
|-crit|p2a: Jynx
|-resisted|p2a: Jynx
|-damage|p2a: Jynx|173\/265 par
|
|turn|14
|choice|move 4|move 3
|
|cant|p2a: Jynx|par
|move|p1a: Chansey|Ice Beam|p2a: Jynx
|-resisted|p2a: Jynx
|-damage|p2a: Jynx|140\/265 par
|
|turn|15
|c|★figbaggot|WTF
|choice|move 1|move 3
|
|move|p2a: Jynx|Psychic|p1a: Chansey
|-damage|p1a: Chansey|417\/557 par
|move|p1a: Chansey|Soft-Boiled|p1a: Chansey
|-heal|p1a: Chansey|557\/557 par
|
|turn|16
|choice|move 4|move 4
|
|cant|p2a: Jynx|par
|cant|p1a: Chansey|par
|
|turn|17
|c|★figbaggot|omfg
|choice|move 4|move 4
|
|move|p2a: Jynx|Lovely Kiss|p1a: Chansey|[miss]
|-miss|p2a: Jynx
|move|p1a: Chansey|Ice Beam|p2a: Jynx
|-resisted|p2a: Jynx
|-damage|p2a: Jynx|108\/265 par
|
|turn|18
|choice|move 4|move 4
|
|cant|p2a: Jynx|par
|move|p1a: Chansey|Ice Beam|p2a: Jynx
|-resisted|p2a: Jynx
|-damage|p2a: Jynx|78\/265 par
|
|turn|19
|c|★figbaggot|dude
|choice|move 4|move 4
|
|cant|p2a: Jynx|par
|move|p1a: Chansey|Ice Beam|p2a: Jynx
|-resisted|p2a: Jynx
|-damage|p2a: Jynx|48\/265 par
|
|turn|20
|c|★figbaggot|WTF IS THIS
|choice|move 4|move 4
|
|move|p2a: Jynx|Lovely Kiss|p1a: Chansey
|-fail|p1a: Chansey
|move|p1a: Chansey|Ice Beam|p2a: Jynx
|-resisted|p2a: Jynx
|-damage|p2a: Jynx|19\/265 par
|
|turn|21
|c|★figbaggot|we are both paralyzed
|c|★figbaggot|why me
|c|★MALESANI|I know, it happens, sorry
|choice|move 4|move 4
|
|move|p2a: Jynx|Lovely Kiss|p1a: Chansey|[miss]
|-miss|p2a: Jynx
|move|p1a: Chansey|Ice Beam|p2a: Jynx
|-resisted|p2a: Jynx
|-damage|p2a: Jynx|0 fnt
|faint|p2a: Jynx
|choice||switch 6
|
|switch|p2a: Haunter|Haunter, L85|250\/250
|turn|22
|choice|move 3|move 1
|
|move|p2a: Haunter|Hypnosis|p1a: Chansey|[miss]
|-miss|p2a: Haunter
|move|p1a: Chansey|Thunder Wave|p2a: Haunter
|-status|p2a: Haunter|par
|
|turn|23
|choice|move 4|move 1
|
|move|p2a: Haunter|Hypnosis|p1a: Chansey
|-fail|p1a: Chansey
|cant|p1a: Chansey|par
|
|turn|24
|choice|move 4|move 1
|
|move|p2a: Haunter|Hypnosis|p1a: Chansey|[miss]
|-miss|p2a: Haunter
|cant|p1a: Chansey|par
|
|turn|25
|choice|move 4|move 1
|
|move|p2a: Haunter|Hypnosis|p1a: Chansey|[miss]
|-miss|p2a: Haunter
|move|p1a: Chansey|Ice Beam|p2a: Haunter
|-crit|p2a: Haunter
|-damage|p2a: Haunter|155\/250 par
|
|turn|26
|choice|move 4|move 2
|
|cant|p2a: Haunter|par
|move|p1a: Chansey|Ice Beam|p2a: Haunter
|-damage|p2a: Haunter|107\/250 par
|
|turn|27
|choice|move 4|move 2
|
|cant|p2a: Haunter|par
|cant|p1a: Chansey|par
|
|turn|28
|choice|move 4|move 2
|
|move|p2a: Haunter|Confuse Ray|p1a: Chansey
|-start|p1a: Chansey|confusion
|-activate|p1a: Chansey|confusion
|move|p1a: Chansey|Ice Beam|p2a: Haunter
|-damage|p2a: Haunter|57\/250 par
|
|turn|29
|choice|move 4|move 3
|
|move|p2a: Haunter|Psychic|p1a: Chansey
|-crit|p1a: Chansey
|-damage|p1a: Chansey|420\/557 par
|-end|p1a: Chansey|confusion
|move|p1a: Chansey|Ice Beam|p2a: Haunter
|-damage|p2a: Haunter|6\/250 par
|
|turn|30
|choice|move 1|move 4
|
|move|p2a: Haunter|Explosion|p1a: Chansey
|-damage|p1a: Chansey|184\/557 par
|faint|p2a: Haunter
|choice||switch 3
|
|switch|p2a: Sandshrew|Sandshrew, L96|291\/291
|turn|31
|choice|move 4|move 1
|
|move|p2a: Sandshrew|Earthquake|p1a: Chansey
|-damage|p1a: Chansey|18\/557 par
|move|p1a: Chansey|Ice Beam|p2a: Sandshrew
|-supereffective|p2a: Sandshrew
|-damage|p2a: Sandshrew|116\/291
|
|turn|32
|choice|move 4|move 4
|
|move|p2a: Sandshrew|Body Slam|p1a: Chansey
|-damage|p1a: Chansey|0 fnt
|faint|p1a: Chansey
|choice|switch 5|
|
|switch|p1a: Kingler|Kingler, L85|267\/267
|turn|33
|choice|move 1|switch 5
|
|switch|p2a: Blastoise|Blastoise, L85|308\/308
|move|p1a: Kingler|Crabhammer|p2a: Blastoise
|-crit|p2a: Blastoise
|-resisted|p2a: Blastoise
|-damage|p2a: Blastoise|246\/308
|
|turn|34
|choice|switch 3|move 4
|
|switch|p1a: Machoke|Machoke, L85|310\/310
|move|p2a: Blastoise|Earthquake|p1a: Machoke
|-damage|p1a: Machoke|231\/310
|
|turn|35
|choice|move 3|move 3
|
|move|p2a: Blastoise|Surf|p1a: Machoke
|-damage|p1a: Machoke|104\/310
|move|p1a: Machoke|Mega Kick|p2a: Blastoise|[miss]
|-miss|p1a: Machoke
|
|turn|36
|choice|move 2|move 3
|
|move|p2a: Blastoise|Surf|p1a: Machoke
|-damage|p1a: Machoke|0 fnt
|faint|p1a: Machoke
|choice|switch 4|
|
|switch|p1a: Pinsir|Pinsir, L85|284\/284
|turn|37
|choice|move 2|move 3
|
|move|p1a: Pinsir|Body Slam|p2a: Blastoise
|-damage|p2a: Blastoise|184\/308
|-status|p2a: Blastoise|par
|cant|p2a: Blastoise|par
|
|turn|38
|choice|move 1|move 3
|
|move|p1a: Pinsir|Swords Dance|p1a: Pinsir
|-boost|p1a: Pinsir|atk|2
|move|p2a: Blastoise|Surf|p1a: Pinsir
|-damage|p1a: Pinsir|151\/284
|
|turn|39
|choice|move 2|move 3
|
|move|p1a: Pinsir|Body Slam|p2a: Blastoise
|-damage|p2a: Blastoise|44\/308 par
|cant|p2a: Blastoise|par
|
|turn|40
|c|★figbaggot|PARALYZE CURSE YOU
|c|★figbaggot|WTF GEN1
|choice|move 2|move 3
|
|move|p1a: Pinsir|Body Slam|p2a: Blastoise
|-damage|p2a: Blastoise|0 fnt
|faint|p2a: Blastoise
|choice||switch 5
|
|switch|p2a: Sandshrew|Sandshrew, L96|116\/291
|turn|41
|choice|move 2|move 1
|
|move|p1a: Pinsir|Body Slam|p2a: Sandshrew
|-damage|p2a: Sandshrew|0 fnt
|faint|p2a: Sandshrew
|choice||switch 2
|
|switch|p2a: Lickitung|Lickitung, L90|345\/345
|turn|42
|c|★figbaggot|ggwp
|c|★figbaggot|good game well paralyzed
|choice|move 2|move 3
|
|move|p1a: Pinsir|Body Slam|p2a: Lickitung
|-damage|p2a: Lickitung|191\/345
|move|p2a: Lickitung|Body Slam|p1a: Pinsir
|-damage|p1a: Pinsir|85\/284
|-status|p1a: Pinsir|par
|
|turn|43
|choice|move 2|move 2
|
|move|p2a: Lickitung|Hyper Beam|p1a: Pinsir
|-damage|p1a: Pinsir|0 fnt
|faint|p1a: Pinsir
|choice|switch 2|
|
|switch|p1a: Exeggutor|Exeggutor, L79|312\/312
|turn|44
|choice|move 2|move 1
|
|move|p1a: Exeggutor|Explosion|p2a: Lickitung
|-damage|p2a: Lickitung|0 fnt
|faint|p2a: Lickitung
|faint|p1a: Exeggutor
|
|win|MALESANI
|raw|MALESANI's rating: 1333 &rarr; <strong>1341<\/strong><br \/>(+8 for winning)
|raw|figbaggot's rating: 1107 &rarr; <strong>1096<\/strong><br \/>(-11 for losing)