|join|DavidXanatos
|join|kid gf lol
|player|p1|DavidXanatos|165
|player|p2|kid gf lol|37
|gametype|singles
|gen|1
|tier|[Gen 1] OU (beta)
|rated
|rule|Sleep Clause Mod: Limit one foe put to sleep
|rule|Species Clause: Limit one of each Pokémon
|rule|OHKO Clause: OHKO moves are banned
|rule|Moody Clause: Moody is banned
|rule|Evasion Moves Clause: Evasion moves are banned
|rule|Endless Battle Clause: Forcing endless battles is banned
|rule|HP Percentage Mod: HP is reported as percentages
|
|start
|switch|p1a: Gengar|Gengar|323\/323
|switch|p2a: ▀█▀ █ ▀█▀|Jynx|333\/333
|turn|1
|
|switch|p2a: Zam Lead|Alakazam|313\/313
|move|p1a: Gengar|Hypnosis|p2a: Zam Lead
|-status|p2a: Zam Lead|slp
|
|turn|2
|
|switch|p1a: Snorlax|Snorlax|523\/523
|cant|p2a: Zam Lead|slp
|
|turn|3
|
|switch|p2a: GhostInaShell|Cloyster|303\/303
|move|p1a: Snorlax|Body Slam|p2a: GhostInaShell
|-damage|p2a: GhostInaShell|238\/303
|
|turn|4
|
|move|p2a: GhostInaShell|Blizzard|p1a: Snorlax
|-damage|p1a: Snorlax|351\/523
|move|p1a: Snorlax|Body Slam|p2a: GhostInaShell
|-damage|p2a: GhostInaShell|172\/303
|-status|p2a: GhostInaShell|par
|
|turn|5
|
|switch|p1a: Gengar|Gengar|323\/323
|cant|p2a: GhostInaShell|par
|
|turn|6
|
|switch|p2a: Result of Incest|Exeggutor|393\/393
|move|p1a: Gengar|Thunderbolt|p2a: Result of Incest
|-crit|p2a: Result of Incest
|-resisted|p2a: Result of Incest
|-damage|p2a: Result of Incest|315\/393
|
|turn|7
|
|switch|p2a: Zam Lead|Alakazam|313\/313 slp
|move|p1a: Gengar|Night Shade|p2a: Zam Lead
|-damage|p2a: Zam Lead|213\/313 slp
|
|turn|8
|
|switch|p2a: Result of Incest|Exeggutor|315\/393
|move|p1a: Gengar|Night Shade|p2a: Result of Incest
|-damage|p2a: Result of Incest|215\/393
|
|turn|9
|
|move|p1a: Gengar|Explosion|p2a: Result of Incest
|-crit|p2a: Result of Incest
|-damage|p2a: Result of Incest|0 fnt
|faint|p2a: Result of Incest
|faint|p1a: Gengar
|
|switch|p1a: Alakazam|Alakazam|313\/313
|switch|p2a: GhostInaShell|Cloyster|172\/303 par
|turn|10
|
|switch|p2a: Breakfast Pouch|Chansey|703\/703
|move|p1a: Alakazam|Reflect|p1a: Alakazam
|
|turn|11
|
|switch|p1a: Chansey|Chansey|703\/703
|move|p2a: Breakfast Pouch|Ice Beam|p1a: Chansey
|-damage|p1a: Chansey|627\/703
|
|turn|12
|
|move|p1a: Chansey|Thunder Wave|p2a: Breakfast Pouch
|-status|p2a: Breakfast Pouch|par
|cant|p2a: Breakfast Pouch|par
|
|turn|13
|
|switch|p1a: Snorlax|Snorlax|351\/523
|move|p2a: Breakfast Pouch|Ice Beam|p1a: Snorlax
|-damage|p1a: Snorlax|251\/523
|
|turn|14
|
|move|p1a: Snorlax|Earthquake|p2a: Breakfast Pouch
|-damage|p2a: Breakfast Pouch|482\/703 par
|cant|p2a: Breakfast Pouch|par
|
|turn|15
|
|switch|p2a: GhostInaShell|Cloyster|172\/303 par
|move|p1a: Snorlax|Hyper Beam|p2a: GhostInaShell
|-damage|p2a: GhostInaShell|59\/303 par
|
|turn|16
|
|cant|p1a: Snorlax|recharge
|move|p2a: GhostInaShell|Explosion|p1a: Snorlax
|-crit|p1a: Snorlax
|-damage|p1a: Snorlax|0 fnt
|faint|p1a: Snorlax
|faint|p2a: GhostInaShell
|
|switch|p1a: Alakazam|Alakazam|313\/313
|switch|p2a: TNT|Golem|363\/363
|turn|17
|
|switch|p2a: Breakfast Pouch|Chansey|482\/703 par
|move|p1a: Alakazam|Psychic|p2a: Breakfast Pouch
|-damage|p2a: Breakfast Pouch|360\/703 par
|
|turn|18
|
|move|p1a: Alakazam|Psychic|p2a: Breakfast Pouch
|-damage|p2a: Breakfast Pouch|227\/703 par
|move|p2a: Breakfast Pouch|Soft-Boiled|p2a: Breakfast Pouch
|-heal|p2a: Breakfast Pouch|578\/703 par
|
|turn|19
|
|move|p1a: Alakazam|Psychic|p2a: Breakfast Pouch
|-crit|p2a: Breakfast Pouch
|-damage|p2a: Breakfast Pouch|311\/703 par
|move|p2a: Breakfast Pouch|Soft-Boiled|p2a: Breakfast Pouch
|-heal|p2a: Breakfast Pouch|662\/703 par
|
|turn|20
|
|move|p1a: Alakazam|Psychic|p2a: Breakfast Pouch
|-crit|p2a: Breakfast Pouch
|-damage|p2a: Breakfast Pouch|422\/703 par
|move|p2a: Breakfast Pouch|Ice Beam|p1a: Alakazam
|-damage|p1a: Alakazam|254\/313
|
|turn|21
|
|move|p1a: Alakazam|Psychic|p2a: Breakfast Pouch
|-damage|p2a: Breakfast Pouch|289\/703 par
|-unboost|p2a: Breakfast Pouch|spd|1
|-unboost|p2a: Breakfast Pouch|spa|1
|move|p2a: Breakfast Pouch|Soft-Boiled|p2a: Breakfast Pouch
|-heal|p2a: Breakfast Pouch|640\/703 par
|
|turn|22
|
|move|p1a: Alakazam|Psychic|p2a: Breakfast Pouch
|-damage|p2a: Breakfast Pouch|448\/703 par
|move|p2a: Breakfast Pouch|Soft-Boiled|p2a: Breakfast Pouch
|-fail|p2a: Breakfast Pouch
|
|turn|23
|chat|kid gf lol|bs
|
|move|p1a: Alakazam|Psychic|p2a: Breakfast Pouch
|-damage|p2a: Breakfast Pouch|248\/703 par
|cant|p2a: Breakfast Pouch|par
|
|turn|24
|
|move|p1a: Alakazam|Psychic|p2a: Breakfast Pouch
|-damage|p2a: Breakfast Pouch|48\/703 par
|move|p2a: Breakfast Pouch|Soft-Boiled|p2a: Breakfast Pouch
|-heal|p2a: Breakfast Pouch|399\/703 par
|
|turn|25
|chat|kid gf lol|twice in a row
|
|move|p1a: Alakazam|Psychic|p2a: Breakfast Pouch
|-damage|p2a: Breakfast Pouch|211\/703 par
|move|p2a: Breakfast Pouch|Soft-Boiled|p2a: Breakfast Pouch
|-heal|p2a: Breakfast Pouch|562\/703 par
|
|turn|26
|
|move|p1a: Alakazam|Psychic|p2a: Breakfast Pouch
|-crit|p2a: Breakfast Pouch
|-damage|p2a: Breakfast Pouch|298\/703 par
|move|p2a: Breakfast Pouch|Soft-Boiled|p2a: Breakfast Pouch
|-heal|p2a: Breakfast Pouch|649\/703 par
|
|turn|27
|
|move|p1a: Alakazam|Psychic|p2a: Breakfast Pouch
|-crit|p2a: Breakfast Pouch
|-damage|p2a: Breakfast Pouch|415\/703 par
|move|p2a: Breakfast Pouch|Ice Beam|p1a: Alakazam
|-damage|p1a: Alakazam|212\/313
|
|turn|28
|
|move|p1a: Alakazam|Psychic|p2a: Breakfast Pouch
|-damage|p2a: Breakfast Pouch|229\/703 par
|cant|p2a: Breakfast Pouch|par
|
|turn|29
|
|switch|p1a: Tauros|Tauros|353\/353
|cant|p2a: Breakfast Pouch|par
|
|turn|30
|
|switch|p2a: Zam Lead|Alakazam|213\/313 slp
|move|p1a: Tauros|Body Slam|p2a: Zam Lead
|-damage|p2a: Zam Lead|66\/313 slp
|
|turn|31
|
|cant|p2a: Zam Lead|slp
|move|p1a: Tauros|Earthquake|p2a: Zam Lead
|-damage|p2a: Zam Lead|0 fnt
|faint|p2a: Zam Lead
|
|switch|p2a: ▀█▀ █ ▀█▀|Jynx|333\/333
|turn|32
|
|move|p1a: Tauros|Body Slam|p2a: ▀█▀ █ ▀█▀
|-damage|p2a: ▀█▀ █ ▀█▀|153\/333
|-status|p2a: ▀█▀ █ ▀█▀|par
|cant|p2a: ▀█▀ █ ▀█▀|par
|
|turn|33
|
|switch|p2a: TNT|Golem|363\/363
|move|p1a: Tauros|Body Slam|p2a: TNT
|-resisted|p2a: TNT
|-damage|p2a: TNT|323\/363
|
|turn|34
|
|move|p1a: Tauros|Blizzard|p2a: TNT
|-supereffective|p2a: TNT
|-damage|p2a: TNT|92\/363
|move|p2a: TNT|Body Slam|p1a: Tauros
|-damage|p1a: Tauros|275\/353
|
|turn|35
|
|move|p1a: Tauros|Earthquake|p2a: TNT
|-supereffective|p2a: TNT
|-damage|p2a: TNT|0 fnt
|faint|p2a: TNT
|chat|kid gf lol|bs both a 30% chance a 25% in a row...
|
|switch|p2a: ▀█▀ █ ▀█▀|Jynx|153\/333 par
|turn|36
|
|move|p1a: Tauros|Body Slam|p2a: ▀█▀ █ ▀█▀
|-damage|p2a: ▀█▀ █ ▀█▀|0 fnt
|faint|p2a: ▀█▀ █ ▀█▀
|
|switch|p2a: Breakfast Pouch|Chansey|229\/703 par
|turn|37
|
|move|p1a: Tauros|Body Slam|p2a: Breakfast Pouch
|-damage|p2a: Breakfast Pouch|0 fnt
|faint|p2a: Breakfast Pouch
|
|win|DavidXanatos
|raw|Ladder updating...
|raw|DavidXanatos's rating: 1412 &rarr; <strong>1433<\/strong><br \/>(+21 for winning)
|raw|kid gf lol's rating: 1426 &rarr; <strong>1405<\/strong><br \/>(-21 for losing)
|leave|kid gf lol
|player|p2