|join|riwu
|join|PickledBeets
|player|p1|riwu|170
|player|p2|PickledBeets|162
|gametype|singles
|gen|1
|tier|[Gen 1] Random Battle
|rated
|seed|15950,12195,6958,20191
|rule|Sleep Clause Mod: Limit one foe put to sleep
|rule|Freeze Clause Mod: Limit one foe frozen
|rule|HP Percentage Mod: HP is shown in percentages
|
|start
|switch|p1a: Slowbro|Slowbro, L79|312\/312
|switch|p2a: Jigglypuff|Jigglypuff, L99|428\/428
|turn|1
|c|★PickledBeets|DUDE. I would have forfeited that last bullshit game if I'd known you'd cracked 1600
|c|★PickledBeets|Congrats. And I'm sorry lol
|c|★riwu|i cracked 1.6 several times alr
|c|★PickledBeets|Damn.
|choice|switch 4|move 1
|
|switch|p1a: Nidorina|Nidorina, L90|309\/309
|move|p2a: Jigglypuff|Thunder Wave|p1a: Nidorina
|-status|p1a: Nidorina|par
|
|turn|2
|c|★PickledBeets|well done.
|choice|move 2|move 4
|
|move|p2a: Jigglypuff|Defense Curl|p2a: Jigglypuff
|-boost|p2a: Jigglypuff|def|1
|move|p1a: Nidorina|Blizzard|p2a: Jigglypuff
|-damage|p2a: Jigglypuff|327\/428
|-status|p2a: Jigglypuff|frz
|
|turn|3
|c|★PickledBeets|haha there's some better luck.
|choice|move 3|switch 4
|
|switch|p2a: Alakazam|Alakazam, L79|249\/249
|move|p1a: Nidorina|Thunderbolt|p2a: Alakazam
|-damage|p2a: Alakazam|203\/249
|
|turn|4
|choice|switch 4|move 3
|
|switch|p1a: Slowbro|Slowbro, L79|312\/312
|move|p2a: Alakazam|Reflect|p2a: Alakazam
|-start|p2a: Alakazam|Reflect
|
|turn|5
|choice|move 2|move 2
|
|move|p2a: Alakazam|Thunder Wave|p1a: Slowbro
|-status|p1a: Slowbro|par
|move|p1a: Slowbro|Thunder Wave|p2a: Alakazam
|-status|p2a: Alakazam|par
|
|turn|6
|choice|move 4|move 1
|
|cant|p2a: Alakazam|par
|cant|p1a: Slowbro|par
|
|turn|7
|choice|move 4|move 1
|
|cant|p2a: Alakazam|par
|move|p1a: Slowbro|Amnesia|p1a: Slowbro
|-boost|p1a: Slowbro|spd|2
|-boost|p1a: Slowbro|spa|2
|
|turn|8
|choice|move 4|move 1
|
|move|p1a: Slowbro|Amnesia|p1a: Slowbro
|-boost|p1a: Slowbro|spd|2
|-boost|p1a: Slowbro|spa|2
|cant|p2a: Alakazam|par
|
|turn|9
|choice|move 4|move 1
|
|cant|p1a: Slowbro|par
|move|p2a: Alakazam|Psychic|p1a: Slowbro
|-resisted|p1a: Slowbro
|-damage|p1a: Slowbro|292\/312 par
|
|turn|10
|choice|move 4|move 1
|
|cant|p1a: Slowbro|par
|move|p2a: Alakazam|Psychic|p1a: Slowbro
|-resisted|p1a: Slowbro
|-damage|p1a: Slowbro|273\/312 par
|-unboost|p1a: Slowbro|spd|1
|-unboost|p1a: Slowbro|spa|1
|
|turn|11
|choice|move 4|move 1
|
|cant|p1a: Slowbro|par
|move|p2a: Alakazam|Psychic|p1a: Slowbro
|-resisted|p1a: Slowbro
|-damage|p1a: Slowbro|249\/312 par
|
|turn|12
|choice|move 4|move 1
|
|move|p1a: Slowbro|Amnesia|p1a: Slowbro
|-boost|p1a: Slowbro|spd|2
|-boost|p1a: Slowbro|spa|2
|move|p2a: Alakazam|Psychic|p1a: Slowbro
|-crit|p1a: Slowbro
|-resisted|p1a: Slowbro
|-damage|p1a: Slowbro|125\/312 par
|
|turn|13
|choice|move 1|switch 6
|
|switch|p2a: Kabutops|Kabutops, L85|276\/276
|move|p1a: Slowbro|Surf|p2a: Kabutops
|-damage|p2a: Kabutops|0 fnt
|faint|p2a: Kabutops
|c|★PickledBeets|lol
|c|★PickledBeets|You using rest was my only chance.
|c|★PickledBeets|I literally have 2 psy, 2 fire, and that rock.
|choice||switch 5
|
|switch|p2a: Charizard|Charizard, L85|306\/306
|turn|14
|choice|move 3|move 3
|
|move|p2a: Charizard|Hyper Beam|p1a: Slowbro
|-damage|p1a: Slowbro|42\/312 par
|move|p1a: Slowbro|Rest|p1a: Slowbro
|-status|p1a: Slowbro|slp
|-heal|p1a: Slowbro|312\/312 slp|[silent]
|-status|p1a: Slowbro|slp|[from] move: Rest
|
|turn|15
|-mustrecharge|p2a: Charizard
|-mustrecharge|p2a: Charizard
|choice|move 2|move 1
|
|cant|p2a: Charizard|recharge
|cant|p1a: Slowbro|slp
|
|turn|16
|choice|move 2|move 1
|
|move|p2a: Charizard|Swords Dance|p2a: Charizard
|-boost|p2a: Charizard|atk|2
|-curestatus|p1a: Slowbro|slp
|
|turn|17
|choice|move 1|move 1
|
|move|p2a: Charizard|Swords Dance|p2a: Charizard
|-boost|p2a: Charizard|atk|2
|move|p1a: Slowbro|Surf|p2a: Charizard
|-supereffective|p2a: Charizard
|-damage|p2a: Charizard|0 fnt
|faint|p2a: Charizard
|choice||switch 6
|
|switch|p2a: Alakazam|Alakazam, L79|203\/249 par
|turn|18
|choice|move 1|move 2
|
|cant|p2a: Alakazam|par
|move|p1a: Slowbro|Surf|p2a: Alakazam
|-damage|p2a: Alakazam|0 fnt
|faint|p2a: Alakazam
|choice||switch 2
|
|switch|p2a: Ponyta|Ponyta, L96|291\/291
|turn|19
|choice|move 1|move 2
|
|move|p2a: Ponyta|Body Slam|p1a: Slowbro
|-crit|p1a: Slowbro
|-damage|p1a: Slowbro|191\/312
|move|p1a: Slowbro|Surf|p2a: Ponyta
|-crit|p2a: Ponyta
|-supereffective|p2a: Ponyta
|-damage|p2a: Ponyta|0 fnt
|faint|p2a: Ponyta
|choice||switch 3
|
|switch|p2a: Kadabra|Kadabra, L85|242\/242
|turn|20
|choice|move 2|move 1
|
|move|p2a: Kadabra|Psychic|p1a: Slowbro
|-resisted|p1a: Slowbro
|-damage|p1a: Slowbro|172\/312
|move|p1a: Slowbro|Thunder Wave|p2a: Kadabra
|-status|p2a: Kadabra|par
|
|turn|21
|c|★PickledBeets|boy, we have the best games, huh?
|choice|move 1|move 1
|
|move|p2a: Kadabra|Psychic|p1a: Slowbro
|-resisted|p1a: Slowbro
|-damage|p1a: Slowbro|154\/312
|move|p1a: Slowbro|Surf|p2a: Kadabra
|-damage|p2a: Kadabra|30\/242 par
|
|turn|22
|choice|move 1|move 1
|
|move|p2a: Kadabra|Psychic|p1a: Slowbro
|-crit|p1a: Slowbro
|-resisted|p1a: Slowbro
|-damage|p1a: Slowbro|34\/312
|move|p1a: Slowbro|Surf|p2a: Kadabra
|-damage|p2a: Kadabra|0 fnt
|faint|p2a: Kadabra
|choice||switch 4
|
|switch|p2a: Jigglypuff|Jigglypuff, L99|327\/428 frz
|turn|23
|choice|move 1|move 1
|
|cant|p2a: Jigglypuff|frz
|move|p1a: Slowbro|Surf|p2a: Jigglypuff
|-damage|p2a: Jigglypuff|0 fnt
|faint|p2a: Jigglypuff
|
|win|riwu
|raw|riwu's rating: 1547 &rarr; <strong>1557<\/strong><br \/>(+10 for winning)
|raw|PickledBeets's rating: 1350 &rarr; <strong>1340<\/strong><br \/>(-10 for losing)