|j|Reverb
|j|Bug Meteor
|player|p1|Reverb|#reverb
|player|p2|Bug Meteor|127
|gametype|singles
|gen|1
|tier|[Gen 1] OU
|seed|44622,26697,62802,61932
|rule|Sleep Clause Mod: Limit one foe put to sleep
|rule|Freeze Clause Mod: Limit one foe frozen
|rule|Species Clause: Limit one of each Pokémon
|rule|OHKO Clause: OHKO moves are banned
|rule|Evasion Moves Clause: Evasion moves are banned
|rule|HP Percentage Mod: HP is shown in percentages
|
|start
|switch|p1a: Starmie|Starmie|323\/323
|switch|p2a: Yo mama!|Jynx|333\/333
|turn|1
|c|★Reverb|hf
|choice|move 1|switch 4
|
|switch|p2a: American Standard|Snorlax|523\/523
|move|p1a: Starmie|Thunder Wave|p2a: American Standard
|-status|p2a: American Standard|par
|
|turn|2
|choice|move 3|move 3
|
|move|p1a: Starmie|Blizzard|p2a: American Standard
|-damage|p2a: American Standard|398\/523 par
|move|p2a: American Standard|Body Slam|p1a: Starmie
|-damage|p1a: Starmie|211\/323
|
|turn|3
|choice|move 3|move 1
|
|move|p1a: Starmie|Blizzard|p2a: American Standard
|-damage|p2a: American Standard|277\/523 par
|move|p2a: American Standard|Amnesia|p2a: American Standard
|-boost|p2a: American Standard|spd|2
|-boost|p2a: American Standard|spa|2
|
|turn|4
|choice|move 3|move 4
|
|move|p1a: Starmie|Blizzard|p2a: American Standard
|-crit|p2a: American Standard
|-damage|p2a: American Standard|31\/523 par
|move|p2a: American Standard|Rest|p2a: American Standard
|-status|p2a: American Standard|slp
|-heal|p2a: American Standard|523\/523 slp|[silent]
|-status|p2a: American Standard|slp|[from] move: Rest
|
|turn|5
|choice|switch 6|move 4
|
|switch|p1a: Zapdos|Zapdos|383\/383
|cant|p2a: American Standard|slp
|
|turn|6
|choice|move 1|move 3
|
|move|p1a: Zapdos|Drill Peck|p2a: American Standard
|-damage|p2a: American Standard|402\/523 slp
|-curestatus|p2a: American Standard|slp
|
|turn|7
|choice|move 1|move 3
|
|move|p1a: Zapdos|Drill Peck|p2a: American Standard
|-damage|p2a: American Standard|287\/523
|move|p2a: American Standard|Body Slam|p1a: Zapdos
|-damage|p1a: Zapdos|254\/383
|-status|p1a: Zapdos|par
|
|turn|8
|choice|move 1|move 1
|
|move|p1a: Zapdos|Drill Peck|p2a: American Standard
|-damage|p2a: American Standard|164\/523
|move|p2a: American Standard|Amnesia|p2a: American Standard
|-boost|p2a: American Standard|spd|2
|-boost|p2a: American Standard|spa|2
|
|turn|9
|choice|move 1|move 4
|
|move|p2a: American Standard|Rest|p2a: American Standard
|-status|p2a: American Standard|slp
|-heal|p2a: American Standard|523\/523 slp|[silent]
|-status|p2a: American Standard|slp|[from] move: Rest
|cant|p1a: Zapdos|par
|
|turn|10
|choice|move 4|move 4
|
|cant|p2a: American Standard|slp
|cant|p1a: Zapdos|par
|
|turn|11
|choice|move 4|move 3
|
|-curestatus|p2a: American Standard|slp
|move|p1a: Zapdos|Agility|p1a: Zapdos
|-boost|p1a: Zapdos|spe|2
|
|turn|12
|choice|move 1|move 2
|
|move|p1a: Zapdos|Drill Peck|p2a: American Standard
|-crit|p2a: American Standard
|-damage|p2a: American Standard|317\/523
|move|p2a: American Standard|Ice Beam|p1a: Zapdos
|-supereffective|p1a: Zapdos
|-damage|p1a: Zapdos|0 fnt
|faint|p1a: Zapdos
|choice|switch 3|
|
|switch|p1a: Exeggutor|Exeggutor|393\/393
|turn|13
|choice|move 1|move 2
|
|move|p1a: Exeggutor|Sleep Powder|p2a: American Standard
|-status|p2a: American Standard|slp
|cant|p2a: American Standard|slp
|
|turn|14
|j|Brawley The Beast
|choice|switch 4|move 2
|
|switch|p1a: Golem|Golem|363\/363
|cant|p2a: American Standard|slp
|
|turn|15
|choice|move 3|move 2
|
|move|p1a: Golem|Earthquake|p2a: American Standard
|-damage|p2a: American Standard|164\/523 slp
|cant|p2a: American Standard|slp
|
|turn|16
|l|Brawley The Beast
|choice|move 3|move 4
|
|move|p1a: Golem|Earthquake|p2a: American Standard
|-damage|p2a: American Standard|0 fnt
|faint|p2a: American Standard
|choice||switch 4
|
|switch|p2a: Yo mama!|Jynx|333\/333
|turn|17
|choice|switch 6|move 2
|
|switch|p1a: Starmie|Starmie|211\/323
|move|p2a: Yo mama!|Blizzard|p1a: Starmie
|-resisted|p1a: Starmie
|-damage|p1a: Starmie|137\/323
|
|turn|18
|choice|move 1|move 1
|
|move|p1a: Starmie|Thunder Wave|p2a: Yo mama!
|-status|p2a: Yo mama!|par
|move|p2a: Yo mama!|Lovely Kiss|p1a: Starmie
|-status|p1a: Starmie|slp
|
|turn|19
|choice|switch 2|move 2
|
|switch|p1a: Chansey|Chansey|703\/703
|move|p2a: Yo mama!|Blizzard|p1a: Chansey
|-damage|p1a: Chansey|580\/703
|-status|p1a: Chansey|frz
|
|turn|20
|c|★Reverb|oof
|c|★Bug Meteor|.rip
|choice|switch 5|move 2
|
|switch|p1a: Tauros|Tauros|353\/353
|move|p2a: Yo mama!|Blizzard|p1a: Tauros
|-crit|p1a: Tauros
|-damage|p1a: Tauros|0 fnt
|faint|p1a: Tauros
|-message|Reverb forfeited.
|
|win|Bug Meteor
|player|p1
|player|p2
|c|★Reverb|gg
|j|LaloTheKing
|l|Reverb
|c|★Bug Meteor|gg