|j|Everman
|j|Hiro555
|player|p1|Everman|25
|player|p2|Hiro555|186
|gametype|singles
|gen|1
|tier|[Gen 1] Random Battle
|rated
|seed|13721,4174,25667,27462
|rule|Sleep Clause Mod: Limit one foe put to sleep
|rule|Freeze Clause Mod: Limit one foe frozen
|rule|HP Percentage Mod: HP is shown in percentages
|
|start
|switch|p1a: Squirtle|Squirtle, L96|279\/279
|switch|p2a: Ninetales|Ninetales, L85|298\/298
|turn|1
|choice|move 1|switch 6
|
|switch|p2a: Slowbro|Slowbro, L79|312\/312
|move|p1a: Squirtle|Surf|p2a: Slowbro
|-resisted|p2a: Slowbro
|-damage|p2a: Slowbro|261\/312
|
|turn|2
|choice|move 2|move 2
|
|move|p1a: Squirtle|Body Slam|p2a: Slowbro
|-damage|p2a: Slowbro|216\/312
|move|p2a: Slowbro|Thunder Wave|p1a: Squirtle
|-status|p1a: Squirtle|par
|
|turn|3
|choice|move 2|move 1
|
|move|p2a: Slowbro|Amnesia|p2a: Slowbro
|-boost|p2a: Slowbro|spd|2
|-boost|p2a: Slowbro|spa|2
|move|p1a: Squirtle|Body Slam|p2a: Slowbro
|-damage|p2a: Slowbro|172\/312
|
|turn|4
|choice|move 2|move 1
|
|move|p2a: Slowbro|Amnesia|p2a: Slowbro
|-boost|p2a: Slowbro|spd|2
|-boost|p2a: Slowbro|spa|2
|move|p1a: Squirtle|Body Slam|p2a: Slowbro
|-damage|p2a: Slowbro|125\/312
|-status|p2a: Slowbro|par
|
|turn|5
|choice|move 2|move 3
|
|move|p2a: Slowbro|Surf|p1a: Squirtle
|-resisted|p1a: Squirtle
|-damage|p1a: Squirtle|139\/279 par
|move|p1a: Squirtle|Body Slam|p2a: Slowbro
|-damage|p2a: Slowbro|74\/312 par
|
|turn|6
|choice|move 2|move 4
|
|cant|p2a: Slowbro|par
|move|p1a: Squirtle|Body Slam|p2a: Slowbro
|-damage|p2a: Slowbro|29\/312 par
|
|turn|7
|choice|move 2|move 4
|
|move|p2a: Slowbro|Rest|p2a: Slowbro
|-status|p2a: Slowbro|slp
|-heal|p2a: Slowbro|312\/312 slp|[silent]
|-status|p2a: Slowbro|slp|[from] move: Rest
|move|p1a: Squirtle|Body Slam|p2a: Slowbro
|-damage|p2a: Slowbro|265\/312 slp
|
|turn|8
|c|★Everman|of course you have rest
|choice|switch 2|move 3
|
|switch|p1a: Pinsir|Pinsir, L85|284\/284
|cant|p2a: Slowbro|slp
|
|turn|9
|choice|move 1|move 3
|
|move|p1a: Pinsir|Swords Dance|p1a: Pinsir
|-boost|p1a: Pinsir|atk|2
|-curestatus|p2a: Slowbro|slp
|
|turn|10
|choice|move 2|move 3
|
|move|p1a: Pinsir|Hyper Beam|p2a: Slowbro
|-damage|p2a: Slowbro|38\/312
|move|p2a: Slowbro|Surf|p1a: Pinsir
|-damage|p1a: Pinsir|0 fnt
|faint|p1a: Pinsir
|choice|switch 6|
|
|switch|p1a: Magneton|Magneton, L90|273\/273
|turn|11
|choice|move 1|move 3
|
|move|p1a: Magneton|Thunderbolt|p2a: Slowbro
|-supereffective|p2a: Slowbro
|-damage|p2a: Slowbro|0 fnt
|faint|p2a: Slowbro
|choice||switch 5
|
|switch|p2a: Weezing|Weezing, L90|300\/300
|turn|12
|choice|move 4|move 4
|
|move|p1a: Magneton|Thunder Wave|p2a: Weezing
|-status|p2a: Weezing|par
|cant|p2a: Weezing|par
|
|turn|13
|choice|move 1|move 4
|
|move|p1a: Magneton|Thunderbolt|p2a: Weezing
|-crit|p2a: Weezing
|-damage|p2a: Weezing|39\/300 par
|cant|p2a: Weezing|par
|
|turn|14
|choice|move 1|move 4
|
|move|p1a: Magneton|Thunderbolt|p2a: Weezing
|-damage|p2a: Weezing|0 fnt
|faint|p2a: Weezing
|choice||switch 3
|
|switch|p2a: Golbat|Golbat, L90|318\/318
|turn|15
|choice|move 1|move 4
|
|move|p2a: Golbat|Confuse Ray|p1a: Magneton
|-start|p1a: Magneton|confusion
|-activate|p1a: Magneton|confusion
|-damage|p1a: Magneton|248\/273|[from] confusion
|
|turn|16
|choice|switch 2|move 1
|
|switch|p1a: Squirtle|Squirtle, L96|139\/279 par
|move|p2a: Golbat|Double-Edge|p1a: Squirtle
|-damage|p1a: Squirtle|59\/279 par
|-damage|p2a: Golbat|298\/318|[from] recoil|[of] p1a: Squirtle
|
|turn|17
|choice|move 4|move 2
|
|move|p2a: Golbat|Hyper Beam|p1a: Squirtle
|-damage|p1a: Squirtle|0 fnt
|faint|p1a: Squirtle
|choice|switch 2|
|
|switch|p1a: Magneton|Magneton, L90|248\/273
|turn|18
|choice|move 4|move 4
|
|move|p2a: Golbat|Confuse Ray|p1a: Magneton
|-start|p1a: Magneton|confusion
|-activate|p1a: Magneton|confusion
|-damage|p1a: Magneton|223\/273|[from] confusion
|
|turn|19
|choice|move 4|move 3
|
|move|p2a: Golbat|Mega Drain|p1a: Magneton
|-damage|p1a: Magneton|199\/273
|-heal|p2a: Golbat|310\/318|[from] drain|[of] p1a: Magneton
|-activate|p1a: Magneton|confusion
|move|p1a: Magneton|Thunder Wave|p2a: Golbat
|-status|p2a: Golbat|par
|
|turn|20
|choice|switch 4|move 1
|
|switch|p1a: Golem|Golem, L79|288\/288
|move|p2a: Golbat|Double-Edge|p1a: Golem
|-resisted|p1a: Golem
|-damage|p1a: Golem|260\/288
|-damage|p2a: Golbat|303\/318 par|[from] recoil|[of] p1a: Golem
|
|turn|21
|choice|move 4|move 3
|
|move|p1a: Golem|Rock Slide|p2a: Golbat|[miss]
|-miss|p1a: Golem
|move|p2a: Golbat|Mega Drain|p1a: Golem
|-supereffective|p1a: Golem
|-damage|p1a: Golem|97\/288
|-heal|p2a: Golbat|318\/318 par|[from] drain|[of] p1a: Golem
|
|turn|22
|choice|move 3|move 3
|
|move|p1a: Golem|Explosion|p2a: Golbat
|-damage|p2a: Golbat|76\/318 par
|faint|p1a: Golem
|choice|switch 4|
|
|switch|p1a: Magneton|Magneton, L90|199\/273
|turn|23
|choice|move 1|move 2
|
|move|p1a: Magneton|Thunderbolt|p2a: Golbat
|-supereffective|p2a: Golbat
|-damage|p2a: Golbat|0 fnt
|faint|p2a: Golbat
|choice||switch 2
|
|switch|p2a: Dratini|Dratini, L96|274\/274
|turn|24
|choice|move 4|move 3
|
|move|p1a: Magneton|Thunder Wave|p2a: Dratini
|-status|p2a: Dratini|par
|cant|p2a: Dratini|par
|
|turn|25
|choice|move 1|move 3
|
|move|p1a: Magneton|Thunderbolt|p2a: Dratini
|-resisted|p2a: Dratini
|-damage|p2a: Dratini|197\/274 par
|move|p2a: Dratini|Agility|p2a: Dratini
|-boost|p2a: Dratini|spe|2
|
|turn|26
|choice|move 3|move 4
|
|move|p2a: Dratini|Ice Beam|p1a: Magneton
|-damage|p1a: Magneton|151\/273
|move|p1a: Magneton|Double-Edge|p2a: Dratini
|-damage|p2a: Dratini|126\/274 par
|-damage|p1a: Magneton|134\/273|[from] recoil|[of] p2a: Dratini
|
|turn|27
|choice|move 2|move 4
|
|move|p2a: Dratini|Ice Beam|p1a: Magneton
|-crit|p1a: Magneton
|-damage|p1a: Magneton|51\/273
|move|p1a: Magneton|Hyper Beam|p2a: Dratini|[miss]
|-miss|p1a: Magneton
|
|turn|28
|choice|move 2|move 4
|
|move|p2a: Dratini|Ice Beam|p1a: Magneton
|-damage|p1a: Magneton|4\/273
|-status|p1a: Magneton|frz
|cant|p1a: Magneton|frz
|
|turn|29
|c|★Everman|FUCK THIS GAME
|choice|move 1|move 4
|
|move|p2a: Dratini|Ice Beam|p1a: Magneton
|-damage|p1a: Magneton|0 fnt
|faint|p1a: Magneton
|c|★Hiro555|cry about it
|choice|switch 3|
|
|switch|p1a: Flareon|Flareon, L90|300\/300
|turn|30
|choice|move 3|move 1
|
|move|p2a: Dratini|Surf|p1a: Flareon
|-supereffective|p1a: Flareon
|-damage|p1a: Flareon|204\/300
|move|p1a: Flareon|Body Slam|p2a: Dratini
|-damage|p2a: Dratini|15\/274 par
|
|turn|31
|choice|move 4|move 1
|
|move|p1a: Flareon|Quick Attack|p2a: Dratini
|-damage|p2a: Dratini|0 fnt
|faint|p2a: Dratini
|c|★Everman|it's all luck. there is no skill involved
|choice||switch 6
|
|switch|p2a: Ninetales|Ninetales, L85|298\/298
|turn|32
|choice|move 3|move 2
|
|move|p2a: Ninetales|Confuse Ray|p1a: Flareon
|-start|p1a: Flareon|confusion
|-activate|p1a: Flareon|confusion
|move|p1a: Flareon|Body Slam|p2a: Ninetales
|-damage|p2a: Ninetales|199\/298
|-status|p2a: Ninetales|par
|
|turn|33
|choice|move 3|move 4
|
|-activate|p1a: Flareon|confusion
|move|p1a: Flareon|Body Slam|p2a: Ninetales
|-damage|p2a: Ninetales|98\/298 par
|cant|p2a: Ninetales|par
|
|turn|34
|choice|move 3|move 4
|
|-activate|p1a: Flareon|confusion
|move|p1a: Flareon|Body Slam|p2a: Ninetales
|-crit|p2a: Ninetales
|-damage|p2a: Ninetales|0 fnt
|faint|p2a: Ninetales
|choice||switch 4
|
|switch|p2a: Flareon|Flareon, L90|300\/300
|turn|35
|choice|move 3|move 3
|
|move|p2a: Flareon|Body Slam|p1a: Flareon
|-damage|p1a: Flareon|103\/300
|-activate|p1a: Flareon|confusion
|move|p1a: Flareon|Body Slam|p2a: Flareon
|-damage|p2a: Flareon|209\/300
|
|turn|36
|choice|move 2|move 1
|
|move|p2a: Flareon|Hyper Beam|p1a: Flareon
|-damage|p1a: Flareon|0 fnt
|faint|p1a: Flareon
|choice|switch 5|
|
|switch|p1a: Wartortle|Wartortle, L85|274\/274
|turn|37
|choice|move 4|move 3
|
|move|p2a: Flareon|Body Slam|p1a: Wartortle
|-crit|p1a: Wartortle
|-damage|p1a: Wartortle|102\/274
|move|p1a: Wartortle|Hydro Pump|p2a: Flareon|[miss]
|-miss|p1a: Wartortle
|
|turn|38
|c|★Everman|congrats on the hax
|choice|move 4|move 1
|
|move|p2a: Flareon|Hyper Beam|p1a: Wartortle
|-damage|p1a: Wartortle|0 fnt
|faint|p1a: Wartortle
|
|win|Hiro555
|player|p1
|player|p2
|c|★Hiro555|you too
|l|Everman