|j|asce42
|j|onixxo
|player|p1|asce42|266
|player|p2|onixxo|1
|gametype|singles
|gen|1
|tier|[Gen 1] Random Battle
|rated
|seed|50343,13039,29388,10667
|rule|Sleep Clause Mod: Limit one foe put to sleep
|rule|Freeze Clause Mod: Limit one foe frozen
|rule|HP Percentage Mod: HP is shown in percentages
|
|start
|switch|p1a: Caterpie|Caterpie, L99|290\/290
|switch|p2a: Lickitung|Lickitung, L90|345\/345
|turn|1
|choice|move 1|move 2
|
|move|p1a: Caterpie|String Shot|p2a: Lickitung
|-unboost|p2a: Lickitung|spe|1
|move|p2a: Lickitung|Swords Dance|p2a: Lickitung
|-boost|p2a: Lickitung|atk|2
|
|turn|2
|j|BearGubbins
|choice|switch 6|move 3
|
|switch|p1a: Jolteon|Jolteon, L79|265\/265
|move|p2a: Lickitung|Body Slam|p1a: Jolteon
|-crit|p1a: Jolteon
|-damage|p1a: Jolteon|70\/265
|
|turn|3
|choice|move 1|move 4
|
|move|p1a: Jolteon|Thunderbolt|p2a: Lickitung
|-damage|p2a: Lickitung|240\/345
|move|p2a: Lickitung|Earthquake|p1a: Jolteon
|-supereffective|p1a: Jolteon
|-damage|p1a: Jolteon|0 fnt
|faint|p1a: Jolteon
|choice|switch 5|
|
|switch|p1a: Tauros|Tauros, L79|280\/280
|turn|4
|choice|move 3|move 3
|
|move|p1a: Tauros|Hyper Beam|p2a: Lickitung
|-damage|p2a: Lickitung|88\/345
|move|p2a: Lickitung|Body Slam|p1a: Tauros
|-damage|p1a: Tauros|140\/280
|
|turn|5
|-mustrecharge|p1a: Tauros
|-mustrecharge|p1a: Tauros
|choice|move 1|move 3
|
|cant|p1a: Tauros|recharge
|move|p2a: Lickitung|Body Slam|p1a: Tauros
|-damage|p1a: Tauros|0 fnt
|faint|p1a: Tauros
|choice|switch 2|
|
|switch|p1a: Gengar|Gengar, L79|257\/257
|turn|6
|choice|move 4|move 4
|
|move|p1a: Gengar|Psychic|p2a: Lickitung
|-damage|p2a: Lickitung|5\/345
|move|p2a: Lickitung|Earthquake|p1a: Gengar
|-supereffective|p1a: Gengar
|-damage|p1a: Gengar|0 fnt
|faint|p1a: Gengar
|choice|switch 4|
|
|switch|p1a: Starmie|Starmie, L79|257\/257
|turn|7
|choice|move 4|move 3
|
|move|p1a: Starmie|Surf|p2a: Lickitung
|-damage|p2a: Lickitung|0 fnt
|faint|p2a: Lickitung
|choice||switch 2
|
|switch|p2a: Chansey|Chansey, L79|557\/557
|turn|8
|choice|move 2|move 4
|
|move|p1a: Starmie|Blizzard|p2a: Chansey
|-damage|p2a: Chansey|483\/557
|move|p2a: Chansey|Thunder Wave|p1a: Starmie
|-status|p1a: Starmie|par
|
|turn|9
|l|BearGubbins
|choice|move 2|move 3
|
|move|p2a: Chansey|Ice Beam|p1a: Starmie
|-resisted|p1a: Starmie
|-damage|p1a: Starmie|226\/257 par
|move|p1a: Starmie|Blizzard|p2a: Chansey
|-damage|p2a: Chansey|411\/557
|
|turn|10
|choice|move 2|move 3
|
|move|p2a: Chansey|Ice Beam|p1a: Starmie
|-resisted|p1a: Starmie
|-damage|p1a: Starmie|193\/257 par
|move|p1a: Starmie|Blizzard|p2a: Chansey
|-damage|p2a: Chansey|339\/557
|
|turn|11
|choice|move 2|move 3
|
|move|p2a: Chansey|Ice Beam|p1a: Starmie
|-crit|p1a: Starmie
|-resisted|p1a: Starmie
|-damage|p1a: Starmie|137\/257 par
|cant|p1a: Starmie|par
|
|turn|12
|choice|move 2|move 3
|
|move|p2a: Chansey|Ice Beam|p1a: Starmie
|-resisted|p1a: Starmie
|-damage|p1a: Starmie|107\/257 par
|cant|p1a: Starmie|par
|
|turn|13
|choice|move 2|move 3
|
|move|p2a: Chansey|Ice Beam|p1a: Starmie
|-resisted|p1a: Starmie
|-damage|p1a: Starmie|78\/257 par
|move|p1a: Starmie|Blizzard|p2a: Chansey
|-damage|p2a: Chansey|268\/557
|
|turn|14
|choice|move 1|move 1
|
|move|p2a: Chansey|Soft-Boiled|p2a: Chansey
|-heal|p2a: Chansey|546\/557
|move|p1a: Starmie|Recover|p1a: Starmie
|-heal|p1a: Starmie|206\/257 par
|
|turn|15
|choice|move 2|move 3
|
|move|p2a: Chansey|Ice Beam|p1a: Starmie
|-resisted|p1a: Starmie
|-damage|p1a: Starmie|178\/257 par
|move|p1a: Starmie|Blizzard|p2a: Chansey|[miss]
|-miss|p1a: Starmie
|
|turn|16
|choice|move 2|move 3
|
|move|p2a: Chansey|Ice Beam|p1a: Starmie
|-resisted|p1a: Starmie
|-damage|p1a: Starmie|150\/257 par
|move|p1a: Starmie|Blizzard|p2a: Chansey
|-damage|p2a: Chansey|469\/557
|
|turn|17
|choice|move 2|move 3
|
|move|p2a: Chansey|Ice Beam|p1a: Starmie
|-resisted|p1a: Starmie
|-damage|p1a: Starmie|122\/257 par
|move|p1a: Starmie|Blizzard|p2a: Chansey
|-damage|p2a: Chansey|403\/557
|
|turn|18
|choice|move 2|switch 4
|
|switch|p2a: Magmar|Magmar, L90|300\/300
|cant|p1a: Starmie|par
|
|turn|19
|choice|move 4|move 3
|
|move|p2a: Magmar|Confuse Ray|p1a: Starmie
|-start|p1a: Starmie|confusion
|-activate|p1a: Starmie|confusion
|-damage|p1a: Starmie|96\/257 par|[from] confusion
|
|turn|20
|choice|move 1|move 2
|
|move|p2a: Magmar|Body Slam|p1a: Starmie
|-damage|p1a: Starmie|24\/257 par
|cant|p1a: Starmie|par
|
|turn|21
|choice|move 1|move 2
|
|move|p2a: Magmar|Body Slam|p1a: Starmie
|-crit|p1a: Starmie
|-damage|p1a: Starmie|0 fnt
|faint|p1a: Starmie
|choice|switch 3|
|
|switch|p1a: Articuno|Articuno, L79|304\/304
|turn|22
|choice|move 3|move 3
|
|move|p2a: Magmar|Confuse Ray|p1a: Articuno
|-start|p1a: Articuno|confusion
|-activate|p1a: Articuno|confusion
|-damage|p1a: Articuno|279\/304|[from] confusion
|
|turn|23
|choice|move 3|move 4
|
|move|p2a: Magmar|Hyper Beam|p1a: Articuno
|-damage|p1a: Articuno|168\/304
|-activate|p1a: Articuno|confusion
|-damage|p1a: Articuno|143\/304|[from] confusion
|
|turn|24
|-mustrecharge|p2a: Magmar
|-mustrecharge|p2a: Magmar
|choice|move 3|move 1
|
|cant|p2a: Magmar|recharge
|-activate|p1a: Articuno|confusion
|move|p1a: Articuno|Blizzard|p2a: Magmar
|-damage|p2a: Magmar|168\/300
|
|turn|25
|choice|move 4|move 2
|
|move|p2a: Magmar|Body Slam|p1a: Articuno
|-damage|p1a: Articuno|74\/304
|-end|p1a: Articuno|confusion
|move|p1a: Articuno|Rest|p1a: Articuno
|-status|p1a: Articuno|slp
|-heal|p1a: Articuno|304\/304 slp|[silent]
|-status|p1a: Articuno|slp|[from] move: Rest
|
|turn|26
|choice|move 3|move 2
|
|move|p2a: Magmar|Body Slam|p1a: Articuno
|-damage|p1a: Articuno|234\/304 slp
|cant|p1a: Articuno|slp
|
|turn|27
|choice|move 3|move 2
|
|move|p2a: Magmar|Body Slam|p1a: Articuno
|-crit|p1a: Articuno
|-damage|p1a: Articuno|112\/304 slp
|-curestatus|p1a: Articuno|slp
|
|turn|28
|choice|move 3|move 3
|
|move|p2a: Magmar|Confuse Ray|p1a: Articuno
|-start|p1a: Articuno|confusion
|-activate|p1a: Articuno|confusion
|-damage|p1a: Articuno|87\/304|[from] confusion
|
|turn|29
|choice|move 4|move 2
|
|move|p2a: Magmar|Body Slam|p1a: Articuno
|-crit|p1a: Articuno
|-damage|p1a: Articuno|0 fnt
|faint|p1a: Articuno
|-message|asce42 forfeited.
|
|win|onixxo
|player|p1
|player|p2
|l|asce42
|raw|asce42's rating: 1124 &rarr; <strong>1090<\/strong><br \/>(-34 for losing)
|raw|onixxo's rating: 1000 &rarr; <strong>1054<\/strong><br \/>(+54 for winning)