|join|bj0rn
|join|qqqqiiii
|player|p1|bj0rn|2
|player|p2|qqqqiiii|265
|gametype|singles
|gen|1
|tier|[Gen 1] Random Battle
|rated
|rule|Sleep Clause Mod: Limit one foe put to sleep
|rule|Freeze Clause Mod: Limit one foe frozen
|rule|HP Percentage Mod: HP is shown in percentages
|
|start
|switch|p1a: Nidoran-M|Nidoran-M, L95|280\/280
|switch|p2a: Gastly|Gastly, L95|250\/250
|turn|1
|
|move|p2a: Gastly|Hypnosis|p1a: Nidoran-M
|-status|p1a: Nidoran-M|slp
|cant|p1a: Nidoran-M|slp
|
|turn|2
|
|switch|p1a: Raticate|Raticate, L86|270\/270
|move|p2a: Gastly|Mega Drain|p1a: Raticate
|-damage|p1a: Raticate|220\/270
|
|turn|3
|
|move|p1a: Raticate|Blizzard|p2a: Gastly
|-damage|p2a: Gastly|202\/250
|move|p2a: Gastly|Confuse Ray|p1a: Raticate
|-start|p1a: Raticate|confusion
|
|turn|4
|
|-activate|p1a: Raticate|confusion
|-damage|p1a: Raticate|184\/270|[from] confusion
|move|p2a: Gastly|Mega Drain|p1a: Raticate
|-damage|p1a: Raticate|130\/270
|-heal|p2a: Gastly|229\/250|[from] drain|[of] p1a: Raticate
|
|turn|5
|
|-activate|p1a: Raticate|confusion
|move|p1a: Raticate|Blizzard|p2a: Gastly
|-damage|p2a: Gastly|184\/250
|move|p2a: Gastly|Mega Drain|p1a: Raticate
|-crit|p1a: Raticate
|-damage|p1a: Raticate|29\/270
|-heal|p2a: Gastly|234\/250|[from] drain|[of] p1a: Raticate
|
|turn|6
|
|-end|p1a: Raticate|confusion
|move|p1a: Raticate|Super Fang|p2a: Gastly
|-immune|p2a: Gastly|[msg]
|move|p2a: Gastly|Mega Drain|p1a: Raticate
|-crit|p1a: Raticate
|-damage|p1a: Raticate|0 fnt
|-heal|p2a: Gastly|248\/250|[from] drain|[of] p1a: Raticate
|faint|p1a: Raticate
|
|switch|p1a: Growlithe|Growlithe, L95|297\/297
|turn|7
|
|switch|p2a: Kabutops|Kabutops, L86|279\/279
|move|p1a: Growlithe|Fire Blast|p2a: Kabutops
|-resisted|p2a: Kabutops
|-damage|p2a: Kabutops|251\/279
|-status|p2a: Kabutops|brn
|
|turn|8
|
|switch|p1a: Primeape|Primeape, L86|287\/287
|move|p2a: Kabutops|Surf|p1a: Primeape
|-damage|p1a: Primeape|179\/287
|-damage|p2a: Kabutops|234\/279 brn|[from] brn|[of] p1a: Primeape
|
|turn|9
|
|switch|p2a: Scyther|Scyther, L86|296\/296
|move|p1a: Primeape|Submission|p2a: Scyther
|-crit|p2a: Scyther
|-resisted|p2a: Scyther
|-damage|p2a: Scyther|249\/296
|-damage|p1a: Primeape|168\/287|[from] recoil|[of] p2a: Scyther
|
|turn|10
|
|move|p2a: Scyther|Swords Dance|p2a: Scyther
|-boost|p2a: Scyther|atk|2
|move|p1a: Primeape|Body Slam|p2a: Scyther
|-damage|p2a: Scyther|185\/296
|
|turn|11
|
|move|p2a: Scyther|Hyper Beam|p1a: Primeape
|-crit|p1a: Primeape
|-damage|p1a: Primeape|0 fnt
|faint|p1a: Primeape
|
|switch|p1a: Jolteon|Jolteon, L86|287\/287
|turn|12
|
|switch|p2a: Primeape|Primeape, L86|287\/287
|move|p1a: Jolteon|Thunderbolt|p2a: Primeape
|-damage|p2a: Primeape|145\/287
|
|turn|13
|
|move|p1a: Jolteon|Thunderbolt|p2a: Primeape
|-damage|p2a: Primeape|10\/287
|move|p2a: Primeape|Rock Slide|p1a: Jolteon
|-damage|p1a: Jolteon|217\/287
|
|turn|14
|
|move|p1a: Jolteon|Body Slam|p2a: Primeape
|-damage|p2a: Primeape|0 fnt
|faint|p2a: Primeape
|
|switch|p2a: Tauros|Tauros, L80|284\/284
|turn|15
|
|move|p1a: Jolteon|Thunderbolt|p2a: Tauros
|-crit|p2a: Tauros
|-damage|p2a: Tauros|19\/284
|move|p2a: Tauros|Earthquake|p1a: Jolteon
|-supereffective|p1a: Jolteon
|-damage|p1a: Jolteon|55\/287
|
|turn|16
|
|move|p1a: Jolteon|Thunderbolt|p2a: Tauros
|-damage|p2a: Tauros|0 fnt
|faint|p2a: Tauros
|
|switch|p2a: Gastly|Gastly, L95|248\/250
|turn|17
|
|switch|p1a: Growlithe|Growlithe, L95|297\/297
|move|p2a: Gastly|Confuse Ray|p1a: Growlithe
|-start|p1a: Growlithe|confusion
|
|turn|18
|
|switch|p2a: Kabutops|Kabutops, L86|234\/279 brn
|-damage|p2a: Kabutops|217\/279 brn|[from] brn
|-activate|p1a: Growlithe|confusion
|-damage|p1a: Growlithe|255\/297|[from] confusion
|
|turn|19
|
|switch|p1a: Nidoran-M|Nidoran-M, L95|280\/280 slp
|move|p2a: Kabutops|Body Slam|p1a: Nidoran-M
|-damage|p1a: Nidoran-M|232\/280 slp
|-damage|p2a: Kabutops|200\/279 brn|[from] brn|[of] p1a: Nidoran-M
|
|turn|20
|
|switch|p2a: Scyther|Scyther, L86|185\/296
|cant|p1a: Nidoran-M|slp
|
|turn|21
|
|move|p2a: Scyther|Agility|p2a: Scyther
|-boost|p2a: Scyther|spe|2
|cant|p1a: Nidoran-M|slp
|
|turn|22
|
|move|p2a: Scyther|Swords Dance|p2a: Scyther
|-boost|p2a: Scyther|atk|2
|cant|p1a: Nidoran-M|slp
|
|turn|23
|
|move|p2a: Scyther|Slash|p1a: Nidoran-M
|-crit|p1a: Nidoran-M
|-damage|p1a: Nidoran-M|89\/280 slp
|cant|p1a: Nidoran-M|slp
|-curestatus|p1a: Nidoran-M|slp
|
|turn|24
|
|move|p2a: Scyther|Slash|p1a: Nidoran-M
|-crit|p1a: Nidoran-M
|-damage|p1a: Nidoran-M|0 fnt
|faint|p1a: Nidoran-M
|
|switch|p1a: Growlithe|Growlithe, L95|255\/297
|turn|25
|
|move|p2a: Scyther|Hyper Beam|p1a: Growlithe
|-crit|p1a: Growlithe
|-damage|p1a: Growlithe|0 fnt
|faint|p1a: Growlithe
|
|switch|p1a: Nidorino|Nidorino, L92|299\/299
|turn|26
|
|move|p2a: Scyther|Slash|p1a: Nidorino
|-crit|p1a: Nidorino
|-damage|p1a: Nidorino|163\/299
|move|p1a: Nidorino|Body Slam|p2a: Scyther
|-damage|p2a: Scyther|129\/296
|
|turn|27
|
|move|p2a: Scyther|Hyper Beam|p1a: Nidorino
|-crit|p1a: Nidorino
|-damage|p1a: Nidorino|0 fnt
|faint|p1a: Nidorino
|-message|bj0rn forfeited.
|leave|bj0rn
|
|win|qqqqiiii
|raw|Ladder updating...
|player|p1
|raw|bj0rn's rating: 1356 &rarr; <strong>1327<\/strong><br \/>(-29 for losing)
|raw|qqqqiiii's rating: 1204 &rarr; <strong>1239<\/strong><br \/>(+35 for winning)