|j|Ray Strong
|j|nbstahl
|player|p1|Ray Strong|170
|player|p2|nbstahl|188
|gametype|singles
|gen|1
|tier|[Gen 1] OU
|rated
|seed|57114,5884,1449,43761
|rule|Sleep Clause Mod: Limit one foe put to sleep
|rule|Freeze Clause Mod: Limit one foe frozen
|rule|Species Clause: Limit one of each Pokémon
|rule|OHKO Clause: OHKO moves are banned
|rule|Evasion Moves Clause: Evasion moves are banned
|rule|HP Percentage Mod: HP is shown in percentages
|
|start
|switch|p1a: Exeggutor|Exeggutor|393\/393
|switch|p2a: Alakazam|Alakazam|313\/313
|turn|1
|choice|move 1|switch 2
|
|switch|p2a: Chansey|Chansey|703\/703
|move|p1a: Exeggutor|Sleep Powder|p2a: Chansey
|-status|p2a: Chansey|slp
|
|turn|2
|j|Black Belt Eric
|choice|switch 4|switch 5
|
|switch|p1a: Snorlax|Snorlax|523\/523
|switch|p2a: Snorlax|Snorlax|523\/523
|
|turn|3
|choice|move 4|move 1
|
|move|p2a: Snorlax|Body Slam|p1a: Snorlax
|-crit|p1a: Snorlax
|-damage|p1a: Snorlax|253\/523
|move|p1a: Snorlax|Reflect|p1a: Snorlax
|-start|p1a: Snorlax|Reflect
|
|turn|4
|choice|move 1|move 1
|
|move|p1a: Snorlax|Body Slam|p2a: Snorlax
|-damage|p2a: Snorlax|383\/523
|move|p2a: Snorlax|Body Slam|p1a: Snorlax
|-damage|p1a: Snorlax|180\/523
|
|turn|5
|choice|move 3|switch 2
|
|switch|p2a: Alakazam|Alakazam|313\/313
|move|p1a: Snorlax|Rest|p1a: Snorlax
|-status|p1a: Snorlax|slp
|-heal|p1a: Snorlax|523\/523 slp|[silent]
|-status|p1a: Snorlax|slp|[from] move: Rest
|
|turn|6
|choice|move 1|move 3
|
|move|p2a: Alakazam|Reflect|p2a: Alakazam
|-start|p2a: Alakazam|Reflect
|cant|p1a: Snorlax|slp
|
|turn|7
|l|Black Belt Eric
|choice|switch 3|move 2
|
|switch|p1a: Chansey|Chansey|703\/703
|move|p2a: Alakazam|Psychic|p1a: Chansey
|-damage|p1a: Chansey|578\/703
|
|turn|8
|choice|move 4|move 4
|
|move|p2a: Alakazam|Thunder Wave|p1a: Chansey
|-status|p1a: Chansey|par
|move|p1a: Chansey|Thunder Wave|p2a: Alakazam
|-status|p2a: Alakazam|par
|
|turn|9
|choice|switch 4|move 2
|
|switch|p1a: Exeggutor|Exeggutor|393\/393
|move|p2a: Alakazam|Psychic|p1a: Exeggutor
|-resisted|p1a: Exeggutor
|-damage|p1a: Exeggutor|335\/393
|
|turn|10
|choice|move 4|move 4
|
|move|p1a: Exeggutor|Explosion|p2a: Alakazam
|-damage|p2a: Alakazam|125\/313 par
|faint|p1a: Exeggutor
|choice|switch 5|
|
|switch|p1a: Tauros|Tauros|353\/353
|turn|11
|choice|move 3|switch 2
|
|switch|p2a: Snorlax|Snorlax|383\/523
|move|p1a: Tauros|Hyper Beam|p2a: Snorlax
|-damage|p2a: Snorlax|150\/523
|
|turn|12
|-mustrecharge|p1a: Tauros
|-mustrecharge|p1a: Tauros
|choice|move 1|move 1
|
|cant|p1a: Tauros|recharge
|move|p2a: Snorlax|Body Slam|p1a: Tauros
|-damage|p1a: Tauros|243\/353
|
|turn|13
|choice|move 3|move 1
|
|move|p1a: Tauros|Hyper Beam|p2a: Snorlax
|-damage|p2a: Snorlax|0 fnt
|faint|p2a: Snorlax
|choice||switch 3
|
|switch|p2a: Zapdos|Zapdos|383\/383
|turn|14
|choice|switch 3|move 2
|
|switch|p1a: Snorlax|Snorlax|523\/523 slp
|move|p2a: Zapdos|Thunder Wave|p1a: Snorlax
|-fail|p1a: Snorlax
|
|turn|15
|choice|move 4|move 3
|
|move|p2a: Zapdos|Drill Peck|p1a: Snorlax
|-damage|p1a: Snorlax|416\/523 slp
|-curestatus|p1a: Snorlax|slp
|
|turn|16
|choice|move 4|move 2
|
|move|p2a: Zapdos|Thunder Wave|p1a: Snorlax
|-status|p1a: Snorlax|par
|move|p1a: Snorlax|Reflect|p1a: Snorlax
|-start|p1a: Snorlax|Reflect
|
|turn|17
|choice|move 1|move 1
|
|move|p2a: Zapdos|Thunderbolt|p1a: Snorlax
|-damage|p1a: Snorlax|246\/523 par
|cant|p1a: Snorlax|par
|
|turn|18
|choice|move 3|move 1
|
|move|p2a: Zapdos|Thunderbolt|p1a: Snorlax
|-damage|p1a: Snorlax|62\/523 par
|move|p1a: Snorlax|Rest|p1a: Snorlax
|-status|p1a: Snorlax|slp
|-heal|p1a: Snorlax|523\/523 slp|[silent]
|-status|p1a: Snorlax|slp|[from] move: Rest
|
|turn|19
|choice|switch 4|switch 5
|
|switch|p2a: Chansey|Chansey|703\/703 slp
|switch|p1a: Chansey|Chansey|578\/703 par
|
|turn|20
|choice|switch 4|move 1
|
|switch|p1a: Snorlax|Snorlax|523\/523 slp
|cant|p2a: Chansey|slp
|
|turn|21
|choice|move 1|move 1
|
|cant|p2a: Chansey|slp
|cant|p1a: Snorlax|slp
|
|turn|22
|choice|move 1|move 1
|
|cant|p2a: Chansey|slp
|-curestatus|p1a: Snorlax|slp
|
|turn|23
|choice|move 1|move 1
|
|cant|p2a: Chansey|slp
|move|p1a: Snorlax|Body Slam|p2a: Chansey
|-damage|p2a: Chansey|413\/703 slp
|
|turn|24
|choice|move 1|move 1
|
|-curestatus|p2a: Chansey|slp
|move|p1a: Snorlax|Body Slam|p2a: Chansey
|-damage|p2a: Chansey|98\/703
|
|turn|25
|choice|move 1|move 3
|
|move|p2a: Chansey|Soft-Boiled|p2a: Chansey
|-heal|p2a: Chansey|449\/703
|move|p1a: Snorlax|Body Slam|p2a: Chansey
|-damage|p2a: Chansey|137\/703
|
|turn|26
|choice|move 1|move 3
|
|move|p2a: Chansey|Soft-Boiled|p2a: Chansey
|-heal|p2a: Chansey|488\/703
|move|p1a: Snorlax|Body Slam|p2a: Chansey
|-damage|p2a: Chansey|213\/703
|
|turn|27
|choice|move 1|move 3
|
|move|p2a: Chansey|Soft-Boiled|p2a: Chansey
|-heal|p2a: Chansey|564\/703
|move|p1a: Snorlax|Body Slam|p2a: Chansey
|-damage|p2a: Chansey|293\/703
|
|turn|28
|choice|move 1|move 4
|
|move|p1a: Snorlax|Body Slam|p2a: Chansey
|-damage|p2a: Chansey|0 fnt
|faint|p2a: Chansey
|choice||switch 2
|
|switch|p2a: Alakazam|Alakazam|125\/313 par
|turn|29
|choice|move 1|move 1
|
|move|p1a: Snorlax|Body Slam|p2a: Alakazam
|-damage|p2a: Alakazam|0 fnt
|faint|p2a: Alakazam
|choice||switch 6
|
|switch|p2a: Slowbro|Slowbro|393\/393
|turn|30
|choice|switch 2|move 1
|
|switch|p1a: Alakazam|Alakazam|313\/313
|move|p2a: Slowbro|Amnesia|p2a: Slowbro
|-boost|p2a: Slowbro|spd|2
|-boost|p2a: Slowbro|spa|2
|
|turn|31
|choice|move 2|move 2
|
|move|p1a: Alakazam|Thunder Wave|p2a: Slowbro
|-status|p2a: Slowbro|par
|move|p2a: Slowbro|Surf|p1a: Alakazam
|-damage|p1a: Alakazam|144\/313
|
|turn|32
|choice|move 3|move 2
|
|move|p1a: Alakazam|Recover|p1a: Alakazam
|-heal|p1a: Alakazam|300\/313
|move|p2a: Slowbro|Surf|p1a: Alakazam
|-damage|p1a: Alakazam|146\/313
|
|turn|33
|choice|move 3|move 1
|
|move|p1a: Alakazam|Recover|p1a: Alakazam
|-heal|p1a: Alakazam|302\/313
|move|p2a: Slowbro|Amnesia|p2a: Slowbro
|-boost|p2a: Slowbro|spd|2
|-boost|p2a: Slowbro|spa|2
|
|turn|34
|choice|move 4|move 2
|
|move|p1a: Alakazam|Seismic Toss|p2a: Slowbro
|-damage|p2a: Slowbro|293\/393 par
|move|p2a: Slowbro|Surf|p1a: Alakazam
|-damage|p1a: Alakazam|80\/313
|
|turn|35
|choice|move 4|move 1
|
|move|p1a: Alakazam|Seismic Toss|p2a: Slowbro
|-damage|p2a: Slowbro|193\/393 par
|cant|p2a: Slowbro|par
|
|turn|36
|choice|move 3|move 2
|
|move|p1a: Alakazam|Recover|p1a: Alakazam
|-heal|p1a: Alakazam|236\/313
|move|p2a: Slowbro|Surf|p1a: Alakazam
|-damage|p1a: Alakazam|19\/313
|
|turn|37
|choice|move 4|move 2
|
|move|p1a: Alakazam|Seismic Toss|p2a: Slowbro
|-damage|p2a: Slowbro|93\/393 par
|move|p2a: Slowbro|Surf|p1a: Alakazam
|-damage|p1a: Alakazam|0 fnt
|faint|p1a: Alakazam
|choice|switch 3|
|
|switch|p1a: Tauros|Tauros|243\/353
|turn|38
|choice|move 3|move 4
|
|move|p1a: Tauros|Hyper Beam|p2a: Slowbro
|-damage|p2a: Slowbro|0 fnt
|faint|p2a: Slowbro
|choice||switch 5
|
|switch|p2a: Zapdos|Zapdos|383\/383
|turn|39
|choice|move 4|move 2
|
|move|p1a: Tauros|Blizzard|p2a: Zapdos
|-supereffective|p2a: Zapdos
|-damage|p2a: Zapdos|247\/383
|move|p2a: Zapdos|Thunder Wave|p1a: Tauros
|-status|p1a: Tauros|par
|
|turn|40
|choice|move 4|move 1
|
|move|p2a: Zapdos|Thunderbolt|p1a: Tauros
|-damage|p1a: Tauros|86\/353 par
|move|p1a: Tauros|Blizzard|p2a: Zapdos|[miss]
|-miss|p1a: Tauros
|
|turn|41
|choice|move 1|move 1
|
|move|p2a: Zapdos|Thunderbolt|p1a: Tauros
|-damage|p1a: Tauros|0 fnt
|faint|p1a: Tauros
|choice|switch 2|
|
|switch|p1a: Snorlax|Snorlax|523\/523
|turn|42
|choice|move 1|move 1
|
|move|p2a: Zapdos|Thunderbolt|p1a: Snorlax
|-crit|p1a: Snorlax
|-damage|p1a: Snorlax|171\/523
|move|p1a: Snorlax|Body Slam|p2a: Zapdos
|-damage|p2a: Zapdos|129\/383
|
|turn|43
|choice|move 1|move 1
|
|move|p2a: Zapdos|Thunderbolt|p1a: Snorlax
|-damage|p1a: Snorlax|0 fnt
|faint|p1a: Snorlax
|choice|switch 6|
|
|switch|p1a: Starmie|Starmie|323\/323
|turn|44
|choice|move 1|move 2
|
|move|p1a: Starmie|Blizzard|p2a: Zapdos
|-supereffective|p2a: Zapdos
|-damage|p2a: Zapdos|0 fnt
|faint|p2a: Zapdos
|choice||switch 4
|
|switch|p2a: Tauros|Tauros|353\/353
|turn|45
|choice|move 3|move 2
|
|move|p1a: Starmie|Thunder Wave|p2a: Tauros
|-status|p2a: Tauros|par
|move|p2a: Tauros|Body Slam|p1a: Starmie
|-damage|p1a: Starmie|211\/323
|
|turn|46
|choice|move 2|move 2
|
|move|p1a: Starmie|Thunderbolt|p2a: Tauros
|-crit|p2a: Tauros
|-damage|p2a: Tauros|186\/353 par
|move|p2a: Tauros|Body Slam|p1a: Starmie
|-damage|p1a: Starmie|107\/323
|
|turn|47
|choice|move 4|move 4
|
|move|p1a: Starmie|Recover|p1a: Starmie
|-heal|p1a: Starmie|268\/323
|move|p2a: Tauros|Hyper Beam|p1a: Starmie|[miss]
|-miss|p2a: Tauros
|
|turn|48
|choice|move 2|move 2
|
|move|p1a: Starmie|Thunderbolt|p2a: Tauros
|-damage|p2a: Tauros|97\/353 par
|move|p2a: Tauros|Body Slam|p1a: Starmie
|-damage|p1a: Starmie|161\/323
|
|turn|49
|choice|move 4|move 4
|
|move|p1a: Starmie|Recover|p1a: Starmie
|-heal|p1a: Starmie|322\/323
|move|p2a: Tauros|Hyper Beam|p1a: Starmie
|-damage|p1a: Starmie|111\/323
|
|turn|50
|-mustrecharge|p2a: Tauros
|-mustrecharge|p2a: Tauros
|choice|move 2|move 1
|
|move|p1a: Starmie|Thunderbolt|p2a: Tauros
|-crit|p2a: Tauros
|-damage|p2a: Tauros|0 fnt
|faint|p2a: Tauros
|
|win|Ray Strong
|player|p1
|player|p2
|raw|Ray Strong's rating: 1212 &rarr; <strong>1237<\/strong><br \/>(+25 for winning)
|raw|nbstahl's rating: 1213 &rarr; <strong>1188<\/strong><br \/>(-25 for losing)
|c|★Ray Strong|gg
|l|nbstahl