|join|NAM2F
|join|Videla
|player|p1|NAM2F|266
|player|p2|Videla|166
|gametype|singles
|gen|1
|tier|[Gen 1] Random Battle
|rated
|rule|Sleep Clause Mod: Limit one foe put to sleep
|rule|Freeze Clause Mod: Limit one foe frozen
|rule|HP Percentage Mod: HP is shown in percentages
|
|start
|switch|p1a: Starmie|Starmie, L79|257\/257
|switch|p2a: Rhydon|Rhydon, L79|328\/328
|turn|1
|join|baaast
|c| baaast|lol nice leads
|
|switch|p2a: Wartortle|Wartortle, L85|274\/274
|move|p1a: Starmie|Surf|p2a: Wartortle
|-resisted|p2a: Wartortle
|-damage|p2a: Wartortle|223\/274
|
|turn|2
|
|switch|p1a: Wartortle|Wartortle, L85|274\/274
|move|p2a: Wartortle|Body Slam|p1a: Wartortle
|-crit|p1a: Wartortle
|-damage|p1a: Wartortle|174\/274
|
|turn|3
|
|move|p1a: Wartortle|Body Slam|p2a: Wartortle
|-damage|p2a: Wartortle|171\/274
|move|p2a: Wartortle|Body Slam|p1a: Wartortle
|-damage|p1a: Wartortle|120\/274
|
|turn|4
|
|move|p2a: Wartortle|Body Slam|p1a: Wartortle
|-damage|p1a: Wartortle|67\/274
|move|p1a: Wartortle|Body Slam|p2a: Wartortle
|-damage|p2a: Wartortle|116\/274
|
|turn|5
|
|move|p1a: Wartortle|Rest|p1a: Wartortle
|-status|p1a: Wartortle|slp
|-heal|p1a: Wartortle|274\/274 slp|[silent]
|-status|p1a: Wartortle|slp|[from] move: Rest
|move|p2a: Wartortle|Body Slam|p1a: Wartortle
|-damage|p1a: Wartortle|226\/274 slp
|
|turn|6
|c| baaast|nstlf
|c| baaast|lel
|
|switch|p2a: Butterfree|Butterfree, L85|276\/276
|cant|p1a: Wartortle|slp
|
|turn|7
|
|switch|p1a: Kakuna|Kakuna, L99|290\/290
|move|p2a: Butterfree|Psychic|p1a: Kakuna
|-supereffective|p1a: Kakuna
|-damage|p1a: Kakuna|97\/290
|
|turn|8
|
|switch|p1a: Wartortle|Wartortle, L85|226\/274 slp
|move|p2a: Butterfree|Psychic|p1a: Wartortle
|-crit|p1a: Wartortle
|-damage|p1a: Wartortle|98\/274 slp
|
|turn|9
|c|★NAM2F|why not
|c| baaast|^
|
|move|p2a: Butterfree|Psychic|p1a: Wartortle
|-crit|p1a: Wartortle
|-damage|p1a: Wartortle|0 fnt
|faint|p1a: Wartortle
|c| baaast|casual
|
|switch|p1a: Primeape|Primeape, L85|284\/284
|turn|10
|c|★NAM2F|very casual
|
|switch|p2a: Primeape|Primeape, L85|284\/284
|move|p1a: Primeape|Rock Slide|p2a: Primeape
|-crit|p2a: Primeape
|-resisted|p2a: Primeape
|-damage|p2a: Primeape|214\/284
|
|turn|11
|
|move|p1a: Primeape|Body Slam|p2a: Primeape
|-damage|p2a: Primeape|128\/284
|move|p2a: Primeape|Body Slam|p1a: Primeape
|-damage|p1a: Primeape|207\/284
|
|turn|12
|
|move|p1a: Primeape|Body Slam|p2a: Primeape
|-damage|p2a: Primeape|43\/284
|-status|p2a: Primeape|par
|move|p2a: Primeape|Body Slam|p1a: Primeape
|-damage|p1a: Primeape|127\/284
|
|turn|13
|c| baaast|swag
|c|★NAM2F|finally
|
|move|p1a: Primeape|Body Slam|p2a: Primeape
|-damage|p2a: Primeape|0 fnt
|faint|p2a: Primeape
|c| baaast|^
|
|switch|p2a: Rhydon|Rhydon, L79|328\/328
|turn|14
|
|switch|p1a: Kakuna|Kakuna, L99|97\/290
|move|p2a: Rhydon|Earthquake|p1a: Kakuna
|-damage|p1a: Kakuna|0 fnt
|faint|p1a: Kakuna
|c| baaast|rip kakuna
|c| baaast|never even got off a string shot
|c| baaast|died so young
|
|switch|p1a: Starmie|Starmie, L79|257\/257
|turn|15
|
|switch|p2a: Magneton|Magneton, L85|259\/259
|move|p1a: Starmie|Surf|p2a: Magneton
|-crit|p2a: Magneton
|-damage|p2a: Magneton|112\/259
|
|turn|16
|
|switch|p1a: Kangaskhan|Kangaskhan, L85|352\/352
|move|p2a: Magneton|Thunderbolt|p1a: Kangaskhan
|-damage|p1a: Kangaskhan|171\/352
|
|turn|17
|c| baaast|ouuuuch
|
|move|p1a: Kangaskhan|Earthquake|p2a: Magneton
|-supereffective|p2a: Magneton
|-damage|p2a: Magneton|0 fnt
|faint|p2a: Magneton
|c| baaast|cant believe that 2hkos
|
|switch|p2a: Butterfree|Butterfree, L85|276\/276
|turn|18
|c|★NAM2F|kanga suucks
|c| baaast|lol
|
|move|p1a: Kangaskhan|Body Slam|p2a: Butterfree
|-damage|p2a: Butterfree|148\/276
|move|p2a: Butterfree|Stun Spore|p1a: Kangaskhan
|-status|p1a: Kangaskhan|par
|
|turn|19
|
|move|p2a: Butterfree|Psychic|p1a: Kangaskhan
|-damage|p1a: Kangaskhan|78\/352 par
|move|p1a: Kangaskhan|Hyper Beam|p2a: Butterfree
|-crit|p2a: Butterfree
|-damage|p2a: Butterfree|0 fnt
|faint|p2a: Butterfree
|c| baaast|nice
|c| baaast|ty no para
|c|★NAM2F|such an obvious stun spore
|
|switch|p2a: Beedrill|Beedrill, L85|284\/284
|turn|20
|
|move|p2a: Beedrill|Swords Dance|p2a: Beedrill
|-boost|p2a: Beedrill|atk|2
|cant|p1a: Kangaskhan|par
|
|turn|21
|c| baaast|no para i say
|
|move|p2a: Beedrill|Agility|p2a: Beedrill
|-boost|p2a: Beedrill|spe|2
|move|p1a: Kangaskhan|Body Slam|p2a: Beedrill
|-damage|p2a: Beedrill|140\/284
|
|turn|22
|c|★NAM2F|unreal
|c| baaast|nice bslam thouugh
|c| baaast|was the move
|
|move|p2a: Beedrill|Hyper Beam|p1a: Kangaskhan
|-damage|p1a: Kangaskhan|0 fnt
|faint|p1a: Kangaskhan
|
|switch|p1a: Starmie|Starmie, L79|257\/257
|turn|23
|c| baaast|ugh really
|
|move|p2a: Beedrill|Twineedle|p1a: Starmie
|-supereffective|p1a: Starmie
|-damage|p1a: Starmie|142\/257
|-damage|p1a: Starmie|27\/257
|-status|p1a: Starmie|psn
|-hitcount|p1a: Starmie|2
|move|p1a: Starmie|Thunder Wave|p2a: Beedrill
|-status|p2a: Beedrill|par
|-damage|p1a: Starmie|11\/257 psn|[from] psn|[of] p2a: Beedrill
|
|turn|24
|c| baaast|was hoping last could handle it
|c|★NAM2F|starmie what a hero
|
|switch|p2a: Wartortle|Wartortle, L85|116\/274
|move|p1a: Starmie|Surf|p2a: Wartortle
|-resisted|p2a: Wartortle
|-damage|p2a: Wartortle|58\/274
|-damage|p1a: Starmie|0 fnt|[from] psn|[of] p2a: Wartortle
|faint|p1a: Starmie
|c|★NAM2F|didn't think it'd eat that
|
|switch|p1a: Primeape|Primeape, L85|127\/284
|turn|25
|
|switch|p2a: Rhydon|Rhydon, L79|328\/328
|move|p1a: Primeape|Body Slam|p2a: Rhydon
|-resisted|p2a: Rhydon
|-damage|p2a: Rhydon|299\/328
|
|turn|26
|
|move|p1a: Primeape|Submission|p2a: Rhydon|[miss]
|-miss|p1a: Primeape
|move|p2a: Rhydon|Earthquake|p1a: Primeape
|-damage|p1a: Primeape|0 fnt
|faint|p1a: Primeape
|c| baaast|lel
|c|★NAM2F|no
|c|★NAM2F|fucking way
|
|switch|p1a: Abra|Abra, L96|243\/243
|turn|27
|c| baaast|pls say last wins
|c| baaast|uhhhh
|c|★NAM2F|if that submission hit
|c|★NAM2F|then yes
|
|move|p1a: Abra|Psychic|p2a: Rhydon
|-damage|p2a: Rhydon|106\/328
|move|p2a: Rhydon|Earthquake|p1a: Abra
|-crit|p1a: Abra
|-damage|p1a: Abra|0 fnt
|faint|p1a: Abra
|
|win|Videla
|raw|Ladder updating...
|raw|NAM2F's rating: 1358 &rarr; <strong>1337<\/strong><br \/>(-21 for losing)
|raw|Videla's rating: 1345 &rarr; <strong>1365<\/strong><br \/>(+20 for winning)
|c|★NAM2F|so fucking gay
|c|★NAM2F|so undeserved
|c|★NAM2F|got completely outplayed
|c| baaast|my GOD
|c| baaast|get luckier
|c| baaast|hooooooly shit
|c|★NAM2F|^