|j|darthlegit
|j|IdemDitto
|player|p1|darthlegit|20
|player|p2|IdemDitto|101
|gametype|singles
|gen|1
|tier|[Gen 1] Random Battle
|rated
|seed|51425,4191,14870,65013
|rule|Sleep Clause Mod: Limit one foe put to sleep
|rule|Freeze Clause Mod: Limit one foe frozen
|rule|HP Percentage Mod: HP is shown in percentages
|
|start
|switch|p1a: Charmander|Charmander, L96|270\/270
|switch|p2a: Pikachu|Pikachu, L96|262\/262
|turn|1
|c|★IdemDitto|PIKAAAAA
|choice|switch 4|move 3
|
|switch|p1a: Muk|Muk, L90|372\/372
|move|p2a: Pikachu|Thunder Wave|p1a: Muk
|-status|p1a: Muk|par
|
|turn|2
|c|★IdemDitto|CHUUU
|c|★IdemDitto|he sneezes a lot
|choice|move 2|move 2
|
|move|p2a: Pikachu|Thunder|p1a: Muk
|-crit|p1a: Muk
|-damage|p1a: Muk|144\/372 par
|move|p1a: Muk|Sludge|p2a: Pikachu
|-damage|p2a: Pikachu|138\/262
|
|turn|3
|choice|move 1|move 2
|
|move|p2a: Pikachu|Thunder|p1a: Muk|[miss]
|-miss|p2a: Pikachu
|cant|p1a: Muk|par
|
|turn|4
|c|★IdemDitto|oooh
|c|★IdemDitto|no explosion
|choice|move 1|move 2
|
|move|p2a: Pikachu|Thunder|p1a: Muk
|-damage|p1a: Muk|18\/372 par
|cant|p1a: Muk|par
|
|turn|5
|c|★IdemDitto|hahah
|c|★IdemDitto|good
|choice|switch 3|move 4
|
|switch|p1a: Rhyhorn|Rhyhorn, L96|348\/348
|move|p2a: Pikachu|Surf|p1a: Rhyhorn
|-supereffective|p1a: Rhyhorn
|-damage|p1a: Rhyhorn|0 fnt
|faint|p1a: Rhyhorn
|choice|switch 3|
|
|switch|p1a: Muk|Muk, L90|18\/372 par
|turn|6
|c|★IdemDitto|let's go
|c|★darthlegit|waiting on you
|c|★IdemDitto|I couldn't do anything
|choice|move 1|move 4
|
|move|p2a: Pikachu|Surf|p1a: Muk
|-crit|p1a: Muk
|-damage|p1a: Muk|0 fnt
|faint|p1a: Muk
|c|★IdemDitto|my bad
|choice|switch 6|
|
|switch|p1a: Jynx|Jynx, L79|265\/265
|turn|7
|choice|move 4|move 3
|
|move|p2a: Pikachu|Thunder Wave|p1a: Jynx
|-status|p1a: Jynx|par
|move|p1a: Jynx|Lovely Kiss|p2a: Pikachu
|-status|p2a: Pikachu|slp
|
|turn|8
|choice|move 1|switch 4
|
|switch|p2a: Arbok|Arbok, L90|291\/291
|cant|p1a: Jynx|par
|
|turn|9
|choice|move 1|move 2
|
|move|p2a: Arbok|Rock Slide|p1a: Jynx
|-crit|p1a: Jynx
|-supereffective|p1a: Jynx
|-damage|p1a: Jynx|0 fnt
|faint|p1a: Jynx
|choice|switch 5|
|
|switch|p1a: Venomoth|Venomoth, L85|293\/293
|turn|10
|choice|move 2|move 2
|
|move|p1a: Venomoth|Psychic|p2a: Arbok
|-supereffective|p2a: Arbok
|-damage|p2a: Arbok|146\/291
|move|p2a: Arbok|Rock Slide|p1a: Venomoth
|-supereffective|p1a: Venomoth
|-damage|p1a: Venomoth|143\/293
|
|turn|11
|choice|move 2|move 2
|
|move|p1a: Venomoth|Psychic|p2a: Arbok|[miss]
|-miss|p1a: Venomoth
|move|p2a: Arbok|Rock Slide|p1a: Venomoth
|-supereffective|p1a: Venomoth
|-damage|p1a: Venomoth|0 fnt
|faint|p1a: Venomoth
|c|★IdemDitto|whoa
|c|★IdemDitto|missed psychic
|c|★IdemDitto|unlucky
|choice|switch 4|
|
|switch|p1a: Charmander|Charmander, L96|270\/270
|turn|12
|choice|move 1|move 1
|
|move|p2a: Arbok|Earthquake|p1a: Charmander
|-supereffective|p1a: Charmander
|-damage|p1a: Charmander|69\/270
|move|p1a: Charmander|Fire Blast|p2a: Arbok|[miss]
|-miss|p1a: Charmander
|
|turn|13
|choice|move 1|move 1
|
|move|p2a: Arbok|Earthquake|p1a: Charmander
|-supereffective|p1a: Charmander
|-damage|p1a: Charmander|0 fnt
|faint|p1a: Charmander
|choice|switch 2|
|
|switch|p1a: Jolteon|Jolteon, L79|265\/265
|turn|14
|c|★IdemDitto|6-0 huh?
|choice|move 1|switch 2
|
|switch|p2a: Sandshrew|Sandshrew, L96|291\/291
|move|p1a: Jolteon|Thunderbolt|p2a: Sandshrew
|-immune|p2a: Sandshrew|[msg]
|
|turn|15
|-message|darthlegit forfeited.
|
|win|IdemDitto
|player|p1
|player|p2
|raw|darthlegit's rating: 1325 &rarr; <strong>1301<\/strong><br \/>(-24 for losing)
|raw|IdemDitto's rating: 1269 &rarr; <strong>1298<\/strong><br \/>(+29 for winning)
|l|IdemDitto
|l|darthlegit