|join|paolo.bassi
|join|XaMinBuchi
|player|p1|paolo.bassi|102
|player|p2|XaMinBuchi|176
|gametype|singles
|gen|1
|tier|[Gen 1] Random Battle
|rated
|seed|2572,43009,31025,42822
|rule|Sleep Clause Mod: Limit one foe put to sleep
|rule|Freeze Clause Mod: Limit one foe frozen
|rule|HP Percentage Mod: HP is shown in percentages
|
|start
|switch|p1a: Voltorb|Voltorb, L96|272\/272
|switch|p2a: Sandshrew|Sandshrew, L96|291\/291
|turn|1
|choice|switch 3|move 1
|
|switch|p1a: Slowbro|Slowbro, L79|312\/312
|move|p2a: Sandshrew|Earthquake|p1a: Slowbro
|-damage|p1a: Slowbro|207\/312
|
|turn|2
|choice|move 1|move 3
|
|move|p2a: Sandshrew|Substitute|p2a: Sandshrew
|-start|p2a: Sandshrew|Substitute
|-damage|p2a: Sandshrew|219\/291
|move|p1a: Slowbro|Surf|p2a: Sandshrew
|-supereffective|p2a: Sandshrew
|-end|p2a: Sandshrew|Substitute
|
|turn|3
|choice|move 1|switch 4
|
|switch|p2a: Lapras|Lapras, L79|367\/367
|move|p1a: Slowbro|Surf|p2a: Lapras
|-resisted|p2a: Lapras
|-damage|p2a: Lapras|330\/367
|
|turn|4
|choice|switch 5|move 1
|
|switch|p1a: Beedrill|Beedrill, L90|300\/300
|move|p2a: Lapras|Thunderbolt|p1a: Beedrill
|-damage|p1a: Beedrill|224\/300
|
|turn|5
|choice|move 1|move 4
|
|move|p1a: Beedrill|Swords Dance|p1a: Beedrill
|-boost|p1a: Beedrill|atk|2
|move|p2a: Lapras|Blizzard|p1a: Beedrill
|-damage|p1a: Beedrill|66\/300
|
|turn|6
|choice|move 3|move 3
|
|move|p1a: Beedrill|Hyper Beam|p2a: Lapras
|-crit|p2a: Lapras
|-damage|p2a: Lapras|103\/367
|move|p2a: Lapras|Body Slam|p1a: Beedrill
|-damage|p1a: Beedrill|0 fnt
|faint|p1a: Beedrill
|choice|switch 2|
|
|switch|p1a: Persian|Persian, L79|265\/265
|turn|7
|choice|move 1|move 2
|
|move|p1a: Persian|Slash|p2a: Lapras
|-crit|p2a: Lapras
|-damage|p2a: Lapras|0 fnt
|faint|p2a: Lapras
|choice||switch 6
|
|switch|p2a: Machamp|Machamp, L90|345\/345
|turn|8
|choice|switch 3|move 3
|
|switch|p1a: Voltorb|Voltorb, L96|272\/272
|move|p2a: Machamp|Submission|p1a: Voltorb
|-damage|p1a: Voltorb|121\/272
|-damage|p2a: Machamp|308\/345|[from] recoil|[of] p1a: Voltorb
|
|turn|9
|choice|move 1|move 3
|
|move|p1a: Voltorb|Explosion|p2a: Machamp
|-crit|p2a: Machamp
|-damage|p2a: Machamp|5\/345
|faint|p1a: Voltorb
|choice|switch 3|
|
|switch|p1a: Persian|Persian, L79|265\/265
|turn|10
|choice|move 4|switch 3
|
|switch|p2a: Arbok|Arbok, L90|291\/291
|move|p1a: Persian|Body Slam|p2a: Arbok
|-damage|p2a: Arbok|223\/291
|-status|p2a: Arbok|par
|
|turn|11
|choice|move 1|move 2
|
|move|p1a: Persian|Slash|p2a: Arbok
|-crit|p2a: Arbok
|-damage|p2a: Arbok|104\/291 par
|cant|p2a: Arbok|par
|
|turn|12
|choice|move 1|move 2
|
|move|p1a: Persian|Slash|p2a: Arbok
|-crit|p2a: Arbok
|-damage|p2a: Arbok|0 fnt
|faint|p2a: Arbok
|choice||switch 5
|
|switch|p2a: Gyarados|Gyarados, L85|335\/335
|turn|13
|choice|move 3|move 4
|
|move|p1a: Persian|Thunderbolt|p2a: Gyarados
|-supereffective|p2a: Gyarados
|-damage|p2a: Gyarados|165\/335
|move|p2a: Gyarados|Thunderbolt|p1a: Persian
|-damage|p1a: Persian|176\/265
|
|turn|14
|choice|move 1|switch 2
|
|switch|p2a: Exeggcute|Exeggcute, L96|310\/310
|move|p1a: Persian|Slash|p2a: Exeggcute
|-crit|p2a: Exeggcute
|-damage|p2a: Exeggcute|218\/310
|
|turn|15
|choice|switch 4|move 4
|
|switch|p1a: Rhydon|Rhydon, L79|328\/328
|move|p2a: Exeggcute|Stun Spore|p1a: Rhydon
|-status|p1a: Rhydon|par
|
|turn|16
|choice|move 3|move 3
|
|move|p2a: Exeggcute|Mega Drain|p1a: Rhydon
|-supereffective|p1a: Rhydon
|-damage|p1a: Rhydon|88\/328 par
|-heal|p2a: Exeggcute|310\/310|[from] drain|[of] p1a: Rhydon
|cant|p1a: Rhydon|par
|
|turn|17
|choice|move 4|move 3
|
|move|p2a: Exeggcute|Mega Drain|p1a: Rhydon
|-supereffective|p1a: Rhydon
|-damage|p1a: Rhydon|0 fnt
|faint|p1a: Rhydon
|choice|switch 6|
|
|switch|p1a: Arcanine|Arcanine, L85|327\/327
|turn|18
|choice|move 1|switch 2
|
|switch|p2a: Gyarados|Gyarados, L85|165\/335
|move|p1a: Arcanine|Body Slam|p2a: Gyarados
|-damage|p2a: Gyarados|94\/335
|
|turn|19
|choice|move 2|move 3
|
|move|p1a: Arcanine|Hyper Beam|p2a: Gyarados|[miss]
|-miss|p1a: Arcanine
|move|p2a: Gyarados|Surf|p1a: Arcanine
|-supereffective|p1a: Arcanine
|-damage|p1a: Arcanine|97\/327
|
|turn|20
|choice|move 2|move 1
|
|move|p1a: Arcanine|Hyper Beam|p2a: Gyarados|[miss]
|-miss|p1a: Arcanine
|move|p2a: Gyarados|Hyper Beam|p1a: Arcanine
|-damage|p1a: Arcanine|0 fnt
|faint|p1a: Arcanine
|choice|switch 4|
|
|switch|p1a: Persian|Persian, L79|176\/265
|turn|21
|choice|move 1|move 1
|
|move|p1a: Persian|Slash|p2a: Gyarados
|-crit|p2a: Gyarados
|-damage|p2a: Gyarados|0 fnt
|faint|p2a: Gyarados
|choice||switch 2
|
|switch|p2a: Exeggcute|Exeggcute, L96|310\/310
|turn|22
|choice|move 4|move 4
|
|move|p1a: Persian|Body Slam|p2a: Exeggcute
|-crit|p2a: Exeggcute
|-damage|p2a: Exeggcute|187\/310
|move|p2a: Exeggcute|Stun Spore|p1a: Persian
|-status|p1a: Persian|par
|
|turn|23
|choice|move 1|move 1
|
|move|p2a: Exeggcute|Psychic|p1a: Persian
|-damage|p1a: Persian|51\/265 par
|cant|p1a: Persian|par
|
|turn|24
|choice|move 2|move 1
|
|move|p2a: Exeggcute|Psychic|p1a: Persian
|-damage|p1a: Persian|0 fnt
|faint|p1a: Persian
|choice|switch 5|
|
|switch|p1a: Slowbro|Slowbro, L79|207\/312
|turn|25
|choice|move 1|move 3
|
|move|p2a: Exeggcute|Mega Drain|p1a: Slowbro
|-supereffective|p1a: Slowbro
|-damage|p1a: Slowbro|120\/312
|-heal|p2a: Exeggcute|230\/310|[from] drain|[of] p1a: Slowbro
|move|p1a: Slowbro|Surf|p2a: Exeggcute
|-resisted|p2a: Exeggcute
|-damage|p2a: Exeggcute|187\/310
|
|turn|26
|choice|move 2|move 2
|
|move|p2a: Exeggcute|Egg Bomb|p1a: Slowbro
|-damage|p1a: Slowbro|72\/312
|move|p1a: Slowbro|Amnesia|p1a: Slowbro
|-boost|p1a: Slowbro|spd|2
|-boost|p1a: Slowbro|spa|2
|
|turn|27
|choice|move 3|move 3
|
|move|p2a: Exeggcute|Mega Drain|p1a: Slowbro
|-supereffective|p1a: Slowbro
|-damage|p1a: Slowbro|20\/312
|-heal|p2a: Exeggcute|213\/310|[from] drain|[of] p1a: Slowbro
|move|p1a: Slowbro|Rest|p1a: Slowbro
|-status|p1a: Slowbro|slp
|-heal|p1a: Slowbro|312\/312 slp|[silent]
|-status|p1a: Slowbro|slp|[from] move: Rest
|
|turn|28
|choice|move 2|move 3
|
|move|p2a: Exeggcute|Mega Drain|p1a: Slowbro
|-supereffective|p1a: Slowbro
|-damage|p1a: Slowbro|263\/312 slp
|-heal|p2a: Exeggcute|237\/310|[from] drain|[of] p1a: Slowbro
|cant|p1a: Slowbro|slp
|
|turn|29
|choice|move 2|move 3
|
|move|p2a: Exeggcute|Mega Drain|p1a: Slowbro
|-supereffective|p1a: Slowbro
|-damage|p1a: Slowbro|211\/312 slp
|-heal|p2a: Exeggcute|263\/310|[from] drain|[of] p1a: Slowbro
|-curestatus|p1a: Slowbro|slp
|
|turn|30
|choice|move 4|move 3
|
|move|p2a: Exeggcute|Mega Drain|p1a: Slowbro
|-supereffective|p1a: Slowbro
|-damage|p1a: Slowbro|163\/312
|-heal|p2a: Exeggcute|287\/310|[from] drain|[of] p1a: Slowbro
|move|p1a: Slowbro|Thunder Wave|p2a: Exeggcute
|-status|p2a: Exeggcute|par
|
|turn|31
|choice|move 2|move 4
|
|move|p1a: Slowbro|Amnesia|p1a: Slowbro
|-boost|p1a: Slowbro|spd|2
|-boost|p1a: Slowbro|spa|2
|cant|p2a: Exeggcute|par
|
|turn|32
|choice|move 2|move 3
|
|move|p1a: Slowbro|Amnesia|p1a: Slowbro
|-boost|p1a: Slowbro|spd|2
|-boost|p1a: Slowbro|spa|2
|move|p2a: Exeggcute|Mega Drain|p1a: Slowbro
|-supereffective|p1a: Slowbro
|-damage|p1a: Slowbro|135\/312
|-heal|p2a: Exeggcute|301\/310 par|[from] drain|[of] p1a: Slowbro
|
|turn|33
|choice|move 3|move 1
|
|move|p1a: Slowbro|Rest|p1a: Slowbro
|-status|p1a: Slowbro|slp
|-heal|p1a: Slowbro|312\/312 slp|[silent]
|-status|p1a: Slowbro|slp|[from] move: Rest
|move|p2a: Exeggcute|Psychic|p1a: Slowbro
|-resisted|p1a: Slowbro
|-damage|p1a: Slowbro|299\/312 slp
|
|turn|34
|choice|move 1|move 3
|
|cant|p1a: Slowbro|slp
|move|p2a: Exeggcute|Mega Drain|p1a: Slowbro
|-supereffective|p1a: Slowbro
|-damage|p1a: Slowbro|272\/312 slp
|-heal|p2a: Exeggcute|310\/310 par|[from] drain|[of] p1a: Slowbro
|
|turn|35
|choice|move 1|move 1
|
|-curestatus|p1a: Slowbro|slp
|cant|p2a: Exeggcute|par
|
|turn|36
|choice|move 1|move 1
|
|move|p1a: Slowbro|Surf|p2a: Exeggcute
|-resisted|p2a: Exeggcute
|-damage|p2a: Exeggcute|147\/310 par
|move|p2a: Exeggcute|Psychic|p1a: Slowbro
|-resisted|p1a: Slowbro
|-damage|p1a: Slowbro|259\/312
|-unboost|p1a: Slowbro|spd|1
|-unboost|p1a: Slowbro|spa|1
|
|turn|37
|choice|move 1|move 3
|
|move|p1a: Slowbro|Surf|p2a: Exeggcute
|-resisted|p2a: Exeggcute
|-damage|p2a: Exeggcute|0 fnt
|faint|p2a: Exeggcute
|choice||switch 3
|
|switch|p2a: Machamp|Machamp, L90|5\/345
|turn|38
|choice|move 1|move 1
|
|move|p2a: Machamp|Hyper Beam|p1a: Slowbro
|-damage|p1a: Slowbro|116\/312
|move|p1a: Slowbro|Surf|p2a: Machamp
|-damage|p2a: Machamp|0 fnt
|faint|p2a: Machamp
|choice||switch 4
|
|switch|p2a: Sandshrew|Sandshrew, L96|219\/291
|turn|39
|choice|move 1|move 3
|
|move|p2a: Sandshrew|Substitute|p2a: Sandshrew
|-start|p2a: Sandshrew|Substitute
|-damage|p2a: Sandshrew|147\/291
|move|p1a: Slowbro|Surf|p2a: Sandshrew
|-supereffective|p2a: Sandshrew
|-end|p2a: Sandshrew|Substitute
|
|turn|40
|choice|move 1|move 1
|
|move|p2a: Sandshrew|Earthquake|p1a: Slowbro
|-damage|p1a: Slowbro|10\/312
|move|p1a: Slowbro|Surf|p2a: Sandshrew
|-supereffective|p2a: Sandshrew
|-damage|p2a: Sandshrew|0 fnt
|faint|p2a: Sandshrew
|
|win|paolo.bassi
|raw|paolo.bassi's rating: 1328 &rarr; <strong>1338<\/strong><br \/>(+10 for winning)
|raw|XaMinBuchi's rating: 1139 &rarr; <strong>1126<\/strong><br \/>(-13 for losing)
|leave|XaMinBuchi
|player|p2