|j|BESTSLINGSHOTTER
|j|IHaveAGengar
|player|p1|BESTSLINGSHOTTER|50
|player|p2|IHaveAGengar|291
|gametype|singles
|gen|1
|tier|[Gen 1] Random Battle
|rated
|seed|21762,13298,38239,14108
|rule|Sleep Clause Mod: Limit one foe put to sleep
|rule|Freeze Clause Mod: Limit one foe frozen
|rule|HP Percentage Mod: HP is shown in percentages
|
|start
|switch|p1a: Nidoking|Nidoking, L85|311\/311
|switch|p2a: Moltres|Moltres, L85|327\/327
|turn|1
|choice|move 3|move 1
|
|move|p2a: Moltres|Fire Blast|p1a: Nidoking
|-damage|p1a: Nidoking|149\/311
|-status|p1a: Nidoking|brn
|move|p1a: Nidoking|Thunder|p2a: Moltres
|-supereffective|p2a: Moltres
|-damage|p2a: Moltres|210\/327
|-damage|p1a: Nidoking|130\/311 brn|[from] brn|[of] p2a: Moltres
|
|turn|2
|choice|move 4|move 1
|
|move|p2a: Moltres|Fire Blast|p1a: Nidoking
|-crit|p1a: Nidoking
|-damage|p1a: Nidoking|0 fnt
|faint|p1a: Nidoking
|choice|switch 2|
|
|switch|p1a: Pikachu|Pikachu, L96|262\/262
|turn|3
|choice|move 2|move 1
|
|move|p1a: Pikachu|Thunder Wave|p2a: Moltres
|-status|p2a: Moltres|par
|cant|p2a: Moltres|par
|
|turn|4
|choice|move 4|move 1
|
|move|p1a: Pikachu|Surf|p2a: Moltres
|-supereffective|p2a: Moltres
|-damage|p2a: Moltres|117\/327 par
|move|p2a: Moltres|Fire Blast|p1a: Pikachu
|-damage|p1a: Pikachu|78\/262
|-status|p1a: Pikachu|brn
|
|turn|5
|choice|move 4|move 1
|
|move|p1a: Pikachu|Surf|p2a: Moltres
|-supereffective|p2a: Moltres
|-damage|p2a: Moltres|26\/327 par
|-damage|p1a: Pikachu|62\/262 brn|[from] brn|[of] p2a: Moltres
|cant|p2a: Moltres|par
|
|turn|6
|choice|move 1|move 4
|
|move|p1a: Pikachu|Thunderbolt|p2a: Moltres
|-supereffective|p2a: Moltres
|-damage|p2a: Moltres|0 fnt
|faint|p2a: Moltres
|choice||switch 2
|
|switch|p2a: Gengar|Gengar, L79|257\/257
|turn|7
|choice|move 2|move 4
|
|move|p1a: Pikachu|Thunder Wave|p2a: Gengar
|-status|p2a: Gengar|par
|-damage|p1a: Pikachu|46\/262 brn|[from] brn|[of] p2a: Gengar
|move|p2a: Gengar|Mega Drain|p1a: Pikachu
|-damage|p1a: Pikachu|7\/262 brn
|
|turn|8
|choice|move 1|move 3
|
|move|p1a: Pikachu|Thunderbolt|p2a: Gengar
|-damage|p2a: Gengar|182\/257 par
|-damage|p1a: Pikachu|0 fnt|[from] brn|[of] p2a: Gengar
|faint|p1a: Pikachu
|choice|switch 3|
|
|switch|p1a: Dugtrio|Dugtrio, L85|233\/233
|turn|9
|choice|move 1|move 3
|
|move|p1a: Dugtrio|Earthquake|p2a: Gengar
|-supereffective|p2a: Gengar
|-damage|p2a: Gengar|0 fnt
|faint|p2a: Gengar
|choice||switch 4
|
|switch|p2a: Porygon|Porygon, L85|284\/284
|turn|10
|choice|move 1|move 4
|
|move|p1a: Dugtrio|Earthquake|p2a: Porygon
|-damage|p2a: Porygon|172\/284
|move|p2a: Porygon|Blizzard|p1a: Dugtrio|[miss]
|-miss|p2a: Porygon
|
|turn|11
|choice|switch 6|move 4
|
|switch|p1a: Primeape|Primeape, L90|300\/300
|move|p2a: Porygon|Blizzard|p1a: Primeape
|-damage|p1a: Primeape|216\/300
|
|turn|12
|choice|move 3|switch 5
|
|switch|p2a: Exeggutor|Exeggutor, L79|312\/312
|move|p1a: Primeape|Submission|p2a: Exeggutor
|-resisted|p2a: Exeggutor
|-damage|p2a: Exeggutor|253\/312
|-damage|p1a: Primeape|202\/300|[from] recoil|[of] p2a: Exeggutor
|
|turn|13
|choice|switch 6|move 3
|
|switch|p1a: Dugtrio|Dugtrio, L85|233\/233
|move|p2a: Exeggutor|Egg Bomb|p1a: Dugtrio
|-damage|p1a: Dugtrio|147\/233
|
|turn|14
|choice|move 1|move 3
|
|move|p1a: Dugtrio|Earthquake|p2a: Exeggutor
|-crit|p2a: Exeggutor
|-resisted|p2a: Exeggutor
|-damage|p2a: Exeggutor|149\/312
|move|p2a: Exeggutor|Egg Bomb|p1a: Dugtrio
|-damage|p1a: Dugtrio|66\/233
|
|turn|15
|choice|move 4|move 4
|
|move|p1a: Dugtrio|Slash|p2a: Exeggutor
|-crit|p2a: Exeggutor
|-damage|p2a: Exeggutor|62\/312
|move|p2a: Exeggutor|Mega Drain|p1a: Dugtrio
|-supereffective|p1a: Dugtrio
|-damage|p1a: Dugtrio|0 fnt
|-heal|p2a: Exeggutor|95\/312|[from] drain|[of] p1a: Dugtrio
|faint|p1a: Dugtrio
|choice|switch 4|
|
|switch|p1a: Mr. Mime|Mr. Mime, L85|242\/242
|turn|16
|choice|move 4|move 1
|
|move|p1a: Mr. Mime|Psychic|p2a: Exeggutor
|-resisted|p2a: Exeggutor
|-damage|p2a: Exeggutor|56\/312
|move|p2a: Exeggutor|Sleep Powder|p1a: Mr. Mime
|-status|p1a: Mr. Mime|slp
|
|turn|17
|choice|move 3|move 4
|
|cant|p1a: Mr. Mime|slp
|move|p2a: Exeggutor|Mega Drain|p1a: Mr. Mime
|-damage|p1a: Mr. Mime|202\/242 slp
|-heal|p2a: Exeggutor|76\/312|[from] drain|[of] p1a: Mr. Mime
|
|turn|18
|choice|move 3|move 4
|
|cant|p1a: Mr. Mime|slp
|move|p2a: Exeggutor|Mega Drain|p1a: Mr. Mime
|-damage|p1a: Mr. Mime|158\/242 slp
|-heal|p2a: Exeggutor|98\/312|[from] drain|[of] p1a: Mr. Mime
|
|turn|19
|choice|move 3|move 4
|
|cant|p1a: Mr. Mime|slp
|move|p2a: Exeggutor|Mega Drain|p1a: Mr. Mime
|-damage|p1a: Mr. Mime|116\/242 slp
|-heal|p2a: Exeggutor|119\/312|[from] drain|[of] p1a: Mr. Mime
|
|turn|20
|choice|move 2|move 1
|
|cant|p1a: Mr. Mime|slp
|move|p2a: Exeggutor|Sleep Powder|p1a: Mr. Mime|[miss]
|-miss|p2a: Exeggutor
|
|turn|21
|choice|move 2|move 1
|
|cant|p1a: Mr. Mime|slp
|move|p2a: Exeggutor|Sleep Powder|p1a: Mr. Mime|[miss]
|-miss|p2a: Exeggutor
|
|turn|22
|choice|switch 5|move 1
|
|switch|p1a: Clefable|Clefable, L85|335\/335
|move|p2a: Exeggutor|Sleep Powder|p1a: Clefable|[miss]
|-miss|p2a: Exeggutor
|
|turn|23
|choice|move 1|move 1
|
|move|p1a: Clefable|Thunder Wave|p2a: Exeggutor
|-status|p2a: Exeggutor|par
|move|p2a: Exeggutor|Sleep Powder|p1a: Clefable
|-message|Sleep Clause Mod activated.
|
|turn|24
|choice|move 3|move 2
|
|move|p1a: Clefable|Blizzard|p2a: Exeggutor
|-supereffective|p2a: Exeggutor
|-damage|p2a: Exeggutor|0 fnt
|faint|p2a: Exeggutor
|choice||switch 5
|
|switch|p2a: Porygon|Porygon, L85|172\/284
|turn|25
|choice|move 4|move 3
|
|move|p2a: Porygon|Sharpen|p2a: Porygon
|-boost|p2a: Porygon|atk|1
|move|p1a: Clefable|Counter|p2a: Porygon
|-fail|p1a: Clefable
|
|turn|26
|choice|move 1|move 3
|
|move|p1a: Clefable|Thunder Wave|p2a: Porygon
|-status|p2a: Porygon|par
|cant|p2a: Porygon|par
|
|turn|27
|choice|move 2|move 3
|
|move|p1a: Clefable|Thunderbolt|p2a: Porygon
|-crit|p2a: Porygon
|-damage|p2a: Porygon|42\/284 par
|cant|p2a: Porygon|par
|
|turn|28
|choice|move 2|move 1
|
|move|p1a: Clefable|Thunderbolt|p2a: Porygon
|-damage|p2a: Porygon|0 fnt
|faint|p2a: Porygon
|choice||switch 3
|
|switch|p2a: Muk|Muk, L90|372\/372
|turn|29
|choice|move 1|move 4
|
|move|p1a: Clefable|Thunder Wave|p2a: Muk
|-status|p2a: Muk|par
|move|p2a: Muk|Body Slam|p1a: Clefable
|-damage|p1a: Clefable|248\/335
|
|turn|30
|choice|move 2|move 4
|
|move|p1a: Clefable|Thunderbolt|p2a: Muk
|-damage|p2a: Muk|298\/372 par
|move|p2a: Muk|Body Slam|p1a: Clefable
|-damage|p1a: Clefable|165\/335
|
|turn|31
|choice|move 4|move 4
|
|move|p2a: Muk|Body Slam|p1a: Clefable
|-crit|p1a: Clefable
|-damage|p1a: Clefable|6\/335
|move|p1a: Clefable|Counter|p2a: Muk
|-damage|p2a: Muk|0 fnt
|faint|p2a: Muk
|choice||switch 6
|
|switch|p2a: Graveler|Graveler, L85|267\/267
|turn|32
|choice|move 3|move 3
|
|move|p1a: Clefable|Blizzard|p2a: Graveler
|-supereffective|p2a: Graveler
|-damage|p2a: Graveler|35\/267
|move|p2a: Graveler|Body Slam|p1a: Clefable
|-damage|p1a: Clefable|0 fnt
|faint|p1a: Clefable
|choice|switch 5|
|
|switch|p1a: Mr. Mime|Mr. Mime, L85|116\/242 slp
|turn|33
|choice|move 4|move 1
|
|-curestatus|p1a: Mr. Mime|slp
|move|p2a: Graveler|Earthquake|p1a: Mr. Mime
|-damage|p1a: Mr. Mime|0 fnt
|faint|p1a: Mr. Mime
|choice|switch 6|
|
|switch|p1a: Primeape|Primeape, L90|202\/300
|turn|34
|c|★IHaveAGengar|ok gg
|choice|move 2|move 1
|
|move|p1a: Primeape|Mega Kick|p2a: Graveler
|-resisted|p2a: Graveler
|-damage|p2a: Graveler|0 fnt
|faint|p2a: Graveler
|
|win|BESTSLINGSHOTTER
|player|p1
|player|p2
|raw|BESTSLINGSHOTTER's rating: 1084 &rarr; <strong>1118<\/strong><br \/>(+34 for winning)
|raw|IHaveAGengar's rating: 1169 &rarr; <strong>1138<\/strong><br \/>(-31 for losing)
|c|★BESTSLINGSHOTTER|gg
|l|IHaveAGengar