|j|Ryriuka
|j|icekingninja
|player|p1|Ryriuka|291
|player|p2|icekingninja|96
|gametype|singles
|gen|1
|tier|[Gen 1] Random Battle
|rated
|seed|8208,23230,64118,64426
|rule|Sleep Clause Mod: Limit one foe put to sleep
|rule|Freeze Clause Mod: Limit one foe frozen
|rule|HP Percentage Mod: HP is shown in percentages
|
|start
|switch|p1a: Fearow|Fearow, L90|300\/300
|switch|p2a: Omastar|Omastar, L90|309\/309
|turn|1
|choice|switch 6|move 1
|
|switch|p1a: Lickitung|Lickitung, L90|345\/345
|move|p2a: Omastar|Blizzard|p1a: Lickitung
|-damage|p1a: Lickitung|222\/345
|
|turn|2
|choice|move 2|switch 4
|
|switch|p2a: Primeape|Primeape, L90|300\/300
|move|p1a: Lickitung|Earthquake|p2a: Primeape
|-damage|p2a: Primeape|232\/300
|
|turn|3
|choice|move 1|move 2
|
|move|p2a: Primeape|Submission|p1a: Lickitung
|-supereffective|p1a: Lickitung
|-damage|p1a: Lickitung|22\/345
|-damage|p2a: Primeape|182\/300|[from] recoil|[of] p1a: Lickitung
|move|p1a: Lickitung|Body Slam|p2a: Primeape
|-damage|p2a: Primeape|88\/300
|
|turn|4
|choice|move 1|move 1
|
|move|p2a: Primeape|Body Slam|p1a: Lickitung
|-damage|p1a: Lickitung|0 fnt
|faint|p1a: Lickitung
|choice|switch 6|
|
|switch|p1a: Fearow|Fearow, L90|300\/300
|turn|5
|choice|move 3|switch 4
|
|switch|p2a: Omastar|Omastar, L90|309\/309
|move|p1a: Fearow|Drill Peck|p2a: Omastar
|-crit|p2a: Omastar
|-resisted|p2a: Omastar
|-damage|p2a: Omastar|241\/309
|
|turn|6
|choice|switch 5|move 1
|
|switch|p1a: Hitmonlee|Hitmonlee, L90|273\/273
|move|p2a: Omastar|Blizzard|p1a: Hitmonlee
|-damage|p1a: Hitmonlee|116\/273
|
|turn|7
|choice|move 2|switch 5
|
|switch|p2a: Hypno|Hypno, L85|318\/318
|move|p1a: Hitmonlee|High Jump Kick|p2a: Hypno
|-resisted|p2a: Hypno
|-damage|p2a: Hypno|243\/318
|
|turn|8
|choice|switch 2|move 3
|
|switch|p1a: Kabuto|Kabuto, L96|252\/252
|move|p2a: Hypno|Counter|p1a: Kabuto
|-damage|p1a: Kabuto|102\/252
|
|turn|9
|choice|move 2|move 1
|
|move|p1a: Kabuto|Body Slam|p2a: Hypno
|-damage|p2a: Hypno|160\/318
|move|p2a: Hypno|Psychic|p1a: Kabuto
|-damage|p1a: Kabuto|0 fnt
|faint|p1a: Kabuto
|choice|switch 4|
|
|switch|p1a: Beedrill|Beedrill, L90|300\/300
|turn|10
|choice|move 4|move 1
|
|move|p1a: Beedrill|Agility|p1a: Beedrill
|-boost|p1a: Beedrill|spe|2
|move|p2a: Hypno|Psychic|p1a: Beedrill
|-supereffective|p1a: Beedrill
|-damage|p1a: Beedrill|0 fnt
|faint|p1a: Beedrill
|choice|switch 5|
|
|switch|p1a: Fearow|Fearow, L90|300\/300
|turn|11
|choice|move 1|switch 5
|
|switch|p2a: Omastar|Omastar, L90|241\/309
|move|p1a: Fearow|Mirror Move|p1a: Fearow
|-fail|p1a: Fearow
|
|turn|12
|choice|move 3|move 1
|
|move|p1a: Fearow|Drill Peck|p2a: Omastar
|-resisted|p2a: Omastar
|-damage|p2a: Omastar|209\/309
|move|p2a: Omastar|Blizzard|p1a: Fearow
|-supereffective|p1a: Fearow
|-damage|p1a: Fearow|30\/300
|
|turn|13
|-message|Ryriuka forfeited.
|
|win|icekingninja
|l|Ryriuka
|player|p1
|raw|Ryriuka's rating: 1319 &rarr; <strong>1287<\/strong><br \/>(-32 for losing)
|raw|icekingninja's rating: 1070 &rarr; <strong>1118<\/strong><br \/>(+48 for winning)