|j|Janomi
|j|Judo
|player|p1|Janomi|121
|player|p2|Judo|70
|gametype|singles
|gen|1
|tier|[Gen 1] Random Battle
|seed|
|rule|Sleep Clause Mod: Limit one foe put to sleep
|rule|Freeze Clause Mod: Limit one foe frozen
|rule|HP Percentage Mod: HP is shown in percentages
|
|start
|switch|p1a: Bellsprout|Bellsprout, L96|100\/100
|switch|p2a: Vileplume|Vileplume, L90|100\/100
|turn|1
|choice||
|
|move|p2a: Vileplume|Body Slam|p1a: Bellsprout
|-crit|p1a: Bellsprout
|-damage|p1a: Bellsprout|45\/100
|-status|p1a: Bellsprout|par
|move|p1a: Bellsprout|Body Slam|p2a: Vileplume
|-damage|p2a: Vileplume|80\/100
|
|turn|2
|choice||
|
|move|p2a: Vileplume|Body Slam|p1a: Bellsprout
|-damage|p1a: Bellsprout|13\/100 par
|move|p1a: Bellsprout|Sleep Powder|p2a: Vileplume
|-status|p2a: Vileplume|slp
|
|turn|3
|choice||
|
|switch|p2a: Dratini|Dratini, L96|100\/100
|move|p1a: Bellsprout|Swords Dance|p1a: Bellsprout
|-boost|p1a: Bellsprout|atk|2
|
|turn|4
|choice||
|
|move|p2a: Dratini|Body Slam|p1a: Bellsprout
|-damage|p1a: Bellsprout|0 fnt
|faint|p1a: Bellsprout
|choice||
|
|switch|p1a: Weedle|Weedle, L99|100\/100
|turn|5
|choice||
|
|switch|p2a: Vileplume|Vileplume, L90|80\/100 slp
|move|p1a: Weedle|Poison Sting|p2a: Vileplume
|-damage|p2a: Vileplume|76\/100 slp
|
|turn|6
|choice||
|
|switch|p1a: Jynx|Jynx, L79|100\/100
|-curestatus|p2a: Vileplume|slp
|
|turn|7
|choice||
|
|switch|p2a: Vaporeon|Vaporeon, L85|100\/100
|move|p1a: Jynx|Psychic|p2a: Vaporeon
|-damage|p2a: Vaporeon|83\/100
|-unboost|p2a: Vaporeon|spd|1
|-unboost|p2a: Vaporeon|spa|1
|
|turn|8
|choice||
|
|move|p1a: Jynx|Lovely Kiss|p2a: Vaporeon
|-status|p2a: Vaporeon|slp
|cant|p2a: Vaporeon|slp
|
|turn|9
|choice||
|
|switch|p2a: Dewgong|Dewgong, L85|100\/100
|move|p1a: Jynx|Mimic|p2a: Dewgong
|-start|p1a: Jynx|Mimic|Surf
|
|turn|10
|choice||
|
|switch|p1a: Weedle|Weedle, L99|100\/100
|move|p2a: Dewgong|Body Slam|p1a: Weedle
|-damage|p1a: Weedle|76\/100
|-status|p1a: Weedle|par
|
|turn|11
|choice||
|
|switch|p2a: Vileplume|Vileplume, L90|76\/100
|move|p1a: Weedle|Poison Sting|p2a: Vileplume
|-damage|p2a: Vileplume|72\/100
|
|turn|12
|choice||
|
|move|p2a: Vileplume|Swords Dance|p2a: Vileplume
|-boost|p2a: Vileplume|atk|2
|move|p1a: Weedle|Poison Sting|p2a: Vileplume
|-damage|p2a: Vileplume|67\/100
|
|turn|13
|choice||
|
|move|p2a: Vileplume|Body Slam|p1a: Weedle
|-damage|p1a: Weedle|17\/100 par
|cant|p1a: Weedle|par
|
|turn|14
|choice||
|
|move|p2a: Vileplume|Swords Dance|p2a: Vileplume
|-boost|p2a: Vileplume|atk|2
|move|p1a: Weedle|Poison Sting|p2a: Vileplume
|-crit|p2a: Vileplume
|-damage|p2a: Vileplume|60\/100
|
|turn|15
|choice||
|
|move|p2a: Vileplume|Body Slam|p1a: Weedle
|-damage|p1a: Weedle|0 fnt
|faint|p1a: Weedle
|choice||
|
|switch|p1a: Jynx|Jynx, L79|100\/100
|turn|16
|choice||
|
|move|p1a: Jynx|Blizzard|p2a: Vileplume
|-crit|p2a: Vileplume
|-supereffective|p2a: Vileplume
|-damage|p2a: Vileplume|0 fnt
|faint|p2a: Vileplume
|choice||
|
|switch|p2a: Dewgong|Dewgong, L85|100\/100
|turn|17
|choice||
|
|move|p1a: Jynx|Lovely Kiss|p2a: Dewgong
|-message|Sleep Clause Mod activated.
|move|p2a: Dewgong|Body Slam|p1a: Jynx
|-crit|p1a: Jynx
|-damage|p1a: Jynx|31\/100
|-status|p1a: Jynx|par
|
|turn|18
|choice||
|
|move|p2a: Dewgong|Surf|p1a: Jynx
|-damage|p1a: Jynx|0 fnt
|faint|p1a: Jynx
|choice||
|
|switch|p1a: Mew|Mew, L74|100\/100
|turn|19
|choice||
|
|move|p1a: Mew|Thunderbolt|p2a: Dewgong
|-supereffective|p2a: Dewgong
|-damage|p2a: Dewgong|69\/100
|move|p2a: Dewgong|Body Slam|p1a: Mew
|-crit|p1a: Mew
|-damage|p1a: Mew|67\/100
|
|turn|20
|choice||
|
|move|p1a: Mew|Thunderbolt|p2a: Dewgong
|-supereffective|p2a: Dewgong
|-damage|p2a: Dewgong|40\/100
|move|p2a: Dewgong|Body Slam|p1a: Mew
|-damage|p1a: Mew|50\/100
|-status|p1a: Mew|par
|
|turn|21
|choice||
|
|switch|p2a: Raichu|Raichu, L85|100\/100
|move|p1a: Mew|Thunderbolt|p2a: Raichu
|-resisted|p2a: Raichu
|-damage|p2a: Raichu|91\/100
|
|turn|22
|choice||
|
|move|p2a: Raichu|Surf|p1a: Mew
|-crit|p1a: Mew
|-damage|p1a: Mew|10\/100 par
|cant|p1a: Mew|par
|
|turn|23
|choice||
|
|move|p2a: Raichu|Surf|p1a: Mew
|-damage|p1a: Mew|0 fnt
|faint|p1a: Mew
|choice||
|
|switch|p1a: Rhydon|Rhydon, L79|100\/100
|turn|24
|choice||
|
|switch|p1a: Tauros|Tauros, L79|100\/100
|move|p2a: Raichu|Surf|p1a: Tauros
|-damage|p1a: Tauros|70\/100
|
|turn|25
|choice||
|
|move|p2a: Raichu|Thunder Wave|p1a: Tauros
|-status|p1a: Tauros|par
|move|p1a: Tauros|Earthquake|p2a: Raichu
|-supereffective|p2a: Raichu
|-damage|p2a: Raichu|32\/100
|
|turn|26
|choice||
|
|switch|p2a: Dratini|Dratini, L96|100\/100
|move|p1a: Tauros|Earthquake|p2a: Dratini
|-damage|p2a: Dratini|73\/100
|
|turn|27
|choice||
|
|move|p2a: Dratini|Thunderbolt|p1a: Tauros
|-damage|p1a: Tauros|47\/100 par
|cant|p1a: Tauros|par
|
|turn|28
|choice||
|
|move|p2a: Dratini|Hyper Beam|p1a: Tauros
|-damage|p1a: Tauros|11\/100 par
|cant|p1a: Tauros|par
|
|turn|29
|-mustrecharge|p2a: Dratini
|-mustrecharge|p2a: Dratini
|-mustrecharge|p2a: Dratini
|choice||
|
|cant|p2a: Dratini|recharge
|move|p1a: Tauros|Blizzard|p2a: Dratini
|-supereffective|p2a: Dratini
|-damage|p2a: Dratini|21\/100
|
|turn|30
|choice||
|
|move|p2a: Dratini|Body Slam|p1a: Tauros
|-damage|p1a: Tauros|0 fnt
|faint|p1a: Tauros
|choice||
|
|switch|p1a: Rhydon|Rhydon, L79|100\/100
|turn|31
|choice||
|
|move|p2a: Dratini|Hyper Beam|p1a: Rhydon
|-resisted|p1a: Rhydon
|-damage|p1a: Rhydon|87\/100
|move|p1a: Rhydon|Substitute|p1a: Rhydon
|-start|p1a: Rhydon|Substitute
|-damage|p1a: Rhydon|62\/100
|
|turn|32
|-mustrecharge|p2a: Dratini
|-mustrecharge|p2a: Dratini
|-mustrecharge|p2a: Dratini
|choice||
|
|cant|p2a: Dratini|recharge
|move|p1a: Rhydon|Earthquake|p2a: Dratini
|-crit|p2a: Dratini
|-damage|p2a: Dratini|0 fnt
|faint|p2a: Dratini
|choice||
|
|switch|p2a: Raichu|Raichu, L85|32\/100
|turn|33
|choice||
|
|move|p2a: Raichu|Surf|p1a: Rhydon
|-crit|p1a: Rhydon
|-supereffective|p1a: Rhydon
|-end|p1a: Rhydon|Substitute
|move|p1a: Rhydon|Earthquake|p2a: Raichu
|-supereffective|p2a: Raichu
|-damage|p2a: Raichu|0 fnt
|faint|p2a: Raichu
|choice||
|
|switch|p2a: Dewgong|Dewgong, L85|40\/100
|turn|34
|choice||
|
|move|p2a: Dewgong|Surf|p1a: Rhydon
|-supereffective|p1a: Rhydon
|-damage|p1a: Rhydon|0 fnt
|faint|p1a: Rhydon
|
|win|Judo
|player|p1
|player|p2