|join|XianJu
|join|Edux17
|player|p1|XianJu|130
|player|p2|Edux17|260
|gametype|singles
|gen|1
|tier|[Gen 1] Random Battle
|rated
|rule|Sleep Clause Mod: Limit one foe put to sleep
|rule|Freeze Clause Mod: Limit one foe frozen
|rule|HP Percentage Mod: HP is shown in percentages
|
|start
|switch|p1a: Porygon|Porygon, L85|284\/284
|switch|p2a: Mewtwo|Mewtwo, L70|293\/293
|turn|1
|
|switch|p2a: Marowak|Marowak, L90|291\/291
|move|p1a: Porygon|Thunder Wave|p2a: Marowak
|-immune|p2a: Marowak|[msg]
|
|turn|2
|
|move|p2a: Marowak|Earthquake|p1a: Porygon
|-damage|p1a: Porygon|172\/284
|move|p1a: Porygon|Double-Edge|p2a: Marowak
|-damage|p2a: Marowak|221\/291
|-damage|p1a: Porygon|155\/284|[from] recoil|[of] p2a: Marowak
|
|turn|3
|
|move|p2a: Marowak|Body Slam|p1a: Porygon
|-damage|p1a: Porygon|84\/284
|move|p1a: Porygon|Double-Edge|p2a: Marowak
|-damage|p2a: Marowak|153\/291
|-damage|p1a: Porygon|67\/284|[from] recoil|[of] p2a: Marowak
|
|turn|4
|
|switch|p1a: Pinsir|Pinsir, L85|284\/284
|move|p2a: Marowak|Earthquake|p1a: Pinsir
|-resisted|p1a: Pinsir
|-damage|p1a: Pinsir|236\/284
|
|turn|5
|
|move|p1a: Pinsir|Submission|p2a: Marowak
|-damage|p2a: Marowak|92\/291
|-damage|p1a: Pinsir|221\/284|[from] recoil|[of] p2a: Marowak
|move|p2a: Marowak|Blizzard|p1a: Pinsir|[miss]
|-miss|p2a: Marowak
|
|turn|6
|
|switch|p2a: Ninetales|Ninetales, L85|298\/298
|move|p1a: Pinsir|Body Slam|p2a: Ninetales
|-damage|p2a: Ninetales|219\/298
|
|turn|7
|
|switch|p1a: Wartortle|Wartortle, L85|274\/274
|move|p2a: Ninetales|Fire Blast|p1a: Wartortle
|-resisted|p1a: Wartortle
|-damage|p1a: Wartortle|190\/274
|
|turn|8
|
|switch|p2a: Dragonair|Dragonair, L85|277\/277
|move|p1a: Wartortle|Hydro Pump|p2a: Dragonair
|-crit|p2a: Dragonair
|-resisted|p2a: Dragonair
|-damage|p2a: Dragonair|168\/277
|
|turn|9
|
|move|p2a: Dragonair|Thunder|p1a: Wartortle|[miss]
|-miss|p2a: Dragonair
|move|p1a: Wartortle|Blizzard|p2a: Dragonair
|-crit|p2a: Dragonair
|-supereffective|p2a: Dragonair
|-damage|p2a: Dragonair|0 fnt
|faint|p2a: Dragonair
|
|switch|p2a: Mewtwo|Mewtwo, L70|293\/293
|turn|10
|
|move|p2a: Mewtwo|Thunderbolt|p1a: Wartortle
|-supereffective|p1a: Wartortle
|-damage|p1a: Wartortle|21\/274
|move|p1a: Wartortle|Hydro Pump|p2a: Mewtwo
|-damage|p2a: Mewtwo|206\/293
|
|turn|11
|
|switch|p1a: Exeggutor|Exeggutor, L79|312\/312
|move|p2a: Mewtwo|Thunderbolt|p1a: Exeggutor
|-resisted|p1a: Exeggutor
|-damage|p1a: Exeggutor|283\/312
|
|turn|12
|
|switch|p2a: Ninetales|Ninetales, L85|219\/298
|move|p1a: Exeggutor|Sleep Powder|p2a: Ninetales
|-status|p2a: Ninetales|slp
|
|turn|13
|
|switch|p2a: Mewtwo|Mewtwo, L70|206\/293
|switch|p1a: Porygon|Porygon, L85|67\/284
|
|turn|14
|
|switch|p1a: Exeggutor|Exeggutor, L79|283\/312
|move|p2a: Mewtwo|Psychic|p1a: Exeggutor
|-resisted|p1a: Exeggutor
|-damage|p1a: Exeggutor|242\/312
|
|turn|15
|
|move|p2a: Mewtwo|Blizzard|p1a: Exeggutor
|-supereffective|p1a: Exeggutor
|-damage|p1a: Exeggutor|104\/312
|move|p1a: Exeggutor|Egg Bomb|p2a: Mewtwo
|-damage|p2a: Mewtwo|133\/293
|
|turn|16
|
|switch|p1a: Rapidash|Rapidash, L90|300\/300
|move|p2a: Mewtwo|Blizzard|p1a: Rapidash
|-damage|p1a: Rapidash|215\/300
|
|turn|17
|
|switch|p2a: Shellder|Shellder, L96|252\/252
|move|p1a: Rapidash|Fire Blast|p2a: Shellder
|-resisted|p2a: Shellder
|-damage|p2a: Shellder|165\/252
|
|turn|18
|
|move|p1a: Rapidash|Hyper Beam|p2a: Shellder
|-damage|p2a: Shellder|63\/252
|move|p2a: Shellder|Supersonic|p1a: Rapidash
|-start|p1a: Rapidash|confusion
|
|turn|19
|-mustrecharge|p1a: Rapidash
|-mustrecharge|p1a: Rapidash
|
|cant|p1a: Rapidash|recharge
|move|p2a: Shellder|Toxic|p1a: Rapidash
|-status|p1a: Rapidash|tox
|
|turn|20
|
|-activate|p1a: Rapidash|confusion
|-damage|p1a: Rapidash|175\/300 tox|[from] confusion
|-damage|p1a: Rapidash|157\/300 tox|[from] tox|[of] p2a: Shellder
|move|p2a: Shellder|Blizzard|p1a: Rapidash
|-damage|p1a: Rapidash|87\/300 tox
|
|turn|21
|
|-activate|p1a: Rapidash|confusion
|-damage|p1a: Rapidash|47\/300 tox|[from] confusion
|-damage|p1a: Rapidash|11\/300 tox|[from] tox|[of] p2a: Shellder
|move|p2a: Shellder|Blizzard|p1a: Rapidash
|-damage|p1a: Rapidash|0 fnt
|faint|p1a: Rapidash
|
|switch|p1a: Pinsir|Pinsir, L85|221\/284
|turn|22
|
|switch|p2a: Muk|Muk, L90|372\/372
|move|p1a: Pinsir|Submission|p2a: Muk|[miss]
|-miss|p1a: Pinsir
|
|turn|23
|
|move|p1a: Pinsir|Hyper Beam|p2a: Muk
|-crit|p2a: Muk
|-damage|p2a: Muk|127\/372
|move|p2a: Muk|Sludge|p1a: Pinsir
|-supereffective|p1a: Pinsir
|-damage|p1a: Pinsir|79\/284
|-status|p1a: Pinsir|psn
|
|turn|24
|-mustrecharge|p1a: Pinsir
|-mustrecharge|p1a: Pinsir
|
|cant|p1a: Pinsir|recharge
|-damage|p1a: Pinsir|62\/284 psn|[from] psn|[of] p2a: Muk
|move|p2a: Muk|Sludge|p1a: Pinsir
|-supereffective|p1a: Pinsir
|-damage|p1a: Pinsir|0 fnt
|faint|p1a: Pinsir
|
|switch|p1a: Wartortle|Wartortle, L85|21\/274
|turn|25
|
|move|p1a: Wartortle|Blizzard|p2a: Muk
|-damage|p2a: Muk|51\/372
|move|p2a: Muk|Mega Drain|p1a: Wartortle
|-supereffective|p1a: Wartortle
|-damage|p1a: Wartortle|0 fnt
|-heal|p2a: Muk|61\/372|[from] drain|[of] p1a: Wartortle
|faint|p1a: Wartortle
|
|switch|p1a: Exeggutor|Exeggutor, L79|104\/312
|turn|26
|
|move|p2a: Muk|Explosion|p1a: Exeggutor
|-damage|p1a: Exeggutor|0 fnt
|faint|p1a: Exeggutor
|faint|p2a: Muk
|
|switch|p2a: Marowak|Marowak, L90|92\/291
|switch|p1a: Oddish|Oddish, L96|281\/281
|turn|27
|
|move|p2a: Marowak|Blizzard|p1a: Oddish
|-supereffective|p1a: Oddish
|-damage|p1a: Oddish|156\/281
|move|p1a: Oddish|Double-Edge|p2a: Marowak
|-damage|p2a: Marowak|39\/291
|-damage|p1a: Oddish|143\/281|[from] recoil|[of] p2a: Marowak
|
|turn|28
|
|move|p2a: Marowak|Blizzard|p1a: Oddish
|-supereffective|p1a: Oddish
|-damage|p1a: Oddish|21\/281
|move|p1a: Oddish|Double-Edge|p2a: Marowak
|-damage|p2a: Marowak|0 fnt
|-damage|p1a: Oddish|12\/281|[from] recoil|[of] p2a: Marowak
|faint|p2a: Marowak
|
|switch|p2a: Ninetales|Ninetales, L85|219\/298 slp
|turn|29
|
|switch|p1a: Porygon|Porygon, L85|67\/284
|cant|p2a: Ninetales|slp
|
|turn|30
|
|cant|p2a: Ninetales|slp
|move|p1a: Porygon|Recover|p1a: Porygon
|-heal|p1a: Porygon|209\/284
|
|turn|31
|
|cant|p2a: Ninetales|slp
|move|p1a: Porygon|Recover|p1a: Porygon
|-heal|p1a: Porygon|284\/284
|
|turn|32
|
|cant|p2a: Ninetales|slp
|move|p1a: Porygon|Sharpen|p1a: Porygon
|-boost|p1a: Porygon|atk|1
|
|turn|33
|
|-curestatus|p2a: Ninetales|slp
|move|p1a: Porygon|Sharpen|p1a: Porygon
|-boost|p1a: Porygon|atk|1
|
|turn|34
|
|move|p2a: Ninetales|Confuse Ray|p1a: Porygon
|-start|p1a: Porygon|confusion
|-activate|p1a: Porygon|confusion
|-damage|p1a: Porygon|230\/284|[from] confusion
|
|turn|35
|
|move|p2a: Ninetales|Fire Blast|p1a: Porygon
|-crit|p1a: Porygon
|-damage|p1a: Porygon|0 fnt
|faint|p1a: Porygon
|
|switch|p1a: Oddish|Oddish, L96|12\/281
|turn|36
|
|move|p2a: Ninetales|Fire Blast|p1a: Oddish
|-supereffective|p1a: Oddish
|-damage|p1a: Oddish|0 fnt
|faint|p1a: Oddish
|
|win|Edux17
||Ladder (probably) updated, but score could not be retrieved (Response not received).
|leave|XianJu
|player|p1