|join|Shax
|join|angry Moron
|player|p1|Shax|101
|player|p2|angry Moron|275
|gametype|singles
|gen|1
|tier|[Gen 1] OU (beta)
|rated
|rule|Sleep Clause Mod: Limit one foe put to sleep
|rule|Species Clause: Limit one of each Pokemon
|rule|OHKO Clause: OHKO moves are banned
|rule|Moody Clause: Moody is banned
|rule|Evasion Moves Clause: Evasion moves are banned
|rule|Endless Battle Clause: Forcing endless battles is banned.
|rule|HP Percentage Mod: HP is reported as percentages
|
|start
|switch|p1a: Alakazam|Alakazam|313\/313
|switch|p2a: Alakazam|Alakazam|313\/313
|turn|1
|callback|decision
|join|CaterpieFlow
|
|move|p2a: Alakazam|Thunder Wave|p1a: Alakazam
|-status|p1a: Alakazam|par
|move|p1a: Alakazam|Thunder Wave|p2a: Alakazam
|-status|p2a: Alakazam|par
|
|turn|2
|callback|decision
|
|switch|p1a: Zapdos|Zapdos|383\/383
|switch|p2a: Snorlax|Snorlax|523\/523
|
|turn|3
|callback|decision
|
|move|p1a: Zapdos|Thunder Wave|p2a: Snorlax
|-status|p2a: Snorlax|par
|move|p2a: Snorlax|Body Slam|p1a: Zapdos
|-damage|p1a: Zapdos|270\/383
|
|turn|4
|callback|decision
|
|move|p1a: Zapdos|Thunderbolt|p2a: Snorlax
|-damage|p2a: Snorlax|345\/523 par
|move|p2a: Snorlax|Body Slam|p1a: Zapdos
|-damage|p1a: Zapdos|156\/383
|-status|p1a: Zapdos|par
|
|turn|5
|callback|decision
|
|move|p1a: Zapdos|Thunderbolt|p2a: Snorlax
|-crit|p2a: Snorlax
|-damage|p2a: Snorlax|32\/523 par
|move|p2a: Snorlax|Hyper Beam|p1a: Zapdos
|-damage|p1a: Zapdos|0 fnt
|faint|p1a: Zapdos
|
|callback|decision
|
|switch|p1a: Starmie|Starmie|323\/323
|turn|6
|callback|decision
|
|switch|p2a: Chansey|Chansey|703\/703
|move|p1a: Starmie|Surf|p2a: Chansey
|-damage|p2a: Chansey|598\/703
|
|turn|7
|callback|decision
|
|switch|p1a: Tauros|Tauros|353\/353
|move|p2a: Chansey|Thunderbolt|p1a: Tauros
|-damage|p1a: Tauros|252\/353
|
|turn|8
|callback|decision
|
|switch|p2a: Cloyster|Cloyster|303\/303
|move|p1a: Tauros|Body Slam|p2a: Cloyster
|-damage|p2a: Cloyster|240\/303
|
|turn|9
|callback|decision
|
|switch|p1a: Starmie|Starmie|323\/323
|move|p2a: Cloyster|Blizzard|p1a: Starmie
|-resisted|p1a: Starmie
|-damage|p1a: Starmie|263\/323
|
|turn|10
|callback|decision
|
|switch|p2a: Chansey|Chansey|598\/703
|move|p1a: Starmie|Thunderbolt|p2a: Chansey
|-damage|p2a: Chansey|527\/703
|
|turn|11
|callback|decision
|
|switch|p1a: Snorlax|Snorlax|523\/523
|move|p2a: Chansey|Thunder Wave|p1a: Snorlax
|-status|p1a: Snorlax|par
|
|turn|12
|callback|decision
|
|switch|p2a: Cloyster|Cloyster|240\/303
|move|p1a: Snorlax|Body Slam|p2a: Cloyster
|-damage|p2a: Cloyster|167\/303
|
|turn|13
|callback|decision
|
|move|p2a: Cloyster|Clamp|p1a: Snorlax|[miss]
|-miss|p2a: Cloyster
|move|p1a: Snorlax|Body Slam|p2a: Cloyster
|-crit|p2a: Cloyster
|-damage|p2a: Cloyster|28\/303
|
|turn|14
|callback|decision
|
|move|p2a: Cloyster|Blizzard|p1a: Snorlax
|-crit|p1a: Snorlax
|-damage|p1a: Snorlax|196\/523 par
|cant|p1a: Snorlax|par
|
|turn|15
|callback|decision
|
|move|p2a: Cloyster|Blizzard|p1a: Snorlax
|-damage|p1a: Snorlax|20\/523 par
|cant|p1a: Snorlax|par
|
|turn|16
|callback|decision
|
|move|p2a: Cloyster|Surf|p1a: Snorlax
|-damage|p1a: Snorlax|0 fnt
|faint|p1a: Snorlax
|
|callback|decision
|
|switch|p1a: Tauros|Tauros|252\/353
|turn|17
|callback|decision
|
|move|p1a: Tauros|Body Slam|p2a: Cloyster
|-crit|p2a: Cloyster
|-damage|p2a: Cloyster|0 fnt
|faint|p2a: Cloyster
|
|callback|decision
|
|switch|p2a: Chansey|Chansey|527\/703
|turn|18
|callback|decision
|
|move|p1a: Tauros|Body Slam|p2a: Chansey
|-damage|p2a: Chansey|259\/703
|move|p2a: Chansey|Thunder Wave|p1a: Tauros
|-status|p1a: Tauros|par
|
|turn|19
|callback|decision
|
|move|p2a: Chansey|Soft-Boiled|p2a: Chansey
|-heal|p2a: Chansey|610\/703
|move|p1a: Tauros|Body Slam|p2a: Chansey
|-damage|p2a: Chansey|318\/703
|-status|p2a: Chansey|par
|
|turn|20
|callback|decision
|
|switch|p2a: Dragonite|Dragonite|385\/385
|move|p1a: Tauros|Hyper Beam|p2a: Dragonite
|-damage|p2a: Dragonite|199\/385
|
|turn|21
|callback|decision
|
|move|p2a: Dragonite|Agility|p2a: Dragonite
|-boost|p2a: Dragonite|spe|2
|cant|p1a: Tauros|recharge
|
|turn|22
|callback|decision
|
|move|p2a: Dragonite|Wrap|p1a: Tauros|[miss]
|-miss|p2a: Dragonite
|cant|p1a: Tauros|par
|
|turn|23
|callback|decision
|chat|CaterpieFlow|uh oh
|
|move|p2a: Dragonite|Wrap|p1a: Tauros
|-crit|p1a: Tauros
|-damage|p1a: Tauros|218\/353 par
|-activate|p1a: Tauros|move: Wrap|[of] p2a: Dragonite
|cant|p1a: Tauros|partiallytrapped
|
|turn|24
|callback|decision
|
|move|p2a: Dragonite|Wrap|p1a: Tauros
|-damage|p1a: Tauros|184\/353 par
|cant|p1a: Tauros|partiallytrapped
|
|turn|25
|callback|decision
|
|move|p2a: Dragonite|Wrap|p1a: Tauros
|-damage|p1a: Tauros|150\/353 par
|cant|p1a: Tauros|partiallytrapped
|
|-end|p1a: Tauros|Wrap|[partiallytrapped]
|turn|26
|callback|decision
|chat|CaterpieFlow|im beginning to feel like a Wrap God
|
|move|p2a: Dragonite|Wrap|p1a: Tauros
|-damage|p1a: Tauros|133\/353 par
|-activate|p1a: Tauros|move: Wrap|[of] p2a: Dragonite
|cant|p1a: Tauros|partiallytrapped
|
|turn|27
|callback|decision
|
|move|p2a: Dragonite|Wrap|p1a: Tauros
|-damage|p1a: Tauros|116\/353 par
|cant|p1a: Tauros|partiallytrapped
|
|turn|28
|callback|decision
|chat|angry Moron|haha
|
|move|p2a: Dragonite|Wrap|p1a: Tauros
|-damage|p1a: Tauros|99\/353 par
|cant|p1a: Tauros|partiallytrapped
|
|-end|p1a: Tauros|Wrap|[partiallytrapped]
|turn|29
|callback|decision
|
|move|p2a: Dragonite|Wrap|p1a: Tauros
|-damage|p1a: Tauros|84\/353 par
|-activate|p1a: Tauros|move: Wrap|[of] p2a: Dragonite
|cant|p1a: Tauros|partiallytrapped
|
|turn|30
|callback|decision
|chat|CaterpieFlow|angry ur a n00b
|chat|CaterpieFlow|lol
|chat|angry Moron|how?
|chat|CaterpieFlow|this might get into gen 2 turns
|chat|CaterpieFlow|agility wrap
|chat|CaterpieFlow|kidding tho
|
|move|p2a: Dragonite|Wrap|p1a: Tauros
|-damage|p1a: Tauros|69\/353 par
|cant|p1a: Tauros|partiallytrapped
|
|turn|31
|callback|decision
|
|move|p2a: Dragonite|Wrap|p1a: Tauros
|-damage|p1a: Tauros|54\/353 par
|cant|p1a: Tauros|partiallytrapped
|
|turn|32
|callback|decision
|chat|angry Moron|oh
|chat|angry Moron|I was about to take offense
|
|move|p2a: Dragonite|Wrap|p1a: Tauros
|-damage|p1a: Tauros|39\/353 par
|cant|p1a: Tauros|partiallytrapped
|
|turn|33
|callback|decision
|chat|CaterpieFlow|lol
|
|move|p2a: Dragonite|Wrap|p1a: Tauros
|-damage|p1a: Tauros|24\/353 par
|cant|p1a: Tauros|partiallytrapped
|
|-end|p1a: Tauros|Wrap|[partiallytrapped]
|turn|34
|callback|decision
|
|move|p2a: Dragonite|Blizzard|p1a: Tauros
|-crit|p1a: Tauros
|-damage|p1a: Tauros|0 fnt
|faint|p1a: Tauros
|
|callback|decision
|chat|CaterpieFlow|nah i joke around a lot
|
|switch|p1a: Starmie|Starmie|263\/323
|turn|35
|callback|decision
|
|move|p2a: Dragonite|Wrap|p1a: Starmie|[miss]
|-miss|p2a: Dragonite
|move|p1a: Starmie|Blizzard|p2a: Dragonite
|-supereffective|p2a: Dragonite
|-damage|p2a: Dragonite|0 fnt
|faint|p2a: Dragonite
|
|callback|decision
|chat|angry Moron|ahh
|chat|CaterpieFlow|noice
|
|switch|p2a: Chansey|Chansey|318\/703 par
|turn|36
|callback|decision
|chat|CaterpieFlow|yeah
|chat|CaterpieFlow|lol
|
|move|p1a: Starmie|Surf|p2a: Chansey
|-crit|p2a: Chansey
|-damage|p2a: Chansey|96\/703 par
|cant|p2a: Chansey|par
|
|turn|37
|callback|decision
|chat|angry Moron|NO
|
|move|p1a: Starmie|Surf|p2a: Chansey
|-damage|p2a: Chansey|0 fnt
|faint|p2a: Chansey
|
|callback|decision
|chat|CaterpieFlow|lolol
|
|switch|p2a: Alakazam|Alakazam|313\/313 par
|turn|38
|callback|decision
|
|move|p1a: Starmie|Surf|p2a: Alakazam
|-damage|p2a: Alakazam|222\/313 par
|move|p2a: Alakazam|Thunder Wave|p1a: Starmie
|-status|p1a: Starmie|par
|
|turn|39
|callback|decision
|
|move|p2a: Alakazam|Psychic|p1a: Starmie
|-resisted|p1a: Starmie
|-damage|p1a: Starmie|202\/323 par
|cant|p1a: Starmie|par
|
|turn|40
|callback|decision
|
|cant|p2a: Alakazam|par
|move|p1a: Starmie|Surf|p2a: Alakazam
|-damage|p2a: Alakazam|129\/313 par
|
|turn|41
|callback|decision
|
|move|p2a: Alakazam|Recover|p2a: Alakazam
|-heal|p2a: Alakazam|285\/313 par
|cant|p1a: Starmie|par
|
|turn|42
|callback|decision
|chat|CaterpieFlow|why does kazam have  balk in this gen
|
|move|p2a: Alakazam|Psychic|p1a: Starmie
|-resisted|p1a: Starmie
|-damage|p1a: Starmie|142\/323 par
|-unboost|p1a: Starmie|spd|1
|-unboost|p1a: Starmie|spa|1
|move|p1a: Starmie|Recover|p1a: Starmie
|-heal|p1a: Starmie|303\/323 par
|
|turn|43
|callback|decision
|chat|Shax|because special is 1 stat
|chat|CaterpieFlow|ooh yeah
|chat|Shax|which is also why chansey has bulk and offense
|
|switch|p1a: Alakazam|Alakazam|313\/313 par
|move|p2a: Alakazam|Psychic|p1a: Alakazam
|-crit|p1a: Alakazam
|-resisted|p1a: Alakazam
|-damage|p1a: Alakazam|216\/313 par
|-unboost|p1a: Alakazam|spd|1
|-unboost|p1a: Alakazam|spa|1
|
|turn|44
|callback|decision
|chat|CaterpieFlow|forgot
|chat|CaterpieFlow|thats why there is attacking chanseys
|
|move|p2a: Alakazam|Psychic|p1a: Alakazam
|-resisted|p1a: Alakazam
|-damage|p1a: Alakazam|135\/313 par
|-unboost|p1a: Alakazam|spd|1
|-unboost|p1a: Alakazam|spa|1
|move|p1a: Alakazam|Seismic Toss|p2a: Alakazam
|-damage|p2a: Alakazam|185\/313 par
|
|turn|45
|callback|decision
|chat|CaterpieFlow|lol
|chat|angry Moron|wats ur last poke
|chat|CaterpieFlow|its
|chat|CaterpieFlow|oddish
|
|switch|p2a: Tauros|Tauros|353\/353
|move|p1a: Alakazam|Recover|p1a: Alakazam
|-heal|p1a: Alakazam|291\/313 par
|
|turn|46
|callback|decision
|
|move|p2a: Tauros|Hyper Beam|p1a: Alakazam
|-damage|p1a: Alakazam|21\/313 par
|move|p1a: Alakazam|Thunder Wave|p2a: Tauros
|-status|p2a: Tauros|par
|
|turn|47
|callback|decision
|chat|angry Moron|NO
|chat|angry Moron|low roll
|chat|CaterpieFlow|xD
|chat|angry Moron|FUCK
|
|move|p1a: Alakazam|Recover|p1a: Alakazam
|-heal|p1a: Alakazam|177\/313 par
|cant|p2a: Tauros|recharge
|
|turn|48
|callback|decision
|
|move|p1a: Alakazam|Recover|p1a: Alakazam
|-heal|p1a: Alakazam|313\/313 par
|move|p2a: Tauros|Body Slam|p1a: Alakazam
|-damage|p1a: Alakazam|150\/313 par
|
|turn|49
|callback|decision
|
|move|p1a: Alakazam|Recover|p1a: Alakazam
|-heal|p1a: Alakazam|306\/313 par
|cant|p2a: Tauros|par
|
|turn|50
|callback|decision
|
|switch|p2a: Alakazam|Alakazam|185\/313 par
|cant|p1a: Alakazam|par
|
|turn|51
|callback|decision
|
|cant|p2a: Alakazam|par
|move|p1a: Alakazam|Seismic Toss|p2a: Alakazam
|-damage|p2a: Alakazam|85\/313 par
|
|turn|52
|callback|decision
|
|move|p2a: Alakazam|Recover|p2a: Alakazam
|-heal|p2a: Alakazam|241\/313 par
|cant|p1a: Alakazam|par
|
|turn|53
|callback|decision
|
|move|p1a: Alakazam|Seismic Toss|p2a: Alakazam
|-damage|p2a: Alakazam|141\/313 par
|cant|p2a: Alakazam|par
|
|turn|54
|callback|decision
|
|move|p2a: Alakazam|Recover|p2a: Alakazam
|-heal|p2a: Alakazam|297\/313 par
|move|p1a: Alakazam|Seismic Toss|p2a: Alakazam
|-damage|p2a: Alakazam|197\/313 par
|
|turn|55
|callback|decision
|
|move|p2a: Alakazam|Psychic|p1a: Alakazam
|-resisted|p1a: Alakazam
|-damage|p1a: Alakazam|207\/313 par
|move|p1a: Alakazam|Seismic Toss|p2a: Alakazam
|-damage|p2a: Alakazam|97\/313 par
|
|turn|56
|callback|decision
|
|move|p2a: Alakazam|Recover|p2a: Alakazam
|-heal|p2a: Alakazam|253\/313 par
|move|p1a: Alakazam|Seismic Toss|p2a: Alakazam
|-damage|p2a: Alakazam|153\/313 par
|
|turn|57
|callback|decision
|
|move|p2a: Alakazam|Psychic|p1a: Alakazam
|-crit|p1a: Alakazam
|-resisted|p1a: Alakazam
|-damage|p1a: Alakazam|102\/313 par
|-unboost|p1a: Alakazam|spd|1
|-unboost|p1a: Alakazam|spa|1
|move|p1a: Alakazam|Seismic Toss|p2a: Alakazam|[miss]
|-miss|p1a: Alakazam
|
|turn|58
|callback|decision
|
|switch|p1a: Chansey|Chansey|703\/703
|cant|p2a: Alakazam|par
|
|turn|59
|callback|decision
|
|switch|p1a: Alakazam|Alakazam|102\/313 par
|move|p2a: Alakazam|Recover|p2a: Alakazam
|-heal|p2a: Alakazam|309\/313 par
|
|turn|60
|callback|decision
|chat|CaterpieFlow|perfect gen 1 team:Oddish,caterpie,pidgey,ratatta,geodude,and drowzee
|chat|CaterpieFlow|sweep team
|
|move|p1a: Alakazam|Recover|p1a: Alakazam
|-heal|p1a: Alakazam|258\/313 par
|cant|p2a: Alakazam|par
|
|turn|61
|callback|decision
|
|move|p2a: Alakazam|Psychic|p1a: Alakazam
|-crit|p1a: Alakazam
|-resisted|p1a: Alakazam
|-damage|p1a: Alakazam|148\/313 par
|move|p1a: Alakazam|Seismic Toss|p2a: Alakazam
|-damage|p2a: Alakazam|209\/313 par
|
|turn|62
|callback|decision
|
|move|p1a: Alakazam|Recover|p1a: Alakazam
|-heal|p1a: Alakazam|304\/313 par
|move|p2a: Alakazam|Psychic|p1a: Alakazam
|-crit|p1a: Alakazam
|-resisted|p1a: Alakazam
|-damage|p1a: Alakazam|198\/313 par
|-unboost|p1a: Alakazam|spd|1
|-unboost|p1a: Alakazam|spa|1
|
|turn|63
|callback|decision
|
|move|p2a: Alakazam|Psychic|p1a: Alakazam
|-crit|p1a: Alakazam
|-resisted|p1a: Alakazam
|-damage|p1a: Alakazam|88\/313 par
|move|p1a: Alakazam|Seismic Toss|p2a: Alakazam
|-damage|p2a: Alakazam|109\/313 par
|
|turn|64
|callback|decision
|
|switch|p1a: Chansey|Chansey|703\/703
|move|p2a: Alakazam|Psychic|p1a: Chansey
|-damage|p1a: Chansey|568\/703
|
|turn|65
|callback|decision
|
|switch|p1a: Alakazam|Alakazam|88\/313 par
|switch|p2a: Tauros|Tauros|353\/353 par
|
|turn|66
|callback|decision
|
|cant|p1a: Alakazam|par
|move|p2a: Tauros|Hyper Beam|p1a: Alakazam
|-damage|p1a: Alakazam|0 fnt
|faint|p1a: Alakazam
|
|callback|decision
|chat|angry Moron|finaly
|chat|CaterpieFlow|yep gen 2 turns
|
|switch|p1a: Starmie|Starmie|303\/323 par
|turn|67
|callback|decision
|
|switch|p2a: Snorlax|Snorlax|32\/523 par
|move|p1a: Starmie|Surf|p2a: Snorlax
|-damage|p2a: Snorlax|0 fnt
|faint|p2a: Snorlax
|
|callback|decision
|
|switch|p2a: Alakazam|Alakazam|109\/313 par
|turn|68
|callback|decision
|
|cant|p2a: Alakazam|par
|cant|p1a: Starmie|par
|
|turn|69
|callback|decision
|
|move|p2a: Alakazam|Recover|p2a: Alakazam
|-heal|p2a: Alakazam|265\/313 par
|cant|p1a: Starmie|par
|
|turn|70
|callback|decision
|
|move|p2a: Alakazam|Psychic|p1a: Starmie
|-resisted|p1a: Starmie
|-damage|p1a: Starmie|240\/323 par
|move|p1a: Starmie|Surf|p2a: Alakazam
|-damage|p2a: Alakazam|168\/313 par
|
|turn|71
|callback|decision
|
|move|p2a: Alakazam|Recover|p2a: Alakazam
|-heal|p2a: Alakazam|313\/313 par
|cant|p1a: Starmie|par
|
|turn|72
|callback|decision
|
|move|p2a: Alakazam|Psychic|p1a: Starmie
|-crit|p1a: Starmie
|-resisted|p1a: Starmie
|-damage|p1a: Starmie|107\/323 par
|-unboost|p1a: Starmie|spd|1
|-unboost|p1a: Starmie|spa|1
|move|p1a: Starmie|Surf|p2a: Alakazam
|-damage|p2a: Alakazam|257\/313 par
|
|turn|73
|callback|decision
|
|switch|p1a: Chansey|Chansey|568\/703
|cant|p2a: Alakazam|par
|
|turn|74
|callback|decision
|
|switch|p2a: Tauros|Tauros|353\/353 par
|move|p1a: Chansey|Ice Beam|p2a: Tauros
|-damage|p2a: Tauros|250\/353 par
|
|turn|75
|callback|decision
|
|move|p1a: Chansey|Ice Beam|p2a: Tauros
|-damage|p2a: Tauros|149\/353 par
|move|p2a: Tauros|Body Slam|p1a: Chansey
|-damage|p1a: Chansey|279\/703
|
|turn|76
|callback|decision
|chat|angry Moron|dont use counter
|
|move|p1a: Chansey|Soft-Boiled|p1a: Chansey
|-heal|p1a: Chansey|630\/703
|move|p2a: Tauros|Body Slam|p1a: Chansey
|-crit|p1a: Chansey
|-damage|p1a: Chansey|69\/703
|
|turn|77
|callback|decision
|
|move|p1a: Chansey|Soft-Boiled|p1a: Chansey
|-heal|p1a: Chansey|420\/703
|move|p2a: Tauros|Hyper Beam|p1a: Chansey|[miss]
|-miss|p2a: Tauros
|
|turn|78
|callback|decision
|chat|angry Moron|man
|chat|angry Moron|i'm mad
|chat|CaterpieFlow|is STAB in gen 1?
|chat|CaterpieFlow|lol
|chat|angry Moron|what is?
|
|move|p1a: Chansey|Ice Beam|p2a: Tauros
|-damage|p2a: Tauros|55\/353 par
|move|p2a: Tauros|Body Slam|p1a: Chansey
|-damage|p1a: Chansey|137\/703
|-status|p1a: Chansey|par
|
|turn|79
|callback|decision
|
|move|p2a: Tauros|Hyper Beam|p1a: Chansey
|-damage|p1a: Chansey|0 fnt
|faint|p1a: Chansey
|
|callback|decision
|
|switch|p1a: Starmie|Starmie|107\/323 par
|turn|80
|callback|decision
|chat|CaterpieFlow|yeah
|chat|CaterpieFlow|it is
|
|move|p1a: Starmie|Surf|p2a: Tauros
|-damage|p2a: Tauros|0 fnt
|faint|p2a: Tauros
|
|callback|decision
|
|switch|p2a: Alakazam|Alakazam|257\/313 par
|turn|81
|callback|decision
|
|move|p2a: Alakazam|Psychic|p1a: Starmie
|-resisted|p1a: Starmie
|-damage|p1a: Starmie|47\/323 par
|move|p1a: Starmie|Surf|p2a: Alakazam
|-damage|p2a: Alakazam|173\/313 par
|
|turn|82
|callback|decision
|chat|CaterpieFlow|uh o
|chat|CaterpieFlow|uh oh
|chat|CaterpieFlow|this seems familiar
|chat|angry Moron|aww
|chat|angry Moron|awwwww
|chat|CaterpieFlow|xD
|chat|angry Moron|now
|chat|angry Moron|please
|chat|angry Moron|let ME have the luck at least this once
|chat|CaterpieFlow|xD
|
|move|p2a: Alakazam|Psychic|p1a: Starmie
|-resisted|p1a: Starmie
|-damage|p1a: Starmie|0 fnt
|faint|p1a: Starmie
|
|win|angry Moron
|raw|Ladder updating...
|chat|angry Moron|yeds
|chat|CaterpieFlow|gg
|raw|Shax's rating: 1123 &rarr; <strong>1105<\/strong><br \/>(-18 for losing)
|raw|angry Moron's rating: 1227 &rarr; <strong>1244<\/strong><br \/>(+17 for winning)
|chat|angry Moron|gg
|leave|CaterpieFlow
|leave|Shax
|player|p1