|join|philowe2001
|join|MALESANI
|player|p1|philowe2001|217
|player|p2|MALESANI|238
|gametype|singles
|gen|1
|tier|[Gen 1] Random Battle
|rated
|seed|57650,31464,32164,63048
|rule|Sleep Clause Mod: Limit one foe put to sleep
|rule|Freeze Clause Mod: Limit one foe frozen
|rule|HP Percentage Mod: HP is shown in percentages
|
|start
|switch|p1a: Wigglytuff|Wigglytuff, L90|435\/435
|switch|p2a: Nidoran-M|Nidoran-M, L96|283\/283
|turn|1
|choice|move 4|move 4
|
|move|p2a: Nidoran-M|Double-Edge|p1a: Wigglytuff
|-damage|p1a: Wigglytuff|343\/435
|-damage|p2a: Nidoran-M|260\/283|[from] recoil|[of] p1a: Wigglytuff
|move|p1a: Wigglytuff|Thunder Wave|p2a: Nidoran-M
|-status|p2a: Nidoran-M|par
|
|turn|2
|choice|move 1|move 4
|
|move|p1a: Wigglytuff|Double-Edge|p2a: Nidoran-M
|-damage|p2a: Nidoran-M|124\/283 par
|-damage|p1a: Wigglytuff|309\/435|[from] recoil|[of] p2a: Nidoran-M
|move|p2a: Nidoran-M|Double-Edge|p1a: Wigglytuff
|-damage|p1a: Wigglytuff|213\/435
|-damage|p2a: Nidoran-M|100\/283 par|[from] recoil|[of] p1a: Wigglytuff
|
|turn|3
|choice|move 1|move 4
|
|move|p1a: Wigglytuff|Double-Edge|p2a: Nidoran-M
|-damage|p2a: Nidoran-M|0 fnt
|-damage|p1a: Wigglytuff|188\/435|[from] recoil|[of] p2a: Nidoran-M
|faint|p2a: Nidoran-M
|choice||switch 5
|
|switch|p2a: Primeape|Primeape, L90|300\/300
|turn|4
|choice|move 4|move 2
|
|move|p2a: Primeape|Mega Kick|p1a: Wigglytuff
|-damage|p1a: Wigglytuff|53\/435
|move|p1a: Wigglytuff|Thunder Wave|p2a: Primeape
|-status|p2a: Primeape|par
|
|turn|5
|choice|move 3|move 2
|
|move|p1a: Wigglytuff|Hyper Beam|p2a: Primeape
|-damage|p2a: Primeape|117\/300 par
|move|p2a: Primeape|Mega Kick|p1a: Wigglytuff
|-damage|p1a: Wigglytuff|0 fnt
|faint|p1a: Wigglytuff
|choice|switch 3|
|
|switch|p1a: Electabuzz|Electabuzz, L85|284\/284
|turn|6
|choice|move 2|switch 6
|
|switch|p2a: Rhydon|Rhydon, L79|328\/328
|move|p1a: Electabuzz|Psychic|p2a: Rhydon
|-damage|p2a: Rhydon|234\/328
|
|turn|7
|choice|switch 4|move 2
|
|switch|p1a: Wartortle|Wartortle, L85|274\/274
|move|p2a: Rhydon|Earthquake|p1a: Wartortle
|-damage|p1a: Wartortle|165\/274
|
|turn|8
|choice|move 4|switch 4
|
|switch|p2a: Seaking|Seaking, L90|327\/327
|move|p1a: Wartortle|Surf|p2a: Seaking
|-resisted|p2a: Seaking
|-damage|p2a: Seaking|289\/327
|
|turn|9
|choice|move 2|move 4
|
|move|p2a: Seaking|Blizzard|p1a: Wartortle
|-resisted|p1a: Wartortle
|-damage|p1a: Wartortle|119\/274
|move|p1a: Wartortle|Body Slam|p2a: Seaking
|-damage|p2a: Seaking|230\/327
|
|turn|10
|choice|move 2|move 2
|
|move|p2a: Seaking|Double-Edge|p1a: Wartortle
|-damage|p1a: Wartortle|35\/274
|-damage|p2a: Seaking|209\/327|[from] recoil|[of] p1a: Wartortle
|move|p1a: Wartortle|Body Slam|p2a: Seaking
|-damage|p2a: Seaking|156\/327
|
|turn|11
|choice|move 2|move 1
|
|move|p2a: Seaking|Surf|p1a: Wartortle
|-resisted|p1a: Wartortle
|-damage|p1a: Wartortle|0 fnt
|faint|p1a: Wartortle
|choice|switch 4|
|
|switch|p1a: Electabuzz|Electabuzz, L85|284\/284
|turn|12
|choice|switch 2|switch 4
|
|switch|p1a: Articuno|Articuno, L79|304\/304
|switch|p2a: Rhydon|Rhydon, L79|234\/328
|
|turn|13
|choice|move 1|switch 6
|
|switch|p2a: Primeape|Primeape, L90|117\/300 par
|move|p1a: Articuno|Blizzard|p2a: Primeape
|-damage|p2a: Primeape|0 fnt
|faint|p2a: Primeape
|choice||switch 3
|
|switch|p2a: Electrode|Electrode, L90|291\/291
|turn|14
|choice|switch 5|move 2
|
|switch|p1a: Clefable|Clefable, L85|335\/335
|move|p2a: Electrode|Thunder|p1a: Clefable
|-damage|p1a: Clefable|210\/335
|-status|p1a: Clefable|par
|
|turn|15
|choice|move 2|move 2
|
|move|p2a: Electrode|Thunder|p1a: Clefable
|-damage|p1a: Clefable|84\/335 par
|cant|p1a: Clefable|par
|
|turn|16
|choice|move 2|move 2
|
|move|p2a: Electrode|Thunder|p1a: Clefable
|-damage|p1a: Clefable|0 fnt
|faint|p1a: Clefable
|choice|switch 2|
|
|switch|p1a: Electabuzz|Electabuzz, L85|284\/284
|turn|17
|choice|move 1|move 4
|
|move|p2a: Electrode|Flash|p1a: Electabuzz
|-unboost|p1a: Electabuzz|accuracy|1
|move|p1a: Electabuzz|Thunder Wave|p2a: Electrode
|-status|p2a: Electrode|par
|
|turn|18
|choice|move 2|switch 6
|
|switch|p2a: Rhydon|Rhydon, L79|234\/328
|move|p1a: Electabuzz|Psychic|p2a: Rhydon
|-damage|p2a: Rhydon|139\/328
|
|turn|19
|choice|switch 5|move 3
|
|switch|p1a: Articuno|Articuno, L79|304\/304
|move|p2a: Rhydon|Rock Slide|p1a: Articuno
|-supereffective|p1a: Articuno
|-damage|p1a: Articuno|0 fnt
|faint|p1a: Articuno
|choice|switch 6|
|
|switch|p1a: Hitmonchan|Hitmonchan, L90|273\/273
|turn|20
|choice|move 2|switch 4
|
|switch|p2a: Seaking|Seaking, L90|156\/327
|move|p1a: Hitmonchan|Submission|p2a: Seaking
|-crit|p2a: Seaking
|-damage|p2a: Seaking|0 fnt
|-damage|p1a: Hitmonchan|234\/273|[from] recoil|[of] p2a: Seaking
|faint|p2a: Seaking
|choice||switch 2
|
|switch|p2a: Flareon|Flareon, L90|300\/300
|turn|21
|choice|move 2|move 1
|
|move|p1a: Hitmonchan|Submission|p2a: Flareon
|-damage|p2a: Flareon|181\/300
|-damage|p1a: Hitmonchan|205\/273|[from] recoil|[of] p2a: Flareon
|move|p2a: Flareon|Fire Blast|p1a: Hitmonchan|[miss]
|-miss|p2a: Flareon
|
|turn|22
|choice|move 1|move 1
|
|move|p1a: Hitmonchan|Body Slam|p2a: Flareon
|-crit|p2a: Flareon
|-damage|p2a: Flareon|12\/300
|move|p2a: Flareon|Fire Blast|p1a: Hitmonchan
|-damage|p1a: Hitmonchan|0 fnt
|faint|p1a: Hitmonchan
|choice|switch 5|
|
|switch|p1a: Electabuzz|Electabuzz, L85|284\/284
|turn|23
|choice|move 2|move 2
|
|move|p2a: Flareon|Quick Attack|p1a: Electabuzz
|-damage|p1a: Electabuzz|235\/284
|move|p1a: Electabuzz|Psychic|p2a: Flareon
|-damage|p2a: Flareon|0 fnt
|faint|p2a: Flareon
|choice||switch 4
|
|switch|p2a: Rhydon|Rhydon, L79|139\/328
|turn|24
|choice|move 2|move 2
|
|move|p1a: Electabuzz|Psychic|p2a: Rhydon
|-damage|p2a: Rhydon|40\/328
|move|p2a: Rhydon|Earthquake|p1a: Electabuzz
|-crit|p1a: Electabuzz
|-supereffective|p1a: Electabuzz
|-damage|p1a: Electabuzz|0 fnt
|faint|p1a: Electabuzz
|
|win|MALESANI
|raw|philowe2001's rating: 1269 &rarr; <strong>1257<\/strong><br \/>(-12 for losing)
|raw|MALESANI's rating: 1453 &rarr; <strong>1464<\/strong><br \/>(+11 for winning)
|leave|philowe2001
|player|p1