|join|PeterPan2000
|join|Zorage
|player|p1|PeterPan2000|153
|player|p2|Zorage|166
|gametype|singles
|gen|1
|tier|[Gen 1] Random Battle
|rule|Sleep Clause Mod: Limit one foe put to sleep
|rule|Freeze Clause Mod: Limit one foe frozen
|rule|HP Percentage Mod: HP is shown in percentages
|
|start
|switch|p1a: Machamp|Machamp, L90|345\/345
|switch|p2a: Farfetch'd|Farfetch'd, L99|304\/304
|turn|1
|
|switch|p2a: Primeape|Primeape, L90|300\/300
|move|p1a: Machamp|Rock Slide|p2a: Primeape
|-resisted|p2a: Primeape
|-damage|p2a: Primeape|256\/300
|
|turn|2
|c|★PeterPan2000|hf
|
|move|p2a: Primeape|Body Slam|p1a: Machamp
|-damage|p1a: Machamp|276\/345
|move|p1a: Machamp|Earthquake|p2a: Primeape
|-damage|p2a: Primeape|149\/300
|
|turn|3
|
|move|p2a: Primeape|Body Slam|p1a: Machamp
|-damage|p1a: Machamp|202\/345
|-status|p1a: Machamp|par
|move|p1a: Machamp|Hyper Beam|p2a: Primeape
|-damage|p2a: Primeape|0 fnt
|faint|p2a: Primeape
|
|switch|p2a: Jynx|Jynx, L79|265\/265
|turn|4
|
|switch|p1a: Abra|Abra, L96|243\/243
|move|p2a: Jynx|Psychic|p1a: Abra
|-resisted|p1a: Abra
|-damage|p1a: Abra|211\/243
|-unboost|p1a: Abra|spd|1
|-unboost|p1a: Abra|spa|1
|
|turn|5
|
|switch|p2a: Pikachu|Pikachu, L96|262\/262
|move|p1a: Abra|Thunder Wave|p2a: Pikachu
|-status|p2a: Pikachu|par
|
|turn|6
|
|switch|p1a: Machamp|Machamp, L90|202\/345 par
|move|p2a: Pikachu|Thunderbolt|p1a: Machamp
|-crit|p1a: Machamp
|-damage|p1a: Machamp|25\/345 par
|
|turn|7
|
|move|p2a: Pikachu|Surf|p1a: Machamp
|-crit|p1a: Machamp
|-damage|p1a: Machamp|0 fnt
|faint|p1a: Machamp
|
|switch|p1a: Abra|Abra, L96|211\/243
|turn|8
|
|move|p1a: Abra|Psychic|p2a: Pikachu
|-crit|p2a: Pikachu
|-damage|p2a: Pikachu|0 fnt
|faint|p2a: Pikachu
|
|switch|p2a: Farfetch'd|Farfetch'd, L99|304\/304
|turn|9
|c|★PeterPan2000|lol
|
|move|p1a: Abra|Thunder Wave|p2a: Farfetch'd
|-status|p2a: Farfetch'd|par
|move|p2a: Farfetch'd|Slash|p1a: Abra
|-crit|p1a: Abra
|-damage|p1a: Abra|0 fnt
|faint|p1a: Abra
|
|switch|p1a: Pidgeot|Pidgeot, L90|333\/333
|turn|10
|
|move|p1a: Pidgeot|Double-Edge|p2a: Farfetch'd
|-damage|p2a: Farfetch'd|188\/304 par
|-damage|p1a: Pidgeot|304\/333|[from] recoil|[of] p2a: Farfetch'd
|move|p2a: Farfetch'd|Sand Attack|p1a: Pidgeot
|-unboost|p1a: Pidgeot|accuracy|1
|
|turn|11
|c|★Zorage|Why lol ?
|c|★PeterPan2000|abracrit killed pika
|
|move|p1a: Pidgeot|Double-Edge|p2a: Farfetch'd
|-damage|p2a: Farfetch'd|66\/304 par
|-damage|p1a: Pidgeot|274\/333|[from] recoil|[of] p2a: Farfetch'd
|cant|p2a: Farfetch'd|par
|
|turn|12
|c|★Zorage|No teleport
|
|move|p1a: Pidgeot|Double-Edge|p2a: Farfetch'd
|-damage|p2a: Farfetch'd|0 fnt
|-damage|p1a: Pidgeot|258\/333|[from] recoil|[of] p2a: Farfetch'd
|faint|p2a: Farfetch'd
|
|switch|p2a: Vaporeon|Vaporeon, L85|395\/395
|turn|13
|
|switch|p1a: Kadabra|Kadabra, L85|242\/242
|move|p2a: Vaporeon|Surf|p1a: Kadabra
|-damage|p1a: Kadabra|150\/242
|
|turn|14
|
|move|p1a: Kadabra|Thunder Wave|p2a: Vaporeon
|-status|p2a: Vaporeon|par
|cant|p2a: Vaporeon|par
|
|turn|15
|c|★Zorage|lol abra + kadabra
|
|move|p1a: Kadabra|Recover|p1a: Kadabra
|-heal|p1a: Kadabra|242\/242
|move|p2a: Vaporeon|Surf|p1a: Kadabra
|-crit|p1a: Kadabra
|-damage|p1a: Kadabra|57\/242
|
|turn|16
|c|★PeterPan2000|yeah^^
|
|move|p1a: Kadabra|Recover|p1a: Kadabra
|-heal|p1a: Kadabra|178\/242
|move|p2a: Vaporeon|Mimic|p1a: Kadabra
|-start|p2a: Vaporeon|Mimic|Reflect
|
|turn|17
|
|move|p1a: Kadabra|Recover|p1a: Kadabra
|-heal|p1a: Kadabra|242\/242
|move|p2a: Vaporeon|Surf|p1a: Kadabra
|-damage|p1a: Kadabra|146\/242
|
|turn|18
|
|switch|p2a: Wigglytuff|Wigglytuff, L90|435\/435
|move|p1a: Kadabra|Recover|p1a: Kadabra
|-heal|p1a: Kadabra|242\/242
|
|turn|19
|
|move|p1a: Kadabra|Reflect|p1a: Kadabra
|-start|p1a: Kadabra|Reflect
|move|p2a: Wigglytuff|Thunder Wave|p1a: Kadabra
|-status|p1a: Kadabra|par
|
|turn|20
|
|switch|p2a: Vaporeon|Vaporeon, L85|395\/395 par
|move|p1a: Kadabra|Thunder Wave|p2a: Vaporeon
|-fail|p2a: Vaporeon|par
|
|turn|21
|
|cant|p1a: Kadabra|par
|move|p2a: Vaporeon|Mimic|p1a: Kadabra
|-start|p2a: Vaporeon|Mimic|Recover
|
|turn|22
|
|move|p1a: Kadabra|Psychic|p2a: Vaporeon
|-damage|p2a: Vaporeon|301\/395 par
|move|p2a: Vaporeon|Surf|p1a: Kadabra
|-damage|p1a: Kadabra|156\/242 par
|
|turn|23
|
|cant|p1a: Kadabra|par
|move|p2a: Vaporeon|Rest|p2a: Vaporeon
|-status|p2a: Vaporeon|slp
|-heal|p2a: Vaporeon|395\/395 slp|[silent]
|-status|p2a: Vaporeon|slp|[from] move: Rest
|
|turn|24
|
|move|p1a: Kadabra|Psychic|p2a: Vaporeon
|-damage|p2a: Vaporeon|304\/395 slp
|-unboost|p2a: Vaporeon|spd|1
|-unboost|p2a: Vaporeon|spa|1
|cant|p2a: Vaporeon|slp
|
|turn|25
|
|switch|p2a: Jynx|Jynx, L79|265\/265
|move|p1a: Kadabra|Psychic|p2a: Jynx
|-resisted|p2a: Jynx
|-damage|p2a: Jynx|208\/265
|
|turn|26
|
|switch|p2a: Vaporeon|Vaporeon, L85|304\/395 slp
|cant|p1a: Kadabra|par
|
|turn|27
|
|-curestatus|p2a: Vaporeon|slp
|move|p1a: Kadabra|Psychic|p2a: Vaporeon
|-damage|p2a: Vaporeon|199\/395
|
|turn|28
|
|move|p2a: Vaporeon|Hydro Pump|p1a: Kadabra
|-crit|p1a: Kadabra
|-damage|p1a: Kadabra|0 fnt
|faint|p1a: Kadabra
|c|★Zorage|oooh
|
|switch|p1a: Nidorino|Nidorino, L90|293\/293
|turn|29
|
|move|p1a: Nidorino|Double-Edge|p2a: Vaporeon
|-damage|p2a: Vaporeon|112\/395
|-damage|p1a: Nidorino|272\/293|[from] recoil|[of] p2a: Vaporeon
|move|p2a: Vaporeon|Surf|p1a: Nidorino
|-damage|p1a: Nidorino|129\/293
|
|turn|30
|
|move|p1a: Nidorino|Thunder|p2a: Vaporeon
|-supereffective|p2a: Vaporeon
|-damage|p2a: Vaporeon|1\/395
|move|p2a: Vaporeon|Rest|p2a: Vaporeon
|-status|p2a: Vaporeon|slp
|-heal|p2a: Vaporeon|395\/395 slp|[silent]
|-status|p2a: Vaporeon|slp|[from] move: Rest
|
|turn|31
|c|★PeterPan2000|dang
|c|★Zorage|lol 1\/395 HP
|c|★PeterPan2000|vaporeon is a beast in randbats
|c|★PeterPan2000|my team does not pack an electric or grass type
|c|★Zorage|No, bests are golduck and L.68 mewtwo
|
|move|p1a: Nidorino|Double-Edge|p2a: Vaporeon
|-damage|p2a: Vaporeon|311\/395 slp
|-damage|p1a: Nidorino|108\/293|[from] recoil|[of] p2a: Vaporeon
|cant|p2a: Vaporeon|slp
|
|turn|32
|c|★Zorage|Amnesia + rest and amnesia + recover
|
|move|p1a: Nidorino|Double-Edge|p2a: Vaporeon
|-crit|p2a: Vaporeon
|-damage|p2a: Vaporeon|160\/395 slp
|-damage|p1a: Nidorino|71\/293|[from] recoil|[of] p2a: Vaporeon
|-curestatus|p2a: Vaporeon|slp
|
|turn|33
|
|move|p1a: Nidorino|Body Slam|p2a: Vaporeon
|-damage|p2a: Vaporeon|93\/395
|-status|p2a: Vaporeon|par
|move|p2a: Vaporeon|Surf|p1a: Nidorino
|-damage|p1a: Nidorino|0 fnt
|faint|p1a: Nidorino
|
|switch|p1a: Pidgeot|Pidgeot, L90|258\/333
|turn|34
|
|move|p1a: Pidgeot|Double-Edge|p2a: Vaporeon
|-crit|p2a: Vaporeon
|-damage|p2a: Vaporeon|0 fnt
|-damage|p1a: Pidgeot|235\/333|[from] recoil|[of] p2a: Vaporeon
|faint|p2a: Vaporeon
|
|switch|p2a: Wigglytuff|Wigglytuff, L90|435\/435
|turn|35
|
|move|p1a: Pidgeot|Double-Edge|p2a: Wigglytuff
|-damage|p2a: Wigglytuff|289\/435
|-damage|p1a: Pidgeot|199\/333|[from] recoil|[of] p2a: Wigglytuff
|move|p2a: Wigglytuff|Thunder Wave|p1a: Pidgeot
|-status|p1a: Pidgeot|par
|
|turn|36
|
|move|p2a: Wigglytuff|Body Slam|p1a: Pidgeot
|-damage|p1a: Pidgeot|113\/333 par
|move|p1a: Pidgeot|Hyper Beam|p2a: Wigglytuff
|-damage|p2a: Wigglytuff|74\/435
|
|turn|37
|-mustrecharge|p1a: Pidgeot
|-mustrecharge|p1a: Pidgeot
|
|move|p2a: Wigglytuff|Body Slam|p1a: Pidgeot
|-damage|p1a: Pidgeot|32\/333 par
|cant|p1a: Pidgeot|recharge
|
|turn|38
|
|move|p2a: Wigglytuff|Body Slam|p1a: Pidgeot
|-damage|p1a: Pidgeot|0 fnt
|faint|p1a: Pidgeot
|
|switch|p1a: Charmander|Charmander, L96|270\/270
|turn|39
|
|move|p1a: Charmander|Slash|p2a: Wigglytuff
|-crit|p2a: Wigglytuff
|-damage|p2a: Wigglytuff|0 fnt
|faint|p2a: Wigglytuff
|
|switch|p2a: Jynx|Jynx, L79|208\/265
|turn|40
|
|move|p2a: Jynx|Lovely Kiss|p1a: Charmander
|-status|p1a: Charmander|slp
|cant|p1a: Charmander|slp
|
|turn|41
|c|★PeterPan2000|oh lol
|c|★PeterPan2000|how fast is ur jynx?
|c|★Zorage|228 Spe. Hover it with the cursor
|c|★Zorage|Spe scales are fixed
|c|★PeterPan2000|it says 155 to 228
|c|★PeterPan2000|doesnt equal 228
|c|★Zorage|It has 228
|c|★PeterPan2000|oh ok
|
|move|p2a: Jynx|Psychic|p1a: Charmander
|-damage|p1a: Charmander|162\/270 slp
|-unboost|p1a: Charmander|spd|1
|-unboost|p1a: Charmander|spa|1
|cant|p1a: Charmander|slp
|
|turn|42
|c|★Zorage|And I know you have 219
|
|move|p2a: Jynx|Psychic|p1a: Charmander
|-damage|p1a: Charmander|5\/270 slp
|cant|p1a: Charmander|slp
|
|turn|43
|c|★PeterPan2000|yes
|c|★PeterPan2000|so i thought i might outpace
|c|★PeterPan2000|but then u moved first
|c|★PeterPan2000|so i was wondering if it was a tie maybe
|
|move|p2a: Jynx|Blizzard|p1a: Charmander
|-damage|p1a: Charmander|0 fnt
|faint|p1a: Charmander
|
|win|Zorage
|c|★Zorage|No, they always have max speed in randoms
|c|★Zorage|Just like in OU
|c|★PeterPan2000|yeah
|c|★PeterPan2000|k