|j|SomeIdiotWithAPlan
|j|Mister Ha
|player|p1|SomeIdiotWithAPlan|40
|player|p2|Mister Ha|170
|gametype|singles
|gen|1
|tier|[Gen 1] OU
|rated
|seed|
|rule|Sleep Clause Mod: Limit one foe put to sleep
|rule|Freeze Clause Mod: Limit one foe frozen
|rule|Species Clause: Limit one of each Pokémon
|rule|OHKO Clause: OHKO moves are banned
|rule|Evasion Moves Clause: Evasion moves are banned
|rule|HP Percentage Mod: HP is shown in percentages
|
|start
|switch|p1a: Fenikkusu|Charizard|100\/100
|switch|p2a: Snorlax|Snorlax|100\/100
|turn|1
|c|★SomeIdiotWithAPlan|None of what I'm doing is smart
|c|★SomeIdiotWithAPlan|Be warned
|choice||
|
|move|p1a: Fenikkusu|Fire Blast|p2a: Snorlax
|-crit|p2a: Snorlax
|-damage|p2a: Snorlax|34\/100
|move|p2a: Snorlax|Amnesia|p2a: Snorlax
|-boost|p2a: Snorlax|spd|2
|-boost|p2a: Snorlax|spa|2
|
|turn|2
|choice||
|
|move|p1a: Fenikkusu|Fire Blast|p2a: Snorlax
|-damage|p2a: Snorlax|18\/100
|move|p2a: Snorlax|Surf|p1a: Fenikkusu
|-supereffective|p1a: Fenikkusu
|-damage|p1a: Fenikkusu|24\/100
|
|turn|3
|choice||
|
|move|p1a: Fenikkusu|Earthquake|p2a: Snorlax
|-damage|p2a: Snorlax|0 fnt
|faint|p2a: Snorlax
|choice||
|
|switch|p2a: Tauros|Tauros|100\/100
|turn|4
|choice||
|
|switch|p1a: Zenita|Poliwrath|100\/100
|move|p2a: Tauros|Double-Edge|p1a: Zenita
|-damage|p1a: Zenita|71\/100
|-damage|p2a: Tauros|93\/100|[from] recoil|[of] p1a: Zenita
|
|turn|5
|choice||
|
|switch|p2a: Slowbro|Slowbro|100\/100
|move|p1a: Zenita|Submission|p2a: Slowbro
|-crit|p2a: Slowbro
|-resisted|p2a: Slowbro
|-damage|p2a: Slowbro|80\/100
|-damage|p1a: Zenita|66\/100|[from] recoil|[of] p2a: Slowbro
|
|turn|6
|choice||
|
|switch|p1a: Scott|Hypno|100\/100
|move|p2a: Slowbro|Amnesia|p2a: Slowbro
|-boost|p2a: Slowbro|spd|2
|-boost|p2a: Slowbro|spa|2
|
|turn|7
|choice||
|
|move|p1a: Scott|Hypnosis|p2a: Slowbro
|-status|p2a: Slowbro|slp
|cant|p2a: Slowbro|slp
|
|turn|8
|choice||
|
|switch|p1a: Carlo|Victreebel|100\/100
|cant|p2a: Slowbro|slp
|
|turn|9
|choice||
|
|switch|p2a: Ninetales|Ninetales|100\/100
|move|p1a: Carlo|Solar Beam|p2a: Ninetales|[still]
|-prepare|p1a: Carlo|Solar Beam|p2a: Ninetales
|
|turn|10
|choice||
|
|move|p2a: Ninetales|Flamethrower|p1a: Carlo
|-supereffective|p1a: Carlo
|-damage|p1a: Carlo|39\/100
|-status|p1a: Carlo|brn
|move|p1a: Carlo|Solar Beam|p2a: Ninetales|[from]Solar Beam
|-crit|p2a: Ninetales
|-resisted|p2a: Ninetales
|-damage|p2a: Ninetales|61\/100
|-damage|p1a: Carlo|32\/100 brn|[from] brn|[of] p2a: Ninetales
|
|turn|11
|choice||
|
|switch|p1a: Vivian|Nidoqueen|100\/100
|move|p2a: Ninetales|Flamethrower|p1a: Vivian
|-damage|p1a: Vivian|66\/100
|
|turn|12
|choice||
|
|switch|p2a: Tauros|Tauros|93\/100
|move|p1a: Vivian|Earthquake|p2a: Tauros
|-damage|p2a: Tauros|60\/100
|
|turn|13
|choice||
|
|move|p2a: Tauros|Earthquake|p1a: Vivian
|-supereffective|p1a: Vivian
|-damage|p1a: Vivian|24\/100
|move|p1a: Vivian|Double Kick|p2a: Tauros
|-supereffective|p2a: Tauros
|-damage|p2a: Tauros|47\/100
|-damage|p2a: Tauros|34\/100
|-hitcount|p2a: Tauros|2
|
|turn|14
|choice||
|
|switch|p1a: Fenikkusu|Charizard|24\/100
|move|p2a: Tauros|Earthquake|p1a: Fenikkusu
|-immune|p1a: Fenikkusu|[msg]
|
|turn|15
|choice||
|
|switch|p1a: Zenita|Poliwrath|66\/100
|move|p2a: Tauros|Double-Edge|p1a: Zenita
|-damage|p1a: Zenita|36\/100
|-damage|p2a: Tauros|26\/100|[from] recoil|[of] p1a: Zenita
|
|turn|16
|choice||
|
|move|p2a: Tauros|Hyper Beam|p1a: Zenita
|-damage|p1a: Zenita|0 fnt
|faint|p1a: Zenita
|choice||
|
|switch|p1a: Scott|Hypno|100\/100
|turn|17
|choice||
|
|move|p2a: Tauros|Hyper Beam|p1a: Scott|[miss]
|-miss|p2a: Tauros
|move|p1a: Scott|Psychic|p2a: Tauros
|-damage|p2a: Tauros|0 fnt
|faint|p2a: Tauros
|choice||
|
|switch|p2a: Rhydon|Rhydon|100\/100
|turn|18
|choice||
|
|move|p1a: Scott|Hypnosis|p2a: Rhydon|[miss]
|-miss|p1a: Scott
|move|p2a: Rhydon|Earthquake|p1a: Scott
|-damage|p1a: Scott|54\/100
|
|turn|19
|choice||
|
|move|p1a: Scott|Hypnosis|p2a: Rhydon
|-message|Sleep Clause Mod activated.
|move|p2a: Rhydon|Earthquake|p1a: Scott
|-damage|p1a: Scott|7\/100
|
|turn|20
|choice||
|
|move|p1a: Scott|Psychic|p2a: Rhydon
|-damage|p2a: Rhydon|52\/100
|move|p2a: Rhydon|Rock Slide|p1a: Scott
|-damage|p1a: Scott|0 fnt
|faint|p1a: Scott
|choice||
|
|switch|p1a: Carlo|Victreebel|32\/100 brn
|turn|21
|choice||
|
|move|p1a: Carlo|Razor Leaf|p2a: Rhydon
|-crit|p2a: Rhydon
|-supereffective|p2a: Rhydon
|-damage|p2a: Rhydon|0 fnt
|faint|p2a: Rhydon
|choice||
|
|switch|p2a: Ninetales|Ninetales|61\/100
|turn|22
|choice||
|
|move|p2a: Ninetales|Body Slam|p1a: Carlo
|-damage|p1a: Carlo|11\/100 brn
|move|p1a: Carlo|Toxic|p2a: Ninetales
|-status|p2a: Ninetales|tox
|-damage|p1a: Carlo|5\/100 brn|[from] brn|[of] p2a: Ninetales
|
|turn|23
|choice||
|
|move|p2a: Ninetales|Body Slam|p1a: Carlo
|-damage|p1a: Carlo|0 fnt
|faint|p1a: Carlo
|choice||
|
|switch|p1a: Fenikkusu|Charizard|24\/100
|turn|24
|choice||
|
|move|p1a: Fenikkusu|Earthquake|p2a: Ninetales
|-crit|p2a: Ninetales
|-supereffective|p2a: Ninetales
|-damage|p2a: Ninetales|0 fnt
|faint|p2a: Ninetales
|choice||
|
|switch|p2a: Slowbro|Slowbro|80\/100 slp
|turn|25
|choice||
|
|switch|p1a: Yuan|Electabuzz|100\/100
|cant|p2a: Slowbro|slp
|
|turn|26
|choice||
|
|move|p1a: Yuan|Thunder|p2a: Slowbro
|-supereffective|p2a: Slowbro
|-damage|p2a: Slowbro|2\/100 slp
|cant|p2a: Slowbro|slp
|
|turn|27
|choice||
|
|move|p1a: Yuan|Thunderbolt|p2a: Slowbro
|-supereffective|p2a: Slowbro
|-damage|p2a: Slowbro|0 fnt
|faint|p2a: Slowbro
|-message|Mister Ha forfeited.
|
|win|SomeIdiotWithAPlan
|player|p1
|player|p2
|l|Mister Ha
|raw|SomeIdiotWithAPlan's rating: 1000 &rarr; <strong>1050<\/strong><br \/>(+50 for winning)
|raw|Mister Ha's rating: 1090 &rarr; <strong>1061<\/strong><br \/>(-29 for losing)
|c|★SomeIdiotWithAPlan|IT WORKED