|join|eldougi
|join|MALESANI
|player|p1|eldougi|102
|player|p2|MALESANI|238
|gametype|singles
|gen|1
|tier|[Gen 1] Random Battle
|rated
|seed|21397,59725,25620,47303
|rule|Sleep Clause Mod: Limit one foe put to sleep
|rule|Freeze Clause Mod: Limit one foe frozen
|rule|HP Percentage Mod: HP is shown in percentages
|
|start
|switch|p1a: Goldeen|Goldeen, L96|281\/281
|switch|p2a: Golduck|Golduck, L85|310\/310
|turn|1
|choice|move 3|switch 2
|
|switch|p2a: Hypno|Hypno, L85|318\/318
|move|p1a: Goldeen|Double-Edge|p2a: Hypno
|-damage|p2a: Hypno|235\/318
|-damage|p1a: Goldeen|261\/281|[from] recoil|[of] p2a: Hypno
|
|turn|2
|choice|move 1|move 3
|
|move|p1a: Goldeen|Surf|p2a: Hypno
|-crit|p2a: Hypno
|-damage|p2a: Hypno|89\/318
|move|p2a: Hypno|Thunder Wave|p1a: Goldeen
|-status|p1a: Goldeen|par
|
|turn|3
|choice|move 1|move 4
|
|move|p2a: Hypno|Rest|p2a: Hypno
|-status|p2a: Hypno|slp
|-heal|p2a: Hypno|318\/318 slp|[silent]
|-status|p2a: Hypno|slp|[from] move: Rest
|move|p1a: Goldeen|Surf|p2a: Hypno
|-damage|p2a: Hypno|248\/318 slp
|
|turn|4
|choice|move 1|move 1
|
|cant|p2a: Hypno|slp
|move|p1a: Goldeen|Surf|p2a: Hypno
|-damage|p2a: Hypno|174\/318 slp
|
|turn|5
|choice|move 1|move 1
|
|-curestatus|p2a: Hypno|slp
|move|p1a: Goldeen|Surf|p2a: Hypno
|-damage|p2a: Hypno|106\/318
|
|turn|6
|choice|move 3|move 1
|
|move|p2a: Hypno|Psychic|p1a: Goldeen
|-damage|p1a: Goldeen|135\/281 par
|-unboost|p1a: Goldeen|spd|1
|-unboost|p1a: Goldeen|spa|1
|cant|p1a: Goldeen|par
|
|turn|7
|choice|move 3|move 4
|
|move|p2a: Hypno|Rest|p2a: Hypno
|-status|p2a: Hypno|slp
|-heal|p2a: Hypno|318\/318 slp|[silent]
|-status|p2a: Hypno|slp|[from] move: Rest
|cant|p1a: Goldeen|par
|
|turn|8
|choice|move 3|move 1
|
|cant|p2a: Hypno|slp
|cant|p1a: Goldeen|par
|
|turn|9
|choice|move 3|move 1
|
|-curestatus|p2a: Hypno|slp
|move|p1a: Goldeen|Double-Edge|p2a: Hypno
|-damage|p2a: Hypno|233\/318
|-damage|p1a: Goldeen|114\/281 par|[from] recoil|[of] p2a: Hypno
|
|turn|10
|choice|move 3|move 1
|
|move|p2a: Hypno|Psychic|p1a: Goldeen
|-damage|p1a: Goldeen|0 fnt
|faint|p1a: Goldeen
|choice|switch 5|
|
|switch|p1a: Articuno|Articuno, L79|304\/304
|turn|11
|choice|move 2|move 3
|
|move|p1a: Articuno|Ice Beam|p2a: Hypno
|-damage|p2a: Hypno|142\/318
|move|p2a: Hypno|Thunder Wave|p1a: Articuno
|-status|p1a: Articuno|par
|
|turn|12
|choice|move 2|move 1
|
|move|p2a: Hypno|Psychic|p1a: Articuno
|-damage|p1a: Articuno|217\/304 par
|move|p1a: Articuno|Ice Beam|p2a: Hypno
|-damage|p2a: Hypno|53\/318
|
|turn|13
|leave|eldougi
|player|p1
|-message|eldougi lost due to inactivity.
|
|win|MALESANI
|raw|eldougi's rating: 1386 &rarr; <strong>1369<\/strong><br \/>(-17 for losing)
|raw|MALESANI's rating: 1436 &rarr; <strong>1453<\/strong><br \/>(+17 for winning)