|join|LuxaLayton
|join|kuronekoMia
|player|p1|LuxaLayton|267
|player|p2|kuronekoMia|249
|gametype|singles
|gen|1
|tier|[Gen 1] Random Battle
|rule|Sleep Clause Mod: Limit one foe put to sleep
|rule|Freeze Clause Mod: Limit one foe frozen
|rule|HP Percentage Mod: HP is shown in percentages
|
|start
|switch|p1a: Dugtrio|Dugtrio, L85|233\/233
|switch|p2a: Hitmonlee|Hitmonlee, L90|273\/273
|turn|1
|c|★LuxaLayton|ma che figata è?
|c|★kuronekoMia|Ora ci divertiamo sul serio
|
|move|p1a: Dugtrio|Mimic|p2a: Hitmonlee
|-start|p1a: Dugtrio|Mimic|Body Slam
|move|p2a: Hitmonlee|Mimic|p1a: Dugtrio
|-start|p2a: Hitmonlee|Mimic|Body Slam
|
|turn|2
|c|★kuronekoMia|AHAHAHAHA
|c|★kuronekoMia|MORTO
|c|★LuxaLayton|rido
|c|★kuronekoMia|Ho due Body Slam ora
|c|★kuronekoMia|Che bello
|
|move|p1a: Dugtrio|Sand Attack|p2a: Hitmonlee
|-unboost|p2a: Hitmonlee|accuracy|1
|move|p2a: Hitmonlee|High Jump Kick|p1a: Dugtrio
|-damage|p1a: Dugtrio|73\/233
|
|turn|3
|c|★kuronekoMia|Se missavo ti uccidevo
|
|move|p1a: Dugtrio|Body Slam|p2a: Hitmonlee
|-damage|p2a: Hitmonlee|206\/273
|move|p2a: Hitmonlee|Body Slam|p1a: Dugtrio
|-damage|p1a: Dugtrio|0 fnt
|faint|p1a: Dugtrio
|
|switch|p1a: Jynx|Jynx, L79|265\/265
|turn|4
|
|move|p2a: Hitmonlee|Body Slam|p1a: Jynx|[miss]
|-miss|p2a: Hitmonlee
|move|p1a: Jynx|Lovely Kiss|p2a: Hitmonlee
|-status|p2a: Hitmonlee|slp
|
|turn|5
|
|switch|p2a: Kadabra|Kadabra, L85|242\/242
|move|p1a: Jynx|Blizzard|p2a: Kadabra
|-damage|p2a: Kadabra|158\/242
|
|turn|6
|
|move|p2a: Kadabra|Thunder Wave|p1a: Jynx
|-status|p1a: Jynx|par
|cant|p1a: Jynx|par
|
|turn|7
|
|switch|p2a: Hitmonlee|Hitmonlee, L90|206\/273 slp
|move|p1a: Jynx|Lovely Kiss|p2a: Hitmonlee
|-fail|p2a: Hitmonlee|slp
|
|turn|8
|
|cant|p2a: Hitmonlee|slp
|move|p1a: Jynx|Psychic|p2a: Hitmonlee
|-supereffective|p2a: Hitmonlee
|-damage|p2a: Hitmonlee|0 fnt
|faint|p2a: Hitmonlee
|
|switch|p2a: Charizard|Charizard, L85|306\/306
|turn|9
|c|★LuxaLayton|ciarizard
|
|move|p2a: Charizard|Earthquake|p1a: Jynx
|-damage|p1a: Jynx|148\/265 par
|cant|p1a: Jynx|par
|
|turn|10
|c|★kuronekoMia|FOCKEMON XDD
|
|move|p2a: Charizard|Hyper Beam|p1a: Jynx|[miss]
|-miss|p2a: Charizard
|cant|p1a: Jynx|par
|
|turn|11
|c|★LuxaLayton|xd lel
|
|move|p2a: Charizard|Hyper Beam|p1a: Jynx
|-crit|p1a: Jynx
|-damage|p1a: Jynx|0 fnt
|faint|p1a: Jynx
|c|★kuronekoMia|lel che poopyhead che sei
|c|★kuronekoMia|impara a parlare bene a zi
|
|switch|p1a: Kingler|Kingler, L85|267\/267
|turn|12
|c|★kuronekoMia|io non sono un FE fag che parla come su internet ao
|
|switch|p2a: Raticate|Raticate, L85|267\/267
|move|p1a: Kingler|Crabhammer|p2a: Raticate
|-crit|p2a: Raticate
|-damage|p2a: Raticate|79\/267
|
|turn|13
|c|★LuxaLayton|proprio no oh zi
|
|move|p2a: Raticate|Body Slam|p1a: Kingler
|-crit|p1a: Kingler
|-damage|p1a: Kingler|134\/267
|move|p1a: Kingler|Crabhammer|p2a: Raticate
|-crit|p2a: Raticate
|-damage|p2a: Raticate|0 fnt
|faint|p2a: Raticate
|
|switch|p2a: Charizard|Charizard, L85|306\/306
|turn|14
|
|move|p2a: Charizard|Hyper Beam|p1a: Kingler|[miss]
|-miss|p2a: Charizard
|move|p1a: Kingler|Crabhammer|p2a: Charizard
|-crit|p2a: Charizard
|-supereffective|p2a: Charizard
|-damage|p2a: Charizard|53\/306
|
|turn|15
|
|move|p2a: Charizard|Hyper Beam|p1a: Kingler|[miss]
|-miss|p2a: Charizard
|move|p1a: Kingler|Crabhammer|p2a: Charizard|[miss]
|-miss|p1a: Kingler
|
|turn|16
|c|★kuronekoMia|ma che cazzo
|
|move|p2a: Charizard|Hyper Beam|p1a: Kingler
|-damage|p1a: Kingler|50\/267
|move|p1a: Kingler|Crabhammer|p2a: Charizard
|-crit|p2a: Charizard
|-supereffective|p2a: Charizard
|-damage|p2a: Charizard|0 fnt
|faint|p2a: Charizard
|c|★kuronekoMia|NOO
|c|★LuxaLayton|:)))))))
|
|switch|p2a: Kadabra|Kadabra, L85|158\/242
|turn|17
|
|move|p2a: Kadabra|Seismic Toss|p1a: Kingler
|-damage|p1a: Kingler|0 fnt
|faint|p1a: Kingler
|
|switch|p1a: Seadra|Seadra, L90|282\/282
|turn|18
|
|move|p2a: Kadabra|Thunder Wave|p1a: Seadra
|-status|p1a: Seadra|par
|move|p1a: Seadra|Mimic|p2a: Kadabra
|-start|p1a: Seadra|Mimic|Psychic
|
|turn|19
|c|★kuronekoMia|utile
|
|move|p2a: Kadabra|Recover|p2a: Kadabra
|-heal|p2a: Kadabra|242\/242
|move|p1a: Seadra|Smokescreen|p2a: Kadabra
|-unboost|p2a: Kadabra|accuracy|1
|
|turn|20
|
|switch|p2a: Nidorina|Nidorina, L90|309\/309
|move|p1a: Seadra|Surf|p2a: Nidorina
|-damage|p2a: Nidorina|172\/309
|
|turn|21
|
|move|p2a: Nidorina|Thunderbolt|p1a: Seadra
|-supereffective|p1a: Seadra
|-damage|p1a: Seadra|183\/282 par
|move|p1a: Seadra|Hydro Pump|p2a: Nidorina
|-damage|p2a: Nidorina|0 fnt
|faint|p2a: Nidorina
|
|switch|p2a: Mew|Mew, L74|300\/300
|turn|22
|c|★LuxaLayton|MEW è CHEAT.
|c|★kuronekoMia|L'ho trovato sotto al camion
|c|★LuxaLayton|non vale in prima gen
|c|★LuxaLayton|ah allora ok
|c|★kuronekoMia|lol
|
|move|p2a: Mew|Thunderbolt|p1a: Seadra
|-supereffective|p1a: Seadra
|-damage|p1a: Seadra|90\/282 par
|move|p1a: Seadra|Hydro Pump|p2a: Mew
|-damage|p2a: Mew|156\/300
|
|turn|23
|c|★kuronekoMia|Comunque qui sulla random puoi trovare tutto
|c|★kuronekoMia|Anche Caterpie e Magikarp
|
|move|p2a: Mew|Thunderbolt|p1a: Seadra
|-supereffective|p1a: Seadra
|-damage|p1a: Seadra|0 fnt
|faint|p1a: Seadra
|c|★LuxaLayton|si vede
|
|switch|p1a: Arbok|Arbok, L90|291\/291
|turn|24
|
|switch|p2a: Kadabra|Kadabra, L85|242\/242
|move|p1a: Arbok|Body Slam|p2a: Kadabra
|-damage|p2a: Kadabra|131\/242
|
|turn|25
|
|move|p2a: Kadabra|Thunder Wave|p1a: Arbok
|-status|p1a: Arbok|par
|move|p1a: Arbok|Earthquake|p2a: Kadabra
|-crit|p2a: Kadabra
|-damage|p2a: Kadabra|0 fnt
|faint|p2a: Kadabra
|
|switch|p2a: Mew|Mew, L74|156\/300
|turn|26
|
|move|p2a: Mew|Psychic|p1a: Arbok
|-supereffective|p1a: Arbok
|-damage|p1a: Arbok|130\/291 par
|-unboost|p1a: Arbok|spd|1
|-unboost|p1a: Arbok|spa|1
|move|p1a: Arbok|Glare|p2a: Mew
|-status|p2a: Mew|par
|
|turn|27
|c|★kuronekoMia|No vaffanculo
|
|move|p2a: Mew|Psychic|p1a: Arbok
|-supereffective|p1a: Arbok
|-damage|p1a: Arbok|0 fnt
|faint|p1a: Arbok
|
|switch|p1a: Dragonair|Dragonair, L85|277\/277
|turn|28
|
|move|p1a: Dragonair|Thunderbolt|p2a: Mew
|-damage|p2a: Mew|94\/300 par
|cant|p2a: Mew|par
|
|turn|29
|
|move|p1a: Dragonair|Substitute|p1a: Dragonair
|-start|p1a: Dragonair|Substitute
|-damage|p1a: Dragonair|208\/277
|move|p2a: Mew|Explosion|p1a: Dragonair
|-crit|p1a: Dragonair
|-end|p1a: Dragonair|Substitute
|
|turn|30
|c|★kuronekoMia|NOOOOOOOOOOOO
|c|★kuronekoMia|Cosa?
|c|★LuxaLayton|wat
|c|★kuronekoMia|Ah oddio
|c|★kuronekoMia|E' vero
|c|★kuronekoMia|Nella prima gen c'è un bug con Esplosione eil sostituto
|c|★kuronekoMia|Aspetta
|c|★LuxaLayton|...
|c|★kuronekoMia|Ok no dovrebbe essere solo un bug di immagine
|c|★kuronekoMia|Però non sono morto lol
|c|★kuronekoMia|Figo come abbiano lasciato i bug
|
|move|p1a: Dragonair|Body Slam|p2a: Mew
|-damage|p2a: Mew|35\/300 par
|move|p2a: Mew|Psychic|p1a: Dragonair
|-crit|p1a: Dragonair
|-damage|p1a: Dragonair|35\/277
|
|turn|31
|
|move|p1a: Dragonair|Thunderbolt|p2a: Mew
|-damage|p2a: Mew|0 fnt
|faint|p2a: Mew
|
|win|LuxaLayton
|c|★LuxaLayton|YEEEEE
|c|★kuronekoMia|Dovevo vincere io ufffff
|leave|kuronekoMia
|player|p2