|j|Pumped Aaron
|j|WHYWHOWHAT
|player|p1|Pumped Aaron|227
|player|p2|WHYWHOWHAT|29
|gametype|singles
|gen|1
|tier|[Gen 1] Random Battle
|rated
|seed|35560,22531,51585,62372
|rule|Sleep Clause Mod: Limit one foe put to sleep
|rule|Freeze Clause Mod: Limit one foe frozen
|rule|HP Percentage Mod: HP is shown in percentages
|
|start
|switch|p1a: Magneton|Magneton, L90|273\/273
|switch|p2a: Ekans|Ekans, L96|262\/262
|turn|1
|choice|switch 5|move 1
|
|switch|p1a: Marowak|Marowak, L90|291\/291
|move|p2a: Ekans|Earthquake|p1a: Marowak
|-damage|p1a: Marowak|236\/291
|
|turn|2
|choice|move 3|move 3
|
|move|p2a: Ekans|Body Slam|p1a: Marowak
|-damage|p1a: Marowak|191\/291
|move|p1a: Marowak|Earthquake|p2a: Ekans
|-supereffective|p2a: Ekans
|-damage|p2a: Ekans|0 fnt
|faint|p2a: Ekans
|choice||switch 2
|
|switch|p2a: Staryu|Staryu, L90|237\/237
|turn|3
|choice|switch 5|move 2
|
|switch|p1a: Magneton|Magneton, L90|273\/273
|move|p2a: Staryu|Surf|p1a: Magneton
|-damage|p1a: Magneton|198\/273
|
|turn|4
|choice|move 1|switch 6
|
|switch|p2a: Magneton|Magneton, L90|273\/273
|move|p1a: Magneton|Thunderbolt|p2a: Magneton
|-resisted|p2a: Magneton
|-damage|p2a: Magneton|226\/273
|
|turn|5
|choice|switch 5|move 3
|
|switch|p1a: Marowak|Marowak, L90|191\/291
|move|p2a: Magneton|Thunder Wave|p1a: Marowak
|-immune|p1a: Marowak|[msg]
|
|turn|6
|choice|move 3|switch 5
|
|switch|p2a: Jynx|Jynx, L79|265\/265
|move|p1a: Marowak|Earthquake|p2a: Jynx
|-damage|p2a: Jynx|70\/265
|
|turn|7
|choice|switch 5|move 1
|
|switch|p1a: Magneton|Magneton, L90|198\/273
|move|p2a: Jynx|Lovely Kiss|p1a: Magneton
|-status|p1a: Magneton|slp
|
|turn|8
|choice|move 1|move 2
|
|move|p2a: Jynx|Psychic|p1a: Magneton
|-crit|p1a: Magneton
|-damage|p1a: Magneton|78\/273 slp
|cant|p1a: Magneton|slp
|
|turn|9
|choice|switch 4|move 2
|
|switch|p1a: Vaporeon|Vaporeon, L85|395\/395
|move|p2a: Jynx|Psychic|p1a: Vaporeon
|-damage|p1a: Vaporeon|324\/395
|-unboost|p1a: Vaporeon|spd|1
|-unboost|p1a: Vaporeon|spa|1
|
|turn|10
|choice|move 4|switch 6
|
|switch|p2a: Staryu|Staryu, L90|237\/237
|move|p1a: Vaporeon|Body Slam|p2a: Staryu
|-damage|p2a: Staryu|179\/237
|-status|p2a: Staryu|par
|
|turn|11
|choice|switch 6|move 1
|
|switch|p1a: Raticate|Raticate, L85|267\/267
|move|p2a: Staryu|Recover|p2a: Staryu
|-heal|p2a: Staryu|237\/237 par
|
|turn|12
|choice|move 2|move 2
|
|move|p1a: Raticate|Body Slam|p2a: Staryu
|-damage|p2a: Staryu|130\/237 par
|move|p2a: Staryu|Surf|p1a: Raticate
|-damage|p1a: Raticate|145\/267
|
|turn|13
|choice|move 3|move 1
|
|move|p1a: Raticate|Hyper Beam|p2a: Staryu
|-damage|p2a: Staryu|0 fnt
|faint|p2a: Staryu
|choice||switch 3
|
|switch|p2a: Nidorina|Nidorina, L90|309\/309
|turn|14
|choice|switch 5|move 3
|
|switch|p1a: Marowak|Marowak, L90|191\/291
|move|p2a: Nidorina|Body Slam|p1a: Marowak
|-damage|p1a: Marowak|145\/291
|
|turn|15
|choice|move 3|switch 4
|
|switch|p2a: Vaporeon|Vaporeon, L85|395\/395
|move|p1a: Marowak|Earthquake|p2a: Vaporeon
|-damage|p2a: Vaporeon|272\/395
|
|turn|16
|choice|switch 6|move 1
|
|switch|p1a: Vaporeon|Vaporeon, L85|324\/395
|move|p2a: Vaporeon|Body Slam|p1a: Vaporeon
|-crit|p1a: Vaporeon
|-damage|p1a: Vaporeon|206\/395
|
|turn|17
|choice|move 4|move 1
|
|move|p1a: Vaporeon|Body Slam|p2a: Vaporeon
|-crit|p2a: Vaporeon
|-damage|p2a: Vaporeon|161\/395
|move|p2a: Vaporeon|Body Slam|p1a: Vaporeon
|-damage|p1a: Vaporeon|145\/395
|
|turn|18
|choice|move 4|move 1
|
|move|p2a: Vaporeon|Body Slam|p1a: Vaporeon
|-damage|p1a: Vaporeon|86\/395
|-status|p1a: Vaporeon|par
|move|p1a: Vaporeon|Body Slam|p2a: Vaporeon
|-damage|p2a: Vaporeon|98\/395
|-status|p2a: Vaporeon|par
|
|turn|19
|choice|switch 6|move 1
|
|switch|p1a: Marowak|Marowak, L90|145\/291
|move|p2a: Vaporeon|Body Slam|p1a: Marowak
|-damage|p1a: Marowak|105\/291
|
|turn|20
|choice|move 3|move 2
|
|move|p1a: Marowak|Earthquake|p2a: Vaporeon
|-damage|p2a: Vaporeon|0 fnt
|faint|p2a: Vaporeon
|choice||switch 5
|
|switch|p2a: Magneton|Magneton, L90|226\/273
|turn|21
|choice|switch 3|move 2
|
|switch|p1a: Gengar|Gengar, L79|257\/257
|move|p2a: Magneton|Hyper Beam|p1a: Gengar
|-immune|p1a: Gengar|[msg]
|
|turn|22
|choice|move 1|move 3
|
|move|p1a: Gengar|Hypnosis|p2a: Magneton
|-status|p2a: Magneton|slp
|cant|p2a: Magneton|slp
|
|turn|23
|choice|switch 5|move 3
|
|switch|p1a: Raticate|Raticate, L85|145\/267
|cant|p2a: Magneton|slp
|
|turn|24
|choice|move 2|move 3
|
|move|p1a: Raticate|Body Slam|p2a: Magneton
|-damage|p2a: Magneton|157\/273 slp
|cant|p2a: Magneton|slp
|
|turn|25
|choice|move 2|move 3
|
|move|p1a: Raticate|Body Slam|p2a: Magneton
|-damage|p2a: Magneton|87\/273 slp
|cant|p2a: Magneton|slp
|
|turn|26
|choice|move 3|move 3
|
|move|p1a: Raticate|Hyper Beam|p2a: Magneton
|-damage|p2a: Magneton|0 fnt
|faint|p2a: Magneton
|choice||switch 4
|
|switch|p2a: Nidorina|Nidorina, L90|309\/309
|turn|27
|choice|switch 3|move 3
|
|switch|p1a: Marowak|Marowak, L90|105\/291
|move|p2a: Nidorina|Body Slam|p1a: Marowak
|-damage|p1a: Marowak|63\/291
|
|turn|28
|choice|move 3|move 3
|
|move|p2a: Nidorina|Body Slam|p1a: Marowak
|-damage|p1a: Marowak|18\/291
|-status|p1a: Marowak|par
|move|p1a: Marowak|Earthquake|p2a: Nidorina
|-supereffective|p2a: Nidorina
|-damage|p2a: Nidorina|76\/309
|
|turn|29
|choice|switch 5|move 3
|
|switch|p1a: Gengar|Gengar, L79|257\/257
|move|p2a: Nidorina|Body Slam|p1a: Gengar
|-immune|p1a: Gengar|[msg]
|
|turn|30
|choice|move 3|move 1
|
|move|p1a: Gengar|Thunderbolt|p2a: Nidorina
|-crit|p2a: Nidorina
|-damage|p2a: Nidorina|0 fnt
|faint|p2a: Nidorina
|choice||switch 6
|
|switch|p2a: Jynx|Jynx, L79|70\/265
|turn|31
|choice|move 3|move 2
|
|move|p1a: Gengar|Thunderbolt|p2a: Jynx
|-damage|p2a: Jynx|0 fnt
|faint|p2a: Jynx
|
|win|Pumped Aaron
|raw|Pumped Aaron's rating: 1250 &rarr; <strong>1276<\/strong><br \/>(+26 for winning)
|raw|WHYWHOWHAT's rating: 1272 &rarr; <strong>1246<\/strong><br \/>(-26 for losing)
|l|WHYWHOWHAT
|player|p2