|join|Callmecheezus
|join|eldougi
|player|p1|Callmecheezus|1
|player|p2|eldougi|170
|gametype|singles
|gen|1
|tier|[Gen 1] Random Battle
|rated
|rule|Sleep Clause Mod: Limit one foe put to sleep
|rule|Freeze Clause Mod: Limit one foe frozen
|rule|HP Percentage Mod: HP is shown in percentages
|
|start
|switch|p1a: Jigglypuff|Jigglypuff, L99|428\/428
|switch|p2a: Nidoran-F|Nidoran-F, L96|300\/300
|turn|1
|
|move|p2a: Nidoran-F|Body Slam|p1a: Jigglypuff
|-damage|p1a: Jigglypuff|340\/428
|move|p1a: Jigglypuff|Thunder Wave|p2a: Nidoran-F
|-status|p2a: Nidoran-F|par
|
|turn|2
|
|move|p1a: Jigglypuff|Defense Curl|p1a: Jigglypuff
|-boost|p1a: Jigglypuff|def|1
|move|p2a: Nidoran-F|Body Slam|p1a: Jigglypuff
|-damage|p1a: Jigglypuff|279\/428
|
|turn|3
|
|move|p1a: Jigglypuff|Defense Curl|p1a: Jigglypuff
|-boost|p1a: Jigglypuff|def|1
|move|p2a: Nidoran-F|Body Slam|p1a: Jigglypuff
|-damage|p1a: Jigglypuff|233\/428
|
|turn|4
|
|move|p1a: Jigglypuff|Double-Edge|p2a: Nidoran-F
|-damage|p2a: Nidoran-F|185\/300 par
|-damage|p1a: Jigglypuff|205\/428|[from] recoil|[of] p2a: Nidoran-F
|move|p2a: Nidoran-F|Body Slam|p1a: Jigglypuff
|-damage|p1a: Jigglypuff|164\/428
|
|turn|5
|
|move|p1a: Jigglypuff|Double-Edge|p2a: Nidoran-F
|-damage|p2a: Nidoran-F|74\/300 par
|-damage|p1a: Jigglypuff|137\/428|[from] recoil|[of] p2a: Nidoran-F
|move|p2a: Nidoran-F|Body Slam|p1a: Jigglypuff
|-damage|p1a: Jigglypuff|91\/428
|
|turn|6
|
|move|p1a: Jigglypuff|Double-Edge|p2a: Nidoran-F
|-damage|p2a: Nidoran-F|0 fnt
|-damage|p1a: Jigglypuff|73\/428|[from] recoil|[of] p2a: Nidoran-F
|faint|p2a: Nidoran-F
|
|switch|p2a: Bellsprout|Bellsprout, L96|291\/291
|turn|7
|
|move|p2a: Bellsprout|Razor Leaf|p1a: Jigglypuff
|-crit|p1a: Jigglypuff
|-damage|p1a: Jigglypuff|0 fnt
|faint|p1a: Jigglypuff
|
|switch|p1a: Pidgeotto|Pidgeotto, L90|297\/297
|turn|8
|
|move|p1a: Pidgeotto|Mimic|p2a: Bellsprout
|-start|p1a: Pidgeotto|Mimic|Toxic
|move|p2a: Bellsprout|Toxic|p1a: Pidgeotto
|-status|p1a: Pidgeotto|tox
|
|turn|9
|
|move|p1a: Pidgeotto|Double-Edge|p2a: Bellsprout
|-damage|p2a: Bellsprout|164\/291
|-damage|p1a: Pidgeotto|266\/297 tox|[from] recoil|[of] p2a: Bellsprout
|-damage|p1a: Pidgeotto|248\/297 tox|[from] tox|[of] p2a: Bellsprout
|move|p2a: Bellsprout|Razor Leaf|p1a: Pidgeotto
|-crit|p1a: Pidgeotto
|-resisted|p1a: Pidgeotto
|-damage|p1a: Pidgeotto|173\/297 tox
|
|turn|10
|
|move|p1a: Pidgeotto|Double-Edge|p2a: Bellsprout
|-crit|p2a: Bellsprout
|-damage|p2a: Bellsprout|0 fnt
|-damage|p1a: Pidgeotto|132\/297 tox|[from] recoil|[of] p2a: Bellsprout
|faint|p2a: Bellsprout
|
|switch|p2a: Wartortle|Wartortle, L85|274\/274
|turn|11
|
|move|p1a: Pidgeotto|Double-Edge|p2a: Wartortle
|-damage|p2a: Wartortle|176\/274
|-damage|p1a: Pidgeotto|108\/297 tox|[from] recoil|[of] p2a: Wartortle
|-damage|p1a: Pidgeotto|72\/297 tox|[from] tox|[of] p2a: Wartortle
|move|p2a: Wartortle|Blizzard|p1a: Pidgeotto
|-supereffective|p1a: Pidgeotto
|-damage|p1a: Pidgeotto|0 fnt
|faint|p1a: Pidgeotto
|
|switch|p1a: Tangela|Tangela, L85|284\/284
|turn|12
|
|move|p1a: Tangela|Sleep Powder|p2a: Wartortle
|-status|p2a: Wartortle|slp
|cant|p2a: Wartortle|slp
|
|turn|13
|
|switch|p2a: Scyther|Scyther, L90|309\/309
|move|p1a: Tangela|Body Slam|p2a: Scyther
|-damage|p2a: Scyther|262\/309
|-status|p2a: Scyther|par
|
|turn|14
|
|move|p1a: Tangela|Body Slam|p2a: Scyther
|-crit|p2a: Scyther
|-damage|p2a: Scyther|172\/309 par
|move|p2a: Scyther|Swords Dance|p2a: Scyther
|-boost|p2a: Scyther|atk|2
|
|turn|15
|
|move|p1a: Tangela|Body Slam|p2a: Scyther
|-damage|p2a: Scyther|130\/309 par
|move|p2a: Scyther|Slash|p1a: Tangela
|-crit|p1a: Tangela
|-damage|p1a: Tangela|188\/284
|
|turn|16
|
|move|p1a: Tangela|Body Slam|p2a: Scyther
|-crit|p2a: Scyther
|-damage|p2a: Scyther|45\/309 par
|move|p2a: Scyther|Slash|p1a: Tangela
|-crit|p1a: Tangela
|-damage|p1a: Tangela|96\/284
|
|turn|17
|
|move|p1a: Tangela|Body Slam|p2a: Scyther
|-damage|p2a: Scyther|3\/309 par
|move|p2a: Scyther|Hyper Beam|p1a: Tangela
|-damage|p1a: Tangela|0 fnt
|faint|p1a: Tangela
|
|switch|p1a: Zubat|Zubat, L96|272\/272
|turn|18
|
|move|p1a: Zubat|Leech Life|p2a: Scyther
|-resisted|p2a: Scyther
|-damage|p2a: Scyther|0 fnt
|faint|p2a: Scyther
|
|switch|p2a: Dragonite|Dragonite, L85|328\/328
|turn|19
|
|move|p2a: Dragonite|Thunder|p1a: Zubat|[miss]
|-miss|p2a: Dragonite
|move|p1a: Zubat|Toxic|p2a: Dragonite
|-status|p2a: Dragonite|tox
|
|turn|20
|
|move|p2a: Dragonite|Thunder|p1a: Zubat
|-supereffective|p1a: Zubat
|-damage|p1a: Zubat|37\/272
|-status|p1a: Zubat|par
|-damage|p2a: Dragonite|308\/328 tox|[from] tox|[of] p1a: Zubat
|cant|p1a: Zubat|par
|
|turn|21
|
|move|p2a: Dragonite|Body Slam|p1a: Zubat
|-damage|p1a: Zubat|0 fnt
|faint|p1a: Zubat
|
|switch|p1a: Mewtwo|Mewtwo, L68|285\/285
|turn|22
|
|move|p1a: Mewtwo|Psychic|p2a: Dragonite
|-crit|p2a: Dragonite
|-damage|p2a: Dragonite|151\/328 tox
|move|p2a: Dragonite|Body Slam|p1a: Mewtwo
|-crit|p1a: Mewtwo
|-damage|p1a: Mewtwo|106\/285
|-status|p1a: Mewtwo|par
|-damage|p2a: Dragonite|111\/328 tox|[from] tox|[of] p1a: Mewtwo
|
|turn|23
|
|move|p2a: Dragonite|Body Slam|p1a: Mewtwo
|-damage|p1a: Mewtwo|17\/285 par
|-damage|p2a: Dragonite|51\/328 tox|[from] tox|[of] p1a: Mewtwo
|move|p1a: Mewtwo|Psychic|p2a: Dragonite
|-crit|p2a: Dragonite
|-damage|p2a: Dragonite|0 fnt
|faint|p2a: Dragonite
|
|switch|p2a: Dugtrio|Dugtrio, L85|233\/233
|turn|24
|
|move|p2a: Dugtrio|Slash|p1a: Mewtwo
|-crit|p1a: Mewtwo
|-damage|p1a: Mewtwo|0 fnt
|faint|p1a: Mewtwo
|
|switch|p1a: Starmie|Starmie, L79|257\/257
|turn|25
|
|move|p2a: Dugtrio|Earthquake|p1a: Starmie
|-damage|p1a: Starmie|143\/257
|move|p1a: Starmie|Blizzard|p2a: Dugtrio
|-supereffective|p2a: Dugtrio
|-damage|p2a: Dugtrio|54\/233
|
|turn|26
|
|move|p2a: Dugtrio|Earthquake|p1a: Starmie
|-damage|p1a: Starmie|41\/257
|move|p1a: Starmie|Recover|p1a: Starmie
|-heal|p1a: Starmie|169\/257
|
|turn|27
|
|move|p2a: Dugtrio|Earthquake|p1a: Starmie
|-crit|p1a: Starmie
|-damage|p1a: Starmie|0 fnt
|faint|p1a: Starmie
|
|win|eldougi
|raw|Ladder updating...
|raw|Callmecheezus's rating: 1194 &rarr; <strong>1180<\/strong><br \/>(-14 for losing)
|raw|eldougi's rating: 1370 &rarr; <strong>1381<\/strong><br \/>(+11 for winning)