|j|SamiChan
|j|Chemanton
|player|p1|SamiChan|285
|player|p2|Chemanton|153
|gametype|singles
|gen|1
|tier|[Gen 1] Random Battle
|rated
|seed|14541,43784,48400,52205
|rule|Sleep Clause Mod: Limit one foe put to sleep
|rule|Freeze Clause Mod: Limit one foe frozen
|rule|HP Percentage Mod: HP is shown in percentages
|
|start
|switch|p1a: Chansey|Chansey, L79|557\/557
|switch|p2a: Pikachu|Pikachu, L96|262\/262
|turn|1
|c|★Chemanton|Hi!
|choice|move 2|move 1
|
|move|p2a: Pikachu|Thunder Wave|p1a: Chansey
|-status|p1a: Chansey|par
|move|p1a: Chansey|Thunder Wave|p2a: Pikachu
|-status|p2a: Pikachu|par
|
|turn|2
|choice|move 3|switch 5
|
|switch|p2a: Machoke|Machoke, L85|310\/310
|cant|p1a: Chansey|par
|
|turn|3
|choice|move 4|move 2
|
|move|p2a: Machoke|Submission|p1a: Chansey|[miss]
|-miss|p2a: Machoke
|cant|p1a: Chansey|par
|
|turn|4
|choice|move 4|move 2
|
|move|p2a: Machoke|Submission|p1a: Chansey
|-crit|p1a: Chansey
|-supereffective|p1a: Chansey
|-damage|p1a: Chansey|0 fnt
|-damage|p2a: Machoke|171\/310|[from] recoil|[of] p1a: Chansey
|faint|p1a: Chansey
|choice|switch 6|
|
|switch|p1a: Hypno|Hypno, L85|318\/318
|turn|5
|choice|move 3|switch 2
|
|switch|p2a: Abra|Abra, L96|243\/243
|move|p1a: Hypno|Thunder Wave|p2a: Abra
|-status|p2a: Abra|par
|
|turn|6
|choice|switch 2|move 4
|
|switch|p1a: Meowth|Meowth, L96|272\/272
|move|p2a: Abra|Thunder Wave|p1a: Meowth
|-status|p1a: Meowth|par
|
|turn|7
|choice|move 1|switch 2
|
|switch|p2a: Machoke|Machoke, L85|171\/310
|move|p1a: Meowth|Slash|p2a: Machoke
|-crit|p2a: Machoke
|-damage|p2a: Machoke|46\/310
|
|turn|8
|choice|switch 2|move 2
|
|switch|p1a: Hypno|Hypno, L85|318\/318
|move|p2a: Machoke|Submission|p1a: Hypno
|-resisted|p1a: Hypno
|-damage|p1a: Hypno|270\/318
|-damage|p2a: Machoke|34\/310|[from] recoil|[of] p1a: Hypno
|
|turn|9
|choice|move 1|switch 2
|
|switch|p2a: Abra|Abra, L96|243\/243 par
|move|p1a: Hypno|Psychic|p2a: Abra
|-resisted|p2a: Abra
|-damage|p2a: Abra|200\/243 par
|
|turn|10
|choice|move 1|move 4
|
|move|p1a: Hypno|Psychic|p2a: Abra
|-resisted|p2a: Abra
|-damage|p2a: Abra|155\/243 par
|move|p2a: Abra|Thunder Wave|p1a: Hypno
|-status|p1a: Hypno|par
|
|turn|11
|choice|move 1|move 2
|
|move|p2a: Abra|Reflect|p2a: Abra
|-start|p2a: Abra|Reflect
|cant|p1a: Hypno|par
|
|turn|12
|choice|move 1|move 1
|
|move|p2a: Abra|Seismic Toss|p1a: Hypno
|-damage|p1a: Hypno|174\/318 par
|move|p1a: Hypno|Psychic|p2a: Abra
|-resisted|p2a: Abra
|-damage|p2a: Abra|115\/243 par
|
|turn|13
|choice|switch 2|move 1
|
|switch|p1a: Meowth|Meowth, L96|272\/272 par
|move|p2a: Abra|Seismic Toss|p1a: Meowth
|-damage|p1a: Meowth|176\/272 par
|
|turn|14
|choice|move 1|move 1
|
|move|p1a: Meowth|Slash|p2a: Abra
|-crit|p2a: Abra
|-damage|p2a: Abra|0 fnt
|faint|p2a: Abra
|choice||switch 2
|
|switch|p2a: Machoke|Machoke, L85|34\/310
|turn|15
|choice|switch 2|move 1
|
|switch|p1a: Hypno|Hypno, L85|174\/318 par
|move|p2a: Machoke|Earthquake|p1a: Hypno
|-damage|p1a: Hypno|94\/318 par
|
|turn|16
|choice|move 1|move 4
|
|move|p2a: Machoke|Body Slam|p1a: Hypno
|-damage|p1a: Hypno|19\/318 par
|move|p1a: Hypno|Psychic|p2a: Machoke
|-supereffective|p2a: Machoke
|-damage|p2a: Machoke|0 fnt
|faint|p2a: Machoke
|choice||switch 3
|
|switch|p2a: Butterfree|Butterfree, L90|291\/291
|turn|17
|choice|switch 2|move 2
|
|switch|p1a: Meowth|Meowth, L96|176\/272 par
|move|p2a: Butterfree|Mega Drain|p1a: Meowth
|-damage|p1a: Meowth|139\/272 par
|
|turn|18
|choice|move 2|move 3
|
|move|p2a: Butterfree|Psychic|p1a: Meowth
|-damage|p1a: Meowth|51\/272 par
|-unboost|p1a: Meowth|spd|1
|-unboost|p1a: Meowth|spa|1
|move|p1a: Meowth|Thunderbolt|p2a: Butterfree
|-crit|p2a: Butterfree
|-supereffective|p2a: Butterfree
|-damage|p2a: Butterfree|100\/291
|
|turn|19
|choice|switch 2|move 3
|
|switch|p1a: Hypno|Hypno, L85|19\/318 par
|move|p2a: Butterfree|Psychic|p1a: Hypno
|-resisted|p1a: Hypno
|-damage|p1a: Hypno|0 fnt
|faint|p1a: Hypno
|choice|switch 4|
|
|switch|p1a: Magmar|Magmar, L90|300\/300
|turn|20
|choice|move 4|move 1
|
|move|p1a: Magmar|Fire Blast|p2a: Butterfree
|-supereffective|p2a: Butterfree
|-damage|p2a: Butterfree|0 fnt
|faint|p2a: Butterfree
|choice||switch 5
|
|switch|p2a: Pikachu|Pikachu, L96|262\/262 par
|turn|21
|choice|switch 2|move 3
|
|switch|p1a: Meowth|Meowth, L96|51\/272 par
|move|p2a: Pikachu|Surf|p1a: Meowth
|-crit|p1a: Meowth
|-damage|p1a: Meowth|0 fnt
|faint|p1a: Meowth
|choice|switch 2|
|
|switch|p1a: Magmar|Magmar, L90|300\/300
|turn|22
|choice|move 4|move 3
|
|move|p1a: Magmar|Fire Blast|p2a: Pikachu
|-damage|p2a: Pikachu|111\/262 par
|move|p2a: Pikachu|Surf|p1a: Magmar
|-supereffective|p1a: Magmar
|-damage|p1a: Magmar|184\/300
|
|turn|23
|choice|move 4|move 1
|
|move|p1a: Magmar|Fire Blast|p2a: Pikachu
|-damage|p2a: Pikachu|0 fnt
|faint|p2a: Pikachu
|choice||switch 6
|
|switch|p2a: Jynx|Jynx, L79|265\/265
|turn|24
|choice|move 4|move 1
|
|move|p1a: Magmar|Fire Blast|p2a: Jynx
|-supereffective|p2a: Jynx
|-damage|p2a: Jynx|0 fnt
|faint|p2a: Jynx
|choice||switch 4
|
|switch|p2a: Parasect|Parasect, L90|291\/291
|turn|25
|choice|move 4|move 3
|
|move|p1a: Magmar|Fire Blast|p2a: Parasect
|-supereffective|p2a: Parasect
|-damage|p2a: Parasect|0 fnt
|faint|p2a: Parasect
|
|win|SamiChan
|raw|SamiChan's rating: 1330 &rarr; <strong>1339<\/strong><br \/>(+9 for winning)
|raw|Chemanton's rating: 1121 &rarr; <strong>1109<\/strong><br \/>(-12 for losing)
|l|SamiChan
|player|p1