|join|Squadra di golbat
|join|Team Galatix
|player|p1|Squadra di golbat|115
|player|p2|Team Galatix|15
|gametype|singles
|gen|1
|tier|[Gen 1] Random Battle
|rated
|rule|Sleep Clause Mod: Limit one foe put to sleep
|rule|Freeze Clause Mod: Limit one foe frozen
|rule|HP Percentage Mod: HP is shown in percentages
|
|start
|switch|p1a: Venusaur|Venusaur, L85|310\/310
|switch|p2a: Venonat|Venonat, L96|310\/310
|turn|1
|
|switch|p2a: Dodrio|Dodrio, L85|276\/276
|move|p1a: Venusaur|Leech Seed|p2a: Dodrio|[miss]
|-miss|p1a: Venusaur
|
|turn|2
|
|move|p2a: Dodrio|Drill Peck|p1a: Venusaur
|-supereffective|p1a: Venusaur
|-damage|p1a: Venusaur|132\/310
|move|p1a: Venusaur|Sleep Powder|p2a: Dodrio
|-status|p2a: Dodrio|slp
|
|turn|3
|
|cant|p2a: Dodrio|slp
|move|p1a: Venusaur|Body Slam|p2a: Dodrio
|-crit|p2a: Dodrio
|-damage|p2a: Dodrio|153\/276 slp
|
|turn|4
|
|cant|p2a: Dodrio|slp
|move|p1a: Venusaur|Body Slam|p2a: Dodrio
|-damage|p2a: Dodrio|85\/276 slp
|
|turn|5
|
|cant|p2a: Dodrio|slp
|move|p1a: Venusaur|Body Slam|p2a: Dodrio
|-damage|p2a: Dodrio|18\/276 slp
|
|turn|6
|
|cant|p2a: Dodrio|slp
|move|p1a: Venusaur|Body Slam|p2a: Dodrio
|-damage|p2a: Dodrio|0 fnt
|faint|p2a: Dodrio
|
|switch|p2a: Porygon|Porygon, L85|284\/284
|turn|7
|
|move|p1a: Venusaur|Sleep Powder|p2a: Porygon
|-status|p2a: Porygon|slp
|cant|p2a: Porygon|slp
|
|turn|8
|
|move|p1a: Venusaur|Body Slam|p2a: Porygon
|-damage|p2a: Porygon|223\/284 slp
|cant|p2a: Porygon|slp
|
|turn|9
|
|move|p1a: Venusaur|Leech Seed|p2a: Porygon
|-start|p2a: Porygon|move: Leech Seed
|cant|p2a: Porygon|slp
|-damage|p2a: Porygon|206\/284 slp|[from] Leech Seed|[of] p1a: Venusaur
|-heal|p1a: Venusaur|149\/310|[silent]
|
|turn|10
|
|switch|p2a: Venonat|Venonat, L96|310\/310
|move|p1a: Venusaur|Body Slam|p2a: Venonat
|-damage|p2a: Venonat|240\/310
|
|turn|11
|
|move|p1a: Venusaur|Body Slam|p2a: Venonat
|-crit|p2a: Venonat
|-damage|p2a: Venonat|101\/310
|move|p2a: Venonat|Mega Drain|p1a: Venusaur
|-resisted|p1a: Venusaur
|-damage|p1a: Venusaur|145\/310
|-heal|p2a: Venonat|103\/310|[from] drain|[of] p1a: Venusaur
|
|turn|12
|
|move|p1a: Venusaur|Body Slam|p2a: Venonat
|-crit|p2a: Venonat
|-damage|p2a: Venonat|0 fnt
|faint|p2a: Venonat
|
|switch|p2a: Starmie|Starmie, L79|257\/257
|turn|13
|
|move|p2a: Starmie|Surf|p1a: Venusaur
|-resisted|p1a: Venusaur
|-damage|p1a: Venusaur|105\/310
|move|p1a: Venusaur|Razor Leaf|p2a: Starmie
|-crit|p2a: Starmie
|-supereffective|p2a: Starmie
|-damage|p2a: Starmie|36\/257
|
|turn|14
|
|move|p2a: Starmie|Thunderbolt|p1a: Venusaur
|-resisted|p1a: Venusaur
|-damage|p1a: Venusaur|80\/310
|move|p1a: Venusaur|Body Slam|p2a: Starmie
|-damage|p2a: Starmie|0 fnt
|faint|p2a: Starmie
|
|switch|p2a: Arcanine|Arcanine, L85|327\/327
|turn|15
|
|move|p2a: Arcanine|Body Slam|p1a: Venusaur
|-damage|p1a: Venusaur|11\/310
|move|p1a: Venusaur|Body Slam|p2a: Arcanine
|-damage|p2a: Arcanine|272\/327
|
|turn|16
|
|move|p2a: Arcanine|Body Slam|p1a: Venusaur
|-damage|p1a: Venusaur|0 fnt
|faint|p1a: Venusaur
|
|switch|p1a: Meowth|Meowth, L96|272\/272
|turn|17
|
|switch|p2a: Porygon|Porygon, L85|206\/284 slp
|move|p1a: Meowth|Bubble Beam|p2a: Porygon
|-damage|p2a: Porygon|166\/284 slp
|
|turn|18
|
|move|p1a: Meowth|Slash|p2a: Porygon
|-crit|p2a: Porygon
|-damage|p2a: Porygon|35\/284 slp
|-curestatus|p2a: Porygon|slp
|
|turn|19
|
|move|p1a: Meowth|Slash|p2a: Porygon
|-crit|p2a: Porygon
|-damage|p2a: Porygon|0 fnt
|faint|p2a: Porygon
|
|switch|p2a: Arcanine|Arcanine, L85|272\/327
|turn|20
|
|move|p1a: Meowth|Bubble Beam|p2a: Arcanine
|-supereffective|p2a: Arcanine
|-damage|p2a: Arcanine|195\/327
|move|p2a: Arcanine|Body Slam|p1a: Meowth
|-damage|p1a: Meowth|181\/272
|
|turn|21
|
|move|p1a: Meowth|Bubble Beam|p2a: Arcanine
|-supereffective|p2a: Arcanine
|-damage|p2a: Arcanine|117\/327
|move|p2a: Arcanine|Body Slam|p1a: Meowth
|-damage|p1a: Meowth|89\/272
|
|turn|22
|
|move|p1a: Meowth|Slash|p2a: Arcanine
|-crit|p2a: Arcanine
|-damage|p2a: Arcanine|0 fnt
|faint|p2a: Arcanine
|
|switch|p2a: Graveler|Graveler, L85|267\/267
|turn|23
|
|move|p1a: Meowth|Bubble Beam|p2a: Graveler
|-supereffective|p2a: Graveler
|-damage|p2a: Graveler|55\/267
|move|p2a: Graveler|Body Slam|p1a: Meowth
|-damage|p1a: Meowth|8\/272
|
|turn|24
|
|move|p1a: Meowth|Bubble Beam|p2a: Graveler
|-supereffective|p2a: Graveler
|-damage|p2a: Graveler|0 fnt
|faint|p2a: Graveler
|
|win|Squadra di golbat
|c|★Squadra di golbat|GG
|leave|Team Galatix
|player|p2
|raw|Squadra di golbat's rating: 1222 &rarr; <strong>1244<\/strong><br \/>(+22 for winning)
|raw|Team Galatix's rating: 1173 &rarr; <strong>1152<\/strong><br \/>(-21 for losing)