|j|xLmu
|j|Vultur
|player|p1|xLmu|1
|player|p2|Vultur|169
|gametype|singles
|gen|1
|tier|[Gen 1] Random Battle
|seed|63947,64617,4662,62423
|rule|Sleep Clause Mod: Limit one foe put to sleep
|rule|Freeze Clause Mod: Limit one foe frozen
|rule|HP Percentage Mod: HP is shown in percentages
|
|start
|switch|p1a: Flareon|Flareon, L90|300\/300
|switch|p2a: Weepinbell|Weepinbell, L85|284\/284
|turn|1
|choice|move 3|move 4
|
|move|p1a: Flareon|Fire Blast|p2a: Weepinbell
|-supereffective|p2a: Weepinbell
|-damage|p2a: Weepinbell|0 fnt
|faint|p2a: Weepinbell
|choice||switch 2
|
|switch|p2a: Kabuto|Kabuto, L96|252\/252
|turn|2
|choice|switch 3|move 2
|
|switch|p1a: Kingler|Kingler, L85|267\/267
|move|p2a: Kabuto|Surf|p1a: Kingler
|-resisted|p1a: Kingler
|-damage|p1a: Kingler|215\/267
|
|turn|3
|choice|move 1|move 4
|
|move|p1a: Kingler|Crabhammer|p2a: Kabuto|[miss]
|-miss|p1a: Kingler
|move|p2a: Kabuto|Slash|p1a: Kingler
|-crit|p1a: Kingler
|-damage|p1a: Kingler|130\/267
|
|turn|4
|choice|move 1|move 3
|
|move|p1a: Kingler|Crabhammer|p2a: Kabuto
|-crit|p2a: Kabuto
|-damage|p2a: Kabuto|82\/252
|move|p2a: Kabuto|Body Slam|p1a: Kingler
|-damage|p1a: Kingler|77\/267
|
|turn|5
|choice|move 1|move 4
|
|move|p1a: Kingler|Crabhammer|p2a: Kabuto
|-crit|p2a: Kabuto
|-damage|p2a: Kabuto|0 fnt
|faint|p2a: Kabuto
|choice||switch 6
|
|switch|p2a: Jolteon|Jolteon, L79|265\/265
|turn|6
|choice|switch 5|move 1
|
|switch|p1a: Rhydon|Rhydon, L79|328\/328
|move|p2a: Jolteon|Thunderbolt|p1a: Rhydon
|-immune|p1a: Rhydon|[msg]
|
|turn|7
|choice|move 1|switch 3
|
|switch|p2a: Clefable|Clefable, L85|335\/335
|move|p1a: Rhydon|Earthquake|p2a: Clefable
|-damage|p2a: Clefable|207\/335
|
|turn|8
|choice|switch 6|move 3
|
|switch|p1a: Persian|Persian, L79|265\/265
|move|p2a: Clefable|Blizzard|p1a: Persian
|-damage|p1a: Persian|160\/265
|
|turn|9
|choice|move 1|move 1
|
|move|p1a: Persian|Slash|p2a: Clefable
|-crit|p2a: Clefable
|-damage|p2a: Clefable|93\/335
|move|p2a: Clefable|Body Slam|p1a: Persian
|-damage|p1a: Persian|64\/265
|
|turn|10
|choice|move 1|move 1
|
|move|p1a: Persian|Slash|p2a: Clefable
|-crit|p2a: Clefable
|-damage|p2a: Clefable|0 fnt
|faint|p2a: Clefable
|choice||switch 4
|
|switch|p2a: Tangela|Tangela, L85|284\/284
|turn|11
|choice|switch 3|move 1
|
|switch|p1a: Flareon|Flareon, L90|300\/300
|move|p2a: Tangela|Hyper Beam|p1a: Flareon
|-damage|p1a: Flareon|207\/300
|
|turn|12
|-mustrecharge|p2a: Tangela
|-mustrecharge|p2a: Tangela
|choice|move 3|move 1
|
|move|p1a: Flareon|Fire Blast|p2a: Tangela|[miss]
|-miss|p1a: Flareon
|cant|p2a: Tangela|recharge
|
|turn|13
|choice|move 3|move 4
|
|move|p1a: Flareon|Fire Blast|p2a: Tangela
|-supereffective|p2a: Tangela
|-damage|p2a: Tangela|0 fnt
|faint|p2a: Tangela
|choice||switch 5
|
|switch|p2a: Starmie|Starmie, L79|257\/257
|turn|14
|choice|switch 4|move 3
|
|switch|p1a: Magneton|Magneton, L90|273\/273
|move|p2a: Starmie|Surf|p1a: Magneton
|-damage|p1a: Magneton|203\/273
|
|turn|15
|choice|move 1|move 2
|
|move|p2a: Starmie|Blizzard|p1a: Magneton
|-damage|p1a: Magneton|142\/273
|move|p1a: Magneton|Thunderbolt|p2a: Starmie
|-supereffective|p2a: Starmie
|-damage|p2a: Starmie|15\/257
|
|turn|16
|choice|move 1|switch 3
|
|switch|p2a: Jolteon|Jolteon, L79|265\/265
|move|p1a: Magneton|Thunderbolt|p2a: Jolteon
|-resisted|p2a: Jolteon
|-damage|p2a: Jolteon|206\/265
|
|turn|17
|choice|switch 6|move 2
|
|switch|p1a: Rhydon|Rhydon, L79|328\/328
|move|p2a: Jolteon|Thunder Wave|p1a: Rhydon
|-immune|p1a: Rhydon|[msg]
|
|turn|18
|choice|move 1|move 3
|
|move|p2a: Jolteon|Double Kick|p1a: Rhydon
|-supereffective|p1a: Rhydon
|-damage|p1a: Rhydon|301\/328
|-damage|p1a: Rhydon|274\/328
|-hitcount|p1a: Rhydon|2
|move|p1a: Rhydon|Earthquake|p2a: Jolteon
|-supereffective|p2a: Jolteon
|-damage|p2a: Jolteon|0 fnt
|faint|p2a: Jolteon
|choice||switch 3
|
|switch|p2a: Starmie|Starmie, L79|15\/257
|turn|19
|choice|switch 2|move 3
|
|switch|p1a: Golbat|Golbat, L90|318\/318
|move|p2a: Starmie|Surf|p1a: Golbat
|-damage|p1a: Golbat|218\/318
|
|turn|20
|choice|move 2|move 1
|
|move|p2a: Starmie|Recover|p2a: Starmie
|-heal|p2a: Starmie|143\/257
|move|p1a: Golbat|Mega Drain|p2a: Starmie
|-crit|p2a: Starmie
|-supereffective|p2a: Starmie
|-damage|p2a: Starmie|32\/257
|-heal|p1a: Golbat|273\/318|[from] drain|[of] p2a: Starmie
|
|turn|21
|choice|move 2|move 1
|
|move|p2a: Starmie|Recover|p2a: Starmie
|-heal|p2a: Starmie|160\/257
|move|p1a: Golbat|Mega Drain|p2a: Starmie
|-crit|p2a: Starmie
|-supereffective|p2a: Starmie
|-damage|p2a: Starmie|63\/257
|-heal|p1a: Golbat|318\/318|[from] drain|[of] p2a: Starmie
|
|turn|22
|choice|move 1|move 2
|
|move|p2a: Starmie|Blizzard|p1a: Golbat
|-supereffective|p1a: Golbat
|-damage|p1a: Golbat|155\/318
|move|p1a: Golbat|Screech|p2a: Starmie|[miss]
|-miss|p1a: Golbat
|
|turn|23
|choice|switch 6|move 2
|
|switch|p1a: Magneton|Magneton, L90|142\/273
|move|p2a: Starmie|Blizzard|p1a: Magneton
|-damage|p1a: Magneton|88\/273
|
|turn|24
|choice|move 1|move 2
|
|move|p2a: Starmie|Blizzard|p1a: Magneton
|-damage|p1a: Magneton|32\/273
|-status|p1a: Magneton|frz
|cant|p1a: Magneton|frz
|
|turn|25
|choice|switch 5|move 1
|
|switch|p1a: Kingler|Kingler, L85|77\/267
|move|p2a: Starmie|Recover|p2a: Starmie
|-heal|p2a: Starmie|191\/257
|
|turn|26
|choice|move 3|move 4
|
|move|p2a: Starmie|Thunder Wave|p1a: Kingler
|-status|p1a: Kingler|par
|move|p1a: Kingler|Body Slam|p2a: Starmie
|-damage|p2a: Starmie|111\/257
|
|turn|27
|choice|move 3|move 2
|
|move|p2a: Starmie|Blizzard|p1a: Kingler
|-crit|p1a: Kingler
|-resisted|p1a: Kingler
|-damage|p1a: Kingler|0 fnt
|faint|p1a: Kingler
|choice|switch 5|
|
|switch|p1a: Magneton|Magneton, L90|32\/273 frz
|turn|28
|choice|move 3|move 1
|
|move|p2a: Starmie|Recover|p2a: Starmie
|-heal|p2a: Starmie|239\/257
|cant|p1a: Magneton|frz
|
|turn|29
|choice|move 1|move 1
|
|move|p2a: Starmie|Recover|p2a: Starmie
|-heal|p2a: Starmie|257\/257
|cant|p1a: Magneton|frz
|
|turn|30
|choice|move 1|move 3
|
|move|p2a: Starmie|Surf|p1a: Magneton
|-damage|p1a: Magneton|0 fnt
|faint|p1a: Magneton
|choice|switch 2|
|
|switch|p1a: Rhydon|Rhydon, L79|274\/328
|turn|31
|choice|move 3|move 3
|
|move|p2a: Starmie|Surf|p1a: Rhydon
|-supereffective|p1a: Rhydon
|-damage|p1a: Rhydon|0 fnt
|faint|p1a: Rhydon
|choice|switch 3|
|
|switch|p1a: Persian|Persian, L79|64\/265
|turn|32
|choice|move 3|move 3
|
|move|p2a: Starmie|Surf|p1a: Persian
|-damage|p1a: Persian|0 fnt
|faint|p1a: Persian
|choice|switch 6|
|
|switch|p1a: Golbat|Golbat, L90|155\/318
|turn|33
|choice|move 2|move 2
|
|move|p2a: Starmie|Blizzard|p1a: Golbat
|-crit|p1a: Golbat
|-supereffective|p1a: Golbat
|-damage|p1a: Golbat|0 fnt
|faint|p1a: Golbat
|choice|switch 4|
|
|switch|p1a: Flareon|Flareon, L90|207\/300
|turn|34
|choice|move 2|move 3
|
|move|p2a: Starmie|Surf|p1a: Flareon
|-supereffective|p1a: Flareon
|-damage|p1a: Flareon|48\/300
|move|p1a: Flareon|Hyper Beam|p2a: Starmie
|-damage|p2a: Starmie|93\/257
|
|turn|35
|-mustrecharge|p1a: Flareon
|-mustrecharge|p1a: Flareon
|choice|move 1|move 3
|
|move|p2a: Starmie|Surf|p1a: Flareon
|-supereffective|p1a: Flareon
|-damage|p1a: Flareon|0 fnt
|faint|p1a: Flareon
|
|win|Vultur
|player|p1
|player|p2