|j|Peasounay
|j|NicoTheReaper
|player|p1|Peasounay|80
|player|p2|NicoTheReaper|24
|gametype|singles
|gen|1
|tier|[Gen 1] OU
|seed|39545,46562,7579,19620
|rule|Sleep Clause Mod: Limit one foe put to sleep
|rule|Freeze Clause Mod: Limit one foe frozen
|rule|Species Clause: Limit one of each Pokémon
|rule|OHKO Clause: OHKO moves are banned
|rule|Evasion Moves Clause: Evasion moves are banned
|rule|HP Percentage Mod: HP is shown in percentages
|
|start
|switch|p1a: Cuddle Me Plz|Jynx|333\/333
|switch|p2a: Snorlax|Snorlax|523\/523
|turn|1
|choice|move 1|move 4
|
|move|p1a: Cuddle Me Plz|Lovely Kiss|p2a: Snorlax
|-status|p2a: Snorlax|slp
|cant|p2a: Snorlax|slp
|
|turn|2
|choice|move 3|switch 3
|
|switch|p2a: Lapras|Lapras|463\/463
|move|p1a: Cuddle Me Plz|Psychic|p2a: Lapras
|-damage|p2a: Lapras|349\/463
|-unboost|p2a: Lapras|spd|1
|-unboost|p2a: Lapras|spa|1
|
|turn|3
|j|IB-irever
|choice|move 3|switch 2
|
|switch|p2a: Exeggutor|Exeggutor|393\/393
|move|p1a: Cuddle Me Plz|Psychic|p2a: Exeggutor
|-resisted|p2a: Exeggutor
|-damage|p2a: Exeggutor|352\/393
|-unboost|p2a: Exeggutor|spd|1
|-unboost|p2a: Exeggutor|spa|1
|
|turn|4
|choice|move 2|switch 2
|
|switch|p2a: Lapras|Lapras|349\/463
|move|p1a: Cuddle Me Plz|Blizzard|p2a: Lapras
|-resisted|p2a: Lapras
|-damage|p2a: Lapras|315\/463
|
|turn|5
|choice|move 3|move 3
|
|move|p1a: Cuddle Me Plz|Psychic|p2a: Lapras
|-damage|p2a: Lapras|211\/463
|move|p2a: Lapras|Confuse Ray|p1a: Cuddle Me Plz
|-start|p1a: Cuddle Me Plz|confusion
|
|turn|6
|choice|switch 5|move 2
|
|switch|p1a: I Own RBY|Chansey|703\/703
|move|p2a: Lapras|Rest|p2a: Lapras
|-status|p2a: Lapras|slp
|-heal|p2a: Lapras|463\/463 slp|[silent]
|-status|p2a: Lapras|slp|[from] move: Rest
|
|turn|7
|choice|move 4|switch 6
|
|switch|p2a: Golem|Golem|363\/363
|move|p1a: I Own RBY|Thunderbolt|p2a: Golem
|-immune|p2a: Golem|[msg]
|
|turn|8
|choice|move 2|move 1
|
|move|p1a: I Own RBY|Ice Beam|p2a: Golem
|-crit|p2a: Golem
|-supereffective|p2a: Golem
|-damage|p2a: Golem|0 fnt
|faint|p2a: Golem
|choice||switch 2
|
|switch|p2a: Exeggutor|Exeggutor|352\/393
|turn|9
|choice|switch 5|move 1
|
|switch|p1a: Cuddle Me Plz|Jynx|333\/333
|move|p2a: Exeggutor|Sleep Powder|p1a: Cuddle Me Plz
|-status|p1a: Cuddle Me Plz|slp
|
|turn|10
|choice|switch 2|switch 4
|
|switch|p1a: Wear Candoms Kid|Exeggutor|393\/393
|switch|p2a: Dragonite|Dragonite|385\/385
|
|turn|11
|choice|move 3|move 1
|
|move|p2a: Dragonite|Agility|p2a: Dragonite
|-boost|p2a: Dragonite|spe|2
|move|p1a: Wear Candoms Kid|Stun Spore|p2a: Dragonite
|-status|p2a: Dragonite|par
|
|turn|12
|choice|move 2|move 4
|
|move|p1a: Wear Candoms Kid|Psychic|p2a: Dragonite
|-damage|p2a: Dragonite|262\/385 par
|move|p2a: Dragonite|Ice Beam|p1a: Wear Candoms Kid
|-supereffective|p1a: Wear Candoms Kid
|-damage|p1a: Wear Candoms Kid|261\/393
|
|turn|13
|choice|move 2|move 2
|
|move|p1a: Wear Candoms Kid|Psychic|p2a: Dragonite
|-crit|p2a: Dragonite
|-damage|p2a: Dragonite|5\/385 par
|move|p2a: Dragonite|Wrap|p1a: Wear Candoms Kid
|-damage|p1a: Wear Candoms Kid|244\/393
|-activate|p1a: Wear Candoms Kid|move: Wrap|[of] p2a: Dragonite
|
|turn|14
|choice|switch 6|move 2
|
|switch|p1a: WellIStallYourFace|Alakazam|313\/313
|move|p2a: Dragonite|Wrap|p1a: WellIStallYourFace
|-damage|p1a: WellIStallYourFace|289\/313
|-activate|p1a: WellIStallYourFace|move: Wrap|[of] p2a: Dragonite
|
|turn|15
|choice|move 2|switch 3
|
|switch|p2a: Snorlax|Snorlax|523\/523 slp
|cant|p1a: WellIStallYourFace|partiallytrapped
|
|-end|p1a: WellIStallYourFace|Wrap|[partiallytrapped]
|turn|16
|choice|switch 6|move 4
|
|switch|p1a: Wear Candoms Kid|Exeggutor|244\/393
|-curestatus|p2a: Snorlax|slp
|
|turn|17
|choice|move 1|switch 3
|
|switch|p2a: Dragonite|Dragonite|5\/385 par
|move|p1a: Wear Candoms Kid|Sleep Powder|p2a: Dragonite
|-fail|p2a: Dragonite
|
|turn|18
|choice|move 2|move 3
|
|move|p1a: Wear Candoms Kid|Psychic|p2a: Dragonite
|-damage|p2a: Dragonite|0 fnt
|faint|p2a: Dragonite
|choice||switch 5
|
|switch|p2a: Gengar|Gengar|323\/323
|turn|19
|choice|move 2|move 4
|
|move|p2a: Gengar|Explosion|p1a: Wear Candoms Kid
|-crit|p1a: Wear Candoms Kid
|-damage|p1a: Wear Candoms Kid|0 fnt
|faint|p1a: Wear Candoms Kid
|faint|p2a: Gengar
|choice|switch 6|switch 3
|
|switch|p1a: WellIStallYourFace|Alakazam|289\/313
|switch|p2a: Snorlax|Snorlax|523\/523
|turn|20
|choice|move 4|move 4
|
|move|p1a: WellIStallYourFace|Reflect|p1a: WellIStallYourFace
|-start|p1a: WellIStallYourFace|Reflect
|move|p2a: Snorlax|Amnesia|p2a: Snorlax
|-boost|p2a: Snorlax|spd|2
|-boost|p2a: Snorlax|spa|2
|
|turn|21
|choice|switch 3|move 4
|
|switch|p1a: Yo Momma|Snorlax|523\/523
|move|p2a: Snorlax|Amnesia|p2a: Snorlax
|-boost|p2a: Snorlax|spd|2
|-boost|p2a: Snorlax|spa|2
|
|turn|22
|choice|move 4|move 2
|
|move|p2a: Snorlax|Ice Beam|p1a: Yo Momma
|-damage|p1a: Yo Momma|289\/523
|move|p1a: Yo Momma|Self-Destruct|p2a: Snorlax
|-crit|p2a: Snorlax
|-damage|p2a: Snorlax|0 fnt
|faint|p2a: Snorlax
|faint|p1a: Yo Momma
|choice|switch 5|switch 4
|
|switch|p2a: Exeggutor|Exeggutor|352\/393
|switch|p1a: I Own RBY|Chansey|703\/703
|turn|23
|choice|move 2|move 4
|
|move|p2a: Exeggutor|Explosion|p1a: I Own RBY
|-damage|p1a: I Own RBY|5\/703
|faint|p2a: Exeggutor
|choice||switch 6
|
|switch|p2a: Lapras|Lapras|463\/463 slp
|turn|24
|c|★NicoTheReaper|gg
|-message|NicoTheReaper forfeited.
|
|win|Peasounay
|player|p1
|player|p2
|c|★Peasounay|gg
|l|NicoTheReaper