|join|MALESANI
|join|MarcosNerd
|player|p1|MALESANI|238
|player|p2|MarcosNerd|210
|gametype|singles
|gen|1
|tier|[Gen 1] Random Battle
|rated
|seed|18432,62028,63606,18780
|rule|Sleep Clause Mod: Limit one foe put to sleep
|rule|Freeze Clause Mod: Limit one foe frozen
|rule|HP Percentage Mod: HP is shown in percentages
|
|start
|switch|p1a: Porygon|Porygon, L85|284\/284
|switch|p2a: Magneton|Magneton, L90|273\/273
|turn|1
|choice|move 2|move 1
|
|move|p2a: Magneton|Thunderbolt|p1a: Porygon
|-damage|p1a: Porygon|143\/284
|move|p1a: Porygon|Ice Beam|p2a: Magneton
|-damage|p2a: Magneton|229\/273
|
|turn|2
|choice|switch 2|move 1
|
|switch|p1a: Golem|Golem, L79|288\/288
|move|p2a: Magneton|Thunderbolt|p1a: Golem
|-immune|p1a: Golem|[msg]
|
|turn|3
|choice|move 2|switch 3
|
|switch|p2a: Staryu|Staryu, L90|237\/237
|move|p1a: Golem|Rock Slide|p2a: Staryu
|-damage|p2a: Staryu|140\/237
|
|turn|4
|choice|switch 4|move 2
|
|switch|p1a: Jolteon|Jolteon, L79|265\/265
|move|p2a: Staryu|Surf|p1a: Jolteon
|-damage|p1a: Jolteon|179\/265
|
|turn|5
|choice|move 3|move 4
|
|move|p1a: Jolteon|Body Slam|p2a: Staryu
|-crit|p2a: Staryu
|-damage|p2a: Staryu|44\/237
|move|p2a: Staryu|Blizzard|p1a: Jolteon
|-damage|p1a: Jolteon|107\/265
|
|turn|6
|choice|move 3|switch 3
|
|switch|p2a: Magneton|Magneton, L90|229\/273
|move|p1a: Jolteon|Body Slam|p2a: Magneton
|-damage|p2a: Magneton|195\/273
|
|turn|7
|choice|switch 4|move 2
|
|switch|p1a: Golem|Golem, L79|288\/288
|move|p2a: Magneton|Double-Edge|p1a: Golem
|-crit|p1a: Golem
|-resisted|p1a: Golem
|-damage|p1a: Golem|243\/288
|-damage|p2a: Magneton|184\/273|[from] recoil|[of] p1a: Golem
|
|turn|8
|choice|move 3|switch 6
|
|switch|p2a: Snorlax|Snorlax, L79|415\/415
|move|p1a: Golem|Earthquake|p2a: Snorlax
|-damage|p2a: Snorlax|297\/415
|
|turn|9
|choice|switch 5|move 4
|
|switch|p1a: Jynx|Jynx, L79|265\/265
|move|p2a: Snorlax|Surf|p1a: Jynx
|-damage|p1a: Jynx|214\/265
|
|turn|10
|choice|move 4|switch 6
|
|switch|p2a: Magneton|Magneton, L90|184\/273
|move|p1a: Jynx|Lovely Kiss|p2a: Magneton
|-status|p2a: Magneton|slp
|
|turn|11
|choice|move 2|switch 5
|
|switch|p2a: Jynx|Jynx, L79|265\/265
|move|p1a: Jynx|Psychic|p2a: Jynx
|-resisted|p2a: Jynx
|-damage|p2a: Jynx|222\/265
|
|turn|12
|choice|move 3|move 4
|
|move|p1a: Jynx|Blizzard|p2a: Jynx
|-resisted|p2a: Jynx
|-damage|p2a: Jynx|169\/265
|move|p2a: Jynx|Blizzard|p1a: Jynx
|-resisted|p1a: Jynx
|-damage|p1a: Jynx|158\/265
|
|turn|13
|choice|move 2|move 1
|
|move|p2a: Jynx|Lovely Kiss|p1a: Jynx
|-status|p1a: Jynx|slp
|-curestatus|p1a: Jynx|slp
|
|turn|14
|choice|move 2|move 4
|
|move|p1a: Jynx|Psychic|p2a: Jynx
|-resisted|p2a: Jynx
|-damage|p2a: Jynx|128\/265
|move|p2a: Jynx|Blizzard|p1a: Jynx
|-crit|p1a: Jynx
|-resisted|p1a: Jynx
|-damage|p1a: Jynx|47\/265
|
|turn|15
|choice|move 2|move 4
|
|move|p1a: Jynx|Psychic|p2a: Jynx
|-resisted|p2a: Jynx
|-damage|p2a: Jynx|85\/265
|-unboost|p2a: Jynx|spd|1
|-unboost|p2a: Jynx|spa|1
|move|p2a: Jynx|Blizzard|p1a: Jynx
|-resisted|p1a: Jynx
|-damage|p1a: Jynx|11\/265
|
|turn|16
|choice|move 3|move 1
|
|move|p2a: Jynx|Lovely Kiss|p1a: Jynx
|-status|p1a: Jynx|slp
|cant|p1a: Jynx|slp
|
|turn|17
|choice|move 3|move 4
|
|cant|p1a: Jynx|slp
|move|p2a: Jynx|Blizzard|p1a: Jynx
|-resisted|p1a: Jynx
|-damage|p1a: Jynx|0 fnt
|faint|p1a: Jynx
|choice|switch 4|
|
|switch|p1a: Jolteon|Jolteon, L79|107\/265
|turn|18
|choice|move 1|move 4
|
|move|p1a: Jolteon|Thunderbolt|p2a: Jynx
|-damage|p2a: Jynx|0 fnt
|faint|p2a: Jynx
|choice||switch 4
|
|switch|p2a: Scyther|Scyther, L90|309\/309
|turn|19
|choice|switch 5|move 1
|
|switch|p1a: Golem|Golem, L79|243\/288
|move|p2a: Scyther|Swords Dance|p2a: Scyther
|-boost|p2a: Scyther|atk|2
|
|turn|20
|choice|move 2|move 2
|
|move|p2a: Scyther|Agility|p2a: Scyther
|-boost|p2a: Scyther|spe|2
|move|p1a: Golem|Rock Slide|p2a: Scyther|[miss]
|-miss|p1a: Golem
|
|turn|21
|choice|move 2|move 3
|
|move|p2a: Scyther|Hyper Beam|p1a: Golem
|-resisted|p1a: Golem
|-damage|p1a: Golem|130\/288
|move|p1a: Golem|Rock Slide|p2a: Scyther
|-supereffective|p2a: Scyther
|-damage|p2a: Scyther|0 fnt
|faint|p2a: Scyther
|choice||switch 3
|
|switch|p2a: Staryu|Staryu, L90|44\/237
|turn|22
|choice|switch 3|move 2
|
|switch|p1a: Machoke|Machoke, L85|310\/310
|move|p2a: Staryu|Surf|p1a: Machoke
|-damage|p1a: Machoke|182\/310
|
|turn|23
|choice|move 3|switch 6
|
|switch|p2a: Snorlax|Snorlax, L79|297\/415
|move|p1a: Machoke|Mega Kick|p2a: Snorlax
|-damage|p2a: Snorlax|185\/415
|
|turn|24
|choice|move 2|move 2
|
|move|p1a: Machoke|Submission|p2a: Snorlax
|-supereffective|p2a: Snorlax
|-damage|p2a: Snorlax|0 fnt
|-damage|p1a: Machoke|136\/310|[from] recoil|[of] p2a: Snorlax
|faint|p2a: Snorlax
|choice||switch 5
|
|switch|p2a: Magneton|Magneton, L90|184\/273 slp
|turn|25
|choice|move 3|move 2
|
|-curestatus|p2a: Magneton|slp
|move|p1a: Machoke|Mega Kick|p2a: Magneton|[miss]
|-miss|p1a: Machoke
|
|turn|26
|choice|switch 3|move 2
|
|switch|p1a: Golem|Golem, L79|130\/288
|move|p2a: Magneton|Double-Edge|p1a: Golem
|-resisted|p1a: Golem
|-damage|p1a: Golem|105\/288
|-damage|p2a: Magneton|178\/273|[from] recoil|[of] p1a: Golem
|
|turn|27
|choice|move 4|move 1
|
|move|p2a: Magneton|Thunderbolt|p1a: Golem
|-immune|p1a: Golem|[msg]
|move|p1a: Golem|Explosion|p2a: Magneton
|-damage|p2a: Magneton|0 fnt
|faint|p2a: Magneton
|faint|p1a: Golem
|choice|switch 5|switch 2
|
|switch|p1a: Jolteon|Jolteon, L79|107\/265
|switch|p2a: Venonat|Venonat, L96|310\/310
|turn|28
|choice|switch 3|move 3
|
|switch|p1a: Machoke|Machoke, L85|136\/310
|move|p2a: Venonat|Sleep Powder|p1a: Machoke
|-status|p1a: Machoke|slp
|
|turn|29
|choice|switch 6|move 4
|
|switch|p1a: Venomoth|Venomoth, L85|293\/293
|move|p2a: Venonat|Psychic|p1a: Venomoth
|-supereffective|p1a: Venomoth
|-damage|p1a: Venomoth|200\/293
|
|turn|30
|choice|move 1|move 3
|
|move|p1a: Venomoth|Sleep Powder|p2a: Venonat
|-status|p2a: Venonat|slp
|cant|p2a: Venonat|slp
|
|turn|31
|choice|move 3|move 3
|
|move|p1a: Venomoth|Psychic|p2a: Venonat
|-supereffective|p2a: Venonat
|-damage|p2a: Venonat|153\/310 slp
|-curestatus|p2a: Venonat|slp
|
|turn|32
|choice|move 3|move 3
|
|move|p1a: Venomoth|Psychic|p2a: Venonat
|-crit|p2a: Venonat
|-supereffective|p2a: Venonat
|-damage|p2a: Venonat|0 fnt
|faint|p2a: Venonat
|choice||switch 6
|
|switch|p2a: Staryu|Staryu, L90|44\/237
|turn|33
|choice|move 4|move 3
|
|move|p2a: Staryu|Thunder Wave|p1a: Venomoth
|-status|p1a: Venomoth|par
|cant|p1a: Venomoth|par
|
|turn|34
|choice|move 3|move 4
|
|move|p2a: Staryu|Blizzard|p1a: Venomoth
|-crit|p1a: Venomoth
|-damage|p1a: Venomoth|58\/293 par
|move|p1a: Venomoth|Psychic|p2a: Staryu
|-damage|p2a: Staryu|0 fnt
|faint|p2a: Staryu
|
|win|MALESANI
|raw|MALESANI's rating: 1363 &rarr; <strong>1370<\/strong><br \/>(+7 for winning)
|raw|MarcosNerd's rating: 1086 &rarr; <strong>1079<\/strong><br \/>(-7 for losing)
|c|★MarcosNerd|good game
|c|★MALESANI|gg