|join|Dice
|join|DavidXanatos
|player|p1|Dice|168
|player|p2|DavidXanatos|165
|gametype|singles
|gen|1
|tier|[Gen 1] OU
|rated
|seed|41309,55122,7584,46589
|rule|Sleep Clause Mod: Limit one foe put to sleep
|rule|Freeze Clause Mod: Limit one foe frozen
|rule|Species Clause: Limit one of each Pokémon
|rule|OHKO Clause: OHKO moves are banned
|rule|Evasion Moves Clause: Evasion moves are banned
|rule|HP Percentage Mod: HP is shown in percentages
|
|start
|switch|p1a: Alakazam|Alakazam|313\/313
|switch|p2a: Jolteon|Jolteon|333\/333
|turn|1
|c|★Dice|h f
|choice|switch 2|switch 3
|
|switch|p2a: Exeggutor|Exeggutor|393\/393
|switch|p1a: Rhydon|Rhydon|413\/413
|
|turn|2
|choice|switch 2|move 1
|
|switch|p1a: Alakazam|Alakazam|313\/313
|move|p2a: Exeggutor|Sleep Powder|p1a: Alakazam|[miss]
|-miss|p2a: Exeggutor
|
|turn|3
|choice|move 2|move 1
|
|move|p1a: Alakazam|Thunder Wave|p2a: Exeggutor
|-status|p2a: Exeggutor|par
|move|p2a: Exeggutor|Sleep Powder|p1a: Alakazam|[miss]
|-miss|p2a: Exeggutor
|
|turn|4
|choice|move 3|move 1
|
|move|p1a: Alakazam|Seismic Toss|p2a: Exeggutor
|-damage|p2a: Exeggutor|293\/393 par
|move|p2a: Exeggutor|Sleep Powder|p1a: Alakazam
|-status|p1a: Alakazam|slp
|
|turn|5
|choice|switch 6|switch 5
|
|switch|p1a: Chansey|Chansey|703\/703
|switch|p2a: Snorlax|Snorlax|523\/523
|
|turn|6
|choice|move 4|switch 4
|
|switch|p2a: Chansey|Chansey|703\/703
|move|p1a: Chansey|Sing|p2a: Chansey
|-status|p2a: Chansey|slp
|
|turn|7
|choice|move 3|switch 2
|
|switch|p2a: Starmie|Starmie|323\/323
|move|p1a: Chansey|Thunder Wave|p2a: Starmie
|-status|p2a: Starmie|par
|
|turn|8
|choice|move 1|move 1
|
|move|p1a: Chansey|Seismic Toss|p2a: Starmie
|-damage|p2a: Starmie|223\/323 par
|move|p2a: Starmie|Psychic|p1a: Chansey
|-damage|p1a: Chansey|603\/703
|
|turn|9
|choice|move 1|move 4
|
|move|p1a: Chansey|Seismic Toss|p2a: Starmie
|-damage|p2a: Starmie|123\/323 par
|move|p2a: Starmie|Recover|p2a: Starmie
|-heal|p2a: Starmie|284\/323 par
|
|turn|10
|choice|switch 6|move 3
|
|switch|p1a: Alakazam|Alakazam|313\/313 slp
|cant|p2a: Starmie|par
|
|turn|11
|choice|move 3|switch 4
|
|switch|p2a: Snorlax|Snorlax|523\/523
|cant|p1a: Alakazam|slp
|
|turn|12
|choice|switch 6|move 1
|
|switch|p1a: Chansey|Chansey|603\/703
|move|p2a: Snorlax|Body Slam|p1a: Chansey
|-damage|p1a: Chansey|290\/703
|
|turn|13
|choice|move 2|move 1
|
|move|p1a: Chansey|Soft-Boiled|p1a: Chansey
|-heal|p1a: Chansey|641\/703
|move|p2a: Snorlax|Body Slam|p1a: Chansey
|-damage|p1a: Chansey|371\/703
|
|turn|14
|choice|move 2|switch 2
|
|switch|p2a: Chansey|Chansey|703\/703 slp
|move|p1a: Chansey|Soft-Boiled|p1a: Chansey
|-heal|p1a: Chansey|703\/703
|
|turn|15
|choice|switch 2|move 3
|
|switch|p1a: Rhydon|Rhydon|413\/413
|cant|p2a: Chansey|slp
|
|turn|16
|choice|move 2|switch 5
|
|switch|p2a: Exeggutor|Exeggutor|293\/393 par
|move|p1a: Rhydon|Substitute|p1a: Rhydon
|-start|p1a: Rhydon|Substitute
|-damage|p1a: Rhydon|310\/413
|
|turn|17
|choice|move 4|move 4
|
|move|p1a: Rhydon|Rock Slide|p2a: Exeggutor
|-damage|p2a: Exeggutor|169\/393 par
|move|p2a: Exeggutor|Stun Spore|p1a: Rhydon
|-status|p1a: Rhydon|par
|
|turn|18
|choice|move 1|move 2
|
|move|p2a: Exeggutor|Psychic|p1a: Rhydon
|-end|p1a: Rhydon|Substitute
|move|p1a: Rhydon|Body Slam|p2a: Exeggutor
|-damage|p2a: Exeggutor|80\/393 par
|
|turn|19
|choice|move 1|move 2
|
|move|p2a: Exeggutor|Psychic|p1a: Rhydon
|-damage|p1a: Rhydon|108\/413 par
|cant|p1a: Rhydon|par
|
|turn|20
|choice|move 1|move 2
|
|move|p2a: Exeggutor|Psychic|p1a: Rhydon
|-damage|p1a: Rhydon|0 fnt
|faint|p1a: Rhydon
|choice|switch 5|
|
|switch|p1a: Snorlax|Snorlax|523\/523
|turn|21
|choice|move 1|move 3
|
|move|p1a: Snorlax|Body Slam|p2a: Exeggutor
|-damage|p2a: Exeggutor|0 fnt
|faint|p2a: Exeggutor
|choice||switch 4
|
|switch|p2a: Starmie|Starmie|284\/323 par
|turn|22
|choice|move 1|move 3
|
|move|p1a: Snorlax|Body Slam|p2a: Starmie
|-crit|p2a: Starmie
|-damage|p2a: Starmie|44\/323 par
|move|p2a: Starmie|Thunder Wave|p1a: Snorlax
|-status|p1a: Snorlax|par
|
|turn|23
|choice|move 1|switch 2
|
|switch|p2a: Snorlax|Snorlax|523\/523
|move|p1a: Snorlax|Body Slam|p2a: Snorlax
|-damage|p2a: Snorlax|383\/523
|
|turn|24
|choice|move 2|move 1
|
|move|p2a: Snorlax|Body Slam|p1a: Snorlax
|-damage|p1a: Snorlax|389\/523 par
|move|p1a: Snorlax|Counter|p2a: Snorlax
|-damage|p2a: Snorlax|115\/523
|
|turn|25
|choice|switch 6|move 2
|
|switch|p1a: Alakazam|Alakazam|313\/313 slp
|move|p2a: Snorlax|Hyper Beam|p1a: Alakazam
|-damage|p1a: Alakazam|17\/313 slp
|
|turn|26
|-mustrecharge|p2a: Snorlax
|-mustrecharge|p2a: Snorlax
|choice|switch 4|move 1
|
|switch|p1a: Victreebel|Victreebel|363\/363
|cant|p2a: Snorlax|recharge
|
|turn|27
|choice|move 3|switch 2
|
|switch|p2a: Starmie|Starmie|44\/323 par
|move|p1a: Victreebel|Razor Leaf|p2a: Starmie
|-crit|p2a: Starmie
|-supereffective|p2a: Starmie
|-damage|p2a: Starmie|0 fnt
|faint|p2a: Starmie
|choice||switch 3
|
|switch|p2a: Jolteon|Jolteon|333\/333
|turn|28
|choice|switch 2|move 2
|
|switch|p1a: Chansey|Chansey|703\/703
|move|p2a: Jolteon|Thunder Wave|p1a: Chansey
|-status|p1a: Chansey|par
|
|turn|29
|choice|move 3|move 4
|
|move|p2a: Jolteon|Double Kick|p1a: Chansey
|-supereffective|p1a: Chansey
|-damage|p1a: Chansey|596\/703 par
|-damage|p1a: Chansey|489\/703 par
|-hitcount|p1a: Chansey|2
|move|p1a: Chansey|Thunder Wave|p2a: Jolteon
|-status|p2a: Jolteon|par
|
|turn|30
|choice|move 2|move 2
|
|move|p2a: Jolteon|Thunder Wave|p1a: Chansey
|-fail|p1a: Chansey|par
|move|p1a: Chansey|Soft-Boiled|p1a: Chansey
|-heal|p1a: Chansey|703\/703 par
|
|turn|31
|choice|move 1|move 4
|
|cant|p2a: Jolteon|par
|move|p1a: Chansey|Seismic Toss|p2a: Jolteon
|-damage|p2a: Jolteon|233\/333 par
|
|turn|32
|choice|move 1|move 4
|
|move|p2a: Jolteon|Double Kick|p1a: Chansey
|-supereffective|p1a: Chansey
|-damage|p1a: Chansey|606\/703 par
|-damage|p1a: Chansey|509\/703 par
|-hitcount|p1a: Chansey|2
|cant|p1a: Chansey|par
|
|turn|33
|choice|move 2|move 4
|
|move|p2a: Jolteon|Double Kick|p1a: Chansey
|-supereffective|p1a: Chansey
|-damage|p1a: Chansey|402\/703 par
|-damage|p1a: Chansey|295\/703 par
|-hitcount|p1a: Chansey|2
|move|p1a: Chansey|Soft-Boiled|p1a: Chansey
|-heal|p1a: Chansey|646\/703 par
|
|turn|34
|choice|move 1|move 4
|
|move|p2a: Jolteon|Double Kick|p1a: Chansey
|-supereffective|p1a: Chansey
|-damage|p1a: Chansey|545\/703 par
|-damage|p1a: Chansey|444\/703 par
|-hitcount|p1a: Chansey|2
|move|p1a: Chansey|Seismic Toss|p2a: Jolteon
|-damage|p2a: Jolteon|133\/333 par
|
|turn|35
|choice|move 2|move 4
|
|move|p2a: Jolteon|Double Kick|p1a: Chansey
|-supereffective|p1a: Chansey
|-damage|p1a: Chansey|349\/703 par
|-damage|p1a: Chansey|254\/703 par
|-hitcount|p1a: Chansey|2
|move|p1a: Chansey|Soft-Boiled|p1a: Chansey
|-heal|p1a: Chansey|605\/703 par
|
|turn|36
|choice|switch 2|move 4
|
|switch|p1a: Victreebel|Victreebel|363\/363
|move|p2a: Jolteon|Double Kick|p1a: Victreebel
|-resisted|p1a: Victreebel
|-damage|p1a: Victreebel|352\/363
|-damage|p1a: Victreebel|341\/363
|-hitcount|p1a: Victreebel|2
|
|turn|37
|choice|move 4|move 2
|
|move|p1a: Victreebel|Hyper Beam|p2a: Jolteon
|-damage|p2a: Jolteon|0 fnt
|faint|p2a: Jolteon
|choice||switch 6
|
|switch|p2a: Tauros|Tauros|353\/353
|turn|38
|choice|switch 4|move 1
|
|switch|p1a: Alakazam|Alakazam|17\/313 slp
|move|p2a: Tauros|Body Slam|p1a: Alakazam
|-damage|p1a: Alakazam|0 fnt
|faint|p1a: Alakazam
|choice|switch 3|
|
|switch|p1a: Slowbro|Slowbro|393\/393
|turn|39
|choice|switch 4|switch 5
|
|switch|p2a: Chansey|Chansey|703\/703 slp
|switch|p1a: Victreebel|Victreebel|341\/363
|
|turn|40
|choice|move 2|move 2
|
|move|p1a: Victreebel|Swords Dance|p1a: Victreebel
|-boost|p1a: Victreebel|atk|2
|cant|p2a: Chansey|slp
|
|turn|41
|choice|move 2|move 2
|
|move|p1a: Victreebel|Swords Dance|p1a: Victreebel
|-boost|p1a: Victreebel|atk|2
|cant|p2a: Chansey|slp
|
|turn|42
|choice|move 2|move 1
|
|move|p1a: Victreebel|Swords Dance|p1a: Victreebel
|-boost|p1a: Victreebel|atk|2
|-curestatus|p2a: Chansey|slp
|
|turn|43
|choice|move 1|switch 5
|
|switch|p2a: Tauros|Tauros|353\/353
|move|p1a: Victreebel|Sleep Powder|p2a: Tauros|[miss]
|-miss|p1a: Victreebel
|
|turn|44
|choice|move 4|move 3
|
|move|p2a: Tauros|Blizzard|p1a: Victreebel
|-crit|p1a: Victreebel
|-supereffective|p1a: Victreebel
|-damage|p1a: Victreebel|63\/363
|move|p1a: Victreebel|Hyper Beam|p2a: Tauros
|-damage|p2a: Tauros|0 fnt
|faint|p2a: Tauros
|choice||switch 5
|
|switch|p2a: Chansey|Chansey|703\/703
|turn|45
|choice|move 4|move 1
|
|move|p1a: Victreebel|Hyper Beam|p2a: Chansey
|-damage|p2a: Chansey|0 fnt
|faint|p2a: Chansey
|choice||switch 2
|
|switch|p2a: Snorlax|Snorlax|115\/523
|turn|46
|c|★Dice|g g
|choice|move 4|move 1
|
|move|p1a: Victreebel|Hyper Beam|p2a: Snorlax
|-crit|p2a: Snorlax
|-damage|p2a: Snorlax|0 fnt
|faint|p2a: Snorlax
|
|win|Dice
|raw|Dice's rating: 1000 &rarr; <strong>1040<\/strong><br \/>(+40 for winning)
|raw|DavidXanatos's rating: 1000 &rarr; <strong>1000<\/strong><br \/>(+0 for losing)
|leave|DavidXanatos
|player|p2