|join|ConnorTorres
|join|Bollowegen
|player|p1|ConnorTorres|169
|player|p2|Bollowegen|100
|gametype|singles
|gen|1
|tier|[Gen 1] Random Battle
|rated
|seed|24234,19529,55145,23066
|rule|Sleep Clause Mod: Limit one foe put to sleep
|rule|Freeze Clause Mod: Limit one foe frozen
|rule|HP Percentage Mod: HP is shown in percentages
|
|start
|switch|p1a: Diglett|Diglett, L96|214\/214
|switch|p2a: Kangaskhan|Kangaskhan, L85|352\/352
|turn|1
|choice|move 1|move 2
|
|move|p1a: Diglett|Earthquake|p2a: Kangaskhan
|-damage|p2a: Kangaskhan|253\/352
|move|p2a: Kangaskhan|Surf|p1a: Diglett
|-supereffective|p1a: Diglett
|-damage|p1a: Diglett|108\/214
|
|turn|2
|choice|move 2|move 2
|
|move|p1a: Diglett|Sand Attack|p2a: Kangaskhan
|-unboost|p2a: Kangaskhan|accuracy|1
|move|p2a: Kangaskhan|Surf|p1a: Diglett|[miss]
|-miss|p2a: Kangaskhan
|
|turn|3
|choice|move 1|switch 5
|
|switch|p2a: Scyther|Scyther, L90|309\/309
|move|p1a: Diglett|Earthquake|p2a: Scyther
|-immune|p2a: Scyther|[msg]
|
|turn|4
|choice|move 2|move 1
|
|move|p2a: Scyther|Slash|p1a: Diglett
|-crit|p1a: Diglett
|-damage|p1a: Diglett|0 fnt
|faint|p1a: Diglett
|choice|switch 3|
|
|switch|p1a: Ninetales|Ninetales, L85|298\/298
|turn|5
|choice|move 1|switch 6
|
|switch|p2a: Rapidash|Rapidash, L90|300\/300
|move|p1a: Ninetales|Fire Blast|p2a: Rapidash
|-resisted|p2a: Rapidash
|-damage|p2a: Rapidash|236\/300
|
|turn|6
|choice|switch 6|move 3
|
|switch|p1a: Gyarados|Gyarados, L85|335\/335
|move|p2a: Rapidash|Body Slam|p1a: Gyarados
|-damage|p1a: Gyarados|265\/335
|
|turn|7
|choice|move 1|switch 2
|
|switch|p2a: Mewtwo|Mewtwo, L68|285\/285
|move|p1a: Gyarados|Blizzard|p2a: Mewtwo
|-damage|p2a: Mewtwo|212\/285
|
|turn|8
|choice|switch 5|move 4
|
|switch|p1a: Kangaskhan|Kangaskhan, L85|352\/352
|move|p2a: Mewtwo|Amnesia|p2a: Mewtwo
|-boost|p2a: Mewtwo|spd|2
|-boost|p2a: Mewtwo|spa|2
|
|turn|9
|choice|move 2|move 1
|
|move|p2a: Mewtwo|Psychic|p1a: Kangaskhan
|-damage|p1a: Kangaskhan|92\/352
|move|p1a: Kangaskhan|Earthquake|p2a: Mewtwo
|-damage|p2a: Mewtwo|123\/285
|
|turn|10
|choice|move 2|move 3
|
|move|p2a: Mewtwo|Recover|p2a: Mewtwo
|-heal|p2a: Mewtwo|265\/285
|move|p1a: Kangaskhan|Earthquake|p2a: Mewtwo
|-damage|p2a: Mewtwo|176\/285
|
|turn|11
|choice|move 2|move 4
|
|move|p2a: Mewtwo|Amnesia|p2a: Mewtwo
|-boost|p2a: Mewtwo|spd|2
|-boost|p2a: Mewtwo|spa|2
|move|p1a: Kangaskhan|Earthquake|p2a: Mewtwo
|-damage|p2a: Mewtwo|85\/285
|
|turn|12
|choice|move 1|move 3
|
|move|p2a: Mewtwo|Recover|p2a: Mewtwo
|-heal|p2a: Mewtwo|227\/285
|move|p1a: Kangaskhan|Body Slam|p2a: Mewtwo
|-damage|p2a: Mewtwo|113\/285
|
|turn|13
|choice|move 1|move 2
|
|move|p2a: Mewtwo|Barrier|p2a: Mewtwo
|-boost|p2a: Mewtwo|def|2
|move|p1a: Kangaskhan|Body Slam|p2a: Mewtwo
|-crit|p2a: Mewtwo
|-damage|p2a: Mewtwo|0 fnt
|faint|p2a: Mewtwo
|choice||switch 6
|
|switch|p2a: Scyther|Scyther, L90|309\/309
|turn|14
|choice|move 1|move 1
|
|move|p2a: Scyther|Slash|p1a: Kangaskhan
|-crit|p1a: Kangaskhan
|-damage|p1a: Kangaskhan|0 fnt
|faint|p1a: Kangaskhan
|choice|switch 5|
|
|switch|p1a: Gyarados|Gyarados, L85|265\/335
|turn|15
|choice|move 1|switch 2
|
|switch|p2a: Rapidash|Rapidash, L90|236\/300
|move|p1a: Gyarados|Blizzard|p2a: Rapidash
|-damage|p2a: Rapidash|143\/300
|
|turn|16
|choice|switch 4|move 4
|
|switch|p1a: Slowbro|Slowbro, L79|312\/312
|move|p2a: Rapidash|Hyper Beam|p1a: Slowbro
|-damage|p1a: Slowbro|198\/312
|
|turn|17
|-mustrecharge|p2a: Rapidash
|-mustrecharge|p2a: Rapidash
|choice|move 4|move 1
|
|cant|p2a: Rapidash|recharge
|move|p1a: Slowbro|Surf|p2a: Rapidash
|-supereffective|p2a: Rapidash
|-damage|p2a: Rapidash|0 fnt
|faint|p2a: Rapidash
|choice||switch 4
|
|switch|p2a: Farfetch'd|Farfetch'd, L99|304\/304
|turn|18
|choice|move 1|move 1
|
|move|p2a: Farfetch'd|Slash|p1a: Slowbro
|-crit|p1a: Slowbro
|-damage|p1a: Slowbro|65\/312
|move|p1a: Slowbro|Thunder Wave|p2a: Farfetch'd
|-status|p2a: Farfetch'd|par
|
|turn|19
|choice|move 2|move 1
|
|move|p1a: Slowbro|Rest|p1a: Slowbro
|-status|p1a: Slowbro|slp
|-heal|p1a: Slowbro|312\/312 slp|[silent]
|-status|p1a: Slowbro|slp|[from] move: Rest
|cant|p2a: Farfetch'd|par
|
|turn|20
|choice|move 4|move 1
|
|cant|p1a: Slowbro|slp
|move|p2a: Farfetch'd|Slash|p1a: Slowbro
|-crit|p1a: Slowbro
|-damage|p1a: Slowbro|180\/312 slp
|
|turn|21
|choice|move 3|move 1
|
|-curestatus|p1a: Slowbro|slp
|move|p2a: Farfetch'd|Slash|p1a: Slowbro
|-crit|p1a: Slowbro
|-damage|p1a: Slowbro|48\/312
|
|turn|22
|choice|move 2|move 3
|
|move|p1a: Slowbro|Rest|p1a: Slowbro
|-status|p1a: Slowbro|slp
|-heal|p1a: Slowbro|312\/312 slp|[silent]
|-status|p1a: Slowbro|slp|[from] move: Rest
|move|p2a: Farfetch'd|Substitute|p2a: Farfetch'd
|-start|p2a: Farfetch'd|Substitute
|-damage|p2a: Farfetch'd|228\/304 par
|
|turn|23
|choice|move 4|move 2
|
|cant|p1a: Slowbro|slp
|move|p2a: Farfetch'd|Sand Attack|p1a: Slowbro
|-unboost|p1a: Slowbro|accuracy|1
|
|turn|24
|choice|move 4|move 2
|
|-curestatus|p1a: Slowbro|slp
|cant|p2a: Farfetch'd|par
|
|turn|25
|choice|move 4|move 2
|
|move|p1a: Slowbro|Surf|p2a: Farfetch'd|[miss]
|-miss|p1a: Slowbro
|cant|p2a: Farfetch'd|par
|
|turn|26
|choice|move 3|move 2
|
|move|p1a: Slowbro|Amnesia|p1a: Slowbro
|-boost|p1a: Slowbro|spd|2
|-boost|p1a: Slowbro|spa|2
|cant|p2a: Farfetch'd|par
|
|turn|27
|choice|move 4|move 2
|
|move|p1a: Slowbro|Surf|p2a: Farfetch'd
|-end|p2a: Farfetch'd|Substitute
|move|p2a: Farfetch'd|Sand Attack|p1a: Slowbro
|-unboost|p1a: Slowbro|accuracy|1
|
|turn|28
|choice|move 4|move 3
|
|move|p1a: Slowbro|Surf|p2a: Farfetch'd
|-damage|p2a: Farfetch'd|42\/304 par
|move|p2a: Farfetch'd|Substitute|p2a: Farfetch'd
|-fail|p2a: Farfetch'd|move: Substitute|[weak]
|
|turn|29
|choice|move 4|move 2
|
|move|p1a: Slowbro|Surf|p2a: Farfetch'd
|-damage|p2a: Farfetch'd|0 fnt
|faint|p2a: Farfetch'd
|choice||switch 2
|
|switch|p2a: Scyther|Scyther, L90|309\/309
|turn|30
|choice|move 4|move 1
|
|move|p2a: Scyther|Slash|p1a: Slowbro
|-crit|p1a: Slowbro
|-damage|p1a: Slowbro|200\/312
|move|p1a: Slowbro|Surf|p2a: Scyther
|-damage|p2a: Scyther|115\/309
|
|turn|31
|choice|move 4|move 1
|
|move|p2a: Scyther|Slash|p1a: Slowbro
|-crit|p1a: Slowbro
|-damage|p1a: Slowbro|83\/312
|move|p1a: Slowbro|Surf|p2a: Scyther
|-damage|p2a: Scyther|0 fnt
|faint|p2a: Scyther
|choice||switch 5
|
|switch|p2a: Kangaskhan|Kangaskhan, L85|253\/352
|turn|32
|choice|move 4|move 3
|
|move|p2a: Kangaskhan|Hyper Beam|p1a: Slowbro
|-damage|p1a: Slowbro|0 fnt
|faint|p1a: Slowbro
|choice|switch 4|
|
|switch|p1a: Gyarados|Gyarados, L85|265\/335
|turn|33
|choice|move 4|move 3
|
|move|p2a: Kangaskhan|Hyper Beam|p1a: Gyarados
|-damage|p1a: Gyarados|97\/335
|move|p1a: Gyarados|Thunderbolt|p2a: Kangaskhan
|-damage|p2a: Kangaskhan|151\/352
|
|turn|34
|-mustrecharge|p2a: Kangaskhan
|-mustrecharge|p2a: Kangaskhan
|choice|move 3|move 1
|
|cant|p2a: Kangaskhan|recharge
|move|p1a: Gyarados|Body Slam|p2a: Kangaskhan
|-damage|p2a: Kangaskhan|79\/352
|
|turn|35
|choice|move 4|move 3
|
|move|p2a: Kangaskhan|Hyper Beam|p1a: Gyarados
|-damage|p1a: Gyarados|0 fnt
|faint|p1a: Gyarados
|choice|switch 6|
|
|switch|p1a: Ninetales|Ninetales, L85|298\/298
|turn|36
|choice|move 1|move 1
|
|move|p1a: Ninetales|Fire Blast|p2a: Kangaskhan
|-damage|p2a: Kangaskhan|0 fnt
|faint|p2a: Kangaskhan
|choice||switch 3
|
|switch|p2a: Machop|Machop, L96|329\/329
|turn|37
|choice|move 3|move 4
|
|move|p1a: Ninetales|Hyper Beam|p2a: Machop
|-damage|p2a: Machop|206\/329
|move|p2a: Machop|Earthquake|p1a: Ninetales|[miss]
|-miss|p2a: Machop
|
|turn|38
|-mustrecharge|p1a: Ninetales
|-mustrecharge|p1a: Ninetales
|choice|move 1|move 4
|
|cant|p1a: Ninetales|recharge
|move|p2a: Machop|Earthquake|p1a: Ninetales
|-supereffective|p1a: Ninetales
|-damage|p1a: Ninetales|115\/298
|
|turn|39
|choice|move 1|move 4
|
|move|p1a: Ninetales|Fire Blast|p2a: Machop|[miss]
|-miss|p1a: Ninetales
|move|p2a: Machop|Earthquake|p1a: Ninetales
|-supereffective|p1a: Ninetales
|-damage|p1a: Ninetales|0 fnt
|faint|p1a: Ninetales
|choice|switch 2|
|
|switch|p1a: Victreebel|Victreebel, L85|310\/310
|turn|40
|choice|move 2|move 1
|
|move|p1a: Victreebel|Sleep Powder|p2a: Machop
|-status|p2a: Machop|slp
|cant|p2a: Machop|slp
|
|turn|41
|choice|move 4|move 1
|
|move|p1a: Victreebel|Body Slam|p2a: Machop
|-damage|p2a: Machop|127\/329 slp
|cant|p2a: Machop|slp
|
|turn|42
|choice|move 4|move 1
|
|move|p1a: Victreebel|Body Slam|p2a: Machop
|-damage|p2a: Machop|48\/329 slp
|-curestatus|p2a: Machop|slp
|
|turn|43
|choice|move 1|move 1
|
|move|p1a: Victreebel|Razor Leaf|p2a: Machop
|-crit|p2a: Machop
|-damage|p2a: Machop|0 fnt
|faint|p2a: Machop
|
|win|ConnorTorres
|raw|ConnorTorres's rating: 1281 &rarr; <strong>1311<\/strong><br \/>(+30 for winning)
|raw|Bollowegen's rating: 1352 &rarr; <strong>1328<\/strong><br \/>(-24 for losing)
|leave|Bollowegen
|player|p2