|join|TheProfessorRowan
|join|bpizzizzle
|player|p1|TheProfessorRowan|1
|player|p2|bpizzizzle|252
|gametype|singles
|gen|1
|tier|[Gen 1] Random Battle
|rated
|rule|Sleep Clause Mod: Limit one foe put to sleep
|rule|Freeze Clause Mod: Limit one foe frozen
|rule|HP Percentage Mod: HP is shown in percentages
|
|start
|switch|p1a: Abra|Abra, L95|240\/240
|switch|p2a: Nidorino|Nidorino, L92|299\/299
|turn|1
|
|switch|p2a: Slowbro|Slowbro, L80|316\/316
|move|p1a: Abra|Psychic|p2a: Slowbro
|-crit|p2a: Slowbro
|-resisted|p2a: Slowbro
|-damage|p2a: Slowbro|174\/316
|
|turn|2
|
|switch|p1a: Haunter|Haunter, L86|253\/253
|move|p2a: Slowbro|Thunder Wave|p1a: Haunter
|-status|p1a: Haunter|par
|
|turn|3
|
|move|p2a: Slowbro|Amnesia|p2a: Slowbro
|-boost|p2a: Slowbro|spd|2
|-boost|p2a: Slowbro|spa|2
|cant|p1a: Haunter|par
|
|turn|4
|
|move|p2a: Slowbro|Surf|p1a: Haunter
|-damage|p1a: Haunter|121\/253 par
|move|p1a: Haunter|Mega Drain|p2a: Slowbro
|-supereffective|p2a: Slowbro
|-damage|p2a: Slowbro|132\/316
|-heal|p1a: Haunter|142\/253 par|[from] drain|[of] p2a: Slowbro
|
|turn|5
|
|move|p2a: Slowbro|Surf|p1a: Haunter
|-damage|p1a: Haunter|19\/253 par
|move|p1a: Haunter|Thunderbolt|p2a: Slowbro
|-crit|p2a: Slowbro
|-supereffective|p2a: Slowbro
|-damage|p2a: Slowbro|0 fnt
|faint|p2a: Slowbro
|
|switch|p2a: Nidorino|Nidorino, L92|299\/299
|turn|6
|
|move|p2a: Nidorino|Thunderbolt|p1a: Haunter
|-damage|p1a: Haunter|0 fnt
|faint|p1a: Haunter
|
|switch|p1a: Lapras|Lapras, L80|372\/372
|turn|7
|
|move|p2a: Nidorino|Thunderbolt|p1a: Lapras
|-supereffective|p1a: Lapras
|-damage|p1a: Lapras|253\/372
|move|p1a: Lapras|Ice Beam|p2a: Nidorino
|-damage|p2a: Nidorino|189\/299
|-status|p2a: Nidorino|frz
|
|turn|8
|
|cant|p2a: Nidorino|frz
|move|p1a: Lapras|Body Slam|p2a: Nidorino
|-damage|p2a: Nidorino|132\/299 frz
|
|turn|9
|
|cant|p2a: Nidorino|frz
|move|p1a: Lapras|Thunderbolt|p2a: Nidorino
|-damage|p2a: Nidorino|63\/299 frz
|
|turn|10
|
|cant|p2a: Nidorino|frz
|move|p1a: Lapras|Thunderbolt|p2a: Nidorino
|-damage|p2a: Nidorino|0 fnt
|faint|p2a: Nidorino
|
|switch|p2a: Venusaur|Venusaur, L86|313\/313
|turn|11
|
|move|p2a: Venusaur|Razor Leaf|p1a: Lapras|[miss]
|-miss|p2a: Venusaur
|move|p1a: Lapras|Ice Beam|p2a: Venusaur
|-supereffective|p2a: Venusaur
|-damage|p2a: Venusaur|157\/313
|
|turn|12
|
|move|p2a: Venusaur|Razor Leaf|p1a: Lapras
|-crit|p1a: Lapras
|-supereffective|p1a: Lapras
|-damage|p1a: Lapras|26\/372
|move|p1a: Lapras|Ice Beam|p2a: Venusaur
|-supereffective|p2a: Venusaur
|-damage|p2a: Venusaur|0 fnt
|faint|p2a: Venusaur
|
|switch|p2a: Vaporeon|Vaporeon, L86|399\/399
|turn|13
|
|move|p2a: Vaporeon|Body Slam|p1a: Lapras
|-damage|p1a: Lapras|0 fnt
|faint|p1a: Lapras
|
|switch|p1a: Mr. Mime|Mr. Mime, L86|244\/244
|turn|14
|
|move|p1a: Mr. Mime|Thunderbolt|p2a: Vaporeon
|-supereffective|p2a: Vaporeon
|-damage|p2a: Vaporeon|280\/399
|move|p2a: Vaporeon|Hydro Pump|p1a: Mr. Mime|[miss]
|-miss|p2a: Vaporeon
|
|turn|15
|
|switch|p2a: Exeggutor|Exeggutor, L80|316\/316
|move|p1a: Mr. Mime|Thunderbolt|p2a: Exeggutor
|-crit|p2a: Exeggutor
|-resisted|p2a: Exeggutor
|-damage|p2a: Exeggutor|261\/316
|
|turn|16
|
|move|p1a: Mr. Mime|Thunder Wave|p2a: Exeggutor
|-status|p2a: Exeggutor|par
|move|p2a: Exeggutor|Sleep Powder|p1a: Mr. Mime|[miss]
|-miss|p2a: Exeggutor
|
|turn|17
|c|★bpizzizzle|man fuck this game
|
|move|p1a: Mr. Mime|Psychic|p2a: Exeggutor
|-resisted|p2a: Exeggutor
|-damage|p2a: Exeggutor|216\/316 par
|move|p2a: Exeggutor|Sleep Powder|p1a: Mr. Mime
|-status|p1a: Mr. Mime|slp
|
|turn|18
|
|switch|p1a: Beedrill|Beedrill, L86|287\/287
|cant|p2a: Exeggutor|par
|
|turn|19
|
|move|p1a: Beedrill|Twineedle|p2a: Exeggutor
|-supereffective|p2a: Exeggutor
|-damage|p2a: Exeggutor|97\/316 par
|-damage|p2a: Exeggutor|0 fnt
|-hitcount|p2a: Exeggutor|2
|faint|p2a: Exeggutor
|-message|bpizzizzle forfeited.
|leave|bpizzizzle
|
|win|TheProfessorRowan
|raw|Ladder updating...
|player|p2
|raw|TheProfessorRowan's rating: 1000 &rarr; <strong>1066<\/strong><br \/>(+66 for winning)
|raw|bpizzizzle's rating: 1262 &rarr; <strong>1221<\/strong><br \/>(-41 for losing)