|join|Whoremaster
|join|Madkoreaman
|player|p1|Whoremaster|43
|player|p2|Madkoreaman|212
|gametype|singles
|gen|1
|tier|[Gen 1] OU (beta)
|rated
|rule|Sleep Clause Mod: Limit one foe put to sleep
|rule|Species Clause: Limit one of each Pokemon
|rule|OHKO Clause: OHKO moves are banned
|rule|Moody Clause: Moody is banned
|rule|Evasion Moves Clause: Evasion moves are banned
|rule|Endless Battle Clause: Forcing endless battles is banned.
|rule|HP Percentage Mod: HP is reported as percentages
|
|start
|switch|p1a: Spoonbrah|Alakazam|313\/313
|switch|p2a: Exeggutor|Exeggutor|393\/393
|turn|1
|
|move|p1a: Spoonbrah|Thunder Wave|p2a: Exeggutor
|-status|p2a: Exeggutor|par
|move|p2a: Exeggutor|Double-Edge|p1a: Spoonbrah
|-damage|p1a: Spoonbrah|199\/313
|-damage|p2a: Exeggutor|364\/393 par|[from] recoil|[of] p1a: Spoonbrah
|
|turn|2
|
|switch|p1a: Snorlax|Snorlax|523\/523
|move|p2a: Exeggutor|Double-Edge|p1a: Snorlax
|-damage|p1a: Snorlax|426\/523
|-damage|p2a: Exeggutor|340\/393 par|[from] recoil|[of] p1a: Snorlax
|
|turn|3
|
|move|p1a: Snorlax|Body Slam|p2a: Exeggutor
|-damage|p2a: Exeggutor|217\/393 par
|move|p2a: Exeggutor|Sleep Powder|p1a: Snorlax|[miss]
|-miss|p2a: Exeggutor
|
|turn|4
|
|switch|p2a: Rhydon|Rhydon|413\/413
|move|p1a: Snorlax|Body Slam|p2a: Rhydon
|-resisted|p2a: Rhydon
|-damage|p2a: Rhydon|364\/413
|-status|p2a: Rhydon|par
|
|turn|5
|
|move|p1a: Snorlax|Surf|p2a: Rhydon
|-supereffective|p2a: Rhydon
|-damage|p2a: Rhydon|0 fnt
|faint|p2a: Rhydon
|
|
|switch|p2a: Dragonite|Dragonite|385\/385
|turn|6
|
|move|p2a: Dragonite|Agility|p2a: Dragonite
|-boost|p2a: Dragonite|spe|2
|move|p1a: Snorlax|Body Slam|p2a: Dragonite
|-damage|p2a: Dragonite|280\/385
|
|turn|7
|
|move|p2a: Dragonite|Wrap|p1a: Snorlax
|-damage|p1a: Snorlax|406\/523
|-activate|p1a: Snorlax|move: Wrap|[of] p2a: Dragonite
|cant|p1a: Snorlax|partiallytrapped
|
|turn|8
|
|move|p2a: Dragonite|Wrap|p1a: Snorlax
|-damage|p1a: Snorlax|386\/523
|cant|p1a: Snorlax|partiallytrapped
|
|turn|9
|
|move|p2a: Dragonite|Wrap|p1a: Snorlax
|-damage|p1a: Snorlax|366\/523
|cant|p1a: Snorlax|partiallytrapped
|
|turn|10
|
|move|p2a: Dragonite|Wrap|p1a: Snorlax
|-damage|p1a: Snorlax|346\/523
|cant|p1a: Snorlax|partiallytrapped
|
|turn|11
|
|move|p2a: Dragonite|Wrap|p1a: Snorlax
|-damage|p1a: Snorlax|326\/523
|cant|p1a: Snorlax|partiallytrapped
|
|-end|p1a: Snorlax|Wrap|[partiallytrapped]
|turn|12
|
|move|p2a: Dragonite|Wrap|p1a: Snorlax
|-crit|p1a: Snorlax
|-damage|p1a: Snorlax|284\/523
|-activate|p1a: Snorlax|move: Wrap|[of] p2a: Dragonite
|cant|p1a: Snorlax|partiallytrapped
|
|turn|13
|
|switch|p1a: Golem|Golem|363\/363
|move|p2a: Dragonite|Wrap|p1a: Golem
|-resisted|p1a: Golem
|-damage|p1a: Golem|357\/363
|-activate|p1a: Golem|move: Wrap|[of] p2a: Dragonite
|
|turn|14
|
|switch|p1a: Bitch Tits|Chansey|703\/703
|move|p2a: Dragonite|Wrap|p1a: Bitch Tits
|-crit|p1a: Bitch Tits
|-damage|p1a: Bitch Tits|617\/703
|-activate|p1a: Bitch Tits|move: Wrap|[of] p2a: Dragonite
|
|turn|15
|
|move|p2a: Dragonite|Wrap|p1a: Bitch Tits
|-damage|p1a: Bitch Tits|575\/703
|cant|p1a: Bitch Tits|partiallytrapped
|
|turn|16
|
|move|p2a: Dragonite|Wrap|p1a: Bitch Tits
|-damage|p1a: Bitch Tits|533\/703
|cant|p1a: Bitch Tits|partiallytrapped
|
|-end|p1a: Bitch Tits|Wrap|[partiallytrapped]
|turn|17
|
|move|p2a: Dragonite|Wrap|p1a: Bitch Tits
|-crit|p1a: Bitch Tits
|-damage|p1a: Bitch Tits|445\/703
|-activate|p1a: Bitch Tits|move: Wrap|[of] p2a: Dragonite
|cant|p1a: Bitch Tits|partiallytrapped
|
|turn|18
|
|switch|p1a: Exeggutor|Exeggutor|393\/393
|move|p2a: Dragonite|Wrap|p1a: Exeggutor
|-damage|p1a: Exeggutor|377\/393
|-activate|p1a: Exeggutor|move: Wrap|[of] p2a: Dragonite
|
|turn|19
|
|move|p2a: Dragonite|Wrap|p1a: Exeggutor
|-damage|p1a: Exeggutor|289\/393
|cant|p1a: Exeggutor|partiallytrapped
|
|-end|p1a: Exeggutor|Wrap|[partiallytrapped]
|turn|20
|
|move|p2a: Dragonite|Wrap|p1a: Exeggutor
|-damage|p1a: Exeggutor|273\/393
|-activate|p1a: Exeggutor|move: Wrap|[of] p2a: Dragonite
|cant|p1a: Exeggutor|partiallytrapped
|
|turn|21
|
|move|p2a: Dragonite|Wrap|p1a: Exeggutor
|-damage|p1a: Exeggutor|257\/393
|cant|p1a: Exeggutor|partiallytrapped
|
|-end|p1a: Exeggutor|Wrap|[partiallytrapped]
|turn|22
|
|move|p2a: Dragonite|Wrap|p1a: Exeggutor
|-damage|p1a: Exeggutor|240\/393
|-activate|p1a: Exeggutor|move: Wrap|[of] p2a: Dragonite
|cant|p1a: Exeggutor|partiallytrapped
|
|turn|23
|
|move|p2a: Dragonite|Wrap|p1a: Exeggutor
|-damage|p1a: Exeggutor|223\/393
|cant|p1a: Exeggutor|partiallytrapped
|
|turn|24
|
|move|p2a: Dragonite|Wrap|p1a: Exeggutor
|-damage|p1a: Exeggutor|206\/393
|cant|p1a: Exeggutor|partiallytrapped
|
|turn|25
|
|move|p2a: Dragonite|Wrap|p1a: Exeggutor
|-damage|p1a: Exeggutor|189\/393
|cant|p1a: Exeggutor|partiallytrapped
|
|turn|26
|
|move|p2a: Dragonite|Wrap|p1a: Exeggutor
|-damage|p1a: Exeggutor|172\/393
|cant|p1a: Exeggutor|partiallytrapped
|
|-end|p1a: Exeggutor|Wrap|[partiallytrapped]
|turn|27
|
|move|p2a: Dragonite|Wrap|p1a: Exeggutor
|-damage|p1a: Exeggutor|156\/393
|-activate|p1a: Exeggutor|move: Wrap|[of] p2a: Dragonite
|cant|p1a: Exeggutor|partiallytrapped
|
|turn|28
|
|move|p2a: Dragonite|Wrap|p1a: Exeggutor
|-damage|p1a: Exeggutor|140\/393
|cant|p1a: Exeggutor|partiallytrapped
|
|-end|p1a: Exeggutor|Wrap|[partiallytrapped]
|turn|29
|
|move|p2a: Dragonite|Wrap|p1a: Exeggutor
|-damage|p1a: Exeggutor|123\/393
|-activate|p1a: Exeggutor|move: Wrap|[of] p2a: Dragonite
|cant|p1a: Exeggutor|partiallytrapped
|
|turn|30
|
|move|p2a: Dragonite|Wrap|p1a: Exeggutor
|-damage|p1a: Exeggutor|106\/393
|cant|p1a: Exeggutor|partiallytrapped
|
|turn|31
|chat|Whoremaster|fuck that is lame
|chat|Madkoreaman|lol
|
|switch|p1a: Golem|Golem|357\/363
|move|p2a: Dragonite|Wrap|p1a: Golem
|-crit|p1a: Golem
|-resisted|p1a: Golem
|-damage|p1a: Golem|345\/363
|-activate|p1a: Golem|move: Wrap|[of] p2a: Dragonite
|
|turn|32
|
|switch|p1a: Exeggutor|Exeggutor|106\/393
|move|p2a: Dragonite|Wrap|p1a: Exeggutor
|-damage|p1a: Exeggutor|89\/393
|-activate|p1a: Exeggutor|move: Wrap|[of] p2a: Dragonite
|
|turn|33
|
|move|p2a: Dragonite|Wrap|p1a: Exeggutor
|-damage|p1a: Exeggutor|72\/393
|cant|p1a: Exeggutor|partiallytrapped
|
|turn|34
|
|move|p2a: Dragonite|Wrap|p1a: Exeggutor
|-damage|p1a: Exeggutor|55\/393
|cant|p1a: Exeggutor|partiallytrapped
|
|-end|p1a: Exeggutor|Wrap|[partiallytrapped]
|turn|35
|
|switch|p1a: Bitch Tits|Chansey|445\/703
|move|p2a: Dragonite|Wrap|p1a: Bitch Tits
|-damage|p1a: Bitch Tits|406\/703
|-activate|p1a: Bitch Tits|move: Wrap|[of] p2a: Dragonite
|
|turn|36
|
|move|p2a: Dragonite|Wrap|p1a: Bitch Tits
|-damage|p1a: Bitch Tits|367\/703
|cant|p1a: Bitch Tits|partiallytrapped
|
|-end|p1a: Bitch Tits|Wrap|[partiallytrapped]
|turn|37
|
|move|p2a: Dragonite|Wrap|p1a: Bitch Tits
|-crit|p1a: Bitch Tits
|-damage|p1a: Bitch Tits|292\/703
|-activate|p1a: Bitch Tits|move: Wrap|[of] p2a: Dragonite
|cant|p1a: Bitch Tits|partiallytrapped
|
|turn|38
|
|switch|p1a: Snorlax|Snorlax|284\/523
|move|p2a: Dragonite|Wrap|p1a: Snorlax
|-damage|p1a: Snorlax|265\/523
|-activate|p1a: Snorlax|move: Wrap|[of] p2a: Dragonite
|
|turn|39
|
|move|p2a: Dragonite|Wrap|p1a: Snorlax
|-damage|p1a: Snorlax|190\/523
|cant|p1a: Snorlax|partiallytrapped
|
|turn|40
|
|move|p2a: Dragonite|Wrap|p1a: Snorlax
|-damage|p1a: Snorlax|115\/523
|cant|p1a: Snorlax|partiallytrapped
|
|-end|p1a: Snorlax|Wrap|[partiallytrapped]
|turn|41
|
|switch|p1a: Golem|Golem|345\/363
|move|p2a: Dragonite|Wrap|p1a: Golem
|-resisted|p1a: Golem
|-damage|p1a: Golem|339\/363
|-activate|p1a: Golem|move: Wrap|[of] p2a: Dragonite
|
|turn|42
|
|move|p2a: Dragonite|Wrap|p1a: Golem
|-damage|p1a: Golem|333\/363
|cant|p1a: Golem|partiallytrapped
|
|turn|43
|
|switch|p1a: Bitch Tits|Chansey|292\/703
|move|p2a: Dragonite|Wrap|p1a: Bitch Tits
|-damage|p1a: Bitch Tits|252\/703
|-activate|p1a: Bitch Tits|move: Wrap|[of] p2a: Dragonite
|
|turn|44
|
|move|p2a: Dragonite|Wrap|p1a: Bitch Tits
|-damage|p1a: Bitch Tits|246\/703
|cant|p1a: Bitch Tits|partiallytrapped
|
|turn|45
|chat|Whoremaster|how much fucking pp does it have
|
|move|p2a: Dragonite|Wrap|p1a: Bitch Tits
|-damage|p1a: Bitch Tits|240\/703
|cant|p1a: Bitch Tits|partiallytrapped
|
|-end|p1a: Bitch Tits|Wrap|[partiallytrapped]
|turn|46
|chat|Madkoreaman|32 :p
|
|move|p2a: Dragonite|Wrap|p1a: Bitch Tits
|-damage|p1a: Bitch Tits|199\/703
|-activate|p1a: Bitch Tits|move: Wrap|[of] p2a: Dragonite
|cant|p1a: Bitch Tits|partiallytrapped
|
|turn|47
|chat|Whoremaster|whats its accuracy
|
|move|p2a: Dragonite|Wrap|p1a: Bitch Tits
|-damage|p1a: Bitch Tits|158\/703
|cant|p1a: Bitch Tits|partiallytrapped
|
|-end|p1a: Bitch Tits|Wrap|[partiallytrapped]
|turn|48
|chat|Madkoreaman|idk
|chat|Whoremaster|it tells you when you hover over it
|
|switch|p1a: Golem|Golem|333\/363
|move|p2a: Dragonite|Wrap|p1a: Golem
|-resisted|p1a: Golem
|-damage|p1a: Golem|328\/363
|-activate|p1a: Golem|move: Wrap|[of] p2a: Dragonite
|
|turn|49
|chat|Madkoreaman|that i wont say
|
|move|p2a: Dragonite|Wrap|p1a: Golem
|-damage|p1a: Golem|323\/363
|cant|p1a: Golem|partiallytrapped
|
|-end|p1a: Golem|Wrap|[partiallytrapped]
|turn|50
|
|move|p2a: Dragonite|Surf|p1a: Golem
|-supereffective|p1a: Golem
|-damage|p1a: Golem|0 fnt
|faint|p1a: Golem
|
|
|switch|p1a: Bitch Tits|Chansey|158\/703
|turn|51
|
|move|p2a: Dragonite|Wrap|p1a: Bitch Tits|[miss]
|-miss|p2a: Dragonite
|move|p1a: Bitch Tits|Soft-Boiled|p1a: Bitch Tits
|-heal|p1a: Bitch Tits|509\/703
|
|turn|52
|
|move|p2a: Dragonite|Wrap|p1a: Bitch Tits
|-damage|p1a: Bitch Tits|467\/703
|-activate|p1a: Bitch Tits|move: Wrap|[of] p2a: Dragonite
|cant|p1a: Bitch Tits|partiallytrapped
|
|turn|53
|
|move|p2a: Dragonite|Wrap|p1a: Bitch Tits
|-damage|p1a: Bitch Tits|425\/703
|cant|p1a: Bitch Tits|partiallytrapped
|
|turn|54
|
|move|p2a: Dragonite|Wrap|p1a: Bitch Tits
|-damage|p1a: Bitch Tits|383\/703
|cant|p1a: Bitch Tits|partiallytrapped
|
|turn|55
|
|move|p2a: Dragonite|Wrap|p1a: Bitch Tits
|-damage|p1a: Bitch Tits|341\/703
|cant|p1a: Bitch Tits|partiallytrapped
|
|-end|p1a: Bitch Tits|Wrap|[partiallytrapped]
|turn|56
|
|move|p2a: Dragonite|Wrap|p1a: Bitch Tits
|-damage|p1a: Bitch Tits|304\/703
|-activate|p1a: Bitch Tits|move: Wrap|[of] p2a: Dragonite
|cant|p1a: Bitch Tits|partiallytrapped
|
|turn|57
|
|move|p2a: Dragonite|Wrap|p1a: Bitch Tits
|-damage|p1a: Bitch Tits|267\/703
|cant|p1a: Bitch Tits|partiallytrapped
|
|turn|58
|
|move|p2a: Dragonite|Wrap|p1a: Bitch Tits
|-damage|p1a: Bitch Tits|230\/703
|cant|p1a: Bitch Tits|partiallytrapped
|
|-end|p1a: Bitch Tits|Wrap|[partiallytrapped]
|turn|59
|
|move|p2a: Dragonite|Hyper Beam|p1a: Bitch Tits
|-damage|p1a: Bitch Tits|0 fnt
|faint|p1a: Bitch Tits
|
|
|switch|p1a: Snorlax|Snorlax|115\/523
|turn|60
|
|move|p2a: Dragonite|Wrap|p1a: Snorlax|[miss]
|-miss|p2a: Dragonite
|move|p1a: Snorlax|Rest|p1a: Snorlax
|-status|p1a: Snorlax|slp
|-heal|p1a: Snorlax|523\/523 slp|[silent]
|-status|p1a: Snorlax|slp|[from] move: Rest
|
|turn|61
|
|move|p2a: Dragonite|Wrap|p1a: Snorlax
|-damage|p1a: Snorlax|504\/523 slp
|-activate|p1a: Snorlax|move: Wrap|[of] p2a: Dragonite
|cant|p1a: Snorlax|slp
|
|turn|62
|
|move|p2a: Dragonite|Wrap|p1a: Snorlax
|-damage|p1a: Snorlax|485\/523 slp
|cant|p1a: Snorlax|slp
|-curestatus|p1a: Snorlax|slp
|
|turn|63
|
|move|p2a: Dragonite|Wrap|p1a: Snorlax
|-damage|p1a: Snorlax|466\/523
|cant|p1a: Snorlax|partiallytrapped
|
|turn|64
|
|move|p2a: Dragonite|Wrap|p1a: Snorlax
|-damage|p1a: Snorlax|447\/523
|cant|p1a: Snorlax|partiallytrapped
|
|turn|65
|
|move|p2a: Dragonite|Wrap|p1a: Snorlax
|-damage|p1a: Snorlax|428\/523
|cant|p1a: Snorlax|partiallytrapped
|
|-end|p1a: Snorlax|Wrap|[partiallytrapped]
|turn|66
|
|move|p2a: Dragonite|Wrap|p1a: Snorlax
|-damage|p1a: Snorlax|410\/523
|-activate|p1a: Snorlax|move: Wrap|[of] p2a: Dragonite
|cant|p1a: Snorlax|partiallytrapped
|
|turn|67
|
|move|p2a: Dragonite|Wrap|p1a: Snorlax
|-damage|p1a: Snorlax|392\/523
|cant|p1a: Snorlax|partiallytrapped
|
|-end|p1a: Snorlax|Wrap|[partiallytrapped]
|turn|68
|
|move|p2a: Dragonite|Wrap|p1a: Snorlax
|-damage|p1a: Snorlax|372\/523
|-activate|p1a: Snorlax|move: Wrap|[of] p2a: Dragonite
|cant|p1a: Snorlax|partiallytrapped
|
|turn|69
|
|move|p2a: Dragonite|Wrap|p1a: Snorlax
|-damage|p1a: Snorlax|352\/523
|cant|p1a: Snorlax|partiallytrapped
|
|-end|p1a: Snorlax|Wrap|[partiallytrapped]
|turn|70
|
|move|p2a: Dragonite|Wrap|p1a: Snorlax
|-crit|p1a: Snorlax
|-damage|p1a: Snorlax|314\/523
|-activate|p1a: Snorlax|move: Wrap|[of] p2a: Dragonite
|cant|p1a: Snorlax|partiallytrapped
|
|turn|71
|
|move|p2a: Dragonite|Wrap|p1a: Snorlax
|-damage|p1a: Snorlax|276\/523
|cant|p1a: Snorlax|partiallytrapped
|
|turn|72
|chat|Whoremaster|how the fuck are you not out of pp
|
|move|p2a: Dragonite|Wrap|p1a: Snorlax
|-damage|p1a: Snorlax|238\/523
|cant|p1a: Snorlax|partiallytrapped
|
|-end|p1a: Snorlax|Wrap|[partiallytrapped]
|turn|73
|chat|Madkoreaman|im not yet
|
|move|p2a: Dragonite|Wrap|p1a: Snorlax
|-damage|p1a: Snorlax|220\/523
|-activate|p1a: Snorlax|move: Wrap|[of] p2a: Dragonite
|cant|p1a: Snorlax|partiallytrapped
|
|turn|74
|
|move|p2a: Dragonite|Wrap|p1a: Snorlax
|-damage|p1a: Snorlax|202\/523
|cant|p1a: Snorlax|partiallytrapped
|
|-end|p1a: Snorlax|Wrap|[partiallytrapped]
|turn|75
|chat|Madkoreaman|im not using pp if m wrap phase
|chat|Whoremaster|fuck this is so gay
|
|switch|p1a: Tauros|Tauros|353\/353
|move|p2a: Dragonite|Hyper Beam|p1a: Tauros
|-damage|p1a: Tauros|193\/353
|
|turn|76
|
|cant|p2a: Dragonite|recharge
|move|p1a: Tauros|Hyper Beam|p2a: Dragonite
|-damage|p2a: Dragonite|90\/385
|
|turn|77
|chat|Madkoreaman|nooo
|chat|Madkoreaman|:P
|chat|Whoremaster|as if
|
|move|p2a: Dragonite|Surf|p1a: Tauros
|-damage|p1a: Tauros|103\/353
|cant|p1a: Tauros|recharge
|
|turn|78
|
|move|p2a: Dragonite|Wrap|p1a: Tauros
|-damage|p1a: Tauros|88\/353
|-activate|p1a: Tauros|move: Wrap|[of] p2a: Dragonite
|cant|p1a: Tauros|partiallytrapped
|
|turn|79
|
|switch|p1a: Exeggutor|Exeggutor|55\/393
|move|p2a: Dragonite|Wrap|p1a: Exeggutor
|-crit|p1a: Exeggutor
|-damage|p1a: Exeggutor|19\/393
|-activate|p1a: Exeggutor|move: Wrap|[of] p2a: Dragonite
|
|turn|80
|
|move|p2a: Dragonite|Wrap|p1a: Exeggutor
|-damage|p1a: Exeggutor|4\/393
|cant|p1a: Exeggutor|partiallytrapped
|
|turn|81
|
|switch|p1a: Spoonbrah|Alakazam|199\/313
|move|p2a: Dragonite|Wrap|p1a: Spoonbrah
|-damage|p1a: Spoonbrah|175\/313
|-activate|p1a: Spoonbrah|move: Wrap|[of] p2a: Dragonite
|
|turn|82
|
|move|p2a: Dragonite|Wrap|p1a: Spoonbrah
|-damage|p1a: Spoonbrah|160\/313
|cant|p1a: Spoonbrah|partiallytrapped
|
|turn|83
|
|move|p2a: Dragonite|Wrap|p1a: Spoonbrah
|-damage|p1a: Spoonbrah|145\/313
|cant|p1a: Spoonbrah|partiallytrapped
|
|-end|p1a: Spoonbrah|Wrap|[partiallytrapped]
|turn|84
|
|move|p2a: Dragonite|Hyper Beam|p1a: Spoonbrah
|-damage|p1a: Spoonbrah|0 fnt
|faint|p1a: Spoonbrah
|
|
|switch|p1a: Snorlax|Snorlax|202\/523
|turn|85
|
|move|p2a: Dragonite|Wrap|p1a: Snorlax|[miss]
|-miss|p2a: Dragonite
|move|p1a: Snorlax|Rest|p1a: Snorlax
|-status|p1a: Snorlax|slp
|-heal|p1a: Snorlax|523\/523 slp|[silent]
|-status|p1a: Snorlax|slp|[from] move: Rest
|
|turn|86
|
|move|p2a: Dragonite|Surf|p1a: Snorlax
|-damage|p1a: Snorlax|427\/523 slp
|cant|p1a: Snorlax|slp
|
|turn|87
|
|switch|p2a: Slowbro|Slowbro|393\/393
|cant|p1a: Snorlax|slp
|-curestatus|p1a: Snorlax|slp
|
|turn|88
|
|move|p2a: Slowbro|Thunder Wave|p1a: Snorlax
|-status|p1a: Snorlax|par
|move|p1a: Snorlax|Body Slam|p2a: Slowbro
|-damage|p2a: Slowbro|288\/393
|-status|p2a: Slowbro|par
|
|turn|89
|
|cant|p2a: Slowbro|par
|move|p1a: Snorlax|Body Slam|p2a: Slowbro
|-damage|p2a: Slowbro|183\/393 par
|
|turn|90
|
|move|p1a: Snorlax|Body Slam|p2a: Slowbro
|-damage|p2a: Slowbro|79\/393 par
|move|p2a: Slowbro|Rest|p2a: Slowbro
|-status|p2a: Slowbro|slp
|-heal|p2a: Slowbro|393\/393 slp|[silent]
|-status|p2a: Slowbro|slp|[from] move: Rest
|
|turn|91
|
|switch|p2a: Dragonite|Dragonite|90\/385
|move|p1a: Snorlax|Body Slam|p2a: Dragonite
|-damage|p2a: Dragonite|0 fnt
|faint|p2a: Dragonite
|
|
|switch|p2a: Zapdos|Zapdos|383\/383
|turn|92
|
|move|p2a: Zapdos|Thunder|p1a: Snorlax
|-damage|p1a: Snorlax|198\/523 par
|move|p1a: Snorlax|Body Slam|p2a: Zapdos
|-damage|p2a: Zapdos|256\/383
|
|turn|93
|
|move|p2a: Zapdos|Thunder|p1a: Snorlax
|-crit|p1a: Snorlax
|-damage|p1a: Snorlax|0 fnt
|faint|p1a: Snorlax
|
|
|switch|p1a: Exeggutor|Exeggutor|4\/393
|turn|94
|
|move|p2a: Zapdos|Drill Peck|p1a: Exeggutor
|-supereffective|p1a: Exeggutor
|-damage|p1a: Exeggutor|0 fnt
|faint|p1a: Exeggutor
|
|
|switch|p1a: Tauros|Tauros|88\/353
|turn|95
|
|move|p1a: Tauros|Blizzard|p2a: Zapdos
|-supereffective|p2a: Zapdos
|-damage|p2a: Zapdos|137\/383
|move|p2a: Zapdos|Drill Peck|p1a: Tauros
|-damage|p1a: Tauros|0 fnt
|faint|p1a: Tauros
|
|win|Madkoreaman
|raw|Ladder updating...
|raw|Whoremaster's rating: 1216 &rarr; <strong>1177<\/strong><br \/>(-39 for losing)
|raw|Madkoreaman's rating: 1000 &rarr; <strong>1062<\/strong><br \/>(+62 for winning)
|chat|Madkoreaman|gg
|chat|Whoremaster|sad cunt
|leave|Whoremaster
|chat|Madkoreaman|im new :P
|player|p1