|join|bumbaloe
|join|PTES
|player|p1|bumbaloe|232
|player|p2|PTES|29
|gametype|singles
|gen|1
|tier|[Gen 1] OU
|rated
|rule|Sleep Clause Mod: Limit one foe put to sleep
|rule|Freeze Clause Mod: Limit one foe frozen
|rule|Species Clause: Limit one of each Pokémon
|rule|OHKO Clause: OHKO moves are banned
|rule|Evasion Moves Clause: Evasion moves are banned
|rule|HP Percentage Mod: HP is shown in percentages
|
|start
|switch|p1a: Starmie|Starmie|323\/323
|switch|p2a: Persian|Persian|333\/333
|turn|1
|
|move|p1a: Starmie|Surf|p2a: Persian
|-crit|p2a: Persian
|-damage|p2a: Persian|30\/333
|move|p2a: Persian|Screech|p1a: Starmie|[miss]
|-miss|p2a: Persian
|
|turn|2
|
|switch|p2a: Chansey|Chansey|703\/703
|move|p1a: Starmie|Psychic|p2a: Chansey
|-damage|p2a: Chansey|603\/703
|-unboost|p2a: Chansey|spd|1
|-unboost|p2a: Chansey|spa|1
|
|turn|3
|
|move|p1a: Starmie|Psychic|p2a: Chansey
|-damage|p2a: Chansey|458\/703
|move|p2a: Chansey|Thunderbolt|p1a: Starmie
|-supereffective|p1a: Starmie
|-damage|p1a: Starmie|229\/323
|
|turn|4
|
|move|p1a: Starmie|Psychic|p2a: Chansey
|-damage|p2a: Chansey|307\/703
|move|p2a: Chansey|Soft-Boiled|p2a: Chansey
|-heal|p2a: Chansey|658\/703
|
|turn|5
|
|move|p1a: Starmie|Psychic|p2a: Chansey
|-damage|p2a: Chansey|505\/703
|-unboost|p2a: Chansey|spd|1
|-unboost|p2a: Chansey|spa|1
|move|p2a: Chansey|Thunderbolt|p1a: Starmie
|-supereffective|p1a: Starmie
|-damage|p1a: Starmie|154\/323
|
|turn|6
|
|move|p1a: Starmie|Recover|p1a: Starmie
|-heal|p1a: Starmie|315\/323
|move|p2a: Chansey|Thunderbolt|p1a: Starmie
|-supereffective|p1a: Starmie
|-damage|p1a: Starmie|234\/323
|
|turn|7
|
|switch|p2a: Starmie|Starmie|323\/323
|move|p1a: Starmie|Psychic|p2a: Starmie
|-resisted|p2a: Starmie
|-damage|p2a: Starmie|269\/323
|
|turn|8
|
|switch|p2a: Chansey|Chansey|505\/703
|move|p1a: Starmie|Recover|p1a: Starmie
|-heal|p1a: Starmie|323\/323
|
|turn|9
|
|switch|p1a: Chansey|Chansey|703\/703
|move|p2a: Chansey|Ice Beam|p1a: Chansey
|-damage|p1a: Chansey|633\/703
|-status|p1a: Chansey|frz
|
|turn|10
|c|★bumbaloe|omggggg
|c|★bumbaloe|i cant believe ittttt
|
|switch|p1a: Golem|Golem|363\/363
|move|p2a: Chansey|Soft-Boiled|p2a: Chansey
|-heal|p2a: Chansey|703\/703
|
|turn|11
|
|switch|p2a: Persian|Persian|30\/333
|move|p1a: Golem|Earthquake|p2a: Persian
|-damage|p2a: Persian|0 fnt
|faint|p2a: Persian
|
|switch|p2a: Starmie|Starmie|269\/323
|turn|12
|
|switch|p1a: Starmie|Starmie|323\/323
|move|p2a: Starmie|Surf|p1a: Starmie
|-resisted|p1a: Starmie
|-damage|p1a: Starmie|269\/323
|
|turn|13
|
|switch|p2a: Chansey|Chansey|703\/703
|move|p1a: Starmie|Thunder Wave|p2a: Chansey
|-status|p2a: Chansey|par
|
|turn|14
|
|switch|p1a: Persian|Persian|333\/333
|move|p2a: Chansey|Thunderbolt|p1a: Persian
|-damage|p1a: Persian|227\/333
|
|turn|15
|
|switch|p2a: Rhydon|Rhydon|413\/413
|move|p1a: Persian|Screech|p2a: Rhydon
|-unboost|p2a: Rhydon|def|2
|
|turn|16
|
|switch|p1a: Starmie|Starmie|269\/323
|move|p2a: Rhydon|Body Slam|p1a: Starmie
|-damage|p1a: Starmie|185\/323
|-status|p1a: Starmie|par
|
|turn|17
|
|switch|p2a: Chansey|Chansey|703\/703 par
|cant|p1a: Starmie|par
|
|turn|18
|
|move|p1a: Starmie|Recover|p1a: Starmie
|-heal|p1a: Starmie|323\/323 par
|move|p2a: Chansey|Ice Beam|p1a: Starmie
|-resisted|p1a: Starmie
|-damage|p1a: Starmie|287\/323 par
|
|turn|19
|
|switch|p1a: Chansey|Chansey|633\/703 frz
|move|p2a: Chansey|Thunderbolt|p1a: Chansey
|-crit|p1a: Chansey
|-damage|p1a: Chansey|489\/703 frz
|
|turn|20
|
|switch|p2a: Starmie|Starmie|269\/323
|cant|p1a: Chansey|frz
|
|turn|21
|
|switch|p1a: Alakazam|Alakazam|313\/313
|move|p2a: Starmie|Recover|p2a: Starmie
|-heal|p2a: Starmie|323\/323
|
|turn|22
|
|switch|p2a: Chansey|Chansey|703\/703 par
|move|p1a: Alakazam|Psychic|p2a: Chansey
|-damage|p2a: Chansey|578\/703 par
|-unboost|p2a: Chansey|spd|1
|-unboost|p2a: Chansey|spa|1
|
|turn|23
|
|move|p1a: Alakazam|Psychic|p2a: Chansey
|-damage|p2a: Chansey|382\/703 par
|-unboost|p2a: Chansey|spd|1
|-unboost|p2a: Chansey|spa|1
|move|p2a: Chansey|Thunderbolt|p1a: Alakazam
|-damage|p1a: Alakazam|280\/313
|
|turn|24
|
|move|p1a: Alakazam|Reflect|p1a: Alakazam
|cant|p2a: Chansey|par
|
|turn|25
|
|move|p1a: Alakazam|Psychic|p2a: Chansey
|-damage|p2a: Chansey|130\/703 par
|move|p2a: Chansey|Soft-Boiled|p2a: Chansey
|-heal|p2a: Chansey|481\/703 par
|
|turn|26
|
|switch|p2a: Alakazam|Alakazam|313\/313
|move|p1a: Alakazam|Psychic|p2a: Alakazam
|-crit|p2a: Alakazam
|-resisted|p2a: Alakazam
|-damage|p2a: Alakazam|207\/313
|-unboost|p2a: Alakazam|spd|1
|-unboost|p2a: Alakazam|spa|1
|
|turn|27
|
|switch|p2a: Chansey|Chansey|481\/703 par
|move|p1a: Alakazam|Thunder Wave|p2a: Chansey
|-fail|p2a: Chansey|par
|
|turn|28
|
|switch|p1a: Golem|Golem|363\/363
|move|p2a: Chansey|Soft-Boiled|p2a: Chansey
|-heal|p2a: Chansey|703\/703 par
|
|turn|29
|
|move|p1a: Golem|Earthquake|p2a: Chansey
|-crit|p2a: Chansey
|-damage|p2a: Chansey|42\/703 par
|move|p2a: Chansey|Counter|p1a: Golem
|-fail|p2a: Chansey
|
|turn|30
|
|switch|p2a: Slowbro|Slowbro|393\/393
|move|p1a: Golem|Earthquake|p2a: Slowbro
|-crit|p2a: Slowbro
|-damage|p2a: Slowbro|151\/393
|
|turn|31
|
|move|p1a: Golem|Earthquake|p2a: Slowbro
|-damage|p2a: Slowbro|38\/393
|move|p2a: Slowbro|Psychic|p1a: Golem
|-damage|p1a: Golem|224\/363
|
|turn|32
|-message|PTES forfeited.
|
|win|bumbaloe
|raw|Ladder updating...
|leave|PTES
|player|p2
|raw|bumbaloe's rating: 1051 &rarr; <strong>1078<\/strong><br \/>(+27 for winning)
|raw|PTES's rating: 1000 &rarr; <strong>1000<\/strong><br \/>(+0 for losing)