|j|ash the bash
|j|Mlqliso
|player|p1|ash the bash|169
|player|p2|Mlqliso|94
|gametype|singles
|gen|1
|tier|[Gen 1] Random Battle
|rated
|seed|
|rule|Sleep Clause Mod: Limit one foe put to sleep
|rule|Freeze Clause Mod: Limit one foe frozen
|rule|HP Percentage Mod: HP is shown in percentages
|
|start
|switch|p1a: Vileplume|Vileplume, L90|100\/100
|switch|p2a: Dodrio|Dodrio, L85|100\/100
|turn|1
|choice||
|
|switch|p1a: Wigglytuff|Wigglytuff, L90|100\/100
|move|p2a: Dodrio|Drill Peck|p1a: Wigglytuff
|-damage|p1a: Wigglytuff|69\/100
|
|turn|2
|choice||
|
|move|p2a: Dodrio|Body Slam|p1a: Wigglytuff
|-damage|p1a: Wigglytuff|36\/100
|move|p1a: Wigglytuff|Sing|p2a: Dodrio
|-status|p2a: Dodrio|slp
|
|turn|3
|choice||
|
|cant|p2a: Dodrio|slp
|move|p1a: Wigglytuff|Bubble Beam|p2a: Dodrio
|-damage|p2a: Dodrio|84\/100 slp
|
|turn|4
|choice||
|
|-curestatus|p2a: Dodrio|slp
|move|p1a: Wigglytuff|Hyper Beam|p2a: Dodrio
|-damage|p2a: Dodrio|23\/100
|
|turn|5
|-mustrecharge|p1a: Wigglytuff
|-mustrecharge|p1a: Wigglytuff
|choice||
|
|switch|p2a: Charmeleon|Charmeleon, L85|100\/100
|cant|p1a: Wigglytuff|recharge
|
|turn|6
|choice||
|
|move|p2a: Charmeleon|Seismic Toss|p1a: Wigglytuff
|-damage|p1a: Wigglytuff|16\/100
|move|p1a: Wigglytuff|Bubble Beam|p2a: Charmeleon
|-crit|p2a: Charmeleon
|-supereffective|p2a: Charmeleon
|-damage|p2a: Charmeleon|36\/100
|
|turn|7
|choice||
|
|move|p2a: Charmeleon|Seismic Toss|p1a: Wigglytuff
|-damage|p1a: Wigglytuff|0 fnt
|faint|p1a: Wigglytuff
|choice||
|
|switch|p1a: Rapidash|Rapidash, L90|100\/100
|turn|8
|choice||
|
|move|p1a: Rapidash|Body Slam|p2a: Charmeleon
|-damage|p2a: Charmeleon|3\/100
|move|p2a: Charmeleon|Body Slam|p1a: Rapidash
|-crit|p1a: Rapidash
|-damage|p1a: Rapidash|69\/100
|
|turn|9
|choice||
|
|switch|p2a: Gengar|Gengar, L79|100\/100
|move|p1a: Rapidash|Body Slam|p2a: Gengar
|-immune|p2a: Gengar|[msg]
|
|turn|10
|choice||
|
|move|p1a: Rapidash|Fire Blast|p2a: Gengar
|-damage|p2a: Gengar|58\/100
|move|p2a: Gengar|Psychic|p1a: Rapidash
|-damage|p1a: Rapidash|46\/100
|-unboost|p1a: Rapidash|spd|1
|-unboost|p1a: Rapidash|spa|1
|
|turn|11
|choice||
|
|move|p1a: Rapidash|Fire Blast|p2a: Gengar
|-crit|p2a: Gengar
|-damage|p2a: Gengar|0 fnt
|faint|p2a: Gengar
|choice||
|
|switch|p2a: Seaking|Seaking, L90|100\/100
|turn|12
|choice||
|
|move|p1a: Rapidash|Hyper Beam|p2a: Seaking
|-damage|p2a: Seaking|58\/100
|move|p2a: Seaking|Surf|p1a: Rapidash
|-crit|p1a: Rapidash
|-supereffective|p1a: Rapidash
|-damage|p1a: Rapidash|0 fnt
|faint|p1a: Rapidash
|choice||
|
|switch|p1a: Vileplume|Vileplume, L90|100\/100
|turn|13
|choice||
|
|move|p2a: Seaking|Blizzard|p1a: Vileplume
|-supereffective|p1a: Vileplume
|-damage|p1a: Vileplume|54\/100
|move|p1a: Vileplume|Mega Drain|p2a: Seaking
|-supereffective|p2a: Seaking
|-damage|p2a: Seaking|28\/100
|-heal|p1a: Vileplume|69\/100|[from] drain|[of] p2a: Seaking
|
|turn|14
|choice||
|
|move|p2a: Seaking|Blizzard|p1a: Vileplume
|-supereffective|p1a: Vileplume
|-damage|p1a: Vileplume|26\/100
|move|p1a: Vileplume|Mega Drain|p2a: Seaking
|-supereffective|p2a: Seaking
|-damage|p2a: Seaking|0 fnt
|-heal|p1a: Vileplume|39\/100|[from] drain|[of] p2a: Seaking
|faint|p2a: Seaking
|choice||
|
|switch|p2a: Charmeleon|Charmeleon, L85|3\/100
|turn|15
|choice||
|
|move|p2a: Charmeleon|Seismic Toss|p1a: Vileplume
|-damage|p1a: Vileplume|13\/100
|move|p1a: Vileplume|Mega Drain|p2a: Charmeleon
|-resisted|p2a: Charmeleon
|-damage|p2a: Charmeleon|0 fnt
|-heal|p1a: Vileplume|14\/100|[from] drain|[of] p2a: Charmeleon
|faint|p2a: Charmeleon
|choice||
|
|switch|p2a: Nidorino|Nidorino, L90|100\/100
|turn|16
|choice||
|
|move|p2a: Nidorino|Body Slam|p1a: Vileplume
|-crit|p1a: Vileplume
|-damage|p1a: Vileplume|0 fnt
|faint|p1a: Vileplume
|choice||
|
|switch|p1a: Persian|Persian, L79|100\/100
|turn|17
|choice||
|
|move|p1a: Persian|Thunderbolt|p2a: Nidorino
|-damage|p2a: Nidorino|81\/100
|-status|p2a: Nidorino|par
|move|p2a: Nidorino|Body Slam|p1a: Persian
|-damage|p1a: Persian|70\/100
|
|turn|18
|choice||
|
|move|p1a: Persian|Body Slam|p2a: Nidorino
|-crit|p2a: Nidorino
|-damage|p2a: Nidorino|32\/100 par
|move|p2a: Nidorino|Body Slam|p1a: Persian
|-damage|p1a: Persian|41\/100
|
|turn|19
|choice||
|
|move|p1a: Persian|Body Slam|p2a: Nidorino
|-damage|p2a: Nidorino|7\/100 par
|move|p2a: Nidorino|Rest|p2a: Nidorino
|-status|p2a: Nidorino|slp
|-heal|p2a: Nidorino|100\/100 slp|[silent]
|-status|p2a: Nidorino|slp|[from] move: Rest
|
|turn|20
|choice||
|
|move|p1a: Persian|Body Slam|p2a: Nidorino
|-damage|p2a: Nidorino|76\/100 slp
|cant|p2a: Nidorino|slp
|
|turn|21
|choice||
|
|move|p1a: Persian|Body Slam|p2a: Nidorino
|-damage|p2a: Nidorino|51\/100 slp
|-curestatus|p2a: Nidorino|slp
|
|turn|22
|choice||
|
|move|p1a: Persian|Body Slam|p2a: Nidorino
|-damage|p2a: Nidorino|24\/100
|move|p2a: Nidorino|Body Slam|p1a: Persian
|-damage|p1a: Persian|14\/100
|
|turn|23
|choice||
|
|move|p1a: Persian|Slash|p2a: Nidorino
|-crit|p2a: Nidorino
|-damage|p2a: Nidorino|0 fnt
|faint|p2a: Nidorino
|choice||
|
|switch|p2a: Exeggutor|Exeggutor, L79|100\/100
|turn|24
|choice||
|
|move|p1a: Persian|Slash|p2a: Exeggutor
|-crit|p2a: Exeggutor
|-damage|p2a: Exeggutor|67\/100
|move|p2a: Exeggutor|Psychic|p1a: Persian
|-damage|p1a: Persian|0 fnt
|faint|p1a: Persian
|choice||
|
|switch|p1a: Weezing|Weezing, L90|100\/100
|turn|25
|choice||
|
|move|p1a: Weezing|Fire Blast|p2a: Exeggutor
|-supereffective|p2a: Exeggutor
|-damage|p2a: Exeggutor|21\/100
|move|p2a: Exeggutor|Psychic|p1a: Weezing
|-supereffective|p1a: Weezing
|-damage|p1a: Weezing|42\/100
|
|turn|26
|choice||
|
|move|p1a: Weezing|Fire Blast|p2a: Exeggutor
|-supereffective|p2a: Exeggutor
|-damage|p2a: Exeggutor|0 fnt
|faint|p2a: Exeggutor
|choice||
|
|switch|p2a: Dodrio|Dodrio, L85|23\/100
|turn|27
|choice||
|
|move|p2a: Dodrio|Hyper Beam|p1a: Weezing
|-crit|p1a: Weezing
|-damage|p1a: Weezing|0 fnt
|faint|p1a: Weezing
|choice||
|
|switch|p1a: Cloyster|Cloyster, L83|100\/100
|turn|28
|choice||
|
|move|p2a: Dodrio|Hyper Beam|p1a: Cloyster
|-damage|p1a: Cloyster|57\/100
|move|p1a: Cloyster|Ice Beam|p2a: Dodrio
|-supereffective|p2a: Dodrio
|-damage|p2a: Dodrio|0 fnt
|faint|p2a: Dodrio
|
|win|ash the bash
|player|p1
|player|p2
|raw|ash the bash's rating: 1000 &rarr; <strong>1053<\/strong><br \/>(+53 for winning)
|raw|Mlqliso's rating: 1116 &rarr; <strong>1083<\/strong><br \/>(-33 for losing)
|l|Mlqliso