|join|Zorage
|join|GardeLame
|player|p1|Zorage|166
|player|p2|GardeLame|52
|gametype|singles
|gen|1
|tier|[Gen 1] Random Battle
|rule|Sleep Clause Mod: Limit one foe put to sleep
|rule|Freeze Clause Mod: Limit one foe frozen
|rule|HP Percentage Mod: HP is shown in percentages
|
|start
|switch|p1a: Pinsir|Pinsir, L85|284\/284
|switch|p2a: Wartortle|Wartortle, L85|274\/274
|turn|1
|join|clia2312
|c| clia2312|allez, jte fais cnfiance!
|
|move|p1a: Pinsir|Body Slam|p2a: Wartortle
|-damage|p2a: Wartortle|191\/274
|move|p2a: Wartortle|Body Slam|p1a: Pinsir
|-damage|p1a: Pinsir|241\/284
|
|turn|2
|c|★GardeLame|je vais en avoir besoin
|c|★GardeLame|vu ma team
|
|move|p1a: Pinsir|Body Slam|p2a: Wartortle
|-damage|p2a: Wartortle|108\/274
|-status|p2a: Wartortle|par
|move|p2a: Wartortle|Hydro Pump|p1a: Pinsir|[miss]
|-miss|p2a: Wartortle
|
|turn|3
|c| clia2312|mdr
|
|move|p1a: Pinsir|Hyper Beam|p2a: Wartortle
|-crit|p2a: Wartortle
|-damage|p2a: Wartortle|0 fnt
|faint|p2a: Wartortle
|c| clia2312|bonne chance
|
|switch|p2a: Metapod|Metapod, L99|300\/300
|turn|4
|
|switch|p1a: Poliwrath|Poliwrath, L85|327\/327
|move|p2a: Metapod|String Shot|p1a: Poliwrath
|-unboost|p1a: Poliwrath|spe|1
|
|turn|5
|
|move|p2a: Metapod|String Shot|p1a: Poliwrath
|-unboost|p1a: Poliwrath|spe|1
|move|p1a: Poliwrath|Amnesia|p1a: Poliwrath
|-boost|p1a: Poliwrath|spd|2
|-boost|p1a: Poliwrath|spa|2
|
|turn|6
|
|move|p2a: Metapod|String Shot|p1a: Poliwrath
|-unboost|p1a: Poliwrath|spe|1
|move|p1a: Poliwrath|Amnesia|p1a: Poliwrath
|-boost|p1a: Poliwrath|spd|2
|-boost|p1a: Poliwrath|spa|2
|
|turn|7
|
|move|p2a: Metapod|String Shot|p1a: Poliwrath
|-unboost|p1a: Poliwrath|spe|1
|move|p1a: Poliwrath|Amnesia|p1a: Poliwrath
|-boost|p1a: Poliwrath|spd|2
|-boost|p1a: Poliwrath|spa|2
|
|turn|8
|
|move|p2a: Metapod|String Shot|p1a: Poliwrath|[miss]
|-miss|p2a: Metapod
|move|p1a: Poliwrath|Surf|p2a: Metapod
|-damage|p2a: Metapod|0 fnt
|faint|p2a: Metapod
|
|switch|p2a: Wigglytuff|Wigglytuff, L90|435\/435
|turn|9
|
|move|p2a: Wigglytuff|Thunder Wave|p1a: Poliwrath
|-status|p1a: Poliwrath|par
|move|p1a: Poliwrath|Surf|p2a: Wigglytuff
|-crit|p2a: Wigglytuff
|-damage|p2a: Wigglytuff|237\/435
|
|turn|10
|
|move|p2a: Wigglytuff|Double-Edge|p1a: Poliwrath
|-damage|p1a: Poliwrath|239\/327 par
|-damage|p2a: Wigglytuff|215\/435|[from] recoil|[of] p1a: Poliwrath
|move|p1a: Poliwrath|Surf|p2a: Wigglytuff
|-damage|p2a: Wigglytuff|0 fnt
|faint|p2a: Wigglytuff
|
|switch|p2a: Geodude|Geodude, L96|272\/272
|turn|11
|
|move|p2a: Geodude|Explosion|p1a: Poliwrath
|-damage|p1a: Poliwrath|0 fnt
|faint|p1a: Poliwrath
|faint|p2a: Geodude
|
|switch|p1a: Pinsir|Pinsir, L85|241\/284
|switch|p2a: Dragonite|Dragonite, L85|328\/328
|turn|12
|
|move|p1a: Pinsir|Body Slam|p2a: Dragonite
|-damage|p2a: Dragonite|255\/328
|-status|p2a: Dragonite|par
|cant|p2a: Dragonite|par
|
|turn|13
|
|move|p1a: Pinsir|Body Slam|p2a: Dragonite
|-damage|p2a: Dragonite|181\/328 par
|move|p2a: Dragonite|Blizzard|p1a: Pinsir
|-damage|p1a: Pinsir|126\/284
|
|turn|14
|
|move|p1a: Pinsir|Body Slam|p2a: Dragonite
|-damage|p2a: Dragonite|109\/328 par
|move|p2a: Dragonite|Hyper Beam|p1a: Pinsir
|-damage|p1a: Pinsir|0 fnt
|faint|p1a: Pinsir
|join|Natural Talent
|
|switch|p1a: Vaporeon|Vaporeon, L85|395\/395
|turn|15
|
|move|p1a: Vaporeon|Blizzard|p2a: Dragonite
|-supereffective|p2a: Dragonite
|-damage|p2a: Dragonite|0 fnt
|faint|p2a: Dragonite
|c|★GardeLame|gg
|
|switch|p2a: Electrode|Electrode, L90|291\/291
|turn|16
|c|★Zorage|Yor team is pretty bad
|
|move|p2a: Electrode|Thunder|p1a: Vaporeon
|-supereffective|p1a: Vaporeon
|-damage|p1a: Vaporeon|169\/395
|move|p1a: Vaporeon|Surf|p2a: Electrode
|-damage|p2a: Electrode|183\/291
|
|turn|17
|c|★GardeLame|yeah ;_;
|c|★Zorage|Mine is too good
|c|★GardeLame|i had gengar aero and alakazam before this ;_;
|
|move|p2a: Electrode|Thunderbolt|p1a: Vaporeon
|-crit|p1a: Vaporeon
|-supereffective|p1a: Vaporeon
|-damage|p1a: Vaporeon|0 fnt
|faint|p1a: Vaporeon
|c|★Zorage|Snorlax twice
|c|★Zorage|and this !
|
|switch|p1a: Mewtwo|Mewtwo, L70|293\/293
|turn|18
|c|★GardeLame|really ?
|c|★GardeLame|seriously ?
|c|★GardeLame|;_;
|c|★Zorage|Yes, and snorlax + gengar
|c|★Zorage|Mewtwo + chansey
|c|★GardeLame|wow
|join|Dayman42
|
|move|p2a: Electrode|Thunder|p1a: Mewtwo
|-damage|p1a: Mewtwo|186\/293
|move|p1a: Mewtwo|Psychic|p2a: Electrode
|-damage|p2a: Electrode|88\/291
|-unboost|p2a: Electrode|spd|1
|-unboost|p2a: Electrode|spa|1
|
|turn|19
|c|★GardeLame|;_;
|c|★GardeLame|gg
|
|move|p2a: Electrode|Explosion|p1a: Mewtwo
|-damage|p1a: Mewtwo|0 fnt
|faint|p1a: Mewtwo
|faint|p2a: Electrode
|
|win|Zorage
|c|★Zorage|gg
|leave|GardeLame
|player|p2
|leave|Dayman42
|leave|Natural Talent