|join|Goten14000
|join|MALESANI
|player|p1|Goten14000|169
|player|p2|MALESANI|238
|gametype|singles
|gen|1
|tier|[Gen 1] Random Battle
|rated
|rule|Sleep Clause Mod: Limit one foe put to sleep
|rule|Freeze Clause Mod: Limit one foe frozen
|rule|HP Percentage Mod: HP is shown in percentages
|
|start
|switch|p1a: Kadabra|Kadabra, L85|242\/242
|switch|p2a: Koffing|Koffing, L96|272\/272
|turn|1
|
|switch|p2a: Exeggutor|Exeggutor, L79|312\/312
|move|p1a: Kadabra|Psychic|p2a: Exeggutor
|-resisted|p2a: Exeggutor
|-damage|p2a: Exeggutor|263\/312
|
|turn|2
|
|switch|p1a: Ninetales|Ninetales, L85|298\/298
|move|p2a: Exeggutor|Sleep Powder|p1a: Ninetales|[miss]
|-miss|p2a: Exeggutor
|
|turn|3
|
|switch|p2a: Kakuna|Kakuna, L99|290\/290
|move|p1a: Ninetales|Fire Blast|p2a: Kakuna
|-supereffective|p2a: Kakuna
|-damage|p2a: Kakuna|0 fnt
|faint|p2a: Kakuna
|
|switch|p2a: Lapras|Lapras, L79|367\/367
|turn|4
|
|move|p1a: Ninetales|Fire Blast|p2a: Lapras
|-damage|p2a: Lapras|242\/367
|move|p2a: Lapras|Ice Beam|p1a: Ninetales
|-damage|p1a: Ninetales|223\/298
|
|turn|5
|
|move|p1a: Ninetales|Fire Blast|p2a: Lapras
|-damage|p2a: Lapras|117\/367
|move|p2a: Lapras|Confuse Ray|p1a: Ninetales
|-start|p1a: Ninetales|confusion
|
|turn|6
|
|-activate|p1a: Ninetales|confusion
|move|p1a: Ninetales|Fire Blast|p2a: Lapras
|-damage|p2a: Lapras|0 fnt
|faint|p2a: Lapras
|
|switch|p2a: Snorlax|Snorlax, L79|415\/415
|turn|7
|
|-activate|p1a: Ninetales|confusion
|move|p1a: Ninetales|Toxic|p2a: Snorlax
|-status|p2a: Snorlax|tox
|move|p2a: Snorlax|Earthquake|p1a: Ninetales
|-supereffective|p1a: Ninetales
|-damage|p1a: Ninetales|70\/298
|-damage|p2a: Snorlax|390\/415 tox|[from] tox|[of] p1a: Ninetales
|
|turn|8
|
|switch|p1a: Haunter|Haunter, L85|250\/250
|move|p2a: Snorlax|Earthquake|p1a: Haunter
|-supereffective|p1a: Haunter
|-damage|p1a: Haunter|54\/250
|-damage|p2a: Snorlax|340\/415 tox|[from] tox|[of] p1a: Haunter
|
|turn|9
|
|move|p1a: Haunter|Confuse Ray|p2a: Snorlax
|-start|p2a: Snorlax|confusion
|-activate|p2a: Snorlax|confusion
|move|p2a: Snorlax|Earthquake|p1a: Haunter
|-supereffective|p1a: Haunter
|-damage|p1a: Haunter|0 fnt
|faint|p1a: Haunter
|
|switch|p1a: Kadabra|Kadabra, L85|242\/242
|turn|10
|
|move|p1a: Kadabra|Psychic|p2a: Snorlax
|-crit|p2a: Snorlax
|-damage|p2a: Snorlax|44\/415 tox
|-unboost|p2a: Snorlax|spd|1
|-unboost|p2a: Snorlax|spa|1
|-end|p2a: Snorlax|confusion
|move|p2a: Snorlax|Earthquake|p1a: Kadabra
|-damage|p1a: Kadabra|135\/242
|-damage|p2a: Snorlax|0 fnt|[from] tox|[of] p1a: Kadabra
|faint|p2a: Snorlax
|
|switch|p2a: Exeggutor|Exeggutor, L79|263\/312
|turn|11
|
|move|p1a: Kadabra|Recover|p1a: Kadabra
|-heal|p1a: Kadabra|242\/242
|move|p2a: Exeggutor|Sleep Powder|p1a: Kadabra|[miss]
|-miss|p2a: Exeggutor
|
|turn|12
|
|move|p1a: Kadabra|Psychic|p2a: Exeggutor
|-crit|p2a: Exeggutor
|-resisted|p2a: Exeggutor
|-damage|p2a: Exeggutor|170\/312
|move|p2a: Exeggutor|Sleep Powder|p1a: Kadabra|[miss]
|-miss|p2a: Exeggutor
|
|turn|13
|
|move|p1a: Kadabra|Psychic|p2a: Exeggutor
|-resisted|p2a: Exeggutor
|-damage|p2a: Exeggutor|122\/312
|move|p2a: Exeggutor|Sleep Powder|p1a: Kadabra
|-status|p1a: Kadabra|slp
|
|turn|14
|
|switch|p1a: Ninetales|Ninetales, L85|70\/298
|move|p2a: Exeggutor|Hyper Beam|p1a: Ninetales
|-damage|p1a: Ninetales|0 fnt
|faint|p1a: Ninetales
|
|switch|p1a: Kadabra|Kadabra, L85|242\/242 slp
|turn|15
|
|cant|p1a: Kadabra|slp
|-curestatus|p1a: Kadabra|slp
|move|p2a: Exeggutor|Hyper Beam|p1a: Kadabra
|-damage|p1a: Kadabra|76\/242
|
|turn|16
|-mustrecharge|p2a: Exeggutor
|-mustrecharge|p2a: Exeggutor
|
|move|p1a: Kadabra|Recover|p1a: Kadabra
|-heal|p1a: Kadabra|197\/242
|cant|p2a: Exeggutor|recharge
|
|turn|17
|
|move|p1a: Kadabra|Psychic|p2a: Exeggutor
|-resisted|p2a: Exeggutor
|-damage|p2a: Exeggutor|74\/312
|move|p2a: Exeggutor|Sleep Powder|p1a: Kadabra|[miss]
|-miss|p2a: Exeggutor
|
|turn|18
|
|move|p1a: Kadabra|Psychic|p2a: Exeggutor
|-resisted|p2a: Exeggutor
|-damage|p2a: Exeggutor|26\/312
|-unboost|p2a: Exeggutor|spd|1
|-unboost|p2a: Exeggutor|spa|1
|move|p2a: Exeggutor|Explosion|p1a: Kadabra
|-damage|p1a: Kadabra|0 fnt
|faint|p1a: Kadabra
|faint|p2a: Exeggutor
|
|switch|p1a: Magneton|Magneton, L90|273\/273
|switch|p2a: Cloyster|Cloyster, L83|253\/253
|turn|19
|
|switch|p2a: Koffing|Koffing, L96|272\/272
|move|p1a: Magneton|Thunderbolt|p2a: Koffing
|-crit|p2a: Koffing
|-damage|p2a: Koffing|0 fnt
|faint|p2a: Koffing
|-message|MALESANI forfeited.
|
|win|Goten14000
|raw|Ladder updating...
|leave|MALESANI
|player|p2