|j|unlucky devil
|j|MALESANI
|player|p1|unlucky devil|225
|player|p2|MALESANI|238
|gametype|singles
|gen|1
|tier|[Gen 1] Random Battle
|rated
|seed|30021,22829,49049,16966
|rule|Sleep Clause Mod: Limit one foe put to sleep
|rule|Freeze Clause Mod: Limit one foe frozen
|rule|HP Percentage Mod: HP is shown in percentages
|
|start
|switch|p1a: Spearow|Spearow, L96|272\/272
|switch|p2a: Charmeleon|Charmeleon, L85|272\/272
|turn|1
|choice|move 3|move 2
|
|move|p1a: Spearow|Drill Peck|p2a: Charmeleon|[miss]
|-miss|p1a: Spearow
|move|p2a: Charmeleon|Slash|p1a: Spearow
|-crit|p1a: Spearow
|-damage|p1a: Spearow|164\/272
|
|turn|2
|choice|move 4|move 2
|
|move|p1a: Spearow|Mirror Move|p1a: Spearow
|move|p1a: Spearow|Slash|p2a: Charmeleon|[from]Mirror Move
|-crit|p2a: Charmeleon
|-damage|p2a: Charmeleon|99\/272
|move|p2a: Charmeleon|Slash|p1a: Spearow
|-crit|p1a: Spearow
|-damage|p1a: Spearow|57\/272
|
|turn|3
|choice|move 4|move 1
|
|move|p1a: Spearow|Mirror Move|p1a: Spearow
|move|p1a: Spearow|Slash|p2a: Charmeleon|[from]Mirror Move
|-crit|p2a: Charmeleon
|-damage|p2a: Charmeleon|0 fnt
|faint|p2a: Charmeleon
|choice||switch 2
|
|switch|p2a: Raticate|Raticate, L85|267\/267
|turn|4
|choice|move 2|move 3
|
|move|p2a: Raticate|Body Slam|p1a: Spearow
|-damage|p1a: Spearow|0 fnt
|faint|p1a: Spearow
|choice|switch 3|
|
|switch|p1a: Machamp|Machamp, L90|345\/345
|turn|5
|choice|move 2|switch 3
|
|switch|p2a: Weezing|Weezing, L90|300\/300
|move|p1a: Machamp|Submission|p2a: Weezing
|-resisted|p2a: Weezing
|-damage|p2a: Weezing|255\/300
|-damage|p1a: Machamp|334\/345|[from] recoil|[of] p2a: Weezing
|
|turn|6
|choice|move 1|move 4
|
|move|p2a: Weezing|Fire Blast|p1a: Machamp|[miss]
|-miss|p2a: Weezing
|move|p1a: Machamp|Earthquake|p2a: Weezing
|-supereffective|p2a: Weezing
|-damage|p2a: Weezing|108\/300
|
|turn|7
|choice|move 1|move 1
|
|move|p2a: Weezing|Explosion|p1a: Machamp
|-crit|p1a: Machamp
|-damage|p1a: Machamp|0 fnt
|faint|p1a: Machamp
|faint|p2a: Weezing
|choice|switch 2|switch 6
|
|switch|p1a: Poliwhirl|Poliwhirl, L85|284\/284
|switch|p2a: Cloyster|Cloyster, L83|253\/253
|turn|8
|choice|move 3|move 3
|
|move|p1a: Poliwhirl|Hypnosis|p2a: Cloyster|[miss]
|-miss|p1a: Poliwhirl
|move|p2a: Cloyster|Toxic|p1a: Poliwhirl
|-status|p1a: Poliwhirl|tox
|
|turn|9
|choice|move 1|switch 5
|
|switch|p2a: Parasect|Parasect, L90|291\/291
|move|p1a: Poliwhirl|Amnesia|p1a: Poliwhirl
|-boost|p1a: Poliwhirl|spd|2
|-boost|p1a: Poliwhirl|spa|2
|-damage|p1a: Poliwhirl|267\/284 tox|[from] psn
|
|turn|10
|choice|move 1|move 2
|
|move|p1a: Poliwhirl|Amnesia|p1a: Poliwhirl
|-boost|p1a: Poliwhirl|spd|2
|-boost|p1a: Poliwhirl|spa|2
|-damage|p1a: Poliwhirl|233\/284 tox|[from] psn
|move|p2a: Parasect|Mega Drain|p1a: Poliwhirl
|-supereffective|p1a: Poliwhirl
|-damage|p1a: Poliwhirl|191\/284 tox
|
|turn|11
|choice|move 4|move 1
|
|move|p1a: Poliwhirl|Psychic|p2a: Parasect
|-damage|p2a: Parasect|156\/291
|-unboost|p2a: Parasect|spd|1
|-unboost|p2a: Parasect|spa|1
|-damage|p1a: Poliwhirl|140\/284 tox|[from] tox|[of] p2a: Parasect
|move|p2a: Parasect|Body Slam|p1a: Poliwhirl
|-damage|p1a: Poliwhirl|52\/284 tox
|
|turn|12
|choice|move 4|move 1
|
|move|p1a: Poliwhirl|Psychic|p2a: Parasect
|-crit|p2a: Parasect
|-damage|p2a: Parasect|72\/291
|-unboost|p2a: Parasect|spd|1
|-unboost|p2a: Parasect|spa|1
|-damage|p1a: Poliwhirl|0 fnt|[from] tox|[of] p2a: Parasect
|faint|p1a: Poliwhirl
|choice|switch 6|
|
|switch|p1a: Jynx|Jynx, L79|265\/265
|turn|13
|choice|move 2|move 4
|
|move|p1a: Jynx|Psychic|p2a: Parasect
|-damage|p2a: Parasect|0 fnt
|faint|p2a: Parasect
|choice||switch 3
|
|switch|p2a: Raticate|Raticate, L85|267\/267
|turn|14
|choice|move 4|move 3
|
|move|p2a: Raticate|Body Slam|p1a: Jynx
|-damage|p1a: Jynx|118\/265
|-status|p1a: Jynx|par
|move|p1a: Jynx|Lovely Kiss|p2a: Raticate
|-status|p2a: Raticate|slp
|
|turn|15
|choice|move 2|switch 5
|
|switch|p2a: Cloyster|Cloyster, L83|253\/253
|move|p1a: Jynx|Psychic|p2a: Cloyster
|-damage|p2a: Cloyster|163\/253
|-unboost|p2a: Cloyster|spd|1
|-unboost|p2a: Cloyster|spa|1
|
|turn|16
|choice|move 2|move 4
|
|move|p2a: Cloyster|Hyper Beam|p1a: Jynx
|-crit|p1a: Jynx
|-damage|p1a: Jynx|0 fnt
|faint|p1a: Jynx
|choice|switch 4|
|
|switch|p1a: Venomoth|Venomoth, L85|293\/293
|turn|17
|choice|move 2|move 1
|
|move|p1a: Venomoth|Stun Spore|p2a: Cloyster|[miss]
|-miss|p1a: Venomoth
|move|p2a: Cloyster|Blizzard|p1a: Venomoth
|-damage|p1a: Venomoth|224\/293
|
|turn|18
|choice|move 2|move 1
|
|move|p1a: Venomoth|Stun Spore|p2a: Cloyster|[miss]
|-miss|p1a: Venomoth
|move|p2a: Cloyster|Blizzard|p1a: Venomoth
|-damage|p1a: Venomoth|155\/293
|
|turn|19
|choice|move 1|move 1
|
|move|p1a: Venomoth|Mega Drain|p2a: Cloyster
|-supereffective|p2a: Cloyster
|-damage|p2a: Cloyster|81\/253
|-heal|p1a: Venomoth|196\/293|[from] drain|[of] p2a: Cloyster
|move|p2a: Cloyster|Blizzard|p1a: Venomoth
|-crit|p1a: Venomoth
|-damage|p1a: Venomoth|0 fnt
|faint|p1a: Venomoth
|c|★unlucky devil|fuck this game
|-message|unlucky devil forfeited.
|
|win|MALESANI
|l|unlucky devil
|player|p1
|raw|unlucky devil's rating: 1344 &rarr; <strong>1332<\/strong><br \/>(-12 for losing)
|raw|MALESANI's rating: 1494 &rarr; <strong>1506<\/strong><br \/>(+12 for winning)
|c|★MALESANI|lol