|join|MrJeebus
|join|art55973
|player|p1|MrJeebus|265
|player|p2|art55973|162
|gametype|singles
|gen|1
|tier|[Gen 1] Random Battle
|rated
|rule|Sleep Clause Mod: Limit one foe put to sleep
|rule|Freeze Clause Mod: Limit one foe frozen
|rule|HP Percentage Mod: HP is shown in percentages
|
|start
|switch|p1a: Sandslash|Sandslash, L85|301\/301
|switch|p2a: Doduo|Doduo, L96|262\/262
|turn|1
|
|move|p2a: Doduo|Reflect|p2a: Doduo
|-start|p2a: Doduo|Reflect
|move|p1a: Sandslash|Rock Slide|p2a: Doduo
|-crit|p2a: Doduo
|-supereffective|p2a: Doduo
|-damage|p2a: Doduo|0 fnt
|faint|p2a: Doduo
|join|iwinuluz
|c|★MrJeebus|eh
|
|switch|p2a: Jynx|Jynx, L79|265\/265
|turn|2
|
|switch|p1a: Kakuna|Kakuna, L99|290\/290
|move|p2a: Jynx|Blizzard|p1a: Kakuna
|-crit|p1a: Kakuna
|-damage|p1a: Kakuna|0 fnt
|faint|p1a: Kakuna
|
|switch|p1a: Pidgeot|Pidgeot, L90|333\/333
|turn|3
|
|move|p1a: Pidgeot|Double-Edge|p2a: Jynx
|-damage|p2a: Jynx|76\/265
|-damage|p1a: Pidgeot|286\/333|[from] recoil|[of] p2a: Jynx
|move|p2a: Jynx|Blizzard|p1a: Pidgeot
|-supereffective|p1a: Pidgeot
|-damage|p1a: Pidgeot|61\/333
|-status|p1a: Pidgeot|frz
|
|turn|4
|c|★MrJeebus|the pain
|
|cant|p1a: Pidgeot|frz
|move|p2a: Jynx|Psychic|p1a: Pidgeot
|-damage|p1a: Pidgeot|0 fnt
|faint|p1a: Pidgeot
|join|AaronTheBright
|
|switch|p1a: Raticate|Raticate, L85|267\/267
|turn|5
|c|★MrJeebus|this guy?
|
|move|p1a: Raticate|Hyper Beam|p2a: Jynx
|-crit|p2a: Jynx
|-damage|p2a: Jynx|0 fnt
|faint|p2a: Jynx
|c| AaronTheBright|Hope you don't mind me stalking you, hah.
|c|★MrJeebus|is fine
|
|switch|p2a: Haunter|Haunter, L85|250\/250
|turn|6
|
|switch|p1a: Sandslash|Sandslash, L85|301\/301
|move|p2a: Haunter|Hypnosis|p1a: Sandslash
|-status|p1a: Sandslash|slp
|
|turn|7
|
|switch|p1a: Mewtwo|Mewtwo, L70|293\/293
|move|p2a: Haunter|Psychic|p1a: Mewtwo
|-crit|p1a: Mewtwo
|-resisted|p1a: Mewtwo
|-damage|p1a: Mewtwo|236\/293
|-unboost|p1a: Mewtwo|spd|1
|-unboost|p1a: Mewtwo|spa|1
|
|turn|8
|c|★MrJeebus|ugh
|
|move|p1a: Mewtwo|Psychic|p2a: Haunter
|-supereffective|p2a: Haunter
|-damage|p2a: Haunter|138\/250
|move|p2a: Haunter|Confuse Ray|p1a: Mewtwo
|-start|p1a: Mewtwo|confusion
|
|turn|9
|c|★MrJeebus|guess i cant really complain
|
|switch|p1a: Sandslash|Sandslash, L85|301\/301 slp
|move|p2a: Haunter|Thunderbolt|p1a: Sandslash
|-immune|p1a: Sandslash|[msg]
|
|turn|10
|
|switch|p1a: Mewtwo|Mewtwo, L70|236\/293
|move|p2a: Haunter|Psychic|p1a: Mewtwo
|-resisted|p1a: Mewtwo
|-damage|p1a: Mewtwo|209\/293
|
|turn|11
|c| AaronTheBright|Tbh I would have let someone else take the sleep and then switched Slash in.
|
|move|p1a: Mewtwo|Psychic|p2a: Haunter
|-supereffective|p2a: Haunter
|-damage|p2a: Haunter|0 fnt
|faint|p2a: Haunter
|c| AaronTheBright|But you have a Mewtwo, lol.
|c|★MrJeebus|yea
|
|switch|p2a: Flareon|Flareon, L90|300\/300
|turn|12
|c|★MrJeebus|raticate is good tho
|c| AaronTheBright|Yeah.
|c|★MrJeebus|and my other is .. ok
|c| AaronTheBright|Superbeam is a good combo.
|c|★MrJeebus|yea
|c| AaronTheBright|Esp. on para'd enemies.
|
|move|p1a: Mewtwo|Barrier|p1a: Mewtwo
|-boost|p1a: Mewtwo|def|2
|move|p2a: Flareon|Fire Blast|p1a: Mewtwo
|-damage|p1a: Mewtwo|83\/293
|
|turn|13
|
|move|p1a: Mewtwo|Psychic|p2a: Flareon
|-damage|p2a: Flareon|218\/300
|move|p2a: Flareon|Hyper Beam|p1a: Mewtwo
|-crit|p1a: Mewtwo
|-damage|p1a: Mewtwo|0 fnt
|faint|p1a: Mewtwo
|c|★MrJeebus|the pain
|c| AaronTheBright|Ouch.
|
|switch|p1a: Raticate|Raticate, L85|267\/267
|turn|14
|c| iwinuluz|daaaaaaaaaaaaaaaam
|
|move|p1a: Raticate|Super Fang|p2a: Flareon
|-damage|p2a: Flareon|109\/300
|move|p2a: Flareon|Hyper Beam|p1a: Raticate
|-damage|p1a: Raticate|85\/267
|
|turn|15
|-mustrecharge|p2a: Flareon
|-mustrecharge|p2a: Flareon
|
|move|p1a: Raticate|Hyper Beam|p2a: Flareon
|-damage|p2a: Flareon|0 fnt
|faint|p2a: Flareon
|c|★MrJeebus|who knows
|
|switch|p2a: Kadabra|Kadabra, L85|242\/242
|turn|16
|c| AaronTheBright|Inb4 Mewtwo
|c|★MrJeebus|ouchy
|
|move|p2a: Kadabra|Seismic Toss|p1a: Raticate
|-damage|p1a: Raticate|0 fnt
|faint|p1a: Raticate
|c|★MrJeebus|prolly cuz swords dance softboiled
|
|switch|p1a: Magneton|Magneton, L90|273\/273
|turn|17
|c| iwinuluz|vn
|
|move|p2a: Kadabra|Psychic|p1a: Magneton
|-damage|p1a: Magneton|188\/273
|move|p1a: Magneton|Thunder Wave|p2a: Kadabra
|-status|p2a: Kadabra|par
|
|turn|18
|c| AaronTheBright|Was that in reference to my Mew question?
|c| AaronTheBright|Aye it's Swagneton.
|c|★MrJeebus|yuh
|
|switch|p2a: Nidoking|Nidoking, L85|311\/311
|move|p1a: Magneton|Double-Edge|p2a: Nidoking
|-damage|p2a: Nidoking|248\/311
|-damage|p1a: Magneton|173\/273|[from] recoil|[of] p2a: Nidoking
|
|turn|19
|
|move|p2a: Nidoking|Earthquake|p1a: Magneton
|-supereffective|p1a: Magneton
|-damage|p1a: Magneton|0 fnt
|faint|p1a: Magneton
|c|★MrJeebus|gg
|
|switch|p1a: Sandslash|Sandslash, L85|301\/301 slp
|turn|20
|c| AaronTheBright|Fuckin' ouch.
|c|★MrJeebus|aaron, you got a team to battle?
|c| AaronTheBright|Inb4 Earthquake miss.
|c| AaronTheBright|Gen 1 OU? Yeah.
|
|move|p2a: Nidoking|Body Slam|p1a: Sandslash
|-damage|p1a: Sandslash|248\/301 slp
|cant|p1a: Sandslash|slp
|
|turn|21
|c| AaronTheBright|I'm #3 on the ladder, xD
|c|★MrJeebus|oooh
|c|★MrJeebus|dont judge, if we do battle
|
|move|p2a: Nidoking|Earthquake|p1a: Sandslash
|-crit|p1a: Sandslash
|-damage|p1a: Sandslash|76\/301 slp
|cant|p1a: Sandslash|slp
|
|turn|22
|
|move|p2a: Nidoking|Earthquake|p1a: Sandslash
|-damage|p1a: Sandslash|0 fnt
|faint|p1a: Sandslash
|
|win|art55973
|raw|MrJeebus's rating: 1209 &rarr; <strong>1178<\/strong><br \/>(-31 for losing)
|raw|art55973's rating: 1120 &rarr; <strong>1151<\/strong><br \/>(+31 for winning)
|c| AaronTheBright|I won't.
|leave|art55973
|player|p2
|leave|MrJeebus
|player|p1