|join|Hargnyque
|join|cmatteo28
|player|p1|Hargnyque|26
|player|p2|cmatteo28|102
|gametype|singles
|gen|1
|tier|[Gen 1] Random Battle
|rated
|seed|36659,42836,1405,47039
|rule|Sleep Clause Mod: Limit one foe put to sleep
|rule|Freeze Clause Mod: Limit one foe frozen
|rule|HP Percentage Mod: HP is shown in percentages
|
|start
|switch|p1a: Spearow|Spearow, L96|272\/272
|switch|p2a: Weepinbell|Weepinbell, L85|284\/284
|turn|1
|choice|move 1|switch 6
|
|switch|p2a: Jolteon|Jolteon, L79|265\/265
|move|p1a: Spearow|Drill Peck|p2a: Jolteon
|-resisted|p2a: Jolteon
|-damage|p2a: Jolteon|215\/265
|
|turn|2
|choice|switch 6|move 1
|
|switch|p1a: Raichu|Raichu, L85|276\/276
|move|p2a: Jolteon|Thunderbolt|p1a: Raichu
|-resisted|p1a: Raichu
|-damage|p1a: Raichu|230\/276
|
|turn|3
|choice|move 4|switch 6
|
|switch|p2a: Weepinbell|Weepinbell, L85|284\/284
|move|p1a: Raichu|Thunder Wave|p2a: Weepinbell
|-status|p2a: Weepinbell|par
|
|turn|4
|choice|switch 6|move 3
|
|switch|p1a: Spearow|Spearow, L96|272\/272
|move|p2a: Weepinbell|Swords Dance|p2a: Weepinbell
|-boost|p2a: Weepinbell|atk|2
|
|turn|5
|choice|move 4|move 2
|
|move|p1a: Spearow|Mirror Move|p1a: Spearow
|move|p1a: Spearow|Swords Dance|p1a: Spearow|[from]Mirror Move
|-boost|p1a: Spearow|atk|2
|cant|p2a: Weepinbell|par
|
|turn|6
|choice|move 3|move 2
|
|move|p1a: Spearow|Agility|p1a: Spearow
|-boost|p1a: Spearow|spe|2
|move|p2a: Weepinbell|Body Slam|p1a: Spearow
|-damage|p1a: Spearow|86\/272
|
|turn|7
|choice|move 1|move 2
|
|move|p1a: Spearow|Drill Peck|p2a: Weepinbell
|-supereffective|p2a: Weepinbell
|-damage|p2a: Weepinbell|0 fnt
|faint|p2a: Weepinbell
|choice||switch 6
|
|switch|p2a: Jolteon|Jolteon, L79|215\/265
|turn|8
|choice|move 2|move 1
|
|move|p1a: Spearow|Double-Edge|p2a: Jolteon
|-damage|p2a: Jolteon|0 fnt
|-damage|p1a: Spearow|33\/272|[from] recoil|[of] p2a: Jolteon
|faint|p2a: Jolteon
|choice||switch 4
|
|switch|p2a: Tauros|Tauros, L79|280\/280
|turn|9
|choice|move 2|move 3
|
|move|p1a: Spearow|Double-Edge|p2a: Tauros
|-crit|p2a: Tauros
|-damage|p2a: Tauros|64\/280
|-damage|p1a: Spearow|0 fnt|[from] recoil|[of] p2a: Tauros
|faint|p1a: Spearow
|choice|switch 3|
|
|switch|p1a: Abra|Abra, L96|243\/243
|turn|10
|choice|move 2|move 2
|
|move|p1a: Abra|Psychic|p2a: Tauros
|-damage|p2a: Tauros|0 fnt
|faint|p2a: Tauros
|choice||switch 3
|
|switch|p2a: Pidgeotto|Pidgeotto, L90|297\/297
|turn|11
|choice|move 2|move 1
|
|move|p1a: Abra|Psychic|p2a: Pidgeotto
|-damage|p2a: Pidgeotto|125\/297
|move|p2a: Pidgeotto|Double-Edge|p1a: Abra
|-damage|p1a: Abra|84\/243
|-damage|p2a: Pidgeotto|86\/297|[from] recoil|[of] p1a: Abra
|
|turn|12
|choice|move 2|move 1
|
|move|p1a: Abra|Psychic|p2a: Pidgeotto
|-damage|p2a: Pidgeotto|0 fnt
|faint|p2a: Pidgeotto
|choice||switch 5
|
|switch|p2a: Kabutops|Kabutops, L85|276\/276
|turn|13
|choice|move 2|move 4
|
|move|p1a: Abra|Psychic|p2a: Kabutops
|-damage|p2a: Kabutops|118\/276
|-unboost|p2a: Kabutops|spd|1
|-unboost|p2a: Kabutops|spa|1
|move|p2a: Kabutops|Swords Dance|p2a: Kabutops
|-boost|p2a: Kabutops|atk|2
|
|turn|14
|choice|move 2|move 1
|
|move|p1a: Abra|Psychic|p2a: Kabutops
|-damage|p2a: Kabutops|0 fnt
|faint|p2a: Kabutops
|choice||switch 2
|
|switch|p2a: Flareon|Flareon, L90|300\/300
|turn|15
|choice|move 3|move 2
|
|move|p2a: Flareon|Quick Attack|p1a: Abra
|-damage|p1a: Abra|2\/243
|move|p1a: Abra|Thunder Wave|p2a: Flareon
|-status|p2a: Flareon|par
|
|turn|16
|choice|move 2|move 2
|
|cant|p2a: Flareon|par
|move|p1a: Abra|Psychic|p2a: Flareon
|-damage|p2a: Flareon|196\/300 par
|
|turn|17
|choice|move 4|move 2
|
|move|p2a: Flareon|Quick Attack|p1a: Abra
|-damage|p1a: Abra|0 fnt
|faint|p1a: Abra
|choice|switch 6|
|
|switch|p1a: Raichu|Raichu, L85|230\/276
|turn|18
|choice|move 1|move 3
|
|move|p1a: Raichu|Surf|p2a: Flareon
|-supereffective|p2a: Flareon
|-damage|p2a: Flareon|89\/300 par
|move|p2a: Flareon|Fire Blast|p1a: Raichu
|-damage|p1a: Raichu|74\/276
|
|turn|19
|choice|move 1|move 2
|
|move|p2a: Flareon|Quick Attack|p1a: Raichu
|-crit|p1a: Raichu
|-damage|p1a: Raichu|0 fnt
|faint|p1a: Raichu
|choice|switch 4|
|
|switch|p1a: Machamp|Machamp, L90|345\/345
|turn|20
|choice|move 1|move 1
|
|move|p1a: Machamp|Earthquake|p2a: Flareon
|-supereffective|p2a: Flareon
|-damage|p2a: Flareon|0 fnt
|faint|p2a: Flareon
|
|win|Hargnyque
|raw|Hargnyque's rating: 1318 &rarr; <strong>1327<\/strong><br \/>(+9 for winning)
|raw|cmatteo28's rating: 1111 &rarr; <strong>1099<\/strong><br \/>(-12 for losing)