|j|Whoremaster
|j|TSV3CTOR
|player|p1|Whoremaster|43
|player|p2|TSV3CTOR|209
|gametype|singles
|gen|1
|tier|[Gen 1] Ubers
|seed|50444,2144,3958,60162
|rule|Sleep Clause Mod: Limit one foe put to sleep
|rule|Freeze Clause Mod: Limit one foe frozen
|rule|Species Clause: Limit one of each Pokémon
|rule|OHKO Clause: OHKO moves are banned
|rule|Evasion Moves Clause: Evasion moves are banned
|rule|HP Percentage Mod: HP is shown in percentages
|
|start
|switch|p1a: Starmie|Starmie|323\/323
|switch|p2a: Exeggutor|Exeggutor|393\/393
|turn|1
|c|★TSV3CTOR|gl
|c|★Whoremaster|u2
|choice|move 1|move 3
|
|move|p1a: Starmie|Ice Beam|p2a: Exeggutor
|-supereffective|p2a: Exeggutor
|-damage|p2a: Exeggutor|257\/393
|move|p2a: Exeggutor|Stun Spore|p1a: Starmie|[miss]
|-miss|p2a: Exeggutor
|
|turn|2
|choice|move 1|move 3
|
|move|p1a: Starmie|Ice Beam|p2a: Exeggutor
|-crit|p2a: Exeggutor
|-supereffective|p2a: Exeggutor
|-damage|p2a: Exeggutor|28\/393
|move|p2a: Exeggutor|Stun Spore|p1a: Starmie
|-status|p1a: Starmie|par
|
|turn|3
|choice|move 1|move 1
|
|move|p2a: Exeggutor|Mega Drain|p1a: Starmie
|-supereffective|p1a: Starmie
|-damage|p1a: Starmie|213\/323 par
|-heal|p2a: Exeggutor|83\/393|[from] drain|[of] p1a: Starmie
|cant|p1a: Starmie|par
|
|turn|4
|choice|move 1|move 1
|
|move|p2a: Exeggutor|Mega Drain|p1a: Starmie
|-crit|p1a: Starmie
|-supereffective|p1a: Starmie
|-damage|p1a: Starmie|0 fnt
|-heal|p2a: Exeggutor|189\/393|[from] drain|[of] p1a: Starmie
|faint|p1a: Starmie
|choice|switch 2|
|
|switch|p1a: Jynx|Jynx|333\/333
|turn|5
|choice|move 2|switch 3
|
|switch|p2a: Snorlax|Snorlax|523\/523
|move|p1a: Jynx|Blizzard|p2a: Snorlax
|-crit|p2a: Snorlax
|-damage|p2a: Snorlax|175\/523
|
|turn|6
|choice|move 2|move 1
|
|move|p1a: Jynx|Blizzard|p2a: Snorlax
|-damage|p2a: Snorlax|0 fnt
|faint|p2a: Snorlax
|choice||switch 2
|
|switch|p2a: Mewtwo|Mewtwo|415\/415
|turn|7
|choice|move 1|move 3
|
|move|p2a: Mewtwo|Amnesia|p2a: Mewtwo
|-boost|p2a: Mewtwo|spd|2
|-boost|p2a: Mewtwo|spa|2
|move|p1a: Jynx|Lovely Kiss|p2a: Mewtwo|[miss]
|-miss|p1a: Jynx
|
|turn|8
|choice|move 1|move 1
|
|move|p2a: Mewtwo|Fire Blast|p1a: Jynx
|-supereffective|p1a: Jynx
|-damage|p1a: Jynx|0 fnt
|faint|p1a: Jynx
|choice|switch 3|
|
|switch|p1a: Snorlax|Snorlax|523\/523
|turn|9
|choice|move 1|move 1
|
|move|p2a: Mewtwo|Fire Blast|p1a: Snorlax
|-crit|p1a: Snorlax
|-damage|p1a: Snorlax|200\/523
|move|p1a: Snorlax|Body Slam|p2a: Mewtwo
|-damage|p2a: Mewtwo|309\/415
|-status|p2a: Mewtwo|par
|
|turn|10
|choice|move 4|move 4
|
|move|p1a: Snorlax|Self-Destruct|p2a: Mewtwo
|-damage|p2a: Mewtwo|0 fnt
|faint|p2a: Mewtwo
|faint|p1a: Snorlax
|choice|switch 5|switch 3
|
|switch|p1a: Mew|Mew|403\/403
|switch|p2a: Exeggutor|Exeggutor|189\/393
|turn|11
|choice|move 3|switch 6
|
|switch|p2a: Chansey|Chansey|703\/703
|move|p1a: Mew|Hyper Beam|p2a: Chansey
|-damage|p2a: Chansey|404\/703
|
|turn|12
|-mustrecharge|p1a: Mew
|-mustrecharge|p1a: Mew
|choice|move 1|move 3
|
|cant|p1a: Mew|recharge
|move|p2a: Chansey|Soft-Boiled|p2a: Chansey
|-heal|p2a: Chansey|703\/703
|
|turn|13
|choice|move 1|move 4
|
|move|p1a: Mew|Swords Dance|p1a: Mew
|-boost|p1a: Mew|atk|2
|move|p2a: Chansey|Counter|p1a: Mew
|-fail|p2a: Chansey
|
|turn|14
|choice|move 2|move 2
|
|move|p1a: Mew|Earthquake|p2a: Chansey
|-damage|p2a: Chansey|251\/703
|move|p2a: Chansey|Ice Beam|p1a: Mew
|-damage|p1a: Mew|326\/403
|
|turn|15
|choice|move 2|switch 6
|
|switch|p2a: Exeggutor|Exeggutor|189\/393
|move|p1a: Mew|Earthquake|p2a: Exeggutor
|-crit|p2a: Exeggutor
|-resisted|p2a: Exeggutor
|-damage|p2a: Exeggutor|99\/393
|
|turn|16
|choice|move 3|switch 4
|
|switch|p2a: Ditto|Ditto|299\/299
|move|p1a: Mew|Hyper Beam|p2a: Ditto|[miss]
|-miss|p1a: Mew
|
|turn|17
|choice|move 2|move 1
|
|move|p1a: Mew|Earthquake|p2a: Ditto
|-damage|p2a: Ditto|43\/299
|move|p2a: Ditto|Transform|p1a: Mew
|-transform|p2a: Ditto|p1a: Mew
|
|turn|18
|choice|move 2|move 3
|
|move|p1a: Mew|Earthquake|p2a: Ditto
|-damage|p2a: Ditto|0 fnt
|faint|p2a: Ditto
|choice||switch 5
|
|switch|p2a: Mew|Mew|403\/403
|turn|19
|choice|move 2|move 1
|
|move|p1a: Mew|Earthquake|p2a: Mew
|-crit|p2a: Mew
|-damage|p2a: Mew|239\/403
|move|p2a: Mew|Swords Dance|p2a: Mew
|-boost|p2a: Mew|atk|2
|
|turn|20
|choice|move 3|move 4
|
|move|p1a: Mew|Hyper Beam|p2a: Mew
|-damage|p2a: Mew|13\/403
|move|p2a: Mew|Soft-Boiled|p2a: Mew
|-heal|p2a: Mew|214\/403
|
|turn|21
|-mustrecharge|p1a: Mew
|-mustrecharge|p1a: Mew
|choice|move 1|move 4
|
|cant|p1a: Mew|recharge
|move|p2a: Mew|Soft-Boiled|p2a: Mew
|-heal|p2a: Mew|403\/403
|
|turn|22
|choice|move 2|move 1
|
|move|p2a: Mew|Swords Dance|p2a: Mew
|-boost|p2a: Mew|atk|2
|move|p1a: Mew|Earthquake|p2a: Mew
|-damage|p2a: Mew|248\/403
|
|turn|23
|choice|move 4|move 2
|
|move|p2a: Mew|Earthquake|p1a: Mew
|-damage|p1a: Mew|85\/403
|move|p1a: Mew|Soft-Boiled|p1a: Mew
|-heal|p1a: Mew|286\/403
|
|turn|24
|choice|move 4|move 4
|
|move|p2a: Mew|Soft-Boiled|p2a: Mew
|-heal|p2a: Mew|403\/403
|move|p1a: Mew|Soft-Boiled|p1a: Mew
|-heal|p1a: Mew|403\/403
|
|turn|25
|choice|move 1|move 1
|
|move|p2a: Mew|Swords Dance|p2a: Mew
|-boost|p2a: Mew|atk|2
|move|p1a: Mew|Swords Dance|p1a: Mew
|-boost|p1a: Mew|atk|2
|
|turn|26
|choice|move 2|move 2
|
|move|p1a: Mew|Earthquake|p2a: Mew
|-crit|p2a: Mew
|-damage|p2a: Mew|241\/403
|move|p2a: Mew|Earthquake|p1a: Mew
|-damage|p1a: Mew|136\/403
|
|turn|27
|j|Peasounay
|choice|move 2|move 2
|
|move|p2a: Mew|Earthquake|p1a: Mew
|-damage|p1a: Mew|0 fnt
|faint|p1a: Mew
|choice|switch 4|
|
|switch|p1a: Mewtwo|Mewtwo|415\/415
|turn|28
|choice|move 3|move 4
|
|move|p1a: Mewtwo|Amnesia|p1a: Mewtwo
|-boost|p1a: Mewtwo|spd|2
|-boost|p1a: Mewtwo|spa|2
|move|p2a: Mew|Soft-Boiled|p2a: Mew
|-heal|p2a: Mew|403\/403
|
|turn|29
|choice|move 1|move 2
|
|move|p1a: Mewtwo|Ice Beam|p2a: Mew
|-damage|p2a: Mew|183\/403
|move|p2a: Mew|Earthquake|p1a: Mewtwo
|-damage|p1a: Mewtwo|114\/415
|
|turn|30
|choice|move 1|move 4
|
|move|p1a: Mewtwo|Ice Beam|p2a: Mew
|-damage|p2a: Mew|0 fnt
|faint|p2a: Mew
|choice||switch 6
|
|switch|p2a: Chansey|Chansey|251\/703
|turn|31
|choice|move 4|move 3
|
|move|p1a: Mewtwo|Recover|p1a: Mewtwo
|-heal|p1a: Mewtwo|321\/415
|move|p2a: Chansey|Soft-Boiled|p2a: Chansey
|-heal|p2a: Chansey|602\/703
|
|turn|32
|choice|move 1|move 2
|
|move|p1a: Mewtwo|Ice Beam|p2a: Chansey
|-damage|p2a: Chansey|391\/703
|move|p2a: Chansey|Ice Beam|p1a: Mewtwo
|-damage|p1a: Mewtwo|292\/415
|
|turn|33
|choice|move 3|move 3
|
|move|p1a: Mewtwo|Amnesia|p1a: Mewtwo
|-boost|p1a: Mewtwo|spd|2
|-boost|p1a: Mewtwo|spa|2
|move|p2a: Chansey|Soft-Boiled|p2a: Chansey
|-heal|p2a: Chansey|703\/703
|
|turn|34
|choice|move 2|move 2
|
|move|p1a: Mewtwo|Thunderbolt|p2a: Chansey
|-crit|p2a: Chansey
|-damage|p2a: Chansey|524\/703
|move|p2a: Chansey|Ice Beam|p1a: Mewtwo
|-damage|p1a: Mewtwo|268\/415
|
|turn|35
|choice|move 1|move 1
|
|move|p1a: Mewtwo|Ice Beam|p2a: Chansey
|-damage|p2a: Chansey|279\/703
|move|p2a: Chansey|Light Screen|p2a: Chansey
|-start|p2a: Chansey|Light Screen
|
|turn|36
|choice|move 4|move 3
|
|move|p1a: Mewtwo|Recover|p1a: Mewtwo
|-heal|p1a: Mewtwo|415\/415
|move|p2a: Chansey|Soft-Boiled|p2a: Chansey
|-heal|p2a: Chansey|630\/703
|
|turn|37
|choice|switch 6|move 2
|
|switch|p1a: Chansey|Chansey|703\/703
|move|p2a: Chansey|Ice Beam|p1a: Chansey
|-damage|p1a: Chansey|631\/703
|
|turn|38
|choice|move 1|switch 4
|
|switch|p2a: Exeggutor|Exeggutor|99\/393
|move|p1a: Chansey|Ice Beam|p2a: Exeggutor
|-supereffective|p2a: Exeggutor
|-damage|p2a: Exeggutor|0 fnt
|faint|p2a: Exeggutor
|choice||switch 4
|
|switch|p2a: Chansey|Chansey|630\/703
|turn|39
|choice|move 1|move 1
|
|move|p1a: Chansey|Ice Beam|p2a: Chansey
|-damage|p2a: Chansey|549\/703
|move|p2a: Chansey|Light Screen|p2a: Chansey
|-start|p2a: Chansey|Light Screen
|
|turn|40
|choice|move 3|move 3
|
|move|p1a: Chansey|Light Screen|p1a: Chansey
|-start|p1a: Chansey|Light Screen
|move|p2a: Chansey|Soft-Boiled|p2a: Chansey
|-heal|p2a: Chansey|703\/703
|
|turn|41
|choice|move 1|move 2
|
|move|p2a: Chansey|Ice Beam|p1a: Chansey
|-damage|p1a: Chansey|591\/703
|-status|p1a: Chansey|frz
|cant|p1a: Chansey|frz
|
|turn|42
|choice|switch 6|move 2
|
|switch|p1a: Mewtwo|Mewtwo|415\/415
|move|p2a: Chansey|Ice Beam|p1a: Mewtwo
|-damage|p1a: Mewtwo|358\/415
|
|turn|43
|choice|move 3|move 2
|
|move|p1a: Mewtwo|Amnesia|p1a: Mewtwo
|-boost|p1a: Mewtwo|spd|2
|-boost|p1a: Mewtwo|spa|2
|move|p2a: Chansey|Ice Beam|p1a: Mewtwo
|-damage|p1a: Mewtwo|327\/415
|
|turn|44
|c|★TSV3CTOR|gg
|c| Peasounay|why ditto
|c|★Whoremaster|gg
|c| Peasounay|what does it do
|choice|move 3|move 2
|
|move|p1a: Mewtwo|Amnesia|p1a: Mewtwo
|-boost|p1a: Mewtwo|spd|2
|-boost|p1a: Mewtwo|spa|2
|move|p2a: Chansey|Ice Beam|p1a: Mewtwo
|-damage|p1a: Mewtwo|304\/415
|
|turn|45
|choice|move 4|move 2
|
|move|p1a: Mewtwo|Recover|p1a: Mewtwo
|-heal|p1a: Mewtwo|415\/415
|move|p2a: Chansey|Ice Beam|p1a: Mewtwo
|-damage|p1a: Mewtwo|391\/415
|
|turn|46
|c|★TSV3CTOR|was a test
|c|★Whoremaster|transforms into a shittier version of another poke
|choice|move 2|move 2
|
|move|p1a: Mewtwo|Thunderbolt|p2a: Chansey
|-damage|p2a: Chansey|590\/703
|move|p2a: Chansey|Ice Beam|p1a: Mewtwo
|-damage|p1a: Mewtwo|367\/415
|
|turn|47
|c|★TSV3CTOR|lol
|choice|move 3|move 2
|
|move|p1a: Mewtwo|Amnesia|p1a: Mewtwo
|-boost|p1a: Mewtwo|spd|2
|-boost|p1a: Mewtwo|spa|2
|move|p2a: Chansey|Ice Beam|p1a: Mewtwo
|-damage|p1a: Mewtwo|344\/415
|
|turn|48
|c| Peasounay|doesn't he die before transforming ?
|choice|move 2|move 2
|
|move|p1a: Mewtwo|Thunderbolt|p2a: Chansey
|-damage|p2a: Chansey|479\/703
|move|p2a: Chansey|Ice Beam|p1a: Mewtwo
|-damage|p1a: Mewtwo|322\/415
|
|turn|49
|choice|move 2|move 2
|
|move|p1a: Mewtwo|Thunderbolt|p2a: Chansey
|-damage|p2a: Chansey|364\/703
|-status|p2a: Chansey|par
|move|p2a: Chansey|Ice Beam|p1a: Mewtwo
|-crit|p1a: Mewtwo
|-damage|p1a: Mewtwo|202\/415
|
|turn|50
|choice|move 2|move 2
|
|move|p1a: Mewtwo|Thunderbolt|p2a: Chansey
|-damage|p2a: Chansey|249\/703 par
|move|p2a: Chansey|Ice Beam|p1a: Mewtwo
|-damage|p1a: Mewtwo|179\/415
|
|turn|51
|choice|move 4|move 2
|
|move|p1a: Mewtwo|Recover|p1a: Mewtwo
|-heal|p1a: Mewtwo|386\/415
|move|p2a: Chansey|Ice Beam|p1a: Mewtwo
|-damage|p1a: Mewtwo|363\/415
|
|turn|52
|choice|move 2|move 2
|
|move|p1a: Mewtwo|Thunderbolt|p2a: Chansey
|-damage|p2a: Chansey|125\/703 par
|cant|p2a: Chansey|par
|
|turn|53
|choice|move 2|move 3
|
|move|p1a: Mewtwo|Thunderbolt|p2a: Chansey
|-damage|p2a: Chansey|0 fnt
|faint|p2a: Chansey
|
|win|Whoremaster
|player|p1
|player|p2
|c|★Whoremaster|gg!
|c|★TSV3CTOR|gg
|l|Whoremaster