|j|MALESANI
|j|martymarty
|player|p1|MALESANI|238
|player|p2|martymarty|161
|gametype|singles
|gen|1
|tier|[Gen 1] Random Battle
|rated
|seed|46745,32573,35954,43005
|rule|Sleep Clause Mod: Limit one foe put to sleep
|rule|Freeze Clause Mod: Limit one foe frozen
|rule|HP Percentage Mod: HP is shown in percentages
|
|start
|switch|p1a: Articuno|Articuno, L79|304\/304
|switch|p2a: Lapras|Lapras, L79|367\/367
|turn|1
|choice|switch 6|move 3
|
|switch|p1a: Seadra|Seadra, L90|282\/282
|move|p2a: Lapras|Thunderbolt|p1a: Seadra
|-supereffective|p1a: Seadra
|-damage|p1a: Seadra|184\/282
|
|turn|2
|choice|move 2|move 3
|
|move|p1a: Seadra|Hydro Pump|p2a: Lapras
|-crit|p2a: Lapras
|-resisted|p2a: Lapras
|-damage|p2a: Lapras|232\/367
|move|p2a: Lapras|Thunderbolt|p1a: Seadra
|-supereffective|p1a: Seadra
|-damage|p1a: Seadra|71\/282
|
|turn|3
|j|TheAntelope
|choice|switch 4|move 3
|
|switch|p1a: Haunter|Haunter, L85|250\/250
|move|p2a: Lapras|Thunderbolt|p1a: Haunter
|-damage|p1a: Haunter|205\/250
|
|turn|4
|choice|move 2|switch 3
|
|switch|p2a: Magikarp|Magikarp, L99|240\/240
|move|p1a: Haunter|Psychic|p2a: Magikarp
|-damage|p2a: Magikarp|113\/240
|
|turn|5
|choice|move 2|move 1
|
|move|p2a: Magikarp|Dragon Rage|p1a: Haunter
|-damage|p1a: Haunter|165\/250
|move|p1a: Haunter|Psychic|p2a: Magikarp
|-damage|p2a: Magikarp|0 fnt
|faint|p2a: Magikarp
|choice||switch 4
|
|switch|p2a: Exeggutor|Exeggutor, L79|312\/312
|turn|6
|choice|move 1|move 1
|
|move|p1a: Haunter|Hypnosis|p2a: Exeggutor
|-status|p2a: Exeggutor|slp
|cant|p2a: Exeggutor|slp
|
|turn|7
|choice|switch 4|switch 5
|
|switch|p1a: Seadra|Seadra, L90|71\/282
|switch|p2a: Rhydon|Rhydon, L79|328\/328
|
|turn|8
|choice|move 2|switch 5
|
|switch|p2a: Exeggutor|Exeggutor, L79|312\/312 slp
|move|p1a: Seadra|Hydro Pump|p2a: Exeggutor
|-resisted|p2a: Exeggutor
|-damage|p2a: Exeggutor|256\/312 slp
|
|turn|9
|choice|move 1|move 3
|
|move|p1a: Seadra|Blizzard|p2a: Exeggutor
|-supereffective|p2a: Exeggutor
|-damage|p2a: Exeggutor|84\/312 slp
|cant|p2a: Exeggutor|slp
|
|turn|10
|choice|move 4|move 3
|
|move|p1a: Seadra|Mimic|p2a: Exeggutor
|-start|p1a: Seadra|Mimic|Psychic
|cant|p2a: Exeggutor|slp
|
|turn|11
|choice|move 1|move 2
|
|move|p1a: Seadra|Blizzard|p2a: Exeggutor
|-supereffective|p2a: Exeggutor
|-damage|p2a: Exeggutor|0 fnt
|faint|p2a: Exeggutor
|choice||switch 6
|
|switch|p2a: Persian|Persian, L79|265\/265
|turn|12
|choice|switch 4|move 3
|
|switch|p1a: Haunter|Haunter, L85|165\/250
|move|p2a: Persian|Thunderbolt|p1a: Haunter
|-damage|p1a: Haunter|125\/250
|
|turn|13
|choice|move 2|switch 2
|
|switch|p2a: Grimer|Grimer, L96|348\/348
|move|p1a: Haunter|Psychic|p2a: Grimer
|-supereffective|p2a: Grimer
|-damage|p2a: Grimer|135\/348
|
|turn|14
|choice|move 2|move 1
|
|move|p1a: Haunter|Psychic|p2a: Grimer
|-crit|p2a: Grimer
|-supereffective|p2a: Grimer
|-damage|p2a: Grimer|0 fnt
|faint|p2a: Grimer
|choice||switch 5
|
|switch|p2a: Rhydon|Rhydon, L79|328\/328
|turn|15
|choice|move 1|move 1
|
|move|p1a: Haunter|Hypnosis|p2a: Rhydon
|-status|p2a: Rhydon|slp
|cant|p2a: Rhydon|slp
|
|turn|16
|choice|move 2|switch 3
|
|switch|p2a: Lapras|Lapras, L79|232\/367
|move|p1a: Haunter|Psychic|p2a: Lapras
|-damage|p2a: Lapras|153\/367
|
|turn|17
|choice|move 3|move 2
|
|move|p1a: Haunter|Explosion|p2a: Lapras
|-damage|p2a: Lapras|0 fnt
|faint|p2a: Lapras
|faint|p1a: Haunter
|choice|switch 3|switch 3
|
|switch|p1a: Raticate|Raticate, L85|267\/267
|switch|p2a: Rhydon|Rhydon, L79|328\/328 slp
|turn|18
|choice|move 4|move 3
|
|move|p1a: Raticate|Bubble Beam|p2a: Rhydon
|-supereffective|p2a: Rhydon
|-damage|p2a: Rhydon|134\/328 slp
|-curestatus|p2a: Rhydon|slp
|
|turn|19
|choice|move 4|move 3
|
|move|p1a: Raticate|Bubble Beam|p2a: Rhydon
|-supereffective|p2a: Rhydon
|-damage|p2a: Rhydon|0 fnt
|faint|p2a: Rhydon
|choice||switch 2
|
|switch|p2a: Persian|Persian, L79|265\/265
|turn|20
|choice|move 2|move 3
|
|move|p2a: Persian|Thunderbolt|p1a: Raticate
|-damage|p1a: Raticate|207\/267
|move|p1a: Raticate|Hyper Beam|p2a: Persian
|-damage|p2a: Persian|58\/265
|
|turn|21
|-mustrecharge|p1a: Raticate
|-mustrecharge|p1a: Raticate
|choice|move 1|move 2
|
|move|p2a: Persian|Body Slam|p1a: Raticate
|-damage|p1a: Raticate|122\/267
|cant|p1a: Raticate|recharge
|
|turn|22
|choice|move 3|move 2
|
|move|p2a: Persian|Body Slam|p1a: Raticate
|-damage|p1a: Raticate|42\/267
|move|p1a: Raticate|Body Slam|p2a: Persian
|-damage|p2a: Persian|0 fnt
|faint|p2a: Persian
|
|win|MALESANI
|raw|MALESANI's rating: 1426 &rarr; <strong>1433<\/strong><br \/>(+7 for winning)
|raw|martymarty's rating: 1172 &rarr; <strong>1163<\/strong><br \/>(-9 for losing)