|j|Coti
|j|marcoasd
|player|p1|Coti|95
|player|p2|marcoasd|265
|gametype|singles
|gen|1
|tier|[Gen 1] OU
|seed|
|rule|Sleep Clause Mod: Limit one foe put to sleep
|rule|Freeze Clause Mod: Limit one foe frozen
|rule|Species Clause: Limit one of each Pokémon
|rule|OHKO Clause: OHKO moves are banned
|rule|Evasion Moves Clause: Evasion moves are banned
|rule|HP Percentage Mod: HP is shown in percentages
|
|start
|switch|p1a: Hai già perso|Alakazam|100\/100
|switch|p2a: Jolteon|Jolteon, M|100\/100
|turn|1
|c|★Coti|hf
|choice||
|
|move|p2a: Jolteon|Thunder Wave|p1a: Hai già perso
|-status|p1a: Hai già perso|par
|cant|p1a: Hai già perso|par
|
|turn|2
|c|★marcoasd|u2
|choice||
|
|switch|p2a: Chansey|Chansey|100\/100
|move|p1a: Hai già perso|Psychic|p2a: Chansey
|-damage|p2a: Chansey|84\/100
|-unboost|p2a: Chansey|spd|1
|-unboost|p2a: Chansey|spa|1
|
|turn|3
|j|Lalaya
|j|L'Odiamo il Signor
|j|Laroxyl
|choice||
|
|move|p2a: Chansey|Seismic Toss|p1a: Hai già perso
|-damage|p1a: Hai già perso|69\/100 par
|cant|p1a: Hai già perso|par
|
|turn|4
|choice||
|
|move|p2a: Chansey|Seismic Toss|p1a: Hai già perso
|-damage|p1a: Hai già perso|37\/100 par
|move|p1a: Hai già perso|Recover|p1a: Hai già perso
|-heal|p1a: Hai già perso|86\/100 par
|
|turn|5
|choice||
|
|switch|p1a: Ahah che scarso|Snorlax|100\/100
|move|p2a: Chansey|Seismic Toss|p1a: Ahah che scarso
|-damage|p1a: Ahah che scarso|81\/100
|
|turn|6
|choice||
|
|move|p2a: Chansey|Reflect|p2a: Chansey
|-start|p2a: Chansey|Reflect
|move|p1a: Ahah che scarso|Body Slam|p2a: Chansey
|-damage|p2a: Chansey|63\/100
|
|turn|7
|l|Lalaya
|choice||
|
|move|p2a: Chansey|Thunder Wave|p1a: Ahah che scarso
|-status|p1a: Ahah che scarso|par
|move|p1a: Ahah che scarso|Body Slam|p2a: Chansey
|-crit|p2a: Chansey
|-damage|p2a: Chansey|0 fnt
|faint|p2a: Chansey
|c|★marcoasd|dio mostro
|c|★Coti|srry
|choice||
|
|switch|p2a: Snorlax|Snorlax, M|100\/100
|turn|8
|c| L'Odiamo il Signor|beh coti non prendi 6-0
|c| L'Odiamo il Signor|mi sembra già tanto
|choice||
|
|move|p2a: Snorlax|Amnesia|p2a: Snorlax
|-boost|p2a: Snorlax|spd|2
|-boost|p2a: Snorlax|spa|2
|cant|p1a: Ahah che scarso|par
|
|turn|9
|choice||
|
|move|p2a: Snorlax|Blizzard|p1a: Ahah che scarso
|-damage|p1a: Ahah che scarso|48\/100 par
|move|p1a: Ahah che scarso|Self-Destruct|p2a: Snorlax
|-damage|p2a: Snorlax|16\/100
|faint|p1a: Ahah che scarso
|choice||
|
|switch|p1a: Non illuderti|Exeggutor|100\/100
|turn|10
|choice||
|
|switch|p2a: Jolteon|Jolteon, M|100\/100
|move|p1a: Non illuderti|Sleep Powder|p2a: Jolteon
|-status|p2a: Jolteon|slp
|
|turn|11
|c|★Coti|esatto <3
|choice||
|
|switch|p2a: Exeggutor|Exeggutor, M|100\/100
|move|p1a: Non illuderti|Stun Spore|p2a: Exeggutor
|-status|p2a: Exeggutor|par
|
|turn|12
|c|★Coti|ooo che predict sks
|choice||
|
|switch|p1a: Torratinche|Zapdos|100\/100
|move|p2a: Exeggutor|Psychic|p1a: Torratinche
|-damage|p1a: Torratinche|72\/100
|
|turn|13
|choice||
|
|switch|p2a: Jolteon|Jolteon, M|100\/100 slp
|move|p1a: Torratinche|Drill Peck|p2a: Jolteon
|-crit|p2a: Jolteon
|-resisted|p2a: Jolteon
|-damage|p2a: Jolteon|65\/100 slp
|
|turn|14
|j|Not Troller
|choice||
|
|cant|p2a: Jolteon|slp
|move|p1a: Torratinche|Drill Peck|p2a: Jolteon
|-resisted|p2a: Jolteon
|-damage|p2a: Jolteon|48\/100 slp
|
|turn|15
|choice||
|
|switch|p1a: Non illuderti|Exeggutor|100\/100
|cant|p2a: Jolteon|slp
|
|turn|16
|choice||
|
|switch|p2a: Exeggutor|Exeggutor, M|100\/100 par
|move|p1a: Non illuderti|Psychic|p2a: Exeggutor
|-crit|p2a: Exeggutor
|-resisted|p2a: Exeggutor
|-damage|p2a: Exeggutor|73\/100 par
|
|turn|17
|choice||
|
|move|p1a: Non illuderti|Psychic|p2a: Exeggutor
|-resisted|p2a: Exeggutor
|-damage|p2a: Exeggutor|61\/100 par
|move|p2a: Exeggutor|Sleep Powder|p1a: Non illuderti|[miss]
|-miss|p2a: Exeggutor
|
|turn|18
|choice||
|
|switch|p2a: Tauros|Tauros|100\/100
|move|p1a: Non illuderti|Explosion|p2a: Tauros
|-damage|p2a: Tauros|30\/100
|faint|p1a: Non illuderti
|choice||
|
|switch|p1a: Goodgame|Tauros|100\/100
|turn|19
|c|★marcoasd|non male veramente da manuale
|choice||
|
|switch|p2a: Slowbro|Slowbro, M|100\/100
|move|p1a: Goodgame|Body Slam|p2a: Slowbro
|-crit|p2a: Slowbro
|-damage|p2a: Slowbro|52\/100
|-status|p2a: Slowbro|par
|
|turn|20
|c|★marcoasd|dio lupo manaio
|choice||
|
|move|p1a: Goodgame|Hyper Beam|p2a: Slowbro
|-crit|p2a: Slowbro
|-damage|p2a: Slowbro|0 fnt
|faint|p2a: Slowbro
|c|★marcoasd|non è possibile una roba del genere
|c|★marcoasd|vergognatevi cazo
|choice||
|
|switch|p2a: Exeggutor|Exeggutor, M|61\/100 par
|turn|21
|c| Not Troller|marco tu sei statoil mio sensei
|c| L'Odiamo il Signor|obesità e percentuale di subire critici sono direttamente proporzionali del team di marcoasd
|c| Not Troller|mi hai passato i ferri
|c|★Coti|5 CRIT LOL
|c| Not Troller|e io li ho passati a lui
|choice||
|
|move|p1a: Goodgame|Blizzard|p2a: Exeggutor
|-supereffective|p2a: Exeggutor
|-damage|p2a: Exeggutor|30\/100 par
|move|p2a: Exeggutor|Sleep Powder|p1a: Goodgame
|-status|p1a: Goodgame|slp
|
|turn|22
|c|★marcoasd|abbiamo ancora
|c|★marcoasd|una tenue speranza
|choice||
|
|switch|p1a: Torratinche|Zapdos|72\/100
|move|p2a: Exeggutor|Explosion|p1a: Torratinche
|-damage|p1a: Torratinche|0 fnt
|faint|p1a: Torratinche
|faint|p2a: Exeggutor
|c|★marcoasd|zitto zitto
|c|★marcoasd|vinciamonoi
|choice||
|
|switch|p1a: Hai già perso|Alakazam|86\/100 par
|switch|p2a: Tauros|Tauros|30\/100
|turn|23
|choice||
|
|move|p2a: Tauros|Hyper Beam|p1a: Hai già perso
|-damage|p1a: Hai già perso|0 fnt
|faint|p1a: Hai già perso
|choice||
|
|switch|p1a: Devi l2p|Chansey|100\/100
|turn|24
|c|★marcoasd|e glielò buttatooo
|c| Not Troller|si ma coti ha perso lo sleeper sacca quel tauros
|c| Not Troller|non alakazam
|choice||
|
|switch|p2a: Snorlax|Snorlax, M|16\/100
|move|p1a: Devi l2p|Ice Beam|p2a: Snorlax
|-damage|p2a: Snorlax|0 fnt
|faint|p2a: Snorlax
|c|★Coti|ma kk provvederò
|choice||
|
|switch|p2a: Jolteon|Jolteon, M|48\/100 slp
|turn|25
|c|★marcoasd|sveja
|choice||
|
|-curestatus|p2a: Jolteon|slp
|move|p1a: Devi l2p|Blizzard|p2a: Jolteon
|-damage|p2a: Jolteon|21\/100
|
|turn|26
|c| Not Troller|cosè blizzard chansey
|choice||
|
|switch|p1a: Goodgame|Tauros|100\/100 slp
|move|p2a: Jolteon|Thunder Wave|p1a: Goodgame
|-fail|p1a: Goodgame
|
|turn|27
|c| Not Troller|ma non adesso
|choice||
|
|move|p2a: Jolteon|Thunderbolt|p1a: Goodgame
|-damage|p1a: Goodgame|58\/100 slp
|-curestatus|p1a: Goodgame|slp
|
|turn|28
|c| Not Troller|incredibile
|c|★marcoasd|madonna sbrodolona
|choice||
|
|move|p2a: Jolteon|Thunderbolt|p1a: Goodgame
|-damage|p1a: Goodgame|15\/100
|move|p1a: Goodgame|Earthquake|p2a: Jolteon
|-crit|p2a: Jolteon
|-supereffective|p2a: Jolteon
|-damage|p2a: Jolteon|0 fnt
|faint|p2a: Jolteon
|c|★marcoasd|ecco come succedono le disgrazie
|c| Not Troller|IPERAGGIO
|choice||
|
|switch|p2a: Tauros|Tauros|30\/100
|turn|29
|choice||
|
|move|p1a: Goodgame|Hyper Beam|p2a: Tauros
|-damage|p2a: Tauros|0 fnt
|faint|p2a: Tauros
|
|win|Coti
|player|p1
|player|p2
|c|★marcoasd|gg
|l|Not Troller
|c|★Coti|gg
|l|L'Odiamo il Signor
|l|marcoasd
|l|Laroxyl