|j|Sergy el Baron
|j|vvdfdvfvfv
|player|p1|Sergy el Baron|238
|player|p2|vvdfdvfvfv|265
|gametype|singles
|gen|1
|tier|[Gen 1] OU
|rated
|seed|
|rule|Sleep Clause Mod: Limit one foe put to sleep
|rule|Freeze Clause Mod: Limit one foe frozen
|rule|Species Clause: Limit one of each Pokémon
|rule|OHKO Clause: OHKO moves are banned
|rule|Evasion Moves Clause: Evasion moves are banned
|rule|HP Percentage Mod: HP is shown in percentages
|
|start
|switch|p1a: Barney|Slowbro|100\/100
|switch|p2a: Starmie|Starmie|100\/100
|turn|1
|choice||
|
|move|p2a: Starmie|Thunderbolt|p1a: Barney
|-supereffective|p1a: Barney
|-damage|p1a: Barney|53\/100
|move|p1a: Barney|Thunder Wave|p2a: Starmie
|-status|p2a: Starmie|par
|
|turn|2
|choice||
|
|move|p1a: Barney|Amnesia|p1a: Barney
|-boost|p1a: Barney|spd|2
|-boost|p1a: Barney|spa|2
|cant|p2a: Starmie|par
|
|turn|3
|choice||
|
|move|p1a: Barney|Amnesia|p1a: Barney
|-boost|p1a: Barney|spd|2
|-boost|p1a: Barney|spa|2
|move|p2a: Starmie|Thunderbolt|p1a: Barney
|-supereffective|p1a: Barney
|-damage|p1a: Barney|39\/100
|
|turn|4
|choice||
|
|move|p1a: Barney|Amnesia|p1a: Barney
|-boost|p1a: Barney|spd|2
|-boost|p1a: Barney|spa|2
|move|p2a: Starmie|Thunderbolt|p1a: Barney
|-supereffective|p1a: Barney
|-damage|p1a: Barney|27\/100
|
|turn|5
|choice||
|
|move|p1a: Barney|Rest|p1a: Barney
|-status|p1a: Barney|slp
|-heal|p1a: Barney|100\/100 slp|[silent]
|-status|p1a: Barney|slp|[from] move: Rest
|move|p2a: Starmie|Thunderbolt|p1a: Barney
|-crit|p1a: Barney
|-supereffective|p1a: Barney
|-damage|p1a: Barney|13\/100 slp
|
|turn|6
|choice||
|
|switch|p2a: Snorlax|Snorlax|100\/100
|cant|p1a: Barney|slp
|
|turn|7
|choice||
|
|move|p2a: Snorlax|Body Slam|p1a: Barney
|-damage|p1a: Barney|0 fnt
|faint|p1a: Barney
|choice||
|
|switch|p1a: Gordito|Snorlax|100\/100
|turn|8
|choice||
|
|move|p2a: Snorlax|Reflect|p2a: Snorlax
|-start|p2a: Snorlax|Reflect
|move|p1a: Gordito|Amnesia|p1a: Gordito
|-boost|p1a: Gordito|spd|2
|-boost|p1a: Gordito|spa|2
|
|turn|9
|choice||
|
|move|p2a: Snorlax|Body Slam|p1a: Gordito
|-damage|p1a: Gordito|74\/100
|move|p1a: Gordito|Amnesia|p1a: Gordito
|-boost|p1a: Gordito|spd|2
|-boost|p1a: Gordito|spa|2
|
|turn|10
|choice||
|
|move|p1a: Gordito|Amnesia|p1a: Gordito
|-boost|p1a: Gordito|spd|2
|-boost|p1a: Gordito|spa|2
|move|p2a: Snorlax|Amnesia|p2a: Snorlax
|-boost|p2a: Snorlax|spd|2
|-boost|p2a: Snorlax|spa|2
|
|turn|11
|choice||
|
|move|p2a: Snorlax|Body Slam|p1a: Gordito
|-damage|p1a: Gordito|48\/100
|move|p1a: Gordito|Ice Beam|p2a: Snorlax
|-damage|p2a: Snorlax|71\/100
|
|turn|12
|choice||
|
|move|p1a: Gordito|Rest|p1a: Gordito
|-status|p1a: Gordito|slp
|-heal|p1a: Gordito|100\/100 slp|[silent]
|-status|p1a: Gordito|slp|[from] move: Rest
|move|p2a: Snorlax|Body Slam|p1a: Gordito
|-damage|p1a: Gordito|74\/100 slp
|
|turn|13
|choice||
|
|switch|p2a: Rhydon|Rhydon|100\/100
|cant|p1a: Gordito|slp
|
|turn|14
|choice||
|
|move|p2a: Rhydon|Earthquake|p1a: Gordito
|-damage|p1a: Gordito|40\/100 slp
|-curestatus|p1a: Gordito|slp
|
|turn|15
|choice||
|
|move|p2a: Rhydon|Earthquake|p1a: Gordito
|-damage|p1a: Gordito|4\/100
|move|p1a: Gordito|Ice Beam|p2a: Rhydon
|-supereffective|p2a: Rhydon
|-damage|p2a: Rhydon|0 fnt
|faint|p2a: Rhydon
|choice||
|
|switch|p2a: Tauros|Tauros|100\/100
|turn|16
|choice||
|
|switch|p1a: Rhyno|Rhydon|100\/100
|move|p2a: Tauros|Body Slam|p1a: Rhyno
|-resisted|p1a: Rhyno
|-damage|p1a: Rhyno|90\/100
|
|turn|17
|choice||
|
|move|p2a: Tauros|Blizzard|p1a: Rhyno
|-supereffective|p1a: Rhyno
|-damage|p1a: Rhyno|29\/100
|move|p1a: Rhyno|Body Slam|p2a: Tauros
|-damage|p2a: Tauros|78\/100
|
|turn|18
|choice||
|
|switch|p1a: Chispas|Jolteon|100\/100
|move|p2a: Tauros|Earthquake|p1a: Chispas
|-supereffective|p1a: Chispas
|-damage|p1a: Chispas|37\/100
|
|turn|19
|choice||
|
|switch|p2a: Chansey|Chansey|100\/100
|move|p1a: Chispas|Thunder Wave|p2a: Chansey
|-status|p2a: Chansey|par
|
|turn|20
|choice||
|
|switch|p1a: Rhyno|Rhydon|29\/100
|move|p2a: Chansey|Seismic Toss|p1a: Rhyno
|-damage|p1a: Rhyno|5\/100
|
|turn|21
|choice||
|
|switch|p2a: Exeggutor|Exeggutor|100\/100
|move|p1a: Rhyno|Earthquake|p2a: Exeggutor
|-resisted|p2a: Exeggutor
|-damage|p2a: Exeggutor|80\/100
|
|turn|22
|choice||
|
|switch|p1a: Cocotero|Exeggutor|100\/100
|move|p2a: Exeggutor|Psychic|p1a: Cocotero
|-resisted|p1a: Cocotero
|-damage|p1a: Cocotero|87\/100
|-unboost|p1a: Cocotero|spd|1
|-unboost|p1a: Cocotero|spa|1
|
|turn|23
|choice||
|
|switch|p2a: Starmie|Starmie|100\/100 par
|move|p1a: Cocotero|Sleep Powder|p2a: Starmie
|-fail|p2a: Starmie
|
|turn|24
|choice||
|
|switch|p1a: Chispas|Jolteon|37\/100
|move|p2a: Starmie|Blizzard|p1a: Chispas
|-damage|p1a: Chispas|9\/100
|
|turn|25
|choice||
|
|switch|p2a: Chansey|Chansey|100\/100 par
|move|p1a: Chispas|Thunderbolt|p2a: Chansey
|-crit|p2a: Chansey
|-damage|p2a: Chansey|70\/100 par
|
|turn|26
|choice||
|
|move|p1a: Chispas|Body Slam|p2a: Chansey
|-damage|p2a: Chansey|51\/100 par
|move|p2a: Chansey|Soft-Boiled|p2a: Chansey
|-heal|p2a: Chansey|100\/100 par
|
|turn|27
|j|Piselly
|choice||
|
|move|p1a: Chispas|Body Slam|p2a: Chansey
|-damage|p2a: Chansey|81\/100 par
|move|p2a: Chansey|Seismic Toss|p1a: Chispas
|-damage|p1a: Chispas|0 fnt
|faint|p1a: Chispas
|choice||
|
|switch|p1a: Gordito|Snorlax|4\/100
|turn|28
|choice||
|
|switch|p2a: Tauros|Tauros|78\/100
|move|p1a: Gordito|Rest|p1a: Gordito
|-status|p1a: Gordito|slp
|-heal|p1a: Gordito|100\/100 slp|[silent]
|-status|p1a: Gordito|slp|[from] move: Rest
|
|turn|29
|choice||
|
|switch|p1a: Rhyno|Rhydon|5\/100
|move|p2a: Tauros|Body Slam|p1a: Rhyno
|-crit|p1a: Rhyno
|-resisted|p1a: Rhyno
|-damage|p1a: Rhyno|0 fnt
|faint|p1a: Rhyno
|choice||
|
|switch|p1a: Cocotero|Exeggutor|87\/100
|turn|30
|choice||
|
|switch|p2a: Starmie|Starmie|100\/100 par
|move|p1a: Cocotero|Stun Spore|p2a: Starmie|[miss]
|-miss|p1a: Cocotero
|
|turn|31
|choice||
|
|switch|p1a: Gordito|Snorlax|100\/100 slp
|cant|p2a: Starmie|par
|
|turn|32
|choice||
|
|switch|p2a: Tauros|Tauros|78\/100
|cant|p1a: Gordito|slp
|
|turn|33
|choice||
|
|move|p2a: Tauros|Body Slam|p1a: Gordito
|-damage|p1a: Gordito|74\/100 slp
|-curestatus|p1a: Gordito|slp
|
|turn|34
|choice||
|
|move|p2a: Tauros|Body Slam|p1a: Gordito
|-crit|p1a: Gordito
|-damage|p1a: Gordito|23\/100
|move|p1a: Gordito|Body Slam|p2a: Tauros
|-damage|p2a: Tauros|49\/100
|
|turn|35
|choice||
|
|switch|p1a: Cocotero|Exeggutor|87\/100
|move|p2a: Tauros|Body Slam|p1a: Cocotero
|-damage|p1a: Cocotero|58\/100
|
|turn|36
|choice||
|
|switch|p2a: Starmie|Starmie|100\/100 par
|move|p1a: Cocotero|Explosion|p2a: Starmie
|-damage|p2a: Starmie|14\/100 par
|faint|p1a: Cocotero
|choice||
|
|switch|p1a: Gordito|Snorlax|23\/100
|turn|37
|choice||
|
|switch|p2a: Tauros|Tauros|49\/100
|move|p1a: Gordito|Amnesia|p1a: Gordito
|-boost|p1a: Gordito|spd|2
|-boost|p1a: Gordito|spa|2
|
|turn|38
|choice||
|
|move|p2a: Tauros|Body Slam|p1a: Gordito
|-damage|p1a: Gordito|0 fnt
|faint|p1a: Gordito
|choice||
|
|switch|p1a: Chorizord|Charizard|100\/100
|turn|39
|choice||
|
|move|p2a: Tauros|Body Slam|p1a: Chorizord
|-damage|p1a: Chorizord|69\/100
|-status|p1a: Chorizord|par
|move|p1a: Chorizord|Fire Blast|p2a: Tauros|[miss]
|-miss|p1a: Chorizord
|
|turn|40
|choice||
|
|move|p2a: Tauros|Body Slam|p1a: Chorizord
|-damage|p1a: Chorizord|38\/100 par
|move|p1a: Chorizord|Fire Blast|p2a: Tauros
|-damage|p2a: Tauros|2\/100
|
|turn|41
|choice||
|
|move|p2a: Tauros|Body Slam|p1a: Chorizord
|-damage|p1a: Chorizord|8\/100 par
|move|p1a: Chorizord|Earthquake|p2a: Tauros
|-damage|p2a: Tauros|0 fnt
|faint|p2a: Tauros
|choice||
|
|switch|p2a: Exeggutor|Exeggutor|80\/100
|turn|42
|choice||
|
|move|p2a: Exeggutor|Psychic|p1a: Chorizord
|-damage|p1a: Chorizord|0 fnt
|faint|p1a: Chorizord
|
|win|vvdfdvfvfv
|player|p1
|player|p2
|c|★Sergy el Baron|hax
|c|★Sergy el Baron|bg
|raw|Sergy el Baron's rating: 1334 &rarr; <strong>1319<\/strong><br \/>(-15 for losing)
|raw|vvdfdvfvfv's rating: 1412 &rarr; <strong>1427<\/strong><br \/>(+15 for winning)
|c|★vvdfdvfvfv|gg
|l|Sergy el Baron
|c|★vvdfdvfvfv|easy won