|join|mrkool078
|join|aferret
|player|p1|mrkool078|101
|player|p2|aferret|2
|gametype|singles
|gen|1
|tier|[Gen 1] Random Battle
|rated
|rule|Sleep Clause Mod: Limit one foe put to sleep
|rule|Freeze Clause Mod: Limit one foe frozen
|rule|HP Percentage Mod: HP is shown in percentages
|
|start
|switch|p1a: Pidgeotto|Pidgeotto, L90|297\/297
|switch|p2a: Raichu|Raichu, L85|276\/276
|turn|1
|
|move|p2a: Raichu|Thunder Wave|p1a: Pidgeotto
|-status|p1a: Pidgeotto|par
|move|p1a: Pidgeotto|Sky Attack|p2a: Raichu|[still]
|-prepare|p1a: Pidgeotto|Sky Attack|p2a: Raichu
|
|turn|2
|
|move|p2a: Raichu|Thunder|p1a: Pidgeotto
|-crit|p1a: Pidgeotto
|-supereffective|p1a: Pidgeotto
|-damage|p1a: Pidgeotto|0 fnt
|faint|p1a: Pidgeotto
|
|switch|p1a: Lickitung|Lickitung, L90|345\/345
|turn|3
|
|move|p2a: Raichu|Thunder Wave|p1a: Lickitung
|-status|p1a: Lickitung|par
|move|p1a: Lickitung|Earthquake|p2a: Raichu
|-supereffective|p2a: Raichu
|-damage|p2a: Raichu|122\/276
|
|turn|4
|
|switch|p2a: Farfetch'd|Farfetch'd, L99|304\/304
|move|p1a: Lickitung|Earthquake|p2a: Farfetch'd
|-immune|p2a: Farfetch'd|[msg]
|
|turn|5
|
|move|p2a: Farfetch'd|Substitute|p2a: Farfetch'd
|-start|p2a: Farfetch'd|Substitute
|-damage|p2a: Farfetch'd|228\/304
|cant|p1a: Lickitung|par
|
|turn|6
|
|move|p2a: Farfetch'd|Slash|p1a: Lickitung
|-crit|p1a: Lickitung
|-damage|p1a: Lickitung|174\/345 par
|cant|p1a: Lickitung|par
|
|turn|7
|
|move|p2a: Farfetch'd|Slash|p1a: Lickitung
|-crit|p1a: Lickitung
|-damage|p1a: Lickitung|5\/345 par
|move|p1a: Lickitung|Body Slam|p2a: Farfetch'd
|-end|p2a: Farfetch'd|Substitute
|
|turn|8
|
|move|p2a: Farfetch'd|Slash|p1a: Lickitung
|-crit|p1a: Lickitung
|-damage|p1a: Lickitung|0 fnt
|faint|p1a: Lickitung
|
|switch|p1a: Mew|Mew, L74|300\/300
|turn|9
|
|move|p1a: Mew|Thunderbolt|p2a: Farfetch'd
|-supereffective|p2a: Farfetch'd
|-damage|p2a: Farfetch'd|106\/304
|move|p2a: Farfetch'd|Substitute|p2a: Farfetch'd
|-start|p2a: Farfetch'd|Substitute
|-damage|p2a: Farfetch'd|30\/304
|
|turn|10
|
|move|p1a: Mew|Thunderbolt|p2a: Farfetch'd
|-supereffective|p2a: Farfetch'd
|-end|p2a: Farfetch'd|Substitute
|move|p2a: Farfetch'd|Slash|p1a: Mew
|-crit|p1a: Mew
|-damage|p1a: Mew|148\/300
|
|turn|11
|
|switch|p2a: Sandshrew|Sandshrew, L96|291\/291
|move|p1a: Mew|Thunderbolt|p2a: Sandshrew
|-immune|p2a: Sandshrew|[msg]
|
|turn|12
|
|move|p1a: Mew|Horn Drill|p2a: Sandshrew|[miss]
|-miss|p1a: Mew
|move|p2a: Sandshrew|Earthquake|p1a: Mew
|-damage|p1a: Mew|32\/300
|
|turn|13
|
|move|p1a: Mew|Hyper Beam|p2a: Sandshrew
|-damage|p2a: Sandshrew|217\/291
|move|p2a: Sandshrew|Earthquake|p1a: Mew
|-damage|p1a: Mew|0 fnt
|faint|p1a: Mew
|
|switch|p1a: Poliwag|Poliwag, L96|272\/272
|turn|14
|
|move|p1a: Poliwag|Blizzard|p2a: Sandshrew
|-supereffective|p2a: Sandshrew
|-damage|p2a: Sandshrew|14\/291
|-status|p2a: Sandshrew|frz
|cant|p2a: Sandshrew|frz
|
|turn|15
|
|switch|p2a: Jynx|Jynx, L79|265\/265
|move|p1a: Poliwag|Blizzard|p2a: Jynx
|-resisted|p2a: Jynx
|-damage|p2a: Jynx|232\/265
|
|turn|16
|
|move|p1a: Poliwag|Hypnosis|p2a: Jynx|[miss]
|-miss|p1a: Poliwag
|move|p2a: Jynx|Psychic|p1a: Poliwag
|-damage|p1a: Poliwag|160\/272
|
|turn|17
|
|switch|p1a: Alakazam|Alakazam, L79|249\/249
|move|p2a: Jynx|Lovely Kiss|p1a: Alakazam
|-status|p1a: Alakazam|slp
|
|turn|18
|
|-curestatus|p1a: Alakazam|slp
|move|p2a: Jynx|Blizzard|p1a: Alakazam
|-damage|p1a: Alakazam|160\/249
|
|turn|19
|
|move|p1a: Alakazam|Thunder Wave|p2a: Jynx
|-status|p2a: Jynx|par
|move|p2a: Jynx|Mimic|p1a: Alakazam
|-start|p2a: Jynx|Mimic|Reflect
|
|turn|20
|
|move|p1a: Alakazam|Seismic Toss|p2a: Jynx
|-damage|p2a: Jynx|153\/265 par
|cant|p2a: Jynx|par
|
|turn|21
|
|move|p1a: Alakazam|Seismic Toss|p2a: Jynx
|-damage|p2a: Jynx|74\/265 par
|cant|p2a: Jynx|par
|
|turn|22
|
|move|p1a: Alakazam|Seismic Toss|p2a: Jynx
|-damage|p2a: Jynx|0 fnt
|faint|p2a: Jynx
|
|switch|p2a: Raichu|Raichu, L85|122\/276
|turn|23
|
|move|p1a: Alakazam|Psychic|p2a: Raichu
|-damage|p2a: Raichu|18\/276
|move|p2a: Raichu|Thunder|p1a: Alakazam
|-damage|p1a: Alakazam|54\/249
|-status|p1a: Alakazam|par
|
|turn|24
|
|move|p2a: Raichu|Thunder|p1a: Alakazam|[miss]
|-miss|p2a: Raichu
|move|p1a: Alakazam|Psychic|p2a: Raichu
|-damage|p2a: Raichu|0 fnt
|faint|p2a: Raichu
|
|switch|p2a: Wartortle|Wartortle, L85|274\/274
|turn|25
|
|move|p2a: Wartortle|Surf|p1a: Alakazam
|-damage|p1a: Alakazam|0 fnt
|faint|p1a: Alakazam
|
|switch|p1a: Poliwag|Poliwag, L96|160\/272
|turn|26
|
|move|p1a: Poliwag|Psychic|p2a: Wartortle
|-damage|p2a: Wartortle|214\/274
|move|p2a: Wartortle|Body Slam|p1a: Poliwag
|-damage|p1a: Poliwag|94\/272
|-status|p1a: Poliwag|par
|
|turn|27
|
|move|p2a: Wartortle|Body Slam|p1a: Poliwag
|-damage|p1a: Poliwag|29\/272 par
|move|p1a: Poliwag|Hypnosis|p2a: Wartortle
|-status|p2a: Wartortle|slp
|
|turn|28
|
|cant|p2a: Wartortle|slp
|move|p1a: Poliwag|Psychic|p2a: Wartortle
|-crit|p2a: Wartortle
|-damage|p2a: Wartortle|104\/274 slp
|
|turn|29
|
|cant|p2a: Wartortle|slp
|cant|p1a: Poliwag|par
|
|turn|30
|
|cant|p2a: Wartortle|slp
|move|p1a: Poliwag|Psychic|p2a: Wartortle
|-damage|p2a: Wartortle|44\/274 slp
|
|turn|31
|
|-curestatus|p2a: Wartortle|slp
|move|p1a: Poliwag|Psychic|p2a: Wartortle
|-crit|p2a: Wartortle
|-damage|p2a: Wartortle|0 fnt
|faint|p2a: Wartortle
|
|switch|p2a: Farfetch'd|Farfetch'd, L99|30\/304
|turn|32
|
|move|p2a: Farfetch'd|Slash|p1a: Poliwag
|-crit|p1a: Poliwag
|-damage|p1a: Poliwag|0 fnt
|faint|p1a: Poliwag
|
|switch|p1a: Flareon|Flareon, L90|300\/300
|turn|33
|
|move|p1a: Flareon|Quick Attack|p2a: Farfetch'd
|-damage|p2a: Farfetch'd|0 fnt
|faint|p2a: Farfetch'd
|
|switch|p2a: Sandshrew|Sandshrew, L96|14\/291 frz
|turn|34
|
|move|p1a: Flareon|Body Slam|p2a: Sandshrew
|-damage|p2a: Sandshrew|0 fnt
|faint|p2a: Sandshrew
|
|switch|p2a: Gengar|Gengar, L79|257\/257
|turn|35
|
|move|p2a: Gengar|Psychic|p1a: Flareon
|-damage|p1a: Flareon|241\/300
|move|p1a: Flareon|Fire Blast|p2a: Gengar
|-damage|p2a: Gengar|132\/257
|
|turn|36
|
|move|p2a: Gengar|Hypnosis|p1a: Flareon
|-status|p1a: Flareon|slp
|cant|p1a: Flareon|slp
|
|turn|37
|
|move|p2a: Gengar|Psychic|p1a: Flareon
|-damage|p1a: Flareon|189\/300 slp
|cant|p1a: Flareon|slp
|
|turn|38
|
|move|p2a: Gengar|Psychic|p1a: Flareon
|-damage|p1a: Flareon|137\/300 slp
|-unboost|p1a: Flareon|spd|1
|-unboost|p1a: Flareon|spa|1
|-curestatus|p1a: Flareon|slp
|
|turn|39
|
|move|p2a: Gengar|Hypnosis|p1a: Flareon
|-status|p1a: Flareon|slp
|-curestatus|p1a: Flareon|slp
|
|turn|40
|
|move|p2a: Gengar|Hypnosis|p1a: Flareon|[miss]
|-miss|p2a: Gengar
|move|p1a: Flareon|Fire Blast|p2a: Gengar
|-damage|p2a: Gengar|44\/257
|
|turn|41
|
|move|p2a: Gengar|Psychic|p1a: Flareon
|-damage|p1a: Flareon|53\/300
|-unboost|p1a: Flareon|spd|1
|-unboost|p1a: Flareon|spa|1
|move|p1a: Flareon|Fire Blast|p2a: Gengar
|-damage|p2a: Gengar|0 fnt
|faint|p2a: Gengar
|
|win|mrkool078
|raw|mrkool078's rating: 1000 &rarr; <strong>1040<\/strong><br \/>(+40 for winning)
|raw|aferret's rating: 1000 &rarr; <strong>1000<\/strong><br \/>(+0 for losing)