|join|Iguana Lee
|join|FailMoore
|player|p1|Iguana Lee|8
|player|p2|FailMoore|153
|gametype|singles
|gen|1
|tier|[Gen 1] Random Battle
|rated
|rule|Sleep Clause Mod: Limit one foe put to sleep
|rule|Freeze Clause Mod: Limit one foe frozen
|rule|HP Percentage Mod: HP is shown in percentages
|
|start
|switch|p1a: Flareon|Flareon, L85|284\/284
|switch|p2a: Scyther|Scyther, L85|293\/293
|turn|1
|
|switch|p2a: Kingler|Kingler, L85|267\/267
|move|p1a: Flareon|Fire Blast|p2a: Kingler
|-crit|p2a: Kingler
|-resisted|p2a: Kingler
|-damage|p2a: Kingler|91\/267
|
|turn|2
|
|move|p2a: Kingler|Crabhammer|p1a: Flareon
|-crit|p1a: Flareon
|-supereffective|p1a: Flareon
|-damage|p1a: Flareon|58\/284
|move|p1a: Flareon|Hyper Beam|p2a: Kingler
|-damage|p2a: Kingler|0 fnt
|faint|p2a: Kingler
|
|switch|p2a: Scyther|Scyther, L85|293\/293
|turn|3
|
|move|p1a: Flareon|Quick Attack|p2a: Scyther
|-damage|p2a: Scyther|257\/293
|move|p2a: Scyther|Slash|p1a: Flareon
|-crit|p1a: Flareon
|-damage|p1a: Flareon|0 fnt
|faint|p1a: Flareon
|
|switch|p1a: Lapras|Lapras, L79|367\/367
|turn|4
|
|move|p2a: Scyther|Hyper Beam|p1a: Lapras
|-damage|p1a: Lapras|240\/367
|move|p1a: Lapras|Thunderbolt|p2a: Scyther
|-supereffective|p2a: Scyther
|-damage|p2a: Scyther|115\/293
|
|turn|5
|-mustrecharge|p2a: Scyther
|-mustrecharge|p2a: Scyther
|
|cant|p2a: Scyther|recharge
|move|p1a: Lapras|Thunderbolt|p2a: Scyther
|-supereffective|p2a: Scyther
|-damage|p2a: Scyther|0 fnt
|faint|p2a: Scyther
|
|switch|p2a: Articuno|Articuno, L85|327\/327
|turn|6
|
|move|p2a: Articuno|Ice Beam|p1a: Lapras
|-crit|p1a: Lapras
|-resisted|p1a: Lapras
|-damage|p1a: Lapras|177\/367
|move|p1a: Lapras|Confuse Ray|p2a: Articuno
|-start|p2a: Articuno|confusion
|
|turn|7
|
|switch|p2a: Marowak|Marowak, L85|276\/276
|move|p1a: Lapras|Thunderbolt|p2a: Marowak
|-immune|p2a: Marowak|[msg]
|
|turn|8
|
|move|p1a: Lapras|Blizzard|p2a: Marowak
|-supereffective|p2a: Marowak
|-damage|p2a: Marowak|0 fnt
|faint|p2a: Marowak
|
|switch|p2a: Ivysaur|Ivysaur, L85|276\/276
|turn|9
|
|move|p2a: Ivysaur|Body Slam|p1a: Lapras
|-damage|p1a: Lapras|122\/367
|move|p1a: Lapras|Blizzard|p2a: Ivysaur
|-supereffective|p2a: Ivysaur
|-damage|p2a: Ivysaur|55\/276
|
|turn|10
|
|move|p2a: Ivysaur|Body Slam|p1a: Lapras
|-damage|p1a: Lapras|71\/367
|-status|p1a: Lapras|par
|cant|p1a: Lapras|par
|
|turn|11
|
|move|p2a: Ivysaur|Razor Leaf|p1a: Lapras
|-crit|p1a: Lapras
|-supereffective|p1a: Lapras
|-damage|p1a: Lapras|0 fnt
|faint|p1a: Lapras
|
|switch|p1a: Nidorina|Nidorina, L90|309\/309
|turn|12
|
|move|p1a: Nidorina|Body Slam|p2a: Ivysaur
|-crit|p2a: Ivysaur
|-damage|p2a: Ivysaur|0 fnt
|faint|p2a: Ivysaur
|
|switch|p2a: Articuno|Articuno, L85|327\/327
|turn|13
|
|move|p2a: Articuno|Blizzard|p1a: Nidorina|[miss]
|-miss|p2a: Articuno
|move|p1a: Nidorina|Thunder|p2a: Articuno
|-supereffective|p2a: Articuno
|-damage|p2a: Articuno|220\/327
|
|turn|14
|
|move|p2a: Articuno|Blizzard|p1a: Nidorina
|-damage|p1a: Nidorina|112\/309
|-status|p1a: Nidorina|frz
|cant|p1a: Nidorina|frz
|
|turn|15
|
|move|p2a: Articuno|Ice Beam|p1a: Nidorina
|-crit|p1a: Nidorina
|-damage|p1a: Nidorina|0 fnt
|faint|p1a: Nidorina
|
|switch|p1a: Charmander|Charmander, L96|270\/270
|turn|16
|
|move|p2a: Articuno|Blizzard|p1a: Charmander
|-damage|p1a: Charmander|90\/270
|move|p1a: Charmander|Seismic Toss|p2a: Articuno
|-damage|p2a: Articuno|124\/327
|
|turn|17
|
|move|p2a: Articuno|Ice Beam|p1a: Charmander
|-damage|p1a: Charmander|0 fnt
|faint|p1a: Charmander
|
|switch|p1a: Hitmonchan|Hitmonchan, L85|259\/259
|turn|18
|
|move|p2a: Articuno|Blizzard|p1a: Hitmonchan|[miss]
|-miss|p2a: Articuno
|move|p1a: Hitmonchan|Body Slam|p2a: Articuno
|-damage|p2a: Articuno|60\/327
|
|turn|19
|
|move|p2a: Articuno|Rest|p2a: Articuno
|-status|p2a: Articuno|slp
|-heal|p2a: Articuno|327\/327 slp|[silent]
|-status|p2a: Articuno|slp|[from] move: Rest
|move|p1a: Hitmonchan|Seismic Toss|p2a: Articuno
|-damage|p2a: Articuno|242\/327 slp
|
|turn|20
|
|cant|p2a: Articuno|slp
|move|p1a: Hitmonchan|Seismic Toss|p2a: Articuno
|-damage|p2a: Articuno|157\/327 slp
|
|turn|21
|
|switch|p1a: Porygon|Porygon, L85|284\/284
|cant|p2a: Articuno|slp
|-curestatus|p2a: Articuno|slp
|
|turn|22
|
|move|p2a: Articuno|Blizzard|p1a: Porygon
|-damage|p1a: Porygon|115\/284
|move|p1a: Porygon|Thunder Wave|p2a: Articuno
|-status|p2a: Articuno|par
|
|turn|23
|
|move|p1a: Porygon|Recover|p1a: Porygon
|-heal|p1a: Porygon|257\/284
|move|p2a: Articuno|Rest|p2a: Articuno
|-status|p2a: Articuno|slp
|-heal|p2a: Articuno|327\/327 slp|[silent]
|-status|p2a: Articuno|slp|[from] move: Rest
|
|turn|24
|
|move|p1a: Porygon|Thunderbolt|p2a: Articuno
|-supereffective|p2a: Articuno
|-damage|p2a: Articuno|242\/327 slp
|cant|p2a: Articuno|slp
|
|turn|25
|
|move|p1a: Porygon|Thunderbolt|p2a: Articuno
|-supereffective|p2a: Articuno
|-damage|p2a: Articuno|151\/327 slp
|cant|p2a: Articuno|slp
|-curestatus|p2a: Articuno|slp
|
|turn|26
|
|move|p1a: Porygon|Thunder Wave|p2a: Articuno
|-status|p2a: Articuno|par
|move|p2a: Articuno|Blizzard|p1a: Porygon
|-damage|p1a: Porygon|99\/284
|
|turn|27
|
|move|p1a: Porygon|Recover|p1a: Porygon
|-heal|p1a: Porygon|241\/284
|cant|p2a: Articuno|par
|
|turn|28
|
|move|p1a: Porygon|Thunderbolt|p2a: Articuno
|-supereffective|p2a: Articuno
|-damage|p2a: Articuno|54\/327 par
|move|p2a: Articuno|Rest|p2a: Articuno
|-status|p2a: Articuno|slp
|-heal|p2a: Articuno|327\/327 slp|[silent]
|-status|p2a: Articuno|slp|[from] move: Rest
|
|turn|29
|
|switch|p2a: Kakuna|Kakuna, L99|290\/290
|move|p1a: Porygon|Thunderbolt|p2a: Kakuna
|-damage|p2a: Kakuna|198\/290
|
|turn|30
|
|move|p2a: Kakuna|Poison Sting|p1a: Porygon
|-damage|p1a: Porygon|227\/284
|move|p1a: Porygon|Thunder Wave|p2a: Kakuna
|-status|p2a: Kakuna|par
|
|turn|31
|
|move|p1a: Porygon|Thunderbolt|p2a: Kakuna
|-crit|p2a: Kakuna
|-damage|p2a: Kakuna|10\/290 par
|move|p2a: Kakuna|Poison Sting|p1a: Porygon
|-damage|p1a: Porygon|213\/284
|
|turn|32
|
|move|p1a: Porygon|Thunderbolt|p2a: Kakuna
|-damage|p2a: Kakuna|0 fnt
|faint|p2a: Kakuna
|
|switch|p2a: Articuno|Articuno, L85|327\/327 slp
|turn|33
|
|cant|p2a: Articuno|slp
|move|p1a: Porygon|Thunderbolt|p2a: Articuno
|-supereffective|p2a: Articuno
|-damage|p2a: Articuno|237\/327 slp
|
|turn|34
|
|cant|p2a: Articuno|slp
|-curestatus|p2a: Articuno|slp
|move|p1a: Porygon|Thunderbolt|p2a: Articuno
|-supereffective|p2a: Articuno
|-damage|p2a: Articuno|141\/327
|
|turn|35
|
|move|p2a: Articuno|Ice Beam|p1a: Porygon
|-crit|p1a: Porygon
|-damage|p1a: Porygon|0 fnt
|faint|p1a: Porygon
|
|switch|p1a: Hitmonchan|Hitmonchan, L85|259\/259
|turn|36
|
|move|p2a: Articuno|Blizzard|p1a: Hitmonchan
|-damage|p1a: Hitmonchan|0 fnt
|faint|p1a: Hitmonchan
|
|win|FailMoore
|raw|Ladder updating...
|raw|Iguana Lee's rating: 1183 &rarr; <strong>1152<\/strong><br \/>(-31 for losing)
|raw|FailMoore's rating: 1104 &rarr; <strong>1134<\/strong><br \/>(+30 for winning)
|c|★Iguana Lee|whoa
|c|★FailMoore|gg
|c|★Iguana Lee|gg
|c|★FailMoore|That was a sick battle.
|leave|Iguana Lee
|player|p1