|join|Giju
|join|gen1masterrony
|player|p1|Giju|163
|player|p2|gen1masterrony|163
|gametype|singles
|gen|1
|tier|[Gen 1] OU (beta)
|rated
|rule|Sleep Clause Mod: Limit one foe put to sleep
|rule|Species Clause: Limit one of each Pokémon
|rule|OHKO Clause: OHKO moves are banned
|rule|Evasion Moves Clause: Evasion moves are banned
|rule|HP Percentage Mod: HP is shown in percentages
|
|start
|switch|p1a: Jynx|Jynx|333\/333
|switch|p2a: Jynx|Jynx|333\/333
|turn|1
|
|move|p2a: Jynx|Lovely Kiss|p1a: Jynx
|-status|p1a: Jynx|slp
|cant|p1a: Jynx|slp
|
|turn|2
|
|switch|p1a: Hypno|Hypno|373\/373
|move|p2a: Jynx|Psychic|p1a: Hypno
|-resisted|p1a: Hypno
|-damage|p1a: Hypno|326\/373
|
|turn|3
|
|switch|p2a: Hypno|Hypno|373\/373
|move|p1a: Hypno|Thunder Wave|p2a: Hypno
|-status|p2a: Hypno|par
|
|turn|4
|
|switch|p1a: Tauros|Tauros|353\/353
|cant|p2a: Hypno|par
|
|turn|5
|
|move|p1a: Tauros|Body Slam|p2a: Hypno
|-damage|p2a: Hypno|239\/373 par
|move|p2a: Hypno|Thunder Wave|p1a: Tauros
|-status|p1a: Tauros|par
|
|turn|6
|
|move|p1a: Tauros|Hyper Beam|p2a: Hypno
|-damage|p2a: Hypno|30\/373 par
|cant|p2a: Hypno|par
|
|turn|7
|
|cant|p1a: Tauros|recharge
|move|p2a: Hypno|Psychic|p1a: Tauros
|-damage|p1a: Tauros|212\/353 par
|
|turn|8
|
|move|p1a: Tauros|Body Slam|p2a: Hypno
|-damage|p2a: Hypno|0 fnt
|faint|p2a: Hypno
|
|switch|p2a: Alakazam|Alakazam|313\/313
|turn|9
|
|move|p2a: Alakazam|Reflect|p2a: Alakazam
|move|p1a: Tauros|Body Slam|p2a: Alakazam
|-crit|p2a: Alakazam
|-damage|p2a: Alakazam|166\/313
|
|turn|10
|
|move|p2a: Alakazam|Psychic|p1a: Tauros
|-damage|p1a: Tauros|50\/353 par
|move|p1a: Tauros|Body Slam|p2a: Alakazam
|-crit|p2a: Alakazam
|-damage|p2a: Alakazam|8\/313
|-status|p2a: Alakazam|par
|
|turn|11
|
|switch|p1a: Persian|Persian|333\/333
|move|p2a: Alakazam|Recover|p2a: Alakazam
|-heal|p2a: Alakazam|164\/313 par
|
|turn|12
|
|move|p1a: Persian|Slash|p2a: Alakazam
|-crit|p2a: Alakazam
|-damage|p2a: Alakazam|63\/313 par
|cant|p2a: Alakazam|par
|
|turn|13
|
|move|p1a: Persian|Slash|p2a: Alakazam
|-crit|p2a: Alakazam
|-damage|p2a: Alakazam|0 fnt
|faint|p2a: Alakazam
|
|switch|p2a: Starmie|Starmie|323\/323
|turn|14
|
|switch|p1a: Hypno|Hypno|326\/373
|move|p2a: Starmie|Thunder Wave|p1a: Hypno
|-status|p1a: Hypno|par
|
|turn|15
|
|switch|p2a: Jynx|Jynx|333\/333
|move|p1a: Hypno|Thunder Wave|p2a: Jynx
|-status|p2a: Jynx|par
|
|turn|16
|
|move|p2a: Jynx|Blizzard|p1a: Hypno
|-damage|p1a: Hypno|210\/373 par
|move|p1a: Hypno|Headbutt|p2a: Jynx
|-crit|p2a: Jynx
|-damage|p2a: Jynx|172\/333 par
|
|turn|17
|
|move|p2a: Jynx|Blizzard|p1a: Hypno
|-damage|p1a: Hypno|90\/373 par
|move|p1a: Hypno|Headbutt|p2a: Jynx
|-damage|p2a: Jynx|88\/333 par
|
|turn|18
|
|move|p2a: Jynx|Blizzard|p1a: Hypno
|-damage|p1a: Hypno|0 fnt
|faint|p1a: Hypno
|
|switch|p1a: Golem|Golem|363\/363
|turn|19
|
|move|p1a: Golem|Body Slam|p2a: Jynx
|-damage|p2a: Jynx|0 fnt
|faint|p2a: Jynx
|
|switch|p2a: Starmie|Starmie|323\/323
|turn|20
|
|switch|p1a: Starmie|Starmie|323\/323
|move|p2a: Starmie|Blizzard|p1a: Starmie
|-resisted|p1a: Starmie
|-damage|p1a: Starmie|277\/323
|
|turn|21
|
|move|p1a: Starmie|Thunder Wave|p2a: Starmie
|-status|p2a: Starmie|par
|move|p2a: Starmie|Thunder Wave|p1a: Starmie
|-status|p1a: Starmie|par
|
|turn|22
|
|move|p2a: Starmie|Thunderbolt|p1a: Starmie
|-supereffective|p1a: Starmie
|-damage|p1a: Starmie|125\/323 par
|move|p1a: Starmie|Thunderbolt|p2a: Starmie
|-supereffective|p2a: Starmie
|-damage|p2a: Starmie|166\/323 par
|
|turn|23
|
|switch|p1a: Golem|Golem|363\/363
|move|p2a: Starmie|Thunderbolt|p1a: Golem
|-immune|p1a: Golem|[msg]
|
|turn|24
|
|move|p1a: Golem|Earthquake|p2a: Starmie
|-damage|p2a: Starmie|20\/323 par
|move|p2a: Starmie|Blizzard|p1a: Golem
|-supereffective|p1a: Golem
|-damage|p1a: Golem|80\/363
|
|turn|25
|
|move|p1a: Golem|Body Slam|p2a: Starmie
|-damage|p2a: Starmie|0 fnt
|faint|p2a: Starmie
|
|switch|p2a: Exeggutor|Exeggutor|393\/393
|turn|26
|
|move|p2a: Exeggutor|Mega Drain|p1a: Golem
|-supereffective|p1a: Golem
|-damage|p1a: Golem|0 fnt
|faint|p1a: Golem
|
|switch|p1a: Jynx|Jynx|333\/333 slp
|turn|27
|
|switch|p2a: Tauros|Tauros|353\/353
|cant|p1a: Jynx|slp
|
|turn|28
|
|move|p2a: Tauros|Body Slam|p1a: Jynx
|-damage|p1a: Jynx|166\/333 slp
|cant|p1a: Jynx|slp
|
|turn|29
|
|move|p2a: Tauros|Body Slam|p1a: Jynx
|-damage|p1a: Jynx|0 fnt
|faint|p1a: Jynx
|
|switch|p1a: Persian|Persian|333\/333
|turn|30
|
|move|p1a: Persian|Slash|p2a: Tauros
|-crit|p2a: Tauros
|-damage|p2a: Tauros|220\/353
|move|p2a: Tauros|Body Slam|p1a: Persian
|-damage|p1a: Persian|205\/333
|-status|p1a: Persian|par
|
|turn|31
|
|move|p2a: Tauros|Body Slam|p1a: Persian
|-damage|p1a: Persian|74\/333 par
|move|p1a: Persian|Hyper Beam|p2a: Tauros
|-damage|p2a: Tauros|82\/353
|
|turn|32
|
|move|p2a: Tauros|Body Slam|p1a: Persian
|-damage|p1a: Persian|0 fnt
|faint|p1a: Persian
|
|switch|p1a: Starmie|Starmie|125\/323 par
|turn|33
|
|move|p2a: Tauros|Hyper Beam|p1a: Starmie|[miss]
|-miss|p2a: Tauros
|move|p1a: Starmie|Recover|p1a: Starmie
|-heal|p1a: Starmie|286\/323 par
|
|turn|34
|
|move|p2a: Tauros|Body Slam|p1a: Starmie
|-damage|p1a: Starmie|168\/323 par
|move|p1a: Starmie|Blizzard|p2a: Tauros
|-damage|p2a: Tauros|0 fnt
|faint|p2a: Tauros
|
|switch|p2a: Exeggutor|Exeggutor|393\/393
|turn|35
|c|★gen1masterrony|luck
|
|move|p2a: Exeggutor|Mega Drain|p1a: Starmie
|-supereffective|p1a: Starmie
|-damage|p1a: Starmie|59\/323 par
|move|p1a: Starmie|Recover|p1a: Starmie
|-heal|p1a: Starmie|220\/323 par
|
|turn|36
|
|move|p2a: Exeggutor|Mega Drain|p1a: Starmie
|-supereffective|p1a: Starmie
|-damage|p1a: Starmie|108\/323 par
|move|p1a: Starmie|Thunder Wave|p2a: Exeggutor
|-status|p2a: Exeggutor|par
|
|turn|37
|
|move|p1a: Starmie|Recover|p1a: Starmie
|-heal|p1a: Starmie|269\/323 par
|move|p2a: Exeggutor|Mega Drain|p1a: Starmie
|-supereffective|p1a: Starmie
|-damage|p1a: Starmie|150\/323 par
|
|turn|38
|
|cant|p1a: Starmie|par
|cant|p2a: Exeggutor|par
|
|turn|39
|
|move|p1a: Starmie|Blizzard|p2a: Exeggutor
|-supereffective|p2a: Exeggutor
|-damage|p2a: Exeggutor|226\/393 par
|move|p2a: Exeggutor|Psychic|p1a: Starmie
|-resisted|p1a: Starmie
|-damage|p1a: Starmie|88\/323 par
|
|turn|40
|
|cant|p1a: Starmie|par
|move|p2a: Exeggutor|Mega Drain|p1a: Starmie
|-crit|p1a: Starmie
|-supereffective|p1a: Starmie
|-damage|p1a: Starmie|0 fnt
|-heal|p2a: Exeggutor|270\/393 par|[from] drain|[of] p1a: Starmie
|faint|p1a: Starmie
|
|switch|p1a: Tauros|Tauros|50\/353 par
|turn|41
|
|move|p1a: Tauros|Hyper Beam|p2a: Exeggutor
|-damage|p2a: Exeggutor|77\/393 par
|move|p2a: Exeggutor|Explosion|p1a: Tauros
|-damage|p1a: Tauros|0 fnt
|faint|p1a: Tauros
|faint|p2a: Exeggutor
|
|win|gen1masterrony
|raw|Ladder updating...
|raw|Giju's rating: 1174 &rarr; <strong>1142<\/strong><br \/>(-32 for losing)
|raw|gen1masterrony's rating: 1085 &rarr; <strong>1119<\/strong><br \/>(+34 for winning)
|c|★Giju|you either
|c|★gen1masterrony|no 
|c|★gen1masterrony|fuck urself  girl
|c|★gen1masterrony|boy
|c|★Giju|XD