|join|teh Moron
|join|kid gf lol
|player|p1|teh Moron|275
|player|p2|kid gf lol|167
|gametype|singles
|gen|1
|tier|[Gen 1] OU (beta)
|rated
|rule|Sleep Clause Mod: Limit one foe put to sleep
|rule|Species Clause: Limit one of each Pokemon
|rule|OHKO Clause: OHKO moves are banned
|rule|Moody Clause: Moody is banned
|rule|Evasion Moves Clause: Evasion moves are banned
|rule|Endless Battle Clause: Forcing endless battles is banned.
|rule|HP Percentage Mod: HP is reported as percentages
|
|start
|switch|p1a: Alakazam|Alakazam|313\/313
|switch|p2a: Illuminatti|Starmie|323\/323
|turn|1
|callback|decision
|chat|kid gf lol|sup
|chat|teh Moron|yo
|
|switch|p1a: Chansey|Chansey|703\/703
|move|p2a: Illuminatti|Thunder Wave|p1a: Chansey
|-status|p1a: Chansey|par
|
|turn|2
|callback|decision
|
|switch|p2a: Breakfast Pouch|Chansey|703\/703
|move|p1a: Chansey|Ice Beam|p2a: Breakfast Pouch
|-damage|p2a: Breakfast Pouch|626\/703
|
|turn|3
|callback|decision
|
|switch|p2a: Illuminatti|Starmie|323\/323
|move|p1a: Chansey|Ice Beam|p2a: Illuminatti
|-resisted|p2a: Illuminatti
|-damage|p2a: Illuminatti|282\/323
|
|turn|4
|callback|decision
|
|switch|p2a: Breakfast Pouch|Chansey|626\/703
|move|p1a: Chansey|Ice Beam|p2a: Breakfast Pouch
|-damage|p2a: Breakfast Pouch|554\/703
|
|turn|5
|callback|decision
|
|switch|p2a: Illuminatti|Starmie|282\/323
|move|p1a: Chansey|Ice Beam|p2a: Illuminatti
|-resisted|p2a: Illuminatti
|-damage|p2a: Illuminatti|240\/323
|-status|p2a: Illuminatti|frz
|
|turn|6
|callback|decision
|chat|kid gf lol|l
|
|cant|p2a: Illuminatti|frz
|move|p1a: Chansey|Thunderbolt|p2a: Illuminatti
|-supereffective|p2a: Illuminatti
|-damage|p2a: Illuminatti|81\/323 frz
|
|turn|7
|callback|decision
|
|cant|p2a: Illuminatti|frz
|move|p1a: Chansey|Thunderbolt|p2a: Illuminatti
|-supereffective|p2a: Illuminatti
|-damage|p2a: Illuminatti|0 fnt
|faint|p2a: Illuminatti
|
|callback|decision
|
|switch|p2a: Future Steak|Tauros|353\/353
|turn|8
|callback|decision
|
|switch|p1a: Cloyster|Cloyster|303\/303
|move|p2a: Future Steak|Body Slam|p1a: Cloyster
|-damage|p1a: Cloyster|231\/303
|
|turn|9
|callback|decision
|
|move|p2a: Future Steak|Earthquake|p1a: Cloyster
|-damage|p1a: Cloyster|179\/303
|move|p1a: Cloyster|Explosion|p2a: Future Steak
|-damage|p2a: Future Steak|92\/353
|faint|p1a: Cloyster
|callback|decision
|
|switch|p1a: Alakazam|Alakazam|313\/313
|turn|10
|callback|decision
|
|switch|p2a: Result of Incest|Exeggutor|393\/393
|move|p1a: Alakazam|Psychic|p2a: Result of Incest
|-crit|p2a: Result of Incest
|-resisted|p2a: Result of Incest
|-damage|p2a: Result of Incest|282\/393
|-unboost|p2a: Result of Incest|spd|1
|-unboost|p2a: Result of Incest|spa|1
|
|turn|11
|callback|decision
|
|switch|p1a: Chansey|Chansey|703\/703 par
|move|p2a: Result of Incest|Stun Spore|p1a: Chansey
|-fail|p1a: Chansey|par
|
|turn|12
|callback|decision
|
|move|p2a: Result of Incest|Psychic|p1a: Chansey
|-damage|p1a: Chansey|625\/703 par
|move|p1a: Chansey|Thunder Wave|p2a: Result of Incest
|-status|p2a: Result of Incest|par
|
|turn|13
|callback|decision
|
|switch|p2a: Crossdresing Racis|Jynx|333\/333
|switch|p1a: Dragonite|Dragonite|385\/385
|
|turn|14
|callback|decision
|
|switch|p1a: Chansey|Chansey|625\/703 par
|move|p2a: Crossdresing Racis|Blizzard|p1a: Chansey
|-damage|p1a: Chansey|499\/703 par
|
|turn|15
|callback|decision
|
|move|p2a: Crossdresing Racis|Psychic|p1a: Chansey
|-damage|p1a: Chansey|402\/703 par
|move|p1a: Chansey|Ice Beam|p2a: Crossdresing Racis
|-resisted|p2a: Crossdresing Racis
|-damage|p2a: Crossdresing Racis|297\/333
|
|turn|16
|callback|decision
|
|move|p2a: Crossdresing Racis|Psychic|p1a: Chansey
|-damage|p1a: Chansey|306\/703 par
|move|p1a: Chansey|Soft-Boiled|p1a: Chansey
|-heal|p1a: Chansey|657\/703 par
|
|turn|17
|callback|decision
|
|move|p2a: Crossdresing Racis|Psychic|p1a: Chansey
|-crit|p1a: Chansey
|-damage|p1a: Chansey|465\/703 par
|-unboost|p1a: Chansey|spd|1
|-unboost|p1a: Chansey|spa|1
|move|p1a: Chansey|Thunder Wave|p2a: Crossdresing Racis
|-status|p2a: Crossdresing Racis|par
|
|turn|18
|callback|decision
|
|switch|p1a: Alakazam|Alakazam|313\/313
|move|p2a: Crossdresing Racis|Psychic|p1a: Alakazam
|-resisted|p1a: Alakazam
|-damage|p1a: Alakazam|272\/313
|-unboost|p1a: Alakazam|spd|1
|-unboost|p1a: Alakazam|spa|1
|
|turn|19
|callback|decision
|
|switch|p1a: Chansey|Chansey|465\/703 par
|move|p2a: Crossdresing Racis|Lovely Kiss|p1a: Chansey|[miss]
|-miss|p2a: Crossdresing Racis
|
|turn|20
|callback|decision
|
|move|p2a: Crossdresing Racis|Psychic|p1a: Chansey
|-damage|p1a: Chansey|360\/703 par
|move|p1a: Chansey|Thunderbolt|p2a: Crossdresing Racis
|-damage|p2a: Crossdresing Racis|214\/333 par
|
|turn|21
|callback|decision
|
|cant|p2a: Crossdresing Racis|par
|move|p1a: Chansey|Soft-Boiled|p1a: Chansey
|-heal|p1a: Chansey|703\/703 par
|
|turn|22
|callback|decision
|
|switch|p2a: TNT|Golem|363\/363
|switch|p1a: Snorlax|Snorlax|523\/523
|
|turn|23
|callback|decision
|
|move|p2a: TNT|Body Slam|p1a: Snorlax
|-damage|p1a: Snorlax|432\/523
|move|p1a: Snorlax|Earthquake|p2a: TNT
|-supereffective|p2a: TNT
|-damage|p2a: TNT|228\/363
|
|turn|24
|callback|decision
|
|switch|p2a: Result of Incest|Exeggutor|282\/393 par
|move|p1a: Snorlax|Earthquake|p2a: Result of Incest
|-crit|p2a: Result of Incest
|-resisted|p2a: Result of Incest
|-damage|p2a: Result of Incest|184\/393 par
|
|turn|25
|callback|decision
|
|move|p1a: Snorlax|Hyper Beam|p2a: Result of Incest
|-damage|p2a: Result of Incest|0 fnt
|faint|p2a: Result of Incest
|
|callback|decision
|
|switch|p2a: Breakfast Pouch|Chansey|554\/703
|turn|26
|callback|decision
|
|switch|p1a: Chansey|Chansey|703\/703 par
|move|p2a: Breakfast Pouch|Ice Beam|p1a: Chansey
|-damage|p1a: Chansey|634\/703 par
|
|turn|27
|callback|decision
|
|move|p2a: Breakfast Pouch|Ice Beam|p1a: Chansey
|-damage|p1a: Chansey|559\/703 par
|move|p1a: Chansey|Ice Beam|p2a: Breakfast Pouch
|-damage|p2a: Breakfast Pouch|481\/703
|
|turn|28
|callback|decision
|
|move|p2a: Breakfast Pouch|Ice Beam|p1a: Chansey
|-crit|p1a: Chansey
|-damage|p1a: Chansey|422\/703 par
|move|p1a: Chansey|Thunder Wave|p2a: Breakfast Pouch
|-status|p2a: Breakfast Pouch|par
|
|turn|29
|callback|decision
|
|move|p2a: Breakfast Pouch|Thunder Wave|p1a: Chansey
|-fail|p1a: Chansey|par
|move|p1a: Chansey|Soft-Boiled|p1a: Chansey
|-heal|p1a: Chansey|703\/703 par
|
|turn|30
|callback|decision
|
|switch|p1a: Snorlax|Snorlax|432\/523
|cant|p2a: Breakfast Pouch|par
|
|turn|31
|callback|decision
|
|move|p1a: Snorlax|Earthquake|p2a: Breakfast Pouch
|-damage|p2a: Breakfast Pouch|237\/703 par
|move|p2a: Breakfast Pouch|Counter|p1a: Snorlax
|-fail|p2a: Breakfast Pouch
|
|turn|32
|callback|decision
|
|switch|p2a: TNT|Golem|228\/363
|move|p1a: Snorlax|Earthquake|p2a: TNT
|-supereffective|p2a: TNT
|-damage|p2a: TNT|86\/363
|
|turn|33
|callback|decision
|chat|teh Moron|nice try tho
|
|move|p2a: TNT|Explosion|p1a: Snorlax
|-damage|p1a: Snorlax|72\/523
|faint|p2a: TNT
|callback|decision
|
|switch|p2a: Crossdresing Racis|Jynx|214\/333 par
|turn|34
|callback|decision
|
|move|p1a: Snorlax|Hyper Beam|p2a: Crossdresing Racis
|-damage|p2a: Crossdresing Racis|0 fnt
|faint|p2a: Crossdresing Racis
|
|callback|decision
|
|switch|p2a: Future Steak|Tauros|92\/353
|turn|35
|callback|decision
|
|switch|p1a: Tauros|Tauros|353\/353
|move|p2a: Future Steak|Body Slam|p1a: Tauros
|-damage|p1a: Tauros|246\/353
|
|turn|36
|callback|decision
|
|move|p1a: Tauros|Body Slam|p2a: Future Steak
|-damage|p2a: Future Steak|0 fnt
|faint|p2a: Future Steak
|
|callback|decision
|
|switch|p2a: Breakfast Pouch|Chansey|237\/703 par
|turn|37
|callback|decision
|
|move|p1a: Tauros|Body Slam|p2a: Breakfast Pouch
|-crit|p2a: Breakfast Pouch
|-damage|p2a: Breakfast Pouch|0 fnt
|faint|p2a: Breakfast Pouch
|
|win|teh Moron
|raw|Ladder updating...
|raw|teh Moron's rating: 1243 &rarr; <strong>1268<\/strong><br \/>(+25 for winning)
|raw|kid gf lol's rating: 1244 &rarr; <strong>1219<\/strong><br \/>(-25 for losing)
|chat|teh Moron|gg