|j|Judo
|j|Rosabel
|player|p1|Judo|70
|player|p2|Rosabel|79
|gametype|singles
|gen|1
|tier|[Gen 1] OU
|seed|
|rule|Sleep Clause Mod: Limit one foe put to sleep
|rule|Freeze Clause Mod: Limit one foe frozen
|rule|Species Clause: Limit one of each Pokémon
|rule|OHKO Clause: OHKO moves are banned
|rule|Evasion Moves Clause: Evasion moves are banned
|rule|HP Percentage Mod: HP is shown in percentages
|
|start
|switch|p1a: CANT TOUCH KHAAMO|Gengar|100\/100
|switch|p2a: Slowbro|Slowbro|100\/100
|turn|1
|choice||
|
|switch|p2a: Jolteon|Jolteon|100\/100
|move|p1a: CANT TOUCH KHAAMO|Hypnosis|p2a: Jolteon|[miss]
|-miss|p1a: CANT TOUCH KHAAMO
|
|turn|2
|choice||
|
|switch|p1a: LORD BOYT BAE|Golem|100\/100
|move|p2a: Jolteon|Thunder Wave|p1a: LORD BOYT BAE
|-immune|p1a: LORD BOYT BAE|[msg]
|
|turn|3
|choice||
|
|switch|p2a: Charizard|Charizard|100\/100
|move|p1a: LORD BOYT BAE|Rock Slide|p2a: Charizard|[miss]
|-miss|p1a: LORD BOYT BAE
|
|turn|4
|choice||
|
|move|p2a: Charizard|Fire Spin|p1a: LORD BOYT BAE
|-resisted|p1a: LORD BOYT BAE
|-damage|p1a: LORD BOYT BAE|97\/100
|cant|p1a: LORD BOYT BAE|partiallytrapped
|
|turn|5
|choice||
|
|move|p2a: Charizard|Fire Spin|p1a: LORD BOYT BAE|[from]Fire Spin
|-damage|p1a: LORD BOYT BAE|94\/100
|cant|p1a: LORD BOYT BAE|partiallytrapped
|
|turn|6
|choice||
|
|move|p2a: Charizard|Fire Spin|p1a: LORD BOYT BAE|[from]Fire Spin
|-damage|p1a: LORD BOYT BAE|91\/100
|cant|p1a: LORD BOYT BAE|partiallytrapped
|
|turn|7
|choice||
|
|move|p2a: Charizard|Fire Spin|p1a: LORD BOYT BAE|[from]Fire Spin
|-damage|p1a: LORD BOYT BAE|88\/100
|cant|p1a: LORD BOYT BAE|partiallytrapped
|
|turn|8
|choice||
|
|move|p2a: Charizard|Fire Spin|p1a: LORD BOYT BAE|[from]Fire Spin
|-damage|p1a: LORD BOYT BAE|85\/100
|cant|p1a: LORD BOYT BAE|partiallytrapped
|
|turn|9
|choice||
|
|switch|p2a: Golem|Golem|100\/100
|move|p1a: LORD BOYT BAE|Rock Slide|p2a: Golem
|-resisted|p2a: Golem
|-damage|p2a: Golem|89\/100
|
|turn|10
|c|★Rosabel|fire spin 2broken
|choice||
|
|switch|p1a: GYMNMONS2PRO|Dragonite|100\/100
|move|p2a: Golem|Body Slam|p1a: GYMNMONS2PRO
|-damage|p1a: GYMNMONS2PRO|83\/100
|
|turn|11
|c|★Judo|was just going to take it till it missed
|j|ah di das
|choice||
|
|move|p1a: GYMNMONS2PRO|Blizzard|p2a: Golem|[miss]
|-miss|p1a: GYMNMONS2PRO
|move|p2a: Golem|Rock Slide|p1a: GYMNMONS2PRO
|-supereffective|p1a: GYMNMONS2PRO
|-damage|p1a: GYMNMONS2PRO|30\/100
|
|turn|12
|l|ah di das
|choice||
|
|move|p1a: GYMNMONS2PRO|Blizzard|p2a: Golem
|-supereffective|p2a: Golem
|-damage|p2a: Golem|15\/100
|move|p2a: Golem|Body Slam|p1a: GYMNMONS2PRO
|-damage|p1a: GYMNMONS2PRO|10\/100
|
|turn|13
|choice||
|
|switch|p2a: Charizard|Charizard|100\/100
|move|p1a: GYMNMONS2PRO|Blizzard|p2a: Charizard
|-supereffective|p2a: Charizard
|-damage|p2a: Charizard|46\/100
|
|turn|14
|c|★Rosabel|wow
|c|★Rosabel|even for charizard that's a huge chunk of health
|c|★Judo|fire doesn't resist ice in gen 1
|choice||
|
|switch|p1a: LORD BOYT BAE|Golem|85\/100
|move|p2a: Charizard|Fire Spin|p1a: LORD BOYT BAE
|-resisted|p1a: LORD BOYT BAE
|-damage|p1a: LORD BOYT BAE|82\/100
|
|turn|15
|choice||
|
|switch|p2a: Golem|Golem|15\/100
|cant|p1a: LORD BOYT BAE|partiallytrapped
|
|turn|16
|choice||
|
|move|p1a: LORD BOYT BAE|Earthquake|p2a: Golem
|-crit|p2a: Golem
|-supereffective|p2a: Golem
|-damage|p2a: Golem|0 fnt
|faint|p2a: Golem
|c|★Rosabel|,
|c|★Rosabel|gad dam
|choice||
|
|switch|p2a: Dragonite|Dragonite|100\/100
|turn|17
|choice||
|
|move|p2a: Dragonite|Blizzard|p1a: LORD BOYT BAE
|-supereffective|p1a: LORD BOYT BAE
|-damage|p1a: LORD BOYT BAE|9\/100
|move|p1a: LORD BOYT BAE|Rock Slide|p2a: Dragonite
|-supereffective|p2a: Dragonite
|-damage|p2a: Dragonite|52\/100
|
|turn|18
|c|★Rosabel|playing this suddenly makes me want my red\/blue to come faster tho
|choice||
|
|move|p2a: Dragonite|Wrap|p1a: LORD BOYT BAE
|-resisted|p1a: LORD BOYT BAE
|-damage|p1a: LORD BOYT BAE|8\/100
|cant|p1a: LORD BOYT BAE|partiallytrapped
|
|turn|19
|choice||
|
|move|p2a: Dragonite|Wrap|p1a: LORD BOYT BAE|[from]Wrap
|-damage|p1a: LORD BOYT BAE|6\/100
|cant|p1a: LORD BOYT BAE|partiallytrapped
|
|turn|20
|choice||
|
|switch|p1a: JANOMI4LYF|Alakazam|100\/100
|move|p2a: Dragonite|Wrap|p1a: JANOMI4LYF
|-damage|p1a: JANOMI4LYF|93\/100
|
|turn|21
|choice||
|
|switch|p2a: Slowbro|Slowbro|100\/100
|cant|p1a: JANOMI4LYF|partiallytrapped
|
|turn|22
|choice||
|
|switch|p1a: PET SHIVVERS ILY|Chansey|100\/100
|move|p2a: Slowbro|Amnesia|p2a: Slowbro
|-boost|p2a: Slowbro|spd|2
|-boost|p2a: Slowbro|spa|2
|
|turn|23
|choice||
|
|switch|p2a: Jolteon|Jolteon|100\/100
|move|p1a: PET SHIVVERS ILY|Ice Beam|p2a: Jolteon
|-damage|p2a: Jolteon|78\/100
|
|turn|24
|choice||
|
|move|p2a: Jolteon|Thunder Wave|p1a: PET SHIVVERS ILY
|-status|p1a: PET SHIVVERS ILY|par
|move|p1a: PET SHIVVERS ILY|Thunder Wave|p2a: Jolteon
|-status|p2a: Jolteon|par
|
|turn|25
|choice||
|
|move|p2a: Jolteon|Thunderbolt|p1a: PET SHIVVERS ILY
|-damage|p1a: PET SHIVVERS ILY|85\/100 par
|cant|p1a: PET SHIVVERS ILY|par
|
|turn|26
|choice||
|
|switch|p2a: Charizard|Charizard|46\/100
|cant|p1a: PET SHIVVERS ILY|par
|
|turn|27
|choice||
|
|move|p2a: Charizard|Swords Dance|p2a: Charizard
|-boost|p2a: Charizard|atk|2
|move|p1a: PET SHIVVERS ILY|Thunder Wave|p2a: Charizard
|-status|p2a: Charizard|par
|
|turn|28
|choice||
|
|cant|p2a: Charizard|par
|cant|p1a: PET SHIVVERS ILY|par
|
|turn|29
|choice||
|
|move|p2a: Charizard|Body Slam|p1a: PET SHIVVERS ILY
|-damage|p1a: PET SHIVVERS ILY|37\/100 par
|move|p1a: PET SHIVVERS ILY|Reflect|p1a: PET SHIVVERS ILY
|-start|p1a: PET SHIVVERS ILY|Reflect
|
|turn|30
|choice||
|
|move|p2a: Charizard|Swords Dance|p2a: Charizard
|-boost|p2a: Charizard|atk|2
|move|p1a: PET SHIVVERS ILY|Soft-Boiled|p1a: PET SHIVVERS ILY
|-heal|p1a: PET SHIVVERS ILY|87\/100 par
|
|turn|31
|c|★Rosabel|>armor
|choice||
|
|move|p2a: Charizard|Body Slam|p1a: PET SHIVVERS ILY
|-crit|p1a: PET SHIVVERS ILY
|-damage|p1a: PET SHIVVERS ILY|38\/100 par
|cant|p1a: PET SHIVVERS ILY|par
|
|turn|32
|choice||
|
|move|p2a: Charizard|Body Slam|p1a: PET SHIVVERS ILY
|-damage|p1a: PET SHIVVERS ILY|3\/100 par
|move|p1a: PET SHIVVERS ILY|Soft-Boiled|p1a: PET SHIVVERS ILY
|-heal|p1a: PET SHIVVERS ILY|53\/100 par
|
|turn|33
|choice||
|
|move|p2a: Charizard|Body Slam|p1a: PET SHIVVERS ILY
|-damage|p1a: PET SHIVVERS ILY|17\/100 par
|cant|p1a: PET SHIVVERS ILY|par
|
|turn|34
|c|★Rosabel|gad dam
|choice||
|
|move|p2a: Charizard|Body Slam|p1a: PET SHIVVERS ILY
|-damage|p1a: PET SHIVVERS ILY|0 fnt
|faint|p1a: PET SHIVVERS ILY
|choice||
|
|switch|p1a: LORD BOYT BAE|Golem|6\/100
|turn|35
|choice||
|
|move|p1a: LORD BOYT BAE|Explosion|p2a: Charizard
|-damage|p2a: Charizard|0 fnt
|faint|p2a: Charizard
|faint|p1a: LORD BOYT BAE
|choice||
|
|switch|p2a: Jolteon|Jolteon|78\/100 par
|switch|p1a: CANT TOUCH KHAAMO|Gengar|100\/100
|turn|36
|choice||
|
|move|p1a: CANT TOUCH KHAAMO|Psychic|p2a: Jolteon
|-damage|p2a: Jolteon|53\/100 par
|-unboost|p2a: Jolteon|spd|1
|-unboost|p2a: Jolteon|spa|1
|move|p2a: Jolteon|Thunder Wave|p1a: CANT TOUCH KHAAMO
|-status|p1a: CANT TOUCH KHAAMO|par
|
|turn|37
|choice||
|
|move|p1a: CANT TOUCH KHAAMO|Psychic|p2a: Jolteon
|-crit|p2a: Jolteon
|-damage|p2a: Jolteon|9\/100 par
|-unboost|p2a: Jolteon|spd|1
|-unboost|p2a: Jolteon|spa|1
|move|p2a: Jolteon|Thunderbolt|p1a: CANT TOUCH KHAAMO
|-damage|p1a: CANT TOUCH KHAAMO|85\/100 par
|
|turn|38
|c|★Rosabel|i just realized
|c|★Rosabel|Spc drops are potentially broken
|choice||
|
|move|p1a: CANT TOUCH KHAAMO|Psychic|p2a: Jolteon
|-damage|p2a: Jolteon|0 fnt
|faint|p2a: Jolteon
|choice||
|
|switch|p2a: Dragonite|Dragonite|52\/100
|turn|39
|c|★Judo|as they lower attack as well?
|c|★Rosabel|y
|choice||
|
|move|p2a: Dragonite|Fire Blast|p1a: CANT TOUCH KHAAMO
|-damage|p1a: CANT TOUCH KHAAMO|62\/100 par
|move|p1a: CANT TOUCH KHAAMO|Psychic|p2a: Dragonite
|-damage|p2a: Dragonite|31\/100
|-unboost|p2a: Dragonite|spd|1
|-unboost|p2a: Dragonite|spa|1
|
|turn|40
|choice||
|
|move|p2a: Dragonite|Blizzard|p1a: CANT TOUCH KHAAMO
|-crit|p1a: CANT TOUCH KHAAMO
|-damage|p1a: CANT TOUCH KHAAMO|18\/100 par
|move|p1a: CANT TOUCH KHAAMO|Psychic|p2a: Dragonite
|-damage|p2a: Dragonite|0 fnt
|faint|p2a: Dragonite
|choice||
|
|switch|p2a: Alakazam|Alakazam|100\/100
|turn|41
|c|★Judo|which why amnesia is gen1 geomancy
|choice||
|
|move|p2a: Alakazam|Psychic|p1a: CANT TOUCH KHAAMO
|-supereffective|p1a: CANT TOUCH KHAAMO
|-damage|p1a: CANT TOUCH KHAAMO|0 fnt
|faint|p1a: CANT TOUCH KHAAMO
|c|★Rosabel|sigh
|c|★Rosabel|i'm sitting over here
|c|★Rosabel|doing homework
|c|★Rosabel|while i reset for Celebi
|choice||
|
|switch|p1a: JANOMI4LYF|Alakazam|93\/100
|turn|42
|choice||
|
|move|p1a: JANOMI4LYF|Thunder Wave|p2a: Alakazam
|-status|p2a: Alakazam|par
|cant|p2a: Alakazam|par
|
|turn|43
|choice||
|
|move|p1a: JANOMI4LYF|Psychic|p2a: Alakazam
|-resisted|p2a: Alakazam
|-damage|p2a: Alakazam|85\/100 par
|-unboost|p2a: Alakazam|spd|1
|-unboost|p2a: Alakazam|spa|1
|cant|p2a: Alakazam|par
|
|turn|44
|choice||
|
|move|p1a: JANOMI4LYF|Psychic|p2a: Alakazam
|-resisted|p2a: Alakazam
|-damage|p2a: Alakazam|58\/100 par
|-unboost|p2a: Alakazam|spd|1
|-unboost|p2a: Alakazam|spa|1
|move|p2a: Alakazam|Thunder Wave|p1a: JANOMI4LYF
|-status|p1a: JANOMI4LYF|par
|
|turn|45
|choice||
|
|switch|p2a: Slowbro|Slowbro|100\/100
|cant|p1a: JANOMI4LYF|par
|
|turn|46
|choice||
|
|move|p2a: Slowbro|Amnesia|p2a: Slowbro
|-boost|p2a: Slowbro|spd|2
|-boost|p2a: Slowbro|spa|2
|move|p1a: JANOMI4LYF|Thunder Wave|p2a: Slowbro
|-status|p2a: Slowbro|par
|
|turn|47
|choice||
|
|move|p2a: Slowbro|Amnesia|p2a: Slowbro
|-boost|p2a: Slowbro|spd|2
|-boost|p2a: Slowbro|spa|2
|move|p1a: JANOMI4LYF|Psychic|p2a: Slowbro
|-resisted|p2a: Slowbro
|-damage|p2a: Slowbro|94\/100 par
|
|turn|48
|choice||
|
|move|p2a: Slowbro|Ice Beam|p1a: JANOMI4LYF
|-damage|p1a: JANOMI4LYF|48\/100 par
|move|p1a: JANOMI4LYF|Psychic|p2a: Slowbro
|-crit|p2a: Slowbro
|-resisted|p2a: Slowbro
|-damage|p2a: Slowbro|53\/100 par
|
|turn|49
|choice||
|
|move|p2a: Slowbro|Rest|p2a: Slowbro
|-status|p2a: Slowbro|slp
|-heal|p2a: Slowbro|100\/100 slp|[silent]
|-status|p2a: Slowbro|slp|[from] move: Rest
|move|p1a: JANOMI4LYF|Psychic|p2a: Slowbro
|-resisted|p2a: Slowbro
|-damage|p2a: Slowbro|94\/100 slp
|-unboost|p2a: Slowbro|spd|1
|-unboost|p2a: Slowbro|spa|1
|
|turn|50
|choice||
|
|switch|p1a: RESK RAWR <3|Persian|100\/100
|cant|p2a: Slowbro|slp
|
|turn|51
|choice||
|
|move|p1a: RESK RAWR <3|Screech|p2a: Slowbro
|-unboost|p2a: Slowbro|def|2
|-curestatus|p2a: Slowbro|slp
|
|turn|52
|c|★Rosabel|wow
|c|★Rosabel|gen1 mechanics
|choice||
|
|switch|p2a: Alakazam|Alakazam|58\/100 par
|move|p1a: RESK RAWR <3|Screech|p2a: Alakazam
|-unboost|p2a: Alakazam|def|2
|
|turn|53
|j|rip kana
|c|★Rosabel|you take an entire turn to wake up?
|choice||
|
|move|p1a: RESK RAWR <3|Slash|p2a: Alakazam
|-crit|p2a: Alakazam
|-damage|p2a: Alakazam|0 fnt
|faint|p2a: Alakazam
|choice||
|
|switch|p2a: Slowbro|Slowbro|94\/100
|turn|54
|choice||
|
|move|p1a: RESK RAWR <3|Screech|p2a: Slowbro
|-unboost|p2a: Slowbro|def|2
|move|p2a: Slowbro|Reflect|p2a: Slowbro
|-start|p2a: Slowbro|Reflect
|
|turn|55
|l|rip kana
|choice||
|
|move|p1a: RESK RAWR <3|Screech|p2a: Slowbro
|-unboost|p2a: Slowbro|def|2
|move|p2a: Slowbro|Amnesia|p2a: Slowbro
|-boost|p2a: Slowbro|spd|2
|-boost|p2a: Slowbro|spa|2
|
|turn|56
|choice||
|
|move|p1a: RESK RAWR <3|Screech|p2a: Slowbro
|-unboost|p2a: Slowbro|def|2
|move|p2a: Slowbro|Ice Beam|p1a: RESK RAWR <3
|-damage|p1a: RESK RAWR <3|48\/100
|
|turn|57
|choice||
|
|move|p1a: RESK RAWR <3|Hyper Beam|p2a: Slowbro
|-damage|p2a: Slowbro|28\/100
|move|p2a: Slowbro|Ice Beam|p1a: RESK RAWR <3
|-damage|p1a: RESK RAWR <3|0 fnt
|faint|p1a: RESK RAWR <3
|choice||
|
|switch|p1a: GYMNMONS2PRO|Dragonite|10\/100
|turn|58
|choice||
|
|move|p1a: GYMNMONS2PRO|Hyper Beam|p2a: Slowbro
|-crit|p2a: Slowbro
|-damage|p2a: Slowbro|0 fnt
|faint|p2a: Slowbro
|
|win|Judo
|player|p1
|player|p2