|j|stryxx
|j|OVO6Woes
|player|p1|stryxx|184
|player|p2|OVO6Woes|162
|gametype|singles
|gen|1
|tier|[Gen 1] Random Battle
|rated
|seed|48970,30748,30888,59707
|rule|Sleep Clause Mod: Limit one foe put to sleep
|rule|Freeze Clause Mod: Limit one foe frozen
|rule|HP Percentage Mod: HP is shown in percentages
|
|start
|switch|p1a: Magneton|Magneton, L90|273\/273
|switch|p2a: Vulpix|Vulpix, L96|268\/268
|turn|1
|choice|move 4|move 1
|
|move|p2a: Vulpix|Fire Blast|p1a: Magneton
|-damage|p1a: Magneton|171\/273
|move|p1a: Magneton|Thunder Wave|p2a: Vulpix
|-status|p2a: Vulpix|par
|
|turn|2
|choice|move 1|move 3
|
|move|p1a: Magneton|Thunderbolt|p2a: Vulpix
|-damage|p2a: Vulpix|137\/268 par
|move|p2a: Vulpix|Confuse Ray|p1a: Magneton
|-start|p1a: Magneton|confusion
|
|turn|3
|choice|switch 2|move 1
|
|switch|p1a: Magmar|Magmar, L90|300\/300
|cant|p2a: Vulpix|par
|
|turn|4
|choice|move 1|move 2
|
|move|p1a: Magmar|Hyper Beam|p2a: Vulpix
|-damage|p2a: Vulpix|0 fnt
|faint|p2a: Vulpix
|choice||switch 3
|
|switch|p2a: Cloyster|Cloyster, L83|253\/253
|turn|5
|choice|switch 2|move 1
|
|switch|p1a: Magneton|Magneton, L90|171\/273
|move|p2a: Cloyster|Surf|p1a: Magneton
|-damage|p1a: Magneton|103\/273
|
|turn|6
|choice|move 1|switch 2
|
|switch|p2a: Caterpie|Caterpie, L99|290\/290
|move|p1a: Magneton|Thunderbolt|p2a: Caterpie
|-damage|p2a: Caterpie|68\/290
|-status|p2a: Caterpie|par
|
|turn|7
|choice|move 1|move 2
|
|move|p1a: Magneton|Thunderbolt|p2a: Caterpie
|-damage|p2a: Caterpie|0 fnt
|faint|p2a: Caterpie
|choice||switch 4
|
|switch|p2a: Mewtwo|Mewtwo, L70|293\/293
|turn|8
|choice|move 4|move 1
|
|move|p2a: Mewtwo|Psychic|p1a: Magneton
|-crit|p1a: Magneton
|-damage|p1a: Magneton|0 fnt
|faint|p1a: Magneton
|choice|switch 2|
|
|switch|p1a: Magmar|Magmar, L90|300\/300
|turn|9
|choice|move 3|move 1
|
|move|p1a: Magmar|Confuse Ray|p2a: Mewtwo
|-start|p2a: Mewtwo|confusion
|-activate|p2a: Mewtwo|confusion
|move|p2a: Mewtwo|Psychic|p1a: Magmar
|-crit|p1a: Magmar
|-damage|p1a: Magmar|127\/300
|
|turn|10
|choice|move 1|switch 2
|
|switch|p2a: Cloyster|Cloyster, L83|253\/253
|move|p1a: Magmar|Hyper Beam|p2a: Cloyster
|-damage|p2a: Cloyster|178\/253
|
|turn|11
|-mustrecharge|p1a: Magmar
|-mustrecharge|p1a: Magmar
|choice|move 1|move 1
|
|cant|p1a: Magmar|recharge
|move|p2a: Cloyster|Surf|p1a: Magmar
|-supereffective|p1a: Magmar
|-damage|p1a: Magmar|0 fnt
|faint|p1a: Magmar
|choice|switch 5|
|
|switch|p1a: Alakazam|Alakazam, L79|249\/249
|turn|12
|choice|move 1|move 4
|
|move|p1a: Alakazam|Psychic|p2a: Cloyster|[miss]
|-miss|p1a: Alakazam
|move|p2a: Cloyster|Explosion|p1a: Alakazam
|-damage|p1a: Alakazam|0 fnt
|faint|p1a: Alakazam
|faint|p2a: Cloyster
|choice|switch 6|switch 2
|
|switch|p2a: Mewtwo|Mewtwo, L70|293\/293
|switch|p1a: Lickitung|Lickitung, L90|345\/345
|turn|13
|choice|move 2|move 1
|
|move|p2a: Mewtwo|Psychic|p1a: Lickitung
|-damage|p1a: Lickitung|241\/345
|move|p1a: Lickitung|Body Slam|p2a: Mewtwo
|-damage|p2a: Mewtwo|209\/293
|
|turn|14
|choice|move 4|move 1
|
|move|p2a: Mewtwo|Psychic|p1a: Lickitung
|-crit|p1a: Lickitung
|-damage|p1a: Lickitung|18\/345
|move|p1a: Lickitung|Swords Dance|p1a: Lickitung
|-boost|p1a: Lickitung|atk|2
|
|turn|15
|choice|move 3|move 1
|
|move|p2a: Mewtwo|Psychic|p1a: Lickitung
|-damage|p1a: Lickitung|0 fnt
|faint|p1a: Lickitung
|choice|switch 4|
|
|switch|p1a: Articuno|Articuno, L79|304\/304
|turn|16
|choice|move 2|move 3
|
|move|p2a: Mewtwo|Thunderbolt|p1a: Articuno
|-crit|p1a: Articuno
|-supereffective|p1a: Articuno
|-damage|p1a: Articuno|95\/304
|-status|p1a: Articuno|par
|move|p1a: Articuno|Blizzard|p2a: Mewtwo
|-damage|p2a: Mewtwo|96\/293
|
|turn|17
|choice|move 2|move 3
|
|move|p2a: Mewtwo|Thunderbolt|p1a: Articuno
|-supereffective|p1a: Articuno
|-damage|p1a: Articuno|0 fnt
|faint|p1a: Articuno
|choice|switch 3|
|
|switch|p1a: Fearow|Fearow, L90|300\/300
|turn|18
|choice|move 1|move 2
|
|move|p1a: Fearow|Hyper Beam|p2a: Mewtwo
|-damage|p2a: Mewtwo|0 fnt
|faint|p2a: Mewtwo
|choice||switch 5
|
|switch|p2a: Snorlax|Snorlax, L79|415\/415
|turn|19
|choice|move 4|move 4
|
|move|p1a: Fearow|Drill Peck|p2a: Snorlax
|-crit|p2a: Snorlax
|-damage|p2a: Snorlax|181\/415
|move|p2a: Snorlax|Blizzard|p1a: Fearow
|-supereffective|p1a: Fearow
|-damage|p1a: Fearow|156\/300
|
|turn|20
|choice|move 1|switch 6
|
|switch|p2a: Mew|Mew, L74|300\/300
|move|p1a: Fearow|Hyper Beam|p2a: Mew
|-damage|p2a: Mew|110\/300
|
|turn|21
|-mustrecharge|p1a: Fearow
|-mustrecharge|p1a: Fearow
|choice|move 1|move 1
|
|cant|p1a: Fearow|recharge
|move|p2a: Mew|Thunderbolt|p1a: Fearow
|-supereffective|p1a: Fearow
|-damage|p1a: Fearow|35\/300
|
|turn|22
|choice|move 1|move 1
|
|move|p1a: Fearow|Hyper Beam|p2a: Mew
|-damage|p2a: Mew|0 fnt
|faint|p2a: Mew
|choice||switch 6
|
|switch|p2a: Snorlax|Snorlax, L79|181\/415
|turn|23
|choice|move 1|move 4
|
|move|p1a: Fearow|Hyper Beam|p2a: Snorlax
|-damage|p2a: Snorlax|0 fnt
|faint|p2a: Snorlax
|
|win|stryxx
|raw|stryxx's rating: 1172 &rarr; <strong>1192<\/strong><br \/>(+20 for winning)
|raw|OVO6Woes's rating: 1100 &rarr; <strong>1080<\/strong><br \/>(-20 for losing)
|l|OVO6Woes
|player|p2