|join|RorionRorion
|join|MALESANI
|player|p1|RorionRorion|12
|player|p2|MALESANI|238
|gametype|singles
|gen|1
|tier|[Gen 1] Random Battle
|rated
|seed|8746,22704,17670,25850
|rule|Sleep Clause Mod: Limit one foe put to sleep
|rule|Freeze Clause Mod: Limit one foe frozen
|rule|HP Percentage Mod: HP is shown in percentages
|
|start
|switch|p1a: Raichu|Raichu, L85|276\/276
|switch|p2a: Gloom|Gloom, L90|291\/291
|turn|1
|choice|move 3|move 1
|
|move|p1a: Raichu|Thunder Wave|p2a: Gloom
|-status|p2a: Gloom|par
|move|p2a: Gloom|Sleep Powder|p1a: Raichu
|-status|p1a: Raichu|slp
|
|turn|2
|choice|move 2|move 2
|
|cant|p1a: Raichu|slp
|move|p2a: Gloom|Swords Dance|p2a: Gloom
|-boost|p2a: Gloom|atk|2
|
|turn|3
|choice|move 2|move 3
|
|-curestatus|p1a: Raichu|slp
|move|p2a: Gloom|Double-Edge|p1a: Raichu
|-damage|p1a: Raichu|104\/276
|-damage|p2a: Gloom|248\/291 par|[from] recoil|[of] p1a: Raichu
|
|turn|4
|choice|move 4|move 3
|
|move|p1a: Raichu|Thunderbolt|p2a: Gloom
|-resisted|p2a: Gloom
|-damage|p2a: Gloom|202\/291 par
|cant|p2a: Gloom|par
|
|turn|5
|choice|move 4|move 3
|
|move|p1a: Raichu|Thunderbolt|p2a: Gloom
|-resisted|p2a: Gloom
|-damage|p2a: Gloom|156\/291 par
|move|p2a: Gloom|Double-Edge|p1a: Raichu
|-damage|p1a: Raichu|0 fnt
|-damage|p2a: Gloom|130\/291 par|[from] recoil|[of] p1a: Raichu
|faint|p1a: Raichu
|choice|switch 5|
|
|switch|p1a: Charmeleon|Charmeleon, L85|272\/272
|turn|6
|choice|move 1|move 3
|
|move|p1a: Charmeleon|Fire Blast|p2a: Gloom
|-supereffective|p2a: Gloom
|-damage|p2a: Gloom|0 fnt
|faint|p2a: Gloom
|choice||switch 3
|
|switch|p2a: Raichu|Raichu, L85|276\/276
|turn|7
|choice|switch 4|move 1
|
|switch|p1a: Dragonair|Dragonair, L85|277\/277
|move|p2a: Raichu|Surf|p1a: Dragonair
|-resisted|p1a: Dragonair
|-damage|p1a: Dragonair|239\/277
|
|turn|8
|choice|move 2|switch 2
|
|switch|p2a: Ekans|Ekans, L96|262\/262
|move|p1a: Dragonair|Thunder Wave|p2a: Ekans
|-status|p2a: Ekans|par
|
|turn|9
|choice|move 3|move 2
|
|move|p1a: Dragonair|Thunderbolt|p2a: Ekans
|-damage|p2a: Ekans|190\/262 par
|move|p2a: Ekans|Earthquake|p1a: Dragonair
|-damage|p1a: Dragonair|160\/277
|
|turn|10
|choice|move 3|move 2
|
|move|p1a: Dragonair|Thunderbolt|p2a: Ekans
|-damage|p2a: Ekans|115\/262 par
|move|p2a: Ekans|Earthquake|p1a: Dragonair
|-damage|p1a: Dragonair|74\/277
|
|turn|11
|choice|move 3|move 2
|
|move|p1a: Dragonair|Thunderbolt|p2a: Ekans
|-damage|p2a: Ekans|40\/262 par
|cant|p2a: Ekans|par
|
|turn|12
|choice|move 3|move 2
|
|move|p1a: Dragonair|Thunderbolt|p2a: Ekans|[miss]
|-miss|p1a: Dragonair
|move|p2a: Ekans|Earthquake|p1a: Dragonair
|-damage|p1a: Dragonair|0 fnt
|faint|p1a: Dragonair
|choice|switch 2|
|
|switch|p1a: Mankey|Mankey, L96|272\/272
|turn|13
|choice|move 1|move 1
|
|move|p1a: Mankey|Body Slam|p2a: Ekans
|-damage|p2a: Ekans|0 fnt
|faint|p2a: Ekans
|choice||switch 5
|
|switch|p2a: Kingler|Kingler, L85|267\/267
|turn|14
|choice|move 2|move 1
|
|move|p1a: Mankey|Mega Kick|p2a: Kingler|[miss]
|-miss|p1a: Mankey
|move|p2a: Kingler|Crabhammer|p1a: Mankey|[miss]
|-miss|p2a: Kingler
|
|turn|15
|choice|move 2|move 1
|
|move|p1a: Mankey|Mega Kick|p2a: Kingler
|-damage|p2a: Kingler|184\/267
|move|p2a: Kingler|Crabhammer|p1a: Mankey
|-crit|p1a: Mankey
|-damage|p1a: Mankey|81\/272
|
|turn|16
|choice|move 4|move 2
|
|move|p1a: Mankey|Submission|p2a: Kingler
|-damage|p2a: Kingler|107\/267
|-damage|p1a: Mankey|62\/272|[from] recoil|[of] p2a: Kingler
|move|p2a: Kingler|Body Slam|p1a: Mankey
|-damage|p1a: Mankey|0 fnt
|faint|p1a: Mankey
|choice|switch 3|
|
|switch|p1a: Wigglytuff|Wigglytuff, L90|435\/435
|turn|17
|choice|move 3|move 1
|
|move|p2a: Kingler|Crabhammer|p1a: Wigglytuff
|-crit|p1a: Wigglytuff
|-damage|p1a: Wigglytuff|262\/435
|move|p1a: Wigglytuff|Thunder Wave|p2a: Kingler
|-status|p2a: Kingler|par
|
|turn|18
|choice|move 2|move 1
|
|move|p1a: Wigglytuff|Blizzard|p2a: Kingler
|-resisted|p2a: Kingler
|-damage|p2a: Kingler|59\/267 par
|cant|p2a: Kingler|par
|
|turn|19
|choice|move 1|move 4
|
|move|p1a: Wigglytuff|Hyper Beam|p2a: Kingler
|-damage|p2a: Kingler|0 fnt
|faint|p2a: Kingler
|choice||switch 4
|
|switch|p2a: Lapras|Lapras, L79|367\/367
|turn|20
|choice|move 3|move 2
|
|move|p2a: Lapras|Blizzard|p1a: Wigglytuff|[miss]
|-miss|p2a: Lapras
|move|p1a: Wigglytuff|Thunder Wave|p2a: Lapras
|-status|p2a: Lapras|par
|
|turn|21
|choice|move 1|move 2
|
|move|p1a: Wigglytuff|Hyper Beam|p2a: Lapras
|-damage|p2a: Lapras|189\/367 par
|move|p2a: Lapras|Blizzard|p1a: Wigglytuff
|-damage|p1a: Wigglytuff|116\/435
|
|turn|22
|-mustrecharge|p1a: Wigglytuff
|-mustrecharge|p1a: Wigglytuff
|choice|move 1|move 4
|
|cant|p1a: Wigglytuff|recharge
|move|p2a: Lapras|Rest|p2a: Lapras
|-status|p2a: Lapras|slp
|-heal|p2a: Lapras|367\/367 slp|[silent]
|-status|p2a: Lapras|slp|[from] move: Rest
|
|turn|23
|choice|move 1|move 1
|
|move|p1a: Wigglytuff|Hyper Beam|p2a: Lapras
|-damage|p2a: Lapras|205\/367 slp
|cant|p2a: Lapras|slp
|
|turn|24
|-mustrecharge|p1a: Wigglytuff
|-mustrecharge|p1a: Wigglytuff
|choice|move 1|move 3
|
|cant|p1a: Wigglytuff|recharge
|-curestatus|p2a: Lapras|slp
|
|turn|25
|choice|move 1|move 2
|
|move|p1a: Wigglytuff|Hyper Beam|p2a: Lapras
|-damage|p2a: Lapras|51\/367
|move|p2a: Lapras|Blizzard|p1a: Wigglytuff
|-damage|p1a: Wigglytuff|0 fnt
|faint|p1a: Wigglytuff
|choice|switch 4|
|
|switch|p1a: Charmeleon|Charmeleon, L85|272\/272
|turn|26
|choice|move 2|move 3
|
|move|p1a: Charmeleon|Submission|p2a: Lapras|[miss]
|-miss|p1a: Charmeleon
|move|p2a: Lapras|Body Slam|p1a: Charmeleon
|-crit|p1a: Charmeleon
|-damage|p1a: Charmeleon|148\/272
|
|turn|27
|choice|move 2|move 2
|
|move|p1a: Charmeleon|Submission|p2a: Lapras
|-supereffective|p2a: Lapras
|-damage|p2a: Lapras|0 fnt
|-damage|p1a: Charmeleon|136\/272|[from] recoil|[of] p2a: Lapras
|faint|p2a: Lapras
|choice||switch 6
|
|switch|p2a: Golem|Golem, L79|288\/288
|turn|28
|choice|move 2|move 3
|
|move|p1a: Charmeleon|Submission|p2a: Golem
|-supereffective|p2a: Golem
|-damage|p2a: Golem|207\/288
|-damage|p1a: Charmeleon|116\/272|[from] recoil|[of] p2a: Golem
|move|p2a: Golem|Earthquake|p1a: Charmeleon
|-supereffective|p1a: Charmeleon
|-damage|p1a: Charmeleon|0 fnt
|faint|p1a: Charmeleon
|choice|switch 6|
|
|switch|p1a: Metapod|Metapod, L99|300\/300
|turn|29
|c|★RorionRorion|the best
|choice|move 2|move 4
|
|move|p1a: Metapod|String Shot|p2a: Golem
|-unboost|p2a: Golem|spe|1
|move|p2a: Golem|Explosion|p1a: Metapod
|-damage|p1a: Metapod|38\/300
|faint|p2a: Golem
|choice||switch 2
|
|switch|p2a: Raichu|Raichu, L85|276\/276
|turn|30
|choice|move 2|move 1
|
|move|p2a: Raichu|Surf|p1a: Metapod
|-damage|p1a: Metapod|0 fnt
|faint|p1a: Metapod
|
|win|MALESANI
|raw|RorionRorion's rating: 1249 &rarr; <strong>1231<\/strong><br \/>(-18 for losing)
|raw|MALESANI's rating: 1352 &rarr; <strong>1366<\/strong><br \/>(+14 for winning)