|j|smilzo
|j|marcoasd
|player|p1|smilzo|157
|player|p2|marcoasd|266
|gametype|singles
|gen|1
|tier|[Gen 1] OU
|seed|30034,56938,17669,38737
|rule|Sleep Clause Mod: Limit one foe put to sleep
|rule|Freeze Clause Mod: Limit one foe frozen
|rule|Species Clause: Limit one of each Pokémon
|rule|OHKO Clause: OHKO moves are banned
|rule|Evasion Moves Clause: Evasion moves are banned
|rule|HP Percentage Mod: HP is shown in percentages
|
|start
|switch|p1a: Alakazam|Alakazam|313\/313
|switch|p2a: Jynx|Jynx|333\/333
|turn|1
|c|★smilzo|hf
|choice|move 2|move 1
|
|move|p1a: Alakazam|Thunder Wave|p2a: Jynx
|-status|p2a: Jynx|par
|cant|p2a: Jynx|par
|
|turn|2
|c|★marcoasd|u2
|choice|move 4|move 1
|
|move|p1a: Alakazam|Seismic Toss|p2a: Jynx
|-damage|p2a: Jynx|233\/333 par
|move|p2a: Jynx|Lovely Kiss|p1a: Alakazam
|-status|p1a: Alakazam|slp
|
|turn|3
|c|★marcoasd|new year's day
|choice|switch 2|move 1
|
|switch|p1a: Starmie|Starmie|323\/323
|move|p2a: Jynx|Lovely Kiss|p1a: Starmie
|-message|Sleep Clause Mod activated.
|
|turn|4
|c|★smilzo|???
|c|★marcoasd|porco a cristo
|c|★smilzo|misclick immagino
|c|★marcoasd|mi è parso di aver missato
|c|★marcoasd|lol
|c|★smilzo|lol
|choice|move 1|switch 3
|
|switch|p2a: Chansey|Chansey|703\/703
|move|p1a: Starmie|Thunderbolt|p2a: Chansey
|-damage|p2a: Chansey|629\/703
|
|turn|5
|c|★marcoasd|vabbè ma non importa
|choice|switch 4|move 1
|
|switch|p1a: Chansey|Chansey|703\/703
|move|p2a: Chansey|Thunder Wave|p1a: Chansey
|-status|p1a: Chansey|par
|
|turn|6
|choice|move 4|switch 3
|
|switch|p2a: Jynx|Jynx|233\/333 par
|move|p1a: Chansey|Seismic Toss|p2a: Jynx
|-damage|p2a: Jynx|133\/333 par
|
|turn|7
|choice|switch 4|move 4
|
|switch|p1a: Starmie|Starmie|323\/323
|move|p2a: Jynx|Rest|p2a: Jynx
|-status|p2a: Jynx|slp
|-heal|p2a: Jynx|333\/333 slp|[silent]
|-status|p2a: Jynx|slp|[from] move: Rest
|
|turn|8
|choice|move 3|move 3
|
|move|p1a: Starmie|Thunder Wave|p2a: Jynx
|-fail|p2a: Jynx
|cant|p2a: Jynx|slp
|
|turn|9
|choice|move 1|move 2
|
|move|p1a: Starmie|Thunderbolt|p2a: Jynx
|-damage|p2a: Jynx|250\/333 slp
|-curestatus|p2a: Jynx|slp
|
|turn|10
|choice|move 1|switch 3
|
|switch|p2a: Chansey|Chansey|629\/703
|move|p1a: Starmie|Thunderbolt|p2a: Chansey
|-damage|p2a: Chansey|558\/703
|
|turn|11
|choice|switch 4|switch 6
|
|switch|p1a: Chansey|Chansey|703\/703 par
|switch|p2a: Snorlax|Snorlax, M|523\/523
|
|turn|12
|choice|move 1|move 2
|
|move|p2a: Snorlax|Earthquake|p1a: Chansey
|-damage|p1a: Chansey|468\/703 par
|move|p1a: Chansey|Sing|p2a: Snorlax|[miss]
|-miss|p1a: Chansey
|
|turn|13
|c|★marcoasd|oh
|c|★smilzo|maledizione
|choice|switch 5|move 1
|
|switch|p1a: Snorlax|Snorlax|523\/523
|move|p2a: Snorlax|Body Slam|p1a: Snorlax
|-damage|p1a: Snorlax|378\/523
|
|turn|14
|choice|move 1|move 1
|
|move|p1a: Snorlax|Body Slam|p2a: Snorlax
|-damage|p2a: Snorlax|383\/523
|move|p2a: Snorlax|Body Slam|p1a: Snorlax
|-damage|p1a: Snorlax|230\/523
|
|turn|15
|j|charrol
|c| charrol|ciao a tutti
|c|★smilzo|ei
|c|★marcoasd|ciao
|c| charrol|ho dato l' esame
|c|★marcoasd|che giocatore
|c| charrol|quando vuoi giochiamo
|c|★smilzo|per cosa?
|c|★marcoasd|ok
|c| charrol|area critica
|c|★marcoasd|ever grande pd
|c|★smilzo|!
|choice|move 1|move 2
|
|move|p2a: Snorlax|Earthquake|p1a: Snorlax
|-damage|p1a: Snorlax|116\/523
|move|p1a: Snorlax|Body Slam|p2a: Snorlax
|-damage|p2a: Snorlax|244\/523
|
|turn|16
|c|★marcoasd|lol c'erano due interpretazioni
|c|★marcoasd|asd
|c|★marcoasd|DAI CULO LENTO DI MERDA
|c|★marcoasd|MUOVITI
|c| charrol|ever grande freeze
|c|★smilzo|cosi non si sbaglia
|choice|move 3|move 1
|
|move|p1a: Snorlax|Self-Destruct|p2a: Snorlax
|-damage|p2a: Snorlax|0 fnt
|faint|p2a: Snorlax
|faint|p1a: Snorlax
|c| charrol|SNORLAX CULONE
|choice|switch 5|switch 3
|
|switch|p2a: Jynx|Jynx|250\/333
|switch|p1a: Chansey|Chansey|468\/703 par
|turn|17
|choice|move 3|move 3
|
|move|p2a: Jynx|Psychic|p1a: Chansey
|-damage|p1a: Chansey|367\/703 par
|-unboost|p1a: Chansey|spd|1
|-unboost|p1a: Chansey|spa|1
|move|p1a: Chansey|Soft-Boiled|p1a: Chansey
|-heal|p1a: Chansey|703\/703 par
|
|turn|18
|choice|move 2|move 3
|
|move|p2a: Jynx|Psychic|p1a: Chansey
|-damage|p1a: Chansey|544\/703 par
|move|p1a: Chansey|Thunder Wave|p2a: Jynx
|-status|p2a: Jynx|par
|
|turn|19
|choice|switch 4|move 3
|
|switch|p1a: Starmie|Starmie|323\/323
|move|p2a: Jynx|Psychic|p1a: Starmie
|-resisted|p1a: Starmie
|-damage|p1a: Starmie|271\/323
|-unboost|p1a: Starmie|spd|1
|-unboost|p1a: Starmie|spa|1
|
|turn|20
|choice|switch 2|move 2
|
|switch|p1a: Alakazam|Alakazam|313\/313 slp
|move|p2a: Jynx|Blizzard|p1a: Alakazam
|-crit|p1a: Alakazam
|-damage|p1a: Alakazam|96\/313 slp
|
|turn|21
|choice|switch 4|move 3
|
|switch|p1a: Chansey|Chansey|544\/703 par
|move|p2a: Jynx|Psychic|p1a: Chansey
|-damage|p1a: Chansey|439\/703 par
|
|turn|22
|choice|move 4|move 3
|
|move|p2a: Jynx|Psychic|p1a: Chansey
|-crit|p1a: Chansey
|-damage|p1a: Chansey|257\/703 par
|-unboost|p1a: Chansey|spd|1
|-unboost|p1a: Chansey|spa|1
|cant|p1a: Chansey|par
|
|turn|23
|choice|move 3|move 2
|
|cant|p2a: Jynx|par
|cant|p1a: Chansey|par
|
|turn|24
|j|Skifterat
|choice|move 3|move 2
|
|move|p2a: Jynx|Blizzard|p1a: Chansey
|-crit|p1a: Chansey
|-damage|p1a: Chansey|5\/703 par
|move|p1a: Chansey|Soft-Boiled|p1a: Chansey
|-heal|p1a: Chansey|356\/703 par
|
|turn|25
|c|★smilzo|focus band yn
|choice|move 3|move 3
|
|move|p2a: Jynx|Psychic|p1a: Chansey
|-damage|p1a: Chansey|201\/703 par
|move|p1a: Chansey|Soft-Boiled|p1a: Chansey
|-heal|p1a: Chansey|552\/703 par
|
|turn|26
|choice|switch 2|move 2
|
|switch|p1a: Starmie|Starmie|271\/323
|move|p2a: Jynx|Blizzard|p1a: Starmie
|-crit|p1a: Starmie
|-resisted|p1a: Starmie
|-damage|p1a: Starmie|139\/323
|-status|p1a: Starmie|frz
|
|turn|27
|c|★marcoasd|sei finito
|choice|switch 2|switch 5
|
|switch|p1a: Chansey|Chansey|552\/703 par
|switch|p2a: Slowbro|Slowbro, M|393\/393
|
|turn|28
|c| charrol|prima o poi arriva
|choice|move 1|switch 5
|
|switch|p2a: Jynx|Jynx|250\/333 par
|cant|p1a: Chansey|par
|
|turn|29
|choice|move 4|move 3
|
|move|p2a: Jynx|Psychic|p1a: Chansey
|-damage|p1a: Chansey|459\/703 par
|move|p1a: Chansey|Seismic Toss|p2a: Jynx
|-damage|p2a: Jynx|150\/333 par
|
|turn|30
|choice|switch 6|move 3
|
|switch|p1a: Tauros|Tauros|353\/353
|move|p2a: Jynx|Psychic|p1a: Tauros
|-damage|p1a: Tauros|224\/353
|
|turn|31
|choice|move 1|switch 5
|
|switch|p2a: Slowbro|Slowbro, M|393\/393
|move|p1a: Tauros|Body Slam|p2a: Slowbro
|-crit|p2a: Slowbro
|-damage|p2a: Slowbro|220\/393
|
|turn|32
|l|Skifterat
|choice|switch 6|move 1
|
|switch|p1a: Chansey|Chansey|459\/703 par
|move|p2a: Slowbro|Thunder Wave|p1a: Chansey
|-fail|p1a: Chansey|par
|
|turn|33
|choice|move 4|move 3
|
|move|p2a: Slowbro|Amnesia|p2a: Slowbro
|-boost|p2a: Slowbro|spd|2
|-boost|p2a: Slowbro|spa|2
|move|p1a: Chansey|Seismic Toss|p2a: Slowbro
|-damage|p2a: Slowbro|120\/393
|
|turn|34
|choice|switch 6|move 2
|
|switch|p1a: Tauros|Tauros|224\/353
|move|p2a: Slowbro|Surf|p1a: Tauros
|-crit|p1a: Tauros
|-damage|p1a: Tauros|0 fnt
|faint|p1a: Tauros
|choice|switch 3|
|
|switch|p1a: Exeggutor|Exeggutor|393\/393
|turn|35
|choice|move 3|move 1
|
|move|p1a: Exeggutor|Psychic|p2a: Slowbro
|-resisted|p2a: Slowbro
|-damage|p2a: Slowbro|83\/393
|move|p2a: Slowbro|Thunder Wave|p1a: Exeggutor
|-status|p1a: Exeggutor|par
|
|turn|36
|choice|move 3|move 2
|
|move|p2a: Slowbro|Surf|p1a: Exeggutor
|-resisted|p1a: Exeggutor
|-damage|p1a: Exeggutor|304\/393 par
|move|p1a: Exeggutor|Psychic|p2a: Slowbro
|-resisted|p2a: Slowbro
|-damage|p2a: Slowbro|45\/393
|
|turn|37
|choice|move 3|move 4
|
|move|p2a: Slowbro|Rest|p2a: Slowbro
|-status|p2a: Slowbro|slp
|-heal|p2a: Slowbro|393\/393 slp|[silent]
|-status|p2a: Slowbro|slp|[from] move: Rest
|move|p1a: Exeggutor|Psychic|p2a: Slowbro
|-resisted|p2a: Slowbro
|-damage|p2a: Slowbro|356\/393 slp
|
|turn|38
|choice|move 3|move 2
|
|cant|p2a: Slowbro|slp
|move|p1a: Exeggutor|Psychic|p2a: Slowbro
|-resisted|p2a: Slowbro
|-damage|p2a: Slowbro|322\/393 slp
|
|turn|39
|choice|move 1|switch 6
|
|switch|p2a: Chansey|Chansey|558\/703
|cant|p1a: Exeggutor|par
|
|turn|40
|choice|move 1|move 3
|
|move|p2a: Chansey|Ice Beam|p1a: Exeggutor
|-supereffective|p1a: Exeggutor
|-damage|p1a: Exeggutor|176\/393 par
|move|p1a: Exeggutor|Sleep Powder|p2a: Chansey
|-status|p2a: Chansey|slp
|
|turn|41
|choice|move 3|move 3
|
|cant|p2a: Chansey|slp
|move|p1a: Exeggutor|Psychic|p2a: Chansey
|-damage|p2a: Chansey|443\/703 slp
|-unboost|p2a: Chansey|spd|1
|-unboost|p2a: Chansey|spa|1
|
|turn|42
|choice|move 3|switch 5
|
|switch|p2a: Jynx|Jynx|150\/333 par
|move|p1a: Exeggutor|Psychic|p2a: Jynx
|-resisted|p2a: Jynx
|-damage|p2a: Jynx|83\/333 par
|
|turn|43
|choice|move 3|move 2
|
|cant|p2a: Jynx|par
|move|p1a: Exeggutor|Psychic|p2a: Jynx
|-resisted|p2a: Jynx
|-damage|p2a: Jynx|18\/333 par
|
|turn|44
|choice|switch 6|move 2
|
|switch|p1a: Chansey|Chansey|459\/703 par
|move|p2a: Jynx|Blizzard|p1a: Chansey
|-damage|p1a: Chansey|321\/703 par
|
|turn|45
|choice|move 3|move 3
|
|move|p2a: Jynx|Psychic|p1a: Chansey
|-damage|p1a: Chansey|213\/703 par
|cant|p1a: Chansey|par
|
|turn|46
|choice|move 3|move 3
|
|cant|p2a: Jynx|par
|move|p1a: Chansey|Soft-Boiled|p1a: Chansey
|-heal|p1a: Chansey|564\/703 par
|
|turn|47
|choice|move 4|move 4
|
|cant|p2a: Jynx|par
|move|p1a: Chansey|Seismic Toss|p2a: Jynx
|-damage|p2a: Jynx|0 fnt
|faint|p2a: Jynx
|choice||switch 6
|
|switch|p2a: Slowbro|Slowbro, M|322\/393 slp
|turn|48
|choice|move 4|move 3
|
|-curestatus|p2a: Slowbro|slp
|move|p1a: Chansey|Seismic Toss|p2a: Slowbro
|-damage|p2a: Slowbro|222\/393
|
|turn|49
|choice|move 2|move 3
|
|move|p2a: Slowbro|Amnesia|p2a: Slowbro
|-boost|p2a: Slowbro|spd|2
|-boost|p2a: Slowbro|spa|2
|move|p1a: Chansey|Thunder Wave|p2a: Slowbro
|-status|p2a: Slowbro|par
|
|turn|50
|choice|move 4|move 2
|
|move|p2a: Slowbro|Surf|p1a: Chansey
|-damage|p1a: Chansey|389\/703 par
|move|p1a: Chansey|Seismic Toss|p2a: Slowbro
|-damage|p2a: Slowbro|122\/393 par
|
|turn|51
|choice|move 3|move 2
|
|move|p2a: Slowbro|Surf|p1a: Chansey
|-crit|p1a: Chansey
|-damage|p1a: Chansey|194\/703 par
|move|p1a: Chansey|Soft-Boiled|p1a: Chansey
|-heal|p1a: Chansey|545\/703 par
|
|turn|52
|choice|move 4|move 4
|
|move|p2a: Slowbro|Rest|p2a: Slowbro
|-status|p2a: Slowbro|slp
|-heal|p2a: Slowbro|393\/393 slp|[silent]
|-status|p2a: Slowbro|slp|[from] move: Rest
|cant|p1a: Chansey|par
|
|turn|53
|choice|move 4|move 2
|
|cant|p2a: Slowbro|slp
|cant|p1a: Chansey|par
|
|turn|54
|choice|move 2|move 2
|
|-curestatus|p2a: Slowbro|slp
|cant|p1a: Chansey|par
|
|turn|55
|choice|move 2|move 2
|
|move|p2a: Slowbro|Surf|p1a: Chansey
|-damage|p1a: Chansey|372\/703 par
|move|p1a: Chansey|Thunder Wave|p2a: Slowbro
|-status|p2a: Slowbro|par
|
|turn|56
|choice|move 3|move 3
|
|move|p1a: Chansey|Soft-Boiled|p1a: Chansey
|-heal|p1a: Chansey|703\/703 par
|move|p2a: Slowbro|Amnesia|p2a: Slowbro
|-boost|p2a: Slowbro|spd|2
|-boost|p2a: Slowbro|spa|2
|
|turn|57
|choice|move 4|move 2
|
|move|p2a: Slowbro|Surf|p1a: Chansey
|-damage|p1a: Chansey|406\/703 par
|move|p1a: Chansey|Seismic Toss|p2a: Slowbro
|-damage|p2a: Slowbro|293\/393 par
|
|turn|58
|choice|move 4|move 2
|
|cant|p2a: Slowbro|par
|move|p1a: Chansey|Seismic Toss|p2a: Slowbro
|-damage|p2a: Slowbro|193\/393 par
|
|turn|59
|choice|move 4|move 2
|
|move|p2a: Slowbro|Surf|p1a: Chansey
|-damage|p1a: Chansey|121\/703 par
|move|p1a: Chansey|Seismic Toss|p2a: Slowbro
|-damage|p2a: Slowbro|93\/393 par
|
|turn|60
|choice|move 4|move 4
|
|move|p2a: Slowbro|Rest|p2a: Slowbro
|-status|p2a: Slowbro|slp
|-heal|p2a: Slowbro|393\/393 slp|[silent]
|-status|p2a: Slowbro|slp|[from] move: Rest
|move|p1a: Chansey|Seismic Toss|p2a: Slowbro
|-damage|p2a: Slowbro|293\/393 slp
|
|turn|61
|choice|move 4|move 2
|
|cant|p2a: Slowbro|slp
|cant|p1a: Chansey|par
|
|turn|62
|choice|move 2|move 2
|
|-curestatus|p2a: Slowbro|slp
|move|p1a: Chansey|Thunder Wave|p2a: Slowbro
|-status|p2a: Slowbro|par
|
|turn|63
|choice|move 3|move 2
|
|move|p1a: Chansey|Soft-Boiled|p1a: Chansey
|-heal|p1a: Chansey|472\/703 par
|move|p2a: Slowbro|Surf|p1a: Chansey
|-damage|p1a: Chansey|178\/703 par
|
|turn|64
|choice|switch 6|move 2
|
|switch|p1a: Exeggutor|Exeggutor|176\/393 par
|move|p2a: Slowbro|Surf|p1a: Exeggutor
|-resisted|p1a: Exeggutor
|-damage|p1a: Exeggutor|48\/393 par
|
|turn|65
|c|★marcoasd|gg
|c|★marcoasd|jolteon e moltres
|c|★smilzo|vabbe
|c|★smilzo|gg
|choice|move 4|move 2
|
|move|p1a: Exeggutor|Explosion|p2a: Slowbro
|-damage|p2a: Slowbro|44\/393 par
|faint|p1a: Exeggutor
|choice|switch 6|
|
|switch|p1a: Chansey|Chansey|178\/703 par
|turn|66
|choice|move 4|move 2
|
|cant|p1a: Chansey|par
|move|p2a: Slowbro|Surf|p1a: Chansey
|-damage|p1a: Chansey|0 fnt
|faint|p1a: Chansey
|c|★smilzo|mai
|c|★smilzo|na gioia
|-message|smilzo forfeited.
|
|win|marcoasd
|player|p1
|player|p2
|c|★smilzo|gg