|j|marcoasd
|j|Peasounay
|player|p1|marcoasd|266
|player|p2|Peasounay|80
|gametype|singles
|gen|1
|tier|[Gen 1] OU
|seed|63165,49264,37889,4959
|rule|Sleep Clause Mod: Limit one foe put to sleep
|rule|Freeze Clause Mod: Limit one foe frozen
|rule|Species Clause: Limit one of each Pokémon
|rule|OHKO Clause: OHKO moves are banned
|rule|Evasion Moves Clause: Evasion moves are banned
|rule|HP Percentage Mod: HP is shown in percentages
|
|start
|switch|p1a: Starmie|Starmie|323\/323
|switch|p2a: Cuddle Me Plz|Jynx|333\/333
|turn|1
|c|★Peasounay|what's the score ?
|j|vkf
|c|★Peasounay|didn't keep track
|c|★marcoasd|2-4
|c|★Peasounay|kk
|choice|move 3|move 1
|
|move|p1a: Starmie|Thunder Wave|p2a: Cuddle Me Plz
|-status|p2a: Cuddle Me Plz|par
|move|p2a: Cuddle Me Plz|Lovely Kiss|p1a: Starmie
|-status|p1a: Starmie|slp
|
|turn|2
|choice|move 2|move 2
|
|cant|p1a: Starmie|slp
|move|p2a: Cuddle Me Plz|Blizzard|p1a: Starmie
|-crit|p1a: Starmie
|-resisted|p1a: Starmie
|-damage|p1a: Starmie|189\/323 slp
|
|turn|3
|choice|move 2|switch 3
|
|switch|p2a: Yo Momma|Snorlax|523\/523
|cant|p1a: Starmie|slp
|
|turn|4
|choice|switch 6|move 1
|
|switch|p1a: Snorlax|Snorlax|523\/523
|move|p2a: Yo Momma|Body Slam|p1a: Snorlax
|-damage|p1a: Snorlax|391\/523
|
|turn|5
|choice|move 2|move 2
|
|move|p1a: Snorlax|Reflect|p1a: Snorlax
|-start|p1a: Snorlax|Reflect
|move|p2a: Yo Momma|Earthquake|p1a: Snorlax
|-damage|p1a: Snorlax|336\/523
|
|turn|6
|choice|move 1|move 1
|
|move|p1a: Snorlax|Body Slam|p2a: Yo Momma
|-damage|p2a: Yo Momma|375\/523
|move|p2a: Yo Momma|Body Slam|p1a: Snorlax
|-damage|p1a: Snorlax|260\/523
|
|turn|7
|choice|move 3|move 4
|
|move|p1a: Snorlax|Amnesia|p1a: Snorlax
|-boost|p1a: Snorlax|spd|2
|-boost|p1a: Snorlax|spa|2
|move|p2a: Yo Momma|Self-Destruct|p1a: Snorlax
|-damage|p1a: Snorlax|42\/523
|faint|p2a: Yo Momma
|j|Kroak
|choice||switch 5
|
|switch|p2a: I Own RBY|Chansey|703\/703
|turn|8
|choice|switch 3|move 2
|
|switch|p1a: Chansey|Chansey|703\/703
|move|p2a: I Own RBY|Ice Beam|p1a: Chansey
|-damage|p1a: Chansey|633\/703
|
|turn|9
|choice|move 1|move 2
|
|move|p1a: Chansey|Thunder Wave|p2a: I Own RBY
|-status|p2a: I Own RBY|par
|move|p2a: I Own RBY|Ice Beam|p1a: Chansey
|-damage|p1a: Chansey|562\/703
|
|turn|10
|choice|switch 6|move 2
|
|switch|p1a: Starmie|Starmie|189\/323 slp
|move|p2a: I Own RBY|Ice Beam|p1a: Starmie
|-resisted|p1a: Starmie
|-damage|p1a: Starmie|153\/323 slp
|
|turn|11
|choice|switch 5|move 4
|
|switch|p1a: Tauros|Tauros|353\/353
|move|p2a: I Own RBY|Thunderbolt|p1a: Tauros
|-damage|p1a: Tauros|251\/353
|
|turn|12
|choice|move 1|move 3
|
|move|p1a: Tauros|Body Slam|p2a: I Own RBY
|-damage|p2a: I Own RBY|426\/703 par
|cant|p2a: I Own RBY|par
|
|turn|13
|choice|move 1|switch 2
|
|switch|p2a: Wear Candoms Kid|Exeggutor|393\/393
|move|p1a: Tauros|Body Slam|p2a: Wear Candoms Kid
|-damage|p2a: Wear Candoms Kid|281\/393
|
|turn|14
|choice|switch 6|move 2
|
|switch|p1a: Chansey|Chansey|562\/703
|move|p2a: Wear Candoms Kid|Psychic|p1a: Chansey
|-damage|p1a: Chansey|432\/703
|-unboost|p1a: Chansey|spd|1
|-unboost|p1a: Chansey|spa|1
|
|turn|15
|choice|move 4|move 2
|
|move|p2a: Wear Candoms Kid|Psychic|p1a: Chansey
|-damage|p1a: Chansey|260\/703
|-unboost|p1a: Chansey|spd|1
|-unboost|p1a: Chansey|spa|1
|move|p1a: Chansey|Soft-Boiled|p1a: Chansey
|-heal|p1a: Chansey|611\/703
|
|turn|16
|choice|switch 2|switch 2
|
|switch|p2a: I Own RBY|Chansey|426\/703 par
|switch|p1a: Exeggutor|Exeggutor|393\/393
|
|turn|17
|choice|switch 6|move 2
|
|switch|p1a: Tauros|Tauros|251\/353
|move|p2a: I Own RBY|Ice Beam|p1a: Tauros
|-damage|p1a: Tauros|150\/353
|-status|p1a: Tauros|frz
|
|turn|18
|c|★marcoasd|coddio
|c| vkf|bop
|choice|switch 3|move 1
|
|switch|p1a: Snorlax|Snorlax|42\/523
|move|p2a: I Own RBY|Soft-Boiled|p2a: I Own RBY
|-heal|p2a: I Own RBY|703\/703 par
|
|turn|19
|choice|move 4|switch 2
|
|switch|p2a: Wear Candoms Kid|Exeggutor|281\/393
|move|p1a: Snorlax|Rest|p1a: Snorlax
|-status|p1a: Snorlax|slp
|-heal|p1a: Snorlax|523\/523 slp|[silent]
|-status|p1a: Snorlax|slp|[from] move: Rest
|
|turn|20
|choice|switch 6|move 2
|
|switch|p1a: Exeggutor|Exeggutor|393\/393
|move|p2a: Wear Candoms Kid|Psychic|p1a: Exeggutor
|-resisted|p1a: Exeggutor
|-damage|p1a: Exeggutor|345\/393
|
|turn|21
|c| vkf|is piexploed banned too?
|choice|switch 2|switch 3
|
|switch|p2a: Cuddle Me Plz|Jynx|333\/333 par
|switch|p1a: Chansey|Chansey|611\/703
|
|turn|22
|choice|move 3|switch 2
|
|switch|p2a: I Own RBY|Chansey|703\/703 par
|move|p1a: Chansey|Thunderbolt|p2a: I Own RBY
|-crit|p2a: I Own RBY
|-damage|p2a: I Own RBY|548\/703 par
|
|turn|23
|choice|switch 6|move 3
|
|switch|p1a: Snorlax|Snorlax|523\/523 slp
|move|p2a: I Own RBY|Thunder Wave|p1a: Snorlax
|-fail|p1a: Snorlax
|
|turn|24
|c| vkf|cuz now dat i think havent saw dat poppin in ages
|choice|move 1|switch 3
|
|switch|p2a: Wear Candoms Kid|Exeggutor|281\/393
|cant|p1a: Snorlax|slp
|
|turn|25
|c|★marcoasd|i think he is from smogon forums
|choice|switch 6|move 3
|
|switch|p1a: Chansey|Chansey|611\/703
|move|p2a: Wear Candoms Kid|Stun Spore|p1a: Chansey
|-status|p1a: Chansey|par
|
|turn|26
|l|Kroak
|choice|move 2|switch 2
|
|switch|p2a: Cuddle Me Plz|Jynx|333\/333 par
|move|p1a: Chansey|Ice Beam|p2a: Cuddle Me Plz
|-resisted|p2a: Cuddle Me Plz
|-damage|p2a: Cuddle Me Plz|295\/333 par
|
|turn|27
|choice|move 3|move 3
|
|move|p2a: Cuddle Me Plz|Psychic|p1a: Chansey
|-damage|p1a: Chansey|503\/703 par
|move|p1a: Chansey|Thunderbolt|p2a: Cuddle Me Plz
|-damage|p2a: Cuddle Me Plz|213\/333 par
|
|turn|28
|choice|move 4|move 3
|
|move|p2a: Cuddle Me Plz|Psychic|p1a: Chansey
|-damage|p1a: Chansey|411\/703 par
|move|p1a: Chansey|Soft-Boiled|p1a: Chansey
|-heal|p1a: Chansey|703\/703 par
|
|turn|29
|choice|move 3|switch 3
|
|switch|p2a: I Own RBY|Chansey|548\/703 par
|move|p1a: Chansey|Thunderbolt|p2a: I Own RBY
|-damage|p2a: I Own RBY|474\/703 par
|
|turn|30
|choice|switch 6|move 1
|
|switch|p1a: Snorlax|Snorlax|523\/523 slp
|move|p2a: I Own RBY|Soft-Boiled|p2a: I Own RBY
|-heal|p2a: I Own RBY|703\/703 par
|
|turn|31
|choice|move 1|switch 6
|
|switch|p2a: WellIStallYourFace|Alakazam|313\/313
|-curestatus|p1a: Snorlax|slp
|
|turn|32
|choice|switch 6|move 4
|
|switch|p1a: Chansey|Chansey|703\/703 par
|move|p2a: WellIStallYourFace|Reflect|p2a: WellIStallYourFace
|-start|p2a: WellIStallYourFace|Reflect
|
|turn|33
|choice|move 1|move 2
|
|move|p2a: WellIStallYourFace|Psychic|p1a: Chansey
|-damage|p1a: Chansey|583\/703 par
|-unboost|p1a: Chansey|spd|1
|-unboost|p1a: Chansey|spa|1
|move|p1a: Chansey|Thunder Wave|p2a: WellIStallYourFace
|-status|p2a: WellIStallYourFace|par
|
|turn|34
|choice|move 4|move 2
|
|move|p2a: WellIStallYourFace|Psychic|p1a: Chansey
|-damage|p1a: Chansey|392\/703 par
|cant|p1a: Chansey|par
|
|turn|35
|choice|move 4|move 2
|
|move|p2a: WellIStallYourFace|Psychic|p1a: Chansey
|-damage|p1a: Chansey|199\/703 par
|move|p1a: Chansey|Soft-Boiled|p1a: Chansey
|-heal|p1a: Chansey|550\/703 par
|
|turn|36
|choice|move 4|move 2
|
|cant|p2a: WellIStallYourFace|par
|move|p1a: Chansey|Soft-Boiled|p1a: Chansey
|-heal|p1a: Chansey|703\/703 par
|
|turn|37
|choice|switch 5|move 2
|
|switch|p1a: Starmie|Starmie|153\/323 slp
|move|p2a: WellIStallYourFace|Psychic|p1a: Starmie
|-resisted|p1a: Starmie
|-damage|p1a: Starmie|84\/323 slp
|
|turn|38
|choice|switch 5|switch 4
|
|switch|p1a: Chansey|Chansey|703\/703 par
|switch|p2a: I'm God|Tauros|353\/353
|
|turn|39
|choice|move 1|switch 4
|
|switch|p2a: WellIStallYourFace|Alakazam|313\/313 par
|move|p1a: Chansey|Thunder Wave|p2a: WellIStallYourFace
|-fail|p2a: WellIStallYourFace|par
|
|turn|40
|choice|move 3|move 2
|
|move|p2a: WellIStallYourFace|Psychic|p1a: Chansey
|-damage|p1a: Chansey|586\/703 par
|move|p1a: Chansey|Thunderbolt|p2a: WellIStallYourFace
|-damage|p2a: WellIStallYourFace|247\/313 par
|
|turn|41
|c|★marcoasd|he's actually getting his face stalled XD
|choice|move 4|move 2
|
|cant|p2a: WellIStallYourFace|par
|cant|p1a: Chansey|par
|
|turn|42
|c|★Peasounay|he is
|choice|move 4|move 2
|
|move|p2a: WellIStallYourFace|Psychic|p1a: Chansey
|-damage|p1a: Chansey|466\/703 par
|move|p1a: Chansey|Soft-Boiled|p1a: Chansey
|-heal|p1a: Chansey|703\/703 par
|
|turn|43
|choice|move 3|move 2
|
|move|p2a: WellIStallYourFace|Psychic|p1a: Chansey
|-damage|p1a: Chansey|586\/703 par
|move|p1a: Chansey|Thunderbolt|p2a: WellIStallYourFace
|-damage|p2a: WellIStallYourFace|186\/313 par
|
|turn|44
|choice|move 2|move 2
|
|move|p2a: WellIStallYourFace|Psychic|p1a: Chansey
|-damage|p1a: Chansey|451\/703 par
|-unboost|p1a: Chansey|spd|1
|-unboost|p1a: Chansey|spa|1
|move|p1a: Chansey|Ice Beam|p2a: WellIStallYourFace
|-damage|p2a: WellIStallYourFace|142\/313 par
|
|turn|45
|c|★Peasounay|https:\/\/www.youtube.com\/watch?v=vu-9Xi1uCh4
|choice|switch 6|move 3
|
|switch|p1a: Snorlax|Snorlax|523\/523
|move|p2a: WellIStallYourFace|Recover|p2a: WellIStallYourFace
|-heal|p2a: WellIStallYourFace|298\/313 par
|
|turn|46
|choice|move 3|move 4
|
|move|p1a: Snorlax|Amnesia|p1a: Snorlax
|-boost|p1a: Snorlax|spd|2
|-boost|p1a: Snorlax|spa|2
|move|p2a: WellIStallYourFace|Reflect|p2a: WellIStallYourFace
|-start|p2a: WellIStallYourFace|Reflect
|
|turn|47
|choice|switch 6|move 2
|
|switch|p1a: Chansey|Chansey|451\/703 par
|move|p2a: WellIStallYourFace|Psychic|p1a: Chansey
|-damage|p1a: Chansey|330\/703 par
|
|turn|48
|choice|move 4|switch 4
|
|switch|p2a: I'm God|Tauros|353\/353
|cant|p1a: Chansey|par
|
|turn|49
|choice|switch 3|move 2
|
|switch|p1a: Tauros|Tauros|150\/353 frz
|move|p2a: I'm God|Body Slam|p1a: Tauros
|-damage|p1a: Tauros|53\/353 frz
|
|turn|50
|choice|move 4|move 2
|
|move|p2a: I'm God|Body Slam|p1a: Tauros
|-damage|p1a: Tauros|0 fnt
|faint|p1a: Tauros
|choice|switch 6|
|
|switch|p1a: Snorlax|Snorlax|523\/523
|turn|51
|choice|move 2|move 2
|
|move|p2a: I'm God|Body Slam|p1a: Snorlax
|-damage|p1a: Snorlax|384\/523
|move|p1a: Snorlax|Reflect|p1a: Snorlax
|-start|p1a: Snorlax|Reflect
|
|turn|52
|choice|move 1|move 1
|
|move|p2a: I'm God|Blizzard|p1a: Snorlax
|-crit|p1a: Snorlax
|-damage|p1a: Snorlax|191\/523
|move|p1a: Snorlax|Body Slam|p2a: I'm God
|-crit|p2a: I'm God
|-damage|p2a: I'm God|132\/353
|
|turn|53
|choice|move 4|move 2
|
|move|p2a: I'm God|Body Slam|p1a: Snorlax
|-damage|p1a: Snorlax|120\/523
|move|p1a: Snorlax|Rest|p1a: Snorlax
|-status|p1a: Snorlax|slp
|-heal|p1a: Snorlax|523\/523 slp|[silent]
|-status|p1a: Snorlax|slp|[from] move: Rest
|
|turn|54
|choice|move 1|move 2
|
|move|p2a: I'm God|Body Slam|p1a: Snorlax
|-crit|p1a: Snorlax
|-damage|p1a: Snorlax|257\/523 slp
|cant|p1a: Snorlax|slp
|
|turn|55
|choice|move 4|move 2
|
|move|p2a: I'm God|Body Slam|p1a: Snorlax
|-damage|p1a: Snorlax|186\/523 slp
|-curestatus|p1a: Snorlax|slp
|
|turn|56
|choice|move 4|move 2
|
|move|p2a: I'm God|Body Slam|p1a: Snorlax
|-damage|p1a: Snorlax|120\/523
|move|p1a: Snorlax|Rest|p1a: Snorlax
|-status|p1a: Snorlax|slp
|-heal|p1a: Snorlax|523\/523 slp|[silent]
|-status|p1a: Snorlax|slp|[from] move: Rest
|
|turn|57
|choice|move 1|move 2
|
|move|p2a: I'm God|Body Slam|p1a: Snorlax
|-damage|p1a: Snorlax|454\/523 slp
|cant|p1a: Snorlax|slp
|
|turn|58
|choice|move 1|move 2
|
|move|p2a: I'm God|Body Slam|p1a: Snorlax
|-damage|p1a: Snorlax|391\/523 slp
|-curestatus|p1a: Snorlax|slp
|
|turn|59
|choice|move 1|move 1
|
|move|p2a: I'm God|Blizzard|p1a: Snorlax
|-damage|p1a: Snorlax|289\/523
|move|p1a: Snorlax|Body Slam|p2a: I'm God
|-damage|p2a: I'm God|19\/353
|
|turn|60
|choice|move 1|move 1
|
|move|p2a: I'm God|Blizzard|p1a: Snorlax
|-damage|p1a: Snorlax|193\/523
|move|p1a: Snorlax|Body Slam|p2a: I'm God
|-damage|p2a: I'm God|0 fnt
|faint|p2a: I'm God
|choice||switch 2
|
|switch|p2a: Wear Candoms Kid|Exeggutor|281\/393
|turn|61
|choice|move 1|move 2
|
|move|p2a: Wear Candoms Kid|Psychic|p1a: Snorlax
|-damage|p1a: Snorlax|32\/523
|move|p1a: Snorlax|Body Slam|p2a: Wear Candoms Kid
|-damage|p2a: Wear Candoms Kid|160\/393
|
|turn|62
|choice|switch 2|move 2
|
|switch|p1a: Exeggutor|Exeggutor|345\/393
|move|p2a: Wear Candoms Kid|Psychic|p1a: Exeggutor
|-resisted|p1a: Exeggutor
|-damage|p1a: Exeggutor|288\/393
|
|turn|63
|choice|move 3|switch 3
|
|switch|p2a: Cuddle Me Plz|Jynx|213\/333 par
|move|p1a: Exeggutor|Psychic|p2a: Cuddle Me Plz
|-resisted|p2a: Cuddle Me Plz
|-damage|p2a: Cuddle Me Plz|147\/333 par
|
|turn|64
|c| vkf|u guys rlly goin bo50
|c|★Peasounay|just 45
|c| vkf|eh that's shit
|choice|switch 3|switch 3
|
|switch|p1a: Chansey|Chansey|330\/703 par
|switch|p2a: Wear Candoms Kid|Exeggutor|160\/393
|
|turn|65
|c| vkf|50 or nah
|c|★Peasounay|i can go bo3000
|c|★marcoasd|well, not today lol
|c| vkf|bo51
|c| vkf|one setting
|c| vkf|u madmen
|c|★marcoasd|who's my last one?
|c| vkf|raticate
|c|★Peasounay|golem
|c| vkf|slowbro
|c|★marcoasd|does golem sweep?
|choice|move 4|move 4
|
|move|p2a: Wear Candoms Kid|Explosion|p1a: Chansey
|-damage|p1a: Chansey|0 fnt
|faint|p1a: Chansey
|faint|p2a: Wear Candoms Kid
|c|★marcoasd|does slowbro sweep?
|c|★Peasounay|man if you brought some ratticate or clefable shit
|c|★Peasounay|i'm gonna get mad
|c| vkf|RATICATE <3
|choice|switch 2|switch 4
|
|switch|p1a: Snorlax|Snorlax|32\/523
|switch|p2a: WellIStallYourFace|Alakazam|298\/313 par
|turn|66
|choice|move 1|move 2
|
|move|p1a: Snorlax|Body Slam|p2a: WellIStallYourFace
|-damage|p2a: WellIStallYourFace|128\/313 par
|move|p2a: WellIStallYourFace|Psychic|p1a: Snorlax
|-damage|p1a: Snorlax|0 fnt
|faint|p1a: Snorlax
|c| vkf|dat shit is very italian tbh
|c| vkf|no racist
|choice|switch 4|
|
|switch|p1a: Golem|Golem|363\/363
|turn|67
|c|★Peasounay|nailed it
|c| vkf|fk it
|c| vkf|i wanted 2 see the king of rby
|c|★marcoasd|it's during summer
|choice|move 1|switch 6
|
|switch|p2a: I Own RBY|Chansey|703\/703 par
|move|p1a: Golem|Earthquake|p2a: I Own RBY
|-damage|p2a: I Own RBY|345\/703 par
|
|turn|68
|c|★Peasounay|i'm a retard
|c|★Peasounay|i wanted to go jynx
|c|★Peasounay|and i clicked chansey
|c| vkf|who was the guy that thought bout bo45
|c| vkf|for real
|c|★marcoasd|well you go jynx, i sacrifice starmie
|j|GordonLevitt
|c|★marcoasd|egg booms, golem booms
|c|★marcoasd|gg
|c|★Peasounay|yea i know
|c|★marcoasd|anyways
|c|★Peasounay|i probably lost anyways
|choice|move 1|move 2
|
|move|p1a: Golem|Earthquake|p2a: I Own RBY
|-crit|p2a: I Own RBY
|-damage|p2a: I Own RBY|0 fnt
|faint|p2a: I Own RBY
|choice||switch 6
|
|switch|p2a: WellIStallYourFace|Alakazam|128\/313 par
|turn|69
|c|★marcoasd|gg
|choice|move 1|move 2
|
|move|p1a: Golem|Earthquake|p2a: WellIStallYourFace
|-damage|p2a: WellIStallYourFace|0 fnt
|faint|p2a: WellIStallYourFace
|c|★Peasounay|gg
|c| vkf|what if 255 misses
|choice||switch 3
|
|switch|p2a: Cuddle Me Plz|Jynx|147\/333 par
|turn|70
|c| vkf|enter now
|c|★Peasounay|that never happens
|c|★marcoasd|egg booms and wins
|c|★marcoasd|asd
|c|★Peasounay|like 255 on the final move
|choice|move 1|move 2
|
|move|p1a: Golem|Earthquake|p2a: Cuddle Me Plz
|-damage|p2a: Cuddle Me Plz|0 fnt
|faint|p2a: Cuddle Me Plz
|
|win|marcoasd
|player|p1
|player|p2
|l|marcoasd
|l|Peasounay
|l|GordonLevitt