|join|Kel9901
|join|BobTheBuilderBruh
|player|p1|Kel9901|265
|player|p2|BobTheBuilderBruh|3
|gametype|singles
|gen|1
|tier|[Gen 1] OU (beta)
|rule|Sleep Clause Mod: Limit one foe put to sleep
|rule|Species Clause: Limit one of each Pokémon
|rule|OHKO Clause: OHKO moves are banned
|rule|Evasion Moves Clause: Evasion moves are banned
|rule|HP Percentage Mod: HP is shown in percentages
|
|start
|switch|p1a: Starmie|Starmie|323\/323
|switch|p2a: Jynx|Jynx|333\/333
|turn|1
|c|★BobTheBuilderBruh|thanks for the battle kel9901
|c|★BobTheBuilderBruh|may i share the link in the chat
|
|move|p1a: Starmie|Psychic|p2a: Jynx
|-resisted|p2a: Jynx
|-damage|p2a: Jynx|274\/333
|-unboost|p2a: Jynx|spd|1
|-unboost|p2a: Jynx|spa|1
|move|p2a: Jynx|Lovely Kiss|p1a: Starmie
|-status|p1a: Starmie|slp
|
|turn|2
|c|★Kel9901|uh if u want..
|c|★BobTheBuilderBruh|good night
|
|cant|p1a: Starmie|slp
|-curestatus|p1a: Starmie|slp
|move|p2a: Jynx|Psychic|p1a: Starmie
|-crit|p1a: Starmie
|-resisted|p1a: Starmie
|-damage|p1a: Starmie|218\/323
|
|turn|3
|
|move|p1a: Starmie|Thunderbolt|p2a: Jynx
|-damage|p2a: Jynx|154\/333
|move|p2a: Jynx|Psychic|p1a: Starmie
|-resisted|p1a: Starmie
|-damage|p1a: Starmie|182\/323
|
|turn|4
|c|★BobTheBuilderBruh|i hate first turn wake up
|c|★BobTheBuilderBruh|erghhhhhhhh
|
|move|p1a: Starmie|Psychic|p2a: Jynx
|-resisted|p2a: Jynx
|-damage|p2a: Jynx|78\/333
|-unboost|p2a: Jynx|spd|1
|-unboost|p2a: Jynx|spa|1
|move|p2a: Jynx|Psychic|p1a: Starmie
|-crit|p1a: Starmie
|-resisted|p1a: Starmie
|-damage|p1a: Starmie|84\/323
|
|turn|5
|
|switch|p2a: Chansey|Chansey|703\/703
|move|p1a: Starmie|Recover|p1a: Starmie
|-heal|p1a: Starmie|245\/323
|
|turn|6
|
|switch|p1a: Chansey|Chansey|703\/703
|move|p2a: Chansey|Thunder Wave|p1a: Chansey
|-status|p1a: Chansey|par
|
|turn|7
|
|switch|p2a: Alakazam|Alakazam|313\/313
|move|p1a: Chansey|Ice Beam|p2a: Alakazam
|-damage|p2a: Alakazam|251\/313
|
|turn|8
|
|move|p2a: Alakazam|Psychic|p1a: Chansey
|-damage|p1a: Chansey|571\/703 par
|move|p1a: Chansey|Ice Beam|p2a: Alakazam
|-damage|p2a: Alakazam|193\/313
|
|turn|9
|c|★BobTheBuilderBruh|is that mlg plays or what?\/
|
|move|p2a: Alakazam|Psychic|p1a: Chansey
|-damage|p1a: Chansey|435\/703 par
|cant|p1a: Chansey|par
|
|turn|10
|c|★Kel9901|what's mlg?
|c|★BobTheBuilderBruh|major league gaming
|join|Hitlers Dog
|leave|Hitlers Dog
|
|move|p2a: Alakazam|Psychic|p1a: Chansey
|-damage|p1a: Chansey|311\/703 par
|-unboost|p1a: Chansey|spd|1
|-unboost|p1a: Chansey|spa|1
|cant|p1a: Chansey|par
|
|turn|11
|join|Piexplode
|
|switch|p1a: Exeggutor|Exeggutor|393\/393
|move|p2a: Alakazam|Psychic|p1a: Exeggutor
|-resisted|p1a: Exeggutor
|-damage|p1a: Exeggutor|339\/393
|
|turn|12
|c|★BobTheBuilderBruh|like the pros of gaming
|
|switch|p2a: Jynx|Jynx|78\/333
|move|p1a: Exeggutor|Sleep Powder|p2a: Jynx
|-status|p2a: Jynx|slp
|
|turn|13
|c| Piexplode|we don't really use
|c| Piexplode|the term mlg
|c| Piexplode|at least outside of idk vgc
|c|★BobTheBuilderBruh|why
|
|cant|p2a: Jynx|slp
|move|p1a: Exeggutor|Psychic|p2a: Jynx
|-resisted|p2a: Jynx
|-damage|p2a: Jynx|14\/333 slp
|-unboost|p2a: Jynx|spd|1
|-unboost|p2a: Jynx|spa|1
|
|turn|14
|c|★BobTheBuilderBruh|is that shit not dank 
|
|cant|p2a: Jynx|slp
|move|p1a: Exeggutor|Psychic|p2a: Jynx
|-resisted|p2a: Jynx
|-damage|p2a: Jynx|0 fnt
|faint|p2a: Jynx
|
|switch|p2a: Chansey|Chansey|703\/703
|turn|15
|
|move|p1a: Exeggutor|Sleep Powder|p2a: Chansey
|-status|p2a: Chansey|slp
|cant|p2a: Chansey|slp
|
|turn|16
|
|move|p1a: Exeggutor|Psychic|p2a: Chansey
|-damage|p2a: Chansey|575\/703 slp
|cant|p2a: Chansey|slp
|
|turn|17
|
|switch|p1a: Tauros|Tauros|353\/353
|cant|p2a: Chansey|slp
|
|turn|18
|c|★BobTheBuilderBruh|ERGHHHHHHH
|
|move|p1a: Tauros|Body Slam|p2a: Chansey
|-damage|p2a: Chansey|307\/703 slp
|cant|p2a: Chansey|slp
|
|turn|19
|c|★BobTheBuilderBruh|ROARRRRRRRRR
|c|★Kel9901|lol
|
|move|p1a: Tauros|Body Slam|p2a: Chansey
|-damage|p2a: Chansey|24\/703 slp
|cant|p2a: Chansey|slp
|-curestatus|p2a: Chansey|slp
|
|turn|20
|c|★BobTheBuilderBruh|oh now u wake up
|c|★BobTheBuilderBruh|stupid pink turd
|
|move|p1a: Tauros|Earthquake|p2a: Chansey
|-damage|p2a: Chansey|0 fnt
|faint|p2a: Chansey
|
|switch|p2a: Exeggutor|Exeggutor|393\/393
|turn|21
|c|★Kel9901|i agree, chanseys are so fat and homosexual
|c|★BobTheBuilderBruh|yes!
|
|switch|p1a: Chansey|Chansey|311\/703 par
|move|p2a: Exeggutor|Psychic|p1a: Chansey
|-damage|p1a: Chansey|198\/703 par
|
|turn|22
|c|★BobTheBuilderBruh|i hate chanseyd
|c|★Kel9901|then y r u using one
|c|★BobTheBuilderBruh|i only use them cause they are mlg
|
|move|p2a: Exeggutor|Psychic|p1a: Chansey
|-damage|p1a: Chansey|76\/703 par
|-unboost|p1a: Chansey|spd|1
|-unboost|p1a: Chansey|spa|1
|move|p1a: Chansey|Soft-Boiled|p1a: Chansey
|-heal|p1a: Chansey|427\/703 par
|
|turn|23
|
|move|p2a: Exeggutor|Psychic|p1a: Chansey
|-damage|p1a: Chansey|250\/703 par
|-unboost|p1a: Chansey|spd|1
|-unboost|p1a: Chansey|spa|1
|move|p1a: Chansey|Soft-Boiled|p1a: Chansey
|-heal|p1a: Chansey|601\/703 par
|
|turn|24
|
|switch|p1a: Exeggutor|Exeggutor|339\/393
|move|p2a: Exeggutor|Psychic|p1a: Exeggutor
|-resisted|p1a: Exeggutor
|-damage|p1a: Exeggutor|284\/393
|
|turn|25
|
|move|p2a: Exeggutor|Sleep Powder|p1a: Exeggutor
|-status|p1a: Exeggutor|slp
|cant|p1a: Exeggutor|slp
|
|turn|26
|
|cant|p1a: Exeggutor|slp
|move|p2a: Exeggutor|Psychic|p1a: Exeggutor
|-resisted|p1a: Exeggutor
|-damage|p1a: Exeggutor|230\/393 slp
|-unboost|p1a: Exeggutor|spd|1
|-unboost|p1a: Exeggutor|spa|1
|
|turn|27
|c|★BobTheBuilderBruh|sweet dreams
|
|switch|p1a: Starmie|Starmie|245\/323
|move|p2a: Exeggutor|Psychic|p1a: Starmie
|-resisted|p1a: Starmie
|-damage|p1a: Starmie|186\/323
|-unboost|p1a: Starmie|spd|1
|-unboost|p1a: Starmie|spa|1
|
|turn|28
|c|★BobTheBuilderBruh|do u like naps
|
|move|p1a: Starmie|Blizzard|p2a: Exeggutor
|-supereffective|p2a: Exeggutor
|-damage|p2a: Exeggutor|275\/393
|move|p2a: Exeggutor|Mega Drain|p1a: Starmie
|-supereffective|p1a: Starmie
|-damage|p1a: Starmie|6\/323
|-heal|p2a: Exeggutor|365\/393|[from] drain|[of] p1a: Starmie
|
|turn|29
|c|★BobTheBuilderBruh|ur pokemon sure do
|c|★BobTheBuilderBruh|LOL
|c|★BobTheBuilderBruh|huehuehuhue
|c|★Kel9901|hm
|
|switch|p1a: Chansey|Chansey|601\/703 par
|move|p2a: Exeggutor|Psychic|p1a: Chansey
|-damage|p1a: Chansey|490\/703 par
|
|turn|30
|
|switch|p2a: Golem|Golem|363\/363
|move|p1a: Chansey|Thunder Wave|p2a: Golem
|-immune|p2a: Golem|[msg]
|
|turn|31
|c|★BobTheBuilderBruh|HAHAHAHA
|c|★BobTheBuilderBruh|u think ur sneaky
|
|move|p2a: Golem|Earthquake|p1a: Chansey
|-damage|p1a: Chansey|144\/703 par
|move|p1a: Chansey|Ice Beam|p2a: Golem
|-supereffective|p2a: Golem
|-damage|p2a: Golem|133\/363
|
|turn|32
|leave|Piexplode
|
|switch|p1a: Exeggutor|Exeggutor|230\/393 slp
|move|p2a: Golem|Rock Slide|p1a: Exeggutor|[miss]
|-miss|p2a: Golem
|
|turn|33
|c|★BobTheBuilderBruh|FUCK
|
|cant|p1a: Exeggutor|slp
|move|p2a: Golem|Rock Slide|p1a: Exeggutor
|-damage|p1a: Exeggutor|126\/393 slp
|
|turn|34
|
|cant|p1a: Exeggutor|slp
|-curestatus|p1a: Exeggutor|slp
|move|p2a: Golem|Rock Slide|p1a: Exeggutor
|-damage|p1a: Exeggutor|22\/393
|
|turn|35
|c|★BobTheBuilderBruh|whyyy
|
|switch|p2a: Alakazam|Alakazam|193\/313
|move|p1a: Exeggutor|Mega Drain|p2a: Alakazam
|-damage|p2a: Alakazam|149\/313
|-heal|p1a: Exeggutor|44\/393|[from] drain|[of] p2a: Alakazam
|
|turn|36
|
|switch|p1a: Starmie|Starmie|6\/323
|move|p2a: Alakazam|Psychic|p1a: Starmie
|-resisted|p1a: Starmie
|-damage|p1a: Starmie|0 fnt
|faint|p1a: Starmie
|
|switch|p1a: Snorlax|Snorlax|523\/523
|turn|37
|c|★BobTheBuilderBruh|oooh
|c|★BobTheBuilderBruh|mlg
|c|★BobTheBuilderBruh|get rekt
|
|move|p2a: Alakazam|Reflect|p2a: Alakazam
|move|p1a: Snorlax|Body Slam|p2a: Alakazam
|-damage|p2a: Alakazam|58\/313
|
|turn|38
|
|move|p2a: Alakazam|Recover|p2a: Alakazam
|-fail|p2a: Alakazam
|move|p1a: Snorlax|Body Slam|p2a: Alakazam
|-damage|p2a: Alakazam|0 fnt
|faint|p2a: Alakazam
|c|★Kel9901|LOL
|c|★BobTheBuilderBruh|WHY
|c|★BobTheBuilderBruh|why didnt it work
|
|switch|p2a: Exeggutor|Exeggutor|365\/393
|turn|39
|
|move|p2a: Exeggutor|Sleep Powder|p1a: Snorlax|[miss]
|-miss|p2a: Exeggutor
|move|p1a: Snorlax|Hyper Beam|p2a: Exeggutor
|-damage|p2a: Exeggutor|158\/393
|
|turn|40
|c|★Kel9901|misclick
|c|★BobTheBuilderBruh|take a nap
|c|★Kel9901|crap
|c|★BobTheBuilderBruh|FUCK
|
|move|p2a: Exeggutor|Sleep Powder|p1a: Snorlax
|-status|p1a: Snorlax|slp
|cant|p1a: Snorlax|slp
|
|turn|41
|c|★BobTheBuilderBruh|ok now
|c|★BobTheBuilderBruh|sleep
|
|switch|p1a: Tauros|Tauros|353\/353
|move|p2a: Exeggutor|Psychic|p1a: Tauros
|-damage|p1a: Tauros|207\/353
|
|turn|42
|
|move|p1a: Tauros|Hyper Beam|p2a: Exeggutor
|-damage|p2a: Exeggutor|0 fnt
|faint|p2a: Exeggutor
|
|switch|p2a: Golem|Golem|133\/363
|turn|43
|
|move|p1a: Tauros|Blizzard|p2a: Golem
|-supereffective|p2a: Golem
|-damage|p2a: Golem|0 fnt
|faint|p2a: Golem
|c|★BobTheBuilderBruh|WHAT
|c|★BobTheBuilderBruh|HOW DID U MOVE
|c|★BobTheBuilderBruh|UR A HACKER
|c|★BobTheBuilderBruh|FIRST MY RECOVER DOESNT WORK
|c|★BobTheBuilderBruh|HAX
|
|switch|p2a: Tauros|Tauros|353\/353
|turn|44
|c|★Kel9901|lol
|c|★Kel9901|LOLOLOLOLOL
|
|move|p2a: Tauros|Hyper Beam|p1a: Tauros
|-damage|p1a: Tauros|23\/353
|move|p1a: Tauros|Body Slam|p2a: Tauros
|-damage|p2a: Tauros|256\/353
|
|turn|45
|c|★BobTheBuilderBruh|EAT 
|c|★BobTheBuilderBruh|FUCK
|
|move|p1a: Tauros|Body Slam|p2a: Tauros
|-damage|p2a: Tauros|151\/353
|-status|p2a: Tauros|par
|cant|p2a: Tauros|recharge
|
|turn|46
|
|move|p1a: Tauros|Hyper Beam|p2a: Tauros
|-damage|p2a: Tauros|0 fnt
|faint|p2a: Tauros
|
|win|Kel9901
|c|★BobTheBuilderBruh|bloody cunt
|c|★Kel9901|gg
|c|★BobTheBuilderBruh|gg