|join|Destros09
|join|Merlin Engine
|player|p1|Destros09|15
|player|p2|Merlin Engine|165
|gametype|singles
|gen|1
|tier|[Gen 1] Random Battle
|rated
|seed|19765,49794,13593,56385
|rule|Sleep Clause Mod: Limit one foe put to sleep
|rule|Freeze Clause Mod: Limit one foe frozen
|rule|HP Percentage Mod: HP is shown in percentages
|
|start
|switch|p1a: Starmie|Starmie, L79|257\/257
|switch|p2a: Cloyster|Cloyster, L83|253\/253
|turn|1
|choice|move 4|switch 6
|
|switch|p2a: Porygon|Porygon, L85|284\/284
|move|p1a: Starmie|Thunderbolt|p2a: Porygon
|-damage|p2a: Porygon|217\/284
|-status|p2a: Porygon|par
|
|turn|2
|choice|move 2|move 4
|
|move|p1a: Starmie|Blizzard|p2a: Porygon
|-damage|p2a: Porygon|129\/284 par
|move|p2a: Porygon|Thunder Wave|p1a: Starmie
|-status|p1a: Starmie|par
|
|turn|3
|choice|move 2|move 1
|
|move|p1a: Starmie|Blizzard|p2a: Porygon
|-damage|p2a: Porygon|51\/284 par
|move|p2a: Porygon|Recover|p2a: Porygon
|-heal|p2a: Porygon|193\/284 par
|
|turn|4
|choice|move 2|move 2
|
|move|p1a: Starmie|Blizzard|p2a: Porygon
|-damage|p2a: Porygon|107\/284 par
|move|p2a: Porygon|Psychic|p1a: Starmie
|-resisted|p1a: Starmie
|-damage|p1a: Starmie|232\/257 par
|
|turn|5
|choice|move 2|move 1
|
|cant|p1a: Starmie|par
|move|p2a: Porygon|Recover|p2a: Porygon
|-heal|p2a: Porygon|249\/284 par
|
|turn|6
|choice|move 2|move 2
|
|move|p1a: Starmie|Blizzard|p2a: Porygon
|-crit|p2a: Porygon
|-damage|p2a: Porygon|80\/284 par
|move|p2a: Porygon|Psychic|p1a: Starmie
|-resisted|p1a: Starmie
|-damage|p1a: Starmie|206\/257 par
|-unboost|p1a: Starmie|spd|1
|-unboost|p1a: Starmie|spa|1
|
|turn|7
|choice|move 2|move 1
|
|move|p2a: Porygon|Recover|p2a: Porygon
|-heal|p2a: Porygon|222\/284 par
|move|p1a: Starmie|Blizzard|p2a: Porygon
|-damage|p2a: Porygon|171\/284 par
|
|turn|8
|choice|move 2|move 2
|
|move|p2a: Porygon|Psychic|p1a: Starmie
|-resisted|p1a: Starmie
|-damage|p1a: Starmie|164\/257 par
|-unboost|p1a: Starmie|spd|1
|-unboost|p1a: Starmie|spa|1
|move|p1a: Starmie|Blizzard|p2a: Porygon
|-damage|p2a: Porygon|128\/284 par
|
|turn|9
|choice|move 2|move 2
|
|move|p2a: Porygon|Psychic|p1a: Starmie
|-resisted|p1a: Starmie
|-damage|p1a: Starmie|108\/257 par
|move|p1a: Starmie|Blizzard|p2a: Porygon
|-damage|p2a: Porygon|86\/284 par
|
|turn|10
|choice|move 2|move 2
|
|move|p2a: Porygon|Psychic|p1a: Starmie
|-resisted|p1a: Starmie
|-damage|p1a: Starmie|51\/257 par
|move|p1a: Starmie|Blizzard|p2a: Porygon
|-damage|p2a: Porygon|45\/284 par
|
|turn|11
|choice|move 1|move 2
|
|cant|p2a: Porygon|par
|cant|p1a: Starmie|par
|
|turn|12
|choice|move 1|move 2
|
|cant|p2a: Porygon|par
|cant|p1a: Starmie|par
|
|turn|13
|choice|move 1|move 2
|
|cant|p2a: Porygon|par
|move|p1a: Starmie|Recover|p1a: Starmie
|-heal|p1a: Starmie|179\/257 par
|
|turn|14
|choice|move 4|move 1
|
|move|p2a: Porygon|Recover|p2a: Porygon
|-heal|p2a: Porygon|187\/284 par
|move|p1a: Starmie|Thunderbolt|p2a: Porygon
|-damage|p2a: Porygon|154\/284 par
|
|turn|15
|choice|move 4|move 2
|
|cant|p2a: Porygon|par
|move|p1a: Starmie|Thunderbolt|p2a: Porygon
|-crit|p2a: Porygon
|-damage|p2a: Porygon|20\/284 par
|
|turn|16
|choice|move 3|move 1
|
|move|p2a: Porygon|Recover|p2a: Porygon
|-heal|p2a: Porygon|162\/284 par
|move|p1a: Starmie|Surf|p2a: Porygon
|-damage|p2a: Porygon|114\/284 par
|
|turn|17
|choice|move 4|move 1
|
|cant|p2a: Porygon|par
|move|p1a: Starmie|Thunderbolt|p2a: Porygon
|-damage|p2a: Porygon|78\/284 par
|
|turn|18
|choice|move 4|move 1
|
|move|p2a: Porygon|Recover|p2a: Porygon
|-heal|p2a: Porygon|220\/284 par
|move|p1a: Starmie|Thunderbolt|p2a: Porygon
|-damage|p2a: Porygon|186\/284 par
|
|turn|19
|choice|move 4|move 2
|
|move|p2a: Porygon|Psychic|p1a: Starmie
|-resisted|p1a: Starmie
|-damage|p1a: Starmie|124\/257 par
|move|p1a: Starmie|Thunderbolt|p2a: Porygon
|-damage|p2a: Porygon|154\/284 par
|
|turn|20
|choice|move 1|move 2
|
|move|p2a: Porygon|Psychic|p1a: Starmie
|-resisted|p1a: Starmie
|-damage|p1a: Starmie|69\/257 par
|move|p1a: Starmie|Recover|p1a: Starmie
|-heal|p1a: Starmie|197\/257 par
|
|turn|21
|choice|move 4|move 2
|
|move|p2a: Porygon|Psychic|p1a: Starmie
|-resisted|p1a: Starmie
|-damage|p1a: Starmie|140\/257 par
|move|p1a: Starmie|Thunderbolt|p2a: Porygon
|-damage|p2a: Porygon|123\/284 par
|
|turn|22
|choice|move 1|move 1
|
|move|p2a: Porygon|Recover|p2a: Porygon
|-heal|p2a: Porygon|265\/284 par
|cant|p1a: Starmie|par
|
|turn|23
|choice|move 1|move 2
|
|move|p2a: Porygon|Psychic|p1a: Starmie
|-resisted|p1a: Starmie
|-damage|p1a: Starmie|86\/257 par
|move|p1a: Starmie|Recover|p1a: Starmie
|-heal|p1a: Starmie|214\/257 par
|
|turn|24
|choice|move 4|move 2
|
|move|p2a: Porygon|Psychic|p1a: Starmie
|-resisted|p1a: Starmie
|-damage|p1a: Starmie|164\/257 par
|move|p1a: Starmie|Thunderbolt|p2a: Porygon
|-crit|p2a: Porygon
|-damage|p2a: Porygon|134\/284 par
|
|turn|25
|choice|move 4|move 1
|
|cant|p2a: Porygon|par
|move|p1a: Starmie|Thunderbolt|p2a: Porygon
|-damage|p2a: Porygon|101\/284 par
|
|turn|26
|choice|move 4|move 1
|
|cant|p2a: Porygon|par
|move|p1a: Starmie|Thunderbolt|p2a: Porygon
|-damage|p2a: Porygon|66\/284 par
|
|turn|27
|choice|move 4|move 1
|
|move|p2a: Porygon|Recover|p2a: Porygon
|-heal|p2a: Porygon|208\/284 par
|move|p1a: Starmie|Thunderbolt|p2a: Porygon
|-damage|p2a: Porygon|176\/284 par
|
|turn|28
|choice|move 4|move 2
|
|move|p2a: Porygon|Psychic|p1a: Starmie
|-resisted|p1a: Starmie
|-damage|p1a: Starmie|110\/257 par
|move|p1a: Starmie|Thunderbolt|p2a: Porygon
|-damage|p2a: Porygon|144\/284 par
|
|turn|29
|choice|move 4|move 2
|
|move|p2a: Porygon|Psychic|p1a: Starmie
|-resisted|p1a: Starmie
|-damage|p1a: Starmie|58\/257 par
|cant|p1a: Starmie|par
|
|turn|30
|choice|move 1|move 2
|
|move|p2a: Porygon|Psychic|p1a: Starmie
|-resisted|p1a: Starmie
|-damage|p1a: Starmie|7\/257 par
|-unboost|p1a: Starmie|spd|1
|-unboost|p1a: Starmie|spa|1
|move|p1a: Starmie|Recover|p1a: Starmie
|-heal|p1a: Starmie|135\/257 par
|
|turn|31
|choice|move 1|move 2
|
|move|p2a: Porygon|Psychic|p1a: Starmie
|-resisted|p1a: Starmie
|-damage|p1a: Starmie|65\/257 par
|move|p1a: Starmie|Recover|p1a: Starmie
|-heal|p1a: Starmie|193\/257 par
|
|turn|32
|choice|move 4|move 2
|
|move|p2a: Porygon|Psychic|p1a: Starmie
|-resisted|p1a: Starmie
|-damage|p1a: Starmie|127\/257 par
|-unboost|p1a: Starmie|spd|1
|-unboost|p1a: Starmie|spa|1
|move|p1a: Starmie|Thunderbolt|p2a: Porygon
|-damage|p2a: Porygon|124\/284 par
|
|turn|33
|choice|move 1|move 1
|
|move|p2a: Porygon|Recover|p2a: Porygon
|-heal|p2a: Porygon|266\/284 par
|move|p1a: Starmie|Recover|p1a: Starmie
|-heal|p1a: Starmie|255\/257 par
|
|turn|34
|choice|move 4|move 3
|
|move|p2a: Porygon|Ice Beam|p1a: Starmie
|-resisted|p1a: Starmie
|-damage|p1a: Starmie|166\/257 par
|move|p1a: Starmie|Thunderbolt|p2a: Porygon
|-damage|p2a: Porygon|243\/284 par
|
|turn|35
|choice|move 1|move 3
|
|cant|p2a: Porygon|par
|move|p1a: Starmie|Recover|p1a: Starmie
|-heal|p1a: Starmie|257\/257 par
|
|turn|36
|choice|switch 4|move 3
|
|switch|p1a: Machamp|Machamp, L90|345\/345
|cant|p2a: Porygon|par
|
|turn|37
|choice|move 4|move 2
|
|move|p1a: Machamp|Submission|p2a: Porygon
|-supereffective|p2a: Porygon
|-damage|p2a: Porygon|0 fnt
|-damage|p1a: Machamp|285\/345|[from] recoil|[of] p2a: Porygon
|faint|p2a: Porygon
|choice||switch 5
|
|switch|p2a: Weezing|Weezing, L90|300\/300
|turn|38
|choice|move 2|move 4
|
|move|p2a: Weezing|Fire Blast|p1a: Machamp
|-damage|p1a: Machamp|189\/345
|move|p1a: Machamp|Rock Slide|p2a: Weezing
|-damage|p2a: Weezing|239\/300
|
|turn|39
|choice|move 1|move 3
|
|move|p2a: Weezing|Thunder|p1a: Machamp|[miss]
|-miss|p2a: Weezing
|move|p1a: Machamp|Body Slam|p2a: Weezing
|-crit|p2a: Weezing
|-damage|p2a: Weezing|117\/300
|-status|p2a: Weezing|par
|
|turn|40
|choice|move 1|move 1
|
|move|p1a: Machamp|Body Slam|p2a: Weezing
|-damage|p2a: Weezing|51\/300 par
|move|p2a: Weezing|Explosion|p1a: Machamp
|-damage|p1a: Machamp|0 fnt
|faint|p1a: Machamp
|faint|p2a: Weezing
|c|★Merlin Engine|allahu akbar!
|choice|switch 5|switch 2
|
|switch|p2a: Raichu|Raichu, L85|276\/276
|switch|p1a: Exeggutor|Exeggutor, L79|312\/312
|turn|41
|choice|move 1|move 2
|
|move|p2a: Raichu|Body Slam|p1a: Exeggutor
|-damage|p1a: Exeggutor|243\/312
|move|p1a: Exeggutor|Sleep Powder|p2a: Raichu|[miss]
|-miss|p1a: Exeggutor
|
|turn|42
|choice|move 1|switch 3
|
|switch|p2a: Marowak|Marowak, L90|291\/291
|move|p1a: Exeggutor|Sleep Powder|p2a: Marowak|[miss]
|-miss|p1a: Exeggutor
|
|turn|43
|choice|move 1|move 2
|
|move|p2a: Marowak|Blizzard|p1a: Exeggutor
|-supereffective|p1a: Exeggutor
|-damage|p1a: Exeggutor|122\/312
|move|p1a: Exeggutor|Sleep Powder|p2a: Marowak|[miss]
|-miss|p1a: Exeggutor
|
|turn|44
|choice|move 2|move 2
|
|move|p2a: Marowak|Blizzard|p1a: Exeggutor
|-supereffective|p1a: Exeggutor
|-damage|p1a: Exeggutor|18\/312
|move|p1a: Exeggutor|Mega Drain|p2a: Marowak
|-supereffective|p2a: Marowak
|-damage|p2a: Marowak|171\/291
|-heal|p1a: Exeggutor|78\/312|[from] drain|[of] p2a: Marowak
|
|turn|45
|choice|move 4|move 2
|
|move|p2a: Marowak|Blizzard|p1a: Exeggutor
|-supereffective|p1a: Exeggutor
|-damage|p1a: Exeggutor|0 fnt
|faint|p1a: Exeggutor
|choice|switch 4|
|
|switch|p1a: Starmie|Starmie, L79|257\/257 par
|turn|46
|choice|move 3|switch 3
|
|switch|p2a: Raichu|Raichu, L85|276\/276
|move|p1a: Starmie|Surf|p2a: Raichu
|-damage|p2a: Raichu|181\/276
|
|turn|47
|choice|move 3|move 4
|
|move|p2a: Raichu|Thunderbolt|p1a: Starmie
|-supereffective|p1a: Starmie
|-damage|p1a: Starmie|53\/257 par
|move|p1a: Starmie|Surf|p2a: Raichu
|-damage|p2a: Raichu|95\/276
|
|turn|48
|choice|move 1|move 2
|
|move|p2a: Raichu|Body Slam|p1a: Starmie
|-crit|p1a: Starmie
|-damage|p1a: Starmie|0 fnt
|faint|p1a: Starmie
|choice|switch 6|
|
|switch|p1a: Rhydon|Rhydon, L79|328\/328
|turn|49
|choice|move 3|move 1
|
|move|p2a: Raichu|Surf|p1a: Rhydon
|-supereffective|p1a: Rhydon
|-damage|p1a: Rhydon|0 fnt
|faint|p1a: Rhydon
|choice|switch 2|
|
|switch|p1a: Kangaskhan|Kangaskhan, L85|352\/352
|turn|50
|choice|move 2|move 4
|
|move|p2a: Raichu|Thunderbolt|p1a: Kangaskhan
|-damage|p1a: Kangaskhan|213\/352
|move|p1a: Kangaskhan|Earthquake|p2a: Raichu
|-supereffective|p2a: Raichu
|-damage|p2a: Raichu|0 fnt
|faint|p2a: Raichu
|choice||switch 3
|
|switch|p2a: Marowak|Marowak, L90|171\/291
|turn|51
|choice|move 1|move 3
|
|move|p1a: Kangaskhan|Surf|p2a: Marowak
|-supereffective|p2a: Marowak
|-damage|p2a: Marowak|61\/291
|move|p2a: Marowak|Earthquake|p1a: Kangaskhan
|-damage|p1a: Kangaskhan|101\/352
|
|turn|52
|choice|move 4|move 3
|
|move|p1a: Kangaskhan|Hyper Beam|p2a: Marowak
|-damage|p2a: Marowak|0 fnt
|faint|p2a: Marowak
|choice||switch 6
|
|switch|p2a: Cloyster|Cloyster, L83|253\/253
|turn|53
|choice|move 4|move 4
|
|move|p1a: Kangaskhan|Hyper Beam|p2a: Cloyster
|-damage|p2a: Cloyster|163\/253
|move|p2a: Cloyster|Hyper Beam|p1a: Kangaskhan
|-damage|p1a: Kangaskhan|0 fnt
|faint|p1a: Kangaskhan
|choice|switch 3|
|
|switch|p1a: Electabuzz|Electabuzz, L85|284\/284
|turn|54
|choice|move 1|switch 4
|
|switch|p2a: Golem|Golem, L79|288\/288
|move|p1a: Electabuzz|Thunderbolt|p2a: Golem
|-immune|p2a: Golem|[msg]
|
|turn|55
|choice|move 3|move 2
|
|move|p1a: Electabuzz|Seismic Toss|p2a: Golem
|-damage|p2a: Golem|203\/288
|move|p2a: Golem|Earthquake|p1a: Electabuzz
|-supereffective|p1a: Electabuzz
|-damage|p1a: Electabuzz|25\/284
|
|turn|56
|choice|move 4|move 4
|
|move|p1a: Electabuzz|Psychic|p2a: Golem
|-damage|p2a: Golem|124\/288
|move|p2a: Golem|Body Slam|p1a: Electabuzz
|-crit|p1a: Electabuzz
|-damage|p1a: Electabuzz|0 fnt
|faint|p1a: Electabuzz
|
|win|Merlin Engine
|c|★Merlin Engine|gg
|raw|Destros09's rating: 1048 &rarr; <strong>1037<\/strong><br \/>(-11 for losing)
|raw|Merlin Engine's rating: 1186 &rarr; <strong>1201<\/strong><br \/>(+15 for winning)
|c|★Destros09|Gg