|join|marcoasd
|join|test0011
|player|p1|marcoasd|101
|player|p2|test0011|275
|gametype|singles
|gen|1
|tier|[Gen 1] OU (beta)
|rule|Sleep Clause Mod: Limit one foe put to sleep
|rule|Species Clause: Limit one of each Pokemon
|rule|OHKO Clause: OHKO moves are banned
|rule|Moody Clause: Moody is banned
|rule|Evasion Moves Clause: Evasion moves are banned
|rule|Endless Battle Clause: Forcing endless battles is banned.
|rule|HP Percentage Mod: HP is reported as percentages
|
|start
|switch|p1a: Jynx|Jynx|333\/333
|switch|p2a: Dragonite|Dragonite|385\/385
|turn|1
|callback|decision
|chat|marcoasd|lol i'm gonna blizz you
|chat|test0011|so the damage for wrap is correct?
|chat|marcoasd|?
|
|switch|p1a: Chansey|Chansey|703\/703
|move|p2a: Dragonite|Wrap|p1a: Chansey
|-damage|p1a: Chansey|660\/703
|-activate|p1a: Chansey|move: Wrap|[of] p2a: Dragonite
|
|turn|2
|callback|decision
|
|move|p2a: Dragonite|Wrap|p1a: Chansey
|-damage|p1a: Chansey|617\/703
|cant|p1a: Chansey|partiallytrapped
|
|turn|3
|callback|decision
|
|switch|p1a: Golem|Golem|363\/363
|move|p2a: Dragonite|Wrap|p1a: Golem
|-resisted|p1a: Golem
|-damage|p1a: Golem|357\/363
|-activate|p1a: Golem|move: Wrap|[of] p2a: Dragonite
|
|turn|4
|callback|decision
|
|move|p2a: Dragonite|Wrap|p1a: Golem
|-damage|p1a: Golem|314\/363
|cant|p1a: Golem|partiallytrapped
|
|turn|5
|callback|decision
|chat|test0011|ha
|chat|marcoasd|11,8
|chat|test0011|is that the correct damage?
|chat|test0011|I highly doubt it
|
|switch|p1a: Jynx|Jynx|333\/333
|move|p2a: Dragonite|Wrap|p1a: Jynx
|-damage|p1a: Jynx|308\/333
|-activate|p1a: Jynx|move: Wrap|[of] p2a: Dragonite
|
|turn|6
|callback|decision
|chat|marcoasd|it happens into the cartridge too
|chat|marcoasd|but it's a bug
|
|cant|p1a: Jynx|partiallytrapped
|move|p2a: Dragonite|Wrap|p1a: Jynx
|-damage|p1a: Jynx|265\/333
|
|turn|7
|callback|decision
|
|cant|p1a: Jynx|partiallytrapped
|move|p2a: Dragonite|Wrap|p1a: Jynx
|-damage|p1a: Jynx|222\/333
|
|-end|p1a: Jynx|Wrap|[partiallytrapped]
|turn|8
|callback|decision
|
|move|p1a: Jynx|Ice Beam|p2a: Dragonite
|-supereffective|p2a: Dragonite
|-damage|p2a: Dragonite|0 fnt
|faint|p2a: Dragonite
|
|callback|decision
|
|switch|p2a: Cloyster|Cloyster|303\/303
|turn|9
|callback|decision
|chat|test0011|lets do clamp
|chat|marcoasd|same thing
|
|switch|p1a: Chansey|Chansey|617\/703
|move|p2a: Cloyster|Clamp|p1a: Chansey
|-damage|p1a: Chansey|583\/703
|-activate|p1a: Chansey|move: Clamp|[of] p2a: Cloyster
|
|turn|10
|callback|decision
|chat|test0011|well I'm not sure about it happening on cartridge, on bulbapedia there is no info about this
|
|move|p2a: Cloyster|Clamp|p1a: Chansey
|-damage|p1a: Chansey|549\/703
|cant|p1a: Chansey|partiallytrapped
|
|turn|11
|callback|decision
|
|switch|p1a: Exeggutor|Exeggutor|393\/393
|move|p2a: Cloyster|Clamp|p1a: Exeggutor
|-crit|p1a: Exeggutor
|-resisted|p1a: Exeggutor
|-damage|p1a: Exeggutor|360\/393
|-activate|p1a: Exeggutor|move: Clamp|[of] p2a: Cloyster
|
|turn|12
|callback|decision
|
|move|p2a: Cloyster|Clamp|p1a: Exeggutor
|-damage|p1a: Exeggutor|326\/393
|cant|p1a: Exeggutor|partiallytrapped
|
|turn|13
|callback|decision
|
|switch|p1a: Chansey|Chansey|549\/703
|move|p2a: Cloyster|Clamp|p1a: Chansey
|-crit|p1a: Chansey
|-damage|p1a: Chansey|479\/703
|-activate|p1a: Chansey|move: Clamp|[of] p2a: Cloyster
|
|turn|14
|callback|decision
|
|switch|p1a: Jynx|Jynx|222\/333
|move|p2a: Cloyster|Clamp|p1a: Jynx
|-damage|p1a: Jynx|184\/333
|-activate|p1a: Jynx|move: Clamp|[of] p2a: Cloyster
|
|turn|15
|callback|decision
|chat|marcoasd|also, there is no chance to miss when I switch
|chat|marcoasd|and there should be
|
|switch|p1a: Chansey|Chansey|479\/703
|move|p2a: Cloyster|Clamp|p1a: Chansey
|-damage|p1a: Chansey|442\/703
|-activate|p1a: Chansey|move: Clamp|[of] p2a: Cloyster
|
|turn|16
|callback|decision
|chat|test0011|yes
|
|move|p2a: Cloyster|Clamp|p1a: Chansey
|-damage|p1a: Chansey|408\/703
|cant|p1a: Chansey|partiallytrapped
|
|turn|17
|callback|decision
|
|switch|p1a: Exeggutor|Exeggutor|326\/393
|move|p2a: Cloyster|Clamp|p1a: Exeggutor
|-resisted|p1a: Exeggutor
|-damage|p1a: Exeggutor|308\/393
|-activate|p1a: Exeggutor|move: Clamp|[of] p2a: Cloyster
|
|turn|18
|callback|decision
|
|move|p2a: Cloyster|Clamp|p1a: Exeggutor
|-damage|p1a: Exeggutor|274\/393
|cant|p1a: Exeggutor|partiallytrapped
|
|-end|p1a: Exeggutor|Clamp|[partiallytrapped]
|turn|19
|callback|decision
|chat|marcoasd|8,7
|chat|test0011|ok
|chat|test0011|I think that is enough evidence
|chat|test0011|let's do counter
|chat|marcoasd|it's bugged of course
|chat|marcoasd|no counter here
|chat|marcoasd|but it's bugged for sure
|chat|test0011|I'm going for snorlax, can  you take tauros?
|
|switch|p2a: Snorlax|Snorlax|523\/523
|switch|p1a: Chansey|Chansey|408\/703
|
|turn|20
|callback|decision
|chat|test0011|my snorlax has counter
|chat|marcoasd|switch it out
|
|switch|p1a: Snorlax|Snorlax|523\/523
|switch|p2a: Cloyster|Cloyster|303\/303
|
|turn|21
|callback|decision
|chat|marcoasd|now lax in
|chat|marcoasd|noooo
|chat|test0011|?
|chat|marcoasd|this snorlax has no hb
|chat|marcoasd|switch to another thing
|
|switch|p2a: Alakazam|Alakazam|313\/313
|switch|p1a: Tauros|Tauros|353\/353
|
|turn|22
|callback|decision
|chat|test0011|zam has counter also
|chat|marcoasd|now to lax
|
|switch|p2a: Snorlax|Snorlax|523\/523
|move|p1a: Tauros|Hyper Beam|p2a: Snorlax|[miss]
|-miss|p1a: Tauros
|
|turn|23
|callback|decision
|chat|marcoasd|out to zam
|
|switch|p2a: Alakazam|Alakazam|313\/313
|move|p1a: Tauros|Earthquake|p2a: Alakazam
|-damage|p2a: Alakazam|185\/313
|
|turn|24
|callback|decision
|chat|marcoasd|lax
|
|switch|p2a: Snorlax|Snorlax|523\/523
|move|p1a: Tauros|Hyper Beam|p2a: Snorlax
|-damage|p2a: Snorlax|312\/523
|
|turn|25
|callback|decision
|chat|marcoasd|mmm
|chat|test0011|now, lets see
|
|cant|p1a: Tauros|recharge
|move|p2a: Snorlax|Counter|p1a: Tauros
|-fail|p2a: Snorlax
|
|turn|26
|callback|decision
|chat|marcoasd|ridiculous
|chat|test0011|good
|chat|marcoasd|it think that's enough
|chat|marcoasd|also... reflect
|chat|test0011|should we test it? i have it on zam
|chat|marcoasd|if CH happens with reflect, reflect still counts, and it shouldn't
|chat|marcoasd|PS is bugged as hell XD
|chat|marcoasd|switch
|chat|marcoasd|but it's blantant
|chat|test0011|evidence is necessary for the report though
|chat|marcoasd|switch to something else
|
|switch|p2a: Alakazam|Alakazam|185\/313
|move|p1a: Tauros|Body Slam|p2a: Alakazam
|-damage|p2a: Alakazam|27\/313
|
|turn|27
|callback|decision
|chat|test0011|recover
|chat|marcoasd|use your things
|
|switch|p1a: Jynx|Jynx|184\/333
|move|p2a: Alakazam|Recover|p2a: Alakazam
|-heal|p2a: Alakazam|183\/313
|
|turn|28
|callback|decision
|
|switch|p1a: Chansey|Chansey|408\/703
|move|p2a: Alakazam|Reflect|p2a: Alakazam
|
|turn|29
|callback|decision
|
|switch|p1a: Tauros|Tauros|353\/353
|move|p2a: Alakazam|Recover|p2a: Alakazam
|-heal|p2a: Alakazam|313\/313
|
|turn|30
|callback|decision
|
|move|p2a: Alakazam|Recover|p2a: Alakazam
|-fail|p2a: Alakazam
|move|p1a: Tauros|Body Slam|p2a: Alakazam
|-crit|p2a: Alakazam
|-damage|p2a: Alakazam|160\/313
|
|turn|31
|callback|decision
|chat|marcoasd|lol
|chat|test0011|yup
|chat|marcoasd|are you a member of the staff?
|chat|test0011|I'm moron
|chat|test0011|angry moron
|chat|marcoasd|lol
|chat|test0011|ok
|chat|marcoasd|but why this
|chat|marcoasd|are you gonna report to someone?
|chat|test0011|I'll post it in the bug report thread
|chat|marcoasd|ok I see
|chat|test0011|these things are easily fixed
|chat|marcoasd|those bugs are well known
|chat|marcoasd|and bad, really
|chat|test0011|humm, now you need to win or I won't be able to save the replay
|
|switch|p2a: Chansey|Chansey|703\/703
|switch|p1a: Exeggutor|Exeggutor|274\/393
|
|turn|32
|callback|decision
|
|switch|p2a: Snorlax|Snorlax|312\/523
|move|p1a: Exeggutor|Sleep Powder|p2a: Snorlax
|-status|p2a: Snorlax|slp
|
|turn|33
|callback|decision
|chat|test0011|you die all the mons, I have no moves
|
|switch|p2a: Alakazam|Alakazam|160\/313
|move|p1a: Exeggutor|Psychic|p2a: Alakazam
|-resisted|p2a: Alakazam
|-damage|p2a: Alakazam|113\/313
|
|turn|34
|callback|decision
|chat|marcoasd|loool
|chat|marcoasd|we need to finish?
|chat|test0011|I don't know how to save replay with a forfeit :p
|
|switch|p2a: Chansey|Chansey|703\/703
|move|p1a: Exeggutor|Psychic|p2a: Chansey
|-damage|p2a: Chansey|581\/703
|
|turn|35
|callback|decision
|chat|marcoasd|yeah
|
|switch|p2a: Alakazam|Alakazam|113\/313
|move|p1a: Exeggutor|Explosion|p2a: Alakazam
|-damage|p2a: Alakazam|0 fnt
|faint|p2a: Alakazam
|faint|p1a: Exeggutor
|callback|decision
|
|switch|p2a: Chansey|Chansey|581\/703
|switch|p1a: Golem|Golem|314\/363
|turn|36
|callback|decision
|
|move|p2a: Chansey|Thunder Wave|p1a: Golem
|-immune|p1a: Golem|[msg]
|move|p1a: Golem|Explosion|p2a: Chansey
|-damage|p2a: Chansey|0 fnt
|faint|p2a: Chansey
|faint|p1a: Golem
|callback|decision
|
|switch|p1a: Jynx|Jynx|184\/333
|switch|p2a: Snorlax|Snorlax|312\/523 slp
|turn|37
|callback|decision
|
|move|p1a: Jynx|Psychic|p2a: Snorlax
|-damage|p2a: Snorlax|188\/523 slp
|-unboost|p2a: Snorlax|spd|1
|-unboost|p2a: Snorlax|spa|1
|cant|p2a: Snorlax|slp
|
|turn|38
|callback|decision
|
|move|p1a: Jynx|Psychic|p2a: Snorlax
|-damage|p2a: Snorlax|0 fnt
|faint|p2a: Snorlax
|
|callback|decision
|
|switch|p2a: Cloyster|Cloyster|303\/303
|turn|39
|callback|decision
|
|move|p1a: Jynx|Psychic|p2a: Cloyster
|-damage|p2a: Cloyster|187\/303
|move|p2a: Cloyster|Clamp|p1a: Jynx
|-damage|p1a: Jynx|148\/333
|-activate|p1a: Jynx|move: Clamp|[of] p2a: Cloyster
|
|turn|40
|callback|decision
|
|cant|p1a: Jynx|partiallytrapped
|move|p2a: Cloyster|Clamp|p1a: Jynx
|-damage|p1a: Jynx|112\/333
|
|-end|p1a: Jynx|Clamp|[partiallytrapped]
|turn|41
|callback|decision
|
|move|p1a: Jynx|Psychic|p2a: Cloyster
|-damage|p2a: Cloyster|71\/303
|move|p2a: Cloyster|Clamp|p1a: Jynx|[miss]
|-miss|p2a: Cloyster
|
|turn|42
|callback|decision
|
|move|p1a: Jynx|Psychic|p2a: Cloyster
|-damage|p2a: Cloyster|0 fnt
|faint|p2a: Cloyster
|
|win|marcoasd