|j|Ch01W0n5h1n
|j|IBIREVER ♥爱♥
|player|p1|Ch01W0n5h1n|165
|player|p2|IBIREVER ♥爱♥|129
|gametype|singles
|gen|1
|tier|[Gen 1] OU
|seed|28673,25594,16856,56296
|rule|Sleep Clause Mod: Limit one foe put to sleep
|rule|Freeze Clause Mod: Limit one foe frozen
|rule|Species Clause: Limit one of each Pokémon
|rule|OHKO Clause: OHKO moves are banned
|rule|Evasion Moves Clause: Evasion moves are banned
|rule|HP Percentage Mod: HP is shown in percentages
|
|start
|switch|p1a: Hungry|Alakazam|313\/313
|switch|p2a: Jynx|Jynx|333\/333
|turn|1
|choice|move 3|move 1
|
|move|p1a: Hungry|Kinesis|p2a: Jynx|[miss]
|-miss|p1a: Hungry
|move|p2a: Jynx|Lovely Kiss|p1a: Hungry|[miss]
|-miss|p2a: Jynx
|
|turn|2
|choice|move 1|move 1
|
|move|p1a: Hungry|Thunder Wave|p2a: Jynx
|-status|p2a: Jynx|par
|move|p2a: Jynx|Lovely Kiss|p1a: Hungry
|-status|p1a: Hungry|slp
|
|turn|3
|choice|switch 6|move 4
|
|switch|p1a: Gorelax|Snorlax|523\/523
|move|p2a: Jynx|Blizzard|p1a: Gorelax
|-damage|p1a: Gorelax|357\/523
|
|turn|4
|choice|move 1|switch 5
|
|switch|p2a: Exeggutor|Exeggutor|393\/393
|move|p1a: Gorelax|Amnesia|p1a: Gorelax
|-boost|p1a: Gorelax|spd|2
|-boost|p1a: Gorelax|spa|2
|
|turn|5
|choice|move 2|move 4
|
|move|p2a: Exeggutor|Explosion|p1a: Gorelax
|-damage|p1a: Gorelax|33\/523
|faint|p2a: Exeggutor
|j|BurningBlood
|choice||switch 6
|
|switch|p2a: Tauros|Tauros|353\/353
|turn|6
|choice|switch 4|move 4
|
|switch|p1a: Mega Gastly|Cloyster|303\/303
|move|p2a: Tauros|Earthquake|p1a: Mega Gastly
|-crit|p1a: Mega Gastly
|-damage|p1a: Mega Gastly|198\/303
|
|turn|7
|choice|move 3|move 1
|
|move|p2a: Tauros|Body Slam|p1a: Mega Gastly
|-damage|p1a: Mega Gastly|128\/303
|move|p1a: Mega Gastly|Blizzard|p2a: Tauros
|-damage|p2a: Tauros|182\/353
|
|turn|8
|choice|move 4|switch 2
|
|switch|p2a: Chansey|Chansey|703\/703
|move|p1a: Mega Gastly|Rest|p1a: Mega Gastly
|-status|p1a: Mega Gastly|slp
|-heal|p1a: Mega Gastly|303\/303 slp|[silent]
|-status|p1a: Mega Gastly|slp|[from] move: Rest
|
|turn|9
|choice|switch 3|move 1
|
|switch|p1a: Chance E|Chansey|703\/703
|move|p2a: Chansey|Thunderbolt|p1a: Chance E
|-crit|p1a: Chance E
|-damage|p1a: Chance E|551\/703
|
|turn|10
|choice|move 1|move 3
|
|move|p1a: Chance E|Ice Beam|p2a: Chansey
|-damage|p2a: Chansey|624\/703
|move|p2a: Chansey|Ice Beam|p1a: Chance E
|-damage|p1a: Chance E|482\/703
|
|turn|11
|choice|move 4|switch 5
|
|switch|p2a: Jynx|Jynx|333\/333 par
|move|p1a: Chance E|Soft-Boiled|p1a: Chance E
|-heal|p1a: Chance E|703\/703
|
|turn|12
|l|BurningBlood
|choice|move 3|move 3
|
|move|p1a: Chance E|Thunderbolt|p2a: Jynx
|-crit|p2a: Jynx
|-damage|p2a: Jynx|182\/333 par
|move|p2a: Jynx|Psychic|p1a: Chance E
|-damage|p1a: Chance E|612\/703
|-unboost|p1a: Chance E|spd|1
|-unboost|p1a: Chance E|spa|1
|
|turn|13
|choice|switch 4|move 2
|
|switch|p1a: Gorelax|Snorlax|33\/523
|move|p2a: Jynx|Rest|p2a: Jynx
|-status|p2a: Jynx|slp
|-heal|p2a: Jynx|333\/333 slp|[silent]
|-status|p2a: Jynx|slp|[from] move: Rest
|
|turn|14
|choice|move 3|switch 4
|
|switch|p2a: Rhydon|Rhydon, M|413\/413
|move|p1a: Gorelax|Rest|p1a: Gorelax
|-status|p1a: Gorelax|slp
|-heal|p1a: Gorelax|523\/523 slp|[silent]
|-status|p1a: Gorelax|slp|[from] move: Rest
|
|turn|15
|choice|switch 2|move 4
|
|switch|p1a: Cut.Exe|Exeggutor|393\/393
|move|p2a: Rhydon|Substitute|p2a: Rhydon
|-start|p2a: Rhydon|Substitute
|-damage|p2a: Rhydon|310\/413
|
|turn|16
|choice|move 1|move 3
|
|move|p1a: Cut.Exe|Sleep Powder|p2a: Rhydon
|-status|p2a: Rhydon|slp
|-curestatus|p2a: Rhydon|slp
|
|turn|17
|choice|move 1|move 3
|
|move|p1a: Cut.Exe|Sleep Powder|p2a: Rhydon|[miss]
|-miss|p1a: Cut.Exe
|move|p2a: Rhydon|Body Slam|p1a: Cut.Exe
|-damage|p1a: Cut.Exe|299\/393
|
|turn|18
|choice|move 1|move 3
|
|move|p1a: Cut.Exe|Sleep Powder|p2a: Rhydon
|-status|p2a: Rhydon|slp
|cant|p2a: Rhydon|slp
|
|turn|19
|choice|move 3|move 3
|
|move|p1a: Cut.Exe|Psychic|p2a: Rhydon
|-end|p2a: Rhydon|Substitute
|cant|p2a: Rhydon|slp
|
|turn|20
|choice|switch 3|switch 5
|
|switch|p1a: Mega Gastly|Cloyster|303\/303 slp
|switch|p2a: Chansey|Chansey|624\/703
|
|turn|21
|choice|switch 4|move 1
|
|switch|p1a: Chance E|Chansey|612\/703
|move|p2a: Chansey|Thunderbolt|p1a: Chance E
|-damage|p1a: Chance E|543\/703
|
|turn|22
|choice|move 1|move 3
|
|move|p1a: Chance E|Ice Beam|p2a: Chansey
|-damage|p2a: Chansey|552\/703
|move|p2a: Chansey|Ice Beam|p1a: Chance E
|-damage|p1a: Chance E|471\/703
|
|turn|23
|choice|move 4|move 3
|
|move|p1a: Chance E|Soft-Boiled|p1a: Chance E
|-heal|p1a: Chance E|703\/703
|move|p2a: Chansey|Ice Beam|p1a: Chance E
|-damage|p1a: Chance E|632\/703
|-status|p1a: Chance E|frz
|
|turn|24
|choice|switch 2|switch 2
|
|switch|p2a: Tauros|Tauros|182\/353
|switch|p1a: Gorelax|Snorlax|523\/523 slp
|
|turn|25
|choice|move 1|move 1
|
|move|p2a: Tauros|Body Slam|p1a: Gorelax
|-damage|p1a: Gorelax|384\/523 slp
|cant|p1a: Gorelax|slp
|
|turn|26
|choice|move 2|move 1
|
|move|p2a: Tauros|Body Slam|p1a: Gorelax
|-crit|p1a: Gorelax
|-damage|p1a: Gorelax|131\/523 slp
|-curestatus|p1a: Gorelax|slp
|
|turn|27
|choice|switch 4|move 3
|
|switch|p1a: Mega Gastly|Cloyster|303\/303 slp
|move|p2a: Tauros|Hyper Beam|p1a: Mega Gastly
|-crit|p1a: Mega Gastly
|-damage|p1a: Mega Gastly|91\/303 slp
|
|turn|28
|-mustrecharge|p2a: Tauros
|-mustrecharge|p2a: Tauros
|choice|move 4|move 1
|
|cant|p2a: Tauros|recharge
|cant|p1a: Mega Gastly|slp
|
|turn|29
|choice|move 4|move 1
|
|move|p2a: Tauros|Body Slam|p1a: Mega Gastly
|-damage|p1a: Mega Gastly|21\/303 slp
|-curestatus|p1a: Mega Gastly|slp
|
|turn|30
|choice|switch 4|move 1
|
|switch|p1a: Gorelax|Snorlax|131\/523
|move|p2a: Tauros|Body Slam|p1a: Gorelax
|-damage|p1a: Gorelax|0 fnt
|faint|p1a: Gorelax
|choice|switch 5|
|
|switch|p1a: Energy|Tauros|353\/353
|turn|31
|choice|move 1|move 1
|
|move|p1a: Energy|Body Slam|p2a: Tauros
|-damage|p2a: Tauros|81\/353
|move|p2a: Tauros|Body Slam|p1a: Energy
|-damage|p1a: Energy|249\/353
|
|turn|32
|choice|move 1|switch 5
|
|switch|p2a: Rhydon|Rhydon, M|310\/413 slp
|move|p1a: Energy|Body Slam|p2a: Rhydon
|-resisted|p2a: Rhydon
|-damage|p2a: Rhydon|269\/413 slp
|
|turn|33
|choice|switch 4|switch 3
|
|switch|p1a: Mega Gastly|Cloyster|21\/303
|switch|p2a: Snorlax|Snorlax|523\/523
|
|turn|34
|choice|move 4|move 2
|
|move|p1a: Mega Gastly|Rest|p1a: Mega Gastly
|-status|p1a: Mega Gastly|slp
|-heal|p1a: Mega Gastly|303\/303 slp|[silent]
|-status|p1a: Mega Gastly|slp|[from] move: Rest
|move|p2a: Snorlax|Body Slam|p1a: Mega Gastly
|-damage|p1a: Mega Gastly|231\/303 slp
|
|turn|35
|choice|move 3|move 2
|
|cant|p1a: Mega Gastly|slp
|move|p2a: Snorlax|Body Slam|p1a: Mega Gastly
|-damage|p1a: Mega Gastly|158\/303 slp
|
|turn|36
|choice|move 3|move 2
|
|-curestatus|p1a: Mega Gastly|slp
|move|p2a: Snorlax|Body Slam|p1a: Mega Gastly
|-damage|p1a: Mega Gastly|86\/303
|
|turn|37
|choice|move 1|move 2
|
|move|p1a: Mega Gastly|Clamp|p2a: Snorlax
|-damage|p2a: Snorlax|473\/523
|-activate|p2a: Snorlax|move: Clamp|[of] p1a: Mega Gastly
|cant|p2a: Snorlax|partiallytrapped
|
|turn|38
|choice|move 1|switch 4
|
|switch|p2a: Jynx|Jynx|333\/333 slp
|move|p1a: Mega Gastly|Clamp|p2a: Jynx|[miss]
|-miss|p1a: Mega Gastly
|
|turn|39
|choice|switch 4|move 3
|
|switch|p1a: Energy|Tauros|249\/353
|cant|p2a: Jynx|slp
|
|turn|40
|choice|move 1|switch 3
|
|switch|p2a: Rhydon|Rhydon, M|269\/413 slp
|move|p1a: Energy|Body Slam|p2a: Rhydon
|-resisted|p2a: Rhydon
|-damage|p2a: Rhydon|224\/413 slp
|
|turn|41
|choice|move 1|move 3
|
|move|p1a: Energy|Body Slam|p2a: Rhydon
|-crit|p2a: Rhydon
|-resisted|p2a: Rhydon
|-damage|p2a: Rhydon|144\/413 slp
|cant|p2a: Rhydon|slp
|
|turn|42
|choice|move 3|move 3
|
|move|p1a: Energy|Earthquake|p2a: Rhydon
|-supereffective|p2a: Rhydon
|-damage|p2a: Rhydon|5\/413 slp
|cant|p2a: Rhydon|slp
|
|turn|43
|choice|move 1|move 3
|
|move|p1a: Energy|Body Slam|p2a: Rhydon
|-resisted|p2a: Rhydon
|-damage|p2a: Rhydon|0 fnt
|faint|p2a: Rhydon
|choice||switch 4
|
|switch|p2a: Snorlax|Snorlax|473\/523
|turn|44
|choice|switch 3|move 2
|
|switch|p1a: Cut.Exe|Exeggutor|299\/393
|move|p2a: Snorlax|Body Slam|p1a: Cut.Exe
|-damage|p1a: Cut.Exe|180\/393
|
|turn|45
|choice|move 1|switch 3
|
|switch|p2a: Jynx|Jynx|333\/333 slp
|move|p1a: Cut.Exe|Sleep Powder|p2a: Jynx
|-fail|p2a: Jynx|slp
|
|turn|46
|choice|switch 4|move 4
|
|switch|p1a: Mega Gastly|Cloyster|86\/303
|-curestatus|p2a: Jynx|slp
|
|turn|47
|choice|switch 2|move 3
|
|switch|p1a: Chance E|Chansey|632\/703 frz
|move|p2a: Jynx|Psychic|p1a: Chance E
|-crit|p1a: Chance E
|-damage|p1a: Chance E|439\/703 frz
|-unboost|p1a: Chance E|spd|1
|-unboost|p1a: Chance E|spa|1
|
|turn|48
|choice|move 2|switch 5
|
|switch|p2a: Tauros|Tauros|81\/353
|cant|p1a: Chance E|frz
|
|turn|49
|choice|move 1|move 1
|
|move|p2a: Tauros|Body Slam|p1a: Chance E
|-damage|p1a: Chance E|148\/703 frz
|cant|p1a: Chance E|frz
|
|turn|50
|choice|move 1|move 1
|
|move|p2a: Tauros|Body Slam|p1a: Chance E
|-crit|p1a: Chance E
|-damage|p1a: Chance E|0 fnt
|faint|p1a: Chance E
|choice|switch 3|
|
|switch|p1a: Energy|Tauros|249\/353
|turn|51
|choice|move 1|move 3
|
|move|p2a: Tauros|Hyper Beam|p1a: Energy
|-damage|p1a: Energy|70\/353
|move|p1a: Energy|Body Slam|p2a: Tauros
|-crit|p2a: Tauros
|-damage|p2a: Tauros|0 fnt
|faint|p2a: Tauros
|choice||switch 3
|
|switch|p2a: Snorlax|Snorlax|473\/523
|turn|52
|choice|switch 2|move 2
|
|switch|p1a: Mega Gastly|Cloyster|86\/303
|move|p2a: Snorlax|Body Slam|p1a: Mega Gastly
|-damage|p1a: Mega Gastly|20\/303
|-status|p1a: Mega Gastly|par
|
|turn|53
|choice|switch 4|move 2
|
|switch|p1a: Cut.Exe|Exeggutor|180\/393
|move|p2a: Snorlax|Body Slam|p1a: Cut.Exe
|-damage|p1a: Cut.Exe|66\/393
|-status|p1a: Cut.Exe|par
|
|turn|54
|choice|move 4|move 2
|
|move|p2a: Snorlax|Body Slam|p1a: Cut.Exe
|-crit|p1a: Cut.Exe
|-damage|p1a: Cut.Exe|0 fnt
|faint|p1a: Cut.Exe
|choice|switch 2|
|
|switch|p1a: Energy|Tauros|70\/353
|turn|55
|choice|move 1|move 2
|
|move|p1a: Energy|Body Slam|p2a: Snorlax
|-crit|p2a: Snorlax
|-damage|p2a: Snorlax|200\/523
|move|p2a: Snorlax|Body Slam|p1a: Energy
|-damage|p1a: Energy|0 fnt
|faint|p1a: Energy
|choice|switch 6|
|
|switch|p1a: Hungry|Alakazam|313\/313 slp
|turn|56
|choice|move 2|move 1
|
|cant|p1a: Hungry|slp
|move|p2a: Snorlax|Self-Destruct|p1a: Hungry
|-damage|p1a: Hungry|0 fnt
|faint|p1a: Hungry
|faint|p2a: Snorlax
|choice|switch 4|switch 5
|
|switch|p2a: Jynx|Jynx|333\/333
|switch|p1a: Mega Gastly|Cloyster|20\/303 par
|turn|57
|choice|move 4|move 3
|
|move|p2a: Jynx|Psychic|p1a: Mega Gastly
|-damage|p1a: Mega Gastly|0 fnt
|faint|p1a: Mega Gastly
|
|win|IBIREVER ♥爱♥
|player|p1
|player|p2
|l|Ch01W0n5h1n