|join|kid gf lol
|join|JP182
|player|p1|kid gf lol|167
|player|p2|JP182|29
|gametype|singles
|gen|1
|tier|[Gen 1] OU (beta)
|rated
|rule|Sleep Clause Mod: Limit one foe put to sleep
|rule|Species Clause: Limit one of each Pokemon
|rule|OHKO Clause: OHKO moves are banned
|rule|Moody Clause: Moody is banned
|rule|Evasion Moves Clause: Evasion moves are banned
|rule|Endless Battle Clause: Forcing endless battles is banned.
|rule|HP Percentage Mod: HP is reported as percentages
|
|start
|switch|p1a: Zam Lead|Alakazam|313\/313
|switch|p2a: Jynx|Jynx|333\/333
|turn|1
|
|move|p1a: Zam Lead|Seismic Toss|p2a: Jynx
|-damage|p2a: Jynx|233\/333
|move|p2a: Jynx|Lovely Kiss|p1a: Zam Lead
|-status|p1a: Zam Lead|slp
|
|turn|2
|
|switch|p1a: Breakfast Pouch|Chansey|703\/703
|switch|p2a: Alakazam|Alakazam|313\/313
|
|turn|3
|
|switch|p1a: Result of Incest|Exeggutor|393\/393
|move|p2a: Alakazam|Thunder Wave|p1a: Result of Incest
|-status|p1a: Result of Incest|par
|
|turn|4
|
|switch|p2a: Jynx|Jynx|233\/333
|cant|p1a: Result of Incest|par
|
|turn|5
|
|switch|p1a: Breakfast Pouch|Chansey|703\/703
|move|p2a: Jynx|Blizzard|p1a: Breakfast Pouch|[miss]
|-miss|p2a: Jynx
|
|turn|6
|
|switch|p2a: Alakazam|Alakazam|313\/313
|move|p1a: Breakfast Pouch|Thunderbolt|p2a: Alakazam
|-damage|p2a: Alakazam|248\/313
|
|turn|7
|
|switch|p1a: Result of Incest|Exeggutor|393\/393 par
|move|p2a: Alakazam|Psychic|p1a: Result of Incest
|-resisted|p1a: Result of Incest
|-damage|p1a: Result of Incest|337\/393 par
|
|turn|8
|
|switch|p2a: Jynx|Jynx|233\/333
|move|p1a: Result of Incest|Sleep Powder|p2a: Jynx
|-status|p2a: Jynx|slp
|
|turn|9
|
|switch|p2a: Alakazam|Alakazam|248\/313
|switch|p1a: Breakfast Pouch|Chansey|703\/703
|
|turn|10
|
|move|p2a: Alakazam|Reflect|p2a: Alakazam
|move|p1a: Breakfast Pouch|Thunderbolt|p2a: Alakazam
|-damage|p2a: Alakazam|189\/313
|
|turn|11
|
|move|p2a: Alakazam|Recover|p2a: Alakazam
|-heal|p2a: Alakazam|313\/313
|move|p1a: Breakfast Pouch|Thunderbolt|p2a: Alakazam
|-damage|p2a: Alakazam|248\/313
|
|turn|12
|
|move|p2a: Alakazam|Thunder Wave|p1a: Breakfast Pouch
|-status|p1a: Breakfast Pouch|par
|move|p1a: Breakfast Pouch|Thunder Wave|p2a: Alakazam
|-status|p2a: Alakazam|par
|
|turn|13
|
|cant|p2a: Alakazam|par
|cant|p1a: Breakfast Pouch|par
|
|turn|14
|
|move|p2a: Alakazam|Psychic|p1a: Breakfast Pouch
|-damage|p1a: Breakfast Pouch|571\/703 par
|move|p1a: Breakfast Pouch|Thunderbolt|p2a: Alakazam
|-damage|p2a: Alakazam|185\/313 par
|
|turn|15
|
|move|p2a: Alakazam|Recover|p2a: Alakazam
|-heal|p2a: Alakazam|313\/313 par
|cant|p1a: Breakfast Pouch|par
|
|turn|16
|
|move|p2a: Alakazam|Psychic|p1a: Breakfast Pouch
|-damage|p1a: Breakfast Pouch|454\/703 par
|move|p1a: Breakfast Pouch|Thunderbolt|p2a: Alakazam
|-damage|p2a: Alakazam|252\/313 par
|
|turn|17
|
|move|p2a: Alakazam|Psychic|p1a: Breakfast Pouch
|-damage|p1a: Breakfast Pouch|334\/703 par
|-unboost|p1a: Breakfast Pouch|spd|1
|-unboost|p1a: Breakfast Pouch|spa|1
|move|p1a: Breakfast Pouch|Thunderbolt|p2a: Alakazam
|-damage|p2a: Alakazam|212\/313 par
|
|turn|18
|
|switch|p1a: Zam Lead|Alakazam|313\/313 slp
|move|p2a: Alakazam|Psychic|p1a: Zam Lead
|-crit|p1a: Zam Lead
|-resisted|p1a: Zam Lead
|-damage|p1a: Zam Lead|198\/313 slp
|
|turn|19
|
|switch|p2a: Snorlax|Snorlax|523\/523
|cant|p1a: Zam Lead|slp
|
|turn|20
|
|switch|p1a: Big Boned|Snorlax|523\/523
|move|p2a: Snorlax|Body Slam|p1a: Big Boned
|-damage|p1a: Big Boned|374\/523
|-status|p1a: Big Boned|par
|
|turn|21
|
|move|p2a: Snorlax|Body Slam|p1a: Big Boned
|-damage|p1a: Big Boned|230\/523 par
|move|p1a: Big Boned|Body Slam|p2a: Snorlax
|-damage|p2a: Snorlax|391\/523
|-status|p2a: Snorlax|par
|
|turn|22
|
|cant|p2a: Snorlax|par
|move|p1a: Big Boned|Reflect|p1a: Big Boned
|
|turn|23
|
|move|p2a: Snorlax|Self-Destruct|p1a: Big Boned
|-damage|p1a: Big Boned|27\/523 par
|faint|p2a: Snorlax
|
|switch|p2a: Tauros|Tauros|353\/353
|turn|24
|
|move|p2a: Tauros|Body Slam|p1a: Big Boned
|-crit|p1a: Big Boned
|-damage|p1a: Big Boned|0 fnt
|faint|p1a: Big Boned
|
|
|switch|p1a: That's Bull|Tauros|353\/353
|turn|25
|
|move|p2a: Tauros|Body Slam|p1a: That's Bull
|-damage|p1a: That's Bull|254\/353
|move|p1a: That's Bull|Body Slam|p2a: Tauros
|-damage|p2a: Tauros|247\/353
|
|turn|26
|
|move|p2a: Tauros|Body Slam|p1a: That's Bull
|-damage|p1a: That's Bull|159\/353
|move|p1a: That's Bull|Body Slam|p2a: Tauros
|-damage|p2a: Tauros|144\/353
|
|turn|27
|
|switch|p2a: Exeggutor|Exeggutor|393\/393
|move|p1a: That's Bull|Hyper Beam|p2a: Exeggutor
|-damage|p2a: Exeggutor|202\/393
|
|turn|28
|
|cant|p1a: That's Bull|recharge
|move|p2a: Exeggutor|Psychic|p1a: That's Bull
|-damage|p1a: That's Bull|8\/353
|
|turn|29
|
|move|p1a: That's Bull|Body Slam|p2a: Exeggutor
|-damage|p2a: Exeggutor|84\/393
|move|p2a: Exeggutor|Psychic|p1a: That's Bull
|-crit|p1a: That's Bull
|-damage|p1a: That's Bull|0 fnt
|faint|p1a: That's Bull
|
|
|switch|p1a: Breakfast Pouch|Chansey|334\/703 par
|turn|30
|
|switch|p2a: Alakazam|Alakazam|212\/313 par
|switch|p1a: TNT|Golem|363\/363
|
|turn|31
|
|move|p1a: TNT|Earthquake|p2a: Alakazam
|-damage|p2a: Alakazam|7\/313 par
|move|p2a: Alakazam|Recover|p2a: Alakazam
|-heal|p2a: Alakazam|163\/313 par
|
|turn|32
|
|switch|p2a: Exeggutor|Exeggutor|84\/393
|move|p1a: TNT|Earthquake|p2a: Exeggutor
|-resisted|p2a: Exeggutor
|-damage|p2a: Exeggutor|15\/393
|
|turn|33
|
|switch|p1a: Result of Incest|Exeggutor|337\/393 par
|move|p2a: Exeggutor|Psychic|p1a: Result of Incest
|-resisted|p1a: Result of Incest
|-damage|p1a: Result of Incest|282\/393 par
|
|turn|34
|
|switch|p2a: Jynx|Jynx|233\/333 slp
|move|p1a: Result of Incest|Psychic|p2a: Jynx
|-resisted|p2a: Jynx
|-damage|p2a: Jynx|175\/333 slp
|-unboost|p2a: Jynx|spd|1
|-unboost|p2a: Jynx|spa|1
|
|turn|35
|
|cant|p2a: Jynx|slp
|cant|p1a: Result of Incest|par
|
|turn|36
|
|switch|p1a: TNT|Golem|363\/363
|cant|p2a: Jynx|slp
|
|turn|37
|
|cant|p2a: Jynx|slp
|-curestatus|p2a: Jynx|slp
|move|p1a: TNT|Earthquake|p2a: Jynx
|-damage|p2a: Jynx|0 fnt
|faint|p2a: Jynx
|
|
|switch|p2a: Chansey|Chansey|703\/703
|turn|38
|
|switch|p1a: Breakfast Pouch|Chansey|334\/703 par
|move|p2a: Chansey|Ice Beam|p1a: Breakfast Pouch
|-crit|p1a: Breakfast Pouch
|-damage|p1a: Breakfast Pouch|192\/703 par
|
|turn|39
|
|move|p2a: Chansey|Seismic Toss|p1a: Breakfast Pouch
|-damage|p1a: Breakfast Pouch|92\/703 par
|move|p1a: Breakfast Pouch|Soft-Boiled|p1a: Breakfast Pouch
|-heal|p1a: Breakfast Pouch|443\/703 par
|
|turn|40
|
|switch|p2a: Alakazam|Alakazam|163\/313 par
|cant|p1a: Breakfast Pouch|par
|
|turn|41
|
|cant|p2a: Alakazam|par
|move|p1a: Breakfast Pouch|Thunderbolt|p2a: Alakazam
|-damage|p2a: Alakazam|106\/313 par
|
|turn|42
|
|switch|p1a: TNT|Golem|363\/363
|move|p2a: Alakazam|Recover|p2a: Alakazam
|-heal|p2a: Alakazam|262\/313 par
|
|turn|43
|
|move|p1a: TNT|Earthquake|p2a: Alakazam
|-damage|p2a: Alakazam|55\/313 par
|cant|p2a: Alakazam|par
|
|turn|44
|
|switch|p2a: Chansey|Chansey|703\/703
|move|p1a: TNT|Earthquake|p2a: Chansey
|-damage|p2a: Chansey|330\/703
|
|turn|45
|
|move|p2a: Chansey|Ice Beam|p1a: TNT
|-supereffective|p1a: TNT
|-damage|p1a: TNT|157\/363
|move|p1a: TNT|Earthquake|p2a: Chansey
|-damage|p2a: Chansey|0 fnt
|faint|p2a: Chansey
|
|
|switch|p2a: Tauros|Tauros|144\/353
|turn|46
|
|move|p2a: Tauros|Blizzard|p1a: TNT
|-supereffective|p1a: TNT
|-damage|p1a: TNT|0 fnt
|faint|p1a: TNT
|
|
|switch|p1a: Result of Incest|Exeggutor|282\/393 par
|turn|47
|
|switch|p2a: Alakazam|Alakazam|55\/313 par
|cant|p1a: Result of Incest|par
|
|turn|48
|
|switch|p1a: Breakfast Pouch|Chansey|443\/703 par
|cant|p2a: Alakazam|par
|
|turn|49
|
|move|p2a: Alakazam|Recover|p2a: Alakazam
|-heal|p2a: Alakazam|211\/313 par
|move|p1a: Breakfast Pouch|Thunderbolt|p2a: Alakazam
|-damage|p2a: Alakazam|148\/313 par
|
|turn|50
|
|move|p2a: Alakazam|Recover|p2a: Alakazam
|-heal|p2a: Alakazam|304\/313 par
|move|p1a: Breakfast Pouch|Thunderbolt|p2a: Alakazam
|-damage|p2a: Alakazam|238\/313 par
|
|turn|51
|
|move|p2a: Alakazam|Reflect|p2a: Alakazam
|move|p1a: Breakfast Pouch|Soft-Boiled|p1a: Breakfast Pouch
|-heal|p1a: Breakfast Pouch|703\/703 par
|
|turn|52
|
|cant|p2a: Alakazam|par
|cant|p1a: Breakfast Pouch|par
|
|turn|53
|
|cant|p2a: Alakazam|par
|move|p1a: Breakfast Pouch|Thunderbolt|p2a: Alakazam
|-damage|p2a: Alakazam|178\/313 par
|
|turn|54
|
|move|p2a: Alakazam|Recover|p2a: Alakazam
|-heal|p2a: Alakazam|313\/313 par
|move|p1a: Breakfast Pouch|Thunderbolt|p2a: Alakazam
|-damage|p2a: Alakazam|252\/313 par
|
|turn|55
|
|move|p2a: Alakazam|Psychic|p1a: Breakfast Pouch
|-damage|p1a: Breakfast Pouch|579\/703 par
|move|p1a: Breakfast Pouch|Thunderbolt|p2a: Alakazam
|-damage|p2a: Alakazam|195\/313 par
|
|turn|56
|
|move|p2a: Alakazam|Recover|p2a: Alakazam
|-heal|p2a: Alakazam|313\/313 par
|cant|p1a: Breakfast Pouch|par
|
|turn|57
|
|move|p2a: Alakazam|Psychic|p1a: Breakfast Pouch
|-damage|p1a: Breakfast Pouch|453\/703 par
|move|p1a: Breakfast Pouch|Thunderbolt|p2a: Alakazam
|-damage|p2a: Alakazam|252\/313 par
|
|turn|58
|
|move|p2a: Alakazam|Psychic|p1a: Breakfast Pouch
|-crit|p1a: Breakfast Pouch
|-damage|p1a: Breakfast Pouch|183\/703 par
|-unboost|p1a: Breakfast Pouch|spd|1
|-unboost|p1a: Breakfast Pouch|spa|1
|move|p1a: Breakfast Pouch|Soft-Boiled|p1a: Breakfast Pouch
|-heal|p1a: Breakfast Pouch|534\/703 par
|
|turn|59
|
|switch|p1a: Zam Lead|Alakazam|198\/313 slp
|move|p2a: Alakazam|Psychic|p1a: Zam Lead
|-crit|p1a: Zam Lead
|-resisted|p1a: Zam Lead
|-damage|p1a: Zam Lead|97\/313 slp
|
|turn|60
|
|switch|p2a: Tauros|Tauros|144\/353
|cant|p1a: Zam Lead|slp
|
|turn|61
|
|cant|p1a: Zam Lead|slp
|move|p2a: Tauros|Body Slam|p1a: Zam Lead
|-damage|p1a: Zam Lead|0 fnt
|faint|p1a: Zam Lead
|
|
|switch|p1a: Result of Incest|Exeggutor|282\/393 par
|turn|62
|
|switch|p2a: Alakazam|Alakazam|252\/313 par
|cant|p1a: Result of Incest|par
|
|turn|63
|
|switch|p1a: Breakfast Pouch|Chansey|534\/703 par
|move|p2a: Alakazam|Reflect|p2a: Alakazam
|
|turn|64
|
|move|p2a: Alakazam|Psychic|p1a: Breakfast Pouch
|-damage|p1a: Breakfast Pouch|417\/703 par
|-unboost|p1a: Breakfast Pouch|spd|1
|-unboost|p1a: Breakfast Pouch|spa|1
|move|p1a: Breakfast Pouch|Thunderbolt|p2a: Alakazam
|-damage|p2a: Alakazam|210\/313 par
|
|turn|65
|
|move|p2a: Alakazam|Psychic|p1a: Breakfast Pouch
|-crit|p1a: Breakfast Pouch
|-damage|p1a: Breakfast Pouch|164\/703 par
|cant|p1a: Breakfast Pouch|par
|
|turn|66
|
|move|p2a: Alakazam|Psychic|p1a: Breakfast Pouch
|-damage|p1a: Breakfast Pouch|0 fnt
|faint|p1a: Breakfast Pouch
|
|chat|JP182|gg
|chat|JP182|close one
|
|switch|p1a: Result of Incest|Exeggutor|282\/393 par
|turn|67
|
|cant|p2a: Alakazam|par
|move|p1a: Result of Incest|Mega Drain|p2a: Alakazam
|-damage|p2a: Alakazam|163\/313 par
|-heal|p1a: Result of Incest|306\/393 par|[from] drain|[of] p2a: Alakazam
|
|turn|68
|
|move|p2a: Alakazam|Recover|p2a: Alakazam
|-heal|p2a: Alakazam|313\/313 par
|move|p1a: Result of Incest|Mega Drain|p2a: Alakazam
|-damage|p2a: Alakazam|267\/313 par
|-heal|p1a: Result of Incest|329\/393 par|[from] drain|[of] p2a: Alakazam
|
|turn|69
|
|move|p2a: Alakazam|Psychic|p1a: Result of Incest
|-resisted|p1a: Result of Incest
|-damage|p1a: Result of Incest|278\/393 par
|move|p1a: Result of Incest|Mega Drain|p2a: Alakazam
|-crit|p2a: Alakazam
|-damage|p2a: Alakazam|182\/313 par
|-heal|p1a: Result of Incest|321\/393 par|[from] drain|[of] p2a: Alakazam
|
|turn|70
|
|move|p2a: Alakazam|Psychic|p1a: Result of Incest
|-resisted|p1a: Result of Incest
|-damage|p1a: Result of Incest|268\/393 par
|move|p1a: Result of Incest|Mega Drain|p2a: Alakazam
|-damage|p2a: Alakazam|137\/313 par
|-heal|p1a: Result of Incest|291\/393 par|[from] drain|[of] p2a: Alakazam
|
|turn|71
|
|move|p2a: Alakazam|Recover|p2a: Alakazam
|-heal|p2a: Alakazam|293\/313 par
|move|p1a: Result of Incest|Mega Drain|p2a: Alakazam
|-damage|p2a: Alakazam|252\/313 par
|-heal|p1a: Result of Incest|312\/393 par|[from] drain|[of] p2a: Alakazam
|
|turn|72
|
|move|p2a: Alakazam|Psychic|p1a: Result of Incest
|-resisted|p1a: Result of Incest
|-damage|p1a: Result of Incest|254\/393 par
|cant|p1a: Result of Incest|par
|
|turn|73
|
|move|p2a: Alakazam|Psychic|p1a: Result of Incest
|-resisted|p1a: Result of Incest
|-damage|p1a: Result of Incest|195\/393 par
|-unboost|p1a: Result of Incest|spd|1
|-unboost|p1a: Result of Incest|spa|1
|move|p1a: Result of Incest|Mega Drain|p2a: Alakazam
|-damage|p2a: Alakazam|218\/313 par
|-heal|p1a: Result of Incest|212\/393 par|[from] drain|[of] p2a: Alakazam
|
|turn|74
|
|switch|p2a: Tauros|Tauros|144\/353
|move|p1a: Result of Incest|Psychic|p2a: Tauros
|-damage|p2a: Tauros|47\/353
|
|turn|75
|
|move|p2a: Tauros|Blizzard|p1a: Result of Incest
|-supereffective|p1a: Result of Incest
|-damage|p1a: Result of Incest|23\/393 par
|cant|p1a: Result of Incest|par
|
|turn|76
|
|move|p2a: Tauros|Body Slam|p1a: Result of Incest
|-damage|p1a: Result of Incest|0 fnt
|faint|p1a: Result of Incest
|
|win|JP182
|raw|Ladder updating...
|raw|kid gf lol's rating: 1403 &rarr; <strong>1376<\/strong><br \/>(-27 for losing)
|raw|JP182's rating: 1283 &rarr; <strong>1316<\/strong><br \/>(+33 for winning)
|chat|JP182|gg kid
|leave|kid gf lol
|player|p1