|join|Testchar
|join|jb champ
|player|p1|Testchar|52
|player|p2|jb champ|150
|gametype|singles
|gen|1
|tier|[Gen 1] OU
|rated
|rule|Sleep Clause Mod: Limit one foe put to sleep
|rule|Freeze Clause Mod: Limit one foe frozen
|rule|Species Clause: Limit one of each Pokémon
|rule|OHKO Clause: OHKO moves are banned
|rule|Evasion Moves Clause: Evasion moves are banned
|rule|HP Percentage Mod: HP is shown in percentages
|
|start
|switch|p1a: Starmie|Starmie|323\/323
|switch|p2a: Jynx|Jynx|333\/333
|turn|1
|
|switch|p2a: Chansey|Chansey|703\/703
|move|p1a: Starmie|Thunder Wave|p2a: Chansey
|-status|p2a: Chansey|par
|
|turn|2
|
|switch|p1a: Exeggutor|Exeggutor|393\/393
|switch|p2a: Jynx|Jynx|333\/333
|
|turn|3
|
|switch|p1a: Chansey|Chansey|703\/703
|move|p2a: Jynx|Lovely Kiss|p1a: Chansey
|-status|p1a: Chansey|slp
|
|turn|4
|
|switch|p1a: Starmie|Starmie|323\/323
|move|p2a: Jynx|Blizzard|p1a: Starmie
|-crit|p1a: Starmie
|-resisted|p1a: Starmie
|-damage|p1a: Starmie|183\/323
|
|turn|5
|
|switch|p2a: Chansey|Chansey|703\/703 par
|move|p1a: Starmie|Thunder Wave|p2a: Chansey
|-fail|p2a: Chansey|par
|
|turn|6
|
|switch|p1a: Chansey|Chansey|703\/703 slp
|move|p2a: Chansey|Ice Beam|p1a: Chansey
|-damage|p1a: Chansey|624\/703 slp
|
|turn|7
|
|switch|p2a: Tauros|Tauros|353\/353
|cant|p1a: Chansey|slp
|
|turn|8
|
|switch|p1a: Exeggutor|Exeggutor|393\/393
|move|p2a: Tauros|Body Slam|p1a: Exeggutor
|-damage|p1a: Exeggutor|285\/393
|
|turn|9
|
|switch|p2a: Chansey|Chansey|703\/703 par
|move|p1a: Exeggutor|Explosion|p2a: Chansey
|-damage|p2a: Chansey|20\/703 par
|faint|p1a: Exeggutor
|
|switch|p1a: Rhydon|Rhydon|413\/413
|turn|10
|
|switch|p2a: Blastoise|Blastoise|361\/361
|move|p1a: Rhydon|Rock Slide|p2a: Blastoise
|-damage|p2a: Blastoise|251\/361
|
|turn|11
|
|switch|p1a: Starmie|Starmie|183\/323
|move|p2a: Blastoise|Body Slam|p1a: Starmie
|-damage|p1a: Starmie|122\/323
|
|turn|12
|
|switch|p2a: Jolteon|Jolteon|333\/333
|move|p1a: Starmie|Thunderbolt|p2a: Jolteon
|-resisted|p2a: Jolteon
|-damage|p2a: Jolteon|301\/333
|
|turn|13
|
|switch|p1a: Rhydon|Rhydon|413\/413
|move|p2a: Jolteon|Double Kick|p1a: Rhydon
|-crit|p1a: Rhydon
|-supereffective|p1a: Rhydon
|-damage|p1a: Rhydon|352\/413
|-damage|p1a: Rhydon|291\/413
|-hitcount|p1a: Rhydon|2
|
|turn|14
|
|switch|p2a: Blastoise|Blastoise|251\/361
|move|p1a: Rhydon|Earthquake|p2a: Blastoise
|-damage|p2a: Blastoise|118\/361
|
|turn|15
|
|switch|p1a: Starmie|Starmie|122\/323
|move|p2a: Blastoise|Earthquake|p1a: Starmie
|-damage|p1a: Starmie|45\/323
|
|turn|16
|
|move|p1a: Starmie|Recover|p1a: Starmie
|-heal|p1a: Starmie|206\/323
|move|p2a: Blastoise|Body Slam|p1a: Starmie
|-damage|p1a: Starmie|138\/323
|
|turn|17
|
|move|p1a: Starmie|Surf|p2a: Blastoise
|-resisted|p2a: Blastoise
|-damage|p2a: Blastoise|61\/361
|move|p2a: Blastoise|Body Slam|p1a: Starmie
|-damage|p1a: Starmie|73\/323
|
|turn|18
|
|switch|p2a: Jolteon|Jolteon|301\/333
|move|p1a: Starmie|Recover|p1a: Starmie
|-heal|p1a: Starmie|234\/323
|
|turn|19
|
|switch|p1a: Rhydon|Rhydon|291\/413
|move|p2a: Jolteon|Double Kick|p1a: Rhydon
|-supereffective|p1a: Rhydon
|-damage|p1a: Rhydon|257\/413
|-damage|p1a: Rhydon|223\/413
|-hitcount|p1a: Rhydon|2
|
|turn|20
|
|switch|p2a: Chansey|Chansey|20\/703 par
|move|p1a: Rhydon|Earthquake|p2a: Chansey
|-damage|p2a: Chansey|0 fnt
|faint|p2a: Chansey
|
|switch|p2a: Blastoise|Blastoise|61\/361
|
|turn|21
|
|switch|p1a: Starmie|Starmie|234\/323
|move|p2a: Blastoise|Blizzard|p1a: Starmie
|-resisted|p1a: Starmie
|-damage|p1a: Starmie|191\/323
|
|turn|22
|
|move|p1a: Starmie|Surf|p2a: Blastoise
|-resisted|p2a: Blastoise
|-damage|p2a: Blastoise|4\/361
|move|p2a: Blastoise|Body Slam|p1a: Starmie
|-crit|p1a: Starmie
|-damage|p1a: Starmie|60\/323
|
|turn|23
|
|move|p1a: Starmie|Surf|p2a: Blastoise
|-crit|p2a: Blastoise
|-resisted|p2a: Blastoise
|-damage|p2a: Blastoise|0 fnt
|faint|p2a: Blastoise
|
|switch|p2a: Jolteon|Jolteon|301\/333
|
|turn|24
|
|switch|p1a: Rhydon|Rhydon|223\/413
|move|p2a: Jolteon|Double Kick|p1a: Rhydon
|-supereffective|p1a: Rhydon
|-damage|p1a: Rhydon|189\/413
|-damage|p1a: Rhydon|155\/413
|-hitcount|p1a: Rhydon|2
|
|turn|25
|
|switch|p2a: Tauros|Tauros|353\/353
|move|p1a: Rhydon|Earthquake|p2a: Tauros
|-damage|p2a: Tauros|216\/353
|
|turn|26
|
|move|p2a: Tauros|Blizzard|p1a: Rhydon
|-supereffective|p1a: Rhydon
|-damage|p1a: Rhydon|0 fnt
|faint|p1a: Rhydon
|
|switch|p1a: Alakazam|Alakazam|313\/313
|
|turn|27
|
|move|p1a: Alakazam|Psychic|p2a: Tauros
|-damage|p2a: Tauros|62\/353
|-unboost|p2a: Tauros|spd|1
|-unboost|p2a: Tauros|spa|1
|move|p2a: Tauros|Hyper Beam|p1a: Alakazam
|-damage|p1a: Alakazam|56\/313
|
|turn|28
|
|move|p1a: Alakazam|Recover|p1a: Alakazam
|-heal|p1a: Alakazam|212\/313
|cant|p2a: Tauros|recharge
|
|turn|29
|
|switch|p2a: Jynx|Jynx|333\/333
|move|p1a: Alakazam|Seismic Toss|p2a: Jynx
|-damage|p2a: Jynx|233\/333
|
|turn|30
|
|move|p1a: Alakazam|Thunder Wave|p2a: Jynx
|-status|p2a: Jynx|par
|move|p2a: Jynx|Blizzard|p1a: Alakazam|[miss]
|-miss|p2a: Jynx
|
|turn|31
|
|switch|p1a: Chansey|Chansey|624\/703 slp
|move|p2a: Jynx|Blizzard|p1a: Chansey
|-damage|p1a: Chansey|490\/703 slp
|
|turn|32
|
|switch|p2a: Jolteon|Jolteon|301\/333
|cant|p1a: Chansey|slp
|
|turn|33
|
|move|p2a: Jolteon|Double Kick|p1a: Chansey
|-supereffective|p1a: Chansey
|-damage|p1a: Chansey|388\/703 slp
|-damage|p1a: Chansey|286\/703 slp
|-hitcount|p1a: Chansey|2
|cant|p1a: Chansey|slp
|
|turn|34
|
|switch|p1a: Alakazam|Alakazam|212\/313
|move|p2a: Jolteon|Pin Missile|p1a: Alakazam
|-crit|p1a: Alakazam
|-supereffective|p1a: Alakazam
|-damage|p1a: Alakazam|163\/313
|-damage|p1a: Alakazam|114\/313
|-damage|p1a: Alakazam|65\/313
|-damage|p1a: Alakazam|16\/313
|-hitcount|p1a: Alakazam|4
|
|turn|35
|
|switch|p1a: Tauros|Tauros|353\/353
|move|p2a: Jolteon|Thunderbolt|p1a: Tauros
|-crit|p1a: Tauros
|-damage|p1a: Tauros|47\/353
|
|turn|36
|
|move|p2a: Jolteon|Thunderbolt|p1a: Tauros
|-damage|p1a: Tauros|0 fnt
|faint|p1a: Tauros
|
|switch|p1a: Chansey|Chansey|286\/703 slp
|
|turn|37
|
|move|p2a: Jolteon|Double Kick|p1a: Chansey
|-supereffective|p1a: Chansey
|-damage|p1a: Chansey|180\/703 slp
|-damage|p1a: Chansey|74\/703 slp
|-hitcount|p1a: Chansey|2
|cant|p1a: Chansey|slp
|
|turn|38
|
|move|p2a: Jolteon|Double Kick|p1a: Chansey
|-crit|p1a: Chansey
|-supereffective|p1a: Chansey
|-damage|p1a: Chansey|0 fnt
|-hitcount|p1a: Chansey|1
|faint|p1a: Chansey
|
|switch|p1a: Starmie|Starmie|60\/323
|
|turn|39
|
|move|p2a: Jolteon|Thunderbolt|p1a: Starmie
|-supereffective|p1a: Starmie
|-damage|p1a: Starmie|0 fnt
|faint|p1a: Starmie
|
|switch|p1a: Alakazam|Alakazam|16\/313
|
|turn|40
|
|move|p2a: Jolteon|Thunderbolt|p1a: Alakazam
|-damage|p1a: Alakazam|0 fnt
|faint|p1a: Alakazam
|
|win|jb champ
|raw|Ladder updating...
|raw|Testchar's rating: 1144 &rarr; <strong>1123<\/strong><br \/>(-21 for losing)
|raw|jb champ's rating: 1193 &rarr; <strong>1215<\/strong><br \/>(+22 for winning)
|c|★jb champ|gg
|c|★Testchar|:(
|leave|Testchar
|player|p1