|j|neck
|j|gust4vo
|player|p1|neck|101
|player|p2|gust4vo|266
|gametype|singles
|gen|1
|tier|[Gen 1] Random Battle
|rated
|seed|18264,56365,64758,12870
|rule|Sleep Clause Mod: Limit one foe put to sleep
|rule|Freeze Clause Mod: Limit one foe frozen
|rule|HP Percentage Mod: HP is shown in percentages
|
|start
|switch|p1a: Venonat|Venonat, L96|310\/310
|switch|p2a: Ninetales|Ninetales, L85|298\/298
|turn|1
|choice|switch 6|move 3
|
|switch|p1a: Starmie|Starmie, L79|257\/257
|move|p2a: Ninetales|Confuse Ray|p1a: Starmie
|-start|p1a: Starmie|confusion
|
|turn|2
|choice|move 2|switch 5
|
|switch|p2a: Gyarados|Gyarados, L85|335\/335
|-activate|p1a: Starmie|confusion
|move|p1a: Starmie|Blizzard|p2a: Gyarados|[miss]
|-miss|p1a: Starmie
|
|turn|3
|choice|move 4|move 4
|
|-activate|p1a: Starmie|confusion
|move|p1a: Starmie|Thunderbolt|p2a: Gyarados
|-supereffective|p2a: Gyarados
|-damage|p2a: Gyarados|108\/335
|move|p2a: Gyarados|Thunderbolt|p1a: Starmie
|-crit|p1a: Starmie
|-supereffective|p1a: Starmie
|-damage|p1a: Starmie|7\/257
|
|turn|4
|choice|move 4|move 4
|
|-end|p1a: Starmie|confusion
|move|p1a: Starmie|Thunderbolt|p2a: Gyarados
|-crit|p2a: Gyarados
|-supereffective|p2a: Gyarados
|-damage|p2a: Gyarados|0 fnt
|faint|p2a: Gyarados
|choice||switch 3
|
|switch|p2a: Alakazam|Alakazam, L79|249\/249
|turn|5
|choice|switch 3|move 4
|
|switch|p1a: Mew|Mew, L74|300\/300
|move|p2a: Alakazam|Seismic Toss|p1a: Mew
|-damage|p1a: Mew|221\/300
|
|turn|6
|choice|move 3|move 4
|
|move|p2a: Alakazam|Seismic Toss|p1a: Mew
|-damage|p1a: Mew|142\/300
|move|p1a: Mew|Swords Dance|p1a: Mew
|-boost|p1a: Mew|atk|2
|
|turn|7
|choice|move 4|move 2
|
|move|p2a: Alakazam|Reflect|p2a: Alakazam
|-start|p2a: Alakazam|Reflect
|move|p1a: Mew|Earthquake|p2a: Alakazam
|-damage|p2a: Alakazam|169\/249
|
|turn|8
|choice|move 1|move 4
|
|move|p2a: Alakazam|Seismic Toss|p1a: Mew
|-damage|p1a: Mew|63\/300
|move|p1a: Mew|Soft-Boiled|p1a: Mew
|-heal|p1a: Mew|213\/300
|
|turn|9
|choice|move 4|move 4
|
|move|p2a: Alakazam|Seismic Toss|p1a: Mew
|-damage|p1a: Mew|134\/300
|move|p1a: Mew|Earthquake|p2a: Alakazam
|-damage|p2a: Alakazam|83\/249
|
|turn|10
|choice|move 1|move 3
|
|move|p2a: Alakazam|Recover|p2a: Alakazam
|-heal|p2a: Alakazam|207\/249
|move|p1a: Mew|Soft-Boiled|p1a: Mew
|-heal|p1a: Mew|284\/300
|
|turn|11
|choice|move 3|move 4
|
|move|p2a: Alakazam|Seismic Toss|p1a: Mew
|-damage|p1a: Mew|205\/300
|move|p1a: Mew|Swords Dance|p1a: Mew
|-boost|p1a: Mew|atk|2
|
|turn|12
|choice|move 3|move 4
|
|move|p2a: Alakazam|Seismic Toss|p1a: Mew
|-damage|p1a: Mew|126\/300
|move|p1a: Mew|Swords Dance|p1a: Mew
|-boost|p1a: Mew|atk|2
|
|turn|13
|choice|move 1|move 4
|
|move|p2a: Alakazam|Seismic Toss|p1a: Mew
|-damage|p1a: Mew|47\/300
|move|p1a: Mew|Soft-Boiled|p1a: Mew
|-heal|p1a: Mew|197\/300
|
|turn|14
|choice|move 1|move 4
|
|move|p2a: Alakazam|Seismic Toss|p1a: Mew
|-damage|p1a: Mew|118\/300
|move|p1a: Mew|Soft-Boiled|p1a: Mew
|-heal|p1a: Mew|268\/300
|
|turn|15
|choice|move 4|move 4
|
|move|p2a: Alakazam|Seismic Toss|p1a: Mew
|-damage|p1a: Mew|189\/300
|move|p1a: Mew|Earthquake|p2a: Alakazam
|-damage|p2a: Alakazam|23\/249
|
|turn|16
|choice|move 4|switch 4
|
|switch|p2a: Dodrio|Dodrio, L85|276\/276
|move|p1a: Mew|Earthquake|p2a: Dodrio
|-immune|p2a: Dodrio|[msg]
|
|turn|17
|choice|switch 2|move 4
|
|switch|p1a: Jolteon|Jolteon, L79|265\/265
|move|p2a: Dodrio|Drill Peck|p1a: Jolteon
|-crit|p1a: Jolteon
|-resisted|p1a: Jolteon
|-damage|p1a: Jolteon|134\/265
|
|turn|18
|choice|move 1|switch 2
|
|switch|p2a: Rhyhorn|Rhyhorn, L96|348\/348
|move|p1a: Jolteon|Thunderbolt|p2a: Rhyhorn
|-immune|p2a: Rhyhorn|[msg]
|
|turn|19
|choice|switch 6|move 4
|
|switch|p1a: Venonat|Venonat, L96|310\/310
|move|p2a: Rhyhorn|Earthquake|p1a: Venonat
|-damage|p1a: Venonat|166\/310
|
|turn|20
|choice|move 1|move 3
|
|move|p1a: Venonat|Sleep Powder|p2a: Rhyhorn
|-status|p2a: Rhyhorn|slp
|cant|p2a: Rhyhorn|slp
|
|turn|21
|choice|move 3|move 3
|
|move|p1a: Venonat|Stun Spore|p2a: Rhyhorn
|-fail|p2a: Rhyhorn
|cant|p2a: Rhyhorn|slp
|
|turn|22
|choice|move 4|move 3
|
|move|p1a: Venonat|Mega Drain|p2a: Rhyhorn
|-supereffective|p2a: Rhyhorn
|-damage|p2a: Rhyhorn|207\/348 slp
|-heal|p1a: Venonat|236\/310|[from] drain|[of] p2a: Rhyhorn
|cant|p2a: Rhyhorn|slp
|
|turn|23
|choice|move 4|move 3
|
|move|p1a: Venonat|Mega Drain|p2a: Rhyhorn
|-supereffective|p2a: Rhyhorn
|-damage|p2a: Rhyhorn|66\/348 slp
|-heal|p1a: Venonat|306\/310|[from] drain|[of] p2a: Rhyhorn
|cant|p2a: Rhyhorn|slp
|
|turn|24
|choice|move 4|move 3
|
|move|p1a: Venonat|Mega Drain|p2a: Rhyhorn
|-supereffective|p2a: Rhyhorn
|-damage|p2a: Rhyhorn|0 fnt
|-heal|p1a: Venonat|310\/310|[from] drain|[of] p2a: Rhyhorn
|faint|p2a: Rhyhorn
|choice||switch 6
|
|switch|p2a: Jynx|Jynx, L79|265\/265
|turn|25
|choice|switch 2|move 4
|
|switch|p1a: Mew|Mew, L74|189\/300
|move|p2a: Jynx|Lovely Kiss|p1a: Mew
|-status|p1a: Mew|slp
|
|turn|26
|choice|switch 2|move 2
|
|switch|p1a: Venonat|Venonat, L96|310\/310
|move|p2a: Jynx|Blizzard|p1a: Venonat
|-damage|p1a: Venonat|159\/310
|
|turn|27
|choice|move 1|move 3
|
|move|p2a: Jynx|Psychic|p1a: Venonat
|-supereffective|p1a: Venonat
|-damage|p1a: Venonat|0 fnt
|faint|p1a: Venonat
|choice|switch 3|
|
|switch|p1a: Starmie|Starmie, L79|7\/257
|turn|28
|choice|move 1|move 1
|
|move|p1a: Starmie|Recover|p1a: Starmie
|-heal|p1a: Starmie|135\/257
|move|p2a: Jynx|Mimic|p1a: Starmie
|-start|p2a: Jynx|Mimic|Recover
|
|turn|29
|choice|move 1|move 2
|
|move|p1a: Starmie|Recover|p1a: Starmie
|-heal|p1a: Starmie|257\/257
|move|p2a: Jynx|Blizzard|p1a: Starmie
|-resisted|p1a: Starmie
|-damage|p1a: Starmie|206\/257
|-status|p1a: Starmie|frz
|
|turn|30
|choice|switch 4|move 3
|
|switch|p1a: Fearow|Fearow, L90|300\/300
|move|p2a: Jynx|Psychic|p1a: Fearow
|-damage|p1a: Fearow|206\/300
|
|turn|31
|choice|move 4|move 2
|
|move|p1a: Fearow|Hyper Beam|p2a: Jynx
|-damage|p2a: Jynx|0 fnt
|faint|p2a: Jynx
|choice||switch 4
|
|switch|p2a: Alakazam|Alakazam, L79|23\/249
|turn|32
|choice|move 3|move 1
|
|move|p1a: Fearow|Drill Peck|p2a: Alakazam
|-damage|p2a: Alakazam|0 fnt
|faint|p2a: Alakazam
|choice||switch 2
|
|switch|p2a: Dodrio|Dodrio, L85|276\/276
|turn|33
|choice|move 4|move 1
|
|move|p1a: Fearow|Hyper Beam|p2a: Dodrio
|-crit|p2a: Dodrio
|-damage|p2a: Dodrio|0 fnt
|faint|p2a: Dodrio
|choice||switch 5
|
|switch|p2a: Ninetales|Ninetales, L85|298\/298
|turn|34
|choice|switch 5|move 3
|
|switch|p1a: Vileplume|Vileplume, L90|318\/318
|move|p2a: Ninetales|Confuse Ray|p1a: Vileplume
|-start|p1a: Vileplume|confusion
|
|turn|35
|choice|switch 4|move 1
|
|switch|p1a: Starmie|Starmie, L79|206\/257 frz
|move|p2a: Ninetales|Fire Blast|p1a: Starmie
|-crit|p1a: Starmie
|-resisted|p1a: Starmie
|-damage|p1a: Starmie|82\/257 frz
|-curestatus|p1a: Starmie|frz
|
|turn|36
|choice|move 1|move 1
|
|move|p1a: Starmie|Recover|p1a: Starmie
|-heal|p1a: Starmie|210\/257
|move|p2a: Ninetales|Fire Blast|p1a: Starmie
|-resisted|p1a: Starmie
|-damage|p1a: Starmie|148\/257
|
|turn|37
|choice|move 3|move 2
|
|move|p1a: Starmie|Surf|p2a: Ninetales
|-supereffective|p2a: Ninetales
|-damage|p2a: Ninetales|145\/298
|move|p2a: Ninetales|Hyper Beam|p1a: Starmie
|-damage|p1a: Starmie|54\/257
|
|turn|38
|-mustrecharge|p2a: Ninetales
|-mustrecharge|p2a: Ninetales
|choice|move 3|move 1
|
|move|p1a: Starmie|Surf|p2a: Ninetales
|-supereffective|p2a: Ninetales
|-damage|p2a: Ninetales|0 fnt
|faint|p2a: Ninetales
|
|win|neck
|player|p1
|player|p2
|raw|neck's rating: 1155 &rarr; <strong>1189<\/strong><br \/>(+34 for winning)
|raw|gust4vo's rating: 1292 &rarr; <strong>1258<\/strong><br \/>(-34 for losing)
|l|gust4vo