|join|ron ketchum
|join|kid gf lol
|player|p1|ron ketchum|101
|player|p2|kid gf lol|45
|gametype|singles
|gen|1
|tier|[Gen 1] OU (beta)
|rated
|rule|Sleep Clause Mod: Limit one foe put to sleep
|rule|Species Clause: Limit one of each Pokémon
|rule|OHKO Clause: OHKO moves are banned
|rule|Evasion Moves Clause: Evasion moves are banned
|
|start
|switch|p1a: Hypno|Hypno|373\/373
|switch|p2a: Starmie|Starmie|323\/323
|turn|1
|
|move|p2a: Starmie|Blizzard|p1a: Hypno|[miss]
|-miss|p2a: Starmie
|move|p1a: Hypno|Hypnosis|p2a: Starmie
|-status|p2a: Starmie|slp
|
|turn|2
|
|cant|p2a: Starmie|slp
|move|p1a: Hypno|Psychic|p2a: Starmie
|-crit|p2a: Starmie
|-resisted|p2a: Starmie
|-damage|p2a: Starmie|216\/323 slp
|
|turn|3
|
|cant|p2a: Starmie|slp
|move|p1a: Hypno|Psychic|p2a: Starmie
|-resisted|p2a: Starmie
|-damage|p2a: Starmie|156\/323 slp
|
|turn|4
|
|cant|p2a: Starmie|slp
|move|p1a: Hypno|Psychic|p2a: Starmie
|-resisted|p2a: Starmie
|-damage|p2a: Starmie|102\/323 slp
|
|turn|5
|
|cant|p2a: Starmie|slp
|move|p1a: Hypno|Psychic|p2a: Starmie
|-resisted|p2a: Starmie
|-damage|p2a: Starmie|40\/323 slp
|
|turn|6
|
|switch|p2a: Chansey|Chansey|703\/703
|move|p1a: Hypno|Psychic|p2a: Chansey
|-damage|p2a: Chansey|593\/703
|
|turn|7
|
|move|p1a: Hypno|Thunder Wave|p2a: Chansey
|-status|p2a: Chansey|par
|move|p2a: Chansey|Ice Beam|p1a: Hypno
|-damage|p1a: Hypno|309\/373
|
|turn|8
|join|Kel9901
|
|move|p1a: Hypno|Psychic|p2a: Chansey
|-crit|p2a: Chansey
|-damage|p2a: Chansey|382\/703 par
|cant|p2a: Chansey|par
|
|turn|9
|
|move|p1a: Hypno|Psychic|p2a: Chansey
|-damage|p2a: Chansey|272\/703 par
|-unboost|p2a: Chansey|spd|1
|-unboost|p2a: Chansey|spa|1
|move|p2a: Chansey|Soft-Boiled|p2a: Chansey
|-heal|p2a: Chansey|623\/703 par
|
|turn|10
|
|move|p1a: Hypno|Psychic|p2a: Chansey
|-crit|p2a: Chansey
|-damage|p2a: Chansey|397\/703 par
|cant|p2a: Chansey|par
|
|turn|11
|
|move|p1a: Hypno|Psychic|p2a: Chansey
|-damage|p2a: Chansey|236\/703 par
|-unboost|p2a: Chansey|spd|1
|-unboost|p2a: Chansey|spa|1
|cant|p2a: Chansey|par
|
|turn|12
|
|switch|p2a: Starmie|Starmie|40\/323 slp
|move|p1a: Hypno|Psychic|p2a: Starmie
|-resisted|p2a: Starmie
|-damage|p2a: Starmie|0 fnt
|faint|p2a: Starmie
|
|switch|p2a: Chansey|Chansey|236\/703 par
|turn|13
|
|move|p1a: Hypno|Psychic|p2a: Chansey
|-damage|p2a: Chansey|118\/703 par
|-unboost|p2a: Chansey|spd|1
|-unboost|p2a: Chansey|spa|1
|cant|p2a: Chansey|par
|
|turn|14
|c|★kid gf lol|wtfd
|c| Kel9901|hypno op
|
|switch|p2a: Cloyster|Cloyster|303\/303
|move|p1a: Hypno|Psychic|p2a: Cloyster
|-damage|p2a: Cloyster|184\/303
|
|turn|15
|
|move|p2a: Cloyster|Clamp|p1a: Hypno
|-damage|p1a: Hypno|276\/373
|-activate|p1a: Hypno|move: Clamp|[of] p2a: Cloyster
|cant|p1a: Hypno|partiallytrapped
|
|turn|16
|
|move|p2a: Cloyster|Clamp|p1a: Hypno
|-damage|p1a: Hypno|243\/373
|cant|p1a: Hypno|partiallytrapped
|
|-end|p1a: Hypno|Clamp|[partiallytrapped]
|turn|17
|
|move|p2a: Cloyster|Clamp|p1a: Hypno
|-damage|p1a: Hypno|206\/373
|-activate|p1a: Hypno|move: Clamp|[of] p2a: Cloyster
|cant|p1a: Hypno|partiallytrapped
|
|turn|18
|
|move|p2a: Cloyster|Clamp|p1a: Hypno
|-damage|p1a: Hypno|169\/373
|cant|p1a: Hypno|partiallytrapped
|
|turn|19
|
|move|p2a: Cloyster|Clamp|p1a: Hypno
|-damage|p1a: Hypno|132\/373
|cant|p1a: Hypno|partiallytrapped
|
|-end|p1a: Hypno|Clamp|[partiallytrapped]
|turn|20
|
|move|p2a: Cloyster|Blizzard|p1a: Hypno
|-damage|p1a: Hypno|10\/373
|move|p1a: Hypno|Thunder Wave|p2a: Cloyster
|-status|p2a: Cloyster|par
|
|turn|21
|
|move|p1a: Hypno|Psychic|p2a: Cloyster
|-damage|p2a: Cloyster|55\/303 par
|move|p2a: Cloyster|Blizzard|p1a: Hypno
|-crit|p1a: Hypno
|-damage|p1a: Hypno|0 fnt
|faint|p1a: Hypno
|
|switch|p1a: Starmie|Starmie|323\/323
|turn|22
|
|move|p1a: Starmie|Psychic|p2a: Cloyster
|-damage|p2a: Cloyster|0 fnt
|faint|p2a: Cloyster
|
|switch|p2a: Chansey|Chansey|118\/703 par
|turn|23
|
|move|p1a: Starmie|Psychic|p2a: Chansey
|-crit|p2a: Chansey
|-damage|p2a: Chansey|0 fnt
|faint|p2a: Chansey
|c|★kid gf lol|what a joke
|c| Kel9901|lol
|c| Kel9901|someone voice me pls
|
|switch|p2a: Victreebel|Victreebel|363\/363
|turn|24
|
|move|p1a: Starmie|Thunder Wave|p2a: Victreebel
|-status|p2a: Victreebel|par
|cant|p2a: Victreebel|par
|
|turn|25
|
|move|p1a: Starmie|Blizzard|p2a: Victreebel
|-crit|p2a: Victreebel
|-supereffective|p2a: Victreebel
|-damage|p2a: Victreebel|0 fnt
|faint|p2a: Victreebel
|c|★kid gf lol|are you shitting me
|
|switch|p2a: Tauros|Tauros|353\/353
|turn|26
|
|move|p1a: Starmie|Thunder Wave|p2a: Tauros
|-status|p2a: Tauros|par
|move|p2a: Tauros|Body Slam|p1a: Starmie
|-damage|p1a: Starmie|210\/323
|-status|p1a: Starmie|par
|
|turn|27
|
|move|p1a: Starmie|Psychic|p2a: Tauros
|-damage|p2a: Tauros|214\/353 par
|-unboost|p2a: Tauros|spd|1
|-unboost|p2a: Tauros|spa|1
|move|p2a: Tauros|Body Slam|p1a: Starmie
|-crit|p1a: Starmie
|-damage|p1a: Starmie|0 fnt
|faint|p1a: Starmie
|
|switch|p1a: Alakazam|Alakazam|313\/313
|turn|28
|
|move|p1a: Alakazam|Psychic|p2a: Tauros
|-damage|p2a: Tauros|0 fnt
|faint|p2a: Tauros
|
|switch|p2a: Rhydon|Rhydon|413\/413
|turn|29
|
|move|p1a: Alakazam|Psychic|p2a: Rhydon
|-damage|p2a: Rhydon|215\/413
|move|p2a: Rhydon|Earthquake|p1a: Alakazam
|-damage|p1a: Alakazam|97\/313
|
|turn|30
|c|★ron ketchum|lol
|
|move|p1a: Alakazam|Psychic|p2a: Rhydon
|-crit|p2a: Rhydon
|-damage|p2a: Rhydon|0 fnt
|faint|p2a: Rhydon
|
|win|ron ketchum
|raw|Ladder updating...
|c| Kel9901|gg
|raw|ron ketchum's rating: 1258 &rarr; <strong>1299<\/strong><br \/>(+41 for winning)
|raw|kid gf lol's rating: 1520 &rarr; <strong>1487<\/strong><br \/>(-33 for losing)
|leave|kid gf lol
|player|p2
|leave|Kel9901
|leave|ron ketchum
|player|p1
|join|ron ketchum