|join|andrewandres
|join|zelix gamer
|player|p1|andrewandres|266
|player|p2|zelix gamer|162
|gametype|singles
|gen|1
|tier|[Gen 1] Random Battle
|rule|Sleep Clause Mod: Limit one foe put to sleep
|rule|Freeze Clause Mod: Limit one foe frozen
|rule|HP Percentage Mod: HP is shown in percentages
|
|start
|switch|p1a: Onix|Onix, L90|246\/246
|switch|p2a: Marowak|Marowak, L90|291\/291
|turn|1
|join|Dyland13
|join|LaVidaEsfera
|join|extremfabian
|leave|Dyland13
|
|switch|p2a: Machoke|Machoke, L85|310\/310
|move|p1a: Onix|Explosion|p2a: Machoke
|-damage|p2a: Machoke|98\/310
|faint|p1a: Onix
|c| LaVidaEsfera|hono , un machoke
|c| LaVidaEsfera|que musculos, me enamora
|join|gengar7878
|join|drallion
|
|switch|p1a: Hitmonlee|Hitmonlee, L90|273\/273
|turn|2
|c|★zelix gamer|esteroides everywhere
|leave|drallion
|
|move|p1a: Hitmonlee|High Jump Kick|p2a: Machoke
|-damage|p2a: Machoke|0 fnt
|faint|p2a: Machoke
|c| LaVidaEsfera|hono! hitmonlee, no se con quien ir...
|join|Geotrime
|join|Master kille
|join|Chorizordxgod~
|
|switch|p2a: Starmie|Starmie, L79|257\/257
|turn|3
|c| Master kille|Hola
|c|★andrewandres|si llegas a 240 de timer
|c|★andrewandres|estaras descalificado
|
|switch|p1a: Tentacool|Tentacool, L96|272\/272
|move|p2a: Starmie|Thunderbolt|p1a: Tentacool
|-supereffective|p1a: Tentacool
|-damage|p1a: Tentacool|168\/272
|
|turn|4
|leave|Master kille
|c| LaVidaEsfera|andrew pensar no esta prohibido :v
|
|switch|p2a: Jolteon|Jolteon, L79|265\/265
|move|p1a: Tentacool|Double-Edge|p2a: Jolteon
|-damage|p2a: Jolteon|196\/265
|-damage|p1a: Tentacool|151\/272|[from] recoil|[of] p2a: Jolteon
|
|turn|5
|c|★andrewandres|pero tampoco hay que ser tan.. pra tarda ua enternidad
|c|★andrewandres|en dar aun botoncito
|c|★andrewandres|XD
|c|★andrewandres|gg con el equipo q tienes.. juas
|leave|Geotrime
|
|move|p2a: Jolteon|Double Kick|p1a: Tentacool
|-resisted|p1a: Tentacool
|-damage|p1a: Tentacool|140\/272
|-damage|p1a: Tentacool|129\/272
|-hitcount|p1a: Tentacool|2
|move|p1a: Tentacool|Double-Edge|p2a: Jolteon
|-damage|p2a: Jolteon|117\/265
|-damage|p1a: Tentacool|110\/272|[from] recoil|[of] p2a: Jolteon
|
|turn|6
|
|move|p2a: Jolteon|Thunderbolt|p1a: Tentacool
|-supereffective|p1a: Tentacool
|-damage|p1a: Tentacool|0 fnt
|faint|p1a: Tentacool
|c| LaVidaEsfera|ademas, una ves baja el timer en los sig tunos se descuentan segundos
|
|switch|p1a: Hitmonlee|Hitmonlee, L90|273\/273
|turn|7
|
|switch|p2a: Charizard|Charizard, L85|306\/306
|move|p1a: Hitmonlee|High Jump Kick|p2a: Charizard
|-crit|p2a: Charizard
|-resisted|p2a: Charizard
|-damage|p2a: Charizard|189\/306
|
|turn|8
|
|switch|p1a: Ditto|Ditto, L99|296\/296
|move|p2a: Charizard|Swords Dance|p2a: Charizard
|-boost|p2a: Charizard|atk|2
|
|turn|9
|c| LaVidaEsfera|hono, esa cosa peligrosa
|
|switch|p2a: Marowak|Marowak, L90|291\/291
|move|p1a: Ditto|Transform|p2a: Marowak
|-transform|p1a: Ditto|p2a: Marowak
|
|turn|10
|
|switch|p2a: Starmie|Starmie, L79|257\/257
|move|p1a: Ditto|Blizzard|p2a: Starmie
|-resisted|p2a: Starmie
|-damage|p2a: Starmie|222\/257
|
|turn|11
|c| LaVidaEsfera|PU hono
|
|switch|p1a: Hitmonlee|Hitmonlee, L90|273\/273
|move|p2a: Starmie|Surf|p1a: Hitmonlee
|-crit|p1a: Hitmonlee
|-damage|p1a: Hitmonlee|0 fnt
|faint|p1a: Hitmonlee
|
|switch|p1a: Jolteon|Jolteon, L79|265\/265
|turn|12
|c|★zelix gamer|ho no una puta estrella de mar con poderes psiquicos el mundo va a explotar
|
|switch|p1a: Charizard|Charizard, L85|306\/306
|switch|p2a: Marowak|Marowak, L90|291\/291
|
|turn|13
|c|★andrewandres|ventisca
|c|★andrewandres|lets ho
|
|switch|p2a: Starmie|Starmie, L79|222\/257
|move|p1a: Charizard|Swords Dance|p1a: Charizard
|-boost|p1a: Charizard|atk|2
|
|turn|14
|
|move|p2a: Starmie|Surf|p1a: Charizard
|-supereffective|p1a: Charizard
|-damage|p1a: Charizard|135\/306
|move|p1a: Charizard|Body Slam|p2a: Starmie
|-damage|p2a: Starmie|97\/257
|-status|p2a: Starmie|par
|
|turn|15
|
|move|p1a: Charizard|Body Slam|p2a: Starmie
|-damage|p2a: Starmie|0 fnt
|faint|p2a: Starmie
|
|switch|p2a: Meowth|Meowth, L96|272\/272
|turn|16
|
|move|p2a: Meowth|Body Slam|p1a: Charizard
|-damage|p1a: Charizard|55\/306
|-status|p1a: Charizard|par
|move|p1a: Charizard|Earthquake|p2a: Meowth
|-damage|p2a: Meowth|70\/272
|
|turn|17
|c|★zelix gamer|etoy burlao
|
|move|p2a: Meowth|Body Slam|p1a: Charizard
|-damage|p1a: Charizard|0 fnt
|faint|p1a: Charizard
|
|switch|p1a: Ditto|Ditto, L99|296\/296
|turn|18
|
|switch|p2a: Charizard|Charizard, L85|189\/306
|move|p1a: Ditto|Transform|p2a: Charizard
|-transform|p1a: Ditto|p2a: Charizard
|
|turn|19
|
|switch|p2a: Jolteon|Jolteon, L79|117\/265
|move|p1a: Ditto|Swords Dance|p1a: Ditto
|-boost|p1a: Ditto|atk|2
|
|turn|20
|leave|Chorizordxgod~
|
|move|p2a: Jolteon|Thunderbolt|p1a: Ditto
|-crit|p1a: Ditto
|-supereffective|p1a: Ditto
|-damage|p1a: Ditto|0 fnt
|faint|p1a: Ditto
|c|★andrewandres|enfin..
|c|★andrewandres|lo q dije antes
|c|★andrewandres|claro que si critico
|
|switch|p1a: Jolteon|Jolteon, L79|265\/265
|turn|21
|-message|andrewandres forfeited.
|leave|andrewandres
|
|win|zelix gamer
|player|p1