|j|8bitclarinet
|j|DaTechnoD00d
|player|p1|8bitclarinet|263
|player|p2|DaTechnoD00d|163
|gametype|singles
|gen|1
|tier|[Gen 1] Random Battle
|rated
|seed|62975,35233,27867,52727
|rule|Sleep Clause Mod: Limit one foe put to sleep
|rule|Freeze Clause Mod: Limit one foe frozen
|rule|HP Percentage Mod: HP is shown in percentages
|
|start
|switch|p1a: Golem|Golem, L79|288\/288
|switch|p2a: Wartortle|Wartortle, L85|274\/274
|turn|1
|choice|switch 6|move 3
|
|switch|p1a: Lapras|Lapras, L79|367\/367
|move|p2a: Wartortle|Surf|p1a: Lapras
|-resisted|p1a: Lapras
|-damage|p1a: Lapras|324\/367
|
|turn|2
|choice|move 1|move 4
|
|move|p2a: Wartortle|Mimic|p1a: Lapras
|-start|p2a: Wartortle|Mimic|Confuse Ray
|move|p1a: Lapras|Confuse Ray|p2a: Wartortle
|-start|p2a: Wartortle|confusion
|
|turn|3
|choice|move 2|move 4
|
|-activate|p2a: Wartortle|confusion
|move|p2a: Wartortle|Confuse Ray|p1a: Lapras
|-start|p1a: Lapras|confusion
|-activate|p1a: Lapras|confusion
|-damage|p1a: Lapras|295\/367|[from] confusion
|
|turn|4
|choice|move 2|switch 3
|
|switch|p2a: Electabuzz|Electabuzz, L85|284\/284
|-end|p1a: Lapras|confusion
|move|p1a: Lapras|Thunderbolt|p2a: Electabuzz
|-resisted|p2a: Electabuzz
|-damage|p2a: Electabuzz|256\/284
|
|turn|5
|choice|switch 6|move 4
|
|switch|p1a: Golem|Golem, L79|288\/288
|move|p2a: Electabuzz|Psychic|p1a: Golem
|-damage|p1a: Golem|207\/288
|-unboost|p1a: Golem|spd|1
|-unboost|p1a: Golem|spa|1
|
|turn|6
|choice|move 3|move 4
|
|move|p2a: Electabuzz|Psychic|p1a: Golem
|-damage|p1a: Golem|81\/288
|move|p1a: Golem|Earthquake|p2a: Electabuzz
|-supereffective|p2a: Electabuzz
|-damage|p2a: Electabuzz|2\/284
|
|turn|7
|choice|move 2|move 4
|
|move|p2a: Electabuzz|Psychic|p1a: Golem
|-damage|p1a: Golem|0 fnt
|faint|p1a: Golem
|c|★DaTechnoD00d|damage calcs FTW
|choice|switch 3|
|
|switch|p1a: Caterpie|Caterpie, L99|290\/290
|turn|8
|choice|move 2|switch 2
|
|switch|p2a: Rhydon|Rhydon, L79|328\/328
|move|p1a: Caterpie|Tackle|p2a: Rhydon
|-crit|p2a: Rhydon
|-resisted|p2a: Rhydon
|-damage|p2a: Rhydon|313\/328
|
|turn|9
|choice|switch 2|move 2
|
|switch|p1a: Marowak|Marowak, L90|291\/291
|move|p2a: Rhydon|Rock Slide|p1a: Marowak
|-resisted|p1a: Marowak
|-damage|p1a: Marowak|255\/291
|
|turn|10
|choice|move 2|switch 3
|
|switch|p2a: Wartortle|Wartortle, L85|274\/274
|move|p1a: Marowak|Blizzard|p2a: Wartortle
|-resisted|p2a: Wartortle
|-damage|p2a: Wartortle|238\/274
|
|turn|11
|choice|switch 6|move 4
|
|switch|p1a: Lapras|Lapras, L79|295\/367
|move|p2a: Wartortle|Mimic|p1a: Lapras
|-start|p2a: Wartortle|Mimic|Thunderbolt
|
|turn|12
|choice|switch 5|move 4
|
|switch|p1a: Tauros|Tauros, L79|280\/280
|move|p2a: Wartortle|Thunderbolt|p1a: Tauros
|-damage|p1a: Tauros|216\/280
|
|turn|13
|choice|move 4|move 3
|
|move|p1a: Tauros|Body Slam|p2a: Wartortle
|-damage|p2a: Wartortle|149\/274
|move|p2a: Wartortle|Surf|p1a: Tauros
|-damage|p1a: Tauros|124\/280
|
|turn|14
|choice|move 4|switch 3
|
|switch|p2a: Rhydon|Rhydon, L79|313\/328
|move|p1a: Tauros|Body Slam|p2a: Rhydon
|-resisted|p2a: Rhydon
|-damage|p2a: Rhydon|280\/328
|
|turn|15
|choice|move 2|switch 3
|
|switch|p2a: Wartortle|Wartortle, L85|149\/274
|move|p1a: Tauros|Blizzard|p2a: Wartortle
|-resisted|p2a: Wartortle
|-damage|p2a: Wartortle|115\/274
|
|turn|16
|choice|move 3|move 3
|
|move|p1a: Tauros|Hyper Beam|p2a: Wartortle
|-damage|p2a: Wartortle|0 fnt
|faint|p2a: Wartortle
|choice||switch 6
|
|switch|p2a: Tauros|Tauros, L79|280\/280
|turn|17
|choice|switch 4|move 3
|
|switch|p1a: Starmie|Starmie, L79|257\/257
|move|p2a: Tauros|Hyper Beam|p1a: Starmie
|-damage|p1a: Starmie|108\/257
|
|turn|18
|-mustrecharge|p2a: Tauros
|-mustrecharge|p2a: Tauros
|choice|move 1|move 1
|
|move|p1a: Starmie|Recover|p1a: Starmie
|-heal|p1a: Starmie|236\/257
|cant|p2a: Tauros|recharge
|
|turn|19
|choice|move 4|move 4
|
|move|p1a: Starmie|Thunder Wave|p2a: Tauros
|-status|p2a: Tauros|par
|move|p2a: Tauros|Body Slam|p1a: Starmie
|-damage|p1a: Starmie|146\/257
|
|turn|20
|choice|move 3|move 4
|
|move|p1a: Starmie|Surf|p2a: Tauros
|-damage|p2a: Tauros|177\/280 par
|move|p2a: Tauros|Body Slam|p1a: Starmie
|-damage|p1a: Starmie|55\/257
|
|turn|21
|choice|move 1|move 4
|
|move|p1a: Starmie|Recover|p1a: Starmie
|-heal|p1a: Starmie|183\/257
|cant|p2a: Tauros|par
|
|turn|22
|choice|move 3|move 4
|
|move|p1a: Starmie|Surf|p2a: Tauros
|-crit|p2a: Tauros
|-damage|p2a: Tauros|0 fnt
|faint|p2a: Tauros
|choice||switch 2
|
|switch|p2a: Electabuzz|Electabuzz, L85|2\/284
|turn|23
|choice|switch 2|move 4
|
|switch|p1a: Caterpie|Caterpie, L99|290\/290
|move|p2a: Electabuzz|Psychic|p1a: Caterpie
|-crit|p1a: Caterpie
|-damage|p1a: Caterpie|83\/290
|
|turn|24
|choice|move 2|move 4
|
|move|p2a: Electabuzz|Psychic|p1a: Caterpie
|-damage|p1a: Caterpie|0 fnt
|faint|p1a: Caterpie
|choice|switch 6|
|
|switch|p1a: Marowak|Marowak, L90|255\/291
|turn|25
|choice|move 3|move 4
|
|move|p2a: Electabuzz|Psychic|p1a: Marowak
|-crit|p1a: Marowak
|-damage|p1a: Marowak|113\/291
|move|p1a: Marowak|Earthquake|p2a: Electabuzz
|-supereffective|p2a: Electabuzz
|-damage|p2a: Electabuzz|0 fnt
|faint|p2a: Electabuzz
|choice||switch 5
|
|switch|p2a: Beedrill|Beedrill, L90|300\/300
|turn|26
|choice|switch 5|move 4
|
|switch|p1a: Lapras|Lapras, L79|295\/367
|move|p2a: Beedrill|Swords Dance|p2a: Beedrill
|-boost|p2a: Beedrill|atk|2
|
|turn|27
|choice|move 1|move 4
|
|move|p2a: Beedrill|Swords Dance|p2a: Beedrill
|-boost|p2a: Beedrill|atk|2
|move|p1a: Lapras|Confuse Ray|p2a: Beedrill
|-start|p2a: Beedrill|confusion
|
|turn|28
|choice|move 3|move 1
|
|-activate|p2a: Beedrill|confusion
|move|p2a: Beedrill|Hyper Beam|p1a: Lapras
|-damage|p1a: Lapras|0 fnt
|faint|p1a: Lapras
|choice|switch 4|
|
|switch|p1a: Tauros|Tauros, L79|124\/280
|turn|29
|choice|move 1|move 2
|
|move|p1a: Tauros|Earthquake|p2a: Beedrill
|-crit|p2a: Beedrill
|-damage|p2a: Beedrill|129\/300
|-end|p2a: Beedrill|confusion
|move|p2a: Beedrill|Twineedle|p1a: Tauros
|-damage|p1a: Tauros|47\/280
|-damage|p1a: Tauros|0 fnt
|-hitcount|p1a: Tauros|2
|faint|p1a: Tauros
|choice|switch 2|
|
|switch|p1a: Starmie|Starmie, L79|183\/257
|turn|30
|choice|move 3|move 2
|
|move|p1a: Starmie|Surf|p2a: Beedrill
|-damage|p2a: Beedrill|10\/300
|move|p2a: Beedrill|Twineedle|p1a: Starmie
|-crit|p1a: Starmie
|-supereffective|p1a: Starmie
|-damage|p1a: Starmie|65\/257
|-damage|p1a: Starmie|0 fnt
|-hitcount|p1a: Starmie|2
|faint|p1a: Starmie
|-message|8bitclarinet forfeited.
|
|win|DaTechnoD00d
|l|8bitclarinet
|player|p1
|raw|8bitclarinet's rating: 1201 &rarr; <strong>1178<\/strong><br \/>(-23 for losing)
|raw|DaTechnoD00d's rating: 1235 &rarr; <strong>1257<\/strong><br \/>(+22 for winning)
|c|★DaTechnoD00d|beedrill sweep holy shit