|j|General Monkey
|j|Whoremaster
|player|p1|General Monkey|273
|player|p2|Whoremaster|43
|gametype|singles
|gen|1
|tier|[Gen 1] OU
|rated
|seed|3559,23750,1255,24264
|rule|Sleep Clause Mod: Limit one foe put to sleep
|rule|Freeze Clause Mod: Limit one foe frozen
|rule|Species Clause: Limit one of each Pokémon
|rule|OHKO Clause: OHKO moves are banned
|rule|Evasion Moves Clause: Evasion moves are banned
|rule|HP Percentage Mod: HP is shown in percentages
|
|start
|switch|p1a: Captain Planet|Venusaur|363\/363
|switch|p2a: Alakazam|Alakazam|313\/313
|turn|1
|choice|switch 5|move 1
|
|switch|p1a: Nurse Joy|Chansey|703\/703
|move|p2a: Alakazam|Psychic|p1a: Nurse Joy
|-damage|p1a: Nurse Joy|575\/703
|
|turn|2
|choice|move 4|switch 4
|
|switch|p2a: Chansey|Chansey|703\/703
|move|p1a: Nurse Joy|Thunder Wave|p2a: Chansey
|-status|p2a: Chansey|par
|
|turn|3
|choice|switch 6|move 1
|
|switch|p1a: Mr. Slow|Slowbro|393\/393
|move|p2a: Chansey|Ice Beam|p1a: Mr. Slow
|-resisted|p1a: Mr. Slow
|-damage|p1a: Mr. Slow|345\/393
|
|turn|4
|choice|move 3|move 2
|
|move|p1a: Mr. Slow|Amnesia|p1a: Mr. Slow
|-boost|p1a: Mr. Slow|spd|2
|-boost|p1a: Mr. Slow|spa|2
|move|p2a: Chansey|Thunderbolt|p1a: Mr. Slow
|-supereffective|p1a: Mr. Slow
|-damage|p1a: Mr. Slow|252\/393
|
|turn|5
|choice|move 3|move 2
|
|move|p1a: Mr. Slow|Amnesia|p1a: Mr. Slow
|-boost|p1a: Mr. Slow|spd|2
|-boost|p1a: Mr. Slow|spa|2
|move|p2a: Chansey|Thunderbolt|p1a: Mr. Slow
|-supereffective|p1a: Mr. Slow
|-damage|p1a: Mr. Slow|192\/393
|
|turn|6
|choice|move 3|move 2
|
|move|p1a: Mr. Slow|Amnesia|p1a: Mr. Slow
|-boost|p1a: Mr. Slow|spd|2
|-boost|p1a: Mr. Slow|spa|2
|move|p2a: Chansey|Thunderbolt|p1a: Mr. Slow
|-supereffective|p1a: Mr. Slow
|-damage|p1a: Mr. Slow|142\/393
|-status|p1a: Mr. Slow|par
|
|turn|7
|choice|move 4|move 2
|
|move|p1a: Mr. Slow|Rest|p1a: Mr. Slow
|-status|p1a: Mr. Slow|slp
|-heal|p1a: Mr. Slow|393\/393 slp|[silent]
|-status|p1a: Mr. Slow|slp|[from] move: Rest
|move|p2a: Chansey|Thunderbolt|p1a: Mr. Slow
|-supereffective|p1a: Mr. Slow
|-damage|p1a: Mr. Slow|345\/393 slp
|
|turn|8
|choice|move 3|move 2
|
|cant|p1a: Mr. Slow|slp
|move|p2a: Chansey|Thunderbolt|p1a: Mr. Slow
|-supereffective|p1a: Mr. Slow
|-damage|p1a: Mr. Slow|301\/393 slp
|
|turn|9
|choice|move 1|move 2
|
|-curestatus|p1a: Mr. Slow|slp
|move|p2a: Chansey|Thunderbolt|p1a: Mr. Slow
|-supereffective|p1a: Mr. Slow
|-damage|p1a: Mr. Slow|254\/393
|
|turn|10
|choice|move 1|move 2
|
|move|p1a: Mr. Slow|Psychic|p2a: Chansey
|-damage|p2a: Chansey|382\/703 par
|-unboost|p2a: Chansey|spd|1
|-unboost|p2a: Chansey|spa|1
|move|p2a: Chansey|Thunderbolt|p1a: Mr. Slow
|-supereffective|p1a: Mr. Slow
|-damage|p1a: Mr. Slow|221\/393
|
|turn|11
|choice|move 1|switch 2
|
|switch|p2a: Exeggutor|Exeggutor|393\/393
|move|p1a: Mr. Slow|Psychic|p2a: Exeggutor
|-resisted|p2a: Exeggutor
|-damage|p2a: Exeggutor|233\/393
|
|turn|12
|choice|switch 4|move 3
|
|switch|p1a: Horny|Rhydon|413\/413
|move|p2a: Exeggutor|Double-Edge|p1a: Horny
|-resisted|p1a: Horny
|-damage|p1a: Horny|381\/413
|-damage|p2a: Exeggutor|225\/393|[from] recoil|[of] p1a: Horny
|
|turn|13
|choice|switch 5|move 2
|
|switch|p1a: Captain Planet|Venusaur|363\/363
|move|p2a: Exeggutor|Psychic|p1a: Captain Planet
|-supereffective|p1a: Captain Planet
|-damage|p1a: Captain Planet|97\/363
|
|turn|14
|choice|switch 6|move 2
|
|switch|p1a: Nurse Joy|Chansey|575\/703
|move|p2a: Exeggutor|Psychic|p1a: Nurse Joy
|-damage|p1a: Nurse Joy|452\/703
|
|turn|15
|choice|move 2|move 1
|
|move|p2a: Exeggutor|Sleep Powder|p1a: Nurse Joy|[miss]
|-miss|p2a: Exeggutor
|move|p1a: Nurse Joy|Soft-Boiled|p1a: Nurse Joy
|-heal|p1a: Nurse Joy|703\/703
|
|turn|16
|choice|switch 3|move 1
|
|switch|p1a: Giovanni|Persian|333\/333
|move|p2a: Exeggutor|Sleep Powder|p1a: Giovanni
|-status|p1a: Giovanni|slp
|
|turn|17
|choice|switch 3|move 2
|
|switch|p1a: Nurse Joy|Chansey|703\/703
|move|p2a: Exeggutor|Psychic|p1a: Nurse Joy
|-damage|p1a: Nurse Joy|578\/703
|-unboost|p1a: Nurse Joy|spd|1
|-unboost|p1a: Nurse Joy|spa|1
|
|turn|18
|choice|move 4|switch 2
|
|switch|p2a: Chansey|Chansey|382\/703 par
|move|p1a: Nurse Joy|Thunder Wave|p2a: Chansey
|-fail|p2a: Chansey|par
|
|turn|19
|choice|switch 4|move 4
|
|switch|p1a: Mr. Slow|Slowbro|221\/393
|cant|p2a: Chansey|par
|
|turn|20
|choice|move 3|move 2
|
|move|p1a: Mr. Slow|Amnesia|p1a: Mr. Slow
|-boost|p1a: Mr. Slow|spd|2
|-boost|p1a: Mr. Slow|spa|2
|move|p2a: Chansey|Thunderbolt|p1a: Mr. Slow
|-supereffective|p1a: Mr. Slow
|-damage|p1a: Mr. Slow|132\/393
|
|turn|21
|choice|move 3|move 2
|
|move|p1a: Mr. Slow|Amnesia|p1a: Mr. Slow
|-boost|p1a: Mr. Slow|spd|2
|-boost|p1a: Mr. Slow|spa|2
|move|p2a: Chansey|Thunderbolt|p1a: Mr. Slow
|-supereffective|p1a: Mr. Slow
|-damage|p1a: Mr. Slow|70\/393
|
|turn|22
|choice|move 4|switch 6
|
|switch|p2a: Tauros|Tauros|353\/353
|move|p1a: Mr. Slow|Rest|p1a: Mr. Slow
|-status|p1a: Mr. Slow|slp
|-heal|p1a: Mr. Slow|393\/393 slp|[silent]
|-status|p1a: Mr. Slow|slp|[from] move: Rest
|
|turn|23
|choice|switch 6|move 1
|
|switch|p1a: Captain Planet|Venusaur|97\/363
|move|p2a: Tauros|Body Slam|p1a: Captain Planet
|-damage|p1a: Captain Planet|0 fnt
|faint|p1a: Captain Planet
|choice|switch 2|
|
|switch|p1a: Dr. Who|Alakazam|313\/313
|turn|24
|choice|move 1|switch 6
|
|switch|p2a: Chansey|Chansey|382\/703 par
|move|p1a: Dr. Who|Reflect|p1a: Dr. Who
|-start|p1a: Dr. Who|Reflect
|
|turn|25
|choice|switch 6|move 4
|
|switch|p1a: Mr. Slow|Slowbro|393\/393 slp
|move|p2a: Chansey|Soft-Boiled|p2a: Chansey
|-heal|p2a: Chansey|703\/703 par
|
|turn|26
|choice|move 3|move 2
|
|cant|p1a: Mr. Slow|slp
|cant|p2a: Chansey|par
|
|turn|27
|choice|move 3|move 2
|
|-curestatus|p1a: Mr. Slow|slp
|move|p2a: Chansey|Thunderbolt|p1a: Mr. Slow
|-supereffective|p1a: Mr. Slow
|-damage|p1a: Mr. Slow|227\/393
|
|turn|28
|choice|move 3|move 2
|
|move|p1a: Mr. Slow|Amnesia|p1a: Mr. Slow
|-boost|p1a: Mr. Slow|spd|2
|-boost|p1a: Mr. Slow|spa|2
|move|p2a: Chansey|Thunderbolt|p1a: Mr. Slow
|-supereffective|p1a: Mr. Slow
|-damage|p1a: Mr. Slow|130\/393
|
|turn|29
|choice|move 4|move 3
|
|move|p1a: Mr. Slow|Rest|p1a: Mr. Slow
|-status|p1a: Mr. Slow|slp
|-heal|p1a: Mr. Slow|393\/393 slp|[silent]
|-status|p1a: Mr. Slow|slp|[from] move: Rest
|cant|p2a: Chansey|par
|
|turn|30
|choice|move 3|move 2
|
|cant|p1a: Mr. Slow|slp
|move|p2a: Chansey|Thunderbolt|p1a: Mr. Slow
|-supereffective|p1a: Mr. Slow
|-damage|p1a: Mr. Slow|298\/393 slp
|
|turn|31
|choice|move 3|move 2
|
|-curestatus|p1a: Mr. Slow|slp
|move|p2a: Chansey|Thunderbolt|p1a: Mr. Slow
|-supereffective|p1a: Mr. Slow
|-damage|p1a: Mr. Slow|208\/393
|
|turn|32
|choice|move 3|move 2
|
|move|p1a: Mr. Slow|Amnesia|p1a: Mr. Slow
|-boost|p1a: Mr. Slow|spd|2
|-boost|p1a: Mr. Slow|spa|2
|move|p2a: Chansey|Thunderbolt|p1a: Mr. Slow
|-supereffective|p1a: Mr. Slow
|-damage|p1a: Mr. Slow|152\/393
|
|turn|33
|choice|move 3|move 2
|
|move|p1a: Mr. Slow|Amnesia|p1a: Mr. Slow
|-boost|p1a: Mr. Slow|spd|2
|-boost|p1a: Mr. Slow|spa|2
|move|p2a: Chansey|Thunderbolt|p1a: Mr. Slow
|-supereffective|p1a: Mr. Slow
|-damage|p1a: Mr. Slow|105\/393
|
|turn|34
|choice|move 4|move 2
|
|move|p1a: Mr. Slow|Rest|p1a: Mr. Slow
|-status|p1a: Mr. Slow|slp
|-heal|p1a: Mr. Slow|393\/393 slp|[silent]
|-status|p1a: Mr. Slow|slp|[from] move: Rest
|move|p2a: Chansey|Thunderbolt|p1a: Mr. Slow
|-supereffective|p1a: Mr. Slow
|-damage|p1a: Mr. Slow|346\/393 slp
|
|turn|35
|choice|move 1|move 2
|
|cant|p1a: Mr. Slow|slp
|move|p2a: Chansey|Thunderbolt|p1a: Mr. Slow
|-supereffective|p1a: Mr. Slow
|-damage|p1a: Mr. Slow|296\/393 slp
|
|turn|36
|choice|move 1|move 2
|
|-curestatus|p1a: Mr. Slow|slp
|move|p2a: Chansey|Thunderbolt|p1a: Mr. Slow
|-supereffective|p1a: Mr. Slow
|-damage|p1a: Mr. Slow|250\/393
|-status|p1a: Mr. Slow|par
|
|turn|37
|choice|move 1|move 2
|
|move|p1a: Mr. Slow|Psychic|p2a: Chansey
|-damage|p2a: Chansey|371\/703 par
|-unboost|p2a: Chansey|spd|1
|-unboost|p2a: Chansey|spa|1
|cant|p2a: Chansey|par
|
|turn|38
|choice|move 1|move 4
|
|move|p1a: Mr. Slow|Psychic|p2a: Chansey
|-damage|p2a: Chansey|0 fnt
|faint|p2a: Chansey
|choice||switch 2
|
|switch|p2a: Exeggutor|Exeggutor|225\/393
|turn|39
|choice|move 4|move 3
|
|move|p2a: Exeggutor|Double-Edge|p1a: Mr. Slow
|-damage|p1a: Mr. Slow|184\/393 par
|-damage|p2a: Exeggutor|209\/393|[from] recoil|[of] p1a: Mr. Slow
|cant|p1a: Mr. Slow|par
|
|turn|40
|choice|move 4|move 3
|
|move|p2a: Exeggutor|Double-Edge|p1a: Mr. Slow
|-damage|p1a: Mr. Slow|115\/393 par
|-damage|p2a: Exeggutor|192\/393|[from] recoil|[of] p1a: Mr. Slow
|cant|p1a: Mr. Slow|par
|
|turn|41
|choice|move 4|move 3
|
|move|p2a: Exeggutor|Double-Edge|p1a: Mr. Slow
|-damage|p1a: Mr. Slow|48\/393 par
|-damage|p2a: Exeggutor|176\/393|[from] recoil|[of] p1a: Mr. Slow
|move|p1a: Mr. Slow|Rest|p1a: Mr. Slow
|-status|p1a: Mr. Slow|slp
|-heal|p1a: Mr. Slow|393\/393 slp|[silent]
|-status|p1a: Mr. Slow|slp|[from] move: Rest
|
|turn|42
|choice|move 1|move 2
|
|move|p2a: Exeggutor|Psychic|p1a: Mr. Slow
|-resisted|p1a: Mr. Slow
|-damage|p1a: Mr. Slow|373\/393 slp
|-unboost|p1a: Mr. Slow|spd|1
|-unboost|p1a: Mr. Slow|spa|1
|cant|p1a: Mr. Slow|slp
|
|turn|43
|choice|move 2|move 2
|
|move|p2a: Exeggutor|Psychic|p1a: Mr. Slow
|-crit|p1a: Mr. Slow
|-resisted|p1a: Mr. Slow
|-damage|p1a: Mr. Slow|222\/393 slp
|-curestatus|p1a: Mr. Slow|slp
|
|turn|44
|choice|move 2|move 2
|
|move|p2a: Exeggutor|Psychic|p1a: Mr. Slow
|-resisted|p1a: Mr. Slow
|-damage|p1a: Mr. Slow|201\/393
|move|p1a: Mr. Slow|Thunder Wave|p2a: Exeggutor
|-status|p2a: Exeggutor|par
|
|turn|45
|choice|move 1|move 4
|
|cant|p2a: Exeggutor|par
|move|p1a: Mr. Slow|Psychic|p2a: Exeggutor
|-resisted|p2a: Exeggutor
|-damage|p2a: Exeggutor|47\/393 par
|
|turn|46
|choice|move 4|move 2
|
|move|p2a: Exeggutor|Psychic|p1a: Mr. Slow
|-resisted|p1a: Mr. Slow
|-damage|p1a: Mr. Slow|180\/393
|move|p1a: Mr. Slow|Rest|p1a: Mr. Slow
|-status|p1a: Mr. Slow|slp
|-heal|p1a: Mr. Slow|393\/393 slp|[silent]
|-status|p1a: Mr. Slow|slp|[from] move: Rest
|
|turn|47
|choice|move 3|move 4
|
|cant|p2a: Exeggutor|par
|cant|p1a: Mr. Slow|slp
|
|turn|48
|choice|move 3|move 4
|
|move|p2a: Exeggutor|Explosion|p1a: Mr. Slow
|-damage|p1a: Mr. Slow|165\/393 slp
|faint|p2a: Exeggutor
|choice||switch 6
|
|switch|p2a: Tauros|Tauros|353\/353
|turn|49
|choice|switch 5|move 1
|
|switch|p1a: Horny|Rhydon|381\/413
|move|p2a: Tauros|Body Slam|p1a: Horny
|-resisted|p1a: Horny
|-damage|p1a: Horny|335\/413
|
|turn|50
|choice|move 4|switch 3
|
|switch|p2a: Cloyster|Cloyster|303\/303
|move|p1a: Horny|Body Slam|p2a: Cloyster
|-damage|p2a: Cloyster|252\/303
|
|turn|51
|choice|switch 4|move 2
|
|switch|p1a: Nurse Joy|Chansey|578\/703
|move|p2a: Cloyster|Blizzard|p1a: Nurse Joy
|-damage|p1a: Nurse Joy|461\/703
|
|turn|52
|choice|move 4|switch 4
|
|switch|p2a: Alakazam|Alakazam|313\/313
|move|p1a: Nurse Joy|Thunder Wave|p2a: Alakazam
|-status|p2a: Alakazam|par
|
|turn|53
|choice|move 2|move 1
|
|move|p1a: Nurse Joy|Soft-Boiled|p1a: Nurse Joy
|-heal|p1a: Nurse Joy|703\/703
|move|p2a: Alakazam|Psychic|p1a: Nurse Joy
|-damage|p1a: Nurse Joy|580\/703
|-unboost|p1a: Nurse Joy|spd|1
|-unboost|p1a: Nurse Joy|spa|1
|
|turn|54
|choice|move 1|move 1
|
|move|p1a: Nurse Joy|Blizzard|p2a: Alakazam
|-damage|p2a: Alakazam|265\/313 par
|move|p2a: Alakazam|Psychic|p1a: Nurse Joy
|-damage|p1a: Nurse Joy|371\/703
|-unboost|p1a: Nurse Joy|spd|1
|-unboost|p1a: Nurse Joy|spa|1
|
|turn|55
|choice|move 2|move 1
|
|move|p1a: Nurse Joy|Soft-Boiled|p1a: Nurse Joy
|-heal|p1a: Nurse Joy|703\/703
|cant|p2a: Alakazam|par
|
|turn|56
|choice|switch 5|move 1
|
|switch|p1a: Mr. Slow|Slowbro|165\/393 slp
|move|p2a: Alakazam|Psychic|p1a: Mr. Slow
|-resisted|p1a: Mr. Slow
|-damage|p1a: Mr. Slow|93\/393 slp
|-unboost|p1a: Mr. Slow|spd|1
|-unboost|p1a: Mr. Slow|spa|1
|
|turn|57
|choice|switch 6|move 1
|
|switch|p1a: Dr. Who|Alakazam|313\/313
|cant|p2a: Alakazam|par
|
|turn|58
|choice|move 4|move 2
|
|move|p1a: Dr. Who|Seismic Toss|p2a: Alakazam
|-damage|p2a: Alakazam|165\/313 par
|move|p2a: Alakazam|Thunder Wave|p1a: Dr. Who
|-status|p1a: Dr. Who|par
|
|turn|59
|choice|move 4|move 4
|
|cant|p1a: Dr. Who|par
|cant|p2a: Alakazam|par
|
|turn|60
|choice|move 3|move 4
|
|cant|p1a: Dr. Who|par
|move|p2a: Alakazam|Recover|p2a: Alakazam
|-heal|p2a: Alakazam|313\/313 par
|
|turn|61
|choice|move 3|switch 4
|
|switch|p2a: Cloyster|Cloyster|252\/303
|move|p1a: Dr. Who|Psychic|p2a: Cloyster
|-damage|p2a: Cloyster|107\/303
|
|turn|62
|choice|move 3|move 1
|
|move|p2a: Cloyster|Clamp|p1a: Dr. Who
|-crit|p1a: Dr. Who
|-damage|p1a: Dr. Who|255\/313 par
|-activate|p1a: Dr. Who|move: Clamp|[of] p2a: Cloyster
|cant|p1a: Dr. Who|partiallytrapped
|
|turn|63
|choice|move 3|move 1
|
|move|p2a: Cloyster|Clamp|p1a: Dr. Who
|-damage|p1a: Dr. Who|197\/313 par
|cant|p1a: Dr. Who|partiallytrapped
|
|-end|p1a: Dr. Who|Clamp|[partiallytrapped]
|turn|64
|choice|switch 5|move 1
|
|switch|p1a: Nurse Joy|Chansey|703\/703
|move|p2a: Cloyster|Clamp|p1a: Nurse Joy|[miss]
|-miss|p2a: Cloyster
|
|turn|65
|choice|move 4|switch 4
|
|switch|p2a: Alakazam|Alakazam|313\/313 par
|move|p1a: Nurse Joy|Thunder Wave|p2a: Alakazam
|-fail|p2a: Alakazam|par
|
|turn|66
|choice|switch 5|move 2
|
|switch|p1a: Dr. Who|Alakazam|197\/313 par
|cant|p2a: Alakazam|par
|
|turn|67
|choice|move 2|move 1
|
|move|p1a: Dr. Who|Recover|p1a: Dr. Who
|-heal|p1a: Dr. Who|313\/313 par
|move|p2a: Alakazam|Psychic|p1a: Dr. Who
|-resisted|p1a: Dr. Who
|-damage|p1a: Dr. Who|262\/313 par
|-unboost|p1a: Dr. Who|spd|1
|-unboost|p1a: Dr. Who|spa|1
|
|turn|68
|choice|move 4|move 1
|
|move|p2a: Alakazam|Psychic|p1a: Dr. Who
|-crit|p1a: Dr. Who
|-resisted|p1a: Dr. Who
|-damage|p1a: Dr. Who|151\/313 par
|-unboost|p1a: Dr. Who|spd|1
|-unboost|p1a: Dr. Who|spa|1
|move|p1a: Dr. Who|Seismic Toss|p2a: Alakazam
|-damage|p2a: Alakazam|213\/313 par
|
|turn|69
|choice|switch 5|move 1
|
|switch|p1a: Nurse Joy|Chansey|703\/703
|move|p2a: Alakazam|Psychic|p1a: Nurse Joy
|-crit|p1a: Nurse Joy
|-damage|p1a: Nurse Joy|464\/703
|
|turn|70
|choice|move 2|move 4
|
|move|p1a: Nurse Joy|Soft-Boiled|p1a: Nurse Joy
|-heal|p1a: Nurse Joy|703\/703
|cant|p2a: Alakazam|par
|
|turn|71
|choice|switch 5|move 4
|
|switch|p1a: Dr. Who|Alakazam|151\/313 par
|move|p2a: Alakazam|Recover|p2a: Alakazam
|-heal|p2a: Alakazam|313\/313 par
|
|turn|72
|choice|move 2|switch 4
|
|switch|p2a: Cloyster|Cloyster|107\/303
|move|p1a: Dr. Who|Recover|p1a: Dr. Who
|-heal|p1a: Dr. Who|307\/313 par
|
|turn|73
|choice|move 3|move 1
|
|move|p2a: Cloyster|Clamp|p1a: Dr. Who|[miss]
|-miss|p2a: Cloyster
|cant|p1a: Dr. Who|par
|
|turn|74
|choice|move 3|move 1
|
|move|p2a: Cloyster|Clamp|p1a: Dr. Who
|-damage|p1a: Dr. Who|273\/313 par
|-activate|p1a: Dr. Who|move: Clamp|[of] p2a: Cloyster
|cant|p1a: Dr. Who|partiallytrapped
|
|turn|75
|choice|move 3|move 1
|
|move|p2a: Cloyster|Clamp|p1a: Dr. Who
|-damage|p1a: Dr. Who|239\/313 par
|cant|p1a: Dr. Who|partiallytrapped
|
|turn|76
|choice|move 3|move 1
|
|move|p2a: Cloyster|Clamp|p1a: Dr. Who
|-damage|p1a: Dr. Who|205\/313 par
|cant|p1a: Dr. Who|partiallytrapped
|
|turn|77
|choice|move 3|move 1
|
|move|p2a: Cloyster|Clamp|p1a: Dr. Who
|-damage|p1a: Dr. Who|171\/313 par
|cant|p1a: Dr. Who|partiallytrapped
|
|-end|p1a: Dr. Who|Clamp|[partiallytrapped]
|turn|78
|choice|move 3|move 1
|
|move|p2a: Cloyster|Clamp|p1a: Dr. Who|[miss]
|-miss|p2a: Cloyster
|move|p1a: Dr. Who|Psychic|p2a: Cloyster
|-damage|p2a: Cloyster|0 fnt
|faint|p2a: Cloyster
|choice||switch 3
|
|switch|p2a: Tauros|Tauros|353\/353
|turn|79
|choice|switch 4|move 1
|
|switch|p1a: Horny|Rhydon|335\/413
|move|p2a: Tauros|Body Slam|p1a: Horny
|-resisted|p1a: Horny
|-damage|p1a: Horny|288\/413
|
|turn|80
|choice|move 4|move 3
|
|move|p2a: Tauros|Blizzard|p1a: Horny
|-supereffective|p1a: Horny
|-damage|p1a: Horny|39\/413
|move|p1a: Horny|Body Slam|p2a: Tauros
|-damage|p2a: Tauros|264\/353
|
|turn|81
|choice|switch 5|move 1
|
|switch|p1a: Nurse Joy|Chansey|703\/703
|move|p2a: Tauros|Body Slam|p1a: Nurse Joy
|-damage|p1a: Nurse Joy|434\/703
|
|turn|82
|choice|move 4|switch 5
|
|switch|p2a: Golem|Golem|363\/363
|move|p1a: Nurse Joy|Thunder Wave|p2a: Golem
|-immune|p2a: Golem|[msg]
|
|turn|83
|choice|move 2|move 2
|
|move|p1a: Nurse Joy|Soft-Boiled|p1a: Nurse Joy
|-heal|p1a: Nurse Joy|703\/703
|move|p2a: Golem|Earthquake|p1a: Nurse Joy
|-damage|p1a: Nurse Joy|339\/703
|
|turn|84
|choice|switch 5|move 2
|
|switch|p1a: Horny|Rhydon|39\/413
|move|p2a: Golem|Earthquake|p1a: Horny
|-supereffective|p1a: Horny
|-damage|p1a: Horny|0 fnt
|faint|p1a: Horny
|choice|switch 3|
|
|switch|p1a: Giovanni|Persian|333\/333 slp
|turn|85
|choice|move 2|move 2
|
|cant|p1a: Giovanni|slp
|move|p2a: Golem|Earthquake|p1a: Giovanni
|-crit|p1a: Giovanni
|-damage|p1a: Giovanni|1\/333 slp
|
|turn|86
|choice|move 2|move 2
|
|-curestatus|p1a: Giovanni|slp
|move|p2a: Golem|Earthquake|p1a: Giovanni
|-damage|p1a: Giovanni|0 fnt
|faint|p1a: Giovanni
|choice|switch 4|
|
|switch|p1a: Dr. Who|Alakazam|171\/313 par
|turn|87
|choice|move 1|move 2
|
|move|p2a: Golem|Earthquake|p1a: Dr. Who
|-damage|p1a: Dr. Who|0 fnt
|faint|p1a: Dr. Who
|choice|switch 6|
|
|switch|p1a: Mr. Slow|Slowbro|93\/393 slp
|turn|88
|choice|move 3|move 2
|
|move|p2a: Golem|Earthquake|p1a: Mr. Slow
|-damage|p1a: Mr. Slow|0 fnt
|faint|p1a: Mr. Slow
|choice|switch 5|
|
|switch|p1a: Nurse Joy|Chansey|339\/703
|turn|89
|c|★Whoremaster|golem sweeeeeep
|choice|move 1|move 4
|
|move|p1a: Nurse Joy|Blizzard|p2a: Golem
|-supereffective|p2a: Golem
|-damage|p2a: Golem|79\/363
|move|p2a: Golem|Explosion|p1a: Nurse Joy
|-damage|p1a: Nurse Joy|0 fnt
|faint|p1a: Nurse Joy
|faint|p2a: Golem
|
|win|Whoremaster
|player|p1
|player|p2
|c|★Whoremaster|gg was very fun
|raw|General Monkey's rating: 1094 &rarr; <strong>1080<\/strong><br \/>(-14 for losing)
|raw|Whoremaster's rating: 1251 &rarr; <strong>1265<\/strong><br \/>(+14 for winning)
|l|General Monkey
|c|★Whoremaster|you're a tough opponent lad