|join|MALESANI
|join|Caesar Augustus
|player|p1|MALESANI|238
|player|p2|Caesar Augustus|253
|gametype|singles
|gen|1
|tier|[Gen 1] Random Battle
|rated
|seed|22363,27861,6542,60661
|rule|Sleep Clause Mod: Limit one foe put to sleep
|rule|Freeze Clause Mod: Limit one foe frozen
|rule|HP Percentage Mod: HP is shown in percentages
|
|start
|switch|p1a: Abra|Abra, L96|243\/243
|switch|p2a: Voltorb|Voltorb, L96|272\/272
|turn|1
|choice|switch 4|move 4
|
|switch|p1a: Arbok|Arbok, L90|291\/291
|move|p2a: Voltorb|Thunder Wave|p1a: Arbok
|-status|p1a: Arbok|par
|
|turn|2
|choice|move 1|switch 2
|
|switch|p2a: Rhyhorn|Rhyhorn, L96|348\/348
|move|p1a: Arbok|Body Slam|p2a: Rhyhorn
|-resisted|p2a: Rhyhorn
|-damage|p2a: Rhyhorn|324\/348
|
|turn|3
|choice|switch 2|move 3
|
|switch|p1a: Butterfree|Butterfree, L90|291\/291
|move|p2a: Rhyhorn|Substitute|p2a: Rhyhorn
|-start|p2a: Rhyhorn|Substitute
|-damage|p2a: Rhyhorn|237\/348
|
|turn|4
|choice|move 4|move 4
|
|move|p1a: Butterfree|Sleep Powder|p2a: Rhyhorn
|-status|p2a: Rhyhorn|slp
|cant|p2a: Rhyhorn|slp
|
|turn|5
|c|★Caesar Augustus|WHAT
|choice|move 3|move 4
|
|move|p1a: Butterfree|Mega Drain|p2a: Rhyhorn
|-supereffective|p2a: Rhyhorn
|-end|p2a: Rhyhorn|Substitute
|cant|p2a: Rhyhorn|slp
|
|turn|6
|c|★MALESANI|lol
|choice|move 3|switch 2
|
|switch|p2a: Voltorb|Voltorb, L96|272\/272
|move|p1a: Butterfree|Mega Drain|p2a: Voltorb
|-damage|p2a: Voltorb|240\/272
|
|turn|7
|choice|switch 2|move 4
|
|switch|p1a: Arbok|Arbok, L90|291\/291 par
|move|p2a: Voltorb|Thunder Wave|p1a: Arbok
|-fail|p1a: Arbok|par
|
|turn|8
|choice|move 4|switch 2
|
|switch|p2a: Rhyhorn|Rhyhorn, L96|237\/348 slp
|move|p1a: Arbok|Earthquake|p2a: Rhyhorn
|-supereffective|p2a: Rhyhorn
|-damage|p2a: Rhyhorn|116\/348 slp
|
|turn|9
|choice|move 4|move 1
|
|cant|p2a: Rhyhorn|slp
|move|p1a: Arbok|Earthquake|p2a: Rhyhorn
|-supereffective|p2a: Rhyhorn
|-damage|p2a: Rhyhorn|0 fnt
|faint|p2a: Rhyhorn
|choice||switch 3
|
|switch|p2a: Charmeleon|Charmeleon, L85|272\/272
|turn|10
|choice|move 4|move 1
|
|move|p2a: Charmeleon|Fire Blast|p1a: Arbok
|-damage|p1a: Arbok|183\/291 par
|move|p1a: Arbok|Earthquake|p2a: Charmeleon
|-supereffective|p2a: Charmeleon
|-damage|p2a: Charmeleon|88\/272
|
|turn|11
|choice|move 4|move 1
|
|move|p2a: Charmeleon|Fire Blast|p1a: Arbok
|-damage|p1a: Arbok|63\/291 par
|move|p1a: Arbok|Earthquake|p2a: Charmeleon
|-supereffective|p2a: Charmeleon
|-damage|p2a: Charmeleon|0 fnt
|faint|p2a: Charmeleon
|choice||switch 4
|
|switch|p2a: Raticate|Raticate, L85|267\/267
|turn|12
|choice|move 2|move 4
|
|move|p2a: Raticate|Hyper Beam|p1a: Arbok
|-damage|p1a: Arbok|0 fnt
|faint|p1a: Arbok
|choice|switch 2|
|
|switch|p1a: Butterfree|Butterfree, L90|291\/291
|turn|13
|choice|move 4|switch 2
|
|switch|p2a: Voltorb|Voltorb, L96|240\/272
|move|p1a: Butterfree|Sleep Powder|p2a: Voltorb
|-status|p2a: Voltorb|slp
|
|turn|14
|choice|switch 3|switch 2
|
|switch|p2a: Raticate|Raticate, L85|267\/267
|switch|p1a: Lickitung|Lickitung, L90|345\/345
|
|turn|15
|choice|move 1|move 1
|
|move|p2a: Raticate|Super Fang|p1a: Lickitung
|-damage|p1a: Lickitung|173\/345
|move|p1a: Lickitung|Swords Dance|p1a: Lickitung
|-boost|p1a: Lickitung|atk|2
|
|turn|16
|choice|move 3|move 3
|
|move|p2a: Raticate|Blizzard|p1a: Lickitung
|-damage|p1a: Lickitung|101\/345
|move|p1a: Lickitung|Hyper Beam|p2a: Raticate
|-damage|p2a: Raticate|0 fnt
|faint|p2a: Raticate
|choice||switch 6
|
|switch|p2a: Exeggutor|Exeggutor, L79|312\/312
|turn|17
|choice|move 4|move 1
|
|move|p2a: Exeggutor|Sleep Powder|p1a: Lickitung
|-status|p1a: Lickitung|slp
|cant|p1a: Lickitung|slp
|
|turn|18
|choice|switch 3|move 2
|
|switch|p1a: Butterfree|Butterfree, L90|291\/291
|move|p2a: Exeggutor|Mega Drain|p1a: Butterfree
|-resisted|p1a: Butterfree
|-damage|p1a: Butterfree|280\/291
|
|turn|19
|choice|move 2|move 3
|
|move|p1a: Butterfree|Stun Spore|p2a: Exeggutor
|-status|p2a: Exeggutor|par
|move|p2a: Exeggutor|Stun Spore|p1a: Butterfree
|-status|p1a: Butterfree|par
|
|turn|20
|choice|move 1|switch 2
|
|switch|p2a: Voltorb|Voltorb, L96|240\/272 slp
|cant|p1a: Butterfree|par
|
|turn|21
|choice|switch 5|move 3
|
|switch|p1a: Machoke|Machoke, L85|310\/310
|cant|p2a: Voltorb|slp
|
|turn|22
|choice|move 2|move 4
|
|cant|p2a: Voltorb|slp
|move|p1a: Machoke|Double-Edge|p2a: Voltorb
|-damage|p2a: Voltorb|151\/272 slp
|-damage|p1a: Machoke|288\/310|[from] recoil|[of] p2a: Voltorb
|
|turn|23
|choice|move 3|move 4
|
|cant|p2a: Voltorb|slp
|move|p1a: Machoke|Earthquake|p2a: Voltorb
|-supereffective|p2a: Voltorb
|-damage|p2a: Voltorb|0 fnt
|faint|p2a: Voltorb
|choice||switch 2
|
|switch|p2a: Exeggutor|Exeggutor, L79|312\/312 par
|turn|24
|choice|switch 5|move 3
|
|switch|p1a: Butterfree|Butterfree, L90|280\/291 par
|move|p2a: Exeggutor|Stun Spore|p1a: Butterfree
|-fail|p1a: Butterfree|par
|
|turn|25
|choice|move 1|switch 5
|
|switch|p2a: Nidorino|Nidorino, L90|293\/293
|cant|p1a: Butterfree|par
|
|turn|26
|choice|move 1|move 3
|
|move|p2a: Nidorino|Bubble Beam|p1a: Butterfree
|-damage|p1a: Butterfree|244\/291 par
|-unboost|p1a: Butterfree|spe|1
|move|p1a: Butterfree|Psychic|p2a: Nidorino
|-supereffective|p2a: Nidorino
|-damage|p2a: Nidorino|126\/293
|
|turn|27
|choice|move 2|move 3
|
|move|p2a: Nidorino|Bubble Beam|p1a: Butterfree
|-damage|p1a: Butterfree|209\/291 par
|move|p1a: Butterfree|Stun Spore|p2a: Nidorino
|-status|p2a: Nidorino|par
|
|turn|28
|choice|move 1|move 3
|
|move|p2a: Nidorino|Bubble Beam|p1a: Butterfree
|-damage|p1a: Butterfree|174\/291 par
|cant|p1a: Butterfree|par
|
|turn|29
|choice|move 1|move 3
|
|move|p2a: Nidorino|Bubble Beam|p1a: Butterfree
|-damage|p1a: Butterfree|135\/291 par
|move|p1a: Butterfree|Psychic|p2a: Nidorino
|-crit|p2a: Nidorino
|-supereffective|p2a: Nidorino
|-damage|p2a: Nidorino|0 fnt
|faint|p2a: Nidorino
|choice||switch 5
|
|switch|p2a: Exeggutor|Exeggutor, L79|312\/312 par
|turn|30
|choice|switch 6|move 2
|
|switch|p1a: Raticate|Raticate, L85|267\/267
|move|p2a: Exeggutor|Mega Drain|p1a: Raticate
|-damage|p1a: Raticate|206\/267
|
|turn|31
|choice|move 1|move 3
|
|move|p1a: Raticate|Super Fang|p2a: Exeggutor
|-damage|p2a: Exeggutor|156\/312 par
|move|p2a: Exeggutor|Stun Spore|p1a: Raticate
|-status|p1a: Raticate|par
|
|turn|32
|choice|move 1|move 2
|
|move|p1a: Raticate|Super Fang|p2a: Exeggutor
|-damage|p2a: Exeggutor|78\/312 par
|cant|p2a: Exeggutor|par
|
|turn|33
|choice|move 2|move 2
|
|cant|p1a: Raticate|par
|move|p2a: Exeggutor|Mega Drain|p1a: Raticate
|-damage|p1a: Raticate|147\/267 par
|-heal|p2a: Exeggutor|107\/312 par|[from] drain|[of] p1a: Raticate
|
|turn|34
|choice|move 2|move 2
|
|move|p1a: Raticate|Hyper Beam|p2a: Exeggutor
|-damage|p2a: Exeggutor|0 fnt
|faint|p2a: Exeggutor
|
|win|MALESANI
|raw|MALESANI's rating: 1353 &rarr; <strong>1370<\/strong><br \/>(+17 for winning)
|raw|Caesar Augustus's rating: 1300 &rarr; <strong>1278<\/strong><br \/>(-22 for losing)
|c|★Caesar Augustus|gg
|leave|Caesar Augustus
|player|p2