|join|Dervodel
|join|riwu
|player|p1|Dervodel|238
|player|p2|riwu|102
|gametype|singles
|gen|1
|tier|[Gen 1] Random Battle
|rated
|seed|21471,8318,33079,39058
|rule|Sleep Clause Mod: Limit one foe put to sleep
|rule|Freeze Clause Mod: Limit one foe frozen
|rule|HP Percentage Mod: HP is shown in percentages
|
|start
|switch|p1a: Poliwrath|Poliwrath, L85|327\/327
|switch|p2a: Meowth|Meowth, L96|272\/272
|turn|1
|choice|switch 4|switch 3
|
|switch|p2a: Mewtwo|Mewtwo, L70|293\/293
|switch|p1a: Kangaskhan|Kangaskhan, L85|352\/352
|
|turn|2
|c|★Dervodel|stupid mewtwo
|choice|move 1|switch 6
|
|switch|p2a: Machamp|Machamp, L90|345\/345
|move|p1a: Kangaskhan|Earthquake|p2a: Machamp
|-damage|p2a: Machamp|276\/345
|
|turn|3
|choice|switch 5|move 2
|
|switch|p1a: Dragonite|Dragonite, L85|328\/328
|move|p2a: Machamp|Submission|p1a: Dragonite|[miss]
|-miss|p2a: Machamp
|
|turn|4
|choice|switch 4|move 1
|
|switch|p1a: Poliwrath|Poliwrath, L85|327\/327
|move|p2a: Machamp|Rock Slide|p1a: Poliwrath
|-resisted|p1a: Poliwrath
|-damage|p1a: Poliwrath|294\/327
|
|turn|5
|choice|move 1|switch 2
|
|switch|p2a: Caterpie|Caterpie, L99|290\/290
|move|p1a: Poliwrath|Amnesia|p1a: Poliwrath
|-boost|p1a: Poliwrath|spd|2
|-boost|p1a: Poliwrath|spa|2
|
|turn|6
|choice|move 1|switch 4
|
|switch|p2a: Fearow|Fearow, L90|300\/300
|move|p1a: Poliwrath|Amnesia|p1a: Poliwrath
|-boost|p1a: Poliwrath|spd|2
|-boost|p1a: Poliwrath|spa|2
|
|turn|7
|choice|move 4|move 3
|
|move|p2a: Fearow|Drill Peck|p1a: Poliwrath
|-supereffective|p1a: Poliwrath
|-damage|p1a: Poliwrath|106\/327
|move|p1a: Poliwrath|Blizzard|p2a: Fearow
|-crit|p2a: Fearow
|-supereffective|p2a: Fearow
|-damage|p2a: Fearow|0 fnt
|faint|p2a: Fearow
|choice||switch 3
|
|switch|p2a: Meowth|Meowth, L96|272\/272
|turn|8
|choice|move 2|move 1
|
|move|p2a: Meowth|Slash|p1a: Poliwrath
|-crit|p1a: Poliwrath
|-damage|p1a: Poliwrath|0 fnt
|faint|p1a: Poliwrath
|choice|switch 4|
|
|switch|p1a: Dragonite|Dragonite, L85|328\/328
|turn|9
|choice|move 3|switch 5
|
|switch|p2a: Lapras|Lapras, L79|367\/367
|move|p1a: Dragonite|Body Slam|p2a: Lapras
|-damage|p2a: Lapras|278\/367
|-status|p2a: Lapras|par
|
|turn|10
|choice|move 1|move 3
|
|move|p1a: Dragonite|Thunderbolt|p2a: Lapras
|-supereffective|p2a: Lapras
|-damage|p2a: Lapras|135\/367 par
|move|p2a: Lapras|Blizzard|p1a: Dragonite
|-supereffective|p1a: Dragonite
|-damage|p1a: Dragonite|0 fnt
|faint|p1a: Dragonite
|c|★Dervodel|ofcorse
|choice|switch 6|
|
|switch|p1a: Electabuzz|Electabuzz, L85|284\/284
|turn|11
|choice|move 1|switch 6
|
|switch|p2a: Mewtwo|Mewtwo, L70|293\/293
|move|p1a: Electabuzz|Thunderbolt|p2a: Mewtwo
|-damage|p2a: Mewtwo|221\/293
|
|turn|12
|choice|move 2|move 2
|
|move|p1a: Electabuzz|Thunder Wave|p2a: Mewtwo
|-status|p2a: Mewtwo|par
|move|p2a: Mewtwo|Thunder Wave|p1a: Electabuzz
|-status|p1a: Electabuzz|par
|
|turn|13
|choice|move 4|move 1
|
|move|p1a: Electabuzz|Seismic Toss|p2a: Mewtwo
|-damage|p2a: Mewtwo|136\/293 par
|move|p2a: Mewtwo|Psychic|p1a: Electabuzz
|-damage|p1a: Electabuzz|187\/284 par
|
|turn|14
|choice|move 4|move 1
|
|move|p1a: Electabuzz|Seismic Toss|p2a: Mewtwo
|-damage|p2a: Mewtwo|51\/293 par
|move|p2a: Mewtwo|Psychic|p1a: Electabuzz
|-crit|p1a: Electabuzz
|-damage|p1a: Electabuzz|8\/284 par
|
|turn|15
|choice|move 4|move 1
|
|cant|p1a: Electabuzz|par
|cant|p2a: Mewtwo|par
|
|turn|16
|choice|move 4|move 1
|
|cant|p1a: Electabuzz|par
|move|p2a: Mewtwo|Psychic|p1a: Electabuzz
|-crit|p1a: Electabuzz
|-damage|p1a: Electabuzz|0 fnt
|faint|p1a: Electabuzz
|choice|switch 3|
|
|switch|p1a: Mr. Mime|Mr. Mime, L85|242\/242
|turn|17
|choice|move 4|move 2
|
|move|p1a: Mr. Mime|Seismic Toss|p2a: Mewtwo
|-damage|p2a: Mewtwo|0 fnt
|faint|p2a: Mewtwo
|c|★Dervodel|i never had such a good team before
|choice||switch 5
|
|switch|p2a: Meowth|Meowth, L96|272\/272
|turn|18
|choice|move 1|move 1
|
|move|p2a: Meowth|Slash|p1a: Mr. Mime
|-crit|p1a: Mr. Mime
|-damage|p1a: Mr. Mime|106\/242
|move|p1a: Mr. Mime|Thunder Wave|p2a: Meowth
|-status|p2a: Meowth|par
|
|turn|19
|choice|move 2|move 1
|
|move|p1a: Mr. Mime|Psychic|p2a: Meowth
|-damage|p2a: Meowth|128\/272 par
|move|p2a: Meowth|Slash|p1a: Mr. Mime
|-crit|p1a: Mr. Mime
|-damage|p1a: Mr. Mime|0 fnt
|faint|p1a: Mr. Mime
|choice|switch 2|
|
|switch|p1a: Raichu|Raichu, L85|276\/276
|turn|20
|choice|move 3|move 1
|
|move|p1a: Raichu|Body Slam|p2a: Meowth
|-damage|p2a: Meowth|38\/272 par
|move|p2a: Meowth|Slash|p1a: Raichu
|-crit|p1a: Raichu
|-damage|p1a: Raichu|118\/276
|
|turn|21
|choice|move 3|move 1
|
|move|p1a: Raichu|Body Slam|p2a: Meowth
|-damage|p2a: Meowth|0 fnt
|faint|p2a: Meowth
|choice||switch 4
|
|switch|p2a: Caterpie|Caterpie, L99|290\/290
|turn|22
|choice|move 3|move 1
|
|move|p1a: Raichu|Body Slam|p2a: Caterpie
|-damage|p2a: Caterpie|207\/290
|move|p2a: Caterpie|String Shot|p1a: Raichu
|-unboost|p1a: Raichu|spe|1
|
|turn|23
|choice|move 3|move 2
|
|move|p2a: Caterpie|Tackle|p1a: Raichu
|-damage|p1a: Raichu|92\/276
|move|p1a: Raichu|Body Slam|p2a: Caterpie
|-damage|p2a: Caterpie|129\/290
|
|turn|24
|choice|move 3|move 2
|
|move|p2a: Caterpie|Tackle|p1a: Raichu
|-damage|p1a: Raichu|66\/276
|move|p1a: Raichu|Body Slam|p2a: Caterpie
|-damage|p2a: Caterpie|51\/290
|
|turn|25
|choice|switch 5|move 2
|
|switch|p1a: Kangaskhan|Kangaskhan, L85|352\/352
|move|p2a: Caterpie|Tackle|p1a: Kangaskhan
|-damage|p1a: Kangaskhan|333\/352
|
|turn|26
|choice|move 1|move 1
|
|move|p1a: Kangaskhan|Earthquake|p2a: Caterpie
|-resisted|p2a: Caterpie
|-damage|p2a: Caterpie|4\/290
|move|p2a: Caterpie|String Shot|p1a: Kangaskhan
|-unboost|p1a: Kangaskhan|spe|1
|
|turn|27
|choice|switch 5|move 2
|
|switch|p1a: Raichu|Raichu, L85|66\/276
|move|p2a: Caterpie|Tackle|p1a: Raichu
|-damage|p1a: Raichu|42\/276
|
|turn|28
|choice|move 3|move 1
|
|move|p1a: Raichu|Body Slam|p2a: Caterpie
|-damage|p2a: Caterpie|0 fnt
|faint|p2a: Caterpie
|choice||switch 2
|
|switch|p2a: Machamp|Machamp, L90|276\/345
|turn|29
|c|★riwu|how did my caterpie almost killed ur raichu
|choice|move 2|move 3
|
|move|p1a: Raichu|Hyper Beam|p2a: Machamp
|-damage|p2a: Machamp|165\/345
|move|p2a: Machamp|Body Slam|p1a: Raichu
|-damage|p1a: Raichu|0 fnt
|faint|p1a: Raichu
|c|★Dervodel|no bolt lol
|choice|switch 5|
|
|switch|p1a: Kangaskhan|Kangaskhan, L85|333\/352
|turn|30
|choice|move 3|move 3
|
|move|p2a: Machamp|Body Slam|p1a: Kangaskhan
|-damage|p1a: Kangaskhan|248\/352
|move|p1a: Kangaskhan|Counter|p2a: Machamp
|-damage|p2a: Machamp|0 fnt
|faint|p2a: Machamp
|choice||switch 6
|
|switch|p2a: Lapras|Lapras, L79|135\/367 par
|turn|31
|c|★Dervodel|ur caterpie was op xD
|choice|move 4|move 4
|
|move|p1a: Kangaskhan|Hyper Beam|p2a: Lapras
|-damage|p2a: Lapras|0 fnt
|faint|p2a: Lapras
|
|win|Dervodel
|raw|Dervodel's rating: 1422 &rarr; <strong>1429<\/strong><br \/>(+7 for winning)
|raw|riwu's rating: 1133 &rarr; <strong>1125<\/strong><br \/>(-8 for losing)
|c|★Dervodel|gg man
|leave|riwu
|player|p2