|j|AtWorkMayDC
|j|pistolgang
|player|p1|AtWorkMayDC|113
|player|p2|pistolgang|101
|gametype|singles
|gen|1
|tier|[Gen 1] Random Battle
|rated
|seed|35634,33315,41813,36947
|rule|Sleep Clause Mod: Limit one foe put to sleep
|rule|Freeze Clause Mod: Limit one foe frozen
|rule|HP Percentage Mod: HP is shown in percentages
|
|start
|switch|p1a: Nidoqueen|Nidoqueen, L85|327\/327
|switch|p2a: Marowak|Marowak, L90|291\/291
|turn|1
|choice|move 2|move 4
|
|move|p1a: Nidoqueen|Blizzard|p2a: Marowak
|-supereffective|p2a: Marowak
|-damage|p2a: Marowak|112\/291
|move|p2a: Marowak|Blizzard|p1a: Nidoqueen
|-supereffective|p1a: Nidoqueen
|-damage|p1a: Nidoqueen|184\/327
|
|turn|2
|choice|move 2|move 2
|
|move|p1a: Nidoqueen|Blizzard|p2a: Marowak|[miss]
|-miss|p1a: Nidoqueen
|move|p2a: Marowak|Earthquake|p1a: Nidoqueen
|-supereffective|p1a: Nidoqueen
|-damage|p1a: Nidoqueen|0 fnt
|faint|p1a: Nidoqueen
|choice|switch 6|
|
|switch|p1a: Cloyster|Cloyster, L83|253\/253
|turn|3
|choice|move 2|move 2
|
|move|p1a: Cloyster|Surf|p2a: Marowak
|-supereffective|p2a: Marowak
|-damage|p2a: Marowak|0 fnt
|faint|p2a: Marowak
|choice||switch 2
|
|switch|p2a: Electrode|Electrode, L90|291\/291
|turn|4
|choice|switch 2|move 2
|
|switch|p1a: Magikarp|Magikarp, L99|240\/240
|move|p2a: Electrode|Thunderbolt|p1a: Magikarp
|-crit|p1a: Magikarp
|-supereffective|p1a: Magikarp
|-damage|p1a: Magikarp|0 fnt
|faint|p1a: Magikarp
|choice|switch 3|
|
|switch|p1a: Jynx|Jynx, L79|265\/265
|turn|5
|choice|move 1|move 4
|
|move|p2a: Electrode|Thunder Wave|p1a: Jynx
|-status|p1a: Jynx|par
|cant|p1a: Jynx|par
|
|turn|6
|choice|move 1|move 2
|
|move|p2a: Electrode|Thunderbolt|p1a: Jynx
|-damage|p1a: Jynx|166\/265 par
|move|p1a: Jynx|Lovely Kiss|p2a: Electrode
|-status|p2a: Electrode|slp
|
|turn|7
|choice|move 4|move 2
|
|-curestatus|p2a: Electrode|slp
|move|p1a: Jynx|Blizzard|p2a: Electrode
|-damage|p2a: Electrode|173\/291
|
|turn|8
|choice|move 1|move 2
|
|move|p2a: Electrode|Thunderbolt|p1a: Jynx
|-damage|p1a: Jynx|61\/265 par
|move|p1a: Jynx|Lovely Kiss|p2a: Electrode
|-status|p2a: Electrode|slp
|
|turn|9
|choice|move 4|move 2
|
|cant|p2a: Electrode|slp
|move|p1a: Jynx|Blizzard|p2a: Electrode
|-damage|p2a: Electrode|62\/291 slp
|
|turn|10
|choice|move 4|move 2
|
|-curestatus|p2a: Electrode|slp
|move|p1a: Jynx|Blizzard|p2a: Electrode
|-damage|p2a: Electrode|0 fnt
|faint|p2a: Electrode
|choice||switch 3
|
|switch|p2a: Aerodactyl|Aerodactyl, L90|327\/327
|turn|11
|choice|move 4|move 1
|
|move|p2a: Aerodactyl|Double-Edge|p1a: Jynx
|-damage|p1a: Jynx|0 fnt
|-damage|p2a: Aerodactyl|312\/327|[from] recoil|[of] p1a: Jynx
|faint|p1a: Jynx
|choice|switch 2|
|
|switch|p1a: Cloyster|Cloyster, L83|253\/253
|turn|12
|choice|move 3|switch 5
|
|switch|p2a: Muk|Muk, L90|372\/372
|move|p1a: Cloyster|Blizzard|p2a: Muk
|-crit|p2a: Muk
|-damage|p2a: Muk|113\/372
|
|turn|13
|choice|move 3|move 3
|
|move|p1a: Cloyster|Blizzard|p2a: Muk
|-damage|p2a: Muk|0 fnt
|faint|p2a: Muk
|choice||switch 6
|
|switch|p2a: Jynx|Jynx, L79|265\/265
|turn|14
|choice|move 4|move 2
|
|move|p2a: Jynx|Lovely Kiss|p1a: Cloyster
|-status|p1a: Cloyster|slp
|cant|p1a: Cloyster|slp
|
|turn|15
|choice|switch 5|move 3
|
|switch|p1a: Chansey|Chansey, L79|557\/557
|move|p2a: Jynx|Psychic|p1a: Chansey
|-damage|p1a: Chansey|478\/557
|-unboost|p1a: Chansey|spd|1
|-unboost|p1a: Chansey|spa|1
|
|turn|16
|choice|move 2|move 1
|
|move|p2a: Jynx|Blizzard|p1a: Chansey
|-damage|p1a: Chansey|317\/557
|move|p1a: Chansey|Thunderbolt|p2a: Jynx
|-damage|p2a: Jynx|221\/265
|
|turn|17
|choice|move 1|move 3
|
|move|p2a: Jynx|Psychic|p1a: Chansey
|-damage|p1a: Chansey|204\/557
|move|p1a: Chansey|Soft-Boiled|p1a: Chansey
|-heal|p1a: Chansey|482\/557
|
|turn|18
|choice|switch 5|move 3
|
|switch|p1a: Cloyster|Cloyster, L83|253\/253 slp
|move|p2a: Jynx|Psychic|p1a: Cloyster
|-damage|p1a: Cloyster|173\/253 slp
|-unboost|p1a: Cloyster|spd|1
|-unboost|p1a: Cloyster|spa|1
|
|turn|19
|c|★pistolgang|lol
|c|★pistolgang|nice username
|choice|switch 5|move 3
|
|switch|p1a: Chansey|Chansey, L79|482\/557
|move|p2a: Jynx|Psychic|p1a: Chansey
|-damage|p1a: Chansey|401\/557
|-unboost|p1a: Chansey|spd|1
|-unboost|p1a: Chansey|spa|1
|
|turn|20
|c|★AtWorkMayDC|ty
|choice|move 2|move 3
|
|move|p2a: Jynx|Psychic|p1a: Chansey
|-damage|p1a: Chansey|272\/557
|move|p1a: Chansey|Thunderbolt|p2a: Jynx
|-damage|p2a: Jynx|181\/265
|
|turn|21
|choice|move 1|move 3
|
|move|p2a: Jynx|Psychic|p1a: Chansey
|-damage|p1a: Chansey|161\/557
|move|p1a: Chansey|Soft-Boiled|p1a: Chansey
|-heal|p1a: Chansey|439\/557
|
|turn|22
|choice|move 2|move 1
|
|move|p2a: Jynx|Blizzard|p1a: Chansey
|-damage|p1a: Chansey|284\/557
|move|p1a: Chansey|Thunderbolt|p2a: Jynx
|-crit|p2a: Jynx
|-damage|p2a: Jynx|53\/265
|-status|p2a: Jynx|par
|
|turn|23
|choice|move 1|switch 4
|
|switch|p2a: Hypno|Hypno, L85|318\/318
|move|p1a: Chansey|Soft-Boiled|p1a: Chansey
|-heal|p1a: Chansey|557\/557
|
|turn|24
|choice|move 2|move 3
|
|move|p2a: Hypno|Thunder Wave|p1a: Chansey
|-status|p1a: Chansey|par
|move|p1a: Chansey|Thunderbolt|p2a: Hypno
|-damage|p2a: Hypno|281\/318
|
|turn|25
|choice|switch 5|move 1
|
|switch|p1a: Cloyster|Cloyster, L83|173\/253 slp
|move|p2a: Hypno|Psychic|p1a: Cloyster
|-damage|p1a: Cloyster|64\/253 slp
|-unboost|p1a: Cloyster|spd|1
|-unboost|p1a: Cloyster|spa|1
|
|turn|26
|choice|switch 5|move 1
|
|switch|p1a: Chansey|Chansey, L79|557\/557 par
|move|p2a: Hypno|Psychic|p1a: Chansey
|-damage|p1a: Chansey|452\/557 par
|
|turn|27
|choice|move 2|move 1
|
|move|p2a: Hypno|Psychic|p1a: Chansey
|-damage|p1a: Chansey|354\/557 par
|-unboost|p1a: Chansey|spd|1
|-unboost|p1a: Chansey|spa|1
|move|p1a: Chansey|Thunderbolt|p2a: Hypno
|-damage|p2a: Hypno|244\/318
|-status|p2a: Hypno|par
|
|turn|28
|choice|move 2|move 1
|
|cant|p2a: Hypno|par
|move|p1a: Chansey|Thunderbolt|p2a: Hypno
|-damage|p2a: Hypno|212\/318 par
|
|turn|29
|c|★pistolgang|this is so frustrating
|c|★AtWorkMayDC|ikr
|choice|move 2|move 1
|
|move|p2a: Hypno|Psychic|p1a: Chansey
|-damage|p1a: Chansey|194\/557 par
|-unboost|p1a: Chansey|spd|1
|-unboost|p1a: Chansey|spa|1
|cant|p1a: Chansey|par
|
|turn|30
|c|★pistolgang|whats your elo?
|c|★AtWorkMayDC|0\
|c|★pistolgang|rating that is
|c|★AtWorkMayDC|i dont know how to play pokemon
|choice|switch 5|move 1
|
|switch|p1a: Cloyster|Cloyster, L83|64\/253 slp
|move|p2a: Hypno|Psychic|p1a: Cloyster
|-damage|p1a: Cloyster|0 fnt
|faint|p1a: Cloyster
|c|★pistolgang|is this your first game?
|choice|switch 5|
|
|switch|p1a: Chansey|Chansey, L79|194\/557 par
|turn|31
|c|★AtWorkMayDC|this is my first time on the internet without my mother
|choice|move 1|move 1
|
|move|p2a: Hypno|Psychic|p1a: Chansey
|-damage|p1a: Chansey|87\/557 par
|move|p1a: Chansey|Soft-Boiled|p1a: Chansey
|-heal|p1a: Chansey|365\/557 par
|
|turn|32
|c|★pistolgang|fair enough
|choice|move 1|switch 5
|
|switch|p2a: Aerodactyl|Aerodactyl, L90|312\/327
|move|p1a: Chansey|Soft-Boiled|p1a: Chansey
|-heal|p1a: Chansey|557\/557 par
|
|turn|33
|c|★pistolgang|im sending in the cav
|choice|move 3|move 1
|
|move|p2a: Aerodactyl|Double-Edge|p1a: Chansey
|-damage|p1a: Chansey|321\/557 par
|-damage|p2a: Aerodactyl|253\/327|[from] recoil|[of] p1a: Chansey
|move|p1a: Chansey|Counter|p2a: Aerodactyl
|-damage|p2a: Aerodactyl|0 fnt
|faint|p2a: Aerodactyl
|c|★AtWorkMayDC|cav's dead, jim
|c|★pistolgang|shite
|c|★pistolgang|ofc you have a counter
|c|★pistolgang|gg
|-message|pistolgang forfeited.
|l|pistolgang
|
|win|AtWorkMayDC
|player|p2