|join|Psychedelic Trip
|join|Ididityea
|player|p1|Psychedelic Trip|168
|player|p2|Ididityea|1
|gametype|singles
|gen|1
|tier|[Gen 1] Random Battle
|rated
|rule|Sleep Clause Mod: Limit one foe put to sleep
|rule|Freeze Clause Mod: Limit one foe frozen
|rule|HP Percentage Mod: HP is shown in percentages
|
|start
|switch|p1a: Krabby|Krabby, L96|252\/252
|switch|p2a: Mew|Mew, L74|300\/300
|turn|1
|
|switch|p2a: Jolteon|Jolteon, L79|265\/265
|move|p1a: Krabby|Crabhammer|p2a: Jolteon
|-damage|p2a: Jolteon|210\/265
|
|turn|2
|
|switch|p1a: Rhydon|Rhydon, L79|328\/328
|move|p2a: Jolteon|Thunderbolt|p1a: Rhydon
|-immune|p1a: Rhydon|[msg]
|
|turn|3
|
|switch|p2a: Krabby|Krabby, L96|252\/252
|move|p1a: Rhydon|Substitute|p1a: Rhydon
|-start|p1a: Rhydon|Substitute
|-damage|p1a: Rhydon|246\/328
|
|turn|4
|
|move|p2a: Krabby|Crabhammer|p1a: Rhydon
|-supereffective|p1a: Rhydon
|-end|p1a: Rhydon|Substitute
|move|p1a: Rhydon|Earthquake|p2a: Krabby
|-damage|p2a: Krabby|159\/252
|
|turn|5
|
|switch|p1a: Krabby|Krabby, L96|252\/252
|move|p2a: Krabby|Crabhammer|p1a: Krabby|[miss]
|-miss|p2a: Krabby
|
|turn|6
|
|switch|p2a: Jolteon|Jolteon, L79|210\/265
|move|p1a: Krabby|Body Slam|p2a: Jolteon
|-damage|p2a: Jolteon|103\/265
|
|turn|7
|
|move|p2a: Jolteon|Thunderbolt|p1a: Krabby
|-crit|p1a: Krabby
|-supereffective|p1a: Krabby
|-damage|p1a: Krabby|0 fnt
|faint|p1a: Krabby
|
|switch|p1a: Rhydon|Rhydon, L79|246\/328
|turn|8
|
|switch|p2a: Krabby|Krabby, L96|159\/252
|move|p1a: Rhydon|Earthquake|p2a: Krabby
|-crit|p2a: Krabby
|-damage|p2a: Krabby|0 fnt
|faint|p2a: Krabby
|
|switch|p2a: Seaking|Seaking, L90|327\/327
|turn|9
|
|switch|p1a: Porygon|Porygon, L85|284\/284
|move|p2a: Seaking|Surf|p1a: Porygon
|-damage|p1a: Porygon|179\/284
|
|turn|10
|
|switch|p2a: Snorlax|Snorlax, L79|415\/415
|move|p1a: Porygon|Tri Attack|p2a: Snorlax
|-damage|p2a: Snorlax|334\/415
|
|turn|11
|
|move|p1a: Porygon|Recover|p1a: Porygon
|-heal|p1a: Porygon|284\/284
|move|p2a: Snorlax|Surf|p1a: Porygon
|-damage|p1a: Porygon|232\/284
|
|turn|12
|
|move|p1a: Porygon|Blizzard|p2a: Snorlax
|-damage|p2a: Snorlax|242\/415
|move|p2a: Snorlax|Ice Beam|p1a: Porygon
|-damage|p1a: Porygon|180\/284
|-status|p1a: Porygon|frz
|
|turn|13
|
|switch|p1a: Pidgeot|Pidgeot, L90|333\/333
|move|p2a: Snorlax|Ice Beam|p1a: Pidgeot
|-supereffective|p1a: Pidgeot
|-damage|p1a: Pidgeot|227\/333
|
|turn|14
|
|move|p1a: Pidgeot|Double-Edge|p2a: Snorlax
|-damage|p2a: Snorlax|96\/415
|-damage|p1a: Pidgeot|191\/333|[from] recoil|[of] p2a: Snorlax
|move|p2a: Snorlax|Ice Beam|p1a: Pidgeot
|-supereffective|p1a: Pidgeot
|-damage|p1a: Pidgeot|94\/333
|
|turn|15
|
|move|p1a: Pidgeot|Hyper Beam|p2a: Snorlax|[miss]
|-miss|p1a: Pidgeot
|move|p2a: Snorlax|Ice Beam|p1a: Pidgeot
|-supereffective|p1a: Pidgeot
|-damage|p1a: Pidgeot|0 fnt
|faint|p1a: Pidgeot
|
|switch|p1a: Ninetales|Ninetales, L85|298\/298
|turn|16
|
|move|p1a: Ninetales|Fire Blast|p2a: Snorlax
|-damage|p2a: Snorlax|0 fnt
|faint|p2a: Snorlax
|
|switch|p2a: Seaking|Seaking, L90|327\/327
|turn|17
|
|move|p1a: Ninetales|Confuse Ray|p2a: Seaking
|-start|p2a: Seaking|confusion
|-activate|p2a: Seaking|confusion
|move|p2a: Seaking|Surf|p1a: Ninetales
|-supereffective|p1a: Ninetales
|-damage|p1a: Ninetales|113\/298
|
|turn|18
|
|move|p1a: Ninetales|Toxic|p2a: Seaking
|-status|p2a: Seaking|tox
|-activate|p2a: Seaking|confusion
|move|p2a: Seaking|Surf|p1a: Ninetales
|-supereffective|p1a: Ninetales
|-damage|p1a: Ninetales|0 fnt
|faint|p1a: Ninetales
|
|switch|p1a: Porygon|Porygon, L85|180\/284 frz
|turn|19
|
|-end|p2a: Seaking|confusion
|move|p2a: Seaking|Double-Edge|p1a: Porygon
|-damage|p1a: Porygon|86\/284 frz
|-damage|p2a: Seaking|304\/327 tox|[from] recoil|[of] p1a: Porygon
|-damage|p2a: Seaking|284\/327 tox|[from] tox|[of] p1a: Porygon
|cant|p1a: Porygon|frz
|
|turn|20
|
|switch|p1a: Rhydon|Rhydon, L79|246\/328
|move|p2a: Seaking|Blizzard|p1a: Rhydon|[miss]
|-miss|p2a: Seaking
|-damage|p2a: Seaking|244\/327 tox|[from] tox|[of] p1a: Rhydon
|
|turn|21
|
|switch|p1a: Porygon|Porygon, L85|86\/284 frz
|move|p2a: Seaking|Surf|p1a: Porygon
|-damage|p1a: Porygon|0 fnt
|faint|p1a: Porygon
|
|switch|p1a: Aerodactyl|Aerodactyl, L90|327\/327
|turn|22
|
|move|p1a: Aerodactyl|Sky Attack|p2a: Seaking|[still]
|-prepare|p1a: Aerodactyl|Sky Attack|p2a: Seaking
|move|p2a: Seaking|Surf|p1a: Aerodactyl
|-crit|p1a: Aerodactyl
|-supereffective|p1a: Aerodactyl
|-damage|p1a: Aerodactyl|0 fnt
|faint|p1a: Aerodactyl
|
|switch|p1a: Rhydon|Rhydon, L79|246\/328
|turn|23
|
|move|p2a: Seaking|Surf|p1a: Rhydon
|-supereffective|p1a: Rhydon
|-damage|p1a: Rhydon|0 fnt
|faint|p1a: Rhydon
|
|win|Ididityea
|raw|Ladder updating...
|raw|Psychedelic Trip's rating: 1213 &rarr; <strong>1176<\/strong><br \/>(-37 for losing)
|raw|Ididityea's rating: 1028 &rarr; <strong>1082<\/strong><br \/>(+54 for winning)
|leave|Psychedelic Trip
|player|p1