|join|BigPickles420
|join|Life's Pointless
|player|p1|BigPickles420|101
|player|p2|Life's Pointless|95
|gametype|singles
|gen|1
|tier|[Gen 1] Random Battle
|rated
|rule|Sleep Clause Mod: Limit one foe put to sleep
|rule|Freeze Clause Mod: Limit one foe frozen
|rule|HP Percentage Mod: HP is shown in percentages
|
|start
|switch|p1a: Nidoqueen|Nidoqueen, L85|327\/327
|switch|p2a: Jigglypuff|Jigglypuff, L99|428\/428
|turn|1
|
|move|p1a: Nidoqueen|Earthquake|p2a: Jigglypuff
|-damage|p2a: Jigglypuff|256\/428
|move|p2a: Jigglypuff|Bubble Beam|p1a: Nidoqueen
|-supereffective|p1a: Nidoqueen
|-damage|p1a: Nidoqueen|256\/327
|
|turn|2
|
|move|p1a: Nidoqueen|Body Slam|p2a: Jigglypuff
|-damage|p2a: Jigglypuff|156\/428
|move|p2a: Jigglypuff|Bubble Beam|p1a: Nidoqueen
|-supereffective|p1a: Nidoqueen
|-damage|p1a: Nidoqueen|187\/327
|
|turn|3
|
|move|p1a: Nidoqueen|Earthquake|p2a: Jigglypuff
|-crit|p2a: Jigglypuff
|-damage|p2a: Jigglypuff|0 fnt
|faint|p2a: Jigglypuff
|
|switch|p2a: Dewgong|Dewgong, L85|327\/327
|turn|4
|
|move|p1a: Nidoqueen|Thunder|p2a: Dewgong
|-supereffective|p2a: Dewgong
|-damage|p2a: Dewgong|198\/327
|-status|p2a: Dewgong|par
|move|p2a: Dewgong|Surf|p1a: Nidoqueen
|-supereffective|p1a: Nidoqueen
|-damage|p1a: Nidoqueen|0 fnt
|faint|p1a: Nidoqueen
|
|switch|p1a: Mr. Mime|Mr. Mime, L85|242\/242
|turn|5
|
|move|p1a: Mr. Mime|Thunderbolt|p2a: Dewgong
|-supereffective|p2a: Dewgong
|-damage|p2a: Dewgong|60\/327 par
|move|p2a: Dewgong|Blizzard|p1a: Mr. Mime|[miss]
|-miss|p2a: Dewgong
|
|turn|6
|
|switch|p2a: Nidoqueen|Nidoqueen, L85|327\/327
|move|p1a: Mr. Mime|Thunderbolt|p2a: Nidoqueen
|-immune|p2a: Nidoqueen|[msg]
|
|turn|7
|
|switch|p1a: Mew|Mew, L74|300\/300
|move|p2a: Nidoqueen|Earthquake|p1a: Mew
|-crit|p1a: Mew
|-damage|p1a: Mew|91\/300
|
|turn|8
|
|move|p1a: Mew|Psychic|p2a: Nidoqueen
|-crit|p2a: Nidoqueen
|-supereffective|p2a: Nidoqueen
|-damage|p2a: Nidoqueen|8\/327
|move|p2a: Nidoqueen|Earthquake|p1a: Mew
|-damage|p1a: Mew|0 fnt
|faint|p1a: Mew
|
|switch|p1a: Mr. Mime|Mr. Mime, L85|242\/242
|turn|9
|
|move|p1a: Mr. Mime|Psychic|p2a: Nidoqueen
|-supereffective|p2a: Nidoqueen
|-damage|p2a: Nidoqueen|0 fnt
|faint|p2a: Nidoqueen
|
|switch|p2a: Kadabra|Kadabra, L85|242\/242
|turn|10
|
|move|p2a: Kadabra|Thunder Wave|p1a: Mr. Mime
|-status|p1a: Mr. Mime|par
|move|p1a: Mr. Mime|Thunder Wave|p2a: Kadabra
|-status|p2a: Kadabra|par
|
|turn|11
|
|move|p2a: Kadabra|Reflect|p2a: Kadabra
|-start|p2a: Kadabra|Reflect
|move|p1a: Mr. Mime|Seismic Toss|p2a: Kadabra
|-damage|p2a: Kadabra|157\/242 par
|
|turn|12
|
|move|p2a: Kadabra|Recover|p2a: Kadabra
|-heal|p2a: Kadabra|242\/242 par
|cant|p1a: Mr. Mime|par
|
|turn|13
|
|switch|p1a: Wigglytuff|Wigglytuff, L90|435\/435
|move|p2a: Kadabra|Psychic|p1a: Wigglytuff
|-crit|p1a: Wigglytuff
|-damage|p1a: Wigglytuff|123\/435
|-unboost|p1a: Wigglytuff|spd|1
|-unboost|p1a: Wigglytuff|spa|1
|
|turn|14
|
|move|p1a: Wigglytuff|Hyper Beam|p2a: Kadabra
|-damage|p2a: Kadabra|114\/242 par
|cant|p2a: Kadabra|par
|
|turn|15
|-mustrecharge|p1a: Wigglytuff
|-mustrecharge|p1a: Wigglytuff
|
|cant|p1a: Wigglytuff|recharge
|move|p2a: Kadabra|Recover|p2a: Kadabra
|-heal|p2a: Kadabra|235\/242 par
|
|turn|16
|
|move|p1a: Wigglytuff|Hyper Beam|p2a: Kadabra
|-damage|p2a: Kadabra|106\/242 par
|move|p2a: Kadabra|Psychic|p1a: Wigglytuff
|-damage|p1a: Wigglytuff|0 fnt
|faint|p1a: Wigglytuff
|-message|BigPickles420 forfeited.
|
|win|Life's Pointless
|raw|Ladder updating...
|leave|BigPickles420
|player|p1
|raw|BigPickles420's rating: 1122 &rarr; <strong>1088<\/strong><br \/>(-34 for losing)
|raw|Life&apos;s Pointless's rating: 1000 &rarr; <strong>1053<\/strong><br \/>(+53 for winning)