|j|MALESANI
|j|Kenster1992
|player|p1|MALESANI|238
|player|p2|Kenster1992|70
|gametype|singles
|gen|1
|tier|[Gen 1] Random Battle
|rated
|seed|26561,29593,40521,6443
|rule|Sleep Clause Mod: Limit one foe put to sleep
|rule|Freeze Clause Mod: Limit one foe frozen
|rule|HP Percentage Mod: HP is shown in percentages
|
|start
|switch|p1a: Tauros|Tauros, L79|280\/280
|switch|p2a: Koffing|Koffing, L96|272\/272
|turn|1
|choice|switch 2|switch 4
|
|switch|p1a: Haunter|Haunter, L85|250\/250
|switch|p2a: Persian|Persian, L79|265\/265
|
|turn|2
|choice|move 3|move 4
|
|move|p2a: Persian|Thunderbolt|p1a: Haunter
|-damage|p1a: Haunter|214\/250
|move|p1a: Haunter|Psychic|p2a: Persian
|-damage|p2a: Persian|178\/265
|
|turn|3
|choice|move 2|move 4
|
|move|p2a: Persian|Thunderbolt|p1a: Haunter
|-damage|p1a: Haunter|173\/250
|move|p1a: Haunter|Mega Drain|p2a: Persian
|-damage|p2a: Persian|138\/265
|-heal|p1a: Haunter|193\/250|[from] drain|[of] p2a: Persian
|
|turn|4
|choice|move 3|move 3
|
|move|p2a: Persian|Bubble Beam|p1a: Haunter
|-crit|p1a: Haunter
|-damage|p1a: Haunter|143\/250
|move|p1a: Haunter|Psychic|p2a: Persian
|-damage|p2a: Persian|37\/265
|
|turn|5
|choice|move 3|switch 3
|
|switch|p2a: Clefable|Clefable, L85|335\/335
|move|p1a: Haunter|Psychic|p2a: Clefable
|-damage|p2a: Clefable|265\/335
|
|turn|6
|choice|switch 5|move 2
|
|switch|p1a: Pinsir|Pinsir, L85|284\/284
|move|p2a: Clefable|Thunderbolt|p1a: Pinsir
|-damage|p1a: Pinsir|207\/284
|
|turn|7
|choice|move 4|switch 4
|
|switch|p2a: Koffing|Koffing, L96|272\/272
|move|p1a: Pinsir|Submission|p2a: Koffing
|-resisted|p2a: Koffing
|-damage|p2a: Koffing|242\/272
|-damage|p1a: Pinsir|200\/284|[from] recoil|[of] p2a: Koffing
|
|turn|8
|choice|switch 4|move 3
|
|switch|p1a: Starmie|Starmie, L79|257\/257
|move|p2a: Koffing|Fire Blast|p1a: Starmie
|-resisted|p1a: Starmie
|-damage|p1a: Starmie|221\/257
|
|turn|9
|choice|move 3|switch 4
|
|switch|p2a: Clefable|Clefable, L85|265\/335
|move|p1a: Starmie|Thunder Wave|p2a: Clefable
|-status|p2a: Clefable|par
|
|turn|10
|choice|switch 4|move 4
|
|switch|p1a: Pinsir|Pinsir, L85|200\/284
|cant|p2a: Clefable|par
|
|turn|11
|choice|move 3|move 4
|
|move|p1a: Pinsir|Body Slam|p2a: Clefable
|-damage|p2a: Clefable|184\/335 par
|move|p2a: Clefable|Sing|p1a: Pinsir
|-status|p1a: Pinsir|slp
|
|turn|12
|choice|switch 5|move 1
|
|switch|p1a: Haunter|Haunter, L85|143\/250
|move|p2a: Clefable|Body Slam|p1a: Haunter
|-immune|p1a: Haunter|[msg]
|
|turn|13
|choice|move 3|move 2
|
|move|p1a: Haunter|Psychic|p2a: Clefable
|-damage|p2a: Clefable|114\/335 par
|move|p2a: Clefable|Thunderbolt|p1a: Haunter
|-damage|p1a: Haunter|86\/250
|
|turn|14
|choice|move 2|move 3
|
|move|p1a: Haunter|Mega Drain|p2a: Clefable
|-crit|p2a: Clefable
|-damage|p2a: Clefable|50\/335 par
|-heal|p1a: Haunter|118\/250|[from] drain|[of] p2a: Clefable
|cant|p2a: Clefable|par
|
|turn|15
|choice|move 3|move 3
|
|move|p1a: Haunter|Psychic|p2a: Clefable
|-damage|p2a: Clefable|0 fnt
|faint|p2a: Clefable
|choice||switch 5
|
|switch|p2a: Flareon|Flareon, L90|300\/300
|turn|16
|choice|switch 4|move 2
|
|switch|p1a: Starmie|Starmie, L79|221\/257
|move|p2a: Flareon|Fire Blast|p1a: Starmie
|-resisted|p1a: Starmie
|-damage|p1a: Starmie|140\/257
|
|turn|17
|choice|move 3|switch 6
|
|switch|p2a: Lapras|Lapras, L79|367\/367
|move|p1a: Starmie|Thunder Wave|p2a: Lapras
|-status|p2a: Lapras|par
|
|turn|18
|choice|switch 6|move 2
|
|switch|p1a: Mr. Mime|Mr. Mime, L85|242\/242
|move|p2a: Lapras|Body Slam|p1a: Mr. Mime
|-damage|p1a: Mr. Mime|188\/242
|-status|p1a: Mr. Mime|par
|
|turn|19
|choice|move 3|move 1
|
|move|p1a: Mr. Mime|Thunderbolt|p2a: Lapras
|-supereffective|p2a: Lapras
|-damage|p2a: Lapras|219\/367 par
|move|p2a: Lapras|Confuse Ray|p1a: Mr. Mime
|-start|p1a: Mr. Mime|confusion
|
|turn|20
|choice|switch 6|move 2
|
|switch|p1a: Starmie|Starmie, L79|140\/257
|move|p2a: Lapras|Body Slam|p1a: Starmie
|-damage|p1a: Starmie|91\/257
|-status|p1a: Starmie|par
|
|turn|21
|choice|move 1|move 4
|
|move|p1a: Starmie|Recover|p1a: Starmie
|-heal|p1a: Starmie|219\/257 par
|cant|p2a: Lapras|par
|
|turn|22
|choice|move 4|move 4
|
|move|p1a: Starmie|Thunderbolt|p2a: Lapras
|-supereffective|p2a: Lapras
|-damage|p2a: Lapras|95\/367 par
|cant|p2a: Lapras|par
|
|turn|23
|choice|move 4|move 4
|
|move|p1a: Starmie|Thunderbolt|p2a: Lapras
|-supereffective|p2a: Lapras
|-damage|p2a: Lapras|0 fnt
|faint|p2a: Lapras
|choice||switch 4
|
|switch|p2a: Koffing|Koffing, L96|242\/272
|turn|24
|choice|switch 4|move 2
|
|switch|p1a: Haunter|Haunter, L85|118\/250
|move|p2a: Koffing|Thunder|p1a: Haunter
|-damage|p1a: Haunter|48\/250
|-status|p1a: Haunter|par
|
|turn|25
|choice|move 4|move 3
|
|move|p2a: Koffing|Fire Blast|p1a: Haunter
|-crit|p1a: Haunter
|-damage|p1a: Haunter|0 fnt
|faint|p1a: Haunter
|choice|switch 6|
|
|switch|p1a: Mr. Mime|Mr. Mime, L85|188\/242 par
|turn|26
|choice|move 4|move 3
|
|move|p2a: Koffing|Fire Blast|p1a: Mr. Mime
|-damage|p1a: Mr. Mime|112\/242 par
|move|p1a: Mr. Mime|Thunder Wave|p2a: Koffing
|-status|p2a: Koffing|par
|
|turn|27
|choice|move 2|move 3
|
|cant|p1a: Mr. Mime|par
|move|p2a: Koffing|Fire Blast|p1a: Mr. Mime|[miss]
|-miss|p2a: Koffing
|
|turn|28
|choice|move 2|move 3
|
|move|p1a: Mr. Mime|Psychic|p2a: Koffing
|-supereffective|p2a: Koffing
|-damage|p2a: Koffing|26\/272 par
|move|p2a: Koffing|Fire Blast|p1a: Mr. Mime
|-crit|p1a: Mr. Mime
|-damage|p1a: Mr. Mime|0 fnt
|faint|p1a: Mr. Mime
|choice|switch 2|
|
|switch|p1a: Tauros|Tauros, L79|280\/280
|turn|29
|choice|move 3|move 1
|
|move|p1a: Tauros|Body Slam|p2a: Koffing
|-damage|p2a: Koffing|0 fnt
|faint|p2a: Koffing
|choice||switch 3
|
|switch|p2a: Persian|Persian, L79|37\/265
|turn|30
|choice|move 3|move 2
|
|move|p2a: Persian|Body Slam|p1a: Tauros
|-damage|p1a: Tauros|211\/280
|move|p1a: Tauros|Body Slam|p2a: Persian
|-crit|p2a: Persian
|-damage|p2a: Persian|0 fnt
|faint|p2a: Persian
|choice||switch 2
|
|switch|p2a: Cubone|Cubone, L96|291\/291
|turn|31
|choice|switch 5|move 3
|
|switch|p1a: Pinsir|Pinsir, L85|200\/284 slp
|move|p2a: Cubone|Body Slam|p1a: Pinsir
|-damage|p1a: Pinsir|155\/284 slp
|
|turn|32
|choice|move 3|move 2
|
|cant|p1a: Pinsir|slp
|move|p2a: Cubone|Blizzard|p1a: Pinsir
|-damage|p1a: Pinsir|71\/284 slp
|
|turn|33
|choice|move 4|move 3
|
|cant|p1a: Pinsir|slp
|move|p2a: Cubone|Body Slam|p1a: Pinsir|[miss]
|-miss|p2a: Cubone
|
|turn|34
|choice|move 4|move 3
|
|cant|p1a: Pinsir|slp
|move|p2a: Cubone|Body Slam|p1a: Pinsir
|-damage|p1a: Pinsir|26\/284 slp
|
|turn|35
|choice|move 2|move 3
|
|-curestatus|p1a: Pinsir|slp
|move|p2a: Cubone|Body Slam|p1a: Pinsir
|-damage|p1a: Pinsir|0 fnt
|faint|p1a: Pinsir
|choice|switch 4|
|
|switch|p1a: Starmie|Starmie, L79|219\/257 par
|turn|36
|choice|move 2|move 3
|
|move|p2a: Cubone|Body Slam|p1a: Starmie
|-damage|p1a: Starmie|164\/257 par
|move|p1a: Starmie|Surf|p2a: Cubone
|-supereffective|p2a: Cubone
|-damage|p2a: Cubone|50\/291
|
|turn|37
|choice|switch 3|move 1
|
|switch|p1a: Vileplume|Vileplume, L90|318\/318
|move|p2a: Cubone|Earthquake|p1a: Vileplume
|-damage|p1a: Vileplume|231\/318
|
|turn|38
|choice|move 4|move 3
|
|move|p1a: Vileplume|Body Slam|p2a: Cubone
|-damage|p2a: Cubone|0 fnt
|faint|p2a: Cubone
|choice||switch 6
|
|switch|p2a: Flareon|Flareon, L90|300\/300
|turn|39
|choice|move 2|move 2
|
|move|p2a: Flareon|Fire Blast|p1a: Vileplume
|-supereffective|p1a: Vileplume
|-damage|p1a: Vileplume|0 fnt
|faint|p1a: Vileplume
|choice|switch 5|
|
|switch|p1a: Tauros|Tauros, L79|211\/280
|turn|40
|choice|move 3|move 2
|
|move|p1a: Tauros|Body Slam|p2a: Flareon
|-damage|p2a: Flareon|203\/300
|-status|p2a: Flareon|par
|move|p2a: Flareon|Fire Blast|p1a: Tauros
|-crit|p1a: Tauros
|-damage|p1a: Tauros|0 fnt
|faint|p1a: Tauros
|choice|switch 3|
|
|switch|p1a: Starmie|Starmie, L79|164\/257 par
|turn|41
|choice|move 2|move 1
|
|move|p1a: Starmie|Surf|p2a: Flareon
|-crit|p2a: Flareon
|-supereffective|p2a: Flareon
|-damage|p2a: Flareon|0 fnt
|faint|p2a: Flareon
|
|win|MALESANI
|player|p1
|player|p2
|raw|MALESANI's rating: 1365 &rarr; <strong>1385<\/strong><br \/>(+20 for winning)
|raw|Kenster1992's rating: 1374 &rarr; <strong>1354<\/strong><br \/>(-20 for losing)