|join|XianJu
|join|Vega1234
|player|p1|XianJu|130
|player|p2|Vega1234|169
|gametype|singles
|gen|1
|tier|[Gen 1] Random Battle
|rated
|rule|Sleep Clause Mod: Limit one foe put to sleep
|rule|Freeze Clause Mod: Limit one foe frozen
|rule|HP Percentage Mod: HP is shown in percentages
|
|start
|switch|p1a: Golduck|Golduck, L85|310\/310
|switch|p2a: Paras|Paras, L96|262\/262
|turn|1
|
|move|p1a: Golduck|Blizzard|p2a: Paras
|-supereffective|p2a: Paras
|-damage|p2a: Paras|92\/262
|move|p2a: Paras|Mega Drain|p1a: Golduck
|-supereffective|p1a: Golduck
|-damage|p1a: Golduck|221\/310
|-heal|p2a: Paras|136\/262|[from] drain|[of] p1a: Golduck
|
|turn|2
|
|move|p1a: Golduck|Blizzard|p2a: Paras
|-supereffective|p2a: Paras
|-damage|p2a: Paras|0 fnt
|faint|p2a: Paras
|
|switch|p2a: Electabuzz|Electabuzz, L85|284\/284
|turn|3
|
|switch|p1a: Exeggutor|Exeggutor, L79|312\/312
|move|p2a: Electabuzz|Thunderbolt|p1a: Exeggutor
|-resisted|p1a: Exeggutor
|-damage|p1a: Exeggutor|272\/312
|
|turn|4
|
|switch|p2a: Magmar|Magmar, L90|300\/300
|move|p1a: Exeggutor|Sleep Powder|p2a: Magmar|[miss]
|-miss|p1a: Exeggutor
|
|turn|5
|
|switch|p1a: Golduck|Golduck, L85|221\/310
|move|p2a: Magmar|Fire Blast|p1a: Golduck
|-resisted|p1a: Golduck
|-damage|p1a: Golduck|146\/310
|-status|p1a: Golduck|brn
|
|turn|6
|
|move|p2a: Magmar|Hyper Beam|p1a: Golduck
|-damage|p1a: Golduck|24\/310 brn
|move|p1a: Golduck|Surf|p2a: Magmar
|-crit|p2a: Magmar
|-supereffective|p2a: Magmar
|-damage|p2a: Magmar|0 fnt
|faint|p2a: Magmar
|
|switch|p2a: Poliwag|Poliwag, L96|272\/272
|turn|7
|
|switch|p1a: Voltorb|Voltorb, L96|272\/272
|move|p2a: Poliwag|Hypnosis|p1a: Voltorb|[miss]
|-miss|p2a: Poliwag
|
|turn|8
|
|switch|p2a: Dugtrio|Dugtrio, L85|233\/233
|move|p1a: Voltorb|Thunderbolt|p2a: Dugtrio
|-immune|p2a: Dugtrio|[msg]
|
|turn|9
|
|switch|p1a: Farfetch'd|Farfetch'd, L99|304\/304
|move|p2a: Dugtrio|Earthquake|p1a: Farfetch'd
|-immune|p1a: Farfetch'd|[msg]
|
|turn|10
|
|switch|p2a: Electabuzz|Electabuzz, L85|284\/284
|move|p1a: Farfetch'd|Substitute|p1a: Farfetch'd
|-start|p1a: Farfetch'd|Substitute
|-damage|p1a: Farfetch'd|228\/304
|
|turn|11
|
|move|p2a: Electabuzz|Thunderbolt|p1a: Farfetch'd
|-supereffective|p1a: Farfetch'd
|-end|p1a: Farfetch'd|Substitute
|move|p1a: Farfetch'd|Body Slam|p2a: Electabuzz
|-damage|p2a: Electabuzz|158\/284
|
|turn|12
|
|switch|p1a: Exeggutor|Exeggutor, L79|272\/312
|move|p2a: Electabuzz|Thunderbolt|p1a: Exeggutor
|-crit|p1a: Exeggutor
|-resisted|p1a: Exeggutor
|-damage|p1a: Exeggutor|198\/312
|
|turn|13
|
|move|p2a: Electabuzz|Thunder Wave|p1a: Exeggutor
|-status|p1a: Exeggutor|par
|cant|p1a: Exeggutor|par
|
|turn|14
|
|move|p2a: Electabuzz|Psychic|p1a: Exeggutor
|-crit|p1a: Exeggutor
|-resisted|p1a: Exeggutor
|-damage|p1a: Exeggutor|146\/312 par
|cant|p1a: Exeggutor|par
|
|turn|15
|
|move|p2a: Electabuzz|Thunderbolt|p1a: Exeggutor
|-resisted|p1a: Exeggutor
|-damage|p1a: Exeggutor|107\/312 par
|move|p1a: Exeggutor|Hyper Beam|p2a: Electabuzz
|-damage|p2a: Electabuzz|35\/284
|
|turn|16
|-mustrecharge|p1a: Exeggutor
|-mustrecharge|p1a: Exeggutor
|
|move|p2a: Electabuzz|Seismic Toss|p1a: Exeggutor
|-damage|p1a: Exeggutor|22\/312 par
|cant|p1a: Exeggutor|recharge
|
|turn|17
|
|switch|p1a: Voltorb|Voltorb, L96|272\/272
|move|p2a: Electabuzz|Seismic Toss|p1a: Voltorb
|-damage|p1a: Voltorb|187\/272
|
|turn|18
|
|switch|p2a: Dugtrio|Dugtrio, L85|233\/233
|move|p1a: Voltorb|Thunderbolt|p2a: Dugtrio
|-immune|p2a: Dugtrio|[msg]
|
|turn|19
|
|switch|p1a: Farfetch'd|Farfetch'd, L99|228\/304
|move|p2a: Dugtrio|Earthquake|p1a: Farfetch'd
|-immune|p1a: Farfetch'd|[msg]
|
|turn|20
|
|switch|p2a: Hitmonchan|Hitmonchan, L90|273\/273
|move|p1a: Farfetch'd|Slash|p2a: Hitmonchan
|-crit|p2a: Hitmonchan
|-damage|p2a: Hitmonchan|119\/273
|
|turn|21
|
|move|p2a: Hitmonchan|Submission|p1a: Farfetch'd
|-damage|p1a: Farfetch'd|107\/304
|-damage|p2a: Hitmonchan|89\/273|[from] recoil|[of] p1a: Farfetch'd
|move|p1a: Farfetch'd|Slash|p2a: Hitmonchan
|-crit|p2a: Hitmonchan
|-damage|p2a: Hitmonchan|0 fnt
|faint|p2a: Hitmonchan
|
|switch|p2a: Electabuzz|Electabuzz, L85|35\/284
|turn|22
|
|switch|p1a: Voltorb|Voltorb, L96|187\/272
|move|p2a: Electabuzz|Thunderbolt|p1a: Voltorb
|-resisted|p1a: Voltorb
|-damage|p1a: Voltorb|132\/272
|
|turn|23
|
|switch|p1a: Farfetch'd|Farfetch'd, L99|107\/304
|switch|p2a: Dugtrio|Dugtrio, L85|233\/233
|
|turn|24
|
|move|p2a: Dugtrio|Slash|p1a: Farfetch'd
|-damage|p1a: Farfetch'd|54\/304
|move|p1a: Farfetch'd|Substitute|p1a: Farfetch'd
|-fail|p1a: Farfetch'd|move: Substitute|[weak]
|
|turn|25
|
|move|p2a: Dugtrio|Slash|p1a: Farfetch'd
|-crit|p1a: Farfetch'd
|-damage|p1a: Farfetch'd|0 fnt
|faint|p1a: Farfetch'd
|
|switch|p1a: Persian|Persian, L79|265\/265
|turn|26
|
|move|p2a: Dugtrio|Earthquake|p1a: Persian
|-crit|p1a: Persian
|-damage|p1a: Persian|7\/265
|move|p1a: Persian|Bubble Beam|p2a: Dugtrio
|-supereffective|p2a: Dugtrio
|-damage|p2a: Dugtrio|154\/233
|
|turn|27
|
|switch|p1a: Voltorb|Voltorb, L96|132\/272
|move|p2a: Dugtrio|Slash|p1a: Voltorb
|-crit|p1a: Voltorb
|-damage|p1a: Voltorb|29\/272
|
|turn|28
|
|move|p2a: Dugtrio|Earthquake|p1a: Voltorb
|-supereffective|p1a: Voltorb
|-damage|p1a: Voltorb|0 fnt
|faint|p1a: Voltorb
|
|switch|p1a: Ninetales|Ninetales, L85|298\/298
|turn|29
|
|move|p2a: Dugtrio|Earthquake|p1a: Ninetales
|-supereffective|p1a: Ninetales
|-damage|p1a: Ninetales|95\/298
|move|p1a: Ninetales|Fire Blast|p2a: Dugtrio
|-damage|p2a: Dugtrio|11\/233
|
|turn|30
|
|move|p2a: Dugtrio|Earthquake|p1a: Ninetales
|-crit|p1a: Ninetales
|-supereffective|p1a: Ninetales
|-damage|p1a: Ninetales|0 fnt
|faint|p1a: Ninetales
|
|switch|p1a: Exeggutor|Exeggutor, L79|22\/312 par
|turn|31
|
|move|p2a: Dugtrio|Earthquake|p1a: Exeggutor
|-resisted|p1a: Exeggutor
|-damage|p1a: Exeggutor|0 fnt
|faint|p1a: Exeggutor
|
|switch|p1a: Golduck|Golduck, L85|24\/310 brn
|turn|32
|
|move|p2a: Dugtrio|Slash|p1a: Golduck
|-crit|p1a: Golduck
|-damage|p1a: Golduck|0 fnt
|faint|p1a: Golduck
|
|switch|p1a: Persian|Persian, L79|7\/265
|turn|33
|c|★Vega1234|gg
|
|move|p2a: Dugtrio|Slash|p1a: Persian
|-crit|p1a: Persian
|-damage|p1a: Persian|0 fnt
|faint|p1a: Persian
|
|win|Vega1234
|raw|XianJu's rating: 1285 &rarr; <strong>1243<\/strong><br \/>(-42 for losing)
|raw|Vega1234's rating: 1000 &rarr; <strong>1067<\/strong><br \/>(+67 for winning)
|leave|XianJu
|player|p1