|join|broncosfann88
|join|Radiant Apollo
|player|p1|broncosfann88|265
|player|p2|Radiant Apollo|238
|gametype|singles
|gen|1
|tier|[Gen 1] Random Battle
|rated
|seed|17522,55777,14210,41421
|rule|Sleep Clause Mod: Limit one foe put to sleep
|rule|Freeze Clause Mod: Limit one foe frozen
|rule|HP Percentage Mod: HP is shown in percentages
|
|start
|switch|p1a: Golduck|Golduck, L85|310\/310
|switch|p2a: Snorlax|Snorlax, L79|415\/415
|turn|1
|choice|move 1|move 1
|
|move|p1a: Golduck|Amnesia|p1a: Golduck
|-boost|p1a: Golduck|spd|2
|-boost|p1a: Golduck|spa|2
|move|p2a: Snorlax|Amnesia|p2a: Snorlax
|-boost|p2a: Snorlax|spd|2
|-boost|p2a: Snorlax|spa|2
|
|turn|2
|choice|move 1|move 1
|
|move|p1a: Golduck|Amnesia|p1a: Golduck
|-boost|p1a: Golduck|spd|2
|-boost|p1a: Golduck|spa|2
|move|p2a: Snorlax|Amnesia|p2a: Snorlax
|-boost|p2a: Snorlax|spd|2
|-boost|p2a: Snorlax|spa|2
|
|turn|3
|choice|move 1|move 1
|
|move|p1a: Golduck|Amnesia|p1a: Golduck
|-boost|p1a: Golduck|spd|2
|-boost|p1a: Golduck|spa|2
|move|p2a: Snorlax|Amnesia|p2a: Snorlax
|-boost|p2a: Snorlax|spd|2
|-boost|p2a: Snorlax|spa|2
|
|turn|4
|choice|move 3|move 4
|
|move|p1a: Golduck|Blizzard|p2a: Snorlax
|-crit|p2a: Snorlax
|-damage|p2a: Snorlax|230\/415
|move|p2a: Snorlax|Earthquake|p1a: Golduck
|-damage|p1a: Golduck|239\/310
|
|turn|5
|choice|move 3|move 3
|
|move|p1a: Golduck|Blizzard|p2a: Snorlax
|-crit|p2a: Snorlax
|-damage|p2a: Snorlax|46\/415
|move|p2a: Snorlax|Hyper Beam|p1a: Golduck|[miss]
|-miss|p2a: Snorlax
|
|turn|6
|choice|move 3|move 3
|
|move|p1a: Golduck|Blizzard|p2a: Snorlax
|-crit|p2a: Snorlax
|-damage|p2a: Snorlax|0 fnt
|faint|p2a: Snorlax
|choice||switch 2
|
|switch|p2a: Tentacool|Tentacool, L96|272\/272
|turn|7
|choice|move 3|move 4
|
|move|p2a: Tentacool|Double-Edge|p1a: Golduck
|-damage|p1a: Golduck|181\/310
|-damage|p2a: Tentacool|258\/272|[from] recoil|[of] p1a: Golduck
|move|p1a: Golduck|Blizzard|p2a: Tentacool
|-resisted|p2a: Tentacool
|-damage|p2a: Tentacool|143\/272
|
|turn|8
|choice|move 2|move 4
|
|move|p1a: Golduck|Body Slam|p2a: Tentacool
|-damage|p2a: Tentacool|65\/272
|-status|p2a: Tentacool|par
|cant|p2a: Tentacool|par
|
|turn|9
|choice|move 2|move 4
|
|move|p1a: Golduck|Body Slam|p2a: Tentacool
|-damage|p2a: Tentacool|0 fnt
|faint|p2a: Tentacool
|choice||switch 4
|
|switch|p2a: Primeape|Primeape, L90|300\/300
|turn|10
|choice|move 3|move 3
|
|move|p2a: Primeape|Submission|p1a: Golduck
|-damage|p1a: Golduck|81\/310
|-damage|p2a: Primeape|275\/300|[from] recoil|[of] p1a: Golduck
|move|p1a: Golduck|Blizzard|p2a: Primeape
|-damage|p2a: Primeape|0 fnt
|faint|p2a: Primeape
|choice||switch 3
|
|switch|p2a: Vulpix|Vulpix, L96|268\/268
|turn|11
|choice|move 3|move 4
|
|move|p1a: Golduck|Blizzard|p2a: Vulpix
|-damage|p2a: Vulpix|0 fnt
|faint|p2a: Vulpix
|choice||switch 5
|
|switch|p2a: Pidgeotto|Pidgeotto, L90|297\/297
|turn|12
|choice|move 3|move 3
|
|move|p1a: Golduck|Blizzard|p2a: Pidgeotto
|-supereffective|p2a: Pidgeotto
|-damage|p2a: Pidgeotto|0 fnt
|faint|p2a: Pidgeotto
|choice||switch 6
|
|switch|p2a: Golem|Golem, L79|288\/288
|turn|13
|choice|move 3|move 1
|
|move|p1a: Golduck|Blizzard|p2a: Golem
|-supereffective|p2a: Golem
|-damage|p2a: Golem|0 fnt
|faint|p2a: Golem
|
|win|broncosfann88
|raw|broncosfann88's rating: 1338 &rarr; <strong>1345<\/strong><br \/>(+7 for winning)
|raw|Radiant Apollo's rating: 1055 &rarr; <strong>1049<\/strong><br \/>(-6 for losing)
|leave|broncosfann88
|player|p1