|join|chema trainer
|join|andrewandres
|player|p1|chema trainer|76
|player|p2|andrewandres|266
|gametype|singles
|gen|1
|tier|[Gen 1] Random Battle
|rule|Sleep Clause Mod: Limit one foe put to sleep
|rule|Freeze Clause Mod: Limit one foe frozen
|rule|HP Percentage Mod: HP is shown in percentages
|
|start
|switch|p1a: Dragonite|Dragonite, L85|328\/328
|switch|p2a: Venonat|Venonat, L96|310\/310
|turn|1
|c|★chema trainer|estan super chulos estos combates xD
|c|★andrewandres|siii
|
|move|p1a: Dragonite|Surf|p2a: Venonat
|-damage|p2a: Venonat|221\/310
|move|p2a: Venonat|Stun Spore|p1a: Dragonite|[miss]
|-miss|p2a: Venonat
|
|turn|2
|c|★andrewandres|xD
|
|switch|p1a: Vileplume|Vileplume, L90|318\/318
|move|p2a: Venonat|Stun Spore|p1a: Vileplume
|-status|p1a: Vileplume|par
|
|turn|3
|
|move|p2a: Venonat|Psychic|p1a: Vileplume
|-supereffective|p1a: Vileplume
|-damage|p1a: Vileplume|236\/318 par
|-unboost|p1a: Vileplume|spd|1
|-unboost|p1a: Vileplume|spa|1
|move|p1a: Vileplume|Sleep Powder|p2a: Venonat|[miss]
|-miss|p1a: Vileplume
|
|turn|4
|
|move|p2a: Venonat|Psychic|p1a: Vileplume
|-supereffective|p1a: Vileplume
|-damage|p1a: Vileplume|112\/318 par
|-unboost|p1a: Vileplume|spd|1
|-unboost|p1a: Vileplume|spa|1
|cant|p1a: Vileplume|par
|
|turn|5
|
|move|p2a: Venonat|Psychic|p1a: Vileplume
|-supereffective|p1a: Vileplume
|-damage|p1a: Vileplume|0 fnt
|faint|p1a: Vileplume
|c|★andrewandres|:V:V
|
|switch|p1a: Charizard|Charizard, L85|306\/306
|turn|6
|
|move|p1a: Charizard|Hyper Beam|p2a: Venonat
|-damage|p2a: Venonat|102\/310
|move|p2a: Venonat|Stun Spore|p1a: Charizard
|-status|p1a: Charizard|par
|
|turn|7
|-mustrecharge|p1a: Charizard
|-mustrecharge|p1a: Charizard
|
|move|p2a: Venonat|Psychic|p1a: Charizard
|-crit|p1a: Charizard
|-damage|p1a: Charizard|215\/306 par
|-unboost|p1a: Charizard|spd|1
|-unboost|p1a: Charizard|spa|1
|cant|p1a: Charizard|recharge
|
|turn|8
|
|move|p2a: Venonat|Psychic|p1a: Charizard
|-crit|p1a: Charizard
|-damage|p1a: Charizard|109\/306 par
|-unboost|p1a: Charizard|spd|1
|-unboost|p1a: Charizard|spa|1
|cant|p1a: Charizard|par
|
|turn|9
|
|move|p2a: Venonat|Psychic|p1a: Charizard
|-damage|p1a: Charizard|10\/306 par
|-unboost|p1a: Charizard|spd|1
|-unboost|p1a: Charizard|spa|1
|move|p1a: Charizard|Hyper Beam|p2a: Venonat
|-damage|p2a: Venonat|0 fnt
|faint|p2a: Venonat
|c|★chema trainer|o por fin murio
|join|Illuminati DraKo
|c|★chema trainer|xD
|
|switch|p2a: Muk|Muk, L90|372\/372
|turn|10
|
|move|p2a: Muk|Body Slam|p1a: Charizard
|-damage|p1a: Charizard|0 fnt
|faint|p1a: Charizard
|c|★andrewandres|venonat puñetero
|c|★andrewandres|:V
|c| Illuminati DraKo|eso es un muk
|c| Illuminati DraKo|porque mientes mierdas
|
|switch|p1a: Mr. Mime|Mr. Mime, L85|242\/242
|turn|11
|
|move|p1a: Mr. Mime|Psychic|p2a: Muk
|-supereffective|p2a: Muk
|-damage|p2a: Muk|153\/372
|move|p2a: Muk|Explosion|p1a: Mr. Mime
|-damage|p1a: Mr. Mime|0 fnt
|faint|p1a: Mr. Mime
|faint|p2a: Muk
|c| Illuminati DraKo|te reviento
|c|★chema trainer|jaja
|c|★andrewandres|:V:V:V
|
|switch|p2a: Golduck|Golduck, L85|310\/310
|switch|p1a: Dragonite|Dragonite, L85|328\/328
|turn|12
|
|move|p2a: Golduck|Ice Beam|p1a: Dragonite
|-crit|p1a: Dragonite
|-supereffective|p1a: Dragonite
|-damage|p1a: Dragonite|0 fnt
|faint|p1a: Dragonite
|
|switch|p1a: Electabuzz|Electabuzz, L85|284\/284
|turn|13
|
|switch|p2a: Dragonite|Dragonite, L85|328\/328
|move|p1a: Electabuzz|Thunderbolt|p2a: Dragonite
|-damage|p2a: Dragonite|242\/328
|
|turn|14
|
|move|p1a: Electabuzz|Thunder Wave|p2a: Dragonite
|-status|p2a: Dragonite|par
|cant|p2a: Dragonite|par
|
|turn|15
|c|★andrewandres|xk soy el mejor
|c|★andrewandres|lguien me lo dice?
|
|move|p1a: Electabuzz|Thunderbolt|p2a: Dragonite
|-crit|p2a: Dragonite
|-damage|p2a: Dragonite|84\/328 par
|move|p2a: Dragonite|Ice Beam|p1a: Electabuzz
|-damage|p1a: Electabuzz|216\/284
|
|turn|16
|c| Illuminati DraKo|porque eres un mierdas
|
|move|p1a: Electabuzz|Psychic|p2a: Dragonite
|-damage|p2a: Dragonite|31\/328 par
|cant|p2a: Dragonite|par
|
|turn|17
|
|move|p1a: Electabuzz|Thunderbolt|p2a: Dragonite
|-damage|p2a: Dragonite|0 fnt
|faint|p2a: Dragonite
|
|switch|p2a: Zapdos|Zapdos, L79|304\/304
|turn|18
|
|move|p1a: Electabuzz|Psychic|p2a: Zapdos
|-damage|p2a: Zapdos|252\/304
|move|p2a: Zapdos|Thunder Wave|p1a: Electabuzz
|-status|p1a: Electabuzz|par
|
|turn|19
|
|move|p2a: Zapdos|Drill Peck|p1a: Electabuzz
|-resisted|p1a: Electabuzz
|-damage|p1a: Electabuzz|174\/284 par
|move|p1a: Electabuzz|Seismic Toss|p2a: Zapdos
|-damage|p2a: Zapdos|167\/304
|
|turn|20
|
|move|p2a: Zapdos|Thunderbolt|p1a: Electabuzz
|-crit|p1a: Electabuzz
|-resisted|p1a: Electabuzz
|-damage|p1a: Electabuzz|70\/284 par
|move|p1a: Electabuzz|Seismic Toss|p2a: Zapdos
|-damage|p2a: Zapdos|82\/304
|
|turn|21
|
|move|p2a: Zapdos|Thunderbolt|p1a: Electabuzz
|-crit|p1a: Electabuzz
|-resisted|p1a: Electabuzz
|-damage|p1a: Electabuzz|0 fnt
|faint|p1a: Electabuzz
|leave|Illuminati DraKo
|
|switch|p1a: Abra|Abra, L96|243\/243
|turn|22
|c|★andrewandres|eaaa eaaa
|c|★andrewandres|maracuyea
|
|move|p1a: Abra|Seismic Toss|p2a: Zapdos
|-damage|p2a: Zapdos|0 fnt
|faint|p2a: Zapdos
|
|switch|p2a: Raichu|Raichu, L85|276\/276
|turn|23
|
|move|p1a: Abra|Seismic Toss|p2a: Raichu
|-damage|p2a: Raichu|180\/276
|move|p2a: Raichu|Thunderbolt|p1a: Abra
|-damage|p1a: Abra|166\/243
|
|turn|24
|
|move|p1a: Abra|Seismic Toss|p2a: Raichu
|-damage|p2a: Raichu|84\/276
|move|p2a: Raichu|Hyper Beam|p1a: Abra
|-damage|p1a: Abra|0 fnt
|faint|p1a: Abra
|
|win|andrewandres