|join|kid gf lol
|join|The Name Rater
|player|p1|kid gf lol|168
|player|p2|The Name Rater|28
|gametype|singles
|gen|1
|tier|[Gen 1] OU (beta)
|rated
|rule|Sleep Clause Mod: Limit one foe put to sleep
|rule|Species Clause: Limit one of each Pokemon
|rule|OHKO Clause: OHKO moves are banned
|rule|Moody Clause: Moody is banned
|rule|Evasion Moves Clause: Evasion moves are banned
|rule|Endless Battle Clause: Forcing endless battles is banned.
|rule|HP Percentage Mod: HP is reported as percentages
|
|start
|switch|p1a: Zam lead|Alakazam|313\/313
|switch|p2a: Alakazam|Alakazam|313\/313
|turn|1
|
|switch|p1a: Egg Kangaroo|Chansey|703\/703
|move|p2a: Alakazam|Thunder Wave|p1a: Egg Kangaroo
|-status|p1a: Egg Kangaroo|par
|
|turn|2
|chat|The Name Rater|glhf
|
|switch|p2a: Snorlax|Snorlax|523\/523
|switch|p1a: Result of Incest|Exeggutor|393\/393
|
|turn|3
|
|move|p1a: Result of Incest|Sleep Powder|p2a: Snorlax|[miss]
|-miss|p1a: Result of Incest
|move|p2a: Snorlax|Body Slam|p1a: Result of Incest
|-damage|p1a: Result of Incest|264\/393
|
|turn|4
|
|switch|p2a: Alakazam|Alakazam|313\/313
|move|p1a: Result of Incest|Sleep Powder|p2a: Alakazam
|-status|p2a: Alakazam|slp
|
|turn|5
|
|switch|p2a: Jynx|Jynx|333\/333
|move|p1a: Result of Incest|Psychic|p2a: Jynx
|-resisted|p2a: Jynx
|-damage|p2a: Jynx|270\/333
|-unboost|p2a: Jynx|spd|1
|-unboost|p2a: Jynx|spa|1
|
|turn|6
|
|switch|p1a: Egg Kangaroo|Chansey|703\/703 par
|move|p2a: Jynx|Lovely Kiss|p1a: Egg Kangaroo
|-fail|p1a: Egg Kangaroo
|
|turn|7
|
|move|p2a: Jynx|Psychic|p1a: Egg Kangaroo
|-damage|p1a: Egg Kangaroo|641\/703 par
|cant|p1a: Egg Kangaroo|par
|
|turn|8
|
|switch|p2a: Snorlax|Snorlax|523\/523
|cant|p1a: Egg Kangaroo|par
|
|turn|9
|
|switch|p1a: TNT|Golem|363\/363
|move|p2a: Snorlax|Body Slam|p1a: TNT
|-resisted|p1a: TNT
|-damage|p1a: TNT|319\/363
|
|turn|10
|
|switch|p1a: Result of Incest|Exeggutor|264\/393
|move|p2a: Snorlax|Earthquake|p1a: Result of Incest
|-resisted|p1a: Result of Incest
|-damage|p1a: Result of Incest|215\/393
|
|turn|11
|
|move|p1a: Result of Incest|Explosion|p2a: Snorlax
|-crit|p2a: Snorlax
|-damage|p2a: Snorlax|0 fnt
|faint|p2a: Snorlax
|faint|p1a: Result of Incest
|
|switch|p1a: Zam lead|Alakazam|313\/313
|switch|p2a: Exeggutor|Exeggutor|393\/393
|turn|12
|
|switch|p1a: Egg Kangaroo|Chansey|641\/703 par
|move|p2a: Exeggutor|Sleep Powder|p1a: Egg Kangaroo
|-fail|p1a: Egg Kangaroo
|
|turn|13
|
|move|p2a: Exeggutor|Psychic|p1a: Egg Kangaroo
|-damage|p1a: Egg Kangaroo|526\/703 par
|move|p1a: Egg Kangaroo|Ice Beam|p2a: Exeggutor
|-supereffective|p2a: Exeggutor
|-damage|p2a: Exeggutor|251\/393
|-status|p2a: Exeggutor|frz
|
|turn|14
|
|switch|p2a: Tauros|Tauros|353\/353
|cant|p1a: Egg Kangaroo|par
|
|turn|15
|
|move|p2a: Tauros|Body Slam|p1a: Egg Kangaroo
|-damage|p1a: Egg Kangaroo|270\/703 par
|cant|p1a: Egg Kangaroo|par
|
|turn|16
|
|switch|p1a: TNT|Golem|319\/363
|move|p2a: Tauros|Blizzard|p1a: TNT
|-supereffective|p1a: TNT
|-damage|p1a: TNT|118\/363
|
|turn|17
|
|move|p2a: Tauros|Blizzard|p1a: TNT
|-supereffective|p1a: TNT
|-damage|p1a: TNT|0 fnt
|faint|p1a: TNT
|
|
|switch|p1a: Zam lead|Alakazam|313\/313
|turn|18
|
|switch|p2a: Exeggutor|Exeggutor|251\/393 frz
|move|p1a: Zam lead|Thunder Wave|p2a: Exeggutor
|-fail|p2a: Exeggutor
|
|turn|19
|
|move|p1a: Zam lead|Reflect|p1a: Zam lead
|cant|p2a: Exeggutor|frz
|
|turn|20
|
|move|p1a: Zam lead|Psychic|p2a: Exeggutor
|-resisted|p2a: Exeggutor
|-damage|p2a: Exeggutor|200\/393 frz
|cant|p2a: Exeggutor|frz
|
|turn|21
|
|switch|p1a: Egg Kangaroo|Chansey|270\/703 par
|cant|p2a: Exeggutor|frz
|
|turn|22
|
|switch|p2a: Tauros|Tauros|353\/353
|move|p1a: Egg Kangaroo|Soft-Boiled|p1a: Egg Kangaroo
|-heal|p1a: Egg Kangaroo|621\/703 par
|
|turn|23
|
|move|p2a: Tauros|Body Slam|p1a: Egg Kangaroo
|-damage|p1a: Egg Kangaroo|347\/703 par
|cant|p1a: Egg Kangaroo|par
|
|turn|24
|
|move|p2a: Tauros|Hyper Beam|p1a: Egg Kangaroo
|-damage|p1a: Egg Kangaroo|0 fnt
|faint|p1a: Egg Kangaroo
|
|
|switch|p1a: That's Bull|Tauros|353\/353
|turn|25
|
|switch|p2a: Exeggutor|Exeggutor|200\/393 frz
|move|p1a: That's Bull|Body Slam|p2a: Exeggutor
|-damage|p2a: Exeggutor|79\/393 frz
|
|turn|26
|
|switch|p1a: Mr Mime|Jynx|333\/333
|cant|p2a: Exeggutor|frz
|
|turn|27
|
|switch|p1a: That's Bull|Tauros|353\/353
|cant|p2a: Exeggutor|frz
|
|turn|28
|
|move|p1a: That's Bull|Body Slam|p2a: Exeggutor
|-damage|p2a: Exeggutor|0 fnt
|faint|p2a: Exeggutor
|
|
|switch|p2a: Jynx|Jynx|270\/333
|turn|29
|
|move|p1a: That's Bull|Hyper Beam|p2a: Jynx
|-damage|p2a: Jynx|0 fnt
|faint|p2a: Jynx
|
|
|switch|p2a: Golem|Golem|363\/363
|turn|30
|
|switch|p1a: Mr Mime|Jynx|333\/333
|move|p2a: Golem|Explosion|p1a: Mr Mime
|-damage|p1a: Mr Mime|0 fnt
|faint|p1a: Mr Mime
|faint|p2a: Golem
|
|switch|p1a: Zam lead|Alakazam|313\/313
|switch|p2a: Tauros|Tauros|353\/353
|turn|31
|
|switch|p2a: Alakazam|Alakazam|313\/313 slp
|move|p1a: Zam lead|Reflect|p1a: Zam lead
|
|turn|32
|
|switch|p1a: That's Bull|Tauros|353\/353
|cant|p2a: Alakazam|slp
|
|turn|33
|
|cant|p2a: Alakazam|slp
|move|p1a: That's Bull|Body Slam|p2a: Alakazam
|-damage|p2a: Alakazam|157\/313 slp
|
|turn|34
|
|cant|p2a: Alakazam|slp
|-curestatus|p2a: Alakazam|slp
|move|p1a: That's Bull|Hyper Beam|p2a: Alakazam|[miss]
|-miss|p1a: That's Bull
|
|turn|35
|
|move|p2a: Alakazam|Reflect|p2a: Alakazam
|move|p1a: That's Bull|Body Slam|p2a: Alakazam
|-damage|p2a: Alakazam|75\/313
|-status|p2a: Alakazam|par
|
|turn|36
|
|move|p1a: That's Bull|Body Slam|p2a: Alakazam
|-damage|p2a: Alakazam|1\/313 par
|move|p2a: Alakazam|Thunder Wave|p1a: That's Bull
|-status|p1a: That's Bull|par
|
|turn|37
|chat|kid gf lol|ffs
|
|move|p2a: Alakazam|Recover|p2a: Alakazam
|-heal|p2a: Alakazam|157\/313 par
|move|p1a: That's Bull|Body Slam|p2a: Alakazam
|-crit|p2a: Alakazam
|-damage|p2a: Alakazam|0 fnt
|faint|p2a: Alakazam
|
|
|switch|p2a: Tauros|Tauros|353\/353
|turn|38
|
|move|p2a: Tauros|Body Slam|p1a: That's Bull
|-damage|p1a: That's Bull|255\/353 par
|cant|p1a: That's Bull|par
|
|turn|39
|
|move|p2a: Tauros|Body Slam|p1a: That's Bull
|-damage|p1a: That's Bull|157\/353 par
|cant|p1a: That's Bull|par
|
|turn|40
|
|move|p2a: Tauros|Hyper Beam|p1a: That's Bull
|-damage|p1a: That's Bull|0 fnt
|faint|p1a: That's Bull
|
|
|switch|p1a: Zam lead|Alakazam|313\/313
|turn|41
|
|move|p1a: Zam lead|Reflect|p1a: Zam lead
|move|p2a: Tauros|Body Slam|p1a: Zam lead
|-damage|p1a: Zam lead|240\/313
|-status|p1a: Zam lead|par
|
|turn|42
|
|move|p2a: Tauros|Body Slam|p1a: Zam lead
|-crit|p1a: Zam lead
|-damage|p1a: Zam lead|68\/313 par
|move|p1a: Zam lead|Thunder Wave|p2a: Tauros
|-status|p2a: Tauros|par
|
|turn|43
|
|move|p1a: Zam lead|Recover|p1a: Zam lead
|-heal|p1a: Zam lead|224\/313 par
|move|p2a: Tauros|Body Slam|p1a: Zam lead
|-crit|p1a: Zam lead
|-damage|p1a: Zam lead|75\/313 par
|
|turn|44
|
|move|p1a: Zam lead|Recover|p1a: Zam lead
|-heal|p1a: Zam lead|231\/313 par
|move|p2a: Tauros|Body Slam|p1a: Zam lead
|-crit|p1a: Zam lead
|-damage|p1a: Zam lead|82\/313 par
|
|turn|45
|
|move|p1a: Zam lead|Recover|p1a: Zam lead
|-heal|p1a: Zam lead|238\/313 par
|move|p2a: Tauros|Body Slam|p1a: Zam lead
|-crit|p1a: Zam lead
|-damage|p1a: Zam lead|68\/313 par
|
|turn|46
|chat|kid gf lol|wow
|
|move|p1a: Zam lead|Recover|p1a: Zam lead
|-heal|p1a: Zam lead|224\/313 par
|move|p2a: Tauros|Body Slam|p1a: Zam lead
|-damage|p1a: Zam lead|151\/313 par
|
|turn|47
|
|cant|p1a: Zam lead|par
|move|p2a: Tauros|Body Slam|p1a: Zam lead
|-crit|p1a: Zam lead
|-damage|p1a: Zam lead|0 fnt
|faint|p1a: Zam lead
|
|win|The Name Rater
|raw|Ladder updating...
|raw|kid gf lol's rating: 1379 &rarr; <strong>1349<\/strong><br \/>(-30 for losing)
|raw|The Name Rater's rating: 1197 &rarr; <strong>1234<\/strong><br \/>(+37 for winning)
|chat|The Name Rater|sry
|chat|The Name Rater|gg
|leave|kid gf lol
|player|p1