|j|vsterel
|j|MasterPokemon2004
|player|p1|vsterel|2
|player|p2|MasterPokemon2004|260
|gametype|singles
|gen|1
|tier|[Gen 1] Random Battle
|rated
|seed|27434,43447,5149,49447
|rule|Sleep Clause Mod: Limit one foe put to sleep
|rule|Freeze Clause Mod: Limit one foe frozen
|rule|HP Percentage Mod: HP is shown in percentages
|
|start
|switch|p1a: Krabby|Krabby, L96|252\/252
|switch|p2a: Cloyster|Cloyster, L83|253\/253
|turn|1
|choice|switch 3|switch 5
|
|switch|p2a: Porygon|Porygon, L85|284\/284
|switch|p1a: Electabuzz|Electabuzz, L85|284\/284
|
|turn|2
|choice|move 4|move 4
|
|move|p1a: Electabuzz|Thunderbolt|p2a: Porygon
|-damage|p2a: Porygon|177\/284
|move|p2a: Porygon|Ice Beam|p1a: Electabuzz
|-damage|p1a: Electabuzz|222\/284
|
|turn|3
|choice|move 4|move 3
|
|move|p1a: Electabuzz|Thunderbolt|p2a: Porygon
|-damage|p2a: Porygon|77\/284
|move|p2a: Porygon|Psychic|p1a: Electabuzz
|-crit|p1a: Electabuzz
|-damage|p1a: Electabuzz|114\/284
|
|turn|4
|choice|move 4|switch 6
|
|switch|p2a: Nidoking|Nidoking, L85|311\/311
|move|p1a: Electabuzz|Thunderbolt|p2a: Nidoking
|-immune|p2a: Nidoking|[msg]
|
|turn|5
|choice|move 3|move 1
|
|move|p1a: Electabuzz|Psychic|p2a: Nidoking
|-supereffective|p2a: Nidoking
|-damage|p2a: Nidoking|184\/311
|move|p2a: Nidoking|Earthquake|p1a: Electabuzz
|-supereffective|p1a: Electabuzz
|-damage|p1a: Electabuzz|0 fnt
|faint|p1a: Electabuzz
|choice|switch 3|
|
|switch|p1a: Krabby|Krabby, L96|252\/252
|turn|6
|choice|move 3|move 4
|
|move|p2a: Nidoking|Thunderbolt|p1a: Krabby
|-supereffective|p1a: Krabby
|-damage|p1a: Krabby|58\/252
|move|p1a: Krabby|Crabhammer|p2a: Nidoking
|-crit|p2a: Nidoking
|-supereffective|p2a: Nidoking
|-damage|p2a: Nidoking|0 fnt
|faint|p2a: Nidoking
|choice||switch 6
|
|switch|p2a: Porygon|Porygon, L85|77\/284
|turn|7
|choice|move 1|move 2
|
|move|p1a: Krabby|Body Slam|p2a: Porygon
|-damage|p2a: Porygon|0 fnt
|faint|p2a: Porygon
|choice||switch 3
|
|switch|p2a: Alakazam|Alakazam, L79|249\/249
|turn|8
|choice|move 1|switch 2
|
|switch|p2a: Seel|Seel, L96|320\/320
|move|p1a: Krabby|Body Slam|p2a: Seel
|-damage|p2a: Seel|230\/320
|
|turn|9
|choice|move 1|move 1
|
|move|p1a: Krabby|Body Slam|p2a: Seel
|-crit|p2a: Seel
|-damage|p2a: Seel|40\/320
|move|p2a: Seel|Body Slam|p1a: Krabby
|-damage|p1a: Krabby|12\/252
|
|turn|10
|choice|move 1|move 1
|
|move|p1a: Krabby|Body Slam|p2a: Seel
|-crit|p2a: Seel
|-damage|p2a: Seel|0 fnt
|faint|p2a: Seel
|choice||switch 5
|
|switch|p2a: Cloyster|Cloyster, L83|253\/253
|turn|11
|choice|move 1|move 4
|
|move|p2a: Cloyster|Surf|p1a: Krabby
|-resisted|p1a: Krabby
|-damage|p1a: Krabby|0 fnt
|faint|p1a: Krabby
|choice|switch 4|
|
|switch|p1a: Nidorina|Nidorina, L90|309\/309
|turn|12
|choice|move 4|move 3
|
|move|p2a: Cloyster|Blizzard|p1a: Nidorina
|-damage|p1a: Nidorina|163\/309
|move|p1a: Nidorina|Thunderbolt|p2a: Cloyster
|-supereffective|p2a: Cloyster
|-damage|p2a: Cloyster|131\/253
|
|turn|13
|choice|move 4|move 2
|
|move|p2a: Cloyster|Hyper Beam|p1a: Nidorina
|-damage|p1a: Nidorina|43\/309
|move|p1a: Nidorina|Thunderbolt|p2a: Cloyster
|-supereffective|p2a: Cloyster
|-damage|p2a: Cloyster|25\/253
|-status|p2a: Cloyster|par
|
|turn|14
|-mustrecharge|p2a: Cloyster
|-mustrecharge|p2a: Cloyster
|choice|move 4|move 1
|
|move|p1a: Nidorina|Thunderbolt|p2a: Cloyster
|-supereffective|p2a: Cloyster
|-damage|p2a: Cloyster|0 fnt
|faint|p2a: Cloyster
|choice||switch 2
|
|switch|p2a: Alakazam|Alakazam, L79|249\/249
|turn|15
|choice|move 2|move 1
|
|move|p2a: Alakazam|Psychic|p1a: Nidorina
|-supereffective|p1a: Nidorina
|-damage|p1a: Nidorina|0 fnt
|faint|p1a: Nidorina
|choice|switch 6|
|
|switch|p1a: Hypno|Hypno, L85|318\/318
|turn|16
|choice|move 3|move 1
|
|move|p2a: Alakazam|Psychic|p1a: Hypno
|-resisted|p1a: Hypno
|-damage|p1a: Hypno|273\/318
|-unboost|p1a: Hypno|spd|1
|-unboost|p1a: Hypno|spa|1
|move|p1a: Hypno|Thunder Wave|p2a: Alakazam
|-status|p2a: Alakazam|par
|
|turn|17
|choice|move 1|move 1
|
|move|p1a: Hypno|Psychic|p2a: Alakazam
|-resisted|p2a: Alakazam
|-damage|p2a: Alakazam|219\/249 par
|-unboost|p2a: Alakazam|spd|1
|-unboost|p2a: Alakazam|spa|1
|move|p2a: Alakazam|Psychic|p1a: Hypno
|-crit|p1a: Hypno
|-resisted|p1a: Hypno
|-damage|p1a: Hypno|184\/318
|
|turn|18
|choice|move 1|move 1
|
|move|p1a: Hypno|Psychic|p2a: Alakazam
|-crit|p2a: Alakazam
|-resisted|p2a: Alakazam
|-damage|p2a: Alakazam|130\/249 par
|-unboost|p2a: Alakazam|spd|1
|-unboost|p2a: Alakazam|spa|1
|move|p2a: Alakazam|Psychic|p1a: Hypno
|-resisted|p1a: Hypno
|-damage|p1a: Hypno|150\/318
|
|turn|19
|choice|switch 2|move 3
|
|switch|p1a: Ninetales|Ninetales, L85|298\/298
|move|p2a: Alakazam|Seismic Toss|p1a: Ninetales
|-damage|p1a: Ninetales|219\/298
|
|turn|20
|choice|move 1|move 1
|
|move|p1a: Ninetales|Fire Blast|p2a: Alakazam
|-damage|p2a: Alakazam|0 fnt
|faint|p2a: Alakazam
|choice||switch 4
|
|switch|p2a: Dragonite|Dragonite, L85|328\/328
|turn|21
|choice|move 3|move 2
|
|move|p1a: Ninetales|Confuse Ray|p2a: Dragonite
|-start|p2a: Dragonite|confusion
|-activate|p2a: Dragonite|confusion
|-damage|p2a: Dragonite|290\/328|[from] confusion
|
|turn|22
|choice|switch 2|move 2
|
|switch|p1a: Hypno|Hypno, L85|150\/318
|-activate|p2a: Dragonite|confusion
|move|p2a: Dragonite|Thunderbolt|p1a: Hypno
|-damage|p1a: Hypno|88\/318
|
|turn|23
|-message|MasterPokemon2004 lost due to inactivity.
|
|win|vsterel
|player|p1
|player|p2