|join|Pietro Albuquerque
|join|Nanako senpai chan
|player|p1|Pietro Albuquerque|109
|player|p2|Nanako senpai chan|174
|gametype|singles
|gen|1
|tier|[Gen 1] OU (beta)
|rated
|rule|Sleep Clause Mod: Limit one foe put to sleep
|rule|Species Clause: Limit one of each Pokémon
|rule|OHKO Clause: OHKO moves are banned
|rule|Evasion Moves Clause: Evasion moves are banned
|rule|HP Percentage Mod: HP is shown in percentages
|
|start
|switch|p1a: Charizard|Charizard|359\/359
|switch|p2a: Egg Lead|Jynx|333\/333
|turn|1
|
|switch|p2a: Egg Lead|Chansey|703\/703
|move|p1a: Charizard|Fire Blast|p2a: Egg Lead
|-damage|p2a: Egg Lead|588\/703
|
|turn|2
|
|switch|p1a: Rhydon|Rhydon|413\/413
|move|p2a: Egg Lead|Soft-Boiled|p2a: Egg Lead
|-heal|p2a: Egg Lead|703\/703
|
|turn|3
|
|move|p2a: Egg Lead|Ice Beam|p1a: Rhydon
|-supereffective|p1a: Rhydon
|-damage|p1a: Rhydon|181\/413
|move|p1a: Rhydon|Earthquake|p2a: Egg Lead
|-damage|p2a: Egg Lead|300\/703
|
|turn|4
|
|switch|p2a: Egg Lead|Exeggutor|393\/393
|switch|p1a: Chansey|Chansey|703\/703
|
|turn|5
|
|move|p2a: Egg Lead|Sleep Powder|p1a: Chansey
|-status|p1a: Chansey|slp
|cant|p1a: Chansey|slp
|
|turn|6
|
|move|p2a: Egg Lead|Psychic|p1a: Chansey
|-damage|p1a: Chansey|589\/703 slp
|cant|p1a: Chansey|slp
|
|turn|7
|
|move|p2a: Egg Lead|Psychic|p1a: Chansey
|-damage|p1a: Chansey|475\/703 slp
|-unboost|p1a: Chansey|spd|1
|-unboost|p1a: Chansey|spa|1
|cant|p1a: Chansey|slp
|
|turn|8
|
|move|p2a: Egg Lead|Psychic|p1a: Chansey
|-damage|p1a: Chansey|300\/703 slp
|cant|p1a: Chansey|slp
|
|turn|9
|
|move|p2a: Egg Lead|Psychic|p1a: Chansey
|-damage|p1a: Chansey|109\/703 slp
|cant|p1a: Chansey|slp
|-curestatus|p1a: Chansey|slp
|
|turn|10
|
|switch|p1a: Charizard|Charizard|359\/359
|move|p2a: Egg Lead|Psychic|p1a: Charizard
|-damage|p1a: Charizard|226\/359
|
|turn|11
|
|switch|p2a: Egg Lead|Chansey|300\/703
|move|p1a: Charizard|Body Slam|p2a: Egg Lead
|-damage|p2a: Egg Lead|141\/703
|
|turn|12
|
|move|p1a: Charizard|Body Slam|p2a: Egg Lead
|-damage|p2a: Egg Lead|0 fnt
|faint|p2a: Egg Lead
|
|switch|p2a: Egg Lead|Alakazam|313\/313
|turn|13
|
|switch|p1a: Slowbro|Slowbro|393\/393
|move|p2a: Egg Lead|Psychic|p1a: Slowbro
|-resisted|p1a: Slowbro
|-damage|p1a: Slowbro|323\/393
|
|turn|14
|
|switch|p2a: Egg Lead|Exeggutor|393\/393
|move|p1a: Slowbro|Thunder Wave|p2a: Egg Lead
|-status|p2a: Egg Lead|par
|
|turn|15
|
|switch|p1a: Zapdos|Zapdos|383\/383
|cant|p2a: Egg Lead|par
|
|turn|16
|
|move|p1a: Zapdos|Drill Peck|p2a: Egg Lead
|-supereffective|p2a: Egg Lead
|-damage|p2a: Egg Lead|184\/393 par
|move|p2a: Egg Lead|Stun Spore|p1a: Zapdos
|-status|p1a: Zapdos|par
|
|turn|17
|
|switch|p2a: Egg Lead|Cloyster|303\/303
|cant|p1a: Zapdos|par
|
|turn|18
|
|switch|p1a: Slowbro|Slowbro|323\/393
|move|p2a: Egg Lead|Clamp|p1a: Slowbro|[miss]
|-miss|p2a: Egg Lead
|
|turn|19
|
|move|p2a: Egg Lead|Clamp|p1a: Slowbro
|-resisted|p1a: Slowbro
|-damage|p1a: Slowbro|301\/393
|-activate|p1a: Slowbro|move: Clamp|[of] p2a: Egg Lead
|cant|p1a: Slowbro|partiallytrapped
|
|turn|20
|
|switch|p1a: Charizard|Charizard|226\/359
|move|p2a: Egg Lead|Clamp|p1a: Charizard
|-supereffective|p1a: Charizard
|-damage|p1a: Charizard|144\/359
|-activate|p1a: Charizard|move: Clamp|[of] p2a: Egg Lead
|
|turn|21
|
|switch|p1a: Alakazam|Alakazam|313\/313
|move|p2a: Egg Lead|Clamp|p1a: Alakazam
|-damage|p1a: Alakazam|282\/313
|-activate|p1a: Alakazam|move: Clamp|[of] p2a: Egg Lead
|
|turn|22
|
|cant|p1a: Alakazam|partiallytrapped
|move|p2a: Egg Lead|Clamp|p1a: Alakazam
|-damage|p1a: Alakazam|260\/313
|
|turn|23
|
|switch|p2a: Egg Lead|Jynx|333\/333
|cant|p1a: Alakazam|partiallytrapped
|
|-end|p1a: Alakazam|Clamp|[partiallytrapped]
|turn|24
|
|move|p1a: Alakazam|Thunder Wave|p2a: Egg Lead
|-status|p2a: Egg Lead|par
|move|p2a: Egg Lead|Lovely Kiss|p1a: Alakazam|[miss]
|-miss|p2a: Egg Lead
|
|turn|25
|
|switch|p1a: Zapdos|Zapdos|383\/383 par
|move|p2a: Egg Lead|Blizzard|p1a: Zapdos
|-supereffective|p1a: Zapdos
|-damage|p1a: Zapdos|132\/383 par
|
|turn|26
|
|switch|p1a: Slowbro|Slowbro|301\/393
|cant|p2a: Egg Lead|par
|
|turn|27
|
|switch|p2a: Egg Lead|Exeggutor|184\/393 par
|move|p1a: Slowbro|Amnesia|p1a: Slowbro
|-boost|p1a: Slowbro|spd|2
|-boost|p1a: Slowbro|spa|2
|
|turn|28
|
|move|p1a: Slowbro|Surf|p2a: Egg Lead
|-crit|p2a: Egg Lead
|-resisted|p2a: Egg Lead
|-damage|p2a: Egg Lead|98\/393 par
|cant|p2a: Egg Lead|par
|
|turn|29
|
|move|p1a: Slowbro|Surf|p2a: Egg Lead
|-resisted|p2a: Egg Lead
|-damage|p2a: Egg Lead|22\/393 par
|move|p2a: Egg Lead|Explosion|p1a: Slowbro
|-damage|p1a: Slowbro|54\/393
|faint|p2a: Egg Lead
|
|switch|p2a: Egg Lead|Tauros|353\/353
|turn|30
|
|switch|p1a: Zapdos|Zapdos|132\/383 par
|move|p2a: Egg Lead|Body Slam|p1a: Zapdos
|-damage|p1a: Zapdos|22\/383 par
|
|turn|31
|
|switch|p1a: Rhydon|Rhydon|181\/413
|move|p2a: Egg Lead|Body Slam|p1a: Rhydon
|-resisted|p1a: Rhydon
|-damage|p1a: Rhydon|138\/413
|-status|p1a: Rhydon|par
|
|turn|32
|
|move|p2a: Egg Lead|Blizzard|p1a: Rhydon
|-crit|p1a: Rhydon
|-supereffective|p1a: Rhydon
|-damage|p1a: Rhydon|0 fnt
|faint|p1a: Rhydon
|
|switch|p1a: Alakazam|Alakazam|260\/313
|turn|33
|
|switch|p2a: Egg Lead|Jynx|333\/333 par
|move|p1a: Alakazam|Thunder Wave|p2a: Egg Lead
|-fail|p2a: Egg Lead|par
|
|turn|34
|
|switch|p1a: Chansey|Chansey|109\/703
|move|p2a: Egg Lead|Blizzard|p1a: Chansey
|-damage|p1a: Chansey|0 fnt
|faint|p1a: Chansey
|
|switch|p1a: Charizard|Charizard|144\/359
|turn|35
|
|switch|p2a: Egg Lead|Alakazam|313\/313
|move|p1a: Charizard|Fire Spin|p2a: Egg Lead|[miss]
|-miss|p1a: Charizard
|
|turn|36
|
|move|p2a: Egg Lead|Thunder Wave|p1a: Charizard
|-status|p1a: Charizard|par
|move|p1a: Charizard|Fire Blast|p2a: Egg Lead
|-damage|p2a: Egg Lead|218\/313
|
|turn|37
|
|move|p2a: Egg Lead|Seismic Toss|p1a: Charizard
|-damage|p1a: Charizard|44\/359 par
|move|p1a: Charizard|Body Slam|p2a: Egg Lead
|-damage|p2a: Egg Lead|129\/313
|-status|p2a: Egg Lead|par
|
|turn|38
|
|switch|p1a: Alakazam|Alakazam|260\/313
|cant|p2a: Egg Lead|par
|
|turn|39
|
|move|p1a: Alakazam|Recover|p1a: Alakazam
|-heal|p1a: Alakazam|313\/313
|move|p2a: Egg Lead|Thunder Wave|p1a: Alakazam
|-status|p1a: Alakazam|par
|
|turn|40
|
|move|p1a: Alakazam|Psychic|p2a: Egg Lead
|-resisted|p2a: Egg Lead
|-damage|p2a: Egg Lead|79\/313 par
|move|p2a: Egg Lead|Recover|p2a: Egg Lead
|-heal|p2a: Egg Lead|235\/313 par
|
|turn|41
|
|switch|p1a: Slowbro|Slowbro|54\/393
|move|p2a: Egg Lead|Seismic Toss|p1a: Slowbro
|-damage|p1a: Slowbro|0 fnt
|faint|p1a: Slowbro
|
|switch|p1a: Zapdos|Zapdos|22\/383 par
|turn|42
|
|move|p2a: Egg Lead|Seismic Toss|p1a: Zapdos
|-damage|p1a: Zapdos|0 fnt
|faint|p1a: Zapdos
|
|switch|p1a: Charizard|Charizard|44\/359 par
|turn|43
|
|cant|p2a: Egg Lead|par
|move|p1a: Charizard|Earthquake|p2a: Egg Lead
|-damage|p2a: Egg Lead|118\/313 par
|
|turn|44
|
|move|p2a: Egg Lead|Psychic|p1a: Charizard
|-damage|p1a: Charizard|0 fnt
|faint|p1a: Charizard
|
|switch|p1a: Alakazam|Alakazam|313\/313 par
|turn|45
|
|move|p2a: Egg Lead|Recover|p2a: Egg Lead
|-heal|p2a: Egg Lead|274\/313 par
|move|p1a: Alakazam|Psychic|p2a: Egg Lead
|-resisted|p2a: Egg Lead
|-damage|p2a: Egg Lead|219\/313 par
|
|turn|46
|
|move|p1a: Alakazam|Thunder Wave|p2a: Egg Lead
|-fail|p2a: Egg Lead|par
|move|p2a: Egg Lead|Seismic Toss|p1a: Alakazam
|-damage|p1a: Alakazam|213\/313 par
|
|turn|47
|
|move|p2a: Egg Lead|Seismic Toss|p1a: Alakazam
|-damage|p1a: Alakazam|113\/313 par
|move|p1a: Alakazam|Psychic|p2a: Egg Lead
|-crit|p2a: Egg Lead
|-resisted|p2a: Egg Lead
|-damage|p2a: Egg Lead|114\/313 par
|
|turn|48
|
|move|p2a: Egg Lead|Recover|p2a: Egg Lead
|-heal|p2a: Egg Lead|270\/313 par
|move|p1a: Alakazam|Psychic|p2a: Egg Lead
|-resisted|p2a: Egg Lead
|-damage|p2a: Egg Lead|215\/313 par
|-unboost|p2a: Egg Lead|spd|1
|-unboost|p2a: Egg Lead|spa|1
|
|turn|49
|
|cant|p1a: Alakazam|par
|cant|p2a: Egg Lead|par
|
|turn|50
|
|switch|p2a: Egg Lead|Cloyster|303\/303
|move|p1a: Alakazam|Recover|p1a: Alakazam
|-heal|p1a: Alakazam|269\/313 par
|
|turn|51
|
|move|p2a: Egg Lead|Clamp|p1a: Alakazam|[miss]
|-miss|p2a: Egg Lead
|move|p1a: Alakazam|Thunder Wave|p2a: Egg Lead
|-status|p2a: Egg Lead|par
|
|turn|52
|
|move|p1a: Alakazam|Mimic|p2a: Egg Lead
|-start|p1a: Alakazam|Mimic|Blizzard
|move|p2a: Egg Lead|Explosion|p1a: Alakazam
|-damage|p1a: Alakazam|0 fnt
|faint|p1a: Alakazam
|faint|p2a: Egg Lead
|
|win|Nanako senpai chan
|raw|Ladder updating...
|raw|Pietro Albuquerque's rating: 1096 &rarr; <strong>1071<\/strong><br \/>(-25 for losing)
|raw|Nanako senpai chan's rating: 1079 &rarr; <strong>1108<\/strong><br \/>(+29 for winning)
|leave|Pietro Albuquerque
|player|p1