|j|smilzo
|j|marcoasd
|player|p1|smilzo|157
|player|p2|marcoasd|266
|gametype|singles
|gen|1
|tier|[Gen 1] OU
|seed|54983,31522,18149,39901
|rule|Sleep Clause Mod: Limit one foe put to sleep
|rule|Freeze Clause Mod: Limit one foe frozen
|rule|Species Clause: Limit one of each Pokémon
|rule|OHKO Clause: OHKO moves are banned
|rule|Evasion Moves Clause: Evasion moves are banned
|rule|HP Percentage Mod: HP is shown in percentages
|
|start
|switch|p1a: Jynx|Jynx|333\/333
|switch|p2a: Gengar|Gengar, M|323\/323
|turn|1
|choice|move 3|move 1
|
|move|p2a: Gengar|Hypnosis|p1a: Jynx|[miss]
|-miss|p2a: Gengar
|move|p1a: Jynx|Psychic|p2a: Gengar
|-crit|p2a: Gengar
|-supereffective|p2a: Gengar
|-damage|p2a: Gengar|3\/323
|
|turn|2
|c|★marcoasd|sash
|c|★smilzo|!
|c|★smilzo|missa il boom grz
|choice|move 3|move 4
|
|move|p2a: Gengar|Explosion|p1a: Jynx
|-damage|p1a: Jynx|0 fnt
|faint|p1a: Jynx
|faint|p2a: Gengar
|c|★smilzo|niente
|choice|switch 3|switch 2
|
|switch|p2a: Jolteon|Jolteon, M|333\/333
|switch|p1a: Exeggutor|Exeggutor, M|393\/393
|turn|3
|choice|move 1|move 2
|
|move|p2a: Jolteon|Thunder Wave|p1a: Exeggutor
|-status|p1a: Exeggutor|par
|cant|p1a: Exeggutor|par
|
|turn|4
|choice|move 1|move 4
|
|move|p2a: Jolteon|Pin Missile|p1a: Exeggutor
|-crit|p1a: Exeggutor
|-supereffective|p1a: Exeggutor
|-damage|p1a: Exeggutor|314\/393 par
|-damage|p1a: Exeggutor|235\/393 par
|-damage|p1a: Exeggutor|156\/393 par
|-damage|p1a: Exeggutor|77\/393 par
|-damage|p1a: Exeggutor|0 fnt
|-hitcount|p1a: Exeggutor|5
|faint|p1a: Exeggutor
|c|★marcoasd|O_O
|c|★smilzo|!
|c|★marcoasd|violenza
|c|★smilzo|non mi era mai capitato
|c|★smilzo|y.y
|choice|switch 4|
|
|switch|p1a: Chansey|Chansey|703\/703
|turn|5
|choice|move 1|switch 3
|
|switch|p2a: Alakazam|Alakazam, M|313\/313
|move|p1a: Chansey|Thunder Wave|p2a: Alakazam
|-status|p2a: Alakazam|par
|
|turn|6
|choice|move 2|move 1
|
|move|p1a: Chansey|Ice Beam|p2a: Alakazam
|-damage|p2a: Alakazam|246\/313 par
|move|p2a: Alakazam|Psychic|p1a: Chansey
|-damage|p1a: Chansey|576\/703
|-unboost|p1a: Chansey|spd|1
|-unboost|p1a: Chansey|spa|1
|
|turn|7
|choice|move 2|move 4
|
|move|p1a: Chansey|Ice Beam|p2a: Alakazam
|-damage|p2a: Alakazam|205\/313 par
|move|p2a: Alakazam|Recover|p2a: Alakazam
|-heal|p2a: Alakazam|313\/313 par
|
|turn|8
|choice|switch 5|move 1
|
|switch|p1a: Snorlax|Snorlax, M|523\/523
|cant|p2a: Alakazam|par
|
|turn|9
|choice|move 1|switch 4
|
|switch|p2a: Exeggutor|Exeggutor, M|393\/393
|move|p1a: Snorlax|Body Slam|p2a: Exeggutor
|-damage|p2a: Exeggutor|277\/393
|
|turn|10
|choice|switch 2|move 1
|
|switch|p1a: Lapras|Lapras, M|463\/463
|move|p2a: Exeggutor|Sleep Powder|p1a: Lapras
|-status|p1a: Lapras|slp
|
|turn|11
|choice|switch 5|move 3
|
|switch|p1a: Chansey|Chansey|576\/703
|move|p2a: Exeggutor|Psychic|p1a: Chansey
|-damage|p1a: Chansey|453\/703
|
|turn|12
|choice|move 1|move 2
|
|move|p2a: Exeggutor|Stun Spore|p1a: Chansey
|-status|p1a: Chansey|par
|cant|p1a: Chansey|par
|
|turn|13
|choice|move 4|switch 4
|
|switch|p2a: Alakazam|Alakazam, M|313\/313 par
|move|p1a: Chansey|Soft-Boiled|p1a: Chansey
|-heal|p1a: Chansey|703\/703 par
|
|turn|14
|choice|switch 2|move 1
|
|switch|p1a: Snorlax|Snorlax, M|523\/523
|move|p2a: Alakazam|Psychic|p1a: Snorlax
|-damage|p1a: Snorlax|361\/523
|-unboost|p1a: Snorlax|spd|1
|-unboost|p1a: Snorlax|spa|1
|
|turn|15
|choice|move 1|move 2
|
|move|p1a: Snorlax|Body Slam|p2a: Alakazam
|-damage|p2a: Alakazam|142\/313 par
|move|p2a: Alakazam|Thunder Wave|p1a: Snorlax
|-status|p1a: Snorlax|par
|
|turn|16
|choice|move 1|move 1
|
|move|p2a: Alakazam|Psychic|p1a: Snorlax
|-damage|p1a: Snorlax|104\/523 par
|cant|p1a: Snorlax|par
|
|turn|17
|choice|move 1|move 1
|
|move|p2a: Alakazam|Psychic|p1a: Snorlax
|-crit|p1a: Snorlax
|-damage|p1a: Snorlax|0 fnt
|faint|p1a: Snorlax
|choice|switch 6|
|
|switch|p1a: Tauros|Tauros|353\/353
|turn|18
|choice|move 1|move 2
|
|move|p1a: Tauros|Body Slam|p2a: Alakazam
|-crit|p2a: Alakazam
|-damage|p2a: Alakazam|0 fnt
|faint|p2a: Alakazam
|choice||switch 6
|
|switch|p2a: Snorlax|Snorlax, M|523\/523
|turn|19
|choice|move 4|move 1
|
|move|p1a: Tauros|Blizzard|p2a: Snorlax
|-damage|p2a: Snorlax|431\/523
|move|p2a: Snorlax|Body Slam|p1a: Tauros
|-damage|p1a: Tauros|241\/353
|
|turn|20
|c|★marcoasd|bruttissim ogesto
|c|★smilzo|beh
|choice|move 4|move 1
|
|move|p1a: Tauros|Blizzard|p2a: Snorlax|[miss]
|-miss|p1a: Tauros
|move|p2a: Snorlax|Body Slam|p1a: Tauros
|-damage|p1a: Tauros|139\/353
|
|turn|21
|c|★smilzo|ho altre opzioni? lol
|c|★marcoasd|èh no
|choice|move 4|move 1
|
|move|p1a: Tauros|Blizzard|p2a: Snorlax
|-crit|p2a: Snorlax
|-damage|p2a: Snorlax|228\/523
|move|p2a: Snorlax|Body Slam|p1a: Tauros
|-damage|p1a: Tauros|20\/353
|
|turn|22
|choice|move 1|move 1
|
|move|p1a: Tauros|Body Slam|p2a: Snorlax
|-damage|p2a: Snorlax|105\/523
|move|p2a: Snorlax|Body Slam|p1a: Tauros
|-damage|p1a: Tauros|0 fnt
|faint|p1a: Tauros
|c|★marcoasd|gg
|c|★smilzo|gg
|choice|switch 2|
|
|switch|p1a: Chansey|Chansey|703\/703 par
|turn|23
|choice|switch 5|move 1
|
|switch|p1a: Lapras|Lapras, M|463\/463 slp
|move|p2a: Snorlax|Body Slam|p1a: Lapras
|-damage|p1a: Lapras|349\/463 slp
|
|turn|24
|choice|move 1|move 1
|
|cant|p1a: Lapras|slp
|move|p2a: Snorlax|Body Slam|p1a: Lapras
|-damage|p1a: Lapras|232\/463 slp
|
|turn|25
|choice|move 1|move 4
|
|cant|p1a: Lapras|slp
|move|p2a: Snorlax|Self-Destruct|p1a: Lapras
|-damage|p1a: Lapras|0 fnt
|faint|p1a: Lapras
|faint|p2a: Snorlax
|choice|switch 5|switch 4
|
|switch|p2a: Exeggutor|Exeggutor, M|277\/393
|switch|p1a: Chansey|Chansey|703\/703 par
|turn|26
|choice|move 2|move 4
|
|move|p2a: Exeggutor|Explosion|p1a: Chansey
|-damage|p1a: Chansey|23\/703 par
|faint|p2a: Exeggutor
|choice||switch 5
|
|switch|p2a: Tauros|Tauros|353\/353
|turn|27
|choice|move 1|move 1
|
|move|p2a: Tauros|Body Slam|p1a: Chansey
|-damage|p1a: Chansey|0 fnt
|faint|p1a: Chansey
|
|win|marcoasd
|player|p1
|player|p2
|c|★smilzo|gg lol