|join|whoremaster
|join|Dirty♥Kiwi
|player|p1|whoremaster|43
|player|p2|Dirty♥Kiwi|138
|gametype|singles
|gen|1
|tier|[Gen 1] OU (beta)
|rated
|rule|Sleep Clause Mod: Limit one foe put to sleep
|rule|Species Clause: Limit one of each Pokemon
|rule|OHKO Clause: OHKO moves are banned
|rule|Moody Clause: Moody is banned
|rule|Evasion Moves Clause: Evasion moves are banned
|rule|Endless Battle Clause: Forcing endless battles is banned.
|rule|HP Percentage Mod: HP is reported as percentages
|
|start
|switch|p1a: Alakazam|Alakazam|313\/313
|switch|p2a: Zam Lead|Alakazam|313\/313
|turn|1
|
|switch|p1a: Chansey|Chansey|703\/703
|move|p2a: Zam Lead|Thunder Wave|p1a: Chansey
|-status|p1a: Chansey|par
|
|turn|2
|
|switch|p2a: GhostInaShell|Cloyster|303\/303
|cant|p1a: Chansey|par
|
|turn|3
|
|move|p2a: GhostInaShell|Clamp|p1a: Chansey
|-damage|p1a: Chansey|664\/703 par
|-activate|p1a: Chansey|move: Clamp|[of] p2a: GhostInaShell
|cant|p1a: Chansey|partiallytrapped
|
|turn|4
|
|move|p2a: GhostInaShell|Clamp|p1a: Chansey
|-damage|p1a: Chansey|625\/703 par
|cant|p1a: Chansey|partiallytrapped
|
|turn|5
|
|move|p2a: GhostInaShell|Clamp|p1a: Chansey
|-damage|p1a: Chansey|586\/703 par
|cant|p1a: Chansey|partiallytrapped
|
|-end|p1a: Chansey|Clamp|[partiallytrapped]
|turn|6
|
|move|p2a: GhostInaShell|Explosion|p1a: Chansey
|-damage|p1a: Chansey|0 fnt
|faint|p1a: Chansey
|faint|p2a: GhostInaShell
|chat|whoremaster|y u do dis
|chat|whoremaster|chansey never hurt anyone
|
|switch|p1a: Exeggutor|Exeggutor|393\/393
|switch|p2a: Result of Incest|Exeggutor|393\/393
|turn|7
|join|Simply Ashley
|
|switch|p2a: Zam Lead|Alakazam|313\/313
|move|p1a: Exeggutor|Sleep Powder|p2a: Zam Lead
|-status|p2a: Zam Lead|slp
|
|turn|8
|
|switch|p2a: Result of Incest|Exeggutor|393\/393
|move|p1a: Exeggutor|Double-Edge|p2a: Result of Incest
|-damage|p2a: Result of Incest|314\/393
|-damage|p1a: Exeggutor|373\/393|[from] recoil|[of] p2a: Result of Incest
|
|turn|9
|
|switch|p2a: TNT|Golem|363\/363
|move|p1a: Exeggutor|Double-Edge|p2a: TNT
|-resisted|p2a: TNT
|-damage|p2a: TNT|333\/363
|-damage|p1a: Exeggutor|365\/393|[from] recoil|[of] p2a: TNT
|
|turn|10
|
|switch|p2a: Result of Incest|Exeggutor|314\/393
|move|p1a: Exeggutor|Psychic|p2a: Result of Incest
|-resisted|p2a: Result of Incest
|-damage|p2a: Result of Incest|261\/393
|
|turn|11
|
|move|p1a: Exeggutor|Double-Edge|p2a: Result of Incest
|-crit|p2a: Result of Incest
|-damage|p2a: Result of Incest|90\/393
|-damage|p1a: Exeggutor|322\/393|[from] recoil|[of] p2a: Result of Incest
|move|p2a: Result of Incest|Sleep Powder|p1a: Exeggutor|[miss]
|-miss|p2a: Result of Incest
|
|turn|12
|
|move|p1a: Exeggutor|Double-Edge|p2a: Result of Incest
|-damage|p2a: Result of Incest|10\/393
|-damage|p1a: Exeggutor|302\/393|[from] recoil|[of] p2a: Result of Incest
|move|p2a: Result of Incest|Explosion|p1a: Exeggutor
|-damage|p1a: Exeggutor|16\/393
|faint|p2a: Result of Incest
|
|switch|p2a: That's Bull|Tauros|353\/353
|turn|13
|chat|whoremaster|eggsellent
|
|switch|p1a: Cloyster|Cloyster|303\/303
|move|p2a: That's Bull|Earthquake|p1a: Cloyster
|-damage|p1a: Cloyster|249\/303
|
|turn|14
|
|move|p2a: That's Bull|Body Slam|p1a: Cloyster
|-damage|p1a: Cloyster|187\/303
|move|p1a: Cloyster|Clamp|p2a: That's Bull
|-damage|p2a: That's Bull|309\/353
|-activate|p2a: That's Bull|move: Clamp|[of] p1a: Cloyster
|
|turn|15
|
|cant|p2a: That's Bull|partiallytrapped
|move|p1a: Cloyster|Clamp|p2a: That's Bull
|-damage|p2a: That's Bull|265\/353
|
|turn|16
|
|cant|p2a: That's Bull|partiallytrapped
|move|p1a: Cloyster|Clamp|p2a: That's Bull
|-damage|p2a: That's Bull|221\/353
|
|-end|p2a: That's Bull|Clamp|[partiallytrapped]
|turn|17
|
|move|p2a: That's Bull|Body Slam|p1a: Cloyster
|-damage|p1a: Cloyster|121\/303
|move|p1a: Cloyster|Clamp|p2a: That's Bull|[miss]
|-miss|p1a: Cloyster
|
|turn|18
|
|move|p2a: That's Bull|Body Slam|p1a: Cloyster
|-damage|p1a: Cloyster|58\/303
|move|p1a: Cloyster|Hyper Beam|p2a: That's Bull
|-damage|p2a: That's Bull|113\/353
|
|turn|19
|chat|whoremaster|aw wow
|chat|whoremaster|failblog
|
|move|p2a: That's Bull|Body Slam|p1a: Cloyster
|-damage|p1a: Cloyster|0 fnt
|faint|p1a: Cloyster
|
|
|switch|p1a: Snorlax|Snorlax|523\/523
|turn|20
|
|move|p2a: That's Bull|Body Slam|p1a: Snorlax
|-damage|p1a: Snorlax|399\/523
|move|p1a: Snorlax|Hyper Beam|p2a: That's Bull
|-damage|p2a: That's Bull|0 fnt
|faint|p2a: That's Bull
|
|
|switch|p2a: TNT|Golem|333\/363
|turn|21
|
|switch|p1a: Exeggutor|Exeggutor|16\/393
|move|p2a: TNT|Earthquake|p1a: Exeggutor
|-resisted|p1a: Exeggutor
|-damage|p1a: Exeggutor|0 fnt
|faint|p1a: Exeggutor
|
|
|switch|p1a: Snorlax|Snorlax|399\/523
|turn|22
|
|move|p2a: TNT|Explosion|p1a: Snorlax
|-damage|p1a: Snorlax|27\/523
|faint|p2a: TNT
|
|switch|p2a: Breakfast Pouch|Chansey|703\/703
|turn|23
|
|move|p2a: Breakfast Pouch|Ice Beam|p1a: Snorlax
|-damage|p1a: Snorlax|0 fnt
|faint|p1a: Snorlax
|
|
|switch|p1a: Alakazam|Alakazam|313\/313
|turn|24
|
|move|p1a: Alakazam|Seismic Toss|p2a: Breakfast Pouch
|-damage|p2a: Breakfast Pouch|603\/703
|move|p2a: Breakfast Pouch|Ice Beam|p1a: Alakazam
|-damage|p1a: Alakazam|252\/313
|
|turn|25
|
|move|p1a: Alakazam|Psychic|p2a: Breakfast Pouch
|-damage|p2a: Breakfast Pouch|479\/703
|move|p2a: Breakfast Pouch|Ice Beam|p1a: Alakazam
|-damage|p1a: Alakazam|191\/313
|
|turn|26
|
|move|p1a: Alakazam|Seismic Toss|p2a: Breakfast Pouch
|-damage|p2a: Breakfast Pouch|379\/703
|move|p2a: Breakfast Pouch|Soft-Boiled|p2a: Breakfast Pouch
|-heal|p2a: Breakfast Pouch|703\/703
|
|turn|27
|
|move|p1a: Alakazam|Recover|p1a: Alakazam
|-heal|p1a: Alakazam|313\/313
|move|p2a: Breakfast Pouch|Ice Beam|p1a: Alakazam
|-damage|p1a: Alakazam|247\/313
|
|turn|28
|
|move|p1a: Alakazam|Thunder Wave|p2a: Breakfast Pouch
|-status|p2a: Breakfast Pouch|par
|move|p2a: Breakfast Pouch|Ice Beam|p1a: Alakazam
|-damage|p1a: Alakazam|179\/313
|
|turn|29
|
|move|p1a: Alakazam|Psychic|p2a: Breakfast Pouch
|-damage|p2a: Breakfast Pouch|567\/703 par
|move|p2a: Breakfast Pouch|Ice Beam|p1a: Alakazam
|-damage|p1a: Alakazam|119\/313
|
|turn|30
|
|move|p1a: Alakazam|Recover|p1a: Alakazam
|-heal|p1a: Alakazam|275\/313
|move|p2a: Breakfast Pouch|Ice Beam|p1a: Alakazam
|-damage|p1a: Alakazam|210\/313
|
|turn|31
|
|move|p1a: Alakazam|Psychic|p2a: Breakfast Pouch
|-damage|p2a: Breakfast Pouch|434\/703 par
|cant|p2a: Breakfast Pouch|par
|
|turn|32
|
|move|p1a: Alakazam|Psychic|p2a: Breakfast Pouch
|-damage|p2a: Breakfast Pouch|312\/703 par
|move|p2a: Breakfast Pouch|Soft-Boiled|p2a: Breakfast Pouch
|-heal|p2a: Breakfast Pouch|663\/703 par
|
|turn|33
|
|move|p1a: Alakazam|Psychic|p2a: Breakfast Pouch
|-crit|p2a: Breakfast Pouch
|-damage|p2a: Breakfast Pouch|399\/703 par
|move|p2a: Breakfast Pouch|Ice Beam|p1a: Alakazam
|-damage|p1a: Alakazam|151\/313
|
|turn|34
|
|switch|p1a: Tauros|Tauros|353\/353
|cant|p2a: Breakfast Pouch|par
|
|turn|35
|
|move|p1a: Tauros|Hyper Beam|p2a: Breakfast Pouch
|-damage|p2a: Breakfast Pouch|0 fnt
|faint|p2a: Breakfast Pouch
|
|
|switch|p2a: Zam Lead|Alakazam|313\/313 slp
|turn|36
|
|cant|p2a: Zam Lead|slp
|move|p1a: Tauros|Body Slam|p2a: Zam Lead
|-damage|p2a: Zam Lead|159\/313 slp
|
|turn|37
|
|cant|p2a: Zam Lead|slp
|move|p1a: Tauros|Hyper Beam|p2a: Zam Lead|[miss]
|-miss|p1a: Tauros
|
|turn|38
|
|cant|p2a: Zam Lead|slp
|-curestatus|p2a: Zam Lead|slp
|move|p1a: Tauros|Hyper Beam|p2a: Zam Lead
|-damage|p2a: Zam Lead|0 fnt
|faint|p2a: Zam Lead
|
|win|whoremaster
|raw|Ladder updating...
|raw|whoremaster's rating: 1174 &rarr; <strong>1188<\/strong><br \/>(+14 for winning)
|raw|Dirty♥Kiwi's rating: 1000 &rarr; <strong>1000<\/strong><br \/>(+0 for losing)
|chat|whoremaster|gg
|leave|Simply Ashley
|leave|Dirty♥Kiwi
|player|p2