|j|guterohnt
|j|Dazmi
|player|p1|guterohnt|108
|player|p2|Dazmi|256
|gametype|singles
|gen|1
|tier|[Gen 1] OU
|rated
|seed|
|rule|Sleep Clause Mod: Limit one foe put to sleep
|rule|Freeze Clause Mod: Limit one foe frozen
|rule|Species Clause: Limit one of each Pokémon
|rule|OHKO Clause: OHKO moves are banned
|rule|Evasion Moves Clause: Evasion moves are banned
|rule|HP Percentage Mod: HP is shown in percentages
|
|start
|switch|p1a: Tentacruel|Tentacruel|100\/100
|switch|p2a: Starmie|Starmie|100\/100
|turn|1
|choice||
|
|move|p2a: Starmie|Psychic|p1a: Tentacruel
|-crit|p1a: Tentacruel
|-supereffective|p1a: Tentacruel
|-damage|p1a: Tentacruel|7\/100
|move|p1a: Tentacruel|Hydro Pump|p2a: Starmie
|-crit|p2a: Starmie
|-resisted|p2a: Starmie
|-damage|p2a: Starmie|50\/100
|
|turn|2
|choice||
|
|move|p2a: Starmie|Psychic|p1a: Tentacruel
|-supereffective|p1a: Tentacruel
|-damage|p1a: Tentacruel|0 fnt
|faint|p1a: Tentacruel
|choice||
|
|switch|p1a: Jolteon|Jolteon|100\/100
|turn|3
|choice||
|
|switch|p2a: Golem|Golem|100\/100
|move|p1a: Jolteon|Thunderbolt|p2a: Golem
|-immune|p2a: Golem|[msg]
|
|turn|4
|choice||
|
|switch|p1a: Exeggutor|Exeggutor|100\/100
|move|p2a: Golem|Substitute|p2a: Golem
|-start|p2a: Golem|Substitute
|-damage|p2a: Golem|76\/100
|
|turn|5
|choice||
|
|move|p1a: Exeggutor|Psychic|p2a: Golem
|-end|p2a: Golem|Substitute
|move|p2a: Golem|Explosion|p1a: Exeggutor
|-damage|p1a: Exeggutor|26\/100
|faint|p2a: Golem
|choice||
|
|switch|p2a: Starmie|Starmie|50\/100
|turn|6
|choice||
|
|move|p2a: Starmie|Blizzard|p1a: Exeggutor
|-crit|p1a: Exeggutor
|-supereffective|p1a: Exeggutor
|-damage|p1a: Exeggutor|0 fnt
|faint|p1a: Exeggutor
|choice||
|
|switch|p1a: Jolteon|Jolteon|100\/100
|turn|7
|choice||
|
|move|p1a: Jolteon|Thunderbolt|p2a: Starmie
|-supereffective|p2a: Starmie
|-damage|p2a: Starmie|0 fnt
|faint|p2a: Starmie
|choice||
|
|switch|p2a: Tauros|Tauros|100\/100
|turn|8
|choice||
|
|move|p1a: Jolteon|Thunder Wave|p2a: Tauros
|-status|p2a: Tauros|par
|move|p2a: Tauros|Earthquake|p1a: Jolteon
|-crit|p1a: Jolteon
|-supereffective|p1a: Jolteon
|-damage|p1a: Jolteon|0 fnt
|faint|p1a: Jolteon
|choice||
|
|switch|p1a: Arcanine|Arcanine|100\/100
|turn|9
|choice||
|
|switch|p2a: Lapras|Lapras|100\/100
|move|p1a: Arcanine|Reflect|p1a: Arcanine
|-start|p1a: Arcanine|Reflect
|
|turn|10
|choice||
|
|move|p1a: Arcanine|Fire Blast|p2a: Lapras
|-damage|p2a: Lapras|74\/100
|move|p2a: Lapras|Confuse Ray|p1a: Arcanine
|-start|p1a: Arcanine|confusion
|
|turn|11
|choice||
|
|-activate|p1a: Arcanine|confusion
|-damage|p1a: Arcanine|89\/100|[from] confusion
|move|p2a: Lapras|Body Slam|p1a: Arcanine
|-damage|p1a: Arcanine|80\/100
|
|turn|12
|choice||
|
|-activate|p1a: Arcanine|confusion
|-damage|p1a: Arcanine|69\/100|[from] confusion
|move|p2a: Lapras|Blizzard|p1a: Arcanine
|-damage|p1a: Arcanine|28\/100
|
|turn|13
|choice||
|
|-activate|p1a: Arcanine|confusion
|-damage|p1a: Arcanine|17\/100|[from] confusion
|move|p2a: Lapras|Blizzard|p1a: Arcanine
|-damage|p1a: Arcanine|0 fnt
|faint|p1a: Arcanine
|choice||
|
|switch|p1a: Tauros|Tauros|100\/100
|turn|14
|choice||
|
|move|p1a: Tauros|Thunder|p2a: Lapras
|-supereffective|p2a: Lapras
|-damage|p2a: Lapras|43\/100
|-status|p2a: Lapras|par
|move|p2a: Lapras|Confuse Ray|p1a: Tauros
|-start|p1a: Tauros|confusion
|
|turn|15
|choice||
|
|-activate|p1a: Tauros|confusion
|move|p1a: Tauros|Earthquake|p2a: Lapras
|-damage|p2a: Lapras|25\/100 par
|move|p2a: Lapras|Body Slam|p1a: Tauros
|-damage|p1a: Tauros|84\/100
|
|turn|16
|choice||
|
|-end|p1a: Tauros|confusion
|move|p1a: Tauros|Hyper Beam|p2a: Lapras
|-damage|p2a: Lapras|0 fnt
|faint|p2a: Lapras
|choice||
|
|switch|p2a: Chansey|Chansey|100\/100
|turn|17
|choice||
|
|switch|p1a: Clefable|Clefable|100\/100
|move|p2a: Chansey|Counter|p1a: Clefable
|-damage|p1a: Clefable|43\/100
|
|turn|18
|choice||
|
|move|p1a: Clefable|Metronome|p1a: Clefable
|move|p1a: Clefable|Fissure|p2a: Chansey|[from]Metronome|[miss]
|-miss|p1a: Clefable
|move|p2a: Chansey|Ice Beam|p1a: Clefable
|-damage|p1a: Clefable|23\/100
|
|turn|19
|choice||
|
|move|p1a: Clefable|Metronome|p1a: Clefable
|move|p1a: Clefable|Light Screen|p1a: Clefable|[from]Metronome
|-start|p1a: Clefable|Light Screen
|move|p2a: Chansey|Ice Beam|p1a: Clefable
|-damage|p1a: Clefable|12\/100
|-status|p1a: Clefable|frz
|
|turn|20
|choice||
|
|cant|p1a: Clefable|frz
|move|p2a: Chansey|Ice Beam|p1a: Clefable
|-damage|p1a: Clefable|2\/100 frz
|
|turn|21
|choice||
|
|cant|p1a: Clefable|frz
|move|p2a: Chansey|Ice Beam|p1a: Clefable
|-damage|p1a: Clefable|0 fnt
|faint|p1a: Clefable
|choice||
|
|switch|p1a: Tauros|Tauros|84\/100
|turn|22
|choice||
|
|move|p1a: Tauros|Thunder|p2a: Chansey
|-damage|p2a: Chansey|91\/100
|move|p2a: Chansey|Counter|p1a: Tauros
|-fail|p2a: Chansey
|
|turn|23
|choice||
|
|move|p1a: Tauros|Thunder|p2a: Chansey|[miss]
|-miss|p1a: Tauros
|move|p2a: Chansey|Ice Beam|p1a: Tauros
|-damage|p1a: Tauros|55\/100
|
|turn|24
|choice||
|
|move|p1a: Tauros|Ice Beam|p2a: Chansey
|-damage|p2a: Chansey|83\/100
|-status|p2a: Chansey|frz
|cant|p2a: Chansey|frz
|
|turn|25
|choice||
|
|switch|p2a: Exeggutor|Exeggutor|100\/100
|move|p1a: Tauros|Earthquake|p2a: Exeggutor
|-resisted|p2a: Exeggutor
|-damage|p2a: Exeggutor|89\/100
|
|turn|26
|choice||
|
|move|p1a: Tauros|Ice Beam|p2a: Exeggutor
|-supereffective|p2a: Exeggutor
|-damage|p2a: Exeggutor|61\/100
|move|p2a: Exeggutor|Egg Bomb|p1a: Tauros|[miss]
|-miss|p2a: Exeggutor
|
|turn|27
|choice||
|
|move|p1a: Tauros|Ice Beam|p2a: Exeggutor
|-crit|p2a: Exeggutor
|-supereffective|p2a: Exeggutor
|-damage|p2a: Exeggutor|11\/100
|-message|Freeze Clause activated.
|move|p2a: Exeggutor|Explosion|p1a: Tauros
|-damage|p1a: Tauros|0 fnt
|faint|p1a: Tauros
|faint|p2a: Exeggutor
|
|win|Dazmi
|player|p1
|player|p2
|raw|guterohnt's rating: 1153 &rarr; <strong>1135<\/strong><br \/>(-18 for losing)
|raw|Dazmi's rating: 1258 &rarr; <strong>1276<\/strong><br \/>(+18 for winning)