|j|smilzo
|j|marcoasd
|player|p1|smilzo|157
|player|p2|marcoasd|170
|gametype|singles
|gen|1
|tier|[Gen 1] OU
|seed|44073,37475,20661,53461
|rule|Sleep Clause Mod: Limit one foe put to sleep
|rule|Freeze Clause Mod: Limit one foe frozen
|rule|Species Clause: Limit one of each Pokémon
|rule|OHKO Clause: OHKO moves are banned
|rule|Evasion Moves Clause: Evasion moves are banned
|rule|HP Percentage Mod: HP is shown in percentages
|
|start
|switch|p1a: Alakazam|Alakazam|313\/313
|switch|p2a: Alakazam|Alakazam|313\/313
|turn|1
|c|★smilzo|hf
|choice|move 1|move 1
|
|move|p2a: Alakazam|Thunder Wave|p1a: Alakazam
|-status|p1a: Alakazam|par
|move|p1a: Alakazam|Thunder Wave|p2a: Alakazam
|-status|p2a: Alakazam|par
|
|turn|2
|c|★marcoasd|u2 new year's dya
|choice|move 3|move 3
|
|move|p2a: Alakazam|Seismic Toss|p1a: Alakazam
|-damage|p1a: Alakazam|213\/313 par
|move|p1a: Alakazam|Seismic Toss|p2a: Alakazam
|-damage|p2a: Alakazam|213\/313 par
|
|turn|3
|choice|move 4|move 3
|
|move|p2a: Alakazam|Seismic Toss|p1a: Alakazam
|-damage|p1a: Alakazam|113\/313 par
|move|p1a: Alakazam|Recover|p1a: Alakazam
|-heal|p1a: Alakazam|269\/313 par
|
|turn|4
|choice|move 3|move 4
|
|move|p1a: Alakazam|Seismic Toss|p2a: Alakazam
|-damage|p2a: Alakazam|113\/313 par
|move|p2a: Alakazam|Recover|p2a: Alakazam
|-heal|p2a: Alakazam|269\/313 par
|
|turn|5
|choice|move 2|move 3
|
|cant|p1a: Alakazam|par
|cant|p2a: Alakazam|par
|
|turn|6
|c|★smilzo|ei
|c|★smilzo|smettila di copiarmi le mosse
|c|★smilzo|!
|c|★marcoasd|asd
|choice|move 2|move 3
|
|cant|p1a: Alakazam|par
|move|p2a: Alakazam|Seismic Toss|p1a: Alakazam
|-damage|p1a: Alakazam|169\/313 par
|
|turn|7
|choice|move 4|move 2
|
|cant|p1a: Alakazam|par
|move|p2a: Alakazam|Psychic|p1a: Alakazam
|-resisted|p1a: Alakazam
|-damage|p1a: Alakazam|115\/313 par
|-unboost|p1a: Alakazam|spd|1
|-unboost|p1a: Alakazam|spa|1
|
|turn|8
|choice|move 4|move 2
|
|move|p2a: Alakazam|Psychic|p1a: Alakazam
|-resisted|p1a: Alakazam
|-damage|p1a: Alakazam|36\/313 par
|-unboost|p1a: Alakazam|spd|1
|-unboost|p1a: Alakazam|spa|1
|move|p1a: Alakazam|Recover|p1a: Alakazam
|-heal|p1a: Alakazam|192\/313 par
|
|turn|9
|choice|move 4|move 2
|
|move|p2a: Alakazam|Psychic|p1a: Alakazam
|-resisted|p1a: Alakazam
|-damage|p1a: Alakazam|81\/313 par
|move|p1a: Alakazam|Recover|p1a: Alakazam
|-heal|p1a: Alakazam|237\/313 par
|
|turn|10
|choice|switch 4|move 2
|
|switch|p1a: Chansey|Chansey|703\/703
|cant|p2a: Alakazam|par
|
|turn|11
|choice|switch 4|move 1
|
|switch|p1a: Alakazam|Alakazam|237\/313 par
|move|p2a: Alakazam|Thunder Wave|p1a: Alakazam
|-fail|p1a: Alakazam|par
|
|turn|12
|choice|move 3|move 3
|
|move|p1a: Alakazam|Seismic Toss|p2a: Alakazam
|-damage|p2a: Alakazam|169\/313 par
|cant|p2a: Alakazam|par
|
|turn|13
|choice|move 2|switch 4
|
|switch|p2a: Slowbro|Slowbro|393\/393
|move|p1a: Alakazam|Psychic|p2a: Slowbro
|-resisted|p2a: Slowbro
|-damage|p2a: Slowbro|316\/393
|
|turn|14
|choice|move 3|move 2
|
|move|p2a: Slowbro|Amnesia|p2a: Slowbro
|-boost|p2a: Slowbro|spd|2
|-boost|p2a: Slowbro|spa|2
|cant|p1a: Alakazam|par
|
|turn|15
|choice|switch 3|move 1
|
|switch|p1a: Exeggutor|Exeggutor|393\/393
|move|p2a: Slowbro|Thunder Wave|p1a: Exeggutor
|-status|p1a: Exeggutor|par
|
|turn|16
|choice|switch 5|move 3
|
|switch|p1a: Snorlax|Snorlax|523\/523
|move|p2a: Slowbro|Psychic|p1a: Snorlax
|-damage|p1a: Snorlax|302\/523
|-unboost|p1a: Snorlax|spd|1
|-unboost|p1a: Snorlax|spa|1
|
|turn|17
|c|★marcoasd|asd
|c|★smilzo|aw
|choice|switch 5|move 3
|
|switch|p1a: Exeggutor|Exeggutor|393\/393 par
|move|p2a: Slowbro|Psychic|p1a: Exeggutor
|-resisted|p1a: Exeggutor
|-damage|p1a: Exeggutor|309\/393 par
|-unboost|p1a: Exeggutor|spd|1
|-unboost|p1a: Exeggutor|spa|1
|
|turn|18
|c|★marcoasd|brutto gesto da parte tua
|choice|switch 5|move 3
|
|switch|p1a: Snorlax|Snorlax|302\/523
|move|p2a: Slowbro|Psychic|p1a: Snorlax
|-damage|p1a: Snorlax|75\/523
|-unboost|p1a: Snorlax|spd|1
|-unboost|p1a: Snorlax|spa|1
|
|turn|19
|c|★smilzo|stop :C
|choice|move 1|move 3
|
|move|p1a: Snorlax|Body Slam|p2a: Slowbro
|-damage|p2a: Slowbro|222\/393
|-status|p2a: Slowbro|par
|cant|p2a: Slowbro|par
|
|turn|20
|c|★marcoasd|asd
|c|★smilzo|lax's revenge
|c|★marcoasd|mi rode
|choice|move 1|move 4
|
|move|p1a: Snorlax|Body Slam|p2a: Slowbro
|-damage|p2a: Slowbro|123\/393 par
|cant|p2a: Slowbro|par
|
|turn|21
|c|★marcoasd|che stracoglioni
|c|★smilzo|e.e
|choice|move 1|switch 2
|
|switch|p2a: Exeggutor|Exeggutor|393\/393
|move|p1a: Snorlax|Body Slam|p2a: Exeggutor
|-crit|p2a: Exeggutor
|-damage|p2a: Exeggutor|170\/393
|
|turn|22
|c|★smilzo|!
|choice|switch 3|move 3
|
|switch|p1a: Alakazam|Alakazam|237\/313 par
|move|p2a: Exeggutor|Psychic|p1a: Alakazam
|-resisted|p1a: Alakazam
|-damage|p1a: Alakazam|191\/313 par
|
|turn|23
|choice|move 3|move 3
|
|move|p2a: Exeggutor|Psychic|p1a: Alakazam
|-resisted|p1a: Alakazam
|-damage|p1a: Alakazam|143\/313 par
|move|p1a: Alakazam|Seismic Toss|p2a: Exeggutor
|-damage|p2a: Exeggutor|70\/393
|
|turn|24
|choice|move 4|move 2
|
|move|p2a: Exeggutor|Hyper Beam|p1a: Alakazam
|-damage|p1a: Alakazam|0 fnt
|faint|p1a: Alakazam
|choice|switch 6|
|
|switch|p1a: Tauros|Tauros|353\/353
|turn|25
|choice|move 1|switch 2
|
|switch|p2a: Slowbro|Slowbro|123\/393 par
|move|p1a: Tauros|Body Slam|p2a: Slowbro
|-damage|p2a: Slowbro|26\/393 par
|
|turn|26
|choice|move 1|move 4
|
|move|p1a: Tauros|Body Slam|p2a: Slowbro
|-damage|p2a: Slowbro|0 fnt
|faint|p2a: Slowbro
|choice||switch 6
|
|switch|p2a: Zapdos|Zapdos|383\/383
|turn|27
|c|★marcoasd|ecco il sasso
|c|★marcoasd|AI NEMICI
|c|★marcoasd|IN FRONTE IL SASSO
|c|★marcoasd|AGLI AMICI TUTTO IL CUOR
|choice|switch 3|move 1
|
|switch|p1a: Snorlax|Snorlax|75\/523
|move|p2a: Zapdos|Thunderbolt|p1a: Snorlax
|-damage|p1a: Snorlax|0 fnt
|faint|p1a: Snorlax
|choice|switch 4|
|
|switch|p1a: Chansey|Chansey|703\/703
|turn|28
|choice|move 3|switch 3
|
|switch|p2a: Chansey|Chansey|703\/703
|move|p1a: Chansey|Seismic Toss|p2a: Chansey
|-damage|p2a: Chansey|603\/703
|
|turn|29
|choice|move 1|move 2
|
|move|p2a: Chansey|Ice Beam|p1a: Chansey
|-damage|p1a: Chansey|629\/703
|move|p1a: Chansey|Thunder Wave|p2a: Chansey
|-status|p2a: Chansey|par
|
|turn|30
|choice|switch 5|move 2
|
|switch|p1a: Exeggutor|Exeggutor|309\/393 par
|cant|p2a: Chansey|par
|
|turn|31
|choice|move 2|move 2
|
|cant|p1a: Exeggutor|par
|cant|p2a: Chansey|par
|
|turn|32
|choice|move 3|switch 4
|
|switch|p2a: Alakazam|Alakazam|169\/313 par
|move|p1a: Exeggutor|Psychic|p2a: Alakazam
|-resisted|p2a: Alakazam
|-damage|p2a: Alakazam|117\/313 par
|-unboost|p2a: Alakazam|spd|1
|-unboost|p2a: Alakazam|spa|1
|
|turn|33
|choice|move 2|move 4
|
|move|p1a: Exeggutor|Double-Edge|p2a: Alakazam
|-damage|p2a: Alakazam|7\/313 par
|-damage|p1a: Exeggutor|282\/393 par|[from] recoil|[of] p2a: Alakazam
|move|p2a: Alakazam|Recover|p2a: Alakazam
|-heal|p2a: Alakazam|163\/313 par
|
|turn|34
|c|★marcoasd|bruttissimo gesto
|c|★marcoasd|da condannare assolutamente
|choice|switch 3|move 4
|
|switch|p1a: Tauros|Tauros|353\/353
|cant|p2a: Alakazam|par
|
|turn|35
|choice|move 3|move 1
|
|move|p1a: Tauros|Hyper Beam|p2a: Alakazam
|-damage|p2a: Alakazam|0 fnt
|faint|p2a: Alakazam
|c|★marcoasd|èh bravo
|c|★marcoasd|hai avuto le palle
|c|★smilzo|be
|choice||switch 5
|
|switch|p2a: Tauros|Tauros|353\/353
|turn|36
|c|★smilzo|ho pensato che non volessi rischiare una para su zap
|c|★marcoasd|più o meno
|c|★marcoasd|o un crit
|c|★marcoasd|bèh l'ultimo tuo non è un sasso, non è zam
|c|★marcoasd|MINIMO è starmie
|c|★smilzo|be hai zapdos e chansey nel caso lo fosse
|c|★marcoasd|sì per dire... zapdos ti darà noia
|c|★marcoasd|non è il caso di mandarlo a cazzo
|c|★smilzo|infatti
|c|★smilzo|sto pensando a come levarmelo di torno
|choice|move 1|move 1
|
|move|p1a: Tauros|Body Slam|p2a: Tauros
|-crit|p2a: Tauros
|-damage|p2a: Tauros|152\/353
|move|p2a: Tauros|Body Slam|p1a: Tauros
|-damage|p1a: Tauros|258\/353
|
|turn|37
|c|★smilzo|be ecco un buon metodo
|choice|switch 2|move 1
|
|switch|p1a: Slowbro|Slowbro|393\/393
|move|p2a: Tauros|Body Slam|p1a: Slowbro
|-crit|p1a: Slowbro
|-damage|p1a: Slowbro|205\/393
|-status|p1a: Slowbro|par
|
|turn|38
|choice|move 1|switch 4
|
|switch|p2a: Chansey|Chansey|603\/703 par
|cant|p1a: Slowbro|par
|
|turn|39
|choice|move 2|move 3
|
|move|p2a: Chansey|Thunderbolt|p1a: Slowbro
|-supereffective|p1a: Slowbro
|-damage|p1a: Slowbro|28\/393 par
|move|p1a: Slowbro|Amnesia|p1a: Slowbro
|-boost|p1a: Slowbro|spd|2
|-boost|p1a: Slowbro|spa|2
|
|turn|40
|choice|move 4|switch 3
|
|switch|p2a: Zapdos|Zapdos|383\/383
|move|p1a: Slowbro|Rest|p1a: Slowbro
|-status|p1a: Slowbro|slp
|-heal|p1a: Slowbro|393\/393 slp|[silent]
|-status|p1a: Slowbro|slp|[from] move: Rest
|
|turn|41
|choice|switch 5|move 1
|
|switch|p1a: Chansey|Chansey|629\/703
|move|p2a: Zapdos|Thunderbolt|p1a: Chansey
|-damage|p1a: Chansey|497\/703
|
|turn|42
|choice|move 3|switch 3
|
|switch|p2a: Chansey|Chansey|603\/703 par
|move|p1a: Chansey|Seismic Toss|p2a: Chansey
|-damage|p2a: Chansey|503\/703 par
|
|turn|43
|choice|switch 3|move 3
|
|switch|p1a: Exeggutor|Exeggutor|282\/393 par
|move|p2a: Chansey|Thunderbolt|p1a: Exeggutor
|-resisted|p1a: Exeggutor
|-damage|p1a: Exeggutor|248\/393 par
|
|turn|44
|choice|move 2|move 2
|
|move|p1a: Exeggutor|Double-Edge|p2a: Chansey
|-damage|p2a: Chansey|278\/703 par
|-damage|p1a: Exeggutor|192\/393 par|[from] recoil|[of] p2a: Chansey
|move|p2a: Chansey|Ice Beam|p1a: Exeggutor
|-supereffective|p1a: Exeggutor
|-damage|p1a: Exeggutor|53\/393 par
|
|turn|45
|choice|move 2|move 4
|
|cant|p1a: Exeggutor|par
|move|p2a: Chansey|Soft-Boiled|p2a: Chansey
|-heal|p2a: Chansey|629\/703 par
|
|turn|46
|c|★marcoasd|e qui
|c|★marcoasd|cala il sipario più o meno
|choice|move 2|switch 2
|
|switch|p2a: Exeggutor|Exeggutor|70\/393
|move|p1a: Exeggutor|Double-Edge|p2a: Exeggutor
|-damage|p2a: Exeggutor|0 fnt
|-damage|p1a: Exeggutor|36\/393 par|[from] recoil|[of] p2a: Exeggutor
|faint|p2a: Exeggutor
|c|★marcoasd|*seguirono numerose cilecche*
|choice||switch 3
|
|switch|p2a: Zapdos|Zapdos|383\/383
|turn|47
|choice|switch 3|move 2
|
|switch|p1a: Chansey|Chansey|497\/703
|move|p2a: Zapdos|Drill Peck|p1a: Chansey
|-damage|p1a: Chansey|265\/703
|
|turn|48
|choice|move 4|move 2
|
|move|p2a: Zapdos|Drill Peck|p1a: Chansey
|-damage|p1a: Chansey|44\/703
|move|p1a: Chansey|Soft-Boiled|p1a: Chansey
|-heal|p1a: Chansey|395\/703
|
|turn|49
|choice|move 1|switch 2
|
|switch|p2a: Chansey|Chansey|629\/703 par
|move|p1a: Chansey|Thunder Wave|p2a: Chansey
|-fail|p2a: Chansey|par
|
|turn|50
|choice|move 4|move 2
|
|move|p1a: Chansey|Soft-Boiled|p1a: Chansey
|-heal|p1a: Chansey|703\/703
|move|p2a: Chansey|Ice Beam|p1a: Chansey
|-damage|p1a: Chansey|630\/703
|-status|p1a: Chansey|frz
|
|turn|51
|c|★smilzo|sigh
|choice|switch 3|move 3
|
|switch|p1a: Exeggutor|Exeggutor|36\/393 par
|move|p2a: Chansey|Thunderbolt|p1a: Exeggutor
|-resisted|p1a: Exeggutor
|-damage|p1a: Exeggutor|3\/393 par
|
|turn|52
|c|★marcoasd|come mai
|c|★marcoasd|ho pigiato quel tasto
|c|★marcoasd|lol
|choice|move 4|move 3
|
|move|p1a: Exeggutor|Explosion|p2a: Chansey
|-crit|p2a: Chansey
|-damage|p2a: Chansey|0 fnt
|faint|p2a: Chansey
|faint|p1a: Exeggutor
|choice|switch 2|switch 2
|
|switch|p1a: Tauros|Tauros|258\/353
|switch|p2a: Zapdos|Zapdos|383\/383
|turn|53
|c|★marcoasd|marcoasd: *seguirono numerose cilecche*
|c|★marcoasd|dovrebbe essere vinta comunque
|c|★smilzo|si
|c|★smilzo|se non freezo
|c|★smilzo|!
|choice|move 4|move 3
|
|move|p1a: Tauros|Blizzard|p2a: Zapdos
|-supereffective|p2a: Zapdos
|-damage|p2a: Zapdos|261\/383
|move|p2a: Zapdos|Thunder Wave|p1a: Tauros
|-status|p1a: Tauros|par
|
|turn|54
|c|★marcoasd|però se slam o blizzard fanno cose brutte
|c|★marcoasd|esatto
|choice|move 1|move 1
|
|move|p2a: Zapdos|Thunderbolt|p1a: Tauros
|-crit|p1a: Tauros
|-damage|p1a: Tauros|0 fnt
|faint|p1a: Tauros
|c|★marcoasd|gg
|c|★smilzo|gg
|-message|smilzo forfeited.
|
|win|marcoasd
|player|p1
|player|p2
|l|marcoasd