|join|EeveetoTheH4x0r
|join|MALESANI
|player|p1|EeveetoTheH4x0r|54
|player|p2|MALESANI|238
|gametype|singles
|gen|1
|tier|[Gen 1] Random Battle
|rated
|seed|931,20585,17438,36611
|rule|Sleep Clause Mod: Limit one foe put to sleep
|rule|Freeze Clause Mod: Limit one foe frozen
|rule|HP Percentage Mod: HP is shown in percentages
|
|start
|switch|p1a: Pikachu|Pikachu, L96|262\/262
|switch|p2a: Dragonite|Dragonite, L85|328\/328
|turn|1
|choice|move 1|move 3
|
|move|p1a: Pikachu|Thunder Wave|p2a: Dragonite
|-status|p2a: Dragonite|par
|move|p2a: Dragonite|Thunder Wave|p1a: Pikachu
|-status|p1a: Pikachu|par
|
|turn|2
|choice|switch 5|move 1
|
|switch|p1a: Vaporeon|Vaporeon, L85|395\/395
|move|p2a: Dragonite|Ice Beam|p1a: Vaporeon
|-resisted|p1a: Vaporeon
|-damage|p1a: Vaporeon|364\/395
|
|turn|3
|choice|move 3|move 3
|
|move|p1a: Vaporeon|Blizzard|p2a: Dragonite
|-crit|p2a: Dragonite
|-supereffective|p2a: Dragonite
|-damage|p2a: Dragonite|0 fnt
|faint|p2a: Dragonite
|choice||switch 5
|
|switch|p2a: Hypno|Hypno, L85|318\/318
|turn|4
|choice|switch 5|move 3
|
|switch|p1a: Pikachu|Pikachu, L96|262\/262 par
|move|p2a: Hypno|Thunder Wave|p1a: Pikachu
|-fail|p1a: Pikachu|par
|
|turn|5
|choice|move 1|switch 2
|
|switch|p2a: Onix|Onix, L90|246\/246
|move|p1a: Pikachu|Thunder Wave|p2a: Onix
|-immune|p2a: Onix|[msg]
|
|turn|6
|choice|switch 5|move 2
|
|switch|p1a: Vaporeon|Vaporeon, L85|364\/395
|move|p2a: Onix|Earthquake|p1a: Vaporeon
|-damage|p1a: Vaporeon|271\/395
|
|turn|7
|choice|move 4|switch 2
|
|switch|p2a: Hypno|Hypno, L85|318\/318
|move|p1a: Vaporeon|Hydro Pump|p2a: Hypno|[miss]
|-miss|p1a: Vaporeon
|
|turn|8
|choice|switch 5|move 1
|
|switch|p1a: Pikachu|Pikachu, L96|262\/262 par
|move|p2a: Hypno|Psychic|p1a: Pikachu
|-damage|p1a: Pikachu|121\/262 par
|-unboost|p1a: Pikachu|spd|1
|-unboost|p1a: Pikachu|spa|1
|
|turn|9
|choice|switch 2|move 1
|
|switch|p1a: Drowzee|Drowzee, L96|310\/310
|move|p2a: Hypno|Psychic|p1a: Drowzee
|-resisted|p1a: Drowzee
|-damage|p1a: Drowzee|262\/310
|-unboost|p1a: Drowzee|spd|1
|-unboost|p1a: Drowzee|spa|1
|
|turn|10
|choice|move 4|move 4
|
|move|p2a: Hypno|Hypnosis|p1a: Drowzee
|-status|p1a: Drowzee|slp
|-curestatus|p1a: Drowzee|slp
|
|turn|11
|choice|move 4|move 4
|
|move|p2a: Hypno|Hypnosis|p1a: Drowzee|[miss]
|-miss|p2a: Hypno
|move|p1a: Drowzee|Thunder Wave|p2a: Hypno
|-status|p2a: Hypno|par
|
|turn|12
|choice|switch 2|move 4
|
|switch|p1a: Pikachu|Pikachu, L96|121\/262 par
|move|p2a: Hypno|Hypnosis|p1a: Pikachu
|-fail|p1a: Pikachu
|
|turn|13
|choice|move 3|switch 2
|
|switch|p2a: Onix|Onix, L90|246\/246
|cant|p1a: Pikachu|par
|
|turn|14
|choice|switch 5|move 2
|
|switch|p1a: Vaporeon|Vaporeon, L85|271\/395
|move|p2a: Onix|Earthquake|p1a: Vaporeon
|-damage|p1a: Vaporeon|178\/395
|
|turn|15
|choice|move 4|switch 2
|
|switch|p2a: Hypno|Hypno, L85|318\/318 par
|move|p1a: Vaporeon|Hydro Pump|p2a: Hypno
|-damage|p2a: Hypno|200\/318 par
|
|turn|16
|choice|switch 5|move 3
|
|switch|p1a: Pikachu|Pikachu, L96|121\/262 par
|move|p2a: Hypno|Thunder Wave|p1a: Pikachu
|-fail|p1a: Pikachu|par
|
|turn|17
|choice|move 3|move 1
|
|move|p1a: Pikachu|Surf|p2a: Hypno
|-damage|p2a: Hypno|151\/318 par
|move|p2a: Hypno|Psychic|p1a: Pikachu
|-damage|p1a: Pikachu|0 fnt
|faint|p1a: Pikachu
|choice|switch 3|
|
|switch|p1a: Graveler|Graveler, L85|267\/267
|turn|18
|choice|move 2|move 4
|
|move|p1a: Graveler|Earthquake|p2a: Hypno
|-damage|p2a: Hypno|22\/318 par
|move|p2a: Hypno|Hypnosis|p1a: Graveler
|-status|p1a: Graveler|slp
|
|turn|19
|choice|move 2|move 2
|
|cant|p1a: Graveler|slp
|move|p2a: Hypno|Rest|p2a: Hypno
|-status|p2a: Hypno|slp
|-heal|p2a: Hypno|318\/318 slp|[silent]
|-status|p2a: Hypno|slp|[from] move: Rest
|
|turn|20
|choice|move 2|move 1
|
|cant|p1a: Graveler|slp
|cant|p2a: Hypno|slp
|
|turn|21
|choice|move 2|move 1
|
|cant|p1a: Graveler|slp
|-curestatus|p2a: Hypno|slp
|
|turn|22
|choice|switch 2|move 1
|
|switch|p1a: Drowzee|Drowzee, L96|262\/310
|move|p2a: Hypno|Psychic|p1a: Drowzee
|-resisted|p1a: Drowzee
|-damage|p1a: Drowzee|211\/310
|
|turn|23
|choice|move 4|move 3
|
|move|p1a: Drowzee|Thunder Wave|p2a: Hypno
|-status|p2a: Hypno|par
|move|p2a: Hypno|Thunder Wave|p1a: Drowzee
|-status|p1a: Drowzee|par
|
|turn|24
|choice|move 3|move 1
|
|move|p1a: Drowzee|Rest|p1a: Drowzee
|-status|p1a: Drowzee|slp
|-heal|p1a: Drowzee|310\/310 slp|[silent]
|-status|p1a: Drowzee|slp|[from] move: Rest
|move|p2a: Hypno|Psychic|p1a: Drowzee
|-resisted|p1a: Drowzee
|-damage|p1a: Drowzee|265\/310 slp
|
|turn|25
|choice|move 2|switch 2
|
|switch|p2a: Onix|Onix, L90|246\/246
|cant|p1a: Drowzee|slp
|
|turn|26
|choice|move 2|move 2
|
|move|p2a: Onix|Earthquake|p1a: Drowzee
|-damage|p1a: Drowzee|170\/310 slp
|-curestatus|p1a: Drowzee|slp
|
|turn|27
|choice|move 2|switch 2
|
|switch|p2a: Hypno|Hypno, L85|318\/318 par
|move|p1a: Drowzee|Psychic|p2a: Hypno
|-resisted|p2a: Hypno
|-damage|p2a: Hypno|273\/318 par
|
|turn|28
|choice|move 2|move 3
|
|move|p2a: Hypno|Thunder Wave|p1a: Drowzee
|-status|p1a: Drowzee|par
|move|p1a: Drowzee|Psychic|p2a: Hypno
|-resisted|p2a: Hypno
|-damage|p2a: Hypno|226\/318 par
|
|turn|29
|choice|move 3|move 1
|
|cant|p2a: Hypno|par
|move|p1a: Drowzee|Rest|p1a: Drowzee
|-status|p1a: Drowzee|slp
|-heal|p1a: Drowzee|310\/310 slp|[silent]
|-status|p1a: Drowzee|slp|[from] move: Rest
|
|turn|30
|choice|move 2|switch 2
|
|switch|p2a: Onix|Onix, L90|246\/246
|cant|p1a: Drowzee|slp
|
|turn|31
|choice|move 2|move 2
|
|move|p2a: Onix|Earthquake|p1a: Drowzee
|-damage|p1a: Drowzee|203\/310 slp
|-curestatus|p1a: Drowzee|slp
|
|turn|32
|choice|move 2|move 2
|
|move|p2a: Onix|Earthquake|p1a: Drowzee
|-damage|p1a: Drowzee|108\/310
|move|p1a: Drowzee|Psychic|p2a: Onix
|-crit|p2a: Onix
|-damage|p2a: Onix|0 fnt
|faint|p2a: Onix
|choice||switch 6
|
|switch|p2a: Tauros|Tauros, L79|280\/280
|turn|33
|choice|move 4|move 4
|
|move|p2a: Tauros|Body Slam|p1a: Drowzee
|-crit|p1a: Drowzee
|-damage|p1a: Drowzee|0 fnt
|faint|p1a: Drowzee
|choice|switch 4|
|
|switch|p1a: Blastoise|Blastoise, L85|308\/308
|turn|34
|choice|move 4|move 4
|
|move|p2a: Tauros|Body Slam|p1a: Blastoise
|-damage|p1a: Blastoise|231\/308
|move|p1a: Blastoise|Blizzard|p2a: Tauros
|-damage|p2a: Tauros|177\/280
|
|turn|35
|choice|move 4|move 4
|
|move|p2a: Tauros|Body Slam|p1a: Blastoise
|-damage|p1a: Blastoise|153\/308
|-status|p1a: Blastoise|par
|cant|p1a: Blastoise|par
|
|turn|36
|choice|move 4|move 4
|
|move|p2a: Tauros|Body Slam|p1a: Blastoise
|-damage|p1a: Blastoise|76\/308 par
|move|p1a: Blastoise|Blizzard|p2a: Tauros|[miss]
|-miss|p1a: Blastoise
|
|turn|37
|choice|move 2|move 4
|
|move|p2a: Tauros|Body Slam|p1a: Blastoise
|-damage|p1a: Blastoise|2\/308 par
|move|p1a: Blastoise|Hyper Beam|p2a: Tauros
|-damage|p2a: Tauros|81\/280
|
|turn|38
|-mustrecharge|p1a: Blastoise
|-mustrecharge|p1a: Blastoise
|choice|move 1|move 3
|
|move|p2a: Tauros|Earthquake|p1a: Blastoise
|-damage|p1a: Blastoise|0 fnt
|faint|p1a: Blastoise
|choice|switch 6|
|
|switch|p1a: Magmar|Magmar, L90|300\/300
|turn|39
|choice|move 3|switch 3
|
|switch|p2a: Omastar|Omastar, L90|309\/309
|move|p1a: Magmar|Fire Blast|p2a: Omastar|[miss]
|-miss|p1a: Magmar
|
|turn|40
|choice|switch 5|move 3
|
|switch|p1a: Vaporeon|Vaporeon, L85|178\/395
|move|p2a: Omastar|Surf|p1a: Vaporeon
|-resisted|p1a: Vaporeon
|-damage|p1a: Vaporeon|123\/395
|
|turn|41
|choice|move 2|move 3
|
|move|p1a: Vaporeon|Rest|p1a: Vaporeon
|-status|p1a: Vaporeon|slp
|-heal|p1a: Vaporeon|395\/395 slp|[silent]
|-status|p1a: Vaporeon|slp|[from] move: Rest
|move|p2a: Omastar|Surf|p1a: Vaporeon
|-crit|p1a: Vaporeon
|-resisted|p1a: Vaporeon
|-damage|p1a: Vaporeon|283\/395 slp
|
|turn|42
|choice|move 4|switch 4
|
|switch|p2a: Muk|Muk, L90|372\/372
|cant|p1a: Vaporeon|slp
|
|turn|43
|choice|move 4|move 3
|
|-curestatus|p1a: Vaporeon|slp
|move|p2a: Muk|Sludge|p1a: Vaporeon
|-damage|p1a: Vaporeon|178\/395
|
|turn|44
|choice|move 4|move 3
|
|move|p1a: Vaporeon|Hydro Pump|p2a: Muk
|-damage|p2a: Muk|219\/372
|move|p2a: Muk|Sludge|p1a: Vaporeon
|-damage|p1a: Vaporeon|69\/395
|
|turn|45
|choice|move 2|move 3
|
|move|p1a: Vaporeon|Rest|p1a: Vaporeon
|-status|p1a: Vaporeon|slp
|-heal|p1a: Vaporeon|395\/395 slp|[silent]
|-status|p1a: Vaporeon|slp|[from] move: Rest
|move|p2a: Muk|Sludge|p1a: Vaporeon
|-damage|p1a: Vaporeon|296\/395 slp
|
|turn|46
|choice|move 4|move 2
|
|cant|p1a: Vaporeon|slp
|move|p2a: Muk|Screech|p1a: Vaporeon
|-unboost|p1a: Vaporeon|def|2
|
|turn|47
|choice|switch 2|move 3
|
|switch|p1a: Graveler|Graveler, L85|267\/267 slp
|move|p2a: Muk|Sludge|p1a: Graveler
|-resisted|p1a: Graveler
|-damage|p1a: Graveler|249\/267 slp
|
|turn|48
|choice|switch 5|switch 3
|
|switch|p2a: Tauros|Tauros, L79|81\/280
|switch|p1a: Magmar|Magmar, L90|300\/300
|
|turn|49
|choice|move 3|switch 4
|
|switch|p2a: Omastar|Omastar, L90|309\/309
|move|p1a: Magmar|Fire Blast|p2a: Omastar|[miss]
|-miss|p1a: Magmar
|
|turn|50
|choice|switch 2|move 3
|
|switch|p1a: Vaporeon|Vaporeon, L85|296\/395 slp
|move|p2a: Omastar|Surf|p1a: Vaporeon
|-crit|p1a: Vaporeon
|-resisted|p1a: Vaporeon
|-damage|p1a: Vaporeon|196\/395 slp
|
|turn|51
|choice|move 4|move 3
|
|-curestatus|p1a: Vaporeon|slp
|move|p2a: Omastar|Surf|p1a: Vaporeon
|-resisted|p1a: Vaporeon
|-damage|p1a: Vaporeon|141\/395
|
|turn|52
|choice|move 4|move 3
|
|move|p1a: Vaporeon|Hydro Pump|p2a: Omastar
|-damage|p2a: Omastar|195\/309
|move|p2a: Omastar|Surf|p1a: Vaporeon
|-resisted|p1a: Vaporeon
|-damage|p1a: Vaporeon|89\/395
|
|turn|53
|choice|move 2|move 3
|
|move|p1a: Vaporeon|Rest|p1a: Vaporeon
|-status|p1a: Vaporeon|slp
|-heal|p1a: Vaporeon|395\/395 slp|[silent]
|-status|p1a: Vaporeon|slp|[from] move: Rest
|move|p2a: Omastar|Surf|p1a: Vaporeon
|-crit|p1a: Vaporeon
|-resisted|p1a: Vaporeon
|-damage|p1a: Vaporeon|294\/395 slp
|
|turn|54
|choice|move 4|switch 4
|
|switch|p2a: Tauros|Tauros, L79|81\/280
|cant|p1a: Vaporeon|slp
|
|turn|55
|choice|move 4|move 4
|
|move|p2a: Tauros|Body Slam|p1a: Vaporeon
|-damage|p1a: Vaporeon|191\/395 slp
|-curestatus|p1a: Vaporeon|slp
|
|turn|56
|choice|move 4|move 2
|
|move|p2a: Tauros|Hyper Beam|p1a: Vaporeon
|-damage|p1a: Vaporeon|19\/395
|move|p1a: Vaporeon|Hydro Pump|p2a: Tauros
|-damage|p2a: Tauros|0 fnt
|faint|p2a: Tauros
|choice||switch 2
|
|switch|p2a: Hypno|Hypno, L85|226\/318 par
|turn|57
|choice|move 2|move 1
|
|move|p1a: Vaporeon|Rest|p1a: Vaporeon
|-status|p1a: Vaporeon|slp
|-heal|p1a: Vaporeon|395\/395 slp|[silent]
|-status|p1a: Vaporeon|slp|[from] move: Rest
|move|p2a: Hypno|Psychic|p1a: Vaporeon
|-damage|p1a: Vaporeon|295\/395 slp
|-unboost|p1a: Vaporeon|spd|1
|-unboost|p1a: Vaporeon|spa|1
|
|turn|58
|choice|switch 2|move 1
|
|switch|p1a: Magmar|Magmar, L90|300\/300
|move|p2a: Hypno|Psychic|p1a: Magmar
|-damage|p1a: Magmar|200\/300
|
|turn|59
|choice|switch 5|move 3
|
|switch|p1a: Graveler|Graveler, L85|249\/267 slp
|move|p2a: Hypno|Thunder Wave|p1a: Graveler
|-immune|p1a: Graveler|[msg]
|
|turn|60
|choice|move 2|move 1
|
|cant|p1a: Graveler|slp
|move|p2a: Hypno|Psychic|p1a: Graveler
|-damage|p1a: Graveler|81\/267 slp
|
|turn|61
|choice|switch 2|move 1
|
|switch|p1a: Vaporeon|Vaporeon, L85|295\/395 slp
|move|p2a: Hypno|Psychic|p1a: Vaporeon
|-damage|p1a: Vaporeon|203\/395 slp
|
|turn|62
|choice|move 4|move 1
|
|cant|p1a: Vaporeon|slp
|move|p2a: Hypno|Psychic|p1a: Vaporeon
|-damage|p1a: Vaporeon|107\/395 slp
|-unboost|p1a: Vaporeon|spd|1
|-unboost|p1a: Vaporeon|spa|1
|
|turn|63
|choice|switch 5|move 1
|
|switch|p1a: Magmar|Magmar, L90|200\/300
|cant|p2a: Hypno|par
|
|turn|64
|choice|move 3|move 1
|
|move|p1a: Magmar|Fire Blast|p2a: Hypno
|-damage|p2a: Hypno|105\/318 par
|move|p2a: Hypno|Psychic|p1a: Magmar
|-damage|p1a: Magmar|98\/300
|
|turn|65
|choice|move 3|move 3
|
|move|p1a: Magmar|Fire Blast|p2a: Hypno|[miss]
|-miss|p1a: Magmar
|move|p2a: Hypno|Thunder Wave|p1a: Magmar
|-status|p1a: Magmar|par
|
|turn|66
|choice|move 3|switch 4
|
|switch|p2a: Omastar|Omastar, L90|195\/309
|cant|p1a: Magmar|par
|
|turn|67
|choice|switch 2|move 3
|
|switch|p1a: Graveler|Graveler, L85|81\/267 slp
|move|p2a: Omastar|Surf|p1a: Graveler
|-supereffective|p1a: Graveler
|-damage|p1a: Graveler|0 fnt
|faint|p1a: Graveler
|choice|switch 5|
|
|switch|p1a: Vaporeon|Vaporeon, L85|107\/395 slp
|turn|68
|choice|move 2|move 3
|
|-curestatus|p1a: Vaporeon|slp
|move|p2a: Omastar|Surf|p1a: Vaporeon
|-resisted|p1a: Vaporeon
|-damage|p1a: Vaporeon|52\/395
|
|turn|69
|choice|move 2|move 3
|
|move|p1a: Vaporeon|Rest|p1a: Vaporeon
|-status|p1a: Vaporeon|slp
|-heal|p1a: Vaporeon|395\/395 slp|[silent]
|-status|p1a: Vaporeon|slp|[from] move: Rest
|move|p2a: Omastar|Surf|p1a: Vaporeon
|-resisted|p1a: Vaporeon
|-damage|p1a: Vaporeon|342\/395 slp
|
|turn|70
|choice|move 4|switch 4
|
|switch|p2a: Hypno|Hypno, L85|105\/318 par
|cant|p1a: Vaporeon|slp
|
|turn|71
|choice|move 4|move 2
|
|-curestatus|p1a: Vaporeon|slp
|move|p2a: Hypno|Rest|p2a: Hypno
|-status|p2a: Hypno|slp
|-heal|p2a: Hypno|318\/318 slp|[silent]
|-status|p2a: Hypno|slp|[from] move: Rest
|
|turn|72
|choice|move 1|move 2
|
|move|p1a: Vaporeon|Mimic|p2a: Hypno
|-start|p1a: Vaporeon|Mimic|Psychic
|cant|p2a: Hypno|slp
|
|turn|73
|choice|move 1|move 4
|
|move|p1a: Vaporeon|Psychic|p2a: Hypno
|-resisted|p2a: Hypno
|-damage|p2a: Hypno|288\/318 slp
|-curestatus|p2a: Hypno|slp
|
|turn|74
|choice|move 1|move 4
|
|move|p1a: Vaporeon|Psychic|p2a: Hypno
|-resisted|p2a: Hypno
|-damage|p2a: Hypno|259\/318
|move|p2a: Hypno|Hypnosis|p1a: Vaporeon
|-status|p1a: Vaporeon|slp
|
|turn|75
|choice|move 1|move 1
|
|cant|p1a: Vaporeon|slp
|move|p2a: Hypno|Psychic|p1a: Vaporeon
|-damage|p1a: Vaporeon|251\/395 slp
|
|turn|76
|choice|move 4|move 1
|
|-curestatus|p1a: Vaporeon|slp
|move|p2a: Hypno|Psychic|p1a: Vaporeon
|-crit|p1a: Vaporeon
|-damage|p1a: Vaporeon|80\/395
|-unboost|p1a: Vaporeon|spd|1
|-unboost|p1a: Vaporeon|spa|1
|
|turn|77
|choice|switch 2|move 1
|
|switch|p1a: Magmar|Magmar, L90|98\/300 par
|move|p2a: Hypno|Psychic|p1a: Magmar
|-damage|p1a: Magmar|0 fnt
|faint|p1a: Magmar
|choice|switch 2|
|
|switch|p1a: Vaporeon|Vaporeon, L85|80\/395
|turn|78
|choice|move 2|move 3
|
|move|p1a: Vaporeon|Rest|p1a: Vaporeon
|-status|p1a: Vaporeon|slp
|-heal|p1a: Vaporeon|395\/395 slp|[silent]
|-status|p1a: Vaporeon|slp|[from] move: Rest
|move|p2a: Hypno|Thunder Wave|p1a: Vaporeon
|-fail|p1a: Vaporeon
|
|turn|79
|choice|move 4|move 1
|
|cant|p1a: Vaporeon|slp
|move|p2a: Hypno|Psychic|p1a: Vaporeon
|-damage|p1a: Vaporeon|307\/395 slp
|
|turn|80
|choice|move 1|move 1
|
|-curestatus|p1a: Vaporeon|slp
|move|p2a: Hypno|Psychic|p1a: Vaporeon|[miss]
|-miss|p2a: Hypno
|
|turn|81
|choice|move 1|move 4
|
|move|p1a: Vaporeon|Mimic|p2a: Hypno
|-start|p1a: Vaporeon|Mimic|Thunder Wave
|move|p2a: Hypno|Hypnosis|p1a: Vaporeon
|-status|p1a: Vaporeon|slp
|
|turn|82
|choice|move 1|switch 3
|
|switch|p2a: Muk|Muk, L90|219\/372
|cant|p1a: Vaporeon|slp
|
|turn|83
|choice|move 4|move 3
|
|-curestatus|p1a: Vaporeon|slp
|move|p2a: Muk|Sludge|p1a: Vaporeon|[miss]
|-miss|p2a: Muk
|
|turn|84
|choice|move 4|move 1
|
|move|p1a: Vaporeon|Hydro Pump|p2a: Muk
|-damage|p2a: Muk|56\/372
|move|p2a: Muk|Explosion|p1a: Vaporeon
|-damage|p1a: Vaporeon|0 fnt
|faint|p1a: Vaporeon
|faint|p2a: Muk
|
|win|MALESANI
|raw|EeveetoTheH4x0r's rating: 1206 &rarr; <strong>1191<\/strong><br \/>(-15 for losing)
|raw|MALESANI's rating: 1351 &rarr; <strong>1363<\/strong><br \/>(+12 for winning)