|j|MALESANI
|j|26thBaam
|player|p1|MALESANI|238
|player|p2|26thBaam|102
|gametype|singles
|gen|1
|tier|[Gen 1] Random Battle
|rated
|seed|29837,58873,1806,6985
|rule|Sleep Clause Mod: Limit one foe put to sleep
|rule|Freeze Clause Mod: Limit one foe frozen
|rule|HP Percentage Mod: HP is shown in percentages
|
|start
|switch|p1a: Haunter|Haunter, L85|250\/250
|switch|p2a: Clefable|Clefable, L85|335\/335
|turn|1
|choice|move 3|move 2
|
|move|p1a: Haunter|Psychic|p2a: Clefable
|-damage|p2a: Clefable|267\/335
|-unboost|p2a: Clefable|spd|1
|-unboost|p2a: Clefable|spa|1
|move|p2a: Clefable|Thunderbolt|p1a: Haunter
|-damage|p1a: Haunter|216\/250
|
|turn|2
|choice|move 3|move 1
|
|move|p1a: Haunter|Psychic|p2a: Clefable
|-damage|p2a: Clefable|153\/335
|-unboost|p2a: Clefable|spd|1
|-unboost|p2a: Clefable|spa|1
|move|p2a: Clefable|Blizzard|p1a: Haunter
|-damage|p1a: Haunter|182\/250
|
|turn|3
|choice|move 3|switch 6
|
|switch|p2a: Nidoqueen|Nidoqueen, L85|327\/327
|move|p1a: Haunter|Psychic|p2a: Nidoqueen
|-supereffective|p2a: Nidoqueen
|-damage|p2a: Nidoqueen|171\/327
|
|turn|4
|choice|switch 5|move 1
|
|switch|p1a: Pidgeotto|Pidgeotto, L90|297\/297
|move|p2a: Nidoqueen|Earthquake|p1a: Pidgeotto
|-immune|p1a: Pidgeotto|[msg]
|
|turn|5
|choice|move 1|move 3
|
|move|p1a: Pidgeotto|Double-Edge|p2a: Nidoqueen
|-damage|p2a: Nidoqueen|80\/327
|-damage|p1a: Pidgeotto|275\/297|[from] recoil|[of] p2a: Nidoqueen
|move|p2a: Nidoqueen|Thunder|p1a: Pidgeotto
|-supereffective|p1a: Pidgeotto
|-damage|p1a: Pidgeotto|89\/297
|-status|p1a: Pidgeotto|par
|
|turn|6
|choice|move 1|move 2
|
|move|p2a: Nidoqueen|Blizzard|p1a: Pidgeotto|[miss]
|-miss|p2a: Nidoqueen
|move|p1a: Pidgeotto|Double-Edge|p2a: Nidoqueen
|-damage|p2a: Nidoqueen|0 fnt
|-damage|p1a: Pidgeotto|69\/297 par|[from] recoil|[of] p2a: Nidoqueen
|faint|p2a: Nidoqueen
|choice||switch 6
|
|switch|p2a: Clefable|Clefable, L85|153\/335
|turn|7
|choice|move 1|move 2
|
|move|p2a: Clefable|Thunderbolt|p1a: Pidgeotto
|-supereffective|p1a: Pidgeotto
|-damage|p1a: Pidgeotto|0 fnt
|faint|p1a: Pidgeotto
|choice|switch 3|
|
|switch|p1a: Machamp|Machamp, L90|345\/345
|turn|8
|choice|move 3|switch 2
|
|switch|p2a: Ninetales|Ninetales, L85|298\/298
|move|p1a: Machamp|Submission|p2a: Ninetales|[miss]
|-miss|p1a: Machamp
|
|turn|9
|choice|move 2|move 2
|
|move|p2a: Ninetales|Confuse Ray|p1a: Machamp
|-start|p1a: Machamp|confusion
|-activate|p1a: Machamp|confusion
|-damage|p1a: Machamp|301\/345|[from] confusion
|
|turn|10
|choice|move 2|move 1
|
|move|p2a: Ninetales|Fire Blast|p1a: Machamp
|-damage|p1a: Machamp|161\/345
|-status|p1a: Machamp|brn
|-activate|p1a: Machamp|confusion
|move|p1a: Machamp|Earthquake|p2a: Ninetales
|-crit|p2a: Ninetales
|-supereffective|p2a: Ninetales
|-damage|p2a: Ninetales|0 fnt
|faint|p2a: Ninetales
|choice||switch 5
|
|switch|p2a: Tauros|Tauros, L79|280\/280
|turn|11
|choice|move 3|move 2
|
|move|p2a: Tauros|Hyper Beam|p1a: Machamp
|-damage|p1a: Machamp|25\/345 brn
|-end|p1a: Machamp|confusion
|move|p1a: Machamp|Submission|p2a: Tauros|[miss]
|-miss|p1a: Machamp
|-damage|p1a: Machamp|4\/345 brn|[from] brn|[of] p2a: Tauros
|
|turn|12
|-mustrecharge|p2a: Tauros
|-mustrecharge|p2a: Tauros
|choice|move 3|move 1
|
|cant|p2a: Tauros|recharge
|move|p1a: Machamp|Submission|p2a: Tauros
|-supereffective|p2a: Tauros
|-damage|p2a: Tauros|151\/280
|-damage|p1a: Machamp|0 fnt|[from] recoil|[of] p2a: Tauros
|faint|p1a: Machamp
|c|★26thBaam|fack
|choice|switch 6|
|
|switch|p1a: Electrode|Electrode, L90|291\/291
|turn|13
|choice|move 2|move 1
|
|move|p1a: Electrode|Thunder|p2a: Tauros
|-damage|p2a: Tauros|0 fnt
|faint|p2a: Tauros
|choice||switch 2
|
|switch|p2a: Clefable|Clefable, L85|153\/335
|turn|14
|choice|move 2|move 1
|
|move|p1a: Electrode|Thunder|p2a: Clefable
|-damage|p2a: Clefable|23\/335
|move|p2a: Clefable|Blizzard|p1a: Electrode
|-crit|p1a: Electrode
|-damage|p1a: Electrode|143\/291
|
|turn|15
|choice|move 2|move 4
|
|move|p1a: Electrode|Thunder|p2a: Clefable|[miss]
|-miss|p1a: Electrode
|move|p2a: Clefable|Hyper Beam|p1a: Electrode
|-crit|p1a: Electrode
|-damage|p1a: Electrode|0 fnt
|faint|p1a: Electrode
|c|★26thBaam|luck~
|choice|switch 4|
|
|switch|p1a: Raticate|Raticate, L85|267\/267
|turn|16
|c|★26thBaam|I'm still fuked
|c|★MALESANI|it's ok
|choice|move 2|move 4
|
|move|p1a: Raticate|Body Slam|p2a: Clefable
|-damage|p2a: Clefable|0 fnt
|faint|p2a: Clefable
|choice||switch 4
|
|switch|p2a: Primeape|Primeape, L90|300\/300
|turn|17
|choice|switch 5|move 1
|
|switch|p1a: Haunter|Haunter, L85|182\/250
|move|p2a: Primeape|Rock Slide|p1a: Haunter|[miss]
|-miss|p2a: Primeape
|
|turn|18
|choice|move 3|move 1
|
|move|p2a: Primeape|Rock Slide|p1a: Haunter
|-damage|p1a: Haunter|82\/250
|move|p1a: Haunter|Psychic|p2a: Primeape
|-supereffective|p2a: Primeape
|-damage|p2a: Primeape|135\/300
|-unboost|p2a: Primeape|spd|1
|-unboost|p2a: Primeape|spa|1
|
|turn|19
|c|★26thBaam|damn
|c|★26thBaam|I saw it coming
|c|★26thBaam|that's just bad luck
|choice|switch 2|move 1
|
|switch|p1a: Squirtle|Squirtle, L96|279\/279
|move|p2a: Primeape|Rock Slide|p1a: Squirtle|[miss]
|-miss|p2a: Primeape
|
|turn|20
|choice|move 1|switch 3
|
|switch|p2a: Parasect|Parasect, L90|291\/291
|move|p1a: Squirtle|Surf|p2a: Parasect
|-resisted|p2a: Parasect
|-damage|p2a: Parasect|244\/291
|
|turn|21
|choice|move 2|move 4
|
|move|p1a: Squirtle|Blizzard|p2a: Parasect|[miss]
|-miss|p1a: Squirtle
|move|p2a: Parasect|Spore|p1a: Squirtle
|-status|p1a: Squirtle|slp
|
|turn|22
|choice|switch 2|move 3
|
|switch|p1a: Haunter|Haunter, L85|82\/250
|move|p2a: Parasect|Slash|p1a: Haunter
|-immune|p1a: Haunter|[msg]
|
|turn|23
|choice|move 3|move 1
|
|move|p1a: Haunter|Psychic|p2a: Parasect
|-damage|p2a: Parasect|177\/291
|move|p2a: Parasect|Body Slam|p1a: Haunter
|-immune|p1a: Haunter|[msg]
|
|turn|24
|choice|move 3|move 3
|
|move|p1a: Haunter|Psychic|p2a: Parasect
|-damage|p2a: Parasect|99\/291
|move|p2a: Parasect|Slash|p1a: Haunter
|-immune|p1a: Haunter|[msg]
|
|turn|25
|c|★26thBaam|All I can do is let parsecs die lol
|choice|move 3|move 1
|
|move|p1a: Haunter|Psychic|p2a: Parasect
|-damage|p2a: Parasect|21\/291
|-unboost|p2a: Parasect|spd|1
|-unboost|p2a: Parasect|spa|1
|move|p2a: Parasect|Body Slam|p1a: Haunter
|-immune|p1a: Haunter|[msg]
|
|turn|26
|c|★26thBaam|that rock slide missing lost it for meh
|choice|move 3|move 3
|
|move|p1a: Haunter|Psychic|p2a: Parasect
|-damage|p2a: Parasect|0 fnt
|faint|p2a: Parasect
|c|★MALESANI|i know
|choice||switch 3
|
|switch|p2a: Primeape|Primeape, L90|135\/300
|turn|27
|choice|move 4|move 1
|
|move|p2a: Primeape|Rock Slide|p1a: Haunter
|-damage|p1a: Haunter|0 fnt
|faint|p1a: Haunter
|choice|switch 5|
|
|switch|p1a: Raticate|Raticate, L85|267\/267
|turn|28
|choice|move 4|move 3
|
|move|p2a: Primeape|Submission|p1a: Raticate
|-supereffective|p1a: Raticate
|-damage|p1a: Raticate|18\/267
|-damage|p2a: Primeape|73\/300|[from] recoil|[of] p1a: Raticate
|move|p1a: Raticate|Hyper Beam|p2a: Primeape
|-damage|p2a: Primeape|0 fnt
|faint|p2a: Primeape
|
|win|MALESANI
|player|p1
|player|p2
|raw|MALESANI's rating: 1359 &rarr; <strong>1373<\/strong><br \/>(+14 for winning)
|raw|26thBaam's rating: 1252 &rarr; <strong>1234<\/strong><br \/>(-18 for losing)
|c|★26thBaam|shitttt
|c|★26thBaam|that sucks
|c|★26thBaam|gg
|l|26thBaam