|join|tr0m
|join|Hawkeyeone
|player|p1|tr0m|1
|player|p2|Hawkeyeone|161
|gametype|singles
|gen|1
|tier|[Gen 1] OU
|rated
|seed|32136,20219,46179,43588
|rule|Sleep Clause Mod: Limit one foe put to sleep
|rule|Freeze Clause Mod: Limit one foe frozen
|rule|Species Clause: Limit one of each Pokémon
|rule|OHKO Clause: OHKO moves are banned
|rule|Evasion Moves Clause: Evasion moves are banned
|rule|HP Percentage Mod: HP is shown in percentages
|
|start
|switch|p1a: Jolteon|Jolteon|333\/333
|switch|p2a: Clefable|Clefable|393\/393
|turn|1
|choice|move 1|move 1
|
|move|p1a: Jolteon|Thunderbolt|p2a: Clefable
|-damage|p2a: Clefable|259\/393
|move|p2a: Clefable|Thunder Wave|p1a: Jolteon
|-status|p1a: Jolteon|par
|
|turn|2
|choice|move 1|move 3
|
|move|p2a: Clefable|Ice Beam|p1a: Jolteon
|-damage|p1a: Jolteon|266\/333 par
|move|p1a: Jolteon|Thunderbolt|p2a: Clefable
|-damage|p2a: Clefable|118\/393
|
|turn|3
|choice|move 1|switch 3
|
|switch|p2a: Rhydon|Rhydon|413\/413
|move|p1a: Jolteon|Thunderbolt|p2a: Rhydon
|-immune|p2a: Rhydon|[msg]
|
|turn|4
|choice|switch 5|switch 3
|
|switch|p2a: Clefable|Clefable|118\/393
|switch|p1a: Exeggutor|Exeggutor|393\/393
|
|turn|5
|choice|switch 5|move 1
|
|switch|p1a: Jolteon|Jolteon|266\/333 par
|move|p2a: Clefable|Thunder Wave|p1a: Jolteon
|-fail|p1a: Jolteon|par
|
|turn|6
|choice|switch 5|switch 3
|
|switch|p2a: Rhydon|Rhydon|413\/413
|switch|p1a: Exeggutor|Exeggutor|393\/393
|
|turn|7
|choice|move 1|switch 3
|
|switch|p2a: Clefable|Clefable|118\/393
|move|p1a: Exeggutor|Sleep Powder|p2a: Clefable
|-status|p2a: Clefable|slp
|
|turn|8
|choice|move 2|switch 4
|
|switch|p2a: Starmie|Starmie|323\/323
|move|p1a: Exeggutor|Psychic|p2a: Starmie
|-resisted|p2a: Starmie
|-damage|p2a: Starmie|264\/323
|
|turn|9
|choice|move 3|move 3
|
|move|p2a: Starmie|Blizzard|p1a: Exeggutor
|-supereffective|p1a: Exeggutor
|-damage|p1a: Exeggutor|232\/393
|move|p1a: Exeggutor|Explosion|p2a: Starmie
|-damage|p2a: Starmie|0 fnt
|faint|p2a: Starmie
|faint|p1a: Exeggutor
|choice|switch 4|switch 3
|
|switch|p2a: Rhydon|Rhydon|413\/413
|switch|p1a: Snorlax|Snorlax|523\/523
|turn|10
|choice|move 3|move 3
|
|move|p2a: Rhydon|Substitute|p2a: Rhydon
|-start|p2a: Rhydon|Substitute
|-damage|p2a: Rhydon|310\/413
|move|p1a: Snorlax|Blizzard|p2a: Rhydon
|-supereffective|p2a: Rhydon
|-end|p2a: Rhydon|Substitute
|
|turn|11
|choice|move 3|move 1
|
|move|p2a: Rhydon|Earthquake|p1a: Snorlax
|-damage|p1a: Snorlax|324\/523
|move|p1a: Snorlax|Blizzard|p2a: Rhydon
|-supereffective|p2a: Rhydon
|-damage|p2a: Rhydon|69\/413
|
|turn|12
|choice|move 2|move 1
|
|move|p2a: Rhydon|Earthquake|p1a: Snorlax
|-damage|p1a: Snorlax|134\/523
|move|p1a: Snorlax|Counter|p2a: Rhydon
|-fail|p1a: Snorlax
|
|turn|13
|choice|move 3|move 1
|
|move|p2a: Rhydon|Earthquake|p1a: Snorlax
|-damage|p1a: Snorlax|0 fnt
|faint|p1a: Snorlax
|choice|switch 3|
|
|switch|p1a: Chansey|Chansey|703\/703
|turn|14
|choice|move 1|switch 4
|
|switch|p2a: Clefable|Clefable|118\/393 slp
|move|p1a: Chansey|Ice Beam|p2a: Clefable
|-damage|p2a: Clefable|27\/393 slp
|
|turn|15
|choice|switch 2|move 3
|
|switch|p1a: Tauros|Tauros|353\/353
|cant|p2a: Clefable|slp
|
|turn|16
|choice|move 3|move 3
|
|move|p1a: Tauros|Body Slam|p2a: Clefable
|-damage|p2a: Clefable|0 fnt
|faint|p2a: Clefable
|choice||switch 6
|
|switch|p2a: Venusaur|Venusaur|363\/363
|turn|17
|choice|switch 5|move 2
|
|switch|p1a: Jolteon|Jolteon|266\/333 par
|move|p2a: Venusaur|Sleep Powder|p1a: Jolteon
|-fail|p1a: Jolteon
|
|turn|18
|choice|move 3|switch 4
|
|switch|p2a: Rhydon|Rhydon|69\/413
|move|p1a: Jolteon|Pin Missile|p2a: Rhydon
|-damage|p2a: Rhydon|62\/413
|-damage|p2a: Rhydon|55\/413
|-damage|p2a: Rhydon|48\/413
|-hitcount|p2a: Rhydon|3
|
|turn|19
|choice|switch 2|move 1
|
|switch|p1a: Chansey|Chansey|703\/703
|move|p2a: Rhydon|Earthquake|p1a: Chansey
|-damage|p1a: Chansey|319\/703
|
|turn|20
|choice|move 1|move 1
|
|move|p1a: Chansey|Ice Beam|p2a: Rhydon
|-supereffective|p2a: Rhydon
|-damage|p2a: Rhydon|0 fnt
|faint|p2a: Rhydon
|choice||switch 5
|
|switch|p2a: Persian|Persian|333\/333
|turn|21
|choice|move 3|move 1
|
|move|p2a: Persian|Slash|p1a: Chansey
|-crit|p1a: Chansey
|-damage|p1a: Chansey|0 fnt
|faint|p1a: Chansey
|choice|switch 2|
|
|switch|p1a: Jolteon|Jolteon|266\/333 par
|turn|22
|choice|move 2|switch 2
|
|switch|p2a: Dugtrio|Dugtrio|273\/273
|move|p1a: Jolteon|Thunder Wave|p2a: Dugtrio
|-immune|p2a: Dugtrio|[msg]
|
|turn|23
|choice|move 4|move 3
|
|move|p2a: Dugtrio|Substitute|p2a: Dugtrio
|-start|p2a: Dugtrio|Substitute
|-damage|p2a: Dugtrio|205\/273
|move|p1a: Jolteon|Double Kick|p2a: Dugtrio
|-activate|p2a: Dugtrio|Substitute|[damage]
|-activate|p2a: Dugtrio|Substitute|[damage]
|-hitcount|p2a: Dugtrio|2
|
|turn|24
|choice|move 4|move 2
|
|move|p2a: Dugtrio|Earthquake|p1a: Jolteon
|-supereffective|p1a: Jolteon
|-damage|p1a: Jolteon|0 fnt
|faint|p1a: Jolteon
|c|★tr0m|gg
|choice|switch 5|
|
|switch|p1a: Tauros|Tauros|353\/353
|turn|25
|c|★Hawkeyeone|gg
|choice|move 3|move 2
|
|move|p2a: Dugtrio|Earthquake|p1a: Tauros
|-damage|p1a: Tauros|251\/353
|move|p1a: Tauros|Body Slam|p2a: Dugtrio
|-end|p2a: Dugtrio|Substitute
|
|turn|26
|choice|move 2|move 2
|
|move|p2a: Dugtrio|Earthquake|p1a: Tauros
|-damage|p1a: Tauros|141\/353
|move|p1a: Tauros|Blizzard|p2a: Dugtrio
|-supereffective|p2a: Dugtrio
|-damage|p2a: Dugtrio|25\/273
|
|turn|27
|choice|move 3|move 2
|
|move|p2a: Dugtrio|Earthquake|p1a: Tauros
|-damage|p1a: Tauros|36\/353
|move|p1a: Tauros|Body Slam|p2a: Dugtrio
|-damage|p2a: Dugtrio|0 fnt
|faint|p2a: Dugtrio
|choice||switch 2
|
|switch|p2a: Persian|Persian|333\/333
|turn|28
|choice|move 1|move 1
|
|move|p2a: Persian|Slash|p1a: Tauros
|-crit|p1a: Tauros
|-damage|p1a: Tauros|0 fnt
|faint|p1a: Tauros
|choice|switch 6|
|
|switch|p1a: Pls no T-Bolt Crit|Slowbro|393\/393
|turn|29
|choice|move 3|move 1
|
|move|p2a: Persian|Slash|p1a: Pls no T-Bolt Crit
|-crit|p1a: Pls no T-Bolt Crit
|-damage|p1a: Pls no T-Bolt Crit|268\/393
|move|p1a: Pls no T-Bolt Crit|Thunder Wave|p2a: Persian
|-status|p2a: Persian|par
|
|turn|30
|choice|move 2|move 1
|
|move|p1a: Pls no T-Bolt Crit|Amnesia|p1a: Pls no T-Bolt Crit
|-boost|p1a: Pls no T-Bolt Crit|spd|2
|-boost|p1a: Pls no T-Bolt Crit|spa|2
|cant|p2a: Persian|par
|
|turn|31
|choice|move 2|move 1
|
|move|p1a: Pls no T-Bolt Crit|Amnesia|p1a: Pls no T-Bolt Crit
|-boost|p1a: Pls no T-Bolt Crit|spd|2
|-boost|p1a: Pls no T-Bolt Crit|spa|2
|move|p2a: Persian|Slash|p1a: Pls no T-Bolt Crit
|-crit|p1a: Pls no T-Bolt Crit
|-damage|p1a: Pls no T-Bolt Crit|142\/393
|
|turn|32
|choice|move 2|move 1
|
|move|p1a: Pls no T-Bolt Crit|Amnesia|p1a: Pls no T-Bolt Crit
|-boost|p1a: Pls no T-Bolt Crit|spd|2
|-boost|p1a: Pls no T-Bolt Crit|spa|2
|move|p2a: Persian|Slash|p1a: Pls no T-Bolt Crit
|-crit|p1a: Pls no T-Bolt Crit
|-damage|p1a: Pls no T-Bolt Crit|18\/393
|
|turn|33
|choice|move 4|move 1
|
|move|p1a: Pls no T-Bolt Crit|Rest|p1a: Pls no T-Bolt Crit
|-status|p1a: Pls no T-Bolt Crit|slp
|-heal|p1a: Pls no T-Bolt Crit|393\/393 slp|[silent]
|-status|p1a: Pls no T-Bolt Crit|slp|[from] move: Rest
|cant|p2a: Persian|par
|
|turn|34
|choice|move 1|switch 4
|
|switch|p2a: Venusaur|Venusaur|363\/363
|cant|p1a: Pls no T-Bolt Crit|slp
|
|turn|35
|choice|move 1|move 1
|
|move|p2a: Venusaur|Razor Leaf|p1a: Pls no T-Bolt Crit
|-crit|p1a: Pls no T-Bolt Crit
|-supereffective|p1a: Pls no T-Bolt Crit
|-damage|p1a: Pls no T-Bolt Crit|80\/393 slp
|-curestatus|p1a: Pls no T-Bolt Crit|slp
|
|turn|36
|choice|move 1|move 1
|
|move|p2a: Venusaur|Razor Leaf|p1a: Pls no T-Bolt Crit
|-crit|p1a: Pls no T-Bolt Crit
|-supereffective|p1a: Pls no T-Bolt Crit
|-damage|p1a: Pls no T-Bolt Crit|0 fnt
|faint|p1a: Pls no T-Bolt Crit
|
|win|Hawkeyeone
|leave|tr0m
|player|p1
|raw|tr0m's rating: 1387 &rarr; <strong>1354<\/strong><br \/>(-33 for losing)
|raw|Hawkeyeone's rating: 1132 &rarr; <strong>1173<\/strong><br \/>(+41 for winning)