|join|Airfoil
|join|g95819
|player|p1|Airfoil|169
|player|p2|g95819|237
|gametype|singles
|gen|1
|tier|[Gen 1] OU (beta)
|rated
|rule|Sleep Clause Mod: Limit one foe put to sleep
|rule|Species Clause: Limit one of each Pokemon
|rule|OHKO Clause: OHKO moves are banned
|rule|Moody Clause: Moody is banned
|rule|Evasion Moves Clause: Evasion moves are banned
|rule|Endless Battle Clause: Forcing endless battles is banned.
|rule|HP Percentage Mod: HP is reported as percentages
|
|start
|switch|p1a: Gengar|Gengar|323\/323
|switch|p2a: 95819|Gengar|323\/323
|turn|1
|
|move|p1a: Gengar|Hypnosis|p2a: 95819|[miss]
|-miss|p1a: Gengar
|move|p2a: 95819|Psychic|p1a: Gengar
|-crit|p1a: Gengar
|-supereffective|p1a: Gengar
|-damage|p1a: Gengar|56\/323
|-unboost|p1a: Gengar|spd|1
|-unboost|p1a: Gengar|spa|1
|
|turn|2
|chat|Airfoil|Miss, Crit, AND Special drop
|chat|Airfoil|Problem my unluckiest turn today *-*
|
|move|p2a: 95819|Thunderbolt|p1a: Gengar
|-damage|p1a: Gengar|0 fnt
|faint|p1a: Gengar
|
|
|switch|p1a: Golem|Golem|363\/363
|turn|3
|
|switch|p2a: 95819|Exeggutor|393\/393
|move|p1a: Golem|Earthquake|p2a: 95819
|-crit|p2a: 95819
|-resisted|p2a: 95819
|-damage|p2a: 95819|247\/393
|
|turn|4
|
|switch|p1a: Venusaur|Venusaur|363\/363
|move|p2a: 95819|Psychic|p1a: Venusaur
|-supereffective|p1a: Venusaur
|-damage|p1a: Venusaur|134\/363
|
|turn|5
|
|move|p1a: Venusaur|Sleep Powder|p2a: 95819
|-status|p2a: 95819|slp
|cant|p2a: 95819|slp
|
|turn|6
|
|move|p1a: Venusaur|Body Slam|p2a: 95819
|-damage|p2a: 95819|187\/393 slp
|cant|p2a: 95819|slp
|
|turn|7
|
|switch|p1a: Lapras|Lapras|463\/463
|switch|p2a: 95819|Gengar|323\/323
|
|turn|8
|
|switch|p1a: Golem|Golem|363\/363
|move|p2a: 95819|Hypnosis|p1a: Golem
|-status|p1a: Golem|slp
|
|turn|9
|
|move|p2a: 95819|Psychic|p1a: Golem
|-crit|p1a: Golem
|-damage|p1a: Golem|121\/363 slp
|-unboost|p1a: Golem|spd|1
|-unboost|p1a: Golem|spa|1
|cant|p1a: Golem|slp
|
|turn|10
|
|switch|p1a: Venusaur|Venusaur|134\/363
|move|p2a: 95819|Psychic|p1a: Venusaur
|-supereffective|p1a: Venusaur
|-damage|p1a: Venusaur|0 fnt
|faint|p1a: Venusaur
|
|
|switch|p1a: Snorlax|Snorlax|523\/523
|turn|11
|
|switch|p2a: 95819|Exeggutor|187\/393 slp
|move|p1a: Snorlax|Body Slam|p2a: 95819
|-damage|p2a: 95819|60\/393 slp
|
|turn|12
|
|cant|p2a: 95819|slp
|move|p1a: Snorlax|Body Slam|p2a: 95819
|-damage|p2a: 95819|0 fnt
|faint|p2a: 95819
|
|
|switch|p2a: 95819|Alakazam|313\/313
|turn|13
|
|move|p2a: 95819|Reflect|p2a: 95819
|move|p1a: Snorlax|Body Slam|p2a: 95819
|-damage|p2a: 95819|223\/313
|
|turn|14
|
|move|p2a: 95819|Thunder Wave|p1a: Snorlax
|-status|p1a: Snorlax|par
|cant|p1a: Snorlax|par
|
|turn|15
|
|move|p2a: 95819|Psychic|p1a: Snorlax
|-crit|p1a: Snorlax
|-damage|p1a: Snorlax|181\/523 par
|-unboost|p1a: Snorlax|spd|1
|-unboost|p1a: Snorlax|spa|1
|cant|p1a: Snorlax|par
|
|turn|16
|chat|Airfoil|Well I guess THAT has my origional unluckiest turn beat *-*
|
|move|p2a: 95819|Psychic|p1a: Snorlax
|-damage|p1a: Snorlax|0 fnt
|faint|p1a: Snorlax
|
|chat|g95819|dat luck
|
|switch|p1a: Raichu|Raichu|323\/323
|turn|17
|chat|Airfoil|I've had worse
|
|move|p2a: 95819|Thunder Wave|p1a: Raichu
|-status|p1a: Raichu|par
|move|p1a: Raichu|Thunder Wave|p2a: 95819
|-status|p2a: 95819|par
|
|turn|18
|chat|Airfoil|Its worth noting that this is only my third battle today, so I WILL have worse
|
|move|p2a: 95819|Psychic|p1a: Raichu
|-crit|p1a: Raichu
|-damage|p1a: Raichu|57\/323 par
|move|p1a: Raichu|Body Slam|p2a: 95819
|-damage|p2a: 95819|171\/313 par
|
|turn|19
|
|move|p2a: 95819|Recover|p2a: 95819
|-heal|p2a: 95819|313\/313 par
|cant|p1a: Raichu|par
|
|turn|20
|
|cant|p2a: 95819|par
|move|p1a: Raichu|Body Slam|p2a: 95819
|-crit|p2a: 95819
|-damage|p2a: 95819|212\/313 par
|
|turn|21
|
|move|p2a: 95819|Psychic|p1a: Raichu
|-damage|p1a: Raichu|0 fnt
|faint|p1a: Raichu
|
|
|switch|p1a: Lapras|Lapras|463\/463
|turn|22
|
|move|p1a: Lapras|Confuse Ray|p2a: 95819
|-start|p2a: 95819|confusion
|-activate|p2a: 95819|confusion
|move|p2a: 95819|Thunder Wave|p1a: Lapras
|-status|p1a: Lapras|par
|
|turn|23
|
|-activate|p2a: 95819|confusion
|-damage|p2a: 95819|194\/313 par|[from] confusion
|move|p1a: Lapras|Blizzard|p2a: 95819
|-damage|p2a: 95819|88\/313 par
|
|turn|24
|
|-end|p2a: 95819|confusion
|move|p2a: 95819|Recover|p2a: 95819
|-heal|p2a: 95819|244\/313 par
|cant|p1a: Lapras|par
|
|turn|25
|
|move|p2a: 95819|Psychic|p1a: Lapras
|-damage|p1a: Lapras|337\/463 par
|-unboost|p1a: Lapras|spd|1
|-unboost|p1a: Lapras|spa|1
|move|p1a: Lapras|Confuse Ray|p2a: 95819
|-start|p2a: 95819|confusion
|
|turn|26
|
|-activate|p2a: 95819|confusion
|-damage|p2a: 95819|227\/313 par|[from] confusion
|move|p1a: Lapras|Blizzard|p2a: 95819|[miss]
|-miss|p1a: Lapras
|
|turn|27
|
|cant|p2a: 95819|par
|cant|p1a: Lapras|par
|
|turn|28
|
|cant|p2a: 95819|par
|move|p1a: Lapras|Blizzard|p2a: 95819
|-damage|p2a: 95819|158\/313 par
|
|turn|29
|
|-activate|p2a: 95819|confusion
|-damage|p2a: 95819|140\/313 par|[from] confusion
|move|p1a: Lapras|Confuse Ray|p2a: 95819
|
|turn|30
|
|-activate|p2a: 95819|confusion
|-damage|p2a: 95819|124\/313 par|[from] confusion
|cant|p1a: Lapras|par
|
|turn|31
|
|-end|p2a: 95819|confusion
|move|p2a: 95819|Recover|p2a: 95819
|-heal|p2a: 95819|280\/313 par
|move|p1a: Lapras|Confuse Ray|p2a: 95819
|-start|p2a: 95819|confusion
|
|turn|32
|
|-activate|p2a: 95819|confusion
|-damage|p2a: 95819|263\/313 par|[from] confusion
|move|p1a: Lapras|Body Slam|p2a: 95819
|-damage|p2a: 95819|213\/313 par
|
|turn|33
|
|cant|p2a: 95819|par
|cant|p1a: Lapras|par
|
|turn|34
|
|switch|p1a: Golem|Golem|121\/363 slp
|-activate|p2a: 95819|confusion
|-damage|p2a: 95819|196\/313 par|[from] confusion
|
|turn|35
|
|cant|p1a: Golem|slp
|-activate|p2a: 95819|confusion
|-damage|p2a: 95819|180\/313 par|[from] confusion
|
|turn|36
|
|cant|p1a: Golem|slp
|-curestatus|p1a: Golem|slp
|-activate|p2a: 95819|confusion
|-damage|p2a: 95819|163\/313 par|[from] confusion
|
|turn|37
|
|move|p1a: Golem|Earthquake|p2a: 95819
|-damage|p2a: 95819|59\/313 par
|-end|p2a: 95819|confusion
|move|p2a: 95819|Psychic|p1a: Golem
|-damage|p1a: Golem|0 fnt
|faint|p1a: Golem
|
|
|switch|p1a: Lapras|Lapras|337\/463 par
|turn|38
|
|move|p2a: 95819|Recover|p2a: 95819
|-heal|p2a: 95819|215\/313 par
|move|p1a: Lapras|Body Slam|p2a: 95819
|-damage|p2a: 95819|163\/313 par
|
|turn|39
|
|cant|p2a: 95819|par
|cant|p1a: Lapras|par
|
|turn|40
|chat|Airfoil|gg
|
|move|p2a: 95819|Recover|p2a: 95819
|-heal|p2a: 95819|313\/313 par
|move|p1a: Lapras|Confuse Ray|p2a: 95819
|-start|p2a: 95819|confusion
|
|turn|41
|chat|g95819|gg
|
|cant|p2a: 95819|par
|cant|p1a: Lapras|par
|
|turn|42
|
|-activate|p2a: 95819|confusion
|-damage|p2a: 95819|297\/313 par|[from] confusion
|move|p1a: Lapras|Blizzard|p2a: 95819
|-damage|p2a: 95819|188\/313 par
|
|turn|43
|
|-activate|p2a: 95819|confusion
|-damage|p2a: 95819|171\/313 par|[from] confusion
|move|p1a: Lapras|Blizzard|p2a: 95819
|-crit|p2a: 95819
|-damage|p2a: 95819|0 fnt
|faint|p2a: 95819
|
|
|switch|p2a: 95819|Snorlax|523\/523
|turn|44
|
|move|p2a: 95819|Body Slam|p1a: Lapras
|-damage|p1a: Lapras|215\/463 par
|cant|p1a: Lapras|par
|
|turn|45
|
|move|p2a: 95819|Hyper Beam|p1a: Lapras
|-damage|p1a: Lapras|4\/463 par
|move|p1a: Lapras|Confuse Ray|p2a: 95819
|-start|p2a: 95819|confusion
|
|turn|46
|
|-activate|p2a: 95819|confusion
|-damage|p2a: 95819|477\/523|[from] confusion
|move|p1a: Lapras|Body Slam|p2a: 95819
|-crit|p2a: 95819
|-damage|p2a: 95819|333\/523
|
|turn|47
|
|-activate|p2a: 95819|confusion
|move|p2a: 95819|Body Slam|p1a: Lapras
|-damage|p1a: Lapras|0 fnt
|faint|p1a: Lapras
|
|win|g95819
|raw|Ladder updating...
|raw|Airfoil's rating: 1007 &rarr; <strong>1000<\/strong><br \/>(-7 for losing)
|raw|g95819's rating: 1000 &rarr; <strong>1041<\/strong><br \/>(+41 for winning)