|j|dirkaka
|j|ArrosdeSenyoret
|player|p1|dirkaka|257
|player|p2|ArrosdeSenyoret|293
|gametype|singles
|gen|1
|tier|[Gen 1] OU
|rated
|seed|
|rule|Sleep Clause Mod: Limit one foe put to sleep
|rule|Freeze Clause Mod: Limit one foe frozen
|rule|Species Clause: Limit one of each Pokémon
|rule|OHKO Clause: OHKO moves are banned
|rule|Evasion Moves Clause: Evasion moves are banned
|rule|HP Percentage Mod: HP is shown in percentages
|
|start
|switch|p1a: $50\/hr|Jynx|100\/100
|switch|p2a: Alakazam|Alakazam|100\/100
|turn|1
|choice||
|
|switch|p2a: Starmie|Starmie|100\/100
|switch|p1a: Asian Mark Henry|Chansey|100\/100
|
|turn|2
|choice||
|
|move|p2a: Starmie|Surf|p1a: Asian Mark Henry
|-damage|p1a: Asian Mark Henry|84\/100
|move|p1a: Asian Mark Henry|Thunderbolt|p2a: Starmie
|-supereffective|p2a: Starmie
|-damage|p2a: Starmie|56\/100
|
|turn|3
|choice||
|
|switch|p2a: Rhydon|Rhydon|100\/100
|move|p1a: Asian Mark Henry|Ice Beam|p2a: Rhydon
|-supereffective|p2a: Rhydon
|-damage|p2a: Rhydon|45\/100
|
|turn|4
|choice||
|
|move|p1a: Asian Mark Henry|Ice Beam|p2a: Rhydon
|-supereffective|p2a: Rhydon
|-damage|p2a: Rhydon|0 fnt
|faint|p2a: Rhydon
|choice||
|
|switch|p2a: Tauros|Tauros|100\/100
|turn|5
|choice||
|
|move|p2a: Tauros|Body Slam|p1a: Asian Mark Henry
|-damage|p1a: Asian Mark Henry|46\/100
|move|p1a: Asian Mark Henry|Counter|p2a: Tauros
|-damage|p2a: Tauros|0 fnt
|faint|p2a: Tauros
|-message|ArrosdeSenyoret forfeited.
|
|win|dirkaka
|player|p1
|player|p2
|l|ArrosdeSenyoret
|raw|dirkaka's rating: 1386 &rarr; <strong>1393<\/strong><br \/>(+7 for winning)
|raw|ArrosdeSenyoret's rating: 1127 &rarr; <strong>1118<\/strong><br \/>(-9 for losing)