|j|Kel9901
|j|Feena
|player|p1|Kel9901|169
|player|p2|Feena|170
|gametype|singles
|gen|1
|tier|[Gen 1] OU
|rated
|seed|
|rule|Sleep Clause Mod: Limit one foe put to sleep
|rule|Freeze Clause Mod: Limit one foe frozen
|rule|Species Clause: Limit one of each Pokémon
|rule|OHKO Clause: OHKO moves are banned
|rule|Evasion Moves Clause: Evasion moves are banned
|rule|HP Percentage Mod: HP is shown in percentages
|
|start
|switch|p1a: Jynx|Jynx|100\/100
|switch|p2a: Medium|Alakazam|100\/100
|turn|1
|c|★Kel9901|gl hf
|choice||
|
|move|p2a: Medium|Thunder Wave|p1a: Jynx
|-status|p1a: Jynx|par
|move|p1a: Jynx|Lovely Kiss|p2a: Medium|[miss]
|-miss|p1a: Jynx
|
|turn|2
|j|Ban homosexuality
|choice||
|
|move|p2a: Medium|Seismic Toss|p1a: Jynx
|-damage|p1a: Jynx|70\/100 par
|move|p1a: Jynx|Lovely Kiss|p2a: Medium|[miss]
|-miss|p1a: Jynx
|
|turn|3
|choice||
|
|move|p2a: Medium|Seismic Toss|p1a: Jynx
|-damage|p1a: Jynx|40\/100 par
|cant|p1a: Jynx|par
|
|turn|4
|choice||
|
|move|p2a: Medium|Seismic Toss|p1a: Jynx
|-damage|p1a: Jynx|10\/100 par
|cant|p1a: Jynx|par
|
|turn|5
|choice||
|
|switch|p1a: Chansey|Chansey|100\/100
|move|p2a: Medium|Seismic Toss|p1a: Chansey
|-damage|p1a: Chansey|86\/100
|
|turn|6
|choice||
|
|move|p2a: Medium|Psychic|p1a: Chansey
|-damage|p1a: Chansey|69\/100
|move|p1a: Chansey|Ice Beam|p2a: Medium
|-damage|p2a: Medium|80\/100
|
|turn|7
|choice||
|
|switch|p2a: Nessy|Lapras|100\/100
|move|p1a: Chansey|Soft-Boiled|p1a: Chansey
|-heal|p1a: Chansey|100\/100
|
|turn|8
|choice||
|
|move|p2a: Nessy|Sing|p1a: Chansey|[miss]
|-miss|p2a: Nessy
|move|p1a: Chansey|Ice Beam|p2a: Nessy
|-crit|p2a: Nessy
|-resisted|p2a: Nessy
|-damage|p2a: Nessy|91\/100
|
|turn|9
|choice||
|
|move|p2a: Nessy|Sing|p1a: Chansey
|-status|p1a: Chansey|slp
|cant|p1a: Chansey|slp
|
|turn|10
|choice||
|
|switch|p2a: Medium|Alakazam|80\/100
|cant|p1a: Chansey|slp
|
|turn|11
|choice||
|
|move|p2a: Medium|Psychic|p1a: Chansey
|-crit|p1a: Chansey
|-damage|p1a: Chansey|65\/100 slp
|cant|p1a: Chansey|slp
|
|turn|12
|choice||
|
|switch|p1a: Exeggutor|Exeggutor|100\/100
|move|p2a: Medium|Psychic|p1a: Exeggutor
|-crit|p1a: Exeggutor
|-resisted|p1a: Exeggutor
|-damage|p1a: Exeggutor|73\/100
|-unboost|p1a: Exeggutor|spd|1
|-unboost|p1a: Exeggutor|spa|1
|
|turn|13
|choice||
|
|move|p2a: Medium|Thunder Wave|p1a: Exeggutor
|-status|p1a: Exeggutor|par
|cant|p1a: Exeggutor|par
|
|turn|14
|choice||
|
|move|p2a: Medium|Seismic Toss|p1a: Exeggutor
|-damage|p1a: Exeggutor|47\/100 par
|move|p1a: Exeggutor|Sleep Powder|p2a: Medium|[miss]
|-miss|p1a: Exeggutor
|
|turn|15
|choice||
|
|move|p2a: Medium|Seismic Toss|p1a: Exeggutor
|-damage|p1a: Exeggutor|22\/100 par
|move|p1a: Exeggutor|Sleep Powder|p2a: Medium
|-status|p2a: Medium|slp
|
|turn|16
|choice||
|
|cant|p2a: Medium|slp
|cant|p1a: Exeggutor|par
|
|turn|17
|choice||
|
|switch|p2a: Nessy|Lapras|91\/100
|switch|p1a: Tauros|Tauros|100\/100
|
|turn|18
|choice||
|
|move|p1a: Tauros|Body Slam|p2a: Nessy
|-damage|p2a: Nessy|66\/100
|-status|p2a: Nessy|par
|move|p2a: Nessy|Blizzard|p1a: Tauros
|-damage|p1a: Tauros|51\/100
|
|turn|19
|choice||
|
|move|p1a: Tauros|Body Slam|p2a: Nessy
|-damage|p2a: Nessy|43\/100 par
|cant|p2a: Nessy|par
|
|turn|20
|choice||
|
|move|p1a: Tauros|Hyper Beam|p2a: Nessy
|-crit|p2a: Nessy
|-damage|p2a: Nessy|0 fnt
|faint|p2a: Nessy
|choice||
|
|switch|p2a: THC|Exeggutor|100\/100
|turn|21
|choice||
|
|move|p1a: Tauros|Body Slam|p2a: THC
|-damage|p2a: THC|74\/100
|move|p2a: THC|Psychic|p1a: Tauros
|-damage|p1a: Tauros|10\/100
|
|turn|22
|choice||
|
|move|p1a: Tauros|Hyper Beam|p2a: THC
|-damage|p2a: THC|21\/100
|move|p2a: THC|Psychic|p1a: Tauros
|-damage|p1a: Tauros|0 fnt
|faint|p1a: Tauros
|choice||
|
|switch|p1a: Exeggutor|Exeggutor|22\/100 par
|turn|23
|choice||
|
|move|p2a: THC|Psychic|p1a: Exeggutor
|-resisted|p1a: Exeggutor
|-damage|p1a: Exeggutor|10\/100 par
|-unboost|p1a: Exeggutor|spd|1
|-unboost|p1a: Exeggutor|spa|1
|move|p1a: Exeggutor|Explosion|p2a: THC
|-damage|p2a: THC|0 fnt
|faint|p2a: THC
|faint|p1a: Exeggutor
|choice||
|
|switch|p2a: Rydia|Chansey|100\/100
|switch|p1a: Snorlax|Snorlax|100\/100
|turn|24
|choice||
|
|switch|p1a: Chansey|Chansey|65\/100 slp
|move|p2a: Rydia|Thunder Wave|p1a: Chansey
|-fail|p1a: Chansey
|
|turn|25
|choice||
|
|switch|p2a: Chaos|Snorlax|100\/100
|cant|p1a: Chansey|slp
|
|turn|26
|choice||
|
|-curestatus|p1a: Chansey|slp
|move|p2a: Chaos|Body Slam|p1a: Chansey
|-damage|p1a: Chansey|21\/100
|
|turn|27
|choice||
|
|switch|p1a: Jynx|Jynx|10\/100 par
|move|p2a: Chaos|Amnesia|p2a: Chaos
|-boost|p2a: Chaos|spd|2
|-boost|p2a: Chaos|spa|2
|
|turn|28
|choice||
|
|move|p2a: Chaos|Amnesia|p2a: Chaos
|-boost|p2a: Chaos|spd|2
|-boost|p2a: Chaos|spa|2
|move|p1a: Jynx|Blizzard|p2a: Chaos
|-damage|p2a: Chaos|88\/100
|
|turn|29
|choice||
|
|move|p2a: Chaos|Body Slam|p1a: Jynx
|-damage|p1a: Jynx|0 fnt
|faint|p1a: Jynx
|choice||
|
|switch|p1a: Chansey|Chansey|21\/100
|turn|30
|choice||
|
|move|p1a: Chansey|Soft-Boiled|p1a: Chansey
|-heal|p1a: Chansey|71\/100
|move|p2a: Chaos|Blizzard|p1a: Chansey
|-damage|p1a: Chansey|42\/100
|
|turn|31
|choice||
|
|move|p1a: Chansey|Soft-Boiled|p1a: Chansey
|-heal|p1a: Chansey|92\/100
|move|p2a: Chaos|Body Slam|p1a: Chansey
|-damage|p1a: Chansey|48\/100
|
|turn|32
|choice||
|
|move|p1a: Chansey|Soft-Boiled|p1a: Chansey
|-heal|p1a: Chansey|98\/100
|move|p2a: Chaos|Body Slam|p1a: Chansey
|-damage|p1a: Chansey|59\/100
|
|turn|33
|choice||
|
|move|p1a: Chansey|Thunder Wave|p2a: Chaos
|-status|p2a: Chaos|par
|move|p2a: Chaos|Body Slam|p1a: Chansey
|-crit|p1a: Chansey
|-damage|p1a: Chansey|0 fnt
|faint|p1a: Chansey
|choice||
|
|switch|p1a: Snorlax|Snorlax|100\/100
|turn|34
|choice||
|
|move|p1a: Snorlax|Body Slam|p2a: Chaos
|-damage|p2a: Chaos|63\/100 par
|move|p2a: Chaos|Blizzard|p1a: Snorlax
|-damage|p1a: Snorlax|43\/100
|
|turn|35
|choice||
|
|move|p1a: Snorlax|Body Slam|p2a: Chaos
|-damage|p2a: Chaos|36\/100 par
|move|p2a: Chaos|Blizzard|p1a: Snorlax
|-damage|p1a: Snorlax|0 fnt
|faint|p1a: Snorlax
|choice||
|
|switch|p1a: Rhydon|Rhydon|100\/100
|turn|36
|choice||
|
|move|p1a: Rhydon|Substitute|p1a: Rhydon
|-start|p1a: Rhydon|Substitute
|-damage|p1a: Rhydon|76\/100
|move|p2a: Chaos|Blizzard|p1a: Rhydon|[miss]
|-miss|p2a: Chaos
|
|turn|37
|choice||
|
|move|p1a: Rhydon|Earthquake|p2a: Chaos
|-damage|p2a: Chaos|0 fnt
|faint|p2a: Chaos
|choice||
|
|switch|p2a: Rydia|Chansey|100\/100
|turn|38
|choice||
|
|move|p2a: Rydia|Ice Beam|p1a: Rhydon
|-supereffective|p1a: Rhydon
|-end|p1a: Rhydon|Substitute
|move|p1a: Rhydon|Earthquake|p2a: Rydia
|-damage|p2a: Rydia|49\/100
|
|turn|39
|choice||
|
|move|p2a: Rydia|Ice Beam|p1a: Rhydon
|-supereffective|p1a: Rhydon
|-damage|p1a: Rhydon|16\/100
|-status|p1a: Rhydon|frz
|cant|p1a: Rhydon|frz
|
|turn|40
|c|★Kel9901|gg
|choice||
|
|move|p2a: Rydia|Ice Beam|p1a: Rhydon
|-supereffective|p1a: Rhydon
|-damage|p1a: Rhydon|0 fnt
|faint|p1a: Rhydon
|
|win|Feena
|player|p1
|player|p2
|raw|Kel9901's rating: 1475 &rarr; <strong>1450<\/strong><br \/>(-25 for losing)
|raw|Feena's rating: 1387 &rarr; <strong>1412<\/strong><br \/>(+25 for winning)
|l|Kel9901