|j|GhostlyGastly92
|j|Zaphyr
|player|p1|GhostlyGastly92|198
|player|p2|Zaphyr|220
|gametype|singles
|gen|1
|tier|[Gen 1] OU
|rated
|seed|52344,21297,62593,15029
|rule|Sleep Clause Mod: Limit one foe put to sleep
|rule|Freeze Clause Mod: Limit one foe frozen
|rule|Species Clause: Limit one of each Pokémon
|rule|OHKO Clause: OHKO moves are banned
|rule|Evasion Moves Clause: Evasion moves are banned
|rule|HP Percentage Mod: HP is shown in percentages
|
|start
|switch|p1a: Alakazam|Alakazam|313\/313
|switch|p2a: Exeggutor|Exeggutor|393\/393
|turn|1
|c|★Zaphyr|Gl
|c|★GhostlyGastly92|ty!
|choice|move 1|move 1
|
|move|p1a: Alakazam|Thunder Wave|p2a: Exeggutor
|-status|p2a: Exeggutor|par
|cant|p2a: Exeggutor|par
|
|turn|2
|choice|move 3|move 1
|
|move|p1a: Alakazam|Seismic Toss|p2a: Exeggutor
|-damage|p2a: Exeggutor|293\/393 par
|cant|p2a: Exeggutor|par
|
|turn|3
|choice|move 3|move 1
|
|move|p1a: Alakazam|Seismic Toss|p2a: Exeggutor
|-damage|p2a: Exeggutor|193\/393 par
|move|p2a: Exeggutor|Sleep Powder|p1a: Alakazam|[miss]
|-miss|p2a: Exeggutor
|
|turn|4
|choice|move 3|move 4
|
|move|p1a: Alakazam|Seismic Toss|p2a: Exeggutor
|-damage|p2a: Exeggutor|93\/393 par
|move|p2a: Exeggutor|Explosion|p1a: Alakazam
|-damage|p1a: Alakazam|0 fnt
|faint|p1a: Alakazam
|faint|p2a: Exeggutor
|choice|switch 2|switch 5
|
|switch|p1a: Exeggutor|Exeggutor|393\/393
|switch|p2a: Golem|Golem|363\/363
|turn|5
|choice|move 1|move 1
|
|move|p1a: Exeggutor|Sleep Powder|p2a: Golem
|-status|p2a: Golem|slp
|cant|p2a: Golem|slp
|
|turn|6
|choice|move 3|switch 4
|
|switch|p2a: Starmie|Starmie|323\/323
|move|p1a: Exeggutor|Psychic|p2a: Starmie
|-resisted|p2a: Starmie
|-damage|p2a: Starmie|266\/323
|
|turn|7
|choice|switch 3|move 2
|
|switch|p1a: Chansey|Chansey|703\/703
|move|p2a: Starmie|Blizzard|p1a: Chansey
|-damage|p1a: Chansey|610\/703
|
|turn|8
|choice|move 1|switch 6
|
|switch|p2a: Chansey|Chansey|703\/703
|move|p1a: Chansey|Thunder Wave|p2a: Chansey
|-status|p2a: Chansey|par
|
|turn|9
|j|Diegolh
|choice|switch 6|move 1
|
|switch|p1a: Cloyster|Cloyster|303\/303
|move|p2a: Chansey|Ice Beam|p1a: Cloyster
|-resisted|p1a: Cloyster
|-damage|p1a: Cloyster|282\/303
|
|turn|10
|c|★Zaphyr|Hey Dielogh.
|c|★Zaphyr|*diegolh
|choice|move 1|move 4
|
|move|p1a: Cloyster|Clamp|p2a: Chansey
|-damage|p2a: Chansey|668\/703 par
|-activate|p2a: Chansey|move: Clamp|[of] p1a: Cloyster
|cant|p2a: Chansey|partiallytrapped
|
|turn|11
|choice|move 1|switch 6
|
|switch|p2a: Starmie|Starmie|266\/323
|move|p1a: Cloyster|Clamp|p2a: Starmie
|-resisted|p2a: Starmie
|-damage|p2a: Starmie|247\/323
|-activate|p2a: Starmie|move: Clamp|[of] p1a: Cloyster
|
|turn|12
|choice|switch 3|move 3
|
|switch|p1a: Exeggutor|Exeggutor|393\/393
|cant|p2a: Starmie|partiallytrapped
|
|-end|p2a: Starmie|Clamp|[partiallytrapped]
|turn|13
|c| Diegolh|Hey
|choice|move 2|move 2
|
|move|p2a: Starmie|Blizzard|p1a: Exeggutor
|-supereffective|p1a: Exeggutor
|-damage|p1a: Exeggutor|228\/393
|move|p1a: Exeggutor|Stun Spore|p2a: Starmie
|-status|p2a: Starmie|par
|
|turn|14
|c| Diegolh|do i know you mate ?
|choice|switch 6|move 2
|
|switch|p1a: Chansey|Chansey|610\/703
|cant|p2a: Starmie|par
|
|turn|15
|choice|move 2|move 2
|
|move|p1a: Chansey|Thunderbolt|p2a: Starmie
|-supereffective|p2a: Starmie
|-damage|p2a: Starmie|81\/323 par
|move|p2a: Starmie|Blizzard|p1a: Chansey
|-damage|p1a: Chansey|516\/703
|
|turn|16
|choice|move 2|switch 6
|
|switch|p2a: Chansey|Chansey|668\/703 par
|move|p1a: Chansey|Thunderbolt|p2a: Chansey
|-damage|p2a: Chansey|599\/703 par
|
|turn|17
|choice|switch 3|move 1
|
|switch|p1a: Cloyster|Cloyster|282\/303
|cant|p2a: Chansey|par
|
|turn|18
|choice|move 1|switch 6
|
|switch|p2a: Starmie|Starmie|81\/323 par
|move|p1a: Cloyster|Clamp|p2a: Starmie
|-resisted|p2a: Starmie
|-damage|p2a: Starmie|61\/323 par
|-activate|p2a: Starmie|move: Clamp|[of] p1a: Cloyster
|
|turn|19
|choice|move 1|move 3
|
|move|p1a: Cloyster|Clamp|p2a: Starmie|[from]Clamp
|-damage|p2a: Starmie|41\/323 par
|cant|p2a: Starmie|par
|
|turn|20
|choice|move 1|move 4
|
|move|p1a: Cloyster|Clamp|p2a: Starmie|[from]Clamp
|-damage|p2a: Starmie|21\/323 par
|cant|p2a: Starmie|partiallytrapped
|
|-end|p2a: Starmie|Clamp|[partiallytrapped]
|turn|21
|choice|move 4|move 3
|
|move|p1a: Cloyster|Hyper Beam|p2a: Starmie
|-crit|p2a: Starmie
|-damage|p2a: Starmie|0 fnt
|faint|p2a: Starmie
|c|★Zaphyr|No, I just saw a spectator dropped in.
|choice||switch 3
|
|switch|p2a: Alakazam|Alakazam|313\/313
|turn|22
|c| Diegolh|Ok ok,
|c| Diegolh|then good luck
|choice|switch 3|move 1
|
|switch|p1a: Chansey|Chansey|516\/703
|move|p2a: Alakazam|Psychic|p1a: Chansey
|-damage|p1a: Chansey|382\/703
|
|turn|23
|choice|move 4|switch 6
|
|switch|p2a: Chansey|Chansey|599\/703 par
|move|p1a: Chansey|Soft-Boiled|p1a: Chansey
|-heal|p1a: Chansey|703\/703
|
|turn|24
|choice|move 2|move 4
|
|move|p1a: Chansey|Thunderbolt|p2a: Chansey
|-damage|p2a: Chansey|521\/703 par
|move|p2a: Chansey|Thunder Wave|p1a: Chansey
|-status|p1a: Chansey|par
|
|turn|25
|c|★Zaphyr|I think this is a lost game for me.
|choice|move 1|switch 2
|
|switch|p2a: Tauros|Tauros|353\/353
|move|p1a: Chansey|Thunder Wave|p2a: Tauros
|-status|p2a: Tauros|par
|
|turn|26
|c| Diegolh|your opponent is a strong one. 27 of the ladderboard
|choice|move 3|move 1
|
|move|p2a: Tauros|Body Slam|p1a: Chansey
|-damage|p1a: Chansey|440\/703 par
|move|p1a: Chansey|Ice Beam|p2a: Tauros
|-crit|p2a: Tauros
|-damage|p2a: Tauros|168\/353 par
|
|turn|27
|c|★GhostlyGastly92|Ow :3
|choice|switch 3|move 2
|
|switch|p1a: Cloyster|Cloyster|282\/303
|move|p2a: Tauros|Hyper Beam|p1a: Cloyster
|-crit|p1a: Cloyster
|-damage|p1a: Cloyster|61\/303
|
|turn|28
|-mustrecharge|p2a: Tauros
|-mustrecharge|p2a: Tauros
|choice|move 2|move 1
|
|move|p1a: Cloyster|Blizzard|p2a: Tauros
|-damage|p2a: Tauros|3\/353 par
|cant|p2a: Tauros|recharge
|
|turn|29
|c| Diegolh|you don't know about that Ghostly ?
|c|★GhostlyGastly92|y i know
|c|★GhostlyGastly92|but i'm far from being strong :D
|choice|move 1|move 1
|
|move|p1a: Cloyster|Clamp|p2a: Tauros
|-damage|p2a: Tauros|0 fnt
|faint|p2a: Tauros
|c| Diegolh|Don't worry
|choice||switch 6
|
|switch|p2a: Alakazam|Alakazam|313\/313
|turn|30
|choice|switch 3|move 1
|
|switch|p1a: Chansey|Chansey|440\/703 par
|move|p2a: Alakazam|Psychic|p1a: Chansey
|-damage|p1a: Chansey|320\/703 par
|
|turn|31
|c| Diegolh|I'm actualy 16 of the ladderboard, and i'm far to be good too.
|c|★Zaphyr|I just started gen 1 ou today.
|c|★GhostlyGastly92|really?
|choice|move 4|move 1
|
|move|p2a: Alakazam|Psychic|p1a: Chansey
|-damage|p1a: Chansey|192\/703 par
|-unboost|p1a: Chansey|spd|1
|-unboost|p1a: Chansey|spa|1
|cant|p1a: Chansey|par
|
|turn|32
|c| Diegolh|ye
|choice|move 1|move 1
|
|move|p2a: Alakazam|Psychic|p1a: Chansey
|-damage|p1a: Chansey|10\/703 par
|cant|p1a: Chansey|par
|
|turn|33
|c|★Zaphyr|Yup.
|choice|move 3|move 1
|
|move|p2a: Alakazam|Psychic|p1a: Chansey
|-damage|p1a: Chansey|0 fnt
|faint|p1a: Chansey
|choice|switch 6|
|
|switch|p1a: Exeggutor|Exeggutor|228\/393
|turn|34
|c|★Zaphyr|Planning to get the 20th anniversary N3DS.
|choice|move 2|switch 2
|
|switch|p2a: Chansey|Chansey|521\/703 par
|move|p1a: Exeggutor|Stun Spore|p2a: Chansey
|-fail|p2a: Chansey|par
|
|turn|35
|choice|switch 3|move 4
|
|switch|p1a: Cloyster|Cloyster|61\/303
|move|p2a: Chansey|Thunder Wave|p1a: Cloyster
|-status|p1a: Cloyster|par
|
|turn|36
|choice|move 3|switch 2
|
|switch|p2a: Alakazam|Alakazam|313\/313
|cant|p1a: Cloyster|par
|
|turn|37
|c| Diegolh|There is an event for that, right ?
|choice|switch 3|move 1
|
|switch|p1a: Exeggutor|Exeggutor|228\/393
|move|p2a: Alakazam|Psychic|p1a: Exeggutor
|-resisted|p1a: Exeggutor
|-damage|p1a: Exeggutor|173\/393
|-unboost|p1a: Exeggutor|spd|1
|-unboost|p1a: Exeggutor|spa|1
|
|turn|38
|c|★Zaphyr|For what?
|choice|move 2|switch 2
|
|switch|p2a: Chansey|Chansey|521\/703 par
|move|p1a: Exeggutor|Stun Spore|p2a: Chansey
|-fail|p2a: Chansey|par
|
|turn|39
|c| Diegolh|20th anniversary of pokemon
|c| Diegolh|Somethin named Kanta Classic, i guess
|c|★Zaphyr|They'll be giving away a legendary each month from feb to dec.
|c|★Zaphyr|Haven't heard of it.
|choice|switch 3|move 1
|
|switch|p1a: Cloyster|Cloyster|61\/303 par
|cant|p2a: Chansey|par
|
|turn|40
|choice|move 3|move 1
|
|cant|p1a: Cloyster|par
|move|p2a: Chansey|Ice Beam|p1a: Cloyster
|-crit|p1a: Cloyster
|-resisted|p1a: Cloyster
|-damage|p1a: Cloyster|22\/303 par
|
|turn|41
|c| Diegolh|Kanto Classic, this is it
|choice|move 3|move 3
|
|move|p1a: Cloyster|Explosion|p2a: Chansey
|-damage|p2a: Chansey|0 fnt
|faint|p2a: Chansey
|faint|p1a: Cloyster
|j|Alekton
|c|★GhostlyGastly92|you play very well
|c|★GhostlyGastly92|for being the first time
|c|★Zaphyr|Thanks.
|c| Diegolh|yup, I agree
|c|★Zaphyr|I had reached the regular random 43 on the leaderboard.
|choice|switch 3|switch 2
|
|switch|p2a: Alakazam|Alakazam|313\/313
|switch|p1a: Exeggutor|Exeggutor|173\/393
|turn|42
|c|★GhostlyGastly92|make sure to learn more predicts like some explosions! :D
|l|Alekton
|c|★Zaphyr|I couldn't sacrifice my alakazam.
|c|★Zaphyr|And thought golem would be too risky.
|c|★Zaphyr|Explosion sure is a game changer in gen 1.
|choice|move 2|move 2
|
|move|p2a: Alakazam|Reflect|p2a: Alakazam
|-start|p2a: Alakazam|Reflect
|move|p1a: Exeggutor|Stun Spore|p2a: Alakazam|[miss]
|-miss|p1a: Exeggutor
|
|turn|43
|c|★GhostlyGastly92|it is!
|c| Diegolh|I guess this Exeggutor is a kamikaze
|choice|move 2|move 3
|
|move|p2a: Alakazam|Thunder Wave|p1a: Exeggutor
|-status|p1a: Exeggutor|par
|cant|p1a: Exeggutor|par
|
|turn|44
|choice|move 2|move 1
|
|move|p2a: Alakazam|Psychic|p1a: Exeggutor
|-crit|p1a: Exeggutor
|-resisted|p1a: Exeggutor
|-damage|p1a: Exeggutor|68\/393 par
|-unboost|p1a: Exeggutor|spd|1
|-unboost|p1a: Exeggutor|spa|1
|move|p1a: Exeggutor|Stun Spore|p2a: Alakazam
|-status|p2a: Alakazam|par
|
|turn|45
|choice|move 4|move 1
|
|cant|p2a: Alakazam|par
|move|p1a: Exeggutor|Explosion|p2a: Alakazam
|-damage|p2a: Alakazam|125\/313 par
|faint|p1a: Exeggutor
|choice|switch 4|
|
|switch|p1a: Tauros|Tauros|353\/353
|turn|46
|c|★Zaphyr|My grade 12 finals are going on and I'm sitting here reviving childhood memories :P
|choice|move 3|move 3
|
|move|p1a: Tauros|Hyper Beam|p2a: Alakazam
|-damage|p2a: Alakazam|0 fnt
|faint|p2a: Alakazam
|choice||switch 4
|
|switch|p2a: Golem|Golem|363\/363 slp
|turn|47
|c| Diegolh|Tauros Hyper Beam vs. Alakazam through Reflect: 128-151 (40.8 - 48.2%) -
|c|★GhostlyGastly92|i play gen 1 for the same reason :3
|c|★Zaphyr|Blizzard
|c|★Zaphyr|Tauros was so OP back then.
|c| Diegolh|Tauros Blizzard vs. Golem: 199-234 (54.8 - 64.4%) -- guaranteed 2HKO
|c|★GhostlyGastly92|was the king aside snorlax!
|c|★GhostlyGastly92|:D
|c|★Zaphyr|I never even knew what stats were as a kid.
|c|★Zaphyr|I used to keep the coolest looking pokemon in my team and thats it.
|choice|move 4|move 1
|
|move|p1a: Tauros|Blizzard|p2a: Golem
|-supereffective|p2a: Golem
|-damage|p2a: Golem|133\/363 slp
|cant|p2a: Golem|slp
|
|turn|48
|c|★Zaphyr|gg :)
|choice|move 2|move 1
|
|move|p1a: Tauros|Earthquake|p2a: Golem
|-supereffective|p2a: Golem
|-damage|p2a: Golem|4\/363 slp
|-curestatus|p2a: Golem|slp
|
|turn|49
|c| Diegolh|ggwp both
|choice|move 2|move 4
|
|move|p1a: Tauros|Earthquake|p2a: Golem
|-supereffective|p2a: Golem
|-damage|p2a: Golem|0 fnt
|faint|p2a: Golem
|
|win|GhostlyGastly92
|player|p1
|player|p2
|c|★GhostlyGastly92|For the adventure i do the same
|c|★GhostlyGastly92|good match
|raw|GhostlyGastly92's rating: 1368 &rarr; <strong>1374<\/strong><br \/>(+6 for winning)
|raw|Zaphyr's rating: 1093 &rarr; <strong>1085<\/strong><br \/>(-8 for losing)
|c|★GhostlyGastly92|:D
|c|★Zaphyr|Haha
|c|★GhostlyGastly92|as saidf
|c|★Zaphyr|-8
|c|★GhostlyGastly92|watch out from explosions
|c|★GhostlyGastly92|you'll learn with experience :D
|c|★Zaphyr|Feels like there'd be land mines outside my home.
|c| Diegolh|Ghostly is now 22 of the ladderboard
|c|★Zaphyr|Explosions and body slams dominate gen 1
|c| Diegolh|Not that far in my back
|c|★Zaphyr|Not to mention hyper beam
|c|★GhostlyGastly92|yep
|c|★GhostlyGastly92|hyper beam was also phisical
|c|★Zaphyr|I'll be catching up with you guys.
|c|★Zaphyr|Hopefully.
|c|★GhostlyGastly92|i think you can
|c|★GhostlyGastly92|and
|c|★Zaphyr|Yup, physical and special by type till gen 3.
|c|★GhostlyGastly92|if you wanna  battle i'm always here :D
|c|★Zaphyr|Sure thing :)
|c| Diegolh|Ghostly
|c|★GhostlyGastly92|but now i need to go to eat :D
|c|★GhostlyGastly92|hey
|c| Diegolh|is you want some challenge
|c| Diegolh|go for chall peasounay who slck in "old gen" room
|c| Diegolh|slack
|c|★GhostlyGastly92|I KNOW HIM
|c|★GhostlyGastly92|sry cap
|c|★GhostlyGastly92|:)
|c|★GhostlyGastly92|we talk often
|c| Diegolh|He's a rude opponent ^^
|c|★Zaphyr|Hitmonchan would be so cool in gen 1 had fire, thunder and ice punch been physical.
|c| Diegolh|He's still oneshoted by alakazam psychic
|c| Diegolh|so ..
|c|★Zaphyr|Which one do you guys prefer for gen 1- golem or rhydon?
|c| Diegolh|I play rhydon
|c|★GhostlyGastly92|golem for ever
|c|★Zaphyr|By cool, I'm going back to my 5 year self again
|c| Diegolh|but, it's like you whant
|c|★GhostlyGastly92|faster than rhydon and can explode
|c|★GhostlyGastly92|wanna try gen 1 UU?
|c|★Zaphyr|Yeah, main difference is explosion.
|c| Diegolh|hmm
|c| Diegolh|i think that the main difference is the speed
|c|★Zaphyr|For a one on one situation, that is
|c| Diegolh|Who make rhydon always lose in 1v1 against golam
|c|★Zaphyr|40 and 45 won't fare well against pretty much anything.
|c|★GhostlyGastly92|yep
|c|★GhostlyGastly92|golem can win
|c| Diegolh|Except if crit
|c|★Zaphyr|Yup, there's the beauty of gen 1's luck factor.
|c|★Zaphyr|But with that speed, you'll need LOTS of luck.
|c|★GhostlyGastly92|so wanna try UU?
|c|★GhostlyGastly92|i don't often play gen 1 UU format
|c|★Zaphyr|Ok, gtg, nice playing and chatting.
|c|★Zaphyr|Cya all.
|c|★GhostlyGastly92|cya!
|c| Diegolh|cya
|l|Zaphyr
|l|Diegolh