|join|XianJu
|join|g.jonweb.de
|player|p1|XianJu|130
|player|p2|g.jonweb.de|123
|gametype|singles
|gen|1
|tier|[Gen 1] OU
|rated
|seed|36131,21885,4234,61137
|rule|Sleep Clause Mod: Limit one foe put to sleep
|rule|Freeze Clause Mod: Limit one foe frozen
|rule|Species Clause: Limit one of each Pokémon
|rule|OHKO Clause: OHKO moves are banned
|rule|Evasion Moves Clause: Evasion moves are banned
|rule|HP Percentage Mod: HP is shown in percentages
|
|start
|switch|p1a: Alakazam|Alakazam|313\/313
|switch|p2a: Chansey|Chansey|703\/703
|turn|1
|choice|switch 3|move 3
|
|switch|p1a: Chansey|Chansey|703\/703
|move|p2a: Chansey|Thunder Wave|p1a: Chansey
|-status|p1a: Chansey|par
|
|turn|2
|choice|move 1|switch 4
|
|switch|p2a: Rhydon|Rhydon|413\/413
|move|p1a: Chansey|Ice Beam|p2a: Rhydon
|-supereffective|p2a: Rhydon
|-damage|p2a: Rhydon|168\/413
|
|turn|3
|choice|switch 5|move 1
|
|switch|p1a: Starmie|Starmie|323\/323
|move|p2a: Rhydon|Earthquake|p1a: Starmie
|-damage|p1a: Starmie|174\/323
|
|turn|4
|choice|move 1|switch 4
|
|switch|p2a: Chansey|Chansey|703\/703
|move|p1a: Starmie|Surf|p2a: Chansey
|-damage|p2a: Chansey|590\/703
|
|turn|5
|choice|switch 5|move 1
|
|switch|p1a: Chansey|Chansey|703\/703 par
|move|p2a: Chansey|Seismic Toss|p1a: Chansey
|-damage|p1a: Chansey|603\/703 par
|
|turn|6
|choice|move 1|switch 2
|
|switch|p2a: Venusaur|Venusaur|363\/363
|move|p1a: Chansey|Ice Beam|p2a: Venusaur
|-crit|p2a: Venusaur
|-supereffective|p2a: Venusaur
|-damage|p2a: Venusaur|75\/363
|
|turn|7
|choice|move 1|move 1
|
|move|p2a: Venusaur|Leech Seed|p1a: Chansey
|-start|p1a: Chansey|move: Leech Seed
|cant|p1a: Chansey|par
|-damage|p1a: Chansey|560\/703 par|[from] Leech Seed|[of] p2a: Venusaur
|-heal|p2a: Venusaur|118\/363|[silent]
|
|turn|8
|choice|move 1|move 3
|
|move|p2a: Venusaur|Substitute|p2a: Venusaur
|-start|p2a: Venusaur|Substitute
|-damage|p2a: Venusaur|28\/363
|move|p1a: Chansey|Ice Beam|p2a: Venusaur
|-supereffective|p2a: Venusaur
|-end|p2a: Venusaur|Substitute
|-damage|p1a: Chansey|517\/703 par|[from] Leech Seed|[of] p2a: Venusaur
|-heal|p2a: Venusaur|71\/363|[silent]
|
|turn|9
|choice|move 1|switch 2
|
|switch|p2a: Chansey|Chansey|590\/703
|move|p1a: Chansey|Ice Beam|p2a: Chansey
|-damage|p2a: Chansey|515\/703
|-damage|p1a: Chansey|474\/703 par|[from] Leech Seed|[of] p2a: Chansey
|-heal|p2a: Chansey|558\/703|[silent]
|
|turn|10
|choice|move 2|move 1
|
|move|p2a: Chansey|Seismic Toss|p1a: Chansey
|-damage|p1a: Chansey|374\/703 par
|cant|p1a: Chansey|par
|-damage|p1a: Chansey|331\/703 par|[from] Leech Seed|[of] p2a: Chansey
|-heal|p2a: Chansey|601\/703|[silent]
|
|turn|11
|choice|move 2|move 3
|
|move|p2a: Chansey|Thunder Wave|p1a: Chansey
|-fail|p1a: Chansey|par
|move|p1a: Chansey|Soft-Boiled|p1a: Chansey
|-heal|p1a: Chansey|682\/703 par
|-damage|p1a: Chansey|639\/703 par|[from] Leech Seed|[of] p2a: Chansey
|-heal|p2a: Chansey|644\/703|[silent]
|
|turn|12
|choice|switch 4|move 1
|
|switch|p1a: Exeggutor|Exeggutor|393\/393
|move|p2a: Chansey|Seismic Toss|p1a: Exeggutor
|-damage|p1a: Exeggutor|293\/393
|
|turn|13
|choice|move 1|move 3
|
|move|p1a: Exeggutor|Sleep Powder|p2a: Chansey
|-status|p2a: Chansey|slp
|-curestatus|p2a: Chansey|slp
|
|turn|14
|choice|move 1|move 4
|
|move|p1a: Exeggutor|Sleep Powder|p2a: Chansey|[miss]
|-miss|p1a: Exeggutor
|move|p2a: Chansey|Blizzard|p1a: Exeggutor
|-supereffective|p1a: Exeggutor
|-damage|p1a: Exeggutor|126\/393
|
|turn|15
|choice|move 3|move 3
|
|move|p1a: Exeggutor|Explosion|p2a: Chansey
|-damage|p2a: Chansey|0 fnt
|faint|p2a: Chansey
|faint|p1a: Exeggutor
|choice|switch 3|switch 5
|
|switch|p1a: Alakazam|Alakazam|313\/313
|switch|p2a: Blastoise|Blastoise|361\/361
|turn|16
|choice|move 1|move 3
|
|move|p1a: Alakazam|Psychic|p2a: Blastoise
|-damage|p2a: Blastoise|215\/361
|-unboost|p2a: Blastoise|spd|1
|-unboost|p2a: Blastoise|spa|1
|move|p2a: Blastoise|Body Slam|p1a: Alakazam
|-damage|p1a: Alakazam|215\/313
|-status|p1a: Alakazam|par
|
|turn|17
|choice|switch 6|move 1
|
|switch|p1a: Gengar|Gengar|323\/323
|move|p2a: Blastoise|Surf|p1a: Gengar
|-damage|p1a: Gengar|270\/323
|
|turn|18
|choice|move 2|switch 3
|
|switch|p2a: Zapdos|Zapdos|383\/383
|move|p1a: Gengar|Thunderbolt|p2a: Zapdos
|-damage|p2a: Zapdos|305\/383
|
|turn|19
|choice|switch 2|move 2
|
|switch|p1a: Rhydon|Rhydon|413\/413
|move|p2a: Zapdos|Thunder Wave|p1a: Rhydon
|-immune|p1a: Rhydon|[msg]
|
|turn|20
|choice|move 2|switch 3
|
|switch|p2a: Blastoise|Blastoise|215\/361
|move|p1a: Rhydon|Rock Slide|p2a: Blastoise
|-damage|p2a: Blastoise|102\/361
|
|turn|21
|choice|switch 2|switch 3
|
|switch|p2a: Zapdos|Zapdos|305\/383
|switch|p1a: Gengar|Gengar|270\/323
|
|turn|22
|choice|switch 2|switch 3
|
|switch|p1a: Rhydon|Rhydon|413\/413
|switch|p2a: Blastoise|Blastoise|102\/361
|
|turn|23
|choice|switch 2|move 1
|
|switch|p1a: Gengar|Gengar|270\/323
|move|p2a: Blastoise|Surf|p1a: Gengar
|-damage|p1a: Gengar|180\/323
|
|turn|24
|choice|move 2|switch 4
|
|switch|p2a: Rhydon|Rhydon|168\/413
|move|p1a: Gengar|Thunderbolt|p2a: Rhydon
|-immune|p2a: Rhydon|[msg]
|
|turn|25
|choice|move 4|switch 3
|
|switch|p2a: Zapdos|Zapdos|305\/383
|move|p1a: Gengar|Mega Drain|p2a: Zapdos
|-resisted|p2a: Zapdos
|-damage|p2a: Zapdos|289\/383
|-heal|p1a: Gengar|188\/323|[from] drain|[of] p2a: Zapdos
|
|turn|26
|choice|switch 2|move 4
|
|switch|p1a: Rhydon|Rhydon|413\/413
|move|p2a: Zapdos|Light Screen|p2a: Zapdos
|-start|p2a: Zapdos|Light Screen
|
|turn|27
|choice|move 3|switch 3
|
|switch|p2a: Rhydon|Rhydon|168\/413
|move|p1a: Rhydon|Substitute|p1a: Rhydon
|-start|p1a: Rhydon|Substitute
|-damage|p1a: Rhydon|310\/413
|
|turn|28
|choice|move 1|move 1
|
|move|p1a: Rhydon|Earthquake|p2a: Rhydon
|-supereffective|p2a: Rhydon
|-damage|p2a: Rhydon|0 fnt
|faint|p2a: Rhydon
|choice||switch 2
|
|switch|p2a: Venusaur|Venusaur|71\/363
|turn|29
|choice|move 2|move 3
|
|move|p2a: Venusaur|Substitute|p2a: Venusaur
|-fail|p2a: Venusaur|move: Substitute|[weak]
|move|p1a: Rhydon|Rock Slide|p2a: Venusaur
|-damage|p2a: Venusaur|0 fnt
|faint|p2a: Venusaur
|-message|g.jonweb.de forfeited.
|
|win|XianJu
|leave|g.jonweb.de
|player|p2
|raw|XianJu's rating: 1159 &rarr; <strong>1173<\/strong><br \/>(+14 for winning)
|raw|g.jonweb.de's rating: 1000 &rarr; <strong>1000<\/strong><br \/>(+0 for losing)