|join|Dervodel
|join|2412i4198274214
|player|p1|Dervodel|238
|player|p2|2412i4198274214|266
|gametype|singles
|gen|1
|tier|[Gen 1] Random Battle
|rated
|rule|Sleep Clause Mod: Limit one foe put to sleep
|rule|Freeze Clause Mod: Limit one foe frozen
|rule|HP Percentage Mod: HP is shown in percentages
|
|start
|switch|p1a: Paras|Paras, L96|262\/262
|switch|p2a: Aerodactyl|Aerodactyl, L90|327\/327
|turn|1
|
|switch|p2a: Slowbro|Slowbro, L79|312\/312
|move|p1a: Paras|Spore|p2a: Slowbro
|-status|p2a: Slowbro|slp
|
|turn|2
|
|switch|p1a: Haunter|Haunter, L85|250\/250
|switch|p2a: Growlithe|Growlithe, L96|300\/300
|
|turn|3
|
|move|p1a: Haunter|Confuse Ray|p2a: Growlithe
|-start|p2a: Growlithe|confusion
|-activate|p2a: Growlithe|confusion
|-damage|p2a: Growlithe|258\/300|[from] confusion
|
|turn|4
|c|★2412i4198274214|strong team huh
|
|switch|p1a: Wartortle|Wartortle, L85|274\/274
|-activate|p2a: Growlithe|confusion
|-damage|p2a: Growlithe|216\/300|[from] confusion
|
|turn|5
|
|switch|p2a: Magneton|Magneton, L90|273\/273
|move|p1a: Wartortle|Surf|p2a: Magneton
|-damage|p2a: Magneton|210\/273
|
|turn|6
|
|switch|p1a: Paras|Paras, L96|262\/262
|move|p2a: Magneton|Thunder Wave|p1a: Paras
|-status|p1a: Paras|par
|
|turn|7
|
|switch|p2a: Growlithe|Growlithe, L96|216\/300
|move|p1a: Paras|Stun Spore|p2a: Growlithe|[miss]
|-miss|p1a: Paras
|
|turn|8
|
|switch|p1a: Wartortle|Wartortle, L85|274\/274
|move|p2a: Growlithe|Fire Blast|p1a: Wartortle
|-resisted|p1a: Wartortle
|-damage|p1a: Wartortle|212\/274
|-status|p1a: Wartortle|brn
|
|turn|9
|
|switch|p2a: Raticate|Raticate, L85|267\/267
|move|p1a: Wartortle|Hydro Pump|p2a: Raticate
|-damage|p2a: Raticate|131\/267
|-damage|p1a: Wartortle|195\/274 brn|[from] brn|[of] p2a: Raticate
|
|turn|10
|
|move|p2a: Raticate|Super Fang|p1a: Wartortle
|-damage|p1a: Wartortle|98\/274 brn
|move|p1a: Wartortle|Hydro Pump|p2a: Raticate
|-damage|p2a: Raticate|0 fnt
|faint|p2a: Raticate
|c|★2412i4198274214|omg this is retarded
|
|switch|p2a: Magneton|Magneton, L90|210\/273
|turn|11
|
|switch|p1a: Paras|Paras, L96|262\/262 par
|move|p2a: Magneton|Thunderbolt|p1a: Paras
|-resisted|p1a: Paras
|-damage|p1a: Paras|187\/262 par
|
|turn|12
|
|switch|p2a: Growlithe|Growlithe, L96|216\/300
|move|p1a: Paras|Stun Spore|p2a: Growlithe|[miss]
|-miss|p1a: Paras
|
|turn|13
|
|switch|p1a: Wartortle|Wartortle, L85|98\/274 brn
|-damage|p1a: Wartortle|81\/274 brn|[from] brn
|move|p2a: Growlithe|Fire Blast|p1a: Wartortle
|-resisted|p1a: Wartortle
|-damage|p1a: Wartortle|11\/274 brn
|
|turn|14
|
|move|p2a: Growlithe|Body Slam|p1a: Wartortle
|-damage|p1a: Wartortle|0 fnt
|faint|p1a: Wartortle
|
|switch|p1a: Machop|Machop, L96|329\/329
|turn|15
|
|move|p2a: Growlithe|Fire Blast|p1a: Machop|[miss]
|-miss|p2a: Growlithe
|move|p1a: Machop|Rock Slide|p2a: Growlithe
|-supereffective|p2a: Growlithe
|-damage|p2a: Growlithe|71\/300
|
|turn|16
|
|move|p2a: Growlithe|Fire Blast|p1a: Machop
|-damage|p1a: Machop|168\/329
|move|p1a: Machop|Earthquake|p2a: Growlithe
|-supereffective|p2a: Growlithe
|-damage|p2a: Growlithe|0 fnt
|faint|p2a: Growlithe
|
|switch|p2a: Alakazam|Alakazam, L79|249\/249
|turn|17
|c|★Dervodel|what a team
|
|move|p2a: Alakazam|Psychic|p1a: Machop
|-supereffective|p1a: Machop
|-damage|p1a: Machop|0 fnt
|faint|p1a: Machop
|
|switch|p1a: Paras|Paras, L96|187\/262 par
|turn|18
|
|move|p2a: Alakazam|Psychic|p1a: Paras
|-damage|p1a: Paras|73\/262 par
|move|p1a: Paras|Stun Spore|p2a: Alakazam
|-status|p2a: Alakazam|par
|
|turn|19
|c|★2412i4198274214|you're doing well though
|c|★2412i4198274214|was hoping this would be an instant kill
|
|move|p2a: Alakazam|Psychic|p1a: Paras
|-damage|p1a: Paras|0 fnt
|faint|p1a: Paras
|
|switch|p1a: Fearow|Fearow, L90|300\/300
|turn|20
|c|★2412i4198274214|ugh
|
|move|p1a: Fearow|Double-Edge|p2a: Alakazam
|-damage|p2a: Alakazam|71\/249 par
|-damage|p1a: Fearow|256\/300|[from] recoil|[of] p2a: Alakazam
|move|p2a: Alakazam|Thunder Wave|p1a: Fearow
|-status|p1a: Fearow|par
|
|turn|21
|c|★2412i4198274214|REALLY
|c|★2412i4198274214|71.5
|c|★2412i4198274214|hahaha
|
|switch|p2a: Magneton|Magneton, L90|210\/273
|cant|p1a: Fearow|par
|
|turn|22
|c|★2412i4198274214|ur team is not too bad either tbh
|
|switch|p1a: Haunter|Haunter, L85|250\/250
|move|p2a: Magneton|Thunderbolt|p1a: Haunter
|-damage|p1a: Haunter|134\/250
|-status|p1a: Haunter|par
|
|turn|23
|c|★Dervodel|lol
|c|★Dervodel|just lol
|c|★2412i4198274214|it isnt though
|
|move|p2a: Magneton|Thunderbolt|p1a: Haunter
|-damage|p1a: Haunter|16\/250 par
|move|p1a: Haunter|Confuse Ray|p2a: Magneton
|-start|p2a: Magneton|confusion
|
|turn|24
|
|-activate|p2a: Magneton|confusion
|-damage|p2a: Magneton|185\/273|[from] confusion
|move|p1a: Haunter|Explosion|p2a: Magneton
|-crit|p2a: Magneton
|-damage|p2a: Magneton|0 fnt
|faint|p2a: Magneton
|faint|p1a: Haunter
|c|★2412i4198274214|wp
|
|switch|p2a: Alakazam|Alakazam, L79|71\/249 par
|switch|p1a: Fearow|Fearow, L90|256\/300 par
|turn|25
|
|cant|p2a: Alakazam|par
|move|p1a: Fearow|Drill Peck|p2a: Alakazam
|-damage|p2a: Alakazam|0 fnt
|faint|p2a: Alakazam
|c|★2412i4198274214|of course
|c|★2412i4198274214|ffs
|
|switch|p2a: Slowbro|Slowbro, L79|312\/312 slp
|turn|26
|c|★Dervodel|oh stfu
|c|★2412i4198274214|yo, I was never personal
|c|★2412i4198274214|easy
|
|cant|p2a: Slowbro|slp
|move|p1a: Fearow|Double-Edge|p2a: Slowbro
|-damage|p2a: Slowbro|211\/312 slp
|-damage|p1a: Fearow|231\/300 par|[from] recoil|[of] p2a: Slowbro
|
|turn|27
|c|★Dervodel|is ok hombre
|c|★2412i4198274214|no its not
|c|★2412i4198274214|i was polite, come on
|c|★Dervodel|sry bro
|c|★2412i4198274214|ty, appreciate it
|c|★2412i4198274214|now let's finish the game, whoever may win
|c|★Dervodel|*tips hat*
|c|★2412i4198274214|i know u have a trick up your sleeve
|c|★2412i4198274214|its all goood
|
|cant|p2a: Slowbro|slp
|move|p1a: Fearow|Double-Edge|p2a: Slowbro
|-crit|p2a: Slowbro
|-damage|p2a: Slowbro|8\/312 slp
|-damage|p1a: Fearow|181\/300 par|[from] recoil|[of] p2a: Slowbro
|
|turn|28
|
|cant|p2a: Slowbro|slp
|move|p1a: Fearow|Double-Edge|p2a: Slowbro
|-damage|p2a: Slowbro|0 fnt
|-damage|p1a: Fearow|179\/300 par|[from] recoil|[of] p2a: Slowbro
|faint|p2a: Slowbro
|
|switch|p2a: Aerodactyl|Aerodactyl, L90|327\/327
|turn|29
|
|move|p2a: Aerodactyl|Sky Attack|p1a: Fearow|[still]
|-prepare|p2a: Aerodactyl|Sky Attack|p1a: Fearow
|move|p1a: Fearow|Double-Edge|p2a: Aerodactyl
|-resisted|p2a: Aerodactyl
|-damage|p2a: Aerodactyl|258\/327
|-damage|p1a: Fearow|162\/300 par|[from] recoil|[of] p2a: Aerodactyl
|
|turn|30
|c|★Dervodel|!weak aerodactyl
|raw|<div class="infobox">Aerodactyl (ignoring abilities):<br><span class="message-effect-weak">Weaknesses<\/span>: Electric, Ice, Rock, Steel, Water<br><span class="message-effect-resist">Resistances<\/span>: Bug, Fire, Flying, Normal, Poison<br><span class="message-effect-immune">Immunities<\/span>: Ground<\/div>
|c|★2412i4198274214|you're in the advantage here
|c|★2412i4198274214|i had no idea this was possible haha
|c|★2412i4198274214|sweet
|c|★Dervodel|its tough tho
|
|move|p2a: Aerodactyl|Sky Attack|p1a: Fearow
|-crit|p1a: Fearow
|-damage|p1a: Fearow|0 fnt
|faint|p1a: Fearow
|
|switch|p1a: Jynx|Jynx, L79|265\/265
|turn|31
|c|★2412i4198274214|oh no way
|c|★2412i4198274214|congrats
|c|★2412i4198274214|fucking jynx
|
|move|p2a: Aerodactyl|Sky Attack|p1a: Jynx|[still]
|-prepare|p2a: Aerodactyl|Sky Attack|p1a: Jynx
|move|p1a: Jynx|Blizzard|p2a: Aerodactyl
|-supereffective|p2a: Aerodactyl
|-damage|p2a: Aerodactyl|0 fnt
|faint|p2a: Aerodactyl
|
|win|Dervodel
|raw|Dervodel's rating: 1330 &rarr; <strong>1343<\/strong><br \/>(+13 for winning)
|raw|2412i4198274214's rating: 1191 &rarr; <strong>1176<\/strong><br \/>(-15 for losing)
|c|★Dervodel|gg
|c|★2412i4198274214|jynx is so overpwered
|c|★2412i4198274214|ah man this sucks
|c|★2412i4198274214|well played
|c|★2412i4198274214|gg
|c|★2412i4198274214|oh btw
|c|★2412i4198274214|the #1 on the ladder
|c|★2412i4198274214|andres something, I just played a 2nd account of him
|c|★Dervodel|me 2
|c|★2412i4198274214|he's not going to play his first anymore, which is #1, so he'll stay there
|c|★2412i4198274214|I beat him and then he started being a punk
|c|★2412i4198274214|ok, thought u'd know
|c|★Dervodel|ok
|c|★2412i4198274214|*should know
|c|★2412i4198274214|cya
|leave|2412i4198274214
|player|p2