|join|Dervodel
|join|Vultur
|player|p1|Dervodel|1
|player|p2|Vultur|169
|gametype|singles
|gen|1
|tier|[Gen 1] Random Battle
|rated
|seed|20501,23490,36708,3638
|rule|Sleep Clause Mod: Limit one foe put to sleep
|rule|Freeze Clause Mod: Limit one foe frozen
|rule|HP Percentage Mod: HP is shown in percentages
|
|start
|switch|p1a: Venusaur|Venusaur, L85|310\/310
|switch|p2a: Tauros|Tauros, L79|280\/280
|turn|1
|choice|move 2|move 4
|
|move|p2a: Tauros|Earthquake|p1a: Venusaur
|-damage|p1a: Venusaur|248\/310
|move|p1a: Venusaur|Razor Leaf|p2a: Tauros|[miss]
|-miss|p1a: Venusaur
|
|turn|2
|choice|move 2|move 2
|
|move|p2a: Tauros|Blizzard|p1a: Venusaur
|-crit|p1a: Venusaur
|-supereffective|p1a: Venusaur
|-damage|p1a: Venusaur|31\/310
|move|p1a: Venusaur|Razor Leaf|p2a: Tauros|[miss]
|-miss|p1a: Venusaur
|
|turn|3
|choice|move 3|move 1
|
|move|p2a: Tauros|Body Slam|p1a: Venusaur
|-damage|p1a: Venusaur|0 fnt
|faint|p1a: Venusaur
|choice|switch 6|
|
|switch|p1a: Charizard|Charizard, L85|306\/306
|turn|4
|choice|move 2|move 4
|
|move|p1a: Charizard|Body Slam|p2a: Tauros
|-damage|p2a: Tauros|227\/280
|move|p2a: Tauros|Earthquake|p1a: Charizard
|-immune|p1a: Charizard|[msg]
|
|turn|5
|choice|move 4|move 1
|
|move|p1a: Charizard|Earthquake|p2a: Tauros
|-damage|p2a: Tauros|157\/280
|move|p2a: Tauros|Body Slam|p1a: Charizard
|-crit|p1a: Charizard
|-damage|p1a: Charizard|123\/306
|-status|p1a: Charizard|par
|
|turn|6
|choice|move 3|move 1
|
|move|p2a: Tauros|Body Slam|p1a: Charizard
|-damage|p1a: Charizard|29\/306 par
|move|p1a: Charizard|Hyper Beam|p2a: Tauros
|-damage|p2a: Tauros|62\/280
|
|turn|7
|-mustrecharge|p1a: Charizard
|-mustrecharge|p1a: Charizard
|choice|move 1|move 1
|
|move|p2a: Tauros|Body Slam|p1a: Charizard
|-damage|p1a: Charizard|0 fnt
|faint|p1a: Charizard
|choice|switch 3|
|
|switch|p1a: Electrode|Electrode, L90|291\/291
|turn|8
|choice|move 2|move 4
|
|move|p1a: Electrode|Thunderbolt|p2a: Tauros
|-damage|p2a: Tauros|0 fnt
|faint|p2a: Tauros
|choice||switch 3
|
|switch|p2a: Pikachu|Pikachu, L96|262\/262
|turn|9
|choice|move 4|move 2
|
|move|p1a: Electrode|Thunder Wave|p2a: Pikachu
|-status|p2a: Pikachu|par
|move|p2a: Pikachu|Thunder Wave|p1a: Electrode
|-status|p1a: Electrode|par
|
|turn|10
|choice|move 2|move 4
|
|move|p1a: Electrode|Thunderbolt|p2a: Pikachu
|-resisted|p2a: Pikachu
|-damage|p2a: Pikachu|196\/262 par
|cant|p2a: Pikachu|par
|
|turn|11
|choice|move 2|move 4
|
|move|p1a: Electrode|Thunderbolt|p2a: Pikachu
|-resisted|p2a: Pikachu
|-damage|p2a: Pikachu|133\/262 par
|move|p2a: Pikachu|Surf|p1a: Electrode
|-damage|p1a: Electrode|229\/291 par
|
|turn|12
|choice|move 2|move 4
|
|move|p1a: Electrode|Thunderbolt|p2a: Pikachu
|-resisted|p2a: Pikachu
|-damage|p2a: Pikachu|73\/262 par
|cant|p2a: Pikachu|par
|
|turn|13
|choice|move 2|move 4
|
|move|p1a: Electrode|Thunderbolt|p2a: Pikachu
|-resisted|p2a: Pikachu
|-damage|p2a: Pikachu|10\/262 par
|move|p2a: Pikachu|Surf|p1a: Electrode
|-damage|p1a: Electrode|167\/291 par
|
|turn|14
|choice|move 2|move 4
|
|move|p1a: Electrode|Thunderbolt|p2a: Pikachu
|-resisted|p2a: Pikachu
|-damage|p2a: Pikachu|0 fnt
|faint|p2a: Pikachu
|choice||switch 5
|
|switch|p2a: Venomoth|Venomoth, L85|293\/293
|turn|15
|choice|move 4|move 2
|
|move|p2a: Venomoth|Psychic|p1a: Electrode
|-damage|p1a: Electrode|99\/291 par
|move|p1a: Electrode|Thunder Wave|p2a: Venomoth
|-status|p2a: Venomoth|par
|
|turn|16
|choice|move 2|move 2
|
|move|p1a: Electrode|Thunderbolt|p2a: Venomoth
|-damage|p2a: Venomoth|196\/293 par
|move|p2a: Venomoth|Psychic|p1a: Electrode
|-crit|p1a: Electrode
|-damage|p1a: Electrode|0 fnt
|faint|p1a: Electrode
|choice|switch 5|
|
|switch|p1a: Jynx|Jynx, L79|265\/265
|turn|17
|choice|move 4|move 1
|
|move|p1a: Jynx|Blizzard|p2a: Venomoth
|-damage|p2a: Venomoth|84\/293 par
|move|p2a: Venomoth|Sleep Powder|p1a: Jynx
|-status|p1a: Jynx|slp
|
|turn|18
|choice|move 4|switch 4
|
|switch|p2a: Koffing|Koffing, L96|272\/272
|cant|p1a: Jynx|slp
|
|turn|19
|choice|switch 2|move 4
|
|switch|p1a: Nidorina|Nidorina, L90|309\/309
|move|p2a: Koffing|Fire Blast|p1a: Nidorina
|-crit|p1a: Nidorina
|-damage|p1a: Nidorina|110\/309
|
|turn|20
|choice|move 1|move 4
|
|move|p1a: Nidorina|Thunder|p2a: Koffing|[miss]
|-miss|p1a: Nidorina
|move|p2a: Koffing|Fire Blast|p1a: Nidorina
|-crit|p1a: Nidorina
|-damage|p1a: Nidorina|0 fnt
|faint|p1a: Nidorina
|choice|switch 4|
|
|switch|p1a: Graveler|Graveler, L85|267\/267
|turn|21
|choice|move 4|switch 6
|
|switch|p2a: Seaking|Seaking, L90|327\/327
|move|p1a: Graveler|Earthquake|p2a: Seaking
|-damage|p2a: Seaking|211\/327
|
|turn|22
|choice|switch 2|move 4
|
|switch|p1a: Jynx|Jynx, L79|265\/265 slp
|move|p2a: Seaking|Surf|p1a: Jynx
|-damage|p1a: Jynx|156\/265 slp
|
|turn|23
|choice|move 2|move 4
|
|cant|p1a: Jynx|slp
|move|p2a: Seaking|Surf|p1a: Jynx
|-damage|p1a: Jynx|60\/265 slp
|
|turn|24
|choice|move 2|move 4
|
|-curestatus|p1a: Jynx|slp
|move|p2a: Seaking|Surf|p1a: Jynx
|-damage|p1a: Jynx|0 fnt
|faint|p1a: Jynx
|choice|switch 2|
|
|switch|p1a: Graveler|Graveler, L85|267\/267
|turn|25
|choice|move 2|move 4
|
|move|p2a: Seaking|Surf|p1a: Graveler
|-supereffective|p1a: Graveler
|-damage|p1a: Graveler|0 fnt
|faint|p1a: Graveler
|
|win|Vultur
|raw|Dervodel's rating: 1342 &rarr; <strong>1313<\/strong><br \/>(-29 for losing)
|raw|Vultur's rating: 1187 &rarr; <strong>1223<\/strong><br \/>(+36 for winning)