|join|MALESANI
|join|johmpoh
|player|p1|MALESANI|238
|player|p2|johmpoh|162
|gametype|singles
|gen|1
|tier|[Gen 1] Random Battle
|rated
|seed|52063,27949,28489,58727
|rule|Sleep Clause Mod: Limit one foe put to sleep
|rule|Freeze Clause Mod: Limit one foe frozen
|rule|HP Percentage Mod: HP is shown in percentages
|
|start
|switch|p1a: Horsea|Horsea, L96|252\/252
|switch|p2a: Golbat|Golbat, L90|318\/318
|turn|1
|choice|move 4|move 2
|
|move|p2a: Golbat|Mega Drain|p1a: Horsea
|-supereffective|p1a: Horsea
|-damage|p1a: Horsea|202\/252
|move|p1a: Horsea|Blizzard|p2a: Golbat
|-supereffective|p2a: Golbat
|-damage|p2a: Golbat|120\/318
|
|turn|2
|choice|move 3|move 1
|
|move|p2a: Golbat|Confuse Ray|p1a: Horsea
|-start|p1a: Horsea|confusion
|-activate|p1a: Horsea|confusion
|-damage|p1a: Horsea|176\/252|[from] confusion
|
|turn|3
|choice|move 3|move 3
|
|move|p2a: Golbat|Screech|p1a: Horsea
|-unboost|p1a: Horsea|def|2
|-activate|p1a: Horsea|confusion
|move|p1a: Horsea|Hydro Pump|p2a: Golbat|[miss]
|-miss|p1a: Horsea
|
|turn|4
|choice|switch 3|move 4
|
|switch|p1a: Magnemite|Magnemite, L96|243\/243
|move|p2a: Golbat|Hyper Beam|p1a: Magnemite
|-crit|p1a: Magnemite
|-damage|p1a: Magnemite|50\/243
|
|turn|5
|-mustrecharge|p2a: Golbat
|-mustrecharge|p2a: Golbat
|choice|move 4|move 1
|
|cant|p2a: Golbat|recharge
|move|p1a: Magnemite|Thunder Wave|p2a: Golbat
|-status|p2a: Golbat|par
|
|turn|6
|choice|move 2|switch 5
|
|switch|p2a: Dugtrio|Dugtrio, L85|233\/233
|move|p1a: Magnemite|Thunderbolt|p2a: Dugtrio
|-immune|p2a: Dugtrio|[msg]
|
|turn|7
|choice|switch 5|move 1
|
|switch|p1a: Dragonite|Dragonite, L85|328\/328
|move|p2a: Dugtrio|Earthquake|p1a: Dragonite
|-immune|p1a: Dragonite|[msg]
|
|turn|8
|choice|move 3|move 4
|
|move|p2a: Dugtrio|Sand Attack|p1a: Dragonite
|-unboost|p1a: Dragonite|accuracy|1
|move|p1a: Dragonite|Surf|p2a: Dugtrio
|-supereffective|p2a: Dugtrio
|-damage|p2a: Dugtrio|68\/233
|
|turn|9
|choice|move 3|move 4
|
|move|p2a: Dugtrio|Sand Attack|p1a: Dragonite
|-unboost|p1a: Dragonite|accuracy|1
|move|p1a: Dragonite|Surf|p2a: Dugtrio
|-supereffective|p2a: Dugtrio
|-damage|p2a: Dugtrio|0 fnt
|faint|p2a: Dugtrio
|choice||switch 3
|
|switch|p2a: Pinsir|Pinsir, L85|284\/284
|turn|10
|choice|switch 5|move 3
|
|switch|p1a: Magnemite|Magnemite, L96|50\/243
|move|p2a: Pinsir|Swords Dance|p2a: Pinsir
|-boost|p2a: Pinsir|atk|2
|
|turn|11
|choice|move 4|move 1
|
|move|p2a: Pinsir|Body Slam|p1a: Magnemite
|-damage|p1a: Magnemite|0 fnt
|faint|p1a: Magnemite
|choice|switch 4|
|
|switch|p1a: Arcanine|Arcanine, L85|327\/327
|turn|12
|choice|move 4|switch 2
|
|switch|p2a: Gyarados|Gyarados, L85|335\/335
|move|p1a: Arcanine|Fire Blast|p2a: Gyarados
|-resisted|p2a: Gyarados
|-damage|p2a: Gyarados|284\/335
|
|turn|13
|choice|switch 3|move 4
|
|switch|p1a: Horsea|Horsea, L96|176\/252
|move|p2a: Gyarados|Surf|p1a: Horsea
|-resisted|p1a: Horsea
|-damage|p1a: Horsea|127\/252
|
|turn|14
|choice|move 4|move 3
|
|move|p2a: Gyarados|Thunderbolt|p1a: Horsea
|-supereffective|p1a: Horsea
|-damage|p1a: Horsea|0 fnt
|faint|p1a: Horsea
|choice|switch 5|
|
|switch|p1a: Dragonite|Dragonite, L85|328\/328
|turn|15
|choice|move 4|move 3
|
|move|p2a: Gyarados|Thunderbolt|p1a: Dragonite
|-crit|p1a: Dragonite
|-damage|p1a: Dragonite|202\/328
|move|p1a: Dragonite|Thunder Wave|p2a: Gyarados
|-status|p2a: Gyarados|par
|
|turn|16
|choice|move 2|move 1
|
|move|p1a: Dragonite|Ice Beam|p2a: Gyarados
|-damage|p2a: Gyarados|215\/335 par
|move|p2a: Gyarados|Blizzard|p1a: Dragonite
|-supereffective|p1a: Dragonite
|-damage|p1a: Dragonite|0 fnt
|faint|p1a: Dragonite
|choice|switch 6|
|
|switch|p1a: Poliwhirl|Poliwhirl, L85|284\/284
|turn|17
|choice|move 1|switch 5
|
|switch|p2a: Golbat|Golbat, L90|120\/318 par
|move|p1a: Poliwhirl|Amnesia|p1a: Poliwhirl
|-boost|p1a: Poliwhirl|spd|2
|-boost|p1a: Poliwhirl|spa|2
|
|turn|18
|choice|move 3|move 3
|
|move|p1a: Poliwhirl|Psychic|p2a: Golbat
|-crit|p2a: Golbat
|-supereffective|p2a: Golbat
|-damage|p2a: Golbat|0 fnt
|faint|p2a: Golbat
|choice||switch 2
|
|switch|p2a: Pinsir|Pinsir, L85|284\/284
|turn|19
|choice|move 1|move 3
|
|move|p1a: Poliwhirl|Amnesia|p1a: Poliwhirl
|-boost|p1a: Poliwhirl|spd|2
|-boost|p1a: Poliwhirl|spa|2
|move|p2a: Pinsir|Swords Dance|p2a: Pinsir
|-boost|p2a: Pinsir|atk|2
|
|turn|20
|choice|move 2|move 1
|
|move|p1a: Poliwhirl|Surf|p2a: Pinsir
|-damage|p2a: Pinsir|0 fnt
|faint|p2a: Pinsir
|choice||switch 5
|
|switch|p2a: Gyarados|Gyarados, L85|215\/335 par
|turn|21
|choice|move 2|move 4
|
|move|p1a: Poliwhirl|Surf|p2a: Gyarados
|-resisted|p2a: Gyarados
|-damage|p2a: Gyarados|121\/335 par
|move|p2a: Gyarados|Surf|p1a: Poliwhirl
|-resisted|p1a: Poliwhirl
|-damage|p1a: Poliwhirl|259\/284
|
|turn|22
|choice|move 1|move 3
|
|move|p1a: Poliwhirl|Amnesia|p1a: Poliwhirl
|-boost|p1a: Poliwhirl|spd|2
|-boost|p1a: Poliwhirl|spa|2
|cant|p2a: Gyarados|par
|
|turn|23
|choice|move 3|move 1
|
|move|p1a: Poliwhirl|Psychic|p2a: Gyarados
|-damage|p2a: Gyarados|0 fnt
|faint|p2a: Gyarados
|choice||switch 6
|
|switch|p2a: Magmar|Magmar, L90|300\/300
|turn|24
|choice|move 2|move 2
|
|move|p2a: Magmar|Confuse Ray|p1a: Poliwhirl
|-start|p1a: Poliwhirl|confusion
|-activate|p1a: Poliwhirl|confusion
|move|p1a: Poliwhirl|Surf|p2a: Magmar
|-crit|p2a: Magmar
|-supereffective|p2a: Magmar
|-damage|p2a: Magmar|41\/300
|
|turn|25
|choice|move 2|move 1
|
|move|p2a: Magmar|Body Slam|p1a: Poliwhirl
|-crit|p1a: Poliwhirl
|-damage|p1a: Poliwhirl|98\/284
|-status|p1a: Poliwhirl|par
|cant|p1a: Poliwhirl|par
|
|turn|26
|choice|move 2|move 1
|
|move|p2a: Magmar|Body Slam|p1a: Poliwhirl
|-damage|p1a: Poliwhirl|24\/284 par
|-end|p1a: Poliwhirl|confusion
|move|p1a: Poliwhirl|Surf|p2a: Magmar
|-supereffective|p2a: Magmar
|-damage|p2a: Magmar|0 fnt
|faint|p2a: Magmar
|choice||switch 4
|
|switch|p2a: Nidorino|Nidorino, L90|293\/293
|turn|27
|choice|move 3|move 3
|
|move|p2a: Nidorino|Thunder|p1a: Poliwhirl
|-supereffective|p1a: Poliwhirl
|-damage|p1a: Poliwhirl|0 fnt
|faint|p1a: Poliwhirl
|choice|switch 2|
|
|switch|p1a: Exeggutor|Exeggutor, L79|312\/312
|turn|28
|choice|move 2|move 1
|
|move|p2a: Nidorino|Blizzard|p1a: Exeggutor
|-supereffective|p1a: Exeggutor
|-damage|p1a: Exeggutor|192\/312
|move|p1a: Exeggutor|Hyper Beam|p2a: Nidorino
|-damage|p2a: Nidorino|175\/293
|
|turn|29
|-mustrecharge|p1a: Exeggutor
|-mustrecharge|p1a: Exeggutor
|choice|move 1|move 1
|
|move|p2a: Nidorino|Blizzard|p1a: Exeggutor
|-supereffective|p1a: Exeggutor
|-damage|p1a: Exeggutor|70\/312
|-status|p1a: Exeggutor|frz
|cant|p1a: Exeggutor|recharge
|
|turn|30
|choice|switch 3|move 2
|
|switch|p1a: Arcanine|Arcanine, L85|327\/327
|move|p2a: Nidorino|Substitute|p2a: Nidorino
|-start|p2a: Nidorino|Substitute
|-damage|p2a: Nidorino|102\/293
|
|turn|31
|choice|move 4|move 3
|
|move|p1a: Arcanine|Fire Blast|p2a: Nidorino|[miss]
|-miss|p1a: Arcanine
|move|p2a: Nidorino|Thunder|p1a: Arcanine
|-damage|p1a: Arcanine|249\/327
|
|turn|32
|choice|move 4|move 4
|
|move|p1a: Arcanine|Fire Blast|p2a: Nidorino
|-end|p2a: Nidorino|Substitute
|move|p2a: Nidorino|Leer|p1a: Arcanine
|-unboost|p1a: Arcanine|def|1
|
|turn|33
|choice|move 4|move 3
|
|move|p1a: Arcanine|Fire Blast|p2a: Nidorino
|-damage|p2a: Nidorino|0 fnt
|faint|p2a: Nidorino
|
|win|MALESANI
|raw|MALESANI's rating: 1333 &rarr; <strong>1342<\/strong><br \/>(+9 for winning)
|raw|johmpoh's rating: 1115 &rarr; <strong>1104<\/strong><br \/>(-11 for losing)
|leave|johmpoh
|player|p2