|join|riwu
|join|poopyface5000
|player|p1|riwu|2
|player|p2|poopyface5000|169
|gametype|singles
|gen|1
|tier|[Gen 1] Random Battle
|rated
|seed|30813,17402,45705,16273
|rule|Sleep Clause Mod: Limit one foe put to sleep
|rule|Freeze Clause Mod: Limit one foe frozen
|rule|HP Percentage Mod: HP is shown in percentages
|
|start
|switch|p1a: Ponyta|Ponyta, L96|291\/291
|switch|p2a: Kangaskhan|Kangaskhan, L85|352\/352
|turn|1
|c|★poopyface5000|hi
|choice|move 3|move 3
|
|move|p1a: Ponyta|Fire Blast|p2a: Kangaskhan
|-damage|p2a: Kangaskhan|174\/352
|move|p2a: Kangaskhan|Earthquake|p1a: Ponyta
|-supereffective|p1a: Ponyta
|-damage|p1a: Ponyta|116\/291
|
|turn|2
|choice|move 3|move 3
|
|move|p1a: Ponyta|Fire Blast|p2a: Kangaskhan
|-damage|p2a: Kangaskhan|0 fnt
|faint|p2a: Kangaskhan
|choice||switch 5
|
|switch|p2a: Alakazam|Alakazam, L79|249\/249
|turn|3
|choice|move 4|move 1
|
|move|p2a: Alakazam|Psychic|p1a: Ponyta
|-damage|p1a: Ponyta|0 fnt
|faint|p1a: Ponyta
|choice|switch 4|
|
|switch|p1a: Onix|Onix, L90|246\/246
|turn|4
|choice|move 2|switch 3
|
|switch|p2a: Gyarados|Gyarados, L85|335\/335
|move|p1a: Onix|Explosion|p2a: Gyarados
|-damage|p2a: Gyarados|145\/335
|faint|p1a: Onix
|choice|switch 3|
|
|switch|p1a: Machamp|Machamp, L90|345\/345
|turn|5
|choice|move 2|move 1
|
|move|p2a: Gyarados|Body Slam|p1a: Machamp
|-damage|p1a: Machamp|272\/345
|move|p1a: Machamp|Rock Slide|p2a: Gyarados|[miss]
|-miss|p1a: Machamp
|
|turn|6
|choice|move 2|move 4
|
|move|p2a: Gyarados|Hyper Beam|p1a: Machamp
|-damage|p1a: Machamp|135\/345
|move|p1a: Machamp|Rock Slide|p2a: Gyarados
|-supereffective|p2a: Gyarados
|-damage|p2a: Gyarados|0 fnt
|faint|p2a: Gyarados
|choice||switch 3
|
|switch|p2a: Alakazam|Alakazam, L79|249\/249
|turn|7
|choice|move 4|move 1
|
|move|p2a: Alakazam|Psychic|p1a: Machamp
|-supereffective|p1a: Machamp
|-damage|p1a: Machamp|0 fnt
|faint|p1a: Machamp
|choice|switch 6|
|
|switch|p1a: Lapras|Lapras, L79|367\/367
|turn|8
|choice|move 4|move 1
|
|move|p2a: Alakazam|Psychic|p1a: Lapras
|-damage|p1a: Lapras|253\/367
|move|p1a: Lapras|Confuse Ray|p2a: Alakazam
|-start|p2a: Alakazam|confusion
|
|turn|9
|choice|move 3|move 1
|
|-activate|p2a: Alakazam|confusion
|-damage|p2a: Alakazam|220\/249|[from] confusion
|move|p1a: Lapras|Body Slam|p2a: Alakazam
|-damage|p2a: Alakazam|142\/249
|
|turn|10
|choice|move 3|move 4
|
|-end|p2a: Alakazam|confusion
|move|p2a: Alakazam|Recover|p2a: Alakazam
|-heal|p2a: Alakazam|249\/249
|move|p1a: Lapras|Body Slam|p2a: Alakazam
|-crit|p2a: Alakazam
|-damage|p2a: Alakazam|100\/249
|-status|p2a: Alakazam|par
|
|turn|11
|choice|move 4|switch 2
|
|switch|p2a: Gastly|Gastly, L96|252\/252
|move|p1a: Lapras|Confuse Ray|p2a: Gastly
|-start|p2a: Gastly|confusion
|
|turn|12
|c|★poopyface5000|!weakness lapras
|raw|<div class="infobox">Lapras (ignoring abilities):<br><span class="message-effect-weak">Weaknesses<\/span>: Electric, Fighting, Grass, Rock<br><span class="message-effect-resist">Resistances<\/span>: <b>Ice<\/b>, Water<br><span class="message-effect-immune">Immunities<\/span>: <font color=#999999>None<\/font><\/div>
|choice|move 1|move 4
|
|-activate|p2a: Gastly|confusion
|move|p2a: Gastly|Mega Drain|p1a: Lapras
|-supereffective|p1a: Lapras
|-damage|p1a: Lapras|184\/367
|move|p1a: Lapras|Ice Beam|p2a: Gastly
|-damage|p2a: Gastly|184\/252
|
|turn|13
|choice|move 2|move 2
|
|-end|p2a: Gastly|confusion
|move|p2a: Gastly|Confuse Ray|p1a: Lapras
|-start|p1a: Lapras|confusion
|-activate|p1a: Lapras|confusion
|move|p1a: Lapras|Rest|p1a: Lapras
|-status|p1a: Lapras|slp
|-heal|p1a: Lapras|367\/367 slp|[silent]
|-status|p1a: Lapras|slp|[from] move: Rest
|
|turn|14
|choice|move 1|switch 4
|
|switch|p2a: Lickitung|Lickitung, L90|345\/345
|cant|p1a: Lapras|slp
|
|turn|15
|choice|move 4|move 2
|
|-curestatus|p1a: Lapras|slp
|move|p2a: Lickitung|Swords Dance|p2a: Lickitung
|-boost|p2a: Lickitung|atk|2
|
|turn|16
|choice|move 4|move 3
|
|-activate|p1a: Lapras|confusion
|move|p1a: Lapras|Confuse Ray|p2a: Lickitung
|-start|p2a: Lickitung|confusion
|-activate|p2a: Lickitung|confusion
|move|p2a: Lickitung|Body Slam|p1a: Lapras
|-damage|p1a: Lapras|196\/367
|
|turn|17
|choice|move 1|move 3
|
|-activate|p1a: Lapras|confusion
|move|p1a: Lapras|Ice Beam|p2a: Lickitung
|-damage|p2a: Lickitung|247\/345
|-activate|p2a: Lickitung|confusion
|move|p2a: Lickitung|Body Slam|p1a: Lapras
|-crit|p1a: Lapras
|-damage|p1a: Lapras|46\/367
|-status|p1a: Lapras|par
|
|turn|18
|choice|move 2|move 4
|
|-activate|p2a: Lickitung|confusion
|move|p2a: Lickitung|Earthquake|p1a: Lapras
|-damage|p1a: Lapras|0 fnt
|faint|p1a: Lapras
|choice|switch 2|
|
|switch|p1a: Nidoran-F|Nidoran-F, L96|300\/300
|turn|19
|choice|move 4|move 3
|
|move|p1a: Nidoran-F|Body Slam|p2a: Lickitung
|-damage|p2a: Lickitung|198\/345
|-activate|p2a: Lickitung|confusion
|-damage|p2a: Lickitung|146\/345|[from] confusion
|
|turn|20
|choice|move 4|move 1
|
|move|p1a: Nidoran-F|Body Slam|p2a: Lickitung
|-damage|p2a: Lickitung|88\/345
|-end|p2a: Lickitung|confusion
|move|p2a: Lickitung|Hyper Beam|p1a: Nidoran-F|[miss]
|-miss|p2a: Lickitung
|
|turn|21
|choice|move 4|move 1
|
|move|p1a: Nidoran-F|Body Slam|p2a: Lickitung
|-damage|p2a: Lickitung|37\/345
|move|p2a: Lickitung|Hyper Beam|p1a: Nidoran-F
|-damage|p1a: Nidoran-F|0 fnt
|faint|p1a: Nidoran-F
|choice|switch 5|
|
|switch|p1a: Metapod|Metapod, L99|300\/300
|turn|22
|choice|move 1|move 3
|
|move|p1a: Metapod|Tackle|p2a: Lickitung
|-damage|p2a: Lickitung|21\/345
|move|p2a: Lickitung|Body Slam|p1a: Metapod
|-damage|p1a: Metapod|127\/300
|
|turn|23
|choice|move 1|move 1
|
|move|p1a: Metapod|Tackle|p2a: Lickitung
|-damage|p2a: Lickitung|4\/345
|move|p2a: Lickitung|Hyper Beam|p1a: Metapod
|-damage|p1a: Metapod|0 fnt
|faint|p1a: Metapod
|
|win|poopyface5000
|raw|riwu's rating: 1508 &rarr; <strong>1474<\/strong><br \/>(-34 for losing)
|raw|poopyface5000's rating: 1215 &rarr; <strong>1257<\/strong><br \/>(+42 for winning)
|leave|poopyface5000
|player|p2