|j|ChopChokeChamp
|j|LJDARKTHUNDER
|player|p1|ChopChokeChamp|113
|player|p2|LJDARKTHUNDER|50
|gametype|singles
|gen|1
|tier|[Gen 1] Random Battle
|rated
|seed|61345,4494,41201,4706
|rule|Sleep Clause Mod: Limit one foe put to sleep
|rule|Freeze Clause Mod: Limit one foe frozen
|rule|HP Percentage Mod: HP is shown in percentages
|
|start
|switch|p1a: Hitmonlee|Hitmonlee, L90|273\/273
|switch|p2a: Bellsprout|Bellsprout, L96|291\/291
|turn|1
|choice|move 2|move 1
|
|move|p1a: Hitmonlee|Body Slam|p2a: Bellsprout
|-damage|p2a: Bellsprout|182\/291
|-status|p2a: Bellsprout|par
|cant|p2a: Bellsprout|par
|
|turn|2
|choice|move 2|move 1
|
|move|p1a: Hitmonlee|Body Slam|p2a: Bellsprout
|-damage|p2a: Bellsprout|64\/291 par
|cant|p2a: Bellsprout|par
|
|turn|3
|choice|move 2|move 1
|
|move|p1a: Hitmonlee|Body Slam|p2a: Bellsprout
|-damage|p2a: Bellsprout|0 fnt
|faint|p2a: Bellsprout
|choice||switch 2
|
|switch|p2a: Zapdos|Zapdos, L79|304\/304
|turn|4
|choice|switch 6|move 3
|
|switch|p1a: Electabuzz|Electabuzz, L85|284\/284
|move|p2a: Zapdos|Drill Peck|p1a: Electabuzz
|-resisted|p1a: Electabuzz
|-damage|p1a: Electabuzz|240\/284
|
|turn|5
|choice|move 2|switch 4
|
|switch|p2a: Mew|Mew, L74|300\/300
|move|p1a: Electabuzz|Thunder Wave|p2a: Mew
|-status|p2a: Mew|par
|
|turn|6
|choice|switch 3|move 3
|
|switch|p1a: Starmie|Starmie, L79|257\/257
|move|p2a: Mew|Earthquake|p1a: Starmie
|-damage|p1a: Starmie|198\/257
|
|turn|7
|choice|move 2|switch 4
|
|switch|p2a: Zapdos|Zapdos, L79|304\/304
|move|p1a: Starmie|Blizzard|p2a: Zapdos
|-crit|p2a: Zapdos
|-supereffective|p2a: Zapdos
|-damage|p2a: Zapdos|39\/304
|
|turn|8
|choice|move 4|move 4
|
|move|p1a: Starmie|Thunderbolt|p2a: Zapdos
|-damage|p2a: Zapdos|0 fnt
|faint|p2a: Zapdos
|choice||switch 3
|
|switch|p2a: Caterpie|Caterpie, L99|290\/290
|turn|9
|choice|switch 6|move 2
|
|switch|p1a: Hitmonlee|Hitmonlee, L90|273\/273
|move|p2a: Caterpie|String Shot|p1a: Hitmonlee
|-unboost|p1a: Hitmonlee|spe|1
|
|turn|10
|choice|move 3|move 2
|
|move|p2a: Caterpie|String Shot|p1a: Hitmonlee
|-unboost|p1a: Hitmonlee|spe|1
|move|p1a: Hitmonlee|Substitute|p1a: Hitmonlee
|-start|p1a: Hitmonlee|Substitute
|-damage|p1a: Hitmonlee|205\/273
|
|turn|11
|choice|move 2|move 1
|
|move|p2a: Caterpie|Tackle|p1a: Hitmonlee
|-activate|p1a: Hitmonlee|Substitute|[damage]
|move|p1a: Hitmonlee|Body Slam|p2a: Caterpie
|-damage|p2a: Caterpie|188\/290
|-status|p2a: Caterpie|par
|
|turn|12
|choice|move 2|move 1
|
|move|p1a: Hitmonlee|Body Slam|p2a: Caterpie
|-damage|p2a: Caterpie|72\/290 par
|move|p2a: Caterpie|Tackle|p1a: Hitmonlee
|-activate|p1a: Hitmonlee|Substitute|[damage]
|
|turn|13
|choice|move 2|move 1
|
|move|p1a: Hitmonlee|Body Slam|p2a: Caterpie
|-damage|p2a: Caterpie|0 fnt
|faint|p2a: Caterpie
|choice||switch 4
|
|switch|p2a: Mew|Mew, L74|300\/300 par
|turn|14
|choice|move 1|move 1
|
|move|p1a: Hitmonlee|Seismic Toss|p2a: Mew
|-damage|p2a: Mew|210\/300 par
|cant|p2a: Mew|par
|
|turn|15
|choice|move 1|move 1
|
|move|p1a: Hitmonlee|Seismic Toss|p2a: Mew
|-damage|p2a: Mew|120\/300 par
|cant|p2a: Mew|par
|
|turn|16
|choice|move 1|move 1
|
|move|p1a: Hitmonlee|Seismic Toss|p2a: Mew
|-damage|p2a: Mew|30\/300 par
|move|p2a: Mew|Psychic|p1a: Hitmonlee
|-crit|p1a: Hitmonlee
|-supereffective|p1a: Hitmonlee
|-end|p1a: Hitmonlee|Substitute
|
|turn|17
|choice|move 2|move 1
|
|move|p1a: Hitmonlee|Body Slam|p2a: Mew
|-damage|p2a: Mew|0 fnt
|faint|p2a: Mew
|choice||switch 5
|
|switch|p2a: Alakazam|Alakazam, L79|249\/249
|turn|18
|choice|move 2|move 2
|
|move|p2a: Alakazam|Thunder Wave|p1a: Hitmonlee
|-status|p1a: Hitmonlee|par
|cant|p1a: Hitmonlee|par
|
|turn|19
|choice|move 2|move 1
|
|move|p2a: Alakazam|Psychic|p1a: Hitmonlee
|-crit|p1a: Hitmonlee
|-supereffective|p1a: Hitmonlee
|-damage|p1a: Hitmonlee|0 fnt
|faint|p1a: Hitmonlee
|choice|switch 3|
|
|switch|p1a: Electabuzz|Electabuzz, L85|240\/284
|turn|20
|choice|move 2|move 4
|
|move|p2a: Alakazam|Seismic Toss|p1a: Electabuzz
|-damage|p1a: Electabuzz|161\/284
|move|p1a: Electabuzz|Thunder Wave|p2a: Alakazam
|-status|p2a: Alakazam|par
|
|turn|21
|choice|move 4|move 4
|
|move|p1a: Electabuzz|Thunderbolt|p2a: Alakazam
|-damage|p2a: Alakazam|174\/249 par
|move|p2a: Alakazam|Seismic Toss|p1a: Electabuzz
|-damage|p1a: Electabuzz|82\/284
|
|turn|22
|choice|move 4|move 4
|
|move|p1a: Electabuzz|Thunderbolt|p2a: Alakazam
|-damage|p2a: Alakazam|100\/249 par
|cant|p2a: Alakazam|par
|
|turn|23
|choice|move 4|move 3
|
|move|p1a: Electabuzz|Thunderbolt|p2a: Alakazam
|-damage|p2a: Alakazam|29\/249 par
|cant|p2a: Alakazam|par
|
|turn|24
|choice|move 4|move 3
|
|move|p1a: Electabuzz|Thunderbolt|p2a: Alakazam
|-damage|p2a: Alakazam|0 fnt
|faint|p2a: Alakazam
|choice||switch 6
|
|switch|p2a: Snorlax|Snorlax, L79|415\/415
|turn|25
|choice|move 2|move 3
|
|move|p1a: Electabuzz|Thunder Wave|p2a: Snorlax
|-status|p2a: Snorlax|par
|cant|p2a: Snorlax|par
|
|turn|26
|choice|move 4|move 3
|
|move|p1a: Electabuzz|Thunderbolt|p2a: Snorlax
|-damage|p2a: Snorlax|291\/415 par
|move|p2a: Snorlax|Blizzard|p1a: Electabuzz
|-damage|p1a: Electabuzz|21\/284
|
|turn|27
|choice|move 4|move 3
|
|move|p1a: Electabuzz|Thunderbolt|p2a: Snorlax
|-damage|p2a: Snorlax|169\/415 par
|move|p2a: Snorlax|Blizzard|p1a: Electabuzz|[miss]
|-miss|p2a: Snorlax
|
|turn|28
|choice|move 4|move 3
|
|move|p1a: Electabuzz|Thunderbolt|p2a: Snorlax
|-damage|p2a: Snorlax|42\/415 par
|move|p2a: Snorlax|Blizzard|p1a: Electabuzz
|-damage|p1a: Electabuzz|0 fnt
|faint|p1a: Electabuzz
|c|★LJDARKTHUNDER|gg
|choice|switch 6|
|
|switch|p1a: Starmie|Starmie, L79|198\/257
|turn|29
|choice|move 4|move 4
|
|move|p1a: Starmie|Thunderbolt|p2a: Snorlax
|-damage|p2a: Snorlax|0 fnt
|faint|p2a: Snorlax
|
|win|ChopChokeChamp
|c|★ChopChokeChamp|gg
|raw|ChopChokeChamp's rating: 1110 &rarr; <strong>1129<\/strong><br \/>(+19 for winning)
|raw|LJDARKTHUNDER's rating: 1022 &rarr; <strong>1012<\/strong><br \/>(-10 for losing)
|l|LJDARKTHUNDER
|player|p2