|j|librarynoob
|j|lazjsns
|player|p1|librarynoob|101
|player|p2|lazjsns|102
|gametype|singles
|gen|1
|tier|[Gen 1] Random Battle
|rated
|seed|55111,7817,53272,694
|rule|Sleep Clause Mod: Limit one foe put to sleep
|rule|Freeze Clause Mod: Limit one foe frozen
|rule|HP Percentage Mod: HP is shown in percentages
|
|start
|switch|p1a: Arbok|Arbok, L90|291\/291
|switch|p2a: Cubone|Cubone, L96|291\/291
|turn|1
|choice|switch 6|move Earthquake
|
|switch|p1a: Articuno|Articuno, L79|304\/304
|move|p2a: Cubone|Earthquake|p1a: Articuno
|-immune|p1a: Articuno|[msg]
|
|turn|2
|choice|move 3|move Blizzard
|
|move|p1a: Articuno|Blizzard|p2a: Cubone
|-supereffective|p2a: Cubone
|-damage|p2a: Cubone|0 fnt
|faint|p2a: Cubone
|choice||switch 3
|
|switch|p2a: Charmeleon|Charmeleon, L85|272\/272
|turn|3
|choice|switch 3|move Fire Blast
|
|switch|p1a: Blastoise|Blastoise, L85|308\/308
|move|p2a: Charmeleon|Fire Blast|p1a: Blastoise
|-resisted|p1a: Blastoise
|-damage|p1a: Blastoise|261\/308
|-status|p1a: Blastoise|brn
|
|turn|4
|choice|move 4|move Substitute
|
|move|p2a: Charmeleon|Substitute|p2a: Charmeleon
|-start|p2a: Charmeleon|Substitute
|-damage|p2a: Charmeleon|204\/272
|move|p1a: Blastoise|Blizzard|p2a: Charmeleon
|-end|p2a: Charmeleon|Substitute
|-damage|p1a: Blastoise|242\/308 brn|[from] brn|[of] p2a: Charmeleon
|
|turn|5
|choice|move 3|switch 5
|
|switch|p2a: Lapras|Lapras, L79|367\/367
|move|p1a: Blastoise|Surf|p2a: Lapras
|-resisted|p2a: Lapras
|-damage|p2a: Lapras|318\/367
|-damage|p1a: Blastoise|223\/308 brn|[from] brn|[of] p2a: Lapras
|
|turn|6
|choice|switch 2|move Thunderbolt
|
|switch|p1a: Haunter|Haunter, L85|250\/250
|move|p2a: Lapras|Thunderbolt|p1a: Haunter
|-damage|p1a: Haunter|204\/250
|-status|p1a: Haunter|par
|
|turn|7
|choice|move 1|move Confuse Ray
|
|move|p2a: Lapras|Confuse Ray|p1a: Haunter
|-start|p1a: Haunter|confusion
|-activate|p1a: Haunter|confusion
|move|p1a: Haunter|Hypnosis|p2a: Lapras|[miss]
|-miss|p1a: Haunter
|
|turn|8
|choice|move 1|move Blizzard
|
|move|p2a: Lapras|Blizzard|p1a: Haunter
|-damage|p1a: Haunter|116\/250 par
|cant|p1a: Haunter|par
|
|turn|9
|choice|switch 6|move Blizzard
|
|switch|p1a: Arbok|Arbok, L90|291\/291
|move|p2a: Lapras|Blizzard|p1a: Arbok
|-damage|p1a: Arbok|165\/291
|
|turn|10
|choice|move 3|move Blizzard
|
|move|p1a: Arbok|Glare|p2a: Lapras
|-status|p2a: Lapras|par
|move|p2a: Lapras|Blizzard|p1a: Arbok
|-damage|p1a: Arbok|38\/291
|
|turn|11
|choice|move 4|move Thunderbolt
|
|move|p1a: Arbok|Body Slam|p2a: Lapras
|-damage|p2a: Lapras|250\/367 par
|cant|p2a: Lapras|par
|
|turn|12
|choice|switch 2|move Thunderbolt
|
|switch|p1a: Blastoise|Blastoise, L85|223\/308 brn
|-damage|p1a: Blastoise|204\/308 brn|[from] brn
|move|p2a: Lapras|Thunderbolt|p1a: Blastoise
|-supereffective|p1a: Blastoise
|-damage|p1a: Blastoise|95\/308 brn
|
|turn|13
|choice|move 2|move Thunderbolt
|
|move|p1a: Blastoise|Hyper Beam|p2a: Lapras
|-damage|p2a: Lapras|191\/367 par
|-damage|p1a: Blastoise|76\/308 brn|[from] brn|[of] p2a: Lapras
|move|p2a: Lapras|Thunderbolt|p1a: Blastoise
|-supereffective|p1a: Blastoise
|-damage|p1a: Blastoise|0 fnt
|faint|p1a: Blastoise
|choice|switch 6|
|
|switch|p1a: Haunter|Haunter, L85|116\/250 par
|turn|14
|choice|move 4|move Rest
|
|move|p1a: Haunter|Thunderbolt|p2a: Lapras
|-supereffective|p2a: Lapras
|-damage|p2a: Lapras|41\/367 par
|cant|p2a: Lapras|par
|
|turn|15
|choice|move 4|switch 2
|
|switch|p2a: Raichu|Raichu, L85|276\/276
|move|p1a: Haunter|Thunderbolt|p2a: Raichu
|-resisted|p2a: Raichu
|-damage|p2a: Raichu|242\/276
|
|turn|16
|choice|move 1|move Agility
|
|move|p2a: Raichu|Agility|p2a: Raichu
|-boost|p2a: Raichu|spe|2
|move|p1a: Haunter|Hypnosis|p2a: Raichu
|-status|p2a: Raichu|slp
|
|turn|17
|choice|move 2|move Body Slam
|
|cant|p2a: Raichu|slp
|move|p1a: Haunter|Psychic|p2a: Raichu
|-crit|p2a: Raichu
|-damage|p2a: Raichu|106\/276 slp
|
|turn|18
|choice|move 2|move Surf
|
|cant|p2a: Raichu|slp
|cant|p1a: Haunter|par
|
|turn|19
|choice|move 2|move Surf
|
|cant|p2a: Raichu|slp
|cant|p1a: Haunter|par
|
|turn|20
|choice|move 2|move Surf
|
|-curestatus|p2a: Raichu|slp
|cant|p1a: Haunter|par
|
|turn|21
|choice|move 1|move Surf
|
|move|p2a: Raichu|Surf|p1a: Haunter
|-damage|p1a: Haunter|59\/250 par
|cant|p1a: Haunter|par
|
|turn|22
|choice|move 1|move Thunderbolt
|
|move|p2a: Raichu|Thunderbolt|p1a: Haunter|[miss]
|-miss|p2a: Raichu
|move|p1a: Haunter|Hypnosis|p2a: Raichu
|-status|p2a: Raichu|slp
|
|turn|23
|choice|move 2|switch 4
|
|switch|p2a: Fearow|Fearow, L90|300\/300
|cant|p1a: Haunter|par
|
|turn|24
|choice|move 4|move Hyper Beam
|
|move|p2a: Fearow|Hyper Beam|p1a: Haunter
|-immune|p1a: Haunter|[msg]
|move|p1a: Haunter|Thunderbolt|p2a: Fearow
|-supereffective|p2a: Fearow
|-damage|p2a: Fearow|131\/300
|-status|p2a: Fearow|par
|
|turn|25
|choice|move 2|move Mirror Move
|
|move|p2a: Fearow|Mirror Move|p2a: Fearow
|move|p2a: Fearow|Thunderbolt|p1a: Haunter|[from]Mirror Move
|-crit|p1a: Haunter
|-damage|p1a: Haunter|0 fnt
|faint|p1a: Haunter
|choice|switch 3|
|
|switch|p1a: Articuno|Articuno, L79|304\/304
|turn|26
|choice|move 3|move Mirror Move
|
|move|p1a: Articuno|Blizzard|p2a: Fearow
|-supereffective|p2a: Fearow
|-damage|p2a: Fearow|0 fnt
|faint|p2a: Fearow
|choice||switch 6
|
|switch|p2a: Mew|Mew, L74|300\/300
|turn|27
|choice|move 3|move Thunder Wave
|
|move|p2a: Mew|Thunder Wave|p1a: Articuno
|-status|p1a: Articuno|par
|move|p1a: Articuno|Blizzard|p2a: Mew
|-damage|p2a: Mew|164\/300
|-status|p2a: Mew|frz
|
|turn|28
|choice|move 4|switch 2
|
|switch|p2a: Lapras|Lapras, L79|41\/367 par
|move|p1a: Articuno|Mimic|p2a: Lapras
|-start|p1a: Articuno|Mimic|Thunderbolt
|
|turn|29
|choice|move 4|move Rest
|
|cant|p1a: Articuno|par
|cant|p2a: Lapras|par
|
|turn|30
|choice|move 4|move Rest
|
|move|p1a: Articuno|Thunderbolt|p2a: Lapras
|-supereffective|p2a: Lapras
|-damage|p2a: Lapras|0 fnt
|faint|p2a: Lapras
|choice||switch 4
|
|switch|p2a: Raichu|Raichu, L85|106\/276 slp
|turn|31
|choice|move 3|move Thunderbolt
|
|-curestatus|p2a: Raichu|slp
|move|p1a: Articuno|Blizzard|p2a: Raichu
|-damage|p2a: Raichu|0 fnt
|faint|p2a: Raichu
|choice||switch 5
|
|switch|p2a: Charmeleon|Charmeleon, L85|204\/272
|turn|32
|choice|move 2|move Fire Blast
|
|move|p2a: Charmeleon|Fire Blast|p1a: Articuno
|-supereffective|p1a: Articuno
|-damage|p1a: Articuno|145\/304 par
|move|p1a: Articuno|Rest|p1a: Articuno
|-status|p1a: Articuno|slp
|-heal|p1a: Articuno|304\/304 slp|[silent]
|-status|p1a: Articuno|slp|[from] move: Rest
|
|turn|33
|choice|move 4|move Fire Blast
|
|move|p2a: Charmeleon|Fire Blast|p1a: Articuno
|-supereffective|p1a: Articuno
|-damage|p1a: Articuno|132\/304 slp
|cant|p1a: Articuno|slp
|
|turn|34
|choice|move 4|move Substitute
|
|move|p2a: Charmeleon|Substitute|p2a: Charmeleon
|-start|p2a: Charmeleon|Substitute
|-damage|p2a: Charmeleon|136\/272
|-curestatus|p1a: Articuno|slp
|
|turn|35
|choice|move 3|move Fire Blast
|
|move|p2a: Charmeleon|Fire Blast|p1a: Articuno
|-supereffective|p1a: Articuno
|-damage|p1a: Articuno|0 fnt
|faint|p1a: Articuno
|choice|switch 4|
|
|switch|p1a: Persian|Persian, L79|265\/265
|turn|36
|choice|move 4|move Fire Blast
|
|move|p1a: Persian|Bubble Beam|p2a: Charmeleon
|-supereffective|p2a: Charmeleon
|-end|p2a: Charmeleon|Substitute
|move|p2a: Charmeleon|Fire Blast|p1a: Persian
|-damage|p1a: Persian|128\/265
|-status|p1a: Persian|brn
|
|turn|37
|choice|move 4|move Fire Blast
|
|move|p1a: Persian|Bubble Beam|p2a: Charmeleon
|-supereffective|p2a: Charmeleon
|-damage|p2a: Charmeleon|62\/272
|-damage|p1a: Persian|112\/265 brn|[from] brn|[of] p2a: Charmeleon
|move|p2a: Charmeleon|Fire Blast|p1a: Persian
|-crit|p1a: Persian
|-damage|p1a: Persian|0 fnt
|faint|p1a: Persian
|choice|switch 2|
|
|switch|p1a: Arbok|Arbok, L90|38\/291
|turn|38
|choice|move 2|move Submission
|
|move|p1a: Arbok|Earthquake|p2a: Charmeleon
|-supereffective|p2a: Charmeleon
|-damage|p2a: Charmeleon|0 fnt
|faint|p2a: Charmeleon
|choice||switch 2
|
|switch|p2a: Mew|Mew, L74|164\/300 frz
|turn|39
|choice|move 1|move Earthquake
|
|move|p1a: Arbok|Hyper Beam|p2a: Mew
|-damage|p2a: Mew|49\/300 frz
|cant|p2a: Mew|frz
|
|turn|40
|-mustrecharge|p1a: Arbok
|-mustrecharge|p1a: Arbok
|choice|move 1|move Earthquake
|
|cant|p1a: Arbok|recharge
|cant|p2a: Mew|frz
|
|turn|41
|choice|move 1|move Earthquake
|
|move|p1a: Arbok|Hyper Beam|p2a: Mew
|-crit|p2a: Mew
|-damage|p2a: Mew|0 fnt
|faint|p2a: Mew
|
|win|librarynoob