|j|aya46
|j|Stunter
|player|p1|aya46|157
|player|p2|Stunter|94
|gametype|singles
|gen|1
|tier|[Gen 1] Random Battle
|rated
|seed|16643,24908,29016,53296
|rule|Sleep Clause Mod: Limit one foe put to sleep
|rule|Freeze Clause Mod: Limit one foe frozen
|rule|HP Percentage Mod: HP is shown in percentages
|
|start
|switch|p1a: Venonat|Venonat, L96|310\/310
|switch|p2a: Gloom|Gloom, L90|291\/291
|turn|1
|choice|move 1|move 2
|
|move|p1a: Venonat|Psychic|p2a: Gloom
|-supereffective|p2a: Gloom
|-damage|p2a: Gloom|193\/291
|move|p2a: Gloom|Swords Dance|p2a: Gloom
|-boost|p2a: Gloom|atk|2
|
|turn|2
|choice|move 2|move 4
|
|move|p1a: Venonat|Sleep Powder|p2a: Gloom
|-status|p2a: Gloom|slp
|cant|p2a: Gloom|slp
|
|turn|3
|choice|switch 6|switch 4
|
|switch|p1a: Magmar|Magmar, L90|300\/300
|switch|p2a: Alakazam|Alakazam, L79|249\/249
|
|turn|4
|choice|switch 4|move 1
|
|switch|p1a: Clefairy|Clefairy, L95|326\/326
|move|p2a: Alakazam|Psychic|p1a: Clefairy
|-damage|p1a: Clefairy|209\/326
|
|turn|5
|choice|move 4|switch 5
|
|switch|p2a: Hitmonchan|Hitmonchan, L90|273\/273
|move|p1a: Clefairy|Thunder Wave|p2a: Hitmonchan
|-status|p2a: Hitmonchan|par
|
|turn|6
|choice|switch 6|move 2
|
|switch|p1a: Venonat|Venonat, L96|310\/310
|move|p2a: Hitmonchan|Submission|p1a: Venonat
|-resisted|p1a: Venonat
|-damage|p1a: Venonat|277\/310
|-damage|p2a: Hitmonchan|265\/273 par|[from] recoil|[of] p1a: Venonat
|
|turn|7
|choice|move 4|switch 5
|
|switch|p2a: Alakazam|Alakazam, L79|249\/249
|move|p1a: Venonat|Stun Spore|p2a: Alakazam
|-status|p2a: Alakazam|par
|
|turn|8
|choice|switch 2|move 2
|
|switch|p1a: Jynx|Jynx, L79|265\/265
|cant|p2a: Alakazam|par
|
|turn|9
|choice|move 1|move 3
|
|move|p1a: Jynx|Blizzard|p2a: Alakazam
|-damage|p2a: Alakazam|154\/249 par
|move|p2a: Alakazam|Seismic Toss|p1a: Jynx
|-damage|p1a: Jynx|186\/265
|
|turn|10
|choice|move 1|move 1
|
|move|p1a: Jynx|Blizzard|p2a: Alakazam
|-damage|p2a: Alakazam|68\/249 par
|move|p2a: Alakazam|Psychic|p1a: Jynx
|-resisted|p1a: Jynx
|-damage|p1a: Jynx|130\/265
|
|turn|11
|choice|move 1|move 4
|
|move|p1a: Jynx|Blizzard|p2a: Alakazam
|-damage|p2a: Alakazam|0 fnt
|faint|p2a: Alakazam
|choice||switch 6
|
|switch|p2a: Rapidash|Rapidash, L90|300\/300
|turn|12
|choice|switch 6|move 3
|
|switch|p1a: Clefairy|Clefairy, L95|209\/326
|move|p2a: Rapidash|Substitute|p2a: Rapidash
|-start|p2a: Rapidash|Substitute
|-damage|p2a: Rapidash|225\/300
|
|turn|13
|choice|move 4|move 1
|
|move|p2a: Rapidash|Fire Blast|p1a: Clefairy
|-damage|p1a: Clefairy|63\/326
|move|p1a: Clefairy|Thunder Wave|p2a: Rapidash
|-status|p2a: Rapidash|par
|
|turn|14
|c|★Stunter|i didnt know it worked over substitute gen 1 lol
|c|★Stunter|the more u know
|choice|move 2|move 4
|
|move|p1a: Clefairy|Thunderbolt|p2a: Rapidash
|-activate|p2a: Rapidash|Substitute|[damage]
|move|p2a: Rapidash|Hyper Beam|p1a: Clefairy
|-damage|p1a: Clefairy|0 fnt
|faint|p1a: Clefairy
|c|★aya46|yeah thats odd
|choice|switch 5|
|
|switch|p1a: Arcanine|Arcanine, L85|327\/327
|turn|15
|choice|move 1|move 1
|
|move|p1a: Arcanine|Body Slam|p2a: Rapidash
|-end|p2a: Rapidash|Substitute
|move|p2a: Rapidash|Fire Blast|p1a: Arcanine
|-resisted|p1a: Arcanine
|-damage|p1a: Arcanine|259\/327
|
|turn|16
|choice|move 1|move 4
|
|move|p1a: Arcanine|Body Slam|p2a: Rapidash
|-damage|p2a: Rapidash|158\/300 par
|move|p2a: Rapidash|Hyper Beam|p1a: Arcanine
|-crit|p1a: Arcanine
|-damage|p1a: Arcanine|19\/327
|
|turn|17
|-mustrecharge|p2a: Rapidash
|-mustrecharge|p2a: Rapidash
|-mustrecharge|p2a: Rapidash
|choice|move 1|move 1
|
|move|p1a: Arcanine|Body Slam|p2a: Rapidash
|-crit|p2a: Rapidash
|-damage|p2a: Rapidash|6\/300 par
|cant|p2a: Rapidash|recharge
|
|turn|18
|choice|move 1|move 1
|
|move|p1a: Arcanine|Body Slam|p2a: Rapidash
|-damage|p2a: Rapidash|0 fnt
|faint|p2a: Rapidash
|choice||switch 5
|
|switch|p2a: Hitmonchan|Hitmonchan, L90|265\/273 par
|turn|19
|choice|move 3|move 1
|
|move|p1a: Arcanine|Fire Blast|p2a: Hitmonchan
|-damage|p2a: Hitmonchan|81\/273 par
|cant|p2a: Hitmonchan|par
|
|turn|20
|choice|move 4|move 1
|
|move|p1a: Arcanine|Hyper Beam|p2a: Hitmonchan
|-damage|p2a: Hitmonchan|0 fnt
|faint|p2a: Hitmonchan
|choice||switch 2
|
|switch|p2a: Raichu|Raichu, L85|276\/276
|turn|21
|choice|move 3|move 4
|
|move|p2a: Raichu|Body Slam|p1a: Arcanine
|-damage|p1a: Arcanine|0 fnt
|faint|p1a: Arcanine
|choice|switch 2|
|
|switch|p1a: Venonat|Venonat, L96|277\/310
|turn|22
|choice|move 4|switch 3
|
|switch|p2a: Snorlax|Snorlax, L79|415\/415
|move|p1a: Venonat|Stun Spore|p2a: Snorlax|[miss]
|-miss|p1a: Venonat
|
|turn|23
|choice|move 4|move 1
|
|move|p1a: Venonat|Stun Spore|p2a: Snorlax|[miss]
|-miss|p1a: Venonat
|move|p2a: Snorlax|Amnesia|p2a: Snorlax
|-boost|p2a: Snorlax|spd|2
|-boost|p2a: Snorlax|spa|2
|
|turn|24
|choice|move 4|move 2
|
|move|p1a: Venonat|Stun Spore|p2a: Snorlax|[miss]
|-miss|p1a: Venonat
|move|p2a: Snorlax|Earthquake|p1a: Venonat
|-damage|p1a: Venonat|190\/310
|
|turn|25
|c|★aya46|-_-
|choice|move 4|move 3
|
|move|p1a: Venonat|Stun Spore|p2a: Snorlax
|-status|p2a: Snorlax|par
|move|p2a: Snorlax|Blizzard|p1a: Venonat
|-damage|p1a: Venonat|44\/310
|
|turn|26
|choice|move 1|move 3
|
|move|p1a: Venonat|Psychic|p2a: Snorlax
|-damage|p2a: Snorlax|383\/415 par
|cant|p2a: Snorlax|par
|
|turn|27
|choice|switch 4|move 3
|
|switch|p1a: Magmar|Magmar, L90|300\/300
|move|p2a: Snorlax|Blizzard|p1a: Magmar
|-damage|p1a: Magmar|185\/300
|
|turn|28
|choice|move 1|move 2
|
|move|p1a: Magmar|Confuse Ray|p2a: Snorlax
|-start|p2a: Snorlax|confusion
|cant|p2a: Snorlax|par
|
|turn|29
|choice|move 4|move 2
|
|move|p1a: Magmar|Body Slam|p2a: Snorlax
|-damage|p2a: Snorlax|296\/415 par
|-activate|p2a: Snorlax|confusion
|-damage|p2a: Snorlax|258\/415 par|[from] confusion
|
|turn|30
|choice|move 4|move 2
|
|move|p1a: Magmar|Body Slam|p2a: Snorlax
|-damage|p2a: Snorlax|171\/415 par
|-activate|p2a: Snorlax|confusion
|move|p2a: Snorlax|Earthquake|p1a: Magmar
|-supereffective|p1a: Magmar
|-damage|p1a: Magmar|32\/300
|
|turn|31
|choice|move 4|move 4
|
|move|p1a: Magmar|Body Slam|p2a: Snorlax
|-damage|p2a: Snorlax|83\/415 par
|-end|p2a: Snorlax|confusion
|move|p2a: Snorlax|Body Slam|p1a: Magmar
|-damage|p1a: Magmar|0 fnt
|faint|p1a: Magmar
|choice|switch 3|
|
|switch|p1a: Tauros|Tauros, L79|280\/280
|turn|32
|choice|move 4|move 3
|
|move|p1a: Tauros|Body Slam|p2a: Snorlax
|-damage|p2a: Snorlax|0 fnt
|faint|p2a: Snorlax
|choice||switch 4
|
|switch|p2a: Gloom|Gloom, L90|193\/291 slp
|turn|33
|choice|move 3|move 1
|
|move|p1a: Tauros|Blizzard|p2a: Gloom
|-supereffective|p2a: Gloom
|-damage|p2a: Gloom|77\/291 slp
|cant|p2a: Gloom|slp
|
|turn|34
|choice|move 4|move 1
|
|move|p1a: Tauros|Body Slam|p2a: Gloom
|-damage|p2a: Gloom|0 fnt
|faint|p2a: Gloom
|choice||switch 3
|
|switch|p2a: Raichu|Raichu, L85|276\/276
|turn|35
|choice|move 1|move 3
|
|move|p2a: Raichu|Thunder|p1a: Tauros
|-crit|p1a: Tauros
|-damage|p1a: Tauros|10\/280
|-status|p1a: Tauros|par
|move|p1a: Tauros|Earthquake|p2a: Raichu
|-supereffective|p2a: Raichu
|-damage|p2a: Raichu|119\/276
|
|turn|36
|choice|move 1|move 4
|
|move|p2a: Raichu|Body Slam|p1a: Tauros
|-crit|p1a: Tauros
|-damage|p1a: Tauros|0 fnt
|faint|p1a: Tauros
|choice|switch 6|
|
|switch|p1a: Jynx|Jynx, L79|130\/265
|turn|37
|choice|move 3|move 3
|
|move|p2a: Raichu|Thunder|p1a: Jynx
|-damage|p1a: Jynx|4\/265
|move|p1a: Jynx|Lovely Kiss|p2a: Raichu
|-status|p2a: Raichu|slp
|
|turn|38
|choice|move 2|move 4
|
|-curestatus|p2a: Raichu|slp
|move|p1a: Jynx|Psychic|p2a: Raichu
|-damage|p2a: Raichu|34\/276
|
|turn|39
|c|★Stunter|wtf
|c|★aya46|gg
|c|★Stunter|insta awaken
|choice|move 2|move 4
|
|move|p2a: Raichu|Body Slam|p1a: Jynx
|-damage|p1a: Jynx|0 fnt
|faint|p1a: Jynx
|choice|switch 4|
|
|switch|p1a: Venonat|Venonat, L96|44\/310
|turn|40
|c|★Stunter|i was writting gg
|choice|move 1|move 1
|
|move|p2a: Raichu|Surf|p1a: Venonat
|-crit|p1a: Venonat
|-damage|p1a: Venonat|0 fnt
|faint|p1a: Venonat
|
|win|Stunter
|player|p1
|player|p2
|raw|aya46's rating: 1285 &rarr; <strong>1255<\/strong><br \/>(-30 for losing)
|raw|Stunter's rating: 1215 &rarr; <strong>1245<\/strong><br \/>(+30 for winning)
|c|★Stunter|gg
|l|Stunter