|join|NaPaGiaMpanio
|join|Bollowegen
|player|p1|NaPaGiaMpanio|265
|player|p2|Bollowegen|100
|gametype|singles
|gen|1
|tier|[Gen 1] Random Battle
|rated
|rule|Sleep Clause Mod: Limit one foe put to sleep
|rule|Freeze Clause Mod: Limit one foe frozen
|rule|HP Percentage Mod: HP is shown in percentages
|
|start
|switch|p1a: Mr. Mime|Mr. Mime, L85|242\/242
|switch|p2a: Growlithe|Growlithe, L96|300\/300
|turn|1
|
|switch|p1a: Hitmonlee|Hitmonlee, L90|273\/273
|move|p2a: Growlithe|Body Slam|p1a: Hitmonlee
|-damage|p1a: Hitmonlee|195\/273
|-status|p1a: Hitmonlee|par
|
|turn|2
|
|move|p2a: Growlithe|Fire Blast|p1a: Hitmonlee
|-damage|p1a: Hitmonlee|34\/273 par
|move|p1a: Hitmonlee|Body Slam|p2a: Growlithe
|-damage|p2a: Growlithe|203\/300
|
|turn|3
|
|move|p2a: Growlithe|Body Slam|p1a: Hitmonlee
|-damage|p1a: Hitmonlee|0 fnt
|faint|p1a: Hitmonlee
|
|switch|p1a: Psyduck|Psyduck, L96|291\/291
|turn|4
|
|switch|p2a: Electabuzz|Electabuzz, L85|284\/284
|move|p1a: Psyduck|Amnesia|p1a: Psyduck
|-boost|p1a: Psyduck|spd|2
|-boost|p1a: Psyduck|spa|2
|
|turn|5
|
|switch|p1a: Electabuzz|Electabuzz, L85|284\/284
|move|p2a: Electabuzz|Thunder Wave|p1a: Electabuzz
|-status|p1a: Electabuzz|par
|
|turn|6
|
|switch|p2a: Nidoking|Nidoking, L85|311\/311
|cant|p1a: Electabuzz|par
|
|turn|7
|
|move|p2a: Nidoking|Earthquake|p1a: Electabuzz
|-supereffective|p1a: Electabuzz
|-damage|p1a: Electabuzz|12\/284 par
|move|p1a: Electabuzz|Psychic|p2a: Nidoking
|-supereffective|p2a: Nidoking
|-damage|p2a: Nidoking|176\/311
|-unboost|p2a: Nidoking|spd|1
|-unboost|p2a: Nidoking|spa|1
|
|turn|8
|
|move|p2a: Nidoking|Earthquake|p1a: Electabuzz
|-supereffective|p1a: Electabuzz
|-damage|p1a: Electabuzz|0 fnt
|faint|p1a: Electabuzz
|
|switch|p1a: Mr. Mime|Mr. Mime, L85|242\/242
|turn|9
|
|switch|p2a: Electabuzz|Electabuzz, L85|284\/284
|move|p1a: Mr. Mime|Thunder Wave|p2a: Electabuzz
|-status|p2a: Electabuzz|par
|
|turn|10
|
|switch|p1a: Weepinbell|Weepinbell, L85|284\/284
|cant|p2a: Electabuzz|par
|
|turn|11
|
|move|p1a: Weepinbell|Swords Dance|p1a: Weepinbell
|-boost|p1a: Weepinbell|atk|2
|move|p2a: Electabuzz|Psychic|p1a: Weepinbell
|-crit|p1a: Weepinbell
|-supereffective|p1a: Weepinbell
|-damage|p1a: Weepinbell|38\/284
|-unboost|p1a: Weepinbell|spd|1
|-unboost|p1a: Weepinbell|spa|1
|
|turn|12
|
|move|p1a: Weepinbell|Body Slam|p2a: Electabuzz
|-damage|p2a: Electabuzz|143\/284 par
|move|p2a: Electabuzz|Psychic|p1a: Weepinbell
|-supereffective|p1a: Weepinbell
|-damage|p1a: Weepinbell|0 fnt
|faint|p1a: Weepinbell
|
|switch|p1a: Magneton|Magneton, L90|273\/273
|turn|13
|
|switch|p1a: Mr. Mime|Mr. Mime, L85|242\/242
|switch|p2a: Nidoking|Nidoking, L85|176\/311
|
|turn|14
|
|switch|p2a: Electabuzz|Electabuzz, L85|143\/284 par
|move|p1a: Mr. Mime|Psychic|p2a: Electabuzz
|-damage|p2a: Electabuzz|41\/284 par
|
|turn|15
|
|move|p1a: Mr. Mime|Psychic|p2a: Electabuzz
|-crit|p2a: Electabuzz
|-damage|p2a: Electabuzz|0 fnt
|faint|p2a: Electabuzz
|
|switch|p2a: Growlithe|Growlithe, L96|203\/300
|turn|16
|
|move|p1a: Mr. Mime|Psychic|p2a: Growlithe
|-damage|p2a: Growlithe|76\/300
|-unboost|p2a: Growlithe|spd|1
|-unboost|p2a: Growlithe|spa|1
|move|p2a: Growlithe|Body Slam|p1a: Mr. Mime
|-damage|p1a: Mr. Mime|162\/242
|
|turn|17
|
|move|p1a: Mr. Mime|Psychic|p2a: Growlithe
|-damage|p2a: Growlithe|0 fnt
|faint|p2a: Growlithe
|
|switch|p2a: Kangaskhan|Kangaskhan, L85|352\/352
|turn|18
|
|switch|p1a: Magneton|Magneton, L90|273\/273
|move|p2a: Kangaskhan|Hyper Beam|p1a: Magneton|[miss]
|-miss|p2a: Kangaskhan
|
|turn|19
|
|switch|p2a: Nidoking|Nidoking, L85|176\/311
|switch|p1a: Mr. Mime|Mr. Mime, L85|162\/242
|
|turn|20
|
|switch|p2a: Seaking|Seaking, L90|327\/327
|move|p1a: Mr. Mime|Psychic|p2a: Seaking
|-crit|p2a: Seaking
|-damage|p2a: Seaking|135\/327
|-unboost|p2a: Seaking|spd|1
|-unboost|p2a: Seaking|spa|1
|
|turn|21
|
|move|p1a: Mr. Mime|Psychic|p2a: Seaking
|-damage|p2a: Seaking|0 fnt
|faint|p2a: Seaking
|
|switch|p2a: Kangaskhan|Kangaskhan, L85|352\/352
|turn|22
|
|move|p2a: Kangaskhan|Earthquake|p1a: Mr. Mime
|-damage|p1a: Mr. Mime|74\/242
|move|p1a: Mr. Mime|Thunder Wave|p2a: Kangaskhan
|-status|p2a: Kangaskhan|par
|
|turn|23
|
|switch|p1a: Magneton|Magneton, L90|273\/273
|move|p2a: Kangaskhan|Earthquake|p1a: Magneton
|-supereffective|p1a: Magneton
|-damage|p1a: Magneton|134\/273
|
|turn|24
|
|move|p1a: Magneton|Thunderbolt|p2a: Kangaskhan
|-damage|p2a: Kangaskhan|140\/352 par
|move|p2a: Kangaskhan|Hyper Beam|p1a: Magneton
|-damage|p1a: Magneton|0 fnt
|faint|p1a: Magneton
|
|switch|p1a: Psyduck|Psyduck, L96|291\/291
|turn|25
|
|move|p1a: Psyduck|Surf|p2a: Kangaskhan
|-damage|p2a: Kangaskhan|12\/352 par
|cant|p2a: Kangaskhan|par
|
|turn|26
|
|move|p1a: Psyduck|Surf|p2a: Kangaskhan
|-damage|p2a: Kangaskhan|0 fnt
|faint|p2a: Kangaskhan
|
|switch|p2a: Beedrill|Beedrill, L90|300\/300
|turn|27
|
|move|p2a: Beedrill|Agility|p2a: Beedrill
|-boost|p2a: Beedrill|spe|2
|move|p1a: Psyduck|Surf|p2a: Beedrill
|-damage|p2a: Beedrill|176\/300
|
|turn|28
|
|move|p2a: Beedrill|Swords Dance|p2a: Beedrill
|-boost|p2a: Beedrill|atk|2
|move|p1a: Psyduck|Surf|p2a: Beedrill
|-damage|p2a: Beedrill|65\/300
|
|turn|29
|
|move|p2a: Beedrill|Hyper Beam|p1a: Psyduck
|-damage|p1a: Psyduck|10\/291
|move|p1a: Psyduck|Surf|p2a: Beedrill
|-damage|p2a: Beedrill|0 fnt
|faint|p2a: Beedrill
|
|switch|p2a: Nidoking|Nidoking, L85|176\/311
|turn|30
|
|move|p2a: Nidoking|Earthquake|p1a: Psyduck
|-damage|p1a: Psyduck|0 fnt
|faint|p1a: Psyduck
|
|switch|p1a: Mr. Mime|Mr. Mime, L85|74\/242
|turn|31
|
|move|p1a: Mr. Mime|Psychic|p2a: Nidoking
|-supereffective|p2a: Nidoking
|-damage|p2a: Nidoking|0 fnt
|faint|p2a: Nidoking
|
|win|NaPaGiaMpanio
|leave|Bollowegen
|player|p2
|c|★NaPaGiaMpanio|gg
|raw|NaPaGiaMpanio's rating: 1452 &rarr; <strong>1461<\/strong><br \/>(+9 for winning)
|raw|Bollowegen's rating: 1251 &rarr; <strong>1239<\/strong><br \/>(-12 for losing)