|j|Tendoh
|j|Wilchan
|player|p1|Tendoh|170
|player|p2|Wilchan|266
|gametype|singles
|gen|1
|tier|[Gen 1] OU
|rated
|seed|
|rule|Sleep Clause Mod: Limit one foe put to sleep
|rule|Freeze Clause Mod: Limit one foe frozen
|rule|Species Clause: Limit one of each Pokémon
|rule|OHKO Clause: OHKO moves are banned
|rule|Evasion Moves Clause: Evasion moves are banned
|rule|HP Percentage Mod: HP is shown in percentages
|
|start
|switch|p1a: 4kids hates me|Jynx|100\/100
|switch|p2a: Warrod|Exeggutor, M|100\/100
|turn|1
|choice||
|
|move|p1a: 4kids hates me|Lovely Kiss|p2a: Warrod
|-status|p2a: Warrod|slp
|cant|p2a: Warrod|slp
|
|turn|2
|choice||
|
|switch|p2a: Erza|Alakazam, F|100\/100
|move|p1a: 4kids hates me|Blizzard|p2a: Erza
|-damage|p2a: Erza|65\/100
|
|turn|3
|choice||
|
|switch|p1a: Annoying pink blob|Chansey|100\/100
|move|p2a: Erza|Thunder Wave|p1a: Annoying pink blob
|-status|p1a: Annoying pink blob|par
|
|turn|4
|choice||
|
|move|p2a: Erza|Reflect|p2a: Erza
|-start|p2a: Erza|Reflect
|cant|p1a: Annoying pink blob|par
|
|turn|5
|choice||
|
|switch|p2a: Laxus|Electabuzz, M|100\/100
|move|p1a: Annoying pink blob|Ice Beam|p2a: Laxus
|-damage|p2a: Laxus|74\/100
|-status|p2a: Laxus|frz
|
|turn|6
|choice||
|
|switch|p2a: Erza|Alakazam, F|65\/100
|switch|p1a: Haymaker star|Tauros|100\/100
|
|turn|7
|choice||
|
|move|p2a: Erza|Reflect|p2a: Erza
|-start|p2a: Erza|Reflect
|move|p1a: Haymaker star|Hyper Beam|p2a: Erza|[miss]
|-miss|p1a: Haymaker star
|
|turn|8
|choice||
|
|switch|p1a: Annoying pink blob|Chansey|100\/100 par
|move|p2a: Erza|Thunder Wave|p1a: Annoying pink blob
|-fail|p1a: Annoying pink blob|par
|
|turn|9
|choice||
|
|move|p2a: Erza|Psychic|p1a: Annoying pink blob
|-crit|p1a: Annoying pink blob
|-damage|p1a: Annoying pink blob|66\/100 par
|move|p1a: Annoying pink blob|Thunder Wave|p2a: Erza
|-status|p2a: Erza|par
|
|turn|10
|choice||
|
|cant|p2a: Erza|par
|move|p1a: Annoying pink blob|Soft-Boiled|p1a: Annoying pink blob
|-heal|p1a: Annoying pink blob|100\/100 par
|
|turn|11
|choice||
|
|move|p2a: Erza|Psychic|p1a: Annoying pink blob
|-damage|p1a: Annoying pink blob|82\/100 par
|-unboost|p1a: Annoying pink blob|spd|1
|-unboost|p1a: Annoying pink blob|spa|1
|move|p1a: Annoying pink blob|Ice Beam|p2a: Erza
|-damage|p2a: Erza|51\/100 par
|
|turn|12
|choice||
|
|switch|p1a: Chocobo|Zapdos|100\/100
|move|p2a: Erza|Psychic|p1a: Chocobo
|-damage|p1a: Chocobo|71\/100
|
|turn|13
|choice||
|
|move|p1a: Chocobo|Thunderbolt|p2a: Erza
|-damage|p2a: Erza|19\/100 par
|move|p2a: Erza|Thunder Wave|p1a: Chocobo
|-status|p1a: Chocobo|par
|
|turn|14
|choice||
|
|move|p2a: Erza|Recover|p2a: Erza
|-heal|p2a: Erza|69\/100 par
|cant|p1a: Chocobo|par
|
|turn|15
|choice||
|
|switch|p1a: 4kids hates me|Jynx|100\/100
|move|p2a: Erza|Psychic|p1a: 4kids hates me
|-resisted|p1a: 4kids hates me
|-damage|p1a: 4kids hates me|82\/100
|-unboost|p1a: 4kids hates me|spd|1
|-unboost|p1a: 4kids hates me|spa|1
|
|turn|16
|choice||
|
|switch|p1a: Annoying pink blob|Chansey|82\/100 par
|move|p2a: Erza|Thunder Wave|p1a: Annoying pink blob
|-fail|p1a: Annoying pink blob|par
|
|turn|17
|choice||
|
|move|p2a: Erza|Psychic|p1a: Annoying pink blob
|-damage|p1a: Annoying pink blob|65\/100 par
|-unboost|p1a: Annoying pink blob|spd|1
|-unboost|p1a: Annoying pink blob|spa|1
|move|p1a: Annoying pink blob|Soft-Boiled|p1a: Annoying pink blob
|-heal|p1a: Annoying pink blob|100\/100 par
|
|turn|18
|choice||
|
|switch|p1a: 4kids hates me|Jynx|82\/100
|cant|p2a: Erza|par
|
|turn|19
|choice||
|
|move|p1a: 4kids hates me|Blizzard|p2a: Erza
|-damage|p2a: Erza|31\/100 par
|move|p2a: Erza|Recover|p2a: Erza
|-heal|p2a: Erza|81\/100 par
|
|turn|20
|choice||
|
|move|p1a: 4kids hates me|Blizzard|p2a: Erza
|-damage|p2a: Erza|45\/100 par
|move|p2a: Erza|Psychic|p1a: 4kids hates me
|-resisted|p1a: 4kids hates me
|-damage|p1a: 4kids hates me|61\/100
|-unboost|p1a: 4kids hates me|spd|1
|-unboost|p1a: 4kids hates me|spa|1
|
|turn|21
|choice||
|
|switch|p1a: Obese|Snorlax|100\/100
|move|p2a: Erza|Thunder Wave|p1a: Obese
|-status|p1a: Obese|par
|
|turn|22
|choice||
|
|move|p2a: Erza|Recover|p2a: Erza
|-heal|p2a: Erza|95\/100 par
|move|p1a: Obese|Mega Kick|p2a: Erza
|-damage|p2a: Erza|56\/100 par
|
|turn|23
|choice||
|
|move|p2a: Erza|Psychic|p1a: Obese
|-crit|p1a: Obese
|-damage|p1a: Obese|41\/100 par
|move|p1a: Obese|Mega Kick|p2a: Erza|[miss]
|-miss|p1a: Obese
|
|turn|24
|choice||
|
|cant|p2a: Erza|par
|move|p1a: Obese|Self-Destruct|p2a: Erza
|-damage|p2a: Erza|0 fnt
|faint|p2a: Erza
|faint|p1a: Obese
|choice||
|
|switch|p1a: Haymaker star|Tauros|100\/100
|switch|p2a: Gildarts|Snorlax, M|100\/100
|turn|25
|choice||
|
|move|p1a: Haymaker star|Body Slam|p2a: Gildarts
|-damage|p2a: Gildarts|75\/100
|move|p2a: Gildarts|Body Slam|p1a: Haymaker star
|-damage|p1a: Haymaker star|72\/100
|
|turn|26
|choice||
|
|move|p1a: Haymaker star|Body Slam|p2a: Gildarts
|-damage|p2a: Gildarts|50\/100
|move|p2a: Gildarts|Body Slam|p1a: Haymaker star
|-damage|p1a: Haymaker star|40\/100
|
|turn|27
|choice||
|
|switch|p1a: Dynamite proof|Golem|100\/100
|move|p2a: Gildarts|Self-Destruct|p1a: Dynamite proof
|-resisted|p1a: Dynamite proof
|-damage|p1a: Dynamite proof|63\/100
|faint|p2a: Gildarts
|choice||
|
|switch|p2a: Wendy|Slowbro, F|100\/100
|turn|28
|choice||
|
|move|p1a: Dynamite proof|Explosion|p2a: Wendy
|-damage|p2a: Wendy|32\/100
|faint|p1a: Dynamite proof
|choice||
|
|switch|p1a: Haymaker star|Tauros|40\/100
|turn|29
|choice||
|
|move|p1a: Haymaker star|Hyper Beam|p2a: Wendy
|-damage|p2a: Wendy|0 fnt
|faint|p2a: Wendy
|choice||
|
|switch|p2a: Natsu|Tauros|100\/100
|turn|30
|choice||
|
|move|p2a: Natsu|Hyper Beam|p1a: Haymaker star
|-damage|p1a: Haymaker star|0 fnt
|faint|p1a: Haymaker star
|choice||
|
|switch|p1a: Chocobo|Zapdos|71\/100 par
|turn|31
|choice||
|
|switch|p2a: Laxus|Electabuzz, M|74\/100 frz
|move|p1a: Chocobo|Thunder Wave|p2a: Laxus
|-fail|p2a: Laxus
|
|turn|32
|choice||
|
|switch|p2a: Warrod|Exeggutor, M|100\/100 slp
|switch|p1a: Annoying pink blob|Chansey|100\/100 par
|
|turn|33
|choice||
|
|cant|p2a: Warrod|slp
|move|p1a: Annoying pink blob|Ice Beam|p2a: Warrod
|-supereffective|p2a: Warrod
|-damage|p2a: Warrod|67\/100 slp
|
|turn|34
|choice||
|
|cant|p2a: Warrod|slp
|cant|p1a: Annoying pink blob|par
|
|turn|35
|choice||
|
|-curestatus|p2a: Warrod|slp
|cant|p1a: Annoying pink blob|par
|
|turn|36
|choice||
|
|move|p2a: Warrod|Psychic|p1a: Annoying pink blob
|-damage|p1a: Annoying pink blob|82\/100 par
|-unboost|p1a: Annoying pink blob|spd|1
|-unboost|p1a: Annoying pink blob|spa|1
|cant|p1a: Annoying pink blob|par
|
|turn|37
|choice||
|
|switch|p1a: 4kids hates me|Jynx|61\/100
|move|p2a: Warrod|Psychic|p1a: 4kids hates me
|-resisted|p1a: 4kids hates me
|-damage|p1a: 4kids hates me|42\/100
|-unboost|p1a: 4kids hates me|spd|1
|-unboost|p1a: 4kids hates me|spa|1
|
|turn|38
|choice||
|
|switch|p2a: Laxus|Electabuzz, M|74\/100 frz
|move|p1a: 4kids hates me|Lovely Kiss|p2a: Laxus
|-fail|p2a: Laxus
|
|turn|39
|choice||
|
|switch|p2a: Warrod|Exeggutor, M|67\/100
|move|p1a: 4kids hates me|Lovely Kiss|p2a: Warrod
|-status|p2a: Warrod|slp
|
|turn|40
|choice||
|
|switch|p1a: Chocobo|Zapdos|71\/100 par
|switch|p2a: Laxus|Electabuzz, M|74\/100 frz
|
|turn|41
|choice||
|
|cant|p2a: Laxus|frz
|move|p1a: Chocobo|Drill Peck|p2a: Laxus
|-resisted|p2a: Laxus
|-damage|p2a: Laxus|56\/100 frz
|
|turn|42
|choice||
|
|cant|p2a: Laxus|frz
|move|p1a: Chocobo|Drill Peck|p2a: Laxus
|-resisted|p2a: Laxus
|-damage|p2a: Laxus|37\/100 frz
|
|turn|43
|choice||
|
|cant|p2a: Laxus|frz
|move|p1a: Chocobo|Drill Peck|p2a: Laxus
|-crit|p2a: Laxus
|-resisted|p2a: Laxus
|-damage|p2a: Laxus|5\/100 frz
|
|turn|44
|choice||
|
|switch|p1a: Annoying pink blob|Chansey|82\/100 par
|cant|p2a: Laxus|frz
|
|turn|45
|choice||
|
|cant|p2a: Laxus|frz
|move|p1a: Annoying pink blob|Soft-Boiled|p1a: Annoying pink blob
|-heal|p1a: Annoying pink blob|100\/100 par
|
|turn|46
|choice||
|
|switch|p2a: Warrod|Exeggutor, M|67\/100 slp
|move|p1a: Annoying pink blob|Thunderbolt|p2a: Warrod
|-crit|p2a: Warrod
|-resisted|p2a: Warrod
|-damage|p2a: Warrod|52\/100 slp
|
|turn|47
|choice||
|
|-curestatus|p2a: Warrod|slp
|move|p1a: Annoying pink blob|Ice Beam|p2a: Warrod
|-supereffective|p2a: Warrod
|-damage|p2a: Warrod|21\/100
|
|turn|48
|choice||
|
|switch|p1a: 4kids hates me|Jynx|42\/100
|move|p2a: Warrod|Explosion|p1a: 4kids hates me
|-damage|p1a: 4kids hates me|0 fnt
|faint|p1a: 4kids hates me
|faint|p2a: Warrod
|choice||
|
|switch|p2a: Natsu|Tauros|100\/100
|switch|p1a: Annoying pink blob|Chansey|100\/100 par
|turn|49
|choice||
|
|move|p2a: Natsu|Body Slam|p1a: Annoying pink blob
|-damage|p1a: Annoying pink blob|64\/100 par
|cant|p1a: Annoying pink blob|par
|
|turn|50
|choice||
|
|move|p2a: Natsu|Hyper Beam|p1a: Annoying pink blob
|-damage|p1a: Annoying pink blob|1\/100 par
|cant|p1a: Annoying pink blob|par
|
|turn|51
|-mustrecharge|p2a: Natsu
|-mustrecharge|p2a: Natsu
|choice||
|
|cant|p2a: Natsu|recharge
|cant|p1a: Annoying pink blob|par
|
|turn|52
|choice||
|
|move|p2a: Natsu|Body Slam|p1a: Annoying pink blob
|-damage|p1a: Annoying pink blob|0 fnt
|faint|p1a: Annoying pink blob
|choice||
|
|switch|p1a: Chocobo|Zapdos|71\/100 par
|turn|53
|choice||
|
|move|p2a: Natsu|Body Slam|p1a: Chocobo
|-crit|p1a: Chocobo
|-damage|p1a: Chocobo|15\/100 par
|move|p1a: Chocobo|Thunder|p2a: Natsu
|-damage|p2a: Natsu|44\/100
|
|turn|54
|-message|Tendoh forfeited.
|
|win|Wilchan
|player|p1
|player|p2
|l|Tendoh
|raw|Tendoh's rating: 1415 &rarr; <strong>1388<\/strong><br \/>(-27 for losing)
|raw|Wilchan's rating: 1286 &rarr; <strong>1320<\/strong><br \/>(+34 for winning)