|join|MALESANI
|join|Ashisinacoma
|player|p1|MALESANI|238
|player|p2|Ashisinacoma|51
|gametype|singles
|gen|1
|tier|[Gen 1] Random Battle
|rated
|seed|61806,2577,15290,34993
|rule|Sleep Clause Mod: Limit one foe put to sleep
|rule|Freeze Clause Mod: Limit one foe frozen
|rule|HP Percentage Mod: HP is shown in percentages
|
|start
|switch|p1a: Jynx|Jynx, L79|265\/265
|switch|p2a: Cloyster|Cloyster, L83|253\/253
|turn|1
|choice|move 3|move 4
|
|move|p1a: Jynx|Lovely Kiss|p2a: Cloyster
|-status|p2a: Cloyster|slp
|cant|p2a: Cloyster|slp
|
|turn|2
|choice|switch 4|switch 4
|
|switch|p1a: Poliwhirl|Poliwhirl, L85|284\/284
|switch|p2a: Sandslash|Sandslash, L85|301\/301
|
|turn|3
|choice|move 3|switch 6
|
|switch|p2a: Poliwrath|Poliwrath, L85|327\/327
|move|p1a: Poliwhirl|Blizzard|p2a: Poliwrath
|-resisted|p2a: Poliwrath
|-damage|p2a: Poliwrath|294\/327
|-status|p2a: Poliwrath|frz
|
|turn|4
|choice|move 1|switch 2
|
|switch|p2a: Magnemite|Magnemite, L96|243\/243
|move|p1a: Poliwhirl|Amnesia|p1a: Poliwhirl
|-boost|p1a: Poliwhirl|spd|2
|-boost|p1a: Poliwhirl|spa|2
|
|turn|5
|choice|move 1|move 1
|
|move|p1a: Poliwhirl|Amnesia|p1a: Poliwhirl
|-boost|p1a: Poliwhirl|spd|2
|-boost|p1a: Poliwhirl|spa|2
|move|p2a: Magnemite|Thunder Wave|p1a: Poliwhirl
|-status|p1a: Poliwhirl|par
|
|turn|6
|choice|move 4|move 4
|
|move|p2a: Magnemite|Double-Edge|p1a: Poliwhirl
|-damage|p1a: Poliwhirl|220\/284 par
|-damage|p2a: Magnemite|227\/243|[from] recoil|[of] p1a: Poliwhirl
|move|p1a: Poliwhirl|Psychic|p2a: Magnemite
|-damage|p2a: Magnemite|123\/243
|
|turn|7
|choice|move 3|move 2
|
|move|p2a: Magnemite|Thunderbolt|p1a: Poliwhirl
|-supereffective|p1a: Poliwhirl
|-damage|p1a: Poliwhirl|94\/284 par
|cant|p1a: Poliwhirl|par
|
|turn|8
|choice|move 3|move 2
|
|move|p2a: Magnemite|Thunderbolt|p1a: Poliwhirl
|-supereffective|p1a: Poliwhirl
|-damage|p1a: Poliwhirl|0 fnt
|faint|p1a: Poliwhirl
|choice|switch 6|
|
|switch|p1a: Ivysaur|Ivysaur, L85|276\/276
|turn|9
|choice|move 1|move 1
|
|move|p1a: Ivysaur|Body Slam|p2a: Magnemite
|-damage|p2a: Magnemite|78\/243
|move|p2a: Magnemite|Thunder Wave|p1a: Ivysaur
|-status|p1a: Ivysaur|par
|
|turn|10
|choice|move 2|move 3
|
|move|p2a: Magnemite|Mimic|p1a: Ivysaur
|-start|p2a: Magnemite|Mimic|Razor Leaf
|move|p1a: Ivysaur|Razor Leaf|p2a: Magnemite
|-crit|p2a: Magnemite
|-damage|p2a: Magnemite|0 fnt
|faint|p2a: Magnemite
|choice||switch 5
|
|switch|p2a: Lickitung|Lickitung, L90|345\/345
|turn|11
|choice|switch 3|move 2
|
|switch|p1a: Dewgong|Dewgong, L85|327\/327
|move|p2a: Lickitung|Earthquake|p1a: Dewgong
|-damage|p1a: Dewgong|267\/327
|
|turn|12
|choice|move 3|move 4
|
|move|p1a: Dewgong|Surf|p2a: Lickitung
|-damage|p2a: Lickitung|221\/345
|move|p2a: Lickitung|Swords Dance|p2a: Lickitung
|-boost|p2a: Lickitung|atk|2
|
|turn|13
|choice|move 3|move 1
|
|move|p1a: Dewgong|Surf|p2a: Lickitung
|-damage|p2a: Lickitung|97\/345
|move|p2a: Lickitung|Hyper Beam|p1a: Dewgong
|-damage|p1a: Dewgong|12\/327
|
|turn|14
|-mustrecharge|p2a: Lickitung
|-mustrecharge|p2a: Lickitung
|choice|move 2|move 1
|
|move|p1a: Dewgong|Mimic|p2a: Lickitung
|-start|p1a: Dewgong|Mimic|Earthquake
|cant|p2a: Lickitung|recharge
|
|turn|15
|choice|move 3|move 3
|
|move|p1a: Dewgong|Surf|p2a: Lickitung
|-damage|p2a: Lickitung|0 fnt
|faint|p2a: Lickitung
|choice||switch 4
|
|switch|p2a: Cloyster|Cloyster, L83|253\/253 slp
|turn|16
|choice|switch 5|move 4
|
|switch|p1a: Zapdos|Zapdos, L79|304\/304
|cant|p2a: Cloyster|slp
|
|turn|17
|choice|move 4|switch 6
|
|switch|p2a: Sandslash|Sandslash, L85|301\/301
|move|p1a: Zapdos|Drill Peck|p2a: Sandslash
|-crit|p2a: Sandslash
|-damage|p2a: Sandslash|175\/301
|
|turn|18
|choice|switch 3|move 2
|
|switch|p1a: Ivysaur|Ivysaur, L85|276\/276 par
|move|p2a: Sandslash|Rock Slide|p1a: Ivysaur
|-damage|p1a: Ivysaur|206\/276 par
|
|turn|19
|choice|move 2|move 1
|
|move|p2a: Sandslash|Earthquake|p1a: Ivysaur
|-damage|p1a: Ivysaur|80\/276 par
|move|p1a: Ivysaur|Razor Leaf|p2a: Sandslash
|-crit|p2a: Sandslash
|-supereffective|p2a: Sandslash
|-damage|p2a: Sandslash|0 fnt
|faint|p2a: Sandslash
|choice||switch 3
|
|switch|p2a: Tangela|Tangela, L85|284\/284
|turn|20
|choice|move 1|move 2
|
|move|p2a: Tangela|Hyper Beam|p1a: Ivysaur
|-damage|p1a: Ivysaur|0 fnt
|faint|p1a: Ivysaur
|choice|switch 5|
|
|switch|p1a: Dewgong|Dewgong, L85|12\/327
|turn|21
|choice|move 1|move 1
|
|move|p1a: Dewgong|Blizzard|p2a: Tangela
|-supereffective|p2a: Tangela
|-damage|p2a: Tangela|52\/284
|-message|Freeze Clause activated.
|move|p2a: Tangela|Mega Drain|p1a: Dewgong
|-supereffective|p1a: Dewgong
|-damage|p1a: Dewgong|0 fnt
|-heal|p2a: Tangela|58\/284|[from] drain|[of] p1a: Dewgong
|faint|p1a: Dewgong
|choice|switch 2|
|
|switch|p1a: Haunter|Haunter, L85|250\/250
|turn|22
|choice|move 3|move 1
|
|move|p1a: Haunter|Psychic|p2a: Tangela
|-damage|p2a: Tangela|0 fnt
|faint|p2a: Tangela
|choice||switch 6
|
|switch|p2a: Cloyster|Cloyster, L83|253\/253 slp
|turn|23
|-message|Ashisinacoma forfeited.
|
|win|MALESANI
|leave|Ashisinacoma
|player|p2
|raw|MALESANI's rating: 1184 &rarr; <strong>1204<\/strong><br \/>(+20 for winning)
|raw|Ashisinacoma's rating: 1115 &rarr; <strong>1095<\/strong><br \/>(-20 for losing)