|j|ChopChokeChamp
|j|jacob.reiser
|player|p1|ChopChokeChamp|113
|player|p2|jacob.reiser|161
|gametype|singles
|gen|1
|tier|[Gen 1] Random Battle
|rated
|seed|11868,12944,9889,44311
|rule|Sleep Clause Mod: Limit one foe put to sleep
|rule|Freeze Clause Mod: Limit one foe frozen
|rule|HP Percentage Mod: HP is shown in percentages
|
|start
|switch|p1a: Hitmonchan|Hitmonchan, L90|273\/273
|switch|p2a: Blastoise|Blastoise, L85|308\/308
|turn|1
|choice|switch 5|move 3
|
|switch|p1a: Kingler|Kingler, L85|267\/267
|move|p2a: Blastoise|Hydro Pump|p1a: Kingler
|-resisted|p1a: Kingler
|-damage|p1a: Kingler|182\/267
|
|turn|2
|choice|move 1|move 4
|
|move|p2a: Blastoise|Body Slam|p1a: Kingler
|-damage|p1a: Kingler|136\/267
|move|p1a: Kingler|Crabhammer|p2a: Blastoise
|-crit|p2a: Blastoise
|-resisted|p2a: Blastoise
|-damage|p2a: Blastoise|241\/308
|
|turn|3
|choice|move 3|move 4
|
|move|p2a: Blastoise|Body Slam|p1a: Kingler
|-damage|p1a: Kingler|93\/267
|move|p1a: Kingler|Swords Dance|p1a: Kingler
|-boost|p1a: Kingler|atk|2
|
|turn|4
|choice|move 2|move 1
|
|move|p2a: Blastoise|Hyper Beam|p1a: Kingler|[miss]
|-miss|p2a: Blastoise
|move|p1a: Kingler|Hyper Beam|p2a: Blastoise|[miss]
|-miss|p1a: Kingler
|
|turn|5
|choice|move 2|move 1
|
|move|p2a: Blastoise|Hyper Beam|p1a: Kingler
|-damage|p1a: Kingler|10\/267
|move|p1a: Kingler|Hyper Beam|p2a: Blastoise|[miss]
|-miss|p1a: Kingler
|
|turn|6
|-mustrecharge|p2a: Blastoise
|-mustrecharge|p2a: Blastoise
|choice|move 2|move 1
|
|cant|p2a: Blastoise|recharge
|move|p1a: Kingler|Hyper Beam|p2a: Blastoise
|-damage|p2a: Blastoise|3\/308
|
|turn|7
|-mustrecharge|p1a: Kingler
|-mustrecharge|p1a: Kingler
|choice|move 1|move 4
|
|move|p2a: Blastoise|Body Slam|p1a: Kingler
|-damage|p1a: Kingler|0 fnt
|faint|p1a: Kingler
|choice|switch 5|
|
|switch|p1a: Hitmonchan|Hitmonchan, L90|273\/273
|turn|8
|choice|move 4|move 1
|
|move|p1a: Hitmonchan|Body Slam|p2a: Blastoise
|-damage|p2a: Blastoise|0 fnt
|faint|p2a: Blastoise
|choice||switch 5
|
|switch|p2a: Arcanine|Arcanine, L85|327\/327
|turn|9
|choice|switch 4|move 1
|
|switch|p1a: Ninetales|Ninetales, L85|298\/298
|move|p2a: Arcanine|Reflect|p2a: Arcanine
|-start|p2a: Arcanine|Reflect
|
|turn|10
|choice|move 4|move 4
|
|move|p1a: Ninetales|Reflect|p1a: Ninetales
|-start|p1a: Ninetales|Reflect
|move|p2a: Arcanine|Body Slam|p1a: Ninetales
|-damage|p1a: Ninetales|260\/298
|
|turn|11
|choice|move 2|move 3
|
|move|p1a: Ninetales|Double-Edge|p2a: Arcanine
|-damage|p2a: Arcanine|297\/327
|-damage|p1a: Ninetales|253\/298|[from] recoil|[of] p2a: Arcanine
|move|p2a: Arcanine|Fire Blast|p1a: Ninetales
|-resisted|p1a: Ninetales
|-damage|p1a: Ninetales|200\/298
|
|turn|12
|choice|move 1|move 3
|
|move|p1a: Ninetales|Fire Blast|p2a: Arcanine
|-resisted|p2a: Arcanine
|-damage|p2a: Arcanine|224\/327
|move|p2a: Arcanine|Fire Blast|p1a: Ninetales
|-resisted|p1a: Ninetales
|-damage|p1a: Ninetales|152\/298
|
|turn|13
|choice|move 1|move 3
|
|move|p1a: Ninetales|Fire Blast|p2a: Arcanine
|-resisted|p2a: Arcanine
|-damage|p2a: Arcanine|154\/327
|move|p2a: Arcanine|Fire Blast|p1a: Ninetales
|-resisted|p1a: Ninetales
|-damage|p1a: Ninetales|100\/298
|
|turn|14
|choice|move 1|move 3
|
|move|p1a: Ninetales|Fire Blast|p2a: Arcanine
|-resisted|p2a: Arcanine
|-damage|p2a: Arcanine|80\/327
|move|p2a: Arcanine|Fire Blast|p1a: Ninetales
|-crit|p1a: Ninetales
|-resisted|p1a: Ninetales
|-damage|p1a: Ninetales|0 fnt
|faint|p1a: Ninetales
|choice|switch 6|
|
|switch|p1a: Kadabra|Kadabra, L85|242\/242
|turn|15
|choice|move 1|move 3
|
|move|p1a: Kadabra|Psychic|p2a: Arcanine
|-damage|p2a: Arcanine|0 fnt
|faint|p2a: Arcanine
|choice||switch 6
|
|switch|p2a: Electabuzz|Electabuzz, L85|284\/284
|turn|16
|choice|switch 2|move 1
|
|switch|p1a: Ivysaur|Ivysaur, L85|276\/276
|move|p2a: Electabuzz|Thunder Wave|p1a: Ivysaur
|-status|p1a: Ivysaur|par
|
|turn|17
|choice|move 2|move 3
|
|move|p2a: Electabuzz|Psychic|p1a: Ivysaur
|-supereffective|p1a: Ivysaur
|-damage|p1a: Ivysaur|153\/276 par
|move|p1a: Ivysaur|Body Slam|p2a: Electabuzz
|-damage|p2a: Electabuzz|222\/284
|
|turn|18
|choice|move 2|move 3
|
|move|p2a: Electabuzz|Psychic|p1a: Ivysaur
|-supereffective|p1a: Ivysaur
|-damage|p1a: Ivysaur|34\/276 par
|cant|p1a: Ivysaur|par
|
|turn|19
|choice|move 2|move 3
|
|move|p2a: Electabuzz|Psychic|p1a: Ivysaur
|-supereffective|p1a: Ivysaur
|-damage|p1a: Ivysaur|0 fnt
|faint|p1a: Ivysaur
|choice|switch 2|
|
|switch|p1a: Kadabra|Kadabra, L85|242\/242
|turn|20
|choice|move 2|move 1
|
|move|p1a: Kadabra|Thunder Wave|p2a: Electabuzz
|-status|p2a: Electabuzz|par
|move|p2a: Electabuzz|Thunder Wave|p1a: Kadabra
|-status|p1a: Kadabra|par
|
|turn|21
|choice|move 3|move 2
|
|move|p2a: Electabuzz|Thunderbolt|p1a: Kadabra
|-damage|p1a: Kadabra|159\/242 par
|cant|p1a: Kadabra|par
|
|turn|22
|choice|move 4|move 2
|
|move|p1a: Kadabra|Recover|p1a: Kadabra
|-heal|p1a: Kadabra|242\/242 par
|move|p2a: Electabuzz|Thunderbolt|p1a: Kadabra
|-crit|p1a: Kadabra
|-damage|p1a: Kadabra|82\/242 par
|
|turn|23
|choice|move 4|move 2
|
|move|p2a: Electabuzz|Thunderbolt|p1a: Kadabra
|-damage|p1a: Kadabra|1\/242 par
|move|p1a: Kadabra|Recover|p1a: Kadabra
|-heal|p1a: Kadabra|122\/242 par
|
|turn|24
|choice|move 4|move 2
|
|move|p2a: Electabuzz|Thunderbolt|p1a: Kadabra
|-damage|p1a: Kadabra|44\/242 par
|move|p1a: Kadabra|Recover|p1a: Kadabra
|-heal|p1a: Kadabra|165\/242 par
|
|turn|25
|choice|move 1|move 2
|
|cant|p2a: Electabuzz|par
|move|p1a: Kadabra|Psychic|p2a: Electabuzz
|-damage|p2a: Electabuzz|112\/284 par
|
|turn|26
|choice|move 1|move 2
|
|cant|p2a: Electabuzz|par
|move|p1a: Kadabra|Psychic|p2a: Electabuzz
|-crit|p2a: Electabuzz
|-damage|p2a: Electabuzz|0 fnt
|faint|p2a: Electabuzz
|choice||switch 4
|
|switch|p2a: Electrode|Electrode, L90|291\/291
|turn|27
|choice|move 2|move 4
|
|move|p2a: Electrode|Thunderbolt|p1a: Kadabra
|-damage|p1a: Kadabra|78\/242 par
|move|p1a: Kadabra|Thunder Wave|p2a: Electrode
|-status|p2a: Electrode|par
|
|turn|28
|choice|move 4|move 4
|
|move|p2a: Electrode|Thunderbolt|p1a: Kadabra
|-crit|p1a: Kadabra
|-damage|p1a: Kadabra|0 fnt
|faint|p1a: Kadabra
|choice|switch 3|
|
|switch|p1a: Tauros|Tauros, L79|280\/280
|turn|29
|choice|move 2|move 1
|
|move|p1a: Tauros|Earthquake|p2a: Electrode
|-supereffective|p2a: Electrode
|-damage|p2a: Electrode|156\/291 par
|move|p2a: Electrode|Explosion|p1a: Tauros
|-damage|p1a: Tauros|95\/280
|faint|p2a: Electrode
|choice||switch 3
|
|switch|p2a: Hitmonchan|Hitmonchan, L90|273\/273
|turn|30
|choice|move 4|move 4
|
|move|p1a: Tauros|Body Slam|p2a: Hitmonchan
|-damage|p2a: Hitmonchan|194\/273
|-status|p2a: Hitmonchan|par
|move|p2a: Hitmonchan|Submission|p1a: Tauros
|-supereffective|p1a: Tauros
|-damage|p1a: Tauros|0 fnt
|-damage|p2a: Hitmonchan|171\/273 par|[from] recoil|[of] p1a: Tauros
|faint|p1a: Tauros
|choice|switch 4|
|
|switch|p1a: Hitmonchan|Hitmonchan, L90|273\/273
|turn|31
|choice|move 3|move 3
|
|move|p1a: Hitmonchan|Seismic Toss|p2a: Hitmonchan
|-damage|p2a: Hitmonchan|81\/273 par
|move|p2a: Hitmonchan|Counter|p1a: Hitmonchan
|-damage|p1a: Hitmonchan|93\/273
|
|turn|32
|choice|move 3|move 3
|
|move|p1a: Hitmonchan|Seismic Toss|p2a: Hitmonchan
|-damage|p2a: Hitmonchan|0 fnt
|faint|p2a: Hitmonchan
|choice||switch 2
|
|switch|p2a: Diglett|Diglett, L96|214\/214
|turn|33
|choice|move 4|move 4
|
|move|p2a: Diglett|Substitute|p2a: Diglett
|-start|p2a: Diglett|Substitute
|-damage|p2a: Diglett|161\/214
|move|p1a: Hitmonchan|Body Slam|p2a: Diglett
|-end|p2a: Diglett|Substitute
|
|turn|34
|choice|move 4|move 1
|
|move|p2a: Diglett|Earthquake|p1a: Hitmonchan
|-damage|p1a: Hitmonchan|2\/273
|move|p1a: Hitmonchan|Body Slam|p2a: Diglett
|-damage|p2a: Diglett|39\/214
|-status|p2a: Diglett|par
|
|turn|35
|c|★jacob.reiser|gg
|choice|move 4|move 2
|
|move|p1a: Hitmonchan|Body Slam|p2a: Diglett
|-damage|p2a: Diglett|0 fnt
|faint|p2a: Diglett
|
|win|ChopChokeChamp
|raw|ChopChokeChamp's rating: 1054 &rarr; <strong>1098<\/strong><br \/>(+44 for winning)
|raw|jacob.reiser's rating: 1203 &rarr; <strong>1168<\/strong><br \/>(-35 for losing)
|c|★ChopChokeChamp|gg
|c|★jacob.reiser|1%
|c|★jacob.reiser|damn