|j|Reverb
|j|soopakoopa64
|player|p1|Reverb|#reverb
|player|p2|soopakoopa64|169
|gametype|singles
|gen|1
|tier|[Gen 1] OU
|rated
|seed|10863,41285,13650,33178
|rule|Sleep Clause Mod: Limit one foe put to sleep
|rule|Freeze Clause Mod: Limit one foe frozen
|rule|Species Clause: Limit one of each Pokémon
|rule|OHKO Clause: OHKO moves are banned
|rule|Evasion Moves Clause: Evasion moves are banned
|rule|HP Percentage Mod: HP is shown in percentages
|
|start
|switch|p1a: Starmie|Starmie|323\/323
|switch|p2a: Zeus|Tauros|353\/353
|turn|1
|choice|move 1|switch 4
|
|switch|p2a: Cloud|Jolteon|333\/333
|move|p1a: Starmie|Thunder Wave|p2a: Cloud
|-status|p2a: Cloud|par
|
|turn|2
|choice|switch 2|move 1
|
|switch|p1a: Exeggutor|Exeggutor, M|393\/393
|cant|p2a: Cloud|par
|
|turn|3
|j|Henry
|choice|move 3|switch 4
|
|switch|p2a: Zeus|Tauros|353\/353
|move|p1a: Exeggutor|Psychic|p2a: Zeus
|-damage|p2a: Zeus|205\/353
|
|turn|4
|c| Henry|why are u playing gen1 reverb
|c|★Reverb|bc i like it lol
|choice|move 3|move 4
|
|move|p2a: Zeus|Fire Blast|p1a: Exeggutor
|-crit|p1a: Exeggutor
|-supereffective|p1a: Exeggutor
|-damage|p1a: Exeggutor|133\/393
|move|p1a: Exeggutor|Psychic|p2a: Zeus
|-damage|p2a: Zeus|40\/353
|-unboost|p2a: Zeus|spd|1
|-unboost|p2a: Zeus|spa|1
|
|turn|5
|choice|move 3|move 4
|
|move|p2a: Zeus|Fire Blast|p1a: Exeggutor
|-supereffective|p1a: Exeggutor
|-damage|p1a: Exeggutor|49\/393
|move|p1a: Exeggutor|Psychic|p2a: Zeus
|-damage|p2a: Zeus|0 fnt
|faint|p2a: Zeus
|choice||switch 2
|
|switch|p2a: Lord Freeza|Articuno|383\/383
|turn|6
|choice|switch 2|move 1
|
|switch|p1a: Starmie|Starmie|323\/323
|move|p2a: Lord Freeza|Blizzard|p1a: Starmie
|-resisted|p1a: Starmie
|-damage|p1a: Starmie|235\/323
|
|turn|7
|choice|move 2|move 4
|
|move|p1a: Starmie|Psychic|p2a: Lord Freeza
|-crit|p2a: Lord Freeza
|-damage|p2a: Lord Freeza|219\/383
|-unboost|p2a: Lord Freeza|spd|1
|-unboost|p2a: Lord Freeza|spa|1
|move|p2a: Lord Freeza|Substitute|p2a: Lord Freeza
|-start|p2a: Lord Freeza|Substitute
|-damage|p2a: Lord Freeza|124\/383
|
|turn|8
|j|Ace
|choice|move 2|move 3
|
|move|p1a: Starmie|Psychic|p2a: Lord Freeza
|-crit|p2a: Lord Freeza
|-end|p2a: Lord Freeza|Substitute
|move|p2a: Lord Freeza|Double-Edge|p1a: Starmie
|-crit|p1a: Starmie
|-damage|p1a: Starmie|75\/323
|-damage|p2a: Lord Freeza|84\/383|[from] recoil|[of] p1a: Starmie
|
|turn|9
|choice|move 4|move 3
|
|move|p1a: Starmie|Recover|p1a: Starmie
|-heal|p1a: Starmie|236\/323
|move|p2a: Lord Freeza|Double-Edge|p1a: Starmie
|-damage|p1a: Starmie|159\/323
|-damage|p2a: Lord Freeza|65\/383|[from] recoil|[of] p1a: Starmie
|
|turn|10
|l|Ace
|j|Druides
|choice|move 2|move 3
|
|move|p1a: Starmie|Psychic|p2a: Lord Freeza
|-damage|p2a: Lord Freeza|0 fnt
|faint|p2a: Lord Freeza
|choice||switch 5
|
|switch|p2a: Mecha Drago|Dragonite|385\/385
|turn|11
|choice|move 3|move 4
|
|move|p1a: Starmie|Blizzard|p2a: Mecha Drago|[miss]
|-miss|p1a: Starmie
|move|p2a: Mecha Drago|Thunder|p1a: Starmie|[miss]
|-miss|p2a: Mecha Drago
|
|turn|12
|choice|move 3|move 4
|
|move|p1a: Starmie|Blizzard|p2a: Mecha Drago
|-crit|p2a: Mecha Drago
|-supereffective|p2a: Mecha Drago
|-damage|p2a: Mecha Drago|0 fnt
|faint|p2a: Mecha Drago
|choice||switch 6
|
|switch|p2a: Thereisnospoon|Alakazam|313\/313
|turn|13
|choice|move 1|move 2
|
|move|p2a: Thereisnospoon|Thunder Wave|p1a: Starmie
|-status|p1a: Starmie|par
|cant|p1a: Starmie|par
|
|turn|14
|j|cromagnet42
|choice|move 1|switch 3
|
|switch|p2a: E. Honda|Snorlax|523\/523
|move|p1a: Starmie|Thunder Wave|p2a: E. Honda
|-status|p2a: E. Honda|par
|
|turn|15
|choice|switch 3|move 1
|
|switch|p1a: Snorlax|Snorlax, M|523\/523
|move|p2a: E. Honda|Body Slam|p1a: Snorlax
|-damage|p1a: Snorlax|392\/523
|
|turn|16
|j|Jaune Poussin
|choice|move 1|move 3
|
|move|p1a: Snorlax|Body Slam|p2a: E. Honda
|-damage|p2a: E. Honda|380\/523 par
|cant|p2a: E. Honda|par
|
|turn|17
|choice|move 1|move 1
|
|move|p1a: Snorlax|Body Slam|p2a: E. Honda
|-damage|p2a: E. Honda|235\/523 par
|move|p2a: E. Honda|Body Slam|p1a: Snorlax
|-damage|p1a: Snorlax|252\/523
|
|turn|18
|choice|move 3|move 1
|
|move|p1a: Snorlax|Hyper Beam|p2a: E. Honda
|-damage|p2a: E. Honda|0 fnt
|faint|p2a: E. Honda
|choice||switch 3
|
|switch|p2a: Thereisnospoon|Alakazam|313\/313
|turn|19
|choice|move 4|move 1
|
|move|p2a: Thereisnospoon|Psychic|p1a: Snorlax
|-damage|p1a: Snorlax|81\/523
|move|p1a: Snorlax|Self-Destruct|p2a: Thereisnospoon
|-damage|p2a: Thereisnospoon|0 fnt
|faint|p2a: Thereisnospoon
|faint|p1a: Snorlax
|choice|switch 5|switch 4
|
|switch|p1a: Tauros|Tauros|353\/353
|switch|p2a: Cloud|Jolteon|333\/333 par
|turn|20
|choice|move 2|move 1
|
|move|p1a: Tauros|Earthquake|p2a: Cloud
|-supereffective|p2a: Cloud
|-damage|p2a: Cloud|123\/333 par
|move|p2a: Cloud|Thunderbolt|p1a: Tauros
|-damage|p1a: Tauros|200\/353
|
|turn|21
|choice|move 2|move 1
|
|move|p1a: Tauros|Earthquake|p2a: Cloud
|-supereffective|p2a: Cloud
|-damage|p2a: Cloud|0 fnt
|faint|p2a: Cloud
|
|win|Reverb
|player|p1
|player|p2
|raw|Reverb's rating: 1285 &rarr; <strong>1294<\/strong><br \/>(+9 for winning)
|raw|soopakoopa64's rating: 1035 &rarr; <strong>1030<\/strong><br \/>(-5 for losing)
|l|cromagnet42
|l|soopakoopa64