|join|XianJu
|join|PickledBeets
|player|p1|XianJu|130
|player|p2|PickledBeets|162
|gametype|singles
|gen|1
|tier|[Gen 1] Random Battle
|rated
|seed|5012,60494,58086,41942
|rule|Sleep Clause Mod: Limit one foe put to sleep
|rule|Freeze Clause Mod: Limit one foe frozen
|rule|HP Percentage Mod: HP is shown in percentages
|
|start
|switch|p1a: Dragonair|Dragonair, L85|277\/277
|switch|p2a: Voltorb|Voltorb, L96|272\/272
|turn|1
|choice|move 3|switch 6
|
|switch|p2a: Wartortle|Wartortle, L85|274\/274
|move|p1a: Dragonair|Thunder Wave|p2a: Wartortle
|-status|p2a: Wartortle|par
|
|turn|2
|choice|move 1|move 3
|
|move|p1a: Dragonair|Thunder|p2a: Wartortle
|-crit|p2a: Wartortle
|-supereffective|p2a: Wartortle
|-damage|p2a: Wartortle|0 fnt
|faint|p2a: Wartortle
|choice||switch 5
|
|switch|p2a: Vileplume|Vileplume, L90|318\/318
|turn|3
|choice|move 3|move 4
|
|move|p1a: Dragonair|Thunder Wave|p2a: Vileplume
|-status|p2a: Vileplume|par
|cant|p2a: Vileplume|par
|
|turn|4
|choice|switch 2|move 4
|
|switch|p1a: Pikachu|Pikachu, L96|262\/262
|cant|p2a: Vileplume|par
|
|turn|5
|choice|move 3|move 3
|
|move|p1a: Pikachu|Body Slam|p2a: Vileplume
|-damage|p2a: Vileplume|264\/318 par
|move|p2a: Vileplume|Body Slam|p1a: Pikachu
|-damage|p1a: Pikachu|163\/262
|
|turn|6
|choice|move 1|move 3
|
|move|p1a: Pikachu|Thunderbolt|p2a: Vileplume
|-resisted|p2a: Vileplume
|-damage|p2a: Vileplume|229\/318 par
|move|p2a: Vileplume|Body Slam|p1a: Pikachu
|-damage|p1a: Pikachu|73\/262
|-status|p1a: Pikachu|par
|
|turn|7
|choice|move 3|move 3
|
|move|p1a: Pikachu|Body Slam|p2a: Vileplume
|-damage|p2a: Vileplume|172\/318 par
|cant|p2a: Vileplume|par
|
|turn|8
|choice|move 3|move 3
|
|move|p1a: Pikachu|Body Slam|p2a: Vileplume
|-damage|p2a: Vileplume|122\/318 par
|move|p2a: Vileplume|Body Slam|p1a: Pikachu
|-crit|p1a: Pikachu
|-damage|p1a: Pikachu|0 fnt
|faint|p1a: Pikachu
|choice|switch 4|
|
|switch|p1a: Articuno|Articuno, L79|304\/304
|turn|9
|choice|move 2|move 4
|
|move|p1a: Articuno|Ice Beam|p2a: Vileplume
|-supereffective|p2a: Vileplume
|-damage|p2a: Vileplume|0 fnt
|faint|p2a: Vileplume
|choice||switch 6
|
|switch|p2a: Voltorb|Voltorb, L96|272\/272
|turn|10
|choice|switch 2|move 4
|
|switch|p1a: Dragonair|Dragonair, L85|277\/277
|move|p2a: Voltorb|Thunder|p1a: Dragonair
|-resisted|p1a: Dragonair
|-damage|p1a: Dragonair|212\/277
|
|turn|11
|choice|move 3|move 4
|
|move|p2a: Voltorb|Thunder|p1a: Dragonair
|-resisted|p1a: Dragonair
|-damage|p1a: Dragonair|151\/277
|move|p1a: Dragonair|Thunder Wave|p2a: Voltorb
|-status|p2a: Voltorb|par
|
|turn|12
|choice|move 2|move 4
|
|move|p1a: Dragonair|Substitute|p1a: Dragonair
|-start|p1a: Dragonair|Substitute
|-damage|p1a: Dragonair|82\/277
|move|p2a: Voltorb|Thunder|p1a: Dragonair|[miss]
|-miss|p2a: Voltorb
|
|turn|13
|choice|move 4|move 1
|
|move|p1a: Dragonair|Hyper Beam|p2a: Voltorb
|-damage|p2a: Voltorb|147\/272 par
|move|p2a: Voltorb|Explosion|p1a: Dragonair
|-end|p1a: Dragonair|Substitute
|
|turn|14
|-mustrecharge|p1a: Dragonair
|-mustrecharge|p1a: Dragonair
|choice|move 1|move 2
|
|cant|p1a: Dragonair|recharge
|move|p2a: Voltorb|Reflect|p2a: Voltorb
|-start|p2a: Voltorb|Reflect
|
|turn|15
|choice|move 4|move 4
|
|move|p1a: Dragonair|Hyper Beam|p2a: Voltorb
|-damage|p2a: Voltorb|87\/272 par
|cant|p2a: Voltorb|par
|
|turn|16
|-mustrecharge|p1a: Dragonair
|-mustrecharge|p1a: Dragonair
|choice|move 1|move 4
|
|cant|p1a: Dragonair|recharge
|move|p2a: Voltorb|Thunder|p1a: Dragonair
|-resisted|p1a: Dragonair
|-damage|p1a: Dragonair|18\/277
|
|turn|17
|choice|move 4|move 4
|
|move|p1a: Dragonair|Hyper Beam|p2a: Voltorb
|-crit|p2a: Voltorb
|-damage|p2a: Voltorb|0 fnt
|faint|p2a: Voltorb
|choice||switch 3
|
|switch|p2a: Fearow|Fearow, L90|300\/300
|turn|18
|choice|move 1|move 3
|
|move|p2a: Fearow|Double-Edge|p1a: Dragonair
|-damage|p1a: Dragonair|0 fnt
|-damage|p2a: Fearow|296\/300|[from] recoil|[of] p1a: Dragonair
|faint|p1a: Dragonair
|choice|switch 2|
|
|switch|p1a: Articuno|Articuno, L79|304\/304
|turn|19
|choice|move 2|move 3
|
|move|p2a: Fearow|Double-Edge|p1a: Articuno
|-damage|p1a: Articuno|183\/304
|-damage|p2a: Fearow|266\/300|[from] recoil|[of] p1a: Articuno
|move|p1a: Articuno|Ice Beam|p2a: Fearow
|-crit|p2a: Fearow
|-supereffective|p2a: Fearow
|-damage|p2a: Fearow|0 fnt
|faint|p2a: Fearow
|choice||switch 2
|
|switch|p2a: Nidorina|Nidorina, L90|309\/309
|turn|20
|choice|move 3|move 1
|
|move|p1a: Articuno|Reflect|p1a: Articuno
|-start|p1a: Articuno|Reflect
|move|p2a: Nidorina|Thunder|p1a: Articuno
|-supereffective|p1a: Articuno
|-damage|p1a: Articuno|70\/304
|
|turn|21
|choice|move 2|move 1
|
|move|p1a: Articuno|Ice Beam|p2a: Nidorina
|-damage|p2a: Nidorina|186\/309
|move|p2a: Nidorina|Thunder|p1a: Articuno
|-supereffective|p1a: Articuno
|-damage|p1a: Articuno|0 fnt
|faint|p1a: Articuno
|choice|switch 6|
|
|switch|p1a: Weezing|Weezing, L90|300\/300
|turn|22
|choice|move 1|move 3
|
|move|p1a: Weezing|Explosion|p2a: Nidorina
|-damage|p2a: Nidorina|0 fnt
|faint|p2a: Nidorina
|faint|p1a: Weezing
|choice|switch 3|switch 4
|
|switch|p1a: Parasect|Parasect, L90|291\/291
|switch|p2a: Snorlax|Snorlax, L79|415\/415
|turn|23
|choice|move 4|move 1
|
|move|p1a: Parasect|Spore|p2a: Snorlax
|-status|p2a: Snorlax|slp
|cant|p2a: Snorlax|slp
|
|turn|24
|choice|move 2|move 1
|
|move|p1a: Parasect|Slash|p2a: Snorlax
|-damage|p2a: Snorlax|344\/415 slp
|cant|p2a: Snorlax|slp
|
|turn|25
|-message|PickledBeets forfeited.
|
|win|XianJu
|leave|PickledBeets
|player|p2
|raw|XianJu's rating: 1192 &rarr; <strong>1208<\/strong><br \/>(+16 for winning)
|raw|PickledBeets's rating: 1066 &rarr; <strong>1053<\/strong><br \/>(-13 for losing)