|j|Travis d
|j|Cremone7
|player|p1|Travis d|2
|player|p2|Cremone7|1
|gametype|singles
|gen|1
|tier|[Gen 1] OU
|rated
|seed|10392,16416,22763,34974
|rule|Sleep Clause Mod: Limit one foe put to sleep
|rule|Freeze Clause Mod: Limit one foe frozen
|rule|Species Clause: Limit one of each Pokémon
|rule|OHKO Clause: OHKO moves are banned
|rule|Evasion Moves Clause: Evasion moves are banned
|rule|HP Percentage Mod: HP is shown in percentages
|
|start
|switch|p1a: Nidoqueen|Nidoqueen|383\/383
|switch|p2a: Jolteon|Jolteon|333\/333
|turn|1
|choice|move 2|switch 5
|
|switch|p2a: Starmie|Starmie|323\/323
|move|p1a: Nidoqueen|Earthquake|p2a: Starmie
|-damage|p2a: Starmie|205\/323
|
|turn|2
|choice|move 1|move 4
|
|move|p2a: Starmie|Hydro Pump|p1a: Nidoqueen
|-supereffective|p1a: Nidoqueen
|-damage|p1a: Nidoqueen|28\/383
|move|p1a: Nidoqueen|Body Slam|p2a: Starmie
|-damage|p2a: Starmie|139\/323
|-status|p2a: Starmie|par
|
|turn|3
|choice|move 2|switch 6
|
|switch|p2a: Articuno|Articuno|383\/383
|move|p1a: Nidoqueen|Earthquake|p2a: Articuno
|-immune|p2a: Articuno|[msg]
|
|turn|4
|choice|switch 5|move 2
|
|switch|p1a: Dragonite|Dragonite|385\/385
|move|p2a: Articuno|Ice Beam|p1a: Dragonite
|-supereffective|p1a: Dragonite
|-damage|p1a: Dragonite|0 fnt
|faint|p1a: Dragonite
|choice|switch 4|
|
|switch|p1a: Jolteon|Jolteon|333\/333
|turn|5
|choice|move 1|switch 4
|
|switch|p2a: Nidoking|Nidoking|365\/365
|move|p1a: Jolteon|Thunderbolt|p2a: Nidoking
|-immune|p2a: Nidoking|[msg]
|
|turn|6
|choice|move 3|move 1
|
|move|p1a: Jolteon|Hyper Beam|p2a: Nidoking
|-damage|p2a: Nidoking|257\/365
|move|p2a: Nidoking|Body Slam|p1a: Jolteon
|-damage|p1a: Jolteon|245\/333
|
|turn|7
|-mustrecharge|p1a: Jolteon
|-mustrecharge|p1a: Jolteon
|choice|move 1|move 2
|
|cant|p1a: Jolteon|recharge
|move|p2a: Nidoking|Earthquake|p1a: Jolteon
|-supereffective|p1a: Jolteon
|-damage|p1a: Jolteon|0 fnt
|faint|p1a: Jolteon
|choice|switch 2|
|
|switch|p1a: Gengar|Gengar|323\/323
|turn|8
|choice|move 4|switch 6
|
|switch|p2a: Starmie|Starmie|139\/323 par
|move|p1a: Gengar|Mega Punch|p2a: Starmie
|-damage|p2a: Starmie|85\/323 par
|
|turn|9
|choice|move 1|move 2
|
|move|p1a: Gengar|Body Slam|p2a: Starmie
|-damage|p2a: Starmie|27\/323 par
|move|p2a: Starmie|Thunder Wave|p1a: Gengar
|-status|p1a: Gengar|par
|
|turn|10
|choice|move 2|move 1
|
|cant|p2a: Starmie|par
|move|p1a: Gengar|Seismic Toss|p2a: Starmie
|-damage|p2a: Starmie|0 fnt
|faint|p2a: Starmie
|choice||switch 2
|
|switch|p2a: Golem|Golem|363\/363
|turn|11
|choice|move 3|move 2
|
|move|p2a: Golem|Earthquake|p1a: Gengar
|-supereffective|p1a: Gengar
|-damage|p1a: Gengar|0 fnt
|faint|p1a: Gengar
|choice|switch 5|
|
|switch|p1a: Nidoqueen|Nidoqueen|28\/383
|turn|12
|choice|move 1|move 2
|
|move|p1a: Nidoqueen|Body Slam|p2a: Golem
|-resisted|p2a: Golem
|-damage|p2a: Golem|340\/363
|move|p2a: Golem|Earthquake|p1a: Nidoqueen
|-supereffective|p1a: Nidoqueen
|-damage|p1a: Nidoqueen|0 fnt
|faint|p1a: Nidoqueen
|choice|switch 3|
|
|switch|p1a: Alakazam|Alakazam|313\/313
|turn|13
|choice|move 1|move 3
|
|move|p1a: Alakazam|Psychic|p2a: Golem
|-damage|p2a: Golem|153\/363
|move|p2a: Golem|Explosion|p1a: Alakazam
|-damage|p1a: Alakazam|0 fnt
|faint|p1a: Alakazam
|faint|p2a: Golem
|choice|switch 6|switch 5
|
|switch|p2a: Jolteon|Jolteon|333\/333
|switch|p1a: Raichu|Raichu|323\/323
|turn|14
|choice|move 2|move 3
|
|move|p2a: Jolteon|Thunder Wave|p1a: Raichu
|-status|p1a: Raichu|par
|move|p1a: Raichu|Surf|p2a: Jolteon
|-damage|p2a: Jolteon|273\/333
|
|turn|15
|choice|move 1|move 4
|
|move|p2a: Jolteon|Double Kick|p1a: Raichu
|-damage|p1a: Raichu|298\/323 par
|-damage|p1a: Raichu|273\/323 par
|-hitcount|p1a: Raichu|2
|cant|p1a: Raichu|par
|
|turn|16
|choice|move 4|move 2
|
|move|p2a: Jolteon|Pin Missile|p1a: Raichu|[miss]
|-miss|p2a: Jolteon
|cant|p1a: Raichu|par
|
|turn|17
|choice|move 1|switch 6
|
|switch|p2a: Nidoking|Nidoking|257\/365
|move|p1a: Raichu|Double-Edge|p2a: Nidoking
|-crit|p2a: Nidoking
|-damage|p2a: Nidoking|79\/365
|-damage|p1a: Raichu|229\/323 par|[from] recoil|[of] p2a: Nidoking
|
|turn|18
|choice|move 2|move 2
|
|move|p2a: Nidoking|Earthquake|p1a: Raichu
|-supereffective|p1a: Raichu
|-damage|p1a: Raichu|0 fnt
|faint|p1a: Raichu
|
|win|Cremone7
|raw|Travis d's rating: 1000 &rarr; <strong>1000<\/strong><br \/>(+0 for losing)
|raw|Cremone7's rating: 1122 &rarr; <strong>1138<\/strong><br \/>(+16 for winning)