|j|DamSpan
|j|DanyFTW
|player|p1|DamSpan|12
|player|p2|DanyFTW|1
|gametype|singles
|gen|1
|tier|[Gen 1] Random Battle
|rated
|seed|
|rule|Sleep Clause Mod: Limit one foe put to sleep
|rule|Freeze Clause Mod: Limit one foe frozen
|rule|HP Percentage Mod: HP is shown in percentages
|
|start
|switch|p1a: Scyther|Scyther, L90|100\/100
|switch|p2a: Diglett|Diglett, L96|100\/100
|turn|1
|choice||
|
|move|p1a: Scyther|Swords Dance|p1a: Scyther
|-boost|p1a: Scyther|atk|2
|move|p2a: Diglett|Substitute|p2a: Diglett
|-start|p2a: Diglett|Substitute
|-damage|p2a: Diglett|76\/100
|
|turn|2
|choice||
|
|move|p1a: Scyther|Slash|p2a: Diglett
|-crit|p2a: Diglett
|-end|p2a: Diglett|Substitute
|move|p2a: Diglett|Slash|p1a: Scyther
|-crit|p1a: Scyther
|-damage|p1a: Scyther|72\/100
|
|turn|3
|choice||
|
|move|p1a: Scyther|Slash|p2a: Diglett
|-crit|p2a: Diglett
|-damage|p2a: Diglett|0 fnt
|faint|p2a: Diglett
|choice||
|
|switch|p2a: Arbok|Arbok, L90|100\/100
|turn|4
|choice||
|
|move|p1a: Scyther|Swords Dance|p1a: Scyther
|-boost|p1a: Scyther|atk|2
|move|p2a: Arbok|Rock Slide|p1a: Scyther
|-supereffective|p1a: Scyther
|-damage|p1a: Scyther|4\/100
|
|turn|5
|choice||
|
|move|p1a: Scyther|Hyper Beam|p2a: Arbok
|-damage|p2a: Arbok|0 fnt
|faint|p2a: Arbok
|choice||
|
|switch|p2a: Nidorina|Nidorina, L90|100\/100
|turn|6
|choice||
|
|move|p1a: Scyther|Hyper Beam|p2a: Nidorina
|-damage|p2a: Nidorina|0 fnt
|faint|p2a: Nidorina
|choice||
|
|switch|p2a: Wartortle|Wartortle, L85|100\/100
|turn|7
|choice||
|
|move|p1a: Scyther|Hyper Beam|p2a: Wartortle
|-damage|p2a: Wartortle|0 fnt
|faint|p2a: Wartortle
|c|★DamSpan|gg
|choice||
|
|switch|p2a: Ninetales|Ninetales, L85|100\/100
|turn|8
|choice||
|
|move|p1a: Scyther|Hyper Beam|p2a: Ninetales
|-damage|p2a: Ninetales|0 fnt
|faint|p2a: Ninetales
|choice||
|
|switch|p2a: Dodrio|Dodrio, L85|100\/100
|turn|9
|choice||
|
|move|p1a: Scyther|Hyper Beam|p2a: Dodrio|[miss]
|-miss|p1a: Scyther
|move|p2a: Dodrio|Drill Peck|p1a: Scyther
|-supereffective|p1a: Scyther
|-damage|p1a: Scyther|0 fnt
|faint|p1a: Scyther
|c|★DamSpan|lawl
|choice||
|
|switch|p1a: Rhydon|Rhydon, L79|100\/100
|turn|10
|choice||
|
|move|p2a: Dodrio|Drill Peck|p1a: Rhydon
|-resisted|p1a: Rhydon
|-damage|p1a: Rhydon|88\/100
|move|p1a: Rhydon|Rock Slide|p2a: Dodrio
|-supereffective|p2a: Dodrio
|-damage|p2a: Dodrio|25\/100
|
|turn|11
|choice||
|
|move|p2a: Dodrio|Hyper Beam|p1a: Rhydon
|-resisted|p1a: Rhydon
|-damage|p1a: Rhydon|67\/100
|move|p1a: Rhydon|Rock Slide|p2a: Dodrio
|-crit|p2a: Dodrio
|-supereffective|p2a: Dodrio
|-damage|p2a: Dodrio|0 fnt
|faint|p2a: Dodrio
|
|win|DamSpan
|player|p1
|player|p2
|raw|DamSpan's rating: 1333 &rarr; <strong>1343<\/strong><br \/>(+10 for winning)
|raw|DanyFTW's rating: 1132 &rarr; <strong>1120<\/strong><br \/>(-12 for losing)
|l|DanyFTW