|join|LibKjet
|join|kid gf lol
|player|p1|LibKjet|210
|player|p2|kid gf lol|167
|gametype|singles
|gen|1
|tier|[Gen 1] OU (beta)
|rated
|rule|Sleep Clause Mod: Limit one foe put to sleep
|rule|Species Clause: Limit one of each Pokemon
|rule|OHKO Clause: OHKO moves are banned
|rule|Moody Clause: Moody is banned
|rule|Evasion Moves Clause: Evasion moves are banned
|rule|Endless Battle Clause: Forcing endless battles is banned.
|rule|HP Percentage Mod: HP is reported as percentages
|
|start
|switch|p1a: Gengar|Gengar|323\/323
|switch|p2a: Jynx Lead|Jynx|333\/333
|turn|1
|
|move|p1a: Gengar|Hypnosis|p2a: Jynx Lead
|-status|p2a: Jynx Lead|slp
|cant|p2a: Jynx Lead|slp
|
|turn|2
|
|switch|p2a: Result of Incest|Exeggutor|393\/393
|move|p1a: Gengar|Thunderbolt|p2a: Result of Incest
|-resisted|p2a: Result of Incest
|-damage|p2a: Result of Incest|356\/393
|
|turn|3
|
|move|p1a: Gengar|Thunderbolt|p2a: Result of Incest
|-resisted|p2a: Result of Incest
|-damage|p2a: Result of Incest|315\/393
|move|p2a: Result of Incest|Sleep Powder|p1a: Gengar
|-status|p1a: Gengar|slp
|
|turn|4
|
|switch|p1a: Zapdos|Zapdos|383\/383
|move|p2a: Result of Incest|Psychic|p1a: Zapdos
|-damage|p1a: Zapdos|281\/383
|
|turn|5
|
|switch|p2a: TNT|Golem|363\/363
|move|p1a: Zapdos|Drill Peck|p2a: TNT
|-resisted|p2a: TNT
|-damage|p2a: TNT|326\/363
|
|turn|6
|join|FatCharChar
|
|switch|p1a: Starmie|Starmie|323\/323
|move|p2a: TNT|Earthquake|p1a: Starmie
|-damage|p1a: Starmie|192\/323
|
|turn|7
|
|switch|p2a: Breakfast Pouch|Chansey|703\/703
|move|p1a: Starmie|Blizzard|p2a: Breakfast Pouch
|-crit|p2a: Breakfast Pouch
|-damage|p2a: Breakfast Pouch|525\/703
|
|turn|8
|
|switch|p1a: Rhydon|Rhydon|413\/413
|move|p2a: Breakfast Pouch|Ice Beam|p1a: Rhydon
|-supereffective|p1a: Rhydon
|-damage|p1a: Rhydon|176\/413
|
|turn|9
|leave|FatCharChar
|
|move|p2a: Breakfast Pouch|Ice Beam|p1a: Rhydon
|-crit|p1a: Rhydon
|-supereffective|p1a: Rhydon
|-damage|p1a: Rhydon|0 fnt
|faint|p1a: Rhydon
|
|
|switch|p1a: Tauros|Tauros|353\/353
|turn|10
|
|move|p1a: Tauros|Body Slam|p2a: Breakfast Pouch
|-damage|p2a: Breakfast Pouch|272\/703
|move|p2a: Breakfast Pouch|Thunder Wave|p1a: Tauros
|-status|p1a: Tauros|par
|
|turn|11
|
|switch|p2a: He's Got A Big|Snorlax|523\/523
|move|p1a: Tauros|Hyper Beam|p2a: He's Got A Big
|-crit|p2a: He's Got A Big
|-damage|p2a: He's Got A Big|45\/523
|
|turn|12
|
|move|p2a: He's Got A Big|Reflect|p2a: He's Got A Big
|cant|p1a: Tauros|recharge
|
|turn|13
|
|move|p2a: He's Got A Big|Rest|p2a: He's Got A Big
|-status|p2a: He's Got A Big|slp
|-heal|p2a: He's Got A Big|523\/523 slp|[silent]
|-status|p2a: He's Got A Big|slp|[from] move: Rest
|cant|p1a: Tauros|par
|
|turn|14
|
|cant|p2a: He's Got A Big|slp
|move|p1a: Tauros|Body Slam|p2a: He's Got A Big
|-damage|p2a: He's Got A Big|458\/523 slp
|
|turn|15
|
|cant|p2a: He's Got A Big|slp
|-curestatus|p2a: He's Got A Big|slp
|move|p1a: Tauros|Body Slam|p2a: He's Got A Big
|-damage|p2a: He's Got A Big|388\/523
|
|turn|16
|
|move|p2a: He's Got A Big|Body Slam|p1a: Tauros
|-damage|p1a: Tauros|249\/353 par
|move|p1a: Tauros|Body Slam|p2a: He's Got A Big
|-damage|p2a: He's Got A Big|319\/523
|-status|p2a: He's Got A Big|par
|
|turn|17
|
|switch|p1a: Gengar|Gengar|323\/323 slp
|move|p2a: He's Got A Big|Body Slam|p1a: Gengar
|-immune|p1a: Gengar|[msg]
|
|turn|18
|
|switch|p2a: Result of Incest|Exeggutor|315\/393
|cant|p1a: Gengar|slp
|-curestatus|p1a: Gengar|slp
|
|turn|19
|
|switch|p1a: Tauros|Tauros|249\/353 par
|move|p2a: Result of Incest|Psychic|p1a: Tauros
|-damage|p1a: Tauros|90\/353 par
|-unboost|p1a: Tauros|spd|1
|-unboost|p1a: Tauros|spa|1
|
|turn|20
|
|move|p2a: Result of Incest|Psychic|p1a: Tauros
|-damage|p1a: Tauros|0 fnt
|faint|p1a: Tauros
|
|
|switch|p1a: Chansey|Chansey|703\/703
|turn|21
|
|move|p2a: Result of Incest|Sleep Powder|p1a: Chansey|[miss]
|-miss|p2a: Result of Incest
|move|p1a: Chansey|Ice Beam|p2a: Result of Incest
|-supereffective|p2a: Result of Incest
|-damage|p2a: Result of Incest|174\/393
|
|turn|22
|
|move|p2a: Result of Incest|Sleep Powder|p1a: Chansey
|-status|p1a: Chansey|slp
|cant|p1a: Chansey|slp
|
|turn|23
|
|switch|p2a: That's Bull|Tauros|353\/353
|cant|p1a: Chansey|slp
|
|turn|24
|
|switch|p1a: Zapdos|Zapdos|281\/383
|move|p2a: That's Bull|Earthquake|p1a: Zapdos
|-immune|p1a: Zapdos|[msg]
|
|turn|25
|
|move|p2a: That's Bull|Body Slam|p1a: Zapdos
|-crit|p1a: Zapdos
|-damage|p1a: Zapdos|46\/383
|-status|p1a: Zapdos|par
|move|p1a: Zapdos|Thunderbolt|p2a: That's Bull
|-damage|p2a: That's Bull|187\/353
|
|turn|26
|
|switch|p1a: Gengar|Gengar|323\/323
|move|p2a: That's Bull|Body Slam|p1a: Gengar
|-immune|p1a: Gengar|[msg]
|
|turn|27
|
|move|p1a: Gengar|Thunderbolt|p2a: That's Bull
|-crit|p2a: That's Bull
|-damage|p2a: That's Bull|0 fnt
|faint|p2a: That's Bull
|
|
|switch|p2a: Result of Incest|Exeggutor|174\/393
|turn|28
|
|move|p1a: Gengar|Explosion|p2a: Result of Incest
|-damage|p2a: Result of Incest|0 fnt
|faint|p2a: Result of Incest
|faint|p1a: Gengar
|
|switch|p1a: Starmie|Starmie|192\/323
|switch|p2a: He's Got A Big|Snorlax|319\/523 par
|turn|29
|
|move|p1a: Starmie|Recover|p1a: Starmie
|-heal|p1a: Starmie|323\/323
|move|p2a: He's Got A Big|Body Slam|p1a: Starmie
|-damage|p1a: Starmie|211\/323
|
|turn|30
|
|move|p1a: Starmie|Blizzard|p2a: He's Got A Big
|-crit|p2a: He's Got A Big
|-damage|p2a: He's Got A Big|80\/523 par
|move|p2a: He's Got A Big|Body Slam|p1a: Starmie
|-damage|p1a: Starmie|93\/323
|
|turn|31
|
|switch|p2a: Breakfast Pouch|Chansey|272\/703
|move|p1a: Starmie|Blizzard|p2a: Breakfast Pouch
|-damage|p2a: Breakfast Pouch|181\/703
|
|turn|32
|
|move|p1a: Starmie|Recover|p1a: Starmie
|-heal|p1a: Starmie|254\/323
|move|p2a: Breakfast Pouch|Soft-Boiled|p2a: Breakfast Pouch
|-heal|p2a: Breakfast Pouch|532\/703
|
|turn|33
|
|switch|p1a: Chansey|Chansey|703\/703 slp
|move|p2a: Breakfast Pouch|Thunderbolt|p1a: Chansey
|-damage|p1a: Chansey|627\/703 slp
|
|turn|34
|
|switch|p2a: He's Got A Big|Snorlax|80\/523 par
|cant|p1a: Chansey|slp
|
|turn|35
|
|cant|p1a: Chansey|slp
|cant|p2a: He's Got A Big|par
|
|turn|36
|
|cant|p1a: Chansey|slp
|move|p2a: He's Got A Big|Body Slam|p1a: Chansey
|-damage|p1a: Chansey|309\/703 slp
|
|turn|37
|
|switch|p1a: Zapdos|Zapdos|46\/383 par
|move|p2a: He's Got A Big|Body Slam|p1a: Zapdos
|-damage|p1a: Zapdos|0 fnt
|faint|p1a: Zapdos
|
|
|switch|p1a: Starmie|Starmie|254\/323
|turn|38
|
|switch|p2a: Breakfast Pouch|Chansey|532\/703
|move|p1a: Starmie|Blizzard|p2a: Breakfast Pouch
|-damage|p2a: Breakfast Pouch|448\/703
|-status|p2a: Breakfast Pouch|frz
|
|turn|39
|
|move|p1a: Starmie|Blizzard|p2a: Breakfast Pouch
|-damage|p2a: Breakfast Pouch|361\/703 frz
|cant|p2a: Breakfast Pouch|frz
|
|turn|40
|
|move|p1a: Starmie|Thunderbolt|p2a: Breakfast Pouch
|-damage|p2a: Breakfast Pouch|291\/703 frz
|cant|p2a: Breakfast Pouch|frz
|
|turn|41
|
|move|p1a: Starmie|Thunderbolt|p2a: Breakfast Pouch
|-damage|p2a: Breakfast Pouch|223\/703 frz
|cant|p2a: Breakfast Pouch|frz
|
|turn|42
|
|move|p1a: Starmie|Thunderbolt|p2a: Breakfast Pouch
|-damage|p2a: Breakfast Pouch|149\/703 frz
|cant|p2a: Breakfast Pouch|frz
|
|turn|43
|
|move|p1a: Starmie|Thunderbolt|p2a: Breakfast Pouch
|-damage|p2a: Breakfast Pouch|78\/703 frz
|cant|p2a: Breakfast Pouch|frz
|
|turn|44
|
|move|p1a: Starmie|Thunderbolt|p2a: Breakfast Pouch
|-damage|p2a: Breakfast Pouch|2\/703 frz
|cant|p2a: Breakfast Pouch|frz
|
|turn|45
|
|move|p1a: Starmie|Thunderbolt|p2a: Breakfast Pouch
|-damage|p2a: Breakfast Pouch|0 fnt
|faint|p2a: Breakfast Pouch
|
|
|switch|p2a: Jynx Lead|Jynx|333\/333 slp
|turn|46
|
|move|p1a: Starmie|Thunderbolt|p2a: Jynx Lead
|-damage|p2a: Jynx Lead|253\/333 slp
|cant|p2a: Jynx Lead|slp
|
|turn|47
|
|move|p1a: Starmie|Thunderbolt|p2a: Jynx Lead
|-damage|p2a: Jynx Lead|180\/333 slp
|cant|p2a: Jynx Lead|slp
|
|turn|48
|
|move|p1a: Starmie|Thunderbolt|p2a: Jynx Lead
|-damage|p2a: Jynx Lead|104\/333 slp
|cant|p2a: Jynx Lead|slp
|
|turn|49
|
|move|p1a: Starmie|Thunderbolt|p2a: Jynx Lead
|-damage|p2a: Jynx Lead|33\/333 slp
|cant|p2a: Jynx Lead|slp
|-curestatus|p2a: Jynx Lead|slp
|
|turn|50
|
|switch|p2a: TNT|Golem|326\/363
|move|p1a: Starmie|Thunderbolt|p2a: TNT
|-immune|p2a: TNT|[msg]
|
|turn|51
|
|move|p1a: Starmie|Blizzard|p2a: TNT
|-supereffective|p2a: TNT
|-damage|p2a: TNT|37\/363
|move|p2a: TNT|Explosion|p1a: Starmie
|-damage|p1a: Starmie|0 fnt
|faint|p1a: Starmie
|faint|p2a: TNT
|chat|LibKjet|gg
|
|switch|p1a: Chansey|Chansey|309\/703 slp
|switch|p2a: He's Got A Big|Snorlax|80\/523 par
|turn|52
|
|cant|p1a: Chansey|slp
|-curestatus|p1a: Chansey|slp
|cant|p2a: He's Got A Big|par
|
|turn|53
|
|move|p1a: Chansey|Thunderbolt|p2a: He's Got A Big
|-damage|p2a: He's Got A Big|0 fnt
|faint|p2a: He's Got A Big
|
|
|switch|p2a: Jynx Lead|Jynx|33\/333
|turn|54
|
|move|p2a: Jynx Lead|Lovely Kiss|p1a: Chansey|[miss]
|-miss|p2a: Jynx Lead
|move|p1a: Chansey|Thunderbolt|p2a: Jynx Lead
|-damage|p2a: Jynx Lead|0 fnt
|faint|p2a: Jynx Lead
|
|win|LibKjet
|raw|Ladder updating...
|raw|LibKjet's rating: 1169 &rarr; <strong>1209<\/strong><br \/>(+40 for winning)
|raw|kid gf lol's rating: 1409 &rarr; <strong>1377<\/strong><br \/>(-32 for losing)
|leave|kid gf lol
|player|p2