|join|Tensakai
|join|blacks r subhuman
|player|p1|Tensakai|283
|player|p2|blacks r subhuman|169
|gametype|singles
|gen|1
|tier|[Gen 1] Random Battle
|rated
|seed|25693,49707,19478,60127
|rule|Sleep Clause Mod: Limit one foe put to sleep
|rule|Freeze Clause Mod: Limit one foe frozen
|rule|HP Percentage Mod: HP is shown in percentages
|
|start
|switch|p1a: Dodrio|Dodrio, L85|276\/276
|switch|p2a: Nidorino|Nidorino, L90|293\/293
|turn|1
|choice|move 1|move 1
|
|move|p1a: Dodrio|Drill Peck|p2a: Nidorino
|-damage|p2a: Nidorino|182\/293
|move|p2a: Nidorino|Thunderbolt|p1a: Dodrio
|-supereffective|p1a: Dodrio
|-damage|p1a: Dodrio|146\/276
|
|turn|2
|choice|move 1|move 1
|
|move|p1a: Dodrio|Drill Peck|p2a: Nidorino
|-crit|p2a: Nidorino
|-damage|p2a: Nidorino|0 fnt
|faint|p2a: Nidorino
|choice||switch 5
|
|switch|p2a: Kingler|Kingler, L85|267\/267
|turn|3
|choice|move 1|move 3
|
|move|p1a: Dodrio|Drill Peck|p2a: Kingler
|-damage|p2a: Kingler|194\/267
|move|p2a: Kingler|Hyper Beam|p1a: Dodrio|[miss]
|-miss|p2a: Kingler
|
|turn|4
|choice|move 2|move 3
|
|move|p1a: Dodrio|Body Slam|p2a: Kingler
|-crit|p2a: Kingler
|-damage|p2a: Kingler|28\/267
|move|p2a: Kingler|Hyper Beam|p1a: Dodrio
|-crit|p1a: Dodrio
|-damage|p1a: Dodrio|0 fnt
|faint|p1a: Dodrio
|choice|switch 4|
|
|switch|p1a: Golduck|Golduck, L85|310\/310
|turn|5
|choice|move 2|switch 2
|
|switch|p2a: Poliwrath|Poliwrath, L85|327\/327
|move|p1a: Golduck|Body Slam|p2a: Poliwrath
|-damage|p2a: Poliwrath|279\/327
|-status|p2a: Poliwrath|par
|
|turn|6
|choice|switch 2|move 4
|
|switch|p1a: Venusaur|Venusaur, L85|310\/310
|cant|p2a: Poliwrath|par
|
|turn|7
|choice|move 4|switch 3
|
|switch|p2a: Jynx|Jynx, L79|265\/265
|move|p1a: Venusaur|Razor Leaf|p2a: Jynx
|-crit|p2a: Jynx
|-damage|p2a: Jynx|147\/265
|
|turn|8
|choice|move 4|move 1
|
|move|p2a: Jynx|Lovely Kiss|p1a: Venusaur
|-status|p1a: Venusaur|slp
|cant|p1a: Venusaur|slp
|
|turn|9
|choice|switch 2|move 3
|
|switch|p1a: Golduck|Golduck, L85|310\/310
|move|p2a: Jynx|Psychic|p1a: Golduck
|-damage|p1a: Golduck|226\/310
|
|turn|10
|choice|move 2|move 3
|
|move|p1a: Golduck|Body Slam|p2a: Jynx
|-damage|p2a: Jynx|43\/265
|move|p2a: Jynx|Psychic|p1a: Golduck
|-damage|p1a: Golduck|137\/310
|
|turn|11
|choice|move 2|switch 3
|
|switch|p2a: Poliwrath|Poliwrath, L85|279\/327 par
|move|p1a: Golduck|Body Slam|p2a: Poliwrath
|-crit|p2a: Poliwrath
|-damage|p2a: Poliwrath|173\/327 par
|
|turn|12
|choice|move 4|move 3
|
|move|p1a: Golduck|Rest|p1a: Golduck
|-status|p1a: Golduck|slp
|-heal|p1a: Golduck|310\/310 slp|[silent]
|-status|p1a: Golduck|slp|[from] move: Rest
|move|p2a: Poliwrath|Submission|p1a: Golduck
|-damage|p1a: Golduck|226\/310 slp
|-damage|p2a: Poliwrath|152\/327 par|[from] recoil|[of] p1a: Golduck
|
|turn|13
|choice|move 2|switch 4
|
|switch|p2a: Snorlax|Snorlax, L79|415\/415
|cant|p1a: Golduck|slp
|
|turn|14
|choice|move 3|move 1
|
|-curestatus|p1a: Golduck|slp
|move|p2a: Snorlax|Amnesia|p2a: Snorlax
|-boost|p2a: Snorlax|spd|2
|-boost|p2a: Snorlax|spa|2
|
|turn|15
|choice|move 3|move 1
|
|move|p1a: Golduck|Blizzard|p2a: Snorlax|[miss]
|-miss|p1a: Golduck
|move|p2a: Snorlax|Amnesia|p2a: Snorlax
|-boost|p2a: Snorlax|spd|2
|-boost|p2a: Snorlax|spa|2
|
|turn|16
|choice|move 2|move 1
|
|move|p1a: Golduck|Body Slam|p2a: Snorlax
|-damage|p2a: Snorlax|340\/415
|move|p2a: Snorlax|Amnesia|p2a: Snorlax
|-boost|p2a: Snorlax|spd|2
|-boost|p2a: Snorlax|spa|2
|
|turn|17
|choice|move 2|move 4
|
|move|p1a: Golduck|Body Slam|p2a: Snorlax
|-damage|p2a: Snorlax|265\/415
|move|p2a: Snorlax|Surf|p1a: Golduck
|-resisted|p1a: Golduck
|-damage|p1a: Golduck|131\/310
|
|turn|18
|choice|move 2|move 4
|
|move|p1a: Golduck|Body Slam|p2a: Snorlax
|-damage|p2a: Snorlax|192\/415
|move|p2a: Snorlax|Surf|p1a: Golduck
|-resisted|p1a: Golduck
|-damage|p1a: Golduck|41\/310
|
|turn|19
|choice|move 2|move 4
|
|move|p1a: Golduck|Body Slam|p2a: Snorlax
|-damage|p2a: Snorlax|117\/415
|move|p2a: Snorlax|Surf|p1a: Golduck
|-resisted|p1a: Golduck
|-damage|p1a: Golduck|0 fnt
|faint|p1a: Golduck
|choice|switch 2|
|
|switch|p1a: Venusaur|Venusaur, L85|310\/310 slp
|turn|20
|choice|move 4|move 2
|
|cant|p1a: Venusaur|slp
|move|p2a: Snorlax|Blizzard|p1a: Venusaur
|-supereffective|p1a: Venusaur
|-damage|p1a: Venusaur|0 fnt
|faint|p1a: Venusaur
|choice|switch 6|
|
|switch|p1a: Alakazam|Alakazam, L79|249\/249
|turn|21
|choice|move 1|move 3
|
|move|p1a: Alakazam|Psychic|p2a: Snorlax
|-damage|p2a: Snorlax|86\/415
|move|p2a: Snorlax|Self-Destruct|p1a: Alakazam
|-damage|p1a: Alakazam|0 fnt
|faint|p1a: Alakazam
|faint|p2a: Snorlax
|choice|switch 3|switch 3
|
|switch|p1a: Electrode|Electrode, L90|291\/291
|switch|p2a: Jynx|Jynx, L79|43\/265
|turn|22
|choice|move 3|switch 6
|
|switch|p2a: Sandslash|Sandslash, L85|301\/301
|move|p1a: Electrode|Thunderbolt|p2a: Sandslash
|-immune|p2a: Sandslash|[msg]
|
|turn|23
|choice|switch 5|move 3
|
|switch|p1a: Mew|Mew, L74|300\/300
|move|p2a: Sandslash|Substitute|p2a: Sandslash
|-start|p2a: Sandslash|Substitute
|-damage|p2a: Sandslash|226\/301
|
|turn|24
|choice|move 2|move 4
|
|move|p1a: Mew|Thunderbolt|p2a: Sandslash
|-immune|p2a: Sandslash|[msg]
|move|p2a: Sandslash|Body Slam|p1a: Mew
|-damage|p1a: Mew|230\/300
|
|turn|25
|choice|move 1|move 4
|
|move|p1a: Mew|Swift|p2a: Sandslash
|-activate|p2a: Sandslash|Substitute|[damage]
|move|p2a: Sandslash|Body Slam|p1a: Mew
|-crit|p1a: Mew
|-damage|p1a: Mew|92\/300
|
|turn|26
|choice|move 1|move 1
|
|move|p1a: Mew|Swift|p2a: Sandslash
|-crit|p2a: Sandslash
|-end|p2a: Sandslash|Substitute
|move|p2a: Sandslash|Earthquake|p1a: Mew
|-damage|p1a: Mew|0 fnt
|faint|p1a: Mew
|choice|switch 5|
|
|switch|p1a: Electrode|Electrode, L90|291\/291
|turn|27
|choice|move 2|move 1
|
|move|p1a: Electrode|Thunder Wave|p2a: Sandslash
|-immune|p2a: Sandslash|[msg]
|move|p2a: Sandslash|Earthquake|p1a: Electrode
|-supereffective|p1a: Electrode
|-damage|p1a: Electrode|51\/291
|
|turn|28
|choice|move 1|move 1
|
|move|p1a: Electrode|Explosion|p2a: Sandslash
|-damage|p2a: Sandslash|70\/301
|faint|p1a: Electrode
|
|win|blacks r subhuman
|raw|Tensakai's rating: 1162 &rarr; <strong>1143<\/strong><br \/>(-19 for losing)
|raw|blacks r subhuman's rating: 1247 &rarr; <strong>1266<\/strong><br \/>(+19 for winning)
|leave|Tensakai
|player|p1