|j|Whoremaster
|j|Reverb
|player|p1|Whoremaster|43
|player|p2|Reverb|#reverb
|gametype|singles
|gen|1
|tier|[Gen 1] OU
|seed|29101,9868,63342,28638
|rule|Sleep Clause Mod: Limit one foe put to sleep
|rule|Freeze Clause Mod: Limit one foe frozen
|rule|Species Clause: Limit one of each Pokémon
|rule|OHKO Clause: OHKO moves are banned
|rule|Evasion Moves Clause: Evasion moves are banned
|rule|HP Percentage Mod: HP is shown in percentages
|
|start
|switch|p1a: Alakazam|Alakazam|313\/313
|switch|p2a: Jynx|Jynx|333\/333
|turn|1
|c|★Reverb|hf
|j|Peasounay
|c|★Whoremaster|u2 m8
|choice|move 2|move 1
|
|move|p1a: Alakazam|Seismic Toss|p2a: Jynx
|-damage|p2a: Jynx|233\/333
|move|p2a: Jynx|Lovely Kiss|p1a: Alakazam
|-status|p1a: Alakazam|slp
|
|turn|2
|choice|switch 3|move 2
|
|switch|p1a: Chansey|Chansey|703\/703
|move|p2a: Jynx|Blizzard|p1a: Chansey
|-damage|p1a: Chansey|561\/703
|
|turn|3
|c|★Whoremaster|now u have to promise not to freeze me ok
|j|Ch01W0n5h1n
|c|★Reverb|lol
|choice|move 2|switch 4
|
|switch|p2a: Chansey|Chansey|703\/703
|move|p1a: Chansey|Thunderbolt|p2a: Chansey
|-damage|p2a: Chansey|626\/703
|
|turn|4
|choice|move 1|move 1
|
|move|p1a: Chansey|Ice Beam|p2a: Chansey
|-damage|p2a: Chansey|552\/703
|move|p2a: Chansey|Thunder Wave|p1a: Chansey
|-status|p1a: Chansey|par
|
|turn|5
|c|★Whoremaster|thanks i actually feel a lot better now
|c|★Reverb|lol
|choice|move 1|move 4
|
|move|p2a: Chansey|Soft-Boiled|p2a: Chansey
|-heal|p2a: Chansey|703\/703
|cant|p1a: Chansey|par
|
|turn|6
|choice|move 1|switch 3
|
|switch|p2a: Snorlax|Snorlax|523\/523
|move|p1a: Chansey|Ice Beam|p2a: Snorlax
|-damage|p2a: Snorlax|426\/523
|
|turn|7
|choice|move 3|move 1
|
|move|p2a: Snorlax|Body Slam|p1a: Chansey
|-damage|p1a: Chansey|259\/703 par
|move|p1a: Chansey|Thunder Wave|p2a: Snorlax
|-status|p2a: Snorlax|par
|
|turn|8
|choice|switch 2|move 1
|
|switch|p1a: Exeggutor|Exeggutor|393\/393
|move|p2a: Snorlax|Body Slam|p1a: Exeggutor
|-damage|p1a: Exeggutor|270\/393
|
|turn|9
|choice|move 3|move 1
|
|move|p1a: Exeggutor|Psychic|p2a: Snorlax
|-damage|p2a: Snorlax|265\/523 par
|move|p2a: Snorlax|Body Slam|p1a: Exeggutor
|-damage|p1a: Exeggutor|159\/393
|
|turn|10
|choice|move 3|move 3
|
|move|p1a: Exeggutor|Psychic|p2a: Snorlax
|-damage|p2a: Snorlax|102\/523 par
|move|p2a: Snorlax|Hyper Beam|p1a: Exeggutor
|-damage|p1a: Exeggutor|0 fnt
|faint|p1a: Exeggutor
|c|★Whoremaster|full para not my m8
|choice|switch 6|
|
|switch|p1a: Tauros|Tauros|353\/353
|turn|11
|j|trueWario
|l|Peasounay
|choice|move 1|switch 2
|
|switch|p2a: Exeggutor|Exeggutor|393\/393
|move|p1a: Tauros|Body Slam|p2a: Exeggutor
|-damage|p2a: Exeggutor|289\/393
|
|turn|12
|choice|switch 2|move 3
|
|switch|p1a: Chansey|Chansey|259\/703 par
|move|p2a: Exeggutor|Psychic|p1a: Chansey
|-damage|p1a: Chansey|140\/703 par
|
|turn|13
|choice|move 4|move 3
|
|move|p2a: Exeggutor|Psychic|p1a: Chansey
|-damage|p1a: Chansey|20\/703 par
|-unboost|p1a: Chansey|spd|1
|-unboost|p1a: Chansey|spa|1
|move|p1a: Chansey|Soft-Boiled|p1a: Chansey
|-heal|p1a: Chansey|371\/703 par
|
|turn|14
|choice|switch 3|move 3
|
|switch|p1a: Alakazam|Alakazam|313\/313 slp
|move|p2a: Exeggutor|Psychic|p1a: Alakazam
|-resisted|p1a: Alakazam
|-damage|p1a: Alakazam|260\/313 slp
|
|turn|15
|choice|switch 3|switch 5
|
|switch|p1a: Chansey|Chansey|371\/703 par
|switch|p2a: Tauros|Tauros|353\/353
|
|turn|16
|choice|switch 4|move 4
|
|switch|p1a: Golem|Golem|363\/363
|move|p2a: Tauros|Hyper Beam|p1a: Golem
|-resisted|p1a: Golem
|-damage|p1a: Golem|288\/363
|
|turn|17
|-mustrecharge|p2a: Tauros
|-mustrecharge|p2a: Tauros
|choice|move 2|move 1
|
|cant|p2a: Tauros|recharge
|move|p1a: Golem|Earthquake|p2a: Tauros
|-damage|p2a: Tauros|214\/353
|
|turn|18
|choice|move 2|move 3
|
|move|p2a: Tauros|Blizzard|p1a: Golem
|-supereffective|p1a: Golem
|-damage|p1a: Golem|66\/363
|move|p1a: Golem|Earthquake|p2a: Tauros
|-damage|p2a: Tauros|82\/353
|
|turn|19
|c|★Whoremaster|didnt think you'd stay in
|choice|move 4|move 2
|
|move|p2a: Tauros|Earthquake|p1a: Golem
|-crit|p1a: Golem
|-supereffective|p1a: Golem
|-damage|p1a: Golem|0 fnt
|faint|p1a: Golem
|choice|switch 5|
|
|switch|p1a: Jolteon|Jolteon|333\/333
|turn|20
|j|Genocide420
|choice|move 1|switch 3
|
|switch|p2a: Chansey|Chansey|703\/703
|move|p1a: Jolteon|Thunderbolt|p2a: Chansey
|-damage|p2a: Chansey|588\/703
|-status|p2a: Chansey|par
|
|turn|21
|choice|switch 4|move 1
|
|switch|p1a: Chansey|Chansey|371\/703 par
|move|p2a: Chansey|Thunder Wave|p1a: Chansey
|-fail|p1a: Chansey|par
|
|turn|22
|choice|move 1|switch 5
|
|switch|p2a: Exeggutor|Exeggutor|289\/393
|move|p1a: Chansey|Ice Beam|p2a: Exeggutor
|-supereffective|p2a: Exeggutor
|-damage|p2a: Exeggutor|151\/393
|
|turn|23
|choice|move 4|move 4
|
|move|p2a: Exeggutor|Explosion|p1a: Chansey
|-damage|p1a: Chansey|0 fnt
|faint|p1a: Chansey
|faint|p2a: Exeggutor
|choice|switch 2|switch 4
|
|switch|p1a: Tauros|Tauros|353\/353
|switch|p2a: Jynx|Jynx|233\/333
|turn|24
|choice|move 4|move 2
|
|move|p1a: Tauros|Hyper Beam|p2a: Jynx
|-damage|p2a: Jynx|0 fnt
|faint|p2a: Jynx
|choice||switch 5
|
|switch|p2a: Chansey|Chansey|588\/703 par
|turn|25
|choice|switch 3|move 1
|
|switch|p1a: Alakazam|Alakazam|260\/313 slp
|move|p2a: Chansey|Thunder Wave|p1a: Alakazam
|-fail|p1a: Alakazam
|
|turn|26
|choice|switch 3|switch 2
|
|switch|p1a: Tauros|Tauros|353\/353
|switch|p2a: Snorlax|Snorlax|102\/523 par
|
|turn|27
|choice|move 1|move 4
|
|move|p1a: Tauros|Body Slam|p2a: Snorlax
|-damage|p2a: Snorlax|0 fnt
|faint|p2a: Snorlax
|choice||switch 6
|
|switch|p2a: Persian|Persian|333\/333
|turn|28
|c|★Whoremaster|ahh this little shit
|choice|move 1|move 1
|
|move|p2a: Persian|Slash|p1a: Tauros
|-crit|p1a: Tauros
|-damage|p1a: Tauros|213\/353
|move|p1a: Tauros|Body Slam|p2a: Persian
|-damage|p2a: Persian|205\/333
|
|turn|29
|choice|move 4|move 2
|
|move|p2a: Persian|Hyper Beam|p1a: Tauros
|-crit|p1a: Tauros
|-damage|p1a: Tauros|0 fnt
|faint|p1a: Tauros
|c|★Whoremaster|noice
|c| trueWario|haha
|choice|switch 4|
|
|switch|p1a: Jolteon|Jolteon|333\/333
|turn|30
|c|★Reverb|idk if that mattered or not
|c|★Reverb|oh
|c|★Reverb|nvm
|c|★Reverb|it did
|c|★Reverb|sry
|c|★Whoremaster|its cool man i live the rby lifestyle
|choice|move 1|move 1
|
|move|p1a: Jolteon|Thunderbolt|p2a: Persian
|-damage|p2a: Persian|53\/333
|move|p2a: Persian|Slash|p1a: Jolteon
|-crit|p1a: Jolteon
|-damage|p1a: Jolteon|158\/333
|
|turn|31
|choice|move 1|switch 2
|
|switch|p2a: Chansey|Chansey|588\/703 par
|move|p1a: Jolteon|Thunderbolt|p2a: Chansey
|-damage|p2a: Chansey|471\/703 par
|
|turn|32
|choice|switch 3|move 1
|
|switch|p1a: Alakazam|Alakazam|260\/313 slp
|move|p2a: Chansey|Thunder Wave|p1a: Alakazam
|-fail|p1a: Alakazam
|
|turn|33
|choice|switch 3|move 4
|
|switch|p1a: Jolteon|Jolteon|158\/333
|move|p2a: Chansey|Soft-Boiled|p2a: Chansey
|-heal|p2a: Chansey|703\/703 par
|
|turn|34
|choice|switch 3|move 2
|
|switch|p1a: Alakazam|Alakazam|260\/313 slp
|move|p2a: Chansey|Ice Beam|p1a: Alakazam
|-damage|p1a: Alakazam|199\/313 slp
|
|turn|35
|choice|move 4|switch 3
|
|switch|p2a: Tauros|Tauros|82\/353
|cant|p1a: Alakazam|slp
|
|turn|36
|c|★Whoremaster|:(
|choice|move 4|move 1
|
|cant|p1a: Alakazam|slp
|move|p2a: Tauros|Body Slam|p1a: Alakazam
|-damage|p1a: Alakazam|47\/313 slp
|
|turn|37
|l|trueWario
|choice|move 4|move 1
|
|-curestatus|p1a: Alakazam|slp
|move|p2a: Tauros|Body Slam|p1a: Alakazam
|-damage|p1a: Alakazam|0 fnt
|faint|p1a: Alakazam
|choice|switch 3|
|
|switch|p1a: Jolteon|Jolteon|158\/333
|turn|38
|choice|move 1|switch 2
|
|switch|p2a: Persian|Persian|53\/333
|move|p1a: Jolteon|Thunderbolt|p2a: Persian
|-damage|p2a: Persian|0 fnt
|faint|p2a: Persian
|choice||switch 3
|
|switch|p2a: Chansey|Chansey|703\/703 par
|turn|39
|choice|move 4|move 1
|
|move|p1a: Jolteon|Double Kick|p2a: Chansey
|-supereffective|p2a: Chansey
|-damage|p2a: Chansey|603\/703 par
|-damage|p2a: Chansey|503\/703 par
|-hitcount|p2a: Chansey|2
|move|p2a: Chansey|Thunder Wave|p1a: Jolteon
|-status|p1a: Jolteon|par
|
|turn|40
|choice|move 4|move 2
|
|cant|p1a: Jolteon|par
|move|p2a: Chansey|Ice Beam|p1a: Jolteon
|-crit|p1a: Jolteon
|-damage|p1a: Jolteon|20\/333 par
|
|turn|41
|c|★Reverb|gg
|choice|move 4|move 3
|
|cant|p1a: Jolteon|par
|move|p2a: Chansey|Thunderbolt|p1a: Jolteon
|-resisted|p1a: Jolteon
|-damage|p1a: Jolteon|0 fnt
|faint|p1a: Jolteon
|
|win|Reverb
|player|p1
|player|p2
|c|★Whoremaster|gg was fun
|c|★Reverb|mhm
|l|Reverb