|j|amir_vN
|j|Judo
|player|p1|amir_vN|210
|player|p2|Judo|70
|gametype|singles
|gen|1
|tier|[Gen 1] Random Battle
|seed|
|rule|Sleep Clause Mod: Limit one foe put to sleep
|rule|Freeze Clause Mod: Limit one foe frozen
|rule|HP Percentage Mod: HP is shown in percentages
|
|start
|switch|p1a: Machoke|Machoke, L85|100\/100
|switch|p2a: Pidgeot|Pidgeot, L90|100\/100
|turn|1
amir_vN turned on modjoin.
|raw|<div class="broadcast-red"><b>Moderated chat was set to +!<\/b><br \/>Only users of rank + and higher can talk.<\/div>
amir_vN made this room hidden.
|c|★amir_vN|its megagen10
|c|★Judo|hey hey :D
|choice||
|
|move|p2a: Pidgeot|Reflect|p2a: Pidgeot
|-start|p2a: Pidgeot|Reflect
|move|p1a: Machoke|Rock Slide|p2a: Pidgeot
|-supereffective|p2a: Pidgeot
|-damage|p2a: Pidgeot|82\/100
|
|turn|2
|c|★Judo|yeah haha got a gen 1 ou at my league soon
|c|★amir_vN|o
|choice||
|
|move|p2a: Pidgeot|Double-Edge|p1a: Machoke
|-crit|p1a: Machoke
|-damage|p1a: Machoke|22\/100
|-damage|p2a: Pidgeot|64\/100|[from] recoil|[of] p1a: Machoke
|move|p1a: Machoke|Counter|p2a: Pidgeot
|-damage|p2a: Pidgeot|0 fnt
|faint|p2a: Pidgeot
|choice||
|
|switch|p2a: Mr. Mime|Mr. Mime, L85|100\/100
|turn|3
|c|★Judo|how are you?
|choice||
|
|move|p2a: Mr. Mime|Psychic|p1a: Machoke
|-crit|p1a: Machoke
|-supereffective|p1a: Machoke
|-damage|p1a: Machoke|0 fnt
|faint|p1a: Machoke
|choice||
|
|switch|p1a: Cloyster|Cloyster, L83|100\/100
|turn|4
|choice||
|
|move|p2a: Mr. Mime|Thunder Wave|p1a: Cloyster
|-status|p1a: Cloyster|par
|cant|p1a: Cloyster|par
|
|turn|5
|choice||
|
|move|p2a: Mr. Mime|Thunderbolt|p1a: Cloyster
|-supereffective|p1a: Cloyster
|-damage|p1a: Cloyster|47\/100 par
|move|p1a: Cloyster|Blizzard|p2a: Mr. Mime
|-crit|p2a: Mr. Mime
|-damage|p2a: Mr. Mime|22\/100
|
|turn|6
|choice||
|
|move|p2a: Mr. Mime|Thunderbolt|p1a: Cloyster
|-supereffective|p1a: Cloyster
|-damage|p1a: Cloyster|0 fnt
|faint|p1a: Cloyster
|choice||
|
|switch|p1a: Rattata|Rattata, L96|100\/100
|turn|7
|c|★amir_vN|im doing fine
|c|★amir_vN|yourself?
|choice||
|
|switch|p2a: Weezing|Weezing, L90|100\/100
|move|p1a: Rattata|Body Slam|p2a: Weezing
|-damage|p2a: Weezing|80\/100
|
|turn|8
|choice||
|
|move|p1a: Rattata|Super Fang|p2a: Weezing
|-damage|p2a: Weezing|40\/100
|move|p2a: Weezing|Sludge|p1a: Rattata
|-damage|p1a: Rattata|61\/100
|
|turn|9
|c|★Judo|im good good
|c|★amir_vN|where do u live
|choice||
|
|move|p1a: Rattata|Thunderbolt|p2a: Weezing
|-damage|p2a: Weezing|26\/100
|move|p2a: Weezing|Fire Blast|p1a: Rattata|[miss]
|-miss|p2a: Weezing
|
|turn|10
|c|★amir_vN|again?
|c|★Judo|jsut been trying to write words for uni haha
|choice||
|
|move|p1a: Rattata|Body Slam|p2a: Weezing
|-damage|p2a: Weezing|4\/100
|move|p2a: Weezing|Fire Blast|p1a: Rattata
|-damage|p1a: Rattata|6\/100
|-status|p1a: Rattata|brn
|
|turn|11
|choice||
|
|move|p1a: Rattata|Body Slam|p2a: Weezing
|-damage|p2a: Weezing|0 fnt
|faint|p2a: Weezing
|choice||
|
|switch|p2a: Mr. Mime|Mr. Mime, L85|22\/100
|turn|12
|choice||
|
|switch|p2a: Kingler|Kingler, L85|100\/100
|move|p1a: Rattata|Body Slam|p2a: Kingler
|-damage|p2a: Kingler|87\/100
|-damage|p1a: Rattata|0 fnt|[from] brn|[of] p2a: Kingler
|faint|p1a: Rattata
|choice||
|
|switch|p1a: Alakazam|Alakazam, L79|100\/100
|turn|13
|choice||
|
|move|p1a: Alakazam|Thunder Wave|p2a: Kingler
|-status|p2a: Kingler|par
|move|p2a: Kingler|Body Slam|p1a: Alakazam
|-damage|p1a: Alakazam|57\/100
|
|turn|14
|choice||
|
|move|p1a: Alakazam|Psychic|p2a: Kingler
|-damage|p2a: Kingler|38\/100 par
|move|p2a: Kingler|Hyper Beam|p1a: Alakazam
|-damage|p1a: Alakazam|0 fnt
|faint|p1a: Alakazam
|choice||
|
|switch|p1a: Aerodactyl|Aerodactyl, L90|100\/100
|turn|15
|choice||
|
|move|p1a: Aerodactyl|Double-Edge|p2a: Kingler
|-damage|p2a: Kingler|11\/100 par
|-damage|p1a: Aerodactyl|95\/100|[from] recoil|[of] p2a: Kingler
|move|p2a: Kingler|Blizzard|p1a: Aerodactyl
|-supereffective|p1a: Aerodactyl
|-damage|p1a: Aerodactyl|53\/100
|
|turn|16
|choice||
|
|move|p1a: Aerodactyl|Double-Edge|p2a: Kingler
|-crit|p2a: Kingler
|-damage|p2a: Kingler|0 fnt
|-damage|p1a: Aerodactyl|51\/100|[from] recoil|[of] p2a: Kingler
|faint|p2a: Kingler
|choice||
|
|switch|p2a: Parasect|Parasect, L90|100\/100
|turn|17
|choice||
|
|move|p1a: Aerodactyl|Sky Attack|p2a: Parasect|[still]
|-prepare|p1a: Aerodactyl|Sky Attack|p2a: Parasect
|move|p2a: Parasect|Stun Spore|p1a: Aerodactyl
|-status|p1a: Aerodactyl|par
|
|turn|18
|c|★amir_vN|this decides the game
|c|★amir_vN|tbh
|choice||
|
|switch|p2a: Mr. Mime|Mr. Mime, L85|22\/100
|move|p1a: Aerodactyl|Sky Attack|p2a: Mr. Mime|[from]Sky Attack
|-damage|p2a: Mr. Mime|0 fnt
|faint|p2a: Mr. Mime
|choice||
|
|switch|p2a: Alakazam|Alakazam, L79|100\/100
|turn|19
|choice||
|
|move|p2a: Alakazam|Psychic|p1a: Aerodactyl
|-crit|p1a: Aerodactyl
|-damage|p1a: Aerodactyl|0 fnt
|faint|p1a: Aerodactyl
|choice||
|
|switch|p1a: Kangaskhan|Kangaskhan, L85|100\/100
|turn|20
|choice||
|
|move|p2a: Alakazam|Thunder Wave|p1a: Kangaskhan
|-status|p1a: Kangaskhan|par
|move|p1a: Kangaskhan|Body Slam|p2a: Alakazam
|-damage|p2a: Alakazam|44\/100
|
|turn|21
|choice||
|
|move|p2a: Alakazam|Recover|p2a: Alakazam
|-heal|p2a: Alakazam|94\/100
|move|p1a: Kangaskhan|Body Slam|p2a: Alakazam
|-damage|p2a: Alakazam|40\/100
|
|turn|22
|choice||
|
|move|p2a: Alakazam|Recover|p2a: Alakazam
|-heal|p2a: Alakazam|90\/100
|move|p1a: Kangaskhan|Body Slam|p2a: Alakazam
|-damage|p2a: Alakazam|28\/100
|
|turn|23
|choice||
|
|move|p2a: Alakazam|Recover|p2a: Alakazam
|-heal|p2a: Alakazam|78\/100
|cant|p1a: Kangaskhan|par
|
|turn|24
|choice||
|
|move|p2a: Alakazam|Psychic|p1a: Kangaskhan
|-crit|p1a: Kangaskhan
|-damage|p1a: Kangaskhan|7\/100 par
|-unboost|p1a: Kangaskhan|spd|1
|-unboost|p1a: Kangaskhan|spa|1
|cant|p1a: Kangaskhan|par
|
|turn|25
|choice||
|
|move|p2a: Alakazam|Seismic Toss|p1a: Kangaskhan
|-damage|p1a: Kangaskhan|0 fnt
|faint|p1a: Kangaskhan
|
|win|Judo
|player|p1
|player|p2
|l|amir_vN
|c|★Judo|gg fam