|j|Snap5
|j|EmokidXx
|player|p1|Snap5|1
|player|p2|EmokidXx|1
|gametype|singles
|gen|1
|tier|[Gen 1] Random Battle
|rated
|seed|46156,32402,32854,52166
|rule|Sleep Clause Mod: Limit one foe put to sleep
|rule|Freeze Clause Mod: Limit one foe frozen
|rule|HP Percentage Mod: HP is shown in percentages
|
|start
|switch|p1a: Butterfree|Butterfree, L90|291\/291
|switch|p2a: Vileplume|Vileplume, L90|318\/318
|turn|1
|choice|move 3|move 1
|
|move|p1a: Butterfree|Sleep Powder|p2a: Vileplume|[miss]
|-miss|p1a: Butterfree
|move|p2a: Vileplume|Sleep Powder|p1a: Butterfree
|-status|p1a: Butterfree|slp
|
|turn|2
|choice|move 3|switch 6
|
|switch|p2a: Rapidash|Rapidash, L90|300\/300
|-curestatus|p1a: Butterfree|slp
|
|turn|3
|choice|switch 3|move 3
|
|switch|p1a: Vaporeon|Vaporeon, L85|395\/395
|move|p2a: Rapidash|Agility|p2a: Rapidash
|-boost|p2a: Rapidash|spe|2
|
|turn|4
|c|★EmokidXx|Vaporeon <3
|choice|move 1|switch 6
|
|switch|p2a: Vileplume|Vileplume, L90|318\/318
|move|p1a: Vaporeon|Surf|p2a: Vileplume
|-resisted|p2a: Vileplume
|-damage|p2a: Vileplume|268\/318
|
|turn|5
|choice|move 2|move 1
|
|move|p1a: Vaporeon|Blizzard|p2a: Vileplume|[miss]
|-miss|p1a: Vaporeon
|move|p2a: Vileplume|Sleep Powder|p1a: Vaporeon
|-status|p1a: Vaporeon|slp
|
|turn|6
|choice|switch 3|move 3
|
|switch|p1a: Butterfree|Butterfree, L90|291\/291
|move|p2a: Vileplume|Swords Dance|p2a: Vileplume
|-boost|p2a: Vileplume|atk|2
|
|turn|7
|choice|move 3|move 3
|
|move|p1a: Butterfree|Sleep Powder|p2a: Vileplume|[miss]
|-miss|p1a: Butterfree
|move|p2a: Vileplume|Swords Dance|p2a: Vileplume
|-boost|p2a: Vileplume|atk|2
|
|turn|8
|choice|move 3|move 1
|
|move|p1a: Butterfree|Sleep Powder|p2a: Vileplume|[miss]
|-miss|p1a: Butterfree
|move|p2a: Vileplume|Sleep Powder|p1a: Butterfree
|-message|Sleep Clause Mod activated.
|
|turn|9
|choice|move 3|move 2
|
|move|p1a: Butterfree|Sleep Powder|p2a: Vileplume|[miss]
|-miss|p1a: Butterfree
|move|p2a: Vileplume|Body Slam|p1a: Butterfree
|-damage|p1a: Butterfree|62\/291
|
|turn|10
|choice|move 3|move 2
|
|move|p1a: Butterfree|Sleep Powder|p2a: Vileplume|[miss]
|-miss|p1a: Butterfree
|move|p2a: Vileplume|Body Slam|p1a: Butterfree
|-damage|p1a: Butterfree|0 fnt
|faint|p1a: Butterfree
|choice|switch 4|
|
|switch|p1a: Gengar|Gengar, L79|257\/257
|turn|11
|choice|move 1|move 1
|
|move|p1a: Gengar|Hypnosis|p2a: Vileplume|[miss]
|-miss|p1a: Gengar
|move|p2a: Vileplume|Sleep Powder|p1a: Gengar
|-message|Sleep Clause Mod activated.
|
|turn|12
|choice|move 1|move 3
|
|move|p1a: Gengar|Hypnosis|p2a: Vileplume|[miss]
|-miss|p1a: Gengar
|move|p2a: Vileplume|Swords Dance|p2a: Vileplume
|-boost|p2a: Vileplume|atk|2
|
|turn|13
|choice|move 1|move 4
|
|move|p1a: Gengar|Hypnosis|p2a: Vileplume|[miss]
|-miss|p1a: Gengar
|move|p2a: Vileplume|Mega Drain|p1a: Gengar
|-resisted|p1a: Gengar
|-damage|p1a: Gengar|235\/257
|-heal|p2a: Vileplume|279\/318|[from] drain|[of] p1a: Gengar
|
|turn|14
|choice|move 1|move 4
|
|move|p1a: Gengar|Hypnosis|p2a: Vileplume
|-status|p2a: Vileplume|slp
|cant|p2a: Vileplume|slp
|
|turn|15
|choice|switch 2|move 4
|
|switch|p1a: Nidoran-M|Nidoran-M, L96|283\/283
|cant|p2a: Vileplume|slp
|
|turn|16
|choice|move 3|move 3
|
|move|p1a: Nidoran-M|Leer|p2a: Vileplume
|-unboost|p2a: Vileplume|def|1
|cant|p2a: Vileplume|slp
|
|turn|17
|choice|move 4|move 2
|
|move|p1a: Nidoran-M|Body Slam|p2a: Vileplume
|-damage|p2a: Vileplume|201\/318 slp
|-curestatus|p2a: Vileplume|slp
|
|turn|18
|choice|switch 2|move 2
|
|switch|p1a: Gengar|Gengar, L79|235\/257
|move|p2a: Vileplume|Body Slam|p1a: Gengar
|-immune|p1a: Gengar|[msg]
|
|turn|19
|choice|move 1|move 4
|
|move|p1a: Gengar|Hypnosis|p2a: Vileplume|[miss]
|-miss|p1a: Gengar
|move|p2a: Vileplume|Mega Drain|p1a: Gengar
|-resisted|p1a: Gengar
|-damage|p1a: Gengar|213\/257
|-heal|p2a: Vileplume|212\/318|[from] drain|[of] p1a: Gengar
|
|turn|20
|choice|move 2|switch 6
|
|switch|p2a: Rapidash|Rapidash, L90|300\/300
|move|p1a: Gengar|Thunderbolt|p2a: Rapidash
|-damage|p2a: Rapidash|232\/300
|
|turn|21
|choice|move 1|move 1
|
|move|p2a: Rapidash|Fire Blast|p1a: Gengar
|-damage|p1a: Gengar|99\/257
|-status|p1a: Gengar|brn
|move|p1a: Gengar|Hypnosis|p2a: Rapidash
|-status|p2a: Rapidash|slp
|-damage|p1a: Gengar|83\/257 brn|[from] brn|[of] p2a: Rapidash
|
|turn|22
|choice|switch 5|move 3
|
|switch|p1a: Dragonite|Dragonite, L85|328\/328
|-curestatus|p2a: Rapidash|slp
|
|turn|23
|choice|move 2|switch 2
|
|switch|p2a: Squirtle|Squirtle, L96|279\/279
|move|p1a: Dragonite|Surf|p2a: Squirtle
|-resisted|p2a: Squirtle
|-damage|p2a: Squirtle|234\/279
|
|turn|24
|choice|switch 3|move 3
|
|switch|p1a: Vaporeon|Vaporeon, L85|395\/395 slp
|move|p2a: Squirtle|Blizzard|p1a: Vaporeon
|-resisted|p1a: Vaporeon
|-damage|p1a: Vaporeon|365\/395 slp
|
|turn|25
|choice|move 4|switch 6
|
|switch|p2a: Vileplume|Vileplume, L90|212\/318
|cant|p1a: Vaporeon|slp
|
|turn|26
|choice|switch 5|move 4
|
|switch|p1a: Gengar|Gengar, L79|83\/257 brn
|-damage|p1a: Gengar|67\/257 brn|[from] brn
|move|p2a: Vileplume|Mega Drain|p1a: Gengar
|-crit|p1a: Gengar
|-resisted|p1a: Gengar
|-damage|p1a: Gengar|25\/257 brn
|-heal|p2a: Vileplume|233\/318|[from] drain|[of] p1a: Gengar
|
|turn|27
|choice|move 4|move 4
|
|move|p1a: Gengar|Explosion|p2a: Vileplume
|-damage|p2a: Vileplume|154\/318
|faint|p1a: Gengar
|choice|switch 6|
|
|switch|p1a: Alakazam|Alakazam, L79|249\/249
|turn|28
|c|★EmokidXx|OH FOR GODS SAKE -_-
|choice|move 1|move 3
|
|move|p1a: Alakazam|Psychic|p2a: Vileplume
|-supereffective|p2a: Vileplume
|-damage|p2a: Vileplume|0 fnt
|faint|p2a: Vileplume
|choice||switch 2
|
|switch|p2a: Rapidash|Rapidash, L90|232\/300
|turn|29
|choice|switch 3|move 1
|
|switch|p1a: Dragonite|Dragonite, L85|328\/328
|move|p2a: Rapidash|Fire Blast|p1a: Dragonite
|-resisted|p1a: Dragonite
|-damage|p1a: Dragonite|267\/328
|
|turn|30
|choice|move 3|move 2
|
|move|p2a: Rapidash|Hyper Beam|p1a: Dragonite
|-damage|p1a: Dragonite|150\/328
|move|p1a: Dragonite|Thunderbolt|p2a: Rapidash
|-damage|p2a: Rapidash|164\/300
|
|turn|31
|-mustrecharge|p2a: Rapidash
|-mustrecharge|p2a: Rapidash
|choice|move 2|move 1
|
|cant|p2a: Rapidash|recharge
|move|p1a: Dragonite|Surf|p2a: Rapidash
|-supereffective|p2a: Rapidash
|-damage|p2a: Rapidash|14\/300
|
|turn|32
|choice|move 3|move 2
|
|move|p2a: Rapidash|Hyper Beam|p1a: Dragonite
|-damage|p1a: Dragonite|32\/328
|move|p1a: Dragonite|Thunderbolt|p2a: Rapidash
|-damage|p2a: Rapidash|0 fnt
|faint|p2a: Rapidash
|choice||switch 5
|
|switch|p2a: Ninetales|Ninetales, L85|298\/298
|turn|33
|choice|switch 5|move 4
|
|switch|p1a: Vaporeon|Vaporeon, L85|365\/395 slp
|move|p2a: Ninetales|Hyper Beam|p1a: Vaporeon
|-damage|p1a: Vaporeon|254\/395 slp
|
|turn|34
|-mustrecharge|p2a: Ninetales
|-mustrecharge|p2a: Ninetales
|choice|move 1|move 1
|
|cant|p2a: Ninetales|recharge
|cant|p1a: Vaporeon|slp
|
|turn|35
|choice|move 1|switch 6
|
|switch|p2a: Squirtle|Squirtle, L96|234\/279
|-curestatus|p1a: Vaporeon|slp
|
|turn|36
|choice|move 4|move 4
|
|move|p1a: Vaporeon|Body Slam|p2a: Squirtle
|-damage|p2a: Squirtle|181\/279
|-status|p2a: Squirtle|par
|move|p2a: Squirtle|Body Slam|p1a: Vaporeon
|-damage|p1a: Vaporeon|188\/395
|
|turn|37
|choice|switch 2|move 2
|
|switch|p1a: Nidoran-M|Nidoran-M, L96|283\/283
|move|p2a: Squirtle|Mimic|p1a: Nidoran-M
|-start|p2a: Squirtle|Mimic|Substitute
|
|turn|38
|choice|move 3|move 1
|
|move|p1a: Nidoran-M|Leer|p2a: Squirtle
|-unboost|p2a: Squirtle|def|1
|cant|p2a: Squirtle|par
|
|turn|39
|choice|move 4|move 1
|
|move|p1a: Nidoran-M|Body Slam|p2a: Squirtle
|-damage|p2a: Squirtle|99\/279 par
|move|p2a: Squirtle|Surf|p1a: Nidoran-M
|-damage|p1a: Nidoran-M|162\/283
|
|turn|40
|choice|move 4|move 1
|
|move|p1a: Nidoran-M|Body Slam|p2a: Squirtle
|-damage|p2a: Squirtle|9\/279 par
|move|p2a: Squirtle|Surf|p1a: Nidoran-M
|-damage|p1a: Nidoran-M|46\/283
|
|turn|41
|choice|move 2|move 4
|
|move|p1a: Nidoran-M|Rest|p1a: Nidoran-M
|-status|p1a: Nidoran-M|slp
|-heal|p1a: Nidoran-M|283\/283 slp|[silent]
|-status|p1a: Nidoran-M|slp|[from] move: Rest
|cant|p2a: Squirtle|par
|
|turn|42
|choice|move 4|move 3
|
|cant|p1a: Nidoran-M|slp
|move|p2a: Squirtle|Blizzard|p1a: Nidoran-M|[miss]
|-miss|p2a: Squirtle
|
|turn|43
|choice|switch 2|move 3
|
|switch|p1a: Vaporeon|Vaporeon, L85|188\/395
|cant|p2a: Squirtle|par
|
|turn|44
|choice|move 4|move 4
|
|move|p1a: Vaporeon|Body Slam|p2a: Squirtle
|-damage|p2a: Squirtle|0 fnt
|faint|p2a: Squirtle
|choice||switch 4
|
|switch|p2a: Raticate|Raticate, L85|267\/267
|turn|45
|j|dylanrayboss
|choice|move 1|move 4
|
|move|p2a: Raticate|Hyper Beam|p1a: Vaporeon
|-damage|p1a: Vaporeon|13\/395
|move|p1a: Vaporeon|Surf|p2a: Raticate
|-damage|p2a: Raticate|123\/267
|
|turn|46
|-mustrecharge|p2a: Raticate
|-mustrecharge|p2a: Raticate
|choice|move 1|move 1
|
|cant|p2a: Raticate|recharge
|move|p1a: Vaporeon|Surf|p2a: Raticate
|-damage|p2a: Raticate|0 fnt
|faint|p2a: Raticate
|choice||switch 3
|
|switch|p2a: Farfetch'd|Farfetch'd, L99|304\/304
|turn|47
|choice|switch 2|move 1
|
|switch|p1a: Nidoran-M|Nidoran-M, L96|283\/283 slp
|move|p2a: Farfetch'd|Slash|p1a: Nidoran-M
|-crit|p1a: Nidoran-M
|-damage|p1a: Nidoran-M|65\/283 slp
|
|turn|48
|choice|move 4|move 1
|
|move|p2a: Farfetch'd|Slash|p1a: Nidoran-M
|-damage|p1a: Nidoran-M|0 fnt
|faint|p1a: Nidoran-M
|choice|switch 5|
|
|switch|p1a: Dragonite|Dragonite, L85|32\/328
|turn|49
|choice|move 1|move 4
|
|move|p1a: Dragonite|Thunder Wave|p2a: Farfetch'd
|-status|p2a: Farfetch'd|par
|move|p2a: Farfetch'd|Body Slam|p1a: Dragonite
|-damage|p1a: Dragonite|0 fnt
|faint|p1a: Dragonite
|l|dylanrayboss
|choice|switch 2|
|
|switch|p1a: Vaporeon|Vaporeon, L85|13\/395
|turn|50
|choice|move 2|move 1
|
|move|p1a: Vaporeon|Blizzard|p2a: Farfetch'd
|-supereffective|p2a: Farfetch'd
|-damage|p2a: Farfetch'd|86\/304 par
|move|p2a: Farfetch'd|Slash|p1a: Vaporeon
|-crit|p1a: Vaporeon
|-damage|p1a: Vaporeon|0 fnt
|faint|p1a: Vaporeon
|choice|switch 3|
|
|switch|p1a: Alakazam|Alakazam, L79|249\/249
|turn|51
|choice|move 1|move 4
|
|move|p1a: Alakazam|Psychic|p2a: Farfetch'd
|-damage|p2a: Farfetch'd|0 fnt
|faint|p2a: Farfetch'd
|choice||switch 6
|
|switch|p2a: Ninetales|Ninetales, L85|298\/298
|turn|52
|choice|move 4|move 3
|
|move|p1a: Alakazam|Thunder Wave|p2a: Ninetales
|-status|p2a: Ninetales|par
|move|p2a: Ninetales|Confuse Ray|p1a: Alakazam
|-start|p1a: Alakazam|confusion
|
|turn|53
|choice|move 1|move 1
|
|-activate|p1a: Alakazam|confusion
|move|p1a: Alakazam|Psychic|p2a: Ninetales
|-damage|p2a: Ninetales|201\/298 par
|cant|p2a: Ninetales|par
|
|turn|54
|choice|move 1|move 1
|
|-activate|p1a: Alakazam|confusion
|move|p1a: Alakazam|Psychic|p2a: Ninetales
|-damage|p2a: Ninetales|103\/298 par
|-unboost|p2a: Ninetales|spd|1
|-unboost|p2a: Ninetales|spa|1
|move|p2a: Ninetales|Fire Blast|p1a: Alakazam
|-crit|p1a: Alakazam
|-damage|p1a: Alakazam|54\/249
|
|turn|55
|choice|move 1|move 4
|
|-activate|p1a: Alakazam|confusion
|move|p1a: Alakazam|Psychic|p2a: Ninetales
|-damage|p2a: Ninetales|0 fnt
|faint|p2a: Ninetales
|
|win|Snap5
|player|p1
|player|p2
|raw|Snap5's rating: 1295 &rarr; <strong>1306<\/strong><br \/>(+11 for winning)
|raw|EmokidXx's rating: 1084 &rarr; <strong>1074<\/strong><br \/>(-10 for losing)
|c|★EmokidXx|gg
|c|★EmokidXx|alakazam is OPe,e
|l|Snap5