|join|gen1masterrony
|join|Vinnie516
|player|p1|gen1masterrony|265
|player|p2|Vinnie516|169
|gametype|singles
|gen|1
|tier|[Gen 1] Random Battle
|rated
|rule|Sleep Clause Mod: Limit one foe put to sleep
|rule|Freeze Clause Mod: Limit one foe frozen
|rule|HP Percentage Mod: HP is shown in percentages
|
|start
|switch|p1a: Psyduck|Psyduck, L96|291\/291
|switch|p2a: Dodrio|Dodrio, L85|276\/276
|turn|1
|
|switch|p2a: Lapras|Lapras, L79|367\/367
|move|p1a: Psyduck|Amnesia|p1a: Psyduck
|-boost|p1a: Psyduck|spd|2
|-boost|p1a: Psyduck|spa|2
|
|turn|2
|
|switch|p1a: Mew|Mew, L74|300\/300
|move|p2a: Lapras|Thunderbolt|p1a: Mew
|-damage|p1a: Mew|238\/300
|
|turn|3
|
|move|p1a: Mew|Swords Dance|p1a: Mew
|-boost|p1a: Mew|atk|2
|move|p2a: Lapras|Confuse Ray|p1a: Mew
|-start|p1a: Mew|confusion
|
|turn|4
|
|-activate|p1a: Mew|confusion
|move|p1a: Mew|Horn Drill|p2a: Lapras|[miss]
|-miss|p1a: Mew
|move|p2a: Lapras|Ice Beam|p1a: Mew
|-damage|p1a: Mew|146\/300
|
|turn|5
|
|-activate|p1a: Mew|confusion
|move|p1a: Mew|Horn Drill|p2a: Lapras|[miss]
|-miss|p1a: Mew
|move|p2a: Lapras|Ice Beam|p1a: Mew
|-damage|p1a: Mew|54\/300
|
|turn|6
|
|-activate|p1a: Mew|confusion
|-damage|p1a: Mew|3\/300|[from] confusion
|move|p2a: Lapras|Ice Beam|p1a: Mew
|-damage|p1a: Mew|0 fnt
|faint|p1a: Mew
|c|★Vinnie516|it doesnt work if my level > urs
|
|switch|p1a: Beedrill|Beedrill, L85|284\/284
|turn|7
|
|move|p1a: Beedrill|Swords Dance|p1a: Beedrill
|-boost|p1a: Beedrill|atk|2
|move|p2a: Lapras|Ice Beam|p1a: Beedrill
|-damage|p1a: Beedrill|151\/284
|
|turn|8
|
|move|p1a: Beedrill|Twineedle|p2a: Lapras
|-damage|p2a: Lapras|310\/367
|-damage|p2a: Lapras|253\/367
|-hitcount|p2a: Lapras|2
|move|p2a: Lapras|Confuse Ray|p1a: Beedrill
|-start|p1a: Beedrill|confusion
|
|turn|9
|
|-activate|p1a: Beedrill|confusion
|-damage|p1a: Beedrill|66\/284|[from] confusion
|move|p2a: Lapras|Ice Beam|p1a: Beedrill
|-damage|p1a: Beedrill|0 fnt
|faint|p1a: Beedrill
|
|switch|p1a: Gengar|Gengar, L79|257\/257
|turn|10
|
|switch|p2a: Rhydon|Rhydon, L79|328\/328
|move|p1a: Gengar|Hypnosis|p2a: Rhydon|[miss]
|-miss|p1a: Gengar
|
|turn|11
|
|move|p1a: Gengar|Hypnosis|p2a: Rhydon
|-status|p2a: Rhydon|slp
|cant|p2a: Rhydon|slp
|-curestatus|p2a: Rhydon|slp
|
|turn|12
|c|★gen1masterrony|U R A LUCKY bastard
|c|★Vinnie516|?
|
|move|p1a: Gengar|Hypnosis|p2a: Rhydon|[miss]
|-miss|p1a: Gengar
|move|p2a: Rhydon|Substitute|p2a: Rhydon
|-start|p2a: Rhydon|Substitute
|-damage|p2a: Rhydon|246\/328
|
|turn|13
|
|move|p1a: Gengar|Hypnosis|p2a: Rhydon
|-status|p2a: Rhydon|slp
|cant|p2a: Rhydon|slp
|
|turn|14
|c|★gen1masterrony|YOU ARE A LUCKY BASTARD
|
|move|p1a: Gengar|Mega Drain|p2a: Rhydon
|-crit|p2a: Rhydon
|-supereffective|p2a: Rhydon
|-end|p2a: Rhydon|Substitute
|cant|p2a: Rhydon|slp
|
|turn|15
|
|switch|p2a: Ditto|Ditto, L99|296\/296
|move|p1a: Gengar|Mega Drain|p2a: Ditto
|-damage|p2a: Ditto|258\/296
|
|turn|16
|
|move|p1a: Gengar|Psychic|p2a: Ditto
|-crit|p2a: Ditto
|-damage|p2a: Ditto|105\/296
|-unboost|p2a: Ditto|spd|1
|-unboost|p2a: Ditto|spa|1
|move|p2a: Ditto|Transform|p1a: Gengar
|-transform|p2a: Ditto|p1a: Gengar
|
|turn|17
|
|move|p2a: Ditto|Psychic|p1a: Gengar
|-supereffective|p1a: Gengar
|-damage|p1a: Gengar|127\/257
|move|p1a: Gengar|Psychic|p2a: Ditto
|-crit|p2a: Ditto
|-supereffective|p2a: Ditto
|-damage|p2a: Ditto|0 fnt
|faint|p2a: Ditto
|
|switch|p2a: Lapras|Lapras, L79|253\/367
|turn|18
|
|move|p1a: Gengar|Psychic|p2a: Lapras
|-damage|p2a: Lapras|182\/367
|-unboost|p2a: Lapras|spd|1
|-unboost|p2a: Lapras|spa|1
|move|p2a: Lapras|Ice Beam|p1a: Gengar
|-damage|p1a: Gengar|77\/257
|
|turn|19
|
|move|p1a: Gengar|Psychic|p2a: Lapras
|-damage|p2a: Lapras|83\/367
|move|p2a: Lapras|Confuse Ray|p1a: Gengar
|-start|p1a: Gengar|confusion
|
|turn|20
|
|-activate|p1a: Gengar|confusion
|move|p1a: Gengar|Psychic|p2a: Lapras
|-damage|p2a: Lapras|0 fnt
|faint|p2a: Lapras
|
|switch|p2a: Kabutops|Kabutops, L85|276\/276
|turn|21
|
|switch|p1a: Psyduck|Psyduck, L96|291\/291
|switch|p2a: Dodrio|Dodrio, L85|276\/276
|
|turn|22
|
|move|p2a: Dodrio|Body Slam|p1a: Psyduck
|-crit|p1a: Psyduck
|-damage|p1a: Psyduck|58\/291
|move|p1a: Psyduck|Body Slam|p2a: Dodrio
|-crit|p2a: Dodrio
|-damage|p2a: Dodrio|158\/276
|
|turn|23
|
|move|p2a: Dodrio|Body Slam|p1a: Psyduck
|-damage|p1a: Psyduck|0 fnt
|faint|p1a: Psyduck
|
|switch|p1a: Poliwhirl|Poliwhirl, L85|284\/284
|turn|24
|
|move|p2a: Dodrio|Drill Peck|p1a: Poliwhirl
|-damage|p1a: Poliwhirl|169\/284
|move|p1a: Poliwhirl|Blizzard|p2a: Dodrio
|-supereffective|p2a: Dodrio
|-damage|p2a: Dodrio|12\/276
|
|turn|25
|
|move|p2a: Dodrio|Hyper Beam|p1a: Poliwhirl
|-damage|p1a: Poliwhirl|0 fnt
|faint|p1a: Poliwhirl
|
|switch|p1a: Gengar|Gengar, L79|77\/257
|turn|26
|
|move|p2a: Dodrio|Drill Peck|p1a: Gengar
|-damage|p1a: Gengar|0 fnt
|faint|p1a: Gengar
|
|switch|p1a: Charizard|Charizard, L85|306\/306
|turn|27
|
|move|p1a: Charizard|Swords Dance|p1a: Charizard
|-boost|p1a: Charizard|atk|2
|move|p2a: Dodrio|Hyper Beam|p1a: Charizard
|-crit|p1a: Charizard
|-damage|p1a: Charizard|0 fnt
|faint|p1a: Charizard
|
|win|Vinnie516
|raw|Ladder updating...
|raw|gen1masterrony's rating: 1183 &rarr; <strong>1161<\/strong><br \/>(-22 for losing)
|raw|Vinnie516's rating: 1226 &rarr; <strong>1248<\/strong><br \/>(+22 for winning)
|c|★Vinnie516|gg
|c|★gen1masterrony|FUCK OFF
|c|★gen1masterrony|BITCH
|c|★Vinnie516|?
|c|★gen1masterrony|YOU ASS
|c|★Vinnie516|thought u were a gen 1 master?
|c|★gen1masterrony|ILL WHIP YOUR ASS
|c|★Vinnie516|psh
|c|★Vinnie516|you got 4-0'd
|c|★gen1masterrony|YOU WERE LUCKY THROUGHOUT BITCH
|c|★gen1masterrony|REMATCH BASTARD
|c|★Vinnie516|gen 1 master my ass, try another gen
|c|★Vinnie516|nah im red and ur hitchhiker john