|j|poopyface5000
|j|jgkeuhlwifuodp
|player|p1|poopyface5000|1
|player|p2|jgkeuhlwifuodp|266
|gametype|singles
|gen|1
|tier|[Gen 1] Random Battle
|rated
|seed|54115,11339,50274,14923
|rule|Sleep Clause Mod: Limit one foe put to sleep
|rule|Freeze Clause Mod: Limit one foe frozen
|rule|HP Percentage Mod: HP is shown in percentages
|
|start
|switch|p1a: Chansey|Chansey, L79|557\/557
|switch|p2a: Spearow|Spearow, L96|272\/272
|turn|1
|choice|move 2|move 2
|
|move|p2a: Spearow|Drill Peck|p1a: Chansey
|-crit|p1a: Chansey
|-damage|p1a: Chansey|133\/557
|move|p1a: Chansey|Ice Beam|p2a: Spearow
|-supereffective|p2a: Spearow
|-damage|p2a: Spearow|76\/272
|
|turn|2
|choice|switch 5|move 2
|
|switch|p1a: Persian|Persian, L79|265\/265
|move|p2a: Spearow|Drill Peck|p1a: Persian
|-damage|p1a: Persian|149\/265
|
|turn|3
|choice|move 1|switch 6
|
|switch|p2a: Haunter|Haunter, L85|250\/250
|move|p1a: Persian|Slash|p2a: Haunter
|-immune|p2a: Haunter|[msg]
|
|turn|4
|choice|switch 2|move 4
|
|switch|p1a: Geodude|Geodude, L96|272\/272
|move|p2a: Haunter|Confuse Ray|p1a: Geodude
|-start|p1a: Geodude|confusion
|
|turn|5
|choice|move 3|move 3
|
|move|p2a: Haunter|Mega Drain|p1a: Geodude
|-supereffective|p1a: Geodude
|-damage|p1a: Geodude|81\/272
|-activate|p1a: Geodude|confusion
|-damage|p1a: Geodude|52\/272|[from] confusion
|
|turn|6
|choice|move 3|move 3
|
|move|p2a: Haunter|Mega Drain|p1a: Geodude
|-crit|p1a: Geodude
|-supereffective|p1a: Geodude
|-damage|p1a: Geodude|0 fnt
|faint|p1a: Geodude
|choice|switch 3|
|
|switch|p1a: Machamp|Machamp, L90|345\/345
|turn|7
|choice|move 2|move 2
|
|move|p2a: Haunter|Thunderbolt|p1a: Machamp
|-damage|p1a: Machamp|266\/345
|move|p1a: Machamp|Earthquake|p2a: Haunter
|-supereffective|p2a: Haunter
|-damage|p2a: Haunter|0 fnt
|faint|p2a: Haunter
|choice||switch 6
|
|switch|p2a: Spearow|Spearow, L96|76\/272
|turn|8
|choice|move 3|move 2
|
|move|p2a: Spearow|Drill Peck|p1a: Machamp
|-supereffective|p1a: Machamp
|-damage|p1a: Machamp|106\/345
|move|p1a: Machamp|Body Slam|p2a: Spearow
|-damage|p2a: Spearow|0 fnt
|faint|p2a: Spearow
|choice||switch 4
|
|switch|p2a: Alakazam|Alakazam, L79|249\/249
|turn|9
|choice|move 3|move 1
|
|move|p2a: Alakazam|Psychic|p1a: Machamp
|-crit|p1a: Machamp
|-supereffective|p1a: Machamp
|-damage|p1a: Machamp|0 fnt
|faint|p1a: Machamp
|choice|switch 6|
|
|switch|p1a: Cloyster|Cloyster, L83|253\/253
|turn|10
|choice|move 1|switch 5
|
|switch|p2a: Jolteon|Jolteon, L79|265\/265
|move|p1a: Cloyster|Blizzard|p2a: Jolteon
|-damage|p2a: Jolteon|164\/265
|
|turn|11
|choice|move 1|move 1
|
|move|p2a: Jolteon|Thunderbolt|p1a: Cloyster
|-supereffective|p1a: Cloyster
|-damage|p1a: Cloyster|63\/253
|move|p1a: Cloyster|Blizzard|p2a: Jolteon
|-damage|p2a: Jolteon|50\/265
|
|turn|12
|choice|move 2|move 1
|
|move|p2a: Jolteon|Thunderbolt|p1a: Cloyster
|-supereffective|p1a: Cloyster
|-damage|p1a: Cloyster|0 fnt
|faint|p1a: Cloyster
|choice|switch 2|
|
|switch|p1a: Persian|Persian, L79|149\/265
|turn|13
|choice|move 1|switch 2
|
|switch|p2a: Shellder|Shellder, L96|252\/252
|move|p1a: Persian|Slash|p2a: Shellder
|-crit|p2a: Shellder
|-damage|p2a: Shellder|169\/252
|
|turn|14
|choice|move 1|move 1
|
|move|p1a: Persian|Slash|p2a: Shellder
|-crit|p2a: Shellder
|-damage|p2a: Shellder|86\/252
|move|p2a: Shellder|Blizzard|p1a: Persian
|-damage|p1a: Persian|57\/265
|
|turn|15
|choice|move 4|move 1
|
|move|p1a: Persian|Hyper Beam|p2a: Shellder
|-damage|p2a: Shellder|0 fnt
|faint|p2a: Shellder
|choice||switch 3
|
|switch|p2a: Clefable|Clefable, L85|335\/335
|turn|16
|choice|move 3|move 4
|
|move|p1a: Persian|Body Slam|p2a: Clefable
|-damage|p2a: Clefable|259\/335
|move|p2a: Clefable|Ice Beam|p1a: Persian
|-damage|p1a: Persian|0 fnt
|faint|p1a: Persian
|choice|switch 4|
|
|switch|p1a: Gloom|Gloom, L90|291\/291
|turn|17
|choice|move 2|move 4
|
|move|p2a: Clefable|Ice Beam|p1a: Gloom
|-supereffective|p1a: Gloom
|-damage|p1a: Gloom|170\/291
|-status|p1a: Gloom|frz
|cant|p1a: Gloom|frz
|
|turn|18
|choice|move 2|move 4
|
|move|p2a: Clefable|Ice Beam|p1a: Gloom
|-supereffective|p1a: Gloom
|-damage|p1a: Gloom|40\/291 frz
|cant|p1a: Gloom|frz
|
|turn|19
|choice|move 2|move 4
|
|move|p2a: Clefable|Ice Beam|p1a: Gloom
|-supereffective|p1a: Gloom
|-damage|p1a: Gloom|0 fnt
|faint|p1a: Gloom
|choice|switch 5|
|
|switch|p1a: Chansey|Chansey, L79|133\/557
|turn|20
|choice|move 1|move 2
|
|move|p2a: Clefable|Hyper Beam|p1a: Chansey
|-damage|p1a: Chansey|0 fnt
|faint|p1a: Chansey
|
|win|jgkeuhlwifuodp
|raw|poopyface5000's rating: 1159 &rarr; <strong>1123<\/strong><br \/>(-36 for losing)
|raw|jgkeuhlwifuodp's rating: 1000 &rarr; <strong>1057<\/strong><br \/>(+57 for winning)