|join|AxemRed
|join|xJoelituh
|player|p1|AxemRed|20
|player|p2|xJoelituh|291
|gametype|singles
|gen|1
|tier|[Gen 1] Random Battle
|rule|Sleep Clause Mod: Limit one foe put to sleep
|rule|Freeze Clause Mod: Limit one foe frozen
|rule|HP Percentage Mod: HP is shown in percentages
|
|start
|switch|p1a: Pidgeot|Pidgeot, L85|315\/315
|switch|p2a: Gloom|Gloom, L85|276\/276
|turn|1
|c|★xJoelituh|im bored and i need to waste time
|c|★xJoelituh|k?
|c|★AxemRed|A que me sale el Bulbasaurio con SD
xJoelituh turned on modjoin.
|raw|<div class="broadcast-red"><b>Moderated chat was set to +!<\/b><br \/>Only users of rank + and higher can talk.<\/div>
xJoelituh made this room hidden.
|c|★AxemRed|K, go on.
|
|move|p1a: Pidgeot|Double-Edge|p2a: Gloom
|-damage|p2a: Gloom|172\/276
|-damage|p1a: Pidgeot|289\/315|[from] recoil|[of] p2a: Gloom
|move|p2a: Gloom|Sleep Powder|p1a: Pidgeot
|-status|p1a: Pidgeot|slp
|
|turn|2
|
|switch|p1a: Jynx|Jynx, L79|265\/265
|move|p2a: Gloom|Swords Dance|p2a: Gloom
|-boost|p2a: Gloom|atk|2
|
|turn|3
|
|switch|p2a: Vaporeon|Vaporeon, L85|395\/395
|move|p1a: Jynx|Psychic|p2a: Vaporeon
|-damage|p2a: Vaporeon|325\/395
|-unboost|p2a: Vaporeon|spd|1
|-unboost|p2a: Vaporeon|spa|1
|
|turn|4
|
|switch|p2a: Seaking|Seaking, L85|310\/310
|move|p1a: Jynx|Lovely Kiss|p2a: Seaking|[miss]
|-miss|p1a: Jynx
|
|turn|5
|c|★xJoelituh|fuck off
|
|move|p1a: Jynx|Lovely Kiss|p2a: Seaking
|-status|p2a: Seaking|slp
|cant|p2a: Seaking|slp
|
|turn|6
|c|★xJoelituh|thx
|c|★AxemRed|Doesn't matter
|c|★xJoelituh|i want u to no miss
|
|switch|p2a: Vaporeon|Vaporeon, L85|325\/395
|move|p1a: Jynx|Psychic|p2a: Vaporeon
|-damage|p2a: Vaporeon|253\/395
|
|turn|7
|c|★AxemRed|Oh...
|
|switch|p1a: Blastoise|Blastoise, L85|308\/308
|move|p2a: Vaporeon|Body Slam|p1a: Blastoise
|-damage|p1a: Blastoise|264\/308
|
|turn|8
|
|move|p1a: Blastoise|Earthquake|p2a: Vaporeon
|-damage|p2a: Vaporeon|166\/395
|move|p2a: Vaporeon|Body Slam|p1a: Blastoise
|-damage|p1a: Blastoise|219\/308
|-status|p1a: Blastoise|par
|
|turn|9
|
|move|p2a: Vaporeon|Rest|p2a: Vaporeon
|-status|p2a: Vaporeon|slp
|-heal|p2a: Vaporeon|395\/395 slp|[silent]
|-status|p2a: Vaporeon|slp|[from] move: Rest
|move|p1a: Blastoise|Mimic|p2a: Vaporeon
|-start|p1a: Blastoise|Mimic|Surf
|
|turn|10
|c|★AxemRed|2 Surfs for mah body, yay.
|c|★xJoelituh|no pp waste
|
|switch|p1a: Hitmonchan|Hitmonchan, L85|259\/259
|cant|p2a: Vaporeon|slp
|
|turn|11
|
|move|p1a: Hitmonchan|Submission|p2a: Vaporeon
|-damage|p2a: Vaporeon|280\/395 slp
|-damage|p1a: Hitmonchan|231\/259|[from] recoil|[of] p2a: Vaporeon
|cant|p2a: Vaporeon|slp
|-curestatus|p2a: Vaporeon|slp
|
|turn|12
|c|★xJoelituh|weak
|c|★AxemRed|2weak
|
|switch|p2a: Arbok|Arbok, L85|276\/276
|move|p1a: Hitmonchan|Body Slam|p2a: Arbok
|-damage|p2a: Arbok|197\/276
|-status|p2a: Arbok|par
|
|turn|13
|c|★AxemRed|Easy
|
|switch|p1a: Rhyhorn|Rhyhorn, L96|348\/348
|move|p2a: Arbok|Glare|p1a: Rhyhorn
|-status|p1a: Rhyhorn|par
|
|turn|14
|
|switch|p2a: Machamp|Machamp, L85|327\/327
|move|p1a: Rhyhorn|Earthquake|p2a: Machamp
|-damage|p2a: Machamp|201\/327
|
|turn|15
|c|★xJoelituh|bye machamp ur dead
|
|move|p2a: Machamp|Submission|p1a: Rhyhorn
|-supereffective|p1a: Rhyhorn
|-damage|p1a: Rhyhorn|166\/348 par
|-damage|p2a: Machamp|156\/327|[from] recoil|[of] p1a: Rhyhorn
|move|p1a: Rhyhorn|Rock Slide|p2a: Machamp
|-resisted|p2a: Machamp
|-damage|p2a: Machamp|105\/327
|
|turn|16
|c|★xJoelituh|k
|c|★AxemRed|Nah, sup missclick
|
|move|p2a: Machamp|Earthquake|p1a: Rhyhorn
|-supereffective|p1a: Rhyhorn
|-damage|p1a: Rhyhorn|4\/348 par
|move|p1a: Rhyhorn|Earthquake|p2a: Machamp
|-damage|p2a: Machamp|0 fnt
|faint|p2a: Machamp
|c|★xJoelituh|nice
|
|switch|p2a: Vaporeon|Vaporeon, L85|280\/395
|turn|17
|c|★AxemRed|hue.stx
|
|move|p2a: Vaporeon|Surf|p1a: Rhyhorn
|-supereffective|p1a: Rhyhorn
|-damage|p1a: Rhyhorn|0 fnt
|faint|p1a: Rhyhorn
|
|switch|p1a: Hitmonchan|Hitmonchan, L85|231\/259
|turn|18
|c|★xJoelituh|is this gonna sweep me
|
|move|p1a: Hitmonchan|Body Slam|p2a: Vaporeon
|-damage|p2a: Vaporeon|199\/395
|-status|p2a: Vaporeon|par
|move|p2a: Vaporeon|Body Slam|p1a: Hitmonchan
|-crit|p1a: Hitmonchan
|-damage|p1a: Hitmonchan|138\/259
|-status|p1a: Hitmonchan|par
|
|turn|19
|c|★AxemRed|Your mermaid walls me.
|c|★xJoelituh|trying hard
|
|switch|p1a: Jynx|Jynx, L79|265\/265
|move|p2a: Vaporeon|Rest|p2a: Vaporeon
|-status|p2a: Vaporeon|slp
|-heal|p2a: Vaporeon|395\/395 slp|[silent]
|-status|p2a: Vaporeon|slp|[from] move: Rest
|
|turn|20
|c|★xJoelituh|Sleeping Mermaid
|
|switch|p2a: Seaking|Seaking, L85|310\/310 slp
|move|p1a: Jynx|Psychic|p2a: Seaking
|-damage|p2a: Seaking|227\/310 slp
|
|turn|21
|c|★xJoelituh|Mermaids. ?_?
|c|★AxemRed|Oh yeh.
|
|move|p1a: Jynx|Psychic|p2a: Seaking
|-damage|p2a: Seaking|136\/310 slp
|cant|p2a: Seaking|slp
|
|turn|22
|c|★AxemRed|[[Mermaid Girl - Kors K Mix]]
|c|★xJoelituh|miss
|
|move|p1a: Jynx|Psychic|p2a: Seaking
|-crit|p2a: Seaking
|-damage|p2a: Seaking|0 fnt
|faint|p2a: Seaking
|c|★AxemRed|w00tz
|c|★xJoelituh|the [[ things doesnt work
|c|★xJoelituh|k.
|
|switch|p2a: Aerodactyl|Aerodactyl, L85|310\/310
|turn|23
|c|★AxemRed|I realized now.
|c|★xJoelituh|just
|c|★xJoelituh|crit
|
|switch|p1a: Blastoise|Blastoise, L85|219\/308 par
|move|p2a: Aerodactyl|Double-Edge|p1a: Blastoise
|-damage|p1a: Blastoise|155\/308 par
|-damage|p2a: Aerodactyl|294\/310|[from] recoil|[of] p1a: Blastoise
|
|turn|24
|c|★AxemRed|Nope
|c|★xJoelituh|o fku aero
|
|switch|p1a: Jynx|Jynx, L79|265\/265
|move|p2a: Aerodactyl|Hyper Beam|p1a: Jynx
|-crit|p1a: Jynx
|-damage|p1a: Jynx|0 fnt
|faint|p1a: Jynx
|c|★xJoelituh|THX
|c|★xJoelituh|the bitch is dead
|c|★AxemRed|Fuck it. :[
|c|★xJoelituh|Reveal Mewtwo
|
|switch|p1a: Blastoise|Blastoise, L85|155\/308 par
|turn|25
|c|★xJoelituh|k.
|c|★AxemRed|No risk no fun.
|c|★xJoelituh|that's not mewtwo
|
|switch|p2a: Gloom|Gloom, L85|172\/276
|cant|p1a: Blastoise|par
|
|turn|26
|c|★AxemRed|Hurrrr
|c|★AxemRed|H
|c|★AxemRed|u
|c|★AxemRed|u
|c|★AxemRed|r
|c|★xJoelituh|was ice beam?
|c|★AxemRed|Nah, First Slot is Mimic.
|
|switch|p1a: Flareon|Flareon, L85|284\/284
|move|p2a: Gloom|Swords Dance|p2a: Gloom
|-boost|p2a: Gloom|atk|2
|
|turn|27
|
|move|p1a: Flareon|Fire Blast|p2a: Gloom|[miss]
|-miss|p1a: Flareon
|move|p2a: Gloom|Double-Edge|p1a: Flareon
|-damage|p1a: Flareon|134\/284
|-damage|p2a: Gloom|135\/276|[from] recoil|[of] p1a: Flareon
|
|turn|28
|c|★xJoelituh|fblast miss
|c|★xJoelituh|thx
|c|★AxemRed|Fuck this game.
|
|move|p1a: Flareon|Fire Blast|p2a: Gloom
|-supereffective|p2a: Gloom
|-damage|p2a: Gloom|0 fnt
|faint|p2a: Gloom
|c|★xJoelituh|!dt gloom
|c|~|\/data-pokemon Gloom
|raw|<font size="1"><font color=#585858>Dex#:<\/font> 44&nbsp;|&ThickSpace;<font color=#585858>Gen:<\/font> 1&nbsp;|&ThickSpace;<font color=#585858>Height:<\/font> 0.8 m&nbsp;|&ThickSpace;<font color=#585858>Weight:<\/font> 8.6 kg <em>(20 BP)<\/em>&nbsp;|&ThickSpace;<font color=#585858>Dex Colour:<\/font> Blue&nbsp;|&ThickSpace;<font color=#585858>Egg Group(s):<\/font> Grass&nbsp;|&ThickSpace;<font color=#585858>Evolution:<\/font> Vileplume (21), Bellossom (21)<\/font>
|c|★xJoelituh|>65
|c|★xJoelituh|k
|
|switch|p2a: Vaporeon|Vaporeon, L85|395\/395 slp
|turn|29
|c|★xJoelituh|so need to wake up the mermaid to win
|
|cant|p2a: Vaporeon|slp
|move|p1a: Flareon|Body Slam|p2a: Vaporeon
|-damage|p2a: Vaporeon|295\/395 slp
|
|turn|30
|
|cant|p2a: Vaporeon|slp
|-curestatus|p2a: Vaporeon|slp
|move|p1a: Flareon|Body Slam|p2a: Vaporeon
|-damage|p2a: Vaporeon|208\/395
|
|turn|31
|c|★AxemRed|The Ptero wins.
|c|★xJoelituh|if
|
|move|p1a: Flareon|Hyper Beam|p2a: Vaporeon
|-crit|p2a: Vaporeon
|-damage|p2a: Vaporeon|0 fnt
|faint|p2a: Vaporeon
|c|★xJoelituh|the bitch
|c|★xJoelituh|have rock slide
|c|★xJoelituh|would won already
|c|★AxemRed|**Sup Crit**
|
|switch|p2a: Aerodactyl|Aerodactyl, L85|294\/310
|turn|32
|c|★xJoelituh|Now
|c|★xJoelituh|i miss
|c|★xJoelituh|u burn me
|c|★xJoelituh|and u win
|c|★AxemRed|Slam foe the thy body
|c|★AxemRed|for*
|
|move|p2a: Aerodactyl|Double-Edge|p1a: Flareon
|-damage|p1a: Flareon|43\/284
|-damage|p2a: Aerodactyl|272\/310|[from] recoil|[of] p1a: Flareon
|move|p1a: Flareon|Body Slam|p2a: Aerodactyl
|-resisted|p2a: Aerodactyl
|-damage|p2a: Aerodactyl|228\/310
|
|turn|33
|c|★xJoelituh|nop
|c|★xJoelituh|gg
|c|★AxemRed|Meh
|c|★AxemRed|Wait
|
|move|p2a: Aerodactyl|Double-Edge|p1a: Flareon
|-damage|p1a: Flareon|0 fnt
|-damage|p2a: Aerodactyl|218\/310|[from] recoil|[of] p1a: Flareon
|faint|p1a: Flareon
|c|★xJoelituh|everything is in range of hyper bea
|
|switch|p1a: Hitmonchan|Hitmonchan, L85|138\/259 par
|turn|34
|c|★xJoelituh|welp
|c|★xJoelituh|this thing
|c|★AxemRed|Just need to para the fucker, and i can get a chance.
|
|switch|p2a: Arbok|Arbok, L85|197\/276 par
|move|p1a: Hitmonchan|Counter|p2a: Arbok
|-damage|p2a: Arbok|111\/276 par
|
|turn|35
|c|★xJoelituh|i now
|c|★xJoelituh|know*
|c|★AxemRed|lel
|c|★xJoelituh|but i have the kobra
|c|★AxemRed|But i have Bird Jesus on my Side.
|c|★xJoelituh|wait
|c|★xJoelituh|Aerodactyl used Double-Edge!
|c|★xJoelituh|The opposing Flareon lost 16% of its health!
|c|★xJoelituh|The opposing Hitmonchan used Counter!
|c|★xJoelituh|Arbok lost 31.2% of its health!
|c|★xJoelituh|it is for this?
|c|★xJoelituh|k.
|c|★AxemRed|Waht no
|c|★AxemRed|What*
|c|★xJoelituh|so?
|c|★xJoelituh|Vaporeon used Body Slam!
|c|★xJoelituh|A critical hit! The opposing Hitmonchan lost 36% of its health!
|c|★AxemRed|No damage values are dealt, irrc.
|c|★xJoelituh|the last hit ^
|c|★AxemRed|Oh
|c|★xJoelituh|idk might be the double edge
|
|switch|p1a: Pidgeot|Pidgeot, L85|289\/315 slp
|move|p2a: Arbok|Hyper Beam|p1a: Pidgeot
|-damage|p1a: Pidgeot|179\/315 slp
|
|turn|36
|-mustrecharge|p2a: Arbok
|-mustrecharge|p2a: Arbok
|
|cant|p1a: Pidgeot|slp
|cant|p2a: Arbok|recharge
|
|turn|37
|c|★xJoelituh|why does the kobra has
|
|cant|p1a: Pidgeot|slp
|-curestatus|p1a: Pidgeot|slp
|move|p2a: Arbok|Rock Slide|p1a: Pidgeot
|-supereffective|p1a: Pidgeot
|-damage|p1a: Pidgeot|63\/315
|
|turn|38
|c|★xJoelituh|rock slide
|c|★xJoelituh|and the aero no
|c|★AxemRed|Doesn't matter
|
|move|p1a: Pidgeot|Double-Edge|p2a: Arbok
|-damage|p2a: Arbok|4\/276 par
|-damage|p1a: Pidgeot|37\/315|[from] recoil|[of] p2a: Arbok
|move|p2a: Arbok|Rock Slide|p1a: Pidgeot
|-supereffective|p1a: Pidgeot
|-damage|p1a: Pidgeot|0 fnt
|faint|p1a: Pidgeot
|c|★AxemRed|RIP
|
|switch|p1a: Hitmonchan|Hitmonchan, L85|138\/259 par
|turn|39
|c|★xJoelituh|now
|c|★xJoelituh|!rbylearn arbok, explosion
|raw|<div class="infobox">Arbok <span class="message-learn-cannotlearn">can't<\/span> learn Explosion on RBY<\/div>
|c|★xJoelituh|almost
|
|cant|p2a: Arbok|par
|move|p1a: Hitmonchan|Body Slam|p2a: Arbok
|-damage|p2a: Arbok|0 fnt
|faint|p2a: Arbok
|c|★AxemRed|Nanai69
|c|★xJoelituh|thx arbok
|c|★AxemRed|ohyeh
|
|switch|p2a: Aerodactyl|Aerodactyl, L85|218\/310
|turn|40
|c|★xJoelituh|huh..
|c|★xJoelituh|im gonna take the risk
|
|move|p2a: Aerodactyl|Sky Attack|p1a: Hitmonchan|[still]
|-prepare|p2a: Aerodactyl|Sky Attack|p1a: Hitmonchan
|move|p1a: Hitmonchan|Counter|p2a: Aerodactyl
|-fail|p1a: Hitmonchan
|
|turn|41
|c|★xJoelituh|ooo
|c|★xJoelituh|outplayed
|c|★AxemRed|Fuck
|
|move|p2a: Aerodactyl|Sky Attack|p1a: Hitmonchan|[miss]
|-miss|p2a: Aerodactyl
|move|p1a: Hitmonchan|Counter|p2a: Aerodactyl
|-fail|p1a: Hitmonchan
|
|turn|42
|c|★xJoelituh|THX AERO
|c|★AxemRed|Huehue
|c|★AxemRed|I dunno the Counter, but meh.
|c|★xJoelituh|fucking blind ptero
|
|move|p2a: Aerodactyl|Reflect|p2a: Aerodactyl
|-start|p2a: Aerodactyl|Reflect
|move|p1a: Hitmonchan|Body Slam|p2a: Aerodactyl
|-resisted|p2a: Aerodactyl
|-damage|p2a: Aerodactyl|199\/310
|
|turn|43
|
|move|p2a: Aerodactyl|Sky Attack|p1a: Hitmonchan|[still]
|-prepare|p2a: Aerodactyl|Sky Attack|p1a: Hitmonchan
|move|p1a: Hitmonchan|Body Slam|p2a: Aerodactyl
|-resisted|p2a: Aerodactyl
|-damage|p2a: Aerodactyl|179\/310
|
|turn|44
|c|★AxemRed|My para, where.
|c|★xJoelituh|nowhere
|c|★xJoelituh|and yours? ?_?
|c|★AxemRed|:[
|
|move|p2a: Aerodactyl|Sky Attack|p1a: Hitmonchan
|-crit|p1a: Hitmonchan
|-supereffective|p1a: Hitmonchan
|-damage|p1a: Hitmonchan|0 fnt
|faint|p1a: Hitmonchan
|c|★AxemRed|Go, miss it.
|c|★AxemRed|HAX
|c|★xJoelituh|nice crit
|
|switch|p1a: Blastoise|Blastoise, L85|155\/308 par
|turn|45
|c|★xJoelituh|inb4 miss
|c|★xJoelituh|surf crit
|
|move|p2a: Aerodactyl|Hyper Beam|p1a: Blastoise
|-damage|p1a: Blastoise|58\/308 par
|cant|p1a: Blastoise|par
|
|turn|46
|-mustrecharge|p2a: Aerodactyl
|c|★AxemRed|Doesnt kill
|c|★AxemRed|DAMN IT
|c|★xJoelituh|egh
|-mustrecharge|p2a: Aerodactyl
|
|cant|p2a: Aerodactyl|recharge
|cant|p1a: Blastoise|par
|
|turn|47
|c|★xJoelituh|ooooo
|c|★AxemRed|D
|c|★xJoelituh|G_G
|c|★AxemRed|A
|c|★AxemRed|M
|c|★AxemRed|N
|c|★AxemRed|I
|c|★AxemRed|Y
|c|★AxemRed|lol fail
|c|★xJoelituh|wait wait
|
|move|p2a: Aerodactyl|Hyper Beam|p1a: Blastoise
|-damage|p1a: Blastoise|0 fnt
|faint|p1a: Blastoise
|
|win|xJoelituh
|c|★xJoelituh|idone
|c|★AxemRed|:[
|c|★xJoelituh|g_g
|c|★AxemRed|Gg