|j|Peasounay
|j|Ch01W0n5h1n
|player|p1|Peasounay|80
|player|p2|Ch01W0n5h1n|165
|gametype|singles
|gen|1
|tier|[Gen 1] OU
|rated
|seed|
|rule|Sleep Clause Mod: Limit one foe put to sleep
|rule|Freeze Clause Mod: Limit one foe frozen
|rule|Species Clause: Limit one of each Pokémon
|rule|OHKO Clause: OHKO moves are banned
|rule|Evasion Moves Clause: Evasion moves are banned
|rule|HP Percentage Mod: HP is shown in percentages
|
|start
|switch|p1a: Alakazam|Alakazam|100\/100
|switch|p2a: Mrs. Popo|Jynx|100\/100
|turn|1
|choice||
|
|switch|p2a: Chance E|Chansey|100\/100
|move|p1a: Alakazam|Thunder Wave|p2a: Chance E
|-status|p2a: Chance E|par
|
|turn|2
|choice||
|
|move|p1a: Alakazam|Seismic Toss|p2a: Chance E
|-damage|p2a: Chance E|86\/100 par
|move|p2a: Chance E|Ice Beam|p1a: Alakazam
|-damage|p1a: Alakazam|81\/100
|-status|p1a: Alakazam|frz
|
|turn|3
|choice||
|
|switch|p1a: Snorlax|Snorlax|100\/100
|switch|p2a: Mrs. Popo|Jynx|100\/100
|
|turn|4
|choice||
|
|switch|p1a: Chansey|Chansey|100\/100
|move|p2a: Mrs. Popo|Lovely Kiss|p1a: Chansey
|-status|p1a: Chansey|slp
|
|turn|5
|choice||
|
|move|p2a: Mrs. Popo|Psychic|p1a: Chansey
|-damage|p1a: Chansey|86\/100 slp
|cant|p1a: Chansey|slp
|
|turn|6
|choice||
|
|move|p2a: Mrs. Popo|Psychic|p1a: Chansey
|-damage|p1a: Chansey|72\/100 slp
|cant|p1a: Chansey|slp
|
|turn|7
|choice||
|
|move|p2a: Mrs. Popo|Psychic|p1a: Chansey
|-damage|p1a: Chansey|57\/100 slp
|cant|p1a: Chansey|slp
|
|turn|8
|choice||
|
|switch|p1a: Lapras|Lapras|100\/100
|move|p2a: Mrs. Popo|Psychic|p1a: Lapras
|-damage|p1a: Lapras|76\/100
|-unboost|p1a: Lapras|spd|1
|-unboost|p1a: Lapras|spa|1
|
|turn|9
|choice||
|
|switch|p2a: Gorelax|Snorlax|100\/100
|move|p1a: Lapras|Sing|p2a: Gorelax|[miss]
|-miss|p1a: Lapras
|
|turn|10
|choice||
|
|switch|p1a: Snorlax|Snorlax|100\/100
|move|p2a: Gorelax|Amnesia|p2a: Gorelax
|-boost|p2a: Gorelax|spd|2
|-boost|p2a: Gorelax|spa|2
|
|turn|11
|choice||
|
|move|p1a: Snorlax|Body Slam|p2a: Gorelax
|-damage|p2a: Gorelax|73\/100
|move|p2a: Gorelax|Thunderbolt|p1a: Snorlax
|-damage|p1a: Snorlax|74\/100
|
|turn|12
|choice||
|
|move|p2a: Gorelax|Thunderbolt|p1a: Snorlax
|-damage|p1a: Snorlax|47\/100
|move|p1a: Snorlax|Body Slam|p2a: Gorelax
|-damage|p2a: Gorelax|48\/100
|
|turn|13
|choice||
|
|move|p1a: Snorlax|Self-Destruct|p2a: Gorelax
|-damage|p2a: Gorelax|0 fnt
|faint|p2a: Gorelax
|faint|p1a: Snorlax
|choice||
|
|switch|p2a: Mrs. Popo|Jynx|100\/100
|switch|p1a: Lapras|Lapras|76\/100
|turn|14
|choice||
|
|move|p2a: Mrs. Popo|Psychic|p1a: Lapras
|-damage|p1a: Lapras|53\/100
|move|p1a: Lapras|Sing|p2a: Mrs. Popo|[miss]
|-miss|p1a: Lapras
|
|turn|15
|choice||
|
|move|p2a: Mrs. Popo|Psychic|p1a: Lapras
|-damage|p1a: Lapras|32\/100
|move|p1a: Lapras|Sing|p2a: Mrs. Popo|[miss]
|-miss|p1a: Lapras
|
|turn|16
|choice||
|
|move|p2a: Mrs. Popo|Psychic|p1a: Lapras
|-crit|p1a: Lapras
|-damage|p1a: Lapras|0 fnt
|faint|p1a: Lapras
|choice||
|
|switch|p1a: Tauros|Tauros|100\/100
|turn|17
|choice||
|
|move|p1a: Tauros|Body Slam|p2a: Mrs. Popo
|-damage|p2a: Mrs. Popo|46\/100
|move|p2a: Mrs. Popo|Blizzard|p1a: Tauros
|-damage|p1a: Tauros|54\/100
|
|turn|18
|choice||
|
|move|p1a: Tauros|Body Slam|p2a: Mrs. Popo
|-crit|p2a: Mrs. Popo
|-damage|p2a: Mrs. Popo|0 fnt
|faint|p2a: Mrs. Popo
|choice||
|
|switch|p2a: Mega Gastly|Cloyster|100\/100
|turn|19
|choice||
|
|move|p1a: Tauros|Body Slam|p2a: Mega Gastly
|-damage|p2a: Mega Gastly|79\/100
|-status|p2a: Mega Gastly|par
|move|p2a: Mega Gastly|Blizzard|p1a: Tauros
|-damage|p1a: Tauros|12\/100
|
|turn|20
|choice||
|
|move|p1a: Tauros|Hyper Beam|p2a: Mega Gastly
|-damage|p2a: Mega Gastly|42\/100 par
|move|p2a: Mega Gastly|Blizzard|p1a: Tauros
|-damage|p1a: Tauros|0 fnt
|faint|p1a: Tauros
|choice||
|
|switch|p1a: Exeggutor|Exeggutor|100\/100
|turn|21
|choice||
|
|switch|p2a: Chance E|Chansey|86\/100 par
|move|p1a: Exeggutor|Psychic|p2a: Chance E
|-crit|p2a: Chance E
|-damage|p2a: Chance E|53\/100 par
|-unboost|p2a: Chance E|spd|1
|-unboost|p2a: Chance E|spa|1
|
|turn|22
|choice||
|
|move|p1a: Exeggutor|Psychic|p2a: Chance E
|-damage|p2a: Chance E|26\/100 par
|cant|p2a: Chance E|par
|
|turn|23
|choice||
|
|move|p1a: Exeggutor|Psychic|p2a: Chance E
|-damage|p2a: Chance E|2\/100 par
|-unboost|p2a: Chance E|spd|1
|-unboost|p2a: Chance E|spa|1
|move|p2a: Chance E|Soft-Boiled|p2a: Chance E
|-heal|p2a: Chance E|52\/100 par
|
|turn|24
|choice||
|
|switch|p2a: Mega Gastly|Cloyster|42\/100 par
|move|p1a: Exeggutor|Psychic|p2a: Mega Gastly
|-damage|p2a: Mega Gastly|0 fnt
|faint|p2a: Mega Gastly
|choice||
|
|switch|p2a: Chance E|Chansey|52\/100 par
|turn|25
|choice||
|
|move|p1a: Exeggutor|Psychic|p2a: Chance E
|-damage|p2a: Chance E|35\/100 par
|-unboost|p2a: Chance E|spd|1
|-unboost|p2a: Chance E|spa|1
|cant|p2a: Chance E|par
|
|turn|26
|choice||
|
|move|p1a: Exeggutor|Psychic|p2a: Chance E
|-damage|p2a: Chance E|9\/100 par
|-unboost|p2a: Chance E|spd|1
|-unboost|p2a: Chance E|spa|1
|move|p2a: Chance E|Soft-Boiled|p2a: Chance E
|-heal|p2a: Chance E|59\/100 par
|
|turn|27
|choice||
|
|switch|p2a: Frozen|Slowbro|100\/100
|move|p1a: Exeggutor|Psychic|p2a: Frozen
|-resisted|p2a: Frozen
|-damage|p2a: Frozen|82\/100
|-unboost|p2a: Frozen|spd|1
|-unboost|p2a: Frozen|spa|1
|
|turn|28
|choice||
|
|switch|p2a: Chance E|Chansey|59\/100 par
|move|p1a: Exeggutor|Sleep Powder|p2a: Chance E|[miss]
|-miss|p1a: Exeggutor
|
|turn|29
|choice||
|
|move|p1a: Exeggutor|Psychic|p2a: Chance E
|-damage|p2a: Chance E|42\/100 par
|move|p2a: Chance E|Ice Beam|p1a: Exeggutor
|-supereffective|p1a: Exeggutor
|-damage|p1a: Exeggutor|68\/100
|-message|Freeze Clause activated.
|
|turn|30
|choice||
|
|move|p1a: Exeggutor|Psychic|p2a: Chance E
|-damage|p2a: Chance E|25\/100 par
|-unboost|p2a: Chance E|spd|1
|-unboost|p2a: Chance E|spa|1
|move|p2a: Chance E|Ice Beam|p1a: Exeggutor
|-supereffective|p1a: Exeggutor
|-damage|p1a: Exeggutor|47\/100
|
|turn|31
|choice||
|
|move|p1a: Exeggutor|Psychic|p2a: Chance E
|-damage|p2a: Chance E|0 fnt
|faint|p2a: Chance E
|choice||
|
|switch|p2a: Frozen|Slowbro|82\/100
|turn|32
|choice||
|
|move|p1a: Exeggutor|Sleep Powder|p2a: Frozen
|-status|p2a: Frozen|slp
|cant|p2a: Frozen|slp
|
|turn|33
|choice||
|
|move|p1a: Exeggutor|Psychic|p2a: Frozen
|-resisted|p2a: Frozen
|-damage|p2a: Frozen|65\/100 slp
|-unboost|p2a: Frozen|spd|1
|-unboost|p2a: Frozen|spa|1
|cant|p2a: Frozen|slp
|
|turn|34
|choice||
|
|move|p1a: Exeggutor|Psychic|p2a: Frozen
|-resisted|p2a: Frozen
|-damage|p2a: Frozen|39\/100 slp
|cant|p2a: Frozen|slp
|
|turn|35
|choice||
|
|move|p1a: Exeggutor|Psychic|p2a: Frozen
|-resisted|p2a: Frozen
|-damage|p2a: Frozen|12\/100 slp
|-curestatus|p2a: Frozen|slp
|
|turn|36
|choice||
|
|switch|p2a: Energy|Tauros|100\/100
|move|p1a: Exeggutor|Psychic|p2a: Energy
|-damage|p2a: Energy|57\/100
|
|turn|37
|choice||
|
|move|p2a: Energy|Blizzard|p1a: Exeggutor
|-supereffective|p1a: Exeggutor
|-damage|p1a: Exeggutor|15\/100
|move|p1a: Exeggutor|Sleep Powder|p2a: Energy
|-status|p2a: Energy|slp
|
|turn|38
|choice||
|
|cant|p2a: Energy|slp
|move|p1a: Exeggutor|Psychic|p2a: Energy
|-crit|p2a: Energy
|-damage|p2a: Energy|0 fnt
|faint|p2a: Energy
|choice||
|
|switch|p2a: Frozen|Slowbro|12\/100
|turn|39
|choice||
|
|move|p1a: Exeggutor|Explosion|p2a: Frozen
|-damage|p2a: Frozen|0 fnt
|faint|p2a: Frozen
|faint|p1a: Exeggutor
|
|win|Peasounay
|player|p1
|player|p2
|raw|Peasounay's rating: 1554 &rarr; <strong>1566<\/strong><br \/>(+12 for winning)
|raw|Ch01W0n5h1n's rating: 1403 &rarr; <strong>1392<\/strong><br \/>(-11 for losing)
|c|★Ch01W0n5h1n|gg
|c|★Peasounay|gg