|join|yaldyyyy
|join|chimah
|player|p1|yaldyyyy|275
|player|p2|chimah|169
|gametype|singles
|gen|1
|tier|[Gen 1] Random Battle
|rated
|rule|Sleep Clause Mod: Limit one foe put to sleep
|rule|Freeze Clause Mod: Limit one foe frozen
|rule|HP Percentage Mod: HP is shown in percentages
|
|start
|switch|p1a: Cubone|Cubone, L96|291\/291
|switch|p2a: Geodude|Geodude, L96|272\/272
|turn|1
|
|move|p1a: Cubone|Earthquake|p2a: Geodude
|-supereffective|p2a: Geodude
|-damage|p2a: Geodude|130\/272
|move|p2a: Geodude|Earthquake|p1a: Cubone
|-damage|p1a: Cubone|198\/291
|
|turn|2
|
|move|p1a: Cubone|Earthquake|p2a: Geodude
|-supereffective|p2a: Geodude
|-damage|p2a: Geodude|0 fnt
|faint|p2a: Geodude
|
|switch|p2a: Nidorino|Nidorino, L90|293\/293
|turn|3
|
|move|p2a: Nidorino|Bubble Beam|p1a: Cubone
|-supereffective|p1a: Cubone
|-damage|p1a: Cubone|95\/291
|move|p1a: Cubone|Earthquake|p2a: Nidorino
|-supereffective|p2a: Nidorino
|-damage|p2a: Nidorino|74\/293
|
|turn|4
|
|switch|p1a: Seadra|Seadra, L90|282\/282
|move|p2a: Nidorino|Bubble Beam|p1a: Seadra
|-crit|p1a: Seadra
|-resisted|p1a: Seadra
|-damage|p1a: Seadra|248\/282
|
|turn|5
|
|move|p1a: Seadra|Hydro Pump|p2a: Nidorino
|-damage|p2a: Nidorino|0 fnt
|faint|p2a: Nidorino
|
|switch|p2a: Chansey|Chansey, L79|557\/557
|turn|6
|
|move|p1a: Seadra|Hydro Pump|p2a: Chansey|[miss]
|-miss|p1a: Seadra
|move|p2a: Chansey|Ice Beam|p1a: Seadra
|-resisted|p1a: Seadra
|-damage|p1a: Seadra|222\/282
|
|turn|7
|
|move|p1a: Seadra|Hydro Pump|p2a: Chansey|[miss]
|-miss|p1a: Seadra
|move|p2a: Chansey|Soft-Boiled|p2a: Chansey
|-fail|p2a: Chansey
|
|turn|8
|
|switch|p2a: Articuno|Articuno, L79|304\/304
|move|p1a: Seadra|Hydro Pump|p2a: Articuno
|-damage|p2a: Articuno|190\/304
|
|turn|9
|
|move|p1a: Seadra|Hydro Pump|p2a: Articuno|[miss]
|-miss|p1a: Seadra
|move|p2a: Articuno|Mimic|p1a: Seadra
|-start|p2a: Articuno|Mimic|Hydro Pump
|
|turn|10
|c|★yaldyyyy|hydro pump has 80% accuracy and misses 80% of the time
|
|switch|p1a: Magneton|Magneton, L90|273\/273
|switch|p2a: Chansey|Chansey, L79|557\/557
|
|turn|11
|
|move|p1a: Magneton|Thunderbolt|p2a: Chansey
|-damage|p2a: Chansey|424\/557
|move|p2a: Chansey|Ice Beam|p1a: Magneton
|-damage|p1a: Magneton|225\/273
|
|turn|12
|-message|chimah forfeited.
|
|win|yaldyyyy
|leave|chimah
|player|p2
|raw|yaldyyyy's rating: 1272 &rarr; <strong>1281<\/strong><br \/>(+9 for winning)
|raw|chimah's rating: 1000 &rarr; <strong>1000<\/strong><br \/>(+0 for losing)