|join|Tendoh
|join|GoldenSandslash15
|player|p1|Tendoh|244
|player|p2|GoldenSandslash15|25
|gametype|singles
|gen|1
|tier|[Gen 1] OU (beta)
|rated
|rule|Sleep Clause Mod: Limit one foe put to sleep
|rule|Species Clause: Limit one of each Pokemon
|rule|OHKO Clause: OHKO moves are banned
|rule|Moody Clause: Moody is banned
|rule|Evasion Moves Clause: Evasion moves are banned
|rule|Endless Battle Clause: Forcing endless battles is banned.
|rule|HP Percentage Mod: HP is reported as percentages
|
|start
|switch|p1a: Luma|Starmie|323\/323
|switch|p2a: Alakazam|Alakazam|313\/313
|turn|1
|
|switch|p1a: Whorey|Chansey|703\/703
|move|p2a: Alakazam|Thunder Wave|p1a: Whorey
|-status|p1a: Whorey|par
|
|turn|2
|
|move|p2a: Alakazam|Psychic|p1a: Whorey
|-damage|p1a: Whorey|571\/703 par
|-unboost|p1a: Whorey|spd|1
|-unboost|p1a: Whorey|spa|1
|move|p1a: Whorey|Ice Beam|p2a: Alakazam
|-damage|p2a: Alakazam|271\/313
|
|turn|3
|
|move|p2a: Alakazam|Psychic|p1a: Whorey
|-damage|p1a: Whorey|387\/703 par
|-unboost|p1a: Whorey|spd|1
|-unboost|p1a: Whorey|spa|1
|move|p1a: Whorey|Ice Beam|p2a: Alakazam
|-damage|p2a: Alakazam|241\/313
|
|turn|4
|
|move|p2a: Alakazam|Psychic|p1a: Whorey
|-damage|p1a: Whorey|125\/703 par
|cant|p1a: Whorey|par
|
|turn|5
|
|switch|p1a: Ness|Alakazam|313\/313
|move|p2a: Alakazam|Psychic|p1a: Ness
|-crit|p1a: Ness
|-resisted|p1a: Ness
|-damage|p1a: Ness|216\/313
|
|turn|6
|
|move|p1a: Ness|Thunder Wave|p2a: Alakazam
|-status|p2a: Alakazam|par
|cant|p2a: Alakazam|par
|
|turn|7
|
|switch|p1a: Corrida Killer|Tauros|353\/353
|move|p2a: Alakazam|Thunder Wave|p1a: Corrida Killer
|-status|p1a: Corrida Killer|par
|
|turn|8
|
|move|p2a: Alakazam|Psychic|p1a: Corrida Killer
|-damage|p1a: Corrida Killer|184\/353 par
|-unboost|p1a: Corrida Killer|spd|1
|-unboost|p1a: Corrida Killer|spa|1
|move|p1a: Corrida Killer|Hyper Beam|p2a: Alakazam
|-damage|p2a: Alakazam|0 fnt
|faint|p2a: Alakazam
|
|
|switch|p2a: Snorlax|Snorlax|523\/523
|turn|9
|
|switch|p1a: Hensel Sisters|Exeggutor|393\/393
|move|p2a: Snorlax|Hyper Beam|p1a: Hensel Sisters
|-damage|p1a: Hensel Sisters|186\/393
|
|turn|10
|
|move|p1a: Hensel Sisters|Sleep Powder|p2a: Snorlax
|-status|p2a: Snorlax|slp
|cant|p2a: Snorlax|slp
|
|turn|11
|
|switch|p2a: Chansey|Chansey|703\/703
|move|p1a: Hensel Sisters|Psychic|p2a: Chansey
|-damage|p2a: Chansey|593\/703
|
|turn|12
|
|move|p1a: Hensel Sisters|Psychic|p2a: Chansey
|-crit|p2a: Chansey
|-damage|p2a: Chansey|346\/703
|move|p2a: Chansey|Ice Beam|p1a: Hensel Sisters
|-supereffective|p1a: Hensel Sisters
|-damage|p1a: Hensel Sisters|63\/393
|
|turn|13
|
|move|p1a: Hensel Sisters|Explosion|p2a: Chansey
|-damage|p2a: Chansey|0 fnt
|faint|p2a: Chansey
|faint|p1a: Hensel Sisters
|
|switch|p2a: Tauros|Tauros|353\/353
|switch|p1a: Thor|Zapdos|383\/383
|turn|14
|
|move|p2a: Tauros|Body Slam|p1a: Thor
|-damage|p1a: Thor|273\/383
|-status|p1a: Thor|par
|cant|p1a: Thor|par
|
|turn|15
|
|move|p2a: Tauros|Body Slam|p1a: Thor
|-damage|p1a: Thor|165\/383 par
|move|p1a: Thor|Thunder Wave|p2a: Tauros
|-status|p2a: Tauros|par
|
|turn|16
|
|cant|p2a: Tauros|par
|move|p1a: Thor|Thunderbolt|p2a: Tauros
|-damage|p2a: Tauros|187\/353 par
|
|turn|17
|
|switch|p1a: Luma|Starmie|323\/323
|cant|p2a: Tauros|par
|
|turn|18
|
|move|p1a: Luma|Surf|p2a: Tauros
|-damage|p2a: Tauros|44\/353 par
|move|p2a: Tauros|Body Slam|p1a: Luma
|-crit|p1a: Luma
|-damage|p1a: Luma|107\/323
|-status|p1a: Luma|par
|
|turn|19
|
|move|p1a: Luma|Recover|p1a: Luma
|-heal|p1a: Luma|268\/323 par
|move|p2a: Tauros|Hyper Beam|p1a: Luma
|-damage|p1a: Luma|73\/323 par
|
|turn|20
|
|move|p1a: Luma|Recover|p1a: Luma
|-heal|p1a: Luma|234\/323 par
|cant|p2a: Tauros|recharge
|
|turn|21
|
|move|p1a: Luma|Thunderbolt|p2a: Tauros
|-damage|p2a: Tauros|0 fnt
|faint|p2a: Tauros
|
|
|switch|p2a: Exeggutor|Exeggutor|393\/393
|turn|22
|
|move|p2a: Exeggutor|Psychic|p1a: Luma
|-resisted|p1a: Luma
|-damage|p1a: Luma|172\/323 par
|cant|p1a: Luma|par
|
|turn|23
|
|move|p2a: Exeggutor|Explosion|p1a: Luma
|-damage|p1a: Luma|0 fnt
|faint|p1a: Luma
|faint|p2a: Exeggutor
|
|switch|p1a: Ness|Alakazam|216\/313
|switch|p2a: Starmie|Starmie|323\/323
|turn|24
|
|move|p1a: Ness|Thunder Wave|p2a: Starmie
|-status|p2a: Starmie|par
|cant|p2a: Starmie|par
|
|turn|25
|
|switch|p1a: Whorey|Chansey|125\/703 par
|move|p2a: Starmie|Thunder Wave|p1a: Whorey
|-fail|p1a: Whorey|par
|
|turn|26
|
|move|p2a: Starmie|Thunderbolt|p1a: Whorey
|-crit|p1a: Whorey
|-damage|p1a: Whorey|0 fnt
|faint|p1a: Whorey
|
|
|switch|p1a: Thor|Zapdos|165\/383 par
|turn|27
|join|Eishu
|join|kid gf lol
|
|cant|p2a: Starmie|par
|move|p1a: Thor|Thunderbolt|p2a: Starmie
|-supereffective|p2a: Starmie
|-damage|p2a: Starmie|42\/323 par
|
|turn|28
|
|move|p2a: Starmie|Blizzard|p1a: Thor
|-supereffective|p1a: Thor
|-damage|p1a: Thor|0 fnt
|faint|p1a: Thor
|
|
|switch|p1a: Ness|Alakazam|216\/313
|turn|29
|
|move|p1a: Ness|Seismic Toss|p2a: Starmie
|-damage|p2a: Starmie|0 fnt
|faint|p2a: Starmie
|
|
|switch|p2a: Snorlax|Snorlax|523\/523 slp
|turn|30
|chat|Tendoh|~ 
|
|move|p1a: Ness|Psychic|p2a: Snorlax
|-damage|p2a: Snorlax|365\/523 slp
|cant|p2a: Snorlax|slp
|
|turn|31
|
|move|p1a: Ness|Psychic|p2a: Snorlax
|-damage|p2a: Snorlax|185\/523 slp
|-unboost|p2a: Snorlax|spd|1
|-unboost|p2a: Snorlax|spa|1
|cant|p2a: Snorlax|slp
|-curestatus|p2a: Snorlax|slp
|
|turn|32
|
|move|p1a: Ness|Psychic|p2a: Snorlax
|-damage|p2a: Snorlax|0 fnt
|faint|p2a: Snorlax
|
|win|Tendoh
|raw|Ladder updating...
|raw|Tendoh's rating: 1405 &rarr; <strong>1412<\/strong><br \/>(+7 for winning)
|raw|GoldenSandslash15's rating: 1151 &rarr; <strong>1141<\/strong><br \/>(-10 for losing)
|leave|Tendoh