|j|tr0m
|j|Whoremaster
|player|p1|tr0m|1
|player|p2|Whoremaster|43
|gametype|singles
|gen|1
|tier|[Gen 1] OU
|seed|36517,35751,54016,53355
|rule|Sleep Clause Mod: Limit one foe put to sleep
|rule|Freeze Clause Mod: Limit one foe frozen
|rule|Species Clause: Limit one of each Pokémon
|rule|OHKO Clause: OHKO moves are banned
|rule|Evasion Moves Clause: Evasion moves are banned
|rule|HP Percentage Mod: HP is shown in percentages
|
|start
|switch|p1a: Starmie|Starmie|323\/323
|switch|p2a: Alakazam|Alakazam|313\/313
|turn|1
|c|★tr0m|wait is this a ladder match
|c|★Whoremaster|u and tromboner diff people or what
|j|Ch01W0n5h1n
|c|★tr0m|or a coustom
|c|★tr0m|we the same m8
|c|★Whoremaster|custom
|c|★tr0m|da fuck
|c|★tr0m|why would we be diff
|choice|move 2|switch 3
|
|switch|p2a: Chansey|Chansey|703\/703
|move|p1a: Starmie|Blizzard|p2a: Chansey
|-crit|p2a: Chansey
|-damage|p2a: Chansey|521\/703
|
|turn|2
|c|★Whoremaster|u got 2 diff names
|c|★Whoremaster|two diff ranks
|c|★tr0m|two accs
|c|★Whoremaster|ic
|c|★tr0m|i ue this acc to test teams
|choice|switch 3|move 1
|
|switch|p1a: Exeggutor|Exeggutor|393\/393
|move|p2a: Chansey|Ice Beam|p1a: Exeggutor
|-crit|p1a: Exeggutor
|-supereffective|p1a: Exeggutor
|-damage|p1a: Exeggutor|139\/393
|-status|p1a: Exeggutor|frz
|
|turn|3
|c|★Whoremaster|should have used entirely diff names to fuck with ppl
|c|★tr0m|naw
|choice|switch 2|move 2
|
|switch|p1a: Chansey|Chansey|703\/703
|move|p2a: Chansey|Thunderbolt|p1a: Chansey
|-damage|p1a: Chansey|628\/703
|
|turn|4
|choice|move 1|move 3
|
|move|p2a: Chansey|Thunder Wave|p1a: Chansey
|-status|p1a: Chansey|par
|move|p1a: Chansey|Ice Beam|p2a: Chansey
|-damage|p2a: Chansey|443\/703
|
|turn|5
|choice|move 4|switch 4
|
|switch|p2a: Cloyster|Cloyster|303\/303
|cant|p1a: Chansey|par
|
|turn|6
|choice|move 4|move 1
|
|move|p2a: Cloyster|Clamp|p1a: Chansey
|-damage|p1a: Chansey|594\/703 par
|-activate|p1a: Chansey|move: Clamp|[of] p2a: Cloyster
|cant|p1a: Chansey|partiallytrapped
|
|turn|7
|c|★tr0m|yea like this
|c|★tr0m|pure luxk
|c|★tr0m|i hit t-wave
|j|Kel9901
|choice|switch 3|move 1
|
|switch|p1a: Starmie|Starmie|323\/323
|move|p2a: Cloyster|Clamp|p1a: Starmie|[miss]
|-miss|p2a: Cloyster
|
|turn|8
|c|★Whoremaster|pre much
|choice|move 2|switch 3
|
|switch|p2a: Alakazam|Alakazam|313\/313
|move|p1a: Starmie|Blizzard|p2a: Alakazam
|-damage|p2a: Alakazam|230\/313
|
|turn|9
|choice|switch 3|move 3
|
|switch|p1a: Chansey|Chansey|594\/703 par
|move|p2a: Alakazam|Thunder Wave|p1a: Chansey
|-fail|p1a: Chansey|par
|
|turn|10
|choice|move 1|switch 4
|
|switch|p2a: Chansey|Chansey|443\/703
|move|p1a: Chansey|Ice Beam|p2a: Chansey
|-damage|p2a: Chansey|374\/703
|
|turn|11
|choice|move 1|move 4
|
|move|p2a: Chansey|Soft-Boiled|p2a: Chansey
|-heal|p2a: Chansey|703\/703
|move|p1a: Chansey|Ice Beam|p2a: Chansey
|-damage|p2a: Chansey|632\/703
|
|turn|12
|choice|move 2|switch 5
|
|switch|p2a: Golem|Golem|363\/363
|move|p1a: Chansey|Thunderbolt|p2a: Golem
|-immune|p2a: Golem|[msg]
|
|turn|13
|choice|switch 3|move 2
|
|switch|p1a: Starmie|Starmie|323\/323
|move|p2a: Golem|Earthquake|p1a: Starmie
|-damage|p1a: Starmie|174\/323
|
|turn|14
|j|SkyMarshal
|l|SkyMarshal
|choice|move 2|switch 4
|
|switch|p2a: Alakazam|Alakazam|230\/313
|move|p1a: Starmie|Blizzard|p2a: Alakazam
|-damage|p2a: Alakazam|155\/313
|
|turn|15
|choice|move 2|move 3
|
|move|p2a: Alakazam|Thunder Wave|p1a: Starmie
|-status|p1a: Starmie|par
|move|p1a: Starmie|Blizzard|p2a: Alakazam
|-damage|p2a: Alakazam|82\/313
|
|turn|16
|choice|move 2|move 4
|
|move|p2a: Alakazam|Recover|p2a: Alakazam
|-heal|p2a: Alakazam|238\/313
|cant|p1a: Starmie|par
|
|turn|17
|choice|move 3|move 2
|
|move|p2a: Alakazam|Seismic Toss|p1a: Starmie
|-damage|p1a: Starmie|74\/323 par
|move|p1a: Starmie|Thunder Wave|p2a: Alakazam
|-status|p2a: Alakazam|par
|
|turn|18
|choice|switch 4|move 2
|
|switch|p1a: Snorlax|Snorlax|523\/523
|move|p2a: Alakazam|Seismic Toss|p1a: Snorlax
|-damage|p1a: Snorlax|423\/523
|
|turn|19
|choice|move 3|switch 3
|
|switch|p2a: Cloyster|Cloyster|303\/303
|move|p1a: Snorlax|Counter|p2a: Cloyster
|-damage|p2a: Cloyster|103\/303
|
|turn|20
|c|★Whoremaster|woops
|c|★Whoremaster|i keep forgetting that shit
|c|★tr0m|s-toss gets counterd
|c|★Whoremaster|yeah i forget to throw out a spec move before switching out
|choice|move 4|move 2
|
|move|p2a: Cloyster|Blizzard|p1a: Snorlax
|-damage|p1a: Snorlax|246\/523
|move|p1a: Snorlax|Hyper Beam|p2a: Cloyster
|-damage|p2a: Cloyster|0 fnt
|faint|p2a: Cloyster
|choice||switch 2
|
|switch|p2a: Exeggutor|Exeggutor|393\/393
|turn|21
|choice|switch 3|move 3
|
|switch|p1a: Chansey|Chansey|594\/703 par
|move|p2a: Exeggutor|Double-Edge|p1a: Chansey
|-damage|p1a: Chansey|381\/703 par
|-damage|p2a: Exeggutor|340\/393|[from] recoil|[of] p1a: Chansey
|
|turn|22
|choice|move 1|switch 3
|
|switch|p2a: Alakazam|Alakazam|238\/313 par
|move|p1a: Chansey|Ice Beam|p2a: Alakazam
|-damage|p2a: Alakazam|176\/313 par
|
|turn|23
|j|Austinf
|choice|move 3|move 2
|
|move|p2a: Alakazam|Seismic Toss|p1a: Chansey
|-damage|p1a: Chansey|281\/703 par
|move|p1a: Chansey|Soft-Boiled|p1a: Chansey
|-heal|p1a: Chansey|632\/703 par
|
|turn|24
|choice|switch 3|move 1
|
|switch|p1a: Snorlax|Snorlax|246\/523
|move|p2a: Alakazam|Psychic|p1a: Snorlax
|-crit|p1a: Snorlax
|-damage|p1a: Snorlax|0 fnt
|faint|p1a: Snorlax
|choice|switch 6|
|
|switch|p1a: Tauros|Tauros|353\/353
|turn|25
|choice|move 1|move 3
|
|move|p1a: Tauros|Body Slam|p2a: Alakazam
|-damage|p2a: Alakazam|12\/313 par
|move|p2a: Alakazam|Thunder Wave|p1a: Tauros
|-status|p1a: Tauros|par
|
|turn|26
|choice|move 2|move 1
|
|move|p2a: Alakazam|Psychic|p1a: Tauros
|-crit|p1a: Tauros
|-damage|p1a: Tauros|29\/353 par
|cant|p1a: Tauros|par
|
|turn|27
|choice|move 1|move 1
|
|cant|p2a: Alakazam|par
|move|p1a: Tauros|Body Slam|p2a: Alakazam
|-damage|p2a: Alakazam|0 fnt
|faint|p2a: Alakazam
|j|Diegolh
|c|★Whoremaster|zam putting in work
|choice||switch 6
|
|switch|p2a: Tauros|Tauros|353\/353
|turn|28
|choice|move 2|move 1
|
|move|p2a: Tauros|Body Slam|p1a: Tauros
|-damage|p1a: Tauros|0 fnt
|faint|p1a: Tauros
|choice|switch 5|
|
|switch|p1a: Bruh|Slowbro|393\/393
|turn|29
|choice|move 3|switch 5
|
|switch|p2a: Chansey|Chansey|632\/703
|move|p1a: Bruh|Thunder Wave|p2a: Chansey
|-status|p2a: Chansey|par
|
|turn|30
|choice|move 1|move 2
|
|move|p1a: Bruh|Amnesia|p1a: Bruh
|-boost|p1a: Bruh|spd|2
|-boost|p1a: Bruh|spa|2
|move|p2a: Chansey|Thunderbolt|p1a: Bruh
|-supereffective|p1a: Bruh
|-damage|p1a: Bruh|307\/393
|-status|p1a: Bruh|par
|
|turn|31
|choice|move 1|move 2
|
|move|p1a: Bruh|Amnesia|p1a: Bruh
|-boost|p1a: Bruh|spd|2
|-boost|p1a: Bruh|spa|2
|cant|p2a: Chansey|par
|
|turn|32
|choice|move 2|move 2
|
|move|p1a: Bruh|Surf|p2a: Chansey
|-damage|p2a: Chansey|352\/703 par
|move|p2a: Chansey|Thunderbolt|p1a: Bruh
|-supereffective|p1a: Bruh
|-damage|p1a: Bruh|251\/393 par
|
|turn|33
|choice|move 2|move 4
|
|move|p1a: Bruh|Surf|p2a: Chansey
|-damage|p2a: Chansey|82\/703 par
|move|p2a: Chansey|Soft-Boiled|p2a: Chansey
|-heal|p2a: Chansey|433\/703 par
|
|turn|34
|choice|move 2|move 4
|
|cant|p1a: Bruh|par
|move|p2a: Chansey|Soft-Boiled|p2a: Chansey
|-heal|p2a: Chansey|703\/703 par
|
|turn|35
|choice|move 2|move 2
|
|move|p1a: Bruh|Surf|p2a: Chansey
|-damage|p2a: Chansey|421\/703 par
|move|p2a: Chansey|Thunderbolt|p1a: Bruh
|-supereffective|p1a: Bruh
|-damage|p1a: Bruh|191\/393 par
|
|turn|36
|l|Kel9901
|choice|move 2|move 4
|
|move|p1a: Bruh|Surf|p2a: Chansey
|-damage|p2a: Chansey|122\/703 par
|move|p2a: Chansey|Soft-Boiled|p2a: Chansey
|-heal|p2a: Chansey|473\/703 par
|
|turn|37
|choice|move 2|move 2
|
|move|p1a: Bruh|Surf|p2a: Chansey
|-damage|p2a: Chansey|209\/703 par
|cant|p2a: Chansey|par
|
|turn|38
|c|★Whoremaster|so u outspeed me coz amnesia thingo ye?
|choice|move 2|move 4
|
|move|p1a: Bruh|Surf|p2a: Chansey
|-damage|p2a: Chansey|0 fnt
|faint|p2a: Chansey
|c|★tr0m|yea
|c|★Whoremaster|:'(
|choice||switch 3
|
|switch|p2a: Exeggutor|Exeggutor|340\/393
|turn|39
|choice|move 3|move 3
|
|move|p2a: Exeggutor|Double-Edge|p1a: Bruh
|-damage|p1a: Bruh|113\/393 par
|-damage|p2a: Exeggutor|321\/393|[from] recoil|[of] p1a: Bruh
|move|p1a: Bruh|Thunder Wave|p2a: Exeggutor
|-status|p2a: Exeggutor|par
|
|turn|40
|choice|move 4|move 2
|
|move|p2a: Exeggutor|Psychic|p1a: Bruh
|-resisted|p1a: Bruh
|-damage|p1a: Bruh|90\/393 par
|move|p1a: Bruh|Rest|p1a: Bruh
|-status|p1a: Bruh|slp
|-heal|p1a: Bruh|393\/393 slp|[silent]
|-status|p1a: Bruh|slp|[from] move: Rest
|
|turn|41
|choice|switch 4|move 3
|
|switch|p1a: Starmie|Starmie|74\/323 par
|move|p2a: Exeggutor|Double-Edge|p1a: Starmie
|-damage|p1a: Starmie|0 fnt
|-damage|p2a: Exeggutor|303\/393 par|[from] recoil|[of] p1a: Starmie
|faint|p1a: Starmie
|choice|switch 3|
|
|switch|p1a: Chansey|Chansey|632\/703 par
|turn|42
|choice|move 1|move 3
|
|move|p2a: Exeggutor|Double-Edge|p1a: Chansey
|-damage|p1a: Chansey|431\/703 par
|-damage|p2a: Exeggutor|253\/393 par|[from] recoil|[of] p1a: Chansey
|move|p1a: Chansey|Ice Beam|p2a: Exeggutor
|-supereffective|p2a: Exeggutor
|-damage|p2a: Exeggutor|128\/393 par
|
|turn|43
|choice|move 1|move 3
|
|cant|p2a: Exeggutor|par
|cant|p1a: Chansey|par
|
|turn|44
|choice|switch 2|move 3
|
|switch|p1a: Exeggutor|Exeggutor|139\/393 frz
|cant|p2a: Exeggutor|par
|
|turn|45
|c|★Whoremaster|was not an explosion
|choice|switch 2|move 2
|
|switch|p1a: Chansey|Chansey|431\/703 par
|cant|p2a: Exeggutor|par
|
|turn|46
|choice|switch 2|move 2
|
|switch|p1a: Exeggutor|Exeggutor|139\/393 frz
|move|p2a: Exeggutor|Psychic|p1a: Exeggutor
|-resisted|p1a: Exeggutor
|-damage|p1a: Exeggutor|90\/393 frz
|
|turn|47
|choice|switch 2|switch 4
|
|switch|p1a: Chansey|Chansey|431\/703 par
|switch|p2a: Golem|Golem|363\/363
|
|turn|48
|choice|move 1|move 2
|
|move|p2a: Golem|Earthquake|p1a: Chansey
|-damage|p1a: Chansey|117\/703 par
|move|p1a: Chansey|Ice Beam|p2a: Golem
|-supereffective|p2a: Golem
|-damage|p2a: Golem|125\/363
|
|turn|49
|c|★tr0m|that zero crit lyfe
|choice|move 1|move 2
|
|move|p2a: Golem|Earthquake|p1a: Chansey
|-damage|p1a: Chansey|0 fnt
|faint|p1a: Chansey
|choice|switch 4|
|
|switch|p1a: Bruh|Slowbro|393\/393 slp
|turn|50
|c|★Whoremaster|yeah h8 when crit interuppt my golem destruction
|choice|move 2|move 2
|
|move|p2a: Golem|Earthquake|p1a: Bruh
|-damage|p1a: Bruh|273\/393 slp
|cant|p1a: Bruh|slp
|
|turn|51
|choice|move 2|move 2
|
|move|p2a: Golem|Earthquake|p1a: Bruh
|-damage|p1a: Bruh|146\/393 slp
|-curestatus|p1a: Bruh|slp
|
|turn|52
|choice|move 4|move 4
|
|move|p2a: Golem|Explosion|p1a: Bruh
|-crit|p1a: Bruh
|-damage|p1a: Bruh|0 fnt
|faint|p1a: Bruh
|faint|p2a: Golem
|c|★tr0m|gg
|c|★Whoremaster|gg
|-message|tr0m forfeited.
|
|win|Whoremaster
|player|p1
|player|p2
|l|tr0m
|l|Diegolh
|l|Ch01W0n5h1n