|join|yaldyyyy
|join|1timeplayerperson
|player|p1|yaldyyyy|1
|player|p2|1timeplayerperson|266
|gametype|singles
|gen|1
|tier|[Gen 1] Random Battle
|rated
|rule|Sleep Clause Mod: Limit one foe put to sleep
|rule|Freeze Clause Mod: Limit one foe frozen
|rule|HP Percentage Mod: HP is shown in percentages
|
|start
|switch|p1a: Tauros|Tauros, L79|280\/280
|switch|p2a: Chansey|Chansey, L79|557\/557
|turn|1
|
|move|p1a: Tauros|Blizzard|p2a: Chansey
|-damage|p2a: Chansey|500\/557
|move|p2a: Chansey|Thunder Wave|p1a: Tauros
|-status|p1a: Tauros|par
|
|turn|2
|
|switch|p1a: Jynx|Jynx, L79|265\/265
|move|p2a: Chansey|Thunderbolt|p1a: Jynx
|-damage|p1a: Jynx|207\/265
|
|turn|3
|
|move|p1a: Jynx|Lovely Kiss|p2a: Chansey
|-status|p2a: Chansey|slp
|cant|p2a: Chansey|slp
|
|turn|4
|
|move|p1a: Jynx|Psychic|p2a: Chansey
|-damage|p2a: Chansey|425\/557 slp
|-unboost|p2a: Chansey|spd|1
|-unboost|p2a: Chansey|spa|1
|cant|p2a: Chansey|slp
|
|turn|5
|
|move|p1a: Jynx|Blizzard|p2a: Chansey
|-damage|p2a: Chansey|265\/557 slp
|cant|p2a: Chansey|slp
|
|turn|6
|
|switch|p1a: Moltres|Moltres, L85|327\/327
|cant|p2a: Chansey|slp
|-curestatus|p2a: Chansey|slp
|
|turn|7
|
|move|p1a: Moltres|Fire Blast|p2a: Chansey
|-damage|p2a: Chansey|44\/557
|-status|p2a: Chansey|brn
|move|p2a: Chansey|Soft-Boiled|p2a: Chansey
|-heal|p2a: Chansey|322\/557 brn
|-damage|p2a: Chansey|288\/557 brn|[from] brn
|
|turn|8
|
|move|p1a: Moltres|Fire Blast|p2a: Chansey
|-damage|p2a: Chansey|70\/557 brn
|move|p2a: Chansey|Soft-Boiled|p2a: Chansey
|-heal|p2a: Chansey|348\/557 brn
|-damage|p2a: Chansey|314\/557 brn|[from] brn
|
|turn|9
|
|move|p1a: Moltres|Fire Blast|p2a: Chansey
|-damage|p2a: Chansey|105\/557 brn
|move|p2a: Chansey|Thunder Wave|p1a: Moltres
|-status|p1a: Moltres|par
|-damage|p2a: Chansey|71\/557 brn|[from] brn|[of] p1a: Moltres
|
|turn|10
|
|move|p2a: Chansey|Soft-Boiled|p2a: Chansey
|-heal|p2a: Chansey|349\/557 brn
|-damage|p2a: Chansey|315\/557 brn|[from] brn
|move|p1a: Moltres|Fire Blast|p2a: Chansey
|-damage|p2a: Chansey|82\/557 brn
|
|turn|11
|
|move|p2a: Chansey|Soft-Boiled|p2a: Chansey
|-heal|p2a: Chansey|360\/557 brn
|-damage|p2a: Chansey|326\/557 brn|[from] brn
|move|p1a: Moltres|Fire Blast|p2a: Chansey
|-damage|p2a: Chansey|85\/557 brn
|
|turn|12
|
|switch|p1a: Jynx|Jynx, L79|207\/265
|move|p2a: Chansey|Soft-Boiled|p2a: Chansey
|-heal|p2a: Chansey|363\/557 brn
|-damage|p2a: Chansey|329\/557 brn|[from] brn
|
|turn|13
|
|move|p1a: Jynx|Blizzard|p2a: Chansey
|-damage|p2a: Chansey|175\/557 brn
|move|p2a: Chansey|Thunder Wave|p1a: Jynx
|-status|p1a: Jynx|par
|-damage|p2a: Chansey|141\/557 brn|[from] brn|[of] p1a: Jynx
|
|turn|14
|c|★yaldyyyy|i hate this chansey so fucking much
|
|move|p2a: Chansey|Soft-Boiled|p2a: Chansey
|-heal|p2a: Chansey|419\/557 brn
|-damage|p2a: Chansey|385\/557 brn|[from] brn
|move|p1a: Jynx|Blizzard|p2a: Chansey
|-damage|p2a: Chansey|216\/557 brn
|
|turn|15
|
|move|p2a: Chansey|Soft-Boiled|p2a: Chansey
|-heal|p2a: Chansey|494\/557 brn
|-damage|p2a: Chansey|460\/557 brn|[from] brn
|move|p1a: Jynx|Blizzard|p2a: Chansey|[miss]
|-miss|p1a: Jynx
|
|turn|16
|
|switch|p1a: Koffing|Koffing, L96|272\/272
|move|p2a: Chansey|Thunderbolt|p1a: Koffing
|-damage|p1a: Koffing|228\/272
|-damage|p2a: Chansey|426\/557 brn|[from] brn|[of] p1a: Koffing
|
|turn|17
|
|move|p1a: Koffing|Fire Blast|p2a: Chansey|[miss]
|-miss|p1a: Koffing
|move|p2a: Chansey|Thunder Wave|p1a: Koffing
|-status|p1a: Koffing|par
|-damage|p2a: Chansey|392\/557 brn|[from] brn|[of] p1a: Koffing
|
|turn|18
|c|★1timeplayerperson|hey man i'm trying to survive just like you are
|c|★1timeplayerperson|:P :)
|
|move|p2a: Chansey|Thunderbolt|p1a: Koffing
|-damage|p1a: Koffing|184\/272 par
|-damage|p2a: Chansey|358\/557 brn|[from] brn|[of] p1a: Koffing
|move|p1a: Koffing|Fire Blast|p2a: Chansey
|-damage|p2a: Chansey|233\/557 brn
|
|turn|19
|
|move|p2a: Chansey|Soft-Boiled|p2a: Chansey
|-heal|p2a: Chansey|511\/557 brn
|-damage|p2a: Chansey|477\/557 brn|[from] brn
|move|p1a: Koffing|Sludge|p2a: Chansey
|-damage|p2a: Chansey|289\/557 brn
|
|turn|20
|
|move|p2a: Chansey|Soft-Boiled|p2a: Chansey
|-heal|p2a: Chansey|557\/557 brn
|-damage|p2a: Chansey|523\/557 brn|[from] brn
|cant|p1a: Koffing|par
|
|turn|21
|
|move|p2a: Chansey|Reflect|p2a: Chansey
|-start|p2a: Chansey|Reflect
|-damage|p2a: Chansey|489\/557 brn|[from] brn
|move|p1a: Koffing|Sludge|p2a: Chansey
|-damage|p2a: Chansey|393\/557 brn
|
|turn|22
|
|move|p2a: Chansey|Thunderbolt|p1a: Koffing
|-damage|p1a: Koffing|135\/272 par
|-damage|p2a: Chansey|359\/557 brn|[from] brn|[of] p1a: Koffing
|cant|p1a: Koffing|par
|
|turn|23
|
|move|p2a: Chansey|Thunderbolt|p1a: Koffing
|-damage|p1a: Koffing|91\/272 par
|-damage|p2a: Chansey|325\/557 brn|[from] brn|[of] p1a: Koffing
|cant|p1a: Koffing|par
|
|turn|24
|
|move|p2a: Chansey|Thunderbolt|p1a: Koffing
|-damage|p1a: Koffing|45\/272 par
|-damage|p2a: Chansey|291\/557 brn|[from] brn|[of] p1a: Koffing
|cant|p1a: Koffing|par
|
|turn|25
|c|★yaldyyyy|ffs
|
|move|p2a: Chansey|Thunderbolt|p1a: Koffing
|-damage|p1a: Koffing|3\/272 par
|-damage|p2a: Chansey|257\/557 brn|[from] brn|[of] p1a: Koffing
|move|p1a: Koffing|Explosion|p2a: Chansey
|-damage|p2a: Chansey|0 fnt
|faint|p2a: Chansey
|faint|p1a: Koffing
|c|★yaldyyyy|YEEEEEEEEEESSSSSSSSSSSSSSSSSSSSSSSSSSSSSSSSSS
|c|★1timeplayerperson|hahahaha
|
|switch|p1a: Moltres|Moltres, L85|327\/327 par
|switch|p2a: Magneton|Magneton, L85|259\/259
|turn|26
|
|switch|p1a: Tauros|Tauros, L79|280\/280 par
|move|p2a: Magneton|Thunderbolt|p1a: Tauros
|-damage|p1a: Tauros|140\/280 par
|
|turn|27
|
|move|p2a: Magneton|Thunderbolt|p1a: Tauros
|-damage|p1a: Tauros|0 fnt
|faint|p1a: Tauros
|
|switch|p1a: Jynx|Jynx, L79|207\/265 par
|turn|28
|
|move|p2a: Magneton|Double-Edge|p1a: Jynx
|-damage|p1a: Jynx|109\/265 par
|-damage|p2a: Magneton|235\/259|[from] recoil|[of] p1a: Jynx
|cant|p1a: Jynx|par
|
|turn|29
|
|move|p2a: Magneton|Thunderbolt|p1a: Jynx
|-damage|p1a: Jynx|0 fnt
|faint|p1a: Jynx
|
|switch|p1a: Nidoran-M|Nidoran-M, L96|283\/283
|turn|30
|
|move|p2a: Magneton|Thunder Wave|p1a: Nidoran-M
|-status|p1a: Nidoran-M|par
|move|p1a: Nidoran-M|Double-Edge|p2a: Magneton|[miss]
|-miss|p1a: Nidoran-M
|
|turn|31
|
|move|p2a: Magneton|Thunderbolt|p1a: Nidoran-M
|-damage|p1a: Nidoran-M|115\/283 par
|move|p1a: Nidoran-M|Double-Edge|p2a: Magneton
|-damage|p2a: Magneton|171\/259
|-damage|p1a: Nidoran-M|99\/283 par|[from] recoil|[of] p2a: Magneton
|
|turn|32
|
|move|p2a: Magneton|Thunderbolt|p1a: Nidoran-M
|-damage|p1a: Nidoran-M|0 fnt
|faint|p1a: Nidoran-M
|
|switch|p1a: Moltres|Moltres, L85|327\/327 par
|turn|33
|
|move|p2a: Magneton|Thunderbolt|p1a: Moltres
|-supereffective|p1a: Moltres
|-damage|p1a: Moltres|123\/327 par
|move|p1a: Moltres|Fire Blast|p2a: Magneton|[miss]
|-miss|p1a: Moltres
|
|turn|34
|
|move|p2a: Magneton|Thunderbolt|p1a: Moltres
|-supereffective|p1a: Moltres
|-damage|p1a: Moltres|0 fnt
|faint|p1a: Moltres
|
|switch|p1a: Seaking|Seaking, L85|310\/310
|turn|35
|
|move|p2a: Magneton|Thunder Wave|p1a: Seaking
|-status|p1a: Seaking|par
|move|p1a: Seaking|Hyper Beam|p2a: Magneton
|-damage|p2a: Magneton|66\/259
|
|turn|36
|-mustrecharge|p1a: Seaking
|c|★yaldyyyy|i don't even care, i got what i came for
|-mustrecharge|p1a: Seaking
|
|move|p2a: Magneton|Thunderbolt|p1a: Seaking
|-supereffective|p1a: Seaking
|-damage|p1a: Seaking|53\/310 par
|cant|p1a: Seaking|recharge
|
|turn|37
|-message|yaldyyyy forfeited.
|
|win|1timeplayerperson
|raw|Ladder updating...
|leave|yaldyyyy
|player|p1
|raw|yaldyyyy's rating: 1246 &rarr; <strong>1209<\/strong><br \/>(-37 for losing)
|raw|1timeplayerperson's rating: 1064 &rarr; <strong>1109<\/strong><br \/>(+45 for winning)
|c|★1timeplayerperson|hahaha, chansey ftw