|join|Showdownnn
|join|Feena
|player|p1|Showdownnn|266
|player|p2|Feena|169
|gametype|singles
|gen|1
|tier|[Gen 1] Random Battle
|rated
|rule|Sleep Clause Mod: Limit one foe put to sleep
|rule|Freeze Clause Mod: Limit one foe frozen
|rule|HP Percentage Mod: HP is shown in percentages
|
|start
|switch|p1a: Caterpie|Caterpie, L99|290\/290
|switch|p2a: Scyther|Scyther, L90|309\/309
|turn|1
|
|move|p2a: Scyther|Slash|p1a: Caterpie
|-crit|p1a: Caterpie
|-damage|p1a: Caterpie|136\/290
|move|p1a: Caterpie|String Shot|p2a: Scyther
|-unboost|p2a: Scyther|spe|1
|
|turn|2
|
|move|p1a: Caterpie|String Shot|p2a: Scyther
|-unboost|p2a: Scyther|spe|1
|move|p2a: Scyther|Slash|p1a: Caterpie
|-crit|p1a: Caterpie
|-damage|p1a: Caterpie|0 fnt
|faint|p1a: Caterpie
|
|switch|p1a: Articuno|Articuno, L79|304\/304
|turn|3
|
|switch|p2a: Cloyster|Cloyster, L83|253\/253
|move|p1a: Articuno|Ice Beam|p2a: Cloyster
|-resisted|p2a: Cloyster
|-damage|p2a: Cloyster|226\/253
|
|turn|4
|
|move|p1a: Articuno|Ice Beam|p2a: Cloyster
|-resisted|p2a: Cloyster
|-damage|p2a: Cloyster|200\/253
|move|p2a: Cloyster|Surf|p1a: Articuno
|-crit|p1a: Articuno
|-damage|p1a: Articuno|150\/304
|
|turn|5
|
|move|p1a: Articuno|Ice Beam|p2a: Cloyster
|-resisted|p2a: Cloyster
|-damage|p2a: Cloyster|175\/253
|move|p2a: Cloyster|Surf|p1a: Articuno
|-damage|p1a: Articuno|74\/304
|
|turn|6
|
|move|p1a: Articuno|Ice Beam|p2a: Cloyster
|-resisted|p2a: Cloyster
|-damage|p2a: Cloyster|150\/253
|move|p2a: Cloyster|Surf|p1a: Articuno
|-damage|p1a: Articuno|1\/304
|
|turn|7
|
|move|p1a: Articuno|Blizzard|p2a: Cloyster
|-resisted|p2a: Cloyster
|-damage|p2a: Cloyster|117\/253
|move|p2a: Cloyster|Surf|p1a: Articuno
|-damage|p1a: Articuno|0 fnt
|faint|p1a: Articuno
|
|switch|p1a: Arbok|Arbok, L90|291\/291
|turn|8
|
|move|p1a: Arbok|Body Slam|p2a: Cloyster
|-damage|p2a: Cloyster|77\/253
|move|p2a: Cloyster|Explosion|p1a: Arbok
|-damage|p1a: Arbok|50\/291
|faint|p2a: Cloyster
|
|switch|p2a: Scyther|Scyther, L90|309\/309
|turn|9
|
|move|p2a: Scyther|Slash|p1a: Arbok
|-crit|p1a: Arbok
|-damage|p1a: Arbok|0 fnt
|faint|p1a: Arbok
|
|switch|p1a: Onix|Onix, L90|246\/246
|turn|10
|
|switch|p2a: Weedle|Weedle, L99|280\/280
|move|p1a: Onix|Rock Slide|p2a: Weedle|[miss]
|-miss|p1a: Onix
|
|turn|11
|
|move|p1a: Onix|Earthquake|p2a: Weedle
|-damage|p2a: Weedle|164\/280
|move|p2a: Weedle|Poison Sting|p1a: Onix
|-resisted|p1a: Onix
|-damage|p1a: Onix|245\/246
|
|turn|12
|
|move|p1a: Onix|Rock Slide|p2a: Weedle
|-supereffective|p2a: Weedle
|-damage|p2a: Weedle|0 fnt
|faint|p2a: Weedle
|
|switch|p2a: Hitmonlee|Hitmonlee, L90|273\/273
|turn|13
|
|move|p2a: Hitmonlee|Substitute|p2a: Hitmonlee
|-start|p2a: Hitmonlee|Substitute
|-damage|p2a: Hitmonlee|205\/273
|move|p1a: Onix|Earthquake|p2a: Hitmonlee
|-end|p2a: Hitmonlee|Substitute
|
|turn|14
|
|move|p2a: Hitmonlee|Mimic|p1a: Onix
|-start|p2a: Hitmonlee|Mimic|Earthquake
|move|p1a: Onix|Earthquake|p2a: Hitmonlee
|-damage|p2a: Hitmonlee|111\/273
|
|turn|15
|
|move|p2a: Hitmonlee|Earthquake|p1a: Onix
|-supereffective|p1a: Onix
|-damage|p1a: Onix|123\/246
|move|p1a: Onix|Earthquake|p2a: Hitmonlee
|-damage|p2a: Hitmonlee|18\/273
|
|turn|16
|
|move|p2a: Hitmonlee|Earthquake|p1a: Onix
|-supereffective|p1a: Onix
|-damage|p1a: Onix|4\/246
|move|p1a: Onix|Earthquake|p2a: Hitmonlee
|-damage|p2a: Hitmonlee|0 fnt
|faint|p2a: Hitmonlee
|
|switch|p2a: Scyther|Scyther, L90|309\/309
|turn|17
|
|move|p2a: Scyther|Hyper Beam|p1a: Onix
|-resisted|p1a: Onix
|-damage|p1a: Onix|0 fnt
|faint|p1a: Onix
|
|switch|p1a: Mew|Mew, L74|300\/300
|turn|18
|
|move|p2a: Scyther|Slash|p1a: Mew
|-crit|p1a: Mew
|-damage|p1a: Mew|165\/300
|move|p1a: Mew|Thunder Wave|p2a: Scyther
|-status|p2a: Scyther|par
|
|turn|19
|
|move|p1a: Mew|Soft-Boiled|p1a: Mew
|-heal|p1a: Mew|300\/300
|move|p2a: Scyther|Slash|p1a: Mew
|-crit|p1a: Mew
|-damage|p1a: Mew|179\/300
|
|turn|20
|
|switch|p2a: Jolteon|Jolteon, L79|265\/265
|move|p1a: Mew|Soft-Boiled|p1a: Mew
|-heal|p1a: Mew|300\/300
|
|turn|21
|
|move|p2a: Jolteon|Thunder Wave|p1a: Mew
|-status|p1a: Mew|par
|move|p1a: Mew|Thunder Wave|p2a: Jolteon
|-status|p2a: Jolteon|par
|
|turn|22
|
|switch|p2a: Scyther|Scyther, L90|309\/309 par
|switch|p1a: Muk|Muk, L90|372\/372
|
|turn|23
|
|move|p1a: Muk|Body Slam|p2a: Scyther
|-damage|p2a: Scyther|236\/309 par
|move|p2a: Scyther|Agility|p2a: Scyther
|-boost|p2a: Scyther|spe|2
|
|turn|24
|
|cant|p2a: Scyther|par
|move|p1a: Muk|Body Slam|p2a: Scyther
|-damage|p2a: Scyther|167\/309 par
|
|turn|25
|
|move|p2a: Scyther|Swords Dance|p2a: Scyther
|-boost|p2a: Scyther|atk|2
|move|p1a: Muk|Body Slam|p2a: Scyther
|-damage|p2a: Scyther|101\/309 par
|
|turn|26
|
|move|p2a: Scyther|Swords Dance|p2a: Scyther
|-boost|p2a: Scyther|atk|2
|move|p1a: Muk|Body Slam|p2a: Scyther
|-damage|p2a: Scyther|33\/309 par
|
|turn|27
|
|move|p2a: Scyther|Hyper Beam|p1a: Muk
|-damage|p1a: Muk|0 fnt
|faint|p1a: Muk
|
|switch|p1a: Mew|Mew, L74|300\/300 par
|turn|28
|
|move|p2a: Scyther|Hyper Beam|p1a: Mew
|-damage|p1a: Mew|0 fnt
|faint|p1a: Mew
|
|win|Feena
|raw|Ladder updating...
|c|★Feena|gg
|c|★Showdownnn|gg
|raw|Showdownnn's rating: 1202 &rarr; <strong>1186<\/strong><br \/>(-16 for losing)
|raw|Feena's rating: 1333 &rarr; <strong>1345<\/strong><br \/>(+12 for winning)
|leave|Showdownnn
|player|p1