|j|Kel9901
|j|kid gf lol
|player|p1|Kel9901|265
|player|p2|kid gf lol|2
|gametype|singles
|gen|1
|tier|[Gen 1] OU
|rated
|seed|26417,63755,8477,27898
|rule|Sleep Clause Mod: Limit one foe put to sleep
|rule|Freeze Clause Mod: Limit one foe frozen
|rule|Species Clause: Limit one of each Pokémon
|rule|OHKO Clause: OHKO moves are banned
|rule|Evasion Moves Clause: Evasion moves are banned
|rule|HP Percentage Mod: HP is shown in percentages
|
|start
|switch|p1a: Starmie|Starmie|323\/323
|switch|p2a: Gengar|Gengar|323\/323
|turn|1
|c|★Kel9901|oh look
|c|★Kel9901|the scrub
|choice|move 1|move 2
|
|move|p1a: Starmie|Psychic|p2a: Gengar
|-crit|p2a: Gengar
|-supereffective|p2a: Gengar
|-damage|p2a: Gengar|0 fnt
|faint|p2a: Gengar
|choice||switch 2
|
|switch|p2a: Alakazam|Alakazam|313\/313
|turn|2
|c|★Kel9901|dayum
|choice|switch 3|switch 4
|
|switch|p2a: Victreebel|Victreebel|363\/363
|switch|p1a: Exeggutor|Exeggutor|393\/393
|
|turn|3
|choice|move 2|move 3
|
|move|p2a: Victreebel|Sleep Powder|p1a: Exeggutor
|-status|p1a: Exeggutor|slp
|cant|p1a: Exeggutor|slp
|
|turn|4
|choice|switch 2|move 4
|
|switch|p1a: Chansey|Chansey|703\/703
|move|p2a: Victreebel|Razor Leaf|p1a: Chansey
|-crit|p1a: Chansey
|-damage|p1a: Chansey|582\/703
|
|turn|5
|choice|move 4|move 1
|
|move|p2a: Victreebel|Wrap|p1a: Chansey
|-crit|p1a: Chansey
|-damage|p1a: Chansey|520\/703
|-activate|p1a: Chansey|move: Wrap|[of] p2a: Victreebel
|cant|p1a: Chansey|partiallytrapped
|
|turn|6
|choice|switch 3|move 1
|
|switch|p1a: Starmie|Starmie|323\/323
|move|p2a: Victreebel|Wrap|p1a: Starmie
|-damage|p1a: Starmie|308\/323
|-activate|p1a: Starmie|move: Wrap|[of] p2a: Victreebel
|
|turn|7
|choice|move 1|move 1
|
|cant|p1a: Starmie|partiallytrapped
|move|p2a: Victreebel|Wrap|p1a: Starmie
|-damage|p1a: Starmie|293\/323
|
|-end|p1a: Starmie|Wrap|[partiallytrapped]
|turn|8
|choice|move 1|switch 3
|
|switch|p2a: Chansey|Chansey|703\/703
|move|p1a: Starmie|Psychic|p2a: Chansey
|-damage|p2a: Chansey|601\/703
|
|turn|9
|choice|switch 3|move 1
|
|switch|p1a: Chansey|Chansey|520\/703
|move|p2a: Chansey|Ice Beam|p1a: Chansey
|-damage|p1a: Chansey|444\/703
|
|turn|10
|choice|move 2|move 1
|
|move|p2a: Chansey|Ice Beam|p1a: Chansey
|-damage|p1a: Chansey|363\/703
|move|p1a: Chansey|Ice Beam|p2a: Chansey
|-damage|p2a: Chansey|522\/703
|
|turn|11
|choice|move 1|switch 5
|
|switch|p2a: Cloyster|Cloyster|303\/303
|move|p1a: Chansey|Soft-Boiled|p1a: Chansey
|-heal|p1a: Chansey|703\/703
|
|turn|12
|choice|move 3|move 3
|
|move|p2a: Cloyster|Clamp|p1a: Chansey|[miss]
|-miss|p2a: Cloyster
|move|p1a: Chansey|Thunderbolt|p2a: Cloyster
|-supereffective|p2a: Cloyster
|-damage|p2a: Cloyster|127\/303
|
|turn|13
|choice|switch 2|move 3
|
|switch|p1a: Exeggutor|Exeggutor|393\/393 slp
|move|p2a: Cloyster|Clamp|p1a: Exeggutor
|-resisted|p1a: Exeggutor
|-damage|p1a: Exeggutor|378\/393 slp
|-activate|p1a: Exeggutor|move: Clamp|[of] p2a: Cloyster
|
|turn|14
|choice|switch 3|move 3
|
|switch|p1a: Starmie|Starmie|293\/323
|move|p2a: Cloyster|Clamp|p1a: Starmie
|-resisted|p1a: Starmie
|-damage|p1a: Starmie|273\/323
|-activate|p1a: Starmie|move: Clamp|[of] p2a: Cloyster
|
|turn|15
|choice|move 1|move 3
|
|cant|p1a: Starmie|partiallytrapped
|move|p2a: Cloyster|Clamp|p1a: Starmie
|-damage|p1a: Starmie|253\/323
|
|turn|16
|choice|move 2|switch 3
|
|switch|p2a: Victreebel|Victreebel|363\/363
|cant|p1a: Starmie|partiallytrapped
|
|-end|p1a: Starmie|Clamp|[partiallytrapped]
|turn|17
|choice|move 1|switch 5
|
|switch|p2a: Chansey|Chansey|522\/703
|move|p1a: Starmie|Psychic|p2a: Chansey
|-crit|p2a: Chansey
|-damage|p2a: Chansey|319\/703
|
|turn|18
|choice|move 2|move 3
|
|move|p1a: Starmie|Recover|p1a: Starmie
|-heal|p1a: Starmie|323\/323
|move|p2a: Chansey|Soft-Boiled|p2a: Chansey
|-heal|p2a: Chansey|670\/703
|
|turn|19
|choice|switch 2|move 1
|
|switch|p1a: Chansey|Chansey|703\/703
|move|p2a: Chansey|Ice Beam|p1a: Chansey
|-damage|p1a: Chansey|626\/703
|
|turn|20
|choice|move 2|move 1
|
|move|p1a: Chansey|Ice Beam|p2a: Chansey
|-damage|p2a: Chansey|593\/703
|move|p2a: Chansey|Ice Beam|p1a: Chansey
|-damage|p1a: Chansey|548\/703
|-status|p1a: Chansey|frz
|
|turn|21
|choice|move 2|move 1
|
|cant|p1a: Chansey|frz
|move|p2a: Chansey|Ice Beam|p1a: Chansey
|-damage|p1a: Chansey|479\/703 frz
|
|turn|22
|choice|move 2|move 1
|
|cant|p1a: Chansey|frz
|move|p2a: Chansey|Ice Beam|p1a: Chansey
|-damage|p1a: Chansey|409\/703 frz
|
|turn|23
|choice|move 2|move 2
|
|cant|p1a: Chansey|frz
|move|p2a: Chansey|Thunderbolt|p1a: Chansey
|-damage|p1a: Chansey|332\/703 frz
|
|turn|24
|choice|move 2|move 1
|
|cant|p1a: Chansey|frz
|move|p2a: Chansey|Ice Beam|p1a: Chansey
|-damage|p1a: Chansey|257\/703 frz
|
|turn|25
|choice|move 2|move 2
|
|cant|p1a: Chansey|frz
|move|p2a: Chansey|Thunderbolt|p1a: Chansey
|-damage|p1a: Chansey|180\/703 frz
|
|turn|26
|choice|move 2|move 2
|
|cant|p1a: Chansey|frz
|move|p2a: Chansey|Thunderbolt|p1a: Chansey
|-damage|p1a: Chansey|109\/703 frz
|
|turn|27
|choice|move 2|move 2
|
|move|p2a: Chansey|Thunderbolt|p1a: Chansey
|-damage|p1a: Chansey|32\/703 frz
|cant|p1a: Chansey|frz
|
|turn|28
|choice|move 2|move 2
|
|move|p2a: Chansey|Thunderbolt|p1a: Chansey
|-damage|p1a: Chansey|0 fnt
|faint|p1a: Chansey
|choice|switch 6|
|
|switch|p1a: Snorlax|Snorlax|523\/523
|turn|29
|choice|move 1|move 4
|
|move|p2a: Chansey|Thunder Wave|p1a: Snorlax
|-status|p1a: Snorlax|par
|cant|p1a: Snorlax|par
|
|turn|30
|choice|move 1|move 2
|
|move|p2a: Chansey|Thunderbolt|p1a: Snorlax
|-damage|p1a: Snorlax|415\/523 par
|move|p1a: Snorlax|Body Slam|p2a: Chansey
|-damage|p2a: Chansey|325\/703
|
|turn|31
|choice|move 3|move 3
|
|move|p2a: Chansey|Soft-Boiled|p2a: Chansey
|-heal|p2a: Chansey|676\/703
|move|p1a: Snorlax|Self-Destruct|p2a: Chansey
|-damage|p2a: Chansey|0 fnt
|faint|p2a: Chansey
|faint|p1a: Snorlax
|choice|switch 4|switch 4
|
|switch|p2a: Alakazam|Alakazam|313\/313
|switch|p1a: Tauros|Tauros|353\/353
|turn|32
|choice|move 1|move 4
|
|move|p2a: Alakazam|Thunder Wave|p1a: Tauros
|-status|p1a: Tauros|par
|move|p1a: Tauros|Body Slam|p2a: Alakazam
|-damage|p2a: Alakazam|157\/313
|
|turn|33
|choice|move 1|switch 3
|
|switch|p2a: Cloyster|Cloyster|127\/303
|move|p1a: Tauros|Body Slam|p2a: Cloyster
|-crit|p2a: Cloyster
|-damage|p2a: Cloyster|7\/303
|-status|p2a: Cloyster|par
|
|turn|34
|choice|move 1|move 4
|
|move|p1a: Tauros|Body Slam|p2a: Cloyster
|-damage|p2a: Cloyster|0 fnt
|faint|p2a: Cloyster
|choice||switch 5
|
|switch|p2a: Victreebel|Victreebel|363\/363
|turn|35
|choice|move 1|move 1
|
|move|p2a: Victreebel|Wrap|p1a: Tauros
|-damage|p1a: Tauros|339\/353 par
|-activate|p1a: Tauros|move: Wrap|[of] p2a: Victreebel
|cant|p1a: Tauros|partiallytrapped
|
|turn|36
|choice|switch 3|move 1
|
|switch|p1a: Exeggutor|Exeggutor|378\/393 slp
|move|p2a: Victreebel|Wrap|p1a: Exeggutor
|-damage|p1a: Exeggutor|363\/393 slp
|-activate|p1a: Exeggutor|move: Wrap|[of] p2a: Victreebel
|
|turn|37
|choice|move 2|switch 3
|
|switch|p2a: Alakazam|Alakazam|157\/313
|cant|p1a: Exeggutor|slp
|
|-end|p1a: Exeggutor|Wrap|[partiallytrapped]
|turn|38
|choice|move 2|move 1
|
|move|p2a: Alakazam|Psychic|p1a: Exeggutor
|-resisted|p1a: Exeggutor
|-damage|p1a: Exeggutor|304\/393 slp
|-unboost|p1a: Exeggutor|spd|1
|-unboost|p1a: Exeggutor|spa|1
|cant|p1a: Exeggutor|slp
|
|turn|39
|choice|move 2|move 1
|
|move|p2a: Alakazam|Psychic|p1a: Exeggutor
|-resisted|p1a: Exeggutor
|-damage|p1a: Exeggutor|219\/393 slp
|cant|p1a: Exeggutor|slp
|
|turn|40
|choice|move 2|move 1
|
|move|p2a: Alakazam|Psychic|p1a: Exeggutor
|-resisted|p1a: Exeggutor
|-damage|p1a: Exeggutor|133\/393 slp
|cant|p1a: Exeggutor|slp
|
|turn|41
|choice|switch 2|move 1
|
|switch|p1a: Starmie|Starmie|323\/323
|move|p2a: Alakazam|Psychic|p1a: Starmie
|-resisted|p1a: Starmie
|-damage|p1a: Starmie|254\/323
|
|turn|42
|choice|move 3|move 4
|
|move|p2a: Alakazam|Thunder Wave|p1a: Starmie
|-status|p1a: Starmie|par
|move|p1a: Starmie|Hydro Pump|p2a: Alakazam
|-damage|p2a: Alakazam|50\/313
|
|turn|43
|choice|move 1|move 3
|
|move|p2a: Alakazam|Recover|p2a: Alakazam
|-heal|p2a: Alakazam|206\/313
|move|p1a: Starmie|Psychic|p2a: Alakazam
|-resisted|p2a: Alakazam
|-damage|p2a: Alakazam|162\/313
|-unboost|p2a: Alakazam|spd|1
|-unboost|p2a: Alakazam|spa|1
|
|turn|44
|choice|move 2|move 3
|
|move|p2a: Alakazam|Recover|p2a: Alakazam
|-heal|p2a: Alakazam|313\/313
|move|p1a: Starmie|Recover|p1a: Starmie
|-heal|p1a: Starmie|323\/323 par
|
|turn|45
|choice|move 3|move 1
|
|move|p2a: Alakazam|Psychic|p1a: Starmie
|-resisted|p1a: Starmie
|-damage|p1a: Starmie|278\/323 par
|move|p1a: Starmie|Hydro Pump|p2a: Alakazam
|-damage|p2a: Alakazam|127\/313
|
|turn|46
|choice|move 1|move 3
|
|move|p2a: Alakazam|Recover|p2a: Alakazam
|-heal|p2a: Alakazam|283\/313
|cant|p1a: Starmie|par
|
|turn|47
|choice|move 1|move 1
|
|move|p2a: Alakazam|Psychic|p1a: Starmie
|-crit|p1a: Starmie
|-resisted|p1a: Starmie
|-damage|p1a: Starmie|144\/323 par
|move|p1a: Starmie|Psychic|p2a: Alakazam
|-resisted|p2a: Alakazam
|-damage|p2a: Alakazam|213\/313
|
|turn|48
|choice|move 2|move 3
|
|move|p2a: Alakazam|Recover|p2a: Alakazam
|-heal|p2a: Alakazam|313\/313
|move|p1a: Starmie|Recover|p1a: Starmie
|-heal|p1a: Starmie|305\/323 par
|
|turn|49
|choice|move 1|move 1
|
|move|p2a: Alakazam|Psychic|p1a: Starmie
|-resisted|p1a: Starmie
|-damage|p1a: Starmie|260\/323 par
|-unboost|p1a: Starmie|spd|1
|-unboost|p1a: Starmie|spa|1
|move|p1a: Starmie|Psychic|p2a: Alakazam
|-crit|p2a: Alakazam
|-resisted|p2a: Alakazam
|-damage|p2a: Alakazam|228\/313
|-unboost|p2a: Alakazam|spd|1
|-unboost|p2a: Alakazam|spa|1
|
|turn|50
|choice|switch 2|move 3
|
|switch|p1a: Exeggutor|Exeggutor|133\/393 slp
|move|p2a: Alakazam|Recover|p2a: Alakazam
|-heal|p2a: Alakazam|313\/313
|
|turn|51
|choice|move 2|switch 3
|
|switch|p2a: Victreebel|Victreebel|363\/363
|-curestatus|p1a: Exeggutor|slp
|
|turn|52
|choice|move 2|move 1
|
|move|p2a: Victreebel|Wrap|p1a: Exeggutor
|-damage|p1a: Exeggutor|120\/393
|-activate|p1a: Exeggutor|move: Wrap|[of] p2a: Victreebel
|cant|p1a: Exeggutor|partiallytrapped
|
|turn|53
|choice|move 2|move 1
|
|move|p2a: Victreebel|Wrap|p1a: Exeggutor
|-damage|p1a: Exeggutor|107\/393
|cant|p1a: Exeggutor|partiallytrapped
|
|turn|54
|choice|move 2|move 1
|
|move|p2a: Victreebel|Wrap|p1a: Exeggutor
|-damage|p1a: Exeggutor|94\/393
|cant|p1a: Exeggutor|partiallytrapped
|
|-end|p1a: Exeggutor|Wrap|[partiallytrapped]
|turn|55
|choice|move 2|move 1
|
|move|p2a: Victreebel|Wrap|p1a: Exeggutor
|-damage|p1a: Exeggutor|81\/393
|-activate|p1a: Exeggutor|move: Wrap|[of] p2a: Victreebel
|cant|p1a: Exeggutor|partiallytrapped
|
|turn|56
|choice|move 2|move 1
|
|move|p2a: Victreebel|Wrap|p1a: Exeggutor
|-damage|p1a: Exeggutor|68\/393
|cant|p1a: Exeggutor|partiallytrapped
|
|-end|p1a: Exeggutor|Wrap|[partiallytrapped]
|turn|57
|choice|move 2|move 1
|
|move|p2a: Victreebel|Wrap|p1a: Exeggutor|[miss]
|-miss|p2a: Victreebel
|move|p1a: Exeggutor|Sleep Powder|p2a: Victreebel
|-status|p2a: Victreebel|slp
|
|turn|58
|choice|move 1|switch 3
|
|switch|p2a: Alakazam|Alakazam|313\/313
|move|p1a: Exeggutor|Psychic|p2a: Alakazam
|-crit|p2a: Alakazam
|-resisted|p2a: Alakazam
|-damage|p2a: Alakazam|213\/313
|-unboost|p2a: Alakazam|spd|1
|-unboost|p2a: Alakazam|spa|1
|
|turn|59
|choice|move 4|switch 6
|
|switch|p2a: Golem|Golem|363\/363
|move|p1a: Exeggutor|Explosion|p2a: Golem
|-resisted|p2a: Golem
|-damage|p2a: Golem|262\/363
|faint|p1a: Exeggutor
|choice|switch 3|
|
|switch|p1a: Tauros|Tauros|339\/353 par
|turn|60
|choice|move 3|move 3
|
|move|p2a: Golem|Substitute|p2a: Golem
|-start|p2a: Golem|Substitute
|-damage|p2a: Golem|172\/363
|move|p1a: Tauros|Blizzard|p2a: Golem
|-supereffective|p2a: Golem
|-end|p2a: Golem|Substitute
|
|turn|61
|choice|move 3|move 3
|
|move|p2a: Golem|Substitute|p2a: Golem
|-start|p2a: Golem|Substitute
|-damage|p2a: Golem|82\/363
|move|p1a: Tauros|Blizzard|p2a: Golem
|-supereffective|p2a: Golem
|-end|p2a: Golem|Substitute
|
|turn|62
|c|★Kel9901|boom
|choice|move 4|move 4
|
|move|p2a: Golem|Explosion|p1a: Tauros
|-damage|p1a: Tauros|31\/353 par
|faint|p2a: Golem
|choice||switch 6
|
|switch|p2a: Alakazam|Alakazam|213\/313
|turn|63
|choice|move 1|move 1
|
|move|p2a: Alakazam|Psychic|p1a: Tauros
|-crit|p1a: Tauros
|-damage|p1a: Tauros|0 fnt
|faint|p1a: Tauros
|choice|switch 5|
|
|switch|p1a: Rhydon|Rhydon|413\/413
|turn|64
|choice|move 1|move 2
|
|move|p2a: Alakazam|Reflect|p2a: Alakazam
|-start|p2a: Alakazam|Reflect
|move|p1a: Rhydon|Earthquake|p2a: Alakazam
|-damage|p2a: Alakazam|93\/313
|
|turn|65
|choice|move 4|move 3
|
|move|p2a: Alakazam|Recover|p2a: Alakazam
|-heal|p2a: Alakazam|249\/313
|move|p1a: Rhydon|Body Slam|p2a: Alakazam
|-damage|p2a: Alakazam|187\/313
|-status|p2a: Alakazam|par
|
|turn|66
|choice|move 1|move 3
|
|move|p1a: Rhydon|Earthquake|p2a: Alakazam
|-damage|p2a: Alakazam|67\/313 par
|move|p2a: Alakazam|Recover|p2a: Alakazam
|-heal|p2a: Alakazam|223\/313 par
|
|turn|67
|choice|move 1|move 3
|
|move|p1a: Rhydon|Earthquake|p2a: Alakazam
|-damage|p2a: Alakazam|112\/313 par
|move|p2a: Alakazam|Recover|p2a: Alakazam
|-heal|p2a: Alakazam|268\/313 par
|
|turn|68
|choice|move 1|move 1
|
|move|p1a: Rhydon|Earthquake|p2a: Alakazam
|-crit|p2a: Alakazam
|-damage|p2a: Alakazam|0 fnt
|faint|p2a: Alakazam
|choice||switch 3
|
|switch|p2a: Victreebel|Victreebel|363\/363 slp
|turn|69
|choice|move 1|move 4
|
|cant|p2a: Victreebel|slp
|move|p1a: Rhydon|Earthquake|p2a: Victreebel
|-damage|p2a: Victreebel|186\/363 slp
|
|turn|70
|choice|move 1|move 4
|
|cant|p2a: Victreebel|slp
|move|p1a: Rhydon|Earthquake|p2a: Victreebel
|-damage|p2a: Victreebel|0 fnt
|faint|p2a: Victreebel
|
|win|Kel9901
|raw|Kel9901's rating: 1360 &rarr; <strong>1372<\/strong><br \/>(+12 for winning)
|raw|kid gf lol's rating: 1219 &rarr; <strong>1204<\/strong><br \/>(-15 for losing)
|c|★Kel9901|gg