|j|shinydiancieplz
|j|HitmonPeen
|player|p1|shinydiancieplz|29
|player|p2|HitmonPeen|218
|gametype|singles
|gen|1
|tier|[Gen 1] OU
|rated
|seed|52579,24058,62957,37808
|rule|Sleep Clause Mod: Limit one foe put to sleep
|rule|Freeze Clause Mod: Limit one foe frozen
|rule|Species Clause: Limit one of each Pokémon
|rule|OHKO Clause: OHKO moves are banned
|rule|Evasion Moves Clause: Evasion moves are banned
|rule|HP Percentage Mod: HP is shown in percentages
|
|start
|switch|p1a: Exeggutor|Exeggutor|393\/393
|switch|p2a: Starmie|Starmie|323\/323
|turn|1
|c|★shinydiancieplz|gl hf :)
|c|★HitmonPeen|u2
|c|★shinydiancieplz|thx
|choice|move 2|move 3
|
|move|p2a: Starmie|Thunder Wave|p1a: Exeggutor
|-status|p1a: Exeggutor|par
|move|p1a: Exeggutor|Sleep Powder|p2a: Starmie
|-status|p2a: Starmie|slp
|
|turn|2
|c|★HitmonPeen|np
|choice|move 1|switch 3
|
|switch|p2a: Chansey|Chansey|703\/703
|move|p1a: Exeggutor|Mega Drain|p2a: Chansey
|-damage|p2a: Chansey|648\/703
|
|turn|3
|choice|move 2|move 1
|
|move|p2a: Chansey|Ice Beam|p1a: Exeggutor
|-supereffective|p1a: Exeggutor
|-damage|p1a: Exeggutor|270\/393 par
|move|p1a: Exeggutor|Sleep Powder|p2a: Chansey
|-message|Sleep Clause Mod activated.
|
|turn|4
|choice|move 2|move 1
|
|move|p2a: Chansey|Ice Beam|p1a: Exeggutor
|-supereffective|p1a: Exeggutor
|-damage|p1a: Exeggutor|142\/393 par
|move|p1a: Exeggutor|Sleep Powder|p2a: Chansey|[miss]
|-miss|p1a: Exeggutor
|
|turn|5
|choice|move 2|move 1
|
|move|p2a: Chansey|Ice Beam|p1a: Exeggutor
|-supereffective|p1a: Exeggutor
|-damage|p1a: Exeggutor|2\/393 par
|move|p1a: Exeggutor|Sleep Powder|p2a: Chansey
|-message|Sleep Clause Mod activated.
|
|turn|6
|c|★HitmonPeen|u can only put one mon to sleep
|c|★HitmonPeen|on showdown
|choice|move 1|move 1
|
|move|p2a: Chansey|Ice Beam|p1a: Exeggutor
|-supereffective|p1a: Exeggutor
|-damage|p1a: Exeggutor|0 fnt
|faint|p1a: Exeggutor
|c|★shinydiancieplz|srry multitask
|choice|switch 5|
|
|switch|p1a: Slowbro|Slowbro|393\/393
|turn|7
|choice|move 1|move 3
|
|move|p2a: Chansey|Thunder Wave|p1a: Slowbro
|-status|p1a: Slowbro|par
|move|p1a: Slowbro|Amnesia|p1a: Slowbro
|-boost|p1a: Slowbro|spd|2
|-boost|p1a: Slowbro|spa|2
|
|turn|8
|c|★shinydiancieplz|first g. 1 ou fight
|choice|move 1|move 4
|
|move|p2a: Chansey|Thunderbolt|p1a: Slowbro
|-supereffective|p1a: Slowbro
|-damage|p1a: Slowbro|299\/393 par
|move|p1a: Slowbro|Amnesia|p1a: Slowbro
|-boost|p1a: Slowbro|spd|2
|-boost|p1a: Slowbro|spa|2
|
|turn|9
|choice|move 1|move 4
|
|move|p2a: Chansey|Thunderbolt|p1a: Slowbro
|-supereffective|p1a: Slowbro
|-damage|p1a: Slowbro|243\/393 par
|move|p1a: Slowbro|Amnesia|p1a: Slowbro
|-boost|p1a: Slowbro|spd|2
|-boost|p1a: Slowbro|spa|2
|
|turn|10
|choice|move 2|move 4
|
|move|p2a: Chansey|Thunderbolt|p1a: Slowbro
|-supereffective|p1a: Slowbro
|-damage|p1a: Slowbro|195\/393 par
|move|p1a: Slowbro|Thunder Wave|p2a: Chansey
|-status|p2a: Chansey|par
|
|turn|11
|c|★HitmonPeen|there are lots of chanseys
|c|★shinydiancieplz|lol
|c|★shinydiancieplz|i have 1 too
|c|★HitmonPeen|and al are this annoying
|c|★HitmonPeen|XD
|choice|move 4|move 4
|
|move|p2a: Chansey|Thunderbolt|p1a: Slowbro
|-supereffective|p1a: Slowbro
|-damage|p1a: Slowbro|151\/393 par
|move|p1a: Slowbro|Surf|p2a: Chansey
|-crit|p2a: Chansey
|-damage|p2a: Chansey|466\/703 par
|
|turn|12
|c|★shinydiancieplz|well im dead XD
|choice|move 4|move 4
|
|cant|p2a: Chansey|par
|cant|p1a: Slowbro|par
|
|turn|13
|c|★HitmonPeen|lol
|choice|move 4|move 4
|
|cant|p2a: Chansey|par
|move|p1a: Slowbro|Surf|p2a: Chansey
|-damage|p2a: Chansey|98\/703 par
|
|turn|14
|choice|move 4|move 4
|
|move|p2a: Chansey|Thunderbolt|p1a: Slowbro
|-crit|p1a: Slowbro
|-supereffective|p1a: Slowbro
|-damage|p1a: Slowbro|0 fnt
|faint|p1a: Slowbro
|c|★shinydiancieplz|:_(
|c|★HitmonPeen|wow that suck
|choice|switch 3|
|
|switch|p1a: Dragonite|Dragonite|385\/385
|turn|15
|c|★HitmonPeen|sucks**
|choice|move 2|move 1
|
|move|p1a: Dragonite|Wrap|p2a: Chansey
|-damage|p2a: Chansey|57\/703 par
|-activate|p2a: Chansey|move: Wrap|[of] p1a: Dragonite
|cant|p2a: Chansey|partiallytrapped
|
|turn|16
|c|★shinydiancieplz|yeah
|choice|move 2|move 1
|
|move|p1a: Dragonite|Wrap|p2a: Chansey
|-damage|p2a: Chansey|16\/703 par
|cant|p2a: Chansey|partiallytrapped
|
|turn|17
|choice|move 2|move 1
|
|move|p1a: Dragonite|Wrap|p2a: Chansey
|-damage|p2a: Chansey|0 fnt
|faint|p2a: Chansey
|choice||switch 3
|
|switch|p2a: Starmie|Starmie|323\/323 slp
|turn|18
|choice|move 1|move 1
|
|cant|p2a: Starmie|slp
|move|p1a: Dragonite|Agility|p1a: Dragonite
|-boost|p1a: Dragonite|spe|2
|
|turn|19
|choice|move 1|move 1
|
|move|p1a: Dragonite|Agility|p1a: Dragonite
|-boost|p1a: Dragonite|spe|2
|cant|p2a: Starmie|slp
|
|turn|20
|choice|move 1|move 1
|
|move|p1a: Dragonite|Agility|p1a: Dragonite
|-boost|p1a: Dragonite|spe|2
|cant|p2a: Starmie|slp
|
|turn|21
|choice|move 2|move 1
|
|move|p1a: Dragonite|Wrap|p2a: Starmie
|-crit|p2a: Starmie
|-damage|p2a: Starmie|289\/323 slp
|-activate|p2a: Starmie|move: Wrap|[of] p1a: Dragonite
|cant|p2a: Starmie|slp
|
|turn|22
|choice|move 2|move 1
|
|move|p1a: Dragonite|Wrap|p2a: Starmie
|-damage|p2a: Starmie|255\/323 slp
|cant|p2a: Starmie|slp
|
|turn|23
|choice|move 2|move 1
|
|move|p1a: Dragonite|Wrap|p2a: Starmie
|-damage|p2a: Starmie|221\/323 slp
|-curestatus|p2a: Starmie|slp
|
|turn|24
|choice|move 2|move 1
|
|move|p1a: Dragonite|Wrap|p2a: Starmie
|-damage|p2a: Starmie|187\/323
|cant|p2a: Starmie|partiallytrapped
|
|turn|25
|choice|move 2|move 1
|
|move|p1a: Dragonite|Wrap|p2a: Starmie
|-damage|p2a: Starmie|153\/323
|cant|p2a: Starmie|partiallytrapped
|
|-end|p2a: Starmie|Wrap|[partiallytrapped]
|turn|26
|choice|move 2|move 1
|
|move|p1a: Dragonite|Wrap|p2a: Starmie|[miss]
|-miss|p1a: Dragonite
|move|p2a: Starmie|Blizzard|p1a: Dragonite
|-supereffective|p1a: Dragonite
|-damage|p1a: Dragonite|22\/385
|
|turn|27
|choice|move 4|move 3
|
|move|p1a: Dragonite|Double-Edge|p2a: Starmie
|-damage|p2a: Starmie|40\/323
|-damage|p1a: Dragonite|0 fnt|[from] recoil|[of] p2a: Starmie
|faint|p1a: Dragonite
|choice|switch 2|
|
|switch|p1a: Weezing|Weezing|333\/333
|turn|28
|c|★shinydiancieplz|gg
|c|★shinydiancieplz|XD
|choice|move 3|move 4
|
|move|p2a: Starmie|Recover|p2a: Starmie
|-heal|p2a: Starmie|201\/323
|move|p1a: Weezing|Sludge|p2a: Starmie
|-damage|p2a: Starmie|116\/323
|
|turn|29
|choice|move 3|move 2
|
|move|p2a: Starmie|Thunderbolt|p1a: Weezing
|-crit|p1a: Weezing
|-damage|p1a: Weezing|172\/333
|-status|p1a: Weezing|par
|move|p1a: Weezing|Sludge|p2a: Starmie
|-damage|p2a: Starmie|35\/323
|
|turn|30
|choice|move 3|move 2
|
|move|p2a: Starmie|Thunderbolt|p1a: Weezing
|-damage|p1a: Weezing|94\/333 par
|cant|p1a: Weezing|par
|
|turn|31
|c|★HitmonPeen|wow that suck
|c|★shinydiancieplz|why pois.
|c|★shinydiancieplz|30% to pois
|choice|move 1|move 2
|
|move|p2a: Starmie|Thunderbolt|p1a: Weezing
|-damage|p1a: Weezing|13\/333 par
|move|p1a: Weezing|Explosion|p2a: Starmie
|-damage|p2a: Starmie|0 fnt
|faint|p2a: Starmie
|faint|p1a: Weezing
|c|★shinydiancieplz|worth
|c|★shinydiancieplz|it
|c|★HitmonPeen|this game dumb
|choice|switch 6|switch 6
|
|switch|p1a: Chansey|Chansey|703\/703
|switch|p2a: Rhydon|Rhydon|413\/413
|turn|32
|choice|move 1|move 4
|
|move|p1a: Chansey|Thunder Wave|p2a: Rhydon
|-immune|p2a: Rhydon|[msg]
|move|p2a: Rhydon|Substitute|p2a: Rhydon
|-start|p2a: Rhydon|Substitute
|-damage|p2a: Rhydon|310\/413
|
|turn|33
|c|★shinydiancieplz|i do vgc 16, tho idk if the mechamichs are differemt
|choice|move 4|move 1
|
|move|p1a: Chansey|Blizzard|p2a: Rhydon
|-crit|p2a: Rhydon
|-supereffective|p2a: Rhydon
|-end|p2a: Rhydon|Substitute
|move|p2a: Rhydon|Earthquake|p1a: Chansey
|-damage|p1a: Chansey|296\/703
|
|turn|34
|c|★HitmonPeen|a little
|choice|move 4|move 1
|
|move|p1a: Chansey|Blizzard|p2a: Rhydon
|-supereffective|p2a: Rhydon
|-damage|p2a: Rhydon|0 fnt
|faint|p2a: Rhydon
|c|★shinydiancieplz|i thought so
|c|★HitmonPeen|i do 6gen Ou
|choice||switch 2
|
|switch|p2a: Tauros|Tauros|353\/353
|turn|35
|c|★shinydiancieplz|i thought i should get good at this vecause of the remakes
|choice|move 4|move 1
|
|move|p2a: Tauros|Hyper Beam|p1a: Chansey
|-damage|p1a: Chansey|0 fnt
|faint|p1a: Chansey
|choice|switch 4|
|
|switch|p1a: Rhydon|Rhydon|413\/413
|turn|36
|choice|move 3|move 2
|
|move|p2a: Tauros|Blizzard|p1a: Rhydon
|-supereffective|p1a: Rhydon
|-damage|p1a: Rhydon|175\/413
|-status|p1a: Rhydon|frz
|cant|p1a: Rhydon|frz
|
|turn|37
|c|★shinydiancieplz|figures
|c|★HitmonPeen|what a way to end it
|c|★shinydiancieplz|ff
|c|★HitmonPeen|gg
|c|★shinydiancieplz|gg
|c|★shinydiancieplz|typo :P
|choice|move 3|move 2
|
|move|p2a: Tauros|Blizzard|p1a: Rhydon
|-supereffective|p1a: Rhydon
|-damage|p1a: Rhydon|0 fnt
|faint|p1a: Rhydon
|
|win|HitmonPeen
|player|p1
|player|p2
|raw|shinydiancieplz's rating: 1000 &rarr; <strong>1000<\/strong><br \/>(+0 for losing)
|raw|HitmonPeen's rating: 1000 &rarr; <strong>1040<\/strong><br \/>(+40 for winning)
|c|★shinydiancieplz|cya l8r
|c|★HitmonPeen|kk m80
|c|★shinydiancieplz|have a great day
|c|★HitmonPeen|u2 man
|c|★HitmonPeen|thanks
|c|★shinydiancieplz|thx ;)
|c|★HitmonPeen|np ;P
|c|★shinydiancieplz|;P