|join|shrop05
|join|KyleCole
|player|p1|shrop05|156
|player|p2|KyleCole|84
|gametype|singles
|gen|1
|tier|[Gen 1] Random Battle
|rule|Sleep Clause Mod: Limit one foe put to sleep
|rule|Freeze Clause Mod: Limit one foe frozen
|rule|HP Percentage Mod: HP is shown in percentages
|
|start
|switch|p1a: Moltres|Moltres, L86|330\/330
|switch|p2a: Moltres|Moltres, L86|330\/330
|turn|1
|c|★KyleCole|i want a mewtwo
|c|★KyleCole|just once
|c|★shrop05|lol
|
|switch|p1a: Blastoise|Blastoise, L86|311\/311
|move|p2a: Moltres|Agility|p2a: Moltres
|-boost|p2a: Moltres|spe|2
|
|turn|2
|
|move|p2a: Moltres|Hyper Beam|p1a: Blastoise
|-damage|p1a: Blastoise|213\/311
|move|p1a: Blastoise|Surf|p2a: Moltres
|-supereffective|p2a: Moltres
|-damage|p2a: Moltres|189\/330
|
|turn|3
|c|★KyleCole|wheres my crit
|c|★shrop05|damn that it that up
|
|cant|p2a: Moltres|recharge
|move|p1a: Blastoise|Surf|p2a: Moltres
|-supereffective|p2a: Moltres
|-damage|p2a: Moltres|28\/330
|
|turn|4
|
|move|p2a: Moltres|Hyper Beam|p1a: Blastoise
|-crit|p1a: Blastoise
|-damage|p1a: Blastoise|28\/311
|move|p1a: Blastoise|Body Slam|p2a: Moltres
|-damage|p2a: Moltres|0 fnt
|faint|p2a: Moltres
|c|★KyleCole|NOT ENUG
|
|switch|p2a: Jolteon|Jolteon, L86|287\/287
|turn|5
|
|move|p2a: Jolteon|Body Slam|p1a: Blastoise
|-crit|p1a: Blastoise
|-damage|p1a: Blastoise|0 fnt
|faint|p1a: Blastoise
|
|switch|p1a: Victreebel|Victreebel, L86|313\/313
|turn|6
|
|move|p2a: Jolteon|Body Slam|p1a: Victreebel
|-damage|p1a: Victreebel|252\/313
|move|p1a: Victreebel|Swords Dance|p1a: Victreebel
|-boost|p1a: Victreebel|atk|2
|
|turn|7
|
|move|p2a: Jolteon|Body Slam|p1a: Victreebel
|-damage|p1a: Victreebel|194\/313
|-status|p1a: Victreebel|par
|move|p1a: Victreebel|Swords Dance|p1a: Victreebel
|-boost|p1a: Victreebel|atk|2
|
|turn|8
|
|move|p2a: Jolteon|Sand Attack|p1a: Victreebel
|-unboost|p1a: Victreebel|accuracy|1
|move|p1a: Victreebel|Razor Leaf|p2a: Jolteon
|-crit|p2a: Jolteon
|-damage|p2a: Jolteon|182\/287
|
|turn|9
|
|move|p2a: Jolteon|Body Slam|p1a: Victreebel
|-damage|p1a: Victreebel|138\/313 par
|move|p1a: Victreebel|Sleep Powder|p2a: Jolteon
|-status|p2a: Jolteon|slp
|
|turn|10
|
|cant|p2a: Jolteon|slp
|-curestatus|p2a: Jolteon|slp
|move|p1a: Victreebel|Razor Leaf|p2a: Jolteon
|-crit|p2a: Jolteon
|-damage|p2a: Jolteon|82\/287
|
|turn|11
|
|move|p2a: Jolteon|Body Slam|p1a: Victreebel
|-damage|p1a: Victreebel|83\/313 par
|move|p1a: Victreebel|Razor Leaf|p2a: Jolteon
|-crit|p2a: Jolteon
|-damage|p2a: Jolteon|0 fnt
|faint|p2a: Jolteon
|c|★KyleCole|triple crit
|c|★KyleCole|damn rby
|
|switch|p2a: Nidoking|Nidoking, L86|315\/315
|turn|12
|c|★shrop05|!dt razor leaf
|c|~|\/data-move Razor Leaf
|raw|<font size="1"><font color=#585858>Priority:<\/font> 0&nbsp;|&ThickSpace;<font color=#585858><font color=black>&#10003; Blocked by Protect<\/font><\/font>&nbsp;|&ThickSpace;<font color=#585858>Target:<\/font> All Adjacent Opponents<\/font>
|
|move|p2a: Nidoking|Blizzard|p1a: Victreebel
|-supereffective|p1a: Victreebel
|-damage|p1a: Victreebel|0 fnt
|faint|p1a: Victreebel
|
|switch|p1a: Seadra|Seadra, L86|270\/270
|turn|13
|
|move|p2a: Nidoking|Thunderbolt|p1a: Seadra
|-crit|p1a: Seadra
|-supereffective|p1a: Seadra
|-damage|p1a: Seadra|57\/270
|move|p1a: Seadra|Surf|p2a: Nidoking
|-supereffective|p2a: Nidoking
|-damage|p2a: Nidoking|107\/315
|
|turn|14
|
|switch|p1a: Raichu|Raichu, L86|279\/279
|move|p2a: Nidoking|Thunderbolt|p1a: Raichu
|-resisted|p1a: Raichu
|-damage|p1a: Raichu|250\/279
|
|turn|15
|c|★shrop05|where's ma lightingrod
|c|★KyleCole|lol
|
|move|p1a: Raichu|Surf|p2a: Nidoking
|-crit|p2a: Nidoking
|-supereffective|p2a: Nidoking
|-damage|p2a: Nidoking|0 fnt
|faint|p2a: Nidoking
|c|★KyleCole|OK
|c|★KyleCole|I HAD EQ
|c|★shrop05|:]
|c|★KyleCole|COME ON RBY
|
|switch|p2a: Raichu|Raichu, L86|279\/279
|turn|16
|
|move|p2a: Raichu|Surf|p1a: Raichu
|-damage|p1a: Raichu|185\/279
|move|p1a: Raichu|Surf|p2a: Raichu
|-crit|p2a: Raichu
|-damage|p2a: Raichu|153\/279
|
|turn|17
|c|★shrop05|:]
|
|move|p2a: Raichu|Surf|p1a: Raichu
|-damage|p1a: Raichu|123\/279
|move|p1a: Raichu|Surf|p2a: Raichu
|-damage|p2a: Raichu|85\/279
|
|turn|18
|c|★KyleCole|akjfhjsdhff
|
|move|p1a: Raichu|Surf|p2a: Raichu
|-crit|p2a: Raichu
|-damage|p2a: Raichu|0 fnt
|faint|p2a: Raichu
|c|★KyleCole|oml
|c|★shrop05|:]
|
|switch|p2a: Scyther|Scyther, L86|296\/296
|turn|19
|
|move|p2a: Scyther|Agility|p2a: Scyther
|-boost|p2a: Scyther|spe|2
|move|p1a: Raichu|Thunder Wave|p2a: Scyther
|-status|p2a: Scyther|par
|
|turn|20
|c|★KyleCole|FUCK
|
|move|p1a: Raichu|Body Slam|p2a: Scyther
|-damage|p2a: Scyther|239\/296 par
|move|p2a: Scyther|Slash|p1a: Raichu
|-crit|p1a: Raichu
|-damage|p1a: Raichu|0 fnt
|faint|p1a: Raichu
|c|★shrop05|lol
|
|switch|p1a: Moltres|Moltres, L86|330\/330
|turn|21
|
|switch|p2a: Kingler|Kingler, L86|270\/270
|move|p1a: Moltres|Fire Blast|p2a: Kingler
|-resisted|p2a: Kingler
|-damage|p2a: Kingler|161\/270
|
|turn|22
|c|★shrop05|resisted?
|c|★KyleCole|:[
|
|move|p1a: Moltres|Hyper Beam|p2a: Kingler
|-damage|p2a: Kingler|72\/270
|move|p2a: Kingler|Surf|p1a: Moltres
|-supereffective|p1a: Moltres
|-damage|p1a: Moltres|220\/330
|
|turn|23
|c|★KyleCole|kingler
|c|★KyleCole|:[
|join|Jatayu09
|
|cant|p1a: Moltres|recharge
|move|p2a: Kingler|Body Slam|p1a: Moltres
|-damage|p1a: Moltres|139\/330
|
|turn|24
|
|move|p1a: Moltres|Fire Blast|p2a: Kingler
|-resisted|p2a: Kingler
|-damage|p2a: Kingler|0 fnt
|faint|p2a: Kingler
|
|switch|p2a: Scyther|Scyther, L86|239\/296 par
|turn|25
|c|★KyleCole|miss
|
|move|p1a: Moltres|Fire Blast|p2a: Scyther|[miss]
|-miss|p1a: Moltres
|move|p2a: Scyther|Slash|p1a: Moltres
|-crit|p1a: Moltres
|-damage|p1a: Moltres|40\/330
|
|turn|26
|c|★KyleCole|miss again
|
|move|p1a: Moltres|Fire Blast|p2a: Scyther
|-supereffective|p2a: Scyther
|-damage|p2a: Scyther|0 fnt
|faint|p2a: Scyther
|
|win|shrop05
|c|★KyleCole|bg got haxd
|c|★shrop05|:]]]]]]