|join|sciberbia
|join|slizzurp
|player|p1|sciberbia|52
|player|p2|slizzurp|265
|gametype|singles
|gen|1
|tier|[Gen 1] Random Battle
|rated
|rule|Sleep Clause Mod: Limit one foe put to sleep
|rule|Freeze Clause Mod: Limit one foe frozen
|rule|HP Percentage Mod: HP is shown in percentages
|
|start
|switch|p1a: Hitmonlee|Hitmonlee, L90|273\/273
|switch|p2a: Bellsprout|Bellsprout, L96|291\/291
|turn|1
|
|move|p1a: Hitmonlee|Seismic Toss|p2a: Bellsprout
|-damage|p2a: Bellsprout|201\/291
|move|p2a: Bellsprout|Stun Spore|p1a: Hitmonlee
|-status|p1a: Hitmonlee|par
|
|turn|2
|
|move|p2a: Bellsprout|Razor Leaf|p1a: Hitmonlee
|-crit|p1a: Hitmonlee
|-damage|p1a: Hitmonlee|94\/273 par
|cant|p1a: Hitmonlee|par
|
|turn|3
|
|move|p2a: Bellsprout|Razor Leaf|p1a: Hitmonlee
|-crit|p1a: Hitmonlee
|-damage|p1a: Hitmonlee|0 fnt
|faint|p1a: Hitmonlee
|
|switch|p1a: Kadabra|Kadabra, L85|242\/242
|turn|4
|
|move|p1a: Kadabra|Psychic|p2a: Bellsprout
|-supereffective|p2a: Bellsprout
|-damage|p2a: Bellsprout|0 fnt
|faint|p2a: Bellsprout
|
|switch|p2a: Alakazam|Alakazam, L79|249\/249
|turn|5
|
|move|p2a: Alakazam|Thunder Wave|p1a: Kadabra
|-status|p1a: Kadabra|par
|cant|p1a: Kadabra|par
|
|turn|6
|
|move|p2a: Alakazam|Seismic Toss|p1a: Kadabra
|-damage|p1a: Kadabra|163\/242 par
|move|p1a: Kadabra|Thunder Wave|p2a: Alakazam
|-status|p2a: Alakazam|par
|
|turn|7
|
|move|p2a: Alakazam|Seismic Toss|p1a: Kadabra
|-damage|p1a: Kadabra|84\/242 par
|move|p1a: Kadabra|Recover|p1a: Kadabra
|-heal|p1a: Kadabra|205\/242 par
|
|turn|8
|
|switch|p1a: Pidgeotto|Pidgeotto, L90|297\/297
|move|p2a: Alakazam|Psychic|p1a: Pidgeotto
|-damage|p1a: Pidgeotto|158\/297
|-unboost|p1a: Pidgeotto|spd|1
|-unboost|p1a: Pidgeotto|spa|1
|
|turn|9
|
|move|p1a: Pidgeotto|Double-Edge|p2a: Alakazam
|-damage|p2a: Alakazam|109\/249 par
|-damage|p1a: Pidgeotto|123\/297|[from] recoil|[of] p2a: Alakazam
|cant|p2a: Alakazam|par
|
|turn|10
|
|switch|p2a: Zapdos|Zapdos, L79|304\/304
|move|p1a: Pidgeotto|Double-Edge|p2a: Zapdos
|-damage|p2a: Zapdos|210\/304
|-damage|p1a: Pidgeotto|100\/297|[from] recoil|[of] p2a: Zapdos
|
|turn|11
|
|switch|p1a: Electrode|Electrode, L90|291\/291
|move|p2a: Zapdos|Thunderbolt|p1a: Electrode
|-resisted|p1a: Electrode
|-damage|p1a: Electrode|237\/291
|
|turn|12
|
|move|p1a: Electrode|Thunder Wave|p2a: Zapdos
|-status|p2a: Zapdos|par
|move|p2a: Zapdos|Thunder Wave|p1a: Electrode
|-status|p1a: Electrode|par
|
|turn|13
|
|move|p1a: Electrode|Thunderbolt|p2a: Zapdos
|-damage|p2a: Zapdos|129\/304 par
|move|p2a: Zapdos|Drill Peck|p1a: Electrode
|-resisted|p1a: Electrode
|-damage|p1a: Electrode|201\/291 par
|
|turn|14
|
|switch|p2a: Alakazam|Alakazam, L79|109\/249 par
|move|p1a: Electrode|Reflect|p1a: Electrode
|-start|p1a: Electrode|Reflect
|
|turn|15
|
|cant|p1a: Electrode|par
|move|p2a: Alakazam|Recover|p2a: Alakazam
|-heal|p2a: Alakazam|233\/249 par
|
|turn|16
|
|move|p1a: Electrode|Thunderbolt|p2a: Alakazam
|-damage|p2a: Alakazam|149\/249 par
|move|p2a: Alakazam|Psychic|p1a: Electrode
|-damage|p1a: Electrode|100\/291 par
|
|turn|17
|
|move|p1a: Electrode|Explosion|p2a: Alakazam
|-damage|p2a: Alakazam|0 fnt
|faint|p2a: Alakazam
|faint|p1a: Electrode
|
|switch|p1a: Golduck|Golduck, L85|310\/310
|switch|p2a: Zapdos|Zapdos, L79|129\/304 par
|turn|18
|
|move|p1a: Golduck|Blizzard|p2a: Zapdos
|-supereffective|p2a: Zapdos
|-damage|p2a: Zapdos|0 fnt
|faint|p2a: Zapdos
|
|switch|p2a: Dewgong|Dewgong, L85|327\/327
|turn|19
|
|move|p1a: Golduck|Amnesia|p1a: Golduck
|-boost|p1a: Golduck|spd|2
|-boost|p1a: Golduck|spa|2
|move|p2a: Dewgong|Body Slam|p1a: Golduck
|-damage|p1a: Golduck|255\/310
|-status|p1a: Golduck|par
|
|turn|20
|
|move|p2a: Dewgong|Mimic|p1a: Golduck
|-start|p2a: Dewgong|Mimic|Blizzard
|move|p1a: Golduck|Amnesia|p1a: Golduck
|-boost|p1a: Golduck|spd|2
|-boost|p1a: Golduck|spa|2
|
|turn|21
|
|move|p2a: Dewgong|Body Slam|p1a: Golduck
|-damage|p1a: Golduck|202\/310 par
|move|p1a: Golduck|Amnesia|p1a: Golduck
|-boost|p1a: Golduck|spd|2
|-boost|p1a: Golduck|spa|2
|
|turn|22
|
|move|p2a: Dewgong|Body Slam|p1a: Golduck
|-crit|p1a: Golduck
|-damage|p1a: Golduck|98\/310 par
|move|p1a: Golduck|Rest|p1a: Golduck
|-status|p1a: Golduck|slp
|-heal|p1a: Golduck|310\/310 slp|[silent]
|-status|p1a: Golduck|slp|[from] move: Rest
|
|turn|23
|
|move|p2a: Dewgong|Body Slam|p1a: Golduck
|-damage|p1a: Golduck|256\/310 slp
|cant|p1a: Golduck|slp
|
|turn|24
|
|move|p2a: Dewgong|Body Slam|p1a: Golduck
|-damage|p1a: Golduck|202\/310 slp
|-curestatus|p1a: Golduck|slp
|
|turn|25
|
|move|p2a: Dewgong|Body Slam|p1a: Golduck
|-damage|p1a: Golduck|147\/310
|-status|p1a: Golduck|par
|move|p1a: Golduck|Ice Beam|p2a: Dewgong
|-resisted|p2a: Dewgong
|-damage|p2a: Dewgong|275\/327
|
|turn|26
|
|move|p2a: Dewgong|Body Slam|p1a: Golduck
|-damage|p1a: Golduck|96\/310 par
|move|p1a: Golduck|Rest|p1a: Golduck
|-status|p1a: Golduck|slp
|-heal|p1a: Golduck|310\/310 slp|[silent]
|-status|p1a: Golduck|slp|[from] move: Rest
|
|turn|27
|
|move|p2a: Dewgong|Body Slam|p1a: Golduck
|-damage|p1a: Golduck|260\/310 slp
|cant|p1a: Golduck|slp
|
|turn|28
|
|move|p2a: Dewgong|Body Slam|p1a: Golduck
|-damage|p1a: Golduck|207\/310 slp
|-curestatus|p1a: Golduck|slp
|
|turn|29
|
|move|p2a: Dewgong|Body Slam|p1a: Golduck
|-damage|p1a: Golduck|150\/310
|move|p1a: Golduck|Ice Beam|p2a: Dewgong
|-resisted|p2a: Dewgong
|-damage|p2a: Dewgong|216\/327
|
|turn|30
|
|move|p2a: Dewgong|Body Slam|p1a: Golduck
|-damage|p1a: Golduck|95\/310
|move|p1a: Golduck|Rest|p1a: Golduck
|-status|p1a: Golduck|slp
|-heal|p1a: Golduck|310\/310 slp|[silent]
|-status|p1a: Golduck|slp|[from] move: Rest
|
|turn|31
|
|switch|p2a: Wigglytuff|Wigglytuff, L90|435\/435
|cant|p1a: Golduck|slp
|
|turn|32
|
|move|p2a: Wigglytuff|Body Slam|p1a: Golduck
|-damage|p1a: Golduck|215\/310 slp
|-curestatus|p1a: Golduck|slp
|
|turn|33
|
|move|p2a: Wigglytuff|Sing|p1a: Golduck
|-status|p1a: Golduck|slp
|cant|p1a: Golduck|slp
|
|turn|34
|c|★sciberbia|how did you go first there?
|c|★sciberbia|golduck is faster right?
|c|★slizzurp|dunno
|c|★slizzurp|go
|
|switch|p1a: Pidgeotto|Pidgeotto, L90|100\/297
|move|p2a: Wigglytuff|Body Slam|p1a: Pidgeotto
|-damage|p1a: Pidgeotto|0 fnt
|faint|p1a: Pidgeotto
|
|switch|p1a: Kadabra|Kadabra, L85|205\/242 par
|turn|35
|
|move|p2a: Wigglytuff|Double-Edge|p1a: Kadabra
|-damage|p1a: Kadabra|32\/242 par
|-damage|p2a: Wigglytuff|392\/435|[from] recoil|[of] p1a: Kadabra
|move|p1a: Kadabra|Thunder Wave|p2a: Wigglytuff
|-status|p2a: Wigglytuff|par
|
|turn|36
|
|move|p1a: Kadabra|Psychic|p2a: Wigglytuff
|-damage|p2a: Wigglytuff|236\/435 par
|move|p2a: Wigglytuff|Body Slam|p1a: Kadabra
|-damage|p1a: Kadabra|0 fnt
|faint|p1a: Kadabra
|
|switch|p1a: Victreebel|Victreebel, L85|310\/310
|turn|37
|
|move|p1a: Victreebel|Razor Leaf|p2a: Wigglytuff
|-crit|p2a: Wigglytuff
|-damage|p2a: Wigglytuff|94\/435 par
|move|p2a: Wigglytuff|Blizzard|p1a: Victreebel
|-supereffective|p1a: Victreebel
|-damage|p1a: Victreebel|197\/310
|
|turn|38
|
|move|p1a: Victreebel|Razor Leaf|p2a: Wigglytuff
|-crit|p2a: Wigglytuff
|-damage|p2a: Wigglytuff|0 fnt
|faint|p2a: Wigglytuff
|
|switch|p2a: Ninetales|Ninetales, L85|298\/298
|turn|39
|
|switch|p1a: Golduck|Golduck, L85|215\/310 slp
|move|p2a: Ninetales|Fire Blast|p1a: Golduck
|-crit|p1a: Golduck
|-resisted|p1a: Golduck
|-damage|p1a: Golduck|77\/310 slp
|
|turn|40
|
|move|p2a: Ninetales|Double-Edge|p1a: Golduck
|-crit|p1a: Golduck
|-damage|p1a: Golduck|0 fnt
|-damage|p2a: Ninetales|279\/298|[from] recoil|[of] p1a: Golduck
|faint|p1a: Golduck
|
|switch|p1a: Victreebel|Victreebel, L85|197\/310
|turn|41
|c|★slizzurp|gg
|
|move|p2a: Ninetales|Fire Blast|p1a: Victreebel
|-crit|p1a: Victreebel
|-supereffective|p1a: Victreebel
|-damage|p1a: Victreebel|0 fnt
|faint|p1a: Victreebel
|
|win|slizzurp
|raw|sciberbia's rating: 1372 &rarr; <strong>1348<\/strong><br \/>(-24 for losing)
|raw|slizzurp's rating: 1314 &rarr; <strong>1337<\/strong><br \/>(+23 for winning)
|c|★sciberbia|gg
|leave|sciberbia
|player|p1
|join|sciberbia