|join|Dervodel
|join|EdCena7
|player|p1|Dervodel|238
|player|p2|EdCena7|167
|gametype|singles
|gen|1
|tier|[Gen 1] Random Battle
|rated
|seed|54900,8595,55850,17224
|rule|Sleep Clause Mod: Limit one foe put to sleep
|rule|Freeze Clause Mod: Limit one foe frozen
|rule|HP Percentage Mod: HP is shown in percentages
|
|start
|switch|p1a: Psyduck|Psyduck, L96|291\/291
|switch|p2a: Rapidash|Rapidash, L90|300\/300
|turn|1
|choice|move 1|switch 3
|
|switch|p2a: Raichu|Raichu, L85|276\/276
|move|p1a: Psyduck|Amnesia|p1a: Psyduck
|-boost|p1a: Psyduck|spd|2
|-boost|p1a: Psyduck|spa|2
|
|turn|2
|choice|move 1|move 3
|
|move|p2a: Raichu|Thunder|p1a: Psyduck
|-supereffective|p1a: Psyduck
|-damage|p1a: Psyduck|151\/291
|move|p1a: Psyduck|Amnesia|p1a: Psyduck
|-boost|p1a: Psyduck|spd|2
|-boost|p1a: Psyduck|spa|2
|
|turn|3
|choice|move 2|move 3
|
|move|p2a: Raichu|Thunder|p1a: Psyduck|[miss]
|-miss|p2a: Raichu
|move|p1a: Psyduck|Blizzard|p2a: Raichu
|-damage|p2a: Raichu|59\/276
|
|turn|4
|choice|move 3|move 3
|
|move|p2a: Raichu|Thunder|p1a: Psyduck
|-supereffective|p1a: Psyduck
|-damage|p1a: Psyduck|57\/291
|move|p1a: Psyduck|Surf|p2a: Raichu
|-damage|p2a: Raichu|0 fnt
|faint|p2a: Raichu
|choice||switch 6
|
|switch|p2a: Alakazam|Alakazam, L79|249\/249
|turn|5
|choice|move 3|move 2
|
|move|p2a: Alakazam|Seismic Toss|p1a: Psyduck
|-damage|p1a: Psyduck|0 fnt
|faint|p1a: Psyduck
|choice|switch 2|
|
|switch|p1a: Electrode|Electrode, L90|291\/291
|turn|6
|choice|move 3|move 1
|
|move|p1a: Electrode|Thunder Wave|p2a: Alakazam
|-status|p2a: Alakazam|par
|move|p2a: Alakazam|Psychic|p1a: Electrode
|-damage|p1a: Electrode|194\/291
|
|turn|7
|choice|move 1|move 4
|
|move|p1a: Electrode|Explosion|p2a: Alakazam
|-damage|p2a: Alakazam|0 fnt
|faint|p2a: Alakazam
|faint|p1a: Electrode
|choice|switch 3|switch 4
|
|switch|p2a: Tauros|Tauros, L79|280\/280
|switch|p1a: Dewgong|Dewgong, L85|327\/327
|turn|8
|choice|move 3|move 1
|
|move|p2a: Tauros|Body Slam|p1a: Dewgong
|-damage|p1a: Dewgong|248\/327
|move|p1a: Dewgong|Blizzard|p2a: Tauros
|-damage|p2a: Tauros|117\/280
|
|turn|9
|choice|move 3|switch 2
|
|switch|p2a: Poliwhirl|Poliwhirl, L85|284\/284
|move|p1a: Dewgong|Blizzard|p2a: Poliwhirl
|-resisted|p2a: Poliwhirl
|-damage|p2a: Poliwhirl|194\/284
|
|turn|10
|choice|move 2|move 3
|
|move|p2a: Poliwhirl|Hypnosis|p1a: Dewgong|[miss]
|-miss|p2a: Poliwhirl
|move|p1a: Dewgong|Body Slam|p2a: Poliwhirl
|-damage|p2a: Poliwhirl|134\/284
|
|turn|11
|c|★Dervodel|ah cmon
|choice|switch 6|move 3
|
|switch|p1a: Porygon|Porygon, L85|284\/284
|move|p2a: Poliwhirl|Hypnosis|p1a: Porygon
|-status|p1a: Porygon|slp
|
|turn|12
|choice|switch 4|switch 3
|
|switch|p2a: Rapidash|Rapidash, L90|300\/300
|switch|p1a: Victreebel|Victreebel, L85|310\/310
|
|turn|13
|choice|switch 5|move 1
|
|switch|p1a: Charmeleon|Charmeleon, L85|272\/272
|move|p2a: Rapidash|Fire Blast|p1a: Charmeleon
|-resisted|p1a: Charmeleon
|-damage|p1a: Charmeleon|193\/272
|
|turn|14
|choice|move 4|move 2
|
|move|p2a: Rapidash|Body Slam|p1a: Charmeleon
|-damage|p1a: Charmeleon|106\/272
|move|p1a: Charmeleon|Slash|p2a: Rapidash
|-crit|p2a: Rapidash
|-damage|p2a: Rapidash|221\/300
|
|turn|15
|choice|move 2|move 2
|
|move|p2a: Rapidash|Body Slam|p1a: Charmeleon
|-damage|p1a: Charmeleon|19\/272
|move|p1a: Charmeleon|Body Slam|p2a: Rapidash
|-damage|p2a: Rapidash|167\/300
|
|turn|16
|choice|switch 6|move 2
|
|switch|p1a: Dewgong|Dewgong, L85|248\/327
|move|p2a: Rapidash|Body Slam|p1a: Dewgong
|-crit|p1a: Dewgong
|-damage|p1a: Dewgong|104\/327
|
|turn|17
|-message|EdCena7 lost due to inactivity.
|
|win|Dervodel
|raw|Dervodel's rating: 1348 &rarr; <strong>1356<\/strong><br \/>(+8 for winning)
|raw|EdCena7's rating: 1108 &rarr; <strong>1098<\/strong><br \/>(-10 for losing)