|join|MALESANI
|join|Marky20
|player|p1|MALESANI|238
|player|p2|Marky20|101
|gametype|singles
|gen|1
|tier|[Gen 1] Random Battle
|rated
|rule|Sleep Clause Mod: Limit one foe put to sleep
|rule|Freeze Clause Mod: Limit one foe frozen
|rule|HP Percentage Mod: HP is shown in percentages
|
|start
|switch|p1a: Magnemite|Magnemite, L96|243\/243
|switch|p2a: Starmie|Starmie, L79|257\/257
|turn|1
|
|move|p2a: Starmie|Thunder Wave|p1a: Magnemite
|-status|p1a: Magnemite|par
|move|p1a: Magnemite|Thunder Wave|p2a: Starmie
|-status|p2a: Starmie|par
|
|turn|2
|
|cant|p2a: Starmie|par
|move|p1a: Magnemite|Thunderbolt|p2a: Starmie
|-supereffective|p2a: Starmie
|-damage|p2a: Starmie|0 fnt
|faint|p2a: Starmie
|
|switch|p2a: Mankey|Mankey, L96|272\/272
|turn|3
|
|move|p2a: Mankey|Submission|p1a: Magnemite
|-damage|p1a: Magnemite|143\/243 par
|-damage|p2a: Mankey|247\/272|[from] recoil|[of] p1a: Magnemite
|move|p1a: Magnemite|Thunder Wave|p2a: Mankey
|-status|p2a: Mankey|par
|
|turn|4
|
|move|p2a: Mankey|Mega Kick|p1a: Magnemite
|-damage|p1a: Magnemite|45\/243 par
|move|p1a: Magnemite|Thunderbolt|p2a: Mankey
|-damage|p2a: Mankey|55\/272 par
|
|turn|5
|
|move|p2a: Mankey|Rock Slide|p1a: Magnemite|[miss]
|-miss|p2a: Mankey
|move|p1a: Magnemite|Thunderbolt|p2a: Mankey
|-damage|p2a: Mankey|0 fnt
|faint|p2a: Mankey
|
|switch|p2a: Primeape|Primeape, L90|300\/300
|turn|6
|c|★Marky20|lol
|
|move|p2a: Primeape|Body Slam|p1a: Magnemite
|-damage|p1a: Magnemite|0 fnt
|faint|p1a: Magnemite
|
|switch|p1a: Exeggutor|Exeggutor, L79|312\/312
|turn|7
|
|switch|p2a: Moltres|Moltres, L85|327\/327
|move|p1a: Exeggutor|Psychic|p2a: Moltres
|-damage|p2a: Moltres|248\/327
|
|turn|8
|
|switch|p1a: Dragonite|Dragonite, L85|328\/328
|move|p2a: Moltres|Substitute|p2a: Moltres
|-start|p2a: Moltres|Substitute
|-damage|p2a: Moltres|167\/327
|
|turn|9
|
|move|p2a: Moltres|Toxic|p1a: Dragonite
|-status|p1a: Dragonite|tox
|move|p1a: Dragonite|Thunderbolt|p2a: Moltres
|-supereffective|p2a: Moltres
|-end|p2a: Moltres|Substitute
|-damage|p1a: Dragonite|308\/328 tox|[from] tox|[of] p2a: Moltres
|
|turn|10
|
|move|p2a: Moltres|Reflect|p2a: Moltres
|-start|p2a: Moltres|Reflect
|move|p1a: Dragonite|Thunderbolt|p2a: Moltres
|-crit|p2a: Moltres
|-supereffective|p2a: Moltres
|-damage|p2a: Moltres|0 fnt
|faint|p2a: Moltres
|
|switch|p2a: Cubone|Cubone, L96|291\/291
|turn|11
|
|move|p1a: Dragonite|Blizzard|p2a: Cubone
|-supereffective|p2a: Cubone
|-damage|p2a: Cubone|42\/291
|-damage|p1a: Dragonite|268\/328 tox|[from] tox|[of] p2a: Cubone
|move|p2a: Cubone|Blizzard|p1a: Dragonite
|-supereffective|p1a: Dragonite
|-damage|p1a: Dragonite|21\/328 tox
|
|turn|12
|
|move|p1a: Dragonite|Body Slam|p2a: Cubone
|-damage|p2a: Cubone|0 fnt
|faint|p2a: Cubone
|
|switch|p2a: Chansey|Chansey, L79|557\/557
|turn|13
|
|move|p1a: Dragonite|Body Slam|p2a: Chansey|[miss]
|-miss|p1a: Dragonite
|-damage|p1a: Dragonite|0 fnt|[from] tox|[of] p2a: Chansey
|faint|p1a: Dragonite
|
|switch|p1a: Porygon|Porygon, L85|284\/284
|turn|14
|
|move|p2a: Chansey|Soft-Boiled|p2a: Chansey
|-fail|p2a: Chansey
|move|p1a: Porygon|Sharpen|p1a: Porygon
|-boost|p1a: Porygon|atk|1
|
|turn|15
|
|move|p2a: Chansey|Soft-Boiled|p2a: Chansey
|-fail|p2a: Chansey
|move|p1a: Porygon|Double-Edge|p2a: Chansey
|-damage|p2a: Chansey|220\/557
|-damage|p1a: Porygon|200\/284|[from] recoil|[of] p2a: Chansey
|
|turn|16
|
|move|p2a: Chansey|Soft-Boiled|p2a: Chansey
|-heal|p2a: Chansey|498\/557
|move|p1a: Porygon|Sharpen|p1a: Porygon
|-boost|p1a: Porygon|atk|1
|
|turn|17
|
|move|p2a: Chansey|Ice Beam|p1a: Porygon
|-damage|p1a: Porygon|129\/284
|-status|p1a: Porygon|frz
|cant|p1a: Porygon|frz
|
|turn|18
|
|switch|p1a: Machoke|Machoke, L85|310\/310
|move|p2a: Chansey|Thunderbolt|p1a: Machoke
|-damage|p1a: Machoke|231\/310
|
|turn|19
|
|move|p1a: Machoke|Submission|p2a: Chansey
|-supereffective|p2a: Chansey
|-damage|p2a: Chansey|47\/557
|-damage|p1a: Machoke|119\/310|[from] recoil|[of] p2a: Chansey
|move|p2a: Chansey|Thunder Wave|p1a: Machoke
|-status|p1a: Machoke|par
|
|turn|20
|
|move|p2a: Chansey|Thunderbolt|p1a: Machoke
|-damage|p1a: Machoke|39\/310 par
|move|p1a: Machoke|Submission|p2a: Chansey|[miss]
|-miss|p1a: Machoke
|
|turn|21
|
|move|p2a: Chansey|Thunderbolt|p1a: Machoke
|-damage|p1a: Machoke|0 fnt
|faint|p1a: Machoke
|
|switch|p1a: Persian|Persian, L79|265\/265
|turn|22
|
|move|p1a: Persian|Slash|p2a: Chansey
|-crit|p2a: Chansey
|-damage|p2a: Chansey|0 fnt
|faint|p2a: Chansey
|
|switch|p2a: Primeape|Primeape, L90|300\/300
|turn|23
|
|move|p1a: Persian|Slash|p2a: Primeape
|-crit|p2a: Primeape
|-damage|p2a: Primeape|171\/300
|move|p2a: Primeape|Submission|p1a: Persian
|-supereffective|p1a: Persian
|-damage|p1a: Persian|0 fnt
|-damage|p2a: Primeape|105\/300|[from] recoil|[of] p1a: Persian
|faint|p1a: Persian
|
|switch|p1a: Exeggutor|Exeggutor, L79|312\/312
|turn|24
|
|move|p2a: Primeape|Mega Kick|p1a: Exeggutor
|-damage|p1a: Exeggutor|192\/312
|move|p1a: Exeggutor|Psychic|p2a: Primeape
|-supereffective|p2a: Primeape
|-damage|p2a: Primeape|0 fnt
|faint|p2a: Primeape
|
|win|MALESANI
|raw|Ladder updating...
|raw|MALESANI's rating: 1318 &rarr; <strong>1328<\/strong><br \/>(+10 for winning)
|raw|Marky20's rating: 1139 &rarr; <strong>1125<\/strong><br \/>(-14 for losing)
|c|★Marky20|gg
|leave|Marky20
|player|p2
|c|★MALESANI|gg