|join|Silver Scrapes
|join|anthonyboy
|player|p1|Silver Scrapes|211
|player|p2|anthonyboy|170
|gametype|singles
|gen|1
|tier|[Gen 1] OU (beta)
|rule|Sleep Clause Mod: Limit one foe put to sleep
|rule|Species Clause: Limit one of each Pokémon
|rule|OHKO Clause: OHKO moves are banned
|rule|Evasion Moves Clause: Evasion moves are banned
|rule|HP Percentage Mod: HP is shown in percentages
|
|start
|switch|p1a: Magic Mike|Alakazam|313\/313
|switch|p2a: Venusaur|Venusaur|363\/363
|turn|1
|
|switch|p2a: Gengar|Gengar|323\/323
|move|p1a: Magic Mike|Thunder Wave|p2a: Gengar
|-status|p2a: Gengar|par
|
|turn|2
|
|move|p1a: Magic Mike|Psychic|p2a: Gengar
|-crit|p2a: Gengar
|-supereffective|p2a: Gengar
|-damage|p2a: Gengar|0 fnt
|faint|p2a: Gengar
|c|★anthonyboy|maybe not
|
|switch|p2a: Beedrill|Beedrill|333\/333
|turn|3
|
|move|p1a: Magic Mike|Thunder Wave|p2a: Beedrill
|-status|p2a: Beedrill|par
|move|p2a: Beedrill|Hyper Beam|p1a: Magic Mike
|-damage|p1a: Magic Mike|143\/313
|
|turn|4
|
|move|p1a: Magic Mike|Recover|p1a: Magic Mike
|-heal|p1a: Magic Mike|299\/313
|cant|p2a: Beedrill|recharge
|
|turn|5
|
|move|p1a: Magic Mike|Psychic|p2a: Beedrill
|-supereffective|p2a: Beedrill
|-damage|p2a: Beedrill|0 fnt
|faint|p2a: Beedrill
|join|rekeri
|
|switch|p2a: Charizard|Charizard|359\/359
|turn|6
|join|greenline
|
|move|p1a: Magic Mike|Thunder Wave|p2a: Charizard
|-status|p2a: Charizard|par
|cant|p2a: Charizard|par
|
|turn|7
|
|switch|p1a: Rhydon Dirty|Rhydon|413\/413
|move|p2a: Charizard|Fire Blast|p1a: Rhydon Dirty
|-resisted|p1a: Rhydon Dirty
|-damage|p1a: Rhydon Dirty|321\/413
|-status|p1a: Rhydon Dirty|brn
|
|turn|8
|c|★Silver Scrapes|aw
|
|move|p1a: Rhydon Dirty|Rock Slide|p2a: Charizard
|-supereffective|p2a: Charizard
|-damage|p2a: Charizard|126\/359 par
|-damage|p1a: Rhydon Dirty|296\/413 brn|[from] brn|[of] p2a: Charizard
|move|p2a: Charizard|Flamethrower|p1a: Rhydon Dirty
|-resisted|p1a: Rhydon Dirty
|-damage|p1a: Rhydon Dirty|213\/413 brn
|
|turn|9
|c|★anthonyboy|ive got to forfeit
|c|★Silver Scrapes|y
|c|★anthonyboy|bye
|join|DoodleBug
|join|Silk Weaver
|leave|greenline
|c|★Silver Scrapes|you have an audience now
|c| Silk Weaver|playing gen 1 ou what is this
|c|★Silver Scrapes|you can't leave me
|c| Silk Weaver|.____.
|c| Silk Weaver|Using charizrd no less
|c|★anthonyboy|my sister
|c|★Silver Scrapes|irl calls?
|
|move|p1a: Rhydon Dirty|Rock Slide|p2a: Charizard
|-supereffective|p2a: Charizard
|-damage|p2a: Charizard|0 fnt
|-damage|p1a: Rhydon Dirty|188\/413 brn|[from] brn|[of] p2a: Charizard
|faint|p2a: Charizard
|c| Silk Weaver|.w.
|c| Silk Weaver|o fine
|c|★Silver Scrapes|ah, go ahead and get outta here then
|leave|anthonyboy
|player|p2
|leave|DoodleBug
|c| Silk Weaver|\/me leafs
|leave|Silk Weaver
|player|p2|rekeri|143
|
|switch|p2a: Venusaur|Venusaur|363\/363
|turn|10
|c|★Silver Scrapes|bruh
|c|★rekeri|lel
|
|switch|p1a: Magic Mike|Alakazam|299\/313
|move|p2a: Venusaur|Razor Leaf|p1a: Magic Mike
|-crit|p1a: Magic Mike
|-damage|p1a: Magic Mike|184\/313
|
|turn|11
|c|★rekeri|ew
|c|★rekeri|he doesn't even have
|c|★rekeri|chansey
|c|★rekeri|lame af
|c|★Silver Scrapes|I don't either
|c|★Silver Scrapes|lel
|
|switch|p2a: Butterfree|Butterfree|323\/323
|move|p1a: Magic Mike|Thunder Wave|p2a: Butterfree
|-status|p2a: Butterfree|par
|
|turn|12
|c|★Silver Scrapes|I have Alakazam\/Rhydon\/Exegg\/Dragonite\/Starmie\/Tauros
|
|switch|p1a: Rhydon Dirty|Rhydon|188\/413 brn
|move|p2a: Butterfree|Sleep Powder|p1a: Rhydon Dirty
|-fail|p1a: Rhydon Dirty
|
|turn|13
|
|move|p1a: Rhydon Dirty|Rock Slide|p2a: Butterfree
|-supereffective|p2a: Butterfree
|-damage|p2a: Butterfree|14\/323 par
|-damage|p1a: Rhydon Dirty|163\/413 brn|[from] brn|[of] p2a: Butterfree
|move|p2a: Butterfree|Psybeam|p1a: Rhydon Dirty
|-damage|p1a: Rhydon Dirty|97\/413 brn
|
|turn|14
|c|★rekeri|wait
|c|★rekeri|butterfree
|c|★rekeri|never got psychic?
|c|★Silver Scrapes|I thought it did
|c|★Silver Scrapes|weird
|c|★rekeri|!learn butterfree, psychic
|raw|<div class="infobox">Butterfree <span class="message-learn-canlearn">can<\/span> learn Psychic<\/ul><\/div>
|c|★rekeri|...
|c|★Silver Scrapes|wot
|c|★rekeri|why the fk he got confusion
|c|★rekeri|and psybeam
|c|★rekeri|on here
|
|move|p1a: Rhydon Dirty|Body Slam|p2a: Butterfree
|-damage|p2a: Butterfree|0 fnt
|-damage|p1a: Rhydon Dirty|72\/413 brn|[from] brn|[of] p2a: Butterfree
|faint|p2a: Butterfree
|c|★Silver Scrapes|gen 1 is a silly place
|
|switch|p2a: Venusaur|Venusaur|363\/363
|turn|15
|c|★Silver Scrapes|oh hey that avatar
|c|★Silver Scrapes|I didn't know you were a girl
|c|★rekeri|lemme get a kill
|
|switch|p1a: Eggsactly|Exeggutor|393\/393
|move|p2a: Venusaur|Razor Leaf|p1a: Eggsactly
|-crit|p1a: Eggsactly
|-resisted|p1a: Eggsactly
|-damage|p1a: Eggsactly|340\/393
|
|turn|16
|c|★rekeri|wow
|
|switch|p2a: Pidgeot|Pidgeot|369\/369
|move|p1a: Eggsactly|Sleep Powder|p2a: Pidgeot
|-status|p2a: Pidgeot|slp
|
|turn|17
|c|★rekeri|what's the strongest bird move
|c|★rekeri|in gen 1
|c|★Silver Scrapes|fly
|c|★rekeri|was wing attack in gen 1?
|c|★Silver Scrapes|I dunno
|c|★Silver Scrapes|gust was maybe
|c|★rekeri|man gen 1 was ass
|c|★rekeri|lol
|
|switch|p1a: Swagonite|Dragonite|385\/385
|cant|p2a: Pidgeot|slp
|
|turn|18
|
|switch|p2a: Venusaur|Venusaur|363\/363
|move|p1a: Swagonite|Agility|p1a: Swagonite
|-boost|p1a: Swagonite|spe|2
|
|turn|19
|
|move|p1a: Swagonite|Wrap|p2a: Venusaur
|-damage|p2a: Venusaur|345\/363
|-activate|p2a: Venusaur|move: Wrap|[of] p1a: Swagonite
|cant|p2a: Venusaur|partiallytrapped
|
|turn|20
|
|move|p1a: Swagonite|Wrap|p2a: Venusaur
|-damage|p2a: Venusaur|327\/363
|cant|p2a: Venusaur|partiallytrapped
|
|turn|21
|
|move|p1a: Swagonite|Wrap|p2a: Venusaur
|-damage|p2a: Venusaur|309\/363
|cant|p2a: Venusaur|partiallytrapped
|
|-end|p2a: Venusaur|Wrap|[partiallytrapped]
|turn|22
|c|★Silver Scrapes|gen 1 is fun right
|
|move|p1a: Swagonite|Wrap|p2a: Venusaur
|-damage|p2a: Venusaur|293\/363
|-activate|p2a: Venusaur|move: Wrap|[of] p1a: Swagonite
|cant|p2a: Venusaur|partiallytrapped
|
|turn|23
|c|★rekeri|no i hated this
|
|move|p1a: Swagonite|Wrap|p2a: Venusaur
|-damage|p2a: Venusaur|277\/363
|cant|p2a: Venusaur|partiallytrapped
|
|-end|p2a: Venusaur|Wrap|[partiallytrapped]
|turn|24
|c|★Silver Scrapes|wrap
|c|★Silver Scrapes|wrap
|c|★Silver Scrapes|wrap
|c|★rekeri|this guy's team
|c|★rekeri|had no chance
|c|★rekeri|lol
|
|move|p1a: Swagonite|Wrap|p2a: Venusaur
|-damage|p2a: Venusaur|260\/363
|-activate|p2a: Venusaur|move: Wrap|[of] p1a: Swagonite
|cant|p2a: Venusaur|partiallytrapped
|
|turn|25
|c|★Silver Scrapes|lel
|c|★Silver Scrapes|mine is okay
|c|★Silver Scrapes|I just don't have chansey
|
|move|p1a: Swagonite|Wrap|p2a: Venusaur
|-damage|p2a: Venusaur|243\/363
|cant|p2a: Venusaur|partiallytrapped
|
|turn|26
|c|★rekeri|hurry up and blizzard me plebian
|
|move|p1a: Swagonite|Wrap|p2a: Venusaur
|-damage|p2a: Venusaur|226\/363
|cant|p2a: Venusaur|partiallytrapped
|
|-end|p2a: Venusaur|Wrap|[partiallytrapped]
|turn|27
|c|★Silver Scrapes|make me fgt
|c|★rekeri|pls :c
|
|move|p1a: Swagonite|Blizzard|p2a: Venusaur
|-supereffective|p2a: Venusaur
|-damage|p2a: Venusaur|37\/363
|move|p2a: Venusaur|Razor Leaf|p1a: Swagonite
|-crit|p1a: Swagonite
|-resisted|p1a: Swagonite
|-damage|p1a: Swagonite|350\/385
|
|turn|28
|c|★Silver Scrapes|that didn't ko
|c|★Silver Scrapes|wow
|c|★rekeri|why do i keep getting
|c|★rekeri|crits
|c|★rekeri|llol
|
|move|p1a: Swagonite|Hyper Beam|p2a: Venusaur
|-damage|p2a: Venusaur|0 fnt
|faint|p2a: Venusaur
|
|switch|p2a: Pidgeot|Pidgeot|369\/369 slp
|turn|29
|c|★Silver Scrapes|razor leaf is like 90% crit rate or some ridiculous shit
|c|★rekeri|......
|
|move|p1a: Swagonite|Blizzard|p2a: Pidgeot|[miss]
|-miss|p1a: Swagonite
|cant|p2a: Pidgeot|slp
|
|turn|30
|
|move|p1a: Swagonite|Blizzard|p2a: Pidgeot
|-supereffective|p2a: Pidgeot
|-damage|p2a: Pidgeot|124\/369 slp
|cant|p2a: Pidgeot|slp
|
|turn|31
|
|cant|p2a: Pidgeot|slp
|move|p1a: Swagonite|Hyper Beam|p2a: Pidgeot
|-damage|p2a: Pidgeot|0 fnt
|faint|p2a: Pidgeot
|
|win|Silver Scrapes
|c|★Silver Scrapes|FINISH HIM
|c|★rekeri|less caps
|c|★Silver Scrapes|6-0 lol noob
|c|★rekeri|shut up
|c|★rekeri|this guys team sawked
|c|★Silver Scrapes|this was my third battle in gen 1
|c|★Silver Scrapes|my second one
|c|★Silver Scrapes|was also with this guy
|c|★Silver Scrapes|and he forfeited
|c|★rekeri|i battled
|c|★rekeri|enzo
|c|★Silver Scrapes|and he messaged me like "I'll beat u this time"
|c|★rekeri|and he froze my chansey turn 1
|c|★Silver Scrapes|top lel
|c|★rekeri|that was my fault
|c|★rekeri|for abusing chansey
|c|★Silver Scrapes|I have exeggutor and starmie instead of chansey
|c|★Silver Scrapes|because I like starmie