|join|kid gf lol
|join|mattttt96
|player|p1|kid gf lol|48
|player|p2|mattttt96|102
|gametype|singles
|gen|1
|tier|[Gen 1] OU (beta)
|rated
|rule|Sleep Clause Mod: Limit one foe put to sleep
|rule|Species Clause: Limit one of each Pokemon
|rule|OHKO Clause: OHKO moves are banned
|rule|Moody Clause: Moody is banned
|rule|Evasion Moves Clause: Evasion moves are banned
|rule|Endless Battle Clause: Forcing endless battles is banned.
|rule|HP Percentage Mod: HP is reported as percentages
|
|start
|switch|p1a: Star Role|Starmie|323\/323
|switch|p2a: Gengar|Gengar|323\/323
|turn|1
|chat|kid gf lol|uhhh ohhh
|
|move|p1a: Star Role|Psychic|p2a: Gengar
|-crit|p2a: Gengar
|-supereffective|p2a: Gengar
|-damage|p2a: Gengar|0 fnt
|faint|p2a: Gengar
|
|
|switch|p2a: Snorlax|Snorlax|523\/523
|turn|2
|
|move|p1a: Star Role|Psychic|p2a: Snorlax
|-crit|p2a: Snorlax
|-damage|p2a: Snorlax|238\/523
|move|p2a: Snorlax|Body Slam|p1a: Star Role
|-damage|p1a: Star Role|202\/323
|
|turn|3
|
|move|p1a: Star Role|Psychic|p2a: Snorlax
|-crit|p2a: Snorlax
|-damage|p2a: Snorlax|0 fnt
|faint|p2a: Snorlax
|
|
|switch|p2a: Chansey|Chansey|703\/703
|turn|4
|
|switch|p1a: Egg Kangaroo|Chansey|703\/703
|move|p2a: Chansey|Ice Beam|p1a: Egg Kangaroo
|-damage|p1a: Egg Kangaroo|635\/703
|
|turn|5
|
|switch|p1a: Ride Me|Lapras|463\/463
|move|p2a: Chansey|Ice Beam|p1a: Ride Me
|-resisted|p1a: Ride Me
|-damage|p1a: Ride Me|444\/463
|
|turn|6
|
|switch|p1a: Egg Kangaroo|Chansey|635\/703
|switch|p2a: Lapras|Lapras|463\/463
|
|turn|7
|
|move|p2a: Lapras|Body Slam|p1a: Egg Kangaroo
|-damage|p1a: Egg Kangaroo|480\/703
|move|p1a: Egg Kangaroo|Thunderbolt|p2a: Lapras
|-supereffective|p2a: Lapras
|-damage|p2a: Lapras|303\/463
|
|turn|8
|
|move|p2a: Lapras|Confuse Ray|p1a: Egg Kangaroo
|-start|p1a: Egg Kangaroo|confusion
|-activate|p1a: Egg Kangaroo|confusion
|-damage|p1a: Egg Kangaroo|447\/703|[from] confusion
|
|turn|9
|
|move|p2a: Lapras|Body Slam|p1a: Egg Kangaroo
|-damage|p1a: Egg Kangaroo|283\/703
|-status|p1a: Egg Kangaroo|par
|-activate|p1a: Egg Kangaroo|confusion
|-damage|p1a: Egg Kangaroo|251\/703 par|[from] confusion
|
|turn|10
|
|switch|p1a: Ride Me|Lapras|444\/463
|move|p2a: Lapras|Body Slam|p1a: Ride Me
|-damage|p1a: Ride Me|369\/463
|-status|p1a: Ride Me|par
|
|turn|11
|
|move|p2a: Lapras|Confuse Ray|p1a: Ride Me
|-start|p1a: Ride Me|confusion
|-activate|p1a: Ride Me|confusion
|-damage|p1a: Ride Me|337\/463 par|[from] confusion
|
|turn|12
|
|move|p2a: Lapras|Thunderbolt|p1a: Ride Me
|-supereffective|p1a: Ride Me
|-damage|p1a: Ride Me|188\/463 par
|-activate|p1a: Ride Me|confusion
|-damage|p1a: Ride Me|156\/463 par|[from] confusion
|
|turn|13
|
|move|p2a: Lapras|Thunderbolt|p1a: Ride Me
|-supereffective|p1a: Ride Me
|-damage|p1a: Ride Me|1\/463 par
|-activate|p1a: Ride Me|confusion
|-damage|p1a: Ride Me|0 fnt|[from] confusion
|faint|p1a: Ride Me
|
|
|switch|p1a: Star Role|Starmie|202\/323
|turn|14
|
|move|p1a: Star Role|Thunder Wave|p2a: Lapras
|-status|p2a: Lapras|par
|move|p2a: Lapras|Confuse Ray|p1a: Star Role
|-start|p1a: Star Role|confusion
|
|turn|15
|chat|kid gf lol|nty
|
|-activate|p1a: Star Role|confusion
|move|p1a: Star Role|Psychic|p2a: Lapras
|-damage|p2a: Lapras|191\/463 par
|-unboost|p2a: Lapras|spd|1
|-unboost|p2a: Lapras|spa|1
|move|p2a: Lapras|Thunderbolt|p1a: Star Role
|-supereffective|p1a: Star Role
|-damage|p1a: Star Role|112\/323
|
|turn|16
|
|-end|p1a: Star Role|confusion
|move|p1a: Star Role|Psychic|p2a: Lapras
|-damage|p2a: Lapras|31\/463 par
|move|p2a: Lapras|Thunderbolt|p1a: Star Role
|-supereffective|p1a: Star Role
|-damage|p1a: Star Role|9\/323
|
|turn|17
|
|move|p1a: Star Role|Psychic|p2a: Lapras
|-crit|p2a: Lapras
|-damage|p2a: Lapras|0 fnt
|faint|p2a: Lapras
|
|
|switch|p2a: Tauros|Tauros|353\/353
|turn|18
|
|switch|p1a: Result of Incest|Exeggutor|393\/393
|move|p2a: Tauros|Earthquake|p1a: Result of Incest
|-resisted|p1a: Result of Incest
|-damage|p1a: Result of Incest|354\/393
|
|turn|19
|
|move|p2a: Tauros|Body Slam|p1a: Result of Incest
|-damage|p1a: Result of Incest|242\/393
|move|p1a: Result of Incest|Sleep Powder|p2a: Tauros|[miss]
|-miss|p1a: Result of Incest
|
|turn|20
|join|Ms.sleazy
|
|move|p2a: Tauros|Body Slam|p1a: Result of Incest
|-crit|p1a: Result of Incest
|-damage|p1a: Result of Incest|9\/393
|move|p1a: Result of Incest|Sleep Powder|p2a: Tauros
|-status|p2a: Tauros|slp
|
|turn|21
|
|cant|p2a: Tauros|slp
|move|p1a: Result of Incest|Psychic|p2a: Tauros
|-damage|p2a: Tauros|204\/353 slp
|
|turn|22
|
|cant|p2a: Tauros|slp
|move|p1a: Result of Incest|Psychic|p2a: Tauros
|-damage|p2a: Tauros|52\/353 slp
|-unboost|p2a: Tauros|spd|1
|-unboost|p2a: Tauros|spa|1
|
|turn|23
|
|cant|p2a: Tauros|slp
|move|p1a: Result of Incest|Psychic|p2a: Tauros
|-damage|p2a: Tauros|0 fnt
|faint|p2a: Tauros
|
|
|switch|p2a: Chansey|Chansey|703\/703
|turn|24
|
|move|p1a: Result of Incest|Explosion|p2a: Chansey
|-damage|p2a: Chansey|24\/703
|faint|p1a: Result of Incest
|
|switch|p1a: Back on the Force|Tauros|353\/353
|turn|25
|
|switch|p2a: Zapdos|Zapdos|383\/383
|move|p1a: Back on the Force|Earthquake|p2a: Zapdos
|-immune|p2a: Zapdos|[msg]
|
|turn|26
|
|switch|p1a: TNT|Golem|363\/363
|move|p2a: Zapdos|Drill Peck|p1a: TNT
|-crit|p1a: TNT
|-resisted|p1a: TNT
|-damage|p1a: TNT|287\/363
|
|turn|27
|
|move|p2a: Zapdos|Drill Peck|p1a: TNT
|-resisted|p1a: TNT
|-damage|p1a: TNT|251\/363
|move|p1a: TNT|Body Slam|p2a: Zapdos
|-damage|p2a: Zapdos|309\/383
|
|turn|28
|
|move|p2a: Zapdos|Drill Peck|p1a: TNT
|-resisted|p1a: TNT
|-damage|p1a: TNT|214\/363
|move|p1a: TNT|Rock Slide|p2a: Zapdos
|-supereffective|p2a: Zapdos
|-damage|p2a: Zapdos|100\/383
|
|turn|29
|
|move|p2a: Zapdos|Drill Peck|p1a: TNT
|-resisted|p1a: TNT
|-damage|p1a: TNT|179\/363
|move|p1a: TNT|Rock Slide|p2a: Zapdos
|-supereffective|p2a: Zapdos
|-damage|p2a: Zapdos|0 fnt
|faint|p2a: Zapdos
|
|chat|mattttt96|gg
|
|switch|p2a: Chansey|Chansey|24\/703
|turn|30
|
|switch|p1a: Egg Kangaroo|Chansey|251\/703 par
|move|p2a: Chansey|Ice Beam|p1a: Egg Kangaroo
|-damage|p1a: Egg Kangaroo|182\/703 par
|
|turn|31
|chat|kid gf lol|gg
|
|move|p2a: Chansey|Soft-Boiled|p2a: Chansey
|-heal|p2a: Chansey|375\/703
|move|p1a: Egg Kangaroo|Soft-Boiled|p1a: Egg Kangaroo
|-heal|p1a: Egg Kangaroo|533\/703 par
|
|turn|32
|
|move|p2a: Chansey|Ice Beam|p1a: Egg Kangaroo
|-damage|p1a: Egg Kangaroo|465\/703 par
|move|p1a: Egg Kangaroo|Soft-Boiled|p1a: Egg Kangaroo
|-heal|p1a: Egg Kangaroo|703\/703 par
|
|turn|33
|
|move|p2a: Chansey|Ice Beam|p1a: Egg Kangaroo
|-damage|p1a: Egg Kangaroo|627\/703 par
|move|p1a: Egg Kangaroo|Ice Beam|p2a: Chansey
|-damage|p2a: Chansey|303\/703
|
|turn|34
|chat|kid gf lol|if you really want to drag it out lol
|
|move|p2a: Chansey|Soft-Boiled|p2a: Chansey
|-heal|p2a: Chansey|654\/703
|move|p1a: Egg Kangaroo|Ice Beam|p2a: Chansey
|-crit|p2a: Chansey
|-damage|p2a: Chansey|517\/703
|
|turn|35
|
|move|p2a: Chansey|Ice Beam|p1a: Egg Kangaroo
|-damage|p1a: Egg Kangaroo|551\/703 par
|move|p1a: Egg Kangaroo|Ice Beam|p2a: Chansey
|-damage|p2a: Chansey|441\/703
|
|turn|36
|
|move|p2a: Chansey|Ice Beam|p1a: Egg Kangaroo
|-crit|p1a: Egg Kangaroo
|-damage|p1a: Egg Kangaroo|411\/703 par
|move|p1a: Egg Kangaroo|Ice Beam|p2a: Chansey
|-damage|p2a: Chansey|361\/703
|-status|p2a: Chansey|frz
|
|turn|37
|
|switch|p1a: TNT|Golem|179\/363
|cant|p2a: Chansey|frz
|
|turn|38
|
|cant|p2a: Chansey|frz
|move|p1a: TNT|Earthquake|p2a: Chansey
|-damage|p2a: Chansey|18\/703 frz
|
|turn|39
|
|cant|p2a: Chansey|frz
|move|p1a: TNT|Earthquake|p2a: Chansey
|-crit|p2a: Chansey
|-damage|p2a: Chansey|0 fnt
|faint|p2a: Chansey
|
|win|kid gf lol
|raw|Ladder updating...
|raw|kid gf lol's rating: 1417 &rarr; <strong>1429<\/strong><br \/>(+12 for winning)
|raw|mattttt96's rating: 1264 &rarr; <strong>1250<\/strong><br \/>(-14 for losing)
|chat|kid gf lol|gg