|join|MALESANI
|join|needoking
|player|p1|MALESANI|238
|player|p2|needoking|2
|gametype|singles
|gen|1
|tier|[Gen 1] Random Battle
|rated
|seed|27198,47562,11782,40369
|rule|Sleep Clause Mod: Limit one foe put to sleep
|rule|Freeze Clause Mod: Limit one foe frozen
|rule|HP Percentage Mod: HP is shown in percentages
|
|start
|switch|p1a: Pidgeot|Pidgeot, L90|333\/333
|switch|p2a: Nidoran-M|Nidoran-M, L96|283\/283
|turn|1
|choice|move 1|move 2
|
|move|p1a: Pidgeot|Double-Edge|p2a: Nidoran-M
|-damage|p2a: Nidoran-M|141\/283
|-damage|p1a: Pidgeot|298\/333|[from] recoil|[of] p2a: Nidoran-M
|move|p2a: Nidoran-M|Substitute|p2a: Nidoran-M
|-start|p2a: Nidoran-M|Substitute
|-damage|p2a: Nidoran-M|71\/283
|
|turn|2
|choice|move 1|move 3
|
|move|p1a: Pidgeot|Double-Edge|p2a: Nidoran-M
|-crit|p2a: Nidoran-M
|-end|p2a: Nidoran-M|Substitute
|-damage|p1a: Pidgeot|280\/333|[from] recoil|[of] p2a: Nidoran-M
|move|p2a: Nidoran-M|Body Slam|p1a: Pidgeot
|-damage|p1a: Pidgeot|223\/333
|
|turn|3
|choice|move 1|move 3
|
|move|p1a: Pidgeot|Double-Edge|p2a: Nidoran-M
|-crit|p2a: Nidoran-M
|-damage|p2a: Nidoran-M|0 fnt
|-damage|p1a: Pidgeot|206\/333|[from] recoil|[of] p2a: Nidoran-M
|faint|p2a: Nidoran-M
|choice||switch 5
|
|switch|p2a: Metapod|Metapod, L99|300\/300
|turn|4
|choice|move 4|move 1
|
|move|p1a: Pidgeot|Reflect|p1a: Pidgeot
|-start|p1a: Pidgeot|Reflect
|move|p2a: Metapod|String Shot|p1a: Pidgeot
|-unboost|p1a: Pidgeot|spe|1
|
|turn|5
|choice|move 3|move 1
|
|move|p1a: Pidgeot|Agility|p1a: Pidgeot
|-boost|p1a: Pidgeot|spe|2
|move|p2a: Metapod|String Shot|p1a: Pidgeot
|
|turn|6
|choice|move 1|move 1
|
|move|p1a: Pidgeot|Double-Edge|p2a: Metapod
|-damage|p2a: Metapod|171\/300
|-damage|p1a: Pidgeot|174\/333|[from] recoil|[of] p2a: Metapod
|move|p2a: Metapod|String Shot|p1a: Pidgeot
|-unboost|p1a: Pidgeot|spe|1
|
|turn|7
|choice|move 3|move 1
|
|move|p1a: Pidgeot|Agility|p1a: Pidgeot
|-boost|p1a: Pidgeot|spe|2
|move|p2a: Metapod|String Shot|p1a: Pidgeot
|
|turn|8
|choice|move 3|move 1
|
|move|p1a: Pidgeot|Agility|p1a: Pidgeot
|-boost|p1a: Pidgeot|spe|2
|move|p2a: Metapod|String Shot|p1a: Pidgeot|[miss]
|-miss|p2a: Metapod
|
|turn|9
|choice|move 1|move 1
|
|move|p1a: Pidgeot|Double-Edge|p2a: Metapod
|-damage|p2a: Metapod|59\/300
|-damage|p1a: Pidgeot|146\/333|[from] recoil|[of] p2a: Metapod
|move|p2a: Metapod|String Shot|p1a: Pidgeot
|-unboost|p1a: Pidgeot|spe|1
|
|turn|10
|choice|move 2|move 1
|
|move|p1a: Pidgeot|Rest|p1a: Pidgeot
|-status|p1a: Pidgeot|slp
|-heal|p1a: Pidgeot|333\/333 slp|[silent]
|-status|p1a: Pidgeot|slp|[from] move: Rest
|move|p2a: Metapod|String Shot|p1a: Pidgeot
|
|turn|11
|choice|move 1|move 1
|
|cant|p1a: Pidgeot|slp
|move|p2a: Metapod|String Shot|p1a: Pidgeot
|-unboost|p1a: Pidgeot|spe|1
|
|turn|12
|choice|move 1|move 1
|
|-curestatus|p1a: Pidgeot|slp
|move|p2a: Metapod|String Shot|p1a: Pidgeot
|-unboost|p1a: Pidgeot|spe|1
|
|turn|13
|choice|move 1|move 1
|
|move|p2a: Metapod|String Shot|p1a: Pidgeot
|-unboost|p1a: Pidgeot|spe|1
|move|p1a: Pidgeot|Double-Edge|p2a: Metapod
|-crit|p2a: Metapod
|-damage|p2a: Metapod|0 fnt
|-damage|p1a: Pidgeot|319\/333|[from] recoil|[of] p2a: Metapod
|faint|p2a: Metapod
|choice||switch 3
|
|switch|p2a: Seaking|Seaking, L90|327\/327
|turn|14
|choice|move 1|move 1
|
|move|p2a: Seaking|Blizzard|p1a: Pidgeot
|-crit|p1a: Pidgeot
|-supereffective|p1a: Pidgeot
|-damage|p1a: Pidgeot|0 fnt
|faint|p1a: Pidgeot
|choice|switch 3|
|
|switch|p1a: Slowpoke|Slowpoke, L96|368\/368
|turn|15
|choice|move 3|move 2
|
|move|p2a: Seaking|Double-Edge|p1a: Slowpoke
|-damage|p1a: Slowpoke|289\/368
|-damage|p2a: Seaking|308\/327|[from] recoil|[of] p1a: Slowpoke
|move|p1a: Slowpoke|Thunder Wave|p2a: Seaking
|-status|p2a: Seaking|par
|
|turn|16
|choice|move 2|move 4
|
|move|p1a: Slowpoke|Amnesia|p1a: Slowpoke
|-boost|p1a: Slowpoke|spd|2
|-boost|p1a: Slowpoke|spa|2
|move|p2a: Seaking|Hyper Beam|p1a: Slowpoke
|-damage|p1a: Slowpoke|157\/368
|
|turn|17
|-mustrecharge|p2a: Seaking
|-mustrecharge|p2a: Seaking
|choice|move 2|move 1
|
|move|p1a: Slowpoke|Amnesia|p1a: Slowpoke
|-boost|p1a: Slowpoke|spd|2
|-boost|p1a: Slowpoke|spa|2
|cant|p2a: Seaking|recharge
|
|turn|18
|choice|move 4|move 4
|
|move|p1a: Slowpoke|Rest|p1a: Slowpoke
|-status|p1a: Slowpoke|slp
|-heal|p1a: Slowpoke|368\/368 slp|[silent]
|-status|p1a: Slowpoke|slp|[from] move: Rest
|move|p2a: Seaking|Hyper Beam|p1a: Slowpoke
|-damage|p1a: Slowpoke|249\/368 slp
|
|turn|19
|-mustrecharge|p2a: Seaking
|-mustrecharge|p2a: Seaking
|choice|move 1|move 1
|
|cant|p1a: Slowpoke|slp
|cant|p2a: Seaking|recharge
|
|turn|20
|choice|move 1|move 4
|
|-curestatus|p1a: Slowpoke|slp
|cant|p2a: Seaking|par
|
|turn|21
|choice|move 1|move 4
|
|move|p1a: Slowpoke|Surf|p2a: Seaking
|-resisted|p2a: Seaking
|-damage|p2a: Seaking|198\/327 par
|move|p2a: Seaking|Hyper Beam|p1a: Slowpoke
|-damage|p1a: Slowpoke|135\/368
|
|turn|22
|-mustrecharge|p2a: Seaking
|-mustrecharge|p2a: Seaking
|choice|move 2|move 1
|
|move|p1a: Slowpoke|Amnesia|p1a: Slowpoke
|-boost|p1a: Slowpoke|spd|2
|-boost|p1a: Slowpoke|spa|2
|cant|p2a: Seaking|recharge
|
|turn|23
|choice|move 4|move 4
|
|move|p1a: Slowpoke|Rest|p1a: Slowpoke
|-status|p1a: Slowpoke|slp
|-heal|p1a: Slowpoke|368\/368 slp|[silent]
|-status|p1a: Slowpoke|slp|[from] move: Rest
|cant|p2a: Seaking|par
|
|turn|24
|choice|move 1|move 4
|
|cant|p1a: Slowpoke|slp
|move|p2a: Seaking|Hyper Beam|p1a: Slowpoke
|-damage|p1a: Slowpoke|254\/368 slp
|
|turn|25
|-mustrecharge|p2a: Seaking
|-mustrecharge|p2a: Seaking
|choice|move 1|move 1
|
|-curestatus|p1a: Slowpoke|slp
|cant|p2a: Seaking|recharge
|
|turn|26
|choice|move 1|move 2
|
|move|p1a: Slowpoke|Surf|p2a: Seaking
|-resisted|p2a: Seaking
|-damage|p2a: Seaking|44\/327 par
|move|p2a: Seaking|Double-Edge|p1a: Slowpoke
|-damage|p1a: Slowpoke|173\/368
|-damage|p2a: Seaking|24\/327 par|[from] recoil|[of] p1a: Slowpoke
|
|turn|27
|choice|move 1|move 2
|
|move|p1a: Slowpoke|Surf|p2a: Seaking
|-resisted|p2a: Seaking
|-damage|p2a: Seaking|0 fnt
|faint|p2a: Seaking
|choice||switch 4
|
|switch|p2a: Dodrio|Dodrio, L85|276\/276
|turn|28
|choice|switch 2|move 1
|
|switch|p1a: Graveler|Graveler, L85|267\/267
|move|p2a: Dodrio|Hyper Beam|p1a: Graveler
|-resisted|p1a: Graveler
|-damage|p1a: Graveler|193\/267
|
|turn|29
|-mustrecharge|p2a: Dodrio
|-mustrecharge|p2a: Dodrio
|choice|move 3|move 1
|
|cant|p2a: Dodrio|recharge
|move|p1a: Graveler|Rock Slide|p2a: Dodrio
|-supereffective|p2a: Dodrio
|-damage|p2a: Dodrio|90\/276
|
|turn|30
|choice|move 3|switch 6
|
|switch|p2a: Marowak|Marowak, L90|291\/291
|move|p1a: Graveler|Rock Slide|p2a: Marowak
|-resisted|p2a: Marowak
|-damage|p2a: Marowak|257\/291
|
|turn|31
|choice|switch 6|move 3
|
|switch|p1a: Primeape|Primeape, L90|300\/300
|move|p2a: Marowak|Earthquake|p1a: Primeape
|-damage|p1a: Primeape|179\/300
|
|turn|32
|choice|move 1|move 3
|
|move|p1a: Primeape|Body Slam|p2a: Marowak
|-crit|p2a: Marowak
|-damage|p2a: Marowak|148\/291
|-status|p2a: Marowak|par
|move|p2a: Marowak|Earthquake|p1a: Primeape
|-damage|p1a: Primeape|43\/300
|
|turn|33
|choice|move 3|move 3
|
|move|p1a: Primeape|Submission|p2a: Marowak
|-damage|p2a: Marowak|61\/291 par
|-damage|p1a: Primeape|22\/300|[from] recoil|[of] p2a: Marowak
|cant|p2a: Marowak|par
|
|turn|34
|choice|move 1|move 3
|
|move|p1a: Primeape|Body Slam|p2a: Marowak
|-damage|p2a: Marowak|0 fnt
|faint|p2a: Marowak
|choice||switch 2
|
|switch|p2a: Ekans|Ekans, L96|262\/262
|turn|35
|choice|move 1|move 1
|
|move|p1a: Primeape|Body Slam|p2a: Ekans
|-damage|p2a: Ekans|161\/262
|move|p2a: Ekans|Earthquake|p1a: Primeape
|-damage|p1a: Primeape|0 fnt
|faint|p1a: Primeape
|choice|switch 4|
|
|switch|p1a: Arbok|Arbok, L90|291\/291
|turn|36
|choice|move 3|move 1
|
|move|p1a: Arbok|Earthquake|p2a: Ekans
|-supereffective|p2a: Ekans
|-damage|p2a: Ekans|0 fnt
|faint|p2a: Ekans
|choice||switch 6
|
|switch|p2a: Dodrio|Dodrio, L85|90\/276
|turn|37
|choice|move 2|move 4
|
|move|p2a: Dodrio|Mimic|p1a: Arbok
|-start|p2a: Dodrio|Mimic|Hyper Beam
|move|p1a: Arbok|Glare|p2a: Dodrio
|-status|p2a: Dodrio|par
|
|turn|38
|choice|move 1|move 4
|
|move|p1a: Arbok|Rock Slide|p2a: Dodrio
|-supereffective|p2a: Dodrio
|-damage|p2a: Dodrio|0 fnt
|faint|p2a: Dodrio
|
|win|MALESANI
|c|★needoking|gg
|c|★MALESANI|gg