|j|pkmn trainer red22
|j|LibertarianMaster
|player|p1|pkmn trainer red22|162
|player|p2|LibertarianMaster|59
|gametype|singles
|gen|1
|tier|[Gen 1] OU
|rated
|seed|40477,59504,43935,30788
|rule|Sleep Clause Mod: Limit one foe put to sleep
|rule|Freeze Clause Mod: Limit one foe frozen
|rule|Species Clause: Limit one of each Pokémon
|rule|OHKO Clause: OHKO moves are banned
|rule|Evasion Moves Clause: Evasion moves are banned
|rule|HP Percentage Mod: HP is shown in percentages
|
|start
|switch|p1a: Pikachu|Pikachu|273\/273
|switch|p2a: Starmie|Starmie|323\/323
|turn|1
|c|★LibertarianMaster|glhf
|choice|move 1|move 2
|
|move|p2a: Starmie|Psychic|p1a: Pikachu
|-damage|p1a: Pikachu|112\/273
|move|p1a: Pikachu|Thunderbolt|p2a: Starmie
|-supereffective|p2a: Starmie
|-damage|p2a: Starmie|179\/323
|
|turn|2
|choice|move 1|move 2
|
|move|p2a: Starmie|Psychic|p1a: Pikachu
|-damage|p1a: Pikachu|0 fnt
|faint|p1a: Pikachu
|choice|switch 2|
|
|switch|p1a: Venusaur|Venusaur|363\/363
|turn|3
|choice|move 2|move 2
|
|move|p2a: Starmie|Psychic|p1a: Venusaur
|-crit|p1a: Venusaur
|-supereffective|p1a: Venusaur
|-damage|p1a: Venusaur|0 fnt
|faint|p1a: Venusaur
|choice|switch 3|
|
|switch|p1a: Charizard|Charizard|359\/359
|turn|4
|choice|move 1|move 1
|
|move|p2a: Starmie|Blizzard|p1a: Charizard
|-supereffective|p1a: Charizard
|-damage|p1a: Charizard|157\/359
|move|p1a: Charizard|Flamethrower|p2a: Starmie
|-crit|p2a: Starmie
|-resisted|p2a: Starmie
|-damage|p2a: Starmie|80\/323
|
|turn|5
|c|★LibertarianMaster|heh...
|choice|move 1|move 4
|
|move|p2a: Starmie|Recover|p2a: Starmie
|-heal|p2a: Starmie|241\/323
|move|p1a: Charizard|Flamethrower|p2a: Starmie
|-resisted|p2a: Starmie
|-damage|p2a: Starmie|194\/323
|
|turn|6
|choice|move 1|move 4
|
|move|p2a: Starmie|Recover|p2a: Starmie
|-heal|p2a: Starmie|323\/323
|move|p1a: Charizard|Flamethrower|p2a: Starmie
|-resisted|p2a: Starmie
|-damage|p2a: Starmie|275\/323
|
|turn|7
|choice|move 1|move 2
|
|move|p2a: Starmie|Psychic|p1a: Charizard
|-damage|p1a: Charizard|44\/359
|move|p1a: Charizard|Flamethrower|p2a: Starmie
|-resisted|p2a: Starmie
|-damage|p2a: Starmie|224\/323
|
|turn|8
|choice|move 3|move 2
|
|move|p2a: Starmie|Psychic|p1a: Charizard
|-crit|p1a: Charizard
|-damage|p1a: Charizard|0 fnt
|faint|p1a: Charizard
|choice|switch 4|
|
|switch|p1a: Blastoise|Blastoise|361\/361
|turn|9
|choice|move 3|move 2
|
|move|p2a: Starmie|Psychic|p1a: Blastoise
|-damage|p1a: Blastoise|237\/361
|-unboost|p1a: Blastoise|spd|1
|-unboost|p1a: Blastoise|spa|1
|move|p1a: Blastoise|Ice Beam|p2a: Starmie
|-crit|p2a: Starmie
|-resisted|p2a: Starmie
|-damage|p2a: Starmie|157\/323
|
|turn|10
|choice|move 1|move 4
|
|move|p2a: Starmie|Recover|p2a: Starmie
|-heal|p2a: Starmie|318\/323
|move|p1a: Blastoise|Hydro Pump|p2a: Starmie
|-resisted|p2a: Starmie
|-damage|p2a: Starmie|276\/323
|
|turn|11
|choice|move 2|move 2
|
|move|p2a: Starmie|Psychic|p1a: Blastoise
|-crit|p1a: Blastoise
|-damage|p1a: Blastoise|14\/361
|move|p1a: Blastoise|Bubble Beam|p2a: Starmie
|-resisted|p2a: Starmie
|-damage|p2a: Starmie|254\/323
|
|turn|12
|choice|move 4|move 2
|
|move|p2a: Starmie|Psychic|p1a: Blastoise
|-damage|p1a: Blastoise|0 fnt
|faint|p1a: Blastoise
|choice|switch 5|
|
|switch|p1a: Lapras|Lapras|463\/463
|turn|13
|choice|move 3|move 2
|
|move|p2a: Starmie|Psychic|p1a: Lapras
|-crit|p1a: Lapras
|-damage|p1a: Lapras|248\/463
|move|p1a: Lapras|Surf|p2a: Starmie
|-resisted|p2a: Starmie
|-damage|p2a: Starmie|203\/323
|
|turn|14
|choice|move 1|move 2
|
|move|p2a: Starmie|Psychic|p1a: Lapras
|-damage|p1a: Lapras|139\/463
|move|p1a: Lapras|Blizzard|p2a: Starmie
|-resisted|p2a: Starmie
|-damage|p2a: Starmie|135\/323
|
|turn|15
|choice|move 3|move 4
|
|move|p2a: Starmie|Recover|p2a: Starmie
|-heal|p2a: Starmie|296\/323
|move|p1a: Lapras|Surf|p2a: Starmie
|-resisted|p2a: Starmie
|-damage|p2a: Starmie|245\/323
|
|turn|16
|choice|move 3|move 2
|
|move|p2a: Starmie|Psychic|p1a: Lapras
|-damage|p1a: Lapras|29\/463
|-unboost|p1a: Lapras|spd|1
|-unboost|p1a: Lapras|spa|1
|move|p1a: Lapras|Surf|p2a: Starmie
|-resisted|p2a: Starmie
|-damage|p2a: Starmie|210\/323
|
|turn|17
|choice|move 3|move 2
|
|move|p2a: Starmie|Psychic|p1a: Lapras
|-damage|p1a: Lapras|0 fnt
|faint|p1a: Lapras
|choice|switch 6|
|
|switch|p1a: Snorlax|Snorlax|523\/523
|turn|18
|choice|move 2|move 2
|
|move|p2a: Starmie|Psychic|p1a: Snorlax
|-damage|p1a: Snorlax|385\/523
|move|p1a: Snorlax|Psychic|p2a: Starmie
|-resisted|p2a: Starmie
|-damage|p2a: Starmie|182\/323
|-unboost|p2a: Starmie|spd|1
|-unboost|p2a: Starmie|spa|1
|
|turn|19
|choice|move 1|move 2
|
|move|p2a: Starmie|Psychic|p1a: Snorlax
|-damage|p1a: Snorlax|297\/523
|move|p1a: Snorlax|Hyper Beam|p2a: Starmie
|-damage|p2a: Starmie|0 fnt
|faint|p2a: Starmie
|choice||switch 3
|
|switch|p2a: Tauros|Tauros|353\/353
|turn|20
|choice|move 1|move 1
|
|move|p2a: Tauros|Body Slam|p1a: Snorlax
|-damage|p1a: Snorlax|168\/523
|move|p1a: Snorlax|Hyper Beam|p2a: Tauros
|-damage|p2a: Tauros|146\/353
|
|turn|21
|-mustrecharge|p1a: Snorlax
|-mustrecharge|p1a: Snorlax
|choice|move 1|move 2
|
|move|p2a: Tauros|Hyper Beam|p1a: Snorlax
|-damage|p1a: Snorlax|0 fnt
|faint|p1a: Snorlax
|
|win|LibertarianMaster
|player|p1
|player|p2
|raw|pkmn trainer red22's rating: 1000 &rarr; <strong>1000<\/strong><br \/>(+0 for losing)
|raw|LibertarianMaster's rating: 1234 &rarr; <strong>1244<\/strong><br \/>(+10 for winning)
|c|★LibertarianMaster|well done
|l|pkmn trainer red22