|join|Broncosfan88
|join|MALESANI
|player|p1|Broncosfan88|102
|player|p2|MALESANI|238
|gametype|singles
|gen|1
|tier|[Gen 1] Random Battle
|rated
|seed|61428,58260,33691,11574
|rule|Sleep Clause Mod: Limit one foe put to sleep
|rule|Freeze Clause Mod: Limit one foe frozen
|rule|HP Percentage Mod: HP is shown in percentages
|
|start
|switch|p1a: Aerodactyl|Aerodactyl, L90|327\/327
|switch|p2a: Nidorino|Nidorino, L90|293\/293
|turn|1
|choice|move 4|move 2
|
|move|p1a: Aerodactyl|Double-Edge|p2a: Nidorino
|-crit|p2a: Nidorino
|-damage|p2a: Nidorino|93\/293
|-damage|p1a: Aerodactyl|277\/327|[from] recoil|[of] p2a: Nidorino
|move|p2a: Nidorino|Thunder|p1a: Aerodactyl
|-supereffective|p1a: Aerodactyl
|-damage|p1a: Aerodactyl|105\/327
|
|turn|2
|choice|move 2|move 3
|
|move|p1a: Aerodactyl|Hyper Beam|p2a: Nidorino
|-damage|p2a: Nidorino|0 fnt
|faint|p2a: Nidorino
|choice||switch 4
|
|switch|p2a: Marowak|Marowak, L90|291\/291
|turn|3
|choice|switch 3|move 3
|
|switch|p1a: Gyarados|Gyarados, L85|335\/335
|move|p2a: Marowak|Blizzard|p1a: Gyarados
|-damage|p1a: Gyarados|274\/335
|
|turn|4
|choice|move 1|switch 5
|
|switch|p2a: Kangaskhan|Kangaskhan, L85|352\/352
|move|p1a: Gyarados|Body Slam|p2a: Kangaskhan
|-damage|p2a: Kangaskhan|270\/352
|
|turn|5
|choice|move 4|move 4
|
|move|p2a: Kangaskhan|Body Slam|p1a: Gyarados
|-damage|p1a: Gyarados|172\/335
|-status|p1a: Gyarados|par
|cant|p1a: Gyarados|par
|
|turn|6
|choice|move 4|move 4
|
|move|p2a: Kangaskhan|Body Slam|p1a: Gyarados
|-damage|p1a: Gyarados|69\/335 par
|move|p1a: Gyarados|Surf|p2a: Kangaskhan
|-damage|p2a: Kangaskhan|103\/352
|
|turn|7
|choice|move 4|move 4
|
|move|p2a: Kangaskhan|Body Slam|p1a: Gyarados
|-damage|p1a: Gyarados|0 fnt
|faint|p1a: Gyarados
|choice|switch 3|
|
|switch|p1a: Aerodactyl|Aerodactyl, L90|105\/327
|turn|8
|choice|move 2|move 3
|
|move|p1a: Aerodactyl|Hyper Beam|p2a: Kangaskhan
|-damage|p2a: Kangaskhan|0 fnt
|faint|p2a: Kangaskhan
|choice||switch 5
|
|switch|p2a: Marowak|Marowak, L90|291\/291
|turn|9
|choice|switch 5|move 3
|
|switch|p1a: Wigglytuff|Wigglytuff, L90|435\/435
|move|p2a: Marowak|Blizzard|p1a: Wigglytuff
|-damage|p1a: Wigglytuff|345\/435
|-status|p1a: Wigglytuff|frz
|
|turn|10
|choice|switch 5|move 1
|
|switch|p1a: Aerodactyl|Aerodactyl, L90|105\/327
|move|p2a: Marowak|Body Slam|p1a: Aerodactyl
|-resisted|p1a: Aerodactyl
|-damage|p1a: Aerodactyl|69\/327
|
|turn|11
|choice|move 2|move 2
|
|move|p1a: Aerodactyl|Hyper Beam|p2a: Marowak|[miss]
|-miss|p1a: Aerodactyl
|move|p2a: Marowak|Seismic Toss|p1a: Aerodactyl
|-damage|p1a: Aerodactyl|0 fnt
|faint|p1a: Aerodactyl
|choice|switch 4|
|
|switch|p1a: Weezing|Weezing, L90|300\/300
|turn|12
|choice|move 1|move 4
|
|move|p1a: Weezing|Explosion|p2a: Marowak
|-damage|p2a: Marowak|80\/291
|faint|p1a: Weezing
|choice|switch 6|
|
|switch|p1a: Electrode|Electrode, L90|291\/291
|turn|13
|c|★Broncosfan88|lol
|c|★Broncosfan88|literally have no way to kill marowak
|c|★Broncosfan88|except bklow up
|choice|move 1|move 4
|
|move|p1a: Electrode|Explosion|p2a: Marowak
|-damage|p2a: Marowak|0 fnt
|faint|p2a: Marowak
|faint|p1a: Electrode
|choice|switch 2|switch 2
|
|switch|p1a: Ponyta|Ponyta, L96|291\/291
|switch|p2a: Butterfree|Butterfree, L90|291\/291
|turn|14
|c|★MALESANI|sorry
|c|★Broncosfan88|no worries
|c|★Broncosfan88|gg
|-message|Broncosfan88 forfeited.
|
|win|MALESANI
|leave|Broncosfan88
|player|p1