|join|kid gf lol
|join|Kel9901
|player|p1|kid gf lol|114
|player|p2|Kel9901|114
|gametype|singles
|gen|1
|tier|[Gen 1] Random Battle
|rule|Sleep Clause Mod: Limit one foe put to sleep
|rule|Freeze Clause Mod: Limit one foe frozen
|rule|HP Percentage Mod: HP is shown in percentages
|
|start
|switch|p1a: Nidorino|Nidorino, L92|299\/299
|switch|p2a: Seel|Seel, L95|316\/316
|turn|1
|c|★Kel9901|fuck team
|c|★kid gf lol|mines okay i guess
|c|★kid gf lol|not the best
|
|move|p1a: Nidorino|Thunderbolt|p2a: Seel
|-supereffective|p2a: Seel
|-damage|p2a: Seel|193\/316
|move|p2a: Seel|Surf|p1a: Nidorino
|-damage|p1a: Nidorino|164\/299
|
|turn|2
|
|move|p1a: Nidorino|Thunderbolt|p2a: Seel
|-supereffective|p2a: Seel
|-damage|p2a: Seel|84\/316
|move|p2a: Seel|Body Slam|p1a: Nidorino
|-damage|p1a: Nidorino|109\/299
|-status|p1a: Nidorino|par
|
|turn|3
|
|move|p2a: Seel|Surf|p1a: Nidorino
|-damage|p1a: Nidorino|0 fnt
|faint|p1a: Nidorino
|
|switch|p1a: Electabuzz|Electabuzz, L86|287\/287
|turn|4
|
|move|p1a: Electabuzz|Thunderbolt|p2a: Seel
|-supereffective|p2a: Seel
|-damage|p2a: Seel|0 fnt
|faint|p2a: Seel
|
|switch|p2a: Venomoth|Venomoth, L86|296\/296
|turn|5
|
|move|p1a: Electabuzz|Psychic|p2a: Venomoth
|-supereffective|p2a: Venomoth
|-damage|p2a: Venomoth|174\/296
|-unboost|p2a: Venomoth|spd|1
|-unboost|p2a: Venomoth|spa|1
|move|p2a: Venomoth|Sleep Powder|p1a: Electabuzz
|-status|p1a: Electabuzz|slp
|
|turn|6
|
|switch|p2a: Ponyta|Ponyta, L95|288\/288
|cant|p1a: Electabuzz|slp
|
|turn|7
|
|switch|p1a: Rhydon|Rhydon, L80|332\/332
|move|p2a: Ponyta|Fire Blast|p1a: Rhydon|[miss]
|-miss|p2a: Ponyta
|
|turn|8
|
|switch|p2a: Golbat|Golbat, L86|304\/304
|move|p1a: Rhydon|Earthquake|p2a: Golbat
|-immune|p2a: Golbat|[msg]
|
|turn|9
|
|move|p2a: Golbat|Mega Drain|p1a: Rhydon
|-supereffective|p1a: Rhydon
|-damage|p1a: Rhydon|167\/332
|move|p1a: Rhydon|Rock Slide|p2a: Golbat
|-supereffective|p2a: Golbat
|-damage|p2a: Golbat|94\/304
|
|turn|10
|c|★Kel9901|did your rhydon just get shrekt by a golbat
|c|★Kel9901|;D
|
|move|p2a: Golbat|Mega Drain|p1a: Rhydon
|-supereffective|p1a: Rhydon
|-damage|p1a: Rhydon|21\/332
|-heal|p2a: Golbat|167\/304|[from] drain|[of] p1a: Rhydon
|move|p1a: Rhydon|Rock Slide|p2a: Golbat
|-supereffective|p2a: Golbat
|-damage|p2a: Golbat|0 fnt
|faint|p2a: Golbat
|c|★kid gf lol|nope
|
|switch|p2a: Ponyta|Ponyta, L95|288\/288
|turn|11
|
|move|p2a: Ponyta|Fire Blast|p1a: Rhydon
|-crit|p1a: Rhydon
|-resisted|p1a: Rhydon
|-damage|p1a: Rhydon|0 fnt
|faint|p1a: Rhydon
|
|switch|p1a: Marowak|Marowak, L86|279\/279
|turn|12
|c|★kid gf lol|cuz i jabe marowak son
|
|move|p2a: Ponyta|Fire Blast|p1a: Marowak
|-damage|p1a: Marowak|102\/279
|-status|p1a: Marowak|brn
|move|p1a: Marowak|Earthquake|p2a: Ponyta
|-supereffective|p2a: Ponyta
|-damage|p2a: Ponyta|170\/288
|-damage|p1a: Marowak|85\/279 brn|[from] brn|[of] p2a: Ponyta
|
|turn|13
|
|move|p2a: Ponyta|Fire Blast|p1a: Marowak|[miss]
|-miss|p2a: Ponyta
|move|p1a: Marowak|Earthquake|p2a: Ponyta
|-supereffective|p2a: Ponyta
|-damage|p2a: Ponyta|62\/288
|-damage|p1a: Marowak|68\/279 brn|[from] brn|[of] p2a: Ponyta
|
|turn|14
|
|move|p2a: Ponyta|Fire Blast|p1a: Marowak
|-crit|p1a: Marowak
|-damage|p1a: Marowak|0 fnt
|faint|p1a: Marowak
|c|★kid gf lol|!data ponyta
|c|~|\/data-pokemon Ponyta

|c|★kid gf lol|shit
|
|switch|p1a: Weezing|Weezing, L86|287\/287
|turn|15
|
|move|p2a: Ponyta|Fire Blast|p1a: Weezing
|-damage|p1a: Weezing|165\/287
|move|p1a: Weezing|Sludge|p2a: Ponyta
|-damage|p2a: Ponyta|0 fnt
|faint|p2a: Ponyta
|
|switch|p2a: Mew|Mew, L77|312\/312
|turn|16
|
|move|p2a: Mew|Psychic|p1a: Weezing
|-supereffective|p1a: Weezing
|-damage|p1a: Weezing|5\/287
|move|p1a: Weezing|Explosion|p2a: Mew
|-damage|p2a: Mew|59\/312
|faint|p1a: Weezing
|c|★Kel9901|fuck
|c|★Kel9901|wow
|c|★Kel9901|dayum
|
|switch|p1a: Hitmonchan|Hitmonchan, L86|261\/261
|turn|17
|
|move|p2a: Mew|Psychic|p1a: Hitmonchan
|-supereffective|p1a: Hitmonchan
|-damage|p1a: Hitmonchan|7\/261
|-unboost|p1a: Hitmonchan|spd|1
|-unboost|p1a: Hitmonchan|spa|1
|move|p1a: Hitmonchan|Seismic Toss|p2a: Mew
|-damage|p2a: Mew|0 fnt
|faint|p2a: Mew
|
|switch|p2a: Venomoth|Venomoth, L86|174\/296
|turn|18
|
|move|p2a: Venomoth|Mega Drain|p1a: Hitmonchan
|-damage|p1a: Hitmonchan|0 fnt
|-heal|p2a: Venomoth|177\/296|[from] drain|[of] p1a: Hitmonchan
|faint|p1a: Hitmonchan
|
|switch|p1a: Electabuzz|Electabuzz, L86|287\/287 slp
|turn|19
|
|cant|p1a: Electabuzz|slp
|move|p2a: Venomoth|Psychic|p1a: Electabuzz
|-damage|p1a: Electabuzz|221\/287 slp
|
|turn|20
|
|cant|p1a: Electabuzz|slp
|move|p2a: Venomoth|Psychic|p1a: Electabuzz
|-crit|p1a: Electabuzz
|-damage|p1a: Electabuzz|107\/287 slp
|
|turn|21
|c|★kid gf lol|wake up you fuck
|
|cant|p1a: Electabuzz|slp
|move|p2a: Venomoth|Psychic|p1a: Electabuzz
|-damage|p1a: Electabuzz|45\/287 slp
|
|turn|22
|c|★Kel9901|gg
|
|cant|p1a: Electabuzz|slp
|-curestatus|p1a: Electabuzz|slp
|move|p2a: Venomoth|Psychic|p1a: Electabuzz
|-crit|p1a: Electabuzz
|-damage|p1a: Electabuzz|0 fnt
|faint|p1a: Electabuzz
|
|win|Kel9901
|c|★Kel9901|rekt
|c|★kid gf lol|wait
|c|★kid gf lol|what was last mon