|j|Conman033
|j|smallbags
|player|p1|Conman033|209
|player|p2|smallbags|101
|gametype|singles
|gen|1
|tier|[Gen 1] Random Battle
|rated
|seed|
|rule|Sleep Clause Mod: Limit one foe put to sleep
|rule|Freeze Clause Mod: Limit one foe frozen
|rule|HP Percentage Mod: HP is shown in percentages
|
|start
|switch|p1a: Eevee|Eevee, L96|100\/100
|switch|p2a: Metapod|Metapod, L99|100\/100
|turn|1
|choice||
|
|switch|p2a: Gengar|Gengar, L79|100\/100
|move|p1a: Eevee|Reflect|p1a: Eevee
|-start|p1a: Eevee|Reflect
|
|turn|2
|choice||
|
|switch|p1a: Wigglytuff|Wigglytuff, L90|100\/100
|move|p2a: Gengar|Psychic|p1a: Wigglytuff
|-damage|p1a: Wigglytuff|80\/100
|
|turn|3
|choice||
|
|move|p2a: Gengar|Hypnosis|p1a: Wigglytuff
|-status|p1a: Wigglytuff|slp
|cant|p1a: Wigglytuff|slp
|
|turn|4
|choice||
|
|move|p2a: Gengar|Psychic|p1a: Wigglytuff
|-crit|p1a: Wigglytuff
|-damage|p1a: Wigglytuff|38\/100 slp
|cant|p1a: Wigglytuff|slp
|
|turn|5
|choice||
|
|move|p2a: Gengar|Psychic|p1a: Wigglytuff
|-damage|p1a: Wigglytuff|18\/100 slp
|cant|p1a: Wigglytuff|slp
|
|turn|6
|choice||
|
|switch|p1a: Jolteon|Jolteon, L79|100\/100
|move|p2a: Gengar|Psychic|p1a: Jolteon
|-damage|p1a: Jolteon|77\/100
|-unboost|p1a: Jolteon|spd|1
|-unboost|p1a: Jolteon|spa|1
|
|turn|7
|choice||
|
|move|p1a: Jolteon|Thunder Wave|p2a: Gengar
|-status|p2a: Gengar|par
|move|p2a: Gengar|Psychic|p1a: Jolteon
|-damage|p1a: Jolteon|42\/100
|-unboost|p1a: Jolteon|spd|1
|-unboost|p1a: Jolteon|spa|1
|
|turn|8
|c|★Conman033|damn hax be on your side
|choice||
|
|switch|p1a: Wigglytuff|Wigglytuff, L90|18\/100 slp
|move|p2a: Gengar|Psychic|p1a: Wigglytuff
|-damage|p1a: Wigglytuff|0 fnt
|faint|p1a: Wigglytuff
|choice||
|
|switch|p1a: Graveler|Graveler, L85|100\/100
|turn|9
|choice||
|
|switch|p2a: Metapod|Metapod, L99|100\/100
|move|p1a: Graveler|Rock Slide|p2a: Metapod
|-supereffective|p2a: Metapod
|-damage|p2a: Metapod|36\/100
|
|turn|10
|choice||
|
|move|p2a: Metapod|Tackle|p1a: Graveler
|-resisted|p1a: Graveler
|-damage|p1a: Graveler|98\/100
|move|p1a: Graveler|Body Slam|p2a: Metapod
|-damage|p2a: Metapod|11\/100
|-status|p2a: Metapod|par
|
|turn|11
|choice||
|
|move|p1a: Graveler|Body Slam|p2a: Metapod
|-damage|p2a: Metapod|0 fnt
|faint|p2a: Metapod
|choice||
|
|switch|p2a: Starmie|Starmie, L79|100\/100
|turn|12
|choice||
|
|switch|p1a: Weepinbell|Weepinbell, L85|100\/100
|move|p2a: Starmie|Surf|p1a: Weepinbell
|-crit|p1a: Weepinbell
|-resisted|p1a: Weepinbell
|-damage|p1a: Weepinbell|71\/100
|
|turn|13
|choice||
|
|switch|p2a: Gengar|Gengar, L79|100\/100 par
|move|p1a: Weepinbell|Body Slam|p2a: Gengar
|-immune|p2a: Gengar|[msg]
|
|turn|14
|c|★Conman033|lol yea my team absolutely blows
|choice||
|
|move|p1a: Weepinbell|Swords Dance|p1a: Weepinbell
|-boost|p1a: Weepinbell|atk|2
|move|p2a: Gengar|Psychic|p1a: Weepinbell
|-supereffective|p1a: Weepinbell
|-damage|p1a: Weepinbell|19\/100
|
|turn|15
|choice||
|
|move|p1a: Weepinbell|Razor Leaf|p2a: Gengar
|-crit|p2a: Gengar
|-resisted|p2a: Gengar
|-damage|p2a: Gengar|83\/100 par
|move|p2a: Gengar|Hypnosis|p1a: Weepinbell|[miss]
|-miss|p2a: Gengar
|
|turn|16
|choice||
|
|move|p1a: Weepinbell|Razor Leaf|p2a: Gengar
|-crit|p2a: Gengar
|-resisted|p2a: Gengar
|-damage|p2a: Gengar|65\/100 par
|move|p2a: Gengar|Psychic|p1a: Weepinbell
|-crit|p1a: Weepinbell
|-supereffective|p1a: Weepinbell
|-damage|p1a: Weepinbell|0 fnt
|faint|p1a: Weepinbell
|choice||
|
|switch|p1a: Jolteon|Jolteon, L79|42\/100
|turn|17
|choice||
|
|move|p1a: Jolteon|Thunderbolt|p2a: Gengar
|-damage|p2a: Gengar|32\/100 par
|move|p2a: Gengar|Psychic|p1a: Jolteon
|-damage|p1a: Jolteon|18\/100
|
|turn|18
|choice||
|
|switch|p2a: Jolteon|Jolteon, L79|100\/100
|move|p1a: Jolteon|Thunderbolt|p2a: Jolteon
|-resisted|p2a: Jolteon
|-damage|p2a: Jolteon|85\/100
|
|turn|19
|choice||
|
|move|p2a: Jolteon|Double Kick|p1a: Jolteon
|-damage|p1a: Jolteon|11\/100
|-damage|p1a: Jolteon|4\/100
|-hitcount|p1a: Jolteon|2
|move|p1a: Jolteon|Thunderbolt|p2a: Jolteon
|-resisted|p2a: Jolteon
|-damage|p2a: Jolteon|69\/100
|
|turn|20
|choice||
|
|switch|p1a: Graveler|Graveler, L85|98\/100
|move|p2a: Jolteon|Double Kick|p1a: Graveler
|-supereffective|p1a: Graveler
|-damage|p1a: Graveler|88\/100
|-damage|p1a: Graveler|78\/100
|-hitcount|p1a: Graveler|2
|
|turn|21
|choice||
|
|switch|p2a: Starmie|Starmie, L79|100\/100
|move|p1a: Graveler|Body Slam|p2a: Starmie
|-damage|p2a: Starmie|74\/100
|-status|p2a: Starmie|par
|
|turn|22
|choice||
|
|switch|p1a: Gengar|Gengar, L79|100\/100
|move|p2a: Starmie|Surf|p1a: Gengar
|-crit|p1a: Gengar
|-damage|p1a: Gengar|43\/100
|
|turn|23
|choice||
|
|move|p1a: Gengar|Thunderbolt|p2a: Starmie
|-supereffective|p2a: Starmie
|-damage|p2a: Starmie|22\/100 par
|move|p2a: Starmie|Surf|p1a: Gengar
|-damage|p1a: Gengar|15\/100
|
|turn|24
|choice||
|
|switch|p1a: Eevee|Eevee, L96|100\/100
|move|p2a: Starmie|Surf|p1a: Eevee
|-damage|p1a: Eevee|71\/100
|
|turn|25
|choice||
|
|move|p1a: Eevee|Body Slam|p2a: Starmie
|-damage|p2a: Starmie|0 fnt
|faint|p2a: Starmie
|choice||
|
|switch|p2a: Gengar|Gengar, L79|32\/100 par
|turn|26
|choice||
|
|move|p1a: Eevee|Growl|p2a: Gengar
|-unboost|p2a: Gengar|atk|1
|cant|p2a: Gengar|par
|
|turn|27
|choice||
|
|move|p1a: Eevee|Tail Whip|p2a: Gengar
|-unboost|p2a: Gengar|def|1
|cant|p2a: Gengar|par
|
|turn|28
|choice||
|
|move|p1a: Eevee|Reflect|p1a: Eevee
|-start|p1a: Eevee|Reflect
|move|p2a: Gengar|Mega Drain|p1a: Eevee
|-damage|p1a: Eevee|61\/100
|-heal|p2a: Gengar|38\/100 par|[from] drain|[of] p1a: Eevee
|
|turn|29
|choice||
|
|switch|p1a: Gengar|Gengar, L79|15\/100
|move|p2a: Gengar|Psychic|p1a: Gengar
|-supereffective|p1a: Gengar
|-damage|p1a: Gengar|0 fnt
|faint|p1a: Gengar
|choice||
|
|switch|p1a: Graveler|Graveler, L85|78\/100
|turn|30
|choice||
|
|switch|p2a: Zapdos|Zapdos, L79|100\/100
|move|p1a: Graveler|Earthquake|p2a: Zapdos
|-immune|p2a: Zapdos|[msg]
|
|turn|31
|choice||
|
|move|p2a: Zapdos|Drill Peck|p1a: Graveler
|-crit|p1a: Graveler
|-resisted|p1a: Graveler
|-damage|p1a: Graveler|55\/100
|move|p1a: Graveler|Rock Slide|p2a: Zapdos
|-supereffective|p2a: Zapdos
|-damage|p2a: Zapdos|40\/100
|
|turn|32
|choice||
|
|move|p2a: Zapdos|Drill Peck|p1a: Graveler
|-resisted|p1a: Graveler
|-damage|p1a: Graveler|45\/100
|move|p1a: Graveler|Rock Slide|p2a: Zapdos|[miss]
|-miss|p1a: Graveler
|
|turn|33
|c|★Conman033|sigh
|c|★Conman033|this bs from the start
|c|★Conman033|-_-
|choice||
|
|move|p2a: Zapdos|Drill Peck|p1a: Graveler
|-resisted|p1a: Graveler
|-damage|p1a: Graveler|34\/100
|move|p1a: Graveler|Rock Slide|p2a: Zapdos
|-supereffective|p2a: Zapdos
|-damage|p2a: Zapdos|0 fnt
|faint|p2a: Zapdos
|c|★smallbags|gengar really walled your team
|choice||
|
|switch|p2a: Articuno|Articuno, L79|100\/100
|turn|34
|c|★Conman033|lol i know
|choice||
|
|switch|p1a: Eevee|Eevee, L96|61\/100
|move|p2a: Articuno|Ice Beam|p1a: Eevee
|-damage|p1a: Eevee|22\/100
|
|turn|35
|choice||
|
|move|p2a: Articuno|Ice Beam|p1a: Eevee
|-damage|p1a: Eevee|0 fnt
|faint|p1a: Eevee
|c|★Conman033|my team wasn't that good compared to yours
|choice||
|
|switch|p1a: Jolteon|Jolteon, L79|4\/100
|turn|36
|choice||
|
|switch|p2a: Jolteon|Jolteon, L79|69\/100
|move|p1a: Jolteon|Thunder Wave|p2a: Jolteon
|-status|p2a: Jolteon|par
|
|turn|37
|c|★Conman033|i had to rely on jolteon and gengar
|choice||
|
|switch|p1a: Graveler|Graveler, L85|34\/100
|move|p2a: Jolteon|Double Kick|p1a: Graveler
|-crit|p1a: Graveler
|-supereffective|p1a: Graveler
|-damage|p1a: Graveler|16\/100
|-damage|p1a: Graveler|0 fnt
|-hitcount|p1a: Graveler|2
|faint|p1a: Graveler
|c|★Conman033|ugh
|c|★Conman033|this fuckin bs
|c|★Conman033|team blows and hax was against me. the fuck! lol
|choice||
|
|switch|p1a: Jolteon|Jolteon, L79|4\/100
|turn|38
|choice||
|
|move|p1a: Jolteon|Thunderbolt|p2a: Jolteon
|-resisted|p2a: Jolteon
|-damage|p2a: Jolteon|51\/100 par
|move|p2a: Jolteon|Double Kick|p1a: Jolteon
|-damage|p1a: Jolteon|0 fnt
|-hitcount|p1a: Jolteon|1
|faint|p1a: Jolteon
|
|win|smallbags
|player|p1
|player|p2
|raw|Conman033's rating: 1482 &rarr; <strong>1454<\/strong><br \/>(-28 for losing)
|raw|smallbags's rating: 1336 &rarr; <strong>1364<\/strong><br \/>(+28 for winning)
|l|smallbags