|join|kid gf lol
|join|the yung god
|player|p1|kid gf lol|167
|player|p2|the yung god|252
|gametype|singles
|gen|1
|tier|[Gen 1] OU (beta)
|rated
|rule|Sleep Clause Mod: Limit one foe put to sleep
|rule|Species Clause: Limit one of each Pokemon
|rule|OHKO Clause: OHKO moves are banned
|rule|Moody Clause: Moody is banned
|rule|Evasion Moves Clause: Evasion moves are banned
|rule|Endless Battle Clause: Forcing endless battles is banned.
|rule|HP Percentage Mod: HP is reported as percentages
|
|start
|switch|p1a: Zam Lead|Alakazam|313\/313
|switch|p2a: Alakazam|Alakazam|313\/313
|turn|1
|
|switch|p2a: Tangela|Tangela|333\/333
|switch|p1a: Result of Incest|Exeggutor|393\/393
|
|turn|2
|
|switch|p1a: Zam Lead|Alakazam|313\/313
|move|p2a: Tangela|Sleep Powder|p1a: Zam Lead
|-status|p1a: Zam Lead|slp
|
|turn|3
|
|switch|p1a: Result of Incest|Exeggutor|393\/393
|move|p2a: Tangela|Stun Spore|p1a: Result of Incest|[miss]
|-miss|p2a: Tangela
|
|turn|4
|
|move|p2a: Tangela|Bind|p1a: Result of Incest
|-damage|p1a: Result of Incest|384\/393
|-activate|p1a: Result of Incest|move: Bind|[of] p2a: Tangela
|cant|p1a: Result of Incest|partiallytrapped
|
|turn|5
|
|move|p2a: Tangela|Bind|p1a: Result of Incest
|-damage|p1a: Result of Incest|375\/393
|cant|p1a: Result of Incest|partiallytrapped
|
|turn|6
|
|move|p2a: Tangela|Bind|p1a: Result of Incest
|-damage|p1a: Result of Incest|366\/393
|cant|p1a: Result of Incest|partiallytrapped
|
|turn|7
|
|move|p2a: Tangela|Bind|p1a: Result of Incest
|-damage|p1a: Result of Incest|357\/393
|cant|p1a: Result of Incest|partiallytrapped
|
|turn|8
|
|move|p2a: Tangela|Bind|p1a: Result of Incest
|-damage|p1a: Result of Incest|348\/393
|cant|p1a: Result of Incest|partiallytrapped
|
|-end|p1a: Result of Incest|Bind|[partiallytrapped]
|turn|9
|
|move|p2a: Tangela|Bind|p1a: Result of Incest
|-damage|p1a: Result of Incest|339\/393
|-activate|p1a: Result of Incest|move: Bind|[of] p2a: Tangela
|cant|p1a: Result of Incest|partiallytrapped
|
|turn|10
|
|move|p2a: Tangela|Bind|p1a: Result of Incest
|-damage|p1a: Result of Incest|330\/393
|cant|p1a: Result of Incest|partiallytrapped
|
|-end|p1a: Result of Incest|Bind|[partiallytrapped]
|turn|11
|
|move|p2a: Tangela|Bind|p1a: Result of Incest|[miss]
|-miss|p2a: Tangela
|move|p1a: Result of Incest|Psychic|p2a: Tangela
|-crit|p2a: Tangela
|-damage|p2a: Tangela|90\/333
|-unboost|p2a: Tangela|spd|1
|-unboost|p2a: Tangela|spa|1
|
|turn|12
|
|move|p2a: Tangela|Stun Spore|p1a: Result of Incest
|-status|p1a: Result of Incest|par
|cant|p1a: Result of Incest|par
|
|turn|13
|
|move|p2a: Tangela|Bind|p1a: Result of Incest
|-damage|p1a: Result of Incest|320\/393 par
|-activate|p1a: Result of Incest|move: Bind|[of] p2a: Tangela
|cant|p1a: Result of Incest|partiallytrapped
|
|turn|14
|
|move|p2a: Tangela|Bind|p1a: Result of Incest
|-damage|p1a: Result of Incest|310\/393 par
|cant|p1a: Result of Incest|par
|
|turn|15
|
|move|p2a: Tangela|Bind|p1a: Result of Incest
|-damage|p1a: Result of Incest|300\/393 par
|cant|p1a: Result of Incest|par
|
|turn|16
|
|move|p2a: Tangela|Bind|p1a: Result of Incest
|-damage|p1a: Result of Incest|290\/393 par
|cant|p1a: Result of Incest|partiallytrapped
|
|-end|p1a: Result of Incest|Bind|[partiallytrapped]
|turn|17
|
|move|p2a: Tangela|Bind|p1a: Result of Incest
|-damage|p1a: Result of Incest|281\/393 par
|-activate|p1a: Result of Incest|move: Bind|[of] p2a: Tangela
|cant|p1a: Result of Incest|partiallytrapped
|
|turn|18
|
|move|p2a: Tangela|Bind|p1a: Result of Incest
|-damage|p1a: Result of Incest|272\/393 par
|cant|p1a: Result of Incest|partiallytrapped
|
|-end|p1a: Result of Incest|Bind|[partiallytrapped]
|turn|19
|
|move|p2a: Tangela|Bind|p1a: Result of Incest
|-damage|p1a: Result of Incest|262\/393 par
|-activate|p1a: Result of Incest|move: Bind|[of] p2a: Tangela
|cant|p1a: Result of Incest|par
|
|turn|20
|
|move|p2a: Tangela|Bind|p1a: Result of Incest
|-damage|p1a: Result of Incest|252\/393 par
|cant|p1a: Result of Incest|partiallytrapped
|
|-end|p1a: Result of Incest|Bind|[partiallytrapped]
|turn|21
|
|move|p2a: Tangela|Bind|p1a: Result of Incest
|-damage|p1a: Result of Incest|242\/393 par
|-activate|p1a: Result of Incest|move: Bind|[of] p2a: Tangela
|cant|p1a: Result of Incest|partiallytrapped
|
|turn|22
|
|move|p2a: Tangela|Bind|p1a: Result of Incest
|-damage|p1a: Result of Incest|232\/393 par
|cant|p1a: Result of Incest|partiallytrapped
|
|-end|p1a: Result of Incest|Bind|[partiallytrapped]
|turn|23
|
|move|p2a: Tangela|Bind|p1a: Result of Incest
|-damage|p1a: Result of Incest|222\/393 par
|-activate|p1a: Result of Incest|move: Bind|[of] p2a: Tangela
|cant|p1a: Result of Incest|partiallytrapped
|
|turn|24
|join|hisweetcaroline
|
|move|p2a: Tangela|Bind|p1a: Result of Incest
|-damage|p1a: Result of Incest|212\/393 par
|cant|p1a: Result of Incest|partiallytrapped
|
|turn|25
|
|move|p2a: Tangela|Bind|p1a: Result of Incest
|-damage|p1a: Result of Incest|202\/393 par
|cant|p1a: Result of Incest|partiallytrapped
|
|turn|26
|
|move|p2a: Tangela|Bind|p1a: Result of Incest
|-damage|p1a: Result of Incest|192\/393 par
|cant|p1a: Result of Incest|partiallytrapped
|
|turn|27
|
|move|p2a: Tangela|Bind|p1a: Result of Incest
|-damage|p1a: Result of Incest|182\/393 par
|cant|p1a: Result of Incest|partiallytrapped
|
|-end|p1a: Result of Incest|Bind|[partiallytrapped]
|turn|28
|
|move|p2a: Tangela|Bind|p1a: Result of Incest
|-crit|p1a: Result of Incest
|-damage|p1a: Result of Incest|160\/393 par
|-activate|p1a: Result of Incest|move: Bind|[of] p2a: Tangela
|cant|p1a: Result of Incest|par
|
|turn|29
|
|switch|p1a: That's Bull|Tauros|353\/353
|move|p2a: Tangela|Bind|p1a: That's Bull
|-damage|p1a: That's Bull|344\/353
|-activate|p1a: That's Bull|move: Bind|[of] p2a: Tangela
|
|turn|30
|
|cant|p1a: That's Bull|partiallytrapped
|move|p2a: Tangela|Bind|p1a: That's Bull
|-damage|p1a: That's Bull|322\/353
|
|turn|31
|
|cant|p1a: That's Bull|partiallytrapped
|move|p2a: Tangela|Bind|p1a: That's Bull
|-damage|p1a: That's Bull|300\/353
|
|turn|32
|
|cant|p1a: That's Bull|partiallytrapped
|move|p2a: Tangela|Bind|p1a: That's Bull
|-damage|p1a: That's Bull|278\/353
|
|-end|p1a: That's Bull|Bind|[partiallytrapped]
|turn|33
|
|switch|p2a: Cloyster|Cloyster|303\/303
|move|p1a: That's Bull|Blizzard|p2a: Cloyster|[miss]
|-miss|p1a: That's Bull
|
|turn|34
|
|move|p1a: That's Bull|Body Slam|p2a: Cloyster
|-damage|p2a: Cloyster|235\/303
|move|p2a: Cloyster|Clamp|p1a: That's Bull
|-damage|p1a: That's Bull|232\/353
|-activate|p1a: That's Bull|move: Clamp|[of] p2a: Cloyster
|
|turn|35
|
|cant|p1a: That's Bull|partiallytrapped
|move|p2a: Cloyster|Clamp|p1a: That's Bull
|-damage|p1a: That's Bull|186\/353
|
|turn|36
|
|cant|p1a: That's Bull|partiallytrapped
|move|p2a: Cloyster|Clamp|p1a: That's Bull
|-damage|p1a: That's Bull|140\/353
|
|turn|37
|
|cant|p1a: That's Bull|partiallytrapped
|move|p2a: Cloyster|Clamp|p1a: That's Bull
|-damage|p1a: That's Bull|94\/353
|
|turn|38
|
|cant|p1a: That's Bull|partiallytrapped
|move|p2a: Cloyster|Clamp|p1a: That's Bull
|-damage|p1a: That's Bull|48\/353
|
|-end|p1a: That's Bull|Clamp|[partiallytrapped]
|turn|39
|
|move|p1a: That's Bull|Body Slam|p2a: Cloyster
|-damage|p2a: Cloyster|171\/303
|move|p2a: Cloyster|Double-Edge|p1a: That's Bull
|-damage|p1a: That's Bull|0 fnt
|-damage|p2a: Cloyster|159\/303|[from] recoil|[of] p1a: That's Bull
|faint|p1a: That's Bull
|
|
|switch|p1a: Breakfast Pouch|Chansey|703\/703
|turn|40
|
|move|p2a: Cloyster|Explosion|p1a: Breakfast Pouch
|-damage|p1a: Breakfast Pouch|0 fnt
|faint|p1a: Breakfast Pouch
|faint|p2a: Cloyster
|join|Saxorus
|
|switch|p1a: Zam Lead|Alakazam|313\/313 slp
|switch|p2a: Victreebel|Victreebel|363\/363
|turn|41
|
|cant|p1a: Zam Lead|slp
|move|p2a: Victreebel|Wrap|p1a: Zam Lead|[miss]
|-miss|p2a: Victreebel
|
|turn|42
|
|cant|p1a: Zam Lead|slp
|-curestatus|p1a: Zam Lead|slp
|move|p2a: Victreebel|Double-Edge|p1a: Zam Lead
|-damage|p1a: Zam Lead|176\/313
|-damage|p2a: Victreebel|329\/363|[from] recoil|[of] p1a: Zam Lead
|
|turn|43
|
|move|p1a: Zam Lead|Thunder Wave|p2a: Victreebel
|-status|p2a: Victreebel|par
|move|p2a: Victreebel|Stun Spore|p1a: Zam Lead
|-status|p1a: Zam Lead|par
|
|turn|44
|
|move|p1a: Zam Lead|Psychic|p2a: Victreebel
|-supereffective|p2a: Victreebel
|-damage|p2a: Victreebel|63\/363 par
|cant|p2a: Victreebel|par
|
|turn|45
|
|move|p1a: Zam Lead|Psychic|p2a: Victreebel
|-supereffective|p2a: Victreebel
|-damage|p2a: Victreebel|0 fnt
|faint|p2a: Victreebel
|
|
|switch|p2a: Onix|Onix|273\/273
|turn|46
|
|switch|p1a: TNT|Golem|363\/363
|move|p2a: Onix|Bind|p1a: TNT
|-resisted|p1a: TNT
|-damage|p1a: TNT|360\/363
|-activate|p1a: TNT|move: Bind|[of] p2a: Onix
|
|turn|47
|chat|Saxorus|lol Onix
|
|move|p2a: Onix|Bind|p1a: TNT
|-damage|p1a: TNT|357\/363
|cant|p1a: TNT|partiallytrapped
|
|-end|p1a: TNT|Bind|[partiallytrapped]
|turn|48
|chat|the yung god|it gets bind
|
|switch|p2a: Alakazam|Alakazam|313\/313
|move|p1a: TNT|Earthquake|p2a: Alakazam
|-damage|p2a: Alakazam|110\/313
|
|turn|49
|
|move|p2a: Alakazam|Psychic|p1a: TNT
|-damage|p1a: TNT|164\/363
|-unboost|p1a: TNT|spd|1
|-unboost|p1a: TNT|spa|1
|move|p1a: TNT|Earthquake|p2a: Alakazam
|-damage|p2a: Alakazam|0 fnt
|faint|p2a: Alakazam
|
|
|switch|p2a: Dragonite|Dragonite|385\/385
|turn|50
|
|switch|p1a: Zam Lead|Alakazam|176\/313 par
|move|p2a: Dragonite|Blizzard|p1a: Zam Lead
|-crit|p1a: Zam Lead
|-damage|p1a: Zam Lead|35\/313 par
|
|turn|51
|
|move|p2a: Dragonite|Wrap|p1a: Zam Lead
|-damage|p1a: Zam Lead|12\/313 par
|-activate|p1a: Zam Lead|move: Wrap|[of] p2a: Dragonite
|cant|p1a: Zam Lead|partiallytrapped
|
|turn|52
|
|move|p2a: Dragonite|Wrap|p1a: Zam Lead
|-damage|p1a: Zam Lead|0 fnt
|faint|p1a: Zam Lead
|
|
|switch|p1a: He's Got A Big|Snorlax|523\/523
|turn|53
|
|move|p2a: Dragonite|Wrap|p1a: He's Got A Big
|-damage|p1a: He's Got A Big|502\/523
|-activate|p1a: He's Got A Big|move: Wrap|[of] p2a: Dragonite
|cant|p1a: He's Got A Big|partiallytrapped
|
|turn|54
|
|move|p2a: Dragonite|Wrap|p1a: He's Got A Big
|-damage|p1a: He's Got A Big|481\/523
|cant|p1a: He's Got A Big|partiallytrapped
|
|-end|p1a: He's Got A Big|Wrap|[partiallytrapped]
|turn|55
|
|move|p2a: Dragonite|Wrap|p1a: He's Got A Big
|-damage|p1a: He's Got A Big|462\/523
|-activate|p1a: He's Got A Big|move: Wrap|[of] p2a: Dragonite
|cant|p1a: He's Got A Big|partiallytrapped
|
|turn|56
|
|move|p2a: Dragonite|Wrap|p1a: He's Got A Big
|-damage|p1a: He's Got A Big|443\/523
|cant|p1a: He's Got A Big|partiallytrapped
|
|turn|57
|
|move|p2a: Dragonite|Wrap|p1a: He's Got A Big
|-damage|p1a: He's Got A Big|424\/523
|cant|p1a: He's Got A Big|partiallytrapped
|
|turn|58
|
|move|p2a: Dragonite|Wrap|p1a: He's Got A Big
|-damage|p1a: He's Got A Big|405\/523
|cant|p1a: He's Got A Big|partiallytrapped
|
|-end|p1a: He's Got A Big|Wrap|[partiallytrapped]
|turn|59
|
|switch|p2a: Onix|Onix|273\/273
|move|p1a: He's Got A Big|Body Slam|p2a: Onix
|-resisted|p2a: Onix
|-damage|p2a: Onix|233\/273
|
|turn|60
|
|move|p2a: Onix|Earthquake|p1a: He's Got A Big
|-damage|p1a: He's Got A Big|302\/523
|move|p1a: He's Got A Big|Earthquake|p2a: Onix
|-supereffective|p2a: Onix
|-damage|p2a: Onix|119\/273
|
|turn|61
|
|switch|p1a: Result of Incest|Exeggutor|160\/393 par
|move|p2a: Onix|Explosion|p1a: Result of Incest
|-damage|p1a: Result of Incest|0 fnt
|faint|p1a: Result of Incest
|faint|p2a: Onix
|
|switch|p2a: Tangela|Tangela|90\/333
|switch|p1a: TNT|Golem|164\/363
|turn|62
|
|move|p2a: Tangela|Sleep Powder|p1a: TNT
|-status|p1a: TNT|slp
|cant|p1a: TNT|slp
|
|turn|63
|
|switch|p1a: He's Got A Big|Snorlax|302\/523
|move|p2a: Tangela|Mega Drain|p1a: He's Got A Big
|-damage|p1a: He's Got A Big|243\/523
|-heal|p2a: Tangela|120\/333|[from] drain|[of] p1a: He's Got A Big
|
|turn|64
|
|move|p2a: Tangela|Bind|p1a: He's Got A Big|[miss]
|-miss|p2a: Tangela
|move|p1a: He's Got A Big|Body Slam|p2a: Tangela
|-damage|p2a: Tangela|23\/333
|
|turn|65
|
|move|p2a: Tangela|Bind|p1a: He's Got A Big|[miss]
|-miss|p2a: Tangela
|move|p1a: He's Got A Big|Body Slam|p2a: Tangela
|-damage|p2a: Tangela|0 fnt
|faint|p2a: Tangela
|
|
|switch|p2a: Dragonite|Dragonite|385\/385
|turn|66
|
|move|p2a: Dragonite|Wrap|p1a: He's Got A Big
|-damage|p1a: He's Got A Big|223\/523
|-activate|p1a: He's Got A Big|move: Wrap|[of] p2a: Dragonite
|cant|p1a: He's Got A Big|partiallytrapped
|
|turn|67
|
|switch|p1a: TNT|Golem|164\/363 slp
|move|p2a: Dragonite|Wrap|p1a: TNT
|-resisted|p1a: TNT
|-damage|p1a: TNT|158\/363 slp
|-activate|p1a: TNT|move: Wrap|[of] p2a: Dragonite
|
|turn|68
|
|move|p2a: Dragonite|Wrap|p1a: TNT
|-damage|p1a: TNT|138\/363 slp
|cant|p1a: TNT|slp
|
|turn|69
|
|move|p2a: Dragonite|Wrap|p1a: TNT
|-damage|p1a: TNT|118\/363 slp
|cant|p1a: TNT|slp
|
|turn|70
|
|move|p2a: Dragonite|Wrap|p1a: TNT
|-damage|p1a: TNT|98\/363 slp
|cant|p1a: TNT|slp
|-curestatus|p1a: TNT|slp
|
|-end|p1a: TNT|Wrap|[partiallytrapped]
|turn|71
|
|switch|p1a: He's Got A Big|Snorlax|223\/523
|move|p2a: Dragonite|Blizzard|p1a: He's Got A Big
|-damage|p1a: He's Got A Big|92\/523
|
|turn|72
|
|move|p2a: Dragonite|Blizzard|p1a: He's Got A Big
|-damage|p1a: He's Got A Big|0 fnt
|faint|p1a: He's Got A Big
|
|
|switch|p1a: TNT|Golem|98\/363
|turn|73
|chat|the yung god|gg
|
|move|p2a: Dragonite|Blizzard|p1a: TNT
|-supereffective|p1a: TNT
|-damage|p1a: TNT|0 fnt
|faint|p1a: TNT
|
|win|the yung god
|raw|Ladder updating...
|raw|kid gf lol's rating: 1326 &rarr; <strong>1303<\/strong><br \/>(-23 for losing)
|raw|the yung god's rating: 1264 &rarr; <strong>1294<\/strong><br \/>(+30 for winning)
|leave|kid gf lol
|player|p1