|join|Tangelato
|join|LGDigital
|player|p1|Tangelato|113
|player|p2|LGDigital|274
|gametype|singles
|gen|1
|tier|[Gen 1] Random Battle
|rated
|seed|6359,38680,33573,41335
|rule|Sleep Clause Mod: Limit one foe put to sleep
|rule|Freeze Clause Mod: Limit one foe frozen
|rule|HP Percentage Mod: HP is shown in percentages
|
|start
|switch|p1a: Doduo|Doduo, L96|262\/262
|switch|p2a: Farfetch'd|Farfetch'd, L99|304\/304
|turn|1
|c|★LGDigital|gl hf
|choice|switch 3|move 3
|
|switch|p1a: Weezing|Weezing, L90|300\/300
|move|p2a: Farfetch'd|Substitute|p2a: Farfetch'd
|-start|p2a: Farfetch'd|Substitute
|-damage|p2a: Farfetch'd|228\/304
|
|turn|2
|c|★Tangelato|ty u2
|choice|move 2|move 1
|
|move|p2a: Farfetch'd|Slash|p1a: Weezing
|-crit|p1a: Weezing
|-damage|p1a: Weezing|192\/300
|move|p1a: Weezing|Sludge|p2a: Farfetch'd
|-end|p2a: Farfetch'd|Substitute
|
|turn|3
|choice|move 2|move 1
|
|move|p2a: Farfetch'd|Slash|p1a: Weezing
|-crit|p1a: Weezing
|-damage|p1a: Weezing|72\/300
|move|p1a: Weezing|Sludge|p2a: Farfetch'd
|-damage|p2a: Farfetch'd|145\/304
|
|turn|4
|choice|move 1|move 1
|
|move|p2a: Farfetch'd|Slash|p1a: Weezing
|-crit|p1a: Weezing
|-damage|p1a: Weezing|0 fnt
|faint|p1a: Weezing
|choice|switch 2|
|
|switch|p1a: Mewtwo|Mewtwo, L70|293\/293
|turn|5
|choice|move 4|move 1
|
|move|p1a: Mewtwo|Ice Beam|p2a: Farfetch'd|[miss]
|-miss|p1a: Mewtwo
|move|p2a: Farfetch'd|Slash|p1a: Mewtwo
|-crit|p1a: Mewtwo
|-damage|p1a: Mewtwo|122\/293
|
|turn|6
|choice|move 4|move 1
|
|move|p1a: Mewtwo|Ice Beam|p2a: Farfetch'd
|-crit|p2a: Farfetch'd
|-supereffective|p2a: Farfetch'd
|-damage|p2a: Farfetch'd|0 fnt
|faint|p2a: Farfetch'd
|choice||switch 3
|
|switch|p2a: Jolteon|Jolteon, L79|265\/265
|turn|7
|choice|move 3|move 2
|
|move|p2a: Jolteon|Pin Missile|p1a: Mewtwo
|-supereffective|p1a: Mewtwo
|-damage|p1a: Mewtwo|105\/293
|-damage|p1a: Mewtwo|88\/293
|-damage|p1a: Mewtwo|71\/293
|-hitcount|p1a: Mewtwo|3
|move|p1a: Mewtwo|Hyper Beam|p2a: Jolteon
|-damage|p2a: Jolteon|156\/265
|
|turn|8
|-mustrecharge|p1a: Mewtwo
|-mustrecharge|p1a: Mewtwo
|choice|move 1|move 1
|
|move|p2a: Jolteon|Thunderbolt|p1a: Mewtwo
|-damage|p1a: Mewtwo|0 fnt
|faint|p1a: Mewtwo
|choice|switch 4|
|
|switch|p1a: Gloom|Gloom, L90|291\/291
|turn|9
|choice|move 2|move 3
|
|move|p2a: Jolteon|Thunder Wave|p1a: Gloom
|-status|p1a: Gloom|par
|cant|p1a: Gloom|par
|
|turn|10
|choice|move 2|move 1
|
|move|p2a: Jolteon|Thunderbolt|p1a: Gloom
|-resisted|p1a: Gloom
|-damage|p1a: Gloom|243\/291 par
|move|p1a: Gloom|Sleep Powder|p2a: Jolteon
|-status|p2a: Jolteon|slp
|
|turn|11
|choice|move 4|switch 5
|
|switch|p2a: Kadabra|Kadabra, L85|242\/242
|move|p1a: Gloom|Swords Dance|p1a: Gloom
|-boost|p1a: Gloom|atk|2
|
|turn|12
|choice|move 3|move 1
|
|move|p2a: Kadabra|Psychic|p1a: Gloom
|-supereffective|p1a: Gloom
|-damage|p1a: Gloom|23\/291 par
|move|p1a: Gloom|Double-Edge|p2a: Kadabra
|-damage|p2a: Kadabra|7\/242
|-damage|p1a: Gloom|0 fnt|[from] recoil|[of] p2a: Kadabra
|faint|p1a: Gloom
|choice|switch 5|
|
|switch|p1a: Snorlax|Snorlax, L79|415\/415
|turn|13
|choice|move 4|move 2
|
|move|p2a: Kadabra|Thunder Wave|p1a: Snorlax
|-status|p1a: Snorlax|par
|move|p1a: Snorlax|Surf|p2a: Kadabra
|-damage|p2a: Kadabra|0 fnt
|faint|p2a: Kadabra
|choice||switch 5
|
|switch|p2a: Jolteon|Jolteon, L79|156\/265 slp
|turn|14
|choice|move 1|move 1
|
|-curestatus|p2a: Jolteon|slp
|move|p1a: Snorlax|Amnesia|p1a: Snorlax
|-boost|p1a: Snorlax|spd|2
|-boost|p1a: Snorlax|spa|2
|
|turn|15
|choice|move 2|move 1
|
|move|p2a: Jolteon|Thunderbolt|p1a: Snorlax
|-damage|p1a: Snorlax|350\/415 par
|move|p1a: Snorlax|Hyper Beam|p2a: Jolteon
|-damage|p2a: Jolteon|0 fnt
|faint|p2a: Jolteon
|choice||switch 4
|
|switch|p2a: Dragonair|Dragonair, L85|277\/277
|turn|16
|choice|move 1|move 1
|
|move|p2a: Dragonair|Thunder|p1a: Snorlax
|-damage|p1a: Snorlax|304\/415 par
|move|p1a: Snorlax|Amnesia|p1a: Snorlax
|-boost|p1a: Snorlax|spd|2
|-boost|p1a: Snorlax|spa|2
|
|turn|17
|choice|move 4|move 3
|
|move|p2a: Dragonair|Body Slam|p1a: Snorlax
|-damage|p1a: Snorlax|234\/415 par
|cant|p1a: Snorlax|par
|
|turn|18
|choice|move 4|move 3
|
|move|p2a: Dragonair|Body Slam|p1a: Snorlax
|-crit|p1a: Snorlax
|-damage|p1a: Snorlax|97\/415 par
|move|p1a: Snorlax|Surf|p2a: Dragonair
|-resisted|p2a: Dragonair
|-damage|p2a: Dragonair|196\/277
|
|turn|19
|choice|move 3|move 3
|
|move|p2a: Dragonair|Body Slam|p1a: Snorlax
|-damage|p1a: Snorlax|30\/415 par
|move|p1a: Snorlax|Self-Destruct|p2a: Dragonair
|-damage|p2a: Dragonair|0 fnt
|faint|p2a: Dragonair
|faint|p1a: Snorlax
|choice|switch 6|switch 6
|
|switch|p1a: Golduck|Golduck, L85|310\/310
|switch|p2a: Nidorino|Nidorino, L90|293\/293
|turn|20
|choice|move 1|move 3
|
|move|p1a: Golduck|Amnesia|p1a: Golduck
|-boost|p1a: Golduck|spd|2
|-boost|p1a: Golduck|spa|2
|move|p2a: Nidorino|Thunderbolt|p1a: Golduck
|-supereffective|p1a: Golduck
|-damage|p1a: Golduck|250\/310
|-status|p1a: Golduck|par
|
|turn|21
|choice|move 1|move 3
|
|move|p2a: Nidorino|Thunderbolt|p1a: Golduck
|-supereffective|p1a: Golduck
|-damage|p1a: Golduck|195\/310 par
|move|p1a: Golduck|Amnesia|p1a: Golduck
|-boost|p1a: Golduck|spd|2
|-boost|p1a: Golduck|spa|2
|
|turn|22
|choice|move 1|move 2
|
|move|p2a: Nidorino|Body Slam|p1a: Golduck
|-damage|p1a: Golduck|130\/310 par
|cant|p1a: Golduck|par
|
|turn|23
|choice|move 3|move 2
|
|move|p2a: Nidorino|Body Slam|p1a: Golduck
|-damage|p1a: Golduck|67\/310 par
|move|p1a: Golduck|Surf|p2a: Nidorino
|-damage|p2a: Nidorino|0 fnt
|faint|p2a: Nidorino
|choice||switch 2
|
|switch|p2a: Psyduck|Psyduck, L96|291\/291
|turn|24
|choice|move 2|move 4
|
|move|p2a: Psyduck|Body Slam|p1a: Golduck
|-damage|p1a: Golduck|5\/310 par
|move|p1a: Golduck|Body Slam|p2a: Psyduck
|-crit|p2a: Psyduck
|-damage|p2a: Psyduck|155\/291
|
|turn|25
|choice|move 2|move 4
|
|move|p2a: Psyduck|Body Slam|p1a: Golduck
|-damage|p1a: Golduck|0 fnt
|faint|p1a: Golduck
|choice|switch 3|
|
|switch|p1a: Doduo|Doduo, L96|262\/262
|turn|26
|choice|move 1|move 3
|
|move|p1a: Doduo|Double-Edge|p2a: Psyduck
|-damage|p2a: Psyduck|4\/291
|-damage|p1a: Doduo|225\/262|[from] recoil|[of] p2a: Psyduck
|move|p2a: Psyduck|Blizzard|p1a: Doduo
|-crit|p1a: Doduo
|-supereffective|p1a: Doduo
|-damage|p1a: Doduo|0 fnt
|faint|p1a: Doduo
|
|win|LGDigital
|raw|Tangelato's rating: 1284 &rarr; <strong>1243<\/strong><br \/>(-41 for losing)
|raw|LGDigital's rating: 1022 &rarr; <strong>1082<\/strong><br \/>(+60 for winning)
|c|★Tangelato|gg
|c|★LGDigital|gg
|leave|Tangelato
|player|p1