|join|Dervodel
|join|XianJu
|player|p1|Dervodel|238
|player|p2|XianJu|130
|gametype|singles
|gen|1
|tier|[Gen 1] Random Battle
|rated
|rule|Sleep Clause Mod: Limit one foe put to sleep
|rule|Freeze Clause Mod: Limit one foe frozen
|rule|HP Percentage Mod: HP is shown in percentages
|
|start
|switch|p1a: Lickitung|Lickitung, L90|345\/345
|switch|p2a: Ditto|Ditto, L99|296\/296
|turn|1
|
|move|p2a: Ditto|Transform|p1a: Lickitung
|-transform|p2a: Ditto|p1a: Lickitung
|move|p1a: Lickitung|Swords Dance|p1a: Lickitung
|-boost|p1a: Lickitung|atk|2
|
|turn|2
|
|move|p2a: Ditto|Body Slam|p1a: Lickitung
|-damage|p1a: Lickitung|261\/345
|move|p1a: Lickitung|Body Slam|p2a: Ditto
|-damage|p2a: Ditto|128\/296
|
|turn|3
|
|switch|p2a: Omastar|Omastar, L90|309\/309
|move|p1a: Lickitung|Body Slam|p2a: Omastar
|-resisted|p2a: Omastar
|-damage|p2a: Omastar|255\/309
|
|turn|4
|
|move|p2a: Omastar|Blizzard|p1a: Lickitung
|-crit|p1a: Lickitung
|-damage|p1a: Lickitung|4\/345
|move|p1a: Lickitung|Earthquake|p2a: Omastar
|-supereffective|p2a: Omastar
|-damage|p2a: Omastar|87\/309
|
|turn|5
|
|move|p2a: Omastar|Seismic Toss|p1a: Lickitung
|-damage|p1a: Lickitung|0 fnt
|faint|p1a: Lickitung
|
|switch|p1a: Electrode|Electrode, L90|291\/291
|turn|6
|
|switch|p1a: Starmie|Starmie, L79|257\/257
|switch|p2a: Mewtwo|Mewtwo, L70|293\/293
|
|turn|7
|
|move|p1a: Starmie|Thunder Wave|p2a: Mewtwo
|-status|p2a: Mewtwo|par
|move|p2a: Mewtwo|Body Slam|p1a: Starmie
|-damage|p1a: Starmie|205\/257
|-status|p1a: Starmie|par
|
|turn|8
|
|switch|p1a: Ditto|Ditto, L99|296\/296
|switch|p2a: Seaking|Seaking, L90|327\/327
|
|turn|9
|
|switch|p1a: Electrode|Electrode, L90|291\/291
|move|p2a: Seaking|Surf|p1a: Electrode
|-damage|p1a: Electrode|182\/291
|
|turn|10
|
|switch|p2a: Muk|Muk, L90|372\/372
|move|p1a: Electrode|Thunder|p2a: Muk|[miss]
|-miss|p1a: Electrode
|
|turn|11
|
|move|p1a: Electrode|Thunder Wave|p2a: Muk
|-status|p2a: Muk|par
|move|p2a: Muk|Body Slam|p1a: Electrode
|-damage|p1a: Electrode|102\/291
|-status|p1a: Electrode|par
|
|turn|12
|
|move|p1a: Electrode|Reflect|p1a: Electrode
|-start|p1a: Electrode|Reflect
|move|p2a: Muk|Mega Drain|p1a: Electrode
|-damage|p1a: Electrode|79\/291 par
|
|turn|13
|
|move|p1a: Electrode|Thunder|p2a: Muk
|-damage|p2a: Muk|227\/372 par
|cant|p2a: Muk|par
|
|turn|14
|
|switch|p1a: Ditto|Ditto, L99|296\/296
|move|p2a: Muk|Body Slam|p1a: Ditto
|-damage|p1a: Ditto|211\/296
|
|turn|15
|
|move|p1a: Ditto|Transform|p2a: Muk
|-transform|p1a: Ditto|p2a: Muk
|move|p2a: Muk|Body Slam|p1a: Ditto
|-damage|p1a: Ditto|124\/296
|
|turn|16
|
|move|p1a: Ditto|Body Slam|p2a: Muk
|-damage|p2a: Muk|170\/372 par
|move|p2a: Muk|Body Slam|p1a: Ditto
|-damage|p1a: Ditto|41\/296
|
|turn|17
|
|switch|p2a: Ditto|Ditto, L99|128\/296
|move|p1a: Ditto|Explosion|p2a: Ditto
|-damage|p2a: Ditto|0 fnt
|faint|p2a: Ditto
|faint|p1a: Ditto
|
|switch|p2a: Seaking|Seaking, L90|327\/327
|switch|p1a: Starmie|Starmie, L79|205\/257 par
|turn|18
|
|move|p2a: Seaking|Double-Edge|p1a: Starmie
|-damage|p1a: Starmie|120\/257 par
|-damage|p2a: Seaking|306\/327|[from] recoil|[of] p1a: Starmie
|move|p1a: Starmie|Blizzard|p2a: Seaking
|-resisted|p2a: Seaking
|-damage|p2a: Seaking|269\/327
|
|turn|19
|
|switch|p1a: Bellsprout|Bellsprout, L96|291\/291
|move|p2a: Seaking|Double-Edge|p1a: Bellsprout
|-damage|p1a: Bellsprout|173\/291
|-damage|p2a: Seaking|240\/327|[from] recoil|[of] p1a: Bellsprout
|
|turn|20
|
|move|p2a: Seaking|Blizzard|p1a: Bellsprout
|-supereffective|p1a: Bellsprout
|-damage|p1a: Bellsprout|0 fnt
|faint|p1a: Bellsprout
|
|switch|p1a: Zapdos|Zapdos, L79|304\/304
|turn|21
|
|switch|p2a: Omastar|Omastar, L90|87\/309
|move|p1a: Zapdos|Thunderbolt|p2a: Omastar
|-crit|p2a: Omastar
|-supereffective|p2a: Omastar
|-damage|p2a: Omastar|0 fnt
|faint|p2a: Omastar
|
|switch|p2a: Mewtwo|Mewtwo, L70|293\/293 par
|turn|22
|
|switch|p1a: Starmie|Starmie, L79|120\/257 par
|cant|p2a: Mewtwo|par
|
|turn|23
|
|move|p1a: Starmie|Recover|p1a: Starmie
|-heal|p1a: Starmie|248\/257 par
|move|p2a: Mewtwo|Body Slam|p1a: Starmie
|-crit|p1a: Starmie
|-damage|p1a: Starmie|158\/257 par
|
|turn|24
|
|move|p1a: Starmie|Recover|p1a: Starmie
|-heal|p1a: Starmie|257\/257 par
|cant|p2a: Mewtwo|par
|
|turn|25
|
|move|p1a: Starmie|Blizzard|p2a: Mewtwo
|-crit|p2a: Mewtwo
|-damage|p2a: Mewtwo|177\/293 par
|move|p2a: Mewtwo|Body Slam|p1a: Starmie
|-damage|p1a: Starmie|204\/257 par
|
|turn|26
|
|move|p1a: Starmie|Surf|p2a: Mewtwo
|-damage|p2a: Mewtwo|104\/293 par
|move|p2a: Mewtwo|Body Slam|p1a: Starmie
|-crit|p1a: Starmie
|-damage|p1a: Starmie|105\/257 par
|
|turn|27
|
|move|p1a: Starmie|Blizzard|p2a: Mewtwo
|-damage|p2a: Mewtwo|37\/293 par
|cant|p2a: Mewtwo|par
|
|turn|28
|
|move|p1a: Starmie|Surf|p2a: Mewtwo
|-damage|p2a: Mewtwo|0 fnt
|faint|p2a: Mewtwo
|
|switch|p2a: Seaking|Seaking, L90|240\/327
|turn|29
|
|move|p2a: Seaking|Double-Edge|p1a: Starmie
|-damage|p1a: Starmie|14\/257 par
|-damage|p2a: Seaking|218\/327|[from] recoil|[of] p1a: Starmie
|move|p1a: Starmie|Thunder Wave|p2a: Seaking
|-status|p2a: Seaking|par
|
|turn|30
|
|cant|p1a: Starmie|par
|move|p2a: Seaking|Double-Edge|p1a: Starmie
|-damage|p1a: Starmie|0 fnt
|-damage|p2a: Seaking|215\/327 par|[from] recoil|[of] p1a: Starmie
|faint|p1a: Starmie
|
|switch|p1a: Electrode|Electrode, L90|79\/291 par
|turn|31
|
|move|p1a: Electrode|Thunder|p2a: Seaking
|-supereffective|p2a: Seaking
|-damage|p2a: Seaking|0 fnt
|faint|p2a: Seaking
|
|switch|p2a: Hitmonlee|Hitmonlee, L90|273\/273
|turn|32
|
|move|p2a: Hitmonlee|High Jump Kick|p1a: Electrode
|-crit|p1a: Electrode
|-damage|p1a: Electrode|0 fnt
|faint|p1a: Electrode
|
|switch|p1a: Zapdos|Zapdos, L79|304\/304
|turn|33
|
|move|p2a: Hitmonlee|Seismic Toss|p1a: Zapdos
|-damage|p1a: Zapdos|214\/304
|move|p1a: Zapdos|Drill Peck|p2a: Hitmonlee
|-crit|p2a: Hitmonlee
|-supereffective|p2a: Hitmonlee
|-damage|p2a: Hitmonlee|0 fnt
|faint|p2a: Hitmonlee
|
|switch|p2a: Muk|Muk, L90|170\/372 par
|turn|34
|
|move|p1a: Zapdos|Thunderbolt|p2a: Muk
|-damage|p2a: Muk|55\/372 par
|move|p2a: Muk|Explosion|p1a: Zapdos
|-damage|p1a: Zapdos|0 fnt
|faint|p1a: Zapdos
|faint|p2a: Muk
|
|win|XianJu
|raw|Dervodel's rating: 1331 &rarr; <strong>1312<\/strong><br \/>(-19 for losing)
|raw|XianJu's rating: 1356 &rarr; <strong>1374<\/strong><br \/>(+18 for winning)
|c|★Dervodel|lol
|c|★Dervodel|why did you win?
|leave|Dervodel
|player|p1