|j|zzdnk
|j|trickster is a nig
|player|p1|zzdnk|101
|player|p2|trickster is a nig|101
|gametype|singles
|gen|1
|tier|[Gen 1] Random Battle
|rated
|seed|45308,6437,7319,39373
|rule|Sleep Clause Mod: Limit one foe put to sleep
|rule|Freeze Clause Mod: Limit one foe frozen
|rule|HP Percentage Mod: HP is shown in percentages
|
|start
|switch|p1a: Venusaur|Venusaur, L85|310\/310
|switch|p2a: Grimer|Grimer, L96|348\/348
|turn|1
|choice|move 2|move 4
|
|move|p1a: Venusaur|Sleep Powder|p2a: Grimer
|-status|p2a: Grimer|slp
|cant|p2a: Grimer|slp
|
|turn|2
|choice|switch 6|move 2
|
|switch|p1a: Flareon|Flareon, L90|300\/300
|-curestatus|p2a: Grimer|slp
|
|turn|3
|choice|move 3|move 1
|
|move|p1a: Flareon|Fire Blast|p2a: Grimer
|-damage|p2a: Grimer|142\/348
|-status|p2a: Grimer|brn
|move|p2a: Grimer|Explosion|p1a: Flareon
|-damage|p1a: Flareon|135\/300
|faint|p2a: Grimer
|choice||switch 5
|
|switch|p2a: Dragonite|Dragonite, L85|328\/328
|turn|4
|choice|move 4|move 4
|
|move|p2a: Dragonite|Surf|p1a: Flareon
|-supereffective|p1a: Flareon
|-damage|p1a: Flareon|11\/300
|move|p1a: Flareon|Body Slam|p2a: Dragonite
|-damage|p2a: Dragonite|247\/328
|
|turn|5
|choice|move 4|move 3
|
|move|p2a: Dragonite|Body Slam|p1a: Flareon
|-damage|p1a: Flareon|0 fnt
|faint|p1a: Flareon
|choice|switch 5|
|
|switch|p1a: Cloyster|Cloyster, L83|253\/253
|turn|6
|choice|move 1|switch 3
|
|switch|p2a: Lapras|Lapras, L79|367\/367
|move|p1a: Cloyster|Blizzard|p2a: Lapras
|-resisted|p2a: Lapras
|-damage|p2a: Lapras|338\/367
|
|turn|7
|choice|move 2|move 1
|
|move|p1a: Cloyster|Toxic|p2a: Lapras
|-status|p2a: Lapras|tox
|move|p2a: Lapras|Body Slam|p1a: Cloyster
|-damage|p1a: Cloyster|220\/253
|-status|p1a: Cloyster|par
|-damage|p2a: Lapras|316\/367 tox|[from] tox|[of] p1a: Cloyster
|
|turn|8
|choice|move 3|move 3
|
|move|p2a: Lapras|Thunderbolt|p1a: Cloyster
|-supereffective|p1a: Cloyster
|-damage|p1a: Cloyster|105\/253 par
|-damage|p2a: Lapras|272\/367 tox|[from] tox|[of] p1a: Cloyster
|move|p1a: Cloyster|Hyper Beam|p2a: Lapras
|-damage|p2a: Lapras|163\/367 tox
|
|turn|9
|-mustrecharge|p1a: Cloyster
|-mustrecharge|p1a: Cloyster
|choice|move 1|move 3
|
|move|p2a: Lapras|Thunderbolt|p1a: Cloyster
|-supereffective|p1a: Cloyster
|-damage|p1a: Cloyster|0 fnt
|faint|p1a: Cloyster
|choice|switch 4|
|
|switch|p1a: Mr. Mime|Mr. Mime, L85|242\/242
|turn|10
|choice|move 1|switch 4
|
|switch|p2a: Graveler|Graveler, L85|267\/267
|move|p1a: Mr. Mime|Thunderbolt|p2a: Graveler
|-immune|p2a: Graveler|[msg]
|
|turn|11
|choice|switch 6|move 4
|
|switch|p1a: Venusaur|Venusaur, L85|310\/310
|move|p2a: Graveler|Earthquake|p1a: Venusaur
|-damage|p1a: Venusaur|196\/310
|
|turn|12
|choice|move 1|switch 3
|
|switch|p2a: Dragonite|Dragonite, L85|247\/328
|move|p1a: Venusaur|Razor Leaf|p2a: Dragonite
|-crit|p2a: Dragonite
|-resisted|p2a: Dragonite
|-damage|p2a: Dragonite|222\/328
|
|turn|13
|choice|move 2|move 3
|
|move|p2a: Dragonite|Body Slam|p1a: Venusaur
|-damage|p1a: Venusaur|120\/310
|move|p1a: Venusaur|Sleep Powder|p2a: Dragonite
|-status|p2a: Dragonite|slp
|
|turn|14
|choice|move 3|move 3
|
|move|p1a: Venusaur|Leech Seed|p2a: Dragonite
|-start|p2a: Dragonite|move: Leech Seed
|cant|p2a: Dragonite|slp
|-damage|p2a: Dragonite|202\/328 slp|[from] Leech Seed|[of] p1a: Venusaur
|-heal|p1a: Venusaur|140\/310|[silent]
|
|turn|15
|choice|move 4|move 3
|
|cant|p2a: Dragonite|slp
|-damage|p2a: Dragonite|182\/328 slp|[from] Leech Seed|[of] p1a: Venusaur
|-heal|p1a: Venusaur|160\/310|[silent]
|move|p1a: Venusaur|Body Slam|p2a: Dragonite
|-damage|p2a: Dragonite|133\/328 slp
|
|turn|16
|choice|move 4|move 3
|
|move|p1a: Venusaur|Body Slam|p2a: Dragonite
|-damage|p2a: Dragonite|83\/328 slp
|cant|p2a: Dragonite|slp
|-damage|p2a: Dragonite|63\/328 slp|[from] Leech Seed|[of] p1a: Venusaur
|-heal|p1a: Venusaur|180\/310|[silent]
|
|turn|17
|choice|move 4|switch 6
|
|switch|p2a: Porygon|Porygon, L85|284\/284
|move|p1a: Venusaur|Body Slam|p2a: Porygon
|-damage|p2a: Porygon|217\/284
|
|turn|18
|choice|move 3|move 4
|
|move|p1a: Venusaur|Leech Seed|p2a: Porygon
|-start|p2a: Porygon|move: Leech Seed
|move|p2a: Porygon|Thunder Wave|p1a: Venusaur
|-status|p1a: Venusaur|par
|-damage|p2a: Porygon|200\/284|[from] Leech Seed|[of] p1a: Venusaur
|-heal|p1a: Venusaur|197\/310 par|[silent]
|
|turn|19
|choice|move 4|move 3
|
|move|p2a: Porygon|Tri Attack|p1a: Venusaur
|-crit|p1a: Venusaur
|-damage|p1a: Venusaur|65\/310 par
|-damage|p2a: Porygon|183\/284|[from] Leech Seed|[of] p1a: Venusaur
|-heal|p1a: Venusaur|82\/310 par|[silent]
|cant|p1a: Venusaur|par
|
|turn|20
|choice|move 1|move 2
|
|move|p2a: Porygon|Hyper Beam|p1a: Venusaur
|-damage|p1a: Venusaur|0 fnt
|faint|p1a: Venusaur
|choice|switch 2|
|
|switch|p1a: Persian|Persian, L79|265\/265
|turn|21
|choice|move 1|move 4
|
|move|p1a: Persian|Slash|p2a: Porygon
|-crit|p2a: Porygon
|-damage|p2a: Porygon|64\/284
|move|p2a: Porygon|Thunder Wave|p1a: Persian
|-status|p1a: Persian|par
|-damage|p2a: Porygon|47\/284|[from] Leech Seed|[of] p1a: Persian
|
|turn|22
|choice|move 1|move 1
|
|move|p2a: Porygon|Recover|p2a: Porygon
|-heal|p2a: Porygon|189\/284
|-damage|p2a: Porygon|172\/284|[from] Leech Seed|[of] p1a: Persian
|cant|p1a: Persian|par
|
|turn|23
|choice|move 1|move 1
|
|move|p2a: Porygon|Recover|p2a: Porygon
|-heal|p2a: Porygon|284\/284
|-damage|p2a: Porygon|267\/284|[from] Leech Seed|[of] p1a: Persian
|move|p1a: Persian|Slash|p2a: Porygon
|-crit|p2a: Porygon
|-damage|p2a: Porygon|151\/284
|
|turn|24
|choice|move 1|move 1
|
|move|p2a: Porygon|Recover|p2a: Porygon
|-heal|p2a: Porygon|284\/284
|-damage|p2a: Porygon|267\/284|[from] Leech Seed|[of] p1a: Persian
|cant|p1a: Persian|par
|
|turn|25
|choice|move 1|move 3
|
|move|p2a: Porygon|Tri Attack|p1a: Persian
|-damage|p1a: Persian|173\/265 par
|-damage|p2a: Porygon|250\/284|[from] Leech Seed|[of] p1a: Persian
|-heal|p1a: Persian|190\/265 par|[silent]
|move|p1a: Persian|Slash|p2a: Porygon
|-crit|p2a: Porygon
|-damage|p2a: Porygon|137\/284
|
|turn|26
|choice|move 4|move 1
|
|move|p2a: Porygon|Recover|p2a: Porygon
|-heal|p2a: Porygon|279\/284
|-damage|p2a: Porygon|262\/284|[from] Leech Seed|[of] p1a: Persian
|-heal|p1a: Persian|207\/265 par|[silent]
|move|p1a: Persian|Body Slam|p2a: Porygon
|-damage|p2a: Porygon|182\/284
|
|turn|27
|choice|move 4|move 3
|
|move|p2a: Porygon|Tri Attack|p1a: Persian
|-damage|p1a: Persian|117\/265 par
|-damage|p2a: Porygon|165\/284|[from] Leech Seed|[of] p1a: Persian
|-heal|p1a: Persian|134\/265 par|[silent]
|move|p1a: Persian|Body Slam|p2a: Porygon
|-damage|p2a: Porygon|96\/284
|
|turn|28
|choice|move 4|move 1
|
|move|p2a: Porygon|Recover|p2a: Porygon
|-heal|p2a: Porygon|238\/284
|-damage|p2a: Porygon|221\/284|[from] Leech Seed|[of] p1a: Persian
|-heal|p1a: Persian|151\/265 par|[silent]
|move|p1a: Persian|Body Slam|p2a: Porygon
|-damage|p2a: Porygon|142\/284
|
|turn|29
|choice|move 4|move 1
|
|move|p2a: Porygon|Recover|p2a: Porygon
|-heal|p2a: Porygon|284\/284
|-damage|p2a: Porygon|267\/284|[from] Leech Seed|[of] p1a: Persian
|-heal|p1a: Persian|168\/265 par|[silent]
|move|p1a: Persian|Body Slam|p2a: Porygon
|-damage|p2a: Porygon|193\/284
|
|turn|30
|choice|move 4|move 3
|
|move|p2a: Porygon|Tri Attack|p1a: Persian
|-damage|p1a: Persian|74\/265 par
|-damage|p2a: Porygon|176\/284|[from] Leech Seed|[of] p1a: Persian
|-heal|p1a: Persian|91\/265 par|[silent]
|move|p1a: Persian|Body Slam|p2a: Porygon
|-damage|p2a: Porygon|102\/284
|
|turn|31
|choice|move 4|move 1
|
|move|p2a: Porygon|Recover|p2a: Porygon
|-heal|p2a: Porygon|244\/284
|-damage|p2a: Porygon|227\/284|[from] Leech Seed|[of] p1a: Persian
|-heal|p1a: Persian|108\/265 par|[silent]
|move|p1a: Persian|Body Slam|p2a: Porygon
|-damage|p2a: Porygon|149\/284
|
|turn|32
|choice|move 4|move 1
|
|move|p2a: Porygon|Recover|p2a: Porygon
|-heal|p2a: Porygon|284\/284
|-damage|p2a: Porygon|267\/284|[from] Leech Seed|[of] p1a: Persian
|-heal|p1a: Persian|125\/265 par|[silent]
|move|p1a: Persian|Body Slam|p2a: Porygon
|-damage|p2a: Porygon|193\/284
|
|turn|33
|choice|move 4|move 1
|
|move|p2a: Porygon|Recover|p2a: Porygon
|-heal|p2a: Porygon|284\/284
|-damage|p2a: Porygon|267\/284|[from] Leech Seed|[of] p1a: Persian
|-heal|p1a: Persian|142\/265 par|[silent]
|move|p1a: Persian|Body Slam|p2a: Porygon
|-damage|p2a: Porygon|195\/284
|
|turn|34
|choice|move 4|move 3
|
|move|p2a: Porygon|Tri Attack|p1a: Persian
|-crit|p1a: Persian
|-damage|p1a: Persian|0 fnt
|faint|p1a: Persian
|choice|switch 3|
|
|switch|p1a: Doduo|Doduo, L96|262\/262
|turn|35
|choice|move 2|switch 3
|
|switch|p2a: Graveler|Graveler, L85|267\/267
|move|p1a: Doduo|Body Slam|p2a: Graveler
|-resisted|p2a: Graveler
|-damage|p2a: Graveler|221\/267
|-status|p2a: Graveler|par
|
|turn|36
|choice|move 1|move 4
|
|move|p1a: Doduo|Mimic|p2a: Graveler
|-start|p1a: Doduo|Mimic|Rock Slide
|cant|p2a: Graveler|par
|
|turn|37
|choice|move 3|move 1
|
|move|p1a: Doduo|Drill Peck|p2a: Graveler
|-resisted|p2a: Graveler
|-damage|p2a: Graveler|178\/267 par
|move|p2a: Graveler|Rock Slide|p1a: Doduo|[miss]
|-miss|p2a: Graveler
|
|turn|38
|choice|switch 6|move 1
|
|switch|p1a: Mr. Mime|Mr. Mime, L85|242\/242
|move|p2a: Graveler|Rock Slide|p1a: Mr. Mime
|-damage|p1a: Mr. Mime|149\/242
|
|turn|39
|choice|move 4|switch 6
|
|switch|p2a: Dragonite|Dragonite, L85|63\/328 slp
|move|p1a: Mr. Mime|Psychic|p2a: Dragonite
|-damage|p2a: Dragonite|0 fnt
|faint|p2a: Dragonite
|choice||switch 3
|
|switch|p2a: Porygon|Porygon, L85|195\/284
|turn|40
|choice|move 3|move 4
|
|move|p1a: Mr. Mime|Thunder Wave|p2a: Porygon
|-status|p2a: Porygon|par
|move|p2a: Porygon|Thunder Wave|p1a: Mr. Mime
|-status|p1a: Mr. Mime|par
|
|turn|41
|choice|move 4|move 3
|
|move|p1a: Mr. Mime|Psychic|p2a: Porygon
|-damage|p2a: Porygon|87\/284 par
|cant|p2a: Porygon|par
|
|turn|42
|choice|move 4|move 2
|
|move|p1a: Mr. Mime|Psychic|p2a: Porygon
|-damage|p2a: Porygon|0 fnt
|faint|p2a: Porygon
|choice||switch 4
|
|switch|p2a: Lapras|Lapras, L79|163\/367 tox
|-status|p2a: Lapras|psn
|turn|43
|choice|move 1|move 2
|
|move|p2a: Lapras|Confuse Ray|p1a: Mr. Mime
|-start|p1a: Mr. Mime|confusion
|-damage|p2a: Lapras|141\/367 psn|[from] psn|[of] p1a: Mr. Mime
|-activate|p1a: Mr. Mime|confusion
|move|p1a: Mr. Mime|Thunderbolt|p2a: Lapras
|-supereffective|p2a: Lapras
|-damage|p2a: Lapras|0 fnt
|faint|p2a: Lapras
|choice||switch 2
|
|switch|p2a: Magneton|Magneton, L90|273\/273
|turn|44
|choice|move 4|move 1
|
|move|p2a: Magneton|Thunderbolt|p1a: Mr. Mime
|-crit|p1a: Mr. Mime
|-damage|p1a: Mr. Mime|0 fnt
|faint|p1a: Mr. Mime
|choice|switch 6|
|
|switch|p1a: Doduo|Doduo, L96|262\/262
|turn|45
|choice|move 2|move 1
|
|move|p1a: Doduo|Body Slam|p2a: Magneton
|-damage|p2a: Magneton|181\/273
|move|p2a: Magneton|Thunderbolt|p1a: Doduo
|-supereffective|p1a: Doduo
|-damage|p1a: Doduo|0 fnt
|faint|p1a: Doduo
|
|win|trickster is a nig
|player|p1
|player|p2
|l|zzdnk
|raw|zzdnk's rating: 1000 &rarr; <strong>1000<\/strong><br \/>(+0 for losing)
|raw|trickster is a nig's rating: 1446 &rarr; <strong>1449<\/strong><br \/>(+3 for winning)