|j|WHYWHOWHAT
|j|Calepria
|player|p1|WHYWHOWHAT|29
|player|p2|Calepria|182
|gametype|singles
|gen|1
|tier|[Gen 1] Random Battle
|rated
|seed|15285,10342,20545,19723
|rule|Sleep Clause Mod: Limit one foe put to sleep
|rule|Freeze Clause Mod: Limit one foe frozen
|rule|HP Percentage Mod: HP is shown in percentages
|
|start
|switch|p1a: Primeape|Primeape, L90|300\/300
|switch|p2a: Seadra|Seadra, L90|282\/282
|turn|1
|choice|move 1|move 2
|
|move|p1a: Primeape|Mega Kick|p2a: Seadra
|-damage|p2a: Seadra|196\/282
|move|p2a: Seadra|Blizzard|p1a: Primeape
|-crit|p1a: Primeape
|-damage|p1a: Primeape|71\/300
|-status|p1a: Primeape|frz
|
|turn|2
|choice|switch 4|move 2
|
|switch|p1a: Parasect|Parasect, L90|291\/291
|move|p2a: Seadra|Blizzard|p1a: Parasect
|-supereffective|p1a: Parasect
|-damage|p1a: Parasect|98\/291
|
|turn|3
|choice|move 2|move 2
|
|move|p2a: Seadra|Blizzard|p1a: Parasect
|-supereffective|p1a: Parasect
|-damage|p1a: Parasect|0 fnt
|faint|p1a: Parasect
|choice|switch 6|
|
|switch|p1a: Haunter|Haunter, L85|250\/250
|turn|4
|choice|move 1|move 2
|
|move|p1a: Haunter|Hypnosis|p2a: Seadra|[miss]
|-miss|p1a: Haunter
|move|p2a: Seadra|Blizzard|p1a: Haunter
|-damage|p1a: Haunter|172\/250
|
|turn|5
|choice|move 1|move 2
|
|move|p1a: Haunter|Hypnosis|p2a: Seadra
|-status|p2a: Seadra|slp
|cant|p2a: Seadra|slp
|
|turn|6
|choice|move 2|move 2
|
|move|p1a: Haunter|Mega Drain|p2a: Seadra
|-supereffective|p2a: Seadra
|-damage|p2a: Seadra|138\/282 slp
|-heal|p1a: Haunter|201\/250|[from] drain|[of] p2a: Seadra
|cant|p2a: Seadra|slp
|
|turn|7
|choice|move 2|switch 6
|
|switch|p2a: Jolteon|Jolteon, L79|265\/265
|move|p1a: Haunter|Mega Drain|p2a: Jolteon
|-crit|p2a: Jolteon
|-damage|p2a: Jolteon|211\/265
|-heal|p1a: Haunter|228\/250|[from] drain|[of] p2a: Jolteon
|
|turn|8
|choice|move 3|move 1
|
|move|p2a: Jolteon|Thunderbolt|p1a: Haunter
|-damage|p1a: Haunter|152\/250
|move|p1a: Haunter|Psychic|p2a: Jolteon
|-damage|p2a: Jolteon|140\/265
|-unboost|p2a: Jolteon|spd|1
|-unboost|p2a: Jolteon|spa|1
|
|turn|9
|choice|move 3|move 1
|
|move|p2a: Jolteon|Thunderbolt|p1a: Haunter
|-damage|p1a: Haunter|99\/250
|move|p1a: Haunter|Psychic|p2a: Jolteon
|-damage|p2a: Jolteon|34\/265
|
|turn|10
|choice|move 3|move 1
|
|move|p2a: Jolteon|Thunderbolt|p1a: Haunter
|-damage|p1a: Haunter|47\/250
|move|p1a: Haunter|Psychic|p2a: Jolteon
|-damage|p2a: Jolteon|0 fnt
|faint|p2a: Jolteon
|choice||switch 5
|
|switch|p2a: Farfetch'd|Farfetch'd, L99|304\/304
|turn|11
|choice|move 3|switch 2
|
|switch|p2a: Gastly|Gastly, L96|252\/252
|move|p1a: Haunter|Psychic|p2a: Gastly
|-crit|p2a: Gastly
|-supereffective|p2a: Gastly
|-damage|p2a: Gastly|31\/252
|
|turn|12
|choice|switch 4|move 2
|
|switch|p1a: Primeape|Primeape, L90|71\/300 frz
|move|p2a: Gastly|Psychic|p1a: Primeape
|-supereffective|p1a: Primeape
|-damage|p1a: Primeape|0 fnt
|faint|p1a: Primeape
|choice|switch 5|
|
|switch|p1a: Charizard|Charizard, L85|306\/306
|turn|13
|choice|move 3|move 1
|
|move|p1a: Charizard|Earthquake|p2a: Gastly
|-supereffective|p2a: Gastly
|-damage|p2a: Gastly|0 fnt
|faint|p2a: Gastly
|choice||switch 6
|
|switch|p2a: Seadra|Seadra, L90|138\/282 slp
|turn|14
|choice|move 1|move 3
|
|move|p1a: Charizard|Swords Dance|p1a: Charizard
|-boost|p1a: Charizard|atk|2
|cant|p2a: Seadra|slp
|
|turn|15
|choice|move 1|move 3
|
|move|p1a: Charizard|Swords Dance|p1a: Charizard
|-boost|p1a: Charizard|atk|2
|-curestatus|p2a: Seadra|slp
|
|turn|16
|choice|move 4|move 3
|
|move|p1a: Charizard|Hyper Beam|p2a: Seadra
|-damage|p2a: Seadra|0 fnt
|faint|p2a: Seadra
|choice||switch 3
|
|switch|p2a: Hitmonchan|Hitmonchan, L90|273\/273
|turn|17
|choice|move 4|move 4
|
|move|p1a: Charizard|Hyper Beam|p2a: Hitmonchan
|-damage|p2a: Hitmonchan|0 fnt
|faint|p2a: Hitmonchan
|choice||switch 2
|
|switch|p2a: Farfetch'd|Farfetch'd, L99|304\/304
|turn|18
|choice|move 4|move 2
|
|move|p1a: Charizard|Hyper Beam|p2a: Farfetch'd
|-damage|p2a: Farfetch'd|0 fnt
|faint|p2a: Farfetch'd
|choice||switch 4
|
|switch|p2a: Parasect|Parasect, L90|291\/291
|turn|19
|choice|move 4|move 2
|
|move|p1a: Charizard|Hyper Beam|p2a: Parasect|[miss]
|-miss|p1a: Charizard
|move|p2a: Parasect|Hyper Beam|p1a: Charizard
|-damage|p1a: Charizard|174\/306
|
|turn|20
|-mustrecharge|p2a: Parasect
|-mustrecharge|p2a: Parasect
|choice|move 4|move 1
|
|move|p1a: Charizard|Hyper Beam|p2a: Parasect
|-damage|p2a: Parasect|3\/291
|cant|p2a: Parasect|recharge
|
|turn|21
|-mustrecharge|p1a: Charizard
|-mustrecharge|p1a: Charizard
|choice|move 1|move 2
|
|cant|p1a: Charizard|recharge
|move|p2a: Parasect|Hyper Beam|p1a: Charizard
|-damage|p1a: Charizard|52\/306
|
|turn|22
|-mustrecharge|p2a: Parasect
|-mustrecharge|p2a: Parasect
|choice|move 1|move 1
|
|move|p1a: Charizard|Swords Dance|p1a: Charizard
|-boost|p1a: Charizard|atk|2
|cant|p2a: Parasect|recharge
|
|turn|23
|choice|move 4|move 1
|
|move|p1a: Charizard|Hyper Beam|p2a: Parasect
|-damage|p2a: Parasect|0 fnt
|faint|p2a: Parasect
|
|win|WHYWHOWHAT
|player|p1
|player|p2
|raw|WHYWHOWHAT's rating: 1332 &rarr; <strong>1343<\/strong><br \/>(+11 for winning)
|raw|Calepria's rating: 1153 &rarr; <strong>1140<\/strong><br \/>(-13 for losing)
|l|WHYWHOWHAT