|join|kid gf lol
|join|UT Sal
|player|p1|kid gf lol|114
|player|p2|UT Sal|10
|gametype|singles
|gen|1
|tier|[Gen 1] Random Battle
|rated
|rule|Sleep Clause Mod: Limit one foe put to sleep
|rule|Freeze Clause Mod: Limit one foe frozen
|rule|HP Percentage Mod: HP is shown in percentages
|
|start
|switch|p1a: Nidoqueen|Nidoqueen, L86|330\/330
|switch|p2a: Weepinbell|Weepinbell, L86|287\/287
|turn|1
|
|switch|p1a: Pidgeotto|Pidgeotto, L86|284\/284
|move|p2a: Weepinbell|Sleep Powder|p1a: Pidgeotto|[miss]
|-miss|p2a: Weepinbell
|
|turn|2
|
|move|p1a: Pidgeotto|Double-Edge|p2a: Weepinbell
|-damage|p2a: Weepinbell|178\/287
|-damage|p1a: Pidgeotto|257\/284|[from] recoil|[of] p2a: Weepinbell
|move|p2a: Weepinbell|Toxic|p1a: Pidgeotto
|-status|p1a: Pidgeotto|tox
|
|turn|3
|
|move|p1a: Pidgeotto|Double-Edge|p2a: Weepinbell
|-damage|p2a: Weepinbell|68\/287
|-damage|p1a: Pidgeotto|230\/284 tox|[from] recoil|[of] p2a: Weepinbell
|-damage|p1a: Pidgeotto|213\/284 tox|[from] tox|[of] p2a: Weepinbell
|move|p2a: Weepinbell|Sleep Powder|p1a: Pidgeotto
|-fail|p1a: Pidgeotto
|
|turn|4
|
|switch|p2a: Nidoqueen|Nidoqueen, L86|330\/330
|move|p1a: Pidgeotto|Double-Edge|p2a: Nidoqueen
|-crit|p2a: Nidoqueen
|-damage|p2a: Nidoqueen|169\/330
|-damage|p1a: Pidgeotto|173\/284 tox|[from] recoil|[of] p2a: Nidoqueen
|-damage|p1a: Pidgeotto|139\/284 tox|[from] tox|[of] p2a: Nidoqueen
|
|turn|5
|
|move|p2a: Nidoqueen|Blizzard|p1a: Pidgeotto
|-supereffective|p1a: Pidgeotto
|-damage|p1a: Pidgeotto|0 fnt
|faint|p1a: Pidgeotto
|
|switch|p1a: Jynx|Jynx, L80|268\/268
|turn|6
|
|move|p1a: Jynx|Psychic|p2a: Nidoqueen
|-supereffective|p2a: Nidoqueen
|-damage|p2a: Nidoqueen|0 fnt
|faint|p2a: Nidoqueen
|c|★kid gf lol|i highly doubt i'll lose
|c|★kid gf lol|i have a decent team
|c|★kid gf lol|other than pidgeotto
|
|switch|p2a: Poliwrath|Poliwrath, L86|330\/330
|turn|7
|
|move|p1a: Jynx|Lovely Kiss|p2a: Poliwrath
|-status|p2a: Poliwrath|slp
|cant|p2a: Poliwrath|slp
|
|turn|8
|
|move|p1a: Jynx|Mimic|p2a: Poliwrath
|-start|p1a: Jynx|Mimic|Submission
|cant|p2a: Poliwrath|slp
|
|turn|9
|
|move|p1a: Jynx|Psychic|p2a: Poliwrath
|-supereffective|p2a: Poliwrath
|-damage|p2a: Poliwrath|123\/330 slp
|cant|p2a: Poliwrath|slp
|
|turn|10
|
|move|p1a: Jynx|Psychic|p2a: Poliwrath
|-supereffective|p2a: Poliwrath
|-damage|p2a: Poliwrath|0 fnt
|faint|p2a: Poliwrath
|
|switch|p2a: Jynx|Jynx, L80|268\/268
|turn|11
|
|move|p1a: Jynx|Lovely Kiss|p2a: Jynx
|-status|p2a: Jynx|slp
|cant|p2a: Jynx|slp
|
|turn|12
|
|switch|p1a: Persian|Persian, L80|268\/268
|cant|p2a: Jynx|slp
|-curestatus|p2a: Jynx|slp
|
|turn|13
|
|move|p1a: Persian|Slash|p2a: Jynx
|-crit|p2a: Jynx
|-damage|p2a: Jynx|80\/268
|move|p2a: Jynx|Psychic|p1a: Persian
|-damage|p1a: Persian|155\/268
|-unboost|p1a: Persian|spd|1
|-unboost|p1a: Persian|spa|1
|
|turn|14
|
|move|p1a: Persian|Slash|p2a: Jynx
|-crit|p2a: Jynx
|-damage|p2a: Jynx|0 fnt
|faint|p2a: Jynx
|
|switch|p2a: Lickitung|Lickitung, L86|330\/330
|turn|15
|
|move|p1a: Persian|Slash|p2a: Lickitung
|-crit|p2a: Lickitung
|-damage|p2a: Lickitung|210\/330
|move|p2a: Lickitung|Hyper Beam|p1a: Persian
|-damage|p1a: Persian|0 fnt
|faint|p1a: Persian
|
|switch|p1a: Jynx|Jynx, L80|268\/268
|turn|16
|
|move|p1a: Jynx|Lovely Kiss|p2a: Lickitung
|-status|p2a: Lickitung|slp
|cant|p2a: Lickitung|slp
|
|turn|17
|
|move|p1a: Jynx|Psychic|p2a: Lickitung
|-damage|p2a: Lickitung|112\/330 slp
|cant|p2a: Lickitung|slp
|
|turn|18
|
|move|p1a: Jynx|Blizzard|p2a: Lickitung|[miss]
|-miss|p1a: Jynx
|cant|p2a: Lickitung|slp
|
|turn|19
|
|move|p1a: Jynx|Psychic|p2a: Lickitung
|-damage|p2a: Lickitung|7\/330 slp
|cant|p2a: Lickitung|slp
|
|turn|20
|
|move|p1a: Jynx|Mimic|p2a: Lickitung
|-start|p1a: Jynx|Mimic|Swords Dance
|cant|p2a: Lickitung|slp
|
|turn|21
|
|move|p1a: Jynx|Psychic|p2a: Lickitung
|-damage|p2a: Lickitung|0 fnt
|faint|p2a: Lickitung
|
|switch|p2a: Wartortle|Wartortle, L86|277\/277
|turn|22
|
|move|p1a: Jynx|Lovely Kiss|p2a: Wartortle
|-status|p2a: Wartortle|slp
|cant|p2a: Wartortle|slp
|
|turn|23
|
|move|p1a: Jynx|Psychic|p2a: Wartortle
|-damage|p2a: Wartortle|178\/277 slp
|-unboost|p2a: Wartortle|spd|1
|-unboost|p2a: Wartortle|spa|1
|cant|p2a: Wartortle|slp
|
|turn|24
|
|move|p1a: Jynx|Psychic|p2a: Wartortle
|-damage|p2a: Wartortle|26\/277 slp
|cant|p2a: Wartortle|slp
|
|turn|25
|-message|UT Sal forfeited.
|
|win|kid gf lol
|raw|Ladder updating...
|leave|UT Sal
|player|p2
|raw|kid gf lol's rating: 1310 &rarr; <strong>1325<\/strong><br \/>(+15 for winning)
|raw|UT Sal's rating: 1220 &rarr; <strong>1202<\/strong><br \/>(-18 for losing)