|join|marcoasd
|join|angrymoron
|player|p1|marcoasd|266
|player|p2|angrymoron|282
|gametype|singles
|gen|1
|tier|[Gen 1] OU (beta)
|rated
|rule|Sleep Clause Mod: Limit one foe put to sleep
|rule|Species Clause: Limit one of each Pokemon
|rule|OHKO Clause: OHKO moves are banned
|rule|Moody Clause: Moody is banned
|rule|Evasion Moves Clause: Evasion moves are banned
|rule|Endless Battle Clause: Forcing endless battles is banned.
|rule|HP Percentage Mod: HP is reported as percentages
|
|start
|switch|p1a: Gengar|Gengar|323\/323
|switch|p2a: Starmie|Starmie|323\/323
|turn|1
|callback|decision
|
|switch|p1a: Chansey|Chansey|703\/703
|move|p2a: Starmie|Blizzard|p1a: Chansey
|-damage|p1a: Chansey|610\/703
|
|turn|2
|callback|decision
|
|switch|p2a: Exeggutor|Exeggutor|393\/393
|move|p1a: Chansey|Thunderbolt|p2a: Exeggutor
|-resisted|p2a: Exeggutor
|-damage|p2a: Exeggutor|360\/393
|
|turn|3
|callback|decision
|
|switch|p1a: Exeggutor|Exeggutor|393\/393
|move|p2a: Exeggutor|Sleep Powder|p1a: Exeggutor
|-status|p1a: Exeggutor|slp
|
|turn|4
|callback|decision
|
|switch|p1a: Lapras|Lapras|463\/463
|switch|p2a: Alakazam|Alakazam|313\/313
|
|turn|5
|callback|decision
|
|switch|p1a: Chansey|Chansey|610\/703
|move|p2a: Alakazam|Psychic|p1a: Chansey
|-damage|p1a: Chansey|477\/703
|
|turn|6
|callback|decision
|
|switch|p2a: Chansey|Chansey|703\/703
|move|p1a: Chansey|Ice Beam|p2a: Chansey
|-damage|p2a: Chansey|630\/703
|
|turn|7
|callback|decision
|
|switch|p1a: Gengar|Gengar|323\/323
|move|p2a: Chansey|Ice Beam|p1a: Gengar
|-damage|p1a: Gengar|258\/323
|
|turn|8
|callback|decision
|
|switch|p2a: Alakazam|Alakazam|313\/313
|move|p1a: Gengar|Hypnosis|p2a: Alakazam
|-status|p2a: Alakazam|slp
|
|turn|9
|callback|decision
|
|switch|p2a: Exeggutor|Exeggutor|360\/393
|switch|p1a: Snorlax|Snorlax|523\/523
|
|turn|10
|callback|decision
|
|switch|p1a: Lapras|Lapras|463\/463
|move|p2a: Exeggutor|Psychic|p1a: Lapras
|-damage|p1a: Lapras|338\/463
|
|turn|11
|callback|decision
|
|switch|p2a: Chansey|Chansey|630\/703
|move|p1a: Lapras|Confuse Ray|p2a: Chansey
|-start|p2a: Chansey|confusion
|
|turn|12
|callback|decision
|
|switch|p2a: Starmie|Starmie|323\/323
|move|p1a: Lapras|Blizzard|p2a: Starmie
|-resisted|p2a: Starmie
|-damage|p2a: Starmie|255\/323
|
|turn|13
|callback|decision
|
|switch|p1a: Gengar|Gengar|258\/323
|move|p2a: Starmie|Blizzard|p1a: Gengar
|-crit|p1a: Gengar
|-damage|p1a: Gengar|111\/323
|
|turn|14
|callback|decision
|
|switch|p2a: Snorlax|Snorlax|523\/523
|move|p1a: Gengar|Thunderbolt|p2a: Snorlax
|-damage|p2a: Snorlax|407\/523
|
|turn|15
|callback|decision
|
|move|p1a: Gengar|Explosion|p2a: Snorlax
|-crit|p2a: Snorlax
|-damage|p2a: Snorlax|0 fnt
|faint|p2a: Snorlax
|faint|p1a: Gengar
|callback|decision
|
|switch|p2a: Starmie|Starmie|255\/323
|switch|p1a: Chansey|Chansey|477\/703
|turn|16
|callback|decision
|
|switch|p2a: Chansey|Chansey|630\/703
|move|p1a: Chansey|Thunder Wave|p2a: Chansey
|-status|p2a: Chansey|par
|
|turn|17
|callback|decision
|
|switch|p1a: Lapras|Lapras|338\/463
|cant|p2a: Chansey|par
|
|turn|18
|callback|decision
|
|move|p1a: Lapras|Confuse Ray|p2a: Chansey
|-start|p2a: Chansey|confusion
|-activate|p2a: Chansey|confusion
|move|p2a: Chansey|Thunderbolt|p1a: Lapras
|-supereffective|p1a: Lapras
|-damage|p1a: Lapras|191\/463
|
|turn|19
|callback|decision
|
|switch|p2a: Starmie|Starmie|255\/323
|move|p1a: Lapras|Body Slam|p2a: Starmie
|-damage|p2a: Starmie|185\/323
|
|turn|20
|callback|decision
|
|move|p2a: Starmie|Blizzard|p1a: Lapras
|-resisted|p1a: Lapras
|-damage|p1a: Lapras|169\/463
|move|p1a: Lapras|Body Slam|p2a: Starmie
|-crit|p2a: Starmie
|-damage|p2a: Starmie|45\/323
|
|turn|21
|callback|decision
|
|move|p2a: Starmie|Recover|p2a: Starmie
|-heal|p2a: Starmie|206\/323
|move|p1a: Lapras|Body Slam|p2a: Starmie
|-damage|p2a: Starmie|134\/323
|
|turn|22
|callback|decision
|
|switch|p1a: Chansey|Chansey|477\/703
|move|p2a: Starmie|Thunderbolt|p1a: Chansey
|-damage|p1a: Chansey|410\/703
|
|turn|23
|callback|decision
|
|switch|p2a: Chansey|Chansey|630\/703 par
|move|p1a: Chansey|Thunderbolt|p2a: Chansey
|-damage|p2a: Chansey|556\/703 par
|
|turn|24
|callback|decision
|
|switch|p1a: Lapras|Lapras|169\/463
|move|p2a: Chansey|Ice Beam|p1a: Lapras
|-resisted|p1a: Lapras
|-damage|p1a: Lapras|149\/463
|
|turn|25
|callback|decision
|
|switch|p2a: Starmie|Starmie|134\/323
|move|p1a: Lapras|Confuse Ray|p2a: Starmie
|-start|p2a: Starmie|confusion
|
|turn|26
|callback|decision
|
|switch|p2a: Chansey|Chansey|556\/703 par
|move|p1a: Lapras|Body Slam|p2a: Chansey
|-damage|p2a: Chansey|386\/703 par
|
|turn|27
|callback|decision
|
|move|p1a: Lapras|Confuse Ray|p2a: Chansey
|-start|p2a: Chansey|confusion
|-activate|p2a: Chansey|confusion
|move|p2a: Chansey|Soft-Boiled|p2a: Chansey
|-heal|p2a: Chansey|703\/703 par
|
|turn|28
|callback|decision
|
|move|p1a: Lapras|Body Slam|p2a: Chansey
|-damage|p2a: Chansey|542\/703 par
|cant|p2a: Chansey|par
|
|turn|29
|callback|decision
|
|move|p1a: Lapras|Body Slam|p2a: Chansey
|-damage|p2a: Chansey|390\/703 par
|-end|p2a: Chansey|confusion
|move|p2a: Chansey|Thunderbolt|p1a: Lapras
|-supereffective|p1a: Lapras
|-damage|p1a: Lapras|2\/463
|
|turn|30
|callback|decision
|
|move|p1a: Lapras|Confuse Ray|p2a: Chansey
|-start|p2a: Chansey|confusion
|-activate|p2a: Chansey|confusion
|move|p2a: Chansey|Soft-Boiled|p2a: Chansey
|-heal|p2a: Chansey|703\/703 par
|
|turn|31
|callback|decision
|
|switch|p2a: Starmie|Starmie|134\/323
|move|p1a: Lapras|Rest|p1a: Lapras
|-status|p1a: Lapras|slp
|-heal|p1a: Lapras|463\/463 slp|[silent]
|-status|p1a: Lapras|slp|[from] move: Rest
|
|turn|32
|callback|decision
|
|move|p2a: Starmie|Recover|p2a: Starmie
|-heal|p2a: Starmie|295\/323
|cant|p1a: Lapras|slp
|
|turn|33
|callback|decision
|
|switch|p1a: Chansey|Chansey|410\/703
|move|p2a: Starmie|Thunderbolt|p1a: Chansey
|-damage|p1a: Chansey|335\/703
|
|turn|34
|callback|decision
|
|switch|p2a: Chansey|Chansey|703\/703 par
|move|p1a: Chansey|Thunder Wave|p2a: Chansey
|-fail|p2a: Chansey|par
|
|turn|35
|callback|decision
|
|move|p1a: Chansey|Soft-Boiled|p1a: Chansey
|-heal|p1a: Chansey|686\/703
|move|p2a: Chansey|Ice Beam|p1a: Chansey
|-damage|p1a: Chansey|612\/703
|
|turn|36
|callback|decision
|
|switch|p1a: Lapras|Lapras|463\/463 slp
|move|p2a: Chansey|Ice Beam|p1a: Lapras
|-resisted|p1a: Lapras
|-damage|p1a: Lapras|443\/463 slp
|
|turn|37
|callback|decision
|
|switch|p2a: Starmie|Starmie|295\/323
|cant|p1a: Lapras|slp
|-curestatus|p1a: Lapras|slp
|
|turn|38
|callback|decision
|
|move|p2a: Starmie|Thunderbolt|p1a: Lapras
|-supereffective|p1a: Lapras
|-damage|p1a: Lapras|289\/463
|move|p1a: Lapras|Body Slam|p2a: Starmie
|-damage|p2a: Starmie|226\/323
|
|turn|39
|callback|decision
|
|switch|p1a: Chansey|Chansey|612\/703
|move|p2a: Starmie|Thunderbolt|p1a: Chansey
|-damage|p1a: Chansey|537\/703
|
|turn|40
|callback|decision
|
|switch|p2a: Chansey|Chansey|703\/703 par
|switch|p1a: Lapras|Lapras|289\/463
|
|turn|41
|callback|decision
|
|move|p1a: Lapras|Confuse Ray|p2a: Chansey
|-start|p2a: Chansey|confusion
|-activate|p2a: Chansey|confusion
|move|p2a: Chansey|Thunderbolt|p1a: Lapras
|-supereffective|p1a: Lapras
|-damage|p1a: Lapras|136\/463
|-status|p1a: Lapras|par
|
|turn|42
|callback|decision
|
|switch|p2a: Starmie|Starmie|226\/323
|move|p1a: Lapras|Rest|p1a: Lapras
|-status|p1a: Lapras|slp
|-heal|p1a: Lapras|463\/463 slp|[silent]
|-status|p1a: Lapras|slp|[from] move: Rest
|
|turn|43
|callback|decision
|
|switch|p1a: Chansey|Chansey|537\/703
|move|p2a: Starmie|Thunderbolt|p1a: Chansey
|-crit|p1a: Chansey
|-damage|p1a: Chansey|389\/703
|
|turn|44
|callback|decision
|
|switch|p2a: Chansey|Chansey|703\/703 par
|switch|p1a: Snorlax|Snorlax|523\/523
|
|turn|45
|callback|decision
|
|switch|p2a: Exeggutor|Exeggutor|360\/393
|move|p1a: Snorlax|Body Slam|p2a: Exeggutor
|-damage|p2a: Exeggutor|242\/393
|-status|p2a: Exeggutor|par
|
|turn|46
|callback|decision
|
|move|p1a: Snorlax|Body Slam|p2a: Exeggutor
|-damage|p2a: Exeggutor|121\/393 par
|move|p2a: Exeggutor|Explosion|p1a: Snorlax
|-damage|p1a: Snorlax|190\/523
|faint|p2a: Exeggutor
|callback|decision
|
|switch|p2a: Tauros|Tauros|353\/353
|turn|47
|callback|decision
|
|switch|p1a: Lapras|Lapras|463\/463 slp
|move|p2a: Tauros|Hyper Beam|p1a: Lapras
|-crit|p1a: Lapras
|-damage|p1a: Lapras|75\/463 slp
|
|turn|48
|callback|decision
|
|cant|p2a: Tauros|recharge
|cant|p1a: Lapras|slp
|
|turn|49
|callback|decision
|
|move|p2a: Tauros|Body Slam|p1a: Lapras
|-damage|p1a: Lapras|0 fnt
|faint|p1a: Lapras
|
|callback|decision
|
|switch|p1a: Tauros|Tauros|353\/353
|turn|50
|callback|decision
|
|move|p1a: Tauros|Body Slam|p2a: Tauros
|-damage|p2a: Tauros|249\/353
|move|p2a: Tauros|Body Slam|p1a: Tauros
|-damage|p1a: Tauros|244\/353
|
|turn|51
|callback|decision
|
|move|p2a: Tauros|Body Slam|p1a: Tauros
|-crit|p1a: Tauros
|-damage|p1a: Tauros|37\/353
|move|p1a: Tauros|Body Slam|p2a: Tauros
|-damage|p2a: Tauros|139\/353
|-status|p2a: Tauros|par
|
|turn|52
|callback|decision
|
|move|p1a: Tauros|Hyper Beam|p2a: Tauros
|-crit|p2a: Tauros
|-damage|p2a: Tauros|0 fnt
|faint|p2a: Tauros
|
|callback|decision
|
|switch|p2a: Starmie|Starmie|226\/323
|turn|53
|callback|decision
|
|switch|p1a: Chansey|Chansey|389\/703
|move|p2a: Starmie|Blizzard|p1a: Chansey
|-damage|p1a: Chansey|294\/703
|
|turn|54
|callback|decision
|
|switch|p2a: Chansey|Chansey|703\/703 par
|move|p1a: Chansey|Thunderbolt|p2a: Chansey
|-crit|p2a: Chansey
|-damage|p2a: Chansey|563\/703 par
|
|turn|55
|callback|decision
|
|move|p1a: Chansey|Soft-Boiled|p1a: Chansey
|-heal|p1a: Chansey|645\/703
|move|p2a: Chansey|Ice Beam|p1a: Chansey
|-damage|p1a: Chansey|570\/703
|
|turn|56
|callback|decision
|
|move|p1a: Chansey|Thunderbolt|p2a: Chansey
|-damage|p2a: Chansey|491\/703 par
|move|p2a: Chansey|Ice Beam|p1a: Chansey
|-damage|p1a: Chansey|498\/703
|
|turn|57
|callback|decision
|
|move|p1a: Chansey|Thunderbolt|p2a: Chansey
|-damage|p2a: Chansey|422\/703 par
|move|p2a: Chansey|Soft-Boiled|p2a: Chansey
|-heal|p2a: Chansey|703\/703 par
|
|turn|58
|callback|decision
|
|move|p1a: Chansey|Thunderbolt|p2a: Chansey
|-damage|p2a: Chansey|624\/703 par
|move|p2a: Chansey|Ice Beam|p1a: Chansey
|-damage|p1a: Chansey|426\/703
|-status|p1a: Chansey|frz
|
|turn|59
|callback|decision
|
|cant|p1a: Chansey|frz
|move|p2a: Chansey|Thunder Wave|p1a: Chansey
|-fail|p1a: Chansey
|
|turn|60
|callback|decision
|
|cant|p1a: Chansey|frz
|move|p2a: Chansey|Thunderbolt|p1a: Chansey
|-crit|p1a: Chansey
|-damage|p1a: Chansey|273\/703 frz
|
|turn|61
|callback|decision
|
|switch|p2a: Starmie|Starmie|226\/323
|cant|p1a: Chansey|frz
|
|turn|62
|callback|decision
|
|move|p2a: Starmie|Recover|p2a: Starmie
|-heal|p2a: Starmie|323\/323
|cant|p1a: Chansey|frz
|
|turn|63
|callback|decision
|
|move|p2a: Starmie|Thunderbolt|p1a: Chansey
|-crit|p1a: Chansey
|-damage|p1a: Chansey|120\/703 frz
|cant|p1a: Chansey|frz
|
|turn|64
|callback|decision
|
|move|p2a: Starmie|Thunderbolt|p1a: Chansey
|-damage|p1a: Chansey|48\/703 frz
|cant|p1a: Chansey|frz
|
|turn|65
|callback|decision
|
|move|p2a: Starmie|Thunderbolt|p1a: Chansey
|-damage|p1a: Chansey|0 fnt
|faint|p1a: Chansey
|
|callback|decision
|
|switch|p1a: Snorlax|Snorlax|190\/523
|turn|66
|callback|decision
|
|move|p2a: Starmie|Blizzard|p1a: Snorlax
|-damage|p1a: Snorlax|68\/523
|-status|p1a: Snorlax|frz
|cant|p1a: Snorlax|frz
|
|turn|67
|callback|decision
|
|move|p2a: Starmie|Thunderbolt|p1a: Snorlax
|-crit|p1a: Snorlax
|-damage|p1a: Snorlax|0 fnt
|faint|p1a: Snorlax
|
|callback|decision
|
|switch|p1a: Exeggutor|Exeggutor|393\/393 slp
|turn|68
|callback|decision
|
|move|p2a: Starmie|Blizzard|p1a: Exeggutor
|-supereffective|p1a: Exeggutor
|-damage|p1a: Exeggutor|237\/393 slp
|cant|p1a: Exeggutor|slp
|
|turn|69
|callback|decision
|
|move|p2a: Starmie|Blizzard|p1a: Exeggutor
|-supereffective|p1a: Exeggutor
|-damage|p1a: Exeggutor|84\/393 slp
|cant|p1a: Exeggutor|slp
|
|turn|70
|callback|decision
|
|move|p2a: Starmie|Blizzard|p1a: Exeggutor
|-supereffective|p1a: Exeggutor
|-damage|p1a: Exeggutor|0 fnt
|faint|p1a: Exeggutor
|
|callback|decision
|
|switch|p1a: Tauros|Tauros|37\/353
|turn|71
|callback|decision
|
|move|p2a: Starmie|Thunderbolt|p1a: Tauros
|-crit|p1a: Tauros
|-damage|p1a: Tauros|0 fnt
|faint|p1a: Tauros
|
|win|angrymoron
|raw|Ladder updating...
|chat|marcoasd|gg
|chat|angrymoron|gg
|leave|marcoasd
|player|p1
|raw|marcoasd's rating: 1301 &rarr; <strong>1265<\/strong><br \/>(-36 for losing)
|raw|angrymoron's rating: 1132 &rarr; <strong>1169<\/strong><br \/>(+37 for winning)