|j|sddfddf
|j|umbrellatraitor
|player|p1|sddfddf|128
|player|p2|umbrellatraitor|161
|gametype|singles
|gen|1
|tier|[Gen 1] OU
|rated
|seed|6907,20831,63550,46342
|rule|Sleep Clause Mod: Limit one foe put to sleep
|rule|Freeze Clause Mod: Limit one foe frozen
|rule|Species Clause: Limit one of each Pokémon
|rule|OHKO Clause: OHKO moves are banned
|rule|Evasion Moves Clause: Evasion moves are banned
|rule|HP Percentage Mod: HP is shown in percentages
|
|start
|switch|p1a: Moltres|Moltres|383\/383
|switch|p2a: Dragonite|Dragonite|385\/385
|turn|1
|choice|move 4|move 1
|
|move|p1a: Moltres|Fire Spin|p2a: Dragonite
|-resisted|p2a: Dragonite
|-damage|p2a: Dragonite|374\/385
|-activate|p2a: Dragonite|move: Fire Spin|[of] p1a: Moltres
|cant|p2a: Dragonite|partiallytrapped
|
|turn|2
|choice|move 4|move 1
|
|move|p1a: Moltres|Fire Spin|p2a: Dragonite|[from]Fire Spin
|-damage|p2a: Dragonite|363\/385
|cant|p2a: Dragonite|partiallytrapped
|
|turn|3
|choice|switch 4|move 1
|
|switch|p1a: Alakazam|Alakazam|313\/313
|cant|p2a: Dragonite|partiallytrapped
|
|-end|p2a: Dragonite|Fire Spin|[partiallytrapped]
|turn|4
|choice|move 3|switch 5
|
|switch|p2a: Nidoking|Nidoking|365\/365
|move|p1a: Alakazam|Thunder Wave|p2a: Nidoking
|-immune|p2a: Nidoking|[msg]
|
|turn|5
|choice|switch 2|move 1
|
|switch|p1a: Exeggutor|Exeggutor|393\/393
|move|p2a: Nidoking|Earthquake|p1a: Exeggutor
|-resisted|p1a: Exeggutor
|-damage|p1a: Exeggutor|336\/393
|
|turn|6
|choice|move 2|switch 4
|
|switch|p2a: Gyarados|Gyarados|393\/393
|move|p1a: Exeggutor|Sleep Powder|p2a: Gyarados
|-status|p2a: Gyarados|slp
|
|turn|7
|choice|move 3|move 2
|
|cant|p2a: Gyarados|slp
|move|p1a: Exeggutor|Psychic|p2a: Gyarados
|-damage|p2a: Gyarados|275\/393 slp
|
|turn|8
|choice|move 3|move 1
|
|cant|p2a: Gyarados|slp
|move|p1a: Exeggutor|Psychic|p2a: Gyarados
|-crit|p2a: Gyarados
|-damage|p2a: Gyarados|42\/393 slp
|
|turn|9
|choice|switch 2|move 2
|
|switch|p1a: Alakazam|Alakazam|313\/313
|cant|p2a: Gyarados|slp
|
|turn|10
|choice|move 1|move 2
|
|move|p1a: Alakazam|Psychic|p2a: Gyarados
|-damage|p2a: Gyarados|0 fnt
|faint|p2a: Gyarados
|choice||switch 4
|
|switch|p2a: Nidoking|Nidoking|365\/365
|turn|11
|choice|move 1|switch 2
|
|switch|p2a: Charizard|Charizard|359\/359
|move|p1a: Alakazam|Psychic|p2a: Charizard
|-crit|p2a: Charizard
|-damage|p2a: Charizard|59\/359
|-unboost|p2a: Charizard|spd|1
|-unboost|p2a: Charizard|spa|1
|
|turn|12
|choice|move 1|move 3
|
|move|p1a: Alakazam|Psychic|p2a: Charizard
|-crit|p2a: Charizard
|-damage|p2a: Charizard|0 fnt
|faint|p2a: Charizard
|choice||switch 5
|
|switch|p2a: Dragonite|Dragonite|363\/385
|turn|13
|choice|move 3|move 1
|
|move|p1a: Alakazam|Thunder Wave|p2a: Dragonite
|-status|p2a: Dragonite|par
|move|p2a: Dragonite|Thunder Wave|p1a: Alakazam
|-status|p1a: Alakazam|par
|
|turn|14
|choice|move 1|move 3
|
|move|p1a: Alakazam|Psychic|p2a: Dragonite
|-crit|p2a: Dragonite
|-damage|p2a: Dragonite|114\/385 par
|-unboost|p2a: Dragonite|spd|1
|-unboost|p2a: Dragonite|spa|1
|move|p2a: Dragonite|Double-Edge|p1a: Alakazam
|-damage|p1a: Alakazam|163\/313 par
|-damage|p2a: Dragonite|77\/385 par|[from] recoil|[of] p1a: Alakazam
|
|turn|15
|choice|move 1|move 3
|
|cant|p1a: Alakazam|par
|move|p2a: Dragonite|Double-Edge|p1a: Alakazam
|-damage|p1a: Alakazam|15\/313 par
|-damage|p2a: Dragonite|40\/385 par|[from] recoil|[of] p1a: Alakazam
|
|turn|16
|choice|move 2|move 3
|
|move|p1a: Alakazam|Recover|p1a: Alakazam
|-heal|p1a: Alakazam|171\/313 par
|move|p2a: Dragonite|Double-Edge|p1a: Alakazam
|-damage|p1a: Alakazam|26\/313 par
|-damage|p2a: Dragonite|4\/385 par|[from] recoil|[of] p1a: Alakazam
|
|turn|17
|choice|move 2|move 3
|
|cant|p1a: Alakazam|par
|move|p2a: Dragonite|Double-Edge|p1a: Alakazam
|-damage|p1a: Alakazam|0 fnt
|-damage|p2a: Dragonite|0 fnt|[from] recoil|[of] p1a: Alakazam
|faint|p1a: Alakazam
|faint|p2a: Dragonite
|choice|switch 6|switch 3
|
|switch|p2a: Gengar|Gengar|323\/323
|switch|p1a: Jynx|Jynx|333\/333
|turn|18
|choice|switch 4|move 4
|
|switch|p1a: Moltres|Moltres|383\/383
|move|p2a: Gengar|Seismic Toss|p1a: Moltres
|-damage|p1a: Moltres|283\/383
|
|turn|19
|choice|switch 4|move 3
|
|switch|p1a: Jynx|Jynx|333\/333
|move|p2a: Gengar|Thunderbolt|p1a: Jynx
|-damage|p1a: Jynx|243\/333
|
|turn|20
|choice|move 3|move 4
|
|move|p2a: Gengar|Seismic Toss|p1a: Jynx
|-damage|p1a: Jynx|143\/333
|move|p1a: Jynx|Lovely Kiss|p2a: Gengar
|-status|p2a: Gengar|slp
|
|turn|21
|choice|move 2|move 4
|
|cant|p2a: Gengar|slp
|move|p1a: Jynx|Psychic|p2a: Gengar
|-supereffective|p2a: Gengar
|-damage|p2a: Gengar|152\/323 slp
|
|turn|22
|choice|move 2|move 4
|
|cant|p2a: Gengar|slp
|move|p1a: Jynx|Psychic|p2a: Gengar
|-crit|p2a: Gengar
|-supereffective|p2a: Gengar
|-damage|p2a: Gengar|0 fnt
|faint|p2a: Gengar
|choice||switch 6
|
|switch|p2a: Zapdos|Zapdos|383\/383
|turn|23
|choice|switch 5|move 1
|
|switch|p1a: Rhydon|Rhydon|413\/413
|move|p2a: Zapdos|Drill Peck|p1a: Rhydon
|-resisted|p1a: Rhydon
|-damage|p1a: Rhydon|378\/413
|
|turn|24
|choice|move 4|switch 2
|
|switch|p2a: Nidoking|Nidoking|365\/365
|move|p1a: Rhydon|Substitute|p1a: Rhydon
|-start|p1a: Rhydon|Substitute
|-damage|p1a: Rhydon|275\/413
|
|turn|25
|choice|move 2|move 1
|
|move|p2a: Nidoking|Earthquake|p1a: Rhydon
|-crit|p1a: Rhydon
|-supereffective|p1a: Rhydon
|-end|p1a: Rhydon|Substitute
|move|p1a: Rhydon|Earthquake|p2a: Nidoking
|-supereffective|p2a: Nidoking
|-damage|p2a: Nidoking|11\/365
|
|turn|26
|choice|switch 4|move 1
|
|switch|p1a: Moltres|Moltres|283\/383
|move|p2a: Nidoking|Earthquake|p1a: Moltres
|-immune|p1a: Moltres|[msg]
|
|turn|27
|choice|move 2|move 3
|
|move|p1a: Moltres|Fire Blast|p2a: Nidoking
|-damage|p2a: Nidoking|0 fnt
|faint|p2a: Nidoking
|choice||switch 2
|
|switch|p2a: Zapdos|Zapdos|383\/383
|turn|28
|choice|move 1|move 4
|
|move|p2a: Zapdos|Whirlwind|p1a: Moltres|[miss]
|-miss|p2a: Zapdos
|move|p1a: Moltres|Agility|p1a: Moltres
|-boost|p1a: Moltres|spe|2
|
|turn|29
|choice|move 4|move 2
|
|move|p1a: Moltres|Fire Spin|p2a: Zapdos
|-damage|p2a: Zapdos|364\/383
|-activate|p2a: Zapdos|move: Fire Spin|[of] p1a: Moltres
|cant|p2a: Zapdos|partiallytrapped
|
|turn|30
|choice|move 4|move 2
|
|move|p1a: Moltres|Fire Spin|p2a: Zapdos|[from]Fire Spin
|-damage|p2a: Zapdos|345\/383
|cant|p2a: Zapdos|partiallytrapped
|
|-end|p2a: Zapdos|Fire Spin|[partiallytrapped]
|turn|31
|c|★umbrellatraitor|gg
|-message|umbrellatraitor forfeited.
|
|win|sddfddf
|player|p1
|player|p2
|l|umbrellatraitor
|raw|sddfddf's rating: 1000 &rarr; <strong>1055<\/strong><br \/>(+55 for winning)
|raw|umbrellatraitor's rating: 1137 &rarr; <strong>1103<\/strong><br \/>(-34 for losing)