|j|OniLink96
|j|Rimr
|player|p1|OniLink96|25
|player|p2|Rimr|1
|gametype|singles
|gen|1
|tier|[Gen 1] OU
|rated
|seed|58608,6595,41670,7210
|rule|Sleep Clause Mod: Limit one foe put to sleep
|rule|Freeze Clause Mod: Limit one foe frozen
|rule|Species Clause: Limit one of each Pokémon
|rule|OHKO Clause: OHKO moves are banned
|rule|Evasion Moves Clause: Evasion moves are banned
|rule|HP Percentage Mod: HP is shown in percentages
|
|start
|switch|p1a: Gengar|Gengar|323\/323
|switch|p2a: Electabuzz|Electabuzz|333\/333
|turn|1
|choice|move 1|move 3
|
|move|p1a: Gengar|Hypnosis|p2a: Electabuzz|[miss]
|-miss|p1a: Gengar
|move|p2a: Electabuzz|Thunder Wave|p1a: Gengar
|-status|p1a: Gengar|par
|
|turn|2
|choice|move 1|move 2
|
|move|p2a: Electabuzz|Psychic|p1a: Gengar
|-supereffective|p1a: Gengar
|-damage|p1a: Gengar|220\/323 par
|move|p1a: Gengar|Hypnosis|p2a: Electabuzz
|-status|p2a: Electabuzz|slp
|
|turn|3
|choice|switch 2|move 2
|
|switch|p1a: Chansey|Chansey|703\/703
|-curestatus|p2a: Electabuzz|slp
|
|turn|4
|choice|move 3|move 3
|
|move|p2a: Electabuzz|Thunder Wave|p1a: Chansey
|-status|p1a: Chansey|par
|move|p1a: Chansey|Thunder Wave|p2a: Electabuzz
|-status|p2a: Electabuzz|par
|
|turn|5
|choice|move 1|move 1
|
|move|p2a: Electabuzz|Thunderbolt|p1a: Chansey
|-damage|p1a: Chansey|610\/703 par
|move|p1a: Chansey|Ice Beam|p2a: Electabuzz
|-damage|p2a: Electabuzz|249\/333 par
|
|turn|6
|choice|move 1|move 2
|
|cant|p2a: Electabuzz|par
|move|p1a: Chansey|Ice Beam|p2a: Electabuzz
|-crit|p2a: Electabuzz
|-damage|p2a: Electabuzz|71\/333 par
|
|turn|7
|choice|move 1|move 2
|
|cant|p2a: Electabuzz|par
|move|p1a: Chansey|Ice Beam|p2a: Electabuzz
|-damage|p2a: Electabuzz|0 fnt
|faint|p2a: Electabuzz
|choice||switch 4
|
|switch|p2a: Wigglytuff|Wigglytuff|483\/483
|turn|8
|choice|move 3|move 1
|
|move|p2a: Wigglytuff|Body Slam|p1a: Chansey
|-damage|p1a: Chansey|379\/703 par
|move|p1a: Chansey|Thunder Wave|p2a: Wigglytuff
|-status|p2a: Wigglytuff|par
|
|turn|9
|choice|move 2|move 1
|
|move|p1a: Chansey|Soft-Boiled|p1a: Chansey
|-heal|p1a: Chansey|703\/703 par
|move|p2a: Wigglytuff|Body Slam|p1a: Chansey
|-damage|p1a: Chansey|485\/703 par
|
|turn|10
|choice|switch 4|move 1
|
|switch|p1a: Lapras|Lapras|463\/463
|move|p2a: Wigglytuff|Body Slam|p1a: Lapras
|-damage|p1a: Lapras|375\/463
|
|turn|11
|choice|move 4|move 4
|
|move|p1a: Lapras|Confuse Ray|p2a: Wigglytuff
|-start|p2a: Wigglytuff|confusion
|-activate|p2a: Wigglytuff|confusion
|-damage|p2a: Wigglytuff|439\/483 par|[from] confusion
|
|turn|12
|choice|move 1|move 4
|
|move|p1a: Lapras|Blizzard|p2a: Wigglytuff
|-damage|p2a: Wigglytuff|232\/483 par
|-activate|p2a: Wigglytuff|confusion
|move|p2a: Wigglytuff|Thunder Wave|p1a: Lapras
|-status|p1a: Lapras|par
|
|turn|13
|choice|move 1|move 1
|
|move|p1a: Lapras|Blizzard|p2a: Wigglytuff
|-damage|p2a: Wigglytuff|15\/483 par
|-end|p2a: Wigglytuff|confusion
|move|p2a: Wigglytuff|Body Slam|p1a: Lapras
|-crit|p1a: Lapras
|-damage|p1a: Lapras|203\/463 par
|
|turn|14
|choice|move 3|move 2
|
|move|p1a: Lapras|Body Slam|p2a: Wigglytuff
|-damage|p2a: Wigglytuff|0 fnt
|faint|p2a: Wigglytuff
|choice||switch 3
|
|switch|p2a: Golduck|Golduck|363\/363
|turn|15
|choice|move 2|move 3
|
|move|p2a: Golduck|Amnesia|p2a: Golduck
|-boost|p2a: Golduck|spd|2
|-boost|p2a: Golduck|spa|2
|cant|p1a: Lapras|par
|
|turn|16
|choice|switch 6|move 3
|
|switch|p1a: Slowbro|Slowbro|393\/393
|move|p2a: Golduck|Amnesia|p2a: Golduck
|-boost|p2a: Golduck|spd|2
|-boost|p2a: Golduck|spa|2
|
|turn|17
|choice|move 1|move 1
|
|move|p2a: Golduck|Surf|p1a: Slowbro
|-resisted|p1a: Slowbro
|-damage|p1a: Slowbro|235\/393
|move|p1a: Slowbro|Amnesia|p1a: Slowbro
|-boost|p1a: Slowbro|spd|2
|-boost|p1a: Slowbro|spa|2
|
|turn|18
|choice|move 1|switch 6
|
|switch|p2a: Venomoth|Venomoth|343\/343
|move|p1a: Slowbro|Amnesia|p1a: Slowbro
|-boost|p1a: Slowbro|spd|2
|-boost|p1a: Slowbro|spa|2
|
|turn|19
|choice|move 1|move 3
|
|move|p2a: Venomoth|Sleep Powder|p1a: Slowbro
|-status|p1a: Slowbro|slp
|-curestatus|p1a: Slowbro|slp
|
|turn|20
|choice|move 1|move 3
|
|move|p2a: Venomoth|Sleep Powder|p1a: Slowbro
|-status|p1a: Slowbro|slp
|-curestatus|p1a: Slowbro|slp
|
|turn|21
|choice|move 1|move 3
|
|move|p2a: Venomoth|Sleep Powder|p1a: Slowbro
|-status|p1a: Slowbro|slp
|-curestatus|p1a: Slowbro|slp
|
|turn|22
|choice|move 1|move 3
|
|move|p2a: Venomoth|Sleep Powder|p1a: Slowbro
|-status|p1a: Slowbro|slp
|cant|p1a: Slowbro|slp
|
|turn|23
|choice|move 1|switch 2
|
|switch|p2a: Sandslash|Sandslash|353\/353
|cant|p1a: Slowbro|slp
|
|turn|24
|choice|move 1|move 3
|
|move|p2a: Sandslash|Swords Dance|p2a: Sandslash
|-boost|p2a: Sandslash|atk|2
|cant|p1a: Slowbro|slp
|
|turn|25
|choice|move 1|move 3
|
|move|p2a: Sandslash|Swords Dance|p2a: Sandslash
|-boost|p2a: Sandslash|atk|2
|cant|p1a: Slowbro|slp
|
|turn|26
|choice|move 2|move 3
|
|move|p2a: Sandslash|Swords Dance|p2a: Sandslash
|-boost|p2a: Sandslash|atk|2
|-curestatus|p1a: Slowbro|slp
|
|turn|27
|choice|move 2|move 1
|
|move|p2a: Sandslash|Earthquake|p1a: Slowbro
|-damage|p1a: Slowbro|0 fnt
|faint|p1a: Slowbro
|choice|switch 5|
|
|switch|p1a: Dragonite|Dragonite|385\/385
|turn|28
|choice|move 4|move 2
|
|move|p1a: Dragonite|Surf|p2a: Sandslash
|-supereffective|p2a: Sandslash
|-damage|p2a: Sandslash|137\/353
|move|p2a: Sandslash|Rock Slide|p1a: Dragonite
|-crit|p1a: Dragonite
|-supereffective|p1a: Dragonite
|-damage|p1a: Dragonite|135\/385
|
|turn|29
|choice|move 4|switch 6
|
|switch|p2a: Golduck|Golduck|363\/363
|move|p1a: Dragonite|Surf|p2a: Golduck
|-resisted|p2a: Golduck
|-damage|p2a: Golduck|318\/363
|
|turn|30
|c|★Rimr|4x weakness to ice is bad
|c|★Rimr|dragonite is weak because of that
|choice|switch 4|move 3
|
|switch|p1a: Chansey|Chansey|485\/703 par
|move|p2a: Golduck|Amnesia|p2a: Golduck
|-boost|p2a: Golduck|spd|2
|-boost|p2a: Golduck|spa|2
|
|turn|31
|choice|move 3|move 3
|
|move|p2a: Golduck|Amnesia|p2a: Golduck
|-boost|p2a: Golduck|spd|2
|-boost|p2a: Golduck|spa|2
|move|p1a: Chansey|Thunder Wave|p2a: Golduck
|-status|p2a: Golduck|par
|
|turn|32
|choice|move 4|move 3
|
|move|p2a: Golduck|Amnesia|p2a: Golduck
|-boost|p2a: Golduck|spd|2
|-boost|p2a: Golduck|spa|2
|move|p1a: Chansey|Thunderbolt|p2a: Golduck
|-supereffective|p2a: Golduck
|-damage|p2a: Golduck|273\/363 par
|
|turn|33
|choice|move 4|move 4
|
|move|p2a: Golduck|Rest|p2a: Golduck
|-status|p2a: Golduck|slp
|-heal|p2a: Golduck|363\/363 slp|[silent]
|-status|p2a: Golduck|slp|[from] move: Rest
|move|p1a: Chansey|Thunderbolt|p2a: Golduck
|-crit|p2a: Golduck
|-supereffective|p2a: Golduck
|-damage|p2a: Golduck|30\/363 slp
|
|turn|34
|choice|move 4|switch 6
|
|switch|p2a: Sandslash|Sandslash|137\/353
|move|p1a: Chansey|Thunderbolt|p2a: Sandslash
|-immune|p2a: Sandslash|[msg]
|
|turn|35
|choice|move 1|move 2
|
|move|p2a: Sandslash|Rock Slide|p1a: Chansey
|-damage|p1a: Chansey|311\/703 par
|move|p1a: Chansey|Ice Beam|p2a: Sandslash
|-supereffective|p2a: Sandslash
|-damage|p2a: Sandslash|0 fnt
|faint|p2a: Sandslash
|choice||switch 5
|
|switch|p2a: Aerodactyl|Aerodactyl|363\/363
|turn|36
|choice|move 1|move 3
|
|move|p2a: Aerodactyl|Hyper Beam|p1a: Chansey
|-damage|p1a: Chansey|0 fnt
|faint|p1a: Chansey
|choice|switch 6|
|
|switch|p1a: Lapras|Lapras|203\/463 par
|turn|37
|choice|move 1|move 3
|
|move|p2a: Aerodactyl|Hyper Beam|p1a: Lapras
|-crit|p1a: Lapras
|-damage|p1a: Lapras|0 fnt
|faint|p1a: Lapras
|choice|switch 4|
|
|switch|p1a: Dragonite|Dragonite|135\/385
|turn|38
|choice|move 4|move 3
|
|move|p2a: Aerodactyl|Hyper Beam|p1a: Dragonite
|-damage|p1a: Dragonite|5\/385
|move|p1a: Dragonite|Surf|p2a: Aerodactyl
|-supereffective|p2a: Aerodactyl
|-damage|p2a: Aerodactyl|154\/363
|
|turn|39
|-mustrecharge|p2a: Aerodactyl
|-mustrecharge|p2a: Aerodactyl
|choice|move 3|move 1
|
|cant|p2a: Aerodactyl|recharge
|move|p1a: Dragonite|Hyper Beam|p2a: Aerodactyl
|-resisted|p2a: Aerodactyl
|-damage|p2a: Aerodactyl|67\/363
|
|turn|40
|-mustrecharge|p1a: Dragonite
|-mustrecharge|p1a: Dragonite
|choice|move 1|move 3
|
|move|p2a: Aerodactyl|Hyper Beam|p1a: Dragonite
|-damage|p1a: Dragonite|0 fnt
|faint|p1a: Dragonite
|choice|switch 3|
|
|switch|p1a: Jolteon|Jolteon|333\/333
|turn|41
|choice|move 1|move 3
|
|move|p1a: Jolteon|Thunderbolt|p2a: Aerodactyl
|-crit|p2a: Aerodactyl
|-supereffective|p2a: Aerodactyl
|-damage|p2a: Aerodactyl|0 fnt
|faint|p2a: Aerodactyl
|choice||switch 2
|
|switch|p2a: Venomoth|Venomoth|343\/343
|turn|42
|choice|move 1|move 3
|
|move|p1a: Jolteon|Thunderbolt|p2a: Venomoth
|-damage|p2a: Venomoth|209\/343
|move|p2a: Venomoth|Sleep Powder|p1a: Jolteon
|-status|p1a: Jolteon|slp
|
|turn|43
|choice|move 2|move 1
|
|cant|p1a: Jolteon|slp
|move|p2a: Venomoth|Psychic|p1a: Jolteon
|-damage|p1a: Jolteon|273\/333 slp
|
|turn|44
|choice|move 2|move 1
|
|cant|p1a: Jolteon|slp
|move|p2a: Venomoth|Psychic|p1a: Jolteon
|-damage|p1a: Jolteon|213\/333 slp
|
|turn|45
|choice|move 2|move 1
|
|cant|p1a: Jolteon|slp
|move|p2a: Venomoth|Psychic|p1a: Jolteon
|-damage|p1a: Jolteon|150\/333 slp
|
|turn|46
|choice|move 2|move 1
|
|cant|p1a: Jolteon|slp
|move|p2a: Venomoth|Psychic|p1a: Jolteon
|-damage|p1a: Jolteon|82\/333 slp
|
|turn|47
|choice|move 2|move 1
|
|cant|p1a: Jolteon|slp
|move|p2a: Venomoth|Psychic|p1a: Jolteon
|-damage|p1a: Jolteon|17\/333 slp
|
|turn|48
|choice|switch 2|move 1
|
|switch|p1a: Gengar|Gengar|220\/323 par
|move|p2a: Venomoth|Psychic|p1a: Gengar
|-supereffective|p1a: Gengar
|-damage|p1a: Gengar|108\/323 par
|-unboost|p1a: Gengar|spd|1
|-unboost|p1a: Gengar|spa|1
|
|turn|49
|choice|move 2|move 1
|
|move|p2a: Venomoth|Psychic|p1a: Gengar
|-supereffective|p1a: Gengar
|-damage|p1a: Gengar|0 fnt
|faint|p1a: Gengar
|choice|switch 2|
|
|switch|p1a: Jolteon|Jolteon|17\/333 slp
|turn|50
|choice|move 2|move 1
|
|-curestatus|p1a: Jolteon|slp
|move|p2a: Venomoth|Psychic|p1a: Jolteon
|-damage|p1a: Jolteon|0 fnt
|faint|p1a: Jolteon
|
|win|Rimr
|player|p1
|player|p2
|c|★Rimr|gg
|raw|OniLink96's rating: 1032 &rarr; <strong>1018<\/strong><br \/>(-14 for losing)
|raw|Rimr's rating: 1050 &rarr; <strong>1080<\/strong><br \/>(+30 for winning)
|c|★Rimr|liked my team ?
|c|★Rimr|it's my uu team
|c|★OniLink96|It was a pretty solid team.
|c|★OniLink96|I'm also a scrub though, so my opinion isn't the greatest.
|l|OniLink96