|j|funkykilla
|j|Verge88
|player|p1|funkykilla|102
|player|p2|Verge88|2
|gametype|singles
|gen|1
|tier|[Gen 1] Random Battle
|rated
|seed|35929,58613,22398,51178
|rule|Sleep Clause Mod: Limit one foe put to sleep
|rule|Freeze Clause Mod: Limit one foe frozen
|rule|HP Percentage Mod: HP is shown in percentages
|
|start
|switch|p1a: Diglett|Diglett, L96|214\/214
|switch|p2a: Clefairy|Clefairy, L95|326\/326
|turn|1
|choice|move 3|move 1
|
|move|p1a: Diglett|Slash|p2a: Clefairy
|-crit|p2a: Clefairy
|-damage|p2a: Clefairy|211\/326
|move|p2a: Clefairy|Blizzard|p1a: Diglett
|-supereffective|p1a: Diglett
|-damage|p1a: Diglett|11\/214
|
|turn|2
|j|Parnas
|choice|move 3|move 1
|
|move|p1a: Diglett|Slash|p2a: Clefairy
|-crit|p2a: Clefairy
|-damage|p2a: Clefairy|104\/326
|move|p2a: Clefairy|Blizzard|p1a: Diglett
|-supereffective|p1a: Diglett
|-damage|p1a: Diglett|0 fnt
|faint|p1a: Diglett
|choice|switch 2|
|
|switch|p1a: Fearow|Fearow, L90|300\/300
|turn|3
|choice|move 4|switch 4
|
|switch|p2a: Ekans|Ekans, L96|262\/262
|move|p1a: Fearow|Drill Peck|p2a: Ekans
|-damage|p2a: Ekans|143\/262
|
|turn|4
|choice|move 2|move 2
|
|move|p1a: Fearow|Double-Edge|p2a: Ekans
|-crit|p2a: Ekans
|-damage|p2a: Ekans|0 fnt
|-damage|p1a: Fearow|265\/300|[from] recoil|[of] p2a: Ekans
|faint|p2a: Ekans
|choice||switch 2
|
|switch|p2a: Mewtwo|Mewtwo, L70|293\/293
|turn|5
|choice|switch 5|move 4
|
|switch|p1a: Lickitung|Lickitung, L90|345\/345
|move|p2a: Mewtwo|Thunder Wave|p1a: Lickitung
|-status|p1a: Lickitung|par
|
|turn|6
|choice|move 2|move 3
|
|move|p2a: Mewtwo|Barrier|p2a: Mewtwo
|-boost|p2a: Mewtwo|def|2
|move|p1a: Lickitung|Swords Dance|p1a: Lickitung
|-boost|p1a: Lickitung|atk|2
|
|turn|7
|choice|move 2|move 3
|
|move|p2a: Mewtwo|Barrier|p2a: Mewtwo
|-boost|p2a: Mewtwo|def|2
|move|p1a: Lickitung|Swords Dance|p1a: Lickitung
|-boost|p1a: Lickitung|atk|2
|
|turn|8
|choice|move 2|move 3
|
|move|p2a: Mewtwo|Barrier|p2a: Mewtwo
|-boost|p2a: Mewtwo|def|2
|move|p1a: Lickitung|Swords Dance|p1a: Lickitung
|-boost|p1a: Lickitung|atk|2
|
|turn|9
|choice|move 3|move 1
|
|move|p2a: Mewtwo|Psychic|p1a: Lickitung
|-damage|p1a: Lickitung|233\/345 par
|cant|p1a: Lickitung|par
|
|turn|10
|l|Parnas
|choice|move 3|move 1
|
|move|p2a: Mewtwo|Psychic|p1a: Lickitung
|-damage|p1a: Lickitung|120\/345 par
|move|p1a: Lickitung|Earthquake|p2a: Mewtwo
|-damage|p2a: Mewtwo|226\/293
|
|turn|11
|choice|move 1|move 1
|
|move|p2a: Mewtwo|Psychic|p1a: Lickitung
|-damage|p1a: Lickitung|16\/345 par
|move|p1a: Lickitung|Hyper Beam|p2a: Mewtwo
|-damage|p2a: Mewtwo|71\/293
|
|turn|12
|-mustrecharge|p1a: Lickitung
|-mustrecharge|p1a: Lickitung
|choice|move 1|move 1
|
|move|p2a: Mewtwo|Psychic|p1a: Lickitung
|-damage|p1a: Lickitung|0 fnt
|faint|p1a: Lickitung
|choice|switch 4|
|
|switch|p1a: Kabutops|Kabutops, L85|276\/276
|turn|13
|choice|move 1|move 4
|
|move|p2a: Mewtwo|Thunder Wave|p1a: Kabutops
|-status|p1a: Kabutops|par
|move|p1a: Kabutops|Surf|p2a: Mewtwo
|-damage|p2a: Mewtwo|6\/293
|
|turn|14
|choice|move 4|move 1
|
|move|p2a: Mewtwo|Psychic|p1a: Kabutops
|-damage|p1a: Kabutops|164\/276 par
|-unboost|p1a: Kabutops|spd|1
|-unboost|p1a: Kabutops|spa|1
|move|p1a: Kabutops|Body Slam|p2a: Mewtwo
|-damage|p2a: Mewtwo|0 fnt
|faint|p2a: Mewtwo
|choice||switch 4
|
|switch|p2a: Clefairy|Clefairy, L95|104\/326
|turn|15
|choice|move 3|move 4
|
|move|p2a: Clefairy|Thunderbolt|p1a: Kabutops
|-supereffective|p1a: Kabutops
|-damage|p1a: Kabutops|0 fnt
|faint|p1a: Kabutops
|choice|switch 3|
|
|switch|p1a: Machoke|Machoke, L85|310\/310
|turn|16
|choice|move 3|switch 6
|
|switch|p2a: Charizard|Charizard, L85|306\/306
|move|p1a: Machoke|Mega Kick|p2a: Charizard
|-damage|p2a: Charizard|217\/306
|
|turn|17
|choice|move 4|move 3
|
|move|p2a: Charizard|Fire Blast|p1a: Machoke|[miss]
|-miss|p2a: Charizard
|move|p1a: Machoke|Rock Slide|p2a: Charizard
|-supereffective|p2a: Charizard
|-damage|p2a: Charizard|0 fnt
|faint|p2a: Charizard
|choice||switch 5
|
|switch|p2a: Pinsir|Pinsir, L85|284\/284
|turn|18
|choice|move 4|move 1
|
|move|p2a: Pinsir|Body Slam|p1a: Machoke
|-damage|p1a: Machoke|220\/310
|move|p1a: Machoke|Rock Slide|p2a: Pinsir
|-supereffective|p2a: Pinsir
|-damage|p2a: Pinsir|175\/284
|
|turn|19
|choice|move 4|move 1
|
|move|p2a: Pinsir|Body Slam|p1a: Machoke
|-damage|p1a: Machoke|138\/310
|move|p1a: Machoke|Rock Slide|p2a: Pinsir
|-supereffective|p2a: Pinsir
|-damage|p2a: Pinsir|74\/284
|
|turn|20
|c|★Verge88|good %
|choice|move 4|move 2
|
|move|p2a: Pinsir|Hyper Beam|p1a: Machoke
|-damage|p1a: Machoke|0 fnt
|faint|p1a: Machoke
|choice|switch 5|
|
|switch|p1a: Fearow|Fearow, L90|265\/300
|turn|21
|choice|move 4|switch 6
|
|switch|p2a: Clefairy|Clefairy, L95|104\/326
|move|p1a: Fearow|Drill Peck|p2a: Clefairy
|-damage|p2a: Clefairy|0 fnt
|faint|p2a: Clefairy
|choice||switch 3
|
|switch|p2a: Lapras|Lapras, L79|367\/367
|turn|22
|choice|move 2|move 2
|
|move|p1a: Fearow|Double-Edge|p2a: Lapras
|-damage|p2a: Lapras|242\/367
|-damage|p1a: Fearow|234\/300|[from] recoil|[of] p2a: Lapras
|move|p2a: Lapras|Ice Beam|p1a: Fearow
|-supereffective|p1a: Fearow
|-damage|p1a: Fearow|17\/300
|
|turn|23
|choice|move 3|move 4
|
|move|p1a: Fearow|Hyper Beam|p2a: Lapras
|-damage|p2a: Lapras|40\/367
|move|p2a: Lapras|Body Slam|p1a: Fearow
|-damage|p1a: Fearow|0 fnt
|faint|p1a: Fearow
|choice|switch 6|
|
|switch|p1a: Arcanine|Arcanine, L85|327\/327
|turn|24
|c|★Verge88|one mistake and you pay the game...
|c|★Verge88|fuk
|choice|move 3|move 1
|
|move|p1a: Arcanine|Body Slam|p2a: Lapras
|-damage|p2a: Lapras|0 fnt
|faint|p2a: Lapras
|choice||switch 6
|
|switch|p2a: Pinsir|Pinsir, L85|74\/284
|turn|25
|c|★funkykilla|Gg yeah i know
|c|★Verge88|gg
|choice|move 3|move 1
|
|move|p1a: Arcanine|Body Slam|p2a: Pinsir
|-crit|p2a: Pinsir
|-damage|p2a: Pinsir|0 fnt
|faint|p2a: Pinsir
|
|win|funkykilla
|player|p1
|player|p2
|raw|funkykilla's rating: 1389 &rarr; <strong>1408<\/strong><br \/>(+19 for winning)
|raw|Verge88's rating: 1383 &rarr; <strong>1363<\/strong><br \/>(-20 for losing)