|j|marcoasd
|j|fapkingg
|player|p1|marcoasd|101
|player|p2|fapkingg|96
|gametype|singles
|gen|1
|tier|[Gen 1] OU
|seed|16205,23087,43932,32215
|rule|Sleep Clause Mod: Limit one foe put to sleep
|rule|Freeze Clause Mod: Limit one foe frozen
|rule|Species Clause: Limit one of each Pokémon
|rule|OHKO Clause: OHKO moves are banned
|rule|Evasion Moves Clause: Evasion moves are banned
|rule|HP Percentage Mod: HP is shown in percentages
|
|start
|switch|p1a: Jynx|Jynx|333\/333
|switch|p2a: Alakazam|Alakazam|313\/313
|turn|1
|j|gomes80
|choice|move 1|move 4
|
|move|p2a: Alakazam|Thunder Wave|p1a: Jynx
|-status|p1a: Jynx|par
|move|p1a: Jynx|Lovely Kiss|p2a: Alakazam
|-status|p2a: Alakazam|slp
|
|turn|2
|choice|move 2|switch 2
|
|switch|p2a: Starmie|Starmie|323\/323
|move|p1a: Jynx|Blizzard|p2a: Starmie|[miss]
|-miss|p1a: Jynx
|
|turn|3
|choice|switch 3|move 2
|
|switch|p1a: Chansey|Chansey|703\/703
|move|p2a: Starmie|Thunderbolt|p1a: Chansey
|-damage|p1a: Chansey|630\/703
|
|turn|4
|choice|move 3|switch 2
|
|switch|p2a: Alakazam|Alakazam|313\/313 slp
|move|p1a: Chansey|Seismic Toss|p2a: Alakazam
|-damage|p2a: Alakazam|213\/313 slp
|
|turn|5
|choice|move 3|switch 5
|
|switch|p2a: Snorlax|Snorlax|523\/523
|move|p1a: Chansey|Seismic Toss|p2a: Snorlax
|-damage|p2a: Snorlax|423\/523
|
|turn|6
|choice|move 2|move 1
|
|move|p1a: Chansey|Reflect|p1a: Chansey
|-start|p1a: Chansey|Reflect
|move|p2a: Snorlax|Body Slam|p1a: Chansey
|-damage|p1a: Chansey|486\/703
|
|turn|7
|choice|move 1|move 1
|
|move|p1a: Chansey|Thunder Wave|p2a: Snorlax
|-status|p2a: Snorlax|par
|cant|p2a: Snorlax|par
|
|turn|8
|choice|move 4|switch 4
|
|switch|p2a: Exeggutor|Exeggutor|393\/393
|move|p1a: Chansey|Soft-Boiled|p1a: Chansey
|-heal|p1a: Chansey|703\/703
|
|turn|9
|choice|switch 3|switch 4
|
|switch|p2a: Snorlax|Snorlax|423\/523 par
|switch|p1a: Jynx|Jynx|333\/333 par
|
|turn|10
|choice|move 2|move 1
|
|move|p1a: Jynx|Blizzard|p2a: Snorlax
|-damage|p2a: Snorlax|244\/523 par
|move|p2a: Snorlax|Body Slam|p1a: Jynx
|-damage|p1a: Jynx|146\/333 par
|
|turn|11
|choice|move 2|move 1
|
|move|p1a: Jynx|Blizzard|p2a: Snorlax|[miss]
|-miss|p1a: Jynx
|move|p2a: Snorlax|Body Slam|p1a: Jynx
|-damage|p1a: Jynx|0 fnt
|faint|p1a: Jynx
|choice|switch 4|
|
|switch|p1a: Cloyster|Cloyster|303\/303
|turn|12
|choice|move 2|switch 2
|
|switch|p2a: Starmie|Starmie|323\/323
|move|p1a: Cloyster|Clamp|p2a: Starmie
|-resisted|p2a: Starmie
|-damage|p2a: Starmie|304\/323
|-activate|p2a: Starmie|move: Clamp|[of] p1a: Cloyster
|
|turn|13
|choice|switch 2|switch 4
|
|switch|p2a: Exeggutor|Exeggutor|393\/393
|switch|p1a: Jolteon|Jolteon|333\/333
|
|turn|14
|choice|move 3|move 1
|
|move|p1a: Jolteon|Thunder Wave|p2a: Exeggutor
|-status|p2a: Exeggutor|par
|move|p2a: Exeggutor|Sleep Powder|p1a: Jolteon
|-status|p1a: Jolteon|slp
|
|turn|15
|choice|move 1|move 3
|
|-curestatus|p1a: Jolteon|slp
|move|p2a: Exeggutor|Psychic|p1a: Jolteon
|-damage|p1a: Jolteon|212\/333
|
|turn|16
|choice|move 4|move 1
|
|move|p1a: Jolteon|Pin Missile|p2a: Exeggutor
|-supereffective|p2a: Exeggutor
|-damage|p2a: Exeggutor|349\/393 par
|-damage|p2a: Exeggutor|305\/393 par
|-hitcount|p2a: Exeggutor|2
|move|p2a: Exeggutor|Sleep Powder|p1a: Jolteon
|-status|p1a: Jolteon|slp
|
|turn|17
|choice|switch 3|move 3
|
|switch|p1a: Chansey|Chansey|703\/703
|move|p2a: Exeggutor|Psychic|p1a: Chansey
|-damage|p1a: Chansey|577\/703
|
|turn|18
|choice|move 2|move 3
|
|move|p1a: Chansey|Reflect|p1a: Chansey
|-start|p1a: Chansey|Reflect
|move|p2a: Exeggutor|Psychic|p1a: Chansey
|-damage|p1a: Chansey|449\/703
|
|turn|19
|choice|move 4|move 3
|
|move|p1a: Chansey|Soft-Boiled|p1a: Chansey
|-heal|p1a: Chansey|703\/703
|move|p2a: Exeggutor|Psychic|p1a: Chansey
|-damage|p1a: Chansey|590\/703
|
|turn|20
|choice|move 3|switch 2
|
|switch|p2a: Snorlax|Snorlax|244\/523 par
|move|p1a: Chansey|Seismic Toss|p2a: Snorlax
|-damage|p2a: Snorlax|144\/523 par
|
|turn|21
|choice|move 4|move 4
|
|move|p1a: Chansey|Soft-Boiled|p1a: Chansey
|-heal|p1a: Chansey|703\/703
|move|p2a: Snorlax|Self-Destruct|p1a: Chansey
|-damage|p1a: Chansey|239\/703
|faint|p2a: Snorlax
|choice||switch 6
|
|switch|p2a: Tauros|Tauros|353\/353
|turn|22
|c|★fapkingg|pls kill
|choice|switch 2|move 2
|
|switch|p1a: Cloyster|Cloyster|303\/303
|move|p2a: Tauros|Hyper Beam|p1a: Cloyster
|-damage|p1a: Cloyster|183\/303
|
|turn|23
|-mustrecharge|p2a: Tauros
|-mustrecharge|p2a: Tauros
|choice|move 1|move 1
|
|cant|p2a: Tauros|recharge
|move|p1a: Cloyster|Blizzard|p2a: Tauros
|-damage|p2a: Tauros|201\/353
|
|turn|24
|choice|move 1|move 1
|
|move|p2a: Tauros|Body Slam|p1a: Cloyster
|-damage|p1a: Cloyster|115\/303
|move|p1a: Cloyster|Blizzard|p2a: Tauros
|-damage|p2a: Tauros|38\/353
|
|turn|25
|choice|move 1|move 1
|
|move|p2a: Tauros|Body Slam|p1a: Cloyster
|-crit|p1a: Cloyster
|-damage|p1a: Cloyster|0 fnt
|faint|p1a: Cloyster
|choice|switch 6|
|
|switch|p1a: Snorlax|Snorlax|523\/523
|turn|26
|choice|move 1|switch 5
|
|switch|p2a: Alakazam|Alakazam|213\/313 slp
|move|p1a: Snorlax|Body Slam|p2a: Alakazam
|-damage|p2a: Alakazam|55\/313 slp
|
|turn|27
|choice|move 1|switch 5
|
|switch|p2a: Tauros|Tauros|38\/353
|move|p1a: Snorlax|Body Slam|p2a: Tauros
|-crit|p2a: Tauros
|-damage|p2a: Tauros|0 fnt
|faint|p2a: Tauros
|choice||switch 2
|
|switch|p2a: Exeggutor|Exeggutor|305\/393 par
|turn|28
|choice|move 1|move 2
|
|move|p1a: Snorlax|Body Slam|p2a: Exeggutor
|-damage|p2a: Exeggutor|178\/393 par
|cant|p2a: Exeggutor|par
|
|turn|29
|choice|switch 3|switch 4
|
|switch|p1a: Jolteon|Jolteon|212\/333 slp
|switch|p2a: Starmie|Starmie|304\/323
|
|turn|30
|choice|switch 2|move 1
|
|switch|p1a: Chansey|Chansey|239\/703
|move|p2a: Starmie|Blizzard|p1a: Chansey
|-crit|p1a: Chansey
|-damage|p1a: Chansey|75\/703
|
|turn|31
|choice|move 4|move 1
|
|move|p2a: Starmie|Blizzard|p1a: Chansey
|-damage|p1a: Chansey|0 fnt
|faint|p1a: Chansey
|choice|switch 3|
|
|switch|p1a: Snorlax|Snorlax|523\/523
|turn|32
|j|PlanckLength
|choice|move 1|switch 5
|
|switch|p2a: Alakazam|Alakazam|55\/313 slp
|move|p1a: Snorlax|Body Slam|p2a: Alakazam
|-damage|p2a: Alakazam|0 fnt
|faint|p2a: Alakazam
|j|Corvus101
|choice||switch 4
|
|switch|p2a: Exeggutor|Exeggutor|178\/393 par
|turn|33
|choice|move 1|move 3
|
|move|p1a: Snorlax|Body Slam|p2a: Exeggutor
|-damage|p2a: Exeggutor|65\/393 par
|move|p2a: Exeggutor|Psychic|p1a: Snorlax
|-damage|p1a: Snorlax|357\/523
|-unboost|p1a: Snorlax|spd|1
|-unboost|p1a: Snorlax|spa|1
|
|turn|34
|choice|move 1|move 3
|
|move|p1a: Snorlax|Body Slam|p2a: Exeggutor
|-crit|p2a: Exeggutor
|-damage|p2a: Exeggutor|0 fnt
|faint|p2a: Exeggutor
|choice||switch 3
|
|switch|p2a: Articuno|Articuno|383\/383
|turn|35
|c|★fapkingg|go bird
|c|★fapkingg|goooo
|choice|switch 2|move 2
|
|switch|p1a: Jolteon|Jolteon|212\/333 slp
|move|p2a: Articuno|Reflect|p2a: Articuno
|-start|p2a: Articuno|Reflect
|
|turn|36
|choice|move 1|move 3
|
|-curestatus|p1a: Jolteon|slp
|move|p2a: Articuno|Blizzard|p1a: Jolteon
|-crit|p1a: Jolteon
|-damage|p1a: Jolteon|0 fnt
|faint|p1a: Jolteon
|choice|switch 5|
|
|switch|p1a: Exeggutor|Exeggutor|393\/393
|turn|37
|choice|move 1|move 3
|
|move|p2a: Articuno|Blizzard|p1a: Exeggutor
|-supereffective|p1a: Exeggutor
|-damage|p1a: Exeggutor|103\/393
|move|p1a: Exeggutor|Sleep Powder|p2a: Articuno|[miss]
|-miss|p1a: Exeggutor
|
|turn|38
|c|★marcoasd|rip
|c|★marcoasd|gg
|choice|move 1|move 4
|
|move|p2a: Articuno|Hyper Beam|p1a: Exeggutor
|-damage|p1a: Exeggutor|0 fnt
|faint|p1a: Exeggutor
|c|★fapkingg|gg
|choice|switch 2|
|
|switch|p1a: Snorlax|Snorlax|357\/523
|turn|39
|choice|move 1|move 3
|
|move|p2a: Articuno|Blizzard|p1a: Snorlax
|-crit|p1a: Snorlax
|-damage|p1a: Snorlax|0 fnt
|faint|p1a: Snorlax
|
|win|fapkingg
|l|PlanckLength