|j|MALESANI
|j|BritishCanadian
|player|p1|MALESANI|238
|player|p2|BritishCanadian|170
|gametype|singles
|gen|1
|tier|[Gen 1] Random Battle
|rated
|seed|
|rule|Sleep Clause Mod: Limit one foe put to sleep
|rule|Freeze Clause Mod: Limit one foe frozen
|rule|HP Percentage Mod: HP is shown in percentages
|
|start
|switch|p1a: Wigglytuff|Wigglytuff, L90|100\/100
|switch|p2a: Parasect|Parasect, L90|100\/100
|turn|1
|choice||
|
|move|p1a: Wigglytuff|Sing|p2a: Parasect|[miss]
|-miss|p1a: Wigglytuff
|move|p2a: Parasect|Toxic|p1a: Wigglytuff
|-status|p1a: Wigglytuff|tox
|
|turn|2
|choice||
|
|move|p1a: Wigglytuff|Body Slam|p2a: Parasect
|-crit|p2a: Parasect
|-damage|p2a: Parasect|46\/100
|-damage|p1a: Wigglytuff|94\/100 tox|[from] tox|[of] p2a: Parasect
|move|p2a: Parasect|Body Slam|p1a: Wigglytuff
|-damage|p1a: Wigglytuff|74\/100 tox
|
|turn|3
|choice||
|
|move|p1a: Wigglytuff|Body Slam|p2a: Parasect
|-damage|p2a: Parasect|18\/100
|-status|p2a: Parasect|par
|-damage|p1a: Wigglytuff|61\/100 tox|[from] tox|[of] p2a: Parasect
|move|p2a: Parasect|Mega Drain|p1a: Wigglytuff
|-damage|p1a: Wigglytuff|49\/100 tox
|-heal|p2a: Parasect|27\/100 par|[from] drain|[of] p1a: Wigglytuff
|
|turn|4
|choice||
|
|switch|p1a: Nidoqueen|Nidoqueen, L85|100\/100
|move|p2a: Parasect|Hyper Beam|p1a: Nidoqueen
|-damage|p1a: Nidoqueen|63\/100
|
|turn|5
|-mustrecharge|p2a: Parasect
|-mustrecharge|p2a: Parasect
|choice||
|
|move|p1a: Nidoqueen|Body Slam|p2a: Parasect
|-damage|p2a: Parasect|10\/100 par
|cant|p2a: Parasect|recharge
|
|turn|6
|choice||
|
|move|p1a: Nidoqueen|Body Slam|p2a: Parasect
|-damage|p2a: Parasect|0 fnt
|faint|p2a: Parasect
|choice||
|
|switch|p2a: Cloyster|Cloyster, L83|100\/100
|turn|7
|choice||
|
|switch|p1a: Wigglytuff|Wigglytuff, L90|49\/100 tox
|-status|p1a: Wigglytuff|psn
|-damage|p1a: Wigglytuff|43\/100 psn|[from] psn
|move|p2a: Cloyster|Surf|p1a: Wigglytuff
|-damage|p1a: Wigglytuff|16\/100 psn
|
|turn|8
|choice||
|
|move|p2a: Cloyster|Blizzard|p1a: Wigglytuff
|-damage|p1a: Wigglytuff|0 fnt
|faint|p1a: Wigglytuff
|choice||
|
|switch|p1a: Mew|Mew, L74|100\/100
|turn|9
|choice||
|
|move|p1a: Mew|Thunder Wave|p2a: Cloyster
|-status|p2a: Cloyster|par
|move|p2a: Cloyster|Toxic|p1a: Mew
|-status|p1a: Mew|tox
|
|turn|10
|c|★BritishCanadian|you thought you could escape the toxic metagame
|c|★BritishCanadian|you were wrong
|choice||
|
|move|p1a: Mew|Horn Drill|p2a: Cloyster|[miss]
|-miss|p1a: Mew
|-damage|p1a: Mew|94\/100 tox|[from] tox|[of] p2a: Cloyster
|cant|p2a: Cloyster|par
|
|turn|11
|choice||
|
|move|p1a: Mew|Horn Drill|p2a: Cloyster
|-damage|p2a: Cloyster|0 fnt
|-ohko
|faint|p2a: Cloyster
|choice||
|
|switch|p2a: Weepinbell|Weepinbell, L85|100\/100
|turn|12
|choice||
|
|move|p1a: Mew|Thunder Wave|p2a: Weepinbell
|-status|p2a: Weepinbell|par
|-damage|p1a: Mew|82\/100 tox|[from] tox|[of] p2a: Weepinbell
|cant|p2a: Weepinbell|par
|
|turn|13
|choice||
|
|switch|p1a: Nidorino|Nidorino, L90|100\/100
|move|p2a: Weepinbell|Razor Leaf|p1a: Nidorino|[miss]
|-miss|p2a: Weepinbell
|
|turn|14
|choice||
|
|move|p1a: Nidorino|Body Slam|p2a: Weepinbell
|-crit|p2a: Weepinbell
|-damage|p2a: Weepinbell|44\/100 par
|move|p2a: Weepinbell|Sleep Powder|p1a: Nidorino
|-status|p1a: Nidorino|slp
|
|turn|15
|choice||
|
|switch|p1a: Nidoqueen|Nidoqueen, L85|63\/100
|move|p2a: Weepinbell|Body Slam|p1a: Nidoqueen
|-damage|p1a: Nidoqueen|47\/100
|
|turn|16
|choice||
|
|move|p1a: Nidoqueen|Blizzard|p2a: Weepinbell
|-supereffective|p2a: Weepinbell
|-damage|p2a: Weepinbell|0 fnt
|faint|p2a: Weepinbell
|choice||
|
|switch|p2a: Moltres|Moltres, L85|100\/100
|turn|17
|choice||
|
|move|p2a: Moltres|Fire Blast|p1a: Nidoqueen
|-damage|p1a: Nidoqueen|0 fnt
|faint|p1a: Nidoqueen
|choice||
|
|switch|p1a: Mew|Mew, L74|82\/100 tox
|-status|p1a: Mew|psn
|turn|18
|choice||
|
|move|p2a: Moltres|Fire Blast|p1a: Mew|[miss]
|-miss|p2a: Moltres
|move|p1a: Mew|Thunder Wave|p2a: Moltres
|-status|p2a: Moltres|par
|-damage|p1a: Mew|76\/100 psn|[from] psn|[of] p2a: Moltres
|
|turn|19
|choice||
|
|move|p1a: Mew|Horn Drill|p2a: Moltres|[miss]
|-miss|p1a: Mew
|-damage|p1a: Mew|70\/100 psn|[from] psn|[of] p2a: Moltres
|move|p2a: Moltres|Fire Blast|p1a: Mew
|-damage|p1a: Mew|20\/100 psn
|
|turn|20
|choice||
|
|move|p1a: Mew|Explosion|p2a: Moltres
|-crit|p2a: Moltres
|-damage|p2a: Moltres|0 fnt
|faint|p2a: Moltres
|faint|p1a: Mew
|choice||
|
|switch|p2a: Arcanine|Arcanine, L85|100\/100
|switch|p1a: Lickitung|Lickitung, L90|100\/100
|turn|21
|choice||
|
|move|p2a: Arcanine|Reflect|p2a: Arcanine
|-start|p2a: Arcanine|Reflect
|move|p1a: Lickitung|Body Slam|p2a: Arcanine
|-damage|p2a: Arcanine|89\/100
|-status|p2a: Arcanine|par
|
|turn|22
|choice||
|
|move|p1a: Lickitung|Swords Dance|p1a: Lickitung
|-boost|p1a: Lickitung|atk|2
|move|p2a: Arcanine|Fire Blast|p1a: Lickitung|[miss]
|-miss|p2a: Arcanine
|
|turn|23
|c|★BritishCanadian|gah
|choice||
|
|move|p1a: Lickitung|Swords Dance|p1a: Lickitung
|-boost|p1a: Lickitung|atk|2
|move|p2a: Arcanine|Fire Blast|p1a: Lickitung
|-damage|p1a: Lickitung|58\/100
|
|turn|24
|choice||
|
|move|p1a: Lickitung|Earthquake|p2a: Arcanine
|-crit|p2a: Arcanine
|-supereffective|p2a: Arcanine
|-damage|p2a: Arcanine|15\/100 par
|move|p2a: Arcanine|Fire Blast|p1a: Lickitung|[miss]
|-miss|p2a: Arcanine
|
|turn|25
|c|★BritishCanadian|for realz?
|choice||
|
|move|p1a: Lickitung|Body Slam|p2a: Arcanine
|-damage|p2a: Arcanine|0 fnt
|faint|p2a: Arcanine
|c|★MALESANI|sorry
|choice||
|
|switch|p2a: Chansey|Chansey, L79|100\/100
|turn|26
|c|★BritishCanadian|don't hurt me
|c|★BritishCanadian|i have an egg
|choice||
|
|move|p2a: Chansey|Thunderbolt|p1a: Lickitung
|-damage|p1a: Lickitung|38\/100
|move|p1a: Lickitung|Body Slam|p2a: Chansey
|-damage|p2a: Chansey|0 fnt
|faint|p2a: Chansey
|
|win|MALESANI
|player|p1
|player|p2
|c|★MALESANI|lol
|raw|MALESANI's rating: 1412 &rarr; <strong>1419<\/strong><br \/>(+7 for winning)
|raw|BritishCanadian's rating: 1143 &rarr; <strong>1135<\/strong><br \/>(-8 for losing)
|c|★BritishCanadian|gg
|l|BritishCanadian