|join|kid gf lol
|join|TFL
|player|p1|kid gf lol|45
|player|p2|TFL|263
|gametype|singles
|gen|1
|tier|[Gen 1] OU (beta)
|rule|Sleep Clause Mod: Limit one foe put to sleep
|rule|Species Clause: Limit one of each Pokémon
|rule|OHKO Clause: OHKO moves are banned
|rule|Evasion Moves Clause: Evasion moves are banned
|
|start
|switch|p1a: Alakazam|Alakazam|313\/313
|switch|p2a: Venusaur|Venusaur|363\/363
|turn|1
|
|switch|p1a: Golem|Golem|363\/363
|move|p2a: Venusaur|Solar Beam|p1a: Golem|[still]
|-prepare|p2a: Venusaur|Solar Beam|p1a: Golem
|
|turn|2
|
|move|p2a: Venusaur|Solar Beam|p1a: Golem
|-supereffective|p1a: Golem
|-damage|p1a: Golem|0 fnt
|faint|p1a: Golem
|
|switch|p1a: Chansey|Chansey|703\/703
|turn|3
|c|★TFL|yup same thing watch
|
|move|p2a: Venusaur|Solar Beam|p1a: Chansey|[still]
|-prepare|p2a: Venusaur|Solar Beam|p1a: Chansey
|move|p1a: Chansey|Ice Beam|p2a: Venusaur
|-supereffective|p2a: Venusaur
|-damage|p2a: Venusaur|219\/363
|
|turn|4
|c|★kid gf lol|you went first though
|c|★TFL|yeh but i cant switch nor use other attacks
|c|★kid gf lol|oh
|c|★kid gf lol|its the same thing with wrap moves
|c|★TFL|time to see if it lets you use it over again
|c|★TFL|without chargin
|c|★kid gf lol|if you kill with wrap you can only use wrap
|c|★TFL|ahh ic
|c|★kid gf lol|idk if thats how it is in game though
|c|★kid gf lol|it might be
|c|★TFL|couldnt find anything on it
|
|move|p2a: Venusaur|Solar Beam|p1a: Chansey|[still]
|-prepare|p2a: Venusaur|Solar Beam|p1a: Chansey
|move|p1a: Chansey|Thunderbolt|p2a: Venusaur
|-resisted|p2a: Venusaur
|-damage|p2a: Venusaur|181\/363
|
|turn|5
|c|★TFL|yup see
|c|★TFL|double charge
|c|★kid gf lol|you absorbed light twice..
|c|★kid gf lol|lol
|c|★TFL|obv somethings wrong here :p
|c|★TFL|just kill so i can save replay and post it plz
|
|switch|p1a: Cloyster|Cloyster|303\/303
|move|p2a: Venusaur|Solar Beam|p1a: Cloyster
|-crit|p1a: Cloyster
|-supereffective|p1a: Cloyster
|-damage|p1a: Cloyster|0 fnt
|faint|p1a: Cloyster
|
|switch|p1a: Chansey|Chansey|703\/703
|turn|6
|c|★kid gf lol|i dont think this problem is documented yet
|c|★kid gf lol|it might be a problem with fly\/dig and skullbash too
|c|★kid gf lol|and sky attack
|c|★TFL|coz im the only one whos use aero *-*
|
|move|p2a: Venusaur|Solar Beam|p1a: Chansey|[still]
|-prepare|p2a: Venusaur|Solar Beam|p1a: Chansey
|move|p1a: Chansey|Thunderbolt|p2a: Venusaur
|-resisted|p2a: Venusaur
|-damage|p2a: Venusaur|140\/363
|
|turn|7
|c|★TFL|yeh i'd assume its all of the charge moves
|
|move|p2a: Venusaur|Solar Beam|p1a: Chansey|[still]
|-prepare|p2a: Venusaur|Solar Beam|p1a: Chansey
|move|p1a: Chansey|Thunderbolt|p2a: Venusaur
|-resisted|p2a: Venusaur
|-damage|p2a: Venusaur|101\/363
|
|turn|8
|
|move|p2a: Venusaur|Solar Beam|p1a: Chansey
|-damage|p1a: Chansey|561\/703
|move|p1a: Chansey|Thunderbolt|p2a: Venusaur
|-resisted|p2a: Venusaur
|-damage|p2a: Venusaur|65\/363
|
|turn|9
|
|move|p2a: Venusaur|Solar Beam|p1a: Chansey|[still]
|-prepare|p2a: Venusaur|Solar Beam|p1a: Chansey
|move|p1a: Chansey|Thunderbolt|p2a: Venusaur
|-crit|p2a: Venusaur
|-resisted|p2a: Venusaur
|-damage|p2a: Venusaur|0 fnt
|faint|p2a: Venusaur
|
|win|kid gf lol