|join|tr4w
|join|riwu
|player|p1|tr4w|220
|player|p2|riwu|102
|gametype|singles
|gen|1
|tier|[Gen 1] Random Battle
|rated
|seed|43451,20606,14550,1561
|rule|Sleep Clause Mod: Limit one foe put to sleep
|rule|Freeze Clause Mod: Limit one foe frozen
|rule|HP Percentage Mod: HP is shown in percentages
|
|start
|switch|p1a: Victreebel|Victreebel, L85|310\/310
|switch|p2a: Farfetch'd|Farfetch'd, L99|304\/304
|turn|1
|choice|move 3|switch 5
|
|switch|p2a: Caterpie|Caterpie, L99|290\/290
|move|p1a: Victreebel|Sleep Powder|p2a: Caterpie|[miss]
|-miss|p1a: Victreebel
|
|turn|2
|choice|move 3|switch 3
|
|switch|p2a: Weezing|Weezing, L90|300\/300
|move|p1a: Victreebel|Sleep Powder|p2a: Weezing|[miss]
|-miss|p1a: Victreebel
|
|turn|3
|choice|move 3|move 4
|
|move|p1a: Victreebel|Sleep Powder|p2a: Weezing
|-status|p2a: Weezing|slp
|cant|p2a: Weezing|slp
|
|turn|4
|choice|move 2|switch 5
|
|switch|p2a: Farfetch'd|Farfetch'd, L99|304\/304
|move|p1a: Victreebel|Body Slam|p2a: Farfetch'd
|-damage|p2a: Farfetch'd|230\/304
|
|turn|5
|choice|move 2|move 1
|
|move|p2a: Farfetch'd|Slash|p1a: Victreebel
|-crit|p1a: Victreebel
|-damage|p1a: Victreebel|115\/310
|move|p1a: Victreebel|Body Slam|p2a: Farfetch'd
|-damage|p2a: Farfetch'd|153\/304
|
|turn|6
|choice|move 2|move 1
|
|move|p2a: Farfetch'd|Slash|p1a: Victreebel
|-crit|p1a: Victreebel
|-damage|p1a: Victreebel|0 fnt
|faint|p1a: Victreebel
|choice|switch 4|
|
|switch|p1a: Electabuzz|Electabuzz, L85|284\/284
|turn|7
|choice|move 3|switch 6
|
|switch|p2a: Alakazam|Alakazam, L79|249\/249
|move|p1a: Electabuzz|Thunderbolt|p2a: Alakazam
|-damage|p2a: Alakazam|169\/249
|-status|p2a: Alakazam|par
|
|turn|8
|choice|move 3|move 4
|
|move|p1a: Electabuzz|Thunderbolt|p2a: Alakazam
|-damage|p2a: Alakazam|94\/249 par
|move|p2a: Alakazam|Recover|p2a: Alakazam
|-heal|p2a: Alakazam|218\/249 par
|
|turn|9
|choice|move 3|move 1
|
|move|p1a: Electabuzz|Thunderbolt|p2a: Alakazam
|-damage|p2a: Alakazam|145\/249 par
|move|p2a: Alakazam|Psychic|p1a: Electabuzz
|-damage|p1a: Electabuzz|178\/284
|
|turn|10
|choice|move 3|move 4
|
|move|p1a: Electabuzz|Thunderbolt|p2a: Alakazam
|-damage|p2a: Alakazam|73\/249 par
|move|p2a: Alakazam|Recover|p2a: Alakazam
|-heal|p2a: Alakazam|197\/249 par
|
|turn|11
|choice|move 3|move 1
|
|move|p1a: Electabuzz|Thunderbolt|p2a: Alakazam
|-damage|p2a: Alakazam|117\/249 par
|move|p2a: Alakazam|Psychic|p1a: Electabuzz
|-damage|p1a: Electabuzz|75\/284
|-unboost|p1a: Electabuzz|spd|1
|-unboost|p1a: Electabuzz|spa|1
|
|turn|12
|choice|switch 6|move 4
|
|switch|p1a: Jynx|Jynx, L79|265\/265
|move|p2a: Alakazam|Recover|p2a: Alakazam
|-heal|p2a: Alakazam|241\/249 par
|
|turn|13
|choice|move 3|switch 2
|
|switch|p2a: Slowpoke|Slowpoke, L96|368\/368
|move|p1a: Jynx|Blizzard|p2a: Slowpoke|[miss]
|-miss|p1a: Jynx
|
|turn|14
|choice|move 2|move 2
|
|move|p1a: Jynx|Lovely Kiss|p2a: Slowpoke
|-message|Sleep Clause Mod activated.
|move|p2a: Slowpoke|Thunder Wave|p1a: Jynx
|-status|p1a: Jynx|par
|
|turn|15
|choice|move 2|move 1
|
|move|p2a: Slowpoke|Amnesia|p2a: Slowpoke
|-boost|p2a: Slowpoke|spd|2
|-boost|p2a: Slowpoke|spa|2
|cant|p1a: Jynx|par
|
|turn|16
|choice|switch 6|move 1
|
|switch|p1a: Electabuzz|Electabuzz, L85|75\/284
|move|p2a: Slowpoke|Amnesia|p2a: Slowpoke
|-boost|p2a: Slowpoke|spd|2
|-boost|p2a: Slowpoke|spa|2
|
|turn|17
|choice|move 2|move 3
|
|move|p1a: Electabuzz|Thunder Wave|p2a: Slowpoke
|-status|p2a: Slowpoke|par
|move|p2a: Slowpoke|Surf|p1a: Electabuzz
|-damage|p1a: Electabuzz|0 fnt
|faint|p1a: Electabuzz
|choice|switch 5|
|
|switch|p1a: Mewtwo|Mewtwo, L68|285\/285
|turn|18
|choice|move 4|move 2
|
|move|p1a: Mewtwo|Body Slam|p2a: Slowpoke
|-damage|p2a: Slowpoke|324\/368 par
|move|p2a: Slowpoke|Thunder Wave|p1a: Mewtwo
|-status|p1a: Mewtwo|par
|
|turn|19
|-message|tr4w forfeited.
|
|win|riwu
|leave|tr4w
|player|p1
|raw|tr4w's rating: 1264 &rarr; <strong>1242<\/strong><br \/>(-22 for losing)
|raw|riwu's rating: 1314 &rarr; <strong>1331<\/strong><br \/>(+17 for winning)