|join|Hi5er
|join|XianJu
|player|p1|Hi5er|144
|player|p2|XianJu|130
|gametype|singles
|gen|1
|tier|[Gen 1] Random Battle
|rated
|rule|Sleep Clause Mod: Limit one foe put to sleep
|rule|Freeze Clause Mod: Limit one foe frozen
|rule|HP Percentage Mod: HP is shown in percentages
|
|start
|switch|p1a: Nidoran-M|Nidoran-M, L96|283\/283
|switch|p2a: Magnemite|Magnemite, L96|243\/243
|turn|1
|
|move|p1a: Nidoran-M|Leer|p2a: Magnemite
|-unboost|p2a: Magnemite|def|1
|move|p2a: Magnemite|Thunder|p1a: Nidoran-M
|-damage|p1a: Nidoran-M|60\/283
|
|turn|2
|
|switch|p1a: Dugtrio|Dugtrio, L85|233\/233
|move|p2a: Magnemite|Thunderbolt|p1a: Dugtrio
|-immune|p1a: Dugtrio|[msg]
|
|turn|3
|
|switch|p2a: Zubat|Zubat, L96|272\/272
|move|p1a: Dugtrio|Substitute|p1a: Dugtrio
|-start|p1a: Dugtrio|Substitute
|-damage|p1a: Dugtrio|175\/233
|
|turn|4
|
|move|p1a: Dugtrio|Slash|p2a: Zubat
|-crit|p2a: Zubat
|-damage|p2a: Zubat|153\/272
|move|p2a: Zubat|Confuse Ray|p1a: Dugtrio
|-fail|p1a: Dugtrio
|
|turn|5
|
|switch|p2a: Slowbro|Slowbro, L79|312\/312
|move|p1a: Dugtrio|Slash|p2a: Slowbro
|-crit|p2a: Slowbro
|-damage|p2a: Slowbro|232\/312
|
|turn|6
|
|move|p1a: Dugtrio|Earthquake|p2a: Slowbro
|-damage|p2a: Slowbro|144\/312
|move|p2a: Slowbro|Surf|p1a: Dugtrio
|-supereffective|p1a: Dugtrio
|-end|p1a: Dugtrio|Substitute
|
|turn|7
|
|switch|p1a: Staryu|Staryu, L90|237\/237
|move|p2a: Slowbro|Amnesia|p2a: Slowbro
|-boost|p2a: Slowbro|spd|2
|-boost|p2a: Slowbro|spa|2
|
|turn|8
|
|move|p1a: Staryu|Thunder Wave|p2a: Slowbro
|-status|p2a: Slowbro|par
|move|p2a: Slowbro|Thunder Wave|p1a: Staryu
|-status|p1a: Staryu|par
|
|turn|9
|
|move|p1a: Staryu|Blizzard|p2a: Slowbro
|-resisted|p2a: Slowbro
|-damage|p2a: Slowbro|122\/312 par
|move|p2a: Slowbro|Amnesia|p2a: Slowbro
|-boost|p2a: Slowbro|spd|2
|-boost|p2a: Slowbro|spa|2
|
|turn|10
|
|switch|p1a: Nidoran-M|Nidoran-M, L96|60\/283
|move|p2a: Slowbro|Rest|p2a: Slowbro
|-status|p2a: Slowbro|slp
|-heal|p2a: Slowbro|312\/312 slp|[silent]
|-status|p2a: Slowbro|slp|[from] move: Rest
|
|turn|11
|
|move|p1a: Nidoran-M|Leer|p2a: Slowbro
|-unboost|p2a: Slowbro|def|1
|cant|p2a: Slowbro|slp
|
|turn|12
|
|move|p1a: Nidoran-M|Leer|p2a: Slowbro
|-unboost|p2a: Slowbro|def|1
|-curestatus|p2a: Slowbro|slp
|
|turn|13
|
|move|p1a: Nidoran-M|Double-Edge|p2a: Slowbro
|-damage|p2a: Slowbro|183\/312
|-damage|p1a: Nidoran-M|28\/283|[from] recoil|[of] p2a: Slowbro
|move|p2a: Slowbro|Surf|p1a: Nidoran-M
|-damage|p1a: Nidoran-M|0 fnt
|faint|p1a: Nidoran-M
|
|switch|p1a: Dugtrio|Dugtrio, L85|175\/233
|turn|14
|
|switch|p2a: Parasect|Parasect, L90|291\/291
|move|p1a: Dugtrio|Earthquake|p2a: Parasect
|-resisted|p2a: Parasect
|-damage|p2a: Parasect|269\/291
|
|turn|15
|
|switch|p1a: Staryu|Staryu, L90|237\/237 par
|move|p2a: Parasect|Body Slam|p1a: Staryu
|-damage|p1a: Staryu|158\/237 par
|
|turn|16
|
|move|p2a: Parasect|Slash|p1a: Staryu
|-crit|p1a: Staryu
|-damage|p1a: Staryu|15\/237 par
|move|p1a: Staryu|Thunder Wave|p2a: Parasect
|-status|p2a: Parasect|par
|
|turn|17
|
|switch|p2a: Slowbro|Slowbro, L79|183\/312
|move|p1a: Staryu|Recover|p1a: Staryu
|-heal|p1a: Staryu|133\/237 par
|
|turn|18
|
|move|p2a: Slowbro|Surf|p1a: Staryu
|-resisted|p1a: Staryu
|-damage|p1a: Staryu|89\/237 par
|move|p1a: Staryu|Thunder Wave|p2a: Slowbro
|-status|p2a: Slowbro|par
|
|turn|19
|
|switch|p1a: Fearow|Fearow, L90|300\/300
|move|p2a: Slowbro|Amnesia|p2a: Slowbro
|-boost|p2a: Slowbro|spd|2
|-boost|p2a: Slowbro|spa|2
|
|turn|20
|
|move|p1a: Fearow|Mirror Move|p1a: Fearow
|move|p1a: Fearow|Amnesia|p1a: Fearow|[from]Mirror Move
|-boost|p1a: Fearow|spd|2
|-boost|p1a: Fearow|spa|2
|cant|p2a: Slowbro|par
|
|turn|21
|
|move|p1a: Fearow|Mirror Move|p1a: Fearow
|move|p1a: Fearow|Amnesia|p1a: Fearow|[from]Mirror Move
|-boost|p1a: Fearow|spd|2
|-boost|p1a: Fearow|spa|2
|move|p2a: Slowbro|Surf|p1a: Fearow
|-damage|p1a: Fearow|240\/300
|
|turn|22
|
|move|p1a: Fearow|Drill Peck|p2a: Slowbro
|-damage|p2a: Slowbro|93\/312 par
|move|p2a: Slowbro|Thunder Wave|p1a: Fearow
|-status|p1a: Fearow|par
|
|turn|23
|
|move|p1a: Fearow|Drill Peck|p2a: Slowbro
|-damage|p2a: Slowbro|4\/312 par
|move|p2a: Slowbro|Rest|p2a: Slowbro
|-status|p2a: Slowbro|slp
|-heal|p2a: Slowbro|312\/312 slp|[silent]
|-status|p2a: Slowbro|slp|[from] move: Rest
|
|turn|24
|
|cant|p1a: Fearow|par
|cant|p2a: Slowbro|slp
|
|turn|25
|
|move|p1a: Fearow|Mirror Move|p1a: Fearow
|-fail|p1a: Fearow
|-curestatus|p2a: Slowbro|slp
|
|turn|26
|
|cant|p1a: Fearow|par
|move|p2a: Slowbro|Amnesia|p2a: Slowbro
|-boost|p2a: Slowbro|spd|2
|-boost|p2a: Slowbro|spa|2
|
|turn|27
|
|move|p1a: Fearow|Mirror Move|p1a: Fearow
|move|p1a: Fearow|Amnesia|p1a: Fearow|[from]Mirror Move
|-boost|p1a: Fearow|spd|2
|-boost|p1a: Fearow|spa|2
|move|p2a: Slowbro|Surf|p1a: Fearow
|-damage|p1a: Fearow|170\/300 par
|
|turn|28
|
|cant|p1a: Fearow|par
|move|p2a: Slowbro|Amnesia|p2a: Slowbro
|-boost|p2a: Slowbro|spd|2
|-boost|p2a: Slowbro|spa|2
|
|turn|29
|
|move|p1a: Fearow|Drill Peck|p2a: Slowbro
|-damage|p2a: Slowbro|228\/312
|move|p2a: Slowbro|Surf|p1a: Fearow
|-damage|p1a: Fearow|76\/300 par
|
|turn|30
|
|move|p1a: Fearow|Hyper Beam|p2a: Slowbro
|-damage|p2a: Slowbro|82\/312
|move|p2a: Slowbro|Surf|p1a: Fearow
|-damage|p1a: Fearow|0 fnt
|faint|p1a: Fearow
|
|switch|p1a: Dugtrio|Dugtrio, L85|175\/233
|turn|31
|
|switch|p2a: Mewtwo|Mewtwo, L70|293\/293
|move|p1a: Dugtrio|Earthquake|p2a: Mewtwo
|-damage|p2a: Mewtwo|186\/293
|
|turn|32
|
|switch|p1a: Staryu|Staryu, L90|89\/237 par
|move|p2a: Mewtwo|Recover|p2a: Mewtwo
|-heal|p2a: Mewtwo|293\/293
|
|turn|33
|
|move|p2a: Mewtwo|Psychic|p1a: Staryu
|-damage|p1a: Staryu|0 fnt
|faint|p1a: Staryu
|
|switch|p1a: Hypno|Hypno, L85|318\/318
|turn|34
|
|switch|p2a: Parasect|Parasect, L90|269\/291 par
|move|p1a: Hypno|Thunder Wave|p2a: Parasect
|-fail|p2a: Parasect|par
|
|turn|35
|
|move|p1a: Hypno|Psychic|p2a: Parasect
|-damage|p2a: Parasect|167\/291 par
|-unboost|p2a: Parasect|spd|1
|-unboost|p2a: Parasect|spa|1
|move|p2a: Parasect|Body Slam|p1a: Hypno
|-crit|p1a: Hypno
|-damage|p1a: Hypno|173\/318
|
|turn|36
|
|move|p1a: Hypno|Psychic|p2a: Parasect
|-damage|p2a: Parasect|10\/291 par
|-unboost|p2a: Parasect|spd|1
|-unboost|p2a: Parasect|spa|1
|cant|p2a: Parasect|par
|
|turn|37
|
|move|p1a: Hypno|Psychic|p2a: Parasect
|-damage|p2a: Parasect|0 fnt
|faint|p2a: Parasect
|
|switch|p2a: Zubat|Zubat, L96|153\/272
|turn|38
|
|move|p2a: Zubat|Confuse Ray|p1a: Hypno
|-start|p1a: Hypno|confusion
|-activate|p1a: Hypno|confusion
|-damage|p1a: Hypno|142\/318|[from] confusion
|
|turn|39
|
|switch|p2a: Mewtwo|Mewtwo, L70|293\/293
|-end|p1a: Hypno|confusion
|move|p1a: Hypno|Psychic|p2a: Mewtwo
|-resisted|p2a: Mewtwo
|-damage|p2a: Mewtwo|248\/293
|
|turn|40
|
|move|p2a: Mewtwo|Amnesia|p2a: Mewtwo
|-boost|p2a: Mewtwo|spd|2
|-boost|p2a: Mewtwo|spa|2
|move|p1a: Hypno|Thunder Wave|p2a: Mewtwo
|-status|p2a: Mewtwo|par
|
|turn|41
|
|move|p1a: Hypno|Psychic|p2a: Mewtwo
|-resisted|p2a: Mewtwo
|-damage|p2a: Mewtwo|225\/293 par
|cant|p2a: Mewtwo|par
|
|turn|42
|
|move|p1a: Hypno|Psychic|p2a: Mewtwo
|-resisted|p2a: Mewtwo
|-damage|p2a: Mewtwo|204\/293 par
|move|p2a: Mewtwo|Psychic|p1a: Hypno
|-resisted|p1a: Hypno
|-damage|p1a: Hypno|67\/318
|
|turn|43
|
|move|p1a: Hypno|Rest|p1a: Hypno
|-status|p1a: Hypno|slp
|-heal|p1a: Hypno|318\/318 slp|[silent]
|-status|p1a: Hypno|slp|[from] move: Rest
|cant|p2a: Mewtwo|par
|
|turn|44
|
|switch|p1a: Dugtrio|Dugtrio, L85|175\/233
|move|p2a: Mewtwo|Amnesia|p2a: Mewtwo
|-boost|p2a: Mewtwo|spd|2
|-boost|p2a: Mewtwo|spa|2
|
|turn|45
|
|move|p1a: Dugtrio|Substitute|p1a: Dugtrio
|-start|p1a: Dugtrio|Substitute
|-damage|p1a: Dugtrio|117\/233
|move|p2a: Mewtwo|Psychic|p1a: Dugtrio
|-crit|p1a: Dugtrio
|-end|p1a: Dugtrio|Substitute
|
|turn|46
|
|move|p1a: Dugtrio|Substitute|p1a: Dugtrio
|-start|p1a: Dugtrio|Substitute
|-damage|p1a: Dugtrio|59\/233
|move|p2a: Mewtwo|Psychic|p1a: Dugtrio
|-end|p1a: Dugtrio|Substitute
|
|turn|47
|
|move|p1a: Dugtrio|Substitute|p1a: Dugtrio
|-start|p1a: Dugtrio|Substitute
|-damage|p1a: Dugtrio|1\/233
|cant|p2a: Mewtwo|par
|
|turn|48
|
|move|p1a: Dugtrio|Earthquake|p2a: Mewtwo
|-damage|p2a: Mewtwo|99\/293 par
|move|p2a: Mewtwo|Recover|p2a: Mewtwo
|-heal|p2a: Mewtwo|245\/293 par
|
|turn|49
|
|move|p1a: Dugtrio|Mimic|p2a: Mewtwo
|-start|p1a: Dugtrio|Mimic|Amnesia
|move|p2a: Mewtwo|Psychic|p1a: Dugtrio
|-end|p1a: Dugtrio|Substitute
|
|turn|50
|
|move|p1a: Dugtrio|Earthquake|p2a: Mewtwo
|-crit|p2a: Mewtwo
|-damage|p2a: Mewtwo|18\/293 par
|move|p2a: Mewtwo|Psychic|p1a: Dugtrio
|-damage|p1a: Dugtrio|0 fnt
|faint|p1a: Dugtrio
|
|switch|p1a: Primeape|Primeape, L90|300\/300
|turn|51
|
|switch|p2a: Ditto|Ditto, L99|296\/296
|move|p1a: Primeape|Body Slam|p2a: Ditto
|-damage|p2a: Ditto|205\/296
|
|turn|52
|
|move|p1a: Primeape|Submission|p2a: Ditto
|-supereffective|p2a: Ditto
|-damage|p2a: Ditto|0 fnt
|-damage|p1a: Primeape|249\/300|[from] recoil|[of] p2a: Ditto
|faint|p2a: Ditto
|
|switch|p2a: Zubat|Zubat, L96|153\/272
|turn|53
|
|move|p1a: Primeape|Rock Slide|p2a: Zubat|[miss]
|-miss|p1a: Primeape
|move|p2a: Zubat|Confuse Ray|p1a: Primeape
|-start|p1a: Primeape|confusion
|
|turn|54
|
|switch|p1a: Hypno|Hypno, L85|318\/318 slp
|move|p2a: Zubat|Toxic|p1a: Hypno
|-fail|p1a: Hypno
|
|turn|55
|
|switch|p2a: Mewtwo|Mewtwo, L70|18\/293 par
|switch|p1a: Primeape|Primeape, L90|249\/300
|
|turn|56
|
|switch|p2a: Zubat|Zubat, L96|153\/272
|move|p1a: Primeape|Body Slam|p2a: Zubat
|-damage|p2a: Zubat|53\/272
|
|turn|57
|
|move|p1a: Primeape|Body Slam|p2a: Zubat
|-damage|p2a: Zubat|0 fnt
|faint|p2a: Zubat
|
|switch|p2a: Magnemite|Magnemite, L96|243\/243
|turn|58
|
|switch|p1a: Hypno|Hypno, L85|318\/318 slp
|move|p2a: Magnemite|Thunder Wave|p1a: Hypno
|-fail|p1a: Hypno
|
|turn|59
|
|cant|p1a: Hypno|slp
|move|p2a: Magnemite|Thunder|p1a: Hypno
|-damage|p1a: Hypno|191\/318 slp
|
|turn|60
|
|-curestatus|p1a: Hypno|slp
|move|p2a: Magnemite|Thunder|p1a: Hypno
|-damage|p1a: Hypno|47\/318
|
|turn|61
|
|move|p1a: Hypno|Psychic|p2a: Magnemite
|-damage|p2a: Magnemite|150\/243
|move|p2a: Magnemite|Thunderbolt|p1a: Hypno
|-damage|p1a: Hypno|0 fnt
|faint|p1a: Hypno
|
|switch|p1a: Primeape|Primeape, L90|249\/300
|turn|62
|
|move|p1a: Primeape|Body Slam|p2a: Magnemite
|-damage|p2a: Magnemite|71\/243
|move|p2a: Magnemite|Thunder Wave|p1a: Primeape
|-status|p1a: Primeape|par
|
|turn|63
|join|r0730
|
|move|p2a: Magnemite|Thunderbolt|p1a: Primeape
|-damage|p1a: Primeape|101\/300 par
|cant|p1a: Primeape|par
|
|turn|64
|-message|Hi5er forfeited.
|
|win|XianJu
|leave|Hi5er
|player|p1
|raw|Hi5er's rating: 1109 &rarr; <strong>1099<\/strong><br \/>(-10 for losing)
|raw|XianJu's rating: 1350 &rarr; <strong>1358<\/strong><br \/>(+8 for winning)
|leave|r0730