|j|Naruto94
|j|Mandelbrot
|player|p1|Naruto94|221
|player|p2|Mandelbrot|101
|gametype|singles
|gen|1
|tier|[Gen 1] OU
|rated
|seed|64364,48826,5399,36443
|rule|Sleep Clause Mod: Limit one foe put to sleep
|rule|Freeze Clause Mod: Limit one foe frozen
|rule|Species Clause: Limit one of each Pokémon
|rule|OHKO Clause: OHKO moves are banned
|rule|Evasion Moves Clause: Evasion moves are banned
|rule|HP Percentage Mod: HP is shown in percentages
|
|start
|switch|p1a: Dragonite|Dragonite|385\/385
|switch|p2a: Exeggutor|Exeggutor|393\/393
|turn|1
|choice|move 3|move 1
|
|move|p1a: Dragonite|Thunder Wave|p2a: Exeggutor
|-status|p2a: Exeggutor|par
|cant|p2a: Exeggutor|par
|
|turn|2
|j|White Lion18
|choice|move 1|move 1
|
|move|p1a: Dragonite|Body Slam|p2a: Exeggutor
|-damage|p2a: Exeggutor|301\/393 par
|move|p2a: Exeggutor|Sleep Powder|p1a: Dragonite
|-status|p1a: Dragonite|slp
|
|turn|3
|choice|switch 6|switch 4
|
|switch|p1a: Tauros|Tauros|353\/353
|switch|p2a: Lapras|Lapras|463\/463
|
|turn|4
|c| White Lion18|he will wake up after this match ends
|choice|move 2|move 4
|
|move|p1a: Tauros|Body Slam|p2a: Lapras
|-damage|p2a: Lapras|349\/463
|-status|p2a: Lapras|par
|move|p2a: Lapras|Confuse Ray|p1a: Tauros
|-start|p1a: Tauros|confusion
|
|turn|5
|c|★Naruto94|thx white Lion :'D
|choice|move 1|move 3
|
|-activate|p1a: Tauros|confusion
|move|p1a: Tauros|Earthquake|p2a: Lapras
|-damage|p2a: Lapras|261\/463 par
|move|p2a: Lapras|Body Slam|p1a: Tauros
|-damage|p1a: Tauros|291\/353
|
|turn|6
|choice|switch 6|move 3
|
|switch|p1a: Dragonite|Dragonite|385\/385 slp
|cant|p2a: Lapras|par
|
|turn|7
|choice|switch 4|move 1
|
|switch|p1a: Chansey|Chansey|703\/703
|move|p2a: Lapras|Ice Beam|p1a: Chansey
|-damage|p1a: Chansey|598\/703
|
|turn|8
|choice|move 1|move 4
|
|move|p1a: Chansey|Blizzard|p2a: Lapras
|-resisted|p2a: Lapras
|-damage|p2a: Lapras|236\/463 par
|cant|p2a: Lapras|par
|
|turn|9
|choice|move 4|move 4
|
|move|p1a: Chansey|Hyper Beam|p2a: Lapras
|-damage|p2a: Lapras|166\/463 par
|move|p2a: Lapras|Confuse Ray|p1a: Chansey
|-start|p1a: Chansey|confusion
|
|turn|10
|-mustrecharge|p1a: Chansey
|-mustrecharge|p1a: Chansey
|choice|move 1|move 3
|
|cant|p1a: Chansey|recharge
|cant|p2a: Lapras|par
|
|turn|11
|choice|move 4|move 3
|
|-activate|p1a: Chansey|confusion
|move|p1a: Chansey|Hyper Beam|p2a: Lapras|[miss]
|-miss|p1a: Chansey
|move|p2a: Lapras|Body Slam|p1a: Chansey
|-damage|p1a: Chansey|434\/703
|
|turn|12
|choice|move 2|switch 5
|
|switch|p2a: Golem|Golem|363\/363
|-end|p1a: Chansey|confusion
|move|p1a: Chansey|Soft-Boiled|p1a: Chansey
|-heal|p1a: Chansey|703\/703
|
|turn|13
|choice|move 1|move 1
|
|move|p1a: Chansey|Blizzard|p2a: Golem
|-supereffective|p2a: Golem
|-damage|p2a: Golem|104\/363
|move|p2a: Golem|Earthquake|p1a: Chansey
|-damage|p1a: Chansey|408\/703
|
|turn|14
|l|White Lion18
|choice|move 1|switch 5
|
|switch|p2a: Lapras|Lapras|166\/463 par
|move|p1a: Chansey|Blizzard|p2a: Lapras
|-resisted|p2a: Lapras
|-damage|p2a: Lapras|143\/463 par
|
|turn|15
|choice|move 2|move 4
|
|move|p1a: Chansey|Soft-Boiled|p1a: Chansey
|-heal|p1a: Chansey|703\/703
|move|p2a: Lapras|Confuse Ray|p1a: Chansey
|-start|p1a: Chansey|confusion
|
|turn|16
|choice|switch 6|move 3
|
|switch|p1a: Tauros|Tauros|291\/353
|cant|p2a: Lapras|par
|
|turn|17
|choice|move 2|move 4
|
|move|p1a: Tauros|Body Slam|p2a: Lapras
|-damage|p2a: Lapras|31\/463 par
|move|p2a: Lapras|Confuse Ray|p1a: Tauros
|-start|p1a: Tauros|confusion
|
|turn|18
|choice|move 2|move 3
|
|-activate|p1a: Tauros|confusion
|move|p1a: Tauros|Body Slam|p2a: Lapras
|-crit|p2a: Lapras
|-damage|p2a: Lapras|0 fnt
|faint|p2a: Lapras
|c|★Naruto94|sorry telephone^^
|choice||switch 3
|
|switch|p2a: Tauros|Tauros|353\/353
|turn|19
|choice|switch 4|move 1
|
|switch|p1a: Dragonite|Dragonite|385\/385 slp
|move|p2a: Tauros|Body Slam|p1a: Dragonite
|-damage|p1a: Dragonite|276\/385 slp
|
|turn|20
|choice|move 3|move 4
|
|move|p2a: Tauros|Blizzard|p1a: Dragonite|[miss]
|-miss|p2a: Tauros
|cant|p1a: Dragonite|slp
|
|turn|21
|choice|switch 6|move 4
|
|switch|p1a: Chansey|Chansey|703\/703
|move|p2a: Tauros|Blizzard|p1a: Chansey
|-damage|p1a: Chansey|632\/703
|-status|p1a: Chansey|frz
|
|turn|22
|c|★Naruto94|every time :D
|choice|move 3|move 1
|
|move|p2a: Tauros|Body Slam|p1a: Chansey
|-damage|p1a: Chansey|364\/703 frz
|cant|p1a: Chansey|frz
|
|turn|23
|choice|move 3|move 1
|
|move|p2a: Tauros|Body Slam|p1a: Chansey
|-damage|p1a: Chansey|102\/703 frz
|cant|p1a: Chansey|frz
|
|turn|24
|choice|move 3|move 1
|
|move|p2a: Tauros|Body Slam|p1a: Chansey
|-damage|p1a: Chansey|0 fnt
|faint|p1a: Chansey
|choice|switch 2|
|
|switch|p1a: Exeggutor|Exeggutor|393\/393
|turn|25
|choice|move 1|move 4
|
|move|p2a: Tauros|Blizzard|p1a: Exeggutor
|-supereffective|p1a: Exeggutor
|-damage|p1a: Exeggutor|256\/393
|move|p1a: Exeggutor|Sleep Powder|p2a: Tauros
|-status|p2a: Tauros|slp
|
|turn|26
|choice|move 4|move 4
|
|cant|p2a: Tauros|slp
|move|p1a: Exeggutor|Psychic|p2a: Tauros
|-damage|p2a: Tauros|194\/353 slp
|-unboost|p2a: Tauros|spd|1
|-unboost|p2a: Tauros|spa|1
|
|turn|27
|choice|move 4|switch 2
|
|switch|p2a: Alakazam|Alakazam|313\/313
|move|p1a: Exeggutor|Psychic|p2a: Alakazam
|-resisted|p2a: Alakazam
|-damage|p2a: Alakazam|260\/313
|
|turn|28
|choice|move 2|move 4
|
|move|p2a: Alakazam|Thunder Wave|p1a: Exeggutor
|-status|p1a: Exeggutor|par
|cant|p1a: Exeggutor|par
|
|turn|29
|choice|move 2|move 3
|
|move|p2a: Alakazam|Seismic Toss|p1a: Exeggutor
|-damage|p1a: Exeggutor|156\/393 par
|move|p1a: Exeggutor|Explosion|p2a: Alakazam
|-damage|p2a: Alakazam|0 fnt
|faint|p2a: Alakazam
|faint|p1a: Exeggutor
|choice|switch 4|switch 4
|
|switch|p1a: Tauros|Tauros|291\/353
|switch|p2a: Exeggutor|Exeggutor|301\/393 par
|turn|30
|choice|move 4|move 3
|
|move|p1a: Tauros|Blizzard|p2a: Exeggutor
|-supereffective|p2a: Exeggutor
|-damage|p2a: Exeggutor|175\/393 par
|cant|p2a: Exeggutor|par
|
|turn|31
|choice|move 2|move 3
|
|move|p1a: Tauros|Body Slam|p2a: Exeggutor
|-damage|p2a: Exeggutor|73\/393 par
|move|p2a: Exeggutor|Explosion|p1a: Tauros
|-crit|p1a: Tauros
|-damage|p1a: Tauros|0 fnt
|faint|p1a: Tauros
|faint|p2a: Exeggutor
|choice|switch 3|switch 5
|
|switch|p1a: Starmie|Starmie|323\/323
|switch|p2a: Golem|Golem|104\/363
|turn|32
|choice|move 2|switch 2
|
|switch|p2a: Tauros|Tauros|194\/353 slp
|move|p1a: Starmie|Surf|p2a: Tauros
|-damage|p2a: Tauros|43\/353 slp
|
|turn|33
|choice|move 2|move 2
|
|move|p1a: Starmie|Surf|p2a: Tauros
|-damage|p2a: Tauros|0 fnt
|faint|p2a: Tauros
|choice||switch 6
|
|switch|p2a: Persian|Persian|333\/333
|turn|34
|choice|move 1|move 4
|
|move|p2a: Persian|Screech|p1a: Starmie
|-unboost|p1a: Starmie|def|2
|move|p1a: Starmie|Thunder Wave|p2a: Persian
|-status|p2a: Persian|par
|
|turn|35
|choice|switch 6|move 3
|
|switch|p1a: Dragonite|Dragonite|276\/385 slp
|cant|p2a: Persian|par
|
|turn|36
|choice|move 1|move 1
|
|-curestatus|p1a: Dragonite|slp
|cant|p2a: Persian|par
|
|turn|37
|choice|move 1|move 1
|
|move|p1a: Dragonite|Body Slam|p2a: Persian
|-crit|p2a: Persian
|-damage|p2a: Persian|122\/333 par
|move|p2a: Persian|Slash|p1a: Dragonite
|-crit|p1a: Dragonite
|-damage|p1a: Dragonite|137\/385
|
|turn|38
|choice|move 2|move 1
|
|move|p1a: Dragonite|Hyper Beam|p2a: Persian
|-damage|p2a: Persian|0 fnt
|faint|p2a: Persian
|choice||switch 2
|
|switch|p2a: Golem|Golem|104\/363
|turn|39
|choice|move 4|move 2
|
|move|p1a: Dragonite|Surf|p2a: Golem
|-supereffective|p2a: Golem
|-damage|p2a: Golem|0 fnt
|faint|p2a: Golem
|
|win|Naruto94
|player|p1
|player|p2
|raw|Naruto94's rating: 1207 &rarr; <strong>1227<\/strong><br \/>(+20 for winning)
|raw|Mandelbrot's rating: 1139 &rarr; <strong>1119<\/strong><br \/>(-20 for losing)
|c|★Naruto94|gg