|join|the jews
|join|Sethrut
|player|p1|the jews|169
|player|p2|Sethrut|2
|gametype|singles
|gen|1
|tier|[Gen 1] Random Battle
|rated
|rule|Sleep Clause Mod: Limit one foe put to sleep
|rule|Freeze Clause Mod: Limit one foe frozen
|rule|HP Percentage Mod: HP is shown in percentages
|
|start
|switch|p1a: Exeggutor|Exeggutor, L79|312\/312
|switch|p2a: Tauros|Tauros, L79|280\/280
|turn|1
|
|move|p2a: Tauros|Blizzard|p1a: Exeggutor
|-crit|p1a: Exeggutor
|-supereffective|p1a: Exeggutor
|-damage|p1a: Exeggutor|101\/312
|move|p1a: Exeggutor|Sleep Powder|p2a: Tauros
|-status|p2a: Tauros|slp
|
|turn|2
|
|switch|p2a: Ekans|Ekans, L96|262\/262
|switch|p1a: Mewtwo|Mewtwo, L68|285\/285
|
|turn|3
|
|move|p1a: Mewtwo|Psychic|p2a: Ekans
|-crit|p2a: Ekans
|-supereffective|p2a: Ekans
|-damage|p2a: Ekans|0 fnt
|faint|p2a: Ekans
|
|switch|p2a: Magmar|Magmar, L85|284\/284
|turn|4
|
|move|p1a: Mewtwo|Thunder Wave|p2a: Magmar
|-status|p2a: Magmar|par
|move|p2a: Magmar|Body Slam|p1a: Mewtwo
|-damage|p1a: Mewtwo|209\/285
|
|turn|5
|
|move|p1a: Mewtwo|Amnesia|p1a: Mewtwo
|-boost|p1a: Mewtwo|spd|2
|-boost|p1a: Mewtwo|spa|2
|move|p2a: Magmar|Body Slam|p1a: Mewtwo
|-damage|p1a: Mewtwo|139\/285
|
|turn|6
|
|move|p1a: Mewtwo|Psychic|p2a: Magmar
|-damage|p2a: Magmar|113\/284 par
|-unboost|p2a: Magmar|spd|1
|-unboost|p2a: Magmar|spa|1
|cant|p2a: Magmar|par
|
|turn|7
|
|move|p1a: Mewtwo|Psychic|p2a: Magmar
|-damage|p2a: Magmar|0 fnt
|faint|p2a: Magmar
|
|switch|p2a: Grimer|Grimer, L96|348\/348
|turn|8
|
|move|p1a: Mewtwo|Psychic|p2a: Grimer
|-supereffective|p2a: Grimer
|-damage|p2a: Grimer|0 fnt
|faint|p2a: Grimer
|
|switch|p2a: Tauros|Tauros, L79|280\/280 slp
|turn|9
|
|cant|p2a: Tauros|slp
|move|p1a: Mewtwo|Amnesia|p1a: Mewtwo
|-boost|p1a: Mewtwo|spd|2
|-boost|p1a: Mewtwo|spa|2
|
|turn|10
|-message|Sethrut forfeited.
|leave|Sethrut
|
|win|the jews
|raw|Ladder updating...
|raw|the jews's rating: 1050 &rarr; <strong>1081<\/strong><br \/>(+31 for winning)
|raw|Sethrut's rating: 1037 &rarr; <strong>1022<\/strong><br \/>(-15 for losing)
|player|p2