|j|unlucky devil
|j|icekingninja
|player|p1|unlucky devil|225
|player|p2|icekingninja|96
|gametype|singles
|gen|1
|tier|[Gen 1] Random Battle
|rated
|seed|33242,36346,33061,49909
|rule|Sleep Clause Mod: Limit one foe put to sleep
|rule|Freeze Clause Mod: Limit one foe frozen
|rule|HP Percentage Mod: HP is shown in percentages
|
|start
|switch|p1a: Clefable|Clefable, L85|335\/335
|switch|p2a: Chansey|Chansey, L79|557\/557
|turn|1
|choice|switch 4|move 3
|
|switch|p1a: Parasect|Parasect, L90|291\/291
|move|p2a: Chansey|Thunder Wave|p1a: Parasect
|-status|p1a: Parasect|par
|
|turn|2
|choice|move 2|switch 3
|
|switch|p2a: Fearow|Fearow, L90|300\/300
|move|p1a: Parasect|Spore|p2a: Fearow
|-status|p2a: Fearow|slp
|
|turn|3
|j|imabum
|choice|move 1|move 1
|
|cant|p2a: Fearow|slp
|move|p1a: Parasect|Body Slam|p2a: Fearow
|-damage|p2a: Fearow|219\/300 slp
|
|turn|4
|l|imabum
|choice|move 1|move 1
|
|cant|p2a: Fearow|slp
|move|p1a: Parasect|Body Slam|p2a: Fearow
|-damage|p2a: Fearow|143\/300 slp
|
|turn|5
|choice|move 1|move 1
|
|-curestatus|p2a: Fearow|slp
|cant|p1a: Parasect|par
|
|turn|6
|choice|switch 3|move 1
|
|switch|p1a: Raichu|Raichu, L85|276\/276
|move|p2a: Fearow|Drill Peck|p1a: Raichu
|-resisted|p1a: Raichu
|-damage|p1a: Raichu|217\/276
|
|turn|7
|choice|move 2|switch 5
|
|switch|p2a: Golem|Golem, L79|288\/288
|move|p1a: Raichu|Thunderbolt|p2a: Golem
|-immune|p2a: Golem|[msg]
|
|turn|8
|choice|move 1|move 3
|
|move|p1a: Raichu|Surf|p2a: Golem
|-crit|p2a: Golem
|-supereffective|p2a: Golem
|-damage|p2a: Golem|0 fnt
|faint|p2a: Golem
|choice||switch 3
|
|switch|p2a: Chansey|Chansey, L79|557\/557
|turn|9
|choice|switch 3|move 3
|
|switch|p1a: Parasect|Parasect, L90|291\/291 par
|move|p2a: Chansey|Thunder Wave|p1a: Parasect
|-fail|p1a: Parasect|par
|
|turn|10
|choice|move 2|switch 6
|
|switch|p2a: Hypno|Hypno, L85|318\/318
|cant|p1a: Parasect|par
|
|turn|11
|choice|move 2|move 1
|
|move|p2a: Hypno|Psychic|p1a: Parasect
|-damage|p1a: Parasect|186\/291 par
|move|p1a: Parasect|Spore|p2a: Hypno
|-status|p2a: Hypno|slp
|
|turn|12
|choice|move 3|switch 5
|
|switch|p2a: Fearow|Fearow, L90|143\/300
|move|p1a: Parasect|Mega Drain|p2a: Fearow
|-resisted|p2a: Fearow
|-damage|p2a: Fearow|120\/300
|-heal|p1a: Parasect|197\/291 par|[from] drain|[of] p2a: Fearow
|
|turn|13
|choice|switch 3|move 2
|
|switch|p1a: Raichu|Raichu, L85|217\/276
|move|p2a: Fearow|Double-Edge|p1a: Raichu
|-damage|p1a: Raichu|56\/276
|-damage|p2a: Fearow|80\/300|[from] recoil|[of] p1a: Raichu
|
|turn|14
|choice|move 2|switch 6
|
|switch|p2a: Chansey|Chansey, L79|557\/557
|move|p1a: Raichu|Thunderbolt|p2a: Chansey
|-damage|p2a: Chansey|455\/557
|
|turn|15
|choice|move 3|move 3
|
|move|p1a: Raichu|Body Slam|p2a: Chansey
|-damage|p2a: Chansey|295\/557
|move|p2a: Chansey|Thunder Wave|p1a: Raichu
|-status|p1a: Raichu|par
|
|turn|16
|choice|move 3|move 1
|
|move|p2a: Chansey|Soft-Boiled|p2a: Chansey
|-heal|p2a: Chansey|557\/557
|move|p1a: Raichu|Body Slam|p2a: Chansey
|-damage|p2a: Chansey|403\/557
|
|turn|17
|choice|switch 6|move 2
|
|switch|p1a: Seadra|Seadra, L90|282\/282
|move|p2a: Chansey|Counter|p1a: Seadra
|-damage|p1a: Seadra|0 fnt
|faint|p1a: Seadra
|c|★unlucky devil|wat
|choice|switch 3|
|
|switch|p1a: Parasect|Parasect, L90|197\/291 par
|turn|18
|choice|move 1|switch 6
|
|switch|p2a: Fearow|Fearow, L90|80\/300
|move|p1a: Parasect|Body Slam|p2a: Fearow
|-damage|p2a: Fearow|0 fnt
|faint|p2a: Fearow
|choice||switch 4
|
|switch|p2a: Poliwrath|Poliwrath, L85|327\/327
|turn|19
|choice|move 3|move 1
|
|move|p2a: Poliwrath|Amnesia|p2a: Poliwrath
|-boost|p2a: Poliwrath|spd|2
|-boost|p2a: Poliwrath|spa|2
|move|p1a: Parasect|Mega Drain|p2a: Poliwrath
|-supereffective|p2a: Poliwrath
|-damage|p2a: Poliwrath|272\/327
|-heal|p1a: Parasect|224\/291 par|[from] drain|[of] p2a: Poliwrath
|
|turn|20
|choice|switch 6|move 1
|
|switch|p1a: Raichu|Raichu, L85|56\/276 par
|move|p2a: Poliwrath|Amnesia|p2a: Poliwrath
|-boost|p2a: Poliwrath|spd|2
|-boost|p2a: Poliwrath|spa|2
|
|turn|21
|choice|move 2|move 3
|
|move|p2a: Poliwrath|Surf|p1a: Raichu
|-crit|p1a: Raichu
|-damage|p1a: Raichu|0 fnt
|faint|p1a: Raichu
|choice|switch 2|
|
|switch|p1a: Electrode|Electrode, L90|291\/291
|turn|22
|choice|move 3|move 3
|
|move|p1a: Electrode|Thunder|p2a: Poliwrath
|-supereffective|p2a: Poliwrath
|-damage|p2a: Poliwrath|178\/327
|move|p2a: Poliwrath|Surf|p1a: Electrode
|-damage|p1a: Electrode|39\/291
|
|turn|23
|choice|move 1|switch 2
|
|switch|p2a: Nidoran-F|Nidoran-F, L96|300\/300
|move|p1a: Electrode|Explosion|p2a: Nidoran-F
|-damage|p2a: Nidoran-F|95\/300
|faint|p1a: Electrode
|choice|switch 4|
|
|switch|p1a: Clefable|Clefable, L85|335\/335
|turn|24
|choice|move 4|move 4
|
|move|p1a: Clefable|Hyper Beam|p2a: Nidoran-F
|-damage|p2a: Nidoran-F|0 fnt
|faint|p2a: Nidoran-F
|choice||switch 6
|
|switch|p2a: Chansey|Chansey, L79|403\/557
|turn|25
|choice|switch 6|move 3
|
|switch|p1a: Parasect|Parasect, L90|224\/291 par
|move|p2a: Chansey|Thunder Wave|p1a: Parasect
|-fail|p1a: Parasect|par
|
|turn|26
|choice|move 3|move 1
|
|move|p2a: Chansey|Soft-Boiled|p2a: Chansey
|-heal|p2a: Chansey|557\/557
|move|p1a: Parasect|Mega Drain|p2a: Chansey
|-crit|p2a: Chansey
|-damage|p2a: Chansey|482\/557
|-heal|p1a: Parasect|261\/291 par|[from] drain|[of] p2a: Chansey
|
|turn|27
|choice|move 3|move 4
|
|move|p2a: Chansey|Thunderbolt|p1a: Parasect
|-resisted|p1a: Parasect
|-damage|p1a: Parasect|231\/291 par
|move|p1a: Parasect|Mega Drain|p2a: Chansey
|-damage|p2a: Chansey|442\/557
|-heal|p1a: Parasect|251\/291 par|[from] drain|[of] p2a: Chansey
|
|turn|28
|choice|move 3|switch 5
|
|switch|p2a: Hypno|Hypno, L85|318\/318 slp
|cant|p1a: Parasect|par
|
|turn|29
|choice|move 1|move 1
|
|cant|p2a: Hypno|slp
|move|p1a: Parasect|Body Slam|p2a: Hypno
|-damage|p2a: Hypno|237\/318 slp
|
|turn|30
|choice|move 1|move 1
|
|cant|p2a: Hypno|slp
|move|p1a: Parasect|Body Slam|p2a: Hypno
|-damage|p2a: Hypno|161\/318 slp
|
|turn|31
|choice|move 1|move 1
|
|cant|p2a: Hypno|slp
|move|p1a: Parasect|Body Slam|p2a: Hypno
|-damage|p2a: Hypno|88\/318 slp
|
|turn|32
|choice|move 4|move 4
|
|-curestatus|p2a: Hypno|slp
|move|p1a: Parasect|Hyper Beam|p2a: Hypno
|-damage|p2a: Hypno|0 fnt
|faint|p2a: Hypno
|choice||switch 2
|
|switch|p2a: Poliwrath|Poliwrath, L85|178\/327
|turn|33
|choice|move 2|move 2
|
|move|p2a: Poliwrath|Blizzard|p1a: Parasect
|-supereffective|p1a: Parasect
|-damage|p1a: Parasect|102\/291 par
|cant|p1a: Parasect|par
|
|turn|34
|choice|switch 6|move 2
|
|switch|p1a: Clefable|Clefable, L85|335\/335
|move|p2a: Poliwrath|Blizzard|p1a: Clefable
|-damage|p1a: Clefable|269\/335
|
|turn|35
|choice|move 3|switch 5
|
|switch|p2a: Chansey|Chansey, L79|442\/557
|move|p1a: Clefable|Thunder Wave|p2a: Chansey
|-status|p2a: Chansey|par
|
|turn|36
|choice|move 1|move 3
|
|move|p1a: Clefable|Thunderbolt|p2a: Chansey
|-damage|p2a: Chansey|380\/557 par
|cant|p2a: Chansey|par
|
|turn|37
|choice|move 4|move 3
|
|move|p1a: Clefable|Hyper Beam|p2a: Chansey
|-damage|p2a: Chansey|27\/557 par
|move|p2a: Chansey|Thunder Wave|p1a: Clefable
|-status|p1a: Clefable|par
|
|turn|38
|-mustrecharge|p1a: Clefable
|-mustrecharge|p1a: Clefable
|choice|move 1|move 1
|
|cant|p1a: Clefable|recharge
|move|p2a: Chansey|Soft-Boiled|p2a: Chansey
|-heal|p2a: Chansey|305\/557 par
|
|turn|39
|choice|move 4|move 1
|
|move|p1a: Clefable|Hyper Beam|p2a: Chansey
|-damage|p2a: Chansey|0 fnt
|faint|p2a: Chansey
|choice||switch 5
|
|switch|p2a: Poliwrath|Poliwrath, L85|178\/327
|turn|40
|choice|move 3|move 1
|
|move|p2a: Poliwrath|Amnesia|p2a: Poliwrath
|-boost|p2a: Poliwrath|spd|2
|-boost|p2a: Poliwrath|spa|2
|cant|p1a: Clefable|par
|
|turn|41
|choice|move 2|move 3
|
|move|p2a: Poliwrath|Surf|p1a: Clefable
|-damage|p1a: Clefable|102\/335 par
|move|p1a: Clefable|Sing|p2a: Poliwrath
|-status|p2a: Poliwrath|slp
|
|turn|42
|choice|move 1|move 3
|
|cant|p2a: Poliwrath|slp
|move|p1a: Clefable|Thunderbolt|p2a: Poliwrath
|-supereffective|p2a: Poliwrath
|-damage|p2a: Poliwrath|106\/327 slp
|
|turn|43
|choice|move 4|move 3
|
|-curestatus|p2a: Poliwrath|slp
|move|p1a: Clefable|Hyper Beam|p2a: Poliwrath
|-damage|p2a: Poliwrath|0 fnt
|faint|p2a: Poliwrath
|
|win|unlucky devil
|raw|unlucky devil's rating: 1436 &rarr; <strong>1446<\/strong><br \/>(+10 for winning)
|raw|icekingninja's rating: 1249 &rarr; <strong>1236<\/strong><br \/>(-13 for losing)
|c|★icekingninja|GG
|c|★unlucky devil|gg