|join|superdex5
|join|Squadra di golbat
|player|p1|superdex5|150
|player|p2|Squadra di golbat|170
|gametype|singles
|gen|1
|tier|[Gen 1] Random Battle
|rated
|rule|Sleep Clause Mod: Limit one foe put to sleep
|rule|Freeze Clause Mod: Limit one foe frozen
|rule|HP Percentage Mod: HP is shown in percentages
|
|start
|switch|p1a: Mewtwo|Mewtwo, L70|293\/293
|switch|p2a: Aerodactyl|Aerodactyl, L90|327\/327
|turn|1
|
|move|p2a: Aerodactyl|Double-Edge|p1a: Mewtwo
|-damage|p1a: Mewtwo|188\/293
|-damage|p2a: Aerodactyl|301\/327|[from] recoil|[of] p1a: Mewtwo
|move|p1a: Mewtwo|Barrier|p1a: Mewtwo
|-boost|p1a: Mewtwo|def|2
|
|turn|2
|
|move|p2a: Aerodactyl|Reflect|p2a: Aerodactyl
|-start|p2a: Aerodactyl|Reflect
|move|p1a: Mewtwo|Barrier|p1a: Mewtwo
|-boost|p1a: Mewtwo|def|2
|
|turn|3
|
|move|p2a: Aerodactyl|Double-Edge|p1a: Mewtwo
|-damage|p1a: Mewtwo|157\/293
|-damage|p2a: Aerodactyl|294\/327|[from] recoil|[of] p1a: Mewtwo
|move|p1a: Mewtwo|Amnesia|p1a: Mewtwo
|-boost|p1a: Mewtwo|spd|2
|-boost|p1a: Mewtwo|spa|2
|
|turn|4
|
|move|p2a: Aerodactyl|Double-Edge|p1a: Mewtwo
|-damage|p1a: Mewtwo|124\/293
|-damage|p2a: Aerodactyl|286\/327|[from] recoil|[of] p1a: Mewtwo
|move|p1a: Mewtwo|Psychic|p2a: Aerodactyl
|-damage|p2a: Aerodactyl|68\/327
|-unboost|p2a: Aerodactyl|spd|1
|-unboost|p2a: Aerodactyl|spa|1
|
|turn|5
|
|move|p2a: Aerodactyl|Hyper Beam|p1a: Mewtwo
|-crit|p1a: Mewtwo
|-damage|p1a: Mewtwo|0 fnt
|faint|p1a: Mewtwo
|
|switch|p1a: Seadra|Seadra, L90|282\/282
|turn|6
|
|move|p2a: Aerodactyl|Hyper Beam|p1a: Seadra
|-damage|p1a: Seadra|159\/282
|move|p1a: Seadra|Surf|p2a: Aerodactyl
|-crit|p2a: Aerodactyl
|-supereffective|p2a: Aerodactyl
|-damage|p2a: Aerodactyl|0 fnt
|faint|p2a: Aerodactyl
|
|switch|p2a: Raichu|Raichu, L85|276\/276
|turn|7
|
|switch|p1a: Sandshrew|Sandshrew, L96|291\/291
|move|p2a: Raichu|Thunder Wave|p1a: Sandshrew
|-immune|p1a: Sandshrew|[msg]
|
|turn|8
|
|switch|p2a: Ditto|Ditto, L99|296\/296
|move|p1a: Sandshrew|Swords Dance|p1a: Sandshrew
|-boost|p1a: Sandshrew|atk|2
|
|turn|9
|
|move|p2a: Ditto|Transform|p1a: Sandshrew
|-transform|p2a: Ditto|p1a: Sandshrew
|move|p1a: Sandshrew|Substitute|p1a: Sandshrew
|-start|p1a: Sandshrew|Substitute
|-damage|p1a: Sandshrew|219\/291
|
|turn|10
|
|move|p2a: Ditto|Substitute|p2a: Ditto
|-start|p2a: Ditto|Substitute
|-damage|p2a: Ditto|222\/296
|move|p1a: Sandshrew|Earthquake|p2a: Ditto
|-end|p2a: Ditto|Substitute
|
|turn|11
|
|move|p2a: Ditto|Earthquake|p1a: Sandshrew
|-end|p1a: Sandshrew|Substitute
|move|p1a: Sandshrew|Earthquake|p2a: Ditto
|-crit|p2a: Ditto
|-damage|p2a: Ditto|38\/296
|
|turn|12
|
|move|p2a: Ditto|Rock Slide|p1a: Sandshrew
|-resisted|p1a: Sandshrew
|-damage|p1a: Sandshrew|199\/291
|move|p1a: Sandshrew|Earthquake|p2a: Ditto
|-damage|p2a: Ditto|0 fnt
|faint|p2a: Ditto
|
|switch|p2a: Paras|Paras, L96|262\/262
|turn|13
|
|move|p1a: Sandshrew|Rock Slide|p2a: Paras
|-crit|p2a: Paras
|-supereffective|p2a: Paras
|-damage|p2a: Paras|19\/262
|move|p2a: Paras|Spore|p1a: Sandshrew
|-status|p1a: Sandshrew|slp
|
|turn|14
|
|switch|p1a: Pidgeot|Pidgeot, L90|333\/333
|move|p2a: Paras|Body Slam|p1a: Pidgeot
|-damage|p1a: Pidgeot|271\/333
|
|turn|15
|
|move|p1a: Pidgeot|Double-Edge|p2a: Paras
|-damage|p2a: Paras|0 fnt
|-damage|p1a: Pidgeot|267\/333|[from] recoil|[of] p2a: Paras
|faint|p2a: Paras
|
|switch|p2a: Raichu|Raichu, L85|276\/276
|turn|16
|
|move|p2a: Raichu|Surf|p1a: Pidgeot
|-damage|p1a: Pidgeot|202\/333
|move|p1a: Pidgeot|Hyper Beam|p2a: Raichu
|-damage|p2a: Raichu|57\/276
|
|turn|17
|-mustrecharge|p1a: Pidgeot
|-mustrecharge|p1a: Pidgeot
|
|move|p2a: Raichu|Thunder|p1a: Pidgeot
|-supereffective|p1a: Pidgeot
|-damage|p1a: Pidgeot|0 fnt
|faint|p1a: Pidgeot
|
|switch|p1a: Flareon|Flareon, L90|300\/300
|turn|18
|
|move|p1a: Flareon|Quick Attack|p2a: Raichu
|-damage|p2a: Raichu|6\/276
|move|p2a: Raichu|Thunder Wave|p1a: Flareon
|-status|p1a: Flareon|par
|
|turn|19
|
|switch|p2a: Moltres|Moltres, L85|327\/327
|move|p1a: Flareon|Quick Attack|p2a: Moltres
|-damage|p2a: Moltres|285\/327
|
|turn|20
|
|switch|p1a: Sandshrew|Sandshrew, L96|199\/291 slp
|move|p2a: Moltres|Toxic|p1a: Sandshrew
|-fail|p1a: Sandshrew
|
|turn|21
|
|move|p2a: Moltres|Fire Blast|p1a: Sandshrew
|-damage|p1a: Sandshrew|0 fnt
|faint|p1a: Sandshrew
|
|switch|p1a: Raichu|Raichu, L85|276\/276
|turn|22
|
|move|p1a: Raichu|Thunder|p2a: Moltres
|-supereffective|p2a: Moltres
|-damage|p2a: Moltres|84\/327
|move|p2a: Moltres|Toxic|p1a: Raichu
|-status|p1a: Raichu|tox
|
|turn|23
|
|move|p1a: Raichu|Surf|p2a: Moltres
|-supereffective|p2a: Moltres
|-damage|p2a: Moltres|0 fnt
|faint|p2a: Moltres
|
|switch|p2a: Pinsir|Pinsir, L85|284\/284
|turn|24
|
|move|p1a: Raichu|Thunder Wave|p2a: Pinsir
|-status|p2a: Pinsir|par
|-damage|p1a: Raichu|259\/276 tox|[from] tox|[of] p2a: Pinsir
|move|p2a: Pinsir|Body Slam|p1a: Raichu
|-crit|p1a: Raichu
|-damage|p1a: Raichu|67\/276 tox
|
|turn|25
|
|move|p1a: Raichu|Hyper Beam|p2a: Pinsir
|-damage|p2a: Pinsir|190\/284 par
|-damage|p1a: Raichu|33\/276 tox|[from] tox|[of] p2a: Pinsir
|move|p2a: Pinsir|Body Slam|p1a: Raichu
|-damage|p1a: Raichu|0 fnt
|faint|p1a: Raichu
|
|switch|p1a: Flareon|Flareon, L90|300\/300 par
|turn|26
|
|move|p2a: Pinsir|Hyper Beam|p1a: Flareon
|-crit|p1a: Flareon
|-damage|p1a: Flareon|0 fnt
|faint|p1a: Flareon
|
|switch|p1a: Seadra|Seadra, L90|159\/282
|turn|27
|
|move|p1a: Seadra|Hydro Pump|p2a: Pinsir
|-damage|p2a: Pinsir|0 fnt
|faint|p2a: Pinsir
|
|switch|p2a: Raichu|Raichu, L85|6\/276
|turn|28
|
|move|p2a: Raichu|Thunder|p1a: Seadra
|-supereffective|p1a: Seadra
|-damage|p1a: Seadra|0 fnt
|faint|p1a: Seadra
|
|win|Squadra di golbat
|leave|superdex5
|raw|superdex5's rating: 1111 &rarr; <strong>1097<\/strong><br \/>(-14 for losing)
|raw|Squadra di golbat's rating: 1284 &rarr; <strong>1298<\/strong><br \/>(+14 for winning)
|player|p1