|j|Dervodel2
|j|aevm
|player|p1|Dervodel2|238
|player|p2|aevm|290
|gametype|singles
|gen|1
|tier|[Gen 1] Random Battle
|rated
|seed|
|rule|Sleep Clause Mod: Limit one foe put to sleep
|rule|Freeze Clause Mod: Limit one foe frozen
|rule|HP Percentage Mod: HP is shown in percentages
|
|start
|switch|p1a: Koffing|Koffing, L96|100\/100
|switch|p2a: Blastoise|Blastoise, L85|100\/100
|turn|1
|choice||
|
|move|p2a: Blastoise|Earthquake|p1a: Koffing
|-supereffective|p1a: Koffing
|-damage|p1a: Koffing|61\/100
|move|p1a: Koffing|Thunder|p2a: Blastoise|[miss]
|-miss|p1a: Koffing
|
|turn|2
|choice||
|
|move|p2a: Blastoise|Hyper Beam|p1a: Koffing
|-damage|p1a: Koffing|28\/100
|move|p1a: Koffing|Thunder|p2a: Blastoise|[miss]
|-miss|p1a: Koffing
|
|turn|3
|-mustrecharge|p2a: Blastoise
|-mustrecharge|p2a: Blastoise
|choice||
|
|cant|p2a: Blastoise|recharge
|move|p1a: Koffing|Thunder|p2a: Blastoise|[miss]
|-miss|p1a: Koffing
|
|turn|4
|c|★Dervodel2|omg
|choice||
|
|move|p2a: Blastoise|Blizzard|p1a: Koffing
|-damage|p1a: Koffing|0 fnt
|faint|p1a: Koffing
|choice||
|
|switch|p1a: Electrode|Electrode, L90|100\/100
|turn|5
|choice||
|
|move|p1a: Electrode|Thunderbolt|p2a: Blastoise
|-crit|p2a: Blastoise
|-supereffective|p2a: Blastoise
|-damage|p2a: Blastoise|0 fnt
|faint|p2a: Blastoise
|choice||
|
|switch|p2a: Arbok|Arbok, L90|100\/100
|turn|6
|choice||
|
|move|p1a: Electrode|Thunder Wave|p2a: Arbok
|-status|p2a: Arbok|par
|move|p2a: Arbok|Rock Slide|p1a: Electrode
|-damage|p1a: Electrode|79\/100
|
|turn|7
|choice||
|
|move|p1a: Electrode|Reflect|p1a: Electrode
|-start|p1a: Electrode|Reflect
|move|p2a: Arbok|Earthquake|p1a: Electrode
|-supereffective|p1a: Electrode
|-damage|p1a: Electrode|50\/100
|
|turn|8
|choice||
|
|move|p1a: Electrode|Thunderbolt|p2a: Arbok
|-damage|p2a: Arbok|60\/100 par
|move|p2a: Arbok|Earthquake|p1a: Electrode
|-supereffective|p1a: Electrode
|-damage|p1a: Electrode|21\/100
|
|turn|9
|choice||
|
|move|p1a: Electrode|Thunderbolt|p2a: Arbok
|-crit|p2a: Arbok
|-damage|p2a: Arbok|0 fnt
|faint|p2a: Arbok
|choice||
|
|switch|p2a: Machamp|Machamp, L90|100\/100
|turn|10
|choice||
|
|move|p1a: Electrode|Explosion|p2a: Machamp
|-damage|p2a: Machamp|44\/100
|faint|p1a: Electrode
|choice||
|
|switch|p1a: Hitmonlee|Hitmonlee, L90|100\/100
|turn|11
|choice||
|
|move|p1a: Hitmonlee|High Jump Kick|p2a: Machamp|[miss]
|-miss|p1a: Hitmonlee
|-damage|p1a: Hitmonlee|99\/100
|move|p2a: Machamp|Submission|p1a: Hitmonlee|[miss]
|-miss|p2a: Machamp
|
|turn|12
|choice||
|
|move|p1a: Hitmonlee|Seismic Toss|p2a: Machamp
|-damage|p2a: Machamp|18\/100
|move|p2a: Machamp|Hyper Beam|p1a: Hitmonlee
|-damage|p1a: Hitmonlee|35\/100
|
|turn|13
|-mustrecharge|p2a: Machamp
|-mustrecharge|p2a: Machamp
|choice||
|
|move|p1a: Hitmonlee|Seismic Toss|p2a: Machamp
|-damage|p2a: Machamp|0 fnt
|faint|p2a: Machamp
|choice||
|
|switch|p2a: Jolteon|Jolteon, L79|100\/100
|turn|14
|choice||
|
|move|p2a: Jolteon|Thunderbolt|p1a: Hitmonlee
|-damage|p1a: Hitmonlee|0 fnt
|faint|p1a: Hitmonlee
|choice||
|
|switch|p1a: Snorlax|Snorlax, L79|100\/100
|turn|15
|choice||
|
|move|p2a: Jolteon|Double Kick|p1a: Snorlax
|-crit|p1a: Snorlax
|-supereffective|p1a: Snorlax
|-damage|p1a: Snorlax|82\/100
|-damage|p1a: Snorlax|64\/100
|-hitcount|p1a: Snorlax|2
|move|p1a: Snorlax|Body Slam|p2a: Jolteon
|-damage|p2a: Jolteon|59\/100
|-status|p2a: Jolteon|par
|
|turn|16
|choice||
|
|move|p1a: Snorlax|Amnesia|p1a: Snorlax
|-boost|p1a: Snorlax|spd|2
|-boost|p1a: Snorlax|spa|2
|move|p2a: Jolteon|Pin Missile|p1a: Snorlax|[miss]
|-miss|p2a: Jolteon
|
|turn|17
|choice||
|
|move|p1a: Snorlax|Amnesia|p1a: Snorlax
|-boost|p1a: Snorlax|spd|2
|-boost|p1a: Snorlax|spa|2
|move|p2a: Jolteon|Double Kick|p1a: Snorlax
|-supereffective|p1a: Snorlax
|-damage|p1a: Snorlax|54\/100
|-damage|p1a: Snorlax|45\/100
|-hitcount|p1a: Snorlax|2
|
|turn|18
|choice||
|
|move|p1a: Snorlax|Thunderbolt|p2a: Jolteon
|-resisted|p2a: Jolteon
|-damage|p2a: Jolteon|38\/100 par
|move|p2a: Jolteon|Thunderbolt|p1a: Snorlax
|-crit|p1a: Snorlax
|-damage|p1a: Snorlax|0 fnt
|faint|p1a: Snorlax
|choice||
|
|switch|p1a: Golduck|Golduck, L85|100\/100
|turn|19
|choice||
|
|move|p1a: Golduck|Body Slam|p2a: Jolteon
|-damage|p2a: Jolteon|12\/100 par
|move|p2a: Jolteon|Thunderbolt|p1a: Golduck
|-crit|p1a: Golduck
|-supereffective|p1a: Golduck
|-damage|p1a: Golduck|0 fnt
|faint|p1a: Golduck
|choice||
|
|switch|p1a: Jolteon|Jolteon, L79|100\/100
|turn|20
|choice||
|
|move|p1a: Jolteon|Body Slam|p2a: Jolteon
|-damage|p2a: Jolteon|0 fnt
|faint|p2a: Jolteon
|choice||
|
|switch|p2a: Alakazam|Alakazam, L79|100\/100
|turn|21
|choice||
|
|move|p1a: Jolteon|Body Slam|p2a: Alakazam
|-damage|p2a: Alakazam|77\/100
|move|p2a: Alakazam|Psychic|p1a: Jolteon
|-damage|p1a: Jolteon|65\/100
|
|turn|22
|choice||
|
|move|p1a: Jolteon|Pin Missile|p2a: Alakazam
|-supereffective|p2a: Alakazam
|-damage|p2a: Alakazam|67\/100
|-damage|p2a: Alakazam|57\/100
|-hitcount|p2a: Alakazam|2
|move|p2a: Alakazam|Psychic|p1a: Jolteon
|-crit|p1a: Jolteon
|-damage|p1a: Jolteon|0 fnt
|faint|p1a: Jolteon
|
|win|aevm
|player|p1
|player|p2
|raw|Dervodel2's rating: 1361 &rarr; <strong>1327<\/strong><br \/>(-34 for losing)
|raw|aevm's rating: 1051 &rarr; <strong>1107<\/strong><br \/>(+56 for winning)