|j|xordims
|j|Pietro Albuquerque
|player|p1|xordims|193
|player|p2|Pietro Albuquerque|109
|gametype|singles
|gen|1
|tier|[Gen 1] Random Battle
|rated
|seed|57525,18755,2716,19248
|rule|Sleep Clause Mod: Limit one foe put to sleep
|rule|Freeze Clause Mod: Limit one foe frozen
|rule|HP Percentage Mod: HP is shown in percentages
|
|start
|switch|p1a: Gloom|Gloom, L90|291\/291
|switch|p2a: Paras|Paras, L96|262\/262
|turn|1
|choice|switch 6|switch 4
|
|switch|p1a: Charmeleon|Charmeleon, L85|272\/272
|switch|p2a: Porygon|Porygon, L85|284\/284
|
|turn|2
|choice|move 1|move 2
|
|move|p1a: Charmeleon|Body Slam|p2a: Porygon
|-damage|p2a: Porygon|227\/284
|move|p2a: Porygon|Agility|p2a: Porygon
|-boost|p2a: Porygon|spe|2
|
|turn|3
|choice|move 3|move 4
|
|move|p2a: Porygon|Tri Attack|p1a: Charmeleon
|-damage|p1a: Charmeleon|192\/272
|move|p1a: Charmeleon|Submission|p2a: Porygon
|-supereffective|p2a: Porygon
|-damage|p2a: Porygon|132\/284
|-damage|p1a: Charmeleon|169\/272|[from] recoil|[of] p2a: Porygon
|
|turn|4
|choice|move 4|move 1
|
|move|p2a: Porygon|Recover|p2a: Porygon
|-heal|p2a: Porygon|274\/284
|move|p1a: Charmeleon|Swords Dance|p1a: Charmeleon
|-boost|p1a: Charmeleon|atk|2
|
|turn|5
|choice|move 1|move 4
|
|move|p2a: Porygon|Tri Attack|p1a: Charmeleon
|-damage|p1a: Charmeleon|82\/272
|move|p1a: Charmeleon|Body Slam|p2a: Porygon
|-damage|p2a: Porygon|170\/284
|
|turn|6
|choice|move 3|move 4
|
|move|p2a: Porygon|Tri Attack|p1a: Charmeleon
|-damage|p1a: Charmeleon|3\/272
|move|p1a: Charmeleon|Submission|p2a: Porygon
|-supereffective|p2a: Porygon
|-damage|p2a: Porygon|0 fnt
|-damage|p1a: Charmeleon|0 fnt|[from] recoil|[of] p2a: Porygon
|faint|p2a: Porygon
|faint|p1a: Charmeleon
|choice|switch 2|switch 2
|
|switch|p2a: Articuno|Articuno, L79|304\/304
|switch|p1a: Wigglytuff|Wigglytuff, L90|435\/435
|turn|7
|choice|move 1|move 2
|
|move|p2a: Articuno|Blizzard|p1a: Wigglytuff
|-damage|p1a: Wigglytuff|264\/435
|move|p1a: Wigglytuff|Thunder Wave|p2a: Articuno
|-status|p2a: Articuno|par
|
|turn|8
|choice|switch 3|move 2
|
|switch|p1a: Poliwrath|Poliwrath, L85|327\/327
|move|p2a: Articuno|Blizzard|p1a: Poliwrath
|-crit|p1a: Poliwrath
|-resisted|p1a: Poliwrath
|-damage|p1a: Poliwrath|189\/327
|-status|p1a: Poliwrath|frz
|
|turn|9
|choice|move 1|move 4
|
|cant|p1a: Poliwrath|frz
|move|p2a: Articuno|Mimic|p1a: Poliwrath
|-start|p2a: Articuno|Mimic|Amnesia
|
|turn|10
|choice|move 1|move 1
|
|cant|p1a: Poliwrath|frz
|cant|p2a: Articuno|par
|
|turn|11
|choice|move 1|move 1
|
|cant|p1a: Poliwrath|frz
|cant|p2a: Articuno|par
|
|turn|12
|choice|move 1|move 1
|
|cant|p1a: Poliwrath|frz
|move|p2a: Articuno|Reflect|p2a: Articuno
|-start|p2a: Articuno|Reflect
|
|turn|13
|choice|move 1|move 4
|
|cant|p1a: Poliwrath|frz
|move|p2a: Articuno|Amnesia|p2a: Articuno
|-boost|p2a: Articuno|spd|2
|-boost|p2a: Articuno|spa|2
|
|turn|14
|choice|move 1|move 4
|
|cant|p1a: Poliwrath|frz
|move|p2a: Articuno|Amnesia|p2a: Articuno
|-boost|p2a: Articuno|spd|2
|-boost|p2a: Articuno|spa|2
|
|turn|15
|choice|move 1|move 4
|
|cant|p1a: Poliwrath|frz
|move|p2a: Articuno|Amnesia|p2a: Articuno
|-boost|p2a: Articuno|spd|2
|-boost|p2a: Articuno|spa|2
|
|turn|16
|c|★xordims|8 turns frozen
|choice|move 1|move 2
|
|cant|p1a: Poliwrath|frz
|move|p2a: Articuno|Blizzard|p1a: Poliwrath
|-resisted|p1a: Poliwrath
|-damage|p1a: Poliwrath|0 fnt
|faint|p1a: Poliwrath
|c|★Pietro Albuquerque|I think that you cannot defrost
|choice|switch 4|
|
|switch|p1a: Mew|Mew, L74|300\/300
|turn|17
|choice|move 1|move 2
|
|move|p1a: Mew|Thunderbolt|p2a: Articuno
|-crit|p2a: Articuno
|-supereffective|p2a: Articuno
|-damage|p2a: Articuno|140\/304 par
|move|p2a: Articuno|Blizzard|p1a: Mew
|-crit|p1a: Mew
|-damage|p1a: Mew|51\/300
|
|turn|18
|choice|move 2|move 2
|
|move|p1a: Mew|Explosion|p2a: Articuno
|-crit|p2a: Articuno
|-damage|p2a: Articuno|0 fnt
|faint|p2a: Articuno
|faint|p1a: Mew
|choice|switch 3|switch 3
|
|switch|p2a: Moltres|Moltres, L85|327\/327
|switch|p1a: Wigglytuff|Wigglytuff, L90|264\/435
|turn|19
|choice|move 1|move 1
|
|move|p2a: Moltres|Fire Blast|p1a: Wigglytuff
|-crit|p1a: Wigglytuff
|-damage|p1a: Wigglytuff|0 fnt
|faint|p1a: Wigglytuff
|choice|switch 5|
|
|switch|p1a: Dragonite|Dragonite, L85|328\/328
|turn|20
|choice|move 3|switch 4
|
|switch|p2a: Paras|Paras, L96|262\/262
|move|p1a: Dragonite|Thunderbolt|p2a: Paras
|-resisted|p2a: Paras
|-damage|p2a: Paras|225\/262
|
|turn|21
|choice|move 1|move 2
|
|move|p1a: Dragonite|Blizzard|p2a: Paras
|-crit|p2a: Paras
|-supereffective|p2a: Paras
|-damage|p2a: Paras|0 fnt
|faint|p2a: Paras
|choice||switch 6
|
|switch|p2a: Raichu|Raichu, L85|276\/276
|turn|22
|choice|switch 6|move 2
|
|switch|p1a: Gloom|Gloom, L90|291\/291
|move|p2a: Raichu|Thunderbolt|p1a: Gloom
|-resisted|p1a: Gloom
|-damage|p1a: Gloom|245\/291
|
|turn|23
|choice|move 3|switch 4
|
|switch|p2a: Moltres|Moltres, L85|327\/327
|move|p1a: Gloom|Sleep Powder|p2a: Moltres
|-status|p2a: Moltres|slp
|
|turn|24
|choice|move 4|switch 5
|
|switch|p2a: Alakazam|Alakazam, L79|249\/249
|move|p1a: Gloom|Double-Edge|p2a: Alakazam
|-damage|p2a: Alakazam|158\/249
|-damage|p1a: Gloom|223\/291|[from] recoil|[of] p2a: Alakazam
|
|turn|25
|choice|move 4|move 1
|
|move|p2a: Alakazam|Psychic|p1a: Gloom
|-supereffective|p1a: Gloom
|-damage|p1a: Gloom|7\/291
|move|p1a: Gloom|Double-Edge|p2a: Alakazam
|-damage|p2a: Alakazam|59\/249
|-damage|p1a: Gloom|0 fnt|[from] recoil|[of] p2a: Alakazam
|faint|p1a: Gloom
|choice|switch 6|
|
|switch|p1a: Dragonite|Dragonite, L85|328\/328
|turn|26
|choice|move 3|move 4
|
|move|p2a: Alakazam|Recover|p2a: Alakazam
|-heal|p2a: Alakazam|183\/249
|move|p1a: Dragonite|Thunderbolt|p2a: Alakazam
|-damage|p2a: Alakazam|127\/249
|
|turn|27
|choice|move 4|move 2
|
|move|p2a: Alakazam|Thunder Wave|p1a: Dragonite
|-status|p1a: Dragonite|par
|move|p1a: Dragonite|Agility|p1a: Dragonite
|-boost|p1a: Dragonite|spe|2
|
|turn|28
|choice|move 1|move 4
|
|move|p1a: Dragonite|Blizzard|p2a: Alakazam
|-crit|p2a: Alakazam
|-damage|p2a: Alakazam|0 fnt
|faint|p2a: Alakazam
|choice||switch 4
|
|switch|p2a: Raichu|Raichu, L85|276\/276
|turn|29
|choice|move 1|move 2
|
|move|p1a: Dragonite|Blizzard|p2a: Raichu
|-damage|p2a: Raichu|182\/276
|move|p2a: Raichu|Thunderbolt|p1a: Dragonite
|-crit|p1a: Dragonite
|-damage|p1a: Dragonite|146\/328 par
|
|turn|30
|choice|move 1|move 2
|
|move|p1a: Dragonite|Blizzard|p2a: Raichu
|-damage|p2a: Raichu|100\/276
|move|p2a: Raichu|Thunderbolt|p1a: Dragonite
|-damage|p1a: Dragonite|50\/328 par
|
|turn|31
|c|★xordims|gg
|c|★Pietro Albuquerque|gg
|choice|move 1|move 4
|
|move|p1a: Dragonite|Blizzard|p2a: Raichu
|-crit|p2a: Raichu
|-damage|p2a: Raichu|0 fnt
|faint|p2a: Raichu
|choice||switch 5
|
|switch|p2a: Moltres|Moltres, L85|327\/327 slp
|turn|32
|c|★xordims|oof
|c|★Pietro Albuquerque|or not...
|c|★xordims|still a chance
|choice|move 3|move 1
|
|move|p1a: Dragonite|Thunderbolt|p2a: Moltres
|-supereffective|p2a: Moltres
|-damage|p2a: Moltres|218\/327 slp
|cant|p2a: Moltres|slp
|
|turn|33
|choice|move 3|move 1
|
|cant|p1a: Dragonite|par
|-curestatus|p2a: Moltres|slp
|
|turn|34
|choice|move 3|move 4
|
|move|p1a: Dragonite|Thunderbolt|p2a: Moltres
|-crit|p2a: Moltres
|-supereffective|p2a: Moltres
|-damage|p2a: Moltres|0 fnt
|faint|p2a: Moltres
|
|win|xordims
|player|p1
|player|p2
|c|★xordims|lol
|l|Pietro Albuquerque
|raw|xordims's rating: 1215 &rarr; <strong>1246<\/strong><br \/>(+31 for winning)
|raw|Pietro Albuquerque's rating: 1293 &rarr; <strong>1263<\/strong><br \/>(-30 for losing)