|j|Dervodel1
|j|Davilive
|player|p1|Dervodel1|266
|player|p2|Davilive|200
|gametype|singles
|gen|1
|tier|[Gen 1] Random Battle
|rated
|seed|20440,29720,34887,6258
|rule|Sleep Clause Mod: Limit one foe put to sleep
|rule|Freeze Clause Mod: Limit one foe frozen
|rule|HP Percentage Mod: HP is shown in percentages
|
|start
|switch|p1a: Wartortle|Wartortle, L85|274\/274
|switch|p2a: Machamp|Machamp, L90|345\/345
|turn|1
|choice|switch 3|switch 3
|
|switch|p2a: Seadra|Seadra, L90|282\/282
|switch|p1a: Mewtwo|Mewtwo, L70|293\/293
|
|turn|2
|choice|move 1|move 3
|
|move|p1a: Mewtwo|Psychic|p2a: Seadra
|-damage|p2a: Seadra|201\/282
|move|p2a: Seadra|Blizzard|p1a: Mewtwo
|-damage|p1a: Mewtwo|221\/293
|-status|p1a: Mewtwo|frz
|
|turn|3
|c|★Dervodel1|omg you ppl
|choice|switch 2|move 1
|
|switch|p1a: Magneton|Magneton, L90|273\/273
|move|p2a: Seadra|Smokescreen|p1a: Magneton
|-unboost|p1a: Magneton|accuracy|1
|
|turn|4
|c|★Davilive|löl
|choice|move 1|switch 4
|
|switch|p2a: Dugtrio|Dugtrio, L85|233\/233
|move|p1a: Magneton|Thunderbolt|p2a: Dugtrio
|-immune|p2a: Dugtrio|[msg]
|
|turn|5
|choice|switch 3|move 3
|
|switch|p1a: Wartortle|Wartortle, L85|274\/274
|move|p2a: Dugtrio|Sand Attack|p1a: Wartortle
|-unboost|p1a: Wartortle|accuracy|1
|
|turn|6
|choice|move 2|switch 4
|
|switch|p2a: Seadra|Seadra, L90|201\/282
|move|p1a: Wartortle|Body Slam|p2a: Seadra|[miss]
|-miss|p1a: Wartortle
|
|turn|7
|choice|move 2|move 1
|
|move|p2a: Seadra|Smokescreen|p1a: Wartortle
|-unboost|p1a: Wartortle|accuracy|1
|move|p1a: Wartortle|Body Slam|p2a: Seadra|[miss]
|-miss|p1a: Wartortle
|
|turn|8
|choice|switch 6|move 1
|
|switch|p1a: Beedrill|Beedrill, L90|300\/300
|move|p2a: Seadra|Smokescreen|p1a: Beedrill
|-unboost|p1a: Beedrill|accuracy|1
|
|turn|9
|choice|switch 3|move 1
|
|switch|p1a: Magneton|Magneton, L90|273\/273
|move|p2a: Seadra|Smokescreen|p1a: Magneton
|-unboost|p1a: Magneton|accuracy|1
|
|turn|10
|choice|switch 6|move 3
|
|switch|p1a: Wartortle|Wartortle, L85|274\/274
|move|p2a: Seadra|Blizzard|p1a: Wartortle
|-resisted|p1a: Wartortle
|-damage|p1a: Wartortle|218\/274
|
|turn|11
|choice|move 2|move 1
|
|move|p2a: Seadra|Smokescreen|p1a: Wartortle
|-unboost|p1a: Wartortle|accuracy|1
|move|p1a: Wartortle|Body Slam|p2a: Seadra
|-damage|p2a: Seadra|159\/282
|
|turn|12
|choice|move 2|move 1
|
|move|p2a: Seadra|Smokescreen|p1a: Wartortle
|-unboost|p1a: Wartortle|accuracy|1
|move|p1a: Wartortle|Body Slam|p2a: Seadra|[miss]
|-miss|p1a: Wartortle
|
|turn|13
|choice|switch 6|move 3
|
|switch|p1a: Magneton|Magneton, L90|273\/273
|move|p2a: Seadra|Blizzard|p1a: Magneton
|-damage|p1a: Magneton|200\/273
|
|turn|14
|choice|switch 6|switch 4
|
|switch|p2a: Dugtrio|Dugtrio, L85|233\/233
|switch|p1a: Wartortle|Wartortle, L85|218\/274
|
|turn|15
|choice|move 4|switch 6
|
|switch|p2a: Wartortle|Wartortle, L85|274\/274
|move|p1a: Wartortle|Surf|p2a: Wartortle
|-resisted|p2a: Wartortle
|-damage|p2a: Wartortle|228\/274
|
|turn|16
|choice|move 2|move 1
|
|move|p1a: Wartortle|Body Slam|p2a: Wartortle
|-damage|p2a: Wartortle|179\/274
|move|p2a: Wartortle|Body Slam|p1a: Wartortle
|-damage|p1a: Wartortle|167\/274
|
|turn|17
|choice|move 2|move 1
|
|move|p1a: Wartortle|Body Slam|p2a: Wartortle
|-damage|p2a: Wartortle|128\/274
|move|p2a: Wartortle|Body Slam|p1a: Wartortle
|-crit|p1a: Wartortle
|-damage|p1a: Wartortle|68\/274
|-status|p1a: Wartortle|par
|
|turn|18
|choice|move 1|move 1
|
|move|p2a: Wartortle|Body Slam|p1a: Wartortle
|-damage|p1a: Wartortle|18\/274 par
|cant|p1a: Wartortle|par
|
|turn|19
|choice|switch 6|move 2
|
|switch|p1a: Magneton|Magneton, L90|200\/273
|move|p2a: Wartortle|Rest|p2a: Wartortle
|-status|p2a: Wartortle|slp
|-heal|p2a: Wartortle|274\/274 slp|[silent]
|-status|p2a: Wartortle|slp|[from] move: Rest
|
|turn|20
|choice|move 3|switch 6
|
|switch|p2a: Dugtrio|Dugtrio, L85|233\/233
|move|p1a: Magneton|Double-Edge|p2a: Dugtrio
|-damage|p2a: Dugtrio|153\/233
|-damage|p1a: Magneton|180\/273|[from] recoil|[of] p2a: Dugtrio
|
|turn|21
|choice|move 3|move 1
|
|move|p2a: Dugtrio|Earthquake|p1a: Magneton
|-supereffective|p1a: Magneton
|-damage|p1a: Magneton|12\/273
|move|p1a: Magneton|Double-Edge|p2a: Dugtrio
|-crit|p2a: Dugtrio
|-damage|p2a: Dugtrio|0 fnt
|-damage|p1a: Magneton|0 fnt|[from] recoil|[of] p2a: Dugtrio
|faint|p2a: Dugtrio
|faint|p1a: Magneton
|choice|switch 6|switch 5
|
|switch|p2a: Arbok|Arbok, L90|291\/291
|switch|p1a: Wartortle|Wartortle, L85|18\/274 par
|turn|22
|choice|move 4|move 1
|
|move|p2a: Arbok|Body Slam|p1a: Wartortle
|-damage|p1a: Wartortle|0 fnt
|faint|p1a: Wartortle
|choice|switch 4|
|
|switch|p1a: Dewgong|Dewgong, L85|327\/327
|turn|23
|choice|move 1|move 3
|
|move|p2a: Arbok|Glare|p1a: Dewgong|[miss]
|-miss|p2a: Arbok
|move|p1a: Dewgong|Blizzard|p2a: Arbok
|-damage|p2a: Arbok|139\/291
|
|turn|24
|choice|move 1|switch 6
|
|switch|p2a: Wartortle|Wartortle, L85|274\/274 slp
|move|p1a: Dewgong|Blizzard|p2a: Wartortle
|-resisted|p2a: Wartortle
|-damage|p2a: Wartortle|194\/274 slp
|
|turn|25
|choice|switch 3|move 1
|
|switch|p1a: Beedrill|Beedrill, L90|300\/300
|cant|p2a: Wartortle|slp
|
|turn|26
|choice|move 1|switch 6
|
|switch|p2a: Arbok|Arbok, L90|139\/291
|move|p1a: Beedrill|Agility|p1a: Beedrill
|-boost|p1a: Beedrill|spe|2
|
|turn|27
|choice|move 2|move 3
|
|move|p1a: Beedrill|Swords Dance|p1a: Beedrill
|-boost|p1a: Beedrill|atk|2
|move|p2a: Arbok|Glare|p1a: Beedrill|[miss]
|-miss|p2a: Arbok
|
|turn|28
|choice|move 3|move 3
|
|move|p1a: Beedrill|Hyper Beam|p2a: Arbok
|-damage|p2a: Arbok|0 fnt
|faint|p2a: Arbok
|choice||switch 2
|
|switch|p2a: Tauros|Tauros, L79|280\/280
|turn|29
|choice|move 3|move 2
|
|move|p1a: Beedrill|Hyper Beam|p2a: Tauros
|-damage|p2a: Tauros|51\/280
|move|p2a: Tauros|Blizzard|p1a: Beedrill
|-crit|p1a: Beedrill
|-damage|p1a: Beedrill|130\/300
|-message|Freeze Clause activated.
|
|turn|30
|-mustrecharge|p1a: Beedrill
|-mustrecharge|p1a: Beedrill
|choice|move 1|move 2
|
|cant|p1a: Beedrill|recharge
|move|p2a: Tauros|Blizzard|p1a: Beedrill
|-damage|p1a: Beedrill|48\/300
|
|turn|31
|choice|move 3|move 3
|
|move|p1a: Beedrill|Hyper Beam|p2a: Tauros
|-damage|p2a: Tauros|0 fnt
|faint|p2a: Tauros
|choice||switch 4
|
|switch|p2a: Seadra|Seadra, L90|159\/282
|turn|32
|choice|move 3|move 3
|
|move|p1a: Beedrill|Hyper Beam|p2a: Seadra
|-damage|p2a: Seadra|0 fnt
|faint|p2a: Seadra
|choice||switch 3
|
|switch|p2a: Machamp|Machamp, L90|345\/345
|turn|33
|choice|move 3|move 2
|
|move|p1a: Beedrill|Hyper Beam|p2a: Machamp|[miss]
|-miss|p1a: Beedrill
|move|p2a: Machamp|Body Slam|p1a: Beedrill
|-crit|p1a: Beedrill
|-damage|p1a: Beedrill|0 fnt
|faint|p1a: Beedrill
|choice|switch 3|
|
|switch|p1a: Dewgong|Dewgong, L85|327\/327
|turn|34
|choice|move 1|switch 6
|
|switch|p2a: Wartortle|Wartortle, L85|194\/274 slp
|move|p1a: Dewgong|Blizzard|p2a: Wartortle
|-resisted|p2a: Wartortle
|-damage|p2a: Wartortle|114\/274 slp
|
|turn|35
|choice|move 3|move 2
|
|move|p1a: Dewgong|Body Slam|p2a: Wartortle
|-damage|p2a: Wartortle|60\/274 slp
|-curestatus|p2a: Wartortle|slp
|
|turn|36
|choice|move 1|move 2
|
|move|p1a: Dewgong|Blizzard|p2a: Wartortle
|-crit|p2a: Wartortle
|-resisted|p2a: Wartortle
|-damage|p2a: Wartortle|0 fnt
|faint|p2a: Wartortle
|choice||switch 6
|
|switch|p2a: Machamp|Machamp, L90|345\/345
|turn|37
|choice|move 1|move 1
|
|move|p1a: Dewgong|Blizzard|p2a: Machamp
|-damage|p2a: Machamp|202\/345
|move|p2a: Machamp|Rock Slide|p1a: Dewgong
|-supereffective|p1a: Dewgong
|-damage|p1a: Dewgong|163\/327
|
|turn|38
|choice|move 1|move 1
|
|move|p1a: Dewgong|Blizzard|p2a: Machamp
|-damage|p2a: Machamp|54\/345
|move|p2a: Machamp|Rock Slide|p1a: Dewgong
|-supereffective|p1a: Dewgong
|-damage|p1a: Dewgong|1\/327
|
|turn|39
|choice|move 3|move 2
|
|move|p1a: Dewgong|Body Slam|p2a: Machamp
|-damage|p2a: Machamp|4\/345
|move|p2a: Machamp|Body Slam|p1a: Dewgong
|-damage|p1a: Dewgong|0 fnt
|faint|p1a: Dewgong
|c|★Dervodel1|gg
|c|★Dervodel1|:(
|choice|switch 5|
|
|switch|p1a: Magmar|Magmar, L90|300\/300
|turn|40
|choice|move 2|move 4
|
|move|p1a: Magmar|Body Slam|p2a: Machamp
|-damage|p2a: Machamp|0 fnt
|faint|p2a: Machamp
|
|win|Dervodel1
|raw|Dervodel1's rating: 1381 &rarr; <strong>1390<\/strong><br \/>(+9 for winning)
|raw|Davilive's rating: 1162 &rarr; <strong>1151<\/strong><br \/>(-11 for losing)
|l|Davilive
|player|p2