|j|B1ackJack94
|j|NameRequired
|player|p1|B1ackJack94|204
|player|p2|NameRequired|169
|gametype|singles
|gen|1
|tier|[Gen 1] Random Battle
|rated
|seed|59218,58969,36833,38925
|rule|Sleep Clause Mod: Limit one foe put to sleep
|rule|Freeze Clause Mod: Limit one foe frozen
|rule|HP Percentage Mod: HP is shown in percentages
|
|start
|switch|p1a: Zapdos|Zapdos, L79|304\/304
|switch|p2a: Ekans|Ekans, L96|262\/262
|turn|1
|choice|move 2|move 4
|
|move|p1a: Zapdos|Thunderbolt|p2a: Ekans
|-damage|p2a: Ekans|124\/262
|move|p2a: Ekans|Glare|p1a: Zapdos
|-status|p1a: Zapdos|par
|
|turn|2
|choice|move 3|move 3
|
|move|p2a: Ekans|Rock Slide|p1a: Zapdos
|-supereffective|p1a: Zapdos
|-damage|p1a: Zapdos|192\/304 par
|move|p1a: Zapdos|Agility|p1a: Zapdos
|-boost|p1a: Zapdos|spe|2
|
|turn|3
|choice|move 2|move 3
|
|move|p1a: Zapdos|Thunderbolt|p2a: Ekans
|-damage|p2a: Ekans|0 fnt
|faint|p2a: Ekans
|choice||switch 2
|
|switch|p2a: Caterpie|Caterpie, L99|290\/290
|turn|4
|c|★NameRequired|quake in fear!
|choice|move 1|move 2
|
|move|p1a: Zapdos|Drill Peck|p2a: Caterpie
|-supereffective|p2a: Caterpie
|-damage|p2a: Caterpie|99\/290
|move|p2a: Caterpie|String Shot|p1a: Zapdos
|-unboost|p1a: Zapdos|spe|1
|
|turn|5
|c|★B1ackJack94|gasp!!
|choice|move 1|move 2
|
|move|p2a: Caterpie|String Shot|p1a: Zapdos
|move|p1a: Zapdos|Drill Peck|p2a: Caterpie
|-supereffective|p2a: Caterpie
|-damage|p2a: Caterpie|0 fnt
|faint|p2a: Caterpie
|choice||switch 3
|
|switch|p2a: Zapdos|Zapdos, L79|304\/304
|turn|6
|choice|move 4|move 2
|
|move|p2a: Zapdos|Thunderbolt|p1a: Zapdos
|-damage|p1a: Zapdos|107\/304 par
|move|p1a: Zapdos|Thunder Wave|p2a: Zapdos
|-status|p2a: Zapdos|par
|
|turn|7
|choice|move 2|move 3
|
|move|p2a: Zapdos|Agility|p2a: Zapdos
|-boost|p2a: Zapdos|spe|2
|move|p1a: Zapdos|Thunderbolt|p2a: Zapdos
|-damage|p2a: Zapdos|208\/304 par
|
|turn|8
|choice|move 2|move 2
|
|cant|p2a: Zapdos|par
|cant|p1a: Zapdos|par
|
|turn|9
|c|★NameRequired|oh now parahax kicks in lol
|choice|move 2|move 2
|
|move|p2a: Zapdos|Thunderbolt|p1a: Zapdos
|-crit|p1a: Zapdos
|-damage|p1a: Zapdos|0 fnt
|faint|p1a: Zapdos
|c|★NameRequired|the one time someones paralyzed its both of us XD
|choice|switch 6|
|
|switch|p1a: Mew|Mew, L74|300\/300
|turn|10
|c|★NameRequired|oh man this could be anything
|c|★B1ackJack94|heheheh
|choice|move 3|move 1
|
|move|p2a: Zapdos|Thunder Wave|p1a: Mew
|-status|p1a: Mew|par
|move|p1a: Mew|Blizzard|p2a: Zapdos
|-supereffective|p2a: Zapdos
|-damage|p2a: Zapdos|90\/304 par
|
|turn|11
|choice|move 3|move 2
|
|move|p2a: Zapdos|Thunderbolt|p1a: Mew
|-damage|p1a: Mew|189\/300 par
|move|p1a: Mew|Blizzard|p2a: Zapdos
|-supereffective|p2a: Zapdos
|-damage|p2a: Zapdos|0 fnt
|faint|p2a: Zapdos
|choice||switch 6
|
|switch|p2a: Articuno|Articuno, L79|304\/304
|turn|12
|choice|move 4|move 3
|
|move|p2a: Articuno|Blizzard|p1a: Mew
|-damage|p1a: Mew|43\/300 par
|move|p1a: Mew|Thunder Wave|p2a: Articuno
|-status|p2a: Articuno|par
|
|turn|13
|choice|move 2|move 3
|
|move|p1a: Mew|Soft-Boiled|p1a: Mew
|-heal|p1a: Mew|193\/300 par
|cant|p2a: Articuno|par
|
|turn|14
|choice|move 1|move 3
|
|move|p1a: Mew|Horn Drill|p2a: Articuno
|-damage|p2a: Articuno|0 fnt
|-ohko
|faint|p2a: Articuno
|c|★B1ackJack94|yessss
|c|★NameRequired|rofl
|c|★NameRequired|i cant even get mad
|c|★NameRequired|thats great
|choice||switch 5
|
|switch|p2a: Gengar|Gengar, L79|257\/257
|turn|15
|choice|move 4|move 4
|
|move|p2a: Gengar|Explosion|p1a: Mew
|-damage|p1a: Mew|24\/300 par
|faint|p2a: Gengar
|choice||switch 4
|
|switch|p2a: Cloyster|Cloyster, L83|253\/253
|turn|16
|c|★NameRequired|huh... that was not psyhic
|c|★NameRequired|oh well
|c|★B1ackJack94|alright lets see that cloyster sweep!
|choice|move 1|move 2
|
|move|p2a: Cloyster|Surf|p1a: Mew
|-damage|p1a: Mew|0 fnt
|faint|p1a: Mew
|c|★NameRequired|i was about to say that its time to sweep lol
|choice|switch 2|
|
|switch|p1a: Ninetales|Ninetales, L85|298\/298
|turn|17
|c|★NameRequired|unless youve got a jolteon, electrode, and raichu
|c|★B1ackJack94|nope haha
|choice|move 4|move 2
|
|move|p1a: Ninetales|Confuse Ray|p2a: Cloyster
|-start|p2a: Cloyster|confusion
|-activate|p2a: Cloyster|confusion
|-damage|p2a: Cloyster|234\/253|[from] confusion
|
|turn|18
|choice|move 2|move 2
|
|move|p1a: Ninetales|Body Slam|p2a: Cloyster
|-damage|p2a: Cloyster|203\/253
|-activate|p2a: Cloyster|confusion
|-damage|p2a: Cloyster|184\/253|[from] confusion
|
|turn|19
|choice|move 2|move 2
|
|move|p1a: Ninetales|Body Slam|p2a: Cloyster
|-damage|p2a: Cloyster|149\/253
|-activate|p2a: Cloyster|confusion
|-damage|p2a: Cloyster|130\/253|[from] confusion
|
|turn|20
|c|★NameRequired|this is not much of a sweep lol
|choice|move 2|move 2
|
|move|p1a: Ninetales|Body Slam|p2a: Cloyster
|-damage|p2a: Cloyster|99\/253
|-activate|p2a: Cloyster|confusion
|-damage|p2a: Cloyster|80\/253|[from] confusion
|
|turn|21
|c|★B1ackJack94|wow horrible luck
|c|★NameRequired|lol
|choice|move 2|move 2
|
|move|p1a: Ninetales|Body Slam|p2a: Cloyster
|-damage|p2a: Cloyster|48\/253
|-status|p2a: Cloyster|par
|-end|p2a: Cloyster|confusion
|cant|p2a: Cloyster|par
|
|turn|22
|c|★NameRequired|im submitting this
|c|★NameRequired|this is hilarious
|choice|move 1|move 2
|
|move|p1a: Ninetales|Fire Blast|p2a: Cloyster
|-damage|p2a: Cloyster|0 fnt
|faint|p2a: Cloyster
|
|win|B1ackJack94
|player|p1
|player|p2
|raw|B1ackJack94's rating: 1351 &rarr; <strong>1358<\/strong><br \/>(+7 for winning)
|raw|NameRequired's rating: 1074 &rarr; <strong>1067<\/strong><br \/>(-7 for losing)
|c|★NameRequired|lol
|c|★B1ackJack94|hahahaha gg
|c|★NameRequired|gg
|l|NameRequired