|j|KL1993
|j|Shayminlover123
|player|p1|KL1993|170
|player|p2|Shayminlover123|25
|gametype|singles
|gen|1
|tier|[Gen 1] OU
|rated
|seed|57481,9457,852,28738
|rule|Sleep Clause Mod: Limit one foe put to sleep
|rule|Freeze Clause Mod: Limit one foe frozen
|rule|Species Clause: Limit one of each Pokémon
|rule|OHKO Clause: OHKO moves are banned
|rule|Evasion Moves Clause: Evasion moves are banned
|rule|HP Percentage Mod: HP is shown in percentages
|
|start
|switch|p1a: Dragonite|Dragonite|385\/385
|switch|p2a: Chansey|Chansey|703\/703
|turn|1
|choice|move 1|move 3
|
|move|p1a: Dragonite|Wrap|p2a: Chansey
|-damage|p2a: Chansey|662\/703
|-activate|p2a: Chansey|move: Wrap|[of] p1a: Dragonite
|cant|p2a: Chansey|partiallytrapped
|
|turn|2
|choice|move 1|move 3
|
|move|p1a: Dragonite|Wrap|p2a: Chansey
|-damage|p2a: Chansey|621\/703
|cant|p2a: Chansey|partiallytrapped
|
|turn|3
|choice|move 1|move 3
|
|move|p1a: Dragonite|Wrap|p2a: Chansey
|-damage|p2a: Chansey|580\/703
|cant|p2a: Chansey|partiallytrapped
|
|-end|p2a: Chansey|Wrap|[partiallytrapped]
|turn|4
|choice|move 1|move 3
|
|move|p1a: Dragonite|Wrap|p2a: Chansey
|-damage|p2a: Chansey|540\/703
|-activate|p2a: Chansey|move: Wrap|[of] p1a: Dragonite
|cant|p2a: Chansey|partiallytrapped
|
|turn|5
|choice|move 1|switch 3
|
|switch|p2a: Gengar|Gengar|323\/323
|move|p1a: Dragonite|Wrap|p2a: Gengar
|-damage|p2a: Gengar|323\/323
|-activate|p2a: Gengar|move: Wrap|[of] p1a: Dragonite
|
|turn|6
|choice|move 1|move 1
|
|cant|p2a: Gengar|partiallytrapped
|move|p1a: Dragonite|Wrap|p2a: Gengar
|-damage|p2a: Gengar|323\/323
|
|turn|7
|choice|move 1|move 1
|
|cant|p2a: Gengar|partiallytrapped
|move|p1a: Dragonite|Wrap|p2a: Gengar
|-damage|p2a: Gengar|323\/323
|
|-end|p2a: Gengar|Wrap|[partiallytrapped]
|turn|8
|choice|switch 2|move 1
|
|switch|p1a: Slowbro|Slowbro|393\/393
|move|p2a: Gengar|Hypnosis|p1a: Slowbro
|-status|p1a: Slowbro|slp
|
|turn|9
|choice|move 2|move 3
|
|move|p2a: Gengar|Thunderbolt|p1a: Slowbro
|-supereffective|p1a: Slowbro
|-damage|p1a: Slowbro|183\/393 slp
|cant|p1a: Slowbro|slp
|
|turn|10
|choice|move 2|move 3
|
|move|p2a: Gengar|Thunderbolt|p1a: Slowbro
|-supereffective|p1a: Slowbro
|-damage|p1a: Slowbro|0 fnt
|faint|p1a: Slowbro
|choice|switch 4|
|
|switch|p1a: Exeggutor|Exeggutor|393\/393
|turn|11
|choice|move 1|switch 3
|
|switch|p2a: Chansey|Chansey|540\/703
|move|p1a: Exeggutor|Psychic|p2a: Chansey
|-damage|p2a: Chansey|430\/703
|
|turn|12
|choice|move 2|move 3
|
|move|p1a: Exeggutor|Sleep Powder|p2a: Chansey
|-status|p2a: Chansey|slp
|cant|p2a: Chansey|slp
|
|turn|13
|choice|move 3|switch 6
|
|switch|p2a: Dragonite|Dragonite|385\/385
|move|p1a: Exeggutor|Leech Seed|p2a: Dragonite
|-start|p2a: Dragonite|move: Leech Seed
|
|turn|14
|choice|switch 2|switch 5
|
|switch|p2a: Tauros|Tauros|353\/353
|switch|p1a: Dragonite|Dragonite|385\/385
|
|turn|15
|choice|move 2|move 4
|
|move|p2a: Tauros|Blizzard|p1a: Dragonite
|-supereffective|p1a: Dragonite
|-damage|p1a: Dragonite|64\/385
|move|p1a: Dragonite|Thunder Wave|p2a: Tauros
|-status|p2a: Tauros|par
|
|turn|16
|choice|move 1|move 1
|
|move|p1a: Dragonite|Wrap|p2a: Tauros|[miss]
|-miss|p1a: Dragonite
|cant|p2a: Tauros|par
|
|turn|17
|choice|move 1|move 1
|
|move|p1a: Dragonite|Wrap|p2a: Tauros
|-damage|p2a: Tauros|338\/353 par
|-activate|p2a: Tauros|move: Wrap|[of] p1a: Dragonite
|cant|p2a: Tauros|partiallytrapped
|
|turn|18
|choice|move 1|switch 3
|
|switch|p2a: Gengar|Gengar|323\/323
|move|p1a: Dragonite|Wrap|p2a: Gengar
|-damage|p2a: Gengar|323\/323
|-activate|p2a: Gengar|move: Wrap|[of] p1a: Dragonite
|
|turn|19
|choice|move 1|move 3
|
|cant|p2a: Gengar|partiallytrapped
|move|p1a: Dragonite|Wrap|p2a: Gengar
|-damage|p2a: Gengar|323\/323
|
|turn|20
|choice|move 1|move 3
|
|cant|p2a: Gengar|partiallytrapped
|move|p1a: Dragonite|Wrap|p2a: Gengar
|-damage|p2a: Gengar|323\/323
|
|turn|21
|choice|move 1|move 3
|
|cant|p2a: Gengar|partiallytrapped
|move|p1a: Dragonite|Wrap|p2a: Gengar
|-damage|p2a: Gengar|323\/323
|
|turn|22
|choice|move 1|move 3
|
|cant|p2a: Gengar|partiallytrapped
|move|p1a: Dragonite|Wrap|p2a: Gengar
|-damage|p2a: Gengar|323\/323
|
|-end|p2a: Gengar|Wrap|[partiallytrapped]
|turn|23
|choice|move 2|move 3
|
|move|p2a: Gengar|Thunderbolt|p1a: Dragonite
|-damage|p1a: Dragonite|0 fnt
|faint|p1a: Dragonite
|choice|switch 2|
|
|switch|p1a: Exeggutor|Exeggutor|393\/393
|turn|24
|choice|move 1|switch 6
|
|switch|p2a: Chansey|Chansey|430\/703 slp
|move|p1a: Exeggutor|Psychic|p2a: Chansey
|-damage|p2a: Chansey|318\/703 slp
|
|turn|25
|choice|move 1|move 2
|
|move|p1a: Exeggutor|Psychic|p2a: Chansey
|-damage|p2a: Chansey|201\/703 slp
|cant|p2a: Chansey|slp
|
|turn|26
|choice|move 1|move 2
|
|move|p1a: Exeggutor|Psychic|p2a: Chansey
|-damage|p2a: Chansey|89\/703 slp
|-curestatus|p2a: Chansey|slp
|
|turn|27
|choice|move 1|move 2
|
|move|p1a: Exeggutor|Psychic|p2a: Chansey
|-damage|p2a: Chansey|0 fnt
|faint|p2a: Chansey
|choice||switch 5
|
|switch|p2a: Dragonite|Dragonite|385\/385
|turn|28
|choice|switch 6|move 1
|
|switch|p1a: Tauros|Tauros|353\/353
|move|p2a: Dragonite|Agility|p2a: Dragonite
|-boost|p2a: Dragonite|spe|2
|
|turn|29
|choice|move 2|move 2
|
|move|p2a: Dragonite|Wrap|p1a: Tauros
|-damage|p1a: Tauros|338\/353
|-activate|p1a: Tauros|move: Wrap|[of] p2a: Dragonite
|cant|p1a: Tauros|partiallytrapped
|
|turn|30
|choice|move 2|move 2
|
|move|p2a: Dragonite|Wrap|p1a: Tauros
|-damage|p1a: Tauros|323\/353
|cant|p1a: Tauros|partiallytrapped
|
|turn|31
|choice|move 2|move 2
|
|move|p2a: Dragonite|Wrap|p1a: Tauros
|-damage|p1a: Tauros|308\/353
|cant|p1a: Tauros|partiallytrapped
|
|turn|32
|choice|move 2|move 2
|
|move|p2a: Dragonite|Wrap|p1a: Tauros
|-damage|p1a: Tauros|293\/353
|cant|p1a: Tauros|partiallytrapped
|
|turn|33
|choice|move 2|move 2
|
|move|p2a: Dragonite|Wrap|p1a: Tauros
|-damage|p1a: Tauros|278\/353
|cant|p1a: Tauros|partiallytrapped
|
|-end|p1a: Tauros|Wrap|[partiallytrapped]
|turn|34
|choice|switch 5|move 2
|
|switch|p1a: Gengar|Gengar|323\/323
|move|p2a: Dragonite|Wrap|p1a: Gengar
|-damage|p1a: Gengar|323\/323
|-activate|p1a: Gengar|move: Wrap|[of] p2a: Dragonite
|
|turn|35
|choice|move 1|move 2
|
|move|p2a: Dragonite|Wrap|p1a: Gengar
|-damage|p1a: Gengar|323\/323
|cant|p1a: Gengar|partiallytrapped
|
|-end|p1a: Gengar|Wrap|[partiallytrapped]
|turn|36
|choice|move 1|switch 4
|
|switch|p2a: Exeggutor|Exeggutor|393\/393
|move|p1a: Gengar|Hypnosis|p2a: Exeggutor
|-status|p2a: Exeggutor|slp
|
|turn|37
|choice|move 3|move 2
|
|move|p1a: Gengar|Confuse Ray|p2a: Exeggutor
|-start|p2a: Exeggutor|confusion
|cant|p2a: Exeggutor|slp
|
|turn|38
|choice|move 2|switch 6
|
|switch|p2a: Gengar|Gengar|323\/323
|move|p1a: Gengar|Thunder|p2a: Gengar
|-damage|p2a: Gengar|223\/323
|
|turn|39
|choice|move 1|move 1
|
|move|p1a: Gengar|Hypnosis|p2a: Gengar|[miss]
|-miss|p1a: Gengar
|move|p2a: Gengar|Hypnosis|p1a: Gengar
|-status|p1a: Gengar|slp
|
|turn|40
|choice|move 2|switch 6
|
|switch|p2a: Exeggutor|Exeggutor|393\/393 slp
|cant|p1a: Gengar|slp
|
|turn|41
|choice|move 2|move 2
|
|cant|p1a: Gengar|slp
|cant|p2a: Exeggutor|slp
|
|turn|42
|choice|move 2|move 2
|
|cant|p1a: Gengar|slp
|cant|p2a: Exeggutor|slp
|
|turn|43
|choice|move 2|move 2
|
|cant|p1a: Gengar|slp
|cant|p2a: Exeggutor|slp
|
|turn|44
|choice|move 1|move 2
|
|-curestatus|p1a: Gengar|slp
|-curestatus|p2a: Exeggutor|slp
|
|turn|45
|choice|move 1|move 2
|
|move|p1a: Gengar|Hypnosis|p2a: Exeggutor
|-status|p2a: Exeggutor|slp
|cant|p2a: Exeggutor|slp
|
|turn|46
|choice|move 2|move 2
|
|move|p1a: Gengar|Thunder|p2a: Exeggutor|[miss]
|-miss|p1a: Gengar
|-curestatus|p2a: Exeggutor|slp
|
|turn|47
|choice|move 1|move 1
|
|move|p1a: Gengar|Hypnosis|p2a: Exeggutor
|-status|p2a: Exeggutor|slp
|cant|p2a: Exeggutor|slp
|
|turn|48
|choice|move 2|move 2
|
|move|p1a: Gengar|Thunder|p2a: Exeggutor
|-crit|p2a: Exeggutor
|-resisted|p2a: Exeggutor
|-damage|p2a: Exeggutor|304\/393 slp
|-curestatus|p2a: Exeggutor|slp
|
|turn|49
|choice|move 1|move 1
|
|move|p1a: Gengar|Hypnosis|p2a: Exeggutor
|-status|p2a: Exeggutor|slp
|cant|p2a: Exeggutor|slp
|
|turn|50
|choice|move 2|move 2
|
|move|p1a: Gengar|Thunder|p2a: Exeggutor
|-resisted|p2a: Exeggutor
|-damage|p2a: Exeggutor|253\/393 slp
|cant|p2a: Exeggutor|slp
|
|turn|51
|choice|move 3|move 2
|
|move|p1a: Gengar|Confuse Ray|p2a: Exeggutor
|-start|p2a: Exeggutor|confusion
|cant|p2a: Exeggutor|slp
|
|turn|52
|choice|move 2|switch 6
|
|switch|p2a: Gengar|Gengar|223\/323
|move|p1a: Gengar|Thunder|p2a: Gengar
|-damage|p2a: Gengar|136\/323
|
|turn|53
|choice|move 1|move 3
|
|move|p2a: Gengar|Thunderbolt|p1a: Gengar
|-damage|p1a: Gengar|251\/323
|move|p1a: Gengar|Hypnosis|p2a: Gengar
|-message|Sleep Clause Mod activated.
|
|turn|54
|choice|move 2|move 3
|
|move|p2a: Gengar|Thunderbolt|p1a: Gengar
|-damage|p1a: Gengar|170\/323
|move|p1a: Gengar|Thunder|p2a: Gengar
|-damage|p2a: Gengar|50\/323
|
|turn|55
|choice|move 3|move 3
|
|move|p1a: Gengar|Confuse Ray|p2a: Gengar
|-start|p2a: Gengar|confusion
|-activate|p2a: Gengar|confusion
|move|p2a: Gengar|Thunderbolt|p1a: Gengar
|-damage|p1a: Gengar|100\/323
|
|turn|56
|choice|move 2|switch 6
|
|switch|p2a: Exeggutor|Exeggutor|253\/393 slp
|move|p1a: Gengar|Thunder|p2a: Exeggutor
|-resisted|p2a: Exeggutor
|-damage|p2a: Exeggutor|204\/393 slp
|
|turn|57
|choice|move 2|move 2
|
|move|p1a: Gengar|Thunder|p2a: Exeggutor|[miss]
|-miss|p1a: Gengar
|cant|p2a: Exeggutor|slp
|
|turn|58
|choice|move 2|move 2
|
|move|p1a: Gengar|Thunder|p2a: Exeggutor
|-crit|p2a: Exeggutor
|-resisted|p2a: Exeggutor
|-damage|p2a: Exeggutor|111\/393 slp
|cant|p2a: Exeggutor|slp
|
|turn|59
|choice|move 3|move 2
|
|move|p1a: Gengar|Confuse Ray|p2a: Exeggutor
|-start|p2a: Exeggutor|confusion
|-curestatus|p2a: Exeggutor|slp
|
|turn|60
|choice|move 1|move 2
|
|move|p1a: Gengar|Hypnosis|p2a: Exeggutor|[miss]
|-miss|p1a: Gengar
|-activate|p2a: Exeggutor|confusion
|move|p2a: Exeggutor|Psychic|p1a: Gengar
|-supereffective|p1a: Gengar
|-damage|p1a: Gengar|0 fnt
|faint|p1a: Gengar
|choice|switch 5|
|
|switch|p1a: Tauros|Tauros|278\/353
|turn|61
|choice|move 1|switch 6
|
|switch|p2a: Gengar|Gengar|50\/323
|move|p1a: Tauros|Body Slam|p2a: Gengar
|-immune|p2a: Gengar|[msg]
|
|turn|62
|choice|move 3|move 2
|
|move|p1a: Tauros|Earthquake|p2a: Gengar
|-supereffective|p2a: Gengar
|-damage|p2a: Gengar|0 fnt
|faint|p2a: Gengar
|choice||switch 2
|
|switch|p2a: Slowbro|Slowbro|393\/393
|turn|63
|choice|move 1|move 3
|
|move|p1a: Tauros|Body Slam|p2a: Slowbro
|-damage|p2a: Slowbro|300\/393
|-status|p2a: Slowbro|par
|cant|p2a: Slowbro|par
|
|turn|64
|choice|move 1|move 3
|
|move|p1a: Tauros|Body Slam|p2a: Slowbro
|-crit|p2a: Slowbro
|-damage|p2a: Slowbro|106\/393 par
|cant|p2a: Slowbro|par
|
|turn|65
|choice|move 4|switch 3
|
|switch|p2a: Tauros|Tauros|338\/353 par
|move|p1a: Tauros|Hyper Beam|p2a: Tauros
|-damage|p2a: Tauros|169\/353 par
|
|turn|66
|-mustrecharge|p1a: Tauros
|-mustrecharge|p1a: Tauros
|choice|move 1|move 2
|
|cant|p1a: Tauros|recharge
|move|p2a: Tauros|Hyper Beam|p1a: Tauros
|-damage|p1a: Tauros|92\/353
|
|turn|67
|-mustrecharge|p2a: Tauros
|-mustrecharge|p2a: Tauros
|choice|move 1|move 1
|
|move|p1a: Tauros|Body Slam|p2a: Tauros
|-damage|p2a: Tauros|58\/353 par
|cant|p2a: Tauros|recharge
|
|turn|68
|choice|move 1|move 2
|
|move|p1a: Tauros|Body Slam|p2a: Tauros
|-damage|p2a: Tauros|0 fnt
|faint|p2a: Tauros
|choice||switch 4
|
|switch|p2a: Dragonite|Dragonite|385\/385
|turn|69
|choice|move 1|move 3
|
|move|p1a: Tauros|Body Slam|p2a: Dragonite
|-damage|p2a: Dragonite|274\/385
|-status|p2a: Dragonite|par
|move|p2a: Dragonite|Hyper Beam|p1a: Tauros
|-damage|p1a: Tauros|0 fnt
|faint|p1a: Tauros
|choice|switch 6|
|
|switch|p1a: Exeggutor|Exeggutor|393\/393
|turn|70
|choice|move 1|switch 3
|
|switch|p2a: Slowbro|Slowbro|106\/393 par
|move|p1a: Exeggutor|Psychic|p2a: Slowbro
|-resisted|p2a: Slowbro
|-damage|p2a: Slowbro|37\/393 par
|-unboost|p2a: Slowbro|spd|1
|-unboost|p2a: Slowbro|spa|1
|
|turn|71
|choice|move 1|move 3
|
|move|p1a: Exeggutor|Psychic|p2a: Slowbro
|-resisted|p2a: Slowbro
|-damage|p2a: Slowbro|0 fnt
|faint|p2a: Slowbro
|choice||switch 6
|
|switch|p2a: Exeggutor|Exeggutor|111\/393
|turn|72
|choice|move 1|move 3
|
|move|p2a: Exeggutor|Explosion|p1a: Exeggutor
|-damage|p1a: Exeggutor|106\/393
|faint|p2a: Exeggutor
|choice||switch 3
|
|switch|p2a: Dragonite|Dragonite|274\/385 par
|turn|73
|choice|move 4|move 1
|
|move|p1a: Exeggutor|Explosion|p2a: Dragonite
|-damage|p2a: Dragonite|22\/385 par
|faint|p1a: Exeggutor
|choice|switch 3|
|
|switch|p1a: Snorlax|Snorlax|523\/523
|turn|74
|choice|move 1|move 2
|
|move|p1a: Snorlax|Body Slam|p2a: Dragonite
|-damage|p2a: Dragonite|0 fnt
|faint|p2a: Dragonite
|
|win|KL1993
|player|p1
|player|p2
|raw|KL1993's rating: 1048 &rarr; <strong>1083<\/strong><br \/>(+35 for winning)
|raw|Shayminlover123's rating: 1072 &rarr; <strong>1050<\/strong><br \/>(-22 for losing)