|j|StellarMelon
|j|PiscesAlbafica
|player|p1|StellarMelon|121
|player|p2|PiscesAlbafica|92
|gametype|singles
|gen|1
|tier|[Gen 1] Random Battle
|rated
|seed|52784,48632,43337,59297
|rule|Sleep Clause Mod: Limit one foe put to sleep
|rule|Freeze Clause Mod: Limit one foe frozen
|rule|HP Percentage Mod: HP is shown in percentages
|
|start
|switch|p1a: Dodrio|Dodrio, L85|276\/276
|switch|p2a: Raticate|Raticate, L85|267\/267
|turn|1
|c|★StellarMelon|hello again
|c|★PiscesAlbafica|y halo thar again
|c|★PiscesAlbafica|XD
|c|★PiscesAlbafica|https:\/\/www.youtube.com\/watch?v=oDdR4c9vcEw
|choice|move 3|switch 2
|
|switch|p2a: Nidorina|Nidorina, L90|309\/309
|move|p1a: Dodrio|Body Slam|p2a: Nidorina
|-damage|p2a: Nidorina|201\/309
|
|turn|2
|choice|switch 6|move 4
|
|switch|p1a: Hypno|Hypno, L85|318\/318
|move|p2a: Nidorina|Thunder|p1a: Hypno
|-damage|p1a: Hypno|257\/318
|
|turn|3
|choice|move 1|move 2
|
|move|p1a: Hypno|Psychic|p2a: Nidorina
|-supereffective|p2a: Nidorina
|-damage|p2a: Nidorina|0 fnt
|faint|p2a: Nidorina
|choice||switch 6
|
|switch|p2a: Clefable|Clefable, L85|335\/335
|turn|4
|choice|move 3|move 1
|
|move|p1a: Hypno|Hypnosis|p2a: Clefable|[miss]
|-miss|p1a: Hypno
|move|p2a: Clefable|Sing|p1a: Hypno
|-status|p1a: Hypno|slp
|
|turn|5
|c|★PiscesAlbafica|WHOAMG am I your first battle for this time around of yours in the 1400 club tonight?
|c|★StellarMelon|no, i've been jumping at the cusp for a bit
|c|★PiscesAlbafica|i hear ya
|c|★PiscesAlbafica|!!!
|choice|switch 2|move 4
|
|switch|p1a: Poliwrath|Poliwrath, L85|327\/327
|move|p2a: Clefable|Ice Beam|p1a: Poliwrath
|-crit|p1a: Poliwrath
|-resisted|p1a: Poliwrath
|-damage|p1a: Poliwrath|252\/327
|
|turn|6
|c|★StellarMelon|highest i've been is 1460, someday i'll make that 15
|c|★PiscesAlbafica|yes
|c|★PiscesAlbafica|yes you will
|choice|move 4|move 3
|
|move|p1a: Poliwrath|Hypnosis|p2a: Clefable
|-status|p2a: Clefable|slp
|cant|p2a: Clefable|slp
|
|turn|7
|choice|move 1|switch 2
|
|switch|p2a: Raticate|Raticate, L85|267\/267
|move|p1a: Poliwrath|Amnesia|p1a: Poliwrath
|-boost|p1a: Poliwrath|spd|2
|-boost|p1a: Poliwrath|spa|2
|
|turn|8
|choice|move 2|move 1
|
|move|p2a: Raticate|Super Fang|p1a: Poliwrath|[miss]
|-miss|p2a: Raticate
|move|p1a: Poliwrath|Surf|p2a: Raticate
|-damage|p2a: Raticate|33\/267
|
|turn|9
|choice|move 2|move 2
|
|move|p2a: Raticate|Hyper Beam|p1a: Poliwrath
|-damage|p1a: Poliwrath|108\/327
|move|p1a: Poliwrath|Surf|p2a: Raticate
|-damage|p2a: Raticate|0 fnt
|faint|p2a: Raticate
|choice||switch 5
|
|switch|p2a: Gyarados|Gyarados, L85|335\/335
|turn|10
|choice|move 3|move 3
|
|move|p2a: Gyarados|Hyper Beam|p1a: Poliwrath|[miss]
|-miss|p2a: Gyarados
|move|p1a: Poliwrath|Blizzard|p2a: Gyarados
|-damage|p2a: Gyarados|213\/335
|
|turn|11
|choice|move 3|move 3
|
|move|p2a: Gyarados|Hyper Beam|p1a: Poliwrath
|-crit|p1a: Poliwrath
|-damage|p1a: Poliwrath|0 fnt
|faint|p1a: Poliwrath
|choice|switch 6|
|
|switch|p1a: Dodrio|Dodrio, L85|276\/276
|turn|12
|choice|move 3|move 4
|
|move|p1a: Dodrio|Body Slam|p2a: Gyarados
|-damage|p2a: Gyarados|103\/335
|move|p2a: Gyarados|Blizzard|p1a: Dodrio
|-supereffective|p1a: Dodrio
|-damage|p1a: Dodrio|54\/276
|
|turn|13
|choice|move 3|switch 2
|
|switch|p2a: Clefable|Clefable, L85|335\/335 slp
|move|p1a: Dodrio|Body Slam|p2a: Clefable
|-damage|p2a: Clefable|219\/335 slp
|
|turn|14
|choice|move 3|move 3
|
|move|p1a: Dodrio|Body Slam|p2a: Clefable
|-damage|p2a: Clefable|112\/335 slp
|cant|p2a: Clefable|slp
|
|turn|15
|choice|move 3|move 3
|
|move|p1a: Dodrio|Body Slam|p2a: Clefable
|-crit|p2a: Clefable
|-damage|p2a: Clefable|0 fnt
|faint|p2a: Clefable
|choice||switch 3
|
|switch|p2a: Arcanine|Arcanine, L85|327\/327
|turn|16
|choice|move 1|move 1
|
|move|p1a: Dodrio|Hyper Beam|p2a: Arcanine|[miss]
|-miss|p1a: Dodrio
|move|p2a: Arcanine|Hyper Beam|p1a: Dodrio
|-damage|p1a: Dodrio|0 fnt
|faint|p1a: Dodrio
|c|★PiscesAlbafica|<___>
|choice|switch 4|
|
|switch|p1a: Lickitung|Lickitung, L90|345\/345
|turn|17
|choice|move 4|switch 2
|
|switch|p2a: Gyarados|Gyarados, L85|103\/335
|move|p1a: Lickitung|Swords Dance|p1a: Lickitung
|-boost|p1a: Lickitung|atk|2
|
|turn|18
|choice|move 1|move 1
|
|move|p2a: Gyarados|Body Slam|p1a: Lickitung
|-damage|p1a: Lickitung|263\/345
|move|p1a: Lickitung|Hyper Beam|p2a: Gyarados
|-damage|p2a: Gyarados|0 fnt
|faint|p2a: Gyarados
|choice||switch 4
|
|switch|p2a: Lapras|Lapras, L79|367\/367
|turn|19
|choice|move 1|move 2
|
|move|p2a: Lapras|Confuse Ray|p1a: Lickitung
|-start|p1a: Lickitung|confusion
|-activate|p1a: Lickitung|confusion
|move|p1a: Lickitung|Hyper Beam|p2a: Lapras
|-crit|p2a: Lapras
|-damage|p2a: Lapras|82\/367
|
|turn|20
|-mustrecharge|p1a: Lickitung
|-mustrecharge|p1a: Lickitung
|choice|move 1|move 3
|
|move|p2a: Lapras|Body Slam|p1a: Lickitung
|-damage|p1a: Lickitung|214\/345
|cant|p1a: Lickitung|recharge
|
|turn|21
|choice|move 1|move 1
|
|move|p2a: Lapras|Rest|p2a: Lapras
|-status|p2a: Lapras|slp
|-heal|p2a: Lapras|367\/367 slp|[silent]
|-status|p2a: Lapras|slp|[from] move: Rest
|-activate|p1a: Lickitung|confusion
|-damage|p1a: Lickitung|162\/345|[from] confusion
|
|turn|22
|choice|move 3|move 3
|
|cant|p2a: Lapras|slp
|-end|p1a: Lickitung|confusion
|move|p1a: Lickitung|Body Slam|p2a: Lapras
|-damage|p2a: Lapras|206\/367 slp
|
|turn|23
|choice|move 4|move 3
|
|-curestatus|p2a: Lapras|slp
|move|p1a: Lickitung|Swords Dance|p1a: Lickitung
|-boost|p1a: Lickitung|atk|2
|
|turn|24
|choice|move 1|move 2
|
|move|p2a: Lapras|Confuse Ray|p1a: Lickitung
|-start|p1a: Lickitung|confusion
|-activate|p1a: Lickitung|confusion
|move|p1a: Lickitung|Hyper Beam|p2a: Lapras
|-damage|p2a: Lapras|0 fnt
|faint|p2a: Lapras
|choice||switch 2
|
|switch|p2a: Arcanine|Arcanine, L85|327\/327
|turn|25
|choice|move 2|move 4
|
|move|p2a: Arcanine|Body Slam|p1a: Lickitung
|-crit|p1a: Lickitung
|-damage|p1a: Lickitung|23\/345
|-activate|p1a: Lickitung|confusion
|-damage|p1a: Lickitung|0 fnt|[from] confusion
|faint|p1a: Lickitung
|choice|switch 2|
|
|switch|p1a: Hypno|Hypno, L85|257\/318 slp
|turn|26
|choice|move 3|move 2
|
|move|p2a: Arcanine|Mimic|p1a: Hypno
|-start|p2a: Arcanine|Mimic|Hypnosis
|cant|p1a: Hypno|slp
|
|turn|27
|choice|move 3|move 3
|
|move|p2a: Arcanine|Reflect|p2a: Arcanine
|-start|p2a: Arcanine|Reflect
|cant|p1a: Hypno|slp
|
|turn|28
|choice|move 3|move 4
|
|move|p2a: Arcanine|Body Slam|p1a: Hypno
|-damage|p1a: Hypno|181\/318 slp
|cant|p1a: Hypno|slp
|
|turn|29
|choice|move 4|move 4
|
|move|p2a: Arcanine|Body Slam|p1a: Hypno
|-damage|p1a: Hypno|110\/318 slp
|cant|p1a: Hypno|slp
|
|turn|30
|choice|move 4|move 4
|
|move|p2a: Arcanine|Body Slam|p1a: Hypno
|-damage|p1a: Hypno|36\/318 slp
|-curestatus|p1a: Hypno|slp
|
|turn|31
|choice|move 3|move 4
|
|move|p2a: Arcanine|Body Slam|p1a: Hypno
|-crit|p1a: Hypno
|-damage|p1a: Hypno|0 fnt
|faint|p1a: Hypno
|choice|switch 3|
|
|switch|p1a: Venusaur|Venusaur, L85|310\/310
|turn|32
|choice|move 2|move 2
|
|move|p2a: Arcanine|Hypnosis|p1a: Venusaur|[miss]
|-miss|p2a: Arcanine
|move|p1a: Venusaur|Sleep Powder|p2a: Arcanine
|-status|p2a: Arcanine|slp
|
|turn|33
|choice|move 4|move 2
|
|cant|p2a: Arcanine|slp
|move|p1a: Venusaur|Swords Dance|p1a: Venusaur
|-boost|p1a: Venusaur|atk|2
|
|turn|34
|choice|move 4|move 2
|
|-curestatus|p2a: Arcanine|slp
|move|p1a: Venusaur|Swords Dance|p1a: Venusaur
|-boost|p1a: Venusaur|atk|2
|
|turn|35
|choice|move 2|move 2
|
|move|p2a: Arcanine|Hypnosis|p1a: Venusaur|[miss]
|-miss|p2a: Arcanine
|move|p1a: Venusaur|Sleep Powder|p2a: Arcanine
|-status|p2a: Arcanine|slp
|
|turn|36
|c|★PiscesAlbafica|XD!!!!!
|choice|move 1|move 2
|
|cant|p2a: Arcanine|slp
|move|p1a: Venusaur|Body Slam|p2a: Arcanine
|-damage|p2a: Arcanine|245\/327 slp
|
|turn|37
|choice|move 1|move 2
|
|cant|p2a: Arcanine|slp
|move|p1a: Venusaur|Body Slam|p2a: Arcanine
|-damage|p2a: Arcanine|153\/327 slp
|
|turn|38
|choice|move 1|move 2
|
|cant|p2a: Arcanine|slp
|move|p1a: Venusaur|Body Slam|p2a: Arcanine
|-damage|p2a: Arcanine|67\/327 slp
|
|turn|39
|c|★PiscesAlbafica|c´mon, crit! ^__~
|choice|move 1|move 4
|
|cant|p2a: Arcanine|slp
|move|p1a: Venusaur|Body Slam|p2a: Arcanine
|-damage|p2a: Arcanine|0 fnt
|faint|p2a: Arcanine
|
|win|StellarMelon
|player|p1
|player|p2