|j|pokeramos
|j|Wubbit
|player|p1|pokeramos|265
|player|p2|Wubbit|101
|gametype|singles
|gen|1
|tier|[Gen 1] Random Battle
|rated
|seed|62799,18063,44783,38939
|rule|Sleep Clause Mod: Limit one foe put to sleep
|rule|Freeze Clause Mod: Limit one foe frozen
|rule|HP Percentage Mod: HP is shown in percentages
|
|start
|switch|p1a: Zapdos|Zapdos, L79|304\/304
|switch|p2a: Kadabra|Kadabra, L85|242\/242
|turn|1
|choice|move Thunder Wave|switch 6
|
|switch|p2a: Rhydon|Rhydon, L79|328\/328
|move|p1a: Zapdos|Thunder Wave|p2a: Rhydon
|-immune|p2a: Rhydon|[msg]
|
|turn|2
|choice|switch 6|move 3
|
|switch|p1a: Starmie|Starmie, L79|257\/257
|move|p2a: Rhydon|Substitute|p2a: Rhydon
|-start|p2a: Rhydon|Substitute
|-damage|p2a: Rhydon|246\/328
|
|turn|3
|choice|move Surf|move 4
|
|move|p1a: Starmie|Surf|p2a: Rhydon
|-crit|p2a: Rhydon
|-supereffective|p2a: Rhydon
|-end|p2a: Rhydon|Substitute
|move|p2a: Rhydon|Earthquake|p1a: Starmie
|-damage|p1a: Starmie|140\/257
|
|turn|4
|choice|move Blizzard|switch 5
|
|switch|p2a: Snorlax|Snorlax, L79|415\/415
|move|p1a: Starmie|Blizzard|p2a: Snorlax
|-crit|p2a: Snorlax
|-damage|p2a: Snorlax|216\/415
|
|turn|5
|choice|move Surf|move 2
|
|move|p1a: Starmie|Surf|p2a: Snorlax
|-damage|p2a: Snorlax|109\/415
|move|p2a: Snorlax|Body Slam|p1a: Starmie
|-damage|p1a: Starmie|39\/257
|
|turn|6
|choice|switch 2|move 2
|
|switch|p1a: Omastar|Omastar, L90|309\/309
|move|p2a: Snorlax|Body Slam|p1a: Omastar
|-resisted|p1a: Omastar
|-damage|p1a: Omastar|279\/309
|
|turn|7
|choice|move Surf|move 2
|
|move|p1a: Omastar|Surf|p2a: Snorlax
|-damage|p2a: Snorlax|0 fnt
|faint|p2a: Snorlax
|choice||switch 3
|
|switch|p2a: Nidorina|Nidorina, L90|309\/309
|turn|8
|choice|move Surf|move 4
|
|move|p2a: Nidorina|Thunderbolt|p1a: Omastar
|-supereffective|p1a: Omastar
|-damage|p1a: Omastar|196\/309
|move|p1a: Omastar|Surf|p2a: Nidorina
|-damage|p2a: Nidorina|140\/309
|
|turn|9
|choice|move Surf|move 4
|
|move|p2a: Nidorina|Thunderbolt|p1a: Omastar
|-supereffective|p1a: Omastar
|-damage|p1a: Omastar|110\/309
|move|p1a: Omastar|Surf|p2a: Nidorina
|-damage|p2a: Nidorina|0 fnt
|faint|p2a: Nidorina
|choice||switch 4
|
|switch|p2a: Alakazam|Alakazam, L79|249\/249
|turn|10
|choice|move Surf|move 1
|
|move|p2a: Alakazam|Psychic|p1a: Omastar
|-damage|p1a: Omastar|32\/309
|-unboost|p1a: Omastar|spd|1
|-unboost|p1a: Omastar|spa|1
|move|p1a: Omastar|Surf|p2a: Alakazam
|-crit|p2a: Alakazam
|-damage|p2a: Alakazam|39\/249
|
|turn|11
|choice|move Rest|move 1
|
|move|p2a: Alakazam|Psychic|p1a: Omastar
|-damage|p1a: Omastar|0 fnt
|faint|p1a: Omastar
|choice|switch 4|
|
|switch|p1a: Snorlax|Snorlax, L79|415\/415
|turn|12
|choice|move Body Slam|switch 5
|
|switch|p2a: Rhydon|Rhydon, L79|246\/328
|move|p1a: Snorlax|Body Slam|p2a: Rhydon
|-resisted|p2a: Rhydon
|-damage|p2a: Rhydon|211\/328
|
|turn|13
|choice|switch 5|move 4
|
|switch|p1a: Parasect|Parasect, L90|291\/291
|move|p2a: Rhydon|Earthquake|p1a: Parasect
|-resisted|p1a: Parasect
|-damage|p1a: Parasect|265\/291
|
|turn|14
|choice|move Slash|switch 2
|
|switch|p2a: Charmeleon|Charmeleon, L85|272\/272
|move|p1a: Parasect|Slash|p2a: Charmeleon
|-damage|p2a: Charmeleon|196\/272
|
|turn|15
|choice|switch 6|move 2
|
|switch|p1a: Zapdos|Zapdos, L79|304\/304
|move|p2a: Charmeleon|Slash|p1a: Zapdos
|-crit|p1a: Zapdos
|-damage|p1a: Zapdos|224\/304
|
|turn|16
|choice|switch 6|move 4
|
|switch|p1a: Parasect|Parasect, L90|265\/291
|move|p2a: Charmeleon|Body Slam|p1a: Parasect
|-damage|p1a: Parasect|217\/291
|-status|p1a: Parasect|par
|
|turn|17
|choice|move Slash|move 3
|
|move|p2a: Charmeleon|Substitute|p2a: Charmeleon
|-start|p2a: Charmeleon|Substitute
|-damage|p2a: Charmeleon|128\/272
|move|p1a: Parasect|Slash|p2a: Charmeleon
|-crit|p2a: Charmeleon
|-end|p2a: Charmeleon|Substitute
|
|turn|18
|choice|switch 6|move 2
|
|switch|p1a: Zapdos|Zapdos, L79|224\/304
|move|p2a: Charmeleon|Slash|p1a: Zapdos
|-crit|p1a: Zapdos
|-damage|p1a: Zapdos|144\/304
|
|turn|19
|choice|move Thunderbolt|move 2
|
|move|p1a: Zapdos|Thunderbolt|p2a: Charmeleon
|-damage|p2a: Charmeleon|2\/272
|move|p2a: Charmeleon|Slash|p1a: Zapdos
|-crit|p1a: Zapdos
|-damage|p1a: Zapdos|62\/304
|
|turn|20
|choice|move Drill Peck|switch 2
|
|switch|p2a: Rhydon|Rhydon, L79|211\/328
|move|p1a: Zapdos|Drill Peck|p2a: Rhydon
|-resisted|p2a: Rhydon
|-damage|p2a: Rhydon|180\/328
|
|turn|21
|choice|switch 3|move 1
|
|switch|p1a: Nidorino|Nidorino, L90|293\/293
|move|p2a: Rhydon|Rock Slide|p1a: Nidorino
|-damage|p1a: Nidorino|190\/293
|
|turn|22
|choice|move Substitute|switch 2
|
|switch|p2a: Charmeleon|Charmeleon, L85|2\/272
|move|p1a: Nidorino|Substitute|p1a: Nidorino
|-start|p1a: Nidorino|Substitute
|-damage|p1a: Nidorino|117\/293
|
|turn|23
|choice|move Body Slam|move 2
|
|move|p2a: Charmeleon|Slash|p1a: Nidorino
|-crit|p1a: Nidorino
|-end|p1a: Nidorino|Substitute
|move|p1a: Nidorino|Body Slam|p2a: Charmeleon
|-damage|p2a: Charmeleon|0 fnt
|faint|p2a: Charmeleon
|choice||switch 5
|
|switch|p2a: Alakazam|Alakazam, L79|39\/249
|turn|24
|choice|move Body Slam|move 1
|
|move|p2a: Alakazam|Psychic|p1a: Nidorino
|-crit|p1a: Nidorino
|-supereffective|p1a: Nidorino
|-damage|p1a: Nidorino|0 fnt
|faint|p1a: Nidorino
|choice|switch 5|
|
|switch|p1a: Snorlax|Snorlax, L79|415\/415
|turn|25
|choice|move Body Slam|move 4
|
|move|p2a: Alakazam|Thunder Wave|p1a: Snorlax
|-status|p1a: Snorlax|par
|cant|p1a: Snorlax|par
|
|turn|26
|choice|move Body Slam|switch 2
|
|switch|p2a: Rhydon|Rhydon, L79|180\/328
|cant|p1a: Snorlax|par
|
|turn|27
|choice|switch 3|move 3
|
|switch|p1a: Zapdos|Zapdos, L79|62\/304
|move|p2a: Rhydon|Substitute|p2a: Rhydon
|-start|p2a: Rhydon|Substitute
|-damage|p2a: Rhydon|98\/328
|
|turn|28
|choice|move Drill Peck|move 1
|
|move|p1a: Zapdos|Drill Peck|p2a: Rhydon
|-resisted|p2a: Rhydon
|-activate|p2a: Rhydon|Substitute|[damage]
|move|p2a: Rhydon|Rock Slide|p1a: Zapdos
|-supereffective|p1a: Zapdos
|-damage|p1a: Zapdos|0 fnt
|faint|p1a: Zapdos
|choice|switch 2|
|
|switch|p1a: Starmie|Starmie, L79|39\/257
|turn|29
|choice|move Recover|move 2
|
|move|p1a: Starmie|Recover|p1a: Starmie
|-heal|p1a: Starmie|167\/257
|move|p2a: Rhydon|Body Slam|p1a: Starmie
|-damage|p1a: Starmie|99\/257
|
|turn|30
|choice|move Recover|move 4
|
|move|p1a: Starmie|Recover|p1a: Starmie
|-heal|p1a: Starmie|227\/257
|move|p2a: Rhydon|Earthquake|p1a: Starmie
|-crit|p1a: Starmie
|-damage|p1a: Starmie|3\/257
|
|turn|31
|choice|move Surf|move 4
|
|move|p1a: Starmie|Surf|p2a: Rhydon
|-supereffective|p2a: Rhydon
|-end|p2a: Rhydon|Substitute
|move|p2a: Rhydon|Earthquake|p1a: Starmie
|-damage|p1a: Starmie|0 fnt
|faint|p1a: Starmie
|choice|switch 6|
|
|switch|p1a: Parasect|Parasect, L90|217\/291 par
|turn|32
|choice|move Mega Drain|move 1
|
|move|p2a: Rhydon|Rock Slide|p1a: Parasect
|-supereffective|p1a: Parasect
|-damage|p1a: Parasect|61\/291 par
|move|p1a: Parasect|Mega Drain|p2a: Rhydon
|-supereffective|p2a: Rhydon
|-damage|p2a: Rhydon|0 fnt
|-heal|p1a: Parasect|110\/291 par|[from] drain|[of] p2a: Rhydon
|faint|p2a: Rhydon
|choice||switch 2
|
|switch|p2a: Alakazam|Alakazam, L79|39\/249
|turn|33
|choice|move Hyper Beam|move 1
|
|move|p2a: Alakazam|Psychic|p1a: Parasect
|-damage|p1a: Parasect|6\/291 par
|-unboost|p1a: Parasect|spd|1
|-unboost|p1a: Parasect|spa|1
|move|p1a: Parasect|Hyper Beam|p2a: Alakazam
|-damage|p2a: Alakazam|0 fnt
|faint|p2a: Alakazam
|choice||switch 6
|
|switch|p2a: Kadabra|Kadabra, L85|242\/242
|turn|34
|choice|move Slash|move 1
|
|move|p2a: Kadabra|Psychic|p1a: Parasect
|-damage|p1a: Parasect|0 fnt
|faint|p1a: Parasect
|choice|switch 3|
|
|switch|p1a: Snorlax|Snorlax, L79|415\/415 par
|turn|35
|choice|move Hyper Beam|move 2
|
|move|p2a: Kadabra|Reflect|p2a: Kadabra
|-start|p2a: Kadabra|Reflect
|move|p1a: Snorlax|Hyper Beam|p2a: Kadabra
|-damage|p2a: Kadabra|118\/242
|
|turn|36
|-mustrecharge|p1a: Snorlax
|-mustrecharge|p1a: Snorlax
|choice|move Recharge|move 1
|
|move|p2a: Kadabra|Psychic|p1a: Snorlax
|-damage|p1a: Snorlax|274\/415 par
|cant|p1a: Snorlax|recharge
|
|turn|37
|choice|move Body Slam|move 4
|
|move|p2a: Kadabra|Recover|p2a: Kadabra
|-heal|p2a: Kadabra|239\/242
|cant|p1a: Snorlax|par
|
|turn|38
|choice|move Body Slam|move 1
|
|move|p2a: Kadabra|Psychic|p1a: Snorlax
|-damage|p1a: Snorlax|136\/415 par
|-unboost|p1a: Snorlax|spd|1
|-unboost|p1a: Snorlax|spa|1
|move|p1a: Snorlax|Body Slam|p2a: Kadabra
|-damage|p2a: Kadabra|165\/242
|
|turn|39
|choice|move Hyper Beam|move 1
|
|move|p2a: Kadabra|Psychic|p1a: Snorlax
|-damage|p1a: Snorlax|0 fnt
|faint|p1a: Snorlax
|
|win|Wubbit
|player|p1
|player|p2
|raw|pokeramos's rating: 1231 &rarr; <strong>1194<\/strong><br \/>(-37 for losing)
|raw|Wubbit's rating: 1055 &rarr; <strong>1102<\/strong><br \/>(+47 for winning)