|j|Earth Wrecker
|j|Theonlynerd
|player|p1|Earth Wrecker|269
|player|p2|Theonlynerd|167
|gametype|singles
|gen|1
|tier|[Gen 1] Random Battle
|rated
|seed|31490,36167,16473,8988
|rule|Sleep Clause Mod: Limit one foe put to sleep
|rule|Freeze Clause Mod: Limit one foe frozen
|rule|HP Percentage Mod: HP is shown in percentages
|
|start
|switch|p1a: Tauros|Tauros, L79|280\/280
|switch|p2a: Mewtwo|Mewtwo, L70|293\/293
|turn|1
|choice|move 2|move 3
|
|move|p2a: Mewtwo|Thunder Wave|p1a: Tauros
|-status|p1a: Tauros|par
|move|p1a: Tauros|Body Slam|p2a: Mewtwo
|-damage|p2a: Mewtwo|195\/293
|-status|p2a: Mewtwo|par
|
|turn|2
|choice|move 2|switch 4
|
|switch|p2a: Haunter|Haunter, L85|250\/250
|move|p1a: Tauros|Body Slam|p2a: Haunter
|-immune|p2a: Haunter|[msg]
|
|turn|3
|choice|switch 6|move 3
|
|switch|p1a: Jolteon|Jolteon, L79|265\/265
|move|p2a: Haunter|Psychic|p1a: Jolteon
|-damage|p1a: Jolteon|203\/265
|
|turn|4
|choice|move 4|move 1
|
|move|p1a: Jolteon|Thunder Wave|p2a: Haunter
|-status|p2a: Haunter|par
|move|p2a: Haunter|Hypnosis|p1a: Jolteon|[miss]
|-miss|p2a: Haunter
|
|turn|5
|choice|switch 5|move 3
|
|switch|p1a: Poliwhirl|Poliwhirl, L85|284\/284
|move|p2a: Haunter|Psychic|p1a: Poliwhirl
|-damage|p1a: Poliwhirl|190\/284
|
|turn|6
|choice|move 1|move 2
|
|move|p1a: Poliwhirl|Amnesia|p1a: Poliwhirl
|-boost|p1a: Poliwhirl|spd|2
|-boost|p1a: Poliwhirl|spa|2
|move|p2a: Haunter|Thunderbolt|p1a: Poliwhirl
|-supereffective|p1a: Poliwhirl
|-damage|p1a: Poliwhirl|89\/284
|
|turn|7
|choice|move 4|move 2
|
|move|p1a: Poliwhirl|Psychic|p2a: Haunter
|-supereffective|p2a: Haunter
|-damage|p2a: Haunter|113\/250 par
|cant|p2a: Haunter|par
|
|turn|8
|choice|move 4|switch 6
|
|switch|p2a: Marowak|Marowak, L90|291\/291
|move|p1a: Poliwhirl|Psychic|p2a: Marowak
|-damage|p2a: Marowak|185\/291
|-unboost|p2a: Marowak|spd|1
|-unboost|p2a: Marowak|spa|1
|
|turn|9
|choice|move 3|move 1
|
|move|p1a: Poliwhirl|Blizzard|p2a: Marowak
|-supereffective|p2a: Marowak
|-damage|p2a: Marowak|0 fnt
|faint|p2a: Marowak
|choice||switch 4
|
|switch|p2a: Mewtwo|Mewtwo, L70|195\/293 par
|turn|10
|choice|switch 6|move 2
|
|switch|p1a: Tauros|Tauros, L79|280\/280 par
|move|p2a: Mewtwo|Rest|p2a: Mewtwo
|-status|p2a: Mewtwo|slp
|-heal|p2a: Mewtwo|293\/293 slp|[silent]
|-status|p2a: Mewtwo|slp|[from] move: Rest
|
|turn|11
|choice|move 2|move 1
|
|move|p1a: Tauros|Body Slam|p2a: Mewtwo
|-damage|p2a: Mewtwo|203\/293 slp
|cant|p2a: Mewtwo|slp
|
|turn|12
|choice|move 2|move 1
|
|move|p1a: Tauros|Body Slam|p2a: Mewtwo
|-crit|p2a: Mewtwo
|-damage|p2a: Mewtwo|31\/293 slp
|-curestatus|p2a: Mewtwo|slp
|
|turn|13
|choice|move 2|move 2
|
|move|p1a: Tauros|Body Slam|p2a: Mewtwo
|-damage|p2a: Mewtwo|0 fnt
|faint|p2a: Mewtwo
|choice||switch 6
|
|switch|p2a: Haunter|Haunter, L85|113\/250 par
|turn|14
|choice|move 1|move 4
|
|move|p1a: Tauros|Earthquake|p2a: Haunter
|-supereffective|p2a: Haunter
|-damage|p2a: Haunter|0 fnt
|faint|p2a: Haunter
|choice||switch 5
|
|switch|p2a: Hitmonlee|Hitmonlee, L90|273\/273
|turn|15
|choice|switch 3|move 4
|
|switch|p1a: Venomoth|Venomoth, L85|293\/293
|move|p2a: Hitmonlee|High Jump Kick|p1a: Venomoth
|-resisted|p1a: Venomoth
|-damage|p1a: Venomoth|259\/293
|
|turn|16
|choice|move 3|move 1
|
|move|p2a: Hitmonlee|Mimic|p1a: Venomoth
|-start|p2a: Hitmonlee|Mimic|Mega Drain
|move|p1a: Venomoth|Sleep Powder|p2a: Hitmonlee
|-status|p2a: Hitmonlee|slp
|
|turn|17
|choice|move 4|move 2
|
|-curestatus|p2a: Hitmonlee|slp
|move|p1a: Venomoth|Psychic|p2a: Hitmonlee
|-supereffective|p2a: Hitmonlee
|-damage|p2a: Hitmonlee|85\/273
|-unboost|p2a: Hitmonlee|spd|1
|-unboost|p2a: Hitmonlee|spa|1
|
|turn|18
|choice|move 2|move 2
|
|move|p2a: Hitmonlee|Body Slam|p1a: Venomoth
|-damage|p1a: Venomoth|157\/293
|move|p1a: Venomoth|Stun Spore|p2a: Hitmonlee
|-status|p2a: Hitmonlee|par
|
|turn|19
|choice|move 4|move 3
|
|move|p1a: Venomoth|Psychic|p2a: Hitmonlee
|-crit|p2a: Hitmonlee
|-supereffective|p2a: Hitmonlee
|-damage|p2a: Hitmonlee|0 fnt
|faint|p2a: Hitmonlee
|choice||switch 2
|
|switch|p2a: Gyarados|Gyarados, L85|335\/335
|turn|20
|choice|move 3|move 1
|
|move|p1a: Venomoth|Sleep Powder|p2a: Gyarados
|-status|p2a: Gyarados|slp
|-curestatus|p2a: Gyarados|slp
|
|turn|21
|choice|move 3|move 1
|
|move|p1a: Venomoth|Sleep Powder|p2a: Gyarados
|-status|p2a: Gyarados|slp
|cant|p2a: Gyarados|slp
|
|turn|22
|choice|switch 5|move 1
|
|switch|p1a: Jolteon|Jolteon, L79|203\/265
|-curestatus|p2a: Gyarados|slp
|
|turn|23
|choice|move 1|switch 3
|
|switch|p2a: Chansey|Chansey, L79|557\/557
|move|p1a: Jolteon|Thunderbolt|p2a: Chansey
|-crit|p2a: Chansey
|-damage|p2a: Chansey|383\/557
|
|turn|24
|choice|switch 3|move 2
|
|switch|p1a: Tauros|Tauros, L79|280\/280 par
|move|p2a: Chansey|Thunder Wave|p1a: Tauros
|-fail|p1a: Tauros|par
|
|turn|25
|choice|move 2|move 4
|
|cant|p1a: Tauros|par
|move|p2a: Chansey|Counter|p1a: Tauros
|-fail|p2a: Chansey
|
|turn|26
|choice|move 4|move 4
|
|move|p1a: Tauros|Blizzard|p2a: Chansey
|-damage|p2a: Chansey|321\/557
|-status|p2a: Chansey|frz
|cant|p2a: Chansey|frz
|
|turn|27
|choice|move 2|move 1
|
|cant|p2a: Chansey|frz
|move|p1a: Tauros|Body Slam|p2a: Chansey
|-damage|p2a: Chansey|108\/557 frz
|
|turn|28
|choice|move 3|move 1
|
|cant|p2a: Chansey|frz
|cant|p1a: Tauros|par
|
|turn|29
|choice|move 3|move 1
|
|cant|p2a: Chansey|frz
|move|p1a: Tauros|Hyper Beam|p2a: Chansey
|-damage|p2a: Chansey|0 fnt
|faint|p2a: Chansey
|choice||switch 3
|
|switch|p2a: Gyarados|Gyarados, L85|335\/335
|turn|30
|choice|move 2|move 1
|
|move|p2a: Gyarados|Blizzard|p1a: Tauros
|-damage|p1a: Tauros|169\/280 par
|move|p1a: Tauros|Body Slam|p2a: Gyarados
|-damage|p2a: Gyarados|246\/335
|
|turn|31
|choice|move 2|move 1
|
|move|p2a: Gyarados|Blizzard|p1a: Tauros|[miss]
|-miss|p2a: Gyarados
|move|p1a: Tauros|Body Slam|p2a: Gyarados
|-crit|p2a: Gyarados
|-damage|p2a: Gyarados|86\/335
|
|turn|32
|choice|move 3|move 2
|
|move|p2a: Gyarados|Hyper Beam|p1a: Tauros
|-damage|p1a: Tauros|38\/280 par
|move|p1a: Tauros|Hyper Beam|p2a: Gyarados
|-damage|p2a: Gyarados|0 fnt
|faint|p2a: Gyarados
|
|win|Earth Wrecker
|player|p1
|player|p2
|raw|Earth Wrecker's rating: 1093 &rarr; <strong>1123<\/strong><br \/>(+30 for winning)
|raw|Theonlynerd's rating: 1144 &rarr; <strong>1115<\/strong><br \/>(-29 for losing)
|l|Theonlynerd