|j|ryupool
|j|xuank
|player|p1|ryupool|219
|player|p2|xuank|266
|gametype|singles
|gen|1
|tier|[Gen 1] Random Battle
|rated
|seed|36707,54919,16244,14045
|rule|Sleep Clause Mod: Limit one foe put to sleep
|rule|Freeze Clause Mod: Limit one foe frozen
|rule|HP Percentage Mod: HP is shown in percentages
|
|start
|switch|p1a: Nidoqueen|Nidoqueen, L85|327\/327
|switch|p2a: Alakazam|Alakazam, L79|249\/249
|turn|1
|choice|switch 2|move 1
|
|switch|p1a: Chansey|Chansey, L79|557\/557
|move|p2a: Alakazam|Psychic|p1a: Chansey
|-damage|p1a: Chansey|465\/557
|
|turn|2
|choice|move 3|move 3
|
|move|p2a: Alakazam|Thunder Wave|p1a: Chansey
|-status|p1a: Chansey|par
|move|p1a: Chansey|Thunder Wave|p2a: Alakazam
|-status|p2a: Alakazam|par
|
|turn|3
|choice|move 2|move 1
|
|move|p2a: Alakazam|Psychic|p1a: Chansey
|-damage|p1a: Chansey|371\/557 par
|move|p1a: Chansey|Thunderbolt|p2a: Alakazam
|-damage|p2a: Alakazam|201\/249 par
|
|turn|4
|choice|move 2|move 1
|
|move|p2a: Alakazam|Psychic|p1a: Chansey
|-damage|p1a: Chansey|271\/557 par
|move|p1a: Chansey|Thunderbolt|p2a: Alakazam
|-damage|p2a: Alakazam|151\/249 par
|
|turn|5
|choice|move 1|move 1
|
|move|p2a: Alakazam|Psychic|p1a: Chansey
|-damage|p1a: Chansey|166\/557 par
|move|p1a: Chansey|Soft-Boiled|p1a: Chansey
|-heal|p1a: Chansey|444\/557 par
|
|turn|6
|choice|move 2|move 2
|
|move|p2a: Alakazam|Recover|p2a: Alakazam
|-heal|p2a: Alakazam|249\/249 par
|cant|p1a: Chansey|par
|
|turn|7
|choice|move 1|move 1
|
|move|p2a: Alakazam|Psychic|p1a: Chansey
|-damage|p1a: Chansey|338\/557 par
|-unboost|p1a: Chansey|spd|1
|-unboost|p1a: Chansey|spa|1
|move|p1a: Chansey|Soft-Boiled|p1a: Chansey
|-heal|p1a: Chansey|557\/557 par
|
|turn|8
|choice|switch 3|switch 5
|
|switch|p2a: Nidoking|Nidoking, L85|311\/311
|switch|p1a: Tangela|Tangela, L85|284\/284
|
|turn|9
|choice|move 1|move 3
|
|move|p2a: Nidoking|Blizzard|p1a: Tangela
|-supereffective|p1a: Tangela
|-damage|p1a: Tangela|148\/284
|move|p1a: Tangela|Body Slam|p2a: Nidoking
|-damage|p2a: Nidoking|267\/311
|
|turn|10
|choice|move 4|move 3
|
|move|p2a: Nidoking|Blizzard|p1a: Tangela
|-supereffective|p1a: Tangela
|-damage|p1a: Tangela|11\/284
|move|p1a: Tangela|Hyper Beam|p2a: Nidoking
|-damage|p2a: Nidoking|185\/311
|
|turn|11
|-mustrecharge|p1a: Tangela
|-mustrecharge|p1a: Tangela
|choice|move 1|move 1
|
|move|p2a: Nidoking|Earthquake|p1a: Tangela
|-crit|p1a: Tangela
|-resisted|p1a: Tangela
|-damage|p1a: Tangela|0 fnt
|faint|p1a: Tangela
|choice|switch 6|
|
|switch|p1a: Articuno|Articuno, L79|304\/304
|turn|12
|choice|move 1|move 2
|
|move|p2a: Nidoking|Thunder|p1a: Articuno|[miss]
|-miss|p2a: Nidoking
|move|p1a: Articuno|Blizzard|p2a: Nidoking
|-supereffective|p2a: Nidoking
|-damage|p2a: Nidoking|0 fnt
|faint|p2a: Nidoking
|choice||switch 4
|
|switch|p2a: Arbok|Arbok, L90|291\/291
|turn|13
|choice|switch 3|move 4
|
|switch|p1a: Chansey|Chansey, L79|557\/557 par
|move|p2a: Arbok|Glare|p1a: Chansey
|-fail|p1a: Chansey|par
|
|turn|14
|choice|move 3|move 3
|
|move|p2a: Arbok|Body Slam|p1a: Chansey
|-crit|p1a: Chansey
|-damage|p1a: Chansey|241\/557 par
|cant|p1a: Chansey|par
|
|turn|15
|choice|move 1|move 1
|
|move|p2a: Arbok|Hyper Beam|p1a: Chansey
|-damage|p1a: Chansey|0 fnt
|faint|p1a: Chansey
|choice|switch 2|
|
|switch|p1a: Nidoqueen|Nidoqueen, L85|327\/327
|turn|16
|choice|move 1|move 4
|
|move|p2a: Arbok|Glare|p1a: Nidoqueen
|-status|p1a: Nidoqueen|par
|cant|p1a: Nidoqueen|par
|
|turn|17
|choice|move 1|switch 3
|
|switch|p2a: Dragonite|Dragonite, L85|328\/328
|move|p1a: Nidoqueen|Earthquake|p2a: Dragonite
|-immune|p2a: Dragonite|[msg]
|
|turn|18
|choice|move 4|move 3
|
|move|p2a: Dragonite|Surf|p1a: Nidoqueen
|-supereffective|p1a: Nidoqueen
|-damage|p1a: Nidoqueen|159\/327 par
|cant|p1a: Nidoqueen|par
|
|turn|19
|choice|move 4|move 3
|
|move|p2a: Dragonite|Surf|p1a: Nidoqueen
|-supereffective|p1a: Nidoqueen
|-damage|p1a: Nidoqueen|0 fnt
|faint|p1a: Nidoqueen
|choice|switch 3|
|
|switch|p1a: Articuno|Articuno, L79|304\/304
|turn|20
|choice|move 1|move 1
|
|move|p2a: Dragonite|Body Slam|p1a: Articuno
|-damage|p1a: Articuno|229\/304
|move|p1a: Articuno|Blizzard|p2a: Dragonite|[miss]
|-miss|p1a: Articuno
|
|turn|21
|choice|move 1|move 1
|
|move|p2a: Dragonite|Body Slam|p1a: Articuno
|-damage|p1a: Articuno|149\/304
|move|p1a: Articuno|Blizzard|p2a: Dragonite
|-supereffective|p2a: Dragonite
|-damage|p2a: Dragonite|0 fnt
|faint|p2a: Dragonite
|choice||switch 3
|
|switch|p2a: Arbok|Arbok, L90|291\/291
|turn|22
|choice|move 4|move 4
|
|move|p2a: Arbok|Glare|p1a: Articuno
|-status|p1a: Articuno|par
|cant|p1a: Articuno|par
|
|turn|23
|choice|move 2|move 1
|
|move|p2a: Arbok|Hyper Beam|p1a: Articuno
|-damage|p1a: Articuno|35\/304 par
|cant|p1a: Articuno|par
|
|turn|24
|-mustrecharge|p2a: Arbok
|-mustrecharge|p2a: Arbok
|choice|move 2|move 1
|
|cant|p2a: Arbok|recharge
|move|p1a: Articuno|Rest|p1a: Articuno
|-status|p1a: Articuno|slp
|-heal|p1a: Articuno|304\/304 slp|[silent]
|-status|p1a: Articuno|slp|[from] move: Rest
|
|turn|25
|choice|move 3|move 3
|
|move|p2a: Arbok|Body Slam|p1a: Articuno
|-damage|p1a: Articuno|237\/304 slp
|cant|p1a: Articuno|slp
|
|turn|26
|choice|move 3|move 3
|
|move|p2a: Arbok|Body Slam|p1a: Articuno
|-damage|p1a: Articuno|172\/304 slp
|-curestatus|p1a: Articuno|slp
|
|turn|27
|choice|move 3|move 4
|
|move|p2a: Arbok|Glare|p1a: Articuno
|-status|p1a: Articuno|par
|move|p1a: Articuno|Reflect|p1a: Articuno
|-start|p1a: Articuno|Reflect
|
|turn|28
|choice|move 2|move 3
|
|move|p2a: Arbok|Body Slam|p1a: Articuno
|-damage|p1a: Articuno|141\/304 par
|cant|p1a: Articuno|par
|
|turn|29
|choice|move 2|move 3
|
|move|p2a: Arbok|Body Slam|p1a: Articuno
|-damage|p1a: Articuno|108\/304 par
|cant|p1a: Articuno|par
|
|turn|30
|choice|move 2|move 1
|
|move|p2a: Arbok|Hyper Beam|p1a: Articuno
|-crit|p1a: Articuno
|-damage|p1a: Articuno|0 fnt
|faint|p1a: Articuno
|choice|switch 5|
|
|switch|p1a: Pinsir|Pinsir, L85|284\/284
|turn|31
|choice|move 2|move 4
|
|move|p2a: Arbok|Glare|p1a: Pinsir
|-status|p1a: Pinsir|par
|move|p1a: Pinsir|Swords Dance|p1a: Pinsir
|-boost|p1a: Pinsir|atk|2
|
|turn|32
|choice|move 3|move 2
|
|move|p2a: Arbok|Earthquake|p1a: Pinsir
|-resisted|p1a: Pinsir
|-damage|p1a: Pinsir|251\/284 par
|move|p1a: Pinsir|Body Slam|p2a: Arbok
|-crit|p2a: Arbok
|-damage|p2a: Arbok|132\/291
|
|turn|33
|choice|move 3|move 1
|
|move|p2a: Arbok|Hyper Beam|p1a: Pinsir
|-damage|p1a: Pinsir|149\/284 par
|move|p1a: Pinsir|Body Slam|p2a: Arbok
|-damage|p2a: Arbok|0 fnt
|faint|p2a: Arbok
|choice||switch 2
|
|switch|p2a: Raticate|Raticate, L85|267\/267
|turn|34
|choice|move 4|move 2
|
|move|p2a: Raticate|Body Slam|p1a: Pinsir
|-damage|p1a: Pinsir|73\/284 par
|move|p1a: Pinsir|Submission|p2a: Raticate
|-crit|p2a: Raticate
|-supereffective|p2a: Raticate
|-damage|p2a: Raticate|0 fnt
|-damage|p1a: Pinsir|7\/284 par|[from] recoil|[of] p2a: Raticate
|faint|p2a: Raticate
|choice||switch 6
|
|switch|p2a: Wigglytuff|Wigglytuff, L90|435\/435
|turn|35
|choice|move 4|move 1
|
|move|p2a: Wigglytuff|Bubble Beam|p1a: Pinsir
|-damage|p1a: Pinsir|0 fnt
|faint|p1a: Pinsir
|choice|switch 4|
|
|switch|p1a: Cloyster|Cloyster, L83|253\/253
|turn|36
|choice|move 2|move 2
|
|move|p1a: Cloyster|Toxic|p2a: Wigglytuff
|-status|p2a: Wigglytuff|tox
|move|p2a: Wigglytuff|Thunder Wave|p1a: Cloyster
|-status|p1a: Cloyster|par
|-damage|p2a: Wigglytuff|408\/435 tox|[from] tox|[of] p1a: Cloyster
|
|turn|37
|choice|move 1|move 1
|
|move|p2a: Wigglytuff|Bubble Beam|p1a: Cloyster
|-resisted|p1a: Cloyster
|-damage|p1a: Cloyster|236\/253 par
|-damage|p2a: Wigglytuff|354\/435 tox|[from] tox|[of] p1a: Cloyster
|move|p1a: Cloyster|Surf|p2a: Wigglytuff
|-damage|p2a: Wigglytuff|240\/435 tox
|
|turn|38
|choice|move 1|move 1
|
|move|p2a: Wigglytuff|Bubble Beam|p1a: Cloyster
|-crit|p1a: Cloyster
|-resisted|p1a: Cloyster
|-damage|p1a: Cloyster|198\/253 par
|-unboost|p1a: Cloyster|spe|1
|-damage|p2a: Wigglytuff|159\/435 tox|[from] tox|[of] p1a: Cloyster
|move|p1a: Cloyster|Surf|p2a: Wigglytuff
|-damage|p2a: Wigglytuff|41\/435 tox
|
|turn|39
|choice|move 1|move 4
|
|move|p2a: Wigglytuff|Hyper Beam|p1a: Cloyster
|-damage|p1a: Cloyster|105\/253 par
|-damage|p2a: Wigglytuff|0 fnt|[from] tox|[of] p1a: Cloyster
|faint|p2a: Wigglytuff
|choice||switch 5
|
|switch|p2a: Alakazam|Alakazam, L79|249\/249 par
|turn|40
|choice|move 4|move 1
|
|move|p2a: Alakazam|Psychic|p1a: Cloyster
|-damage|p1a: Cloyster|0 fnt
|faint|p1a: Cloyster
|
|win|xuank
|player|p1
|player|p2
|raw|ryupool's rating: 1272 &rarr; <strong>1240<\/strong><br \/>(-32 for losing)
|raw|xuank's rating: 1176 &rarr; <strong>1208<\/strong><br \/>(+32 for winning)
|l|ryupool