|j|Whoremaster
|j|PK Mastr
|player|p1|Whoremaster|43
|player|p2|PK Mastr|257
|gametype|singles
|gen|1
|tier|[Gen 1] OU
|rated
|seed|40326,35436,11710,49593
|rule|Sleep Clause Mod: Limit one foe put to sleep
|rule|Freeze Clause Mod: Limit one foe frozen
|rule|Species Clause: Limit one of each Pokémon
|rule|OHKO Clause: OHKO moves are banned
|rule|Evasion Moves Clause: Evasion moves are banned
|rule|HP Percentage Mod: HP is shown in percentages
|
|start
|switch|p1a: Alakazam|Alakazam|313\/313
|switch|p2a: BAPHOMET|Alakazam|313\/313
|turn|1
|j|Peasounay
|choice|switch 4|move 2
|
|switch|p1a: Chansey|Chansey|703\/703
|move|p2a: BAPHOMET|Thunder Wave|p1a: Chansey
|-status|p1a: Chansey|par
|
|turn|2
|choice|move 1|switch 5
|
|switch|p2a: PU-TAI|Snorlax|523\/523
|move|p1a: Chansey|Ice Beam|p2a: PU-TAI
|-damage|p2a: PU-TAI|430\/523
|
|turn|3
|choice|move 3|move 3
|
|move|p2a: PU-TAI|Earthquake|p1a: Chansey
|-damage|p1a: Chansey|482\/703 par
|move|p1a: Chansey|Counter|p2a: PU-TAI
|-fail|p1a: Chansey
|
|turn|4
|c| Peasounay|hi whore
|c| Peasounay|australian friend
|c|★Whoremaster|hi dude
|choice|switch 2|move 2
|
|switch|p1a: Exeggutor|Exeggutor|393\/393
|move|p2a: PU-TAI|Hyper Beam|p1a: Exeggutor
|-crit|p1a: Exeggutor
|-damage|p1a: Exeggutor|0 fnt
|faint|p1a: Exeggutor
|c|★Whoremaster|lol snorlax crit
|c|★PK Mastr|WOW
|choice|switch 3|
|
|switch|p1a: Cloyster|Cloyster|303\/303
|turn|5
|c|★PK Mastr|im saying the same lol
|choice|move 1|move 1
|
|move|p1a: Cloyster|Clamp|p2a: PU-TAI|[miss]
|-miss|p1a: Cloyster
|move|p2a: PU-TAI|Mega Kick|p1a: Cloyster|[miss]
|-miss|p2a: PU-TAI
|
|turn|6
|choice|move 2|move 1
|
|move|p1a: Cloyster|Blizzard|p2a: PU-TAI
|-damage|p2a: PU-TAI|277\/523
|move|p2a: PU-TAI|Mega Kick|p1a: Cloyster
|-damage|p1a: Cloyster|205\/303
|
|turn|7
|choice|move 2|switch 3
|
|switch|p2a: NEBULA|Starmie|323\/323
|move|p1a: Cloyster|Blizzard|p2a: NEBULA|[miss]
|-miss|p1a: Cloyster
|
|turn|8
|choice|switch 2|switch 2
|
|switch|p2a: HADES|Gengar|323\/323
|switch|p1a: Chansey|Chansey|482\/703 par
|
|turn|9
|choice|move 2|switch 3
|
|switch|p2a: PU-TAI|Snorlax|277\/523
|move|p1a: Chansey|Thunderbolt|p2a: PU-TAI
|-damage|p2a: PU-TAI|173\/523
|-status|p2a: PU-TAI|par
|
|turn|10
|choice|switch 2|move 4
|
|switch|p1a: Cloyster|Cloyster|205\/303
|move|p2a: PU-TAI|Self-Destruct|p1a: Cloyster
|-damage|p1a: Cloyster|4\/303
|faint|p2a: PU-TAI
|choice||switch 5
|
|switch|p2a: BAPHOMET|Alakazam|313\/313
|turn|11
|choice|switch 2|move 1
|
|switch|p1a: Chansey|Chansey|482\/703 par
|move|p2a: BAPHOMET|Psychic|p1a: Chansey
|-damage|p1a: Chansey|355\/703 par
|-unboost|p1a: Chansey|spd|1
|-unboost|p1a: Chansey|spa|1
|
|turn|12
|choice|move 4|move 1
|
|move|p2a: BAPHOMET|Psychic|p1a: Chansey
|-damage|p1a: Chansey|164\/703 par
|cant|p1a: Chansey|par
|
|turn|13
|c|★PK Mastr|ouch
|c|★Whoremaster|OH SHIT
|choice|move 4|move 1
|
|move|p2a: BAPHOMET|Psychic|p1a: Chansey
|-damage|p1a: Chansey|0 fnt
|faint|p1a: Chansey
|c|★PK Mastr|sorry about all these hax
|c|★Whoremaster|dw its ok
|c|★Whoremaster|im an easy going person
|choice|switch 4|
|
|switch|p1a: Alakazam|Alakazam|313\/313
|turn|14
|c|★PK Mastr|ik you need that t-wave to the explosion clam???
|c|★Whoremaster|chansey did not have twave
|choice|move 2|move 2
|
|move|p1a: Alakazam|Thunder Wave|p2a: BAPHOMET
|-status|p2a: BAPHOMET|par
|move|p2a: BAPHOMET|Thunder Wave|p1a: Alakazam
|-status|p1a: Alakazam|par
|
|turn|15
|c|★PK Mastr|same here (easy going) or at least trying :)
|choice|move 1|move 4
|
|cant|p1a: Alakazam|par
|move|p2a: BAPHOMET|Reflect|p2a: BAPHOMET
|-start|p2a: BAPHOMET|Reflect
|
|turn|16
|choice|move 3|move 1
|
|move|p1a: Alakazam|Reflect|p1a: Alakazam
|-start|p1a: Alakazam|Reflect
|move|p2a: BAPHOMET|Psychic|p1a: Alakazam
|-crit|p1a: Alakazam
|-resisted|p1a: Alakazam
|-damage|p1a: Alakazam|208\/313 par
|
|turn|17
|choice|move 4|move 1
|
|move|p2a: BAPHOMET|Psychic|p1a: Alakazam
|-resisted|p1a: Alakazam
|-damage|p1a: Alakazam|155\/313 par
|move|p1a: Alakazam|Recover|p1a: Alakazam
|-heal|p1a: Alakazam|311\/313 par
|
|turn|18
|c|★PK Mastr|the race
|choice|move 1|move 1
|
|move|p2a: BAPHOMET|Psychic|p1a: Alakazam
|-crit|p1a: Alakazam
|-resisted|p1a: Alakazam
|-damage|p1a: Alakazam|200\/313 par
|cant|p1a: Alakazam|par
|
|turn|19
|choice|move 1|move 1
|
|cant|p2a: BAPHOMET|par
|move|p1a: Alakazam|Psychic|p2a: BAPHOMET
|-crit|p2a: BAPHOMET
|-resisted|p2a: BAPHOMET
|-damage|p2a: BAPHOMET|216\/313 par
|
|turn|20
|choice|move 4|move 1
|
|move|p1a: Alakazam|Recover|p1a: Alakazam
|-heal|p1a: Alakazam|313\/313 par
|cant|p2a: BAPHOMET|par
|
|turn|21
|choice|move 1|move 1
|
|move|p1a: Alakazam|Psychic|p2a: BAPHOMET
|-resisted|p2a: BAPHOMET
|-damage|p2a: BAPHOMET|168\/313 par
|-unboost|p2a: BAPHOMET|spd|1
|-unboost|p2a: BAPHOMET|spa|1
|move|p2a: BAPHOMET|Psychic|p1a: Alakazam
|-resisted|p1a: Alakazam
|-damage|p1a: Alakazam|278\/313 par
|-unboost|p1a: Alakazam|spd|1
|-unboost|p1a: Alakazam|spa|1
|
|turn|22
|c|★PK Mastr|shit lol
|choice|move 1|move 3
|
|move|p1a: Alakazam|Psychic|p2a: BAPHOMET
|-crit|p2a: BAPHOMET
|-resisted|p2a: BAPHOMET
|-damage|p2a: BAPHOMET|71\/313 par
|cant|p2a: BAPHOMET|par
|
|turn|23
|choice|move 1|move 3
|
|move|p1a: Alakazam|Psychic|p2a: BAPHOMET
|-crit|p2a: BAPHOMET
|-resisted|p2a: BAPHOMET
|-damage|p2a: BAPHOMET|0 fnt
|faint|p2a: BAPHOMET
|choice||switch 4
|
|switch|p2a: ANUBIS|Dragonite|385\/385
|turn|24
|c|★Whoremaster|gonneeee
|choice|move 2|move 2
|
|move|p2a: ANUBIS|Wrap|p1a: Alakazam|[miss]
|-miss|p2a: ANUBIS
|move|p1a: Alakazam|Thunder Wave|p2a: ANUBIS
|-status|p2a: ANUBIS|par
|
|turn|25
|c|★PK Mastr|FUCK
|c|★Whoremaster|yis
|c|★PK Mastr|closer game now
|choice|move 1|move 1
|
|move|p2a: ANUBIS|Agility|p2a: ANUBIS
|-boost|p2a: ANUBIS|spe|2
|move|p1a: Alakazam|Psychic|p2a: ANUBIS
|-damage|p2a: ANUBIS|306\/385 par
|
|turn|26
|choice|move 1|move 3
|
|cant|p2a: ANUBIS|par
|move|p1a: Alakazam|Psychic|p2a: ANUBIS
|-damage|p2a: ANUBIS|225\/385 par
|-unboost|p2a: ANUBIS|spd|1
|-unboost|p2a: ANUBIS|spa|1
|
|turn|27
|l|Peasounay
|choice|move 1|move 3
|
|move|p2a: ANUBIS|Blizzard|p1a: Alakazam
|-damage|p1a: Alakazam|206\/313 par
|move|p1a: Alakazam|Psychic|p2a: ANUBIS
|-crit|p2a: ANUBIS
|-damage|p2a: ANUBIS|0 fnt
|faint|p2a: ANUBIS
|choice||switch 6
|
|switch|p2a: TRINITY|Tauros|353\/353
|turn|28
|choice|move 2|move 1
|
|move|p2a: TRINITY|Body Slam|p1a: Alakazam
|-damage|p1a: Alakazam|128\/313 par
|move|p1a: Alakazam|Thunder Wave|p2a: TRINITY
|-status|p2a: TRINITY|par
|
|turn|29
|choice|move 4|move 2
|
|move|p2a: TRINITY|Hyper Beam|p1a: Alakazam
|-damage|p1a: Alakazam|0 fnt
|faint|p1a: Alakazam
|choice|switch 2|
|
|switch|p1a: Cloyster|Cloyster|4\/303
|turn|30
|choice|move 2|switch 3
|
|switch|p2a: HADES|Gengar|323\/323
|move|p1a: Cloyster|Blizzard|p2a: HADES
|-damage|p2a: HADES|222\/323
|-status|p2a: HADES|frz
|
|turn|31
|c|★PK Mastr|lol
|c|★Whoremaster|excellent
|choice|move 2|move 3
|
|cant|p2a: HADES|frz
|move|p1a: Cloyster|Blizzard|p2a: HADES
|-damage|p2a: HADES|111\/323 frz
|
|turn|32
|c|★PK Mastr|now were even (with you having a fresh bull)
|c|★Whoremaster|do i have a bull tho?
|choice|move 2|move 1
|
|cant|p2a: HADES|frz
|move|p1a: Cloyster|Blizzard|p2a: HADES
|-damage|p2a: HADES|1\/323 frz
|
|turn|33
|c|★PK Mastr|or maybe you have a zapdos
|c|★PK Mastr|idk
|choice|move 1|move 3
|
|cant|p2a: HADES|frz
|move|p1a: Cloyster|Clamp|p2a: HADES|[miss]
|-miss|p1a: Cloyster
|
|turn|34
|c|★PK Mastr|zap and bull
|choice|move 1|move 3
|
|cant|p2a: HADES|frz
|move|p1a: Cloyster|Clamp|p2a: HADES
|-damage|p2a: HADES|0 fnt
|faint|p2a: HADES
|c|★PK Mastr|im toste
|choice||switch 2
|
|switch|p2a: NEBULA|Starmie|323\/323
|turn|35
|c|★PK Mastr|toast***
|choice|move 4|move 3
|
|move|p2a: NEBULA|Psychic|p1a: Cloyster
|-crit|p1a: Cloyster
|-damage|p1a: Cloyster|0 fnt
|faint|p1a: Cloyster
|c|★PK Mastr|here we go
|c|★PK Mastr|sendign out the zap
|c|★Whoremaster|u rdy for this?
|c|★PK Mastr|MEWTWO!
|choice|switch 5|
|
|switch|p1a: Golem|Golem|363\/363
|turn|36
|c|★Whoremaster|rip me
|c|★PK Mastr|wtf?
|c|★PK Mastr|better off sending the bull
|c|★Whoremaster|nah you're gunna miss
|c|★Whoremaster|and ima splode
|c|★PK Mastr|oh i had a feeling about this rock but i wanted to give you the benefit of the doubt
|c|★PK Mastr|we can only hope?
|c|★Whoremaster|u rdy for the bang?
|c|★Whoremaster|nah you porlly have surf
|c|★Whoremaster|not bliz
|c|★PK Mastr|no i got blizz
|c|★Whoremaster|ok im feeling lucky
|c|★PK Mastr|do your worst!
|c|★Whoremaster|lets go
|choice|move 4|move 1
|
|move|p2a: NEBULA|Blizzard|p1a: Golem
|-supereffective|p1a: Golem
|-damage|p1a: Golem|97\/363
|move|p1a: Golem|Explosion|p2a: NEBULA
|-damage|p2a: NEBULA|1\/323
|faint|p1a: Golem
|choice|switch 6|
|
|switch|p1a: Tauros|Tauros|353\/353
|turn|37
|c|★PK Mastr|!_!
|c|★PK Mastr|psychic?
|c|★PK Mastr|blizz?
|c|★PK Mastr|t-bolt?
|choice|move 1|move 3
|
|move|p2a: NEBULA|Psychic|p1a: Tauros
|-damage|p1a: Tauros|226\/353
|-unboost|p1a: Tauros|spd|1
|-unboost|p1a: Tauros|spa|1
|move|p1a: Tauros|Body Slam|p2a: NEBULA
|-crit|p2a: NEBULA
|-damage|p2a: NEBULA|0 fnt
|faint|p2a: NEBULA
|choice||switch 3
|
|switch|p2a: TRINITY|Tauros|353\/353 par
|turn|38
|c|★PK Mastr|here we go
|c|★Whoremaster|i woulda done blizz and hope for a freeze lol
|c|★PK Mastr|yeah
|choice|move 1|move 3
|
|move|p1a: Tauros|Body Slam|p2a: TRINITY
|-damage|p2a: TRINITY|242\/353 par
|move|p2a: TRINITY|Blizzard|p1a: Tauros
|-damage|p1a: Tauros|74\/353
|
|turn|39
|c|★PK Mastr|i guess
|c|★PK Mastr|h-beam test
|c|★PK Mastr|your crit would win it
|c|★Whoremaster|i havnt seen it do 69% without a crit
|c|★Whoremaster|but lets hope
|choice|move 4|move 1
|
|move|p1a: Tauros|Hyper Beam|p2a: TRINITY
|-crit|p2a: TRINITY
|-damage|p2a: TRINITY|0 fnt
|faint|p2a: TRINITY
|
|win|Whoremaster
|c|★PK Mastr|or go for that para
|c|★PK Mastr|!)!
|c|★PK Mastr|GG
|c|★Whoremaster|haha yis
|raw|Whoremaster's rating: 1317 &rarr; <strong>1338<\/strong><br \/>(+21 for winning)
|raw|PK Mastr's rating: 1334 &rarr; <strong>1313<\/strong><br \/>(-21 for losing)
|c|★Whoremaster|gg was fun
|c|★PK Mastr|winner winner chicken dinner
|c|★Whoremaster|funny game
|c|★PK Mastr|i had fun (:
|c|★PK Mastr|yeah lol
|c|★Whoremaster|snorlax crit was best