|join|MALESANI
|join|Trainer Jimmy G
|player|p1|MALESANI|238
|player|p2|Trainer Jimmy G|163
|gametype|singles
|gen|1
|tier|[Gen 1] Random Battle
|rated
|seed|35047,14346,62966,798
|rule|Sleep Clause Mod: Limit one foe put to sleep
|rule|Freeze Clause Mod: Limit one foe frozen
|rule|HP Percentage Mod: HP is shown in percentages
|
|start
|switch|p1a: Graveler|Graveler, L85|267\/267
|switch|p2a: Exeggutor|Exeggutor, L79|312\/312
|turn|1
|c|★Trainer Jimmy G|good luck
|c|★MALESANI|same to you
|choice|switch 2|move 1
|
|switch|p1a: Rattata|Rattata, L96|252\/252
|move|p2a: Exeggutor|Sleep Powder|p1a: Rattata
|-status|p1a: Rattata|slp
|
|turn|2
|choice|switch 4|move 2
|
|switch|p1a: Starmie|Starmie, L79|257\/257
|move|p2a: Exeggutor|Mega Drain|p1a: Starmie
|-supereffective|p1a: Starmie
|-damage|p1a: Starmie|174\/257
|
|turn|3
|choice|move 2|move 2
|
|move|p1a: Starmie|Blizzard|p2a: Exeggutor
|-supereffective|p2a: Exeggutor
|-damage|p2a: Exeggutor|186\/312
|move|p2a: Exeggutor|Mega Drain|p1a: Starmie
|-supereffective|p1a: Starmie
|-damage|p1a: Starmie|85\/257
|-heal|p2a: Exeggutor|230\/312|[from] drain|[of] p1a: Starmie
|
|turn|4
|choice|move 1|move 2
|
|move|p1a: Starmie|Recover|p1a: Starmie
|-heal|p1a: Starmie|213\/257
|move|p2a: Exeggutor|Mega Drain|p1a: Starmie
|-supereffective|p1a: Starmie
|-damage|p1a: Starmie|127\/257
|-heal|p2a: Exeggutor|273\/312|[from] drain|[of] p1a: Starmie
|
|turn|5
|choice|move 4|move 2
|
|move|p1a: Starmie|Thunder Wave|p2a: Exeggutor
|-status|p2a: Exeggutor|par
|move|p2a: Exeggutor|Mega Drain|p1a: Starmie
|-supereffective|p1a: Starmie
|-damage|p1a: Starmie|36\/257
|-heal|p2a: Exeggutor|312\/312 par|[from] drain|[of] p1a: Starmie
|
|turn|6
|choice|move 1|move 3
|
|move|p1a: Starmie|Recover|p1a: Starmie
|-heal|p1a: Starmie|164\/257
|move|p2a: Exeggutor|Hyper Beam|p1a: Starmie
|-damage|p1a: Starmie|70\/257
|
|turn|7
|-mustrecharge|p2a: Exeggutor
|-mustrecharge|p2a: Exeggutor
|choice|move 1|move 1
|
|move|p1a: Starmie|Recover|p1a: Starmie
|-heal|p1a: Starmie|198\/257
|cant|p2a: Exeggutor|recharge
|
|turn|8
|choice|move 2|move 1
|
|move|p1a: Starmie|Blizzard|p2a: Exeggutor
|-supereffective|p2a: Exeggutor
|-damage|p2a: Exeggutor|193\/312 par
|move|p2a: Exeggutor|Sleep Powder|p1a: Starmie
|-message|Sleep Clause Mod activated.
|
|turn|9
|c|★Trainer Jimmy G|misclicked
|choice|move 2|move 2
|
|move|p1a: Starmie|Blizzard|p2a: Exeggutor
|-supereffective|p2a: Exeggutor
|-damage|p2a: Exeggutor|65\/312 par
|move|p2a: Exeggutor|Mega Drain|p1a: Starmie
|-supereffective|p1a: Starmie
|-damage|p1a: Starmie|106\/257
|-heal|p2a: Exeggutor|111\/312 par|[from] drain|[of] p1a: Starmie
|
|turn|10
|choice|move 1|move 2
|
|move|p1a: Starmie|Recover|p1a: Starmie
|-heal|p1a: Starmie|234\/257
|move|p2a: Exeggutor|Mega Drain|p1a: Starmie
|-supereffective|p1a: Starmie
|-damage|p1a: Starmie|142\/257
|-heal|p2a: Exeggutor|157\/312 par|[from] drain|[of] p1a: Starmie
|
|turn|11
|choice|move 2|move 2
|
|move|p1a: Starmie|Blizzard|p2a: Exeggutor
|-supereffective|p2a: Exeggutor
|-damage|p2a: Exeggutor|37\/312 par
|move|p2a: Exeggutor|Mega Drain|p1a: Starmie
|-supereffective|p1a: Starmie
|-damage|p1a: Starmie|55\/257
|-heal|p2a: Exeggutor|80\/312 par|[from] drain|[of] p1a: Starmie
|
|turn|12
|choice|move 1|move 2
|
|move|p1a: Starmie|Recover|p1a: Starmie
|-heal|p1a: Starmie|183\/257
|move|p2a: Exeggutor|Mega Drain|p1a: Starmie
|-supereffective|p1a: Starmie
|-damage|p1a: Starmie|99\/257
|-heal|p2a: Exeggutor|122\/312 par|[from] drain|[of] p1a: Starmie
|
|turn|13
|choice|move 1|move 2
|
|move|p1a: Starmie|Recover|p1a: Starmie
|-heal|p1a: Starmie|227\/257
|move|p2a: Exeggutor|Mega Drain|p1a: Starmie
|-supereffective|p1a: Starmie
|-damage|p1a: Starmie|135\/257
|-heal|p2a: Exeggutor|168\/312 par|[from] drain|[of] p1a: Starmie
|
|turn|14
|choice|move 2|move 2
|
|move|p1a: Starmie|Blizzard|p2a: Exeggutor
|-supereffective|p2a: Exeggutor
|-damage|p2a: Exeggutor|46\/312 par
|move|p2a: Exeggutor|Mega Drain|p1a: Starmie
|-supereffective|p1a: Starmie
|-damage|p1a: Starmie|47\/257
|-heal|p2a: Exeggutor|90\/312 par|[from] drain|[of] p1a: Starmie
|
|turn|15
|choice|move 1|move 2
|
|move|p1a: Starmie|Recover|p1a: Starmie
|-heal|p1a: Starmie|175\/257
|move|p2a: Exeggutor|Mega Drain|p1a: Starmie
|-supereffective|p1a: Starmie
|-damage|p1a: Starmie|92\/257
|-heal|p2a: Exeggutor|131\/312 par|[from] drain|[of] p1a: Starmie
|
|turn|16
|choice|move 1|move 2
|
|move|p1a: Starmie|Recover|p1a: Starmie
|-heal|p1a: Starmie|220\/257
|move|p2a: Exeggutor|Mega Drain|p1a: Starmie
|-supereffective|p1a: Starmie
|-damage|p1a: Starmie|135\/257
|-heal|p2a: Exeggutor|173\/312 par|[from] drain|[of] p1a: Starmie
|
|turn|17
|choice|move 2|move 2
|
|move|p1a: Starmie|Blizzard|p2a: Exeggutor
|-supereffective|p2a: Exeggutor
|-damage|p2a: Exeggutor|37\/312 par
|move|p2a: Exeggutor|Mega Drain|p1a: Starmie
|-supereffective|p1a: Starmie
|-damage|p1a: Starmie|46\/257
|-heal|p2a: Exeggutor|81\/312 par|[from] drain|[of] p1a: Starmie
|
|turn|18
|choice|move 2|move 2
|
|move|p1a: Starmie|Blizzard|p2a: Exeggutor
|-supereffective|p2a: Exeggutor
|-damage|p2a: Exeggutor|0 fnt
|faint|p2a: Exeggutor
|choice||switch 4
|
|switch|p2a: Blastoise|Blastoise, L85|308\/308
|turn|19
|choice|switch 3|move 1
|
|switch|p1a: Magneton|Magneton, L90|273\/273
|move|p2a: Blastoise|Mimic|p1a: Magneton
|-start|p2a: Blastoise|Mimic|Thunderbolt
|
|turn|20
|choice|move 2|switch 2
|
|switch|p2a: Charmeleon|Charmeleon, L85|272\/272
|move|p1a: Magneton|Thunder Wave|p2a: Charmeleon
|-status|p2a: Charmeleon|par
|
|turn|21
|choice|switch 5|move 4
|
|switch|p1a: Cloyster|Cloyster, L83|253\/253
|move|p2a: Charmeleon|Fire Blast|p1a: Cloyster
|-damage|p1a: Cloyster|148\/253
|
|turn|22
|choice|move 4|switch 2
|
|switch|p2a: Blastoise|Blastoise, L85|308\/308
|move|p1a: Cloyster|Surf|p2a: Blastoise
|-resisted|p2a: Blastoise
|-damage|p2a: Blastoise|261\/308
|
|turn|23
|choice|move 3|move 4
|
|move|p2a: Blastoise|Earthquake|p1a: Cloyster
|-crit|p1a: Cloyster
|-damage|p1a: Cloyster|77\/253
|move|p1a: Cloyster|Toxic|p2a: Blastoise
|-status|p2a: Blastoise|tox
|
|turn|24
|choice|move 2|move 4
|
|move|p2a: Blastoise|Earthquake|p1a: Cloyster
|-damage|p1a: Cloyster|37\/253
|-damage|p2a: Blastoise|242\/308 tox|[from] tox|[of] p1a: Cloyster
|move|p1a: Cloyster|Hyper Beam|p2a: Blastoise|[miss]
|-miss|p1a: Cloyster
|
|turn|25
|choice|move 2|move 4
|
|move|p2a: Blastoise|Earthquake|p1a: Cloyster
|-damage|p1a: Cloyster|0 fnt
|faint|p1a: Cloyster
|choice|switch 5|
|
|switch|p1a: Magneton|Magneton, L90|273\/273
|turn|26
|choice|move 1|switch 2
|
|switch|p2a: Charmeleon|Charmeleon, L85|272\/272 par
|move|p1a: Magneton|Thunderbolt|p2a: Charmeleon
|-damage|p2a: Charmeleon|99\/272 par
|
|turn|27
|choice|move 1|move 4
|
|move|p1a: Magneton|Thunderbolt|p2a: Charmeleon
|-damage|p2a: Charmeleon|0 fnt
|faint|p2a: Charmeleon
|choice||switch 6
|
|switch|p2a: Onix|Onix, L90|246\/246
|turn|28
|choice|switch 4|move 2
|
|switch|p1a: Rattata|Rattata, L96|252\/252 slp
|move|p2a: Onix|Earthquake|p1a: Rattata
|-damage|p1a: Rattata|138\/252 slp
|
|turn|29
|choice|move 2|move 2
|
|cant|p1a: Rattata|slp
|move|p2a: Onix|Earthquake|p1a: Rattata
|-damage|p1a: Rattata|24\/252 slp
|
|turn|30
|choice|move 4|move 2
|
|-curestatus|p1a: Rattata|slp
|move|p2a: Onix|Earthquake|p1a: Rattata
|-damage|p1a: Rattata|0 fnt
|faint|p1a: Rattata
|choice|switch 3|
|
|switch|p1a: Starmie|Starmie, L79|46\/257
|turn|31
|choice|move 3|switch 5
|
|switch|p2a: Vaporeon|Vaporeon, L85|395\/395
|move|p1a: Starmie|Surf|p2a: Vaporeon
|-resisted|p2a: Vaporeon
|-damage|p2a: Vaporeon|354\/395
|
|turn|32
|choice|move 1|move 2
|
|move|p1a: Starmie|Recover|p1a: Starmie
|-heal|p1a: Starmie|174\/257
|move|p2a: Vaporeon|Surf|p1a: Starmie
|-resisted|p1a: Starmie
|-damage|p1a: Starmie|123\/257
|
|turn|33
|choice|move 1|move 2
|
|move|p1a: Starmie|Recover|p1a: Starmie
|-heal|p1a: Starmie|251\/257
|move|p2a: Vaporeon|Surf|p1a: Starmie
|-resisted|p1a: Starmie
|-damage|p1a: Starmie|194\/257
|
|turn|34
|choice|move 4|move 2
|
|move|p1a: Starmie|Thunder Wave|p2a: Vaporeon
|-status|p2a: Vaporeon|par
|cant|p2a: Vaporeon|par
|
|turn|35
|choice|move 3|move 1
|
|move|p1a: Starmie|Surf|p2a: Vaporeon
|-resisted|p2a: Vaporeon
|-damage|p2a: Vaporeon|313\/395 par
|move|p2a: Vaporeon|Mimic|p1a: Starmie
|-start|p2a: Vaporeon|Mimic|Blizzard
|
|turn|36
|choice|switch 4|move 2
|
|switch|p1a: Magneton|Magneton, L90|273\/273
|move|p2a: Vaporeon|Surf|p1a: Magneton
|-damage|p1a: Magneton|188\/273
|
|turn|37
|choice|move 1|switch 5
|
|switch|p2a: Onix|Onix, L90|246\/246
|move|p1a: Magneton|Thunderbolt|p2a: Onix
|-immune|p2a: Onix|[msg]
|
|turn|38
|choice|switch 4|move 4
|
|switch|p1a: Starmie|Starmie, L79|194\/257
|move|p2a: Onix|Toxic|p1a: Starmie|[miss]
|-miss|p2a: Onix
|
|turn|39
|choice|move 3|switch 5
|
|switch|p2a: Vaporeon|Vaporeon, L85|313\/395 par
|move|p1a: Starmie|Surf|p2a: Vaporeon
|-crit|p2a: Vaporeon
|-resisted|p2a: Vaporeon
|-damage|p2a: Vaporeon|232\/395 par
|
|turn|40
|choice|move 3|move 2
|
|move|p1a: Starmie|Surf|p2a: Vaporeon
|-crit|p2a: Vaporeon
|-resisted|p2a: Vaporeon
|-damage|p2a: Vaporeon|153\/395 par
|cant|p2a: Vaporeon|par
|
|turn|41
|choice|move 3|move 4
|
|move|p1a: Starmie|Surf|p2a: Vaporeon
|-resisted|p2a: Vaporeon
|-damage|p2a: Vaporeon|112\/395 par
|move|p2a: Vaporeon|Rest|p2a: Vaporeon
|-status|p2a: Vaporeon|slp
|-heal|p2a: Vaporeon|395\/395 slp|[silent]
|-status|p2a: Vaporeon|slp|[from] move: Rest
|
|turn|42
|choice|switch 4|move 2
|
|switch|p1a: Magneton|Magneton, L90|188\/273
|cant|p2a: Vaporeon|slp
|
|turn|43
|choice|move 1|switch 5
|
|switch|p2a: Onix|Onix, L90|246\/246
|move|p1a: Magneton|Thunderbolt|p2a: Onix
|-immune|p2a: Onix|[msg]
|
|turn|44
|choice|switch 4|move 4
|
|switch|p1a: Starmie|Starmie, L79|194\/257
|move|p2a: Onix|Toxic|p1a: Starmie
|-status|p1a: Starmie|tox
|
|turn|45
|choice|switch 6|switch 5
|
|switch|p1a: Golem|Golem, L79|288\/288
|switch|p2a: Vaporeon|Vaporeon, L85|395\/395 slp
|
|turn|46
|choice|move 3|switch 2
|
|switch|p2a: Blastoise|Blastoise, L85|242\/308 tox
|-status|p2a: Blastoise|psn
|-damage|p2a: Blastoise|223\/308 psn|[from] psn
|move|p1a: Golem|Earthquake|p2a: Blastoise
|-damage|p2a: Blastoise|133\/308 psn
|
|turn|47
|choice|switch 6|move 3
|
|switch|p1a: Starmie|Starmie, L79|194\/257 tox
|-status|p1a: Starmie|psn
|-damage|p1a: Starmie|178\/257 psn|[from] psn
|move|p2a: Blastoise|Hydro Pump|p1a: Starmie
|-resisted|p1a: Starmie
|-damage|p1a: Starmie|121\/257 psn
|-damage|p2a: Blastoise|114\/308 psn|[from] psn|[of] p1a: Starmie
|
|turn|48
|choice|move 1|switch 2
|
|switch|p2a: Vaporeon|Vaporeon, L85|395\/395 slp
|move|p1a: Starmie|Recover|p1a: Starmie
|-heal|p1a: Starmie|249\/257 psn
|-damage|p1a: Starmie|233\/257 psn|[from] psn
|
|turn|49
|choice|switch 4|move 2
|
|switch|p1a: Magneton|Magneton, L90|188\/273
|-curestatus|p2a: Vaporeon|slp
|
|turn|50
|choice|move 3|switch 5
|
|switch|p2a: Onix|Onix, L90|246\/246
|move|p1a: Magneton|Double-Edge|p2a: Onix
|-resisted|p2a: Onix
|-damage|p2a: Onix|229\/246
|-damage|p1a: Magneton|184\/273|[from] recoil|[of] p2a: Onix
|
|turn|51
|choice|switch 4|move 2
|
|switch|p1a: Starmie|Starmie, L79|233\/257 psn
|-damage|p1a: Starmie|217\/257 psn|[from] psn
|move|p2a: Onix|Earthquake|p1a: Starmie
|-damage|p1a: Starmie|131\/257 psn
|
|turn|52
|choice|move 2|switch 5
|
|switch|p2a: Vaporeon|Vaporeon, L85|395\/395
|move|p1a: Starmie|Blizzard|p2a: Vaporeon|[miss]
|-miss|p1a: Starmie
|-damage|p1a: Starmie|115\/257 psn|[from] psn|[of] p2a: Vaporeon
|
|turn|53
|choice|move 1|move 3
|
|move|p1a: Starmie|Recover|p1a: Starmie
|-heal|p1a: Starmie|243\/257 psn
|-damage|p1a: Starmie|227\/257 psn|[from] psn
|move|p2a: Vaporeon|Blizzard|p1a: Starmie
|-resisted|p1a: Starmie
|-damage|p1a: Starmie|184\/257 psn
|
|turn|54
|choice|move 4|move 3
|
|move|p1a: Starmie|Thunder Wave|p2a: Vaporeon
|-status|p2a: Vaporeon|par
|-damage|p1a: Starmie|168\/257 psn|[from] psn|[of] p2a: Vaporeon
|move|p2a: Vaporeon|Blizzard|p1a: Starmie
|-resisted|p1a: Starmie
|-damage|p1a: Starmie|124\/257 psn
|
|turn|55
|choice|switch 2|move 3
|
|switch|p1a: Graveler|Graveler, L85|267\/267
|move|p2a: Vaporeon|Blizzard|p1a: Graveler
|-supereffective|p1a: Graveler
|-damage|p1a: Graveler|5\/267
|
|turn|56
|choice|move 2|move 2
|
|move|p1a: Graveler|Earthquake|p2a: Vaporeon
|-damage|p2a: Vaporeon|252\/395 par
|cant|p2a: Vaporeon|par
|
|turn|57
|choice|move 3|move 2
|
|move|p1a: Graveler|Explosion|p2a: Vaporeon
|-damage|p2a: Vaporeon|0 fnt
|faint|p2a: Vaporeon
|faint|p1a: Graveler
|choice|switch 2|switch 5
|
|switch|p1a: Starmie|Starmie, L79|124\/257 psn
|switch|p2a: Onix|Onix, L90|229\/246
|turn|58
|choice|move 3|switch 2
|
|switch|p2a: Blastoise|Blastoise, L85|114\/308 psn
|-damage|p2a: Blastoise|95\/308 psn|[from] psn
|move|p1a: Starmie|Surf|p2a: Blastoise
|-crit|p2a: Blastoise
|-resisted|p2a: Blastoise
|-damage|p2a: Blastoise|1\/308 psn
|-damage|p1a: Starmie|108\/257 psn|[from] psn|[of] p2a: Blastoise
|
|turn|59
|choice|move 1|move 4
|
|move|p1a: Starmie|Recover|p1a: Starmie
|-heal|p1a: Starmie|236\/257 psn
|-damage|p1a: Starmie|220\/257 psn|[from] psn
|move|p2a: Blastoise|Earthquake|p1a: Starmie
|-damage|p1a: Starmie|149\/257 psn
|-damage|p2a: Blastoise|0 fnt|[from] psn|[of] p1a: Starmie
|faint|p2a: Blastoise
|choice||switch 3
|
|switch|p2a: Nidoran-M|Nidoran-M, L96|283\/283
|turn|60
|choice|switch 4|move 4
|
|switch|p1a: Magneton|Magneton, L90|184\/273
|move|p2a: Nidoran-M|Substitute|p2a: Nidoran-M
|-start|p2a: Nidoran-M|Substitute
|-damage|p2a: Nidoran-M|213\/283
|
|turn|61
|choice|move 3|move 3
|
|move|p1a: Magneton|Double-Edge|p2a: Nidoran-M
|-end|p2a: Nidoran-M|Substitute
|-damage|p1a: Magneton|166\/273|[from] recoil|[of] p2a: Nidoran-M
|move|p2a: Nidoran-M|Body Slam|p1a: Magneton
|-crit|p1a: Magneton
|-damage|p1a: Magneton|69\/273
|
|turn|62
|choice|move 1|switch 2
|
|switch|p2a: Onix|Onix, L90|229\/246
|move|p1a: Magneton|Thunderbolt|p2a: Onix
|-immune|p2a: Onix|[msg]
|
|turn|63
|choice|switch 4|move 2
|
|switch|p1a: Starmie|Starmie, L79|149\/257 psn
|-damage|p1a: Starmie|133\/257 psn|[from] psn
|move|p2a: Onix|Earthquake|p1a: Starmie
|-damage|p1a: Starmie|54\/257 psn
|
|turn|64
|choice|move 3|switch 2
|
|switch|p2a: Nidoran-M|Nidoran-M, L96|213\/283
|move|p1a: Starmie|Surf|p2a: Nidoran-M
|-damage|p2a: Nidoran-M|89\/283
|-damage|p1a: Starmie|38\/257 psn|[from] psn|[of] p2a: Nidoran-M
|
|turn|65
|choice|move 1|move 2
|
|move|p1a: Starmie|Recover|p1a: Starmie
|-heal|p1a: Starmie|166\/257 psn
|-damage|p1a: Starmie|150\/257 psn|[from] psn
|move|p2a: Nidoran-M|Rest|p2a: Nidoran-M
|-status|p2a: Nidoran-M|slp
|-heal|p2a: Nidoran-M|283\/283 slp|[silent]
|-status|p2a: Nidoran-M|slp|[from] move: Rest
|
|turn|66
|choice|move 3|move 4
|
|move|p1a: Starmie|Surf|p2a: Nidoran-M
|-damage|p2a: Nidoran-M|159\/283 slp
|-damage|p1a: Starmie|134\/257 psn|[from] psn|[of] p2a: Nidoran-M
|cant|p2a: Nidoran-M|slp
|
|turn|67
|choice|move 3|move 3
|
|move|p1a: Starmie|Surf|p2a: Nidoran-M
|-damage|p2a: Nidoran-M|36\/283 slp
|-damage|p1a: Starmie|118\/257 psn|[from] psn|[of] p2a: Nidoran-M
|-curestatus|p2a: Nidoran-M|slp
|
|turn|68
|choice|move 3|move 2
|
|move|p1a: Starmie|Surf|p2a: Nidoran-M
|-damage|p2a: Nidoran-M|0 fnt
|faint|p2a: Nidoran-M
|choice||switch 2
|
|switch|p2a: Onix|Onix, L90|229\/246
|turn|69
|choice|move 1|move 1
|
|move|p1a: Starmie|Recover|p1a: Starmie
|-heal|p1a: Starmie|246\/257 psn
|-damage|p1a: Starmie|230\/257 psn|[from] psn
|move|p2a: Onix|Explosion|p1a: Starmie
|-damage|p1a: Starmie|38\/257 psn
|faint|p2a: Onix
|
|win|MALESANI
|raw|MALESANI's rating: 1169 &rarr; <strong>1185<\/strong><br \/>(+16 for winning)
|raw|Trainer Jimmy G's rating: 1040 &rarr; <strong>1030<\/strong><br \/>(-10 for losing)
|c|★Trainer Jimmy G|hh
|c|★MALESANI|gg