|j|Sxlegend
|j|Respawn4
|player|p1|Sxlegend|162
|player|p2|Respawn4|169
|gametype|singles
|gen|1
|tier|[Gen 1] Random Battle
|rated
|seed|31025,44707,48481,5561
|rule|Sleep Clause Mod: Limit one foe put to sleep
|rule|Freeze Clause Mod: Limit one foe frozen
|rule|HP Percentage Mod: HP is shown in percentages
|
|start
|switch|p1a: Golduck|Golduck, L85|310\/310
|switch|p2a: Gengar|Gengar, L79|257\/257
|turn|1
|choice|move 2|move 4
|
|move|p2a: Gengar|Thunderbolt|p1a: Golduck
|-crit|p1a: Golduck
|-supereffective|p1a: Golduck
|-damage|p1a: Golduck|26\/310
|move|p1a: Golduck|Ice Beam|p2a: Gengar
|-damage|p2a: Gengar|207\/257
|
|turn|2
|choice|move 2|move 2
|
|move|p2a: Gengar|Mega Drain|p1a: Golduck
|-crit|p1a: Golduck
|-supereffective|p1a: Golduck
|-damage|p1a: Golduck|0 fnt
|-heal|p2a: Gengar|220\/257|[from] drain|[of] p1a: Golduck
|faint|p1a: Golduck
|choice|switch 6|
|
|switch|p1a: Gengar|Gengar, L79|257\/257
|turn|3
|choice|move 1|move 3
|
|move|p1a: Gengar|Hypnosis|p2a: Gengar
|-status|p2a: Gengar|slp
|cant|p2a: Gengar|slp
|
|turn|4
|choice|move 2|move 4
|
|move|p1a: Gengar|Thunderbolt|p2a: Gengar
|-damage|p2a: Gengar|166\/257 slp
|cant|p2a: Gengar|slp
|
|turn|5
|choice|move 2|move 1
|
|cant|p2a: Gengar|slp
|move|p1a: Gengar|Thunderbolt|p2a: Gengar
|-damage|p2a: Gengar|111\/257 slp
|
|turn|6
|choice|move 2|move 1
|
|move|p1a: Gengar|Thunderbolt|p2a: Gengar
|-damage|p2a: Gengar|55\/257 slp
|-curestatus|p2a: Gengar|slp
|
|turn|7
|choice|move 2|move 1
|
|move|p2a: Gengar|Hypnosis|p1a: Gengar|[miss]
|-miss|p2a: Gengar
|move|p1a: Gengar|Thunderbolt|p2a: Gengar
|-damage|p2a: Gengar|1\/257
|
|turn|8
|choice|switch 5|move 1
|
|switch|p1a: Weezing|Weezing, L90|300\/300
|move|p2a: Gengar|Hypnosis|p1a: Weezing
|-status|p1a: Weezing|slp
|
|turn|9
|choice|move 2|move 2
|
|move|p2a: Gengar|Mega Drain|p1a: Weezing
|-resisted|p1a: Weezing
|-damage|p1a: Weezing|287\/300 slp
|-heal|p2a: Gengar|7\/257|[from] drain|[of] p1a: Weezing
|cant|p1a: Weezing|slp
|
|turn|10
|choice|move 3|switch 5
|
|switch|p2a: Mewtwo|Mewtwo, L70|293\/293
|cant|p1a: Weezing|slp
|
|turn|11
|choice|move 1|move 4
|
|move|p2a: Mewtwo|Ice Beam|p1a: Weezing
|-damage|p1a: Weezing|219\/300 slp
|-curestatus|p1a: Weezing|slp
|
|turn|12
|choice|move 2|move 2
|
|move|p2a: Mewtwo|Body Slam|p1a: Weezing
|-damage|p1a: Weezing|185\/300
|move|p1a: Weezing|Sludge|p2a: Mewtwo
|-damage|p2a: Mewtwo|201\/293
|
|turn|13
|choice|move 3|move 1
|
|move|p2a: Mewtwo|Psychic|p1a: Weezing
|-supereffective|p1a: Weezing
|-damage|p1a: Weezing|7\/300
|-unboost|p1a: Weezing|spd|1
|-unboost|p1a: Weezing|spa|1
|move|p1a: Weezing|Thunder|p2a: Mewtwo
|-damage|p2a: Mewtwo|151\/293
|
|turn|14
|choice|move 1|move 1
|
|move|p2a: Mewtwo|Psychic|p1a: Weezing
|-supereffective|p1a: Weezing
|-damage|p1a: Weezing|0 fnt
|faint|p1a: Weezing
|choice|switch 3|
|
|switch|p1a: Dragonair|Dragonair, L85|277\/277
|turn|15
|choice|move 4|move 3
|
|move|p2a: Mewtwo|Recover|p2a: Mewtwo
|-heal|p2a: Mewtwo|293\/293
|move|p1a: Dragonair|Substitute|p1a: Dragonair
|-start|p1a: Dragonair|Substitute
|-damage|p1a: Dragonair|208\/277
|
|turn|16
|choice|move 1|move 1
|
|move|p2a: Mewtwo|Psychic|p1a: Dragonair
|-end|p1a: Dragonair|Substitute
|move|p1a: Dragonair|Ice Beam|p2a: Mewtwo
|-damage|p2a: Mewtwo|248\/293
|
|turn|17
|choice|move 1|move 4
|
|move|p2a: Mewtwo|Ice Beam|p1a: Dragonair
|-crit|p1a: Dragonair
|-supereffective|p1a: Dragonair
|-damage|p1a: Dragonair|0 fnt
|faint|p1a: Dragonair
|choice|switch 5|
|
|switch|p1a: Gengar|Gengar, L79|257\/257
|turn|18
|choice|move 1|move 1
|
|move|p1a: Gengar|Hypnosis|p2a: Mewtwo|[miss]
|-miss|p1a: Gengar
|move|p2a: Mewtwo|Psychic|p1a: Gengar
|-supereffective|p1a: Gengar
|-damage|p1a: Gengar|99\/257
|
|turn|19
|choice|move 1|move 1
|
|move|p1a: Gengar|Hypnosis|p2a: Mewtwo
|-status|p2a: Mewtwo|slp
|cant|p2a: Mewtwo|slp
|
|turn|20
|choice|move 3|move 1
|
|move|p1a: Gengar|Mega Drain|p2a: Mewtwo
|-crit|p2a: Mewtwo
|-damage|p2a: Mewtwo|200\/293 slp
|-heal|p1a: Gengar|123\/257|[from] drain|[of] p2a: Mewtwo
|-curestatus|p2a: Mewtwo|slp
|
|turn|21
|choice|move 1|move 1
|
|move|p2a: Mewtwo|Psychic|p1a: Gengar
|-supereffective|p1a: Gengar
|-damage|p1a: Gengar|0 fnt
|faint|p1a: Gengar
|choice|switch 4|
|
|switch|p1a: Pinsir|Pinsir, L85|284\/284
|turn|22
|choice|move 3|move 4
|
|move|p2a: Mewtwo|Ice Beam|p1a: Pinsir
|-damage|p1a: Pinsir|198\/284
|move|p1a: Pinsir|Swords Dance|p1a: Pinsir
|-boost|p1a: Pinsir|atk|2
|
|turn|23
|choice|move 2|move 1
|
|move|p2a: Mewtwo|Psychic|p1a: Pinsir
|-damage|p1a: Pinsir|81\/284
|-unboost|p1a: Pinsir|spd|1
|-unboost|p1a: Pinsir|spa|1
|move|p1a: Pinsir|Body Slam|p2a: Mewtwo
|-damage|p2a: Mewtwo|35\/293
|
|turn|24
|choice|move 1|move 3
|
|move|p2a: Mewtwo|Recover|p2a: Mewtwo
|-heal|p2a: Mewtwo|181\/293
|move|p1a: Pinsir|Hyper Beam|p2a: Mewtwo|[miss]
|-miss|p1a: Pinsir
|
|turn|25
|choice|move 2|move 4
|
|move|p2a: Mewtwo|Ice Beam|p1a: Pinsir
|-damage|p1a: Pinsir|0 fnt
|faint|p1a: Pinsir
|choice|switch 2|
|
|switch|p1a: Mew|Mew, L74|300\/300
|turn|26
|choice|move 4|move 1
|
|move|p2a: Mewtwo|Psychic|p1a: Mew
|-resisted|p1a: Mew
|-damage|p1a: Mew|255\/300
|move|p1a: Mew|Thunder Wave|p2a: Mewtwo
|-status|p2a: Mewtwo|par
|
|turn|27
|choice|move 2|switch 5
|
|switch|p2a: Gengar|Gengar, L79|7\/257
|move|p1a: Mew|Thunderbolt|p2a: Gengar
|-damage|p2a: Gengar|0 fnt
|faint|p2a: Gengar
|choice||switch 2
|
|switch|p2a: Meowth|Meowth, L96|272\/272
|turn|28
|choice|move 1|move 4
|
|move|p2a: Meowth|Body Slam|p1a: Mew
|-damage|p1a: Mew|180\/300
|move|p1a: Mew|Horn Drill|p2a: Meowth
|-immune|p2a: Meowth|[ohko]
|
|turn|29
|choice|move 2|move 1
|
|move|p2a: Meowth|Slash|p1a: Mew
|-crit|p1a: Mew
|-damage|p1a: Mew|54\/300
|move|p1a: Mew|Thunderbolt|p2a: Meowth
|-damage|p2a: Meowth|200\/272
|-status|p2a: Meowth|par
|
|turn|30
|choice|move 3|move 4
|
|move|p1a: Mew|Blizzard|p2a: Meowth
|-damage|p2a: Meowth|116\/272 par
|move|p2a: Meowth|Body Slam|p1a: Mew
|-damage|p1a: Mew|0 fnt
|faint|p1a: Mew
|
|win|Respawn4
|raw|Sxlegend's rating: 1056 &rarr; <strong>1035<\/strong><br \/>(-21 for losing)
|raw|Respawn4's rating: 1000 &rarr; <strong>1046<\/strong><br \/>(+46 for winning)
|l|Sxlegend
|player|p1