|join|MALESANI
|join|the jews
|player|p1|MALESANI|238
|player|p2|the jews|265
|gametype|singles
|gen|1
|tier|[Gen 1] Random Battle
|rated
|seed|4266,42849,30275,20694
|rule|Sleep Clause Mod: Limit one foe put to sleep
|rule|Freeze Clause Mod: Limit one foe frozen
|rule|HP Percentage Mod: HP is shown in percentages
|
|start
|switch|p1a: Dugtrio|Dugtrio, L85|233\/233
|switch|p2a: Vileplume|Vileplume, L90|318\/318
|turn|1
|choice|switch 6|move 2
|
|switch|p1a: Muk|Muk, L90|372\/372
|move|p2a: Vileplume|Sleep Powder|p1a: Muk|[miss]
|-miss|p2a: Vileplume
|
|turn|2
|choice|move 4|move 2
|
|move|p1a: Muk|Body Slam|p2a: Vileplume
|-damage|p2a: Vileplume|243\/318
|move|p2a: Vileplume|Sleep Powder|p1a: Muk
|-status|p1a: Muk|slp
|
|turn|3
|choice|switch 3|switch 2
|
|switch|p1a: Dodrio|Dodrio, L85|276\/276
|switch|p2a: Diglett|Diglett, L96|214\/214
|
|turn|4
|choice|move 1|switch 5
|
|switch|p2a: Magneton|Magneton, L90|273\/273
|move|p1a: Dodrio|Drill Peck|p2a: Magneton
|-resisted|p2a: Magneton
|-damage|p2a: Magneton|230\/273
|
|turn|5
|choice|switch 6|move 4
|
|switch|p1a: Dugtrio|Dugtrio, L85|233\/233
|move|p2a: Magneton|Double-Edge|p1a: Dugtrio
|-crit|p1a: Dugtrio
|-damage|p1a: Dugtrio|62\/233
|-damage|p2a: Magneton|188\/273|[from] recoil|[of] p1a: Dugtrio
|
|turn|6
|choice|move 1|switch 2
|
|switch|p2a: Vileplume|Vileplume, L90|243\/318
|move|p1a: Dugtrio|Earthquake|p2a: Vileplume
|-damage|p2a: Vileplume|143\/318
|
|turn|7
|choice|switch 6|move 3
|
|switch|p1a: Dodrio|Dodrio, L85|276\/276
|move|p2a: Vileplume|Body Slam|p1a: Dodrio
|-damage|p1a: Dodrio|204\/276
|
|turn|8
|choice|move 3|move 3
|
|move|p1a: Dodrio|Body Slam|p2a: Vileplume
|-damage|p2a: Vileplume|53\/318
|-status|p2a: Vileplume|par
|cant|p2a: Vileplume|par
|
|turn|9
|choice|move 3|move 3
|
|move|p1a: Dodrio|Body Slam|p2a: Vileplume
|-damage|p2a: Vileplume|0 fnt
|faint|p2a: Vileplume
|choice||switch 2
|
|switch|p2a: Magneton|Magneton, L90|188\/273
|turn|10
|choice|switch 3|move 4
|
|switch|p1a: Muk|Muk, L90|372\/372 slp
|move|p2a: Magneton|Double-Edge|p1a: Muk
|-damage|p1a: Muk|306\/372 slp
|-damage|p2a: Magneton|172\/273|[from] recoil|[of] p1a: Muk
|
|turn|11
|choice|move 2|move 1
|
|move|p2a: Magneton|Thunderbolt|p1a: Muk
|-damage|p1a: Muk|167\/372 slp
|cant|p1a: Muk|slp
|
|turn|12
|choice|move 1|move 4
|
|move|p2a: Magneton|Double-Edge|p1a: Muk
|-damage|p1a: Muk|100\/372 slp
|-damage|p2a: Magneton|156\/273|[from] recoil|[of] p1a: Muk
|cant|p1a: Muk|slp
|
|turn|13
|choice|move 1|move 3
|
|move|p2a: Magneton|Hyper Beam|p1a: Muk
|-damage|p1a: Muk|1\/372 slp
|cant|p1a: Muk|slp
|
|turn|14
|-mustrecharge|p2a: Magneton
|-mustrecharge|p2a: Magneton
|choice|switch 6|move 1
|
|switch|p1a: Dugtrio|Dugtrio, L85|62\/233
|cant|p2a: Magneton|recharge
|
|turn|15
|choice|move 1|switch 6
|
|switch|p2a: Starmie|Starmie, L79|257\/257
|move|p1a: Dugtrio|Earthquake|p2a: Starmie
|-damage|p2a: Starmie|157\/257
|
|turn|16
|choice|move 1|move 3
|
|move|p1a: Dugtrio|Earthquake|p2a: Starmie
|-damage|p2a: Starmie|49\/257
|move|p2a: Starmie|Blizzard|p1a: Dugtrio
|-supereffective|p1a: Dugtrio
|-damage|p1a: Dugtrio|0 fnt
|faint|p1a: Dugtrio
|choice|switch 2|
|
|switch|p1a: Magneton|Magneton, L90|273\/273
|turn|17
|choice|move 3|switch 5
|
|switch|p2a: Diglett|Diglett, L96|214\/214
|move|p1a: Magneton|Double-Edge|p2a: Diglett
|-damage|p2a: Diglett|117\/214
|-damage|p1a: Magneton|249\/273|[from] recoil|[of] p2a: Diglett
|
|turn|18
|choice|switch 3|move 3
|
|switch|p1a: Dodrio|Dodrio, L85|204\/276
|move|p2a: Diglett|Slash|p1a: Dodrio
|-crit|p1a: Dodrio
|-damage|p1a: Dodrio|108\/276
|
|turn|19
|choice|move 1|move 3
|
|move|p2a: Diglett|Slash|p1a: Dodrio
|-crit|p1a: Dodrio
|-damage|p1a: Dodrio|1\/276
|move|p1a: Dodrio|Drill Peck|p2a: Diglett
|-damage|p2a: Diglett|0 fnt
|faint|p2a: Diglett
|choice||switch 5
|
|switch|p2a: Starmie|Starmie, L79|49\/257
|turn|20
|choice|switch 6|move 3
|
|switch|p1a: Muk|Muk, L90|1\/372 slp
|move|p2a: Starmie|Blizzard|p1a: Muk
|-damage|p1a: Muk|0 fnt
|faint|p1a: Muk
|choice|switch 5|
|
|switch|p1a: Persian|Persian, L79|265\/265
|turn|21
|choice|move 3|move 2
|
|move|p1a: Persian|Body Slam|p2a: Starmie
|-crit|p2a: Starmie
|-damage|p2a: Starmie|0 fnt
|faint|p2a: Starmie
|choice||switch 6
|
|switch|p2a: Magneton|Magneton, L90|156\/273
|turn|22
|choice|move 3|move 1
|
|move|p1a: Persian|Body Slam|p2a: Magneton
|-damage|p2a: Magneton|101\/273
|move|p2a: Magneton|Thunderbolt|p1a: Persian
|-damage|p1a: Persian|87\/265
|
|turn|23
|c|★the jews|GETTIN REAL UNLUCKY WITH THESE 1%
|choice|move 2|move 3
|
|move|p1a: Persian|Hyper Beam|p2a: Magneton
|-damage|p2a: Magneton|0 fnt
|faint|p2a: Magneton
|choice||switch 3
|
|switch|p2a: Charmeleon|Charmeleon, L85|272\/272
|turn|24
|choice|move 2|move 1
|
|move|p1a: Persian|Hyper Beam|p2a: Charmeleon
|-damage|p2a: Charmeleon|120\/272
|move|p2a: Charmeleon|Fire Blast|p1a: Persian
|-damage|p1a: Persian|0 fnt
|faint|p1a: Persian
|choice|switch 6|
|
|switch|p1a: Dodrio|Dodrio, L85|1\/276
|turn|25
|choice|move 4|move 4
|
|move|p1a: Dodrio|Hyper Beam|p2a: Charmeleon
|-damage|p2a: Charmeleon|0 fnt
|faint|p2a: Charmeleon
|choice||switch 4
|
|switch|p2a: Venomoth|Venomoth, L85|293\/293
|turn|26
|choice|move 1|move 2
|
|move|p1a: Dodrio|Drill Peck|p2a: Venomoth
|-supereffective|p2a: Venomoth
|-damage|p2a: Venomoth|49\/293
|move|p2a: Venomoth|Psychic|p1a: Dodrio
|-damage|p1a: Dodrio|0 fnt
|faint|p1a: Dodrio
|choice|switch 4|
|
|switch|p1a: Lapras|Lapras, L79|367\/367
|turn|27
|choice|move 4|move 3
|
|move|p2a: Venomoth|Sleep Powder|p1a: Lapras
|-status|p1a: Lapras|slp
|cant|p1a: Lapras|slp
|
|turn|28
|choice|switch 3|move 2
|
|switch|p1a: Magneton|Magneton, L90|249\/273
|move|p2a: Venomoth|Psychic|p1a: Magneton
|-crit|p1a: Magneton
|-damage|p1a: Magneton|165\/273
|
|turn|29
|choice|move 4|move 1
|
|move|p2a: Venomoth|Stun Spore|p1a: Magneton
|-status|p1a: Magneton|par
|move|p1a: Magneton|Thunder Wave|p2a: Venomoth
|-status|p2a: Venomoth|par
|
|turn|30
|choice|move 1|move 2
|
|move|p2a: Venomoth|Psychic|p1a: Magneton
|-damage|p1a: Magneton|115\/273 par
|-unboost|p1a: Magneton|spd|1
|-unboost|p1a: Magneton|spa|1
|move|p1a: Magneton|Thunderbolt|p2a: Venomoth
|-damage|p2a: Venomoth|0 fnt
|faint|p2a: Venomoth
|
|win|MALESANI
|raw|MALESANI's rating: 1256 &rarr; <strong>1278<\/strong><br \/>(+22 for winning)
|raw|the jews's rating: 1215 &rarr; <strong>1193<\/strong><br \/>(-22 for losing)