|j|victwo
|j|kavlarhs
|player|p1|victwo|130
|player|p2|kavlarhs|265
|gametype|singles
|gen|1
|tier|[Gen 1] Random Battle
|rated
|seed|15734,53468,63344,11157
|rule|Sleep Clause Mod: Limit one foe put to sleep
|rule|Freeze Clause Mod: Limit one foe frozen
|rule|HP Percentage Mod: HP is shown in percentages
|
|start
|switch|p1a: Poliwhirl|Poliwhirl, L85|284\/284
|switch|p2a: Muk|Muk, L90|372\/372
|turn|1
|choice|move 4|move 3
|
|move|p1a: Poliwhirl|Psychic|p2a: Muk
|-crit|p2a: Muk
|-supereffective|p2a: Muk
|-damage|p2a: Muk|163\/372
|move|p2a: Muk|Mega Drain|p1a: Poliwhirl
|-supereffective|p1a: Poliwhirl
|-damage|p1a: Poliwhirl|213\/284
|-heal|p2a: Muk|198\/372|[from] drain|[of] p1a: Poliwhirl
|
|turn|2
|choice|switch 3|switch 6
|
|switch|p1a: Mr. Mime|Mr. Mime, L85|242\/242
|switch|p2a: Hypno|Hypno, L85|318\/318
|
|turn|3
|choice|move 2|move 2
|
|move|p1a: Mr. Mime|Thunder Wave|p2a: Hypno
|-status|p2a: Hypno|par
|move|p2a: Hypno|Hypnosis|p1a: Mr. Mime
|-status|p1a: Mr. Mime|slp
|
|turn|4
|choice|switch 3|switch 6
|
|switch|p1a: Poliwhirl|Poliwhirl, L85|213\/284
|switch|p2a: Muk|Muk, L90|198\/372
|
|turn|5
|choice|move 1|move 1
|
|move|p1a: Poliwhirl|Amnesia|p1a: Poliwhirl
|-boost|p1a: Poliwhirl|spd|2
|-boost|p1a: Poliwhirl|spa|2
|move|p2a: Muk|Explosion|p1a: Poliwhirl
|-damage|p1a: Poliwhirl|0 fnt
|faint|p1a: Poliwhirl
|faint|p2a: Muk
|choice|switch 4|switch 6
|
|switch|p1a: Persian|Persian, L79|265\/265
|switch|p2a: Hypno|Hypno, L85|318\/318 par
|turn|6
|choice|move 1|move 2
|
|move|p1a: Persian|Slash|p2a: Hypno
|-crit|p2a: Hypno
|-damage|p2a: Hypno|189\/318 par
|move|p2a: Hypno|Hypnosis|p1a: Persian
|-message|Sleep Clause Mod activated.
|
|turn|7
|choice|move 1|move 2
|
|move|p1a: Persian|Slash|p2a: Hypno
|-crit|p2a: Hypno
|-damage|p2a: Hypno|60\/318 par
|move|p2a: Hypno|Hypnosis|p1a: Persian
|-message|Sleep Clause Mod activated.
|
|turn|8
|choice|move 1|move 3
|
|move|p1a: Persian|Slash|p2a: Hypno
|-crit|p2a: Hypno
|-damage|p2a: Hypno|0 fnt
|faint|p2a: Hypno
|choice||switch 4
|
|switch|p2a: Jolteon|Jolteon, L79|265\/265
|turn|9
|choice|switch 5|move 1
|
|switch|p1a: Nidoqueen|Nidoqueen, L85|327\/327
|move|p2a: Jolteon|Thunderbolt|p1a: Nidoqueen
|-immune|p1a: Nidoqueen|[msg]
|
|turn|10
|choice|move 4|move 4
|
|move|p2a: Jolteon|Double Kick|p1a: Nidoqueen
|-resisted|p1a: Nidoqueen
|-damage|p1a: Nidoqueen|320\/327
|-damage|p1a: Nidoqueen|313\/327
|-hitcount|p1a: Nidoqueen|2
|move|p1a: Nidoqueen|Body Slam|p2a: Jolteon
|-damage|p2a: Jolteon|191\/265
|
|turn|11
|choice|move 4|switch 3
|
|switch|p2a: Vileplume|Vileplume, L90|318\/318
|move|p1a: Nidoqueen|Body Slam|p2a: Vileplume
|-damage|p2a: Vileplume|265\/318
|-status|p2a: Vileplume|par
|
|turn|12
|choice|switch 6|move 4
|
|switch|p1a: Zapdos|Zapdos, L79|304\/304
|move|p2a: Vileplume|Mega Drain|p1a: Zapdos
|-resisted|p1a: Zapdos
|-damage|p1a: Zapdos|283\/304
|-heal|p2a: Vileplume|275\/318 par|[from] drain|[of] p1a: Zapdos
|
|turn|13
|choice|move 4|move 1
|
|move|p1a: Zapdos|Drill Peck|p2a: Vileplume
|-supereffective|p2a: Vileplume
|-damage|p2a: Vileplume|131\/318 par
|move|p2a: Vileplume|Body Slam|p1a: Zapdos
|-damage|p1a: Zapdos|214\/304
|-status|p1a: Zapdos|par
|
|turn|14
|choice|move 4|move 1
|
|move|p1a: Zapdos|Drill Peck|p2a: Vileplume
|-supereffective|p2a: Vileplume
|-damage|p2a: Vileplume|0 fnt
|faint|p2a: Vileplume
|choice||switch 5
|
|switch|p2a: Lapras|Lapras, L79|367\/367
|turn|15
|choice|move 1|move 3
|
|move|p2a: Lapras|Blizzard|p1a: Zapdos
|-crit|p1a: Zapdos
|-supereffective|p1a: Zapdos
|-damage|p1a: Zapdos|0 fnt
|faint|p1a: Zapdos
|choice|switch 5|
|
|switch|p1a: Persian|Persian, L79|265\/265
|turn|16
|choice|move 3|move 3
|
|move|p1a: Persian|Body Slam|p2a: Lapras
|-damage|p2a: Lapras|291\/367
|move|p2a: Lapras|Blizzard|p1a: Persian
|-damage|p1a: Persian|120\/265
|
|turn|17
|choice|move 4|move 3
|
|move|p1a: Persian|Thunderbolt|p2a: Lapras
|-supereffective|p2a: Lapras
|-damage|p2a: Lapras|202\/367
|move|p2a: Lapras|Blizzard|p1a: Persian
|-crit|p1a: Persian
|-damage|p1a: Persian|0 fnt
|faint|p1a: Persian
|choice|switch 6|
|
|switch|p1a: Nidoqueen|Nidoqueen, L85|313\/327
|turn|18
|choice|move 1|move 3
|
|move|p1a: Nidoqueen|Earthquake|p2a: Lapras
|-damage|p2a: Lapras|95\/367
|move|p2a: Lapras|Blizzard|p1a: Nidoqueen
|-supereffective|p1a: Nidoqueen
|-damage|p1a: Nidoqueen|92\/327
|
|turn|19
|choice|move 1|move 3
|
|move|p1a: Nidoqueen|Earthquake|p2a: Lapras
|-damage|p2a: Lapras|0 fnt
|faint|p2a: Lapras
|choice||switch 2
|
|switch|p2a: Pidgeotto|Pidgeotto, L90|297\/297
|turn|20
|choice|move 3|move 1
|
|move|p2a: Pidgeotto|Double-Edge|p1a: Nidoqueen
|-damage|p1a: Nidoqueen|6\/327
|-damage|p2a: Pidgeotto|276\/297|[from] recoil|[of] p1a: Nidoqueen
|move|p1a: Nidoqueen|Blizzard|p2a: Pidgeotto
|-supereffective|p2a: Pidgeotto
|-damage|p2a: Pidgeotto|83\/297
|
|turn|21
|choice|switch 3|move 3
|
|switch|p1a: Mr. Mime|Mr. Mime, L85|242\/242 slp
|move|p2a: Pidgeotto|Mirror Move|p2a: Pidgeotto
|-fail|p2a: Pidgeotto
|
|turn|22
|choice|move 2|move 1
|
|cant|p1a: Mr. Mime|slp
|move|p2a: Pidgeotto|Double-Edge|p1a: Mr. Mime
|-damage|p1a: Mr. Mime|140\/242 slp
|-damage|p2a: Pidgeotto|58\/297|[from] recoil|[of] p1a: Mr. Mime
|
|turn|23
|choice|move 1|move 1
|
|cant|p1a: Mr. Mime|slp
|move|p2a: Pidgeotto|Double-Edge|p1a: Mr. Mime
|-damage|p1a: Mr. Mime|38\/242 slp
|-damage|p2a: Pidgeotto|33\/297|[from] recoil|[of] p1a: Mr. Mime
|
|turn|24
|choice|move 1|move 1
|
|cant|p1a: Mr. Mime|slp
|move|p2a: Pidgeotto|Double-Edge|p1a: Mr. Mime
|-damage|p1a: Mr. Mime|0 fnt
|-damage|p2a: Pidgeotto|24\/297|[from] recoil|[of] p1a: Mr. Mime
|faint|p1a: Mr. Mime
|choice|switch 2|
|
|switch|p1a: Gyarados|Gyarados, L85|335\/335
|turn|25
|choice|move 2|move 1
|
|move|p1a: Gyarados|Surf|p2a: Pidgeotto
|-damage|p2a: Pidgeotto|0 fnt
|faint|p2a: Pidgeotto
|choice||switch 3
|
|switch|p2a: Jolteon|Jolteon, L79|191\/265
|turn|26
|choice|move 1|move 1
|
|move|p2a: Jolteon|Thunderbolt|p1a: Gyarados
|-supereffective|p1a: Gyarados
|-damage|p1a: Gyarados|0 fnt
|faint|p1a: Gyarados
|choice|switch 3|
|
|switch|p1a: Nidoqueen|Nidoqueen, L85|6\/327
|turn|27
|choice|move 1|move 4
|
|move|p2a: Jolteon|Double Kick|p1a: Nidoqueen
|-resisted|p1a: Nidoqueen
|-damage|p1a: Nidoqueen|0 fnt
|-hitcount|p1a: Nidoqueen|1
|faint|p1a: Nidoqueen
|
|win|kavlarhs
|l|victwo
|player|p1
|raw|victwo's rating: 1169 &rarr; <strong>1143<\/strong><br \/>(-26 for losing)
|raw|kavlarhs's rating: 1158 &rarr; <strong>1184<\/strong><br \/>(+26 for winning)
|c|★kavlarhs|gg