|j|ray strong
|j|charrol
|player|p1|ray strong|226
|player|p2|charrol|60
|gametype|singles
|gen|1
|tier|[Gen 1] OU
|rated
|seed|50555,16931,48172,26293
|rule|Sleep Clause Mod: Limit one foe put to sleep
|rule|Freeze Clause Mod: Limit one foe frozen
|rule|Species Clause: Limit one of each Pokémon
|rule|OHKO Clause: OHKO moves are banned
|rule|Evasion Moves Clause: Evasion moves are banned
|rule|HP Percentage Mod: HP is shown in percentages
|
|start
|switch|p1a: Exeggutor|Exeggutor|393\/393
|switch|p2a: Jynx|Jynx|333\/333
|turn|1
|choice|switch 5|move 1
|
|switch|p1a: Alakazam|Alakazam|313\/313
|move|p2a: Jynx|Lovely Kiss|p1a: Alakazam
|-status|p1a: Alakazam|slp
|
|turn|2
|choice|switch 2|move 3
|
|switch|p1a: Chansey|Chansey|703\/703
|move|p2a: Jynx|Psychic|p1a: Chansey
|-damage|p1a: Chansey|601\/703
|
|turn|3
|choice|move 4|move 3
|
|move|p2a: Jynx|Psychic|p1a: Chansey
|-damage|p1a: Chansey|507\/703
|-unboost|p1a: Chansey|spd|1
|-unboost|p1a: Chansey|spa|1
|move|p1a: Chansey|Thunder Wave|p2a: Jynx
|-status|p2a: Jynx|par
|
|turn|4
|choice|switch 4|move 3
|
|switch|p1a: Snorlax|Snorlax|523\/523
|move|p2a: Jynx|Psychic|p1a: Snorlax
|-damage|p1a: Snorlax|384\/523
|
|turn|5
|choice|move 1|switch 6
|
|switch|p2a: Golem|Golem|363\/363
|move|p1a: Snorlax|Body Slam|p2a: Golem
|-resisted|p2a: Golem
|-damage|p2a: Golem|321\/363
|-status|p2a: Golem|par
|
|turn|6
|choice|switch 5|switch 4
|
|switch|p1a: Exeggutor|Exeggutor|393\/393
|switch|p2a: Exeggutor|Exeggutor|393\/393
|
|turn|7
|choice|move 1|switch 6
|
|switch|p2a: Jynx|Jynx|333\/333 par
|move|p1a: Exeggutor|Sleep Powder|p2a: Jynx
|-fail|p2a: Jynx
|
|turn|8
|choice|switch 4|move 2
|
|switch|p1a: Chansey|Chansey|507\/703
|move|p2a: Jynx|Blizzard|p1a: Chansey|[miss]
|-miss|p2a: Jynx
|
|turn|9
|choice|move 2|move 3
|
|move|p1a: Chansey|Thunderbolt|p2a: Jynx
|-crit|p2a: Jynx
|-damage|p2a: Jynx|189\/333 par
|cant|p2a: Jynx|par
|
|turn|10
|choice|move 2|move 4
|
|move|p1a: Chansey|Thunderbolt|p2a: Jynx
|-damage|p2a: Jynx|111\/333 par
|cant|p2a: Jynx|par
|
|turn|11
|choice|move 2|move 4
|
|move|p1a: Chansey|Thunderbolt|p2a: Jynx
|-crit|p2a: Jynx
|-damage|p2a: Jynx|0 fnt
|faint|p2a: Jynx
|choice||switch 2
|
|switch|p2a: Snorlax|Snorlax|523\/523
|turn|12
|choice|switch 6|switch 5
|
|switch|p1a: Rhydon|Rhydon|413\/413
|switch|p2a: Chansey|Chansey|703\/703
|
|turn|13
|choice|switch 2|move 2
|
|switch|p1a: Alakazam|Alakazam|313\/313 slp
|move|p2a: Chansey|Ice Beam|p1a: Alakazam
|-damage|p1a: Alakazam|252\/313 slp
|
|turn|14
|choice|move 3|switch 5
|
|switch|p2a: Snorlax|Snorlax|523\/523
|-curestatus|p1a: Alakazam|slp
|
|turn|15
|choice|switch 2|move 1
|
|switch|p1a: Rhydon|Rhydon|413\/413
|move|p2a: Snorlax|Body Slam|p1a: Rhydon
|-resisted|p1a: Rhydon
|-damage|p1a: Rhydon|364\/413
|
|turn|16
|choice|switch 4|switch 6
|
|switch|p1a: Exeggutor|Exeggutor|393\/393
|switch|p2a: Exeggutor|Exeggutor|393\/393
|
|turn|17
|choice|move 1|move 4
|
|move|p1a: Exeggutor|Sleep Powder|p2a: Exeggutor
|-status|p2a: Exeggutor|slp
|cant|p2a: Exeggutor|slp
|
|turn|18
|choice|switch 5|move 4
|
|switch|p1a: Snorlax|Snorlax|384\/523
|cant|p2a: Exeggutor|slp
|
|turn|19
|choice|move 1|switch 4
|
|switch|p2a: Golem|Golem|321\/363 par
|move|p1a: Snorlax|Body Slam|p2a: Golem
|-resisted|p2a: Golem
|-damage|p2a: Golem|277\/363 par
|
|turn|20
|choice|switch 5|move 1
|
|switch|p1a: Exeggutor|Exeggutor|393\/393
|cant|p2a: Golem|par
|
|turn|21
|choice|move 3|switch 4
|
|switch|p2a: Exeggutor|Exeggutor|393\/393 slp
|move|p1a: Exeggutor|Psychic|p2a: Exeggutor
|-resisted|p2a: Exeggutor
|-damage|p2a: Exeggutor|341\/393 slp
|
|turn|22
|choice|switch 5|move 3
|
|switch|p1a: Snorlax|Snorlax|384\/523
|cant|p2a: Exeggutor|slp
|
|turn|23
|choice|move 4|move 3
|
|-curestatus|p2a: Exeggutor|slp
|move|p1a: Snorlax|Reflect|p1a: Snorlax
|-start|p1a: Snorlax|Reflect
|
|turn|24
|choice|move 1|move 4
|
|move|p2a: Exeggutor|Sleep Powder|p1a: Snorlax
|-status|p1a: Snorlax|slp
|-curestatus|p1a: Snorlax|slp
|
|turn|25
|choice|switch 2|move 4
|
|switch|p1a: Alakazam|Alakazam|252\/313
|move|p2a: Exeggutor|Sleep Powder|p1a: Alakazam
|-status|p1a: Alakazam|slp
|
|turn|26
|choice|switch 5|move 3
|
|switch|p1a: Exeggutor|Exeggutor|393\/393
|move|p2a: Exeggutor|Psychic|p1a: Exeggutor
|-resisted|p1a: Exeggutor
|-damage|p1a: Exeggutor|341\/393
|-unboost|p1a: Exeggutor|spd|1
|-unboost|p1a: Exeggutor|spa|1
|
|turn|27
|choice|move 1|move 3
|
|move|p2a: Exeggutor|Psychic|p1a: Exeggutor
|-resisted|p1a: Exeggutor
|-damage|p1a: Exeggutor|255\/393
|-unboost|p1a: Exeggutor|spd|1
|-unboost|p1a: Exeggutor|spa|1
|move|p1a: Exeggutor|Sleep Powder|p2a: Exeggutor
|-status|p2a: Exeggutor|slp
|
|turn|28
|choice|switch 2|move 3
|
|switch|p1a: Snorlax|Snorlax|384\/523
|cant|p2a: Exeggutor|slp
|
|turn|29
|choice|move 1|switch 5
|
|switch|p2a: Chansey|Chansey|703\/703
|move|p1a: Snorlax|Body Slam|p2a: Chansey
|-damage|p2a: Chansey|398\/703
|
|turn|30
|choice|move 2|move 3
|
|move|p2a: Chansey|Soft-Boiled|p2a: Chansey
|-heal|p2a: Chansey|703\/703
|move|p1a: Snorlax|Hyper Beam|p2a: Chansey
|-damage|p2a: Chansey|170\/703
|
|turn|31
|-mustrecharge|p1a: Snorlax
|-mustrecharge|p1a: Snorlax
|choice|move 1|move 4
|
|move|p2a: Chansey|Thunder Wave|p1a: Snorlax
|-status|p1a: Snorlax|par
|cant|p1a: Snorlax|recharge
|
|turn|32
|choice|move 4|move 3
|
|move|p2a: Chansey|Soft-Boiled|p2a: Chansey
|-heal|p2a: Chansey|521\/703
|cant|p1a: Snorlax|par
|
|turn|33
|choice|move 4|switch 4
|
|switch|p2a: Golem|Golem|277\/363 par
|cant|p1a: Snorlax|par
|
|turn|34
|choice|switch 2|move 2
|
|switch|p1a: Exeggutor|Exeggutor|255\/393
|cant|p2a: Golem|par
|
|turn|35
|choice|move 3|switch 5
|
|switch|p2a: Exeggutor|Exeggutor|341\/393 slp
|move|p1a: Exeggutor|Psychic|p2a: Exeggutor
|-resisted|p2a: Exeggutor
|-damage|p2a: Exeggutor|284\/393 slp
|
|turn|36
|choice|switch 6|move 3
|
|switch|p1a: Chansey|Chansey|507\/703
|cant|p2a: Exeggutor|slp
|
|turn|37
|choice|move 1|switch 6
|
|switch|p2a: Snorlax|Snorlax|523\/523
|move|p1a: Chansey|Ice Beam|p2a: Snorlax
|-damage|p2a: Snorlax|417\/523
|
|turn|38
|choice|switch 4|switch 4
|
|switch|p1a: Rhydon|Rhydon|364\/413
|switch|p2a: Chansey|Chansey|521\/703
|
|turn|39
|choice|switch 2|move 2
|
|switch|p1a: Snorlax|Snorlax|384\/523 par
|move|p2a: Chansey|Ice Beam|p1a: Snorlax
|-damage|p1a: Snorlax|284\/523 par
|
|turn|40
|choice|move 4|switch 5
|
|switch|p2a: Golem|Golem|277\/363 par
|move|p1a: Snorlax|Reflect|p1a: Snorlax
|-start|p1a: Snorlax|Reflect
|
|turn|41
|choice|move 1|move 2
|
|move|p2a: Golem|Earthquake|p1a: Snorlax
|-damage|p1a: Snorlax|200\/523 par
|move|p1a: Snorlax|Body Slam|p2a: Golem
|-resisted|p2a: Golem
|-damage|p2a: Golem|233\/363 par
|
|turn|42
|choice|move 3|move 2
|
|move|p2a: Golem|Earthquake|p1a: Snorlax
|-damage|p1a: Snorlax|124\/523 par
|move|p1a: Snorlax|Rest|p1a: Snorlax
|-status|p1a: Snorlax|slp
|-heal|p1a: Snorlax|523\/523 slp|[silent]
|-status|p1a: Snorlax|slp|[from] move: Rest
|
|turn|43
|choice|move 1|switch 6
|
|switch|p2a: Exeggutor|Exeggutor|284\/393 slp
|cant|p1a: Snorlax|slp
|
|turn|44
|choice|switch 3|move 3
|
|switch|p1a: Tauros|Tauros|353\/353
|-curestatus|p2a: Exeggutor|slp
|
|turn|45
|choice|switch 6|move 1
|
|switch|p1a: Exeggutor|Exeggutor|255\/393
|move|p2a: Exeggutor|Explosion|p1a: Exeggutor
|-damage|p1a: Exeggutor|0 fnt
|faint|p1a: Exeggutor
|faint|p2a: Exeggutor
|choice|switch 6|switch 4
|
|switch|p1a: Tauros|Tauros|353\/353
|switch|p2a: Snorlax|Snorlax|417\/523
|turn|46
|choice|switch 2|move 1
|
|switch|p1a: Rhydon|Rhydon|364\/413
|move|p2a: Snorlax|Body Slam|p1a: Rhydon
|-resisted|p1a: Rhydon
|-damage|p1a: Rhydon|315\/413
|
|turn|47
|choice|move 1|switch 5
|
|switch|p2a: Chansey|Chansey|521\/703
|move|p1a: Rhydon|Earthquake|p2a: Chansey
|-damage|p2a: Chansey|154\/703
|
|turn|48
|choice|switch 3|move 3
|
|switch|p1a: Snorlax|Snorlax|523\/523 slp
|move|p2a: Chansey|Soft-Boiled|p2a: Chansey
|-heal|p2a: Chansey|505\/703
|
|turn|49
|choice|move 4|switch 6
|
|switch|p2a: Golem|Golem|233\/363 par
|-curestatus|p1a: Snorlax|slp
|
|turn|50
|choice|move 4|move 2
|
|move|p1a: Snorlax|Reflect|p1a: Snorlax
|-start|p1a: Snorlax|Reflect
|move|p2a: Golem|Earthquake|p1a: Snorlax
|-damage|p1a: Snorlax|438\/523
|
|turn|51
|choice|move 1|move 2
|
|move|p1a: Snorlax|Body Slam|p2a: Golem
|-resisted|p2a: Golem
|-damage|p2a: Golem|188\/363 par
|cant|p2a: Golem|par
|
|turn|52
|choice|move 1|move 2
|
|move|p1a: Snorlax|Body Slam|p2a: Golem
|-resisted|p2a: Golem
|-damage|p2a: Golem|144\/363 par
|move|p2a: Golem|Earthquake|p1a: Snorlax
|-damage|p1a: Snorlax|359\/523
|
|turn|53
|choice|move 1|move 2
|
|move|p1a: Snorlax|Body Slam|p2a: Golem
|-resisted|p2a: Golem
|-damage|p2a: Golem|100\/363 par
|move|p2a: Golem|Earthquake|p1a: Snorlax
|-damage|p1a: Snorlax|280\/523
|
|turn|54
|choice|move 1|move 3
|
|move|p1a: Snorlax|Body Slam|p2a: Golem
|-resisted|p2a: Golem
|-damage|p2a: Golem|57\/363 par
|move|p2a: Golem|Explosion|p1a: Snorlax
|-damage|p1a: Snorlax|81\/523
|faint|p2a: Golem
|choice||switch 3
|
|switch|p2a: Tauros|Tauros|353\/353
|turn|55
|choice|move 3|move 2
|
|move|p2a: Tauros|Body Slam|p1a: Snorlax
|-damage|p1a: Snorlax|19\/523
|move|p1a: Snorlax|Rest|p1a: Snorlax
|-status|p1a: Snorlax|slp
|-heal|p1a: Snorlax|523\/523 slp|[silent]
|-status|p1a: Snorlax|slp|[from] move: Rest
|
|turn|56
|choice|move 1|move 2
|
|move|p2a: Tauros|Body Slam|p1a: Snorlax
|-crit|p1a: Snorlax
|-damage|p1a: Snorlax|259\/523 slp
|cant|p1a: Snorlax|slp
|
|turn|57
|choice|move 1|move 2
|
|move|p2a: Tauros|Body Slam|p1a: Snorlax
|-crit|p1a: Snorlax
|-damage|p1a: Snorlax|22\/523 slp
|-curestatus|p1a: Snorlax|slp
|
|turn|58
|choice|move 3|move 2
|
|move|p2a: Tauros|Body Slam|p1a: Snorlax
|-damage|p1a: Snorlax|0 fnt
|faint|p1a: Snorlax
|choice|switch 4|
|
|switch|p1a: Chansey|Chansey|507\/703
|turn|59
|choice|move 4|switch 5
|
|switch|p2a: Snorlax|Snorlax|417\/523
|move|p1a: Chansey|Thunder Wave|p2a: Snorlax
|-status|p2a: Snorlax|par
|
|turn|60
|choice|switch 3|move 2
|
|switch|p1a: Rhydon|Rhydon|315\/413
|move|p2a: Snorlax|Earthquake|p1a: Rhydon
|-supereffective|p1a: Rhydon
|-damage|p1a: Rhydon|169\/413
|
|turn|61
|choice|move 1|switch 6
|
|switch|p2a: Chansey|Chansey|505\/703
|move|p1a: Rhydon|Earthquake|p2a: Chansey
|-damage|p2a: Chansey|120\/703
|
|turn|62
|choice|switch 5|move 3
|
|switch|p1a: Alakazam|Alakazam|252\/313 slp
|move|p2a: Chansey|Soft-Boiled|p2a: Chansey
|-heal|p2a: Chansey|471\/703
|
|turn|63
|choice|move 3|switch 5
|
|switch|p2a: Tauros|Tauros|353\/353
|-curestatus|p1a: Alakazam|slp
|
|turn|64
|choice|move 4|switch 6
|
|switch|p2a: Snorlax|Snorlax|417\/523 par
|move|p1a: Alakazam|Reflect|p1a: Alakazam
|-start|p1a: Alakazam|Reflect
|
|turn|65
|choice|move 1|move 1
|
|move|p1a: Alakazam|Psychic|p2a: Snorlax
|-damage|p2a: Snorlax|253\/523 par
|-unboost|p2a: Snorlax|spd|1
|-unboost|p2a: Snorlax|spa|1
|cant|p2a: Snorlax|par
|
|turn|66
|choice|switch 5|switch 5
|
|switch|p1a: Rhydon|Rhydon|169\/413
|switch|p2a: Chansey|Chansey|471\/703
|
|turn|67
|choice|switch 5|move 2
|
|switch|p1a: Alakazam|Alakazam|252\/313
|move|p2a: Chansey|Ice Beam|p1a: Alakazam
|-damage|p1a: Alakazam|184\/313
|
|turn|68
|choice|move 4|move 2
|
|move|p1a: Alakazam|Reflect|p1a: Alakazam
|-start|p1a: Alakazam|Reflect
|move|p2a: Chansey|Ice Beam|p1a: Alakazam
|-damage|p1a: Alakazam|126\/313
|
|turn|69
|choice|move 2|move 2
|
|move|p1a: Alakazam|Thunder Wave|p2a: Chansey
|-status|p2a: Chansey|par
|move|p2a: Chansey|Ice Beam|p1a: Alakazam
|-damage|p1a: Alakazam|68\/313
|
|turn|70
|choice|move 3|move 2
|
|move|p1a: Alakazam|Recover|p1a: Alakazam
|-heal|p1a: Alakazam|224\/313
|move|p2a: Chansey|Ice Beam|p1a: Alakazam
|-crit|p1a: Alakazam
|-damage|p1a: Alakazam|106\/313
|
|turn|71
|choice|move 3|move 2
|
|move|p1a: Alakazam|Recover|p1a: Alakazam
|-heal|p1a: Alakazam|262\/313
|move|p2a: Chansey|Ice Beam|p1a: Alakazam
|-damage|p1a: Alakazam|198\/313
|
|turn|72
|choice|switch 3|move 2
|
|switch|p1a: Chansey|Chansey|507\/703
|cant|p2a: Chansey|par
|
|turn|73
|choice|move 3|move 3
|
|move|p1a: Chansey|Soft-Boiled|p1a: Chansey
|-heal|p1a: Chansey|703\/703
|move|p2a: Chansey|Soft-Boiled|p2a: Chansey
|-heal|p2a: Chansey|703\/703 par
|
|turn|74
|choice|move 2|move 4
|
|move|p1a: Chansey|Thunderbolt|p2a: Chansey
|-damage|p2a: Chansey|632\/703 par
|cant|p2a: Chansey|par
|
|turn|75
|choice|move 2|move 4
|
|move|p1a: Chansey|Thunderbolt|p2a: Chansey
|-damage|p2a: Chansey|560\/703 par
|move|p2a: Chansey|Thunder Wave|p1a: Chansey
|-status|p1a: Chansey|par
|
|turn|76
|choice|move 2|switch 5
|
|switch|p2a: Snorlax|Snorlax|253\/523 par
|move|p1a: Chansey|Thunderbolt|p2a: Snorlax
|-damage|p2a: Snorlax|154\/523 par
|
|turn|77
|choice|move 2|move 2
|
|move|p1a: Chansey|Thunderbolt|p2a: Snorlax
|-damage|p2a: Snorlax|47\/523 par
|move|p2a: Snorlax|Earthquake|p1a: Chansey
|-damage|p1a: Chansey|456\/703 par
|
|turn|78
|choice|move 1|switch 6
|
|switch|p2a: Tauros|Tauros|353\/353
|move|p1a: Chansey|Ice Beam|p2a: Tauros
|-damage|p2a: Tauros|261\/353
|
|turn|79
|choice|move 4|move 1
|
|move|p2a: Tauros|Blizzard|p1a: Chansey
|-damage|p1a: Chansey|379\/703 par
|cant|p1a: Chansey|par
|
|turn|80
|choice|move 4|move 1
|
|move|p2a: Tauros|Blizzard|p1a: Chansey
|-damage|p1a: Chansey|304\/703 par
|cant|p1a: Chansey|par
|
|turn|81
|choice|move 3|move 4
|
|move|p2a: Tauros|Hyper Beam|p1a: Chansey
|-crit|p1a: Chansey
|-damage|p1a: Chansey|0 fnt
|faint|p1a: Chansey
|choice|switch 3|
|
|switch|p1a: Alakazam|Alakazam|198\/313
|turn|82
|l|ray strong
|player|p1
|j|ray strong
|player|p1|ray strong|226
|c|★ray strong|sorry dc
|j|trueWario
|choice|move 4|switch 5
|
|switch|p2a: Chansey|Chansey|560\/703 par
|move|p1a: Alakazam|Reflect|p1a: Alakazam
|-start|p1a: Alakazam|Reflect
|
|turn|83
|choice|move 3|move 2
|
|move|p1a: Alakazam|Recover|p1a: Alakazam
|-heal|p1a: Alakazam|313\/313
|move|p2a: Chansey|Ice Beam|p1a: Alakazam
|-crit|p1a: Alakazam
|-damage|p1a: Alakazam|188\/313
|
|turn|84
|l|trueWario
|choice|move 3|move 2
|
|move|p1a: Alakazam|Recover|p1a: Alakazam
|-heal|p1a: Alakazam|313\/313
|move|p2a: Chansey|Ice Beam|p1a: Alakazam
|-damage|p1a: Alakazam|250\/313
|
|turn|85
|choice|switch 2|move 2
|
|switch|p1a: Tauros|Tauros|353\/353
|move|p2a: Chansey|Ice Beam|p1a: Tauros
|-damage|p1a: Tauros|254\/353
|
|turn|86
|choice|move 1|move 4
|
|move|p1a: Tauros|Body Slam|p2a: Chansey
|-crit|p2a: Chansey
|-damage|p2a: Chansey|0 fnt
|faint|p2a: Chansey
|choice||switch 5
|
|switch|p2a: Tauros|Tauros|261\/353
|turn|87
|choice|switch 5|move 2
|
|switch|p1a: Rhydon|Rhydon|169\/413
|move|p2a: Tauros|Body Slam|p1a: Rhydon
|-resisted|p1a: Rhydon
|-damage|p1a: Rhydon|127\/413
|
|turn|88
|choice|move 1|move 3
|
|move|p2a: Tauros|Earthquake|p1a: Rhydon
|-supereffective|p1a: Rhydon
|-damage|p1a: Rhydon|0 fnt
|faint|p1a: Rhydon
|choice|switch 2|
|
|switch|p1a: Alakazam|Alakazam|250\/313
|turn|89
|choice|move 4|move 2
|
|move|p1a: Alakazam|Reflect|p1a: Alakazam
|-start|p1a: Alakazam|Reflect
|move|p2a: Tauros|Body Slam|p1a: Alakazam
|-damage|p1a: Alakazam|164\/313
|
|turn|90
|choice|move 3|move 2
|
|move|p1a: Alakazam|Recover|p1a: Alakazam
|-heal|p1a: Alakazam|313\/313
|move|p2a: Tauros|Body Slam|p1a: Alakazam
|-damage|p1a: Alakazam|235\/313
|-status|p1a: Alakazam|par
|
|turn|91
|choice|move 2|move 2
|
|move|p2a: Tauros|Body Slam|p1a: Alakazam
|-crit|p1a: Alakazam
|-damage|p1a: Alakazam|0 fnt
|faint|p1a: Alakazam
|choice|switch 5|
|
|switch|p1a: Tauros|Tauros|254\/353
|turn|92
|c|★ray strong|fuuuuu
|choice|move 1|move 2
|
|move|p1a: Tauros|Body Slam|p2a: Tauros
|-crit|p2a: Tauros
|-damage|p2a: Tauros|71\/353
|move|p2a: Tauros|Body Slam|p1a: Tauros
|-damage|p1a: Tauros|149\/353
|
|turn|93
|c|★ray strong|gg whichever way this goes
|c|★ray strong|silly tauros mirros :)
|choice|move 3|move 4
|
|move|p2a: Tauros|Hyper Beam|p1a: Tauros
|-crit|p1a: Tauros
|-damage|p1a: Tauros|0 fnt
|faint|p1a: Tauros
|
|win|charrol
|player|p1
|player|p2
|raw|ray strong's rating: 1313 &rarr; <strong>1303<\/strong><br \/>(-10 for losing)
|raw|charrol's rating: 1508 &rarr; <strong>1518<\/strong><br \/>(+10 for winning)
|l|charrol