|j|MALESANI
|j|Boats-n-Hoes69
|player|p1|MALESANI|238
|player|p2|Boats-n-Hoes69|2
|gametype|singles
|gen|1
|tier|[Gen 1] Random Battle
|rated
|seed|1609,58077,60080,13833
|rule|Sleep Clause Mod: Limit one foe put to sleep
|rule|Freeze Clause Mod: Limit one foe frozen
|rule|HP Percentage Mod: HP is shown in percentages
|
|start
|switch|p1a: Zapdos|Zapdos, L79|304\/304
|switch|p2a: Omanyte|Omanyte, L96|262\/262
|turn|1
|choice|move 1|switch 4
|
|switch|p2a: Rhydon|Rhydon, L79|328\/328
|move|p1a: Zapdos|Thunder Wave|p2a: Rhydon
|-immune|p2a: Rhydon|[msg]
|
|turn|2
|choice|switch 6|move 4
|
|switch|p1a: Hypno|Hypno, L85|318\/318
|move|p2a: Rhydon|Substitute|p2a: Rhydon
|-start|p2a: Rhydon|Substitute
|-damage|p2a: Rhydon|246\/328
|
|turn|3
|choice|move 2|move 2
|
|move|p1a: Hypno|Hypnosis|p2a: Rhydon
|-status|p2a: Rhydon|slp
|cant|p2a: Rhydon|slp
|
|turn|4
|choice|move 1|move 2
|
|move|p1a: Hypno|Psychic|p2a: Rhydon
|-end|p2a: Rhydon|Substitute
|cant|p2a: Rhydon|slp
|
|turn|5
|choice|move 1|switch 6
|
|switch|p2a: Slowbro|Slowbro, L79|312\/312
|move|p1a: Hypno|Psychic|p2a: Slowbro
|-resisted|p2a: Slowbro
|-damage|p2a: Slowbro|248\/312
|
|turn|6
|choice|switch 6|move 4
|
|switch|p1a: Zapdos|Zapdos, L79|304\/304
|move|p2a: Slowbro|Thunder Wave|p1a: Zapdos
|-status|p1a: Zapdos|par
|
|turn|7
|choice|move 3|switch 6
|
|switch|p2a: Rhydon|Rhydon, L79|246\/328 slp
|move|p1a: Zapdos|Thunderbolt|p2a: Rhydon
|-immune|p2a: Rhydon|[msg]
|
|turn|8
|choice|switch 3|move 3
|
|switch|p1a: Kangaskhan|Kangaskhan, L85|352\/352
|-curestatus|p2a: Rhydon|slp
|
|turn|9
|choice|move 1|switch 3
|
|switch|p2a: Magmar|Magmar, L90|300\/300
|move|p1a: Kangaskhan|Surf|p2a: Magmar
|-crit|p2a: Magmar
|-supereffective|p2a: Magmar
|-damage|p2a: Magmar|144\/300
|
|turn|10
|choice|move 2|switch 4
|
|switch|p2a: Omanyte|Omanyte, L96|262\/262
|move|p1a: Kangaskhan|Earthquake|p2a: Omanyte
|-supereffective|p2a: Omanyte
|-damage|p2a: Omanyte|146\/262
|
|turn|11
|choice|move 2|move 1
|
|move|p1a: Kangaskhan|Earthquake|p2a: Omanyte
|-supereffective|p2a: Omanyte
|-damage|p2a: Omanyte|37\/262
|move|p2a: Omanyte|Blizzard|p1a: Kangaskhan
|-damage|p1a: Kangaskhan|207\/352
|
|turn|12
|choice|move 2|move 4
|
|move|p1a: Kangaskhan|Earthquake|p2a: Omanyte
|-supereffective|p2a: Omanyte
|-damage|p2a: Omanyte|0 fnt
|faint|p2a: Omanyte
|choice||switch 2
|
|switch|p2a: Dragonair|Dragonair, L85|277\/277
|turn|13
|choice|switch 3|move 4
|
|switch|p1a: Zapdos|Zapdos, L79|304\/304 par
|move|p2a: Dragonair|Ice Beam|p1a: Zapdos
|-supereffective|p1a: Zapdos
|-damage|p1a: Zapdos|201\/304 par
|
|turn|14
|choice|move 1|move 4
|
|move|p2a: Dragonair|Ice Beam|p1a: Zapdos
|-supereffective|p1a: Zapdos
|-damage|p1a: Zapdos|109\/304 par
|cant|p1a: Zapdos|par
|
|turn|15
|choice|move 1|move 4
|
|move|p2a: Dragonair|Ice Beam|p1a: Zapdos
|-supereffective|p1a: Zapdos
|-damage|p1a: Zapdos|12\/304 par
|move|p1a: Zapdos|Thunder Wave|p2a: Dragonair
|-status|p2a: Dragonair|par
|
|turn|16
|choice|move 4|move 4
|
|move|p1a: Zapdos|Drill Peck|p2a: Dragonair
|-crit|p2a: Dragonair
|-damage|p2a: Dragonair|124\/277 par
|cant|p2a: Dragonair|par
|
|turn|17
|choice|move 4|move 4
|
|move|p1a: Zapdos|Drill Peck|p2a: Dragonair
|-crit|p2a: Dragonair
|-damage|p2a: Dragonair|0 fnt
|faint|p2a: Dragonair
|choice||switch 4
|
|switch|p2a: Magmar|Magmar, L90|144\/300
|turn|18
|choice|move 1|move 2
|
|move|p2a: Magmar|Hyper Beam|p1a: Zapdos
|-damage|p1a: Zapdos|0 fnt
|faint|p1a: Zapdos
|choice|switch 5|
|
|switch|p1a: Arcanine|Arcanine, L85|327\/327
|turn|19
|choice|move 2|move 3
|
|move|p2a: Magmar|Confuse Ray|p1a: Arcanine
|-start|p1a: Arcanine|confusion
|-activate|p1a: Arcanine|confusion
|move|p1a: Arcanine|Body Slam|p2a: Magmar
|-damage|p2a: Magmar|67\/300
|
|turn|20
|choice|move 2|move 1
|
|move|p2a: Magmar|Mimic|p1a: Arcanine
|-start|p2a: Magmar|Mimic|Mimic
|-end|p1a: Arcanine|confusion
|move|p1a: Arcanine|Body Slam|p2a: Magmar
|-damage|p2a: Magmar|0 fnt
|faint|p2a: Magmar
|choice||switch 3
|
|switch|p2a: Rhydon|Rhydon, L79|246\/328
|turn|21
|choice|move 1|move 1
|
|move|p1a: Arcanine|Reflect|p1a: Arcanine
|-start|p1a: Arcanine|Reflect
|move|p2a: Rhydon|Earthquake|p1a: Arcanine
|-supereffective|p1a: Arcanine
|-damage|p1a: Arcanine|214\/327
|
|turn|22
|choice|move 2|move 1
|
|move|p1a: Arcanine|Body Slam|p2a: Rhydon
|-resisted|p2a: Rhydon
|-damage|p2a: Rhydon|219\/328
|move|p2a: Rhydon|Earthquake|p1a: Arcanine
|-supereffective|p1a: Arcanine
|-damage|p1a: Arcanine|94\/327
|
|turn|23
|choice|move 2|move 1
|
|move|p1a: Arcanine|Body Slam|p2a: Rhydon
|-resisted|p2a: Rhydon
|-damage|p2a: Rhydon|189\/328
|move|p2a: Rhydon|Earthquake|p1a: Arcanine
|-supereffective|p1a: Arcanine
|-damage|p1a: Arcanine|0 fnt
|faint|p1a: Arcanine
|choice|switch 3|
|
|switch|p1a: Kangaskhan|Kangaskhan, L85|207\/352
|turn|24
|choice|move 1|switch 6
|
|switch|p2a: Slowbro|Slowbro, L79|248\/312
|move|p1a: Kangaskhan|Surf|p2a: Slowbro
|-resisted|p2a: Slowbro
|-damage|p2a: Slowbro|224\/312
|
|turn|25
|choice|switch 6|move 4
|
|switch|p1a: Hypno|Hypno, L85|318\/318
|move|p2a: Slowbro|Thunder Wave|p1a: Hypno
|-status|p1a: Hypno|par
|
|turn|26
|choice|move 2|move 1
|
|move|p2a: Slowbro|Surf|p1a: Hypno
|-damage|p1a: Hypno|247\/318 par
|move|p1a: Hypno|Hypnosis|p2a: Slowbro|[miss]
|-miss|p1a: Hypno
|
|turn|27
|choice|move 2|move 1
|
|move|p2a: Slowbro|Surf|p1a: Hypno
|-damage|p1a: Hypno|177\/318 par
|cant|p1a: Hypno|par
|
|turn|28
|choice|move 2|move 1
|
|move|p2a: Slowbro|Surf|p1a: Hypno
|-damage|p1a: Hypno|110\/318 par
|move|p1a: Hypno|Hypnosis|p2a: Slowbro|[miss]
|-miss|p1a: Hypno
|
|turn|29
|choice|move 2|move 3
|
|move|p2a: Slowbro|Amnesia|p2a: Slowbro
|-boost|p2a: Slowbro|spd|2
|-boost|p2a: Slowbro|spa|2
|move|p1a: Hypno|Hypnosis|p2a: Slowbro|[miss]
|-miss|p1a: Hypno
|
|turn|30
|choice|move 2|move 1
|
|move|p2a: Slowbro|Surf|p1a: Hypno
|-damage|p1a: Hypno|0 fnt
|faint|p1a: Hypno
|choice|switch 6|
|
|switch|p1a: Kangaskhan|Kangaskhan, L85|207\/352
|turn|31
|choice|move 2|move 4
|
|move|p1a: Kangaskhan|Earthquake|p2a: Slowbro
|-damage|p2a: Slowbro|154\/312
|move|p2a: Slowbro|Thunder Wave|p1a: Kangaskhan
|-status|p1a: Kangaskhan|par
|
|turn|32
|choice|move 4|move 1
|
|move|p2a: Slowbro|Surf|p1a: Kangaskhan
|-damage|p1a: Kangaskhan|0 fnt
|faint|p1a: Kangaskhan
|choice|switch 2|
|
|switch|p1a: Slowpoke|Slowpoke, L96|368\/368
|turn|33
|choice|move 3|move 4
|
|move|p2a: Slowbro|Thunder Wave|p1a: Slowpoke
|-status|p1a: Slowpoke|par
|move|p1a: Slowpoke|Thunder Wave|p2a: Slowbro
|-status|p2a: Slowbro|par
|
|turn|34
|choice|move 1|move 3
|
|move|p2a: Slowbro|Amnesia|p2a: Slowbro
|-boost|p2a: Slowbro|spd|2
|-boost|p2a: Slowbro|spa|2
|move|p1a: Slowpoke|Amnesia|p1a: Slowpoke
|-boost|p1a: Slowpoke|spd|2
|-boost|p1a: Slowpoke|spa|2
|
|turn|35
|choice|move 1|move 2
|
|move|p1a: Slowpoke|Amnesia|p1a: Slowpoke
|-boost|p1a: Slowpoke|spd|2
|-boost|p1a: Slowpoke|spa|2
|move|p2a: Slowbro|Rest|p2a: Slowbro
|-status|p2a: Slowbro|slp
|-heal|p2a: Slowbro|312\/312 slp|[silent]
|-status|p2a: Slowbro|slp|[from] move: Rest
|
|turn|36
|choice|move 1|move 3
|
|move|p1a: Slowpoke|Amnesia|p1a: Slowpoke
|-boost|p1a: Slowpoke|spd|2
|-boost|p1a: Slowpoke|spa|2
|cant|p2a: Slowbro|slp
|
|turn|37
|choice|move 4|move 3
|
|move|p1a: Slowpoke|Surf|p2a: Slowbro
|-resisted|p2a: Slowbro
|-damage|p2a: Slowbro|256\/312 slp
|-curestatus|p2a: Slowbro|slp
|
|turn|38
|choice|move 3|move 3
|
|cant|p1a: Slowpoke|par
|move|p2a: Slowbro|Amnesia|p2a: Slowbro
|-boost|p2a: Slowbro|spd|2
|-boost|p2a: Slowbro|spa|2
|
|turn|39
|choice|move 3|move 1
|
|move|p2a: Slowbro|Surf|p1a: Slowpoke
|-resisted|p1a: Slowpoke
|-damage|p1a: Slowpoke|316\/368 par
|move|p1a: Slowpoke|Thunder Wave|p2a: Slowbro
|-status|p2a: Slowbro|par
|
|turn|40
|choice|move 4|move 1
|
|move|p1a: Slowpoke|Surf|p2a: Slowbro
|-resisted|p2a: Slowbro
|-damage|p2a: Slowbro|209\/312 par
|move|p2a: Slowbro|Surf|p1a: Slowpoke
|-resisted|p1a: Slowpoke
|-damage|p1a: Slowpoke|268\/368 par
|
|turn|41
|choice|move 4|move 1
|
|move|p2a: Slowbro|Surf|p1a: Slowpoke
|-resisted|p1a: Slowpoke
|-damage|p1a: Slowpoke|213\/368 par
|cant|p1a: Slowpoke|par
|
|turn|42
|choice|move 4|move 1
|
|move|p1a: Slowpoke|Surf|p2a: Slowbro
|-resisted|p2a: Slowbro
|-damage|p2a: Slowbro|166\/312 par
|cant|p2a: Slowbro|par
|
|turn|43
|choice|move 4|move 1
|
|move|p2a: Slowbro|Surf|p1a: Slowpoke
|-resisted|p1a: Slowpoke
|-damage|p1a: Slowpoke|156\/368 par
|move|p1a: Slowpoke|Surf|p2a: Slowbro
|-resisted|p2a: Slowbro
|-damage|p2a: Slowbro|124\/312 par
|
|turn|44
|choice|move 2|move 2
|
|move|p2a: Slowbro|Rest|p2a: Slowbro
|-status|p2a: Slowbro|slp
|-heal|p2a: Slowbro|312\/312 slp|[silent]
|-status|p2a: Slowbro|slp|[from] move: Rest
|move|p1a: Slowpoke|Rest|p1a: Slowpoke
|-status|p1a: Slowpoke|slp
|-heal|p1a: Slowpoke|368\/368 slp|[silent]
|-status|p1a: Slowpoke|slp|[from] move: Rest
|
|turn|45
|choice|move 3|switch 5
|
|switch|p2a: Snorlax|Snorlax, L79|415\/415
|cant|p1a: Slowpoke|slp
|
|turn|46
|choice|move 3|move 2
|
|move|p2a: Snorlax|Self-Destruct|p1a: Slowpoke
|-damage|p1a: Slowpoke|84\/368 slp
|faint|p2a: Snorlax
|choice||switch 6
|
|switch|p2a: Rhydon|Rhydon, L79|189\/328
|turn|47
|choice|move 4|move 1
|
|move|p2a: Rhydon|Earthquake|p1a: Slowpoke
|-damage|p1a: Slowpoke|0 fnt
|faint|p1a: Slowpoke
|choice|switch 4|
|
|switch|p1a: Nidoking|Nidoking, L85|311\/311
|turn|48
|choice|move 1|move 1
|
|move|p1a: Nidoking|Earthquake|p2a: Rhydon
|-supereffective|p2a: Rhydon
|-damage|p2a: Rhydon|0 fnt
|faint|p2a: Rhydon
|choice||switch 5
|
|switch|p2a: Slowbro|Slowbro, L79|312\/312 slp
|turn|49
|choice|move 1|move 1
|
|move|p1a: Nidoking|Earthquake|p2a: Slowbro
|-damage|p2a: Slowbro|221\/312 slp
|cant|p2a: Slowbro|slp
|
|turn|50
|choice|move 3|move 1
|
|move|p1a: Nidoking|Thunder|p2a: Slowbro|[miss]
|-miss|p1a: Nidoking
|-curestatus|p2a: Slowbro|slp
|
|turn|51
|choice|move 3|move 1
|
|move|p1a: Nidoking|Thunder|p2a: Slowbro
|-supereffective|p2a: Slowbro
|-damage|p2a: Slowbro|54\/312
|move|p2a: Slowbro|Surf|p1a: Nidoking
|-supereffective|p1a: Nidoking
|-damage|p1a: Nidoking|135\/311
|
|turn|52
|choice|move 1|move 1
|
|move|p1a: Nidoking|Earthquake|p2a: Slowbro
|-damage|p2a: Slowbro|0 fnt
|faint|p2a: Slowbro
|
|win|MALESANI
|player|p1
|player|p2
|raw|MALESANI's rating: 1540 &rarr; <strong>1549<\/strong><br \/>(+9 for winning)
|raw|Boats-n-Hoes69's rating: 1326 &rarr; <strong>1317<\/strong><br \/>(-9 for losing)