|j|Pr0n Snow
|j|Dinoparrott
|player|p1|Pr0n Snow|96
|player|p2|Dinoparrott|102
|gametype|singles
|gen|1
|tier|[Gen 1] Random Battle
|rated
|seed|1557,30249,64842,12877
|rule|Sleep Clause Mod: Limit one foe put to sleep
|rule|Freeze Clause Mod: Limit one foe frozen
|rule|HP Percentage Mod: HP is shown in percentages
|
|start
|switch|p1a: Venonat|Venonat, L96|310\/310
|switch|p2a: Zapdos|Zapdos, L79|304\/304
|turn|1
|choice|move 3|move 2
|
|move|p2a: Zapdos|Drill Peck|p1a: Venonat
|-supereffective|p1a: Venonat
|-damage|p1a: Venonat|122\/310
|move|p1a: Venonat|Sleep Powder|p2a: Zapdos
|-status|p2a: Zapdos|slp
|
|turn|2
|choice|move 1|move 2
|
|cant|p2a: Zapdos|slp
|move|p1a: Venonat|Psychic|p2a: Zapdos
|-damage|p2a: Zapdos|262\/304 slp
|
|turn|3
|choice|move 1|move 2
|
|cant|p2a: Zapdos|slp
|move|p1a: Venonat|Psychic|p2a: Zapdos
|-damage|p2a: Zapdos|223\/304 slp
|
|turn|4
|choice|move 1|move 2
|
|cant|p2a: Zapdos|slp
|move|p1a: Venonat|Psychic|p2a: Zapdos
|-damage|p2a: Zapdos|182\/304 slp
|
|turn|5
|choice|move 3|move 2
|
|cant|p2a: Zapdos|slp
|move|p1a: Venonat|Sleep Powder|p2a: Zapdos
|-fail|p2a: Zapdos|slp
|
|turn|6
|choice|move 3|move 2
|
|-curestatus|p2a: Zapdos|slp
|move|p1a: Venonat|Sleep Powder|p2a: Zapdos
|-status|p2a: Zapdos|slp
|
|turn|7
|choice|move 1|move 2
|
|cant|p2a: Zapdos|slp
|move|p1a: Venonat|Psychic|p2a: Zapdos
|-damage|p2a: Zapdos|142\/304 slp
|
|turn|8
|choice|move 1|move 2
|
|cant|p2a: Zapdos|slp
|move|p1a: Venonat|Psychic|p2a: Zapdos|[miss]
|-miss|p1a: Venonat
|
|turn|9
|choice|move 1|move 2
|
|-curestatus|p2a: Zapdos|slp
|move|p1a: Venonat|Psychic|p2a: Zapdos
|-damage|p2a: Zapdos|99\/304
|
|turn|10
|choice|move 1|move 2
|
|move|p2a: Zapdos|Drill Peck|p1a: Venonat
|-supereffective|p1a: Venonat
|-damage|p1a: Venonat|0 fnt
|faint|p1a: Venonat
|choice|switch 4|
|
|switch|p1a: Dugtrio|Dugtrio, L85|233\/233
|turn|11
|choice|move 2|switch 2
|
|switch|p2a: Tentacool|Tentacool, L96|272\/272
|move|p1a: Dugtrio|Slash|p2a: Tentacool
|-crit|p2a: Tentacool
|-damage|p2a: Tentacool|143\/272
|
|turn|12
|choice|move 1|move 3
|
|move|p1a: Dugtrio|Earthquake|p2a: Tentacool
|-supereffective|p2a: Tentacool
|-damage|p2a: Tentacool|0 fnt
|faint|p2a: Tentacool
|choice||switch 6
|
|switch|p2a: Mew|Mew, L74|300\/300
|turn|13
|choice|move 3|move 4
|
|move|p1a: Dugtrio|Substitute|p1a: Dugtrio
|-start|p1a: Dugtrio|Substitute
|-damage|p1a: Dugtrio|175\/233
|move|p2a: Mew|Blizzard|p1a: Dugtrio
|-supereffective|p1a: Dugtrio
|-end|p1a: Dugtrio|Substitute
|
|turn|14
|choice|switch 2|move 4
|
|switch|p1a: Seel|Seel, L96|320\/320
|move|p2a: Mew|Blizzard|p1a: Seel
|-resisted|p1a: Seel
|-damage|p1a: Seel|288\/320
|
|turn|15
|choice|move 4|move 1
|
|move|p2a: Mew|Swift|p1a: Seel
|-crit|p1a: Seel
|-damage|p1a: Seel|210\/320
|move|p1a: Seel|Body Slam|p2a: Mew
|-damage|p2a: Mew|251\/300
|-status|p2a: Mew|par
|
|turn|16
|choice|move 2|move 1
|
|move|p1a: Seel|Surf|p2a: Mew
|-damage|p2a: Mew|140\/300 par
|move|p2a: Mew|Swift|p1a: Seel
|-damage|p1a: Seel|172\/320
|
|turn|17
|choice|move 2|switch 2
|
|switch|p2a: Zapdos|Zapdos, L79|99\/304
|move|p1a: Seel|Surf|p2a: Zapdos
|-damage|p2a: Zapdos|4\/304
|
|turn|18
|choice|move 2|move 1
|
|move|p2a: Zapdos|Thunderbolt|p1a: Seel
|-supereffective|p1a: Seel
|-damage|p1a: Seel|0 fnt
|faint|p1a: Seel
|choice|switch 2|
|
|switch|p1a: Dugtrio|Dugtrio, L85|175\/233
|turn|19
|choice|move 2|move 2
|
|move|p1a: Dugtrio|Slash|p2a: Zapdos
|-crit|p2a: Zapdos
|-damage|p2a: Zapdos|0 fnt
|faint|p2a: Zapdos
|choice||switch 3
|
|switch|p2a: Clefable|Clefable, L85|335\/335
|turn|20
|choice|move 3|move 2
|
|move|p1a: Dugtrio|Substitute|p1a: Dugtrio
|-start|p1a: Dugtrio|Substitute
|-damage|p1a: Dugtrio|117\/233
|move|p2a: Clefable|Blizzard|p1a: Dugtrio|[miss]
|-miss|p2a: Clefable
|
|turn|21
|choice|move 1|move 2
|
|move|p1a: Dugtrio|Earthquake|p2a: Clefable
|-crit|p2a: Clefable
|-damage|p2a: Clefable|114\/335
|move|p2a: Clefable|Blizzard|p1a: Dugtrio|[miss]
|-miss|p2a: Clefable
|
|turn|22
|choice|move 1|move 2
|
|move|p1a: Dugtrio|Earthquake|p2a: Clefable
|-damage|p2a: Clefable|10\/335
|move|p2a: Clefable|Blizzard|p1a: Dugtrio
|-supereffective|p1a: Dugtrio
|-end|p1a: Dugtrio|Substitute
|
|turn|23
|choice|move 1|move 2
|
|move|p1a: Dugtrio|Earthquake|p2a: Clefable
|-damage|p2a: Clefable|0 fnt
|faint|p2a: Clefable
|choice||switch 4
|
|switch|p2a: Scyther|Scyther, L90|309\/309
|turn|24
|choice|move 2|move 4
|
|move|p1a: Dugtrio|Slash|p2a: Scyther
|-crit|p2a: Scyther
|-damage|p2a: Scyther|228\/309
|move|p2a: Scyther|Slash|p1a: Dugtrio
|-crit|p1a: Dugtrio
|-damage|p1a: Dugtrio|0 fnt
|faint|p1a: Dugtrio
|choice|switch 5|
|
|switch|p1a: Machamp|Machamp, L90|345\/345
|turn|25
|choice|move 2|move 4
|
|move|p2a: Scyther|Slash|p1a: Machamp
|-crit|p1a: Machamp
|-damage|p1a: Machamp|221\/345
|move|p1a: Machamp|Rock Slide|p2a: Scyther
|-supereffective|p2a: Scyther
|-damage|p2a: Scyther|0 fnt
|faint|p2a: Scyther
|choice||switch 5
|
|switch|p2a: Beedrill|Beedrill, L90|300\/300
|turn|26
|choice|move 2|move 4
|
|move|p2a: Beedrill|Swords Dance|p2a: Beedrill
|-boost|p2a: Beedrill|atk|2
|move|p1a: Machamp|Rock Slide|p2a: Beedrill
|-supereffective|p2a: Beedrill
|-damage|p2a: Beedrill|83\/300
|
|turn|27
|choice|move 3|move 1
|
|move|p2a: Beedrill|Hyper Beam|p1a: Machamp|[miss]
|-miss|p2a: Beedrill
|move|p1a: Machamp|Earthquake|p2a: Beedrill
|-crit|p2a: Beedrill
|-damage|p2a: Beedrill|0 fnt
|faint|p2a: Beedrill
|choice||switch 2
|
|switch|p2a: Mew|Mew, L74|140\/300 par
|turn|28
|choice|move 3|move 3
|
|move|p1a: Machamp|Earthquake|p2a: Mew
|-damage|p2a: Mew|39\/300 par
|move|p2a: Mew|Hyper Beam|p1a: Machamp|[miss]
|-miss|p2a: Mew
|
|turn|29
|choice|move 3|move 3
|
|move|p1a: Machamp|Earthquake|p2a: Mew
|-damage|p2a: Mew|0 fnt
|faint|p2a: Mew
|
|win|Pr0n Snow
|player|p1
|player|p2
|raw|Pr0n Snow's rating: 1262 &rarr; <strong>1271<\/strong><br \/>(+9 for winning)
|raw|Dinoparrott's rating: 1000 &rarr; <strong>1000<\/strong><br \/>(+0 for losing)
|c|★Pr0n Snow|gg
|l|Dinoparrott