|join|poopyblanket
|join|SourCrouter
|player|p1|poopyblanket|7
|player|p2|SourCrouter|1
|gametype|singles
|gen|1
|tier|[Gen 1] Random Battle
|rated
|rule|Sleep Clause Mod: Limit one foe put to sleep
|rule|Freeze Clause Mod: Limit one foe frozen
|rule|HP Percentage Mod: HP is shown in percentages
|
|start
|switch|p1a: Dewgong|Dewgong, L86|330\/330
|switch|p2a: Dugtrio|Dugtrio, L86|236\/236
|turn|1
|c|★SourCrouter|william?
|c|★poopyblanket|is this ryan crouter by any chance?
|c|★SourCrouter|no fucking shit
|c|★poopyblanket|no fucking way?
|c|★poopyblanket|duuuuuude
|c|★SourCrouter|dude i'm freaking what are the chances! no one plays showdown but me
|c|★poopyblanket|It is will
|c|★poopyblanket|I play this all the time man
|c|★SourCrouter|i'm trying to climb this ladder
|c|★poopyblanket|im so happy right now
|c|★poopyblanket|same here
|c|★SourCrouter|hahaha fuck yeah man!
|c|★SourCrouter|oh i got a new ds. friend code?
|
|move|p2a: Dugtrio|Sand Attack|p1a: Dewgong
|-unboost|p1a: Dewgong|accuracy|1
|move|p1a: Dewgong|Blizzard|p2a: Dugtrio
|-supereffective|p2a: Dugtrio
|-damage|p2a: Dugtrio|0 fnt
|faint|p2a: Dugtrio
|c|★SourCrouter|that's not going to fly!
|c|★SourCrouter|\/!weakness dewgong
|raw|<div class="infobox">Dewgong (ignoring abilities):<br><span class="message-effect-weak">Weaknesses<\/span>: Electric, Fighting, Grass, Rock<br><span class="message-effect-resist">Resistances<\/span>: <b>Ice<\/b>, Water<br><span class="message-effect-immune">Immunities<\/span>: None<\/div>
|
|switch|p2a: Hitmonchan|Hitmonchan, L86|261\/261
|turn|2
|c|★SourCrouter|you know when you see SourCrouter it's always me lol
|
|switch|p1a: Arbok|Arbok, L86|279\/279
|move|p2a: Hitmonchan|Submission|p1a: Arbok
|-resisted|p1a: Arbok
|-damage|p1a: Arbok|224\/279
|-damage|p2a: Hitmonchan|248\/261|[from] recoil|[of] p1a: Arbok
|
|turn|3
|c|★poopyblanket|idk my code
|c|★poopyblanket|]ill hit you up on facebook sometime though
|c|★poopyblanket|what are the odds. haha
|
|move|p1a: Arbok|Glare|p2a: Hitmonchan
|-status|p2a: Hitmonchan|par
|move|p2a: Hitmonchan|Body Slam|p1a: Arbok
|-damage|p1a: Arbok|144\/279
|-status|p1a: Arbok|par
|
|turn|4
|c|★SourCrouter|yeah exactly! i'm down to do some more random battles with you too.
|c|★poopyblanket|ditto
|
|cant|p1a: Arbok|par
|move|p2a: Hitmonchan|Body Slam|p1a: Arbok
|-damage|p1a: Arbok|73\/279 par
|
|turn|5
|
|move|p1a: Arbok|Wrap|p2a: Hitmonchan
|-damage|p2a: Hitmonchan|237\/261 par
|-activate|p2a: Hitmonchan|move: Wrap|[of] p1a: Arbok
|cant|p2a: Hitmonchan|partiallytrapped
|
|turn|6
|
|cant|p1a: Arbok|par
|cant|p2a: Hitmonchan|par
|
|-end|p2a: Hitmonchan|Wrap|[partiallytrapped]
|turn|7
|c|★SourCrouter|wrap gen 1 is broken
|c|★poopyblanket|ya it is
|
|move|p1a: Arbok|Wrap|p2a: Hitmonchan
|-damage|p2a: Hitmonchan|225\/261 par
|-activate|p2a: Hitmonchan|move: Wrap|[of] p1a: Arbok
|cant|p2a: Hitmonchan|partiallytrapped
|
|turn|8
|
|cant|p1a: Arbok|par
|cant|p2a: Hitmonchan|partiallytrapped
|
|-end|p2a: Hitmonchan|Wrap|[partiallytrapped]
|turn|9
|
|move|p1a: Arbok|Wrap|p2a: Hitmonchan
|-damage|p2a: Hitmonchan|214\/261 par
|-activate|p2a: Hitmonchan|move: Wrap|[of] p1a: Arbok
|cant|p2a: Hitmonchan|partiallytrapped
|
|turn|10
|c|★SourCrouter|when did you start playing showdown?
|
|move|p1a: Arbok|Wrap|p2a: Hitmonchan
|-damage|p2a: Hitmonchan|203\/261 par
|cant|p2a: Hitmonchan|partiallytrapped
|
|turn|11
|c|★poopyblanket|last summer i got really into it
|
|move|p1a: Arbok|Wrap|p2a: Hitmonchan
|-damage|p2a: Hitmonchan|192\/261 par
|cant|p2a: Hitmonchan|par
|
|turn|12
|
|cant|p1a: Arbok|par
|cant|p2a: Hitmonchan|partiallytrapped
|
|-end|p2a: Hitmonchan|Wrap|[partiallytrapped]
|turn|13
|
|move|p1a: Arbok|Wrap|p2a: Hitmonchan
|-damage|p2a: Hitmonchan|181\/261 par
|-activate|p2a: Hitmonchan|move: Wrap|[of] p1a: Arbok
|cant|p2a: Hitmonchan|partiallytrapped
|
|turn|14
|c|★SourCrouter|Same with me man! it's great.
|
|move|p1a: Arbok|Wrap|p2a: Hitmonchan
|-damage|p2a: Hitmonchan|170\/261 par
|cant|p2a: Hitmonchan|par
|
|-end|p2a: Hitmonchan|Wrap|[partiallytrapped]
|turn|15
|c|★poopyblanket|it is fun, but frustrating
|c|★SourCrouter|what's arboks speed?
|c|★SourCrouter|yeah for reals! only the cool kids are playing gen 1 random battles.
|
|cant|p1a: Arbok|par
|cant|p2a: Hitmonchan|par
|
|turn|16
|c|★poopyblanket|OU is especially annoying because i hate all gen 5 pokemon except for a few
|c|★poopyblanket|haha this is so weird
|c|★SourCrouter|I had so many teams on my old computer!
|c|★poopyblanket|like i want to tear up weird
|
|move|p1a: Arbok|Wrap|p2a: Hitmonchan
|-damage|p2a: Hitmonchan|158\/261 par
|-activate|p2a: Hitmonchan|move: Wrap|[of] p1a: Arbok
|cant|p2a: Hitmonchan|partiallytrapped
|
|turn|17
|c|★poopyblanket|mine get deleted so often. it is annoying
|c|★SourCrouter|haha don't go breaking my heart dude
|c|★poopyblanket|what is the highest you have laddered in OU?
|c|★poopyblanket|I couldnt if i tried
|
|move|p1a: Arbok|Wrap|p2a: Hitmonchan
|-damage|p2a: Hitmonchan|146\/261 par
|cant|p2a: Hitmonchan|partiallytrapped
|
|turn|18
|c|★poopyblanket|i can wrap the shit out of it though
|
|cant|p1a: Arbok|par
|cant|p2a: Hitmonchan|partiallytrapped
|
|-end|p2a: Hitmonchan|Wrap|[partiallytrapped]
|turn|19
|c|★SourCrouter|I haven't tried for OU ladder in a while. i'll usually just mess with diffrent pokes.
|c|★SourCrouter|I like random battles a lot i've laddered a lot on normal random.
|
|move|p1a: Arbok|Wrap|p2a: Hitmonchan
|-damage|p2a: Hitmonchan|134\/261 par
|-activate|p2a: Hitmonchan|move: Wrap|[of] p1a: Arbok
|cant|p2a: Hitmonchan|par
|
|turn|20
|c|★poopyblanket|do you have any competitive pokemon on your 3ds games?
|c|★poopyblanket|it is really laggy
|
|switch|p2a: Arcanine|Arcanine, L86|330\/330
|move|p1a: Arbok|Wrap|p2a: Arcanine
|-damage|p2a: Arcanine|318\/330
|-activate|p2a: Arcanine|move: Wrap|[of] p1a: Arbok
|
|turn|21
|c|★SourCrouter|nahh I lost my old 3ds a while back with a couple games in it. Got a new one for christmas though. haven't made any competitive teams on it though, I need to do a little research on the EV training and then i'll be good to go!
|
|cant|p2a: Arcanine|partiallytrapped
|move|p1a: Arbok|Wrap|p2a: Arcanine
|-damage|p2a: Arcanine|306\/330
|
|turn|22
|c|★poopyblanket|ok cool
|
|cant|p2a: Arcanine|partiallytrapped
|move|p1a: Arbok|Wrap|p2a: Arcanine
|-damage|p2a: Arcanine|294\/330
|
|-end|p2a: Arcanine|Wrap|[partiallytrapped]
|turn|23
|c|★SourCrouter|we'll have to chat up pokemon on facebook a bunch now!
|
|switch|p1a: Dewgong|Dewgong, L86|330\/330
|move|p2a: Arcanine|Body Slam|p1a: Dewgong
|-damage|p1a: Dewgong|254\/330
|
|turn|24
|
|switch|p2a: Lapras|Lapras, L82|381\/381
|move|p1a: Dewgong|Surf|p2a: Lapras
|-resisted|p2a: Lapras
|-damage|p2a: Lapras|334\/381
|
|turn|25
|c|★poopyblanket|haha for sure. i never got ruby or saphire. did you?
|c|★SourCrouter|yeah My X was lost with my other ds so I got Alpha on my new one!
|
|switch|p1a: Exeggutor|Exeggutor, L82|324\/324
|move|p2a: Lapras|Thunderbolt|p1a: Exeggutor
|-resisted|p1a: Exeggutor
|-damage|p1a: Exeggutor|300\/324
|
|turn|26
|c|★SourCrouter|seeing you on here made my day though!
|c|★SourCrouter|nice switch.
|
|move|p2a: Lapras|Ice Beam|p1a: Exeggutor
|-supereffective|p1a: Exeggutor
|-damage|p1a: Exeggutor|140\/324
|move|p1a: Exeggutor|Stun Spore|p2a: Lapras
|-status|p2a: Lapras|par
|
|turn|27
|c|★poopyblanket|me too dude! i just finished a paper and wanted to unwind and youre the first battle i got!
|c|★SourCrouter|first one! that's craziness. :)
|
|switch|p1a: Dewgong|Dewgong, L86|254\/330
|move|p2a: Lapras|Ice Beam|p1a: Dewgong
|-resisted|p1a: Dewgong
|-damage|p1a: Dewgong|235\/330
|
|turn|28
|c|★SourCrouter|I gotta pay attention to this battle  haha
|
|move|p1a: Dewgong|Mimic|p2a: Lapras
|-start|p1a: Dewgong|Mimic|Rest
|move|p2a: Lapras|Body Slam|p1a: Dewgong
|-damage|p1a: Dewgong|185\/330
|
|turn|29
|
|move|p1a: Dewgong|Body Slam|p2a: Lapras
|-damage|p2a: Lapras|274\/381 par
|move|p2a: Lapras|Thunderbolt|p1a: Dewgong
|-crit|p1a: Dewgong
|-supereffective|p1a: Dewgong
|-damage|p1a: Dewgong|0 fnt
|faint|p1a: Dewgong
|
|switch|p1a: Electabuzz|Electabuzz, L86|287\/287
|turn|30
|
|switch|p2a: Hitmonchan|Hitmonchan, L86|134\/261 par
|move|p1a: Electabuzz|Thunderbolt|p2a: Hitmonchan
|-damage|p2a: Hitmonchan|0 fnt
|faint|p2a: Hitmonchan
|
|switch|p2a: Arcanine|Arcanine, L86|294\/330
|turn|31
|
|move|p1a: Electabuzz|Thunder Wave|p2a: Arcanine
|-status|p2a: Arcanine|par
|move|p2a: Arcanine|Body Slam|p1a: Electabuzz
|-damage|p1a: Electabuzz|204\/287
|
|turn|32
|
|switch|p1a: Arbok|Arbok, L86|73\/279 par
|move|p2a: Arcanine|Hyper Beam|p1a: Arbok
|-damage|p1a: Arbok|0 fnt
|faint|p1a: Arbok
|
|switch|p1a: Scyther|Scyther, L86|296\/296
|turn|33
|
|switch|p2a: Fearow|Fearow, L86|287\/287
|move|p1a: Scyther|Swords Dance|p1a: Scyther
|-boost|p1a: Scyther|atk|2
|
|turn|34
|
|move|p1a: Scyther|Hyper Beam|p2a: Fearow
|-damage|p2a: Fearow|8\/287
|move|p2a: Fearow|Drill Peck|p1a: Scyther
|-supereffective|p1a: Scyther
|-damage|p1a: Scyther|117\/296
|
|turn|35
|
|cant|p1a: Scyther|recharge
|move|p2a: Fearow|Drill Peck|p1a: Scyther
|-supereffective|p1a: Scyther
|-damage|p1a: Scyther|0 fnt
|faint|p1a: Scyther
|
|switch|p1a: Persian|Persian, L82|274\/274
|turn|36
|
|move|p1a: Persian|Body Slam|p2a: Fearow
|-crit|p2a: Fearow
|-damage|p2a: Fearow|0 fnt
|faint|p2a: Fearow
|c|★SourCrouter|dat speed doh!
|c|★poopyblanket|persian is likt the fastest gen 1 OU.
|c|★SourCrouter|Electrode
|c|★SourCrouter|Aerodactyl are up there!
|
|switch|p2a: Lapras|Lapras, L82|274\/381 par
|turn|37
|c|★poopyblanket|ya thats true. ecectrode too. but they dont get good attacks
|c|★SourCrouter|persian and tauros can destroy gen 1
|c|★poopyblanket|tauros is my boy
|
|move|p1a: Persian|Screech|p2a: Lapras
|-unboost|p2a: Lapras|def|2
|move|p2a: Lapras|Ice Beam|p1a: Persian
|-damage|p1a: Persian|150\/274
|-status|p1a: Persian|frz
|
|turn|38
|c|★poopyblanket|haha wow
|c|★SourCrouter|sorry about da hax i don't have thuunder wave though so i'll take it!
|c|★poopyblanket|damn
|
|cant|p1a: Persian|frz
|move|p2a: Lapras|Rest|p2a: Lapras
|-status|p2a: Lapras|slp
|-heal|p2a: Lapras|381\/381 slp|[silent]
|-status|p2a: Lapras|slp|[from] move: Rest
|
|turn|39
|c|★poopyblanket|you should switch t arcanine and hit me with a fire blast
|c|★SourCrouter|how about you just use scald :p
|c|★poopyblanket|LOLZ
|
|switch|p1a: Electabuzz|Electabuzz, L86|204\/287
|cant|p2a: Lapras|slp
|
|turn|40
|
|switch|p2a: Arcanine|Arcanine, L86|294\/330 par
|move|p1a: Electabuzz|Thunderbolt|p2a: Arcanine
|-damage|p2a: Arcanine|194\/330 par
|
|turn|41
|
|switch|p1a: Persian|Persian, L82|150\/274 frz
|move|p2a: Arcanine|Reflect|p2a: Arcanine
|
|turn|42
|
|switch|p1a: Exeggutor|Exeggutor, L82|140\/324
|move|p2a: Arcanine|Hyper Beam|p1a: Exeggutor
|-damage|p1a: Exeggutor|14\/324
|
|turn|43
|c|★SourCrouter|oooooo
|
|move|p1a: Exeggutor|Egg Bomb|p2a: Arcanine
|-damage|p2a: Arcanine|161\/330 par
|cant|p2a: Arcanine|recharge
|
|turn|44
|
|switch|p1a: Persian|Persian, L82|150\/274 frz
|move|p2a: Arcanine|Body Slam|p1a: Persian
|-crit|p1a: Persian
|-damage|p1a: Persian|0 fnt
|faint|p1a: Persian
|c|★SourCrouter|it's a crit! haha
|
|switch|p1a: Exeggutor|Exeggutor, L82|14\/324
|turn|45
|
|move|p1a: Exeggutor|Hyper Beam|p2a: Arcanine
|-crit|p2a: Arcanine
|-damage|p2a: Arcanine|0 fnt
|faint|p2a: Arcanine
|
|switch|p2a: Lapras|Lapras, L82|381\/381 slp
|turn|46
|
|cant|p2a: Lapras|slp
|-curestatus|p2a: Lapras|slp
|move|p1a: Exeggutor|Mega Drain|p2a: Lapras
|-supereffective|p2a: Lapras
|-damage|p2a: Lapras|284\/381
|-heal|p1a: Exeggutor|62\/324|[from] drain|[of] p2a: Lapras
|
|turn|47
|
|move|p2a: Lapras|Ice Beam|p1a: Exeggutor
|-supereffective|p1a: Exeggutor
|-damage|p1a: Exeggutor|0 fnt
|faint|p1a: Exeggutor
|
|switch|p1a: Electabuzz|Electabuzz, L86|204\/287
|turn|48
|
|move|p1a: Electabuzz|Thunderbolt|p2a: Lapras
|-crit|p2a: Lapras
|-supereffective|p2a: Lapras
|-damage|p2a: Lapras|0 fnt
|faint|p2a: Lapras
|c|★SourCrouter|the crit doh!
|
|switch|p2a: Pidgeot|Pidgeot, L86|318\/318
|turn|49
|c|★poopyblanket|this is real
|c|★SourCrouter|I think you won!
|
|move|p1a: Electabuzz|Thunderbolt|p2a: Pidgeot
|-supereffective|p2a: Pidgeot
|-damage|p2a: Pidgeot|94\/318
|move|p2a: Pidgeot|Hyper Beam|p1a: Electabuzz|[miss]
|-miss|p2a: Pidgeot
|
|turn|50
|c|★poopyblanket|shit.
|c|★poopyblanket|gg
|c|★SourCrouter|I shoudn't of sapped that dugtrio turn 1!
|c|★poopyblanket|revenge for the freeze
|
|move|p1a: Electabuzz|Thunderbolt|p2a: Pidgeot
|-supereffective|p2a: Pidgeot
|-damage|p2a: Pidgeot|0 fnt
|faint|p2a: Pidgeot
|
|win|poopyblanket
|raw|Ladder updating...
|raw|poopyblanket's rating: 1178 &rarr; <strong>1204<\/strong><br \/>(+26 for winning)
|raw|SourCrouter's rating: 1195 &rarr; <strong>1169<\/strong><br \/>(-26 for losing)
|c|★SourCrouter|random battle or gen 1 random battle?
|c|★SourCrouter|damn you took me down 26!
|c|★poopyblanket|dude this made me so happy. keep in touch. later bud:)
|c|★poopyblanket|dude i got swiped 40 so many times
|c|★poopyblanket|i was in the 1300's last night
|c|★SourCrouter|good luck! this was awesome! :)
|c|★SourCrouter|i told curtis i'd get in top 10! haha
|c|★poopyblanket|im sharing it so i can watchit forever
|c|★poopyblanket|haha not if youre losing to me;)