|join|Isael50
|join|Buts X
|player|p1|Isael50|179
|player|p2|Buts X|43
|gametype|singles
|gen|1
|tier|[Gen 1] Random Battle
|rated
|rule|Sleep Clause Mod: Limit one foe put to sleep
|rule|Freeze Clause Mod: Limit one foe frozen
|rule|HP Percentage Mod: HP is shown in percentages
|
|start
|switch|p1a: Ekans|Ekans, L96|262\/262
|switch|p2a: Jigglypuff|Jigglypuff, L99|428\/428
|turn|1
|
|move|p1a: Ekans|Glare|p2a: Jigglypuff|[miss]
|-miss|p1a: Ekans
|move|p2a: Jigglypuff|Thunder Wave|p1a: Ekans
|-status|p1a: Ekans|par
|
|turn|2
|
|move|p2a: Jigglypuff|Body Slam|p1a: Ekans
|-damage|p1a: Ekans|153\/262 par
|cant|p1a: Ekans|par
|
|turn|3
|c|★Buts X|jigglytank
|
|move|p2a: Jigglypuff|Body Slam|p1a: Ekans
|-damage|p1a: Ekans|45\/262 par
|move|p1a: Ekans|Glare|p2a: Jigglypuff
|-status|p2a: Jigglypuff|par
|
|turn|4
|c|★Buts X|aw
|c|★Isael50|lol
|
|move|p1a: Ekans|Earthquake|p2a: Jigglypuff
|-damage|p2a: Jigglypuff|309\/428 par
|move|p2a: Jigglypuff|Body Slam|p1a: Ekans
|-damage|p1a: Ekans|0 fnt
|faint|p1a: Ekans
|
|switch|p1a: Nidoqueen|Nidoqueen, L85|327\/327
|turn|5
|c|★Buts X|really wish i had a water or ice or psychic type
|c|★Buts X|or any pokemon with those type moves
|
|move|p1a: Nidoqueen|Earthquake|p2a: Jigglypuff
|-damage|p2a: Jigglypuff|136\/428 par
|cant|p2a: Jigglypuff|par
|
|turn|6
|
|move|p1a: Nidoqueen|Earthquake|p2a: Jigglypuff
|-damage|p2a: Jigglypuff|0 fnt
|faint|p2a: Jigglypuff
|
|switch|p2a: Sandslash|Sandslash, L85|301\/301
|turn|7
|
|move|p1a: Nidoqueen|Blizzard|p2a: Sandslash
|-supereffective|p2a: Sandslash
|-damage|p2a: Sandslash|107\/301
|move|p2a: Sandslash|Earthquake|p1a: Nidoqueen
|-supereffective|p1a: Nidoqueen
|-damage|p1a: Nidoqueen|101\/327
|
|turn|8
|
|move|p1a: Nidoqueen|Blizzard|p2a: Sandslash
|-supereffective|p2a: Sandslash
|-damage|p2a: Sandslash|0 fnt
|faint|p2a: Sandslash
|
|switch|p2a: Electabuzz|Electabuzz, L85|284\/284
|turn|9
|c|★Buts X|moment of truth here
|
|move|p2a: Electabuzz|Psychic|p1a: Nidoqueen
|-supereffective|p1a: Nidoqueen
|-damage|p1a: Nidoqueen|0 fnt
|faint|p1a: Nidoqueen
|c|★Buts X|ehre
|c|★Buts X|whew
|
|switch|p1a: Jolteon|Jolteon, L85|284\/284
|turn|10
|
|switch|p2a: Rhydon|Rhydon, L79|328\/328
|move|p1a: Jolteon|Thunder Wave|p2a: Rhydon
|-immune|p2a: Rhydon|[msg]
|
|turn|11
|c|★Isael50|amm..
|
|switch|p1a: Raticate|Raticate, L85|267\/267
|move|p2a: Rhydon|Rock Slide|p1a: Raticate|[miss]
|-miss|p2a: Rhydon
|
|turn|12
|c|★Isael50|I'm dead ..
|c|★Buts X|i shoulda quaked
|
|switch|p2a: Charmander|Charmander, L96|270\/270
|move|p1a: Raticate|Super Fang|p2a: Charmander
|-damage|p2a: Charmander|135\/270
|
|turn|13
|
|move|p1a: Raticate|Bubble Beam|p2a: Charmander
|-supereffective|p2a: Charmander
|-damage|p2a: Charmander|56\/270
|move|p2a: Charmander|Fire Blast|p1a: Raticate
|-damage|p1a: Raticate|112\/267
|-status|p1a: Raticate|brn
|
|turn|14
|
|move|p1a: Raticate|Bubble Beam|p2a: Charmander
|-supereffective|p2a: Charmander
|-damage|p2a: Charmander|0 fnt
|faint|p2a: Charmander
|
|switch|p2a: Fearow|Fearow, L85|284\/284
|turn|15
|c|★Isael50|yeah
|
|switch|p1a: Moltres|Moltres, L85|327\/327
|move|p2a: Fearow|Drill Peck|p1a: Moltres
|-damage|p1a: Moltres|251\/327
|
|turn|16
|c|★Buts X|oh hi bird
|c|★Isael50|kikirikí
|
|move|p2a: Fearow|Drill Peck|p1a: Moltres
|-damage|p1a: Moltres|177\/327
|move|p1a: Moltres|Fire Blast|p2a: Fearow|[miss]
|-miss|p1a: Moltres
|
|turn|17
|c|★Buts X|wheres the crits on drillpeck
|c|★Isael50|no moltres! :c
|
|move|p2a: Fearow|Drill Peck|p1a: Moltres
|-damage|p1a: Moltres|91\/327
|move|p1a: Moltres|Fire Blast|p2a: Fearow
|-damage|p2a: Fearow|94\/284
|-status|p2a: Fearow|brn
|
|turn|18
|
|switch|p1a: Rhydon|Rhydon, L79|328\/328
|move|p2a: Fearow|Drill Peck|p1a: Rhydon
|-resisted|p1a: Rhydon
|-damage|p1a: Rhydon|312\/328
|-damage|p2a: Fearow|77\/284 brn|[from] brn|[of] p1a: Rhydon
|
|turn|19
|c|★Buts X|ow ow
|c|★Buts X|you have one too fuck me
|c|★Isael50|yes xD
|
|move|p2a: Fearow|Hyper Beam|p1a: Rhydon|[miss]
|-miss|p2a: Fearow
|-damage|p2a: Fearow|60\/284 brn|[from] brn|[of] p1a: Rhydon
|move|p1a: Rhydon|Substitute|p1a: Rhydon
|-start|p1a: Rhydon|Substitute
|-damage|p1a: Rhydon|230\/328
|
|turn|20
|c|★Buts X|oh cool
|c|★Buts X|NOT COOL
|c|★Buts X|now i lose
|c|★Buts X|i have no grass or water type moves anywhere
|c|★Isael50|hahahahaa
|
|move|p2a: Fearow|Hyper Beam|p1a: Rhydon
|-resisted|p1a: Rhydon
|-activate|p1a: Rhydon|Substitute|[damage]
|-damage|p2a: Fearow|43\/284 brn|[from] brn|[of] p1a: Rhydon
|move|p1a: Rhydon|Rock Slide|p2a: Fearow
|-supereffective|p2a: Fearow
|-damage|p2a: Fearow|0 fnt
|faint|p2a: Fearow
|c|★Isael50|:O
|
|switch|p2a: Rhydon|Rhydon, L79|328\/328
|turn|21
|c|★Buts X|just need to be faster
|c|★Buts X|then there may be hope
|c|★Isael50|we'll see.
|
|move|p1a: Rhydon|Earthquake|p2a: Rhydon
|-supereffective|p2a: Rhydon
|-damage|p2a: Rhydon|135\/328
|move|p2a: Rhydon|Earthquake|p1a: Rhydon
|-supereffective|p1a: Rhydon
|-end|p1a: Rhydon|Substitute
|
|turn|22
|c|★Buts X|aw
|
|move|p2a: Rhydon|Earthquake|p1a: Rhydon
|-crit|p1a: Rhydon
|-supereffective|p1a: Rhydon
|-damage|p1a: Rhydon|0 fnt
|faint|p1a: Rhydon
|c|★Buts X|oh
|c|★Isael50|what ._.
|c|★Buts X|maybe some hope after all
|
|switch|p1a: Raticate|Raticate, L85|112\/267 brn
|turn|23
|
|switch|p2a: Electabuzz|Electabuzz, L85|284\/284
|move|p1a: Raticate|Bubble Beam|p2a: Electabuzz
|-damage|p2a: Electabuzz|252\/284
|-damage|p1a: Raticate|96\/267 brn|[from] brn|[of] p2a: Electabuzz
|
|turn|24
|
|switch|p1a: Jolteon|Jolteon, L85|284\/284
|move|p2a: Electabuzz|Psychic|p1a: Jolteon
|-damage|p1a: Jolteon|229\/284
|
|turn|25
|c|★Buts X|i thought youd switch to him... i just thought itd do more damage
|
|switch|p2a: Rhydon|Rhydon, L79|135\/328
|move|p1a: Jolteon|Double Kick|p2a: Rhydon
|-supereffective|p2a: Rhydon
|-damage|p2a: Rhydon|104\/328
|-damage|p2a: Rhydon|73\/328
|-hitcount|p2a: Rhydon|2
|
|turn|26
|c|★Buts X|ohhhh shit
|c|★Isael50|this is getting tense.
|c|★Buts X|not sure how to play this out
|
|switch|p1a: Raticate|Raticate, L85|96\/267 brn
|-damage|p1a: Raticate|80\/267 brn|[from] brn
|move|p2a: Rhydon|Rock Slide|p1a: Raticate
|-damage|p1a: Raticate|0 fnt
|faint|p1a: Raticate
|
|switch|p1a: Moltres|Moltres, L85|91\/327
|turn|27
|c|★Buts X|gl
|c|★Isael50|do not let me moltres
|
|move|p1a: Moltres|Fire Blast|p2a: Rhydon
|-crit|p2a: Rhydon
|-resisted|p2a: Rhydon
|-damage|p2a: Rhydon|0 fnt
|faint|p2a: Rhydon
|c|★Buts X|oh shit
|
|switch|p2a: Electabuzz|Electabuzz, L85|252\/284
|turn|28
|c|★Buts X|buzz buzz
|c|★Buts X|itll be a battle of paralysis soon enough
|
|move|p2a: Electabuzz|Thunderbolt|p1a: Moltres
|-supereffective|p1a: Moltres
|-damage|p1a: Moltres|0 fnt
|faint|p1a: Moltres
|c|★Buts X|with advantage you
|c|★Isael50|ooooooh
|
|switch|p1a: Jolteon|Jolteon, L85|229\/284
|turn|29
|
|move|p1a: Jolteon|Thunder Wave|p2a: Electabuzz
|-status|p2a: Electabuzz|par
|cant|p2a: Electabuzz|par
|
|turn|30
|c|★Buts X|NO
|
|move|p1a: Jolteon|Sand Attack|p2a: Electabuzz
|-unboost|p2a: Electabuzz|accuracy|1
|move|p2a: Electabuzz|Thunder Wave|p1a: Jolteon
|-status|p1a: Jolteon|par
|
|turn|31
|c|★Buts X|haha
|c|★Isael50|:c
|
|move|p1a: Jolteon|Sand Attack|p2a: Electabuzz
|-unboost|p2a: Electabuzz|accuracy|1
|move|p2a: Electabuzz|Seismic Toss|p1a: Jolteon|[miss]
|-miss|p2a: Electabuzz
|
|turn|32
|c|★Isael50|:o
|
|cant|p1a: Jolteon|par
|move|p2a: Electabuzz|Seismic Toss|p1a: Jolteon
|-damage|p1a: Jolteon|144\/284 par
|
|turn|33
|c|★Buts X|this just got super wonky
|
|move|p1a: Jolteon|Sand Attack|p2a: Electabuzz
|-unboost|p2a: Electabuzz|accuracy|1
|move|p2a: Electabuzz|Seismic Toss|p1a: Jolteon
|-damage|p1a: Jolteon|59\/284 par
|
|turn|34
|c|★Isael50|hahahahaha
|c|★Isael50|whhhhhat?
|c|★Isael50|:c
|c|★Isael50|GG man
|
|move|p1a: Jolteon|Thunderbolt|p2a: Electabuzz
|-resisted|p2a: Electabuzz
|-damage|p2a: Electabuzz|193\/284 par
|move|p2a: Electabuzz|Seismic Toss|p1a: Jolteon
|-damage|p1a: Jolteon|0 fnt
|faint|p1a: Jolteon
|
|win|Buts X
|raw|Ladder updating...
|raw|Isael50's rating: 1331 &rarr; <strong>1309<\/strong><br \/>(-22 for losing)
|raw|Buts X's rating: 1295 &rarr; <strong>1322<\/strong><br \/>(+27 for winning)