|join|Dervodel
|join|Aluisio
|player|p1|Dervodel|238
|player|p2|Aluisio|2
|gametype|singles
|gen|1
|tier|[Gen 1] Random Battle
|rated
|seed|41837,11609,65332,60625
|rule|Sleep Clause Mod: Limit one foe put to sleep
|rule|Freeze Clause Mod: Limit one foe frozen
|rule|HP Percentage Mod: HP is shown in percentages
|
|start
|switch|p1a: Lapras|Lapras, L79|367\/367
|switch|p2a: Aerodactyl|Aerodactyl, L90|327\/327
|turn|1
|choice|move 2|move 4
|
|move|p2a: Aerodactyl|Double-Edge|p1a: Lapras
|-damage|p1a: Lapras|266\/367
|-damage|p2a: Aerodactyl|302\/327|[from] recoil|[of] p1a: Lapras
|move|p1a: Lapras|Confuse Ray|p2a: Aerodactyl
|-start|p2a: Aerodactyl|confusion
|
|turn|2
|choice|move 4|move 4
|
|-activate|p2a: Aerodactyl|confusion
|-damage|p2a: Aerodactyl|259\/327|[from] confusion
|move|p1a: Lapras|Ice Beam|p2a: Aerodactyl
|-supereffective|p2a: Aerodactyl
|-damage|p2a: Aerodactyl|44\/327
|
|turn|3
|choice|move 4|move 3
|
|-activate|p2a: Aerodactyl|confusion
|-damage|p2a: Aerodactyl|1\/327|[from] confusion
|move|p1a: Lapras|Ice Beam|p2a: Aerodactyl
|-supereffective|p2a: Aerodactyl
|-damage|p2a: Aerodactyl|0 fnt
|faint|p2a: Aerodactyl
|choice||switch 6
|
|switch|p2a: Zapdos|Zapdos, L79|304\/304
|turn|4
|choice|switch 3|move 2
|
|switch|p1a: Nidoran-F|Nidoran-F, L96|300\/300
|move|p2a: Zapdos|Thunderbolt|p1a: Nidoran-F
|-crit|p1a: Nidoran-F
|-damage|p1a: Nidoran-F|14\/300
|
|turn|5
|c|★Dervodel|gg
|c|★Dervodel|xD
|c|★Dervodel|horible team :)
|choice|move 3|move 4
|
|move|p2a: Zapdos|Drill Peck|p1a: Nidoran-F
|-damage|p1a: Nidoran-F|0 fnt
|faint|p1a: Nidoran-F
|c|★Aluisio|random does that
|c|★Aluisio|gg
|choice|switch 2|
|
|switch|p1a: Porygon|Porygon, L85|284\/284
|turn|6
|choice|move 3|move 3
|
|move|p2a: Zapdos|Thunder Wave|p1a: Porygon
|-status|p1a: Porygon|par
|move|p1a: Porygon|Ice Beam|p2a: Zapdos
|-supereffective|p2a: Zapdos
|-damage|p2a: Zapdos|198\/304
|
|turn|7
|choice|move 3|switch 2
|
|switch|p2a: Hitmonchan|Hitmonchan, L90|273\/273
|move|p1a: Porygon|Ice Beam|p2a: Hitmonchan
|-crit|p2a: Hitmonchan
|-damage|p2a: Hitmonchan|113\/273
|
|turn|8
|choice|switch 4|move 1
|
|switch|p1a: Nidorino|Nidorino, L90|293\/293
|move|p2a: Hitmonchan|Submission|p1a: Nidorino
|-resisted|p1a: Nidorino
|-damage|p1a: Nidorino|232\/293
|-damage|p2a: Hitmonchan|98\/273|[from] recoil|[of] p1a: Nidorino
|
|turn|9
|choice|move 1|switch 5
|
|switch|p2a: Weedle|Weedle, L99|280\/280
|move|p1a: Nidorino|Body Slam|p2a: Weedle
|-damage|p2a: Weedle|189\/280
|-status|p2a: Weedle|par
|
|turn|10
|choice|move 3|move 2
|
|move|p1a: Nidorino|Substitute|p1a: Nidorino
|-start|p1a: Nidorino|Substitute
|-damage|p1a: Nidorino|159\/293
|cant|p2a: Weedle|par
|
|turn|11
|choice|move 1|switch 4
|
|switch|p2a: Mew|Mew, L74|300\/300
|move|p1a: Nidorino|Body Slam|p2a: Mew
|-damage|p2a: Mew|243\/300
|
|turn|12
|choice|move 1|move 2
|
|move|p2a: Mew|Thunderbolt|p1a: Nidorino
|-activate|p1a: Nidorino|Substitute|[damage]
|move|p1a: Nidorino|Body Slam|p2a: Mew
|-damage|p2a: Mew|188\/300
|
|turn|13
|choice|move 1|move 3
|
|move|p2a: Mew|Swift|p1a: Nidorino
|-end|p1a: Nidorino|Substitute
|move|p1a: Nidorino|Body Slam|p2a: Mew
|-crit|p2a: Mew
|-damage|p2a: Mew|67\/300
|
|turn|14
|choice|move 1|move 4
|
|move|p2a: Mew|Explosion|p1a: Nidorino
|-damage|p1a: Nidorino|0 fnt
|faint|p1a: Nidorino
|faint|p2a: Mew
|choice|switch 4|switch 3
|
|switch|p2a: Lickitung|Lickitung, L90|345\/345
|switch|p1a: Porygon|Porygon, L85|284\/284 par
|turn|15
|choice|move 3|move 1
|
|move|p2a: Lickitung|Swords Dance|p2a: Lickitung
|-boost|p2a: Lickitung|atk|2
|move|p1a: Porygon|Ice Beam|p2a: Lickitung
|-crit|p2a: Lickitung
|-damage|p2a: Lickitung|201\/345
|
|turn|16
|choice|move 3|move 3
|
|move|p2a: Lickitung|Hyper Beam|p1a: Porygon
|-damage|p1a: Porygon|0 fnt
|faint|p1a: Porygon
|choice|switch 3|
|
|switch|p1a: Lapras|Lapras, L79|266\/367
|turn|17
|choice|move 2|move 4
|
|move|p1a: Lapras|Confuse Ray|p2a: Lickitung
|-start|p2a: Lickitung|confusion
|-activate|p2a: Lickitung|confusion
|move|p2a: Lickitung|Body Slam|p1a: Lapras
|-damage|p1a: Lapras|109\/367
|
|turn|18
|choice|move 4|switch 4
|
|switch|p2a: Weedle|Weedle, L99|189\/280 par
|move|p1a: Lapras|Ice Beam|p2a: Weedle
|-damage|p2a: Weedle|47\/280 par
|
|turn|19
|choice|move 2|move 2
|
|move|p1a: Lapras|Confuse Ray|p2a: Weedle
|-start|p2a: Weedle|confusion
|-activate|p2a: Weedle|confusion
|move|p2a: Weedle|String Shot|p1a: Lapras
|-unboost|p1a: Lapras|spe|1
|
|turn|20
|choice|move 4|move 1
|
|move|p1a: Lapras|Ice Beam|p2a: Weedle
|-damage|p2a: Weedle|0 fnt
|faint|p2a: Weedle
|choice||switch 2
|
|switch|p2a: Zapdos|Zapdos, L79|198\/304
|turn|21
|choice|switch 6|move 2
|
|switch|p1a: Charmeleon|Charmeleon, L85|272\/272
|move|p2a: Zapdos|Thunderbolt|p1a: Charmeleon
|-damage|p1a: Charmeleon|144\/272
|
|turn|22
|choice|move 2|move 2
|
|move|p2a: Zapdos|Thunderbolt|p1a: Charmeleon
|-damage|p1a: Charmeleon|23\/272
|move|p1a: Charmeleon|Fire Blast|p2a: Zapdos|[miss]
|-miss|p1a: Charmeleon
|
|turn|23
|choice|move 2|move 4
|
|move|p2a: Zapdos|Drill Peck|p1a: Charmeleon
|-crit|p1a: Charmeleon
|-damage|p1a: Charmeleon|0 fnt
|faint|p1a: Charmeleon
|choice|switch 5|
|
|switch|p1a: Pidgeot|Pidgeot, L90|333\/333
|turn|24
|choice|move 1|move 2
|
|move|p1a: Pidgeot|Double-Edge|p2a: Zapdos
|-crit|p2a: Zapdos
|-damage|p2a: Zapdos|0 fnt
|-damage|p1a: Pidgeot|284\/333|[from] recoil|[of] p2a: Zapdos
|faint|p2a: Zapdos
|choice||switch 4
|
|switch|p2a: Lickitung|Lickitung, L90|201\/345
|turn|25
|choice|move 1|move 4
|
|move|p1a: Pidgeot|Double-Edge|p2a: Lickitung
|-damage|p2a: Lickitung|82\/345
|-damage|p1a: Pidgeot|255\/333|[from] recoil|[of] p2a: Lickitung
|move|p2a: Lickitung|Body Slam|p1a: Pidgeot
|-damage|p1a: Pidgeot|176\/333
|
|turn|26
|choice|move 1|move 4
|
|move|p1a: Pidgeot|Double-Edge|p2a: Lickitung
|-crit|p2a: Lickitung
|-damage|p2a: Lickitung|0 fnt
|-damage|p1a: Pidgeot|156\/333|[from] recoil|[of] p2a: Lickitung
|faint|p2a: Lickitung
|choice||switch 5
|
|switch|p2a: Hitmonchan|Hitmonchan, L90|98\/273
|turn|27
|choice|move 4|move 3
|
|move|p1a: Pidgeot|Hyper Beam|p2a: Hitmonchan
|-damage|p2a: Hitmonchan|0 fnt
|faint|p2a: Hitmonchan
|
|win|Dervodel
|c|★Dervodel|lol gg
|raw|Dervodel's rating: 1417 &rarr; <strong>1425<\/strong><br \/>(+8 for winning)
|raw|Aluisio's rating: 1177 &rarr; <strong>1166<\/strong><br \/>(-11 for losing)