|j|fulley
|j|Pikachuuni
|player|p1|fulley|1
|player|p2|Pikachuuni|102
|gametype|singles
|gen|1
|tier|[Gen 1] OU
|rated
|seed|
|rule|Sleep Clause Mod: Limit one foe put to sleep
|rule|Freeze Clause Mod: Limit one foe frozen
|rule|Species Clause: Limit one of each Pokémon
|rule|OHKO Clause: OHKO moves are banned
|rule|Evasion Moves Clause: Evasion moves are banned
|rule|HP Percentage Mod: HP is shown in percentages
|
|start
|switch|p1a: Cloyster|Cloyster|100\/100
|switch|p2a: Electabuzz|Electabuzz|100\/100
|turn|1
|choice||
|
|move|p2a: Electabuzz|Thunderbolt|p1a: Cloyster
|-supereffective|p1a: Cloyster
|-damage|p1a: Cloyster|28\/100
|move|p1a: Cloyster|Toxic|p2a: Electabuzz
|-status|p2a: Electabuzz|tox
|
|turn|2
|choice||
|
|switch|p1a: Venusaur|Venusaur|100\/100
|move|p2a: Electabuzz|Thunderbolt|p1a: Venusaur
|-crit|p1a: Venusaur
|-resisted|p1a: Venusaur
|-damage|p1a: Venusaur|74\/100
|-damage|p2a: Electabuzz|94\/100 tox|[from] tox|[of] p1a: Venusaur
|
|turn|3
|choice||
|
|switch|p2a: Nidoking|Nidoking|100\/100
|move|p1a: Venusaur|Leech Seed|p2a: Nidoking
|-start|p2a: Nidoking|move: Leech Seed
|
|turn|4
|choice||
|
|switch|p1a: Cloyster|Cloyster|28\/100
|move|p2a: Nidoking|Fire Blast|p1a: Cloyster
|-damage|p1a: Cloyster|0 fnt
|faint|p1a: Cloyster
|choice||
|
|switch|p1a: Charizard|Charizard|100\/100
|turn|5
|choice||
|
|switch|p2a: Lapras|Lapras|100\/100
|move|p1a: Charizard|Swords Dance|p1a: Charizard
|-boost|p1a: Charizard|atk|2
|
|turn|6
|choice||
|
|move|p1a: Charizard|Fire Blast|p2a: Lapras|[miss]
|-miss|p1a: Charizard
|move|p2a: Lapras|Surf|p1a: Charizard
|-supereffective|p1a: Charizard
|-damage|p1a: Charizard|28\/100
|
|turn|7
|choice||
|
|move|p1a: Charizard|Fire Blast|p2a: Lapras
|-crit|p2a: Lapras
|-damage|p2a: Lapras|47\/100
|move|p2a: Lapras|Surf|p1a: Charizard
|-supereffective|p1a: Charizard
|-damage|p1a: Charizard|0 fnt
|faint|p1a: Charizard
|choice||
|
|switch|p1a: Jolteon|Jolteon|100\/100
|turn|8
|choice||
|
|switch|p2a: Rhydon|Rhydon|100\/100
|move|p1a: Jolteon|Thunder Wave|p2a: Rhydon
|-immune|p2a: Rhydon|[msg]
|
|turn|9
|choice||
|
|switch|p1a: Venusaur|Venusaur|74\/100
|move|p2a: Rhydon|Seismic Toss|p1a: Venusaur
|-damage|p1a: Venusaur|46\/100
|
|turn|10
|choice||
|
|move|p1a: Venusaur|Sleep Powder|p2a: Rhydon|[miss]
|-miss|p1a: Venusaur
|move|p2a: Rhydon|Surf|p1a: Venusaur
|-resisted|p1a: Venusaur
|-damage|p1a: Venusaur|40\/100
|
|turn|11
|choice||
|
|switch|p2a: Nidoking|Nidoking|100\/100
|move|p1a: Venusaur|Sleep Powder|p2a: Nidoking
|-status|p2a: Nidoking|slp
|
|turn|12
|choice||
|
|cant|p2a: Nidoking|slp
|move|p1a: Venusaur|Sleep Powder|p2a: Nidoking
|-fail|p2a: Nidoking|slp
|
|turn|13
|choice||
|
|switch|p2a: Rhydon|Rhydon|100\/100
|move|p1a: Venusaur|Leech Seed|p2a: Rhydon
|-start|p2a: Rhydon|move: Leech Seed
|
|turn|14
|choice||
|
|move|p1a: Venusaur|Sleep Powder|p2a: Rhydon|[miss]
|-miss|p1a: Venusaur
|move|p2a: Rhydon|Seismic Toss|p1a: Venusaur
|-damage|p1a: Venusaur|12\/100
|-damage|p2a: Rhydon|94\/100|[from] Leech Seed|[of] p1a: Venusaur
|-heal|p1a: Venusaur|19\/100|[silent]
|
|turn|15
|choice||
|
|move|p1a: Venusaur|Sleep Powder|p2a: Rhydon
|-message|Sleep Clause Mod activated.
|move|p2a: Rhydon|Body Slam|p1a: Venusaur
|-damage|p1a: Venusaur|0 fnt
|faint|p1a: Venusaur
|choice||
|
|switch|p1a: Alakazam|Alakazam|100\/100
|turn|16
|choice||
|
|move|p1a: Alakazam|Toxic|p2a: Rhydon|[miss]
|-miss|p1a: Alakazam
|move|p2a: Rhydon|Body Slam|p1a: Alakazam
|-damage|p1a: Alakazam|62\/100
|-status|p1a: Alakazam|par
|-damage|p2a: Rhydon|88\/100|[from] Leech Seed|[of] p1a: Alakazam
|-heal|p1a: Alakazam|70\/100 par|[silent]
|
|turn|17
|choice||
|
|move|p2a: Rhydon|Seismic Toss|p1a: Alakazam
|-damage|p1a: Alakazam|38\/100 par
|-damage|p2a: Rhydon|82\/100|[from] Leech Seed|[of] p1a: Alakazam
|-heal|p1a: Alakazam|46\/100 par|[silent]
|move|p1a: Alakazam|Toxic|p2a: Rhydon
|-status|p2a: Rhydon|tox
|
|turn|18
|choice||
|
|move|p2a: Rhydon|Seismic Toss|p1a: Alakazam
|-damage|p1a: Alakazam|14\/100 par
|-damage|p2a: Rhydon|76\/100 tox|[from] tox|[of] p1a: Alakazam
|-damage|p2a: Rhydon|64\/100 tox|[from] Leech Seed|[of] p1a: Alakazam
|-heal|p1a: Alakazam|30\/100 par|[silent]
|cant|p1a: Alakazam|par
|
|turn|19
|choice||
|
|move|p2a: Rhydon|Body Slam|p1a: Alakazam
|-damage|p1a: Alakazam|0 fnt
|faint|p1a: Alakazam
|choice||
|
|switch|p1a: Jolteon|Jolteon|100\/100
|turn|20
|choice||
|
|switch|p2a: Electabuzz|Electabuzz|94\/100 tox
|-status|p2a: Electabuzz|psn
|-damage|p2a: Electabuzz|88\/100 psn|[from] psn
|move|p1a: Jolteon|Quick Attack|p2a: Electabuzz
|-crit|p2a: Electabuzz
|-damage|p2a: Electabuzz|69\/100 psn
|
|turn|21
|choice||
|
|move|p1a: Jolteon|Quick Attack|p2a: Electabuzz
|-crit|p2a: Electabuzz
|-damage|p2a: Electabuzz|51\/100 psn
|move|p2a: Electabuzz|Psychic|p1a: Jolteon
|-damage|p1a: Jolteon|83\/100
|-unboost|p1a: Jolteon|spd|1
|-unboost|p1a: Jolteon|spa|1
|-damage|p2a: Electabuzz|45\/100 psn|[from] psn|[of] p1a: Jolteon
|
|turn|22
|choice||
|
|move|p1a: Jolteon|Quick Attack|p2a: Electabuzz
|-damage|p2a: Electabuzz|34\/100 psn
|move|p2a: Electabuzz|Rest|p2a: Electabuzz
|-status|p2a: Electabuzz|slp
|-heal|p2a: Electabuzz|100\/100 slp|[silent]
|-status|p2a: Electabuzz|slp|[from] move: Rest
|
|turn|23
|choice||
|
|switch|p2a: Rhydon|Rhydon|64\/100 tox
|-status|p2a: Rhydon|psn
|-damage|p2a: Rhydon|58\/100 psn|[from] psn
|move|p1a: Jolteon|Thunder|p2a: Rhydon
|-immune|p2a: Rhydon|[msg]
|
|turn|24
|choice||
|
|move|p1a: Jolteon|Quick Attack|p2a: Rhydon
|-crit|p2a: Rhydon
|-resisted|p2a: Rhydon
|-damage|p2a: Rhydon|53\/100 psn
|move|p2a: Rhydon|Seismic Toss|p1a: Jolteon
|-damage|p1a: Jolteon|53\/100
|-damage|p2a: Rhydon|47\/100 psn|[from] psn|[of] p1a: Jolteon
|
|turn|25
|choice||
|
|switch|p1a: Gengar|Gengar|100\/100
|move|p2a: Rhydon|Rest|p2a: Rhydon
|-status|p2a: Rhydon|slp
|-heal|p2a: Rhydon|100\/100 slp|[silent]
|-status|p2a: Rhydon|slp|[from] move: Rest
|
|turn|26
|choice||
|
|move|p1a: Gengar|Psychic|p2a: Rhydon
|-damage|p2a: Rhydon|68\/100 slp
|-unboost|p2a: Rhydon|spd|1
|-unboost|p2a: Rhydon|spa|1
|cant|p2a: Rhydon|slp
|
|turn|27
|choice||
|
|switch|p2a: Electabuzz|Electabuzz|100\/100 slp
|move|p1a: Gengar|Psychic|p2a: Electabuzz
|-damage|p2a: Electabuzz|72\/100 slp
|
|turn|28
|choice||
|
|move|p1a: Gengar|Confuse Ray|p2a: Electabuzz
|-start|p2a: Electabuzz|confusion
|cant|p2a: Electabuzz|slp
|
|turn|29
|choice||
|
|switch|p2a: Jynx|Jynx|100\/100
|move|p1a: Gengar|Psychic|p2a: Jynx
|-resisted|p2a: Jynx
|-damage|p2a: Jynx|87\/100
|-unboost|p2a: Jynx|spd|1
|-unboost|p2a: Jynx|spa|1
|
|turn|30
|choice||
|
|move|p1a: Gengar|Confuse Ray|p2a: Jynx
|-start|p2a: Jynx|confusion
|-activate|p2a: Jynx|confusion
|-damage|p2a: Jynx|74\/100|[from] confusion
|
|turn|31
|choice||
|
|move|p1a: Gengar|Psychic|p2a: Jynx
|-resisted|p2a: Jynx
|-damage|p2a: Jynx|56\/100
|-unboost|p2a: Jynx|spd|1
|-unboost|p2a: Jynx|spa|1
|-end|p2a: Jynx|confusion
|move|p2a: Jynx|Lovely Kiss|p1a: Gengar
|-status|p1a: Gengar|slp
|
|turn|32
|choice||
|
|cant|p1a: Gengar|slp
|move|p2a: Jynx|Seismic Toss|p1a: Gengar
|-damage|p1a: Gengar|70\/100 slp
|
|turn|33
|choice||
|
|cant|p1a: Gengar|slp
|move|p2a: Jynx|Seismic Toss|p1a: Gengar
|-damage|p1a: Gengar|39\/100 slp
|
|turn|34
|choice||
|
|cant|p1a: Gengar|slp
|move|p2a: Jynx|Seismic Toss|p1a: Gengar
|-damage|p1a: Gengar|8\/100 slp
|
|turn|35
|c|★fulley|lol
|choice||
|
|cant|p1a: Gengar|slp
|move|p2a: Jynx|Seismic Toss|p1a: Gengar
|-damage|p1a: Gengar|0 fnt
|faint|p1a: Gengar
|choice||
|
|switch|p1a: Jolteon|Jolteon|53\/100
|turn|36
|choice||
|
|move|p1a: Jolteon|Thunder|p2a: Jynx|[miss]
|-miss|p1a: Jolteon
|move|p2a: Jynx|Lovely Kiss|p1a: Jolteon
|-status|p1a: Jolteon|slp
|
|turn|37
|choice||
|
|cant|p1a: Jolteon|slp
|move|p2a: Jynx|Seismic Toss|p1a: Jolteon
|-damage|p1a: Jolteon|23\/100 slp
|
|turn|38
|choice||
|
|cant|p1a: Jolteon|slp
|move|p2a: Jynx|Seismic Toss|p1a: Jolteon
|-damage|p1a: Jolteon|0 fnt
|faint|p1a: Jolteon
|
|win|Pikachuuni
|player|p1
|player|p2
|raw|fulley's rating: 1000 &rarr; <strong>1000<\/strong><br \/>(+0 for losing)
|raw|Pikachuuni's rating: 1000 &rarr; <strong>1040<\/strong><br \/>(+40 for winning)
|l|fulley