|join|Kel9901
|join|TwinkiePunk
|player|p1|Kel9901|2
|player|p2|TwinkiePunk|138
|gametype|singles
|gen|1
|tier|[Gen 1] OU (beta)
|rated
|rule|Sleep Clause Mod: Limit one foe put to sleep
|rule|Species Clause: Limit one of each Pokemon
|rule|OHKO Clause: OHKO moves are banned
|rule|Moody Clause: Moody is banned
|rule|Evasion Moves Clause: Evasion moves are banned
|rule|Endless Battle Clause: Forcing endless battles is banned.
|rule|HP Percentage Mod: HP is reported as percentages
|
|start
|switch|p1a: Jynx|Jynx|333\/333
|switch|p2a: Alakazam|Alakazam|313\/313
|turn|1
|callback|decision
|
|move|p2a: Alakazam|Thunder Wave|p1a: Jynx
|-status|p1a: Jynx|par
|move|p1a: Jynx|Lovely Kiss|p2a: Alakazam|[miss]
|-miss|p1a: Jynx
|
|turn|2
|callback|decision
|
|move|p2a: Alakazam|Seismic Toss|p1a: Jynx
|-damage|p1a: Jynx|233\/333 par
|move|p1a: Jynx|Lovely Kiss|p2a: Alakazam
|-status|p2a: Alakazam|slp
|
|turn|3
|callback|decision
|
|cant|p2a: Alakazam|slp
|cant|p1a: Jynx|par
|
|turn|4
|callback|decision
|join|skaithius10
|
|cant|p2a: Alakazam|slp
|-curestatus|p2a: Alakazam|slp
|move|p1a: Jynx|Blizzard|p2a: Alakazam
|-damage|p2a: Alakazam|198\/313
|
|turn|5
|callback|decision
|
|move|p2a: Alakazam|Seismic Toss|p1a: Jynx
|-damage|p1a: Jynx|133\/333 par
|move|p1a: Jynx|Lovely Kiss|p2a: Alakazam
|-status|p2a: Alakazam|slp
|
|turn|6
|callback|decision
|
|cant|p2a: Alakazam|slp
|move|p1a: Jynx|Mimic|p2a: Alakazam
|-start|p1a: Jynx|Mimic|Thunder Wave
|
|turn|7
|callback|decision
|
|cant|p2a: Alakazam|slp
|cant|p1a: Jynx|par
|
|turn|8
|callback|decision
|
|cant|p2a: Alakazam|slp
|cant|p1a: Jynx|par
|
|turn|9
|callback|decision
|leave|skaithius10
|
|cant|p2a: Alakazam|slp
|move|p1a: Jynx|Lovely Kiss|p2a: Alakazam|[miss]
|-miss|p1a: Jynx
|
|turn|10
|callback|decision
|chat|TwinkiePunk|interesting
|
|cant|p2a: Alakazam|slp
|-curestatus|p2a: Alakazam|slp
|move|p1a: Jynx|Lovely Kiss|p2a: Alakazam
|-status|p2a: Alakazam|slp
|
|turn|11
|callback|decision
|
|switch|p2a: Starmie|Starmie|323\/323
|move|p1a: Jynx|Blizzard|p2a: Starmie
|-resisted|p2a: Starmie
|-damage|p2a: Starmie|255\/323
|
|turn|12
|callback|decision
|
|switch|p1a: Chansey|Chansey|703\/703
|move|p2a: Starmie|Thunderbolt|p1a: Chansey
|-damage|p1a: Chansey|636\/703
|
|turn|13
|callback|decision
|
|move|p2a: Starmie|Thunder Wave|p1a: Chansey
|-status|p1a: Chansey|par
|move|p1a: Chansey|Thunderbolt|p2a: Starmie
|-supereffective|p2a: Starmie
|-damage|p2a: Starmie|89\/323
|
|turn|14
|callback|decision
|
|move|p2a: Starmie|Recover|p2a: Starmie
|-heal|p2a: Starmie|250\/323
|cant|p1a: Chansey|par
|
|turn|15
|callback|decision
|
|switch|p2a: Exeggutor|Exeggutor|393\/393
|move|p1a: Chansey|Thunderbolt|p2a: Exeggutor
|-resisted|p2a: Exeggutor
|-damage|p2a: Exeggutor|359\/393
|
|turn|16
|callback|decision
|
|move|p2a: Exeggutor|Psychic|p1a: Chansey
|-crit|p1a: Chansey
|-damage|p1a: Chansey|378\/703 par
|move|p1a: Chansey|Ice Beam|p2a: Exeggutor
|-supereffective|p2a: Exeggutor
|-damage|p2a: Exeggutor|237\/393
|
|turn|17
|callback|decision
|chat|TwinkiePunk|damn thatgh for sure yo uwouldve twaved
|join|MichaelCarrick
|chat|TwinkiePunk|hmmm
|
|switch|p1a: Jynx|Jynx|133\/333 par
|move|p2a: Exeggutor|Psychic|p1a: Jynx
|-resisted|p1a: Jynx
|-damage|p1a: Jynx|73\/333 par
|-unboost|p1a: Jynx|spd|1
|-unboost|p1a: Jynx|spa|1
|
|turn|18
|callback|decision
|
|move|p2a: Exeggutor|Psychic|p1a: Jynx
|-resisted|p1a: Jynx
|-damage|p1a: Jynx|0 fnt
|faint|p1a: Jynx
|
|callback|decision
|
|switch|p1a: Tauros|Tauros|353\/353
|turn|19
|callback|decision
|
|switch|p1a: Golem|Golem|363\/363
|move|p2a: Exeggutor|Explosion|p1a: Golem
|-resisted|p1a: Golem
|-damage|p1a: Golem|250\/363
|faint|p2a: Exeggutor
|callback|decision
|chat|MichaelCarrick|very nice
|
|switch|p2a: Dragonite|Dragonite|385\/385
|turn|20
|callback|decision
|chat|TwinkiePunk|thats ok
|
|switch|p1a: Exeggutor|Exeggutor|393\/393
|move|p2a: Dragonite|Surf|p1a: Exeggutor
|-resisted|p1a: Exeggutor
|-damage|p1a: Exeggutor|360\/393
|
|turn|21
|callback|decision
|chat|TwinkiePunk|overall its owrth it
|
|move|p2a: Dragonite|Wrap|p1a: Exeggutor
|-damage|p1a: Exeggutor|342\/393
|-activate|p1a: Exeggutor|move: Wrap|[of] p2a: Dragonite
|cant|p1a: Exeggutor|partiallytrapped
|
|turn|22
|callback|decision
|chat|TwinkiePunk|shit fuck
|chat|TwinkiePunk|forgot to change my moves on dnite
|chat|TwinkiePunk|now I dont have twvae and i feel retarded
|
|switch|p1a: Tauros|Tauros|353\/353
|move|p2a: Dragonite|Wrap|p1a: Tauros
|-damage|p1a: Tauros|336\/353
|-activate|p1a: Tauros|move: Wrap|[of] p2a: Dragonite
|
|turn|23
|callback|decision
|
|cant|p1a: Tauros|partiallytrapped
|move|p2a: Dragonite|Wrap|p1a: Tauros
|-damage|p1a: Tauros|318\/353
|
|turn|24
|callback|decision
|
|cant|p1a: Tauros|partiallytrapped
|move|p2a: Dragonite|Wrap|p1a: Tauros
|-damage|p1a: Tauros|300\/353
|
|turn|25
|callback|decision
|chat|TwinkiePunk|the whole point of dnite on this team is to paralyze tauros
|
|cant|p1a: Tauros|partiallytrapped
|move|p2a: Dragonite|Wrap|p1a: Tauros
|-damage|p1a: Tauros|282\/353
|
|-end|p1a: Tauros|Wrap|[partiallytrapped]
|turn|26
|callback|decision
|
|move|p1a: Tauros|Blizzard|p2a: Dragonite
|-crit|p2a: Dragonite
|-supereffective|p2a: Dragonite
|-damage|p2a: Dragonite|0 fnt
|faint|p2a: Dragonite
|
|callback|decision
|chat|MichaelCarrick|you didnt agility did you? so you cant keep wrapping tauros
|chat|MichaelCarrick|nv
|join|vgonzalez
|chat|MichaelCarrick|m
|chat|TwinkiePunk|I dont want to run agilty because thats gay
|chat|MichaelCarrick|yep
|chat|TwinkiePunk|This whole strat is based around not having chansey
|
|switch|p2a: Zapdos|Zapdos|383\/383
|turn|27
|callback|decision
|chat|TwinkiePunk|but I fucked it up
|
|switch|p1a: Golem|Golem|250\/363
|move|p2a: Zapdos|Drill Peck|p1a: Golem
|-resisted|p1a: Golem
|-damage|p1a: Golem|214\/363
|
|turn|28
|callback|decision
|
|switch|p2a: Starmie|Starmie|250\/323
|move|p1a: Golem|Body Slam|p2a: Starmie
|-damage|p2a: Starmie|170\/323
|
|turn|29
|callback|decision
|chat|TwinkiePunk|with the bad read
|
|switch|p1a: Chansey|Chansey|378\/703 par
|move|p2a: Starmie|Recover|p2a: Starmie
|-heal|p2a: Starmie|323\/323
|
|turn|30
|callback|decision
|
|switch|p2a: Zapdos|Zapdos|383\/383
|move|p1a: Chansey|Soft-Boiled|p1a: Chansey
|-heal|p1a: Chansey|703\/703 par
|
|turn|31
|callback|decision
|
|switch|p1a: Golem|Golem|214\/363
|move|p2a: Zapdos|Light Screen|p2a: Zapdos
|
|turn|32
|callback|decision
|
|switch|p2a: Alakazam|Alakazam|198\/313 slp
|move|p1a: Golem|Body Slam|p2a: Alakazam
|-crit|p2a: Alakazam
|-damage|p2a: Alakazam|0 fnt
|faint|p2a: Alakazam
|
|callback|decision
|
|switch|p2a: Starmie|Starmie|323\/323
|turn|33
|callback|decision
|
|switch|p1a: Chansey|Chansey|703\/703 par
|move|p2a: Starmie|Ice Beam|p1a: Chansey
|-damage|p1a: Chansey|628\/703 par
|
|turn|34
|callback|decision
|
|switch|p2a: Zapdos|Zapdos|383\/383
|move|p1a: Chansey|Thunderbolt|p2a: Zapdos
|-damage|p2a: Zapdos|318\/383
|
|turn|35
|callback|decision
|
|switch|p1a: Golem|Golem|214\/363
|move|p2a: Zapdos|Drill Peck|p1a: Golem
|-resisted|p1a: Golem
|-damage|p1a: Golem|179\/363
|
|turn|36
|callback|decision
|
|switch|p2a: Starmie|Starmie|323\/323
|move|p1a: Golem|Body Slam|p2a: Starmie
|-damage|p2a: Starmie|248\/323
|
|turn|37
|callback|decision
|
|switch|p1a: Chansey|Chansey|628\/703 par
|move|p2a: Starmie|Ice Beam|p1a: Chansey
|-crit|p1a: Chansey
|-damage|p1a: Chansey|483\/703 par
|
|turn|38
|callback|decision
|
|switch|p2a: Zapdos|Zapdos|318\/383
|move|p1a: Chansey|Thunder Wave|p2a: Zapdos
|-status|p2a: Zapdos|par
|
|turn|39
|callback|decision
|leave|MichaelCarrick
|
|switch|p2a: Tauros|Tauros|353\/353
|switch|p1a: Golem|Golem|179\/363
|
|turn|40
|callback|decision
|
|switch|p1a: Snorlax|Snorlax|523\/523
|move|p2a: Tauros|Blizzard|p1a: Snorlax
|-crit|p1a: Snorlax
|-damage|p1a: Snorlax|331\/523
|
|turn|41
|callback|decision
|
|switch|p2a: Starmie|Starmie|248\/323
|move|p1a: Snorlax|Body Slam|p2a: Starmie
|-damage|p2a: Starmie|127\/323
|
|turn|42
|callback|decision
|
|move|p2a: Starmie|Recover|p2a: Starmie
|-heal|p2a: Starmie|288\/323
|move|p1a: Snorlax|Body Slam|p2a: Starmie
|-damage|p2a: Starmie|169\/323
|
|turn|43
|callback|decision
|
|move|p2a: Starmie|Thunder Wave|p1a: Snorlax
|-status|p1a: Snorlax|par
|move|p1a: Snorlax|Body Slam|p2a: Starmie
|-damage|p2a: Starmie|43\/323
|
|turn|44
|callback|decision
|
|move|p2a: Starmie|Recover|p2a: Starmie
|-heal|p2a: Starmie|204\/323
|move|p1a: Snorlax|Hyper Beam|p2a: Starmie
|-damage|p2a: Starmie|0 fnt
|faint|p2a: Starmie
|
|callback|decision
|
|switch|p2a: Zapdos|Zapdos|318\/383 par
|turn|45
|callback|decision
|
|switch|p1a: Golem|Golem|179\/363
|move|p2a: Zapdos|Drill Peck|p1a: Golem
|-resisted|p1a: Golem
|-damage|p1a: Golem|142\/363
|
|turn|46
|callback|decision
|
|move|p1a: Golem|Body Slam|p2a: Zapdos
|-damage|p2a: Zapdos|239\/383 par
|cant|p2a: Zapdos|par
|
|turn|47
|callback|decision
|
|move|p1a: Golem|Body Slam|p2a: Zapdos
|-damage|p2a: Zapdos|163\/383 par
|move|p2a: Zapdos|Drill Peck|p1a: Golem
|-resisted|p1a: Golem
|-damage|p1a: Golem|106\/363
|
|turn|48
|callback|decision
|
|move|p1a: Golem|Rock Slide|p2a: Zapdos
|-supereffective|p2a: Zapdos
|-damage|p2a: Zapdos|0 fnt
|faint|p2a: Zapdos
|
|callback|decision
|
|switch|p2a: Tauros|Tauros|353\/353
|turn|49
|callback|decision
|
|switch|p1a: Chansey|Chansey|483\/703 par
|move|p2a: Tauros|Blizzard|p1a: Chansey
|-damage|p1a: Chansey|405\/703 par
|
|turn|50
|callback|decision
|
|switch|p1a: Golem|Golem|106\/363
|move|p2a: Tauros|Body Slam|p1a: Golem
|-resisted|p1a: Golem
|-damage|p1a: Golem|66\/363
|
|turn|51
|callback|decision
|
|move|p2a: Tauros|Earthquake|p1a: Golem
|-supereffective|p1a: Golem
|-damage|p1a: Golem|0 fnt
|faint|p1a: Golem
|
|callback|decision
|
|switch|p1a: Tauros|Tauros|282\/353
|turn|52
|callback|decision
|
|move|p2a: Tauros|Body Slam|p1a: Tauros
|-damage|p1a: Tauros|178\/353
|-status|p1a: Tauros|par
|cant|p1a: Tauros|par
|
|turn|53
|callback|decision
|
|move|p2a: Tauros|Hyper Beam|p1a: Tauros
|-damage|p1a: Tauros|0 fnt
|faint|p1a: Tauros
|
|callback|decision
|
|switch|p1a: Snorlax|Snorlax|331\/523 par
|turn|54
|callback|decision
|chat|TwinkiePunk|phew
|
|move|p2a: Tauros|Body Slam|p1a: Snorlax
|-damage|p1a: Snorlax|201\/523 par
|move|p1a: Snorlax|Self-Destruct|p2a: Tauros
|-damage|p2a: Tauros|26\/353
|faint|p1a: Snorlax
|callback|decision
|chat|TwinkiePunk|gg
|
|switch|p1a: Exeggutor|Exeggutor|342\/393
|turn|55
|callback|decision
|chat|Kel9901|gg
|chat|TwinkiePunk|no ar for me
|
|move|p2a: Tauros|Blizzard|p1a: Exeggutor
|-supereffective|p1a: Exeggutor
|-damage|p1a: Exeggutor|208\/393
|-status|p1a: Exeggutor|frz
|cant|p1a: Exeggutor|frz
|
|turn|56
|callback|decision
|chat|TwinkiePunk|:O
|chat|Kel9901|welp
|
|move|p2a: Tauros|Body Slam|p1a: Exeggutor
|-damage|p1a: Exeggutor|97\/393 frz
|cant|p1a: Exeggutor|frz
|
|turn|57
|callback|decision
|
|move|p2a: Tauros|Body Slam|p1a: Exeggutor
|-damage|p1a: Exeggutor|0 fnt
|faint|p1a: Exeggutor
|
|callback|decision
|
|switch|p1a: Chansey|Chansey|405\/703 par
|turn|58
|callback|decision
|
|move|p2a: Tauros|Hyper Beam|p1a: Chansey
|-damage|p1a: Chansey|0 fnt
|faint|p1a: Chansey
|
|win|TwinkiePunk
|raw|Ladder updating...
|chat|TwinkiePunk|gg
|chat|TwinkiePunk|lawl
|raw|Kel9901's rating: 1349 &rarr; <strong>1323<\/strong><br \/>(-26 for losing)
|raw|TwinkiePunk's rating: 1330 &rarr; <strong>1356<\/strong><br \/>(+26 for winning)
|chat|Kel9901|gg
|chat|TwinkiePunk|the hax
|leave|Kel9901
|player|p1
|chat|vgonzalez|dat tauros