|j|MALESANI
|j|chrisgreece
|player|p1|MALESANI|238
|player|p2|chrisgreece|65
|gametype|singles
|gen|1
|tier|[Gen 1] Random Battle
|rated
|seed|19046,31203,30621,21758
|rule|Sleep Clause Mod: Limit one foe put to sleep
|rule|Freeze Clause Mod: Limit one foe frozen
|rule|HP Percentage Mod: HP is shown in percentages
|
|start
|switch|p1a: Cloyster|Cloyster, L83|253\/253
|switch|p2a: Bellsprout|Bellsprout, L96|291\/291
|turn|1
|choice|switch 3|move 3
|
|switch|p1a: Bulbasaur|Bulbasaur, L96|281\/281
|move|p2a: Bellsprout|Razor Leaf|p1a: Bulbasaur
|-crit|p1a: Bulbasaur
|-resisted|p1a: Bulbasaur
|-damage|p1a: Bulbasaur|252\/281
|
|turn|2
|choice|move 3|move 1
|
|move|p1a: Bulbasaur|Body Slam|p2a: Bellsprout
|-damage|p2a: Bellsprout|220\/291
|move|p2a: Bellsprout|Sleep Powder|p1a: Bulbasaur
|-status|p1a: Bulbasaur|slp
|
|turn|3
|choice|switch 5|move 4
|
|switch|p1a: Hypno|Hypno, L85|318\/318
|move|p2a: Bellsprout|Body Slam|p1a: Hypno
|-damage|p1a: Hypno|245\/318
|-status|p1a: Hypno|par
|
|turn|4
|choice|move 1|move 4
|
|move|p2a: Bellsprout|Body Slam|p1a: Hypno
|-damage|p1a: Hypno|168\/318 par
|cant|p1a: Hypno|par
|
|turn|5
|choice|move 1|move 4
|
|move|p2a: Bellsprout|Body Slam|p1a: Hypno
|-damage|p1a: Hypno|98\/318 par
|move|p1a: Hypno|Psychic|p2a: Bellsprout
|-supereffective|p2a: Bellsprout
|-damage|p2a: Bellsprout|6\/291
|
|turn|6
|choice|move 3|move 3
|
|move|p2a: Bellsprout|Razor Leaf|p1a: Hypno
|-damage|p1a: Hypno|47\/318 par
|move|p1a: Hypno|Thunder Wave|p2a: Bellsprout
|-status|p2a: Bellsprout|par
|
|turn|7
|choice|move 4|move 4
|
|move|p1a: Hypno|Rest|p1a: Hypno
|-status|p1a: Hypno|slp
|-heal|p1a: Hypno|318\/318 slp|[silent]
|-status|p1a: Hypno|slp|[from] move: Rest
|move|p2a: Bellsprout|Body Slam|p1a: Hypno
|-damage|p1a: Hypno|247\/318 slp
|
|turn|8
|choice|move 1|switch 4
|
|switch|p2a: Jolteon|Jolteon, L79|265\/265
|cant|p1a: Hypno|slp
|
|turn|9
|choice|move 3|move 2
|
|move|p2a: Jolteon|Pin Missile|p1a: Hypno
|-crit|p1a: Hypno
|-supereffective|p1a: Hypno
|-damage|p1a: Hypno|217\/318 slp
|-damage|p1a: Hypno|187\/318 slp
|-hitcount|p1a: Hypno|2
|-curestatus|p1a: Hypno|slp
|
|turn|10
|choice|move 3|move 3
|
|move|p2a: Jolteon|Thunder Wave|p1a: Hypno
|-status|p1a: Hypno|par
|move|p1a: Hypno|Thunder Wave|p2a: Jolteon
|-status|p2a: Jolteon|par
|
|turn|11
|choice|move 1|move 2
|
|cant|p2a: Jolteon|par
|move|p1a: Hypno|Psychic|p2a: Jolteon
|-damage|p2a: Jolteon|166\/265 par
|
|turn|12
|choice|move 4|move 2
|
|move|p2a: Jolteon|Pin Missile|p1a: Hypno
|-supereffective|p1a: Hypno
|-damage|p1a: Hypno|168\/318 par
|-damage|p1a: Hypno|149\/318 par
|-damage|p1a: Hypno|130\/318 par
|-damage|p1a: Hypno|111\/318 par
|-damage|p1a: Hypno|92\/318 par
|-hitcount|p1a: Hypno|5
|move|p1a: Hypno|Rest|p1a: Hypno
|-status|p1a: Hypno|slp
|-heal|p1a: Hypno|318\/318 slp|[silent]
|-status|p1a: Hypno|slp|[from] move: Rest
|
|turn|13
|choice|move 1|switch 2
|
|switch|p2a: Rattata|Rattata, L96|252\/252
|cant|p1a: Hypno|slp
|
|turn|14
|choice|switch 2|move 1
|
|switch|p1a: Machamp|Machamp, L90|345\/345
|move|p2a: Rattata|Super Fang|p1a: Machamp
|-damage|p1a: Machamp|173\/345
|
|turn|15
|choice|move 3|move 4
|
|move|p2a: Rattata|Body Slam|p1a: Machamp
|-damage|p1a: Machamp|95\/345
|-status|p1a: Machamp|par
|move|p1a: Machamp|Submission|p2a: Rattata
|-supereffective|p2a: Rattata
|-damage|p2a: Rattata|0 fnt
|-damage|p1a: Machamp|32\/345 par|[from] recoil|[of] p2a: Rattata
|faint|p2a: Rattata
|choice||switch 2
|
|switch|p2a: Jolteon|Jolteon, L79|166\/265 par
|turn|16
|choice|move 1|move 1
|
|cant|p2a: Jolteon|par
|cant|p1a: Machamp|par
|
|turn|17
|choice|move 1|move 1
|
|move|p2a: Jolteon|Thunderbolt|p1a: Machamp
|-damage|p1a: Machamp|0 fnt
|faint|p1a: Machamp
|choice|switch 2|
|
|switch|p1a: Hypno|Hypno, L85|318\/318 slp
|turn|18
|choice|move 1|switch 5
|
|switch|p2a: Rapidash|Rapidash, L90|300\/300
|-curestatus|p1a: Hypno|slp
|
|turn|19
|choice|move 3|move 1
|
|move|p2a: Rapidash|Fire Blast|p1a: Hypno
|-damage|p1a: Hypno|208\/318
|move|p1a: Hypno|Thunder Wave|p2a: Rapidash
|-status|p2a: Rapidash|par
|
|turn|20
|choice|move 1|move 1
|
|move|p1a: Hypno|Psychic|p2a: Rapidash
|-damage|p2a: Rapidash|183\/300 par
|-unboost|p2a: Rapidash|spd|1
|-unboost|p2a: Rapidash|spa|1
|move|p2a: Rapidash|Fire Blast|p1a: Hypno
|-damage|p1a: Hypno|138\/318
|-status|p1a: Hypno|brn
|
|turn|21
|choice|move 4|move 4
|
|move|p1a: Hypno|Rest|p1a: Hypno
|-status|p1a: Hypno|slp
|-heal|p1a: Hypno|318\/318 slp|[silent]
|-status|p1a: Hypno|slp|[from] move: Rest
|move|p2a: Rapidash|Hyper Beam|p1a: Hypno|[miss]
|-miss|p2a: Rapidash
|
|turn|22
|choice|move 1|switch 4
|
|switch|p2a: Bellsprout|Bellsprout, L96|6\/291 par
|cant|p1a: Hypno|slp
|
|turn|23
|choice|move 1|move 4
|
|-curestatus|p1a: Hypno|slp
|cant|p2a: Bellsprout|par
|
|turn|24
|choice|move 1|move 1
|
|move|p1a: Hypno|Psychic|p2a: Bellsprout
|-supereffective|p2a: Bellsprout
|-damage|p2a: Bellsprout|0 fnt
|faint|p2a: Bellsprout
|choice||switch 6
|
|switch|p2a: Lapras|Lapras, L79|367\/367
|turn|25
|choice|move 3|move 1
|
|move|p1a: Hypno|Thunder Wave|p2a: Lapras
|-status|p2a: Lapras|par
|move|p2a: Lapras|Confuse Ray|p1a: Hypno
|-start|p1a: Hypno|confusion
|
|turn|26
|choice|switch 6|switch 4
|
|switch|p1a: Chansey|Chansey, L79|557\/557
|switch|p2a: Rapidash|Rapidash, L90|183\/300 par
|
|turn|27
|choice|move 3|move 1
|
|move|p1a: Chansey|Thunderbolt|p2a: Rapidash
|-damage|p2a: Rapidash|124\/300 par
|cant|p2a: Rapidash|par
|
|turn|28
|choice|switch 4|move 1
|
|switch|p1a: Kingler|Kingler, L85|267\/267
|move|p2a: Rapidash|Fire Blast|p1a: Kingler
|-crit|p1a: Kingler
|-resisted|p1a: Kingler
|-damage|p1a: Kingler|100\/267
|
|turn|29
|choice|move 1|move 1
|
|move|p1a: Kingler|Crabhammer|p2a: Rapidash
|-crit|p2a: Rapidash
|-supereffective|p2a: Rapidash
|-damage|p2a: Rapidash|0 fnt
|faint|p2a: Rapidash
|choice||switch 5
|
|switch|p2a: Jolteon|Jolteon, L79|166\/265 par
|turn|30
|choice|move 3|move 1
|
|move|p1a: Kingler|Hyper Beam|p2a: Jolteon|[miss]
|-miss|p1a: Kingler
|move|p2a: Jolteon|Thunderbolt|p1a: Kingler
|-crit|p1a: Kingler
|-supereffective|p1a: Kingler
|-damage|p1a: Kingler|0 fnt
|faint|p1a: Kingler
|choice|switch 4|
|
|switch|p1a: Chansey|Chansey, L79|557\/557
|turn|31
|choice|move 4|move 4
|
|move|p1a: Chansey|Reflect|p1a: Chansey
|-start|p1a: Chansey|Reflect
|move|p2a: Jolteon|Double Kick|p1a: Chansey
|-supereffective|p1a: Chansey
|-damage|p1a: Chansey|515\/557
|-damage|p1a: Chansey|473\/557
|-hitcount|p1a: Chansey|2
|
|turn|32
|choice|move 3|move 3
|
|move|p1a: Chansey|Thunderbolt|p2a: Jolteon
|-crit|p2a: Jolteon
|-resisted|p2a: Jolteon
|-damage|p2a: Jolteon|110\/265 par
|move|p2a: Jolteon|Thunder Wave|p1a: Chansey
|-status|p1a: Chansey|par
|
|turn|33
|choice|move 3|move 1
|
|cant|p2a: Jolteon|par
|move|p1a: Chansey|Thunderbolt|p2a: Jolteon
|-resisted|p2a: Jolteon
|-damage|p2a: Jolteon|84\/265 par
|
|turn|34
|choice|move 3|move 1
|
|move|p2a: Jolteon|Thunderbolt|p1a: Chansey
|-damage|p1a: Chansey|381\/557 par
|move|p1a: Chansey|Thunderbolt|p2a: Jolteon
|-resisted|p2a: Jolteon
|-damage|p2a: Jolteon|57\/265 par
|
|turn|35
|choice|switch 6|move 1
|
|switch|p1a: Hypno|Hypno, L85|318\/318
|move|p2a: Jolteon|Thunderbolt|p1a: Hypno
|-damage|p1a: Hypno|236\/318
|
|turn|36
|choice|move 1|move 3
|
|move|p1a: Hypno|Psychic|p2a: Jolteon
|-damage|p2a: Jolteon|0 fnt
|faint|p2a: Jolteon
|choice||switch 3
|
|switch|p2a: Wartortle|Wartortle, L85|274\/274
|turn|37
|choice|move 3|move 4
|
|move|p1a: Hypno|Thunder Wave|p2a: Wartortle
|-status|p2a: Wartortle|par
|move|p2a: Wartortle|Hydro Pump|p1a: Hypno
|-damage|p1a: Hypno|152\/318
|
|turn|38
|choice|move 1|move 3
|
|move|p1a: Hypno|Psychic|p2a: Wartortle
|-damage|p2a: Wartortle|141\/274 par
|-unboost|p2a: Wartortle|spd|1
|-unboost|p2a: Wartortle|spa|1
|cant|p2a: Wartortle|par
|
|turn|39
|choice|move 1|move 2
|
|move|p1a: Hypno|Psychic|p2a: Wartortle
|-damage|p2a: Wartortle|0 fnt
|faint|p2a: Wartortle
|choice||switch 4
|
|switch|p2a: Lapras|Lapras, L79|367\/367 par
|turn|40
|choice|move 1|move 1
|
|move|p1a: Hypno|Psychic|p2a: Lapras
|-damage|p2a: Lapras|261\/367 par
|cant|p2a: Lapras|par
|
|turn|41
|-message|chrisgreece forfeited.
|
|win|MALESANI
|player|p1
|player|p2
|l|chrisgreece