|join|Psychedelic Trip
|join|MURAMURAMURABITO
|player|p1|Psychedelic Trip|168
|player|p2|MURAMURAMURABITO|60
|gametype|singles
|gen|1
|tier|[Gen 1] Random Battle
|rated
|rule|Sleep Clause Mod: Limit one foe put to sleep
|rule|Freeze Clause Mod: Limit one foe frozen
|rule|HP Percentage Mod: HP is shown in percentages
|
|start
|switch|p1a: Omastar|Omastar, L85|293\/293
|switch|p2a: Magnemite|Magnemite, L96|243\/243
|turn|1
|
|switch|p1a: Parasect|Parasect, L85|276\/276
|move|p2a: Magnemite|Thunder Wave|p1a: Parasect
|-status|p1a: Parasect|par
|
|turn|2
|
|switch|p2a: Farfetch'd|Farfetch'd, L99|304\/304
|move|p1a: Parasect|Stun Spore|p2a: Farfetch'd
|-status|p2a: Farfetch'd|par
|
|turn|3
|
|switch|p1a: Omastar|Omastar, L85|293\/293
|move|p2a: Farfetch'd|Sand Attack|p1a: Omastar
|-unboost|p1a: Omastar|accuracy|1
|
|turn|4
|
|move|p1a: Omastar|Blizzard|p2a: Farfetch'd|[miss]
|-miss|p1a: Omastar
|move|p2a: Farfetch'd|Toxic|p1a: Omastar
|-status|p1a: Omastar|tox
|
|turn|5
|
|move|p1a: Omastar|Blizzard|p2a: Farfetch'd
|-supereffective|p2a: Farfetch'd
|-damage|p2a: Farfetch'd|80\/304 par
|-damage|p1a: Omastar|275\/293 tox|[from] tox|[of] p2a: Farfetch'd
|cant|p2a: Farfetch'd|par
|
|turn|6
|
|move|p1a: Omastar|Surf|p2a: Farfetch'd
|-damage|p2a: Farfetch'd|0 fnt
|faint|p2a: Farfetch'd
|
|switch|p2a: Magnemite|Magnemite, L96|243\/243
|turn|7
|
|switch|p1a: Parasect|Parasect, L85|276\/276 par
|move|p2a: Magnemite|Thunder|p1a: Parasect
|-resisted|p1a: Parasect
|-damage|p1a: Parasect|187\/276 par
|
|turn|8
|
|move|p2a: Magnemite|Double-Edge|p1a: Parasect
|-damage|p1a: Parasect|132\/276 par
|-damage|p2a: Magnemite|230\/243|[from] recoil|[of] p1a: Parasect
|cant|p1a: Parasect|par
|
|turn|9
|
|move|p2a: Magnemite|Thunder|p1a: Parasect
|-resisted|p1a: Parasect
|-damage|p1a: Parasect|50\/276 par
|cant|p1a: Parasect|par
|
|turn|10
|
|move|p2a: Magnemite|Thunderbolt|p1a: Parasect
|-crit|p1a: Parasect
|-resisted|p1a: Parasect
|-damage|p1a: Parasect|0 fnt
|faint|p1a: Parasect
|
|switch|p1a: Bellsprout|Bellsprout, L96|291\/291
|turn|11
|
|move|p2a: Magnemite|Thunder Wave|p1a: Bellsprout
|-status|p1a: Bellsprout|par
|cant|p1a: Bellsprout|par
|
|turn|12
|
|move|p2a: Magnemite|Thunder|p1a: Bellsprout|[miss]
|-miss|p2a: Magnemite
|move|p1a: Bellsprout|Sleep Powder|p2a: Magnemite|[miss]
|-miss|p1a: Bellsprout
|
|turn|13
|
|move|p2a: Magnemite|Thunder|p1a: Bellsprout|[miss]
|-miss|p2a: Magnemite
|move|p1a: Bellsprout|Sleep Powder|p2a: Magnemite|[miss]
|-miss|p1a: Bellsprout
|
|turn|14
|
|move|p2a: Magnemite|Thunder|p1a: Bellsprout
|-resisted|p1a: Bellsprout
|-damage|p1a: Bellsprout|209\/291 par
|move|p1a: Bellsprout|Sleep Powder|p2a: Magnemite
|-status|p2a: Magnemite|slp
|
|turn|15
|
|switch|p1a: Charizard|Charizard, L85|306\/306
|cant|p2a: Magnemite|slp
|
|turn|16
|
|switch|p2a: Slowpoke|Slowpoke, L96|368\/368
|move|p1a: Charizard|Swords Dance|p1a: Charizard
|-boost|p1a: Charizard|atk|2
|
|turn|17
|
|switch|p1a: Bellsprout|Bellsprout, L96|209\/291 par
|move|p2a: Slowpoke|Thunder Wave|p1a: Bellsprout
|-fail|p1a: Bellsprout|par
|
|turn|18
|
|switch|p2a: Magnemite|Magnemite, L96|230\/243 slp
|move|p1a: Bellsprout|Toxic|p2a: Magnemite
|-fail|p2a: Magnemite
|
|turn|19
|
|cant|p2a: Magnemite|slp
|-curestatus|p2a: Magnemite|slp
|cant|p1a: Bellsprout|par
|
|turn|20
|
|switch|p2a: Raticate|Raticate, L85|267\/267
|move|p1a: Bellsprout|Sleep Powder|p2a: Raticate
|-status|p2a: Raticate|slp
|
|turn|21
|
|cant|p2a: Raticate|slp
|cant|p1a: Bellsprout|par
|
|turn|22
|
|cant|p2a: Raticate|slp
|move|p1a: Bellsprout|Swords Dance|p1a: Bellsprout
|-boost|p1a: Bellsprout|atk|2
|
|turn|23
|
|cant|p2a: Raticate|slp
|cant|p1a: Bellsprout|par
|
|turn|24
|
|cant|p2a: Raticate|slp
|move|p1a: Bellsprout|Swords Dance|p1a: Bellsprout
|-boost|p1a: Bellsprout|atk|2
|
|turn|25
|
|cant|p2a: Raticate|slp
|move|p1a: Bellsprout|Razor Leaf|p2a: Raticate
|-damage|p2a: Raticate|177\/267 slp
|
|turn|26
|
|cant|p2a: Raticate|slp
|-curestatus|p2a: Raticate|slp
|move|p1a: Bellsprout|Razor Leaf|p2a: Raticate
|-damage|p2a: Raticate|98\/267
|
|turn|27
|
|move|p2a: Raticate|Super Fang|p1a: Bellsprout
|-damage|p1a: Bellsprout|105\/291 par
|cant|p1a: Bellsprout|par
|
|turn|28
|
|move|p2a: Raticate|Hyper Beam|p1a: Bellsprout
|-damage|p1a: Bellsprout|0 fnt
|faint|p1a: Bellsprout
|
|switch|p1a: Omastar|Omastar, L85|275\/293 tox
|-status|p1a: Omastar|psn
|turn|29
|
|move|p2a: Raticate|Super Fang|p1a: Omastar
|-damage|p1a: Omastar|138\/293 psn
|move|p1a: Omastar|Surf|p2a: Raticate
|-damage|p2a: Raticate|0 fnt
|faint|p2a: Raticate
|
|switch|p2a: Magnemite|Magnemite, L96|230\/243
|turn|30
|
|switch|p1a: Alakazam|Alakazam, L79|249\/249
|move|p2a: Magnemite|Thunderbolt|p1a: Alakazam
|-damage|p1a: Alakazam|143\/249
|
|turn|31
|
|move|p1a: Alakazam|Thunder Wave|p2a: Magnemite
|-status|p2a: Magnemite|par
|move|p2a: Magnemite|Thunder Wave|p1a: Alakazam
|-status|p1a: Alakazam|par
|
|turn|32
|
|move|p1a: Alakazam|Seismic Toss|p2a: Magnemite
|-damage|p2a: Magnemite|151\/243 par
|cant|p2a: Magnemite|par
|
|turn|33
|
|move|p1a: Alakazam|Seismic Toss|p2a: Magnemite
|-damage|p2a: Magnemite|72\/243 par
|cant|p2a: Magnemite|par
|
|turn|34
|
|cant|p1a: Alakazam|par
|move|p2a: Magnemite|Double-Edge|p1a: Alakazam
|-damage|p1a: Alakazam|68\/249 par
|-damage|p2a: Magnemite|54\/243 par|[from] recoil|[of] p1a: Alakazam
|
|turn|35
|
|move|p1a: Alakazam|Recover|p1a: Alakazam
|-heal|p1a: Alakazam|192\/249 par
|cant|p2a: Magnemite|par
|
|turn|36
|
|switch|p2a: Slowpoke|Slowpoke, L96|368\/368
|move|p1a: Alakazam|Recover|p1a: Alakazam
|-heal|p1a: Alakazam|249\/249 par
|
|turn|37
|
|move|p2a: Slowpoke|Amnesia|p2a: Slowpoke
|-boost|p2a: Slowpoke|spd|2
|-boost|p2a: Slowpoke|spa|2
|cant|p1a: Alakazam|par
|
|turn|38
|
|move|p2a: Slowpoke|Amnesia|p2a: Slowpoke
|-boost|p2a: Slowpoke|spd|2
|-boost|p2a: Slowpoke|spa|2
|move|p1a: Alakazam|Thunder Wave|p2a: Slowpoke
|-status|p2a: Slowpoke|par
|
|turn|39
|
|switch|p1a: Omastar|Omastar, L85|138\/293 psn
|-damage|p1a: Omastar|120\/293 psn|[from] psn
|move|p2a: Slowpoke|Amnesia|p2a: Slowpoke
|-boost|p2a: Slowpoke|spd|2
|-boost|p2a: Slowpoke|spa|2
|
|turn|40
|
|move|p1a: Omastar|Rest|p1a: Omastar
|-status|p1a: Omastar|slp
|-heal|p1a: Omastar|293\/293 slp|[silent]
|-status|p1a: Omastar|slp|[from] move: Rest
|move|p2a: Slowpoke|Surf|p1a: Omastar
|-damage|p1a: Omastar|16\/293 slp
|
|turn|41
|
|cant|p1a: Omastar|slp
|move|p2a: Slowpoke|Surf|p1a: Omastar
|-damage|p1a: Omastar|0 fnt
|faint|p1a: Omastar
|
|switch|p1a: Alakazam|Alakazam, L79|249\/249 par
|turn|42
|
|cant|p1a: Alakazam|par
|move|p2a: Slowpoke|Surf|p1a: Alakazam
|-damage|p1a: Alakazam|0 fnt
|faint|p1a: Alakazam
|
|switch|p1a: Tentacruel|Tentacruel, L85|310\/310
|turn|43
|
|move|p1a: Tentacruel|Swords Dance|p1a: Tentacruel
|-boost|p1a: Tentacruel|atk|2
|move|p2a: Slowpoke|Thunder Wave|p1a: Tentacruel
|-status|p1a: Tentacruel|par
|
|turn|44
|
|move|p1a: Tentacruel|Swords Dance|p1a: Tentacruel
|-boost|p1a: Tentacruel|atk|2
|move|p2a: Slowpoke|Surf|p1a: Tentacruel
|-resisted|p1a: Tentacruel
|-damage|p1a: Tentacruel|183\/310 par
|
|turn|45
|
|move|p1a: Tentacruel|Swords Dance|p1a: Tentacruel
|-boost|p1a: Tentacruel|atk|2
|move|p2a: Slowpoke|Surf|p1a: Tentacruel
|-resisted|p1a: Tentacruel
|-damage|p1a: Tentacruel|63\/310 par
|
|turn|46
|
|move|p1a: Tentacruel|Hyper Beam|p2a: Slowpoke
|-damage|p2a: Slowpoke|16\/368 par
|cant|p2a: Slowpoke|par
|
|turn|47
|
|cant|p1a: Tentacruel|par
|cant|p2a: Slowpoke|par
|
|turn|48
|
|move|p1a: Tentacruel|Surf|p2a: Slowpoke
|-crit|p2a: Slowpoke
|-resisted|p2a: Slowpoke
|-damage|p2a: Slowpoke|0 fnt
|faint|p2a: Slowpoke
|
|switch|p2a: Magnemite|Magnemite, L96|54\/243 par
|turn|49
|
|move|p1a: Tentacruel|Hyper Beam|p2a: Magnemite
|-damage|p2a: Magnemite|0 fnt
|faint|p2a: Magnemite
|
|switch|p2a: Jolteon|Jolteon, L85|284\/284
|turn|50
|
|move|p2a: Jolteon|Thunderbolt|p1a: Tentacruel
|-supereffective|p1a: Tentacruel
|-damage|p1a: Tentacruel|0 fnt
|faint|p1a: Tentacruel
|
|switch|p1a: Charizard|Charizard, L85|306\/306
|turn|51
|
|move|p2a: Jolteon|Thunderbolt|p1a: Charizard
|-supereffective|p1a: Charizard
|-damage|p1a: Charizard|94\/306
|move|p1a: Charizard|Earthquake|p2a: Jolteon
|-supereffective|p2a: Jolteon
|-damage|p2a: Jolteon|129\/284
|
|turn|52
|c|★MURAMURAMURABITO|gg
|
|move|p2a: Jolteon|Thunderbolt|p1a: Charizard
|-supereffective|p1a: Charizard
|-damage|p1a: Charizard|0 fnt
|faint|p1a: Charizard
|
|win|MURAMURAMURABITO
|raw|Ladder updating...
|raw|Psychedelic Trip's rating: 1107 &rarr; <strong>1075<\/strong><br \/>(-32 for losing)
|raw|MURAMURAMURABITO's rating: 1000 &rarr; <strong>1052<\/strong><br \/>(+52 for winning)
|c|★Psychedelic Trip|gg
|leave|Psychedelic Trip
|player|p1