|j|Hozenga
|j|LeSaleFdp
|player|p1|Hozenga|265
|player|p2|LeSaleFdp|102
|gametype|singles
|gen|1
|tier|[Gen 1] OU
|seed|
|rule|Sleep Clause Mod: Limit one foe put to sleep
|rule|Freeze Clause Mod: Limit one foe frozen
|rule|Species Clause: Limit one of each Pokémon
|rule|OHKO Clause: OHKO moves are banned
|rule|Evasion Moves Clause: Evasion moves are banned
|rule|HP Percentage Mod: HP is shown in percentages
|
|start
|switch|p1a: tchouchou|Alakazam|100\/100
|switch|p2a: Jynx|Jynx|100\/100
|turn|1
|c|★Hozenga|Bonne chance^^
|choice||
|
|move|p1a: tchouchou|Psychic|p2a: Jynx
|-resisted|p2a: Jynx
|-damage|p2a: Jynx|80\/100
|move|p2a: Jynx|Lovely Kiss|p1a: tchouchou|[miss]
|-miss|p2a: Jynx
|
|turn|2
|choice||
|
|move|p1a: tchouchou|Body Slam|p2a: Jynx
|-damage|p2a: Jynx|58\/100
|move|p2a: Jynx|Lovely Kiss|p1a: tchouchou
|-status|p1a: tchouchou|slp
|
|turn|3
|choice||
|
|switch|p2a: Slowbro|Slowbro|100\/100
|cant|p1a: tchouchou|slp
|
|turn|4
|choice||
|
|switch|p1a: Sac|Chansey|100\/100
|move|p2a: Slowbro|Amnesia|p2a: Slowbro
|-boost|p2a: Slowbro|spd|2
|-boost|p2a: Slowbro|spa|2
|
|turn|5
|choice||
|
|move|p1a: Sac|Thunderbolt|p2a: Slowbro
|-supereffective|p2a: Slowbro
|-damage|p2a: Slowbro|79\/100
|move|p2a: Slowbro|Amnesia|p2a: Slowbro
|-boost|p2a: Slowbro|spd|2
|-boost|p2a: Slowbro|spa|2
|
|turn|6
|choice||
|
|move|p1a: Sac|Thunderbolt|p2a: Slowbro
|-supereffective|p2a: Slowbro
|-damage|p2a: Slowbro|64\/100
|move|p2a: Slowbro|Amnesia|p2a: Slowbro
|-boost|p2a: Slowbro|spd|2
|-boost|p2a: Slowbro|spa|2
|
|turn|7
|choice||
|
|move|p1a: Sac|Thunderbolt|p2a: Slowbro
|-supereffective|p2a: Slowbro
|-damage|p2a: Slowbro|51\/100
|move|p2a: Slowbro|Psychic|p1a: Sac
|-damage|p1a: Sac|54\/100
|-unboost|p1a: Sac|spd|1
|-unboost|p1a: Sac|spa|1
|
|turn|8
|choice||
|
|move|p1a: Sac|Seismic Toss|p2a: Slowbro
|-damage|p2a: Slowbro|26\/100
|move|p2a: Slowbro|Psychic|p1a: Sac
|-crit|p1a: Sac
|-damage|p1a: Sac|30\/100
|-unboost|p1a: Sac|spd|1
|-unboost|p1a: Sac|spa|1
|
|turn|9
|choice||
|
|move|p1a: Sac|Soft-Boiled|p1a: Sac
|-heal|p1a: Sac|80\/100
|move|p2a: Slowbro|Psychic|p1a: Sac
|-damage|p1a: Sac|0 fnt
|faint|p1a: Sac
|c|★Hozenga|XD
|j|Porkeybot13
|choice||
|
|switch|p1a: tchouchou|Alakazam|100\/100 slp
|turn|10
|choice||
|
|cant|p1a: tchouchou|slp
|move|p2a: Slowbro|Ice Beam|p1a: tchouchou
|-damage|p1a: tchouchou|37\/100 slp
|
|turn|11
|choice||
|
|cant|p1a: tchouchou|slp
|move|p2a: Slowbro|Ice Beam|p1a: tchouchou
|-damage|p1a: tchouchou|0 fnt
|faint|p1a: tchouchou
|choice||
|
|switch|p1a: Tauros|Tauros|100\/100
|turn|12
|choice||
|
|move|p1a: Tauros|Body Slam|p2a: Slowbro
|-damage|p2a: Slowbro|2\/100
|-status|p2a: Slowbro|par
|move|p2a: Slowbro|Psychic|p1a: Tauros
|-damage|p1a: Tauros|0 fnt
|faint|p1a: Tauros
|choice||
|
|switch|p1a: Golem|Golem|100\/100
|turn|13
|choice||
|
|move|p1a: Golem|Earthquake|p2a: Slowbro
|-damage|p2a: Slowbro|0 fnt
|faint|p2a: Slowbro
|choice||
|
|switch|p2a: Jynx|Jynx|58\/100
|turn|14
|j|Azawa
|l|Porkeybot13
|choice||
|
|move|p2a: Jynx|Lovely Kiss|p1a: Golem|[miss]
|-miss|p2a: Jynx
|move|p1a: Golem|Rock Slide|p2a: Jynx
|-supereffective|p2a: Jynx
|-damage|p2a: Jynx|0 fnt
|faint|p2a: Jynx
|choice||
|
|switch|p2a: Machamp|Machamp|100\/100
|turn|15
|choice||
|
|move|p2a: Machamp|Submission|p1a: Golem|[miss]
|-miss|p2a: Machamp
|move|p1a: Golem|Earthquake|p2a: Machamp
|-damage|p2a: Machamp|66\/100
|
|turn|16
|choice||
|
|move|p2a: Machamp|Earthquake|p1a: Golem
|-supereffective|p1a: Golem
|-damage|p1a: Golem|58\/100
|move|p1a: Golem|Body Slam|p2a: Machamp
|-damage|p2a: Machamp|45\/100
|
|turn|17
|choice||
|
|move|p2a: Machamp|Submission|p1a: Golem|[miss]
|-miss|p2a: Machamp
|move|p1a: Golem|Explosion|p2a: Machamp
|-damage|p2a: Machamp|0 fnt
|faint|p2a: Machamp
|faint|p1a: Golem
|choice||
|
|switch|p2a: Gengar|Gengar|100\/100
|switch|p1a: Deal whit it|Dragonite|100\/100
|turn|18
|choice||
|
|move|p2a: Gengar|Explosion|p1a: Deal whit it
|-damage|p1a: Deal whit it|46\/100
|faint|p2a: Gengar
|choice||
|
|switch|p2a: Jolteon|Jolteon|100\/100
|turn|19
|choice||
|
|move|p2a: Jolteon|Reflect|p2a: Jolteon
|-start|p2a: Jolteon|Reflect
|move|p1a: Deal whit it|Agility|p1a: Deal whit it
|-boost|p1a: Deal whit it|spe|2
|
|turn|20
|choice||
|
|move|p1a: Deal whit it|Wrap|p2a: Jolteon
|-damage|p2a: Jolteon|97\/100
|cant|p2a: Jolteon|partiallytrapped
|
|turn|21
|choice||
|
|move|p1a: Deal whit it|Wrap|p2a: Jolteon|[from]Wrap
|-damage|p2a: Jolteon|94\/100
|cant|p2a: Jolteon|partiallytrapped
|
|turn|22
|choice||
|
|move|p1a: Deal whit it|Wrap|p2a: Jolteon|[from]Wrap
|-damage|p2a: Jolteon|91\/100
|cant|p2a: Jolteon|partiallytrapped
|
|turn|23
|choice||
|
|move|p1a: Deal whit it|Wrap|p2a: Jolteon|[from]Wrap
|-damage|p2a: Jolteon|87\/100
|cant|p2a: Jolteon|partiallytrapped
|
|turn|24
|choice||
|
|move|p1a: Deal whit it|Wrap|p2a: Jolteon|[from]Wrap
|-damage|p2a: Jolteon|84\/100
|cant|p2a: Jolteon|partiallytrapped
|
|turn|25
|choice||
|
|move|p1a: Deal whit it|Wrap|p2a: Jolteon|[miss]
|-miss|p1a: Deal whit it
|move|p2a: Jolteon|Thunder Wave|p1a: Deal whit it
|-status|p1a: Deal whit it|par
|
|turn|26
|choice||
|
|move|p2a: Jolteon|Thunderbolt|p1a: Deal whit it
|-damage|p1a: Deal whit it|13\/100 par
|move|p1a: Deal whit it|Wrap|p2a: Jolteon
|-damage|p2a: Jolteon|81\/100
|
|turn|27
|choice||
|
|cant|p2a: Jolteon|partiallytrapped
|move|p1a: Deal whit it|Wrap|p2a: Jolteon|[from]Wrap
|-damage|p2a: Jolteon|77\/100
|
|turn|28
|choice||
|
|move|p2a: Jolteon|Thunderbolt|p1a: Deal whit it
|-damage|p1a: Deal whit it|0 fnt
|faint|p1a: Deal whit it
|choice||
|
|switch|p1a: I'm a trap|Gengar|100\/100
|turn|29
|choice||
|
|move|p2a: Jolteon|Thunderbolt|p1a: I'm a trap
|-damage|p1a: I'm a trap|71\/100
|move|p1a: I'm a trap|Psychic|p2a: Jolteon
|-damage|p2a: Jolteon|52\/100
|
|turn|30
|choice||
|
|move|p2a: Jolteon|Thunder Wave|p1a: I'm a trap
|-status|p1a: I'm a trap|par
|move|p1a: I'm a trap|Psychic|p2a: Jolteon
|-damage|p2a: Jolteon|25\/100
|
|turn|31
|choice||
|
|move|p2a: Jolteon|Thunderbolt|p1a: I'm a trap
|-crit|p1a: I'm a trap
|-damage|p1a: I'm a trap|10\/100 par
|move|p1a: I'm a trap|Psychic|p2a: Jolteon
|-crit|p2a: Jolteon
|-damage|p2a: Jolteon|0 fnt
|faint|p2a: Jolteon
|choice||
|
|switch|p2a: Chansey|Chansey|100\/100
|turn|32
|choice||
|
|move|p2a: Chansey|Psychic|p1a: I'm a trap
|-supereffective|p1a: I'm a trap
|-damage|p1a: I'm a trap|0 fnt
|faint|p1a: I'm a trap
|
|win|LeSaleFdp
|player|p1
|player|p2
|l|Azawa