|join|evanjan
|join|yaldyyyy
|player|p1|evanjan|253
|player|p2|yaldyyyy|102
|gametype|singles
|gen|1
|tier|[Gen 1] Random Battle
|rated
|rule|Sleep Clause Mod: Limit one foe put to sleep
|rule|Freeze Clause Mod: Limit one foe frozen
|rule|HP Percentage Mod: HP is shown in percentages
|
|start
|switch|p1a: Omanyte|Omanyte, L96|262\/262
|switch|p2a: Pinsir|Pinsir, L85|284\/284
|turn|1
|
|move|p2a: Pinsir|Submission|p1a: Omanyte
|-supereffective|p1a: Omanyte
|-damage|p1a: Omanyte|141\/262
|-damage|p2a: Pinsir|254\/284|[from] recoil|[of] p1a: Omanyte
|move|p1a: Omanyte|Blizzard|p2a: Pinsir
|-damage|p2a: Pinsir|127\/284
|
|turn|2
|
|move|p2a: Pinsir|Submission|p1a: Omanyte
|-supereffective|p1a: Omanyte
|-damage|p1a: Omanyte|35\/262
|-damage|p2a: Pinsir|101\/284|[from] recoil|[of] p1a: Omanyte
|move|p1a: Omanyte|Blizzard|p2a: Pinsir
|-damage|p2a: Pinsir|0 fnt
|faint|p2a: Pinsir
|
|switch|p2a: Weepinbell|Weepinbell, L85|284\/284
|turn|3
|
|move|p2a: Weepinbell|Razor Leaf|p1a: Omanyte
|-supereffective|p1a: Omanyte
|-damage|p1a: Omanyte|0 fnt
|faint|p1a: Omanyte
|
|switch|p1a: Alakazam|Alakazam, L79|249\/249
|turn|4
|
|move|p1a: Alakazam|Thunder Wave|p2a: Weepinbell
|-status|p2a: Weepinbell|par
|move|p2a: Weepinbell|Sleep Powder|p1a: Alakazam|[miss]
|-miss|p2a: Weepinbell
|
|turn|5
|
|move|p1a: Alakazam|Psychic|p2a: Weepinbell
|-crit|p2a: Weepinbell
|-supereffective|p2a: Weepinbell
|-damage|p2a: Weepinbell|0 fnt
|faint|p2a: Weepinbell
|
|switch|p2a: Jynx|Jynx, L79|265\/265
|turn|6
|
|move|p1a: Alakazam|Thunder Wave|p2a: Jynx
|-status|p2a: Jynx|par
|move|p2a: Jynx|Lovely Kiss|p1a: Alakazam
|-status|p1a: Alakazam|slp
|
|turn|7
|
|switch|p1a: Wartortle|Wartortle, L85|274\/274
|move|p2a: Jynx|Blizzard|p1a: Wartortle
|-resisted|p1a: Wartortle
|-damage|p1a: Wartortle|210\/274
|
|turn|8
|
|move|p1a: Wartortle|Body Slam|p2a: Jynx
|-damage|p2a: Jynx|180\/265 par
|move|p2a: Jynx|Mimic|p1a: Wartortle
|-start|p2a: Jynx|Mimic|Body Slam
|
|turn|9
|
|move|p1a: Wartortle|Body Slam|p2a: Jynx
|-damage|p2a: Jynx|101\/265 par
|cant|p2a: Jynx|par
|
|turn|10
|
|move|p1a: Wartortle|Body Slam|p2a: Jynx
|-damage|p2a: Jynx|24\/265 par
|move|p2a: Jynx|Body Slam|p1a: Wartortle
|-crit|p1a: Wartortle
|-damage|p1a: Wartortle|136\/274
|
|turn|11
|
|move|p1a: Wartortle|Body Slam|p2a: Jynx
|-damage|p2a: Jynx|0 fnt
|faint|p2a: Jynx
|
|switch|p2a: Vileplume|Vileplume, L90|318\/318
|turn|12
|
|move|p1a: Wartortle|Blizzard|p2a: Vileplume
|-supereffective|p2a: Vileplume
|-damage|p2a: Vileplume|196\/318
|move|p2a: Vileplume|Mega Drain|p1a: Wartortle
|-supereffective|p1a: Wartortle
|-damage|p1a: Wartortle|10\/274
|-heal|p2a: Vileplume|259\/318|[from] drain|[of] p1a: Wartortle
|
|turn|13
|
|move|p1a: Wartortle|Blizzard|p2a: Vileplume
|-supereffective|p2a: Vileplume
|-damage|p2a: Vileplume|139\/318
|move|p2a: Vileplume|Mega Drain|p1a: Wartortle
|-supereffective|p1a: Wartortle
|-damage|p1a: Wartortle|0 fnt
|-heal|p2a: Vileplume|144\/318|[from] drain|[of] p1a: Wartortle
|faint|p1a: Wartortle
|
|switch|p1a: Mr. Mime|Mr. Mime, L85|242\/242
|turn|14
|
|move|p1a: Mr. Mime|Psychic|p2a: Vileplume
|-crit|p2a: Vileplume
|-supereffective|p2a: Vileplume
|-damage|p2a: Vileplume|0 fnt
|faint|p2a: Vileplume
|
|switch|p2a: Ninetales|Ninetales, L85|298\/298
|turn|15
|
|move|p2a: Ninetales|Fire Blast|p1a: Mr. Mime
|-damage|p1a: Mr. Mime|126\/242
|move|p1a: Mr. Mime|Thunder Wave|p2a: Ninetales
|-status|p2a: Ninetales|par
|
|turn|16
|
|move|p1a: Mr. Mime|Psychic|p2a: Ninetales
|-damage|p2a: Ninetales|208\/298 par
|move|p2a: Ninetales|Fire Blast|p1a: Mr. Mime
|-damage|p1a: Mr. Mime|12\/242
|
|turn|17
|
|move|p1a: Mr. Mime|Psychic|p2a: Ninetales
|-damage|p2a: Ninetales|111\/298 par
|-unboost|p2a: Ninetales|spd|1
|-unboost|p2a: Ninetales|spa|1
|move|p2a: Ninetales|Double-Edge|p1a: Mr. Mime
|-damage|p1a: Mr. Mime|0 fnt
|-damage|p2a: Ninetales|108\/298 par|[from] recoil|[of] p1a: Mr. Mime
|faint|p1a: Mr. Mime
|
|switch|p1a: Alakazam|Alakazam, L79|249\/249 slp
|turn|18
|
|cant|p1a: Alakazam|slp
|move|p2a: Ninetales|Fire Blast|p1a: Alakazam
|-crit|p1a: Alakazam
|-damage|p1a: Alakazam|48\/249 slp
|
|turn|19
|
|cant|p1a: Alakazam|slp
|move|p2a: Ninetales|Fire Blast|p1a: Alakazam|[miss]
|-miss|p2a: Ninetales
|
|turn|20
|
|cant|p1a: Alakazam|slp
|cant|p2a: Ninetales|par
|
|turn|21
|
|cant|p1a: Alakazam|slp
|-curestatus|p1a: Alakazam|slp
|move|p2a: Ninetales|Double-Edge|p1a: Alakazam
|-damage|p1a: Alakazam|0 fnt
|-damage|p2a: Ninetales|96\/298 par|[from] recoil|[of] p1a: Alakazam
|faint|p1a: Alakazam
|
|switch|p1a: Golem|Golem, L79|288\/288
|turn|22
|
|move|p1a: Golem|Body Slam|p2a: Ninetales|[miss]
|-miss|p1a: Golem
|move|p2a: Ninetales|Toxic|p1a: Golem
|-status|p1a: Golem|tox
|
|turn|23
|
|move|p1a: Golem|Earthquake|p2a: Ninetales
|-crit|p2a: Ninetales
|-supereffective|p2a: Ninetales
|-damage|p2a: Ninetales|0 fnt
|faint|p2a: Ninetales
|
|switch|p2a: Kabutops|Kabutops, L85|276\/276
|turn|24
|
|move|p2a: Kabutops|Surf|p1a: Golem
|-crit|p1a: Golem
|-supereffective|p1a: Golem
|-damage|p1a: Golem|0 fnt
|faint|p1a: Golem
|
|switch|p1a: Golbat|Golbat, L90|318\/318
|turn|25
|
|move|p1a: Golbat|Mega Drain|p2a: Kabutops
|-supereffective|p2a: Kabutops
|-damage|p2a: Kabutops|140\/276
|move|p2a: Kabutops|Surf|p1a: Golbat
|-crit|p1a: Golbat
|-damage|p1a: Golbat|153\/318
|
|turn|26
|
|move|p1a: Golbat|Hyper Beam|p2a: Kabutops
|-resisted|p2a: Kabutops
|-damage|p2a: Kabutops|96\/276
|move|p2a: Kabutops|Hyper Beam|p1a: Golbat
|-damage|p1a: Golbat|17\/318
|
|turn|27
|-mustrecharge|p1a: Golbat
|-mustrecharge|p2a: Kabutops
|-mustrecharge|p2a: Kabutops
|-mustrecharge|p1a: Golbat
|
|cant|p1a: Golbat|recharge
|cant|p2a: Kabutops|recharge
|
|turn|28
|
|move|p1a: Golbat|Mega Drain|p2a: Kabutops
|-crit|p2a: Kabutops
|-supereffective|p2a: Kabutops
|-damage|p2a: Kabutops|0 fnt
|-heal|p1a: Golbat|65\/318|[from] drain|[of] p2a: Kabutops
|faint|p2a: Kabutops
|
|win|evanjan
|raw|Ladder updating...
|raw|evanjan's rating: 1176 &rarr; <strong>1201<\/strong><br \/>(+25 for winning)
|raw|yaldyyyy's rating: 1182 &rarr; <strong>1157<\/strong><br \/>(-25 for losing)
|c|★evanjan|gg