|j|Kai Calimatinus
|j|Riote
|player|p1|Kai Calimatinus|136
|player|p2|Riote|263
|gametype|singles
|gen|1
|tier|[Gen 1] Random Battle
|rated
|seed|44028,226,23661,34068
|rule|Sleep Clause Mod: Limit one foe put to sleep
|rule|Freeze Clause Mod: Limit one foe frozen
|rule|HP Percentage Mod: HP is shown in percentages
|
|start
|switch|p1a: Sandshrew|Sandshrew, L96|291\/291
|switch|p2a: Charmander|Charmander, L96|270\/270
|turn|1
|choice|move 1|move 4
|
|move|p2a: Charmander|Substitute|p2a: Charmander
|-start|p2a: Charmander|Substitute
|-damage|p2a: Charmander|203\/270
|move|p1a: Sandshrew|Earthquake|p2a: Charmander
|-supereffective|p2a: Charmander
|-end|p2a: Charmander|Substitute
|
|turn|2
|choice|move 2|move 1
|
|move|p2a: Charmander|Body Slam|p1a: Sandshrew
|-damage|p1a: Sandshrew|246\/291
|move|p1a: Sandshrew|Substitute|p1a: Sandshrew
|-start|p1a: Sandshrew|Substitute
|-damage|p1a: Sandshrew|174\/291
|
|turn|3
|choice|move 1|move 3
|
|move|p2a: Charmander|Submission|p1a: Sandshrew
|-activate|p1a: Sandshrew|Substitute|[damage]
|-damage|p2a: Charmander|190\/270|[from] recoil|[of] p1a: Sandshrew
|move|p1a: Sandshrew|Earthquake|p2a: Charmander
|-supereffective|p2a: Charmander
|-damage|p2a: Charmander|0 fnt
|faint|p2a: Charmander
|choice||switch 2
|
|switch|p2a: Starmie|Starmie, L79|257\/257
|turn|4
|choice|move 3|move 4
|
|move|p2a: Starmie|Blizzard|p1a: Sandshrew
|-supereffective|p1a: Sandshrew
|-end|p1a: Sandshrew|Substitute
|move|p1a: Sandshrew|Swords Dance|p1a: Sandshrew
|-boost|p1a: Sandshrew|atk|2
|
|turn|5
|choice|move 4|move 4
|
|move|p2a: Starmie|Blizzard|p1a: Sandshrew
|-supereffective|p1a: Sandshrew
|-damage|p1a: Sandshrew|0 fnt
|faint|p1a: Sandshrew
|choice|switch 2|
|
|switch|p1a: Magikarp|Magikarp, L99|240\/240
|turn|6
|choice|move 2|move 2
|
|move|p2a: Starmie|Thunderbolt|p1a: Magikarp
|-supereffective|p1a: Magikarp
|-damage|p1a: Magikarp|22\/240
|move|p1a: Magikarp|Dragon Rage|p2a: Starmie
|-damage|p2a: Starmie|217\/257
|
|turn|7
|choice|move 2|move 2
|
|move|p2a: Starmie|Thunderbolt|p1a: Magikarp
|-supereffective|p1a: Magikarp
|-damage|p1a: Magikarp|0 fnt
|faint|p1a: Magikarp
|choice|switch 3|
|
|switch|p1a: Snorlax|Snorlax, L79|415\/415
|turn|8
|choice|move 1|move 3
|
|move|p2a: Starmie|Thunder Wave|p1a: Snorlax
|-status|p1a: Snorlax|par
|cant|p1a: Snorlax|par
|
|turn|9
|choice|move 1|move 2
|
|move|p2a: Starmie|Thunderbolt|p1a: Snorlax
|-damage|p1a: Snorlax|336\/415 par
|move|p1a: Snorlax|Amnesia|p1a: Snorlax
|-boost|p1a: Snorlax|spd|2
|-boost|p1a: Snorlax|spa|2
|
|turn|10
|choice|move 1|move 4
|
|move|p2a: Starmie|Blizzard|p1a: Snorlax
|-crit|p1a: Snorlax
|-damage|p1a: Snorlax|147\/415 par
|cant|p1a: Snorlax|par
|
|turn|11
|choice|move 4|move 4
|
|move|p2a: Starmie|Blizzard|p1a: Snorlax
|-damage|p1a: Snorlax|101\/415 par
|move|p1a: Snorlax|Hyper Beam|p2a: Starmie
|-damage|p2a: Starmie|50\/257
|
|turn|12
|-mustrecharge|p1a: Snorlax
|-mustrecharge|p1a: Snorlax
|choice|move 1|move 1
|
|move|p2a: Starmie|Recover|p2a: Starmie
|-heal|p2a: Starmie|178\/257
|cant|p1a: Snorlax|recharge
|
|turn|13
|choice|move 2|move 1
|
|move|p2a: Starmie|Recover|p2a: Starmie
|-heal|p2a: Starmie|257\/257
|cant|p1a: Snorlax|par
|
|turn|14
|choice|move 2|move 2
|
|move|p2a: Starmie|Thunderbolt|p1a: Snorlax
|-damage|p1a: Snorlax|65\/415 par
|cant|p1a: Snorlax|par
|
|turn|15
|choice|move 2|move 2
|
|move|p2a: Starmie|Thunderbolt|p1a: Snorlax
|-damage|p1a: Snorlax|29\/415 par
|move|p1a: Snorlax|Blizzard|p2a: Starmie
|-resisted|p2a: Starmie
|-damage|p2a: Starmie|205\/257
|
|turn|16
|choice|move 4|move 2
|
|move|p2a: Starmie|Thunderbolt|p1a: Snorlax
|-damage|p1a: Snorlax|0 fnt
|faint|p1a: Snorlax
|choice|switch 4|
|
|switch|p1a: Mew|Mew, L74|300\/300
|turn|17
|choice|move 3|move 3
|
|move|p2a: Starmie|Thunder Wave|p1a: Mew
|-status|p1a: Mew|par
|move|p1a: Mew|Thunder Wave|p2a: Starmie
|-status|p2a: Starmie|par
|
|turn|18
|choice|move 4|move 4
|
|move|p2a: Starmie|Blizzard|p1a: Mew
|-damage|p1a: Mew|221\/300 par
|move|p1a: Mew|Swift|p2a: Starmie
|-damage|p2a: Starmie|171\/257 par
|
|turn|19
|choice|move 1|move 1
|
|cant|p2a: Starmie|par
|cant|p1a: Mew|par
|
|turn|20
|choice|move 1|move 1
|
|move|p2a: Starmie|Recover|p2a: Starmie
|-heal|p2a: Starmie|257\/257 par
|move|p1a: Mew|Hyper Beam|p2a: Starmie
|-damage|p2a: Starmie|164\/257 par
|
|turn|21
|-mustrecharge|p1a: Mew
|-mustrecharge|p1a: Mew
|choice|move 1|move 1
|
|move|p2a: Starmie|Recover|p2a: Starmie
|-heal|p2a: Starmie|257\/257 par
|cant|p1a: Mew|recharge
|
|turn|22
|choice|switch 6|move 4
|
|switch|p1a: Articuno|Articuno, L79|304\/304
|cant|p2a: Starmie|par
|
|turn|23
|choice|move 3|move 3
|
|move|p1a: Articuno|Mimic|p2a: Starmie
|-start|p1a: Articuno|Mimic|Blizzard
|move|p2a: Starmie|Thunder Wave|p1a: Articuno
|-status|p1a: Articuno|par
|
|turn|24
|choice|move 3|move 2
|
|move|p2a: Starmie|Thunderbolt|p1a: Articuno
|-supereffective|p1a: Articuno
|-damage|p1a: Articuno|194\/304 par
|move|p1a: Articuno|Blizzard|p2a: Starmie
|-resisted|p2a: Starmie
|-damage|p2a: Starmie|189\/257 par
|
|turn|25
|c|★Kai Calimatinus|I now have very very many blizzard pp
|choice|move 4|move 2
|
|move|p2a: Starmie|Thunderbolt|p1a: Articuno
|-supereffective|p1a: Articuno
|-damage|p1a: Articuno|95\/304 par
|cant|p1a: Articuno|par
|
|turn|26
|choice|move 3|move 2
|
|move|p2a: Starmie|Thunderbolt|p1a: Articuno
|-supereffective|p1a: Articuno
|-damage|p1a: Articuno|0 fnt
|faint|p1a: Articuno
|choice|switch 5|
|
|switch|p1a: Rhydon|Rhydon, L79|328\/328
|turn|27
|choice|move 1|move 4
|
|move|p1a: Rhydon|Substitute|p1a: Rhydon
|-start|p1a: Rhydon|Substitute
|-damage|p1a: Rhydon|246\/328
|move|p2a: Starmie|Blizzard|p1a: Rhydon
|-supereffective|p1a: Rhydon
|-end|p1a: Rhydon|Substitute
|
|turn|28
|choice|move 3|move 4
|
|move|p1a: Rhydon|Rock Slide|p2a: Starmie
|-damage|p2a: Starmie|90\/257 par
|move|p2a: Starmie|Blizzard|p1a: Rhydon
|-crit|p1a: Rhydon
|-supereffective|p1a: Rhydon
|-damage|p1a: Rhydon|0 fnt
|faint|p1a: Rhydon
|choice|switch 6|
|
|switch|p1a: Mew|Mew, L74|221\/300 par
|turn|29
|choice|move 1|move 1
|
|move|p2a: Starmie|Recover|p2a: Starmie
|-heal|p2a: Starmie|218\/257 par
|move|p1a: Mew|Hyper Beam|p2a: Starmie
|-crit|p2a: Starmie
|-damage|p2a: Starmie|51\/257 par
|
|turn|30
|-mustrecharge|p1a: Mew
|-mustrecharge|p1a: Mew
|choice|move 1|move 1
|
|cant|p2a: Starmie|par
|cant|p1a: Mew|recharge
|
|turn|31
|choice|move 1|move 4
|
|move|p2a: Starmie|Blizzard|p1a: Mew
|-damage|p1a: Mew|142\/300 par
|move|p1a: Mew|Hyper Beam|p2a: Starmie
|-damage|p2a: Starmie|0 fnt
|faint|p2a: Starmie
|choice||switch 6
|
|switch|p2a: Parasect|Parasect, L90|291\/291
|turn|32
|choice|move 3|move 2
|
|move|p2a: Parasect|Hyper Beam|p1a: Mew
|-damage|p1a: Mew|22\/300 par
|cant|p1a: Mew|par
|
|turn|33
|-mustrecharge|p2a: Parasect
|-mustrecharge|p2a: Parasect
|choice|move 3|move 1
|
|cant|p2a: Parasect|recharge
|move|p1a: Mew|Thunder Wave|p2a: Parasect
|-status|p2a: Parasect|par
|
|turn|34
|choice|move 1|move 2
|
|move|p1a: Mew|Hyper Beam|p2a: Parasect
|-damage|p2a: Parasect|203\/291 par
|move|p2a: Parasect|Hyper Beam|p1a: Mew|[miss]
|-miss|p2a: Parasect
|
|turn|35
|-mustrecharge|p1a: Mew
|-mustrecharge|p1a: Mew
|choice|move 1|move 2
|
|cant|p1a: Mew|recharge
|move|p2a: Parasect|Hyper Beam|p1a: Mew
|-damage|p1a: Mew|0 fnt
|faint|p1a: Mew
|
|win|Riote
|raw|Kai Calimatinus's rating: 1023 &rarr; <strong>1011<\/strong><br \/>(-12 for losing)
|raw|Riote's rating: 1079 &rarr; <strong>1103<\/strong><br \/>(+24 for winning)
|c|★Kai Calimatinus|gg
|c|★Riote|gg
|l|Kai Calimatinus
|player|p1