|join|MrGameX50
|join|andrewandres
|player|p1|MrGameX50|163
|player|p2|andrewandres|265
|gametype|singles
|gen|1
|tier|[Gen 1] Random Battle
|rule|Sleep Clause Mod: Limit one foe put to sleep
|rule|Freeze Clause Mod: Limit one foe frozen
|rule|HP Percentage Mod: HP is shown in percentages
|
|start
|switch|p1a: Poliwag|Poliwag, L96|272\/272
|switch|p2a: Doduo|Doduo, L96|262\/262
|turn|1
|c|★andrewandres|uhmm..
|c|★andrewandres|el poliwag puñetero
|c|★andrewandres|blizzard, hypnsos, surf y amnesia
|c|★MrGameX50|o no...
|
|move|p1a: Poliwag|Amnesia|p1a: Poliwag
|-boost|p1a: Poliwag|spd|2
|-boost|p1a: Poliwag|spa|2
|move|p2a: Doduo|Body Slam|p1a: Poliwag
|-damage|p1a: Poliwag|120\/272
|
|turn|2
|c|★MrGameX50|:v
|
|move|p1a: Poliwag|Psychic|p2a: Doduo
|-damage|p2a: Doduo|123\/262
|move|p2a: Doduo|Body Slam|p1a: Poliwag
|-damage|p1a: Poliwag|0 fnt
|faint|p1a: Poliwag
|c|★andrewandres|no atacas por stab ?
|
|switch|p1a: Alakazam|Alakazam, L79|249\/249
|turn|3
|c|★MrGameX50|Nope
|c|★andrewandres|no paralices
|c|★andrewandres|:V:V
|
|move|p1a: Alakazam|Psychic|p2a: Doduo
|-damage|p2a: Doduo|0 fnt
|faint|p2a: Doduo
|c|★MrGameX50|XD
|
|switch|p2a: Kakuna|Kakuna, L99|290\/290
|turn|4
|c|★andrewandres|si eres listo
|c|★andrewandres|puedes jugar mbn ese alakazam
|join|eze el ola k ase
|
|move|p1a: Alakazam|Reflect|p1a: Alakazam
|-start|p1a: Alakazam|Reflect
|move|p2a: Kakuna|String Shot|p1a: Alakazam
|-unboost|p1a: Alakazam|spe|1
|
|turn|5
|
|move|p1a: Alakazam|Seismic Toss|p2a: Kakuna
|-damage|p2a: Kakuna|211\/290
|move|p2a: Kakuna|String Shot|p1a: Alakazam
|-unboost|p1a: Alakazam|spe|1
|
|turn|6
|c|★MrGameX50|no soy listo :v
|join|Tu Turrito Jaimer
|
|move|p2a: Kakuna|Poison Sting|p1a: Alakazam
|-damage|p1a: Alakazam|240\/249
|move|p1a: Alakazam|Psychic|p2a: Kakuna
|-supereffective|p2a: Kakuna
|-damage|p2a: Kakuna|0 fnt
|faint|p2a: Kakuna
|leave|eze el ola k ase
|
|switch|p2a: Cloyster|Cloyster, L83|253\/253
|turn|7
|c|★MrGameX50|llego la concha u.u
|
|move|p2a: Cloyster|Ice Beam|p1a: Alakazam
|-damage|p1a: Alakazam|168\/249
|move|p1a: Alakazam|Psychic|p2a: Cloyster
|-damage|p2a: Cloyster|138\/253
|
|turn|8
|
|move|p2a: Cloyster|Explosion|p1a: Alakazam
|-damage|p1a: Alakazam|0 fnt
|faint|p1a: Alakazam
|faint|p2a: Cloyster
|c|★MrGameX50|:v
|c|★andrewandres|boom ¡¡
|c|★MrGameX50|XD
|
|switch|p2a: Kabutops|Kabutops, L85|276\/276
|switch|p1a: Nidorina|Nidorina, L90|309\/309
|turn|9
|c|★andrewandres|thunderbolt ?
|c|★MrGameX50|tal vez...
|c|★andrewandres|thunder entonces
|
|move|p2a: Kabutops|Body Slam|p1a: Nidorina
|-damage|p1a: Nidorina|237\/309
|move|p1a: Nidorina|Double-Edge|p2a: Kabutops
|-resisted|p2a: Kabutops
|-damage|p2a: Kabutops|247\/276
|-damage|p1a: Nidorina|230\/309|[from] recoil|[of] p2a: Kabutops
|
|turn|10
|
|move|p2a: Kabutops|Swords Dance|p2a: Kabutops
|-boost|p2a: Kabutops|atk|2
|move|p1a: Nidorina|Leer|p2a: Kabutops
|-unboost|p2a: Kabutops|def|1
|
|turn|11
|
|move|p2a: Kabutops|Body Slam|p1a: Nidorina
|-damage|p1a: Nidorina|67\/309
|move|p1a: Nidorina|Substitute|p1a: Nidorina
|-fail|p1a: Nidorina|move: Substitute|[weak]
|
|turn|12
|c|★MrGameX50|shit XD
|c|★andrewandres|mujjjjja
|
|move|p2a: Kabutops|Body Slam|p1a: Nidorina
|-damage|p1a: Nidorina|0 fnt
|faint|p1a: Nidorina
|
|switch|p1a: Dugtrio|Dugtrio, L85|233\/233
|turn|13
|
|switch|p2a: Zapdos|Zapdos, L79|304\/304
|move|p1a: Dugtrio|Slash|p2a: Zapdos
|-crit|p2a: Zapdos
|-damage|p2a: Zapdos|208\/304
|
|turn|14
|
|move|p1a: Dugtrio|Sand Attack|p2a: Zapdos
|-unboost|p2a: Zapdos|accuracy|1
|move|p2a: Zapdos|Drill Peck|p1a: Dugtrio
|-damage|p1a: Dugtrio|132\/233
|
|turn|15
|
|move|p1a: Dugtrio|Slash|p2a: Zapdos
|-crit|p2a: Zapdos
|-damage|p2a: Zapdos|112\/304
|move|p2a: Zapdos|Drill Peck|p1a: Dugtrio
|-damage|p1a: Dugtrio|30\/233
|
|turn|16
|
|move|p1a: Dugtrio|Slash|p2a: Zapdos
|-crit|p2a: Zapdos
|-damage|p2a: Zapdos|19\/304
|move|p2a: Zapdos|Drill Peck|p1a: Dugtrio|[miss]
|-miss|p2a: Zapdos
|
|turn|17
|c|★andrewandres|y m falla el ultimo..
|c|★andrewandres|ay dios xD
|c|★MrGameX50|XD
|
|move|p1a: Dugtrio|Slash|p2a: Zapdos
|-crit|p2a: Zapdos
|-damage|p2a: Zapdos|0 fnt
|faint|p2a: Zapdos
|
|switch|p2a: Kabutops|Kabutops, L85|247\/276
|turn|18
|c|★MrGameX50|4 criticos :v
|
|move|p1a: Dugtrio|Earthquake|p2a: Kabutops
|-supereffective|p2a: Kabutops
|-damage|p2a: Kabutops|80\/276
|move|p2a: Kabutops|Body Slam|p1a: Dugtrio
|-damage|p1a: Dugtrio|0 fnt
|faint|p1a: Dugtrio
|
|switch|p1a: Sandslash|Sandslash, L85|301\/301
|turn|19
|c|★andrewandres|la cgue al cambiar
|
|move|p2a: Kabutops|Surf|p1a: Sandslash
|-supereffective|p1a: Sandslash
|-damage|p1a: Sandslash|67\/301
|move|p1a: Sandslash|Earthquake|p2a: Kabutops
|-supereffective|p2a: Kabutops
|-damage|p2a: Kabutops|0 fnt
|faint|p2a: Kabutops
|
|switch|p2a: Jolteon|Jolteon, L79|265\/265
|turn|20
|c|★andrewandres|ohh criticos
|c|★andrewandres|yo te invoco
|c|★andrewandres|tu dios todopoderoso
|c|★andrewandres|necesita tu presencia
|c|★andrewandres|para poder derrotar
|c|★MrGameX50|Ño D:
|c|★andrewandres|ataca body slam ¡¡
|
|move|p2a: Jolteon|Body Slam|p1a: Sandslash
|-damage|p1a: Sandslash|32\/301
|move|p1a: Sandslash|Earthquake|p2a: Jolteon
|-supereffective|p2a: Jolteon
|-damage|p2a: Jolteon|0 fnt
|faint|p2a: Jolteon
|
|win|MrGameX50
|c|★andrewandres|ahhhg
|c|★andrewandres|XDXD
|c|★MrGameX50|XD GG