|join|Merlin Engine
|join|Joelmachi
|player|p1|Merlin Engine|165
|player|p2|Joelmachi|265
|gametype|singles
|gen|1
|tier|[Gen 1] Random Battle
|rated
|seed|33067,27668,3105,23018
|rule|Sleep Clause Mod: Limit one foe put to sleep
|rule|Freeze Clause Mod: Limit one foe frozen
|rule|HP Percentage Mod: HP is shown in percentages
|
|start
|switch|p1a: Kadabra|Kadabra, L85|242\/242
|switch|p2a: Geodude|Geodude, L96|272\/272
|turn|1
|choice|move 2|move 4
|
|move|p1a: Kadabra|Reflect|p1a: Kadabra
|-start|p1a: Kadabra|Reflect
|move|p2a: Geodude|Earthquake|p1a: Kadabra
|-damage|p1a: Kadabra|136\/242
|
|turn|2
|choice|move 1|move 1
|
|move|p1a: Kadabra|Psychic|p2a: Geodude
|-crit|p2a: Geodude
|-damage|p2a: Geodude|0 fnt
|faint|p2a: Geodude
|choice||switch 5
|
|switch|p2a: Snorlax|Snorlax, L79|415\/415
|turn|3
|choice|move 1|move 1
|
|move|p1a: Kadabra|Psychic|p2a: Snorlax
|-damage|p2a: Snorlax|276\/415
|move|p2a: Snorlax|Amnesia|p2a: Snorlax
|-boost|p2a: Snorlax|spd|2
|-boost|p2a: Snorlax|spa|2
|
|turn|4
|choice|move 4|move 4
|
|move|p1a: Kadabra|Seismic Toss|p2a: Snorlax
|-damage|p2a: Snorlax|191\/415
|move|p2a: Snorlax|Rest|p2a: Snorlax
|-status|p2a: Snorlax|slp
|-heal|p2a: Snorlax|415\/415 slp|[silent]
|-status|p2a: Snorlax|slp|[from] move: Rest
|
|turn|5
|choice|move 3|switch 2
|
|switch|p2a: Ninetales|Ninetales, L85|298\/298
|move|p1a: Kadabra|Recover|p1a: Kadabra
|-heal|p1a: Kadabra|242\/242
|
|turn|6
|choice|move 1|move 1
|
|move|p1a: Kadabra|Psychic|p2a: Ninetales
|-crit|p2a: Ninetales
|-damage|p2a: Ninetales|90\/298
|-unboost|p2a: Ninetales|spd|1
|-unboost|p2a: Ninetales|spa|1
|move|p2a: Ninetales|Fire Blast|p1a: Kadabra
|-crit|p1a: Kadabra
|-damage|p1a: Kadabra|48\/242
|
|turn|7
|choice|move 3|move 4
|
|move|p1a: Kadabra|Recover|p1a: Kadabra
|-heal|p1a: Kadabra|169\/242
|move|p2a: Ninetales|Double-Edge|p1a: Kadabra
|-damage|p1a: Kadabra|118\/242
|-damage|p2a: Ninetales|78\/298|[from] recoil|[of] p1a: Kadabra
|
|turn|8
|choice|move 3|switch 2
|
|switch|p2a: Snorlax|Snorlax, L79|415\/415 slp
|move|p1a: Kadabra|Recover|p1a: Kadabra
|-heal|p1a: Kadabra|239\/242
|
|turn|9
|choice|move 1|move 3
|
|move|p1a: Kadabra|Psychic|p2a: Snorlax
|-crit|p2a: Snorlax
|-damage|p2a: Snorlax|137\/415 slp
|cant|p2a: Snorlax|slp
|
|turn|10
|choice|move 1|switch 6
|
|switch|p2a: Hitmonlee|Hitmonlee, L90|273\/273
|move|p1a: Kadabra|Psychic|p2a: Hitmonlee
|-supereffective|p2a: Hitmonlee
|-damage|p2a: Hitmonlee|0 fnt
|faint|p2a: Hitmonlee
|choice||switch 3
|
|switch|p2a: Pinsir|Pinsir, L85|284\/284
|turn|11
|choice|move 1|move 3
|
|move|p1a: Kadabra|Psychic|p2a: Pinsir
|-damage|p2a: Pinsir|126\/284
|-unboost|p2a: Pinsir|spd|1
|-unboost|p2a: Pinsir|spa|1
|move|p2a: Pinsir|Body Slam|p1a: Kadabra
|-damage|p1a: Kadabra|172\/242
|
|turn|12
|choice|move 1|move 3
|
|move|p1a: Kadabra|Psychic|p2a: Pinsir
|-crit|p2a: Pinsir
|-damage|p2a: Pinsir|0 fnt
|faint|p2a: Pinsir
|choice||switch 4
|
|switch|p2a: Victreebel|Victreebel, L85|310\/310
|turn|13
|choice|move 1|move 1
|
|move|p1a: Kadabra|Psychic|p2a: Victreebel
|-crit|p2a: Victreebel
|-supereffective|p2a: Victreebel
|-damage|p2a: Victreebel|0 fnt
|faint|p2a: Victreebel
|choice||switch 2
|
|switch|p2a: Ninetales|Ninetales, L85|78\/298
|turn|14
|choice|move 1|move 1
|
|move|p1a: Kadabra|Psychic|p2a: Ninetales
|-damage|p2a: Ninetales|0 fnt
|faint|p2a: Ninetales
|choice||switch 6
|
|switch|p2a: Snorlax|Snorlax, L79|137\/415 slp
|turn|15
|choice|move 1|move 1
|
|move|p1a: Kadabra|Psychic|p2a: Snorlax
|-damage|p2a: Snorlax|0 fnt
|faint|p2a: Snorlax
|
|win|Merlin Engine
|raw|Merlin Engine's rating: 1212 &rarr; <strong>1232<\/strong><br \/>(+20 for winning)
|raw|Joelmachi's rating: 1146 &rarr; <strong>1126<\/strong><br \/>(-20 for losing)