|j|smilzo
|j|marcoasd
|player|p1|smilzo|157
|player|p2|marcoasd|102
|gametype|singles
|gen|1
|tier|[Gen 1] OU
|seed|
|rule|Sleep Clause Mod: Limit one foe put to sleep
|rule|Freeze Clause Mod: Limit one foe frozen
|rule|Species Clause: Limit one of each Pokémon
|rule|OHKO Clause: OHKO moves are banned
|rule|Evasion Moves Clause: Evasion moves are banned
|rule|HP Percentage Mod: HP is shown in percentages
|
|start
|switch|p1a: Alakazam|Alakazam, M|100\/100
|switch|p2a: Gengar|Gengar, M|100\/100
|turn|1
|choice||
|
|switch|p2a: Alakazam|Alakazam, M|100\/100
|move|p1a: Alakazam|Thunder Wave|p2a: Alakazam
|-status|p2a: Alakazam|par
|
|turn|2
|choice||
|
|move|p1a: Alakazam|Seismic Toss|p2a: Alakazam
|-damage|p2a: Alakazam|69\/100 par
|move|p2a: Alakazam|Thunder Wave|p1a: Alakazam
|-status|p1a: Alakazam|par
|
|turn|3
|choice||
|
|move|p1a: Alakazam|Psychic|p2a: Alakazam
|-resisted|p2a: Alakazam
|-damage|p2a: Alakazam|51\/100 par
|-unboost|p2a: Alakazam|spd|1
|-unboost|p2a: Alakazam|spa|1
|cant|p2a: Alakazam|par
|
|turn|4
|choice||
|
|switch|p1a: Snorlax|Snorlax, M|100\/100
|move|p2a: Alakazam|Recover|p2a: Alakazam
|-heal|p2a: Alakazam|100\/100 par
|
|turn|5
|choice||
|
|switch|p2a: Cloyster|Cloyster, M|100\/100
|move|p1a: Snorlax|Earthquake|p2a: Cloyster
|-damage|p2a: Cloyster|81\/100
|
|turn|6
|j|Peasounay
|choice||
|
|switch|p1a: Alakazam|Alakazam, M|100\/100 par
|move|p2a: Cloyster|Blizzard|p1a: Alakazam
|-damage|p1a: Alakazam|66\/100 par
|
|turn|7
|choice||
|
|move|p2a: Cloyster|Clamp|p1a: Alakazam
|-crit|p1a: Alakazam
|-damage|p1a: Alakazam|46\/100 par
|cant|p1a: Alakazam|partiallytrapped
|
|turn|8
|choice||
|
|switch|p1a: Chansey|Chansey|100\/100
|move|p2a: Cloyster|Clamp|p1a: Chansey
|-damage|p1a: Chansey|95\/100
|
|turn|9
|choice||
|
|move|p2a: Cloyster|Clamp|p1a: Chansey|[from]Clamp
|-damage|p1a: Chansey|89\/100
|cant|p1a: Chansey|partiallytrapped
|
|turn|10
|choice||
|
|move|p2a: Cloyster|Clamp|p1a: Chansey|[from]Clamp
|-damage|p1a: Chansey|84\/100
|cant|p1a: Chansey|partiallytrapped
|
|turn|11
|choice||
|
|move|p2a: Cloyster|Clamp|p1a: Chansey|[from]Clamp
|-damage|p1a: Chansey|78\/100
|cant|p1a: Chansey|partiallytrapped
|
|turn|12
|choice||
|
|move|p2a: Cloyster|Explosion|p1a: Chansey
|-damage|p1a: Chansey|0 fnt
|faint|p1a: Chansey
|faint|p2a: Cloyster
|choice||
|
|switch|p2a: Alakazam|Alakazam, M|100\/100 par
|switch|p1a: Alakazam|Alakazam, M|46\/100 par
|turn|13
|choice||
|
|cant|p2a: Alakazam|par
|move|p1a: Alakazam|Recover|p1a: Alakazam
|-heal|p1a: Alakazam|96\/100 par
|
|turn|14
|choice||
|
|move|p1a: Alakazam|Psychic|p2a: Alakazam
|-resisted|p2a: Alakazam
|-damage|p2a: Alakazam|85\/100 par
|move|p2a: Alakazam|Reflect|p2a: Alakazam
|-start|p2a: Alakazam|Reflect
|
|turn|15
|choice||
|
|move|p2a: Alakazam|Psychic|p1a: Alakazam
|-resisted|p1a: Alakazam
|-damage|p1a: Alakazam|79\/100 par
|move|p1a: Alakazam|Seismic Toss|p2a: Alakazam
|-damage|p2a: Alakazam|53\/100 par
|
|turn|16
|choice||
|
|move|p2a: Alakazam|Recover|p2a: Alakazam
|-heal|p2a: Alakazam|100\/100 par
|move|p1a: Alakazam|Psychic|p2a: Alakazam
|-crit|p2a: Alakazam
|-resisted|p2a: Alakazam
|-damage|p2a: Alakazam|68\/100 par
|-unboost|p2a: Alakazam|spd|1
|-unboost|p2a: Alakazam|spa|1
|
|turn|17
|choice||
|
|move|p1a: Alakazam|Seismic Toss|p2a: Alakazam
|-damage|p2a: Alakazam|36\/100 par
|move|p2a: Alakazam|Psychic|p1a: Alakazam
|-resisted|p1a: Alakazam
|-damage|p1a: Alakazam|69\/100 par
|
|turn|18
|choice||
|
|move|p1a: Alakazam|Psychic|p2a: Alakazam
|-resisted|p2a: Alakazam
|-damage|p2a: Alakazam|12\/100 par
|-unboost|p2a: Alakazam|spd|1
|-unboost|p2a: Alakazam|spa|1
|cant|p2a: Alakazam|par
|
|turn|19
|choice||
|
|move|p1a: Alakazam|Psychic|p2a: Alakazam
|-resisted|p2a: Alakazam
|-damage|p2a: Alakazam|0 fnt
|faint|p2a: Alakazam
|choice||
|
|switch|p2a: Tauros|Tauros|100\/100
|turn|20
|choice||
|
|switch|p1a: Snorlax|Snorlax, M|100\/100
|move|p2a: Tauros|Body Slam|p1a: Snorlax
|-damage|p1a: Snorlax|76\/100
|
|turn|21
|choice||
|
|move|p2a: Tauros|Body Slam|p1a: Snorlax
|-damage|p1a: Snorlax|52\/100
|move|p1a: Snorlax|Counter|p2a: Tauros
|-damage|p2a: Tauros|29\/100
|
|turn|22
|c|★marcoasd|bruttissimo gesto
|choice||
|
|move|p2a: Tauros|Hyper Beam|p1a: Snorlax
|-damage|p1a: Snorlax|11\/100
|move|p1a: Snorlax|Body Slam|p2a: Tauros
|-damage|p2a: Tauros|0 fnt
|faint|p2a: Tauros
|choice||
|
|switch|p2a: Gengar|Gengar, M|100\/100
|turn|23
|choice||
|
|switch|p1a: Alakazam|Alakazam, M|69\/100 par
|move|p2a: Gengar|Night Shade|p1a: Alakazam
|-damage|p1a: Alakazam|37\/100 par
|
|turn|24
|choice||
|
|move|p2a: Gengar|Thunderbolt|p1a: Alakazam
|-damage|p1a: Alakazam|15\/100 par
|move|p1a: Alakazam|Thunder Wave|p2a: Gengar
|-status|p2a: Gengar|par
|
|turn|25
|choice||
|
|move|p1a: Alakazam|Psychic|p2a: Gengar
|-supereffective|p2a: Gengar
|-damage|p2a: Gengar|28\/100 par
|move|p2a: Gengar|Night Shade|p1a: Alakazam
|-damage|p1a: Alakazam|0 fnt
|faint|p1a: Alakazam
|choice||
|
|switch|p1a: Exeggutor|Exeggutor, M|100\/100
|turn|26
|choice||
|
|switch|p2a: Exeggutor|Exeggutor|100\/100
|move|p1a: Exeggutor|Psychic|p2a: Exeggutor
|-resisted|p2a: Exeggutor
|-damage|p2a: Exeggutor|86\/100
|
|turn|27
|l|Peasounay
|choice||
|
|switch|p1a: Slowbro|Slowbro, M|100\/100
|move|p2a: Exeggutor|Psychic|p1a: Slowbro
|-resisted|p1a: Slowbro
|-damage|p1a: Slowbro|81\/100
|
|turn|28
|choice||
|
|move|p2a: Exeggutor|Sleep Powder|p1a: Slowbro
|-status|p1a: Slowbro|slp
|cant|p1a: Slowbro|slp
|
|turn|29
|choice||
|
|switch|p1a: Exeggutor|Exeggutor, M|100\/100
|move|p2a: Exeggutor|Psychic|p1a: Exeggutor
|-resisted|p1a: Exeggutor
|-damage|p1a: Exeggutor|88\/100
|
|turn|30
|choice||
|
|move|p1a: Exeggutor|Sleep Powder|p2a: Exeggutor
|-status|p2a: Exeggutor|slp
|cant|p2a: Exeggutor|slp
|
|turn|31
|choice||
|
|switch|p2a: Chansey|Chansey|100\/100
|move|p1a: Exeggutor|Double-Edge|p2a: Chansey
|-crit|p2a: Chansey
|-damage|p2a: Chansey|40\/100
|-damage|p1a: Exeggutor|61\/100|[from] recoil|[of] p2a: Chansey
|
|turn|32
|c|★marcoasd|rip
|choice||
|
|switch|p2a: Gengar|Gengar, M|28\/100 par
|move|p1a: Exeggutor|Psychic|p2a: Gengar
|-crit|p2a: Gengar
|-supereffective|p2a: Gengar
|-damage|p2a: Gengar|0 fnt
|faint|p2a: Gengar
|choice||
|
|switch|p2a: Exeggutor|Exeggutor|86\/100 slp
|turn|33
|c|★smilzo|birbante
|c|★marcoasd|vabbè ci stava
|c|★marcoasd|prendendo quel 10% di miss per vincere
|c|★smilzo|certo
|c|★marcoasd|poteva starci il botto
|choice||
|
|move|p1a: Exeggutor|Explosion|p2a: Exeggutor
|-damage|p2a: Exeggutor|8\/100 slp
|faint|p1a: Exeggutor
|choice||
|
|switch|p1a: Tauros|Tauros|100\/100
|turn|34
|choice||
|
|move|p1a: Tauros|Body Slam|p2a: Exeggutor
|-damage|p2a: Exeggutor|0 fnt
|faint|p2a: Exeggutor
|choice||
|
|switch|p2a: Chansey|Chansey|40\/100
|turn|35
|c|★marcoasd|che poi è quello che accade ora
|choice||
|
|move|p1a: Tauros|Hyper Beam|p2a: Chansey|[miss]
|-miss|p1a: Tauros
|move|p2a: Chansey|Thunder Wave|p1a: Tauros
|-status|p1a: Tauros|par
|
|turn|36
|c|★marcoasd|èh
|c|★smilzo|lmao
|choice||
|
|move|p2a: Chansey|Soft-Boiled|p2a: Chansey
|-heal|p2a: Chansey|90\/100
|move|p1a: Tauros|Body Slam|p2a: Chansey
|-damage|p2a: Chansey|48\/100
|
|turn|37
|choice||
|
|move|p2a: Chansey|Soft-Boiled|p2a: Chansey
|-heal|p2a: Chansey|98\/100
|move|p1a: Tauros|Earthquake|p2a: Chansey
|-damage|p2a: Chansey|68\/100
|
|turn|38
|choice||
|
|move|p2a: Chansey|Ice Beam|p1a: Tauros
|-damage|p1a: Tauros|70\/100 par
|move|p1a: Tauros|Earthquake|p2a: Chansey
|-damage|p2a: Chansey|38\/100
|
|turn|39
|choice||
|
|move|p2a: Chansey|Soft-Boiled|p2a: Chansey
|-heal|p2a: Chansey|88\/100
|cant|p1a: Tauros|par
|
|turn|40
|choice||
|
|move|p2a: Chansey|Ice Beam|p1a: Tauros
|-damage|p1a: Tauros|44\/100 par
|move|p1a: Tauros|Body Slam|p2a: Chansey
|-damage|p2a: Chansey|48\/100
|
|turn|41
|choice||
|
|move|p2a: Chansey|Soft-Boiled|p2a: Chansey
|-heal|p2a: Chansey|98\/100
|move|p1a: Tauros|Body Slam|p2a: Chansey
|-damage|p2a: Chansey|59\/100
|
|turn|42
|choice||
|
|move|p2a: Chansey|Soft-Boiled|p2a: Chansey
|-heal|p2a: Chansey|100\/100
|move|p1a: Tauros|Body Slam|p2a: Chansey
|-crit|p2a: Chansey
|-damage|p2a: Chansey|19\/100
|
|turn|43
|choice||
|
|move|p2a: Chansey|Soft-Boiled|p2a: Chansey
|-heal|p2a: Chansey|69\/100
|move|p1a: Tauros|Hyper Beam|p2a: Chansey
|-damage|p2a: Chansey|0 fnt
|faint|p2a: Chansey
|
|win|smilzo
|player|p1
|player|p2
|c|★marcoasd|gg
|c|★smilzo|gg
|c|★marcoasd|giusto così