|join|Kel9901
|join|Reeban
|player|p1|Kel9901|1
|player|p2|Reeban|136
|gametype|singles
|gen|1
|tier|[Gen 1] OU (beta)
|rated
|rule|Sleep Clause Mod: Limit one foe put to sleep
|rule|Species Clause: Limit one of each Pokemon
|rule|OHKO Clause: OHKO moves are banned
|rule|Moody Clause: Moody is banned
|rule|Evasion Moves Clause: Evasion moves are banned
|rule|Endless Battle Clause: Forcing endless battles is banned.
|rule|HP Percentage Mod: HP is reported as percentages
|
|start
|switch|p1a: Gengar|Gengar|323\/323
|switch|p2a: Exeggutor|Exeggutor|393\/393
|turn|1
|
|move|p1a: Gengar|Hypnosis|p2a: Exeggutor
|-status|p2a: Exeggutor|slp
|cant|p2a: Exeggutor|slp
|
|turn|2
|
|move|p1a: Gengar|Night Shade|p2a: Exeggutor
|-damage|p2a: Exeggutor|293\/393 slp
|cant|p2a: Exeggutor|slp
|-curestatus|p2a: Exeggutor|slp
|
|turn|3
|
|move|p1a: Gengar|Hypnosis|p2a: Exeggutor
|-status|p2a: Exeggutor|slp
|cant|p2a: Exeggutor|slp
|-curestatus|p2a: Exeggutor|slp
|
|turn|4
|
|move|p1a: Gengar|Hypnosis|p2a: Exeggutor
|-status|p2a: Exeggutor|slp
|cant|p2a: Exeggutor|slp
|
|turn|5
|
|switch|p2a: Chansey|Chansey|703\/703
|move|p1a: Gengar|Night Shade|p2a: Chansey
|-damage|p2a: Chansey|603\/703
|
|turn|6
|
|switch|p1a: Chansey|Chansey|703\/703
|move|p2a: Chansey|Ice Beam|p1a: Chansey
|-damage|p1a: Chansey|631\/703
|
|turn|7
|
|move|p1a: Chansey|Ice Beam|p2a: Chansey
|-damage|p2a: Chansey|531\/703
|move|p2a: Chansey|Ice Beam|p1a: Chansey
|-damage|p1a: Chansey|563\/703
|
|turn|8
|
|move|p2a: Chansey|Ice Beam|p1a: Chansey
|-damage|p1a: Chansey|486\/703
|move|p1a: Chansey|Ice Beam|p2a: Chansey
|-damage|p2a: Chansey|451\/703
|-status|p2a: Chansey|frz
|
|turn|9
|
|switch|p2a: Snorlax|Snorlax|523\/523
|move|p1a: Chansey|Soft-Boiled|p1a: Chansey
|-heal|p1a: Chansey|703\/703
|
|turn|10
|
|move|p1a: Chansey|Thunder Wave|p2a: Snorlax
|-status|p2a: Snorlax|par
|move|p2a: Snorlax|Body Slam|p1a: Chansey
|-damage|p1a: Chansey|395\/703
|
|turn|11
|
|move|p1a: Chansey|Soft-Boiled|p1a: Chansey
|-heal|p1a: Chansey|703\/703
|move|p2a: Snorlax|Hyper Beam|p1a: Chansey|[miss]
|-miss|p2a: Snorlax
|
|turn|12
|
|move|p1a: Chansey|Ice Beam|p2a: Snorlax
|-damage|p2a: Snorlax|421\/523 par
|move|p2a: Snorlax|Body Slam|p1a: Chansey
|-damage|p1a: Chansey|389\/703
|-status|p1a: Chansey|par
|
|turn|13
|
|switch|p1a: Golem|Golem|363\/363
|cant|p2a: Snorlax|par
|
|turn|14
|
|move|p1a: Golem|Earthquake|p2a: Snorlax
|-crit|p2a: Snorlax
|-damage|p2a: Snorlax|72\/523 par
|move|p2a: Snorlax|Earthquake|p1a: Golem
|-supereffective|p1a: Golem
|-damage|p1a: Golem|227\/363
|
|turn|15
|
|switch|p2a: Cloyster|Cloyster|303\/303
|move|p1a: Golem|Rock Slide|p2a: Cloyster
|-supereffective|p2a: Cloyster
|-damage|p2a: Cloyster|187\/303
|
|turn|16
|
|switch|p1a: Gengar|Gengar|323\/323
|move|p2a: Cloyster|Blizzard|p1a: Gengar
|-damage|p1a: Gengar|213\/323
|
|turn|17
|
|move|p1a: Gengar|Thunderbolt|p2a: Cloyster
|-crit|p2a: Cloyster
|-supereffective|p2a: Cloyster
|-damage|p2a: Cloyster|0 fnt
|faint|p2a: Cloyster
|
|
|switch|p2a: Alakazam|Alakazam|313\/313
|turn|18
|
|switch|p1a: Chansey|Chansey|389\/703 par
|move|p2a: Alakazam|Psychic|p1a: Chansey
|-damage|p1a: Chansey|256\/703 par
|
|turn|19
|
|move|p2a: Alakazam|Psychic|p1a: Chansey
|-damage|p1a: Chansey|127\/703 par
|cant|p1a: Chansey|par
|
|turn|20
|
|move|p2a: Alakazam|Psychic|p1a: Chansey
|-damage|p1a: Chansey|1\/703 par
|cant|p1a: Chansey|par
|
|turn|21
|
|move|p2a: Alakazam|Psychic|p1a: Chansey
|-damage|p1a: Chansey|0 fnt
|faint|p1a: Chansey
|
|
|switch|p1a: Exeggutor|Exeggutor|393\/393
|turn|22
|
|switch|p2a: Exeggutor|Exeggutor|293\/393 slp
|move|p1a: Exeggutor|Stun Spore|p2a: Exeggutor
|-fail|p2a: Exeggutor
|
|turn|23
|
|switch|p1a: Gengar|Gengar|213\/323
|cant|p2a: Exeggutor|slp
|
|turn|24
|
|switch|p2a: Golem|Golem|363\/363
|move|p1a: Gengar|Night Shade|p2a: Golem
|-damage|p2a: Golem|263\/363
|
|turn|25
|
|switch|p1a: Exeggutor|Exeggutor|393\/393
|move|p2a: Golem|Earthquake|p1a: Exeggutor
|-resisted|p1a: Exeggutor
|-damage|p1a: Exeggutor|330\/393
|
|turn|26
|
|switch|p2a: Exeggutor|Exeggutor|293\/393 slp
|move|p1a: Exeggutor|Psychic|p2a: Exeggutor
|-resisted|p2a: Exeggutor
|-damage|p2a: Exeggutor|238\/393 slp
|
|turn|27
|
|switch|p1a: Gengar|Gengar|213\/323
|cant|p2a: Exeggutor|slp
|
|turn|28
|
|switch|p2a: Alakazam|Alakazam|313\/313
|move|p1a: Gengar|Night Shade|p2a: Alakazam
|-damage|p2a: Alakazam|213\/313
|
|turn|29
|
|switch|p1a: Exeggutor|Exeggutor|330\/393
|move|p2a: Alakazam|Psychic|p1a: Exeggutor
|-resisted|p1a: Exeggutor
|-damage|p1a: Exeggutor|272\/393
|-unboost|p1a: Exeggutor|spd|1
|-unboost|p1a: Exeggutor|spa|1
|
|turn|30
|
|switch|p2a: Exeggutor|Exeggutor|238\/393 slp
|move|p1a: Exeggutor|Stun Spore|p2a: Exeggutor|[miss]
|-miss|p1a: Exeggutor
|
|turn|31
|
|switch|p1a: Gengar|Gengar|213\/323
|cant|p2a: Exeggutor|slp
|
|turn|32
|
|switch|p2a: Alakazam|Alakazam|213\/313
|move|p1a: Gengar|Thunderbolt|p2a: Alakazam
|-damage|p2a: Alakazam|140\/313
|
|turn|33
|
|switch|p1a: Exeggutor|Exeggutor|272\/393
|move|p2a: Alakazam|Recover|p2a: Alakazam
|-heal|p2a: Alakazam|296\/313
|
|turn|34
|
|switch|p2a: Exeggutor|Exeggutor|238\/393 slp
|move|p1a: Exeggutor|Psychic|p2a: Exeggutor
|-resisted|p2a: Exeggutor
|-damage|p2a: Exeggutor|184\/393 slp
|-unboost|p2a: Exeggutor|spd|1
|-unboost|p2a: Exeggutor|spa|1
|
|turn|35
|
|switch|p1a: Gengar|Gengar|213\/323
|cant|p2a: Exeggutor|slp
|
|turn|36
|
|switch|p2a: Alakazam|Alakazam|296\/313
|move|p1a: Gengar|Thunderbolt|p2a: Alakazam
|-damage|p2a: Alakazam|229\/313
|
|turn|37
|
|switch|p1a: Exeggutor|Exeggutor|272\/393
|move|p2a: Alakazam|Psychic|p1a: Exeggutor
|-crit|p1a: Exeggutor
|-resisted|p1a: Exeggutor
|-damage|p1a: Exeggutor|170\/393
|
|turn|38
|
|switch|p2a: Exeggutor|Exeggutor|184\/393 slp
|move|p1a: Exeggutor|Psychic|p2a: Exeggutor
|-resisted|p2a: Exeggutor
|-damage|p2a: Exeggutor|130\/393 slp
|
|turn|39
|
|switch|p1a: Tauros|Tauros|353\/353
|cant|p2a: Exeggutor|slp
|-curestatus|p2a: Exeggutor|slp
|
|turn|40
|
|switch|p2a: Chansey|Chansey|451\/703 frz
|move|p1a: Tauros|Hyper Beam|p2a: Chansey
|-damage|p2a: Chansey|0 fnt
|faint|p2a: Chansey
|
|
|switch|p2a: Exeggutor|Exeggutor|130\/393
|turn|41
|
|move|p1a: Tauros|Hyper Beam|p2a: Exeggutor
|-crit|p2a: Exeggutor
|-damage|p2a: Exeggutor|0 fnt
|faint|p2a: Exeggutor
|
|
|switch|p2a: Golem|Golem|263\/363
|turn|42
|
|switch|p1a: Gengar|Gengar|213\/323
|move|p2a: Golem|Explosion|p1a: Gengar
|-immune|p1a: Gengar|[msg]
|faint|p2a: Golem
|
|switch|p2a: Alakazam|Alakazam|229\/313
|turn|43
|
|move|p2a: Alakazam|Psychic|p1a: Gengar
|-supereffective|p1a: Gengar
|-damage|p1a: Gengar|0 fnt
|faint|p1a: Gengar
|
|
|switch|p1a: Exeggutor|Exeggutor|170\/393
|turn|44
|
|switch|p2a: Snorlax|Snorlax|72\/523 par
|move|p1a: Exeggutor|Explosion|p2a: Snorlax
|-damage|p2a: Snorlax|0 fnt
|faint|p2a: Snorlax
|faint|p1a: Exeggutor
|
|switch|p2a: Alakazam|Alakazam|229\/313
|switch|p1a: Golem|Golem|227\/363
|turn|45
|
|move|p2a: Alakazam|Reflect|p2a: Alakazam
|move|p1a: Golem|Explosion|p2a: Alakazam
|-damage|p2a: Alakazam|23\/313
|faint|p1a: Golem
|
|switch|p1a: Snorlax|Snorlax|523\/523
|turn|46
|
|move|p2a: Alakazam|Recover|p2a: Alakazam
|-heal|p2a: Alakazam|179\/313
|move|p1a: Snorlax|Amnesia|p1a: Snorlax
|-boost|p1a: Snorlax|spd|2
|-boost|p1a: Snorlax|spa|2
|
|turn|47
|
|move|p2a: Alakazam|Psychic|p1a: Snorlax
|-crit|p1a: Snorlax
|-damage|p1a: Snorlax|189\/523
|-unboost|p1a: Snorlax|spd|1
|-unboost|p1a: Snorlax|spa|1
|move|p1a: Snorlax|Body Slam|p2a: Alakazam
|-damage|p2a: Alakazam|100\/313
|
|turn|48
|
|move|p2a: Alakazam|Psychic|p1a: Snorlax
|-damage|p1a: Snorlax|78\/523
|move|p1a: Snorlax|Rest|p1a: Snorlax
|-status|p1a: Snorlax|slp
|-heal|p1a: Snorlax|523\/523 slp|[silent]
|-status|p1a: Snorlax|slp|[from] move: Rest
|
|turn|49
|
|move|p2a: Alakazam|Psychic|p1a: Snorlax
|-damage|p1a: Snorlax|406\/523 slp
|cant|p1a: Snorlax|slp
|
|turn|50
|
|move|p2a: Alakazam|Psychic|p1a: Snorlax
|-damage|p1a: Snorlax|299\/523 slp
|-unboost|p1a: Snorlax|spd|1
|-unboost|p1a: Snorlax|spa|1
|cant|p1a: Snorlax|slp
|-curestatus|p1a: Snorlax|slp
|
|turn|51
|
|move|p2a: Alakazam|Psychic|p1a: Snorlax
|-damage|p1a: Snorlax|119\/523
|-unboost|p1a: Snorlax|spd|1
|-unboost|p1a: Snorlax|spa|1
|move|p1a: Snorlax|Body Slam|p2a: Alakazam
|-damage|p2a: Alakazam|14\/313
|
|turn|52
|
|move|p2a: Alakazam|Psychic|p1a: Snorlax
|-crit|p1a: Snorlax
|-damage|p1a: Snorlax|0 fnt
|faint|p1a: Snorlax
|
|
|switch|p1a: Tauros|Tauros|353\/353
|turn|53
|
|move|p2a: Alakazam|Recover|p2a: Alakazam
|-heal|p2a: Alakazam|170\/313
|move|p1a: Tauros|Body Slam|p2a: Alakazam
|-damage|p2a: Alakazam|86\/313
|
|turn|54
|
|move|p2a: Alakazam|Recover|p2a: Alakazam
|-heal|p2a: Alakazam|242\/313
|move|p1a: Tauros|Body Slam|p2a: Alakazam
|-crit|p2a: Alakazam
|-damage|p2a: Alakazam|72\/313
|
|turn|55
|
|move|p2a: Alakazam|Recover|p2a: Alakazam
|-heal|p2a: Alakazam|228\/313
|move|p1a: Tauros|Body Slam|p2a: Alakazam
|-crit|p2a: Alakazam
|-damage|p2a: Alakazam|70\/313
|
|turn|56
|
|move|p2a: Alakazam|Recover|p2a: Alakazam
|-heal|p2a: Alakazam|226\/313
|move|p1a: Tauros|Body Slam|p2a: Alakazam
|-damage|p2a: Alakazam|146\/313
|
|turn|57
|
|move|p2a: Alakazam|Recover|p2a: Alakazam
|-heal|p2a: Alakazam|302\/313
|move|p1a: Tauros|Body Slam|p2a: Alakazam
|-damage|p2a: Alakazam|216\/313
|
|turn|58
|
|move|p2a: Alakazam|Psychic|p1a: Tauros
|-damage|p1a: Tauros|184\/353
|move|p1a: Tauros|Body Slam|p2a: Alakazam
|-damage|p2a: Alakazam|134\/313
|
|turn|59
|
|move|p2a: Alakazam|Recover|p2a: Alakazam
|-heal|p2a: Alakazam|290\/313
|move|p1a: Tauros|Hyper Beam|p2a: Alakazam
|-damage|p2a: Alakazam|147\/313
|
|turn|60
|
|move|p2a: Alakazam|Psychic|p1a: Tauros
|-crit|p1a: Tauros
|-damage|p1a: Tauros|0 fnt
|faint|p1a: Tauros
|
|win|Reeban
|raw|Ladder updating...
|raw|Kel9901's rating: 1391 &rarr; <strong>1358<\/strong><br \/>(-33 for losing)
|raw|Reeban's rating: 1264 &rarr; <strong>1298<\/strong><br \/>(+34 for winning)
|chat|Reeban|lol
|chat|Kel9901|gg
|chat|Reeban|gg
|leave|Kel9901
|player|p1