|join|kid gf lol
|join|YamiYugiXD
|player|p1|kid gf lol|168
|player|p2|YamiYugiXD|82
|gametype|singles
|gen|1
|tier|[Gen 1] OU (beta)
|rated
|rule|Sleep Clause Mod: Limit one foe put to sleep
|rule|Species Clause: Limit one of each Pokemon
|rule|OHKO Clause: OHKO moves are banned
|rule|Moody Clause: Moody is banned
|rule|Evasion Moves Clause: Evasion moves are banned
|rule|Endless Battle Clause: Forcing endless battles is banned.
|rule|HP Percentage Mod: HP is reported as percentages
|
|start
|switch|p1a: Freddy K|Gengar|323\/323
|switch|p2a: Hocus Pocus!!!|Alakazam|313\/313
|turn|1
|
|switch|p2a: Egg Sandwich ;)|Exeggutor|393\/393
|switch|p1a: Result of Incest|Exeggutor|393\/393
|
|turn|2
|
|switch|p2a: The big cat!!!=)|Snorlax|523\/523
|move|p1a: Result of Incest|Explosion|p2a: The big cat!!!=)
|-crit|p2a: The big cat!!!=)
|-damage|p2a: The big cat!!!=)|0 fnt
|faint|p2a: The big cat!!!=)
|faint|p1a: Result of Incest
|
|switch|p1a: Sailor|Lapras|463\/463
|switch|p2a: Egg Sandwich ;)|Exeggutor|393\/393
|turn|3
|
|move|p1a: Sailor|Blizzard|p2a: Egg Sandwich ;)
|-supereffective|p2a: Egg Sandwich ;)
|-damage|p2a: Egg Sandwich ;)|167\/393
|move|p2a: Egg Sandwich ;)|Sleep Powder|p1a: Sailor
|-status|p1a: Sailor|slp
|
|turn|4
|
|cant|p1a: Sailor|slp
|move|p2a: Egg Sandwich ;)|Mega Drain|p1a: Sailor
|-supereffective|p1a: Sailor
|-damage|p1a: Sailor|356\/463 slp
|-heal|p2a: Egg Sandwich ;)|221\/393|[from] drain|[of] p1a: Sailor
|
|turn|5
|
|switch|p1a: Freddy K|Gengar|323\/323
|move|p2a: Egg Sandwich ;)|Mega Drain|p1a: Freddy K
|-resisted|p1a: Freddy K
|-damage|p1a: Freddy K|300\/323
|-heal|p2a: Egg Sandwich ;)|233\/393|[from] drain|[of] p1a: Freddy K
|
|turn|6
|
|move|p1a: Freddy K|Hypnosis|p2a: Egg Sandwich ;)|[miss]
|-miss|p1a: Freddy K
|move|p2a: Egg Sandwich ;)|Psychic|p1a: Freddy K
|-supereffective|p1a: Freddy K
|-damage|p1a: Freddy K|90\/323
|
|turn|7
|
|move|p1a: Freddy K|Hypnosis|p2a: Egg Sandwich ;)
|-status|p2a: Egg Sandwich ;)|slp
|cant|p2a: Egg Sandwich ;)|slp
|
|turn|8
|
|move|p1a: Freddy K|Thunderbolt|p2a: Egg Sandwich ;)
|-resisted|p2a: Egg Sandwich ;)
|-damage|p2a: Egg Sandwich ;)|192\/393 slp
|cant|p2a: Egg Sandwich ;)|slp
|
|turn|9
|
|move|p1a: Freddy K|Thunderbolt|p2a: Egg Sandwich ;)
|-resisted|p2a: Egg Sandwich ;)
|-damage|p2a: Egg Sandwich ;)|153\/393 slp
|cant|p2a: Egg Sandwich ;)|slp
|-curestatus|p2a: Egg Sandwich ;)|slp
|
|turn|10
|
|move|p1a: Freddy K|Explosion|p2a: Egg Sandwich ;)
|-damage|p2a: Egg Sandwich ;)|0 fnt
|faint|p2a: Egg Sandwich ;)
|faint|p1a: Freddy K
|
|switch|p2a: Hocus Pocus!!!|Alakazam|313\/313
|switch|p1a: He's Got A Big|Snorlax|523\/523
|turn|11
|
|switch|p2a: Meter :P|Golem|363\/363
|move|p1a: He's Got A Big|Amnesia|p1a: He's Got A Big
|-boost|p1a: He's Got A Big|spd|2
|-boost|p1a: He's Got A Big|spa|2
|
|turn|12
|
|move|p2a: Meter :P|Earthquake|p1a: He's Got A Big
|-damage|p1a: He's Got A Big|356\/523
|move|p1a: He's Got A Big|Reflect|p1a: He's Got A Big
|
|turn|13
|
|move|p2a: Meter :P|Earthquake|p1a: He's Got A Big
|-damage|p1a: He's Got A Big|275\/523
|move|p1a: He's Got A Big|Surf|p2a: Meter :P
|-supereffective|p2a: Meter :P
|-damage|p2a: Meter :P|0 fnt
|faint|p2a: Meter :P
|
|
|switch|p2a: Stampede D:|Tauros|353\/353
|turn|14
|
|move|p2a: Stampede D:|Blizzard|p1a: He's Got A Big
|-damage|p1a: He's Got A Big|229\/523
|-status|p1a: He's Got A Big|frz
|cant|p1a: He's Got A Big|frz
|
|turn|15
|
|switch|p2a: Hocus Pocus!!!|Alakazam|313\/313
|cant|p1a: He's Got A Big|frz
|
|turn|16
|
|move|p2a: Hocus Pocus!!!|Psychic|p1a: He's Got A Big
|-crit|p1a: He's Got A Big
|-damage|p1a: He's Got A Big|0 fnt
|faint|p1a: He's Got A Big
|
|
|switch|p1a: Egg Kangaroo|Chansey|703\/703
|turn|17
|
|switch|p2a: Yay ^_^|Chansey|703\/703
|move|p1a: Egg Kangaroo|Light Screen|p1a: Egg Kangaroo
|
|turn|18
|
|switch|p1a: Bear?|Slowbro|393\/393
|move|p2a: Yay ^_^|Ice Beam|p1a: Bear?
|-resisted|p1a: Bear?
|-damage|p1a: Bear?|350\/393
|
|turn|19
|
|switch|p1a: Egg Kangaroo|Chansey|703\/703
|move|p2a: Yay ^_^|Thunderbolt|p1a: Egg Kangaroo
|-damage|p1a: Egg Kangaroo|629\/703
|
|turn|20
|
|move|p2a: Yay ^_^|Thunderbolt|p1a: Egg Kangaroo
|-damage|p1a: Egg Kangaroo|553\/703
|move|p1a: Egg Kangaroo|Thunder Wave|p2a: Yay ^_^
|-status|p2a: Yay ^_^|par
|
|turn|21
|
|switch|p1a: Bear?|Slowbro|350\/393
|move|p2a: Yay ^_^|Thunderbolt|p1a: Bear?
|-supereffective|p1a: Bear?
|-damage|p1a: Bear?|182\/393
|-status|p1a: Bear?|par
|
|turn|22
|
|switch|p1a: Egg Kangaroo|Chansey|553\/703
|move|p2a: Yay ^_^|Thunderbolt|p1a: Egg Kangaroo
|-damage|p1a: Egg Kangaroo|484\/703
|
|turn|23
|
|move|p1a: Egg Kangaroo|Light Screen|p1a: Egg Kangaroo
|cant|p2a: Yay ^_^|par
|
|turn|24
|
|move|p1a: Egg Kangaroo|Soft-Boiled|p1a: Egg Kangaroo
|-heal|p1a: Egg Kangaroo|703\/703
|move|p2a: Yay ^_^|Ice Beam|p1a: Egg Kangaroo
|-damage|p1a: Egg Kangaroo|666\/703
|-status|p1a: Egg Kangaroo|frz
|
|turn|25
|
|cant|p1a: Egg Kangaroo|frz
|move|p2a: Yay ^_^|Ice Beam|p1a: Egg Kangaroo
|-damage|p1a: Egg Kangaroo|627\/703 frz
|
|turn|26
|
|cant|p1a: Egg Kangaroo|frz
|move|p2a: Yay ^_^|Ice Beam|p1a: Egg Kangaroo
|-damage|p1a: Egg Kangaroo|591\/703 frz
|
|turn|27
|
|cant|p1a: Egg Kangaroo|frz
|move|p2a: Yay ^_^|Ice Beam|p1a: Egg Kangaroo
|-damage|p1a: Egg Kangaroo|557\/703 frz
|
|turn|28
|
|cant|p1a: Egg Kangaroo|frz
|move|p2a: Yay ^_^|Ice Beam|p1a: Egg Kangaroo
|-damage|p1a: Egg Kangaroo|517\/703 frz
|
|turn|29
|
|cant|p1a: Egg Kangaroo|frz
|move|p2a: Yay ^_^|Ice Beam|p1a: Egg Kangaroo
|-damage|p1a: Egg Kangaroo|480\/703 frz
|
|turn|30
|
|cant|p1a: Egg Kangaroo|frz
|move|p2a: Yay ^_^|Ice Beam|p1a: Egg Kangaroo
|-damage|p1a: Egg Kangaroo|444\/703 frz
|
|turn|31
|
|cant|p1a: Egg Kangaroo|frz
|cant|p2a: Yay ^_^|par
|
|turn|32
|
|cant|p1a: Egg Kangaroo|frz
|move|p2a: Yay ^_^|Ice Beam|p1a: Egg Kangaroo
|-damage|p1a: Egg Kangaroo|408\/703 frz
|
|turn|33
|
|cant|p1a: Egg Kangaroo|frz
|cant|p2a: Yay ^_^|par
|
|turn|34
|
|cant|p1a: Egg Kangaroo|frz
|move|p2a: Yay ^_^|Ice Beam|p1a: Egg Kangaroo
|-damage|p1a: Egg Kangaroo|372\/703 frz
|
|turn|35
|
|cant|p1a: Egg Kangaroo|frz
|move|p2a: Yay ^_^|Ice Beam|p1a: Egg Kangaroo
|-damage|p1a: Egg Kangaroo|334\/703 frz
|
|turn|36
|
|cant|p1a: Egg Kangaroo|frz
|move|p2a: Yay ^_^|Ice Beam|p1a: Egg Kangaroo
|-damage|p1a: Egg Kangaroo|298\/703 frz
|
|turn|37
|
|cant|p1a: Egg Kangaroo|frz
|move|p2a: Yay ^_^|Ice Beam|p1a: Egg Kangaroo
|-damage|p1a: Egg Kangaroo|259\/703 frz
|
|turn|38
|
|cant|p1a: Egg Kangaroo|frz
|move|p2a: Yay ^_^|Ice Beam|p1a: Egg Kangaroo
|-damage|p1a: Egg Kangaroo|223\/703 frz
|
|turn|39
|
|cant|p1a: Egg Kangaroo|frz
|cant|p2a: Yay ^_^|par
|
|turn|40
|
|switch|p1a: Sailor|Lapras|356\/463 slp
|move|p2a: Yay ^_^|Ice Beam|p1a: Sailor
|-resisted|p1a: Sailor
|-damage|p1a: Sailor|337\/463 slp
|
|turn|41
|
|switch|p1a: Egg Kangaroo|Chansey|223\/703 frz
|cant|p2a: Yay ^_^|par
|
|turn|42
|
|move|p2a: Yay ^_^|Thunderbolt|p1a: Egg Kangaroo
|-damage|p1a: Egg Kangaroo|154\/703 frz
|cant|p1a: Egg Kangaroo|frz
|
|turn|43
|
|cant|p1a: Egg Kangaroo|frz
|move|p2a: Yay ^_^|Thunderbolt|p1a: Egg Kangaroo
|-damage|p1a: Egg Kangaroo|85\/703 frz
|
|turn|44
|
|cant|p1a: Egg Kangaroo|frz
|move|p2a: Yay ^_^|Thunderbolt|p1a: Egg Kangaroo
|-damage|p1a: Egg Kangaroo|17\/703 frz
|
|turn|45
|
|cant|p1a: Egg Kangaroo|frz
|move|p2a: Yay ^_^|Thunderbolt|p1a: Egg Kangaroo
|-crit|p1a: Egg Kangaroo
|-damage|p1a: Egg Kangaroo|0 fnt
|faint|p1a: Egg Kangaroo
|
|
|switch|p1a: Sailor|Lapras|337\/463 slp
|turn|46
|
|cant|p1a: Sailor|slp
|move|p2a: Yay ^_^|Thunderbolt|p1a: Sailor
|-supereffective|p1a: Sailor
|-damage|p1a: Sailor|163\/463 slp
|
|turn|47
|
|cant|p1a: Sailor|slp
|-curestatus|p1a: Sailor|slp
|move|p2a: Yay ^_^|Thunderbolt|p1a: Sailor
|-supereffective|p1a: Sailor
|-damage|p1a: Sailor|5\/463
|
|turn|48
|
|move|p1a: Sailor|Confuse Ray|p2a: Yay ^_^
|-start|p2a: Yay ^_^|confusion
|cant|p2a: Yay ^_^|par
|
|turn|49
|
|move|p1a: Sailor|Rest|p1a: Sailor
|-status|p1a: Sailor|slp
|-heal|p1a: Sailor|463\/463 slp|[silent]
|-status|p1a: Sailor|slp|[from] move: Rest
|cant|p2a: Yay ^_^|par
|
|turn|50
|join|Kipa1236
|
|cant|p1a: Sailor|slp
|-activate|p2a: Yay ^_^|confusion
|-damage|p2a: Yay ^_^|672\/703 par|[from] confusion
|
|turn|51
|
|switch|p2a: Hocus Pocus!!!|Alakazam|313\/313
|cant|p1a: Sailor|slp
|-curestatus|p1a: Sailor|slp
|
|turn|52
|
|move|p2a: Hocus Pocus!!!|Thunder Wave|p1a: Sailor
|-status|p1a: Sailor|par
|cant|p1a: Sailor|par
|
|turn|53
|
|move|p2a: Hocus Pocus!!!|Psychic|p1a: Sailor
|-damage|p1a: Sailor|321\/463 par
|-unboost|p1a: Sailor|spd|1
|-unboost|p1a: Sailor|spa|1
|cant|p1a: Sailor|par
|
|turn|54
|chat|kid gf lol|bs
|
|switch|p1a: Bear?|Slowbro|182\/393 par
|move|p2a: Hocus Pocus!!!|Psychic|p1a: Bear?
|-resisted|p1a: Bear?
|-damage|p1a: Bear?|110\/393 par
|
|turn|55
|
|move|p2a: Hocus Pocus!!!|Body Slam|p1a: Bear?
|-damage|p1a: Bear?|67\/393 par
|move|p1a: Bear?|Rest|p1a: Bear?
|-status|p1a: Bear?|slp
|-heal|p1a: Bear?|393\/393 slp|[silent]
|-status|p1a: Bear?|slp|[from] move: Rest
|
|turn|56
|
|switch|p2a: Yay ^_^|Chansey|672\/703 par
|cant|p1a: Bear?|slp
|
|turn|57
|
|move|p2a: Yay ^_^|Thunderbolt|p1a: Bear?
|-supereffective|p1a: Bear?
|-damage|p1a: Bear?|203\/393 slp
|cant|p1a: Bear?|slp
|-curestatus|p1a: Bear?|slp
|
|turn|58
|
|switch|p1a: Sailor|Lapras|321\/463 par
|move|p2a: Yay ^_^|Thunderbolt|p1a: Sailor
|-supereffective|p1a: Sailor
|-damage|p1a: Sailor|151\/463 par
|
|turn|59
|
|move|p1a: Sailor|Confuse Ray|p2a: Yay ^_^|[miss]
|-miss|p1a: Sailor
|move|p2a: Yay ^_^|Thunderbolt|p1a: Sailor
|-supereffective|p1a: Sailor
|-damage|p1a: Sailor|0 fnt
|faint|p1a: Sailor
|
|
|switch|p1a: Bear?|Slowbro|203\/393
|turn|60
|
|move|p1a: Bear?|Rest|p1a: Bear?
|-status|p1a: Bear?|slp
|-heal|p1a: Bear?|393\/393 slp|[silent]
|-status|p1a: Bear?|slp|[from] move: Rest
|move|p2a: Yay ^_^|Thunderbolt|p1a: Bear?
|-supereffective|p1a: Bear?
|-damage|p1a: Bear?|215\/393 slp
|
|turn|61
|
|cant|p1a: Bear?|slp
|move|p2a: Yay ^_^|Thunderbolt|p1a: Bear?
|-supereffective|p1a: Bear?
|-damage|p1a: Bear?|25\/393 slp
|
|turn|62
|
|switch|p2a: Hocus Pocus!!!|Alakazam|313\/313
|cant|p1a: Bear?|slp
|-curestatus|p1a: Bear?|slp
|
|turn|63
|
|move|p2a: Hocus Pocus!!!|Body Slam|p1a: Bear?
|-crit|p1a: Bear?
|-damage|p1a: Bear?|0 fnt
|faint|p1a: Bear?
|
|win|YamiYugiXD
|raw|Ladder updating...
|raw|kid gf lol's rating: 1366 &rarr; <strong>1339<\/strong><br \/>(-27 for losing)
|raw|YamiYugiXD's rating: 1232 &rarr; <strong>1266<\/strong><br \/>(+34 for winning)
|chat|YamiYugiXD|gg
|leave|kid gf lol
|player|p1