|join|LibertarianMaster
|join|SwifferCat
|player|p1|LibertarianMaster|35
|player|p2|SwifferCat|266
|gametype|singles
|gen|1
|tier|[Gen 1] Random Battle
|rated
|rule|Sleep Clause Mod: Limit one foe put to sleep
|rule|Freeze Clause Mod: Limit one foe frozen
|rule|HP Percentage Mod: HP is shown in percentages
|
|start
|switch|p1a: Mr. Mime|Mr. Mime, L85|242\/242
|switch|p2a: Lapras|Lapras, L79|367\/367
|turn|1
|
|move|p1a: Mr. Mime|Thunderbolt|p2a: Lapras
|-supereffective|p2a: Lapras
|-damage|p2a: Lapras|212\/367
|move|p2a: Lapras|Confuse Ray|p1a: Mr. Mime
|-start|p1a: Mr. Mime|confusion
|
|turn|2
|
|switch|p2a: Graveler|Graveler, L85|267\/267
|-activate|p1a: Mr. Mime|confusion
|move|p1a: Mr. Mime|Thunderbolt|p2a: Graveler
|-immune|p2a: Graveler|[msg]
|
|turn|3
|
|switch|p1a: Dragonite|Dragonite, L85|328\/328
|move|p2a: Graveler|Explosion|p1a: Dragonite
|-damage|p1a: Dragonite|85\/328
|faint|p2a: Graveler
|
|switch|p2a: Tentacruel|Tentacruel, L85|310\/310
|turn|4
|
|switch|p1a: Mr. Mime|Mr. Mime, L85|242\/242
|move|p2a: Tentacruel|Blizzard|p1a: Mr. Mime
|-damage|p1a: Mr. Mime|145\/242
|
|turn|5
|
|move|p2a: Tentacruel|Hydro Pump|p1a: Mr. Mime
|-damage|p1a: Mr. Mime|2\/242
|move|p1a: Mr. Mime|Psychic|p2a: Tentacruel
|-supereffective|p2a: Tentacruel
|-damage|p2a: Tentacruel|143\/310
|-unboost|p2a: Tentacruel|spd|1
|-unboost|p2a: Tentacruel|spa|1
|
|turn|6
|
|switch|p1a: Ninetales|Ninetales, L85|298\/298
|move|p2a: Tentacruel|Surf|p1a: Ninetales
|-supereffective|p1a: Ninetales
|-damage|p1a: Ninetales|157\/298
|
|turn|7
|
|move|p1a: Ninetales|Hyper Beam|p2a: Tentacruel
|-damage|p2a: Tentacruel|33\/310
|move|p2a: Tentacruel|Hydro Pump|p1a: Ninetales
|-supereffective|p1a: Ninetales
|-damage|p1a: Ninetales|0 fnt
|faint|p1a: Ninetales
|
|switch|p1a: Dragonite|Dragonite, L85|85\/328
|turn|8
|
|move|p2a: Tentacruel|Blizzard|p1a: Dragonite
|-supereffective|p1a: Dragonite
|-damage|p1a: Dragonite|0 fnt
|faint|p1a: Dragonite
|
|switch|p1a: Raticate|Raticate, L85|267\/267
|turn|9
|
|switch|p2a: Lapras|Lapras, L79|212\/367
|move|p1a: Raticate|Body Slam|p2a: Lapras
|-damage|p2a: Lapras|120\/367
|-status|p2a: Lapras|par
|
|turn|10
|
|move|p1a: Raticate|Body Slam|p2a: Lapras
|-damage|p2a: Lapras|28\/367 par
|move|p2a: Lapras|Confuse Ray|p1a: Raticate
|-start|p1a: Raticate|confusion
|
|turn|11
|
|switch|p1a: Hitmonlee|Hitmonlee, L90|273\/273
|cant|p2a: Lapras|par
|
|turn|12
|
|move|p1a: Hitmonlee|Body Slam|p2a: Lapras
|-damage|p2a: Lapras|0 fnt
|faint|p2a: Lapras
|
|switch|p2a: Wigglytuff|Wigglytuff, L90|435\/435
|turn|13
|
|switch|p1a: Raticate|Raticate, L85|267\/267
|move|p2a: Wigglytuff|Thunder Wave|p1a: Raticate
|-status|p1a: Raticate|par
|
|turn|14
|
|move|p2a: Wigglytuff|Body Slam|p1a: Raticate
|-damage|p1a: Raticate|165\/267 par
|move|p1a: Raticate|Super Fang|p2a: Wigglytuff
|-damage|p2a: Wigglytuff|218\/435
|
|turn|15
|
|move|p2a: Wigglytuff|Body Slam|p1a: Raticate
|-damage|p1a: Raticate|68\/267 par
|cant|p1a: Raticate|par
|
|turn|16
|
|switch|p1a: Hitmonchan|Hitmonchan, L90|273\/273
|move|p2a: Wigglytuff|Body Slam|p1a: Hitmonchan
|-damage|p1a: Hitmonchan|183\/273
|-status|p1a: Hitmonchan|par
|
|turn|17
|
|move|p2a: Wigglytuff|Body Slam|p1a: Hitmonchan
|-damage|p1a: Hitmonchan|97\/273 par
|move|p1a: Hitmonchan|Submission|p2a: Wigglytuff
|-supereffective|p2a: Wigglytuff
|-damage|p2a: Wigglytuff|0 fnt
|-damage|p1a: Hitmonchan|43\/273 par|[from] recoil|[of] p2a: Wigglytuff
|faint|p2a: Wigglytuff
|
|switch|p2a: Weepinbell|Weepinbell, L85|284\/284
|turn|18
|
|switch|p1a: Hitmonlee|Hitmonlee, L90|273\/273
|move|p2a: Weepinbell|Razor Leaf|p1a: Hitmonlee
|-damage|p1a: Hitmonlee|188\/273
|
|turn|19
|
|move|p1a: Hitmonlee|Body Slam|p2a: Weepinbell
|-crit|p2a: Weepinbell
|-damage|p2a: Weepinbell|62\/284
|-status|p2a: Weepinbell|par
|move|p2a: Weepinbell|Stun Spore|p1a: Hitmonlee
|-status|p1a: Hitmonlee|par
|
|turn|20
|
|move|p1a: Hitmonlee|Body Slam|p2a: Weepinbell
|-damage|p2a: Weepinbell|0 fnt
|faint|p2a: Weepinbell
|
|switch|p2a: Charmeleon|Charmeleon, L85|272\/272
|turn|21
|
|move|p2a: Charmeleon|Fire Blast|p1a: Hitmonlee
|-damage|p1a: Hitmonlee|42\/273 par
|move|p1a: Hitmonlee|Body Slam|p2a: Charmeleon
|-damage|p2a: Charmeleon|167\/272
|
|turn|22
|
|move|p2a: Charmeleon|Seismic Toss|p1a: Hitmonlee
|-damage|p1a: Hitmonlee|0 fnt
|faint|p1a: Hitmonlee
|
|switch|p1a: Raticate|Raticate, L85|68\/267 par
|turn|23
|
|move|p2a: Charmeleon|Seismic Toss|p1a: Raticate
|-damage|p1a: Raticate|0 fnt
|faint|p1a: Raticate
|
|switch|p1a: Mr. Mime|Mr. Mime, L85|2\/242
|turn|24
|
|move|p1a: Mr. Mime|Psychic|p2a: Charmeleon
|-damage|p2a: Charmeleon|51\/272
|move|p2a: Charmeleon|Seismic Toss|p1a: Mr. Mime
|-damage|p1a: Mr. Mime|0 fnt
|faint|p1a: Mr. Mime
|
|switch|p1a: Hitmonchan|Hitmonchan, L90|43\/273 par
|turn|25
|
|move|p2a: Charmeleon|Seismic Toss|p1a: Hitmonchan
|-damage|p1a: Hitmonchan|0 fnt
|faint|p1a: Hitmonchan
|
|win|SwifferCat
|c|★SwifferCat|gg
|raw|LibertarianMaster's rating: 1115 &rarr; <strong>1092<\/strong><br \/>(-23 for losing)
|raw|SwifferCat's rating: 1138 &rarr; <strong>1161<\/strong><br \/>(+23 for winning)
|leave|LibertarianMaster
|player|p1