|j|pokeramos
|j|Lacano
|player|p1|pokeramos|169
|player|p2|Lacano|238
|gametype|singles
|gen|1
|tier|[Gen 1] Random Battle
|rated
|seed|29524,41334,50286,42927
|rule|Sleep Clause Mod: Limit one foe put to sleep
|rule|Freeze Clause Mod: Limit one foe frozen
|rule|HP Percentage Mod: HP is shown in percentages
|
|start
|switch|p1a: Pidgeotto|Pidgeotto, L90|297\/297
|switch|p2a: Cubone|Cubone, L96|291\/291
|turn|1
|choice|move 1|move 2
|
|move|p1a: Pidgeotto|Double-Edge|p2a: Cubone
|-damage|p2a: Cubone|221\/291
|-damage|p1a: Pidgeotto|280\/297|[from] recoil|[of] p2a: Cubone
|move|p2a: Cubone|Blizzard|p1a: Pidgeotto
|-supereffective|p1a: Pidgeotto
|-damage|p1a: Pidgeotto|102\/297
|
|turn|2
|choice|switch 4|move 2
|
|switch|p1a: Vaporeon|Vaporeon, L85|395\/395
|move|p2a: Cubone|Blizzard|p1a: Vaporeon
|-resisted|p1a: Vaporeon
|-damage|p1a: Vaporeon|366\/395
|
|turn|3
|choice|move 2|switch 4
|
|switch|p2a: Electrode|Electrode, L90|291\/291
|move|p1a: Vaporeon|Hydro Pump|p2a: Electrode
|-damage|p2a: Electrode|155\/291
|
|turn|4
|choice|switch 5|move 4
|
|switch|p1a: Jolteon|Jolteon, L79|265\/265
|move|p2a: Electrode|Thunderbolt|p1a: Jolteon
|-crit|p1a: Jolteon
|-resisted|p1a: Jolteon
|-damage|p1a: Jolteon|176\/265
|
|turn|5
|choice|move 4|switch 4
|
|switch|p2a: Cubone|Cubone, L96|221\/291
|move|p1a: Jolteon|Thunder Wave|p2a: Cubone
|-immune|p2a: Cubone|[msg]
|
|turn|6
|choice|switch 5|move 2
|
|switch|p1a: Vaporeon|Vaporeon, L85|366\/395
|move|p2a: Cubone|Blizzard|p1a: Vaporeon
|-resisted|p1a: Vaporeon
|-damage|p1a: Vaporeon|335\/395
|
|turn|7
|choice|move 1|switch 4
|
|switch|p2a: Electrode|Electrode, L90|155\/291
|move|p1a: Vaporeon|Blizzard|p2a: Electrode
|-damage|p2a: Electrode|60\/291
|
|turn|8
|choice|switch 5|move 1
|
|switch|p1a: Jolteon|Jolteon, L79|176\/265
|move|p2a: Electrode|Explosion|p1a: Jolteon
|-crit|p1a: Jolteon
|-damage|p1a: Jolteon|0 fnt
|faint|p1a: Jolteon
|faint|p2a: Electrode
|choice|switch 6|switch 4
|
|switch|p1a: Exeggutor|Exeggutor, L79|312\/312
|switch|p2a: Cubone|Cubone, L96|221\/291
|turn|9
|choice|move 3|move 2
|
|move|p1a: Exeggutor|Mega Drain|p2a: Cubone
|-supereffective|p2a: Cubone
|-damage|p2a: Cubone|98\/291
|move|p2a: Cubone|Blizzard|p1a: Exeggutor
|-crit|p1a: Exeggutor
|-supereffective|p1a: Exeggutor
|-damage|p1a: Exeggutor|91\/312
|
|turn|10
|choice|move 3|switch 5
|
|switch|p2a: Flareon|Flareon, L90|300\/300
|move|p1a: Exeggutor|Mega Drain|p2a: Flareon
|-resisted|p2a: Flareon
|-damage|p2a: Flareon|281\/300
|-heal|p1a: Exeggutor|100\/312|[from] drain|[of] p2a: Flareon
|
|turn|11
|choice|switch 5|move 2
|
|switch|p1a: Vaporeon|Vaporeon, L85|335\/395
|move|p2a: Flareon|Fire Blast|p1a: Vaporeon
|-crit|p1a: Vaporeon
|-resisted|p1a: Vaporeon
|-damage|p1a: Vaporeon|200\/395
|
|turn|12
|choice|move 2|switch 6
|
|switch|p2a: Raichu|Raichu, L85|276\/276
|move|p1a: Vaporeon|Hydro Pump|p2a: Raichu|[miss]
|-miss|p1a: Vaporeon
|
|turn|13
|choice|switch 5|move 3
|
|switch|p1a: Exeggutor|Exeggutor, L79|100\/312
|move|p2a: Raichu|Thunder|p1a: Exeggutor
|-resisted|p1a: Exeggutor
|-damage|p1a: Exeggutor|50\/312
|
|turn|14
|choice|move 1|move 4
|
|move|p2a: Raichu|Hyper Beam|p1a: Exeggutor|[miss]
|-miss|p2a: Raichu
|move|p1a: Exeggutor|Sleep Powder|p2a: Raichu|[miss]
|-miss|p1a: Exeggutor
|
|turn|15
|choice|move 2|move 3
|
|move|p2a: Raichu|Thunder|p1a: Exeggutor
|-resisted|p1a: Exeggutor
|-damage|p1a: Exeggutor|0 fnt
|faint|p1a: Exeggutor
|choice|switch 2|
|
|switch|p1a: Pinsir|Pinsir, L85|284\/284
|turn|16
|choice|move 3|move 1
|
|move|p2a: Raichu|Surf|p1a: Pinsir
|-crit|p1a: Pinsir
|-damage|p1a: Pinsir|124\/284
|move|p1a: Pinsir|Submission|p2a: Raichu
|-damage|p2a: Raichu|183\/276
|-damage|p1a: Pinsir|101\/284|[from] recoil|[of] p2a: Raichu
|
|turn|17
|choice|move 1|move 1
|
|move|p2a: Raichu|Surf|p1a: Pinsir
|-damage|p1a: Pinsir|20\/284
|move|p1a: Pinsir|Hyper Beam|p2a: Raichu
|-crit|p2a: Raichu
|-damage|p2a: Raichu|0 fnt
|faint|p2a: Raichu
|choice||switch 5
|
|switch|p2a: Cubone|Cubone, L96|98\/291
|turn|18
|choice|move 1|move 4
|
|move|p1a: Pinsir|Hyper Beam|p2a: Cubone
|-damage|p2a: Cubone|0 fnt
|faint|p2a: Cubone
|choice||switch 6
|
|switch|p2a: Flareon|Flareon, L90|281\/300
|turn|19
|choice|move 1|move 4
|
|move|p2a: Flareon|Quick Attack|p1a: Pinsir
|-damage|p1a: Pinsir|0 fnt
|faint|p1a: Pinsir
|choice|switch 5|
|
|switch|p1a: Vaporeon|Vaporeon, L85|200\/395
|turn|20
|choice|move 4|switch 2
|
|switch|p2a: Starmie|Starmie, L79|257\/257
|move|p1a: Vaporeon|Rest|p1a: Vaporeon
|-status|p1a: Vaporeon|slp
|-heal|p1a: Vaporeon|395\/395 slp|[silent]
|-status|p1a: Vaporeon|slp|[from] move: Rest
|
|turn|21
|choice|switch 3|move 3
|
|switch|p1a: Lickitung|Lickitung, L90|345\/345
|move|p2a: Starmie|Blizzard|p1a: Lickitung
|-damage|p1a: Lickitung|259\/345
|
|turn|22
|choice|move 2|move 2
|
|move|p2a: Starmie|Thunder Wave|p1a: Lickitung
|-status|p1a: Lickitung|par
|move|p1a: Lickitung|Earthquake|p2a: Starmie|[miss]
|-miss|p1a: Lickitung
|
|turn|23
|choice|move 2|move 4
|
|move|p2a: Starmie|Surf|p1a: Lickitung
|-damage|p1a: Lickitung|145\/345 par
|move|p1a: Lickitung|Earthquake|p2a: Starmie
|-damage|p2a: Starmie|194\/257
|
|turn|24
|choice|move 4|move 4
|
|move|p2a: Starmie|Surf|p1a: Lickitung
|-damage|p1a: Lickitung|44\/345 par
|move|p1a: Lickitung|Hyper Beam|p2a: Starmie
|-damage|p2a: Starmie|49\/257
|
|turn|25
|-mustrecharge|p1a: Lickitung
|-mustrecharge|p1a: Lickitung
|choice|move 1|move 1
|
|move|p2a: Starmie|Recover|p2a: Starmie
|-heal|p2a: Starmie|177\/257
|cant|p1a: Lickitung|recharge
|
|turn|26
|choice|move 4|move 1
|
|move|p2a: Starmie|Recover|p2a: Starmie
|-heal|p2a: Starmie|257\/257
|move|p1a: Lickitung|Hyper Beam|p2a: Starmie
|-damage|p2a: Starmie|105\/257
|
|turn|27
|-mustrecharge|p1a: Lickitung
|-mustrecharge|p1a: Lickitung
|choice|move 1|move 1
|
|move|p2a: Starmie|Recover|p2a: Starmie
|-heal|p2a: Starmie|233\/257
|cant|p1a: Lickitung|recharge
|
|turn|28
|choice|move 2|move 4
|
|move|p2a: Starmie|Surf|p1a: Lickitung
|-damage|p1a: Lickitung|0 fnt
|faint|p1a: Lickitung
|choice|switch 3|
|
|switch|p1a: Vaporeon|Vaporeon, L85|395\/395 slp
|turn|29
|choice|move 3|move 3
|
|move|p2a: Starmie|Blizzard|p1a: Vaporeon
|-resisted|p1a: Vaporeon
|-damage|p1a: Vaporeon|365\/395 slp
|cant|p1a: Vaporeon|slp
|
|turn|30
|choice|move 2|move 3
|
|move|p2a: Starmie|Blizzard|p1a: Vaporeon
|-resisted|p1a: Vaporeon
|-damage|p1a: Vaporeon|332\/395 slp
|-curestatus|p1a: Vaporeon|slp
|
|turn|31
|choice|move 1|move 2
|
|move|p2a: Starmie|Thunder Wave|p1a: Vaporeon
|-status|p1a: Vaporeon|par
|move|p1a: Vaporeon|Blizzard|p2a: Starmie
|-resisted|p2a: Starmie
|-damage|p2a: Starmie|191\/257
|
|turn|32
|choice|move 1|move 1
|
|move|p2a: Starmie|Recover|p2a: Starmie
|-heal|p2a: Starmie|257\/257
|move|p1a: Vaporeon|Blizzard|p2a: Starmie
|-resisted|p2a: Starmie
|-damage|p2a: Starmie|208\/257
|
|turn|33
|choice|move 1|move 4
|
|move|p2a: Starmie|Surf|p1a: Vaporeon
|-resisted|p1a: Vaporeon
|-damage|p1a: Vaporeon|295\/395 par
|move|p1a: Vaporeon|Blizzard|p2a: Starmie
|-resisted|p2a: Starmie
|-damage|p2a: Starmie|164\/257
|
|turn|34
|choice|move 1|move 1
|
|move|p2a: Starmie|Recover|p2a: Starmie
|-heal|p2a: Starmie|257\/257
|move|p1a: Vaporeon|Blizzard|p2a: Starmie
|-resisted|p2a: Starmie
|-damage|p2a: Starmie|209\/257
|
|turn|35
|choice|move 3|move 3
|
|move|p2a: Starmie|Blizzard|p1a: Vaporeon
|-resisted|p1a: Vaporeon
|-damage|p1a: Vaporeon|262\/395 par
|cant|p1a: Vaporeon|par
|
|turn|36
|choice|move 3|switch 3
|
|switch|p2a: Pidgey|Pidgey, L96|272\/272
|move|p1a: Vaporeon|Body Slam|p2a: Pidgey
|-damage|p2a: Pidgey|210\/272
|
|turn|37
|choice|move 1|move 1
|
|move|p2a: Pidgey|Double-Edge|p1a: Vaporeon
|-damage|p1a: Vaporeon|155\/395 par
|-damage|p2a: Pidgey|184\/272|[from] recoil|[of] p1a: Vaporeon
|move|p1a: Vaporeon|Blizzard|p2a: Pidgey
|-crit|p2a: Pidgey
|-supereffective|p2a: Pidgey
|-damage|p2a: Pidgey|0 fnt
|faint|p2a: Pidgey
|choice||switch 2
|
|switch|p2a: Flareon|Flareon, L90|281\/300
|turn|38
|choice|move 2|move 3
|
|move|p2a: Flareon|Hyper Beam|p1a: Vaporeon|[miss]
|-miss|p2a: Flareon
|move|p1a: Vaporeon|Hydro Pump|p2a: Flareon
|-supereffective|p2a: Flareon
|-damage|p2a: Flareon|46\/300
|
|turn|39
|choice|move 4|move 3
|
|move|p2a: Flareon|Hyper Beam|p1a: Vaporeon
|-damage|p1a: Vaporeon|0 fnt
|faint|p1a: Vaporeon
|choice|switch 4|
|
|switch|p1a: Pidgeotto|Pidgeotto, L90|102\/297
|turn|40
|choice|move 2|move 2
|
|move|p1a: Pidgeotto|Mirror Move|p1a: Pidgeotto
|move|p1a: Pidgeotto|Hyper Beam|p2a: Flareon|[from]Mirror Move
|-damage|p2a: Flareon|0 fnt
|faint|p2a: Flareon
|choice||switch 3
|
|switch|p2a: Starmie|Starmie, L79|209\/257
|turn|41
|-mustrecharge|p1a: Pidgeotto
|-mustrecharge|p1a: Pidgeotto
|choice|move 1|move 4
|
|move|p2a: Starmie|Surf|p1a: Pidgeotto
|-damage|p1a: Pidgeotto|0 fnt
|faint|p1a: Pidgeotto
|
|win|Lacano
|raw|pokeramos's rating: 1063 &rarr; <strong>1042<\/strong><br \/>(-21 for losing)
|raw|Lacano's rating: 1036 &rarr; <strong>1073<\/strong><br \/>(+37 for winning)