|j|SuperPokeunicorn
|j|RPGfan2005
|player|p1|SuperPokeunicorn|64
|player|p2|RPGfan2005|290
|gametype|singles
|gen|1
|tier|[Gen 1] OU
|rated
|seed|
|rule|Sleep Clause Mod: Limit one foe put to sleep
|rule|Freeze Clause Mod: Limit one foe frozen
|rule|Species Clause: Limit one of each Pokémon
|rule|OHKO Clause: OHKO moves are banned
|rule|Evasion Moves Clause: Evasion moves are banned
|rule|HP Percentage Mod: HP is shown in percentages
|
|start
|switch|p1a: Jynx|Jynx|100\/100
|switch|p2a: Alakazam|Alakazam|100\/100
|turn|1
|choice||
|
|move|p2a: Alakazam|Thunder Wave|p1a: Jynx
|-status|p1a: Jynx|par
|move|p1a: Jynx|Lovely Kiss|p2a: Alakazam
|-status|p2a: Alakazam|slp
|
|turn|2
|choice||
|
|cant|p2a: Alakazam|slp
|cant|p1a: Jynx|par
|
|turn|3
|choice||
|
|switch|p1a: Tauros|Tauros|100\/100
|cant|p2a: Alakazam|slp
|
|turn|4
|choice||
|
|switch|p2a: Rhydon|Rhydon|100\/100
|move|p1a: Tauros|Body Slam|p2a: Rhydon
|-resisted|p2a: Rhydon
|-damage|p2a: Rhydon|90\/100
|-status|p2a: Rhydon|par
|
|turn|5
|choice||
|
|move|p1a: Tauros|Earthquake|p2a: Rhydon
|-supereffective|p2a: Rhydon
|-damage|p2a: Rhydon|59\/100 par
|move|p2a: Rhydon|Earthquake|p1a: Tauros
|-damage|p1a: Tauros|57\/100
|
|turn|6
|choice||
|
|switch|p1a: Golem|Golem|100\/100
|move|p2a: Rhydon|Earthquake|p1a: Golem
|-supereffective|p1a: Golem
|-damage|p1a: Golem|36\/100
|
|turn|7
|choice||
|
|move|p1a: Golem|Earthquake|p2a: Rhydon
|-supereffective|p2a: Rhydon
|-damage|p2a: Rhydon|3\/100 par
|move|p2a: Rhydon|Earthquake|p1a: Golem
|-supereffective|p1a: Golem
|-damage|p1a: Golem|0 fnt
|faint|p1a: Golem
|choice||
|
|switch|p1a: Tauros|Tauros|57\/100
|turn|8
|choice||
|
|move|p1a: Tauros|Body Slam|p2a: Rhydon
|-resisted|p2a: Rhydon
|-damage|p2a: Rhydon|0 fnt
|faint|p2a: Rhydon
|choice||
|
|switch|p2a: Tauros|Tauros|100\/100
|turn|9
|choice||
|
|switch|p1a: Gengar|Gengar|100\/100
|move|p2a: Tauros|Hyper Beam|p1a: Gengar
|-immune|p1a: Gengar|[msg]
|
|turn|10
|choice||
|
|move|p1a: Gengar|Explosion|p2a: Tauros
|-damage|p2a: Tauros|38\/100
|faint|p1a: Gengar
|choice||
|
|switch|p1a: Jolteon|Jolteon|100\/100
|turn|11
|choice||
|
|move|p1a: Jolteon|Thunderbolt|p2a: Tauros
|-crit|p2a: Tauros
|-damage|p2a: Tauros|0 fnt
|faint|p2a: Tauros
|choice||
|
|switch|p2a: Snorlax|Snorlax|100\/100
|turn|12
|choice||
|
|switch|p1a: Tauros|Tauros|57\/100
|move|p2a: Snorlax|Earthquake|p1a: Tauros
|-damage|p1a: Tauros|33\/100
|
|turn|13
|choice||
|
|move|p1a: Tauros|Body Slam|p2a: Snorlax
|-damage|p2a: Snorlax|74\/100
|move|p2a: Snorlax|Hyper Beam|p1a: Tauros
|-damage|p1a: Tauros|0 fnt
|faint|p1a: Tauros
|choice||
|
|switch|p1a: Starmie|Starmie|100\/100
|turn|14
|choice||
|
|move|p1a: Starmie|Thunder Wave|p2a: Snorlax
|-status|p2a: Snorlax|par
|move|p2a: Snorlax|Double-Edge|p1a: Starmie
|-damage|p1a: Starmie|58\/100
|-damage|p2a: Snorlax|67\/100 par|[from] recoil|[of] p1a: Starmie
|
|turn|15
|choice||
|
|move|p1a: Starmie|Thunderbolt|p2a: Snorlax
|-damage|p2a: Snorlax|47\/100 par
|cant|p2a: Snorlax|par
|
|turn|16
|choice||
|
|move|p1a: Starmie|Thunderbolt|p2a: Snorlax
|-damage|p2a: Snorlax|30\/100 par
|move|p2a: Snorlax|Hyper Beam|p1a: Starmie|[miss]
|-miss|p2a: Snorlax
|
|turn|17
|choice||
|
|move|p1a: Starmie|Recover|p1a: Starmie
|-heal|p1a: Starmie|100\/100
|move|p2a: Snorlax|Hyper Beam|p1a: Starmie
|-damage|p1a: Starmie|37\/100
|
|turn|18
|-mustrecharge|p2a: Snorlax
|-mustrecharge|p2a: Snorlax
|choice||
|
|move|p1a: Starmie|Thunderbolt|p2a: Snorlax
|-crit|p2a: Snorlax
|-damage|p2a: Snorlax|0 fnt
|faint|p2a: Snorlax
|choice||
|
|switch|p2a: Starmie|Starmie|100\/100
|turn|19
|choice||
|
|switch|p1a: Jolteon|Jolteon|100\/100
|move|p2a: Starmie|Thunderbolt|p1a: Jolteon
|-crit|p1a: Jolteon
|-resisted|p1a: Jolteon
|-damage|p1a: Jolteon|80\/100
|
|turn|20
|choice||
|
|switch|p2a: Jolteon|Jolteon|100\/100
|move|p1a: Jolteon|Thunder Wave|p2a: Jolteon
|-status|p2a: Jolteon|par
|
|turn|21
|choice||
|
|move|p1a: Jolteon|Body Slam|p2a: Jolteon
|-damage|p2a: Jolteon|79\/100 par
|cant|p2a: Jolteon|par
|
|turn|22
|j|gendalure
|l|gendalure
|choice||
|
|move|p1a: Jolteon|Body Slam|p2a: Jolteon
|-damage|p2a: Jolteon|58\/100 par
|cant|p2a: Jolteon|par
|
|turn|23
|choice||
|
|move|p1a: Jolteon|Body Slam|p2a: Jolteon
|-damage|p2a: Jolteon|39\/100 par
|cant|p2a: Jolteon|par
|
|turn|24
|choice||
|
|move|p1a: Jolteon|Body Slam|p2a: Jolteon
|-damage|p2a: Jolteon|19\/100 par
|move|p2a: Jolteon|Thunder Wave|p1a: Jolteon
|-status|p1a: Jolteon|par
|
|turn|25
|choice||
|
|cant|p2a: Jolteon|par
|move|p1a: Jolteon|Body Slam|p2a: Jolteon
|-crit|p2a: Jolteon
|-damage|p2a: Jolteon|0 fnt
|faint|p2a: Jolteon
|choice||
|
|switch|p2a: Alakazam|Alakazam|100\/100 slp
|turn|26
|choice||
|
|cant|p2a: Alakazam|slp
|move|p1a: Jolteon|Pin Missile|p2a: Alakazam
|-supereffective|p2a: Alakazam
|-damage|p2a: Alakazam|92\/100 slp
|-damage|p2a: Alakazam|83\/100 slp
|-damage|p2a: Alakazam|74\/100 slp
|-hitcount|p2a: Alakazam|3
|
|turn|27
|choice||
|
|-curestatus|p2a: Alakazam|slp
|move|p1a: Jolteon|Pin Missile|p2a: Alakazam
|-supereffective|p2a: Alakazam
|-damage|p2a: Alakazam|65\/100
|-damage|p2a: Alakazam|56\/100
|-damage|p2a: Alakazam|47\/100
|-damage|p2a: Alakazam|38\/100
|-hitcount|p2a: Alakazam|4
|
|turn|28
|choice||
|
|switch|p1a: Starmie|Starmie|37\/100
|move|p2a: Alakazam|Reflect|p2a: Alakazam
|-start|p2a: Alakazam|Reflect
|
|turn|29
|choice||
|
|move|p2a: Alakazam|Recover|p2a: Alakazam
|-heal|p2a: Alakazam|88\/100
|move|p1a: Starmie|Recover|p1a: Starmie
|-heal|p1a: Starmie|87\/100
|
|turn|30
|choice||
|
|move|p2a: Alakazam|Thunder Wave|p1a: Starmie
|-status|p1a: Starmie|par
|move|p1a: Starmie|Thunderbolt|p2a: Alakazam
|-damage|p2a: Alakazam|69\/100
|
|turn|31
|choice||
|
|move|p2a: Alakazam|Psychic|p1a: Starmie
|-resisted|p1a: Starmie
|-damage|p1a: Starmie|68\/100 par
|cant|p1a: Starmie|par
|
|turn|32
|choice||
|
|move|p2a: Alakazam|Psychic|p1a: Starmie
|-crit|p1a: Starmie
|-resisted|p1a: Starmie
|-damage|p1a: Starmie|26\/100 par
|move|p1a: Starmie|Blizzard|p2a: Alakazam
|-damage|p2a: Alakazam|46\/100
|
|turn|33
|choice||
|
|switch|p1a: Jynx|Jynx|100\/100 par
|move|p2a: Alakazam|Psychic|p1a: Jynx
|-resisted|p1a: Jynx
|-damage|p1a: Jynx|80\/100 par
|-unboost|p1a: Jynx|spd|1
|-unboost|p1a: Jynx|spa|1
|
|turn|34
|choice||
|
|move|p2a: Alakazam|Recover|p2a: Alakazam
|-heal|p2a: Alakazam|96\/100
|move|p1a: Jynx|Lovely Kiss|p2a: Alakazam
|-status|p2a: Alakazam|slp
|
|turn|35
|choice||
|
|cant|p2a: Alakazam|slp
|move|p1a: Jynx|Mimic|p2a: Alakazam
|-start|p1a: Jynx|Mimic|Reflect
|
|turn|36
|choice||
|
|cant|p2a: Alakazam|slp
|move|p1a: Jynx|Blizzard|p2a: Alakazam
|-damage|p2a: Alakazam|72\/100 slp
|
|turn|37
|choice||
|
|cant|p2a: Alakazam|slp
|cant|p1a: Jynx|par
|
|turn|38
|choice||
|
|-curestatus|p2a: Alakazam|slp
|move|p1a: Jynx|Blizzard|p2a: Alakazam
|-damage|p2a: Alakazam|50\/100
|
|turn|39
|choice||
|
|move|p2a: Alakazam|Recover|p2a: Alakazam
|-heal|p2a: Alakazam|99\/100
|cant|p1a: Jynx|par
|
|turn|40
|choice||
|
|move|p2a: Alakazam|Psychic|p1a: Jynx
|-crit|p1a: Jynx
|-resisted|p1a: Jynx
|-damage|p1a: Jynx|42\/100 par
|cant|p1a: Jynx|par
|
|turn|41
|choice||
|
|move|p2a: Alakazam|Psychic|p1a: Jynx
|-resisted|p1a: Jynx
|-damage|p1a: Jynx|12\/100 par
|move|p1a: Jynx|Lovely Kiss|p2a: Alakazam
|-status|p2a: Alakazam|slp
|
|turn|42
|choice||
|
|switch|p1a: Jolteon|Jolteon|80\/100 par
|cant|p2a: Alakazam|slp
|
|turn|43
|choice||
|
|cant|p2a: Alakazam|slp
|cant|p1a: Jolteon|par
|
|turn|44
|choice||
|
|cant|p2a: Alakazam|slp
|move|p1a: Jolteon|Pin Missile|p2a: Alakazam|[miss]
|-miss|p1a: Jolteon
|
|turn|45
|choice||
|
|cant|p2a: Alakazam|slp
|move|p1a: Jolteon|Pin Missile|p2a: Alakazam
|-crit|p2a: Alakazam
|-supereffective|p2a: Alakazam
|-damage|p2a: Alakazam|84\/100 slp
|-damage|p2a: Alakazam|68\/100 slp
|-hitcount|p2a: Alakazam|2
|
|turn|46
|choice||
|
|-curestatus|p2a: Alakazam|slp
|move|p1a: Jolteon|Pin Missile|p2a: Alakazam
|-supereffective|p2a: Alakazam
|-damage|p2a: Alakazam|62\/100
|-damage|p2a: Alakazam|57\/100
|-hitcount|p2a: Alakazam|2
|
|turn|47
|choice||
|
|move|p2a: Alakazam|Psychic|p1a: Jolteon
|-damage|p1a: Jolteon|41\/100 par
|-unboost|p1a: Jolteon|spd|1
|-unboost|p1a: Jolteon|spa|1
|cant|p1a: Jolteon|par
|
|turn|48
|choice||
|
|switch|p1a: Starmie|Starmie|26\/100 par
|move|p2a: Alakazam|Psychic|p1a: Starmie
|-resisted|p1a: Starmie
|-damage|p1a: Starmie|6\/100 par
|-unboost|p1a: Starmie|spd|1
|-unboost|p1a: Starmie|spa|1
|
|turn|49
|choice||
|
|move|p2a: Alakazam|Psychic|p1a: Starmie
|-crit|p1a: Starmie
|-resisted|p1a: Starmie
|-damage|p1a: Starmie|0 fnt
|faint|p1a: Starmie
|choice||
|
|switch|p1a: Jynx|Jynx|12\/100 par
|turn|50
|choice||
|
|move|p2a: Alakazam|Psychic|p1a: Jynx
|-resisted|p1a: Jynx
|-damage|p1a: Jynx|0 fnt
|faint|p1a: Jynx
|choice||
|
|switch|p1a: Jolteon|Jolteon|41\/100 par
|turn|51
|c|★RPGfan2005|damn alakazam is broken
|choice||
|
|move|p2a: Alakazam|Psychic|p1a: Jolteon
|-damage|p1a: Jolteon|4\/100 par
|move|p1a: Jolteon|Thunder Wave|p2a: Alakazam
|-status|p2a: Alakazam|par
|
|turn|52
|choice||
|
|move|p1a: Jolteon|Pin Missile|p2a: Alakazam
|-supereffective|p2a: Alakazam
|-damage|p2a: Alakazam|51\/100 par
|-damage|p2a: Alakazam|46\/100 par
|-damage|p2a: Alakazam|40\/100 par
|-hitcount|p2a: Alakazam|3
|move|p2a: Alakazam|Psychic|p1a: Jolteon
|-damage|p1a: Jolteon|0 fnt
|faint|p1a: Jolteon
|
|win|RPGfan2005
|player|p1
|player|p2
|raw|SuperPokeunicorn's rating: 1175 &rarr; <strong>1143<\/strong><br \/>(-32 for losing)
|raw|RPGfan2005's rating: 1081 &rarr; <strong>1116<\/strong><br \/>(+35 for winning)
|c|★SuperPokeunicorn|gg