|j|Whoremaster
|j|Peasounay
|player|p1|Whoremaster|43
|player|p2|Peasounay|80
|gametype|singles
|gen|1
|tier|[Gen 1] OU
|rated
|seed|59272,50376,32162,32191
|rule|Sleep Clause Mod: Limit one foe put to sleep
|rule|Freeze Clause Mod: Limit one foe frozen
|rule|Species Clause: Limit one of each Pokémon
|rule|OHKO Clause: OHKO moves are banned
|rule|Evasion Moves Clause: Evasion moves are banned
|rule|HP Percentage Mod: HP is shown in percentages
|
|start
|switch|p1a: Alakazam|Alakazam|313\/313
|switch|p2a: WellIStallYourFace|Alakazam|313\/313
|turn|1
|c|★Whoremaster|we meet again
|c|★Peasounay|well gl h friend
|choice|switch 3|move 1
|
|switch|p1a: Chansey|Chansey|703\/703
|move|p2a: WellIStallYourFace|Thunder Wave|p1a: Chansey
|-status|p1a: Chansey|par
|
|turn|2
|c|★Whoremaster|u2 m8
|choice|move 1|move 2
|
|move|p2a: WellIStallYourFace|Psychic|p1a: Chansey
|-damage|p1a: Chansey|582\/703 par
|move|p1a: Chansey|Ice Beam|p2a: WellIStallYourFace
|-damage|p2a: WellIStallYourFace|247\/313
|-status|p2a: WellIStallYourFace|frz
|
|turn|3
|c|★Whoremaster|oo un luck
|choice|move 3|switch 3
|
|switch|p2a: Yo Momma|Snorlax|523\/523
|move|p1a: Chansey|Thunder Wave|p2a: Yo Momma
|-status|p2a: Yo Momma|par
|
|turn|4
|choice|switch 4|move 1
|
|switch|p1a: Cloyster|Cloyster|303\/303
|move|p2a: Yo Momma|Body Slam|p1a: Cloyster
|-damage|p1a: Cloyster|230\/303
|
|turn|5
|choice|move 2|switch 5
|
|switch|p2a: I Own RBY|Chansey|703\/703
|move|p1a: Cloyster|Blizzard|p2a: I Own RBY
|-damage|p2a: I Own RBY|584\/703
|
|turn|6
|choice|switch 3|move 3
|
|switch|p1a: Alakazam|Alakazam|313\/313
|move|p2a: I Own RBY|Thunder Wave|p1a: Alakazam
|-status|p1a: Alakazam|par
|
|turn|7
|choice|move 1|switch 5
|
|switch|p2a: Yo Momma|Snorlax|523\/523 par
|move|p1a: Alakazam|Psychic|p2a: Yo Momma
|-crit|p2a: Yo Momma
|-damage|p2a: Yo Momma|163\/523 par
|-unboost|p2a: Yo Momma|spd|1
|-unboost|p2a: Yo Momma|spa|1
|
|turn|8
|choice|move 1|switch 3
|
|switch|p2a: WellIStallYourFace|Alakazam|247\/313 frz
|move|p1a: Alakazam|Psychic|p2a: WellIStallYourFace
|-resisted|p2a: WellIStallYourFace
|-damage|p2a: WellIStallYourFace|197\/313 frz
|-unboost|p2a: WellIStallYourFace|spd|1
|-unboost|p2a: WellIStallYourFace|spa|1
|
|turn|9
|choice|move 1|switch 5
|
|switch|p2a: I Own RBY|Chansey|584\/703
|move|p1a: Alakazam|Psychic|p2a: I Own RBY
|-damage|p2a: I Own RBY|460\/703
|
|turn|10
|choice|move 1|move 1
|
|move|p2a: I Own RBY|Soft-Boiled|p2a: I Own RBY
|-heal|p2a: I Own RBY|703\/703
|move|p1a: Alakazam|Psychic|p2a: I Own RBY
|-damage|p2a: I Own RBY|586\/703
|
|turn|11
|choice|move 1|move 4
|
|move|p2a: I Own RBY|Thunderbolt|p1a: Alakazam
|-damage|p1a: Alakazam|253\/313 par
|move|p1a: Alakazam|Psychic|p2a: I Own RBY
|-damage|p2a: I Own RBY|465\/703
|
|turn|12
|choice|move 1|move 4
|
|move|p2a: I Own RBY|Thunderbolt|p1a: Alakazam
|-crit|p1a: Alakazam
|-damage|p1a: Alakazam|130\/313 par
|move|p1a: Alakazam|Psychic|p2a: I Own RBY
|-crit|p2a: I Own RBY
|-damage|p2a: I Own RBY|234\/703
|
|turn|13
|choice|move 1|move 1
|
|move|p2a: I Own RBY|Soft-Boiled|p2a: I Own RBY
|-heal|p2a: I Own RBY|585\/703
|move|p1a: Alakazam|Psychic|p2a: I Own RBY
|-damage|p2a: I Own RBY|457\/703
|
|turn|14
|choice|move 4|move 4
|
|move|p2a: I Own RBY|Thunderbolt|p1a: Alakazam
|-damage|p1a: Alakazam|72\/313 par
|move|p1a: Alakazam|Recover|p1a: Alakazam
|-heal|p1a: Alakazam|228\/313 par
|
|turn|15
|choice|move 3|move 4
|
|move|p2a: I Own RBY|Thunderbolt|p1a: Alakazam
|-damage|p1a: Alakazam|161\/313 par
|move|p1a: Alakazam|Reflect|p1a: Alakazam
|-start|p1a: Alakazam|Reflect
|
|turn|16
|choice|move 4|move 4
|
|move|p2a: I Own RBY|Thunderbolt|p1a: Alakazam
|-damage|p1a: Alakazam|97\/313 par
|move|p1a: Alakazam|Recover|p1a: Alakazam
|-heal|p1a: Alakazam|253\/313 par
|
|turn|17
|choice|move 2|move 4
|
|move|p2a: I Own RBY|Thunderbolt|p1a: Alakazam
|-damage|p1a: Alakazam|194\/313 par
|cant|p1a: Alakazam|par
|
|turn|18
|choice|move 2|move 4
|
|move|p2a: I Own RBY|Thunderbolt|p1a: Alakazam
|-damage|p1a: Alakazam|133\/313 par
|cant|p1a: Alakazam|par
|
|turn|19
|choice|move 4|switch 6
|
|switch|p2a: Internet King|Persian|333\/333
|move|p1a: Alakazam|Recover|p1a: Alakazam
|-heal|p1a: Alakazam|289\/313 par
|
|turn|20
|c|★Whoremaster|internet king lol thats an interesting name
|choice|move 2|switch 5
|
|switch|p2a: WellIStallYourFace|Alakazam|197\/313 frz
|move|p1a: Alakazam|Thunder Wave|p2a: WellIStallYourFace
|-fail|p2a: WellIStallYourFace
|
|turn|21
|choice|move 2|switch 6
|
|switch|p2a: I Own RBY|Chansey|457\/703
|move|p1a: Alakazam|Thunder Wave|p2a: I Own RBY
|-status|p2a: I Own RBY|par
|
|turn|22
|choice|move 1|move 1
|
|cant|p1a: Alakazam|par
|move|p2a: I Own RBY|Soft-Boiled|p2a: I Own RBY
|-heal|p2a: I Own RBY|703\/703 par
|
|turn|23
|c|★Peasounay|you get it ?
|c|★Whoremaster|i do not
|c|★Peasounay|it's a cat :^p
|c|★Whoremaster|still not seeing the connection lol
|c|★Peasounay|well
|choice|switch 4|move 4
|
|switch|p1a: Chansey|Chansey|582\/703 par
|move|p2a: I Own RBY|Thunderbolt|p1a: Chansey
|-damage|p1a: Chansey|504\/703 par
|
|turn|24
|c|★Peasounay|internet is the kingdom for cats
|c|★Whoremaster|oh i see
|choice|move 4|switch 3
|
|switch|p2a: Yo Momma|Snorlax|163\/523 par
|cant|p1a: Chansey|par
|
|turn|25
|choice|switch 3|move 4
|
|switch|p1a: Cloyster|Cloyster|230\/303
|move|p2a: Yo Momma|Self-Destruct|p1a: Cloyster
|-damage|p1a: Cloyster|32\/303
|faint|p2a: Yo Momma
|choice||switch 5
|
|switch|p2a: Internet King|Persian|333\/333
|turn|26
|c|★Whoremaster|not sure how to deal with this little guy
|c|★Whoremaster|he shreds teams up lol
|c|★Peasounay|gotta love him
|choice|switch 3|move 1
|
|switch|p1a: Chansey|Chansey|504\/703 par
|move|p2a: Internet King|Slash|p1a: Chansey
|-crit|p1a: Chansey
|-damage|p1a: Chansey|177\/703 par
|
|turn|27
|c|★Whoremaster|he def not gunna live thru that next one lol
|c|★Whoremaster|whats a good counter v him lol
|c|★Peasounay|physical tank
|c|★Whoremaster|rip
|choice|switch 2|move 1
|
|switch|p1a: Exeggutor|Exeggutor|393\/393
|move|p2a: Internet King|Slash|p1a: Exeggutor
|-crit|p1a: Exeggutor
|-damage|p1a: Exeggutor|245\/393
|
|turn|28
|c|★Peasounay|yup that works lol
|choice|move 2|switch 3
|
|switch|p2a: I Own RBY|Chansey|703\/703 par
|move|p1a: Exeggutor|Psychic|p2a: I Own RBY
|-damage|p2a: I Own RBY|593\/703 par
|
|turn|29
|choice|switch 2|move 2
|
|switch|p1a: Chansey|Chansey|177\/703 par
|move|p2a: I Own RBY|Ice Beam|p1a: Chansey
|-damage|p1a: Chansey|108\/703 par
|
|turn|30
|choice|move 4|switch 4
|
|switch|p2a: I'm God|Tauros|353\/353
|move|p1a: Chansey|Soft-Boiled|p1a: Chansey
|-heal|p1a: Chansey|459\/703 par
|
|turn|31
|choice|switch 5|move 3
|
|switch|p1a: Golem|Golem|363\/363
|move|p2a: I'm God|Hyper Beam|p1a: Golem
|-resisted|p1a: Golem
|-damage|p1a: Golem|296\/363
|
|turn|32
|-mustrecharge|p2a: I'm God
|-mustrecharge|p2a: I'm God
|choice|move 2|move 1
|
|cant|p2a: I'm God|recharge
|move|p1a: Golem|Earthquake|p2a: I'm God
|-damage|p2a: I'm God|215\/353
|
|turn|33
|choice|move 2|switch 2
|
|switch|p2a: Wear Candoms Kid|Exeggutor|393\/393
|move|p1a: Golem|Earthquake|p2a: Wear Candoms Kid
|-resisted|p2a: Wear Candoms Kid
|-damage|p2a: Wear Candoms Kid|322\/393
|
|turn|34
|choice|switch 2|move 2
|
|switch|p1a: Exeggutor|Exeggutor|245\/393
|move|p2a: Wear Candoms Kid|Psychic|p1a: Exeggutor
|-resisted|p1a: Exeggutor
|-damage|p1a: Exeggutor|191\/393
|-unboost|p1a: Exeggutor|spd|1
|-unboost|p1a: Exeggutor|spa|1
|
|turn|35
|choice|move 1|switch 4
|
|switch|p2a: I Own RBY|Chansey|593\/703 par
|move|p1a: Exeggutor|Sleep Powder|p2a: I Own RBY
|-fail|p2a: I Own RBY
|
|turn|36
|choice|switch 5|switch 6
|
|switch|p1a: Chansey|Chansey|459\/703 par
|switch|p2a: WellIStallYourFace|Alakazam|197\/313 frz
|
|turn|37
|choice|move 3|switch 6
|
|switch|p2a: I Own RBY|Chansey|593\/703 par
|move|p1a: Chansey|Thunder Wave|p2a: I Own RBY
|-fail|p2a: I Own RBY|par
|
|turn|38
|choice|move 4|move 4
|
|move|p1a: Chansey|Soft-Boiled|p1a: Chansey
|-heal|p1a: Chansey|703\/703 par
|cant|p2a: I Own RBY|par
|
|turn|39
|choice|move 2|move 2
|
|cant|p2a: I Own RBY|par
|move|p1a: Chansey|Thunderbolt|p2a: I Own RBY
|-damage|p2a: I Own RBY|519\/703 par
|
|turn|40
|choice|move 1|move 2
|
|move|p2a: I Own RBY|Ice Beam|p1a: Chansey
|-damage|p1a: Chansey|633\/703 par
|move|p1a: Chansey|Ice Beam|p2a: I Own RBY
|-damage|p2a: I Own RBY|440\/703 par
|
|turn|41
|choice|move 2|move 1
|
|move|p1a: Chansey|Thunderbolt|p2a: I Own RBY
|-damage|p2a: I Own RBY|369\/703 par
|move|p2a: I Own RBY|Soft-Boiled|p2a: I Own RBY
|-heal|p2a: I Own RBY|703\/703 par
|
|turn|42
|choice|move 2|move 2
|
|move|p2a: I Own RBY|Ice Beam|p1a: Chansey
|-damage|p1a: Chansey|558\/703 par
|move|p1a: Chansey|Thunderbolt|p2a: I Own RBY
|-damage|p2a: I Own RBY|627\/703 par
|
|turn|43
|choice|move 2|move 2
|
|move|p1a: Chansey|Thunderbolt|p2a: I Own RBY
|-damage|p2a: I Own RBY|554\/703 par
|move|p2a: I Own RBY|Ice Beam|p1a: Chansey
|-damage|p1a: Chansey|484\/703 par
|
|turn|44
|choice|move 1|move 2
|
|move|p1a: Chansey|Ice Beam|p2a: I Own RBY
|-damage|p2a: I Own RBY|473\/703 par
|move|p2a: I Own RBY|Ice Beam|p1a: Chansey
|-damage|p1a: Chansey|406\/703 par
|
|turn|45
|choice|move 3|switch 2
|
|switch|p2a: I'm God|Tauros|215\/353
|cant|p1a: Chansey|par
|
|turn|46
|c|★Whoremaster|that was a twave lol
|c|★Peasounay|sorru
|c|★Peasounay|sorry
|c|★Whoremaster|hmhmhmhmmhmh
|choice|move 3|move 1
|
|move|p2a: I'm God|Blizzard|p1a: Chansey
|-damage|p1a: Chansey|338\/703 par
|move|p1a: Chansey|Thunder Wave|p2a: I'm God
|-status|p2a: I'm God|par
|
|turn|47
|c|★Peasounay|:(
|c|★Whoremaster|got ya
|choice|move 4|move 1
|
|move|p2a: I'm God|Blizzard|p1a: Chansey|[miss]
|-miss|p2a: I'm God
|move|p1a: Chansey|Soft-Boiled|p1a: Chansey
|-heal|p1a: Chansey|689\/703 par
|
|turn|48
|choice|move 1|move 2
|
|move|p2a: I'm God|Body Slam|p1a: Chansey
|-damage|p1a: Chansey|403\/703 par
|move|p1a: Chansey|Ice Beam|p2a: I'm God
|-damage|p2a: I'm God|125\/353 par
|
|turn|49
|choice|switch 2|move 1
|
|switch|p1a: Golem|Golem|296\/363
|cant|p2a: I'm God|par
|
|turn|50
|c|★Peasounay|fghizffyhu
|c|★Peasounay|blizzard"d
|choice|move 2|switch 4
|
|switch|p2a: Wear Candoms Kid|Exeggutor|322\/393
|move|p1a: Golem|Earthquake|p2a: Wear Candoms Kid
|-resisted|p2a: Wear Candoms Kid
|-damage|p2a: Wear Candoms Kid|259\/393
|
|turn|51
|c|★Whoremaster|was a blizzard? nice
|choice|switch 2|switch 4
|
|switch|p2a: I'm God|Tauros|125\/353 par
|switch|p1a: Chansey|Chansey|403\/703 par
|
|turn|52
|choice|move 4|move 3
|
|cant|p2a: I'm God|par
|cant|p1a: Chansey|par
|
|turn|53
|choice|move 1|move 3
|
|move|p2a: I'm God|Hyper Beam|p1a: Chansey
|-damage|p1a: Chansey|0 fnt
|faint|p1a: Chansey
|c|★Whoremaster|:(
|choice|switch 6|
|
|switch|p1a: Tauros|Tauros|353\/353
|turn|54
|choice|move 1|switch 4
|
|switch|p2a: Wear Candoms Kid|Exeggutor|259\/393
|move|p1a: Tauros|Body Slam|p2a: Wear Candoms Kid
|-damage|p2a: Wear Candoms Kid|156\/393
|
|turn|55
|choice|move 4|switch 6
|
|switch|p2a: WellIStallYourFace|Alakazam|197\/313 frz
|move|p1a: Tauros|Hyper Beam|p2a: WellIStallYourFace
|-damage|p2a: WellIStallYourFace|0 fnt
|faint|p2a: WellIStallYourFace
|choice||switch 3
|
|switch|p2a: Internet King|Persian|333\/333
|turn|56
|c|★Whoremaster|oh noe
|c|★Whoremaster|its the king
|choice|move 1|move 1
|
|move|p2a: Internet King|Slash|p1a: Tauros
|-crit|p1a: Tauros
|-damage|p1a: Tauros|229\/353
|move|p1a: Tauros|Body Slam|p2a: Internet King
|-crit|p2a: Internet King
|-damage|p2a: Internet King|86\/333
|
|turn|57
|c|★Peasounay|haha yea it is
|choice|move 1|move 2
|
|move|p2a: Internet King|Hyper Beam|p1a: Tauros|[miss]
|-miss|p2a: Internet King
|move|p1a: Tauros|Body Slam|p2a: Internet King
|-damage|p2a: Internet King|0 fnt
|faint|p2a: Internet King
|c|★Whoremaster|think he lost his crown
|c|★Peasounay|he may have lost it yeah
|choice||switch 2
|
|switch|p2a: I Own RBY|Chansey|473\/703 par
|turn|58
|choice|switch 5|move 3
|
|switch|p1a: Exeggutor|Exeggutor|191\/393
|cant|p2a: I Own RBY|par
|
|turn|59
|c|★Peasounay|you got it lol
|c|★Whoremaster|got what
|c|★Peasounay|the game
|c|★Whoremaster|i hope so lol i dont want to fuck it up
|choice|move 4|switch 4
|
|switch|p2a: I'm God|Tauros|125\/353 par
|move|p1a: Exeggutor|Explosion|p2a: I'm God
|-damage|p2a: I'm God|0 fnt
|faint|p2a: I'm God
|faint|p1a: Exeggutor
|choice|switch 3|switch 4
|
|switch|p1a: Cloyster|Cloyster|32\/303
|switch|p2a: I Own RBY|Chansey|473\/703 par
|turn|60
|choice|move 2|move 4
|
|move|p1a: Cloyster|Blizzard|p2a: I Own RBY
|-damage|p2a: I Own RBY|347\/703 par
|cant|p2a: I Own RBY|par
|
|turn|61
|choice|move 4|move 1
|
|move|p1a: Cloyster|Explosion|p2a: I Own RBY
|-crit|p2a: I Own RBY
|-damage|p2a: I Own RBY|0 fnt
|faint|p2a: I Own RBY
|faint|p1a: Cloyster
|c|★Whoremaster|t bolt?
|c|★Peasounay|yes
|c|★Whoremaster|:(
|c|★Peasounay|but as this point it didn't matter rly
|c|★Peasounay|at*
|choice|switch 2|switch 6
|
|switch|p2a: Wear Candoms Kid|Exeggutor|156\/393
|switch|p1a: Golem|Golem|296\/363
|turn|62
|choice|move 4|move 1
|
|move|p2a: Wear Candoms Kid|Sleep Powder|p1a: Golem
|-status|p1a: Golem|slp
|cant|p1a: Golem|slp
|
|turn|63
|choice|switch 5|move 2
|
|switch|p1a: Tauros|Tauros|229\/353
|move|p2a: Wear Candoms Kid|Psychic|p1a: Tauros
|-damage|p1a: Tauros|61\/353
|
|turn|64
|choice|move 4|move 2
|
|move|p1a: Tauros|Hyper Beam|p2a: Wear Candoms Kid
|-damage|p2a: Wear Candoms Kid|0 fnt
|faint|p2a: Wear Candoms Kid
|
|win|Whoremaster
|player|p1
|player|p2
|c|★Whoremaster|gg
|raw|Whoremaster's rating: 1356 &rarr; <strong>1386<\/strong><br \/>(+30 for winning)
|raw|Peasounay's rating: 1556 &rarr; <strong>1526<\/strong><br \/>(-30 for losing)
|c|★Peasounay|gg
|c|★Whoremaster|was tough for me
|c|★Peasounay|ya got lots of points
|c|★Whoremaster|??
|c|★Peasounay|you*
|c|★Whoremaster|oh 30 yea
|c|★Whoremaster|lol i hate losing and losing like 68 points
|c|★Peasounay|yea well imagine
|c|★Peasounay|when i have 15xx points
|c|★Peasounay|i win 6 or 7
|c|★Peasounay|and lose 30 or 40 lmao
|c|★Whoremaster|dunno how you maintain it
|c|★Whoremaster|must just be a beast
|c|★Peasounay|players aren't that good
|c|★Peasounay|that's the secret hahaha
|c|★Whoremaster|hmm
|l|Peasounay