|j|Reverb
|j|Mandelbrot
|player|p1|Reverb|#reverb
|player|p2|Mandelbrot|101
|gametype|singles
|gen|1
|tier|[Gen 1] OU
|rated
|seed|63033,29515,20471,1498
|rule|Sleep Clause Mod: Limit one foe put to sleep
|rule|Freeze Clause Mod: Limit one foe frozen
|rule|Species Clause: Limit one of each Pokémon
|rule|OHKO Clause: OHKO moves are banned
|rule|Evasion Moves Clause: Evasion moves are banned
|rule|HP Percentage Mod: HP is shown in percentages
|
|start
|switch|p1a: Jynx|Jynx|333\/333
|switch|p2a: Steve|Exeggutor|393\/393
|turn|1
|c|★Reverb|hf
|choice|move 1|move 1
|
|move|p1a: Jynx|Lovely Kiss|p2a: Steve
|-status|p2a: Steve|slp
|cant|p2a: Steve|slp
|
|turn|2
|c|★Mandelbrot|you too dawg
|choice|move 2|switch 2
|
|switch|p2a: Karlos|Lapras|463\/463
|move|p1a: Jynx|Blizzard|p2a: Karlos
|-resisted|p2a: Karlos
|-damage|p2a: Karlos|427\/463
|
|turn|3
|j|Kgurufufmfjfi
|choice|switch 4|move 2
|
|switch|p1a: Chansey|Chansey|703\/703
|move|p2a: Karlos|Confuse Ray|p1a: Chansey
|-start|p1a: Chansey|confusion
|
|turn|4
|choice|move 1|switch 6
|
|switch|p2a: James|Snorlax|523\/523
|-activate|p1a: Chansey|confusion
|move|p1a: Chansey|Thunder Wave|p2a: James
|-status|p2a: James|par
|
|turn|5
|choice|switch 3|move 1
|
|switch|p1a: Snorlax|Snorlax|523\/523
|move|p2a: James|Amnesia|p2a: James
|-boost|p2a: James|spd|2
|-boost|p2a: James|spa|2
|
|turn|6
|choice|move 1|move 2
|
|move|p1a: Snorlax|Body Slam|p2a: James
|-damage|p2a: James|389\/523 par
|cant|p2a: James|par
|
|turn|7
|choice|move 1|move 2
|
|move|p1a: Snorlax|Body Slam|p2a: James
|-damage|p2a: James|254\/523 par
|move|p2a: James|Reflect|p2a: James
|-start|p2a: James|Reflect
|
|turn|8
|choice|move 4|move 3
|
|move|p1a: Snorlax|Self-Destruct|p2a: James
|-damage|p2a: James|33\/523 par
|faint|p1a: Snorlax
|choice|switch 6|
|
|switch|p1a: Persian|Persian|333\/333
|turn|9
|choice|move 1|move 3
|
|move|p1a: Persian|Slash|p2a: James
|-crit|p2a: James
|-damage|p2a: James|0 fnt
|faint|p2a: James
|choice||switch 6
|
|switch|p2a: Karlos|Lapras|427\/463
|turn|10
|choice|switch 3|move 2
|
|switch|p1a: Chansey|Chansey|703\/703
|move|p2a: Karlos|Confuse Ray|p1a: Chansey
|-start|p1a: Chansey|confusion
|
|turn|11
|choice|move 1|move 1
|
|move|p2a: Karlos|Ice Beam|p1a: Chansey
|-damage|p1a: Chansey|602\/703
|-activate|p1a: Chansey|confusion
|move|p1a: Chansey|Thunder Wave|p2a: Karlos
|-status|p2a: Karlos|par
|
|turn|12
|choice|move 3|move 1
|
|-end|p1a: Chansey|confusion
|move|p1a: Chansey|Thunderbolt|p2a: Karlos
|-supereffective|p2a: Karlos
|-damage|p2a: Karlos|258\/463 par
|cant|p2a: Karlos|par
|
|turn|13
|choice|move 3|move 2
|
|move|p1a: Chansey|Thunderbolt|p2a: Karlos
|-supereffective|p2a: Karlos
|-damage|p2a: Karlos|104\/463 par
|move|p2a: Karlos|Confuse Ray|p1a: Chansey
|-start|p1a: Chansey|confusion
|
|turn|14
|choice|switch 3|move 1
|
|switch|p1a: Persian|Persian|333\/333
|move|p2a: Karlos|Ice Beam|p1a: Persian
|-damage|p1a: Persian|200\/333
|
|turn|15
|choice|move 1|switch 5
|
|switch|p2a: Beverly|Golem|363\/363
|move|p1a: Persian|Slash|p2a: Beverly
|-crit|p2a: Beverly
|-resisted|p2a: Beverly
|-damage|p2a: Beverly|308\/363
|
|turn|16
|c|★Reverb|LOL
|c|★Reverb|beverly the golem
|choice|move 3|move 2
|
|move|p1a: Persian|Bubble Beam|p2a: Beverly
|-supereffective|p2a: Beverly
|-damage|p2a: Beverly|71\/363
|move|p2a: Beverly|Earthquake|p1a: Persian
|-damage|p1a: Persian|17\/333
|
|turn|17
|c|★Mandelbrot|I know I love it.
|choice|move 3|move 2
|
|move|p1a: Persian|Bubble Beam|p2a: Beverly
|-supereffective|p2a: Beverly
|-damage|p2a: Beverly|0 fnt
|faint|p2a: Beverly
|choice||switch 4
|
|switch|p2a: Jian-Ping|Persian|333\/333
|turn|18
|choice|move 2|move 1
|
|move|p1a: Persian|Hyper Beam|p2a: Jian-Ping
|-damage|p2a: Jian-Ping|142\/333
|move|p2a: Jian-Ping|Slash|p1a: Persian
|-crit|p1a: Persian
|-damage|p1a: Persian|0 fnt
|faint|p1a: Persian
|choice|switch 2|
|
|switch|p1a: Exeggutor|Exeggutor|393\/393
|turn|19
|choice|move 3|switch 2
|
|switch|p2a: Steve|Exeggutor|393\/393 slp
|move|p1a: Exeggutor|Psychic|p2a: Steve
|-resisted|p2a: Steve
|-damage|p2a: Steve|338\/393 slp
|
|turn|20
|choice|switch 4|move 1
|
|switch|p1a: Jynx|Jynx|333\/333
|cant|p2a: Steve|slp
|
|turn|21
|choice|move 2|switch 5
|
|switch|p2a: Karlos|Lapras|104\/463 par
|move|p1a: Jynx|Blizzard|p2a: Karlos|[miss]
|-miss|p1a: Jynx
|
|turn|22
|choice|move 3|move 1
|
|move|p1a: Jynx|Psychic|p2a: Karlos
|-crit|p2a: Karlos
|-damage|p2a: Karlos|0 fnt
|faint|p2a: Karlos
|choice||switch 3
|
|switch|p2a: Erika|Tauros|353\/353
|turn|23
|choice|switch 4|move 1
|
|switch|p1a: Exeggutor|Exeggutor|393\/393
|move|p2a: Erika|Body Slam|p1a: Exeggutor
|-damage|p1a: Exeggutor|287\/393
|
|turn|24
|choice|move 2|switch 5
|
|switch|p2a: Steve|Exeggutor|338\/393 slp
|move|p1a: Exeggutor|Stun Spore|p2a: Steve
|-fail|p2a: Steve
|
|turn|25
|choice|switch 5|move 1
|
|switch|p1a: Tauros|Tauros|353\/353
|cant|p2a: Steve|slp
|
|turn|26
|choice|move 1|move 1
|
|move|p1a: Tauros|Body Slam|p2a: Steve
|-crit|p2a: Steve
|-damage|p2a: Steve|138\/393 slp
|cant|p2a: Steve|slp
|
|turn|27
|choice|move 1|move 1
|
|move|p1a: Tauros|Body Slam|p2a: Steve
|-damage|p2a: Steve|32\/393 slp
|cant|p2a: Steve|slp
|
|turn|28
|choice|move 1|move 1
|
|move|p1a: Tauros|Body Slam|p2a: Steve
|-crit|p2a: Steve
|-damage|p2a: Steve|0 fnt
|faint|p2a: Steve
|choice||switch 5
|
|switch|p2a: Erika|Tauros|353\/353
|turn|29
|choice|switch 5|move 1
|
|switch|p1a: Exeggutor|Exeggutor|287\/393
|move|p2a: Erika|Body Slam|p1a: Exeggutor
|-damage|p1a: Exeggutor|185\/393
|
|turn|30
|choice|move 4|move 2
|
|move|p2a: Erika|Hyper Beam|p1a: Exeggutor
|-damage|p1a: Exeggutor|0 fnt
|faint|p1a: Exeggutor
|c|★Reverb|nb
|choice|switch 3|
|
|switch|p1a: Chansey|Chansey|602\/703
|turn|31
|choice|move 1|move 1
|
|move|p2a: Erika|Body Slam|p1a: Chansey
|-damage|p1a: Chansey|318\/703
|move|p1a: Chansey|Thunder Wave|p2a: Erika
|-status|p2a: Erika|par
|
|turn|32
|choice|move 4|move 1
|
|move|p1a: Chansey|Soft-Boiled|p1a: Chansey
|-heal|p1a: Chansey|669\/703
|move|p2a: Erika|Body Slam|p1a: Chansey
|-damage|p1a: Chansey|385\/703
|
|turn|33
|choice|move 4|move 4
|
|move|p1a: Chansey|Soft-Boiled|p1a: Chansey
|-heal|p1a: Chansey|703\/703
|cant|p2a: Erika|par
|
|turn|34
|choice|move 2|move 4
|
|move|p1a: Chansey|Ice Beam|p2a: Erika
|-crit|p2a: Erika
|-damage|p2a: Erika|172\/353 par
|move|p2a: Erika|Blizzard|p1a: Chansey
|-damage|p1a: Chansey|636\/703
|
|turn|35
|choice|move 2|move 4
|
|move|p1a: Chansey|Ice Beam|p2a: Erika
|-damage|p2a: Erika|68\/353 par
|move|p2a: Erika|Blizzard|p1a: Chansey
|-crit|p1a: Chansey
|-damage|p1a: Chansey|490\/703
|
|turn|36
|choice|move 4|move 2
|
|move|p1a: Chansey|Soft-Boiled|p1a: Chansey
|-heal|p1a: Chansey|703\/703
|cant|p2a: Erika|par
|
|turn|37
|choice|move 2|move 4
|
|move|p1a: Chansey|Ice Beam|p2a: Erika
|-damage|p2a: Erika|0 fnt
|faint|p2a: Erika
|choice||switch 2
|
|switch|p2a: Jian-Ping|Persian|142\/333
|turn|38
|choice|move 1|move 1
|
|move|p2a: Jian-Ping|Slash|p1a: Chansey
|-crit|p1a: Chansey
|-damage|p1a: Chansey|370\/703
|move|p1a: Chansey|Thunder Wave|p2a: Jian-Ping
|-status|p2a: Jian-Ping|par
|
|turn|39
|choice|move 2|move 2
|
|move|p1a: Chansey|Ice Beam|p2a: Jian-Ping
|-damage|p2a: Jian-Ping|38\/333 par
|move|p2a: Jian-Ping|Hyper Beam|p1a: Chansey
|-damage|p1a: Chansey|0 fnt
|faint|p1a: Chansey
|choice|switch 5|
|
|switch|p1a: Tauros|Tauros|353\/353
|turn|40
|c|★Reverb|gg
|choice|move 1|move 2
|
|move|p1a: Tauros|Body Slam|p2a: Jian-Ping
|-damage|p2a: Jian-Ping|0 fnt
|faint|p2a: Jian-Ping
|
|win|Reverb
|player|p1
|player|p2
|raw|Reverb's rating: 1421 &rarr; <strong>1436<\/strong><br \/>(+15 for winning)
|raw|Mandelbrot's rating: 1332 &rarr; <strong>1317<\/strong><br \/>(-15 for losing)