|join|bpizzizzle
|join|serbafer
|player|p1|bpizzizzle|252
|player|p2|serbafer|165
|gametype|singles
|gen|1
|tier|[Gen 1] Random Battle
|rated
|rule|Sleep Clause Mod: Limit one foe put to sleep
|rule|Freeze Clause Mod: Limit one foe frozen
|rule|HP Percentage Mod: HP is shown in percentages
|
|start
|switch|p1a: Pidgeotto|Pidgeotto, L85|281\/281
|switch|p2a: Farfetch'd|Farfetch'd, L99|304\/304
|turn|1
|
|move|p2a: Farfetch'd|Substitute|p2a: Farfetch'd
|-start|p2a: Farfetch'd|Substitute
|-damage|p2a: Farfetch'd|228\/304
|move|p1a: Pidgeotto|Double-Edge|p2a: Farfetch'd
|-end|p2a: Farfetch'd|Substitute
|-damage|p1a: Pidgeotto|262\/281|[from] recoil|[of] p2a: Farfetch'd
|
|turn|2
|
|move|p2a: Farfetch'd|Swords Dance|p2a: Farfetch'd
|-boost|p2a: Farfetch'd|atk|2
|move|p1a: Pidgeotto|Double-Edge|p2a: Farfetch'd
|-damage|p2a: Farfetch'd|141\/304
|-damage|p1a: Pidgeotto|241\/281|[from] recoil|[of] p2a: Farfetch'd
|
|turn|3
|
|move|p2a: Farfetch'd|Slash|p1a: Pidgeotto
|-crit|p1a: Pidgeotto
|-damage|p1a: Pidgeotto|26\/281
|move|p1a: Pidgeotto|Double-Edge|p2a: Farfetch'd
|-damage|p2a: Farfetch'd|46\/304
|-damage|p1a: Pidgeotto|3\/281|[from] recoil|[of] p2a: Farfetch'd
|
|turn|4
|
|move|p2a: Farfetch'd|Slash|p1a: Pidgeotto
|-crit|p1a: Pidgeotto
|-damage|p1a: Pidgeotto|0 fnt
|faint|p1a: Pidgeotto
|
|switch|p1a: Golbat|Golbat, L85|301\/301
|turn|5
|
|move|p1a: Golbat|Double-Edge|p2a: Farfetch'd
|-damage|p2a: Farfetch'd|0 fnt
|-damage|p1a: Golbat|290\/301|[from] recoil|[of] p2a: Farfetch'd
|faint|p2a: Farfetch'd
|
|switch|p2a: Aerodactyl|Aerodactyl, L85|310\/310
|turn|6
|
|move|p2a: Aerodactyl|Double-Edge|p1a: Golbat
|-damage|p1a: Golbat|198\/301
|-damage|p2a: Aerodactyl|287\/310|[from] recoil|[of] p1a: Golbat
|move|p1a: Golbat|Screech|p2a: Aerodactyl
|-unboost|p2a: Aerodactyl|def|2
|
|turn|7
|
|move|p2a: Aerodactyl|Double-Edge|p1a: Golbat
|-damage|p1a: Golbat|106\/301
|-damage|p2a: Aerodactyl|264\/310|[from] recoil|[of] p1a: Golbat
|move|p1a: Golbat|Mega Drain|p2a: Aerodactyl
|-damage|p2a: Aerodactyl|235\/310
|-heal|p1a: Golbat|120\/301|[from] drain|[of] p2a: Aerodactyl
|
|turn|8
|
|move|p2a: Aerodactyl|Double-Edge|p1a: Golbat
|-damage|p1a: Golbat|39\/301
|-damage|p2a: Aerodactyl|215\/310|[from] recoil|[of] p1a: Golbat
|move|p1a: Golbat|Hyper Beam|p2a: Aerodactyl
|-resisted|p2a: Aerodactyl
|-damage|p2a: Aerodactyl|111\/310
|
|turn|9
|
|move|p2a: Aerodactyl|Reflect|p2a: Aerodactyl
|cant|p1a: Golbat|recharge
|
|turn|10
|
|move|p2a: Aerodactyl|Hyper Beam|p1a: Golbat
|-damage|p1a: Golbat|0 fnt
|faint|p1a: Golbat
|
|switch|p1a: Nidorina|Nidorina, L90|309\/309
|turn|11
|
|move|p2a: Aerodactyl|Hyper Beam|p1a: Nidorina
|-damage|p1a: Nidorina|175\/309
|move|p1a: Nidorina|Thunderbolt|p2a: Aerodactyl
|-supereffective|p2a: Aerodactyl
|-damage|p2a: Aerodactyl|0 fnt
|faint|p2a: Aerodactyl
|
|switch|p2a: Flareon|Flareon, L85|284\/284
|turn|12
|
|move|p2a: Flareon|Fire Blast|p1a: Nidorina
|-crit|p1a: Nidorina
|-damage|p1a: Nidorina|0 fnt
|faint|p1a: Nidorina
|
|switch|p1a: Dragonair|Dragonair, L85|277\/277
|turn|13
|
|move|p1a: Dragonair|Thunder Wave|p2a: Flareon
|-status|p2a: Flareon|par
|cant|p2a: Flareon|par
|
|turn|14
|
|move|p1a: Dragonair|Ice Beam|p2a: Flareon
|-damage|p2a: Flareon|236\/284 par
|move|p2a: Flareon|Body Slam|p1a: Dragonair
|-damage|p1a: Dragonair|187\/277
|
|turn|15
|
|move|p1a: Dragonair|Ice Beam|p2a: Flareon
|-damage|p2a: Flareon|189\/284 par
|cant|p2a: Flareon|par
|
|turn|16
|
|move|p1a: Dragonair|Blizzard|p2a: Flareon
|-damage|p2a: Flareon|133\/284 par
|move|p2a: Flareon|Body Slam|p1a: Dragonair
|-damage|p1a: Dragonair|103\/277
|
|turn|17
|
|move|p1a: Dragonair|Ice Beam|p2a: Flareon
|-damage|p2a: Flareon|86\/284 par
|cant|p2a: Flareon|par
|
|turn|18
|
|move|p1a: Dragonair|Ice Beam|p2a: Flareon
|-damage|p2a: Flareon|36\/284 par
|cant|p2a: Flareon|par
|
|turn|19
|
|cant|p2a: Flareon|par
|move|p1a: Dragonair|Ice Beam|p2a: Flareon
|-damage|p2a: Flareon|0 fnt
|faint|p2a: Flareon
|c|★serbafer|venga ya
|c|★serbafer|siempre paralizado xd
|
|switch|p2a: Ninetales|Ninetales, L85|298\/298
|turn|20
|
|move|p2a: Ninetales|Confuse Ray|p1a: Dragonair
|-start|p1a: Dragonair|confusion
|-activate|p1a: Dragonair|confusion
|move|p1a: Dragonair|Thunder Wave|p2a: Ninetales
|-status|p2a: Ninetales|par
|
|turn|21
|
|-activate|p1a: Dragonair|confusion
|move|p1a: Dragonair|Ice Beam|p2a: Ninetales
|-damage|p2a: Ninetales|250\/298 par
|cant|p2a: Ninetales|par
|
|turn|22
|
|-activate|p1a: Dragonair|confusion
|-damage|p1a: Dragonair|68\/277|[from] confusion
|cant|p2a: Ninetales|par
|
|turn|23
|
|-end|p1a: Dragonair|confusion
|move|p1a: Dragonair|Ice Beam|p2a: Ninetales
|-damage|p2a: Ninetales|198\/298 par
|move|p2a: Ninetales|Body Slam|p1a: Dragonair
|-damage|p1a: Dragonair|1\/277
|-status|p1a: Dragonair|par
|
|turn|24
|
|move|p2a: Ninetales|Body Slam|p1a: Dragonair
|-damage|p1a: Dragonair|0 fnt
|faint|p1a: Dragonair
|
|switch|p1a: Snorlax|Snorlax, L79|415\/415
|turn|25
|
|move|p1a: Snorlax|Body Slam|p2a: Ninetales
|-damage|p2a: Ninetales|104\/298 par
|move|p2a: Ninetales|Toxic|p1a: Snorlax
|-status|p1a: Snorlax|tox
|
|turn|26
|
|move|p1a: Snorlax|Body Slam|p2a: Ninetales
|-crit|p2a: Ninetales
|-damage|p2a: Ninetales|0 fnt
|faint|p2a: Ninetales
|
|switch|p2a: Porygon|Porygon, L85|284\/284
|turn|27
|
|move|p2a: Porygon|Psychic|p1a: Snorlax
|-damage|p1a: Snorlax|349\/415 tox
|move|p1a: Snorlax|Body Slam|p2a: Porygon
|-damage|p2a: Porygon|183\/284
|-damage|p1a: Snorlax|324\/415 tox|[from] tox|[of] p2a: Porygon
|
|turn|28
|
|move|p2a: Porygon|Psychic|p1a: Snorlax
|-damage|p1a: Snorlax|250\/415 tox
|-unboost|p1a: Snorlax|spd|1
|-unboost|p1a: Snorlax|spa|1
|move|p1a: Snorlax|Body Slam|p2a: Porygon
|-damage|p2a: Porygon|92\/284
|-damage|p1a: Snorlax|200\/415 tox|[from] tox|[of] p2a: Porygon
|
|turn|29
|
|switch|p1a: Poliwrath|Poliwrath, L85|327\/327
|move|p2a: Porygon|Recover|p2a: Porygon
|-heal|p2a: Porygon|234\/284
|
|turn|30
|
|move|p1a: Poliwrath|Hypnosis|p2a: Porygon|[miss]
|-miss|p1a: Poliwrath
|move|p2a: Porygon|Psychic|p1a: Poliwrath
|-supereffective|p1a: Poliwrath
|-damage|p1a: Poliwrath|192\/327
|-unboost|p1a: Poliwrath|spd|1
|-unboost|p1a: Poliwrath|spa|1
|
|turn|31
|
|move|p1a: Poliwrath|Hypnosis|p2a: Porygon
|-status|p2a: Porygon|slp
|cant|p2a: Porygon|slp
|
|turn|32
|
|move|p1a: Poliwrath|Amnesia|p1a: Poliwrath
|-boost|p1a: Poliwrath|spd|2
|-boost|p1a: Poliwrath|spa|2
|cant|p2a: Porygon|slp
|
|turn|33
|
|move|p1a: Poliwrath|Amnesia|p1a: Poliwrath
|-boost|p1a: Poliwrath|spd|2
|-boost|p1a: Poliwrath|spa|2
|cant|p2a: Porygon|slp
|
|turn|34
|
|switch|p2a: Hitmonlee|Hitmonlee, L85|259\/259
|move|p1a: Poliwrath|Blizzard|p2a: Hitmonlee
|-crit|p2a: Hitmonlee
|-damage|p2a: Hitmonlee|50\/259
|-status|p2a: Hitmonlee|frz
|
|turn|35
|c|★serbafer|puto cancel
|c|★serbafer|venga ya xd
|
|cant|p2a: Hitmonlee|frz
|move|p1a: Poliwrath|Amnesia|p1a: Poliwrath
|-boost|p1a: Poliwrath|spd|2
|-boost|p1a: Poliwrath|spa|2
|
|turn|36
|
|cant|p2a: Hitmonlee|frz
|move|p1a: Poliwrath|Submission|p2a: Hitmonlee
|-damage|p2a: Hitmonlee|0 fnt
|-damage|p1a: Poliwrath|180\/327|[from] recoil|[of] p2a: Hitmonlee
|faint|p2a: Hitmonlee
|
|switch|p2a: Porygon|Porygon, L85|234\/284 slp
|turn|37
|
|move|p1a: Poliwrath|Blizzard|p2a: Porygon
|-damage|p2a: Porygon|0 fnt
|faint|p2a: Porygon
|
|win|bpizzizzle
|raw|Ladder updating...
|raw|bpizzizzle's rating: 1407 &rarr; <strong>1416<\/strong><br \/>(+9 for winning)
|raw|serbafer's rating: 1190 &rarr; <strong>1179<\/strong><br \/>(-11 for losing)
|leave|bpizzizzle