|j|qht
|j|Golden Gyarados
|player|p1|qht|101
|player|p2|Golden Gyarados|37
|gametype|singles
|gen|1
|tier|[Gen 1] OU
|rated
|seed|
|rule|Sleep Clause Mod: Limit one foe put to sleep
|rule|Freeze Clause Mod: Limit one foe frozen
|rule|Species Clause: Limit one of each Pokémon
|rule|OHKO Clause: OHKO moves are banned
|rule|Evasion Moves Clause: Evasion moves are banned
|rule|HP Percentage Mod: HP is shown in percentages
|
|start
|switch|p1a: Gengar|Gengar|100\/100
|switch|p2a: Jynx|Jynx|100\/100
|turn|1
|j|bgnnr1
|c| bgnnr1|battle of giants...
|c|★qht|o.o
|c|★qht|im new to this tier
|choice||
|
|move|p1a: Gengar|Hypnosis|p2a: Jynx
|-status|p2a: Jynx|slp
|cant|p2a: Jynx|slp
|
|turn|2
|choice||
|
|switch|p2a: Chansey|Chansey|100\/100
|move|p1a: Gengar|Night Shade|p2a: Chansey
|-damage|p2a: Chansey|86\/100
|
|turn|3
|choice||
|
|move|p1a: Gengar|Explosion|p2a: Chansey
|-damage|p2a: Chansey|11\/100
|faint|p1a: Gengar
|c| bgnnr1|number 8 vs nuber 11 of the ladder...
|choice||
|
|switch|p1a: Tauros|Tauros|100\/100
|turn|4
|choice||
|
|move|p1a: Tauros|Body Slam|p2a: Chansey
|-damage|p2a: Chansey|0 fnt
|faint|p2a: Chansey
|choice||
|
|switch|p2a: Exeggutor|Exeggutor, M|100\/100
|turn|5
|c|★qht|rip: chans
|choice||
|
|switch|p1a: Alakazam|Alakazam|100\/100
|move|p2a: Exeggutor|Sleep Powder|p1a: Alakazam
|-status|p1a: Alakazam|slp
|
|turn|6
|c| bgnnr1|qht, you can't say that...
|c|★qht|why not.
|choice||
|
|cant|p1a: Alakazam|slp
|move|p2a: Exeggutor|Psychic|p1a: Alakazam
|-resisted|p1a: Alakazam
|-damage|p1a: Alakazam|84\/100 slp
|
|turn|7
|j|Peasounay
|choice||
|
|-curestatus|p1a: Alakazam|slp
|move|p2a: Exeggutor|Psychic|p1a: Alakazam
|-resisted|p1a: Alakazam
|-damage|p1a: Alakazam|69\/100
|
|turn|8
|choice||
|
|move|p1a: Alakazam|Thunder Wave|p2a: Exeggutor
|-status|p2a: Exeggutor|par
|move|p2a: Exeggutor|Sleep Powder|p1a: Alakazam
|-status|p1a: Alakazam|slp
|
|turn|9
|choice||
|
|switch|p1a: Dragonite|Dragonite|100\/100
|switch|p2a: Tauros|Tauros|100\/100
|
|turn|10
|choice||
|
|move|p2a: Tauros|Blizzard|p1a: Dragonite
|-supereffective|p1a: Dragonite
|-damage|p1a: Dragonite|28\/100
|move|p1a: Dragonite|Agility|p1a: Dragonite
|-boost|p1a: Dragonite|spe|2
|
|turn|11
|choice||
|
|move|p1a: Dragonite|Wrap|p2a: Tauros
|-damage|p2a: Tauros|96\/100
|cant|p2a: Tauros|partiallytrapped
|
|turn|12
|choice||
|
|move|p1a: Dragonite|Wrap|p2a: Tauros|[from]Wrap
|-damage|p2a: Tauros|92\/100
|cant|p2a: Tauros|partiallytrapped
|
|turn|13
|choice||
|
|move|p1a: Dragonite|Wrap|p2a: Tauros
|-damage|p2a: Tauros|87\/100
|cant|p2a: Tauros|partiallytrapped
|
|turn|14
|choice||
|
|move|p1a: Dragonite|Wrap|p2a: Tauros|[from]Wrap
|-damage|p2a: Tauros|83\/100
|cant|p2a: Tauros|partiallytrapped
|
|turn|15
|choice||
|
|move|p1a: Dragonite|Wrap|p2a: Tauros|[from]Wrap
|-damage|p2a: Tauros|78\/100
|cant|p2a: Tauros|partiallytrapped
|
|turn|16
|c|★qht|thought's on new wrap on PS
|c|★qht|thoughts*
|c|★qht|@ gg
|choice||
|
|move|p1a: Dragonite|Wrap|p2a: Tauros
|-crit|p2a: Tauros
|-damage|p2a: Tauros|70\/100
|cant|p2a: Tauros|partiallytrapped
|
|turn|17
|c|★Golden Gyarados|i hate wrap,. period. i never use it, never will :P
|c|★qht|i mean
|c|★qht|just the strength of it
|c| Peasounay|it's bad
|c|★qht|thanks to the update
|c|★Golden Gyarados|i just started using PS a couple days ago
|c| Peasounay|miss = ded
|c|★Golden Gyarados|so what changed?
|c| Peasounay|before that you saw when the cycle ended
|choice||
|
|switch|p2a: Jynx|Jynx|100\/100 slp
|move|p1a: Dragonite|Wrap|p2a: Jynx
|-damage|p2a: Jynx|92\/100 slp
|
|turn|18
|c|★qht|it no longer has the "has been released from wrap text
|c|★qht|yea
|choice||
|
|move|p1a: Dragonite|Wrap|p2a: Jynx|[from]Wrap
|-damage|p2a: Jynx|84\/100 slp
|cant|p2a: Jynx|slp
|
|turn|19
|choice||
|
|move|p1a: Dragonite|Wrap|p2a: Jynx|[from]Wrap
|-damage|p2a: Jynx|75\/100 slp
|cant|p2a: Jynx|slp
|
|turn|20
|choice||
|
|move|p1a: Dragonite|Wrap|p2a: Jynx
|-damage|p2a: Jynx|68\/100 slp
|-curestatus|p2a: Jynx|slp
|
|turn|21
|choice||
|
|switch|p2a: Golem|Golem, M|100\/100
|move|p1a: Dragonite|Wrap|p2a: Golem
|-resisted|p2a: Golem
|-damage|p2a: Golem|99\/100
|
|turn|22
|choice||
|
|switch|p2a: Exeggutor|Exeggutor, M|100\/100 par
|move|p1a: Dragonite|Wrap|p2a: Exeggutor
|-damage|p2a: Exeggutor|96\/100 par
|
|turn|23
|choice||
|
|switch|p2a: Golem|Golem, M|99\/100
|move|p1a: Dragonite|Wrap|p2a: Golem
|-resisted|p2a: Golem
|-damage|p2a: Golem|97\/100
|
|turn|24
|c|★Golden Gyarados|well thats more similar to carts, so it makes sense
|choice||
|
|switch|p2a: Exeggutor|Exeggutor, M|96\/100 par
|move|p1a: Dragonite|Wrap|p2a: Exeggutor|[miss]
|-miss|p1a: Dragonite
|
|turn|25
|choice||
|
|move|p1a: Dragonite|Wrap|p2a: Exeggutor
|-damage|p2a: Exeggutor|92\/100 par
|cant|p2a: Exeggutor|partiallytrapped
|
|turn|26
|c| Peasounay|yup
|choice||
|
|switch|p2a: Golem|Golem, M|97\/100
|move|p1a: Dragonite|Wrap|p2a: Golem
|-resisted|p2a: Golem
|-damage|p2a: Golem|96\/100
|
|turn|27
|choice||
|
|switch|p2a: Exeggutor|Exeggutor, M|92\/100 par
|move|p1a: Dragonite|Wrap|p2a: Exeggutor|[miss]
|-miss|p1a: Dragonite
|
|turn|28
|choice||
|
|move|p1a: Dragonite|Wrap|p2a: Exeggutor
|-damage|p2a: Exeggutor|87\/100 par
|cant|p2a: Exeggutor|partiallytrapped
|
|turn|29
|choice||
|
|switch|p2a: Golem|Golem, M|96\/100
|move|p1a: Dragonite|Wrap|p2a: Golem
|-resisted|p2a: Golem
|-damage|p2a: Golem|94\/100
|
|turn|30
|choice||
|
|switch|p2a: Exeggutor|Exeggutor, M|87\/100 par
|move|p1a: Dragonite|Wrap|p2a: Exeggutor
|-damage|p2a: Exeggutor|83\/100 par
|
|turn|31
|choice||
|
|switch|p2a: Golem|Golem, M|94\/100
|move|p1a: Dragonite|Wrap|p2a: Golem
|-resisted|p2a: Golem
|-damage|p2a: Golem|92\/100
|
|turn|32
|choice||
|
|switch|p2a: Exeggutor|Exeggutor, M|83\/100 par
|move|p1a: Dragonite|Wrap|p2a: Exeggutor|[miss]
|-miss|p1a: Dragonite
|
|turn|33
|choice||
|
|move|p1a: Dragonite|Wrap|p2a: Exeggutor|[miss]
|-miss|p1a: Dragonite
|move|p2a: Exeggutor|Stun Spore|p1a: Dragonite
|-status|p1a: Dragonite|par
|
|turn|34
|choice||
|
|move|p1a: Dragonite|Wrap|p2a: Exeggutor
|-crit|p2a: Exeggutor
|-damage|p2a: Exeggutor|74\/100 par
|cant|p2a: Exeggutor|partiallytrapped
|
|turn|35
|choice||
|
|switch|p2a: Golem|Golem, M|92\/100
|move|p1a: Dragonite|Wrap|p2a: Golem
|-resisted|p2a: Golem
|-damage|p2a: Golem|91\/100
|
|turn|36
|choice||
|
|switch|p2a: Tauros|Tauros|70\/100
|cant|p1a: Dragonite|par
|
|turn|37
|choice||
|
|move|p2a: Tauros|Blizzard|p1a: Dragonite
|-supereffective|p1a: Dragonite
|-damage|p1a: Dragonite|0 fnt
|faint|p1a: Dragonite
|choice||
|
|switch|p1a: Snorlax|Snorlax|100\/100
|turn|38
|choice||
|
|move|p2a: Tauros|Blizzard|p1a: Snorlax
|-crit|p1a: Snorlax
|-damage|p1a: Snorlax|61\/100
|move|p1a: Snorlax|Body Slam|p2a: Tauros
|-damage|p2a: Tauros|40\/100
|
|turn|39
|choice||
|
|move|p2a: Tauros|Body Slam|p1a: Snorlax
|-damage|p1a: Snorlax|39\/100
|move|p1a: Snorlax|Reflect|p1a: Snorlax
|-start|p1a: Snorlax|Reflect
|
|turn|40
|choice||
|
|move|p2a: Tauros|Blizzard|p1a: Snorlax
|-damage|p1a: Snorlax|19\/100
|move|p1a: Snorlax|Rest|p1a: Snorlax
|-status|p1a: Snorlax|slp
|-heal|p1a: Snorlax|100\/100 slp|[silent]
|-status|p1a: Snorlax|slp|[from] move: Rest
|
|turn|41
|choice||
|
|move|p2a: Tauros|Body Slam|p1a: Snorlax
|-damage|p1a: Snorlax|88\/100 slp
|cant|p1a: Snorlax|slp
|
|turn|42
|choice||
|
|move|p2a: Tauros|Body Slam|p1a: Snorlax
|-damage|p1a: Snorlax|76\/100 slp
|-curestatus|p1a: Snorlax|slp
|
|turn|43
|choice||
|
|move|p2a: Tauros|Blizzard|p1a: Snorlax
|-crit|p1a: Snorlax
|-damage|p1a: Snorlax|42\/100
|move|p1a: Snorlax|Body Slam|p2a: Tauros
|-damage|p2a: Tauros|11\/100
|
|turn|44
|choice||
|
|move|p2a: Tauros|Blizzard|p1a: Snorlax
|-damage|p1a: Snorlax|24\/100
|move|p1a: Snorlax|Rest|p1a: Snorlax
|-status|p1a: Snorlax|slp
|-heal|p1a: Snorlax|100\/100 slp|[silent]
|-status|p1a: Snorlax|slp|[from] move: Rest
|
|turn|45
|choice||
|
|move|p2a: Tauros|Body Slam|p1a: Snorlax
|-damage|p1a: Snorlax|87\/100 slp
|cant|p1a: Snorlax|slp
|
|turn|46
|choice||
|
|move|p2a: Tauros|Body Slam|p1a: Snorlax
|-crit|p1a: Snorlax
|-damage|p1a: Snorlax|42\/100 slp
|-curestatus|p1a: Snorlax|slp
|
|turn|47
|choice||
|
|move|p2a: Tauros|Blizzard|p1a: Snorlax
|-damage|p1a: Snorlax|24\/100
|move|p1a: Snorlax|Rest|p1a: Snorlax
|-status|p1a: Snorlax|slp
|-heal|p1a: Snorlax|100\/100 slp|[silent]
|-status|p1a: Snorlax|slp|[from] move: Rest
|
|turn|48
|choice||
|
|move|p2a: Tauros|Body Slam|p1a: Snorlax
|-damage|p1a: Snorlax|88\/100 slp
|cant|p1a: Snorlax|slp
|
|turn|49
|choice||
|
|move|p2a: Tauros|Body Slam|p1a: Snorlax
|-damage|p1a: Snorlax|77\/100 slp
|-curestatus|p1a: Snorlax|slp
|
|turn|50
|choice||
|
|move|p2a: Tauros|Blizzard|p1a: Snorlax|[miss]
|-miss|p2a: Tauros
|move|p1a: Snorlax|Earthquake|p2a: Tauros
|-damage|p2a: Tauros|0 fnt
|faint|p2a: Tauros
|choice||
|
|switch|p2a: Exeggutor|Exeggutor, M|74\/100 par
|turn|51
|choice||
|
|move|p1a: Snorlax|Body Slam|p2a: Exeggutor
|-crit|p2a: Exeggutor
|-damage|p2a: Exeggutor|14\/100 par
|move|p2a: Exeggutor|Stun Spore|p1a: Snorlax
|-status|p1a: Snorlax|par
|
|turn|52
|choice||
|
|move|p2a: Exeggutor|Psychic|p1a: Snorlax
|-damage|p1a: Snorlax|44\/100 par
|move|p1a: Snorlax|Body Slam|p2a: Exeggutor
|-damage|p2a: Exeggutor|0 fnt
|faint|p2a: Exeggutor
|choice||
|
|switch|p2a: Jynx|Jynx|68\/100
|turn|53
|choice||
|
|move|p1a: Snorlax|Body Slam|p2a: Jynx
|-damage|p2a: Jynx|12\/100
|move|p2a: Jynx|Counter|p1a: Snorlax
|-damage|p1a: Snorlax|0 fnt
|faint|p1a: Snorlax
|choice||
|
|switch|p1a: Tauros|Tauros|100\/100
|turn|54
|choice||
|
|move|p1a: Tauros|Body Slam|p2a: Jynx
|-damage|p2a: Jynx|0 fnt
|faint|p2a: Jynx
|choice||
|
|switch|p2a: Zapdos|Zapdos|100\/100
|turn|55
|choice||
|
|switch|p1a: Alakazam|Alakazam|69\/100 slp
|move|p2a: Zapdos|Thunder Wave|p1a: Alakazam
|-fail|p1a: Alakazam
|
|turn|56
|choice||
|
|switch|p1a: Jolteon|Jolteon|100\/100
|move|p2a: Zapdos|Drill Peck|p1a: Jolteon
|-resisted|p1a: Jolteon
|-damage|p1a: Jolteon|83\/100
|
|turn|57
|choice||
|
|move|p1a: Jolteon|Thunder Wave|p2a: Zapdos
|-status|p2a: Zapdos|par
|cant|p2a: Zapdos|par
|
|turn|58
|choice||
|
|switch|p2a: Golem|Golem, M|91\/100
|move|p1a: Jolteon|Thunderbolt|p2a: Golem
|-immune|p2a: Golem|[msg]
|
|turn|59
|choice||
|
|switch|p1a: Tauros|Tauros|100\/100
|move|p2a: Golem|Earthquake|p1a: Tauros
|-damage|p1a: Tauros|64\/100
|
|turn|60
|choice||
|
|move|p1a: Tauros|Blizzard|p2a: Golem
|-supereffective|p2a: Golem
|-damage|p2a: Golem|32\/100
|move|p2a: Golem|Earthquake|p1a: Tauros
|-damage|p1a: Tauros|29\/100
|
|turn|61
|choice||
|
|switch|p2a: Zapdos|Zapdos|100\/100 par
|move|p1a: Tauros|Earthquake|p2a: Zapdos
|-immune|p2a: Zapdos|[msg]
|
|turn|62
|choice||
|
|switch|p1a: Alakazam|Alakazam|69\/100 slp
|cant|p2a: Zapdos|par
|
|turn|63
|choice||
|
|switch|p1a: Jolteon|Jolteon|83\/100
|move|p2a: Zapdos|Thunder Wave|p1a: Jolteon
|-status|p1a: Jolteon|par
|
|turn|64
|choice||
|
|move|p1a: Jolteon|Double Kick|p2a: Zapdos
|-resisted|p2a: Zapdos
|-damage|p2a: Zapdos|98\/100 par
|-damage|p2a: Zapdos|96\/100 par
|-hitcount|p2a: Zapdos|2
|move|p2a: Zapdos|Thunderbolt|p1a: Jolteon
|-crit|p1a: Jolteon
|-resisted|p1a: Jolteon
|-damage|p1a: Jolteon|50\/100 par
|
|turn|65
|choice||
|
|switch|p2a: Golem|Golem, M|32\/100
|move|p1a: Jolteon|Double Kick|p2a: Golem
|-supereffective|p2a: Golem
|-damage|p2a: Golem|22\/100
|-damage|p2a: Golem|13\/100
|-hitcount|p2a: Golem|2
|
|turn|66
|choice||
|
|switch|p1a: Alakazam|Alakazam|69\/100 slp
|move|p2a: Golem|Explosion|p1a: Alakazam
|-damage|p1a: Alakazam|0 fnt
|faint|p1a: Alakazam
|faint|p2a: Golem
|choice||
|
|switch|p1a: Tauros|Tauros|29\/100
|switch|p2a: Zapdos|Zapdos|96\/100 par
|turn|67
|choice||
|
|move|p1a: Tauros|Body Slam|p2a: Zapdos
|-damage|p2a: Zapdos|67\/100 par
|move|p2a: Zapdos|Thunderbolt|p1a: Tauros
|-damage|p1a: Tauros|0 fnt
|faint|p1a: Tauros
|choice||
|
|switch|p1a: Jolteon|Jolteon|50\/100 par
|turn|68
|choice||
|
|cant|p1a: Jolteon|par
|move|p2a: Zapdos|Drill Peck|p1a: Jolteon
|-resisted|p1a: Jolteon
|-damage|p1a: Jolteon|34\/100 par
|
|turn|69
|choice||
|
|move|p1a: Jolteon|Thunderbolt|p2a: Zapdos
|-damage|p2a: Zapdos|40\/100 par
|move|p2a: Zapdos|Drill Peck|p1a: Jolteon
|-resisted|p1a: Jolteon
|-damage|p1a: Jolteon|16\/100 par
|
|turn|70
|choice||
|
|move|p1a: Jolteon|Thunderbolt|p2a: Zapdos
|-damage|p2a: Zapdos|15\/100 par
|move|p2a: Zapdos|Drill Peck|p1a: Jolteon
|-resisted|p1a: Jolteon
|-damage|p1a: Jolteon|0 fnt
|faint|p1a: Jolteon
|
|win|Golden Gyarados
|player|p1
|player|p2
|c|★qht|gg
|raw|qht's rating: 1524 &rarr; <strong>1502<\/strong><br \/>(-22 for losing)
|raw|Golden Gyarados's rating: 1493 &rarr; <strong>1515<\/strong><br \/>(+22 for winning)
|l|Golden Gyarados
|l|Peasounay
|l|qht
|c| bgnnr1|oh there are a lot of good players...