|j|MALESANI
|j|pokeju
|player|p1|MALESANI|238
|player|p2|pokeju|102
|gametype|singles
|gen|1
|tier|[Gen 1] Random Battle
|rated
|seed|59986,22760,58407,52023
|rule|Sleep Clause Mod: Limit one foe put to sleep
|rule|Freeze Clause Mod: Limit one foe frozen
|rule|HP Percentage Mod: HP is shown in percentages
|
|start
|switch|p1a: Kingler|Kingler, L85|267\/267
|switch|p2a: Graveler|Graveler, L85|267\/267
|turn|1
|choice|move 1|switch 2
|
|switch|p2a: Nidoran-M|Nidoran-M, L96|283\/283
|move|p1a: Kingler|Crabhammer|p2a: Nidoran-M
|-crit|p2a: Nidoran-M
|-damage|p2a: Nidoran-M|112\/283
|
|turn|2
|choice|move 1|move Body Slam
|
|move|p1a: Kingler|Crabhammer|p2a: Nidoran-M
|-crit|p2a: Nidoran-M
|-damage|p2a: Nidoran-M|0 fnt
|faint|p2a: Nidoran-M
|choice||switch 5
|
|switch|p2a: Dodrio|Dodrio, L85|276\/276
|turn|3
|choice|move 1|move Body Slam
|
|move|p2a: Dodrio|Body Slam|p1a: Kingler
|-damage|p1a: Kingler|182\/267
|move|p1a: Kingler|Crabhammer|p2a: Dodrio
|-crit|p2a: Dodrio
|-damage|p2a: Dodrio|122\/276
|
|turn|4
|choice|switch 2|switch 6
|
|switch|p2a: Cloyster|Cloyster, L83|253\/253
|switch|p1a: Sandslash|Sandslash, L85|301\/301
|
|turn|5
|choice|switch 4|move Ice Beam
|
|switch|p1a: Venomoth|Venomoth, L85|293\/293
|move|p2a: Cloyster|Ice Beam|p1a: Venomoth
|-damage|p1a: Venomoth|210\/293
|
|turn|6
|choice|move 4|switch 4
|
|switch|p2a: Hitmonlee|Hitmonlee, L90|273\/273
|move|p1a: Venomoth|Sleep Powder|p2a: Hitmonlee|[miss]
|-miss|p1a: Venomoth
|
|turn|7
|choice|move 4|move Seismic Toss
|
|move|p2a: Hitmonlee|Seismic Toss|p1a: Venomoth
|-damage|p1a: Venomoth|120\/293
|move|p1a: Venomoth|Sleep Powder|p2a: Hitmonlee
|-status|p2a: Hitmonlee|slp
|
|turn|8
|choice|move 3|switch 4
|
|switch|p2a: Cloyster|Cloyster, L83|253\/253
|move|p1a: Venomoth|Psychic|p2a: Cloyster
|-damage|p2a: Cloyster|189\/253
|
|turn|9
|choice|move 3|move Surf
|
|move|p1a: Venomoth|Psychic|p2a: Cloyster
|-damage|p2a: Cloyster|124\/253
|move|p2a: Cloyster|Surf|p1a: Venomoth
|-damage|p1a: Venomoth|37\/293
|
|turn|10
|choice|move 1|move Surf
|
|move|p1a: Venomoth|Mega Drain|p2a: Cloyster
|-crit|p2a: Cloyster
|-supereffective|p2a: Cloyster
|-damage|p2a: Cloyster|9\/253
|-heal|p1a: Venomoth|94\/293|[from] drain|[of] p2a: Cloyster
|move|p2a: Cloyster|Surf|p1a: Venomoth
|-damage|p1a: Venomoth|12\/293
|
|turn|11
|choice|move 3|switch 3
|
|switch|p2a: Magmar|Magmar, L90|300\/300
|move|p1a: Venomoth|Psychic|p2a: Magmar
|-damage|p2a: Magmar|245\/300
|
|turn|12
|choice|move 3|move Fire Blast
|
|move|p2a: Magmar|Fire Blast|p1a: Venomoth
|-supereffective|p1a: Venomoth
|-damage|p1a: Venomoth|0 fnt
|faint|p1a: Venomoth
|choice|switch 5|
|
|switch|p1a: Ninetales|Ninetales, L85|298\/298
|turn|13
|choice|move 3|move Body Slam
|
|move|p2a: Magmar|Body Slam|p1a: Ninetales
|-damage|p1a: Ninetales|219\/298
|move|p1a: Ninetales|Confuse Ray|p2a: Magmar
|-start|p2a: Magmar|confusion
|
|turn|14
|choice|move 1|move Body Slam
|
|-activate|p2a: Magmar|confusion
|-damage|p2a: Magmar|202\/300|[from] confusion
|move|p1a: Ninetales|Fire Blast|p2a: Magmar
|-resisted|p2a: Magmar
|-damage|p2a: Magmar|140\/300
|
|turn|15
|choice|move 4|move Body Slam
|
|-end|p2a: Magmar|confusion
|move|p2a: Magmar|Body Slam|p1a: Ninetales
|-damage|p1a: Ninetales|140\/298
|-status|p1a: Ninetales|par
|cant|p1a: Ninetales|par
|
|turn|16
|choice|move 2|move Body Slam
|
|move|p2a: Magmar|Body Slam|p1a: Ninetales
|-crit|p1a: Ninetales
|-damage|p1a: Ninetales|0 fnt
|faint|p1a: Ninetales
|choice|switch 4|
|
|switch|p1a: Sandslash|Sandslash, L85|301\/301
|turn|17
|choice|move 1|switch 6
|
|switch|p2a: Dodrio|Dodrio, L85|122\/276
|move|p1a: Sandslash|Earthquake|p2a: Dodrio
|-immune|p2a: Dodrio|[msg]
|
|turn|18
|choice|move 2|move Hyper Beam
|
|move|p2a: Dodrio|Hyper Beam|p1a: Sandslash
|-damage|p1a: Sandslash|147\/301
|move|p1a: Sandslash|Rock Slide|p2a: Dodrio
|-supereffective|p2a: Dodrio
|-damage|p2a: Dodrio|0 fnt
|faint|p2a: Dodrio
|choice||switch 3
|
|switch|p2a: Cloyster|Cloyster, L83|9\/253
|turn|19
|choice|move 1|move Surf
|
|move|p2a: Cloyster|Surf|p1a: Sandslash
|-supereffective|p1a: Sandslash
|-damage|p1a: Sandslash|0 fnt
|faint|p1a: Sandslash
|choice|switch 3|
|
|switch|p1a: Fearow|Fearow, L90|300\/300
|turn|20
|choice|move 2|switch 2
|
|switch|p2a: Graveler|Graveler, L85|267\/267
|move|p1a: Fearow|Drill Peck|p2a: Graveler
|-resisted|p2a: Graveler
|-damage|p2a: Graveler|230\/267
|
|turn|21
|choice|move 1|move Rock Slide
|
|move|p1a: Fearow|Hyper Beam|p2a: Graveler
|-resisted|p2a: Graveler
|-damage|p2a: Graveler|156\/267
|move|p2a: Graveler|Rock Slide|p1a: Fearow
|-supereffective|p1a: Fearow
|-damage|p1a: Fearow|106\/300
|
|turn|22
|-mustrecharge|p1a: Fearow
|-mustrecharge|p1a: Fearow
|choice|move 1|move Rock Slide
|
|cant|p1a: Fearow|recharge
|move|p2a: Graveler|Rock Slide|p1a: Fearow
|-crit|p1a: Fearow
|-supereffective|p1a: Fearow
|-damage|p1a: Fearow|0 fnt
|faint|p1a: Fearow
|choice|switch 2|
|
|switch|p1a: Kingler|Kingler, L85|182\/267
|turn|23
|choice|move 1|switch 4
|
|switch|p2a: Hitmonlee|Hitmonlee, L90|273\/273 slp
|move|p1a: Kingler|Crabhammer|p2a: Hitmonlee
|-crit|p2a: Hitmonlee
|-damage|p2a: Hitmonlee|78\/273 slp
|
|turn|24
|choice|move 4|move Seismic Toss
|
|cant|p2a: Hitmonlee|slp
|move|p1a: Kingler|Body Slam|p2a: Hitmonlee
|-damage|p2a: Hitmonlee|0 fnt
|faint|p2a: Hitmonlee
|choice||switch 6
|
|switch|p2a: Magmar|Magmar, L90|140\/300
|turn|25
|choice|move 1|move Hyper Beam
|
|move|p2a: Magmar|Hyper Beam|p1a: Kingler
|-damage|p1a: Kingler|81\/267
|move|p1a: Kingler|Crabhammer|p2a: Magmar
|-crit|p2a: Magmar
|-supereffective|p2a: Magmar
|-damage|p2a: Magmar|0 fnt
|faint|p2a: Magmar
|choice||switch 2
|
|switch|p2a: Cloyster|Cloyster, L83|9\/253
|turn|26
|choice|move 4|move Explosion
|
|move|p1a: Kingler|Body Slam|p2a: Cloyster
|-damage|p2a: Cloyster|0 fnt
|faint|p2a: Cloyster
|choice||switch 4
|
|switch|p2a: Graveler|Graveler, L85|156\/267
|turn|27
|choice|switch 6|move Earthquake
|
|switch|p1a: Jynx|Jynx, L79|265\/265
|move|p2a: Graveler|Earthquake|p1a: Jynx
|-crit|p1a: Jynx
|-damage|p1a: Jynx|0 fnt
|faint|p1a: Jynx
|choice|switch 6|
|
|switch|p1a: Kingler|Kingler, L85|81\/267
|turn|28
|choice|move 1|move Explosion
|
|move|p1a: Kingler|Crabhammer|p2a: Graveler
|-crit|p2a: Graveler
|-supereffective|p2a: Graveler
|-damage|p2a: Graveler|0 fnt
|faint|p2a: Graveler
|
|win|MALESANI
|player|p1
|player|p2
|raw|MALESANI's rating: 1353 &rarr; <strong>1375<\/strong><br \/>(+22 for winning)
|raw|pokeju's rating: 1372 &rarr; <strong>1351<\/strong><br \/>(-21 for losing)