|join|Bollowegen
|join|CrawDaddy69
|player|p1|Bollowegen|100
|player|p2|CrawDaddy69|225
|gametype|singles
|gen|1
|tier|[Gen 1] Random Battle
|rated
|seed|39175,47620,12241,58619
|rule|Sleep Clause Mod: Limit one foe put to sleep
|rule|Freeze Clause Mod: Limit one foe frozen
|rule|HP Percentage Mod: HP is shown in percentages
|
|start
|switch|p1a: Kakuna|Kakuna, L99|290\/290
|switch|p2a: Machoke|Machoke, L85|310\/310
|turn|1
|choice|move 1|move 4
|
|move|p1a: Kakuna|String Shot|p2a: Machoke
|-unboost|p2a: Machoke|spe|1
|move|p2a: Machoke|Mega Kick|p1a: Kakuna|[miss]
|-miss|p2a: Machoke
|
|turn|2
|choice|switch 4|move 1
|
|switch|p1a: Gengar|Gengar, L79|257\/257
|move|p2a: Machoke|Double-Edge|p1a: Gengar
|-immune|p1a: Gengar|[msg]
|
|turn|3
|choice|move 2|move 3
|
|move|p1a: Gengar|Psychic|p2a: Machoke
|-supereffective|p2a: Machoke
|-damage|p2a: Machoke|137\/310
|-unboost|p2a: Machoke|spd|1
|-unboost|p2a: Machoke|spa|1
|move|p2a: Machoke|Earthquake|p1a: Gengar
|-supereffective|p1a: Gengar
|-damage|p1a: Gengar|74\/257
|
|turn|4
|choice|move 2|switch 3
|
|switch|p2a: Electrode|Electrode, L90|291\/291
|move|p1a: Gengar|Psychic|p2a: Electrode
|-crit|p2a: Electrode
|-damage|p2a: Electrode|164\/291
|
|turn|5
|choice|switch 2|switch 3
|
|switch|p2a: Machoke|Machoke, L85|137\/310
|switch|p1a: Golem|Golem, L79|288\/288
|
|turn|6
|choice|switch 4|move 3
|
|switch|p1a: Kakuna|Kakuna, L99|290\/290
|move|p2a: Machoke|Earthquake|p1a: Kakuna
|-damage|p1a: Kakuna|200\/290
|
|turn|7
|choice|move 1|move 1
|
|move|p1a: Kakuna|String Shot|p2a: Machoke
|-unboost|p2a: Machoke|spe|1
|move|p2a: Machoke|Double-Edge|p1a: Kakuna
|-damage|p1a: Kakuna|106\/290
|-damage|p2a: Machoke|114\/310|[from] recoil|[of] p1a: Kakuna
|
|turn|8
|choice|switch 4|move 3
|
|switch|p1a: Golem|Golem, L79|288\/288
|move|p2a: Machoke|Earthquake|p1a: Golem
|-supereffective|p1a: Golem
|-damage|p1a: Golem|164\/288
|
|turn|9
|choice|move 4|move 3
|
|move|p1a: Golem|Earthquake|p2a: Machoke
|-damage|p2a: Machoke|0 fnt
|faint|p2a: Machoke
|choice||switch 6
|
|switch|p2a: Persian|Persian, L79|265\/265
|turn|10
|choice|switch 3|move 3
|
|switch|p1a: Starmie|Starmie, L79|257\/257
|move|p2a: Persian|Bubble Beam|p1a: Starmie
|-resisted|p1a: Starmie
|-damage|p1a: Starmie|242\/257
|
|turn|11
|choice|move 4|move 1
|
|move|p1a: Starmie|Thunder Wave|p2a: Persian
|-status|p2a: Persian|par
|move|p2a: Persian|Slash|p1a: Starmie
|-crit|p1a: Starmie
|-damage|p1a: Starmie|120\/257
|
|turn|12
|choice|move 1|move 3
|
|move|p1a: Starmie|Recover|p1a: Starmie
|-heal|p1a: Starmie|248\/257
|move|p2a: Persian|Bubble Beam|p1a: Starmie
|-resisted|p1a: Starmie
|-damage|p1a: Starmie|232\/257
|
|turn|13
|choice|switch 2|move 4
|
|switch|p1a: Gengar|Gengar, L79|74\/257
|move|p2a: Persian|Body Slam|p1a: Gengar
|-immune|p1a: Gengar|[msg]
|
|turn|14
|choice|move 3|move 3
|
|move|p1a: Gengar|Thunderbolt|p2a: Persian
|-damage|p2a: Persian|180\/265 par
|move|p2a: Persian|Bubble Beam|p1a: Gengar
|-damage|p1a: Gengar|46\/257
|
|turn|15
|choice|move 3|move 3
|
|move|p1a: Gengar|Thunderbolt|p2a: Persian
|-damage|p2a: Persian|84\/265 par
|cant|p2a: Persian|par
|
|turn|16
|choice|move 2|switch 3
|
|switch|p2a: Electrode|Electrode, L90|164\/291
|move|p1a: Gengar|Psychic|p2a: Electrode
|-damage|p2a: Electrode|97\/291
|
|turn|17
|choice|switch 3|switch 4
|
|switch|p2a: Lapras|Lapras, L79|367\/367
|switch|p1a: Golem|Golem, L79|164\/288
|
|turn|18
|choice|switch 5|move 4
|
|switch|p1a: Zapdos|Zapdos, L79|304\/304
|move|p2a: Lapras|Confuse Ray|p1a: Zapdos
|-start|p1a: Zapdos|confusion
|
|turn|19
|choice|switch 4|move 3
|
|switch|p1a: Kakuna|Kakuna, L99|106\/290
|move|p2a: Lapras|Blizzard|p1a: Kakuna
|-crit|p1a: Kakuna
|-damage|p1a: Kakuna|0 fnt
|faint|p1a: Kakuna
|choice|switch 2|
|
|switch|p1a: Starmie|Starmie, L79|232\/257
|turn|20
|choice|move 4|move 4
|
|move|p1a: Starmie|Thunder Wave|p2a: Lapras
|-status|p2a: Lapras|par
|move|p2a: Lapras|Confuse Ray|p1a: Starmie
|-start|p1a: Starmie|confusion
|
|turn|21
|choice|move 2|move 1
|
|-activate|p1a: Starmie|confusion
|-damage|p1a: Starmie|206\/257|[from] confusion
|move|p2a: Lapras|Thunderbolt|p1a: Starmie
|-supereffective|p1a: Starmie
|-damage|p1a: Starmie|97\/257
|
|turn|22
|choice|switch 4|move 3
|
|switch|p1a: Zapdos|Zapdos, L79|304\/304
|cant|p2a: Lapras|par
|
|turn|23
|choice|move 1|move 3
|
|move|p1a: Zapdos|Thunderbolt|p2a: Lapras
|-supereffective|p2a: Lapras
|-damage|p2a: Lapras|152\/367 par
|move|p2a: Lapras|Blizzard|p1a: Zapdos
|-crit|p1a: Zapdos
|-supereffective|p1a: Zapdos
|-damage|p1a: Zapdos|0 fnt
|faint|p1a: Zapdos
|choice|switch 4|
|
|switch|p1a: Starmie|Starmie, L79|97\/257
|turn|24
|choice|move 2|move 4
|
|move|p1a: Starmie|Thunderbolt|p2a: Lapras
|-supereffective|p2a: Lapras
|-damage|p2a: Lapras|33\/367 par
|move|p2a: Lapras|Confuse Ray|p1a: Starmie
|-start|p1a: Starmie|confusion
|
|turn|25
|choice|move 2|move 3
|
|-activate|p1a: Starmie|confusion
|-damage|p1a: Starmie|71\/257|[from] confusion
|move|p2a: Lapras|Blizzard|p1a: Starmie
|-resisted|p1a: Starmie
|-damage|p1a: Starmie|15\/257
|
|turn|26
|choice|move 2|move 1
|
|-activate|p1a: Starmie|confusion
|move|p1a: Starmie|Thunderbolt|p2a: Lapras
|-supereffective|p2a: Lapras
|-damage|p2a: Lapras|0 fnt
|faint|p2a: Lapras
|choice||switch 2
|
|switch|p2a: Victreebel|Victreebel, L85|310\/310
|turn|27
|choice|move 4|move 2
|
|-end|p1a: Starmie|confusion
|move|p1a: Starmie|Thunder Wave|p2a: Victreebel
|-status|p2a: Victreebel|par
|move|p2a: Victreebel|Sleep Powder|p1a: Starmie
|-status|p1a: Starmie|slp
|
|turn|28
|choice|switch 3|switch 5
|
|switch|p1a: Gengar|Gengar, L79|46\/257
|switch|p2a: Golem|Golem, L79|288\/288
|
|turn|29
|choice|move 4|move 1
|
|move|p1a: Gengar|Mega Drain|p2a: Golem
|-crit|p2a: Golem
|-supereffective|p2a: Golem
|-damage|p2a: Golem|0 fnt
|-heal|p1a: Gengar|190\/257|[from] drain|[of] p2a: Golem
|faint|p2a: Golem
|-message|CrawDaddy69 forfeited.
|
|win|Bollowegen
|leave|CrawDaddy69
|player|p2
|raw|Bollowegen's rating: 1365 &rarr; <strong>1383<\/strong><br \/>(+18 for winning)
|raw|CrawDaddy69's rating: 1327 &rarr; <strong>1310<\/strong><br \/>(-17 for losing)