|j|howiam
|j|Gamertwix
|player|p1|howiam|238
|player|p2|Gamertwix|162
|gametype|singles
|gen|1
|tier|[Gen 1] OU
|rated
|seed|4096,5074,62627,46461
|rule|Sleep Clause Mod: Limit one foe put to sleep
|rule|Freeze Clause Mod: Limit one foe frozen
|rule|Species Clause: Limit one of each Pokémon
|rule|OHKO Clause: OHKO moves are banned
|rule|Evasion Moves Clause: Evasion moves are banned
|rule|HP Percentage Mod: HP is shown in percentages
|
|start
|switch|p1a: Alakazam|Alakazam|313\/313
|switch|p2a: Alakazam|Alakazam|313\/313
|turn|1
|choice|move 2|move 4
|
|move|p2a: Alakazam|Metronome|p2a: Alakazam
|move|p2a: Alakazam|Double-Edge|p1a: Alakazam|[from]Metronome
|-damage|p1a: Alakazam|234\/313
|-damage|p2a: Alakazam|294\/313|[from] recoil|[of] p1a: Alakazam
|move|p1a: Alakazam|Thunder Wave|p2a: Alakazam
|-status|p2a: Alakazam|par
|
|turn|2
|choice|move 1|move 4
|
|move|p1a: Alakazam|Psychic|p2a: Alakazam
|-crit|p2a: Alakazam
|-resisted|p2a: Alakazam
|-damage|p2a: Alakazam|194\/313 par
|cant|p2a: Alakazam|par
|
|turn|3
|choice|move 1|move 2
|
|move|p1a: Alakazam|Psychic|p2a: Alakazam
|-crit|p2a: Alakazam
|-resisted|p2a: Alakazam
|-damage|p2a: Alakazam|96\/313 par
|move|p2a: Alakazam|Recover|p2a: Alakazam
|-heal|p2a: Alakazam|252\/313 par
|
|turn|4
|choice|switch 2|move 2
|
|switch|p1a: Zapdos|Zapdos|383\/383
|move|p2a: Alakazam|Recover|p2a: Alakazam
|-heal|p2a: Alakazam|313\/313 par
|
|turn|5
|choice|move 2|switch 5
|
|switch|p2a: Rhydon|Rhydon|413\/413
|move|p1a: Zapdos|Drill Peck|p2a: Rhydon
|-crit|p2a: Rhydon
|-resisted|p2a: Rhydon
|-damage|p2a: Rhydon|337\/413
|
|turn|6
|choice|switch 6|move 2
|
|switch|p1a: Exeggutor|Exeggutor|393\/393
|move|p2a: Rhydon|Fire Blast|p1a: Exeggutor
|-supereffective|p1a: Exeggutor
|-damage|p1a: Exeggutor|293\/393
|-status|p1a: Exeggutor|brn
|
|turn|7
|choice|move 1|switch 3
|
|switch|p2a: Charizard|Charizard|359\/359
|move|p1a: Exeggutor|Mega Drain|p2a: Charizard
|-resisted|p2a: Charizard
|-damage|p2a: Charizard|344\/359
|-heal|p1a: Exeggutor|300\/393 brn|[from] drain|[of] p2a: Charizard
|-damage|p1a: Exeggutor|276\/393 brn|[from] brn|[of] p2a: Charizard
|
|turn|8
|choice|switch 4|move 2
|
|switch|p1a: Lapras|Lapras|463\/463
|move|p2a: Charizard|Flamethrower|p1a: Lapras
|-crit|p1a: Lapras
|-damage|p1a: Lapras|244\/463
|
|turn|9
|choice|move 3|switch 2
|
|switch|p2a: Raichu|Raichu|323\/323
|move|p1a: Lapras|Surf|p2a: Raichu
|-damage|p2a: Raichu|209\/323
|
|turn|10
|choice|switch 2|move 4
|
|switch|p1a: Alakazam|Alakazam|234\/313
|move|p2a: Raichu|Thunderbolt|p1a: Alakazam
|-damage|p1a: Alakazam|150\/313
|
|turn|11
|choice|move 1|switch 5
|
|switch|p2a: Alakazam|Alakazam|313\/313 par
|move|p1a: Alakazam|Psychic|p2a: Alakazam
|-crit|p2a: Alakazam
|-resisted|p2a: Alakazam
|-damage|p2a: Alakazam|213\/313 par
|
|turn|12
|choice|move 3|move 1
|
|move|p1a: Alakazam|Recover|p1a: Alakazam
|-heal|p1a: Alakazam|306\/313
|move|p2a: Alakazam|Psychic|p1a: Alakazam
|-resisted|p1a: Alakazam
|-damage|p1a: Alakazam|254\/313
|
|turn|13
|choice|switch 4|move 2
|
|switch|p1a: Exeggutor|Exeggutor|276\/393 brn
|-damage|p1a: Exeggutor|252\/393 brn|[from] brn
|cant|p2a: Alakazam|par
|
|turn|14
|choice|move 1|switch 2
|
|switch|p2a: Charizard|Charizard|344\/359
|move|p1a: Exeggutor|Mega Drain|p2a: Charizard
|-resisted|p2a: Charizard
|-damage|p2a: Charizard|328\/359
|-heal|p1a: Exeggutor|260\/393 brn|[from] drain|[of] p2a: Charizard
|-damage|p1a: Exeggutor|236\/393 brn|[from] brn|[of] p2a: Charizard
|
|turn|15
|choice|switch 4|move 1
|
|switch|p1a: Alakazam|Alakazam|254\/313
|move|p2a: Charizard|Fire Blast|p1a: Alakazam
|-damage|p1a: Alakazam|144\/313
|
|turn|16
|choice|move 1|switch 2
|
|switch|p2a: Alakazam|Alakazam|213\/313 par
|move|p1a: Alakazam|Psychic|p2a: Alakazam
|-resisted|p2a: Alakazam
|-damage|p2a: Alakazam|163\/313 par
|-unboost|p2a: Alakazam|spd|1
|-unboost|p2a: Alakazam|spa|1
|
|turn|17
|choice|move 1|move 2
|
|move|p1a: Alakazam|Psychic|p2a: Alakazam
|-crit|p2a: Alakazam
|-resisted|p2a: Alakazam
|-damage|p2a: Alakazam|62\/313 par
|move|p2a: Alakazam|Recover|p2a: Alakazam
|-heal|p2a: Alakazam|218\/313 par
|
|turn|18
|choice|move 1|move 1
|
|move|p1a: Alakazam|Psychic|p2a: Alakazam
|-resisted|p2a: Alakazam
|-damage|p2a: Alakazam|137\/313 par
|-unboost|p2a: Alakazam|spd|1
|-unboost|p2a: Alakazam|spa|1
|move|p2a: Alakazam|Psychic|p1a: Alakazam
|-resisted|p1a: Alakazam
|-damage|p1a: Alakazam|116\/313
|-unboost|p1a: Alakazam|spd|1
|-unboost|p1a: Alakazam|spa|1
|
|turn|19
|choice|move 3|move 2
|
|move|p1a: Alakazam|Recover|p1a: Alakazam
|-heal|p1a: Alakazam|272\/313
|move|p2a: Alakazam|Recover|p2a: Alakazam
|-heal|p2a: Alakazam|293\/313 par
|
|turn|20
|choice|move 1|move 4
|
|move|p1a: Alakazam|Psychic|p2a: Alakazam
|-resisted|p2a: Alakazam
|-damage|p2a: Alakazam|221\/313 par
|-unboost|p2a: Alakazam|spd|1
|-unboost|p2a: Alakazam|spa|1
|move|p2a: Alakazam|Metronome|p2a: Alakazam
|move|p2a: Alakazam|Fury Swipes|p1a: Alakazam|[from]Metronome
|-damage|p1a: Alakazam|257\/313
|-damage|p1a: Alakazam|242\/313
|-damage|p1a: Alakazam|227\/313
|-hitcount|p1a: Alakazam|3
|
|turn|21
|choice|move 1|move 3
|
|move|p1a: Alakazam|Psychic|p2a: Alakazam
|-resisted|p2a: Alakazam
|-damage|p2a: Alakazam|128\/313 par
|cant|p2a: Alakazam|par
|
|turn|22
|choice|move 1|move 2
|
|move|p1a: Alakazam|Psychic|p2a: Alakazam
|-resisted|p2a: Alakazam
|-damage|p2a: Alakazam|40\/313 par
|cant|p2a: Alakazam|par
|
|turn|23
|choice|move 1|switch 6
|
|switch|p2a: Lapras|Lapras|463\/463
|move|p1a: Alakazam|Psychic|p2a: Lapras
|-damage|p2a: Lapras|381\/463
|
|turn|24
|choice|move 2|move 3
|
|move|p1a: Alakazam|Thunder Wave|p2a: Lapras
|-status|p2a: Lapras|par
|move|p2a: Lapras|Confuse Ray|p1a: Alakazam
|-start|p1a: Alakazam|confusion
|
|turn|25
|choice|switch 4|move 4
|
|switch|p1a: Exeggutor|Exeggutor|236\/393 brn
|-damage|p1a: Exeggutor|212\/393 brn|[from] brn
|cant|p2a: Lapras|par
|
|turn|26
|choice|move 4|move 3
|
|move|p1a: Exeggutor|Explosion|p2a: Lapras
|-damage|p2a: Lapras|233\/463 par
|faint|p1a: Exeggutor
|choice|switch 2|
|
|switch|p1a: Lapras|Lapras|244\/463
|turn|27
|choice|move 2|move 4
|
|move|p1a: Lapras|Thunderbolt|p2a: Lapras
|-supereffective|p2a: Lapras
|-damage|p2a: Lapras|90\/463 par
|cant|p2a: Lapras|par
|
|turn|28
|choice|move 2|move 4
|
|move|p1a: Lapras|Thunderbolt|p2a: Lapras
|-supereffective|p2a: Lapras
|-damage|p2a: Lapras|0 fnt
|faint|p2a: Lapras
|choice||switch 5
|
|switch|p2a: Raichu|Raichu|209\/323
|turn|29
|choice|switch 3|move 4
|
|switch|p1a: Chansey|Chansey|703\/703
|move|p2a: Raichu|Thunderbolt|p1a: Chansey
|-damage|p1a: Chansey|606\/703
|-status|p1a: Chansey|par
|
|turn|30
|choice|move 1|move 3
|
|move|p2a: Raichu|Body Slam|p1a: Chansey
|-damage|p1a: Chansey|425\/703 par
|move|p1a: Chansey|Seismic Toss|p2a: Raichu
|-damage|p2a: Raichu|109\/323
|
|turn|31
|choice|move 1|move 2
|
|move|p2a: Raichu|Hyper Beam|p1a: Chansey
|-crit|p1a: Chansey
|-damage|p1a: Chansey|0 fnt
|faint|p1a: Chansey
|choice|switch 4|
|
|switch|p1a: Alakazam|Alakazam|227\/313
|turn|32
|choice|move 1|move 4
|
|move|p1a: Alakazam|Psychic|p2a: Raichu
|-damage|p2a: Raichu|0 fnt
|faint|p2a: Raichu
|choice||switch 6
|
|switch|p2a: Alakazam|Alakazam|40\/313 par
|turn|33
|choice|move 1|move 2
|
|move|p1a: Alakazam|Psychic|p2a: Alakazam
|-resisted|p2a: Alakazam
|-damage|p2a: Alakazam|0 fnt
|faint|p2a: Alakazam
|-message|Gamertwix forfeited.
|
|win|howiam
|player|p1
|player|p2
|l|Gamertwix
|raw|howiam's rating: 1109 &rarr; <strong>1129<\/strong><br \/>(+20 for winning)
|raw|Gamertwix's rating: 1040 &rarr; <strong>1027<\/strong><br \/>(-13 for losing)