|j|Ynohtna Nygeb
|j|MALESANI
|player|p1|Ynohtna Nygeb|101
|player|p2|MALESANI|238
|gametype|singles
|gen|1
|tier|[Gen 1] Random Battle
|rated
|seed|32522,33965,29513,41950
|rule|Sleep Clause Mod: Limit one foe put to sleep
|rule|Freeze Clause Mod: Limit one foe frozen
|rule|HP Percentage Mod: HP is shown in percentages
|
|start
|switch|p1a: Mew|Mew, L74|300\/300
|switch|p2a: Seaking|Seaking, L90|327\/327
|turn|1
|choice|move 4|move 4
|
|move|p1a: Mew|Thunderbolt|p2a: Seaking
|-supereffective|p2a: Seaking
|-damage|p2a: Seaking|220\/327
|move|p2a: Seaking|Blizzard|p1a: Mew
|-damage|p1a: Mew|208\/300
|
|turn|2
|choice|switch 3|move 1
|
|switch|p1a: Vaporeon|Vaporeon, L85|395\/395
|move|p2a: Seaking|Surf|p1a: Vaporeon
|-resisted|p1a: Vaporeon
|-damage|p1a: Vaporeon|349\/395
|
|turn|3
|choice|move 3|switch 6
|
|switch|p2a: Magneton|Magneton, L90|273\/273
|move|p1a: Vaporeon|Body Slam|p2a: Magneton
|-crit|p2a: Magneton
|-damage|p2a: Magneton|183\/273
|
|turn|4
|choice|move 2|move 1
|
|move|p2a: Magneton|Thunderbolt|p1a: Vaporeon
|-supereffective|p1a: Vaporeon
|-damage|p1a: Vaporeon|129\/395
|move|p1a: Vaporeon|Surf|p2a: Magneton
|-damage|p2a: Magneton|104\/273
|
|turn|5
|choice|move 2|move 1
|
|move|p2a: Magneton|Thunderbolt|p1a: Vaporeon
|-supereffective|p1a: Vaporeon
|-damage|p1a: Vaporeon|0 fnt
|faint|p1a: Vaporeon
|choice|switch 4|
|
|switch|p1a: Dugtrio|Dugtrio, L85|233\/233
|turn|6
|choice|move 1|switch 2
|
|switch|p2a: Machamp|Machamp, L90|345\/345
|move|p1a: Dugtrio|Earthquake|p2a: Machamp
|-damage|p2a: Machamp|251\/345
|
|turn|7
|choice|move 3|move 4
|
|move|p1a: Dugtrio|Sand Attack|p2a: Machamp
|-unboost|p2a: Machamp|accuracy|1
|move|p2a: Machamp|Body Slam|p1a: Dugtrio|[miss]
|-miss|p2a: Machamp
|
|turn|8
|choice|move 1|move 4
|
|move|p1a: Dugtrio|Earthquake|p2a: Machamp
|-damage|p2a: Machamp|152\/345
|move|p2a: Machamp|Body Slam|p1a: Dugtrio
|-damage|p1a: Dugtrio|115\/233
|
|turn|9
|choice|switch 2|move 4
|
|switch|p1a: Pidgeotto|Pidgeotto, L90|297\/297
|move|p2a: Machamp|Body Slam|p1a: Pidgeotto|[miss]
|-miss|p2a: Machamp
|
|turn|10
|choice|move 4|switch 4
|
|switch|p2a: Golem|Golem, L79|288\/288
|move|p1a: Pidgeotto|Sky Attack|p2a: Golem|[still]
|-prepare|p1a: Pidgeotto|Sky Attack|p2a: Golem
|
|turn|11
|choice|move 1|move 2
|
|move|p1a: Pidgeotto|Sky Attack|p2a: Golem|[from]Sky Attack
|-resisted|p2a: Golem
|-damage|p2a: Golem|240\/288
|move|p2a: Golem|Rock Slide|p1a: Pidgeotto
|-crit|p1a: Pidgeotto
|-supereffective|p1a: Pidgeotto
|-damage|p1a: Pidgeotto|0 fnt
|faint|p1a: Pidgeotto
|choice|switch 2|
|
|switch|p1a: Dugtrio|Dugtrio, L85|115\/233
|turn|12
|choice|move 1|switch 4
|
|switch|p2a: Machamp|Machamp, L90|152\/345
|move|p1a: Dugtrio|Earthquake|p2a: Machamp
|-crit|p2a: Machamp
|-damage|p2a: Machamp|0 fnt
|faint|p2a: Machamp
|choice||switch 6
|
|switch|p2a: Seaking|Seaking, L90|220\/327
|turn|13
|choice|switch 5|move 1
|
|switch|p1a: Muk|Muk, L90|372\/372
|move|p2a: Seaking|Surf|p1a: Muk
|-damage|p1a: Muk|252\/372
|
|turn|14
|choice|move 4|move 1
|
|move|p2a: Seaking|Surf|p1a: Muk
|-damage|p1a: Muk|130\/372
|move|p1a: Muk|Sludge|p2a: Seaking
|-damage|p2a: Seaking|122\/327
|
|turn|15
|choice|move 1|move 3
|
|move|p2a: Seaking|Hyper Beam|p1a: Muk
|-crit|p1a: Muk
|-damage|p1a: Muk|0 fnt
|faint|p1a: Muk
|choice|switch 5|
|
|switch|p1a: Dugtrio|Dugtrio, L85|115\/233
|turn|16
|choice|move 1|move 1
|
|move|p1a: Dugtrio|Earthquake|p2a: Seaking
|-damage|p2a: Seaking|22\/327
|move|p2a: Seaking|Surf|p1a: Dugtrio
|-crit|p1a: Dugtrio
|-supereffective|p1a: Dugtrio
|-damage|p1a: Dugtrio|0 fnt
|faint|p1a: Dugtrio
|choice|switch 3|
|
|switch|p1a: Mew|Mew, L74|208\/300
|turn|17
|choice|move 4|move 1
|
|move|p1a: Mew|Thunderbolt|p2a: Seaking
|-supereffective|p2a: Seaking
|-damage|p2a: Seaking|0 fnt
|faint|p2a: Seaking
|choice||switch 2
|
|switch|p2a: Magneton|Magneton, L90|104\/273
|turn|18
|choice|move 2|move 1
|
|move|p1a: Mew|Fissure|p2a: Magneton|[miss]
|-miss|p1a: Mew
|move|p2a: Magneton|Thunderbolt|p1a: Mew
|-crit|p1a: Mew
|-damage|p1a: Mew|0 fnt
|faint|p1a: Mew
|choice|switch 6|
|
|switch|p1a: Jolteon|Jolteon, L79|265\/265
|turn|19
|choice|move 4|move 3
|
|move|p1a: Jolteon|Double Kick|p2a: Magneton
|-damage|p2a: Magneton|90\/273
|-damage|p2a: Magneton|76\/273
|-hitcount|p2a: Magneton|2
|move|p2a: Magneton|Hyper Beam|p1a: Jolteon
|-damage|p1a: Jolteon|149\/265
|
|turn|20
|-mustrecharge|p2a: Magneton
|-mustrecharge|p2a: Magneton
|choice|move 1|move 1
|
|move|p1a: Jolteon|Thunderbolt|p2a: Magneton
|-resisted|p2a: Magneton
|-damage|p2a: Magneton|41\/273
|cant|p2a: Magneton|recharge
|
|turn|21
|choice|move 2|move 2
|
|move|p1a: Jolteon|Pin Missile|p2a: Magneton
|-damage|p2a: Magneton|33\/273
|-damage|p2a: Magneton|25\/273
|-hitcount|p2a: Magneton|2
|move|p2a: Magneton|Double-Edge|p1a: Jolteon
|-damage|p1a: Jolteon|62\/265
|-damage|p2a: Magneton|4\/273|[from] recoil|[of] p1a: Jolteon
|
|turn|22
|choice|move 2|move 2
|
|move|p1a: Jolteon|Pin Missile|p2a: Magneton
|-damage|p2a: Magneton|0 fnt
|-hitcount|p2a: Magneton|1
|faint|p2a: Magneton
|choice||switch 3
|
|switch|p2a: Nidorino|Nidorino, L90|293\/293
|turn|23
|choice|move 1|move 3
|
|move|p1a: Jolteon|Thunderbolt|p2a: Nidorino
|-damage|p2a: Nidorino|170\/293
|move|p2a: Nidorino|Leer|p1a: Jolteon
|-unboost|p1a: Jolteon|def|1
|
|turn|24
|choice|move 1|move 3
|
|move|p1a: Jolteon|Thunderbolt|p2a: Nidorino
|-damage|p2a: Nidorino|58\/293
|move|p2a: Nidorino|Leer|p1a: Jolteon
|-unboost|p1a: Jolteon|def|1
|
|turn|25
|choice|move 2|move 4
|
|move|p1a: Jolteon|Pin Missile|p2a: Nidorino|[miss]
|-miss|p1a: Jolteon
|move|p2a: Nidorino|Bubble Beam|p1a: Jolteon
|-crit|p1a: Jolteon
|-damage|p1a: Jolteon|0 fnt
|faint|p1a: Jolteon
|
|win|MALESANI
|player|p1
|player|p2
|raw|Ynohtna Nygeb's rating: 1267 &rarr; <strong>1246<\/strong><br \/>(-21 for losing)
|raw|MALESANI's rating: 1318 &rarr; <strong>1335<\/strong><br \/>(+17 for winning)
|l|Ynohtna Nygeb