|join|mattttt96
|join|sbobby
|player|p1|mattttt96|102
|player|p2|sbobby|53
|gametype|singles
|gen|1
|tier|[Gen 1] OU (beta)
|rated
|rule|Sleep Clause Mod: Limit one foe put to sleep
|rule|Species Clause: Limit one of each Pokemon
|rule|OHKO Clause: OHKO moves are banned
|rule|Moody Clause: Moody is banned
|rule|Evasion Moves Clause: Evasion moves are banned
|rule|Endless Battle Clause: Forcing endless battles is banned.
|rule|HP Percentage Mod: HP is reported as percentages
|
|start
|switch|p1a: Gengar|Gengar|323\/323
|switch|p2a: Venusaur|Venusaur|363\/363
|turn|1
|join|Sbadunz
|
|move|p1a: Gengar|Hypnosis|p2a: Venusaur
|-status|p2a: Venusaur|slp
|cant|p2a: Venusaur|slp
|
|turn|2
|
|switch|p1a: Snorlax|Snorlax|523\/523
|cant|p2a: Venusaur|slp
|
|turn|3
|
|cant|p2a: Venusaur|slp
|move|p1a: Snorlax|Body Slam|p2a: Venusaur
|-damage|p2a: Venusaur|246\/363 slp
|
|turn|4
|
|cant|p2a: Venusaur|slp
|move|p1a: Snorlax|Body Slam|p2a: Venusaur
|-damage|p2a: Venusaur|124\/363 slp
|
|turn|5
|
|cant|p2a: Venusaur|slp
|-curestatus|p2a: Venusaur|slp
|move|p1a: Snorlax|Body Slam|p2a: Venusaur
|-damage|p2a: Venusaur|6\/363
|
|turn|6
|
|move|p2a: Venusaur|Sleep Powder|p1a: Snorlax|[miss]
|-miss|p2a: Venusaur
|move|p1a: Snorlax|Body Slam|p2a: Venusaur
|-damage|p2a: Venusaur|0 fnt
|faint|p2a: Venusaur
|
|chat|sbobby|..
|
|switch|p2a: Alakazam|Alakazam|313\/313
|turn|7
|
|move|p2a: Alakazam|Reflect|p2a: Alakazam
|move|p1a: Snorlax|Body Slam|p2a: Alakazam
|-damage|p2a: Alakazam|231\/313
|-status|p2a: Alakazam|par
|
|turn|8
|
|move|p1a: Snorlax|Body Slam|p2a: Alakazam
|-damage|p2a: Alakazam|149\/313 par
|move|p2a: Alakazam|Reflect|p2a: Alakazam
|-fail|p2a: Alakazam
|
|turn|9
|
|move|p1a: Snorlax|Body Slam|p2a: Alakazam
|-damage|p2a: Alakazam|64\/313 par
|move|p2a: Alakazam|Recover|p2a: Alakazam
|-heal|p2a: Alakazam|220\/313 par
|
|turn|10
|
|move|p1a: Snorlax|Body Slam|p2a: Alakazam
|-damage|p2a: Alakazam|132\/313 par
|move|p2a: Alakazam|Thunder Wave|p1a: Snorlax
|-status|p1a: Snorlax|par
|
|turn|11
|leave|Sbadunz
|
|move|p2a: Alakazam|Recover|p2a: Alakazam
|-heal|p2a: Alakazam|288\/313 par
|move|p1a: Snorlax|Body Slam|p2a: Alakazam
|-damage|p2a: Alakazam|202\/313 par
|
|turn|12
|
|move|p2a: Alakazam|Psychic|p1a: Snorlax
|-damage|p1a: Snorlax|341\/523 par
|-unboost|p1a: Snorlax|spd|1
|-unboost|p1a: Snorlax|spa|1
|cant|p1a: Snorlax|par
|
|turn|13
|
|switch|p1a: Lapras|Lapras|463\/463
|cant|p2a: Alakazam|par
|
|turn|14
|
|move|p1a: Lapras|Confuse Ray|p2a: Alakazam
|-start|p2a: Alakazam|confusion
|-activate|p2a: Alakazam|confusion
|-damage|p2a: Alakazam|185\/313 par|[from] confusion
|
|turn|15
|
|move|p1a: Lapras|Body Slam|p2a: Alakazam
|-damage|p2a: Alakazam|137\/313 par
|-activate|p2a: Alakazam|confusion
|move|p2a: Alakazam|Thunder Wave|p1a: Lapras
|-status|p1a: Lapras|par
|
|turn|16
|
|cant|p2a: Alakazam|par
|move|p1a: Lapras|Body Slam|p2a: Alakazam
|-damage|p2a: Alakazam|91\/313 par
|
|turn|17
|
|-end|p2a: Alakazam|confusion
|move|p2a: Alakazam|Recover|p2a: Alakazam
|-heal|p2a: Alakazam|247\/313 par
|cant|p1a: Lapras|par
|
|turn|18
|
|switch|p2a: Jolteon|Jolteon|333\/333
|move|p1a: Lapras|Confuse Ray|p2a: Jolteon
|-start|p2a: Jolteon|confusion
|
|turn|19
|join|Monster Jack 93
|
|switch|p1a: Snorlax|Snorlax|341\/523 par
|-activate|p2a: Jolteon|confusion
|-damage|p2a: Jolteon|298\/333|[from] confusion
|
|turn|20
|
|switch|p2a: Slowbro|Slowbro|393\/393
|move|p1a: Snorlax|Earthquake|p2a: Slowbro
|-damage|p2a: Slowbro|314\/393
|
|turn|21
|
|move|p2a: Slowbro|Amnesia|p2a: Slowbro
|-boost|p2a: Slowbro|spd|2
|-boost|p2a: Slowbro|spa|2
|move|p1a: Snorlax|Body Slam|p2a: Slowbro
|-damage|p2a: Slowbro|210\/393
|
|turn|22
|join|Super Knuckles
|
|move|p2a: Slowbro|Amnesia|p2a: Slowbro
|-boost|p2a: Slowbro|spd|2
|-boost|p2a: Slowbro|spa|2
|move|p1a: Snorlax|Self-Destruct|p2a: Slowbro
|-damage|p2a: Slowbro|0 fnt
|faint|p2a: Slowbro
|faint|p1a: Snorlax
|
|switch|p2a: Jolteon|Jolteon|298\/333
|switch|p1a: Gengar|Gengar|323\/323
|turn|23
|
|move|p2a: Jolteon|Thunder Wave|p1a: Gengar
|-status|p1a: Gengar|par
|move|p1a: Gengar|Hypnosis|p2a: Jolteon
|-status|p2a: Jolteon|slp
|
|turn|24
|
|switch|p2a: Alakazam|Alakazam|247\/313 par
|switch|p1a: Tauros|Tauros|353\/353
|
|turn|25
|leave|Monster Jack 93
|
|move|p1a: Tauros|Hyper Beam|p2a: Alakazam
|-damage|p2a: Alakazam|0 fnt
|faint|p2a: Alakazam
|
|
|switch|p2a: Chansey|Chansey|703\/703
|turn|26
|
|move|p1a: Tauros|Body Slam|p2a: Chansey
|-crit|p2a: Chansey
|-damage|p2a: Chansey|184\/703
|move|p2a: Chansey|Thunder Wave|p1a: Tauros
|-status|p1a: Tauros|par
|
|turn|27
|
|move|p2a: Chansey|Soft-Boiled|p2a: Chansey
|-heal|p2a: Chansey|535\/703
|cant|p1a: Tauros|par
|
|turn|28
|
|move|p2a: Chansey|Thunderbolt|p1a: Tauros
|-damage|p1a: Tauros|248\/353 par
|cant|p1a: Tauros|par
|
|turn|29
|
|move|p2a: Chansey|Thunderbolt|p1a: Tauros
|-damage|p1a: Tauros|154\/353 par
|cant|p1a: Tauros|par
|
|turn|30
|
|move|p2a: Chansey|Thunderbolt|p1a: Tauros
|-damage|p1a: Tauros|56\/353 par
|move|p1a: Tauros|Body Slam|p2a: Chansey
|-damage|p2a: Chansey|264\/703
|
|turn|31
|
|move|p2a: Chansey|Thunderbolt|p1a: Tauros
|-damage|p1a: Tauros|0 fnt
|faint|p1a: Tauros
|
|
|switch|p1a: Chansey|Chansey|703\/703
|turn|32
|
|move|p2a: Chansey|Soft-Boiled|p2a: Chansey
|-heal|p2a: Chansey|615\/703
|move|p1a: Chansey|Ice Beam|p2a: Chansey
|-crit|p2a: Chansey
|-damage|p2a: Chansey|465\/703
|
|turn|33
|
|move|p2a: Chansey|Ice Beam|p1a: Chansey
|-damage|p1a: Chansey|626\/703
|move|p1a: Chansey|Ice Beam|p2a: Chansey
|-damage|p2a: Chansey|391\/703
|
|turn|34
|
|move|p1a: Chansey|Ice Beam|p2a: Chansey
|-damage|p2a: Chansey|319\/703
|move|p2a: Chansey|Ice Beam|p1a: Chansey
|-damage|p1a: Chansey|547\/703
|
|turn|35
|
|move|p2a: Chansey|Ice Beam|p1a: Chansey
|-damage|p1a: Chansey|474\/703
|move|p1a: Chansey|Ice Beam|p2a: Chansey
|-damage|p2a: Chansey|243\/703
|
|turn|36
|
|move|p2a: Chansey|Ice Beam|p1a: Chansey
|-damage|p1a: Chansey|404\/703
|move|p1a: Chansey|Ice Beam|p2a: Chansey
|-damage|p2a: Chansey|172\/703
|
|turn|37
|
|move|p2a: Chansey|Soft-Boiled|p2a: Chansey
|-heal|p2a: Chansey|523\/703
|move|p1a: Chansey|Ice Beam|p2a: Chansey
|-damage|p2a: Chansey|451\/703
|
|turn|38
|
|move|p2a: Chansey|Ice Beam|p1a: Chansey
|-crit|p1a: Chansey
|-damage|p1a: Chansey|252\/703
|move|p1a: Chansey|Ice Beam|p2a: Chansey
|-damage|p2a: Chansey|374\/703
|
|turn|39
|
|move|p2a: Chansey|Ice Beam|p1a: Chansey
|-damage|p1a: Chansey|176\/703
|move|p1a: Chansey|Ice Beam|p2a: Chansey
|-damage|p2a: Chansey|298\/703
|-status|p2a: Chansey|frz
|
|turn|40
|
|switch|p2a: Jolteon|Jolteon|298\/333 slp
|move|p1a: Chansey|Soft-Boiled|p1a: Chansey
|-heal|p1a: Chansey|527\/703
|
|turn|41
|
|cant|p2a: Jolteon|slp
|-curestatus|p2a: Jolteon|slp
|move|p1a: Chansey|Ice Beam|p2a: Jolteon
|-damage|p2a: Jolteon|226\/333
|
|turn|42
|
|move|p2a: Jolteon|Thunder Wave|p1a: Chansey
|-status|p1a: Chansey|par
|cant|p1a: Chansey|par
|
|turn|43
|
|switch|p2a: Tauros|Tauros|353\/353
|cant|p1a: Chansey|par
|
|turn|44
|
|switch|p1a: Gengar|Gengar|323\/323 par
|move|p2a: Tauros|Body Slam|p1a: Gengar
|-immune|p1a: Gengar|[msg]
|
|turn|45
|
|move|p2a: Tauros|Earthquake|p1a: Gengar
|-supereffective|p1a: Gengar
|-damage|p1a: Gengar|112\/323 par
|move|p1a: Gengar|Thunderbolt|p2a: Tauros
|-damage|p2a: Tauros|244\/353
|
|turn|46
|
|switch|p1a: Zapdos|Zapdos|383\/383
|move|p2a: Tauros|Earthquake|p1a: Zapdos
|-immune|p1a: Zapdos|[msg]
|
|turn|47
|
|switch|p2a: Jolteon|Jolteon|226\/333
|move|p1a: Zapdos|Thunder Wave|p2a: Jolteon
|-status|p2a: Jolteon|par
|
|turn|48
|
|move|p1a: Zapdos|Thunderbolt|p2a: Jolteon
|-resisted|p2a: Jolteon
|-damage|p2a: Jolteon|162\/333 par
|cant|p2a: Jolteon|par
|
|turn|49
|
|move|p1a: Zapdos|Thunderbolt|p2a: Jolteon
|-resisted|p2a: Jolteon
|-damage|p2a: Jolteon|99\/333 par
|move|p2a: Jolteon|Thunder Wave|p1a: Zapdos
|-status|p1a: Zapdos|par
|
|turn|50
|
|move|p2a: Jolteon|Thunderbolt|p1a: Zapdos
|-damage|p1a: Zapdos|282\/383 par
|cant|p1a: Zapdos|par
|
|turn|51
|
|move|p2a: Jolteon|Thunderbolt|p1a: Zapdos
|-damage|p1a: Zapdos|173\/383 par
|move|p1a: Zapdos|Thunderbolt|p2a: Jolteon
|-resisted|p2a: Jolteon
|-damage|p2a: Jolteon|35\/333 par
|
|turn|52
|
|cant|p2a: Jolteon|par
|move|p1a: Zapdos|Thunderbolt|p2a: Jolteon
|-resisted|p2a: Jolteon
|-damage|p2a: Jolteon|0 fnt
|faint|p2a: Jolteon
|
|
|switch|p2a: Tauros|Tauros|244\/353
|turn|53
|
|move|p2a: Tauros|Blizzard|p1a: Zapdos
|-crit|p1a: Zapdos
|-supereffective|p1a: Zapdos
|-damage|p1a: Zapdos|0 fnt
|faint|p1a: Zapdos
|
|
|switch|p1a: Lapras|Lapras|463\/463 par
|turn|54
|
|move|p2a: Tauros|Body Slam|p1a: Lapras
|-damage|p1a: Lapras|351\/463 par
|move|p1a: Lapras|Confuse Ray|p2a: Tauros
|-start|p2a: Tauros|confusion
|
|turn|55
|
|switch|p2a: Chansey|Chansey|298\/703 frz
|move|p1a: Lapras|Body Slam|p2a: Chansey
|-damage|p2a: Chansey|137\/703 frz
|
|turn|56
|
|cant|p2a: Chansey|frz
|move|p1a: Lapras|Body Slam|p2a: Chansey
|-crit|p2a: Chansey
|-damage|p2a: Chansey|0 fnt
|faint|p2a: Chansey
|
|
|switch|p2a: Tauros|Tauros|244\/353
|turn|57
|
|move|p2a: Tauros|Body Slam|p1a: Lapras
|-damage|p1a: Lapras|244\/463 par
|cant|p1a: Lapras|par
|
|turn|58
|
|move|p2a: Tauros|Body Slam|p1a: Lapras
|-damage|p1a: Lapras|122\/463 par
|move|p1a: Lapras|Blizzard|p2a: Tauros
|-damage|p2a: Tauros|84\/353
|
|turn|59
|join|Sbadunz
|
|move|p2a: Tauros|Hyper Beam|p1a: Lapras
|-damage|p1a: Lapras|0 fnt
|faint|p1a: Lapras
|
|
|switch|p1a: Chansey|Chansey|527\/703 par
|turn|60
|
|move|p2a: Tauros|Body Slam|p1a: Chansey
|-damage|p1a: Chansey|253\/703 par
|move|p1a: Chansey|Ice Beam|p2a: Tauros
|-damage|p2a: Tauros|0 fnt
|faint|p2a: Tauros
|
|win|mattttt96
|raw|Ladder updating...
|raw|mattttt96's rating: 1255 &rarr; <strong>1265<\/strong><br \/>(+10 for winning)
|raw|sbobby's rating: 1000 &rarr; <strong>1000<\/strong><br \/>(+0 for losing)
|leave|sbobby
|chat|mattttt96|gg
|player|p2
|leave|Sbadunz