|join|joshez
|join|andreWandres
|player|p1|joshez|158
|player|p2|andreWandres|266
|gametype|singles
|gen|1
|tier|[Gen 1] Random Battle
|rated
|rule|Sleep Clause Mod: Limit one foe put to sleep
|rule|Freeze Clause Mod: Limit one foe frozen
|rule|HP Percentage Mod: HP is shown in percentages
|
|start
|switch|p1a: Bulbasaur|Bulbasaur, L96|281\/281
|switch|p2a: Kadabra|Kadabra, L85|242\/242
|turn|1
|
|move|p2a: Kadabra|Psychic|p1a: Bulbasaur
|-crit|p1a: Bulbasaur
|-supereffective|p1a: Bulbasaur
|-damage|p1a: Bulbasaur|0 fnt
|faint|p1a: Bulbasaur
|
|switch|p1a: Farfetch'd|Farfetch'd, L99|304\/304
|turn|2
|
|move|p2a: Kadabra|Thunder Wave|p1a: Farfetch'd
|-status|p1a: Farfetch'd|par
|move|p1a: Farfetch'd|Substitute|p1a: Farfetch'd
|-start|p1a: Farfetch'd|Substitute
|-damage|p1a: Farfetch'd|228\/304 par
|
|turn|3
|
|move|p2a: Kadabra|Psychic|p1a: Farfetch'd
|-end|p1a: Farfetch'd|Substitute
|move|p1a: Farfetch'd|Swords Dance|p1a: Farfetch'd
|-boost|p1a: Farfetch'd|atk|2
|
|turn|4
|
|move|p2a: Kadabra|Psychic|p1a: Farfetch'd
|-damage|p1a: Farfetch'd|111\/304 par
|move|p1a: Farfetch'd|Body Slam|p2a: Kadabra
|-damage|p2a: Kadabra|0 fnt
|faint|p2a: Kadabra
|
|switch|p2a: Onix|Onix, L85|233\/233
|turn|5
|
|switch|p1a: Shellder|Shellder, L96|252\/252
|move|p2a: Onix|Rock Slide|p1a: Shellder
|-damage|p1a: Shellder|209\/252
|
|turn|6
|
|move|p2a: Onix|Explosion|p1a: Shellder
|-damage|p1a: Shellder|80\/252
|faint|p2a: Onix
|
|switch|p2a: Gengar|Gengar, L79|257\/257
|turn|7
|
|move|p2a: Gengar|Psychic|p1a: Shellder
|-damage|p1a: Shellder|0 fnt
|faint|p1a: Shellder
|
|switch|p1a: Electabuzz|Electabuzz, L85|284\/284
|turn|8
|
|move|p1a: Electabuzz|Psychic|p2a: Gengar
|-supereffective|p2a: Gengar
|-damage|p2a: Gengar|166\/257
|move|p2a: Gengar|Hypnosis|p1a: Electabuzz|[miss]
|-miss|p2a: Gengar
|
|turn|9
|
|move|p1a: Electabuzz|Psychic|p2a: Gengar
|-crit|p2a: Gengar
|-supereffective|p2a: Gengar
|-damage|p2a: Gengar|0 fnt
|faint|p2a: Gengar
|c|★andreWandres|of course..
|
|switch|p2a: Hitmonchan|Hitmonchan, L85|259\/259
|turn|10
|c|★andreWandres|stupdi lucker..
|
|move|p1a: Electabuzz|Thunder Wave|p2a: Hitmonchan
|-status|p2a: Hitmonchan|par
|move|p2a: Hitmonchan|Body Slam|p1a: Electabuzz
|-damage|p1a: Electabuzz|208\/284
|
|turn|11
|c|★joshez|lmao you're angry at me for getting a crit?
|
|move|p1a: Electabuzz|Thunderbolt|p2a: Hitmonchan
|-damage|p2a: Hitmonchan|96\/259 par
|move|p2a: Hitmonchan|Body Slam|p1a: Electabuzz
|-damage|p1a: Electabuzz|121\/284
|
|turn|12
|c|★joshez|dude we're playing pokemon, if you don't like luck don't play this game
|
|move|p1a: Electabuzz|Thunderbolt|p2a: Hitmonchan
|-damage|p2a: Hitmonchan|0 fnt
|faint|p2a: Hitmonchan
|
|switch|p2a: Fearow|Fearow, L85|284\/284
|turn|13
|
|move|p1a: Electabuzz|Thunderbolt|p2a: Fearow
|-supereffective|p2a: Fearow
|-damage|p2a: Fearow|61\/284
|move|p2a: Fearow|Hyper Beam|p1a: Electabuzz
|-damage|p1a: Electabuzz|0 fnt
|faint|p1a: Electabuzz
|
|switch|p1a: Farfetch'd|Farfetch'd, L99|111\/304 par
|turn|14
|
|move|p2a: Fearow|Double-Edge|p1a: Farfetch'd
|-damage|p1a: Farfetch'd|0 fnt
|-damage|p2a: Fearow|34\/284|[from] recoil|[of] p1a: Farfetch'd
|faint|p1a: Farfetch'd
|
|switch|p1a: Nidoking|Nidoking, L85|311\/311
|turn|15
|
|move|p2a: Fearow|Hyper Beam|p1a: Nidoking
|-damage|p1a: Nidoking|156\/311
|move|p1a: Nidoking|Thunderbolt|p2a: Fearow
|-supereffective|p2a: Fearow
|-damage|p2a: Fearow|0 fnt
|faint|p2a: Fearow
|
|switch|p2a: Aerodactyl|Aerodactyl, L85|310\/310
|turn|16
|
|move|p2a: Aerodactyl|Sky Attack|p1a: Nidoking|[still]
|-prepare|p2a: Aerodactyl|Sky Attack|p1a: Nidoking
|move|p1a: Nidoking|Blizzard|p2a: Aerodactyl
|-supereffective|p2a: Aerodactyl
|-damage|p2a: Aerodactyl|114\/310
|
|turn|17
|
|move|p2a: Aerodactyl|Sky Attack|p1a: Nidoking
|-damage|p1a: Nidoking|0 fnt
|faint|p1a: Nidoking
|
|switch|p1a: Poliwrath|Poliwrath, L85|327\/327
|turn|18
|
|move|p2a: Aerodactyl|Sky Attack|p1a: Poliwrath|[still]
|-prepare|p2a: Aerodactyl|Sky Attack|p1a: Poliwrath
|move|p1a: Poliwrath|Blizzard|p2a: Aerodactyl
|-crit|p2a: Aerodactyl
|-supereffective|p2a: Aerodactyl
|-damage|p2a: Aerodactyl|0 fnt
|faint|p2a: Aerodactyl
|
|win|joshez
|raw|Ladder updating...
|raw|joshez's rating: 1057 &rarr; <strong>1109<\/strong><br \/>(+52 for winning)
|raw|andreWandres's rating: 1328 &rarr; <strong>1295<\/strong><br \/>(-33 for losing)
|c|★joshez|gg