|j|Mandelbrot
|j|Whoremaster
|player|p1|Mandelbrot|60
|player|p2|Whoremaster|43
|gametype|singles
|gen|1
|tier|[Gen 1] OU
|seed|3271,6276,42044,134
|rule|Sleep Clause Mod: Limit one foe put to sleep
|rule|Freeze Clause Mod: Limit one foe frozen
|rule|Species Clause: Limit one of each Pokémon
|rule|OHKO Clause: OHKO moves are banned
|rule|Evasion Moves Clause: Evasion moves are banned
|rule|HP Percentage Mod: HP is shown in percentages
|
|start
|switch|p1a: Rajesh|Tangela|333\/333
|switch|p2a: Venomoth|Venomoth|343\/343
|turn|1
|choice|move 2|move 1
|
|move|p2a: Venomoth|Sleep Powder|p1a: Rajesh
|-status|p1a: Rajesh|slp
|-curestatus|p1a: Rajesh|slp
|
|turn|2
|choice|move 2|move 1
|
|move|p2a: Venomoth|Sleep Powder|p1a: Rajesh
|-status|p1a: Rajesh|slp
|cant|p1a: Rajesh|slp
|
|turn|3
|choice|move 2|move 3
|
|move|p2a: Venomoth|Psychic|p1a: Rajesh
|-damage|p1a: Rajesh|264\/333 slp
|cant|p1a: Rajesh|slp
|
|turn|4
|choice|move 2|move 3
|
|move|p2a: Venomoth|Psychic|p1a: Rajesh
|-damage|p1a: Rajesh|203\/333 slp
|-unboost|p1a: Rajesh|spd|1
|-unboost|p1a: Rajesh|spa|1
|cant|p1a: Rajesh|slp
|
|turn|5
|choice|move 2|move 3
|
|move|p2a: Venomoth|Psychic|p1a: Rajesh
|-damage|p1a: Rajesh|100\/333 slp
|-unboost|p1a: Rajesh|spd|1
|-unboost|p1a: Rajesh|spa|1
|cant|p1a: Rajesh|slp
|
|turn|6
|choice|switch 3|move 3
|
|switch|p1a: Erin|Electabuzz|333\/333
|move|p2a: Venomoth|Psychic|p1a: Erin
|-damage|p1a: Erin|255\/333
|
|turn|7
|j|Ch01W0n5h1n
|choice|move 2|switch 6
|
|switch|p2a: Graveler|Graveler|313\/313
|move|p1a: Erin|Psychic|p2a: Graveler
|-damage|p2a: Graveler|219\/313
|-unboost|p2a: Graveler|spd|1
|-unboost|p2a: Graveler|spa|1
|
|turn|8
|choice|move 2|move 2
|
|move|p1a: Erin|Psychic|p2a: Graveler
|-damage|p2a: Graveler|77\/313
|move|p2a: Graveler|Earthquake|p1a: Erin
|-crit|p1a: Erin
|-supereffective|p1a: Erin
|-damage|p1a: Erin|0 fnt
|faint|p1a: Erin
|choice|switch 2|
|
|switch|p1a: Chelsea|Poliwrath|383\/383
|turn|9
|choice|move 4|switch 3
|
|switch|p2a: Poliwrath|Poliwrath|383\/383
|move|p1a: Chelsea|Blizzard|p2a: Poliwrath
|-resisted|p2a: Poliwrath
|-damage|p2a: Poliwrath|337\/383
|
|turn|10
|choice|move 2|move 1
|
|move|p2a: Poliwrath|Amnesia|p2a: Poliwrath
|-boost|p2a: Poliwrath|spd|2
|-boost|p2a: Poliwrath|spa|2
|move|p1a: Chelsea|Hypnosis|p2a: Poliwrath
|-status|p2a: Poliwrath|slp
|
|turn|11
|choice|move 4|switch 4
|
|switch|p2a: Vaporeon|Vaporeon|463\/463
|move|p1a: Chelsea|Blizzard|p2a: Vaporeon
|-resisted|p2a: Vaporeon
|-damage|p2a: Vaporeon|430\/463
|
|turn|12
|choice|move 4|move 2
|
|move|p1a: Chelsea|Blizzard|p2a: Vaporeon
|-resisted|p2a: Vaporeon
|-damage|p2a: Vaporeon|393\/463
|move|p2a: Vaporeon|Body Slam|p1a: Chelsea
|-crit|p1a: Chelsea
|-damage|p1a: Chelsea|286\/383
|-status|p1a: Chelsea|par
|
|turn|13
|choice|move 4|move 2
|
|move|p2a: Vaporeon|Body Slam|p1a: Chelsea
|-damage|p1a: Chelsea|236\/383 par
|move|p1a: Chelsea|Blizzard|p2a: Vaporeon
|-resisted|p2a: Vaporeon
|-damage|p2a: Vaporeon|358\/463
|
|turn|14
|choice|move 4|move 2
|
|move|p2a: Vaporeon|Body Slam|p1a: Chelsea
|-damage|p1a: Chelsea|187\/383 par
|move|p1a: Chelsea|Blizzard|p2a: Vaporeon
|-resisted|p2a: Vaporeon
|-damage|p2a: Vaporeon|325\/463
|
|turn|15
|choice|move 4|move 2
|
|move|p2a: Vaporeon|Body Slam|p1a: Chelsea
|-damage|p1a: Chelsea|137\/383 par
|cant|p1a: Chelsea|par
|
|turn|16
|choice|move 4|switch 2
|
|switch|p2a: Electabuzz|Electabuzz|333\/333
|cant|p1a: Chelsea|par
|
|turn|17
|choice|move 4|move 2
|
|move|p2a: Electabuzz|Psychic|p1a: Chelsea
|-supereffective|p1a: Chelsea
|-damage|p1a: Chelsea|0 fnt
|faint|p1a: Chelsea
|c|★Mandelbrot|I need me a graveler.
|choice|switch 5|
|
|switch|p1a: Diego|Ninetales|349\/349
|turn|18
|choice|move 1|switch 2
|
|switch|p2a: Vaporeon|Vaporeon|325\/463
|move|p1a: Diego|Confuse Ray|p2a: Vaporeon
|-start|p2a: Vaporeon|confusion
|
|turn|19
|choice|switch 6|move 1
|
|switch|p1a: Anessa|Weezing|333\/333
|-activate|p2a: Vaporeon|confusion
|move|p2a: Vaporeon|Surf|p1a: Anessa
|-damage|p1a: Anessa|201\/333
|
|turn|20
|choice|move 3|switch 3
|
|switch|p2a: Graveler|Graveler|77\/313
|move|p1a: Anessa|Thunderbolt|p2a: Graveler
|-immune|p2a: Graveler|[msg]
|
|turn|21
|choice|move 2|move 2
|
|move|p1a: Anessa|Fire Blast|p2a: Graveler
|-resisted|p2a: Graveler
|-damage|p2a: Graveler|7\/313
|move|p2a: Graveler|Earthquake|p1a: Anessa
|-supereffective|p1a: Anessa
|-damage|p1a: Anessa|0 fnt
|faint|p1a: Anessa
|choice|switch 6|
|
|switch|p1a: Diego|Ninetales|349\/349
|turn|22
|c|★Mandelbrot|Fire blast OP
|c|★Whoremaster|its not bad coming from a fire type
|choice|move 3|switch 3
|
|switch|p2a: Vaporeon|Vaporeon|325\/463
|move|p1a: Diego|Body Slam|p2a: Vaporeon
|-damage|p2a: Vaporeon|251\/463
|
|turn|23
|choice|move 1|move 3
|
|move|p1a: Diego|Confuse Ray|p2a: Vaporeon
|-start|p2a: Vaporeon|confusion
|-activate|p2a: Vaporeon|confusion
|-damage|p2a: Vaporeon|214\/463|[from] confusion
|
|turn|24
|choice|move 4|move 4
|
|move|p1a: Diego|Fire Spin|p2a: Vaporeon
|-resisted|p2a: Vaporeon
|-damage|p2a: Vaporeon|206\/463
|-activate|p2a: Vaporeon|move: Fire Spin|[of] p1a: Diego
|cant|p2a: Vaporeon|partiallytrapped
|
|turn|25
|choice|move 4|switch 3
|
|switch|p2a: Graveler|Graveler|7\/313
|move|p1a: Diego|Fire Spin|p2a: Graveler
|-crit|p2a: Graveler
|-resisted|p2a: Graveler
|-damage|p2a: Graveler|0 fnt
|faint|p2a: Graveler
|c|★Mandelbrot|That was legit a misclick.
|choice||switch 2
|
|switch|p2a: Electabuzz|Electabuzz|333\/333
|turn|26
|choice|move 1|move 3
|
|move|p2a: Electabuzz|Thunder Wave|p1a: Diego
|-status|p1a: Diego|par
|move|p1a: Diego|Confuse Ray|p2a: Electabuzz
|-start|p2a: Electabuzz|confusion
|
|turn|27
|choice|move 3|switch 4
|
|switch|p2a: Poliwrath|Poliwrath|337\/383 slp
|move|p1a: Diego|Body Slam|p2a: Poliwrath
|-damage|p2a: Poliwrath|275\/383 slp
|
|turn|28
|c|★Whoremaster|aye ive done some good ones
|c|★Whoremaster|self destructed a lax on a gengar instead of eq lol
|choice|switch 4|move 4
|
|switch|p1a: Bjorn|Scyther|343\/343
|cant|p2a: Poliwrath|slp
|
|turn|29
|choice|move 1|switch 6
|
|switch|p2a: Venomoth|Venomoth|343\/343
|move|p1a: Bjorn|Swords Dance|p1a: Bjorn
|-boost|p1a: Bjorn|atk|2
|
|turn|30
|choice|move 1|move 2
|
|move|p1a: Bjorn|Swords Dance|p1a: Bjorn
|-boost|p1a: Bjorn|atk|2
|move|p2a: Venomoth|Stun Spore|p1a: Bjorn
|-status|p1a: Bjorn|par
|
|turn|31
|choice|move 2|move 3
|
|move|p2a: Venomoth|Psychic|p1a: Bjorn
|-damage|p1a: Bjorn|242\/343 par
|-unboost|p1a: Bjorn|spd|1
|-unboost|p1a: Bjorn|spa|1
|move|p1a: Bjorn|Agility|p1a: Bjorn
|-boost|p1a: Bjorn|spe|2
|
|turn|32
|choice|move 3|move 3
|
|move|p1a: Bjorn|Hyper Beam|p2a: Venomoth
|-damage|p2a: Venomoth|0 fnt
|faint|p2a: Venomoth
|choice||switch 4
|
|switch|p2a: Electabuzz|Electabuzz|333\/333
|turn|33
|choice|move 3|move 1
|
|move|p1a: Bjorn|Hyper Beam|p2a: Electabuzz
|-damage|p2a: Electabuzz|0 fnt
|faint|p2a: Electabuzz
|choice||switch 5
|
|switch|p2a: Raticate|Raticate|313\/313
|turn|34
|choice|move 3|move 4
|
|move|p1a: Bjorn|Hyper Beam|p2a: Raticate
|-damage|p2a: Raticate|0 fnt
|faint|p2a: Raticate
|choice||switch 3
|
|switch|p2a: Vaporeon|Vaporeon|206\/463
|turn|35
|c|★Mandelbrot|Hyper beam is my ring tone.
|c|★Whoremaster|aye this fellas mean
|choice|move 3|move 4
|
|move|p1a: Bjorn|Hyper Beam|p2a: Vaporeon
|-damage|p2a: Vaporeon|0 fnt
|faint|p2a: Vaporeon
|choice||switch 6
|
|switch|p2a: Poliwrath|Poliwrath|275\/383 slp
|turn|36
|c|★Whoremaster|gg!
|choice|move 3|move 4
|
|move|p1a: Bjorn|Hyper Beam|p2a: Poliwrath
|-crit|p2a: Poliwrath
|-damage|p2a: Poliwrath|14\/383 slp
|-curestatus|p2a: Poliwrath|slp
|
|turn|37
|-mustrecharge|p1a: Bjorn
|c|★Mandelbrot|lol
|-mustrecharge|p1a: Bjorn
|choice|move 1|move 4
|
|cant|p1a: Bjorn|recharge
|move|p2a: Poliwrath|Rest|p2a: Poliwrath
|-status|p2a: Poliwrath|slp
|-heal|p2a: Poliwrath|383\/383 slp|[silent]
|-status|p2a: Poliwrath|slp|[from] move: Rest
|
|turn|38
|c|★Whoremaster|hmm maybe i should have attacked
|choice|move 1|move 2
|
|move|p1a: Bjorn|Swords Dance|p1a: Bjorn
|-boost|p1a: Bjorn|atk|2
|cant|p2a: Poliwrath|slp
|
|turn|39
|choice|move 3|move 2
|
|cant|p1a: Bjorn|par
|-curestatus|p2a: Poliwrath|slp
|
|turn|40
|choice|move 3|move 2
|
|cant|p1a: Bjorn|par
|move|p2a: Poliwrath|Psychic|p1a: Bjorn
|-damage|p1a: Bjorn|114\/343 par
|
|turn|41
|c|★Mandelbrot|Maybe I should have too
|choice|move 3|move 2
|
|move|p1a: Bjorn|Hyper Beam|p2a: Poliwrath|[miss]
|-miss|p1a: Bjorn
|move|p2a: Poliwrath|Psychic|p1a: Bjorn
|-damage|p1a: Bjorn|0 fnt
|faint|p1a: Bjorn
|c|★Whoremaster|yessss
|choice|switch 4|
|
|switch|p1a: Diego|Ninetales|349\/349 par
|turn|42
|choice|move 1|move 1
|
|move|p2a: Poliwrath|Amnesia|p2a: Poliwrath
|-boost|p2a: Poliwrath|spd|2
|-boost|p2a: Poliwrath|spa|2
|move|p1a: Diego|Confuse Ray|p2a: Poliwrath
|-start|p2a: Poliwrath|confusion
|
|turn|43
|choice|move 3|move 3
|
|-activate|p2a: Poliwrath|confusion
|move|p2a: Poliwrath|Surf|p1a: Diego
|-supereffective|p1a: Diego
|-damage|p1a: Diego|0 fnt
|faint|p1a: Diego
|choice|switch 3|
|
|switch|p1a: Rajesh|Tangela|100\/333 slp
|turn|44
|c|★Whoremaster|gg
|choice|move 2|move 2
|
|-activate|p2a: Poliwrath|confusion
|-damage|p2a: Poliwrath|350\/383|[from] confusion
|cant|p1a: Rajesh|slp
|
|turn|45
|c|★Whoremaster|scyther is the true og
|choice|move 2|move 2
|
|-end|p2a: Poliwrath|confusion
|move|p2a: Poliwrath|Psychic|p1a: Rajesh
|-damage|p1a: Rajesh|0 fnt
|faint|p1a: Rajesh
|
|win|Whoremaster
|player|p1
|player|p2
|c|★Mandelbrot|lol
|c|★Mandelbrot|gg
|c|★Whoremaster|gg
|l|Whoremaster