|join|arafalo2
|join|ggcummend
|player|p1|arafalo2|169
|player|p2|ggcummend|10
|gametype|singles
|gen|1
|tier|[Gen 1] OU (beta)
|rated
|rule|Sleep Clause Mod: Limit one foe put to sleep
|rule|Species Clause: Limit one of each Pokemon
|rule|OHKO Clause: OHKO moves are banned
|rule|Moody Clause: Moody is banned
|rule|Evasion Moves Clause: Evasion moves are banned
|rule|Endless Battle Clause: Forcing endless battles is banned.
|rule|HP Percentage Mod: HP is reported as percentages
|
|start
|switch|p1a: Jynx|Jynx|333\/333
|switch|p2a: Alakazam|Alakazam|313\/313
|turn|1
|callback|decision
|
|move|p2a: Alakazam|Seismic Toss|p1a: Jynx
|-damage|p1a: Jynx|233\/333
|move|p1a: Jynx|Lovely Kiss|p2a: Alakazam|[miss]
|-miss|p1a: Jynx
|
|turn|2
|callback|decision
|
|move|p2a: Alakazam|Seismic Toss|p1a: Jynx
|-damage|p1a: Jynx|133\/333
|move|p1a: Jynx|Lovely Kiss|p2a: Alakazam
|-status|p2a: Alakazam|slp
|
|turn|3
|callback|decision
|
|switch|p2a: Chansey|Chansey|703\/703
|move|p1a: Jynx|Psychic|p2a: Chansey
|-damage|p2a: Chansey|612\/703
|-unboost|p2a: Chansey|spd|1
|-unboost|p2a: Chansey|spa|1
|
|turn|4
|callback|decision
|
|move|p1a: Jynx|Blizzard|p2a: Chansey
|-damage|p2a: Chansey|420\/703
|move|p2a: Chansey|Seismic Toss|p1a: Jynx
|-damage|p1a: Jynx|33\/333
|
|turn|5
|callback|decision
|
|move|p1a: Jynx|Blizzard|p2a: Chansey|[miss]
|-miss|p1a: Jynx
|move|p2a: Chansey|Seismic Toss|p1a: Jynx
|-damage|p1a: Jynx|0 fnt
|faint|p1a: Jynx
|
|callback|decision
|
|switch|p1a: Tauros|Tauros|353\/353
|turn|6
|callback|decision
|
|switch|p2a: Exeggutor|Exeggutor|393\/393
|move|p1a: Tauros|Body Slam|p2a: Exeggutor
|-crit|p2a: Exeggutor
|-damage|p2a: Exeggutor|180\/393
|
|turn|7
|callback|decision
|
|move|p1a: Tauros|Hyper Beam|p2a: Exeggutor|[miss]
|-miss|p1a: Tauros
|move|p2a: Exeggutor|Sleep Powder|p1a: Tauros
|-status|p1a: Tauros|slp
|
|turn|8
|callback|decision
|
|switch|p1a: Starmie|Starmie|323\/323
|move|p2a: Exeggutor|Stun Spore|p1a: Starmie
|-status|p1a: Starmie|par
|
|turn|9
|callback|decision
|
|switch|p2a: Chansey|Chansey|420\/703
|cant|p1a: Starmie|par
|
|turn|10
|callback|decision
|
|switch|p1a: Chansey|Chansey|703\/703
|move|p2a: Chansey|Soft-Boiled|p2a: Chansey
|-heal|p2a: Chansey|703\/703
|
|turn|11
|callback|decision
|
|move|p1a: Chansey|Ice Beam|p2a: Chansey
|-damage|p2a: Chansey|623\/703
|move|p2a: Chansey|Ice Beam|p1a: Chansey
|-crit|p1a: Chansey
|-damage|p1a: Chansey|543\/703
|
|turn|12
|callback|decision
|
|move|p2a: Chansey|Ice Beam|p1a: Chansey
|-damage|p1a: Chansey|462\/703
|move|p1a: Chansey|Ice Beam|p2a: Chansey
|-damage|p2a: Chansey|544\/703
|
|turn|13
|callback|decision
|
|move|p2a: Chansey|Ice Beam|p1a: Chansey
|-damage|p1a: Chansey|382\/703
|move|p1a: Chansey|Ice Beam|p2a: Chansey
|-damage|p2a: Chansey|473\/703
|
|turn|14
|callback|decision
|
|move|p2a: Chansey|Ice Beam|p1a: Chansey
|-damage|p1a: Chansey|307\/703
|move|p1a: Chansey|Ice Beam|p2a: Chansey
|-damage|p2a: Chansey|400\/703
|
|turn|15
|callback|decision
|
|move|p2a: Chansey|Ice Beam|p1a: Chansey
|-damage|p1a: Chansey|233\/703
|-status|p1a: Chansey|frz
|cant|p1a: Chansey|frz
|
|turn|16
|callback|decision
|
|switch|p1a: Tauros|Tauros|353\/353 slp
|move|p2a: Chansey|Soft-Boiled|p2a: Chansey
|-heal|p2a: Chansey|703\/703
|
|turn|17
|callback|decision
|
|cant|p1a: Tauros|slp
|move|p2a: Chansey|Seismic Toss|p1a: Tauros
|-damage|p1a: Tauros|253\/353 slp
|
|turn|18
|callback|decision
|
|switch|p2a: Snorlax|Snorlax|523\/523
|cant|p1a: Tauros|slp
|
|turn|19
|callback|decision
|
|cant|p1a: Tauros|slp
|move|p2a: Snorlax|Body Slam|p1a: Tauros
|-damage|p1a: Tauros|149\/353 slp
|
|turn|20
|callback|decision
|
|switch|p1a: Exeggutor|Exeggutor|393\/393
|move|p2a: Snorlax|Body Slam|p1a: Exeggutor
|-crit|p1a: Exeggutor
|-damage|p1a: Exeggutor|141\/393
|
|turn|21
|callback|decision
|
|switch|p2a: Exeggutor|Exeggutor|180\/393
|move|p1a: Exeggutor|Explosion|p2a: Exeggutor
|-damage|p2a: Exeggutor|0 fnt
|faint|p2a: Exeggutor
|faint|p1a: Exeggutor
|callback|decision
|
|switch|p1a: Alakazam|Alakazam|313\/313
|switch|p2a: Chansey|Chansey|703\/703
|turn|22
|callback|decision
|-message|arafalo2 forfeited.
|
|win|ggcummend
|raw|Ladder updating...
|leave|arafalo2
|player|p1
|raw|arafalo2's rating: 1307 &rarr; <strong>1289<\/strong><br \/>(-18 for losing)
|raw|ggcummend's rating: 1401 &rarr; <strong>1419<\/strong><br \/>(+18 for winning)