|join|Zank
|join|yaldyyyy
|player|p1|Zank|101
|player|p2|yaldyyyy|169
|gametype|singles
|gen|1
|tier|[Gen 1] Random Battle
|rated
|rule|Sleep Clause Mod: Limit one foe put to sleep
|rule|Freeze Clause Mod: Limit one foe frozen
|rule|HP Percentage Mod: HP is shown in percentages
|
|start
|switch|p1a: Slowbro|Slowbro, L79|312\/312
|switch|p2a: Blastoise|Blastoise, L85|308\/308
|turn|1
|
|move|p2a: Blastoise|Blizzard|p1a: Slowbro
|-crit|p1a: Slowbro
|-resisted|p1a: Slowbro
|-damage|p1a: Slowbro|229\/312
|move|p1a: Slowbro|Thunder Wave|p2a: Blastoise
|-status|p2a: Blastoise|par
|
|turn|2
|
|move|p1a: Slowbro|Amnesia|p1a: Slowbro
|-boost|p1a: Slowbro|spd|2
|-boost|p1a: Slowbro|spa|2
|move|p2a: Blastoise|Mimic|p1a: Slowbro
|-start|p2a: Blastoise|Mimic|Surf
|
|turn|3
|
|move|p1a: Slowbro|Amnesia|p1a: Slowbro
|-boost|p1a: Slowbro|spd|2
|-boost|p1a: Slowbro|spa|2
|cant|p2a: Blastoise|par
|
|turn|4
|
|move|p1a: Slowbro|Amnesia|p1a: Slowbro
|-boost|p1a: Slowbro|spd|2
|-boost|p1a: Slowbro|spa|2
|move|p2a: Blastoise|Hyper Beam|p1a: Slowbro
|-damage|p1a: Slowbro|138\/312
|
|turn|5
|
|move|p1a: Slowbro|Surf|p2a: Blastoise
|-crit|p2a: Blastoise
|-resisted|p2a: Blastoise
|-damage|p2a: Blastoise|231\/308 par
|cant|p2a: Blastoise|recharge
|
|turn|6
|
|move|p1a: Slowbro|Rest|p1a: Slowbro
|-status|p1a: Slowbro|slp
|-heal|p1a: Slowbro|312\/312 slp|[silent]
|-status|p1a: Slowbro|slp|[from] move: Rest
|move|p2a: Blastoise|Hyper Beam|p1a: Slowbro
|-damage|p1a: Slowbro|214\/312 slp
|
|turn|7
|
|cant|p1a: Slowbro|slp
|cant|p2a: Blastoise|recharge
|
|turn|8
|
|switch|p2a: Rapidash|Rapidash, L85|284\/284
|cant|p1a: Slowbro|slp
|-curestatus|p1a: Slowbro|slp
|
|turn|9
|
|move|p2a: Rapidash|Toxic|p1a: Slowbro
|-status|p1a: Slowbro|tox
|move|p1a: Slowbro|Surf|p2a: Rapidash
|-supereffective|p2a: Rapidash
|-damage|p2a: Rapidash|0 fnt
|faint|p2a: Rapidash
|
|switch|p2a: Blastoise|Blastoise, L85|231\/308 par
|turn|10
|
|move|p1a: Slowbro|Surf|p2a: Blastoise
|-resisted|p2a: Blastoise
|-damage|p2a: Blastoise|72\/308 par
|-damage|p1a: Slowbro|195\/312 tox|[from] tox|[of] p2a: Blastoise
|move|p2a: Blastoise|Hyper Beam|p1a: Slowbro
|-damage|p1a: Slowbro|109\/312 tox
|
|turn|11
|
|move|p1a: Slowbro|Surf|p2a: Blastoise
|-resisted|p2a: Blastoise
|-damage|p2a: Blastoise|0 fnt
|faint|p2a: Blastoise
|
|switch|p2a: Articuno|Articuno, L85|327\/327
|turn|12
|
|move|p2a: Articuno|Ice Beam|p1a: Slowbro
|-resisted|p1a: Slowbro
|-damage|p1a: Slowbro|91\/312 tox
|move|p1a: Slowbro|Rest|p1a: Slowbro
|-status|p1a: Slowbro|slp
|-heal|p1a: Slowbro|312\/312 slp|[silent]
|-status|p1a: Slowbro|slp|[from] move: Rest
|
|turn|13
|
|switch|p2a: Golem|Golem, L79|288\/288
|cant|p1a: Slowbro|slp
|
|turn|14
|
|move|p2a: Golem|Earthquake|p1a: Slowbro
|-damage|p1a: Slowbro|216\/312 slp
|cant|p1a: Slowbro|slp
|-curestatus|p1a: Slowbro|slp
|
|turn|15
|
|move|p2a: Golem|Body Slam|p1a: Slowbro
|-damage|p1a: Slowbro|167\/312
|move|p1a: Slowbro|Surf|p2a: Golem
|-supereffective|p2a: Golem
|-damage|p2a: Golem|0 fnt
|faint|p2a: Golem
|
|switch|p2a: Omastar|Omastar, L85|293\/293
|turn|16
|
|move|p2a: Omastar|Hydro Pump|p1a: Slowbro|[miss]
|-miss|p2a: Omastar
|move|p1a: Slowbro|Thunder Wave|p2a: Omastar
|-status|p2a: Omastar|par
|
|turn|17
|-message|yaldyyyy forfeited.
|leave|yaldyyyy
|
|win|Zank
|raw|Ladder updating...
|player|p2
|raw|Zank's rating: 1377 &rarr; <strong>1385<\/strong><br \/>(+8 for winning)
|raw|yaldyyyy's rating: 1152 &rarr; <strong>1141<\/strong><br \/>(-11 for losing)