|j|Ch01W0n5h1n
|j|truewario_dates_me
|player|p1|Ch01W0n5h1n|165
|player|p2|truewario_dates_me|25
|gametype|singles
|gen|1
|tier|[Gen 1] Random Battle
|rated
|seed|
|rule|Sleep Clause Mod: Limit one foe put to sleep
|rule|Freeze Clause Mod: Limit one foe frozen
|rule|HP Percentage Mod: HP is shown in percentages
|
|start
|switch|p1a: Arbok|Arbok, L90|100\/100
|switch|p2a: Exeggutor|Exeggutor, L79|100\/100
|turn|1
|choice||
|
|move|p1a: Arbok|Glare|p2a: Exeggutor
|-status|p2a: Exeggutor|par
|move|p2a: Exeggutor|Sleep Powder|p1a: Arbok|[miss]
|-miss|p2a: Exeggutor
|
|turn|2
|choice||
|
|move|p1a: Arbok|Rock Slide|p2a: Exeggutor
|-damage|p2a: Exeggutor|81\/100 par
|cant|p2a: Exeggutor|par
|
|turn|3
|c|★truewario_dates_me|LOL
|choice||
|
|move|p1a: Arbok|Rock Slide|p2a: Exeggutor
|-crit|p2a: Exeggutor
|-damage|p2a: Exeggutor|40\/100 par
|move|p2a: Exeggutor|Psychic|p1a: Arbok
|-supereffective|p1a: Arbok
|-damage|p1a: Arbok|18\/100
|
|turn|4
|choice||
|
|move|p1a: Arbok|Hyper Beam|p2a: Exeggutor
|-damage|p2a: Exeggutor|4\/100 par
|move|p2a: Exeggutor|Psychic|p1a: Arbok
|-supereffective|p1a: Arbok
|-damage|p1a: Arbok|0 fnt
|faint|p1a: Arbok
|choice||
|
|switch|p1a: Ninetales|Ninetales, L85|100\/100
|turn|5
|choice||
|
|move|p1a: Ninetales|Body Slam|p2a: Exeggutor
|-damage|p2a: Exeggutor|0 fnt
|faint|p2a: Exeggutor
|choice||
|
|switch|p2a: Chansey|Chansey, L79|100\/100
|turn|6
|choice||
|
|switch|p1a: Gloom|Gloom, L90|100\/100
|move|p2a: Chansey|Reflect|p2a: Chansey
|-start|p2a: Chansey|Reflect
|
|turn|7
|choice||
|
|move|p1a: Gloom|Sleep Powder|p2a: Chansey
|-status|p2a: Chansey|slp
|cant|p2a: Chansey|slp
|
|turn|8
|choice||
|
|switch|p2a: Rapidash|Rapidash, L90|100\/100
|move|p1a: Gloom|Swords Dance|p1a: Gloom
|-boost|p1a: Gloom|atk|2
|
|turn|9
|choice||
|
|switch|p1a: Kingler|Kingler, L85|100\/100
|move|p2a: Rapidash|Fire Blast|p1a: Kingler
|-resisted|p1a: Kingler
|-damage|p1a: Kingler|70\/100
|
|turn|10
|choice||
|
|switch|p2a: Kingler|Kingler, L85|100\/100
|move|p1a: Kingler|Crabhammer|p2a: Kingler
|-crit|p2a: Kingler
|-resisted|p2a: Kingler
|-damage|p2a: Kingler|69\/100
|
|turn|11
|choice||
|
|move|p1a: Kingler|Body Slam|p2a: Kingler
|-crit|p2a: Kingler
|-damage|p2a: Kingler|20\/100
|move|p2a: Kingler|Body Slam|p1a: Kingler
|-damage|p1a: Kingler|44\/100
|-status|p1a: Kingler|par
|
|turn|12
|choice||
|
|move|p2a: Kingler|Hyper Beam|p1a: Kingler
|-damage|p1a: Kingler|0 fnt
|faint|p1a: Kingler
|choice||
|
|switch|p1a: Mew|Mew, L74|100\/100
|turn|13
|choice||
|
|switch|p2a: Chansey|Chansey, L79|100\/100 slp
|move|p1a: Mew|Psychic|p2a: Chansey
|-damage|p2a: Chansey|89\/100 slp
|
|turn|14
|choice||
|
|move|p1a: Mew|Earthquake|p2a: Chansey
|-damage|p2a: Chansey|64\/100 slp
|-curestatus|p2a: Chansey|slp
|
|turn|15
|choice||
|
|switch|p1a: Gloom|Gloom, L90|100\/100
|move|p2a: Chansey|Ice Beam|p1a: Gloom
|-supereffective|p1a: Gloom
|-damage|p1a: Gloom|57\/100
|
|turn|16
|choice||
|
|switch|p2a: Kingler|Kingler, L85|20\/100
|move|p1a: Gloom|Sleep Powder|p2a: Kingler
|-status|p2a: Kingler|slp
|
|turn|17
|choice||
|
|switch|p2a: Rapidash|Rapidash, L90|100\/100
|move|p1a: Gloom|Double-Edge|p2a: Rapidash
|-damage|p2a: Rapidash|78\/100
|-damage|p1a: Gloom|51\/100|[from] recoil|[of] p2a: Rapidash
|
|turn|18
|choice||
|
|move|p2a: Rapidash|Fire Blast|p1a: Gloom
|-supereffective|p1a: Gloom
|-damage|p1a: Gloom|0 fnt
|faint|p1a: Gloom
|choice||
|
|switch|p1a: Sandslash|Sandslash, L85|100\/100
|turn|19
|choice||
|
|switch|p2a: Parasect|Parasect, L90|100\/100
|move|p1a: Sandslash|Substitute|p1a: Sandslash
|-start|p1a: Sandslash|Substitute
|-damage|p1a: Sandslash|76\/100
|
|turn|20
|choice||
|
|move|p1a: Sandslash|Body Slam|p2a: Parasect
|-damage|p2a: Parasect|79\/100
|-status|p2a: Parasect|par
|cant|p2a: Parasect|par
|
|turn|21
|choice||
|
|move|p1a: Sandslash|Body Slam|p2a: Parasect
|-damage|p2a: Parasect|57\/100 par
|move|p2a: Parasect|Spore|p1a: Sandslash
|-status|p1a: Sandslash|slp
|
|turn|22
|c|★truewario_dates_me|does it feel good
|choice||
|
|cant|p1a: Sandslash|slp
|cant|p2a: Parasect|par
|
|turn|23
|c|★truewario_dates_me|LOL
|choice||
|
|cant|p1a: Sandslash|slp
|move|p2a: Parasect|Mega Drain|p1a: Sandslash
|-supereffective|p1a: Sandslash
|-end|p1a: Sandslash|Substitute
|
|turn|24
|choice||
|
|switch|p1a: Ninetales|Ninetales, L85|100\/100
|move|p2a: Parasect|Mega Drain|p1a: Ninetales
|-resisted|p1a: Ninetales
|-damage|p1a: Ninetales|94\/100
|-heal|p2a: Parasect|61\/100 par|[from] drain|[of] p1a: Ninetales
|
|turn|25
|choice||
|
|switch|p2a: Kingler|Kingler, L85|20\/100 slp
|move|p1a: Ninetales|Fire Blast|p2a: Kingler
|-resisted|p2a: Kingler
|-damage|p2a: Kingler|0 fnt
|faint|p2a: Kingler
|choice||
|
|switch|p2a: Chansey|Chansey, L79|64\/100
|turn|26
|choice||
|
|switch|p1a: Mew|Mew, L74|100\/100
|move|p2a: Chansey|Soft-Boiled|p2a: Chansey
|-heal|p2a: Chansey|100\/100
|
|turn|27
|choice||
|
|move|p1a: Mew|Psychic|p2a: Chansey
|-damage|p2a: Chansey|89\/100
|-unboost|p2a: Chansey|spd|1
|-unboost|p2a: Chansey|spa|1
|move|p2a: Chansey|Ice Beam|p1a: Mew
|-damage|p1a: Mew|85\/100
|-status|p1a: Mew|frz
|
|turn|28
|c|★truewario_dates_me|does it feel good
|choice||
|
|switch|p1a: Ninetales|Ninetales, L85|94\/100
|switch|p2a: Wigglytuff|Wigglytuff, L90|100\/100
|
|turn|29
|choice||
|
|move|p1a: Ninetales|Reflect|p1a: Ninetales
|-start|p1a: Ninetales|Reflect
|move|p2a: Wigglytuff|Thunder Wave|p1a: Ninetales
|-status|p1a: Ninetales|par
|
|turn|30
|choice||
|
|move|p2a: Wigglytuff|Double-Edge|p1a: Ninetales
|-damage|p1a: Ninetales|76\/100 par
|-damage|p2a: Wigglytuff|98\/100|[from] recoil|[of] p1a: Ninetales
|move|p1a: Ninetales|Confuse Ray|p2a: Wigglytuff
|-start|p2a: Wigglytuff|confusion
|
|turn|31
|choice||
|
|-activate|p2a: Wigglytuff|confusion
|-damage|p2a: Wigglytuff|88\/100|[from] confusion
|move|p1a: Ninetales|Fire Blast|p2a: Wigglytuff
|-damage|p2a: Wigglytuff|51\/100
|
|turn|32
|choice||
|
|switch|p2a: Rapidash|Rapidash, L90|78\/100
|cant|p1a: Ninetales|par
|
|turn|33
|choice||
|
|move|p2a: Rapidash|Fire Blast|p1a: Ninetales
|-resisted|p1a: Ninetales
|-damage|p1a: Ninetales|56\/100 par
|move|p1a: Ninetales|Body Slam|p2a: Rapidash
|-crit|p2a: Rapidash
|-damage|p2a: Rapidash|42\/100
|-status|p2a: Rapidash|par
|
|turn|34
|c|★truewario_dates_me|LOL
|choice||
|
|switch|p1a: Sandslash|Sandslash, L85|76\/100 slp
|move|p2a: Rapidash|Body Slam|p1a: Sandslash
|-damage|p1a: Sandslash|57\/100 slp
|
|turn|35
|choice||
|
|-curestatus|p1a: Sandslash|slp
|cant|p2a: Rapidash|par
|
|turn|36
|c|★truewario_dates_me|LOL
|c|★truewario_dates_me|LOL
|c|★truewario_dates_me|LOL
|c|★truewario_dates_me|LOL
|c|★truewario_dates_me|LOL
|choice||
|
|switch|p2a: Parasect|Parasect, L90|61\/100 par
|move|p1a: Sandslash|Swords Dance|p1a: Sandslash
|-boost|p1a: Sandslash|atk|2
|
|turn|37
|choice||
|
|move|p1a: Sandslash|Body Slam|p2a: Parasect
|-damage|p2a: Parasect|14\/100 par
|move|p2a: Parasect|Spore|p1a: Sandslash
|-status|p1a: Sandslash|slp
|
|turn|38
|choice||
|
|cant|p1a: Sandslash|slp
|move|p2a: Parasect|Mega Drain|p1a: Sandslash
|-supereffective|p1a: Sandslash
|-damage|p1a: Sandslash|21\/100 slp
|-heal|p2a: Parasect|32\/100 par|[from] drain|[of] p1a: Sandslash
|
|turn|39
|choice||
|
|cant|p1a: Sandslash|slp
|cant|p2a: Parasect|par
|
|turn|40
|choice||
|
|-curestatus|p1a: Sandslash|slp
|cant|p2a: Parasect|par
|
|turn|41
|c|★truewario_dates_me|WOW
|choice||
|
|move|p1a: Sandslash|Body Slam|p2a: Parasect
|-damage|p2a: Parasect|0 fnt
|faint|p2a: Parasect
|choice||
|
|switch|p2a: Wigglytuff|Wigglytuff, L90|51\/100
|turn|42
|choice||
|
|move|p1a: Sandslash|Earthquake|p2a: Wigglytuff
|-damage|p2a: Wigglytuff|0 fnt
|faint|p2a: Wigglytuff
|choice||
|
|switch|p2a: Chansey|Chansey, L79|89\/100
|turn|43
|choice||
|
|move|p1a: Sandslash|Earthquake|p2a: Chansey
|-damage|p2a: Chansey|0 fnt
|faint|p2a: Chansey
|-message|truewario_dates_me forfeited.
|
|win|Ch01W0n5h1n
|player|p1
|player|p2
|l|truewario_dates_me
|c|★Ch01W0n5h1n|yup
|raw|Ch01W0n5h1n's rating: 1443 &rarr; <strong>1461<\/strong><br \/>(+18 for winning)
|raw|truewario_dates_me's rating: 1417 &rarr; <strong>1398<\/strong><br \/>(-19 for losing)
|c|★Ch01W0n5h1n|it does feel good