|join|shadowmanpokemon
|join|LibertarianMaster
|player|p1|shadowmanpokemon|163
|player|p2|LibertarianMaster|170
|gametype|singles
|gen|1
|tier|[Gen 1] Random Battle
|rated
|seed|25536,37936,59409,34322
|rule|Sleep Clause Mod: Limit one foe put to sleep
|rule|Freeze Clause Mod: Limit one foe frozen
|rule|HP Percentage Mod: HP is shown in percentages
|
|start
|switch|p1a: Starmie|Starmie, L79|257\/257
|switch|p2a: Geodude|Geodude, L96|272\/272
|turn|1
|choice|move 3|switch 4
|
|switch|p2a: Mr. Mime|Mr. Mime, L85|242\/242
|move|p1a: Starmie|Surf|p2a: Mr. Mime
|-damage|p2a: Mr. Mime|165\/242
|
|turn|2
|c|★LibertarianMaster|glhf
|choice|move 3|move 3
|
|move|p1a: Starmie|Surf|p2a: Mr. Mime
|-damage|p2a: Mr. Mime|78\/242
|move|p2a: Mr. Mime|Thunder Wave|p1a: Starmie
|-status|p1a: Starmie|par
|
|turn|3
|choice|move 3|move 2
|
|move|p2a: Mr. Mime|Thunderbolt|p1a: Starmie
|-supereffective|p1a: Starmie
|-damage|p1a: Starmie|113\/257 par
|move|p1a: Starmie|Surf|p2a: Mr. Mime
|-damage|p2a: Mr. Mime|0 fnt
|faint|p2a: Mr. Mime
|choice||switch 3
|
|switch|p2a: Poliwhirl|Poliwhirl, L85|284\/284
|turn|4
|choice|move 2|move 1
|
|move|p2a: Poliwhirl|Amnesia|p2a: Poliwhirl
|-boost|p2a: Poliwhirl|spd|2
|-boost|p2a: Poliwhirl|spa|2
|cant|p1a: Starmie|par
|
|turn|5
|choice|move 2|move 1
|
|move|p2a: Poliwhirl|Amnesia|p2a: Poliwhirl
|-boost|p2a: Poliwhirl|spd|2
|-boost|p2a: Poliwhirl|spa|2
|move|p1a: Starmie|Thunderbolt|p2a: Poliwhirl
|-supereffective|p2a: Poliwhirl
|-damage|p2a: Poliwhirl|227\/284
|
|turn|6
|-message|shadowmanpokemon forfeited.
|leave|shadowmanpokemon
|
|win|LibertarianMaster
|player|p1
|raw|shadowmanpokemon's rating: 1139 &rarr; <strong>1118<\/strong><br \/>(-21 for losing)
|raw|LibertarianMaster's rating: 1195 &rarr; <strong>1216<\/strong><br \/>(+21 for winning)