|j|Dervodel2
|j|Ahkas
|player|p1|Dervodel2|238
|player|p2|Ahkas|161
|gametype|singles
|gen|1
|tier|[Gen 1] Random Battle
|rated
|seed|49314,13522,21307,62434
|rule|Sleep Clause Mod: Limit one foe put to sleep
|rule|Freeze Clause Mod: Limit one foe frozen
|rule|HP Percentage Mod: HP is shown in percentages
|
|start
|switch|p1a: Parasect|Parasect, L90|291\/291
|switch|p2a: Oddish|Oddish, L96|281\/281
|turn|1
|j|Calex2000
|choice|move 2|switch 2
|
|switch|p2a: Growlithe|Growlithe, L96|300\/300
|move|p1a: Parasect|Spore|p2a: Growlithe
|-status|p2a: Growlithe|slp
|
|turn|2
|choice|move 3|move 4
|
|cant|p2a: Growlithe|slp
|move|p1a: Parasect|Swords Dance|p1a: Parasect
|-boost|p1a: Parasect|atk|2
|
|turn|3
|choice|move 1|move 3
|
|cant|p2a: Growlithe|slp
|move|p1a: Parasect|Body Slam|p2a: Growlithe
|-damage|p2a: Growlithe|128\/300 slp
|
|turn|4
|choice|move 1|move 4
|
|cant|p2a: Growlithe|slp
|move|p1a: Parasect|Body Slam|p2a: Growlithe
|-damage|p2a: Growlithe|0 fnt
|faint|p2a: Growlithe
|choice||switch 5
|
|switch|p2a: Gyarados|Gyarados, L85|335\/335
|turn|5
|choice|move 2|move 4
|
|move|p2a: Gyarados|Blizzard|p1a: Parasect
|-supereffective|p1a: Parasect
|-damage|p1a: Parasect|124\/291
|move|p1a: Parasect|Spore|p2a: Gyarados
|-status|p2a: Gyarados|slp
|
|turn|6
|choice|move 1|move 4
|
|cant|p2a: Gyarados|slp
|move|p1a: Parasect|Body Slam|p2a: Gyarados
|-damage|p2a: Gyarados|183\/335 slp
|
|turn|7
|choice|move 4|move 4
|
|cant|p2a: Gyarados|slp
|move|p1a: Parasect|Hyper Beam|p2a: Gyarados
|-damage|p2a: Gyarados|0 fnt
|faint|p2a: Gyarados
|choice||switch 6
|
|switch|p2a: Porygon|Porygon, L85|284\/284
|turn|8
|choice|move 2|move 4
|
|move|p2a: Porygon|Ice Beam|p1a: Parasect
|-supereffective|p1a: Parasect
|-damage|p1a: Parasect|2\/291
|move|p1a: Parasect|Spore|p2a: Porygon
|-status|p2a: Porygon|slp
|
|turn|9
|choice|move 1|move 4
|
|cant|p2a: Porygon|slp
|move|p1a: Parasect|Body Slam|p2a: Porygon
|-damage|p2a: Porygon|127\/284 slp
|
|turn|10
|c|★Ahkas|*sigh*
|choice|move 1|move 4
|
|cant|p2a: Porygon|slp
|move|p1a: Parasect|Body Slam|p2a: Porygon
|-damage|p2a: Porygon|0 fnt
|faint|p2a: Porygon
|c|★Dervodel2|im sory
|choice||switch 2
|
|switch|p2a: Oddish|Oddish, L96|281\/281
|turn|11
|c|★Dervodel2|hm...
|choice|switch 3|move 2
|
|switch|p1a: Kabutops|Kabutops, L85|276\/276
|move|p2a: Oddish|Mega Drain|p1a: Kabutops
|-supereffective|p1a: Kabutops
|-damage|p1a: Kabutops|71\/276
|
|turn|12
|choice|switch 5|move 2
|
|switch|p1a: Chansey|Chansey, L79|557\/557
|move|p2a: Oddish|Mega Drain|p1a: Chansey
|-damage|p1a: Chansey|513\/557
|
|turn|13
|choice|move 4|move 4
|
|move|p1a: Chansey|Ice Beam|p2a: Oddish
|-supereffective|p2a: Oddish
|-damage|p2a: Oddish|155\/281
|move|p2a: Oddish|Sleep Powder|p1a: Chansey|[miss]
|-miss|p2a: Oddish
|
|turn|14
|c|★Ahkas|..
|choice|switch 3|move 4
|
|switch|p1a: Parasect|Parasect, L90|2\/291
|move|p2a: Oddish|Sleep Powder|p1a: Parasect
|-status|p1a: Parasect|slp
|
|turn|15
|choice|switch 3|move 2
|
|switch|p1a: Chansey|Chansey, L79|513\/557
|move|p2a: Oddish|Mega Drain|p1a: Chansey
|-crit|p1a: Chansey
|-damage|p1a: Chansey|425\/557
|-heal|p2a: Oddish|199\/281|[from] drain|[of] p1a: Chansey
|
|turn|16
|c|★Dervodel2|xD
|c|★Dervodel2|parasect doing the work
|choice|move 4|switch 4
|
|switch|p2a: Jolteon|Jolteon, L79|265\/265
|move|p1a: Chansey|Ice Beam|p2a: Jolteon
|-damage|p2a: Jolteon|206\/265
|
|turn|17
|choice|move 4|move 3
|
|move|p2a: Jolteon|Double Kick|p1a: Chansey
|-supereffective|p1a: Chansey
|-damage|p1a: Chansey|351\/557
|-damage|p1a: Chansey|277\/557
|-hitcount|p1a: Chansey|2
|move|p1a: Chansey|Ice Beam|p2a: Jolteon
|-damage|p2a: Jolteon|144\/265
|
|turn|18
|choice|move 2|move 1
|
|move|p2a: Jolteon|Thunderbolt|p1a: Chansey
|-damage|p1a: Chansey|184\/557
|move|p1a: Chansey|Reflect|p1a: Chansey
|-start|p1a: Chansey|Reflect
|
|turn|19
|choice|move 1|move 2
|
|move|p2a: Jolteon|Sand Attack|p1a: Chansey
|-unboost|p1a: Chansey|accuracy|1
|move|p1a: Chansey|Soft-Boiled|p1a: Chansey
|-heal|p1a: Chansey|462\/557
|
|turn|20
|choice|move 4|move 2
|
|move|p2a: Jolteon|Sand Attack|p1a: Chansey
|-unboost|p1a: Chansey|accuracy|1
|move|p1a: Chansey|Ice Beam|p2a: Jolteon|[miss]
|-miss|p1a: Chansey
|
|turn|21
|choice|switch 5|move 1
|
|switch|p1a: Kabutops|Kabutops, L85|71\/276
|move|p2a: Jolteon|Thunderbolt|p1a: Kabutops
|-supereffective|p1a: Kabutops
|-damage|p1a: Kabutops|0 fnt
|faint|p1a: Kabutops
|c|★Ahkas|huhu u cant see me noting
|choice|switch 2|
|
|switch|p1a: Nidoking|Nidoking, L85|311\/311
|turn|22
|choice|move 1|move 4
|
|move|p2a: Jolteon|Body Slam|p1a: Nidoking
|-crit|p1a: Nidoking
|-damage|p1a: Nidoking|222\/311
|move|p1a: Nidoking|Earthquake|p2a: Jolteon
|-supereffective|p2a: Jolteon
|-damage|p2a: Jolteon|0 fnt
|faint|p2a: Jolteon
|c|★Dervodel2|u back?
|choice||switch 4
|
|switch|p2a: Oddish|Oddish, L96|199\/281
|turn|23
|c|★Dervodel2|black xD
|c|★Ahkas|np
|c|★Ahkas|nop
|choice|move 1|move 1
|
|move|p1a: Nidoking|Earthquake|p2a: Oddish
|-crit|p2a: Oddish
|-damage|p2a: Oddish|0 fnt
|faint|p2a: Oddish
|choice||switch 3
|
|switch|p2a: Hitmonlee|Hitmonlee, L90|273\/273
|turn|24
|c|★Dervodel2|you funny though :)
|c|★Ahkas|i wanna revenge
|choice|move 1|move 1
|
|move|p2a: Hitmonlee|Mimic|p1a: Nidoking
|-start|p2a: Hitmonlee|Mimic|Body Slam
|move|p1a: Nidoking|Earthquake|p2a: Hitmonlee
|-damage|p2a: Hitmonlee|131\/273
|
|turn|25
|choice|move 1|move 4
|
|move|p2a: Hitmonlee|High Jump Kick|p1a: Nidoking
|-resisted|p1a: Nidoking
|-damage|p1a: Nidoking|157\/311
|move|p1a: Nidoking|Earthquake|p2a: Hitmonlee
|-damage|p2a: Hitmonlee|0 fnt
|faint|p2a: Hitmonlee
|
|win|Dervodel2
|player|p1
|player|p2
|raw|Dervodel2's rating: 1257 &rarr; <strong>1272<\/strong><br \/>(+15 for winning)
|raw|Ahkas's rating: 1105 &rarr; <strong>1091<\/strong><br \/>(-14 for losing)
|l|Ahkas