|join|mackdaddyyoshi
|join|andrewandres
|player|p1|mackdaddyyoshi|10
|player|p2|andrewandres|1
|gametype|singles
|gen|1
|tier|[Gen 1] Random Battle
|rated
|rule|Sleep Clause Mod: Limit one foe put to sleep
|rule|Freeze Clause Mod: Limit one foe frozen
|rule|HP Percentage Mod: HP is shown in percentages
|
|start
|switch|p1a: Exeggcute|Exeggcute, L96|310\/310
|switch|p2a: Tauros|Tauros, L79|280\/280
|turn|1
|
|switch|p2a: Zubat|Zubat, L96|272\/272
|move|p1a: Exeggcute|Sleep Powder|p2a: Zubat|[miss]
|-miss|p1a: Exeggcute
|
|turn|2
|c|★mackdaddyyoshi|dont wing attack me bro
|
|move|p2a: Zubat|Confuse Ray|p1a: Exeggcute
|-start|p1a: Exeggcute|confusion
|-activate|p1a: Exeggcute|confusion
|-damage|p1a: Exeggcute|286\/310|[from] confusion
|
|turn|3
|
|move|p2a: Zubat|Screech|p1a: Exeggcute
|-unboost|p1a: Exeggcute|def|2
|-end|p1a: Exeggcute|confusion
|move|p1a: Exeggcute|Stun Spore|p2a: Zubat
|-status|p2a: Zubat|par
|
|turn|4
|
|move|p1a: Exeggcute|Psychic|p2a: Zubat
|-supereffective|p2a: Zubat
|-damage|p2a: Zubat|14\/272 par
|-unboost|p2a: Zubat|spd|1
|-unboost|p2a: Zubat|spa|1
|move|p2a: Zubat|Leech Life|p1a: Exeggcute
|-crit|p1a: Exeggcute
|-supereffective|p1a: Exeggcute
|-damage|p1a: Exeggcute|194\/310
|-heal|p2a: Zubat|60\/272 par|[from] drain|[of] p1a: Exeggcute
|
|turn|5
|
|move|p1a: Exeggcute|Psychic|p2a: Zubat
|-supereffective|p2a: Zubat
|-damage|p2a: Zubat|0 fnt
|faint|p2a: Zubat
|
|switch|p2a: Tauros|Tauros, L79|280\/280
|turn|6
|
|switch|p1a: Tangela|Tangela, L85|284\/284
|move|p2a: Tauros|Body Slam|p1a: Tangela
|-damage|p1a: Tangela|221\/284
|-status|p1a: Tangela|par
|
|turn|7
|
|switch|p2a: Charmander|Charmander, L96|270\/270
|cant|p1a: Tangela|par
|
|turn|8
|
|switch|p1a: Tentacool|Tentacool, L96|272\/272
|move|p2a: Charmander|Fire Blast|p1a: Tentacool
|-resisted|p1a: Tentacool
|-damage|p1a: Tentacool|232\/272
|-status|p1a: Tentacool|brn
|
|turn|9
|
|switch|p2a: Vaporeon|Vaporeon, L85|395\/395
|move|p1a: Tentacool|Hydro Pump|p2a: Vaporeon
|-resisted|p2a: Vaporeon
|-damage|p2a: Vaporeon|325\/395
|-damage|p1a: Tentacool|215\/272 brn|[from] brn|[of] p2a: Vaporeon
|
|turn|10
|
|switch|p1a: Tangela|Tangela, L85|221\/284 par
|move|p2a: Vaporeon|Body Slam|p1a: Tangela
|-damage|p1a: Tangela|181\/284 par
|
|turn|11
|
|move|p2a: Vaporeon|Hydro Pump|p1a: Tangela|[miss]
|-miss|p2a: Vaporeon
|move|p1a: Tangela|Sleep Powder|p2a: Vaporeon
|-status|p2a: Vaporeon|slp
|
|turn|12
|
|switch|p2a: Charmander|Charmander, L96|270\/270
|move|p1a: Tangela|Mega Drain|p2a: Charmander
|-crit|p2a: Charmander
|-resisted|p2a: Charmander
|-damage|p2a: Charmander|216\/270
|-heal|p1a: Tangela|208\/284 par|[from] drain|[of] p2a: Charmander
|
|turn|13
|
|switch|p1a: Tentacool|Tentacool, L96|215\/272 brn
|-damage|p1a: Tentacool|198\/272 brn|[from] brn
|move|p2a: Charmander|Body Slam|p1a: Tentacool
|-damage|p1a: Tentacool|123\/272 brn
|
|turn|14
|
|switch|p2a: Chansey|Chansey, L79|557\/557
|move|p1a: Tentacool|Hydro Pump|p2a: Chansey|[miss]
|-miss|p1a: Tentacool
|-damage|p1a: Tentacool|106\/272 brn|[from] brn|[of] p2a: Chansey
|
|turn|15
|
|move|p1a: Tentacool|Mimic|p2a: Chansey
|-start|p1a: Tentacool|Mimic|Soft-Boiled
|-damage|p1a: Tentacool|89\/272 brn|[from] brn|[of] p2a: Chansey
|move|p2a: Chansey|Thunderbolt|p1a: Tentacool
|-supereffective|p1a: Tentacool
|-damage|p1a: Tentacool|0 fnt
|faint|p1a: Tentacool
|
|switch|p1a: Hitmonlee|Hitmonlee, L90|273\/273
|turn|16
|
|switch|p2a: Charmander|Charmander, L96|216\/270
|move|p1a: Hitmonlee|Substitute|p1a: Hitmonlee
|-start|p1a: Hitmonlee|Substitute
|-damage|p1a: Hitmonlee|205\/273
|
|turn|17
|
|move|p1a: Hitmonlee|Mimic|p2a: Charmander
|-start|p1a: Hitmonlee|Mimic|Fire Blast
|move|p2a: Charmander|Fire Blast|p1a: Hitmonlee
|-end|p1a: Hitmonlee|Substitute
|
|turn|18
|
|move|p1a: Hitmonlee|Seismic Toss|p2a: Charmander
|-damage|p2a: Charmander|126\/270
|move|p2a: Charmander|Fire Blast|p1a: Hitmonlee
|-damage|p1a: Hitmonlee|35\/273
|-status|p1a: Hitmonlee|brn
|
|turn|19
|
|move|p1a: Hitmonlee|Seismic Toss|p2a: Charmander
|-damage|p2a: Charmander|36\/270
|-damage|p1a: Hitmonlee|18\/273 brn|[from] brn|[of] p2a: Charmander
|move|p2a: Charmander|Body Slam|p1a: Hitmonlee
|-damage|p1a: Hitmonlee|0 fnt
|faint|p1a: Hitmonlee
|c|★andrewandres|zZzZzZzz
|
|switch|p1a: Tauros|Tauros, L79|280\/280
|turn|20
|c|★mackdaddyyoshi|cry more
|
|switch|p2a: Hitmonchan|Hitmonchan, L90|273\/273
|move|p1a: Tauros|Body Slam|p2a: Hitmonchan
|-crit|p2a: Hitmonchan
|-damage|p2a: Hitmonchan|118\/273
|
|turn|21
|
|move|p1a: Tauros|Hyper Beam|p2a: Hitmonchan
|-damage|p2a: Hitmonchan|0 fnt
|faint|p2a: Hitmonchan
|
|switch|p2a: Chansey|Chansey, L79|557\/557
|turn|22
|
|switch|p1a: Tangela|Tangela, L85|208\/284 par
|move|p2a: Chansey|Counter|p1a: Tangela
|-damage|p1a: Tangela|0 fnt
|faint|p1a: Tangela
|c|★andrewandres|thanks ^^
|c|★mackdaddyyoshi|and thats probably some legit exploit from gen 1
|c|★andrewandres|zZzZZZ
|c|★andrewandres|1000 points lets gop
|
|switch|p1a: Exeggcute|Exeggcute, L96|194\/310
|turn|23
|
|switch|p2a: Charmander|Charmander, L96|36\/270
|move|p1a: Exeggcute|Stun Spore|p2a: Charmander
|-status|p2a: Charmander|par
|
|turn|24
|
|move|p1a: Exeggcute|Psychic|p2a: Charmander
|-damage|p2a: Charmander|0 fnt
|faint|p2a: Charmander
|
|switch|p2a: Tauros|Tauros, L79|280\/280
|turn|25
|
|move|p2a: Tauros|Blizzard|p1a: Exeggcute
|-supereffective|p1a: Exeggcute
|-damage|p1a: Exeggcute|57\/310
|move|p1a: Exeggcute|Stun Spore|p2a: Tauros|[miss]
|-miss|p1a: Exeggcute
|
|turn|26
|
|move|p2a: Tauros|Body Slam|p1a: Exeggcute
|-damage|p1a: Exeggcute|0 fnt
|faint|p1a: Exeggcute
|
|switch|p1a: Tauros|Tauros, L79|280\/280
|turn|27
|
|move|p1a: Tauros|Body Slam|p2a: Tauros
|-damage|p2a: Tauros|195\/280
|move|p2a: Tauros|Body Slam|p1a: Tauros
|-damage|p1a: Tauros|195\/280
|
|turn|28
|
|move|p1a: Tauros|Body Slam|p2a: Tauros
|-damage|p2a: Tauros|117\/280
|move|p2a: Tauros|Body Slam|p1a: Tauros
|-crit|p1a: Tauros
|-damage|p1a: Tauros|41\/280
|
|turn|29
|
|move|p1a: Tauros|Hyper Beam|p2a: Tauros
|-crit|p2a: Tauros
|-damage|p2a: Tauros|0 fnt
|faint|p2a: Tauros
|
|switch|p2a: Chansey|Chansey, L79|557\/557
|turn|30
|
|move|p1a: Tauros|Hyper Beam|p2a: Chansey
|-damage|p2a: Chansey|168\/557
|move|p2a: Chansey|Reflect|p2a: Chansey
|-start|p2a: Chansey|Reflect
|
|turn|31
|-mustrecharge|p1a: Tauros
|-mustrecharge|p1a: Tauros
|
|cant|p1a: Tauros|recharge
|move|p2a: Chansey|Soft-Boiled|p2a: Chansey
|-heal|p2a: Chansey|446\/557
|
|turn|32
|
|move|p1a: Tauros|Body Slam|p2a: Chansey
|-damage|p2a: Chansey|344\/557
|move|p2a: Chansey|Thunderbolt|p1a: Tauros
|-damage|p1a: Tauros|0 fnt
|faint|p1a: Tauros
|
|switch|p1a: Flareon|Flareon, L90|300\/300
|turn|33
|
|move|p1a: Flareon|Body Slam|p2a: Chansey
|-damage|p2a: Chansey|237\/557
|move|p2a: Chansey|Counter|p1a: Flareon
|-damage|p1a: Flareon|86\/300
|
|turn|34
|
|move|p1a: Flareon|Fire Blast|p2a: Chansey
|-damage|p2a: Chansey|84\/557
|move|p2a: Chansey|Soft-Boiled|p2a: Chansey
|-heal|p2a: Chansey|362\/557
|
|turn|35
|
|move|p1a: Flareon|Fire Blast|p2a: Chansey
|-damage|p2a: Chansey|218\/557
|move|p2a: Chansey|Soft-Boiled|p2a: Chansey
|-heal|p2a: Chansey|496\/557
|
|turn|36
|
|move|p1a: Flareon|Fire Blast|p2a: Chansey
|-damage|p2a: Chansey|334\/557
|-status|p2a: Chansey|brn
|move|p2a: Chansey|Thunderbolt|p1a: Flareon
|-damage|p1a: Flareon|33\/300
|-damage|p2a: Chansey|300\/557 brn|[from] brn|[of] p1a: Flareon
|
|turn|37
|
|move|p1a: Flareon|Hyper Beam|p2a: Chansey
|-crit|p2a: Chansey
|-damage|p2a: Chansey|0 fnt
|faint|p2a: Chansey
|c|★andrewandres|stupid lucker
|c|★andrewandres|my god...
|
|switch|p2a: Vaporeon|Vaporeon, L85|325\/395 slp
|turn|38
|c|★mackdaddyyoshi|as if half the shit u did to me wasnt
|
|move|p1a: Flareon|Body Slam|p2a: Vaporeon
|-damage|p2a: Vaporeon|216\/395 slp
|cant|p2a: Vaporeon|slp
|
|turn|39
|
|move|p1a: Flareon|Body Slam|p2a: Vaporeon
|-damage|p2a: Vaporeon|107\/395 slp
|-curestatus|p2a: Vaporeon|slp
|
|turn|40
|c|★mackdaddyyoshi|FYI Flareon is pretty fast
|
|move|p1a: Flareon|Hyper Beam|p2a: Vaporeon
|-damage|p2a: Vaporeon|0 fnt
|faint|p2a: Vaporeon
|
|win|mackdaddyyoshi
|raw|mackdaddyyoshi's rating: 1305 &rarr; <strong>1334<\/strong><br \/>(+29 for winning)
|raw|andrewandres's rating: 1480 &rarr; <strong>1450<\/strong><br \/>(-30 for losing)