|j|MALESANI
|j|TitinhoRibeiro
|player|p1|MALESANI|238
|player|p2|TitinhoRibeiro|161
|gametype|singles
|gen|1
|tier|[Gen 1] Random Battle
|rated
|seed|42660,40680,58760,64551
|rule|Sleep Clause Mod: Limit one foe put to sleep
|rule|Freeze Clause Mod: Limit one foe frozen
|rule|HP Percentage Mod: HP is shown in percentages
|
|start
|switch|p1a: Nidoking|Nidoking, L85|311\/311
|switch|p2a: Pidgeotto|Pidgeotto, L90|297\/297
|turn|1
|choice|move 4|switch 5
|
|switch|p2a: Ivysaur|Ivysaur, L85|276\/276
|move|p1a: Nidoking|Blizzard|p2a: Ivysaur
|-supereffective|p2a: Ivysaur
|-damage|p2a: Ivysaur|128\/276
|
|turn|2
|choice|move 4|switch 4
|
|switch|p2a: Golduck|Golduck, L85|310\/310
|move|p1a: Nidoking|Blizzard|p2a: Golduck
|-resisted|p2a: Golduck
|-damage|p2a: Golduck|275\/310
|
|turn|3
|choice|move 2|move 1
|
|move|p1a: Nidoking|Thunderbolt|p2a: Golduck
|-supereffective|p2a: Golduck
|-damage|p2a: Golduck|154\/310
|-status|p2a: Golduck|par
|move|p2a: Golduck|Amnesia|p2a: Golduck
|-boost|p2a: Golduck|spd|2
|-boost|p2a: Golduck|spa|2
|
|turn|4
|choice|move 1|move 3
|
|move|p1a: Nidoking|Earthquake|p2a: Golduck
|-damage|p2a: Golduck|36\/310 par
|cant|p2a: Golduck|par
|
|turn|5
|choice|move 3|switch 2
|
|switch|p2a: Abra|Abra, L96|243\/243
|move|p1a: Nidoking|Body Slam|p2a: Abra
|-damage|p2a: Abra|133\/243
|
|turn|6
|choice|switch 5|move 1
|
|switch|p1a: Exeggutor|Exeggutor, L79|312\/312
|move|p2a: Abra|Psychic|p1a: Exeggutor
|-resisted|p1a: Exeggutor
|-damage|p1a: Exeggutor|260\/312
|
|turn|7
|choice|move 2|move 4
|
|move|p2a: Abra|Thunder Wave|p1a: Exeggutor
|-status|p1a: Exeggutor|par
|cant|p1a: Exeggutor|par
|
|turn|8
|choice|move 3|switch 4
|
|switch|p2a: Ivysaur|Ivysaur, L85|128\/276
|cant|p1a: Exeggutor|par
|
|turn|9
|choice|move 2|move 3
|
|move|p2a: Ivysaur|Leech Seed|p1a: Exeggutor
|-immune|p1a: Exeggutor|[msg]
|cant|p1a: Exeggutor|par
|
|turn|10
|choice|move 2|move 2
|
|move|p2a: Ivysaur|Body Slam|p1a: Exeggutor
|-damage|p1a: Exeggutor|210\/312 par
|move|p1a: Exeggutor|Psychic|p2a: Ivysaur
|-supereffective|p2a: Ivysaur
|-damage|p2a: Ivysaur|0 fnt
|faint|p2a: Ivysaur
|choice||switch 2
|
|switch|p2a: Golduck|Golduck, L85|36\/310 par
|turn|11
|choice|move 2|move 2
|
|move|p2a: Golduck|Blizzard|p1a: Exeggutor
|-supereffective|p1a: Exeggutor
|-damage|p1a: Exeggutor|79\/312 par
|move|p1a: Exeggutor|Psychic|p2a: Golduck
|-damage|p2a: Golduck|0 fnt
|faint|p2a: Golduck
|choice||switch 5
|
|switch|p2a: Pidgeotto|Pidgeotto, L90|297\/297
|turn|12
|choice|move 1|move 1
|
|move|p2a: Pidgeotto|Double-Edge|p1a: Exeggutor
|-damage|p1a: Exeggutor|0 fnt
|-damage|p2a: Pidgeotto|278\/297|[from] recoil|[of] p1a: Exeggutor
|faint|p1a: Exeggutor
|choice|switch 5|
|
|switch|p1a: Nidoking|Nidoking, L85|311\/311
|turn|13
|choice|move 3|move 4
|
|move|p1a: Nidoking|Body Slam|p2a: Pidgeotto
|-damage|p2a: Pidgeotto|210\/297
|move|p2a: Pidgeotto|Reflect|p2a: Pidgeotto
|-start|p2a: Pidgeotto|Reflect
|
|turn|14
|choice|move 4|switch 3
|
|switch|p2a: Gengar|Gengar, L79|257\/257
|move|p1a: Nidoking|Blizzard|p2a: Gengar
|-damage|p2a: Gengar|201\/257
|-status|p2a: Gengar|frz
|
|turn|15
|-message|TitinhoRibeiro forfeited.
|
|win|MALESANI
|l|TitinhoRibeiro
|player|p2
|raw|MALESANI's rating: 1452 &rarr; <strong>1461<\/strong><br \/>(+9 for winning)
|raw|TitinhoRibeiro's rating: 1240 &rarr; <strong>1229<\/strong><br \/>(-11 for losing)