|join|Selise Totemsbane
|join|bj0rn
|player|p1|Selise Totemsbane|148
|player|p2|bj0rn|101
|gametype|singles
|gen|1
|tier|[Gen 1] OU (beta)
|rated
|rule|Sleep Clause Mod: Limit one foe put to sleep
|rule|Species Clause: Limit one of each Pokemon
|rule|OHKO Clause: OHKO moves are banned
|rule|Moody Clause: Moody is banned
|rule|Evasion Moves Clause: Evasion moves are banned
|rule|Endless Battle Clause: Forcing endless battles is banned.
|rule|HP Percentage Mod: HP is reported as percentages
|
|start
|switch|p1a: Alakazam|Alakazam|313\/313
|switch|p2a: Jynx|Jynx|333\/333
|turn|1
|
|move|p1a: Alakazam|Thunder Wave|p2a: Jynx|[miss]
|-miss|p1a: Alakazam
|move|p2a: Jynx|Lovely Kiss|p1a: Alakazam
|-status|p1a: Alakazam|slp
|
|turn|2
|
|switch|p1a: Chansey|Chansey|703\/703
|move|p2a: Jynx|Substitute|p2a: Jynx
|-start|p2a: Jynx|Substitute
|-damage|p2a: Jynx|250\/333
|
|turn|3
|
|move|p2a: Jynx|Blizzard|p1a: Chansey
|-damage|p1a: Chansey|575\/703
|move|p1a: Chansey|Thunder Wave|p2a: Jynx
|-status|p2a: Jynx|par
|
|turn|4
|
|switch|p1a: Slowbro|Slowbro|393\/393
|cant|p2a: Jynx|par
|
|turn|5
|
|switch|p2a: Victreebel|Victreebel|363\/363
|move|p1a: Slowbro|Amnesia|p1a: Slowbro
|-boost|p1a: Slowbro|spd|2
|-boost|p1a: Slowbro|spa|2
|
|turn|6
|
|move|p2a: Victreebel|Razor Leaf|p1a: Slowbro
|-crit|p1a: Slowbro
|-supereffective|p1a: Slowbro
|-damage|p1a: Slowbro|113\/393
|move|p1a: Slowbro|Thunder Wave|p2a: Victreebel
|-status|p2a: Victreebel|par
|
|turn|7
|
|switch|p1a: Chansey|Chansey|575\/703
|move|p2a: Victreebel|Razor Leaf|p1a: Chansey
|-crit|p1a: Chansey
|-damage|p1a: Chansey|440\/703
|
|turn|8
|
|move|p1a: Chansey|Ice Beam|p2a: Victreebel
|-supereffective|p2a: Victreebel
|-damage|p2a: Victreebel|219\/363 par
|move|p2a: Victreebel|Stun Spore|p1a: Chansey
|-status|p1a: Chansey|par
|
|turn|9
|
|move|p2a: Victreebel|Wrap|p1a: Chansey
|-damage|p1a: Chansey|406\/703 par
|-activate|p1a: Chansey|move: Wrap|[of] p2a: Victreebel
|cant|p1a: Chansey|par
|
|turn|10
|
|switch|p1a: Alakazam|Alakazam|313\/313 slp
|move|p2a: Victreebel|Wrap|p1a: Alakazam
|-crit|p1a: Alakazam
|-damage|p1a: Alakazam|272\/313 slp
|-activate|p1a: Alakazam|move: Wrap|[of] p2a: Victreebel
|
|turn|11
|
|switch|p2a: Tauros|Tauros|353\/353
|cant|p1a: Alakazam|slp
|
|-end|p1a: Alakazam|Wrap|[partiallytrapped]
|turn|12
|
|switch|p1a: Cloyster|Cloyster|303\/303
|move|p2a: Tauros|Body Slam|p1a: Cloyster
|-damage|p1a: Cloyster|236\/303
|
|turn|13
|
|switch|p2a: Victreebel|Victreebel|219\/363 par
|move|p1a: Cloyster|Clamp|p2a: Victreebel
|-resisted|p2a: Victreebel
|-damage|p2a: Victreebel|200\/363 par
|-activate|p2a: Victreebel|move: Clamp|[of] p1a: Cloyster
|
|turn|14
|
|move|p1a: Cloyster|Clamp|p2a: Victreebel
|-damage|p2a: Victreebel|181\/363 par
|cant|p2a: Victreebel|partiallytrapped
|
|turn|15
|
|move|p1a: Cloyster|Clamp|p2a: Victreebel
|-damage|p2a: Victreebel|162\/363 par
|cant|p2a: Victreebel|partiallytrapped
|
|-end|p2a: Victreebel|Clamp|[partiallytrapped]
|turn|16
|
|move|p1a: Cloyster|Clamp|p2a: Victreebel|[miss]
|-miss|p1a: Cloyster
|move|p2a: Victreebel|Razor Leaf|p1a: Cloyster
|-crit|p1a: Cloyster
|-supereffective|p1a: Cloyster
|-damage|p1a: Cloyster|0 fnt
|faint|p1a: Cloyster
|
|
|switch|p1a: Snorlax|Snorlax|523\/523
|turn|17
|
|move|p1a: Snorlax|Hyper Beam|p2a: Victreebel
|-damage|p2a: Victreebel|0 fnt
|faint|p2a: Victreebel
|
|
|switch|p2a: Snorlax|Snorlax|523\/523
|turn|18
|
|move|p2a: Snorlax|Body Slam|p1a: Snorlax
|-damage|p1a: Snorlax|392\/523
|move|p1a: Snorlax|Body Slam|p2a: Snorlax
|-damage|p2a: Snorlax|389\/523
|-status|p2a: Snorlax|par
|
|turn|19
|
|move|p1a: Snorlax|Body Slam|p2a: Snorlax
|-damage|p2a: Snorlax|254\/523 par
|move|p2a: Snorlax|Self-Destruct|p1a: Snorlax
|-damage|p1a: Snorlax|0 fnt
|faint|p1a: Snorlax
|faint|p2a: Snorlax
|
|switch|p2a: Tauros|Tauros|353\/353
|switch|p1a: Chansey|Chansey|406\/703 par
|turn|20
|
|move|p2a: Tauros|Hyper Beam|p1a: Chansey
|-crit|p1a: Chansey
|-damage|p1a: Chansey|0 fnt
|faint|p1a: Chansey
|
|
|switch|p1a: Tauros|Tauros|353\/353
|turn|21
|
|move|p1a: Tauros|Body Slam|p2a: Tauros
|-damage|p2a: Tauros|246\/353
|-status|p2a: Tauros|par
|move|p2a: Tauros|Body Slam|p1a: Tauros
|-damage|p1a: Tauros|250\/353
|
|turn|22
|
|move|p1a: Tauros|Body Slam|p2a: Tauros
|-damage|p2a: Tauros|143\/353 par
|move|p2a: Tauros|Body Slam|p1a: Tauros
|-crit|p1a: Tauros
|-damage|p1a: Tauros|48\/353
|
|turn|23
|
|switch|p2a: Chansey|Chansey|703\/703
|move|p1a: Tauros|Hyper Beam|p2a: Chansey
|-damage|p2a: Chansey|212\/703
|
|turn|24
|
|cant|p1a: Tauros|recharge
|move|p2a: Chansey|Ice Beam|p1a: Tauros
|-damage|p1a: Tauros|0 fnt
|faint|p1a: Tauros
|
|
|switch|p1a: Slowbro|Slowbro|113\/393
|turn|25
|
|move|p2a: Chansey|Thunderbolt|p1a: Slowbro
|-supereffective|p1a: Slowbro
|-damage|p1a: Slowbro|0 fnt
|faint|p1a: Slowbro
|
|
|switch|p1a: Alakazam|Alakazam|272\/313 slp
|turn|26
|
|switch|p2a: Tauros|Tauros|143\/353 par
|cant|p1a: Alakazam|slp
|-curestatus|p1a: Alakazam|slp
|
|turn|27
|
|move|p1a: Alakazam|Reflect|p1a: Alakazam
|move|p2a: Tauros|Hyper Beam|p1a: Alakazam
|-damage|p1a: Alakazam|137\/313
|
|turn|28
|
|move|p1a: Alakazam|Recover|p1a: Alakazam
|-heal|p1a: Alakazam|293\/313
|cant|p2a: Tauros|par
|
|turn|29
|
|move|p1a: Alakazam|Psychic|p2a: Tauros
|-damage|p2a: Tauros|0 fnt
|faint|p2a: Tauros
|
|
|switch|p2a: Jynx|Jynx|250\/333 par
|turn|30
|
|move|p1a: Alakazam|Psychic|p2a: Jynx
|-resisted|p2a: Jynx
|-damage|p2a: Jynx|183\/333 par
|move|p2a: Jynx|Lovely Kiss|p1a: Alakazam|[miss]
|-miss|p2a: Jynx
|
|turn|31
|
|move|p1a: Alakazam|Psychic|p2a: Jynx
|-resisted|p2a: Jynx
|-damage|p2a: Jynx|113\/333 par
|cant|p2a: Jynx|par
|
|turn|32
|
|move|p1a: Alakazam|Psychic|p2a: Jynx
|-resisted|p2a: Jynx
|-damage|p2a: Jynx|49\/333 par
|-unboost|p2a: Jynx|spd|1
|-unboost|p2a: Jynx|spa|1
|cant|p2a: Jynx|par
|
|turn|33
|
|move|p1a: Alakazam|Psychic|p2a: Jynx
|-resisted|p2a: Jynx
|-damage|p2a: Jynx|0 fnt
|faint|p2a: Jynx
|
|
|switch|p2a: Chansey|Chansey|212\/703
|turn|34
|
|move|p1a: Alakazam|Thunder Wave|p2a: Chansey
|-status|p2a: Chansey|par
|move|p2a: Chansey|Thunder Wave|p1a: Alakazam
|-status|p1a: Alakazam|par
|
|turn|35
|
|cant|p1a: Alakazam|par
|cant|p2a: Chansey|par
|
|turn|36
|
|move|p1a: Alakazam|Psychic|p2a: Chansey
|-crit|p2a: Chansey
|-damage|p2a: Chansey|0 fnt
|faint|p2a: Chansey
|
|
|switch|p2a: Lapras|Lapras|463\/463
|turn|37
|
|move|p2a: Lapras|Confuse Ray|p1a: Alakazam
|-start|p1a: Alakazam|confusion
|-activate|p1a: Alakazam|confusion
|move|p1a: Alakazam|Thunder Wave|p2a: Lapras
|-status|p2a: Lapras|par
|
|turn|38
|
|-activate|p1a: Alakazam|confusion
|move|p1a: Alakazam|Psychic|p2a: Lapras
|-crit|p2a: Lapras
|-damage|p2a: Lapras|175\/463 par
|cant|p2a: Lapras|par
|
|turn|39
|
|cant|p1a: Alakazam|par
|move|p2a: Lapras|Blizzard|p1a: Alakazam
|-damage|p1a: Alakazam|184\/313 par
|
|turn|40
|
|-end|p1a: Alakazam|confusion
|move|p1a: Alakazam|Recover|p1a: Alakazam
|-heal|p1a: Alakazam|313\/313 par
|move|p2a: Lapras|Blizzard|p1a: Alakazam
|-damage|p1a: Alakazam|208\/313 par
|
|turn|41
|
|move|p1a: Alakazam|Psychic|p2a: Lapras
|-damage|p2a: Lapras|43\/463 par
|move|p2a: Lapras|Confuse Ray|p1a: Alakazam
|-start|p1a: Alakazam|confusion
|
|turn|42
|
|-activate|p1a: Alakazam|confusion
|move|p1a: Alakazam|Psychic|p2a: Lapras
|-damage|p2a: Lapras|0 fnt
|faint|p2a: Lapras
|
|win|Selise Totemsbane
|raw|Ladder updating...
|raw|Selise Totemsbane's rating: 1318 &rarr; <strong>1342<\/strong><br \/>(+24 for winning)
|raw|bj0rn's rating: 1380 &rarr; <strong>1356<\/strong><br \/>(-24 for losing)
|chat|Selise Totemsbane|gg
|leave|bj0rn
|player|p2