|join|KristophV
|join|gomes80
|player|p1|KristophV|239
|player|p2|gomes80|2
|gametype|singles
|gen|1
|tier|[Gen 1] Random Battle
|rated
|rule|Sleep Clause Mod: Limit one foe put to sleep
|rule|Freeze Clause Mod: Limit one foe frozen
|rule|HP Percentage Mod: HP is shown in percentages
|
|start
|switch|p1a: Golem|Golem, L79|288\/288
|switch|p2a: Meowth|Meowth, L96|272\/272
|turn|1
|
|switch|p1a: Grimer|Grimer, L96|348\/348
|move|p2a: Meowth|Slash|p1a: Grimer
|-crit|p1a: Grimer
|-damage|p1a: Grimer|204\/348
|
|turn|2
|
|move|p2a: Meowth|Slash|p1a: Grimer
|-crit|p1a: Grimer
|-damage|p1a: Grimer|60\/348
|move|p1a: Grimer|Explosion|p2a: Meowth
|-damage|p2a: Meowth|0 fnt
|faint|p2a: Meowth
|faint|p1a: Grimer
|
|switch|p2a: Electabuzz|Electabuzz, L85|284\/284
|switch|p1a: Butterfree|Butterfree, L90|291\/291
|turn|3
|
|switch|p1a: Golem|Golem, L79|288\/288
|move|p2a: Electabuzz|Psychic|p1a: Golem
|-damage|p1a: Golem|207\/288
|-unboost|p1a: Golem|spd|1
|-unboost|p1a: Golem|spa|1
|
|turn|4
|
|move|p2a: Electabuzz|Psychic|p1a: Golem
|-damage|p1a: Golem|74\/288
|-unboost|p1a: Golem|spd|1
|-unboost|p1a: Golem|spa|1
|move|p1a: Golem|Earthquake|p2a: Electabuzz
|-supereffective|p2a: Electabuzz
|-damage|p2a: Electabuzz|10\/284
|
|turn|5
|
|switch|p1a: Hypno|Hypno, L85|318\/318
|move|p2a: Electabuzz|Psychic|p1a: Hypno
|-resisted|p1a: Hypno
|-damage|p1a: Hypno|293\/318
|
|turn|6
|
|move|p2a: Electabuzz|Thunder Wave|p1a: Hypno
|-status|p1a: Hypno|par
|move|p1a: Hypno|Psychic|p2a: Electabuzz
|-crit|p2a: Electabuzz
|-damage|p2a: Electabuzz|0 fnt
|faint|p2a: Electabuzz
|
|switch|p2a: Magneton|Magneton, L90|273\/273
|turn|7
|
|switch|p1a: Golem|Golem, L79|74\/288
|move|p2a: Magneton|Mimic|p1a: Golem
|-start|p2a: Magneton|Mimic|Explosion
|
|turn|8
|
|switch|p2a: Weepinbell|Weepinbell, L85|284\/284
|move|p1a: Golem|Earthquake|p2a: Weepinbell
|-crit|p2a: Weepinbell
|-damage|p2a: Weepinbell|6\/284
|
|turn|9
|
|switch|p1a: Hypno|Hypno, L85|293\/318 par
|move|p2a: Weepinbell|Sleep Powder|p1a: Hypno|[miss]
|-miss|p2a: Weepinbell
|
|turn|10
|
|move|p2a: Weepinbell|Razor Leaf|p1a: Hypno
|-crit|p1a: Hypno
|-damage|p1a: Hypno|205\/318 par
|move|p1a: Hypno|Thunder Wave|p2a: Weepinbell
|-status|p2a: Weepinbell|par
|
|turn|11
|
|cant|p1a: Hypno|par
|move|p2a: Weepinbell|Razor Leaf|p1a: Hypno
|-crit|p1a: Hypno
|-damage|p1a: Hypno|122\/318 par
|
|turn|12
|
|move|p1a: Hypno|Psychic|p2a: Weepinbell
|-supereffective|p2a: Weepinbell
|-damage|p2a: Weepinbell|0 fnt
|faint|p2a: Weepinbell
|
|switch|p2a: Rapidash|Rapidash, L90|300\/300
|turn|13
|
|move|p2a: Rapidash|Hyper Beam|p1a: Hypno
|-crit|p1a: Hypno
|-damage|p1a: Hypno|0 fnt
|faint|p1a: Hypno
|
|switch|p1a: Kingler|Kingler, L85|267\/267
|turn|14
|
|switch|p2a: Magneton|Magneton, L90|273\/273
|move|p1a: Kingler|Crabhammer|p2a: Magneton
|-crit|p2a: Magneton
|-damage|p2a: Magneton|178\/273
|
|turn|15
|
|switch|p1a: Golem|Golem, L79|74\/288
|move|p2a: Magneton|Mimic|p1a: Golem
|-start|p2a: Magneton|Mimic|Explosion
|
|turn|16
|
|switch|p2a: Chansey|Chansey, L79|557\/557
|move|p1a: Golem|Earthquake|p2a: Chansey
|-damage|p2a: Chansey|267\/557
|
|turn|17
|
|switch|p1a: Charmander|Charmander, L96|270\/270
|move|p2a: Chansey|Ice Beam|p1a: Charmander
|-damage|p1a: Charmander|198\/270
|
|turn|18
|
|move|p1a: Charmander|Slash|p2a: Chansey
|-crit|p2a: Chansey
|-damage|p2a: Chansey|23\/557
|move|p2a: Chansey|Soft-Boiled|p2a: Chansey
|-heal|p2a: Chansey|301\/557
|
|turn|19
|
|move|p1a: Charmander|Slash|p2a: Chansey
|-crit|p2a: Chansey
|-damage|p2a: Chansey|69\/557
|move|p2a: Chansey|Soft-Boiled|p2a: Chansey
|-heal|p2a: Chansey|347\/557
|
|turn|20
|
|switch|p1a: Butterfree|Butterfree, L90|291\/291
|switch|p2a: Rapidash|Rapidash, L90|300\/300
|
|turn|21
|
|switch|p1a: Kingler|Kingler, L85|267\/267
|move|p2a: Rapidash|Fire Blast|p1a: Kingler|[miss]
|-miss|p2a: Rapidash
|
|turn|22
|
|move|p2a: Rapidash|Body Slam|p1a: Kingler
|-damage|p1a: Kingler|203\/267
|-status|p1a: Kingler|par
|move|p1a: Kingler|Crabhammer|p2a: Rapidash
|-crit|p2a: Rapidash
|-supereffective|p2a: Rapidash
|-damage|p2a: Rapidash|45\/300
|
|turn|23
|
|switch|p2a: Magneton|Magneton, L90|178\/273
|move|p1a: Kingler|Crabhammer|p2a: Magneton
|-crit|p2a: Magneton
|-damage|p2a: Magneton|75\/273
|
|turn|24
|
|switch|p1a: Golem|Golem, L79|74\/288
|move|p2a: Magneton|Mimic|p1a: Golem
|-start|p2a: Magneton|Mimic|Explosion
|
|turn|25
|
|move|p2a: Magneton|Explosion|p1a: Golem
|-resisted|p1a: Golem
|-damage|p1a: Golem|0 fnt
|faint|p1a: Golem
|faint|p2a: Magneton
|
|switch|p2a: Rapidash|Rapidash, L90|45\/300
|switch|p1a: Charmander|Charmander, L96|198\/270
|turn|26
|
|move|p2a: Rapidash|Hyper Beam|p1a: Charmander
|-damage|p1a: Charmander|29\/270
|move|p1a: Charmander|Slash|p2a: Rapidash
|-crit|p2a: Rapidash
|-damage|p2a: Rapidash|0 fnt
|faint|p2a: Rapidash
|
|switch|p2a: Chansey|Chansey, L79|347\/557
|turn|27
|
|move|p1a: Charmander|Slash|p2a: Chansey
|-crit|p2a: Chansey
|-damage|p2a: Chansey|129\/557
|move|p2a: Chansey|Soft-Boiled|p2a: Chansey
|-heal|p2a: Chansey|407\/557
|
|turn|28
|
|move|p1a: Charmander|Slash|p2a: Chansey
|-crit|p2a: Chansey
|-damage|p2a: Chansey|172\/557
|move|p2a: Chansey|Soft-Boiled|p2a: Chansey
|-heal|p2a: Chansey|450\/557
|
|turn|29
|
|move|p1a: Charmander|Slash|p2a: Chansey
|-crit|p2a: Chansey
|-damage|p2a: Chansey|229\/557
|move|p2a: Chansey|Soft-Boiled|p2a: Chansey
|-heal|p2a: Chansey|507\/557
|
|turn|30
|
|move|p1a: Charmander|Slash|p2a: Chansey
|-crit|p2a: Chansey
|-damage|p2a: Chansey|280\/557
|move|p2a: Chansey|Ice Beam|p1a: Charmander
|-crit|p1a: Charmander
|-damage|p1a: Charmander|0 fnt
|faint|p1a: Charmander
|
|switch|p1a: Butterfree|Butterfree, L90|291\/291
|turn|31
|
|move|p1a: Butterfree|Sleep Powder|p2a: Chansey
|-status|p2a: Chansey|slp
|-curestatus|p2a: Chansey|slp
|
|turn|32
|
|move|p1a: Butterfree|Sleep Powder|p2a: Chansey
|-status|p2a: Chansey|slp
|cant|p2a: Chansey|slp
|
|turn|33
|
|switch|p1a: Kingler|Kingler, L85|203\/267 par
|cant|p2a: Chansey|slp
|
|turn|34
|
|cant|p2a: Chansey|slp
|move|p1a: Kingler|Hyper Beam|p2a: Chansey
|-damage|p2a: Chansey|0 fnt
|faint|p2a: Chansey
|
|win|KristophV
|leave|gomes80
|player|p2
|c|★KristophV|gg