|j|Pietro Albuquerque
|j|jeransucks
|player|p1|Pietro Albuquerque|109
|player|p2|jeransucks|214
|gametype|singles
|gen|1
|tier|[Gen 1] Random Battle
|rated
|seed|19643,8654,61344,49164
|rule|Sleep Clause Mod: Limit one foe put to sleep
|rule|Freeze Clause Mod: Limit one foe frozen
|rule|HP Percentage Mod: HP is shown in percentages
|
|start
|switch|p1a: Tauros|Tauros, L79|280\/280
|switch|p2a: Dewgong|Dewgong, L85|327\/327
|turn|1
|choice|switch 2|switch 4
|
|switch|p1a: Shellder|Shellder, L96|252\/252
|switch|p2a: Parasect|Parasect, L90|291\/291
|
|turn|2
|choice|move 2|move 3
|
|move|p1a: Shellder|Supersonic|p2a: Parasect
|-start|p2a: Parasect|confusion
|-activate|p2a: Parasect|confusion
|-damage|p2a: Parasect|256\/291|[from] confusion
|
|turn|3
|choice|move 3|move 3
|
|move|p1a: Shellder|Ice Beam|p2a: Parasect
|-supereffective|p2a: Parasect
|-damage|p2a: Parasect|154\/291
|-activate|p2a: Parasect|confusion
|-damage|p2a: Parasect|119\/291|[from] confusion
|
|turn|4
|choice|move 3|move 3
|
|move|p1a: Shellder|Ice Beam|p2a: Parasect
|-supereffective|p2a: Parasect
|-damage|p2a: Parasect|8\/291
|-activate|p2a: Parasect|confusion
|-damage|p2a: Parasect|0 fnt|[from] confusion
|faint|p2a: Parasect
|choice||switch 5
|
|switch|p2a: Snorlax|Snorlax, L79|415\/415
|turn|5
|choice|move 2|move 1
|
|move|p1a: Shellder|Supersonic|p2a: Snorlax
|-start|p2a: Snorlax|confusion
|-activate|p2a: Snorlax|confusion
|move|p2a: Snorlax|Amnesia|p2a: Snorlax
|-boost|p2a: Snorlax|spd|2
|-boost|p2a: Snorlax|spa|2
|
|turn|6
|choice|move 4|move 1
|
|move|p1a: Shellder|Withdraw|p1a: Shellder
|-boost|p1a: Shellder|def|1
|-end|p2a: Snorlax|confusion
|move|p2a: Snorlax|Amnesia|p2a: Snorlax
|-boost|p2a: Snorlax|spd|2
|-boost|p2a: Snorlax|spa|2
|
|turn|7
|choice|move 2|move 1
|
|move|p1a: Shellder|Supersonic|p2a: Snorlax|[miss]
|-miss|p1a: Shellder
|move|p2a: Snorlax|Amnesia|p2a: Snorlax
|-boost|p2a: Snorlax|spd|2
|-boost|p2a: Snorlax|spa|2
|
|turn|8
|choice|move 2|move 2
|
|move|p1a: Shellder|Supersonic|p2a: Snorlax
|-start|p2a: Snorlax|confusion
|-activate|p2a: Snorlax|confusion
|move|p2a: Snorlax|Body Slam|p1a: Shellder
|-damage|p1a: Shellder|203\/252
|
|turn|9
|choice|move 3|move 4
|
|move|p1a: Shellder|Ice Beam|p2a: Snorlax
|-damage|p2a: Snorlax|398\/415
|-activate|p2a: Snorlax|confusion
|-damage|p2a: Snorlax|360\/415|[from] confusion
|
|turn|10
|choice|move 4|move 3
|
|move|p1a: Shellder|Withdraw|p1a: Shellder
|-boost|p1a: Shellder|def|1
|-activate|p2a: Snorlax|confusion
|move|p2a: Snorlax|Ice Beam|p1a: Shellder
|-resisted|p1a: Shellder
|-damage|p1a: Shellder|87\/252
|
|turn|11
|choice|move 3|move 3
|
|move|p1a: Shellder|Ice Beam|p2a: Snorlax
|-damage|p2a: Snorlax|342\/415
|-end|p2a: Snorlax|confusion
|move|p2a: Snorlax|Ice Beam|p1a: Shellder
|-resisted|p1a: Shellder
|-damage|p1a: Shellder|0 fnt
|faint|p1a: Shellder
|choice|switch 5|
|
|switch|p1a: Nidorina|Nidorina, L90|309\/309
|turn|12
|choice|move 3|move 3
|
|move|p1a: Nidorina|Leer|p2a: Snorlax
|-unboost|p2a: Snorlax|def|1
|move|p2a: Snorlax|Ice Beam|p1a: Nidorina
|-damage|p1a: Nidorina|76\/309
|
|turn|13
|choice|move 2|move 3
|
|move|p1a: Nidorina|Body Slam|p2a: Snorlax
|-damage|p2a: Snorlax|242\/415
|move|p2a: Snorlax|Ice Beam|p1a: Nidorina
|-damage|p1a: Nidorina|0 fnt
|faint|p1a: Nidorina
|choice|switch 3|
|
|switch|p1a: Doduo|Doduo, L96|262\/262
|turn|14
|choice|move 2|move 3
|
|move|p1a: Doduo|Mimic|p2a: Snorlax
|-start|p1a: Doduo|Mimic|Body Slam
|move|p2a: Snorlax|Ice Beam|p1a: Doduo
|-supereffective|p1a: Doduo
|-damage|p1a: Doduo|0 fnt
|faint|p1a: Doduo
|choice|switch 4|
|
|switch|p1a: Graveler|Graveler, L85|267\/267
|turn|15
|choice|move 3|move 3
|
|move|p1a: Graveler|Explosion|p2a: Snorlax
|-damage|p2a: Snorlax|0 fnt
|faint|p2a: Snorlax
|faint|p1a: Graveler
|choice|switch 2|switch 4
|
|switch|p1a: Tauros|Tauros, L79|280\/280
|switch|p2a: Dewgong|Dewgong, L85|327\/327
|turn|16
|choice|move 4|move 4
|
|move|p1a: Tauros|Body Slam|p2a: Dewgong
|-damage|p2a: Dewgong|236\/327
|move|p2a: Dewgong|Blizzard|p1a: Tauros
|-damage|p1a: Tauros|130\/280
|
|turn|17
|choice|move 3|move 4
|
|move|p1a: Tauros|Hyper Beam|p2a: Dewgong
|-damage|p2a: Dewgong|90\/327
|move|p2a: Dewgong|Blizzard|p1a: Tauros
|-damage|p1a: Tauros|0 fnt
|faint|p1a: Tauros
|choice|switch 6|
|
|switch|p1a: Mewtwo|Mewtwo, L70|293\/293
|turn|18
|choice|move 3|move 4
|
|move|p1a: Mewtwo|Thunderbolt|p2a: Dewgong
|-supereffective|p2a: Dewgong
|-damage|p2a: Dewgong|0 fnt
|faint|p2a: Dewgong
|choice||switch 2
|
|switch|p2a: Golem|Golem, L79|288\/288
|turn|19
|choice|move 4|move 1
|
|move|p1a: Mewtwo|Blizzard|p2a: Golem
|-supereffective|p2a: Golem
|-damage|p2a: Golem|62\/288
|move|p2a: Golem|Earthquake|p1a: Mewtwo
|-damage|p1a: Mewtwo|168\/293
|
|turn|20
|choice|move 1|switch 3
|
|switch|p2a: Charmeleon|Charmeleon, L85|272\/272
|move|p1a: Mewtwo|Psychic|p2a: Charmeleon
|-damage|p2a: Charmeleon|164\/272
|
|turn|21
|choice|move 1|move 4
|
|move|p1a: Mewtwo|Psychic|p2a: Charmeleon
|-damage|p2a: Charmeleon|54\/272
|move|p2a: Charmeleon|Fire Blast|p1a: Mewtwo
|-damage|p1a: Mewtwo|86\/293
|
|turn|22
|choice|move 1|switch 6
|
|switch|p2a: Slowbro|Slowbro, L79|312\/312
|move|p1a: Mewtwo|Psychic|p2a: Slowbro
|-resisted|p2a: Slowbro
|-damage|p2a: Slowbro|257\/312
|
|turn|23
|choice|move 3|move 1
|
|move|p1a: Mewtwo|Thunderbolt|p2a: Slowbro
|-supereffective|p2a: Slowbro
|-damage|p2a: Slowbro|99\/312
|move|p2a: Slowbro|Thunder Wave|p1a: Mewtwo
|-status|p1a: Mewtwo|par
|
|turn|24
|choice|move 3|move 4
|
|move|p2a: Slowbro|Surf|p1a: Mewtwo
|-damage|p1a: Mewtwo|20\/293 par
|move|p1a: Mewtwo|Thunderbolt|p2a: Slowbro
|-supereffective|p2a: Slowbro
|-damage|p2a: Slowbro|0 fnt
|faint|p2a: Slowbro
|choice||switch 6
|
|switch|p2a: Charmeleon|Charmeleon, L85|54\/272
|turn|25
|choice|move 1|move 4
|
|move|p2a: Charmeleon|Fire Blast|p1a: Mewtwo
|-damage|p1a: Mewtwo|0 fnt
|faint|p1a: Mewtwo
|
|win|jeransucks
|raw|Pietro Albuquerque's rating: 1186 &rarr; <strong>1153<\/strong><br \/>(-33 for losing)
|raw|jeransucks's rating: 1056 &rarr; <strong>1099<\/strong><br \/>(+43 for winning)
|l|Pietro Albuquerque
|player|p1
|j|Sharp Ladder UU
|l|Sharp Ladder UU