|j|Real FV13
|j|ItsBaku
|player|p1|Real FV13|265
|player|p2|ItsBaku|159
|gametype|singles
|gen|1
|tier|[Gen 1] OU
|seed|43712,22859,33583,20674
|rule|Sleep Clause Mod: Limit one foe put to sleep
|rule|Freeze Clause Mod: Limit one foe frozen
|rule|Species Clause: Limit one of each Pokémon
|rule|OHKO Clause: OHKO moves are banned
|rule|Evasion Moves Clause: Evasion moves are banned
|rule|HP Percentage Mod: HP is shown in percentages
|
|start
|switch|p1a: Alakazam|Alakazam|313\/313
|switch|p2a: Jynx|Jynx|333\/333
|turn|1
|c|★Real FV13|ma olvide
|c|★ItsBaku|gl
|c|★ItsBaku|xD
|choice|move 4|move 1
|
|move|p1a: Alakazam|Thunder Wave|p2a: Jynx
|-status|p2a: Jynx|par
|cant|p2a: Jynx|par
|
|turn|2
|choice|move 3|move 1
|
|move|p1a: Alakazam|Seismic Toss|p2a: Jynx
|-damage|p2a: Jynx|233\/333 par
|move|p2a: Jynx|Lovely Kiss|p1a: Alakazam
|-status|p1a: Alakazam|slp
|
|turn|3
|choice|move 3|move 2
|
|cant|p1a: Alakazam|slp
|move|p2a: Jynx|Blizzard|p1a: Alakazam
|-damage|p1a: Alakazam|210\/313 slp
|
|turn|4
|choice|move 2|switch 5
|
|switch|p2a: Snorlax|Snorlax|523\/523
|cant|p1a: Alakazam|slp
|
|turn|5
|choice|switch 2|move 1
|
|switch|p1a: Gengar|Gengar|323\/323
|move|p2a: Snorlax|Body Slam|p1a: Gengar
|-immune|p1a: Gengar|[msg]
|
|turn|6
|choice|move 3|move 2
|
|move|p1a: Gengar|Seismic Toss|p2a: Snorlax
|-damage|p2a: Snorlax|423\/523
|move|p2a: Snorlax|Earthquake|p1a: Gengar
|-supereffective|p1a: Gengar
|-damage|p1a: Gengar|95\/323
|
|turn|7
|choice|move 2|move 2
|
|move|p1a: Gengar|Hypnosis|p2a: Snorlax|[miss]
|-miss|p1a: Gengar
|move|p2a: Snorlax|Earthquake|p1a: Gengar
|-supereffective|p1a: Gengar
|-damage|p1a: Gengar|0 fnt
|faint|p1a: Gengar
|choice|switch 3|
|
|switch|p1a: Articuno|Articuno|383\/383
|turn|8
|choice|move 3|switch 3
|
|switch|p2a: Chansey|Chansey|703\/703
|move|p1a: Articuno|Reflect|p1a: Articuno
|-start|p1a: Articuno|Reflect
|
|turn|9
|choice|move 2|move 1
|
|move|p1a: Articuno|Ice Beam|p2a: Chansey
|-damage|p2a: Chansey|583\/703
|move|p2a: Chansey|Thunder Wave|p1a: Articuno
|-status|p1a: Articuno|par
|
|turn|10
|choice|move 2|move 2
|
|move|p2a: Chansey|Thunderbolt|p1a: Articuno
|-supereffective|p1a: Articuno
|-damage|p1a: Articuno|259\/383 par
|move|p1a: Articuno|Ice Beam|p2a: Chansey
|-crit|p2a: Chansey
|-damage|p2a: Chansey|349\/703
|
|turn|11
|choice|move 2|move 4
|
|move|p2a: Chansey|Soft-Boiled|p2a: Chansey
|-heal|p2a: Chansey|700\/703
|move|p1a: Articuno|Ice Beam|p2a: Chansey
|-damage|p2a: Chansey|572\/703
|
|turn|12
|choice|move 2|move 2
|
|move|p2a: Chansey|Thunderbolt|p1a: Articuno
|-crit|p1a: Articuno
|-supereffective|p1a: Articuno
|-damage|p1a: Articuno|0 fnt
|faint|p1a: Articuno
|c|★Real FV13|._____________.
|c|★ItsBaku|:\/
|c|★Real FV13|era mi win
|c|★Real FV13|rest
|choice|switch 4|
|
|switch|p1a: Tauros|Tauros|353\/353
|turn|13
|c|★ItsBaku|lol
|choice|move 4|switch 6
|
|switch|p2a: Exeggutor|Exeggutor|393\/393
|move|p1a: Tauros|Hyper Beam|p2a: Exeggutor
|-damage|p2a: Exeggutor|206\/393
|
|turn|14
|-mustrecharge|p1a: Tauros
|-mustrecharge|p1a: Tauros
|choice|move 1|move 4
|
|cant|p1a: Tauros|recharge
|move|p2a: Exeggutor|Stun Spore|p1a: Tauros
|-status|p1a: Tauros|par
|
|turn|15
|choice|move 1|move 1
|
|move|p2a: Exeggutor|Psychic|p1a: Tauros
|-damage|p1a: Tauros|187\/353 par
|-unboost|p1a: Tauros|spd|1
|-unboost|p1a: Tauros|spa|1
|move|p1a: Tauros|Blizzard|p2a: Exeggutor
|-supereffective|p2a: Exeggutor
|-damage|p2a: Exeggutor|127\/393
|
|turn|16
|choice|switch 2|move 1
|
|switch|p1a: Alakazam|Alakazam|210\/313 slp
|move|p2a: Exeggutor|Psychic|p1a: Alakazam
|-resisted|p1a: Alakazam
|-damage|p1a: Alakazam|163\/313 slp
|
|turn|17
|c|★ItsBaku|madre
|c|★ItsBaku|de la hax
|choice|move 2|switch 4
|
|switch|p2a: Tauros|Tauros|353\/353
|-curestatus|p1a: Alakazam|slp
|
|turn|18
|choice|move 4|switch 5
|
|switch|p2a: Jynx|Jynx|233\/333 par
|move|p1a: Alakazam|Thunder Wave|p2a: Jynx
|-fail|p2a: Jynx|par
|
|turn|19
|choice|switch 2|move 4
|
|switch|p1a: Tauros|Tauros|187\/353 par
|move|p2a: Jynx|Rest|p2a: Jynx
|-status|p2a: Jynx|slp
|-heal|p2a: Jynx|333\/333 slp|[silent]
|-status|p2a: Jynx|slp|[from] move: Rest
|
|turn|20
|choice|move 2|move 2
|
|move|p1a: Tauros|Body Slam|p2a: Jynx
|-damage|p2a: Jynx|155\/333 slp
|cant|p2a: Jynx|slp
|
|turn|21
|choice|move 2|switch 5
|
|switch|p2a: Tauros|Tauros|353\/353
|cant|p1a: Tauros|par
|
|turn|22
|choice|switch 5|move 1
|
|switch|p1a: Starmie|Starmie|323\/323
|move|p2a: Tauros|Body Slam|p1a: Starmie
|-damage|p1a: Starmie|208\/323
|-status|p1a: Starmie|par
|
|turn|23
|choice|move 1|move 4
|
|move|p2a: Tauros|Hyper Beam|p1a: Starmie
|-damage|p1a: Starmie|9\/323 par
|move|p1a: Starmie|Blizzard|p2a: Tauros
|-damage|p2a: Tauros|239\/353
|
|turn|24
|-mustrecharge|p2a: Tauros
|c|★ItsBaku|lol
|-mustrecharge|p2a: Tauros
|choice|move 2|move 1
|
|cant|p2a: Tauros|recharge
|move|p1a: Starmie|Hydro Pump|p2a: Tauros
|-damage|p2a: Tauros|60\/353
|
|turn|25
|choice|move 2|move 1
|
|move|p2a: Tauros|Body Slam|p1a: Starmie
|-damage|p1a: Starmie|0 fnt
|faint|p1a: Starmie
|choice|switch 2|
|
|switch|p1a: Alakazam|Alakazam|163\/313
|turn|26
|choice|move 3|switch 6
|
|switch|p2a: Chansey|Chansey|572\/703
|move|p1a: Alakazam|Seismic Toss|p2a: Chansey
|-damage|p2a: Chansey|472\/703
|
|turn|27
|choice|switch 5|move 4
|
|switch|p1a: Tauros|Tauros|187\/353 par
|move|p2a: Chansey|Soft-Boiled|p2a: Chansey
|-heal|p2a: Chansey|703\/703
|
|turn|28
|choice|move 2|move 2
|
|move|p2a: Chansey|Thunderbolt|p1a: Tauros
|-damage|p1a: Tauros|91\/353 par
|cant|p1a: Tauros|par
|
|turn|29
|choice|switch 6|move 2
|
|switch|p1a: Chansey|Chansey|703\/703
|move|p2a: Chansey|Thunderbolt|p1a: Chansey
|-damage|p1a: Chansey|630\/703
|
|turn|30
|choice|move 2|move 1
|
|move|p1a: Chansey|Ice Beam|p2a: Chansey
|-damage|p2a: Chansey|633\/703
|move|p2a: Chansey|Thunder Wave|p1a: Chansey
|-status|p1a: Chansey|par
|
|turn|31
|-message|Real FV13 forfeited.
|c|★Real FV13|es bo3
|
|win|ItsBaku
|player|p1
|player|p2
|c|★Real FV13|right?
|c|★Real FV13|reta
|c|★ItsBaku|y