|j|Iezus
|j|SuperGabenBros
|player|p1|Iezus|275
|player|p2|SuperGabenBros|290
|gametype|singles
|gen|1
|tier|[Gen 1] Random Battle
|rated
|seed|23129,28011,24277,7072
|rule|Sleep Clause Mod: Limit one foe put to sleep
|rule|Freeze Clause Mod: Limit one foe frozen
|rule|HP Percentage Mod: HP is shown in percentages
|
|start
|switch|p1a: Magneton|Magneton, L90|273\/273
|switch|p2a: Rhyhorn|Rhyhorn, L96|348\/348
|turn|1
|choice|switch 2|move 2
|
|switch|p1a: Gyarados|Gyarados, L85|335\/335
|move|p2a: Rhyhorn|Substitute|p2a: Rhyhorn
|-start|p2a: Rhyhorn|Substitute
|-damage|p2a: Rhyhorn|261\/348
|
|turn|2
|choice|move 3|move 1
|
|move|p1a: Gyarados|Surf|p2a: Rhyhorn
|-supereffective|p2a: Rhyhorn
|-end|p2a: Rhyhorn|Substitute
|move|p2a: Rhyhorn|Rock Slide|p1a: Gyarados
|-supereffective|p1a: Gyarados
|-damage|p1a: Gyarados|150\/335
|
|turn|3
|choice|move 3|switch 4
|
|switch|p2a: Poliwag|Poliwag, L96|272\/272
|move|p1a: Gyarados|Surf|p2a: Poliwag
|-resisted|p2a: Poliwag
|-damage|p2a: Poliwag|199\/272
|
|turn|4
|choice|move 4|switch 4
|
|switch|p2a: Rhyhorn|Rhyhorn, L96|261\/348
|move|p1a: Gyarados|Thunderbolt|p2a: Rhyhorn
|-immune|p2a: Rhyhorn|[msg]
|
|turn|5
|choice|move 3|switch 3
|
|switch|p2a: Alakazam|Alakazam, L79|249\/249
|move|p1a: Gyarados|Surf|p2a: Alakazam
|-damage|p2a: Alakazam|168\/249
|
|turn|6
|choice|switch 2|move 1
|
|switch|p1a: Magneton|Magneton, L90|273\/273
|move|p2a: Alakazam|Psychic|p1a: Magneton
|-damage|p1a: Magneton|191\/273
|
|turn|7
|choice|move 2|switch 3
|
|switch|p2a: Rhyhorn|Rhyhorn, L96|261\/348
|move|p1a: Magneton|Thunder Wave|p2a: Rhyhorn
|-immune|p2a: Rhyhorn|[msg]
|
|turn|8
|choice|switch 4|move 2
|
|switch|p1a: Marowak|Marowak, L90|291\/291
|move|p2a: Rhyhorn|Substitute|p2a: Rhyhorn
|-start|p2a: Rhyhorn|Substitute
|-damage|p2a: Rhyhorn|174\/348
|
|turn|9
|choice|move 1|move 3
|
|move|p1a: Marowak|Earthquake|p2a: Rhyhorn
|-supereffective|p2a: Rhyhorn
|-end|p2a: Rhyhorn|Substitute
|move|p2a: Rhyhorn|Earthquake|p1a: Marowak
|-damage|p1a: Marowak|181\/291
|
|turn|10
|choice|move 2|switch 4
|
|switch|p2a: Poliwag|Poliwag, L96|199\/272
|move|p1a: Marowak|Blizzard|p2a: Poliwag
|-resisted|p2a: Poliwag
|-damage|p2a: Poliwag|152\/272
|
|turn|11
|choice|switch 2|move 3
|
|switch|p1a: Gyarados|Gyarados, L85|150\/335
|move|p2a: Poliwag|Hypnosis|p1a: Gyarados|[miss]
|-miss|p2a: Poliwag
|
|turn|12
|choice|move 4|move 3
|
|move|p2a: Poliwag|Hypnosis|p1a: Gyarados
|-status|p1a: Gyarados|slp
|cant|p1a: Gyarados|slp
|
|turn|13
|choice|switch 6|switch 4
|
|switch|p2a: Rhyhorn|Rhyhorn, L96|174\/348
|switch|p1a: Mewtwo|Mewtwo, L68|285\/285
|
|turn|14
|choice|move 1|switch 4
|
|switch|p2a: Poliwag|Poliwag, L96|152\/272
|move|p1a: Mewtwo|Psychic|p2a: Poliwag
|-crit|p2a: Poliwag
|-damage|p2a: Poliwag|0 fnt
|faint|p2a: Poliwag
|choice||switch 3
|
|switch|p2a: Alakazam|Alakazam, L79|168\/249
|turn|15
|choice|switch 3|move 3
|
|switch|p1a: Charmeleon|Charmeleon, L85|272\/272
|move|p2a: Alakazam|Thunder Wave|p1a: Charmeleon
|-status|p1a: Charmeleon|par
|
|turn|16
|choice|move 3|move 1
|
|move|p2a: Alakazam|Psychic|p1a: Charmeleon
|-damage|p1a: Charmeleon|137\/272 par
|-unboost|p1a: Charmeleon|spd|1
|-unboost|p1a: Charmeleon|spa|1
|move|p1a: Charmeleon|Fire Blast|p2a: Alakazam
|-crit|p2a: Alakazam
|-damage|p2a: Alakazam|8\/249
|
|turn|17
|choice|move 4|move 1
|
|move|p2a: Alakazam|Psychic|p1a: Charmeleon
|-crit|p1a: Charmeleon
|-damage|p1a: Charmeleon|0 fnt
|faint|p1a: Charmeleon
|choice|switch 5|
|
|switch|p1a: Electrode|Electrode, L90|291\/291
|turn|18
|choice|switch 2|switch 6
|
|switch|p1a: Marowak|Marowak, L90|181\/291
|switch|p2a: Gengar|Gengar, L79|257\/257
|
|turn|19
|choice|move 1|move 3
|
|move|p2a: Gengar|Psychic|p1a: Marowak
|-damage|p1a: Marowak|90\/291
|move|p1a: Marowak|Earthquake|p2a: Gengar
|-supereffective|p2a: Gengar
|-damage|p2a: Gengar|0 fnt
|faint|p2a: Gengar
|choice||switch 5
|
|switch|p2a: Clefable|Clefable, L85|335\/335
|turn|20
|choice|switch 3|move 1
|
|switch|p1a: Mewtwo|Mewtwo, L68|285\/285
|move|p2a: Clefable|Ice Beam|p1a: Mewtwo
|-crit|p1a: Mewtwo
|-damage|p1a: Mewtwo|182\/285
|
|turn|21
|choice|move 1|move 3
|
|move|p1a: Mewtwo|Psychic|p2a: Clefable
|-damage|p2a: Clefable|252\/335
|move|p2a: Clefable|Thunder Wave|p1a: Mewtwo
|-status|p1a: Mewtwo|par
|
|turn|22
|choice|move 3|move 1
|
|move|p2a: Clefable|Ice Beam|p1a: Mewtwo
|-crit|p1a: Mewtwo
|-damage|p1a: Mewtwo|76\/285 par
|move|p1a: Mewtwo|Amnesia|p1a: Mewtwo
|-boost|p1a: Mewtwo|spd|2
|-boost|p1a: Mewtwo|spa|2
|
|turn|23
|choice|move 1|move 2
|
|move|p2a: Clefable|Hyper Beam|p1a: Mewtwo
|-damage|p1a: Mewtwo|0 fnt
|faint|p1a: Mewtwo
|choice|switch 2|
|
|switch|p1a: Electrode|Electrode, L90|291\/291
|turn|24
|choice|move 1|switch 4
|
|switch|p2a: Rhyhorn|Rhyhorn, L96|174\/348
|move|p1a: Electrode|Explosion|p2a: Rhyhorn
|-resisted|p2a: Rhyhorn
|-damage|p2a: Rhyhorn|100\/348
|faint|p1a: Electrode
|choice|switch 3|
|
|switch|p1a: Marowak|Marowak, L90|90\/291
|turn|25
|c|★SuperGabenBros|WTF BOOM
|choice|move 2|switch 2
|
|switch|p2a: Zapdos|Zapdos, L79|304\/304
|move|p1a: Marowak|Blizzard|p2a: Zapdos
|-supereffective|p2a: Zapdos
|-damage|p2a: Zapdos|201\/304
|
|turn|26
|choice|move 2|move 3
|
|move|p2a: Zapdos|Drill Peck|p1a: Marowak
|-damage|p1a: Marowak|32\/291
|move|p1a: Marowak|Blizzard|p2a: Zapdos
|-supereffective|p2a: Zapdos
|-damage|p2a: Zapdos|79\/304
|
|turn|27
|choice|switch 4|move 3
|
|switch|p1a: Magneton|Magneton, L90|191\/273
|move|p2a: Zapdos|Drill Peck|p1a: Magneton
|-resisted|p1a: Magneton
|-damage|p1a: Magneton|158\/273
|
|turn|28
|choice|move 3|move 4
|
|move|p2a: Zapdos|Thunder Wave|p1a: Magneton
|-status|p1a: Magneton|par
|move|p1a: Magneton|Hyper Beam|p2a: Zapdos
|-damage|p2a: Zapdos|0 fnt
|faint|p2a: Zapdos
|choice||switch 2
|
|switch|p2a: Rhyhorn|Rhyhorn, L96|100\/348
|turn|29
|choice|move 3|move 2
|
|move|p2a: Rhyhorn|Substitute|p2a: Rhyhorn
|-start|p2a: Rhyhorn|Substitute
|-damage|p2a: Rhyhorn|13\/348
|move|p1a: Magneton|Hyper Beam|p2a: Rhyhorn
|-resisted|p2a: Rhyhorn
|-activate|p2a: Rhyhorn|Substitute|[damage]
|
|turn|30
|choice|move 3|move 3
|
|move|p2a: Rhyhorn|Earthquake|p1a: Magneton
|-supereffective|p1a: Magneton
|-damage|p1a: Magneton|0 fnt
|faint|p1a: Magneton
|-message|Iezus forfeited.
|
|win|SuperGabenBros
|l|Iezus
|player|p1
|raw|Iezus's rating: 1320 &rarr; <strong>1298<\/strong><br \/>(-22 for losing)
|raw|SuperGabenBros's rating: 1282 &rarr; <strong>1310<\/strong><br \/>(+28 for winning)