|j|LibertarianMaster
|j|pidgey01
|player|p1|LibertarianMaster|59
|player|p2|pidgey01|265
|gametype|singles
|gen|1
|tier|[Gen 1] Random Battle
|rated
|seed|61325,48441,9829,20853
|rule|Sleep Clause Mod: Limit one foe put to sleep
|rule|Freeze Clause Mod: Limit one foe frozen
|rule|HP Percentage Mod: HP is shown in percentages
|
|start
|switch|p1a: Venonat|Venonat, L96|310\/310
|switch|p2a: Dragonite|Dragonite, L85|328\/328
|turn|1
|c|★LibertarianMaster|glhf
|choice|move 3|move 1
|
|move|p2a: Dragonite|Blizzard|p1a: Venonat
|-damage|p1a: Venonat|197\/310
|move|p1a: Venonat|Sleep Powder|p2a: Dragonite|[miss]
|-miss|p1a: Venonat
|
|turn|2
|choice|move 3|move 4
|
|move|p2a: Dragonite|Surf|p1a: Venonat
|-damage|p1a: Venonat|105\/310
|move|p1a: Venonat|Sleep Powder|p2a: Dragonite
|-status|p2a: Dragonite|slp
|
|turn|3
|choice|switch 6|move 4
|
|switch|p1a: Golduck|Golduck, L85|310\/310
|cant|p2a: Dragonite|slp
|
|turn|4
|choice|move 1|switch 6
|
|switch|p2a: Tentacruel|Tentacruel, L85|310\/310
|move|p1a: Golduck|Amnesia|p1a: Golduck
|-boost|p1a: Golduck|spd|2
|-boost|p1a: Golduck|spa|2
|
|turn|5
|choice|move 1|move 4
|
|move|p2a: Tentacruel|Blizzard|p1a: Golduck
|-resisted|p1a: Golduck
|-damage|p1a: Golduck|285\/310
|move|p1a: Golduck|Amnesia|p1a: Golduck
|-boost|p1a: Golduck|spd|2
|-boost|p1a: Golduck|spa|2
|
|turn|6
|choice|move 1|move 1
|
|move|p2a: Tentacruel|Hyper Beam|p1a: Golduck
|-damage|p1a: Golduck|189\/310
|move|p1a: Golduck|Amnesia|p1a: Golduck
|-boost|p1a: Golduck|spd|2
|-boost|p1a: Golduck|spa|2
|
|turn|7
|-mustrecharge|p2a: Tentacruel
|-mustrecharge|p2a: Tentacruel
|choice|move 3|move 1
|
|cant|p2a: Tentacruel|recharge
|move|p1a: Golduck|Surf|p2a: Tentacruel
|-resisted|p2a: Tentacruel
|-damage|p2a: Tentacruel|167\/310
|
|turn|8
|choice|move 3|move 1
|
|move|p2a: Tentacruel|Hyper Beam|p1a: Golduck
|-damage|p1a: Golduck|94\/310
|move|p1a: Golduck|Surf|p2a: Tentacruel
|-crit|p2a: Tentacruel
|-resisted|p2a: Tentacruel
|-damage|p2a: Tentacruel|95\/310
|
|turn|9
|-mustrecharge|p2a: Tentacruel
|-mustrecharge|p2a: Tentacruel
|choice|move 2|move 1
|
|cant|p2a: Tentacruel|recharge
|move|p1a: Golduck|Rest|p1a: Golduck
|-status|p1a: Golduck|slp
|-heal|p1a: Golduck|310\/310 slp|[silent]
|-status|p1a: Golduck|slp|[from] move: Rest
|
|turn|10
|choice|move 3|move 1
|
|move|p2a: Tentacruel|Hyper Beam|p1a: Golduck
|-damage|p1a: Golduck|215\/310 slp
|cant|p1a: Golduck|slp
|
|turn|11
|-mustrecharge|p2a: Tentacruel
|-mustrecharge|p2a: Tentacruel
|choice|move 3|move 1
|
|cant|p2a: Tentacruel|recharge
|-curestatus|p1a: Golduck|slp
|
|turn|12
|choice|move 2|move 1
|
|move|p2a: Tentacruel|Hyper Beam|p1a: Golduck
|-damage|p1a: Golduck|126\/310
|move|p1a: Golduck|Rest|p1a: Golduck
|-status|p1a: Golduck|slp
|-heal|p1a: Golduck|310\/310 slp|[silent]
|-status|p1a: Golduck|slp|[from] move: Rest
|
|turn|13
|-mustrecharge|p2a: Tentacruel
|-mustrecharge|p2a: Tentacruel
|choice|move 3|move 1
|
|cant|p2a: Tentacruel|recharge
|cant|p1a: Golduck|slp
|
|turn|14
|choice|move 3|switch 2
|
|switch|p2a: Grimer|Grimer, L96|348\/348
|-curestatus|p1a: Golduck|slp
|
|turn|15
|choice|move 3|move 4
|
|move|p1a: Golduck|Surf|p2a: Grimer
|-damage|p2a: Grimer|0 fnt
|faint|p2a: Grimer
|choice||switch 5
|
|switch|p2a: Hypno|Hypno, L85|318\/318
|turn|16
|choice|move 3|move 1
|
|move|p1a: Golduck|Surf|p2a: Hypno
|-crit|p2a: Hypno
|-damage|p2a: Hypno|180\/318
|move|p2a: Hypno|Psychic|p1a: Golduck
|-damage|p1a: Golduck|282\/310
|
|turn|17
|choice|move 3|move 4
|
|move|p1a: Golduck|Surf|p2a: Hypno
|-damage|p2a: Hypno|0 fnt
|faint|p2a: Hypno
|c|★LibertarianMaster|dat crit
|choice||switch 6
|
|switch|p2a: Dragonite|Dragonite, L85|328\/328 slp
|turn|18
|choice|move 4|move 2
|
|move|p1a: Golduck|Ice Beam|p2a: Dragonite
|-supereffective|p2a: Dragonite
|-damage|p2a: Dragonite|0 fnt
|faint|p2a: Dragonite
|choice||switch 3
|
|switch|p2a: Clefable|Clefable, L85|335\/335
|turn|19
|choice|move 3|move 3
|
|move|p1a: Golduck|Surf|p2a: Clefable
|-damage|p2a: Clefable|0 fnt
|faint|p2a: Clefable
|choice||switch 4
|
|switch|p2a: Arcanine|Arcanine, L85|327\/327
|turn|20
|choice|move 3|move 4
|
|move|p2a: Arcanine|Fire Blast|p1a: Golduck|[miss]
|-miss|p2a: Arcanine
|move|p1a: Golduck|Surf|p2a: Arcanine
|-supereffective|p2a: Arcanine
|-damage|p2a: Arcanine|0 fnt
|faint|p2a: Arcanine
|choice||switch 2
|
|switch|p2a: Tentacruel|Tentacruel, L85|95\/310
|turn|21
|choice|move 3|move 4
|
|move|p2a: Tentacruel|Blizzard|p1a: Golduck
|-resisted|p1a: Golduck
|-damage|p1a: Golduck|269\/310
|-status|p1a: Golduck|frz
|cant|p1a: Golduck|frz
|
|turn|22
|choice|switch 3|move 1
|
|switch|p1a: Haunter|Haunter, L85|250\/250
|move|p2a: Tentacruel|Hyper Beam|p1a: Haunter
|-immune|p1a: Haunter|[msg]
|
|turn|23
|choice|move 4|move 1
|
|move|p2a: Tentacruel|Hyper Beam|p1a: Haunter
|-immune|p1a: Haunter|[msg]
|move|p1a: Haunter|Thunderbolt|p2a: Tentacruel
|-supereffective|p2a: Tentacruel
|-damage|p2a: Tentacruel|0 fnt
|faint|p2a: Tentacruel
|
|win|LibertarianMaster
|player|p1
|player|p2
|raw|LibertarianMaster's rating: 1252 &rarr; <strong>1266<\/strong><br \/>(+14 for winning)
|raw|pidgey01's rating: 1073 &rarr; <strong>1062<\/strong><br \/>(-11 for losing)