|join|marcoasd
|join|angrymoron2
|player|p1|marcoasd|266
|player|p2|angrymoron2|135
|gametype|singles
|gen|1
|tier|[Gen 1] OU (beta)
|rated
|rule|Sleep Clause Mod: Limit one foe put to sleep
|rule|Species Clause: Limit one of each Pokemon
|rule|OHKO Clause: OHKO moves are banned
|rule|Moody Clause: Moody is banned
|rule|Evasion Moves Clause: Evasion moves are banned
|rule|Endless Battle Clause: Forcing endless battles is banned.
|rule|HP Percentage Mod: HP is reported as percentages
|
|start
|switch|p1a: Gengar|Gengar|323\/323
|switch|p2a: Starmie|Starmie|323\/323
|turn|1
|chat|marcoasd|hi
|chat|angrymoron2|hey
|
|switch|p1a: Chansey|Chansey|703\/703
|move|p2a: Starmie|Psychic|p1a: Chansey
|-damage|p1a: Chansey|598\/703
|
|turn|2
|
|switch|p2a: Exeggutor|Exeggutor|393\/393
|move|p1a: Chansey|Ice Beam|p2a: Exeggutor
|-supereffective|p2a: Exeggutor
|-damage|p2a: Exeggutor|251\/393
|-status|p2a: Exeggutor|frz
|
|turn|3
|chat|marcoasd|ouch
|
|switch|p2a: Chansey|Chansey|703\/703
|move|p1a: Chansey|Ice Beam|p2a: Chansey
|-damage|p2a: Chansey|635\/703
|
|turn|4
|
|switch|p1a: Gengar|Gengar|323\/323
|move|p2a: Chansey|Ice Beam|p1a: Gengar
|-crit|p1a: Gengar
|-damage|p1a: Gengar|193\/323
|
|turn|5
|
|switch|p2a: Starmie|Starmie|323\/323
|move|p1a: Gengar|Hypnosis|p2a: Starmie|[miss]
|-miss|p1a: Gengar
|
|turn|6
|
|switch|p2a: Snorlax|Snorlax|523\/523
|switch|p1a: Chansey|Chansey|598\/703
|
|turn|7
|
|move|p1a: Chansey|Ice Beam|p2a: Snorlax
|-damage|p2a: Snorlax|431\/523
|move|p2a: Snorlax|Earthquake|p1a: Chansey
|-crit|p1a: Chansey
|-damage|p1a: Chansey|170\/703
|
|turn|8
|
|switch|p1a: Exeggutor|Exeggutor|393\/393
|move|p2a: Snorlax|Earthquake|p1a: Exeggutor
|-resisted|p1a: Exeggutor
|-damage|p1a: Exeggutor|349\/393
|
|turn|9
|
|switch|p2a: Starmie|Starmie|323\/323
|move|p1a: Exeggutor|Sleep Powder|p2a: Starmie
|-status|p2a: Starmie|slp
|
|turn|10
|
|switch|p1a: Snorlax|Snorlax|523\/523
|cant|p2a: Starmie|slp
|-curestatus|p2a: Starmie|slp
|
|turn|11
|
|switch|p2a: Snorlax|Snorlax|431\/523
|move|p1a: Snorlax|Body Slam|p2a: Snorlax
|-damage|p2a: Snorlax|300\/523
|
|turn|12
|
|move|p1a: Snorlax|Body Slam|p2a: Snorlax
|-damage|p2a: Snorlax|153\/523
|move|p2a: Snorlax|Body Slam|p1a: Snorlax
|-damage|p1a: Snorlax|377\/523
|
|turn|13
|
|move|p1a: Snorlax|Hyper Beam|p2a: Snorlax
|-damage|p2a: Snorlax|0 fnt
|faint|p2a: Snorlax
|
|
|switch|p2a: Rhydon|Rhydon|413\/413
|turn|14
|
|switch|p1a: Exeggutor|Exeggutor|349\/393
|move|p2a: Rhydon|Rock Slide|p1a: Exeggutor
|-damage|p1a: Exeggutor|226\/393
|
|turn|15
|
|switch|p2a: Starmie|Starmie|323\/323
|move|p1a: Exeggutor|Sleep Powder|p2a: Starmie|[miss]
|-miss|p1a: Exeggutor
|
|turn|16
|
|move|p2a: Starmie|Blizzard|p1a: Exeggutor
|-crit|p1a: Exeggutor
|-supereffective|p1a: Exeggutor
|-damage|p1a: Exeggutor|0 fnt
|faint|p1a: Exeggutor
|
|
|switch|p1a: Snorlax|Snorlax|377\/523
|turn|17
|
|move|p2a: Starmie|Psychic|p1a: Snorlax
|-damage|p1a: Snorlax|233\/523
|move|p1a: Snorlax|Body Slam|p2a: Starmie
|-damage|p2a: Starmie|214\/323
|-status|p2a: Starmie|par
|
|turn|18
|
|switch|p2a: Rhydon|Rhydon|413\/413
|move|p1a: Snorlax|Body Slam|p2a: Rhydon
|-resisted|p2a: Rhydon
|-damage|p2a: Rhydon|370\/413
|-status|p2a: Rhydon|par
|
|turn|19
|
|move|p1a: Snorlax|Earthquake|p2a: Rhydon
|-supereffective|p2a: Rhydon
|-damage|p2a: Rhydon|212\/413 par
|move|p2a: Rhydon|Earthquake|p1a: Snorlax
|-damage|p1a: Snorlax|54\/523
|
|turn|20
|
|move|p1a: Snorlax|Earthquake|p2a: Rhydon
|-supereffective|p2a: Rhydon
|-damage|p2a: Rhydon|52\/413 par
|move|p2a: Rhydon|Earthquake|p1a: Snorlax
|-damage|p1a: Snorlax|0 fnt
|faint|p1a: Snorlax
|
|
|switch|p1a: Chansey|Chansey|170\/703
|turn|21
|
|move|p1a: Chansey|Soft-Boiled|p1a: Chansey
|-heal|p1a: Chansey|521\/703
|move|p2a: Rhydon|Earthquake|p1a: Chansey
|-crit|p1a: Chansey
|-damage|p1a: Chansey|0 fnt
|faint|p1a: Chansey
|
|
|switch|p1a: Tauros|Tauros|353\/353
|turn|22
|
|move|p1a: Tauros|Earthquake|p2a: Rhydon
|-supereffective|p2a: Rhydon
|-damage|p2a: Rhydon|0 fnt
|faint|p2a: Rhydon
|
|
|switch|p2a: Tauros|Tauros|353\/353
|turn|23
|
|switch|p1a: Gengar|Gengar|193\/323
|move|p2a: Tauros|Body Slam|p1a: Gengar
|-immune|p1a: Gengar|[msg]
|
|turn|24
|
|move|p1a: Gengar|Hypnosis|p2a: Tauros|[miss]
|-miss|p1a: Gengar
|move|p2a: Tauros|Earthquake|p1a: Gengar
|-crit|p1a: Gengar
|-supereffective|p1a: Gengar
|-damage|p1a: Gengar|0 fnt
|faint|p1a: Gengar
|
|
|switch|p1a: Lapras|Lapras|463\/463
|turn|25
|
|switch|p2a: Chansey|Chansey|635\/703
|move|p1a: Lapras|Body Slam|p2a: Chansey
|-damage|p2a: Chansey|458\/703
|
|turn|26
|
|move|p1a: Lapras|Confuse Ray|p2a: Chansey
|-start|p2a: Chansey|confusion
|-activate|p2a: Chansey|confusion
|-damage|p2a: Chansey|426\/703|[from] confusion
|
|turn|27
|
|move|p1a: Lapras|Body Slam|p2a: Chansey
|-damage|p2a: Chansey|265\/703
|-activate|p2a: Chansey|confusion
|-damage|p2a: Chansey|233\/703|[from] confusion
|
|turn|28
|
|move|p1a: Lapras|Body Slam|p2a: Chansey
|-damage|p2a: Chansey|63\/703
|-activate|p2a: Chansey|confusion
|-damage|p2a: Chansey|32\/703|[from] confusion
|
|turn|29
|
|move|p1a: Lapras|Body Slam|p2a: Chansey
|-damage|p2a: Chansey|0 fnt
|faint|p2a: Chansey
|
|
|switch|p2a: Starmie|Starmie|214\/323 par
|turn|30
|
|move|p1a: Lapras|Confuse Ray|p2a: Starmie
|-start|p2a: Starmie|confusion
|-activate|p2a: Starmie|confusion
|move|p2a: Starmie|Thunder Wave|p1a: Lapras
|-status|p1a: Lapras|par
|
|turn|31
|
|switch|p2a: Exeggutor|Exeggutor|251\/393 frz
|switch|p1a: Tauros|Tauros|353\/353
|
|turn|32
|
|switch|p1a: Lapras|Lapras|463\/463 par
|cant|p2a: Exeggutor|frz
|
|turn|33
|
|cant|p2a: Exeggutor|frz
|move|p1a: Lapras|Blizzard|p2a: Exeggutor
|-supereffective|p2a: Exeggutor
|-damage|p2a: Exeggutor|3\/393 frz
|
|turn|34
|
|cant|p2a: Exeggutor|frz
|cant|p1a: Lapras|par
|
|turn|35
|
|cant|p2a: Exeggutor|frz
|cant|p1a: Lapras|par
|
|turn|36
|join|Reeban
|
|cant|p2a: Exeggutor|frz
|move|p1a: Lapras|Body Slam|p2a: Exeggutor
|-damage|p2a: Exeggutor|0 fnt
|faint|p2a: Exeggutor
|
|
|switch|p2a: Starmie|Starmie|214\/323 par
|turn|37
|
|move|p2a: Starmie|Psychic|p1a: Lapras
|-damage|p1a: Lapras|361\/463 par
|-unboost|p1a: Lapras|spd|1
|-unboost|p1a: Lapras|spa|1
|move|p1a: Lapras|Confuse Ray|p2a: Starmie
|-start|p2a: Starmie|confusion
|
|turn|38
|
|-activate|p2a: Starmie|confusion
|-damage|p2a: Starmie|186\/323 par|[from] confusion
|cant|p1a: Lapras|par
|
|turn|39
|
|switch|p1a: Tauros|Tauros|353\/353
|-activate|p2a: Starmie|confusion
|move|p2a: Starmie|Psychic|p1a: Tauros
|-crit|p1a: Tauros
|-damage|p1a: Tauros|94\/353
|
|turn|40
|
|switch|p2a: Tauros|Tauros|353\/353
|move|p1a: Tauros|Hyper Beam|p2a: Tauros|[miss]
|-miss|p1a: Tauros
|
|turn|41
|
|move|p1a: Tauros|Body Slam|p2a: Tauros
|-damage|p2a: Tauros|247\/353
|move|p2a: Tauros|Body Slam|p1a: Tauros
|-damage|p1a: Tauros|0 fnt
|faint|p1a: Tauros
|
|
|switch|p1a: Lapras|Lapras|361\/463 par
|turn|42
|
|move|p2a: Tauros|Body Slam|p1a: Lapras
|-damage|p1a: Lapras|237\/463 par
|move|p1a: Lapras|Blizzard|p2a: Tauros
|-damage|p2a: Tauros|86\/353
|
|turn|43
|
|move|p2a: Tauros|Hyper Beam|p1a: Lapras
|-damage|p1a: Lapras|31\/463 par
|move|p1a: Lapras|Blizzard|p2a: Tauros
|-damage|p2a: Tauros|0 fnt
|faint|p2a: Tauros
|
|
|switch|p2a: Starmie|Starmie|186\/323 par
|turn|44
|
|move|p2a: Starmie|Psychic|p1a: Lapras
|-damage|p1a: Lapras|0 fnt
|faint|p1a: Lapras
|
|win|angrymoron2
|raw|Ladder updating...
|raw|marcoasd's rating: 1421 &rarr; <strong>1390<\/strong><br \/>(-31 for losing)
|raw|angrymoron2's rating: 1182 &rarr; <strong>1222<\/strong><br \/>(+40 for winning)
|chat|marcoasd|gg
|chat|angrymoron2|gg