|j|MALESANI
|j|sourcrouter
|player|p1|MALESANI|238
|player|p2|sourcrouter|265
|gametype|singles
|gen|1
|tier|[Gen 1] Random Battle
|rated
|seed|19560,19038,48489,11667
|rule|Sleep Clause Mod: Limit one foe put to sleep
|rule|Freeze Clause Mod: Limit one foe frozen
|rule|HP Percentage Mod: HP is shown in percentages
|
|start
|switch|p1a: Lapras|Lapras, L79|367\/367
|switch|p2a: Wigglytuff|Wigglytuff, L90|435\/435
|turn|1
|choice|move 3|move 2
|
|move|p1a: Lapras|Blizzard|p2a: Wigglytuff
|-damage|p2a: Wigglytuff|299\/435
|move|p2a: Wigglytuff|Thunder Wave|p1a: Lapras
|-status|p1a: Lapras|par
|
|turn|2
|choice|move 3|switch 4
|
|switch|p2a: Electabuzz|Electabuzz, L85|284\/284
|move|p1a: Lapras|Blizzard|p2a: Electabuzz
|-damage|p2a: Electabuzz|173\/284
|-status|p2a: Electabuzz|frz
|
|turn|3
|choice|move 2|switch 6
|
|switch|p2a: Hypno|Hypno, L85|318\/318
|move|p1a: Lapras|Body Slam|p2a: Hypno
|-damage|p2a: Hypno|266\/318
|
|turn|4
|choice|move 4|move 1
|
|move|p2a: Hypno|Psychic|p1a: Lapras
|-damage|p1a: Lapras|259\/367 par
|move|p1a: Lapras|Confuse Ray|p2a: Hypno
|-start|p2a: Hypno|confusion
|
|turn|5
|choice|move 3|move 1
|
|-activate|p2a: Hypno|confusion
|-damage|p2a: Hypno|235\/318|[from] confusion
|move|p1a: Lapras|Blizzard|p2a: Hypno
|-damage|p2a: Hypno|138\/318
|
|turn|6
|choice|move 2|move 1
|
|-activate|p2a: Hypno|confusion
|move|p2a: Hypno|Psychic|p1a: Lapras
|-damage|p1a: Lapras|148\/367 par
|move|p1a: Lapras|Body Slam|p2a: Hypno
|-damage|p2a: Hypno|79\/318
|
|turn|7
|choice|move 3|move 1
|
|-end|p2a: Hypno|confusion
|move|p2a: Hypno|Psychic|p1a: Lapras
|-damage|p1a: Lapras|30\/367 par
|move|p1a: Lapras|Blizzard|p2a: Hypno
|-damage|p2a: Hypno|0 fnt
|faint|p2a: Hypno
|choice||switch 4
|
|switch|p2a: Wigglytuff|Wigglytuff, L90|299\/435
|turn|8
|choice|move 3|move 1
|
|move|p2a: Wigglytuff|Hyper Beam|p1a: Lapras
|-damage|p1a: Lapras|0 fnt
|faint|p1a: Lapras
|choice|switch 5|
|
|switch|p1a: Hypno|Hypno, L85|318\/318
|turn|9
|choice|move 4|move 2
|
|move|p1a: Hypno|Thunder Wave|p2a: Wigglytuff
|-status|p2a: Wigglytuff|par
|move|p2a: Wigglytuff|Thunder Wave|p1a: Hypno
|-status|p1a: Hypno|par
|
|turn|10
|choice|move 1|move 3
|
|move|p1a: Hypno|Psychic|p2a: Wigglytuff
|-crit|p2a: Wigglytuff
|-damage|p2a: Wigglytuff|18\/435 par
|move|p2a: Wigglytuff|Blizzard|p1a: Hypno
|-damage|p1a: Hypno|261\/318 par
|
|turn|11
|choice|move 1|move 1
|
|move|p1a: Hypno|Psychic|p2a: Wigglytuff
|-crit|p2a: Wigglytuff
|-damage|p2a: Wigglytuff|0 fnt
|faint|p2a: Wigglytuff
|choice||switch 2
|
|switch|p2a: Oddish|Oddish, L96|281\/281
|turn|12
|choice|move 1|move 4
|
|move|p2a: Oddish|Swords Dance|p2a: Oddish
|-boost|p2a: Oddish|atk|2
|move|p1a: Hypno|Psychic|p2a: Oddish
|-supereffective|p2a: Oddish
|-damage|p2a: Oddish|69\/281
|-unboost|p2a: Oddish|spd|1
|-unboost|p2a: Oddish|spa|1
|
|turn|13
|choice|move 4|move 1
|
|move|p2a: Oddish|Double-Edge|p1a: Hypno
|-damage|p1a: Hypno|126\/318 par
|-damage|p2a: Oddish|36\/281|[from] recoil|[of] p1a: Hypno
|move|p1a: Hypno|Thunder Wave|p2a: Oddish
|-status|p2a: Oddish|par
|
|turn|14
|choice|move 1|move 1
|
|move|p2a: Oddish|Double-Edge|p1a: Hypno
|-damage|p1a: Hypno|0 fnt
|-damage|p2a: Oddish|5\/281 par|[from] recoil|[of] p1a: Hypno
|faint|p1a: Hypno
|choice|switch 3|
|
|switch|p1a: Dratini|Dratini, L96|274\/274
|turn|15
|choice|move 4|move 3
|
|move|p1a: Dratini|Thunderbolt|p2a: Oddish
|-resisted|p2a: Oddish
|-damage|p2a: Oddish|0 fnt
|faint|p2a: Oddish
|choice||switch 3
|
|switch|p2a: Magmar|Magmar, L90|300\/300
|turn|16
|choice|move 3|move 4
|
|move|p2a: Magmar|Confuse Ray|p1a: Dratini
|-start|p1a: Dratini|confusion
|-activate|p1a: Dratini|confusion
|-damage|p1a: Dratini|234\/274|[from] confusion
|
|turn|17
|choice|move 3|move 3
|
|move|p2a: Magmar|Body Slam|p1a: Dratini
|-damage|p1a: Dratini|149\/274
|-end|p1a: Dratini|confusion
|move|p1a: Dratini|Hyper Beam|p2a: Magmar
|-damage|p2a: Magmar|167\/300
|
|turn|18
|-mustrecharge|p1a: Dratini
|-mustrecharge|p1a: Dratini
|choice|move 1|move 3
|
|move|p2a: Magmar|Body Slam|p1a: Dratini
|-damage|p1a: Dratini|63\/274
|-status|p1a: Dratini|par
|cant|p1a: Dratini|recharge
|
|turn|19
|choice|move 3|move 3
|
|move|p2a: Magmar|Body Slam|p1a: Dratini
|-crit|p1a: Dratini
|-damage|p1a: Dratini|0 fnt
|faint|p1a: Dratini
|choice|switch 2|
|
|switch|p1a: Kadabra|Kadabra, L85|242\/242
|turn|20
|choice|move 1|move 3
|
|move|p1a: Kadabra|Psychic|p2a: Magmar
|-damage|p2a: Magmar|62\/300
|move|p2a: Magmar|Body Slam|p1a: Kadabra
|-damage|p1a: Kadabra|134\/242
|
|turn|21
|choice|move 4|switch 6
|
|switch|p2a: Electabuzz|Electabuzz, L85|173\/284 frz
|move|p1a: Kadabra|Seismic Toss|p2a: Electabuzz
|-damage|p2a: Electabuzz|88\/284 frz
|
|turn|22
|choice|move 3|move 2
|
|move|p1a: Kadabra|Reflect|p1a: Kadabra
|-start|p1a: Kadabra|Reflect
|cant|p2a: Electabuzz|frz
|
|turn|23
|choice|switch 4|move 4
|
|switch|p1a: Dodrio|Dodrio, L85|276\/276
|cant|p2a: Electabuzz|frz
|
|turn|24
|choice|move 2|move 1
|
|cant|p2a: Electabuzz|frz
|move|p1a: Dodrio|Mimic|p2a: Electabuzz
|-start|p1a: Dodrio|Mimic|Seismic Toss
|
|turn|25
|choice|move 2|move 1
|
|cant|p2a: Electabuzz|frz
|move|p1a: Dodrio|Seismic Toss|p2a: Electabuzz
|-damage|p2a: Electabuzz|3\/284 frz
|
|turn|26
|choice|move 2|move 2
|
|cant|p2a: Electabuzz|frz
|move|p1a: Dodrio|Seismic Toss|p2a: Electabuzz
|-damage|p2a: Electabuzz|0 fnt
|faint|p2a: Electabuzz
|choice||switch 5
|
|switch|p2a: Cloyster|Cloyster, L83|253\/253
|turn|27
|choice|move 3|move 2
|
|move|p1a: Dodrio|Body Slam|p2a: Cloyster
|-damage|p2a: Cloyster|191\/253
|-status|p2a: Cloyster|par
|move|p2a: Cloyster|Blizzard|p1a: Dodrio
|-supereffective|p1a: Dodrio
|-damage|p1a: Dodrio|0 fnt
|faint|p1a: Dodrio
|choice|switch 6|
|
|switch|p1a: Nidorina|Nidorina, L90|309\/309
|turn|28
|choice|move 2|move 2
|
|move|p1a: Nidorina|Thunderbolt|p2a: Cloyster
|-supereffective|p2a: Cloyster
|-damage|p2a: Cloyster|85\/253 par
|move|p2a: Cloyster|Blizzard|p1a: Nidorina
|-damage|p1a: Nidorina|160\/309
|
|turn|29
|choice|move 2|move 2
|
|move|p1a: Nidorina|Thunderbolt|p2a: Cloyster
|-supereffective|p2a: Cloyster
|-damage|p2a: Cloyster|0 fnt
|faint|p2a: Cloyster
|choice||switch 6
|
|switch|p2a: Magmar|Magmar, L90|62\/300
|turn|30
|choice|move 4|move 4
|
|move|p2a: Magmar|Confuse Ray|p1a: Nidorina
|-start|p1a: Nidorina|confusion
|-activate|p1a: Nidorina|confusion
|move|p1a: Nidorina|Bubble Beam|p2a: Magmar
|-supereffective|p2a: Magmar
|-damage|p2a: Magmar|0 fnt
|faint|p2a: Magmar
|
|win|MALESANI
|player|p1
|player|p2
|raw|MALESANI's rating: 1475 &rarr; <strong>1484<\/strong><br \/>(+9 for winning)
|raw|sourcrouter's rating: 1258 &rarr; <strong>1247<\/strong><br \/>(-11 for losing)