|j|plsplsplsplsplspls
|j|harera
|player|p1|plsplsplsplsplspls|2
|player|p2|harera|58
|gametype|singles
|gen|1
|tier|[Gen 1] Random Battle
|rated
|seed|
|rule|Sleep Clause Mod: Limit one foe put to sleep
|rule|Freeze Clause Mod: Limit one foe frozen
|rule|HP Percentage Mod: HP is shown in percentages
|
|start
|switch|p1a: Rapidash|Rapidash, L90|100\/100
|switch|p2a: Charmander|Charmander, L96|100\/100
|turn|1
|choice||
|
|switch|p2a: Vaporeon|Vaporeon, L85|100\/100
|move|p1a: Rapidash|Body Slam|p2a: Vaporeon
|-damage|p2a: Vaporeon|79\/100
|
|turn|2
|choice||
|
|switch|p1a: Zapdos|Zapdos, L79|100\/100
|move|p2a: Vaporeon|Surf|p1a: Zapdos
|-damage|p1a: Zapdos|67\/100
|
|turn|3
|choice||
|
|move|p1a: Zapdos|Thunder Wave|p2a: Vaporeon
|-status|p2a: Vaporeon|par
|move|p2a: Vaporeon|Blizzard|p1a: Zapdos
|-supereffective|p1a: Zapdos
|-damage|p1a: Zapdos|10\/100
|
|turn|4
|choice||
|
|switch|p2a: Charmander|Charmander, L96|100\/100
|move|p1a: Zapdos|Thunderbolt|p2a: Charmander
|-damage|p2a: Charmander|53\/100
|
|turn|5
|choice||
|
|switch|p1a: Rapidash|Rapidash, L90|100\/100
|move|p2a: Charmander|Slash|p1a: Rapidash
|-crit|p1a: Rapidash
|-damage|p1a: Rapidash|70\/100
|
|turn|6
|choice||
|
|move|p1a: Rapidash|Body Slam|p2a: Charmander
|-damage|p2a: Charmander|18\/100
|move|p2a: Charmander|Body Slam|p1a: Rapidash
|-damage|p1a: Rapidash|50\/100
|-status|p1a: Rapidash|par
|
|turn|7
|choice||
|
|move|p2a: Charmander|Body Slam|p1a: Rapidash
|-damage|p1a: Rapidash|30\/100 par
|move|p1a: Rapidash|Body Slam|p2a: Charmander
|-damage|p2a: Charmander|0 fnt
|faint|p2a: Charmander
|choice||
|
|switch|p2a: Vaporeon|Vaporeon, L85|79\/100 par
|turn|8
|choice||
|
|cant|p1a: Rapidash|par
|cant|p2a: Vaporeon|par
|
|turn|9
|choice||
|
|cant|p1a: Rapidash|par
|move|p2a: Vaporeon|Surf|p1a: Rapidash
|-supereffective|p1a: Rapidash
|-damage|p1a: Rapidash|0 fnt
|faint|p1a: Rapidash
|choice||
|
|switch|p1a: Zapdos|Zapdos, L79|10\/100
|turn|10
|choice||
|
|switch|p2a: Mew|Mew, L74|100\/100
|move|p1a: Zapdos|Thunderbolt|p2a: Mew
|-damage|p2a: Mew|66\/100
|
|turn|11
|choice||
|
|move|p1a: Zapdos|Thunderbolt|p2a: Mew
|-damage|p2a: Mew|27\/100
|move|p2a: Mew|Psychic|p1a: Zapdos
|-crit|p1a: Zapdos
|-damage|p1a: Zapdos|0 fnt
|faint|p1a: Zapdos
|choice||
|
|switch|p1a: Gengar|Gengar, L79|100\/100
|turn|12
|choice||
|
|move|p1a: Gengar|Thunderbolt|p2a: Mew
|-damage|p2a: Mew|3\/100
|move|p2a: Mew|Psychic|p1a: Gengar
|-supereffective|p1a: Gengar
|-damage|p1a: Gengar|48\/100
|
|turn|13
|choice||
|
|move|p1a: Gengar|Thunderbolt|p2a: Mew
|-damage|p2a: Mew|0 fnt
|faint|p2a: Mew
|choice||
|
|switch|p2a: Alakazam|Alakazam, L79|100\/100
|turn|14
|choice||
|
|switch|p1a: Magikarp|Magikarp, L99|100\/100
|move|p2a: Alakazam|Psychic|p1a: Magikarp
|-damage|p1a: Magikarp|25\/100
|-unboost|p1a: Magikarp|spd|1
|-unboost|p1a: Magikarp|spa|1
|
|turn|15
|choice||
|
|move|p2a: Alakazam|Psychic|p1a: Magikarp
|-damage|p1a: Magikarp|0 fnt
|faint|p1a: Magikarp
|choice||
|
|switch|p1a: Snorlax|Snorlax, L79|100\/100
|turn|16
|choice||
|
|move|p2a: Alakazam|Reflect|p2a: Alakazam
|-start|p2a: Alakazam|Reflect
|move|p1a: Snorlax|Self-Destruct|p2a: Alakazam
|-damage|p2a: Alakazam|20\/100
|faint|p1a: Snorlax
|choice||
|
|switch|p1a: Alakazam|Alakazam, L79|100\/100
|turn|17
|choice||
|
|move|p2a: Alakazam|Recover|p2a: Alakazam
|-heal|p2a: Alakazam|70\/100
|move|p1a: Alakazam|Seismic Toss|p2a: Alakazam
|-damage|p2a: Alakazam|38\/100
|
|turn|18
|choice||
|
|move|p1a: Alakazam|Psychic|p2a: Alakazam
|-resisted|p2a: Alakazam
|-damage|p2a: Alakazam|21\/100
|move|p2a: Alakazam|Recover|p2a: Alakazam
|-heal|p2a: Alakazam|71\/100
|
|turn|19
|choice||
|
|move|p1a: Alakazam|Psychic|p2a: Alakazam
|-resisted|p2a: Alakazam
|-damage|p2a: Alakazam|56\/100
|move|p2a: Alakazam|Seismic Toss|p1a: Alakazam
|-damage|p1a: Alakazam|69\/100
|
|turn|20
|choice||
|
|move|p2a: Alakazam|Recover|p2a: Alakazam
|-heal|p2a: Alakazam|100\/100
|move|p1a: Alakazam|Psychic|p2a: Alakazam
|-crit|p2a: Alakazam
|-resisted|p2a: Alakazam
|-damage|p2a: Alakazam|69\/100
|
|turn|21
|c|★plsplsplsplsplspls|my god get luckier
|c|★plsplsplsplsplspls|all game
|choice||
|
|move|p2a: Alakazam|Seismic Toss|p1a: Alakazam
|-damage|p1a: Alakazam|37\/100
|move|p1a: Alakazam|Psychic|p2a: Alakazam
|-crit|p2a: Alakazam
|-resisted|p2a: Alakazam
|-damage|p2a: Alakazam|33\/100
|-unboost|p2a: Alakazam|spd|1
|-unboost|p2a: Alakazam|spa|1
|
|turn|22
|choice||
|
|switch|p2a: Vaporeon|Vaporeon, L85|79\/100 par
|move|p1a: Alakazam|Psychic|p2a: Vaporeon
|-crit|p2a: Vaporeon
|-damage|p2a: Vaporeon|33\/100 par
|-unboost|p2a: Vaporeon|spd|1
|-unboost|p2a: Vaporeon|spa|1
|
|turn|23
|choice||
|
|move|p1a: Alakazam|Recover|p1a: Alakazam
|-heal|p1a: Alakazam|87\/100
|move|p2a: Vaporeon|Body Slam|p1a: Alakazam
|-damage|p1a: Alakazam|60\/100
|
|turn|24
|choice||
|
|move|p1a: Alakazam|Psychic|p2a: Vaporeon
|-damage|p2a: Vaporeon|0 fnt
|faint|p2a: Vaporeon
|choice||
|
|switch|p2a: Alakazam|Alakazam, L79|33\/100
|turn|25
|choice||
|
|move|p2a: Alakazam|Recover|p2a: Alakazam
|-heal|p2a: Alakazam|83\/100
|move|p1a: Alakazam|Psychic|p2a: Alakazam
|-crit|p2a: Alakazam
|-resisted|p2a: Alakazam
|-damage|p2a: Alakazam|47\/100
|
|turn|26
|choice||
|
|move|p1a: Alakazam|Psychic|p2a: Alakazam
|-resisted|p2a: Alakazam
|-damage|p2a: Alakazam|32\/100
|-unboost|p2a: Alakazam|spd|1
|-unboost|p2a: Alakazam|spa|1
|move|p2a: Alakazam|Recover|p2a: Alakazam
|-heal|p2a: Alakazam|82\/100
|
|turn|27
|choice||
|
|move|p1a: Alakazam|Psychic|p2a: Alakazam
|-crit|p2a: Alakazam
|-resisted|p2a: Alakazam
|-damage|p2a: Alakazam|51\/100
|-unboost|p2a: Alakazam|spd|1
|-unboost|p2a: Alakazam|spa|1
|move|p2a: Alakazam|Seismic Toss|p1a: Alakazam
|-damage|p1a: Alakazam|28\/100
|
|turn|28
|choice||
|
|move|p2a: Alakazam|Seismic Toss|p1a: Alakazam
|-damage|p1a: Alakazam|0 fnt
|faint|p1a: Alakazam
|c|★plsplsplsplsplspls|oooook
|c|★plsplsplsplsplspls|nothing i can do when everything goes your way
|choice||
|
|switch|p1a: Gengar|Gengar, L79|48\/100
|turn|29
|choice||
|
|move|p2a: Alakazam|Psychic|p1a: Gengar
|-supereffective|p1a: Gengar
|-damage|p1a: Gengar|15\/100
|move|p1a: Gengar|Hypnosis|p2a: Alakazam|[miss]
|-miss|p1a: Gengar
|
|turn|30
|c|★plsplsplsplsplspls|lmfao
|c|★plsplsplsplsplspls|haxing the shit out of me
|c|★plsplsplsplsplspls|right to the end
|c|★harera|no
|c|★plsplsplsplsplspls|yup
|c|★harera|luck
|choice||
|
|move|p2a: Alakazam|Recover|p2a: Alakazam
|-heal|p2a: Alakazam|100\/100
|move|p1a: Gengar|Hypnosis|p2a: Alakazam
|-status|p2a: Alakazam|slp
|
|turn|31
|c|★plsplsplsplsplspls|exactly, you have been very lucky
|c|★plsplsplsplsplspls|glad you recognize that
|choice||
|
|cant|p2a: Alakazam|slp
|move|p1a: Gengar|Thunderbolt|p2a: Alakazam
|-damage|p2a: Alakazam|54\/100 slp
|
|turn|32
|choice||
|
|cant|p2a: Alakazam|slp
|move|p1a: Gengar|Thunderbolt|p2a: Alakazam
|-damage|p2a: Alakazam|8\/100 slp
|
|turn|33
|c|★harera|luck
|choice||
|
|-curestatus|p2a: Alakazam|slp
|move|p1a: Gengar|Mega Drain|p2a: Alakazam
|-crit|p2a: Alakazam
|-damage|p2a: Alakazam|0 fnt
|-heal|p1a: Gengar|19\/100|[from] drain|[of] p2a: Alakazam
|faint|p2a: Alakazam
|choice||
|
|switch|p2a: Hitmonlee|Hitmonlee, L90|100\/100
|turn|34
|choice||
|
|move|p1a: Gengar|Hypnosis|p2a: Hitmonlee|[miss]
|-miss|p1a: Gengar
|move|p2a: Hitmonlee|Substitute|p2a: Hitmonlee
|-start|p2a: Hitmonlee|Substitute
|-damage|p2a: Hitmonlee|76\/100
|
|turn|35
|choice||
|
|move|p1a: Gengar|Hypnosis|p2a: Hitmonlee
|-status|p2a: Hitmonlee|slp
|cant|p2a: Hitmonlee|slp
|
|turn|36
|choice||
|
|move|p1a: Gengar|Psychic|p2a: Hitmonlee
|-crit|p2a: Hitmonlee
|-supereffective|p2a: Hitmonlee
|-end|p2a: Hitmonlee|Substitute
|cant|p2a: Hitmonlee|slp
|
|turn|37
|choice||
|
|move|p1a: Gengar|Psychic|p2a: Hitmonlee
|-supereffective|p2a: Hitmonlee
|-damage|p2a: Hitmonlee|1\/100 slp
|cant|p2a: Hitmonlee|slp
|
|turn|38
|c|★harera|nooo
|choice||
|
|move|p1a: Gengar|Psychic|p2a: Hitmonlee
|-supereffective|p2a: Hitmonlee
|-damage|p2a: Hitmonlee|0 fnt
|faint|p2a: Hitmonlee
|choice||
|
|switch|p2a: Dewgong|Dewgong, L85|100\/100
|turn|39
|choice||
|
|move|p1a: Gengar|Hypnosis|p2a: Dewgong
|-status|p2a: Dewgong|slp
|cant|p2a: Dewgong|slp
|
|turn|40
|choice||
|
|move|p1a: Gengar|Thunderbolt|p2a: Dewgong
|-supereffective|p2a: Dewgong
|-damage|p2a: Dewgong|60\/100 slp
|cant|p2a: Dewgong|slp
|
|turn|41
|choice||
|
|move|p1a: Gengar|Thunderbolt|p2a: Dewgong
|-supereffective|p2a: Dewgong
|-damage|p2a: Dewgong|20\/100 slp
|cant|p2a: Dewgong|slp
|
|turn|42
|-message|harera forfeited.
|
|win|plsplsplsplsplspls
|player|p1
|player|p2
|l|harera
|raw|plsplsplsplsplspls's rating: 1107 &rarr; <strong>1125<\/strong><br \/>(+18 for winning)
|raw|harera's rating: 1000 &rarr; <strong>1000<\/strong><br \/>(+0 for losing)