|join|riwu
|join|MALESANI
|player|p1|riwu|2
|player|p2|MALESANI|238
|gametype|singles
|gen|1
|tier|[Gen 1] Random Battle
|rated
|seed|26083,64991,11225,29462
|rule|Sleep Clause Mod: Limit one foe put to sleep
|rule|Freeze Clause Mod: Limit one foe frozen
|rule|HP Percentage Mod: HP is shown in percentages
|
|start
|switch|p1a: Nidoking|Nidoking, L85|311\/311
|switch|p2a: Kakuna|Kakuna, L99|290\/290
|turn|1
|choice|move 1|move 2
|
|move|p1a: Nidoking|Earthquake|p2a: Kakuna
|-damage|p2a: Kakuna|157\/290
|move|p2a: Kakuna|String Shot|p1a: Nidoking
|-unboost|p1a: Nidoking|spe|1
|
|turn|2
|choice|move 3|move 3
|
|move|p2a: Kakuna|Poison Sting|p1a: Nidoking
|-resisted|p1a: Nidoking
|-damage|p1a: Nidoking|309\/311
|move|p1a: Nidoking|Thunderbolt|p2a: Kakuna
|-damage|p2a: Kakuna|65\/290
|
|turn|3
|choice|switch 5|move 2
|
|switch|p1a: Charizard|Charizard, L85|306\/306
|move|p2a: Kakuna|String Shot|p1a: Charizard
|-unboost|p1a: Charizard|spe|1
|
|turn|4
|choice|move 3|move 3
|
|move|p1a: Charizard|Body Slam|p2a: Kakuna
|-damage|p2a: Kakuna|0 fnt
|faint|p2a: Kakuna
|choice||switch 3
|
|switch|p2a: Cloyster|Cloyster, L83|253\/253
|turn|5
|choice|switch 6|move 2
|
|switch|p1a: Gengar|Gengar, L79|257\/257
|move|p2a: Cloyster|Blizzard|p1a: Gengar
|-damage|p1a: Gengar|162\/257
|
|turn|6
|choice|move 3|switch 4
|
|switch|p2a: Golem|Golem, L79|288\/288
|move|p1a: Gengar|Thunderbolt|p2a: Golem
|-immune|p2a: Golem|[msg]
|
|turn|7
|choice|switch 2|move 4
|
|switch|p1a: Parasect|Parasect, L90|291\/291
|move|p2a: Golem|Earthquake|p1a: Parasect
|-resisted|p1a: Parasect
|-damage|p1a: Parasect|266\/291
|
|turn|8
|choice|move 2|switch 4
|
|switch|p2a: Cloyster|Cloyster, L83|253\/253
|move|p1a: Parasect|Mega Drain|p2a: Cloyster
|-supereffective|p2a: Cloyster
|-damage|p2a: Cloyster|168\/253
|-heal|p1a: Parasect|291\/291|[from] drain|[of] p2a: Cloyster
|
|turn|9
|choice|move 2|move 2
|
|move|p2a: Cloyster|Blizzard|p1a: Parasect
|-supereffective|p1a: Parasect
|-damage|p1a: Parasect|77\/291
|move|p1a: Parasect|Mega Drain|p2a: Cloyster
|-supereffective|p2a: Cloyster
|-damage|p2a: Cloyster|73\/253
|-heal|p1a: Parasect|124\/291|[from] drain|[of] p2a: Cloyster
|
|turn|10
|choice|move 2|move 2
|
|move|p2a: Cloyster|Blizzard|p1a: Parasect
|-supereffective|p1a: Parasect
|-damage|p1a: Parasect|0 fnt
|faint|p1a: Parasect
|choice|switch 5|
|
|switch|p1a: Nidoking|Nidoking, L85|309\/311
|turn|11
|choice|move 3|move 4
|
|move|p1a: Nidoking|Thunderbolt|p2a: Cloyster
|-supereffective|p2a: Cloyster
|-damage|p2a: Cloyster|0 fnt
|faint|p2a: Cloyster
|choice||switch 4
|
|switch|p2a: Golem|Golem, L79|288\/288
|turn|12
|choice|switch 4|move 4
|
|switch|p1a: Articuno|Articuno, L79|304\/304
|move|p2a: Golem|Earthquake|p1a: Articuno
|-immune|p1a: Articuno|[msg]
|
|turn|13
|choice|move 3|move 2
|
|move|p1a: Articuno|Ice Beam|p2a: Golem
|-supereffective|p2a: Golem
|-damage|p2a: Golem|10\/288
|move|p2a: Golem|Rock Slide|p1a: Articuno
|-supereffective|p1a: Articuno
|-damage|p1a: Articuno|0 fnt
|faint|p1a: Articuno
|choice|switch 4|
|
|switch|p1a: Nidoking|Nidoking, L85|309\/311
|turn|14
|choice|move 1|move 1
|
|move|p1a: Nidoking|Earthquake|p2a: Golem
|-supereffective|p2a: Golem
|-damage|p2a: Golem|0 fnt
|faint|p2a: Golem
|choice||switch 6
|
|switch|p2a: Gengar|Gengar, L79|257\/257
|turn|15
|choice|move 1|move 1
|
|move|p2a: Gengar|Hypnosis|p1a: Nidoking
|-status|p1a: Nidoking|slp
|-curestatus|p1a: Nidoking|slp
|
|turn|16
|choice|move 1|move 1
|
|move|p2a: Gengar|Hypnosis|p1a: Nidoking
|-status|p1a: Nidoking|slp
|cant|p1a: Nidoking|slp
|
|turn|17
|choice|switch 6|move 4
|
|switch|p1a: Charizard|Charizard, L85|306\/306
|move|p2a: Gengar|Psychic|p1a: Charizard
|-damage|p1a: Charizard|237\/306
|
|turn|18
|choice|move 4|move 2
|
|move|p1a: Charizard|Fire Blast|p2a: Gengar
|-damage|p2a: Gengar|161\/257
|move|p2a: Gengar|Thunderbolt|p1a: Charizard
|-supereffective|p1a: Charizard
|-damage|p1a: Charizard|89\/306
|
|turn|19
|choice|move 4|move 2
|
|move|p1a: Charizard|Fire Blast|p2a: Gengar
|-damage|p2a: Gengar|59\/257
|move|p2a: Gengar|Thunderbolt|p1a: Charizard
|-supereffective|p1a: Charizard
|-damage|p1a: Charizard|0 fnt
|faint|p1a: Charizard
|choice|switch 2|
|
|switch|p1a: Gengar|Gengar, L79|162\/257
|turn|20
|choice|move 2|move 4
|
|move|p1a: Gengar|Psychic|p2a: Gengar
|-supereffective|p2a: Gengar
|-damage|p2a: Gengar|0 fnt
|faint|p2a: Gengar
|choice||switch 5
|
|switch|p2a: Zapdos|Zapdos, L79|304\/304
|turn|21
|choice|move 1|move 3
|
|move|p1a: Gengar|Hypnosis|p2a: Zapdos
|-status|p2a: Zapdos|slp
|cant|p2a: Zapdos|slp
|
|turn|22
|choice|move 2|move 3
|
|move|p1a: Gengar|Psychic|p2a: Zapdos
|-damage|p2a: Zapdos|247\/304 slp
|-curestatus|p2a: Zapdos|slp
|
|turn|23
|choice|move 1|move 3
|
|move|p1a: Gengar|Hypnosis|p2a: Zapdos
|-status|p2a: Zapdos|slp
|cant|p2a: Zapdos|slp
|
|turn|24
|choice|switch 6|move 3
|
|switch|p1a: Nidoking|Nidoking, L85|309\/311 slp
|cant|p2a: Zapdos|slp
|
|turn|25
|choice|move 1|move 4
|
|cant|p2a: Zapdos|slp
|cant|p1a: Nidoking|slp
|
|turn|26
|choice|move 3|move 4
|
|-curestatus|p2a: Zapdos|slp
|cant|p1a: Nidoking|slp
|
|turn|27
|choice|move 3|move 4
|
|move|p2a: Zapdos|Agility|p2a: Zapdos
|-boost|p2a: Zapdos|spe|2
|cant|p1a: Nidoking|slp
|
|turn|28
|choice|move 3|move 2
|
|move|p2a: Zapdos|Drill Peck|p1a: Nidoking
|-damage|p1a: Nidoking|234\/311 slp
|-curestatus|p1a: Nidoking|slp
|
|turn|29
|choice|move 4|move 2
|
|move|p2a: Zapdos|Drill Peck|p1a: Nidoking
|-damage|p1a: Nidoking|161\/311
|move|p1a: Nidoking|Blizzard|p2a: Zapdos
|-crit|p2a: Zapdos
|-supereffective|p2a: Zapdos
|-damage|p2a: Zapdos|0 fnt
|faint|p2a: Zapdos
|choice||switch 2
|
|switch|p2a: Chansey|Chansey, L79|557\/557
|turn|30
|choice|move 1|move 3
|
|move|p1a: Nidoking|Earthquake|p2a: Chansey
|-damage|p2a: Chansey|271\/557
|move|p2a: Chansey|Counter|p1a: Nidoking
|-fail|p2a: Chansey
|
|turn|31
|choice|move 1|move 3
|
|move|p1a: Nidoking|Earthquake|p2a: Chansey
|-crit|p2a: Chansey
|-damage|p2a: Chansey|0 fnt
|faint|p2a: Chansey
|
|win|riwu
|raw|riwu's rating: 1540 &rarr; <strong>1549<\/strong><br \/>(+9 for winning)
|raw|MALESANI's rating: 1326 &rarr; <strong>1317<\/strong><br \/>(-9 for losing)
|leave|MALESANI
|player|p2