|join|yaldyyyy
|join|MALESANI
|player|p1|yaldyyyy|266
|player|p2|MALESANI|238
|gametype|singles
|gen|1
|tier|[Gen 1] Random Battle
|rated
|seed|50832,58994,26524,27758
|rule|Sleep Clause Mod: Limit one foe put to sleep
|rule|Freeze Clause Mod: Limit one foe frozen
|rule|HP Percentage Mod: HP is shown in percentages
|
|start
|switch|p1a: Graveler|Graveler, L85|267\/267
|switch|p2a: Exeggcute|Exeggcute, L96|310\/310
|turn|1
|choice|switch 5|move 2
|
|switch|p1a: Parasect|Parasect, L90|291\/291
|move|p2a: Exeggcute|Mega Drain|p1a: Parasect
|-resisted|p1a: Parasect
|-damage|p1a: Parasect|281\/291
|
|turn|2
|choice|move 2|move 3
|
|move|p2a: Exeggcute|Sleep Powder|p1a: Parasect
|-status|p1a: Parasect|slp
|-curestatus|p1a: Parasect|slp
|
|turn|3
|choice|move 2|move 3
|
|move|p2a: Exeggcute|Sleep Powder|p1a: Parasect
|-status|p1a: Parasect|slp
|-curestatus|p1a: Parasect|slp
|
|turn|4
|choice|switch 4|move 3
|
|switch|p1a: Porygon|Porygon, L85|284\/284
|move|p2a: Exeggcute|Sleep Powder|p1a: Porygon
|-status|p1a: Porygon|slp
|
|turn|5
|choice|switch 4|move 1
|
|switch|p1a: Parasect|Parasect, L90|281\/291
|move|p2a: Exeggcute|Psychic|p1a: Parasect
|-damage|p1a: Parasect|196\/291
|-unboost|p1a: Parasect|spd|1
|-unboost|p1a: Parasect|spa|1
|
|turn|6
|choice|move 2|move 1
|
|move|p2a: Exeggcute|Psychic|p1a: Parasect
|-damage|p1a: Parasect|49\/291
|-unboost|p1a: Parasect|spd|1
|-unboost|p1a: Parasect|spa|1
|move|p1a: Parasect|Spore|p2a: Exeggcute
|-status|p2a: Exeggcute|slp
|
|turn|7
|choice|move 4|switch 3
|
|switch|p2a: Shellder|Shellder, L96|252\/252
|move|p1a: Parasect|Slash|p2a: Shellder
|-damage|p2a: Shellder|209\/252
|
|turn|8
|choice|move 3|move 2
|
|move|p2a: Shellder|Ice Beam|p1a: Parasect
|-supereffective|p1a: Parasect
|-damage|p1a: Parasect|0 fnt
|faint|p1a: Parasect
|choice|switch 3|
|
|switch|p1a: Nidorina|Nidorina, L90|309\/309
|turn|9
|choice|move 1|switch 4
|
|switch|p2a: Magmar|Magmar, L90|300\/300
|move|p1a: Nidorina|Thunder|p2a: Magmar|[miss]
|-miss|p1a: Nidorina
|
|turn|10
|choice|move 3|move 1
|
|move|p2a: Magmar|Fire Blast|p1a: Nidorina
|-damage|p1a: Nidorina|157\/309
|move|p1a: Nidorina|Double-Edge|p2a: Magmar
|-damage|p2a: Magmar|229\/300
|-damage|p1a: Nidorina|140\/309|[from] recoil|[of] p2a: Magmar
|
|turn|11
|choice|switch 5|move 1
|
|switch|p1a: Graveler|Graveler, L85|267\/267
|move|p2a: Magmar|Fire Blast|p1a: Graveler
|-crit|p1a: Graveler
|-resisted|p1a: Graveler
|-damage|p1a: Graveler|66\/267
|
|turn|12
|-message|yaldyyyy forfeited.
|
|win|MALESANI
|leave|yaldyyyy
|player|p1