|join|yunt
|join|Turgeonator
|player|p1|yunt|266
|player|p2|Turgeonator|1
|gametype|singles
|gen|1
|tier|[Gen 1] Random Battle
|rated
|seed|21892,786,21827,62882
|rule|Sleep Clause Mod: Limit one foe put to sleep
|rule|Freeze Clause Mod: Limit one foe frozen
|rule|HP Percentage Mod: HP is shown in percentages
|
|start
|switch|p1a: Charmeleon|Charmeleon, L85|272\/272
|switch|p2a: Oddish|Oddish, L96|281\/281
|turn|1
|choice|move 3|switch 2
|
|switch|p2a: Shellder|Shellder, L96|252\/252
|move|p1a: Charmeleon|Fire Blast|p2a: Shellder
|-resisted|p2a: Shellder
|-damage|p2a: Shellder|188\/252
|
|turn|2
|choice|move 1|move 1
|
|move|p1a: Charmeleon|Seismic Toss|p2a: Shellder
|-damage|p2a: Shellder|103\/252
|move|p2a: Shellder|Toxic|p1a: Charmeleon
|-status|p1a: Charmeleon|tox
|
|turn|3
|choice|move 1|move 3
|
|move|p1a: Charmeleon|Seismic Toss|p2a: Shellder
|-damage|p2a: Shellder|18\/252
|-damage|p1a: Charmeleon|255\/272 tox|[from] tox|[of] p2a: Shellder
|move|p2a: Shellder|Surf|p1a: Charmeleon
|-supereffective|p1a: Charmeleon
|-damage|p1a: Charmeleon|57\/272 tox
|
|turn|4
|choice|move 1|move 2
|
|move|p1a: Charmeleon|Seismic Toss|p2a: Shellder
|-damage|p2a: Shellder|0 fnt
|faint|p2a: Shellder
|choice||switch 3
|
|switch|p2a: Scyther|Scyther, L90|309\/309
|turn|5
|choice|move 3|move 2
|
|move|p2a: Scyther|Slash|p1a: Charmeleon
|-crit|p1a: Charmeleon
|-damage|p1a: Charmeleon|0 fnt
|faint|p1a: Charmeleon
|choice|switch 2|
|
|switch|p1a: Jynx|Jynx, L79|265\/265
|turn|6
|choice|move 1|move 4
|
|move|p2a: Scyther|Swords Dance|p2a: Scyther
|-boost|p2a: Scyther|atk|2
|move|p1a: Jynx|Psychic|p2a: Scyther
|-damage|p2a: Scyther|204\/309
|-unboost|p2a: Scyther|spd|1
|-unboost|p2a: Scyther|spa|1
|
|turn|7
|choice|move 3|move 2
|
|move|p2a: Scyther|Slash|p1a: Jynx
|-crit|p1a: Jynx
|-damage|p1a: Jynx|75\/265
|move|p1a: Jynx|Blizzard|p2a: Scyther|[miss]
|-miss|p1a: Jynx
|
|turn|8
|choice|move 4|move 2
|
|move|p2a: Scyther|Slash|p1a: Jynx
|-crit|p1a: Jynx
|-damage|p1a: Jynx|0 fnt
|faint|p1a: Jynx
|choice|switch 3|
|
|switch|p1a: Pidgeotto|Pidgeotto, L90|297\/297
|turn|9
|choice|move 2|move 2
|
|move|p2a: Scyther|Slash|p1a: Pidgeotto
|-crit|p1a: Pidgeotto
|-damage|p1a: Pidgeotto|159\/297
|move|p1a: Pidgeotto|Sky Attack|p2a: Scyther|[still]
|-prepare|p1a: Pidgeotto|Sky Attack|p2a: Scyther
|
|turn|10
|leave|yunt
|player|p1
|-message|yunt lost due to inactivity.
|
|win|Turgeonator
|raw|yunt's rating: 1000 &rarr; <strong>1000<\/strong><br \/>(+0 for losing)
|raw|Turgeonator's rating: 1000 &rarr; <strong>1040<\/strong><br \/>(+40 for winning)