|join|kid gf lol
|join|Vaati
|player|p1|kid gf lol|167
|player|p2|Vaati|153
|gametype|singles
|gen|1
|tier|[Gen 1] OU (beta)
|rated
|rule|Sleep Clause Mod: Limit one foe put to sleep
|rule|Species Clause: Limit one of each Pokemon
|rule|OHKO Clause: OHKO moves are banned
|rule|Moody Clause: Moody is banned
|rule|Evasion Moves Clause: Evasion moves are banned
|rule|Endless Battle Clause: Forcing endless battles is banned.
|rule|HP Percentage Mod: HP is reported as percentages
|
|start
|switch|p1a: AHHHHHHHH|Jynx|333\/333
|switch|p2a: Exeggutor|Exeggutor|393\/393
|turn|1
|
|switch|p2a: Chansey|Chansey|703\/703
|move|p1a: AHHHHHHHH|Blizzard|p2a: Chansey|[miss]
|-miss|p1a: AHHHHHHHH
|
|turn|2
|
|move|p1a: AHHHHHHHH|Mimic|p2a: Chansey
|-start|p1a: AHHHHHHHH|Mimic|Soft-Boiled
|move|p2a: Chansey|Thunder Wave|p1a: AHHHHHHHH
|-status|p1a: AHHHHHHHH|par
|
|turn|3
|
|switch|p2a: Tobybro|Slowbro|393\/393
|move|p1a: AHHHHHHHH|Lovely Kiss|p2a: Tobybro
|-status|p2a: Tobybro|slp
|
|turn|4
|
|switch|p2a: Exeggutor|Exeggutor|393\/393
|move|p1a: AHHHHHHHH|Psychic|p2a: Exeggutor
|-resisted|p2a: Exeggutor
|-damage|p2a: Exeggutor|352\/393
|
|turn|5
|
|switch|p1a: The Exploder|Golem|363\/363
|move|p2a: Exeggutor|Explosion|p1a: The Exploder
|-crit|p1a: The Exploder
|-resisted|p1a: The Exploder
|-damage|p1a: The Exploder|151\/363
|faint|p2a: Exeggutor
|
|switch|p2a: Alakazam|Alakazam|313\/313
|turn|6
|
|switch|p1a: Result of Incest|Exeggutor|393\/393
|move|p2a: Alakazam|Psychic|p1a: Result of Incest
|-resisted|p1a: Result of Incest
|-damage|p1a: Result of Incest|333\/393
|
|turn|7
|
|switch|p2a: Golem|Golem|363\/363
|move|p1a: Result of Incest|Psychic|p2a: Golem
|-crit|p2a: Golem
|-damage|p2a: Golem|0 fnt
|faint|p2a: Golem
|
|
|switch|p2a: Tauros|Tauros|353\/353
|turn|8
|
|move|p2a: Tauros|Blizzard|p1a: Result of Incest
|-supereffective|p1a: Result of Incest
|-damage|p1a: Result of Incest|203\/393
|-status|p1a: Result of Incest|frz
|cant|p1a: Result of Incest|frz
|
|turn|9
|
|move|p2a: Tauros|Body Slam|p1a: Result of Incest
|-crit|p1a: Result of Incest
|-damage|p1a: Result of Incest|0 fnt
|faint|p1a: Result of Incest
|
|
|switch|p1a: I KO Chansey|Tauros|353\/353
|turn|10
|
|move|p2a: Tauros|Body Slam|p1a: I KO Chansey
|-damage|p1a: I KO Chansey|248\/353
|move|p1a: I KO Chansey|Body Slam|p2a: Tauros
|-damage|p2a: Tauros|253\/353
|-status|p2a: Tauros|par
|
|turn|11
|
|move|p1a: I KO Chansey|Body Slam|p2a: Tauros
|-damage|p2a: Tauros|143\/353 par
|move|p2a: Tauros|Body Slam|p1a: I KO Chansey
|-damage|p1a: I KO Chansey|141\/353
|-status|p1a: I KO Chansey|par
|
|turn|12
|
|cant|p2a: Tauros|par
|cant|p1a: I KO Chansey|par
|
|turn|13
|
|move|p2a: Tauros|Hyper Beam|p1a: I KO Chansey
|-damage|p1a: I KO Chansey|0 fnt
|faint|p1a: I KO Chansey
|
|
|switch|p1a: First|Alakazam|313\/313
|turn|14
|
|switch|p2a: Chansey|Chansey|703\/703
|move|p1a: First|Psychic|p2a: Chansey
|-crit|p2a: Chansey
|-damage|p2a: Chansey|427\/703
|
|turn|15
|
|move|p1a: First|Thunder Wave|p2a: Chansey
|-status|p2a: Chansey|par
|move|p2a: Chansey|Thunder Wave|p1a: First
|-status|p1a: First|par
|
|turn|16
|
|switch|p1a: AHHHHHHHH|Jynx|333\/333 par
|move|p2a: Chansey|Soft-Boiled|p2a: Chansey
|-heal|p2a: Chansey|703\/703 par
|
|turn|17
|
|cant|p1a: AHHHHHHHH|par
|cant|p2a: Chansey|par
|
|turn|18
|
|cant|p1a: AHHHHHHHH|par
|move|p2a: Chansey|Counter|p1a: AHHHHHHHH
|-fail|p2a: Chansey
|
|turn|19
|
|switch|p2a: Tobybro|Slowbro|393\/393 slp
|move|p1a: AHHHHHHHH|Mimic|p2a: Tobybro
|-start|p1a: AHHHHHHHH|Mimic|Surf
|
|turn|20
|
|cant|p2a: Tobybro|slp
|-curestatus|p2a: Tobybro|slp
|move|p1a: AHHHHHHHH|Psychic|p2a: Tobybro
|-resisted|p2a: Tobybro
|-damage|p2a: Tobybro|335\/393
|
|turn|21
|
|move|p2a: Tobybro|Amnesia|p2a: Tobybro
|-boost|p2a: Tobybro|spd|2
|-boost|p2a: Tobybro|spa|2
|move|p1a: AHHHHHHHH|Lovely Kiss|p2a: Tobybro|[miss]
|-miss|p1a: AHHHHHHHH
|
|turn|22
|
|move|p2a: Tobybro|Amnesia|p2a: Tobybro
|-boost|p2a: Tobybro|spd|2
|-boost|p2a: Tobybro|spa|2
|move|p1a: AHHHHHHHH|Lovely Kiss|p2a: Tobybro|[miss]
|-miss|p1a: AHHHHHHHH
|
|turn|23
|
|move|p2a: Tobybro|Amnesia|p2a: Tobybro
|-boost|p2a: Tobybro|spd|2
|-boost|p2a: Tobybro|spa|2
|move|p1a: AHHHHHHHH|Lovely Kiss|p2a: Tobybro
|-status|p2a: Tobybro|slp
|
|turn|24
|
|cant|p2a: Tobybro|slp
|-curestatus|p2a: Tobybro|slp
|move|p1a: AHHHHHHHH|Blizzard|p2a: Tobybro
|-resisted|p2a: Tobybro
|-damage|p2a: Tobybro|313\/393
|
|turn|25
|
|move|p2a: Tobybro|Surf|p1a: AHHHHHHHH
|-damage|p1a: AHHHHHHHH|0 fnt
|faint|p1a: AHHHHHHHH
|
|
|switch|p1a: Fat Wall|Chansey|703\/703
|turn|26
|
|move|p1a: Fat Wall|Ice Beam|p2a: Tobybro
|-resisted|p2a: Tobybro
|-damage|p2a: Tobybro|301\/393
|move|p2a: Tobybro|Thunder Wave|p1a: Fat Wall|[miss]
|-miss|p2a: Tobybro
|
|turn|27
|
|switch|p1a: First|Alakazam|313\/313 par
|move|p2a: Tobybro|Thunder Wave|p1a: First
|-fail|p1a: First|par
|
|turn|28
|
|move|p2a: Tobybro|Surf|p1a: First
|-damage|p1a: First|29\/313 par
|move|p1a: First|Seismic Toss|p2a: Tobybro
|-damage|p2a: Tobybro|201\/393
|
|turn|29
|
|move|p2a: Tobybro|Surf|p1a: First
|-damage|p1a: First|0 fnt
|faint|p1a: First
|
|
|switch|p1a: The Exploder|Golem|151\/363
|turn|30
|
|move|p1a: The Exploder|Explosion|p2a: Tobybro
|-damage|p2a: Tobybro|0 fnt
|faint|p2a: Tobybro
|faint|p1a: The Exploder
|
|switch|p1a: Fat Wall|Chansey|703\/703
|switch|p2a: Chansey|Chansey|703\/703 par
|turn|31
|
|move|p1a: Fat Wall|Ice Beam|p2a: Chansey
|-damage|p2a: Chansey|635\/703 par
|move|p2a: Chansey|Thunder Wave|p1a: Fat Wall
|-status|p1a: Fat Wall|par
|
|turn|32
|
|move|p1a: Fat Wall|Ice Beam|p2a: Chansey
|-damage|p2a: Chansey|556\/703 par
|cant|p2a: Chansey|par
|
|turn|33
|
|move|p2a: Chansey|Ice Beam|p1a: Fat Wall
|-crit|p1a: Fat Wall
|-damage|p1a: Fat Wall|551\/703 par
|move|p1a: Fat Wall|Ice Beam|p2a: Chansey
|-damage|p2a: Chansey|478\/703 par
|
|turn|34
|
|cant|p1a: Fat Wall|par
|move|p2a: Chansey|Counter|p1a: Fat Wall
|-fail|p2a: Chansey
|
|turn|35
|
|move|p2a: Chansey|Ice Beam|p1a: Fat Wall
|-damage|p1a: Fat Wall|480\/703 par
|cant|p1a: Fat Wall|par
|
|turn|36
|
|move|p2a: Chansey|Ice Beam|p1a: Fat Wall
|-damage|p1a: Fat Wall|411\/703 par
|move|p1a: Fat Wall|Thunder Wave|p2a: Chansey
|-fail|p2a: Chansey|par
|
|turn|37
|
|move|p2a: Chansey|Ice Beam|p1a: Fat Wall
|-damage|p1a: Fat Wall|333\/703 par
|cant|p1a: Fat Wall|par
|
|turn|38
|
|move|p2a: Chansey|Thunder Wave|p1a: Fat Wall
|-fail|p1a: Fat Wall|par
|move|p1a: Fat Wall|Soft-Boiled|p1a: Fat Wall
|-heal|p1a: Fat Wall|684\/703 par
|
|turn|39
|
|move|p1a: Fat Wall|Thunder Wave|p2a: Chansey
|-fail|p2a: Chansey|par
|move|p2a: Chansey|Thunder Wave|p1a: Fat Wall
|-fail|p1a: Fat Wall|par
|
|turn|40
|
|move|p1a: Fat Wall|Thunder Wave|p2a: Chansey
|-fail|p2a: Chansey|par
|move|p2a: Chansey|Thunder Wave|p1a: Fat Wall
|-fail|p1a: Fat Wall|par
|
|turn|41
|
|move|p1a: Fat Wall|Thunder Wave|p2a: Chansey
|-fail|p2a: Chansey|par
|move|p2a: Chansey|Thunder Wave|p1a: Fat Wall
|-fail|p1a: Fat Wall|par
|
|turn|42
|
|move|p1a: Fat Wall|Thunder Wave|p2a: Chansey
|-fail|p2a: Chansey|par
|move|p2a: Chansey|Thunder Wave|p1a: Fat Wall
|-fail|p1a: Fat Wall|par
|
|turn|43
|
|move|p1a: Fat Wall|Thunder Wave|p2a: Chansey
|-fail|p2a: Chansey|par
|move|p2a: Chansey|Thunder Wave|p1a: Fat Wall
|-fail|p1a: Fat Wall|par
|
|turn|44
|
|move|p2a: Chansey|Thunder Wave|p1a: Fat Wall
|-fail|p1a: Fat Wall|par
|cant|p1a: Fat Wall|par
|
|turn|45
|
|move|p2a: Chansey|Thunder Wave|p1a: Fat Wall
|-fail|p1a: Fat Wall|par
|cant|p1a: Fat Wall|par
|
|turn|46
|
|move|p1a: Fat Wall|Thunder Wave|p2a: Chansey
|-fail|p2a: Chansey|par
|cant|p2a: Chansey|par
|
|turn|47
|
|move|p1a: Fat Wall|Thunder Wave|p2a: Chansey
|-fail|p2a: Chansey|par
|cant|p2a: Chansey|par
|
|turn|48
|
|move|p2a: Chansey|Soft-Boiled|p2a: Chansey
|-heal|p2a: Chansey|703\/703 par
|move|p1a: Fat Wall|Thunder Wave|p2a: Chansey
|-fail|p2a: Chansey|par
|
|turn|49
|
|cant|p2a: Chansey|par
|cant|p1a: Fat Wall|par
|
|turn|50
|
|move|p1a: Fat Wall|Thunder Wave|p2a: Chansey
|-fail|p2a: Chansey|par
|move|p2a: Chansey|Counter|p1a: Fat Wall
|-fail|p2a: Chansey
|
|turn|51
|
|move|p1a: Fat Wall|Thunder Wave|p2a: Chansey
|-fail|p2a: Chansey|par
|cant|p2a: Chansey|par
|
|turn|52
|
|cant|p1a: Fat Wall|par
|move|p2a: Chansey|Counter|p1a: Fat Wall
|-fail|p2a: Chansey
|
|turn|53
|
|cant|p1a: Fat Wall|par
|move|p2a: Chansey|Counter|p1a: Fat Wall
|-fail|p2a: Chansey
|
|turn|54
|
|cant|p1a: Fat Wall|par
|move|p2a: Chansey|Counter|p1a: Fat Wall
|-fail|p2a: Chansey
|
|turn|55
|
|move|p1a: Fat Wall|Thunder Wave|p2a: Chansey
|-fail|p2a: Chansey|par
|move|p2a: Chansey|Thunder Wave|p1a: Fat Wall
|-fail|p1a: Fat Wall|par
|
|turn|56
|
|move|p1a: Fat Wall|Thunder Wave|p2a: Chansey
|-fail|p2a: Chansey|par
|move|p2a: Chansey|Thunder Wave|p1a: Fat Wall
|-fail|p1a: Fat Wall|par
|
|turn|57
|
|move|p1a: Fat Wall|Thunder Wave|p2a: Chansey
|-fail|p2a: Chansey|par
|move|p2a: Chansey|Thunder Wave|p1a: Fat Wall
|-fail|p1a: Fat Wall|par
|
|turn|58
|
|move|p1a: Fat Wall|Thunder Wave|p2a: Chansey
|-fail|p2a: Chansey|par
|cant|p2a: Chansey|par
|
|turn|59
|
|cant|p2a: Chansey|par
|move|p1a: Fat Wall|Thunder Wave|p2a: Chansey
|-fail|p2a: Chansey|par
|
|turn|60
|
|move|p1a: Fat Wall|Thunder Wave|p2a: Chansey
|-fail|p2a: Chansey|par
|move|p2a: Chansey|Counter|p1a: Fat Wall
|-fail|p2a: Chansey
|
|turn|61
|
|move|p1a: Fat Wall|Thunder Wave|p2a: Chansey
|-fail|p2a: Chansey|par
|move|p2a: Chansey|Counter|p1a: Fat Wall
|-fail|p2a: Chansey
|
|turn|62
|
|move|p1a: Fat Wall|Thunder Wave|p2a: Chansey
|-fail|p2a: Chansey|par
|cant|p2a: Chansey|par
|
|turn|63
|
|move|p2a: Chansey|Thunder Wave|p1a: Fat Wall
|-fail|p1a: Fat Wall|par
|cant|p1a: Fat Wall|par
|
|turn|64
|
|move|p1a: Fat Wall|Thunder Wave|p2a: Chansey
|-fail|p2a: Chansey|par
|move|p2a: Chansey|Counter|p1a: Fat Wall
|-fail|p2a: Chansey
|
|turn|65
|
|move|p1a: Fat Wall|Thunder Wave|p2a: Chansey
|-fail|p2a: Chansey|par
|move|p2a: Chansey|Thunder Wave|p1a: Fat Wall
|-fail|p1a: Fat Wall|par
|
|turn|66
|
|move|p1a: Fat Wall|Thunder Wave|p2a: Chansey
|-fail|p2a: Chansey|par
|move|p2a: Chansey|Counter|p1a: Fat Wall
|-fail|p2a: Chansey
|
|turn|67
|
|move|p1a: Fat Wall|Thunder Wave|p2a: Chansey
|-fail|p2a: Chansey|par
|move|p2a: Chansey|Counter|p1a: Fat Wall
|-fail|p2a: Chansey
|
|turn|68
|
|move|p2a: Chansey|Thunder Wave|p1a: Fat Wall
|-fail|p1a: Fat Wall|par
|move|p1a: Fat Wall|Thunder Wave|p2a: Chansey
|-fail|p2a: Chansey|par
|
|turn|69
|
|move|p1a: Fat Wall|Thunder Wave|p2a: Chansey
|-fail|p2a: Chansey|par
|move|p2a: Chansey|Counter|p1a: Fat Wall
|-fail|p2a: Chansey
|
|turn|70
|
|cant|p1a: Fat Wall|par
|move|p2a: Chansey|Thunder Wave|p1a: Fat Wall
|-fail|p1a: Fat Wall|par
|
|turn|71
|
|move|p1a: Fat Wall|Thunder Wave|p2a: Chansey
|-fail|p2a: Chansey|par
|move|p2a: Chansey|Counter|p1a: Fat Wall
|-fail|p2a: Chansey
|
|turn|72
|
|cant|p2a: Chansey|par
|move|p1a: Fat Wall|Thunder Wave|p2a: Chansey
|-fail|p2a: Chansey|par
|
|turn|73
|
|move|p2a: Chansey|Thunder Wave|p1a: Fat Wall
|-fail|p1a: Fat Wall|par
|move|p1a: Fat Wall|Thunder Wave|p2a: Chansey
|-fail|p2a: Chansey|par
|
|turn|74
|
|move|p1a: Fat Wall|Thunder Wave|p2a: Chansey
|-fail|p2a: Chansey|par
|move|p2a: Chansey|Thunder Wave|p1a: Fat Wall
|-fail|p1a: Fat Wall|par
|
|turn|75
|
|cant|p1a: Fat Wall|par
|move|p2a: Chansey|Counter|p1a: Fat Wall
|-fail|p2a: Chansey
|
|turn|76
|
|move|p2a: Chansey|Thunder Wave|p1a: Fat Wall
|-fail|p1a: Fat Wall|par
|cant|p1a: Fat Wall|par
|
|turn|77
|
|cant|p2a: Chansey|par
|cant|p1a: Fat Wall|par
|
|turn|78
|
|move|p2a: Chansey|Thunder Wave|p1a: Fat Wall
|-fail|p1a: Fat Wall|par
|move|p1a: Fat Wall|Counter|p2a: Chansey
|-fail|p1a: Fat Wall
|
|turn|79
|
|move|p1a: Fat Wall|Counter|p2a: Chansey
|-fail|p1a: Fat Wall
|move|p2a: Chansey|Counter|p1a: Fat Wall
|-damage|p1a: Fat Wall|684\/703 par
|
|turn|80
|
|move|p1a: Fat Wall|Counter|p2a: Chansey
|-fail|p1a: Fat Wall
|cant|p2a: Chansey|par
|
|turn|81
|
|move|p2a: Chansey|Thunder Wave|p1a: Fat Wall
|-fail|p1a: Fat Wall|par
|move|p1a: Fat Wall|Counter|p2a: Chansey
|-fail|p1a: Fat Wall
|
|turn|82
|
|move|p1a: Fat Wall|Counter|p2a: Chansey
|-fail|p1a: Fat Wall
|move|p2a: Chansey|Counter|p1a: Fat Wall
|-damage|p1a: Fat Wall|684\/703 par
|
|turn|83
|
|move|p2a: Chansey|Thunder Wave|p1a: Fat Wall
|-fail|p1a: Fat Wall|par
|move|p1a: Fat Wall|Counter|p2a: Chansey
|-fail|p1a: Fat Wall
|
|turn|84
|
|cant|p2a: Chansey|par
|move|p1a: Fat Wall|Counter|p2a: Chansey
|-fail|p1a: Fat Wall
|
|turn|85
|
|move|p2a: Chansey|Ice Beam|p1a: Fat Wall
|-crit|p1a: Fat Wall
|-damage|p1a: Fat Wall|542\/703 par
|cant|p1a: Fat Wall|par
|
|turn|86
|
|cant|p2a: Chansey|par
|cant|p1a: Fat Wall|par
|
|turn|87
|
|move|p1a: Fat Wall|Counter|p2a: Chansey
|-fail|p1a: Fat Wall
|move|p2a: Chansey|Counter|p1a: Fat Wall
|-damage|p1a: Fat Wall|542\/703 par
|
|turn|88
|
|move|p1a: Fat Wall|Counter|p2a: Chansey
|-fail|p1a: Fat Wall
|move|p2a: Chansey|Counter|p1a: Fat Wall
|-damage|p1a: Fat Wall|542\/703 par
|
|turn|89
|
|move|p2a: Chansey|Thunder Wave|p1a: Fat Wall
|-fail|p1a: Fat Wall|par
|move|p1a: Fat Wall|Counter|p2a: Chansey
|-fail|p1a: Fat Wall
|
|turn|90
|
|move|p2a: Chansey|Thunder Wave|p1a: Fat Wall
|-fail|p1a: Fat Wall|par
|move|p1a: Fat Wall|Counter|p2a: Chansey
|-fail|p1a: Fat Wall
|
|turn|91
|
|move|p2a: Chansey|Thunder Wave|p1a: Fat Wall
|-fail|p1a: Fat Wall|par
|move|p1a: Fat Wall|Counter|p2a: Chansey
|-fail|p1a: Fat Wall
|
|turn|92
|
|move|p1a: Fat Wall|Thunder Wave|p2a: Chansey
|-fail|p2a: Chansey|par
|move|p2a: Chansey|Counter|p1a: Fat Wall
|-fail|p2a: Chansey
|
|turn|93
|
|move|p1a: Fat Wall|Thunder Wave|p2a: Chansey
|-fail|p2a: Chansey|par
|move|p2a: Chansey|Thunder Wave|p1a: Fat Wall
|-fail|p1a: Fat Wall|par
|
|turn|94
|
|move|p2a: Chansey|Thunder Wave|p1a: Fat Wall
|-fail|p1a: Fat Wall|par
|move|p1a: Fat Wall|Thunder Wave|p2a: Chansey
|-fail|p2a: Chansey|par
|
|turn|95
|
|move|p2a: Chansey|Counter|p1a: Fat Wall
|-fail|p2a: Chansey
|move|p1a: Fat Wall|Counter|p2a: Chansey
|-damage|p2a: Chansey|703\/703 par
|
|turn|96
|
|move|p2a: Chansey|Counter|p1a: Fat Wall
|-fail|p2a: Chansey
|move|p1a: Fat Wall|Counter|p2a: Chansey
|-damage|p2a: Chansey|703\/703 par
|
|turn|97
|
|cant|p2a: Chansey|par
|move|p1a: Fat Wall|Counter|p2a: Chansey
|-fail|p1a: Fat Wall
|
|turn|98
|
|move|p2a: Chansey|Counter|p1a: Fat Wall
|-fail|p2a: Chansey
|move|p1a: Fat Wall|Counter|p2a: Chansey
|-damage|p2a: Chansey|703\/703 par
|
|turn|99
|
|move|p2a: Chansey|Counter|p1a: Fat Wall
|-fail|p2a: Chansey
|move|p1a: Fat Wall|Counter|p2a: Chansey
|-damage|p2a: Chansey|703\/703 par
|
|turn|100
|
|move|p1a: Fat Wall|Counter|p2a: Chansey
|-fail|p1a: Fat Wall
|move|p2a: Chansey|Counter|p1a: Fat Wall
|-damage|p1a: Fat Wall|542\/703 par
|
|turn|101
|
|cant|p1a: Fat Wall|par
|cant|p2a: Chansey|par
|
|turn|102
|
|move|p1a: Fat Wall|Counter|p2a: Chansey
|-fail|p1a: Fat Wall
|move|p2a: Chansey|Counter|p1a: Fat Wall
|-damage|p1a: Fat Wall|542\/703 par
|
|turn|103
|
|move|p1a: Fat Wall|Counter|p2a: Chansey
|-fail|p1a: Fat Wall
|move|p2a: Chansey|Counter|p1a: Fat Wall
|-damage|p1a: Fat Wall|542\/703 par
|
|turn|104
|
|move|p2a: Chansey|Counter|p1a: Fat Wall
|-fail|p2a: Chansey
|move|p1a: Fat Wall|Counter|p2a: Chansey
|-damage|p2a: Chansey|703\/703 par
|
|turn|105
|
|move|p2a: Chansey|Counter|p1a: Fat Wall
|-fail|p2a: Chansey
|move|p1a: Fat Wall|Counter|p2a: Chansey
|-damage|p2a: Chansey|703\/703 par
|
|turn|106
|
|move|p2a: Chansey|Counter|p1a: Fat Wall
|-fail|p2a: Chansey
|move|p1a: Fat Wall|Counter|p2a: Chansey
|-damage|p2a: Chansey|703\/703 par
|
|turn|107
|
|move|p1a: Fat Wall|Counter|p2a: Chansey
|-fail|p1a: Fat Wall
|cant|p2a: Chansey|par
|
|turn|108
|
|move|p2a: Chansey|Counter|p1a: Fat Wall
|-fail|p2a: Chansey
|move|p1a: Fat Wall|Counter|p2a: Chansey
|-damage|p2a: Chansey|703\/703 par
|
|turn|109
|
|move|p2a: Chansey|Counter|p1a: Fat Wall
|-fail|p2a: Chansey
|move|p1a: Fat Wall|Counter|p2a: Chansey
|-damage|p2a: Chansey|703\/703 par
|
|turn|110
|
|cant|p1a: Fat Wall|par
|cant|p2a: Chansey|par
|
|turn|111
|
|move|p1a: Fat Wall|Counter|p2a: Chansey
|-fail|p1a: Fat Wall
|move|p2a: Chansey|Counter|p1a: Fat Wall
|-damage|p1a: Fat Wall|542\/703 par
|
|turn|112
|
|move|p2a: Chansey|Thunder Wave|p1a: Fat Wall
|-fail|p1a: Fat Wall|par
|move|p1a: Fat Wall|Counter|p2a: Chansey
|-fail|p1a: Fat Wall
|
|turn|113
|
|move|p2a: Chansey|Thunder Wave|p1a: Fat Wall
|-fail|p1a: Fat Wall|par
|move|p1a: Fat Wall|Counter|p2a: Chansey
|-fail|p1a: Fat Wall
|
|turn|114
|
|cant|p2a: Chansey|par
|cant|p1a: Fat Wall|par
|
|turn|115
|
|move|p2a: Chansey|Thunder Wave|p1a: Fat Wall
|-fail|p1a: Fat Wall|par
|move|p1a: Fat Wall|Counter|p2a: Chansey
|-fail|p1a: Fat Wall
|
|turn|116
|
|move|p2a: Chansey|Ice Beam|p1a: Fat Wall
|-crit|p1a: Fat Wall
|-damage|p1a: Fat Wall|395\/703 par
|cant|p1a: Fat Wall|par
|
|turn|117
|
|move|p2a: Chansey|Ice Beam|p1a: Fat Wall
|-damage|p1a: Fat Wall|320\/703 par
|move|p1a: Fat Wall|Counter|p2a: Chansey
|-fail|p1a: Fat Wall
|
|turn|118
|
|cant|p2a: Chansey|par
|move|p1a: Fat Wall|Soft-Boiled|p1a: Fat Wall
|-heal|p1a: Fat Wall|671\/703 par
|
|turn|119
|
|move|p2a: Chansey|Ice Beam|p1a: Fat Wall
|-damage|p1a: Fat Wall|599\/703 par
|move|p1a: Fat Wall|Ice Beam|p2a: Chansey
|-damage|p2a: Chansey|629\/703 par
|
|turn|120
|
|move|p1a: Fat Wall|Ice Beam|p2a: Chansey
|-damage|p2a: Chansey|559\/703 par
|cant|p2a: Chansey|par
|
|turn|121
|
|cant|p2a: Chansey|par
|move|p1a: Fat Wall|Ice Beam|p2a: Chansey
|-damage|p2a: Chansey|483\/703 par
|
|turn|122
|
|move|p1a: Fat Wall|Soft-Boiled|p1a: Fat Wall
|-heal|p1a: Fat Wall|703\/703 par
|move|p2a: Chansey|Ice Beam|p1a: Fat Wall
|-damage|p1a: Fat Wall|626\/703 par
|
|turn|123
|
|move|p1a: Fat Wall|Soft-Boiled|p1a: Fat Wall
|-heal|p1a: Fat Wall|703\/703 par
|move|p2a: Chansey|Ice Beam|p1a: Fat Wall
|-damage|p1a: Fat Wall|624\/703 par
|
|turn|124
|
|move|p1a: Fat Wall|Soft-Boiled|p1a: Fat Wall
|-heal|p1a: Fat Wall|703\/703 par
|move|p2a: Chansey|Ice Beam|p1a: Fat Wall
|-damage|p1a: Fat Wall|635\/703 par
|
|turn|125
|
|cant|p2a: Chansey|par
|move|p1a: Fat Wall|Soft-Boiled|p1a: Fat Wall
|-heal|p1a: Fat Wall|703\/703 par
|
|turn|126
|
|move|p2a: Chansey|Ice Beam|p1a: Fat Wall
|-crit|p1a: Fat Wall
|-damage|p1a: Fat Wall|548\/703 par
|move|p1a: Fat Wall|Soft-Boiled|p1a: Fat Wall
|-heal|p1a: Fat Wall|703\/703 par
|
|turn|127
|
|move|p2a: Chansey|Ice Beam|p1a: Fat Wall
|-damage|p1a: Fat Wall|629\/703 par
|move|p1a: Fat Wall|Soft-Boiled|p1a: Fat Wall
|-heal|p1a: Fat Wall|703\/703 par
|
|turn|128
|
|move|p2a: Chansey|Ice Beam|p1a: Fat Wall
|-damage|p1a: Fat Wall|633\/703 par
|move|p1a: Fat Wall|Ice Beam|p2a: Chansey
|-damage|p2a: Chansey|407\/703 par
|
|turn|129
|
|cant|p1a: Fat Wall|par
|move|p2a: Chansey|Ice Beam|p1a: Fat Wall
|-damage|p1a: Fat Wall|560\/703 par
|
|turn|130
|
|move|p2a: Chansey|Ice Beam|p1a: Fat Wall
|-damage|p1a: Fat Wall|483\/703 par
|cant|p1a: Fat Wall|par
|
|turn|131
|
|move|p1a: Fat Wall|Ice Beam|p2a: Chansey
|-damage|p2a: Chansey|338\/703 par
|move|p2a: Chansey|Soft-Boiled|p2a: Chansey
|-heal|p2a: Chansey|689\/703 par
|
|turn|132
|
|move|p1a: Fat Wall|Ice Beam|p2a: Chansey|[miss]
|-miss|p1a: Fat Wall
|move|p2a: Chansey|Soft-Boiled|p2a: Chansey
|-heal|p2a: Chansey|703\/703 par
|
|turn|133
|
|move|p2a: Chansey|Soft-Boiled|p2a: Chansey
|-fail|p2a: Chansey
|move|p1a: Fat Wall|Soft-Boiled|p1a: Fat Wall
|-heal|p1a: Fat Wall|703\/703 par
|
|turn|134
|
|move|p2a: Chansey|Soft-Boiled|p2a: Chansey
|-fail|p2a: Chansey
|cant|p1a: Fat Wall|par
|
|turn|135
|
|move|p2a: Chansey|Soft-Boiled|p2a: Chansey
|-fail|p2a: Chansey
|cant|p1a: Fat Wall|par
|
|turn|136
|
|move|p2a: Chansey|Soft-Boiled|p2a: Chansey
|-fail|p2a: Chansey
|move|p1a: Fat Wall|Soft-Boiled|p1a: Fat Wall
|-fail|p1a: Fat Wall
|
|turn|137
|
|move|p2a: Chansey|Soft-Boiled|p2a: Chansey
|-fail|p2a: Chansey
|cant|p1a: Fat Wall|par
|
|turn|138
|
|move|p2a: Chansey|Soft-Boiled|p2a: Chansey
|-fail|p2a: Chansey
|cant|p1a: Fat Wall|par
|
|turn|139
|
|move|p2a: Chansey|Soft-Boiled|p2a: Chansey
|-fail|p2a: Chansey
|move|p1a: Fat Wall|Soft-Boiled|p1a: Fat Wall
|-fail|p1a: Fat Wall
|
|turn|140
|
|move|p1a: Fat Wall|Soft-Boiled|p1a: Fat Wall
|-fail|p1a: Fat Wall
|move|p2a: Chansey|Soft-Boiled|p2a: Chansey
|-fail|p2a: Chansey
|
|turn|141
|
|move|p1a: Fat Wall|Soft-Boiled|p1a: Fat Wall
|-fail|p1a: Fat Wall
|move|p2a: Chansey|Soft-Boiled|p2a: Chansey
|-fail|p2a: Chansey
|
|turn|142
|
|move|p1a: Fat Wall|Soft-Boiled|p1a: Fat Wall
|-fail|p1a: Fat Wall
|move|p2a: Chansey|Soft-Boiled|p2a: Chansey
|-fail|p2a: Chansey
|
|turn|143
|
|move|p1a: Fat Wall|Soft-Boiled|p1a: Fat Wall
|-fail|p1a: Fat Wall
|move|p2a: Chansey|Soft-Boiled|p2a: Chansey
|-fail|p2a: Chansey
|
|turn|144
|
|move|p2a: Chansey|Soft-Boiled|p2a: Chansey
|-fail|p2a: Chansey
|move|p1a: Fat Wall|Counter|p2a: Chansey
|-fail|p1a: Fat Wall
|
|turn|145
|
|move|p1a: Fat Wall|Ice Beam|p2a: Chansey
|-damage|p2a: Chansey|629\/703 par
|-message|Chansey has no moves left! (placeholder)
|move|p2a: Chansey|Struggle|p1a: Fat Wall
|-damage|p1a: Fat Wall|663\/703 par
|-damage|p2a: Chansey|609\/703 par|[from] recoil|[of] p1a: Fat Wall
|
|turn|146
|
|move|p1a: Fat Wall|Ice Beam|p2a: Chansey
|-damage|p2a: Chansey|541\/703 par
|-message|Chansey has no moves left! (placeholder)
|move|p2a: Chansey|Struggle|p1a: Fat Wall
|-crit|p1a: Fat Wall
|-damage|p1a: Fat Wall|577\/703 par
|-damage|p2a: Chansey|498\/703 par|[from] recoil|[of] p1a: Fat Wall
|
|turn|147
|
|-message|Chansey has no moves left! (placeholder)
|move|p2a: Chansey|Struggle|p1a: Fat Wall
|-damage|p1a: Fat Wall|534\/703 par
|-damage|p2a: Chansey|476\/703 par|[from] recoil|[of] p1a: Fat Wall
|move|p1a: Fat Wall|Ice Beam|p2a: Chansey
|-damage|p2a: Chansey|397\/703 par
|
|turn|148
|
|-message|Chansey has no moves left! (placeholder)
|move|p2a: Chansey|Struggle|p1a: Fat Wall
|-damage|p1a: Fat Wall|495\/703 par
|-damage|p2a: Chansey|377\/703 par|[from] recoil|[of] p1a: Fat Wall
|move|p1a: Fat Wall|Ice Beam|p2a: Chansey
|-damage|p2a: Chansey|297\/703 par
|
|turn|149
|
|move|p1a: Fat Wall|Ice Beam|p2a: Chansey
|-damage|p2a: Chansey|222\/703 par
|-message|Chansey has no moves left! (placeholder)
|move|p2a: Chansey|Struggle|p1a: Fat Wall
|-damage|p1a: Fat Wall|458\/703 par
|-damage|p2a: Chansey|203\/703 par|[from] recoil|[of] p1a: Fat Wall
|
|turn|150
|
|cant|p2a: Chansey|par
|move|p1a: Fat Wall|Ice Beam|p2a: Chansey
|-damage|p2a: Chansey|133\/703 par
|
|turn|151
|
|move|p1a: Fat Wall|Soft-Boiled|p1a: Fat Wall
|-heal|p1a: Fat Wall|703\/703 par
|-message|Chansey has no moves left! (placeholder)
|move|p2a: Chansey|Struggle|p1a: Fat Wall
|-damage|p1a: Fat Wall|665\/703 par
|-damage|p2a: Chansey|114\/703 par|[from] recoil|[of] p1a: Fat Wall
|
|turn|152
|
|-message|Chansey has no moves left! (placeholder)
|move|p2a: Chansey|Struggle|p1a: Fat Wall
|-damage|p1a: Fat Wall|622\/703 par
|-damage|p2a: Chansey|92\/703 par|[from] recoil|[of] p1a: Fat Wall
|-message|Fat Wall has no moves left! (placeholder)
|move|p1a: Fat Wall|Struggle|p2a: Chansey
|-damage|p2a: Chansey|54\/703 par
|-damage|p1a: Fat Wall|603\/703 par|[from] recoil|[of] p2a: Chansey
|
|turn|153
|
|cant|p2a: Chansey|par
|-message|Fat Wall has no moves left! (placeholder)
|move|p1a: Fat Wall|Struggle|p2a: Chansey
|-damage|p2a: Chansey|16\/703 par
|-damage|p1a: Fat Wall|584\/703 par|[from] recoil|[of] p2a: Chansey
|
|turn|154
|
|-message|Chansey has no moves left! (placeholder)
|move|p2a: Chansey|Struggle|p1a: Fat Wall
|-damage|p1a: Fat Wall|544\/703 par
|-damage|p2a: Chansey|0 fnt|[from] recoil|[of] p1a: Fat Wall
|faint|p2a: Chansey
|-message|Fat Wall has no moves left! (placeholder)
|move|p1a: Fat Wall|Struggle|p2: Chansey|[notarget]
|-notarget
|
|
|switch|p2a: Tauros|Tauros|143\/353 par
|turn|155
|
|move|p2a: Tauros|Body Slam|p1a: Fat Wall
|-damage|p1a: Fat Wall|291\/703 par
|-message|Fat Wall has no moves left! (placeholder)
|move|p1a: Fat Wall|Struggle|p2a: Tauros
|-damage|p2a: Tauros|128\/353 par
|-damage|p1a: Fat Wall|283\/703 par|[from] recoil|[of] p2a: Tauros
|
|turn|156
|
|move|p2a: Tauros|Body Slam|p1a: Fat Wall
|-damage|p1a: Fat Wall|0 fnt
|faint|p1a: Fat Wall
|
|win|Vaati
|raw|Ladder updating...
|raw|kid gf lol's rating: 1121 &rarr; <strong>1098<\/strong><br \/>(-23 for losing)
|raw|Vaati's rating: 1143 &rarr; <strong>1166<\/strong><br \/>(+23 for winning)