|j|MALESANI
|j|010WaRRioR
|player|p1|MALESANI|238
|player|p2|010WaRRioR|164
|gametype|singles
|gen|1
|tier|[Gen 1] Random Battle
|rated
|seed|1330,1993,20428,5068
|rule|Sleep Clause Mod: Limit one foe put to sleep
|rule|Freeze Clause Mod: Limit one foe frozen
|rule|HP Percentage Mod: HP is shown in percentages
|
|start
|switch|p1a: Raichu|Raichu, L85|276\/276
|switch|p2a: Seel|Seel, L96|320\/320
|turn|1
|choice|move 4|switch 4
|
|switch|p2a: Graveler|Graveler, L85|267\/267
|move|p1a: Raichu|Body Slam|p2a: Graveler
|-crit|p2a: Graveler
|-resisted|p2a: Graveler
|-damage|p2a: Graveler|222\/267
|-status|p2a: Graveler|par
|
|turn|2
|choice|move 1|move 1
|
|move|p1a: Raichu|Surf|p2a: Graveler
|-supereffective|p2a: Graveler
|-damage|p2a: Graveler|0 fnt
|faint|p2a: Graveler
|choice||switch 6
|
|switch|p2a: Chansey|Chansey, L79|557\/557
|turn|3
|choice|switch 6|move 3
|
|switch|p1a: Machamp|Machamp, L90|345\/345
|move|p2a: Chansey|Thunderbolt|p1a: Machamp
|-crit|p1a: Machamp
|-damage|p1a: Machamp|205\/345
|
|turn|4
|choice|move 1|switch 3
|
|switch|p2a: Mr. Mime|Mr. Mime, L85|242\/242
|move|p1a: Machamp|Earthquake|p2a: Mr. Mime
|-damage|p2a: Mr. Mime|124\/242
|
|turn|5
|choice|switch 5|move 3
|
|switch|p1a: Fearow|Fearow, L90|300\/300
|move|p2a: Mr. Mime|Psychic|p1a: Fearow
|-damage|p1a: Fearow|192\/300
|
|turn|6
|choice|move 4|move 4
|
|move|p1a: Fearow|Double-Edge|p2a: Mr. Mime
|-damage|p2a: Mr. Mime|0 fnt
|-damage|p1a: Fearow|161\/300|[from] recoil|[of] p2a: Mr. Mime
|faint|p2a: Mr. Mime
|choice||switch 2
|
|switch|p2a: Voltorb|Voltorb, L96|272\/272
|turn|7
|choice|switch 4|move 3
|
|switch|p1a: Golem|Golem, L79|288\/288
|move|p2a: Voltorb|Thunder|p1a: Golem
|-immune|p1a: Golem|[msg]
|
|turn|8
|choice|move 4|switch 5
|
|switch|p2a: Venusaur|Venusaur, L85|310\/310
|move|p1a: Golem|Earthquake|p2a: Venusaur
|-damage|p2a: Venusaur|202\/310
|
|turn|9
|choice|switch 3|move 4
|
|switch|p1a: Charmeleon|Charmeleon, L85|272\/272
|move|p2a: Venusaur|Leech Seed|p1a: Charmeleon
|-start|p1a: Charmeleon|move: Leech Seed
|
|turn|10
|choice|move 3|switch 4
|
|switch|p2a: Seel|Seel, L96|320\/320
|move|p1a: Charmeleon|Fire Blast|p2a: Seel
|-resisted|p2a: Seel
|-damage|p2a: Seel|271\/320
|-damage|p1a: Charmeleon|255\/272|[from] Leech Seed|[of] p2a: Seel
|-heal|p2a: Seel|288\/320|[silent]
|
|turn|11
|choice|switch 2|move 1
|
|switch|p1a: Tentacruel|Tentacruel, L85|310\/310
|move|p2a: Seel|Surf|p1a: Tentacruel
|-resisted|p1a: Tentacruel
|-damage|p1a: Tentacruel|268\/310
|
|turn|12
|choice|move 1|switch 4
|
|switch|p2a: Venusaur|Venusaur, L85|202\/310
|move|p1a: Tentacruel|Blizzard|p2a: Venusaur
|-supereffective|p2a: Venusaur
|-damage|p2a: Venusaur|24\/310
|
|turn|13
|choice|move 2|move 3
|
|move|p1a: Tentacruel|Surf|p2a: Venusaur
|-crit|p2a: Venusaur
|-resisted|p2a: Venusaur
|-damage|p2a: Venusaur|0 fnt
|faint|p2a: Venusaur
|-message|010WaRRioR forfeited.
|
|win|MALESANI
|l|010WaRRioR
|player|p2
|raw|MALESANI's rating: 1420 &rarr; <strong>1430<\/strong><br \/>(+10 for winning)
|raw|010WaRRioR's rating: 1247 &rarr; <strong>1233<\/strong><br \/>(-14 for losing)