|join|catmeowmix
|join|gen1masterrony
|player|p1|catmeowmix|102
|player|p2|gen1masterrony|162
|gametype|singles
|gen|1
|tier|[Gen 1] Random Battle
|rated
|rule|Sleep Clause Mod: Limit one foe put to sleep
|rule|Freeze Clause Mod: Limit one foe frozen
|rule|HP Percentage Mod: HP is shown in percentages
|
|start
|switch|p1a: Exeggutor|Exeggutor, L79|312\/312
|switch|p2a: Slowbro|Slowbro, L79|312\/312
|turn|1
|
|switch|p2a: Weedle|Weedle, L99|280\/280
|move|p1a: Exeggutor|Sleep Powder|p2a: Weedle
|-status|p2a: Weedle|slp
|
|turn|2
|
|switch|p2a: Zapdos|Zapdos, L79|304\/304
|move|p1a: Exeggutor|Psychic|p2a: Zapdos
|-damage|p2a: Zapdos|221\/304
|-unboost|p2a: Zapdos|spd|1
|-unboost|p2a: Zapdos|spa|1
|
|turn|3
|
|move|p2a: Zapdos|Drill Peck|p1a: Exeggutor
|-supereffective|p1a: Exeggutor
|-damage|p1a: Exeggutor|159\/312
|move|p1a: Exeggutor|Stun Spore|p2a: Zapdos
|-status|p2a: Zapdos|par
|
|turn|4
|
|switch|p1a: Rhyhorn|Rhyhorn, L96|348\/348
|cant|p2a: Zapdos|par
|
|turn|5
|
|switch|p2a: Slowbro|Slowbro, L79|312\/312
|move|p1a: Rhyhorn|Rock Slide|p2a: Slowbro
|-damage|p2a: Slowbro|225\/312
|
|turn|6
|
|switch|p1a: Exeggutor|Exeggutor, L79|159\/312
|move|p2a: Slowbro|Thunder Wave|p1a: Exeggutor
|-status|p1a: Exeggutor|par
|
|turn|7
|
|switch|p2a: Weedle|Weedle, L99|280\/280 slp
|move|p1a: Exeggutor|Stun Spore|p2a: Weedle|[miss]
|-miss|p1a: Exeggutor
|
|turn|8
|
|switch|p2a: Zapdos|Zapdos, L79|221\/304 par
|cant|p1a: Exeggutor|par
|
|turn|9
|
|switch|p1a: Rhyhorn|Rhyhorn, L96|348\/348
|move|p2a: Zapdos|Drill Peck|p1a: Rhyhorn
|-resisted|p1a: Rhyhorn
|-damage|p1a: Rhyhorn|318\/348
|
|turn|10
|
|switch|p2a: Cloyster|Cloyster, L83|253\/253
|move|p1a: Rhyhorn|Rock Slide|p2a: Cloyster
|-supereffective|p2a: Cloyster
|-damage|p2a: Cloyster|142\/253
|
|turn|11
|
|switch|p1a: Golduck|Golduck, L85|310\/310
|move|p2a: Cloyster|Surf|p1a: Golduck
|-resisted|p1a: Golduck
|-damage|p1a: Golduck|260\/310
|
|turn|12
|
|move|p1a: Golduck|Amnesia|p1a: Golduck
|-boost|p1a: Golduck|spd|2
|-boost|p1a: Golduck|spa|2
|move|p2a: Cloyster|Toxic|p1a: Golduck
|-status|p1a: Golduck|tox
|
|turn|13
|
|move|p1a: Golduck|Amnesia|p1a: Golduck
|-boost|p1a: Golduck|spd|2
|-boost|p1a: Golduck|spa|2
|-damage|p1a: Golduck|241\/310 tox|[from] psn
|move|p2a: Cloyster|Hyper Beam|p1a: Golduck
|-damage|p1a: Golduck|138\/310 tox
|
|turn|14
|
|move|p1a: Golduck|Amnesia|p1a: Golduck
|-boost|p1a: Golduck|spd|2
|-boost|p1a: Golduck|spa|2
|-damage|p1a: Golduck|100\/310 tox|[from] psn
|cant|p2a: Cloyster|recharge
|
|turn|15
|
|move|p1a: Golduck|Rest|p1a: Golduck
|-status|p1a: Golduck|slp
|-heal|p1a: Golduck|310\/310 slp|[silent]
|-status|p1a: Golduck|slp|[from] move: Rest
|move|p2a: Cloyster|Hyper Beam|p1a: Golduck
|-crit|p1a: Golduck
|-damage|p1a: Golduck|116\/310 slp
|
|turn|16
|
|cant|p1a: Golduck|slp
|cant|p2a: Cloyster|recharge
|
|turn|17
|
|cant|p1a: Golduck|slp
|-curestatus|p1a: Golduck|slp
|move|p2a: Cloyster|Hyper Beam|p1a: Golduck
|-damage|p1a: Golduck|7\/310
|
|turn|18
|
|move|p1a: Golduck|Rest|p1a: Golduck
|-status|p1a: Golduck|slp
|-heal|p1a: Golduck|310\/310 slp|[silent]
|-status|p1a: Golduck|slp|[from] move: Rest
|cant|p2a: Cloyster|recharge
|
|turn|19
|
|cant|p1a: Golduck|slp
|move|p2a: Cloyster|Hyper Beam|p1a: Golduck
|-damage|p1a: Golduck|194\/310 slp
|
|turn|20
|
|cant|p1a: Golduck|slp
|-curestatus|p1a: Golduck|slp
|cant|p2a: Cloyster|recharge
|
|turn|21
|
|move|p1a: Golduck|Blizzard|p2a: Cloyster
|-resisted|p2a: Cloyster
|-damage|p2a: Cloyster|67\/253
|move|p2a: Cloyster|Explosion|p1a: Golduck
|-damage|p1a: Golduck|0 fnt
|faint|p1a: Golduck
|faint|p2a: Cloyster
|
|switch|p1a: Dugtrio|Dugtrio, L85|233\/233
|switch|p2a: Snorlax|Snorlax, L79|415\/415
|turn|22
|
|move|p1a: Dugtrio|Earthquake|p2a: Snorlax
|-damage|p2a: Snorlax|294\/415
|move|p2a: Snorlax|Surf|p1a: Dugtrio
|-supereffective|p1a: Dugtrio
|-damage|p1a: Dugtrio|120\/233
|
|turn|23
|
|switch|p1a: Exeggutor|Exeggutor, L79|159\/312 par
|move|p2a: Snorlax|Surf|p1a: Exeggutor
|-resisted|p1a: Exeggutor
|-damage|p1a: Exeggutor|141\/312 par
|
|turn|24
|
|move|p2a: Snorlax|Ice Beam|p1a: Exeggutor
|-supereffective|p1a: Exeggutor
|-damage|p1a: Exeggutor|57\/312 par
|cant|p1a: Exeggutor|par
|
|turn|25
|
|move|p2a: Snorlax|Ice Beam|p1a: Exeggutor
|-supereffective|p1a: Exeggutor
|-damage|p1a: Exeggutor|0 fnt
|faint|p1a: Exeggutor
|
|switch|p1a: Kabuto|Kabuto, L96|252\/252
|turn|26
|
|move|p1a: Kabuto|Slash|p2a: Snorlax
|-crit|p2a: Snorlax
|-damage|p2a: Snorlax|145\/415
|move|p2a: Snorlax|Amnesia|p2a: Snorlax
|-boost|p2a: Snorlax|spd|2
|-boost|p2a: Snorlax|spa|2
|
|turn|27
|
|move|p1a: Kabuto|Slash|p2a: Snorlax
|-crit|p2a: Snorlax
|-damage|p2a: Snorlax|17\/415
|move|p2a: Snorlax|Surf|p1a: Kabuto
|-damage|p1a: Kabuto|136\/252
|
|turn|28
|
|move|p1a: Kabuto|Slash|p2a: Snorlax
|-crit|p2a: Snorlax
|-damage|p2a: Snorlax|0 fnt
|faint|p2a: Snorlax
|
|switch|p2a: Slowbro|Slowbro, L79|225\/312
|turn|29
|
|move|p1a: Kabuto|Slash|p2a: Slowbro
|-crit|p2a: Slowbro
|-damage|p2a: Slowbro|127\/312
|move|p2a: Slowbro|Surf|p1a: Kabuto
|-damage|p1a: Kabuto|33\/252
|
|turn|30
|
|switch|p2a: Weedle|Weedle, L99|280\/280 slp
|move|p1a: Kabuto|Slash|p2a: Weedle
|-crit|p2a: Weedle
|-damage|p2a: Weedle|130\/280 slp
|
|turn|31
|
|move|p1a: Kabuto|Swords Dance|p1a: Kabuto
|-boost|p1a: Kabuto|atk|2
|cant|p2a: Weedle|slp
|
|turn|32
|
|move|p1a: Kabuto|Slash|p2a: Weedle
|-crit|p2a: Weedle
|-damage|p2a: Weedle|0 fnt
|faint|p2a: Weedle
|
|switch|p2a: Mewtwo|Mewtwo, L70|293\/293
|turn|33
|c|★catmeowmix|what a ridiculously tough team, lol
|
|switch|p1a: Rhyhorn|Rhyhorn, L96|318\/348
|move|p2a: Mewtwo|Psychic|p1a: Rhyhorn
|-damage|p1a: Rhyhorn|164\/348
|-unboost|p1a: Rhyhorn|spd|1
|-unboost|p1a: Rhyhorn|spa|1
|
|turn|34
|
|move|p2a: Mewtwo|Ice Beam|p1a: Rhyhorn
|-crit|p1a: Rhyhorn
|-supereffective|p1a: Rhyhorn
|-damage|p1a: Rhyhorn|0 fnt
|faint|p1a: Rhyhorn
|
|switch|p1a: Machoke|Machoke, L85|310\/310
|turn|35
|
|move|p2a: Mewtwo|Psychic|p1a: Machoke
|-supereffective|p1a: Machoke
|-damage|p1a: Machoke|73\/310
|move|p1a: Machoke|Earthquake|p2a: Mewtwo
|-damage|p2a: Mewtwo|212\/293
|
|turn|36
|
|move|p2a: Mewtwo|Psychic|p1a: Machoke
|-crit|p1a: Machoke
|-supereffective|p1a: Machoke
|-damage|p1a: Machoke|0 fnt
|faint|p1a: Machoke
|-message|catmeowmix forfeited.
|
|win|gen1masterrony
|raw|Ladder updating...
|leave|catmeowmix
|player|p1
|raw|Ladder (probably) updated, but score could not be retrieved (timeout).
|raw|Ladder (probably) updated, but score could not be retrieved (Error: socket hang up).