|join|MALESANI
|join|riwu
|player|p1|MALESANI|238
|player|p2|riwu|102
|gametype|singles
|gen|1
|tier|[Gen 1] Random Battle
|rated
|seed|20616,63233,32405,26106
|rule|Sleep Clause Mod: Limit one foe put to sleep
|rule|Freeze Clause Mod: Limit one foe frozen
|rule|HP Percentage Mod: HP is shown in percentages
|
|start
|switch|p1a: Arcanine|Arcanine, L85|327\/327
|switch|p2a: Scyther|Scyther, L90|309\/309
|turn|1
|choice|move 3|switch 4
|
|switch|p2a: Voltorb|Voltorb, L96|272\/272
|move|p1a: Arcanine|Fire Blast|p2a: Voltorb
|-damage|p2a: Voltorb|138\/272
|
|turn|2
|choice|switch 4|move 1
|
|switch|p1a: Marowak|Marowak, L90|291\/291
|move|p2a: Voltorb|Explosion|p1a: Marowak
|-damage|p1a: Marowak|158\/291
|faint|p2a: Voltorb
|choice||switch 3
|
|switch|p2a: Hitmonlee|Hitmonlee, L90|273\/273
|turn|3
|choice|move 3|move 2
|
|move|p2a: Hitmonlee|High Jump Kick|p1a: Marowak
|-damage|p1a: Marowak|67\/291
|move|p1a: Marowak|Earthquake|p2a: Hitmonlee
|-damage|p2a: Hitmonlee|144\/273
|
|turn|4
|choice|move 4|move 2
|
|move|p2a: Hitmonlee|High Jump Kick|p1a: Marowak
|-damage|p1a: Marowak|0 fnt
|faint|p1a: Marowak
|choice|switch 3|
|
|switch|p1a: Hypno|Hypno, L85|318\/318
|turn|5
|choice|move 3|switch 6
|
|switch|p2a: Electrode|Electrode, L90|291\/291
|move|p1a: Hypno|Thunder Wave|p2a: Electrode
|-status|p2a: Electrode|par
|
|turn|6
|choice|move 1|move 3
|
|move|p1a: Hypno|Psychic|p2a: Electrode
|-damage|p2a: Electrode|186\/291 par
|-unboost|p2a: Electrode|spd|1
|-unboost|p2a: Electrode|spa|1
|cant|p2a: Electrode|par
|
|turn|7
|choice|move 1|move 1
|
|move|p1a: Hypno|Psychic|p2a: Electrode
|-damage|p2a: Electrode|19\/291 par
|cant|p2a: Electrode|par
|
|turn|8
|choice|move 1|move 1
|
|move|p1a: Hypno|Psychic|p2a: Electrode
|-damage|p2a: Electrode|0 fnt
|faint|p2a: Electrode
|choice||switch 5
|
|switch|p2a: Haunter|Haunter, L85|250\/250
|turn|9
|choice|switch 2|move 1
|
|switch|p1a: Seaking|Seaking, L90|327\/327
|move|p2a: Haunter|Hypnosis|p1a: Seaking
|-status|p1a: Seaking|slp
|
|turn|10
|choice|switch 2|switch 4
|
|switch|p2a: Scyther|Scyther, L90|309\/309
|switch|p1a: Hypno|Hypno, L85|318\/318
|
|turn|11
|choice|move 4|move 3
|
|move|p2a: Scyther|Slash|p1a: Hypno
|-crit|p1a: Hypno
|-damage|p1a: Hypno|191\/318
|move|p1a: Hypno|Counter|p2a: Scyther
|-damage|p2a: Scyther|55\/309
|
|turn|12
|choice|move 3|move 3
|
|move|p2a: Scyther|Slash|p1a: Hypno
|-crit|p1a: Hypno
|-damage|p1a: Hypno|50\/318
|move|p1a: Hypno|Thunder Wave|p2a: Scyther
|-status|p2a: Scyther|par
|
|turn|13
|choice|move 1|move 3
|
|move|p1a: Hypno|Psychic|p2a: Scyther
|-crit|p2a: Scyther
|-damage|p2a: Scyther|0 fnt
|faint|p2a: Scyther
|choice||switch 2
|
|switch|p2a: Diglett|Diglett, L96|214\/214
|turn|14
|choice|switch 5|move 2
|
|switch|p1a: Dragonite|Dragonite, L85|328\/328
|move|p2a: Diglett|Slash|p1a: Dragonite
|-crit|p1a: Dragonite
|-damage|p1a: Dragonite|244\/328
|
|turn|15
|choice|move 3|switch 4
|
|switch|p2a: Haunter|Haunter, L85|250\/250
|move|p1a: Dragonite|Surf|p2a: Haunter
|-damage|p2a: Haunter|192\/250
|
|turn|16
|choice|move 1|move 2
|
|move|p2a: Haunter|Confuse Ray|p1a: Dragonite
|-start|p1a: Dragonite|confusion
|-activate|p1a: Dragonite|confusion
|-damage|p1a: Dragonite|206\/328|[from] confusion
|
|turn|17
|choice|switch 5|move 3
|
|switch|p1a: Hypno|Hypno, L85|50\/318
|move|p2a: Haunter|Psychic|p1a: Hypno
|-resisted|p1a: Hypno
|-damage|p1a: Hypno|21\/318
|-unboost|p1a: Hypno|spd|1
|-unboost|p1a: Hypno|spa|1
|
|turn|18
|choice|move 3|move 3
|
|move|p2a: Haunter|Psychic|p1a: Hypno
|-resisted|p1a: Hypno
|-damage|p1a: Hypno|0 fnt
|faint|p1a: Hypno
|choice|switch 4|
|
|switch|p1a: Arcanine|Arcanine, L85|327\/327
|turn|19
|choice|move 3|move 2
|
|move|p2a: Haunter|Confuse Ray|p1a: Arcanine
|-start|p1a: Arcanine|confusion
|-activate|p1a: Arcanine|confusion
|-damage|p1a: Arcanine|290\/327|[from] confusion
|
|turn|20
|choice|move 3|move 3
|
|-activate|p1a: Arcanine|confusion
|-damage|p1a: Arcanine|253\/327|[from] confusion
|move|p2a: Haunter|Psychic|p1a: Arcanine
|-damage|p1a: Arcanine|172\/327
|-unboost|p1a: Arcanine|spd|1
|-unboost|p1a: Arcanine|spa|1
|
|turn|21
|choice|move 3|move 3
|
|-activate|p1a: Arcanine|confusion
|-damage|p1a: Arcanine|135\/327|[from] confusion
|move|p2a: Haunter|Psychic|p1a: Arcanine
|-damage|p1a: Arcanine|27\/327
|-unboost|p1a: Arcanine|spd|1
|-unboost|p1a: Arcanine|spa|1
|
|turn|22
|choice|move 3|move 3
|
|move|p2a: Haunter|Psychic|p1a: Arcanine
|-damage|p1a: Arcanine|0 fnt
|faint|p1a: Arcanine
|choice|switch 6|
|
|switch|p1a: Dewgong|Dewgong, L85|327\/327
|turn|23
|choice|move 2|move 2
|
|move|p2a: Haunter|Confuse Ray|p1a: Dewgong
|-start|p1a: Dewgong|confusion
|-activate|p1a: Dewgong|confusion
|-damage|p1a: Dewgong|299\/327|[from] confusion
|
|turn|24
|choice|move 2|move 3
|
|move|p2a: Haunter|Psychic|p1a: Dewgong
|-damage|p1a: Dewgong|233\/327
|-end|p1a: Dewgong|confusion
|move|p1a: Dewgong|Blizzard|p2a: Haunter
|-damage|p2a: Haunter|83\/250
|
|turn|25
|choice|move 2|move 4
|
|move|p2a: Haunter|Explosion|p1a: Dewgong
|-damage|p1a: Dewgong|61\/327
|faint|p2a: Haunter
|choice||switch 6
|
|switch|p2a: Hitmonlee|Hitmonlee, L90|144\/273
|turn|26
|choice|move 2|move 3
|
|move|p2a: Hitmonlee|Body Slam|p1a: Dewgong
|-damage|p1a: Dewgong|0 fnt
|faint|p1a: Dewgong
|choice|switch 2|
|
|switch|p1a: Seaking|Seaking, L90|327\/327 slp
|turn|27
|choice|move 3|move 2
|
|move|p2a: Hitmonlee|High Jump Kick|p1a: Seaking
|-damage|p1a: Seaking|201\/327 slp
|cant|p1a: Seaking|slp
|
|turn|28
|choice|move 3|move 2
|
|move|p2a: Hitmonlee|High Jump Kick|p1a: Seaking
|-damage|p1a: Seaking|73\/327 slp
|cant|p1a: Seaking|slp
|
|turn|29
|choice|move 3|move 4
|
|move|p2a: Hitmonlee|Substitute|p2a: Hitmonlee
|-start|p2a: Hitmonlee|Substitute
|-damage|p2a: Hitmonlee|76\/273
|cant|p1a: Seaking|slp
|
|turn|30
|choice|move 3|move 3
|
|move|p2a: Hitmonlee|Body Slam|p1a: Seaking
|-damage|p1a: Seaking|0 fnt
|faint|p1a: Seaking
|choice|switch 5|
|
|switch|p1a: Dragonite|Dragonite, L85|206\/328
|turn|31
|choice|move 1|move 3
|
|move|p2a: Hitmonlee|Body Slam|p1a: Dragonite
|-damage|p1a: Dragonite|130\/328
|move|p1a: Dragonite|Ice Beam|p2a: Hitmonlee
|-end|p2a: Hitmonlee|Substitute
|
|turn|32
|choice|move 4|move 3
|
|move|p2a: Hitmonlee|Body Slam|p1a: Dragonite
|-damage|p1a: Dragonite|58\/328
|move|p1a: Dragonite|Hyper Beam|p2a: Hitmonlee
|-damage|p2a: Hitmonlee|0 fnt
|faint|p2a: Hitmonlee
|choice||switch 4
|
|switch|p2a: Diglett|Diglett, L96|214\/214
|turn|33
|choice|move 3|move 2
|
|move|p2a: Diglett|Slash|p1a: Dragonite
|-crit|p1a: Dragonite
|-damage|p1a: Dragonite|0 fnt
|faint|p1a: Dragonite
|
|win|riwu
|leave|MALESANI
|player|p1