|j|TheBro7497
|j|Fulley
|player|p1|TheBro7497|130
|player|p2|Fulley|170
|gametype|singles
|gen|1
|tier|[Gen 1] Random Battle
|rated
|seed|
|rule|Sleep Clause Mod: Limit one foe put to sleep
|rule|Freeze Clause Mod: Limit one foe frozen
|rule|HP Percentage Mod: HP is shown in percentages
|
|start
|switch|p1a: Slowpoke|Slowpoke, L96|100\/100
|switch|p2a: Nidorino|Nidorino, L90|100\/100
|turn|1
|choice||
|
|move|p2a: Nidorino|Leer|p1a: Slowpoke
|-unboost|p1a: Slowpoke|def|1
|move|p1a: Slowpoke|Surf|p2a: Nidorino
|-damage|p2a: Nidorino|69\/100
|
|turn|2
|choice||
|
|switch|p1a: Charmeleon|Charmeleon, L85|100\/100
|move|p2a: Nidorino|Body Slam|p1a: Charmeleon
|-damage|p1a: Charmeleon|75\/100
|-status|p1a: Charmeleon|par
|
|turn|3
|choice||
|
|move|p2a: Nidorino|Blizzard|p1a: Charmeleon|[miss]
|-miss|p2a: Nidorino
|cant|p1a: Charmeleon|par
|
|turn|4
|choice||
|
|move|p2a: Nidorino|Blizzard|p1a: Charmeleon
|-damage|p1a: Charmeleon|43\/100 par
|cant|p1a: Charmeleon|par
|
|turn|5
|choice||
|
|switch|p1a: Nidoking|Nidoking, L85|100\/100
|move|p2a: Nidorino|Blizzard|p1a: Nidoking
|-supereffective|p1a: Nidoking
|-damage|p1a: Nidoking|55\/100
|
|turn|6
|choice||
|
|move|p1a: Nidoking|Earthquake|p2a: Nidorino
|-supereffective|p2a: Nidorino
|-damage|p2a: Nidorino|0 fnt
|faint|p2a: Nidorino
|choice||
|
|switch|p2a: Articuno|Articuno, L79|100\/100
|turn|7
|choice||
|
|move|p1a: Nidoking|Thunderbolt|p2a: Articuno
|-supereffective|p2a: Articuno
|-damage|p2a: Articuno|69\/100
|move|p2a: Articuno|Ice Beam|p1a: Nidoking
|-crit|p1a: Nidoking
|-supereffective|p1a: Nidoking
|-damage|p1a: Nidoking|0 fnt
|faint|p1a: Nidoking
|choice||
|
|switch|p1a: Tauros|Tauros, L79|100\/100
|turn|8
|j|kyle8513
|choice||
|
|switch|p2a: Clefable|Clefable, L85|100\/100
|move|p1a: Tauros|Earthquake|p2a: Clefable
|-crit|p2a: Clefable
|-damage|p2a: Clefable|57\/100
|
|turn|9
|choice||
|
|move|p1a: Tauros|Earthquake|p2a: Clefable
|-damage|p2a: Clefable|36\/100
|move|p2a: Clefable|Sing|p1a: Tauros
|-status|p1a: Tauros|slp
|
|turn|10
|choice||
|
|cant|p1a: Tauros|slp
|move|p2a: Clefable|Thunder|p1a: Tauros
|-damage|p1a: Tauros|67\/100 slp
|
|turn|11
|choice||
|
|-curestatus|p1a: Tauros|slp
|move|p2a: Clefable|Thunder|p1a: Tauros
|-damage|p1a: Tauros|30\/100
|
|turn|12
|choice||
|
|move|p1a: Tauros|Blizzard|p2a: Clefable
|-damage|p2a: Clefable|19\/100
|move|p2a: Clefable|Thunder|p1a: Tauros
|-damage|p1a: Tauros|0 fnt
|faint|p1a: Tauros
|choice||
|
|switch|p1a: Charmeleon|Charmeleon, L85|43\/100 par
|turn|13
|choice||
|
|move|p2a: Clefable|Blizzard|p1a: Charmeleon
|-damage|p1a: Charmeleon|9\/100 par
|move|p1a: Charmeleon|Submission|p2a: Clefable
|-supereffective|p2a: Clefable
|-damage|p2a: Clefable|0 fnt
|-damage|p1a: Charmeleon|3\/100 par|[from] recoil|[of] p2a: Clefable
|faint|p2a: Clefable
|choice||
|
|switch|p2a: Golduck|Golduck, L85|100\/100
|turn|14
|choice||
|
|switch|p1a: Primeape|Primeape, L90|100\/100
|move|p2a: Golduck|Blizzard|p1a: Primeape
|-damage|p1a: Primeape|69\/100
|
|turn|15
|choice||
|
|move|p1a: Primeape|Submission|p2a: Golduck
|-damage|p2a: Golduck|63\/100
|-damage|p1a: Primeape|60\/100|[from] recoil|[of] p2a: Golduck
|move|p2a: Golduck|Blizzard|p1a: Primeape
|-damage|p1a: Primeape|31\/100
|
|turn|16
|choice||
|
|move|p1a: Primeape|Hyper Beam|p2a: Golduck
|-damage|p2a: Golduck|20\/100
|move|p2a: Golduck|Blizzard|p1a: Primeape
|-damage|p1a: Primeape|0 fnt
|faint|p1a: Primeape
|choice||
|
|switch|p1a: Parasect|Parasect, L90|100\/100
|turn|17
|choice||
|
|move|p2a: Golduck|Blizzard|p1a: Parasect
|-supereffective|p1a: Parasect
|-damage|p1a: Parasect|51\/100
|move|p1a: Parasect|Body Slam|p2a: Golduck
|-damage|p2a: Golduck|0 fnt
|faint|p2a: Golduck
|choice||
|
|switch|p2a: Articuno|Articuno, L79|69\/100
|turn|18
|choice||
|
|move|p2a: Articuno|Ice Beam|p1a: Parasect
|-supereffective|p1a: Parasect
|-damage|p1a: Parasect|0 fnt
|faint|p1a: Parasect
|choice||
|
|switch|p1a: Slowpoke|Slowpoke, L96|100\/100
|turn|19
|choice||
|
|move|p2a: Articuno|Ice Beam|p1a: Slowpoke
|-resisted|p1a: Slowpoke
|-damage|p1a: Slowpoke|83\/100
|move|p1a: Slowpoke|Surf|p2a: Articuno
|-damage|p2a: Articuno|48\/100
|
|turn|20
|choice||
|
|move|p2a: Articuno|Reflect|p2a: Articuno
|-start|p2a: Articuno|Reflect
|move|p1a: Slowpoke|Surf|p2a: Articuno
|-damage|p2a: Articuno|27\/100
|
|turn|21
|choice||
|
|move|p2a: Articuno|Ice Beam|p1a: Slowpoke
|-resisted|p1a: Slowpoke
|-damage|p1a: Slowpoke|63\/100
|move|p1a: Slowpoke|Surf|p2a: Articuno
|-damage|p2a: Articuno|6\/100
|
|turn|22
|choice||
|
|move|p2a: Articuno|Rest|p2a: Articuno
|-status|p2a: Articuno|slp
|-heal|p2a: Articuno|100\/100 slp|[silent]
|-status|p2a: Articuno|slp|[from] move: Rest
|move|p1a: Slowpoke|Surf|p2a: Articuno
|-damage|p2a: Articuno|77\/100 slp
|
|turn|23
|choice||
|
|cant|p2a: Articuno|slp
|move|p1a: Slowpoke|Rest|p1a: Slowpoke
|-status|p1a: Slowpoke|slp
|-heal|p1a: Slowpoke|100\/100 slp|[silent]
|-status|p1a: Slowpoke|slp|[from] move: Rest
|
|turn|24
|choice||
|
|-curestatus|p2a: Articuno|slp
|cant|p1a: Slowpoke|slp
|
|turn|25
|choice||
|
|move|p2a: Articuno|Ice Beam|p1a: Slowpoke
|-resisted|p1a: Slowpoke
|-damage|p1a: Slowpoke|81\/100 slp
|-curestatus|p1a: Slowpoke|slp
|
|turn|26
|choice||
|
|move|p2a: Articuno|Ice Beam|p1a: Slowpoke
|-crit|p1a: Slowpoke
|-resisted|p1a: Slowpoke
|-damage|p1a: Slowpoke|43\/100
|move|p1a: Slowpoke|Surf|p2a: Articuno
|-damage|p2a: Articuno|56\/100
|
|turn|27
|choice||
|
|move|p2a: Articuno|Ice Beam|p1a: Slowpoke
|-resisted|p1a: Slowpoke
|-damage|p1a: Slowpoke|25\/100
|move|p1a: Slowpoke|Rest|p1a: Slowpoke
|-status|p1a: Slowpoke|slp
|-heal|p1a: Slowpoke|100\/100 slp|[silent]
|-status|p1a: Slowpoke|slp|[from] move: Rest
|
|turn|28
|choice||
|
|move|p2a: Articuno|Ice Beam|p1a: Slowpoke
|-resisted|p1a: Slowpoke
|-damage|p1a: Slowpoke|80\/100 slp
|cant|p1a: Slowpoke|slp
|
|turn|29
|c| kyle8513|hi
|c|★TheBro7497|Sup
|-message|Fulley forfeited.
|
|win|TheBro7497
|player|p1
|player|p2
|l|Fulley
|raw|TheBro7497's rating: 1000 &rarr; <strong>1054<\/strong><br \/>(+54 for winning)
|raw|Fulley's rating: 1123 &rarr; <strong>1090<\/strong><br \/>(-33 for losing)