|join|kid gf lol
|join|IRHP
|player|p1|kid gf lol|168
|player|p2|IRHP|10
|gametype|singles
|gen|1
|tier|[Gen 1] OU (beta)
|rule|Sleep Clause Mod: Limit one foe put to sleep
|rule|Species Clause: Limit one of each Pokemon
|rule|OHKO Clause: OHKO moves are banned
|rule|Moody Clause: Moody is banned
|rule|Evasion Moves Clause: Evasion moves are banned
|rule|Endless Battle Clause: Forcing endless battles is banned.
|rule|HP Percentage Mod: HP is reported as percentages
|
|start
|switch|p1a: Freddy K|Gengar|323\/323
|switch|p2a: Alakazam|Alakazam|313\/313
|turn|1
|
|switch|p1a: Result of Incest|Exeggutor|393\/393
|move|p2a: Alakazam|Psychic|p1a: Result of Incest
|-resisted|p1a: Result of Incest
|-damage|p1a: Result of Incest|341\/393
|
|turn|2
|chat|kid gf lol|this is more of a test team
|
|move|p2a: Alakazam|Thunder Wave|p1a: Result of Incest
|-status|p1a: Result of Incest|par
|move|p1a: Result of Incest|Sleep Powder|p2a: Alakazam
|-status|p2a: Alakazam|slp
|
|turn|3
|
|cant|p2a: Alakazam|slp
|-curestatus|p2a: Alakazam|slp
|cant|p1a: Result of Incest|par
|
|turn|4
|chat|IRHP|I see
|
|switch|p2a: Gengar|Gengar|323\/323
|move|p1a: Result of Incest|Sleep Powder|p2a: Gengar
|-status|p2a: Gengar|slp
|
|turn|5
|
|cant|p2a: Gengar|slp
|cant|p1a: Result of Incest|par
|
|turn|6
|
|cant|p2a: Gengar|slp
|move|p1a: Result of Incest|Psychic|p2a: Gengar
|-supereffective|p2a: Gengar
|-damage|p2a: Gengar|117\/323 slp
|
|turn|7
|
|cant|p2a: Gengar|slp
|-curestatus|p2a: Gengar|slp
|move|p1a: Result of Incest|Psychic|p2a: Gengar
|-supereffective|p2a: Gengar
|-damage|p2a: Gengar|0 fnt
|faint|p2a: Gengar
|
|chat|IRHP|Damn confuse ray sucks
|
|switch|p2a: Alakazam|Alakazam|313\/313
|turn|8
|chat|kid gf lol|it works if also para'd
|chat|IRHP|yep
|
|move|p2a: Alakazam|Seismic Toss|p1a: Result of Incest
|-damage|p1a: Result of Incest|241\/393 par
|move|p1a: Result of Incest|Sleep Powder|p2a: Alakazam
|-status|p2a: Alakazam|slp
|
|turn|9
|chat|IRHP|be par damn
|
|switch|p2a: Exeggutor|Exeggutor|393\/393
|cant|p1a: Result of Incest|par
|
|turn|10
|
|move|p2a: Exeggutor|Double-Edge|p1a: Result of Incest
|-damage|p1a: Result of Incest|161\/393 par
|-damage|p2a: Exeggutor|373\/393|[from] recoil|[of] p1a: Result of Incest
|move|p1a: Result of Incest|Stun Spore|p2a: Exeggutor
|-status|p2a: Exeggutor|par
|
|turn|11
|
|move|p1a: Result of Incest|Explosion|p2a: Exeggutor
|-damage|p2a: Exeggutor|112\/393 par
|faint|p1a: Result of Incest
|chat|IRHP|ugh
|
|switch|p1a: Sailor|Lapras|463\/463
|turn|12
|
|switch|p2a: Slowbro|Slowbro|393\/393
|move|p1a: Sailor|Blizzard|p2a: Slowbro
|-resisted|p2a: Slowbro
|-damage|p2a: Slowbro|320\/393
|
|turn|13
|
|switch|p1a: Egg Kangaroo|Chansey|703\/703
|move|p2a: Slowbro|Thunder Wave|p1a: Egg Kangaroo
|-status|p1a: Egg Kangaroo|par
|
|turn|14
|
|move|p2a: Slowbro|Amnesia|p2a: Slowbro
|-boost|p2a: Slowbro|spd|2
|-boost|p2a: Slowbro|spa|2
|move|p1a: Egg Kangaroo|Light Screen|p1a: Egg Kangaroo
|
|turn|15
|
|move|p2a: Slowbro|Amnesia|p2a: Slowbro
|-boost|p2a: Slowbro|spd|2
|-boost|p2a: Slowbro|spa|2
|cant|p1a: Egg Kangaroo|par
|
|turn|16
|
|move|p2a: Slowbro|Amnesia|p2a: Slowbro
|-boost|p2a: Slowbro|spd|2
|-boost|p2a: Slowbro|spa|2
|move|p1a: Egg Kangaroo|Thunder Wave|p2a: Slowbro
|-status|p2a: Slowbro|par
|
|turn|17
|chat|kid gf lol|lol i have his worst nightmare, it wont work
|
|move|p1a: Egg Kangaroo|Soft-Boiled|p1a: Egg Kangaroo
|-fail|p1a: Egg Kangaroo
|move|p2a: Slowbro|Surf|p1a: Egg Kangaroo
|-damage|p1a: Egg Kangaroo|533\/703 par
|
|turn|18
|
|move|p1a: Egg Kangaroo|Soft-Boiled|p1a: Egg Kangaroo
|-heal|p1a: Egg Kangaroo|703\/703 par
|move|p2a: Slowbro|Surf|p1a: Egg Kangaroo
|-damage|p1a: Egg Kangaroo|521\/703 par
|
|turn|19
|
|move|p1a: Egg Kangaroo|Light Screen|p1a: Egg Kangaroo
|-fail|p1a: Egg Kangaroo
|cant|p2a: Slowbro|par
|
|turn|20
|
|switch|p2a: Snorlax|Snorlax|523\/523
|cant|p1a: Egg Kangaroo|par
|
|turn|21
|
|switch|p1a: Freddy K|Gengar|323\/323
|move|p2a: Snorlax|Body Slam|p1a: Freddy K
|-immune|p1a: Freddy K|[msg]
|
|turn|22
|chat|IRHP|damn it all
|
|switch|p2a: Exeggutor|Exeggutor|112\/393 par
|move|p1a: Freddy K|Thunderbolt|p2a: Exeggutor
|-resisted|p2a: Exeggutor
|-damage|p2a: Exeggutor|75\/393 par
|
|turn|23
|
|switch|p1a: Sailor|Lapras|463\/463
|move|p2a: Exeggutor|Psychic|p1a: Sailor
|-damage|p1a: Sailor|327\/463
|
|turn|24
|
|switch|p2a: Slowbro|Slowbro|320\/393 par
|move|p1a: Sailor|Blizzard|p2a: Slowbro
|-resisted|p2a: Slowbro
|-damage|p2a: Slowbro|244\/393 par
|
|turn|25
|
|move|p1a: Sailor|Confuse Ray|p2a: Slowbro
|-start|p2a: Slowbro|confusion
|-activate|p2a: Slowbro|confusion
|move|p2a: Slowbro|Rest|p2a: Slowbro
|-status|p2a: Slowbro|slp
|-heal|p2a: Slowbro|393\/393 slp|[silent]
|-status|p2a: Slowbro|slp|[from] move: Rest
|
|turn|26
|
|switch|p1a: Egg Kangaroo|Chansey|521\/703 par
|cant|p2a: Slowbro|slp
|
|turn|27
|
|switch|p2a: Exeggutor|Exeggutor|75\/393 par
|move|p1a: Egg Kangaroo|Soft-Boiled|p1a: Egg Kangaroo
|-heal|p1a: Egg Kangaroo|703\/703 par
|
|turn|28
|
|switch|p1a: He's Got A Big|Snorlax|523\/523
|move|p2a: Exeggutor|Psychic|p1a: He's Got A Big
|-crit|p1a: He's Got A Big
|-damage|p1a: He's Got A Big|197\/523
|-unboost|p1a: He's Got A Big|spd|1
|-unboost|p1a: He's Got A Big|spa|1
|
|turn|29
|chat|IRHP|nice
|chat|kid gf lol|damn it really
|
|switch|p1a: Sailor|Lapras|327\/463
|move|p2a: Exeggutor|Explosion|p1a: Sailor
|-damage|p1a: Sailor|33\/463
|faint|p2a: Exeggutor
|
|switch|p2a: Starmie|Starmie|323\/323
|turn|30
|join|Kipa1236
|
|switch|p1a: Egg Kangaroo|Chansey|703\/703 par
|move|p2a: Starmie|Thunderbolt|p1a: Egg Kangaroo
|-damage|p1a: Egg Kangaroo|625\/703 par
|
|turn|31
|
|switch|p2a: Snorlax|Snorlax|523\/523
|move|p1a: Egg Kangaroo|Thunder Wave|p2a: Snorlax
|-status|p2a: Snorlax|par
|
|turn|32
|
|move|p2a: Snorlax|Amnesia|p2a: Snorlax
|-boost|p2a: Snorlax|spd|2
|-boost|p2a: Snorlax|spa|2
|move|p1a: Egg Kangaroo|Counter|p2a: Snorlax
|-fail|p1a: Egg Kangaroo
|
|turn|33
|
|move|p2a: Snorlax|Amnesia|p2a: Snorlax
|-boost|p2a: Snorlax|spd|2
|-boost|p2a: Snorlax|spa|2
|cant|p1a: Egg Kangaroo|par
|
|turn|34
|
|move|p2a: Snorlax|Amnesia|p2a: Snorlax
|-boost|p2a: Snorlax|spd|2
|-boost|p2a: Snorlax|spa|2
|move|p1a: Egg Kangaroo|Counter|p2a: Snorlax
|-fail|p1a: Egg Kangaroo
|
|turn|35
|
|move|p2a: Snorlax|Surf|p1a: Egg Kangaroo
|-damage|p1a: Egg Kangaroo|387\/703 par
|cant|p1a: Egg Kangaroo|par
|
|turn|36
|
|move|p1a: Egg Kangaroo|Soft-Boiled|p1a: Egg Kangaroo
|-heal|p1a: Egg Kangaroo|703\/703 par
|cant|p2a: Snorlax|par
|
|turn|37
|
|switch|p1a: Freddy K|Gengar|323\/323
|cant|p2a: Snorlax|par
|
|turn|38
|
|switch|p1a: Egg Kangaroo|Chansey|703\/703 par
|cant|p2a: Snorlax|par
|
|turn|39
|
|move|p1a: Egg Kangaroo|Light Screen|p1a: Egg Kangaroo
|move|p2a: Snorlax|Body Slam|p1a: Egg Kangaroo
|-damage|p1a: Egg Kangaroo|430\/703 par
|
|turn|40
|
|move|p2a: Snorlax|Surf|p1a: Egg Kangaroo
|-damage|p1a: Egg Kangaroo|316\/703 par
|move|p1a: Egg Kangaroo|Counter|p2a: Snorlax
|-fail|p1a: Egg Kangaroo
|
|turn|41
|
|move|p1a: Egg Kangaroo|Soft-Boiled|p1a: Egg Kangaroo
|-heal|p1a: Egg Kangaroo|667\/703 par
|cant|p2a: Snorlax|par
|
|turn|42
|
|cant|p2a: Snorlax|par
|move|p1a: Egg Kangaroo|Counter|p2a: Snorlax
|-fail|p1a: Egg Kangaroo
|
|turn|43
|
|cant|p2a: Snorlax|par
|cant|p1a: Egg Kangaroo|par
|
|turn|44
|
|move|p2a: Snorlax|Surf|p1a: Egg Kangaroo
|-damage|p1a: Egg Kangaroo|563\/703 par
|move|p1a: Egg Kangaroo|Counter|p2a: Snorlax
|-fail|p1a: Egg Kangaroo
|
|turn|45
|
|move|p2a: Snorlax|Surf|p1a: Egg Kangaroo
|-damage|p1a: Egg Kangaroo|448\/703 par
|move|p1a: Egg Kangaroo|Counter|p2a: Snorlax
|-fail|p1a: Egg Kangaroo
|
|turn|46
|
|cant|p1a: Egg Kangaroo|par
|move|p2a: Snorlax|Surf|p1a: Egg Kangaroo
|-damage|p1a: Egg Kangaroo|340\/703 par
|
|turn|47
|
|move|p1a: Egg Kangaroo|Soft-Boiled|p1a: Egg Kangaroo
|-heal|p1a: Egg Kangaroo|691\/703 par
|move|p2a: Snorlax|Body Slam|p1a: Egg Kangaroo
|-damage|p1a: Egg Kangaroo|399\/703 par
|
|turn|48
|
|move|p1a: Egg Kangaroo|Soft-Boiled|p1a: Egg Kangaroo
|-heal|p1a: Egg Kangaroo|703\/703 par
|move|p2a: Snorlax|Surf|p1a: Egg Kangaroo
|-damage|p1a: Egg Kangaroo|597\/703 par
|
|turn|49
|
|move|p2a: Snorlax|Surf|p1a: Egg Kangaroo
|-damage|p1a: Egg Kangaroo|480\/703 par
|move|p1a: Egg Kangaroo|Counter|p2a: Snorlax
|-fail|p1a: Egg Kangaroo
|
|turn|50
|
|cant|p1a: Egg Kangaroo|par
|cant|p2a: Snorlax|par
|
|turn|51
|
|move|p1a: Egg Kangaroo|Soft-Boiled|p1a: Egg Kangaroo
|-heal|p1a: Egg Kangaroo|703\/703 par
|move|p2a: Snorlax|Surf|p1a: Egg Kangaroo
|-damage|p1a: Egg Kangaroo|583\/703 par
|
|turn|52
|
|move|p2a: Snorlax|Surf|p1a: Egg Kangaroo
|-damage|p1a: Egg Kangaroo|474\/703 par
|cant|p1a: Egg Kangaroo|par
|
|turn|53
|
|move|p1a: Egg Kangaroo|Soft-Boiled|p1a: Egg Kangaroo
|-heal|p1a: Egg Kangaroo|703\/703 par
|move|p2a: Snorlax|Surf|p1a: Egg Kangaroo
|-damage|p1a: Egg Kangaroo|588\/703 par
|
|turn|54
|
|move|p2a: Snorlax|Body Slam|p1a: Egg Kangaroo
|-damage|p1a: Egg Kangaroo|270\/703 par
|move|p1a: Egg Kangaroo|Counter|p2a: Snorlax
|-damage|p2a: Snorlax|0 fnt
|faint|p2a: Snorlax
|
|chat|IRHP|fuuuck
|
|switch|p2a: Starmie|Starmie|323\/323
|turn|55
|
|move|p2a: Starmie|Surf|p1a: Egg Kangaroo
|-damage|p1a: Egg Kangaroo|216\/703 par
|move|p1a: Egg Kangaroo|Soft-Boiled|p1a: Egg Kangaroo
|-heal|p1a: Egg Kangaroo|567\/703 par
|
|turn|56
|chat|IRHP|mother of god
|chat|kid gf lol|lol starmie cant do anything
|chat|IRHP|Neither can my sleepers
|chat|IRHP|Over with that counter
|chat|IRHP|Dodged it pretty goodf a while but fuck
|
|switch|p2a: Alakazam|Alakazam|313\/313 slp
|cant|p1a: Egg Kangaroo|par
|
|turn|57
|
|switch|p1a: Sailor|Lapras|33\/463
|cant|p2a: Alakazam|slp
|-curestatus|p2a: Alakazam|slp
|
|turn|58
|
|switch|p1a: Bear?|Slowbro|393\/393
|move|p2a: Alakazam|Seismic Toss|p1a: Bear?
|-damage|p1a: Bear?|293\/393
|
|turn|59
|
|move|p2a: Alakazam|Seismic Toss|p1a: Bear?
|-damage|p1a: Bear?|193\/393
|move|p1a: Bear?|Thunder Wave|p2a: Alakazam
|-status|p2a: Alakazam|par
|
|turn|60
|
|move|p1a: Bear?|Amnesia|p1a: Bear?
|-boost|p1a: Bear?|spd|2
|-boost|p1a: Bear?|spa|2
|move|p2a: Alakazam|Thunder Wave|p1a: Bear?
|-status|p1a: Bear?|par
|
|turn|61
|
|switch|p2a: Starmie|Starmie|323\/323
|move|p1a: Bear?|Rest|p1a: Bear?
|-status|p1a: Bear?|slp
|-heal|p1a: Bear?|393\/393 slp|[silent]
|-status|p1a: Bear?|slp|[from] move: Rest
|
|turn|62
|chat|IRHP|crits al day plz
|
|switch|p1a: Egg Kangaroo|Chansey|567\/703 par
|move|p2a: Starmie|Thunderbolt|p1a: Egg Kangaroo
|-damage|p1a: Egg Kangaroo|491\/703 par
|
|turn|63
|chat|kid gf lol|nty
|
|switch|p2a: Slowbro|Slowbro|393\/393 slp
|move|p1a: Egg Kangaroo|Light Screen|p1a: Egg Kangaroo
|
|turn|64
|
|switch|p1a: Sailor|Lapras|33\/463
|cant|p2a: Slowbro|slp
|-curestatus|p2a: Slowbro|slp
|
|turn|65
|chat|kid gf lol|swooooot
|
|move|p1a: Sailor|Rest|p1a: Sailor
|-status|p1a: Sailor|slp
|-heal|p1a: Sailor|463\/463 slp|[silent]
|-status|p1a: Sailor|slp|[from] move: Rest
|move|p2a: Slowbro|Thunder Wave|p1a: Sailor
|-fail|p1a: Sailor
|
|turn|66
|chat|IRHP|mother of god
|
|cant|p1a: Sailor|slp
|move|p2a: Slowbro|Amnesia|p2a: Slowbro
|-boost|p2a: Slowbro|spd|2
|-boost|p2a: Slowbro|spa|2
|
|turn|67
|
|switch|p1a: Egg Kangaroo|Chansey|491\/703 par
|move|p2a: Slowbro|Amnesia|p2a: Slowbro
|-boost|p2a: Slowbro|spd|2
|-boost|p2a: Slowbro|spa|2
|
|turn|68
|
|move|p2a: Slowbro|Surf|p1a: Egg Kangaroo
|-damage|p1a: Egg Kangaroo|195\/703 par
|cant|p1a: Egg Kangaroo|par
|
|turn|69
|
|switch|p1a: Freddy K|Gengar|323\/323
|move|p2a: Slowbro|Surf|p1a: Freddy K
|-damage|p1a: Freddy K|96\/323
|
|turn|70
|
|move|p1a: Freddy K|Hypnosis|p2a: Slowbro|[miss]
|-miss|p1a: Freddy K
|move|p2a: Slowbro|Surf|p1a: Freddy K
|-damage|p1a: Freddy K|0 fnt
|faint|p1a: Freddy K
|
|
|switch|p1a: Bear?|Slowbro|393\/393 slp
|turn|71
|
|cant|p1a: Bear?|slp
|move|p2a: Slowbro|Surf|p1a: Bear?
|-resisted|p1a: Bear?
|-damage|p1a: Bear?|231\/393 slp
|
|turn|72
|
|cant|p1a: Bear?|slp
|-curestatus|p1a: Bear?|slp
|move|p2a: Slowbro|Surf|p1a: Bear?
|-resisted|p1a: Bear?
|-damage|p1a: Bear?|62\/393
|
|turn|73
|
|move|p2a: Slowbro|Surf|p1a: Bear?
|-resisted|p1a: Bear?
|-damage|p1a: Bear?|0 fnt
|faint|p1a: Bear?
|
|
|switch|p1a: Sailor|Lapras|463\/463 slp
|turn|74
|
|cant|p1a: Sailor|slp
|-curestatus|p1a: Sailor|slp
|move|p2a: Slowbro|Surf|p1a: Sailor
|-resisted|p1a: Sailor
|-damage|p1a: Sailor|324\/463
|
|turn|75
|chat|IRHP|dat 2x resist
|
|move|p1a: Sailor|Confuse Ray|p2a: Slowbro
|-start|p2a: Slowbro|confusion
|-activate|p2a: Slowbro|confusion
|move|p2a: Slowbro|Surf|p1a: Sailor
|-crit|p1a: Sailor
|-resisted|p1a: Sailor
|-damage|p1a: Sailor|221\/463
|
|turn|76
|chat|kid gf lol|nice crit
|
|move|p1a: Sailor|Body Slam|p2a: Slowbro
|-damage|p2a: Slowbro|340\/393
|-status|p2a: Slowbro|par
|-activate|p2a: Slowbro|confusion
|-damage|p2a: Slowbro|316\/393 par|[from] confusion
|
|turn|77
|chat|IRHP|haha
|chat|IRHP|shit 
|chat|IRHP|parafusion works for you I see
|
|move|p1a: Sailor|Rest|p1a: Sailor
|-status|p1a: Sailor|slp
|-heal|p1a: Sailor|463\/463 slp|[silent]
|-status|p1a: Sailor|slp|[from] move: Rest
|-end|p2a: Slowbro|confusion
|move|p2a: Slowbro|Surf|p1a: Sailor
|-resisted|p1a: Sailor
|-damage|p1a: Sailor|311\/463 slp
|
|turn|78
|
|cant|p1a: Sailor|slp
|move|p2a: Slowbro|Surf|p1a: Sailor
|-resisted|p1a: Sailor
|-damage|p1a: Sailor|162\/463 slp
|
|turn|79
|
|cant|p1a: Sailor|slp
|-curestatus|p1a: Sailor|slp
|cant|p2a: Slowbro|par
|
|turn|80
|
|move|p1a: Sailor|Confuse Ray|p2a: Slowbro
|-start|p2a: Slowbro|confusion
|cant|p2a: Slowbro|par
|
|turn|81
|
|move|p1a: Sailor|Body Slam|p2a: Slowbro
|-damage|p2a: Slowbro|256\/393 par
|-activate|p2a: Slowbro|confusion
|-damage|p2a: Slowbro|230\/393 par|[from] confusion
|
|turn|82
|
|move|p1a: Sailor|Body Slam|p2a: Slowbro
|-damage|p2a: Slowbro|170\/393 par
|cant|p2a: Slowbro|par
|
|turn|83
|chat|IRHP|wow dude
|chat|IRHP|you kidding me?
|
|move|p1a: Sailor|Body Slam|p2a: Slowbro
|-damage|p2a: Slowbro|111\/393 par
|-activate|p2a: Slowbro|confusion
|move|p2a: Slowbro|Rest|p2a: Slowbro
|-status|p2a: Slowbro|slp
|-heal|p2a: Slowbro|393\/393 slp|[silent]
|-status|p2a: Slowbro|slp|[from] move: Rest
|
|turn|84
|
|move|p1a: Sailor|Rest|p1a: Sailor
|-status|p1a: Sailor|slp
|-heal|p1a: Sailor|463\/463 slp|[silent]
|-status|p1a: Sailor|slp|[from] move: Rest
|cant|p2a: Slowbro|slp
|
|turn|85
|
|cant|p1a: Sailor|slp
|cant|p2a: Slowbro|slp
|-curestatus|p2a: Slowbro|slp
|
|turn|86
|
|cant|p1a: Sailor|slp
|-curestatus|p1a: Sailor|slp
|-end|p2a: Slowbro|confusion
|move|p2a: Slowbro|Amnesia|p2a: Slowbro
|-boost|p2a: Slowbro|spd|2
|-boost|p2a: Slowbro|spa|2
|
|turn|87
|
|move|p1a: Sailor|Confuse Ray|p2a: Slowbro
|-start|p2a: Slowbro|confusion
|-activate|p2a: Slowbro|confusion
|move|p2a: Slowbro|Thunder Wave|p1a: Sailor
|-status|p1a: Sailor|par
|
|turn|88
|
|move|p1a: Sailor|Body Slam|p2a: Slowbro
|-crit|p2a: Slowbro
|-damage|p2a: Slowbro|277\/393
|-end|p2a: Slowbro|confusion
|move|p2a: Slowbro|Thunder Wave|p1a: Sailor
|-fail|p1a: Sailor|par
|
|turn|89
|
|move|p1a: Sailor|Confuse Ray|p2a: Slowbro
|-start|p2a: Slowbro|confusion
|-activate|p2a: Slowbro|confusion
|-damage|p2a: Slowbro|251\/393|[from] confusion
|
|turn|90
|
|move|p1a: Sailor|Body Slam|p2a: Slowbro
|-damage|p2a: Slowbro|194\/393
|-activate|p2a: Slowbro|confusion
|move|p2a: Slowbro|Rest|p2a: Slowbro
|-status|p2a: Slowbro|slp
|-heal|p2a: Slowbro|393\/393 slp|[silent]
|-status|p2a: Slowbro|slp|[from] move: Rest
|
|turn|91
|
|move|p1a: Sailor|Body Slam|p2a: Slowbro
|-damage|p2a: Slowbro|334\/393 slp
|cant|p2a: Slowbro|slp
|
|turn|92
|
|move|p1a: Sailor|Body Slam|p2a: Slowbro
|-damage|p2a: Slowbro|277\/393 slp
|cant|p2a: Slowbro|slp
|-curestatus|p2a: Slowbro|slp
|
|turn|93
|chat|kid gf lol|are you out of offensive lol?
|
|move|p1a: Sailor|Body Slam|p2a: Slowbro
|-damage|p2a: Slowbro|219\/393
|-end|p2a: Slowbro|confusion
|move|p2a: Slowbro|Rest|p2a: Slowbro
|-status|p2a: Slowbro|slp
|-heal|p2a: Slowbro|393\/393 slp|[silent]
|-status|p2a: Slowbro|slp|[from] move: Rest
|
|turn|94
|
|switch|p1a: Egg Kangaroo|Chansey|195\/703 par
|cant|p2a: Slowbro|slp
|
|turn|95
|
|move|p1a: Egg Kangaroo|Soft-Boiled|p1a: Egg Kangaroo
|-heal|p1a: Egg Kangaroo|546\/703 par
|cant|p2a: Slowbro|slp
|-curestatus|p2a: Slowbro|slp
|
|turn|96
|chat|IRHP|god
|
|move|p1a: Egg Kangaroo|Light Screen|p1a: Egg Kangaroo
|move|p2a: Slowbro|Surf|p1a: Egg Kangaroo
|-damage|p1a: Egg Kangaroo|358\/703 par
|
|turn|97
|
|move|p1a: Egg Kangaroo|Soft-Boiled|p1a: Egg Kangaroo
|-heal|p1a: Egg Kangaroo|703\/703 par
|move|p2a: Slowbro|Surf|p1a: Egg Kangaroo
|-damage|p1a: Egg Kangaroo|519\/703 par
|
|turn|98
|
|cant|p1a: Egg Kangaroo|par
|move|p2a: Slowbro|Surf|p1a: Egg Kangaroo
|-damage|p1a: Egg Kangaroo|337\/703 par
|
|turn|99
|
|cant|p1a: Egg Kangaroo|par
|move|p2a: Slowbro|Surf|p1a: Egg Kangaroo
|-damage|p1a: Egg Kangaroo|153\/703 par
|
|turn|100
|
|move|p1a: Egg Kangaroo|Soft-Boiled|p1a: Egg Kangaroo
|-heal|p1a: Egg Kangaroo|504\/703 par
|move|p2a: Slowbro|Surf|p1a: Egg Kangaroo
|-damage|p1a: Egg Kangaroo|312\/703 par
|
|turn|101
|chat|IRHP|Cmon he should go first everytime
|chat|IRHP|wtf
|
|cant|p1a: Egg Kangaroo|par
|move|p2a: Slowbro|Surf|p1a: Egg Kangaroo
|-damage|p1a: Egg Kangaroo|142\/703 par
|
|turn|102
|
|cant|p1a: Egg Kangaroo|par
|move|p2a: Slowbro|Surf|p1a: Egg Kangaroo
|-damage|p1a: Egg Kangaroo|0 fnt
|faint|p1a: Egg Kangaroo
|
|
|switch|p1a: Sailor|Lapras|463\/463 par
|turn|103
|
|move|p1a: Sailor|Confuse Ray|p2a: Slowbro
|-start|p2a: Slowbro|confusion
|-activate|p2a: Slowbro|confusion
|move|p2a: Slowbro|Thunder Wave|p1a: Sailor
|-fail|p1a: Sailor|par
|
|turn|104
|
|move|p1a: Sailor|Blizzard|p2a: Slowbro
|-resisted|p2a: Slowbro
|-damage|p2a: Slowbro|371\/393
|-status|p2a: Slowbro|frz
|cant|p2a: Slowbro|frz
|
|turn|105
|chat|IRHP|opk
|chat|kid gf lol|lol
|chat|IRHP|ok
|chat|IRHP|done
|chat|IRHP|gg
|
|switch|p2a: Alakazam|Alakazam|313\/313 par
|move|p1a: Sailor|Blizzard|p2a: Alakazam
|-damage|p2a: Alakazam|205\/313 par
|
|turn|106
|chat|IRHP|man dude
|chat|IRHP|I swear
|
|move|p2a: Alakazam|Psychic|p1a: Sailor
|-damage|p1a: Sailor|339\/463 par
|-unboost|p1a: Sailor|spd|1
|-unboost|p1a: Sailor|spa|1
|move|p1a: Sailor|Confuse Ray|p2a: Alakazam
|-start|p2a: Alakazam|confusion
|
|turn|107
|chat|IRHP|A frozen fully powered Slowbro
|chat|IRHP|And a PArafused crippled Zam
|chat|IRHP|What a team
|chat|kid gf lol|you couldnt have had many surfs at all left
|
|-activate|p2a: Alakazam|confusion
|move|p2a: Alakazam|Psychic|p1a: Sailor
|-damage|p1a: Sailor|153\/463 par
|-unboost|p1a: Sailor|spd|1
|-unboost|p1a: Sailor|spa|1
|move|p1a: Sailor|Body Slam|p2a: Alakazam
|-damage|p2a: Alakazam|108\/313 par
|
|turn|108
|chat|IRHP|I was gonna go for PP war
|
|-activate|p2a: Alakazam|confusion
|move|p2a: Alakazam|Psychic|p1a: Sailor
|-damage|p1a: Sailor|0 fnt
|faint|p1a: Sailor
|
|
|switch|p1a: He's Got A Big|Snorlax|197\/523
|turn|109
|
|move|p1a: He's Got A Big|Amnesia|p1a: He's Got A Big
|-boost|p1a: He's Got A Big|spd|2
|-boost|p1a: He's Got A Big|spa|2
|cant|p2a: Alakazam|par
|
|turn|110
|
|move|p1a: He's Got A Big|Amnesia|p1a: He's Got A Big
|-boost|p1a: He's Got A Big|spd|2
|-boost|p1a: He's Got A Big|spa|2
|-activate|p2a: Alakazam|confusion
|-damage|p2a: Alakazam|77\/313 par|[from] confusion
|
|turn|111
|
|move|p1a: He's Got A Big|Surf|p2a: Alakazam
|-damage|p2a: Alakazam|0 fnt
|faint|p2a: Alakazam
|
|chat|IRHP|Need crit badly
|chat|IRHP|God, give me one
|chat|IRHP|In exchange for that freeze
|
|switch|p2a: Starmie|Starmie|323\/323
|turn|112
|
|move|p2a: Starmie|Surf|p1a: He's Got A Big
|-crit|p1a: He's Got A Big
|-damage|p1a: He's Got A Big|0 fnt
|faint|p1a: He's Got A Big
|
|win|IRHP
|chat|kid gf lol|oh wtf
|chat|IRHP|Hank you God
|chat|IRHP|I owe you one
|leave|kid gf lol
|player|p1