|j|Damspan
|j|Pulgo Master
|player|p1|Damspan|102
|player|p2|Pulgo Master|167
|gametype|singles
|gen|1
|tier|[Gen 1] Random Battle
|rated
|seed|
|rule|Sleep Clause Mod: Limit one foe put to sleep
|rule|Freeze Clause Mod: Limit one foe frozen
|rule|HP Percentage Mod: HP is shown in percentages
|
|start
|switch|p1a: Electrode|Electrode, L90|100\/100
|switch|p2a: Magikarp|Magikarp, L99|100\/100
|turn|1
|c|★Pulgo Master|wtf with diz mannn
|c|★Pulgo Master|lol
|c|★Pulgo Master|gl hf
|c|★Damspan|i fear i gotta forfeit, karp too stronk
|c|★Pulgo Master|lol plz don
|j|FreezingCharizard
|choice||
|
|switch|p1a: Hitmonlee|Hitmonlee, L90|100\/100
|move|p2a: Magikarp|Dragon Rage|p1a: Hitmonlee
|-damage|p1a: Hitmonlee|86\/100
|
|turn|2
|j|Togekiss 2.0
|j|Gym Leader Armor
|j|Da Spam
|c| Gym Leader Armor|HAHAHAAHHAHAHAHA
|c|★Pulgo Master|go karpzillaaa
|j|GIBBERT64
|c|★Pulgo Master|yeeeeeee
|choice||
|
|switch|p1a: Butterfree|Butterfree, L90|100\/100
|move|p2a: Magikarp|Dragon Rage|p1a: Butterfree
|-damage|p1a: Butterfree|87\/100
|
|turn|3
|c|★Pulgo Master|u goin down
|j|Boygirl Next Door
|c|★Pulgo Master|splash em guuud
|c| Togekiss 2.0|lol
|choice||
|
|move|p2a: Magikarp|Dragon Rage|p1a: Butterfree
|-damage|p1a: Butterfree|73\/100
|move|p1a: Butterfree|Sleep Powder|p2a: Magikarp
|-status|p2a: Magikarp|slp
|
|turn|4
|l|Boygirl Next Door
|c|★Damspan|*~*
|c|★Pulgo Master|shiiiittt
|j|gt853
|c|★Pulgo Master|how dare
|c|★Pulgo Master|u
|c|★Damspan|i better forfeit :x
|choice||
|
|cant|p2a: Magikarp|slp
|move|p1a: Butterfree|Psychic|p2a: Magikarp
|-damage|p2a: Magikarp|53\/100 slp
|
|turn|5
|c|★Pulgo Master|well da game conpensated by giving me 2 legendaries
|l|gt853
|c|★Pulgo Master|fuuuck
|choice||
|
|cant|p2a: Magikarp|slp
|move|p1a: Butterfree|Psychic|p2a: Magikarp
|-damage|p2a: Magikarp|5\/100 slp
|-unboost|p2a: Magikarp|spd|1
|-unboost|p2a: Magikarp|spa|1
|
|turn|6
|c|★Pulgo Master|go karp goooo
|choice||
|
|cant|p2a: Magikarp|slp
|move|p1a: Butterfree|Psychic|p2a: Magikarp
|-damage|p2a: Magikarp|0 fnt
|faint|p2a: Magikarp
|j|a loser online
|c| a loser online|oh shit
|c|★Pulgo Master|nuuuuu
|c| a loser online|all old school
|choice||
|
|switch|p2a: Gengar|Gengar, L79|100\/100
|turn|7
|choice||
|
|move|p2a: Gengar|Hypnosis|p1a: Butterfree
|-status|p1a: Butterfree|slp
|cant|p1a: Butterfree|slp
|
|turn|8
|c|★Pulgo Master|ye
|c|★Pulgo Master|ye
|c|★Pulgo Master|ye
|c|★Pulgo Master|avenge karp ma lor
|c|★Pulgo Master|d
|choice||
|
|move|p2a: Gengar|Thunderbolt|p1a: Butterfree
|-supereffective|p1a: Butterfree
|-damage|p1a: Butterfree|23\/100 slp
|cant|p1a: Butterfree|slp
|
|turn|9
|choice||
|
|move|p2a: Gengar|Thunderbolt|p1a: Butterfree
|-supereffective|p1a: Butterfree
|-damage|p1a: Butterfree|0 fnt
|faint|p1a: Butterfree
|c|★Pulgo Master|4 karp ta
|choice||
|
|switch|p1a: Magmar|Magmar, L90|100\/100
|turn|10
|c|★Pulgo Master|da da dan da da dan da da da da da dan
|choice||
|
|move|p1a: Magmar|Fire Blast|p2a: Gengar
|-damage|p2a: Gengar|57\/100
|-status|p2a: Gengar|brn
|move|p2a: Gengar|Hypnosis|p1a: Magmar|[miss]
|-miss|p2a: Gengar
|-damage|p2a: Gengar|51\/100 brn|[from] brn|[of] p1a: Magmar
|
|turn|11
|c|★Pulgo Master|shiieeeeet
|c|★Pulgo Master|wtf
|c|★Damspan|burn baby burn
|choice||
|
|move|p1a: Magmar|Confuse Ray|p2a: Gengar
|-start|p2a: Gengar|confusion
|-activate|p2a: Gengar|confusion
|move|p2a: Gengar|Hypnosis|p1a: Magmar|[miss]
|-miss|p2a: Gengar
|-damage|p2a: Gengar|44\/100 brn|[from] brn|[of] p1a: Magmar
|
|turn|12
|c|★Pulgo Master|nah men
|c|★Pulgo Master|I better roasy
|c|★Pulgo Master|fuuuu
|c|★Damspan|cant touch zhi
|c|★Pulgo Master|lol
|choice||
|
|switch|p1a: Electrode|Electrode, L90|100\/100
|-activate|p2a: Gengar|confusion
|-damage|p2a: Gengar|39\/100 brn|[from] confusion
|-damage|p2a: Gengar|32\/100 brn|[from] brn|[of] p1a: Electrode
|
|turn|13
|c|★Pulgo Master|magmar looks pimp as hell
|choice||
|
|move|p1a: Electrode|Thunder|p2a: Gengar|[miss]
|-miss|p1a: Electrode
|-end|p2a: Gengar|confusion
|move|p2a: Gengar|Hypnosis|p1a: Electrode
|-status|p1a: Electrode|slp
|-damage|p2a: Gengar|26\/100 brn|[from] brn|[of] p1a: Electrode
|
|turn|14
|c|★Pulgo Master|yesssss
|c|★Pulgo Master|bby
|c|★Pulgo Master|suck a diccckkstick
|c|★Pulgo Master|lol
|c|★Pulgo Master|jk
|c| Gym Leader Armor|lmao
|choice||
|
|cant|p1a: Electrode|slp
|move|p2a: Gengar|Explosion|p1a: Electrode
|-damage|p1a: Electrode|69\/100 slp
|faint|p2a: Gengar
|c|★Pulgo Master|gooooooo
|c|★Damspan|keep rollin
|c|★Pulgo Master|yaz
|c|★Pulgo Master|worth
|c| Gym Leader Armor|shoulda named it "DA BOMB"
|c|★Pulgo Master|lol
|c| Gym Leader Armor|or
|c|★Pulgo Master|well I got 1 mo bomb
|c| Gym Leader Armor|hate to say this
|choice||
|
|switch|p2a: Snorlax|Snorlax, L79|100\/100
|turn|15
|c| Gym Leader Armor|ALLAHU ACKBAR
|c|★Pulgo Master|lol
|c| Gym Leader Armor|sorry
|c| a loser online|ALLAHU SNACKBAR
|choice||
|
|cant|p1a: Electrode|slp
|move|p2a: Snorlax|Amnesia|p2a: Snorlax
|-boost|p2a: Snorlax|spd|2
|-boost|p2a: Snorlax|spa|2
|
|turn|16
|c| Gym Leader Armor|LMDAO
|c| Gym Leader Armor|LMFAO
|choice||
|
|cant|p1a: Electrode|slp
|move|p2a: Snorlax|Ice Beam|p1a: Electrode
|-damage|p1a: Electrode|36\/100 slp
|
|turn|17
|c|★Pulgo Master|lmfo
|c|★Damspan|wake up how can a ball sleep
|choice||
|
|-curestatus|p1a: Electrode|slp
|move|p2a: Snorlax|Amnesia|p2a: Snorlax
|-boost|p2a: Snorlax|spd|2
|-boost|p2a: Snorlax|spa|2
|
|turn|18
|c|★Pulgo Master|hehehe
|c|★Pulgo Master|how cuz
|c|★Pulgo Master|diz nuts
|choice||
|
|move|p1a: Electrode|Explosion|p2a: Snorlax
|-damage|p2a: Snorlax|43\/100
|faint|p1a: Electrode
|c|★Pulgo Master|shiiiieet
|c| Gym Leader Armor|nice 11 year old response
|choice||
|
|switch|p1a: Graveler|Graveler, L85|100\/100
|turn|19
|c|★Pulgo Master|lol
|c|★Pulgo Master|gat eeemm
|c|★Damspan|some terrorists here
|choice||
|
|move|p1a: Graveler|Rock Slide|p2a: Snorlax
|-damage|p2a: Snorlax|19\/100
|move|p2a: Snorlax|Ice Beam|p1a: Graveler
|-supereffective|p1a: Graveler
|-damage|p1a: Graveler|0 fnt
|faint|p1a: Graveler
|c| Gym Leader Armor|eh
|c|★Pulgo Master|hehehe
|c| Gym Leader Armor|just had to say it lel
|c|★Pulgo Master|Ima snor on yo lax
|c|★Damspan|couldnt blow ;8
|c| Gym Leader Armor|watch him whip out Mewtwo
|choice||
|
|switch|p1a: Weezing|Weezing, L90|100\/100
|turn|20
|c|★Damspan|next
|c|★Pulgo Master|nah
|c|★Pulgo Master|men he weezing
|choice||
|
|move|p1a: Weezing|Explosion|p2a: Snorlax
|-damage|p2a: Snorlax|0 fnt
|faint|p2a: Snorlax
|faint|p1a: Weezing
|c| Gym Leader Armor|he has a chance
|c|★Pulgo Master|wtf....?!?!?
|c| Gym Leader Armor|depending on what 2 legends Pulgo got
|c|★Damspan|i had a epic kakuna magikarp battle before
|c|★Pulgo Master|dude I had a chance from da start I got chansey and I got guess who
|c|★Pulgo Master|anotha karp
|c| Gym Leader Armor|Mewtwo?
|c| Gym Leader Armor|oh wow lol
|c| Gym Leader Armor|fo real?
|c|★Pulgo Master|oh ma fuggin go
|c|★Pulgo Master|d
|c|★Pulgo Master|jk
|c|★Pulgo Master|lol
|c| Gym Leader Armor|lel
|c|★Pulgo Master|uno and doz
|c|★Pulgo Master|articuno and zapdos
|choice||
|
|switch|p1a: Magmar|Magmar, L90|100\/100
|switch|p2a: Chansey|Chansey, L79|100\/100
|turn|21
|c| Gym Leader Armor|I know...
|choice||
|
|move|p1a: Magmar|Confuse Ray|p2a: Chansey
|-start|p2a: Chansey|confusion
|-activate|p2a: Chansey|confusion
|-damage|p2a: Chansey|95\/100|[from] confusion
|
|turn|22
|c|★Pulgo Master|bby u chansey up ma world like no chansey else
|choice||
|
|move|p1a: Magmar|Fire Blast|p2a: Chansey|[miss]
|-miss|p1a: Magmar
|-activate|p2a: Chansey|confusion
|-damage|p2a: Chansey|90\/100|[from] confusion
|
|turn|23
|c|★Pulgo Master|yazzz
|c|★Pulgo Master|fuuu
|choice||
|
|move|p1a: Magmar|Fire Blast|p2a: Chansey
|-damage|p2a: Chansey|67\/100
|-activate|p2a: Chansey|confusion
|move|p2a: Chansey|Reflect|p2a: Chansey
|-start|p2a: Chansey|Reflect
|
|turn|24
|c| Gym Leader Armor|hah
|choice||
|
|move|p1a: Magmar|Fire Blast|p2a: Chansey
|-damage|p2a: Chansey|44\/100
|-end|p2a: Chansey|confusion
|move|p2a: Chansey|Soft-Boiled|p2a: Chansey
|-heal|p2a: Chansey|94\/100
|
|turn|25
|c|★Pulgo Master|hehehehe
|choice||
|
|move|p1a: Magmar|Confuse Ray|p2a: Chansey
|-start|p2a: Chansey|confusion
|-activate|p2a: Chansey|confusion
|move|p2a: Chansey|Thunderbolt|p1a: Magmar
|-damage|p1a: Magmar|81\/100
|
|turn|26
|c|★Pulgo Master|shieeee
|c|★Pulgo Master|yaz
|c|★Pulgo Master|par bby par
|choice||
|
|move|p1a: Magmar|Fire Blast|p2a: Chansey
|-crit|p2a: Chansey
|-damage|p2a: Chansey|53\/100
|-activate|p2a: Chansey|confusion
|-damage|p2a: Chansey|48\/100|[from] confusion
|
|turn|27
|c|★Pulgo Master|aren't I stunning
|c| Gym Leader Armor|flood inc
|choice||
|
|move|p1a: Magmar|Fire Blast|p2a: Chansey
|-damage|p2a: Chansey|25\/100
|-status|p2a: Chansey|brn
|-activate|p2a: Chansey|confusion
|-damage|p2a: Chansey|22\/100 brn|[from] confusion
|-damage|p2a: Chansey|16\/100 brn|[from] brn
|
|turn|28
|c|★Pulgo Master|lol
|c|★Pulgo Master|shiet
|c|★Pulgo Master|wtd
|c|★Pulgo Master|f
|c|★Damspan|:)
|choice||
|
|move|p1a: Magmar|Hyper Beam|p2a: Chansey
|-crit|p2a: Chansey
|-damage|p2a: Chansey|0 fnt
|faint|p2a: Chansey
|c|★Pulgo Master|WMDs WMDs WMDs WMDs
|c| Gym Leader Armor|HAX GOD'S I CALL UPON YOUUUUUUU
|choice||
|
|switch|p2a: Zapdos|Zapdos, L79|100\/100
|turn|29
|choice||
|
|move|p1a: Magmar|Confuse Ray|p2a: Zapdos
|-start|p2a: Zapdos|confusion
|-activate|p2a: Zapdos|confusion
|move|p2a: Zapdos|Thunder Wave|p1a: Magmar
|-status|p1a: Magmar|par
|
|turn|30
|c|★Pulgo Master|I did it fo u
|c|★Pulgo Master|bby
|c|★Pulgo Master|hax doz is heeere
|choice||
|
|-activate|p2a: Zapdos|confusion
|-damage|p2a: Zapdos|91\/100|[from] confusion
|move|p1a: Magmar|Fire Blast|p2a: Zapdos
|-crit|p2a: Zapdos
|-damage|p2a: Zapdos|15\/100
|
|turn|31
|c|★Pulgo Master|shiet
|choice||
|
|-activate|p2a: Zapdos|confusion
|move|p2a: Zapdos|Drill Peck|p1a: Magmar
|-damage|p1a: Magmar|52\/100 par
|cant|p1a: Magmar|par
|
|turn|32
|c| Gym Leader Armor|well
|c| Gym Leader Armor|that was folly
|c|★Pulgo Master|doz crits u gettin op
|choice||
|
|-activate|p2a: Zapdos|confusion
|move|p2a: Zapdos|Thunderbolt|p1a: Magmar
|-damage|p1a: Magmar|17\/100 par
|move|p1a: Magmar|Hyper Beam|p2a: Zapdos
|-crit|p2a: Zapdos
|-damage|p2a: Zapdos|0 fnt
|faint|p2a: Zapdos
|c|★Pulgo Master|yazz
|c|★Damspan|ignore the paralysis u shitface
|choice||
|
|switch|p2a: Articuno|Articuno, L79|100\/100
|turn|33
|c|★Damspan|yus!
|choice||
|
|move|p2a: Articuno|Ice Beam|p1a: Magmar
|-crit|p1a: Magmar
|-damage|p1a: Magmar|0 fnt
|faint|p1a: Magmar
|c|★Pulgo Master|faak
|c|★Pulgo Master|omg
|c|★Pulgo Master|yes
|choice||
|
|switch|p1a: Hitmonlee|Hitmonlee, L90|86\/100
|turn|34
|c|★Pulgo Master|gg
|l|a loser online
|c| Gym Leader Armor|stone edge lmao
|c|★Pulgo Master|no
|choice||
|
|move|p2a: Articuno|Reflect|p2a: Articuno
|-start|p2a: Articuno|Reflect
|move|p1a: Hitmonlee|Counter|p2a: Articuno
|-fail|p1a: Hitmonlee
|
|turn|35
|c|★Pulgo Master|plz don summon it
|c|★Pulgo Master|hehehehe
|choice||
|
|move|p1a: Hitmonlee|Mimic|p2a: Articuno
|-start|p1a: Hitmonlee|Mimic|Reflect
|move|p2a: Articuno|Mimic|p1a: Hitmonlee
|-start|p2a: Articuno|Mimic|Counter
|
|turn|36
|l|Gym Leader Armor
|c|★Damspan|lol
|c|★Pulgo Master|lol
|choice||
|
|move|p1a: Hitmonlee|Seismic Toss|p2a: Articuno
|-damage|p2a: Articuno|71\/100
|move|p2a: Articuno|Ice Beam|p1a: Hitmonlee
|-crit|p1a: Hitmonlee
|-damage|p1a: Hitmonlee|0 fnt
|faint|p1a: Hitmonlee
|
|win|Pulgo Master
|player|p1
|player|p2
|raw|Damspan's rating: 1089 &rarr; <strong>1062<\/strong><br \/>(-27 for losing)
|raw|Pulgo Master's rating: 1028 &rarr; <strong>1070<\/strong><br \/>(+42 for winning)
|c|★Pulgo Master|yazzzz
|l|GIBBERT64
|c|★Pulgo Master|gg
|c|★Damspan|instant replay
|c|★Pulgo Master|karp 4 da win
|c|★Pulgo Master|ye