|j|wwender
|j|m11
|player|p1|wwender|15
|player|p2|m11|80
|gametype|singles
|gen|1
|tier|[Gen 1] Random Battle
|rated
|seed|
|rule|Sleep Clause Mod: Limit one foe put to sleep
|rule|Freeze Clause Mod: Limit one foe frozen
|rule|HP Percentage Mod: HP is shown in percentages
|
|start
|switch|p1a: Clefairy|Clefairy, L95|100\/100
|switch|p2a: Hitmonchan|Hitmonchan, L90|100\/100
|turn|1
|choice||
|
|move|p2a: Hitmonchan|Submission|p1a: Clefairy
|-supereffective|p1a: Clefairy
|-damage|p1a: Clefairy|28\/100
|-damage|p2a: Hitmonchan|79\/100|[from] recoil|[of] p1a: Clefairy
|move|p1a: Clefairy|Sing|p2a: Hitmonchan
|-status|p2a: Hitmonchan|slp
|
|turn|2
|choice||
|
|-curestatus|p2a: Hitmonchan|slp
|move|p1a: Clefairy|Blizzard|p2a: Hitmonchan|[miss]
|-miss|p1a: Clefairy
|
|turn|3
|choice||
|
|switch|p1a: Gengar|Gengar, L79|100\/100
|move|p2a: Hitmonchan|Submission|p1a: Gengar
|-immune|p1a: Gengar|[msg]
|
|turn|4
|c|★m11|its trap
|choice||
|
|switch|p2a: Aerodactyl|Aerodactyl, L90|100\/100
|move|p1a: Gengar|Psychic|p2a: Aerodactyl
|-damage|p2a: Aerodactyl|76\/100
|
|turn|5
|choice||
|
|move|p2a: Aerodactyl|Sky Attack|p1a: Gengar|[still]
|-prepare|p2a: Aerodactyl|Sky Attack|p1a: Gengar
|move|p1a: Gengar|Hypnosis|p2a: Aerodactyl
|-status|p2a: Aerodactyl|slp
|
|turn|6
|choice||
|
|cant|p2a: Aerodactyl|slp
|move|p1a: Gengar|Mega Drain|p2a: Aerodactyl
|-crit|p2a: Aerodactyl
|-damage|p2a: Aerodactyl|53\/100 slp
|
|turn|7
|choice||
|
|cant|p2a: Aerodactyl|slp
|move|p1a: Gengar|Psychic|p2a: Aerodactyl
|-damage|p2a: Aerodactyl|29\/100 slp
|-unboost|p2a: Aerodactyl|spd|1
|-unboost|p2a: Aerodactyl|spa|1
|
|turn|8
|choice||
|
|-curestatus|p2a: Aerodactyl|slp
|move|p1a: Gengar|Psychic|p2a: Aerodactyl
|-damage|p2a: Aerodactyl|0 fnt
|faint|p2a: Aerodactyl
|choice||
|
|switch|p2a: Rhydon|Rhydon, L79|100\/100
|turn|9
|choice||
|
|move|p1a: Gengar|Mega Drain|p2a: Rhydon
|-crit|p2a: Rhydon
|-supereffective|p2a: Rhydon
|-damage|p2a: Rhydon|0 fnt
|faint|p2a: Rhydon
|choice||
|
|switch|p2a: Hypno|Hypno, L85|100\/100
|turn|10
|choice||
|
|move|p1a: Gengar|Hypnosis|p2a: Hypno|[miss]
|-miss|p1a: Gengar
|move|p2a: Hypno|Psychic|p1a: Gengar
|-supereffective|p1a: Gengar
|-damage|p1a: Gengar|28\/100
|-unboost|p1a: Gengar|spd|1
|-unboost|p1a: Gengar|spa|1
|
|turn|11
|choice||
|
|move|p1a: Gengar|Hypnosis|p2a: Hypno|[miss]
|-miss|p1a: Gengar
|move|p2a: Hypno|Psychic|p1a: Gengar
|-supereffective|p1a: Gengar
|-damage|p1a: Gengar|0 fnt
|faint|p1a: Gengar
|choice||
|
|switch|p1a: Dragonite|Dragonite, L85|100\/100
|turn|12
|choice||
|
|move|p1a: Dragonite|Surf|p2a: Hypno
|-damage|p2a: Hypno|81\/100
|move|p2a: Hypno|Hypnosis|p1a: Dragonite|[miss]
|-miss|p2a: Hypno
|
|turn|13
|choice||
|
|switch|p1a: Clefairy|Clefairy, L95|28\/100
|move|p2a: Hypno|Hypnosis|p1a: Clefairy
|-status|p1a: Clefairy|slp
|
|turn|14
|choice||
|
|switch|p1a: Hypno|Hypno, L85|100\/100
|move|p2a: Hypno|Psychic|p1a: Hypno
|-resisted|p1a: Hypno
|-damage|p1a: Hypno|87\/100
|
|turn|15
|choice||
|
|move|p1a: Hypno|Hypnosis|p2a: Hypno|[miss]
|-miss|p1a: Hypno
|move|p2a: Hypno|Hypnosis|p1a: Hypno
|-message|Sleep Clause Mod activated.
|
|turn|16
|choice||
|
|switch|p2a: Chansey|Chansey, L79|100\/100
|move|p1a: Hypno|Hypnosis|p2a: Chansey|[miss]
|-miss|p1a: Hypno
|
|turn|17
|choice||
|
|move|p1a: Hypno|Hypnosis|p2a: Chansey|[miss]
|-miss|p1a: Hypno
|move|p2a: Chansey|Thunder Wave|p1a: Hypno
|-status|p1a: Hypno|par
|
|turn|18
|choice||
|
|move|p2a: Chansey|Thunderbolt|p1a: Hypno
|-damage|p1a: Hypno|71\/100 par
|move|p1a: Hypno|Hypnosis|p2a: Chansey|[miss]
|-miss|p1a: Hypno
|
|turn|19
|choice||
|
|move|p2a: Chansey|Thunderbolt|p1a: Hypno
|-damage|p1a: Hypno|53\/100 par
|move|p1a: Hypno|Hypnosis|p2a: Chansey|[miss]
|-miss|p1a: Hypno
|
|turn|20
|choice||
|
|move|p2a: Chansey|Thunderbolt|p1a: Hypno
|-damage|p1a: Hypno|37\/100 par
|cant|p1a: Hypno|par
|
|turn|21
|choice||
|
|move|p2a: Chansey|Thunderbolt|p1a: Hypno
|-damage|p1a: Hypno|21\/100 par
|cant|p1a: Hypno|par
|
|turn|22
|choice||
|
|move|p2a: Chansey|Thunderbolt|p1a: Hypno
|-damage|p1a: Hypno|5\/100 par
|cant|p1a: Hypno|par
|
|turn|23
|choice||
|
|move|p2a: Chansey|Thunderbolt|p1a: Hypno
|-damage|p1a: Hypno|0 fnt
|faint|p1a: Hypno
|choice||
|
|switch|p1a: Charizard|Charizard, L85|100\/100
|turn|24
|choice||
|
|move|p1a: Charizard|Swords Dance|p1a: Charizard
|-boost|p1a: Charizard|atk|2
|move|p2a: Chansey|Thunder Wave|p1a: Charizard
|-status|p1a: Charizard|par
|
|turn|25
|choice||
|
|move|p2a: Chansey|Thunderbolt|p1a: Charizard
|-crit|p1a: Charizard
|-supereffective|p1a: Charizard
|-damage|p1a: Charizard|19\/100 par
|move|p1a: Charizard|Body Slam|p2a: Chansey
|-damage|p2a: Chansey|50\/100
|
|turn|26
|choice||
|
|move|p2a: Chansey|Thunderbolt|p1a: Charizard
|-supereffective|p1a: Charizard
|-damage|p1a: Charizard|0 fnt
|faint|p1a: Charizard
|choice||
|
|switch|p1a: Dragonite|Dragonite, L85|100\/100
|turn|27
|choice||
|
|move|p1a: Dragonite|Thunderbolt|p2a: Chansey
|-damage|p2a: Chansey|37\/100
|move|p2a: Chansey|Thunder Wave|p1a: Dragonite
|-status|p1a: Dragonite|par
|
|turn|28
|choice||
|
|move|p2a: Chansey|Soft-Boiled|p2a: Chansey
|-heal|p2a: Chansey|87\/100
|move|p1a: Dragonite|Surf|p2a: Chansey
|-damage|p2a: Chansey|74\/100
|
|turn|29
|choice||
|
|move|p2a: Chansey|Thunderbolt|p1a: Dragonite
|-damage|p1a: Dragonite|84\/100 par
|move|p1a: Dragonite|Thunderbolt|p2a: Chansey
|-damage|p2a: Chansey|62\/100
|
|turn|30
|choice||
|
|move|p2a: Chansey|Thunderbolt|p1a: Dragonite
|-damage|p1a: Dragonite|67\/100 par
|move|p1a: Dragonite|Thunderbolt|p2a: Chansey
|-damage|p2a: Chansey|51\/100
|
|turn|31
|choice||
|
|move|p2a: Chansey|Thunderbolt|p1a: Dragonite
|-damage|p1a: Dragonite|51\/100 par
|move|p1a: Dragonite|Substitute|p1a: Dragonite
|-start|p1a: Dragonite|Substitute
|-damage|p1a: Dragonite|26\/100 par
|
|turn|32
|choice||
|
|move|p2a: Chansey|Thunderbolt|p1a: Dragonite
|-activate|p1a: Dragonite|Substitute|[damage]
|move|p1a: Dragonite|Thunderbolt|p2a: Chansey
|-damage|p2a: Chansey|40\/100
|
|turn|33
|choice||
|
|move|p2a: Chansey|Thunderbolt|p1a: Dragonite
|-end|p1a: Dragonite|Substitute
|move|p1a: Dragonite|Agility|p1a: Dragonite
|-boost|p1a: Dragonite|spe|2
|
|turn|34
|choice||
|
|cant|p1a: Dragonite|par
|move|p2a: Chansey|Thunderbolt|p1a: Dragonite
|-damage|p1a: Dragonite|8\/100 par
|
|turn|35
|choice||
|
|move|p1a: Dragonite|Thunderbolt|p2a: Chansey
|-damage|p2a: Chansey|28\/100
|move|p2a: Chansey|Thunderbolt|p1a: Dragonite
|-damage|p1a: Dragonite|0 fnt
|faint|p1a: Dragonite
|choice||
|
|switch|p1a: Kingler|Kingler, L85|100\/100
|turn|36
|choice||
|
|move|p1a: Kingler|Crabhammer|p2a: Chansey
|-crit|p2a: Chansey
|-damage|p2a: Chansey|4\/100
|move|p2a: Chansey|Thunder Wave|p1a: Kingler
|-status|p1a: Kingler|par
|
|turn|37
|choice||
|
|move|p2a: Chansey|Thunderbolt|p1a: Kingler
|-crit|p1a: Kingler
|-supereffective|p1a: Kingler
|-damage|p1a: Kingler|0 fnt
|faint|p1a: Kingler
|choice||
|
|switch|p1a: Clefairy|Clefairy, L95|28\/100 slp
|turn|38
|choice||
|
|cant|p1a: Clefairy|slp
|move|p2a: Chansey|Thunderbolt|p1a: Clefairy
|-damage|p1a: Clefairy|8\/100 slp
|
|turn|39
|choice||
|
|cant|p1a: Clefairy|slp
|move|p2a: Chansey|Thunderbolt|p1a: Clefairy
|-damage|p1a: Clefairy|0 fnt
|faint|p1a: Clefairy
|
|win|m11
|player|p1
|player|p2
|raw|wwender's rating: 1193 &rarr; <strong>1158<\/strong><br \/>(-35 for losing)
|raw|m11's rating: 1031 &rarr; <strong>1082<\/strong><br \/>(+51 for winning)
|c|★m11|gg
|l|wwender