|join|XianJu
|join|Jamdoc3
|player|p1|XianJu|130
|player|p2|Jamdoc3|170
|gametype|singles
|gen|1
|tier|[Gen 1] Random Battle
|rated
|seed|10901,5504,18615,20108
|rule|Sleep Clause Mod: Limit one foe put to sleep
|rule|Freeze Clause Mod: Limit one foe frozen
|rule|HP Percentage Mod: HP is shown in percentages
|
|start
|switch|p1a: Mankey|Mankey, L96|272\/272
|switch|p2a: Nidoran-M|Nidoran-M, L96|283\/283
|turn|1
|choice|move 3|move 1
|
|move|p1a: Mankey|Mega Kick|p2a: Nidoran-M
|-damage|p2a: Nidoran-M|146\/283
|move|p2a: Nidoran-M|Substitute|p2a: Nidoran-M
|-start|p2a: Nidoran-M|Substitute
|-damage|p2a: Nidoran-M|76\/283
|
|turn|2
|choice|move 4|move 4
|
|move|p1a: Mankey|Body Slam|p2a: Nidoran-M
|-end|p2a: Nidoran-M|Substitute
|move|p2a: Nidoran-M|Body Slam|p1a: Mankey
|-damage|p1a: Mankey|185\/272
|-status|p1a: Mankey|par
|
|turn|3
|choice|move 4|move 2
|
|move|p2a: Nidoran-M|Double-Edge|p1a: Mankey
|-damage|p1a: Mankey|97\/272 par
|-damage|p2a: Nidoran-M|54\/283|[from] recoil|[of] p1a: Mankey
|cant|p1a: Mankey|par
|
|turn|4
|choice|move 4|move 2
|
|move|p2a: Nidoran-M|Double-Edge|p1a: Mankey
|-damage|p1a: Mankey|0 fnt
|-damage|p2a: Nidoran-M|30\/283|[from] recoil|[of] p1a: Mankey
|faint|p1a: Mankey
|choice|switch 4|
|
|switch|p1a: Hypno|Hypno, L85|318\/318
|turn|5
|choice|move 1|move 3
|
|move|p1a: Hypno|Psychic|p2a: Nidoran-M
|-supereffective|p2a: Nidoran-M
|-damage|p2a: Nidoran-M|0 fnt
|faint|p2a: Nidoran-M
|choice||switch 2
|
|switch|p2a: Parasect|Parasect, L90|291\/291
|turn|6
|choice|move 3|move 3
|
|move|p1a: Hypno|Hypnosis|p2a: Parasect
|-status|p2a: Parasect|slp
|cant|p2a: Parasect|slp
|
|turn|7
|choice|switch 3|move 3
|
|switch|p1a: Growlithe|Growlithe, L96|300\/300
|cant|p2a: Parasect|slp
|
|turn|8
|choice|move 2|switch 5
|
|switch|p2a: Aerodactyl|Aerodactyl, L90|327\/327
|move|p1a: Growlithe|Reflect|p1a: Growlithe
|-start|p1a: Growlithe|Reflect
|
|turn|9
|choice|move 4|move 3
|
|move|p2a: Aerodactyl|Reflect|p2a: Aerodactyl
|-start|p2a: Aerodactyl|Reflect
|move|p1a: Growlithe|Fire Blast|p2a: Aerodactyl
|-resisted|p2a: Aerodactyl
|-damage|p2a: Aerodactyl|266\/327
|
|turn|10
|choice|move 4|move 1
|
|move|p2a: Aerodactyl|Double-Edge|p1a: Growlithe
|-damage|p1a: Growlithe|247\/300
|-damage|p2a: Aerodactyl|253\/327|[from] recoil|[of] p1a: Growlithe
|move|p1a: Growlithe|Fire Blast|p2a: Aerodactyl
|-resisted|p2a: Aerodactyl
|-damage|p2a: Aerodactyl|185\/327
|
|turn|11
|choice|move 4|move 2
|
|move|p2a: Aerodactyl|Hyper Beam|p1a: Growlithe
|-damage|p1a: Growlithe|162\/300
|move|p1a: Growlithe|Fire Blast|p2a: Aerodactyl
|-resisted|p2a: Aerodactyl
|-damage|p2a: Aerodactyl|119\/327
|
|turn|12
|-mustrecharge|p2a: Aerodactyl
|-mustrecharge|p2a: Aerodactyl
|choice|move 4|move 1
|
|cant|p2a: Aerodactyl|recharge
|move|p1a: Growlithe|Fire Blast|p2a: Aerodactyl
|-resisted|p2a: Aerodactyl
|-damage|p2a: Aerodactyl|58\/327
|
|turn|13
|choice|move 4|move 4
|
|move|p2a: Aerodactyl|Sky Attack|p1a: Growlithe|[still]
|-prepare|p2a: Aerodactyl|Sky Attack|p1a: Growlithe
|move|p1a: Growlithe|Fire Blast|p2a: Aerodactyl
|-resisted|p2a: Aerodactyl
|-damage|p2a: Aerodactyl|0 fnt
|faint|p2a: Aerodactyl
|choice||switch 4
|
|switch|p2a: Raticate|Raticate, L85|267\/267
|turn|14
|choice|move 4|move 4
|
|move|p2a: Raticate|Bubble Beam|p1a: Growlithe|[miss]
|-miss|p2a: Raticate
|move|p1a: Growlithe|Fire Blast|p2a: Raticate
|-damage|p2a: Raticate|108\/267
|
|turn|15
|choice|move 4|move 4
|
|move|p2a: Raticate|Bubble Beam|p1a: Growlithe
|-supereffective|p1a: Growlithe
|-damage|p1a: Growlithe|77\/300
|move|p1a: Growlithe|Fire Blast|p2a: Raticate
|-crit|p2a: Raticate
|-damage|p2a: Raticate|0 fnt
|faint|p2a: Raticate
|choice||switch 3
|
|switch|p2a: Arcanine|Arcanine, L85|327\/327
|turn|16
|choice|move 3|move 2
|
|move|p2a: Arcanine|Reflect|p2a: Arcanine
|-start|p2a: Arcanine|Reflect
|move|p1a: Growlithe|Body Slam|p2a: Arcanine
|-damage|p2a: Arcanine|295\/327
|-status|p2a: Arcanine|par
|
|turn|17
|choice|move 1|move 4
|
|move|p1a: Growlithe|Mimic|p2a: Arcanine
|-start|p1a: Growlithe|Mimic|Hyper Beam
|move|p2a: Arcanine|Hyper Beam|p1a: Growlithe
|-crit|p1a: Growlithe
|-damage|p1a: Growlithe|0 fnt
|faint|p1a: Growlithe
|choice|switch 5|
|
|switch|p1a: Golbat|Golbat, L90|318\/318
|turn|18
|choice|move 1|switch 5
|
|switch|p2a: Parasect|Parasect, L90|291\/291 slp
|move|p1a: Golbat|Confuse Ray|p2a: Parasect
|-start|p2a: Parasect|confusion
|
|turn|19
|choice|switch 2|move 3
|
|switch|p1a: Pidgeot|Pidgeot, L90|333\/333
|cant|p2a: Parasect|slp
|
|turn|20
|choice|move 4|switch 5
|
|switch|p2a: Arcanine|Arcanine, L85|295\/327 par
|move|p1a: Pidgeot|Mimic|p2a: Arcanine
|-start|p1a: Pidgeot|Mimic|Fire Blast
|
|turn|21
|choice|move 1|move 2
|
|move|p1a: Pidgeot|Double-Edge|p2a: Arcanine
|-damage|p2a: Arcanine|191\/327 par
|-damage|p1a: Pidgeot|307\/333|[from] recoil|[of] p2a: Arcanine
|move|p2a: Arcanine|Reflect|p2a: Arcanine
|-start|p2a: Arcanine|Reflect
|
|turn|22
|choice|move 1|move 3
|
|move|p1a: Pidgeot|Double-Edge|p2a: Arcanine
|-crit|p2a: Arcanine
|-damage|p2a: Arcanine|0 fnt
|-damage|p1a: Pidgeot|260\/333|[from] recoil|[of] p2a: Arcanine
|faint|p2a: Arcanine
|choice||switch 6
|
|switch|p2a: Mewtwo|Mewtwo, L70|293\/293
|turn|23
|choice|move 4|move 4
|
|move|p1a: Pidgeot|Fire Blast|p2a: Mewtwo
|-crit|p2a: Mewtwo
|-damage|p2a: Mewtwo|163\/293
|move|p2a: Mewtwo|Barrier|p2a: Mewtwo
|-boost|p2a: Mewtwo|def|2
|
|turn|24
|choice|move 4|move 3
|
|move|p2a: Mewtwo|Blizzard|p1a: Pidgeot|[miss]
|-miss|p2a: Mewtwo
|move|p1a: Pidgeot|Fire Blast|p2a: Mewtwo
|-damage|p2a: Mewtwo|104\/293
|
|turn|25
|choice|move 4|move 3
|
|move|p2a: Mewtwo|Blizzard|p1a: Pidgeot
|-supereffective|p1a: Pidgeot
|-damage|p1a: Pidgeot|90\/333
|-status|p1a: Pidgeot|frz
|cant|p1a: Pidgeot|frz
|
|turn|26
|choice|move 4|switch 5
|
|switch|p2a: Parasect|Parasect, L90|291\/291 slp
|cant|p1a: Pidgeot|frz
|
|turn|27
|choice|switch 6|move 3
|
|switch|p1a: Magneton|Magneton, L90|273\/273
|cant|p2a: Parasect|slp
|
|turn|28
|choice|move 3|move 3
|
|move|p1a: Magneton|Mimic|p2a: Parasect
|-start|p1a: Magneton|Mimic|Slash
|cant|p2a: Parasect|slp
|
|turn|29
|choice|move 3|move 3
|
|move|p1a: Magneton|Slash|p2a: Parasect
|-crit|p2a: Parasect
|-damage|p2a: Parasect|213\/291 slp
|-curestatus|p2a: Parasect|slp
|
|turn|30
|choice|move 2|move 3
|
|move|p1a: Magneton|Thunder Wave|p2a: Parasect
|-status|p2a: Parasect|par
|move|p2a: Parasect|Stun Spore|p1a: Magneton
|-status|p1a: Magneton|par
|
|turn|31
|choice|move 3|move 4
|
|move|p1a: Magneton|Slash|p2a: Parasect
|-crit|p2a: Parasect
|-damage|p2a: Parasect|127\/291 par
|move|p2a: Parasect|Double-Edge|p1a: Magneton
|-damage|p1a: Magneton|198\/273 par
|-damage|p2a: Parasect|109\/291 par|[from] recoil|[of] p1a: Magneton
|
|turn|32
|choice|move 3|move 2
|
|move|p1a: Magneton|Slash|p2a: Parasect
|-crit|p2a: Parasect
|-damage|p2a: Parasect|27\/291 par
|cant|p2a: Parasect|par
|
|turn|33
|choice|move 1|move 2
|
|move|p1a: Magneton|Thunderbolt|p2a: Parasect
|-resisted|p2a: Parasect
|-damage|p2a: Parasect|0 fnt
|faint|p2a: Parasect
|raw|<div class="broadcast-red"><b>The server is restarting soon.<\/b><br \/>Please finish your battles quickly. No new battles can be started until the server resets in a few minutes.<\/div>
|raw|<div class="broadcast-red"><b>Moderated chat was set to +!<\/b><br \/>Only users of rank + and higher can talk.<\/div>
|raw|<div class="broadcast-blue"><b>Maintenance restart<\/b><\/div>
|choice||switch 5
|
|switch|p2a: Mewtwo|Mewtwo, L70|104\/293
|turn|34
|choice|move 1|move 1
|
|move|p2a: Mewtwo|Psychic|p1a: Magneton
|-damage|p1a: Magneton|122\/273 par
|-unboost|p1a: Magneton|spd|1
|-unboost|p1a: Magneton|spa|1
|move|p1a: Magneton|Thunderbolt|p2a: Mewtwo
|-damage|p2a: Mewtwo|30\/293
|
|turn|35
|choice|move 1|move 1
|
|move|p2a: Mewtwo|Psychic|p1a: Magneton
|-crit|p1a: Magneton
|-damage|p1a: Magneton|0 fnt
|faint|p1a: Magneton
|-message|Jamdoc3 forfeited.
|
|win|XianJu
|leave|Jamdoc3
|player|p2