|j|Beds
|j|Riote
|player|p1|Beds|252
|player|p2|Riote|263
|gametype|singles
|gen|1
|tier|[Gen 1] OU
|rated
|seed|11107,63117,35461,9978
|rule|Sleep Clause Mod: Limit one foe put to sleep
|rule|Freeze Clause Mod: Limit one foe frozen
|rule|Species Clause: Limit one of each Pokémon
|rule|OHKO Clause: OHKO moves are banned
|rule|Evasion Moves Clause: Evasion moves are banned
|rule|HP Percentage Mod: HP is shown in percentages
|
|start
|switch|p1a: Starmie|Starmie|323\/323
|switch|p2a: Exeggutor|Exeggutor|393\/393
|turn|1
|choice|move 2|move 1
|
|move|p1a: Starmie|Blizzard|p2a: Exeggutor
|-supereffective|p2a: Exeggutor
|-damage|p2a: Exeggutor|230\/393
|move|p2a: Exeggutor|Sleep Powder|p1a: Starmie
|-status|p1a: Starmie|slp
|
|turn|2
|choice|switch 2|move 4
|
|switch|p1a: Exeggutor|Exeggutor|393\/393
|move|p2a: Exeggutor|Double-Edge|p1a: Exeggutor
|-damage|p1a: Exeggutor|315\/393
|-damage|p2a: Exeggutor|211\/393|[from] recoil|[of] p1a: Exeggutor
|
|turn|3
|choice|switch 2|move 4
|
|switch|p1a: Starmie|Starmie|323\/323 slp
|move|p2a: Exeggutor|Double-Edge|p1a: Starmie
|-damage|p1a: Starmie|235\/323 slp
|-damage|p2a: Exeggutor|189\/393|[from] recoil|[of] p1a: Starmie
|
|turn|4
|choice|switch 2|move 4
|
|switch|p1a: Exeggutor|Exeggutor|315\/393
|move|p2a: Exeggutor|Double-Edge|p1a: Exeggutor
|-damage|p1a: Exeggutor|232\/393
|-damage|p2a: Exeggutor|169\/393|[from] recoil|[of] p1a: Exeggutor
|
|turn|5
|choice|move 1|move 3
|
|move|p1a: Exeggutor|Sleep Powder|p2a: Exeggutor|[miss]
|-miss|p1a: Exeggutor
|move|p2a: Exeggutor|Explosion|p1a: Exeggutor
|-damage|p1a: Exeggutor|0 fnt
|faint|p1a: Exeggutor
|faint|p2a: Exeggutor
|choice|switch 3|switch 6
|
|switch|p2a: Alakazam|Alakazam|313\/313
|switch|p1a: Chansey|Chansey|703\/703
|turn|6
|choice|move 1|move 3
|
|move|p2a: Alakazam|Thunder Wave|p1a: Chansey
|-status|p1a: Chansey|par
|cant|p1a: Chansey|par
|
|turn|7
|choice|move 1|move 4
|
|move|p2a: Alakazam|Seismic Toss|p1a: Chansey
|-damage|p1a: Chansey|603\/703 par
|move|p1a: Chansey|Thunder Wave|p2a: Alakazam
|-status|p2a: Alakazam|par
|
|turn|8
|choice|switch 5|switch 3
|
|switch|p2a: Pinsir|Pinsir|333\/333
|switch|p1a: Snorlax|Snorlax|523\/523
|
|turn|9
|choice|move 1|move 4
|
|move|p2a: Pinsir|Submission|p1a: Snorlax
|-supereffective|p1a: Snorlax
|-damage|p1a: Snorlax|342\/523
|-damage|p2a: Pinsir|288\/333|[from] recoil|[of] p1a: Snorlax
|move|p1a: Snorlax|Body Slam|p2a: Pinsir
|-damage|p2a: Pinsir|182\/333
|-status|p2a: Pinsir|par
|
|turn|10
|choice|move 1|move 1
|
|move|p1a: Snorlax|Body Slam|p2a: Pinsir
|-damage|p2a: Pinsir|83\/333 par
|move|p2a: Pinsir|Swords Dance|p2a: Pinsir
|-boost|p2a: Pinsir|atk|2
|
|turn|11
|choice|move 1|move 4
|
|move|p1a: Snorlax|Body Slam|p2a: Pinsir
|-damage|p2a: Pinsir|0 fnt
|faint|p2a: Pinsir
|choice||switch 5
|
|switch|p2a: Cloyster|Cloyster|303\/303
|turn|12
|choice|move 1|move 3
|
|move|p2a: Cloyster|Clamp|p1a: Snorlax
|-damage|p1a: Snorlax|296\/523
|-activate|p1a: Snorlax|move: Clamp|[of] p2a: Cloyster
|cant|p1a: Snorlax|partiallytrapped
|
|turn|13
|choice|switch 6|move 3
|
|switch|p1a: Slowbro|Slowbro|393\/393
|move|p2a: Cloyster|Clamp|p1a: Slowbro
|-resisted|p1a: Slowbro
|-damage|p1a: Slowbro|372\/393
|-activate|p1a: Slowbro|move: Clamp|[of] p2a: Cloyster
|
|turn|14
|choice|move 1|move 3
|
|move|p2a: Cloyster|Clamp|p1a: Slowbro
|-damage|p1a: Slowbro|351\/393
|cant|p1a: Slowbro|partiallytrapped
|
|-end|p1a: Slowbro|Clamp|[partiallytrapped]
|turn|15
|choice|move 1|move 2
|
|move|p2a: Cloyster|Blizzard|p1a: Slowbro
|-resisted|p1a: Slowbro
|-damage|p1a: Slowbro|280\/393
|move|p1a: Slowbro|Thunder Wave|p2a: Cloyster
|-status|p2a: Cloyster|par
|
|turn|16
|choice|move 3|move 1
|
|move|p1a: Slowbro|Surf|p2a: Cloyster
|-resisted|p2a: Cloyster
|-damage|p2a: Cloyster|251\/303 par
|cant|p2a: Cloyster|par
|
|turn|17
|choice|switch 2|move 1
|
|switch|p1a: Starmie|Starmie|235\/323 slp
|cant|p2a: Cloyster|par
|
|turn|18
|choice|move 3|move 1
|
|cant|p1a: Starmie|slp
|cant|p2a: Cloyster|par
|
|turn|19
|choice|move 3|move 1
|
|-curestatus|p1a: Starmie|slp
|move|p2a: Cloyster|Explosion|p1a: Starmie
|-damage|p1a: Starmie|0 fnt
|faint|p1a: Starmie
|faint|p2a: Cloyster
|choice|switch 6|switch 3
|
|switch|p1a: Snorlax|Snorlax|296\/523
|switch|p2a: Alakazam|Alakazam|313\/313 par
|turn|20
|choice|move 1|move 3
|
|move|p1a: Snorlax|Body Slam|p2a: Alakazam
|-crit|p2a: Alakazam
|-damage|p2a: Alakazam|0 fnt
|faint|p2a: Alakazam
|choice||switch 2
|
|switch|p2a: Golduck|Golduck|363\/363
|turn|21
|choice|move 1|move 1
|
|move|p2a: Golduck|Amnesia|p2a: Golduck
|-boost|p2a: Golduck|spd|2
|-boost|p2a: Golduck|spa|2
|move|p1a: Snorlax|Body Slam|p2a: Golduck
|-damage|p2a: Golduck|247\/363
|
|turn|22
|choice|move 1|move 3
|
|move|p2a: Golduck|Surf|p1a: Snorlax
|-damage|p1a: Snorlax|55\/523
|move|p1a: Snorlax|Body Slam|p2a: Golduck
|-damage|p2a: Golduck|125\/363
|
|turn|23
|choice|move 1|move 3
|
|move|p2a: Golduck|Surf|p1a: Snorlax
|-damage|p1a: Snorlax|0 fnt
|faint|p1a: Snorlax
|choice|switch 4|
|
|switch|p1a: Tauros|Tauros|353\/353
|turn|24
|choice|move 4|move 3
|
|move|p1a: Tauros|Hyper Beam|p2a: Golduck|[miss]
|-miss|p1a: Tauros
|move|p2a: Golduck|Surf|p1a: Tauros
|-crit|p1a: Tauros
|-damage|p1a: Tauros|122\/353
|
|turn|25
|choice|move 4|move 3
|
|move|p1a: Tauros|Hyper Beam|p2a: Golduck
|-crit|p2a: Golduck
|-damage|p2a: Golduck|0 fnt
|faint|p2a: Golduck
|choice||switch 4
|
|switch|p2a: Snorlax|Snorlax|523\/523
|turn|26
|choice|move 4|move 3
|
|move|p1a: Tauros|Hyper Beam|p2a: Snorlax
|-damage|p2a: Snorlax|303\/523
|move|p2a: Snorlax|Earthquake|p1a: Tauros
|-damage|p1a: Tauros|36\/353
|
|turn|27
|-mustrecharge|p1a: Tauros
|-mustrecharge|p1a: Tauros
|choice|move 1|move 3
|
|cant|p1a: Tauros|recharge
|move|p2a: Snorlax|Earthquake|p1a: Tauros
|-damage|p1a: Tauros|0 fnt
|faint|p1a: Tauros
|choice|switch 5|
|
|switch|p1a: Chansey|Chansey|603\/703 par
|turn|28
|choice|move 1|move 1
|
|move|p2a: Snorlax|Body Slam|p1a: Chansey|[miss]
|-miss|p2a: Snorlax
|cant|p1a: Chansey|par
|
|turn|29
|choice|move 1|move 1
|
|move|p2a: Snorlax|Body Slam|p1a: Chansey
|-crit|p1a: Chansey
|-damage|p1a: Chansey|31\/703 par
|move|p1a: Chansey|Thunder Wave|p2a: Snorlax
|-status|p2a: Snorlax|par
|
|turn|30
|choice|move 2|move 1
|
|cant|p1a: Chansey|par
|move|p2a: Snorlax|Body Slam|p1a: Chansey
|-crit|p1a: Chansey
|-damage|p1a: Chansey|0 fnt
|faint|p1a: Chansey
|choice|switch 2|
|
|switch|p1a: Slowbro|Slowbro|280\/393
|turn|31
|choice|move 3|move 4
|
|move|p1a: Slowbro|Surf|p2a: Snorlax
|-damage|p2a: Snorlax|184\/523 par
|move|p2a: Snorlax|Self-Destruct|p1a: Slowbro
|-damage|p1a: Slowbro|0 fnt
|faint|p1a: Slowbro
|faint|p2a: Snorlax
|
|win|Riote
|raw|Beds's rating: 1152 &rarr; <strong>1116<\/strong><br \/>(-36 for losing)
|raw|Riote's rating: 1000 &rarr; <strong>1056<\/strong><br \/>(+56 for winning)
|c|★Riote|gg
|l|Beds
|player|p1