|join|Zorage
|join|Mister Jhonny
|player|p1|Zorage|166
|player|p2|Mister Jhonny|290
|gametype|singles
|gen|1
|tier|[Gen 1] Random Battle
|rule|Sleep Clause Mod: Limit one foe put to sleep
|rule|Freeze Clause Mod: Limit one foe frozen
|rule|HP Percentage Mod: HP is shown in percentages
|
|start
|switch|p1a: Graveler|Graveler, L85|267\/267
|switch|p2a: Nidoqueen|Nidoqueen, L85|327\/327
|turn|1
|
|move|p2a: Nidoqueen|Earthquake|p1a: Graveler
|-supereffective|p1a: Graveler
|-damage|p1a: Graveler|100\/267
|move|p1a: Graveler|Earthquake|p2a: Nidoqueen
|-supereffective|p2a: Nidoqueen
|-damage|p2a: Nidoqueen|104\/327
|
|turn|2
|
|move|p2a: Nidoqueen|Earthquake|p1a: Graveler
|-supereffective|p1a: Graveler
|-damage|p1a: Graveler|0 fnt
|faint|p1a: Graveler
|join|Natural Talent
|c|★Mister Jhonny|k chulo este modo de combate
|
|switch|p1a: Gengar|Gengar, L79|257\/257
|turn|3
|
|move|p1a: Gengar|Psychic|p2a: Nidoqueen
|-supereffective|p2a: Nidoqueen
|-damage|p2a: Nidoqueen|0 fnt
|faint|p2a: Nidoqueen
|
|switch|p2a: Rhydon|Rhydon, L79|328\/328
|turn|4
|
|move|p1a: Gengar|Hypnosis|p2a: Rhydon
|-status|p2a: Rhydon|slp
|cant|p2a: Rhydon|slp
|
|turn|5
|
|switch|p1a: Snorlax|Snorlax, L79|415\/415
|cant|p2a: Rhydon|slp
|
|turn|6
|
|cant|p2a: Rhydon|slp
|move|p1a: Snorlax|Surf|p2a: Rhydon
|-supereffective|p2a: Rhydon
|-damage|p2a: Rhydon|63\/328 slp
|
|turn|7
|
|cant|p2a: Rhydon|slp
|move|p1a: Snorlax|Amnesia|p1a: Snorlax
|-boost|p1a: Snorlax|spd|2
|-boost|p1a: Snorlax|spa|2
|
|turn|8
|
|cant|p2a: Rhydon|slp
|move|p1a: Snorlax|Surf|p2a: Rhydon
|-supereffective|p2a: Rhydon
|-damage|p2a: Rhydon|0 fnt
|faint|p2a: Rhydon
|join|papermore
|
|switch|p2a: Wigglytuff|Wigglytuff, L90|435\/435
|turn|9
|
|move|p2a: Wigglytuff|Thunder Wave|p1a: Snorlax|[miss]
|-miss|p2a: Wigglytuff
|move|p1a: Snorlax|Blizzard|p2a: Wigglytuff
|-damage|p2a: Wigglytuff|284\/435
|
|turn|10
|c|★Zorage|oooh 256
|
|move|p2a: Wigglytuff|Sing|p1a: Snorlax
|-status|p1a: Snorlax|slp
|cant|p1a: Snorlax|slp
|
|turn|11
|
|move|p2a: Wigglytuff|Hyper Beam|p1a: Snorlax|[miss]
|-miss|p2a: Wigglytuff
|cant|p1a: Snorlax|slp
|
|turn|12
|c|★Mister Jhonny|se supone k es 1 gen el hada no estaba
|
|move|p2a: Wigglytuff|Hyper Beam|p1a: Snorlax
|-damage|p1a: Snorlax|215\/415 slp
|cant|p1a: Snorlax|slp
|
|turn|13
|-mustrecharge|p2a: Wigglytuff
|-mustrecharge|p2a: Wigglytuff
|
|switch|p1a: Gengar|Gengar, L79|257\/257
|cant|p2a: Wigglytuff|recharge
|
|turn|14
|
|move|p1a: Gengar|Hypnosis|p2a: Wigglytuff
|-status|p2a: Wigglytuff|slp
|cant|p2a: Wigglytuff|slp
|
|turn|15
|
|switch|p1a: Machamp|Machamp, L90|345\/345
|cant|p2a: Wigglytuff|slp
|
|turn|16
|
|switch|p2a: Grimer|Grimer, L96|348\/348
|move|p1a: Machamp|Body Slam|p2a: Grimer
|-damage|p2a: Grimer|253\/348
|
|turn|17
|
|move|p1a: Machamp|Earthquake|p2a: Grimer
|-supereffective|p2a: Grimer
|-damage|p2a: Grimer|0 fnt
|faint|p2a: Grimer
|
|switch|p2a: Seadra|Seadra, L90|282\/282
|turn|18
|
|move|p2a: Seadra|Hydro Pump|p1a: Machamp|[miss]
|-miss|p2a: Seadra
|move|p1a: Machamp|Body Slam|p2a: Seadra
|-damage|p2a: Seadra|208\/282
|
|turn|19
|
|move|p2a: Seadra|Surf|p1a: Machamp
|-damage|p1a: Machamp|210\/345
|move|p1a: Machamp|Body Slam|p2a: Seadra
|-damage|p2a: Seadra|128\/282
|-status|p2a: Seadra|par
|
|turn|20
|
|move|p1a: Machamp|Hyper Beam|p2a: Seadra
|-damage|p2a: Seadra|0 fnt
|faint|p2a: Seadra
|
|switch|p2a: Pinsir|Pinsir, L85|284\/284
|turn|21
|
|move|p2a: Pinsir|Body Slam|p1a: Machamp
|-damage|p1a: Machamp|142\/345
|-status|p1a: Machamp|par
|move|p1a: Machamp|Rock Slide|p2a: Pinsir
|-supereffective|p2a: Pinsir
|-damage|p2a: Pinsir|136\/284
|
|turn|22
|
|move|p2a: Pinsir|Body Slam|p1a: Machamp
|-damage|p1a: Machamp|73\/345 par
|move|p1a: Machamp|Rock Slide|p2a: Pinsir
|-supereffective|p2a: Pinsir
|-damage|p2a: Pinsir|8\/284
|
|turn|23
|
|move|p2a: Pinsir|Body Slam|p1a: Machamp
|-damage|p1a: Machamp|2\/345 par
|cant|p1a: Machamp|par
|
|turn|24
|
|move|p2a: Pinsir|Body Slam|p1a: Machamp
|-damage|p1a: Machamp|0 fnt
|faint|p1a: Machamp
|
|switch|p1a: Pikachu|Pikachu, L96|262\/262
|turn|25
|
|move|p1a: Pikachu|Surf|p2a: Pinsir
|-damage|p2a: Pinsir|0 fnt
|faint|p2a: Pinsir
|
|switch|p2a: Wigglytuff|Wigglytuff, L90|284\/435 slp
|turn|26
|
|move|p1a: Pikachu|Surf|p2a: Wigglytuff
|-damage|p2a: Wigglytuff|213\/435 slp
|cant|p2a: Wigglytuff|slp
|
|turn|27
|
|move|p1a: Pikachu|Surf|p2a: Wigglytuff
|-damage|p2a: Wigglytuff|139\/435 slp
|cant|p2a: Wigglytuff|slp
|
|turn|28
|
|move|p1a: Pikachu|Thunder|p2a: Wigglytuff
|-damage|p2a: Wigglytuff|6\/435 slp
|-curestatus|p2a: Wigglytuff|slp
|
|turn|29
|
|move|p1a: Pikachu|Surf|p2a: Wigglytuff
|-damage|p2a: Wigglytuff|0 fnt
|faint|p2a: Wigglytuff
|
|win|Zorage
|leave|Mister Jhonny
|player|p2
|c|★Zorage|Too many misses
|leave|Natural Talent
|leave|papermore