|join|Inside MY ASS
|join|andrewandres
|player|p1|Inside MY ASS|21
|player|p2|andrewandres|1
|gametype|singles
|gen|1
|tier|[Gen 1] Random Battle
|rated
|rule|Sleep Clause Mod: Limit one foe put to sleep
|rule|Freeze Clause Mod: Limit one foe frozen
|rule|HP Percentage Mod: HP is shown in percentages
|
|start
|switch|p1a: Articuno|Articuno, L85|327\/327
|switch|p2a: Ninetales|Ninetales, L85|298\/298
|turn|1
|c|★andrewandres|jajaja
|c|★andrewandres|good nickl
|c|★andrewandres|xD
|
|switch|p1a: Horsea|Horsea, L96|252\/252
|move|p2a: Ninetales|Fire Blast|p1a: Horsea
|-crit|p1a: Horsea
|-resisted|p1a: Horsea
|-damage|p1a: Horsea|127\/252
|
|turn|2
|c|★Inside MY ASS|oof
|c|★Inside MY ASS|hes stuck
|c|★Inside MY ASS|inside
|
|switch|p2a: Hitmonlee|Hitmonlee, L85|259\/259
|move|p1a: Horsea|Hydro Pump|p2a: Hitmonlee
|-damage|p2a: Hitmonlee|38\/259
|
|turn|3
|c|★Inside MY ASS|get him off
|
|move|p2a: Hitmonlee|High Jump Kick|p1a: Horsea
|-crit|p1a: Horsea
|-damage|p1a: Horsea|0 fnt
|faint|p1a: Horsea
|
|switch|p1a: Venomoth|Venomoth, L85|293\/293
|turn|4
|
|move|p1a: Venomoth|Psychic|p2a: Hitmonlee
|-crit|p2a: Hitmonlee
|-supereffective|p2a: Hitmonlee
|-damage|p2a: Hitmonlee|0 fnt
|faint|p2a: Hitmonlee
|
|switch|p2a: Ninetales|Ninetales, L85|298\/298
|turn|5
|
|move|p2a: Ninetales|Fire Blast|p1a: Venomoth
|-supereffective|p1a: Venomoth
|-damage|p1a: Venomoth|36\/293
|move|p1a: Venomoth|Sleep Powder|p2a: Ninetales
|-status|p2a: Ninetales|slp
|
|turn|6
|
|switch|p2a: Ivysaur|Ivysaur, L85|276\/276
|switch|p1a: Hitmonchan|Hitmonchan, L85|259\/259
|
|turn|7
|
|move|p1a: Hitmonchan|Body Slam|p2a: Ivysaur
|-damage|p2a: Ivysaur|192\/276
|move|p2a: Ivysaur|Razor Leaf|p1a: Hitmonchan
|-crit|p1a: Hitmonchan
|-damage|p1a: Hitmonchan|95\/259
|
|turn|8
|
|switch|p1a: Zapdos|Zapdos, L79|304\/304
|move|p2a: Ivysaur|Razor Leaf|p1a: Zapdos
|-crit|p1a: Zapdos
|-resisted|p1a: Zapdos
|-damage|p1a: Zapdos|258\/304
|
|turn|9
|c|★Inside MY ASS|out
|c|★Inside MY ASS|of my ass
|
|move|p1a: Zapdos|Drill Peck|p2a: Ivysaur
|-supereffective|p2a: Ivysaur
|-damage|p2a: Ivysaur|19\/276
|move|p2a: Ivysaur|Razor Leaf|p1a: Zapdos
|-crit|p1a: Zapdos
|-resisted|p1a: Zapdos
|-damage|p1a: Zapdos|213\/304
|
|turn|10
|
|move|p1a: Zapdos|Drill Peck|p2a: Ivysaur
|-crit|p2a: Ivysaur
|-supereffective|p2a: Ivysaur
|-damage|p2a: Ivysaur|0 fnt
|faint|p2a: Ivysaur
|
|switch|p2a: Tangela|Tangela, L85|284\/284
|turn|11
|
|switch|p1a: Hitmonchan|Hitmonchan, L85|95\/259
|move|p2a: Tangela|Stun Spore|p1a: Hitmonchan
|-status|p1a: Hitmonchan|par
|
|turn|12
|
|move|p2a: Tangela|Swords Dance|p2a: Tangela
|-boost|p2a: Tangela|atk|2
|move|p1a: Hitmonchan|Seismic Toss|p2a: Tangela
|-damage|p2a: Tangela|199\/284
|
|turn|13
|
|move|p2a: Tangela|Hyper Beam|p1a: Hitmonchan
|-damage|p1a: Hitmonchan|0 fnt
|faint|p1a: Hitmonchan
|
|switch|p1a: Articuno|Articuno, L85|327\/327
|turn|14
|
|move|p1a: Articuno|Blizzard|p2a: Tangela
|-crit|p2a: Tangela
|-supereffective|p2a: Tangela
|-damage|p2a: Tangela|0 fnt
|faint|p2a: Tangela
|c|★Inside MY ASS|oh yeah
|c|★Inside MY ASS|its in
|
|switch|p2a: Poliwrath|Poliwrath, L85|327\/327
|turn|15
|
|switch|p1a: Zapdos|Zapdos, L79|213\/304
|move|p2a: Poliwrath|Amnesia|p2a: Poliwrath
|-boost|p2a: Poliwrath|spd|2
|-boost|p2a: Poliwrath|spa|2
|
|turn|16
|
|move|p1a: Zapdos|Thunderbolt|p2a: Poliwrath
|-supereffective|p2a: Poliwrath
|-damage|p2a: Poliwrath|208\/327
|move|p2a: Poliwrath|Blizzard|p1a: Zapdos
|-crit|p1a: Zapdos
|-supereffective|p1a: Zapdos
|-damage|p1a: Zapdos|0 fnt
|faint|p1a: Zapdos
|
|switch|p1a: Mew|Mew, L74|300\/300
|turn|17
|
|move|p1a: Mew|Explosion|p2a: Poliwrath
|-damage|p2a: Poliwrath|38\/327
|faint|p1a: Mew
|
|switch|p1a: Venomoth|Venomoth, L85|36\/293
|turn|18
|
|move|p1a: Venomoth|Psychic|p2a: Poliwrath
|-supereffective|p2a: Poliwrath
|-damage|p2a: Poliwrath|0 fnt
|faint|p2a: Poliwrath
|c|★Inside MY ASS|roar!!!!
|
|switch|p2a: Zapdos|Zapdos, L79|304\/304
|turn|19
|c|★Inside MY ASS|OH SHIT!
|
|move|p1a: Venomoth|Stun Spore|p2a: Zapdos
|-status|p2a: Zapdos|par
|move|p2a: Zapdos|Thunderbolt|p1a: Venomoth
|-damage|p1a: Venomoth|0 fnt
|faint|p1a: Venomoth
|
|switch|p1a: Articuno|Articuno, L85|327\/327
|turn|20
|
|move|p1a: Articuno|Blizzard|p2a: Zapdos
|-supereffective|p2a: Zapdos
|-damage|p2a: Zapdos|45\/304 par
|move|p2a: Zapdos|Thunder Wave|p1a: Articuno
|-status|p1a: Articuno|par
|
|turn|21
|c|★Inside MY ASS|remember
|c|★Inside MY ASS|the name
|
|cant|p2a: Zapdos|par
|move|p1a: Articuno|Ice Beam|p2a: Zapdos
|-supereffective|p2a: Zapdos
|-damage|p2a: Zapdos|0 fnt
|faint|p2a: Zapdos
|c|★andrewandres|stupid lucker..
|
|switch|p2a: Ninetales|Ninetales, L85|298\/298 slp
|turn|22
|c|★Inside MY ASS|dont blame luck
|c|★Inside MY ASS|balme my ass
|
|cant|p2a: Ninetales|slp
|move|p1a: Articuno|Blizzard|p2a: Ninetales
|-damage|p2a: Ninetales|160\/298 slp
|
|turn|23
|
|cant|p2a: Ninetales|slp
|-curestatus|p2a: Ninetales|slp
|move|p1a: Articuno|Blizzard|p2a: Ninetales
|-crit|p2a: Ninetales
|-damage|p2a: Ninetales|0 fnt
|faint|p2a: Ninetales
|
|win|Inside MY ASS
|raw|Ladder updating...
|c|★Inside MY ASS|lol
|c|★Inside MY ASS|noob
|raw|Inside MY ASS's rating: 1162 &rarr; <strong>1197<\/strong><br \/>(+35 for winning)
|raw|andrewandres's rating: 1307 &rarr; <strong>1279<\/strong><br \/>(-28 for losing)
|c|★Inside MY ASS|gg
|c|★andrewandres|gg stupid lucker?
|c|★andrewandres|jajajajajaj
|leave|andrewandres
|c|★Inside MY ASS|goat guy
|player|p2