|j|TommyWantWingy
|j|TenjyVGC
|player|p1|TommyWantWingy|170
|player|p2|TenjyVGC|101
|gametype|singles
|gen|1
|tier|[Gen 1] OU
|rated
|seed|47998,2448,44917,25831
|rule|Sleep Clause Mod: Limit one foe put to sleep
|rule|Freeze Clause Mod: Limit one foe frozen
|rule|Species Clause: Limit one of each Pokémon
|rule|OHKO Clause: OHKO moves are banned
|rule|Evasion Moves Clause: Evasion moves are banned
|rule|HP Percentage Mod: HP is shown in percentages
|
|start
|switch|p1a: Jynx|Jynx|333\/333
|switch|p2a: Alakazam|Alakazam|313\/313
|turn|1
|choice|move 2|move 3
|
|move|p2a: Alakazam|Thunder Wave|p1a: Jynx
|-status|p1a: Jynx|par
|move|p1a: Jynx|Lovely Kiss|p2a: Alakazam
|-status|p2a: Alakazam|slp
|
|turn|2
|choice|switch 6|switch 3
|
|switch|p2a: Slowbro|Slowbro|393\/393
|switch|p1a: Tauros|Tauros|353\/353
|
|turn|3
|choice|move 3|switch 4
|
|switch|p2a: Rhydon|Rhydon|413\/413
|move|p1a: Tauros|Hyper Beam|p2a: Rhydon
|-resisted|p2a: Rhydon
|-damage|p2a: Rhydon|337\/413
|
|turn|4
|-mustrecharge|p1a: Tauros
|-mustrecharge|p1a: Tauros
|choice|move 1|move 1
|
|cant|p1a: Tauros|recharge
|move|p2a: Rhydon|Earthquake|p1a: Tauros
|-damage|p1a: Tauros|216\/353
|
|turn|5
|choice|move 2|move 1
|
|move|p1a: Tauros|Blizzard|p2a: Rhydon
|-supereffective|p2a: Rhydon
|-damage|p2a: Rhydon|117\/413
|move|p2a: Rhydon|Earthquake|p1a: Tauros
|-damage|p1a: Tauros|74\/353
|
|turn|6
|choice|move 1|move 2
|
|move|p1a: Tauros|Earthquake|p2a: Rhydon
|-supereffective|p2a: Rhydon
|-damage|p2a: Rhydon|0 fnt
|faint|p2a: Rhydon
|choice||switch 6
|
|switch|p2a: Tauros|Tauros|353\/353
|turn|7
|choice|switch 5|move 3
|
|switch|p1a: Cloyster|Cloyster|303\/303
|move|p2a: Tauros|Earthquake|p1a: Cloyster
|-damage|p1a: Cloyster|248\/303
|
|turn|8
|choice|move 2|switch 4
|
|switch|p2a: Slowbro|Slowbro|393\/393
|move|p1a: Cloyster|Clamp|p2a: Slowbro|[miss]
|-miss|p1a: Cloyster
|
|turn|9
|choice|switch 6|move 3
|
|switch|p1a: Jynx|Jynx|333\/333 par
|move|p2a: Slowbro|Psychic|p1a: Jynx
|-resisted|p1a: Jynx
|-damage|p1a: Jynx|290\/333 par
|
|turn|10
|choice|move 2|move 1
|
|move|p2a: Slowbro|Amnesia|p2a: Slowbro
|-boost|p2a: Slowbro|spd|2
|-boost|p2a: Slowbro|spa|2
|move|p1a: Jynx|Lovely Kiss|p2a: Slowbro
|-message|Sleep Clause Mod activated.
|
|turn|11
|choice|move 1|move 1
|
|move|p2a: Slowbro|Amnesia|p2a: Slowbro
|-boost|p2a: Slowbro|spd|2
|-boost|p2a: Slowbro|spa|2
|move|p1a: Jynx|Blizzard|p2a: Slowbro
|-resisted|p2a: Slowbro
|-damage|p2a: Slowbro|367\/393
|
|turn|12
|choice|switch 2|move 2
|
|switch|p1a: Dragonite|Dragonite|385\/385
|move|p2a: Slowbro|Surf|p1a: Dragonite
|-resisted|p1a: Dragonite
|-damage|p1a: Dragonite|229\/385
|
|turn|13
|choice|move 2|move 3
|
|move|p1a: Dragonite|Thunder Wave|p2a: Slowbro
|-status|p2a: Slowbro|par
|move|p2a: Slowbro|Psychic|p1a: Dragonite
|-damage|p1a: Dragonite|0 fnt
|faint|p1a: Dragonite
|choice|switch 4|
|
|switch|p1a: Gengar|Gengar|323\/323
|turn|14
|choice|move 2|move 3
|
|move|p1a: Gengar|Thunderbolt|p2a: Slowbro
|-supereffective|p2a: Slowbro
|-damage|p2a: Slowbro|299\/393 par
|cant|p2a: Slowbro|par
|
|turn|15
|choice|move 2|move 3
|
|move|p1a: Gengar|Thunderbolt|p2a: Slowbro
|-supereffective|p2a: Slowbro
|-damage|p2a: Slowbro|232\/393 par
|cant|p2a: Slowbro|par
|
|turn|16
|choice|switch 5|move 3
|
|switch|p1a: Tauros|Tauros|74\/353
|move|p2a: Slowbro|Psychic|p1a: Tauros
|-damage|p1a: Tauros|0 fnt
|faint|p1a: Tauros
|choice|switch 3|
|
|switch|p1a: Exeggutor|Exeggutor|393\/393
|turn|17
|choice|move 1|move 2
|
|move|p1a: Exeggutor|Leech Seed|p2a: Slowbro
|-start|p2a: Slowbro|move: Leech Seed
|move|p2a: Slowbro|Surf|p1a: Exeggutor
|-resisted|p1a: Exeggutor
|-damage|p1a: Exeggutor|264\/393
|-damage|p2a: Slowbro|208\/393 par|[from] Leech Seed|[of] p1a: Exeggutor
|-heal|p1a: Exeggutor|288\/393|[silent]
|
|turn|18
|choice|move 4|move 3
|
|move|p1a: Exeggutor|Hyper Beam|p2a: Slowbro
|-damage|p2a: Slowbro|123\/393 par
|move|p2a: Slowbro|Psychic|p1a: Exeggutor
|-resisted|p1a: Exeggutor
|-damage|p1a: Exeggutor|181\/393
|-damage|p2a: Slowbro|99\/393 par|[from] Leech Seed|[of] p1a: Exeggutor
|-heal|p1a: Exeggutor|205\/393|[silent]
|
|turn|19
|-mustrecharge|p1a: Exeggutor
|-mustrecharge|p1a: Exeggutor
|choice|move 1|move 4
|
|cant|p1a: Exeggutor|recharge
|move|p2a: Slowbro|Rest|p2a: Slowbro
|-status|p2a: Slowbro|slp
|-heal|p2a: Slowbro|393\/393 slp|[silent]
|-status|p2a: Slowbro|slp|[from] move: Rest
|-damage|p2a: Slowbro|369\/393 slp|[from] Leech Seed|[of] p1a: Exeggutor
|-heal|p1a: Exeggutor|229\/393|[silent]
|
|turn|20
|choice|move 4|switch 5
|
|switch|p2a: Zapdos|Zapdos|383\/383
|move|p1a: Exeggutor|Hyper Beam|p2a: Zapdos
|-damage|p2a: Zapdos|287\/383
|
|turn|21
|-mustrecharge|p1a: Exeggutor
|-mustrecharge|p1a: Exeggutor
|choice|move 1|move 4
|
|move|p2a: Zapdos|Drill Peck|p1a: Exeggutor
|-supereffective|p1a: Exeggutor
|-damage|p1a: Exeggutor|21\/393
|cant|p1a: Exeggutor|recharge
|
|turn|22
|choice|move 3|move 2
|
|move|p2a: Zapdos|Thunderbolt|p1a: Exeggutor
|-resisted|p1a: Exeggutor
|-damage|p1a: Exeggutor|0 fnt
|faint|p1a: Exeggutor
|choice|switch 2|
|
|switch|p1a: Jynx|Jynx|290\/333 par
|turn|23
|choice|move 2|switch 5
|
|switch|p2a: Slowbro|Slowbro|369\/393 slp
|move|p1a: Jynx|Lovely Kiss|p2a: Slowbro
|-fail|p2a: Slowbro|slp
|
|turn|24
|choice|move 1|move 1
|
|cant|p2a: Slowbro|slp
|move|p1a: Jynx|Blizzard|p2a: Slowbro
|-resisted|p2a: Slowbro
|-damage|p2a: Slowbro|293\/393 slp
|
|turn|25
|choice|switch 5|move 1
|
|switch|p1a: Gengar|Gengar|323\/323
|-curestatus|p2a: Slowbro|slp
|
|turn|26
|choice|move 3|switch 3
|
|switch|p2a: Alakazam|Alakazam|313\/313 slp
|move|p1a: Gengar|Hypnosis|p2a: Alakazam
|-fail|p2a: Alakazam|slp
|
|turn|27
|choice|move 2|move 1
|
|cant|p2a: Alakazam|slp
|move|p1a: Gengar|Thunderbolt|p2a: Alakazam
|-damage|p2a: Alakazam|237\/313 slp
|
|turn|28
|choice|switch 6|move 2
|
|switch|p1a: Cloyster|Cloyster|248\/303
|-curestatus|p2a: Alakazam|slp
|
|turn|29
|choice|move 2|move 3
|
|move|p2a: Alakazam|Thunder Wave|p1a: Cloyster
|-status|p1a: Cloyster|par
|cant|p1a: Cloyster|par
|
|turn|30
|choice|move 2|move 1
|
|move|p2a: Alakazam|Psychic|p1a: Cloyster
|-damage|p1a: Cloyster|111\/303 par
|cant|p1a: Cloyster|par
|
|turn|31
|choice|move 3|move 1
|
|move|p2a: Alakazam|Psychic|p1a: Cloyster
|-damage|p1a: Cloyster|0 fnt
|faint|p1a: Cloyster
|choice|switch 5|
|
|switch|p1a: Jynx|Jynx|290\/333 par
|turn|32
|choice|move 1|move 4
|
|move|p2a: Alakazam|Seismic Toss|p1a: Jynx
|-damage|p1a: Jynx|190\/333 par
|move|p1a: Jynx|Blizzard|p2a: Alakazam
|-crit|p2a: Alakazam
|-damage|p2a: Alakazam|7\/313
|
|turn|33
|choice|move 1|move 4
|
|move|p2a: Alakazam|Seismic Toss|p1a: Jynx
|-damage|p1a: Jynx|90\/333 par
|cant|p1a: Jynx|par
|
|turn|34
|choice|move 4|move 2
|
|move|p2a: Alakazam|Recover|p2a: Alakazam
|-heal|p2a: Alakazam|163\/313
|cant|p1a: Jynx|par
|
|turn|35
|choice|move 1|move 2
|
|move|p2a: Alakazam|Recover|p2a: Alakazam
|-heal|p2a: Alakazam|313\/313
|cant|p1a: Jynx|par
|
|turn|36
|choice|move 1|move 4
|
|move|p2a: Alakazam|Seismic Toss|p1a: Jynx
|-damage|p1a: Jynx|0 fnt
|faint|p1a: Jynx
|choice|switch 6|
|
|switch|p1a: Gengar|Gengar|323\/323
|turn|37
|choice|move 3|move 1
|
|move|p2a: Alakazam|Psychic|p1a: Gengar
|-crit|p1a: Gengar
|-supereffective|p1a: Gengar
|-damage|p1a: Gengar|0 fnt
|faint|p1a: Gengar
|
|win|TenjyVGC
|raw|TommyWantWingy's rating: 1054 &rarr; <strong>1035<\/strong><br \/>(-19 for losing)
|raw|TenjyVGC's rating: 1025 &rarr; <strong>1065<\/strong><br \/>(+40 for winning)
|l|TommyWantWingy
|player|p1