|join|ScottjwBaker
|join|buts x
|player|p1|ScottjwBaker|266
|player|p2|buts x|43
|gametype|singles
|gen|1
|tier|[Gen 1] Random Battle
|rated
|rule|Sleep Clause Mod: Limit one foe put to sleep
|rule|Freeze Clause Mod: Limit one foe frozen
|rule|HP Percentage Mod: HP is shown in percentages
|
|start
|switch|p1a: Exeggutor|Exeggutor, L79|312\/312
|switch|p2a: Seaking|Seaking, L85|310\/310
|turn|1
|
|move|p2a: Seaking|Blizzard|p1a: Exeggutor
|-supereffective|p1a: Exeggutor
|-damage|p1a: Exeggutor|181\/312
|move|p1a: Exeggutor|Sleep Powder|p2a: Seaking
|-status|p2a: Seaking|slp
|
|turn|2
|
|switch|p2a: Snorlax|Snorlax, L79|415\/415
|move|p1a: Exeggutor|Egg Bomb|p2a: Snorlax
|-damage|p2a: Snorlax|331\/415
|
|turn|3
|
|move|p1a: Exeggutor|Egg Bomb|p2a: Snorlax
|-damage|p2a: Snorlax|258\/415
|move|p2a: Snorlax|Amnesia|p2a: Snorlax
|-boost|p2a: Snorlax|spd|2
|-boost|p2a: Snorlax|spa|2
|
|turn|4
|
|move|p1a: Exeggutor|Hyper Beam|p2a: Snorlax
|-damage|p2a: Snorlax|133\/415
|move|p2a: Snorlax|Amnesia|p2a: Snorlax
|-boost|p2a: Snorlax|spd|2
|-boost|p2a: Snorlax|spa|2
|
|turn|5
|
|cant|p1a: Exeggutor|recharge
|move|p2a: Snorlax|Rest|p2a: Snorlax
|-status|p2a: Snorlax|slp
|-heal|p2a: Snorlax|415\/415 slp|[silent]
|-status|p2a: Snorlax|slp|[from] move: Rest
|
|turn|6
|
|switch|p1a: Bulbasaur|Bulbasaur, L96|281\/281
|cant|p2a: Snorlax|slp
|
|turn|7
|
|move|p1a: Bulbasaur|Swords Dance|p1a: Bulbasaur
|-boost|p1a: Bulbasaur|atk|2
|cant|p2a: Snorlax|slp
|-curestatus|p2a: Snorlax|slp
|
|turn|8
|
|move|p1a: Bulbasaur|Swords Dance|p1a: Bulbasaur
|-boost|p1a: Bulbasaur|atk|2
|move|p2a: Snorlax|Hyper Beam|p1a: Bulbasaur
|-damage|p1a: Bulbasaur|84\/281
|
|turn|9
|
|move|p1a: Bulbasaur|Swords Dance|p1a: Bulbasaur
|-boost|p1a: Bulbasaur|atk|2
|cant|p2a: Snorlax|recharge
|
|turn|10
|
|move|p1a: Bulbasaur|Body Slam|p2a: Snorlax
|-damage|p2a: Snorlax|149\/415
|move|p2a: Snorlax|Hyper Beam|p1a: Bulbasaur
|-crit|p1a: Bulbasaur
|-damage|p1a: Bulbasaur|0 fnt
|faint|p1a: Bulbasaur
|
|switch|p1a: Exeggutor|Exeggutor, L79|181\/312
|turn|11
|
|move|p1a: Exeggutor|Sleep Powder|p2a: Snorlax
|-message|Sleep Clause Mod activated.
|move|p2a: Snorlax|Rest|p2a: Snorlax
|-status|p2a: Snorlax|slp
|-heal|p2a: Snorlax|415\/415 slp|[silent]
|-status|p2a: Snorlax|slp|[from] move: Rest
|
|turn|12
|
|move|p1a: Exeggutor|Egg Bomb|p2a: Snorlax
|-damage|p2a: Snorlax|336\/415 slp
|cant|p2a: Snorlax|slp
|
|turn|13
|
|move|p1a: Exeggutor|Egg Bomb|p2a: Snorlax|[miss]
|-miss|p1a: Exeggutor
|cant|p2a: Snorlax|slp
|-curestatus|p2a: Snorlax|slp
|
|turn|14
|
|move|p1a: Exeggutor|Hyper Beam|p2a: Snorlax
|-damage|p2a: Snorlax|226\/415
|move|p2a: Snorlax|Amnesia|p2a: Snorlax
|-boost|p2a: Snorlax|spd|2
|-boost|p2a: Snorlax|spa|2
|
|turn|15
|
|cant|p1a: Exeggutor|recharge
|move|p2a: Snorlax|Hyper Beam|p1a: Exeggutor
|-damage|p1a: Exeggutor|6\/312
|
|turn|16
|c|★buts x|aw
|
|move|p1a: Exeggutor|Egg Bomb|p2a: Snorlax
|-damage|p2a: Snorlax|151\/415
|cant|p2a: Snorlax|recharge
|
|turn|17
|
|move|p1a: Exeggutor|Explosion|p2a: Snorlax
|-crit|p2a: Snorlax
|-damage|p2a: Snorlax|0 fnt
|faint|p2a: Snorlax
|faint|p1a: Exeggutor
|c|★buts x|:(
|
|switch|p2a: Venomoth|Venomoth, L85|293\/293
|switch|p1a: Kangaskhan|Kangaskhan, L85|352\/352
|turn|18
|
|move|p2a: Venomoth|Stun Spore|p1a: Kangaskhan
|-status|p1a: Kangaskhan|par
|move|p1a: Kangaskhan|Body Slam|p2a: Venomoth
|-damage|p2a: Venomoth|179\/293
|
|turn|19
|
|move|p2a: Venomoth|Psychic|p1a: Kangaskhan
|-damage|p1a: Kangaskhan|253\/352 par
|move|p1a: Kangaskhan|Surf|p2a: Venomoth
|-damage|p2a: Venomoth|137\/293
|
|turn|20
|
|move|p2a: Venomoth|Psychic|p1a: Kangaskhan
|-damage|p1a: Kangaskhan|161\/352 par
|move|p1a: Kangaskhan|Body Slam|p2a: Venomoth
|-damage|p2a: Venomoth|21\/293
|-status|p2a: Venomoth|par
|
|turn|21
|
|move|p1a: Kangaskhan|Body Slam|p2a: Venomoth
|-damage|p2a: Venomoth|0 fnt
|faint|p2a: Venomoth
|
|switch|p2a: Lickitung|Lickitung, L85|327\/327
|turn|22
|
|move|p2a: Lickitung|Swords Dance|p2a: Lickitung
|-boost|p2a: Lickitung|atk|2
|cant|p1a: Kangaskhan|par
|
|turn|23
|
|move|p2a: Lickitung|Body Slam|p1a: Kangaskhan
|-damage|p1a: Kangaskhan|27\/352 par
|cant|p1a: Kangaskhan|par
|
|turn|24
|
|move|p2a: Lickitung|Body Slam|p1a: Kangaskhan
|-damage|p1a: Kangaskhan|0 fnt
|faint|p1a: Kangaskhan
|
|switch|p1a: Slowbro|Slowbro, L79|312\/312
|turn|25
|
|move|p2a: Lickitung|Body Slam|p1a: Slowbro
|-damage|p1a: Slowbro|194\/312
|move|p1a: Slowbro|Thunder Wave|p2a: Lickitung
|-status|p2a: Lickitung|par
|
|turn|26
|
|move|p1a: Slowbro|Amnesia|p1a: Slowbro
|-boost|p1a: Slowbro|spd|2
|-boost|p1a: Slowbro|spa|2
|cant|p2a: Lickitung|par
|
|turn|27
|c|★buts x|uh oh
|
|move|p1a: Slowbro|Amnesia|p1a: Slowbro
|-boost|p1a: Slowbro|spd|2
|-boost|p1a: Slowbro|spa|2
|cant|p2a: Lickitung|par
|
|turn|28
|c|★buts x|hes tanking up
|c|★buts x|MOOOOOVE
|
|move|p1a: Slowbro|Surf|p2a: Lickitung|[miss]
|-miss|p1a: Slowbro
|move|p2a: Lickitung|Body Slam|p1a: Slowbro
|-damage|p1a: Slowbro|76\/312
|
|turn|29
|c|★buts x|well, thats rare
|
|move|p1a: Slowbro|Rest|p1a: Slowbro
|-status|p1a: Slowbro|slp
|-heal|p1a: Slowbro|312\/312 slp|[silent]
|-status|p1a: Slowbro|slp|[from] move: Rest
|cant|p2a: Lickitung|par
|
|turn|30
|
|cant|p1a: Slowbro|slp
|cant|p2a: Lickitung|par
|
|turn|31
|c|★buts x|25% chance of paralysis my ass
|
|cant|p1a: Slowbro|slp
|-curestatus|p1a: Slowbro|slp
|cant|p2a: Lickitung|par
|
|turn|32
|
|move|p1a: Slowbro|Surf|p2a: Lickitung
|-damage|p2a: Lickitung|12\/327 par
|move|p2a: Lickitung|Body Slam|p1a: Slowbro
|-damage|p1a: Slowbro|193\/312
|-status|p1a: Slowbro|par
|
|turn|33
|c|★buts x|realllllly
|
|cant|p2a: Lickitung|par
|move|p1a: Slowbro|Surf|p2a: Lickitung
|-damage|p2a: Lickitung|0 fnt
|faint|p2a: Lickitung
|c|★buts x|i lose
|
|switch|p2a: Nidorino|Nidorino, L90|293\/293
|turn|34
|
|move|p2a: Nidorino|Body Slam|p1a: Slowbro
|-damage|p1a: Slowbro|144\/312 par
|move|p1a: Slowbro|Surf|p2a: Nidorino
|-damage|p2a: Nidorino|0 fnt
|faint|p2a: Nidorino
|
|switch|p2a: Butterfree|Butterfree, L85|276\/276
|turn|35
|
|move|p2a: Butterfree|Mega Drain|p1a: Slowbro
|-crit|p1a: Slowbro
|-supereffective|p1a: Slowbro
|-damage|p1a: Slowbro|30\/312 par
|cant|p1a: Slowbro|par
|
|turn|36
|
|move|p2a: Butterfree|Mega Drain|p1a: Slowbro
|-supereffective|p1a: Slowbro
|-damage|p1a: Slowbro|8\/312 par
|move|p1a: Slowbro|Surf|p2a: Butterfree
|-damage|p2a: Butterfree|43\/276
|
|turn|37
|
|move|p2a: Butterfree|Mega Drain|p1a: Slowbro
|-supereffective|p1a: Slowbro
|-damage|p1a: Slowbro|0 fnt
|-heal|p2a: Butterfree|47\/276|[from] drain|[of] p1a: Slowbro
|faint|p1a: Slowbro
|
|switch|p1a: Pidgeotto|Pidgeotto, L85|281\/281
|turn|38
|
|move|p1a: Pidgeotto|Double-Edge|p2a: Butterfree
|-damage|p2a: Butterfree|0 fnt
|-damage|p1a: Pidgeotto|270\/281|[from] recoil|[of] p2a: Butterfree
|faint|p2a: Butterfree
|
|switch|p2a: Seaking|Seaking, L85|310\/310 slp
|turn|39
|
|move|p1a: Pidgeotto|Sky Attack|p2a: Seaking|[still]
|-prepare|p1a: Pidgeotto|Sky Attack|p2a: Seaking
|cant|p2a: Seaking|slp
|
|turn|40
|
|move|p1a: Pidgeotto|Sky Attack|p2a: Seaking
|-damage|p2a: Seaking|169\/310 slp
|cant|p2a: Seaking|slp
|
|turn|41
|
|move|p1a: Pidgeotto|Double-Edge|p2a: Seaking
|-crit|p2a: Seaking
|-damage|p2a: Seaking|0 fnt
|-damage|p1a: Pidgeotto|228\/281|[from] recoil|[of] p2a: Seaking
|faint|p2a: Seaking
|
|win|ScottjwBaker
|raw|Ladder updating...
|raw|ScottjwBaker's rating: 1134 &rarr; <strong>1172<\/strong><br \/>(+38 for winning)
|raw|buts x's rating: 1341 &rarr; <strong>1310<\/strong><br \/>(-31 for losing)