|join|charrol
|join|fapkingg
|player|p1|charrol|266
|player|p2|fapkingg|25
|gametype|singles
|gen|1
|tier|[Gen 1] OU
|rated
|seed|58961,7658,5609,10329
|rule|Sleep Clause Mod: Limit one foe put to sleep
|rule|Freeze Clause Mod: Limit one foe frozen
|rule|Species Clause: Limit one of each Pokémon
|rule|OHKO Clause: OHKO moves are banned
|rule|Evasion Moves Clause: Evasion moves are banned
|rule|HP Percentage Mod: HP is shown in percentages
|
|start
|switch|p1a: Jolteon|Jolteon|333\/333
|switch|p2a: Alakazam|Alakazam|313\/313
|turn|1
|choice|switch 4|switch 2
|
|switch|p1a: Exeggutor|Exeggutor|393\/393
|switch|p2a: Rhydon|Rhydon|413\/413
|
|turn|2
|choice|move 1|switch 2
|
|switch|p2a: Alakazam|Alakazam|313\/313
|move|p1a: Exeggutor|Sleep Powder|p2a: Alakazam
|-status|p2a: Alakazam|slp
|
|turn|3
|choice|move 2|switch 4
|
|switch|p2a: Exeggutor|Exeggutor|393\/393
|move|p1a: Exeggutor|Stun Spore|p2a: Exeggutor
|-status|p2a: Exeggutor|par
|
|turn|4
|choice|switch 4|move 1
|
|switch|p1a: Jolteon|Jolteon|333\/333
|move|p2a: Exeggutor|Sleep Powder|p1a: Jolteon
|-status|p1a: Jolteon|slp
|
|turn|5
|choice|switch 3|move 2
|
|switch|p1a: Alakazam|Alakazam|313\/313
|move|p2a: Exeggutor|Stun Spore|p1a: Alakazam
|-status|p1a: Alakazam|par
|
|turn|6
|choice|move 2|switch 5
|
|switch|p2a: Snorlax|Snorlax|523\/523
|move|p1a: Alakazam|Psychic|p2a: Snorlax
|-damage|p2a: Snorlax|337\/523
|
|turn|7
|choice|switch 5|move 1
|
|switch|p1a: Snorlax|Snorlax|523\/523
|move|p2a: Snorlax|Body Slam|p1a: Snorlax
|-damage|p1a: Snorlax|383\/523
|
|turn|8
|choice|move 3|move 2
|
|move|p2a: Snorlax|Earthquake|p1a: Snorlax
|-damage|p1a: Snorlax|272\/523
|move|p1a: Snorlax|Earthquake|p2a: Snorlax
|-damage|p2a: Snorlax|233\/523
|
|turn|9
|choice|move 1|move 1
|
|move|p1a: Snorlax|Body Slam|p2a: Snorlax
|-damage|p2a: Snorlax|103\/523
|move|p2a: Snorlax|Body Slam|p1a: Snorlax
|-damage|p1a: Snorlax|130\/523
|
|turn|10
|choice|move 1|move 3
|
|move|p2a: Snorlax|Hyper Beam|p1a: Snorlax
|-damage|p1a: Snorlax|0 fnt
|faint|p1a: Snorlax
|choice|switch 6|
|
|switch|p1a: Lapras|Lapras|463\/463
|turn|11
|choice|move 1|switch 3
|
|switch|p2a: Starmie|Starmie|323\/323
|move|p1a: Lapras|Blizzard|p2a: Starmie
|-resisted|p2a: Starmie
|-damage|p2a: Starmie|255\/323
|
|turn|12
|choice|move 2|move 2
|
|move|p2a: Starmie|Thunderbolt|p1a: Lapras
|-supereffective|p1a: Lapras
|-damage|p1a: Lapras|303\/463
|move|p1a: Lapras|Thunderbolt|p2a: Starmie
|-supereffective|p2a: Starmie
|-damage|p2a: Starmie|108\/323
|
|turn|13
|choice|move 3|move 2
|
|move|p2a: Starmie|Thunderbolt|p1a: Lapras
|-supereffective|p1a: Lapras
|-damage|p1a: Lapras|141\/463
|move|p1a: Lapras|Body Slam|p2a: Starmie
|-damage|p2a: Starmie|39\/323
|
|turn|14
|choice|switch 5|move 3
|
|switch|p1a: Alakazam|Alakazam|313\/313 par
|move|p2a: Starmie|Recover|p2a: Starmie
|-heal|p2a: Starmie|200\/323
|
|turn|15
|choice|move 2|switch 5
|
|switch|p2a: Exeggutor|Exeggutor|393\/393 par
|move|p1a: Alakazam|Psychic|p2a: Exeggutor
|-resisted|p2a: Exeggutor
|-damage|p2a: Exeggutor|335\/393 par
|
|turn|16
|choice|move 3|move 3
|
|move|p1a: Alakazam|Seismic Toss|p2a: Exeggutor
|-damage|p2a: Exeggutor|235\/393 par
|move|p2a: Exeggutor|Psychic|p1a: Alakazam
|-resisted|p1a: Alakazam
|-damage|p1a: Alakazam|264\/313 par
|
|turn|17
|choice|move 3|move 4
|
|move|p1a: Alakazam|Seismic Toss|p2a: Exeggutor
|-damage|p2a: Exeggutor|135\/393 par
|cant|p2a: Exeggutor|par
|
|turn|18
|choice|switch 5|move 4
|
|switch|p1a: Lapras|Lapras|141\/463
|move|p2a: Exeggutor|Explosion|p1a: Lapras
|-damage|p1a: Lapras|0 fnt
|faint|p1a: Lapras
|faint|p2a: Exeggutor
|choice|switch 4|switch 6
|
|switch|p2a: Tauros|Tauros|353\/353
|switch|p1a: Exeggutor|Exeggutor|393\/393
|turn|19
|choice|move 2|switch 4
|
|switch|p2a: Alakazam|Alakazam|313\/313 slp
|move|p1a: Exeggutor|Stun Spore|p2a: Alakazam|[miss]
|-miss|p1a: Exeggutor
|
|turn|20
|choice|move 3|move 3
|
|cant|p2a: Alakazam|slp
|move|p1a: Exeggutor|Psychic|p2a: Alakazam
|-resisted|p2a: Alakazam
|-damage|p2a: Alakazam|260\/313 slp
|
|turn|21
|choice|switch 2|move 3
|
|switch|p1a: Moltres|Moltres|383\/383
|cant|p2a: Alakazam|slp
|
|turn|22
|choice|move 1|switch 2
|
|switch|p2a: Rhydon|Rhydon|413\/413
|move|p1a: Moltres|Fire Blast|p2a: Rhydon
|-resisted|p2a: Rhydon
|-damage|p2a: Rhydon|274\/413
|
|turn|23
|choice|switch 2|switch 5
|
|switch|p1a: Exeggutor|Exeggutor|393\/393
|switch|p2a: Starmie|Starmie|200\/323
|
|turn|24
|choice|move 4|move 1
|
|move|p2a: Starmie|Blizzard|p1a: Exeggutor
|-supereffective|p1a: Exeggutor
|-damage|p1a: Exeggutor|242\/393
|move|p1a: Exeggutor|Explosion|p2a: Starmie
|-damage|p2a: Starmie|0 fnt
|faint|p2a: Starmie
|faint|p1a: Exeggutor
|choice|switch 5|switch 4
|
|switch|p2a: Tauros|Tauros|353\/353
|switch|p1a: Alakazam|Alakazam|264\/313 par
|turn|25
|choice|move 1|move 2
|
|move|p2a: Tauros|Hyper Beam|p1a: Alakazam
|-damage|p1a: Alakazam|0 fnt
|faint|p1a: Alakazam
|choice|switch 2|
|
|switch|p1a: Moltres|Moltres|383\/383
|turn|26
|choice|move 4|move 1
|
|move|p2a: Tauros|Body Slam|p1a: Moltres
|-damage|p1a: Moltres|267\/383
|-status|p1a: Moltres|par
|move|p1a: Moltres|Agility|p1a: Moltres
|-boost|p1a: Moltres|spe|2
|
|turn|27
|choice|move 1|move 1
|
|move|p1a: Moltres|Fire Blast|p2a: Tauros
|-crit|p2a: Tauros
|-damage|p2a: Tauros|0 fnt
|faint|p2a: Tauros
|choice||switch 5
|
|switch|p2a: Rhydon|Rhydon|274\/413
|turn|28
|choice|move 2|move 3
|
|move|p1a: Moltres|Fire Spin|p2a: Rhydon
|-resisted|p2a: Rhydon
|-damage|p2a: Rhydon|257\/413
|-activate|p2a: Rhydon|move: Fire Spin|[of] p1a: Moltres
|cant|p2a: Rhydon|partiallytrapped
|
|turn|29
|choice|move 2|switch 2
|
|switch|p2a: Alakazam|Alakazam|260\/313 slp
|move|p1a: Moltres|Fire Spin|p2a: Alakazam
|-damage|p2a: Alakazam|244\/313 slp
|-activate|p2a: Alakazam|move: Fire Spin|[of] p1a: Moltres
|
|turn|30
|choice|move 2|move 3
|
|cant|p1a: Moltres|par
|-curestatus|p2a: Alakazam|slp
|
|-end|p2a: Alakazam|Fire Spin|[partiallytrapped]
|turn|31
|choice|move 1|move 1
|
|cant|p1a: Moltres|par
|move|p2a: Alakazam|Psychic|p1a: Moltres
|-damage|p1a: Moltres|162\/383 par
|
|turn|32
|choice|move 2|move 1
|
|move|p1a: Moltres|Fire Spin|p2a: Alakazam
|-damage|p2a: Alakazam|227\/313
|-activate|p2a: Alakazam|move: Fire Spin|[of] p1a: Moltres
|cant|p2a: Alakazam|partiallytrapped
|
|turn|33
|choice|move 2|move 1
|
|cant|p1a: Moltres|par
|cant|p2a: Alakazam|partiallytrapped
|
|-end|p2a: Alakazam|Fire Spin|[partiallytrapped]
|turn|34
|choice|move 2|move 1
|
|move|p1a: Moltres|Fire Spin|p2a: Alakazam
|-damage|p2a: Alakazam|210\/313
|-activate|p2a: Alakazam|move: Fire Spin|[of] p1a: Moltres
|cant|p2a: Alakazam|partiallytrapped
|
|turn|35
|choice|move 2|switch 3
|
|switch|p2a: Snorlax|Snorlax|103\/523
|move|p1a: Moltres|Fire Spin|p2a: Snorlax|[miss]
|-miss|p1a: Moltres
|
|turn|36
|choice|move 1|move 3
|
|move|p1a: Moltres|Fire Blast|p2a: Snorlax
|-crit|p2a: Snorlax
|-damage|p2a: Snorlax|0 fnt
|faint|p2a: Snorlax
|choice||switch 2
|
|switch|p2a: Rhydon|Rhydon|257\/413
|turn|37
|choice|move 2|move 3
|
|move|p1a: Moltres|Fire Spin|p2a: Rhydon|[miss]
|-miss|p1a: Moltres
|move|p2a: Rhydon|Rock Slide|p1a: Moltres
|-supereffective|p1a: Moltres
|-damage|p1a: Moltres|0 fnt
|faint|p1a: Moltres
|-message|charrol forfeited.
|leave|charrol
|
|win|fapkingg
|player|p1