|join|Randbats is gay
|join|the jews
|player|p1|Randbats is gay|169
|player|p2|the jews|1
|gametype|singles
|gen|1
|tier|[Gen 1] Random Battle
|rated
|rule|Sleep Clause Mod: Limit one foe put to sleep
|rule|Freeze Clause Mod: Limit one foe frozen
|rule|HP Percentage Mod: HP is shown in percentages
|
|start
|switch|p1a: Dragonair|Dragonair, L85|277\/277
|switch|p2a: Venomoth|Venomoth, L85|293\/293
|turn|1
|
|move|p2a: Venomoth|Sleep Powder|p1a: Dragonair
|-status|p1a: Dragonair|slp
|cant|p1a: Dragonair|slp
|
|turn|2
|
|switch|p2a: Mew|Mew, L74|300\/300
|switch|p1a: Hypno|Hypno, L85|318\/318
|
|turn|3
|
|move|p2a: Mew|Thunder Wave|p1a: Hypno
|-status|p1a: Hypno|par
|cant|p1a: Hypno|par
|
|turn|4
|
|move|p2a: Mew|Horn Drill|p1a: Hypno
|-damage|p1a: Hypno|0 fnt
|faint|p1a: Hypno
|c|★Randbats is gay|k
|c|★the jews|hahahahhahahahahhaahahahha
|c|★the jews|the jews make their own luck
|
|switch|p1a: Machamp|Machamp, L85|327\/327
|turn|5
|
|move|p2a: Mew|Thunder Wave|p1a: Machamp
|-status|p1a: Machamp|par
|cant|p1a: Machamp|par
|
|turn|6
|c|★Randbats is gay|unreal
|
|move|p2a: Mew|Horn Drill|p1a: Machamp
|-damage|p1a: Machamp|0 fnt
|faint|p1a: Machamp
|c|★Randbats is gay|what is going on
|c|★the jews|keep em coming
|
|switch|p1a: Nidorino|Nidorino, L90|293\/293
|turn|7
|
|move|p2a: Mew|Thunder Wave|p1a: Nidorino
|-status|p1a: Nidorino|par
|move|p1a: Nidorino|Body Slam|p2a: Mew
|-damage|p2a: Mew|243\/300
|
|turn|8
|
|move|p2a: Mew|Horn Drill|p1a: Nidorino|[miss]
|-miss|p2a: Mew
|move|p1a: Nidorino|Body Slam|p2a: Mew
|-damage|p2a: Mew|188\/300
|
|turn|9
|
|move|p2a: Mew|Horn Drill|p1a: Nidorino
|-damage|p1a: Nidorino|0 fnt
|faint|p1a: Nidorino
|c|★Randbats is gay|dude get luckier
|c|★Randbats is gay|this is insane
|c|★the jews|that one took a while
|c|★Randbats is gay|no, it didnt
|c|★Randbats is gay|it missed once
|c|★Randbats is gay|and you took two bslams without a para
|c|★Randbats is gay|you have gotten RIDICULOUSLY lucky
|c|★the jews|its chill
|
|switch|p1a: Raichu|Raichu, L85|276\/276
|turn|10
|
|move|p1a: Raichu|Body Slam|p2a: Mew
|-crit|p2a: Mew
|-damage|p2a: Mew|61\/300
|move|p2a: Mew|Thunder Wave|p1a: Raichu
|-status|p1a: Raichu|par
|
|turn|11
|c|★the jews|OMG NICE CRIT FAG
|
|move|p2a: Mew|Horn Drill|p1a: Raichu|[miss]
|-miss|p2a: Mew
|cant|p1a: Raichu|par
|
|turn|12
|
|move|p2a: Mew|Horn Drill|p1a: Raichu
|-damage|p1a: Raichu|0 fnt
|faint|p1a: Raichu
|c|★Randbats is gay|so insane
|c|★the jews|hahahhahahahahahahahhahah
|c|★Randbats is gay|this is the craziest game ive seen in a long time
|
|switch|p1a: Vaporeon|Vaporeon, L85|395\/395
|turn|13
|c|★the jews|you got a crit tho
|c|★Randbats is gay|...
|c|★Randbats is gay|ok dck
|
|move|p2a: Mew|Thunder Wave|p1a: Vaporeon
|-status|p1a: Vaporeon|par
|move|p1a: Vaporeon|Surf|p2a: Mew
|-damage|p2a: Mew|0 fnt
|faint|p2a: Mew
|
|switch|p2a: Weepinbell|Weepinbell, L85|284\/284
|turn|14
|
|move|p2a: Weepinbell|Razor Leaf|p1a: Vaporeon
|-crit|p1a: Vaporeon
|-supereffective|p1a: Vaporeon
|-damage|p1a: Vaporeon|201\/395 par
|move|p1a: Vaporeon|Blizzard|p2a: Weepinbell
|-supereffective|p2a: Weepinbell
|-damage|p2a: Weepinbell|88\/284
|
|turn|15
|
|move|p2a: Weepinbell|Razor Leaf|p1a: Vaporeon
|-crit|p1a: Vaporeon
|-supereffective|p1a: Vaporeon
|-damage|p1a: Vaporeon|15\/395 par
|cant|p1a: Vaporeon|par
|
|turn|16
|-message|Randbats is gay lost due to inactivity.
|
|win|the jews
|raw|Ladder updating...
|raw|Randbats is gay's rating: 1383 &rarr; <strong>1352<\/strong><br \/>(-31 for losing)
|raw|the jews's rating: 1166 &rarr; <strong>1205<\/strong><br \/>(+39 for winning)