|j|ChingoBling
|j|Dervodel2
|player|p1|ChingoBling|70
|player|p2|Dervodel2|102
|gametype|singles
|gen|1
|tier|[Gen 1] Random Battle
|rated
|seed|32506,8561,26493,44777
|rule|Sleep Clause Mod: Limit one foe put to sleep
|rule|Freeze Clause Mod: Limit one foe frozen
|rule|HP Percentage Mod: HP is shown in percentages
|
|start
|switch|p1a: Doduo|Doduo, L96|262\/262
|switch|p2a: Spearow|Spearow, L96|272\/272
|turn|1
|choice|move 4|switch 3
|
|switch|p2a: Aerodactyl|Aerodactyl, L90|327\/327
|move|p1a: Doduo|Reflect|p1a: Doduo
|-start|p1a: Doduo|Reflect
|
|turn|2
|choice|switch 6|move 1
|
|switch|p1a: Hitmonchan|Hitmonchan, L90|273\/273
|move|p2a: Aerodactyl|Reflect|p2a: Aerodactyl
|-start|p2a: Aerodactyl|Reflect
|
|turn|3
|choice|move 1|move 4
|
|move|p2a: Aerodactyl|Sky Attack|p1a: Hitmonchan|[still]
|-prepare|p2a: Aerodactyl|Sky Attack|p1a: Hitmonchan
|move|p1a: Hitmonchan|Counter|p2a: Aerodactyl
|-fail|p1a: Hitmonchan
|
|turn|4
|choice|move 1|move 1
|
|move|p2a: Aerodactyl|Sky Attack|p1a: Hitmonchan|[from]Sky Attack
|-supereffective|p1a: Hitmonchan
|-damage|p1a: Hitmonchan|0 fnt
|faint|p1a: Hitmonchan
|choice|switch 3|
|
|switch|p1a: Haunter|Haunter, L85|250\/250
|turn|5
|choice|move 2|move 4
|
|move|p2a: Aerodactyl|Sky Attack|p1a: Haunter|[still]
|-prepare|p2a: Aerodactyl|Sky Attack|p1a: Haunter
|move|p1a: Haunter|Confuse Ray|p2a: Aerodactyl
|-start|p2a: Aerodactyl|confusion
|
|turn|6
|choice|move 3|move 1
|
|-activate|p2a: Aerodactyl|confusion
|-damage|p2a: Aerodactyl|284\/327|[from] confusion
|move|p1a: Haunter|Mega Drain|p2a: Aerodactyl
|-damage|p2a: Aerodactyl|244\/327
|
|turn|7
|choice|move 1|move 4
|
|-activate|p2a: Aerodactyl|confusion
|move|p2a: Aerodactyl|Sky Attack|p1a: Haunter|[still]
|-prepare|p2a: Aerodactyl|Sky Attack|p1a: Haunter
|move|p1a: Haunter|Hypnosis|p2a: Aerodactyl|[miss]
|-miss|p1a: Haunter
|
|turn|8
|choice|move 4|move 1
|
|-end|p2a: Aerodactyl|confusion
|move|p2a: Aerodactyl|Sky Attack|p1a: Haunter|[from]Sky Attack
|-damage|p1a: Haunter|0 fnt
|faint|p1a: Haunter
|choice|switch 6|
|
|switch|p1a: Doduo|Doduo, L96|262\/262
|turn|9
|choice|move 1|move 2
|
|move|p2a: Aerodactyl|Double-Edge|p1a: Doduo
|-damage|p1a: Doduo|153\/262
|-damage|p2a: Aerodactyl|217\/327|[from] recoil|[of] p1a: Doduo
|move|p1a: Doduo|Body Slam|p2a: Aerodactyl
|-resisted|p2a: Aerodactyl
|-damage|p2a: Aerodactyl|188\/327
|
|turn|10
|choice|move 1|move 3
|
|move|p2a: Aerodactyl|Hyper Beam|p1a: Doduo
|-damage|p1a: Doduo|0 fnt
|faint|p1a: Doduo
|choice|switch 5|
|
|switch|p1a: Jolteon|Jolteon, L79|265\/265
|turn|11
|choice|move 4|move 2
|
|move|p2a: Aerodactyl|Double-Edge|p1a: Jolteon
|-damage|p1a: Jolteon|157\/265
|-damage|p2a: Aerodactyl|161\/327|[from] recoil|[of] p1a: Jolteon
|move|p1a: Jolteon|Double Kick|p2a: Aerodactyl
|-damage|p2a: Aerodactyl|153\/327
|-damage|p2a: Aerodactyl|145\/327
|-hitcount|p2a: Aerodactyl|2
|
|turn|12
|c|★ChingoBling|that aerodactyl wrecks my whole team, lol
|choice|move 2|move 3
|
|move|p2a: Aerodactyl|Hyper Beam|p1a: Jolteon
|-damage|p1a: Jolteon|0 fnt
|faint|p1a: Jolteon
|choice|switch 2|
|
|switch|p1a: Flareon|Flareon, L90|300\/300
|turn|13
|choice|move 1|move 2
|
|move|p2a: Aerodactyl|Double-Edge|p1a: Flareon
|-damage|p1a: Flareon|206\/300
|-damage|p2a: Aerodactyl|122\/327|[from] recoil|[of] p1a: Flareon
|move|p1a: Flareon|Fire Blast|p2a: Aerodactyl
|-crit|p2a: Aerodactyl
|-resisted|p2a: Aerodactyl
|-damage|p2a: Aerodactyl|0 fnt
|faint|p2a: Aerodactyl
|choice||switch 4
|
|switch|p2a: Nidorina|Nidorina, L90|309\/309
|turn|14
|choice|move 1|move 2
|
|move|p1a: Flareon|Fire Blast|p2a: Nidorina
|-damage|p2a: Nidorina|103\/309
|-status|p2a: Nidorina|brn
|move|p2a: Nidorina|Double-Edge|p1a: Flareon
|-damage|p1a: Flareon|167\/300
|-damage|p2a: Nidorina|94\/309 brn|[from] recoil|[of] p1a: Flareon
|-damage|p2a: Nidorina|75\/309 brn|[from] brn|[of] p1a: Flareon
|
|turn|15
|choice|move 1|move 2
|
|move|p1a: Flareon|Fire Blast|p2a: Nidorina
|-damage|p2a: Nidorina|0 fnt
|faint|p2a: Nidorina
|choice||switch 6
|
|switch|p2a: Mr. Mime|Mr. Mime, L85|242\/242
|turn|16
|choice|move 1|move 1
|
|move|p2a: Mr. Mime|Thunder Wave|p1a: Flareon
|-status|p1a: Flareon|par
|cant|p1a: Flareon|par
|
|turn|17
|choice|move 1|move 3
|
|move|p2a: Mr. Mime|Psychic|p1a: Flareon
|-damage|p1a: Flareon|84\/300 par
|cant|p1a: Flareon|par
|
|turn|18
|choice|move 1|move 2
|
|move|p2a: Mr. Mime|Seismic Toss|p1a: Flareon
|-damage|p1a: Flareon|0 fnt
|faint|p1a: Flareon
|choice|switch 4|
|
|switch|p1a: Fearow|Fearow, L90|300\/300
|turn|19
|choice|move 2|move 1
|
|move|p1a: Fearow|Drill Peck|p2a: Mr. Mime
|-damage|p2a: Mr. Mime|137\/242
|move|p2a: Mr. Mime|Thunder Wave|p1a: Fearow
|-status|p1a: Fearow|par
|
|turn|20
|choice|move 4|move 4
|
|move|p2a: Mr. Mime|Thunderbolt|p1a: Fearow
|-supereffective|p1a: Fearow
|-damage|p1a: Fearow|126\/300 par
|move|p1a: Fearow|Mirror Move|p1a: Fearow
|move|p1a: Fearow|Thunderbolt|p2a: Mr. Mime|[from]Mirror Move
|-crit|p2a: Mr. Mime
|-damage|p2a: Mr. Mime|29\/242
|
|turn|21
|c|★Dervodel2|gg
|choice|move 2|move 4
|
|move|p2a: Mr. Mime|Thunderbolt|p1a: Fearow
|-supereffective|p1a: Fearow
|-damage|p1a: Fearow|0 fnt
|faint|p1a: Fearow
|
|win|Dervodel2
|raw|ChingoBling's rating: 1000 &rarr; <strong>1000<\/strong><br \/>(+0 for losing)
|raw|Dervodel2's rating: 1000 &rarr; <strong>1040<\/strong><br \/>(+40 for winning)
|c|★ChingoBling|gg
|l|ChingoBling
|player|p1