|join|jb champ
|join|TotoAnnihilation
|c|★TotoAnnihilation|gl hf
|join|rolling da dice
|c|★jb champ|gl hf
|player|p1|jb champ|150
|player|p2|TotoAnnihilation|184
|gametype|singles
|gen|1
|tier|[Gen 1] Random Battle
|rule|Sleep Clause Mod: Limit one foe put to sleep
|rule|Freeze Clause Mod: Limit one foe frozen
|rule|HP Percentage Mod: HP is shown in percentages
|
|start
|switch|p1a: Dugtrio|Dugtrio, L78|215\/215
|switch|p2a: Clefable|Clefable, L78|308\/308
|turn|1
|
|move|p1a: Dugtrio|Sand Attack|p2a: Clefable
|-unboost|p2a: Clefable|accuracy|1
|move|p2a: Clefable|Sing|p1a: Dugtrio
|-status|p1a: Dugtrio|slp
|
|turn|2
|
|switch|p1a: Kingler|Kingler, L78|246\/246
|switch|p2a: Seaking|Seaking, L78|285\/285
|
|turn|3
|
|move|p1a: Kingler|Swords Dance|p1a: Kingler
|-boost|p1a: Kingler|atk|2
|move|p2a: Seaking|Double-Edge|p1a: Kingler
|-damage|p1a: Kingler|196\/246
|-damage|p2a: Seaking|273\/285|[from] recoil|[of] p1a: Kingler
|
|turn|4
|c|★TotoAnnihilation|sht its over
|
|move|p1a: Kingler|Body Slam|p2a: Seaking
|-damage|p2a: Seaking|93\/285
|move|p2a: Seaking|Hyper Beam|p1a: Kingler
|-damage|p1a: Kingler|120\/246
|
|turn|5
|
|move|p1a: Kingler|Swords Dance|p1a: Kingler
|-boost|p1a: Kingler|atk|2
|cant|p2a: Seaking|recharge
|
|turn|6
|
|move|p1a: Kingler|Body Slam|p2a: Seaking
|-damage|p2a: Seaking|0 fnt
|faint|p2a: Seaking
|
|switch|p2a: Aerodactyl|Aerodactyl, L78|285\/285
|
|turn|7
|
|move|p2a: Aerodactyl|Sky Attack|p1a: Kingler|[still]
|-prepare|p2a: Aerodactyl|Sky Attack|p1a: Kingler
|move|p1a: Kingler|Crabhammer|p2a: Aerodactyl
|-crit|p2a: Aerodactyl
|-supereffective|p2a: Aerodactyl
|-damage|p2a: Aerodactyl|14\/285
|
|turn|8
|
|switch|p1a: Electrode|Electrode, L78|254\/254
|move|p2a: Aerodactyl|Sky Attack|p1a: Electrode
|-resisted|p1a: Electrode
|-damage|p1a: Electrode|172\/254
|
|turn|9
|
|switch|p2a: Sandslash|Sandslash, L78|277\/277
|move|p1a: Electrode|Thunderbolt|p2a: Sandslash
|-immune|p2a: Sandslash|[msg]
|
|turn|10
|
|switch|p1a: Dodrio|Dodrio, L78|254\/254
|move|p2a: Sandslash|Substitute|p2a: Sandslash
|-start|p2a: Sandslash|Substitute
|-damage|p2a: Sandslash|208\/277
|
|turn|11
|
|move|p1a: Dodrio|Body Slam|p2a: Sandslash
|-end|p2a: Sandslash|Substitute
|move|p2a: Sandslash|Body Slam|p1a: Dodrio
|-damage|p1a: Dodrio|192\/254
|
|turn|12
|
|move|p1a: Dodrio|Body Slam|p2a: Sandslash
|-damage|p2a: Sandslash|134\/277
|move|p2a: Sandslash|Body Slam|p1a: Dodrio
|-damage|p1a: Dodrio|130\/254
|
|turn|13
|
|move|p1a: Dodrio|Hyper Beam|p2a: Sandslash
|-damage|p2a: Sandslash|0 fnt
|faint|p2a: Sandslash
|
|switch|p2a: Jolteon|Jolteon, L78|261\/261
|
|turn|14
|
|switch|p1a: Dugtrio|Dugtrio, L78|215\/215 slp
|move|p2a: Jolteon|Double Kick|p1a: Dugtrio
|-crit|p1a: Dugtrio
|-damage|p1a: Dugtrio|175\/215 slp
|-damage|p1a: Dugtrio|135\/215 slp
|-hitcount|p1a: Dugtrio|2
|
|turn|15
|
|move|p2a: Jolteon|Double Kick|p1a: Dugtrio
|-damage|p1a: Dugtrio|112\/215 slp
|-damage|p1a: Dugtrio|89\/215 slp
|-hitcount|p1a: Dugtrio|2
|cant|p1a: Dugtrio|slp
|
|turn|16
|
|switch|p2a: Pidgeot|Pidgeot, L78|290\/290
|cant|p1a: Dugtrio|slp
|
|turn|17
|
|switch|p1a: Seaking|Seaking, L78|285\/285
|move|p2a: Pidgeot|Double-Edge|p1a: Seaking
|-crit|p1a: Seaking
|-damage|p1a: Seaking|90\/285
|-damage|p2a: Pidgeot|242\/290|[from] recoil|[of] p1a: Seaking
|
|turn|18
|
|move|p2a: Pidgeot|Double-Edge|p1a: Seaking
|-damage|p1a: Seaking|0 fnt
|-damage|p2a: Pidgeot|220\/290|[from] recoil|[of] p1a: Seaking
|faint|p1a: Seaking
|
|switch|p1a: Electrode|Electrode, L78|172\/254
|
|turn|19
|raw|<div class="broadcast-blue"><b>You can now ladder on Gen 1 Random Battle, have fun!<\/b><\/div>
|
|move|p1a: Electrode|Thunder Wave|p2a: Pidgeot
|-status|p2a: Pidgeot|par
|move|p2a: Pidgeot|Double-Edge|p1a: Electrode
|-damage|p1a: Electrode|68\/254
|-damage|p2a: Pidgeot|194\/290 par|[from] recoil|[of] p1a: Electrode
|
|turn|20
|
|move|p1a: Electrode|Thunderbolt|p2a: Pidgeot
|-supereffective|p2a: Pidgeot
|-damage|p2a: Pidgeot|0 fnt
|faint|p2a: Pidgeot
|leave|rolling da dice
|
|switch|p2a: Jolteon|Jolteon, L78|261\/261
|
|turn|21
|
|move|p1a: Electrode|Thunder Wave|p2a: Jolteon
|-status|p2a: Jolteon|par
|cant|p2a: Jolteon|par
|
|turn|22
|
|move|p1a: Electrode|Explosion|p2a: Jolteon
|-damage|p2a: Jolteon|74\/261 par
|faint|p1a: Electrode
|
|switch|p1a: Dodrio|Dodrio, L78|130\/254
|turn|23
|
|move|p1a: Dodrio|Body Slam|p2a: Jolteon
|-damage|p2a: Jolteon|0 fnt
|faint|p2a: Jolteon
|c|★TotoAnnihilation|gg
|
|switch|p2a: Aerodactyl|Aerodactyl, L78|14\/285
|
|turn|24
|
|move|p2a: Aerodactyl|Double-Edge|p1a: Dodrio
|-damage|p1a: Dodrio|54\/254
|-damage|p2a: Aerodactyl|0 fnt|[from] recoil|[of] p1a: Dodrio
|faint|p2a: Aerodactyl
|
|switch|p2a: Clefable|Clefable, L78|308\/308
|move|p1a: Dodrio|Body Slam|p2a: Clefable
|-damage|p2a: Clefable|196\/308
|
|turn|25
|c|★jb champ|gg
|c|★jb champ|wait
|c|★jb champ|did my body slam just hit your next pokemon after aeroy died to recoil
|c|★TotoAnnihilation|yup
|c|★jb champ|that cant be right
|
|move|p1a: Dodrio|Hyper Beam|p2a: Clefable
|-damage|p2a: Clefable|3\/308
|move|p2a: Clefable|Counter|p1a: Dodrio
|-damage|p1a: Dodrio|0 fnt
|faint|p1a: Dodrio
|c|★TotoAnnihilation|everything was dif gen 1
|
|switch|p1a: Beedrill|Beedrill, L78|261\/261
|
|turn|26
|c|★jb champ|well perhaps
|c|★jb champ|i will still save the replay
|
|move|p1a: Beedrill|Twineedle|p2a: Clefable
|-damage|p2a: Clefable|0 fnt
|-hitcount|p2a: Clefable|1
|faint|p2a: Clefable
|
|win|jb champ
|c|★TotoAnnihilation|xD gg
|c|★TotoAnnihilation|gl in other rounds
|leave|TotoAnnihilation
|player|p2