|join|jb champ
|join|13izhfli
|player|p1|jb champ|150
|player|p2|13izhfli|2
|gametype|singles
|gen|1
|tier|[Gen 1] Random Battle
|rated
|rule|Sleep Clause Mod: Limit one foe put to sleep
|rule|Freeze Clause Mod: Limit one foe frozen
|rule|HP Percentage Mod: HP is shown in percentages
|
|start
|switch|p1a: Dragonair|Dragonair, L85|277\/277
|switch|p2a: Clefable|Clefable, L85|335\/335
|turn|1
|
|move|p1a: Dragonair|Surf|p2a: Clefable
|-damage|p2a: Clefable|277\/335
|move|p2a: Clefable|Ice Beam|p1a: Dragonair
|-supereffective|p1a: Dragonair
|-damage|p1a: Dragonair|121\/277
|
|turn|2
|
|move|p1a: Dragonair|Thunderbolt|p2a: Clefable
|-crit|p2a: Clefable
|-damage|p2a: Clefable|166\/335
|move|p2a: Clefable|Ice Beam|p1a: Dragonair
|-supereffective|p1a: Dragonair
|-damage|p1a: Dragonair|0 fnt
|faint|p1a: Dragonair
|
|switch|p1a: Magmar|Magmar, L85|284\/284
|turn|3
|
|switch|p2a: Kingler|Kingler, L85|267\/267
|move|p1a: Magmar|Fire Blast|p2a: Kingler
|-resisted|p2a: Kingler
|-damage|p2a: Kingler|190\/267
|
|turn|4
|
|switch|p1a: Psyduck|Psyduck, L96|291\/291
|move|p2a: Kingler|Crabhammer|p1a: Psyduck|[miss]
|-miss|p2a: Kingler
|
|turn|5
|
|move|p2a: Kingler|Body Slam|p1a: Psyduck
|-damage|p1a: Psyduck|196\/291
|-status|p1a: Psyduck|par
|cant|p1a: Psyduck|par
|
|turn|6
|
|move|p2a: Kingler|Body Slam|p1a: Psyduck
|-damage|p1a: Psyduck|105\/291 par
|cant|p1a: Psyduck|par
|
|turn|7
|
|move|p2a: Kingler|Swords Dance|p2a: Kingler
|-boost|p2a: Kingler|atk|2
|move|p1a: Psyduck|Rest|p1a: Psyduck
|-status|p1a: Psyduck|slp
|-heal|p1a: Psyduck|291\/291 slp|[silent]
|-status|p1a: Psyduck|slp|[from] move: Rest
|
|turn|8
|
|switch|p1a: Magmar|Magmar, L85|284\/284
|move|p2a: Kingler|Body Slam|p1a: Magmar
|-damage|p1a: Magmar|80\/284
|-status|p1a: Magmar|par
|
|turn|9
|
|move|p2a: Kingler|Body Slam|p1a: Magmar
|-crit|p1a: Magmar
|-damage|p1a: Magmar|0 fnt
|faint|p1a: Magmar
|
|switch|p1a: Snorlax|Snorlax, L79|415\/415
|turn|10
|
|move|p2a: Kingler|Body Slam|p1a: Snorlax
|-damage|p1a: Snorlax|225\/415
|move|p1a: Snorlax|Body Slam|p2a: Kingler
|-damage|p2a: Kingler|121\/267
|
|turn|11
|
|move|p2a: Kingler|Hyper Beam|p1a: Snorlax
|-damage|p1a: Snorlax|0 fnt
|faint|p1a: Snorlax
|
|switch|p1a: Pidgeotto|Pidgeotto, L85|281\/281
|turn|12
|
|move|p2a: Kingler|Body Slam|p1a: Pidgeotto
|-damage|p1a: Pidgeotto|79\/281
|move|p1a: Pidgeotto|Reflect|p1a: Pidgeotto
|-start|p1a: Pidgeotto|Reflect
|
|turn|13
|
|move|p2a: Kingler|Body Slam|p1a: Pidgeotto
|-damage|p1a: Pidgeotto|0 fnt
|faint|p1a: Pidgeotto
|
|switch|p1a: Nidorina|Nidorina, L90|309\/309
|turn|14
|
|move|p2a: Kingler|Body Slam|p1a: Nidorina
|-damage|p1a: Nidorina|146\/309
|move|p1a: Nidorina|Thunder|p2a: Kingler
|-supereffective|p2a: Kingler
|-damage|p2a: Kingler|0 fnt
|faint|p2a: Kingler
|
|switch|p2a: Butterfree|Butterfree, L85|276\/276
|turn|15
|
|move|p2a: Butterfree|Psychic|p1a: Nidorina
|-supereffective|p1a: Nidorina
|-damage|p1a: Nidorina|8\/309
|-unboost|p1a: Nidorina|spd|1
|-unboost|p1a: Nidorina|spa|1
|move|p1a: Nidorina|Thunder|p2a: Butterfree
|-supereffective|p2a: Butterfree
|-damage|p2a: Butterfree|173\/276
|
|turn|16
|
|move|p2a: Butterfree|Mega Drain|p1a: Nidorina
|-resisted|p1a: Nidorina
|-damage|p1a: Nidorina|0 fnt
|-heal|p2a: Butterfree|177\/276|[from] drain|[of] p1a: Nidorina
|faint|p1a: Nidorina
|
|switch|p1a: Psyduck|Psyduck, L96|291\/291 slp
|turn|17
|
|move|p2a: Butterfree|Mega Drain|p1a: Psyduck
|-supereffective|p1a: Psyduck
|-damage|p1a: Psyduck|224\/291 slp
|-heal|p2a: Butterfree|210\/276|[from] drain|[of] p1a: Psyduck
|cant|p1a: Psyduck|slp
|
|turn|18
|
|move|p2a: Butterfree|Mega Drain|p1a: Psyduck
|-supereffective|p1a: Psyduck
|-damage|p1a: Psyduck|162\/291 slp
|-heal|p2a: Butterfree|241\/276|[from] drain|[of] p1a: Psyduck
|cant|p1a: Psyduck|slp
|-curestatus|p1a: Psyduck|slp
|
|turn|19
|
|move|p2a: Butterfree|Sleep Powder|p1a: Psyduck
|-status|p1a: Psyduck|slp
|cant|p1a: Psyduck|slp
|
|turn|20
|
|move|p2a: Butterfree|Mega Drain|p1a: Psyduck
|-supereffective|p1a: Psyduck
|-damage|p1a: Psyduck|98\/291 slp
|-heal|p2a: Butterfree|273\/276|[from] drain|[of] p1a: Psyduck
|cant|p1a: Psyduck|slp
|
|turn|21
|
|move|p2a: Butterfree|Mega Drain|p1a: Psyduck
|-supereffective|p1a: Psyduck
|-damage|p1a: Psyduck|37\/291 slp
|-heal|p2a: Butterfree|276\/276|[from] drain|[of] p1a: Psyduck
|cant|p1a: Psyduck|slp
|
|turn|22
|
|move|p2a: Butterfree|Mega Drain|p1a: Psyduck
|-supereffective|p1a: Psyduck
|-damage|p1a: Psyduck|0 fnt
|faint|p1a: Psyduck
|
|win|13izhfli
|raw|Ladder updating...
|raw|jb champ's rating: 1277 &rarr; <strong>1237<\/strong><br \/>(-40 for losing)
|raw|13izhfli's rating: 1038 &rarr; <strong>1093<\/strong><br \/>(+55 for winning)