|join|MALESANI
|join|dikhedman
|player|p1|MALESANI|238
|player|p2|dikhedman|2
|gametype|singles
|gen|1
|tier|[Gen 1] Random Battle
|rated
|seed|6383,12396,23876,47242
|rule|Sleep Clause Mod: Limit one foe put to sleep
|rule|Freeze Clause Mod: Limit one foe frozen
|rule|HP Percentage Mod: HP is shown in percentages
|
|start
|switch|p1a: Dodrio|Dodrio, L85|276\/276
|switch|p2a: Rapidash|Rapidash, L90|300\/300
|turn|1
|choice|switch 4|move 2
|
|switch|p1a: Arcanine|Arcanine, L85|327\/327
|move|p2a: Rapidash|Agility|p2a: Rapidash
|-boost|p2a: Rapidash|spe|2
|
|turn|2
|c|★dikhedman|hello
|choice|move 4|move 2
|
|move|p2a: Rapidash|Agility|p2a: Rapidash
|-boost|p2a: Rapidash|spe|2
|move|p1a: Arcanine|Body Slam|p2a: Rapidash
|-damage|p2a: Rapidash|232\/300
|
|turn|3
|c|★MALESANI|hi
|c|★MALESANI|good luck
|choice|move 4|move 3
|
|move|p2a: Rapidash|Body Slam|p1a: Arcanine
|-damage|p1a: Arcanine|258\/327
|move|p1a: Arcanine|Body Slam|p2a: Rapidash
|-damage|p2a: Rapidash|161\/300
|
|turn|4
|c|★dikhedman|u too
|choice|move 4|switch 4
|
|switch|p2a: Onix|Onix, L90|246\/246
|move|p1a: Arcanine|Body Slam|p2a: Onix
|-resisted|p2a: Onix
|-damage|p2a: Onix|225\/246
|
|turn|5
|choice|switch 2|move 2
|
|switch|p1a: Dragonite|Dragonite, L85|328\/328
|move|p2a: Onix|Rock Slide|p1a: Dragonite
|-supereffective|p1a: Dragonite
|-damage|p1a: Dragonite|218\/328
|
|turn|6
|choice|move 3|move 3
|
|move|p1a: Dragonite|Blizzard|p2a: Onix
|-supereffective|p2a: Onix
|-damage|p2a: Onix|0 fnt
|faint|p2a: Onix
|choice||switch 6
|
|switch|p2a: Jolteon|Jolteon, L79|265\/265
|turn|7
|choice|move 3|move 3
|
|move|p2a: Jolteon|Sand Attack|p1a: Dragonite
|-unboost|p1a: Dragonite|accuracy|1
|move|p1a: Dragonite|Blizzard|p2a: Jolteon
|-damage|p2a: Jolteon|185\/265
|
|turn|8
|choice|move 3|move 3
|
|move|p2a: Jolteon|Sand Attack|p1a: Dragonite
|-unboost|p1a: Dragonite|accuracy|1
|move|p1a: Dragonite|Blizzard|p2a: Jolteon
|-damage|p2a: Jolteon|100\/265
|
|turn|9
|choice|switch 6|move 1
|
|switch|p1a: Mr. Mime|Mr. Mime, L85|242\/242
|move|p2a: Jolteon|Thunderbolt|p1a: Mr. Mime
|-damage|p1a: Mr. Mime|156\/242
|
|turn|10
|choice|move 3|switch 5
|
|switch|p2a: Snorlax|Snorlax, L79|415\/415
|move|p1a: Mr. Mime|Thunder Wave|p2a: Snorlax
|-status|p2a: Snorlax|par
|
|turn|11
|choice|move 1|move 3
|
|move|p1a: Mr. Mime|Psychic|p2a: Snorlax
|-damage|p2a: Snorlax|286\/415 par
|-unboost|p2a: Snorlax|spd|1
|-unboost|p2a: Snorlax|spa|1
|cant|p2a: Snorlax|par
|
|turn|12
|choice|move 1|move 4
|
|move|p1a: Mr. Mime|Psychic|p2a: Snorlax
|-damage|p2a: Snorlax|105\/415 par
|-unboost|p2a: Snorlax|spd|1
|-unboost|p2a: Snorlax|spa|1
|move|p2a: Snorlax|Surf|p1a: Mr. Mime
|-damage|p1a: Mr. Mime|135\/242
|
|turn|13
|choice|move 1|move 2
|
|move|p1a: Mr. Mime|Psychic|p2a: Snorlax
|-damage|p2a: Snorlax|0 fnt
|faint|p2a: Snorlax
|choice||switch 3
|
|switch|p2a: Fearow|Fearow, L90|300\/300
|turn|14
|choice|switch 5|move 2
|
|switch|p1a: Cloyster|Cloyster, L83|253\/253
|move|p2a: Fearow|Drill Peck|p1a: Cloyster
|-damage|p1a: Cloyster|202\/253
|
|turn|15
|choice|move 3|switch 2
|
|switch|p2a: Weezing|Weezing, L90|300\/300
|move|p1a: Cloyster|Ice Beam|p2a: Weezing
|-damage|p2a: Weezing|211\/300
|
|turn|16
|choice|switch 2|move 3
|
|switch|p1a: Arcanine|Arcanine, L85|258\/327
|move|p2a: Weezing|Fire Blast|p1a: Arcanine
|-resisted|p1a: Arcanine
|-damage|p1a: Arcanine|211\/327
|
|turn|17
|choice|move 1|move 2
|
|move|p1a: Arcanine|Fire Blast|p2a: Weezing
|-damage|p2a: Weezing|97\/300
|move|p2a: Weezing|Thunderbolt|p1a: Arcanine
|-crit|p1a: Arcanine
|-damage|p1a: Arcanine|60\/327
|
|turn|18
|choice|move 2|move 2
|
|move|p1a: Arcanine|Hyper Beam|p2a: Weezing
|-damage|p2a: Weezing|13\/300
|move|p2a: Weezing|Thunderbolt|p1a: Arcanine
|-crit|p1a: Arcanine
|-damage|p1a: Arcanine|0 fnt
|faint|p1a: Arcanine
|choice|switch 3|
|
|switch|p1a: Raichu|Raichu, L85|276\/276
|turn|19
|choice|move 1|switch 5
|
|switch|p2a: Jolteon|Jolteon, L79|100\/265
|move|p1a: Raichu|Surf|p2a: Jolteon
|-damage|p2a: Jolteon|36\/265
|
|turn|20
|choice|switch 6|move 3
|
|switch|p1a: Dragonite|Dragonite, L85|218\/328
|move|p2a: Jolteon|Sand Attack|p1a: Dragonite
|-unboost|p1a: Dragonite|accuracy|1
|
|turn|21
|choice|move 4|move 1
|
|move|p2a: Jolteon|Thunderbolt|p1a: Dragonite
|-damage|p1a: Dragonite|136\/328
|move|p1a: Dragonite|Hyper Beam|p2a: Jolteon
|-damage|p2a: Jolteon|0 fnt
|faint|p2a: Jolteon
|choice||switch 4
|
|switch|p2a: Rapidash|Rapidash, L90|161\/300
|turn|22
|choice|move 3|move 1
|
|move|p2a: Rapidash|Fire Blast|p1a: Dragonite
|-resisted|p1a: Dragonite
|-damage|p1a: Dragonite|78\/328
|-status|p1a: Dragonite|brn
|move|p1a: Dragonite|Blizzard|p2a: Rapidash|[miss]
|-miss|p1a: Dragonite
|-damage|p1a: Dragonite|58\/328 brn|[from] brn|[of] p2a: Rapidash
|
|turn|23
|choice|move 3|move 1
|
|move|p2a: Rapidash|Fire Blast|p1a: Dragonite
|-resisted|p1a: Dragonite
|-damage|p1a: Dragonite|0 fnt
|faint|p1a: Dragonite
|choice|switch 6|
|
|switch|p1a: Raichu|Raichu, L85|276\/276
|turn|24
|choice|move 1|move 2
|
|move|p2a: Rapidash|Agility|p2a: Rapidash
|-boost|p2a: Rapidash|spe|2
|move|p1a: Raichu|Surf|p2a: Rapidash
|-crit|p2a: Rapidash
|-supereffective|p2a: Rapidash
|-damage|p2a: Rapidash|0 fnt
|faint|p2a: Rapidash
|choice||switch 5
|
|switch|p2a: Weezing|Weezing, L90|13\/300
|turn|25
|choice|move 2|move 1
|
|move|p1a: Raichu|Body Slam|p2a: Weezing
|-damage|p2a: Weezing|0 fnt
|faint|p2a: Weezing
|choice||switch 2
|
|switch|p2a: Fearow|Fearow, L90|300\/300
|turn|26
|choice|move 1|move 4
|
|move|p2a: Fearow|Hyper Beam|p1a: Raichu
|-damage|p1a: Raichu|47\/276
|move|p1a: Raichu|Surf|p2a: Fearow
|-damage|p2a: Fearow|225\/300
|
|turn|27
|-mustrecharge|p2a: Fearow
|-mustrecharge|p2a: Fearow
|choice|move 3|move 1
|
|cant|p2a: Fearow|recharge
|move|p1a: Raichu|Agility|p1a: Raichu
|-boost|p1a: Raichu|spe|2
|
|turn|28
|choice|move 1|move 4
|
|move|p1a: Raichu|Surf|p2a: Fearow
|-crit|p2a: Fearow
|-damage|p2a: Fearow|85\/300
|move|p2a: Fearow|Hyper Beam|p1a: Raichu
|-crit|p1a: Raichu
|-damage|p1a: Raichu|0 fnt
|faint|p1a: Raichu
|choice|switch 5|
|
|switch|p1a: Mr. Mime|Mr. Mime, L85|135\/242
|turn|29
|choice|move 3|move 4
|
|move|p2a: Fearow|Hyper Beam|p1a: Mr. Mime
|-damage|p1a: Mr. Mime|0 fnt
|faint|p1a: Mr. Mime
|choice|switch 4|
|
|switch|p1a: Dodrio|Dodrio, L85|276\/276
|turn|30
|choice|move 3|move 4
|
|move|p2a: Fearow|Hyper Beam|p1a: Dodrio
|-damage|p1a: Dodrio|79\/276
|move|p1a: Dodrio|Body Slam|p2a: Fearow
|-crit|p2a: Fearow
|-damage|p2a: Fearow|0 fnt
|faint|p2a: Fearow
|
|win|MALESANI
|raw|MALESANI's rating: 1278 &rarr; <strong>1288<\/strong><br \/>(+10 for winning)
|raw|dikhedman's rating: 1050 &rarr; <strong>1043<\/strong><br \/>(-7 for losing)