|j|Huntersiegel
|j|Dazmi
|player|p1|Huntersiegel|169
|player|p2|Dazmi|65
|gametype|singles
|gen|1
|tier|[Gen 1] OU
|rated
|seed|
|rule|Sleep Clause Mod: Limit one foe put to sleep
|rule|Freeze Clause Mod: Limit one foe frozen
|rule|Species Clause: Limit one of each Pokémon
|rule|OHKO Clause: OHKO moves are banned
|rule|Evasion Moves Clause: Evasion moves are banned
|rule|HP Percentage Mod: HP is shown in percentages
|
|start
|switch|p1a: Dragonite|Dragonite|100\/100
|switch|p2a: Victreebel|Victreebel|100\/100
|turn|1
|choice||
|
|move|p1a: Dragonite|Fire Blast|p2a: Victreebel
|-supereffective|p2a: Victreebel
|-damage|p2a: Victreebel|47\/100
|move|p2a: Victreebel|Stun Spore|p1a: Dragonite|[miss]
|-miss|p2a: Victreebel
|
|turn|2
|choice||
|
|move|p1a: Dragonite|Ice Beam|p2a: Victreebel
|-supereffective|p2a: Victreebel
|-damage|p2a: Victreebel|5\/100
|move|p2a: Victreebel|Stun Spore|p1a: Dragonite|[miss]
|-miss|p2a: Victreebel
|
|turn|3
|choice||
|
|move|p1a: Dragonite|Ice Beam|p2a: Victreebel
|-supereffective|p2a: Victreebel
|-damage|p2a: Victreebel|0 fnt
|faint|p2a: Victreebel
|choice||
|
|switch|p2a: Cloyster|Cloyster|100\/100
|turn|4
|choice||
|
|move|p1a: Dragonite|Thunderbolt|p2a: Cloyster
|-supereffective|p2a: Cloyster
|-damage|p2a: Cloyster|50\/100
|move|p2a: Cloyster|Blizzard|p1a: Dragonite|[miss]
|-miss|p2a: Cloyster
|
|turn|5
|choice||
|
|move|p1a: Dragonite|Thunderbolt|p2a: Cloyster
|-supereffective|p2a: Cloyster
|-damage|p2a: Cloyster|0 fnt
|faint|p2a: Cloyster
|choice||
|
|switch|p2a: Tauros|Tauros|100\/100
|turn|6
|choice||
|
|switch|p1a: Gengar|Gengar|100\/100
|move|p2a: Tauros|Blizzard|p1a: Gengar|[miss]
|-miss|p2a: Tauros
|
|turn|7
|choice||
|
|move|p1a: Gengar|Hypnosis|p2a: Tauros
|-status|p2a: Tauros|slp
|cant|p2a: Tauros|slp
|
|turn|8
|choice||
|
|cant|p2a: Tauros|slp
|move|p1a: Gengar|Dream Eater|p2a: Tauros
|-damage|p2a: Tauros|66\/100 slp
|
|turn|9
|choice||
|
|move|p1a: Gengar|Psychic|p2a: Tauros
|-damage|p2a: Tauros|37\/100 slp
|cant|p2a: Tauros|slp
|
|turn|10
|choice||
|
|move|p1a: Gengar|Psychic|p2a: Tauros
|-damage|p2a: Tauros|4\/100 slp
|cant|p2a: Tauros|slp
|
|turn|11
|choice||
|
|move|p1a: Gengar|Psychic|p2a: Tauros
|-damage|p2a: Tauros|0 fnt
|faint|p2a: Tauros
|choice||
|
|switch|p2a: Alakazam|Alakazam|100\/100
|turn|12
|choice||
|
|move|p2a: Alakazam|Psychic|p1a: Gengar
|-supereffective|p1a: Gengar
|-damage|p1a: Gengar|32\/100
|-unboost|p1a: Gengar|spd|1
|-unboost|p1a: Gengar|spa|1
|move|p1a: Gengar|Hypnosis|p2a: Alakazam
|-status|p2a: Alakazam|slp
|
|turn|13
|choice||
|
|-curestatus|p2a: Alakazam|slp
|move|p1a: Gengar|Dream Eater|p2a: Alakazam
|-immune|p2a: Alakazam|[msg]
|
|turn|14
|choice||
|
|move|p2a: Alakazam|Psychic|p1a: Gengar
|-supereffective|p1a: Gengar
|-damage|p1a: Gengar|0 fnt
|faint|p1a: Gengar
|choice||
|
|switch|p1a: Golem|Golem|100\/100
|turn|15
|choice||
|
|switch|p2a: Snorlax|Snorlax|100\/100
|move|p1a: Golem|Earthquake|p2a: Snorlax
|-damage|p2a: Snorlax|67\/100
|
|turn|16
|choice||
|
|move|p2a: Snorlax|Surf|p1a: Golem
|-crit|p1a: Golem
|-supereffective|p1a: Golem
|-damage|p1a: Golem|0 fnt
|faint|p1a: Golem
|choice||
|
|switch|p1a: Snorlax|Snorlax|100\/100
|turn|17
|choice||
|
|move|p1a: Snorlax|Earthquake|p2a: Snorlax
|-damage|p2a: Snorlax|45\/100
|move|p2a: Snorlax|Body Slam|p1a: Snorlax
|-damage|p1a: Snorlax|74\/100
|
|turn|18
|choice||
|
|move|p2a: Snorlax|Self-Destruct|p1a: Snorlax
|-damage|p1a: Snorlax|0 fnt
|faint|p1a: Snorlax
|faint|p2a: Snorlax
|choice||
|
|switch|p2a: Alakazam|Alakazam|100\/100
|switch|p1a: Dragonite|Dragonite|100\/100
|turn|19
|choice||
|
|move|p2a: Alakazam|Thunder Wave|p1a: Dragonite
|-status|p1a: Dragonite|par
|move|p1a: Dragonite|Ice Beam|p2a: Alakazam
|-damage|p2a: Alakazam|81\/100
|
|turn|20
|choice||
|
|move|p2a: Alakazam|Psychic|p1a: Dragonite
|-damage|p1a: Dragonite|64\/100 par
|move|p1a: Dragonite|Hyper Beam|p2a: Alakazam
|-damage|p2a: Alakazam|3\/100
|
|turn|21
|-mustrecharge|p1a: Dragonite
|-mustrecharge|p1a: Dragonite
|choice||
|
|move|p2a: Alakazam|Recover|p2a: Alakazam
|-heal|p2a: Alakazam|53\/100
|cant|p1a: Dragonite|recharge
|
|turn|22
|choice||
|
|move|p2a: Alakazam|Reflect|p2a: Alakazam
|-start|p2a: Alakazam|Reflect
|move|p1a: Dragonite|Hyper Beam|p2a: Alakazam|[miss]
|-miss|p1a: Dragonite
|
|turn|23
|choice||
|
|move|p2a: Alakazam|Recover|p2a: Alakazam
|-heal|p2a: Alakazam|100\/100
|move|p1a: Dragonite|Hyper Beam|p2a: Alakazam
|-damage|p2a: Alakazam|64\/100
|
|turn|24
|-mustrecharge|p1a: Dragonite
|-mustrecharge|p1a: Dragonite
|choice||
|
|move|p2a: Alakazam|Psychic|p1a: Dragonite
|-damage|p1a: Dragonite|29\/100 par
|-unboost|p1a: Dragonite|spd|1
|-unboost|p1a: Dragonite|spa|1
|cant|p1a: Dragonite|recharge
|
|turn|25
|choice||
|
|move|p2a: Alakazam|Psychic|p1a: Dragonite
|-damage|p1a: Dragonite|0 fnt
|faint|p1a: Dragonite
|choice||
|
|switch|p1a: Jolteon|Jolteon|100\/100
|turn|26
|choice||
|
|move|p1a: Jolteon|Double Kick|p2a: Alakazam
|-resisted|p2a: Alakazam
|-damage|p2a: Alakazam|62\/100
|-damage|p2a: Alakazam|59\/100
|-hitcount|p2a: Alakazam|2
|move|p2a: Alakazam|Psychic|p1a: Jolteon
|-damage|p1a: Jolteon|64\/100
|
|turn|27
|choice||
|
|move|p1a: Jolteon|Thunderbolt|p2a: Alakazam
|-crit|p2a: Alakazam
|-damage|p2a: Alakazam|0 fnt
|faint|p2a: Alakazam
|choice||
|
|switch|p2a: Dragonite|Dragonite|100\/100
|turn|28
|choice||
|
|move|p1a: Jolteon|Thunderbolt|p2a: Dragonite
|-damage|p2a: Dragonite|70\/100
|move|p2a: Dragonite|Agility|p2a: Dragonite
|-boost|p2a: Dragonite|spe|2
|
|turn|29
|choice||
|
|move|p2a: Dragonite|Wrap|p1a: Jolteon
|-damage|p1a: Jolteon|58\/100
|cant|p1a: Jolteon|partiallytrapped
|
|turn|30
|choice||
|
|move|p2a: Dragonite|Wrap|p1a: Jolteon|[from]Wrap
|-damage|p1a: Jolteon|52\/100
|cant|p1a: Jolteon|partiallytrapped
|
|turn|31
|choice||
|
|move|p2a: Dragonite|Wrap|p1a: Jolteon
|-crit|p1a: Jolteon
|-damage|p1a: Jolteon|40\/100
|cant|p1a: Jolteon|partiallytrapped
|
|turn|32
|choice||
|
|move|p2a: Dragonite|Wrap|p1a: Jolteon|[from]Wrap
|-damage|p1a: Jolteon|28\/100
|cant|p1a: Jolteon|partiallytrapped
|
|turn|33
|choice||
|
|move|p2a: Dragonite|Wrap|p1a: Jolteon|[from]Wrap
|-damage|p1a: Jolteon|15\/100
|cant|p1a: Jolteon|partiallytrapped
|
|turn|34
|choice||
|
|move|p2a: Dragonite|Wrap|p1a: Jolteon|[from]Wrap
|-damage|p1a: Jolteon|3\/100
|cant|p1a: Jolteon|partiallytrapped
|
|turn|35
|choice||
|
|move|p2a: Dragonite|Wrap|p1a: Jolteon|[from]Wrap
|-damage|p1a: Jolteon|0 fnt
|faint|p1a: Jolteon
|choice||
|
|switch|p1a: Ninetales|Ninetales|100\/100
|turn|36
|choice||
|
|move|p2a: Dragonite|Wrap|p1a: Ninetales
|-damage|p1a: Ninetales|95\/100
|cant|p1a: Ninetales|partiallytrapped
|
|turn|37
|choice||
|
|move|p2a: Dragonite|Wrap|p1a: Ninetales|[from]Wrap
|-damage|p1a: Ninetales|90\/100
|cant|p1a: Ninetales|partiallytrapped
|
|turn|38
|choice||
|
|move|p2a: Dragonite|Wrap|p1a: Ninetales|[from]Wrap
|-damage|p1a: Ninetales|84\/100
|cant|p1a: Ninetales|partiallytrapped
|
|turn|39
|choice||
|
|move|p2a: Dragonite|Wrap|p1a: Ninetales
|-damage|p1a: Ninetales|79\/100
|cant|p1a: Ninetales|partiallytrapped
|
|turn|40
|choice||
|
|move|p2a: Dragonite|Wrap|p1a: Ninetales|[from]Wrap
|-damage|p1a: Ninetales|73\/100
|cant|p1a: Ninetales|partiallytrapped
|
|turn|41
|choice||
|
|move|p2a: Dragonite|Wrap|p1a: Ninetales|[from]Wrap
|-damage|p1a: Ninetales|68\/100
|cant|p1a: Ninetales|partiallytrapped
|
|turn|42
|choice||
|
|move|p2a: Dragonite|Wrap|p1a: Ninetales
|-damage|p1a: Ninetales|63\/100
|cant|p1a: Ninetales|partiallytrapped
|
|turn|43
|choice||
|
|move|p2a: Dragonite|Wrap|p1a: Ninetales|[from]Wrap
|-damage|p1a: Ninetales|58\/100
|cant|p1a: Ninetales|partiallytrapped
|
|turn|44
|choice||
|
|move|p2a: Dragonite|Wrap|p1a: Ninetales|[from]Wrap
|-damage|p1a: Ninetales|52\/100
|cant|p1a: Ninetales|partiallytrapped
|
|turn|45
|choice||
|
|move|p2a: Dragonite|Wrap|p1a: Ninetales
|-damage|p1a: Ninetales|47\/100
|cant|p1a: Ninetales|partiallytrapped
|
|turn|46
|choice||
|
|move|p2a: Dragonite|Wrap|p1a: Ninetales|[from]Wrap
|-damage|p1a: Ninetales|43\/100
|cant|p1a: Ninetales|partiallytrapped
|
|turn|47
|choice||
|
|move|p2a: Dragonite|Wrap|p1a: Ninetales
|-crit|p1a: Ninetales
|-damage|p1a: Ninetales|32\/100
|cant|p1a: Ninetales|partiallytrapped
|
|turn|48
|choice||
|
|move|p2a: Dragonite|Wrap|p1a: Ninetales|[from]Wrap
|-damage|p1a: Ninetales|22\/100
|cant|p1a: Ninetales|partiallytrapped
|
|turn|49
|choice||
|
|move|p2a: Dragonite|Wrap|p1a: Ninetales|[miss]
|-miss|p2a: Dragonite
|move|p1a: Ninetales|Reflect|p1a: Ninetales
|-start|p1a: Ninetales|Reflect
|
|turn|50
|choice||
|
|move|p2a: Dragonite|Hyper Beam|p1a: Ninetales
|-damage|p1a: Ninetales|0 fnt
|faint|p1a: Ninetales
|
|win|Dazmi
|player|p1
|player|p2
|raw|Huntersiegel's rating: 1000 &rarr; <strong>1000<\/strong><br \/>(+0 for losing)
|raw|Dazmi's rating: 1221 &rarr; <strong>1232<\/strong><br \/>(+11 for winning)
|c|★Dazmi|gg