|j|Tgvhvhj
|j|Ynohtna Nygeb
|player|p1|Tgvhvhj|5
|player|p2|Ynohtna Nygeb|101
|gametype|singles
|gen|1
|tier|[Gen 1] Random Battle
|rated
|seed|29347,54623,51291,13261
|rule|Sleep Clause Mod: Limit one foe put to sleep
|rule|Freeze Clause Mod: Limit one foe frozen
|rule|HP Percentage Mod: HP is shown in percentages
|
|start
|switch|p1a: Mew|Mew, L74|300\/300
|switch|p2a: Haunter|Haunter, L85|250\/250
|turn|1
|choice|switch 2|switch 4
|
|switch|p2a: Snorlax|Snorlax, L79|415\/415
|switch|p1a: Nidoqueen|Nidoqueen, L85|327\/327
|
|turn|2
|choice|switch 3|move 4
|
|switch|p1a: Omanyte|Omanyte, L96|262\/262
|move|p2a: Snorlax|Surf|p1a: Omanyte
|-damage|p1a: Omanyte|223\/262
|
|turn|3
|choice|move 4|move 1
|
|move|p1a: Omanyte|Seismic Toss|p2a: Snorlax
|-damage|p2a: Snorlax|319\/415
|move|p2a: Snorlax|Amnesia|p2a: Snorlax
|-boost|p2a: Snorlax|spd|2
|-boost|p2a: Snorlax|spa|2
|
|turn|4
|choice|move 4|move 1
|
|move|p1a: Omanyte|Seismic Toss|p2a: Snorlax
|-damage|p2a: Snorlax|223\/415
|move|p2a: Snorlax|Amnesia|p2a: Snorlax
|-boost|p2a: Snorlax|spd|2
|-boost|p2a: Snorlax|spa|2
|
|turn|5
|choice|move 4|move 4
|
|move|p1a: Omanyte|Seismic Toss|p2a: Snorlax
|-damage|p2a: Snorlax|127\/415
|move|p2a: Snorlax|Surf|p1a: Omanyte
|-damage|p1a: Omanyte|103\/262
|
|turn|6
|choice|move 4|move 4
|
|move|p1a: Omanyte|Seismic Toss|p2a: Snorlax
|-damage|p2a: Snorlax|31\/415
|move|p2a: Snorlax|Surf|p1a: Omanyte
|-damage|p1a: Omanyte|0 fnt
|faint|p1a: Omanyte
|choice|switch 3|
|
|switch|p1a: Nidoqueen|Nidoqueen, L85|327\/327
|turn|7
|choice|move 2|move 2
|
|move|p1a: Nidoqueen|Body Slam|p2a: Snorlax
|-damage|p2a: Snorlax|0 fnt
|faint|p2a: Snorlax
|choice||switch 3
|
|switch|p2a: Omastar|Omastar, L90|309\/309
|turn|8
|choice|switch 6|move 3
|
|switch|p1a: Hitmonchan|Hitmonchan, L90|273\/273
|move|p2a: Omastar|Surf|p1a: Hitmonchan
|-damage|p1a: Hitmonchan|60\/273
|
|turn|9
|choice|move 2|switch 6
|
|switch|p2a: Butterfree|Butterfree, L90|291\/291
|move|p1a: Hitmonchan|Submission|p2a: Butterfree
|-resisted|p2a: Butterfree
|-damage|p2a: Butterfree|261\/291
|-damage|p1a: Hitmonchan|53\/273|[from] recoil|[of] p2a: Butterfree
|
|turn|10
|choice|move 4|move 2
|
|move|p1a: Hitmonchan|Body Slam|p2a: Butterfree
|-damage|p2a: Butterfree|171\/291
|move|p2a: Butterfree|Psychic|p1a: Hitmonchan
|-supereffective|p1a: Hitmonchan
|-damage|p1a: Hitmonchan|0 fnt
|faint|p1a: Hitmonchan
|choice|switch 5|
|
|switch|p1a: Charmeleon|Charmeleon, L85|272\/272
|turn|11
|choice|move 1|move 1
|
|move|p1a: Charmeleon|Substitute|p1a: Charmeleon
|-start|p1a: Charmeleon|Substitute
|-damage|p1a: Charmeleon|204\/272
|move|p2a: Butterfree|Sleep Powder|p1a: Charmeleon
|-status|p1a: Charmeleon|slp
|
|turn|12
|choice|move 4|move 2
|
|cant|p1a: Charmeleon|slp
|move|p2a: Butterfree|Psychic|p1a: Charmeleon
|-crit|p1a: Charmeleon
|-end|p1a: Charmeleon|Substitute
|
|turn|13
|choice|move 4|move 2
|
|cant|p1a: Charmeleon|slp
|move|p2a: Butterfree|Psychic|p1a: Charmeleon
|-damage|p1a: Charmeleon|133\/272 slp
|
|turn|14
|choice|move 4|move 2
|
|-curestatus|p1a: Charmeleon|slp
|move|p2a: Butterfree|Psychic|p1a: Charmeleon
|-damage|p1a: Charmeleon|54\/272
|
|turn|15
|choice|move 4|move 2
|
|move|p1a: Charmeleon|Fire Blast|p2a: Butterfree
|-supereffective|p2a: Butterfree
|-damage|p2a: Butterfree|0 fnt
|faint|p2a: Butterfree
|choice||switch 5
|
|switch|p2a: Nidorina|Nidorina, L90|309\/309
|turn|16
|choice|move 4|move 4
|
|move|p1a: Charmeleon|Fire Blast|p2a: Nidorina
|-damage|p2a: Nidorina|189\/309
|move|p2a: Nidorina|Thunderbolt|p1a: Charmeleon
|-damage|p1a: Charmeleon|0 fnt
|faint|p1a: Charmeleon
|choice|switch 6|
|
|switch|p1a: Nidoqueen|Nidoqueen, L85|327\/327
|turn|17
|choice|move 1|move 3
|
|move|p1a: Nidoqueen|Earthquake|p2a: Nidorina
|-crit|p2a: Nidorina
|-supereffective|p2a: Nidorina
|-damage|p2a: Nidorina|0 fnt
|faint|p2a: Nidorina
|choice||switch 6
|
|switch|p2a: Omastar|Omastar, L90|309\/309
|turn|18
|choice|switch 2|move 3
|
|switch|p1a: Mew|Mew, L74|300\/300
|move|p2a: Omastar|Surf|p1a: Mew
|-damage|p1a: Mew|175\/300
|
|turn|19
|choice|move 4|move 3
|
|move|p1a: Mew|Swords Dance|p1a: Mew
|-boost|p1a: Mew|atk|2
|move|p2a: Omastar|Surf|p1a: Mew
|-damage|p1a: Mew|48\/300
|
|turn|20
|choice|move 2|move 3
|
|move|p1a: Mew|Explosion|p2a: Omastar
|-resisted|p2a: Omastar
|-damage|p2a: Omastar|168\/309
|faint|p1a: Mew
|choice|switch 4|
|
|switch|p1a: Persian|Persian, L79|265\/265
|turn|21
|choice|move 4|move 3
|
|move|p1a: Persian|Thunderbolt|p2a: Omastar
|-supereffective|p2a: Omastar
|-damage|p2a: Omastar|98\/309
|move|p2a: Omastar|Surf|p1a: Persian
|-damage|p1a: Persian|106\/265
|
|turn|22
|choice|move 4|move 3
|
|move|p1a: Persian|Thunderbolt|p2a: Omastar
|-crit|p2a: Omastar
|-supereffective|p2a: Omastar
|-damage|p2a: Omastar|0 fnt
|faint|p2a: Omastar
|choice||switch 2
|
|switch|p2a: Raticate|Raticate, L85|267\/267
|turn|23
|choice|move 3|move 4
|
|move|p1a: Persian|Hyper Beam|p2a: Raticate
|-damage|p2a: Raticate|124\/267
|move|p2a: Raticate|Hyper Beam|p1a: Persian
|-damage|p1a: Persian|0 fnt
|faint|p1a: Persian
|choice|switch 2|
|
|switch|p1a: Nidoqueen|Nidoqueen, L85|327\/327
|turn|24
|choice|move 1|move 1
|
|move|p2a: Raticate|Super Fang|p1a: Nidoqueen
|-damage|p1a: Nidoqueen|164\/327
|move|p1a: Nidoqueen|Earthquake|p2a: Raticate
|-damage|p2a: Raticate|0 fnt
|faint|p2a: Raticate
|choice||switch 4
|
|switch|p2a: Haunter|Haunter, L85|250\/250
|turn|25
|choice|move 1|move 3
|
|move|p2a: Haunter|Psychic|p1a: Nidoqueen
|-supereffective|p1a: Nidoqueen
|-damage|p1a: Nidoqueen|1\/327
|move|p1a: Nidoqueen|Earthquake|p2a: Haunter
|-supereffective|p2a: Haunter
|-damage|p2a: Haunter|0 fnt
|faint|p2a: Haunter
|
|win|Tgvhvhj
|player|p1
|player|p2
|raw|Tgvhvhj's rating: 1101 &rarr; <strong>1133<\/strong><br \/>(+32 for winning)
|raw|Ynohtna Nygeb's rating: 1197 &rarr; <strong>1165<\/strong><br \/>(-32 for losing)
|l|Ynohtna Nygeb