|j|King UU
|j|BlameitonRichard
|player|p1|King UU|#kinguu
|player|p2|BlameitonRichard|77
|gametype|singles
|gen|1
|tier|[Gen 1] OU
|rated
|seed|57780,25680,14456,12073
|rule|Sleep Clause Mod: Limit one foe put to sleep
|rule|Freeze Clause Mod: Limit one foe frozen
|rule|Species Clause: Limit one of each Pokémon
|rule|OHKO Clause: OHKO moves are banned
|rule|Evasion Moves Clause: Evasion moves are banned
|rule|HP Percentage Mod: HP is shown in percentages
|
|start
|switch|p1a: Alakazam|Alakazam|313\/313
|switch|p2a: Gengar|Gengar|323\/323
|turn|1
|j|Akir
|choice|move 1|switch 4
|
|switch|p2a: Chansey|Chansey|703\/703
|move|p1a: Alakazam|Psychic|p2a: Chansey
|-damage|p2a: Chansey|584\/703
|
|turn|2
|c|★BlameitonRichard|I IS KIGN OF TYPO
|c|★BlameitonRichard|⁞ つ: •̀ ⌂ •́ : ⁞-︻╦══╤─
|c|★BlameitonRichard|boom boom
|choice|move 3|move 1
|
|move|p1a: Alakazam|Thunder Wave|p2a: Chansey
|-status|p2a: Chansey|par
|cant|p2a: Chansey|par
|
|turn|3
|choice|switch 6|move 3
|
|switch|p1a: Golem|Golem|363\/363
|move|p2a: Chansey|Thunder Wave|p1a: Golem
|-immune|p1a: Golem|[msg]
|
|turn|4
|choice|move 2|switch 6
|
|switch|p2a: Exeggutor|Exeggutor|393\/393
|move|p1a: Golem|Earthquake|p2a: Exeggutor
|-resisted|p2a: Exeggutor
|-damage|p2a: Exeggutor|327\/393
|
|turn|5
|choice|switch 4|move 1
|
|switch|p1a: Gengar|Gengar|323\/323
|move|p2a: Exeggutor|Sleep Powder|p1a: Gengar
|-status|p1a: Gengar|slp
|
|turn|6
|choice|switch 2|move 2
|
|switch|p1a: Starmie|Starmie|323\/323
|move|p2a: Exeggutor|Psychic|p1a: Starmie
|-resisted|p1a: Starmie
|-damage|p1a: Starmie|261\/323
|
|turn|7
|choice|move 1|switch 6
|
|switch|p2a: Chansey|Chansey|584\/703 par
|move|p1a: Starmie|Blizzard|p2a: Chansey
|-crit|p2a: Chansey
|-damage|p2a: Chansey|412\/703 par
|
|turn|8
|choice|switch 4|move 2
|
|switch|p1a: Golem|Golem|363\/363
|move|p2a: Chansey|Soft-Boiled|p2a: Chansey
|-heal|p2a: Chansey|703\/703 par
|
|turn|9
|choice|move 1|switch 4
|
|switch|p2a: Gengar|Gengar|323\/323
|move|p1a: Golem|Body Slam|p2a: Gengar
|-immune|p2a: Gengar|[msg]
|
|turn|10
|choice|move 2|move 4
|
|move|p2a: Gengar|Mega Drain|p1a: Golem
|-supereffective|p1a: Golem
|-damage|p1a: Golem|151\/363
|move|p1a: Golem|Earthquake|p2a: Gengar
|-supereffective|p2a: Gengar
|-damage|p2a: Gengar|0 fnt
|faint|p2a: Gengar
|choice||switch 6
|
|switch|p2a: Exeggutor|Exeggutor|327\/393
|turn|11
|choice|switch 3|move 4
|
|switch|p1a: Tauros|Tauros|353\/353
|move|p2a: Exeggutor|Stun Spore|p1a: Tauros
|-status|p1a: Tauros|par
|
|turn|12
|choice|move 1|move 2
|
|move|p2a: Exeggutor|Psychic|p1a: Tauros
|-damage|p1a: Tauros|209\/353 par
|-unboost|p1a: Tauros|spd|1
|-unboost|p1a: Tauros|spa|1
|move|p1a: Tauros|Body Slam|p2a: Exeggutor
|-damage|p2a: Exeggutor|215\/393
|-status|p2a: Exeggutor|par
|
|turn|13
|choice|move 2|switch 2
|
|switch|p2a: Snorlax|Snorlax|523\/523
|move|p1a: Tauros|Blizzard|p2a: Snorlax
|-crit|p2a: Snorlax
|-damage|p2a: Snorlax|334\/523
|
|turn|14
|choice|move 1|move 3
|
|move|p2a: Snorlax|Earthquake|p1a: Tauros
|-damage|p1a: Tauros|129\/353 par
|move|p1a: Tauros|Body Slam|p2a: Snorlax
|-damage|p2a: Snorlax|200\/523
|
|turn|15
|choice|switch 3|move 1
|
|switch|p1a: Golem|Golem|151\/363
|move|p2a: Snorlax|Body Slam|p1a: Golem
|-resisted|p1a: Golem
|-damage|p1a: Golem|108\/363
|
|turn|16
|choice|move 2|switch 2
|
|switch|p2a: Exeggutor|Exeggutor|215\/393 par
|move|p1a: Golem|Earthquake|p2a: Exeggutor
|-resisted|p2a: Exeggutor
|-damage|p2a: Exeggutor|146\/393 par
|
|turn|17
|choice|switch 3|move 2
|
|switch|p1a: Tauros|Tauros|129\/353 par
|move|p2a: Exeggutor|Psychic|p1a: Tauros
|-crit|p1a: Tauros
|-damage|p1a: Tauros|0 fnt
|faint|p1a: Tauros
|choice|switch 5|
|
|switch|p1a: Zapdos|Zapdos|383\/383
|turn|18
|choice|move 2|switch 5
|
|switch|p2a: Rhydon|Rhydon|413\/413
|move|p1a: Zapdos|Drill Peck|p2a: Rhydon
|-resisted|p2a: Rhydon
|-damage|p2a: Rhydon|373\/413
|
|turn|19
|choice|switch 4|move 3
|
|switch|p1a: Starmie|Starmie|261\/323
|move|p2a: Rhydon|Substitute|p2a: Rhydon
|-start|p2a: Rhydon|Substitute
|-damage|p2a: Rhydon|270\/413
|
|turn|20
|c|★BlameitonRichard|⁞ つ: •̀ ⌂ •́ : ⁞-︻╦══╤─
|choice|move 1|move 1
|
|move|p1a: Starmie|Blizzard|p2a: Rhydon
|-supereffective|p2a: Rhydon
|-end|p2a: Rhydon|Substitute
|move|p2a: Rhydon|Earthquake|p1a: Starmie
|-crit|p1a: Starmie
|-damage|p1a: Starmie|0 fnt
|faint|p1a: Starmie
|choice|switch 6|
|
|switch|p1a: Alakazam|Alakazam|313\/313
|turn|21
|choice|move 4|switch 4
|
|switch|p2a: Chansey|Chansey|703\/703 par
|move|p1a: Alakazam|Counter|p2a: Chansey
|-fail|p1a: Alakazam
|
|turn|22
|choice|switch 3|move 1
|
|switch|p1a: Golem|Golem|108\/363
|move|p2a: Chansey|Ice Beam|p1a: Golem
|-supereffective|p1a: Golem
|-damage|p1a: Golem|0 fnt
|faint|p1a: Golem
|c|★BlameitonRichard|⁞ つ: •̀ ⌂ •́ : ⁞-︻╦══╤─
|choice|switch 4|
|
|switch|p1a: Zapdos|Zapdos|383\/383
|turn|23
|choice|move 2|switch 4
|
|switch|p2a: Rhydon|Rhydon|270\/413
|move|p1a: Zapdos|Drill Peck|p2a: Rhydon
|-resisted|p2a: Rhydon
|-damage|p2a: Rhydon|233\/413
|
|turn|24
|choice|switch 3|move 2
|
|switch|p1a: Alakazam|Alakazam|313\/313
|move|p2a: Rhydon|Rock Slide|p1a: Alakazam|[miss]
|-miss|p2a: Rhydon
|
|turn|25
|choice|move 1|switch 5
|
|switch|p2a: Exeggutor|Exeggutor|146\/393 par
|move|p1a: Alakazam|Psychic|p2a: Exeggutor
|-resisted|p2a: Exeggutor
|-damage|p2a: Exeggutor|88\/393 par
|
|turn|26
|choice|switch 2|move 3
|
|switch|p1a: Gengar|Gengar|323\/323 slp
|move|p2a: Exeggutor|Explosion|p1a: Gengar
|-immune|p1a: Gengar|[msg]
|faint|p2a: Exeggutor
|choice||switch 2
|
|switch|p2a: Snorlax|Snorlax|200\/523
|turn|27
|choice|switch 2|move 3
|
|switch|p1a: Alakazam|Alakazam|313\/313
|move|p2a: Snorlax|Earthquake|p1a: Alakazam
|-damage|p1a: Alakazam|191\/313
|
|turn|28
|choice|move 1|move 1
|
|move|p1a: Alakazam|Psychic|p2a: Snorlax
|-crit|p2a: Snorlax
|-damage|p2a: Snorlax|0 fnt
|faint|p2a: Snorlax
|choice||switch 4
|
|switch|p2a: Chansey|Chansey|703\/703 par
|turn|29
|choice|move 1|move 3
|
|move|p1a: Alakazam|Psychic|p2a: Chansey
|-damage|p2a: Chansey|582\/703 par
|-unboost|p2a: Chansey|spd|1
|-unboost|p2a: Chansey|spa|1
|move|p2a: Chansey|Thunder Wave|p1a: Alakazam
|-status|p1a: Alakazam|par
|
|turn|30
|choice|switch 2|switch 3
|
|switch|p1a: Gengar|Gengar|323\/323 slp
|switch|p2a: Tauros|Tauros|353\/353
|
|turn|31
|choice|move 1|move 3
|
|move|p2a: Tauros|Earthquake|p1a: Gengar
|-supereffective|p1a: Gengar
|-damage|p1a: Gengar|108\/323 slp
|cant|p1a: Gengar|slp
|
|turn|32
|choice|move 1|move 3
|
|move|p2a: Tauros|Earthquake|p1a: Gengar
|-supereffective|p1a: Gengar
|-damage|p1a: Gengar|0 fnt
|faint|p1a: Gengar
|choice|switch 3|
|
|switch|p1a: Zapdos|Zapdos|383\/383
|turn|33
|choice|move 1|move 1
|
|move|p2a: Tauros|Body Slam|p1a: Zapdos
|-damage|p1a: Zapdos|272\/383
|move|p1a: Zapdos|Thunderbolt|p2a: Tauros
|-crit|p2a: Tauros
|-damage|p2a: Tauros|12\/353
|-status|p2a: Tauros|par
|
|turn|34
|choice|move 2|move 1
|
|move|p1a: Zapdos|Drill Peck|p2a: Tauros
|-damage|p2a: Tauros|0 fnt
|faint|p2a: Tauros
|choice||switch 5
|
|switch|p2a: Rhydon|Rhydon|233\/413
|turn|35
|choice|move 2|move 2
|
|move|p1a: Zapdos|Drill Peck|p2a: Rhydon
|-resisted|p2a: Rhydon
|-damage|p2a: Rhydon|197\/413
|move|p2a: Rhydon|Rock Slide|p1a: Zapdos|[miss]
|-miss|p2a: Rhydon
|
|turn|36
|choice|move 2|move 2
|
|move|p1a: Zapdos|Drill Peck|p2a: Rhydon
|-resisted|p2a: Rhydon
|-damage|p2a: Rhydon|160\/413
|move|p2a: Rhydon|Rock Slide|p1a: Zapdos
|-supereffective|p1a: Zapdos
|-damage|p1a: Zapdos|47\/383
|
|turn|37
|choice|move 2|move 4
|
|move|p1a: Zapdos|Drill Peck|p2a: Rhydon
|-crit|p2a: Rhydon
|-resisted|p2a: Rhydon
|-damage|p2a: Rhydon|80\/413
|move|p2a: Rhydon|Body Slam|p1a: Zapdos
|-damage|p1a: Zapdos|0 fnt
|faint|p1a: Zapdos
|choice|switch 2|
|
|switch|p1a: Alakazam|Alakazam|191\/313 par
|turn|38
|choice|move 1|move 1
|
|move|p2a: Rhydon|Earthquake|p1a: Alakazam
|-damage|p1a: Alakazam|0 fnt
|faint|p1a: Alakazam
|
|win|BlameitonRichard
|c|★King UU|ggwp
|c|★BlameitonRichard|gg bud
|l|King UU
|player|p1
|c|★BlameitonRichard|ty
|raw|King UU's rating: 1255 &rarr; <strong>1214<\/strong><br \/>(-41 for losing)
|raw|BlameitonRichard's rating: 1000 &rarr; <strong>1065<\/strong><br \/>(+65 for winning)
|c|★BlameitonRichard|Now i feel like an asshole