|j|jencke
|j|Omski
|player|p1|jencke|132
|player|p2|Omski|145
|gametype|singles
|gen|1
|tier|[Gen 1] Random Battle
|rated
|seed|63196,25357,24960,64
|rule|Sleep Clause Mod: Limit one foe put to sleep
|rule|Freeze Clause Mod: Limit one foe frozen
|rule|HP Percentage Mod: HP is shown in percentages
|
|start
|switch|p1a: Mewtwo|Mewtwo, L70|293\/293
|switch|p2a: Venusaur|Venusaur, L85|310\/310
|turn|1
|c|★Omski|lol
|choice|move 2|move 2
|
|move|p1a: Mewtwo|Blizzard|p2a: Venusaur
|-supereffective|p2a: Venusaur
|-damage|p2a: Venusaur|168\/310
|move|p2a: Venusaur|Body Slam|p1a: Mewtwo
|-damage|p1a: Mewtwo|233\/293
|-status|p1a: Mewtwo|par
|
|turn|2
|choice|move 1|move 2
|
|move|p2a: Venusaur|Body Slam|p1a: Mewtwo
|-damage|p1a: Mewtwo|171\/293 par
|move|p1a: Mewtwo|Psychic|p2a: Venusaur
|-supereffective|p2a: Venusaur
|-damage|p2a: Venusaur|7\/310
|
|turn|3
|j|123 run!
|choice|move 1|move 4
|
|move|p2a: Venusaur|Leech Seed|p1a: Mewtwo
|-start|p1a: Mewtwo|move: Leech Seed
|move|p1a: Mewtwo|Psychic|p2a: Venusaur
|-supereffective|p2a: Venusaur
|-damage|p2a: Venusaur|0 fnt
|faint|p2a: Venusaur
|choice||switch 4
|
|switch|p2a: Tauros|Tauros, L79|280\/280
|turn|4
|choice|move 1|move 4
|
|move|p2a: Tauros|Body Slam|p1a: Mewtwo
|-crit|p1a: Mewtwo
|-damage|p1a: Mewtwo|0 fnt
|faint|p1a: Mewtwo
|choice|switch 4|
|
|switch|p1a: Pinsir|Pinsir, L85|284\/284
|turn|5
|choice|move 1|move 1
|
|move|p2a: Tauros|Blizzard|p1a: Pinsir
|-damage|p1a: Pinsir|208\/284
|move|p1a: Pinsir|Swords Dance|p1a: Pinsir
|-boost|p1a: Pinsir|atk|2
|
|turn|6
|choice|move 2|move 4
|
|move|p2a: Tauros|Body Slam|p1a: Pinsir
|-damage|p1a: Pinsir|134\/284
|-status|p1a: Pinsir|par
|move|p1a: Pinsir|Submission|p2a: Tauros
|-supereffective|p2a: Tauros
|-damage|p2a: Tauros|0 fnt
|-damage|p1a: Pinsir|64\/284 par|[from] recoil|[of] p2a: Tauros
|faint|p2a: Tauros
|choice||switch 2
|
|switch|p2a: Drowzee|Drowzee, L96|310\/310
|turn|7
|choice|move 4|move 3
|
|move|p2a: Drowzee|Psychic|p1a: Pinsir
|-damage|p1a: Pinsir|0 fnt
|faint|p1a: Pinsir
|choice|switch 6|
|
|switch|p1a: Jolteon|Jolteon, L79|265\/265
|turn|8
|choice|move 2|move 1
|
|move|p1a: Jolteon|Thunder Wave|p2a: Drowzee
|-status|p2a: Drowzee|par
|move|p2a: Drowzee|Hypnosis|p1a: Jolteon
|-status|p1a: Jolteon|slp
|
|turn|9
|choice|switch 2|move 3
|
|switch|p1a: Gyarados|Gyarados, L85|335\/335
|move|p2a: Drowzee|Psychic|p1a: Gyarados
|-crit|p1a: Gyarados
|-damage|p1a: Gyarados|131\/335
|-unboost|p1a: Gyarados|spd|1
|-unboost|p1a: Gyarados|spa|1
|
|turn|10
|choice|move 3|move 3
|
|move|p1a: Gyarados|Hyper Beam|p2a: Drowzee
|-damage|p2a: Drowzee|157\/310 par
|cant|p2a: Drowzee|par
|
|turn|11
|-mustrecharge|p1a: Gyarados
|-mustrecharge|p1a: Gyarados
|choice|move 1|move 3
|
|cant|p1a: Gyarados|recharge
|move|p2a: Drowzee|Psychic|p1a: Gyarados
|-damage|p1a: Gyarados|0 fnt
|faint|p1a: Gyarados
|choice|switch 5|
|
|switch|p1a: Articuno|Articuno, L79|304\/304
|turn|12
|choice|move 1|move 1
|
|move|p1a: Articuno|Blizzard|p2a: Drowzee
|-damage|p2a: Drowzee|46\/310 par
|move|p2a: Drowzee|Hypnosis|p1a: Articuno
|-message|Sleep Clause Mod activated.
|
|turn|13
|choice|move 1|move 4
|
|move|p1a: Articuno|Blizzard|p2a: Drowzee
|-damage|p2a: Drowzee|0 fnt
|faint|p2a: Drowzee
|choice||switch 5
|
|switch|p2a: Electabuzz|Electabuzz, L85|284\/284
|turn|14
|choice|switch 2|move 1
|
|switch|p1a: Jolteon|Jolteon, L79|265\/265 slp
|move|p2a: Electabuzz|Thunderbolt|p1a: Jolteon
|-resisted|p1a: Jolteon
|-damage|p1a: Jolteon|223\/265 slp
|
|turn|15
|choice|move 2|move 2
|
|cant|p1a: Jolteon|slp
|move|p2a: Electabuzz|Psychic|p1a: Jolteon
|-crit|p1a: Jolteon
|-damage|p1a: Jolteon|117\/265 slp
|-unboost|p1a: Jolteon|spd|1
|-unboost|p1a: Jolteon|spa|1
|
|turn|16
|choice|move 2|move 2
|
|-curestatus|p1a: Jolteon|slp
|move|p2a: Electabuzz|Psychic|p1a: Jolteon
|-damage|p1a: Jolteon|27\/265
|
|turn|17
|choice|move 2|move 4
|
|move|p1a: Jolteon|Thunder Wave|p2a: Electabuzz
|-status|p2a: Electabuzz|par
|cant|p2a: Electabuzz|par
|
|turn|18
|choice|move 4|move 4
|
|move|p1a: Jolteon|Sand Attack|p2a: Electabuzz
|-unboost|p2a: Electabuzz|accuracy|1
|move|p2a: Electabuzz|Seismic Toss|p1a: Jolteon
|-damage|p1a: Jolteon|0 fnt
|faint|p1a: Jolteon
|choice|switch 3|
|
|switch|p1a: Grimer|Grimer, L96|348\/348
|turn|19
|choice|move 2|move 3
|
|move|p1a: Grimer|Sludge|p2a: Electabuzz
|-damage|p2a: Electabuzz|180\/284 par
|move|p2a: Electabuzz|Thunder Wave|p1a: Grimer|[miss]
|-miss|p2a: Electabuzz
|
|turn|20
|choice|move 2|switch 3
|
|switch|p2a: Nidorino|Nidorino, L90|293\/293
|move|p1a: Grimer|Sludge|p2a: Nidorino
|-resisted|p2a: Nidorino
|-damage|p2a: Nidorino|250\/293
|
|turn|21
|choice|move 4|move 3
|
|move|p2a: Nidorino|Thunder|p1a: Grimer
|-damage|p1a: Grimer|258\/348
|move|p1a: Grimer|Mega Drain|p2a: Nidorino
|-crit|p2a: Nidorino
|-resisted|p2a: Nidorino
|-damage|p2a: Nidorino|226\/293
|-heal|p1a: Grimer|270\/348|[from] drain|[of] p2a: Nidorino
|
|turn|22
|choice|move 3|move 1
|
|move|p2a: Nidorino|Blizzard|p1a: Grimer
|-damage|p1a: Grimer|174\/348
|move|p1a: Grimer|Screech|p2a: Nidorino
|-unboost|p2a: Nidorino|def|2
|
|turn|23
|choice|move 1|move 4
|
|move|p2a: Nidorino|Double-Edge|p1a: Grimer
|-crit|p1a: Grimer
|-damage|p1a: Grimer|15\/348
|-damage|p2a: Nidorino|187\/293|[from] recoil|[of] p1a: Grimer
|move|p1a: Grimer|Explosion|p2a: Nidorino
|-damage|p2a: Nidorino|0 fnt
|faint|p2a: Nidorino
|faint|p1a: Grimer
|choice|switch 2|switch 3
|
|switch|p1a: Articuno|Articuno, L79|304\/304
|switch|p2a: Electabuzz|Electabuzz, L85|180\/284 par
|turn|24
|choice|move 1|move 3
|
|move|p1a: Articuno|Blizzard|p2a: Electabuzz
|-damage|p2a: Electabuzz|55\/284 par
|move|p2a: Electabuzz|Thunder Wave|p1a: Articuno
|-status|p1a: Articuno|par
|
|turn|25
|choice|move 1|move 1
|
|move|p2a: Electabuzz|Thunderbolt|p1a: Articuno
|-supereffective|p1a: Articuno
|-damage|p1a: Articuno|141\/304 par
|move|p1a: Articuno|Blizzard|p2a: Electabuzz
|-crit|p2a: Electabuzz
|-damage|p2a: Electabuzz|0 fnt
|faint|p2a: Electabuzz
|choice||switch 6
|
|switch|p2a: Pidgeotto|Pidgeotto, L90|297\/297
|turn|26
|choice|move 1|move 1
|
|move|p2a: Pidgeotto|Double-Edge|p1a: Articuno|[miss]
|-miss|p2a: Pidgeotto
|move|p1a: Articuno|Blizzard|p2a: Pidgeotto
|-supereffective|p2a: Pidgeotto
|-damage|p2a: Pidgeotto|0 fnt
|faint|p2a: Pidgeotto
|
|win|jencke
|player|p1
|player|p2
|raw|jencke's rating: 1168 &rarr; <strong>1192<\/strong><br \/>(+24 for winning)
|raw|Omski's rating: 1152 &rarr; <strong>1128<\/strong><br \/>(-24 for losing)
|c|★Omski|SURE
|c|★jencke|gg