|j|MALESANI
|j|Feena
|player|p1|MALESANI|238
|player|p2|Feena|2
|gametype|singles
|gen|1
|tier|[Gen 1] Random Battle
|rated
|seed|34789,14808,19708,35889
|rule|Sleep Clause Mod: Limit one foe put to sleep
|rule|Freeze Clause Mod: Limit one foe frozen
|rule|HP Percentage Mod: HP is shown in percentages
|
|start
|switch|p1a: Haunter|Haunter, L85|250\/250
|switch|p2a: Weedle|Weedle, L99|280\/280
|turn|1
|choice|switch 2|move 2
|
|switch|p1a: Hypno|Hypno, L85|318\/318
|move|p2a: Weedle|Poison Sting|p1a: Hypno
|-damage|p1a: Hypno|301\/318
|
|turn|2
|choice|move 4|move 2
|
|move|p1a: Hypno|Thunder Wave|p2a: Weedle
|-status|p2a: Weedle|par
|cant|p2a: Weedle|par
|
|turn|3
|choice|move 1|move 2
|
|move|p1a: Hypno|Psychic|p2a: Weedle
|-supereffective|p2a: Weedle
|-damage|p2a: Weedle|0 fnt
|faint|p2a: Weedle
|choice||switch 6
|
|switch|p2a: Exeggutor|Exeggutor, L79|312\/312
|turn|4
|choice|move 4|move 1
|
|move|p1a: Hypno|Thunder Wave|p2a: Exeggutor
|-status|p2a: Exeggutor|par
|move|p2a: Exeggutor|Sleep Powder|p1a: Hypno
|-status|p1a: Hypno|slp
|
|turn|5
|choice|move 1|switch 4
|
|switch|p2a: Golem|Golem, L79|288\/288
|cant|p1a: Hypno|slp
|
|turn|6
|choice|switch 3|move 4
|
|switch|p1a: Dewgong|Dewgong, L85|327\/327
|move|p2a: Golem|Earthquake|p1a: Dewgong
|-damage|p1a: Dewgong|228\/327
|
|turn|7
|choice|move 1|switch 3
|
|switch|p2a: Cloyster|Cloyster, L83|253\/253
|move|p1a: Dewgong|Surf|p2a: Cloyster
|-resisted|p2a: Cloyster
|-damage|p2a: Cloyster|200\/253
|
|turn|8
|choice|switch 4|move 1
|
|switch|p1a: Jolteon|Jolteon, L79|265\/265
|move|p2a: Cloyster|Toxic|p1a: Jolteon
|-status|p1a: Jolteon|tox
|
|turn|9
|choice|move 1|switch 3
|
|switch|p2a: Golem|Golem, L79|288\/288
|move|p1a: Jolteon|Thunderbolt|p2a: Golem
|-immune|p2a: Golem|[msg]
|-damage|p1a: Jolteon|249\/265 tox|[from] tox|[of] p2a: Golem
|
|turn|10
|choice|switch 6|move 2
|
|switch|p1a: Lickitung|Lickitung, L90|345\/345
|move|p2a: Golem|Body Slam|p1a: Lickitung
|-damage|p1a: Lickitung|289\/345
|
|turn|11
|choice|move 4|switch 5
|
|switch|p2a: Chansey|Chansey, L79|557\/557
|move|p1a: Lickitung|Earthquake|p2a: Chansey
|-damage|p2a: Chansey|415\/557
|
|turn|12
|choice|move 3|move 4
|
|move|p2a: Chansey|Thunder Wave|p1a: Lickitung
|-status|p1a: Lickitung|par
|move|p1a: Lickitung|Swords Dance|p1a: Lickitung
|-boost|p1a: Lickitung|atk|2
|
|turn|13
|choice|move 1|move 3
|
|move|p2a: Chansey|Thunderbolt|p1a: Lickitung
|-damage|p1a: Lickitung|215\/345 par
|move|p1a: Lickitung|Body Slam|p2a: Chansey
|-damage|p2a: Chansey|4\/557
|
|turn|14
|choice|move 1|move 1
|
|move|p2a: Chansey|Soft-Boiled|p2a: Chansey
|-heal|p2a: Chansey|282\/557
|move|p1a: Lickitung|Body Slam|p2a: Chansey
|-damage|p2a: Chansey|0 fnt
|faint|p2a: Chansey
|choice||switch 4
|
|switch|p2a: Exeggutor|Exeggutor, L79|312\/312 par
|turn|15
|choice|move 1|move 2
|
|cant|p2a: Exeggutor|par
|move|p1a: Lickitung|Body Slam|p2a: Exeggutor
|-damage|p2a: Exeggutor|154\/312 par
|
|turn|16
|choice|move 2|move 3
|
|move|p2a: Exeggutor|Explosion|p1a: Lickitung
|-damage|p1a: Lickitung|7\/345 par
|faint|p2a: Exeggutor
|choice||switch 3
|
|switch|p2a: Cloyster|Cloyster, L83|200\/253
|turn|17
|choice|move 2|move 2
|
|move|p2a: Cloyster|Surf|p1a: Lickitung
|-damage|p1a: Lickitung|0 fnt
|faint|p1a: Lickitung
|choice|switch 2|
|
|switch|p1a: Haunter|Haunter, L85|250\/250
|turn|18
|choice|move 1|move 4
|
|move|p1a: Haunter|Hypnosis|p2a: Cloyster
|-status|p2a: Cloyster|slp
|-curestatus|p2a: Cloyster|slp
|
|turn|19
|choice|move 1|move 4
|
|move|p1a: Haunter|Hypnosis|p2a: Cloyster
|-status|p2a: Cloyster|slp
|-curestatus|p2a: Cloyster|slp
|
|turn|20
|choice|move 1|switch 5
|
|switch|p2a: Golem|Golem, L79|288\/288
|move|p1a: Haunter|Hypnosis|p2a: Golem
|-status|p2a: Golem|slp
|
|turn|21
|choice|move 2|switch 2
|
|switch|p2a: Mew|Mew, L74|300\/300
|move|p1a: Haunter|Mega Drain|p2a: Mew
|-damage|p2a: Mew|267\/300
|
|turn|22
|choice|switch 3|move 4
|
|switch|p1a: Hypno|Hypno, L85|301\/318 slp
|move|p2a: Mew|Thunder Wave|p1a: Hypno
|-fail|p1a: Hypno
|
|turn|23
|choice|move 4|switch 5
|
|switch|p2a: Cloyster|Cloyster, L83|200\/253
|cant|p1a: Hypno|slp
|
|turn|24
|choice|move 1|move 4
|
|move|p2a: Cloyster|Ice Beam|p1a: Hypno
|-damage|p1a: Hypno|221\/318 slp
|cant|p1a: Hypno|slp
|
|turn|25
|choice|move 4|move 4
|
|move|p2a: Cloyster|Ice Beam|p1a: Hypno
|-damage|p1a: Hypno|144\/318 slp
|cant|p1a: Hypno|slp
|
|turn|26
|choice|switch 4|move 4
|
|switch|p1a: Dewgong|Dewgong, L85|228\/327
|move|p2a: Cloyster|Ice Beam|p1a: Dewgong
|-resisted|p1a: Dewgong
|-damage|p1a: Dewgong|206\/327
|
|turn|27
|choice|move 2|move 3
|
|move|p1a: Dewgong|Blizzard|p2a: Cloyster
|-resisted|p2a: Cloyster
|-damage|p2a: Cloyster|165\/253
|move|p2a: Cloyster|Explosion|p1a: Dewgong
|-damage|p1a: Dewgong|0 fnt
|faint|p1a: Dewgong
|faint|p2a: Cloyster
|choice|switch 5|switch 5
|
|switch|p1a: Persian|Persian, L79|265\/265
|switch|p2a: Mew|Mew, L74|267\/300
|turn|28
|choice|move 1|move 4
|
|move|p1a: Persian|Slash|p2a: Mew
|-crit|p2a: Mew
|-damage|p2a: Mew|149\/300
|move|p2a: Mew|Thunder Wave|p1a: Persian
|-status|p1a: Persian|par
|
|turn|29
|choice|move 1|move 2
|
|move|p2a: Mew|Soft-Boiled|p2a: Mew
|-heal|p2a: Mew|299\/300
|move|p1a: Persian|Slash|p2a: Mew
|-crit|p2a: Mew
|-damage|p2a: Mew|197\/300
|
|turn|30
|choice|move 1|move 3
|
|move|p2a: Mew|Psychic|p1a: Persian
|-damage|p1a: Persian|166\/265 par
|move|p1a: Persian|Slash|p2a: Mew
|-crit|p2a: Mew
|-damage|p2a: Mew|85\/300
|
|turn|31
|choice|move 2|move 2
|
|move|p2a: Mew|Soft-Boiled|p2a: Mew
|-heal|p2a: Mew|235\/300
|move|p1a: Persian|Hyper Beam|p2a: Mew
|-crit|p2a: Mew
|-damage|p2a: Mew|0 fnt
|faint|p2a: Mew
|choice||switch 2
|
|switch|p2a: Golem|Golem, L79|288\/288 slp
|turn|32
|choice|move 3|move 1
|
|-curestatus|p2a: Golem|slp
|move|p1a: Persian|Bubble Beam|p2a: Golem
|-supereffective|p2a: Golem
|-damage|p2a: Golem|105\/288
|
|turn|33
|choice|move 3|move 4
|
|move|p2a: Golem|Earthquake|p1a: Persian
|-damage|p1a: Persian|33\/265 par
|move|p1a: Persian|Bubble Beam|p2a: Golem
|-crit|p2a: Golem
|-supereffective|p2a: Golem
|-damage|p2a: Golem|0 fnt
|faint|p2a: Golem
|
|win|MALESANI
|player|p1
|player|p2
|raw|MALESANI's rating: 1473 &rarr; <strong>1488<\/strong><br \/>(+15 for winning)
|raw|Feena's rating: 1389 &rarr; <strong>1374<\/strong><br \/>(-15 for losing)