|j|Ray Strong
|j|rodmaster 450
|player|p1|Ray Strong|1
|player|p2|rodmaster 450|1
|gametype|singles
|gen|1
|tier|[Gen 1] OU
|rated
|seed|4990,4291,35623,31070
|rule|Sleep Clause Mod: Limit one foe put to sleep
|rule|Freeze Clause Mod: Limit one foe frozen
|rule|Species Clause: Limit one of each Pokémon
|rule|OHKO Clause: OHKO moves are banned
|rule|Evasion Moves Clause: Evasion moves are banned
|rule|HP Percentage Mod: HP is shown in percentages
|
|start
|switch|p1a: Exeggutor|Exeggutor|393\/393
|switch|p2a: Alakazam|Alakazam|313\/313
|turn|1
|choice|move 1|switch 6
|
|switch|p2a: Chansey|Chansey|703\/703
|move|p1a: Exeggutor|Sleep Powder|p2a: Chansey
|-status|p2a: Chansey|slp
|
|turn|2
|choice|switch 4|move 1
|
|switch|p1a: Rhydon|Rhydon|413\/413
|-curestatus|p2a: Chansey|slp
|
|turn|3
|choice|switch 4|move 1
|
|switch|p1a: Exeggutor|Exeggutor|393\/393
|move|p2a: Chansey|Ice Beam|p1a: Exeggutor
|-supereffective|p1a: Exeggutor
|-damage|p1a: Exeggutor|264\/393
|
|turn|4
|choice|move 1|move 1
|
|move|p1a: Exeggutor|Sleep Powder|p2a: Chansey
|-status|p2a: Chansey|slp
|cant|p2a: Chansey|slp
|
|turn|5
|choice|switch 4|move 1
|
|switch|p1a: Rhydon|Rhydon|413\/413
|cant|p2a: Chansey|slp
|
|turn|6
|choice|move 4|switch 3
|
|switch|p2a: Lapras|Lapras|463\/463
|move|p1a: Rhydon|Substitute|p1a: Rhydon
|-start|p1a: Rhydon|Substitute
|-damage|p1a: Rhydon|310\/413
|
|turn|7
|choice|move 3|move 1
|
|move|p2a: Lapras|Ice Beam|p1a: Rhydon
|-supereffective|p1a: Rhydon
|-end|p1a: Rhydon|Substitute
|move|p1a: Rhydon|Rock Slide|p2a: Lapras
|-supereffective|p2a: Lapras
|-damage|p2a: Lapras|223\/463
|
|turn|8
|choice|switch 3|move 1
|
|switch|p1a: Chansey|Chansey|703\/703
|move|p2a: Lapras|Ice Beam|p1a: Chansey
|-damage|p1a: Chansey|602\/703
|
|turn|9
|choice|move 4|move 3
|
|move|p2a: Lapras|Rest|p2a: Lapras
|-status|p2a: Lapras|slp
|-heal|p2a: Lapras|463\/463 slp|[silent]
|-status|p2a: Lapras|slp|[from] move: Rest
|move|p1a: Chansey|Thunder Wave|p2a: Lapras
|-fail|p2a: Lapras
|
|turn|10
|choice|move 2|move 1
|
|cant|p2a: Lapras|slp
|move|p1a: Chansey|Thunderbolt|p2a: Lapras
|-supereffective|p2a: Lapras
|-damage|p2a: Lapras|293\/463 slp
|
|turn|11
|choice|move 2|switch 4
|
|switch|p2a: Zapdos|Zapdos|383\/383
|move|p1a: Chansey|Thunderbolt|p2a: Zapdos
|-damage|p2a: Zapdos|317\/383
|
|turn|12
|choice|move 4|move 2
|
|move|p2a: Zapdos|Drill Peck|p1a: Chansey
|-damage|p1a: Chansey|359\/703
|move|p1a: Chansey|Thunder Wave|p2a: Zapdos
|-status|p2a: Zapdos|par
|
|turn|13
|choice|switch 3|move 2
|
|switch|p1a: Rhydon|Rhydon|310\/413
|move|p2a: Zapdos|Drill Peck|p1a: Rhydon
|-resisted|p1a: Rhydon
|-damage|p1a: Rhydon|274\/413
|
|turn|14
|choice|move 4|switch 3
|
|switch|p2a: Chansey|Chansey|703\/703 slp
|move|p1a: Rhydon|Substitute|p1a: Rhydon
|-start|p1a: Rhydon|Substitute
|-damage|p1a: Rhydon|171\/413
|
|turn|15
|choice|move 2|move 1
|
|cant|p2a: Chansey|slp
|move|p1a: Rhydon|Earthquake|p2a: Chansey
|-damage|p2a: Chansey|347\/703 slp
|
|turn|16
|choice|move 2|switch 2
|
|switch|p2a: Rhydon|Rhydon|413\/413
|move|p1a: Rhydon|Earthquake|p2a: Rhydon
|-supereffective|p2a: Rhydon
|-damage|p2a: Rhydon|178\/413
|
|turn|17
|choice|move 2|move 3
|
|move|p2a: Rhydon|Substitute|p2a: Rhydon
|-start|p2a: Rhydon|Substitute
|-damage|p2a: Rhydon|75\/413
|move|p1a: Rhydon|Earthquake|p2a: Rhydon
|-supereffective|p2a: Rhydon
|-end|p2a: Rhydon|Substitute
|
|turn|18
|choice|move 2|switch 6
|
|switch|p2a: Alakazam|Alakazam|313\/313
|move|p1a: Rhydon|Earthquake|p2a: Alakazam
|-crit|p2a: Alakazam
|-damage|p2a: Alakazam|0 fnt
|faint|p2a: Alakazam
|choice||switch 3
|
|switch|p2a: Zapdos|Zapdos|317\/383 par
|turn|19
|choice|move 3|switch 4
|
|switch|p2a: Lapras|Lapras|293\/463 slp
|move|p1a: Rhydon|Rock Slide|p2a: Lapras|[miss]
|-miss|p1a: Rhydon
|
|turn|20
|choice|move 3|move 1
|
|-curestatus|p2a: Lapras|slp
|move|p1a: Rhydon|Rock Slide|p2a: Lapras
|-supereffective|p2a: Lapras
|-damage|p2a: Lapras|57\/463
|
|turn|21
|choice|move 3|switch 6
|
|switch|p2a: Rhydon|Rhydon|75\/413
|move|p1a: Rhydon|Rock Slide|p2a: Rhydon
|-crit|p2a: Rhydon
|-resisted|p2a: Rhydon
|-damage|p2a: Rhydon|0 fnt
|faint|p2a: Rhydon
|choice||switch 2
|
|switch|p2a: Chansey|Chansey|347\/703 slp
|turn|22
|choice|move 2|move 2
|
|cant|p2a: Chansey|slp
|move|p1a: Rhydon|Earthquake|p2a: Chansey
|-damage|p2a: Chansey|0 fnt
|faint|p2a: Chansey
|choice||switch 6
|
|switch|p2a: Lapras|Lapras|57\/463
|turn|23
|choice|move 3|move 1
|
|move|p2a: Lapras|Ice Beam|p1a: Rhydon
|-supereffective|p1a: Rhydon
|-end|p1a: Rhydon|Substitute
|move|p1a: Rhydon|Rock Slide|p2a: Lapras
|-supereffective|p2a: Lapras
|-damage|p2a: Lapras|0 fnt
|faint|p2a: Lapras
|choice||switch 5
|
|switch|p2a: Exeggutor|Exeggutor|393\/393
|turn|24
|choice|switch 3|move 1
|
|switch|p1a: Chansey|Chansey|359\/703
|move|p2a: Exeggutor|Sleep Powder|p1a: Chansey
|-status|p1a: Chansey|slp
|
|turn|25
|choice|switch 6|move 2
|
|switch|p1a: Starmie|Starmie|323\/323
|move|p2a: Exeggutor|Psychic|p1a: Starmie
|-resisted|p1a: Starmie
|-damage|p1a: Starmie|263\/323
|
|turn|26
|choice|move 4|move 4
|
|move|p1a: Starmie|Thunder Wave|p2a: Exeggutor
|-status|p2a: Exeggutor|par
|move|p2a: Exeggutor|Mega Drain|p1a: Starmie
|-supereffective|p1a: Starmie
|-damage|p1a: Starmie|155\/323
|
|turn|27
|choice|switch 4|move 4
|
|switch|p1a: Exeggutor|Exeggutor|264\/393
|move|p2a: Exeggutor|Mega Drain|p1a: Exeggutor
|-resisted|p1a: Exeggutor
|-damage|p1a: Exeggutor|242\/393
|
|turn|28
|choice|move 2|move 1
|
|move|p1a: Exeggutor|Explosion|p2a: Exeggutor
|-damage|p2a: Exeggutor|80\/393 par
|faint|p1a: Exeggutor
|choice|switch 5|
|
|switch|p1a: Tauros|Tauros|353\/353
|turn|29
|choice|move 1|switch 4
|
|switch|p2a: Zapdos|Zapdos|317\/383 par
|move|p1a: Tauros|Body Slam|p2a: Zapdos
|-damage|p2a: Zapdos|214\/383 par
|
|turn|30
|choice|move 1|move 3
|
|move|p1a: Tauros|Body Slam|p2a: Zapdos
|-crit|p2a: Zapdos
|-damage|p2a: Zapdos|0 fnt
|faint|p2a: Zapdos
|choice||switch 4
|
|switch|p2a: Exeggutor|Exeggutor|80\/393 par
|turn|31
|choice|move 1|move 1
|
|move|p1a: Tauros|Body Slam|p2a: Exeggutor
|-damage|p2a: Exeggutor|0 fnt
|faint|p2a: Exeggutor
|
|win|Ray Strong
|player|p1
|player|p2
|raw|Ray Strong's rating: 1157 &rarr; <strong>1175<\/strong><br \/>(+18 for winning)
|raw|rodmaster 450's rating: 1054 &rarr; <strong>1041<\/strong><br \/>(-13 for losing)
|l|rodmaster 450