|j|trickster is a fag
|j|WHYWHOWHAT
|player|p1|trickster is a fag|169
|player|p2|WHYWHOWHAT|102
|gametype|singles
|gen|1
|tier|[Gen 1] Random Battle
|rated
|seed|35233,24302,1057,58956
|rule|Sleep Clause Mod: Limit one foe put to sleep
|rule|Freeze Clause Mod: Limit one foe frozen
|rule|HP Percentage Mod: HP is shown in percentages
|
|start
|switch|p1a: Tentacruel|Tentacruel, L85|310\/310
|switch|p2a: Machamp|Machamp, L90|345\/345
|turn|1
|choice|move 1|move 3
|
|move|p1a: Tentacruel|Hydro Pump|p2a: Machamp|[miss]
|-miss|p1a: Tentacruel
|move|p2a: Machamp|Earthquake|p1a: Tentacruel
|-supereffective|p1a: Tentacruel
|-damage|p1a: Tentacruel|93\/310
|
|turn|2
|choice|move 1|move 3
|
|move|p1a: Tentacruel|Hydro Pump|p2a: Machamp
|-damage|p2a: Machamp|172\/345
|move|p2a: Machamp|Earthquake|p1a: Tentacruel
|-supereffective|p1a: Tentacruel
|-damage|p1a: Tentacruel|0 fnt
|faint|p1a: Tentacruel
|choice|switch 4|
|
|switch|p1a: Zapdos|Zapdos, L79|304\/304
|turn|3
|choice|move 4|switch 4
|
|switch|p2a: Rhydon|Rhydon, L79|328\/328
|move|p1a: Zapdos|Thunderbolt|p2a: Rhydon
|-immune|p2a: Rhydon|[msg]
|
|turn|4
|choice|switch 5|move 1
|
|switch|p1a: Clefable|Clefable, L85|335\/335
|move|p2a: Rhydon|Body Slam|p1a: Clefable
|-damage|p1a: Clefable|268\/335
|
|turn|5
|choice|move 3|switch 2
|
|switch|p2a: Ditto|Ditto, L99|296\/296
|move|p1a: Clefable|Sing|p2a: Ditto
|-status|p2a: Ditto|slp
|
|turn|6
|choice|move 2|switch 6
|
|switch|p2a: Starmie|Starmie, L79|257\/257
|move|p1a: Clefable|Body Slam|p2a: Starmie
|-damage|p2a: Starmie|179\/257
|
|turn|7
|choice|move 2|move 3
|
|move|p2a: Starmie|Thunder Wave|p1a: Clefable
|-status|p1a: Clefable|par
|move|p1a: Clefable|Body Slam|p2a: Starmie
|-damage|p2a: Starmie|91\/257
|-status|p2a: Starmie|par
|
|turn|8
|choice|move 2|move 1
|
|move|p2a: Starmie|Recover|p2a: Starmie
|-heal|p2a: Starmie|219\/257 par
|cant|p1a: Clefable|par
|
|turn|9
|choice|move 2|move 2
|
|move|p2a: Starmie|Surf|p1a: Clefable
|-damage|p1a: Clefable|171\/335 par
|move|p1a: Clefable|Body Slam|p2a: Starmie
|-damage|p2a: Starmie|129\/257 par
|
|turn|10
|choice|move 1|move 1
|
|move|p2a: Starmie|Recover|p2a: Starmie
|-heal|p2a: Starmie|257\/257 par
|move|p1a: Clefable|Hyper Beam|p2a: Starmie|[miss]
|-miss|p1a: Clefable
|
|turn|11
|choice|move 2|move 2
|
|move|p2a: Starmie|Surf|p1a: Clefable
|-damage|p1a: Clefable|74\/335 par
|cant|p1a: Clefable|par
|
|turn|12
|choice|move 2|move 2
|
|cant|p2a: Starmie|par
|move|p1a: Clefable|Body Slam|p2a: Starmie
|-damage|p2a: Starmie|180\/257 par
|
|turn|13
|choice|move 1|move 2
|
|move|p2a: Starmie|Surf|p1a: Clefable
|-damage|p1a: Clefable|0 fnt
|faint|p1a: Clefable
|choice|switch 5|
|
|switch|p1a: Zapdos|Zapdos, L79|304\/304
|turn|14
|choice|switch 2|switch 2
|
|switch|p1a: Ninetales|Ninetales, L85|298\/298
|switch|p2a: Rhydon|Rhydon, L79|328\/328
|
|turn|15
|choice|move 1|move 2
|
|move|p1a: Ninetales|Fire Blast|p2a: Rhydon
|-resisted|p2a: Rhydon
|-damage|p2a: Rhydon|229\/328
|move|p2a: Rhydon|Earthquake|p1a: Ninetales
|-supereffective|p1a: Ninetales
|-damage|p1a: Ninetales|67\/298
|
|turn|16
|choice|move 1|move 2
|
|move|p1a: Ninetales|Fire Blast|p2a: Rhydon
|-resisted|p2a: Rhydon
|-damage|p2a: Rhydon|129\/328
|move|p2a: Rhydon|Earthquake|p1a: Ninetales
|-supereffective|p1a: Ninetales
|-damage|p1a: Ninetales|0 fnt
|faint|p1a: Ninetales
|c|★trickster is a fag|jesus
|c|★trickster is a fag|i cant get a break
|choice|switch 3|
|
|switch|p1a: Haunter|Haunter, L85|250\/250
|turn|17
|c|★trickster is a fag|had an absolute 0% chance to win this game
|c|★WHYWHOWHAT|well you did with that attitude!
|choice|move 3|switch 6
|
|switch|p2a: Ditto|Ditto, L99|296\/296 slp
|move|p1a: Haunter|Confuse Ray|p2a: Ditto
|-start|p2a: Ditto|confusion
|
|turn|18
|c|★trickster is a fag|ok but for those of us who aren't retarded
|c|★trickster is a fag|it's not about attitude
|c|★trickster is a fag|it's about the teams and hax
|choice|move 2|move 1
|
|move|p1a: Haunter|Thunderbolt|p2a: Ditto
|-damage|p2a: Ditto|204\/296 slp
|cant|p2a: Ditto|slp
|
|turn|19
|c|★WHYWHOWHAT|I know I just don't respond well to whining
|choice|move 2|move 1
|
|move|p1a: Haunter|Thunderbolt|p2a: Ditto
|-crit|p2a: Ditto
|-damage|p2a: Ditto|20\/296 slp
|cant|p2a: Ditto|slp
|
|turn|20
|choice|move 2|move 1
|
|move|p1a: Haunter|Thunderbolt|p2a: Ditto
|-damage|p2a: Ditto|0 fnt
|faint|p2a: Ditto
|choice||switch 5
|
|switch|p2a: Jolteon|Jolteon, L79|265\/265
|turn|21
|c|★trickster is a fag|well when the rng runs completely against me and i dont have a shot
|c|★trickster is a fag|im gonna make it known
|choice|switch 6|move 3
|
|switch|p1a: Jolteon|Jolteon, L79|265\/265
|move|p2a: Jolteon|Thunder Wave|p1a: Jolteon
|-status|p1a: Jolteon|par
|
|turn|22
|choice|move 4|switch 6
|
|switch|p2a: Rhydon|Rhydon, L79|129\/328
|move|p1a: Jolteon|Double Kick|p2a: Rhydon
|-supereffective|p2a: Rhydon
|-damage|p2a: Rhydon|104\/328
|-damage|p2a: Rhydon|79\/328
|-hitcount|p2a: Rhydon|2
|
|turn|23
|c|★trickster is a fag|as you can see
|c|★trickster is a fag|rhydon pretty much beats my whole team
|c|★trickster is a fag|except the tentacruel that got haxed to death, of course
|choice|move 4|move 2
|
|move|p2a: Rhydon|Earthquake|p1a: Jolteon
|-supereffective|p1a: Jolteon
|-damage|p1a: Jolteon|0 fnt
|faint|p1a: Jolteon
|choice|switch 6|
|
|switch|p1a: Haunter|Haunter, L85|250\/250
|turn|24
|c|★WHYWHOWHAT|haxed to death?
|c|★trickster is a fag|yes
|c|★WHYWHOWHAT|you missed one hydro pump...
|c|★trickster is a fag|ok, and that was a gigantic hydro pump
|c|★trickster is a fag|then on top of that
|c|★trickster is a fag|he didnt crit the second one
|c|★trickster is a fag|hes fast, good chance of crit
|c|★trickster is a fag|besides, me having only one pokemon that can counter one of yours is a massive disadvantage
|c|★trickster is a fag|especially when hes the lead
|choice|move 1|switch 2
|
|switch|p2a: Starmie|Starmie, L79|180\/257 par
|move|p1a: Haunter|Hypnosis|p2a: Starmie|[miss]
|-miss|p1a: Haunter
|
|turn|25
|choice|move 2|move 3
|
|move|p1a: Haunter|Thunderbolt|p2a: Starmie
|-crit|p2a: Starmie
|-supereffective|p2a: Starmie
|-damage|p2a: Starmie|0 fnt
|faint|p2a: Starmie
|choice||switch 6
|
|switch|p2a: Jolteon|Jolteon, L79|265\/265
|turn|26
|c|★trickster is a fag|and on top of all that, ninetales never crit or burned him
|c|★trickster is a fag|just a total shit show, all in all
|c|★trickster is a fag|oh and your jolteon getting twave too
|c|★trickster is a fag|which mine didnt have and never seems to
|choice|move 1|move 3
|
|move|p2a: Jolteon|Thunder Wave|p1a: Haunter
|-status|p1a: Haunter|par
|cant|p1a: Haunter|par
|
|turn|27
|c|★trickster is a fag|standard
|choice|move 1|move 1
|
|move|p2a: Jolteon|Thunderbolt|p1a: Haunter
|-damage|p1a: Haunter|169\/250 par
|move|p1a: Haunter|Hypnosis|p2a: Jolteon
|-status|p2a: Jolteon|slp
|
|turn|28
|choice|move 4|switch 2
|
|switch|p2a: Rhydon|Rhydon, L79|79\/328
|move|p1a: Haunter|Explosion|p2a: Rhydon
|-resisted|p2a: Rhydon
|-damage|p2a: Rhydon|4\/328
|faint|p1a: Haunter
|choice|switch 2|
|
|switch|p1a: Zapdos|Zapdos, L79|304\/304
|turn|29
|choice|move 3|switch 3
|
|switch|p2a: Lapras|Lapras, L79|367\/367
|move|p1a: Zapdos|Drill Peck|p2a: Lapras
|-damage|p2a: Lapras|289\/367
|
|turn|30
|choice|move 4|move 1
|
|move|p1a: Zapdos|Thunderbolt|p2a: Lapras
|-crit|p2a: Lapras
|-supereffective|p2a: Lapras
|-damage|p2a: Lapras|0 fnt
|faint|p2a: Lapras
|choice||switch 4
|
|switch|p2a: Machamp|Machamp, L90|172\/345
|turn|31
|choice|move 4|move 2
|
|move|p1a: Zapdos|Thunderbolt|p2a: Machamp
|-damage|p2a: Machamp|58\/345
|move|p2a: Machamp|Body Slam|p1a: Zapdos
|-crit|p1a: Zapdos
|-damage|p1a: Zapdos|138\/304
|-status|p1a: Zapdos|par
|
|turn|32
|c|★trickster is a fag|nice
|c|★trickster is a fag|FUCKING
|c|★trickster is a fag|crit para
|c|★trickster is a fag|holy shit
|c|★trickster is a fag|absolutely unreal
|choice|move 1|move 1
|
|move|p2a: Machamp|Hyper Beam|p1a: Zapdos
|-crit|p1a: Zapdos
|-damage|p1a: Zapdos|0 fnt
|faint|p1a: Zapdos
|
|win|WHYWHOWHAT
|player|p1
|player|p2
|raw|trickster is a fag's rating: 1487 &rarr; <strong>1464<\/strong><br \/>(-23 for losing)
|raw|WHYWHOWHAT's rating: 1439 &rarr; <strong>1462<\/strong><br \/>(+23 for winning)
|c|★trickster is a fag|you are so fucking stupid
|c|★trickster is a fag|its amazing
|c|★WHYWHOWHAT|you really are a poopyhead
|c|★trickster is a fag|you played that endgame as badly as you possibly could have
|c|★trickster is a fag|i should have had no chance
|c|★WHYWHOWHAT|okay
|c|★WHYWHOWHAT|are you done
|c|★trickster is a fag|instead i became the favorite to win
|c|★trickster is a fag|then you further haxed me
|c|★WHYWHOWHAT|do you feel  better now?
|c|★trickster is a fag|do you realize you're terrible?
|c|★trickster is a fag|im unclear on that
|c|★WHYWHOWHAT|All i do is wake up every day
|c|★WHYWHOWHAT|and hate myself
|c|★WHYWHOWHAT|and think
|c|★WHYWHOWHAT|how good
|c|★WHYWHOWHAT|it would be
|c|★WHYWHOWHAT|to die
|c|★WHYWHOWHAT|and people
|c|★WHYWHOWHAT|like you
|c|★WHYWHOWHAT|make me know
|c|★WHYWHOWHAT|its okay
|c|★WHYWHOWHAT|to hate myself
|c|★trickster is a fag|yeah dude
|c|★trickster is a fag|you really should
|c|★trickster is a fag|i certainly hate you
|c|★trickster is a fag|my guess is most people do
|c|★WHYWHOWHAT|you're a sweetheart
|l|WHYWHOWHAT