|join|Gen1masterrony
|join|Rollingroc
|player|p1|Gen1masterrony|102
|player|p2|Rollingroc|266
|gametype|singles
|gen|1
|tier|[Gen 1] Random Battle
|rated
|rule|Sleep Clause Mod: Limit one foe put to sleep
|rule|Freeze Clause Mod: Limit one foe frozen
|rule|HP Percentage Mod: HP is shown in percentages
|
|start
|switch|p1a: Magneton|Magneton, L90|273\/273
|switch|p2a: Graveler|Graveler, L85|267\/267
|turn|1
|
|switch|p1a: Lapras|Lapras, L79|367\/367
|move|p2a: Graveler|Rock Slide|p1a: Lapras
|-supereffective|p1a: Lapras
|-damage|p1a: Lapras|187\/367
|
|turn|2
|
|move|p1a: Lapras|Blizzard|p2a: Graveler
|-supereffective|p2a: Graveler
|-damage|p2a: Graveler|0 fnt
|faint|p2a: Graveler
|
|switch|p2a: Tentacool|Tentacool, L96|272\/272
|turn|3
|
|move|p2a: Tentacool|Double-Edge|p1a: Lapras
|-damage|p1a: Lapras|123\/367
|-damage|p2a: Tentacool|256\/272|[from] recoil|[of] p1a: Lapras
|move|p1a: Lapras|Thunderbolt|p2a: Tentacool
|-supereffective|p2a: Tentacool
|-damage|p2a: Tentacool|164\/272
|
|turn|4
|
|switch|p1a: Magneton|Magneton, L90|273\/273
|move|p2a: Tentacool|Double-Edge|p1a: Magneton
|-damage|p1a: Magneton|222\/273
|-damage|p2a: Tentacool|152\/272|[from] recoil|[of] p1a: Magneton
|
|turn|5
|
|switch|p2a: Dragonair|Dragonair, L85|277\/277
|move|p1a: Magneton|Thunderbolt|p2a: Dragonair
|-resisted|p2a: Dragonair
|-damage|p2a: Dragonair|201\/277
|-status|p2a: Dragonair|par
|
|turn|6
|
|switch|p1a: Lapras|Lapras, L79|123\/367
|move|p2a: Dragonair|Surf|p1a: Lapras
|-resisted|p1a: Lapras
|-damage|p1a: Lapras|95\/367
|
|turn|7
|
|move|p1a: Lapras|Rest|p1a: Lapras
|-status|p1a: Lapras|slp
|-heal|p1a: Lapras|367\/367 slp|[silent]
|-status|p1a: Lapras|slp|[from] move: Rest
|cant|p2a: Dragonair|par
|
|turn|8
|
|cant|p1a: Lapras|slp
|move|p2a: Dragonair|Thunderbolt|p1a: Lapras
|-supereffective|p1a: Lapras
|-damage|p1a: Lapras|251\/367 slp
|
|turn|9
|
|switch|p1a: Weedle|Weedle, L99|280\/280
|move|p2a: Dragonair|Thunderbolt|p1a: Weedle
|-damage|p1a: Weedle|185\/280
|
|turn|10
|
|move|p1a: Weedle|String Shot|p2a: Dragonair
|-unboost|p2a: Dragonair|spe|1
|cant|p2a: Dragonair|par
|
|turn|11
|
|move|p1a: Weedle|Poison Sting|p2a: Dragonair
|-damage|p2a: Dragonair|186\/277 par
|move|p2a: Dragonair|Ice Beam|p1a: Weedle
|-damage|p1a: Weedle|91\/280
|
|turn|12
|
|switch|p1a: Magneton|Magneton, L90|222\/273
|move|p2a: Dragonair|Surf|p1a: Magneton
|-damage|p1a: Magneton|181\/273
|
|turn|13
|
|switch|p2a: Flareon|Flareon, L90|300\/300
|move|p1a: Magneton|Double-Edge|p2a: Flareon
|-damage|p2a: Flareon|229\/300
|-damage|p1a: Magneton|164\/273|[from] recoil|[of] p2a: Flareon
|
|turn|14
|
|switch|p1a: Weedle|Weedle, L99|91\/280
|move|p2a: Flareon|Fire Blast|p1a: Weedle
|-supereffective|p1a: Weedle
|-damage|p1a: Weedle|0 fnt
|faint|p1a: Weedle
|
|switch|p1a: Magneton|Magneton, L90|164\/273
|turn|15
|
|move|p1a: Magneton|Double-Edge|p2a: Flareon
|-damage|p2a: Flareon|152\/300
|-damage|p1a: Magneton|145\/273|[from] recoil|[of] p2a: Flareon
|move|p2a: Flareon|Fire Blast|p1a: Magneton
|-damage|p1a: Magneton|27\/273
|
|turn|16
|
|move|p2a: Flareon|Quick Attack|p1a: Magneton
|-damage|p1a: Magneton|0 fnt
|faint|p1a: Magneton
|
|switch|p1a: Pidgeot|Pidgeot, L90|333\/333
|turn|17
|
|move|p1a: Pidgeot|Hyper Beam|p2a: Flareon
|-damage|p2a: Flareon|0 fnt
|faint|p2a: Flareon
|
|switch|p2a: Jynx|Jynx, L79|265\/265
|turn|18
|
|move|p1a: Pidgeot|Hyper Beam|p2a: Jynx|[miss]
|-miss|p1a: Pidgeot
|move|p2a: Jynx|Blizzard|p1a: Pidgeot
|-supereffective|p1a: Pidgeot
|-damage|p1a: Pidgeot|92\/333
|-status|p1a: Pidgeot|frz
|
|turn|19
|c|★Gen1masterrony|lucky ass
|
|cant|p1a: Pidgeot|frz
|move|p2a: Jynx|Psychic|p1a: Pidgeot
|-damage|p1a: Pidgeot|1\/333 frz
|
|turn|20
|
|cant|p1a: Pidgeot|frz
|move|p2a: Jynx|Psychic|p1a: Pidgeot
|-damage|p1a: Pidgeot|0 fnt
|faint|p1a: Pidgeot
|
|switch|p1a: Mew|Mew, L74|300\/300
|turn|21
|
|move|p2a: Jynx|Psychic|p1a: Mew
|-resisted|p1a: Mew
|-damage|p1a: Mew|259\/300
|move|p1a: Mew|Thunder Wave|p2a: Jynx
|-status|p2a: Jynx|par
|
|turn|22
|
|move|p1a: Mew|Hyper Beam|p2a: Jynx
|-damage|p2a: Jynx|111\/265 par
|cant|p2a: Jynx|par
|
|turn|23
|-mustrecharge|p1a: Mew
|-mustrecharge|p1a: Mew
|
|cant|p1a: Mew|recharge
|move|p2a: Jynx|Mimic|p1a: Mew
|-start|p2a: Jynx|Mimic|Thunder Wave
|
|turn|24
|
|move|p1a: Mew|Hyper Beam|p2a: Jynx
|-damage|p2a: Jynx|0 fnt
|faint|p2a: Jynx
|
|switch|p2a: Dragonair|Dragonair, L85|186\/277 par
|turn|25
|
|move|p1a: Mew|Blizzard|p2a: Dragonair
|-crit|p2a: Dragonair
|-supereffective|p2a: Dragonair
|-damage|p2a: Dragonair|0 fnt
|faint|p2a: Dragonair
|
|switch|p2a: Tentacool|Tentacool, L96|152\/272
|turn|26
|
|move|p2a: Tentacool|Double-Edge|p1a: Mew
|-damage|p1a: Mew|197\/300
|-damage|p2a: Tentacool|137\/272|[from] recoil|[of] p1a: Mew
|move|p1a: Mew|Thunder Wave|p2a: Tentacool
|-status|p2a: Tentacool|par
|
|turn|27
|
|move|p1a: Mew|Blizzard|p2a: Tentacool
|-resisted|p2a: Tentacool
|-damage|p2a: Tentacool|110\/272 par
|move|p2a: Tentacool|Double-Edge|p1a: Mew
|-crit|p1a: Mew
|-damage|p1a: Mew|91\/300
|-damage|p2a: Tentacool|84\/272 par|[from] recoil|[of] p1a: Mew
|
|turn|28
|
|move|p1a: Mew|Hyper Beam|p2a: Tentacool|[miss]
|-miss|p1a: Mew
|cant|p2a: Tentacool|par
|
|turn|29
|
|move|p1a: Mew|Hyper Beam|p2a: Tentacool
|-damage|p2a: Tentacool|0 fnt
|faint|p2a: Tentacool
|
|switch|p2a: Vaporeon|Vaporeon, L85|395\/395
|turn|30
|
|move|p1a: Mew|Thunder Wave|p2a: Vaporeon
|-status|p2a: Vaporeon|par
|cant|p2a: Vaporeon|par
|
|turn|31
|
|move|p1a: Mew|Hyper Beam|p2a: Vaporeon
|-damage|p2a: Vaporeon|291\/395 par
|move|p2a: Vaporeon|Body Slam|p1a: Mew
|-damage|p1a: Mew|39\/300
|
|turn|32
|-mustrecharge|p1a: Mew
|-mustrecharge|p1a: Mew
|
|cant|p1a: Mew|recharge
|move|p2a: Vaporeon|Body Slam|p1a: Mew
|-crit|p1a: Mew
|-damage|p1a: Mew|0 fnt
|faint|p1a: Mew
|
|switch|p1a: Beedrill|Beedrill, L90|300\/300
|turn|33
|
|move|p1a: Beedrill|Swords Dance|p1a: Beedrill
|-boost|p1a: Beedrill|atk|2
|cant|p2a: Vaporeon|par
|
|turn|34
|
|move|p1a: Beedrill|Swords Dance|p1a: Beedrill
|-boost|p1a: Beedrill|atk|2
|cant|p2a: Vaporeon|par
|
|turn|35
|
|move|p1a: Beedrill|Hyper Beam|p2a: Vaporeon
|-damage|p2a: Vaporeon|0 fnt
|faint|p2a: Vaporeon
|
|win|Gen1masterrony