|join|andrewandres
|join|nice thighs
|player|p1|andrewandres|7
|player|p2|nice thighs|241
|gametype|singles
|gen|1
|tier|[Gen 1] Random Battle
|rated
|rule|Sleep Clause Mod: Limit one foe put to sleep
|rule|Freeze Clause Mod: Limit one foe frozen
|rule|HP Percentage Mod: HP is shown in percentages
|
|start
|switch|p1a: Arbok|Arbok, L85|276\/276
|switch|p2a: Snorlax|Snorlax, L79|415\/415
|turn|1
|
|switch|p2a: Hypno|Hypno, L85|318\/318
|move|p1a: Arbok|Glare|p2a: Hypno
|-status|p2a: Hypno|par
|
|turn|2
|
|move|p1a: Arbok|Earthquake|p2a: Hypno
|-damage|p2a: Hypno|238\/318 par
|move|p2a: Hypno|Thunder Wave|p1a: Arbok
|-status|p1a: Arbok|par
|
|turn|3
|
|cant|p1a: Arbok|par
|cant|p2a: Hypno|par
|
|turn|4
|
|move|p1a: Arbok|Earthquake|p2a: Hypno
|-damage|p2a: Hypno|166\/318 par
|move|p2a: Hypno|Psychic|p1a: Arbok
|-supereffective|p1a: Arbok
|-damage|p1a: Arbok|24\/276 par
|
|turn|5
|
|move|p1a: Arbok|Earthquake|p2a: Hypno
|-damage|p2a: Hypno|89\/318 par
|move|p2a: Hypno|Rest|p2a: Hypno
|-status|p2a: Hypno|slp
|-heal|p2a: Hypno|318\/318 slp|[silent]
|-status|p2a: Hypno|slp|[from] move: Rest
|
|turn|6
|
|switch|p1a: Charmeleon|Charmeleon, L85|272\/272
|switch|p2a: Snorlax|Snorlax, L79|415\/415
|
|turn|7
|
|move|p1a: Charmeleon|Submission|p2a: Snorlax
|-supereffective|p2a: Snorlax
|-damage|p2a: Snorlax|304\/415
|-damage|p1a: Charmeleon|245\/272|[from] recoil|[of] p2a: Snorlax
|move|p2a: Snorlax|Body Slam|p1a: Charmeleon
|-damage|p1a: Charmeleon|131\/272
|
|turn|8
|
|move|p1a: Charmeleon|Slash|p2a: Snorlax
|-crit|p2a: Snorlax
|-damage|p2a: Snorlax|201\/415
|move|p2a: Snorlax|Hyper Beam|p1a: Charmeleon
|-crit|p1a: Charmeleon
|-damage|p1a: Charmeleon|0 fnt
|faint|p1a: Charmeleon
|
|switch|p1a: Wigglytuff|Wigglytuff, L85|412\/412
|turn|9
|
|switch|p2a: Hypno|Hypno, L85|318\/318 slp
|move|p1a: Wigglytuff|Thunder Wave|p2a: Hypno
|-fail|p2a: Hypno
|
|turn|10
|c|★andrewandres|stupid lucker..
|c|★nice thighs|hes sleeping stupid
|
|cant|p2a: Hypno|slp
|move|p1a: Wigglytuff|Double-Edge|p2a: Hypno
|-damage|p2a: Hypno|222\/318 slp
|-damage|p1a: Wigglytuff|388\/412|[from] recoil|[of] p2a: Hypno
|
|turn|11
|c|★andrewandres|predicted change stupid
|c|★nice thighs|thats called skill not luck
|c|★andrewandres|3rd ladder
|c|★andrewandres|thanks for the IP
|c|★andrewandres|bye accounts
|
|cant|p2a: Hypno|slp
|-curestatus|p2a: Hypno|slp
|move|p1a: Wigglytuff|Double-Edge|p2a: Hypno
|-damage|p2a: Hypno|126\/318
|-damage|p1a: Wigglytuff|364\/412|[from] recoil|[of] p2a: Hypno
|
|turn|12
|
|move|p2a: Hypno|Thunder Wave|p1a: Wigglytuff
|-status|p1a: Wigglytuff|par
|move|p1a: Wigglytuff|Sing|p2a: Hypno
|-status|p2a: Hypno|slp
|
|turn|13
|
|switch|p2a: Rapidash|Rapidash, L85|284\/284
|switch|p1a: Dewgong|Dewgong, L85|327\/327
|
|turn|14
|
|switch|p2a: Electabuzz|Electabuzz, L85|284\/284
|move|p1a: Dewgong|Surf|p2a: Electabuzz
|-damage|p2a: Electabuzz|181\/284
|
|turn|15
|
|switch|p1a: Arbok|Arbok, L85|24\/276 par
|move|p2a: Electabuzz|Thunderbolt|p1a: Arbok
|-damage|p1a: Arbok|0 fnt
|faint|p1a: Arbok
|
|switch|p1a: Wigglytuff|Wigglytuff, L85|364\/412 par
|turn|16
|
|switch|p2a: Rapidash|Rapidash, L85|284\/284
|move|p1a: Wigglytuff|Double-Edge|p2a: Rapidash
|-damage|p2a: Rapidash|182\/284
|-damage|p1a: Wigglytuff|339\/412 par|[from] recoil|[of] p2a: Rapidash
|
|turn|17
|
|move|p2a: Rapidash|Fire Blast|p1a: Wigglytuff
|-crit|p1a: Wigglytuff
|-damage|p1a: Wigglytuff|57\/412 par
|move|p1a: Wigglytuff|Thunder Wave|p2a: Rapidash
|-status|p2a: Rapidash|par
|
|turn|18
|c|★andrewandres|critical.. of course
|
|move|p2a: Rapidash|Fire Blast|p1a: Wigglytuff
|-damage|p1a: Wigglytuff|0 fnt
|faint|p1a: Wigglytuff
|
|switch|p1a: Staryu|Staryu, L90|237\/237
|turn|19
|c|★andrewandres|fainted
|c|★andrewandres|with ater
|
|switch|p2a: Bulbasaur|Bulbasaur, L96|281\/281
|move|p1a: Staryu|Thunder Wave|p2a: Bulbasaur
|-status|p2a: Bulbasaur|par
|
|turn|20
|
|switch|p1a: Dewgong|Dewgong, L85|327\/327
|cant|p2a: Bulbasaur|par
|
|turn|21
|
|switch|p2a: Electabuzz|Electabuzz, L85|181\/284
|move|p1a: Dewgong|Blizzard|p2a: Electabuzz
|-damage|p2a: Electabuzz|60\/284
|
|turn|22
|
|move|p2a: Electabuzz|Thunderbolt|p1a: Dewgong
|-supereffective|p1a: Dewgong
|-damage|p1a: Dewgong|146\/327
|move|p1a: Dewgong|Surf|p2a: Electabuzz
|-damage|p2a: Electabuzz|0 fnt
|faint|p2a: Electabuzz
|
|switch|p2a: Snorlax|Snorlax, L79|201\/415
|turn|23
|
|move|p1a: Dewgong|Surf|p2a: Snorlax
|-damage|p2a: Snorlax|61\/415
|move|p2a: Snorlax|Hyper Beam|p1a: Dewgong
|-damage|p1a: Dewgong|0 fnt
|faint|p1a: Dewgong
|
|switch|p1a: Staryu|Staryu, L90|237\/237
|turn|24
|
|move|p1a: Staryu|Surf|p2a: Snorlax
|-damage|p2a: Snorlax|0 fnt
|faint|p2a: Snorlax
|
|switch|p2a: Bulbasaur|Bulbasaur, L96|281\/281 par
|turn|25
|
|move|p1a: Staryu|Surf|p2a: Bulbasaur
|-resisted|p2a: Bulbasaur
|-damage|p2a: Bulbasaur|233\/281 par
|cant|p2a: Bulbasaur|par
|
|turn|26
|
|move|p1a: Staryu|Thunderbolt|p2a: Bulbasaur
|-crit|p2a: Bulbasaur
|-resisted|p2a: Bulbasaur
|-damage|p2a: Bulbasaur|169\/281 par
|move|p2a: Bulbasaur|Sleep Powder|p1a: Staryu
|-status|p1a: Staryu|slp
|
|turn|27
|
|switch|p1a: Kadabra|Kadabra, L85|242\/242
|cant|p2a: Bulbasaur|par
|
|turn|28
|
|switch|p2a: Hypno|Hypno, L85|126\/318 slp
|move|p1a: Kadabra|Psychic|p2a: Hypno
|-resisted|p2a: Hypno
|-damage|p2a: Hypno|80\/318 slp
|
|turn|29
|
|move|p1a: Kadabra|Psychic|p2a: Hypno
|-resisted|p2a: Hypno
|-damage|p2a: Hypno|36\/318 slp
|-unboost|p2a: Hypno|spd|1
|-unboost|p2a: Hypno|spa|1
|cant|p2a: Hypno|slp
|
|turn|30
|
|move|p1a: Kadabra|Psychic|p2a: Hypno
|-resisted|p2a: Hypno
|-damage|p2a: Hypno|0 fnt
|faint|p2a: Hypno
|
|switch|p2a: Rapidash|Rapidash, L85|182\/284 par
|turn|31
|
|move|p1a: Kadabra|Psychic|p2a: Rapidash
|-damage|p2a: Rapidash|59\/284 par
|move|p2a: Rapidash|Fire Blast|p1a: Kadabra
|-damage|p1a: Kadabra|150\/242
|
|turn|32
|
|move|p1a: Kadabra|Psychic|p2a: Rapidash
|-damage|p2a: Rapidash|0 fnt
|faint|p2a: Rapidash
|
|switch|p2a: Dugtrio|Dugtrio, L85|233\/233
|turn|33
|
|move|p2a: Dugtrio|Earthquake|p1a: Kadabra
|-crit|p1a: Kadabra
|-damage|p1a: Kadabra|0 fnt
|faint|p1a: Kadabra
|c|★andrewandres|critical..
|c|★andrewandres|of course
|
|switch|p1a: Staryu|Staryu, L90|237\/237 slp
|turn|34
|
|move|p2a: Dugtrio|Earthquake|p1a: Staryu
|-damage|p1a: Staryu|121\/237 slp
|cant|p1a: Staryu|slp
|
|turn|35
|
|move|p2a: Dugtrio|Earthquake|p1a: Staryu
|-damage|p1a: Staryu|10\/237 slp
|cant|p1a: Staryu|slp
|
|turn|36
|
|move|p2a: Dugtrio|Earthquake|p1a: Staryu
|-damage|p1a: Staryu|0 fnt
|faint|p1a: Staryu
|
|win|nice thighs
|raw|Ladder updating...
|raw|andrewandres's rating: 1490 &rarr; <strong>1460<\/strong><br \/>(-30 for losing)
|raw|nice thighs's rating: 1292 &rarr; <strong>1330<\/strong><br \/>(+38 for winning)
|c|★nice thighs|you are either a moaning bitch or you dont have any idea of how gen 1\/chs work
|c|★nice thighs|bg
|leave|nice thighs
|player|p2
|c|★andrewandres|of course of course
|c|★andrewandres|see the ladder
|c|★andrewandres|stupid XD
|c|★andrewandres|1330?? XDXXDXD
|leave|andrewandres
|player|p1
|join|nice thighs