|join|Geoffrei
|join|yellowphoenix
|player|p1|Geoffrei|278
|player|p2|yellowphoenix|167
|gametype|singles
|gen|1
|tier|[Gen 1] Random Battle
|rated
|rule|Sleep Clause Mod: Limit one foe put to sleep
|rule|Freeze Clause Mod: Limit one foe frozen
|rule|HP Percentage Mod: HP is shown in percentages
|
|start
|switch|p1a: Tangela|Tangela, L85|284\/284
|switch|p2a: Pinsir|Pinsir, L85|284\/284
|turn|1
|
|move|p2a: Pinsir|Body Slam|p1a: Tangela
|-damage|p1a: Tangela|219\/284
|-status|p1a: Tangela|par
|move|p1a: Tangela|Sleep Powder|p2a: Pinsir
|-status|p2a: Pinsir|slp
|
|turn|2
|
|switch|p2a: Arcanine|Arcanine, L85|327\/327
|switch|p1a: Graveler|Graveler, L85|267\/267
|
|turn|3
|
|switch|p2a: Blastoise|Blastoise, L85|308\/308
|move|p1a: Graveler|Rock Slide|p2a: Blastoise
|-damage|p2a: Blastoise|229\/308
|
|turn|4
|
|switch|p1a: Exeggutor|Exeggutor, L79|312\/312
|move|p2a: Blastoise|Surf|p1a: Exeggutor
|-resisted|p1a: Exeggutor
|-damage|p1a: Exeggutor|273\/312
|
|turn|5
|
|switch|p2a: Arcanine|Arcanine, L85|327\/327
|move|p1a: Exeggutor|Egg Bomb|p2a: Arcanine|[miss]
|-miss|p1a: Exeggutor
|
|turn|6
|
|switch|p1a: Graveler|Graveler, L85|267\/267
|move|p2a: Arcanine|Fire Blast|p1a: Graveler
|-crit|p1a: Graveler
|-resisted|p1a: Graveler
|-damage|p1a: Graveler|109\/267
|
|turn|7
|
|switch|p2a: Blastoise|Blastoise, L85|229\/308
|move|p1a: Graveler|Earthquake|p2a: Blastoise
|-damage|p2a: Blastoise|134\/308
|
|turn|8
|
|switch|p1a: Golbat|Golbat, L85|301\/301
|move|p2a: Blastoise|Surf|p1a: Golbat
|-damage|p1a: Golbat|200\/301
|
|turn|9
|
|move|p1a: Golbat|Confuse Ray|p2a: Blastoise
|-start|p2a: Blastoise|confusion
|-activate|p2a: Blastoise|confusion
|move|p2a: Blastoise|Blizzard|p1a: Golbat
|-crit|p1a: Golbat
|-supereffective|p1a: Golbat
|-damage|p1a: Golbat|0 fnt
|faint|p1a: Golbat
|
|switch|p1a: Tangela|Tangela, L85|219\/284 par
|turn|10
|
|switch|p2a: Muk|Muk, L85|352\/352
|move|p1a: Tangela|Body Slam|p2a: Muk
|-damage|p2a: Muk|299\/352
|
|turn|11
|
|switch|p1a: Sandshrew|Sandshrew, L96|291\/291
|move|p2a: Muk|Sludge|p1a: Sandshrew
|-resisted|p1a: Sandshrew
|-damage|p1a: Sandshrew|256\/291
|-status|p1a: Sandshrew|psn
|
|turn|12
|
|switch|p2a: Parasect|Parasect, L85|276\/276
|move|p1a: Sandshrew|Earthquake|p2a: Parasect
|-resisted|p2a: Parasect
|-damage|p2a: Parasect|247\/276
|-damage|p1a: Sandshrew|238\/291 psn|[from] psn|[of] p2a: Parasect
|
|turn|13
|
|move|p1a: Sandshrew|Rock Slide|p2a: Parasect
|-supereffective|p2a: Parasect
|-damage|p2a: Parasect|128\/276
|-damage|p1a: Sandshrew|220\/291 psn|[from] psn|[of] p2a: Parasect
|move|p2a: Parasect|Mega Drain|p1a: Sandshrew
|-supereffective|p1a: Sandshrew
|-damage|p1a: Sandshrew|92\/291 psn
|-heal|p2a: Parasect|192\/276|[from] drain|[of] p1a: Sandshrew
|
|turn|14
|
|switch|p1a: Tangela|Tangela, L85|219\/284 par
|move|p2a: Parasect|Mega Drain|p1a: Tangela
|-resisted|p1a: Tangela
|-damage|p1a: Tangela|201\/284 par
|-heal|p2a: Parasect|201\/276|[from] drain|[of] p1a: Tangela
|
|turn|15
|
|switch|p2a: Muk|Muk, L85|299\/352
|move|p1a: Tangela|Body Slam|p2a: Muk
|-damage|p2a: Muk|248\/352
|
|turn|16
|
|switch|p1a: Sandshrew|Sandshrew, L96|92\/291 psn
|-damage|p1a: Sandshrew|74\/291 psn|[from] psn
|move|p2a: Muk|Sludge|p1a: Sandshrew
|-resisted|p1a: Sandshrew
|-damage|p1a: Sandshrew|39\/291 psn
|
|turn|17
|
|switch|p2a: Parasect|Parasect, L85|201\/276
|move|p1a: Sandshrew|Rock Slide|p2a: Parasect
|-crit|p2a: Parasect
|-supereffective|p2a: Parasect
|-damage|p2a: Parasect|0 fnt
|faint|p2a: Parasect
|
|switch|p2a: Dugtrio|Dugtrio, L85|233\/233
|turn|18
|
|move|p2a: Dugtrio|Earthquake|p1a: Sandshrew
|-damage|p1a: Sandshrew|0 fnt
|faint|p1a: Sandshrew
|
|switch|p1a: Tangela|Tangela, L85|201\/284 par
|turn|19
|
|switch|p2a: Muk|Muk, L85|248\/352
|move|p1a: Tangela|Stun Spore|p2a: Muk
|-status|p2a: Muk|par
|
|turn|20
|
|switch|p1a: Hitmonlee|Hitmonlee, L85|259\/259
|cant|p2a: Muk|par
|
|turn|21
|
|move|p1a: Hitmonlee|Seismic Toss|p2a: Muk
|-damage|p2a: Muk|163\/352 par
|cant|p2a: Muk|par
|
|turn|22
|
|move|p1a: Hitmonlee|Seismic Toss|p2a: Muk
|-damage|p2a: Muk|78\/352 par
|move|p2a: Muk|Sludge|p1a: Hitmonlee
|-damage|p1a: Hitmonlee|168\/259
|
|turn|23
|
|move|p1a: Hitmonlee|Seismic Toss|p2a: Muk
|-damage|p2a: Muk|0 fnt
|faint|p2a: Muk
|
|switch|p2a: Pinsir|Pinsir, L85|284\/284 slp
|turn|24
|
|switch|p1a: Graveler|Graveler, L85|109\/267
|cant|p2a: Pinsir|slp
|
|turn|25
|
|cant|p2a: Pinsir|slp
|move|p1a: Graveler|Earthquake|p2a: Pinsir
|-resisted|p2a: Pinsir
|-damage|p2a: Pinsir|238\/284 slp
|
|turn|26
|
|cant|p2a: Pinsir|slp
|move|p1a: Graveler|Rock Slide|p2a: Pinsir
|-supereffective|p2a: Pinsir
|-damage|p2a: Pinsir|87\/284 slp
|
|turn|27
|
|cant|p2a: Pinsir|slp
|-curestatus|p2a: Pinsir|slp
|move|p1a: Graveler|Rock Slide|p2a: Pinsir
|-supereffective|p2a: Pinsir
|-damage|p2a: Pinsir|0 fnt
|faint|p2a: Pinsir
|
|switch|p2a: Dugtrio|Dugtrio, L85|233\/233
|turn|28
|
|switch|p1a: Tangela|Tangela, L85|201\/284 par
|move|p2a: Dugtrio|Earthquake|p1a: Tangela
|-resisted|p1a: Tangela
|-damage|p1a: Tangela|160\/284 par
|
|turn|29
|
|switch|p2a: Arcanine|Arcanine, L85|327\/327
|cant|p1a: Tangela|par
|
|turn|30
|
|switch|p1a: Hitmonlee|Hitmonlee, L85|168\/259
|move|p2a: Arcanine|Fire Blast|p1a: Hitmonlee
|-damage|p1a: Hitmonlee|0 fnt
|faint|p1a: Hitmonlee
|
|switch|p1a: Graveler|Graveler, L85|109\/267
|turn|31
|
|switch|p2a: Blastoise|Blastoise, L85|134\/308
|move|p1a: Graveler|Earthquake|p2a: Blastoise
|-damage|p2a: Blastoise|43\/308
|
|turn|32
|
|switch|p1a: Tangela|Tangela, L85|160\/284 par
|move|p2a: Blastoise|Blizzard|p1a: Tangela
|-supereffective|p1a: Tangela
|-damage|p1a: Tangela|25\/284 par
|
|turn|33
|
|move|p2a: Blastoise|Surf|p1a: Tangela
|-resisted|p1a: Tangela
|-damage|p1a: Tangela|0 fnt
|faint|p1a: Tangela
|
|switch|p1a: Exeggutor|Exeggutor, L79|273\/312
|turn|34
|
|move|p2a: Blastoise|Blizzard|p1a: Exeggutor|[miss]
|-miss|p2a: Blastoise
|move|p1a: Exeggutor|Sleep Powder|p2a: Blastoise
|-status|p2a: Blastoise|slp
|
|turn|35
|
|cant|p2a: Blastoise|slp
|-curestatus|p2a: Blastoise|slp
|move|p1a: Exeggutor|Egg Bomb|p2a: Blastoise
|-damage|p2a: Blastoise|0 fnt
|faint|p2a: Blastoise
|
|switch|p2a: Arcanine|Arcanine, L85|327\/327
|turn|36
|
|move|p2a: Arcanine|Fire Blast|p1a: Exeggutor
|-supereffective|p1a: Exeggutor
|-damage|p1a: Exeggutor|67\/312
|move|p1a: Exeggutor|Sleep Powder|p2a: Arcanine
|-status|p2a: Arcanine|slp
|
|turn|37
|c|★Geoffrei|gg
|c|★yellowphoenix|gg
|
|cant|p2a: Arcanine|slp
|move|p1a: Exeggutor|Mega Drain|p2a: Arcanine
|-resisted|p2a: Arcanine
|-damage|p2a: Arcanine|303\/327 slp
|-heal|p1a: Exeggutor|79\/312|[from] drain|[of] p2a: Arcanine
|
|turn|38
|
|switch|p1a: Graveler|Graveler, L85|109\/267
|cant|p2a: Arcanine|slp
|-curestatus|p2a: Arcanine|slp
|
|turn|39
|
|switch|p2a: Dugtrio|Dugtrio, L85|233\/233
|move|p1a: Graveler|Earthquake|p2a: Dugtrio
|-damage|p2a: Dugtrio|79\/233
|
|turn|40
|
|move|p2a: Dugtrio|Earthquake|p1a: Graveler
|-supereffective|p1a: Graveler
|-damage|p1a: Graveler|0 fnt
|faint|p1a: Graveler
|-message|Geoffrei forfeited.
|leave|Geoffrei
|
|switch|p1a: Exeggutor|Exeggutor, L79|79\/312
|turn|41
|
|win|yellowphoenix
|raw|Ladder updating...
|player|p1
|raw|Geoffrei's rating: 1363 &rarr; <strong>1338<\/strong><br \/>(-25 for losing)
|raw|yellowphoenix's rating: 1273 &rarr; <strong>1304<\/strong><br \/>(+31 for winning)