|j|Not Troller
|j|marcoasd
|player|p1|Not Troller|52
|player|p2|marcoasd|1
|gametype|singles
|gen|1
|tier|[Gen 1] OU
|seed|
|rule|Sleep Clause Mod: Limit one foe put to sleep
|rule|Freeze Clause Mod: Limit one foe frozen
|rule|Species Clause: Limit one of each Pokémon
|rule|OHKO Clause: OHKO moves are banned
|rule|Evasion Moves Clause: Evasion moves are banned
|rule|HP Percentage Mod: HP is shown in percentages
|
|start
|switch|p1a: Hypno|Hypno, M|100\/100
|switch|p2a: Gengar|Gengar|100\/100
|turn|1
|choice||
|
|move|p2a: Gengar|Hypnosis|p1a: Hypno|[miss]
|-miss|p2a: Gengar
|move|p1a: Hypno|Hypnosis|p2a: Gengar|[miss]
|-miss|p1a: Hypno
|
|turn|2
|c|★Not Troller|VINCE CHI HA PIU' HYPNOSIS
|choice||
|
|move|p2a: Gengar|Hypnosis|p1a: Hypno
|-status|p1a: Hypno|slp
|cant|p1a: Hypno|slp
|
|turn|3
|c|★marcoasd|cose belle
|choice||
|
|move|p2a: Gengar|Night Shade|p1a: Hypno
|-damage|p1a: Hypno|74\/100 slp
|cant|p1a: Hypno|slp
|
|turn|4
|j|Slimmer
|choice||
|
|move|p2a: Gengar|Night Shade|p1a: Hypno
|-damage|p1a: Hypno|47\/100 slp
|cant|p1a: Hypno|slp
|
|turn|5
|j|H.M.N.I.P
|j|IFearSekhmet
|j|King Cacturne
|choice||
|
|switch|p1a: Exeggutor|Exeggutor, M|100\/100
|move|p2a: Gengar|Thunderbolt|p1a: Exeggutor
|-resisted|p1a: Exeggutor
|-damage|p1a: Exeggutor|90\/100
|-status|p1a: Exeggutor|par
|
|turn|6
|c| King Cacturne|ma hypno
|c|★marcoasd|festa dell'uva
|c| King Cacturne|è forte?
|c|★Not Troller|no
|j|Tricking
|c| King Cacturne|oh
|c|★Not Troller|è forte in uu
|c| Slimmer|no però non può usare psychic quindi è meglio di kazam
|c| Slimmer|xd
|choice||
|
|move|p2a: Gengar|Night Shade|p1a: Exeggutor
|-damage|p1a: Exeggutor|65\/100 par
|move|p1a: Exeggutor|Psychic|p2a: Gengar
|-supereffective|p2a: Gengar
|-damage|p2a: Gengar|34\/100
|-unboost|p2a: Gengar|spd|1
|-unboost|p2a: Gengar|spa|1
|
|turn|7
|j|Hollywood Zero
|choice||
|
|switch|p2a: Exeggutor|Exeggutor|100\/100
|move|p1a: Exeggutor|Psychic|p2a: Exeggutor
|-resisted|p2a: Exeggutor
|-damage|p2a: Exeggutor|87\/100
|
|turn|8
|choice||
|
|move|p2a: Exeggutor|Psychic|p1a: Exeggutor
|-resisted|p1a: Exeggutor
|-damage|p1a: Exeggutor|52\/100 par
|-unboost|p1a: Exeggutor|spd|1
|-unboost|p1a: Exeggutor|spa|1
|cant|p1a: Exeggutor|par
|
|turn|9
|j|Naoki Miki
|choice||
|
|move|p2a: Exeggutor|Psychic|p1a: Exeggutor
|-resisted|p1a: Exeggutor
|-damage|p1a: Exeggutor|32\/100 par
|move|p1a: Exeggutor|Psychic|p2a: Exeggutor
|-resisted|p2a: Exeggutor
|-damage|p2a: Exeggutor|78\/100
|-unboost|p2a: Exeggutor|spd|1
|-unboost|p2a: Exeggutor|spa|1
|
|turn|10
|choice||
|
|move|p2a: Exeggutor|Psychic|p1a: Exeggutor
|-resisted|p1a: Exeggutor
|-damage|p1a: Exeggutor|18\/100 par
|move|p1a: Exeggutor|Sleep Powder|p2a: Exeggutor
|-status|p2a: Exeggutor|slp
|
|turn|11
|c| Slimmer|marco chi scoppia dei due
|j|L0NE
|c| King Cacturne|glalie
|c| King Cacturne|ce l'ha dietro
|c|★marcoasd|non si può dire asd
|c| King Cacturne|ne sono sicuro
|c| Slimmer|hehe
|c|★marcoasd|ma mi sembra una scelta fin troppo facile dei due
|choice||
|
|cant|p2a: Exeggutor|slp
|move|p1a: Exeggutor|Psychic|p2a: Exeggutor
|-resisted|p2a: Exeggutor
|-damage|p2a: Exeggutor|66\/100 slp
|-unboost|p2a: Exeggutor|spd|1
|-unboost|p2a: Exeggutor|spa|1
|
|turn|12
|choice||
|
|switch|p1a: Snorlax|Snorlax, M|100\/100
|cant|p2a: Exeggutor|slp
|
|turn|13
|choice||
|
|switch|p2a: Chansey|Chansey|100\/100
|move|p1a: Snorlax|Amnesia|p1a: Snorlax
|-boost|p1a: Snorlax|spd|2
|-boost|p1a: Snorlax|spa|2
|
|turn|14
|c|+Tricking|OMG
|c|+Tricking|AMNESIA
|c|★marcoasd|mani in alto
|c|★marcoasd|lol
|l|KirbyTheBest
|choice||
|
|switch|p1a: Chansey|Chansey|100\/100
|move|p2a: Chansey|Thunder Wave|p1a: Chansey
|-status|p1a: Chansey|par
|
|turn|15
|c| Slimmer|x chi non ha seguito, il format di sta battle è "Move limit", cioè ogni mossa non può essere ripetuta su più pokèmon
|c| Slimmer|esempio thunderwave marcoasd ce l'ha solo su chansey ecc
|c|★Not Troller|più semplicemente possiamo avere una mossa sola di tutto
|c|★Not Troller|un bodyslam
|choice||
|
|move|p2a: Chansey|Ice Beam|p1a: Chansey
|-damage|p1a: Chansey|89\/100 par
|move|p1a: Chansey|Seismic Toss|p2a: Chansey
|-damage|p2a: Chansey|86\/100
|
|turn|16
|c|★Not Troller|sarà lunga vero?
|c|★marcoasd|nah
|choice||
|
|move|p2a: Chansey|Ice Beam|p1a: Chansey
|-damage|p1a: Chansey|79\/100 par
|move|p1a: Chansey|Soft-Boiled|p1a: Chansey
|-heal|p1a: Chansey|100\/100 par
|
|turn|17
|c| Slimmer|scusa ma se chansey ha seismic hypno che cazzo di mosse ha
|choice||
|
|move|p2a: Chansey|Ice Beam|p1a: Chansey
|-crit|p1a: Chansey
|-damage|p1a: Chansey|78\/100 par
|move|p1a: Chansey|Thunder Wave|p2a: Chansey
|-status|p2a: Chansey|par
|
|turn|18
|c|★marcoasd|dorme...
|c|★marcoasd|chissene
|c|+Tricking|ma uscitemi il wrapper
|c|+Tricking|-.-'
|c|★Not Troller|dream eater heabutt
|c|★Not Troller|hypnosis
|c| Slimmer|lol
|j|Zargon
|j|CharCharPeePee
|c| IFearSekhmet|DREAM EATER
|c|★Not Troller|tutte le mosse erano già prese
|c|★Not Troller|sul serio
|c|★Not Troller|-.-
|choice||
|
|move|p2a: Chansey|Reflect|p2a: Chansey
|-start|p2a: Chansey|Reflect
|move|p1a: Chansey|Soft-Boiled|p1a: Chansey
|-heal|p1a: Chansey|100\/100 par
|
|turn|19
|l|CharCharPeePee
|choice||
|
|cant|p1a: Chansey|par
|move|p2a: Chansey|Reflect|p2a: Chansey
|-fail|p2a: Chansey
|
|turn|20
|choice||
|
|move|p2a: Chansey|Ice Beam|p1a: Chansey
|-damage|p1a: Chansey|89\/100 par
|cant|p1a: Chansey|par
|
|turn|21
|choice||
|
|move|p2a: Chansey|Ice Beam|p1a: Chansey
|-damage|p1a: Chansey|78\/100 par
|move|p1a: Chansey|Soft-Boiled|p1a: Chansey
|-heal|p1a: Chansey|100\/100 par
|
|turn|22
|choice||
|
|move|p2a: Chansey|Ice Beam|p1a: Chansey
|-damage|p1a: Chansey|90\/100 par
|cant|p1a: Chansey|par
|
|turn|23
|choice||
|
|switch|p2a: Snorlax|Snorlax|100\/100
|move|p1a: Chansey|Seismic Toss|p2a: Snorlax
|-damage|p2a: Snorlax|81\/100
|
|turn|24
|choice||
|
|move|p2a: Snorlax|Amnesia|p2a: Snorlax
|-boost|p2a: Snorlax|spd|2
|-boost|p2a: Snorlax|spa|2
|cant|p1a: Chansey|par
|
|turn|25
|choice||
|
|move|p2a: Snorlax|Amnesia|p2a: Snorlax
|-boost|p2a: Snorlax|spd|2
|-boost|p2a: Snorlax|spa|2
|move|p1a: Chansey|Thunder Wave|p2a: Snorlax
|-status|p2a: Snorlax|par
|
|turn|26
|choice||
|
|switch|p1a: Hypno|Hypno, M|47\/100 slp
|move|p2a: Snorlax|Blizzard|p1a: Hypno
|-damage|p1a: Hypno|0 fnt
|faint|p1a: Hypno
|choice||
|
|switch|p1a: Exeggutor|Exeggutor, M|18\/100 par
|turn|27
|choice||
|
|switch|p2a: Rhydon|Rhydon|100\/100
|move|p1a: Exeggutor|Psychic|p2a: Rhydon
|-damage|p2a: Rhydon|52\/100
|
|turn|28
|c|★marcoasd|seeeh vabbè
|choice||
|
|move|p2a: Rhydon|Earthquake|p1a: Exeggutor
|-resisted|p1a: Exeggutor
|-damage|p1a: Exeggutor|0 fnt
|faint|p1a: Exeggutor
|choice||
|
|switch|p1a: Snorlax|Snorlax, M|100\/100
|turn|29
|choice||
|
|move|p2a: Rhydon|Earthquake|p1a: Snorlax
|-damage|p1a: Snorlax|67\/100
|move|p1a: Snorlax|Blizzard|p2a: Rhydon
|-crit|p2a: Rhydon
|-supereffective|p2a: Rhydon
|-damage|p2a: Rhydon|0 fnt
|faint|p2a: Rhydon
|choice||
|
|switch|p2a: Chansey|Chansey|86\/100 par
|turn|30
|choice||
|
|move|p1a: Snorlax|Amnesia|p1a: Snorlax
|-boost|p1a: Snorlax|spd|2
|-boost|p1a: Snorlax|spa|2
|move|p2a: Chansey|Thunder Wave|p1a: Snorlax
|-status|p1a: Snorlax|par
|
|turn|31
|choice||
|
|move|p1a: Snorlax|Body Slam|p2a: Chansey
|-damage|p2a: Chansey|48\/100 par
|move|p2a: Chansey|Ice Beam|p1a: Snorlax
|-damage|p1a: Snorlax|58\/100 par
|
|turn|32
|choice||
|
|move|p1a: Snorlax|Body Slam|p2a: Chansey
|-damage|p2a: Chansey|9\/100 par
|move|p2a: Chansey|Soft-Boiled|p2a: Chansey
|-heal|p2a: Chansey|59\/100 par
|
|turn|33
|choice||
|
|switch|p2a: Gengar|Gengar|34\/100
|move|p1a: Snorlax|Body Slam|p2a: Gengar
|-immune|p2a: Gengar|[msg]
|
|turn|34
|choice||
|
|move|p2a: Gengar|Night Shade|p1a: Snorlax
|-damage|p1a: Snorlax|39\/100 par
|move|p1a: Snorlax|Blizzard|p2a: Gengar
|-damage|p2a: Gengar|0 fnt
|faint|p2a: Gengar
|choice||
|
|switch|p2a: Tauros|Tauros|100\/100
|turn|35
|c|★Not Troller|e mò
|choice||
|
|switch|p1a: Zapdos|Zapdos|100\/100
|move|p2a: Tauros|Stomp|p1a: Zapdos
|-damage|p1a: Zapdos|78\/100
|
|turn|36
|c|★Not Troller|lol
|choice||
|
|move|p2a: Tauros|Body Slam|p1a: Zapdos
|-damage|p1a: Zapdos|48\/100
|move|p1a: Zapdos|Thunderbolt|p2a: Tauros
|-damage|p2a: Tauros|54\/100
|
|turn|37
|j|deidara95
|c|★marcoasd|stomp 2 win lol
|choice||
|
|switch|p1a: Chansey|Chansey|90\/100 par
|move|p2a: Tauros|Hyper Beam|p1a: Chansey
|-crit|p1a: Chansey
|-damage|p1a: Chansey|0 fnt
|faint|p1a: Chansey
|choice||
|
|switch|p1a: Tauros|Tauros|100\/100
|turn|38
|c|★Not Troller|che brutte cose
|choice||
|
|switch|p2a: Exeggutor|Exeggutor|66\/100 slp
|move|p1a: Tauros|Double-Edge|p2a: Exeggutor
|-damage|p2a: Exeggutor|33\/100 slp
|-damage|p1a: Tauros|91\/100|[from] recoil|[of] p2a: Exeggutor
|
|turn|39
|c| deidara95|,,
|choice||
|
|switch|p1a: Zapdos|Zapdos|48\/100
|-curestatus|p2a: Exeggutor|slp
|
|turn|40
|c|★Not Troller|dai
|c|★Not Troller|uffa
|c|★marcoasd|la difficoltà nel pigiare drill peck
|j|CharCharPeePee
|choice||
|
|move|p1a: Zapdos|Drill Peck|p2a: Exeggutor
|-supereffective|p2a: Exeggutor
|-damage|p2a: Exeggutor|0 fnt
|faint|p2a: Exeggutor
|c|★Not Troller|volevo fare agility prima
|c|★Not Troller|sai comè
|c|★marcoasd|cambia un cazzo
|c|★Not Troller|che ora mandi tauros
|c|★Not Troller|e missi
|c|★marcoasd|non credo manderò tauros
|c|★marcoasd|mmm
|c|★marcoasd|chansey a che mi serve
|choice||
|
|switch|p2a: Chansey|Chansey|59\/100 par
|turn|41
|choice||
|
|move|p1a: Zapdos|Drill Peck|p2a: Chansey
|-damage|p2a: Chansey|25\/100 par
|move|p2a: Chansey|Soft-Boiled|p2a: Chansey
|-heal|p2a: Chansey|75\/100 par
|
|turn|42
|choice||
|
|switch|p1a: Snorlax|Snorlax, M|39\/100 par
|move|p2a: Chansey|Ice Beam|p1a: Snorlax
|-crit|p1a: Snorlax
|-damage|p1a: Snorlax|0 fnt
|faint|p1a: Snorlax
|c|+Tricking|g
|choice||
|
|switch|p1a: Zapdos|Zapdos|48\/100
|turn|43
|j|trueWario
|choice||
|
|move|p1a: Zapdos|Drill Peck|p2a: Chansey
|-damage|p2a: Chansey|44\/100 par
|move|p2a: Chansey|Reflect|p2a: Chansey
|-start|p2a: Chansey|Reflect
|
|turn|44
|choice||
|
|move|p1a: Zapdos|Drill Peck|p2a: Chansey
|-damage|p2a: Chansey|28\/100 par
|cant|p2a: Chansey|par
|
|turn|45
|j|GiusTDino
|choice||
|
|move|p1a: Zapdos|Thunderbolt|p2a: Chansey
|-damage|p2a: Chansey|10\/100 par
|move|p2a: Chansey|Soft-Boiled|p2a: Chansey
|-heal|p2a: Chansey|60\/100 par
|
|turn|46
|choice||
|
|move|p1a: Zapdos|Drill Peck|p2a: Chansey
|-damage|p2a: Chansey|43\/100 par
|move|p2a: Chansey|Soft-Boiled|p2a: Chansey
|-heal|p2a: Chansey|93\/100 par
|
|turn|47
|choice||
|
|move|p1a: Zapdos|Drill Peck|p2a: Chansey
|-damage|p2a: Chansey|77\/100 par
|cant|p2a: Chansey|par
|
|turn|48
|choice||
|
|move|p1a: Zapdos|Drill Peck|p2a: Chansey
|-damage|p2a: Chansey|59\/100 par
|move|p2a: Chansey|Soft-Boiled|p2a: Chansey
|-heal|p2a: Chansey|100\/100 par
|
|turn|49
|choice||
|
|move|p1a: Zapdos|Drill Peck|p2a: Chansey
|-damage|p2a: Chansey|84\/100 par
|move|p2a: Chansey|Ice Beam|p1a: Zapdos
|-crit|p1a: Zapdos
|-supereffective|p1a: Zapdos
|-damage|p1a: Zapdos|0 fnt
|faint|p1a: Zapdos
|choice||
|
|switch|p1a: Tauros|Tauros|91\/100
|turn|50
|choice||
|
|move|p1a: Tauros|Double-Edge|p2a: Chansey
|-damage|p2a: Chansey|60\/100 par
|-damage|p1a: Tauros|80\/100|[from] recoil|[of] p2a: Chansey
|move|p2a: Chansey|Thunder Wave|p1a: Tauros
|-status|p1a: Tauros|par
|
|turn|51
|l|trueWario
|choice||
|
|move|p1a: Tauros|Double-Edge|p2a: Chansey
|-damage|p2a: Chansey|36\/100 par
|-damage|p1a: Tauros|68\/100 par|[from] recoil|[of] p2a: Chansey
|move|p2a: Chansey|Soft-Boiled|p2a: Chansey
|-heal|p2a: Chansey|86\/100 par
|
|turn|52
|choice||
|
|move|p1a: Tauros|Double-Edge|p2a: Chansey
|-damage|p2a: Chansey|64\/100 par
|-damage|p1a: Tauros|57\/100 par|[from] recoil|[of] p2a: Chansey
|move|p2a: Chansey|Ice Beam|p1a: Tauros
|-damage|p1a: Tauros|29\/100 par
|
|turn|53
|c|★Not Troller|niente
|c|★Not Troller|non critta
|choice||
|
|cant|p1a: Tauros|par
|move|p2a: Chansey|Ice Beam|p1a: Tauros
|-damage|p1a: Tauros|1\/100 par
|
|turn|54
|c|★marcoasd|mh
|c|★marcoasd|gg
|c|+Tricking|kakrma
|choice||
|
|move|p1a: Tauros|Hyper Beam|p2a: Chansey
|-damage|p2a: Chansey|28\/100 par
|move|p2a: Chansey|Ice Beam|p1a: Tauros
|-damage|p1a: Tauros|0 fnt
|faint|p1a: Tauros
|
|win|marcoasd
|player|p1
|player|p2
|c|+Tricking|karma*
|c| Slimmer|dovevi provare con hb
|c| Slimmer|rip
|c|★Not Troller|no
|c|★marcoasd|doveva crittare zapdos
|l|deidara95
|l|Tricking
|c|★marcoasd|io non dovevo mandare rhydon a cazzo
|l|GiusTDino
|l|Slimmer
|l|Not Troller