|j|Beds
|j|Genesis7
|player|p1|Beds|252
|player|p2|Genesis7|65
|gametype|singles
|gen|1
|tier|[Gen 1] OU
|seed|61184,54355,12138,38390
|rule|Sleep Clause Mod: Limit one foe put to sleep
|rule|Freeze Clause Mod: Limit one foe frozen
|rule|Species Clause: Limit one of each Pokémon
|rule|OHKO Clause: OHKO moves are banned
|rule|Evasion Moves Clause: Evasion moves are banned
|rule|HP Percentage Mod: HP is shown in percentages
|
|start
|switch|p1a: Jynx|Jynx|333\/333
|switch|p2a: Alakazam|Alakazam|313\/313
|turn|1
|choice|move 1|move 1
|
|move|p2a: Alakazam|Thunder Wave|p1a: Jynx
|-status|p1a: Jynx|par
|move|p1a: Jynx|Lovely Kiss|p2a: Alakazam
|-status|p2a: Alakazam|slp
|
|turn|2
|choice|move 2|move 2
|
|cant|p2a: Alakazam|slp
|move|p1a: Jynx|Blizzard|p2a: Alakazam
|-damage|p2a: Alakazam|199\/313 slp
|
|turn|3
|choice|move 2|switch 2
|
|switch|p2a: Snorlax|Snorlax|523\/523
|cant|p1a: Jynx|par
|
|turn|4
|choice|switch 3|move 2
|
|switch|p1a: Exeggutor|Exeggutor|393\/393
|move|p2a: Snorlax|Body Slam|p1a: Exeggutor
|-damage|p1a: Exeggutor|266\/393
|-status|p1a: Exeggutor|par
|
|turn|5
|choice|move 2|move 2
|
|move|p2a: Snorlax|Body Slam|p1a: Exeggutor
|-damage|p1a: Exeggutor|156\/393 par
|move|p1a: Exeggutor|Stun Spore|p2a: Snorlax
|-status|p2a: Snorlax|par
|
|turn|6
|choice|move 4|move 4
|
|move|p1a: Exeggutor|Explosion|p2a: Snorlax
|-damage|p2a: Snorlax|159\/523 par
|faint|p1a: Exeggutor
|choice|switch 4|
|
|switch|p1a: Lapras|Lapras|463\/463
|turn|7
|choice|move 1|move 1
|
|move|p1a: Lapras|Blizzard|p2a: Snorlax
|-damage|p2a: Snorlax|0 fnt
|faint|p2a: Snorlax
|choice||switch 5
|
|switch|p2a: Chansey|Chansey|703\/703
|turn|8
|choice|switch 2|move 3
|
|switch|p1a: Chansey|Chansey|703\/703
|move|p2a: Chansey|Thunderbolt|p1a: Chansey
|-damage|p1a: Chansey|633\/703
|
|turn|9
|choice|move 1|move 2
|
|move|p2a: Chansey|Ice Beam|p1a: Chansey
|-damage|p1a: Chansey|556\/703
|move|p1a: Chansey|Ice Beam|p2a: Chansey
|-damage|p2a: Chansey|628\/703
|
|turn|10
|choice|switch 2|move 2
|
|switch|p1a: Lapras|Lapras|463\/463
|move|p2a: Chansey|Ice Beam|p1a: Lapras
|-resisted|p1a: Lapras
|-damage|p1a: Lapras|443\/463
|
|turn|11
|choice|switch 2|move 3
|
|switch|p1a: Chansey|Chansey|556\/703
|move|p2a: Chansey|Thunderbolt|p1a: Chansey
|-damage|p1a: Chansey|483\/703
|
|turn|12
|choice|move 1|move 2
|
|move|p1a: Chansey|Ice Beam|p2a: Chansey
|-damage|p2a: Chansey|552\/703
|move|p2a: Chansey|Ice Beam|p1a: Chansey
|-damage|p1a: Chansey|414\/703
|
|turn|13
|choice|move 1|move 2
|
|move|p1a: Chansey|Ice Beam|p2a: Chansey
|-damage|p2a: Chansey|478\/703
|move|p2a: Chansey|Ice Beam|p1a: Chansey
|-damage|p1a: Chansey|341\/703
|
|turn|14
|choice|move 4|move 2
|
|move|p2a: Chansey|Ice Beam|p1a: Chansey
|-damage|p1a: Chansey|266\/703
|move|p1a: Chansey|Soft-Boiled|p1a: Chansey
|-heal|p1a: Chansey|617\/703
|
|turn|15
|choice|switch 3|move 2
|
|switch|p1a: Jynx|Jynx|333\/333 par
|move|p2a: Chansey|Ice Beam|p1a: Jynx
|-resisted|p1a: Jynx
|-damage|p1a: Jynx|292\/333 par
|
|turn|16
|choice|move 2|move 3
|
|move|p2a: Chansey|Thunderbolt|p1a: Jynx
|-damage|p1a: Jynx|212\/333 par
|cant|p1a: Jynx|par
|
|turn|17
|choice|switch 3|move 3
|
|switch|p1a: Chansey|Chansey|617\/703
|move|p2a: Chansey|Thunderbolt|p1a: Chansey
|-damage|p1a: Chansey|549\/703
|-status|p1a: Chansey|par
|
|turn|18
|c|★Beds|HA
|c|★Genesis7|fuck
|choice|move 1|move 4
|
|move|p2a: Chansey|Soft-Boiled|p2a: Chansey
|-heal|p2a: Chansey|703\/703
|move|p1a: Chansey|Ice Beam|p2a: Chansey
|-damage|p2a: Chansey|634\/703
|-status|p2a: Chansey|frz
|
|turn|19
|c|★Beds|EASY
|c|★Genesis7|FUCK
|c|★Beds|PURE MATHEMATICS
|choice|move 3|switch 3
|
|switch|p2a: Tauros|Tauros|353\/353
|move|p1a: Chansey|Thunder Wave|p2a: Tauros
|-status|p2a: Tauros|par
|
|turn|20
|choice|switch 3|move 1
|
|switch|p1a: Jynx|Jynx|212\/333 par
|cant|p2a: Tauros|par
|
|turn|21
|choice|move 3|move 1
|
|cant|p2a: Tauros|par
|cant|p1a: Jynx|par
|
|turn|22
|choice|move 3|move 1
|
|move|p2a: Tauros|Body Slam|p1a: Jynx
|-crit|p1a: Jynx
|-damage|p1a: Jynx|0 fnt
|faint|p1a: Jynx
|choice|switch 2|
|
|switch|p1a: Lapras|Lapras|443\/463
|turn|23
|choice|move 1|switch 3
|
|switch|p2a: Chansey|Chansey|634\/703 frz
|move|p1a: Lapras|Blizzard|p2a: Chansey
|-damage|p2a: Chansey|510\/703 frz
|
|turn|24
|choice|move 2|move 3
|
|move|p1a: Lapras|Thunderbolt|p2a: Chansey|[miss]
|-miss|p1a: Lapras
|cant|p2a: Chansey|frz
|
|turn|25
|choice|move 2|switch 6
|
|switch|p2a: Zapdos|Zapdos|383\/383
|move|p1a: Lapras|Thunderbolt|p2a: Zapdos
|-damage|p2a: Zapdos|324\/383
|
|turn|26
|choice|switch 3|move 3
|
|switch|p1a: Chansey|Chansey|549\/703 par
|move|p2a: Zapdos|Drill Peck|p1a: Chansey
|-crit|p1a: Chansey
|-damage|p1a: Chansey|84\/703 par
|
|turn|27
|c|★Beds|sure
|c|★Beds|epic
|c|★Beds|lol
|c|★Beds|nice
|c|★Beds|haha
|choice|move 1|move 2
|
|move|p2a: Zapdos|Thunderbolt|p1a: Chansey
|-crit|p1a: Chansey
|-damage|p1a: Chansey|0 fnt
|faint|p1a: Chansey
|choice|switch 5|
|
|switch|p1a: Alakazam|Alakazam|313\/313
|turn|28
|choice|move 3|switch 2
|
|switch|p2a: Alakazam|Alakazam|199\/313 slp
|move|p1a: Alakazam|Thunder Wave|p2a: Alakazam
|-fail|p2a: Alakazam
|
|turn|29
|choice|move 1|move 4
|
|move|p1a: Alakazam|Psychic|p2a: Alakazam
|-resisted|p2a: Alakazam
|-damage|p2a: Alakazam|143\/313 slp
|-unboost|p2a: Alakazam|spd|1
|-unboost|p2a: Alakazam|spa|1
|cant|p2a: Alakazam|slp
|
|turn|30
|choice|move 1|switch 4
|
|switch|p2a: Exeggutor|Exeggutor|393\/393
|move|p1a: Alakazam|Psychic|p2a: Exeggutor
|-resisted|p2a: Exeggutor
|-damage|p2a: Exeggutor|335\/393
|
|turn|31
|choice|move 3|move 2
|
|move|p1a: Alakazam|Thunder Wave|p2a: Exeggutor
|-status|p2a: Exeggutor|par
|move|p2a: Exeggutor|Sleep Powder|p1a: Alakazam
|-status|p1a: Alakazam|slp
|
|turn|32
|choice|move 2|switch 3
|
|switch|p2a: Tauros|Tauros|353\/353 par
|cant|p1a: Alakazam|slp
|
|turn|33
|choice|move 1|move 1
|
|cant|p1a: Alakazam|slp
|cant|p2a: Tauros|par
|
|turn|34
|choice|move 1|move 1
|
|cant|p1a: Alakazam|slp
|move|p2a: Tauros|Body Slam|p1a: Alakazam
|-damage|p1a: Alakazam|144\/313 slp
|
|turn|35
|choice|move 1|move 1
|
|cant|p1a: Alakazam|slp
|cant|p2a: Tauros|par
|
|turn|36
|choice|move 2|move 1
|
|cant|p1a: Alakazam|slp
|move|p2a: Tauros|Body Slam|p1a: Alakazam
|-damage|p1a: Alakazam|0 fnt
|faint|p1a: Alakazam
|choice|switch 6|
|
|switch|p1a: Tauros|Tauros|353\/353
|turn|37
|choice|move 1|move 1
|
|move|p1a: Tauros|Body Slam|p2a: Tauros
|-crit|p2a: Tauros
|-damage|p2a: Tauros|144\/353 par
|move|p2a: Tauros|Body Slam|p1a: Tauros
|-damage|p1a: Tauros|256\/353
|
|turn|38
|choice|move 4|move 3
|
|move|p1a: Tauros|Hyper Beam|p2a: Tauros
|-damage|p2a: Tauros|0 fnt
|faint|p2a: Tauros
|c|★Beds|i am kek as fuck
|c|★Beds|lol
|c|★Beds|haha
|choice||switch 3
|
|switch|p2a: Exeggutor|Exeggutor|335\/393 par
|turn|39
|choice|move 3|move 2
|
|move|p1a: Tauros|Blizzard|p2a: Exeggutor
|-supereffective|p2a: Exeggutor
|-damage|p2a: Exeggutor|198\/393 par
|move|p2a: Exeggutor|Sleep Powder|p1a: Tauros
|-status|p1a: Tauros|slp
|
|turn|40
|choice|move 1|move 4
|
|cant|p1a: Tauros|slp
|cant|p2a: Exeggutor|par
|
|turn|41
|choice|move 1|move 1
|
|cant|p1a: Tauros|slp
|move|p2a: Exeggutor|Psychic|p1a: Tauros
|-damage|p1a: Tauros|93\/353 slp
|
|turn|42
|choice|move 1|move 1
|
|-curestatus|p1a: Tauros|slp
|cant|p2a: Exeggutor|par
|
|turn|43
|c|★Beds|i doubt this is in hbeam range
|choice|move 3|move 4
|
|move|p1a: Tauros|Blizzard|p2a: Exeggutor
|-crit|p2a: Exeggutor
|-supereffective|p2a: Exeggutor
|-damage|p2a: Exeggutor|0 fnt
|faint|p2a: Exeggutor
|c|★Beds|ok ebin
|c|★Beds|lel
|choice||switch 4
|
|switch|p2a: Alakazam|Alakazam|143\/313 slp
|turn|44
|choice|move 1|move 3
|
|cant|p2a: Alakazam|slp
|move|p1a: Tauros|Body Slam|p2a: Alakazam
|-damage|p2a: Alakazam|0 fnt
|faint|p2a: Alakazam
|choice||switch 2
|
|switch|p2a: Zapdos|Zapdos|324\/383
|turn|45
|choice|move 3|move 2
|
|move|p1a: Tauros|Blizzard|p2a: Zapdos
|-supereffective|p2a: Zapdos
|-damage|p2a: Zapdos|194\/383
|move|p2a: Zapdos|Thunderbolt|p1a: Tauros
|-damage|p1a: Tauros|0 fnt
|faint|p1a: Tauros
|choice|switch 3|
|
|switch|p1a: Lapras|Lapras|443\/463
|turn|46
|choice|move 1|move 2
|
|move|p2a: Zapdos|Thunderbolt|p1a: Lapras
|-supereffective|p1a: Lapras
|-damage|p1a: Lapras|183\/463
|move|p1a: Lapras|Blizzard|p2a: Zapdos
|-supereffective|p2a: Zapdos
|-damage|p2a: Zapdos|0 fnt
|faint|p2a: Zapdos
|choice||switch 6
|
|switch|p2a: Chansey|Chansey|510\/703 frz
|turn|47
|c|★Beds|gg meanie
|c|★Genesis7|gay
|c|★Genesis7|gg
|-message|Genesis7 forfeited.
|
|win|Beds
|player|p1
|player|p2
|l|Genesis7