|join|h2pokemon
|join|Lusch
|player|p1|h2pokemon|266
|player|p2|Lusch|153
|gametype|singles
|gen|1
|tier|[Gen 1] Random Battle
|rated
|rule|Sleep Clause Mod: Limit one foe put to sleep
|rule|Freeze Clause Mod: Limit one foe frozen
|rule|HP Percentage Mod: HP is shown in percentages
|
|start
|switch|p1a: Persian|Persian, L79|265\/265
|switch|p2a: Zapdos|Zapdos, L79|304\/304
|turn|1
|
|move|p1a: Persian|Slash|p2a: Zapdos
|-crit|p2a: Zapdos
|-damage|p2a: Zapdos|189\/304
|move|p2a: Zapdos|Thunder Wave|p1a: Persian
|-status|p1a: Persian|par
|
|turn|2
|
|move|p2a: Zapdos|Thunderbolt|p1a: Persian
|-damage|p1a: Persian|131\/265 par
|move|p1a: Persian|Slash|p2a: Zapdos
|-crit|p2a: Zapdos
|-damage|p2a: Zapdos|67\/304
|
|turn|3
|
|switch|p1a: Diglett|Diglett, L96|214\/214
|move|p2a: Zapdos|Thunderbolt|p1a: Diglett
|-immune|p1a: Diglett|[msg]
|
|turn|4
|
|switch|p2a: Marowak|Marowak, L85|276\/276
|move|p1a: Diglett|Slash|p2a: Marowak
|-crit|p2a: Marowak
|-damage|p2a: Marowak|199\/276
|
|turn|5
|
|move|p1a: Diglett|Sand Attack|p2a: Marowak
|-unboost|p2a: Marowak|accuracy|1
|move|p2a: Marowak|Blizzard|p1a: Diglett
|-supereffective|p1a: Diglett
|-damage|p1a: Diglett|72\/214
|
|turn|6
|
|move|p1a: Diglett|Earthquake|p2a: Marowak
|-damage|p2a: Marowak|115\/276
|move|p2a: Marowak|Earthquake|p1a: Diglett
|-damage|p1a: Diglett|0 fnt
|faint|p1a: Diglett
|
|switch|p1a: Persian|Persian, L79|131\/265 par
|turn|7
|
|move|p2a: Marowak|Earthquake|p1a: Persian
|-damage|p1a: Persian|1\/265 par
|cant|p1a: Persian|par
|
|turn|8
|
|switch|p2a: Metapod|Metapod, L99|300\/300
|move|p1a: Persian|Bubble Beam|p2a: Metapod
|-damage|p2a: Metapod|245\/300
|
|turn|9
|
|move|p2a: Metapod|Tackle|p1a: Persian
|-damage|p1a: Persian|0 fnt
|faint|p1a: Persian
|
|switch|p1a: Farfetch'd|Farfetch'd, L99|304\/304
|turn|10
|
|move|p1a: Farfetch'd|Substitute|p1a: Farfetch'd
|-start|p1a: Farfetch'd|Substitute
|-damage|p1a: Farfetch'd|228\/304
|move|p2a: Metapod|String Shot|p1a: Farfetch'd|[miss]
|-miss|p2a: Metapod
|
|turn|11
|
|move|p1a: Farfetch'd|Swords Dance|p1a: Farfetch'd
|-boost|p1a: Farfetch'd|atk|2
|move|p2a: Metapod|Tackle|p1a: Farfetch'd
|-activate|p1a: Farfetch'd|Substitute|[damage]
|
|turn|12
|
|switch|p2a: Zapdos|Zapdos, L79|67\/304
|move|p1a: Farfetch'd|Swords Dance|p1a: Farfetch'd
|-boost|p1a: Farfetch'd|atk|2
|
|turn|13
|
|move|p2a: Zapdos|Thunderbolt|p1a: Farfetch'd
|-supereffective|p1a: Farfetch'd
|-end|p1a: Farfetch'd|Substitute
|move|p1a: Farfetch'd|Slash|p2a: Zapdos
|-crit|p2a: Zapdos
|-damage|p2a: Zapdos|0 fnt
|faint|p2a: Zapdos
|
|switch|p2a: Weezing|Weezing, L85|284\/284
|turn|14
|
|move|p1a: Farfetch'd|Substitute|p1a: Farfetch'd
|-start|p1a: Farfetch'd|Substitute
|-damage|p1a: Farfetch'd|152\/304
|move|p2a: Weezing|Explosion|p1a: Farfetch'd
|-end|p1a: Farfetch'd|Substitute
|
|turn|15
|
|move|p1a: Farfetch'd|Substitute|p1a: Farfetch'd
|-start|p1a: Farfetch'd|Substitute
|-damage|p1a: Farfetch'd|76\/304
|move|p2a: Weezing|Explosion|p1a: Farfetch'd
|-end|p1a: Farfetch'd|Substitute
|
|turn|16
|c|★h2pokemon|?
|
|move|p1a: Farfetch'd|Body Slam|p2a: Weezing
|-damage|p2a: Weezing|72\/284
|move|p2a: Weezing|Thunderbolt|p1a: Farfetch'd
|-supereffective|p1a: Farfetch'd
|-damage|p1a: Farfetch'd|0 fnt
|faint|p1a: Farfetch'd
|
|switch|p1a: Arcanine|Arcanine, L85|327\/327
|turn|17
|
|switch|p2a: Metapod|Metapod, L99|245\/300
|move|p1a: Arcanine|Fire Blast|p2a: Metapod|[miss]
|-miss|p1a: Arcanine
|
|turn|18
|
|move|p1a: Arcanine|Fire Blast|p2a: Metapod
|-supereffective|p2a: Metapod
|-damage|p2a: Metapod|0 fnt
|faint|p2a: Metapod
|
|switch|p2a: Nidorina|Nidorina, L90|309\/309
|turn|19
|
|move|p1a: Arcanine|Body Slam|p2a: Nidorina
|-damage|p2a: Nidorina|234\/309
|move|p2a: Nidorina|Blizzard|p1a: Arcanine
|-damage|p1a: Arcanine|254\/327
|
|turn|20
|
|move|p1a: Arcanine|Fire Blast|p2a: Nidorina
|-damage|p2a: Nidorina|82\/309
|move|p2a: Nidorina|Blizzard|p1a: Arcanine
|-damage|p1a: Arcanine|187\/327
|-status|p1a: Arcanine|frz
|
|turn|21
|
|cant|p1a: Arcanine|frz
|move|p2a: Nidorina|Substitute|p2a: Nidorina
|-start|p2a: Nidorina|Substitute
|-damage|p2a: Nidorina|5\/309
|
|turn|22
|-message|h2pokemon forfeited.
|
|win|Lusch
|raw|Ladder updating...
|leave|h2pokemon
|player|p1
|raw|h2pokemon's rating: 1102 &rarr; <strong>1090<\/strong><br \/>(-12 for losing)
|raw|Lusch's rating: 1294 &rarr; <strong>1307<\/strong><br \/>(+13 for winning)