|j|Peasounay
|j|LORDE BUMBUM MOLE
|player|p1|Peasounay|80
|player|p2|LORDE BUMBUM MOLE|199
|gametype|singles
|gen|1
|tier|[Gen 1] OU
|seed|27903,48341,32642,35279
|rule|Sleep Clause Mod: Limit one foe put to sleep
|rule|Freeze Clause Mod: Limit one foe frozen
|rule|Species Clause: Limit one of each Pokémon
|rule|OHKO Clause: OHKO moves are banned
|rule|Evasion Moves Clause: Evasion moves are banned
|rule|HP Percentage Mod: HP is shown in percentages
|
|start
|switch|p1a: Gengar|Gengar|323\/323
|switch|p2a: Alakazam|Alakazam|313\/313
|turn|1
|c|★LORDE BUMBUM MOLE|gl
|choice|switch 5|move 1
|
|switch|p1a: Chansey|Chansey|703\/703
|move|p2a: Alakazam|Psychic|p1a: Chansey
|-damage|p1a: Chansey|577\/703
|
|turn|2
|c|★Peasounay|u2
|choice|move 2|switch 5
|
|switch|p2a: Exeggutor|Exeggutor|393\/393
|move|p1a: Chansey|Ice Beam|p2a: Exeggutor
|-supereffective|p2a: Exeggutor
|-damage|p2a: Exeggutor|266\/393
|
|turn|3
|choice|switch 5|move 1
|
|switch|p1a: Gengar|Gengar|323\/323
|move|p2a: Exeggutor|Leech Seed|p1a: Gengar
|-start|p1a: Gengar|move: Leech Seed
|
|turn|4
|choice|move 1|move 3
|
|move|p1a: Gengar|Hypnosis|p2a: Exeggutor
|-status|p2a: Exeggutor|slp
|-damage|p1a: Gengar|303\/323|[from] Leech Seed|[of] p2a: Exeggutor
|-heal|p2a: Exeggutor|286\/393 slp|[silent]
|cant|p2a: Exeggutor|slp
|
|turn|5
|choice|move 3|switch 3
|
|switch|p2a: Snorlax|Snorlax|523\/523
|move|p1a: Gengar|Night Shade|p2a: Snorlax
|-damage|p2a: Snorlax|423\/523
|-damage|p1a: Gengar|283\/323|[from] Leech Seed|[of] p2a: Snorlax
|-heal|p2a: Snorlax|443\/523|[silent]
|
|turn|6
|choice|switch 2|move 3
|
|switch|p1a: Exeggutor|Exeggutor|393\/393
|move|p2a: Snorlax|Earthquake|p1a: Exeggutor
|-resisted|p1a: Exeggutor
|-damage|p1a: Exeggutor|344\/393
|
|turn|7
|choice|move 2|move 1
|
|move|p1a: Exeggutor|Psychic|p2a: Snorlax
|-damage|p2a: Snorlax|286\/523
|move|p2a: Snorlax|Body Slam|p1a: Exeggutor
|-damage|p1a: Exeggutor|229\/393
|
|turn|8
|choice|move 2|switch 2
|
|switch|p2a: Jynx|Jynx|333\/333
|move|p1a: Exeggutor|Psychic|p2a: Jynx
|-resisted|p2a: Jynx
|-damage|p2a: Jynx|267\/333
|
|turn|9
|choice|switch 2|move 2
|
|switch|p1a: Gengar|Gengar|283\/323
|move|p2a: Jynx|Lovely Kiss|p1a: Gengar
|-status|p1a: Gengar|slp
|
|turn|10
|choice|switch 5|move 1
|
|switch|p1a: Chansey|Chansey|577\/703
|move|p2a: Jynx|Psychic|p1a: Chansey
|-damage|p1a: Chansey|469\/703
|
|turn|11
|choice|move 3|move 4
|
|move|p2a: Jynx|Blizzard|p1a: Chansey
|-damage|p1a: Chansey|330\/703
|-status|p1a: Chansey|frz
|cant|p1a: Chansey|frz
|
|turn|12
|choice|move 3|move 1
|
|move|p2a: Jynx|Psychic|p1a: Chansey
|-crit|p1a: Chansey
|-damage|p1a: Chansey|124\/703 frz
|cant|p1a: Chansey|frz
|
|turn|13
|choice|move 3|move 1
|
|move|p2a: Jynx|Psychic|p1a: Chansey
|-damage|p1a: Chansey|17\/703 frz
|cant|p1a: Chansey|frz
|
|turn|14
|choice|move 3|move 1
|
|move|p2a: Jynx|Psychic|p1a: Chansey
|-crit|p1a: Chansey
|-damage|p1a: Chansey|0 fnt
|faint|p1a: Chansey
|choice|switch 3|
|
|switch|p1a: Snorlax|Snorlax|523\/523
|turn|15
|choice|move 1|move 4
|
|move|p2a: Jynx|Blizzard|p1a: Snorlax
|-damage|p1a: Snorlax|352\/523
|move|p1a: Snorlax|Body Slam|p2a: Jynx
|-damage|p2a: Jynx|76\/333
|
|turn|16
|choice|move 1|move 2
|
|move|p2a: Jynx|Lovely Kiss|p1a: Snorlax
|-message|Sleep Clause Mod activated.
|move|p1a: Snorlax|Body Slam|p2a: Jynx
|-damage|p2a: Jynx|0 fnt
|faint|p2a: Jynx
|c|★LORDE BUMBUM MOLE|oh lol
|c|★LORDE BUMBUM MOLE|rip
|choice||switch 2
|
|switch|p2a: Snorlax|Snorlax|286\/523
|turn|17
|c|★Peasounay|haha
|c|★LORDE BUMBUM MOLE|forgot
|choice|move 4|move 1
|
|move|p2a: Snorlax|Body Slam|p1a: Snorlax
|-damage|p1a: Snorlax|224\/523
|move|p1a: Snorlax|Self-Destruct|p2a: Snorlax
|-damage|p2a: Snorlax|0 fnt
|faint|p2a: Snorlax
|faint|p1a: Snorlax
|choice|switch 6|switch 4
|
|switch|p1a: Zapdos|Zapdos|383\/383
|switch|p2a: Chansey|Chansey|703\/703
|turn|18
|choice|move 3|move 3
|
|move|p1a: Zapdos|Thunder Wave|p2a: Chansey
|-status|p2a: Chansey|par
|move|p2a: Chansey|Reflect|p2a: Chansey
|-start|p2a: Chansey|Reflect
|
|turn|19
|choice|move 1|move 4
|
|move|p1a: Zapdos|Drill Peck|p2a: Chansey
|-damage|p2a: Chansey|576\/703 par
|move|p2a: Chansey|Seismic Toss|p1a: Zapdos
|-damage|p1a: Zapdos|283\/383
|
|turn|20
|choice|move 1|move 4
|
|move|p1a: Zapdos|Drill Peck|p2a: Chansey
|-damage|p2a: Chansey|462\/703 par
|move|p2a: Chansey|Seismic Toss|p1a: Zapdos
|-damage|p1a: Zapdos|183\/383
|
|turn|21
|choice|move 1|move 1
|
|move|p1a: Zapdos|Drill Peck|p2a: Chansey
|-crit|p2a: Chansey
|-damage|p2a: Chansey|1\/703 par
|move|p2a: Chansey|Soft-Boiled|p2a: Chansey
|-heal|p2a: Chansey|352\/703 par
|
|turn|22
|choice|move 1|move 1
|
|move|p1a: Zapdos|Drill Peck|p2a: Chansey
|-damage|p2a: Chansey|222\/703 par
|move|p2a: Chansey|Soft-Boiled|p2a: Chansey
|-heal|p2a: Chansey|573\/703 par
|
|turn|23
|choice|move 1|move 1
|
|move|p1a: Zapdos|Drill Peck|p2a: Chansey
|-crit|p2a: Chansey
|-damage|p2a: Chansey|138\/703 par
|move|p2a: Chansey|Soft-Boiled|p2a: Chansey
|-heal|p2a: Chansey|489\/703 par
|
|turn|24
|choice|move 1|move 1
|
|move|p1a: Zapdos|Drill Peck|p2a: Chansey
|-damage|p2a: Chansey|366\/703 par
|move|p2a: Chansey|Soft-Boiled|p2a: Chansey
|-heal|p2a: Chansey|703\/703 par
|
|turn|25
|choice|move 1|move 4
|
|move|p1a: Zapdos|Drill Peck|p2a: Chansey
|-crit|p2a: Chansey
|-damage|p2a: Chansey|220\/703 par
|move|p2a: Chansey|Seismic Toss|p1a: Zapdos
|-damage|p1a: Zapdos|83\/383
|
|turn|26
|choice|move 1|move 1
|
|move|p1a: Zapdos|Drill Peck|p2a: Chansey
|-damage|p2a: Chansey|95\/703 par
|move|p2a: Chansey|Soft-Boiled|p2a: Chansey
|-heal|p2a: Chansey|446\/703 par
|
|turn|27
|choice|move 1|move 1
|
|move|p1a: Zapdos|Drill Peck|p2a: Chansey
|-damage|p2a: Chansey|327\/703 par
|move|p2a: Chansey|Soft-Boiled|p2a: Chansey
|-heal|p2a: Chansey|678\/703 par
|
|turn|28
|choice|move 1|move 4
|
|move|p1a: Zapdos|Drill Peck|p2a: Chansey
|-damage|p2a: Chansey|554\/703 par
|move|p2a: Chansey|Seismic Toss|p1a: Zapdos
|-damage|p1a: Zapdos|0 fnt
|faint|p1a: Zapdos
|choice|switch 4|
|
|switch|p1a: Tauros|Tauros|353\/353
|turn|29
|choice|move 2|move 2
|
|move|p1a: Tauros|Body Slam|p2a: Chansey
|-damage|p2a: Chansey|416\/703 par
|cant|p2a: Chansey|par
|
|turn|30
|choice|move 2|move 1
|
|move|p1a: Tauros|Body Slam|p2a: Chansey
|-damage|p2a: Chansey|275\/703 par
|move|p2a: Chansey|Soft-Boiled|p2a: Chansey
|-heal|p2a: Chansey|626\/703 par
|
|turn|31
|choice|move 2|move 2
|
|move|p1a: Tauros|Body Slam|p2a: Chansey
|-damage|p2a: Chansey|499\/703 par
|move|p2a: Chansey|Thunder Wave|p1a: Tauros
|-status|p1a: Tauros|par
|
|turn|32
|choice|move 2|move 1
|
|cant|p1a: Tauros|par
|cant|p2a: Chansey|par
|
|turn|33
|choice|move 2|move 4
|
|move|p1a: Tauros|Body Slam|p2a: Chansey
|-damage|p2a: Chansey|365\/703 par
|cant|p2a: Chansey|par
|
|turn|34
|choice|move 2|move 1
|
|move|p1a: Tauros|Body Slam|p2a: Chansey
|-damage|p2a: Chansey|240\/703 par
|move|p2a: Chansey|Soft-Boiled|p2a: Chansey
|-heal|p2a: Chansey|591\/703 par
|
|turn|35
|choice|move 2|move 4
|
|move|p1a: Tauros|Body Slam|p2a: Chansey
|-damage|p2a: Chansey|450\/703 par
|move|p2a: Chansey|Seismic Toss|p1a: Tauros
|-damage|p1a: Tauros|253\/353 par
|
|turn|36
|choice|move 2|move 1
|
|move|p1a: Tauros|Body Slam|p2a: Chansey
|-damage|p2a: Chansey|308\/703 par
|cant|p2a: Chansey|par
|
|turn|37
|choice|move 2|move 1
|
|move|p1a: Tauros|Body Slam|p2a: Chansey
|-damage|p2a: Chansey|176\/703 par
|move|p2a: Chansey|Soft-Boiled|p2a: Chansey
|-heal|p2a: Chansey|527\/703 par
|
|turn|38
|choice|move 2|move 1
|
|move|p1a: Tauros|Body Slam|p2a: Chansey
|-damage|p2a: Chansey|385\/703 par
|move|p2a: Chansey|Soft-Boiled|p2a: Chansey
|-heal|p2a: Chansey|703\/703 par
|
|turn|39
|choice|move 2|move 4
|
|cant|p1a: Tauros|par
|cant|p2a: Chansey|par
|
|turn|40
|choice|move 2|move 4
|
|move|p1a: Tauros|Body Slam|p2a: Chansey
|-damage|p2a: Chansey|575\/703 par
|move|p2a: Chansey|Seismic Toss|p1a: Tauros
|-damage|p1a: Tauros|153\/353 par
|
|turn|41
|choice|move 2|move 4
|
|cant|p1a: Tauros|par
|move|p2a: Chansey|Seismic Toss|p1a: Tauros
|-damage|p1a: Tauros|53\/353 par
|
|turn|42
|choice|move 3|move 1
|
|move|p1a: Tauros|Hyper Beam|p2a: Chansey
|-damage|p2a: Chansey|352\/703 par
|move|p2a: Chansey|Soft-Boiled|p2a: Chansey
|-heal|p2a: Chansey|703\/703 par
|
|turn|43
|-mustrecharge|p1a: Tauros
|-mustrecharge|p1a: Tauros
|choice|move 1|move 4
|
|cant|p1a: Tauros|recharge
|move|p2a: Chansey|Seismic Toss|p1a: Tauros
|-damage|p1a: Tauros|0 fnt
|faint|p1a: Tauros
|c|★Peasounay|gg
|choice|switch 2|
|
|switch|p1a: Exeggutor|Exeggutor|229\/393
|turn|44
|c|★LORDE BUMBUM MOLE|gg
|choice|move 2|move 4
|
|move|p1a: Exeggutor|Psychic|p2a: Chansey
|-damage|p2a: Chansey|577\/703 par
|-unboost|p2a: Chansey|spd|1
|-unboost|p2a: Chansey|spa|1
|cant|p2a: Chansey|par
|
|turn|45
|choice|move 2|move 2
|
|move|p1a: Exeggutor|Psychic|p2a: Chansey
|-damage|p2a: Chansey|400\/703 par
|move|p2a: Chansey|Thunder Wave|p1a: Exeggutor
|-status|p1a: Exeggutor|par
|
|turn|46
|choice|move 2|switch 5
|
|switch|p2a: Alakazam|Alakazam|313\/313
|cant|p1a: Exeggutor|par
|
|turn|47
|choice|move 2|move 2
|
|move|p2a: Alakazam|Seismic Toss|p1a: Exeggutor
|-damage|p1a: Exeggutor|129\/393 par
|move|p1a: Exeggutor|Psychic|p2a: Alakazam
|-resisted|p2a: Alakazam
|-damage|p2a: Alakazam|264\/313
|
|turn|48
|choice|move 2|switch 6
|
|switch|p2a: Tauros|Tauros|353\/353
|cant|p1a: Exeggutor|par
|
|turn|49
|choice|move 4|move 2
|
|move|p2a: Tauros|Blizzard|p1a: Exeggutor
|-crit|p1a: Exeggutor
|-supereffective|p1a: Exeggutor
|-damage|p1a: Exeggutor|0 fnt
|faint|p1a: Exeggutor
|choice|switch 5|
|
|switch|p1a: Gengar|Gengar|283\/323 slp
|turn|50
|choice|move 1|move 3
|
|cant|p1a: Gengar|slp
|move|p2a: Tauros|Earthquake|p1a: Gengar
|-supereffective|p1a: Gengar
|-damage|p1a: Gengar|75\/323 slp
|
|turn|51
|choice|move 1|move 3
|
|move|p2a: Tauros|Earthquake|p1a: Gengar
|-supereffective|p1a: Gengar
|-damage|p1a: Gengar|0 fnt
|faint|p1a: Gengar
|
|win|LORDE BUMBUM MOLE
|player|p1
|player|p2
|l|LORDE BUMBUM MOLE