|join|beMypokeBitch
|join|blue pen warrior
|player|p1|beMypokeBitch|101
|player|p2|blue pen warrior|147
|gametype|singles
|gen|1
|tier|[Gen 1] Random Battle
|rated
|seed|51704,42742,14660,24871
|rule|Sleep Clause Mod: Limit one foe put to sleep
|rule|Freeze Clause Mod: Limit one foe frozen
|rule|HP Percentage Mod: HP is shown in percentages
|
|start
|switch|p1a: Tentacruel|Tentacruel, L85|310\/310
|switch|p2a: Marowak|Marowak, L90|291\/291
|turn|1
|choice|move 3|switch 4
|
|switch|p2a: Dragonair|Dragonair, L85|277\/277
|move|p1a: Tentacruel|Hydro Pump|p2a: Dragonair|[miss]
|-miss|p1a: Tentacruel
|
|turn|2
|choice|move 1|move 4
|
|move|p1a: Tentacruel|Blizzard|p2a: Dragonair|[miss]
|-miss|p1a: Tentacruel
|move|p2a: Dragonair|Thunder|p1a: Tentacruel
|-supereffective|p1a: Tentacruel
|-damage|p1a: Tentacruel|189\/310
|
|turn|3
|choice|move 1|move 4
|
|move|p1a: Tentacruel|Blizzard|p2a: Dragonair
|-crit|p2a: Dragonair
|-supereffective|p2a: Dragonair
|-damage|p2a: Dragonair|0 fnt
|faint|p2a: Dragonair
|choice||switch 4
|
|switch|p2a: Marowak|Marowak, L90|291\/291
|turn|4
|choice|move 3|move 3
|
|move|p1a: Tentacruel|Hydro Pump|p2a: Marowak
|-crit|p2a: Marowak
|-supereffective|p2a: Marowak
|-damage|p2a: Marowak|0 fnt
|faint|p2a: Marowak
|c|★blue pen warrior|2 crits ?
|c|★blue pen warrior|wow
|choice||switch 3
|
|switch|p2a: Seadra|Seadra, L90|282\/282
|turn|5
|c|★beMypokeBitch|2 fails?
|choice|switch 6|move 1
|
|switch|p1a: Gengar|Gengar, L79|257\/257
|move|p2a: Seadra|Smokescreen|p1a: Gengar
|-unboost|p1a: Gengar|accuracy|1
|
|turn|6
|c|★blue pen warrior|what?
|c|★blue pen warrior|i wouldve lived both
|c|★blue pen warrior|dont talk shite
|c|★beMypokeBitch|my two first attacks failed
|choice|move 2|move 3
|
|move|p1a: Gengar|Thunderbolt|p2a: Seadra|[miss]
|-miss|p1a: Gengar
|move|p2a: Seadra|Surf|p1a: Gengar
|-damage|p1a: Gengar|168\/257
|
|turn|7
|choice|move 2|move 2
|
|move|p1a: Gengar|Thunderbolt|p2a: Seadra
|-supereffective|p2a: Seadra
|-damage|p2a: Seadra|150\/282
|move|p2a: Seadra|Blizzard|p1a: Gengar
|-damage|p1a: Gengar|88\/257
|
|turn|8
|choice|move 2|move 3
|
|move|p1a: Gengar|Thunderbolt|p2a: Seadra
|-supereffective|p2a: Seadra
|-damage|p2a: Seadra|24\/282
|move|p2a: Seadra|Surf|p1a: Gengar
|-damage|p1a: Gengar|0 fnt
|faint|p1a: Gengar
|choice|switch 4|
|
|switch|p1a: Rapidash|Rapidash, L90|300\/300
|turn|9
|choice|move 4|move 3
|
|move|p1a: Rapidash|Body Slam|p2a: Seadra
|-damage|p2a: Seadra|0 fnt
|faint|p2a: Seadra
|choice||switch 2
|
|switch|p2a: Seaking|Seaking, L90|327\/327
|turn|10
|c|★beMypokeBitch|don't worry. If I win you get to suck my dick
|choice|switch 6|move 3
|
|switch|p1a: Tentacruel|Tentacruel, L85|189\/310
|move|p2a: Seaking|Double-Edge|p1a: Tentacruel
|-damage|p1a: Tentacruel|91\/310
|-damage|p2a: Seaking|303\/327|[from] recoil|[of] p1a: Tentacruel
|
|turn|11
|choice|move 4|move 3
|
|move|p1a: Tentacruel|Hyper Beam|p2a: Seaking
|-crit|p2a: Seaking
|-damage|p2a: Seaking|104\/327
|move|p2a: Seaking|Double-Edge|p1a: Tentacruel
|-damage|p1a: Tentacruel|0 fnt
|-damage|p2a: Seaking|82\/327|[from] recoil|[of] p1a: Tentacruel
|faint|p1a: Tentacruel
|choice|switch 5|
|
|switch|p1a: Kadabra|Kadabra, L85|242\/242
|turn|12
|c|★blue pen warrior|you're on
|c|★blue pen warrior|but jokes on you
|c|★blue pen warrior|im 12 so youll go to jail
|choice|move 1|move 1
|
|move|p1a: Kadabra|Psychic|p2a: Seaking
|-damage|p2a: Seaking|0 fnt
|faint|p2a: Seaking
|choice||switch 6
|
|switch|p2a: Rapidash|Rapidash, L90|300\/300
|turn|13
|c|★beMypokeBitch|that explains how bad you play
|choice|move 4|move 3
|
|move|p2a: Rapidash|Body Slam|p1a: Kadabra
|-crit|p1a: Kadabra
|-damage|p1a: Kadabra|0 fnt
|faint|p1a: Kadabra
|c|★beMypokeBitch|oops
|c|★blue pen warrior|nice trash talk
|choice|switch 3|
|
|switch|p1a: Charizard|Charizard, L85|306\/306
|turn|14
|c|★blue pen warrior|i cant hear you through all that jail dick
|c|★blue pen warrior|does it taste better than your dads ?
|c|★blue pen warrior|thats how you trash talk white boy
|choice|move 2|move 3
|
|move|p2a: Rapidash|Body Slam|p1a: Charizard
|-crit|p1a: Charizard
|-damage|p1a: Charizard|150\/306
|-status|p1a: Charizard|par
|move|p1a: Charizard|Earthquake|p2a: Rapidash
|-supereffective|p2a: Rapidash
|-damage|p2a: Rapidash|154\/300
|
|turn|15
|c|★beMypokeBitch|wow 2 crits! I am gonna cry to mommy
|choice|move 2|move 2
|
|move|p2a: Rapidash|Reflect|p2a: Rapidash
|-start|p2a: Rapidash|Reflect
|move|p1a: Charizard|Earthquake|p2a: Rapidash
|-supereffective|p2a: Rapidash
|-damage|p2a: Rapidash|76\/300
|
|turn|16
|choice|move 2|move 3
|
|move|p2a: Rapidash|Body Slam|p1a: Charizard
|-damage|p1a: Charizard|72\/306 par
|move|p1a: Charizard|Earthquake|p2a: Rapidash
|-supereffective|p2a: Rapidash
|-damage|p2a: Rapidash|9\/300
|
|turn|17
|choice|move 2|move 3
|
|move|p2a: Rapidash|Body Slam|p1a: Charizard
|-damage|p1a: Charizard|0 fnt
|faint|p1a: Charizard
|choice|switch 6|
|
|switch|p1a: Rapidash|Rapidash, L90|300\/300
|turn|18
|c|★blue pen warrior|better than crying to your dad
|c|★blue pen warrior|all youll do is suck his dick anyway
|choice|move 4|move 3
|
|move|p2a: Rapidash|Body Slam|p1a: Rapidash
|-damage|p1a: Rapidash|217\/300
|move|p1a: Rapidash|Body Slam|p2a: Rapidash
|-damage|p2a: Rapidash|0 fnt
|faint|p2a: Rapidash
|choice||switch 5
|
|switch|p2a: Machoke|Machoke, L85|310\/310
|turn|19
|choice|move 1|move 4
|
|move|p1a: Rapidash|Fire Blast|p2a: Machoke
|-damage|p2a: Machoke|141\/310
|-status|p2a: Machoke|brn
|move|p2a: Machoke|Earthquake|p1a: Rapidash
|-supereffective|p1a: Rapidash
|-damage|p1a: Rapidash|131\/300
|-damage|p2a: Machoke|122\/310 brn|[from] brn|[of] p1a: Rapidash
|
|turn|20
|c|★beMypokeBitch|just lose bitch
|choice|move 1|move 4
|
|move|p1a: Rapidash|Fire Blast|p2a: Machoke
|-crit|p2a: Machoke
|-damage|p2a: Machoke|0 fnt
|faint|p2a: Machoke
|
|win|beMypokeBitch
|raw|beMypokeBitch's rating: 1170 &rarr; <strong>1184<\/strong><br \/>(+14 for winning)
|raw|blue pen warrior's rating: 1000 &rarr; <strong>1000<\/strong><br \/>(+0 for losing)
|leave|beMypokeBitch
|player|p1