|join|Pietro Albuquerque
|join|bedlyf
|player|p1|Pietro Albuquerque|109
|player|p2|bedlyf|274
|gametype|singles
|gen|1
|tier|[Gen 1] Random Battle
|rated
|rule|Sleep Clause Mod: Limit one foe put to sleep
|rule|Freeze Clause Mod: Limit one foe frozen
|rule|HP Percentage Mod: HP is shown in percentages
|
|start
|switch|p1a: Dratini|Dratini, L96|274\/274
|switch|p2a: Ivysaur|Ivysaur, L85|276\/276
|turn|1
|
|move|p1a: Dratini|Ice Beam|p2a: Ivysaur
|-supereffective|p2a: Ivysaur
|-damage|p2a: Ivysaur|154\/276
|move|p2a: Ivysaur|Sleep Powder|p1a: Dratini|[miss]
|-miss|p2a: Ivysaur
|
|turn|2
|
|switch|p1a: Exeggcute|Exeggcute, L96|310\/310
|move|p2a: Ivysaur|Sleep Powder|p1a: Exeggcute
|-status|p1a: Exeggcute|slp
|
|turn|3
|
|move|p2a: Ivysaur|Leech Seed|p1a: Exeggcute
|-immune|p1a: Exeggcute|[msg]
|cant|p1a: Exeggcute|slp
|-curestatus|p1a: Exeggcute|slp
|
|turn|4
|
|switch|p2a: Charmeleon|Charmeleon, L85|272\/272
|move|p1a: Exeggcute|Psychic|p2a: Charmeleon
|-damage|p2a: Charmeleon|172\/272
|
|turn|5
|
|switch|p1a: Tentacruel|Tentacruel, L85|310\/310
|move|p2a: Charmeleon|Fire Blast|p1a: Tentacruel
|-resisted|p1a: Tentacruel
|-damage|p1a: Tentacruel|269\/310
|
|turn|6
|
|switch|p2a: Vileplume|Vileplume, L90|318\/318
|move|p1a: Tentacruel|Surf|p2a: Vileplume
|-resisted|p2a: Vileplume
|-damage|p2a: Vileplume|264\/318
|
|turn|7
|
|switch|p1a: Exeggcute|Exeggcute, L96|310\/310
|move|p2a: Vileplume|Sleep Powder|p1a: Exeggcute
|-status|p1a: Exeggcute|slp
|
|turn|8
|
|move|p2a: Vileplume|Swords Dance|p2a: Vileplume
|-boost|p2a: Vileplume|atk|2
|cant|p1a: Exeggcute|slp
|-curestatus|p1a: Exeggcute|slp
|
|turn|9
|
|move|p2a: Vileplume|Body Slam|p1a: Exeggcute
|-damage|p1a: Exeggcute|203\/310
|-status|p1a: Exeggcute|par
|move|p1a: Exeggcute|Psychic|p2a: Vileplume
|-supereffective|p2a: Vileplume
|-damage|p2a: Vileplume|119\/318
|-unboost|p2a: Vileplume|spd|1
|-unboost|p2a: Vileplume|spa|1
|
|turn|10
|
|move|p2a: Vileplume|Body Slam|p1a: Exeggcute
|-damage|p1a: Exeggcute|86\/310 par
|move|p1a: Exeggcute|Psychic|p2a: Vileplume
|-supereffective|p2a: Vileplume
|-damage|p2a: Vileplume|0 fnt
|faint|p2a: Vileplume
|
|switch|p2a: Charmeleon|Charmeleon, L85|172\/272
|turn|11
|
|switch|p1a: Tentacruel|Tentacruel, L85|269\/310
|move|p2a: Charmeleon|Fire Blast|p1a: Tentacruel
|-resisted|p1a: Tentacruel
|-damage|p1a: Tentacruel|227\/310
|
|turn|12
|
|switch|p2a: Ivysaur|Ivysaur, L85|154\/276
|move|p1a: Tentacruel|Surf|p2a: Ivysaur
|-resisted|p2a: Ivysaur
|-damage|p2a: Ivysaur|94\/276
|
|turn|13
|
|move|p1a: Tentacruel|Blizzard|p2a: Ivysaur
|-crit|p2a: Ivysaur
|-supereffective|p2a: Ivysaur
|-damage|p2a: Ivysaur|0 fnt
|faint|p2a: Ivysaur
|
|switch|p2a: Vaporeon|Vaporeon, L85|395\/395
|turn|14
|
|switch|p1a: Zapdos|Zapdos, L79|304\/304
|move|p2a: Vaporeon|Body Slam|p1a: Zapdos
|-damage|p1a: Zapdos|247\/304
|
|turn|15
|
|switch|p2a: Marowak|Marowak, L90|291\/291
|move|p1a: Zapdos|Thunderbolt|p2a: Marowak
|-immune|p2a: Marowak|[msg]
|
|turn|16
|
|switch|p1a: Tentacruel|Tentacruel, L85|227\/310
|move|p2a: Marowak|Earthquake|p1a: Tentacruel
|-supereffective|p1a: Tentacruel
|-damage|p1a: Tentacruel|0 fnt
|faint|p1a: Tentacruel
|
|switch|p1a: Dratini|Dratini, L96|274\/274
|turn|17
|
|switch|p2a: Vaporeon|Vaporeon, L85|395\/395
|move|p1a: Dratini|Surf|p2a: Vaporeon
|-crit|p2a: Vaporeon
|-resisted|p2a: Vaporeon
|-damage|p2a: Vaporeon|344\/395
|
|turn|18
|
|switch|p1a: Exeggcute|Exeggcute, L96|86\/310 par
|move|p2a: Vaporeon|Blizzard|p1a: Exeggcute
|-supereffective|p1a: Exeggcute
|-damage|p1a: Exeggcute|0 fnt
|faint|p1a: Exeggcute
|
|switch|p1a: Persian|Persian, L79|265\/265
|turn|19
|
|move|p1a: Persian|Slash|p2a: Vaporeon
|-crit|p2a: Vaporeon
|-damage|p2a: Vaporeon|209\/395
|move|p2a: Vaporeon|Surf|p1a: Persian
|-crit|p1a: Persian
|-damage|p1a: Persian|0 fnt
|faint|p1a: Persian
|
|switch|p1a: Exeggutor|Exeggutor, L79|312\/312
|turn|20
|
|switch|p2a: Dragonite|Dragonite, L85|328\/328
|move|p1a: Exeggutor|Sleep Powder|p2a: Dragonite|[miss]
|-miss|p1a: Exeggutor
|
|turn|21
|
|move|p2a: Dragonite|Thunder Wave|p1a: Exeggutor
|-status|p1a: Exeggutor|par
|move|p1a: Exeggutor|Sleep Powder|p2a: Dragonite
|-status|p2a: Dragonite|slp
|
|turn|22
|
|switch|p1a: Dratini|Dratini, L96|274\/274
|cant|p2a: Dragonite|slp
|
|turn|23
|
|cant|p2a: Dragonite|slp
|move|p1a: Dratini|Substitute|p1a: Dratini
|-start|p1a: Dratini|Substitute
|-damage|p1a: Dratini|206\/274
|
|turn|24
|
|cant|p2a: Dragonite|slp
|-curestatus|p2a: Dragonite|slp
|move|p1a: Dratini|Ice Beam|p2a: Dragonite
|-crit|p2a: Dragonite
|-supereffective|p2a: Dragonite
|-damage|p2a: Dragonite|0 fnt
|faint|p2a: Dragonite
|
|switch|p2a: Vaporeon|Vaporeon, L85|209\/395
|turn|25
|
|move|p2a: Vaporeon|Blizzard|p1a: Dratini|[miss]
|-miss|p2a: Vaporeon
|move|p1a: Dratini|Thunder Wave|p2a: Vaporeon
|-status|p2a: Vaporeon|par
|
|turn|26
|
|move|p1a: Dratini|Ice Beam|p2a: Vaporeon
|-resisted|p2a: Vaporeon
|-damage|p2a: Vaporeon|185\/395 par
|move|p2a: Vaporeon|Blizzard|p1a: Dratini
|-supereffective|p1a: Dratini
|-end|p1a: Dratini|Substitute
|
|turn|27
|
|switch|p1a: Exeggutor|Exeggutor, L79|312\/312 par
|move|p2a: Vaporeon|Blizzard|p1a: Exeggutor
|-supereffective|p1a: Exeggutor
|-damage|p1a: Exeggutor|162\/312 par
|
|turn|28
|
|switch|p2a: Charmeleon|Charmeleon, L85|172\/272
|move|p1a: Exeggutor|Mega Drain|p2a: Charmeleon
|-resisted|p2a: Charmeleon
|-damage|p2a: Charmeleon|146\/272
|-heal|p1a: Exeggutor|175\/312 par|[from] drain|[of] p2a: Charmeleon
|
|turn|29
|
|switch|p1a: Dratini|Dratini, L96|206\/274
|move|p2a: Charmeleon|Fire Blast|p1a: Dratini
|-resisted|p1a: Dratini
|-damage|p1a: Dratini|141\/274
|
|turn|30
|
|switch|p2a: Vaporeon|Vaporeon, L85|185\/395 par
|move|p1a: Dratini|Surf|p2a: Vaporeon
|-resisted|p2a: Vaporeon
|-damage|p2a: Vaporeon|162\/395 par
|
|turn|31
|
|switch|p1a: Exeggutor|Exeggutor, L79|175\/312 par
|cant|p2a: Vaporeon|par
|
|turn|32
|
|switch|p1a: Dratini|Dratini, L96|141\/274
|move|p2a: Vaporeon|Blizzard|p1a: Dratini
|-supereffective|p1a: Dratini
|-damage|p1a: Dratini|0 fnt
|faint|p1a: Dratini
|
|switch|p1a: Zapdos|Zapdos, L79|247\/304
|turn|33
|
|move|p1a: Zapdos|Drill Peck|p2a: Vaporeon
|-damage|p2a: Vaporeon|70\/395 par
|move|p2a: Vaporeon|Blizzard|p1a: Zapdos
|-crit|p1a: Zapdos
|-supereffective|p1a: Zapdos
|-damage|p1a: Zapdos|0 fnt
|faint|p1a: Zapdos
|
|switch|p1a: Exeggutor|Exeggutor, L79|175\/312 par
|turn|34
|
|move|p2a: Vaporeon|Blizzard|p1a: Exeggutor
|-supereffective|p1a: Exeggutor
|-damage|p1a: Exeggutor|23\/312 par
|move|p1a: Exeggutor|Mega Drain|p2a: Vaporeon
|-supereffective|p2a: Vaporeon
|-damage|p2a: Vaporeon|0 fnt
|-heal|p1a: Exeggutor|58\/312 par|[from] drain|[of] p2a: Vaporeon
|faint|p2a: Vaporeon
|
|switch|p2a: Charmeleon|Charmeleon, L85|146\/272
|turn|35
|
|move|p2a: Charmeleon|Seismic Toss|p1a: Exeggutor
|-damage|p1a: Exeggutor|0 fnt
|faint|p1a: Exeggutor
|
|win|bedlyf
|raw|Ladder updating...