|j|Lacano
|j|Azawa
|player|p1|Lacano|238
|player|p2|Azawa|108
|gametype|singles
|gen|1
|tier|[Gen 1] Random Battle
|rated
|seed|26496,33173,34943,33848
|rule|Sleep Clause Mod: Limit one foe put to sleep
|rule|Freeze Clause Mod: Limit one foe frozen
|rule|HP Percentage Mod: HP is shown in percentages
|
|start
|switch|p1a: Pidgeot|Pidgeot, L90|333\/333
|switch|p2a: Kabuto|Kabuto, L96|252\/252
|turn|1
|choice|switch 2|move 1
|
|switch|p1a: Tangela|Tangela, L85|284\/284
|move|p2a: Kabuto|Body Slam|p1a: Tangela
|-damage|p1a: Tangela|228\/284
|
|turn|2
|choice|move 2|switch 2
|
|switch|p2a: Mew|Mew, L74|300\/300
|move|p1a: Tangela|Mega Drain|p2a: Mew
|-damage|p2a: Mew|253\/300
|-heal|p1a: Tangela|251\/284|[from] drain|[of] p2a: Mew
|
|turn|3
|choice|move 4|move 2
|
|move|p2a: Mew|Blizzard|p1a: Tangela
|-supereffective|p1a: Tangela
|-damage|p1a: Tangela|138\/284
|move|p1a: Tangela|Body Slam|p2a: Mew
|-damage|p2a: Mew|204\/300
|
|turn|4
|choice|move 4|move 2
|
|move|p2a: Mew|Blizzard|p1a: Tangela
|-crit|p1a: Tangela
|-supereffective|p1a: Tangela
|-damage|p1a: Tangela|0 fnt
|faint|p1a: Tangela
|choice|switch 5|
|
|switch|p1a: Mewtwo|Mewtwo, L70|293\/293
|turn|5
|choice|move 1|move 1
|
|move|p1a: Mewtwo|Psychic|p2a: Mew
|-resisted|p2a: Mew
|-damage|p2a: Mew|159\/300
|-unboost|p2a: Mew|spd|1
|-unboost|p2a: Mew|spa|1
|move|p2a: Mew|Horn Drill|p1a: Mewtwo
|-immune|p1a: Mewtwo|[ohko]
|
|turn|6
|choice|move 3|move 2
|
|move|p1a: Mewtwo|Blizzard|p2a: Mew
|-damage|p2a: Mew|34\/300
|-status|p2a: Mew|frz
|cant|p2a: Mew|frz
|
|turn|7
|choice|move 2|switch 2
|
|switch|p2a: Kabuto|Kabuto, L96|252\/252
|move|p1a: Mewtwo|Body Slam|p2a: Kabuto
|-resisted|p2a: Kabuto
|-damage|p2a: Kabuto|231\/252
|-status|p2a: Kabuto|par
|
|turn|8
|choice|switch 4|move 1
|
|switch|p1a: Lapras|Lapras, L79|367\/367
|move|p2a: Kabuto|Body Slam|p1a: Lapras
|-damage|p1a: Lapras|288\/367
|-status|p1a: Lapras|par
|
|turn|9
|choice|move 2|switch 2
|
|switch|p2a: Mew|Mew, L74|34\/300 frz
|move|p1a: Lapras|Confuse Ray|p2a: Mew
|-start|p2a: Mew|confusion
|
|turn|10
|choice|move 4|switch 4
|
|switch|p2a: Gengar|Gengar, L79|257\/257
|cant|p1a: Lapras|par
|
|turn|11
|choice|move 2|move 2
|
|move|p2a: Gengar|Thunderbolt|p1a: Lapras
|-supereffective|p1a: Lapras
|-damage|p1a: Lapras|142\/367 par
|cant|p1a: Lapras|par
|
|turn|12
|choice|move 2|move 2
|
|move|p2a: Gengar|Thunderbolt|p1a: Lapras
|-supereffective|p1a: Lapras
|-damage|p1a: Lapras|0 fnt
|faint|p1a: Lapras
|choice|switch 4|
|
|switch|p1a: Mewtwo|Mewtwo, L70|293\/293
|turn|13
|choice|move 1|switch 2
|
|switch|p2a: Kabuto|Kabuto, L96|231\/252 par
|move|p1a: Mewtwo|Psychic|p2a: Kabuto
|-damage|p2a: Kabuto|117\/252 par
|
|turn|14
|choice|switch 6|move 1
|
|switch|p1a: Jolteon|Jolteon, L79|265\/265
|move|p2a: Kabuto|Body Slam|p1a: Jolteon
|-damage|p1a: Jolteon|173\/265
|
|turn|15
|choice|move 1|switch 3
|
|switch|p2a: Charmander|Charmander, L96|270\/270
|move|p1a: Jolteon|Thunderbolt|p2a: Charmander
|-damage|p2a: Charmander|150\/270
|
|turn|16
|choice|move 1|move 3
|
|move|p1a: Jolteon|Thunderbolt|p2a: Charmander
|-damage|p2a: Charmander|29\/270
|-status|p2a: Charmander|par
|move|p2a: Charmander|Body Slam|p1a: Jolteon
|-damage|p1a: Jolteon|106\/265
|-status|p1a: Jolteon|par
|
|turn|17
|choice|move 1|move 2
|
|move|p1a: Jolteon|Thunderbolt|p2a: Charmander
|-damage|p2a: Charmander|0 fnt
|faint|p2a: Charmander
|choice||switch 6
|
|switch|p2a: Articuno|Articuno, L79|304\/304
|turn|18
|choice|move 1|move 3
|
|move|p2a: Articuno|Ice Beam|p1a: Jolteon
|-damage|p1a: Jolteon|16\/265 par
|cant|p1a: Jolteon|par
|
|turn|19
|choice|move 1|move 3
|
|move|p2a: Articuno|Ice Beam|p1a: Jolteon
|-damage|p1a: Jolteon|0 fnt
|faint|p1a: Jolteon
|choice|switch 3|
|
|switch|p1a: Flareon|Flareon, L90|300\/300
|turn|20
|choice|move 3|switch 3
|
|switch|p2a: Kabuto|Kabuto, L96|117\/252 par
|move|p1a: Flareon|Fire Blast|p2a: Kabuto
|-resisted|p2a: Kabuto
|-damage|p2a: Kabuto|67\/252 par
|
|turn|21
|choice|move 2|switch 2
|
|switch|p2a: Gengar|Gengar, L79|257\/257
|move|p1a: Flareon|Hyper Beam|p2a: Gengar
|-immune|p2a: Gengar|[msg]
|
|turn|22
|choice|move 3|move 3
|
|move|p2a: Gengar|Psychic|p1a: Flareon
|-crit|p1a: Flareon
|-damage|p1a: Flareon|186\/300
|move|p1a: Flareon|Fire Blast|p2a: Gengar
|-damage|p2a: Gengar|117\/257
|-status|p2a: Gengar|brn
|
|turn|23
|choice|move 3|move 3
|
|move|p2a: Gengar|Psychic|p1a: Flareon
|-damage|p1a: Flareon|130\/300
|-damage|p2a: Gengar|101\/257 brn|[from] brn|[of] p1a: Flareon
|move|p1a: Flareon|Fire Blast|p2a: Gengar
|-damage|p2a: Gengar|0 fnt
|faint|p2a: Gengar
|choice||switch 2
|
|switch|p2a: Kabuto|Kabuto, L96|67\/252 par
|turn|24
|choice|move 2|move 4
|
|move|p1a: Flareon|Hyper Beam|p2a: Kabuto
|-resisted|p2a: Kabuto
|-damage|p2a: Kabuto|7\/252 par
|move|p2a: Kabuto|Surf|p1a: Flareon
|-supereffective|p1a: Flareon
|-damage|p1a: Flareon|0 fnt
|faint|p1a: Flareon
|choice|switch 2|
|
|switch|p1a: Pidgeot|Pidgeot, L90|333\/333
|turn|25
|choice|move 1|move 1
|
|move|p1a: Pidgeot|Double-Edge|p2a: Kabuto
|-resisted|p2a: Kabuto
|-damage|p2a: Kabuto|0 fnt
|-damage|p1a: Pidgeot|332\/333|[from] recoil|[of] p2a: Kabuto
|faint|p2a: Kabuto
|choice||switch 3
|
|switch|p2a: Articuno|Articuno, L79|304\/304
|turn|26
|choice|move 1|move 3
|
|move|p1a: Pidgeot|Double-Edge|p2a: Articuno
|-damage|p2a: Articuno|198\/304
|-damage|p1a: Pidgeot|306\/333|[from] recoil|[of] p2a: Articuno
|move|p2a: Articuno|Ice Beam|p1a: Pidgeot
|-supereffective|p1a: Pidgeot
|-damage|p1a: Pidgeot|96\/333
|
|turn|27
|choice|move 1|move 3
|
|move|p1a: Pidgeot|Double-Edge|p2a: Articuno
|-damage|p2a: Articuno|100\/304
|-damage|p1a: Pidgeot|72\/333|[from] recoil|[of] p2a: Articuno
|move|p2a: Articuno|Ice Beam|p1a: Pidgeot
|-supereffective|p1a: Pidgeot
|-damage|p1a: Pidgeot|0 fnt
|faint|p1a: Pidgeot
|choice|switch 6|
|
|switch|p1a: Mewtwo|Mewtwo, L70|293\/293
|turn|28
|choice|move 1|move 3
|
|move|p1a: Mewtwo|Psychic|p2a: Articuno
|-damage|p2a: Articuno|23\/304
|-unboost|p2a: Articuno|spd|1
|-unboost|p2a: Articuno|spa|1
|move|p2a: Articuno|Ice Beam|p1a: Mewtwo
|-crit|p1a: Mewtwo
|-damage|p1a: Mewtwo|136\/293
|
|turn|29
|choice|move 1|move 3
|
|move|p1a: Mewtwo|Psychic|p2a: Articuno
|-damage|p2a: Articuno|0 fnt
|faint|p2a: Articuno
|choice||switch 5
|
|switch|p2a: Alakazam|Alakazam, L79|249\/249
|turn|30
|choice|move 1|move 4
|
|move|p2a: Alakazam|Thunder Wave|p1a: Mewtwo
|-status|p1a: Mewtwo|par
|move|p1a: Mewtwo|Psychic|p2a: Alakazam
|-crit|p2a: Alakazam
|-resisted|p2a: Alakazam
|-damage|p2a: Alakazam|175\/249
|-unboost|p2a: Alakazam|spd|1
|-unboost|p2a: Alakazam|spa|1
|
|turn|31
|choice|move 4|move 3
|
|move|p2a: Alakazam|Reflect|p2a: Alakazam
|-start|p2a: Alakazam|Reflect
|move|p1a: Mewtwo|Recover|p1a: Mewtwo
|-heal|p1a: Mewtwo|282\/293 par
|
|turn|32
|choice|move 2|move 2
|
|move|p2a: Alakazam|Recover|p2a: Alakazam
|-heal|p2a: Alakazam|249\/249
|move|p1a: Mewtwo|Body Slam|p2a: Alakazam
|-damage|p2a: Alakazam|211\/249
|
|turn|33
|choice|move 2|move 1
|
|move|p2a: Alakazam|Psychic|p1a: Mewtwo
|-crit|p1a: Mewtwo
|-resisted|p1a: Mewtwo
|-damage|p1a: Mewtwo|203\/293 par
|move|p1a: Mewtwo|Body Slam|p2a: Alakazam
|-damage|p2a: Alakazam|176\/249
|-status|p2a: Alakazam|par
|
|turn|34
|choice|move 4|move 1
|
|move|p2a: Alakazam|Psychic|p1a: Mewtwo
|-resisted|p1a: Mewtwo
|-damage|p1a: Mewtwo|177\/293 par
|move|p1a: Mewtwo|Recover|p1a: Mewtwo
|-heal|p1a: Mewtwo|293\/293 par
|
|turn|35
|choice|move 3|move 1
|
|cant|p2a: Alakazam|par
|move|p1a: Mewtwo|Blizzard|p2a: Alakazam
|-crit|p2a: Alakazam
|-damage|p2a: Alakazam|45\/249 par
|
|turn|36
|choice|move 3|move 2
|
|cant|p2a: Alakazam|par
|move|p1a: Mewtwo|Blizzard|p2a: Alakazam
|-damage|p2a: Alakazam|0 fnt
|faint|p2a: Alakazam
|choice||switch 4
|
|switch|p2a: Mew|Mew, L74|34\/300 frz
|turn|37
|choice|move 1|move 1
|
|cant|p2a: Mew|frz
|cant|p1a: Mewtwo|par
|
|turn|38
|choice|move 1|move 2
|
|cant|p2a: Mew|frz
|move|p1a: Mewtwo|Psychic|p2a: Mew
|-resisted|p2a: Mew
|-damage|p2a: Mew|0 fnt
|faint|p2a: Mew
|
|win|Lacano
|player|p1
|player|p2
|raw|Lacano's rating: 1246 &rarr; <strong>1263<\/strong><br \/>(+17 for winning)
|raw|Azawa's rating: 1129 &rarr; <strong>1112<\/strong><br \/>(-17 for losing)
|l|Azawa