|join|notnath14
|join|nizzyd18
|player|p1|notnath14|267
|player|p2|nizzyd18|162
|gametype|singles
|gen|1
|tier|[Gen 1] Random Battle
|rated
|rule|Sleep Clause Mod: Limit one foe put to sleep
|rule|Freeze Clause Mod: Limit one foe frozen
|rule|HP Percentage Mod: HP is shown in percentages
|
|start
|switch|p1a: Arcanine|Arcanine, L85|327\/327
|switch|p2a: Dodrio|Dodrio, L85|276\/276
|turn|1
|
|move|p2a: Dodrio|Body Slam|p1a: Arcanine
|-damage|p1a: Arcanine|225\/327
|-status|p1a: Arcanine|par
|move|p1a: Arcanine|Fire Blast|p2a: Dodrio
|-crit|p2a: Dodrio
|-damage|p2a: Dodrio|9\/276
|
|turn|2
|
|move|p2a: Dodrio|Hyper Beam|p1a: Arcanine
|-damage|p1a: Arcanine|44\/327 par
|move|p1a: Arcanine|Body Slam|p2a: Dodrio
|-damage|p2a: Dodrio|0 fnt
|faint|p2a: Dodrio
|
|switch|p2a: Wartortle|Wartortle, L85|274\/274
|turn|3
|
|move|p2a: Wartortle|Body Slam|p1a: Arcanine
|-damage|p1a: Arcanine|0 fnt
|faint|p1a: Arcanine
|
|switch|p1a: Electabuzz|Electabuzz, L85|284\/284
|turn|4
|
|move|p1a: Electabuzz|Thunderbolt|p2a: Wartortle
|-crit|p2a: Wartortle
|-supereffective|p2a: Wartortle
|-damage|p2a: Wartortle|0 fnt
|faint|p2a: Wartortle
|
|switch|p2a: Vileplume|Vileplume, L85|301\/301
|turn|5
|
|move|p1a: Electabuzz|Thunder Wave|p2a: Vileplume
|-status|p2a: Vileplume|par
|move|p2a: Vileplume|Sleep Powder|p1a: Electabuzz
|-status|p1a: Electabuzz|slp
|
|turn|6
|
|cant|p1a: Electabuzz|slp
|cant|p2a: Vileplume|par
|
|turn|7
|
|cant|p1a: Electabuzz|slp
|move|p2a: Vileplume|Swords Dance|p2a: Vileplume
|-boost|p2a: Vileplume|atk|2
|
|turn|8
|
|cant|p1a: Electabuzz|slp
|move|p2a: Vileplume|Body Slam|p1a: Electabuzz
|-damage|p1a: Electabuzz|141\/284 slp
|
|turn|9
|
|cant|p1a: Electabuzz|slp
|cant|p2a: Vileplume|par
|
|turn|10
|
|cant|p1a: Electabuzz|slp
|-curestatus|p1a: Electabuzz|slp
|move|p2a: Vileplume|Body Slam|p1a: Electabuzz
|-damage|p1a: Electabuzz|12\/284
|-status|p1a: Electabuzz|par
|
|turn|11
|
|cant|p1a: Electabuzz|par
|move|p2a: Vileplume|Body Slam|p1a: Electabuzz
|-damage|p1a: Electabuzz|0 fnt
|faint|p1a: Electabuzz
|
|switch|p1a: Lickitung|Lickitung, L85|327\/327
|turn|12
|
|move|p1a: Lickitung|Hyper Beam|p2a: Vileplume
|-damage|p2a: Vileplume|190\/301 par
|cant|p2a: Vileplume|par
|
|turn|13
|
|cant|p1a: Lickitung|recharge
|move|p2a: Vileplume|Body Slam|p1a: Lickitung
|-damage|p1a: Lickitung|200\/327
|
|turn|14
|
|move|p1a: Lickitung|Body Slam|p2a: Vileplume
|-crit|p2a: Vileplume
|-damage|p2a: Vileplume|59\/301 par
|move|p2a: Vileplume|Body Slam|p1a: Lickitung
|-damage|p1a: Lickitung|82\/327
|
|turn|15
|
|move|p1a: Lickitung|Body Slam|p2a: Vileplume
|-damage|p2a: Vileplume|0 fnt
|faint|p2a: Vileplume
|
|switch|p2a: Rapidash|Rapidash, L85|284\/284
|turn|16
|
|move|p2a: Rapidash|Fire Blast|p1a: Lickitung|[miss]
|-miss|p2a: Rapidash
|move|p1a: Lickitung|Earthquake|p2a: Rapidash
|-supereffective|p2a: Rapidash
|-damage|p2a: Rapidash|159\/284
|
|turn|17
|
|move|p2a: Rapidash|Fire Blast|p1a: Lickitung
|-damage|p1a: Lickitung|0 fnt
|faint|p1a: Lickitung
|
|switch|p1a: Hitmonchan|Hitmonchan, L85|259\/259
|turn|18
|
|move|p2a: Rapidash|Growl|p1a: Hitmonchan
|-unboost|p1a: Hitmonchan|atk|1
|move|p1a: Hitmonchan|Body Slam|p2a: Rapidash
|-damage|p2a: Rapidash|113\/284
|
|turn|19
|
|move|p2a: Rapidash|Fire Blast|p1a: Hitmonchan
|-damage|p1a: Hitmonchan|70\/259
|move|p1a: Hitmonchan|Seismic Toss|p2a: Rapidash
|-damage|p2a: Rapidash|28\/284
|
|turn|20
|
|move|p2a: Rapidash|Fire Blast|p1a: Hitmonchan
|-damage|p1a: Hitmonchan|0 fnt
|faint|p1a: Hitmonchan
|
|switch|p1a: Poliwrath|Poliwrath, L85|327\/327
|turn|21
|
|move|p2a: Rapidash|Fire Blast|p1a: Poliwrath|[miss]
|-miss|p2a: Rapidash
|move|p1a: Poliwrath|Amnesia|p1a: Poliwrath
|-boost|p1a: Poliwrath|spd|2
|-boost|p1a: Poliwrath|spa|2
|
|turn|22
|
|switch|p2a: Seaking|Seaking, L85|310\/310
|move|p1a: Poliwrath|Surf|p2a: Seaking
|-resisted|p2a: Seaking
|-damage|p2a: Seaking|225\/310
|
|turn|23
|
|move|p1a: Poliwrath|Amnesia|p1a: Poliwrath
|-boost|p1a: Poliwrath|spd|2
|-boost|p1a: Poliwrath|spa|2
|move|p2a: Seaking|Double-Edge|p1a: Poliwrath
|-damage|p1a: Poliwrath|257\/327
|-damage|p2a: Seaking|208\/310|[from] recoil|[of] p1a: Poliwrath
|
|turn|24
|
|move|p1a: Poliwrath|Hypnosis|p2a: Seaking
|-status|p2a: Seaking|slp
|cant|p2a: Seaking|slp
|
|turn|25
|
|switch|p2a: Kangaskhan|Kangaskhan, L85|352\/352
|move|p1a: Poliwrath|Amnesia|p1a: Poliwrath
|-boost|p1a: Poliwrath|spd|2
|-boost|p1a: Poliwrath|spa|2
|
|turn|26
|
|move|p2a: Kangaskhan|Earthquake|p1a: Poliwrath
|-damage|p1a: Poliwrath|186\/327
|move|p1a: Poliwrath|Surf|p2a: Kangaskhan|[miss]
|-miss|p1a: Poliwrath
|
|turn|27
|c|★notnath14|Wha?
|c|★nizzyd18|Lmao
|c|★nizzyd18|Every move in gen 1 had a 1\/252 chance of missing regardless of accuracy
|
|move|p2a: Kangaskhan|Earthquake|p1a: Poliwrath
|-damage|p1a: Poliwrath|121\/327
|move|p1a: Poliwrath|Surf|p2a: Kangaskhan
|-damage|p2a: Kangaskhan|0 fnt
|faint|p2a: Kangaskhan
|c|★notnath14|ah
|
|switch|p2a: Rapidash|Rapidash, L85|28\/284
|turn|28
|c|★notnath14|I thought something like that
|
|move|p2a: Rapidash|Fire Blast|p1a: Poliwrath|[miss]
|-miss|p2a: Rapidash
|move|p1a: Poliwrath|Surf|p2a: Rapidash
|-supereffective|p2a: Rapidash
|-damage|p2a: Rapidash|0 fnt
|faint|p2a: Rapidash
|
|switch|p2a: Seaking|Seaking, L85|208\/310 slp
|turn|29
|c|★notnath14|Parasect was my only other pokemon
|c|★nizzyd18|I lost anyway
|
|move|p1a: Poliwrath|Surf|p2a: Seaking
|-crit|p2a: Seaking
|-resisted|p2a: Seaking
|-damage|p2a: Seaking|119\/310 slp
|cant|p2a: Seaking|slp
|
|turn|30
|
|move|p1a: Poliwrath|Surf|p2a: Seaking
|-resisted|p2a: Seaking
|-damage|p2a: Seaking|0 fnt
|faint|p2a: Seaking
|
|win|notnath14
|raw|Ladder updating...
|raw|notnath14's rating: 1120 &rarr; <strong>1152<\/strong><br \/>(+32 for winning)
|raw|nizzyd18's rating: 1214 &rarr; <strong>1182<\/strong><br \/>(-32 for losing)
|c|★nizzyd18|Wtf