|join|Dervodel
|join|gaietta
|player|p1|Dervodel|102
|player|p2|gaietta|112
|gametype|singles
|gen|1
|tier|[Gen 1] Random Battle
|rated
|seed|40247,46231,3618,36939
|rule|Sleep Clause Mod: Limit one foe put to sleep
|rule|Freeze Clause Mod: Limit one foe frozen
|rule|HP Percentage Mod: HP is shown in percentages
|
|start
|switch|p1a: Marowak|Marowak, L90|291\/291
|switch|p2a: Seel|Seel, L96|320\/320
|turn|1
|choice|switch 6|move 1
|
|switch|p1a: Hypno|Hypno, L85|318\/318
|move|p2a: Seel|Blizzard|p1a: Hypno
|-damage|p1a: Hypno|239\/318
|
|turn|2
|choice|move 2|move 1
|
|move|p1a: Hypno|Thunder Wave|p2a: Seel
|-status|p2a: Seel|par
|move|p2a: Seel|Blizzard|p1a: Hypno
|-damage|p1a: Hypno|170\/318
|
|turn|3
|choice|move 1|move 1
|
|move|p1a: Hypno|Psychic|p2a: Seel
|-damage|p2a: Seel|208\/320 par
|move|p2a: Seel|Blizzard|p1a: Hypno
|-damage|p1a: Hypno|93\/318
|
|turn|4
|choice|move 1|move 3
|
|move|p1a: Hypno|Psychic|p2a: Seel
|-damage|p2a: Seel|93\/320 par
|-unboost|p2a: Seel|spd|1
|-unboost|p2a: Seel|spa|1
|cant|p2a: Seel|par
|
|turn|5
|choice|move 4|move 3
|
|move|p1a: Hypno|Rest|p1a: Hypno
|-status|p1a: Hypno|slp
|-heal|p1a: Hypno|318\/318 slp|[silent]
|-status|p1a: Hypno|slp|[from] move: Rest
|cant|p2a: Seel|par
|
|turn|6
|choice|move 1|switch 3
|
|switch|p2a: Lickitung|Lickitung, L90|345\/345
|cant|p1a: Hypno|slp
|
|turn|7
|choice|switch 6|move 4
|
|switch|p1a: Marowak|Marowak, L90|291\/291
|move|p2a: Lickitung|Swords Dance|p2a: Lickitung
|-boost|p2a: Lickitung|atk|2
|
|turn|8
|choice|move 1|move 2
|
|move|p1a: Marowak|Body Slam|p2a: Lickitung
|-damage|p2a: Lickitung|276\/345
|move|p2a: Lickitung|Earthquake|p1a: Marowak
|-damage|p1a: Marowak|193\/291
|
|turn|9
|choice|move 2|move 3
|
|move|p1a: Marowak|Blizzard|p2a: Lickitung
|-damage|p2a: Lickitung|192\/345
|move|p2a: Lickitung|Body Slam|p1a: Marowak
|-damage|p1a: Marowak|79\/291
|-status|p1a: Marowak|par
|
|turn|10
|choice|switch 5|move 3
|
|switch|p1a: Ivysaur|Ivysaur, L85|276\/276
|move|p2a: Lickitung|Body Slam|p1a: Ivysaur
|-damage|p1a: Ivysaur|112\/276
|
|turn|11
|choice|move 3|move 3
|
|move|p1a: Ivysaur|Razor Leaf|p2a: Lickitung
|-damage|p2a: Lickitung|125\/345
|move|p2a: Lickitung|Body Slam|p1a: Ivysaur
|-damage|p1a: Ivysaur|0 fnt
|faint|p1a: Ivysaur
|choice|switch 3|
|
|switch|p1a: Tauros|Tauros, L79|280\/280
|turn|12
|choice|move 4|move 1
|
|move|p1a: Tauros|Body Slam|p2a: Lickitung
|-damage|p2a: Lickitung|46\/345
|move|p2a: Lickitung|Hyper Beam|p1a: Tauros
|-damage|p1a: Tauros|26\/280
|
|turn|13
|-mustrecharge|p2a: Lickitung
|-mustrecharge|p2a: Lickitung
|choice|move 4|move 1
|
|move|p1a: Tauros|Body Slam|p2a: Lickitung
|-crit|p2a: Lickitung
|-damage|p2a: Lickitung|0 fnt
|faint|p2a: Lickitung
|choice||switch 6
|
|switch|p2a: Jolteon|Jolteon, L79|265\/265
|turn|14
|choice|switch 5|move 2
|
|switch|p1a: Marowak|Marowak, L90|79\/291 par
|move|p2a: Jolteon|Pin Missile|p1a: Marowak|[miss]
|-miss|p2a: Jolteon
|
|turn|15
|choice|move 3|switch 4
|
|switch|p2a: Jynx|Jynx, L79|265\/265
|move|p1a: Marowak|Earthquake|p2a: Jynx
|-damage|p2a: Jynx|75\/265
|
|turn|16
|choice|switch 6|move 3
|
|switch|p1a: Hypno|Hypno, L85|318\/318 slp
|move|p2a: Jynx|Psychic|p1a: Hypno
|-resisted|p1a: Hypno
|-damage|p1a: Hypno|283\/318 slp
|
|turn|17
|choice|move 1|move 4
|
|move|p2a: Jynx|Blizzard|p1a: Hypno
|-damage|p1a: Hypno|189\/318 slp
|-curestatus|p1a: Hypno|slp
|
|turn|18
|choice|move 2|move 2
|
|move|p2a: Jynx|Lovely Kiss|p1a: Hypno
|-status|p1a: Hypno|slp
|cant|p1a: Hypno|slp
|
|turn|19
|choice|move 2|move 4
|
|move|p2a: Jynx|Blizzard|p1a: Hypno
|-damage|p1a: Hypno|102\/318 slp
|cant|p1a: Hypno|slp
|
|turn|20
|choice|move 2|move 4
|
|move|p2a: Jynx|Blizzard|p1a: Hypno
|-damage|p1a: Hypno|8\/318 slp
|cant|p1a: Hypno|slp
|
|turn|21
|choice|switch 4|move 3
|
|switch|p1a: Vaporeon|Vaporeon, L85|395\/395
|move|p2a: Jynx|Psychic|p1a: Vaporeon
|-damage|p1a: Vaporeon|327\/395
|-unboost|p1a: Vaporeon|spd|1
|-unboost|p1a: Vaporeon|spa|1
|
|turn|22
|choice|move 3|move 3
|
|move|p2a: Jynx|Psychic|p1a: Vaporeon
|-crit|p1a: Vaporeon
|-damage|p1a: Vaporeon|197\/395
|move|p1a: Vaporeon|Body Slam|p2a: Jynx
|-damage|p2a: Jynx|0 fnt
|faint|p2a: Jynx
|choice||switch 4
|
|switch|p2a: Jolteon|Jolteon, L79|265\/265
|turn|23
|choice|switch 6|switch 5
|
|switch|p2a: Tangela|Tangela, L85|284\/284
|switch|p1a: Marowak|Marowak, L90|79\/291 par
|
|turn|24
|choice|move 2|move 1
|
|move|p2a: Tangela|Mega Drain|p1a: Marowak
|-supereffective|p1a: Marowak
|-damage|p1a: Marowak|0 fnt
|faint|p1a: Marowak
|choice|switch 2|
|
|switch|p1a: Ponyta|Ponyta, L96|291\/291
|turn|25
|choice|move 2|move 2
|
|move|p1a: Ponyta|Substitute|p1a: Ponyta
|-start|p1a: Ponyta|Substitute
|-damage|p1a: Ponyta|219\/291
|move|p2a: Tangela|Hyper Beam|p1a: Ponyta
|-end|p1a: Ponyta|Substitute
|
|turn|26
|choice|move 3|move 2
|
|move|p1a: Ponyta|Body Slam|p2a: Tangela
|-damage|p2a: Tangela|221\/284
|-status|p2a: Tangela|par
|move|p2a: Tangela|Hyper Beam|p1a: Ponyta
|-damage|p1a: Ponyta|125\/291
|
|turn|27
|-mustrecharge|p2a: Tangela
|-mustrecharge|p2a: Tangela
|choice|switch 4|move 1
|
|switch|p1a: Hypno|Hypno, L85|8\/318 slp
|cant|p2a: Tangela|recharge
|
|turn|28
|choice|move 4|move 4
|
|cant|p1a: Hypno|slp
|cant|p2a: Tangela|par
|
|turn|29
|choice|move 4|move 4
|
|-curestatus|p1a: Hypno|slp
|cant|p2a: Tangela|par
|
|turn|30
|choice|move 4|move 4
|
|move|p1a: Hypno|Rest|p1a: Hypno
|-status|p1a: Hypno|slp
|-heal|p1a: Hypno|318\/318 slp|[silent]
|-status|p1a: Hypno|slp|[from] move: Rest
|move|p2a: Tangela|Body Slam|p1a: Hypno
|-damage|p1a: Hypno|271\/318 slp
|
|turn|31
|choice|move 1|move 3
|
|cant|p1a: Hypno|slp
|cant|p2a: Tangela|par
|
|turn|32
|choice|move 1|move 3
|
|-curestatus|p1a: Hypno|slp
|move|p2a: Tangela|Growth|p2a: Tangela
|-boost|p2a: Tangela|spa|1
|-boost|p2a: Tangela|spd|1
|
|turn|33
|choice|move 1|move 4
|
|move|p1a: Hypno|Psychic|p2a: Tangela
|-crit|p2a: Tangela
|-damage|p2a: Tangela|17\/284 par
|move|p2a: Tangela|Body Slam|p1a: Hypno
|-damage|p1a: Hypno|219\/318
|
|turn|34
|choice|move 1|move 2
|
|move|p1a: Hypno|Psychic|p2a: Tangela
|-damage|p2a: Tangela|0 fnt
|faint|p2a: Tangela
|choice||switch 5
|
|switch|p2a: Jolteon|Jolteon, L79|265\/265
|turn|35
|choice|move 2|move 3
|
|move|p2a: Jolteon|Thunder Wave|p1a: Hypno
|-status|p1a: Hypno|par
|move|p1a: Hypno|Thunder Wave|p2a: Jolteon
|-status|p2a: Jolteon|par
|
|turn|36
|choice|move 1|move 2
|
|cant|p2a: Jolteon|par
|move|p1a: Hypno|Psychic|p2a: Jolteon
|-damage|p2a: Jolteon|173\/265 par
|
|turn|37
|choice|switch 4|move 2
|
|switch|p1a: Ponyta|Ponyta, L96|125\/291
|move|p2a: Jolteon|Pin Missile|p1a: Ponyta
|-resisted|p1a: Ponyta
|-damage|p1a: Ponyta|121\/291
|-damage|p1a: Ponyta|117\/291
|-damage|p1a: Ponyta|113\/291
|-damage|p1a: Ponyta|109\/291
|-hitcount|p1a: Ponyta|4
|
|turn|38
|choice|move 2|move 1
|
|move|p1a: Ponyta|Substitute|p1a: Ponyta
|-start|p1a: Ponyta|Substitute
|-damage|p1a: Ponyta|37\/291
|move|p2a: Jolteon|Thunderbolt|p1a: Ponyta
|-crit|p1a: Ponyta
|-end|p1a: Ponyta|Substitute
|
|turn|39
|choice|move 3|move 1
|
|move|p1a: Ponyta|Body Slam|p2a: Jolteon
|-damage|p2a: Jolteon|83\/265 par
|cant|p2a: Jolteon|par
|
|turn|40
|choice|move 3|move 1
|
|move|p1a: Ponyta|Body Slam|p2a: Jolteon
|-damage|p2a: Jolteon|0 fnt
|faint|p2a: Jolteon
|choice||switch 3
|
|switch|p2a: Seel|Seel, L96|93\/320 par
|turn|41
|choice|move 3|move 4
|
|move|p1a: Ponyta|Body Slam|p2a: Seel
|-damage|p2a: Seel|8\/320 par
|cant|p2a: Seel|par
|
|turn|42
|choice|move 3|move 3
|
|move|p1a: Ponyta|Body Slam|p2a: Seel
|-damage|p2a: Seel|0 fnt
|faint|p2a: Seel
|choice||switch 2
|
|switch|p2a: Pidgey|Pidgey, L96|272\/272
|turn|43
|c|★Dervodel|oh no pidge sweep
|choice|move 3|move 1
|
|move|p1a: Ponyta|Body Slam|p2a: Pidgey
|-damage|p2a: Pidgey|168\/272
|move|p2a: Pidgey|Double-Edge|p1a: Ponyta
|-damage|p1a: Ponyta|0 fnt
|-damage|p2a: Pidgey|159\/272|[from] recoil|[of] p1a: Ponyta
|faint|p1a: Ponyta
|c|★gaietta|looool
|choice|switch 6|
|
|switch|p1a: Vaporeon|Vaporeon, L85|197\/395
|turn|44
|choice|move 2|move 1
|
|move|p2a: Pidgey|Double-Edge|p1a: Vaporeon
|-damage|p1a: Vaporeon|94\/395
|-damage|p2a: Pidgey|134\/272|[from] recoil|[of] p1a: Vaporeon
|move|p1a: Vaporeon|Hydro Pump|p2a: Pidgey|[miss]
|-miss|p1a: Vaporeon
|
|turn|45
|c|★Dervodel|its happenin
|choice|move 2|move 1
|
|move|p2a: Pidgey|Double-Edge|p1a: Vaporeon
|-damage|p1a: Vaporeon|0 fnt
|-damage|p2a: Pidgey|111\/272|[from] recoil|[of] p1a: Vaporeon
|faint|p1a: Vaporeon
|c|★gaietta|>:^)
|choice|switch 4|
|
|switch|p1a: Hypno|Hypno, L85|219\/318 par
|turn|46
|choice|move 1|move 1
|
|move|p2a: Pidgey|Double-Edge|p1a: Hypno
|-damage|p1a: Hypno|113\/318 par
|-damage|p2a: Pidgey|85\/272|[from] recoil|[of] p1a: Hypno
|move|p1a: Hypno|Psychic|p2a: Pidgey
|-damage|p2a: Pidgey|0 fnt
|faint|p2a: Pidgey
|
|win|Dervodel
|raw|Dervodel's rating: 1353 &rarr; <strong>1376<\/strong><br \/>(+23 for winning)
|raw|gaietta's rating: 1405 &rarr; <strong>1382<\/strong><br \/>(-23 for losing)
|c|★gaietta|gg
|c|★Dervodel|ah
|c|★Dervodel|gg man
|c|★gaietta|:P