|j|DGamer5
|j|Pr0n Snow
|player|p1|DGamer5|250
|player|p2|Pr0n Snow|96
|gametype|singles
|gen|1
|tier|[Gen 1] OU
|rated
|seed|18919,6201,4819,53076
|rule|Sleep Clause Mod: Limit one foe put to sleep
|rule|Freeze Clause Mod: Limit one foe frozen
|rule|Species Clause: Limit one of each Pokémon
|rule|OHKO Clause: OHKO moves are banned
|rule|Evasion Moves Clause: Evasion moves are banned
|rule|HP Percentage Mod: HP is shown in percentages
|
|start
|switch|p1a: Alakazam|Alakazam|313\/313
|switch|p2a: Gengar|Gengar|323\/323
|turn|1
|c|★DGamer5|oh sorry dude
|c|★DGamer5|i was doing something
|choice|move 3|switch 3
|
|switch|p2a: Chansey|Chansey|703\/703
|move|p1a: Alakazam|Thunder Wave|p2a: Chansey
|-status|p2a: Chansey|par
|
|turn|2
|choice|move 1|move 1
|
|move|p1a: Alakazam|Psychic|p2a: Chansey
|-crit|p2a: Chansey
|-damage|p2a: Chansey|436\/703 par
|-unboost|p2a: Chansey|spd|1
|-unboost|p2a: Chansey|spa|1
|move|p2a: Chansey|Ice Beam|p1a: Alakazam
|-damage|p1a: Alakazam|274\/313
|-status|p1a: Alakazam|frz
|
|turn|3
|choice|switch 4|switch 3
|
|switch|p1a: Gengar|Gengar|323\/323
|switch|p2a: Gengar|Gengar|323\/323
|
|turn|4
|choice|move 3|move 1
|
|move|p1a: Gengar|Hypnosis|p2a: Gengar
|-status|p2a: Gengar|slp
|cant|p2a: Gengar|slp
|
|turn|5
|choice|move 2|switch 4
|
|switch|p2a: Snorlax|Snorlax|523\/523
|move|p1a: Gengar|Psychic|p2a: Snorlax
|-damage|p2a: Snorlax|410\/523
|
|turn|6
|choice|move 3|move 3
|
|move|p1a: Gengar|Hypnosis|p2a: Snorlax
|-message|Sleep Clause Mod activated.
|move|p2a: Snorlax|Earthquake|p1a: Gengar
|-supereffective|p1a: Gengar
|-damage|p1a: Gengar|106\/323
|
|turn|7
|choice|switch 3|move 3
|
|switch|p1a: Chansey|Chansey|703\/703
|move|p2a: Snorlax|Earthquake|p1a: Chansey
|-damage|p1a: Chansey|484\/703
|
|turn|8
|choice|move 1|move 1
|
|move|p1a: Chansey|Ice Beam|p2a: Snorlax
|-damage|p2a: Snorlax|311\/523
|move|p2a: Snorlax|Body Slam|p1a: Chansey
|-damage|p1a: Chansey|176\/703
|
|turn|9
|choice|move 2|move 1
|
|move|p1a: Chansey|Soft-Boiled|p1a: Chansey
|-heal|p1a: Chansey|527\/703
|move|p2a: Snorlax|Body Slam|p1a: Chansey
|-damage|p1a: Chansey|256\/703
|
|turn|10
|choice|move 2|move 1
|
|move|p1a: Chansey|Soft-Boiled|p1a: Chansey
|-heal|p1a: Chansey|607\/703
|move|p2a: Snorlax|Body Slam|p1a: Chansey
|-damage|p1a: Chansey|337\/703
|
|turn|11
|choice|move 2|move 1
|
|move|p1a: Chansey|Soft-Boiled|p1a: Chansey
|-heal|p1a: Chansey|688\/703
|move|p2a: Snorlax|Body Slam|p1a: Chansey
|-crit|p1a: Chansey
|-damage|p1a: Chansey|121\/703
|
|turn|12
|j|Dary0903
|choice|move 2|move 1
|
|move|p1a: Chansey|Soft-Boiled|p1a: Chansey
|-heal|p1a: Chansey|472\/703
|move|p2a: Snorlax|Body Slam|p1a: Chansey
|-damage|p1a: Chansey|174\/703
|
|turn|13
|choice|move 2|move 1
|
|move|p1a: Chansey|Soft-Boiled|p1a: Chansey
|-heal|p1a: Chansey|525\/703
|move|p2a: Snorlax|Body Slam|p1a: Chansey
|-damage|p1a: Chansey|223\/703
|
|turn|14
|choice|move 2|move 1
|
|move|p1a: Chansey|Soft-Boiled|p1a: Chansey
|-heal|p1a: Chansey|574\/703
|move|p2a: Snorlax|Body Slam|p1a: Chansey
|-damage|p1a: Chansey|289\/703
|
|turn|15
|c|★Pr0n Snow|still no para -_-
|choice|move 2|move 1
|
|move|p1a: Chansey|Soft-Boiled|p1a: Chansey
|-heal|p1a: Chansey|640\/703
|move|p2a: Snorlax|Body Slam|p1a: Chansey
|-crit|p1a: Chansey
|-damage|p1a: Chansey|83\/703
|
|turn|16
|choice|move 2|move 1
|
|move|p1a: Chansey|Soft-Boiled|p1a: Chansey
|-heal|p1a: Chansey|434\/703
|move|p2a: Snorlax|Body Slam|p1a: Chansey
|-damage|p1a: Chansey|160\/703
|
|turn|17
|choice|move 2|move 1
|
|move|p1a: Chansey|Soft-Boiled|p1a: Chansey
|-heal|p1a: Chansey|511\/703
|move|p2a: Snorlax|Body Slam|p1a: Chansey
|-damage|p1a: Chansey|200\/703
|
|turn|18
|choice|move 2|move 1
|
|move|p1a: Chansey|Soft-Boiled|p1a: Chansey
|-heal|p1a: Chansey|551\/703
|move|p2a: Snorlax|Body Slam|p1a: Chansey
|-damage|p1a: Chansey|241\/703
|
|turn|19
|choice|move 2|move 1
|
|move|p1a: Chansey|Soft-Boiled|p1a: Chansey
|-heal|p1a: Chansey|592\/703
|move|p2a: Snorlax|Body Slam|p1a: Chansey
|-damage|p1a: Chansey|280\/703
|
|turn|20
|choice|move 2|move 1
|
|move|p1a: Chansey|Soft-Boiled|p1a: Chansey
|-heal|p1a: Chansey|631\/703
|move|p2a: Snorlax|Body Slam|p1a: Chansey
|-damage|p1a: Chansey|342\/703
|
|turn|21
|choice|move 2|move 1
|
|move|p1a: Chansey|Soft-Boiled|p1a: Chansey
|-heal|p1a: Chansey|693\/703
|move|p2a: Snorlax|Body Slam|p1a: Chansey
|-damage|p1a: Chansey|425\/703
|
|turn|22
|c|★Pr0n Snow|....
|choice|move 2|move 1
|
|move|p1a: Chansey|Soft-Boiled|p1a: Chansey
|-heal|p1a: Chansey|703\/703
|move|p2a: Snorlax|Body Slam|p1a: Chansey
|-damage|p1a: Chansey|397\/703
|
|turn|23
|choice|move 1|move 1
|
|move|p1a: Chansey|Ice Beam|p2a: Snorlax
|-damage|p2a: Snorlax|217\/523
|move|p2a: Snorlax|Body Slam|p1a: Chansey
|-damage|p1a: Chansey|90\/703
|
|turn|24
|choice|move 2|move 1
|
|move|p1a: Chansey|Soft-Boiled|p1a: Chansey
|-heal|p1a: Chansey|441\/703
|move|p2a: Snorlax|Body Slam|p1a: Chansey
|-damage|p1a: Chansey|128\/703
|
|turn|25
|choice|move 2|move 1
|
|move|p1a: Chansey|Soft-Boiled|p1a: Chansey
|-heal|p1a: Chansey|479\/703
|move|p2a: Snorlax|Body Slam|p1a: Chansey
|-damage|p1a: Chansey|211\/703
|
|turn|26
|choice|move 3|move 1
|
|move|p1a: Chansey|Thunder Wave|p2a: Snorlax
|-status|p2a: Snorlax|par
|move|p2a: Snorlax|Body Slam|p1a: Chansey
|-damage|p1a: Chansey|0 fnt
|faint|p1a: Chansey
|c|★DGamer5|ran out of pp
|choice|switch 6|
|
|switch|p1a: Tauros|Tauros|353\/353
|turn|27
|c|★DGamer5|i gotta go
|-message|DGamer5 forfeited.
|
|win|Pr0n Snow
|player|p1
|player|p2
|l|DGamer5
|raw|DGamer5's rating: 1078 &rarr; <strong>1068<\/strong><br \/>(-10 for losing)
|raw|Pr0n Snow's rating: 1279 &rarr; <strong>1291<\/strong><br \/>(+12 for winning)