|join|Wailmerfan01x
|join|ggc
|player|p1|Wailmerfan01x|96
|player|p2|ggc|10
|gametype|singles
|gen|1
|tier|[Gen 1] OU (beta)
|rated
|rule|Sleep Clause Mod: Limit one foe put to sleep
|rule|Species Clause: Limit one of each Pokémon
|rule|OHKO Clause: OHKO moves are banned
|rule|Evasion Moves Clause: Evasion moves are banned
|
|start
|switch|p1a: Shadow|Gengar|323\/323
|switch|p2a: Gengar|Gengar|323\/323
|turn|1
|
|move|p1a: Shadow|Hypnosis|p2a: Gengar
|-status|p2a: Gengar|slp
|cant|p2a: Gengar|slp
|-curestatus|p2a: Gengar|slp
|
|turn|2
|c|★Wailmerfan01x|oh
|
|move|p2a: Gengar|Hypnosis|p1a: Shadow|[miss]
|-miss|p2a: Gengar
|move|p1a: Shadow|Hypnosis|p2a: Gengar
|-status|p2a: Gengar|slp
|
|turn|3
|
|switch|p2a: Alakazam|Alakazam|313\/313
|move|p1a: Shadow|Psychic|p2a: Alakazam
|-resisted|p2a: Alakazam
|-damage|p2a: Alakazam|278\/313
|-unboost|p2a: Alakazam|spd|1
|-unboost|p2a: Alakazam|spa|1
|
|turn|4
|join|Urza
|
|switch|p1a: WizardGuy|Alakazam|313\/313
|move|p2a: Alakazam|Reflect|p2a: Alakazam
|
|turn|5
|
|switch|p2a: Exeggutor|Exeggutor|393\/393
|move|p1a: WizardGuy|Thunder Wave|p2a: Exeggutor
|-status|p2a: Exeggutor|par
|
|turn|6
|
|switch|p1a: Shadow|Gengar|323\/323
|cant|p2a: Exeggutor|par
|
|turn|7
|
|move|p1a: Shadow|Confuse Ray|p2a: Exeggutor
|-start|p2a: Exeggutor|confusion
|-activate|p2a: Exeggutor|confusion
|move|p2a: Exeggutor|Sleep Powder|p1a: Shadow
|-status|p1a: Shadow|slp
|
|turn|8
|
|switch|p1a: Glacia|Jynx|333\/333
|switch|p2a: Alakazam|Alakazam|278\/313
|
|turn|9
|
|move|p2a: Alakazam|Thunder Wave|p1a: Glacia
|-status|p1a: Glacia|par
|move|p1a: Glacia|Mimic|p2a: Alakazam
|-start|p1a: Glacia|Mimic|Thunder Wave
|
|turn|10
|
|switch|p2a: Chansey|Chansey|703\/703
|move|p1a: Glacia|Blizzard|p2a: Chansey
|-damage|p2a: Chansey|577\/703
|
|turn|11
|
|move|p2a: Chansey|Thunderbolt|p1a: Glacia
|-damage|p1a: Glacia|258\/333 par
|move|p1a: Glacia|Thunder Wave|p2a: Chansey
|-status|p2a: Chansey|par
|
|turn|12
|
|move|p1a: Glacia|Psychic|p2a: Chansey
|-damage|p2a: Chansey|482\/703 par
|move|p2a: Chansey|Thunderbolt|p1a: Glacia
|-damage|p1a: Glacia|183\/333 par
|
|turn|13
|
|move|p1a: Glacia|Psychic|p2a: Chansey
|-damage|p2a: Chansey|383\/703 par
|cant|p2a: Chansey|par
|
|turn|14
|
|move|p1a: Glacia|Psychic|p2a: Chansey
|-damage|p2a: Chansey|286\/703 par
|-unboost|p2a: Chansey|spd|1
|-unboost|p2a: Chansey|spa|1
|move|p2a: Chansey|Soft-Boiled|p2a: Chansey
|-heal|p2a: Chansey|637\/703 par
|
|turn|15
|
|switch|p2a: Alakazam|Alakazam|278\/313
|move|p1a: Glacia|Psychic|p2a: Alakazam
|-resisted|p2a: Alakazam
|-damage|p2a: Alakazam|233\/313
|
|turn|16
|
|switch|p2a: Chansey|Chansey|637\/703 par
|move|p1a: Glacia|Thunder Wave|p2a: Chansey
|-fail|p2a: Chansey|par
|
|turn|17
|
|move|p1a: Glacia|Psychic|p2a: Chansey
|-damage|p2a: Chansey|545\/703 par
|move|p2a: Chansey|Thunderbolt|p1a: Glacia
|-crit|p1a: Glacia
|-damage|p1a: Glacia|15\/333 par
|
|turn|18
|
|move|p1a: Glacia|Psychic|p2a: Chansey
|-damage|p2a: Chansey|452\/703 par
|-unboost|p2a: Chansey|spd|1
|-unboost|p2a: Chansey|spa|1
|move|p2a: Chansey|Soft-Boiled|p2a: Chansey
|-heal|p2a: Chansey|703\/703 par
|
|turn|19
|
|cant|p1a: Glacia|par
|move|p2a: Chansey|Thunderbolt|p1a: Glacia
|-damage|p1a: Glacia|0 fnt
|faint|p1a: Glacia
|
|switch|p1a: Billy|Cloyster|303\/303
|turn|20
|
|move|p1a: Billy|Clamp|p2a: Chansey
|-damage|p2a: Chansey|650\/703 par
|-activate|p2a: Chansey|move: Clamp|[of] p1a: Billy
|cant|p2a: Chansey|partiallytrapped
|
|turn|21
|join|princessjulep
|
|switch|p2a: Starmie|Starmie|323\/323
|move|p1a: Billy|Clamp|p2a: Starmie
|-resisted|p2a: Starmie
|-damage|p2a: Starmie|302\/323
|-activate|p2a: Starmie|move: Clamp|[of] p1a: Billy
|
|turn|22
|
|cant|p2a: Starmie|partiallytrapped
|move|p1a: Billy|Clamp|p2a: Starmie
|-damage|p2a: Starmie|249\/323
|
|-end|p2a: Starmie|Clamp|[partiallytrapped]
|turn|23
|
|switch|p1a: WizardGuy|Alakazam|313\/313
|move|p2a: Starmie|Thunderbolt|p1a: WizardGuy
|-crit|p1a: WizardGuy
|-damage|p1a: WizardGuy|188\/313
|
|turn|24
|join|Max Carvalho
|
|switch|p2a: Chansey|Chansey|650\/703 par
|move|p1a: WizardGuy|Thunder Wave|p2a: Chansey
|-fail|p2a: Chansey|par
|
|turn|25
|
|switch|p1a: Billy|Cloyster|303\/303
|move|p2a: Chansey|Thunder Wave|p1a: Billy
|-status|p1a: Billy|par
|
|turn|26
|
|switch|p2a: Starmie|Starmie|249\/323
|move|p1a: Billy|Clamp|p2a: Starmie
|-resisted|p2a: Starmie
|-damage|p2a: Starmie|231\/323
|-activate|p2a: Starmie|move: Clamp|[of] p1a: Billy
|
|turn|27
|
|switch|p1a: El Bull|Tauros|353\/353
|cant|p2a: Starmie|partiallytrapped
|
|-end|p2a: Starmie|Clamp|[partiallytrapped]
|turn|28
|
|move|p2a: Starmie|Hydro Pump|p1a: El Bull|[miss]
|-miss|p2a: Starmie
|move|p1a: El Bull|Body Slam|p2a: Starmie
|-damage|p2a: Starmie|129\/323
|
|turn|29
|
|move|p2a: Starmie|Recover|p2a: Starmie
|-heal|p2a: Starmie|290\/323
|move|p1a: El Bull|Body Slam|p2a: Starmie
|-crit|p2a: Starmie
|-damage|p2a: Starmie|72\/323
|-status|p2a: Starmie|par
|
|turn|30
|
|move|p1a: El Bull|Body Slam|p2a: Starmie
|-damage|p2a: Starmie|0 fnt
|faint|p2a: Starmie
|
|switch|p2a: Alakazam|Alakazam|233\/313
|turn|31
|
|switch|p1a: Billy|Cloyster|303\/303 par
|move|p2a: Alakazam|Reflect|p2a: Alakazam
|
|turn|32
|
|move|p2a: Alakazam|Psychic|p1a: Billy
|-damage|p1a: Billy|150\/303 par
|move|p1a: Billy|Clamp|p2a: Alakazam
|-damage|p2a: Alakazam|205\/313
|-activate|p2a: Alakazam|move: Clamp|[of] p1a: Billy
|
|turn|33
|
|cant|p2a: Alakazam|partiallytrapped
|cant|p1a: Billy|par
|
|-end|p2a: Alakazam|Clamp|[partiallytrapped]
|turn|34
|
|switch|p1a: WizardGuy|Alakazam|188\/313
|move|p2a: Alakazam|Psychic|p1a: WizardGuy
|-resisted|p1a: WizardGuy
|-damage|p1a: WizardGuy|136\/313
|
|turn|35
|
|move|p1a: WizardGuy|Thunder Wave|p2a: Alakazam
|-status|p2a: Alakazam|par
|move|p2a: Alakazam|Thunder Wave|p1a: WizardGuy
|-status|p1a: WizardGuy|par
|
|turn|36
|
|move|p1a: WizardGuy|Recover|p1a: WizardGuy
|-heal|p1a: WizardGuy|292\/313 par
|cant|p2a: Alakazam|par
|
|turn|37
|
|move|p2a: Alakazam|Psychic|p1a: WizardGuy
|-resisted|p1a: WizardGuy
|-damage|p1a: WizardGuy|241\/313 par
|move|p1a: WizardGuy|Seismic Toss|p2a: Alakazam
|-damage|p2a: Alakazam|105\/313 par
|
|turn|38
|
|cant|p2a: Alakazam|par
|move|p1a: WizardGuy|Seismic Toss|p2a: Alakazam
|-damage|p2a: Alakazam|5\/313 par
|
|turn|39
|
|move|p2a: Alakazam|Recover|p2a: Alakazam
|-heal|p2a: Alakazam|161\/313 par
|move|p1a: WizardGuy|Psychic|p2a: Alakazam
|-crit|p2a: Alakazam
|-resisted|p2a: Alakazam
|-damage|p2a: Alakazam|51\/313 par
|
|turn|40
|
|move|p1a: WizardGuy|Psychic|p2a: Alakazam
|-resisted|p2a: Alakazam
|-damage|p2a: Alakazam|0 fnt
|faint|p2a: Alakazam
|
|switch|p2a: Tauros|Tauros|353\/353
|turn|41
|
|move|p2a: Tauros|Hyper Beam|p1a: WizardGuy
|-damage|p1a: WizardGuy|0 fnt
|faint|p1a: WizardGuy
|
|switch|p1a: El Bull|Tauros|353\/353
|turn|42
|
|move|p1a: El Bull|Body Slam|p2a: Tauros
|-damage|p2a: Tauros|258\/353
|move|p2a: Tauros|Body Slam|p1a: El Bull|[miss]
|-miss|p2a: Tauros
|
|turn|43
|
|move|p2a: Tauros|Body Slam|p1a: El Bull|[miss]
|-miss|p2a: Tauros
|move|p1a: El Bull|Body Slam|p2a: Tauros
|-damage|p2a: Tauros|149\/353
|
|turn|44
|c|★ggc|are you shitting me
|join|LO Ho-Oh
|c|★Wailmerfan01x|that really sucks
|c| LO Ho-Oh|LOL
|
|move|p1a: El Bull|Body Slam|p2a: Tauros
|-damage|p2a: Tauros|44\/353
|-status|p2a: Tauros|par
|move|p2a: Tauros|Hyper Beam|p1a: El Bull|[miss]
|-miss|p2a: Tauros
|
|turn|45
|c|★Wailmerfan01x|ok that was stupid
|
|move|p1a: El Bull|Body Slam|p2a: Tauros
|-damage|p2a: Tauros|0 fnt
|faint|p2a: Tauros
|
|switch|p2a: Exeggutor|Exeggutor|393\/393 par
|turn|46
|leave|LO Ho-Oh
|
|switch|p1a: Billy|Cloyster|150\/303 par
|move|p2a: Exeggutor|Stun Spore|p1a: Billy
|-fail|p1a: Billy|par
|
|turn|47
|leave|Max Carvalho
|
|switch|p2a: Gengar|Gengar|323\/323 slp
|cant|p1a: Billy|par
|
|turn|48
|
|cant|p2a: Gengar|slp
|-curestatus|p2a: Gengar|slp
|cant|p1a: Billy|par
|
|turn|49
|
|move|p2a: Gengar|Thunderbolt|p1a: Billy
|-supereffective|p1a: Billy
|-damage|p1a: Billy|0 fnt
|faint|p1a: Billy
|
|switch|p1a: RockRoll|Golem|363\/363
|turn|50
|
|switch|p2a: Exeggutor|Exeggutor|393\/393 par
|move|p1a: RockRoll|Earthquake|p2a: Exeggutor
|-resisted|p2a: Exeggutor
|-damage|p2a: Exeggutor|324\/393 par
|
|turn|51
|leave|princessjulep
|
|switch|p1a: Shadow|Gengar|323\/323 slp
|move|p2a: Exeggutor|Psychic|p1a: Shadow
|-supereffective|p1a: Shadow
|-damage|p1a: Shadow|126\/323 slp
|
|turn|52
|
|cant|p1a: Shadow|slp
|move|p2a: Exeggutor|Psychic|p1a: Shadow
|-supereffective|p1a: Shadow
|-damage|p1a: Shadow|0 fnt
|faint|p1a: Shadow
|
|switch|p1a: El Bull|Tauros|353\/353
|turn|53
|
|move|p1a: El Bull|Blizzard|p2a: Exeggutor
|-supereffective|p2a: Exeggutor
|-damage|p2a: Exeggutor|196\/393 par
|cant|p2a: Exeggutor|par
|
|turn|54
|
|move|p1a: El Bull|Blizzard|p2a: Exeggutor
|-supereffective|p2a: Exeggutor
|-damage|p2a: Exeggutor|65\/393 par
|move|p2a: Exeggutor|Sleep Powder|p1a: El Bull
|-status|p1a: El Bull|slp
|
|turn|55
|
|switch|p1a: RockRoll|Golem|363\/363
|move|p2a: Exeggutor|Psychic|p1a: RockRoll
|-damage|p1a: RockRoll|185\/363
|-unboost|p1a: RockRoll|spd|1
|-unboost|p1a: RockRoll|spa|1
|
|turn|56
|
|move|p1a: RockRoll|Earthquake|p2a: Exeggutor
|-resisted|p2a: Exeggutor
|-damage|p2a: Exeggutor|0 fnt
|faint|p2a: Exeggutor
|
|switch|p2a: Chansey|Chansey|650\/703 par
|turn|57
|
|switch|p1a: El Bull|Tauros|353\/353 slp
|cant|p2a: Chansey|par
|
|turn|58
|
|cant|p1a: El Bull|slp
|move|p2a: Chansey|Ice Beam|p1a: El Bull
|-damage|p1a: El Bull|250\/353 slp
|
|turn|59
|
|cant|p1a: El Bull|slp
|move|p2a: Chansey|Ice Beam|p1a: El Bull
|-crit|p1a: El Bull
|-damage|p1a: El Bull|53\/353 slp
|
|turn|60
|
|cant|p1a: El Bull|slp
|-curestatus|p1a: El Bull|slp
|cant|p2a: Chansey|par
|
|turn|61
|
|move|p1a: El Bull|Body Slam|p2a: Chansey
|-damage|p2a: Chansey|379\/703 par
|move|p2a: Chansey|Ice Beam|p1a: El Bull
|-damage|p1a: El Bull|0 fnt
|faint|p1a: El Bull
|
|switch|p1a: RockRoll|Golem|185\/363
|turn|62
|
|move|p1a: RockRoll|Earthquake|p2a: Chansey
|-damage|p2a: Chansey|59\/703 par
|move|p2a: Chansey|Ice Beam|p1a: RockRoll
|-supereffective|p1a: RockRoll
|-damage|p1a: RockRoll|0 fnt
|faint|p1a: RockRoll
|
|win|ggc
|raw|Ladder updating...
|raw|Wailmerfan01x's rating: 1292 &rarr; <strong>1276<\/strong><br \/>(-16 for losing)
|raw|ggc's rating: 1423 &rarr; <strong>1436<\/strong><br \/>(+13 for winning)
|c|★Wailmerfan01x|good game
|c|★ggc|gg
|c|★ggc|btw
|c|★ggc|had you not sacrifaced gengar
|c|★Wailmerfan01x|yeah?
|c|★ggc|you would have won
|c|★Wailmerfan01x|Yeah that was a dumb play on my part
|c|★ggc|ah well
|c|★ggc|gg anyway
|c|★Wailmerfan01x|yeah good game
|join|Bedschibaer
|leave|ggc
|player|p2
|join|ggc