|join|paolo.bassi
|join|riwu
|player|p1|paolo.bassi|266
|player|p2|riwu|2
|gametype|singles
|gen|1
|tier|[Gen 1] Random Battle
|rated
|seed|22736,14607,46817,10848
|rule|Sleep Clause Mod: Limit one foe put to sleep
|rule|Freeze Clause Mod: Limit one foe frozen
|rule|HP Percentage Mod: HP is shown in percentages
|
|start
|switch|p1a: Rapidash|Rapidash, L90|300\/300
|switch|p2a: Mankey|Mankey, L96|272\/272
|turn|1
|choice|move 1|switch 2
|
|switch|p2a: Golduck|Golduck, L85|310\/310
|move|p1a: Rapidash|Fire Blast|p2a: Golduck
|-crit|p2a: Golduck
|-resisted|p2a: Golduck
|-damage|p2a: Golduck|178\/310
|
|turn|2
|choice|switch 4|move 1
|
|switch|p1a: Ditto|Ditto, L99|296\/296
|move|p2a: Golduck|Amnesia|p2a: Golduck
|-boost|p2a: Golduck|spd|2
|-boost|p2a: Golduck|spa|2
|
|turn|3
|choice|move 1|move 2
|
|move|p2a: Golduck|Surf|p1a: Ditto
|-damage|p1a: Ditto|79\/296
|move|p1a: Ditto|Transform|p2a: Golduck
|-transform|p1a: Ditto|p2a: Golduck
|
|turn|4
|choice|move 3|move 2
|
|move|p2a: Golduck|Surf|p1a: Ditto
|-resisted|p1a: Ditto
|-damage|p1a: Ditto|0 fnt
|faint|p1a: Ditto
|choice|switch 2|
|
|switch|p1a: Raticate|Raticate, L85|267\/267
|turn|5
|choice|move 4|move 2
|
|move|p1a: Raticate|Hyper Beam|p2a: Golduck
|-crit|p2a: Golduck
|-damage|p2a: Golduck|0 fnt
|faint|p2a: Golduck
|choice||switch 2
|
|switch|p2a: Mankey|Mankey, L96|272\/272
|turn|6
|choice|move 1|move 2
|
|move|p1a: Raticate|Super Fang|p2a: Mankey
|-damage|p2a: Mankey|136\/272
|move|p2a: Mankey|Body Slam|p1a: Raticate
|-crit|p1a: Raticate
|-damage|p1a: Raticate|115\/267
|
|turn|7
|choice|move 4|move 4
|
|move|p1a: Raticate|Hyper Beam|p2a: Mankey
|-damage|p2a: Mankey|0 fnt
|faint|p2a: Mankey
|choice||switch 4
|
|switch|p2a: Mewtwo|Mewtwo, L70|293\/293
|turn|8
|choice|move 4|move 1
|
|move|p2a: Mewtwo|Psychic|p1a: Raticate
|-crit|p1a: Raticate
|-damage|p1a: Raticate|0 fnt
|faint|p1a: Raticate
|choice|switch 4|
|
|switch|p1a: Rapidash|Rapidash, L90|300\/300
|turn|9
|choice|move 1|move 1
|
|move|p1a: Rapidash|Fire Blast|p2a: Mewtwo
|-damage|p2a: Mewtwo|183\/293
|move|p2a: Mewtwo|Psychic|p1a: Rapidash
|-damage|p1a: Rapidash|212\/300
|-unboost|p1a: Rapidash|spd|1
|-unboost|p1a: Rapidash|spa|1
|
|turn|10
|choice|move 1|move 4
|
|move|p1a: Rapidash|Fire Blast|p2a: Mewtwo
|-damage|p2a: Mewtwo|120\/293
|move|p2a: Mewtwo|Recover|p2a: Mewtwo
|-heal|p2a: Mewtwo|266\/293
|
|turn|11
|choice|move 1|move 3
|
|move|p1a: Rapidash|Fire Blast|p2a: Mewtwo
|-damage|p2a: Mewtwo|194\/293
|-status|p2a: Mewtwo|brn
|move|p2a: Mewtwo|Barrier|p2a: Mewtwo
|-boost|p2a: Mewtwo|def|2
|-damage|p2a: Mewtwo|176\/293 brn|[from] brn
|
|turn|12
|choice|move 1|move 4
|
|move|p1a: Rapidash|Fire Blast|p2a: Mewtwo
|-damage|p2a: Mewtwo|112\/293 brn
|move|p2a: Mewtwo|Recover|p2a: Mewtwo
|-heal|p2a: Mewtwo|258\/293 brn
|-damage|p2a: Mewtwo|240\/293 brn|[from] brn
|
|turn|13
|choice|switch 6|move 1
|
|switch|p1a: Articuno|Articuno, L79|304\/304
|move|p2a: Mewtwo|Psychic|p1a: Articuno
|-damage|p1a: Articuno|229\/304
|-damage|p2a: Mewtwo|222\/293 brn|[from] brn|[of] p1a: Articuno
|
|turn|14
|choice|move 1|move 1
|
|move|p2a: Mewtwo|Psychic|p1a: Articuno
|-crit|p1a: Articuno
|-damage|p1a: Articuno|77\/304
|-damage|p2a: Mewtwo|204\/293 brn|[from] brn|[of] p1a: Articuno
|move|p1a: Articuno|Ice Beam|p2a: Mewtwo
|-damage|p2a: Mewtwo|125\/293 brn
|
|turn|15
|choice|move 4|move 1
|
|move|p2a: Mewtwo|Psychic|p1a: Articuno
|-crit|p1a: Articuno
|-damage|p1a: Articuno|0 fnt
|faint|p1a: Articuno
|choice|switch 6|
|
|switch|p1a: Rapidash|Rapidash, L90|212\/300
|turn|16
|choice|move 1|move 4
|
|move|p1a: Rapidash|Fire Blast|p2a: Mewtwo
|-damage|p2a: Mewtwo|26\/293 brn
|move|p2a: Mewtwo|Recover|p2a: Mewtwo
|-heal|p2a: Mewtwo|172\/293 brn
|-damage|p2a: Mewtwo|154\/293 brn|[from] brn
|
|turn|17
|choice|move 1|move 4
|
|move|p1a: Rapidash|Fire Blast|p2a: Mewtwo
|-damage|p2a: Mewtwo|45\/293 brn
|move|p2a: Mewtwo|Recover|p2a: Mewtwo
|-heal|p2a: Mewtwo|191\/293 brn
|-damage|p2a: Mewtwo|173\/293 brn|[from] brn
|
|turn|18
|choice|move 1|move 4
|
|move|p1a: Rapidash|Fire Blast|p2a: Mewtwo
|-damage|p2a: Mewtwo|69\/293 brn
|move|p2a: Mewtwo|Recover|p2a: Mewtwo
|-heal|p2a: Mewtwo|215\/293 brn
|-damage|p2a: Mewtwo|197\/293 brn|[from] brn
|
|turn|19
|choice|switch 5|move 3
|
|switch|p1a: Rhydon|Rhydon, L79|328\/328
|move|p2a: Mewtwo|Barrier|p2a: Mewtwo
|-boost|p2a: Mewtwo|def|2
|-damage|p2a: Mewtwo|179\/293 brn|[from] brn
|
|turn|20
|choice|move 4|move 3
|
|move|p2a: Mewtwo|Barrier|p2a: Mewtwo
|-boost|p2a: Mewtwo|def|2
|-damage|p2a: Mewtwo|161\/293 brn|[from] brn
|move|p1a: Rhydon|Earthquake|p2a: Mewtwo
|-damage|p2a: Mewtwo|127\/293 brn
|
|turn|21
|leave|paolo.bassi
|player|p1
|-message|paolobassi lost due to inactivity.
|
|win|riwu
|raw|paolo.bassi's rating: 1402 &rarr; <strong>1387<\/strong><br \/>(-15 for losing)
|raw|riwu's rating: 1486 &rarr; <strong>1502<\/strong><br \/>(+16 for winning)