|join|kid gf lol
|join|ggc
|player|p1|kid gf lol|167
|player|p2|ggc|10
|gametype|singles
|gen|1
|tier|[Gen 1] OU (beta)
|rated
|rule|Sleep Clause Mod: Limit one foe put to sleep
|rule|Species Clause: Limit one of each Pokemon
|rule|OHKO Clause: OHKO moves are banned
|rule|Moody Clause: Moody is banned
|rule|Evasion Moves Clause: Evasion moves are banned
|rule|Endless Battle Clause: Forcing endless battles is banned.
|rule|HP Percentage Mod: HP is reported as percentages
|
|start
|switch|p1a: Zam Lead|Alakazam|313\/313
|switch|p2a: Gengar|Gengar|323\/323
|turn|1
|
|switch|p2a: Exeggutor|Exeggutor|393\/393
|move|p1a: Zam Lead|Psychic|p2a: Exeggutor
|-resisted|p2a: Exeggutor
|-damage|p2a: Exeggutor|342\/393
|
|turn|2
|
|move|p1a: Zam Lead|Seismic Toss|p2a: Exeggutor
|-damage|p2a: Exeggutor|242\/393
|move|p2a: Exeggutor|Sleep Powder|p1a: Zam Lead|[miss]
|-miss|p2a: Exeggutor
|
|turn|3
|
|move|p1a: Zam Lead|Thunder Wave|p2a: Exeggutor
|-status|p2a: Exeggutor|par
|cant|p2a: Exeggutor|par
|
|turn|4
|
|move|p1a: Zam Lead|Seismic Toss|p2a: Exeggutor
|-damage|p2a: Exeggutor|142\/393 par
|move|p2a: Exeggutor|Sleep Powder|p1a: Zam Lead
|-status|p1a: Zam Lead|slp
|
|turn|5
|
|switch|p2a: Gengar|Gengar|323\/323
|cant|p1a: Zam Lead|slp
|
|turn|6
|
|switch|p1a: Result of Incest|Exeggutor|393\/393
|move|p2a: Gengar|Seismic Toss|p1a: Result of Incest
|-damage|p1a: Result of Incest|293\/393
|
|turn|7
|
|move|p2a: Gengar|Explosion|p1a: Result of Incest
|-damage|p1a: Result of Incest|74\/393
|faint|p2a: Gengar
|
|switch|p2a: Tauros|Tauros|353\/353
|turn|8
|
|move|p2a: Tauros|Body Slam|p1a: Result of Incest
|-crit|p1a: Result of Incest
|-damage|p1a: Result of Incest|0 fnt
|faint|p1a: Result of Incest
|
|
|switch|p1a: That's Bull|Tauros|353\/353
|turn|9
|join|Lordemort
|
|switch|p2a: Exeggutor|Exeggutor|142\/393 par
|move|p1a: That's Bull|Body Slam|p2a: Exeggutor
|-crit|p2a: Exeggutor
|-damage|p2a: Exeggutor|0 fnt
|faint|p2a: Exeggutor
|
|
|switch|p2a: Alakazam|Alakazam|313\/313
|turn|10
|
|switch|p1a: Breakfast Pouch|Chansey|703\/703
|move|p2a: Alakazam|Thunder Wave|p1a: Breakfast Pouch
|-status|p1a: Breakfast Pouch|par
|
|turn|11
|leave|Lordemort
|
|move|p2a: Alakazam|Psychic|p1a: Breakfast Pouch
|-damage|p1a: Breakfast Pouch|581\/703 par
|move|p1a: Breakfast Pouch|Thunder Wave|p2a: Alakazam
|-status|p2a: Alakazam|par
|
|turn|12
|
|move|p2a: Alakazam|Reflect|p2a: Alakazam
|move|p1a: Breakfast Pouch|Thunderbolt|p2a: Alakazam
|-damage|p2a: Alakazam|252\/313 par
|
|turn|13
|
|move|p2a: Alakazam|Psychic|p1a: Breakfast Pouch
|-damage|p1a: Breakfast Pouch|461\/703 par
|move|p1a: Breakfast Pouch|Thunderbolt|p2a: Alakazam
|-damage|p2a: Alakazam|195\/313 par
|
|turn|14
|
|switch|p2a: Rhydon|Rhydon|413\/413
|cant|p1a: Breakfast Pouch|par
|
|turn|15
|
|switch|p1a: Big Pecker|Zapdos|383\/383
|move|p2a: Rhydon|Earthquake|p1a: Big Pecker
|-immune|p1a: Big Pecker|[msg]
|
|turn|16
|
|switch|p1a: TNT|Golem|363\/363
|move|p2a: Rhydon|Rock Slide|p1a: TNT
|-resisted|p1a: TNT
|-damage|p1a: TNT|316\/363
|
|turn|17
|
|move|p1a: TNT|Earthquake|p2a: Rhydon
|-supereffective|p2a: Rhydon
|-damage|p2a: Rhydon|174\/413
|move|p2a: Rhydon|Earthquake|p1a: TNT
|-supereffective|p1a: TNT
|-damage|p1a: TNT|61\/363
|
|turn|18
|
|move|p1a: TNT|Earthquake|p2a: Rhydon
|-supereffective|p2a: Rhydon
|-damage|p2a: Rhydon|0 fnt
|faint|p2a: Rhydon
|
|
|switch|p2a: Tauros|Tauros|353\/353
|turn|19
|
|move|p2a: Tauros|Blizzard|p1a: TNT
|-crit|p1a: TNT
|-supereffective|p1a: TNT
|-damage|p1a: TNT|0 fnt
|faint|p1a: TNT
|
|
|switch|p1a: That's Bull|Tauros|353\/353
|turn|20
|
|move|p2a: Tauros|Body Slam|p1a: That's Bull
|-damage|p1a: That's Bull|256\/353
|move|p1a: That's Bull|Body Slam|p2a: Tauros
|-damage|p2a: Tauros|257\/353
|
|turn|21
|
|move|p2a: Tauros|Body Slam|p1a: That's Bull
|-damage|p1a: That's Bull|151\/353
|move|p1a: That's Bull|Body Slam|p2a: Tauros
|-damage|p2a: Tauros|147\/353
|
|turn|22
|
|move|p2a: Tauros|Hyper Beam|p1a: That's Bull
|-damage|p1a: That's Bull|0 fnt
|faint|p1a: That's Bull
|
|
|switch|p1a: Big Pecker|Zapdos|383\/383
|turn|23
|
|move|p2a: Tauros|Body Slam|p1a: Big Pecker
|-damage|p1a: Big Pecker|277\/383
|move|p1a: Big Pecker|Thunderbolt|p2a: Tauros
|-damage|p2a: Tauros|0 fnt
|faint|p2a: Tauros
|
|
|switch|p2a: Alakazam|Alakazam|195\/313 par
|turn|24
|
|move|p1a: Big Pecker|Drill Peck|p2a: Alakazam
|-damage|p2a: Alakazam|63\/313 par
|move|p2a: Alakazam|Thunder Wave|p1a: Big Pecker
|-status|p1a: Big Pecker|par
|
|turn|25
|
|move|p2a: Alakazam|Recover|p2a: Alakazam
|-heal|p2a: Alakazam|219\/313 par
|move|p1a: Big Pecker|Drill Peck|p2a: Alakazam
|-damage|p2a: Alakazam|90\/313 par
|
|turn|26
|
|move|p2a: Alakazam|Reflect|p2a: Alakazam
|move|p1a: Big Pecker|Drill Peck|p2a: Alakazam
|-damage|p2a: Alakazam|14\/313 par
|
|turn|27
|
|move|p2a: Alakazam|Recover|p2a: Alakazam
|-heal|p2a: Alakazam|170\/313 par
|move|p1a: Big Pecker|Drill Peck|p2a: Alakazam
|-damage|p2a: Alakazam|96\/313 par
|
|turn|28
|
|move|p2a: Alakazam|Recover|p2a: Alakazam
|-heal|p2a: Alakazam|252\/313 par
|move|p1a: Big Pecker|Drill Peck|p2a: Alakazam
|-damage|p2a: Alakazam|183\/313 par
|
|turn|29
|
|switch|p1a: Zam Lead|Alakazam|313\/313 slp
|cant|p2a: Alakazam|par
|
|turn|30
|
|cant|p1a: Zam Lead|slp
|move|p2a: Alakazam|Recover|p2a: Alakazam
|-heal|p2a: Alakazam|313\/313 par
|
|turn|31
|
|switch|p2a: Snorlax|Snorlax|523\/523
|cant|p1a: Zam Lead|slp
|
|turn|32
|
|cant|p1a: Zam Lead|slp
|-curestatus|p1a: Zam Lead|slp
|move|p2a: Snorlax|Body Slam|p1a: Zam Lead
|-damage|p1a: Zam Lead|134\/313
|
|turn|33
|
|move|p1a: Zam Lead|Thunder Wave|p2a: Snorlax
|-status|p2a: Snorlax|par
|cant|p2a: Snorlax|par
|
|turn|34
|
|move|p1a: Zam Lead|Recover|p1a: Zam Lead
|-heal|p1a: Zam Lead|290\/313
|cant|p2a: Snorlax|par
|
|turn|35
|
|move|p1a: Zam Lead|Psychic|p2a: Snorlax
|-damage|p2a: Snorlax|365\/523 par
|move|p2a: Snorlax|Body Slam|p1a: Zam Lead
|-damage|p1a: Zam Lead|131\/313
|
|turn|36
|
|move|p1a: Zam Lead|Recover|p1a: Zam Lead
|-heal|p1a: Zam Lead|287\/313
|move|p2a: Snorlax|Body Slam|p1a: Zam Lead
|-damage|p1a: Zam Lead|119\/313
|
|turn|37
|
|move|p1a: Zam Lead|Psychic|p2a: Snorlax
|-damage|p2a: Snorlax|183\/523 par
|move|p2a: Snorlax|Body Slam|p1a: Zam Lead
|-damage|p1a: Zam Lead|0 fnt
|faint|p1a: Zam Lead
|
|
|switch|p1a: Big Pecker|Zapdos|277\/383 par
|turn|38
|
|cant|p1a: Big Pecker|par
|cant|p2a: Snorlax|par
|
|turn|39
|
|cant|p1a: Big Pecker|par
|move|p2a: Snorlax|Self-Destruct|p1a: Big Pecker
|-damage|p1a: Big Pecker|0 fnt
|faint|p1a: Big Pecker
|faint|p2a: Snorlax
|
|switch|p2a: Alakazam|Alakazam|313\/313 par
|switch|p1a: Breakfast Pouch|Chansey|461\/703 par
|turn|40
|
|cant|p2a: Alakazam|par
|cant|p1a: Breakfast Pouch|par
|
|turn|41
|
|move|p2a: Alakazam|Psychic|p1a: Breakfast Pouch
|-crit|p1a: Breakfast Pouch
|-damage|p1a: Breakfast Pouch|208\/703 par
|move|p1a: Breakfast Pouch|Soft-Boiled|p1a: Breakfast Pouch
|-heal|p1a: Breakfast Pouch|559\/703 par
|
|turn|42
|
|move|p2a: Alakazam|Psychic|p1a: Breakfast Pouch
|-damage|p1a: Breakfast Pouch|424\/703 par
|move|p1a: Breakfast Pouch|Soft-Boiled|p1a: Breakfast Pouch
|-heal|p1a: Breakfast Pouch|703\/703 par
|
|turn|43
|
|move|p2a: Alakazam|Psychic|p1a: Breakfast Pouch
|-damage|p1a: Breakfast Pouch|579\/703 par
|cant|p1a: Breakfast Pouch|par
|
|turn|44
|chat|ggc|gib drops
|
|move|p2a: Alakazam|Psychic|p1a: Breakfast Pouch
|-damage|p1a: Breakfast Pouch|454\/703 par
|cant|p1a: Breakfast Pouch|par
|
|turn|45
|
|move|p2a: Alakazam|Psychic|p1a: Breakfast Pouch
|-damage|p1a: Breakfast Pouch|336\/703 par
|cant|p1a: Breakfast Pouch|par
|
|turn|46
|chat|kid gf lol|no drops 
|
|move|p2a: Alakazam|Psychic|p1a: Breakfast Pouch
|-crit|p1a: Breakfast Pouch
|-damage|p1a: Breakfast Pouch|74\/703 par
|move|p1a: Breakfast Pouch|Soft-Boiled|p1a: Breakfast Pouch
|-heal|p1a: Breakfast Pouch|425\/703 par
|
|turn|47
|
|move|p2a: Alakazam|Psychic|p1a: Breakfast Pouch
|-damage|p1a: Breakfast Pouch|308\/703 par
|move|p1a: Breakfast Pouch|Soft-Boiled|p1a: Breakfast Pouch
|-heal|p1a: Breakfast Pouch|659\/703 par
|
|turn|48
|chat|ggc|seriously...
|
|cant|p2a: Alakazam|par
|move|p1a: Breakfast Pouch|Thunderbolt|p2a: Alakazam
|-damage|p2a: Alakazam|247\/313 par
|
|turn|49
|chat|kid gf lol|is this reflect or stoss
|
|cant|p2a: Alakazam|par
|move|p1a: Breakfast Pouch|Thunderbolt|p2a: Alakazam
|-damage|p2a: Alakazam|180\/313 par
|
|turn|50
|chat|ggc|reflect
|chat|ggc|but it doesn't matter either way
|chat|ggc|I have more pp
|
|move|p2a: Alakazam|Recover|p2a: Alakazam
|-heal|p2a: Alakazam|313\/313 par
|move|p1a: Breakfast Pouch|Thunderbolt|p2a: Alakazam
|-damage|p2a: Alakazam|248\/313 par
|
|turn|51
|
|move|p2a: Alakazam|Psychic|p1a: Breakfast Pouch
|-damage|p1a: Breakfast Pouch|541\/703 par
|-unboost|p1a: Breakfast Pouch|spd|1
|-unboost|p1a: Breakfast Pouch|spa|1
|move|p1a: Breakfast Pouch|Thunderbolt|p2a: Alakazam
|-damage|p2a: Alakazam|205\/313 par
|
|turn|52
|
|move|p2a: Alakazam|Psychic|p1a: Breakfast Pouch
|-crit|p1a: Breakfast Pouch
|-damage|p1a: Breakfast Pouch|299\/703 par
|-unboost|p1a: Breakfast Pouch|spd|1
|-unboost|p1a: Breakfast Pouch|spa|1
|cant|p1a: Breakfast Pouch|par
|
|turn|53
|
|cant|p2a: Alakazam|par
|move|p1a: Breakfast Pouch|Soft-Boiled|p1a: Breakfast Pouch
|-heal|p1a: Breakfast Pouch|650\/703 par
|
|turn|54
|
|move|p2a: Alakazam|Psychic|p1a: Breakfast Pouch
|-damage|p1a: Breakfast Pouch|394\/703 par
|move|p1a: Breakfast Pouch|Soft-Boiled|p1a: Breakfast Pouch
|-heal|p1a: Breakfast Pouch|703\/703 par
|
|turn|55
|
|move|p2a: Alakazam|Recover|p2a: Alakazam
|-heal|p2a: Alakazam|313\/313 par
|move|p1a: Breakfast Pouch|Thunderbolt|p2a: Alakazam
|-damage|p2a: Alakazam|281\/313 par
|
|turn|56
|
|cant|p2a: Alakazam|par
|move|p1a: Breakfast Pouch|Thunderbolt|p2a: Alakazam
|-damage|p2a: Alakazam|248\/313 par
|
|turn|57
|
|move|p2a: Alakazam|Psychic|p1a: Breakfast Pouch
|-damage|p1a: Breakfast Pouch|447\/703 par
|move|p1a: Breakfast Pouch|Thunderbolt|p2a: Alakazam
|-damage|p2a: Alakazam|216\/313 par
|
|turn|58
|chat|kid gf lol|how many psychics lol
|
|cant|p2a: Alakazam|par
|move|p1a: Breakfast Pouch|Soft-Boiled|p1a: Breakfast Pouch
|-heal|p1a: Breakfast Pouch|703\/703 par
|
|turn|59
|
|move|p2a: Alakazam|Psychic|p1a: Breakfast Pouch
|-damage|p1a: Breakfast Pouch|461\/703 par
|move|p1a: Breakfast Pouch|Thunderbolt|p2a: Alakazam
|-damage|p2a: Alakazam|186\/313 par
|
|turn|60
|
|move|p2a: Alakazam|Psychic|p1a: Breakfast Pouch
|-damage|p1a: Breakfast Pouch|210\/703 par
|move|p1a: Breakfast Pouch|Soft-Boiled|p1a: Breakfast Pouch
|-heal|p1a: Breakfast Pouch|561\/703 par
|
|turn|61
|
|move|p2a: Alakazam|Psychic|p1a: Breakfast Pouch
|-damage|p1a: Breakfast Pouch|288\/703 par
|-unboost|p1a: Breakfast Pouch|spd|1
|-unboost|p1a: Breakfast Pouch|spa|1
|move|p1a: Breakfast Pouch|Soft-Boiled|p1a: Breakfast Pouch
|-heal|p1a: Breakfast Pouch|639\/703 par
|
|turn|62
|
|move|p2a: Alakazam|Recover|p2a: Alakazam
|-heal|p2a: Alakazam|313\/313 par
|move|p1a: Breakfast Pouch|Soft-Boiled|p1a: Breakfast Pouch
|-heal|p1a: Breakfast Pouch|703\/703 par
|
|turn|63
|chat|ggc|I'm out
|chat|ggc|what's your total pp
|chat|kid gf lol|umm
|chat|kid gf lol|67
|chat|ggc|85
|
|move|p2a: Alakazam|Reflect|p2a: Alakazam
|move|p1a: Breakfast Pouch|Thunderbolt|p2a: Alakazam
|-damage|p2a: Alakazam|288\/313 par
|
|turn|64
|
|move|p2a: Alakazam|Reflect|p2a: Alakazam
|-fail|p2a: Alakazam
|move|p1a: Breakfast Pouch|Thunderbolt|p2a: Alakazam|[miss]
|-miss|p1a: Breakfast Pouch
|
|turn|65
|
|cant|p2a: Alakazam|par
|move|p1a: Breakfast Pouch|Thunder Wave|p2a: Alakazam
|-fail|p2a: Alakazam|par
|
|turn|66
|
|move|p2a: Alakazam|Reflect|p2a: Alakazam
|-fail|p2a: Alakazam
|move|p1a: Breakfast Pouch|Thunder Wave|p2a: Alakazam
|-fail|p2a: Alakazam|par
|
|turn|67
|
|cant|p2a: Alakazam|par
|cant|p1a: Breakfast Pouch|par
|
|turn|68
|
|move|p2a: Alakazam|Reflect|p2a: Alakazam
|-fail|p2a: Alakazam
|move|p1a: Breakfast Pouch|Thunder Wave|p2a: Alakazam
|-fail|p2a: Alakazam|par
|
|turn|69
|
|move|p2a: Alakazam|Reflect|p2a: Alakazam
|-fail|p2a: Alakazam
|move|p1a: Breakfast Pouch|Thunder Wave|p2a: Alakazam
|-fail|p2a: Alakazam|par
|
|turn|70
|
|cant|p2a: Alakazam|par
|cant|p1a: Breakfast Pouch|par
|
|turn|71
|
|cant|p2a: Alakazam|par
|move|p1a: Breakfast Pouch|Thunder Wave|p2a: Alakazam
|-fail|p2a: Alakazam|par
|
|turn|72
|chat|ggc|props on that golem rotation
|chat|ggc|that was clever
|
|move|p2a: Alakazam|Reflect|p2a: Alakazam
|-fail|p2a: Alakazam
|cant|p1a: Breakfast Pouch|par
|
|turn|73
|
|move|p2a: Alakazam|Reflect|p2a: Alakazam
|-fail|p2a: Alakazam
|cant|p1a: Breakfast Pouch|par
|
|turn|74
|
|move|p2a: Alakazam|Reflect|p2a: Alakazam
|-fail|p2a: Alakazam
|move|p1a: Breakfast Pouch|Thunder Wave|p2a: Alakazam
|-fail|p2a: Alakazam|par
|
|turn|75
|
|move|p2a: Alakazam|Reflect|p2a: Alakazam
|-fail|p2a: Alakazam
|move|p1a: Breakfast Pouch|Thunder Wave|p2a: Alakazam
|-fail|p2a: Alakazam|par
|
|turn|76
|
|move|p2a: Alakazam|Reflect|p2a: Alakazam
|-fail|p2a: Alakazam
|cant|p1a: Breakfast Pouch|par
|
|turn|77
|chat|kid gf lol|was scared it was too obvious lol
|
|move|p2a: Alakazam|Reflect|p2a: Alakazam
|-fail|p2a: Alakazam
|move|p1a: Breakfast Pouch|Thunder Wave|p2a: Alakazam
|-fail|p2a: Alakazam|par
|
|turn|78
|chat|ggc|well know I know about it
|chat|ggc|and I can check with quake
|chat|ggc|since I lose nothing
|
|move|p2a: Alakazam|Reflect|p2a: Alakazam
|-fail|p2a: Alakazam
|move|p1a: Breakfast Pouch|Thunder Wave|p2a: Alakazam
|-fail|p2a: Alakazam|par
|
|turn|79
|
|move|p2a: Alakazam|Reflect|p2a: Alakazam
|-fail|p2a: Alakazam
|move|p1a: Breakfast Pouch|Thunder Wave|p2a: Alakazam
|-fail|p2a: Alakazam|par
|
|turn|80
|
|cant|p2a: Alakazam|par
|move|p1a: Breakfast Pouch|Thunder Wave|p2a: Alakazam
|-fail|p2a: Alakazam|par
|
|turn|81
|
|cant|p2a: Alakazam|par
|move|p1a: Breakfast Pouch|Thunder Wave|p2a: Alakazam
|-fail|p2a: Alakazam|par
|
|turn|82
|
|move|p2a: Alakazam|Reflect|p2a: Alakazam
|-fail|p2a: Alakazam
|cant|p1a: Breakfast Pouch|par
|
|turn|83
|
|move|p2a: Alakazam|Reflect|p2a: Alakazam
|-fail|p2a: Alakazam
|cant|p1a: Breakfast Pouch|par
|
|turn|84
|
|cant|p2a: Alakazam|par
|move|p1a: Breakfast Pouch|Thunder Wave|p2a: Alakazam
|-fail|p2a: Alakazam|par
|
|turn|85
|
|move|p2a: Alakazam|Reflect|p2a: Alakazam
|-fail|p2a: Alakazam
|move|p1a: Breakfast Pouch|Thunder Wave|p2a: Alakazam
|-fail|p2a: Alakazam|par
|
|turn|86
|
|move|p2a: Alakazam|Reflect|p2a: Alakazam
|-fail|p2a: Alakazam
|move|p1a: Breakfast Pouch|Thunder Wave|p2a: Alakazam
|-fail|p2a: Alakazam|par
|
|turn|87
|
|move|p2a: Alakazam|Reflect|p2a: Alakazam
|-fail|p2a: Alakazam
|move|p1a: Breakfast Pouch|Thunder Wave|p2a: Alakazam
|-fail|p2a: Alakazam|par
|
|turn|88
|
|move|p2a: Alakazam|Reflect|p2a: Alakazam
|-fail|p2a: Alakazam
|move|p1a: Breakfast Pouch|Thunder Wave|p2a: Alakazam
|-fail|p2a: Alakazam|par
|
|turn|89
|
|move|p2a: Alakazam|Reflect|p2a: Alakazam
|-fail|p2a: Alakazam
|move|p1a: Breakfast Pouch|Thunder Wave|p2a: Alakazam
|-fail|p2a: Alakazam|par
|
|turn|90
|
|move|p2a: Alakazam|Reflect|p2a: Alakazam
|-fail|p2a: Alakazam
|move|p1a: Breakfast Pouch|Thunder Wave|p2a: Alakazam
|-fail|p2a: Alakazam|par
|
|turn|91
|
|move|p2a: Alakazam|Reflect|p2a: Alakazam
|-fail|p2a: Alakazam
|cant|p1a: Breakfast Pouch|par
|
|turn|92
|
|move|p2a: Alakazam|Reflect|p2a: Alakazam
|-fail|p2a: Alakazam
|move|p1a: Breakfast Pouch|Thunder Wave|p2a: Alakazam
|-fail|p2a: Alakazam|par
|
|turn|93
|
|move|p2a: Alakazam|Reflect|p2a: Alakazam
|-fail|p2a: Alakazam
|move|p1a: Breakfast Pouch|Thunder Wave|p2a: Alakazam
|-fail|p2a: Alakazam|par
|
|turn|94
|
|move|p2a: Alakazam|Reflect|p2a: Alakazam
|-fail|p2a: Alakazam
|move|p1a: Breakfast Pouch|Thunder Wave|p2a: Alakazam
|-fail|p2a: Alakazam|par
|
|turn|95
|
|cant|p2a: Alakazam|par
|move|p1a: Breakfast Pouch|Thunder Wave|p2a: Alakazam
|-fail|p2a: Alakazam|par
|
|turn|96
|
|move|p2a: Alakazam|Reflect|p2a: Alakazam
|-fail|p2a: Alakazam
|move|p1a: Breakfast Pouch|Thunder Wave|p2a: Alakazam
|-fail|p2a: Alakazam|par
|
|turn|97
|
|cant|p2a: Alakazam|par
|cant|p1a: Breakfast Pouch|par
|
|turn|98
|
|cant|p2a: Alakazam|par
|move|p1a: Breakfast Pouch|Thunder Wave|p2a: Alakazam
|-fail|p2a: Alakazam|par
|
|turn|99
|
|cant|p2a: Alakazam|par
|move|p1a: Breakfast Pouch|Thunder Wave|p2a: Alakazam
|-fail|p2a: Alakazam|par
|
|turn|100
|
|move|p2a: Alakazam|Reflect|p2a: Alakazam
|-fail|p2a: Alakazam
|cant|p1a: Breakfast Pouch|par
|
|turn|101
|
|move|p2a: Alakazam|Reflect|p2a: Alakazam
|-fail|p2a: Alakazam
|move|p1a: Breakfast Pouch|Thunder Wave|p2a: Alakazam
|-fail|p2a: Alakazam|par
|
|turn|102
|
|move|p2a: Alakazam|Reflect|p2a: Alakazam
|-fail|p2a: Alakazam
|move|p1a: Breakfast Pouch|Thunder Wave|p2a: Alakazam
|-fail|p2a: Alakazam|par
|
|turn|103
|
|cant|p2a: Alakazam|par
|move|p1a: Breakfast Pouch|Thunder Wave|p2a: Alakazam
|-fail|p2a: Alakazam|par
|
|turn|104
|
|move|p2a: Alakazam|Reflect|p2a: Alakazam
|-fail|p2a: Alakazam
|cant|p1a: Breakfast Pouch|par
|
|turn|105
|
|move|p2a: Alakazam|Thunder Wave|p1a: Breakfast Pouch
|-fail|p1a: Breakfast Pouch|par
|move|p1a: Breakfast Pouch|Thunder Wave|p2a: Alakazam
|-fail|p2a: Alakazam|par
|
|turn|106
|
|move|p2a: Alakazam|Thunder Wave|p1a: Breakfast Pouch
|-fail|p1a: Breakfast Pouch|par
|move|p1a: Breakfast Pouch|Thunder Wave|p2a: Alakazam
|-fail|p2a: Alakazam|par
|
|turn|107
|
|move|p2a: Alakazam|Thunder Wave|p1a: Breakfast Pouch
|-fail|p1a: Breakfast Pouch|par
|cant|p1a: Breakfast Pouch|par
|
|turn|108
|
|move|p2a: Alakazam|Thunder Wave|p1a: Breakfast Pouch
|-fail|p1a: Breakfast Pouch|par
|move|p1a: Breakfast Pouch|Soft-Boiled|p1a: Breakfast Pouch
|-fail|p1a: Breakfast Pouch
|
|turn|109
|
|move|p2a: Alakazam|Thunder Wave|p1a: Breakfast Pouch
|-fail|p1a: Breakfast Pouch|par
|move|p1a: Breakfast Pouch|Soft-Boiled|p1a: Breakfast Pouch
|-fail|p1a: Breakfast Pouch
|
|turn|110
|
|move|p2a: Alakazam|Thunder Wave|p1a: Breakfast Pouch
|-fail|p1a: Breakfast Pouch|par
|move|p1a: Breakfast Pouch|Soft-Boiled|p1a: Breakfast Pouch
|-fail|p1a: Breakfast Pouch
|
|turn|111
|
|move|p2a: Alakazam|Thunder Wave|p1a: Breakfast Pouch
|-fail|p1a: Breakfast Pouch|par
|move|p1a: Breakfast Pouch|Soft-Boiled|p1a: Breakfast Pouch
|-fail|p1a: Breakfast Pouch
|
|turn|112
|
|move|p2a: Alakazam|Thunder Wave|p1a: Breakfast Pouch
|-fail|p1a: Breakfast Pouch|par
|move|p1a: Breakfast Pouch|Soft-Boiled|p1a: Breakfast Pouch
|-fail|p1a: Breakfast Pouch
|
|turn|113
|
|move|p2a: Alakazam|Thunder Wave|p1a: Breakfast Pouch
|-fail|p1a: Breakfast Pouch|par
|move|p1a: Breakfast Pouch|Thunderbolt|p2a: Alakazam
|-damage|p2a: Alakazam|264\/313 par
|
|turn|114
|
|cant|p2a: Alakazam|par
|move|p1a: Breakfast Pouch|Thunderbolt|p2a: Alakazam
|-crit|p2a: Alakazam
|-damage|p2a: Alakazam|131\/313 par
|
|turn|115
|
|move|p2a: Alakazam|Recover|p2a: Alakazam
|-heal|p2a: Alakazam|287\/313 par
|move|p1a: Breakfast Pouch|Thunderbolt|p2a: Alakazam
|-damage|p2a: Alakazam|263\/313 par
|
|turn|116
|
|move|p2a: Alakazam|Recover|p2a: Alakazam
|-heal|p2a: Alakazam|313\/313 par
|move|p1a: Breakfast Pouch|Thunderbolt|p2a: Alakazam
|-damage|p2a: Alakazam|289\/313 par
|
|turn|117
|
|move|p2a: Alakazam|Thunder Wave|p1a: Breakfast Pouch
|-fail|p1a: Breakfast Pouch|par
|cant|p1a: Breakfast Pouch|par
|
|turn|118
|
|move|p2a: Alakazam|Thunder Wave|p1a: Breakfast Pouch
|-fail|p1a: Breakfast Pouch|par
|cant|p1a: Breakfast Pouch|par
|
|turn|119
|
|cant|p2a: Alakazam|par
|move|p1a: Breakfast Pouch|Thunderbolt|p2a: Alakazam
|-damage|p2a: Alakazam|263\/313 par
|
|turn|120
|
|move|p2a: Alakazam|Recover|p2a: Alakazam
|-heal|p2a: Alakazam|313\/313 par
|cant|p1a: Breakfast Pouch|par
|
|turn|121
|
|move|p2a: Alakazam|Thunder Wave|p1a: Breakfast Pouch
|-fail|p1a: Breakfast Pouch|par
|move|p1a: Breakfast Pouch|Thunderbolt|p2a: Alakazam
|-damage|p2a: Alakazam|286\/313 par
|
|turn|122
|
|move|p2a: Alakazam|Thunder Wave|p1a: Breakfast Pouch
|-fail|p1a: Breakfast Pouch|par
|move|p1a: Breakfast Pouch|Thunderbolt|p2a: Alakazam
|-damage|p2a: Alakazam|262\/313 par
|
|turn|123
|
|cant|p2a: Alakazam|par
|cant|p1a: Breakfast Pouch|par
|
|turn|124
|chat|kid gf lol|i had like 300 people in my gen1 game the other day
|chat|kid gf lol|was like the last of 4 games or so when restart
|
|move|p2a: Alakazam|Recover|p2a: Alakazam
|-heal|p2a: Alakazam|313\/313 par
|cant|p1a: Breakfast Pouch|par
|
|turn|125
|chat|ggc|ah
|
|cant|p2a: Alakazam|par
|move|p1a: Breakfast Pouch|Thunderbolt|p2a: Alakazam
|-crit|p2a: Alakazam
|-damage|p2a: Alakazam|194\/313 par
|
|turn|126
|
|move|p2a: Alakazam|Recover|p2a: Alakazam
|-heal|p2a: Alakazam|313\/313 par
|move|p1a: Breakfast Pouch|Thunderbolt|p2a: Alakazam
|-damage|p2a: Alakazam|287\/313 par
|
|turn|127
|
|move|p2a: Alakazam|Thunder Wave|p1a: Breakfast Pouch
|-fail|p1a: Breakfast Pouch|par
|move|p1a: Breakfast Pouch|Thunderbolt|p2a: Alakazam
|-damage|p2a: Alakazam|264\/313 par
|
|turn|128
|
|cant|p2a: Alakazam|par
|cant|p1a: Breakfast Pouch|par
|
|turn|129
|
|cant|p2a: Alakazam|par
|cant|p1a: Breakfast Pouch|par
|
|turn|130
|
|move|p2a: Alakazam|Recover|p2a: Alakazam
|-heal|p2a: Alakazam|313\/313 par
|cant|p1a: Breakfast Pouch|par
|
|turn|131
|
|move|p2a: Alakazam|Thunder Wave|p1a: Breakfast Pouch
|-fail|p1a: Breakfast Pouch|par
|move|p1a: Breakfast Pouch|Thunderbolt|p2a: Alakazam
|-crit|p2a: Alakazam
|-damage|p2a: Alakazam|190\/313 par
|
|turn|132
|
|move|p2a: Alakazam|Recover|p2a: Alakazam
|-heal|p2a: Alakazam|313\/313 par
|move|p1a: Breakfast Pouch|Ice Beam|p2a: Alakazam
|-damage|p2a: Alakazam|286\/313 par
|
|turn|133
|
|move|p2a: Alakazam|Thunder Wave|p1a: Breakfast Pouch
|-fail|p1a: Breakfast Pouch|par
|move|p1a: Breakfast Pouch|Ice Beam|p2a: Alakazam
|-damage|p2a: Alakazam|261\/313 par
|
|turn|134
|
|move|p2a: Alakazam|Thunder Wave|p1a: Breakfast Pouch
|-fail|p1a: Breakfast Pouch|par
|cant|p1a: Breakfast Pouch|par
|
|turn|135
|
|move|p2a: Alakazam|Thunder Wave|p1a: Breakfast Pouch
|-fail|p1a: Breakfast Pouch|par
|move|p1a: Breakfast Pouch|Ice Beam|p2a: Alakazam
|-damage|p2a: Alakazam|237\/313 par
|
|turn|136
|
|move|p2a: Alakazam|Recover|p2a: Alakazam
|-heal|p2a: Alakazam|313\/313 par
|move|p1a: Breakfast Pouch|Ice Beam|p2a: Alakazam
|-damage|p2a: Alakazam|288\/313 par
|
|turn|137
|chat|ggc|what's your pp at
|chat|kid gf lol|14
|
|move|p2a: Alakazam|Thunder Wave|p1a: Breakfast Pouch
|-fail|p1a: Breakfast Pouch|par
|move|p1a: Breakfast Pouch|Ice Beam|p2a: Alakazam
|-damage|p2a: Alakazam|263\/313 par
|
|turn|138
|chat|ggc|28 here
|
|cant|p2a: Alakazam|par
|move|p1a: Breakfast Pouch|Ice Beam|p2a: Alakazam
|-damage|p2a: Alakazam|238\/313 par
|
|turn|139
|
|move|p2a: Alakazam|Recover|p2a: Alakazam
|-heal|p2a: Alakazam|313\/313 par
|move|p1a: Breakfast Pouch|Ice Beam|p2a: Alakazam
|-damage|p2a: Alakazam|289\/313 par
|
|turn|140
|
|move|p2a: Alakazam|Thunder Wave|p1a: Breakfast Pouch
|-fail|p1a: Breakfast Pouch|par
|cant|p1a: Breakfast Pouch|par
|
|turn|141
|
|move|p2a: Alakazam|Thunder Wave|p1a: Breakfast Pouch
|-fail|p1a: Breakfast Pouch|par
|move|p1a: Breakfast Pouch|Ice Beam|p2a: Alakazam
|-crit|p2a: Alakazam
|-damage|p2a: Alakazam|163\/313 par
|
|turn|142
|
|cant|p2a: Alakazam|par
|cant|p1a: Breakfast Pouch|par
|
|turn|143
|
|move|p2a: Alakazam|Recover|p2a: Alakazam
|-heal|p2a: Alakazam|313\/313 par
|cant|p1a: Breakfast Pouch|par
|
|turn|144
|
|move|p2a: Alakazam|Thunder Wave|p1a: Breakfast Pouch
|-fail|p1a: Breakfast Pouch|par
|move|p1a: Breakfast Pouch|Thunderbolt|p2a: Alakazam
|-damage|p2a: Alakazam|289\/313 par
|
|turn|145
|
|move|p2a: Alakazam|Thunder Wave|p1a: Breakfast Pouch
|-fail|p1a: Breakfast Pouch|par
|move|p1a: Breakfast Pouch|Ice Beam|p2a: Alakazam
|-crit|p2a: Alakazam
|-damage|p2a: Alakazam|166\/313 par
|
|turn|146
|
|cant|p2a: Alakazam|par
|move|p1a: Breakfast Pouch|Ice Beam|p2a: Alakazam
|-damage|p2a: Alakazam|142\/313 par
|
|turn|147
|
|move|p2a: Alakazam|Recover|p2a: Alakazam
|-heal|p2a: Alakazam|298\/313 par
|cant|p1a: Breakfast Pouch|par
|
|turn|148
|
|move|p2a: Alakazam|Thunder Wave|p1a: Breakfast Pouch
|-fail|p1a: Breakfast Pouch|par
|move|p1a: Breakfast Pouch|Ice Beam|p2a: Alakazam
|-damage|p2a: Alakazam|271\/313 par
|
|turn|149
|
|move|p2a: Alakazam|Thunder Wave|p1a: Breakfast Pouch
|-fail|p1a: Breakfast Pouch|par
|move|p1a: Breakfast Pouch|Ice Beam|p2a: Alakazam
|-damage|p2a: Alakazam|246\/313 par
|
|turn|150
|
|move|p2a: Alakazam|Recover|p2a: Alakazam
|-heal|p2a: Alakazam|313\/313 par
|cant|p1a: Breakfast Pouch|par
|
|turn|151
|
|cant|p2a: Alakazam|par
|move|p1a: Breakfast Pouch|Ice Beam|p2a: Alakazam
|-damage|p2a: Alakazam|289\/313 par
|
|turn|152
|
|move|p2a: Alakazam|Thunder Wave|p1a: Breakfast Pouch
|-fail|p1a: Breakfast Pouch|par
|move|p1a: Breakfast Pouch|Ice Beam|p2a: Alakazam
|-damage|p2a: Alakazam|262\/313 par
|
|turn|153
|chat|kid gf lol|i think you have this
|chat|kid gf lol|i have won one of these before though
|
|move|p2a: Alakazam|Recover|p2a: Alakazam
|-heal|p2a: Alakazam|313\/313 par
|move|p1a: Breakfast Pouch|Ice Beam|p2a: Alakazam
|-damage|p2a: Alakazam|286\/313 par
|
|turn|154
|
|move|p2a: Alakazam|Thunder Wave|p1a: Breakfast Pouch
|-fail|p1a: Breakfast Pouch|par
|move|p1a: Breakfast Pouch|Ice Beam|p2a: Alakazam
|-damage|p2a: Alakazam|260\/313 par
|
|turn|155
|chat|ggc|ya
|chat|ggc|I've seen kel in a few of them
|
|cant|p2a: Alakazam|par
|move|p1a: Breakfast Pouch|Soft-Boiled|p1a: Breakfast Pouch
|-fail|p1a: Breakfast Pouch
|
|turn|156
|
|move|p2a: Alakazam|Recover|p2a: Alakazam
|-heal|p2a: Alakazam|313\/313 par
|-message|Breakfast Pouch has no moves left! (placeholder)
|move|p1a: Breakfast Pouch|Struggle|p2a: Alakazam
|-crit|p2a: Alakazam
|-damage|p2a: Alakazam|287\/313 par
|-damage|p1a: Breakfast Pouch|690\/703 par|[from] recoil|[of] p2a: Alakazam
|
|turn|157
|
|cant|p2a: Alakazam|par
|-message|Breakfast Pouch has no moves left! (placeholder)
|move|p1a: Breakfast Pouch|Struggle|p2a: Alakazam
|-damage|p2a: Alakazam|275\/313 par
|-damage|p1a: Breakfast Pouch|684\/703 par|[from] recoil|[of] p2a: Alakazam
|
|turn|158
|chat|kid gf lol|struggle will hurt you alot
|chat|kid gf lol|even when you do it
|
|cant|p2a: Alakazam|par
|cant|p1a: Breakfast Pouch|par
|
|turn|159
|
|cant|p2a: Alakazam|par
|cant|p1a: Breakfast Pouch|par
|
|turn|160
|
|cant|p2a: Alakazam|par
|cant|p1a: Breakfast Pouch|par
|
|turn|161
|
|move|p2a: Alakazam|Thunder Wave|p1a: Breakfast Pouch
|-fail|p1a: Breakfast Pouch|par
|-message|Breakfast Pouch has no moves left! (placeholder)
|move|p1a: Breakfast Pouch|Struggle|p2a: Alakazam
|-damage|p2a: Alakazam|262\/313 par
|-damage|p1a: Breakfast Pouch|677\/703 par|[from] recoil|[of] p2a: Alakazam
|
|turn|162
|
|move|p2a: Alakazam|Thunder Wave|p1a: Breakfast Pouch
|-fail|p1a: Breakfast Pouch|par
|cant|p1a: Breakfast Pouch|par
|
|turn|163
|
|cant|p2a: Alakazam|par
|cant|p1a: Breakfast Pouch|par
|
|turn|164
|
|move|p2a: Alakazam|Thunder Wave|p1a: Breakfast Pouch
|-fail|p1a: Breakfast Pouch|par
|-message|Breakfast Pouch has no moves left! (placeholder)
|move|p1a: Breakfast Pouch|Struggle|p2a: Alakazam
|-damage|p2a: Alakazam|250\/313 par
|-damage|p1a: Breakfast Pouch|671\/703 par|[from] recoil|[of] p2a: Alakazam
|
|turn|165
|chat|ggc|you actually won this I think
|chat|kid gf lol|how many pp
|
|move|p2a: Alakazam|Recover|p2a: Alakazam
|-heal|p2a: Alakazam|313\/313 par
|cant|p1a: Breakfast Pouch|par
|
|turn|166
|chat|kid gf lol|this should be good lol
|chat|ggc|10
|
|move|p2a: Alakazam|Recover|p2a: Alakazam
|-fail|p2a: Alakazam
|-message|Breakfast Pouch has no moves left! (placeholder)
|move|p1a: Breakfast Pouch|Struggle|p2a: Alakazam
|-damage|p2a: Alakazam|300\/313 par
|-damage|p1a: Breakfast Pouch|664\/703 par|[from] recoil|[of] p2a: Alakazam
|
|turn|167
|
|move|p2a: Alakazam|Recover|p2a: Alakazam
|-heal|p2a: Alakazam|313\/313 par
|-message|Breakfast Pouch has no moves left! (placeholder)
|move|p1a: Breakfast Pouch|Struggle|p2a: Alakazam
|-damage|p2a: Alakazam|300\/313 par
|-damage|p1a: Breakfast Pouch|657\/703 par|[from] recoil|[of] p2a: Alakazam
|
|turn|168
|
|move|p2a: Alakazam|Recover|p2a: Alakazam
|-heal|p2a: Alakazam|313\/313 par
|-message|Breakfast Pouch has no moves left! (placeholder)
|move|p1a: Breakfast Pouch|Struggle|p2a: Alakazam
|-damage|p2a: Alakazam|301\/313 par
|-damage|p1a: Breakfast Pouch|651\/703 par|[from] recoil|[of] p2a: Alakazam
|
|turn|169
|chat|ggc|although...
|chat|ggc|idk how much dmg I'll do
|
|cant|p2a: Alakazam|par
|cant|p1a: Breakfast Pouch|par
|
|turn|170
|chat|kid gf lol|you can crit struggle lol
|
|move|p2a: Alakazam|Recover|p2a: Alakazam
|-heal|p2a: Alakazam|313\/313 par
|cant|p1a: Breakfast Pouch|par
|
|turn|171
|chat|kid gf lol|you have better crit odds
|chat|ggc|chansey has like 5 def
|chat|ggc|I might win
|chat|ggc|It depends
|join|biscuitous
|
|move|p2a: Alakazam|Recover|p2a: Alakazam
|-fail|p2a: Alakazam
|-message|Breakfast Pouch has no moves left! (placeholder)
|move|p1a: Breakfast Pouch|Struggle|p2a: Alakazam
|-damage|p2a: Alakazam|300\/313 par
|-damage|p1a: Breakfast Pouch|644\/703 par|[from] recoil|[of] p2a: Alakazam
|
|turn|172
|
|cant|p2a: Alakazam|par
|-message|Breakfast Pouch has no moves left! (placeholder)
|move|p1a: Breakfast Pouch|Struggle|p2a: Alakazam
|-damage|p2a: Alakazam|288\/313 par
|-damage|p1a: Breakfast Pouch|638\/703 par|[from] recoil|[of] p2a: Alakazam
|
|turn|173
|
|move|p2a: Alakazam|Recover|p2a: Alakazam
|-heal|p2a: Alakazam|313\/313 par
|-message|Breakfast Pouch has no moves left! (placeholder)
|move|p1a: Breakfast Pouch|Struggle|p2a: Alakazam
|-damage|p2a: Alakazam|300\/313 par
|-damage|p1a: Breakfast Pouch|631\/703 par|[from] recoil|[of] p2a: Alakazam
|
|turn|174
|chat|kid gf lol|reflect really helps you here
|
|cant|p2a: Alakazam|par
|-message|Breakfast Pouch has no moves left! (placeholder)
|move|p1a: Breakfast Pouch|Struggle|p2a: Alakazam
|-damage|p2a: Alakazam|287\/313 par
|-damage|p1a: Breakfast Pouch|624\/703 par|[from] recoil|[of] p2a: Alakazam
|
|turn|175
|
|move|p2a: Alakazam|Recover|p2a: Alakazam
|-heal|p2a: Alakazam|313\/313 par
|-message|Breakfast Pouch has no moves left! (placeholder)
|move|p1a: Breakfast Pouch|Struggle|p2a: Alakazam
|-damage|p2a: Alakazam|301\/313 par
|-damage|p1a: Breakfast Pouch|618\/703 par|[from] recoil|[of] p2a: Alakazam
|
|turn|176
|
|move|p2a: Alakazam|Recover|p2a: Alakazam
|-heal|p2a: Alakazam|313\/313 par
|-message|Breakfast Pouch has no moves left! (placeholder)
|move|p1a: Breakfast Pouch|Struggle|p2a: Alakazam
|-damage|p2a: Alakazam|301\/313 par
|-damage|p1a: Breakfast Pouch|612\/703 par|[from] recoil|[of] p2a: Alakazam
|
|turn|177
|
|move|p2a: Alakazam|Recover|p2a: Alakazam
|-heal|p2a: Alakazam|313\/313 par
|-message|Breakfast Pouch has no moves left! (placeholder)
|move|p1a: Breakfast Pouch|Struggle|p2a: Alakazam
|-damage|p2a: Alakazam|301\/313 par
|-damage|p1a: Breakfast Pouch|606\/703 par|[from] recoil|[of] p2a: Alakazam
|
|turn|178
|
|move|p2a: Alakazam|Recover|p2a: Alakazam
|-heal|p2a: Alakazam|313\/313 par
|-message|Breakfast Pouch has no moves left! (placeholder)
|move|p1a: Breakfast Pouch|Struggle|p2a: Alakazam
|-damage|p2a: Alakazam|301\/313 par
|-damage|p1a: Breakfast Pouch|600\/703 par|[from] recoil|[of] p2a: Alakazam
|
|turn|179
|chat|ggc|yeah it does
|chat|kid gf lol|i think you won off reflect
|
|cant|p2a: Alakazam|par
|cant|p1a: Breakfast Pouch|par
|
|turn|180
|
|cant|p2a: Alakazam|par
|-message|Breakfast Pouch has no moves left! (placeholder)
|move|p1a: Breakfast Pouch|Struggle|p2a: Alakazam
|-damage|p2a: Alakazam|288\/313 par
|-damage|p1a: Breakfast Pouch|593\/703 par|[from] recoil|[of] p2a: Alakazam
|
|turn|181
|
|-message|Alakazam has no moves left! (placeholder)
|move|p2a: Alakazam|Struggle|p1a: Breakfast Pouch
|-crit|p1a: Breakfast Pouch
|-damage|p1a: Breakfast Pouch|439\/703 par
|-damage|p2a: Alakazam|211\/313 par|[from] recoil|[of] p1a: Breakfast Pouch
|-message|Breakfast Pouch has no moves left! (placeholder)
|move|p1a: Breakfast Pouch|Struggle|p2a: Alakazam
|-crit|p2a: Alakazam
|-damage|p2a: Alakazam|184\/313 par
|-damage|p1a: Breakfast Pouch|425\/703 par|[from] recoil|[of] p2a: Alakazam
|
|turn|182
|chat|ggc|how much dmg will I do
|chat|kid gf lol|whoa there
|chat|ggc|ah fuck
|chat|ggc|the recoil
|
|-message|Alakazam has no moves left! (placeholder)
|move|p2a: Alakazam|Struggle|p1a: Breakfast Pouch
|-crit|p1a: Breakfast Pouch
|-damage|p1a: Breakfast Pouch|285\/703 par
|-damage|p2a: Alakazam|114\/313 par|[from] recoil|[of] p1a: Breakfast Pouch
|cant|p1a: Breakfast Pouch|par
|
|turn|183
|chat|ggc|god dammit
|chat|ggc|I lose
|
|-message|Alakazam has no moves left! (placeholder)
|move|p2a: Alakazam|Struggle|p1a: Breakfast Pouch
|-damage|p1a: Breakfast Pouch|217\/703 par
|-damage|p2a: Alakazam|80\/313 par|[from] recoil|[of] p1a: Breakfast Pouch
|-message|Breakfast Pouch has no moves left! (placeholder)
|move|p1a: Breakfast Pouch|Struggle|p2a: Alakazam
|-damage|p2a: Alakazam|68\/313 par
|-damage|p1a: Breakfast Pouch|211\/703 par|[from] recoil|[of] p2a: Alakazam
|
|turn|184
|chat|biscuitous|omg
|
|-message|Alakazam has no moves left! (placeholder)
|move|p2a: Alakazam|Struggle|p1a: Breakfast Pouch
|-crit|p1a: Breakfast Pouch
|-damage|p1a: Breakfast Pouch|74\/703 par
|-damage|p2a: Alakazam|0 fnt|[from] recoil|[of] p1a: Breakfast Pouch
|faint|p2a: Alakazam
|
|win|kid gf lol
|raw|Ladder updating...
|raw|kid gf lol's rating: 1403 &rarr; <strong>1420<\/strong><br \/>(+17 for winning)
|raw|ggc's rating: 1342 &rarr; <strong>1326<\/strong><br \/>(-16 for losing)
|chat|ggc|bullshit
|chat|kid gf lol|wow
|chat|biscuitous|WOW
|leave|biscuitous
|chat|ggc|why didn't psychic just fucking kill you
|chat|ggc|gfg
|chat|kid gf lol|gg lol
|leave|ggc
|player|p2