|join|MALESANI
|join|Di Vincenzo
|player|p1|MALESANI|238
|player|p2|Di Vincenzo|153
|gametype|singles
|gen|1
|tier|[Gen 1] Random Battle
|rated
|seed|55756,31719,41773,36204
|rule|Sleep Clause Mod: Limit one foe put to sleep
|rule|Freeze Clause Mod: Limit one foe frozen
|rule|HP Percentage Mod: HP is shown in percentages
|
|start
|switch|p1a: Alakazam|Alakazam, L79|249\/249
|switch|p2a: Growlithe|Growlithe, L96|300\/300
|turn|1
|choice|move 1|move 4
|
|move|p1a: Alakazam|Psychic|p2a: Growlithe
|-damage|p2a: Growlithe|167\/300
|-unboost|p2a: Growlithe|spd|1
|-unboost|p2a: Growlithe|spa|1
|move|p2a: Growlithe|Mimic|p1a: Alakazam
|-start|p2a: Growlithe|Mimic|Psychic
|
|turn|2
|choice|move 1|move 2
|
|move|p1a: Alakazam|Psychic|p2a: Growlithe
|-damage|p2a: Growlithe|0 fnt
|faint|p2a: Growlithe
|choice||switch 3
|
|switch|p2a: Jolteon|Jolteon, L79|265\/265
|turn|3
|choice|switch 3|move 2
|
|switch|p1a: Dratini|Dratini, L96|274\/274
|move|p2a: Jolteon|Pin Missile|p1a: Dratini
|-damage|p1a: Dratini|265\/274
|-damage|p1a: Dratini|256\/274
|-hitcount|p1a: Dratini|2
|
|turn|4
|choice|move 3|switch 5
|
|switch|p2a: Porygon|Porygon, L85|284\/284
|move|p1a: Dratini|Thunder Wave|p2a: Porygon
|-status|p2a: Porygon|par
|
|turn|5
|choice|switch 5|move 3
|
|switch|p1a: Weezing|Weezing, L90|300\/300
|cant|p2a: Porygon|par
|
|turn|6
|choice|move 4|move 4
|
|move|p1a: Weezing|Sludge|p2a: Porygon
|-damage|p2a: Porygon|192\/284 par
|move|p2a: Porygon|Tri Attack|p1a: Weezing
|-damage|p1a: Weezing|255\/300
|
|turn|7
|choice|move 4|switch 2
|
|switch|p2a: Geodude|Geodude, L96|272\/272
|move|p1a: Weezing|Sludge|p2a: Geodude
|-resisted|p2a: Geodude
|-damage|p2a: Geodude|257\/272
|
|turn|8
|choice|move 3|move 3
|
|move|p1a: Weezing|Fire Blast|p2a: Geodude
|-resisted|p2a: Geodude
|-damage|p2a: Geodude|187\/272
|-status|p2a: Geodude|brn
|move|p2a: Geodude|Earthquake|p1a: Weezing
|-supereffective|p1a: Weezing
|-damage|p1a: Weezing|158\/300
|-damage|p2a: Geodude|170\/272 brn|[from] brn|[of] p1a: Weezing
|
|turn|9
|choice|move 3|move 2
|
|move|p1a: Weezing|Fire Blast|p2a: Geodude
|-resisted|p2a: Geodude
|-damage|p2a: Geodude|106\/272 brn
|move|p2a: Geodude|Explosion|p1a: Weezing
|-damage|p1a: Weezing|60\/300
|faint|p2a: Geodude
|choice||switch 5
|
|switch|p2a: Jolteon|Jolteon, L79|265\/265
|turn|10
|choice|move 1|move 1
|
|move|p2a: Jolteon|Thunderbolt|p1a: Weezing
|-crit|p1a: Weezing
|-damage|p1a: Weezing|0 fnt
|faint|p1a: Weezing
|choice|switch 5|
|
|switch|p1a: Dratini|Dratini, L96|256\/274
|turn|11
|choice|move 3|move 3
|
|move|p2a: Jolteon|Sand Attack|p1a: Dratini
|-unboost|p1a: Dratini|accuracy|1
|move|p1a: Dratini|Thunder Wave|p2a: Jolteon
|-status|p2a: Jolteon|par
|
|turn|12
|choice|switch 4|switch 2
|
|switch|p1a: Ponyta|Ponyta, L96|291\/291
|switch|p2a: Porygon|Porygon, L85|192\/284 par
|
|turn|13
|choice|move 2|move 1
|
|move|p1a: Ponyta|Body Slam|p2a: Porygon
|-damage|p2a: Porygon|110\/284 par
|move|p2a: Porygon|Recover|p2a: Porygon
|-heal|p2a: Porygon|252\/284 par
|
|turn|14
|choice|move 3|move 4
|
|move|p1a: Ponyta|Reflect|p1a: Ponyta
|-start|p1a: Ponyta|Reflect
|move|p2a: Porygon|Tri Attack|p1a: Ponyta
|-damage|p1a: Ponyta|252\/291
|
|turn|15
|choice|move 2|move 2
|
|move|p1a: Ponyta|Body Slam|p2a: Porygon
|-damage|p2a: Porygon|169\/284 par
|move|p2a: Porygon|Double-Edge|p1a: Ponyta
|-damage|p1a: Ponyta|203\/291
|-damage|p2a: Porygon|157\/284 par|[from] recoil|[of] p1a: Ponyta
|
|turn|16
|choice|move 2|switch 6
|
|switch|p2a: Alakazam|Alakazam, L79|249\/249
|move|p1a: Ponyta|Body Slam|p2a: Alakazam
|-damage|p2a: Alakazam|143\/249
|
|turn|17
|choice|move 2|move 2
|
|move|p2a: Alakazam|Recover|p2a: Alakazam
|-heal|p2a: Alakazam|249\/249
|move|p1a: Ponyta|Body Slam|p2a: Alakazam
|-damage|p2a: Alakazam|148\/249
|-status|p2a: Alakazam|par
|
|turn|18
|choice|move 2|move 2
|
|move|p1a: Ponyta|Body Slam|p2a: Alakazam
|-damage|p2a: Alakazam|45\/249 par
|move|p2a: Alakazam|Recover|p2a: Alakazam
|-heal|p2a: Alakazam|169\/249 par
|
|turn|19
|choice|move 2|move 4
|
|move|p1a: Ponyta|Body Slam|p2a: Alakazam
|-damage|p2a: Alakazam|59\/249 par
|move|p2a: Alakazam|Thunder Wave|p1a: Ponyta
|-status|p1a: Ponyta|par
|
|turn|20
|choice|move 2|move 1
|
|move|p2a: Alakazam|Psychic|p1a: Ponyta
|-crit|p1a: Ponyta
|-damage|p1a: Ponyta|0 fnt
|faint|p1a: Ponyta
|choice|switch 6|
|
|switch|p1a: Persian|Persian, L79|265\/265
|turn|21
|choice|move 3|move 4
|
|move|p1a: Persian|Body Slam|p2a: Alakazam
|-damage|p2a: Alakazam|0 fnt
|faint|p2a: Alakazam
|choice||switch 4
|
|switch|p2a: Gloom|Gloom, L90|291\/291
|turn|22
|choice|move 3|move 2
|
|move|p1a: Persian|Body Slam|p2a: Gloom
|-damage|p2a: Gloom|224\/291
|move|p2a: Gloom|Sleep Powder|p1a: Persian
|-status|p1a: Persian|slp
|
|turn|23
|choice|switch 2|move 4
|
|switch|p1a: Zapdos|Zapdos, L79|304\/304
|move|p2a: Gloom|Swords Dance|p2a: Gloom
|-boost|p2a: Gloom|atk|2
|
|turn|24
|choice|move 3|move 3
|
|move|p1a: Zapdos|Thunder Wave|p2a: Gloom
|-status|p2a: Gloom|par
|move|p2a: Gloom|Double-Edge|p1a: Zapdos
|-damage|p1a: Zapdos|161\/304
|-damage|p2a: Gloom|189\/291 par|[from] recoil|[of] p1a: Zapdos
|
|turn|25
|choice|move 1|move 3
|
|move|p1a: Zapdos|Drill Peck|p2a: Gloom
|-supereffective|p2a: Gloom
|-damage|p2a: Gloom|35\/291 par
|move|p2a: Gloom|Double-Edge|p1a: Zapdos
|-damage|p1a: Zapdos|19\/304
|-damage|p2a: Gloom|0 fnt|[from] recoil|[of] p1a: Zapdos
|faint|p2a: Gloom
|choice||switch 2
|
|switch|p2a: Jolteon|Jolteon, L79|265\/265 par
|turn|26
|choice|move 2|move 1
|
|move|p1a: Zapdos|Thunderbolt|p2a: Jolteon
|-resisted|p2a: Jolteon
|-damage|p2a: Jolteon|220\/265 par
|move|p2a: Jolteon|Thunderbolt|p1a: Zapdos
|-damage|p1a: Zapdos|0 fnt
|faint|p1a: Zapdos
|choice|switch 4|
|
|switch|p1a: Dratini|Dratini, L96|256\/274
|turn|27
|choice|move 4|move 3
|
|move|p1a: Dratini|Agility|p1a: Dratini
|-boost|p1a: Dratini|spe|2
|cant|p2a: Jolteon|par
|
|turn|28
|choice|move 2|move 3
|
|move|p1a: Dratini|Blizzard|p2a: Jolteon
|-damage|p2a: Jolteon|148\/265 par
|move|p2a: Jolteon|Sand Attack|p1a: Dratini
|-unboost|p1a: Dratini|accuracy|1
|
|turn|29
|choice|switch 2|switch 6
|
|switch|p1a: Persian|Persian, L79|265\/265 slp
|switch|p2a: Porygon|Porygon, L85|157\/284 par
|
|turn|30
|choice|move 1|move 1
|
|cant|p1a: Persian|slp
|cant|p2a: Porygon|par
|
|turn|31
|choice|move 4|move 1
|
|-curestatus|p1a: Persian|slp
|cant|p2a: Porygon|par
|
|turn|32
|choice|move 4|move 1
|
|move|p1a: Persian|Screech|p2a: Porygon
|-unboost|p2a: Porygon|def|2
|move|p2a: Porygon|Recover|p2a: Porygon
|-heal|p2a: Porygon|284\/284 par
|
|turn|33
|choice|move 1|switch 6
|
|switch|p2a: Jolteon|Jolteon, L79|148\/265 par
|move|p1a: Persian|Slash|p2a: Jolteon
|-crit|p2a: Jolteon
|-damage|p2a: Jolteon|1\/265 par
|
|turn|34
|choice|move 3|move 1
|
|move|p1a: Persian|Body Slam|p2a: Jolteon
|-damage|p2a: Jolteon|0 fnt
|faint|p2a: Jolteon
|-message|Di Vincenzo forfeited.
|
|win|MALESANI
|leave|Di Vincenzo
|player|p2
|raw|MALESANI's rating: 1283 &rarr; <strong>1293<\/strong><br \/>(+10 for winning)
|raw|Di Vincenzo's rating: 1048 &rarr; <strong>1041<\/strong><br \/>(-7 for losing)