|join|Disaster Area
|join|yippeeee
|player|p1|Disaster Area|32
|player|p2|yippeeee|102
|gametype|singles
|gen|1
|tier|[Gen 1] OU
|rule|Sleep Clause Mod: Limit one foe put to sleep
|rule|Freeze Clause Mod: Limit one foe frozen
|rule|Species Clause: Limit one of each Pokémon
|rule|OHKO Clause: OHKO moves are banned
|rule|Evasion Moves Clause: Evasion moves are banned
|rule|HP Percentage Mod: HP is shown in percentages
|
|start
|switch|p1a: Alakazam|Alakazam|313\/313
|switch|p2a: Gengar|Gengar|323\/323
|turn|1
|c|★Disaster Area|about 8 of the teams are from marcoasd, most of the rest of the teams in it are mine
|c|★Disaster Area|gl hf
|c|★yippeeee|u2
|
|switch|p2a: Chansey|Chansey|703\/703
|move|p1a: Alakazam|Psychic|p2a: Chansey
|-damage|p2a: Chansey|574\/703
|
|turn|2
|
|switch|p1a: Chansey|Chansey|703\/703
|move|p2a: Chansey|Thunder Wave|p1a: Chansey
|-status|p1a: Chansey|par
|
|turn|3
|
|switch|p2a: Kingler|Kingler|313\/313
|move|p1a: Chansey|Sing|p2a: Kingler
|-status|p2a: Kingler|slp
|
|turn|4
|c|★Disaster Area|it really depends a bit on your moveset and the team but i'd say it's probably pretty normal to throw out ice beams before you para; on some teams though getting that aggressive early para on chansey can be very beneficial
|c|★Disaster Area|kingler should be saved for late-game :>
|c|★Disaster Area|once there's a bit of stuff para'd
|c|★yippeeee|ah yeah
|c|★Disaster Area|and mons like
|c|★Disaster Area|lapras, cloyster, exeggutor
|c|★Disaster Area|are weakened
|c|★yippeeee|k
|c|★yippeeee|and chansey gets sing
|c|★yippeeee|woah
|c|★Disaster Area|yah
|c|★Disaster Area|sing chansey is good
|
|cant|p2a: Kingler|slp
|move|p1a: Chansey|Thunder Wave|p2a: Kingler
|-fail|p2a: Kingler
|
|turn|5
|c|★Disaster Area|:>
|c|★Disaster Area|especially since you can catch
|c|★Disaster Area|some pretty important mons
|c|★Disaster Area|out with it
|c|★Disaster Area|same with sing lapras
|c|★Disaster Area|nothing much else gets sleep that you won't see out of the lead slot
|c|★Disaster Area|that isn't pretty poor
|
|switch|p1a: Lapras|Lapras|463\/463
|cant|p2a: Kingler|slp
|
|turn|6
|c|★yippeeee|ah
|
|switch|p2a: Chansey|Chansey|574\/703
|move|p1a: Lapras|Thunderbolt|p2a: Chansey
|-damage|p2a: Chansey|502\/703
|
|turn|7
|c|★Disaster Area|also bear in mind you don't do anything on the turn that you wake up
|
|move|p1a: Lapras|Confuse Ray|p2a: Chansey
|-start|p2a: Chansey|confusion
|-activate|p2a: Chansey|confusion
|-damage|p2a: Chansey|467\/703|[from] confusion
|
|turn|8
|
|move|p1a: Lapras|Blizzard|p2a: Chansey
|-damage|p2a: Chansey|325\/703
|-activate|p2a: Chansey|confusion
|move|p2a: Chansey|Soft-Boiled|p2a: Chansey
|-heal|p2a: Chansey|676\/703
|
|turn|9
|
|switch|p2a: Kingler|Kingler|313\/313 slp
|move|p1a: Lapras|Blizzard|p2a: Kingler
|-resisted|p2a: Kingler
|-damage|p2a: Kingler|215\/313 slp
|
|turn|10
|
|cant|p2a: Kingler|slp
|move|p1a: Lapras|Confuse Ray|p2a: Kingler
|-start|p2a: Kingler|confusion
|
|turn|11
|
|cant|p2a: Kingler|slp
|move|p1a: Lapras|Thunderbolt|p2a: Kingler
|-crit|p2a: Kingler
|-supereffective|p2a: Kingler
|-damage|p2a: Kingler|0 fnt
|faint|p2a: Kingler
|
|switch|p2a: Zapdos|Zapdos|383\/383
|turn|12
|
|switch|p1a: Rhydon|Rhydon|413\/413
|move|p2a: Zapdos|Thunderbolt|p1a: Rhydon
|-immune|p1a: Rhydon|[msg]
|
|turn|13
|c|★Disaster Area|you managed to pick out the
|c|★Disaster Area|only team in there from raish
|c|★Disaster Area|lol
|c|★Disaster Area|but he gave me it ages ago
|c|★Disaster Area|lol
|
|switch|p2a: Exeggutor|Exeggutor|393\/393
|move|p1a: Rhydon|Earthquake|p2a: Exeggutor
|-resisted|p2a: Exeggutor
|-damage|p2a: Exeggutor|321\/393
|
|turn|14
|c|★yippeeee|i love zapdos
|c|★yippeeee|n_n
|c|★Disaster Area|zapdos is bae
|c|★Disaster Area|and really good atm
|
|switch|p1a: Chansey|Chansey|703\/703 par
|move|p2a: Exeggutor|Psychic|p1a: Chansey
|-damage|p1a: Chansey|588\/703 par
|
|turn|15
|
|switch|p2a: Chansey|Chansey|676\/703
|cant|p1a: Chansey|par
|
|turn|16
|
|move|p2a: Chansey|Thunderbolt|p1a: Chansey
|-damage|p1a: Chansey|508\/703 par
|move|p1a: Chansey|Sing|p2a: Chansey|[miss]
|-miss|p1a: Chansey
|
|turn|17
|
|switch|p2a: Gengar|Gengar|323\/323
|move|p1a: Chansey|Soft-Boiled|p1a: Chansey
|-heal|p1a: Chansey|703\/703 par
|
|turn|18
|
|move|p2a: Gengar|Hypnosis|p1a: Chansey
|-fail|p1a: Chansey
|move|p1a: Chansey|Sing|p2a: Gengar
|-status|p2a: Gengar|slp
|
|turn|19
|c|★yippeeee|would explosion had been better move here?
|
|switch|p2a: Chansey|Chansey|676\/703
|switch|p1a: Lapras|Lapras|463\/463
|
|turn|20
|c|★Disaster Area|i dunno really... I think the issue in the first place really is
|c|★Disaster Area|para-ing chansey straight up like that
|c|★Disaster Area|but yeah probably exploding
|c|★Disaster Area|lemme calc how much it does quick
|c|★Disaster Area|Gengar Explosion vs. Chansey: 513-604 (72.9 - 85.9%) -- guaranteed 2HKO
|c|★Disaster Area|yeah so if that happens
|c|★Disaster Area|I am at 28% or less
|c|★Disaster Area|then zapdos can force me out
|c|★Disaster Area|then when you go for sleep with exeggutor
|c|★Disaster Area|you can 2HKO chansey with psychic
|c|★Disaster Area|it depends on smart play, but you can do it
|
|move|p1a: Lapras|Blizzard|p2a: Chansey
|-damage|p2a: Chansey|549\/703
|move|p2a: Chansey|Thunderbolt|p1a: Lapras
|-supereffective|p1a: Lapras
|-damage|p1a: Lapras|296\/463
|
|turn|21
|
|move|p1a: Lapras|Confuse Ray|p2a: Chansey
|-start|p2a: Chansey|confusion
|-activate|p2a: Chansey|confusion
|-damage|p2a: Chansey|514\/703|[from] confusion
|
|turn|22
|
|move|p1a: Lapras|Blizzard|p2a: Chansey
|-damage|p2a: Chansey|390\/703
|-activate|p2a: Chansey|confusion
|-damage|p2a: Chansey|355\/703|[from] confusion
|
|turn|23
|
|move|p1a: Lapras|Body Slam|p2a: Chansey
|-damage|p2a: Chansey|202\/703
|-end|p2a: Chansey|confusion
|move|p2a: Chansey|Soft-Boiled|p2a: Chansey
|-heal|p2a: Chansey|553\/703
|
|turn|24
|
|move|p1a: Lapras|Confuse Ray|p2a: Chansey
|-start|p2a: Chansey|confusion
|-activate|p2a: Chansey|confusion
|move|p2a: Chansey|Thunderbolt|p1a: Lapras
|-supereffective|p1a: Lapras
|-damage|p1a: Lapras|125\/463
|
|turn|25
|
|move|p1a: Lapras|Blizzard|p2a: Chansey
|-damage|p2a: Chansey|427\/703
|-activate|p2a: Chansey|confusion
|-damage|p2a: Chansey|392\/703|[from] confusion
|
|turn|26
|
|move|p1a: Lapras|Blizzard|p2a: Chansey
|-damage|p2a: Chansey|268\/703
|-end|p2a: Chansey|confusion
|move|p2a: Chansey|Soft-Boiled|p2a: Chansey
|-heal|p2a: Chansey|619\/703
|
|turn|27
|
|switch|p1a: Chansey|Chansey|703\/703 par
|move|p2a: Chansey|Thunderbolt|p1a: Chansey
|-damage|p1a: Chansey|633\/703 par
|
|turn|28
|
|switch|p2a: Gengar|Gengar|323\/323 slp
|move|p1a: Chansey|Thunder Wave|p2a: Gengar
|-fail|p2a: Gengar
|
|turn|29
|
|switch|p2a: Tauros|Tauros|353\/353
|switch|p1a: Rhydon|Rhydon|413\/413
|
|turn|30
|
|switch|p2a: Exeggutor|Exeggutor|321\/393
|switch|p1a: Alakazam|Alakazam|313\/313
|
|turn|31
|
|switch|p1a: Chansey|Chansey|633\/703 par
|switch|p2a: Tauros|Tauros|353\/353
|
|turn|32
|
|move|p2a: Tauros|Body Slam|p1a: Chansey
|-damage|p1a: Chansey|362\/703 par
|move|p1a: Chansey|Thunder Wave|p2a: Tauros
|-status|p2a: Tauros|par
|
|turn|33
|
|switch|p1a: Exeggutor|Exeggutor|393\/393
|move|p2a: Tauros|Body Slam|p1a: Exeggutor
|-damage|p1a: Exeggutor|291\/393
|-status|p1a: Exeggutor|par
|
|turn|34
|
|switch|p2a: Chansey|Chansey|619\/703
|move|p1a: Exeggutor|Psychic|p2a: Chansey
|-damage|p2a: Chansey|503\/703
|
|turn|35
|
|switch|p1a: Chansey|Chansey|362\/703 par
|move|p2a: Chansey|Soft-Boiled|p2a: Chansey
|-heal|p2a: Chansey|703\/703
|
|turn|36
|
|switch|p2a: Exeggutor|Exeggutor|321\/393
|move|p1a: Chansey|Soft-Boiled|p1a: Chansey
|-heal|p1a: Chansey|703\/703 par
|
|turn|37
|
|move|p2a: Exeggutor|Explosion|p1a: Chansey
|-damage|p1a: Chansey|0 fnt
|faint|p1a: Chansey
|faint|p2a: Exeggutor
|
|switch|p1a: Alakazam|Alakazam|313\/313
|switch|p2a: Chansey|Chansey|703\/703
|turn|38
|
|move|p1a: Alakazam|Thunder Wave|p2a: Chansey
|-status|p2a: Chansey|par
|cant|p2a: Chansey|par
|
|turn|39
|
|switch|p1a: Exeggutor|Exeggutor|291\/393 par
|move|p2a: Chansey|Thunder Wave|p1a: Exeggutor
|-fail|p1a: Exeggutor|par
|
|turn|40
|
|cant|p1a: Exeggutor|par
|cant|p2a: Chansey|par
|
|turn|41
|
|switch|p2a: Gengar|Gengar|323\/323 slp
|move|p1a: Exeggutor|Leech Seed|p2a: Gengar|[miss]
|-miss|p1a: Exeggutor
|
|turn|42
|
|cant|p2a: Gengar|slp
|move|p1a: Exeggutor|Psychic|p2a: Gengar
|-supereffective|p2a: Gengar
|-damage|p2a: Gengar|100\/323 slp
|
|turn|43
|
|switch|p2a: Chansey|Chansey|703\/703 par
|move|p1a: Exeggutor|Psychic|p2a: Chansey
|-damage|p2a: Chansey|583\/703 par
|
|turn|44
|
|cant|p1a: Exeggutor|par
|move|p2a: Chansey|Ice Beam|p1a: Exeggutor
|-supereffective|p1a: Exeggutor
|-damage|p1a: Exeggutor|147\/393 par
|
|turn|45
|
|move|p1a: Exeggutor|Leech Seed|p2a: Chansey
|-start|p2a: Chansey|move: Leech Seed
|move|p2a: Chansey|Ice Beam|p1a: Exeggutor
|-supereffective|p1a: Exeggutor
|-damage|p1a: Exeggutor|18\/393 par
|-damage|p2a: Chansey|540\/703 par|[from] Leech Seed|[of] p1a: Exeggutor
|-heal|p1a: Exeggutor|61\/393 par|[silent]
|
|turn|46
|
|switch|p2a: Tauros|Tauros|353\/353 par
|move|p1a: Exeggutor|Psychic|p2a: Tauros
|-damage|p2a: Tauros|205\/353 par
|-unboost|p2a: Tauros|spd|1
|-unboost|p2a: Tauros|spa|1
|
|turn|47
|
|switch|p2a: Chansey|Chansey|540\/703 par
|move|p1a: Exeggutor|Psychic|p2a: Chansey
|-damage|p2a: Chansey|422\/703 par
|
|turn|48
|
|move|p1a: Exeggutor|Leech Seed|p2a: Chansey
|-start|p2a: Chansey|move: Leech Seed
|move|p2a: Chansey|Soft-Boiled|p2a: Chansey
|-heal|p2a: Chansey|703\/703 par
|-damage|p2a: Chansey|660\/703 par|[from] Leech Seed|[of] p1a: Exeggutor
|-heal|p1a: Exeggutor|104\/393 par|[silent]
|
|turn|49
|
|switch|p1a: Lapras|Lapras|125\/463
|move|p2a: Chansey|Ice Beam|p1a: Lapras
|-resisted|p1a: Lapras
|-damage|p1a: Lapras|107\/463
|-damage|p2a: Chansey|617\/703 par|[from] Leech Seed|[of] p1a: Lapras
|-heal|p1a: Lapras|150\/463|[silent]
|
|turn|50
|
|switch|p1a: Rhydon|Rhydon|413\/413
|move|p2a: Chansey|Thunderbolt|p1a: Rhydon
|-immune|p1a: Rhydon|[msg]
|-damage|p2a: Chansey|574\/703 par|[from] Leech Seed|[of] p1a: Rhydon
|
|turn|51
|
|switch|p2a: Zapdos|Zapdos|383\/383
|move|p1a: Rhydon|Substitute|p1a: Rhydon
|-start|p1a: Rhydon|Substitute
|-damage|p1a: Rhydon|310\/413
|
|turn|52
|c|★Disaster Area|gg
|c|★yippeeee|gg
|
|switch|p2a: Gengar|Gengar|100\/323 slp
|move|p1a: Rhydon|Rock Slide|p2a: Gengar
|-damage|p2a: Gengar|0 fnt
|faint|p2a: Gengar
|
|switch|p2a: Chansey|Chansey|574\/703 par
|turn|53
|
|move|p1a: Rhydon|Earthquake|p2a: Chansey
|-damage|p2a: Chansey|185\/703 par
|move|p2a: Chansey|Ice Beam|p1a: Rhydon
|-supereffective|p1a: Rhydon
|-end|p1a: Rhydon|Substitute
|
|turn|54
|
|move|p1a: Rhydon|Earthquake|p2a: Chansey
|-damage|p2a: Chansey|0 fnt
|faint|p2a: Chansey
|
|switch|p2a: Tauros|Tauros|205\/353 par
|turn|55
|
|switch|p1a: Lapras|Lapras|150\/463
|cant|p2a: Tauros|par
|
|turn|56
|
|switch|p2a: Zapdos|Zapdos|383\/383
|move|p1a: Lapras|Blizzard|p2a: Zapdos
|-crit|p2a: Zapdos
|-supereffective|p2a: Zapdos
|-damage|p2a: Zapdos|0 fnt
|faint|p2a: Zapdos
|
|switch|p2a: Tauros|Tauros|205\/353 par
|turn|57
|c|★Disaster Area|wowrip
|c|★Disaster Area|gg
|
|move|p1a: Lapras|Thunderbolt|p2a: Tauros
|-crit|p2a: Tauros
|-damage|p2a: Tauros|19\/353 par
|move|p2a: Tauros|Hyper Beam|p1a: Lapras
|-crit|p1a: Lapras
|-damage|p1a: Lapras|0 fnt
|faint|p1a: Lapras
|
|switch|p1a: Rhydon|Rhydon|310\/413
|turn|58
|c|★yippeeee|at least i killed 2 of your mons
|c|★Disaster Area|:>
|c|★Disaster Area|it's a start
|c|★Disaster Area|and every match
|c|★yippeeee|:)
|c|★Disaster Area|you learn more
|
|move|p1a: Rhydon|Body Slam|p2a: Tauros
|-damage|p2a: Tauros|0 fnt
|faint|p2a: Tauros
|
|win|Disaster Area
|c|★Disaster Area|and form opinions on pokemon and stuff
|c|★Disaster Area|:>