|j|dice
|j|fa990t
|player|p1|dice|168
|player|p2|fa990t|265
|gametype|singles
|gen|1
|tier|[Gen 1] OU
|rated
|seed|34762,53115,60981,4570
|rule|Sleep Clause Mod: Limit one foe put to sleep
|rule|Freeze Clause Mod: Limit one foe frozen
|rule|Species Clause: Limit one of each Pokémon
|rule|OHKO Clause: OHKO moves are banned
|rule|Evasion Moves Clause: Evasion moves are banned
|rule|HP Percentage Mod: HP is shown in percentages
|
|start
|switch|p1a: Jynx|Jynx|333\/333
|switch|p2a: Starmie|Starmie|323\/323
|turn|1
|c|★fa990t|gl hf
|choice|move 2|move 1
|
|move|p2a: Starmie|Psychic|p1a: Jynx
|-resisted|p1a: Jynx
|-damage|p1a: Jynx|279\/333
|-unboost|p1a: Jynx|spd|1
|-unboost|p1a: Jynx|spa|1
|move|p1a: Jynx|Lovely Kiss|p2a: Starmie
|-status|p2a: Starmie|slp
|
|turn|2
|c|★dice|u2
|choice|switch 4|switch 2
|
|switch|p2a: Chansey|Chansey|703\/703
|switch|p1a: Snorlax|Snorlax|523\/523
|
|turn|3
|choice|switch 4|move 2
|
|switch|p1a: Jynx|Jynx|279\/333
|move|p2a: Chansey|Ice Beam|p1a: Jynx
|-resisted|p1a: Jynx
|-damage|p1a: Jynx|241\/333
|
|turn|4
|choice|move 4|move 3
|
|move|p1a: Jynx|Blizzard|p2a: Chansey
|-crit|p2a: Chansey
|-damage|p2a: Chansey|450\/703
|move|p2a: Chansey|Thunderbolt|p1a: Jynx
|-damage|p1a: Jynx|161\/333
|
|turn|5
|choice|move 4|move 1
|
|move|p1a: Jynx|Blizzard|p2a: Chansey
|-damage|p2a: Chansey|316\/703
|move|p2a: Chansey|Soft-Boiled|p2a: Chansey
|-heal|p2a: Chansey|667\/703
|
|turn|6
|choice|move 4|move 3
|
|move|p1a: Jynx|Blizzard|p2a: Chansey|[miss]
|-miss|p1a: Jynx
|move|p2a: Chansey|Thunderbolt|p1a: Jynx
|-damage|p1a: Jynx|78\/333
|
|turn|7
|choice|move 3|move 3
|
|move|p1a: Jynx|Rest|p1a: Jynx
|-fail|p1a: Jynx
|move|p2a: Chansey|Thunderbolt|p1a: Jynx
|-damage|p1a: Jynx|0 fnt
|faint|p1a: Jynx
|choice|switch 6|
|
|switch|p1a: Chansey|Chansey|703\/703
|turn|8
|c|★fa990t|:P
|c|★fa990t|sorry bout that
|choice|move 1|move 2
|
|move|p1a: Chansey|Ice Beam|p2a: Chansey
|-damage|p2a: Chansey|592\/703
|move|p2a: Chansey|Ice Beam|p1a: Chansey
|-damage|p1a: Chansey|629\/703
|
|turn|9
|choice|move 1|switch 3
|
|switch|p2a: Exeggutor|Exeggutor|393\/393
|move|p1a: Chansey|Ice Beam|p2a: Exeggutor
|-supereffective|p2a: Exeggutor
|-damage|p2a: Exeggutor|262\/393
|
|turn|10
|c|★dice|it's rby.
|choice|move 1|move 2
|
|move|p2a: Exeggutor|Sleep Powder|p1a: Chansey
|-status|p1a: Chansey|slp
|cant|p1a: Chansey|slp
|
|turn|11
|choice|switch 4|move 1
|
|switch|p1a: Snorlax|Snorlax|523\/523
|move|p2a: Exeggutor|Psychic|p1a: Snorlax
|-damage|p1a: Snorlax|370\/523
|-unboost|p1a: Snorlax|spd|1
|-unboost|p1a: Snorlax|spa|1
|
|turn|12
|choice|move 1|move 1
|
|move|p2a: Exeggutor|Psychic|p1a: Snorlax
|-damage|p1a: Snorlax|114\/523
|-unboost|p1a: Snorlax|spd|1
|-unboost|p1a: Snorlax|spa|1
|move|p1a: Snorlax|Body Slam|p2a: Exeggutor
|-damage|p2a: Exeggutor|143\/393
|
|turn|13
|choice|switch 5|move 1
|
|switch|p1a: Exeggutor|Exeggutor|393\/393
|move|p2a: Exeggutor|Psychic|p1a: Exeggutor
|-resisted|p1a: Exeggutor
|-damage|p1a: Exeggutor|338\/393
|
|turn|14
|choice|switch 5|move 3
|
|switch|p1a: Snorlax|Snorlax|114\/523
|move|p2a: Exeggutor|Stun Spore|p1a: Snorlax|[miss]
|-miss|p2a: Exeggutor
|
|turn|15
|choice|switch 5|move 1
|
|switch|p1a: Exeggutor|Exeggutor|338\/393
|move|p2a: Exeggutor|Psychic|p1a: Exeggutor
|-resisted|p1a: Exeggutor
|-damage|p1a: Exeggutor|287\/393
|
|turn|16
|choice|move 1|move 4
|
|move|p1a: Exeggutor|Psychic|p2a: Exeggutor
|-resisted|p2a: Exeggutor
|-damage|p2a: Exeggutor|94\/393
|-unboost|p2a: Exeggutor|spd|1
|-unboost|p2a: Exeggutor|spa|1
|move|p2a: Exeggutor|Explosion|p1a: Exeggutor
|-damage|p1a: Exeggutor|10\/393
|faint|p2a: Exeggutor
|choice||switch 4
|
|switch|p2a: Tauros|Tauros|353\/353
|turn|17
|choice|move 1|move 1
|
|move|p2a: Tauros|Body Slam|p1a: Exeggutor
|-damage|p1a: Exeggutor|0 fnt
|faint|p1a: Exeggutor
|choice|switch 3|
|
|switch|p1a: Tauros|Tauros|353\/353
|turn|18
|choice|move 1|move 1
|
|move|p1a: Tauros|Body Slam|p2a: Tauros
|-damage|p2a: Tauros|249\/353
|move|p2a: Tauros|Body Slam|p1a: Tauros
|-damage|p1a: Tauros|241\/353
|
|turn|19
|choice|move 1|move 1
|
|move|p1a: Tauros|Body Slam|p2a: Tauros
|-crit|p2a: Tauros
|-damage|p2a: Tauros|33\/353
|move|p2a: Tauros|Body Slam|p1a: Tauros
|-damage|p1a: Tauros|137\/353
|
|turn|20
|choice|move 1|move 2
|
|move|p2a: Tauros|Hyper Beam|p1a: Tauros
|-damage|p1a: Tauros|0 fnt
|faint|p1a: Tauros
|choice|switch 2|
|
|switch|p1a: Zapdos|Zapdos|383\/383
|turn|21
|choice|move 2|move 2
|
|move|p2a: Tauros|Hyper Beam|p1a: Zapdos
|-damage|p1a: Zapdos|182\/383
|move|p1a: Zapdos|Agility|p1a: Zapdos
|-boost|p1a: Zapdos|spe|2
|
|turn|22
|-mustrecharge|p2a: Tauros
|-mustrecharge|p2a: Tauros
|choice|move 2|move 1
|
|move|p1a: Zapdos|Agility|p1a: Zapdos
|-boost|p1a: Zapdos|spe|2
|cant|p2a: Tauros|recharge
|
|turn|23
|choice|move 3|move 1
|
|move|p1a: Zapdos|Drill Peck|p2a: Tauros
|-crit|p2a: Tauros
|-damage|p2a: Tauros|0 fnt
|faint|p2a: Tauros
|choice||switch 5
|
|switch|p2a: Rhydon|Rhydon|413\/413
|turn|24
|c|★dice|ye gg
|c|★fa990t|gg
|choice|switch 4|move 2
|
|switch|p1a: Chansey|Chansey|629\/703 slp
|move|p2a: Rhydon|Rock Slide|p1a: Chansey
|-damage|p1a: Chansey|341\/703 slp
|
|turn|25
|choice|move 2|move 1
|
|cant|p1a: Chansey|slp
|move|p2a: Rhydon|Earthquake|p1a: Chansey
|-damage|p1a: Chansey|0 fnt
|faint|p1a: Chansey
|c|★dice|zarel wuz not with me
|-message|dice forfeited.
|
|win|fa990t
|raw|dice's rating: 1124 &rarr; <strong>1095<\/strong><br \/>(-29 for losing)
|raw|fa990t's rating: 1069 &rarr; <strong>1104<\/strong><br \/>(+35 for winning)
|l|dice
|player|p1