|j|FinishHonorFace
|j|Nourson
|player|p1|FinishHonorFace|211
|player|p2|Nourson|44
|gametype|singles
|gen|1
|tier|[Gen 1] Random Battle
|rated
|seed|39737,27128,33604,7263
|rule|Sleep Clause Mod: Limit one foe put to sleep
|rule|Freeze Clause Mod: Limit one foe frozen
|rule|HP Percentage Mod: HP is shown in percentages
|
|start
|switch|p1a: Rhydon|Rhydon, L79|328\/328
|switch|p2a: Poliwrath|Poliwrath, L85|327\/327
|turn|1
|choice|switch 3|move 2
|
|switch|p1a: Tangela|Tangela, L85|284\/284
|move|p2a: Poliwrath|Surf|p1a: Tangela
|-crit|p1a: Tangela
|-resisted|p1a: Tangela
|-damage|p1a: Tangela|211\/284
|
|turn|2
|choice|move 1|move 3
|
|move|p2a: Poliwrath|Blizzard|p1a: Tangela
|-supereffective|p1a: Tangela
|-damage|p1a: Tangela|84\/284
|move|p1a: Tangela|Stun Spore|p2a: Poliwrath
|-status|p2a: Poliwrath|par
|
|turn|3
|choice|move 3|move 3
|
|move|p1a: Tangela|Mega Drain|p2a: Poliwrath
|-supereffective|p2a: Poliwrath
|-damage|p2a: Poliwrath|223\/327 par
|-heal|p1a: Tangela|136\/284|[from] drain|[of] p2a: Poliwrath
|cant|p2a: Poliwrath|par
|
|turn|4
|c|★FinishHonorFace|Hey there buster
|c|★FinishHonorFace|sport
|c|★FinishHonorFace|pal
|c|★FinishHonorFace|champ
|c|★FinishHonorFace|champwell
|c|★FinishHonorFace|buddy
|c|★FinishHonorFace|ash
|choice|move 3|move 3
|
|move|p1a: Tangela|Mega Drain|p2a: Poliwrath
|-supereffective|p2a: Poliwrath
|-damage|p2a: Poliwrath|123\/327 par
|-heal|p1a: Tangela|186\/284|[from] drain|[of] p2a: Poliwrath
|move|p2a: Poliwrath|Blizzard|p1a: Tangela
|-supereffective|p1a: Tangela
|-damage|p1a: Tangela|60\/284
|-status|p1a: Tangela|frz
|
|turn|5
|choice|move 3|move 3
|
|cant|p1a: Tangela|frz
|move|p2a: Poliwrath|Blizzard|p1a: Tangela
|-supereffective|p1a: Tangela
|-damage|p1a: Tangela|0 fnt
|faint|p1a: Tangela
|choice|switch 4|
|
|switch|p1a: Jynx|Jynx, L79|265\/265
|turn|6
|choice|move 4|move 3
|
|move|p1a: Jynx|Psychic|p2a: Poliwrath
|-crit|p2a: Poliwrath
|-supereffective|p2a: Poliwrath
|-damage|p2a: Poliwrath|0 fnt
|faint|p2a: Poliwrath
|choice||switch 5
|
|switch|p2a: Raticate|Raticate, L85|267\/267
|turn|7
|choice|switch 3|move 1
|
|switch|p1a: Rhydon|Rhydon, L79|328\/328
|move|p2a: Raticate|Super Fang|p1a: Rhydon
|-damage|p1a: Rhydon|164\/328
|
|turn|8
|choice|move 3|move 3
|
|move|p2a: Raticate|Blizzard|p1a: Rhydon
|-crit|p1a: Rhydon
|-supereffective|p1a: Rhydon
|-damage|p1a: Rhydon|0 fnt
|faint|p1a: Rhydon
|choice|switch 5|
|
|switch|p1a: Jolteon|Jolteon, L79|265\/265
|turn|9
|choice|move 3|move 1
|
|move|p1a: Jolteon|Thunder Wave|p2a: Raticate
|-status|p2a: Raticate|par
|cant|p2a: Raticate|par
|
|turn|10
|choice|move 2|move 1
|
|move|p1a: Jolteon|Sand Attack|p2a: Raticate
|-unboost|p2a: Raticate|accuracy|1
|move|p2a: Raticate|Super Fang|p1a: Jolteon
|-damage|p1a: Jolteon|133\/265
|
|turn|11
|choice|move 4|switch 2
|
|switch|p2a: Lickitung|Lickitung, L90|345\/345
|move|p1a: Jolteon|Double Kick|p2a: Lickitung
|-supereffective|p2a: Lickitung
|-damage|p2a: Lickitung|315\/345
|-damage|p2a: Lickitung|285\/345
|-hitcount|p2a: Lickitung|2
|
|turn|12
|choice|move 3|move 3
|
|move|p1a: Jolteon|Thunder Wave|p2a: Lickitung
|-status|p2a: Lickitung|par
|move|p2a: Lickitung|Earthquake|p1a: Jolteon
|-supereffective|p1a: Jolteon
|-damage|p1a: Jolteon|0 fnt
|faint|p1a: Jolteon
|choice|switch 6|
|
|switch|p1a: Snorlax|Snorlax, L79|415\/415
|turn|13
|choice|move 1|move 2
|
|move|p1a: Snorlax|Amnesia|p1a: Snorlax
|-boost|p1a: Snorlax|spd|2
|-boost|p1a: Snorlax|spa|2
|move|p2a: Lickitung|Swords Dance|p2a: Lickitung
|-boost|p2a: Lickitung|atk|2
|
|turn|14
|choice|move 1|move 2
|
|move|p1a: Snorlax|Amnesia|p1a: Snorlax
|-boost|p1a: Snorlax|spd|2
|-boost|p1a: Snorlax|spa|2
|cant|p2a: Lickitung|par
|
|turn|15
|choice|move 3|move 3
|
|move|p1a: Snorlax|Surf|p2a: Lickitung
|-damage|p2a: Lickitung|121\/345 par
|move|p2a: Lickitung|Earthquake|p1a: Snorlax
|-damage|p1a: Snorlax|280\/415
|
|turn|16
|choice|move 3|switch 6
|
|switch|p2a: Venusaur|Venusaur, L85|310\/310
|move|p1a: Snorlax|Surf|p2a: Venusaur
|-resisted|p2a: Venusaur
|-damage|p2a: Venusaur|250\/310
|
|turn|17
|choice|move 2|move 4
|
|move|p2a: Venusaur|Razor Leaf|p1a: Snorlax
|-crit|p1a: Snorlax
|-damage|p1a: Snorlax|130\/415
|move|p1a: Snorlax|Blizzard|p2a: Venusaur
|-supereffective|p2a: Venusaur
|-damage|p2a: Venusaur|0 fnt
|faint|p2a: Venusaur
|choice||switch 3
|
|switch|p2a: Mewtwo|Mewtwo, L70|293\/293
|turn|18
|choice|move 3|move 2
|
|move|p2a: Mewtwo|Hyper Beam|p1a: Snorlax
|-damage|p1a: Snorlax|24\/415
|move|p1a: Snorlax|Surf|p2a: Mewtwo
|-damage|p2a: Mewtwo|175\/293
|
|turn|19
|-mustrecharge|p2a: Mewtwo
|-mustrecharge|p2a: Mewtwo
|choice|move 2|move 1
|
|cant|p2a: Mewtwo|recharge
|move|p1a: Snorlax|Blizzard|p2a: Mewtwo
|-crit|p2a: Mewtwo
|-damage|p2a: Mewtwo|86\/293
|
|turn|20
|choice|move 3|move 1
|
|move|p2a: Mewtwo|Psychic|p1a: Snorlax
|-damage|p1a: Snorlax|0 fnt
|faint|p1a: Snorlax
|choice|switch 3|
|
|switch|p1a: Jynx|Jynx, L79|265\/265
|turn|21
|choice|move 1|switch 2
|
|switch|p2a: Raticate|Raticate, L85|267\/267 par
|move|p1a: Jynx|Lovely Kiss|p2a: Raticate
|-fail|p2a: Raticate
|
|turn|22
|choice|move 3|move 1
|
|move|p1a: Jynx|Blizzard|p2a: Raticate|[miss]
|-miss|p1a: Jynx
|move|p2a: Raticate|Super Fang|p1a: Jynx
|-damage|p1a: Jynx|133\/265
|
|turn|23
|choice|move 3|move 2
|
|move|p1a: Jynx|Blizzard|p2a: Raticate
|-crit|p2a: Raticate
|-damage|p2a: Raticate|0 fnt
|faint|p2a: Raticate
|choice||switch 6
|
|switch|p2a: Lickitung|Lickitung, L90|121\/345 par
|turn|24
|choice|move 3|move 3
|
|move|p1a: Jynx|Blizzard|p2a: Lickitung
|-damage|p2a: Lickitung|0 fnt
|faint|p2a: Lickitung
|choice||switch 2
|
|switch|p2a: Mewtwo|Mewtwo, L70|86\/293
|turn|25
|choice|move 1|move 2
|
|move|p2a: Mewtwo|Hyper Beam|p1a: Jynx
|-crit|p1a: Jynx
|-damage|p1a: Jynx|0 fnt
|faint|p1a: Jynx
|choice|switch 2|
|
|switch|p1a: Wartortle|Wartortle, L85|274\/274
|turn|26
|choice|move 4|move 1
|
|move|p2a: Mewtwo|Psychic|p1a: Wartortle
|-damage|p1a: Wartortle|157\/274
|move|p1a: Wartortle|Body Slam|p2a: Mewtwo
|-damage|p2a: Mewtwo|26\/293
|-status|p2a: Mewtwo|par
|
|turn|27
|choice|move 4|move 2
|
|move|p1a: Wartortle|Body Slam|p2a: Mewtwo
|-crit|p2a: Mewtwo
|-damage|p2a: Mewtwo|0 fnt
|faint|p2a: Mewtwo
|choice||switch 4
|
|switch|p2a: Dragonite|Dragonite, L85|328\/328
|turn|28
|choice|move 2|move 3
|
|move|p2a: Dragonite|Thunderbolt|p1a: Wartortle
|-supereffective|p1a: Wartortle
|-damage|p1a: Wartortle|2\/274
|move|p1a: Wartortle|Blizzard|p2a: Dragonite
|-crit|p2a: Dragonite
|-supereffective|p2a: Dragonite
|-damage|p2a: Dragonite|0 fnt
|faint|p2a: Dragonite
|
|win|FinishHonorFace
|player|p1
|player|p2
|raw|FinishHonorFace's rating: 1234 &rarr; <strong>1260<\/strong><br \/>(+26 for winning)
|raw|Nourson's rating: 1245 &rarr; <strong>1219<\/strong><br \/>(-26 for losing)
|c|★FinishHonorFace|Gg