|join|kid gf lol
|join|BriIIance
|player|p1|kid gf lol|48
|player|p2|BriIIance|169
|gametype|singles
|gen|1
|tier|[Gen 1] OU (beta)
|rated
|rule|Sleep Clause Mod: Limit one foe put to sleep
|rule|Species Clause: Limit one of each Pokemon
|rule|OHKO Clause: OHKO moves are banned
|rule|Moody Clause: Moody is banned
|rule|Evasion Moves Clause: Evasion moves are banned
|rule|Endless Battle Clause: Forcing endless battles is banned.
|rule|HP Percentage Mod: HP is reported as percentages
|
|start
|switch|p1a: Star Role|Starmie|323\/323
|switch|p2a: Exeggutor|Exeggutor|393\/393
|turn|1
|
|move|p1a: Star Role|Blizzard|p2a: Exeggutor
|-supereffective|p2a: Exeggutor
|-damage|p2a: Exeggutor|225\/393
|move|p2a: Exeggutor|Sleep Powder|p1a: Star Role|[miss]
|-miss|p2a: Exeggutor
|
|turn|2
|
|move|p1a: Star Role|Blizzard|p2a: Exeggutor
|-supereffective|p2a: Exeggutor
|-damage|p2a: Exeggutor|60\/393
|move|p2a: Exeggutor|Sleep Powder|p1a: Star Role
|-status|p1a: Star Role|slp
|
|turn|3
|
|switch|p2a: You're gonna be pi|Starmie|323\/323
|cant|p1a: Star Role|slp
|
|turn|4
|
|switch|p1a: Egg Kangaroo|Chansey|703\/703
|move|p2a: You're gonna be pi|Thunderbolt|p1a: Egg Kangaroo
|-damage|p1a: Egg Kangaroo|636\/703
|
|turn|5
|
|switch|p2a: Lapras|Lapras|463\/463
|move|p1a: Egg Kangaroo|Ice Beam|p2a: Lapras
|-resisted|p2a: Lapras
|-damage|p2a: Lapras|444\/463
|
|turn|6
|
|move|p2a: Lapras|Confuse Ray|p1a: Egg Kangaroo
|-start|p1a: Egg Kangaroo|confusion
|-activate|p1a: Egg Kangaroo|confusion
|move|p1a: Egg Kangaroo|Thunder Wave|p2a: Lapras
|-status|p2a: Lapras|par
|
|turn|7
|
|-activate|p1a: Egg Kangaroo|confusion
|move|p1a: Egg Kangaroo|Thunderbolt|p2a: Lapras
|-supereffective|p2a: Lapras
|-damage|p2a: Lapras|297\/463 par
|move|p2a: Lapras|Body Slam|p1a: Egg Kangaroo
|-damage|p1a: Egg Kangaroo|470\/703
|
|turn|8
|
|-activate|p1a: Egg Kangaroo|confusion
|move|p1a: Egg Kangaroo|Thunderbolt|p2a: Lapras
|-supereffective|p2a: Lapras
|-damage|p2a: Lapras|141\/463 par
|move|p2a: Lapras|Body Slam|p1a: Egg Kangaroo
|-damage|p1a: Egg Kangaroo|291\/703
|
|turn|9
|
|-end|p1a: Egg Kangaroo|confusion
|move|p1a: Egg Kangaroo|Thunderbolt|p2a: Lapras
|-supereffective|p2a: Lapras
|-damage|p2a: Lapras|0 fnt
|faint|p2a: Lapras
|
|
|switch|p2a: Tauros|Tauros|353\/353
|turn|10
|
|switch|p1a: Ride Me|Lapras|463\/463
|move|p2a: Tauros|Body Slam|p1a: Ride Me
|-crit|p1a: Ride Me
|-damage|p1a: Ride Me|217\/463
|
|turn|11
|
|move|p2a: Tauros|Body Slam|p1a: Ride Me
|-damage|p1a: Ride Me|105\/463
|move|p1a: Ride Me|Blizzard|p2a: Tauros
|-damage|p2a: Tauros|186\/353
|
|turn|12
|
|move|p2a: Tauros|Body Slam|p1a: Ride Me
|-damage|p1a: Ride Me|0 fnt
|faint|p1a: Ride Me
|
|
|switch|p1a: Result of Incest|Exeggutor|393\/393
|turn|13
|
|switch|p2a: Chansey|Chansey|703\/703
|move|p1a: Result of Incest|Sleep Powder|p2a: Chansey
|-status|p2a: Chansey|slp
|
|turn|14
|
|switch|p2a: You're gonna be pi|Starmie|323\/323
|move|p1a: Result of Incest|Psychic|p2a: You're gonna be pi
|-resisted|p2a: You're gonna be pi
|-damage|p2a: You're gonna be pi|265\/323
|-unboost|p2a: You're gonna be pi|spd|1
|-unboost|p2a: You're gonna be pi|spa|1
|
|turn|15
|
|switch|p2a: Chansey|Chansey|703\/703 slp
|move|p1a: Result of Incest|Explosion|p2a: Chansey
|-damage|p2a: Chansey|24\/703 slp
|faint|p1a: Result of Incest
|
|switch|p1a: Back on the Force|Tauros|353\/353
|turn|16
|
|switch|p2a: You're gonna be pi|Starmie|265\/323
|move|p1a: Back on the Force|Body Slam|p2a: You're gonna be pi
|-damage|p2a: You're gonna be pi|158\/323
|
|turn|17
|
|move|p2a: You're gonna be pi|Thunder Wave|p1a: Back on the Force
|-status|p1a: Back on the Force|par
|move|p1a: Back on the Force|Body Slam|p2a: You're gonna be pi
|-damage|p2a: You're gonna be pi|50\/323
|-status|p2a: You're gonna be pi|par
|
|turn|18
|
|cant|p2a: You're gonna be pi|par
|cant|p1a: Back on the Force|par
|
|turn|19
|
|move|p2a: You're gonna be pi|Recover|p2a: You're gonna be pi
|-heal|p2a: You're gonna be pi|211\/323 par
|move|p1a: Back on the Force|Body Slam|p2a: You're gonna be pi
|-damage|p2a: You're gonna be pi|97\/323 par
|
|turn|20
|
|move|p2a: You're gonna be pi|Recover|p2a: You're gonna be pi
|-heal|p2a: You're gonna be pi|258\/323 par
|move|p1a: Back on the Force|Body Slam|p2a: You're gonna be pi
|-damage|p2a: You're gonna be pi|147\/323 par
|
|turn|21
|
|move|p2a: You're gonna be pi|Recover|p2a: You're gonna be pi
|-heal|p2a: You're gonna be pi|308\/323 par
|cant|p1a: Back on the Force|par
|
|turn|22
|
|switch|p2a: Golem|Golem|363\/363
|switch|p1a: Egg Kangaroo|Chansey|291\/703
|
|turn|23
|
|switch|p2a: You're gonna be pi|Starmie|308\/323 par
|move|p1a: Egg Kangaroo|Soft-Boiled|p1a: Egg Kangaroo
|-heal|p1a: Egg Kangaroo|642\/703
|
|turn|24
|
|move|p1a: Egg Kangaroo|Ice Beam|p2a: You're gonna be pi
|-resisted|p2a: You're gonna be pi
|-damage|p2a: You're gonna be pi|273\/323 par
|move|p2a: You're gonna be pi|Psychic|p1a: Egg Kangaroo
|-damage|p1a: Egg Kangaroo|547\/703
|
|turn|25
|
|move|p1a: Egg Kangaroo|Thunderbolt|p2a: You're gonna be pi
|-supereffective|p2a: You're gonna be pi
|-damage|p2a: You're gonna be pi|117\/323 par
|move|p2a: You're gonna be pi|Thunder Wave|p1a: Egg Kangaroo
|-status|p1a: Egg Kangaroo|par
|
|turn|26
|
|move|p2a: You're gonna be pi|Recover|p2a: You're gonna be pi
|-heal|p2a: You're gonna be pi|278\/323 par
|move|p1a: Egg Kangaroo|Thunderbolt|p2a: You're gonna be pi
|-crit|p2a: You're gonna be pi
|-supereffective|p2a: You're gonna be pi
|-damage|p2a: You're gonna be pi|0 fnt
|faint|p2a: You're gonna be pi
|
|
|switch|p2a: Exeggutor|Exeggutor|60\/393
|turn|27
|
|move|p2a: Exeggutor|Explosion|p1a: Egg Kangaroo
|-damage|p1a: Egg Kangaroo|0 fnt
|faint|p1a: Egg Kangaroo
|faint|p2a: Exeggutor
|
|switch|p1a: Back on the Force|Tauros|353\/353 par
|switch|p2a: Golem|Golem|363\/363
|turn|28
|
|move|p2a: Golem|Earthquake|p1a: Back on the Force
|-damage|p1a: Back on the Force|215\/353 par
|move|p1a: Back on the Force|Blizzard|p2a: Golem
|-supereffective|p2a: Golem
|-damage|p2a: Golem|139\/363
|
|turn|29
|
|switch|p1a: Star Role|Starmie|323\/323 slp
|move|p2a: Golem|Earthquake|p1a: Star Role
|-damage|p1a: Star Role|189\/323 slp
|
|turn|30
|
|cant|p1a: Star Role|slp
|move|p2a: Golem|Earthquake|p1a: Star Role
|-damage|p1a: Star Role|61\/323 slp
|
|turn|31
|
|cant|p1a: Star Role|slp
|move|p2a: Golem|Earthquake|p1a: Star Role
|-damage|p1a: Star Role|0 fnt
|faint|p1a: Star Role
|
|
|switch|p1a: TNT|Golem|363\/363
|turn|32
|
|move|p1a: TNT|Earthquake|p2a: Golem
|-supereffective|p2a: Golem
|-damage|p2a: Golem|0 fnt
|faint|p2a: Golem
|
|
|switch|p2a: Tauros|Tauros|186\/353
|turn|33
|
|switch|p2a: Chansey|Chansey|24\/703 slp
|move|p1a: TNT|Earthquake|p2a: Chansey
|-damage|p2a: Chansey|0 fnt
|faint|p2a: Chansey
|
|
|switch|p2a: Tauros|Tauros|186\/353
|turn|34
|
|move|p2a: Tauros|Blizzard|p1a: TNT
|-crit|p1a: TNT
|-supereffective|p1a: TNT
|-damage|p1a: TNT|0 fnt
|faint|p1a: TNT
|
|
|switch|p1a: Back on the Force|Tauros|215\/353 par
|turn|35
|
|move|p2a: Tauros|Body Slam|p1a: Back on the Force
|-damage|p1a: Back on the Force|106\/353 par
|cant|p1a: Back on the Force|par
|
|turn|36
|chat|kid gf lol|ok
|
|move|p2a: Tauros|Hyper Beam|p1a: Back on the Force
|-damage|p1a: Back on the Force|0 fnt
|faint|p1a: Back on the Force
|
|win|BriIIance
|raw|Ladder updating...
|raw|kid gf lol's rating: 1429 &rarr; <strong>1397<\/strong><br \/>(-32 for losing)
|raw|BriIIance's rating: 1191 &rarr; <strong>1231<\/strong><br \/>(+40 for winning)
|leave|kid gf lol
|player|p1