|join|luc1993
|join|ggc
|player|p1|luc1993|153
|player|p2|ggc|209
|gametype|singles
|gen|1
|tier|[Gen 1] OU (beta)
|rated
|rule|Sleep Clause Mod: Limit one foe put to sleep
|rule|Species Clause: Limit one of each Pokemon
|rule|OHKO Clause: OHKO moves are banned
|rule|Moody Clause: Moody is banned
|rule|Evasion Moves Clause: Evasion moves are banned
|rule|Endless Battle Clause: Forcing endless battles is banned.
|rule|HP Percentage Mod: HP is reported as percentages
|
|start
|switch|p1a: Venusaur|Venusaur|363\/363
|switch|p2a: Jynx|Jynx|333\/333
|turn|1
|
|move|p2a: Jynx|Lovely Kiss|p1a: Venusaur
|-status|p1a: Venusaur|slp
|cant|p1a: Venusaur|slp
|
|turn|2
|
|switch|p1a: Lapras|Lapras|463\/463
|move|p2a: Jynx|Blizzard|p1a: Lapras
|-resisted|p1a: Lapras
|-damage|p1a: Lapras|427\/463
|
|turn|3
|
|move|p2a: Jynx|Psychic|p1a: Lapras
|-damage|p1a: Lapras|315\/463
|move|p1a: Lapras|Body Slam|p2a: Jynx
|-damage|p2a: Jynx|236\/333
|
|turn|4
|
|move|p1a: Lapras|Body Slam|p2a: Jynx
|-damage|p2a: Jynx|135\/333
|move|p2a: Jynx|Counter|p1a: Lapras
|-damage|p1a: Lapras|113\/463
|
|turn|5
|
|move|p2a: Jynx|Psychic|p1a: Lapras
|-damage|p1a: Lapras|0 fnt
|faint|p1a: Lapras
|
|
|switch|p1a: Snorlax|Snorlax|523\/523
|turn|6
|join|MechaTech
|
|move|p2a: Jynx|Blizzard|p1a: Snorlax
|-damage|p1a: Snorlax|358\/523
|move|p1a: Snorlax|Body Slam|p2a: Jynx
|-damage|p2a: Jynx|0 fnt
|faint|p2a: Jynx
|
|
|switch|p2a: Alakazam|Alakazam|313\/313
|turn|7
|
|move|p2a: Alakazam|Reflect|p2a: Alakazam
|move|p1a: Snorlax|Body Slam|p2a: Alakazam
|-damage|p2a: Alakazam|233\/313
|-status|p2a: Alakazam|par
|
|turn|8
|leave|MechaTech
|
|move|p1a: Snorlax|Self-Destruct|p2a: Alakazam
|-damage|p2a: Alakazam|0 fnt
|faint|p2a: Alakazam
|faint|p1a: Snorlax
|
|switch|p2a: Exeggutor|Exeggutor|393\/393
|switch|p1a: Chansey|Chansey|703\/703
|turn|9
|
|move|p2a: Exeggutor|Stun Spore|p1a: Chansey
|-status|p1a: Chansey|par
|move|p1a: Chansey|Thunder Wave|p2a: Exeggutor
|-status|p2a: Exeggutor|par
|
|turn|10
|
|move|p2a: Exeggutor|Explosion|p1a: Chansey
|-damage|p1a: Chansey|24\/703 par
|faint|p2a: Exeggutor
|
|switch|p2a: Snorlax|Snorlax|523\/523
|turn|11
|
|switch|p1a: Venusaur|Venusaur|363\/363 slp
|move|p2a: Snorlax|Body Slam|p1a: Venusaur
|-damage|p1a: Venusaur|241\/363 slp
|
|turn|12
|
|cant|p1a: Venusaur|slp
|move|p2a: Snorlax|Body Slam|p1a: Venusaur
|-damage|p1a: Venusaur|127\/363 slp
|
|turn|13
|
|switch|p1a: Rhydon|Rhydon|413\/413
|move|p2a: Snorlax|Hyper Beam|p1a: Rhydon
|-resisted|p1a: Rhydon
|-damage|p1a: Rhydon|333\/413
|
|turn|14
|
|move|p1a: Rhydon|Earthquake|p2a: Snorlax
|-damage|p2a: Snorlax|332\/523
|cant|p2a: Snorlax|recharge
|
|turn|15
|
|switch|p1a: Venusaur|Venusaur|127\/363 slp
|move|p2a: Snorlax|Earthquake|p1a: Venusaur
|-damage|p1a: Venusaur|29\/363 slp
|
|turn|16
|
|cant|p1a: Venusaur|slp
|move|p2a: Snorlax|Earthquake|p1a: Venusaur
|-damage|p1a: Venusaur|0 fnt
|faint|p1a: Venusaur
|
|
|switch|p1a: Rhydon|Rhydon|333\/413
|turn|17
|
|move|p1a: Rhydon|Earthquake|p2a: Snorlax
|-damage|p2a: Snorlax|149\/523
|move|p2a: Snorlax|Earthquake|p1a: Rhydon
|-supereffective|p1a: Rhydon
|-damage|p1a: Rhydon|183\/413
|
|turn|18
|
|move|p1a: Rhydon|Earthquake|p2a: Snorlax
|-damage|p2a: Snorlax|0 fnt
|faint|p2a: Snorlax
|
|
|switch|p2a: Chansey|Chansey|703\/703
|turn|19
|
|switch|p1a: Chansey|Chansey|24\/703 par
|move|p2a: Chansey|Ice Beam|p1a: Chansey
|-damage|p1a: Chansey|0 fnt
|faint|p1a: Chansey
|
|
|switch|p1a: Tauros|Tauros|353\/353
|turn|20
|
|move|p1a: Tauros|Body Slam|p2a: Chansey
|-damage|p2a: Chansey|411\/703
|move|p2a: Chansey|Thunder Wave|p1a: Tauros
|-status|p1a: Tauros|par
|
|turn|21
|
|move|p2a: Chansey|Soft-Boiled|p2a: Chansey
|-heal|p2a: Chansey|703\/703
|move|p1a: Tauros|Body Slam|p2a: Chansey
|-crit|p2a: Chansey
|-damage|p2a: Chansey|178\/703
|-status|p2a: Chansey|par
|
|turn|22
|
|move|p1a: Tauros|Body Slam|p2a: Chansey
|-damage|p2a: Chansey|0 fnt
|faint|p2a: Chansey
|
|
|switch|p2a: Tauros|Tauros|353\/353
|turn|23
|
|move|p2a: Tauros|Body Slam|p1a: Tauros
|-damage|p1a: Tauros|248\/353 par
|move|p1a: Tauros|Body Slam|p2a: Tauros
|-damage|p2a: Tauros|257\/353
|-status|p2a: Tauros|par
|
|turn|24
|
|move|p1a: Tauros|Hyper Beam|p2a: Tauros
|-damage|p2a: Tauros|61\/353 par
|move|p2a: Tauros|Body Slam|p1a: Tauros
|-damage|p1a: Tauros|143\/353 par
|
|turn|25
|-message|ggc forfeited.
|
|win|luc1993
|raw|Ladder updating...
|leave|ggc
|player|p2
|raw|luc1993's rating: 1395 &rarr; <strong>1415<\/strong><br \/>(+20 for winning)
|raw|ggc's rating: 1391 &rarr; <strong>1371<\/strong><br \/>(-20 for losing)
|chat|luc1993|gg