|join|xJoelituh
|join|raddddddddddd
|player|p1|xJoelituh|291
|player|p2|raddddddddddd|1
|gametype|singles
|gen|1
|tier|[Gen 1] OU (beta)
|rated
|rule|Sleep Clause Mod: Limit one foe put to sleep
|rule|Species Clause: Limit one of each Pokémon
|rule|OHKO Clause: OHKO moves are banned
|rule|Evasion Moves Clause: Evasion moves are banned
|
|start
|switch|p1a: Jynx|Jynx|333\/333
|switch|p2a: Your Star|Starmie|323\/323
|turn|1
|
|move|p2a: Your Star|Thunder Wave|p1a: Jynx
|-status|p1a: Jynx|par
|move|p1a: Jynx|Lovely Kiss|p2a: Your Star
|-status|p2a: Your Star|slp
|
|turn|2
|
|cant|p2a: Your Star|slp
|move|p1a: Jynx|Mimic|p2a: Your Star
|-start|p1a: Jynx|Mimic|Thunderbolt
|
|turn|3
|
|cant|p2a: Your Star|slp
|cant|p1a: Jynx|par
|
|turn|4
|
|switch|p2a: Green Mayne|Tauros|353\/353
|cant|p1a: Jynx|par
|
|turn|5
|
|move|p2a: Green Mayne|Substitute|p2a: Green Mayne
|-start|p2a: Green Mayne|Substitute
|-damage|p2a: Green Mayne|265\/353
|cant|p1a: Jynx|par
|
|turn|6
|
|move|p2a: Green Mayne|Earthquake|p1a: Jynx
|-damage|p1a: Jynx|196\/333 par
|cant|p1a: Jynx|par
|
|turn|7
|
|move|p2a: Green Mayne|Earthquake|p1a: Jynx
|-damage|p1a: Jynx|52\/333 par
|move|p1a: Jynx|Thunderbolt|p2a: Green Mayne
|-activate|p2a: Green Mayne|Substitute|[damage]
|
|turn|8
|c|★xJoelituh|Well Jynx?
|c|★xJoelituh|Thx
|
|move|p2a: Green Mayne|Body Slam|p1a: Jynx
|-damage|p1a: Jynx|0 fnt
|faint|p1a: Jynx
|c|★raddddddddddd|i feel bad dude
|
|switch|p1a: Alakazam|Alakazam|313\/313
|turn|9
|c|★xJoelituh|np
|
|move|p1a: Alakazam|Reflect|p1a: Alakazam
|move|p2a: Green Mayne|Body Slam|p1a: Alakazam
|-damage|p1a: Alakazam|232\/313
|
|turn|10
|
|move|p1a: Alakazam|Psychic|p2a: Green Mayne
|-end|p2a: Green Mayne|Substitute
|move|p2a: Green Mayne|Body Slam|p1a: Alakazam
|-damage|p1a: Alakazam|153\/313
|
|turn|11
|
|switch|p2a: Your Star|Starmie|323\/323 slp
|move|p1a: Alakazam|Thunder Wave|p2a: Your Star
|-fail|p2a: Your Star
|
|turn|12
|
|move|p1a: Alakazam|Recover|p1a: Alakazam
|-heal|p1a: Alakazam|309\/313
|cant|p2a: Your Star|slp
|
|turn|13
|
|move|p1a: Alakazam|Psychic|p2a: Your Star
|-resisted|p2a: Your Star
|-damage|p2a: Your Star|263\/323 slp
|-unboost|p2a: Your Star|spd|1
|-unboost|p2a: Your Star|spa|1
|cant|p2a: Your Star|slp
|
|turn|14
|
|move|p1a: Alakazam|Psychic|p2a: Your Star
|-resisted|p2a: Your Star
|-damage|p2a: Your Star|165\/323 slp
|cant|p2a: Your Star|slp
|-curestatus|p2a: Your Star|slp
|
|turn|15
|
|move|p1a: Alakazam|Psychic|p2a: Your Star
|-crit|p2a: Your Star
|-resisted|p2a: Your Star
|-damage|p2a: Your Star|25\/323
|move|p2a: Your Star|Thunder Wave|p1a: Alakazam
|-status|p1a: Alakazam|par
|
|turn|16
|
|move|p2a: Your Star|Recover|p2a: Your Star
|-heal|p2a: Your Star|186\/323
|move|p1a: Alakazam|Psychic|p2a: Your Star
|-resisted|p2a: Your Star
|-damage|p2a: Your Star|83\/323
|-unboost|p2a: Your Star|spd|1
|-unboost|p2a: Your Star|spa|1
|
|turn|17
|
|switch|p2a: Green Mayne|Tauros|265\/353
|cant|p1a: Alakazam|par
|
|turn|18
|
|switch|p1a: Slowbro|Slowbro|393\/393
|move|p2a: Green Mayne|Substitute|p2a: Green Mayne
|-start|p2a: Green Mayne|Substitute
|-damage|p2a: Green Mayne|177\/353
|
|turn|19
|
|move|p2a: Green Mayne|Earthquake|p1a: Slowbro
|-damage|p1a: Slowbro|321\/393
|move|p1a: Slowbro|Amnesia|p1a: Slowbro
|-boost|p1a: Slowbro|spd|2
|-boost|p1a: Slowbro|spa|2
|
|turn|20
|
|move|p2a: Green Mayne|Earthquake|p1a: Slowbro
|-damage|p1a: Slowbro|243\/393
|move|p1a: Slowbro|Amnesia|p1a: Slowbro
|-boost|p1a: Slowbro|spd|2
|-boost|p1a: Slowbro|spa|2
|
|turn|21
|
|move|p2a: Green Mayne|Earthquake|p1a: Slowbro
|-damage|p1a: Slowbro|168\/393
|move|p1a: Slowbro|Amnesia|p1a: Slowbro
|-boost|p1a: Slowbro|spd|2
|-boost|p1a: Slowbro|spa|2
|
|turn|22
|
|move|p2a: Green Mayne|Earthquake|p1a: Slowbro
|-damage|p1a: Slowbro|90\/393
|move|p1a: Slowbro|Rest|p1a: Slowbro
|-status|p1a: Slowbro|slp
|-heal|p1a: Slowbro|393\/393 slp|[silent]
|-status|p1a: Slowbro|slp|[from] move: Rest
|
|turn|23
|c|★xJoelituh|c:
|
|move|p2a: Green Mayne|Earthquake|p1a: Slowbro
|-damage|p1a: Slowbro|317\/393 slp
|cant|p1a: Slowbro|slp
|
|turn|24
|
|move|p2a: Green Mayne|Body Slam|p1a: Slowbro|[miss]
|-miss|p2a: Green Mayne
|cant|p1a: Slowbro|slp
|-curestatus|p1a: Slowbro|slp
|
|turn|25
|
|move|p2a: Green Mayne|Body Slam|p1a: Slowbro
|-damage|p1a: Slowbro|228\/393
|move|p1a: Slowbro|Surf|p2a: Green Mayne
|-end|p2a: Green Mayne|Substitute
|
|turn|26
|c|★xJoelituh|!dt body slam
|c|~|\/data-move Body Slam
|raw|<font size="1"><font color=#585858>Priority:<\/font> 0&nbsp;|&ThickSpace;<font color=#585858><font color=black>&#10003; Secondary Effect<\/font><\/font>&nbsp;|&ThickSpace;<font color=#585858><font color=black>&#10003; Contact<\/font><\/font>&nbsp;|&ThickSpace;<font color=#585858>Target:<\/font> Adjacent Pokemon<\/font>
|c|★xJoelituh|miss? :\/
|
|move|p2a: Green Mayne|Body Slam|p1a: Slowbro
|-crit|p1a: Slowbro
|-damage|p1a: Slowbro|45\/393
|move|p1a: Slowbro|Surf|p2a: Green Mayne
|-damage|p2a: Green Mayne|0 fnt
|faint|p2a: Green Mayne
|
|switch|p2a: Your Star|Starmie|83\/323
|turn|27
|
|move|p2a: Your Star|Thunderbolt|p1a: Slowbro
|-crit|p1a: Slowbro
|-supereffective|p1a: Slowbro
|-damage|p1a: Slowbro|0 fnt
|faint|p1a: Slowbro
|c|★xJoelituh|lol
|
|switch|p1a: Exeggutor|Exeggutor|393\/393
|turn|28
|
|move|p2a: Your Star|Ice Beam|p1a: Exeggutor
|-crit|p1a: Exeggutor
|-supereffective|p1a: Exeggutor
|-damage|p1a: Exeggutor|127\/393
|move|p1a: Exeggutor|Mega Drain|p2a: Your Star
|-supereffective|p2a: Your Star
|-damage|p2a: Your Star|0 fnt
|-heal|p1a: Exeggutor|169\/393|[from] drain|[of] p2a: Your Star
|faint|p2a: Your Star
|c|★xJoelituh|3 crits in a row.
|
|switch|p2a: Mind Fuck|Alakazam|313\/313
|turn|29
|c|★xJoelituh|Only in 1 gen.  :v
|
|move|p2a: Mind Fuck|Thunder Wave|p1a: Exeggutor
|-status|p1a: Exeggutor|par
|cant|p1a: Exeggutor|par
|
|turn|30
|c|★raddddddddddd|omg
|
|move|p2a: Mind Fuck|Substitute|p2a: Mind Fuck
|-start|p2a: Mind Fuck|Substitute
|-damage|p2a: Mind Fuck|235\/313
|move|p1a: Exeggutor|Explosion|p2a: Mind Fuck
|-end|p2a: Mind Fuck|Substitute
|
|turn|31
|c|★xJoelituh|Why always i get hax'ed? -.-
|c|★xJoelituh|lol? wtf
|c|★xJoelituh|Can i explode again? xD
|c|★raddddddddddd|wtf
|c|★raddddddddddd|what just happened
|
|switch|p2a: Gengar|Gengar|323\/323
|move|p1a: Exeggutor|Explosion|p2a: Gengar
|-immune|p2a: Gengar|[msg]
|faint|p1a: Exeggutor
|c|★xJoelituh|Yeah,i dont know
|c|★xJoelituh|LOL
|c|★raddddddddddd|bruh....
|c|★xJoelituh|WTF
|c|★xJoelituh|If you broke a sub with explosion, you dont die.. lel
|c|★raddddddddddd|thats crazy
|
|switch|p1a: Mr. Mime|Mr. Mime|283\/283
|turn|32
|join|JoNiMixPlay
|c| JoNiMixPlay|en serio?
|c|★xJoelituh|si si mira arriba
|c| JoNiMixPlay|JAJAJA
|
|switch|p2a: Clefable|Clefable|393\/393
|move|p1a: Mr. Mime|Psychic|p2a: Clefable
|-crit|p2a: Clefable
|-damage|p2a: Clefable|161\/393
|
|turn|33
|
|move|p1a: Mr. Mime|Seismic Toss|p2a: Clefable
|-damage|p2a: Clefable|61\/393
|move|p2a: Clefable|Thunder Wave|p1a: Mr. Mime
|-status|p1a: Mr. Mime|par
|
|turn|34
|
|move|p2a: Clefable|Ice Beam|p1a: Mr. Mime
|-damage|p1a: Mr. Mime|210\/283 par
|move|p1a: Mr. Mime|Psychic|p2a: Clefable
|-damage|p2a: Clefable|0 fnt
|faint|p2a: Clefable
|
|switch|p2a: Chansey|Chansey|703\/703
|turn|35
|
|move|p2a: Chansey|Ice Beam|p1a: Mr. Mime
|-damage|p1a: Mr. Mime|137\/283 par
|move|p1a: Mr. Mime|Seismic Toss|p2a: Chansey
|-damage|p2a: Chansey|603\/703
|
|turn|36
|
|move|p2a: Chansey|Ice Beam|p1a: Mr. Mime
|-damage|p1a: Mr. Mime|60\/283 par
|cant|p1a: Mr. Mime|par
|
|turn|37
|c| JoNiMixPlay|Lol
|c|★xJoelituh|?
|
|move|p2a: Chansey|Ice Beam|p1a: Mr. Mime
|-damage|p1a: Mr. Mime|0 fnt
|faint|p1a: Mr. Mime
|
|switch|p1a: Starmie|Starmie|323\/323
|turn|38
|c| JoNiMixPlay|Que poco le quitaste con Seimisc
|
|move|p1a: Starmie|Thunder Wave|p2a: Chansey
|-status|p2a: Chansey|par
|move|p2a: Chansey|Thunder Wave|p1a: Starmie
|-status|p1a: Starmie|par
|
|turn|39
|c| JoNiMixPlay|:I
|c|★xJoelituh|Ya bueno
|
|move|p1a: Starmie|Thunderbolt|p2a: Chansey
|-damage|p2a: Chansey|532\/703 par
|move|p2a: Chansey|Body Slam|p1a: Starmie
|-damage|p1a: Starmie|283\/323 par
|
|turn|40
|
|cant|p1a: Starmie|par
|move|p2a: Chansey|Body Slam|p1a: Starmie
|-damage|p1a: Starmie|243\/323 par
|
|turn|41
|
|cant|p1a: Starmie|par
|move|p2a: Chansey|Body Slam|p1a: Starmie
|-damage|p1a: Starmie|203\/323 par
|
|turn|42
|
|move|p1a: Starmie|Recover|p1a: Starmie
|-heal|p1a: Starmie|323\/323 par
|move|p2a: Chansey|Body Slam|p1a: Starmie
|-damage|p1a: Starmie|285\/323 par
|
|turn|43
|
|move|p1a: Starmie|Thunderbolt|p2a: Chansey
|-crit|p2a: Chansey
|-damage|p2a: Chansey|381\/703 par
|move|p2a: Chansey|Body Slam|p1a: Starmie
|-damage|p1a: Starmie|245\/323 par
|
|turn|44
|
|move|p1a: Starmie|Thunderbolt|p2a: Chansey
|-crit|p2a: Chansey
|-damage|p2a: Chansey|242\/703 par
|cant|p2a: Chansey|par
|
|turn|45
|join|NocturOP
|
|cant|p1a: Starmie|par
|cant|p2a: Chansey|par
|
|turn|46
|c|★xJoelituh|The hax is real
|
|cant|p1a: Starmie|par
|cant|p2a: Chansey|par
|
|turn|47
|c|★xJoelituh|lol
|c|★raddddddddddd|nice and haxy
|
|cant|p1a: Starmie|par
|move|p2a: Chansey|Body Slam|p1a: Starmie
|-damage|p1a: Starmie|203\/323 par
|
|turn|48
|
|cant|p1a: Starmie|par
|move|p2a: Chansey|Body Slam|p1a: Starmie
|-damage|p1a: Starmie|165\/323 par
|
|turn|49
|
|move|p1a: Starmie|Thunderbolt|p2a: Chansey
|-damage|p2a: Chansey|168\/703 par
|cant|p2a: Chansey|par
|
|turn|50
|c|★xJoelituh|You dont have Softboiled isnt it? xD
|
|cant|p1a: Starmie|par
|move|p2a: Chansey|Soft-Boiled|p2a: Chansey
|-heal|p2a: Chansey|519\/703 par
|
|turn|51
|c|★raddddddddddd|SIKE
|c|★xJoelituh|yep <.<
|
|cant|p1a: Starmie|par
|cant|p2a: Chansey|par
|
|turn|52
|
|cant|p1a: Starmie|par
|move|p2a: Chansey|Body Slam|p1a: Starmie
|-damage|p1a: Starmie|121\/323 par
|
|turn|53
|
|move|p1a: Starmie|Recover|p1a: Starmie
|-heal|p1a: Starmie|282\/323 par
|move|p2a: Chansey|Body Slam|p1a: Starmie
|-crit|p1a: Starmie
|-damage|p1a: Starmie|197\/323 par
|
|turn|54
|
|move|p1a: Starmie|Blizzard|p2a: Chansey
|-damage|p2a: Chansey|430\/703 par
|cant|p2a: Chansey|par
|
|turn|55
|
|move|p1a: Starmie|Blizzard|p2a: Chansey
|-damage|p2a: Chansey|341\/703 par
|move|p2a: Chansey|Body Slam|p1a: Starmie
|-damage|p1a: Starmie|156\/323 par
|
|turn|56
|
|cant|p1a: Starmie|par
|move|p2a: Chansey|Body Slam|p1a: Starmie
|-damage|p1a: Starmie|118\/323 par
|
|turn|57
|
|move|p1a: Starmie|Blizzard|p2a: Chansey|[miss]
|-miss|p1a: Starmie
|move|p2a: Chansey|Body Slam|p1a: Starmie
|-damage|p1a: Starmie|75\/323 par
|
|turn|58
|
|move|p1a: Starmie|Blizzard|p2a: Chansey
|-crit|p2a: Chansey
|-damage|p2a: Chansey|151\/703 par
|cant|p2a: Chansey|par
|
|turn|59
|
|move|p1a: Starmie|Blizzard|p2a: Chansey
|-crit|p2a: Chansey
|-damage|p2a: Chansey|0 fnt
|faint|p2a: Chansey
|c|★xJoelituh|lol
|c|★xJoelituh|RIP
|
|switch|p2a: Gengar|Gengar|323\/323
|turn|60
|c|★xJoelituh|xD
|
|move|p2a: Gengar|Thunderbolt|p1a: Starmie
|-crit|p1a: Starmie
|-supereffective|p1a: Starmie
|-damage|p1a: Starmie|0 fnt
|faint|p1a: Starmie
|
|switch|p1a: Alakazam|Alakazam|309\/313 par
|turn|61
|c|★raddddddddddd|gg
|c|★raddddddddddd|oh fuck
|c|★xJoelituh|Is not finish >:(
|c|★raddddddddddd|i thought that was your last one LOL
|join|Tobse1894
|c|★xJoelituh|xDDD
|c|★xJoelituh|np np
|
|move|p2a: Gengar|Substitute|p2a: Gengar
|-start|p2a: Gengar|Substitute
|-damage|p2a: Gengar|243\/323
|cant|p1a: Alakazam|par
|
|turn|62
|c|★xJoelituh|All your pokemon have sub? lol
|
|move|p2a: Gengar|Thunderbolt|p1a: Alakazam
|-damage|p1a: Alakazam|238\/313 par
|move|p1a: Alakazam|Psychic|p2a: Gengar
|-supereffective|p2a: Gengar
|-end|p2a: Gengar|Substitute
|
|turn|63
|
|move|p2a: Gengar|Night Shade|p1a: Alakazam
|-damage|p1a: Alakazam|138\/313 par
|move|p1a: Alakazam|Psychic|p2a: Gengar
|-supereffective|p2a: Gengar
|-damage|p2a: Gengar|29\/323
|-unboost|p2a: Gengar|spd|1
|-unboost|p2a: Gengar|spa|1
|
|turn|64
|
|move|p2a: Gengar|Night Shade|p1a: Alakazam
|-damage|p1a: Alakazam|38\/313 par
|move|p1a: Alakazam|Recover|p1a: Alakazam
|-heal|p1a: Alakazam|194\/313 par
|
|turn|65
|
|move|p2a: Gengar|Night Shade|p1a: Alakazam
|-damage|p1a: Alakazam|94\/313 par
|move|p1a: Alakazam|Psychic|p2a: Gengar
|-supereffective|p2a: Gengar
|-damage|p2a: Gengar|0 fnt
|faint|p2a: Gengar
|leave|NocturOP
|
|switch|p2a: Mind Fuck|Alakazam|235\/313
|turn|66
|c|★xJoelituh|Alakazam4Uber lel
|
|move|p2a: Mind Fuck|Psychic|p1a: Alakazam
|-resisted|p1a: Alakazam
|-damage|p1a: Alakazam|40\/313 par
|-unboost|p1a: Alakazam|spd|1
|-unboost|p1a: Alakazam|spa|1
|move|p1a: Alakazam|Recover|p1a: Alakazam
|-heal|p1a: Alakazam|196\/313 par
|
|turn|67
|
|move|p2a: Mind Fuck|Psychic|p1a: Alakazam
|-resisted|p1a: Alakazam
|-damage|p1a: Alakazam|123\/313 par
|cant|p1a: Alakazam|par
|
|turn|68
|
|move|p2a: Mind Fuck|Substitute|p2a: Mind Fuck
|-start|p2a: Mind Fuck|Substitute
|-damage|p2a: Mind Fuck|157\/313
|move|p1a: Alakazam|Thunder Wave|p2a: Mind Fuck
|-status|p2a: Mind Fuck|par
|
|turn|69
|c|★xJoelituh|LOL
|c|★xJoelituh|T-wave doesnt matter about subs? lel
|leave|JoNiMixPlay
|c|★xJoelituh|oh my lord
|
|move|p1a: Alakazam|Recover|p1a: Alakazam
|-heal|p1a: Alakazam|279\/313 par
|move|p2a: Mind Fuck|Psychic|p1a: Alakazam
|-resisted|p1a: Alakazam
|-damage|p1a: Alakazam|202\/313 par
|
|turn|70
|
|move|p1a: Alakazam|Psychic|p2a: Mind Fuck
|-crit|p2a: Mind Fuck
|-resisted|p2a: Mind Fuck
|-end|p2a: Mind Fuck|Substitute
|move|p2a: Mind Fuck|Psychic|p1a: Alakazam
|-resisted|p1a: Alakazam
|-damage|p1a: Alakazam|128\/313 par
|
|turn|71
|
|move|p1a: Alakazam|Psychic|p2a: Mind Fuck
|-resisted|p2a: Mind Fuck
|-damage|p2a: Mind Fuck|120\/313 par
|move|p2a: Mind Fuck|Psychic|p1a: Alakazam
|-resisted|p1a: Alakazam
|-damage|p1a: Alakazam|53\/313 par
|
|turn|72
|
|move|p1a: Alakazam|Recover|p1a: Alakazam
|-heal|p1a: Alakazam|209\/313 par
|move|p2a: Mind Fuck|Psychic|p1a: Alakazam
|-resisted|p1a: Alakazam
|-damage|p1a: Alakazam|132\/313 par
|-unboost|p1a: Alakazam|spd|1
|-unboost|p1a: Alakazam|spa|1
|
|turn|73
|
|move|p1a: Alakazam|Psychic|p2a: Mind Fuck
|-resisted|p2a: Mind Fuck
|-damage|p2a: Mind Fuck|92\/313 par
|-unboost|p2a: Mind Fuck|spd|1
|-unboost|p2a: Mind Fuck|spa|1
|move|p2a: Mind Fuck|Recover|p2a: Mind Fuck
|-heal|p2a: Mind Fuck|248\/313 par
|
|turn|74
|
|cant|p2a: Mind Fuck|par
|move|p1a: Alakazam|Recover|p1a: Alakazam
|-heal|p1a: Alakazam|288\/313 par
|
|turn|75
|
|cant|p1a: Alakazam|par
|cant|p2a: Mind Fuck|par
|
|turn|76
|c|★xJoelituh|omg..
|
|move|p1a: Alakazam|Psychic|p2a: Mind Fuck
|-resisted|p2a: Mind Fuck
|-damage|p2a: Mind Fuck|212\/313 par
|move|p2a: Mind Fuck|Psychic|p1a: Alakazam
|-crit|p1a: Alakazam
|-resisted|p1a: Alakazam
|-damage|p1a: Alakazam|176\/313 par
|-unboost|p1a: Alakazam|spd|1
|-unboost|p1a: Alakazam|spa|1
|
|turn|77
|
|move|p1a: Alakazam|Psychic|p2a: Mind Fuck
|-resisted|p2a: Mind Fuck
|-damage|p2a: Mind Fuck|182\/313 par
|move|p2a: Mind Fuck|Psychic|p1a: Alakazam
|-resisted|p1a: Alakazam
|-damage|p1a: Alakazam|88\/313 par
|
|turn|78
|
|move|p1a: Alakazam|Recover|p1a: Alakazam
|-heal|p1a: Alakazam|244\/313 par
|cant|p2a: Mind Fuck|par
|
|turn|79
|
|move|p1a: Alakazam|Reflect|p1a: Alakazam
|move|p2a: Mind Fuck|Psychic|p1a: Alakazam
|-crit|p1a: Alakazam
|-resisted|p1a: Alakazam
|-damage|p1a: Alakazam|141\/313 par
|
|turn|80
|
|move|p2a: Mind Fuck|Psychic|p1a: Alakazam
|-resisted|p1a: Alakazam
|-damage|p1a: Alakazam|54\/313 par
|-unboost|p1a: Alakazam|spd|1
|-unboost|p1a: Alakazam|spa|1
|cant|p1a: Alakazam|par
|
|turn|81
|
|move|p1a: Alakazam|Recover|p1a: Alakazam
|-heal|p1a: Alakazam|210\/313 par
|cant|p2a: Mind Fuck|par
|
|turn|82
|c|★xJoelituh|D:!
|
|cant|p1a: Alakazam|par
|move|p2a: Mind Fuck|Psychic|p1a: Alakazam
|-resisted|p1a: Alakazam
|-damage|p1a: Alakazam|100\/313 par
|-unboost|p1a: Alakazam|spd|1
|-unboost|p1a: Alakazam|spa|1
|
|turn|83
|
|move|p2a: Mind Fuck|Psychic|p1a: Alakazam
|-resisted|p1a: Alakazam
|-damage|p1a: Alakazam|0 fnt
|faint|p1a: Alakazam
|
|win|raddddddddddd
|raw|Ladder updating...
|c|★xJoelituh|How many Psychic do you have?
|c|★raddddddddddd|gg
|c|★xJoelituh|well ... gg <.<
|raw|xJoelituh's rating: 1081 &rarr; <strong>1056<\/strong><br \/>(-25 for losing)
|raw|raddddddddddd's rating: 1040 &rarr; <strong>1078<\/strong><br \/>(+38 for winning)
|c|★raddddddddddd|alot lol
|c|★raddddddddddd|wow
|leave|Tobse1894
|c|★xJoelituh|wp :3
|c|★raddddddddddd|you too 
|c|★raddddddddddd|honestly was luck
|c|★raddddddddddd|and you got haxed 
|c|★xJoelituh|yeah.. 
|c|★xJoelituh|but whatever.. xD
|c|★xJoelituh|Nice 2 Meet ya ~
|leave|xJoelituh
|player|p1