|j|Judo
|j|gymNmons
|player|p1|Judo|70
|player|p2|gymNmons|153
|gametype|singles
|gen|1
|tier|[Gen 1] Random Battle
|seed|
|rule|Sleep Clause Mod: Limit one foe put to sleep
|rule|Freeze Clause Mod: Limit one foe frozen
|rule|HP Percentage Mod: HP is shown in percentages
|
|start
|switch|p1a: Eevee|Eevee, L96|100\/100
|switch|p2a: Lickitung|Lickitung, L90|100\/100
|turn|1
|c|★Judo|lmao my fave ^_^ thanks
|j|Rosabel
|c| Rosabel|,
|c|★Judo|hey rose
|c| Rosabel|aye
|c|★Judo|whats kickin?
|c| Rosabel|hitmonlee
|c|★gymNmons|oooooo
|c|★Judo|lmao
|choice||
|
|move|p1a: Eevee|Reflect|p1a: Eevee
|-start|p1a: Eevee|Reflect
|move|p2a: Lickitung|Body Slam|p1a: Eevee
|-damage|p1a: Eevee|86\/100
|
|turn|2
|c|★Judo|eevee super tank
|c|★Judo|mon then bring it bitch
|choice||
|
|move|p1a: Eevee|Body Slam|p2a: Lickitung
|-damage|p2a: Lickitung|77\/100
|move|p2a: Lickitung|Body Slam|p1a: Eevee
|-damage|p1a: Eevee|71\/100
|
|turn|3
|c|★gymNmons|not worried
|choice||
|
|move|p1a: Eevee|Body Slam|p2a: Lickitung
|-damage|p2a: Lickitung|52\/100
|move|p2a: Lickitung|Body Slam|p1a: Eevee
|-damage|p1a: Eevee|57\/100
|
|turn|4
|c|★Judo|be scared
|c|★gymNmons|wheres the para!?!!
|c|★gymNmons|this is gen 1
|choice||
|
|move|p1a: Eevee|Body Slam|p2a: Lickitung
|-damage|p2a: Lickitung|27\/100
|move|p2a: Lickitung|Body Slam|p1a: Eevee
|-damage|p1a: Eevee|42\/100
|
|turn|5
|c|★Judo|at your mums
|choice||
|
|move|p1a: Eevee|Body Slam|p2a: Lickitung
|-damage|p2a: Lickitung|1\/100
|move|p2a: Lickitung|Hyper Beam|p1a: Eevee
|-damage|p1a: Eevee|15\/100
|
|turn|6
|-mustrecharge|p2a: Lickitung
|-mustrecharge|p2a: Lickitung
|c| Rosabel|eevee
|c| Rosabel|oml
|c| Rosabel|no chill
|-mustrecharge|p2a: Lickitung
|choice||
|
|move|p1a: Eevee|Mimic|p2a: Lickitung
|-start|p1a: Eevee|Mimic|Body Slam
|cant|p2a: Lickitung|recharge
|
|turn|7
|choice||
|
|move|p1a: Eevee|Body Slam|p2a: Lickitung
|-damage|p2a: Lickitung|0 fnt
|faint|p2a: Lickitung
|choice||
|
|switch|p2a: Magmar|Magmar, L90|100\/100
|turn|8
|c|★Judo|double body slam fear me
|c|★gymNmons|seems like every mon knows body slam\/hyper beam T.T
|choice||
|
|switch|p1a: Seel|Seel, L96|100\/100
|move|p2a: Magmar|Body Slam|p1a: Seel
|-damage|p1a: Seel|74\/100
|-status|p1a: Seel|par
|
|turn|9
|c| Rosabel|this is gen 1
|choice||
|
|switch|p2a: Tangela|Tangela, L85|100\/100
|move|p1a: Seel|Surf|p2a: Tangela
|-resisted|p2a: Tangela
|-damage|p2a: Tangela|84\/100
|
|turn|10
|c| Rosabel|:p
|c|★gymNmons|indeed
|choice||
|
|move|p2a: Tangela|Growth|p2a: Tangela
|-boost|p2a: Tangela|spa|1
|-boost|p2a: Tangela|spd|1
|move|p1a: Seel|Blizzard|p2a: Tangela|[miss]
|-miss|p1a: Seel
|
|turn|11
|c| Rosabel|ahh
|c| Rosabel|spc stat
|choice||
|
|move|p2a: Tangela|Growth|p2a: Tangela
|-boost|p2a: Tangela|spa|1
|-boost|p2a: Tangela|spd|1
|move|p1a: Seel|Blizzard|p2a: Tangela
|-supereffective|p2a: Tangela
|-damage|p2a: Tangela|56\/100
|
|turn|12
|c|★gymNmons|0
|choice||
|
|move|p2a: Tangela|Mega Drain|p1a: Seel
|-supereffective|p1a: Seel
|-damage|p1a: Seel|15\/100 par
|-heal|p2a: Tangela|90\/100|[from] drain|[of] p1a: Seel
|move|p1a: Seel|Body Slam|p2a: Tangela
|-damage|p2a: Tangela|74\/100
|-status|p2a: Tangela|par
|
|turn|13
|c|★gymNmons|...
|c|★Judo|get rekt
|choice||
|
|move|p2a: Tangela|Mega Drain|p1a: Seel
|-supereffective|p1a: Seel
|-damage|p1a: Seel|0 fnt
|-heal|p2a: Tangela|83\/100 par|[from] drain|[of] p1a: Seel
|faint|p1a: Seel
|choice||
|
|switch|p1a: Arcanine|Arcanine, L85|100\/100
|turn|14
|choice||
|
|move|p1a: Arcanine|Fire Blast|p2a: Tangela|[miss]
|-miss|p1a: Arcanine
|move|p2a: Tangela|Body Slam|p1a: Arcanine
|-damage|p1a: Arcanine|87\/100
|
|turn|15
|c|★gymNmons|..
|c|★gymNmons|..
|c|★gymNmons|..
|choice||
|
|switch|p2a: Magmar|Magmar, L90|100\/100
|move|p1a: Arcanine|Fire Blast|p2a: Magmar
|-crit|p2a: Magmar
|-resisted|p2a: Magmar
|-damage|p2a: Magmar|62\/100
|
|turn|16
|c|★gymNmons|..
|c|★gymNmons|..
|c|★gymNmons|..
|choice||
|
|move|p2a: Magmar|Confuse Ray|p1a: Arcanine
|-start|p1a: Arcanine|confusion
|-activate|p1a: Arcanine|confusion
|move|p1a: Arcanine|Body Slam|p2a: Magmar
|-crit|p2a: Magmar
|-damage|p2a: Magmar|11\/100
|-status|p2a: Magmar|par
|
|turn|17
|c|★gymNmons|..
|c|★gymNmons|..
|c|★gymNmons|..
|choice||
|
|switch|p1a: Vaporeon|Vaporeon, L85|100\/100
|move|p2a: Magmar|Body Slam|p1a: Vaporeon
|-damage|p1a: Vaporeon|78\/100
|
|turn|18
|choice||
|
|switch|p2a: Tangela|Tangela, L85|83\/100 par
|move|p1a: Vaporeon|Surf|p2a: Tangela|[miss]
|-miss|p1a: Vaporeon
|
|turn|19
|choice||
|
|move|p1a: Vaporeon|Blizzard|p2a: Tangela
|-supereffective|p2a: Tangela
|-damage|p2a: Tangela|22\/100 par
|cant|p2a: Tangela|par
|
|turn|20
|choice||
|
|move|p1a: Vaporeon|Blizzard|p2a: Tangela
|-supereffective|p2a: Tangela
|-damage|p2a: Tangela|0 fnt
|faint|p2a: Tangela
|c|★gymNmons|..
|c|★gymNmons|..
|c|★gymNmons|..
|choice||
|
|switch|p2a: Clefable|Clefable, L85|100\/100
|turn|21
|c|★Judo|get rekt
|c|★Judo|vaporeon too gud
|c| Rosabel|what is vaping
|c| Rosabel|:^
|choice||
|
|switch|p1a: Eevee|Eevee, L96|15\/100
|move|p2a: Clefable|Sing|p1a: Eevee|[miss]
|-miss|p2a: Clefable
|
|turn|22
|choice||
|
|switch|p1a: Arcanine|Arcanine, L85|87\/100
|move|p2a: Clefable|Hyper Beam|p1a: Arcanine|[miss]
|-miss|p2a: Clefable
|
|turn|23
|choice||
|
|switch|p1a: Eevee|Eevee, L96|15\/100
|move|p2a: Clefable|Sing|p1a: Eevee
|-status|p1a: Eevee|slp
|
|turn|24
|choice||
|
|switch|p1a: Arcanine|Arcanine, L85|87\/100
|move|p2a: Clefable|Blizzard|p1a: Arcanine
|-damage|p1a: Arcanine|60\/100
|
|turn|25
|choice||
|
|move|p1a: Arcanine|Fire Blast|p2a: Clefable
|-damage|p2a: Clefable|66\/100
|move|p2a: Clefable|Counter|p1a: Arcanine
|-fail|p2a: Clefable
|
|turn|26
|choice||
|
|switch|p2a: Magmar|Magmar, L90|11\/100 par
|move|p1a: Arcanine|Fire Blast|p2a: Magmar
|-resisted|p2a: Magmar
|-damage|p2a: Magmar|0 fnt
|faint|p2a: Magmar
|choice||
|
|switch|p2a: Omastar|Omastar, L90|100\/100
|turn|27
|choice||
|
|switch|p1a: Zapdos|Zapdos, L79|100\/100
|move|p2a: Omastar|Hydro Pump|p1a: Zapdos
|-damage|p1a: Zapdos|55\/100
|
|turn|28
|j|xoxoLuisa
|choice||
|
|switch|p2a: Magneton|Magneton, L90|100\/100
|move|p1a: Zapdos|Thunderbolt|p2a: Magneton
|-crit|p2a: Magneton
|-resisted|p2a: Magneton
|-damage|p2a: Magneton|73\/100
|
|turn|29
|c|★gymNmons|..
|choice||
|
|move|p1a: Zapdos|Thunder Wave|p2a: Magneton
|-status|p2a: Magneton|par
|cant|p2a: Magneton|par
|
|turn|30
|c|★gymNmons|..
|c|★gymNmons|..
|c|★gymNmons|..
|l|xoxoLuisa
|c|★Judo|too gud
|c| Rosabel|PraiseIt
|c|★Judo|sheer skill
|c|★gymNmons|mhmmmmm
|choice||
|
|switch|p1a: Arcanine|Arcanine, L85|60\/100
|move|p2a: Magneton|Thunder Wave|p1a: Arcanine
|-status|p1a: Arcanine|par
|
|turn|31
|choice||
|
|move|p1a: Arcanine|Fire Blast|p2a: Magneton|[miss]
|-miss|p1a: Arcanine
|cant|p2a: Magneton|par
|
|turn|32
|choice||
|
|switch|p2a: Omastar|Omastar, L90|100\/100
|move|p1a: Arcanine|Fire Blast|p2a: Omastar|[miss]
|-miss|p1a: Arcanine
|
|turn|33
|choice||
|
|switch|p1a: Vaporeon|Vaporeon, L85|78\/100
|move|p2a: Omastar|Hydro Pump|p1a: Vaporeon|[miss]
|-miss|p2a: Omastar
|
|turn|34
|choice||
|
|move|p1a: Vaporeon|Surf|p2a: Omastar
|-damage|p2a: Omastar|71\/100
|move|p2a: Omastar|Seismic Toss|p1a: Vaporeon
|-damage|p1a: Vaporeon|55\/100
|
|turn|35
|choice||
|
|move|p1a: Vaporeon|Surf|p2a: Omastar
|-crit|p2a: Omastar
|-damage|p2a: Omastar|15\/100
|move|p2a: Omastar|Seismic Toss|p1a: Vaporeon
|-damage|p1a: Vaporeon|32\/100
|
|turn|36
|c|★gymNmons|...
|c|★gymNmons|..
|c|★gymNmons|....
|choice||
|
|move|p1a: Vaporeon|Surf|p2a: Omastar
|-damage|p2a: Omastar|0 fnt
|faint|p2a: Omastar
|c|★Judo|gen 1 god sorry
|choice||
|
|switch|p2a: Magneton|Magneton, L90|73\/100 par
|turn|37
|choice||
|
|move|p1a: Vaporeon|Surf|p2a: Magneton
|-damage|p2a: Magneton|40\/100 par
|cant|p2a: Magneton|par
|
|turn|38
|c| Rosabel|inb4
|c| Rosabel|last mon
|c| Rosabel|is mewtwo
|choice||
|
|move|p1a: Vaporeon|Surf|p2a: Magneton
|-damage|p2a: Magneton|7\/100 par
|move|p2a: Magneton|Thunderbolt|p1a: Vaporeon
|-supereffective|p1a: Vaporeon
|-damage|p1a: Vaporeon|0 fnt
|faint|p1a: Vaporeon
|c|★gymNmons|for reals?
|c| Rosabel|reveal
|choice||
|
|switch|p1a: Beedrill|Beedrill, L90|100\/100
|turn|39
|c| Rosabel|aw
|c| Rosabel|wow beedrill's g1 sprite is shit
|c|★gymNmons|liar liar plants for hire
|choice||
|
|switch|p2a: Clefable|Clefable, L85|66\/100
|move|p1a: Beedrill|Swords Dance|p1a: Beedrill
|-boost|p1a: Beedrill|atk|2
|
|turn|40
|c| Rosabel|if this were gen 6
|choice||
|
|move|p1a: Beedrill|Hyper Beam|p2a: Clefable
|-damage|p2a: Clefable|0 fnt
|faint|p2a: Clefable
|c| Rosabel|whoever made that switch
|choice||
|
|switch|p2a: Magneton|Magneton, L90|7\/100 par
|turn|41
|c| Rosabel|would be considered mad
|choice||
|
|move|p1a: Beedrill|Hyper Beam|p2a: Magneton
|-damage|p2a: Magneton|0 fnt
|faint|p2a: Magneton
|
|win|Judo
|player|p1
|player|p2
|c|★gymNmons|T.T op team
|c|★Judo|beedrill bae <3
|c|★gymNmons|gg
|c|★Judo|gg fam