|j|Ch01W0n5h1n
|j|Genocide420
|player|p1|Ch01W0n5h1n|165
|player|p2|Genocide420|2
|gametype|singles
|gen|1
|tier|[Gen 1] OU
|seed|7759,44101,60412,32172
|rule|Sleep Clause Mod: Limit one foe put to sleep
|rule|Freeze Clause Mod: Limit one foe frozen
|rule|Species Clause: Limit one of each Pokémon
|rule|OHKO Clause: OHKO moves are banned
|rule|Evasion Moves Clause: Evasion moves are banned
|rule|HP Percentage Mod: HP is shown in percentages
|
|start
|switch|p1a: Chance E|Chansey|703\/703
|switch|p2a: Persian|Persian|333\/333
|turn|1
|c|★Ch01W0n5h1n|just one pokemon can be frozen and put to sleep btw
|choice|move 1|move 1
|
|move|p2a: Persian|Body Slam|p1a: Chance E
|-damage|p1a: Chance E|485\/703
|move|p1a: Chance E|Thunder Wave|p2a: Persian
|-status|p2a: Persian|par
|
|turn|2
|choice|move 2|move 4
|
|move|p1a: Chance E|Soft-Boiled|p1a: Chance E
|-heal|p1a: Chance E|703\/703
|move|p2a: Persian|Slash|p1a: Chance E
|-crit|p1a: Chance E
|-damage|p1a: Chance E|330\/703
|
|turn|3
|choice|move 2|move 4
|
|move|p1a: Chance E|Soft-Boiled|p1a: Chance E
|-heal|p1a: Chance E|681\/703
|move|p2a: Persian|Slash|p1a: Chance E
|-crit|p1a: Chance E
|-damage|p1a: Chance E|348\/703
|
|turn|4
|choice|move 2|move 1
|
|move|p1a: Chance E|Soft-Boiled|p1a: Chance E
|-heal|p1a: Chance E|699\/703
|cant|p2a: Persian|par
|
|turn|5
|choice|move 4|move 1
|
|move|p1a: Chance E|Flash|p2a: Persian|[miss]
|-miss|p1a: Chance E
|move|p2a: Persian|Body Slam|p1a: Chance E
|-damage|p1a: Chance E|482\/703
|
|turn|6
|choice|move 2|move 1
|
|move|p1a: Chance E|Soft-Boiled|p1a: Chance E
|-heal|p1a: Chance E|703\/703
|move|p2a: Persian|Body Slam|p1a: Chance E
|-crit|p1a: Chance E
|-damage|p1a: Chance E|271\/703
|
|turn|7
|choice|move 2|move 1
|
|move|p1a: Chance E|Soft-Boiled|p1a: Chance E
|-heal|p1a: Chance E|622\/703
|cant|p2a: Persian|par
|
|turn|8
|choice|move 4|move 1
|
|move|p1a: Chance E|Flash|p2a: Persian
|-unboost|p2a: Persian|accuracy|1
|move|p2a: Persian|Body Slam|p1a: Chance E
|-damage|p1a: Chance E|395\/703
|
|turn|9
|choice|move 2|move 4
|
|move|p1a: Chance E|Soft-Boiled|p1a: Chance E
|-heal|p1a: Chance E|703\/703
|move|p2a: Persian|Slash|p1a: Chance E|[miss]
|-miss|p2a: Persian
|
|turn|10
|choice|move 4|move 1
|
|move|p1a: Chance E|Flash|p2a: Persian
|-unboost|p2a: Persian|accuracy|1
|move|p2a: Persian|Body Slam|p1a: Chance E
|-crit|p1a: Chance E
|-damage|p1a: Chance E|295\/703
|
|turn|11
|choice|move 2|move 1
|
|move|p1a: Chance E|Soft-Boiled|p1a: Chance E
|-heal|p1a: Chance E|646\/703
|cant|p2a: Persian|par
|
|turn|12
|choice|switch 5|move 1
|
|switch|p1a: Mega Gastly|Cloyster|303\/303
|move|p2a: Persian|Body Slam|p1a: Mega Gastly
|-damage|p1a: Mega Gastly|248\/303
|
|turn|13
|choice|move 1|move 4
|
|move|p1a: Mega Gastly|Clamp|p2a: Persian
|-damage|p2a: Persian|286\/333 par
|-activate|p2a: Persian|move: Clamp|[of] p1a: Mega Gastly
|cant|p2a: Persian|par
|
|turn|14
|choice|move 1|switch 3
|
|switch|p2a: Dragonite|Dragonite|385\/385
|move|p1a: Mega Gastly|Clamp|p2a: Dragonite
|-crit|p2a: Dragonite
|-resisted|p2a: Dragonite
|-damage|p2a: Dragonite|348\/385
|-activate|p2a: Dragonite|move: Clamp|[of] p1a: Mega Gastly
|
|turn|15
|choice|move 1|move 3
|
|cant|p2a: Dragonite|partiallytrapped
|move|p1a: Mega Gastly|Clamp|p2a: Dragonite
|-damage|p2a: Dragonite|311\/385
|
|turn|16
|choice|move 1|move 3
|
|cant|p2a: Dragonite|partiallytrapped
|move|p1a: Mega Gastly|Clamp|p2a: Dragonite
|-damage|p2a: Dragonite|274\/385
|
|-end|p2a: Dragonite|Clamp|[partiallytrapped]
|turn|17
|choice|move 2|move 3
|
|move|p2a: Dragonite|Wrap|p1a: Mega Gastly
|-damage|p1a: Mega Gastly|238\/303
|-activate|p1a: Mega Gastly|move: Wrap|[of] p2a: Dragonite
|cant|p1a: Mega Gastly|partiallytrapped
|
|turn|18
|choice|switch 4|move 3
|
|switch|p1a: Hungry|Alakazam|313\/313
|move|p2a: Dragonite|Wrap|p1a: Hungry
|-damage|p1a: Hungry|290\/313
|-activate|p1a: Hungry|move: Wrap|[of] p2a: Dragonite
|
|turn|19
|choice|switch 5|move 3
|
|switch|p1a: Chance E|Chansey|646\/703
|move|p2a: Dragonite|Wrap|p1a: Chance E
|-damage|p1a: Chance E|608\/703
|-activate|p1a: Chance E|move: Wrap|[of] p2a: Dragonite
|
|turn|20
|choice|switch 3|move 3
|
|switch|p1a: Energy|Tauros|353\/353
|move|p2a: Dragonite|Wrap|p1a: Energy
|-crit|p1a: Energy
|-damage|p1a: Energy|321\/353
|-activate|p1a: Energy|move: Wrap|[of] p2a: Dragonite
|
|turn|21
|choice|switch 4|move 3
|
|switch|p1a: Mega Gastly|Cloyster|238\/303
|move|p2a: Dragonite|Wrap|p1a: Mega Gastly
|-damage|p1a: Mega Gastly|227\/303
|-activate|p1a: Mega Gastly|move: Wrap|[of] p2a: Dragonite
|
|turn|22
|choice|switch 4|switch 2
|
|switch|p2a: Chansey|Chansey|703\/703
|switch|p1a: Energy|Tauros|321\/353
|
|turn|23
|choice|move 4|move 2
|
|move|p1a: Energy|Body Slam|p2a: Chansey
|-crit|p2a: Chansey
|-damage|p2a: Chansey|213\/703
|move|p2a: Chansey|Counter|p1a: Energy
|-damage|p1a: Energy|0 fnt
|faint|p1a: Energy
|choice|switch 6|
|
|switch|p1a: Golem|Golem|363\/363
|turn|24
|choice|move 2|switch 3
|
|switch|p2a: Persian|Persian|286\/333 par
|move|p1a: Golem|Body Slam|p2a: Persian
|-damage|p2a: Persian|187\/333 par
|
|turn|25
|choice|move 3|move 1
|
|move|p1a: Golem|Earthquake|p2a: Persian
|-damage|p2a: Persian|20\/333 par
|move|p2a: Persian|Body Slam|p1a: Golem
|-resisted|p1a: Golem
|-damage|p1a: Golem|329\/363
|
|turn|26
|choice|move 2|move 4
|
|move|p1a: Golem|Body Slam|p2a: Persian
|-damage|p2a: Persian|0 fnt
|faint|p2a: Persian
|choice||switch 6
|
|switch|p2a: Slowbro|Slowbro|393\/393
|turn|27
|choice|switch 3|move 1
|
|switch|p1a: Chance E|Chansey|608\/703
|move|p2a: Slowbro|Psychic|p1a: Chance E
|-damage|p1a: Chance E|522\/703
|
|turn|28
|choice|move 1|move 2
|
|move|p1a: Chance E|Thunder Wave|p2a: Slowbro
|-status|p2a: Slowbro|par
|move|p2a: Slowbro|Thunder Wave|p1a: Chance E
|-status|p1a: Chance E|par
|
|turn|29
|choice|move 4|move 4
|
|move|p1a: Chance E|Flash|p2a: Slowbro|[miss]
|-miss|p1a: Chance E
|move|p2a: Slowbro|Amnesia|p2a: Slowbro
|-boost|p2a: Slowbro|spd|2
|-boost|p2a: Slowbro|spa|2
|
|turn|30
|choice|move 4|move 4
|
|move|p2a: Slowbro|Amnesia|p2a: Slowbro
|-boost|p2a: Slowbro|spd|2
|-boost|p2a: Slowbro|spa|2
|move|p1a: Chance E|Flash|p2a: Slowbro
|-unboost|p2a: Slowbro|accuracy|1
|
|turn|31
|choice|move 4|move 1
|
|move|p2a: Slowbro|Psychic|p1a: Chance E
|-damage|p1a: Chance E|274\/703 par
|-unboost|p1a: Chance E|spd|1
|-unboost|p1a: Chance E|spa|1
|move|p1a: Chance E|Flash|p2a: Slowbro
|-unboost|p2a: Slowbro|accuracy|1
|
|turn|32
|choice|move 2|move 1
|
|move|p2a: Slowbro|Psychic|p1a: Chance E
|-damage|p1a: Chance E|0 fnt
|faint|p1a: Chance E
|choice|switch 3|
|
|switch|p1a: Golem|Golem|329\/363
|turn|33
|choice|move 3|move 1
|
|move|p1a: Golem|Earthquake|p2a: Slowbro
|-crit|p2a: Slowbro
|-damage|p2a: Slowbro|182\/393 par
|move|p2a: Slowbro|Psychic|p1a: Golem
|-damage|p1a: Golem|0 fnt
|faint|p1a: Golem
|choice|switch 2|
|
|switch|p1a: Cut.Exe|Exeggutor|393\/393
|turn|34
|choice|move 4|move 3
|
|move|p1a: Cut.Exe|Egg Bomb|p2a: Slowbro|[miss]
|-miss|p1a: Cut.Exe
|cant|p2a: Slowbro|par
|
|turn|35
|choice|move 4|move 3
|
|move|p1a: Cut.Exe|Egg Bomb|p2a: Slowbro
|-damage|p2a: Slowbro|116\/393 par
|move|p2a: Slowbro|Rest|p2a: Slowbro
|-status|p2a: Slowbro|slp
|-heal|p2a: Slowbro|393\/393 slp|[silent]
|-status|p2a: Slowbro|slp|[from] move: Rest
|
|turn|36
|choice|move 4|move 1
|
|move|p1a: Cut.Exe|Egg Bomb|p2a: Slowbro
|-damage|p2a: Slowbro|319\/393 slp
|cant|p2a: Slowbro|slp
|
|turn|37
|choice|move 4|move 2
|
|move|p1a: Cut.Exe|Egg Bomb|p2a: Slowbro
|-damage|p2a: Slowbro|249\/393 slp
|-curestatus|p2a: Slowbro|slp
|
|turn|38
|choice|move 1|move 2
|
|move|p1a: Cut.Exe|Sleep Powder|p2a: Slowbro|[miss]
|-miss|p1a: Cut.Exe
|move|p2a: Slowbro|Thunder Wave|p1a: Cut.Exe
|-status|p1a: Cut.Exe|par
|
|turn|39
|choice|move 1|move 1
|
|move|p1a: Cut.Exe|Sleep Powder|p2a: Slowbro|[miss]
|-miss|p1a: Cut.Exe
|move|p2a: Slowbro|Psychic|p1a: Cut.Exe|[miss]
|-miss|p2a: Slowbro
|
|turn|40
|choice|move 1|move 1
|
|move|p1a: Cut.Exe|Sleep Powder|p2a: Slowbro
|-status|p2a: Slowbro|slp
|cant|p2a: Slowbro|slp
|
|turn|41
|choice|move 4|switch 3
|
|switch|p2a: Chansey|Chansey|213\/703
|move|p1a: Cut.Exe|Egg Bomb|p2a: Chansey
|-damage|p2a: Chansey|6\/703
|
|turn|42
|choice|move 4|move 3
|
|move|p2a: Chansey|Soft-Boiled|p2a: Chansey
|-heal|p2a: Chansey|357\/703
|move|p1a: Cut.Exe|Egg Bomb|p2a: Chansey
|-damage|p2a: Chansey|164\/703
|
|turn|43
|choice|move 2|move 3
|
|move|p2a: Chansey|Soft-Boiled|p2a: Chansey
|-heal|p2a: Chansey|515\/703
|move|p1a: Cut.Exe|Stun Spore|p2a: Chansey
|-status|p2a: Chansey|par
|
|turn|44
|choice|switch 4|move 1
|
|switch|p1a: Mega Gastly|Cloyster|227\/303
|cant|p2a: Chansey|par
|
|turn|45
|choice|move 1|move 4
|
|move|p1a: Mega Gastly|Clamp|p2a: Chansey
|-damage|p2a: Chansey|476\/703 par
|-activate|p2a: Chansey|move: Clamp|[of] p1a: Mega Gastly
|cant|p2a: Chansey|partiallytrapped
|
|turn|46
|choice|move 1|switch 2
|
|switch|p2a: Dragonite|Dragonite|274\/385
|move|p1a: Mega Gastly|Clamp|p2a: Dragonite
|-resisted|p2a: Dragonite
|-damage|p2a: Dragonite|256\/385
|-activate|p2a: Dragonite|move: Clamp|[of] p1a: Mega Gastly
|
|turn|47
|choice|move 1|move 3
|
|cant|p2a: Dragonite|partiallytrapped
|move|p1a: Mega Gastly|Clamp|p2a: Dragonite
|-damage|p2a: Dragonite|238\/385
|
|turn|48
|choice|move 1|move 3
|
|cant|p2a: Dragonite|partiallytrapped
|move|p1a: Mega Gastly|Clamp|p2a: Dragonite
|-damage|p2a: Dragonite|220\/385
|
|-end|p2a: Dragonite|Clamp|[partiallytrapped]
|turn|49
|choice|move 2|move 3
|
|move|p2a: Dragonite|Wrap|p1a: Mega Gastly
|-crit|p1a: Mega Gastly
|-damage|p1a: Mega Gastly|209\/303
|-activate|p1a: Mega Gastly|move: Wrap|[of] p2a: Dragonite
|cant|p1a: Mega Gastly|partiallytrapped
|
|turn|50
|choice|switch 4|move 3
|
|switch|p1a: Cut.Exe|Exeggutor|393\/393 par
|move|p2a: Dragonite|Wrap|p1a: Cut.Exe
|-damage|p1a: Cut.Exe|375\/393 par
|-activate|p1a: Cut.Exe|move: Wrap|[of] p2a: Dragonite
|
|turn|51
|choice|switch 4|move 3
|
|switch|p1a: Mega Gastly|Cloyster|209\/303
|move|p2a: Dragonite|Wrap|p1a: Mega Gastly
|-damage|p1a: Mega Gastly|199\/303
|-activate|p1a: Mega Gastly|move: Wrap|[of] p2a: Dragonite
|
|turn|52
|choice|switch 5|move 3
|
|switch|p1a: Hungry|Alakazam|290\/313
|move|p2a: Dragonite|Wrap|p1a: Hungry
|-damage|p1a: Hungry|267\/313
|-activate|p1a: Hungry|move: Wrap|[of] p2a: Dragonite
|
|turn|53
|choice|switch 4|move 3
|
|switch|p1a: Cut.Exe|Exeggutor|375\/393 par
|move|p2a: Dragonite|Wrap|p1a: Cut.Exe
|-damage|p1a: Cut.Exe|358\/393 par
|-activate|p1a: Cut.Exe|move: Wrap|[of] p2a: Dragonite
|
|turn|54
|choice|switch 4|move 3
|
|switch|p1a: Hungry|Alakazam|267\/313
|move|p2a: Dragonite|Wrap|p1a: Hungry
|-crit|p1a: Hungry
|-damage|p1a: Hungry|221\/313
|-activate|p1a: Hungry|move: Wrap|[of] p2a: Dragonite
|
|turn|55
|choice|switch 4|move 3
|
|switch|p1a: Cut.Exe|Exeggutor|358\/393 par
|move|p2a: Dragonite|Wrap|p1a: Cut.Exe|[miss]
|-miss|p2a: Dragonite
|
|turn|56
|choice|move 2|move 2
|
|move|p2a: Dragonite|Thunder Wave|p1a: Cut.Exe
|-fail|p1a: Cut.Exe|par
|cant|p1a: Cut.Exe|par
|
|turn|57
|choice|move 2|move 4
|
|move|p2a: Dragonite|Toxic|p1a: Cut.Exe
|-fail|p1a: Cut.Exe
|move|p1a: Cut.Exe|Stun Spore|p2a: Dragonite
|-status|p2a: Dragonite|par
|
|turn|58
|choice|switch 5|move 1
|
|switch|p1a: Mega Gastly|Cloyster|199\/303
|move|p2a: Dragonite|Agility|p2a: Dragonite
|-boost|p2a: Dragonite|spe|2
|
|turn|59
|choice|move 2|move 2
|
|cant|p2a: Dragonite|par
|move|p1a: Mega Gastly|Blizzard|p2a: Dragonite
|-supereffective|p2a: Dragonite
|-damage|p2a: Dragonite|0 fnt
|faint|p2a: Dragonite
|c|★Ch01W0n5h1n|now this is a good match
|choice||switch 3
|
|switch|p2a: Slowbro|Slowbro|249\/393 slp
|turn|60
|choice|move 1|move 2
|
|move|p1a: Mega Gastly|Clamp|p2a: Slowbro
|-crit|p2a: Slowbro
|-resisted|p2a: Slowbro
|-damage|p2a: Slowbro|210\/393 slp
|-activate|p2a: Slowbro|move: Clamp|[of] p1a: Mega Gastly
|cant|p2a: Slowbro|slp
|
|turn|61
|choice|move 1|switch 4
|
|switch|p2a: Rhydon|Rhydon|413\/413
|move|p1a: Mega Gastly|Clamp|p2a: Rhydon
|-supereffective|p2a: Rhydon
|-damage|p2a: Rhydon|168\/413
|-activate|p2a: Rhydon|move: Clamp|[of] p1a: Mega Gastly
|
|turn|62
|choice|move 1|switch 2
|
|switch|p2a: Chansey|Chansey|476\/703 par
|move|p1a: Mega Gastly|Clamp|p2a: Chansey
|-damage|p2a: Chansey|439\/703 par
|-activate|p2a: Chansey|move: Clamp|[of] p1a: Mega Gastly
|
|turn|63
|choice|move 1|move 2
|
|move|p1a: Mega Gastly|Clamp|p2a: Chansey
|-damage|p2a: Chansey|402\/703 par
|cant|p2a: Chansey|partiallytrapped
|
|turn|64
|choice|move 1|switch 5
|
|switch|p2a: Alakazam|Alakazam|313\/313
|move|p1a: Mega Gastly|Clamp|p2a: Alakazam|[miss]
|-miss|p1a: Mega Gastly
|
|turn|65
|choice|switch 5|move 1
|
|switch|p1a: Cut.Exe|Exeggutor|358\/393 par
|move|p2a: Alakazam|Thunder Wave|p1a: Cut.Exe
|-fail|p1a: Cut.Exe|par
|
|turn|66
|choice|move 2|move 4
|
|move|p2a: Alakazam|Reflect|p2a: Alakazam
|-start|p2a: Alakazam|Reflect
|move|p1a: Cut.Exe|Stun Spore|p2a: Alakazam
|-status|p2a: Alakazam|par
|
|turn|67
|choice|switch 5|move 1
|
|switch|p1a: Mega Gastly|Cloyster|199\/303
|cant|p2a: Alakazam|par
|
|turn|68
|choice|move 1|switch 4
|
|switch|p2a: Slowbro|Slowbro|210\/393 slp
|move|p1a: Mega Gastly|Clamp|p2a: Slowbro
|-resisted|p2a: Slowbro
|-damage|p2a: Slowbro|188\/393 slp
|-activate|p2a: Slowbro|move: Clamp|[of] p1a: Mega Gastly
|
|turn|69
|choice|move 1|switch 5
|
|switch|p2a: Chansey|Chansey|402\/703 par
|move|p1a: Mega Gastly|Clamp|p2a: Chansey|[miss]
|-miss|p1a: Mega Gastly
|
|turn|70
|choice|move 1|switch 4
|
|switch|p2a: Alakazam|Alakazam|313\/313 par
|move|p1a: Mega Gastly|Clamp|p2a: Alakazam
|-crit|p2a: Alakazam
|-damage|p2a: Alakazam|255\/313 par
|-activate|p2a: Alakazam|move: Clamp|[of] p1a: Mega Gastly
|
|turn|71
|choice|move 1|switch 5
|
|switch|p2a: Slowbro|Slowbro|188\/393 slp
|move|p1a: Mega Gastly|Clamp|p2a: Slowbro
|-resisted|p2a: Slowbro
|-damage|p2a: Slowbro|165\/393 slp
|-activate|p2a: Slowbro|move: Clamp|[of] p1a: Mega Gastly
|
|turn|72
|choice|move 1|switch 5
|
|switch|p2a: Alakazam|Alakazam|255\/313 par
|move|p1a: Mega Gastly|Clamp|p2a: Alakazam
|-damage|p2a: Alakazam|224\/313 par
|-activate|p2a: Alakazam|move: Clamp|[of] p1a: Mega Gastly
|
|turn|73
|choice|move 1|switch 4
|
|switch|p2a: Chansey|Chansey|402\/703 par
|move|p1a: Mega Gastly|Clamp|p2a: Chansey
|-damage|p2a: Chansey|367\/703 par
|-activate|p2a: Chansey|move: Clamp|[of] p1a: Mega Gastly
|
|turn|74
|choice|move 1|move 2
|
|move|p1a: Mega Gastly|Clamp|p2a: Chansey
|-damage|p2a: Chansey|332\/703 par
|cant|p2a: Chansey|partiallytrapped
|
|-end|p2a: Chansey|Clamp|[partiallytrapped]
|turn|75
|choice|move 1|switch 4
|
|switch|p2a: Alakazam|Alakazam|224\/313 par
|move|p1a: Mega Gastly|Clamp|p2a: Alakazam
|-damage|p2a: Alakazam|190\/313 par
|-activate|p2a: Alakazam|move: Clamp|[of] p1a: Mega Gastly
|
|turn|76
|choice|move 1|switch 5
|
|switch|p2a: Slowbro|Slowbro|165\/393 slp
|move|p1a: Mega Gastly|Clamp|p2a: Slowbro
|-resisted|p2a: Slowbro
|-damage|p2a: Slowbro|145\/393 slp
|-activate|p2a: Slowbro|move: Clamp|[of] p1a: Mega Gastly
|
|html|<div class="broadcast-red">Mega Gastly is in an endless loop.<\/div>
|turn|77
|choice|move 1|switch 5
|
|switch|p2a: Alakazam|Alakazam|190\/313 par
|move|p1a: Mega Gastly|Clamp|p2a: Alakazam
|-crit|p2a: Alakazam
|-damage|p2a: Alakazam|130\/313 par
|-activate|p2a: Alakazam|move: Clamp|[of] p1a: Mega Gastly
|
|turn|78
|choice|move 1|switch 4
|
|switch|p2a: Chansey|Chansey|332\/703 par
|move|p1a: Mega Gastly|Clamp|p2a: Chansey
|-damage|p2a: Chansey|293\/703 par
|-activate|p2a: Chansey|move: Clamp|[of] p1a: Mega Gastly
|
|turn|79
|choice|move 1|switch 5
|
|switch|p2a: Slowbro|Slowbro|145\/393 slp
|move|p1a: Mega Gastly|Clamp|p2a: Slowbro|[miss]
|-miss|p1a: Mega Gastly
|
|turn|80
|choice|move 1|switch 5
|
|switch|p2a: Chansey|Chansey|293\/703 par
|move|p1a: Mega Gastly|Clamp|p2a: Chansey
|-damage|p2a: Chansey|256\/703 par
|-activate|p2a: Chansey|move: Clamp|[of] p1a: Mega Gastly
|
|turn|81
|choice|move 1|switch 5
|
|switch|p2a: Slowbro|Slowbro|145\/393 slp
|move|p1a: Mega Gastly|Clamp|p2a: Slowbro
|-resisted|p2a: Slowbro
|-damage|p2a: Slowbro|124\/393 slp
|-activate|p2a: Slowbro|move: Clamp|[of] p1a: Mega Gastly
|
|turn|82
|choice|move 1|switch 5
|
|switch|p2a: Chansey|Chansey|256\/703 par
|move|p1a: Mega Gastly|Clamp|p2a: Chansey|[miss]
|-miss|p1a: Mega Gastly
|
|turn|83
|choice|move 1|switch 5
|
|switch|p2a: Slowbro|Slowbro|124\/393 slp
|move|p1a: Mega Gastly|Clamp|p2a: Slowbro|[miss]
|-miss|p1a: Mega Gastly
|
|turn|84
|choice|move 1|switch 5
|
|switch|p2a: Chansey|Chansey|256\/703 par
|move|p1a: Mega Gastly|Clamp|p2a: Chansey
|-damage|p2a: Chansey|221\/703 par
|-activate|p2a: Chansey|move: Clamp|[of] p1a: Mega Gastly
|
|turn|85
|choice|move 1|switch 5
|
|switch|p2a: Slowbro|Slowbro|124\/393 slp
|move|p1a: Mega Gastly|Clamp|p2a: Slowbro
|-resisted|p2a: Slowbro
|-damage|p2a: Slowbro|101\/393 slp
|-activate|p2a: Slowbro|move: Clamp|[of] p1a: Mega Gastly
|
|turn|86
|choice|move 1|switch 5
|
|switch|p2a: Chansey|Chansey|221\/703 par
|move|p1a: Mega Gastly|Clamp|p2a: Chansey
|-damage|p2a: Chansey|185\/703 par
|-activate|p2a: Chansey|move: Clamp|[of] p1a: Mega Gastly
|
|turn|87
|choice|move 1|switch 5
|
|switch|p2a: Slowbro|Slowbro|101\/393 slp
|move|p1a: Mega Gastly|Clamp|p2a: Slowbro
|-resisted|p2a: Slowbro
|-damage|p2a: Slowbro|81\/393 slp
|-activate|p2a: Slowbro|move: Clamp|[of] p1a: Mega Gastly
|
|turn|88
|choice|move 1|switch 5
|
|switch|p2a: Chansey|Chansey|185\/703 par
|move|p1a: Mega Gastly|Clamp|p2a: Chansey
|-damage|p2a: Chansey|146\/703 par
|-activate|p2a: Chansey|move: Clamp|[of] p1a: Mega Gastly
|
|turn|89
|choice|move 1|switch 5
|
|switch|p2a: Slowbro|Slowbro|81\/393 slp
|move|p1a: Mega Gastly|Clamp|p2a: Slowbro
|-resisted|p2a: Slowbro
|-damage|p2a: Slowbro|60\/393 slp
|-activate|p2a: Slowbro|move: Clamp|[of] p1a: Mega Gastly
|
|turn|90
|choice|move 1|move 3
|
|move|p1a: Mega Gastly|Clamp|p2a: Slowbro
|-damage|p2a: Slowbro|39\/393 slp
|-curestatus|p2a: Slowbro|slp
|
|-end|p2a: Slowbro|Clamp|[partiallytrapped]
|turn|91
|choice|move 1|move 3
|
|move|p1a: Mega Gastly|Clamp|p2a: Slowbro
|-resisted|p2a: Slowbro
|-damage|p2a: Slowbro|16\/393
|-activate|p2a: Slowbro|move: Clamp|[of] p1a: Mega Gastly
|cant|p2a: Slowbro|partiallytrapped
|
|turn|92
|choice|move 1|move 3
|
|move|p1a: Mega Gastly|Clamp|p2a: Slowbro
|-damage|p2a: Slowbro|0 fnt
|faint|p2a: Slowbro
|choice||switch 2
|
|switch|p2a: Rhydon|Rhydon|168\/413
|turn|93
|choice|move 1|move 1
|
|move|p1a: Mega Gastly|Clamp|p2a: Rhydon
|-supereffective|p2a: Rhydon
|-damage|p2a: Rhydon|0 fnt
|faint|p2a: Rhydon
|choice||switch 5
|
|switch|p2a: Chansey|Chansey|146\/703 par
|html|<div class="broadcast-red">If this format had Endless Battle Clause, it would have activated.<\/div>
|turn|94
|choice|move 1|move 3
|
|move|p1a: Mega Gastly|Clamp|p2a: Chansey
|-damage|p2a: Chansey|108\/703 par
|-activate|p2a: Chansey|move: Clamp|[of] p1a: Mega Gastly
|cant|p2a: Chansey|partiallytrapped
|
|html|<div class="broadcast-red">Chansey is in an endless loop.<\/div>
|turn|95
|choice|move 1|switch 4
|
|switch|p2a: Alakazam|Alakazam|130\/313 par
|move|p1a: Mega Gastly|Clamp|p2a: Alakazam
|-damage|p2a: Alakazam|101\/313 par
|-activate|p2a: Alakazam|move: Clamp|[of] p1a: Mega Gastly
|
|turn|96
|choice|move 1|switch 4
|
|switch|p2a: Chansey|Chansey|108\/703 par
|move|p1a: Mega Gastly|Clamp|p2a: Chansey
|-damage|p2a: Chansey|70\/703 par
|-activate|p2a: Chansey|move: Clamp|[of] p1a: Mega Gastly
|
|turn|97
|choice|move 1|switch 4
|
|switch|p2a: Alakazam|Alakazam|101\/313 par
|move|p1a: Mega Gastly|Clamp|p2a: Alakazam
|-damage|p2a: Alakazam|72\/313 par
|-activate|p2a: Alakazam|move: Clamp|[of] p1a: Mega Gastly
|
|turn|98
|choice|move 1|switch 4
|
|switch|p2a: Chansey|Chansey|70\/703 par
|move|p1a: Mega Gastly|Clamp|p2a: Chansey
|-damage|p2a: Chansey|31\/703 par
|-activate|p2a: Chansey|move: Clamp|[of] p1a: Mega Gastly
|
|turn|99
|choice|move 1|move 3
|
|move|p1a: Mega Gastly|Clamp|p2a: Chansey
|-damage|p2a: Chansey|0 fnt
|faint|p2a: Chansey
|choice||switch 4
|
|switch|p2a: Alakazam|Alakazam|72\/313 par
|turn|100
|choice|move 1|move 1
|
|move|p1a: Mega Gastly|Clamp|p2a: Alakazam
|-damage|p2a: Alakazam|42\/313 par
|-activate|p2a: Alakazam|move: Clamp|[of] p1a: Mega Gastly
|cant|p2a: Alakazam|par
|
|turn|101
|choice|move 1|move 1
|
|move|p1a: Mega Gastly|Clamp|p2a: Alakazam
|-damage|p2a: Alakazam|12\/313 par
|cant|p2a: Alakazam|partiallytrapped
|
|-end|p2a: Alakazam|Clamp|[partiallytrapped]
|turn|102
|choice|move 1|move 1
|
|move|p1a: Mega Gastly|Clamp|p2a: Alakazam
|-damage|p2a: Alakazam|0 fnt
|faint|p2a: Alakazam
|
|win|Ch01W0n5h1n
|l|Genocide420
|player|p2