|j|moogledrink
|j|Fella McFellerson
|player|p1|moogledrink|143
|player|p2|Fella McFellerson|162
|gametype|singles
|gen|1
|tier|[Gen 1] Random Battle
|seed|63853,7219,21641,53408
|rule|Sleep Clause Mod: Limit one foe put to sleep
|rule|Freeze Clause Mod: Limit one foe frozen
|rule|HP Percentage Mod: HP is shown in percentages
|
|start
|switch|p1a: Ninetales|Ninetales, L85|298\/298
|switch|p2a: Horsea|Horsea, L96|252\/252
|turn|1
|choice|switch 2|move 2
|
|switch|p1a: Zapdos|Zapdos, L79|304\/304
|move|p2a: Horsea|Surf|p1a: Zapdos
|-damage|p1a: Zapdos|222\/304
|
|turn|2
|choice|move 2|switch 5
|
|switch|p2a: Nidoking|Nidoking, L85|311\/311
|move|p1a: Zapdos|Thunderbolt|p2a: Nidoking
|-immune|p2a: Nidoking|[msg]
|
|turn|3
|j|TheViewtiful
|choice|switch 4|move 2
|
|switch|p1a: Nidorina|Nidorina, L90|309\/309
|move|p2a: Nidoking|Blizzard|p1a: Nidorina
|-crit|p1a: Nidorina
|-damage|p1a: Nidorina|146\/309
|-status|p1a: Nidorina|frz
|
|turn|4
|c| TheViewtiful|:^) boo
|choice|move 3|move 1
|
|move|p2a: Nidoking|Earthquake|p1a: Nidorina
|-supereffective|p1a: Nidorina
|-damage|p1a: Nidorina|0 fnt
|faint|p1a: Nidorina
|choice|switch 6|
|
|switch|p1a: Hypno|Hypno, L85|318\/318
|turn|5
|choice|move 1|switch 5
|
|switch|p2a: Horsea|Horsea, L96|252\/252
|move|p1a: Hypno|Psychic|p2a: Horsea
|-damage|p2a: Horsea|144\/252
|-unboost|p2a: Horsea|spd|1
|-unboost|p2a: Horsea|spa|1
|
|turn|6
|choice|move 1|move 4
|
|move|p2a: Horsea|Blizzard|p1a: Hypno
|-crit|p1a: Hypno
|-damage|p1a: Hypno|181\/318
|move|p1a: Hypno|Psychic|p2a: Horsea
|-damage|p2a: Horsea|0 fnt
|faint|p2a: Horsea
|choice||switch 4
|
|switch|p2a: Alakazam|Alakazam, L79|249\/249
|turn|7
|j|BakkenBuckingham
|choice|move 3|move 2
|
|move|p2a: Alakazam|Thunder Wave|p1a: Hypno
|-status|p1a: Hypno|par
|cant|p1a: Hypno|par
|
|turn|8
|choice|move 3|move 1
|
|move|p2a: Alakazam|Psychic|p1a: Hypno
|-resisted|p1a: Hypno
|-damage|p1a: Hypno|136\/318 par
|move|p1a: Hypno|Thunder Wave|p2a: Alakazam
|-status|p2a: Alakazam|par
|
|turn|9
|choice|move 2|switch 6
|
|switch|p2a: Tauros|Tauros, L79|280\/280
|move|p1a: Hypno|Rest|p1a: Hypno
|-status|p1a: Hypno|slp
|-heal|p1a: Hypno|318\/318 slp|[silent]
|-status|p1a: Hypno|slp|[from] move: Rest
|
|turn|10
|choice|switch 3|move 2
|
|switch|p1a: Omastar|Omastar, L90|309\/309
|move|p2a: Tauros|Earthquake|p1a: Omastar
|-supereffective|p1a: Omastar
|-damage|p1a: Omastar|212\/309
|
|turn|11
|c| TheViewtiful|that defense
|choice|move 4|move 2
|
|move|p2a: Tauros|Earthquake|p1a: Omastar
|-supereffective|p1a: Omastar
|-damage|p1a: Omastar|113\/309
|move|p1a: Omastar|Surf|p2a: Tauros
|-damage|p2a: Tauros|130\/280
|
|turn|12
|choice|switch 4|move 4
|
|switch|p1a: Zapdos|Zapdos, L79|222\/304
|move|p2a: Tauros|Hyper Beam|p1a: Zapdos
|-damage|p1a: Zapdos|70\/304
|
|turn|13
|-mustrecharge|p2a: Tauros
|-mustrecharge|p2a: Tauros
|choice|move 1|move 1
|
|cant|p2a: Tauros|recharge
|move|p1a: Zapdos|Drill Peck|p2a: Tauros
|-crit|p2a: Tauros
|-damage|p2a: Tauros|0 fnt
|faint|p2a: Tauros
|choice||switch 5
|
|switch|p2a: Nidoking|Nidoking, L85|311\/311
|turn|14
|choice|move 1|move 2
|
|move|p1a: Zapdos|Drill Peck|p2a: Nidoking
|-crit|p2a: Nidoking
|-damage|p2a: Nidoking|152\/311
|move|p2a: Nidoking|Blizzard|p1a: Zapdos
|-supereffective|p1a: Zapdos
|-damage|p1a: Zapdos|0 fnt
|faint|p1a: Zapdos
|choice|switch 5|
|
|switch|p1a: Dugtrio|Dugtrio, L85|233\/233
|turn|15
|c| TheViewtiful|gg
|choice|move 1|move 2
|
|move|p1a: Dugtrio|Earthquake|p2a: Nidoking
|-supereffective|p2a: Nidoking
|-damage|p2a: Nidoking|0 fnt
|faint|p2a: Nidoking
|c| TheViewtiful|gg
|choice||switch 2
|
|switch|p2a: Krabby|Krabby, L96|252\/252
|turn|16
|choice|switch 3|move 2
|
|switch|p1a: Hypno|Hypno, L85|318\/318 slp
|move|p2a: Krabby|Blizzard|p1a: Hypno
|-damage|p1a: Hypno|275\/318 slp
|
|turn|17
|choice|move 1|move 4
|
|cant|p1a: Hypno|slp
|move|p2a: Krabby|Swords Dance|p2a: Krabby
|-boost|p2a: Krabby|atk|2
|
|turn|18
|choice|move 3|move 4
|
|-curestatus|p1a: Hypno|slp
|move|p2a: Krabby|Swords Dance|p2a: Krabby
|-boost|p2a: Krabby|atk|2
|
|turn|19
|choice|move 1|move 1
|
|move|p1a: Hypno|Psychic|p2a: Krabby
|-damage|p2a: Krabby|88\/252
|move|p2a: Krabby|Body Slam|p1a: Hypno
|-damage|p1a: Hypno|0 fnt
|faint|p1a: Hypno
|choice|switch 3|
|
|switch|p1a: Dugtrio|Dugtrio, L85|233\/233
|turn|20
|choice|move 1|move 3
|
|move|p1a: Dugtrio|Earthquake|p2a: Krabby
|-crit|p2a: Krabby
|-damage|p2a: Krabby|0 fnt
|faint|p2a: Krabby
|choice||switch 3
|
|switch|p2a: Snorlax|Snorlax, L79|415\/415
|turn|21
|choice|move 3|move 1
|
|move|p1a: Dugtrio|Slash|p2a: Snorlax
|-crit|p2a: Snorlax
|-damage|p2a: Snorlax|301\/415
|move|p2a: Snorlax|Amnesia|p2a: Snorlax
|-boost|p2a: Snorlax|spd|2
|-boost|p2a: Snorlax|spa|2
|
|turn|22
|choice|move 1|move 2
|
|move|p1a: Dugtrio|Earthquake|p2a: Snorlax
|-damage|p2a: Snorlax|175\/415
|move|p2a: Snorlax|Blizzard|p1a: Dugtrio
|-supereffective|p1a: Dugtrio
|-damage|p1a: Dugtrio|0 fnt
|faint|p1a: Dugtrio
|choice|switch 4|
|
|switch|p1a: Omastar|Omastar, L90|113\/309
|turn|23
|choice|move 2|move 2
|
|move|p1a: Omastar|Seismic Toss|p2a: Snorlax
|-damage|p2a: Snorlax|85\/415
|move|p2a: Snorlax|Blizzard|p1a: Omastar
|-resisted|p1a: Omastar
|-damage|p1a: Omastar|72\/309
|-status|p1a: Omastar|frz
|
|turn|24
|choice|move 2|move 2
|
|cant|p1a: Omastar|frz
|move|p2a: Snorlax|Blizzard|p1a: Omastar
|-resisted|p1a: Omastar
|-damage|p1a: Omastar|27\/309 frz
|
|turn|25
|choice|move 2|switch 6
|
|switch|p2a: Alakazam|Alakazam, L79|249\/249 par
|cant|p1a: Omastar|frz
|
|turn|26
|choice|move 2|move 4
|
|cant|p1a: Omastar|frz
|cant|p2a: Alakazam|par
|
|turn|27
|choice|move 2|move 4
|
|cant|p1a: Omastar|frz
|cant|p2a: Alakazam|par
|
|turn|28
|choice|move 2|move 4
|
|cant|p1a: Omastar|frz
|cant|p2a: Alakazam|par
|
|turn|29
|choice|move 2|move 4
|
|cant|p1a: Omastar|frz
|move|p2a: Alakazam|Seismic Toss|p1a: Omastar
|-damage|p1a: Omastar|0 fnt
|faint|p1a: Omastar
|choice|switch 2|
|
|switch|p1a: Ninetales|Ninetales, L85|298\/298
|turn|30
|choice|move 2|move 2
|
|move|p1a: Ninetales|Confuse Ray|p2a: Alakazam
|-start|p2a: Alakazam|confusion
|-activate|p2a: Alakazam|confusion
|move|p2a: Alakazam|Thunder Wave|p1a: Ninetales
|-status|p1a: Ninetales|par
|
|turn|31
|choice|move 1|move 1
|
|-activate|p2a: Alakazam|confusion
|move|p2a: Alakazam|Psychic|p1a: Ninetales
|-damage|p1a: Ninetales|200\/298 par
|-unboost|p1a: Ninetales|spd|1
|-unboost|p1a: Ninetales|spa|1
|move|p1a: Ninetales|Fire Blast|p2a: Alakazam
|-damage|p2a: Alakazam|174\/249 par
|
|turn|32
|c| TheViewtiful|parafusion
|choice|move 1|move 1
|
|-end|p2a: Alakazam|confusion
|move|p2a: Alakazam|Psychic|p1a: Ninetales
|-damage|p1a: Ninetales|57\/298 par
|-unboost|p1a: Ninetales|spd|1
|-unboost|p1a: Ninetales|spa|1
|move|p1a: Ninetales|Fire Blast|p2a: Alakazam
|-damage|p2a: Alakazam|122\/249 par
|
|turn|33
|choice|move 4|switch 6
|
|switch|p2a: Snorlax|Snorlax, L79|85\/415
|move|p1a: Ninetales|Hyper Beam|p2a: Snorlax
|-damage|p2a: Snorlax|0 fnt
|faint|p2a: Snorlax
|choice||switch 6
|
|switch|p2a: Alakazam|Alakazam, L79|122\/249 par
|turn|34
|choice|move 4|move 1
|
|move|p2a: Alakazam|Psychic|p1a: Ninetales
|-damage|p1a: Ninetales|0 fnt
|faint|p1a: Ninetales
|
|win|Fella McFellerson