|join|Vega1234
|join|XianJu
|player|p1|Vega1234|169
|player|p2|XianJu|130
|gametype|singles
|gen|1
|tier|[Gen 1] Random Battle
|rule|Sleep Clause Mod: Limit one foe put to sleep
|rule|Freeze Clause Mod: Limit one foe frozen
|rule|HP Percentage Mod: HP is shown in percentages
|
|start
|switch|p1a: Cloyster|Cloyster, L83|253\/253
|switch|p2a: Zubat|Zubat, L96|272\/272
|turn|1
|
|move|p2a: Zubat|Mega Drain|p1a: Cloyster
|-supereffective|p1a: Cloyster
|-damage|p1a: Cloyster|209\/253
|move|p1a: Cloyster|Blizzard|p2a: Zubat
|-supereffective|p2a: Zubat
|-damage|p2a: Zubat|0 fnt
|faint|p2a: Zubat
|
|switch|p2a: Electrode|Electrode, L90|291\/291
|turn|2
|
|move|p2a: Electrode|Thunder|p1a: Cloyster|[miss]
|-miss|p2a: Electrode
|move|p1a: Cloyster|Blizzard|p2a: Electrode
|-damage|p2a: Electrode|187\/291
|
|turn|3
|
|move|p2a: Electrode|Thunder|p1a: Cloyster
|-supereffective|p1a: Cloyster
|-damage|p1a: Cloyster|0 fnt
|faint|p1a: Cloyster
|
|switch|p1a: Vileplume|Vileplume, L90|318\/318
|turn|4
|
|move|p2a: Electrode|Explosion|p1a: Vileplume
|-damage|p1a: Vileplume|154\/318
|faint|p2a: Electrode
|
|switch|p2a: Rapidash|Rapidash, L90|300\/300
|turn|5
|
|move|p2a: Rapidash|Fire Blast|p1a: Vileplume
|-supereffective|p1a: Vileplume
|-damage|p1a: Vileplume|0 fnt
|faint|p1a: Vileplume
|
|switch|p1a: Aerodactyl|Aerodactyl, L90|327\/327
|turn|6
|
|switch|p2a: Hypno|Hypno, L85|318\/318
|move|p1a: Aerodactyl|Sky Attack|p2a: Hypno|[still]
|-prepare|p1a: Aerodactyl|Sky Attack|p2a: Hypno
|
|turn|7
|
|move|p1a: Aerodactyl|Sky Attack|p2a: Hypno
|-crit|p2a: Hypno
|-damage|p2a: Hypno|0 fnt
|faint|p2a: Hypno
|
|switch|p2a: Dewgong|Dewgong, L85|327\/327
|turn|8
|
|move|p1a: Aerodactyl|Hyper Beam|p2a: Dewgong
|-damage|p2a: Dewgong|194\/327
|move|p2a: Dewgong|Surf|p1a: Aerodactyl
|-supereffective|p1a: Aerodactyl
|-damage|p1a: Aerodactyl|83\/327
|
|turn|9
|-mustrecharge|p1a: Aerodactyl
|-mustrecharge|p1a: Aerodactyl
|
|cant|p1a: Aerodactyl|recharge
|move|p2a: Dewgong|Surf|p1a: Aerodactyl
|-supereffective|p1a: Aerodactyl
|-damage|p1a: Aerodactyl|0 fnt
|faint|p1a: Aerodactyl
|
|switch|p1a: Magneton|Magneton, L90|273\/273
|turn|10
|
|switch|p2a: Ivysaur|Ivysaur, L85|276\/276
|move|p1a: Magneton|Thunderbolt|p2a: Ivysaur
|-resisted|p2a: Ivysaur
|-damage|p2a: Ivysaur|211\/276
|
|turn|11
|
|move|p1a: Magneton|Hyper Beam|p2a: Ivysaur
|-damage|p2a: Ivysaur|96\/276
|move|p2a: Ivysaur|Sleep Powder|p1a: Magneton
|-status|p1a: Magneton|slp
|
|turn|12
|-mustrecharge|p1a: Magneton
|-mustrecharge|p1a: Magneton
|
|cant|p1a: Magneton|recharge
|move|p2a: Ivysaur|Swords Dance|p2a: Ivysaur
|-boost|p2a: Ivysaur|atk|2
|
|turn|13
|
|cant|p1a: Magneton|slp
|move|p2a: Ivysaur|Leech Seed|p1a: Magneton
|-start|p1a: Magneton|move: Leech Seed
|
|turn|14
|
|cant|p1a: Magneton|slp
|-damage|p1a: Magneton|256\/273 slp|[from] Leech Seed|[of] p2a: Ivysaur
|-heal|p2a: Ivysaur|113\/276|[silent]
|move|p2a: Ivysaur|Razor Leaf|p1a: Magneton
|-crit|p1a: Magneton
|-damage|p1a: Magneton|174\/273 slp
|
|turn|15
|
|-damage|p1a: Magneton|157\/273 slp|[from] Leech Seed|[of] p2a: Ivysaur
|-heal|p2a: Ivysaur|130\/276|[silent]
|-curestatus|p1a: Magneton|slp
|move|p2a: Ivysaur|Razor Leaf|p1a: Magneton
|-crit|p1a: Magneton
|-damage|p1a: Magneton|73\/273
|
|turn|16
|
|move|p1a: Magneton|Hyper Beam|p2a: Ivysaur
|-crit|p2a: Ivysaur
|-damage|p2a: Ivysaur|0 fnt
|faint|p2a: Ivysaur
|
|switch|p2a: Rapidash|Rapidash, L90|300\/300
|turn|17
|
|switch|p1a: Machamp|Machamp, L90|345\/345
|move|p2a: Rapidash|Fire Blast|p1a: Machamp
|-damage|p1a: Machamp|190\/345
|-status|p1a: Machamp|brn
|
|turn|18
|
|move|p2a: Rapidash|Reflect|p2a: Rapidash
|-start|p2a: Rapidash|Reflect
|move|p1a: Machamp|Earthquake|p2a: Rapidash
|-supereffective|p2a: Rapidash
|-damage|p2a: Rapidash|245\/300
|-damage|p1a: Machamp|169\/345 brn|[from] brn|[of] p2a: Rapidash
|
|turn|19
|
|move|p2a: Rapidash|Substitute|p2a: Rapidash
|-start|p2a: Rapidash|Substitute
|-damage|p2a: Rapidash|170\/300
|move|p1a: Machamp|Rock Slide|p2a: Rapidash
|-supereffective|p2a: Rapidash
|-activate|p2a: Rapidash|Substitute|[damage]
|-damage|p1a: Machamp|148\/345 brn|[from] brn|[of] p2a: Rapidash
|
|turn|20
|
|move|p2a: Rapidash|Fire Blast|p1a: Machamp|[miss]
|-miss|p2a: Rapidash
|move|p1a: Machamp|Hyper Beam|p2a: Rapidash
|-end|p2a: Rapidash|Substitute
|-damage|p1a: Machamp|127\/345 brn|[from] brn|[of] p2a: Rapidash
|
|turn|21
|
|move|p2a: Rapidash|Substitute|p2a: Rapidash
|-start|p2a: Rapidash|Substitute
|-damage|p2a: Rapidash|95\/300
|move|p1a: Machamp|Hyper Beam|p2a: Rapidash
|-activate|p2a: Rapidash|Substitute|[damage]
|-damage|p1a: Machamp|106\/345 brn|[from] brn|[of] p2a: Rapidash
|
|turn|22
|
|move|p2a: Rapidash|Fire Blast|p1a: Machamp|[miss]
|-miss|p2a: Rapidash
|move|p1a: Machamp|Hyper Beam|p2a: Rapidash|[miss]
|-miss|p1a: Machamp
|-damage|p1a: Machamp|85\/345 brn|[from] brn|[of] p2a: Rapidash
|
|turn|23
|
|move|p2a: Rapidash|Fire Blast|p1a: Machamp
|-damage|p1a: Machamp|0 fnt
|faint|p1a: Machamp
|
|switch|p1a: Growlithe|Growlithe, L96|300\/300
|turn|24
|
|move|p2a: Rapidash|Body Slam|p1a: Growlithe
|-damage|p1a: Growlithe|204\/300
|move|p1a: Growlithe|Body Slam|p2a: Rapidash
|-crit|p2a: Rapidash
|-end|p2a: Rapidash|Substitute
|
|turn|25
|
|move|p2a: Rapidash|Body Slam|p1a: Growlithe
|-crit|p1a: Growlithe
|-damage|p1a: Growlithe|33\/300
|-status|p1a: Growlithe|par
|move|p1a: Growlithe|Body Slam|p2a: Rapidash
|-damage|p2a: Rapidash|58\/300
|
|turn|26
|
|move|p2a: Rapidash|Body Slam|p1a: Growlithe
|-damage|p1a: Growlithe|0 fnt
|faint|p1a: Growlithe
|
|switch|p1a: Magneton|Magneton, L90|73\/273
|turn|27
|
|move|p2a: Rapidash|Fire Blast|p1a: Magneton
|-damage|p1a: Magneton|0 fnt
|faint|p1a: Magneton
|
|win|XianJu