|join|LekkasPetalouda
|join|andrewandres
|player|p1|LekkasPetalouda|265
|player|p2|andrewandres|266
|gametype|singles
|gen|1
|tier|[Gen 1] Random Battle
|rated
|rule|Sleep Clause Mod: Limit one foe put to sleep
|rule|Freeze Clause Mod: Limit one foe frozen
|rule|HP Percentage Mod: HP is shown in percentages
|
|start
|switch|p1a: Electabuzz|Electabuzz, L85|284\/284
|switch|p2a: Charizard|Charizard, L85|306\/306
|turn|1
|
|switch|p2a: Mew|Mew, L74|300\/300
|move|p1a: Electabuzz|Thunder Wave|p2a: Mew
|-status|p2a: Mew|par
|
|turn|2
|
|switch|p1a: Rhydon|Rhydon, L79|328\/328
|move|p2a: Mew|Explosion|p1a: Rhydon
|-crit|p1a: Rhydon
|-resisted|p1a: Rhydon
|-damage|p1a: Rhydon|159\/328
|faint|p2a: Mew
|
|switch|p2a: Tentacruel|Tentacruel, L85|310\/310
|turn|3
|
|switch|p1a: Alakazam|Alakazam, L79|249\/249
|move|p2a: Tentacruel|Surf|p1a: Alakazam
|-damage|p1a: Alakazam|151\/249
|
|turn|4
|
|move|p1a: Alakazam|Thunder Wave|p2a: Tentacruel
|-status|p2a: Tentacruel|par
|move|p2a: Tentacruel|Hyper Beam|p1a: Alakazam
|-damage|p1a: Alakazam|16\/249
|
|turn|5
|-mustrecharge|p2a: Tentacruel
|-mustrecharge|p2a: Tentacruel
|
|move|p1a: Alakazam|Psychic|p2a: Tentacruel
|-supereffective|p2a: Tentacruel
|-damage|p2a: Tentacruel|138\/310 par
|-unboost|p2a: Tentacruel|spd|1
|-unboost|p2a: Tentacruel|spa|1
|cant|p2a: Tentacruel|recharge
|
|turn|6
|c|★andrewandres|my god..
|
|move|p1a: Alakazam|Psychic|p2a: Tentacruel
|-supereffective|p2a: Tentacruel
|-damage|p2a: Tentacruel|0 fnt
|faint|p2a: Tentacruel
|
|switch|p2a: Fearow|Fearow, L90|300\/300
|turn|7
|c|★LekkasPetalouda|oo you are the guy that i usually cum on his face???
|c|★andrewandres|zZzzZ
|
|switch|p1a: Caterpie|Caterpie, L99|290\/290
|move|p2a: Fearow|Double-Edge|p1a: Caterpie
|-crit|p1a: Caterpie
|-damage|p1a: Caterpie|0 fnt
|-damage|p2a: Fearow|228\/300|[from] recoil|[of] p1a: Caterpie
|faint|p1a: Caterpie
|
|switch|p1a: Electabuzz|Electabuzz, L85|284\/284
|turn|8
|
|move|p2a: Fearow|Double-Edge|p1a: Electabuzz
|-damage|p1a: Electabuzz|135\/284
|-damage|p2a: Fearow|191\/300|[from] recoil|[of] p1a: Electabuzz
|move|p1a: Electabuzz|Thunderbolt|p2a: Fearow
|-supereffective|p2a: Fearow
|-damage|p2a: Fearow|0 fnt
|faint|p2a: Fearow
|
|switch|p2a: Charizard|Charizard, L85|306\/306
|turn|9
|
|move|p1a: Electabuzz|Thunder Wave|p2a: Charizard
|-status|p2a: Charizard|par
|move|p2a: Charizard|Fire Blast|p1a: Electabuzz
|-damage|p1a: Electabuzz|21\/284
|
|turn|10
|
|move|p1a: Electabuzz|Thunderbolt|p2a: Charizard
|-crit|p2a: Charizard
|-supereffective|p2a: Charizard
|-damage|p2a: Charizard|0 fnt
|faint|p2a: Charizard
|
|switch|p2a: Rapidash|Rapidash, L90|300\/300
|turn|11
|c|★LekkasPetalouda|holy mother of god
|c|★LekkasPetalouda|your team is unbelievable
|c|★LekkasPetalouda|yet y choose to suck my dick???
|c|★LekkasPetalouda|is it because of my dick
|c|★LekkasPetalouda|or you do that to others too???
|
|move|p2a: Rapidash|Body Slam|p1a: Electabuzz
|-crit|p1a: Electabuzz
|-damage|p1a: Electabuzz|0 fnt
|faint|p1a: Electabuzz
|
|switch|p1a: Rhydon|Rhydon, L79|159\/328
|turn|12
|
|move|p2a: Rapidash|Fire Blast|p1a: Rhydon
|-resisted|p1a: Rhydon
|-damage|p1a: Rhydon|58\/328
|move|p1a: Rhydon|Earthquake|p2a: Rapidash
|-supereffective|p2a: Rapidash
|-damage|p2a: Rapidash|73\/300
|
|turn|13
|
|move|p2a: Rapidash|Fire Blast|p1a: Rhydon
|-resisted|p1a: Rhydon
|-damage|p1a: Rhydon|0 fnt
|faint|p1a: Rhydon
|
|switch|p1a: Lapras|Lapras, L79|367\/367
|turn|14
|
|switch|p2a: Tentacool|Tentacool, L96|272\/272
|move|p1a: Lapras|Ice Beam|p2a: Tentacool
|-resisted|p2a: Tentacool
|-damage|p2a: Tentacool|235\/272
|
|turn|15
|
|move|p2a: Tentacool|Double-Edge|p1a: Lapras
|-damage|p1a: Lapras|307\/367
|-damage|p2a: Tentacool|220\/272|[from] recoil|[of] p1a: Lapras
|move|p1a: Lapras|Thunderbolt|p2a: Tentacool
|-supereffective|p2a: Tentacool
|-damage|p2a: Tentacool|129\/272
|
|turn|16
|
|move|p2a: Tentacool|Hydro Pump|p1a: Lapras|[miss]
|-miss|p2a: Tentacool
|move|p1a: Lapras|Thunderbolt|p2a: Tentacool
|-supereffective|p2a: Tentacool
|-damage|p2a: Tentacool|37\/272
|
|turn|17
|
|move|p2a: Tentacool|Hydro Pump|p1a: Lapras
|-resisted|p1a: Lapras
|-damage|p1a: Lapras|224\/367
|move|p1a: Lapras|Thunderbolt|p2a: Tentacool
|-supereffective|p2a: Tentacool
|-damage|p2a: Tentacool|0 fnt
|faint|p2a: Tentacool
|
|switch|p2a: Rapidash|Rapidash, L90|73\/300
|turn|18
|
|move|p2a: Rapidash|Fire Blast|p1a: Lapras|[miss]
|-miss|p2a: Rapidash
|move|p1a: Lapras|Ice Beam|p2a: Rapidash
|-damage|p2a: Rapidash|0 fnt
|faint|p2a: Rapidash
|
|win|LekkasPetalouda
|raw|Ladder updating...
|leave|andrewandres
|player|p2
|c|★LekkasPetalouda|oo shitttttt
|raw|LekkasPetalouda's rating: 1347 &rarr; <strong>1367<\/strong><br \/>(+20 for winning)
|raw|andrewandres's rating: 1342 &rarr; <strong>1323<\/strong><br \/>(-19 for losing)