|j|katje eet vis
|j|Utty
|player|p1|katje eet vis|21
|player|p2|Utty|124
|gametype|singles
|gen|1
|tier|[Gen 1] Random Battle
|rated
|seed|5693,17597,15700,25857
|rule|Sleep Clause Mod: Limit one foe put to sleep
|rule|Freeze Clause Mod: Limit one foe frozen
|rule|HP Percentage Mod: HP is shown in percentages
|
|start
|switch|p1a: Growlithe|Growlithe, L96|300\/300
|switch|p2a: Mr. Mime|Mr. Mime, L85|242\/242
|turn|1
|choice|move 4|move 4
|
|move|p2a: Mr. Mime|Thunder Wave|p1a: Growlithe
|-status|p1a: Growlithe|par
|cant|p1a: Growlithe|par
|
|turn|2
|choice|move 4|move 3
|
|move|p2a: Mr. Mime|Psychic|p1a: Growlithe
|-damage|p1a: Growlithe|171\/300 par
|-unboost|p1a: Growlithe|spd|1
|-unboost|p1a: Growlithe|spa|1
|move|p1a: Growlithe|Body Slam|p2a: Mr. Mime
|-damage|p2a: Mr. Mime|172\/242
|
|turn|3
|choice|move 4|move 3
|
|move|p2a: Mr. Mime|Psychic|p1a: Growlithe
|-damage|p1a: Growlithe|0 fnt
|faint|p1a: Growlithe
|choice|switch 2|
|
|switch|p1a: Jigglypuff|Jigglypuff, L99|428\/428
|turn|4
|choice|move 1|move 4
|
|move|p2a: Mr. Mime|Thunder Wave|p1a: Jigglypuff
|-status|p1a: Jigglypuff|par
|cant|p1a: Jigglypuff|par
|
|turn|5
|j|aya46
|choice|move 1|move 3
|
|move|p2a: Mr. Mime|Psychic|p1a: Jigglypuff
|-crit|p1a: Jigglypuff
|-damage|p1a: Jigglypuff|107\/428 par
|-unboost|p1a: Jigglypuff|spd|1
|-unboost|p1a: Jigglypuff|spa|1
|move|p1a: Jigglypuff|Thunder Wave|p2a: Mr. Mime
|-status|p2a: Mr. Mime|par
|
|turn|6
|choice|move 4|move 3
|
|cant|p2a: Mr. Mime|par
|cant|p1a: Jigglypuff|par
|
|turn|7
|choice|move 4|move 1
|
|cant|p2a: Mr. Mime|par
|move|p1a: Jigglypuff|Double-Edge|p2a: Mr. Mime
|-damage|p2a: Mr. Mime|65\/242 par
|-damage|p1a: Jigglypuff|81\/428 par|[from] recoil|[of] p2a: Mr. Mime
|
|turn|8
|choice|move 4|move 3
|
|move|p2a: Mr. Mime|Psychic|p1a: Jigglypuff
|-damage|p1a: Jigglypuff|0 fnt
|faint|p1a: Jigglypuff
|choice|switch 5|
|
|switch|p1a: Sandslash|Sandslash, L85|301\/301
|turn|9
|choice|move 4|move 4
|
|move|p1a: Sandslash|Substitute|p1a: Sandslash
|-start|p1a: Sandslash|Substitute
|-damage|p1a: Sandslash|226\/301
|move|p2a: Mr. Mime|Thunder Wave|p1a: Sandslash
|-immune|p1a: Sandslash|[msg]
|
|turn|10
|choice|move 1|move 3
|
|move|p1a: Sandslash|Earthquake|p2a: Mr. Mime
|-damage|p2a: Mr. Mime|0 fnt
|faint|p2a: Mr. Mime
|l|aya46
|choice||switch 3
|
|switch|p2a: Dewgong|Dewgong, L85|327\/327
|turn|11
|choice|move 2|move 1
|
|move|p2a: Dewgong|Surf|p1a: Sandslash
|-supereffective|p1a: Sandslash
|-end|p1a: Sandslash|Substitute
|move|p1a: Sandslash|Body Slam|p2a: Dewgong
|-crit|p2a: Dewgong
|-damage|p2a: Dewgong|202\/327
|
|turn|12
|choice|switch 6|move 1
|
|switch|p1a: Chansey|Chansey, L79|557\/557
|move|p2a: Dewgong|Surf|p1a: Chansey
|-damage|p1a: Chansey|462\/557
|
|turn|13
|choice|move 3|move 4
|
|move|p2a: Dewgong|Mimic|p1a: Chansey
|-start|p2a: Dewgong|Mimic|Soft-Boiled
|move|p1a: Chansey|Thunder Wave|p2a: Dewgong
|-status|p2a: Dewgong|par
|
|turn|14
|choice|move 4|move 3
|
|move|p2a: Dewgong|Blizzard|p1a: Chansey
|-damage|p1a: Chansey|347\/557
|-status|p1a: Chansey|frz
|cant|p1a: Chansey|frz
|
|turn|15
|choice|switch 4|move 4
|
|switch|p1a: Hitmonlee|Hitmonlee, L90|273\/273
|move|p2a: Dewgong|Soft-Boiled|p2a: Dewgong
|-heal|p2a: Dewgong|327\/327 par
|
|turn|16
|choice|move 2|move 1
|
|move|p1a: Hitmonlee|High Jump Kick|p2a: Dewgong
|-supereffective|p2a: Dewgong
|-damage|p2a: Dewgong|82\/327 par
|move|p2a: Dewgong|Surf|p1a: Hitmonlee
|-crit|p1a: Hitmonlee
|-damage|p1a: Hitmonlee|0 fnt
|faint|p1a: Hitmonlee
|choice|switch 3|
|
|switch|p1a: Venusaur|Venusaur, L85|310\/310
|turn|17
|choice|move 1|move 3
|
|move|p1a: Venusaur|Razor Leaf|p2a: Dewgong
|-crit|p2a: Dewgong
|-supereffective|p2a: Dewgong
|-damage|p2a: Dewgong|0 fnt
|faint|p2a: Dewgong
|choice||switch 4
|
|switch|p2a: Charmeleon|Charmeleon, L85|272\/272
|turn|18
|choice|switch 4|move 2
|
|switch|p1a: Chansey|Chansey, L79|347\/557 frz
|move|p2a: Charmeleon|Fire Blast|p1a: Chansey
|-damage|p1a: Chansey|256\/557 frz
|-curestatus|p1a: Chansey|frz
|
|turn|19
|choice|move 3|move 2
|
|move|p2a: Charmeleon|Fire Blast|p1a: Chansey|[miss]
|-miss|p2a: Charmeleon
|move|p1a: Chansey|Thunder Wave|p2a: Charmeleon
|-status|p2a: Charmeleon|par
|
|turn|20
|choice|move 2|move 2
|
|move|p1a: Chansey|Reflect|p1a: Chansey
|-start|p1a: Chansey|Reflect
|move|p2a: Charmeleon|Fire Blast|p1a: Chansey
|-damage|p1a: Chansey|152\/557
|-status|p1a: Chansey|brn
|
|turn|21
|choice|move 1|move 1
|
|move|p1a: Chansey|Soft-Boiled|p1a: Chansey
|-heal|p1a: Chansey|430\/557 brn
|-damage|p1a: Chansey|396\/557 brn|[from] brn
|cant|p2a: Charmeleon|par
|
|turn|22
|choice|move 4|move 3
|
|move|p2a: Charmeleon|Swords Dance|p2a: Charmeleon
|-boost|p2a: Charmeleon|atk|2
|move|p1a: Chansey|Counter|p2a: Charmeleon
|-fail|p1a: Chansey
|-damage|p1a: Chansey|362\/557 brn|[from] brn|[of] p2a: Charmeleon
|
|turn|23
|choice|move 4|move 3
|
|move|p2a: Charmeleon|Swords Dance|p2a: Charmeleon
|-boost|p2a: Charmeleon|atk|2
|move|p1a: Chansey|Counter|p2a: Charmeleon
|-fail|p1a: Chansey
|-damage|p1a: Chansey|328\/557 brn|[from] brn|[of] p2a: Charmeleon
|
|turn|24
|choice|switch 6|move 1
|
|switch|p1a: Sandslash|Sandslash, L85|226\/301
|move|p2a: Charmeleon|Body Slam|p1a: Sandslash
|-damage|p1a: Sandslash|109\/301
|
|turn|25
|choice|move 1|move 1
|
|move|p1a: Sandslash|Earthquake|p2a: Charmeleon
|-crit|p2a: Charmeleon
|-supereffective|p2a: Charmeleon
|-damage|p2a: Charmeleon|0 fnt
|faint|p2a: Charmeleon
|choice||switch 2
|
|switch|p2a: Pidgeotto|Pidgeotto, L90|297\/297
|turn|26
|choice|switch 4|move 4
|
|switch|p1a: Venusaur|Venusaur, L85|310\/310
|move|p2a: Pidgeotto|Sky Attack|p1a: Venusaur|[still]
|-prepare|p2a: Pidgeotto|Sky Attack|p1a: Venusaur
|
|turn|27
|choice|move 2|move 1
|
|move|p1a: Venusaur|Sleep Powder|p2a: Pidgeotto
|-status|p2a: Pidgeotto|slp
|cant|p2a: Pidgeotto|slp
|
|turn|28
|choice|move 3|switch 5
|
|switch|p2a: Snorlax|Snorlax, L79|415\/415
|move|p1a: Venusaur|Leech Seed|p2a: Snorlax
|-start|p2a: Snorlax|move: Leech Seed
|
|turn|29
|choice|move 1|move 4
|
|move|p1a: Venusaur|Razor Leaf|p2a: Snorlax
|-crit|p2a: Snorlax
|-damage|p2a: Snorlax|273\/415
|move|p2a: Snorlax|Blizzard|p1a: Venusaur
|-supereffective|p1a: Venusaur
|-damage|p1a: Venusaur|201\/310
|-damage|p2a: Snorlax|248\/415|[from] Leech Seed|[of] p1a: Venusaur
|-heal|p1a: Venusaur|226\/310|[silent]
|
|turn|30
|choice|move 1|move 1
|
|move|p1a: Venusaur|Razor Leaf|p2a: Snorlax
|-crit|p2a: Snorlax
|-damage|p2a: Snorlax|102\/415
|move|p2a: Snorlax|Amnesia|p2a: Snorlax
|-boost|p2a: Snorlax|spd|2
|-boost|p2a: Snorlax|spa|2
|-damage|p2a: Snorlax|77\/415|[from] Leech Seed|[of] p1a: Venusaur
|-heal|p1a: Venusaur|251\/310|[silent]
|
|turn|31
|choice|move 1|move 4
|
|move|p1a: Venusaur|Razor Leaf|p2a: Snorlax
|-crit|p2a: Snorlax
|-damage|p2a: Snorlax|0 fnt
|faint|p2a: Snorlax
|choice||switch 6
|
|switch|p2a: Electrode|Electrode, L90|291\/291
|turn|32
|choice|switch 6|move 3
|
|switch|p1a: Chansey|Chansey, L79|328\/557 brn
|-damage|p1a: Chansey|294\/557 brn|[from] brn
|move|p2a: Electrode|Reflect|p2a: Electrode
|-start|p2a: Electrode|Reflect
|
|turn|33
|choice|move 3|move 4
|
|move|p2a: Electrode|Screech|p1a: Chansey
|-unboost|p1a: Chansey|def|2
|move|p1a: Chansey|Thunder Wave|p2a: Electrode
|-status|p2a: Electrode|par
|-damage|p1a: Chansey|260\/557 brn|[from] brn|[of] p2a: Electrode
|
|turn|34
|choice|move 1|move 4
|
|move|p1a: Chansey|Soft-Boiled|p1a: Chansey
|-heal|p1a: Chansey|538\/557 brn
|-damage|p1a: Chansey|504\/557 brn|[from] brn
|cant|p2a: Electrode|par
|
|turn|35
|choice|move 2|move 4
|
|move|p1a: Chansey|Reflect|p1a: Chansey
|-start|p1a: Chansey|Reflect
|-damage|p1a: Chansey|470\/557 brn|[from] brn
|move|p2a: Electrode|Screech|p1a: Chansey
|-unboost|p1a: Chansey|def|2
|
|turn|36
|choice|move 4|move 4
|
|cant|p2a: Electrode|par
|move|p1a: Chansey|Counter|p2a: Electrode
|-fail|p1a: Chansey
|-damage|p1a: Chansey|436\/557 brn|[from] brn|[of] p2a: Electrode
|
|turn|37
|choice|move 4|move 4
|
|move|p2a: Electrode|Screech|p1a: Chansey
|-unboost|p1a: Chansey|def|2
|move|p1a: Chansey|Counter|p2a: Electrode
|-fail|p1a: Chansey
|-damage|p1a: Chansey|402\/557 brn|[from] brn|[of] p2a: Electrode
|
|turn|38
|choice|move 1|move 4
|
|move|p1a: Chansey|Soft-Boiled|p1a: Chansey
|-heal|p1a: Chansey|557\/557 brn
|-damage|p1a: Chansey|523\/557 brn|[from] brn
|cant|p2a: Electrode|par
|
|turn|39
|choice|move 2|move 4
|
|move|p1a: Chansey|Reflect|p1a: Chansey
|-fail|p1a: Chansey
|-damage|p1a: Chansey|489\/557 brn|[from] brn
|move|p2a: Electrode|Screech|p1a: Chansey
|-unboost|p1a: Chansey|def|2
|
|turn|40
|choice|move 1|move 2
|
|move|p1a: Chansey|Soft-Boiled|p1a: Chansey
|-heal|p1a: Chansey|557\/557 brn
|-damage|p1a: Chansey|523\/557 brn|[from] brn
|move|p2a: Electrode|Flash|p1a: Chansey|[miss]
|-miss|p2a: Electrode
|
|turn|41
|choice|switch 6|move 2
|
|switch|p1a: Venusaur|Venusaur, L85|251\/310
|move|p2a: Electrode|Flash|p1a: Venusaur|[miss]
|-miss|p2a: Electrode
|
|turn|42
|choice|switch 6|move 1
|
|switch|p1a: Chansey|Chansey, L79|523\/557 brn
|-damage|p1a: Chansey|489\/557 brn|[from] brn
|cant|p2a: Electrode|par
|
|turn|43
|choice|move 2|move 4
|
|move|p1a: Chansey|Reflect|p1a: Chansey
|-start|p1a: Chansey|Reflect
|-damage|p1a: Chansey|455\/557 brn|[from] brn
|move|p2a: Electrode|Screech|p1a: Chansey
|-unboost|p1a: Chansey|def|2
|
|turn|44
|choice|switch 4|move 1
|
|switch|p1a: Sandslash|Sandslash, L85|109\/301
|move|p2a: Electrode|Explosion|p1a: Sandslash
|-damage|p1a: Sandslash|0 fnt
|faint|p1a: Sandslash
|faint|p2a: Electrode
|choice|switch 6|switch 5
|
|switch|p1a: Venusaur|Venusaur, L85|251\/310
|switch|p2a: Pidgeotto|Pidgeotto, L90|297\/297 slp
|turn|45
|choice|move 3|move 4
|
|move|p1a: Venusaur|Leech Seed|p2a: Pidgeotto
|-start|p2a: Pidgeotto|move: Leech Seed
|-damage|p2a: Pidgeotto|279\/297 slp|[from] Leech Seed|[of] p1a: Venusaur
|-heal|p1a: Venusaur|269\/310|[silent]
|-curestatus|p2a: Pidgeotto|slp
|
|turn|46
|choice|move 2|move 2
|
|move|p1a: Venusaur|Sleep Powder|p2a: Pidgeotto|[miss]
|-miss|p1a: Venusaur
|move|p2a: Pidgeotto|Mirror Move|p2a: Pidgeotto
|move|p2a: Pidgeotto|Sleep Powder|p1a: Venusaur|[from]Mirror Move
|-status|p1a: Venusaur|slp
|-damage|p2a: Pidgeotto|261\/297|[from] Leech Seed|[of] p1a: Venusaur
|-heal|p1a: Venusaur|287\/310 slp|[silent]
|
|turn|47
|choice|move 2|move 4
|
|cant|p1a: Venusaur|slp
|move|p2a: Pidgeotto|Sky Attack|p1a: Venusaur|[still]
|-prepare|p2a: Pidgeotto|Sky Attack|p1a: Venusaur
|-damage|p2a: Pidgeotto|243\/297|[from] Leech Seed|[of] p1a: Venusaur
|-heal|p1a: Venusaur|305\/310 slp|[silent]
|
|turn|48
|choice|move 2|move 1
|
|cant|p1a: Venusaur|slp
|move|p2a: Pidgeotto|Sky Attack|p1a: Venusaur|[from]Sky Attack
|-supereffective|p1a: Venusaur
|-damage|p1a: Venusaur|32\/310 slp
|-damage|p2a: Pidgeotto|225\/297|[from] Leech Seed|[of] p1a: Venusaur
|-heal|p1a: Venusaur|50\/310 slp|[silent]
|
|turn|49
|choice|move 2|move 1
|
|cant|p1a: Venusaur|slp
|move|p2a: Pidgeotto|Double-Edge|p1a: Venusaur
|-damage|p1a: Venusaur|0 fnt
|-damage|p2a: Pidgeotto|213\/297|[from] recoil|[of] p1a: Venusaur
|faint|p1a: Venusaur
|choice|switch 4|
|
|switch|p1a: Chansey|Chansey, L79|455\/557 brn
|turn|50
|choice|move 3|move 4
|
|move|p2a: Pidgeotto|Sky Attack|p1a: Chansey|[still]
|-prepare|p2a: Pidgeotto|Sky Attack|p1a: Chansey
|-damage|p2a: Pidgeotto|195\/297|[from] Leech Seed|[of] p1a: Chansey
|-heal|p1a: Chansey|473\/557 brn|[silent]
|move|p1a: Chansey|Thunder Wave|p2a: Pidgeotto
|-status|p2a: Pidgeotto|par
|-damage|p1a: Chansey|439\/557 brn|[from] brn|[of] p2a: Pidgeotto
|
|turn|51
|choice|move 2|move 1
|
|move|p1a: Chansey|Reflect|p1a: Chansey
|-start|p1a: Chansey|Reflect
|-damage|p1a: Chansey|405\/557 brn|[from] brn
|move|p2a: Pidgeotto|Sky Attack|p1a: Chansey|[from]Sky Attack
|-damage|p1a: Chansey|245\/557 brn
|-damage|p2a: Pidgeotto|177\/297 par|[from] Leech Seed|[of] p1a: Chansey
|-heal|p1a: Chansey|263\/557 brn|[silent]
|
|turn|52
|choice|move 1|move 2
|
|move|p1a: Chansey|Soft-Boiled|p1a: Chansey
|-heal|p1a: Chansey|541\/557 brn
|-damage|p1a: Chansey|507\/557 brn|[from] brn
|move|p2a: Pidgeotto|Mirror Move|p2a: Pidgeotto
|move|p2a: Pidgeotto|Soft-Boiled|p2a: Pidgeotto|[from]Mirror Move
|-heal|p2a: Pidgeotto|297\/297 par
|-damage|p2a: Pidgeotto|279\/297 par|[from] Leech Seed|[of] p1a: Chansey
|-heal|p1a: Chansey|525\/557 brn|[silent]
|
|turn|53
|choice|move 4|move 1
|
|move|p2a: Pidgeotto|Double-Edge|p1a: Chansey
|-damage|p1a: Chansey|399\/557 brn
|-damage|p2a: Pidgeotto|248\/297 par|[from] recoil|[of] p1a: Chansey
|-damage|p2a: Pidgeotto|230\/297 par|[from] Leech Seed|[of] p1a: Chansey
|-heal|p1a: Chansey|417\/557 brn|[silent]
|move|p1a: Chansey|Counter|p2a: Pidgeotto
|-damage|p2a: Pidgeotto|194\/297 par
|-damage|p1a: Chansey|383\/557 brn|[from] brn|[of] p2a: Pidgeotto
|
|turn|54
|choice|move 4|move 4
|
|move|p2a: Pidgeotto|Sky Attack|p1a: Chansey|[still]
|-prepare|p2a: Pidgeotto|Sky Attack|p1a: Chansey
|-damage|p2a: Pidgeotto|176\/297 par|[from] Leech Seed|[of] p1a: Chansey
|-heal|p1a: Chansey|401\/557 brn|[silent]
|move|p1a: Chansey|Counter|p2a: Pidgeotto
|-fail|p1a: Chansey
|-damage|p1a: Chansey|367\/557 brn|[from] brn|[of] p2a: Pidgeotto
|
|turn|55
|choice|move 1|move 1
|
|move|p1a: Chansey|Soft-Boiled|p1a: Chansey
|-heal|p1a: Chansey|557\/557 brn
|-damage|p1a: Chansey|523\/557 brn|[from] brn
|move|p2a: Pidgeotto|Sky Attack|p1a: Chansey|[from]Sky Attack
|-damage|p1a: Chansey|339\/557 brn
|-damage|p2a: Pidgeotto|158\/297 par|[from] Leech Seed|[of] p1a: Chansey
|-heal|p1a: Chansey|357\/557 brn|[silent]
|
|turn|56
|choice|move 4|move 1
|
|move|p2a: Pidgeotto|Double-Edge|p1a: Chansey
|-damage|p1a: Chansey|237\/557 brn
|-damage|p2a: Pidgeotto|128\/297 par|[from] recoil|[of] p1a: Chansey
|-damage|p2a: Pidgeotto|110\/297 par|[from] Leech Seed|[of] p1a: Chansey
|-heal|p1a: Chansey|255\/557 brn|[silent]
|move|p1a: Chansey|Counter|p2a: Pidgeotto
|-damage|p2a: Pidgeotto|74\/297 par
|-damage|p1a: Chansey|221\/557 brn|[from] brn|[of] p2a: Pidgeotto
|
|turn|57
|choice|move 4|move 2
|
|move|p2a: Pidgeotto|Mirror Move|p2a: Pidgeotto
|move|p2a: Pidgeotto|Counter|p1a: Chansey|[from]Mirror Move
|-fail|p2a: Pidgeotto
|-damage|p2a: Pidgeotto|56\/297 par|[from] Leech Seed|[of] p1a: Chansey
|-heal|p1a: Chansey|239\/557 brn|[silent]
|move|p1a: Chansey|Counter|p2a: Pidgeotto
|-fail|p1a: Chansey
|-damage|p1a: Chansey|205\/557 brn|[from] brn|[of] p2a: Pidgeotto
|
|turn|58
|choice|move 1|move 2
|
|move|p1a: Chansey|Soft-Boiled|p1a: Chansey
|-heal|p1a: Chansey|483\/557 brn
|-damage|p1a: Chansey|449\/557 brn|[from] brn
|cant|p2a: Pidgeotto|par
|-damage|p2a: Pidgeotto|38\/297 par|[from] Leech Seed|[of] p1a: Chansey
|-heal|p1a: Chansey|467\/557 brn|[silent]
|
|turn|59
|choice|move 2|move 1
|
|move|p1a: Chansey|Reflect|p1a: Chansey
|-fail|p1a: Chansey
|-damage|p1a: Chansey|433\/557 brn|[from] brn
|move|p2a: Pidgeotto|Double-Edge|p1a: Chansey
|-damage|p1a: Chansey|310\/557 brn
|-damage|p2a: Pidgeotto|8\/297 par|[from] recoil|[of] p1a: Chansey
|-damage|p2a: Pidgeotto|0 fnt|[from] Leech Seed|[of] p1a: Chansey
|-heal|p1a: Chansey|318\/557 brn|[silent]
|faint|p2a: Pidgeotto
|
|win|katje eet vis
|raw|katje eet vis's rating: 1314 &rarr; <strong>1324<\/strong><br \/>(+10 for winning)
|raw|Utty's rating: 1138 &rarr; <strong>1124<\/strong><br \/>(-14 for losing)
|c|★katje eet vis|gg
|l|Utty
|player|p2