|j|xhuntingx
|j|SinisterHFigure
|player|p1|xhuntingx|290
|player|p2|SinisterHFigure|269
|gametype|singles
|gen|1
|tier|[Gen 1] OU
|rated
|seed|57050,32561,19037,34036
|rule|Sleep Clause Mod: Limit one foe put to sleep
|rule|Freeze Clause Mod: Limit one foe frozen
|rule|Species Clause: Limit one of each Pokémon
|rule|OHKO Clause: OHKO moves are banned
|rule|Evasion Moves Clause: Evasion moves are banned
|rule|HP Percentage Mod: HP is shown in percentages
|
|start
|switch|p1a: Alakazam|Alakazam|313\/313
|switch|p2a: Dragonair|Dragonair|325\/325
|turn|1
|choice|move 3|move 2
|
|move|p1a: Alakazam|Toxic|p2a: Dragonair
|-status|p2a: Dragonair|tox
|move|p2a: Dragonair|Thunder Wave|p1a: Alakazam
|-status|p1a: Alakazam|par
|-damage|p2a: Dragonair|305\/325 tox|[from] tox|[of] p1a: Alakazam
|
|turn|2
|choice|move 4|move 1
|
|move|p2a: Dragonair|Wrap|p1a: Alakazam
|-damage|p1a: Alakazam|297\/313 par
|-activate|p1a: Alakazam|move: Wrap|[of] p2a: Dragonair
|-damage|p2a: Dragonair|265\/325 tox|[from] tox|[of] p1a: Alakazam
|cant|p1a: Alakazam|par
|
|turn|3
|choice|move 4|switch 4
|
|switch|p2a: Arbok|Arbok|323\/323
|cant|p1a: Alakazam|partiallytrapped
|
|-end|p1a: Alakazam|Wrap|[partiallytrapped]
|turn|4
|choice|move 1|move 2
|
|move|p2a: Arbok|Wrap|p1a: Alakazam
|-damage|p1a: Alakazam|280\/313 par
|-activate|p1a: Alakazam|move: Wrap|[of] p2a: Arbok
|cant|p1a: Alakazam|partiallytrapped
|
|turn|5
|choice|move 1|move 2
|
|move|p2a: Arbok|Wrap|p1a: Alakazam
|-damage|p1a: Alakazam|263\/313 par
|cant|p1a: Alakazam|partiallytrapped
|
|turn|6
|choice|move 1|move 2
|
|move|p2a: Arbok|Wrap|p1a: Alakazam
|-damage|p1a: Alakazam|246\/313 par
|cant|p1a: Alakazam|par
|
|-end|p1a: Alakazam|Wrap|[partiallytrapped]
|turn|7
|choice|move 1|move 2
|
|move|p2a: Arbok|Wrap|p1a: Alakazam
|-damage|p1a: Alakazam|229\/313 par
|-activate|p1a: Alakazam|move: Wrap|[of] p2a: Arbok
|cant|p1a: Alakazam|par
|
|turn|8
|choice|move 1|switch 2
|
|switch|p2a: Lickitung|Lickitung|383\/383
|cant|p1a: Alakazam|partiallytrapped
|
|-end|p1a: Alakazam|Wrap|[partiallytrapped]
|turn|9
|choice|move 3|move 1
|
|move|p2a: Lickitung|Wrap|p1a: Alakazam
|-damage|p1a: Alakazam|210\/313 par
|-activate|p1a: Alakazam|move: Wrap|[of] p2a: Lickitung
|cant|p1a: Alakazam|partiallytrapped
|
|turn|10
|choice|move 3|move 1
|
|move|p2a: Lickitung|Wrap|p1a: Alakazam
|-damage|p1a: Alakazam|191\/313 par
|cant|p1a: Alakazam|par
|
|turn|11
|choice|move 3|move 1
|
|move|p2a: Lickitung|Wrap|p1a: Alakazam
|-damage|p1a: Alakazam|172\/313 par
|cant|p1a: Alakazam|par
|
|-end|p1a: Alakazam|Wrap|[partiallytrapped]
|turn|12
|choice|move 2|move 1
|
|move|p2a: Lickitung|Wrap|p1a: Alakazam
|-damage|p1a: Alakazam|153\/313 par
|-activate|p1a: Alakazam|move: Wrap|[of] p2a: Lickitung
|cant|p1a: Alakazam|partiallytrapped
|
|turn|13
|choice|move 2|move 1
|
|move|p2a: Lickitung|Wrap|p1a: Alakazam
|-damage|p1a: Alakazam|134\/313 par
|cant|p1a: Alakazam|partiallytrapped
|
|turn|14
|choice|move 2|move 1
|
|move|p2a: Lickitung|Wrap|p1a: Alakazam
|-damage|p1a: Alakazam|115\/313 par
|cant|p1a: Alakazam|partiallytrapped
|
|turn|15
|choice|move 2|move 1
|
|move|p2a: Lickitung|Wrap|p1a: Alakazam
|-damage|p1a: Alakazam|96\/313 par
|cant|p1a: Alakazam|partiallytrapped
|
|-end|p1a: Alakazam|Wrap|[partiallytrapped]
|turn|16
|choice|move 2|move 1
|
|move|p2a: Lickitung|Wrap|p1a: Alakazam
|-damage|p1a: Alakazam|76\/313 par
|-activate|p1a: Alakazam|move: Wrap|[of] p2a: Lickitung
|cant|p1a: Alakazam|partiallytrapped
|
|turn|17
|choice|move 2|switch 3
|
|switch|p2a: Victreebel|Victreebel|363\/363
|cant|p1a: Alakazam|partiallytrapped
|
|-end|p1a: Alakazam|Wrap|[partiallytrapped]
|turn|18
|choice|move 2|move 4
|
|move|p2a: Victreebel|Body Slam|p1a: Alakazam
|-damage|p1a: Alakazam|0 fnt
|faint|p1a: Alakazam
|choice|switch 2|
|
|switch|p1a: Gengar|Gengar|323\/323
|turn|19
|choice|move 1|switch 4
|
|switch|p2a: Dragonair|Dragonair|265\/325 tox
|-status|p2a: Dragonair|psn
|-damage|p2a: Dragonair|245\/325 psn|[from] psn
|move|p1a: Gengar|Psychic|p2a: Dragonair
|-damage|p2a: Dragonair|145\/325 psn
|
|turn|20
|choice|move 1|move 2
|
|move|p1a: Gengar|Psychic|p2a: Dragonair
|-damage|p2a: Dragonair|34\/325 psn
|move|p2a: Dragonair|Thunder Wave|p1a: Gengar
|-status|p1a: Gengar|par
|-damage|p2a: Dragonair|14\/325 psn|[from] psn|[of] p1a: Gengar
|
|turn|21
|choice|move 1|move 2
|
|move|p2a: Dragonair|Thunder Wave|p1a: Gengar
|-fail|p1a: Gengar|par
|-damage|p2a: Dragonair|0 fnt|[from] psn|[of] p1a: Gengar
|faint|p2a: Dragonair
|choice||switch 6
|
|switch|p2a: Cloyster|Cloyster|303\/303
|turn|22
|choice|move 2|move 1
|
|move|p2a: Cloyster|Clamp|p1a: Gengar|[miss]
|-miss|p2a: Cloyster
|move|p1a: Gengar|Thunderbolt|p2a: Cloyster
|-supereffective|p2a: Cloyster
|-damage|p2a: Cloyster|104\/303
|-status|p2a: Cloyster|par
|
|turn|23
|choice|move 1|move 2
|
|move|p1a: Gengar|Psychic|p2a: Cloyster
|-damage|p2a: Cloyster|4\/303 par
|move|p2a: Cloyster|Blizzard|p1a: Gengar
|-damage|p1a: Gengar|218\/323 par
|
|turn|24
|choice|move 1|move 2
|
|cant|p1a: Gengar|par
|move|p2a: Cloyster|Blizzard|p1a: Gengar
|-crit|p1a: Gengar
|-damage|p1a: Gengar|22\/323 par
|
|turn|25
|choice|move 1|move 4
|
|move|p1a: Gengar|Psychic|p2a: Cloyster
|-damage|p2a: Cloyster|0 fnt
|faint|p2a: Cloyster
|choice||switch 2
|
|switch|p2a: Arbok|Arbok|323\/323
|turn|26
|choice|move 4|move 3
|
|move|p2a: Arbok|Earthquake|p1a: Gengar
|-supereffective|p1a: Gengar
|-damage|p1a: Gengar|0 fnt
|faint|p1a: Gengar
|choice|switch 5|
|
|switch|p1a: Charizard|Charizard|359\/359
|turn|27
|choice|move 2|move 1
|
|move|p1a: Charizard|Earthquake|p2a: Arbok
|-supereffective|p2a: Arbok
|-damage|p2a: Arbok|151\/323
|move|p2a: Arbok|Glare|p1a: Charizard
|-status|p1a: Charizard|par
|
|turn|28
|choice|move 2|move 2
|
|move|p2a: Arbok|Wrap|p1a: Charizard
|-damage|p1a: Charizard|345\/359 par
|-activate|p1a: Charizard|move: Wrap|[of] p2a: Arbok
|cant|p1a: Charizard|partiallytrapped
|
|turn|29
|choice|move 2|move 2
|
|move|p2a: Arbok|Wrap|p1a: Charizard
|-damage|p1a: Charizard|331\/359 par
|cant|p1a: Charizard|partiallytrapped
|
|turn|30
|choice|move 2|move 2
|
|move|p2a: Arbok|Wrap|p1a: Charizard
|-damage|p1a: Charizard|317\/359 par
|cant|p1a: Charizard|partiallytrapped
|
|turn|31
|choice|switch 3|move 2
|
|switch|p1a: Snorlax|Snorlax|523\/523
|move|p2a: Arbok|Wrap|p1a: Snorlax
|-damage|p1a: Snorlax|509\/523
|-activate|p1a: Snorlax|move: Wrap|[of] p2a: Arbok
|
|turn|32
|choice|move 1|move 2
|
|move|p2a: Arbok|Wrap|p1a: Snorlax
|-damage|p1a: Snorlax|495\/523
|cant|p1a: Snorlax|partiallytrapped
|
|turn|33
|choice|move 3|move 2
|
|move|p2a: Arbok|Wrap|p1a: Snorlax
|-damage|p1a: Snorlax|481\/523
|cant|p1a: Snorlax|partiallytrapped
|
|-end|p1a: Snorlax|Wrap|[partiallytrapped]
|turn|34
|choice|move 3|move 2
|
|move|p2a: Arbok|Wrap|p1a: Snorlax
|-damage|p1a: Snorlax|467\/523
|-activate|p1a: Snorlax|move: Wrap|[of] p2a: Arbok
|cant|p1a: Snorlax|partiallytrapped
|
|turn|35
|choice|move 3|move 2
|
|move|p2a: Arbok|Wrap|p1a: Snorlax
|-damage|p1a: Snorlax|453\/523
|cant|p1a: Snorlax|partiallytrapped
|
|turn|36
|choice|move 3|move 2
|
|move|p2a: Arbok|Wrap|p1a: Snorlax
|-damage|p1a: Snorlax|439\/523
|cant|p1a: Snorlax|partiallytrapped
|
|turn|37
|choice|move 3|move 2
|
|move|p2a: Arbok|Wrap|p1a: Snorlax
|-damage|p1a: Snorlax|425\/523
|cant|p1a: Snorlax|partiallytrapped
|
|-end|p1a: Snorlax|Wrap|[partiallytrapped]
|turn|38
|choice|move 3|move 2
|
|move|p2a: Arbok|Wrap|p1a: Snorlax
|-damage|p1a: Snorlax|411\/523
|-activate|p1a: Snorlax|move: Wrap|[of] p2a: Arbok
|cant|p1a: Snorlax|partiallytrapped
|
|turn|39
|choice|move 3|move 2
|
|move|p2a: Arbok|Wrap|p1a: Snorlax
|-damage|p1a: Snorlax|397\/523
|cant|p1a: Snorlax|partiallytrapped
|
|turn|40
|choice|move 3|move 2
|
|move|p2a: Arbok|Wrap|p1a: Snorlax
|-damage|p1a: Snorlax|383\/523
|cant|p1a: Snorlax|partiallytrapped
|
|turn|41
|choice|move 3|move 2
|
|move|p2a: Arbok|Wrap|p1a: Snorlax
|-damage|p1a: Snorlax|369\/523
|cant|p1a: Snorlax|partiallytrapped
|
|turn|42
|choice|move 3|move 2
|
|move|p2a: Arbok|Wrap|p1a: Snorlax
|-damage|p1a: Snorlax|355\/523
|cant|p1a: Snorlax|partiallytrapped
|
|-end|p1a: Snorlax|Wrap|[partiallytrapped]
|turn|43
|choice|move 3|move 2
|
|move|p2a: Arbok|Wrap|p1a: Snorlax
|-damage|p1a: Snorlax|340\/523
|-activate|p1a: Snorlax|move: Wrap|[of] p2a: Arbok
|cant|p1a: Snorlax|partiallytrapped
|
|turn|44
|choice|switch 6|move 2
|
|switch|p1a: Hitmonlee|Hitmonlee|303\/303
|move|p2a: Arbok|Wrap|p1a: Hitmonlee
|-damage|p1a: Hitmonlee|286\/303
|-activate|p1a: Hitmonlee|move: Wrap|[of] p2a: Arbok
|
|turn|45
|choice|move 2|move 2
|
|cant|p1a: Hitmonlee|partiallytrapped
|move|p2a: Arbok|Wrap|p1a: Hitmonlee
|-damage|p1a: Hitmonlee|269\/303
|
|-end|p1a: Hitmonlee|Wrap|[partiallytrapped]
|turn|46
|choice|move 3|move 1
|
|move|p1a: Hitmonlee|Rolling Kick|p2a: Arbok
|-resisted|p2a: Arbok
|-damage|p2a: Arbok|100\/323
|cant|p2a: Arbok|flinch
|
|turn|47
|choice|move 2|move 1
|
|move|p1a: Hitmonlee|Body Slam|p2a: Arbok
|-damage|p2a: Arbok|1\/323
|move|p2a: Arbok|Glare|p1a: Hitmonlee
|-status|p1a: Hitmonlee|par
|
|turn|48
|choice|move 2|move 2
|
|move|p2a: Arbok|Wrap|p1a: Hitmonlee
|-damage|p1a: Hitmonlee|252\/303 par
|-activate|p1a: Hitmonlee|move: Wrap|[of] p2a: Arbok
|cant|p1a: Hitmonlee|partiallytrapped
|
|turn|49
|choice|switch 6|move 2
|
|switch|p1a: Snorlax|Snorlax|340\/523
|move|p2a: Arbok|Wrap|p1a: Snorlax
|-damage|p1a: Snorlax|327\/523
|-activate|p1a: Snorlax|move: Wrap|[of] p2a: Arbok
|
|turn|50
|choice|move 3|move 2
|
|move|p2a: Arbok|Wrap|p1a: Snorlax
|-damage|p1a: Snorlax|314\/523
|cant|p1a: Snorlax|partiallytrapped
|
|turn|51
|choice|move 3|move 2
|
|move|p2a: Arbok|Wrap|p1a: Snorlax
|-damage|p1a: Snorlax|301\/523
|cant|p1a: Snorlax|partiallytrapped
|
|-end|p1a: Snorlax|Wrap|[partiallytrapped]
|turn|52
|choice|move 3|move 1
|
|move|p2a: Arbok|Glare|p1a: Snorlax|[miss]
|-miss|p2a: Arbok
|move|p1a: Snorlax|Earthquake|p2a: Arbok
|-supereffective|p2a: Arbok
|-damage|p2a: Arbok|0 fnt
|faint|p2a: Arbok
|choice||switch 4
|
|switch|p2a: Victreebel|Victreebel|363\/363
|turn|53
|choice|move 3|move 1
|
|move|p2a: Victreebel|Stun Spore|p1a: Snorlax|[miss]
|-miss|p2a: Victreebel
|move|p1a: Snorlax|Earthquake|p2a: Victreebel
|-damage|p2a: Victreebel|252\/363
|
|turn|54
|choice|move 2|move 1
|
|move|p2a: Victreebel|Stun Spore|p1a: Snorlax
|-status|p1a: Snorlax|par
|move|p1a: Snorlax|Blizzard|p2a: Victreebel
|-supereffective|p2a: Victreebel
|-damage|p2a: Victreebel|98\/363
|
|turn|55
|choice|move 4|move 2
|
|move|p2a: Victreebel|Wrap|p1a: Snorlax
|-crit|p1a: Snorlax
|-damage|p1a: Snorlax|270\/523 par
|-activate|p1a: Snorlax|move: Wrap|[of] p2a: Victreebel
|cant|p1a: Snorlax|partiallytrapped
|
|turn|56
|choice|move 4|move 2
|
|move|p2a: Victreebel|Wrap|p1a: Snorlax
|-damage|p1a: Snorlax|239\/523 par
|cant|p1a: Snorlax|partiallytrapped
|
|-end|p1a: Snorlax|Wrap|[partiallytrapped]
|turn|57
|choice|move 4|move 2
|
|move|p2a: Victreebel|Wrap|p1a: Snorlax
|-damage|p1a: Snorlax|223\/523 par
|-activate|p1a: Snorlax|move: Wrap|[of] p2a: Victreebel
|cant|p1a: Snorlax|partiallytrapped
|
|turn|58
|choice|move 4|move 2
|
|move|p2a: Victreebel|Wrap|p1a: Snorlax
|-damage|p1a: Snorlax|207\/523 par
|cant|p1a: Snorlax|partiallytrapped
|
|turn|59
|choice|move 4|move 2
|
|move|p2a: Victreebel|Wrap|p1a: Snorlax
|-damage|p1a: Snorlax|191\/523 par
|cant|p1a: Snorlax|partiallytrapped
|
|-end|p1a: Snorlax|Wrap|[partiallytrapped]
|turn|60
|choice|switch 4|move 2
|
|switch|p1a: Slowbro|Slowbro|393\/393
|move|p2a: Victreebel|Wrap|p1a: Slowbro
|-damage|p1a: Slowbro|380\/393
|-activate|p1a: Slowbro|move: Wrap|[of] p2a: Victreebel
|
|turn|61
|choice|move 4|move 2
|
|move|p2a: Victreebel|Wrap|p1a: Slowbro
|-damage|p1a: Slowbro|367\/393
|cant|p1a: Slowbro|partiallytrapped
|
|turn|62
|choice|move 4|move 2
|
|move|p2a: Victreebel|Wrap|p1a: Slowbro
|-damage|p1a: Slowbro|354\/393
|cant|p1a: Slowbro|partiallytrapped
|
|-end|p1a: Slowbro|Wrap|[partiallytrapped]
|turn|63
|choice|move 4|move 2
|
|move|p2a: Victreebel|Wrap|p1a: Slowbro
|-damage|p1a: Slowbro|342\/393
|-activate|p1a: Slowbro|move: Wrap|[of] p2a: Victreebel
|cant|p1a: Slowbro|partiallytrapped
|
|turn|64
|choice|move 4|move 2
|
|move|p2a: Victreebel|Wrap|p1a: Slowbro
|-damage|p1a: Slowbro|330\/393
|cant|p1a: Slowbro|partiallytrapped
|
|turn|65
|choice|move 4|move 2
|
|move|p2a: Victreebel|Wrap|p1a: Slowbro
|-damage|p1a: Slowbro|318\/393
|cant|p1a: Slowbro|partiallytrapped
|
|-end|p1a: Slowbro|Wrap|[partiallytrapped]
|turn|66
|choice|move 4|move 2
|
|move|p2a: Victreebel|Wrap|p1a: Slowbro
|-damage|p1a: Slowbro|305\/393
|-activate|p1a: Slowbro|move: Wrap|[of] p2a: Victreebel
|cant|p1a: Slowbro|partiallytrapped
|
|turn|67
|choice|move 4|move 2
|
|move|p2a: Victreebel|Wrap|p1a: Slowbro
|-damage|p1a: Slowbro|292\/393
|cant|p1a: Slowbro|partiallytrapped
|
|-end|p1a: Slowbro|Wrap|[partiallytrapped]
|turn|68
|choice|move 4|move 2
|
|move|p2a: Victreebel|Wrap|p1a: Slowbro
|-damage|p1a: Slowbro|280\/393
|-activate|p1a: Slowbro|move: Wrap|[of] p2a: Victreebel
|cant|p1a: Slowbro|partiallytrapped
|
|turn|69
|choice|move 4|move 2
|
|move|p2a: Victreebel|Wrap|p1a: Slowbro
|-damage|p1a: Slowbro|268\/393
|cant|p1a: Slowbro|partiallytrapped
|
|-end|p1a: Slowbro|Wrap|[partiallytrapped]
|turn|70
|choice|move 4|move 3
|
|move|p2a: Victreebel|Razor Leaf|p1a: Slowbro
|-crit|p1a: Slowbro
|-supereffective|p1a: Slowbro
|-damage|p1a: Slowbro|0 fnt
|faint|p1a: Slowbro
|choice|switch 3|
|
|switch|p1a: Charizard|Charizard|317\/359 par
|turn|71
|choice|move 1|move 2
|
|move|p2a: Victreebel|Wrap|p1a: Charizard|[miss]
|-miss|p2a: Victreebel
|cant|p1a: Charizard|par
|
|turn|72
|choice|move 1|move 2
|
|move|p2a: Victreebel|Wrap|p1a: Charizard
|-damage|p1a: Charizard|301\/359 par
|-activate|p1a: Charizard|move: Wrap|[of] p2a: Victreebel
|cant|p1a: Charizard|partiallytrapped
|
|turn|73
|choice|move 1|move 2
|
|move|p2a: Victreebel|Wrap|p1a: Charizard
|-damage|p1a: Charizard|285\/359 par
|cant|p1a: Charizard|par
|
|turn|74
|choice|move 1|move 2
|
|move|p2a: Victreebel|Wrap|p1a: Charizard
|-damage|p1a: Charizard|269\/359 par
|cant|p1a: Charizard|par
|
|-end|p1a: Charizard|Wrap|[partiallytrapped]
|turn|75
|choice|move 1|move 2
|
|move|p2a: Victreebel|Wrap|p1a: Charizard
|-damage|p1a: Charizard|253\/359 par
|-activate|p1a: Charizard|move: Wrap|[of] p2a: Victreebel
|cant|p1a: Charizard|par
|
|turn|76
|choice|move 1|move 2
|
|move|p2a: Victreebel|Wrap|p1a: Charizard
|-damage|p1a: Charizard|237\/359 par
|cant|p1a: Charizard|partiallytrapped
|
|turn|77
|choice|switch 6|move 2
|
|switch|p1a: Hitmonlee|Hitmonlee|252\/303 par
|move|p2a: Victreebel|Wrap|p1a: Hitmonlee
|-crit|p1a: Hitmonlee
|-damage|p1a: Hitmonlee|216\/303 par
|-activate|p1a: Hitmonlee|move: Wrap|[of] p2a: Victreebel
|
|turn|78
|choice|move 2|move 2
|
|move|p2a: Victreebel|Wrap|p1a: Hitmonlee
|-damage|p1a: Hitmonlee|180\/303 par
|cant|p1a: Hitmonlee|partiallytrapped
|
|-end|p1a: Hitmonlee|Wrap|[partiallytrapped]
|turn|79
|choice|move 4|move 2
|
|move|p2a: Victreebel|Wrap|p1a: Hitmonlee|[miss]
|-miss|p2a: Victreebel
|cant|p1a: Hitmonlee|par
|
|turn|80
|choice|move 4|move 2
|
|move|p2a: Victreebel|Wrap|p1a: Hitmonlee
|-damage|p1a: Hitmonlee|159\/303 par
|-activate|p1a: Hitmonlee|move: Wrap|[of] p2a: Victreebel
|cant|p1a: Hitmonlee|partiallytrapped
|
|turn|81
|choice|move 4|move 2
|
|move|p2a: Victreebel|Wrap|p1a: Hitmonlee
|-damage|p1a: Hitmonlee|138\/303 par
|cant|p1a: Hitmonlee|partiallytrapped
|
|turn|82
|choice|move 4|move 2
|
|move|p2a: Victreebel|Wrap|p1a: Hitmonlee
|-damage|p1a: Hitmonlee|117\/303 par
|cant|p1a: Hitmonlee|partiallytrapped
|
|turn|83
|choice|move 4|move 2
|
|move|p2a: Victreebel|Wrap|p1a: Hitmonlee
|-damage|p1a: Hitmonlee|96\/303 par
|cant|p1a: Hitmonlee|partiallytrapped
|
|turn|84
|choice|move 4|move 2
|
|move|p2a: Victreebel|Wrap|p1a: Hitmonlee
|-damage|p1a: Hitmonlee|75\/303 par
|cant|p1a: Hitmonlee|partiallytrapped
|
|-end|p1a: Hitmonlee|Wrap|[partiallytrapped]
|turn|85
|choice|move 4|move 2
|
|move|p2a: Victreebel|Wrap|p1a: Hitmonlee
|-crit|p1a: Hitmonlee
|-damage|p1a: Hitmonlee|37\/303 par
|-activate|p1a: Hitmonlee|move: Wrap|[of] p2a: Victreebel
|cant|p1a: Hitmonlee|partiallytrapped
|
|turn|86
|choice|move 4|move 2
|
|move|p2a: Victreebel|Wrap|p1a: Hitmonlee
|-damage|p1a: Hitmonlee|0 fnt
|faint|p1a: Hitmonlee
|-message|xhuntingx forfeited.
|
|win|SinisterHFigure
|l|xhuntingx
|player|p1
|raw|xhuntingx's rating: 1000 &rarr; <strong>1000<\/strong><br \/>(+0 for losing)
|raw|SinisterHFigure's rating: 1078 &rarr; <strong>1100<\/strong><br \/>(+22 for winning)