|join|gen1masterrony
|join|ggc
|player|p1|gen1masterrony|163
|player|p2|ggc|209
|gametype|singles
|gen|1
|tier|[Gen 1] OU (beta)
|rule|Sleep Clause Mod: Limit one foe put to sleep
|rule|Species Clause: Limit one of each Pokémon
|rule|OHKO Clause: OHKO moves are banned
|rule|Evasion Moves Clause: Evasion moves are banned
|rule|HP Percentage Mod: HP is shown in percentages
|
|start
|switch|p1a: Jynx|Jynx|333\/333
|switch|p2a: Gengar|Gengar|323\/323
|turn|1
|
|move|p2a: Gengar|Hypnosis|p1a: Jynx
|-status|p1a: Jynx|slp
|cant|p1a: Jynx|slp
|
|turn|2
|
|move|p2a: Gengar|Seismic Toss|p1a: Jynx
|-damage|p1a: Jynx|233\/333 slp
|cant|p1a: Jynx|slp
|
|turn|3
|
|switch|p1a: Hypno|Hypno|373\/373
|move|p2a: Gengar|Thunderbolt|p1a: Hypno
|-damage|p1a: Hypno|293\/373
|
|turn|4
|
|move|p2a: Gengar|Seismic Toss|p1a: Hypno
|-damage|p1a: Hypno|193\/373
|move|p1a: Hypno|Hypnosis|p2a: Gengar
|-status|p2a: Gengar|slp
|
|turn|5
|
|switch|p2a: Exeggutor|Exeggutor|393\/393
|move|p1a: Hypno|Psychic|p2a: Exeggutor
|-resisted|p2a: Exeggutor
|-damage|p2a: Exeggutor|344\/393
|
|turn|6
|
|switch|p2a: Chansey|Chansey|703\/703
|move|p1a: Hypno|Thunder Wave|p2a: Chansey
|-status|p2a: Chansey|par
|
|turn|7
|join|4trackboy
|
|switch|p2a: Exeggutor|Exeggutor|344\/393
|move|p1a: Hypno|Psychic|p2a: Exeggutor
|-resisted|p2a: Exeggutor
|-damage|p2a: Exeggutor|299\/393
|
|turn|8
|
|move|p1a: Hypno|Thunder Wave|p2a: Exeggutor
|-status|p2a: Exeggutor|par
|move|p2a: Exeggutor|Stun Spore|p1a: Hypno
|-status|p1a: Hypno|par
|
|turn|9
|
|cant|p1a: Hypno|par
|move|p2a: Exeggutor|Psychic|p1a: Hypno
|-resisted|p1a: Hypno
|-damage|p1a: Hypno|137\/373 par
|
|turn|10
|
|cant|p1a: Hypno|par
|move|p2a: Exeggutor|Psychic|p1a: Hypno
|-resisted|p1a: Hypno
|-damage|p1a: Hypno|78\/373 par
|
|turn|11
|
|move|p1a: Hypno|Psychic|p2a: Exeggutor
|-resisted|p2a: Exeggutor
|-damage|p2a: Exeggutor|253\/393 par
|move|p2a: Exeggutor|Psychic|p1a: Hypno
|-resisted|p1a: Hypno
|-damage|p1a: Hypno|17\/373 par
|
|turn|12
|
|move|p1a: Hypno|Hyper Beam|p2a: Exeggutor
|-damage|p2a: Exeggutor|141\/393 par
|move|p2a: Exeggutor|Psychic|p1a: Hypno
|-resisted|p1a: Hypno
|-damage|p1a: Hypno|0 fnt
|faint|p1a: Hypno
|
|switch|p1a: Tauros|Tauros|353\/353
|turn|13
|
|move|p1a: Tauros|Body Slam|p2a: Exeggutor
|-damage|p2a: Exeggutor|35\/393 par
|cant|p2a: Exeggutor|par
|
|turn|14
|
|move|p1a: Tauros|Body Slam|p2a: Exeggutor
|-damage|p2a: Exeggutor|0 fnt
|faint|p2a: Exeggutor
|
|switch|p2a: Alakazam|Alakazam|313\/313
|turn|15
|
|switch|p1a: Jynx|Jynx|233\/333 slp
|move|p2a: Alakazam|Thunder Wave|p1a: Jynx
|-fail|p1a: Jynx
|
|turn|16
|
|switch|p2a: Tauros|Tauros|353\/353
|cant|p1a: Jynx|slp
|
|turn|17
|
|move|p2a: Tauros|Hyper Beam|p1a: Jynx
|-damage|p1a: Jynx|0 fnt
|faint|p1a: Jynx
|join|ANGER MANAGEMENT
|
|switch|p1a: Alakazam|Alakazam|313\/313
|turn|18
|
|switch|p2a: Chansey|Chansey|703\/703 par
|move|p1a: Alakazam|Psychic|p2a: Chansey
|-crit|p2a: Chansey
|-damage|p2a: Chansey|433\/703 par
|
|turn|19
|
|move|p1a: Alakazam|Psychic|p2a: Chansey|[miss]
|-miss|p1a: Alakazam
|move|p2a: Chansey|Soft-Boiled|p2a: Chansey
|-heal|p2a: Chansey|703\/703 par
|
|turn|20
|
|move|p1a: Alakazam|Psychic|p2a: Chansey
|-damage|p2a: Chansey|581\/703 par
|cant|p2a: Chansey|par
|
|turn|21
|
|move|p1a: Alakazam|Psychic|p2a: Chansey
|-damage|p2a: Chansey|446\/703 par
|cant|p2a: Chansey|par
|
|turn|22
|
|move|p1a: Alakazam|Psychic|p2a: Chansey
|-damage|p2a: Chansey|328\/703 par
|move|p2a: Chansey|Soft-Boiled|p2a: Chansey
|-heal|p2a: Chansey|679\/703 par
|
|turn|23
|
|move|p1a: Alakazam|Psychic|p2a: Chansey
|-damage|p2a: Chansey|544\/703 par
|move|p2a: Chansey|Light Screen|p2a: Chansey
|
|turn|24
|
|switch|p1a: Tauros|Tauros|353\/353
|move|p2a: Chansey|Reflect|p2a: Chansey
|
|turn|25
|
|move|p1a: Tauros|Body Slam|p2a: Chansey
|-crit|p2a: Chansey
|-damage|p2a: Chansey|271\/703 par
|cant|p2a: Chansey|par
|
|turn|26
|
|move|p1a: Tauros|Hyper Beam|p2a: Chansey
|-crit|p2a: Chansey
|-damage|p2a: Chansey|0 fnt
|faint|p2a: Chansey
|
|switch|p2a: Alakazam|Alakazam|313\/313
|turn|27
|
|switch|p1a: Exeggutor|Exeggutor|393\/393
|move|p2a: Alakazam|Thunder Wave|p1a: Exeggutor
|-status|p1a: Exeggutor|par
|
|turn|28
|
|move|p2a: Alakazam|Reflect|p2a: Alakazam
|move|p1a: Exeggutor|Psychic|p2a: Alakazam
|-crit|p2a: Alakazam
|-resisted|p2a: Alakazam
|-damage|p2a: Alakazam|206\/313
|
|turn|29
|
|move|p2a: Alakazam|Psychic|p1a: Exeggutor
|-resisted|p1a: Exeggutor
|-damage|p1a: Exeggutor|336\/393 par
|cant|p1a: Exeggutor|par
|
|turn|30
|
|move|p2a: Alakazam|Recover|p2a: Alakazam
|-heal|p2a: Alakazam|313\/313
|move|p1a: Exeggutor|Psychic|p2a: Alakazam
|-resisted|p2a: Alakazam
|-damage|p2a: Alakazam|261\/313
|-unboost|p2a: Alakazam|spd|1
|-unboost|p2a: Alakazam|spa|1
|
|turn|31
|
|move|p2a: Alakazam|Psychic|p1a: Exeggutor
|-resisted|p1a: Exeggutor
|-damage|p1a: Exeggutor|301\/393 par
|-unboost|p1a: Exeggutor|spd|1
|-unboost|p1a: Exeggutor|spa|1
|cant|p1a: Exeggutor|par
|
|turn|32
|
|switch|p1a: Starmie|Starmie|323\/323
|move|p2a: Alakazam|Psychic|p1a: Starmie
|-crit|p1a: Starmie
|-resisted|p1a: Starmie
|-damage|p1a: Starmie|187\/323
|
|turn|33
|
|move|p2a: Alakazam|Psychic|p1a: Starmie
|-crit|p1a: Starmie
|-resisted|p1a: Starmie
|-damage|p1a: Starmie|57\/323
|move|p1a: Starmie|Thunder Wave|p2a: Alakazam
|-status|p2a: Alakazam|par
|
|turn|34
|
|move|p1a: Starmie|Recover|p1a: Starmie
|-heal|p1a: Starmie|218\/323
|move|p2a: Alakazam|Thunder Wave|p1a: Starmie
|-status|p1a: Starmie|par
|
|turn|35
|
|move|p2a: Alakazam|Psychic|p1a: Starmie
|-crit|p1a: Starmie
|-resisted|p1a: Starmie
|-damage|p1a: Starmie|98\/323 par
|move|p1a: Starmie|Thunderbolt|p2a: Alakazam
|-crit|p2a: Alakazam
|-damage|p2a: Alakazam|144\/313 par
|
|turn|36
|
|move|p2a: Alakazam|Psychic|p1a: Starmie
|-resisted|p1a: Starmie
|-damage|p1a: Starmie|54\/323 par
|-unboost|p1a: Starmie|spd|1
|-unboost|p1a: Starmie|spa|1
|move|p1a: Starmie|Recover|p1a: Starmie
|-heal|p1a: Starmie|215\/323 par
|
|turn|37
|
|move|p2a: Alakazam|Recover|p2a: Alakazam
|-heal|p2a: Alakazam|300\/313 par
|move|p1a: Starmie|Blizzard|p2a: Alakazam|[miss]
|-miss|p1a: Starmie
|
|turn|38
|leave|ANGER MANAGEMENT
|
|cant|p2a: Alakazam|par
|move|p1a: Starmie|Thunderbolt|p2a: Alakazam
|-damage|p2a: Alakazam|242\/313 par
|
|turn|39
|
|switch|p1a: Exeggutor|Exeggutor|301\/393 par
|move|p2a: Alakazam|Psychic|p1a: Exeggutor
|-resisted|p1a: Exeggutor
|-damage|p1a: Exeggutor|263\/393 par
|
|turn|40
|
|switch|p2a: Starmie|Starmie|323\/323
|switch|p1a: Starmie|Starmie|215\/323 par
|
|turn|41
|
|move|p2a: Starmie|Thunderbolt|p1a: Starmie
|-supereffective|p1a: Starmie
|-damage|p1a: Starmie|60\/323 par
|move|p1a: Starmie|Thunderbolt|p2a: Starmie
|-supereffective|p2a: Starmie
|-damage|p2a: Starmie|183\/323
|
|turn|42
|
|move|p2a: Starmie|Thunderbolt|p1a: Starmie
|-supereffective|p1a: Starmie
|-damage|p1a: Starmie|0 fnt
|faint|p1a: Starmie
|
|switch|p1a: Exeggutor|Exeggutor|263\/393 par
|turn|43
|
|switch|p2a: Alakazam|Alakazam|242\/313 par
|move|p1a: Exeggutor|Explosion|p2a: Alakazam
|-damage|p2a: Alakazam|0 fnt
|faint|p2a: Alakazam
|faint|p1a: Exeggutor
|
|switch|p1a: Alakazam|Alakazam|313\/313
|switch|p2a: Tauros|Tauros|353\/353
|turn|44
|leave|4trackboy
|
|move|p1a: Alakazam|Reflect|p1a: Alakazam
|move|p2a: Tauros|Body Slam|p1a: Alakazam
|-crit|p1a: Alakazam
|-damage|p1a: Alakazam|152\/313
|
|turn|45
|
|move|p1a: Alakazam|Recover|p1a: Alakazam
|-heal|p1a: Alakazam|308\/313
|move|p2a: Tauros|Body Slam|p1a: Alakazam
|-damage|p1a: Alakazam|227\/313
|
|turn|46
|
|move|p1a: Alakazam|Thunder Wave|p2a: Tauros
|-status|p2a: Tauros|par
|move|p2a: Tauros|Body Slam|p1a: Alakazam
|-damage|p1a: Alakazam|143\/313
|-status|p1a: Alakazam|par
|
|turn|47
|
|cant|p1a: Alakazam|par
|move|p2a: Tauros|Body Slam|p1a: Alakazam
|-damage|p1a: Alakazam|68\/313 par
|
|turn|48
|
|move|p1a: Alakazam|Recover|p1a: Alakazam
|-heal|p1a: Alakazam|224\/313 par
|move|p2a: Tauros|Body Slam|p1a: Alakazam
|-crit|p1a: Alakazam
|-damage|p1a: Alakazam|75\/313 par
|
|turn|49
|
|move|p1a: Alakazam|Recover|p1a: Alakazam
|-heal|p1a: Alakazam|231\/313 par
|move|p2a: Tauros|Body Slam|p1a: Alakazam
|-damage|p1a: Alakazam|149\/313 par
|
|turn|50
|
|move|p1a: Alakazam|Psychic|p2a: Tauros
|-damage|p2a: Tauros|180\/353 par
|cant|p2a: Tauros|par
|
|turn|51
|
|move|p1a: Alakazam|Recover|p1a: Alakazam
|-heal|p1a: Alakazam|305\/313 par
|move|p2a: Tauros|Body Slam|p1a: Alakazam
|-damage|p1a: Alakazam|227\/313 par
|
|turn|52
|
|move|p1a: Alakazam|Psychic|p2a: Tauros
|-damage|p2a: Tauros|9\/353 par
|move|p2a: Tauros|Body Slam|p1a: Alakazam
|-damage|p1a: Alakazam|148\/313 par
|
|turn|53
|
|move|p1a: Alakazam|Psychic|p2a: Tauros
|-damage|p2a: Tauros|0 fnt
|faint|p2a: Tauros
|
|switch|p2a: Starmie|Starmie|183\/323
|turn|54
|
|move|p2a: Starmie|Hydro Pump|p1a: Alakazam
|-damage|p1a: Alakazam|43\/313 par
|move|p1a: Alakazam|Thunder Wave|p2a: Starmie
|-status|p2a: Starmie|par
|
|turn|55
|
|move|p1a: Alakazam|Recover|p1a: Alakazam
|-heal|p1a: Alakazam|199\/313 par
|cant|p2a: Starmie|par
|
|turn|56
|
|move|p1a: Alakazam|Psychic|p2a: Starmie
|-crit|p2a: Starmie
|-resisted|p2a: Starmie
|-damage|p2a: Starmie|44\/323 par
|-unboost|p2a: Starmie|spd|1
|-unboost|p2a: Starmie|spa|1
|move|p2a: Starmie|Recover|p2a: Starmie
|-heal|p2a: Starmie|205\/323 par
|
|turn|57
|
|cant|p1a: Alakazam|par
|cant|p2a: Starmie|par
|
|turn|58
|
|move|p1a: Alakazam|Psychic|p2a: Starmie
|-resisted|p2a: Starmie
|-damage|p2a: Starmie|106\/323 par
|-unboost|p2a: Starmie|spd|1
|-unboost|p2a: Starmie|spa|1
|move|p2a: Starmie|Recover|p2a: Starmie
|-heal|p2a: Starmie|267\/323 par
|
|turn|59
|
|switch|p2a: Gengar|Gengar|323\/323 slp
|move|p1a: Alakazam|Psychic|p2a: Gengar
|-crit|p2a: Gengar
|-supereffective|p2a: Gengar
|-damage|p2a: Gengar|0 fnt
|faint|p2a: Gengar
|
|switch|p2a: Starmie|Starmie|267\/323 par
|turn|60
|c|★gen1masterrony|ur almost gone
|
|move|p1a: Alakazam|Psychic|p2a: Starmie
|-crit|p2a: Starmie
|-resisted|p2a: Starmie
|-damage|p2a: Starmie|141\/323 par
|-unboost|p2a: Starmie|spd|1
|-unboost|p2a: Starmie|spa|1
|move|p2a: Starmie|Hydro Pump|p1a: Alakazam
|-damage|p1a: Alakazam|126\/313 par
|
|turn|61
|c|★ggc|those crits on my chansey hurt
|
|move|p1a: Alakazam|Psychic|p2a: Starmie
|-resisted|p2a: Starmie
|-damage|p2a: Starmie|47\/323 par
|cant|p2a: Starmie|par
|
|turn|62
|c|★ggc|gg
|
|move|p1a: Alakazam|Psychic|p2a: Starmie
|-resisted|p2a: Starmie
|-damage|p2a: Starmie|0 fnt
|faint|p2a: Starmie
|
|win|gen1masterrony
|c|★gen1masterrony|gg
|leave|ggc
|player|p2