|j|Earth Wrecker
|j|ashleylion
|player|p1|Earth Wrecker|269
|player|p2|ashleylion|166
|gametype|singles
|gen|1
|tier|[Gen 1] OU
|rated
|seed|303,25408,9683,3576
|rule|Sleep Clause Mod: Limit one foe put to sleep
|rule|Freeze Clause Mod: Limit one foe frozen
|rule|Species Clause: Limit one of each Pokémon
|rule|OHKO Clause: OHKO moves are banned
|rule|Evasion Moves Clause: Evasion moves are banned
|rule|HP Percentage Mod: HP is shown in percentages
|
|start
|switch|p1a: Electabuzz|Electabuzz|333\/333
|switch|p2a: Lapras|Lapras|463\/463
|turn|1
|choice|move 1|move 2
|
|move|p1a: Electabuzz|Thunderbolt|p2a: Lapras
|-supereffective|p2a: Lapras
|-damage|p2a: Lapras|251\/463
|move|p2a: Lapras|Body Slam|p1a: Electabuzz
|-damage|p1a: Electabuzz|255\/333
|-status|p1a: Electabuzz|par
|
|turn|2
|choice|move 4|move 2
|
|move|p2a: Lapras|Body Slam|p1a: Electabuzz
|-damage|p1a: Electabuzz|175\/333 par
|move|p1a: Electabuzz|Thunder Wave|p2a: Lapras
|-status|p2a: Lapras|par
|
|turn|3
|choice|move 1|move 2
|
|move|p1a: Electabuzz|Thunderbolt|p2a: Lapras
|-supereffective|p2a: Lapras
|-damage|p2a: Lapras|45\/463 par
|move|p2a: Lapras|Body Slam|p1a: Electabuzz
|-damage|p1a: Electabuzz|90\/333 par
|
|turn|4
|choice|move 3|move 2
|
|move|p1a: Electabuzz|Psychic|p2a: Lapras
|-damage|p2a: Lapras|0 fnt
|faint|p2a: Lapras
|choice||switch 2
|
|switch|p2a: Slowbro|Slowbro|393\/393
|turn|5
|choice|switch 4|move 2
|
|switch|p1a: Venusaur|Venusaur|363\/363
|move|p2a: Slowbro|Body Slam|p1a: Venusaur
|-damage|p1a: Venusaur|300\/363
|
|turn|6
|choice|move 4|move 1
|
|move|p1a: Venusaur|Sleep Powder|p2a: Slowbro
|-status|p2a: Slowbro|slp
|cant|p2a: Slowbro|slp
|
|turn|7
|choice|move 1|move 1
|
|move|p1a: Venusaur|Swords Dance|p1a: Venusaur
|-boost|p1a: Venusaur|atk|2
|cant|p2a: Slowbro|slp
|
|turn|8
|choice|move 2|move 1
|
|move|p1a: Venusaur|Razor Leaf|p2a: Slowbro
|-crit|p2a: Slowbro
|-supereffective|p2a: Slowbro
|-damage|p2a: Slowbro|102\/393 slp
|cant|p2a: Slowbro|slp
|
|turn|9
|choice|move 1|move 1
|
|move|p1a: Venusaur|Swords Dance|p1a: Venusaur
|-boost|p1a: Venusaur|atk|2
|cant|p2a: Slowbro|slp
|
|turn|10
|choice|move 3|move 1
|
|move|p1a: Venusaur|Body Slam|p2a: Slowbro
|-damage|p2a: Slowbro|0 fnt
|faint|p2a: Slowbro
|choice||switch 3
|
|switch|p2a: Starmie|Starmie|323\/323
|turn|11
|choice|move 2|move 1
|
|move|p2a: Starmie|Blizzard|p1a: Venusaur
|-supereffective|p1a: Venusaur
|-damage|p1a: Venusaur|117\/363
|move|p1a: Venusaur|Razor Leaf|p2a: Starmie
|-crit|p2a: Starmie
|-supereffective|p2a: Starmie
|-damage|p2a: Starmie|82\/323
|
|turn|12
|choice|move 4|move 1
|
|move|p2a: Starmie|Blizzard|p1a: Venusaur
|-supereffective|p1a: Venusaur
|-damage|p1a: Venusaur|0 fnt
|faint|p1a: Venusaur
|choice|switch 6|
|
|switch|p1a: Gyarados|Gyarados|393\/393
|turn|13
|choice|move 2|move 2
|
|move|p2a: Starmie|Double-Edge|p1a: Gyarados
|-damage|p1a: Gyarados|323\/393
|-damage|p2a: Starmie|65\/323|[from] recoil|[of] p1a: Gyarados
|move|p1a: Gyarados|Thunderbolt|p2a: Starmie
|-supereffective|p2a: Starmie
|-damage|p2a: Starmie|0 fnt
|faint|p2a: Starmie
|choice||switch 4
|
|switch|p2a: Blastoise|Blastoise|361\/361
|turn|14
|choice|move 2|move 4
|
|move|p1a: Gyarados|Thunderbolt|p2a: Blastoise
|-supereffective|p2a: Blastoise
|-damage|p2a: Blastoise|207\/361
|move|p2a: Blastoise|Earthquake|p1a: Gyarados
|-immune|p1a: Gyarados|[msg]
|
|turn|15
|choice|move 2|move 1
|
|move|p1a: Gyarados|Thunderbolt|p2a: Blastoise
|-supereffective|p2a: Blastoise
|-damage|p2a: Blastoise|33\/361
|move|p2a: Blastoise|Blizzard|p1a: Gyarados
|-crit|p1a: Gyarados
|-damage|p1a: Gyarados|152\/393
|
|turn|16
|choice|move 3|move 1
|
|move|p1a: Gyarados|Body Slam|p2a: Blastoise
|-crit|p2a: Blastoise
|-damage|p2a: Blastoise|0 fnt
|faint|p2a: Blastoise
|choice||switch 5
|
|switch|p2a: Dewgong|Dewgong|383\/383
|turn|17
|choice|move 2|move 2
|
|move|p1a: Gyarados|Thunderbolt|p2a: Dewgong
|-supereffective|p2a: Dewgong
|-damage|p2a: Dewgong|234\/383
|move|p2a: Dewgong|Body Slam|p1a: Gyarados
|-crit|p1a: Gyarados
|-damage|p1a: Gyarados|37\/393
|
|turn|18
|choice|move 2|move 2
|
|move|p1a: Gyarados|Thunderbolt|p2a: Dewgong
|-supereffective|p2a: Dewgong
|-damage|p2a: Dewgong|68\/383
|move|p2a: Dewgong|Body Slam|p1a: Gyarados
|-damage|p1a: Gyarados|0 fnt
|faint|p1a: Gyarados
|choice|switch 3|
|
|switch|p1a: Gengar|Gengar|323\/323
|turn|19
|choice|move 3|move 1
|
|move|p1a: Gengar|Thunderbolt|p2a: Dewgong
|-supereffective|p2a: Dewgong
|-damage|p2a: Dewgong|0 fnt
|faint|p2a: Dewgong
|choice||switch 6
|
|switch|p2a: Golduck|Golduck|363\/363
|turn|20
|choice|move 3|move 2
|
|move|p1a: Gengar|Thunderbolt|p2a: Golduck
|-crit|p2a: Golduck
|-supereffective|p2a: Golduck
|-damage|p2a: Golduck|0 fnt
|faint|p2a: Golduck
|
|win|Earth Wrecker
|player|p1
|player|p2
|raw|Earth Wrecker's rating: 1063 &rarr; <strong>1088<\/strong><br \/>(+25 for winning)
|raw|ashleylion's rating: 1000 &rarr; <strong>1000<\/strong><br \/>(+0 for losing)
|l|Earth Wrecker