|join|metagross11
|join|erik1erik
|player|p1|metagross11|107
|player|p2|erik1erik|169
|gametype|singles
|gen|1
|tier|[Gen 1] Random Battle
|rated
|rule|Sleep Clause Mod: Limit one foe put to sleep
|rule|Freeze Clause Mod: Limit one foe frozen
|rule|HP Percentage Mod: HP is shown in percentages
|
|start
|switch|p1a: Golem|Golem, L79|288\/288
|switch|p2a: Caterpie|Caterpie, L99|290\/290
|turn|1
|
|switch|p2a: Snorlax|Snorlax, L79|415\/415
|move|p1a: Golem|Rock Slide|p2a: Snorlax
|-damage|p2a: Snorlax|323\/415
|
|turn|2
|
|move|p1a: Golem|Explosion|p2a: Snorlax
|-damage|p2a: Snorlax|36\/415
|faint|p1a: Golem
|
|switch|p1a: Marowak|Marowak, L85|276\/276
|turn|3
|
|move|p1a: Marowak|Body Slam|p2a: Snorlax
|-damage|p2a: Snorlax|0 fnt
|faint|p2a: Snorlax
|
|switch|p2a: Mewtwo|Mewtwo, L70|293\/293
|turn|4
|
|move|p2a: Mewtwo|Barrier|p2a: Mewtwo
|-boost|p2a: Mewtwo|def|2
|move|p1a: Marowak|Body Slam|p2a: Mewtwo
|-damage|p2a: Mewtwo|258\/293
|-status|p2a: Mewtwo|par
|
|turn|5
|
|move|p1a: Marowak|Seismic Toss|p2a: Mewtwo
|-damage|p2a: Mewtwo|173\/293 par
|move|p2a: Mewtwo|Psychic|p1a: Marowak
|-crit|p1a: Marowak
|-damage|p1a: Marowak|18\/276
|-unboost|p1a: Marowak|spd|1
|-unboost|p1a: Marowak|spa|1
|
|turn|6
|
|move|p1a: Marowak|Seismic Toss|p2a: Mewtwo
|-damage|p2a: Mewtwo|88\/293 par
|cant|p2a: Mewtwo|par
|
|turn|7
|
|move|p1a: Marowak|Seismic Toss|p2a: Mewtwo
|-damage|p2a: Mewtwo|3\/293 par
|move|p2a: Mewtwo|Recover|p2a: Mewtwo
|-heal|p2a: Mewtwo|149\/293 par
|
|turn|8
|
|switch|p1a: Zapdos|Zapdos, L79|304\/304
|move|p2a: Mewtwo|Recover|p2a: Mewtwo
|-heal|p2a: Mewtwo|293\/293 par
|
|turn|9
|
|move|p1a: Zapdos|Thunderbolt|p2a: Mewtwo
|-damage|p2a: Mewtwo|201\/293 par
|move|p2a: Mewtwo|Psychic|p1a: Zapdos
|-damage|p1a: Zapdos|224\/304
|
|turn|10
|
|move|p1a: Zapdos|Thunderbolt|p2a: Mewtwo
|-damage|p2a: Mewtwo|114\/293 par
|cant|p2a: Mewtwo|par
|
|turn|11
|
|move|p1a: Zapdos|Thunderbolt|p2a: Mewtwo
|-damage|p2a: Mewtwo|25\/293 par
|move|p2a: Mewtwo|Psychic|p1a: Zapdos
|-damage|p1a: Zapdos|150\/304
|
|turn|12
|
|move|p1a: Zapdos|Thunderbolt|p2a: Mewtwo
|-crit|p2a: Mewtwo
|-damage|p2a: Mewtwo|0 fnt
|faint|p2a: Mewtwo
|
|switch|p2a: Gengar|Gengar, L79|257\/257
|turn|13
|
|switch|p1a: Caterpie|Caterpie, L99|290\/290
|move|p2a: Gengar|Hypnosis|p1a: Caterpie
|-status|p1a: Caterpie|slp
|
|turn|14
|
|move|p2a: Gengar|Psychic|p1a: Caterpie
|-damage|p1a: Caterpie|174\/290 slp
|-unboost|p1a: Caterpie|spd|1
|-unboost|p1a: Caterpie|spa|1
|cant|p1a: Caterpie|slp
|
|turn|15
|
|switch|p1a: Marowak|Marowak, L85|18\/276
|move|p2a: Gengar|Psychic|p1a: Marowak
|-damage|p1a: Marowak|0 fnt
|faint|p1a: Marowak
|
|switch|p1a: Gengar|Gengar, L79|257\/257
|turn|16
|
|switch|p2a: Caterpie|Caterpie, L99|290\/290
|move|p1a: Gengar|Psychic|p2a: Caterpie
|-damage|p2a: Caterpie|184\/290
|
|turn|17
|
|move|p1a: Gengar|Psychic|p2a: Caterpie
|-damage|p2a: Caterpie|72\/290
|move|p2a: Caterpie|String Shot|p1a: Gengar
|-unboost|p1a: Gengar|spe|1
|
|turn|18
|
|switch|p1a: Starmie|Starmie, L79|257\/257
|move|p2a: Caterpie|String Shot|p1a: Starmie
|-unboost|p1a: Starmie|spe|1
|
|turn|19
|
|move|p2a: Caterpie|String Shot|p1a: Starmie
|-unboost|p1a: Starmie|spe|1
|move|p1a: Starmie|Thunder Wave|p2a: Caterpie
|-status|p2a: Caterpie|par
|
|turn|20
|
|switch|p1a: Gengar|Gengar, L79|257\/257
|cant|p2a: Caterpie|par
|
|turn|21
|
|move|p1a: Gengar|Psychic|p2a: Caterpie
|-damage|p2a: Caterpie|0 fnt
|faint|p2a: Caterpie
|
|switch|p2a: Gengar|Gengar, L79|257\/257
|turn|22
|
|move|p2a: Gengar|Psychic|p1a: Gengar
|-supereffective|p1a: Gengar
|-damage|p1a: Gengar|148\/257
|move|p1a: Gengar|Hypnosis|p2a: Gengar
|-status|p2a: Gengar|slp
|
|turn|23
|
|switch|p2a: Jynx|Jynx, L79|265\/265
|move|p1a: Gengar|Psychic|p2a: Jynx
|-resisted|p2a: Jynx
|-damage|p2a: Jynx|231\/265
|
|turn|24
|
|switch|p1a: Caterpie|Caterpie, L99|174\/290 slp
|switch|p2a: Gengar|Gengar, L79|257\/257 slp
|
|turn|25
|
|switch|p1a: Zapdos|Zapdos, L79|150\/304
|cant|p2a: Gengar|slp
|
|turn|26
|
|switch|p2a: Rhydon|Rhydon, L79|328\/328
|move|p1a: Zapdos|Thunderbolt|p2a: Rhydon
|-immune|p2a: Rhydon|[msg]
|
|turn|27
|
|switch|p1a: Starmie|Starmie, L79|257\/257
|move|p2a: Rhydon|Earthquake|p1a: Starmie
|-damage|p1a: Starmie|130\/257
|
|turn|28
|
|switch|p2a: Jynx|Jynx, L79|231\/265
|move|p1a: Starmie|Surf|p2a: Jynx
|-damage|p2a: Jynx|145\/265
|
|turn|29
|
|move|p1a: Starmie|Surf|p2a: Jynx
|-crit|p2a: Jynx
|-damage|p2a: Jynx|0 fnt
|faint|p2a: Jynx
|-message|erik1erik forfeited.
|
|win|metagross11
|raw|Ladder updating...
|leave|erik1erik
|player|p2
|raw|metagross11's rating: 1301 &rarr; <strong>1323<\/strong><br \/>(+22 for winning)
|raw|erik1erik's rating: 1333 &rarr; <strong>1312<\/strong><br \/>(-21 for losing)