|j|StellarMelon
|j|Dervodel2
|player|p1|StellarMelon|35
|player|p2|Dervodel2|238
|gametype|singles
|gen|1
|tier|[Gen 1] Random Battle
|rated
|seed|
|rule|Sleep Clause Mod: Limit one foe put to sleep
|rule|Freeze Clause Mod: Limit one foe frozen
|rule|HP Percentage Mod: HP is shown in percentages
|
|start
|switch|p1a: Pidgeot|Pidgeot, L90|100\/100
|switch|p2a: Weedle|Weedle, L99|100\/100
|turn|1
|choice||
|
|move|p1a: Pidgeot|Double-Edge|p2a: Weedle
|-damage|p2a: Weedle|46\/100
|-damage|p1a: Pidgeot|89\/100|[from] recoil|[of] p2a: Weedle
|move|p2a: Weedle|String Shot|p1a: Pidgeot
|-unboost|p1a: Pidgeot|spe|1
|
|turn|2
|choice||
|
|move|p2a: Weedle|Poison Sting|p1a: Pidgeot
|-damage|p1a: Pidgeot|85\/100
|move|p1a: Pidgeot|Agility|p1a: Pidgeot
|-boost|p1a: Pidgeot|spe|2
|
|turn|3
|choice||
|
|move|p1a: Pidgeot|Agility|p1a: Pidgeot
|-boost|p1a: Pidgeot|spe|2
|move|p2a: Weedle|String Shot|p1a: Pidgeot
|-unboost|p1a: Pidgeot|spe|1
|
|turn|4
|choice||
|
|switch|p2a: Gengar|Gengar, L79|100\/100
|move|p1a: Pidgeot|Sky Attack|p2a: Gengar|[still]
|-prepare|p1a: Pidgeot|Sky Attack|p2a: Gengar
|
|turn|5
|choice||
|
|switch|p2a: Weedle|Weedle, L99|46\/100
|move|p1a: Pidgeot|Sky Attack|p2a: Weedle|[from]Sky Attack
|-crit|p2a: Weedle
|-supereffective|p2a: Weedle
|-damage|p2a: Weedle|0 fnt
|faint|p2a: Weedle
|choice||
|
|switch|p2a: Zapdos|Zapdos, L79|100\/100
|turn|6
|choice||
|
|switch|p1a: Venomoth|Venomoth, L85|100\/100
|move|p2a: Zapdos|Thunder Wave|p1a: Venomoth
|-status|p1a: Venomoth|par
|
|turn|7
|choice||
|
|move|p2a: Zapdos|Drill Peck|p1a: Venomoth
|-supereffective|p1a: Venomoth
|-damage|p1a: Venomoth|44\/100 par
|move|p1a: Venomoth|Sleep Powder|p2a: Zapdos|[miss]
|-miss|p1a: Venomoth
|
|turn|8
|j|Singermornings
|choice||
|
|switch|p1a: Aerodactyl|Aerodactyl, L90|100\/100
|move|p2a: Zapdos|Drill Peck|p1a: Aerodactyl
|-resisted|p1a: Aerodactyl
|-damage|p1a: Aerodactyl|88\/100
|
|turn|9
|choice||
|
|switch|p1a: Nidorino|Nidorino, L90|100\/100
|move|p2a: Zapdos|Thunderbolt|p1a: Nidorino
|-damage|p1a: Nidorino|56\/100
|
|turn|10
|choice||
|
|move|p2a: Zapdos|Thunderbolt|p1a: Nidorino
|-damage|p1a: Nidorino|9\/100
|move|p1a: Nidorino|Body Slam|p2a: Zapdos
|-damage|p2a: Zapdos|79\/100
|-status|p2a: Zapdos|par
|
|turn|11
|c|★Dervodel2|d luck xD
|c| Singermornings|nice
|c|★StellarMelon|yep
|c|★Dervodel2|xD
|choice||
|
|switch|p1a: Venomoth|Venomoth, L85|44\/100 par
|move|p2a: Zapdos|Agility|p2a: Zapdos
|-boost|p2a: Zapdos|spe|2
|
|turn|12
|choice||
|
|move|p2a: Zapdos|Drill Peck|p1a: Venomoth
|-supereffective|p1a: Venomoth
|-damage|p1a: Venomoth|0 fnt
|faint|p1a: Venomoth
|c|★StellarMelon|fuck
|choice||
|
|switch|p1a: Arcanine|Arcanine, L85|100\/100
|turn|13
|c|★Dervodel2|what did you have on him?
|choice||
|
|move|p2a: Zapdos|Thunder Wave|p1a: Arcanine
|-status|p1a: Arcanine|par
|cant|p1a: Arcanine|par
|
|turn|14
|choice||
|
|move|p2a: Zapdos|Thunderbolt|p1a: Arcanine
|-damage|p1a: Arcanine|65\/100 par
|move|p1a: Arcanine|Fire Blast|p2a: Zapdos
|-crit|p2a: Zapdos
|-damage|p2a: Zapdos|12\/100 par
|
|turn|15
|choice||
|
|move|p2a: Zapdos|Thunderbolt|p1a: Arcanine
|-crit|p1a: Arcanine
|-damage|p1a: Arcanine|0 fnt
|faint|p1a: Arcanine
|choice||
|
|switch|p1a: Hypno|Hypno, L85|100\/100
|turn|16
|choice||
|
|move|p2a: Zapdos|Thunder Wave|p1a: Hypno
|-status|p1a: Hypno|par
|move|p1a: Hypno|Psychic|p2a: Zapdos
|-damage|p2a: Zapdos|0 fnt
|faint|p2a: Zapdos
|choice||
|
|switch|p2a: Persian|Persian, L79|100\/100
|turn|17
|choice||
|
|move|p2a: Persian|Slash|p1a: Hypno
|-crit|p1a: Hypno
|-damage|p1a: Hypno|61\/100 par
|move|p1a: Hypno|Hypnosis|p2a: Persian
|-status|p2a: Persian|slp
|
|turn|18
|c| Singermornings|good pokes on dervodel
|choice||
|
|cant|p2a: Persian|slp
|move|p1a: Hypno|Psychic|p2a: Persian
|-damage|p2a: Persian|44\/100 slp
|
|turn|19
|c|★Dervodel2|weedle was the best xD
|choice||
|
|switch|p2a: Jynx|Jynx, L79|100\/100
|move|p1a: Hypno|Psychic|p2a: Jynx
|-resisted|p2a: Jynx
|-damage|p2a: Jynx|80\/100
|
|turn|20
|c| Singermornings|wow jynx
|c| Singermornings|who will be the last? mmmm
|choice||
|
|move|p2a: Jynx|Blizzard|p1a: Hypno
|-damage|p1a: Hypno|32\/100 par
|move|p1a: Hypno|Thunder Wave|p2a: Jynx
|-status|p2a: Jynx|par
|
|turn|21
|choice||
|
|switch|p1a: Nidorino|Nidorino, L90|9\/100
|move|p2a: Jynx|Blizzard|p1a: Nidorino
|-damage|p1a: Nidorino|0 fnt
|faint|p1a: Nidorino
|choice||
|
|switch|p1a: Aerodactyl|Aerodactyl, L90|88\/100
|turn|22
|choice||
|
|move|p1a: Aerodactyl|Sky Attack|p2a: Jynx|[still]
|-prepare|p1a: Aerodactyl|Sky Attack|p2a: Jynx
|cant|p2a: Jynx|par
|
|turn|23
|choice||
|
|switch|p2a: Persian|Persian, L79|44\/100 slp
|move|p1a: Aerodactyl|Sky Attack|p2a: Persian|[from]Sky Attack
|-damage|p2a: Persian|0 fnt
|faint|p2a: Persian
|choice||
|
|switch|p2a: Cloyster|Cloyster, L83|100\/100
|turn|24
|c| Singermornings|lol
|c|★Dervodel2|goo weedle 2!
|c|★StellarMelon|fuck
|c| Singermornings|gg
|choice||
|
|move|p1a: Aerodactyl|Double-Edge|p2a: Cloyster
|-damage|p2a: Cloyster|80\/100
|-damage|p1a: Aerodactyl|84\/100|[from] recoil|[of] p2a: Cloyster
|move|p2a: Cloyster|Blizzard|p1a: Aerodactyl
|-supereffective|p1a: Aerodactyl
|-damage|p1a: Aerodactyl|5\/100
|
|turn|25
|choice||
|
|move|p1a: Aerodactyl|Hyper Beam|p2a: Cloyster
|-crit|p2a: Cloyster
|-damage|p2a: Cloyster|18\/100
|move|p2a: Cloyster|Surf|p1a: Aerodactyl
|-supereffective|p1a: Aerodactyl
|-damage|p1a: Aerodactyl|0 fnt
|faint|p1a: Aerodactyl
|c|★Dervodel2|haha crit
|choice||
|
|switch|p1a: Pidgeot|Pidgeot, L90|85\/100
|turn|26
|choice||
|
|move|p1a: Pidgeot|Double-Edge|p2a: Cloyster
|-damage|p2a: Cloyster|0 fnt
|-damage|p1a: Pidgeot|82\/100|[from] recoil|[of] p2a: Cloyster
|faint|p2a: Cloyster
|choice||
|
|switch|p2a: Gengar|Gengar, L79|100\/100
|turn|27
|choice||
|
|move|p2a: Gengar|Thunderbolt|p1a: Pidgeot
|-supereffective|p1a: Pidgeot
|-damage|p1a: Pidgeot|37\/100
|move|p1a: Pidgeot|Sky Attack|p2a: Gengar|[still]
|-prepare|p1a: Pidgeot|Sky Attack|p2a: Gengar
|
|turn|28
|choice||
|
|move|p1a: Pidgeot|Sky Attack|p2a: Gengar|[from]Sky Attack
|-damage|p2a: Gengar|17\/100
|move|p2a: Gengar|Thunderbolt|p1a: Pidgeot
|-supereffective|p1a: Pidgeot
|-damage|p1a: Pidgeot|0 fnt
|faint|p1a: Pidgeot
|choice||
|
|switch|p1a: Hypno|Hypno, L85|32\/100 par
|turn|29
|c|★Dervodel2|alaku akbar!
|choice||
|
|move|p2a: Gengar|Explosion|p1a: Hypno
|-crit|p1a: Hypno
|-damage|p1a: Hypno|0 fnt
|faint|p1a: Hypno
|faint|p2a: Gengar
|
|win|Dervodel2
|player|p1
|player|p2
|raw|StellarMelon's rating: 1397 &rarr; <strong>1377<\/strong><br \/>(-20 for losing)
|raw|Dervodel2's rating: 1399 &rarr; <strong>1419<\/strong><br \/>(+20 for winning)
|c| Singermornings|gg
|c|★Dervodel2|gg