|j|KL1993
|j|crooty
|player|p1|KL1993|170
|player|p2|crooty|76
|gametype|singles
|gen|1
|tier|[Gen 1] OU
|rated
|seed|5342,54833,29899,60455
|rule|Sleep Clause Mod: Limit one foe put to sleep
|rule|Freeze Clause Mod: Limit one foe frozen
|rule|Species Clause: Limit one of each Pokémon
|rule|OHKO Clause: OHKO moves are banned
|rule|Evasion Moves Clause: Evasion moves are banned
|rule|HP Percentage Mod: HP is shown in percentages
|
|start
|switch|p1a: Dragonite|Dragonite|385\/385
|switch|p2a: Slowbro|Slowbro|393\/393
|turn|1
|choice|move 1|switch 2
|
|switch|p2a: Starmie|Starmie|323\/323
|move|p1a: Dragonite|Wrap|p2a: Starmie
|-damage|p2a: Starmie|306\/323
|-activate|p2a: Starmie|move: Wrap|[of] p1a: Dragonite
|
|turn|2
|choice|move 1|move 3
|
|cant|p2a: Starmie|partiallytrapped
|move|p1a: Dragonite|Wrap|p2a: Starmie
|-damage|p2a: Starmie|289\/323
|
|-end|p2a: Starmie|Wrap|[partiallytrapped]
|turn|3
|choice|move 1|move 3
|
|move|p2a: Starmie|Ice Beam|p1a: Dragonite
|-supereffective|p1a: Dragonite
|-damage|p1a: Dragonite|92\/385
|move|p1a: Dragonite|Wrap|p2a: Starmie
|-damage|p2a: Starmie|272\/323
|-activate|p2a: Starmie|move: Wrap|[of] p1a: Dragonite
|
|turn|4
|choice|move 1|move 3
|
|cant|p2a: Starmie|partiallytrapped
|move|p1a: Dragonite|Wrap|p2a: Starmie
|-damage|p2a: Starmie|255\/323
|
|-end|p2a: Starmie|Wrap|[partiallytrapped]
|turn|5
|choice|switch 4|move 3
|
|switch|p1a: Exeggutor|Exeggutor|393\/393
|move|p2a: Starmie|Ice Beam|p1a: Exeggutor
|-supereffective|p1a: Exeggutor
|-damage|p1a: Exeggutor|258\/393
|
|turn|6
|choice|move 2|move 3
|
|move|p2a: Starmie|Ice Beam|p1a: Exeggutor
|-supereffective|p1a: Exeggutor
|-damage|p1a: Exeggutor|132\/393
|move|p1a: Exeggutor|Sleep Powder|p2a: Starmie
|-status|p2a: Starmie|slp
|
|turn|7
|choice|move 4|move 3
|
|cant|p2a: Starmie|slp
|move|p1a: Exeggutor|Explosion|p2a: Starmie
|-damage|p2a: Starmie|0 fnt
|faint|p2a: Starmie
|faint|p1a: Exeggutor
|choice|switch 5|switch 3
|
|switch|p1a: Gengar|Gengar|323\/323
|switch|p2a: Snorlax|Snorlax|523\/523
|turn|8
|choice|move 1|move 2
|
|move|p1a: Gengar|Hypnosis|p2a: Snorlax|[miss]
|-miss|p1a: Gengar
|move|p2a: Snorlax|Amnesia|p2a: Snorlax
|-boost|p2a: Snorlax|spd|2
|-boost|p2a: Snorlax|spa|2
|
|turn|9
|choice|move 1|move 1
|
|move|p1a: Gengar|Hypnosis|p2a: Snorlax
|-status|p2a: Snorlax|slp
|-curestatus|p2a: Snorlax|slp
|
|turn|10
|choice|move 3|move 1
|
|move|p1a: Gengar|Confuse Ray|p2a: Snorlax
|-start|p2a: Snorlax|confusion
|-activate|p2a: Snorlax|confusion
|-damage|p2a: Snorlax|475\/523|[from] confusion
|
|turn|11
|choice|move 1|move 1
|
|move|p1a: Gengar|Hypnosis|p2a: Snorlax|[miss]
|-miss|p1a: Gengar
|-activate|p2a: Snorlax|confusion
|move|p2a: Snorlax|Earthquake|p1a: Gengar
|-supereffective|p1a: Gengar
|-damage|p1a: Gengar|76\/323
|
|turn|12
|choice|move 1|move 1
|
|move|p1a: Gengar|Hypnosis|p2a: Snorlax
|-status|p2a: Snorlax|slp
|cant|p2a: Snorlax|slp
|
|turn|13
|choice|move 2|move 1
|
|move|p1a: Gengar|Thunder|p2a: Snorlax
|-damage|p2a: Snorlax|396\/523 slp
|-curestatus|p2a: Snorlax|slp
|
|turn|14
|choice|move 4|move 1
|
|move|p1a: Gengar|Explosion|p2a: Snorlax
|-damage|p2a: Snorlax|132\/523
|faint|p1a: Gengar
|choice|switch 4|
|
|switch|p1a: Dragonite|Dragonite|92\/385
|turn|15
|choice|move 1|move 4
|
|move|p1a: Dragonite|Wrap|p2a: Snorlax
|-damage|p2a: Snorlax|111\/523
|-activate|p2a: Snorlax|move: Wrap|[of] p1a: Dragonite
|cant|p2a: Snorlax|partiallytrapped
|
|turn|16
|choice|move 1|move 4
|
|move|p1a: Dragonite|Wrap|p2a: Snorlax
|-damage|p2a: Snorlax|90\/523
|cant|p2a: Snorlax|partiallytrapped
|
|turn|17
|choice|move 1|move 4
|
|move|p1a: Dragonite|Wrap|p2a: Snorlax
|-damage|p2a: Snorlax|69\/523
|cant|p2a: Snorlax|partiallytrapped
|
|turn|18
|choice|move 1|move 4
|
|move|p1a: Dragonite|Wrap|p2a: Snorlax
|-damage|p2a: Snorlax|48\/523
|cant|p2a: Snorlax|partiallytrapped
|
|turn|19
|choice|move 1|move 4
|
|move|p1a: Dragonite|Wrap|p2a: Snorlax
|-damage|p2a: Snorlax|27\/523
|cant|p2a: Snorlax|partiallytrapped
|
|-end|p2a: Snorlax|Wrap|[partiallytrapped]
|turn|20
|choice|move 1|move 4
|
|move|p1a: Dragonite|Wrap|p2a: Snorlax|[miss]
|-miss|p1a: Dragonite
|-end|p2a: Snorlax|confusion
|move|p2a: Snorlax|Rest|p2a: Snorlax
|-status|p2a: Snorlax|slp
|-heal|p2a: Snorlax|523\/523 slp|[silent]
|-status|p2a: Snorlax|slp|[from] move: Rest
|
|turn|21
|choice|move 3|move 3
|
|move|p1a: Dragonite|Agility|p1a: Dragonite
|-boost|p1a: Dragonite|spe|2
|cant|p2a: Snorlax|slp
|
|turn|22
|choice|move 1|move 3
|
|move|p1a: Dragonite|Wrap|p2a: Snorlax
|-damage|p2a: Snorlax|503\/523 slp
|-activate|p2a: Snorlax|move: Wrap|[of] p1a: Dragonite
|-curestatus|p2a: Snorlax|slp
|
|turn|23
|choice|move 1|move 3
|
|move|p1a: Dragonite|Wrap|p2a: Snorlax
|-damage|p2a: Snorlax|483\/523
|cant|p2a: Snorlax|partiallytrapped
|
|-end|p2a: Snorlax|Wrap|[partiallytrapped]
|turn|24
|choice|move 1|move 3
|
|move|p1a: Dragonite|Wrap|p2a: Snorlax
|-damage|p2a: Snorlax|465\/523
|-activate|p2a: Snorlax|move: Wrap|[of] p1a: Dragonite
|cant|p2a: Snorlax|partiallytrapped
|
|turn|25
|choice|move 1|move 3
|
|move|p1a: Dragonite|Wrap|p2a: Snorlax
|-damage|p2a: Snorlax|447\/523
|cant|p2a: Snorlax|partiallytrapped
|
|-end|p2a: Snorlax|Wrap|[partiallytrapped]
|turn|26
|choice|move 1|move 3
|
|move|p1a: Dragonite|Wrap|p2a: Snorlax
|-damage|p2a: Snorlax|429\/523
|-activate|p2a: Snorlax|move: Wrap|[of] p1a: Dragonite
|cant|p2a: Snorlax|partiallytrapped
|
|turn|27
|choice|move 1|move 3
|
|move|p1a: Dragonite|Wrap|p2a: Snorlax
|-damage|p2a: Snorlax|411\/523
|cant|p2a: Snorlax|partiallytrapped
|
|-end|p2a: Snorlax|Wrap|[partiallytrapped]
|turn|28
|choice|move 1|move 3
|
|move|p1a: Dragonite|Wrap|p2a: Snorlax
|-crit|p2a: Snorlax
|-damage|p2a: Snorlax|376\/523
|-activate|p2a: Snorlax|move: Wrap|[of] p1a: Dragonite
|cant|p2a: Snorlax|partiallytrapped
|
|turn|29
|choice|move 1|move 3
|
|move|p1a: Dragonite|Wrap|p2a: Snorlax
|-damage|p2a: Snorlax|341\/523
|cant|p2a: Snorlax|partiallytrapped
|
|turn|30
|choice|move 1|move 3
|
|move|p1a: Dragonite|Wrap|p2a: Snorlax
|-damage|p2a: Snorlax|306\/523
|cant|p2a: Snorlax|partiallytrapped
|
|turn|31
|choice|move 1|move 3
|
|move|p1a: Dragonite|Wrap|p2a: Snorlax
|-damage|p2a: Snorlax|271\/523
|cant|p2a: Snorlax|partiallytrapped
|
|-end|p2a: Snorlax|Wrap|[partiallytrapped]
|turn|32
|choice|move 1|move 3
|
|move|p1a: Dragonite|Wrap|p2a: Snorlax
|-crit|p2a: Snorlax
|-damage|p2a: Snorlax|232\/523
|-activate|p2a: Snorlax|move: Wrap|[of] p1a: Dragonite
|cant|p2a: Snorlax|partiallytrapped
|
|turn|33
|choice|move 1|move 3
|
|move|p1a: Dragonite|Wrap|p2a: Snorlax
|-damage|p2a: Snorlax|193\/523
|cant|p2a: Snorlax|partiallytrapped
|
|turn|34
|choice|move 1|move 4
|
|move|p1a: Dragonite|Wrap|p2a: Snorlax
|-damage|p2a: Snorlax|154\/523
|cant|p2a: Snorlax|partiallytrapped
|
|turn|35
|choice|move 1|move 4
|
|move|p1a: Dragonite|Wrap|p2a: Snorlax
|-damage|p2a: Snorlax|115\/523
|cant|p2a: Snorlax|partiallytrapped
|
|turn|36
|choice|move 1|move 4
|
|move|p1a: Dragonite|Wrap|p2a: Snorlax
|-damage|p2a: Snorlax|76\/523
|cant|p2a: Snorlax|partiallytrapped
|
|-end|p2a: Snorlax|Wrap|[partiallytrapped]
|turn|37
|choice|move 1|move 4
|
|move|p1a: Dragonite|Wrap|p2a: Snorlax
|-damage|p2a: Snorlax|57\/523
|-activate|p2a: Snorlax|move: Wrap|[of] p1a: Dragonite
|cant|p2a: Snorlax|partiallytrapped
|
|turn|38
|choice|move 1|move 4
|
|move|p1a: Dragonite|Wrap|p2a: Snorlax
|-damage|p2a: Snorlax|38\/523
|cant|p2a: Snorlax|partiallytrapped
|
|turn|39
|choice|move 1|move 4
|
|move|p1a: Dragonite|Wrap|p2a: Snorlax
|-damage|p2a: Snorlax|19\/523
|cant|p2a: Snorlax|partiallytrapped
|
|turn|40
|choice|move 1|move 4
|
|move|p1a: Dragonite|Wrap|p2a: Snorlax
|-damage|p2a: Snorlax|0 fnt
|faint|p2a: Snorlax
|choice||switch 2
|
|switch|p2a: Slowbro|Slowbro|393\/393
|turn|41
|choice|move 1|move 2
|
|move|p1a: Dragonite|Wrap|p2a: Slowbro
|-damage|p2a: Slowbro|379\/393
|-activate|p2a: Slowbro|move: Wrap|[of] p1a: Dragonite
|cant|p2a: Slowbro|partiallytrapped
|
|turn|42
|choice|move 1|move 2
|
|move|p1a: Dragonite|Wrap|p2a: Slowbro
|-damage|p2a: Slowbro|365\/393
|cant|p2a: Slowbro|partiallytrapped
|
|-end|p2a: Slowbro|Wrap|[partiallytrapped]
|turn|43
|choice|move 1|move 2
|
|move|p1a: Dragonite|Wrap|p2a: Slowbro
|-damage|p2a: Slowbro|350\/393
|-activate|p2a: Slowbro|move: Wrap|[of] p1a: Dragonite
|cant|p2a: Slowbro|partiallytrapped
|
|turn|44
|choice|move 1|move 2
|
|move|p1a: Dragonite|Wrap|p2a: Slowbro
|-damage|p2a: Slowbro|335\/393
|cant|p2a: Slowbro|partiallytrapped
|
|turn|45
|choice|move 1|move 2
|
|move|p1a: Dragonite|Wrap|p2a: Slowbro
|-damage|p2a: Slowbro|320\/393
|cant|p2a: Slowbro|partiallytrapped
|
|turn|46
|c|★crooty|Does that thing have infinite PP?
|choice|move 1|move 2
|
|move|p1a: Dragonite|Wrap|p2a: Slowbro
|-damage|p2a: Slowbro|305\/393
|cant|p2a: Slowbro|partiallytrapped
|
|-end|p2a: Slowbro|Wrap|[partiallytrapped]
|turn|47
|choice|move 1|move 2
|
|move|p1a: Dragonite|Wrap|p2a: Slowbro
|-damage|p2a: Slowbro|291\/393
|-activate|p2a: Slowbro|move: Wrap|[of] p1a: Dragonite
|cant|p2a: Slowbro|partiallytrapped
|
|turn|48
|choice|move 1|move 2
|
|move|p1a: Dragonite|Wrap|p2a: Slowbro
|-damage|p2a: Slowbro|277\/393
|cant|p2a: Slowbro|partiallytrapped
|
|-end|p2a: Slowbro|Wrap|[partiallytrapped]
|turn|49
|choice|move 1|move 2
|
|move|p1a: Dragonite|Wrap|p2a: Slowbro
|-damage|p2a: Slowbro|262\/393
|-activate|p2a: Slowbro|move: Wrap|[of] p1a: Dragonite
|cant|p2a: Slowbro|partiallytrapped
|
|turn|50
|choice|move 1|move 2
|
|move|p1a: Dragonite|Wrap|p2a: Slowbro
|-damage|p2a: Slowbro|247\/393
|cant|p2a: Slowbro|partiallytrapped
|
|-end|p2a: Slowbro|Wrap|[partiallytrapped]
|turn|51
|choice|move 1|move 2
|
|move|p1a: Dragonite|Wrap|p2a: Slowbro|[miss]
|-miss|p1a: Dragonite
|move|p2a: Slowbro|Amnesia|p2a: Slowbro
|-boost|p2a: Slowbro|spd|2
|-boost|p2a: Slowbro|spa|2
|
|turn|52
|choice|move 1|move 3
|
|move|p1a: Dragonite|Wrap|p2a: Slowbro
|-damage|p2a: Slowbro|233\/393
|-activate|p2a: Slowbro|move: Wrap|[of] p1a: Dragonite
|cant|p2a: Slowbro|partiallytrapped
|
|turn|53
|choice|move 1|move 3
|
|move|p1a: Dragonite|Wrap|p2a: Slowbro
|-damage|p2a: Slowbro|219\/393
|cant|p2a: Slowbro|partiallytrapped
|
|turn|54
|choice|move 1|move 3
|
|move|p1a: Dragonite|Wrap|p2a: Slowbro
|-damage|p2a: Slowbro|205\/393
|cant|p2a: Slowbro|partiallytrapped
|
|-end|p2a: Slowbro|Wrap|[partiallytrapped]
|turn|55
|choice|move 1|move 3
|
|move|p1a: Dragonite|Wrap|p2a: Slowbro
|-damage|p2a: Slowbro|190\/393
|-activate|p2a: Slowbro|move: Wrap|[of] p1a: Dragonite
|cant|p2a: Slowbro|partiallytrapped
|
|turn|56
|choice|move 1|move 3
|
|move|p1a: Dragonite|Wrap|p2a: Slowbro
|-damage|p2a: Slowbro|175\/393
|cant|p2a: Slowbro|partiallytrapped
|
|turn|57
|choice|move 1|move 3
|
|move|p1a: Dragonite|Wrap|p2a: Slowbro
|-damage|p2a: Slowbro|160\/393
|cant|p2a: Slowbro|partiallytrapped
|
|-end|p2a: Slowbro|Wrap|[partiallytrapped]
|turn|58
|choice|move 1|move 3
|
|move|p1a: Dragonite|Wrap|p2a: Slowbro|[miss]
|-miss|p1a: Dragonite
|move|p2a: Slowbro|Rest|p2a: Slowbro
|-status|p2a: Slowbro|slp
|-heal|p2a: Slowbro|393\/393 slp|[silent]
|-status|p2a: Slowbro|slp|[from] move: Rest
|
|turn|59
|choice|move 3|move 1
|
|move|p1a: Dragonite|Agility|p1a: Dragonite
|-boost|p1a: Dragonite|spe|2
|cant|p2a: Slowbro|slp
|
|turn|60
|choice|move 1|move 1
|
|move|p1a: Dragonite|Wrap|p2a: Slowbro
|-crit|p2a: Slowbro
|-damage|p2a: Slowbro|367\/393 slp
|-activate|p2a: Slowbro|move: Wrap|[of] p1a: Dragonite
|-curestatus|p2a: Slowbro|slp
|
|turn|61
|choice|move 1|move 1
|
|move|p1a: Dragonite|Wrap|p2a: Slowbro
|-damage|p2a: Slowbro|341\/393
|cant|p2a: Slowbro|partiallytrapped
|
|turn|62
|choice|move 1|move 1
|
|move|p1a: Dragonite|Wrap|p2a: Slowbro
|-damage|p2a: Slowbro|315\/393
|cant|p2a: Slowbro|partiallytrapped
|
|-end|p2a: Slowbro|Wrap|[partiallytrapped]
|turn|63
|choice|move 1|move 1
|
|move|p1a: Dragonite|Wrap|p2a: Slowbro
|-damage|p2a: Slowbro|300\/393
|-activate|p2a: Slowbro|move: Wrap|[of] p1a: Dragonite
|cant|p2a: Slowbro|partiallytrapped
|
|turn|64
|choice|move 1|move 1
|
|move|p1a: Dragonite|Wrap|p2a: Slowbro
|-damage|p2a: Slowbro|285\/393
|cant|p2a: Slowbro|partiallytrapped
|
|turn|65
|choice|move 1|move 1
|
|move|p1a: Dragonite|Wrap|p2a: Slowbro
|-damage|p2a: Slowbro|270\/393
|cant|p2a: Slowbro|partiallytrapped
|
|turn|66
|choice|move 1|move 3
|
|move|p1a: Dragonite|Wrap|p2a: Slowbro
|-damage|p2a: Slowbro|255\/393
|cant|p2a: Slowbro|partiallytrapped
|
|turn|67
|choice|move 1|move 3
|
|move|p1a: Dragonite|Wrap|p2a: Slowbro
|-damage|p2a: Slowbro|240\/393
|cant|p2a: Slowbro|partiallytrapped
|
|-end|p2a: Slowbro|Wrap|[partiallytrapped]
|turn|68
|choice|move 1|move 3
|
|move|p1a: Dragonite|Wrap|p2a: Slowbro
|-damage|p2a: Slowbro|226\/393
|-activate|p2a: Slowbro|move: Wrap|[of] p1a: Dragonite
|cant|p2a: Slowbro|partiallytrapped
|
|turn|69
|choice|move 1|move 3
|
|move|p1a: Dragonite|Wrap|p2a: Slowbro
|-damage|p2a: Slowbro|212\/393
|cant|p2a: Slowbro|partiallytrapped
|
|turn|70
|choice|move 1|move 3
|
|move|p1a: Dragonite|Wrap|p2a: Slowbro
|-damage|p2a: Slowbro|198\/393
|cant|p2a: Slowbro|partiallytrapped
|
|-end|p2a: Slowbro|Wrap|[partiallytrapped]
|turn|71
|choice|move 1|move 3
|
|move|p1a: Dragonite|Wrap|p2a: Slowbro|[miss]
|-miss|p1a: Dragonite
|move|p2a: Slowbro|Rest|p2a: Slowbro
|-status|p2a: Slowbro|slp
|-heal|p2a: Slowbro|393\/393 slp|[silent]
|-status|p2a: Slowbro|slp|[from] move: Rest
|
|turn|72
|choice|move 3|move 3
|
|move|p1a: Dragonite|Agility|p1a: Dragonite
|-boost|p1a: Dragonite|spe|2
|cant|p2a: Slowbro|slp
|
|turn|73
|choice|move 3|move 2
|
|move|p1a: Dragonite|Agility|p1a: Dragonite
|-boost|p1a: Dragonite|spe|2
|-curestatus|p2a: Slowbro|slp
|
|turn|74
|choice|move 1|move 1
|
|move|p1a: Dragonite|Wrap|p2a: Slowbro
|-crit|p2a: Slowbro
|-damage|p2a: Slowbro|365\/393
|-activate|p2a: Slowbro|move: Wrap|[of] p1a: Dragonite
|cant|p2a: Slowbro|partiallytrapped
|
|turn|75
|choice|move 1|move 3
|
|move|p1a: Dragonite|Wrap|p2a: Slowbro
|-damage|p2a: Slowbro|337\/393
|cant|p2a: Slowbro|partiallytrapped
|
|turn|76
|choice|move 1|move 1
|
|move|p1a: Dragonite|Wrap|p2a: Slowbro
|-damage|p2a: Slowbro|309\/393
|cant|p2a: Slowbro|partiallytrapped
|
|turn|77
|choice|move 1|move 1
|
|move|p1a: Dragonite|Wrap|p2a: Slowbro
|-damage|p2a: Slowbro|281\/393
|cant|p2a: Slowbro|partiallytrapped
|
|-end|p2a: Slowbro|Wrap|[partiallytrapped]
|turn|78
|choice|move 1|move 3
|
|move|p1a: Dragonite|Wrap|p2a: Slowbro
|-damage|p2a: Slowbro|266\/393
|-activate|p2a: Slowbro|move: Wrap|[of] p1a: Dragonite
|cant|p2a: Slowbro|partiallytrapped
|
|turn|79
|choice|move 1|move 3
|
|move|p1a: Dragonite|Wrap|p2a: Slowbro
|-damage|p2a: Slowbro|251\/393
|cant|p2a: Slowbro|partiallytrapped
|
|turn|80
|choice|move 1|move 3
|
|move|p1a: Dragonite|Wrap|p2a: Slowbro
|-damage|p2a: Slowbro|236\/393
|cant|p2a: Slowbro|partiallytrapped
|
|-end|p2a: Slowbro|Wrap|[partiallytrapped]
|turn|81
|c|★crooty|Okay, seriously
|c|★crooty|How is this even possible
|choice|move 1|move 3
|
|move|p1a: Dragonite|Wrap|p2a: Slowbro|[miss]
|-miss|p1a: Dragonite
|move|p2a: Slowbro|Rest|p2a: Slowbro
|-status|p2a: Slowbro|slp
|-heal|p2a: Slowbro|393\/393 slp|[silent]
|-status|p2a: Slowbro|slp|[from] move: Rest
|
|turn|82
|choice|move 3|move 1
|
|move|p1a: Dragonite|Agility|p1a: Dragonite
|-boost|p1a: Dragonite|spe|2
|cant|p2a: Slowbro|slp
|
|turn|83
|c|★crooty|Hoe do you get 67 PP on a move
|choice|move 1|move 1
|
|move|p1a: Dragonite|Wrap|p2a: Slowbro
|-damage|p2a: Slowbro|378\/393 slp
|-activate|p2a: Slowbro|move: Wrap|[of] p1a: Dragonite
|-curestatus|p2a: Slowbro|slp
|
|turn|84
|choice|move 1|move 1
|
|move|p1a: Dragonite|Wrap|p2a: Slowbro
|-damage|p2a: Slowbro|363\/393
|cant|p2a: Slowbro|partiallytrapped
|
|turn|85
|choice|move 1|move 3
|
|move|p1a: Dragonite|Wrap|p2a: Slowbro
|-damage|p2a: Slowbro|348\/393
|cant|p2a: Slowbro|partiallytrapped
|
|-end|p2a: Slowbro|Wrap|[partiallytrapped]
|turn|86
|choice|move 1|move 3
|
|move|p1a: Dragonite|Wrap|p2a: Slowbro
|-crit|p2a: Slowbro
|-damage|p2a: Slowbro|320\/393
|-activate|p2a: Slowbro|move: Wrap|[of] p1a: Dragonite
|cant|p2a: Slowbro|partiallytrapped
|
|turn|87
|c|★KL1993|1 Wrap hit beetween 2 and 5 times
|choice|move 1|move 3
|
|move|p1a: Dragonite|Wrap|p2a: Slowbro
|-damage|p2a: Slowbro|292\/393
|cant|p2a: Slowbro|partiallytrapped
|
|-end|p2a: Slowbro|Wrap|[partiallytrapped]
|turn|88
|choice|move 1|move 1
|
|move|p1a: Dragonite|Wrap|p2a: Slowbro
|-crit|p2a: Slowbro
|-damage|p2a: Slowbro|263\/393
|-activate|p2a: Slowbro|move: Wrap|[of] p1a: Dragonite
|cant|p2a: Slowbro|partiallytrapped
|
|turn|89
|choice|move 1|move 1
|
|move|p1a: Dragonite|Wrap|p2a: Slowbro
|-damage|p2a: Slowbro|234\/393
|cant|p2a: Slowbro|partiallytrapped
|
|turn|90
|choice|move 1|move 1
|
|move|p1a: Dragonite|Wrap|p2a: Slowbro
|-damage|p2a: Slowbro|205\/393
|cant|p2a: Slowbro|partiallytrapped
|
|-end|p2a: Slowbro|Wrap|[partiallytrapped]
|turn|91
|choice|move 1|move 1
|
|move|p1a: Dragonite|Wrap|p2a: Slowbro
|-damage|p2a: Slowbro|192\/393
|-activate|p2a: Slowbro|move: Wrap|[of] p1a: Dragonite
|cant|p2a: Slowbro|partiallytrapped
|
|turn|92
|choice|move 1|move 3
|
|move|p1a: Dragonite|Wrap|p2a: Slowbro
|-damage|p2a: Slowbro|179\/393
|cant|p2a: Slowbro|partiallytrapped
|
|turn|93
|choice|move 1|move 3
|
|move|p1a: Dragonite|Wrap|p2a: Slowbro
|-damage|p2a: Slowbro|166\/393
|cant|p2a: Slowbro|partiallytrapped
|
|-end|p2a: Slowbro|Wrap|[partiallytrapped]
|turn|94
|choice|move 1|move 3
|
|move|p1a: Dragonite|Wrap|p2a: Slowbro|[miss]
|-miss|p1a: Dragonite
|move|p2a: Slowbro|Rest|p2a: Slowbro
|-status|p2a: Slowbro|slp
|-heal|p2a: Slowbro|393\/393 slp|[silent]
|-status|p2a: Slowbro|slp|[from] move: Rest
|
|turn|95
|choice|move 1|move 1
|
|move|p1a: Dragonite|Wrap|p2a: Slowbro
|-crit|p2a: Slowbro
|-damage|p2a: Slowbro|367\/393 slp
|-activate|p2a: Slowbro|move: Wrap|[of] p1a: Dragonite
|cant|p2a: Slowbro|slp
|
|turn|96
|choice|move 1|move 1
|
|move|p1a: Dragonite|Wrap|p2a: Slowbro
|-damage|p2a: Slowbro|341\/393 slp
|-curestatus|p2a: Slowbro|slp
|
|-end|p2a: Slowbro|Wrap|[partiallytrapped]
|turn|97
|choice|move 1|move 1
|
|move|p1a: Dragonite|Wrap|p2a: Slowbro
|-damage|p2a: Slowbro|328\/393
|-activate|p2a: Slowbro|move: Wrap|[of] p1a: Dragonite
|cant|p2a: Slowbro|partiallytrapped
|
|turn|98
|choice|move 1|move 1
|
|move|p1a: Dragonite|Wrap|p2a: Slowbro
|-damage|p2a: Slowbro|315\/393
|cant|p2a: Slowbro|partiallytrapped
|
|turn|99
|choice|move 1|move 1
|
|move|p1a: Dragonite|Wrap|p2a: Slowbro
|-damage|p2a: Slowbro|302\/393
|cant|p2a: Slowbro|partiallytrapped
|
|-end|p2a: Slowbro|Wrap|[partiallytrapped]
|turn|100
|choice|move 2|move 1
|
|move|p1a: Dragonite|Thunder Wave|p2a: Slowbro
|-status|p2a: Slowbro|par
|move|p2a: Slowbro|Surf|p1a: Dragonite
|-resisted|p1a: Dragonite
|-damage|p1a: Dragonite|1\/385
|
|turn|101
|choice|move 4|move 1
|
|move|p1a: Dragonite|Surf|p2a: Slowbro
|-resisted|p2a: Slowbro
|-damage|p2a: Slowbro|280\/393 par
|move|p2a: Slowbro|Surf|p1a: Dragonite
|-resisted|p1a: Dragonite
|-damage|p1a: Dragonite|0 fnt
|faint|p1a: Dragonite
|choice|switch 6|
|
|switch|p1a: Tauros|Tauros|353\/353
|turn|102
|choice|move 4|move 1
|
|move|p1a: Tauros|Hyper Beam|p2a: Slowbro
|-damage|p2a: Slowbro|127\/393 par
|cant|p2a: Slowbro|par
|
|turn|103
|-mustrecharge|p1a: Tauros
|-mustrecharge|p1a: Tauros
|c|★crooty|hoooly shit that wrap rest marathon was amazing
|choice|move 1|switch 4
|
|switch|p2a: Alakazam|Alakazam|313\/313
|cant|p1a: Tauros|recharge
|
|turn|104
|choice|switch 2|move 3
|
|switch|p1a: Slowbro|Slowbro|393\/393
|move|p2a: Alakazam|Seismic Toss|p1a: Slowbro
|-damage|p1a: Slowbro|293\/393
|
|turn|105
|choice|move 1|move 2
|
|move|p2a: Alakazam|Psychic|p1a: Slowbro
|-resisted|p1a: Slowbro
|-damage|p1a: Slowbro|221\/393
|move|p1a: Slowbro|Amnesia|p1a: Slowbro
|-boost|p1a: Slowbro|spd|2
|-boost|p1a: Slowbro|spa|2
|
|turn|106
|choice|move 4|move 1
|
|move|p2a: Alakazam|Thunder Wave|p1a: Slowbro
|-status|p1a: Slowbro|par
|move|p1a: Slowbro|Surf|p2a: Alakazam
|-damage|p2a: Alakazam|163\/313
|
|turn|107
|choice|move 4|move 4
|
|move|p2a: Alakazam|Recover|p2a: Alakazam
|-heal|p2a: Alakazam|313\/313
|move|p1a: Slowbro|Surf|p2a: Alakazam
|-damage|p2a: Alakazam|167\/313
|
|turn|108
|choice|move 3|move 3
|
|move|p2a: Alakazam|Seismic Toss|p1a: Slowbro
|-damage|p1a: Slowbro|121\/393 par
|move|p1a: Slowbro|Thunder Wave|p2a: Alakazam
|-status|p2a: Alakazam|par
|
|turn|109
|choice|move 4|move 3
|
|move|p2a: Alakazam|Seismic Toss|p1a: Slowbro
|-damage|p1a: Slowbro|21\/393 par
|move|p1a: Slowbro|Surf|p2a: Alakazam
|-damage|p2a: Alakazam|3\/313 par
|
|turn|110
|choice|move 4|move 4
|
|move|p2a: Alakazam|Recover|p2a: Alakazam
|-heal|p2a: Alakazam|159\/313 par
|cant|p1a: Slowbro|par
|
|turn|111
|choice|move 4|move 3
|
|cant|p2a: Alakazam|par
|cant|p1a: Slowbro|par
|
|turn|112
|choice|move 4|move 3
|
|cant|p2a: Alakazam|par
|cant|p1a: Slowbro|par
|
|turn|113
|choice|move 4|move 3
|
|cant|p2a: Alakazam|par
|move|p1a: Slowbro|Surf|p2a: Alakazam
|-damage|p2a: Alakazam|0 fnt
|faint|p2a: Alakazam
|choice||switch 6
|
|switch|p2a: Exeggutor|Exeggutor|393\/393
|turn|114
|choice|move 3|move 3
|
|move|p2a: Exeggutor|Mega Drain|p1a: Slowbro
|-supereffective|p1a: Slowbro
|-damage|p1a: Slowbro|0 fnt
|faint|p1a: Slowbro
|choice|switch 2|
|
|switch|p1a: Tauros|Tauros|353\/353
|turn|115
|choice|move 2|move 2
|
|move|p1a: Tauros|Blizzard|p2a: Exeggutor
|-supereffective|p2a: Exeggutor
|-damage|p2a: Exeggutor|260\/393
|move|p2a: Exeggutor|Psychic|p1a: Tauros
|-damage|p1a: Tauros|198\/353
|
|turn|116
|choice|move 1|move 1
|
|move|p1a: Tauros|Body Slam|p2a: Exeggutor
|-damage|p2a: Exeggutor|140\/393
|move|p2a: Exeggutor|Sleep Powder|p1a: Tauros
|-status|p1a: Tauros|slp
|
|turn|117
|choice|move 1|move 3
|
|cant|p1a: Tauros|slp
|move|p2a: Exeggutor|Mega Drain|p1a: Tauros
|-damage|p1a: Tauros|127\/353 slp
|-heal|p2a: Exeggutor|175\/393|[from] drain|[of] p1a: Tauros
|
|turn|118
|choice|move 1|move 2
|
|cant|p1a: Tauros|slp
|move|p2a: Exeggutor|Psychic|p1a: Tauros
|-damage|p1a: Tauros|0 fnt
|faint|p1a: Tauros
|choice|switch 3|
|
|switch|p1a: Snorlax|Snorlax|523\/523
|turn|119
|choice|move 1|move 2
|
|move|p2a: Exeggutor|Psychic|p1a: Snorlax
|-crit|p1a: Snorlax
|-damage|p1a: Snorlax|234\/523
|-unboost|p1a: Snorlax|spd|1
|-unboost|p1a: Snorlax|spa|1
|move|p1a: Snorlax|Body Slam|p2a: Exeggutor
|-damage|p2a: Exeggutor|63\/393
|
|turn|120
|choice|move 1|move 4
|
|move|p2a: Exeggutor|Explosion|p1a: Snorlax
|-damage|p1a: Snorlax|0 fnt
|faint|p1a: Snorlax
|faint|p2a: Exeggutor
|
|win|crooty
|player|p1
|player|p2
|c|★KL1993|gg
|c|★crooty|gg
|l|KL1993
||Ladder (probably) updated, but score could not be retrieved (Response not received).