|j|khetrapal
|j|MALESANI
|player|p1|khetrapal|52
|player|p2|MALESANI|238
|gametype|singles
|gen|1
|tier|[Gen 1] Random Battle
|rated
|seed|
|rule|Sleep Clause Mod: Limit one foe put to sleep
|rule|Freeze Clause Mod: Limit one foe frozen
|rule|HP Percentage Mod: HP is shown in percentages
|
|start
|switch|p1a: Eevee|Eevee, L96|100\/100
|switch|p2a: Nidoran-F|Nidoran-F, L96|100\/100
|turn|1
|choice||
|
|switch|p1a: Jynx|Jynx, L79|100\/100
|move|p2a: Nidoran-F|Body Slam|p1a: Jynx
|-crit|p1a: Jynx
|-damage|p1a: Jynx|40\/100
|
|turn|2
|choice||
|
|move|p1a: Jynx|Psychic|p2a: Nidoran-F
|-crit|p2a: Nidoran-F
|-supereffective|p2a: Nidoran-F
|-damage|p2a: Nidoran-F|0 fnt
|faint|p2a: Nidoran-F
|choice||
|
|switch|p2a: Tauros|Tauros, L79|100\/100
|turn|3
|choice||
|
|switch|p1a: Victreebel|Victreebel, L85|100\/100
|move|p2a: Tauros|Body Slam|p1a: Victreebel
|-damage|p1a: Victreebel|68\/100
|
|turn|4
|choice||
|
|switch|p2a: Tangela|Tangela, L85|100\/100
|move|p1a: Victreebel|Sleep Powder|p2a: Tangela
|-status|p2a: Tangela|slp
|
|turn|5
|choice||
|
|switch|p1a: Jynx|Jynx, L79|40\/100
|switch|p2a: Tauros|Tauros, L79|100\/100
|
|turn|6
|choice||
|
|switch|p1a: Weezing|Weezing, L90|100\/100
|move|p2a: Tauros|Body Slam|p1a: Weezing
|-damage|p1a: Weezing|79\/100
|
|turn|7
|choice||
|
|switch|p2a: Hitmonchan|Hitmonchan, L90|100\/100
|move|p1a: Weezing|Sludge|p2a: Hitmonchan
|-damage|p2a: Hitmonchan|72\/100
|
|turn|8
|choice||
|
|move|p2a: Hitmonchan|Body Slam|p1a: Weezing
|-damage|p1a: Weezing|62\/100
|move|p1a: Weezing|Sludge|p2a: Hitmonchan
|-damage|p2a: Hitmonchan|42\/100
|-status|p2a: Hitmonchan|psn
|
|turn|9
|choice||
|
|move|p2a: Hitmonchan|Body Slam|p1a: Weezing
|-damage|p1a: Weezing|42\/100
|-status|p1a: Weezing|par
|-damage|p2a: Hitmonchan|36\/100 psn|[from] psn|[of] p1a: Weezing
|move|p1a: Weezing|Sludge|p2a: Hitmonchan
|-damage|p2a: Hitmonchan|11\/100 psn
|
|turn|10
|choice||
|
|move|p2a: Hitmonchan|Seismic Toss|p1a: Weezing
|-damage|p1a: Weezing|12\/100 par
|-damage|p2a: Hitmonchan|5\/100 psn|[from] psn|[of] p1a: Weezing
|move|p1a: Weezing|Sludge|p2a: Hitmonchan
|-crit|p2a: Hitmonchan
|-damage|p2a: Hitmonchan|0 fnt
|faint|p2a: Hitmonchan
|choice||
|
|switch|p2a: Tauros|Tauros, L79|100\/100
|turn|11
|choice||
|
|move|p2a: Tauros|Body Slam|p1a: Weezing
|-crit|p1a: Weezing
|-damage|p1a: Weezing|0 fnt
|faint|p1a: Weezing
|choice||
|
|switch|p1a: Eevee|Eevee, L96|100\/100
|turn|12
|choice||
|
|switch|p2a: Exeggutor|Exeggutor, L79|100\/100
|move|p1a: Eevee|Reflect|p1a: Eevee
|-start|p1a: Eevee|Reflect
|
|turn|13
|choice||
|
|move|p1a: Eevee|Sand Attack|p2a: Exeggutor
|-unboost|p2a: Exeggutor|accuracy|1
|move|p2a: Exeggutor|Sleep Powder|p1a: Eevee|[miss]
|-miss|p2a: Exeggutor
|
|turn|14
|choice||
|
|move|p1a: Eevee|Body Slam|p2a: Exeggutor
|-damage|p2a: Exeggutor|70\/100
|move|p2a: Exeggutor|Sleep Powder|p1a: Eevee
|-status|p1a: Eevee|slp
|
|turn|15
|choice||
|
|switch|p1a: Jynx|Jynx, L79|40\/100
|switch|p2a: Raticate|Raticate, L85|100\/100
|
|turn|16
|choice||
|
|move|p2a: Raticate|Body Slam|p1a: Jynx
|-damage|p1a: Jynx|0 fnt
|faint|p1a: Jynx
|choice||
|
|switch|p1a: Victreebel|Victreebel, L85|68\/100
|turn|17
|choice||
|
|move|p2a: Raticate|Body Slam|p1a: Victreebel
|-crit|p1a: Victreebel
|-damage|p1a: Victreebel|6\/100
|-status|p1a: Victreebel|par
|move|p1a: Victreebel|Body Slam|p2a: Raticate
|-damage|p2a: Raticate|68\/100
|
|turn|18
|choice||
|
|move|p2a: Raticate|Body Slam|p1a: Victreebel
|-damage|p1a: Victreebel|0 fnt
|faint|p1a: Victreebel
|choice||
|
|switch|p1a: Zapdos|Zapdos, L79|100\/100
|turn|19
|j|PattyKane
|choice||
|
|move|p2a: Raticate|Body Slam|p1a: Zapdos
|-damage|p1a: Zapdos|72\/100
|move|p1a: Zapdos|Thunder Wave|p2a: Raticate
|-status|p2a: Raticate|par
|
|turn|20
|l|PattyKane
|choice||
|
|move|p1a: Zapdos|Thunderbolt|p2a: Raticate
|-damage|p2a: Raticate|12\/100 par
|move|p2a: Raticate|Body Slam|p1a: Zapdos
|-damage|p1a: Zapdos|42\/100
|
|turn|21
|choice||
|
|move|p1a: Zapdos|Thunderbolt|p2a: Raticate
|-crit|p2a: Raticate
|-damage|p2a: Raticate|0 fnt
|faint|p2a: Raticate
|choice||
|
|switch|p2a: Tauros|Tauros, L79|100\/100
|turn|22
|choice||
|
|switch|p1a: Eevee|Eevee, L96|100\/100 slp
|move|p2a: Tauros|Body Slam|p1a: Eevee
|-crit|p1a: Eevee
|-damage|p1a: Eevee|41\/100 slp
|
|turn|23
|choice||
|
|move|p2a: Tauros|Body Slam|p1a: Eevee
|-damage|p1a: Eevee|9\/100 slp
|cant|p1a: Eevee|slp
|
|turn|24
|choice||
|
|move|p2a: Tauros|Body Slam|p1a: Eevee
|-damage|p1a: Eevee|0 fnt
|faint|p1a: Eevee
|choice||
|
|switch|p1a: Gyarados|Gyarados, L85|100\/100
|turn|25
|choice||
|
|move|p2a: Tauros|Body Slam|p1a: Gyarados
|-damage|p1a: Gyarados|73\/100
|move|p1a: Gyarados|Surf|p2a: Tauros
|-damage|p2a: Tauros|56\/100
|
|turn|26
|choice||
|
|switch|p2a: Tangela|Tangela, L85|100\/100 slp
|move|p1a: Gyarados|Blizzard|p2a: Tangela|[miss]
|-miss|p1a: Gyarados
|
|turn|27
|choice||
|
|move|p1a: Gyarados|Blizzard|p2a: Tangela
|-supereffective|p2a: Tangela
|-damage|p2a: Tangela|47\/100 slp
|-curestatus|p2a: Tangela|slp
|
|turn|28
|choice||
|
|move|p1a: Gyarados|Blizzard|p2a: Tangela
|-supereffective|p2a: Tangela
|-damage|p2a: Tangela|0 fnt
|faint|p2a: Tangela
|choice||
|
|switch|p2a: Exeggutor|Exeggutor, L79|70\/100
|turn|29
|choice||
|
|move|p1a: Gyarados|Blizzard|p2a: Exeggutor
|-supereffective|p2a: Exeggutor
|-damage|p2a: Exeggutor|18\/100
|move|p2a: Exeggutor|Sleep Powder|p1a: Gyarados
|-status|p1a: Gyarados|slp
|
|turn|30
|choice||
|
|cant|p1a: Gyarados|slp
|move|p2a: Exeggutor|Psychic|p1a: Gyarados
|-damage|p1a: Gyarados|44\/100 slp
|
|turn|31
|choice||
|
|-curestatus|p1a: Gyarados|slp
|move|p2a: Exeggutor|Mega Drain|p1a: Gyarados
|-damage|p1a: Gyarados|32\/100
|-heal|p2a: Exeggutor|25\/100|[from] drain|[of] p1a: Gyarados
|
|turn|32
|choice||
|
|move|p1a: Gyarados|Blizzard|p2a: Exeggutor
|-supereffective|p2a: Exeggutor
|-damage|p2a: Exeggutor|0 fnt
|faint|p2a: Exeggutor
|choice||
|
|switch|p2a: Tauros|Tauros, L79|56\/100
|turn|33
|choice||
|
|move|p2a: Tauros|Hyper Beam|p1a: Gyarados|[miss]
|-miss|p2a: Tauros
|move|p1a: Gyarados|Hyper Beam|p2a: Tauros
|-damage|p2a: Tauros|11\/100
|
|turn|34
|-mustrecharge|p1a: Gyarados
|-mustrecharge|p1a: Gyarados
|choice||
|
|move|p2a: Tauros|Body Slam|p1a: Gyarados
|-damage|p1a: Gyarados|8\/100
|cant|p1a: Gyarados|recharge
|
|turn|35
|choice||
|
|move|p2a: Tauros|Body Slam|p1a: Gyarados
|-damage|p1a: Gyarados|0 fnt
|faint|p1a: Gyarados
|choice||
|
|switch|p1a: Zapdos|Zapdos, L79|42\/100
|turn|36
|choice||
|
|move|p2a: Tauros|Hyper Beam|p1a: Zapdos
|-damage|p1a: Zapdos|0 fnt
|faint|p1a: Zapdos
|
|win|MALESANI
|player|p1
|player|p2
|raw|khetrapal's rating: 1412 &rarr; <strong>1389<\/strong><br \/>(-23 for losing)
|raw|MALESANI's rating: 1367 &rarr; <strong>1390<\/strong><br \/>(+23 for winning)
|c|★khetrapal|gg
|c|★MALESANI|gg