|join|eldougi
|join|smek1ng
|player|p1|eldougi|1
|player|p2|smek1ng|161
|gametype|singles
|gen|1
|tier|[Gen 1] Random Battle
|rated
|rule|Sleep Clause Mod: Limit one foe put to sleep
|rule|Freeze Clause Mod: Limit one foe frozen
|rule|HP Percentage Mod: HP is shown in percentages
|
|start
|switch|p1a: Tangela|Tangela, L85|284\/284
|switch|p2a: Diglett|Diglett, L96|214\/214
|turn|1
|
|switch|p2a: Articuno|Articuno, L79|304\/304
|move|p1a: Tangela|Stun Spore|p2a: Articuno|[miss]
|-miss|p1a: Tangela
|
|turn|2
|
|switch|p1a: Metapod|Metapod, L99|300\/300
|move|p2a: Articuno|Ice Beam|p1a: Metapod
|-damage|p1a: Metapod|135\/300
|-status|p1a: Metapod|frz
|
|turn|3
|
|move|p2a: Articuno|Ice Beam|p1a: Metapod
|-damage|p1a: Metapod|0 fnt
|faint|p1a: Metapod
|
|switch|p1a: Zapdos|Zapdos, L79|304\/304
|turn|4
|
|move|p1a: Zapdos|Drill Peck|p2a: Articuno
|-crit|p2a: Articuno
|-damage|p2a: Articuno|158\/304
|move|p2a: Articuno|Ice Beam|p1a: Zapdos
|-crit|p1a: Zapdos
|-supereffective|p1a: Zapdos
|-damage|p1a: Zapdos|0 fnt
|faint|p1a: Zapdos
|
|switch|p1a: Mewtwo|Mewtwo, L70|293\/293
|turn|5
|
|move|p1a: Mewtwo|Psychic|p2a: Articuno
|-crit|p2a: Articuno
|-damage|p2a: Articuno|11\/304
|move|p2a: Articuno|Reflect|p2a: Articuno
|-start|p2a: Articuno|Reflect
|
|turn|6
|
|move|p1a: Mewtwo|Psychic|p2a: Articuno
|-crit|p2a: Articuno
|-damage|p2a: Articuno|0 fnt
|faint|p2a: Articuno
|
|switch|p2a: Diglett|Diglett, L96|214\/214
|turn|7
|
|switch|p1a: Tangela|Tangela, L85|284\/284
|move|p2a: Diglett|Earthquake|p1a: Tangela
|-crit|p1a: Tangela
|-resisted|p1a: Tangela
|-damage|p1a: Tangela|201\/284
|
|turn|8
|
|switch|p2a: Zapdos|Zapdos, L79|304\/304
|move|p1a: Tangela|Stun Spore|p2a: Zapdos
|-status|p2a: Zapdos|par
|
|turn|9
|
|switch|p1a: Cubone|Cubone, L96|291\/291
|move|p2a: Zapdos|Thunder Wave|p1a: Cubone
|-immune|p1a: Cubone|[msg]
|
|turn|10
|
|switch|p2a: Tentacruel|Tentacruel, L85|310\/310
|move|p1a: Cubone|Blizzard|p2a: Tentacruel
|-resisted|p2a: Tentacruel
|-damage|p2a: Tentacruel|284\/310
|
|turn|11
|
|switch|p1a: Mewtwo|Mewtwo, L70|293\/293
|move|p2a: Tentacruel|Surf|p1a: Mewtwo
|-damage|p1a: Mewtwo|192\/293
|
|turn|12
|
|move|p2a: Tentacruel|Hydro Pump|p1a: Mewtwo
|-damage|p1a: Mewtwo|77\/293
|move|p1a: Mewtwo|Thunder Wave|p2a: Tentacruel
|-status|p2a: Tentacruel|par
|
|turn|13
|
|move|p1a: Mewtwo|Recover|p1a: Mewtwo
|-heal|p1a: Mewtwo|223\/293
|move|p2a: Tentacruel|Surf|p1a: Mewtwo
|-damage|p1a: Mewtwo|118\/293
|
|turn|14
|
|move|p1a: Mewtwo|Recover|p1a: Mewtwo
|-heal|p1a: Mewtwo|264\/293
|move|p2a: Tentacruel|Hydro Pump|p1a: Mewtwo
|-crit|p1a: Mewtwo
|-damage|p1a: Mewtwo|44\/293
|
|turn|15
|
|move|p1a: Mewtwo|Recover|p1a: Mewtwo
|-heal|p1a: Mewtwo|190\/293
|cant|p2a: Tentacruel|par
|
|turn|16
|
|move|p1a: Mewtwo|Recover|p1a: Mewtwo
|-heal|p1a: Mewtwo|293\/293
|move|p2a: Tentacruel|Hydro Pump|p1a: Mewtwo
|-damage|p1a: Mewtwo|166\/293
|
|turn|17
|
|move|p1a: Mewtwo|Psychic|p2a: Tentacruel
|-supereffective|p2a: Tentacruel
|-damage|p2a: Tentacruel|135\/310 par
|-unboost|p2a: Tentacruel|spd|1
|-unboost|p2a: Tentacruel|spa|1
|cant|p2a: Tentacruel|par
|
|turn|18
|
|move|p1a: Mewtwo|Recover|p1a: Mewtwo
|-heal|p1a: Mewtwo|293\/293
|move|p2a: Tentacruel|Hydro Pump|p1a: Mewtwo
|-damage|p1a: Mewtwo|217\/293
|
|turn|19
|
|move|p1a: Mewtwo|Psychic|p2a: Tentacruel
|-crit|p2a: Tentacruel
|-supereffective|p2a: Tentacruel
|-damage|p2a: Tentacruel|0 fnt
|faint|p2a: Tentacruel
|
|switch|p2a: Poliwhirl|Poliwhirl, L85|284\/284
|turn|20
|
|switch|p1a: Tangela|Tangela, L85|201\/284
|move|p2a: Poliwhirl|Amnesia|p2a: Poliwhirl
|-boost|p2a: Poliwhirl|spd|2
|-boost|p2a: Poliwhirl|spa|2
|
|turn|21
|
|move|p2a: Poliwhirl|Amnesia|p2a: Poliwhirl
|-boost|p2a: Poliwhirl|spd|2
|-boost|p2a: Poliwhirl|spa|2
|move|p1a: Tangela|Sleep Powder|p2a: Poliwhirl
|-status|p2a: Poliwhirl|slp
|
|turn|22
|
|switch|p1a: Cubone|Cubone, L96|291\/291
|cant|p2a: Poliwhirl|slp
|
|turn|23
|
|cant|p2a: Poliwhirl|slp
|move|p1a: Cubone|Seismic Toss|p2a: Poliwhirl
|-damage|p2a: Poliwhirl|188\/284 slp
|
|turn|24
|
|cant|p2a: Poliwhirl|slp
|move|p1a: Cubone|Earthquake|p2a: Poliwhirl
|-damage|p2a: Poliwhirl|77\/284 slp
|
|turn|25
|
|cant|p2a: Poliwhirl|slp
|move|p1a: Cubone|Seismic Toss|p2a: Poliwhirl
|-damage|p2a: Poliwhirl|0 fnt
|faint|p2a: Poliwhirl
|
|switch|p2a: Kadabra|Kadabra, L85|242\/242
|turn|26
|
|move|p2a: Kadabra|Psychic|p1a: Cubone
|-damage|p1a: Cubone|124\/291
|move|p1a: Cubone|Earthquake|p2a: Kadabra
|-damage|p2a: Kadabra|76\/242
|
|turn|27
|
|move|p2a: Kadabra|Psychic|p1a: Cubone
|-damage|p1a: Cubone|0 fnt
|faint|p1a: Cubone
|
|switch|p1a: Tangela|Tangela, L85|201\/284
|turn|28
|
|move|p2a: Kadabra|Recover|p2a: Kadabra
|-heal|p2a: Kadabra|197\/242
|move|p1a: Tangela|Sleep Powder|p2a: Kadabra
|-status|p2a: Kadabra|slp
|
|turn|29
|
|cant|p2a: Kadabra|slp
|move|p1a: Tangela|Hyper Beam|p2a: Kadabra
|-damage|p2a: Kadabra|61\/242 slp
|
|turn|30
|-mustrecharge|p1a: Tangela
|-mustrecharge|p1a: Tangela
|
|cant|p2a: Kadabra|slp
|cant|p1a: Tangela|recharge
|
|turn|31
|
|cant|p2a: Kadabra|slp
|-curestatus|p2a: Kadabra|slp
|move|p1a: Tangela|Hyper Beam|p2a: Kadabra
|-damage|p2a: Kadabra|0 fnt
|faint|p2a: Kadabra
|
|switch|p2a: Zapdos|Zapdos, L79|304\/304 par
|turn|32
|
|move|p1a: Tangela|Hyper Beam|p2a: Zapdos|[miss]
|-miss|p1a: Tangela
|move|p2a: Zapdos|Thunder Wave|p1a: Tangela
|-status|p1a: Tangela|par
|
|turn|33
|
|move|p2a: Zapdos|Drill Peck|p1a: Tangela
|-supereffective|p1a: Tangela
|-damage|p1a: Tangela|87\/284 par
|move|p1a: Tangela|Hyper Beam|p2a: Zapdos|[miss]
|-miss|p1a: Tangela
|
|turn|34
|
|move|p2a: Zapdos|Drill Peck|p1a: Tangela
|-crit|p1a: Tangela
|-supereffective|p1a: Tangela
|-damage|p1a: Tangela|0 fnt
|faint|p1a: Tangela
|
|switch|p1a: Mewtwo|Mewtwo, L70|217\/293
|turn|35
|
|move|p1a: Mewtwo|Psychic|p2a: Zapdos
|-damage|p2a: Zapdos|222\/304 par
|cant|p2a: Zapdos|par
|
|turn|36
|
|move|p1a: Mewtwo|Psychic|p2a: Zapdos
|-damage|p2a: Zapdos|148\/304 par
|-unboost|p2a: Zapdos|spd|1
|-unboost|p2a: Zapdos|spa|1
|move|p2a: Zapdos|Thunder Wave|p1a: Mewtwo
|-status|p1a: Mewtwo|par
|
|turn|37
|
|move|p1a: Mewtwo|Psychic|p2a: Zapdos
|-damage|p2a: Zapdos|21\/304 par
|-unboost|p2a: Zapdos|spd|1
|-unboost|p2a: Zapdos|spa|1
|move|p2a: Zapdos|Drill Peck|p1a: Mewtwo
|-damage|p1a: Mewtwo|128\/293 par
|
|turn|38
|
|cant|p1a: Mewtwo|par
|move|p2a: Zapdos|Drill Peck|p1a: Mewtwo
|-damage|p1a: Mewtwo|47\/293 par
|
|turn|39
|
|move|p1a: Mewtwo|Psychic|p2a: Zapdos
|-damage|p2a: Zapdos|0 fnt
|faint|p2a: Zapdos
|
|switch|p2a: Diglett|Diglett, L96|214\/214
|turn|40
|
|move|p2a: Diglett|Earthquake|p1a: Mewtwo
|-damage|p1a: Mewtwo|0 fnt
|faint|p1a: Mewtwo
|
|switch|p1a: Exeggutor|Exeggutor, L79|312\/312
|turn|41
|c|★smek1ng|fuck
|
|move|p2a: Diglett|Substitute|p2a: Diglett
|-start|p2a: Diglett|Substitute
|-damage|p2a: Diglett|161\/214
|move|p1a: Exeggutor|Mega Drain|p2a: Diglett
|-supereffective|p2a: Diglett
|-end|p2a: Diglett|Substitute
|
|turn|42
|
|move|p2a: Diglett|Sand Attack|p1a: Exeggutor
|-unboost|p1a: Exeggutor|accuracy|1
|move|p1a: Exeggutor|Mega Drain|p2a: Diglett
|-supereffective|p2a: Diglett
|-damage|p2a: Diglett|54\/214
|
|turn|43
|c|★eldougi|:D
|
|move|p2a: Diglett|Sand Attack|p1a: Exeggutor
|-unboost|p1a: Exeggutor|accuracy|1
|move|p1a: Exeggutor|Mega Drain|p2a: Diglett|[miss]
|-miss|p1a: Exeggutor
|
|turn|44
|
|move|p2a: Diglett|Sand Attack|p1a: Exeggutor
|-unboost|p1a: Exeggutor|accuracy|1
|move|p1a: Exeggutor|Mega Drain|p2a: Diglett
|-supereffective|p2a: Diglett
|-damage|p2a: Diglett|0 fnt
|faint|p2a: Diglett
|
|win|eldougi
|raw|Ladder updating...
|c|★smek1ng|gg lol
|c|★eldougi|gg