|join|ceifeiro
|join|MALESANI
|player|p1|ceifeiro|126
|player|p2|MALESANI|238
|gametype|singles
|gen|1
|tier|[Gen 1] Random Battle
|rated
|seed|25133,32583,13700,14780
|rule|Sleep Clause Mod: Limit one foe put to sleep
|rule|Freeze Clause Mod: Limit one foe frozen
|rule|HP Percentage Mod: HP is shown in percentages
|
|start
|switch|p1a: Kingler|Kingler, L85|267\/267
|switch|p2a: Haunter|Haunter, L85|250\/250
|turn|1
|choice|move 1|move 1
|
|move|p2a: Haunter|Hypnosis|p1a: Kingler|[miss]
|-miss|p2a: Haunter
|move|p1a: Kingler|Crabhammer|p2a: Haunter
|-crit|p2a: Haunter
|-damage|p2a: Haunter|139\/250
|
|turn|2
|choice|switch 2|move 1
|
|switch|p1a: Ditto|Ditto, L99|296\/296
|move|p2a: Haunter|Hypnosis|p1a: Ditto|[miss]
|-miss|p2a: Haunter
|
|turn|3
|choice|move 1|move 1
|
|move|p2a: Haunter|Hypnosis|p1a: Ditto|[miss]
|-miss|p2a: Haunter
|move|p1a: Ditto|Transform|p2a: Haunter
|-transform|p1a: Ditto|p2a: Haunter
|
|turn|4
|choice|move 3|move 3
|
|move|p2a: Haunter|Psychic|p1a: Ditto
|-supereffective|p1a: Ditto
|-damage|p1a: Ditto|115\/296
|-unboost|p1a: Ditto|spd|1
|-unboost|p1a: Ditto|spa|1
|move|p1a: Ditto|Psychic|p2a: Haunter
|-supereffective|p2a: Haunter
|-damage|p2a: Haunter|26\/250
|
|turn|5
|choice|switch 3|move 3
|
|switch|p1a: Persian|Persian, L79|265\/265
|move|p2a: Haunter|Psychic|p1a: Persian
|-damage|p1a: Persian|172\/265
|-unboost|p1a: Persian|spd|1
|-unboost|p1a: Persian|spa|1
|
|turn|6
|choice|move 4|move 3
|
|move|p1a: Persian|Bubble Beam|p2a: Haunter
|-damage|p2a: Haunter|7\/250
|move|p2a: Haunter|Psychic|p1a: Persian
|-damage|p1a: Persian|35\/265
|
|turn|7
|choice|move 4|switch 6
|
|switch|p2a: Cloyster|Cloyster, L83|253\/253
|move|p1a: Persian|Bubble Beam|p2a: Cloyster
|-resisted|p2a: Cloyster
|-damage|p2a: Cloyster|242\/253
|
|turn|8
|choice|move 2|move 1
|
|move|p1a: Persian|Hyper Beam|p2a: Cloyster
|-crit|p2a: Cloyster
|-damage|p2a: Cloyster|103\/253
|move|p2a: Cloyster|Ice Beam|p1a: Persian
|-crit|p1a: Persian
|-damage|p1a: Persian|0 fnt
|faint|p1a: Persian
|choice|switch 4|
|
|switch|p1a: Zapdos|Zapdos, L79|304\/304
|turn|9
|choice|move 3|switch 2
|
|switch|p2a: Graveler|Graveler, L85|267\/267
|move|p1a: Zapdos|Thunder Wave|p2a: Graveler
|-immune|p2a: Graveler|[msg]
|
|turn|10
|choice|switch 3|move 4
|
|switch|p1a: Ditto|Ditto, L99|115\/296
|move|p2a: Graveler|Earthquake|p1a: Ditto
|-damage|p1a: Ditto|0 fnt
|faint|p1a: Ditto
|choice|switch 5|
|
|switch|p1a: Starmie|Starmie, L79|257\/257
|turn|11
|choice|move 3|switch 2
|
|switch|p2a: Cloyster|Cloyster, L83|103\/253
|move|p1a: Starmie|Surf|p2a: Cloyster
|-resisted|p2a: Cloyster
|-damage|p2a: Cloyster|56\/253
|
|turn|12
|choice|move 4|move 2
|
|move|p1a: Starmie|Thunderbolt|p2a: Cloyster
|-crit|p2a: Cloyster
|-supereffective|p2a: Cloyster
|-damage|p2a: Cloyster|0 fnt
|faint|p2a: Cloyster
|choice||switch 3
|
|switch|p2a: Primeape|Primeape, L90|300\/300
|turn|13
|choice|move 2|move 3
|
|move|p1a: Starmie|Thunder Wave|p2a: Primeape
|-status|p2a: Primeape|par
|cant|p2a: Primeape|par
|
|turn|14
|choice|switch 6|move 3
|
|switch|p1a: Golem|Golem, L79|288\/288
|move|p2a: Primeape|Body Slam|p1a: Golem
|-resisted|p1a: Golem
|-damage|p1a: Golem|260\/288
|
|turn|15
|choice|move 2|move 2
|
|move|p1a: Golem|Earthquake|p2a: Primeape
|-damage|p2a: Primeape|179\/300 par
|move|p2a: Primeape|Submission|p1a: Golem|[miss]
|-miss|p2a: Primeape
|
|turn|16
|choice|move 2|move 2
|
|move|p1a: Golem|Earthquake|p2a: Primeape
|-damage|p2a: Primeape|61\/300 par
|move|p2a: Primeape|Submission|p1a: Golem
|-crit|p1a: Golem
|-supereffective|p1a: Golem
|-damage|p1a: Golem|0 fnt
|-damage|p2a: Primeape|0 fnt|[from] recoil|[of] p1a: Golem
|faint|p1a: Golem
|faint|p2a: Primeape
|choice|switch 6|switch 5
|
|switch|p1a: Starmie|Starmie, L79|257\/257
|switch|p2a: Tauros|Tauros, L79|280\/280
|turn|17
|choice|move 2|move 1
|
|move|p1a: Starmie|Thunder Wave|p2a: Tauros
|-status|p2a: Tauros|par
|move|p2a: Tauros|Body Slam|p1a: Starmie
|-crit|p1a: Starmie
|-damage|p1a: Starmie|72\/257
|
|turn|18
|choice|switch 2|move 1
|
|switch|p1a: Kingler|Kingler, L85|267\/267
|move|p2a: Tauros|Body Slam|p1a: Kingler
|-damage|p1a: Kingler|204\/267
|-status|p1a: Kingler|par
|
|turn|19
|choice|move 1|switch 6
|
|switch|p2a: Haunter|Haunter, L85|7\/250
|cant|p1a: Kingler|par
|
|turn|20
|choice|move 1|move 4
|
|move|p2a: Haunter|Thunderbolt|p1a: Kingler
|-supereffective|p1a: Kingler
|-damage|p1a: Kingler|0 fnt
|faint|p1a: Kingler
|choice|switch 2|
|
|switch|p1a: Starmie|Starmie, L79|72\/257
|turn|21
|choice|move 3|move 4
|
|move|p1a: Starmie|Surf|p2a: Haunter
|-damage|p2a: Haunter|0 fnt
|faint|p2a: Haunter
|choice||switch 4
|
|switch|p2a: Scyther|Scyther, L90|309\/309
|turn|22
|choice|switch 3|move 1
|
|switch|p1a: Zapdos|Zapdos, L79|304\/304
|move|p2a: Scyther|Slash|p1a: Zapdos
|-crit|p1a: Zapdos
|-damage|p1a: Zapdos|175\/304
|
|turn|23
|choice|move 2|switch 2
|
|switch|p2a: Graveler|Graveler, L85|267\/267
|move|p1a: Zapdos|Drill Peck|p2a: Graveler
|-resisted|p2a: Graveler
|-damage|p2a: Graveler|236\/267
|
|turn|24
|choice|move 2|move 2
|
|move|p1a: Zapdos|Drill Peck|p2a: Graveler
|-crit|p2a: Graveler
|-resisted|p2a: Graveler
|-damage|p2a: Graveler|180\/267
|move|p2a: Graveler|Explosion|p1a: Zapdos
|-damage|p1a: Zapdos|0 fnt
|faint|p1a: Zapdos
|faint|p2a: Graveler
|choice|switch 3|switch 2
|
|switch|p2a: Scyther|Scyther, L90|309\/309
|switch|p1a: Starmie|Starmie, L79|72\/257
|turn|25
|choice|move 4|move 1
|
|move|p2a: Scyther|Slash|p1a: Starmie
|-crit|p1a: Starmie
|-damage|p1a: Starmie|0 fnt
|faint|p1a: Starmie
|
|win|MALESANI
|raw|ceifeiro's rating: 1083 &rarr; <strong>1067<\/strong><br \/>(-16 for losing)
|raw|MALESANI's rating: 1181 &rarr; <strong>1199<\/strong><br \/>(+18 for winning)
|leave|ceifeiro
|player|p1