|join|Tendoh
|join|PimpMyRaichu
|player|p1|Tendoh|244
|player|p2|PimpMyRaichu|153
|gametype|singles
|gen|1
|tier|[Gen 1] OU (beta)
|rated
|rule|Sleep Clause Mod: Limit one foe put to sleep
|rule|Species Clause: Limit one of each Pokemon
|rule|OHKO Clause: OHKO moves are banned
|rule|Moody Clause: Moody is banned
|rule|Evasion Moves Clause: Evasion moves are banned
|rule|Endless Battle Clause: Forcing endless battles is banned.
|rule|HP Percentage Mod: HP is reported as percentages
|
|start
|switch|p1a: Luma|Starmie|323\/323
|switch|p2a: Jynx|Jynx|333\/333
|turn|1
|chat|PimpMyRaichu|hey, gl! :)
|
|move|p1a: Luma|Surf|p2a: Jynx
|-damage|p2a: Jynx|211\/333
|move|p2a: Jynx|Lovely Kiss|p1a: Luma
|-status|p1a: Luma|slp
|
|turn|2
|
|switch|p1a: Whorey|Chansey|703\/703
|move|p2a: Jynx|Blizzard|p1a: Whorey
|-damage|p1a: Whorey|577\/703
|
|turn|3
|
|move|p2a: Jynx|Blizzard|p1a: Whorey
|-crit|p1a: Whorey
|-damage|p1a: Whorey|324\/703
|move|p1a: Whorey|Ice Beam|p2a: Jynx
|-crit|p2a: Jynx
|-resisted|p2a: Jynx
|-damage|p2a: Jynx|131\/333
|
|turn|4
|
|move|p2a: Jynx|Blizzard|p1a: Whorey
|-damage|p1a: Whorey|193\/703
|move|p1a: Whorey|Soft-Boiled|p1a: Whorey
|-heal|p1a: Whorey|544\/703
|
|turn|5
|
|move|p2a: Jynx|Blizzard|p1a: Whorey
|-crit|p1a: Whorey
|-damage|p1a: Whorey|282\/703
|move|p1a: Whorey|Ice Beam|p2a: Jynx
|-resisted|p2a: Jynx
|-damage|p2a: Jynx|94\/333
|
|turn|6
|
|move|p2a: Jynx|Blizzard|p1a: Whorey
|-crit|p1a: Whorey
|-damage|p1a: Whorey|20\/703
|move|p1a: Whorey|Soft-Boiled|p1a: Whorey
|-heal|p1a: Whorey|371\/703
|
|turn|7
|
|move|p2a: Jynx|Blizzard|p1a: Whorey
|-damage|p1a: Whorey|233\/703
|-status|p1a: Whorey|frz
|cant|p1a: Whorey|frz
|
|turn|8
|
|switch|p1a: Ness|Alakazam|313\/313
|move|p2a: Jynx|Reflect|p2a: Jynx
|
|turn|9
|
|move|p1a: Ness|Seismic Toss|p2a: Jynx
|-damage|p2a: Jynx|0 fnt
|faint|p2a: Jynx
|
|
|switch|p2a: Chansey|Chansey|703\/703
|turn|10
|
|move|p1a: Ness|Psychic|p2a: Chansey
|-crit|p2a: Chansey
|-damage|p2a: Chansey|436\/703
|-unboost|p2a: Chansey|spd|1
|-unboost|p2a: Chansey|spa|1
|move|p2a: Chansey|Ice Beam|p1a: Ness
|-damage|p1a: Ness|272\/313
|
|turn|11
|
|move|p1a: Ness|Psychic|p2a: Chansey
|-crit|p2a: Chansey
|-damage|p2a: Chansey|172\/703
|move|p2a: Chansey|Soft-Boiled|p2a: Chansey
|-heal|p2a: Chansey|523\/703
|
|turn|12
|
|move|p1a: Ness|Psychic|p2a: Chansey
|-damage|p2a: Chansey|323\/703
|-unboost|p2a: Chansey|spd|1
|-unboost|p2a: Chansey|spa|1
|move|p2a: Chansey|Ice Beam|p1a: Ness
|-damage|p1a: Ness|241\/313
|
|turn|13
|
|switch|p2a: Alakazam|Alakazam|313\/313
|move|p1a: Ness|Psychic|p2a: Alakazam
|-resisted|p2a: Alakazam
|-damage|p2a: Alakazam|258\/313
|
|turn|14
|
|switch|p2a: Chansey|Chansey|323\/703
|move|p1a: Ness|Psychic|p2a: Chansey
|-damage|p2a: Chansey|192\/703
|
|turn|15
|
|switch|p2a: Alakazam|Alakazam|258\/313
|move|p1a: Ness|Psychic|p2a: Alakazam
|-resisted|p2a: Alakazam
|-damage|p2a: Alakazam|206\/313
|-unboost|p2a: Alakazam|spd|1
|-unboost|p2a: Alakazam|spa|1
|
|turn|16
|
|move|p2a: Alakazam|Thunder Wave|p1a: Ness
|-status|p1a: Ness|par
|move|p1a: Ness|Psychic|p2a: Alakazam
|-resisted|p2a: Alakazam
|-damage|p2a: Alakazam|130\/313
|
|turn|17
|
|switch|p2a: Snorlax|Snorlax|523\/523
|move|p1a: Ness|Thunder Wave|p2a: Snorlax
|-status|p2a: Snorlax|par
|
|turn|18
|
|move|p1a: Ness|Psychic|p2a: Snorlax
|-damage|p2a: Snorlax|349\/523 par
|move|p2a: Snorlax|Body Slam|p1a: Ness
|-damage|p1a: Ness|86\/313 par
|
|turn|19
|
|switch|p1a: Whorey|Chansey|233\/703 frz
|move|p2a: Snorlax|Body Slam|p1a: Whorey
|-damage|p1a: Whorey|0 fnt
|faint|p1a: Whorey
|
|
|switch|p1a: Corrida Killer|Tauros|353\/353
|turn|20
|
|move|p1a: Corrida Killer|Body Slam|p2a: Snorlax
|-damage|p2a: Snorlax|223\/523 par
|move|p2a: Snorlax|Self-Destruct|p1a: Corrida Killer
|-damage|p1a: Corrida Killer|26\/353
|faint|p2a: Snorlax
|
|switch|p2a: Tauros|Tauros|353\/353
|turn|21
|
|move|p2a: Tauros|Body Slam|p1a: Corrida Killer
|-damage|p1a: Corrida Killer|0 fnt
|faint|p1a: Corrida Killer
|
|
|switch|p1a: Hensel Sisters|Exeggutor|393\/393
|turn|22
|
|switch|p2a: Exeggutor|Exeggutor|393\/393
|move|p1a: Hensel Sisters|Sleep Powder|p2a: Exeggutor
|-status|p2a: Exeggutor|slp
|
|turn|23
|
|switch|p2a: Alakazam|Alakazam|130\/313
|move|p1a: Hensel Sisters|Psychic|p2a: Alakazam
|-resisted|p2a: Alakazam
|-damage|p2a: Alakazam|76\/313
|-unboost|p2a: Alakazam|spd|1
|-unboost|p2a: Alakazam|spa|1
|
|turn|24
|
|move|p2a: Alakazam|Recover|p2a: Alakazam
|-heal|p2a: Alakazam|232\/313
|move|p1a: Hensel Sisters|Psychic|p2a: Alakazam
|-resisted|p2a: Alakazam
|-damage|p2a: Alakazam|156\/313
|
|turn|25
|
|move|p2a: Alakazam|Recover|p2a: Alakazam
|-heal|p2a: Alakazam|312\/313
|move|p1a: Hensel Sisters|Psychic|p2a: Alakazam
|-resisted|p2a: Alakazam
|-damage|p2a: Alakazam|240\/313
|
|turn|26
|
|move|p2a: Alakazam|Reflect|p2a: Alakazam
|move|p1a: Hensel Sisters|Psychic|p2a: Alakazam
|-resisted|p2a: Alakazam
|-damage|p2a: Alakazam|166\/313
|
|turn|27
|
|switch|p1a: Ness|Alakazam|86\/313 par
|move|p2a: Alakazam|Thunder Wave|p1a: Ness
|-fail|p1a: Ness|par
|
|turn|28
|
|move|p2a: Alakazam|Psychic|p1a: Ness
|-crit|p1a: Ness
|-resisted|p1a: Ness
|-damage|p1a: Ness|0 fnt
|faint|p1a: Ness
|
|
|switch|p1a: Thor|Zapdos|383\/383
|turn|29
|
|move|p2a: Alakazam|Thunder Wave|p1a: Thor
|-status|p1a: Thor|par
|cant|p1a: Thor|par
|
|turn|30
|
|move|p2a: Alakazam|Recover|p2a: Alakazam
|-heal|p2a: Alakazam|313\/313
|move|p1a: Thor|Thunder Wave|p2a: Alakazam
|-status|p2a: Alakazam|par
|
|turn|31
|
|move|p2a: Alakazam|Psychic|p1a: Thor
|-crit|p1a: Thor
|-damage|p1a: Thor|167\/383 par
|move|p1a: Thor|Agility|p1a: Thor
|-boost|p1a: Thor|spe|2
|
|turn|32
|
|move|p1a: Thor|Thunderbolt|p2a: Alakazam
|-crit|p2a: Alakazam
|-damage|p2a: Alakazam|92\/313 par
|move|p2a: Alakazam|Psychic|p1a: Thor
|-damage|p1a: Thor|96\/383 par
|
|turn|33
|
|move|p1a: Thor|Thunderbolt|p2a: Alakazam
|-damage|p2a: Alakazam|0 fnt
|faint|p2a: Alakazam
|
|
|switch|p2a: Chansey|Chansey|192\/703
|turn|34
|
|move|p1a: Thor|Drill Peck|p2a: Chansey
|-damage|p2a: Chansey|0 fnt
|faint|p2a: Chansey
|
|
|switch|p2a: Tauros|Tauros|353\/353
|turn|35
|
|switch|p1a: Luma|Starmie|323\/323 slp
|move|p2a: Tauros|Body Slam|p1a: Luma
|-damage|p1a: Luma|218\/323 slp
|
|turn|36
|
|cant|p1a: Luma|slp
|move|p2a: Tauros|Body Slam|p1a: Luma
|-damage|p1a: Luma|105\/323 slp
|
|turn|37
|
|cant|p1a: Luma|slp
|move|p2a: Tauros|Body Slam|p1a: Luma
|-damage|p1a: Luma|0 fnt
|faint|p1a: Luma
|
|
|switch|p1a: Hensel Sisters|Exeggutor|393\/393
|turn|38
|
|move|p2a: Tauros|Blizzard|p1a: Hensel Sisters
|-supereffective|p1a: Hensel Sisters
|-damage|p1a: Hensel Sisters|262\/393
|move|p1a: Hensel Sisters|Psychic|p2a: Tauros
|-damage|p2a: Tauros|194\/353
|
|turn|39
|
|switch|p2a: Exeggutor|Exeggutor|393\/393 slp
|move|p1a: Hensel Sisters|Mega Drain|p2a: Exeggutor
|-resisted|p2a: Exeggutor
|-damage|p2a: Exeggutor|370\/393 slp
|-heal|p1a: Hensel Sisters|274\/393|[from] drain|[of] p2a: Exeggutor
|
|turn|40
|
|switch|p1a: Thor|Zapdos|96\/383 par
|cant|p2a: Exeggutor|slp
|
|turn|41
|
|cant|p2a: Exeggutor|slp
|-curestatus|p2a: Exeggutor|slp
|move|p1a: Thor|Drill Peck|p2a: Exeggutor
|-supereffective|p2a: Exeggutor
|-damage|p2a: Exeggutor|190\/393
|
|turn|42
|
|move|p2a: Exeggutor|Psychic|p1a: Thor
|-crit|p1a: Thor
|-damage|p1a: Thor|0 fnt
|faint|p1a: Thor
|
|
|switch|p1a: Hensel Sisters|Exeggutor|274\/393
|turn|43
|
|move|p2a: Exeggutor|Explosion|p1a: Hensel Sisters
|-damage|p1a: Hensel Sisters|0 fnt
|faint|p1a: Hensel Sisters
|faint|p2a: Exeggutor
|
|win|PimpMyRaichu
|raw|Ladder updating...
|raw|Tendoh's rating: 1441 &rarr; <strong>1417<\/strong><br \/>(-24 for losing)
|raw|PimpMyRaichu's rating: 1367 &rarr; <strong>1391<\/strong><br \/>(+24 for winning)
|chat|PimpMyRaichu|gg