|join|biiste
|join|Pietro Albuquerque
|player|p1|biiste|1
|player|p2|Pietro Albuquerque|109
|gametype|singles
|gen|1
|tier|[Gen 1] Random Battle
|rated
|rule|Sleep Clause Mod: Limit one foe put to sleep
|rule|Freeze Clause Mod: Limit one foe frozen
|rule|HP Percentage Mod: HP is shown in percentages
|
|start
|switch|p1a: Mew|Mew, L74|300\/300
|switch|p2a: Butterfree|Butterfree, L90|291\/291
|turn|1
|
|switch|p1a: Machoke|Machoke, L85|310\/310
|move|p2a: Butterfree|Sleep Powder|p1a: Machoke
|-status|p1a: Machoke|slp
|
|turn|2
|join|COOPERE
|
|switch|p1a: Mew|Mew, L74|300\/300
|move|p2a: Butterfree|Stun Spore|p1a: Mew|[miss]
|-miss|p2a: Butterfree
|
|turn|3
|
|move|p1a: Mew|Horn Drill|p2a: Butterfree|[miss]
|-miss|p1a: Mew
|move|p2a: Butterfree|Stun Spore|p1a: Mew
|-status|p1a: Mew|par
|
|turn|4
|leave|COOPERE
|
|switch|p2a: Squirtle|Squirtle, L96|279\/279
|move|p1a: Mew|Thunderbolt|p2a: Squirtle
|-crit|p2a: Squirtle
|-supereffective|p2a: Squirtle
|-damage|p2a: Squirtle|47\/279
|
|turn|5
|
|move|p2a: Squirtle|Surf|p1a: Mew
|-damage|p1a: Mew|202\/300 par
|move|p1a: Mew|Thunderbolt|p2a: Squirtle
|-supereffective|p2a: Squirtle
|-damage|p2a: Squirtle|0 fnt
|faint|p2a: Squirtle
|
|switch|p2a: Weepinbell|Weepinbell, L85|284\/284
|turn|6
|
|move|p2a: Weepinbell|Razor Leaf|p1a: Mew
|-crit|p1a: Mew
|-damage|p1a: Mew|84\/300 par
|move|p1a: Mew|Psychic|p2a: Weepinbell
|-crit|p2a: Weepinbell
|-supereffective|p2a: Weepinbell
|-damage|p2a: Weepinbell|0 fnt
|faint|p2a: Weepinbell
|
|switch|p2a: Hypno|Hypno, L85|318\/318
|turn|7
|
|move|p2a: Hypno|Psychic|p1a: Mew
|-resisted|p1a: Mew
|-damage|p1a: Mew|29\/300 par
|move|p1a: Mew|Psychic|p2a: Hypno
|-resisted|p2a: Hypno
|-damage|p2a: Hypno|289\/318
|
|turn|8
|
|move|p2a: Hypno|Psychic|p1a: Mew
|-resisted|p1a: Mew
|-damage|p1a: Mew|0 fnt
|faint|p1a: Mew
|
|switch|p1a: Venusaur|Venusaur, L85|310\/310
|turn|9
|
|move|p1a: Venusaur|Sleep Powder|p2a: Hypno
|-status|p2a: Hypno|slp
|cant|p2a: Hypno|slp
|
|turn|10
|
|move|p1a: Venusaur|Body Slam|p2a: Hypno
|-damage|p2a: Hypno|226\/318 slp
|cant|p2a: Hypno|slp
|
|turn|11
|
|move|p1a: Venusaur|Razor Leaf|p2a: Hypno
|-crit|p2a: Hypno
|-damage|p2a: Hypno|119\/318 slp
|cant|p2a: Hypno|slp
|
|turn|12
|
|switch|p2a: Butterfree|Butterfree, L90|291\/291
|move|p1a: Venusaur|Body Slam|p2a: Butterfree
|-damage|p2a: Butterfree|213\/291
|
|turn|13
|
|move|p1a: Venusaur|Body Slam|p2a: Butterfree
|-crit|p2a: Butterfree
|-damage|p2a: Butterfree|83\/291
|move|p2a: Butterfree|Psychic|p1a: Venusaur
|-supereffective|p1a: Venusaur
|-damage|p1a: Venusaur|185\/310
|-unboost|p1a: Venusaur|spd|1
|-unboost|p1a: Venusaur|spa|1
|
|turn|14
|
|switch|p1a: Pikachu|Pikachu, L96|262\/262
|move|p2a: Butterfree|Psychic|p1a: Pikachu
|-damage|p1a: Pikachu|190\/262
|-unboost|p1a: Pikachu|spd|1
|-unboost|p1a: Pikachu|spa|1
|
|turn|15
|
|switch|p2a: Chansey|Chansey, L79|557\/557
|move|p1a: Pikachu|Thunderbolt|p2a: Chansey
|-damage|p2a: Chansey|497\/557
|
|turn|16
|
|move|p1a: Pikachu|Thunder Wave|p2a: Chansey
|-status|p2a: Chansey|par
|move|p2a: Chansey|Thunder Wave|p1a: Pikachu
|-status|p1a: Pikachu|par
|
|turn|17
|
|move|p1a: Pikachu|Agility|p1a: Pikachu
|-boost|p1a: Pikachu|spe|2
|move|p2a: Chansey|Reflect|p2a: Chansey
|-start|p2a: Chansey|Reflect
|
|turn|18
|
|move|p1a: Pikachu|Body Slam|p2a: Chansey
|-damage|p2a: Chansey|420\/557 par
|move|p2a: Chansey|Thunderbolt|p1a: Pikachu
|-resisted|p1a: Pikachu
|-damage|p1a: Pikachu|131\/262 par
|
|turn|19
|
|move|p1a: Pikachu|Body Slam|p2a: Chansey
|-crit|p2a: Chansey
|-damage|p2a: Chansey|156\/557 par
|cant|p2a: Chansey|par
|
|turn|20
|
|move|p1a: Pikachu|Body Slam|p2a: Chansey
|-damage|p2a: Chansey|77\/557 par
|cant|p2a: Chansey|par
|
|turn|21
|
|switch|p2a: Hypno|Hypno, L85|119\/318 slp
|move|p1a: Pikachu|Body Slam|p2a: Hypno
|-damage|p2a: Hypno|60\/318 slp
|
|turn|22
|
|move|p1a: Pikachu|Body Slam|p2a: Hypno
|-damage|p2a: Hypno|0 fnt
|faint|p2a: Hypno
|
|switch|p2a: Butterfree|Butterfree, L90|83\/291
|turn|23
|
|move|p1a: Pikachu|Thunderbolt|p2a: Butterfree
|-crit|p2a: Butterfree
|-supereffective|p2a: Butterfree
|-damage|p2a: Butterfree|0 fnt
|faint|p2a: Butterfree
|
|switch|p2a: Jolteon|Jolteon, L79|265\/265
|turn|24
|
|move|p1a: Pikachu|Thunder Wave|p2a: Jolteon
|-status|p2a: Jolteon|par
|move|p2a: Jolteon|Body Slam|p1a: Pikachu
|-damage|p1a: Pikachu|65\/262 par
|
|turn|25
|
|move|p1a: Pikachu|Body Slam|p2a: Jolteon
|-crit|p2a: Jolteon
|-damage|p2a: Jolteon|129\/265 par
|cant|p2a: Jolteon|par
|
|turn|26
|leave|Pietro Albuquerque
|player|p2
|-message|pietroalbuquerque lost due to inactivity.
|
|win|biiste