|join|MALESANI
|join|Badnannerz
|player|p1|MALESANI|238
|player|p2|Badnannerz|170
|gametype|singles
|gen|1
|tier|[Gen 1] Random Battle
|rated
|seed|25844,10712,9878,41975
|rule|Sleep Clause Mod: Limit one foe put to sleep
|rule|Freeze Clause Mod: Limit one foe frozen
|rule|HP Percentage Mod: HP is shown in percentages
|
|start
|switch|p1a: Aerodactyl|Aerodactyl, L90|327\/327
|switch|p2a: Snorlax|Snorlax, L79|415\/415
|turn|1
|choice|move 1|move 3
|
|move|p1a: Aerodactyl|Double-Edge|p2a: Snorlax
|-damage|p2a: Snorlax|301\/415
|-damage|p1a: Aerodactyl|299\/327|[from] recoil|[of] p2a: Snorlax
|move|p2a: Snorlax|Thunderbolt|p1a: Aerodactyl
|-supereffective|p1a: Aerodactyl
|-damage|p1a: Aerodactyl|183\/327
|
|turn|2
|choice|move 1|move 3
|
|move|p1a: Aerodactyl|Double-Edge|p2a: Snorlax
|-crit|p2a: Snorlax
|-damage|p2a: Snorlax|104\/415
|-damage|p1a: Aerodactyl|134\/327|[from] recoil|[of] p2a: Snorlax
|move|p2a: Snorlax|Thunderbolt|p1a: Aerodactyl
|-supereffective|p1a: Aerodactyl
|-damage|p1a: Aerodactyl|24\/327
|
|turn|3
|choice|move 2|move 3
|
|move|p1a: Aerodactyl|Hyper Beam|p2a: Snorlax|[miss]
|-miss|p1a: Aerodactyl
|move|p2a: Snorlax|Thunderbolt|p1a: Aerodactyl
|-supereffective|p1a: Aerodactyl
|-damage|p1a: Aerodactyl|0 fnt
|faint|p1a: Aerodactyl
|choice|switch 2|
|
|switch|p1a: Tauros|Tauros, L79|280\/280
|turn|4
|choice|move 4|move 2
|
|move|p1a: Tauros|Hyper Beam|p2a: Snorlax
|-crit|p2a: Snorlax
|-damage|p2a: Snorlax|0 fnt
|faint|p2a: Snorlax
|choice||switch 2
|
|switch|p2a: Nidoran-F|Nidoran-F, L96|300\/300
|turn|5
|choice|move 2|move 3
|
|move|p1a: Tauros|Earthquake|p2a: Nidoran-F
|-supereffective|p2a: Nidoran-F
|-damage|p2a: Nidoran-F|142\/300
|move|p2a: Nidoran-F|Body Slam|p1a: Tauros
|-damage|p1a: Tauros|225\/280
|
|turn|6
|choice|move 2|move 3
|
|move|p1a: Tauros|Earthquake|p2a: Nidoran-F
|-crit|p2a: Nidoran-F
|-supereffective|p2a: Nidoran-F
|-damage|p2a: Nidoran-F|0 fnt
|faint|p2a: Nidoran-F
|choice||switch 3
|
|switch|p2a: Seadra|Seadra, L90|282\/282
|turn|7
|choice|move 3|move 1
|
|move|p1a: Tauros|Body Slam|p2a: Seadra
|-crit|p2a: Seadra
|-damage|p2a: Seadra|135\/282
|move|p2a: Seadra|Smokescreen|p1a: Tauros
|-unboost|p1a: Tauros|accuracy|1
|
|turn|8
|choice|move 3|move 3
|
|move|p1a: Tauros|Body Slam|p2a: Seadra
|-damage|p2a: Seadra|62\/282
|-status|p2a: Seadra|par
|cant|p2a: Seadra|par
|
|turn|9
|choice|switch 4|move 3
|
|switch|p1a: Parasect|Parasect, L90|291\/291
|cant|p2a: Seadra|par
|
|turn|10
|c|★Badnannerz|wow lol gg
|choice|move 1|move 2
|
|move|p1a: Parasect|Body Slam|p2a: Seadra
|-damage|p2a: Seadra|0 fnt
|faint|p2a: Seadra
|choice||switch 5
|
|switch|p2a: Parasect|Parasect, L90|291\/291
|turn|11
|choice|move 3|move 4
|
|move|p1a: Parasect|Stun Spore|p2a: Parasect
|-status|p2a: Parasect|par
|move|p2a: Parasect|Spore|p1a: Parasect
|-status|p1a: Parasect|slp
|
|turn|12
|choice|switch 5|move 2
|
|switch|p1a: Mew|Mew, L74|300\/300
|move|p2a: Parasect|Growth|p2a: Parasect
|-boost|p2a: Parasect|spa|1
|-boost|p2a: Parasect|spd|1
|
|turn|13
|choice|move 2|move 4
|
|move|p1a: Mew|Psychic|p2a: Parasect
|-damage|p2a: Parasect|237\/291 par
|move|p2a: Parasect|Spore|p1a: Mew
|-message|Sleep Clause Mod activated.
|
|turn|14
|c|★Badnannerz|o really...
|choice|move 1|move 2
|
|move|p1a: Mew|Blizzard|p2a: Parasect
|-crit|p2a: Parasect
|-supereffective|p2a: Parasect
|-damage|p2a: Parasect|0 fnt
|faint|p2a: Parasect
|choice||switch 6
|
|switch|p2a: Kadabra|Kadabra, L85|242\/242
|turn|15
|choice|move 4|move 4
|
|move|p2a: Kadabra|Thunder Wave|p1a: Mew
|-status|p1a: Mew|par
|move|p1a: Mew|Thunderbolt|p2a: Kadabra
|-damage|p2a: Kadabra|200\/242
|
|turn|16
|choice|move 4|move 2
|
|move|p2a: Kadabra|Seismic Toss|p1a: Mew
|-damage|p1a: Mew|215\/300 par
|move|p1a: Mew|Thunderbolt|p2a: Kadabra
|-damage|p2a: Kadabra|159\/242
|
|turn|17
|choice|move 2|move 2
|
|move|p2a: Kadabra|Seismic Toss|p1a: Mew
|-damage|p1a: Mew|130\/300 par
|cant|p1a: Mew|par
|
|turn|18
|choice|move 3|move 2
|
|move|p2a: Kadabra|Seismic Toss|p1a: Mew
|-damage|p1a: Mew|45\/300 par
|move|p1a: Mew|Soft-Boiled|p1a: Mew
|-fail|p1a: Mew
|
|turn|19
|c|★MALESANI|lol
|choice|move 2|move 2
|
|move|p2a: Kadabra|Seismic Toss|p1a: Mew
|-damage|p1a: Mew|0 fnt
|faint|p1a: Mew
|c|★Badnannerz|ha failed...?
|choice|switch 4|
|
|switch|p1a: Tauros|Tauros, L79|225\/280
|turn|20
|c|★MALESANI|it happens
|c|★Badnannerz|good ol G1
|choice|move 3|move 4
|
|move|p2a: Kadabra|Thunder Wave|p1a: Tauros
|-status|p1a: Tauros|par
|move|p1a: Tauros|Body Slam|p2a: Kadabra
|-damage|p2a: Kadabra|15\/242
|
|turn|21
|choice|move 3|move 3
|
|move|p2a: Kadabra|Recover|p2a: Kadabra
|-heal|p2a: Kadabra|136\/242
|move|p1a: Tauros|Body Slam|p2a: Kadabra
|-damage|p2a: Kadabra|0 fnt
|faint|p2a: Kadabra
|choice||switch 4
|
|switch|p2a: Staryu|Staryu, L90|237\/237
|turn|22
|choice|move 3|move 2
|
|move|p2a: Staryu|Blizzard|p1a: Tauros
|-damage|p1a: Tauros|132\/280 par
|cant|p1a: Tauros|par
|
|turn|23
|c|★Badnannerz|staryu sweep right here
|choice|move 3|move 2
|
|move|p2a: Staryu|Blizzard|p1a: Tauros
|-damage|p1a: Tauros|32\/280 par
|move|p1a: Tauros|Body Slam|p2a: Staryu
|-damage|p2a: Staryu|132\/237
|
|turn|24
|choice|move 3|move 3
|
|move|p2a: Staryu|Thunderbolt|p1a: Tauros
|-damage|p1a: Tauros|0 fnt
|faint|p1a: Tauros
|choice|switch 6|
|
|switch|p1a: Ekans|Ekans, L96|262\/262
|turn|25
|choice|move 2|move 2
|
|move|p2a: Staryu|Blizzard|p1a: Ekans
|-damage|p1a: Ekans|156\/262
|move|p1a: Ekans|Glare|p2a: Staryu
|-status|p2a: Staryu|par
|
|turn|26
|choice|move 1|move 1
|
|move|p1a: Ekans|Body Slam|p2a: Staryu
|-damage|p2a: Staryu|62\/237 par
|move|p2a: Staryu|Recover|p2a: Staryu
|-heal|p2a: Staryu|180\/237 par
|
|turn|27
|choice|move 4|move 2
|
|move|p1a: Ekans|Earthquake|p2a: Staryu
|-damage|p2a: Staryu|102\/237 par
|cant|p2a: Staryu|par
|
|turn|28
|choice|move 4|move 1
|
|move|p1a: Ekans|Earthquake|p2a: Staryu
|-damage|p2a: Staryu|25\/237 par
|cant|p2a: Staryu|par
|
|turn|29
|choice|move 1|move 1
|
|move|p1a: Ekans|Body Slam|p2a: Staryu
|-damage|p2a: Staryu|0 fnt
|faint|p2a: Staryu
|
|win|MALESANI
|raw|MALESANI's rating: 1328 &rarr; <strong>1337<\/strong><br \/>(+9 for winning)
|raw|Badnannerz's rating: 1111 &rarr; <strong>1100<\/strong><br \/>(-11 for losing)