|join|Rentaro2.0
|join|TheAntelope
|player|p1|Rentaro2.0|21
|player|p2|TheAntelope|29
|gametype|singles
|gen|1
|tier|[Gen 1] Random Battle
|rated
|rule|Sleep Clause Mod: Limit one foe put to sleep
|rule|Freeze Clause Mod: Limit one foe frozen
|rule|HP Percentage Mod: HP is shown in percentages
|
|start
|switch|p1a: Magmar|Magmar, L90|300\/300
|switch|p2a: Dewgong|Dewgong, L85|327\/327
|turn|1
|
|move|p1a: Magmar|Confuse Ray|p2a: Dewgong
|-start|p2a: Dewgong|confusion
|-activate|p2a: Dewgong|confusion
|-damage|p2a: Dewgong|299\/327|[from] confusion
|
|turn|2
|
|move|p1a: Magmar|Fire Blast|p2a: Dewgong|[miss]
|-miss|p1a: Magmar
|-activate|p2a: Dewgong|confusion
|move|p2a: Dewgong|Surf|p1a: Magmar
|-supereffective|p1a: Magmar
|-damage|p1a: Magmar|107\/300
|
|turn|3
|
|move|p1a: Magmar|Fire Blast|p2a: Dewgong|[miss]
|-miss|p1a: Magmar
|-activate|p2a: Dewgong|confusion
|move|p2a: Dewgong|Surf|p1a: Magmar
|-supereffective|p1a: Magmar
|-damage|p1a: Magmar|0 fnt
|faint|p1a: Magmar
|
|switch|p1a: Abra|Abra, L96|243\/243
|turn|4
|
|move|p1a: Abra|Thunder Wave|p2a: Dewgong
|-status|p2a: Dewgong|par
|-activate|p2a: Dewgong|confusion
|-damage|p2a: Dewgong|271\/327 par|[from] confusion
|
|turn|5
|
|move|p1a: Abra|Reflect|p1a: Abra
|-start|p1a: Abra|Reflect
|-end|p2a: Dewgong|confusion
|move|p2a: Dewgong|Body Slam|p1a: Abra
|-damage|p1a: Abra|198\/243
|
|turn|6
|
|move|p1a: Abra|Psychic|p2a: Dewgong
|-damage|p2a: Dewgong|156\/327 par
|-unboost|p2a: Dewgong|spd|1
|-unboost|p2a: Dewgong|spa|1
|cant|p2a: Dewgong|par
|
|turn|7
|
|switch|p2a: Porygon|Porygon, L85|284\/284
|move|p1a: Abra|Psychic|p2a: Porygon
|-crit|p2a: Porygon
|-damage|p2a: Porygon|4\/284
|
|turn|8
|
|move|p1a: Abra|Psychic|p2a: Porygon
|-damage|p2a: Porygon|0 fnt
|faint|p2a: Porygon
|
|switch|p2a: Ivysaur|Ivysaur, L85|276\/276
|turn|9
|
|move|p1a: Abra|Psychic|p2a: Ivysaur
|-supereffective|p2a: Ivysaur
|-damage|p2a: Ivysaur|29\/276
|-unboost|p2a: Ivysaur|spd|1
|-unboost|p2a: Ivysaur|spa|1
|move|p2a: Ivysaur|Body Slam|p1a: Abra
|-crit|p1a: Abra
|-damage|p1a: Abra|26\/243
|
|turn|10
|
|move|p1a: Abra|Seismic Toss|p2a: Ivysaur
|-damage|p2a: Ivysaur|0 fnt
|faint|p2a: Ivysaur
|
|switch|p2a: Dewgong|Dewgong, L85|156\/327 par
|turn|11
|
|move|p1a: Abra|Psychic|p2a: Dewgong
|-damage|p2a: Dewgong|39\/327 par
|-unboost|p2a: Dewgong|spd|1
|-unboost|p2a: Dewgong|spa|1
|move|p2a: Dewgong|Surf|p1a: Abra
|-crit|p1a: Abra
|-damage|p1a: Abra|0 fnt
|faint|p1a: Abra
|
|switch|p1a: Persian|Persian, L79|265\/265
|turn|12
|
|move|p1a: Persian|Thunderbolt|p2a: Dewgong
|-supereffective|p2a: Dewgong
|-damage|p2a: Dewgong|0 fnt
|faint|p2a: Dewgong
|
|switch|p2a: Machoke|Machoke, L85|310\/310
|turn|13
|
|move|p1a: Persian|Bubble Beam|p2a: Machoke
|-damage|p2a: Machoke|270\/310
|move|p2a: Machoke|Body Slam|p1a: Persian
|-damage|p1a: Persian|187\/265
|
|turn|14
|
|move|p1a: Persian|Slash|p2a: Machoke
|-crit|p2a: Machoke
|-damage|p2a: Machoke|152\/310
|move|p2a: Machoke|Body Slam|p1a: Persian
|-damage|p1a: Persian|109\/265
|
|turn|15
|
|move|p1a: Persian|Screech|p2a: Machoke
|-unboost|p2a: Machoke|def|2
|move|p2a: Machoke|Counter|p1a: Persian
|-fail|p2a: Machoke
|
|turn|16
|
|move|p1a: Persian|Slash|p2a: Machoke
|-crit|p2a: Machoke
|-damage|p2a: Machoke|42\/310
|move|p2a: Machoke|Counter|p1a: Persian
|-damage|p1a: Persian|0 fnt
|faint|p1a: Persian
|
|switch|p1a: Golduck|Golduck, L85|310\/310
|turn|17
|
|move|p1a: Golduck|Amnesia|p1a: Golduck
|-boost|p1a: Golduck|spd|2
|-boost|p1a: Golduck|spa|2
|move|p2a: Machoke|Double-Edge|p1a: Golduck
|-damage|p1a: Golduck|233\/310
|-damage|p2a: Machoke|23\/310|[from] recoil|[of] p1a: Golduck
|
|turn|18
|
|move|p1a: Golduck|Amnesia|p1a: Golduck
|-boost|p1a: Golduck|spd|2
|-boost|p1a: Golduck|spa|2
|move|p2a: Machoke|Double-Edge|p1a: Golduck
|-damage|p1a: Golduck|151\/310
|-damage|p2a: Machoke|3\/310|[from] recoil|[of] p1a: Golduck
|
|turn|19
|
|move|p1a: Golduck|Amnesia|p1a: Golduck
|-boost|p1a: Golduck|spd|2
|-boost|p1a: Golduck|spa|2
|move|p2a: Machoke|Double-Edge|p1a: Golduck
|-damage|p1a: Golduck|74\/310
|-damage|p2a: Machoke|0 fnt|[from] recoil|[of] p1a: Golduck
|faint|p2a: Machoke
|
|switch|p2a: Alakazam|Alakazam, L79|249\/249
|turn|20
|
|move|p2a: Alakazam|Thunder Wave|p1a: Golduck
|-status|p1a: Golduck|par
|cant|p1a: Golduck|par
|
|turn|21
|
|move|p2a: Alakazam|Psychic|p1a: Golduck
|-damage|p1a: Golduck|47\/310 par
|move|p1a: Golduck|Rest|p1a: Golduck
|-status|p1a: Golduck|slp
|-heal|p1a: Golduck|310\/310 slp|[silent]
|-status|p1a: Golduck|slp|[from] move: Rest
|
|turn|22
|c|★TheAntelope|well
|
|move|p2a: Alakazam|Psychic|p1a: Golduck
|-damage|p1a: Golduck|280\/310 slp
|cant|p1a: Golduck|slp
|
|turn|23
|
|move|p2a: Alakazam|Psychic|p1a: Golduck
|-damage|p1a: Golduck|249\/310 slp
|-curestatus|p1a: Golduck|slp
|
|turn|24
|
|move|p2a: Alakazam|Psychic|p1a: Golduck
|-crit|p1a: Golduck
|-damage|p1a: Golduck|49\/310
|-unboost|p1a: Golduck|spd|1
|-unboost|p1a: Golduck|spa|1
|move|p1a: Golduck|Ice Beam|p2a: Alakazam
|-damage|p2a: Alakazam|91\/249
|
|turn|25
|
|move|p2a: Alakazam|Psychic|p1a: Golduck
|-damage|p1a: Golduck|17\/310
|move|p1a: Golduck|Ice Beam|p2a: Alakazam
|-damage|p2a: Alakazam|0 fnt
|faint|p2a: Alakazam
|
|switch|p2a: Moltres|Moltres, L85|327\/327
|turn|26
|
|move|p2a: Moltres|Fire Blast|p1a: Golduck
|-resisted|p1a: Golduck
|-damage|p1a: Golduck|0 fnt
|faint|p1a: Golduck
|
|switch|p1a: Fearow|Fearow, L90|300\/300
|turn|27
|c|★TheAntelope|wow I did it...
|
|move|p1a: Fearow|Mirror Move|p1a: Fearow
|move|p1a: Fearow|Fire Blast|p2a: Moltres|[from]Mirror Move
|-resisted|p2a: Moltres
|-damage|p2a: Moltres|300\/327
|move|p2a: Moltres|Fire Blast|p1a: Fearow
|-damage|p1a: Fearow|126\/300
|-status|p1a: Fearow|brn
|
|turn|28
|
|move|p1a: Fearow|Drill Peck|p2a: Moltres
|-damage|p2a: Moltres|252\/327
|-damage|p1a: Fearow|108\/300 brn|[from] brn|[of] p2a: Moltres
|move|p2a: Moltres|Fire Blast|p1a: Fearow
|-damage|p1a: Fearow|0 fnt
|faint|p1a: Fearow
|
|switch|p1a: Arcanine|Arcanine, L85|327\/327
|turn|29
|c|★TheAntelope|oh jeez...
|
|move|p1a: Arcanine|Body Slam|p2a: Moltres
|-crit|p2a: Moltres
|-damage|p2a: Moltres|133\/327
|move|p2a: Moltres|Fire Blast|p1a: Arcanine
|-resisted|p1a: Arcanine
|-damage|p1a: Arcanine|245\/327
|
|turn|30
|
|move|p1a: Arcanine|Body Slam|p2a: Moltres
|-damage|p2a: Moltres|64\/327
|move|p2a: Moltres|Fire Blast|p1a: Arcanine
|-resisted|p1a: Arcanine
|-damage|p1a: Arcanine|160\/327
|
|turn|31
|
|move|p1a: Arcanine|Body Slam|p2a: Moltres
|-damage|p2a: Moltres|3\/327
|move|p2a: Moltres|Fire Blast|p1a: Arcanine
|-crit|p1a: Arcanine
|-resisted|p1a: Arcanine
|-damage|p1a: Arcanine|1\/327
|
|turn|32
|c|★TheAntelope|...
|c|★TheAntelope|rng
|c|★TheAntelope|giveth
|c|★TheAntelope|rng
|c|★TheAntelope|taketh away
|
|move|p1a: Arcanine|Body Slam|p2a: Moltres
|-damage|p2a: Moltres|0 fnt
|faint|p2a: Moltres
|
|win|Rentaro2.0
|c|★Rentaro2.0|gg
|c|★TheAntelope|gg
|raw|Rentaro2.0's rating: 1000 &rarr; <strong>1049<\/strong><br \/>(+49 for winning)
|raw|TheAntelope's rating: 1076 &rarr; <strong>1050<\/strong><br \/>(-26 for losing)
|leave|TheAntelope
|player|p2
|join|TheAntelope
|leave|Rentaro2.0
|player|p1