|join|PickledBeets
|join|Eso Sorcerer
|player|p1|PickledBeets|162
|player|p2|Eso Sorcerer|40
|gametype|singles
|gen|1
|tier|[Gen 1] Random Battle
|rated
|rule|Sleep Clause Mod: Limit one foe put to sleep
|rule|Freeze Clause Mod: Limit one foe frozen
|rule|HP Percentage Mod: HP is shown in percentages
|
|start
|switch|p1a: Cubone|Cubone, L96|291\/291
|switch|p2a: Mew|Mew, L74|300\/300
|turn|1
|
|move|p2a: Mew|Psychic|p1a: Cubone
|-damage|p1a: Cubone|182\/291
|-unboost|p1a: Cubone|spd|1
|-unboost|p1a: Cubone|spa|1
|move|p1a: Cubone|Body Slam|p2a: Mew
|-damage|p2a: Mew|246\/300
|-status|p2a: Mew|par
|
|turn|2
|
|move|p1a: Cubone|Earthquake|p2a: Mew
|-damage|p2a: Mew|146\/300 par
|cant|p2a: Mew|par
|
|turn|3
|
|move|p1a: Cubone|Earthquake|p2a: Mew
|-damage|p2a: Mew|55\/300 par
|move|p2a: Mew|Psychic|p1a: Cubone
|-damage|p1a: Cubone|31\/291
|-unboost|p1a: Cubone|spd|1
|-unboost|p1a: Cubone|spa|1
|
|turn|4
|
|move|p1a: Cubone|Earthquake|p2a: Mew
|-damage|p2a: Mew|0 fnt
|faint|p2a: Mew
|
|switch|p2a: Poliwhirl|Poliwhirl, L85|284\/284
|turn|5
|
|move|p2a: Poliwhirl|Surf|p1a: Cubone
|-crit|p1a: Cubone
|-supereffective|p1a: Cubone
|-damage|p1a: Cubone|0 fnt
|faint|p1a: Cubone
|c|★Eso Sorcerer|Mew sucks lol
|
|switch|p1a: Venusaur|Venusaur, L85|310\/310
|turn|6
|
|move|p2a: Poliwhirl|Hypnosis|p1a: Venusaur
|-status|p1a: Venusaur|slp
|cant|p1a: Venusaur|slp
|
|turn|7
|
|switch|p1a: Hitmonlee|Hitmonlee, L90|273\/273
|move|p2a: Poliwhirl|Blizzard|p1a: Hitmonlee
|-damage|p1a: Hitmonlee|184\/273
|
|turn|8
|
|move|p1a: Hitmonlee|Body Slam|p2a: Poliwhirl
|-damage|p2a: Poliwhirl|187\/284
|move|p2a: Poliwhirl|Surf|p1a: Hitmonlee
|-damage|p1a: Hitmonlee|82\/273
|
|turn|9
|
|switch|p2a: Sandslash|Sandslash, L85|301\/301
|move|p1a: Hitmonlee|Body Slam|p2a: Sandslash
|-damage|p2a: Sandslash|236\/301
|-status|p2a: Sandslash|par
|
|turn|10
|
|move|p1a: Hitmonlee|High Jump Kick|p2a: Sandslash
|-crit|p2a: Sandslash
|-damage|p2a: Sandslash|33\/301 par
|move|p2a: Sandslash|Earthquake|p1a: Hitmonlee
|-damage|p1a: Hitmonlee|0 fnt
|faint|p1a: Hitmonlee
|
|switch|p1a: Seadra|Seadra, L90|282\/282
|turn|11
|
|move|p1a: Seadra|Surf|p2a: Sandslash
|-supereffective|p2a: Sandslash
|-damage|p2a: Sandslash|0 fnt
|faint|p2a: Sandslash
|
|switch|p2a: Dragonair|Dragonair, L85|277\/277
|turn|12
|
|move|p1a: Seadra|Blizzard|p2a: Dragonair
|-crit|p2a: Dragonair
|-supereffective|p2a: Dragonair
|-damage|p2a: Dragonair|0 fnt
|faint|p2a: Dragonair
|
|switch|p2a: Kangaskhan|Kangaskhan, L85|352\/352
|turn|13
|
|move|p1a: Seadra|Smokescreen|p2a: Kangaskhan
|-unboost|p2a: Kangaskhan|accuracy|1
|move|p2a: Kangaskhan|Body Slam|p1a: Seadra|[miss]
|-miss|p2a: Kangaskhan
|
|turn|14
|
|move|p1a: Seadra|Surf|p2a: Kangaskhan
|-damage|p2a: Kangaskhan|189\/352
|move|p2a: Kangaskhan|Body Slam|p1a: Seadra
|-damage|p1a: Seadra|201\/282
|-status|p1a: Seadra|par
|
|turn|15
|
|switch|p2a: Poliwhirl|Poliwhirl, L85|187\/284
|cant|p1a: Seadra|par
|
|turn|16
|
|move|p2a: Poliwhirl|Amnesia|p2a: Poliwhirl
|-boost|p2a: Poliwhirl|spd|2
|-boost|p2a: Poliwhirl|spa|2
|move|p1a: Seadra|Smokescreen|p2a: Poliwhirl
|-unboost|p2a: Poliwhirl|accuracy|1
|
|turn|17
|
|move|p2a: Poliwhirl|Amnesia|p2a: Poliwhirl
|-boost|p2a: Poliwhirl|spd|2
|-boost|p2a: Poliwhirl|spa|2
|move|p1a: Seadra|Smokescreen|p2a: Poliwhirl|[miss]
|-miss|p1a: Seadra
|
|turn|18
|
|move|p2a: Poliwhirl|Surf|p1a: Seadra|[miss]
|-miss|p2a: Poliwhirl
|move|p1a: Seadra|Smokescreen|p2a: Poliwhirl
|-unboost|p2a: Poliwhirl|accuracy|1
|
|turn|19
|
|move|p2a: Poliwhirl|Surf|p1a: Seadra
|-resisted|p1a: Seadra
|-damage|p1a: Seadra|105\/282 par
|move|p1a: Seadra|Smokescreen|p2a: Poliwhirl
|-unboost|p2a: Poliwhirl|accuracy|1
|
|turn|20
|
|move|p2a: Poliwhirl|Surf|p1a: Seadra
|-resisted|p1a: Seadra
|-damage|p1a: Seadra|13\/282 par
|move|p1a: Seadra|Mimic|p2a: Poliwhirl
|-start|p1a: Seadra|Mimic|Blizzard
|
|turn|21
|
|move|p2a: Poliwhirl|Surf|p1a: Seadra
|-resisted|p1a: Seadra
|-damage|p1a: Seadra|0 fnt
|faint|p1a: Seadra
|
|switch|p1a: Shellder|Shellder, L96|252\/252
|turn|22
|
|move|p2a: Poliwhirl|Surf|p1a: Shellder
|-crit|p1a: Shellder
|-resisted|p1a: Shellder
|-damage|p1a: Shellder|167\/252
|move|p1a: Shellder|Supersonic|p2a: Poliwhirl|[miss]
|-miss|p1a: Shellder
|
|turn|23
|
|move|p2a: Poliwhirl|Surf|p1a: Shellder
|-resisted|p1a: Shellder
|-damage|p1a: Shellder|32\/252
|move|p1a: Shellder|Supersonic|p2a: Poliwhirl
|-start|p2a: Poliwhirl|confusion
|
|turn|24
|
|-activate|p2a: Poliwhirl|confusion
|move|p2a: Poliwhirl|Surf|p1a: Shellder|[miss]
|-miss|p2a: Poliwhirl
|move|p1a: Shellder|Explosion|p2a: Poliwhirl
|-crit|p2a: Poliwhirl
|-damage|p2a: Poliwhirl|0 fnt
|faint|p2a: Poliwhirl
|faint|p1a: Shellder
|
|switch|p1a: Mewtwo|Mewtwo, L68|285\/285
|switch|p2a: Kangaskhan|Kangaskhan, L85|189\/352
|turn|25
|
|move|p1a: Mewtwo|Psychic|p2a: Kangaskhan
|-damage|p2a: Kangaskhan|49\/352
|move|p2a: Kangaskhan|Body Slam|p1a: Mewtwo
|-damage|p1a: Mewtwo|165\/285
|
|turn|26
|
|move|p1a: Mewtwo|Psychic|p2a: Kangaskhan
|-damage|p2a: Kangaskhan|0 fnt
|faint|p2a: Kangaskhan
|
|switch|p2a: Charizard|Charizard, L85|306\/306
|turn|27
|
|move|p2a: Charizard|Fire Blast|p1a: Mewtwo
|-damage|p1a: Mewtwo|71\/285
|-status|p1a: Mewtwo|brn
|move|p1a: Mewtwo|Blizzard|p2a: Charizard
|-crit|p2a: Charizard
|-supereffective|p2a: Charizard
|-damage|p2a: Charizard|13\/306
|-damage|p1a: Mewtwo|54\/285 brn|[from] brn|[of] p2a: Charizard
|
|turn|28
|
|move|p2a: Charizard|Body Slam|p1a: Mewtwo
|-damage|p1a: Mewtwo|0 fnt
|faint|p1a: Mewtwo
|
|switch|p1a: Venusaur|Venusaur, L85|310\/310 slp
|turn|29
|
|move|p2a: Charizard|Fire Blast|p1a: Venusaur
|-supereffective|p1a: Venusaur
|-damage|p1a: Venusaur|101\/310 slp
|cant|p1a: Venusaur|slp
|
|turn|30
|
|move|p2a: Charizard|Fire Blast|p1a: Venusaur
|-supereffective|p1a: Venusaur
|-damage|p1a: Venusaur|0 fnt
|faint|p1a: Venusaur
|
|win|Eso Sorcerer
|leave|PickledBeets
|player|p1
|c|★Eso Sorcerer|Oooo [oooooooooooo
|raw|PickledBeets's rating: 1306 &rarr; <strong>1286<\/strong><br \/>(-20 for losing)
|raw|Eso Sorcerer's rating: 1312 &rarr; <strong>1331<\/strong><br \/>(+19 for winning)