|join|death7805
|join|golderzoa333
|player|p1|death7805|260
|player|p2|golderzoa333|141
|gametype|singles
|gen|1
|tier|[Gen 1] Random Battle
|seed|59008,15010,48390,60597
|rule|Sleep Clause Mod: Limit one foe put to sleep
|rule|Freeze Clause Mod: Limit one foe frozen
|rule|HP Percentage Mod: HP is shown in percentages
|
|start
|switch|p1a: Oddish|Oddish, L96|281\/281
|switch|p2a: Goldeen|Goldeen, L96|281\/281
|turn|1
|choice|move 3|move 1
|
|move|p2a: Goldeen|Supersonic|p1a: Oddish|[miss]
|-miss|p2a: Goldeen
|move|p1a: Oddish|Sleep Powder|p2a: Goldeen|[miss]
|-miss|p1a: Oddish
|
|turn|2
|choice|move 3|move 1
|
|move|p2a: Goldeen|Supersonic|p1a: Oddish|[miss]
|-miss|p2a: Goldeen
|move|p1a: Oddish|Sleep Powder|p2a: Goldeen
|-status|p2a: Goldeen|slp
|
|turn|3
|choice|move 4|switch 4
|
|switch|p2a: Scyther|Scyther, L90|309\/309
|move|p1a: Oddish|Swords Dance|p1a: Oddish
|-boost|p1a: Oddish|atk|2
|
|turn|4
|choice|move 2|move 1
|
|move|p2a: Scyther|Swords Dance|p2a: Scyther
|-boost|p2a: Scyther|atk|2
|move|p1a: Oddish|Double-Edge|p2a: Scyther
|-damage|p2a: Scyther|180\/309
|-damage|p1a: Oddish|249\/281|[from] recoil|[of] p2a: Scyther
|
|turn|5
|choice|move 3|move 1
|
|move|p2a: Scyther|Swords Dance|p2a: Scyther
|-boost|p2a: Scyther|atk|2
|move|p1a: Oddish|Sleep Powder|p2a: Scyther
|-message|Sleep Clause Mod activated.
|
|turn|6
|choice|move 1|move 3
|
|move|p2a: Scyther|Agility|p2a: Scyther
|-boost|p2a: Scyther|spe|2
|move|p1a: Oddish|Toxic|p2a: Scyther
|-status|p2a: Scyther|tox
|
|turn|7
|choice|move 2|move 4
|
|move|p2a: Scyther|Hyper Beam|p1a: Oddish
|-damage|p1a: Oddish|0 fnt
|faint|p1a: Oddish
|choice|switch 2|
|
|switch|p1a: Tauros|Tauros, L79|280\/280
|turn|8
|choice|move 1|move 4
|
|move|p2a: Scyther|Hyper Beam|p1a: Tauros
|-damage|p1a: Tauros|0 fnt
|faint|p1a: Tauros
|choice|switch 4|
|
|switch|p1a: Hypno|Hypno, L85|318\/318
|turn|9
|choice|move 2|move 4
|
|move|p2a: Scyther|Hyper Beam|p1a: Hypno
|-damage|p1a: Hypno|0 fnt
|faint|p1a: Hypno
|choice|switch 6|
|
|switch|p1a: Alakazam|Alakazam, L79|249\/249
|turn|10
|choice|move 1|move 4
|
|move|p2a: Scyther|Hyper Beam|p1a: Alakazam
|-damage|p1a: Alakazam|0 fnt
|faint|p1a: Alakazam
|choice|switch 3|
|
|switch|p1a: Bulbasaur|Bulbasaur, L96|281\/281
|turn|11
|choice|move 1|move 4
|
|move|p2a: Scyther|Hyper Beam|p1a: Bulbasaur
|-damage|p1a: Bulbasaur|0 fnt
|faint|p1a: Bulbasaur
|choice|switch 5|
|
|switch|p1a: Vaporeon|Vaporeon, L85|395\/395
|turn|12
|choice|move 1|move 4
|
|move|p2a: Scyther|Hyper Beam|p1a: Vaporeon|[miss]
|-miss|p2a: Scyther
|-damage|p2a: Scyther|161\/309 tox|[from] tox|[of] p1a: Vaporeon
|move|p1a: Vaporeon|Surf|p2a: Scyther
|-damage|p2a: Scyther|31\/309 tox
|
|turn|13
|choice|move 2|move 4
|
|move|p2a: Scyther|Hyper Beam|p1a: Vaporeon
|-damage|p1a: Vaporeon|0 fnt
|faint|p1a: Vaporeon
|
|win|golderzoa333
|c|★golderzoa333|gg i had fun