|j|SinisterHFigure
|j|Meloriver
|player|p1|SinisterHFigure|269
|player|p2|Meloriver|149
|gametype|singles
|gen|1
|tier|[Gen 1] OU
|rated
|seed|35446,54410,13667,15619
|rule|Sleep Clause Mod: Limit one foe put to sleep
|rule|Freeze Clause Mod: Limit one foe frozen
|rule|Species Clause: Limit one of each Pokémon
|rule|OHKO Clause: OHKO moves are banned
|rule|Evasion Moves Clause: Evasion moves are banned
|rule|HP Percentage Mod: HP is shown in percentages
|
|start
|switch|p1a: Dragonair|Dragonair|325\/325
|switch|p2a: Alakazam|Alakazam|313\/313
|turn|1
|choice|move 2|move 2
|
|move|p2a: Alakazam|Thunder Wave|p1a: Dragonair
|-status|p1a: Dragonair|par
|move|p1a: Dragonair|Thunder Wave|p2a: Alakazam
|-status|p2a: Alakazam|par
|
|turn|2
|choice|move 4|move 1
|
|cant|p2a: Alakazam|par
|move|p1a: Dragonair|Agility|p1a: Dragonair
|-boost|p1a: Dragonair|spe|2
|
|turn|3
|choice|move 1|move 1
|
|move|p1a: Dragonair|Wrap|p2a: Alakazam
|-damage|p2a: Alakazam|297\/313 par
|-activate|p2a: Alakazam|move: Wrap|[of] p1a: Dragonair
|cant|p2a: Alakazam|partiallytrapped
|
|turn|4
|choice|move 1|switch 6
|
|switch|p2a: Golem|Golem|363\/363
|move|p1a: Dragonair|Wrap|p2a: Golem
|-resisted|p2a: Golem
|-damage|p2a: Golem|359\/363
|-activate|p2a: Golem|move: Wrap|[of] p1a: Dragonair
|
|turn|5
|choice|move 1|move 1
|
|cant|p1a: Dragonair|par
|cant|p2a: Golem|partiallytrapped
|
|-end|p2a: Golem|Wrap|[partiallytrapped]
|turn|6
|choice|move 3|move 1
|
|cant|p1a: Dragonair|par
|move|p2a: Golem|Earthquake|p1a: Dragonair
|-damage|p1a: Dragonair|157\/325 par
|
|turn|7
|choice|move 3|move 1
|
|cant|p1a: Dragonair|par
|move|p2a: Golem|Earthquake|p1a: Dragonair
|-damage|p1a: Dragonair|0 fnt
|faint|p1a: Dragonair
|choice|switch 3|
|
|switch|p1a: Victreebel|Victreebel|363\/363
|turn|8
|choice|move 3|switch 4
|
|switch|p2a: Exeggutor|Exeggutor|393\/393
|move|p1a: Victreebel|Razor Leaf|p2a: Exeggutor
|-crit|p2a: Exeggutor
|-resisted|p2a: Exeggutor
|-damage|p2a: Exeggutor|341\/393
|
|turn|9
|choice|move 2|move 1
|
|move|p1a: Victreebel|Wrap|p2a: Exeggutor
|-damage|p2a: Exeggutor|326\/393
|-activate|p2a: Exeggutor|move: Wrap|[of] p1a: Victreebel
|cant|p2a: Exeggutor|partiallytrapped
|
|turn|10
|choice|move 2|move 1
|
|move|p1a: Victreebel|Wrap|p2a: Exeggutor
|-damage|p2a: Exeggutor|311\/393
|cant|p2a: Exeggutor|partiallytrapped
|
|turn|11
|choice|move 2|move 1
|
|move|p1a: Victreebel|Wrap|p2a: Exeggutor
|-damage|p2a: Exeggutor|296\/393
|cant|p2a: Exeggutor|partiallytrapped
|
|-end|p2a: Exeggutor|Wrap|[partiallytrapped]
|turn|12
|choice|move 2|move 1
|
|move|p1a: Victreebel|Wrap|p2a: Exeggutor
|-crit|p2a: Exeggutor
|-damage|p2a: Exeggutor|267\/393
|-activate|p2a: Exeggutor|move: Wrap|[of] p1a: Victreebel
|cant|p2a: Exeggutor|partiallytrapped
|
|turn|13
|choice|move 2|move 1
|
|move|p1a: Victreebel|Wrap|p2a: Exeggutor
|-damage|p2a: Exeggutor|238\/393
|cant|p2a: Exeggutor|partiallytrapped
|
|turn|14
|choice|move 2|move 1
|
|move|p1a: Victreebel|Wrap|p2a: Exeggutor
|-damage|p2a: Exeggutor|209\/393
|cant|p2a: Exeggutor|partiallytrapped
|
|-end|p2a: Exeggutor|Wrap|[partiallytrapped]
|turn|15
|choice|move 2|move 1
|
|move|p1a: Victreebel|Wrap|p2a: Exeggutor
|-damage|p2a: Exeggutor|195\/393
|-activate|p2a: Exeggutor|move: Wrap|[of] p1a: Victreebel
|cant|p2a: Exeggutor|partiallytrapped
|
|turn|16
|choice|move 2|switch 4
|
|switch|p2a: Golem|Golem|359\/363
|move|p1a: Victreebel|Wrap|p2a: Golem|[miss]
|-miss|p1a: Victreebel
|
|turn|17
|choice|move 3|switch 4
|
|switch|p2a: Exeggutor|Exeggutor|195\/393
|move|p1a: Victreebel|Razor Leaf|p2a: Exeggutor
|-crit|p2a: Exeggutor
|-resisted|p2a: Exeggutor
|-damage|p2a: Exeggutor|144\/393
|
|turn|18
|choice|move 2|switch 4
|
|switch|p2a: Golem|Golem|359\/363
|move|p1a: Victreebel|Wrap|p2a: Golem
|-crit|p2a: Golem
|-resisted|p2a: Golem
|-damage|p2a: Golem|349\/363
|-activate|p2a: Golem|move: Wrap|[of] p1a: Victreebel
|
|turn|19
|choice|switch 6|move 4
|
|switch|p1a: Cloyster|Cloyster|303\/303
|cant|p2a: Golem|partiallytrapped
|
|-end|p2a: Golem|Wrap|[partiallytrapped]
|turn|20
|choice|move 3|move 4
|
|move|p1a: Cloyster|Surf|p2a: Golem
|-crit|p2a: Golem
|-supereffective|p2a: Golem
|-damage|p2a: Golem|0 fnt
|faint|p2a: Golem
|choice||switch 5
|
|switch|p2a: Tauros|Tauros|353\/353
|turn|21
|choice|switch 6|move 1
|
|switch|p1a: Victreebel|Victreebel|363\/363
|move|p2a: Tauros|Body Slam|p1a: Victreebel
|-damage|p1a: Victreebel|229\/363
|-status|p1a: Victreebel|par
|
|turn|22
|choice|move 4|move 3
|
|move|p2a: Tauros|Blizzard|p1a: Victreebel
|-crit|p1a: Victreebel
|-supereffective|p1a: Victreebel
|-damage|p1a: Victreebel|0 fnt
|faint|p1a: Victreebel
|choice|switch 4|
|
|switch|p1a: Arbok|Arbok|323\/323
|turn|23
|choice|move 1|move 4
|
|move|p2a: Tauros|Earthquake|p1a: Arbok
|-supereffective|p1a: Arbok
|-damage|p1a: Arbok|114\/323
|move|p1a: Arbok|Glare|p2a: Tauros
|-status|p2a: Tauros|par
|
|turn|24
|choice|move 2|move 4
|
|move|p1a: Arbok|Wrap|p2a: Tauros
|-damage|p2a: Tauros|341\/353 par
|-activate|p2a: Tauros|move: Wrap|[of] p1a: Arbok
|cant|p2a: Tauros|par
|
|turn|25
|-message|Meloriver forfeited.
|l|Meloriver
|
|win|SinisterHFigure
|player|p2
|raw|SinisterHFigure's rating: 1177 &rarr; <strong>1193<\/strong><br \/>(+16 for winning)
|raw|Meloriver's rating: 1050 &rarr; <strong>1039<\/strong><br \/>(-11 for losing)