|join|Disaster Area
|join|Dice
|player|p1|Disaster Area|32
|player|p2|Dice|168
|gametype|singles
|gen|1
|tier|[Gen 1] OU
|seed|22251,46088,41817,47045
|rule|Sleep Clause Mod: Limit one foe put to sleep
|rule|Freeze Clause Mod: Limit one foe frozen
|rule|Species Clause: Limit one of each Pokémon
|rule|OHKO Clause: OHKO moves are banned
|rule|Evasion Moves Clause: Evasion moves are banned
|rule|HP Percentage Mod: HP is shown in percentages
|
|start
|switch|p1a: Jolteon|Jolteon|333\/333
|switch|p2a: Gengar|Gengar|323\/323
|turn|1
|c|★Disaster Area|sry had a word spelt wrong
|join|when you wonder
|join|shrang
|join|James Jimmy
|join|peli
|c|★Disaster Area|trying to work out what's optimal for this set of mons but it's
|join|Flawlist
|join|nuubs
|c|★Disaster Area|a team I loved to run af ew months ago
|leave|shrang
|c| when you wonder|piex u got bought in the mock spl auction
|c|★Disaster Area|think it was xtra$hine's favourite squad
|c| when you wonder|r u proud?
|join|Pohjis
|c|★Disaster Area|no cos it was a meme buy
|c|★Disaster Area|+ that happened last year anyway lol
|c|★Disaster Area|mocktions mean very little
|leave|Flawlist
|choice|switch 3|move 1
|
|switch|p1a: Exeggutor|Exeggutor|393\/393
|move|p2a: Gengar|Hypnosis|p1a: Exeggutor|[miss]
|-miss|p2a: Gengar
|
|turn|2
|c| when you wonder|at least you went for more then krau
|c|★Disaster Area|ah guess I did that last time
|choice|switch 3|move 1
|
|switch|p1a: Jolteon|Jolteon|333\/333
|move|p2a: Gengar|Hypnosis|p1a: Jolteon|[miss]
|-miss|p2a: Gengar
|
|turn|3
|c|★Disaster Area|krau bought himself also as a joke
|c|★Disaster Area|also irrelevant
|choice|move 3|switch 4
|
|switch|p2a: Chansey|Chansey|703\/703
|move|p1a: Jolteon|Thunder Wave|p2a: Chansey
|-status|p2a: Chansey|par
|
|turn|4
|choice|switch 2|move 1
|
|switch|p1a: Alakazam|Alakazam|313\/313
|move|p2a: Chansey|Sing|p1a: Alakazam|[miss]
|-miss|p2a: Chansey
|
|turn|5
|choice|move 1|move 1
|
|move|p1a: Alakazam|Psychic|p2a: Chansey
|-damage|p2a: Chansey|570\/703 par
|-unboost|p2a: Chansey|spd|1
|-unboost|p2a: Chansey|spa|1
|move|p2a: Chansey|Sing|p1a: Alakazam
|-status|p1a: Alakazam|slp
|
|turn|6
|choice|switch 6|move 4
|
|switch|p1a: Snorlax|Snorlax|523\/523
|cant|p2a: Chansey|par
|
|turn|7
|c|★Dice|poorly trained
|choice|move 2|switch 3
|
|switch|p2a: Slowbro|Slowbro|393\/393
|move|p1a: Snorlax|Earthquake|p2a: Slowbro
|-damage|p2a: Slowbro|313\/393
|
|turn|8
|choice|switch 4|move 2
|
|switch|p1a: Starmie|Starmie|323\/323
|move|p2a: Slowbro|Thunder Wave|p1a: Starmie
|-status|p1a: Starmie|par
|
|turn|9
|choice|move 1|switch 3
|
|switch|p2a: Chansey|Chansey|570\/703 par
|cant|p1a: Starmie|par
|
|turn|10
|choice|switch 4|move 2
|
|switch|p1a: Snorlax|Snorlax|523\/523
|move|p2a: Chansey|Seismic Toss|p1a: Snorlax
|-damage|p1a: Snorlax|423\/523
|
|turn|11
|choice|move 1|move 4
|
|move|p1a: Snorlax|Body Slam|p2a: Chansey
|-damage|p2a: Chansey|265\/703 par
|move|p2a: Chansey|Thunder Wave|p1a: Snorlax
|-status|p1a: Snorlax|par
|
|turn|12
|choice|move 2|move 3
|
|move|p2a: Chansey|Soft-Boiled|p2a: Chansey
|-heal|p2a: Chansey|616\/703 par
|move|p1a: Snorlax|Earthquake|p2a: Chansey
|-damage|p2a: Chansey|376\/703 par
|
|turn|13
|choice|move 1|move 3
|
|move|p2a: Chansey|Soft-Boiled|p2a: Chansey
|-heal|p2a: Chansey|703\/703 par
|move|p1a: Snorlax|Body Slam|p2a: Chansey
|-damage|p2a: Chansey|388\/703 par
|
|turn|14
|choice|move 1|switch 4
|
|switch|p2a: Gengar|Gengar|323\/323
|move|p1a: Snorlax|Body Slam|p2a: Gengar
|-immune|p2a: Gengar|[msg]
|
|turn|15
|choice|move 1|switch 3
|
|switch|p2a: Slowbro|Slowbro|313\/393
|move|p1a: Snorlax|Body Slam|p2a: Slowbro
|-damage|p2a: Slowbro|219\/393
|
|turn|16
|choice|switch 4|switch 4
|
|switch|p2a: Chansey|Chansey|388\/703 par
|switch|p1a: Starmie|Starmie|323\/323 par
|
|turn|17
|choice|switch 4|move 3
|
|switch|p1a: Snorlax|Snorlax|423\/523 par
|move|p2a: Chansey|Soft-Boiled|p2a: Chansey
|-heal|p2a: Chansey|703\/703 par
|
|turn|18
|choice|move 2|switch 4
|
|switch|p2a: Slowbro|Slowbro|219\/393
|move|p1a: Snorlax|Earthquake|p2a: Slowbro
|-damage|p2a: Slowbro|143\/393
|
|turn|19
|choice|switch 4|move 4
|
|switch|p1a: Starmie|Starmie|323\/323 par
|move|p2a: Slowbro|Rest|p2a: Slowbro
|-status|p2a: Slowbro|slp
|-heal|p2a: Slowbro|393\/393 slp|[silent]
|-status|p2a: Slowbro|slp|[from] move: Rest
|
|turn|20
|join|EMdany
|choice|move 1|move 1
|
|cant|p2a: Slowbro|slp
|move|p1a: Starmie|Psychic|p2a: Slowbro
|-resisted|p2a: Slowbro
|-damage|p2a: Slowbro|333\/393 slp
|-unboost|p2a: Slowbro|spd|1
|-unboost|p2a: Slowbro|spa|1
|
|turn|21
|choice|move 2|switch 4
|
|switch|p2a: Chansey|Chansey|703\/703 par
|cant|p1a: Starmie|par
|
|turn|22
|choice|move 1|move 2
|
|move|p1a: Starmie|Psychic|p2a: Chansey
|-damage|p2a: Chansey|607\/703 par
|-unboost|p2a: Chansey|spd|1
|-unboost|p2a: Chansey|spa|1
|move|p2a: Chansey|Seismic Toss|p1a: Starmie
|-damage|p1a: Starmie|223\/323 par
|
|turn|23
|choice|move 3|move 2
|
|move|p1a: Starmie|Recover|p1a: Starmie
|-heal|p1a: Starmie|323\/323 par
|move|p2a: Chansey|Seismic Toss|p1a: Starmie
|-damage|p1a: Starmie|223\/323 par
|
|turn|24
|leave|James Jimmy
|choice|move 1|switch 6
|
|switch|p2a: Snorlax|Snorlax|523\/523
|cant|p1a: Starmie|par
|
|turn|25
|choice|switch 4|move 2
|
|switch|p1a: Snorlax|Snorlax|423\/523 par
|move|p2a: Snorlax|Body Slam|p1a: Snorlax
|-damage|p1a: Snorlax|293\/523 par
|
|turn|26
|choice|move 3|move 3
|
|move|p2a: Snorlax|Earthquake|p1a: Snorlax
|-damage|p1a: Snorlax|193\/523 par
|move|p1a: Snorlax|Reflect|p1a: Snorlax
|-start|p1a: Snorlax|Reflect
|
|turn|27
|choice|move 4|move 2
|
|move|p2a: Snorlax|Body Slam|p1a: Snorlax
|-damage|p1a: Snorlax|125\/523 par
|cant|p1a: Snorlax|par
|
|turn|28
|choice|move 4|move 1
|
|move|p2a: Snorlax|Hyper Beam|p1a: Snorlax
|-damage|p1a: Snorlax|11\/523 par
|move|p1a: Snorlax|Rest|p1a: Snorlax
|-status|p1a: Snorlax|slp
|-heal|p1a: Snorlax|523\/523 slp|[silent]
|-status|p1a: Snorlax|slp|[from] move: Rest
|
|turn|29
|-mustrecharge|p2a: Snorlax
|c|★Dice|dam
|-mustrecharge|p2a: Snorlax
|c| EMdany|ooodf
|choice|move 1|move 1
|
|cant|p2a: Snorlax|recharge
|cant|p1a: Snorlax|slp
|
|turn|30
|c|★Dice|i tried mom
|choice|move 2|move 2
|
|move|p2a: Snorlax|Body Slam|p1a: Snorlax
|-damage|p1a: Snorlax|457\/523 slp
|-curestatus|p1a: Snorlax|slp
|
|turn|31
|choice|move 1|switch 3
|
|switch|p2a: Gengar|Gengar|323\/323
|move|p1a: Snorlax|Body Slam|p2a: Gengar
|-immune|p2a: Gengar|[msg]
|
|turn|32
|choice|move 2|switch 2
|
|switch|p2a: Dragonite|Dragonite|385\/385
|move|p1a: Snorlax|Earthquake|p2a: Dragonite
|-immune|p2a: Dragonite|[msg]
|
|turn|33
|c|★Disaster Area|played :O
|choice|move 1|move 2
|
|move|p2a: Dragonite|Wrap|p1a: Snorlax
|-damage|p1a: Snorlax|447\/523
|-activate|p1a: Snorlax|move: Wrap|[of] p2a: Dragonite
|cant|p1a: Snorlax|partiallytrapped
|
|turn|34
|choice|switch 2|move 2
|
|switch|p1a: Jolteon|Jolteon|333\/333
|move|p2a: Dragonite|Wrap|p1a: Jolteon
|-damage|p1a: Jolteon|311\/333
|-activate|p1a: Jolteon|move: Wrap|[of] p2a: Dragonite
|
|turn|35
|choice|switch 5|move 2
|
|switch|p1a: Koopacow|Tauros|353\/353
|move|p2a: Dragonite|Wrap|p1a: Koopacow|[miss]
|-miss|p2a: Dragonite
|
|turn|36
|choice|move 2|switch 2
|
|switch|p2a: Gengar|Gengar|323\/323
|move|p1a: Koopacow|Blizzard|p2a: Gengar
|-damage|p2a: Gengar|259\/323
|
|turn|37
|choice|switch 6|move 4
|
|switch|p1a: Alakazam|Alakazam|313\/313 slp
|move|p2a: Gengar|Night Shade|p1a: Alakazam
|-damage|p1a: Alakazam|213\/313 slp
|
|turn|38
|choice|switch 2|move 4
|
|switch|p1a: Snorlax|Snorlax|447\/523
|move|p2a: Gengar|Night Shade|p1a: Snorlax
|-damage|p1a: Snorlax|347\/523
|
|turn|39
|choice|move 3|switch 2
|
|switch|p2a: Dragonite|Dragonite|385\/385
|move|p1a: Snorlax|Reflect|p1a: Snorlax
|-start|p1a: Snorlax|Reflect
|
|turn|40
|choice|move 1|move 2
|
|move|p2a: Dragonite|Wrap|p1a: Snorlax
|-damage|p1a: Snorlax|336\/523
|-activate|p1a: Snorlax|move: Wrap|[of] p2a: Dragonite
|cant|p1a: Snorlax|partiallytrapped
|
|turn|41
|choice|move 1|switch 2
|
|switch|p2a: Gengar|Gengar|259\/323
|cant|p1a: Snorlax|partiallytrapped
|
|-end|p1a: Snorlax|Wrap|[partiallytrapped]
|turn|42
|join|Robotrobbie
|choice|move 2|switch 2
|
|switch|p2a: Dragonite|Dragonite|385\/385
|move|p1a: Snorlax|Earthquake|p2a: Dragonite
|-immune|p2a: Dragonite|[msg]
|
|turn|43
|choice|move 1|move 2
|
|move|p2a: Dragonite|Wrap|p1a: Snorlax
|-damage|p1a: Snorlax|326\/523
|-activate|p1a: Snorlax|move: Wrap|[of] p2a: Dragonite
|cant|p1a: Snorlax|partiallytrapped
|
|turn|44
|choice|move 1|move 2
|
|move|p2a: Dragonite|Wrap|p1a: Snorlax
|-damage|p1a: Snorlax|316\/523
|cant|p1a: Snorlax|partiallytrapped
|
|turn|45
|choice|move 1|move 2
|
|move|p2a: Dragonite|Wrap|p1a: Snorlax
|-damage|p1a: Snorlax|306\/523
|cant|p1a: Snorlax|partiallytrapped
|
|turn|46
|choice|move 1|move 2
|
|move|p2a: Dragonite|Wrap|p1a: Snorlax
|-damage|p1a: Snorlax|296\/523
|cant|p1a: Snorlax|partiallytrapped
|
|turn|47
|join|Csi Miami
|choice|move 1|move 2
|
|move|p2a: Dragonite|Wrap|p1a: Snorlax
|-damage|p1a: Snorlax|286\/523
|cant|p1a: Snorlax|partiallytrapped
|
|-end|p1a: Snorlax|Wrap|[partiallytrapped]
|turn|48
|choice|move 1|move 2
|
|move|p2a: Dragonite|Wrap|p1a: Snorlax|[miss]
|-miss|p2a: Dragonite
|move|p1a: Snorlax|Body Slam|p2a: Dragonite
|-damage|p2a: Dragonite|283\/385
|
|turn|49
|choice|move 1|switch 4
|
|switch|p2a: Slowbro|Slowbro|333\/393 slp
|move|p1a: Snorlax|Body Slam|p2a: Slowbro
|-damage|p2a: Slowbro|234\/393 slp
|
|turn|50
|choice|switch 5|move 2
|
|switch|p1a: Jolteon|Jolteon|311\/333
|-curestatus|p2a: Slowbro|slp
|
|turn|51
|choice|move 1|switch 5
|
|switch|p2a: Rhydon|Rhydon|413\/413
|move|p1a: Jolteon|Thunderbolt|p2a: Rhydon
|-immune|p2a: Rhydon|[msg]
|
|turn|52
|c|★Disaster Area|there it is oo
|choice|move 4|move 1
|
|move|p1a: Jolteon|Double Kick|p2a: Rhydon
|-crit|p2a: Rhydon
|-supereffective|p2a: Rhydon
|-damage|p2a: Rhydon|349\/413
|-damage|p2a: Rhydon|285\/413
|-hitcount|p2a: Rhydon|2
|move|p2a: Rhydon|Body Slam|p1a: Jolteon
|-damage|p1a: Jolteon|199\/333
|-status|p1a: Jolteon|par
|
|turn|53
|choice|switch 3|move 2
|
|switch|p1a: Exeggutor|Exeggutor|393\/393
|move|p2a: Rhydon|Substitute|p2a: Rhydon
|-start|p2a: Rhydon|Substitute
|-damage|p2a: Rhydon|182\/413
|
|turn|54
|choice|move 1|switch 6
|
|switch|p2a: Chansey|Chansey|607\/703 par
|move|p1a: Exeggutor|Sleep Powder|p2a: Chansey
|-fail|p2a: Chansey
|
|turn|55
|choice|switch 5|move 2
|
|switch|p1a: Snorlax|Snorlax|286\/523
|move|p2a: Chansey|Seismic Toss|p1a: Snorlax
|-damage|p1a: Snorlax|186\/523
|
|turn|56
|choice|move 3|move 4
|
|move|p1a: Snorlax|Reflect|p1a: Snorlax
|-start|p1a: Snorlax|Reflect
|move|p2a: Chansey|Thunder Wave|p1a: Snorlax
|-status|p1a: Snorlax|par
|
|turn|57
|choice|move 4|move 2
|
|cant|p2a: Chansey|par
|move|p1a: Snorlax|Rest|p1a: Snorlax
|-status|p1a: Snorlax|slp
|-heal|p1a: Snorlax|523\/523 slp|[silent]
|-status|p1a: Snorlax|slp|[from] move: Rest
|
|turn|58
|choice|move 2|switch 5
|
|switch|p2a: Slowbro|Slowbro|234\/393
|cant|p1a: Snorlax|slp
|
|turn|59
|choice|switch 4|move 3
|
|switch|p1a: Starmie|Starmie|223\/323 par
|move|p2a: Slowbro|Amnesia|p2a: Slowbro
|-boost|p2a: Slowbro|spd|2
|-boost|p2a: Slowbro|spa|2
|
|turn|60
|choice|move 4|move 3
|
|move|p2a: Slowbro|Amnesia|p2a: Slowbro
|-boost|p2a: Slowbro|spd|2
|-boost|p2a: Slowbro|spa|2
|cant|p1a: Starmie|par
|
|turn|61
|choice|move 4|move 1
|
|move|p2a: Slowbro|Psychic|p1a: Starmie
|-resisted|p1a: Starmie
|-damage|p1a: Starmie|96\/323 par
|move|p1a: Starmie|Thunder Wave|p2a: Slowbro
|-status|p2a: Slowbro|par
|
|turn|62
|choice|move 3|move 1
|
|move|p2a: Slowbro|Psychic|p1a: Starmie
|-resisted|p1a: Starmie
|-damage|p1a: Starmie|0 fnt
|faint|p1a: Starmie
|choice|switch 3|
|
|switch|p1a: Jolteon|Jolteon|199\/333 par
|turn|63
|choice|move 1|switch 6
|
|switch|p2a: Rhydon|Rhydon|182\/413
|move|p1a: Jolteon|Thunderbolt|p2a: Rhydon
|-immune|p2a: Rhydon|[msg]
|
|turn|64
|choice|move 4|move 3
|
|move|p2a: Rhydon|Earthquake|p1a: Jolteon
|-crit|p1a: Jolteon
|-supereffective|p1a: Jolteon
|-damage|p1a: Jolteon|0 fnt
|faint|p1a: Jolteon
|choice|switch 6|
|
|switch|p1a: Koopacow|Tauros|353\/353
|turn|65
|leave|Pohjis
|choice|move 2|move 3
|
|move|p1a: Koopacow|Blizzard|p2a: Rhydon
|-crit|p2a: Rhydon
|-supereffective|p2a: Rhydon
|-damage|p2a: Rhydon|0 fnt
|faint|p2a: Rhydon
|choice||switch 5
|
|switch|p2a: Chansey|Chansey|607\/703 par
|turn|66
|choice|switch 4|switch 6
|
|switch|p1a: Snorlax|Snorlax|523\/523 slp
|switch|p2a: Slowbro|Slowbro|234\/393 par
|
|turn|67
|choice|move 1|move 3
|
|-curestatus|p1a: Snorlax|slp
|move|p2a: Slowbro|Amnesia|p2a: Slowbro
|-boost|p2a: Slowbro|spd|2
|-boost|p2a: Slowbro|spa|2
|
|turn|68
|choice|move 1|move 2
|
|move|p1a: Snorlax|Body Slam|p2a: Slowbro
|-damage|p2a: Slowbro|134\/393 par
|move|p2a: Slowbro|Thunder Wave|p1a: Snorlax
|-status|p1a: Snorlax|par
|
|turn|69
|choice|switch 4|move 4
|
|switch|p1a: Koopacow|Tauros|353\/353
|move|p2a: Slowbro|Rest|p2a: Slowbro
|-status|p2a: Slowbro|slp
|-heal|p2a: Slowbro|393\/393 slp|[silent]
|-status|p2a: Slowbro|slp|[from] move: Rest
|
|turn|70
|choice|move 1|move 1
|
|move|p1a: Koopacow|Body Slam|p2a: Slowbro
|-damage|p2a: Slowbro|302\/393 slp
|cant|p2a: Slowbro|slp
|
|turn|71
|choice|move 1|move 2
|
|move|p1a: Koopacow|Body Slam|p2a: Slowbro
|-damage|p2a: Slowbro|206\/393 slp
|-curestatus|p2a: Slowbro|slp
|
|turn|72
|choice|switch 2|move 2
|
|switch|p1a: Alakazam|Alakazam|213\/313 slp
|move|p2a: Slowbro|Thunder Wave|p1a: Alakazam
|-fail|p1a: Alakazam
|
|turn|73
|choice|switch 5|move 3
|
|switch|p1a: Exeggutor|Exeggutor|393\/393
|move|p2a: Slowbro|Amnesia|p2a: Slowbro
|-boost|p2a: Slowbro|spd|2
|-boost|p2a: Slowbro|spa|2
|
|turn|74
|choice|move 1|move 2
|
|move|p1a: Exeggutor|Sleep Powder|p2a: Slowbro
|-status|p2a: Slowbro|slp
|cant|p2a: Slowbro|slp
|
|turn|75
|choice|switch 2|move 2
|
|switch|p1a: Koopacow|Tauros|353\/353
|-curestatus|p2a: Slowbro|slp
|
|turn|76
|c|★Disaster Area|x_x
|leave|Csi Miami
|c|★Dice|good bro
|choice|move 1|move 2
|
|move|p1a: Koopacow|Body Slam|p2a: Slowbro
|-crit|p2a: Slowbro
|-damage|p2a: Slowbro|29\/393
|move|p2a: Slowbro|Thunder Wave|p1a: Koopacow
|-status|p1a: Koopacow|par
|
|turn|77
|choice|move 3|move 4
|
|move|p1a: Koopacow|Hyper Beam|p2a: Slowbro|[miss]
|-miss|p1a: Koopacow
|move|p2a: Slowbro|Rest|p2a: Slowbro
|-status|p2a: Slowbro|slp
|-heal|p2a: Slowbro|393\/393 slp|[silent]
|-status|p2a: Slowbro|slp|[from] move: Rest
|
|turn|78
|c|★Dice|vamos
|c|★Disaster Area|rip what a choke
|choice|move 1|move 1
|
|move|p1a: Koopacow|Body Slam|p2a: Slowbro
|-damage|p2a: Slowbro|304\/393 slp
|cant|p2a: Slowbro|slp
|
|turn|79
|choice|move 1|move 1
|
|move|p1a: Koopacow|Body Slam|p2a: Slowbro
|-damage|p2a: Slowbro|203\/393 slp
|-curestatus|p2a: Slowbro|slp
|
|turn|80
|choice|move 3|move 4
|
|move|p1a: Koopacow|Hyper Beam|p2a: Slowbro
|-damage|p2a: Slowbro|28\/393
|move|p2a: Slowbro|Rest|p2a: Slowbro
|-status|p2a: Slowbro|slp
|-heal|p2a: Slowbro|393\/393 slp|[silent]
|-status|p2a: Slowbro|slp|[from] move: Rest
|
|turn|81
|-mustrecharge|p1a: Koopacow
|-mustrecharge|p1a: Koopacow
|choice|move 1|move 1
|
|cant|p1a: Koopacow|recharge
|cant|p2a: Slowbro|slp
|
|turn|82
|choice|switch 2|move 1
|
|switch|p1a: Exeggutor|Exeggutor|393\/393
|-curestatus|p2a: Slowbro|slp
|
|turn|83
|choice|move 1|switch 6
|
|switch|p2a: Chansey|Chansey|607\/703 par
|move|p1a: Exeggutor|Sleep Powder|p2a: Chansey|[miss]
|-miss|p1a: Exeggutor
|
|turn|84
|choice|move 2|move 2
|
|move|p1a: Exeggutor|Psychic|p2a: Chansey
|-damage|p2a: Chansey|481\/703 par
|move|p2a: Chansey|Seismic Toss|p1a: Exeggutor
|-damage|p1a: Exeggutor|293\/393
|
|turn|85
|choice|switch 2|move 4
|
|switch|p1a: Koopacow|Tauros|353\/353 par
|move|p2a: Chansey|Thunder Wave|p1a: Koopacow
|-fail|p1a: Koopacow|par
|
|turn|86
|choice|move 3|switch 6
|
|switch|p2a: Slowbro|Slowbro|393\/393
|move|p1a: Koopacow|Hyper Beam|p2a: Slowbro
|-crit|p2a: Slowbro
|-damage|p2a: Slowbro|77\/393
|
|turn|87
|-mustrecharge|p1a: Koopacow
|c|★Disaster Area|misclicked xD
|-mustrecharge|p1a: Koopacow
|choice|move 1|move 1
|
|move|p2a: Slowbro|Psychic|p1a: Koopacow
|-damage|p1a: Koopacow|228\/353 par
|cant|p1a: Koopacow|recharge
|
|turn|88
|choice|move 1|move 4
|
|move|p2a: Slowbro|Rest|p2a: Slowbro
|-status|p2a: Slowbro|slp
|-heal|p2a: Slowbro|393\/393 slp|[silent]
|-status|p2a: Slowbro|slp|[from] move: Rest
|move|p1a: Koopacow|Body Slam|p2a: Slowbro
|-damage|p2a: Slowbro|305\/393 slp
|
|turn|89
|choice|move 1|move 1
|
|cant|p2a: Slowbro|slp
|move|p1a: Koopacow|Body Slam|p2a: Slowbro
|-crit|p2a: Slowbro
|-damage|p2a: Slowbro|117\/393 slp
|
|turn|90
|choice|move 3|switch 2
|
|switch|p2a: Gengar|Gengar|259\/323
|move|p1a: Koopacow|Hyper Beam|p2a: Gengar
|-immune|p2a: Gengar|[msg]
|
|turn|91
|choice|move 4|move 4
|
|move|p2a: Gengar|Night Shade|p1a: Koopacow
|-damage|p1a: Koopacow|128\/353 par
|move|p1a: Koopacow|Earthquake|p2a: Gengar
|-supereffective|p2a: Gengar
|-damage|p2a: Gengar|26\/323
|
|turn|92
|choice|switch 5|move 2
|
|switch|p1a: Alakazam|Alakazam|213\/313 slp
|move|p2a: Gengar|Thunderbolt|p1a: Alakazam
|-damage|p1a: Alakazam|146\/313 slp
|
|turn|93
|c| when you wonder|how long does a fucking rby game last
|c| when you wonder|its been 40- mins
|c|★Disaster Area|it depends
|c|★Disaster Area|just like in any other gen :O
|c|★Disaster Area|and tbh
|c|★Disaster Area|in my experience battle length is pretty comparable in RBY to like
|c|★Disaster Area|any other meta
|c|★Disaster Area|like say DPP or BW OU for example
|choice|switch 5|move 4
|
|switch|p1a: Koopacow|Tauros|128\/353 par
|move|p2a: Gengar|Night Shade|p1a: Koopacow
|-damage|p1a: Koopacow|28\/353 par
|
|turn|94
|choice|switch 2|move 2
|
|switch|p1a: Exeggutor|Exeggutor|293\/393
|move|p2a: Gengar|Thunderbolt|p1a: Exeggutor
|-resisted|p1a: Exeggutor
|-damage|p1a: Exeggutor|257\/393
|
|turn|95
|choice|move 2|move 3
|
|move|p2a: Gengar|Explosion|p1a: Exeggutor
|-crit|p1a: Exeggutor
|-damage|p1a: Exeggutor|0 fnt
|faint|p1a: Exeggutor
|faint|p2a: Gengar
|c|★Disaster Area|think crit mattered
|c|★Disaster Area|lol
|c|★Disaster Area|still i don't exactly
|c|★Disaster Area|see myself winning
|c|★Disaster Area|that wake on slowbro
|c|★Disaster Area|lost me the game
|choice|switch 4|switch 3
|
|switch|p2a: Snorlax|Snorlax|523\/523
|switch|p1a: Snorlax|Snorlax|523\/523 par
|turn|96
|choice|move 3|move 2
|
|move|p2a: Snorlax|Body Slam|p1a: Snorlax
|-damage|p1a: Snorlax|377\/523 par
|move|p1a: Snorlax|Reflect|p1a: Snorlax
|-start|p1a: Snorlax|Reflect
|
|turn|97
|choice|move 1|move 2
|
|move|p2a: Snorlax|Body Slam|p1a: Snorlax
|-damage|p1a: Snorlax|310\/523 par
|move|p1a: Snorlax|Body Slam|p2a: Snorlax
|-damage|p2a: Snorlax|390\/523
|
|turn|98
|choice|move 4|move 2
|
|move|p2a: Snorlax|Body Slam|p1a: Snorlax
|-damage|p1a: Snorlax|244\/523 par
|cant|p1a: Snorlax|par
|
|turn|99
|choice|move 4|move 4
|
|move|p2a: Snorlax|Self-Destruct|p1a: Snorlax
|-damage|p1a: Snorlax|17\/523 par
|faint|p2a: Snorlax
|choice||switch 4
|
|switch|p2a: Dragonite|Dragonite|283\/385
|turn|100
|choice|move 1|move 3
|
|move|p2a: Dragonite|Surf|p1a: Snorlax
|-crit|p1a: Snorlax
|-damage|p1a: Snorlax|0 fnt
|faint|p1a: Snorlax
|c|★Disaster Area|gg
|choice|switch 5|
|
|switch|p1a: Alakazam|Alakazam|146\/313 slp
|turn|101
|c|★Dice|wats hbeam calc
|choice|move 4|move 1
|
|cant|p1a: Alakazam|slp
|move|p2a: Dragonite|Hyper Beam|p1a: Alakazam
|-damage|p1a: Alakazam|0 fnt
|faint|p1a: Alakazam
|c|★Dice|i think it kills
|c|★Dice|ok yea
|c|★Dice|woulda been worried if it didnt.
|choice|switch 2|
|
|switch|p1a: Koopacow|Tauros|28\/353 par
|turn|102
|choice|move 1|move 3
|
|move|p2a: Dragonite|Surf|p1a: Koopacow
|-damage|p1a: Koopacow|0 fnt
|faint|p1a: Koopacow
|
|win|Dice
|leave|Dice
|player|p2
|leave|Disaster Area
|player|p1
|leave|nuubs