|join|AceDuff
|join|Noratraika
|player|p1|AceDuff|124
|player|p2|Noratraika|285
|gametype|singles
|gen|1
|tier|[Gen 1] Random Battle
|rated
|seed|8062,9031,39724,48796
|rule|Sleep Clause Mod: Limit one foe put to sleep
|rule|Freeze Clause Mod: Limit one foe frozen
|rule|HP Percentage Mod: HP is shown in percentages
|
|start
|switch|p1a: Scyther|Scyther, L90|309\/309
|switch|p2a: Nidoran-M|Nidoran-M, L96|283\/283
|turn|1
|choice|switch 5|move 1
|
|switch|p1a: Hypno|Hypno, L85|318\/318
|move|p2a: Nidoran-M|Substitute|p2a: Nidoran-M
|-start|p2a: Nidoran-M|Substitute
|-damage|p2a: Nidoran-M|213\/283
|
|turn|2
|choice|move 1|move 3
|
|move|p1a: Hypno|Psychic|p2a: Nidoran-M
|-supereffective|p2a: Nidoran-M
|-end|p2a: Nidoran-M|Substitute
|move|p2a: Nidoran-M|Body Slam|p1a: Hypno
|-damage|p1a: Hypno|255\/318
|
|turn|3
|choice|move 1|move 3
|
|move|p1a: Hypno|Psychic|p2a: Nidoran-M
|-supereffective|p2a: Nidoran-M
|-damage|p2a: Nidoran-M|0 fnt
|faint|p2a: Nidoran-M
|choice||switch 5
|
|switch|p2a: Charmeleon|Charmeleon, L85|272\/272
|turn|4
|choice|move 1|move 4
|
|move|p2a: Charmeleon|Seismic Toss|p1a: Hypno
|-damage|p1a: Hypno|170\/318
|move|p1a: Hypno|Psychic|p2a: Charmeleon
|-damage|p2a: Charmeleon|137\/272
|
|turn|5
|choice|move 1|move 2
|
|move|p2a: Charmeleon|Fire Blast|p1a: Hypno
|-damage|p1a: Hypno|91\/318
|move|p1a: Hypno|Psychic|p2a: Charmeleon
|-damage|p2a: Charmeleon|1\/272
|-unboost|p2a: Charmeleon|spd|1
|-unboost|p2a: Charmeleon|spa|1
|
|turn|6
|choice|move 1|move 4
|
|move|p2a: Charmeleon|Seismic Toss|p1a: Hypno
|-damage|p1a: Hypno|6\/318
|move|p1a: Hypno|Psychic|p2a: Charmeleon
|-damage|p2a: Charmeleon|0 fnt
|faint|p2a: Charmeleon
|choice||switch 2
|
|switch|p2a: Pidgey|Pidgey, L96|272\/272
|turn|7
|choice|move 4|move 1
|
|move|p2a: Pidgey|Double-Edge|p1a: Hypno
|-crit|p1a: Hypno
|-damage|p1a: Hypno|0 fnt
|-damage|p2a: Pidgey|271\/272|[from] recoil|[of] p1a: Hypno
|faint|p1a: Hypno
|choice|switch 2|
|
|switch|p1a: Omanyte|Omanyte, L96|262\/262
|turn|8
|choice|move 1|move 2
|
|move|p2a: Pidgey|Mimic|p1a: Omanyte
|-start|p2a: Pidgey|Mimic|Seismic Toss
|move|p1a: Omanyte|Blizzard|p2a: Pidgey
|-supereffective|p2a: Pidgey
|-damage|p2a: Pidgey|0 fnt
|faint|p2a: Pidgey
|choice||switch 6
|
|switch|p2a: Alakazam|Alakazam, L79|249\/249
|turn|9
|choice|move 4|move 1
|
|move|p2a: Alakazam|Psychic|p1a: Omanyte
|-damage|p1a: Omanyte|166\/262
|move|p1a: Omanyte|Seismic Toss|p2a: Alakazam
|-damage|p2a: Alakazam|153\/249
|
|turn|10
|choice|move 4|move 1
|
|move|p2a: Alakazam|Psychic|p1a: Omanyte
|-damage|p1a: Omanyte|68\/262
|move|p1a: Omanyte|Seismic Toss|p2a: Alakazam
|-damage|p2a: Alakazam|57\/249
|
|turn|11
|choice|move 4|move 3
|
|move|p2a: Alakazam|Recover|p2a: Alakazam
|-heal|p2a: Alakazam|181\/249
|move|p1a: Omanyte|Seismic Toss|p2a: Alakazam
|-damage|p2a: Alakazam|85\/249
|
|turn|12
|choice|move 4|move 3
|
|move|p2a: Alakazam|Recover|p2a: Alakazam
|-heal|p2a: Alakazam|209\/249
|move|p1a: Omanyte|Seismic Toss|p2a: Alakazam
|-damage|p2a: Alakazam|113\/249
|
|turn|13
|choice|move 4|move 3
|
|move|p2a: Alakazam|Recover|p2a: Alakazam
|-heal|p2a: Alakazam|237\/249
|move|p1a: Omanyte|Seismic Toss|p2a: Alakazam
|-damage|p2a: Alakazam|141\/249
|
|turn|14
|choice|move 4|move 3
|
|move|p2a: Alakazam|Recover|p2a: Alakazam
|-heal|p2a: Alakazam|249\/249
|move|p1a: Omanyte|Seismic Toss|p2a: Alakazam
|-damage|p2a: Alakazam|153\/249
|
|turn|15
|choice|move 4|move 1
|
|move|p2a: Alakazam|Psychic|p1a: Omanyte
|-damage|p1a: Omanyte|0 fnt
|faint|p1a: Omanyte
|choice|switch 5|
|
|switch|p1a: Scyther|Scyther, L90|309\/309
|turn|16
|choice|move 1|move 2
|
|move|p1a: Scyther|Slash|p2a: Alakazam
|-crit|p2a: Alakazam
|-damage|p2a: Alakazam|0 fnt
|faint|p2a: Alakazam
|choice||switch 3
|
|switch|p2a: Aerodactyl|Aerodactyl, L90|327\/327
|turn|17
|choice|switch 3|move 3
|
|switch|p1a: Weepinbell|Weepinbell, L85|284\/284
|move|p2a: Aerodactyl|Sky Attack|p1a: Weepinbell|[still]
|-prepare|p2a: Aerodactyl|Sky Attack|p1a: Weepinbell
|
|turn|18
|choice|move 3|move 1
|
|move|p2a: Aerodactyl|Sky Attack|p1a: Weepinbell
|-supereffective|p1a: Weepinbell
|-damage|p1a: Weepinbell|0 fnt
|faint|p1a: Weepinbell
|choice|switch 4|
|
|switch|p1a: Arbok|Arbok, L90|291\/291
|turn|19
|choice|move 4|switch 4
|
|switch|p2a: Beedrill|Beedrill, L90|300\/300
|move|p1a: Arbok|Glare|p2a: Beedrill
|-status|p2a: Beedrill|par
|
|turn|20
|choice|move 2|move 3
|
|move|p1a: Arbok|Earthquake|p2a: Beedrill
|-damage|p2a: Beedrill|200\/300 par
|move|p2a: Beedrill|Twineedle|p1a: Arbok
|-supereffective|p1a: Arbok
|-damage|p1a: Arbok|235\/291
|-damage|p1a: Arbok|179\/291
|-hitcount|p1a: Arbok|2
|
|turn|21
|choice|switch 3|move 3
|
|switch|p1a: Scyther|Scyther, L90|309\/309
|cant|p2a: Beedrill|par
|
|turn|22
|choice|move 1|move 4
|
|move|p1a: Scyther|Slash|p2a: Beedrill
|-crit|p2a: Beedrill
|-damage|p2a: Beedrill|22\/300 par
|cant|p2a: Beedrill|par
|
|turn|23
|choice|move 2|move 1
|
|move|p1a: Scyther|Swords Dance|p1a: Scyther
|-boost|p1a: Scyther|atk|2
|move|p2a: Beedrill|Hyper Beam|p1a: Scyther
|-damage|p1a: Scyther|194\/309
|
|turn|24
|-mustrecharge|p2a: Beedrill
|-mustrecharge|p2a: Beedrill
|choice|move 2|move 1
|
|move|p1a: Scyther|Swords Dance|p1a: Scyther
|-boost|p1a: Scyther|atk|2
|cant|p2a: Beedrill|recharge
|
|turn|25
|choice|move 1|move 4
|
|move|p1a: Scyther|Slash|p2a: Beedrill
|-crit|p2a: Beedrill
|-damage|p2a: Beedrill|0 fnt
|faint|p2a: Beedrill
|choice||switch 4
|
|switch|p2a: Aerodactyl|Aerodactyl, L90|327\/327
|turn|26
|choice|move 1|move 3
|
|move|p2a: Aerodactyl|Sky Attack|p1a: Scyther|[still]
|-prepare|p2a: Aerodactyl|Sky Attack|p1a: Scyther
|move|p1a: Scyther|Slash|p2a: Aerodactyl
|-crit|p2a: Aerodactyl
|-resisted|p2a: Aerodactyl
|-damage|p2a: Aerodactyl|259\/327
|
|turn|27
|choice|move 1|move 1
|
|move|p2a: Aerodactyl|Sky Attack|p1a: Scyther
|-supereffective|p1a: Scyther
|-damage|p1a: Scyther|0 fnt
|faint|p1a: Scyther
|choice|switch 3|
|
|switch|p1a: Arbok|Arbok, L90|179\/291
|turn|28
|choice|move 4|move 4
|
|move|p2a: Aerodactyl|Double-Edge|p1a: Arbok
|-damage|p1a: Arbok|91\/291
|-damage|p2a: Aerodactyl|237\/327|[from] recoil|[of] p1a: Arbok
|move|p1a: Arbok|Glare|p2a: Aerodactyl|[miss]
|-miss|p1a: Arbok
|
|turn|29
|choice|move 4|move 4
|
|move|p2a: Aerodactyl|Double-Edge|p1a: Arbok
|-crit|p1a: Arbok
|-damage|p1a: Arbok|0 fnt
|-damage|p2a: Aerodactyl|215\/327|[from] recoil|[of] p1a: Arbok
|faint|p1a: Arbok
|choice|switch 6|
|
|switch|p1a: Kadabra|Kadabra, L85|242\/242
|turn|30
|choice|move 1|move 4
|
|move|p2a: Aerodactyl|Double-Edge|p1a: Kadabra
|-damage|p1a: Kadabra|86\/242
|-damage|p2a: Aerodactyl|176\/327|[from] recoil|[of] p1a: Kadabra
|move|p1a: Kadabra|Psychic|p2a: Aerodactyl
|-damage|p2a: Aerodactyl|51\/327
|
|turn|31
|choice|move 1|move 4
|
|move|p2a: Aerodactyl|Double-Edge|p1a: Kadabra
|-damage|p1a: Kadabra|0 fnt
|-damage|p2a: Aerodactyl|30\/327|[from] recoil|[of] p1a: Kadabra
|faint|p1a: Kadabra
|
|win|Noratraika
|raw|AceDuff's rating: 1022 &rarr; <strong>1013<\/strong><br \/>(-9 for losing)
|raw|Noratraika's rating: 1139 &rarr; <strong>1156<\/strong><br \/>(+17 for winning)
|c|★AceDuff|gg
|leave|AceDuff
|player|p1