|join|kid gf lol
|join|HANKHANKHANK
|player|p1|kid gf lol|167
|player|p2|HANKHANKHANK|1
|gametype|singles
|gen|1
|tier|[Gen 1] OU (beta)
|rated
|rule|Sleep Clause Mod: Limit one foe put to sleep
|rule|Species Clause: Limit one of each Pokemon
|rule|OHKO Clause: OHKO moves are banned
|rule|Moody Clause: Moody is banned
|rule|Evasion Moves Clause: Evasion moves are banned
|rule|Endless Battle Clause: Forcing endless battles is banned.
|rule|HP Percentage Mod: HP is reported as percentages
|
|start
|switch|p1a: Mr Mime|Jynx|333\/333
|switch|p2a: Exeggutor|Exeggutor|393\/393
|turn|1
|join|Bacon & Cheese
|
|move|p1a: Mr Mime|Lovely Kiss|p2a: Exeggutor
|-status|p2a: Exeggutor|slp
|cant|p2a: Exeggutor|slp
|
|turn|2
|
|switch|p2a: Lapras|Lapras|463\/463
|move|p1a: Mr Mime|Blizzard|p2a: Lapras
|-resisted|p2a: Lapras
|-damage|p2a: Lapras|430\/463
|
|turn|3
|
|move|p1a: Mr Mime|Psychic|p2a: Lapras
|-crit|p2a: Lapras
|-damage|p2a: Lapras|230\/463
|move|p2a: Lapras|Confuse Ray|p1a: Mr Mime
|-start|p1a: Mr Mime|confusion
|
|turn|4
|
|-activate|p1a: Mr Mime|confusion
|-damage|p1a: Mr Mime|294\/333|[from] confusion
|move|p2a: Lapras|Body Slam|p1a: Mr Mime
|-damage|p1a: Mr Mime|193\/333
|-status|p1a: Mr Mime|par
|
|turn|5
|
|switch|p1a: Breakfast Pouch|Chansey|703\/703
|move|p2a: Lapras|Body Slam|p1a: Breakfast Pouch
|-damage|p1a: Breakfast Pouch|542\/703
|
|turn|6
|
|switch|p2a: Chansey|Chansey|703\/703
|move|p1a: Breakfast Pouch|Thunderbolt|p2a: Chansey
|-damage|p2a: Chansey|626\/703
|
|turn|7
|
|switch|p1a: Mr Mime|Jynx|193\/333 par
|move|p2a: Chansey|Reflect|p2a: Chansey
|
|turn|8
|
|move|p2a: Chansey|Ice Beam|p1a: Mr Mime
|-resisted|p1a: Mr Mime
|-damage|p1a: Mr Mime|154\/333 par
|move|p1a: Mr Mime|Psychic|p2a: Chansey
|-damage|p2a: Chansey|529\/703
|-unboost|p2a: Chansey|spd|1
|-unboost|p2a: Chansey|spa|1
|
|turn|9
|
|switch|p2a: Alakazam|Alakazam|313\/313
|move|p1a: Mr Mime|Blizzard|p2a: Alakazam
|-damage|p2a: Alakazam|201\/313
|
|turn|10
|
|move|p2a: Alakazam|Psychic|p1a: Mr Mime
|-resisted|p1a: Mr Mime
|-damage|p1a: Mr Mime|83\/333 par
|move|p1a: Mr Mime|Blizzard|p2a: Alakazam
|-damage|p2a: Alakazam|99\/313
|
|turn|11
|
|move|p2a: Alakazam|Recover|p2a: Alakazam
|-heal|p2a: Alakazam|255\/313
|move|p1a: Mr Mime|Blizzard|p2a: Alakazam
|-crit|p2a: Alakazam
|-damage|p2a: Alakazam|39\/313
|
|turn|12
|
|move|p2a: Alakazam|Recover|p2a: Alakazam
|-heal|p2a: Alakazam|195\/313
|move|p1a: Mr Mime|Psychic|p2a: Alakazam
|-resisted|p2a: Alakazam
|-damage|p2a: Alakazam|157\/313
|
|turn|13
|
|move|p2a: Alakazam|Recover|p2a: Alakazam
|-heal|p2a: Alakazam|313\/313
|cant|p1a: Mr Mime|par
|
|turn|14
|
|move|p2a: Alakazam|Psychic|p1a: Mr Mime
|-resisted|p1a: Mr Mime
|-damage|p1a: Mr Mime|16\/333 par
|cant|p1a: Mr Mime|par
|
|turn|15
|
|switch|p1a: Breakfast Pouch|Chansey|542\/703
|move|p2a: Alakazam|Psychic|p1a: Breakfast Pouch
|-damage|p1a: Breakfast Pouch|421\/703
|
|turn|16
|
|switch|p2a: Chansey|Chansey|529\/703
|move|p1a: Breakfast Pouch|Ice Beam|p2a: Chansey
|-damage|p2a: Chansey|458\/703
|
|turn|17
|
|move|p2a: Chansey|Ice Beam|p1a: Breakfast Pouch
|-damage|p1a: Breakfast Pouch|345\/703
|move|p1a: Breakfast Pouch|Ice Beam|p2a: Chansey
|-damage|p2a: Chansey|381\/703
|
|turn|18
|
|move|p2a: Chansey|Ice Beam|p1a: Breakfast Pouch
|-damage|p1a: Breakfast Pouch|267\/703
|move|p1a: Breakfast Pouch|Soft-Boiled|p1a: Breakfast Pouch
|-heal|p1a: Breakfast Pouch|618\/703
|
|turn|19
|
|move|p2a: Chansey|Ice Beam|p1a: Breakfast Pouch
|-damage|p1a: Breakfast Pouch|542\/703
|move|p1a: Breakfast Pouch|Ice Beam|p2a: Chansey
|-damage|p2a: Chansey|309\/703
|
|turn|20
|
|move|p1a: Breakfast Pouch|Ice Beam|p2a: Chansey
|-damage|p2a: Chansey|237\/703
|-status|p2a: Chansey|frz
|cant|p2a: Chansey|frz
|
|turn|21
|
|switch|p2a: Alakazam|Alakazam|313\/313
|move|p1a: Breakfast Pouch|Ice Beam|p2a: Alakazam
|-damage|p2a: Alakazam|246\/313
|
|turn|22
|
|move|p2a: Alakazam|Thunder Wave|p1a: Breakfast Pouch
|-status|p1a: Breakfast Pouch|par
|cant|p1a: Breakfast Pouch|par
|
|turn|23
|
|switch|p2a: Rhydon|Rhydon|413\/413
|move|p1a: Breakfast Pouch|Thunder Wave|p2a: Rhydon
|-immune|p2a: Rhydon|[msg]
|
|turn|24
|
|switch|p1a: Result of Incest|Exeggutor|393\/393
|move|p2a: Rhydon|Rock Slide|p1a: Result of Incest
|-crit|p1a: Result of Incest
|-damage|p1a: Result of Incest|146\/393
|
|turn|25
|
|switch|p2a: Alakazam|Alakazam|246\/313
|move|p1a: Result of Incest|Psychic|p2a: Alakazam
|-resisted|p2a: Alakazam
|-damage|p2a: Alakazam|198\/313
|
|turn|26
|
|move|p2a: Alakazam|Reflect|p2a: Alakazam
|move|p1a: Result of Incest|Stun Spore|p2a: Alakazam|[miss]
|-miss|p1a: Result of Incest
|
|turn|27
|
|switch|p2a: Exeggutor|Exeggutor|393\/393 slp
|move|p1a: Result of Incest|Stun Spore|p2a: Exeggutor
|-fail|p2a: Exeggutor
|
|turn|28
|
|cant|p2a: Exeggutor|slp
|move|p1a: Result of Incest|Explosion|p2a: Exeggutor
|-damage|p2a: Exeggutor|110\/393 slp
|faint|p1a: Result of Incest
|join|BertBert
|
|switch|p1a: GhostInaShell|Cloyster|303\/303
|turn|29
|
|switch|p2a: Chansey|Chansey|237\/703 frz
|move|p1a: GhostInaShell|Blizzard|p2a: Chansey
|-damage|p2a: Chansey|124\/703 frz
|
|turn|30
|
|move|p1a: GhostInaShell|Blizzard|p2a: Chansey
|-damage|p2a: Chansey|10\/703 frz
|cant|p2a: Chansey|frz
|
|turn|31
|
|switch|p1a: Breakfast Pouch|Chansey|542\/703 par
|cant|p2a: Chansey|frz
|
|turn|32
|
|switch|p2a: Tauros|Tauros|353\/353
|switch|p1a: GhostInaShell|Cloyster|303\/303
|
|turn|33
|
|move|p2a: Tauros|Body Slam|p1a: GhostInaShell
|-damage|p1a: GhostInaShell|235\/303
|move|p1a: GhostInaShell|Blizzard|p2a: Tauros
|-damage|p2a: Tauros|187\/353
|
|turn|34
|
|switch|p2a: Chansey|Chansey|10\/703 frz
|move|p1a: GhostInaShell|Blizzard|p2a: Chansey
|-damage|p2a: Chansey|0 fnt
|faint|p2a: Chansey
|
|
|switch|p2a: Alakazam|Alakazam|198\/313
|turn|35
|
|switch|p2a: Tauros|Tauros|187\/353
|switch|p1a: Breakfast Pouch|Chansey|542\/703 par
|
|turn|36
|
|move|p2a: Tauros|Body Slam|p1a: Breakfast Pouch
|-damage|p1a: Breakfast Pouch|280\/703 par
|move|p1a: Breakfast Pouch|Ice Beam|p2a: Tauros
|-damage|p2a: Tauros|96\/353
|
|turn|37
|
|switch|p1a: GhostInaShell|Cloyster|235\/303
|move|p2a: Tauros|Earthquake|p1a: GhostInaShell
|-crit|p1a: GhostInaShell
|-damage|p1a: GhostInaShell|138\/303
|
|turn|38
|
|switch|p2a: Lapras|Lapras|230\/463
|move|p1a: GhostInaShell|Clamp|p2a: Lapras
|-resisted|p2a: Lapras
|-damage|p2a: Lapras|211\/463
|-activate|p2a: Lapras|move: Clamp|[of] p1a: GhostInaShell
|
|turn|39
|
|switch|p2a: Exeggutor|Exeggutor|110\/393 slp
|move|p1a: GhostInaShell|Clamp|p2a: Exeggutor
|-crit|p2a: Exeggutor
|-resisted|p2a: Exeggutor
|-damage|p2a: Exeggutor|80\/393 slp
|-activate|p2a: Exeggutor|move: Clamp|[of] p1a: GhostInaShell
|
|turn|40
|
|move|p1a: GhostInaShell|Clamp|p2a: Exeggutor
|-damage|p2a: Exeggutor|61\/393 slp
|cant|p2a: Exeggutor|slp
|-curestatus|p2a: Exeggutor|slp
|
|-end|p2a: Exeggutor|Clamp|[partiallytrapped]
|turn|41
|
|switch|p2a: Lapras|Lapras|211\/463
|move|p1a: GhostInaShell|Blizzard|p2a: Lapras
|-resisted|p2a: Lapras
|-damage|p2a: Lapras|178\/463
|
|turn|42
|
|move|p1a: GhostInaShell|Clamp|p2a: Lapras
|-crit|p2a: Lapras
|-resisted|p2a: Lapras
|-damage|p2a: Lapras|141\/463
|-activate|p2a: Lapras|move: Clamp|[of] p1a: GhostInaShell
|cant|p2a: Lapras|partiallytrapped
|
|turn|43
|
|move|p1a: GhostInaShell|Clamp|p2a: Lapras
|-damage|p2a: Lapras|104\/463
|cant|p2a: Lapras|partiallytrapped
|
|-end|p2a: Lapras|Clamp|[partiallytrapped]
|turn|44
|
|move|p1a: GhostInaShell|Hyper Beam|p2a: Lapras
|-damage|p2a: Lapras|0 fnt
|faint|p2a: Lapras
|
|
|switch|p2a: Alakazam|Alakazam|198\/313
|turn|45
|
|switch|p1a: Mr Mime|Jynx|16\/333 par
|move|p2a: Alakazam|Psychic|p1a: Mr Mime
|-resisted|p1a: Mr Mime
|-damage|p1a: Mr Mime|0 fnt
|faint|p1a: Mr Mime
|
|
|switch|p1a: Breakfast Pouch|Chansey|280\/703 par
|turn|46
|
|switch|p2a: Exeggutor|Exeggutor|61\/393
|move|p1a: Breakfast Pouch|Soft-Boiled|p1a: Breakfast Pouch
|-heal|p1a: Breakfast Pouch|631\/703 par
|
|turn|47
|
|move|p2a: Exeggutor|Sleep Powder|p1a: Breakfast Pouch
|-fail|p1a: Breakfast Pouch
|move|p1a: Breakfast Pouch|Ice Beam|p2a: Exeggutor
|-supereffective|p2a: Exeggutor
|-damage|p2a: Exeggutor|0 fnt
|faint|p2a: Exeggutor
|
|
|switch|p2a: Tauros|Tauros|96\/353
|turn|48
|
|move|p2a: Tauros|Hyper Beam|p1a: Breakfast Pouch
|-damage|p1a: Breakfast Pouch|114\/703 par
|move|p1a: Breakfast Pouch|Ice Beam|p2a: Tauros
|-damage|p2a: Tauros|0 fnt
|faint|p2a: Tauros
|
|
|switch|p2a: Alakazam|Alakazam|198\/313
|turn|49
|
|switch|p1a: Zam Lead|Alakazam|313\/313
|move|p2a: Alakazam|Psychic|p1a: Zam Lead
|-crit|p1a: Zam Lead
|-resisted|p1a: Zam Lead
|-damage|p1a: Zam Lead|211\/313
|
|turn|50
|
|switch|p2a: Rhydon|Rhydon|413\/413
|move|p1a: Zam Lead|Reflect|p1a: Zam Lead
|
|turn|51
|
|move|p1a: Zam Lead|Psychic|p2a: Rhydon
|-damage|p2a: Rhydon|204\/413
|move|p2a: Rhydon|Earthquake|p1a: Zam Lead
|-damage|p1a: Zam Lead|106\/313
|
|turn|52
|
|move|p1a: Zam Lead|Recover|p1a: Zam Lead
|-heal|p1a: Zam Lead|262\/313
|move|p2a: Rhydon|Earthquake|p1a: Zam Lead
|-damage|p1a: Zam Lead|151\/313
|
|turn|53
|
|move|p1a: Zam Lead|Psychic|p2a: Rhydon
|-crit|p2a: Rhydon
|-damage|p2a: Rhydon|0 fnt
|faint|p2a: Rhydon
|
|-message|HANKHANKHANK forfeited.
|
|win|kid gf lol
|raw|Ladder updating...
|leave|HANKHANKHANK
|player|p2
|raw|kid gf lol's rating: 1429 &rarr; <strong>1441<\/strong><br \/>(+12 for winning)
|raw|HANKHANKHANK's rating: 1275 &rarr; <strong>1260<\/strong><br \/>(-15 for losing)
|leave|kid gf lol
|player|p1
|leave|BertBert