|join|MALESANI
|join|magnet420
|player|p1|MALESANI|238
|player|p2|magnet420|169
|gametype|singles
|gen|1
|tier|[Gen 1] Random Battle
|rated
|seed|62407,26096,45105,14105
|rule|Sleep Clause Mod: Limit one foe put to sleep
|rule|Freeze Clause Mod: Limit one foe frozen
|rule|HP Percentage Mod: HP is shown in percentages
|
|start
|switch|p1a: Tentacool|Tentacool, L96|272\/272
|switch|p2a: Machop|Machop, L96|329\/329
|turn|1
|choice|move 2|move 3
|
|move|p1a: Tentacool|Hydro Pump|p2a: Machop
|-damage|p2a: Machop|102\/329
|move|p2a: Machop|Mega Kick|p1a: Tentacool
|-damage|p1a: Tentacool|137\/272
|
|turn|2
|choice|move 2|move 3
|
|move|p1a: Tentacool|Hydro Pump|p2a: Machop
|-damage|p2a: Machop|0 fnt
|faint|p2a: Machop
|choice||switch 2
|
|switch|p2a: Raichu|Raichu, L85|276\/276
|turn|3
|choice|switch 4|move 2
|
|switch|p1a: Exeggutor|Exeggutor, L79|312\/312
|move|p2a: Raichu|Thunderbolt|p1a: Exeggutor
|-resisted|p1a: Exeggutor
|-damage|p1a: Exeggutor|274\/312
|
|turn|4
|choice|move 1|move 3
|
|move|p2a: Raichu|Hyper Beam|p1a: Exeggutor
|-damage|p1a: Exeggutor|154\/312
|move|p1a: Exeggutor|Sleep Powder|p2a: Raichu
|-status|p2a: Raichu|slp
|
|turn|5
|-mustrecharge|p2a: Raichu
|-mustrecharge|p2a: Raichu
|choice|move 2|move 1
|
|cant|p2a: Raichu|recharge
|move|p1a: Exeggutor|Psychic|p2a: Raichu
|-damage|p2a: Raichu|178\/276 slp
|
|turn|6
|choice|move 2|move 3
|
|cant|p2a: Raichu|slp
|move|p1a: Exeggutor|Psychic|p2a: Raichu
|-damage|p2a: Raichu|86\/276 slp
|
|turn|7
|choice|move 2|move 3
|
|cant|p2a: Raichu|slp
|move|p1a: Exeggutor|Psychic|p2a: Raichu
|-damage|p2a: Raichu|0 fnt
|faint|p2a: Raichu
|choice||switch 3
|
|switch|p2a: Onix|Onix, L90|246\/246
|turn|8
|choice|move 1|move 2
|
|move|p2a: Onix|Earthquake|p1a: Exeggutor
|-resisted|p1a: Exeggutor
|-damage|p1a: Exeggutor|112\/312
|move|p1a: Exeggutor|Sleep Powder|p2a: Onix|[miss]
|-miss|p1a: Exeggutor
|
|turn|9
|choice|move 2|move 4
|
|move|p2a: Onix|Toxic|p1a: Exeggutor
|-status|p1a: Exeggutor|tox
|move|p1a: Exeggutor|Psychic|p2a: Onix
|-damage|p2a: Onix|96\/246
|-damage|p1a: Exeggutor|93\/312 tox|[from] tox|[of] p2a: Onix
|
|turn|10
|choice|move 2|move 3
|
|move|p2a: Onix|Rock Slide|p1a: Exeggutor|[miss]
|-miss|p2a: Onix
|move|p1a: Exeggutor|Psychic|p2a: Onix
|-damage|p2a: Onix|0 fnt
|faint|p2a: Onix
|choice||switch 4
|
|switch|p2a: Sandslash|Sandslash, L85|301\/301
|turn|11
|choice|move 3|move 3
|
|move|p2a: Sandslash|Hyper Beam|p1a: Exeggutor|[miss]
|-miss|p2a: Sandslash
|move|p1a: Exeggutor|Explosion|p2a: Sandslash
|-damage|p2a: Sandslash|126\/301
|faint|p1a: Exeggutor
|choice|switch 4|
|
|switch|p1a: Tentacool|Tentacool, L96|137\/272
|turn|12
|choice|move 2|move 3
|
|move|p1a: Tentacool|Hydro Pump|p2a: Sandslash
|-supereffective|p2a: Sandslash
|-damage|p2a: Sandslash|0 fnt
|faint|p2a: Sandslash
|choice||switch 5
|
|switch|p2a: Poliwhirl|Poliwhirl, L85|284\/284
|turn|13
|choice|switch 6|move 3
|
|switch|p1a: Jolteon|Jolteon, L79|265\/265
|move|p2a: Poliwhirl|Hypnosis|p1a: Jolteon
|-status|p1a: Jolteon|slp
|
|turn|14
|choice|switch 2|move 4
|
|switch|p1a: Ditto|Ditto, L99|296\/296
|move|p2a: Poliwhirl|Psychic|p1a: Ditto
|-damage|p1a: Ditto|239\/296
|
|turn|15
|choice|move 1|move 2
|
|move|p2a: Poliwhirl|Blizzard|p1a: Ditto
|-damage|p1a: Ditto|168\/296
|move|p1a: Ditto|Transform|p2a: Poliwhirl
|-transform|p1a: Ditto|p2a: Poliwhirl
|
|turn|16
|choice|move 3|move 3
|
|move|p2a: Poliwhirl|Hypnosis|p1a: Ditto
|-message|Sleep Clause Mod activated.
|move|p1a: Ditto|Hypnosis|p2a: Poliwhirl
|-status|p2a: Poliwhirl|slp
|
|turn|17
|choice|move 1|move 2
|
|-curestatus|p2a: Poliwhirl|slp
|move|p1a: Ditto|Amnesia|p1a: Ditto
|-boost|p1a: Ditto|spd|2
|-boost|p1a: Ditto|spa|2
|
|turn|18
|choice|move 1|move 3
|
|move|p2a: Poliwhirl|Hypnosis|p1a: Ditto
|-message|Sleep Clause Mod activated.
|move|p1a: Ditto|Amnesia|p1a: Ditto
|-boost|p1a: Ditto|spd|2
|-boost|p1a: Ditto|spa|2
|
|turn|19
|choice|move 4|move 3
|
|move|p2a: Poliwhirl|Hypnosis|p1a: Ditto|[miss]
|-miss|p2a: Poliwhirl
|move|p1a: Ditto|Psychic|p2a: Poliwhirl
|-damage|p2a: Poliwhirl|32\/284
|
|turn|20
|choice|move 1|move 3
|
|move|p2a: Poliwhirl|Hypnosis|p1a: Ditto
|-message|Sleep Clause Mod activated.
|move|p1a: Ditto|Amnesia|p1a: Ditto
|-boost|p1a: Ditto|spd|2
|-boost|p1a: Ditto|spa|2
|
|turn|21
|choice|move 4|move 3
|
|move|p2a: Poliwhirl|Hypnosis|p1a: Ditto|[miss]
|-miss|p2a: Poliwhirl
|move|p1a: Ditto|Psychic|p2a: Poliwhirl
|-damage|p2a: Poliwhirl|0 fnt
|faint|p2a: Poliwhirl
|c|★magnet420|bullshit
|choice||switch 6
|
|switch|p2a: Seaking|Seaking, L90|327\/327
|turn|22
|choice|move 4|move 4
|
|move|p2a: Seaking|Hyper Beam|p1a: Ditto
|-damage|p1a: Ditto|31\/296
|move|p1a: Ditto|Psychic|p2a: Seaking
|-damage|p2a: Seaking|91\/327
|-unboost|p2a: Seaking|spd|1
|-unboost|p2a: Seaking|spa|1
|
|turn|23
|-mustrecharge|p2a: Seaking
|c|★magnet420|gg
|-message|magnet420 forfeited.
|
|win|MALESANI
|leave|magnet420
|player|p2
|raw|MALESANI's rating: 1314 &rarr; <strong>1323<\/strong><br \/>(+9 for winning)
|raw|magnet420's rating: 1114 &rarr; <strong>1102<\/strong><br \/>(-12 for losing)