|join|Peasounay
|join|Mirabel
|player|p1|Peasounay|101
|player|p2|Mirabel|260
|gametype|singles
|gen|1
|tier|[Gen 1] OU
|rated
|rule|Sleep Clause Mod: Limit one foe put to sleep
|rule|Freeze Clause Mod: Limit one foe frozen
|rule|Species Clause: Limit one of each Pokémon
|rule|OHKO Clause: OHKO moves are banned
|rule|Evasion Moves Clause: Evasion moves are banned
|rule|HP Percentage Mod: HP is shown in percentages
|
|start
|switch|p1a: Shoooryuken!|Starmie|323\/323
|switch|p2a: フーディン|Alakazam|313\/313
|turn|1
|
|switch|p1a: I Own RBY|Chansey|703\/703
|move|p2a: フーディン|Seismic Toss|p1a: I Own RBY
|-damage|p1a: I Own RBY|603\/703
|
|turn|2
|c|★Peasounay|hi
|
|move|p2a: フーディン|Psychic|p1a: I Own RBY
|-damage|p1a: I Own RBY|472\/703
|-unboost|p1a: I Own RBY|spd|1
|-unboost|p1a: I Own RBY|spa|1
|move|p1a: I Own RBY|Ice Beam|p2a: フーディン
|-damage|p2a: フーディン|273\/313
|
|turn|3
|
|move|p2a: フーディン|Psychic|p1a: I Own RBY
|-damage|p1a: I Own RBY|290\/703
|move|p1a: I Own RBY|Soft-Boiled|p1a: I Own RBY
|-heal|p1a: I Own RBY|641\/703
|
|turn|4
|
|move|p2a: フーディン|Psychic|p1a: I Own RBY
|-damage|p1a: I Own RBY|435\/703
|move|p1a: I Own RBY|Thunder Wave|p2a: フーディン
|-status|p2a: フーディン|par
|
|turn|5
|
|move|p1a: I Own RBY|Thunderbolt|p2a: フーディン
|-damage|p2a: フーディン|235\/313 par
|move|p2a: フーディン|Psychic|p1a: I Own RBY
|-damage|p1a: I Own RBY|241\/703
|
|turn|6
|
|move|p1a: I Own RBY|Soft-Boiled|p1a: I Own RBY
|-heal|p1a: I Own RBY|592\/703
|move|p2a: フーディン|Psychic|p1a: I Own RBY
|-damage|p1a: I Own RBY|383\/703
|
|turn|7
|
|move|p1a: I Own RBY|Soft-Boiled|p1a: I Own RBY
|-heal|p1a: I Own RBY|703\/703
|cant|p2a: フーディン|par
|
|turn|8
|
|switch|p1a: So Msexy|Zapdos|383\/383
|cant|p2a: フーディン|par
|
|turn|9
|
|move|p1a: So Msexy|Light Screen|p1a: So Msexy
|-start|p1a: So Msexy|Light Screen
|move|p2a: フーディン|Thunder Wave|p1a: So Msexy
|-status|p1a: So Msexy|par
|
|turn|10
|
|switch|p2a: カビゴン|Snorlax|523\/523
|cant|p1a: So Msexy|par
|
|turn|11
|
|move|p2a: カビゴン|Body Slam|p1a: So Msexy
|-crit|p1a: So Msexy
|-damage|p1a: So Msexy|135\/383 par
|move|p1a: So Msexy|Thunderbolt|p2a: カビゴン
|-damage|p2a: カビゴン|339\/523
|
|turn|12
|
|move|p2a: カビゴン|Body Slam|p1a: So Msexy
|-damage|p1a: So Msexy|13\/383 par
|move|p1a: So Msexy|Rest|p1a: So Msexy
|-status|p1a: So Msexy|slp
|-heal|p1a: So Msexy|383\/383 slp|[silent]
|-status|p1a: So Msexy|slp|[from] move: Rest
|
|turn|13
|
|move|p2a: カビゴン|Body Slam|p1a: So Msexy
|-crit|p1a: So Msexy
|-damage|p1a: So Msexy|148\/383 slp
|cant|p1a: So Msexy|slp
|
|turn|14
|
|move|p2a: カビゴン|Hyper Beam|p1a: So Msexy
|-damage|p1a: So Msexy|0 fnt
|faint|p1a: So Msexy
|
|switch|p1a: got3headsLOL|Exeggutor|393\/393
|turn|15
|
|switch|p2a: フーディン|Alakazam|235\/313 par
|move|p1a: got3headsLOL|Mega Drain|p2a: フーディン
|-damage|p2a: フーディン|189\/313 par
|
|turn|16
|
|switch|p1a: I Own RBY|Chansey|703\/703
|move|p2a: フーディン|Psychic|p1a: I Own RBY
|-crit|p1a: I Own RBY
|-damage|p1a: I Own RBY|456\/703
|
|turn|17
|
|move|p1a: I Own RBY|Thunderbolt|p2a: フーディン
|-damage|p2a: フーディン|127\/313 par
|move|p2a: フーディン|Recover|p2a: フーディン
|-heal|p2a: フーディン|283\/313 par
|
|turn|18
|
|switch|p2a: ナッシー|Exeggutor|393\/393
|move|p1a: I Own RBY|Soft-Boiled|p1a: I Own RBY
|-heal|p1a: I Own RBY|703\/703
|
|turn|19
|
|switch|p1a: Shoooryuken!|Starmie|323\/323
|move|p2a: ナッシー|Sleep Powder|p1a: Shoooryuken!
|-status|p1a: Shoooryuken!|slp
|
|turn|20
|
|-curestatus|p1a: Shoooryuken!|slp
|move|p2a: ナッシー|Psychic|p1a: Shoooryuken!
|-crit|p1a: Shoooryuken!
|-resisted|p1a: Shoooryuken!
|-damage|p1a: Shoooryuken!|193\/323
|-unboost|p1a: Shoooryuken!|spd|1
|-unboost|p1a: Shoooryuken!|spa|1
|
|turn|21
|
|move|p1a: Shoooryuken!|Blizzard|p2a: ナッシー
|-supereffective|p2a: ナッシー
|-damage|p2a: ナッシー|282\/393
|move|p2a: ナッシー|Sleep Powder|p1a: Shoooryuken!
|-status|p1a: Shoooryuken!|slp
|
|turn|22
|
|cant|p1a: Shoooryuken!|slp
|move|p2a: ナッシー|Psychic|p1a: Shoooryuken!
|-resisted|p1a: Shoooryuken!
|-damage|p1a: Shoooryuken!|91\/323 slp
|
|turn|23
|
|switch|p1a: got3headsLOL|Exeggutor|393\/393
|move|p2a: ナッシー|Psychic|p1a: got3headsLOL
|-resisted|p1a: got3headsLOL
|-damage|p1a: got3headsLOL|341\/393
|
|turn|24
|
|switch|p2a: フーディン|Alakazam|283\/313 par
|move|p1a: got3headsLOL|Psychic|p2a: フーディン
|-resisted|p2a: フーディン
|-damage|p2a: フーディン|232\/313 par
|-unboost|p2a: フーディン|spd|1
|-unboost|p2a: フーディン|spa|1
|
|turn|25
|
|switch|p2a: ラッキー|Chansey|703\/703
|move|p1a: got3headsLOL|Sleep Powder|p2a: ラッキー|[miss]
|-miss|p1a: got3headsLOL
|
|turn|26
|c|★Peasounay|damn lol
|c|★Mirabel|haha
|
|switch|p2a: フーディン|Alakazam|232\/313 par
|move|p1a: got3headsLOL|Psychic|p2a: フーディン
|-resisted|p2a: フーディン
|-damage|p2a: フーディン|180\/313 par
|
|turn|27
|
|move|p1a: got3headsLOL|Psychic|p2a: フーディン
|-resisted|p2a: フーディン
|-damage|p2a: フーディン|132\/313 par
|-unboost|p2a: フーディン|spd|1
|-unboost|p2a: フーディン|spa|1
|move|p2a: フーディン|Recover|p2a: フーディン
|-heal|p2a: フーディン|288\/313 par
|
|turn|28
|
|move|p1a: got3headsLOL|Psychic|p2a: フーディン
|-resisted|p2a: フーディン
|-damage|p2a: フーディン|213\/313 par
|-unboost|p2a: フーディン|spd|1
|-unboost|p2a: フーディン|spa|1
|move|p2a: フーディン|Thunder Wave|p1a: got3headsLOL
|-status|p1a: got3headsLOL|par
|
|turn|29
|
|switch|p2a: カビゴン|Snorlax|339\/523
|move|p1a: got3headsLOL|Sleep Powder|p2a: カビゴン
|-status|p2a: カビゴン|slp
|
|turn|30
|
|switch|p2a: ラッキー|Chansey|703\/703
|switch|p1a: UrGonnaSwitch|Tauros|353\/353
|
|turn|31
|
|switch|p1a: got3headsLOL|Exeggutor|341\/393 par
|move|p2a: ラッキー|Thunder Wave|p1a: got3headsLOL
|-fail|p1a: got3headsLOL|par
|
|turn|32
|
|switch|p2a: ナッシー|Exeggutor|282\/393
|move|p1a: got3headsLOL|Explosion|p2a: ナッシー
|-damage|p2a: ナッシー|6\/393
|faint|p1a: got3headsLOL
|
|switch|p1a: UrGonnaSwitch|Tauros|353\/353
|turn|33
|
|switch|p2a: スターミー|Starmie|323\/323
|move|p1a: UrGonnaSwitch|Earthquake|p2a: スターミー
|-damage|p2a: スターミー|241\/323
|
|turn|34
|
|switch|p1a: I Own RBY|Chansey|703\/703
|move|p2a: スターミー|Thunder Wave|p1a: I Own RBY
|-status|p1a: I Own RBY|par
|
|turn|35
|
|switch|p2a: カビゴン|Snorlax|339\/523 slp
|move|p1a: I Own RBY|Ice Beam|p2a: カビゴン
|-damage|p2a: カビゴン|234\/523 slp
|
|turn|36
|
|switch|p1a: UrGonnaSwitch|Tauros|353\/353
|cant|p2a: カビゴン|slp
|
|turn|37
|
|switch|p2a: スターミー|Starmie|241\/323
|move|p1a: UrGonnaSwitch|Body Slam|p2a: スターミー
|-crit|p2a: スターミー
|-damage|p2a: スターミー|29\/323
|-status|p2a: スターミー|par
|
|turn|38
|
|switch|p2a: ラッキー|Chansey|703\/703
|move|p1a: UrGonnaSwitch|Body Slam|p2a: ラッキー
|-damage|p2a: ラッキー|426\/703
|
|turn|39
|
|move|p1a: UrGonnaSwitch|Hyper Beam|p2a: ラッキー
|-crit|p2a: ラッキー
|-damage|p2a: ラッキー|0 fnt
|faint|p2a: ラッキー
|
|switch|p2a: ケンタロス|Tauros|353\/353
|turn|40
|
|switch|p1a: Shoooryuken!|Starmie|91\/323 slp
|move|p2a: ケンタロス|Body Slam|p1a: Shoooryuken!
|-damage|p1a: Shoooryuken!|0 fnt
|faint|p1a: Shoooryuken!
|
|switch|p1a: WellIStallYourFace|Alakazam|313\/313
|turn|41
|
|switch|p2a: フーディン|Alakazam|213\/313 par
|move|p1a: WellIStallYourFace|Thunder Wave|p2a: フーディン
|-fail|p2a: フーディン|par
|
|turn|42
|
|switch|p1a: I Own RBY|Chansey|703\/703 par
|move|p2a: フーディン|Psychic|p1a: I Own RBY
|-damage|p1a: I Own RBY|568\/703 par
|-unboost|p1a: I Own RBY|spd|1
|-unboost|p1a: I Own RBY|spa|1
|
|turn|43
|
|cant|p2a: フーディン|par
|move|p1a: I Own RBY|Thunder Wave|p2a: フーディン
|-fail|p2a: フーディン|par
|
|turn|44
|
|move|p2a: フーディン|Seismic Toss|p1a: I Own RBY
|-damage|p1a: I Own RBY|468\/703 par
|cant|p1a: I Own RBY|par
|
|turn|45
|
|cant|p2a: フーディン|par
|move|p1a: I Own RBY|Soft-Boiled|p1a: I Own RBY
|-heal|p1a: I Own RBY|703\/703 par
|
|turn|46
|
|switch|p1a: UrGonnaSwitch|Tauros|353\/353
|move|p2a: フーディン|Seismic Toss|p1a: UrGonnaSwitch
|-damage|p1a: UrGonnaSwitch|253\/353
|
|turn|47
|
|switch|p2a: カビゴン|Snorlax|234\/523 slp
|move|p1a: UrGonnaSwitch|Hyper Beam|p2a: カビゴン|[miss]
|-miss|p1a: UrGonnaSwitch
|
|turn|48
|
|move|p1a: UrGonnaSwitch|Body Slam|p2a: カビゴン
|-damage|p2a: カビゴン|106\/523 slp
|-curestatus|p2a: カビゴン|slp
|
|turn|49
|
|switch|p2a: ケンタロス|Tauros|353\/353
|move|p1a: UrGonnaSwitch|Body Slam|p2a: ケンタロス
|-damage|p2a: ケンタロス|258\/353
|
|turn|50
|
|switch|p1a: WellIStallYourFace|Alakazam|313\/313
|move|p2a: ケンタロス|Body Slam|p1a: WellIStallYourFace
|-damage|p1a: WellIStallYourFace|152\/313
|-status|p1a: WellIStallYourFace|par
|
|turn|51
|
|move|p2a: ケンタロス|Body Slam|p1a: WellIStallYourFace
|-crit|p1a: WellIStallYourFace
|-damage|p1a: WellIStallYourFace|0 fnt
|faint|p1a: WellIStallYourFace
|
|switch|p1a: UrGonnaSwitch|Tauros|253\/353
|turn|52
|
|move|p2a: ケンタロス|Body Slam|p1a: UrGonnaSwitch
|-damage|p1a: UrGonnaSwitch|146\/353
|move|p1a: UrGonnaSwitch|Body Slam|p2a: ケンタロス
|-damage|p2a: ケンタロス|156\/353
|
|turn|53
|
|move|p2a: ケンタロス|Hyper Beam|p1a: UrGonnaSwitch
|-damage|p1a: UrGonnaSwitch|0 fnt
|faint|p1a: UrGonnaSwitch
|
|switch|p1a: I Own RBY|Chansey|703\/703 par
|turn|54
|c|★Peasounay|gg
|
|move|p2a: ケンタロス|Body Slam|p1a: I Own RBY
|-damage|p1a: I Own RBY|447\/703 par
|cant|p1a: I Own RBY|par
|
|turn|55
|
|move|p2a: ケンタロス|Hyper Beam|p1a: I Own RBY
|-crit|p1a: I Own RBY
|-damage|p1a: I Own RBY|0 fnt
|faint|p1a: I Own RBY
|
|win|Mirabel
|c|★Mirabel|wp
|raw|Peasounay's rating: 1360 &rarr; <strong>1333<\/strong><br \/>(-27 for losing)
|raw|Mirabel's rating: 1226 &rarr; <strong>1261<\/strong><br \/>(+35 for winning)
|leave|Peasounay
|player|p1