|j|Peasounay
|j|stryxx
|player|p1|Peasounay|80
|player|p2|stryxx|202
|gametype|singles
|gen|1
|tier|[Gen 1] OU
|rated
|seed|25506,7569,30135,42692
|rule|Sleep Clause Mod: Limit one foe put to sleep
|rule|Freeze Clause Mod: Limit one foe frozen
|rule|Species Clause: Limit one of each Pokémon
|rule|OHKO Clause: OHKO moves are banned
|rule|Evasion Moves Clause: Evasion moves are banned
|rule|HP Percentage Mod: HP is shown in percentages
|
|start
|switch|p1a: WellIStallYourFace|Alakazam|313\/313
|switch|p2a: Jolteon|Jolteon|333\/333
|turn|1
|c|★stryxx|coucou
|c|★Peasounay|tortue
|c|★stryxx|tortue
|choice|move 1|switch 5
|
|switch|p2a: Exeggutor|Exeggutor|393\/393
|move|p1a: WellIStallYourFace|Thunder Wave|p2a: Exeggutor
|-status|p2a: Exeggutor|par
|
|turn|2
|j|s'morelaxx
|choice|move 4|move 1
|
|move|p1a: WellIStallYourFace|Seismic Toss|p2a: Exeggutor
|-damage|p2a: Exeggutor|293\/393 par
|cant|p2a: Exeggutor|par
|
|turn|3
|choice|move 4|move 1
|
|move|p1a: WellIStallYourFace|Seismic Toss|p2a: Exeggutor
|-damage|p2a: Exeggutor|193\/393 par
|move|p2a: Exeggutor|Sleep Powder|p1a: WellIStallYourFace|[miss]
|-miss|p2a: Exeggutor
|
|turn|4
|choice|move 4|move 1
|
|move|p1a: WellIStallYourFace|Seismic Toss|p2a: Exeggutor
|-damage|p2a: Exeggutor|93\/393 par
|cant|p2a: Exeggutor|par
|
|turn|5
|c|★stryxx|mec c'esrt ma soirée j'viens de rater une destru de ronflex
|c|★Peasounay|hahaha
|choice|move 4|switch 2
|
|switch|p2a: Chansey|Chansey|703\/703
|move|p1a: WellIStallYourFace|Seismic Toss|p2a: Chansey
|-damage|p2a: Chansey|603\/703
|
|turn|6
|choice|move 1|move 3
|
|move|p1a: WellIStallYourFace|Thunder Wave|p2a: Chansey
|-status|p2a: Chansey|par
|cant|p2a: Chansey|par
|
|turn|7
|choice|move 2|move 3
|
|move|p1a: WellIStallYourFace|Psychic|p2a: Chansey
|-crit|p2a: Chansey
|-damage|p2a: Chansey|374\/703 par
|move|p2a: Chansey|Thunder Wave|p1a: WellIStallYourFace
|-status|p1a: WellIStallYourFace|par
|
|turn|8
|c|★stryxx|tour 7 j'ai fait un truc tadaa!
|choice|move 2|switch 4
|
|switch|p2a: Snorlax|Snorlax|523\/523
|move|p1a: WellIStallYourFace|Psychic|p2a: Snorlax
|-crit|p2a: Snorlax
|-damage|p2a: Snorlax|182\/523
|
|turn|9
|c|★Peasounay|hop hop
|choice|switch 6|move 1
|
|switch|p1a: Yo|Lapras|463\/463
|move|p2a: Snorlax|Body Slam|p1a: Yo
|-damage|p1a: Yo|335\/463
|
|turn|10
|choice|move 4|switch 5
|
|switch|p2a: Jolteon|Jolteon|333\/333
|move|p1a: Yo|Confuse Ray|p2a: Jolteon
|-start|p2a: Jolteon|confusion
|
|turn|11
|choice|switch 5|move 3
|
|switch|p1a: I Own RBY|Chansey|703\/703
|-activate|p2a: Jolteon|confusion
|-damage|p2a: Jolteon|296\/333|[from] confusion
|
|turn|12
|choice|move 2|switch 4
|
|switch|p2a: Chansey|Chansey|374\/703 par
|move|p1a: I Own RBY|Seismic Toss|p2a: Chansey
|-damage|p2a: Chansey|274\/703 par
|
|turn|13
|choice|switch 3|move 1
|
|switch|p1a: Yo Momma|Snorlax|523\/523
|move|p2a: Chansey|Ice Beam|p1a: Yo Momma
|-damage|p1a: Yo Momma|429\/523
|
|turn|14
|choice|move 3|move 3
|
|move|p1a: Yo Momma|Hyper Beam|p2a: Chansey
|-damage|p2a: Chansey|0 fnt
|faint|p2a: Chansey
|choice||switch 4
|
|switch|p2a: Jolteon|Jolteon|296\/333
|turn|15
|choice|move 1|move 3
|
|move|p2a: Jolteon|Thunder Wave|p1a: Yo Momma
|-status|p1a: Yo Momma|par
|move|p1a: Yo Momma|Body Slam|p2a: Jolteon
|-damage|p2a: Jolteon|139\/333
|
|turn|16
|choice|move 3|switch 6
|
|switch|p2a: Lapras|Lapras|463\/463
|move|p1a: Yo Momma|Hyper Beam|p2a: Lapras
|-damage|p2a: Lapras|230\/463
|
|turn|17
|-mustrecharge|p1a: Yo Momma
|-mustrecharge|p1a: Yo Momma
|choice|move 1|move 1
|
|move|p2a: Lapras|Blizzard|p1a: Yo Momma
|-crit|p1a: Yo Momma
|-damage|p1a: Yo Momma|85\/523 par
|cant|p1a: Yo Momma|recharge
|
|turn|18
|choice|move 4|move 1
|
|move|p2a: Lapras|Blizzard|p1a: Yo Momma
|-damage|p1a: Yo Momma|0 fnt
|faint|p1a: Yo Momma
|choice|switch 3|
|
|switch|p1a: I Own RBY|Chansey|703\/703
|turn|19
|choice|move 2|switch 2
|
|switch|p2a: Exeggutor|Exeggutor|93\/393 par
|move|p1a: I Own RBY|Seismic Toss|p2a: Exeggutor
|-damage|p2a: Exeggutor|0 fnt
|faint|p2a: Exeggutor
|choice||switch 6
|
|switch|p2a: Jolteon|Jolteon|139\/333
|turn|20
|choice|move 3|move 3
|
|move|p2a: Jolteon|Thunder Wave|p1a: I Own RBY
|-status|p1a: I Own RBY|par
|cant|p1a: I Own RBY|par
|
|turn|21
|choice|move 3|switch 5
|
|switch|p2a: Snorlax|Snorlax|182\/523
|cant|p1a: I Own RBY|par
|
|turn|22
|choice|switch 5|move 1
|
|switch|p1a: Yo|Lapras|335\/463
|move|p2a: Snorlax|Body Slam|p1a: Yo
|-damage|p1a: Yo|204\/463
|
|turn|23
|choice|move 1|move 3
|
|move|p1a: Yo|Blizzard|p2a: Snorlax
|-damage|p2a: Snorlax|0 fnt
|faint|p2a: Snorlax
|choice||switch 5
|
|switch|p2a: Jolteon|Jolteon|139\/333
|turn|24
|choice|move 1|move 1
|
|move|p2a: Jolteon|Thunderbolt|p1a: Yo
|-supereffective|p1a: Yo
|-damage|p1a: Yo|0 fnt
|faint|p1a: Yo
|choice|switch 2|
|
|switch|p1a: Wear Candoms Kid|Exeggutor|393\/393
|turn|25
|choice|move 1|move 4
|
|move|p2a: Jolteon|Pin Missile|p1a: Wear Candoms Kid|[miss]
|-miss|p2a: Jolteon
|move|p1a: Wear Candoms Kid|Sleep Powder|p2a: Jolteon
|-status|p2a: Jolteon|slp
|
|turn|26
|c|★stryxx|nan mais j'suis désolé d'exister
|choice|move 2|switch 2
|
|switch|p2a: Lapras|Lapras|230\/463
|move|p1a: Wear Candoms Kid|Psychic|p2a: Lapras
|-damage|p2a: Lapras|107\/463
|-unboost|p2a: Lapras|spd|1
|-unboost|p2a: Lapras|spa|1
|
|turn|27
|c|★Peasounay|si ça peut te rassurer
|c|★Peasounay|j'ai perdu qd j'avais 1587au ladder psk j'ai pris 2 crits de ronflex + perdu deux flips
|choice|move 2|move 1
|
|move|p2a: Lapras|Blizzard|p1a: Wear Candoms Kid
|-supereffective|p1a: Wear Candoms Kid
|-damage|p1a: Wear Candoms Kid|241\/393
|move|p1a: Wear Candoms Kid|Psychic|p2a: Lapras
|-damage|p2a: Lapras|0 fnt
|faint|p2a: Lapras
|c|★stryxx|pas mal
|choice||switch 3
|
|switch|p2a: Tauros|Tauros|353\/353
|turn|28
|c|★Peasounay|et le mec me sort "enfin jte bat"
|c|★Peasounay|ah bah oui dans ce cas la heureusement
|choice|move 4|move 2
|
|move|p2a: Tauros|Blizzard|p1a: Wear Candoms Kid
|-supereffective|p1a: Wear Candoms Kid
|-damage|p1a: Wear Candoms Kid|113\/393
|move|p1a: Wear Candoms Kid|Explosion|p2a: Tauros
|-damage|p2a: Tauros|76\/353
|faint|p1a: Wear Candoms Kid
|choice|switch 4|
|
|switch|p1a: I'm God|Tauros|353\/353
|turn|29
|c|★Peasounay|et j'ai encore fini deuxieme mais on va pas en parler
|c|★stryxx|ça me rappelle le mec de tt a l'heure qui mùe fait "ah c'est serré" après avoir fait que chatter tt lme combat et qui fini par perdre x)
|c|★Peasounay|oui ils sont droles ceux la
|c|★stryxx|haha classique
|choice|move 2|move 4
|
|move|p2a: Tauros|Hyper Beam|p1a: I'm God
|-crit|p1a: I'm God
|-damage|p1a: I'm God|0 fnt
|faint|p1a: I'm God
|c|★Peasounay|tu va 40 switchs pour le gérer psk tu prend toutes les merdes du monde
|c|★stryxx|okkkkkkkkkkkkk
|choice|switch 5|
|
|switch|p1a: I Own RBY|Chansey|703\/703 par
|turn|30
|c|★stryxx|grave
|c|★Peasounay|va t'en falloir plusieurs
|c|★Peasounay|ou des paralysies
|c|★stryxx|c'est prévu!
|choice|move 2|move 1
|
|move|p2a: Tauros|Body Slam|p1a: I Own RBY
|-damage|p1a: I Own RBY|418\/703 par
|move|p1a: I Own RBY|Seismic Toss|p2a: Tauros
|-damage|p2a: Tauros|0 fnt
|faint|p2a: Tauros
|c|★Peasounay|ouf
|choice||switch 2
|
|switch|p2a: Jolteon|Jolteon|139\/333 slp
|turn|31
|choice|move 2|move 2
|
|-curestatus|p2a: Jolteon|slp
|move|p1a: I Own RBY|Seismic Toss|p2a: Jolteon
|-damage|p2a: Jolteon|39\/333
|
|turn|32
|choice|move 2|move 2
|
|move|p2a: Jolteon|Double Kick|p1a: I Own RBY
|-supereffective|p1a: I Own RBY
|-damage|p1a: I Own RBY|310\/703 par
|-damage|p1a: I Own RBY|202\/703 par
|-hitcount|p1a: I Own RBY|2
|move|p1a: I Own RBY|Seismic Toss|p2a: Jolteon
|-damage|p2a: Jolteon|0 fnt
|faint|p2a: Jolteon
|
|win|Peasounay
|c|★Peasounay|nonononnonononn
|raw|Peasounay's rating: 1536 &rarr; <strong>1546<\/strong><br \/>(+10 for winning)
|raw|stryxx's rating: 1341 &rarr; <strong>1331<\/strong><br \/>(-10 for losing)
|c|★Peasounay|ouf
|c|★Peasounay|c'est jamais simple
|c|★Peasounay|gg
|c|★stryxx|gg
|l|Peasounay
|player|p1