|join|librarynoob
|join|ARTHURLUFFY
|player|p1|librarynoob|265
|player|p2|ARTHURLUFFY|227
|gametype|singles
|gen|1
|tier|[Gen 1] Random Battle
|rated
|rule|Sleep Clause Mod: Limit one foe put to sleep
|rule|Freeze Clause Mod: Limit one foe frozen
|rule|HP Percentage Mod: HP is shown in percentages
|
|start
|switch|p1a: Wartortle|Wartortle, L85|274\/274
|switch|p2a: Rhyhorn|Rhyhorn, L96|348\/348
|turn|1
|
|switch|p2a: Jolteon|Jolteon, L79|265\/265
|move|p1a: Wartortle|Blizzard|p2a: Jolteon
|-damage|p2a: Jolteon|205\/265
|
|turn|2
|
|switch|p1a: Victreebel|Victreebel, L85|310\/310
|move|p2a: Jolteon|Thunderbolt|p1a: Victreebel
|-resisted|p1a: Victreebel
|-damage|p1a: Victreebel|264\/310
|
|turn|3
|
|switch|p2a: Alakazam|Alakazam, L79|249\/249
|move|p1a: Victreebel|Stun Spore|p2a: Alakazam
|-status|p2a: Alakazam|par
|
|turn|4
|
|switch|p1a: Kadabra|Kadabra, L85|242\/242
|move|p2a: Alakazam|Psychic|p1a: Kadabra
|-resisted|p1a: Kadabra
|-damage|p1a: Kadabra|199\/242
|
|turn|5
|
|move|p1a: Kadabra|Psychic|p2a: Alakazam
|-resisted|p2a: Alakazam
|-damage|p2a: Alakazam|202\/249 par
|move|p2a: Alakazam|Thunder Wave|p1a: Kadabra
|-status|p1a: Kadabra|par
|
|turn|6
|
|switch|p2a: Omastar|Omastar, L85|293\/293
|move|p1a: Kadabra|Psychic|p2a: Omastar
|-damage|p2a: Omastar|197\/293
|-unboost|p2a: Omastar|spd|1
|-unboost|p2a: Omastar|spa|1
|
|turn|7
|
|move|p2a: Omastar|Blizzard|p1a: Kadabra|[miss]
|-miss|p2a: Omastar
|move|p1a: Kadabra|Thunder Wave|p2a: Omastar
|-status|p2a: Omastar|par
|
|turn|8
|
|cant|p1a: Kadabra|par
|move|p2a: Omastar|Blizzard|p1a: Kadabra
|-damage|p1a: Kadabra|144\/242 par
|
|turn|9
|
|switch|p2a: Alakazam|Alakazam, L79|202\/249 par
|move|p1a: Kadabra|Psychic|p2a: Alakazam
|-resisted|p2a: Alakazam
|-damage|p2a: Alakazam|155\/249 par
|
|turn|10
|
|move|p2a: Alakazam|Psychic|p1a: Kadabra
|-crit|p1a: Kadabra
|-resisted|p1a: Kadabra
|-damage|p1a: Kadabra|61\/242 par
|-unboost|p1a: Kadabra|spd|1
|-unboost|p1a: Kadabra|spa|1
|cant|p1a: Kadabra|par
|
|turn|11
|
|switch|p1a: Alakazam|Alakazam, L79|249\/249
|move|p2a: Alakazam|Recover|p2a: Alakazam
|-heal|p2a: Alakazam|249\/249 par
|
|turn|12
|c|★ARTHURLUFFY|haha critical special down and paralyze all together :P
|
|switch|p1a: Kadabra|Kadabra, L85|61\/242 par
|move|p2a: Alakazam|Thunder Wave|p1a: Kadabra
|-fail|p1a: Kadabra|par
|
|turn|13
|
|cant|p2a: Alakazam|par
|move|p1a: Kadabra|Recover|p1a: Kadabra
|-heal|p1a: Kadabra|182\/242 par
|
|turn|14
|
|move|p2a: Alakazam|Psychic|p1a: Kadabra
|-crit|p1a: Kadabra
|-resisted|p1a: Kadabra
|-damage|p1a: Kadabra|104\/242 par
|move|p1a: Kadabra|Psychic|p2a: Alakazam
|-crit|p2a: Alakazam
|-resisted|p2a: Alakazam
|-damage|p2a: Alakazam|167\/249 par
|
|turn|15
|
|move|p2a: Alakazam|Psychic|p1a: Kadabra
|-resisted|p1a: Kadabra
|-damage|p1a: Kadabra|66\/242 par
|move|p1a: Kadabra|Recover|p1a: Kadabra
|-heal|p1a: Kadabra|187\/242 par
|
|turn|16
|
|move|p2a: Alakazam|Psychic|p1a: Kadabra
|-resisted|p1a: Kadabra
|-damage|p1a: Kadabra|145\/242 par
|move|p1a: Kadabra|Psychic|p2a: Alakazam
|-crit|p2a: Alakazam
|-resisted|p2a: Alakazam
|-damage|p2a: Alakazam|82\/249 par
|
|turn|17
|
|cant|p2a: Alakazam|par
|move|p1a: Kadabra|Psychic|p2a: Alakazam
|-crit|p2a: Alakazam
|-resisted|p2a: Alakazam
|-damage|p2a: Alakazam|0 fnt
|faint|p2a: Alakazam
|
|switch|p2a: Rhyhorn|Rhyhorn, L96|348\/348
|turn|18
|c|★ARTHURLUFFY|pff bad luck :(
|
|switch|p1a: Farfetch'd|Farfetch'd, L99|304\/304
|move|p2a: Rhyhorn|Earthquake|p1a: Farfetch'd
|-immune|p1a: Farfetch'd|[msg]
|
|turn|19
|
|switch|p1a: Wartortle|Wartortle, L85|274\/274
|move|p2a: Rhyhorn|Rock Slide|p1a: Wartortle
|-damage|p1a: Wartortle|180\/274
|
|turn|20
|
|switch|p2a: Jolteon|Jolteon, L79|205\/265
|move|p1a: Wartortle|Blizzard|p2a: Jolteon|[miss]
|-miss|p1a: Wartortle
|
|turn|21
|
|switch|p1a: Kadabra|Kadabra, L85|145\/242 par
|move|p2a: Jolteon|Body Slam|p1a: Kadabra
|-damage|p1a: Kadabra|79\/242 par
|
|turn|22
|
|move|p2a: Jolteon|Thunderbolt|p1a: Kadabra
|-crit|p1a: Kadabra
|-damage|p1a: Kadabra|0 fnt
|faint|p1a: Kadabra
|
|switch|p1a: Victreebel|Victreebel, L85|264\/310
|turn|23
|
|switch|p2a: Omastar|Omastar, L85|197\/293 par
|move|p1a: Victreebel|Stun Spore|p2a: Omastar
|-fail|p2a: Omastar|par
|
|turn|24
|
|switch|p2a: Butterfree|Butterfree, L85|276\/276
|move|p1a: Victreebel|Razor Leaf|p2a: Butterfree
|-crit|p2a: Butterfree
|-resisted|p2a: Butterfree
|-damage|p2a: Butterfree|243\/276
|
|turn|25
|
|move|p2a: Butterfree|Sleep Powder|p1a: Victreebel
|-status|p1a: Victreebel|slp
|cant|p1a: Victreebel|slp
|
|turn|26
|
|move|p2a: Butterfree|Psychic|p1a: Victreebel
|-supereffective|p1a: Victreebel
|-damage|p1a: Victreebel|161\/310 slp
|-unboost|p1a: Victreebel|spd|1
|-unboost|p1a: Victreebel|spa|1
|cant|p1a: Victreebel|slp
|
|turn|27
|
|switch|p1a: Alakazam|Alakazam, L79|249\/249
|switch|p2a: Jolteon|Jolteon, L79|205\/265
|
|turn|28
|
|move|p2a: Jolteon|Thunder Wave|p1a: Alakazam
|-status|p1a: Alakazam|par
|move|p1a: Alakazam|Thunder Wave|p2a: Jolteon
|-status|p2a: Jolteon|par
|
|turn|29
|-message|librarynoob forfeited.
|leave|librarynoob
|
|win|ARTHURLUFFY
|raw|Ladder updating...
|player|p1
|raw|librarynoob's rating: 1298 &rarr; <strong>1262<\/strong><br \/>(-36 for losing)
|raw|ARTHURLUFFY's rating: 1133 &rarr; <strong>1170<\/strong><br \/>(+37 for winning)