|j|Koolboyman
|j|Dervodel2
|player|p1|Koolboyman|169
|player|p2|Dervodel2|101
|gametype|singles
|gen|1
|tier|[Gen 1] Random Battle
|rated
|seed|9420,52526,51171,11772
|rule|Sleep Clause Mod: Limit one foe put to sleep
|rule|Freeze Clause Mod: Limit one foe frozen
|rule|HP Percentage Mod: HP is shown in percentages
|
|start
|switch|p1a: Charmeleon|Charmeleon, L85|272\/272
|switch|p2a: Pidgey|Pidgey, L96|272\/272
|turn|1
|choice|move 1|move 1
|
|move|p1a: Charmeleon|Fire Blast|p2a: Pidgey
|-damage|p2a: Pidgey|115\/272
|move|p2a: Pidgey|Double-Edge|p1a: Charmeleon
|-damage|p1a: Charmeleon|162\/272
|-damage|p2a: Pidgey|88\/272|[from] recoil|[of] p1a: Charmeleon
|
|turn|2
|choice|move 1|move 1
|
|move|p1a: Charmeleon|Fire Blast|p2a: Pidgey
|-crit|p2a: Pidgey
|-damage|p2a: Pidgey|0 fnt
|faint|p2a: Pidgey
|choice||switch 4
|
|switch|p2a: Mewtwo|Mewtwo, L70|293\/293
|turn|3
|choice|move 1|move 1
|
|move|p2a: Mewtwo|Psychic|p1a: Charmeleon
|-damage|p1a: Charmeleon|50\/272
|move|p1a: Charmeleon|Fire Blast|p2a: Mewtwo
|-damage|p2a: Mewtwo|208\/293
|-status|p2a: Mewtwo|brn
|
|turn|4
|choice|move 2|move 1
|
|move|p2a: Mewtwo|Psychic|p1a: Charmeleon
|-damage|p1a: Charmeleon|0 fnt
|faint|p1a: Charmeleon
|choice|switch 3|
|
|switch|p1a: Arcanine|Arcanine, L85|327\/327
|turn|5
|choice|move 1|move 1
|
|move|p2a: Mewtwo|Psychic|p1a: Arcanine
|-damage|p1a: Arcanine|234\/327
|-unboost|p1a: Arcanine|spd|1
|-unboost|p1a: Arcanine|spa|1
|-damage|p2a: Mewtwo|190\/293 brn|[from] brn|[of] p1a: Arcanine
|move|p1a: Arcanine|Fire Blast|p2a: Mewtwo
|-damage|p2a: Mewtwo|126\/293 brn
|
|turn|6
|choice|move 1|move 1
|
|move|p2a: Mewtwo|Psychic|p1a: Arcanine
|-damage|p1a: Arcanine|80\/327
|-unboost|p1a: Arcanine|spd|1
|-unboost|p1a: Arcanine|spa|1
|-damage|p2a: Mewtwo|108\/293 brn|[from] brn|[of] p1a: Arcanine
|move|p1a: Arcanine|Fire Blast|p2a: Mewtwo
|-damage|p2a: Mewtwo|60\/293 brn
|
|turn|7
|choice|move 2|move 2
|
|move|p2a: Mewtwo|Recover|p2a: Mewtwo
|-heal|p2a: Mewtwo|206\/293 brn
|-damage|p2a: Mewtwo|188\/293 brn|[from] brn
|move|p1a: Arcanine|Hyper Beam|p2a: Mewtwo
|-damage|p2a: Mewtwo|56\/293 brn
|
|turn|8
|-mustrecharge|p1a: Arcanine
|-mustrecharge|p1a: Arcanine
|choice|move 1|move 2
|
|move|p2a: Mewtwo|Recover|p2a: Mewtwo
|-heal|p2a: Mewtwo|202\/293 brn
|-damage|p2a: Mewtwo|184\/293 brn|[from] brn
|cant|p1a: Arcanine|recharge
|
|turn|9
|choice|move 2|move 1
|
|move|p2a: Mewtwo|Psychic|p1a: Arcanine
|-crit|p1a: Arcanine
|-damage|p1a: Arcanine|0 fnt
|faint|p1a: Arcanine
|choice|switch 4|
|
|switch|p1a: Lapras|Lapras, L79|367\/367
|turn|10
|choice|move 2|move 1
|
|move|p2a: Mewtwo|Psychic|p1a: Lapras
|-damage|p1a: Lapras|279\/367
|-unboost|p1a: Lapras|spd|1
|-unboost|p1a: Lapras|spa|1
|-damage|p2a: Mewtwo|166\/293 brn|[from] brn|[of] p1a: Lapras
|move|p1a: Lapras|Confuse Ray|p2a: Mewtwo
|-start|p2a: Mewtwo|confusion
|
|turn|11
|choice|switch 2|move 2
|
|switch|p1a: Psyduck|Psyduck, L96|291\/291
|-activate|p2a: Mewtwo|confusion
|-damage|p2a: Mewtwo|151\/293 brn|[from] confusion
|-damage|p2a: Mewtwo|133\/293 brn|[from] brn
|
|turn|12
|choice|move 1|switch 5
|
|switch|p2a: Jolteon|Jolteon, L79|265\/265
|move|p1a: Psyduck|Amnesia|p1a: Psyduck
|-boost|p1a: Psyduck|spd|2
|-boost|p1a: Psyduck|spa|2
|
|turn|13
|choice|move 1|move 1
|
|move|p2a: Jolteon|Thunderbolt|p1a: Psyduck
|-supereffective|p1a: Psyduck
|-damage|p1a: Psyduck|165\/291
|move|p1a: Psyduck|Amnesia|p1a: Psyduck
|-boost|p1a: Psyduck|spd|2
|-boost|p1a: Psyduck|spa|2
|
|turn|14
|choice|move 3|move 1
|
|move|p2a: Jolteon|Thunderbolt|p1a: Psyduck
|-crit|p1a: Psyduck
|-supereffective|p1a: Psyduck
|-damage|p1a: Psyduck|0 fnt
|faint|p1a: Psyduck
|choice|switch 6|
|
|switch|p1a: Dragonite|Dragonite, L85|328\/328
|turn|15
|choice|move 4|move 1
|
|move|p2a: Jolteon|Thunderbolt|p1a: Dragonite
|-damage|p1a: Dragonite|233\/328
|move|p1a: Dragonite|Thunder Wave|p2a: Jolteon
|-status|p2a: Jolteon|par
|
|turn|16
|choice|move 1|switch 5
|
|switch|p2a: Mewtwo|Mewtwo, L70|133\/293 brn
|-damage|p2a: Mewtwo|115\/293 brn|[from] brn
|move|p1a: Dragonite|Ice Beam|p2a: Mewtwo
|-crit|p2a: Mewtwo
|-damage|p2a: Mewtwo|11\/293 brn
|
|turn|17
|choice|move 3|move 2
|
|move|p2a: Mewtwo|Recover|p2a: Mewtwo
|-heal|p2a: Mewtwo|157\/293 brn
|-damage|p2a: Mewtwo|139\/293 brn|[from] brn
|move|p1a: Dragonite|Thunderbolt|p2a: Mewtwo
|-damage|p2a: Mewtwo|83\/293 brn
|
|turn|18
|choice|move 3|move 2
|
|move|p2a: Mewtwo|Recover|p2a: Mewtwo
|-heal|p2a: Mewtwo|229\/293 brn
|-damage|p2a: Mewtwo|211\/293 brn|[from] brn
|move|p1a: Dragonite|Thunderbolt|p2a: Mewtwo
|-damage|p2a: Mewtwo|158\/293 brn
|
|turn|19
|choice|switch 2|move 2
|
|switch|p1a: Lapras|Lapras, L79|279\/367
|move|p2a: Mewtwo|Recover|p2a: Mewtwo
|-heal|p2a: Mewtwo|293\/293 brn
|-damage|p2a: Mewtwo|275\/293 brn|[from] brn
|
|turn|20
|choice|move 2|switch 5
|
|switch|p2a: Jolteon|Jolteon, L79|265\/265 par
|move|p1a: Lapras|Confuse Ray|p2a: Jolteon
|-start|p2a: Jolteon|confusion
|
|turn|21
|choice|move 3|move 1
|
|move|p1a: Lapras|Blizzard|p2a: Jolteon
|-damage|p2a: Jolteon|159\/265 par
|cant|p2a: Jolteon|par
|
|turn|22
|choice|move 3|move 1
|
|move|p1a: Lapras|Blizzard|p2a: Jolteon
|-crit|p2a: Jolteon
|-damage|p2a: Jolteon|0 fnt
|faint|p2a: Jolteon
|choice||switch 6
|
|switch|p2a: Primeape|Primeape, L90|300\/300
|turn|23
|choice|switch 5|move 3
|
|switch|p1a: Zapdos|Zapdos, L79|304\/304
|move|p2a: Primeape|Mega Kick|p1a: Zapdos
|-damage|p1a: Zapdos|185\/304
|
|turn|24
|choice|move 2|move 2
|
|move|p2a: Primeape|Rock Slide|p1a: Zapdos
|-supereffective|p1a: Zapdos
|-damage|p1a: Zapdos|44\/304
|move|p1a: Zapdos|Thunder Wave|p2a: Primeape
|-status|p2a: Primeape|par
|
|turn|25
|choice|move 4|move 2
|
|move|p1a: Zapdos|Drill Peck|p2a: Primeape
|-crit|p2a: Primeape
|-supereffective|p2a: Primeape
|-damage|p2a: Primeape|0 fnt
|faint|p2a: Primeape
|choice||switch 3
|
|switch|p2a: Moltres|Moltres, L85|327\/327
|turn|26
|choice|move 1|move 1
|
|move|p2a: Moltres|Fire Blast|p1a: Zapdos
|-damage|p1a: Zapdos|0 fnt
|faint|p1a: Zapdos
|choice|switch 2|
|
|switch|p1a: Dragonite|Dragonite, L85|233\/328
|turn|27
|choice|move 2|move 1
|
|move|p2a: Moltres|Fire Blast|p1a: Dragonite
|-resisted|p1a: Dragonite
|-damage|p1a: Dragonite|160\/328
|-status|p1a: Dragonite|brn
|move|p1a: Dragonite|Substitute|p1a: Dragonite
|-start|p1a: Dragonite|Substitute
|-damage|p1a: Dragonite|78\/328 brn
|-damage|p1a: Dragonite|58\/328 brn|[from] brn
|
|turn|28
|choice|move 3|move 3
|
|move|p2a: Moltres|Hyper Beam|p1a: Dragonite
|-crit|p1a: Dragonite
|-end|p1a: Dragonite|Substitute
|move|p1a: Dragonite|Thunderbolt|p2a: Moltres
|-supereffective|p2a: Moltres
|-damage|p2a: Moltres|219\/327
|-damage|p1a: Dragonite|38\/328 brn|[from] brn|[of] p2a: Moltres
|
|turn|29
|choice|move 4|move 1
|
|move|p2a: Moltres|Fire Blast|p1a: Dragonite
|-resisted|p1a: Dragonite
|-damage|p1a: Dragonite|0 fnt
|faint|p1a: Dragonite
|choice|switch 5|
|
|switch|p1a: Lapras|Lapras, L79|279\/367
|turn|30
|choice|move 2|switch 5
|
|switch|p2a: Mewtwo|Mewtwo, L70|275\/293 brn
|-damage|p2a: Mewtwo|257\/293 brn|[from] brn
|move|p1a: Lapras|Confuse Ray|p2a: Mewtwo
|-start|p2a: Mewtwo|confusion
|
|turn|31
|choice|move 3|move 1
|
|-activate|p2a: Mewtwo|confusion
|move|p2a: Mewtwo|Psychic|p1a: Lapras
|-damage|p1a: Lapras|184\/367
|-damage|p2a: Mewtwo|239\/293 brn|[from] brn|[of] p1a: Lapras
|move|p1a: Lapras|Blizzard|p2a: Mewtwo
|-damage|p2a: Mewtwo|145\/293 brn
|
|turn|32
|choice|move 3|switch 2
|
|switch|p2a: Grimer|Grimer, L96|348\/348
|move|p1a: Lapras|Blizzard|p2a: Grimer|[miss]
|-miss|p1a: Lapras
|
|turn|33
|choice|move 2|move 1
|
|move|p1a: Lapras|Confuse Ray|p2a: Grimer
|-start|p2a: Grimer|confusion
|-activate|p2a: Grimer|confusion
|move|p2a: Grimer|Explosion|p1a: Lapras
|-damage|p1a: Lapras|0 fnt
|faint|p1a: Lapras
|faint|p2a: Grimer
|
|win|Dervodel2
|raw|Koolboyman's rating: 1407 &rarr; <strong>1377<\/strong><br \/>(-30 for losing)
|raw|Dervodel2's rating: 1204 &rarr; <strong>1242<\/strong><br \/>(+38 for winning)
|l|Koolboyman
|player|p1