|join|Conman033
|join|Proximatic
|player|p1|Conman033|162
|player|p2|Proximatic|238
|gametype|singles
|gen|1
|tier|[Gen 1] Random Battle
|rated
|seed|41108,48494,42353,12459
|rule|Sleep Clause Mod: Limit one foe put to sleep
|rule|Freeze Clause Mod: Limit one foe frozen
|rule|HP Percentage Mod: HP is shown in percentages
|
|start
|switch|p1a: Poliwag|Poliwag, L96|272\/272
|switch|p2a: Venusaur|Venusaur, L85|310\/310
|turn|1
|choice|switch 4|move 4
|
|switch|p1a: Oddish|Oddish, L96|281\/281
|move|p2a: Venusaur|Leech Seed|p1a: Oddish
|-immune|p1a: Oddish|[msg]
|
|turn|2
|join|Teh wobbuffet
|choice|move 1|move 3
|
|move|p2a: Venusaur|Body Slam|p1a: Oddish
|-crit|p1a: Oddish
|-damage|p1a: Oddish|166\/281
|move|p1a: Oddish|Sleep Powder|p2a: Venusaur
|-status|p2a: Venusaur|slp
|
|turn|3
|choice|switch 2|switch 5
|
|switch|p2a: Flareon|Flareon, L90|300\/300
|switch|p1a: Fearow|Fearow, L90|300\/300
|
|turn|4
|choice|switch 4|move 3
|
|switch|p1a: Poliwag|Poliwag, L96|272\/272
|move|p2a: Flareon|Body Slam|p1a: Poliwag
|-damage|p1a: Poliwag|155\/272
|
|turn|5
|choice|move 4|move 2
|
|move|p1a: Poliwag|Surf|p2a: Flareon
|-supereffective|p2a: Flareon
|-damage|p2a: Flareon|164\/300
|move|p2a: Flareon|Hyper Beam|p1a: Poliwag
|-damage|p1a: Poliwag|0 fnt
|faint|p1a: Poliwag
|leave|Teh wobbuffet
|choice|switch 3|
|
|switch|p1a: Tauros|Tauros, L79|280\/280
|turn|6
|choice|move 1|move 4
|
|move|p1a: Tauros|Earthquake|p2a: Flareon
|-supereffective|p2a: Flareon
|-damage|p2a: Flareon|2\/300
|move|p2a: Flareon|Fire Blast|p1a: Tauros
|-damage|p1a: Tauros|82\/280
|
|turn|7
|choice|move 4|move 1
|
|move|p2a: Flareon|Quick Attack|p1a: Tauros
|-damage|p1a: Tauros|42\/280
|move|p1a: Tauros|Body Slam|p2a: Flareon
|-damage|p2a: Flareon|0 fnt
|faint|p2a: Flareon
|choice||switch 6
|
|switch|p2a: Ninetales|Ninetales, L85|298\/298
|turn|8
|choice|switch 6|move 3
|
|switch|p1a: Rapidash|Rapidash, L90|300\/300
|move|p2a: Ninetales|Hyper Beam|p1a: Rapidash
|-damage|p1a: Rapidash|194\/300
|
|turn|9
|-mustrecharge|p2a: Ninetales
|-mustrecharge|p2a: Ninetales
|choice|move 1|move 1
|
|move|p1a: Rapidash|Fire Blast|p2a: Ninetales
|-crit|p2a: Ninetales
|-resisted|p2a: Ninetales
|-damage|p2a: Ninetales|190\/298
|cant|p2a: Ninetales|recharge
|
|turn|10
|choice|switch 2|move 4
|
|switch|p1a: Oddish|Oddish, L96|166\/281
|move|p2a: Ninetales|Confuse Ray|p1a: Oddish
|-start|p1a: Oddish|confusion
|
|turn|11
|choice|move 4|switch 5
|
|switch|p2a: Venusaur|Venusaur, L85|310\/310 slp
|-activate|p1a: Oddish|confusion
|-damage|p1a: Oddish|134\/281|[from] confusion
|
|turn|12
|choice|switch 2|move 4
|
|switch|p1a: Rapidash|Rapidash, L90|194\/300
|cant|p2a: Venusaur|slp
|
|turn|13
|choice|move 1|switch 5
|
|switch|p2a: Ninetales|Ninetales, L85|190\/298
|move|p1a: Rapidash|Fire Blast|p2a: Ninetales
|-resisted|p2a: Ninetales
|-damage|p2a: Ninetales|128\/298
|
|turn|14
|choice|switch 2|move 4
|
|switch|p1a: Oddish|Oddish, L96|134\/281
|move|p2a: Ninetales|Confuse Ray|p1a: Oddish
|-start|p1a: Oddish|confusion
|
|turn|15
|choice|move 4|move 1
|
|move|p2a: Ninetales|Fire Blast|p1a: Oddish
|-crit|p1a: Oddish
|-supereffective|p1a: Oddish
|-damage|p1a: Oddish|0 fnt
|faint|p1a: Oddish
|choice|switch 5|
|
|switch|p1a: Primeape|Primeape, L90|300\/300
|turn|16
|c|★Conman033|im assuming your team is 100x better than mine
|choice|move 1|switch 3
|
|switch|p2a: Seaking|Seaking, L90|327\/327
|move|p1a: Primeape|Rock Slide|p2a: Seaking|[miss]
|-miss|p1a: Primeape
|
|turn|17
|c|★Conman033|based on your first three guys
|choice|move 3|move 2
|
|move|p1a: Primeape|Body Slam|p2a: Seaking
|-damage|p2a: Seaking|239\/327
|move|p2a: Seaking|Surf|p1a: Primeape
|-damage|p1a: Primeape|181\/300
|
|turn|18
|choice|move 3|move 2
|
|move|p1a: Primeape|Body Slam|p2a: Seaking
|-damage|p2a: Seaking|152\/327
|-status|p2a: Seaking|par
|cant|p2a: Seaking|par
|
|turn|19
|choice|move 3|move 4
|
|move|p1a: Primeape|Body Slam|p2a: Seaking
|-damage|p2a: Seaking|67\/327 par
|move|p2a: Seaking|Hyper Beam|p1a: Primeape
|-damage|p1a: Primeape|42\/300
|
|turn|20
|-mustrecharge|p2a: Seaking
|-mustrecharge|p2a: Seaking
|choice|move 3|move 1
|
|move|p1a: Primeape|Body Slam|p2a: Seaking
|-damage|p2a: Seaking|0 fnt
|faint|p2a: Seaking
|choice||switch 2
|
|switch|p2a: Starmie|Starmie, L79|257\/257
|turn|21
|choice|move 3|move 2
|
|move|p2a: Starmie|Thunderbolt|p1a: Primeape
|-damage|p1a: Primeape|0 fnt
|faint|p1a: Primeape
|choice|switch 4|
|
|switch|p1a: Fearow|Fearow, L90|300\/300
|turn|22
|c|★Conman033|mofos always getting the better ass team
|c|★Conman033|lucky fuckers
|choice|move 1|move 3
|
|move|p1a: Fearow|Double-Edge|p2a: Starmie
|-crit|p2a: Starmie
|-damage|p2a: Starmie|26\/257
|-damage|p1a: Fearow|243\/300|[from] recoil|[of] p2a: Starmie
|move|p2a: Starmie|Blizzard|p1a: Fearow
|-supereffective|p1a: Fearow
|-damage|p1a: Fearow|56\/300
|-status|p1a: Fearow|frz
|
|turn|23
|choice|move 1|move 1
|
|cant|p1a: Fearow|frz
|move|p2a: Starmie|Recover|p2a: Starmie
|-heal|p2a: Starmie|154\/257
|
|turn|24
|choice|move 1|move 2
|
|cant|p1a: Fearow|frz
|move|p2a: Starmie|Thunderbolt|p1a: Fearow
|-crit|p1a: Fearow
|-supereffective|p1a: Fearow
|-damage|p1a: Fearow|0 fnt
|faint|p1a: Fearow
|c|★Conman033|lol god loves u
|choice|switch 6|
|
|switch|p1a: Tauros|Tauros, L79|42\/280
|turn|25
|choice|move 4|move 4
|
|move|p2a: Starmie|Surf|p1a: Tauros
|-damage|p1a: Tauros|0 fnt
|faint|p1a: Tauros
|choice|switch 2|
|
|switch|p1a: Rapidash|Rapidash, L90|194\/300
|turn|26
|choice|move 4|move 4
|
|move|p1a: Rapidash|Hyper Beam|p2a: Starmie
|-crit|p2a: Starmie
|-damage|p2a: Starmie|0 fnt
|faint|p2a: Starmie
|choice||switch 3
|
|switch|p2a: Ninetales|Ninetales, L85|128\/298
|turn|27
|choice|move 3|move 2
|
|move|p1a: Rapidash|Substitute|p1a: Rapidash
|-start|p1a: Rapidash|Substitute
|-damage|p1a: Rapidash|119\/300
|move|p2a: Ninetales|Double-Edge|p1a: Rapidash
|-activate|p1a: Rapidash|Substitute|[damage]
|-damage|p2a: Ninetales|110\/298|[from] recoil|[of] p1a: Rapidash
|
|turn|28
|choice|move 4|move 2
|
|move|p1a: Rapidash|Hyper Beam|p2a: Ninetales
|-damage|p2a: Ninetales|0 fnt
|faint|p2a: Ninetales
|choice||switch 4
|
|switch|p2a: Kangaskhan|Kangaskhan, L85|352\/352
|turn|29
|choice|move 1|move 2
|
|move|p1a: Rapidash|Fire Blast|p2a: Kangaskhan
|-damage|p2a: Kangaskhan|158\/352
|move|p2a: Kangaskhan|Surf|p1a: Rapidash
|-crit|p1a: Rapidash
|-supereffective|p1a: Rapidash
|-end|p1a: Rapidash|Substitute
|
|turn|30
|choice|move 1|move 2
|
|move|p1a: Rapidash|Fire Blast|p2a: Kangaskhan
|-damage|p2a: Kangaskhan|0 fnt
|faint|p2a: Kangaskhan
|choice||switch 5
|
|switch|p2a: Venusaur|Venusaur, L85|310\/310 slp
|turn|31
|choice|move 1|move 3
|
|move|p1a: Rapidash|Fire Blast|p2a: Venusaur
|-supereffective|p2a: Venusaur
|-damage|p2a: Venusaur|92\/310 slp
|cant|p2a: Venusaur|slp
|
|turn|32
|choice|move 4|move 3
|
|move|p1a: Rapidash|Hyper Beam|p2a: Venusaur
|-damage|p2a: Venusaur|0 fnt
|faint|p2a: Venusaur
|
|win|Conman033
|c|★Proximatic|gg
|raw|Conman033's rating: 1405 &rarr; <strong>1413<\/strong><br \/>(+8 for winning)
|raw|Proximatic's rating: 1179 &rarr; <strong>1168<\/strong><br \/>(-11 for losing)
|leave|Conman033
|player|p1
|join|Conman033
|leave|Proximatic
|player|p2