|j|Judo
|j|Xak Charles
|player|p1|Judo|70
|player|p2|Xak Charles|56
|gametype|singles
|gen|1
|tier|[Gen 1] OU
|rated
|seed|
|rule|Sleep Clause Mod: Limit one foe put to sleep
|rule|Freeze Clause Mod: Limit one foe frozen
|rule|Species Clause: Limit one of each Pokémon
|rule|OHKO Clause: OHKO moves are banned
|rule|Evasion Moves Clause: Evasion moves are banned
|rule|HP Percentage Mod: HP is shown in percentages
|
|start
|switch|p1a: CANT TOUCH KHAAMO|Gengar|100\/100
|switch|p2a: Alakazam|Alakazam|100\/100
|turn|1
|choice||
|
|switch|p1a: PET SHIVVERS ILY|Chansey|100\/100
|move|p2a: Alakazam|Psychic|p1a: PET SHIVVERS ILY
|-damage|p1a: PET SHIVVERS ILY|83\/100
|-unboost|p1a: PET SHIVVERS ILY|spd|1
|-unboost|p1a: PET SHIVVERS ILY|spa|1
|
|turn|2
|choice||
|
|move|p2a: Alakazam|Psychic|p1a: PET SHIVVERS ILY
|-damage|p1a: PET SHIVVERS ILY|57\/100
|move|p1a: PET SHIVVERS ILY|Thunder Wave|p2a: Alakazam
|-status|p2a: Alakazam|par
|
|turn|3
|choice||
|
|move|p1a: PET SHIVVERS ILY|Soft-Boiled|p1a: PET SHIVVERS ILY
|-heal|p1a: PET SHIVVERS ILY|100\/100
|move|p2a: Alakazam|Psychic|p1a: PET SHIVVERS ILY
|-crit|p1a: PET SHIVVERS ILY
|-damage|p1a: PET SHIVVERS ILY|64\/100
|
|turn|4
|choice||
|
|move|p1a: PET SHIVVERS ILY|Soft-Boiled|p1a: PET SHIVVERS ILY
|-heal|p1a: PET SHIVVERS ILY|100\/100
|move|p2a: Alakazam|Psychic|p1a: PET SHIVVERS ILY
|-damage|p1a: PET SHIVVERS ILY|71\/100
|
|turn|5
|choice||
|
|switch|p1a: LORD BOYT BAE|Golem|100\/100
|cant|p2a: Alakazam|par
|
|turn|6
|choice||
|
|move|p1a: LORD BOYT BAE|Rock Slide|p2a: Alakazam
|-damage|p2a: Alakazam|56\/100 par
|move|p2a: Alakazam|Reflect|p2a: Alakazam
|-start|p2a: Alakazam|Reflect
|
|turn|7
|choice||
|
|move|p1a: LORD BOYT BAE|Earthquake|p2a: Alakazam
|-damage|p2a: Alakazam|26\/100 par
|move|p2a: Alakazam|Recover|p2a: Alakazam
|-heal|p2a: Alakazam|76\/100 par
|
|turn|8
|choice||
|
|move|p1a: LORD BOYT BAE|Earthquake|p2a: Alakazam
|-damage|p2a: Alakazam|46\/100 par
|cant|p2a: Alakazam|par
|
|turn|9
|choice||
|
|move|p1a: LORD BOYT BAE|Earthquake|p2a: Alakazam
|-damage|p2a: Alakazam|12\/100 par
|move|p2a: Alakazam|Recover|p2a: Alakazam
|-heal|p2a: Alakazam|62\/100 par
|
|turn|10
|choice||
|
|move|p1a: LORD BOYT BAE|Earthquake|p2a: Alakazam
|-damage|p2a: Alakazam|28\/100 par
|move|p2a: Alakazam|Recover|p2a: Alakazam
|-heal|p2a: Alakazam|77\/100 par
|
|turn|11
|choice||
|
|move|p1a: LORD BOYT BAE|Earthquake|p2a: Alakazam
|-damage|p2a: Alakazam|44\/100 par
|cant|p2a: Alakazam|par
|
|turn|12
|choice||
|
|move|p1a: LORD BOYT BAE|Earthquake|p2a: Alakazam
|-damage|p2a: Alakazam|11\/100 par
|move|p2a: Alakazam|Recover|p2a: Alakazam
|-heal|p2a: Alakazam|61\/100 par
|
|turn|13
|choice||
|
|move|p1a: LORD BOYT BAE|Earthquake|p2a: Alakazam
|-damage|p2a: Alakazam|31\/100 par
|cant|p2a: Alakazam|par
|
|turn|14
|choice||
|
|move|p1a: LORD BOYT BAE|Earthquake|p2a: Alakazam
|-damage|p2a: Alakazam|0 fnt
|faint|p2a: Alakazam
|choice||
|
|switch|p2a: Webster|Golduck|100\/100
|turn|15
|choice||
|
|switch|p1a: PET SHIVVERS ILY|Chansey|71\/100
|move|p2a: Webster|Amnesia|p2a: Webster
|-boost|p2a: Webster|spd|2
|-boost|p2a: Webster|spa|2
|
|turn|16
|choice||
|
|move|p2a: Webster|Amnesia|p2a: Webster
|-boost|p2a: Webster|spd|2
|-boost|p2a: Webster|spa|2
|move|p1a: PET SHIVVERS ILY|Thunder Wave|p2a: Webster
|-status|p2a: Webster|par
|
|turn|17
|choice||
|
|move|p1a: PET SHIVVERS ILY|Reflect|p1a: PET SHIVVERS ILY
|-start|p1a: PET SHIVVERS ILY|Reflect
|move|p2a: Webster|Amnesia|p2a: Webster
|-boost|p2a: Webster|spd|2
|-boost|p2a: Webster|spa|2
|
|turn|18
|choice||
|
|move|p1a: PET SHIVVERS ILY|Soft-Boiled|p1a: PET SHIVVERS ILY
|-heal|p1a: PET SHIVVERS ILY|100\/100
|move|p2a: Webster|Surf|p1a: PET SHIVVERS ILY
|-damage|p1a: PET SHIVVERS ILY|48\/100
|
|turn|19
|choice||
|
|move|p1a: PET SHIVVERS ILY|Soft-Boiled|p1a: PET SHIVVERS ILY
|-heal|p1a: PET SHIVVERS ILY|98\/100
|move|p2a: Webster|Surf|p1a: PET SHIVVERS ILY
|-damage|p1a: PET SHIVVERS ILY|50\/100
|
|turn|20
|choice||
|
|move|p1a: PET SHIVVERS ILY|Soft-Boiled|p1a: PET SHIVVERS ILY
|-heal|p1a: PET SHIVVERS ILY|99\/100
|move|p2a: Webster|Surf|p1a: PET SHIVVERS ILY
|-damage|p1a: PET SHIVVERS ILY|46\/100
|
|turn|21
|choice||
|
|move|p1a: PET SHIVVERS ILY|Soft-Boiled|p1a: PET SHIVVERS ILY
|-heal|p1a: PET SHIVVERS ILY|96\/100
|move|p2a: Webster|Surf|p1a: PET SHIVVERS ILY
|-damage|p1a: PET SHIVVERS ILY|48\/100
|
|turn|22
|choice||
|
|move|p1a: PET SHIVVERS ILY|Soft-Boiled|p1a: PET SHIVVERS ILY
|-heal|p1a: PET SHIVVERS ILY|98\/100
|move|p2a: Webster|Surf|p1a: PET SHIVVERS ILY
|-crit|p1a: PET SHIVVERS ILY
|-damage|p1a: PET SHIVVERS ILY|71\/100
|
|turn|23
|choice||
|
|move|p1a: PET SHIVVERS ILY|Soft-Boiled|p1a: PET SHIVVERS ILY
|-heal|p1a: PET SHIVVERS ILY|100\/100
|move|p2a: Webster|Surf|p1a: PET SHIVVERS ILY
|-damage|p1a: PET SHIVVERS ILY|47\/100
|
|turn|24
|choice||
|
|move|p1a: PET SHIVVERS ILY|Soft-Boiled|p1a: PET SHIVVERS ILY
|-heal|p1a: PET SHIVVERS ILY|97\/100
|move|p2a: Webster|Surf|p1a: PET SHIVVERS ILY
|-damage|p1a: PET SHIVVERS ILY|48\/100
|
|turn|25
|choice||
|
|move|p1a: PET SHIVVERS ILY|Soft-Boiled|p1a: PET SHIVVERS ILY
|-heal|p1a: PET SHIVVERS ILY|98\/100
|move|p2a: Webster|Surf|p1a: PET SHIVVERS ILY
|-damage|p1a: PET SHIVVERS ILY|48\/100
|
|turn|26
|choice||
|
|move|p1a: PET SHIVVERS ILY|Soft-Boiled|p1a: PET SHIVVERS ILY
|-heal|p1a: PET SHIVVERS ILY|98\/100
|move|p2a: Webster|Surf|p1a: PET SHIVVERS ILY
|-damage|p1a: PET SHIVVERS ILY|47\/100
|
|turn|27
|choice||
|
|move|p1a: PET SHIVVERS ILY|Soft-Boiled|p1a: PET SHIVVERS ILY
|-heal|p1a: PET SHIVVERS ILY|97\/100
|move|p2a: Webster|Surf|p1a: PET SHIVVERS ILY
|-damage|p1a: PET SHIVVERS ILY|44\/100
|
|turn|28
|choice||
|
|move|p1a: PET SHIVVERS ILY|Soft-Boiled|p1a: PET SHIVVERS ILY
|-heal|p1a: PET SHIVVERS ILY|94\/100
|move|p2a: Webster|Surf|p1a: PET SHIVVERS ILY
|-damage|p1a: PET SHIVVERS ILY|40\/100
|
|turn|29
|choice||
|
|move|p1a: PET SHIVVERS ILY|Soft-Boiled|p1a: PET SHIVVERS ILY
|-heal|p1a: PET SHIVVERS ILY|90\/100
|move|p2a: Webster|Surf|p1a: PET SHIVVERS ILY
|-damage|p1a: PET SHIVVERS ILY|34\/100
|
|turn|30
|choice||
|
|move|p1a: PET SHIVVERS ILY|Soft-Boiled|p1a: PET SHIVVERS ILY
|-heal|p1a: PET SHIVVERS ILY|84\/100
|cant|p2a: Webster|par
|
|turn|31
|choice||
|
|switch|p1a: GYMNMONS2PRO|Dragonite|100\/100
|move|p2a: Webster|Surf|p1a: GYMNMONS2PRO
|-resisted|p1a: GYMNMONS2PRO
|-damage|p1a: GYMNMONS2PRO|49\/100
|
|turn|32
|choice||
|
|move|p1a: GYMNMONS2PRO|Wrap|p2a: Webster
|-damage|p2a: Webster|96\/100 par
|cant|p2a: Webster|partiallytrapped
|
|turn|33
|choice||
|
|switch|p1a: LORD BOYT BAE|Golem|100\/100
|cant|p2a: Webster|partiallytrapped
|
|turn|34
|choice||
|
|move|p1a: LORD BOYT BAE|Explosion|p2a: Webster
|-damage|p2a: Webster|0 fnt
|faint|p2a: Webster
|faint|p1a: LORD BOYT BAE
|choice||
|
|switch|p1a: CANT TOUCH KHAAMO|Gengar|100\/100
|switch|p2a: Vulvasaur|Venusaur|100\/100
|turn|35
|choice||
|
|move|p1a: CANT TOUCH KHAAMO|Psychic|p2a: Vulvasaur
|-supereffective|p2a: Vulvasaur
|-damage|p2a: Vulvasaur|54\/100
|move|p2a: Vulvasaur|Sleep Powder|p1a: CANT TOUCH KHAAMO
|-status|p1a: CANT TOUCH KHAAMO|slp
|
|turn|36
|choice||
|
|switch|p1a: GYMNMONS2PRO|Dragonite|49\/100
|move|p2a: Vulvasaur|Leech Seed|p1a: GYMNMONS2PRO
|-start|p1a: GYMNMONS2PRO|move: Leech Seed
|
|turn|37
|choice||
|
|move|p1a: GYMNMONS2PRO|Blizzard|p2a: Vulvasaur
|-supereffective|p2a: Vulvasaur
|-damage|p2a: Vulvasaur|0 fnt
|faint|p2a: Vulvasaur
|choice||
|
|switch|p2a: Kotaku|Slowbro|100\/100
|turn|38
|choice||
|
|move|p1a: GYMNMONS2PRO|Wrap|p2a: Kotaku
|-damage|p2a: Kotaku|97\/100
|-damage|p1a: GYMNMONS2PRO|43\/100|[from] Leech Seed|[of] p2a: Kotaku
|-heal|p2a: Kotaku|100\/100|[silent]
|cant|p2a: Kotaku|partiallytrapped
|
|turn|39
|choice||
|
|switch|p1a: RESK RAWR <3|Persian|100\/100
|cant|p2a: Kotaku|partiallytrapped
|
|turn|40
|choice||
|
|move|p1a: RESK RAWR <3|Screech|p2a: Kotaku
|-unboost|p2a: Kotaku|def|2
|move|p2a: Kotaku|Reflect|p2a: Kotaku
|-start|p2a: Kotaku|Reflect
|
|turn|41
|choice||
|
|move|p1a: RESK RAWR <3|Slash|p2a: Kotaku
|-crit|p2a: Kotaku
|-damage|p2a: Kotaku|69\/100
|move|p2a: Kotaku|Amnesia|p2a: Kotaku
|-boost|p2a: Kotaku|spd|2
|-boost|p2a: Kotaku|spa|2
|
|turn|42
|choice||
|
|move|p1a: RESK RAWR <3|Slash|p2a: Kotaku
|-crit|p2a: Kotaku
|-damage|p2a: Kotaku|38\/100
|move|p2a: Kotaku|Psychic|p1a: RESK RAWR <3
|-damage|p1a: RESK RAWR <3|33\/100
|
|turn|43
|choice||
|
|move|p1a: RESK RAWR <3|Hyper Beam|p2a: Kotaku
|-damage|p2a: Kotaku|5\/100
|move|p2a: Kotaku|Rest|p2a: Kotaku
|-status|p2a: Kotaku|slp
|-heal|p2a: Kotaku|100\/100 slp|[silent]
|-status|p2a: Kotaku|slp|[from] move: Rest
|
|turn|44
|-mustrecharge|p1a: RESK RAWR <3
|-mustrecharge|p1a: RESK RAWR <3
|choice||
|
|switch|p2a: Chansey|Chansey|100\/100
|cant|p1a: RESK RAWR <3|recharge
|
|turn|45
|choice||
|
|move|p1a: RESK RAWR <3|Slash|p2a: Chansey
|-crit|p2a: Chansey
|-damage|p2a: Chansey|51\/100
|move|p2a: Chansey|Thunder Wave|p1a: RESK RAWR <3
|-status|p1a: RESK RAWR <3|par
|
|turn|46
|choice||
|
|move|p2a: Chansey|Psychic|p1a: RESK RAWR <3
|-damage|p1a: RESK RAWR <3|3\/100 par
|-unboost|p1a: RESK RAWR <3|spd|1
|-unboost|p1a: RESK RAWR <3|spa|1
|move|p1a: RESK RAWR <3|Hyper Beam|p2a: Chansey
|-damage|p2a: Chansey|0 fnt
|faint|p2a: Chansey
|choice||
|
|switch|p2a: Kotaku|Slowbro|100\/100 slp
|turn|47
|choice||
|
|cant|p2a: Kotaku|slp
|move|p1a: RESK RAWR <3|Screech|p2a: Kotaku
|-unboost|p2a: Kotaku|def|2
|
|turn|48
|choice||
|
|switch|p2a: Neco|Snorlax|100\/100
|move|p1a: RESK RAWR <3|Screech|p2a: Neco
|-unboost|p2a: Neco|def|2
|
|turn|49
|choice||
|
|move|p2a: Neco|Thunderbolt|p1a: RESK RAWR <3
|-damage|p1a: RESK RAWR <3|0 fnt
|faint|p1a: RESK RAWR <3
|choice||
|
|switch|p1a: GYMNMONS2PRO|Dragonite|43\/100
|turn|50
|choice||
|
|switch|p2a: Kotaku|Slowbro|100\/100 slp
|move|p1a: GYMNMONS2PRO|Wrap|p2a: Kotaku|[miss]
|-miss|p1a: GYMNMONS2PRO
|
|turn|51
|choice||
|
|move|p1a: GYMNMONS2PRO|Wrap|p2a: Kotaku
|-damage|p2a: Kotaku|97\/100 slp
|-curestatus|p2a: Kotaku|slp
|
|turn|52
|choice||
|
|move|p1a: GYMNMONS2PRO|Wrap|p2a: Kotaku|[from]Wrap
|-damage|p2a: Kotaku|93\/100
|cant|p2a: Kotaku|partiallytrapped
|
|turn|53
|choice||
|
|move|p1a: GYMNMONS2PRO|Wrap|p2a: Kotaku
|-damage|p2a: Kotaku|90\/100
|cant|p2a: Kotaku|partiallytrapped
|
|turn|54
|choice||
|
|move|p1a: GYMNMONS2PRO|Wrap|p2a: Kotaku|[from]Wrap
|-damage|p2a: Kotaku|86\/100
|cant|p2a: Kotaku|partiallytrapped
|
|turn|55
|choice||
|
|move|p1a: GYMNMONS2PRO|Wrap|p2a: Kotaku|[from]Wrap
|-damage|p2a: Kotaku|82\/100
|cant|p2a: Kotaku|partiallytrapped
|
|turn|56
|choice||
|
|move|p1a: GYMNMONS2PRO|Wrap|p2a: Kotaku|[miss]
|-miss|p1a: GYMNMONS2PRO
|move|p2a: Kotaku|Reflect|p2a: Kotaku
|-start|p2a: Kotaku|Reflect
|
|turn|57
|choice||
|
|move|p1a: GYMNMONS2PRO|Wrap|p2a: Kotaku
|-damage|p2a: Kotaku|80\/100
|cant|p2a: Kotaku|partiallytrapped
|
|turn|58
|choice||
|
|move|p1a: GYMNMONS2PRO|Wrap|p2a: Kotaku|[from]Wrap
|-damage|p2a: Kotaku|78\/100
|cant|p2a: Kotaku|partiallytrapped
|
|turn|59
|choice||
|
|move|p1a: GYMNMONS2PRO|Wrap|p2a: Kotaku|[miss]
|-miss|p1a: GYMNMONS2PRO
|move|p2a: Kotaku|Amnesia|p2a: Kotaku
|-boost|p2a: Kotaku|spd|2
|-boost|p2a: Kotaku|spa|2
|
|turn|60
|choice||
|
|move|p1a: GYMNMONS2PRO|Wrap|p2a: Kotaku
|-damage|p2a: Kotaku|76\/100
|cant|p2a: Kotaku|partiallytrapped
|
|turn|61
|choice||
|
|move|p1a: GYMNMONS2PRO|Wrap|p2a: Kotaku|[from]Wrap
|-damage|p2a: Kotaku|74\/100
|cant|p2a: Kotaku|partiallytrapped
|
|turn|62
|choice||
|
|move|p1a: GYMNMONS2PRO|Wrap|p2a: Kotaku|[from]Wrap
|-damage|p2a: Kotaku|73\/100
|cant|p2a: Kotaku|partiallytrapped
|
|turn|63
|choice||
|
|move|p1a: GYMNMONS2PRO|Wrap|p2a: Kotaku
|-damage|p2a: Kotaku|70\/100
|cant|p2a: Kotaku|partiallytrapped
|
|turn|64
|choice||
|
|move|p1a: GYMNMONS2PRO|Wrap|p2a: Kotaku|[from]Wrap
|-damage|p2a: Kotaku|68\/100
|cant|p2a: Kotaku|partiallytrapped
|
|turn|65
|choice||
|
|move|p1a: GYMNMONS2PRO|Wrap|p2a: Kotaku|[from]Wrap
|-damage|p2a: Kotaku|66\/100
|cant|p2a: Kotaku|partiallytrapped
|
|turn|66
|choice||
|
|move|p1a: GYMNMONS2PRO|Wrap|p2a: Kotaku
|-damage|p2a: Kotaku|64\/100
|cant|p2a: Kotaku|partiallytrapped
|
|turn|67
|choice||
|
|move|p1a: GYMNMONS2PRO|Wrap|p2a: Kotaku|[from]Wrap
|-damage|p2a: Kotaku|62\/100
|cant|p2a: Kotaku|partiallytrapped
|
|turn|68
|choice||
|
|move|p1a: GYMNMONS2PRO|Wrap|p2a: Kotaku
|-damage|p2a: Kotaku|60\/100
|cant|p2a: Kotaku|partiallytrapped
|
|turn|69
|choice||
|
|move|p1a: GYMNMONS2PRO|Wrap|p2a: Kotaku|[from]Wrap
|-damage|p2a: Kotaku|58\/100
|cant|p2a: Kotaku|partiallytrapped
|
|turn|70
|choice||
|
|move|p1a: GYMNMONS2PRO|Wrap|p2a: Kotaku|[from]Wrap
|-damage|p2a: Kotaku|56\/100
|cant|p2a: Kotaku|partiallytrapped
|
|turn|71
|choice||
|
|move|p1a: GYMNMONS2PRO|Wrap|p2a: Kotaku|[from]Wrap
|-damage|p2a: Kotaku|54\/100
|cant|p2a: Kotaku|partiallytrapped
|
|turn|72
|choice||
|
|move|p1a: GYMNMONS2PRO|Wrap|p2a: Kotaku|[from]Wrap
|-damage|p2a: Kotaku|52\/100
|cant|p2a: Kotaku|partiallytrapped
|
|turn|73
|choice||
|
|move|p1a: GYMNMONS2PRO|Wrap|p2a: Kotaku|[miss]
|-miss|p1a: GYMNMONS2PRO
|move|p2a: Kotaku|Psychic|p1a: GYMNMONS2PRO
|-crit|p1a: GYMNMONS2PRO
|-damage|p1a: GYMNMONS2PRO|0 fnt
|faint|p1a: GYMNMONS2PRO
|choice||
|
|switch|p1a: PET SHIVVERS ILY|Chansey|84\/100
|turn|74
|choice||
|
|move|p1a: PET SHIVVERS ILY|Thunder Wave|p2a: Kotaku
|-status|p2a: Kotaku|par
|move|p2a: Kotaku|Amnesia|p2a: Kotaku
|-boost|p2a: Kotaku|spd|2
|-boost|p2a: Kotaku|spa|2
|
|turn|75
|choice||
|
|switch|p1a: CANT TOUCH KHAAMO|Gengar|100\/100 slp
|cant|p2a: Kotaku|par
|
|turn|76
|choice||
|
|cant|p1a: CANT TOUCH KHAAMO|slp
|move|p2a: Kotaku|Amnesia|p2a: Kotaku
|-boost|p2a: Kotaku|spd|2
|-boost|p2a: Kotaku|spa|2
|
|turn|77
|choice||
|
|cant|p1a: CANT TOUCH KHAAMO|slp
|move|p2a: Kotaku|Psychic|p1a: CANT TOUCH KHAAMO
|-supereffective|p1a: CANT TOUCH KHAAMO
|-damage|p1a: CANT TOUCH KHAAMO|0 fnt
|faint|p1a: CANT TOUCH KHAAMO
|choice||
|
|switch|p1a: JANOMI4LYF|Alakazam|100\/100
|turn|78
|choice||
|
|move|p1a: JANOMI4LYF|Psychic|p2a: Kotaku
|-resisted|p2a: Kotaku
|-damage|p2a: Kotaku|47\/100 par
|-unboost|p2a: Kotaku|spd|1
|-unboost|p2a: Kotaku|spa|1
|cant|p2a: Kotaku|par
|
|turn|79
|choice||
|
|move|p1a: JANOMI4LYF|Psychic|p2a: Kotaku
|-crit|p2a: Kotaku
|-resisted|p2a: Kotaku
|-damage|p2a: Kotaku|12\/100 par
|-unboost|p2a: Kotaku|spd|1
|-unboost|p2a: Kotaku|spa|1
|move|p2a: Kotaku|Amnesia|p2a: Kotaku
|-boost|p2a: Kotaku|spd|2
|-boost|p2a: Kotaku|spa|2
|
|turn|80
|choice||
|
|move|p1a: JANOMI4LYF|Psychic|p2a: Kotaku
|-resisted|p2a: Kotaku
|-damage|p2a: Kotaku|7\/100 par
|move|p2a: Kotaku|Rest|p2a: Kotaku
|-status|p2a: Kotaku|slp
|-heal|p2a: Kotaku|100\/100 slp|[silent]
|-status|p2a: Kotaku|slp|[from] move: Rest
|
|turn|81
|choice||
|
|move|p1a: JANOMI4LYF|Psychic|p2a: Kotaku
|-crit|p2a: Kotaku
|-resisted|p2a: Kotaku
|-damage|p2a: Kotaku|64\/100 slp
|cant|p2a: Kotaku|slp
|
|turn|82
|choice||
|
|move|p1a: JANOMI4LYF|Psychic|p2a: Kotaku
|-resisted|p2a: Kotaku
|-damage|p2a: Kotaku|59\/100 slp
|-curestatus|p2a: Kotaku|slp
|
|turn|83
|choice||
|
|switch|p1a: PET SHIVVERS ILY|Chansey|84\/100
|move|p2a: Kotaku|Psychic|p1a: PET SHIVVERS ILY
|-damage|p1a: PET SHIVVERS ILY|35\/100
|-unboost|p1a: PET SHIVVERS ILY|spd|1
|-unboost|p1a: PET SHIVVERS ILY|spa|1
|
|turn|84
|choice||
|
|move|p1a: PET SHIVVERS ILY|Thunder Wave|p2a: Kotaku
|-status|p2a: Kotaku|par
|move|p2a: Kotaku|Psychic|p1a: PET SHIVVERS ILY
|-damage|p1a: PET SHIVVERS ILY|0 fnt
|faint|p1a: PET SHIVVERS ILY
|choice||
|
|switch|p1a: JANOMI4LYF|Alakazam|100\/100
|turn|85
|choice||
|
|move|p1a: JANOMI4LYF|Psychic|p2a: Kotaku
|-resisted|p2a: Kotaku
|-damage|p2a: Kotaku|54\/100 par
|cant|p2a: Kotaku|par
|
|turn|86
|choice||
|
|move|p1a: JANOMI4LYF|Psychic|p2a: Kotaku
|-resisted|p2a: Kotaku
|-damage|p2a: Kotaku|49\/100 par
|-unboost|p2a: Kotaku|spd|1
|-unboost|p2a: Kotaku|spa|1
|cant|p2a: Kotaku|par
|
|turn|87
|choice||
|
|move|p1a: JANOMI4LYF|Psychic|p2a: Kotaku
|-resisted|p2a: Kotaku
|-damage|p2a: Kotaku|43\/100 par
|move|p2a: Kotaku|Psychic|p1a: JANOMI4LYF
|-resisted|p1a: JANOMI4LYF
|-damage|p1a: JANOMI4LYF|60\/100
|-unboost|p1a: JANOMI4LYF|spd|1
|-unboost|p1a: JANOMI4LYF|spa|1
|
|turn|88
|choice||
|
|move|p1a: JANOMI4LYF|Psychic|p2a: Kotaku
|-resisted|p2a: Kotaku
|-damage|p2a: Kotaku|39\/100 par
|cant|p2a: Kotaku|par
|
|turn|89
|choice||
|
|move|p1a: JANOMI4LYF|Psychic|p2a: Kotaku
|-crit|p2a: Kotaku
|-resisted|p2a: Kotaku
|-damage|p2a: Kotaku|4\/100 par
|-unboost|p2a: Kotaku|spd|1
|-unboost|p2a: Kotaku|spa|1
|move|p2a: Kotaku|Rest|p2a: Kotaku
|-status|p2a: Kotaku|slp
|-heal|p2a: Kotaku|100\/100 slp|[silent]
|-status|p2a: Kotaku|slp|[from] move: Rest
|
|turn|90
|choice||
|
|move|p1a: JANOMI4LYF|Psychic|p2a: Kotaku
|-resisted|p2a: Kotaku
|-damage|p2a: Kotaku|96\/100 slp
|-unboost|p2a: Kotaku|spd|1
|-unboost|p2a: Kotaku|spa|1
|cant|p2a: Kotaku|slp
|
|turn|91
|choice||
|
|move|p1a: JANOMI4LYF|Psychic|p2a: Kotaku
|-resisted|p2a: Kotaku
|-damage|p2a: Kotaku|92\/100 slp
|-unboost|p2a: Kotaku|spd|1
|-unboost|p2a: Kotaku|spa|1
|-curestatus|p2a: Kotaku|slp
|
|turn|92
|choice||
|
|move|p1a: JANOMI4LYF|Thunder Wave|p2a: Kotaku
|-status|p2a: Kotaku|par
|move|p2a: Kotaku|Amnesia|p2a: Kotaku
|-boost|p2a: Kotaku|spd|2
|-boost|p2a: Kotaku|spa|2
|
|turn|93
|choice||
|
|move|p1a: JANOMI4LYF|Psychic|p2a: Kotaku
|-resisted|p2a: Kotaku
|-damage|p2a: Kotaku|88\/100 par
|move|p2a: Kotaku|Amnesia|p2a: Kotaku
|-boost|p2a: Kotaku|spd|2
|-boost|p2a: Kotaku|spa|2
|
|turn|94
|choice||
|
|move|p1a: JANOMI4LYF|Psychic|p2a: Kotaku
|-resisted|p2a: Kotaku
|-damage|p2a: Kotaku|84\/100 par
|move|p2a: Kotaku|Psychic|p1a: JANOMI4LYF
|-resisted|p1a: JANOMI4LYF
|-damage|p1a: JANOMI4LYF|0 fnt
|faint|p1a: JANOMI4LYF
|
|win|Xak Charles
|player|p1
|player|p2
|raw|Judo's rating: 1109 &rarr; <strong>1082<\/strong><br \/>(-27 for losing)
|raw|Xak Charles's rating: 1090 &rarr; <strong>1118<\/strong><br \/>(+28 for winning)
|c|★Xak Charles|99
|c|★Judo|gg