|join|rgs843
|join|MALESANI
|player|p1|rgs843|127
|player|p2|MALESANI|238
|gametype|singles
|gen|1
|tier|[Gen 1] Random Battle
|rated
|seed|47265,34470,29215,43101
|rule|Sleep Clause Mod: Limit one foe put to sleep
|rule|Freeze Clause Mod: Limit one foe frozen
|rule|HP Percentage Mod: HP is shown in percentages
|
|start
|switch|p1a: Caterpie|Caterpie, L99|290\/290
|switch|p2a: Hypno|Hypno, L85|318\/318
|turn|1
|choice|move 2|move 1
|
|move|p2a: Hypno|Psychic|p1a: Caterpie
|-damage|p1a: Caterpie|91\/290
|move|p1a: Caterpie|Tackle|p2a: Hypno
|-damage|p2a: Hypno|297\/318
|
|turn|2
|choice|move 2|move 1
|
|move|p2a: Hypno|Psychic|p1a: Caterpie
|-damage|p1a: Caterpie|0 fnt
|faint|p1a: Caterpie
|choice|switch 4|
|
|switch|p1a: Tauros|Tauros, L79|280\/280
|turn|3
|choice|move 2|move 2
|
|move|p1a: Tauros|Body Slam|p2a: Hypno|[miss]
|-miss|p1a: Tauros
|move|p2a: Hypno|Counter|p1a: Tauros
|-fail|p2a: Hypno
|
|turn|4
|choice|move 1|move 4
|
|move|p1a: Tauros|Blizzard|p2a: Hypno
|-damage|p2a: Hypno|249\/318
|move|p2a: Hypno|Hypnosis|p1a: Tauros
|-status|p1a: Tauros|slp
|
|turn|5
|choice|move 2|move 1
|
|cant|p1a: Tauros|slp
|move|p2a: Hypno|Psychic|p1a: Tauros
|-damage|p1a: Tauros|137\/280 slp
|-unboost|p1a: Tauros|spd|1
|-unboost|p1a: Tauros|spa|1
|
|turn|6
|choice|move 2|move 1
|
|cant|p1a: Tauros|slp
|move|p2a: Hypno|Psychic|p1a: Tauros
|-damage|p1a: Tauros|0 fnt
|faint|p1a: Tauros
|choice|switch 2|
|
|switch|p1a: Alakazam|Alakazam, L79|249\/249
|turn|7
|choice|move 3|move 4
|
|move|p1a: Alakazam|Thunder Wave|p2a: Hypno
|-status|p2a: Hypno|par
|move|p2a: Hypno|Hypnosis|p1a: Alakazam
|-status|p1a: Alakazam|slp
|
|turn|8
|choice|move 1|move 1
|
|cant|p1a: Alakazam|slp
|move|p2a: Hypno|Psychic|p1a: Alakazam
|-resisted|p1a: Alakazam
|-damage|p1a: Alakazam|203\/249 slp
|
|turn|9
|choice|move 1|move 1
|
|-curestatus|p1a: Alakazam|slp
|cant|p2a: Hypno|par
|
|turn|10
|choice|move 1|move 4
|
|move|p1a: Alakazam|Psychic|p2a: Hypno
|-resisted|p2a: Hypno
|-damage|p2a: Hypno|209\/318 par
|-unboost|p2a: Hypno|spd|1
|-unboost|p2a: Hypno|spa|1
|cant|p2a: Hypno|par
|
|turn|11
|choice|move 1|move 4
|
|move|p1a: Alakazam|Psychic|p2a: Hypno
|-crit|p2a: Hypno
|-resisted|p2a: Hypno
|-damage|p2a: Hypno|123\/318 par
|move|p2a: Hypno|Hypnosis|p1a: Alakazam
|-status|p1a: Alakazam|slp
|
|turn|12
|choice|move 1|switch 5
|
|switch|p2a: Sandslash|Sandslash, L85|301\/301
|-curestatus|p1a: Alakazam|slp
|
|turn|13
|choice|move 1|move 2
|
|move|p1a: Alakazam|Psychic|p2a: Sandslash
|-damage|p2a: Sandslash|176\/301
|move|p2a: Sandslash|Body Slam|p1a: Alakazam
|-damage|p1a: Alakazam|102\/249
|
|turn|14
|choice|move 4|move 1
|
|move|p1a: Alakazam|Recover|p1a: Alakazam
|-heal|p1a: Alakazam|226\/249
|move|p2a: Sandslash|Earthquake|p1a: Alakazam
|-damage|p1a: Alakazam|51\/249
|
|turn|15
|choice|move 4|move 1
|
|move|p1a: Alakazam|Recover|p1a: Alakazam
|-heal|p1a: Alakazam|175\/249
|move|p2a: Sandslash|Earthquake|p1a: Alakazam
|-damage|p1a: Alakazam|2\/249
|
|turn|16
|choice|switch 5|move 2
|
|switch|p1a: Lapras|Lapras, L79|367\/367
|move|p2a: Sandslash|Body Slam|p1a: Lapras
|-damage|p1a: Lapras|292\/367
|
|turn|17
|choice|move 3|switch 5
|
|switch|p2a: Hypno|Hypno, L85|123\/318 par
|move|p1a: Lapras|Blizzard|p2a: Hypno
|-damage|p2a: Hypno|29\/318 par
|
|turn|18
|choice|move 4|move 4
|
|move|p1a: Lapras|Body Slam|p2a: Hypno
|-damage|p2a: Hypno|0 fnt
|faint|p2a: Hypno
|choice||switch 4
|
|switch|p2a: Chansey|Chansey, L79|557\/557
|turn|19
|choice|move 4|move 3
|
|move|p1a: Lapras|Body Slam|p2a: Chansey
|-crit|p2a: Chansey
|-damage|p2a: Chansey|302\/557
|move|p2a: Chansey|Thunder Wave|p1a: Lapras|[miss]
|-miss|p2a: Chansey
|
|turn|20
|choice|move 4|move 3
|
|move|p1a: Lapras|Body Slam|p2a: Chansey
|-damage|p2a: Chansey|167\/557
|move|p2a: Chansey|Thunder Wave|p1a: Lapras
|-status|p1a: Lapras|par
|
|turn|21
|choice|move 4|move 1
|
|move|p2a: Chansey|Soft-Boiled|p2a: Chansey
|-heal|p2a: Chansey|445\/557
|move|p1a: Lapras|Body Slam|p2a: Chansey
|-damage|p2a: Chansey|318\/557
|
|turn|22
|choice|move 2|move 4
|
|move|p2a: Chansey|Thunderbolt|p1a: Lapras
|-crit|p1a: Lapras
|-supereffective|p1a: Lapras
|-damage|p1a: Lapras|24\/367 par
|move|p1a: Lapras|Confuse Ray|p2a: Chansey
|-start|p2a: Chansey|confusion
|
|turn|23
|choice|move 1|move 1
|
|-activate|p2a: Chansey|confusion
|move|p2a: Chansey|Soft-Boiled|p2a: Chansey
|-heal|p2a: Chansey|557\/557
|move|p1a: Lapras|Rest|p1a: Lapras
|-status|p1a: Lapras|slp
|-heal|p1a: Lapras|367\/367 slp|[silent]
|-status|p1a: Lapras|slp|[from] move: Rest
|
|turn|24
|choice|switch 3|move 4
|
|switch|p1a: Rhydon|Rhydon, L79|328\/328
|-activate|p2a: Chansey|confusion
|-damage|p2a: Chansey|529\/557|[from] confusion
|
|turn|25
|choice|move 3|switch 6
|
|switch|p2a: Articuno|Articuno, L79|304\/304
|move|p1a: Rhydon|Earthquake|p2a: Articuno
|-immune|p2a: Articuno|[msg]
|
|turn|26
|choice|move 4|move 3
|
|move|p2a: Articuno|Blizzard|p1a: Rhydon|[miss]
|-miss|p2a: Articuno
|move|p1a: Rhydon|Rock Slide|p2a: Articuno
|-supereffective|p2a: Articuno
|-damage|p2a: Articuno|0 fnt
|faint|p2a: Articuno
|choice||switch 2
|
|switch|p2a: Omastar|Omastar, L90|309\/309
|turn|27
|choice|move 3|move 3
|
|move|p2a: Omastar|Surf|p1a: Rhydon
|-crit|p1a: Rhydon
|-supereffective|p1a: Rhydon
|-damage|p1a: Rhydon|0 fnt
|faint|p1a: Rhydon
|choice|switch 5|
|
|switch|p1a: Alakazam|Alakazam, L79|2\/249
|turn|28
|choice|move 4|move 1
|
|move|p1a: Alakazam|Recover|p1a: Alakazam
|-heal|p1a: Alakazam|126\/249
|move|p2a: Omastar|Blizzard|p1a: Alakazam
|-damage|p1a: Alakazam|36\/249
|
|turn|29
|choice|move 4|move 1
|
|move|p1a: Alakazam|Recover|p1a: Alakazam
|-heal|p1a: Alakazam|160\/249
|move|p2a: Omastar|Blizzard|p1a: Alakazam
|-damage|p1a: Alakazam|77\/249
|
|turn|30
|choice|move 4|move 1
|
|move|p1a: Alakazam|Recover|p1a: Alakazam
|-heal|p1a: Alakazam|201\/249
|move|p2a: Omastar|Blizzard|p1a: Alakazam
|-crit|p1a: Alakazam
|-damage|p1a: Alakazam|22\/249
|
|turn|31
|choice|move 4|move 1
|
|move|p1a: Alakazam|Recover|p1a: Alakazam
|-heal|p1a: Alakazam|146\/249
|move|p2a: Omastar|Blizzard|p1a: Alakazam|[miss]
|-miss|p2a: Omastar
|
|turn|32
|choice|move 4|move 1
|
|move|p1a: Alakazam|Recover|p1a: Alakazam
|-heal|p1a: Alakazam|249\/249
|move|p2a: Omastar|Blizzard|p1a: Alakazam|[miss]
|-miss|p2a: Omastar
|
|turn|33
|choice|move 3|switch 3
|
|switch|p2a: Exeggutor|Exeggutor, L79|312\/312
|move|p1a: Alakazam|Thunder Wave|p2a: Exeggutor
|-status|p2a: Exeggutor|par
|
|turn|34
|choice|switch 3|move 1
|
|switch|p1a: Lapras|Lapras, L79|367\/367 slp
|cant|p2a: Exeggutor|par
|
|turn|35
|choice|move 3|switch 6
|
|switch|p2a: Chansey|Chansey, L79|529\/557
|cant|p1a: Lapras|slp
|
|turn|36
|choice|move 3|move 4
|
|-curestatus|p1a: Lapras|slp
|move|p2a: Chansey|Thunderbolt|p1a: Lapras
|-supereffective|p1a: Lapras
|-damage|p1a: Lapras|247\/367
|
|turn|37
|choice|move 4|move 4
|
|move|p1a: Lapras|Body Slam|p2a: Chansey
|-damage|p2a: Chansey|392\/557
|move|p2a: Chansey|Thunderbolt|p1a: Lapras
|-supereffective|p1a: Lapras
|-damage|p1a: Lapras|120\/367
|
|turn|38
|choice|move 4|move 4
|
|move|p1a: Lapras|Body Slam|p2a: Chansey
|-damage|p2a: Chansey|273\/557
|move|p2a: Chansey|Thunderbolt|p1a: Lapras
|-supereffective|p1a: Lapras
|-damage|p1a: Lapras|3\/367
|-status|p1a: Lapras|par
|
|turn|39
|choice|move 4|move 4
|
|move|p2a: Chansey|Thunderbolt|p1a: Lapras
|-supereffective|p1a: Lapras
|-damage|p1a: Lapras|0 fnt
|faint|p1a: Lapras
|choice|switch 6|
|
|switch|p1a: Jolteon|Jolteon, L79|265\/265
|turn|40
|choice|move 3|move 3
|
|move|p1a: Jolteon|Double Kick|p2a: Chansey
|-supereffective|p2a: Chansey
|-damage|p2a: Chansey|196\/557
|-damage|p2a: Chansey|119\/557
|-hitcount|p2a: Chansey|2
|move|p2a: Chansey|Thunder Wave|p1a: Jolteon
|-status|p1a: Jolteon|par
|
|turn|41
|choice|move 3|move 1
|
|move|p2a: Chansey|Soft-Boiled|p2a: Chansey
|-heal|p2a: Chansey|397\/557
|move|p1a: Jolteon|Double Kick|p2a: Chansey
|-supereffective|p2a: Chansey
|-damage|p2a: Chansey|319\/557
|-damage|p2a: Chansey|241\/557
|-hitcount|p2a: Chansey|2
|
|turn|42
|choice|move 2|move 1
|
|move|p2a: Chansey|Soft-Boiled|p2a: Chansey
|-heal|p2a: Chansey|519\/557
|move|p1a: Jolteon|Thunder Wave|p2a: Chansey
|-status|p2a: Chansey|par
|
|turn|43
|choice|move 3|switch 5
|
|switch|p2a: Sandslash|Sandslash, L85|176\/301
|move|p1a: Jolteon|Double Kick|p2a: Sandslash
|-crit|p2a: Sandslash
|-damage|p2a: Sandslash|152\/301
|-damage|p2a: Sandslash|128\/301
|-hitcount|p2a: Sandslash|2
|
|turn|44
|choice|switch 3|move 1
|
|switch|p1a: Alakazam|Alakazam, L79|249\/249
|move|p2a: Sandslash|Earthquake|p1a: Alakazam
|-damage|p1a: Alakazam|91\/249
|
|turn|45
|choice|move 1|switch 6
|
|switch|p2a: Exeggutor|Exeggutor, L79|312\/312 par
|move|p1a: Alakazam|Psychic|p2a: Exeggutor
|-resisted|p2a: Exeggutor
|-damage|p2a: Exeggutor|270\/312 par
|
|turn|46
|choice|move 4|move 4
|
|move|p1a: Alakazam|Recover|p1a: Alakazam
|-heal|p1a: Alakazam|215\/249
|move|p2a: Exeggutor|Psychic|p1a: Alakazam
|-resisted|p1a: Alakazam
|-damage|p1a: Alakazam|176\/249
|-unboost|p1a: Alakazam|spd|1
|-unboost|p1a: Alakazam|spa|1
|
|turn|47
|choice|move 2|move 1
|
|move|p1a: Alakazam|Reflect|p1a: Alakazam
|-start|p1a: Alakazam|Reflect
|move|p2a: Exeggutor|Sleep Powder|p1a: Alakazam
|-status|p1a: Alakazam|slp
|
|turn|48
|choice|move 4|switch 6
|
|switch|p2a: Sandslash|Sandslash, L85|128\/301
|cant|p1a: Alakazam|slp
|
|turn|49
|choice|move 4|move 1
|
|cant|p1a: Alakazam|slp
|move|p2a: Sandslash|Earthquake|p1a: Alakazam
|-damage|p1a: Alakazam|90\/249 slp
|
|turn|50
|choice|move 4|move 3
|
|cant|p1a: Alakazam|slp
|move|p2a: Sandslash|Swords Dance|p2a: Sandslash
|-boost|p2a: Sandslash|atk|2
|
|turn|51
|choice|move 4|move 1
|
|-curestatus|p1a: Alakazam|slp
|move|p2a: Sandslash|Earthquake|p1a: Alakazam
|-damage|p1a: Alakazam|0 fnt
|faint|p1a: Alakazam
|choice|switch 3|
|
|switch|p1a: Jolteon|Jolteon, L79|265\/265 par
|turn|52
|-message|rgs843 forfeited.
|
|win|MALESANI
|leave|rgs843
|player|p1
|raw|rgs843's rating: 1000 &rarr; <strong>1000<\/strong><br \/>(+0 for losing)
|raw|MALESANI's rating: 1119 &rarr; <strong>1135<\/strong><br \/>(+16 for winning)