|join|MrSaenz715
|join|Feena
|player|p1|MrSaenz715|169
|player|p2|Feena|170
|gametype|singles
|gen|1
|tier|[Gen 1] Random Battle
|rated
|rule|Sleep Clause Mod: Limit one foe put to sleep
|rule|Freeze Clause Mod: Limit one foe frozen
|rule|HP Percentage Mod: HP is shown in percentages
|
|start
|switch|p1a: Marowak|Marowak, L86|279\/279
|switch|p2a: Golduck|Golduck, L86|313\/313
|turn|1
|
|switch|p1a: Slowbro|Slowbro, L80|316\/316
|move|p2a: Golduck|Amnesia|p2a: Golduck
|-boost|p2a: Golduck|spd|2
|-boost|p2a: Golduck|spa|2
|
|turn|2
|
|move|p2a: Golduck|Body Slam|p1a: Slowbro
|-damage|p1a: Slowbro|262\/316
|move|p1a: Slowbro|Thunder Wave|p2a: Golduck
|-status|p2a: Golduck|par
|
|turn|3
|
|move|p1a: Slowbro|Amnesia|p1a: Slowbro
|-boost|p1a: Slowbro|spd|2
|-boost|p1a: Slowbro|spa|2
|move|p2a: Golduck|Body Slam|p1a: Slowbro
|-damage|p1a: Slowbro|213\/316
|
|turn|4
|
|switch|p2a: Jolteon|Jolteon, L86|287\/287
|move|p1a: Slowbro|Amnesia|p1a: Slowbro
|-boost|p1a: Slowbro|spd|2
|-boost|p1a: Slowbro|spa|2
|
|turn|5
|
|move|p2a: Jolteon|Thunderbolt|p1a: Slowbro
|-supereffective|p1a: Slowbro
|-damage|p1a: Slowbro|120\/316
|-status|p1a: Slowbro|par
|move|p1a: Slowbro|Thunder Wave|p2a: Jolteon
|-status|p2a: Jolteon|par
|
|turn|6
|
|move|p2a: Jolteon|Thunderbolt|p1a: Slowbro
|-crit|p1a: Slowbro
|-supereffective|p1a: Slowbro
|-damage|p1a: Slowbro|0 fnt
|faint|p1a: Slowbro
|
|switch|p1a: Grimer|Grimer, L95|345\/345
|turn|7
|
|switch|p2a: Diglett|Diglett, L95|212\/212
|move|p1a: Grimer|Screech|p2a: Diglett|[miss]
|-miss|p1a: Grimer
|
|turn|8
|
|move|p2a: Diglett|Earthquake|p1a: Grimer
|-crit|p1a: Grimer
|-supereffective|p1a: Grimer
|-damage|p1a: Grimer|0 fnt
|faint|p1a: Grimer
|
|switch|p1a: Vaporeon|Vaporeon, L86|399\/399
|turn|9
|
|switch|p2a: Golduck|Golduck, L86|313\/313 par
|move|p1a: Vaporeon|Surf|p2a: Golduck
|-resisted|p2a: Golduck
|-damage|p2a: Golduck|254\/313 par
|
|turn|10
|
|move|p1a: Vaporeon|Blizzard|p2a: Golduck
|-resisted|p2a: Golduck
|-damage|p2a: Golduck|202\/313 par
|move|p2a: Golduck|Amnesia|p2a: Golduck
|-boost|p2a: Golduck|spd|2
|-boost|p2a: Golduck|spa|2
|
|turn|11
|
|move|p1a: Vaporeon|Mimic|p2a: Golduck
|-start|p1a: Vaporeon|Mimic|Blizzard
|move|p2a: Golduck|Body Slam|p1a: Vaporeon
|-damage|p1a: Vaporeon|332\/399
|
|turn|12
|
|move|p1a: Vaporeon|Blizzard|p2a: Golduck
|-resisted|p2a: Golduck
|-damage|p2a: Golduck|179\/313 par
|move|p2a: Golduck|Body Slam|p1a: Vaporeon
|-damage|p1a: Vaporeon|267\/399
|
|turn|13
|
|move|p1a: Vaporeon|Blizzard|p2a: Golduck
|-resisted|p2a: Golduck
|-damage|p2a: Golduck|154\/313 par
|move|p2a: Golduck|Surf|p1a: Vaporeon
|-resisted|p1a: Vaporeon
|-damage|p1a: Vaporeon|191\/399
|
|turn|14
|
|move|p1a: Vaporeon|Blizzard|p2a: Golduck
|-crit|p2a: Golduck
|-resisted|p2a: Golduck
|-damage|p2a: Golduck|63\/313 par
|move|p2a: Golduck|Body Slam|p1a: Vaporeon
|-damage|p1a: Vaporeon|119\/399
|
|turn|15
|
|move|p1a: Vaporeon|Blizzard|p2a: Golduck
|-resisted|p2a: Golduck
|-damage|p2a: Golduck|39\/313 par
|move|p2a: Golduck|Body Slam|p1a: Vaporeon
|-damage|p1a: Vaporeon|50\/399
|-status|p1a: Vaporeon|par
|
|turn|16
|
|cant|p2a: Golduck|par
|move|p1a: Vaporeon|Rest|p1a: Vaporeon
|-status|p1a: Vaporeon|slp
|-heal|p1a: Vaporeon|399\/399 slp|[silent]
|-status|p1a: Vaporeon|slp|[from] move: Rest
|
|turn|17
|
|move|p2a: Golduck|Amnesia|p2a: Golduck
|-boost|p2a: Golduck|spd|2
|-boost|p2a: Golduck|spa|2
|cant|p1a: Vaporeon|slp
|
|turn|18
|
|cant|p2a: Golduck|par
|cant|p1a: Vaporeon|slp
|-curestatus|p1a: Vaporeon|slp
|
|turn|19
|
|move|p2a: Golduck|Surf|p1a: Vaporeon
|-resisted|p1a: Vaporeon
|-damage|p1a: Vaporeon|279\/399
|move|p1a: Vaporeon|Blizzard|p2a: Golduck|[miss]
|-miss|p1a: Vaporeon
|
|turn|20
|
|cant|p2a: Golduck|par
|move|p1a: Vaporeon|Blizzard|p2a: Golduck|[miss]
|-miss|p1a: Vaporeon
|
|turn|21
|
|cant|p2a: Golduck|par
|move|p1a: Vaporeon|Blizzard|p2a: Golduck|[miss]
|-miss|p1a: Vaporeon
|
|turn|22
|
|move|p2a: Golduck|Surf|p1a: Vaporeon
|-resisted|p1a: Vaporeon
|-damage|p1a: Vaporeon|165\/399
|move|p1a: Vaporeon|Surf|p2a: Golduck
|-resisted|p2a: Golduck
|-damage|p2a: Golduck|19\/313 par
|
|turn|23
|
|cant|p2a: Golduck|par
|move|p1a: Vaporeon|Surf|p2a: Golduck|[miss]
|-miss|p1a: Vaporeon
|
|turn|24
|
|move|p2a: Golduck|Body Slam|p1a: Vaporeon
|-damage|p1a: Vaporeon|90\/399
|-status|p1a: Vaporeon|par
|cant|p1a: Vaporeon|par
|
|turn|25
|
|move|p2a: Golduck|Surf|p1a: Vaporeon
|-resisted|p1a: Vaporeon
|-damage|p1a: Vaporeon|0 fnt
|faint|p1a: Vaporeon
|
|switch|p1a: Marowak|Marowak, L86|279\/279
|turn|26
|
|move|p1a: Marowak|Body Slam|p2a: Golduck
|-damage|p2a: Golduck|0 fnt
|faint|p2a: Golduck
|
|switch|p2a: Omastar|Omastar, L86|296\/296
|turn|27
|
|move|p2a: Omastar|Hydro Pump|p1a: Marowak|[miss]
|-miss|p2a: Omastar
|move|p1a: Marowak|Earthquake|p2a: Omastar
|-supereffective|p2a: Omastar
|-damage|p2a: Omastar|145\/296
|
|turn|28
|
|move|p2a: Omastar|Hydro Pump|p1a: Marowak|[miss]
|-miss|p2a: Omastar
|move|p1a: Marowak|Earthquake|p2a: Omastar
|-supereffective|p2a: Omastar
|-damage|p2a: Omastar|0 fnt
|faint|p2a: Omastar
|
|switch|p2a: Charizard|Charizard, L86|310\/310
|turn|29
|
|move|p2a: Charizard|Flamethrower|p1a: Marowak
|-damage|p1a: Marowak|146\/279
|move|p1a: Marowak|Seismic Toss|p2a: Charizard
|-damage|p2a: Charizard|224\/310
|
|turn|30
|
|move|p2a: Charizard|Flamethrower|p1a: Marowak
|-damage|p1a: Marowak|23\/279
|move|p1a: Marowak|Seismic Toss|p2a: Charizard
|-damage|p2a: Charizard|138\/310
|
|turn|31
|
|move|p2a: Charizard|Flamethrower|p1a: Marowak
|-damage|p1a: Marowak|0 fnt
|faint|p1a: Marowak
|
|switch|p1a: Persian|Persian, L80|268\/268
|turn|32
|
|move|p1a: Persian|Bubble Beam|p2a: Charizard
|-crit|p2a: Charizard
|-supereffective|p2a: Charizard
|-damage|p2a: Charizard|8\/310
|move|p2a: Charizard|Flamethrower|p1a: Persian
|-damage|p1a: Persian|146\/268
|
|turn|33
|
|move|p1a: Persian|Slash|p2a: Charizard
|-crit|p2a: Charizard
|-damage|p2a: Charizard|0 fnt
|faint|p2a: Charizard
|
|switch|p2a: Jolteon|Jolteon, L86|287\/287 par
|turn|34
|
|move|p1a: Persian|Screech|p2a: Jolteon|[miss]
|-miss|p1a: Persian
|move|p2a: Jolteon|Thunderbolt|p1a: Persian
|-crit|p1a: Persian
|-damage|p1a: Persian|0 fnt
|faint|p1a: Persian
|
|switch|p1a: Mewtwo|Mewtwo, L68|285\/285
|turn|35
|
|move|p1a: Mewtwo|Amnesia|p1a: Mewtwo
|-boost|p1a: Mewtwo|spd|2
|-boost|p1a: Mewtwo|spa|2
|move|p2a: Jolteon|Thunderbolt|p1a: Mewtwo
|-crit|p1a: Mewtwo
|-damage|p1a: Mewtwo|93\/285
|
|turn|36
|
|switch|p2a: Mew|Mew, L77|312\/312
|move|p1a: Mewtwo|Recover|p1a: Mewtwo
|-heal|p1a: Mewtwo|235\/285
|
|turn|37
|
|move|p1a: Mewtwo|Thunder Wave|p2a: Mew
|-status|p2a: Mew|par
|move|p2a: Mew|Swords Dance|p2a: Mew
|-boost|p2a: Mew|atk|2
|
|turn|38
|
|move|p1a: Mewtwo|Amnesia|p1a: Mewtwo
|-boost|p1a: Mewtwo|spd|2
|-boost|p1a: Mewtwo|spa|2
|move|p2a: Mew|Explosion|p1a: Mewtwo
|-damage|p1a: Mewtwo|0 fnt
|faint|p1a: Mewtwo
|faint|p2a: Mew
|
|win|Feena
|raw|Ladder updating...
|raw|MrSaenz715's rating: 1072 &rarr; <strong>1056<\/strong><br \/>(-16 for losing)
|raw|Feena's rating: 1162 &rarr; <strong>1181<\/strong><br \/>(+19 for winning)
|c|★Feena|lol
|leave|MrSaenz715
|player|p1
|c|★Feena|gg