|join|biiste
|join|darkadri038
|player|p1|biiste|1
|player|p2|darkadri038|162
|gametype|singles
|gen|1
|tier|[Gen 1] Random Battle
|rated
|rule|Sleep Clause Mod: Limit one foe put to sleep
|rule|Freeze Clause Mod: Limit one foe frozen
|rule|HP Percentage Mod: HP is shown in percentages
|
|start
|switch|p1a: Porygon|Porygon, L85|284\/284
|switch|p2a: Jynx|Jynx, L79|265\/265
|turn|1
|
|move|p2a: Jynx|Lovely Kiss|p1a: Porygon
|-status|p1a: Porygon|slp
|cant|p1a: Porygon|slp
|
|turn|2
|
|switch|p1a: Alakazam|Alakazam, L79|249\/249
|move|p2a: Jynx|Psychic|p1a: Alakazam
|-resisted|p1a: Alakazam
|-damage|p1a: Alakazam|214\/249
|
|turn|3
|
|move|p1a: Alakazam|Thunder Wave|p2a: Jynx
|-status|p2a: Jynx|par
|cant|p2a: Jynx|par
|
|turn|4
|
|move|p1a: Alakazam|Psychic|p2a: Jynx
|-resisted|p2a: Jynx
|-damage|p2a: Jynx|212\/265 par
|move|p2a: Jynx|Blizzard|p1a: Alakazam|[miss]
|-miss|p2a: Jynx
|
|turn|5
|
|move|p1a: Alakazam|Psychic|p2a: Jynx
|-resisted|p2a: Jynx
|-damage|p2a: Jynx|162\/265 par
|move|p2a: Jynx|Psychic|p1a: Alakazam
|-resisted|p1a: Alakazam
|-damage|p1a: Alakazam|179\/249
|-unboost|p1a: Alakazam|spd|1
|-unboost|p1a: Alakazam|spa|1
|
|turn|6
|
|move|p1a: Alakazam|Psychic|p2a: Jynx
|-resisted|p2a: Jynx
|-damage|p2a: Jynx|127\/265 par
|move|p2a: Jynx|Blizzard|p1a: Alakazam
|-damage|p1a: Alakazam|55\/249
|
|turn|7
|
|move|p1a: Alakazam|Recover|p1a: Alakazam
|-heal|p1a: Alakazam|179\/249
|move|p2a: Jynx|Psychic|p1a: Alakazam
|-resisted|p1a: Alakazam
|-damage|p1a: Alakazam|132\/249
|
|turn|8
|
|move|p1a: Alakazam|Psychic|p2a: Jynx
|-crit|p2a: Jynx
|-resisted|p2a: Jynx
|-damage|p2a: Jynx|23\/265 par
|cant|p2a: Jynx|par
|
|turn|9
|
|move|p1a: Alakazam|Recover|p1a: Alakazam
|-heal|p1a: Alakazam|249\/249
|move|p2a: Jynx|Blizzard|p1a: Alakazam
|-crit|p1a: Alakazam
|-damage|p1a: Alakazam|84\/249
|
|turn|10
|
|move|p1a: Alakazam|Recover|p1a: Alakazam
|-heal|p1a: Alakazam|208\/249
|move|p2a: Jynx|Blizzard|p1a: Alakazam
|-crit|p1a: Alakazam
|-damage|p1a: Alakazam|35\/249
|
|turn|11
|
|move|p1a: Alakazam|Recover|p1a: Alakazam
|-heal|p1a: Alakazam|159\/249
|move|p2a: Jynx|Blizzard|p1a: Alakazam
|-crit|p1a: Alakazam
|-damage|p1a: Alakazam|0 fnt
|faint|p1a: Alakazam
|c|★biiste|OH
|c|★biiste|FUCKING
|c|★biiste|K
|c|★biiste|3 crits through para in a row
|c|★biiste|so fucking stupid
|
|switch|p1a: Vileplume|Vileplume, L90|318\/318
|turn|12
|
|move|p1a: Vileplume|Body Slam|p2a: Jynx
|-damage|p2a: Jynx|0 fnt
|faint|p2a: Jynx
|
|switch|p2a: Venonat|Venonat, L96|310\/310
|turn|13
|
|move|p2a: Venonat|Psychic|p1a: Vileplume
|-supereffective|p1a: Vileplume
|-damage|p1a: Vileplume|238\/318
|move|p1a: Vileplume|Sleep Powder|p2a: Venonat
|-status|p2a: Venonat|slp
|
|turn|14
|
|cant|p2a: Venonat|slp
|move|p1a: Vileplume|Swords Dance|p1a: Vileplume
|-boost|p1a: Vileplume|atk|2
|
|turn|15
|
|switch|p2a: Staryu|Staryu, L90|237\/237
|move|p1a: Vileplume|Body Slam|p2a: Staryu
|-damage|p2a: Staryu|96\/237
|-status|p2a: Staryu|par
|
|turn|16
|
|move|p1a: Vileplume|Body Slam|p2a: Staryu
|-damage|p2a: Staryu|0 fnt
|faint|p2a: Staryu
|
|switch|p2a: Kingler|Kingler, L85|267\/267
|turn|17
|
|move|p2a: Kingler|Blizzard|p1a: Vileplume
|-crit|p1a: Vileplume
|-supereffective|p1a: Vileplume
|-damage|p1a: Vileplume|37\/318
|move|p1a: Vileplume|Mega Drain|p2a: Kingler
|-crit|p2a: Kingler
|-supereffective|p2a: Kingler
|-damage|p2a: Kingler|0 fnt
|-heal|p1a: Vileplume|170\/318|[from] drain|[of] p2a: Kingler
|faint|p2a: Kingler
|
|switch|p2a: Chansey|Chansey, L79|557\/557
|turn|18
|
|move|p1a: Vileplume|Body Slam|p2a: Chansey
|-damage|p2a: Chansey|219\/557
|move|p2a: Chansey|Ice Beam|p1a: Vileplume
|-supereffective|p1a: Vileplume
|-damage|p1a: Vileplume|66\/318
|
|turn|19
|
|move|p1a: Vileplume|Body Slam|p2a: Chansey
|-damage|p2a: Chansey|0 fnt
|faint|p2a: Chansey
|
|switch|p2a: Jolteon|Jolteon, L79|265\/265
|turn|20
|
|move|p2a: Jolteon|Pin Missile|p1a: Vileplume
|-supereffective|p1a: Vileplume
|-damage|p1a: Vileplume|38\/318
|-damage|p1a: Vileplume|10\/318
|-hitcount|p1a: Vileplume|2
|move|p1a: Vileplume|Body Slam|p2a: Jolteon
|-damage|p2a: Jolteon|96\/265
|-status|p2a: Jolteon|par
|
|turn|21
|c|★biiste|lol in the end you get completely fucking rekt by a vileplume
|
|move|p1a: Vileplume|Body Slam|p2a: Jolteon
|-crit|p2a: Jolteon
|-damage|p2a: Jolteon|0 fnt
|faint|p2a: Jolteon
|
|switch|p2a: Venonat|Venonat, L96|310\/310 slp
|turn|22
|
|cant|p2a: Venonat|slp
|move|p1a: Vileplume|Body Slam|p2a: Venonat
|-damage|p2a: Venonat|163\/310 slp
|
|turn|23
|
|cant|p2a: Venonat|slp
|move|p1a: Vileplume|Body Slam|p2a: Venonat
|-damage|p2a: Venonat|19\/310 slp
|
|turn|24
|
|cant|p2a: Venonat|slp
|move|p1a: Vileplume|Body Slam|p2a: Venonat
|-damage|p2a: Venonat|0 fnt
|faint|p2a: Venonat
|
|win|biiste
|leave|darkadri038
|player|p2
||Ladder (probably) updated, but score could not be retrieved (Response not received).