|join|Sinoh
|join|andrewandres
|player|p1|Sinoh|26
|player|p2|andrewandres|1
|gametype|singles
|gen|1
|tier|[Gen 1] Random Battle
|rule|Sleep Clause Mod: Limit one foe put to sleep
|rule|Freeze Clause Mod: Limit one foe frozen
|rule|HP Percentage Mod: HP is shown in percentages
|
|start
|switch|p1a: Persian|Persian, L79|265\/265
|switch|p2a: Wartortle|Wartortle, L85|274\/274
|turn|1
|
|move|p1a: Persian|Thunderbolt|p2a: Wartortle
|-supereffective|p2a: Wartortle
|-damage|p2a: Wartortle|162\/274
|move|p2a: Wartortle|Blizzard|p1a: Persian
|-damage|p1a: Persian|177\/265
|
|turn|2
|
|move|p1a: Persian|Thunderbolt|p2a: Wartortle
|-crit|p2a: Wartortle
|-supereffective|p2a: Wartortle
|-damage|p2a: Wartortle|0 fnt
|faint|p2a: Wartortle
|join|ChandelureBB
|
|switch|p2a: Snorlax|Snorlax, L79|415\/415
|turn|3
|c|★andrewandres|chande
|join|LT6Y Leiteng
|c| LT6Y Leiteng|NDREWANDRES
|c|★andrewandres|lo aguantara? xD
|c| LT6Y Leiteng|Ese muy malo
|c|★Sinoh|andrew es grande e.e
|c| LT6Y Leiteng|malo malo
|
|switch|p1a: Gastly|Gastly, L96|252\/252
|move|p2a: Snorlax|Hyper Beam|p1a: Gastly
|-immune|p1a: Gastly|[msg]
|
|turn|4
|c| LT6Y Leiteng|no un poquito, no
|c| LT6Y Leiteng|malo de vomitar
|c|★andrewandres|caxis
|c|★andrewandres|te iba hacer el otro
|c|★andrewandres|hahaha
|
|move|p1a: Gastly|Confuse Ray|p2a: Snorlax
|-start|p2a: Snorlax|confusion
|-activate|p2a: Snorlax|confusion
|-damage|p2a: Snorlax|377\/415|[from] confusion
|
|turn|5
|join|rustername
|
|move|p1a: Gastly|Hypnosis|p2a: Snorlax
|-status|p2a: Snorlax|slp
|cant|p2a: Snorlax|slp
|
|turn|6
|
|switch|p2a: Magmar|Magmar, L90|300\/300
|move|p1a: Gastly|Thunderbolt|p2a: Magmar
|-damage|p2a: Magmar|221\/300
|
|turn|7
|
|move|p2a: Magmar|Fire Blast|p1a: Gastly
|-damage|p1a: Gastly|148\/252
|-status|p1a: Gastly|brn
|move|p1a: Gastly|Confuse Ray|p2a: Magmar
|-start|p2a: Magmar|confusion
|-damage|p1a: Gastly|133\/252 brn|[from] brn|[of] p2a: Magmar
|
|turn|8
|
|switch|p2a: Snorlax|Snorlax, L79|377\/415 slp
|move|p1a: Gastly|Thunderbolt|p2a: Snorlax
|-damage|p2a: Snorlax|268\/415 slp
|-damage|p1a: Gastly|118\/252 brn|[from] brn|[of] p2a: Snorlax
|
|turn|9
|
|move|p1a: Gastly|Mega Drain|p2a: Snorlax
|-damage|p2a: Snorlax|220\/415 slp
|-heal|p1a: Gastly|142\/252 brn|[from] drain|[of] p2a: Snorlax
|-damage|p1a: Gastly|127\/252 brn|[from] brn|[of] p2a: Snorlax
|cant|p2a: Snorlax|slp
|
|turn|10
|
|switch|p2a: Mewtwo|Mewtwo, L70|293\/293
|move|p1a: Gastly|Mega Drain|p2a: Mewtwo
|-damage|p2a: Mewtwo|260\/293
|-heal|p1a: Gastly|143\/252 brn|[from] drain|[of] p2a: Mewtwo
|-damage|p1a: Gastly|128\/252 brn|[from] brn|[of] p2a: Mewtwo
|
|turn|11
|
|move|p2a: Mewtwo|Psychic|p1a: Gastly
|-supereffective|p1a: Gastly
|-damage|p1a: Gastly|0 fnt
|faint|p1a: Gastly
|c|★Sinoh|osea que
|
|switch|p1a: Persian|Persian, L79|177\/265
|turn|12
|join|joselmanco
|
|switch|p2a: Snorlax|Snorlax, L79|220\/415 slp
|move|p1a: Persian|Body Slam|p2a: Snorlax
|-crit|p2a: Snorlax
|-damage|p2a: Snorlax|45\/415 slp
|
|turn|13
|
|move|p1a: Persian|Body Slam|p2a: Snorlax
|-damage|p2a: Snorlax|0 fnt
|faint|p2a: Snorlax
|
|switch|p2a: Magmar|Magmar, L90|221\/300
|turn|14
|c| joselmanco|vamos andrewandres!
|
|move|p1a: Persian|Hyper Beam|p2a: Magmar
|-damage|p2a: Magmar|79\/300
|move|p2a: Magmar|Fire Blast|p1a: Persian
|-damage|p1a: Persian|16\/265
|-status|p1a: Persian|brn
|
|turn|15
|-mustrecharge|p1a: Persian
|-mustrecharge|p1a: Persian
|c|★Sinoh|poz no
|
|cant|p1a: Persian|recharge
|-damage|p1a: Persian|0 fnt|[from] brn|[of] p2a: Magmar
|faint|p1a: Persian
|
|switch|p1a: Dugtrio|Dugtrio, L85|233\/233
|turn|16
|c|★andrewandres|omaiga
|c|★andrewandres|cambio
|
|move|p1a: Dugtrio|Earthquake|p2a: Magmar
|-supereffective|p2a: Magmar
|-damage|p2a: Magmar|0 fnt
|faint|p2a: Magmar
|
|switch|p2a: Mr. Mime|Mr. Mime, L85|242\/242
|turn|17
|c|★andrewandres|3 pokes
|c|★andrewandres|3 peismos en def
|c|★andrewandres|oh si xD
|
|move|p1a: Dugtrio|Earthquake|p2a: Mr. Mime
|-damage|p2a: Mr. Mime|122\/242
|move|p2a: Mr. Mime|Psychic|p1a: Dugtrio
|-damage|p1a: Dugtrio|111\/233
|-unboost|p1a: Dugtrio|spd|1
|-unboost|p1a: Dugtrio|spa|1
|
|turn|18
|c| joselmanco|jajaja
|
|move|p1a: Dugtrio|Earthquake|p2a: Mr. Mime
|-damage|p2a: Mr. Mime|8\/242
|move|p2a: Mr. Mime|Psychic|p1a: Dugtrio
|-damage|p1a: Dugtrio|0 fnt
|faint|p1a: Dugtrio
|c|★Sinoh|omaiga
|c| joselmanco|vais 3 3
|
|switch|p1a: Tauros|Tauros, L79|280\/280
|turn|19
|c|★andrewandres|no te quejaras
|c|★andrewandres|del equipo
|
|move|p1a: Tauros|Body Slam|p2a: Mr. Mime
|-damage|p2a: Mr. Mime|0 fnt
|faint|p2a: Mr. Mime
|c|★Sinoh|anda que el tuyo
|
|switch|p2a: Mewtwo|Mewtwo, L70|260\/293
|turn|20
|c|★andrewandres|el mio??
|c|★Sinoh|mewtwo D:
|c|★andrewandres|ya ves tu
|c| joselmanco|solo tiene un mewtwo
|c|★andrewandres|jajajaja
|c|★andrewandres|cuidado
|c| joselmanco|no mucho mas (o si)
|c|★Sinoh|snorlax
|
|move|p2a: Mewtwo|Psychic|p1a: Tauros
|-crit|p1a: Tauros
|-damage|p1a: Tauros|63\/280
|move|p1a: Tauros|Body Slam|p2a: Mewtwo
|-damage|p2a: Mewtwo|172\/293
|-status|p2a: Mewtwo|par
|
|turn|21
|c|★Sinoh|yo un gastly
|c|★andrewandres|venga..
|c|★Sinoh|loooooool
|c|★andrewandres|encima paralizado
|
|move|p1a: Tauros|Hyper Beam|p2a: Mewtwo
|-damage|p2a: Mewtwo|0 fnt
|faint|p2a: Mewtwo
|
|switch|p2a: Tentacool|Tentacool, L96|272\/272
|turn|22
|
|move|p1a: Tauros|Earthquake|p2a: Tentacool
|-supereffective|p2a: Tentacool
|-damage|p2a: Tentacool|103\/272
|move|p2a: Tentacool|Blizzard|p1a: Tauros
|-damage|p1a: Tauros|0 fnt
|faint|p1a: Tauros
|c|★Sinoh|poz ok
|c| joselmanco|tentacol lvl 96!
|c| joselmanco|XD
|
|switch|p1a: Mr. Mime|Mr. Mime, L85|242\/242
|turn|23
|c|★andrewandres|ya ganas
|c|★andrewandres|234 de velocidad
|c|★andrewandres|x curiosidad
|c|★andrewandres|cual es el otro q te keda?
|leave|joselmanco
|
|move|p1a: Mr. Mime|Thunderbolt|p2a: Tentacool
|-supereffective|p2a: Tentacool
|-damage|p2a: Tentacool|0 fnt
|faint|p2a: Tentacool
|
|win|Sinoh
|leave|andrewandres
|player|p2
|c|★Sinoh|un legend e.e
|leave|Sinoh
|player|p1
|join|Sinoh