|join|Lord Pelvis
|join|Hidol
|player|p1|Lord Pelvis|266
|player|p2|Hidol|266
|gametype|singles
|gen|1
|tier|[Gen 1] Random Battle
|rated
|seed|17402,37798,59399,50592
|rule|Sleep Clause Mod: Limit one foe put to sleep
|rule|Freeze Clause Mod: Limit one foe frozen
|rule|HP Percentage Mod: HP is shown in percentages
|
|start
|switch|p1a: Nidoran-F|Nidoran-F, L96|300\/300
|switch|p2a: Slowbro|Slowbro, L79|312\/312
|turn|1
|choice|move 1|move 3
|
|move|p1a: Nidoran-F|Body Slam|p2a: Slowbro
|-damage|p2a: Slowbro|265\/312
|move|p2a: Slowbro|Surf|p1a: Nidoran-F
|-damage|p1a: Nidoran-F|201\/300
|
|turn|2
|choice|move 4|move 1
|
|move|p1a: Nidoran-F|Leer|p2a: Slowbro
|-unboost|p2a: Slowbro|def|1
|move|p2a: Slowbro|Thunder Wave|p1a: Nidoran-F
|-status|p1a: Nidoran-F|par
|
|turn|3
|choice|move 1|move 4
|
|move|p2a: Slowbro|Amnesia|p2a: Slowbro
|-boost|p2a: Slowbro|spd|2
|-boost|p2a: Slowbro|spa|2
|move|p1a: Nidoran-F|Body Slam|p2a: Slowbro
|-damage|p2a: Slowbro|195\/312
|-status|p2a: Slowbro|par
|
|turn|4
|choice|move 2|move 2
|
|move|p2a: Slowbro|Rest|p2a: Slowbro
|-status|p2a: Slowbro|slp
|-heal|p2a: Slowbro|312\/312 slp|[silent]
|-status|p2a: Slowbro|slp|[from] move: Rest
|move|p1a: Nidoran-F|Substitute|p1a: Nidoran-F
|-start|p1a: Nidoran-F|Substitute
|-damage|p1a: Nidoran-F|126\/300 par
|
|turn|5
|choice|move 4|move 4
|
|cant|p2a: Slowbro|slp
|move|p1a: Nidoran-F|Leer|p2a: Slowbro
|-unboost|p2a: Slowbro|def|1
|
|turn|6
|choice|move 1|move 1
|
|-curestatus|p2a: Slowbro|slp
|move|p1a: Nidoran-F|Body Slam|p2a: Slowbro
|-damage|p2a: Slowbro|219\/312
|
|turn|7
|choice|move 1|switch 4
|
|switch|p2a: Onix|Onix, L90|246\/246
|move|p1a: Nidoran-F|Body Slam|p2a: Onix
|-resisted|p2a: Onix
|-damage|p2a: Onix|231\/246
|-status|p2a: Onix|par
|
|turn|8
|choice|move 3|move 4
|
|move|p2a: Onix|Earthquake|p1a: Nidoran-F
|-supereffective|p1a: Nidoran-F
|-end|p1a: Nidoran-F|Substitute
|move|p1a: Nidoran-F|Rest|p1a: Nidoran-F
|-status|p1a: Nidoran-F|slp
|-heal|p1a: Nidoran-F|300\/300 slp|[silent]
|-status|p1a: Nidoran-F|slp|[from] move: Rest
|
|turn|9
|c|★Hidol|...
|choice|switch 6|move 2
|
|switch|p1a: Parasect|Parasect, L90|291\/291
|move|p2a: Onix|Rock Slide|p1a: Parasect
|-supereffective|p1a: Parasect
|-damage|p1a: Parasect|167\/291
|
|turn|10
|choice|move 4|switch 3
|
|switch|p2a: Exeggutor|Exeggutor, L79|312\/312
|move|p1a: Parasect|Mega Drain|p2a: Exeggutor
|-resisted|p2a: Exeggutor
|-damage|p2a: Exeggutor|294\/312
|-heal|p1a: Parasect|176\/291|[from] drain|[of] p2a: Exeggutor
|
|turn|11
|choice|move 3|move 4
|
|move|p2a: Exeggutor|Egg Bomb|p1a: Parasect
|-damage|p1a: Parasect|111\/291
|move|p1a: Parasect|Spore|p2a: Exeggutor
|-status|p2a: Exeggutor|slp
|
|turn|12
|choice|move 2|move 1
|
|cant|p2a: Exeggutor|slp
|move|p1a: Parasect|Slash|p2a: Exeggutor
|-damage|p2a: Exeggutor|231\/312 slp
|
|turn|13
|choice|move 2|move 1
|
|cant|p2a: Exeggutor|slp
|move|p1a: Parasect|Slash|p2a: Exeggutor
|-crit|p2a: Exeggutor
|-damage|p2a: Exeggutor|116\/312 slp
|
|turn|14
|choice|move 2|move 4
|
|cant|p2a: Exeggutor|slp
|move|p1a: Parasect|Slash|p2a: Exeggutor
|-damage|p2a: Exeggutor|54\/312 slp
|
|turn|15
|choice|move 2|switch 5
|
|switch|p2a: Pinsir|Pinsir, L85|284\/284
|move|p1a: Parasect|Slash|p2a: Pinsir
|-damage|p2a: Pinsir|232\/284
|
|turn|16
|choice|switch 6|move 2
|
|switch|p1a: Nidoran-F|Nidoran-F, L96|300\/300 slp
|move|p2a: Pinsir|Hyper Beam|p1a: Nidoran-F
|-damage|p1a: Nidoran-F|150\/300 slp
|
|turn|17
|-mustrecharge|p2a: Pinsir
|-mustrecharge|p2a: Pinsir
|choice|move 1|move 1
|
|cant|p2a: Pinsir|recharge
|cant|p1a: Nidoran-F|slp
|
|turn|18
|choice|move 1|move 1
|
|move|p2a: Pinsir|Body Slam|p1a: Nidoran-F
|-damage|p1a: Nidoran-F|55\/300 slp
|-curestatus|p1a: Nidoran-F|slp
|
|turn|19
|choice|move 1|move 1
|
|move|p2a: Pinsir|Body Slam|p1a: Nidoran-F
|-damage|p1a: Nidoran-F|0 fnt
|faint|p1a: Nidoran-F
|choice|switch 3|
|
|switch|p1a: Charizard|Charizard, L85|306\/306
|turn|20
|choice|move 1|switch 6
|
|switch|p2a: Dewgong|Dewgong, L85|327\/327
|move|p1a: Charizard|Swords Dance|p1a: Charizard
|-boost|p1a: Charizard|atk|2
|
|turn|21
|c|★Hidol|...
|choice|switch 5|move 2
|
|switch|p1a: Clefable|Clefable, L85|335\/335
|move|p2a: Dewgong|Surf|p1a: Clefable
|-damage|p1a: Clefable|231\/335
|
|turn|22
|choice|move 2|move 4
|
|move|p2a: Dewgong|Body Slam|p1a: Clefable
|-damage|p1a: Clefable|175\/335
|move|p1a: Clefable|Thunder Wave|p2a: Dewgong
|-status|p2a: Dewgong|par
|
|turn|23
|choice|move 3|move 3
|
|move|p1a: Clefable|Hyper Beam|p2a: Dewgong
|-damage|p2a: Dewgong|192\/327 par
|move|p2a: Dewgong|Mimic|p1a: Clefable
|-start|p2a: Dewgong|Mimic|Blizzard
|
|turn|24
|-mustrecharge|p1a: Clefable
|-mustrecharge|p1a: Clefable
|choice|move 1|move 1
|
|cant|p1a: Clefable|recharge
|move|p2a: Dewgong|Blizzard|p1a: Clefable
|-damage|p1a: Clefable|46\/335
|
|turn|25
|choice|move 3|move 3
|
|move|p1a: Clefable|Hyper Beam|p2a: Dewgong|[miss]
|-miss|p1a: Clefable
|move|p2a: Dewgong|Blizzard|p1a: Clefable
|-crit|p1a: Clefable
|-damage|p1a: Clefable|0 fnt
|faint|p1a: Clefable
|c|★Lord Pelvis|:(
|c|★Hidol|gg
|c|★Hidol|...
|choice|switch 2|
|
|switch|p1a: Articuno|Articuno, L79|304\/304
|turn|26
|choice|move 3|switch 5
|
|switch|p2a: Exeggutor|Exeggutor, L79|54\/312 slp
|move|p1a: Articuno|Reflect|p1a: Articuno
|-start|p1a: Articuno|Reflect
|
|turn|27
|choice|move 1|move 1
|
|move|p1a: Articuno|Mimic|p2a: Exeggutor
|-start|p1a: Articuno|Mimic|Sleep Powder
|cant|p2a: Exeggutor|slp
|
|turn|28
|choice|move 2|move 3
|
|move|p1a: Articuno|Blizzard|p2a: Exeggutor
|-supereffective|p2a: Exeggutor
|-damage|p2a: Exeggutor|0 fnt
|faint|p2a: Exeggutor
|c|★Lord Pelvis|that was big
|choice||switch 3
|
|switch|p2a: Onix|Onix, L90|231\/246 par
|turn|29
|choice|move 2|switch 4
|
|switch|p2a: Slowbro|Slowbro, L79|219\/312
|move|p1a: Articuno|Blizzard|p2a: Slowbro
|-crit|p2a: Slowbro
|-resisted|p2a: Slowbro
|-damage|p2a: Slowbro|85\/312
|
|turn|30
|choice|move 1|move 2
|
|move|p1a: Articuno|Sleep Powder|p2a: Slowbro|[miss]
|-miss|p1a: Articuno
|move|p2a: Slowbro|Rest|p2a: Slowbro
|-status|p2a: Slowbro|slp
|-heal|p2a: Slowbro|312\/312 slp|[silent]
|-status|p2a: Slowbro|slp|[from] move: Rest
|
|turn|31
|c|★Lord Pelvis|woop
|choice|move 2|switch 2
|
|switch|p2a: Jolteon|Jolteon, L79|265\/265
|move|p1a: Articuno|Blizzard|p2a: Jolteon
|-crit|p2a: Jolteon
|-damage|p2a: Jolteon|15\/265
|
|turn|32
|choice|switch 4|move 1
|
|switch|p1a: Marowak|Marowak, L90|291\/291
|move|p2a: Jolteon|Thunderbolt|p1a: Marowak
|-immune|p1a: Marowak|[msg]
|
|turn|33
|choice|move 3|switch 5
|
|switch|p2a: Dewgong|Dewgong, L85|192\/327 par
|move|p1a: Marowak|Earthquake|p2a: Dewgong
|-damage|p2a: Dewgong|87\/327 par
|
|turn|34
|c|★Lord Pelvis|gg wp
|choice|move 3|move 1
|
|move|p1a: Marowak|Earthquake|p2a: Dewgong
|-damage|p2a: Dewgong|0 fnt
|faint|p2a: Dewgong
|choice||switch 2
|
|switch|p2a: Slowbro|Slowbro, L79|312\/312 slp
|turn|35
|-message|Hidol forfeited.
|
|win|Lord Pelvis
|leave|Hidol
|player|p2
|raw|Lord Pelvis's rating: 1218 &rarr; <strong>1243<\/strong><br \/>(+25 for winning)
|raw|Hidol's rating: 1224 &rarr; <strong>1199<\/strong><br \/>(-25 for losing)