|join|Elite4Birm
|join|riwu
|player|p1|Elite4Birm|219
|player|p2|riwu|102
|gametype|singles
|gen|1
|tier|[Gen 1] Random Battle
|rated
|seed|53441,31945,52684,22524
|rule|Sleep Clause Mod: Limit one foe put to sleep
|rule|Freeze Clause Mod: Limit one foe frozen
|rule|HP Percentage Mod: HP is shown in percentages
|
|start
|switch|p1a: Poliwag|Poliwag, L96|272\/272
|switch|p2a: Porygon|Porygon, L85|284\/284
|turn|1
|choice|move 4|move 2
|
|move|p1a: Poliwag|Hypnosis|p2a: Porygon
|-status|p2a: Porygon|slp
|cant|p2a: Porygon|slp
|
|turn|2
|choice|move 1|switch 6
|
|switch|p2a: Slowbro|Slowbro, L79|312\/312
|move|p1a: Poliwag|Amnesia|p1a: Poliwag
|-boost|p1a: Poliwag|spd|2
|-boost|p1a: Poliwag|spa|2
|
|turn|3
|choice|move 2|move 1
|
|move|p1a: Poliwag|Surf|p2a: Slowbro
|-resisted|p2a: Slowbro
|-damage|p2a: Slowbro|223\/312
|move|p2a: Slowbro|Thunder Wave|p1a: Poliwag
|-status|p1a: Poliwag|par
|
|turn|4
|choice|move 2|move 3
|
|move|p2a: Slowbro|Amnesia|p2a: Slowbro
|-boost|p2a: Slowbro|spd|2
|-boost|p2a: Slowbro|spa|2
|move|p1a: Poliwag|Surf|p2a: Slowbro
|-resisted|p2a: Slowbro
|-damage|p2a: Slowbro|180\/312
|
|turn|5
|choice|move 1|move 3
|
|move|p2a: Slowbro|Amnesia|p2a: Slowbro
|-boost|p2a: Slowbro|spd|2
|-boost|p2a: Slowbro|spa|2
|cant|p1a: Poliwag|par
|
|turn|6
|choice|move 3|move 3
|
|move|p2a: Slowbro|Amnesia|p2a: Slowbro
|-boost|p2a: Slowbro|spd|2
|-boost|p2a: Slowbro|spa|2
|move|p1a: Poliwag|Blizzard|p2a: Slowbro|[miss]
|-miss|p1a: Poliwag
|
|turn|7
|leave|Elite4Birm
|player|p1
|-message|elite4birm lost due to inactivity.
|
|win|riwu
|raw|Elite4Birm's rating: 1147 &rarr; <strong>1139<\/strong><br \/>(-8 for losing)
|raw|riwu's rating: 1445 &rarr; <strong>1451<\/strong><br \/>(+6 for winning)