|j|LoD) Hadar
|j|AA Nickelquack
|player|p1|LoD) Hadar|80
|player|p2|AA Nickelquack|21
|gametype|singles
|gen|1
|tier|[Gen 1] OU
|rated
|seed|36575,25218,1834,43814
|rule|Sleep Clause Mod: Limit one foe put to sleep
|rule|Freeze Clause Mod: Limit one foe frozen
|rule|Species Clause: Limit one of each Pokémon
|rule|OHKO Clause: OHKO moves are banned
|rule|Evasion Moves Clause: Evasion moves are banned
|rule|HP Percentage Mod: HP is shown in percentages
|
|start
|switch|p1a: Ninetales|Ninetales|349\/349
|switch|p2a: Jolteon|Jolteon|333\/333
|turn|1
|choice|switch 4|move 1
|
|switch|p1a: Golem|Golem|363\/363
|move|p2a: Jolteon|Thunderbolt|p1a: Golem
|-immune|p1a: Golem|[msg]
|
|turn|2
|c|★AA Nickelquack|arg nice
|choice|move 3|switch 3
|
|switch|p2a: Lapras|Lapras|463\/463
|move|p1a: Golem|Body Slam|p2a: Lapras
|-damage|p2a: Lapras|384\/463
|
|turn|3
|choice|switch 2|move 1
|
|switch|p1a: Chansey|Chansey|703\/703
|move|p2a: Lapras|Ice Beam|p1a: Chansey
|-damage|p1a: Chansey|605\/703
|
|turn|4
|choice|move 3|move 4
|
|move|p2a: Lapras|Confuse Ray|p1a: Chansey
|-start|p1a: Chansey|confusion
|-activate|p1a: Chansey|confusion
|-damage|p1a: Chansey|570\/703|[from] confusion
|
|turn|5
|choice|move 3|move 1
|
|move|p2a: Lapras|Ice Beam|p1a: Chansey
|-damage|p1a: Chansey|460\/703
|-activate|p1a: Chansey|confusion
|move|p1a: Chansey|Thunder Wave|p2a: Lapras
|-status|p2a: Lapras|par
|
|turn|6
|choice|move 4|move 1
|
|-activate|p1a: Chansey|confusion
|-damage|p1a: Chansey|425\/703|[from] confusion
|move|p2a: Lapras|Ice Beam|p1a: Chansey
|-damage|p1a: Chansey|316\/703
|
|turn|7
|choice|move 4|move 1
|
|-activate|p1a: Chansey|confusion
|move|p1a: Chansey|Soft-Boiled|p1a: Chansey
|-heal|p1a: Chansey|667\/703
|move|p2a: Lapras|Ice Beam|p1a: Chansey
|-crit|p1a: Chansey
|-damage|p1a: Chansey|464\/703
|
|turn|8
|c|★AA Nickelquack|phew lucky confuse ray for me
|choice|move 2|move 1
|
|-end|p1a: Chansey|confusion
|move|p1a: Chansey|Thunderbolt|p2a: Lapras
|-supereffective|p2a: Lapras
|-damage|p2a: Lapras|235\/463 par
|move|p2a: Lapras|Ice Beam|p1a: Chansey
|-damage|p1a: Chansey|361\/703
|
|turn|9
|choice|move 4|move 4
|
|move|p1a: Chansey|Soft-Boiled|p1a: Chansey
|-heal|p1a: Chansey|703\/703
|move|p2a: Lapras|Confuse Ray|p1a: Chansey
|-start|p1a: Chansey|confusion
|
|turn|10
|c|★AA Nickelquack|awwww
|c|★AA Nickelquack|lol idk why that surprised me
|choice|move 2|move 1
|
|-activate|p1a: Chansey|confusion
|move|p1a: Chansey|Thunderbolt|p2a: Lapras
|-supereffective|p2a: Lapras
|-damage|p2a: Lapras|65\/463 par
|cant|p2a: Lapras|par
|
|turn|11
|choice|move 2|move 1
|
|-activate|p1a: Chansey|confusion
|move|p1a: Chansey|Thunderbolt|p2a: Lapras
|-supereffective|p2a: Lapras
|-damage|p2a: Lapras|0 fnt
|faint|p2a: Lapras
|c|★AA Nickelquack|nice
|choice||switch 2
|
|switch|p2a: Alakazam|Alakazam|313\/313
|turn|12
|choice|move 3|move 2
|
|move|p2a: Alakazam|Thunder Wave|p1a: Chansey
|-status|p1a: Chansey|par
|cant|p1a: Chansey|par
|
|turn|13
|choice|move 3|move 4
|
|move|p2a: Alakazam|Reflect|p2a: Alakazam
|-start|p2a: Alakazam|Reflect
|cant|p1a: Chansey|par
|
|turn|14
|choice|move 3|move 4
|
|move|p2a: Alakazam|Reflect|p2a: Alakazam
|-fail|p2a: Alakazam
|-activate|p1a: Chansey|confusion
|move|p1a: Chansey|Thunder Wave|p2a: Alakazam
|-status|p2a: Alakazam|par
|
|turn|15
|c|★AA Nickelquack|oops
|choice|switch 5|move 3
|
|switch|p1a: Zapdos|Zapdos|383\/383
|move|p2a: Alakazam|Psychic|p1a: Zapdos
|-crit|p1a: Zapdos
|-damage|p1a: Zapdos|153\/383
|-unboost|p1a: Zapdos|spd|1
|-unboost|p1a: Zapdos|spa|1
|
|turn|16
|choice|move 2|move 3
|
|move|p1a: Zapdos|Drill Peck|p2a: Alakazam
|-crit|p2a: Alakazam
|-damage|p2a: Alakazam|58\/313 par
|cant|p2a: Alakazam|par
|
|turn|17
|choice|move 1|move 1
|
|move|p1a: Zapdos|Thunderbolt|p2a: Alakazam
|-damage|p2a: Alakazam|0 fnt
|faint|p2a: Alakazam
|c|★AA Nickelquack|welll balls
|choice||switch 3
|
|switch|p2a: Jolteon|Jolteon|333\/333
|turn|18
|choice|switch 2|move 2
|
|switch|p1a: Golem|Golem|363\/363
|move|p2a: Jolteon|Focus Energy|p2a: Jolteon
|-start|p2a: Jolteon|move: Focus Energy
|
|turn|19
|choice|move 1|switch 4
|
|switch|p2a: Gengar|Gengar|323\/323
|move|p1a: Golem|Earthquake|p2a: Gengar
|-supereffective|p2a: Gengar
|-damage|p2a: Gengar|0 fnt
|faint|p2a: Gengar
|c|★AA Nickelquack|ohhh well
|c|★AA Nickelquack|thoguht he was immune
|c|★LoD) Hadar|No levitate
|choice||switch 6
|
|switch|p2a: Rhydon|Rhydon|413\/413
|turn|20
|c|★AA Nickelquack|!data golem
|c|~|\/data-pokemon Golem

|choice|switch 3|move 2
|
|switch|p1a: Slowbro|Slowbro|393\/393
|move|p2a: Rhydon|Earthquake|p1a: Slowbro
|-damage|p1a: Slowbro|261\/393
|
|turn|21
|c|★AA Nickelquack|god, this is a slaughter
|choice|move 1|switch 4
|
|switch|p2a: Jolteon|Jolteon|333\/333
|move|p1a: Slowbro|Thunder Wave|p2a: Jolteon
|-status|p2a: Jolteon|par
|
|turn|22
|choice|switch 3|move 1
|
|switch|p1a: Golem|Golem|363\/363
|move|p2a: Jolteon|Thunderbolt|p1a: Golem
|-immune|p1a: Golem|[msg]
|
|turn|23
|c|★AA Nickelquack|lol
|choice|move 1|switch 4
|
|switch|p2a: Rhydon|Rhydon|413\/413
|move|p1a: Golem|Earthquake|p2a: Rhydon
|-supereffective|p2a: Rhydon
|-damage|p2a: Rhydon|180\/413
|
|turn|24
|choice|move 1|move 2
|
|move|p1a: Golem|Earthquake|p2a: Rhydon
|-supereffective|p2a: Rhydon
|-damage|p2a: Rhydon|0 fnt
|faint|p2a: Rhydon
|c|★AA Nickelquack|golem is faster?!  pfff
|choice||switch 5
|
|switch|p2a: Tauros|Tauros|353\/353
|turn|25
|choice|move 4|move 1
|
|move|p2a: Tauros|Blizzard|p1a: Golem
|-crit|p1a: Golem
|-supereffective|p1a: Golem
|-damage|p1a: Golem|0 fnt
|faint|p1a: Golem
|choice|switch 3|
|
|switch|p1a: Slowbro|Slowbro|261\/393
|turn|26
|choice|move 1|move 3
|
|move|p2a: Tauros|Earthquake|p1a: Slowbro
|-damage|p1a: Slowbro|187\/393
|move|p1a: Slowbro|Thunder Wave|p2a: Tauros
|-status|p2a: Tauros|par
|
|turn|27
|choice|move 3|move 3
|
|move|p1a: Slowbro|Amnesia|p1a: Slowbro
|-boost|p1a: Slowbro|spd|2
|-boost|p1a: Slowbro|spa|2
|move|p2a: Tauros|Earthquake|p1a: Slowbro
|-damage|p1a: Slowbro|117\/393
|
|turn|28
|choice|move 4|move 4
|
|move|p1a: Slowbro|Rest|p1a: Slowbro
|-status|p1a: Slowbro|slp
|-heal|p1a: Slowbro|393\/393 slp|[silent]
|-status|p1a: Slowbro|slp|[from] move: Rest
|move|p2a: Tauros|Hyper Beam|p1a: Slowbro
|-damage|p1a: Slowbro|225\/393 slp
|
|turn|29
|-mustrecharge|p2a: Tauros
|c|★AA Nickelquack|ah yeah whoops
|c|★AA Nickelquack|didnt think of that
|-mustrecharge|p2a: Tauros
|choice|move 3|move 1
|
|cant|p1a: Slowbro|slp
|cant|p2a: Tauros|recharge
|
|turn|30
|choice|move 3|move 3
|
|-curestatus|p1a: Slowbro|slp
|move|p2a: Tauros|Earthquake|p1a: Slowbro
|-damage|p1a: Slowbro|151\/393
|
|turn|31
|choice|move 3|move 2
|
|move|p1a: Slowbro|Amnesia|p1a: Slowbro
|-boost|p1a: Slowbro|spd|2
|-boost|p1a: Slowbro|spa|2
|move|p2a: Tauros|Body Slam|p1a: Slowbro
|-damage|p1a: Slowbro|61\/393
|-status|p1a: Slowbro|par
|
|turn|32
|c|★LoD) Hadar|lmao
|choice|move 4|move 4
|
|move|p1a: Slowbro|Rest|p1a: Slowbro
|-status|p1a: Slowbro|slp
|-heal|p1a: Slowbro|393\/393 slp|[silent]
|-status|p1a: Slowbro|slp|[from] move: Rest
|cant|p2a: Tauros|par
|
|turn|33
|c|★AA Nickelquack|noooo
|choice|move 2|move 2
|
|cant|p1a: Slowbro|slp
|move|p2a: Tauros|Body Slam|p1a: Slowbro
|-damage|p1a: Slowbro|295\/393 slp
|
|turn|34
|choice|move 2|move 2
|
|-curestatus|p1a: Slowbro|slp
|move|p2a: Tauros|Body Slam|p1a: Slowbro
|-damage|p1a: Slowbro|195\/393
|
|turn|35
|c|★AA Nickelquack|why does body slam do more dmg than erfquake?
|c|★AA Nickelquack|it's lower power
|c|★LoD) Hadar|stab
|c|★AA Nickelquack|and normal doesnt get STAB
|c|★LoD) Hadar|it does
|c|★AA Nickelquack|i thought?
|choice|move 2|move 2
|
|move|p1a: Slowbro|Surf|p2a: Tauros
|-damage|p2a: Tauros|0 fnt
|faint|p2a: Tauros
|c|★AA Nickelquack|yeah gg
|c|★LoD) Hadar|gg
|choice||switch 4
|
|switch|p2a: Jolteon|Jolteon|333\/333 par
|turn|36
|c|★AA Nickelquack|OH!
|c|★AA Nickelquack|sorrry'
|choice|move 2|move 1
|
|cant|p2a: Jolteon|par
|move|p1a: Slowbro|Surf|p2a: Jolteon
|-crit|p2a: Jolteon
|-damage|p2a: Jolteon|149\/333 par
|
|turn|37
|c|★AA Nickelquack|i thoght match was over
|choice|move 2|move 1
|
|cant|p2a: Jolteon|par
|move|p1a: Slowbro|Surf|p2a: Jolteon
|-damage|p2a: Jolteon|0 fnt
|faint|p2a: Jolteon
|
|win|LoD) Hadar
|player|p1
|player|p2
|c|★AA Nickelquack|so sorry
|raw|LoD) Hadar's rating: 1212 &rarr; <strong>1228<\/strong><br \/>(+16 for winning)
|raw|AA Nickelquack's rating: 1080 &rarr; <strong>1066<\/strong><br \/>(-14 for losing)
|c|★LoD) Hadar|don't worry
|c|★AA Nickelquack|gg
|c|★LoD) Hadar|gg