|join|yaldyyyy
|join|ksfdgakg
|player|p1|yaldyyyy|275
|player|p2|ksfdgakg|135
|gametype|singles
|gen|1
|tier|[Gen 1] Random Battle
|rated
|rule|Sleep Clause Mod: Limit one foe put to sleep
|rule|Freeze Clause Mod: Limit one foe frozen
|rule|HP Percentage Mod: HP is shown in percentages
|
|start
|switch|p1a: Weezing|Weezing, L90|300\/300
|switch|p2a: Wartortle|Wartortle, L85|274\/274
|turn|1
|
|move|p1a: Weezing|Thunder|p2a: Wartortle|[miss]
|-miss|p1a: Weezing
|move|p2a: Wartortle|Hydro Pump|p1a: Weezing
|-damage|p1a: Weezing|207\/300
|
|turn|2
|
|move|p1a: Weezing|Thunder|p2a: Wartortle|[miss]
|-miss|p1a: Weezing
|move|p2a: Wartortle|Mimic|p1a: Weezing
|-start|p2a: Wartortle|Mimic|Explosion
|
|turn|3
|
|move|p1a: Weezing|Thunder|p2a: Wartortle
|-crit|p2a: Wartortle
|-supereffective|p2a: Wartortle
|-damage|p2a: Wartortle|0 fnt
|faint|p2a: Wartortle
|
|switch|p2a: Graveler|Graveler, L85|267\/267
|turn|4
|
|switch|p1a: Sandslash|Sandslash, L85|301\/301
|move|p2a: Graveler|Earthquake|p1a: Sandslash
|-damage|p1a: Sandslash|211\/301
|
|turn|5
|
|move|p1a: Sandslash|Earthquake|p2a: Graveler
|-supereffective|p2a: Graveler
|-damage|p2a: Graveler|91\/267
|move|p2a: Graveler|Body Slam|p1a: Sandslash
|-damage|p1a: Sandslash|162\/301
|-status|p1a: Sandslash|par
|
|turn|6
|
|move|p2a: Graveler|Explosion|p1a: Sandslash
|-damage|p1a: Sandslash|0 fnt
|faint|p1a: Sandslash
|faint|p2a: Graveler
|
|switch|p1a: Haunter|Haunter, L85|250\/250
|switch|p2a: Wigglytuff|Wigglytuff, L90|435\/435
|turn|7
|
|move|p1a: Haunter|Hypnosis|p2a: Wigglytuff
|-status|p2a: Wigglytuff|slp
|cant|p2a: Wigglytuff|slp
|
|turn|8
|
|move|p1a: Haunter|Psychic|p2a: Wigglytuff
|-crit|p2a: Wigglytuff
|-damage|p2a: Wigglytuff|261\/435 slp
|-unboost|p2a: Wigglytuff|spd|1
|-unboost|p2a: Wigglytuff|spa|1
|cant|p2a: Wigglytuff|slp
|-curestatus|p2a: Wigglytuff|slp
|
|turn|9
|
|move|p1a: Haunter|Psychic|p2a: Wigglytuff
|-damage|p2a: Wigglytuff|128\/435
|move|p2a: Wigglytuff|Thunder Wave|p1a: Haunter
|-status|p1a: Haunter|par
|
|turn|10
|
|move|p2a: Wigglytuff|Blizzard|p1a: Haunter
|-damage|p1a: Haunter|214\/250 par
|cant|p1a: Haunter|par
|
|turn|11
|
|switch|p2a: Lickitung|Lickitung, L90|345\/345
|cant|p1a: Haunter|par
|
|turn|12
|
|switch|p1a: Dragonite|Dragonite, L85|328\/328
|move|p2a: Lickitung|Swords Dance|p2a: Lickitung
|-boost|p2a: Lickitung|atk|2
|
|turn|13
|
|move|p1a: Dragonite|Blizzard|p2a: Lickitung
|-damage|p2a: Lickitung|249\/345
|-status|p2a: Lickitung|frz
|cant|p2a: Lickitung|frz
|
|turn|14
|
|switch|p1a: Haunter|Haunter, L85|214\/250 par
|cant|p2a: Lickitung|frz
|
|turn|15
|
|cant|p2a: Lickitung|frz
|move|p1a: Haunter|Psychic|p2a: Lickitung
|-damage|p2a: Lickitung|161\/345 frz
|
|turn|16
|
|cant|p2a: Lickitung|frz
|move|p1a: Haunter|Psychic|p2a: Lickitung
|-damage|p2a: Lickitung|73\/345 frz
|-unboost|p2a: Lickitung|spd|1
|-unboost|p2a: Lickitung|spa|1
|
|turn|17
|-message|ksfdgakg forfeited.
|
|win|yaldyyyy
|raw|Ladder updating...
|leave|ksfdgakg
|player|p2
|raw|yaldyyyy's rating: 1305 &rarr; <strong>1314<\/strong><br \/>(+9 for winning)
|raw|ksfdgakg's rating: 1078 &rarr; <strong>1069<\/strong><br \/>(-9 for losing)