|j|smilzo
|j|marcoasd
|player|p1|smilzo|157
|player|p2|marcoasd|2
|gametype|singles
|gen|1
|tier|[Gen 1] OU
|seed|47136,33080,4485,17180
|rule|Sleep Clause Mod: Limit one foe put to sleep
|rule|Freeze Clause Mod: Limit one foe frozen
|rule|Species Clause: Limit one of each Pokémon
|rule|OHKO Clause: OHKO moves are banned
|rule|Evasion Moves Clause: Evasion moves are banned
|rule|HP Percentage Mod: HP is shown in percentages
|
|start
|switch|p1a: Alakazam|Alakazam|313\/313
|switch|p2a: Alakazam|Alakazam|313\/313
|turn|1
|c|★smilzo|hf
|c|★marcoasd|asd
|j|Peasounay
|choice|move 1|move 3
|
|move|p2a: Alakazam|Thunder Wave|p1a: Alakazam
|-status|p1a: Alakazam|par
|move|p1a: Alakazam|Thunder Wave|p2a: Alakazam
|-status|p2a: Alakazam|par
|
|turn|2
|choice|move 3|move 1
|
|move|p2a: Alakazam|Psychic|p1a: Alakazam
|-resisted|p1a: Alakazam
|-damage|p1a: Alakazam|259\/313 par
|move|p1a: Alakazam|Seismic Toss|p2a: Alakazam
|-damage|p2a: Alakazam|213\/313 par
|
|turn|3
|j|Haund
|choice|move 2|switch 5
|
|switch|p2a: Snorlax|Snorlax|523\/523
|move|p1a: Alakazam|Psychic|p2a: Snorlax
|-damage|p2a: Snorlax|340\/523
|-unboost|p2a: Snorlax|spd|1
|-unboost|p2a: Snorlax|spa|1
|
|turn|4
|c|★marcoasd|bruttissimo gesto
|choice|switch 4|move 1
|
|switch|p1a: Chansey|Chansey|703\/703
|move|p2a: Snorlax|Body Slam|p1a: Chansey
|-crit|p1a: Chansey
|-damage|p1a: Chansey|115\/703
|
|turn|5
|c|★smilzo|anche questo
|c|★marcoasd|gesto più brutto
|choice|switch 5|move 3
|
|switch|p1a: Snorlax|Snorlax|523\/523
|move|p2a: Snorlax|Hyper Beam|p1a: Snorlax
|-damage|p1a: Snorlax|261\/523
|
|turn|6
|-mustrecharge|p2a: Snorlax
|-mustrecharge|p2a: Snorlax
|choice|move 2|move 1
|
|cant|p2a: Snorlax|recharge
|move|p1a: Snorlax|Reflect|p1a: Snorlax
|-start|p1a: Snorlax|Reflect
|
|turn|7
|choice|move 1|switch 2
|
|switch|p2a: Exeggutor|Exeggutor|393\/393
|move|p1a: Snorlax|Body Slam|p2a: Exeggutor
|-damage|p2a: Exeggutor|284\/393
|-status|p2a: Exeggutor|par
|
|turn|8
|choice|switch 4|move 3
|
|switch|p1a: Alakazam|Alakazam|259\/313 par
|cant|p2a: Exeggutor|par
|
|turn|9
|choice|move 2|move 3
|
|cant|p1a: Alakazam|par
|move|p2a: Exeggutor|Psychic|p1a: Alakazam
|-resisted|p1a: Alakazam
|-damage|p1a: Alakazam|210\/313 par
|-unboost|p1a: Alakazam|spd|1
|-unboost|p1a: Alakazam|spa|1
|
|turn|10
|choice|move 1|move 3
|
|move|p2a: Exeggutor|Psychic|p1a: Alakazam
|-resisted|p1a: Alakazam
|-damage|p1a: Alakazam|130\/313 par
|move|p1a: Alakazam|Thunder Wave|p2a: Exeggutor
|-fail|p2a: Exeggutor|par
|
|turn|11
|c|★marcoasd|asd
|choice|move 4|move 2
|
|move|p2a: Exeggutor|Hyper Beam|p1a: Alakazam
|-damage|p1a: Alakazam|0 fnt
|faint|p1a: Alakazam
|c|★smilzo|queste cose
|c|★smilzo|non vanno bene
|c|★marcoasd|sei messo male male
|choice|switch 4|
|
|switch|p1a: Snorlax|Snorlax|261\/523
|turn|12
|choice|move 3|move 3
|
|move|p1a: Snorlax|Self-Destruct|p2a: Exeggutor
|-damage|p2a: Exeggutor|0 fnt
|faint|p2a: Exeggutor
|faint|p1a: Snorlax
|choice|switch 5|switch 6
|
|switch|p2a: Lapras|Lapras|463\/463
|switch|p1a: Chansey|Chansey|115\/703
|turn|13
|l|Haund
|c|★smilzo|missa plz
|choice|move 4|move 1
|
|move|p2a: Lapras|Blizzard|p1a: Chansey
|-damage|p1a: Chansey|0 fnt
|faint|p1a: Chansey
|c|★smilzo|niente da fare
|choice|switch 2|
|
|switch|p1a: Zapdos|Zapdos|383\/383
|turn|14
|choice|move 1|switch 3
|
|switch|p2a: Jolteon|Jolteon|333\/333
|move|p1a: Zapdos|Thunderbolt|p2a: Jolteon
|-resisted|p2a: Jolteon
|-damage|p2a: Jolteon|268\/333
|
|turn|15
|choice|switch 3|move 2
|
|switch|p1a: Exeggutor|Exeggutor|393\/393
|move|p2a: Jolteon|Thunder Wave|p1a: Exeggutor
|-status|p1a: Exeggutor|par
|
|turn|16
|choice|move 3|switch 5
|
|switch|p2a: Alakazam|Alakazam|213\/313 par
|cant|p1a: Exeggutor|par
|
|turn|17
|choice|move 3|move 2
|
|move|p2a: Alakazam|Seismic Toss|p1a: Exeggutor
|-damage|p1a: Exeggutor|293\/393 par
|move|p1a: Exeggutor|Psychic|p2a: Alakazam
|-resisted|p2a: Alakazam
|-damage|p2a: Alakazam|163\/313 par
|-unboost|p2a: Alakazam|spd|1
|-unboost|p2a: Alakazam|spa|1
|
|turn|18
|choice|switch 3|move 4
|
|switch|p1a: Zapdos|Zapdos|383\/383
|cant|p2a: Alakazam|par
|
|turn|19
|choice|move 1|switch 5
|
|switch|p2a: Jolteon|Jolteon|268\/333
|move|p1a: Zapdos|Thunderbolt|p2a: Jolteon
|-crit|p2a: Jolteon
|-resisted|p2a: Jolteon
|-damage|p2a: Jolteon|145\/333
|
|turn|20
|choice|move 3|move 1
|
|move|p2a: Jolteon|Thunderbolt|p1a: Zapdos
|-damage|p1a: Zapdos|281\/383
|move|p1a: Zapdos|Thunder Wave|p2a: Jolteon
|-status|p2a: Jolteon|par
|
|turn|21
|choice|switch 3|move 1
|
|switch|p1a: Exeggutor|Exeggutor|293\/393 par
|cant|p2a: Jolteon|par
|
|turn|22
|choice|move 3|move 4
|
|cant|p2a: Jolteon|par
|cant|p1a: Exeggutor|par
|
|turn|23
|l|Peasounay
|choice|switch 6|move 1
|
|switch|p1a: Tauros|Tauros|353\/353
|move|p2a: Jolteon|Thunderbolt|p1a: Tauros
|-damage|p1a: Tauros|205\/353
|
|turn|24
|choice|move 2|switch 4
|
|switch|p2a: Starmie|Starmie|323\/323
|move|p1a: Tauros|Earthquake|p2a: Starmie
|-damage|p2a: Starmie|241\/323
|
|turn|25
|choice|move 1|move 1
|
|move|p2a: Starmie|Psychic|p1a: Tauros
|-damage|p1a: Tauros|65\/353
|move|p1a: Tauros|Body Slam|p2a: Starmie
|-damage|p2a: Starmie|126\/323
|-status|p2a: Starmie|par
|
|turn|26
|choice|switch 6|move 1
|
|switch|p1a: Exeggutor|Exeggutor|293\/393 par
|move|p2a: Starmie|Psychic|p1a: Exeggutor
|-resisted|p1a: Exeggutor
|-damage|p1a: Exeggutor|246\/393 par
|-unboost|p1a: Exeggutor|spd|1
|-unboost|p1a: Exeggutor|spa|1
|
|turn|27
|choice|move 4|move 4
|
|cant|p2a: Starmie|par
|move|p1a: Exeggutor|Explosion|p2a: Starmie
|-damage|p2a: Starmie|0 fnt
|faint|p2a: Starmie
|faint|p1a: Exeggutor
|choice|switch 3|switch 2
|
|switch|p1a: Zapdos|Zapdos|281\/383
|switch|p2a: Snorlax|Snorlax|340\/523
|turn|28
|choice|move 1|move 4
|
|move|p1a: Zapdos|Thunderbolt|p2a: Snorlax
|-damage|p2a: Snorlax|167\/523
|move|p2a: Snorlax|Self-Destruct|p1a: Zapdos
|-damage|p1a: Zapdos|0 fnt
|faint|p1a: Zapdos
|faint|p2a: Snorlax
|c|★marcoasd|gg
|c|★smilzo|gg
|choice|switch 6|switch 3
|
|switch|p1a: Tauros|Tauros|65\/353
|switch|p2a: Lapras|Lapras|463\/463
|turn|29
|choice|move 1|move 2
|
|move|p1a: Tauros|Body Slam|p2a: Lapras
|-damage|p2a: Lapras|344\/463
|-status|p2a: Lapras|par
|cant|p2a: Lapras|par
|
|turn|30
|c|★marcoasd|no
|c|★marcoasd|no
|c|★smilzo|lmao
|choice|move 3|move 2
|
|move|p1a: Tauros|Hyper Beam|p2a: Lapras|[miss]
|-miss|p1a: Tauros
|move|p2a: Lapras|Thunderbolt|p1a: Tauros
|-damage|p1a: Tauros|0 fnt
|faint|p1a: Tauros
|
|win|marcoasd
|player|p1
|player|p2
|c|★marcoasd|ok
|c|★smilzo|ahaha
|l|marcoasd