|join|Mr.Jean
|join|THE REAL AJ STYLES
|player|p1|Mr.Jean|169
|player|p2|THE REAL AJ STYLES|102
|gametype|singles
|gen|1
|tier|[Gen 1] Random Battle
|rated
|seed|48773,19674,54806,5784
|rule|Sleep Clause Mod: Limit one foe put to sleep
|rule|Freeze Clause Mod: Limit one foe frozen
|rule|HP Percentage Mod: HP is shown in percentages
|
|start
|switch|p1a: Mankey|Mankey, L96|272\/272
|switch|p2a: Tauros|Tauros, L79|280\/280
|turn|1
|choice|move 2|move 4
|
|move|p2a: Tauros|Body Slam|p1a: Mankey
|-crit|p1a: Mankey
|-damage|p1a: Mankey|65\/272
|-status|p1a: Mankey|par
|move|p1a: Mankey|Submission|p2a: Tauros
|-supereffective|p2a: Tauros
|-damage|p2a: Tauros|79\/280
|-damage|p1a: Mankey|15\/272 par|[from] recoil|[of] p2a: Tauros
|
|turn|2
|c|★Mr.Jean|hello
|c|★Mr.Jean|:'(
|c|★THE REAL AJ STYLES|hi
|c|★Mr.Jean|crit paralyze
|c|★THE REAL AJ STYLES|your pc is very slow
|choice|move 2|move 4
|
|move|p2a: Tauros|Body Slam|p1a: Mankey
|-damage|p1a: Mankey|0 fnt
|faint|p1a: Mankey
|c|★Mr.Jean|how can you tell?
|choice|switch 3|
|
|switch|p1a: Nidoran-M|Nidoran-M, L96|283\/283
|turn|3
|c|★Mr.Jean|I watch malcolm at the same time
|choice|move 2|move 2
|
|move|p2a: Tauros|Earthquake|p1a: Nidoran-M
|-supereffective|p1a: Nidoran-M
|-damage|p1a: Nidoran-M|104\/283
|move|p1a: Nidoran-M|Body Slam|p2a: Tauros
|-damage|p2a: Tauros|27\/280
|
|turn|4
|c|★THE REAL AJ STYLES|because I like fix
|c|★THE REAL AJ STYLES|Malcom
|c|★THE REAL AJ STYLES|is very old
|choice|move 1|move 2
|
|move|p2a: Tauros|Earthquake|p1a: Nidoran-M
|-supereffective|p1a: Nidoran-M
|-damage|p1a: Nidoran-M|0 fnt
|faint|p1a: Nidoran-M
|c|★Mr.Jean|still good
|c|★THE REAL AJ STYLES|yah
|choice|switch 6|
|
|switch|p1a: Articuno|Articuno, L79|304\/304
|turn|5
|choice|move 2|move 1
|
|move|p2a: Tauros|Hyper Beam|p1a: Articuno
|-damage|p1a: Articuno|176\/304
|move|p1a: Articuno|Blizzard|p2a: Tauros
|-crit|p2a: Tauros
|-damage|p2a: Tauros|0 fnt
|faint|p2a: Tauros
|choice||switch 6
|
|switch|p2a: Hypno|Hypno, L85|318\/318
|turn|6
|choice|move 2|move 4
|
|move|p1a: Articuno|Blizzard|p2a: Hypno
|-damage|p2a: Hypno|202\/318
|move|p2a: Hypno|Hypnosis|p1a: Articuno
|-status|p1a: Articuno|slp
|
|turn|7
|c|★THE REAL AJ STYLES|Can U speed up your pc
|c|★THE REAL AJ STYLES|?
|c|★THE REAL AJ STYLES|*I
|choice|switch 2|move 1
|
|switch|p1a: Mew|Mew, L74|300\/300
|move|p2a: Hypno|Psychic|p1a: Mew
|-resisted|p1a: Mew
|-damage|p1a: Mew|247\/300
|-unboost|p1a: Mew|spd|1
|-unboost|p1a: Mew|spa|1
|
|turn|8
|c|★Mr.Jean|By throwing it by the window
|choice|move 3|move 3
|
|move|p1a: Mew|Earthquake|p2a: Hypno
|-crit|p2a: Hypno
|-damage|p2a: Hypno|71\/318
|move|p2a: Hypno|Thunder Wave|p1a: Mew
|-status|p1a: Mew|par
|
|turn|9
|choice|move 3|move 1
|
|move|p2a: Hypno|Psychic|p1a: Mew
|-crit|p1a: Mew
|-resisted|p1a: Mew
|-damage|p1a: Mew|143\/300 par
|cant|p1a: Mew|par
|
|turn|10
|choice|move 3|move 1
|
|move|p2a: Hypno|Psychic|p1a: Mew
|-resisted|p1a: Mew
|-damage|p1a: Mew|61\/300 par
|cant|p1a: Mew|par
|
|turn|11
|c|★THE REAL AJ STYLES|no by remote
|c|★Mr.Jean|it would be very fast at that moment
|c|★THE REAL AJ STYLES|using team wiever
|c|★Mr.Jean|ah yeah sure
|c|★Mr.Jean|come into my pc
|c|★Mr.Jean|why not
|c|★THE REAL AJ STYLES|yes
|c|★Mr.Jean|random guy on the internet
|c|★Mr.Jean|i will for sure
|c|★THE REAL AJ STYLES|are you joking or not
|choice|move 4|move 1
|
|move|p2a: Hypno|Psychic|p1a: Mew
|-crit|p1a: Mew
|-resisted|p1a: Mew
|-damage|p1a: Mew|0 fnt
|faint|p1a: Mew
|c|★THE REAL AJ STYLES|me no
|c|★Mr.Jean|how will you fasten my comput'
|choice|switch 4|
|
|switch|p1a: Arcanine|Arcanine, L85|327\/327
|turn|12
|c|★THE REAL AJ STYLES|desable service and nonsense programat startup
|choice|move 2|move 3
|
|move|p1a: Arcanine|Body Slam|p2a: Hypno
|-damage|p2a: Hypno|0 fnt
|faint|p2a: Hypno
|choice||switch 4
|
|switch|p2a: Onix|Onix, L90|246\/246
|turn|13
|choice|switch 5|move 1
|
|switch|p1a: Kangaskhan|Kangaskhan, L85|352\/352
|move|p2a: Onix|Earthquake|p1a: Kangaskhan
|-damage|p1a: Kangaskhan|263\/352
|
|turn|14
|c|★Mr.Jean|Ur beating the crap out of me
|c|★THE REAL AJ STYLES|ok u don't want doesn't matter
|c|★Mr.Jean|you sound like tommy tricker
|c|★Mr.Jean|https:\/\/www.youtube.com\/watch?v=iLXB8t3fTuo
|c|★Mr.Jean|you think i'm stupid?
|choice|move 3|move 3
|
|move|p1a: Kangaskhan|Surf|p2a: Onix
|-supereffective|p2a: Onix
|-damage|p2a: Onix|0 fnt
|faint|p2a: Onix
|c|★THE REAL AJ STYLES|no
|choice||switch 2
|
|switch|p2a: Dewgong|Dewgong, L85|327\/327
|turn|15
|c|★THE REAL AJ STYLES|look this can help you
|c|★Mr.Jean|many stupid people get caught by your little trick?
|c|★THE REAL AJ STYLES|https:\/\/www.youtube.com\/watch?v=NI0wpiuAin0
|choice|move 2|move 4
|
|move|p1a: Kangaskhan|Earthquake|p2a: Dewgong
|-crit|p2a: Dewgong
|-damage|p2a: Dewgong|187\/327
|move|p2a: Dewgong|Blizzard|p1a: Kangaskhan
|-crit|p1a: Kangaskhan
|-damage|p1a: Kangaskhan|0 fnt
|faint|p1a: Kangaskhan
|c|★Mr.Jean|yeah there's thousands of videos like that
|c|★Mr.Jean|and if i want a bigger cock there's magic pills that I can get on porn sites
|choice|switch 2|
|
|switch|p1a: Articuno|Articuno, L79|176\/304 slp
|turn|16
|c|★THE REAL AJ STYLES|I suggest always to disable windows update
|c|★THE REAL AJ STYLES|you are volgaris
|choice|move 2|move 4
|
|cant|p1a: Articuno|slp
|move|p2a: Dewgong|Blizzard|p1a: Articuno
|-damage|p1a: Articuno|69\/304 slp
|
|turn|17
|c|★Mr.Jean|but you understand that it's not really intelligent to let any stranger in your pc
|choice|move 4|move 4
|
|cant|p1a: Articuno|slp
|move|p2a: Dewgong|Blizzard|p1a: Articuno
|-damage|p1a: Articuno|0 fnt
|faint|p1a: Articuno
|choice|switch 5|
|
|switch|p1a: Arcanine|Arcanine, L85|327\/327
|turn|18
|choice|move 3|move 2
|
|move|p1a: Arcanine|Hyper Beam|p2a: Dewgong
|-damage|p2a: Dewgong|55\/327
|move|p2a: Dewgong|Surf|p1a: Arcanine
|-supereffective|p1a: Arcanine
|-damage|p1a: Arcanine|124\/327
|
|turn|19
|-mustrecharge|p1a: Arcanine
|-mustrecharge|p1a: Arcanine
|choice|move 1|move 2
|
|cant|p1a: Arcanine|recharge
|move|p2a: Dewgong|Surf|p1a: Arcanine
|-supereffective|p1a: Arcanine
|-damage|p1a: Arcanine|0 fnt
|faint|p1a: Arcanine
|
|win|THE REAL AJ STYLES
|raw|Mr.Jean's rating: 1212 &rarr; <strong>1188<\/strong><br \/>(-24 for losing)
|raw|THE REAL AJ STYLES's rating: 1233 &rarr; <strong>1257<\/strong><br \/>(+24 for winning)
|c|★THE REAL AJ STYLES|gg and bye
|leave|THE REAL AJ STYLES
|player|p2