|j|DamspaN
|j|LT.VONNIE
|player|p1|DamspaN|12
|player|p2|LT.VONNIE|53
|gametype|singles
|gen|1
|tier|[Gen 1] Random Battle
|rated
|seed|
|rule|Sleep Clause Mod: Limit one foe put to sleep
|rule|Freeze Clause Mod: Limit one foe frozen
|rule|HP Percentage Mod: HP is shown in percentages
|
|start
|switch|p1a: Tangela|Tangela, L85|100\/100
|switch|p2a: Fearow|Fearow, L90|100\/100
|turn|1
|j|leo eskwael
|l|leo eskwael
|choice||
|
|switch|p1a: Jynx|Jynx, L79|100\/100
|move|p2a: Fearow|Drill Peck|p1a: Jynx
|-damage|p1a: Jynx|43\/100
|
|turn|2
|choice||
|
|move|p2a: Fearow|Drill Peck|p1a: Jynx
|-damage|p1a: Jynx|0 fnt
|faint|p1a: Jynx
|choice||
|
|switch|p1a: Charmander|Charmander, L96|100\/100
|turn|3
|choice||
|
|move|p2a: Fearow|Drill Peck|p1a: Charmander
|-damage|p1a: Charmander|56\/100
|move|p1a: Charmander|Fire Blast|p2a: Fearow
|-damage|p2a: Fearow|57\/100
|
|turn|4
|choice||
|
|move|p2a: Fearow|Drill Peck|p1a: Charmander
|-damage|p1a: Charmander|10\/100
|move|p1a: Charmander|Fire Blast|p2a: Fearow
|-damage|p2a: Fearow|10\/100
|
|turn|5
|choice||
|
|move|p2a: Fearow|Drill Peck|p1a: Charmander
|-damage|p1a: Charmander|0 fnt
|faint|p1a: Charmander
|choice||
|
|switch|p1a: Kangaskhan|Kangaskhan, L85|100\/100
|turn|6
|choice||
|
|move|p2a: Fearow|Hyper Beam|p1a: Kangaskhan|[miss]
|-miss|p2a: Fearow
|move|p1a: Kangaskhan|Body Slam|p2a: Fearow
|-damage|p2a: Fearow|0 fnt
|faint|p2a: Fearow
|choice||
|
|switch|p2a: Snorlax|Snorlax, L79|100\/100
|turn|7
|choice||
|
|move|p1a: Kangaskhan|Earthquake|p2a: Snorlax
|-damage|p2a: Snorlax|80\/100
|move|p2a: Snorlax|Amnesia|p2a: Snorlax
|-boost|p2a: Snorlax|spd|2
|-boost|p2a: Snorlax|spa|2
|
|turn|8
|choice||
|
|switch|p1a: Gengar|Gengar, L79|100\/100
|move|p2a: Snorlax|Amnesia|p2a: Snorlax
|-boost|p2a: Snorlax|spd|2
|-boost|p2a: Snorlax|spa|2
|
|turn|9
|choice||
|
|move|p1a: Gengar|Hypnosis|p2a: Snorlax
|-status|p2a: Snorlax|slp
|cant|p2a: Snorlax|slp
|
|turn|10
|choice||
|
|move|p1a: Gengar|Psychic|p2a: Snorlax
|-damage|p2a: Snorlax|73\/100 slp
|-unboost|p2a: Snorlax|spd|1
|-unboost|p2a: Snorlax|spa|1
|cant|p2a: Snorlax|slp
|
|turn|11
|choice||
|
|switch|p1a: Tangela|Tangela, L85|100\/100
|cant|p2a: Snorlax|slp
|
|turn|12
|choice||
|
|move|p1a: Tangela|Swords Dance|p1a: Tangela
|-boost|p1a: Tangela|atk|2
|cant|p2a: Snorlax|slp
|
|turn|13
|choice||
|
|move|p1a: Tangela|Swords Dance|p1a: Tangela
|-boost|p1a: Tangela|atk|2
|-curestatus|p2a: Snorlax|slp
|
|turn|14
|choice||
|
|move|p1a: Tangela|Body Slam|p2a: Snorlax
|-damage|p2a: Snorlax|34\/100
|move|p2a: Snorlax|Ice Beam|p1a: Tangela
|-supereffective|p1a: Tangela
|-damage|p1a: Tangela|32\/100
|
|turn|15
|choice||
|
|move|p1a: Tangela|Hyper Beam|p2a: Snorlax
|-damage|p2a: Snorlax|0 fnt
|faint|p2a: Snorlax
|choice||
|
|switch|p2a: Jynx|Jynx, L79|100\/100
|turn|16
|choice||
|
|move|p2a: Jynx|Blizzard|p1a: Tangela
|-supereffective|p1a: Tangela
|-damage|p1a: Tangela|0 fnt
|faint|p1a: Tangela
|choice||
|
|switch|p1a: Kangaskhan|Kangaskhan, L85|100\/100
|turn|17
|choice||
|
|move|p1a: Kangaskhan|Body Slam|p2a: Jynx
|-damage|p2a: Jynx|42\/100
|move|p2a: Jynx|Lovely Kiss|p1a: Kangaskhan
|-status|p1a: Kangaskhan|slp
|
|turn|18
|choice||
|
|switch|p1a: Nidoqueen|Nidoqueen, L85|100\/100
|move|p2a: Jynx|Blizzard|p1a: Nidoqueen
|-supereffective|p1a: Nidoqueen
|-damage|p1a: Nidoqueen|30\/100
|
|turn|19
|choice||
|
|move|p2a: Jynx|Blizzard|p1a: Nidoqueen
|-supereffective|p1a: Nidoqueen
|-damage|p1a: Nidoqueen|0 fnt
|faint|p1a: Nidoqueen
|choice||
|
|switch|p1a: Kangaskhan|Kangaskhan, L85|100\/100 slp
|turn|20
|choice||
|
|cant|p1a: Kangaskhan|slp
|move|p2a: Jynx|Blizzard|p1a: Kangaskhan|[miss]
|-miss|p2a: Jynx
|
|turn|21
|choice||
|
|cant|p1a: Kangaskhan|slp
|move|p2a: Jynx|Blizzard|p1a: Kangaskhan
|-damage|p1a: Kangaskhan|51\/100 slp
|
|turn|22
|choice||
|
|-curestatus|p1a: Kangaskhan|slp
|move|p2a: Jynx|Psychic|p1a: Kangaskhan
|-crit|p1a: Kangaskhan
|-damage|p1a: Kangaskhan|0 fnt
|faint|p1a: Kangaskhan
|choice||
|
|switch|p1a: Gengar|Gengar, L79|100\/100
|turn|23
|choice||
|
|move|p1a: Gengar|Thunderbolt|p2a: Jynx
|-damage|p2a: Jynx|13\/100
|move|p2a: Jynx|Psychic|p1a: Gengar
|-supereffective|p1a: Gengar
|-damage|p1a: Gengar|43\/100
|
|turn|24
|choice||
|
|move|p1a: Gengar|Thunderbolt|p2a: Jynx
|-crit|p2a: Jynx
|-damage|p2a: Jynx|0 fnt
|faint|p2a: Jynx
|choice||
|
|switch|p2a: Nidoqueen|Nidoqueen, L85|100\/100
|turn|25
|choice||
|
|move|p1a: Gengar|Hypnosis|p2a: Nidoqueen
|-status|p2a: Nidoqueen|slp
|cant|p2a: Nidoqueen|slp
|
|turn|26
|choice||
|
|switch|p2a: Mew|Mew, L74|100\/100
|move|p1a: Gengar|Mega Drain|p2a: Mew
|-damage|p2a: Mew|90\/100
|-heal|p1a: Gengar|48\/100|[from] drain|[of] p2a: Mew
|
|turn|27
|choice||
|
|move|p1a: Gengar|Thunderbolt|p2a: Mew
|-damage|p2a: Mew|66\/100
|move|p2a: Mew|Blizzard|p1a: Gengar
|-damage|p1a: Gengar|25\/100
|
|turn|28
|choice||
|
|move|p1a: Gengar|Thunderbolt|p2a: Mew
|-crit|p2a: Mew
|-damage|p2a: Mew|17\/100
|move|p2a: Mew|Blizzard|p1a: Gengar
|-damage|p1a: Gengar|3\/100
|
|turn|29
|choice||
|
|move|p1a: Gengar|Thunderbolt|p2a: Mew
|-damage|p2a: Mew|0 fnt
|faint|p2a: Mew
|choice||
|
|switch|p2a: Hitmonchan|Hitmonchan, L90|100\/100
|turn|30
|choice||
|
|move|p1a: Gengar|Psychic|p2a: Hitmonchan
|-supereffective|p2a: Hitmonchan
|-damage|p2a: Hitmonchan|21\/100
|move|p2a: Hitmonchan|Counter|p1a: Gengar
|-fail|p2a: Hitmonchan
|
|turn|31
|choice||
|
|move|p1a: Gengar|Psychic|p2a: Hitmonchan
|-supereffective|p2a: Hitmonchan
|-damage|p2a: Hitmonchan|0 fnt
|faint|p2a: Hitmonchan
|c|★DamspaN|lol
|c|★DamspaN|gg
|choice||
|
|switch|p2a: Nidoqueen|Nidoqueen, L85|100\/100 slp
|turn|32
|c|★LT.VONNIE|haha
|c|★LT.VONNIE|fuck
|choice||
|
|move|p1a: Gengar|Psychic|p2a: Nidoqueen
|-supereffective|p2a: Nidoqueen
|-damage|p2a: Nidoqueen|57\/100 slp
|cant|p2a: Nidoqueen|slp
|
|turn|33
|choice||
|
|move|p1a: Gengar|Psychic|p2a: Nidoqueen
|-supereffective|p2a: Nidoqueen
|-damage|p2a: Nidoqueen|12\/100 slp
|cant|p2a: Nidoqueen|slp
|
|turn|34
|choice||
|
|move|p1a: Gengar|Psychic|p2a: Nidoqueen
|-crit|p2a: Nidoqueen
|-supereffective|p2a: Nidoqueen
|-damage|p2a: Nidoqueen|0 fnt
|faint|p2a: Nidoqueen
|
|win|DamspaN
|player|p1
|player|p2
|raw|DamspaN's rating: 1308 &rarr; <strong>1320<\/strong><br \/>(+12 for winning)
|raw|LT.VONNIE's rating: 1169 &rarr; <strong>1154<\/strong><br \/>(-15 for losing)