|join|MALESANI
|join|philowe2001
|player|p1|MALESANI|238
|player|p2|philowe2001|170
|gametype|singles
|gen|1
|tier|[Gen 1] Random Battle
|rated
|seed|26005,26859,29420,1605
|rule|Sleep Clause Mod: Limit one foe put to sleep
|rule|Freeze Clause Mod: Limit one foe frozen
|rule|HP Percentage Mod: HP is shown in percentages
|
|start
|switch|p1a: Articuno|Articuno, L79|304\/304
|switch|p2a: Voltorb|Voltorb, L96|272\/272
|turn|1
|choice|switch 4|move 3
|
|switch|p1a: Exeggutor|Exeggutor, L79|312\/312
|move|p2a: Voltorb|Thunderbolt|p1a: Exeggutor
|-crit|p1a: Exeggutor
|-resisted|p1a: Exeggutor
|-damage|p1a: Exeggutor|242\/312
|
|turn|2
|choice|move 2|move 1
|
|move|p2a: Voltorb|Explosion|p1a: Exeggutor
|-damage|p1a: Exeggutor|77\/312
|faint|p2a: Voltorb
|choice||switch 3
|
|switch|p2a: Jynx|Jynx, L79|265\/265
|turn|3
|choice|move 1|move 1
|
|move|p2a: Jynx|Blizzard|p1a: Exeggutor
|-crit|p1a: Exeggutor
|-supereffective|p1a: Exeggutor
|-damage|p1a: Exeggutor|0 fnt
|faint|p1a: Exeggutor
|choice|switch 3|
|
|switch|p1a: Ponyta|Ponyta, L96|291\/291
|turn|4
|choice|move 3|move 4
|
|move|p1a: Ponyta|Fire Blast|p2a: Jynx
|-crit|p2a: Jynx
|-supereffective|p2a: Jynx
|-damage|p2a: Jynx|0 fnt
|faint|p2a: Jynx
|choice||switch 6
|
|switch|p2a: Rhydon|Rhydon, L79|328\/328
|turn|5
|choice|switch 2|move 4
|
|switch|p1a: Staryu|Staryu, L90|237\/237
|move|p2a: Rhydon|Rock Slide|p1a: Staryu
|-damage|p1a: Staryu|135\/237
|
|turn|6
|choice|move 3|switch 4
|
|switch|p2a: Kingler|Kingler, L85|267\/267
|move|p1a: Staryu|Surf|p2a: Kingler
|-resisted|p2a: Kingler
|-damage|p2a: Kingler|201\/267
|
|turn|7
|choice|move 2|move 3
|
|move|p1a: Staryu|Thunderbolt|p2a: Kingler
|-supereffective|p2a: Kingler
|-damage|p2a: Kingler|25\/267
|-status|p2a: Kingler|par
|move|p2a: Kingler|Swords Dance|p2a: Kingler
|-boost|p2a: Kingler|atk|2
|
|turn|8
|choice|move 3|switch 4
|
|switch|p2a: Rhydon|Rhydon, L79|328\/328
|move|p1a: Staryu|Surf|p2a: Rhydon
|-crit|p2a: Rhydon
|-supereffective|p2a: Rhydon
|-damage|p2a: Rhydon|0 fnt
|faint|p2a: Rhydon
|choice||switch 5
|
|switch|p2a: Magmar|Magmar, L90|300\/300
|turn|9
|choice|move 3|move 4
|
|move|p2a: Magmar|Confuse Ray|p1a: Staryu
|-start|p1a: Staryu|confusion
|-activate|p1a: Staryu|confusion
|-damage|p1a: Staryu|106\/237|[from] confusion
|
|turn|10
|choice|switch 2|move 3
|
|switch|p1a: Ponyta|Ponyta, L96|291\/291
|move|p2a: Magmar|Body Slam|p1a: Ponyta
|-damage|p1a: Ponyta|218\/291
|
|turn|11
|choice|move 3|move 4
|
|move|p1a: Ponyta|Fire Blast|p2a: Magmar
|-crit|p2a: Magmar
|-resisted|p2a: Magmar
|-damage|p2a: Magmar|179\/300
|move|p2a: Magmar|Confuse Ray|p1a: Ponyta
|-start|p1a: Ponyta|confusion
|
|turn|12
|choice|switch 6|move 3
|
|switch|p1a: Primeape|Primeape, L90|300\/300
|move|p2a: Magmar|Body Slam|p1a: Primeape
|-damage|p1a: Primeape|220\/300
|-status|p1a: Primeape|par
|
|turn|13
|choice|move 2|move 4
|
|move|p2a: Magmar|Confuse Ray|p1a: Primeape
|-start|p1a: Primeape|confusion
|-activate|p1a: Primeape|confusion
|move|p1a: Primeape|Body Slam|p2a: Magmar
|-damage|p2a: Magmar|95\/300
|
|turn|14
|choice|move 4|move 1
|
|move|p2a: Magmar|Fire Blast|p1a: Primeape
|-damage|p1a: Primeape|71\/300 par
|cant|p1a: Primeape|par
|
|turn|15
|choice|move 4|move 3
|
|move|p2a: Magmar|Body Slam|p1a: Primeape
|-damage|p1a: Primeape|0 fnt
|faint|p1a: Primeape
|choice|switch 5|
|
|switch|p1a: Jolteon|Jolteon, L79|265\/265
|turn|16
|choice|move 1|switch 2
|
|switch|p2a: Eevee|Eevee, L96|300\/300
|move|p1a: Jolteon|Thunderbolt|p2a: Eevee|[miss]
|-miss|p1a: Jolteon
|
|turn|17
|choice|move 1|move 1
|
|move|p1a: Jolteon|Thunderbolt|p2a: Eevee
|-damage|p2a: Eevee|203\/300
|move|p2a: Eevee|Body Slam|p1a: Jolteon
|-damage|p1a: Jolteon|147\/265
|
|turn|18
|choice|move 1|move 1
|
|move|p1a: Jolteon|Thunderbolt|p2a: Eevee
|-damage|p2a: Eevee|96\/300
|move|p2a: Eevee|Body Slam|p1a: Jolteon
|-damage|p1a: Jolteon|33\/265
|
|turn|19
|choice|move 1|move 1
|
|move|p1a: Jolteon|Thunderbolt|p2a: Eevee
|-crit|p2a: Eevee
|-damage|p2a: Eevee|0 fnt
|faint|p2a: Eevee
|choice||switch 2
|
|switch|p2a: Magmar|Magmar, L90|95\/300
|turn|20
|choice|move 1|move 3
|
|move|p1a: Jolteon|Thunderbolt|p2a: Magmar
|-damage|p2a: Magmar|6\/300
|-status|p2a: Magmar|par
|cant|p2a: Magmar|par
|
|turn|21
|-message|philowe2001 forfeited.
|
|win|MALESANI
|leave|philowe2001
|player|p2