|j|Kel9901
|j|PK Mastr
|player|p1|Kel9901|101
|player|p2|PK Mastr|257
|gametype|singles
|gen|1
|tier|[Gen 1] OU
|rated
|seed|13747,12210,14658,45947
|rule|Sleep Clause Mod: Limit one foe put to sleep
|rule|Freeze Clause Mod: Limit one foe frozen
|rule|Species Clause: Limit one of each Pokémon
|rule|OHKO Clause: OHKO moves are banned
|rule|Evasion Moves Clause: Evasion moves are banned
|rule|HP Percentage Mod: HP is shown in percentages
|
|start
|switch|p1a: Gengar|Gengar|323\/323
|switch|p2a: BAPHOMET|Alakazam|313\/313
|turn|1
|c|★Kel9901|gl hf
|c|★PK Mastr|whats good kel (:
|choice|switch 3|switch 2
|
|switch|p2a: HADES|Gengar|323\/323
|switch|p1a: Exeggutor|Exeggutor|393\/393
|
|turn|2
|c|★PK Mastr|got you ;)
|c|★Kel9901|interesting
|choice|switch 3|move 1
|
|switch|p1a: Gengar|Gengar|323\/323
|move|p2a: HADES|Hypnosis|p1a: Gengar|[miss]
|-miss|p2a: HADES
|
|turn|3
|c|★PK Mastr|always pull that one
|c|★PK Mastr|lol
|c|★Kel9901|non lead gar
|c|★PK Mastr|Fuck!
|choice|move 1|move 1
|
|move|p1a: Gengar|Hypnosis|p2a: HADES
|-status|p2a: HADES|slp
|cant|p2a: HADES|slp
|
|turn|4
|c|★Kel9901|not someting i see every day
|c|★PK Mastr|and i get assed on
|choice|move 2|switch 2
|
|switch|p2a: BAPHOMET|Alakazam|313\/313
|move|p1a: Gengar|Thunderbolt|p2a: BAPHOMET
|-damage|p2a: BAPHOMET|246\/313
|-status|p2a: BAPHOMET|par
|
|turn|5
|c|★PK Mastr|what are you doing -_-
|c|★PK Mastr|lol jk
|choice|switch 2|move 2
|
|switch|p1a: Chansey|Chansey|703\/703
|move|p2a: BAPHOMET|Thunder Wave|p1a: Chansey
|-status|p1a: Chansey|par
|
|turn|6
|choice|move 2|switch 2
|
|switch|p2a: HADES|Gengar|323\/323 slp
|cant|p1a: Chansey|par
|
|turn|7
|choice|switch 5|move 1
|
|switch|p1a: Rhydon|Rhydon|413\/413
|cant|p2a: HADES|slp
|
|turn|8
|choice|move 1|switch 4
|
|switch|p2a: ANUBIS|Dragonite|385\/385
|move|p1a: Rhydon|Earthquake|p2a: ANUBIS
|-immune|p2a: ANUBIS|[msg]
|
|turn|9
|c|★Kel9901|ugh
|c|★Kel9901|that shit
|c|★Kel9901|xD
|c|★PK Mastr|lmfao
|choice|switch 5|move 3
|
|switch|p1a: Chansey|Chansey|703\/703 par
|move|p2a: ANUBIS|Blizzard|p1a: Chansey
|-damage|p1a: Chansey|616\/703 par
|
|turn|10
|choice|switch 2|move 2
|
|switch|p1a: Gengar|Gengar|323\/323
|move|p2a: ANUBIS|Wrap|p1a: Gengar
|-damage|p1a: Gengar|323\/323
|-activate|p1a: Gengar|move: Wrap|[of] p2a: ANUBIS
|
|turn|11
|choice|switch 5|move 2
|
|switch|p1a: Rhydon|Rhydon|413\/413
|move|p2a: ANUBIS|Wrap|p1a: Rhydon
|-resisted|p1a: Rhydon
|-damage|p1a: Rhydon|407\/413
|-activate|p1a: Rhydon|move: Wrap|[of] p2a: ANUBIS
|
|turn|12
|choice|switch 5|switch 3
|
|switch|p2a: NEBULA|Starmie|323\/323
|switch|p1a: Gengar|Gengar|323\/323
|
|turn|13
|choice|switch 2|switch 4
|
|switch|p2a: HADES|Gengar|323\/323 slp
|switch|p1a: Chansey|Chansey|616\/703 par
|
|turn|14
|choice|switch 4|move 3
|
|switch|p1a: Tauros|Tauros|353\/353
|cant|p2a: HADES|slp
|
|turn|15
|choice|move 4|switch 4
|
|switch|p2a: NEBULA|Starmie|323\/323
|move|p1a: Tauros|Earthquake|p2a: NEBULA
|-crit|p2a: NEBULA
|-damage|p2a: NEBULA|154\/323
|
|turn|16
|choice|move 1|move 4
|
|move|p2a: NEBULA|Recover|p2a: NEBULA
|-heal|p2a: NEBULA|315\/323
|move|p1a: Tauros|Body Slam|p2a: NEBULA
|-crit|p2a: NEBULA
|-damage|p2a: NEBULA|84\/323
|
|turn|17
|choice|move 1|move 3
|
|move|p2a: NEBULA|Psychic|p1a: Tauros
|-crit|p1a: Tauros
|-damage|p1a: Tauros|78\/353
|move|p1a: Tauros|Body Slam|p2a: NEBULA
|-damage|p2a: NEBULA|0 fnt
|faint|p2a: NEBULA
|choice||switch 6
|
|switch|p2a: TRINITY|Tauros|353\/353
|turn|18
|choice|move 2|move 3
|
|move|p2a: TRINITY|Blizzard|p1a: Tauros
|-crit|p1a: Tauros
|-damage|p1a: Tauros|0 fnt
|faint|p1a: Tauros
|choice|switch 3|
|
|switch|p1a: Exeggutor|Exeggutor|393\/393
|turn|19
|choice|move 1|switch 2
|
|switch|p2a: BAPHOMET|Alakazam|246\/313 par
|move|p1a: Exeggutor|Psychic|p2a: BAPHOMET
|-resisted|p2a: BAPHOMET
|-damage|p2a: BAPHOMET|200\/313 par
|
|turn|20
|choice|switch 5|move 4
|
|switch|p1a: Rhydon|Rhydon|407\/413
|move|p2a: BAPHOMET|Reflect|p2a: BAPHOMET
|-start|p2a: BAPHOMET|Reflect
|
|turn|21
|choice|move 1|move 1
|
|move|p1a: Rhydon|Earthquake|p2a: BAPHOMET
|-crit|p2a: BAPHOMET
|-damage|p2a: BAPHOMET|0 fnt
|faint|p2a: BAPHOMET
|c|★PK Mastr|ouch
|choice||switch 3
|
|switch|p2a: ANUBIS|Dragonite|385\/385
|turn|22
|c|★PK Mastr|damn you
|c|★PK Mastr|with that crit
|choice|switch 2|move 3
|
|switch|p1a: Gengar|Gengar|323\/323
|move|p2a: ANUBIS|Blizzard|p1a: Gengar
|-damage|p1a: Gengar|250\/323
|
|turn|23
|choice|move 2|move 3
|
|move|p1a: Gengar|Thunderbolt|p2a: ANUBIS
|-crit|p2a: ANUBIS
|-damage|p2a: ANUBIS|223\/385
|move|p2a: ANUBIS|Blizzard|p1a: Gengar
|-damage|p1a: Gengar|174\/323
|
|turn|24
|choice|move 2|move 3
|
|move|p1a: Gengar|Thunderbolt|p2a: ANUBIS
|-damage|p2a: ANUBIS|131\/385
|move|p2a: ANUBIS|Blizzard|p1a: Gengar
|-crit|p1a: Gengar
|-damage|p1a: Gengar|17\/323
|
|turn|25
|choice|move 3|switch 4
|
|switch|p2a: HADES|Gengar|323\/323 slp
|move|p1a: Gengar|Explosion|p2a: HADES
|-immune|p2a: HADES|[msg]
|faint|p1a: Gengar
|c|★PK Mastr|caught
|choice|switch 5|
|
|switch|p1a: Exeggutor|Exeggutor|393\/393
|turn|26
|choice|move 1|move 3
|
|cant|p2a: HADES|slp
|move|p1a: Exeggutor|Psychic|p2a: HADES
|-supereffective|p2a: HADES
|-damage|p2a: HADES|125\/323 slp
|
|turn|27
|choice|move 1|switch 5
|
|switch|p2a: PU-TAI|Snorlax|523\/523
|move|p1a: Exeggutor|Psychic|p2a: PU-TAI
|-damage|p2a: PU-TAI|349\/523
|
|turn|28
|choice|move 1|move 3
|
|move|p1a: Exeggutor|Psychic|p2a: PU-TAI
|-damage|p2a: PU-TAI|194\/523
|-unboost|p2a: PU-TAI|spd|1
|-unboost|p2a: PU-TAI|spa|1
|move|p2a: PU-TAI|Earthquake|p1a: Exeggutor
|-resisted|p1a: Exeggutor
|-damage|p1a: Exeggutor|348\/393
|
|turn|29
|choice|move 1|switch 5
|
|switch|p2a: HADES|Gengar|125\/323 slp
|move|p1a: Exeggutor|Psychic|p2a: HADES
|-supereffective|p2a: HADES
|-damage|p2a: HADES|0 fnt
|faint|p2a: HADES
|choice||switch 4
|
|switch|p2a: ANUBIS|Dragonite|131\/385
|turn|30
|choice|move 1|move 2
|
|move|p2a: ANUBIS|Wrap|p1a: Exeggutor
|-damage|p1a: Exeggutor|331\/393
|-activate|p1a: Exeggutor|move: Wrap|[of] p2a: ANUBIS
|cant|p1a: Exeggutor|partiallytrapped
|
|turn|31
|choice|switch 2|move 2
|
|switch|p1a: Rhydon|Rhydon|407\/413
|move|p2a: ANUBIS|Wrap|p1a: Rhydon
|-resisted|p1a: Rhydon
|-damage|p1a: Rhydon|401\/413
|-activate|p1a: Rhydon|move: Wrap|[of] p2a: ANUBIS
|
|turn|32
|choice|switch 6|move 2
|
|switch|p1a: Snorlax|Snorlax|523\/523
|move|p2a: ANUBIS|Wrap|p1a: Snorlax
|-crit|p1a: Snorlax
|-damage|p1a: Snorlax|483\/523
|-activate|p1a: Snorlax|move: Wrap|[of] p2a: ANUBIS
|
|turn|33
|choice|switch 2|move 2
|
|switch|p1a: Exeggutor|Exeggutor|331\/393
|move|p2a: ANUBIS|Wrap|p1a: Exeggutor
|-damage|p1a: Exeggutor|315\/393
|-activate|p1a: Exeggutor|move: Wrap|[of] p2a: ANUBIS
|
|turn|34
|choice|switch 6|move 2
|
|switch|p1a: Rhydon|Rhydon|401\/413
|move|p2a: ANUBIS|Wrap|p1a: Rhydon
|-resisted|p1a: Rhydon
|-damage|p1a: Rhydon|395\/413
|-activate|p1a: Rhydon|move: Wrap|[of] p2a: ANUBIS
|
|turn|35
|choice|switch 2|move 2
|
|switch|p1a: Snorlax|Snorlax|483\/523
|move|p2a: ANUBIS|Wrap|p1a: Snorlax
|-damage|p1a: Snorlax|465\/523
|-activate|p1a: Snorlax|move: Wrap|[of] p2a: ANUBIS
|
|turn|36
|choice|switch 6|move 2
|
|switch|p1a: Exeggutor|Exeggutor|315\/393
|move|p2a: ANUBIS|Wrap|p1a: Exeggutor
|-damage|p1a: Exeggutor|299\/393
|-activate|p1a: Exeggutor|move: Wrap|[of] p2a: ANUBIS
|
|turn|37
|choice|switch 6|move 2
|
|switch|p1a: Snorlax|Snorlax|465\/523
|move|p2a: ANUBIS|Wrap|p1a: Snorlax
|-damage|p1a: Snorlax|445\/523
|-activate|p1a: Snorlax|move: Wrap|[of] p2a: ANUBIS
|
|turn|38
|choice|switch 2|move 2
|
|switch|p1a: Rhydon|Rhydon|395\/413
|move|p2a: ANUBIS|Wrap|p1a: Rhydon
|-resisted|p1a: Rhydon
|-damage|p1a: Rhydon|389\/413
|-activate|p1a: Rhydon|move: Wrap|[of] p2a: ANUBIS
|
|turn|39
|choice|switch 4|move 2
|
|switch|p1a: Chansey|Chansey|616\/703 par
|move|p2a: ANUBIS|Wrap|p1a: Chansey
|-damage|p1a: Chansey|578\/703 par
|-activate|p1a: Chansey|move: Wrap|[of] p2a: ANUBIS
|
|turn|40
|choice|switch 2|move 2
|
|switch|p1a: Snorlax|Snorlax|445\/523
|move|p2a: ANUBIS|Wrap|p1a: Snorlax|[miss]
|-miss|p2a: ANUBIS
|
|turn|41
|choice|move 2|move 2
|
|move|p2a: ANUBIS|Wrap|p1a: Snorlax
|-damage|p1a: Snorlax|427\/523
|-activate|p1a: Snorlax|move: Wrap|[of] p2a: ANUBIS
|cant|p1a: Snorlax|partiallytrapped
|
|turn|42
|choice|switch 4|move 2
|
|switch|p1a: Rhydon|Rhydon|389\/413
|move|p2a: ANUBIS|Wrap|p1a: Rhydon
|-resisted|p1a: Rhydon
|-damage|p1a: Rhydon|383\/413
|-activate|p1a: Rhydon|move: Wrap|[of] p2a: ANUBIS
|
|turn|43
|choice|switch 6|move 2
|
|switch|p1a: Exeggutor|Exeggutor|299\/393
|move|p2a: ANUBIS|Wrap|p1a: Exeggutor
|-damage|p1a: Exeggutor|281\/393
|-activate|p1a: Exeggutor|move: Wrap|[of] p2a: ANUBIS
|
|turn|44
|choice|switch 6|move 2
|
|switch|p1a: Rhydon|Rhydon|383\/413
|move|p2a: ANUBIS|Wrap|p1a: Rhydon
|-resisted|p1a: Rhydon
|-damage|p1a: Rhydon|377\/413
|-activate|p1a: Rhydon|move: Wrap|[of] p2a: ANUBIS
|
|turn|45
|choice|switch 2|move 2
|
|switch|p1a: Chansey|Chansey|578\/703 par
|move|p2a: ANUBIS|Wrap|p1a: Chansey
|-damage|p1a: Chansey|534\/703 par
|-activate|p1a: Chansey|move: Wrap|[of] p2a: ANUBIS
|
|turn|46
|choice|switch 2|switch 5
|
|switch|p2a: PU-TAI|Snorlax|194\/523
|switch|p1a: Rhydon|Rhydon|377\/413
|
|turn|47
|choice|switch 6|move 4
|
|switch|p1a: Exeggutor|Exeggutor|281\/393
|move|p2a: PU-TAI|Self-Destruct|p1a: Exeggutor
|-damage|p1a: Exeggutor|0 fnt
|faint|p1a: Exeggutor
|faint|p2a: PU-TAI
|choice|switch 4|switch 5
|
|switch|p2a: ANUBIS|Dragonite|131\/385
|switch|p1a: Snorlax|Snorlax|427\/523
|turn|48
|choice|move 2|move 2
|
|move|p2a: ANUBIS|Wrap|p1a: Snorlax
|-damage|p1a: Snorlax|406\/523
|-activate|p1a: Snorlax|move: Wrap|[of] p2a: ANUBIS
|cant|p1a: Snorlax|partiallytrapped
|
|turn|49
|c|★PK Mastr|lol
|choice|switch 6|move 2
|
|switch|p1a: Rhydon|Rhydon|377\/413
|move|p2a: ANUBIS|Wrap|p1a: Rhydon
|-resisted|p1a: Rhydon
|-damage|p1a: Rhydon|372\/413
|-activate|p1a: Rhydon|move: Wrap|[of] p2a: ANUBIS
|
|turn|50
|choice|switch 2|move 2
|
|switch|p1a: Chansey|Chansey|534\/703 par
|move|p2a: ANUBIS|Wrap|p1a: Chansey
|-damage|p1a: Chansey|492\/703 par
|-activate|p1a: Chansey|move: Wrap|[of] p2a: ANUBIS
|
|turn|51
|choice|switch 6|move 2
|
|switch|p1a: Snorlax|Snorlax|406\/523
|move|p2a: ANUBIS|Wrap|p1a: Snorlax
|-damage|p1a: Snorlax|387\/523
|-activate|p1a: Snorlax|move: Wrap|[of] p2a: ANUBIS
|
|turn|52
|choice|switch 2|move 2
|
|switch|p1a: Rhydon|Rhydon|372\/413
|move|p2a: ANUBIS|Wrap|p1a: Rhydon|[miss]
|-miss|p2a: ANUBIS
|
|turn|53
|choice|move 2|move 2
|
|move|p2a: ANUBIS|Wrap|p1a: Rhydon
|-resisted|p1a: Rhydon
|-damage|p1a: Rhydon|366\/413
|-activate|p1a: Rhydon|move: Wrap|[of] p2a: ANUBIS
|cant|p1a: Rhydon|partiallytrapped
|
|turn|54
|choice|switch 6|move 2
|
|switch|p1a: Chansey|Chansey|492\/703 par
|move|p2a: ANUBIS|Wrap|p1a: Chansey
|-damage|p1a: Chansey|453\/703 par
|-activate|p1a: Chansey|move: Wrap|[of] p2a: ANUBIS
|
|turn|55
|choice|switch 2|move 2
|
|switch|p1a: Snorlax|Snorlax|387\/523
|move|p2a: ANUBIS|Wrap|p1a: Snorlax
|-damage|p1a: Snorlax|365\/523
|-activate|p1a: Snorlax|move: Wrap|[of] p2a: ANUBIS
|
|turn|56
|choice|switch 6|move 2
|
|switch|p1a: Rhydon|Rhydon|366\/413
|move|p2a: ANUBIS|Wrap|p1a: Rhydon
|-resisted|p1a: Rhydon
|-damage|p1a: Rhydon|360\/413
|-activate|p1a: Rhydon|move: Wrap|[of] p2a: ANUBIS
|
|turn|57
|choice|switch 2|move 2
|
|switch|p1a: Chansey|Chansey|453\/703 par
|move|p2a: ANUBIS|Wrap|p1a: Chansey
|-damage|p1a: Chansey|410\/703 par
|-activate|p1a: Chansey|move: Wrap|[of] p2a: ANUBIS
|
|turn|58
|choice|switch 2|move 2
|
|switch|p1a: Rhydon|Rhydon|360\/413
|move|p2a: ANUBIS|Wrap|p1a: Rhydon
|-resisted|p1a: Rhydon
|-damage|p1a: Rhydon|355\/413
|-activate|p1a: Rhydon|move: Wrap|[of] p2a: ANUBIS
|
|turn|59
|choice|switch 6|move 2
|
|switch|p1a: Snorlax|Snorlax|365\/523
|move|p2a: ANUBIS|Wrap|p1a: Snorlax
|-crit|p1a: Snorlax
|-damage|p1a: Snorlax|329\/523
|-activate|p1a: Snorlax|move: Wrap|[of] p2a: ANUBIS
|
|turn|60
|choice|switch 2|switch 2
|
|switch|p2a: TRINITY|Tauros|353\/353
|switch|p1a: Chansey|Chansey|410\/703 par
|
|turn|61
|c|★PK Mastr|;)
|choice|move 4|move 3
|
|move|p2a: TRINITY|Blizzard|p1a: Chansey
|-damage|p1a: Chansey|333\/703 par
|cant|p1a: Chansey|par
|
|turn|62
|choice|move 4|move 3
|
|move|p2a: TRINITY|Blizzard|p1a: Chansey
|-damage|p1a: Chansey|261\/703 par
|move|p1a: Chansey|Thunder Wave|p2a: TRINITY
|-status|p2a: TRINITY|par
|
|turn|63
|choice|switch 6|move 2
|
|switch|p1a: Rhydon|Rhydon|355\/413
|cant|p2a: TRINITY|par
|
|turn|64
|c|★PK Mastr|fuck you !_!
|c|★PK Mastr|your an ass of asses
|choice|move 2|move 3
|
|move|p1a: Rhydon|Rock Slide|p2a: TRINITY
|-damage|p2a: TRINITY|240\/353 par
|cant|p2a: TRINITY|par
|
|turn|65
|c|★Kel9901|lel
|choice|move 1|move 3
|
|move|p1a: Rhydon|Earthquake|p2a: TRINITY
|-damage|p2a: TRINITY|100\/353 par
|move|p2a: TRINITY|Blizzard|p1a: Rhydon
|-crit|p1a: Rhydon
|-supereffective|p1a: Rhydon
|-damage|p1a: Rhydon|0 fnt
|faint|p1a: Rhydon
|choice|switch 2|
|
|switch|p1a: Snorlax|Snorlax|329\/523
|turn|66
|c|★PK Mastr|nice
|choice|move 2|move 2
|
|move|p1a: Snorlax|Hyper Beam|p2a: TRINITY
|-damage|p2a: TRINITY|0 fnt
|faint|p2a: TRINITY
|choice||switch 2
|
|switch|p2a: ANUBIS|Dragonite|131\/385
|turn|67
|choice|move 3|move 2
|
|move|p2a: ANUBIS|Wrap|p1a: Snorlax
|-damage|p1a: Snorlax|311\/523
|-activate|p1a: Snorlax|move: Wrap|[of] p2a: ANUBIS
|cant|p1a: Snorlax|partiallytrapped
|
|turn|68
|choice|move 1|move 2
|
|move|p2a: ANUBIS|Wrap|p1a: Snorlax
|-damage|p1a: Snorlax|293\/523
|cant|p1a: Snorlax|partiallytrapped
|
|-end|p1a: Snorlax|Wrap|[partiallytrapped]
|turn|69
|choice|move 3|move 2
|
|move|p2a: ANUBIS|Wrap|p1a: Snorlax
|-damage|p1a: Snorlax|273\/523
|-activate|p1a: Snorlax|move: Wrap|[of] p2a: ANUBIS
|cant|p1a: Snorlax|partiallytrapped
|
|turn|70
|choice|move 3|move 2
|
|move|p2a: ANUBIS|Wrap|p1a: Snorlax
|-damage|p1a: Snorlax|253\/523
|cant|p1a: Snorlax|partiallytrapped
|
|-end|p1a: Snorlax|Wrap|[partiallytrapped]
|turn|71
|choice|move 3|move 4
|
|move|p2a: ANUBIS|Hyper Beam|p1a: Snorlax
|-crit|p1a: Snorlax
|-damage|p1a: Snorlax|0 fnt
|faint|p1a: Snorlax
|c|★PK Mastr|omfg
|choice|switch 6|
|
|switch|p1a: Chansey|Chansey|261\/703 par
|turn|72
|c|★Kel9901|gg
|choice|move 2|move 4
|
|move|p2a: ANUBIS|Hyper Beam|p1a: Chansey|[miss]
|-miss|p2a: ANUBIS
|move|p1a: Chansey|Ice Beam|p2a: ANUBIS
|-supereffective|p2a: ANUBIS
|-damage|p2a: ANUBIS|0 fnt
|faint|p2a: ANUBIS
|
|win|Kel9901
|c|★PK Mastr|yeah
|c|★PK Mastr|!_!
|raw|Kel9901's rating: 1477 &rarr; <strong>1489<\/strong><br \/>(+12 for winning)
|raw|PK Mastr's rating: 1314 &rarr; <strong>1303<\/strong><br \/>(-11 for losing)
|l|Kel9901
|player|p1