|join|andrewandres
|join|12ssb
|player|p1|andrewandres|25
|player|p2|12ssb|168
|gametype|singles
|gen|1
|tier|[Gen 1] Random Battle
|rated
|rule|Sleep Clause Mod: Limit one foe put to sleep
|rule|Freeze Clause Mod: Limit one foe frozen
|rule|HP Percentage Mod: HP is shown in percentages
|
|start
|switch|p1a: Omastar|Omastar, L90|309\/309
|switch|p2a: Golbat|Golbat, L90|318\/318
|turn|1
|
|switch|p1a: Bellsprout|Bellsprout, L96|291\/291
|move|p2a: Golbat|Mega Drain|p1a: Bellsprout
|-resisted|p1a: Bellsprout
|-damage|p1a: Bellsprout|285\/291
|
|turn|2
|
|move|p2a: Golbat|Screech|p1a: Bellsprout
|-unboost|p1a: Bellsprout|def|2
|move|p1a: Bellsprout|Sleep Powder|p2a: Golbat
|-status|p2a: Golbat|slp
|
|turn|3
|
|switch|p2a: Arcanine|Arcanine, L85|327\/327
|move|p1a: Bellsprout|Stun Spore|p2a: Arcanine
|-status|p2a: Arcanine|par
|
|turn|4
|
|switch|p1a: Omastar|Omastar, L90|309\/309
|cant|p2a: Arcanine|par
|
|turn|5
|
|switch|p2a: Golbat|Golbat, L90|318\/318 slp
|move|p1a: Omastar|Hydro Pump|p2a: Golbat|[miss]
|-miss|p1a: Omastar
|
|turn|6
|
|cant|p2a: Golbat|slp
|move|p1a: Omastar|Blizzard|p2a: Golbat
|-supereffective|p2a: Golbat
|-damage|p2a: Golbat|109\/318 slp
|
|turn|7
|
|cant|p2a: Golbat|slp
|move|p1a: Omastar|Blizzard|p2a: Golbat
|-supereffective|p2a: Golbat
|-damage|p2a: Golbat|0 fnt
|faint|p2a: Golbat
|
|switch|p2a: Machamp|Machamp, L90|345\/345
|turn|8
|
|switch|p1a: Bellsprout|Bellsprout, L96|285\/291
|move|p2a: Machamp|Earthquake|p1a: Bellsprout
|-damage|p1a: Bellsprout|150\/291
|
|turn|9
|
|move|p2a: Machamp|Earthquake|p1a: Bellsprout
|-damage|p1a: Bellsprout|4\/291
|move|p1a: Bellsprout|Stun Spore|p2a: Machamp
|-status|p2a: Machamp|par
|
|turn|10
|
|move|p1a: Bellsprout|Toxic|p2a: Machamp
|-fail|p2a: Machamp
|move|p2a: Machamp|Body Slam|p1a: Bellsprout
|-damage|p1a: Bellsprout|0 fnt
|faint|p1a: Bellsprout
|
|switch|p1a: Mr. Mime|Mr. Mime, L85|242\/242
|turn|11
|
|move|p1a: Mr. Mime|Psychic|p2a: Machamp|[miss]
|-miss|p1a: Mr. Mime
|move|p2a: Machamp|Body Slam|p1a: Mr. Mime
|-damage|p1a: Mr. Mime|142\/242
|
|turn|12
|
|move|p1a: Mr. Mime|Psychic|p2a: Machamp
|-supereffective|p2a: Machamp
|-damage|p2a: Machamp|102\/345 par
|-unboost|p2a: Machamp|spd|1
|-unboost|p2a: Machamp|spa|1
|move|p2a: Machamp|Body Slam|p1a: Mr. Mime
|-crit|p1a: Mr. Mime
|-damage|p1a: Mr. Mime|0 fnt
|faint|p1a: Mr. Mime
|c|★andrewandres|stupid lucker..
|
|switch|p1a: Omastar|Omastar, L90|309\/309
|turn|13
|
|move|p1a: Omastar|Blizzard|p2a: Machamp|[miss]
|-miss|p1a: Omastar
|cant|p2a: Machamp|par
|
|turn|14
|
|move|p1a: Omastar|Blizzard|p2a: Machamp
|-damage|p2a: Machamp|0 fnt
|faint|p2a: Machamp
|
|switch|p2a: Arcanine|Arcanine, L85|327\/327 par
|turn|15
|
|move|p1a: Omastar|Hydro Pump|p2a: Arcanine
|-supereffective|p2a: Arcanine
|-damage|p2a: Arcanine|0 fnt
|faint|p2a: Arcanine
|
|switch|p2a: Wigglytuff|Wigglytuff, L90|435\/435
|turn|16
|
|move|p1a: Omastar|Hydro Pump|p2a: Wigglytuff
|-damage|p2a: Wigglytuff|224\/435
|move|p2a: Wigglytuff|Sing|p1a: Omastar
|-status|p1a: Omastar|slp
|
|turn|17
|
|switch|p1a: Primeape|Primeape, L90|300\/300
|move|p2a: Wigglytuff|Thunder Wave|p1a: Primeape
|-status|p1a: Primeape|par
|
|turn|18
|
|move|p2a: Wigglytuff|Double-Edge|p1a: Primeape
|-damage|p1a: Primeape|186\/300 par
|-damage|p2a: Wigglytuff|196\/435|[from] recoil|[of] p1a: Primeape
|move|p1a: Primeape|Submission|p2a: Wigglytuff
|-crit|p2a: Wigglytuff
|-supereffective|p2a: Wigglytuff
|-damage|p2a: Wigglytuff|0 fnt
|-damage|p1a: Primeape|137\/300 par|[from] recoil|[of] p2a: Wigglytuff
|faint|p2a: Wigglytuff
|
|switch|p2a: Kadabra|Kadabra, L85|242\/242
|turn|19
|
|switch|p1a: Chansey|Chansey, L79|557\/557
|move|p2a: Kadabra|Reflect|p2a: Kadabra
|-start|p2a: Kadabra|Reflect
|
|turn|20
|
|move|p2a: Kadabra|Thunder Wave|p1a: Chansey
|-status|p1a: Chansey|par
|cant|p1a: Chansey|par
|
|turn|21
|
|move|p2a: Kadabra|Psychic|p1a: Chansey
|-crit|p1a: Chansey
|-damage|p1a: Chansey|354\/557 par
|-unboost|p1a: Chansey|spd|1
|-unboost|p1a: Chansey|spa|1
|move|p1a: Chansey|Ice Beam|p2a: Kadabra
|-damage|p2a: Kadabra|208\/242
|
|turn|22
|
|move|p2a: Kadabra|Psychic|p1a: Chansey
|-crit|p1a: Chansey
|-damage|p1a: Chansey|130\/557 par
|-unboost|p1a: Chansey|spd|1
|-unboost|p1a: Chansey|spa|1
|cant|p1a: Chansey|par
|
|turn|23
|
|switch|p1a: Primeape|Primeape, L90|137\/300 par
|move|p2a: Kadabra|Psychic|p1a: Primeape
|-supereffective|p1a: Primeape
|-damage|p1a: Primeape|0 fnt
|faint|p1a: Primeape
|
|switch|p1a: Chansey|Chansey, L79|130\/557 par
|turn|24
|
|switch|p2a: Pidgeotto|Pidgeotto, L90|297\/297
|move|p1a: Chansey|Soft-Boiled|p1a: Chansey
|-heal|p1a: Chansey|408\/557 par
|
|turn|25
|
|switch|p1a: Omastar|Omastar, L90|309\/309 slp
|move|p2a: Pidgeotto|Double-Edge|p1a: Omastar
|-resisted|p1a: Omastar
|-damage|p1a: Omastar|274\/309 slp
|-damage|p2a: Pidgeotto|289\/297|[from] recoil|[of] p1a: Omastar
|
|turn|26
|
|switch|p2a: Kadabra|Kadabra, L85|208\/242
|cant|p1a: Omastar|slp
|
|turn|27
|
|switch|p1a: Chansey|Chansey, L79|408\/557 par
|move|p2a: Kadabra|Psychic|p1a: Chansey
|-damage|p1a: Chansey|306\/557 par
|
|turn|28
|
|move|p2a: Kadabra|Psychic|p1a: Chansey
|-damage|p1a: Chansey|201\/557 par
|move|p1a: Chansey|Soft-Boiled|p1a: Chansey
|-heal|p1a: Chansey|479\/557 par
|
|turn|29
|
|move|p2a: Kadabra|Psychic|p1a: Chansey
|-damage|p1a: Chansey|364\/557 par
|move|p1a: Chansey|Ice Beam|p2a: Kadabra
|-damage|p2a: Kadabra|156\/242
|
|turn|30
|
|move|p2a: Kadabra|Psychic|p1a: Chansey
|-damage|p1a: Chansey|250\/557 par
|-unboost|p1a: Chansey|spd|1
|-unboost|p1a: Chansey|spa|1
|cant|p1a: Chansey|par
|
|turn|31
|
|move|p2a: Kadabra|Psychic|p1a: Chansey
|-damage|p1a: Chansey|87\/557 par
|move|p1a: Chansey|Soft-Boiled|p1a: Chansey
|-heal|p1a: Chansey|365\/557 par
|
|turn|32
|
|switch|p1a: Moltres|Moltres, L85|327\/327
|move|p2a: Kadabra|Psychic|p1a: Moltres
|-damage|p1a: Moltres|242\/327
|-unboost|p1a: Moltres|spd|1
|-unboost|p1a: Moltres|spa|1
|
|turn|33
|
|move|p2a: Kadabra|Reflect|p2a: Kadabra
|-start|p2a: Kadabra|Reflect
|move|p1a: Moltres|Hyper Beam|p2a: Kadabra
|-damage|p2a: Kadabra|55\/242
|
|turn|34
|-mustrecharge|p1a: Moltres
|-mustrecharge|p1a: Moltres
|
|move|p2a: Kadabra|Recover|p2a: Kadabra
|-heal|p2a: Kadabra|176\/242
|cant|p1a: Moltres|recharge
|
|turn|35
|
|switch|p1a: Chansey|Chansey, L79|365\/557 par
|move|p2a: Kadabra|Thunder Wave|p1a: Chansey
|-fail|p1a: Chansey|par
|
|turn|36
|
|move|p2a: Kadabra|Psychic|p1a: Chansey
|-damage|p1a: Chansey|249\/557 par
|-unboost|p1a: Chansey|spd|1
|-unboost|p1a: Chansey|spa|1
|move|p1a: Chansey|Soft-Boiled|p1a: Chansey
|-heal|p1a: Chansey|527\/557 par
|
|turn|37
|
|move|p2a: Kadabra|Psychic|p1a: Chansey
|-crit|p1a: Chansey
|-damage|p1a: Chansey|321\/557 par
|-unboost|p1a: Chansey|spd|1
|-unboost|p1a: Chansey|spa|1
|move|p1a: Chansey|Ice Beam|p2a: Kadabra
|-damage|p2a: Kadabra|151\/242
|
|turn|38
|
|switch|p1a: Omastar|Omastar, L90|274\/309 slp
|move|p2a: Kadabra|Psychic|p1a: Omastar
|-damage|p1a: Omastar|182\/309 slp
|
|turn|39
|
|switch|p1a: Chansey|Chansey, L79|321\/557 par
|move|p2a: Kadabra|Psychic|p1a: Chansey
|-crit|p1a: Chansey
|-damage|p1a: Chansey|130\/557 par
|
|turn|40
|
|switch|p1a: Moltres|Moltres, L85|242\/327
|move|p2a: Kadabra|Psychic|p1a: Moltres
|-damage|p1a: Moltres|160\/327
|
|turn|41
|
|move|p2a: Kadabra|Psychic|p1a: Moltres
|-damage|p1a: Moltres|75\/327
|-unboost|p1a: Moltres|spd|1
|-unboost|p1a: Moltres|spa|1
|move|p1a: Moltres|Fire Blast|p2a: Kadabra
|-damage|p2a: Kadabra|70\/242
|
|turn|42
|
|move|p2a: Kadabra|Psychic|p1a: Moltres
|-crit|p1a: Moltres
|-damage|p1a: Moltres|0 fnt
|faint|p1a: Moltres
|
|switch|p1a: Chansey|Chansey, L79|130\/557 par
|turn|43
|
|move|p2a: Kadabra|Recover|p2a: Kadabra
|-heal|p2a: Kadabra|191\/242
|cant|p1a: Chansey|par
|
|turn|44
|
|switch|p2a: Pidgeotto|Pidgeotto, L90|289\/297
|move|p1a: Chansey|Soft-Boiled|p1a: Chansey
|-heal|p1a: Chansey|408\/557 par
|
|turn|45
|
|switch|p1a: Omastar|Omastar, L90|182\/309 slp
|move|p2a: Pidgeotto|Double-Edge|p1a: Omastar
|-crit|p1a: Omastar
|-resisted|p1a: Omastar
|-damage|p1a: Omastar|116\/309 slp
|-damage|p2a: Pidgeotto|273\/297|[from] recoil|[of] p1a: Omastar
|
|turn|46
|
|move|p2a: Pidgeotto|Mimic|p1a: Omastar
|-start|p2a: Pidgeotto|Mimic|Seismic Toss
|cant|p1a: Omastar|slp
|
|turn|47
|
|switch|p1a: Chansey|Chansey, L79|408\/557 par
|move|p2a: Pidgeotto|Seismic Toss|p1a: Chansey
|-damage|p1a: Chansey|318\/557 par
|
|turn|48
|
|move|p2a: Pidgeotto|Double-Edge|p1a: Chansey
|-damage|p1a: Chansey|87\/557 par
|-damage|p2a: Pidgeotto|216\/297|[from] recoil|[of] p1a: Chansey
|move|p1a: Chansey|Counter|p2a: Pidgeotto
|-damage|p2a: Pidgeotto|0 fnt
|faint|p2a: Pidgeotto
|
|switch|p2a: Kadabra|Kadabra, L85|191\/242
|turn|49
|
|move|p2a: Kadabra|Reflect|p2a: Kadabra
|-start|p2a: Kadabra|Reflect
|move|p1a: Chansey|Soft-Boiled|p1a: Chansey
|-heal|p1a: Chansey|365\/557 par
|
|turn|50
|
|move|p2a: Kadabra|Thunder Wave|p1a: Chansey
|-fail|p1a: Chansey|par
|move|p1a: Chansey|Ice Beam|p2a: Kadabra
|-damage|p2a: Kadabra|143\/242
|
|turn|51
|
|move|p2a: Kadabra|Reflect|p2a: Kadabra
|-fail|p2a: Kadabra
|move|p1a: Chansey|Soft-Boiled|p1a: Chansey
|-heal|p1a: Chansey|557\/557 par
|
|turn|52
|
|move|p2a: Kadabra|Reflect|p2a: Kadabra
|-fail|p2a: Kadabra
|cant|p1a: Chansey|par
|
|turn|53
|
|move|p2a: Kadabra|Reflect|p2a: Kadabra
|-fail|p2a: Kadabra
|move|p1a: Chansey|Reflect|p1a: Chansey
|-start|p1a: Chansey|Reflect
|
|turn|54
|
|move|p2a: Kadabra|Reflect|p2a: Kadabra
|-fail|p2a: Kadabra
|move|p1a: Chansey|Reflect|p1a: Chansey
|-fail|p1a: Chansey
|
|turn|55
|c|★andrewandres|^^
|c|★andrewandres|32 refelct
|c|★andrewandres|32 counter
|
|move|p2a: Kadabra|Reflect|p2a: Kadabra
|-fail|p2a: Kadabra
|move|p1a: Chansey|Reflect|p1a: Chansey
|-fail|p1a: Chansey
|
|turn|56
|
|move|p2a: Kadabra|Reflect|p2a: Kadabra
|-fail|p2a: Kadabra
|move|p1a: Chansey|Reflect|p1a: Chansey
|-fail|p1a: Chansey
|
|turn|57
|
|move|p2a: Kadabra|Reflect|p2a: Kadabra
|-fail|p2a: Kadabra
|move|p1a: Chansey|Reflect|p1a: Chansey
|-fail|p1a: Chansey
|
|turn|58
|
|move|p2a: Kadabra|Reflect|p2a: Kadabra
|-fail|p2a: Kadabra
|move|p1a: Chansey|Reflect|p1a: Chansey
|-fail|p1a: Chansey
|
|turn|59
|
|move|p2a: Kadabra|Reflect|p2a: Kadabra
|-fail|p2a: Kadabra
|move|p1a: Chansey|Reflect|p1a: Chansey
|-fail|p1a: Chansey
|
|turn|60
|
|move|p2a: Kadabra|Reflect|p2a: Kadabra
|-fail|p2a: Kadabra
|move|p1a: Chansey|Reflect|p1a: Chansey
|-fail|p1a: Chansey
|
|turn|61
|
|move|p2a: Kadabra|Reflect|p2a: Kadabra
|-fail|p2a: Kadabra
|move|p1a: Chansey|Reflect|p1a: Chansey
|-fail|p1a: Chansey
|
|turn|62
|
|move|p2a: Kadabra|Reflect|p2a: Kadabra
|-fail|p2a: Kadabra
|move|p1a: Chansey|Reflect|p1a: Chansey
|-fail|p1a: Chansey
|
|turn|63
|
|move|p2a: Kadabra|Reflect|p2a: Kadabra
|-fail|p2a: Kadabra
|move|p1a: Chansey|Reflect|p1a: Chansey
|-fail|p1a: Chansey
|
|turn|64
|
|move|p2a: Kadabra|Reflect|p2a: Kadabra
|-fail|p2a: Kadabra
|move|p1a: Chansey|Reflect|p1a: Chansey
|-fail|p1a: Chansey
|
|turn|65
|
|move|p2a: Kadabra|Reflect|p2a: Kadabra
|-fail|p2a: Kadabra
|move|p1a: Chansey|Reflect|p1a: Chansey
|-fail|p1a: Chansey
|
|turn|66
|
|move|p2a: Kadabra|Reflect|p2a: Kadabra
|-fail|p2a: Kadabra
|move|p1a: Chansey|Reflect|p1a: Chansey
|-fail|p1a: Chansey
|
|turn|67
|
|move|p2a: Kadabra|Reflect|p2a: Kadabra
|-fail|p2a: Kadabra
|cant|p1a: Chansey|par
|
|turn|68
|
|move|p2a: Kadabra|Reflect|p2a: Kadabra
|-fail|p2a: Kadabra
|move|p1a: Chansey|Reflect|p1a: Chansey
|-fail|p1a: Chansey
|
|turn|69
|
|move|p2a: Kadabra|Reflect|p2a: Kadabra
|-fail|p2a: Kadabra
|move|p1a: Chansey|Reflect|p1a: Chansey
|-fail|p1a: Chansey
|
|turn|70
|
|move|p2a: Kadabra|Reflect|p2a: Kadabra
|-fail|p2a: Kadabra
|cant|p1a: Chansey|par
|
|turn|71
|join|ChandelureBB
|
|move|p2a: Kadabra|Reflect|p2a: Kadabra
|-fail|p2a: Kadabra
|move|p1a: Chansey|Reflect|p1a: Chansey
|-fail|p1a: Chansey
|
|turn|72
|join|Goldar20
|join|HikenNoAce10
|
|move|p2a: Kadabra|Reflect|p2a: Kadabra
|-fail|p2a: Kadabra
|cant|p1a: Chansey|par
|
|turn|73
|join|Boos tests
|
|move|p2a: Kadabra|Reflect|p2a: Kadabra
|-fail|p2a: Kadabra
|move|p1a: Chansey|Reflect|p1a: Chansey
|-fail|p1a: Chansey
|
|turn|74
|
|move|p2a: Kadabra|Reflect|p2a: Kadabra
|-fail|p2a: Kadabra
|move|p1a: Chansey|Reflect|p1a: Chansey
|-fail|p1a: Chansey
|
|turn|75
|
|move|p2a: Kadabra|Reflect|p2a: Kadabra
|-fail|p2a: Kadabra
|move|p1a: Chansey|Ice Beam|p2a: Kadabra
|-damage|p2a: Kadabra|96\/242
|
|turn|76
|leave|HikenNoAce10
|
|move|p2a: Kadabra|Recover|p2a: Kadabra
|-heal|p2a: Kadabra|217\/242
|cant|p1a: Chansey|par
|
|turn|77
|
|move|p2a: Kadabra|Reflect|p2a: Kadabra
|-fail|p2a: Kadabra
|move|p1a: Chansey|Reflect|p1a: Chansey
|-fail|p1a: Chansey
|
|turn|78
|
|move|p2a: Kadabra|Reflect|p2a: Kadabra
|-fail|p2a: Kadabra
|move|p1a: Chansey|Reflect|p1a: Chansey
|-fail|p1a: Chansey
|
|turn|79
|
|move|p2a: Kadabra|Reflect|p2a: Kadabra
|-fail|p2a: Kadabra
|move|p1a: Chansey|Reflect|p1a: Chansey
|-fail|p1a: Chansey
|
|turn|80
|
|move|p2a: Kadabra|Reflect|p2a: Kadabra
|-fail|p2a: Kadabra
|move|p1a: Chansey|Reflect|p1a: Chansey
|-fail|p1a: Chansey
|
|turn|81
|
|move|p2a: Kadabra|Thunder Wave|p1a: Chansey
|-fail|p1a: Chansey|par
|move|p1a: Chansey|Reflect|p1a: Chansey
|-fail|p1a: Chansey
|
|turn|82
|
|move|p2a: Kadabra|Thunder Wave|p1a: Chansey
|-fail|p1a: Chansey|par
|move|p1a: Chansey|Reflect|p1a: Chansey
|-fail|p1a: Chansey
|
|turn|83
|
|move|p2a: Kadabra|Thunder Wave|p1a: Chansey
|-fail|p1a: Chansey|par
|move|p1a: Chansey|Reflect|p1a: Chansey
|-fail|p1a: Chansey
|
|turn|84
|
|move|p2a: Kadabra|Thunder Wave|p1a: Chansey
|-fail|p1a: Chansey|par
|move|p1a: Chansey|Reflect|p1a: Chansey
|-fail|p1a: Chansey
|
|turn|85
|
|move|p2a: Kadabra|Thunder Wave|p1a: Chansey
|-fail|p1a: Chansey|par
|move|p1a: Chansey|Reflect|p1a: Chansey
|-fail|p1a: Chansey
|
|turn|86
|
|move|p2a: Kadabra|Thunder Wave|p1a: Chansey
|-fail|p1a: Chansey|par
|move|p1a: Chansey|Reflect|p1a: Chansey
|-fail|p1a: Chansey
|
|turn|87
|
|move|p2a: Kadabra|Thunder Wave|p1a: Chansey
|-fail|p1a: Chansey|par
|move|p1a: Chansey|Reflect|p1a: Chansey
|-fail|p1a: Chansey
|
|turn|88
|
|switch|p1a: Omastar|Omastar, L90|116\/309 slp
|move|p2a: Kadabra|Thunder Wave|p1a: Omastar
|-fail|p1a: Omastar
|
|turn|89
|
|switch|p1a: Chansey|Chansey, L79|557\/557 par
|move|p2a: Kadabra|Thunder Wave|p1a: Chansey
|-fail|p1a: Chansey|par
|
|turn|90
|
|switch|p1a: Omastar|Omastar, L90|116\/309 slp
|move|p2a: Kadabra|Thunder Wave|p1a: Omastar
|-fail|p1a: Omastar
|
|turn|91
|
|switch|p1a: Chansey|Chansey, L79|557\/557 par
|move|p2a: Kadabra|Thunder Wave|p1a: Chansey
|-fail|p1a: Chansey|par
|
|turn|92
|
|switch|p1a: Omastar|Omastar, L90|116\/309 slp
|move|p2a: Kadabra|Thunder Wave|p1a: Omastar
|-fail|p1a: Omastar
|
|turn|93
|
|switch|p1a: Chansey|Chansey, L79|557\/557 par
|move|p2a: Kadabra|Thunder Wave|p1a: Chansey
|-fail|p1a: Chansey|par
|
|turn|94
|
|switch|p1a: Omastar|Omastar, L90|116\/309 slp
|move|p2a: Kadabra|Thunder Wave|p1a: Omastar
|-fail|p1a: Omastar
|
|turn|95
|join|MajeshoGalac
|
|switch|p1a: Chansey|Chansey, L79|557\/557 par
|move|p2a: Kadabra|Thunder Wave|p1a: Chansey
|-fail|p1a: Chansey|par
|
|turn|96
|
|switch|p1a: Omastar|Omastar, L90|116\/309 slp
|move|p2a: Kadabra|Thunder Wave|p1a: Omastar
|-fail|p1a: Omastar
|
|turn|97
|
|move|p2a: Kadabra|Thunder Wave|p1a: Omastar
|-fail|p1a: Omastar
|cant|p1a: Omastar|slp
|
|turn|98
|
|move|p2a: Kadabra|Thunder Wave|p1a: Omastar
|-fail|p1a: Omastar
|cant|p1a: Omastar|slp
|
|turn|99
|
|move|p2a: Kadabra|Thunder Wave|p1a: Omastar|[miss]
|-miss|p2a: Kadabra
|-curestatus|p1a: Omastar|slp
|
|turn|100
|leave|MajeshoGalac
|
|move|p2a: Kadabra|Thunder Wave|p1a: Omastar
|-status|p1a: Omastar|par
|cant|p1a: Omastar|par
|
|turn|101
|
|move|p2a: Kadabra|Thunder Wave|p1a: Omastar
|-fail|p1a: Omastar|par
|move|p1a: Omastar|Rest|p1a: Omastar
|-status|p1a: Omastar|slp
|-heal|p1a: Omastar|309\/309 slp|[silent]
|-status|p1a: Omastar|slp|[from] move: Rest
|
|turn|102
|
|move|p2a: Kadabra|Thunder Wave|p1a: Omastar
|-fail|p1a: Omastar
|cant|p1a: Omastar|slp
|
|turn|103
|
|move|p2a: Kadabra|Thunder Wave|p1a: Omastar
|-fail|p1a: Omastar
|-curestatus|p1a: Omastar|slp
|
|turn|104
|
|move|p2a: Kadabra|Thunder Wave|p1a: Omastar
|-status|p1a: Omastar|par
|move|p1a: Omastar|Blizzard|p2a: Kadabra
|-damage|p2a: Kadabra|128\/242
|
|turn|105
|
|move|p2a: Kadabra|Thunder Wave|p1a: Omastar
|-fail|p1a: Omastar|par
|move|p1a: Omastar|Hydro Pump|p2a: Kadabra
|-damage|p2a: Kadabra|2\/242
|
|turn|106
|
|move|p2a: Kadabra|Recover|p2a: Kadabra
|-heal|p2a: Kadabra|123\/242
|cant|p1a: Omastar|par
|
|turn|107
|
|move|p2a: Kadabra|Recover|p2a: Kadabra
|-heal|p2a: Kadabra|242\/242
|cant|p1a: Omastar|par
|
|turn|108
|
|move|p2a: Kadabra|Thunder Wave|p1a: Omastar
|-fail|p1a: Omastar|par
|move|p1a: Omastar|Blizzard|p2a: Kadabra
|-damage|p2a: Kadabra|150\/242
|
|turn|109
|
|move|p2a: Kadabra|Thunder Wave|p1a: Omastar
|-fail|p1a: Omastar|par
|move|p1a: Omastar|Blizzard|p2a: Kadabra
|-damage|p2a: Kadabra|61\/242
|
|turn|110
|leave|Boos tests
|
|move|p2a: Kadabra|Recover|p2a: Kadabra
|-heal|p2a: Kadabra|182\/242
|move|p1a: Omastar|Hydro Pump|p2a: Kadabra
|-damage|p2a: Kadabra|61\/242
|
|turn|111
|
|switch|p1a: Chansey|Chansey, L79|557\/557 par
|move|p2a: Kadabra|Recover|p2a: Kadabra
|-heal|p2a: Kadabra|182\/242
|
|turn|112
|c|★andrewandres|zZzZZz
|c|★andrewandres|Noob...
|c|★andrewandres|you lose
|c|★andrewandres|i win
|c|★andrewandres|:D
|c|★andrewandres|oh yes
|
|move|p2a: Kadabra|Thunder Wave|p1a: Chansey
|-fail|p1a: Chansey|par
|move|p1a: Chansey|Reflect|p1a: Chansey
|-start|p1a: Chansey|Reflect
|
|turn|113
|
|move|p2a: Kadabra|Thunder Wave|p1a: Chansey
|-fail|p1a: Chansey|par
|move|p1a: Chansey|Reflect|p1a: Chansey
|-fail|p1a: Chansey
|
|turn|114
|
|move|p2a: Kadabra|Recover|p2a: Kadabra
|-heal|p2a: Kadabra|242\/242
|move|p1a: Chansey|Counter|p2a: Kadabra
|-fail|p1a: Chansey
|
|turn|115
|
|move|p2a: Kadabra|Recover|p2a: Kadabra
|-fail|p2a: Kadabra
|move|p1a: Chansey|Counter|p2a: Kadabra
|-fail|p1a: Chansey
|
|turn|116
|
|move|p2a: Kadabra|Recover|p2a: Kadabra
|-fail|p2a: Kadabra
|cant|p1a: Chansey|par
|
|turn|117
|
|move|p2a: Kadabra|Recover|p2a: Kadabra
|-fail|p2a: Kadabra
|move|p1a: Chansey|Counter|p2a: Kadabra
|-fail|p1a: Chansey
|
|turn|118
|
|move|p2a: Kadabra|Recover|p2a: Kadabra
|-fail|p2a: Kadabra
|cant|p1a: Chansey|par
|
|turn|119
|
|move|p2a: Kadabra|Recover|p2a: Kadabra
|-fail|p2a: Kadabra
|move|p1a: Chansey|Counter|p2a: Kadabra
|-fail|p1a: Chansey
|
|turn|120
|
|move|p2a: Kadabra|Recover|p2a: Kadabra
|-fail|p2a: Kadabra
|move|p1a: Chansey|Counter|p2a: Kadabra
|-fail|p1a: Chansey
|
|turn|121
|
|move|p2a: Kadabra|Recover|p2a: Kadabra
|-fail|p2a: Kadabra
|move|p1a: Chansey|Counter|p2a: Kadabra
|-fail|p1a: Chansey
|
|turn|122
|
|move|p2a: Kadabra|Recover|p2a: Kadabra
|-fail|p2a: Kadabra
|move|p1a: Chansey|Counter|p2a: Kadabra
|-fail|p1a: Chansey
|
|turn|123
|
|move|p2a: Kadabra|Recover|p2a: Kadabra
|-fail|p2a: Kadabra
|move|p1a: Chansey|Counter|p2a: Kadabra
|-fail|p1a: Chansey
|
|turn|124
|
|move|p2a: Kadabra|Recover|p2a: Kadabra
|-fail|p2a: Kadabra
|move|p1a: Chansey|Counter|p2a: Kadabra
|-fail|p1a: Chansey
|
|turn|125
|
|move|p2a: Kadabra|Recover|p2a: Kadabra
|-fail|p2a: Kadabra
|cant|p1a: Chansey|par
|
|turn|126
|
|move|p2a: Kadabra|Recover|p2a: Kadabra
|-fail|p2a: Kadabra
|move|p1a: Chansey|Counter|p2a: Kadabra
|-fail|p1a: Chansey
|
|turn|127
|
|move|p2a: Kadabra|Recover|p2a: Kadabra
|-fail|p2a: Kadabra
|move|p1a: Chansey|Counter|p2a: Kadabra
|-fail|p1a: Chansey
|
|turn|128
|
|move|p2a: Kadabra|Recover|p2a: Kadabra
|-fail|p2a: Kadabra
|move|p1a: Chansey|Counter|p2a: Kadabra
|-fail|p1a: Chansey
|
|turn|129
|
|move|p2a: Kadabra|Recover|p2a: Kadabra
|-fail|p2a: Kadabra
|move|p1a: Chansey|Counter|p2a: Kadabra
|-fail|p1a: Chansey
|
|turn|130
|
|move|p2a: Kadabra|Recover|p2a: Kadabra
|-fail|p2a: Kadabra
|move|p1a: Chansey|Counter|p2a: Kadabra
|-fail|p1a: Chansey
|
|turn|131
|
|move|p2a: Kadabra|Recover|p2a: Kadabra
|-fail|p2a: Kadabra
|move|p1a: Chansey|Counter|p2a: Kadabra
|-fail|p1a: Chansey
|
|turn|132
|
|move|p2a: Kadabra|Recover|p2a: Kadabra
|-fail|p2a: Kadabra
|move|p1a: Chansey|Counter|p2a: Kadabra
|-fail|p1a: Chansey
|
|turn|133
|
|move|p2a: Kadabra|Recover|p2a: Kadabra
|-fail|p2a: Kadabra
|cant|p1a: Chansey|par
|
|turn|134
|
|move|p2a: Kadabra|Recover|p2a: Kadabra
|-fail|p2a: Kadabra
|move|p1a: Chansey|Counter|p2a: Kadabra
|-fail|p1a: Chansey
|
|turn|135
|
|move|p2a: Kadabra|Recover|p2a: Kadabra
|-fail|p2a: Kadabra
|move|p1a: Chansey|Counter|p2a: Kadabra
|-fail|p1a: Chansey
|
|turn|136
|
|move|p2a: Kadabra|Recover|p2a: Kadabra
|-fail|p2a: Kadabra
|move|p1a: Chansey|Counter|p2a: Kadabra
|-fail|p1a: Chansey
|
|turn|137
|
|move|p2a: Kadabra|Recover|p2a: Kadabra
|-fail|p2a: Kadabra
|move|p1a: Chansey|Counter|p2a: Kadabra
|-fail|p1a: Chansey
|
|turn|138
|
|move|p2a: Kadabra|Recover|p2a: Kadabra
|-fail|p2a: Kadabra
|move|p1a: Chansey|Counter|p2a: Kadabra
|-fail|p1a: Chansey
|
|turn|139
|
|move|p2a: Kadabra|Struggle|p1a: Chansey
|-damage|p1a: Chansey|528\/557 par
|-damage|p2a: Kadabra|228\/242|[from] recoil|[of] p1a: Chansey
|cant|p1a: Chansey|par
|
|turn|140
|
|move|p2a: Kadabra|Struggle|p1a: Chansey
|-damage|p1a: Chansey|500\/557 par
|-damage|p2a: Kadabra|214\/242|[from] recoil|[of] p1a: Chansey
|move|p1a: Chansey|Counter|p2a: Kadabra
|-damage|p2a: Kadabra|158\/242
|
|turn|141
|
|move|p2a: Kadabra|Struggle|p1a: Chansey
|-damage|p1a: Chansey|472\/557 par
|-damage|p2a: Kadabra|144\/242|[from] recoil|[of] p1a: Chansey
|move|p1a: Chansey|Counter|p2a: Kadabra
|-damage|p2a: Kadabra|88\/242
|
|turn|142
|
|move|p2a: Kadabra|Struggle|p1a: Chansey
|-damage|p1a: Chansey|443\/557 par
|-damage|p2a: Kadabra|74\/242|[from] recoil|[of] p1a: Chansey
|move|p1a: Chansey|Ice Beam|p2a: Kadabra
|-damage|p2a: Kadabra|22\/242
|
|turn|143
|
|switch|p1a: Omastar|Omastar, L90|309\/309 par
|move|p2a: Kadabra|Struggle|p1a: Omastar|[miss]
|-miss|p2a: Kadabra
|
|turn|144
|c|★andrewandres|jiji
|
|move|p2a: Kadabra|Struggle|p1a: Omastar
|-resisted|p1a: Omastar
|-damage|p1a: Omastar|301\/309 par
|-damage|p2a: Kadabra|18\/242|[from] recoil|[of] p1a: Omastar
|move|p1a: Omastar|Rest|p1a: Omastar
|-status|p1a: Omastar|slp
|-heal|p1a: Omastar|309\/309 slp|[silent]
|-status|p1a: Omastar|slp|[from] move: Rest
|
|turn|145
|
|move|p2a: Kadabra|Struggle|p1a: Omastar
|-crit|p1a: Omastar
|-resisted|p1a: Omastar
|-damage|p1a: Omastar|294\/309 slp
|-damage|p2a: Kadabra|11\/242|[from] recoil|[of] p1a: Omastar
|cant|p1a: Omastar|slp
|
|turn|146
|
|move|p2a: Kadabra|Struggle|p1a: Omastar
|-resisted|p1a: Omastar
|-damage|p1a: Omastar|286\/309 slp
|-damage|p2a: Kadabra|7\/242|[from] recoil|[of] p1a: Omastar
|-curestatus|p1a: Omastar|slp
|
|turn|147
|c|★andrewandres|jijijijijiij
|c|★andrewandres|jijijijijijijiji
|c|★andrewandres|jijijiijijijijiji
|c|★andrewandres|jijijijijijijijijijiji
|
|move|p2a: Kadabra|Struggle|p1a: Omastar
|-resisted|p1a: Omastar
|-damage|p1a: Omastar|279\/309
|-damage|p2a: Kadabra|4\/242|[from] recoil|[of] p1a: Omastar
|move|p1a: Omastar|Rest|p1a: Omastar
|-status|p1a: Omastar|slp
|-heal|p1a: Omastar|309\/309 slp|[silent]
|-status|p1a: Omastar|slp|[from] move: Rest
|
|turn|148
|
|move|p2a: Kadabra|Struggle|p1a: Omastar
|-resisted|p1a: Omastar
|-damage|p1a: Omastar|301\/309 slp
|-damage|p2a: Kadabra|0 fnt|[from] recoil|[of] p1a: Omastar
|faint|p2a: Kadabra
|
|win|andrewandres
|raw|Ladder updating...
|raw|andrewandres's rating: 1305 &rarr; <strong>1323<\/strong><br \/>(+18 for winning)
|raw|12ssb's rating: 1279 &rarr; <strong>1256<\/strong><br \/>(-23 for losing)
|leave|andrewandres
|player|p1
|leave|12ssb
|player|p2