|join|vsterel
|join|MALESANI
|player|p1|vsterel|101
|player|p2|MALESANI|238
|gametype|singles
|gen|1
|tier|[Gen 1] Random Battle
|rated
|seed|52418,6060,27709,14009
|rule|Sleep Clause Mod: Limit one foe put to sleep
|rule|Freeze Clause Mod: Limit one foe frozen
|rule|HP Percentage Mod: HP is shown in percentages
|
|start
|switch|p1a: Bulbasaur|Bulbasaur, L96|281\/281
|switch|p2a: Dugtrio|Dugtrio, L85|233\/233
|turn|1
|choice|move 4|switch 2
|
|switch|p2a: Nidoran-F|Nidoran-F, L96|300\/300
|move|p1a: Bulbasaur|Razor Leaf|p2a: Nidoran-F|[miss]
|-miss|p1a: Bulbasaur
|
|turn|2
|choice|move 1|move 1
|
|move|p1a: Bulbasaur|Swords Dance|p1a: Bulbasaur
|-boost|p1a: Bulbasaur|atk|2
|move|p2a: Nidoran-F|Body Slam|p1a: Bulbasaur
|-damage|p1a: Bulbasaur|220\/281
|
|turn|3
|choice|move 3|move 1
|
|move|p1a: Bulbasaur|Body Slam|p2a: Nidoran-F
|-damage|p2a: Nidoran-F|185\/300
|move|p2a: Nidoran-F|Body Slam|p1a: Bulbasaur
|-damage|p1a: Bulbasaur|155\/281
|-status|p1a: Bulbasaur|par
|
|turn|4
|choice|move 3|move 1
|
|move|p2a: Nidoran-F|Body Slam|p1a: Bulbasaur
|-damage|p1a: Bulbasaur|93\/281 par
|cant|p1a: Bulbasaur|par
|
|turn|5
|choice|move 3|move 1
|
|move|p2a: Nidoran-F|Body Slam|p1a: Bulbasaur
|-damage|p1a: Bulbasaur|34\/281 par
|cant|p1a: Bulbasaur|par
|
|turn|6
|choice|move 3|move 1
|
|move|p2a: Nidoran-F|Body Slam|p1a: Bulbasaur
|-damage|p1a: Bulbasaur|0 fnt
|faint|p1a: Bulbasaur
|choice|switch 4|
|
|switch|p1a: Poliwhirl|Poliwhirl, L85|284\/284
|turn|7
|choice|move 1|move 1
|
|move|p1a: Poliwhirl|Amnesia|p1a: Poliwhirl
|-boost|p1a: Poliwhirl|spd|2
|-boost|p1a: Poliwhirl|spa|2
|move|p2a: Nidoran-F|Body Slam|p1a: Poliwhirl
|-damage|p1a: Poliwhirl|221\/284
|
|turn|8
|choice|move 2|move 1
|
|move|p1a: Poliwhirl|Psychic|p2a: Nidoran-F
|-supereffective|p2a: Nidoran-F
|-damage|p2a: Nidoran-F|0 fnt
|faint|p2a: Nidoran-F
|choice||switch 5
|
|switch|p2a: Mr. Mime|Mr. Mime, L85|242\/242
|turn|9
|choice|move 4|move 4
|
|move|p1a: Poliwhirl|Hypnosis|p2a: Mr. Mime
|-status|p2a: Mr. Mime|slp
|cant|p2a: Mr. Mime|slp
|
|turn|10
|choice|move 1|switch 6
|
|switch|p2a: Chansey|Chansey, L79|557\/557
|move|p1a: Poliwhirl|Amnesia|p1a: Poliwhirl
|-boost|p1a: Poliwhirl|spd|2
|-boost|p1a: Poliwhirl|spa|2
|
|turn|11
|choice|move 1|move 4
|
|move|p1a: Poliwhirl|Amnesia|p1a: Poliwhirl
|-boost|p1a: Poliwhirl|spd|2
|-boost|p1a: Poliwhirl|spa|2
|move|p2a: Chansey|Thunder Wave|p1a: Poliwhirl
|-status|p1a: Poliwhirl|par
|
|turn|12
|choice|move 3|move 2
|
|move|p2a: Chansey|Thunderbolt|p1a: Poliwhirl
|-supereffective|p1a: Poliwhirl
|-damage|p1a: Poliwhirl|174\/284 par
|cant|p1a: Poliwhirl|par
|
|turn|13
|choice|move 3|move 2
|
|move|p2a: Chansey|Thunderbolt|p1a: Poliwhirl
|-supereffective|p1a: Poliwhirl
|-damage|p1a: Poliwhirl|129\/284 par
|move|p1a: Poliwhirl|Surf|p2a: Chansey
|-damage|p2a: Chansey|271\/557
|
|turn|14
|choice|move 3|move 1
|
|move|p2a: Chansey|Soft-Boiled|p2a: Chansey
|-heal|p2a: Chansey|549\/557
|cant|p1a: Poliwhirl|par
|
|turn|15
|choice|move 3|move 2
|
|move|p2a: Chansey|Thunderbolt|p1a: Poliwhirl
|-crit|p1a: Poliwhirl
|-supereffective|p1a: Poliwhirl
|-damage|p1a: Poliwhirl|0 fnt
|faint|p1a: Poliwhirl
|choice|switch 5|
|
|switch|p1a: Primeape|Primeape, L90|300\/300
|turn|16
|choice|move 3|move 4
|
|move|p1a: Primeape|Submission|p2a: Chansey|[miss]
|-miss|p1a: Primeape
|move|p2a: Chansey|Thunder Wave|p1a: Primeape
|-status|p1a: Primeape|par
|
|turn|17
|choice|move 3|move 3
|
|move|p2a: Chansey|Reflect|p2a: Chansey
|-start|p2a: Chansey|Reflect
|move|p1a: Primeape|Submission|p2a: Chansey
|-supereffective|p2a: Chansey
|-damage|p2a: Chansey|294\/557
|-damage|p1a: Primeape|237\/300 par|[from] recoil|[of] p2a: Chansey
|
|turn|18
|choice|move 3|move 1
|
|move|p2a: Chansey|Soft-Boiled|p2a: Chansey
|-heal|p2a: Chansey|557\/557
|move|p1a: Primeape|Submission|p2a: Chansey
|-supereffective|p2a: Chansey
|-damage|p2a: Chansey|292\/557
|-damage|p1a: Primeape|171\/300 par|[from] recoil|[of] p2a: Chansey
|
|turn|19
|choice|switch 6|move 1
|
|switch|p1a: Charmeleon|Charmeleon, L85|272\/272
|move|p2a: Chansey|Soft-Boiled|p2a: Chansey
|-heal|p2a: Chansey|557\/557
|
|turn|20
|choice|move 3|move 4
|
|move|p1a: Charmeleon|Swords Dance|p1a: Charmeleon
|-boost|p1a: Charmeleon|atk|2
|move|p2a: Chansey|Thunder Wave|p1a: Charmeleon
|-status|p1a: Charmeleon|par
|
|turn|21
|choice|move 3|move 2
|
|move|p2a: Chansey|Thunderbolt|p1a: Charmeleon
|-damage|p1a: Charmeleon|199\/272 par
|move|p1a: Charmeleon|Swords Dance|p1a: Charmeleon
|-boost|p1a: Charmeleon|atk|2
|
|turn|22
|choice|move 3|move 2
|
|move|p2a: Chansey|Thunderbolt|p1a: Charmeleon
|-damage|p1a: Charmeleon|127\/272 par
|move|p1a: Charmeleon|Swords Dance|p1a: Charmeleon
|-boost|p1a: Charmeleon|atk|2
|
|turn|23
|choice|move 1|move 2
|
|move|p2a: Chansey|Thunderbolt|p1a: Charmeleon
|-damage|p1a: Charmeleon|50\/272 par
|move|p1a: Charmeleon|Submission|p2a: Chansey
|-crit|p2a: Chansey
|-supereffective|p2a: Chansey
|-damage|p2a: Chansey|55\/557
|-damage|p1a: Charmeleon|0 fnt|[from] recoil|[of] p2a: Chansey
|faint|p1a: Charmeleon
|choice|switch 3|
|
|switch|p1a: Jolteon|Jolteon, L79|265\/265
|turn|24
|choice|move 1|switch 2
|
|switch|p2a: Dugtrio|Dugtrio, L85|233\/233
|move|p1a: Jolteon|Thunderbolt|p2a: Dugtrio
|-immune|p2a: Dugtrio|[msg]
|
|turn|25
|choice|switch 2|move 1
|
|switch|p1a: Parasect|Parasect, L90|291\/291
|move|p2a: Dugtrio|Earthquake|p1a: Parasect
|-crit|p1a: Parasect
|-resisted|p1a: Parasect
|-damage|p1a: Parasect|244\/291
|
|turn|26
|choice|move 4|switch 6
|
|switch|p2a: Mr. Mime|Mr. Mime, L85|242\/242 slp
|move|p1a: Parasect|Mega Drain|p2a: Mr. Mime
|-damage|p2a: Mr. Mime|203\/242 slp
|-heal|p1a: Parasect|263\/291|[from] drain|[of] p2a: Mr. Mime
|
|turn|27
|choice|move 1|move 4
|
|cant|p2a: Mr. Mime|slp
|move|p1a: Parasect|Body Slam|p2a: Mr. Mime
|-crit|p2a: Mr. Mime
|-damage|p2a: Mr. Mime|37\/242 slp
|
|turn|28
|choice|move 1|switch 3
|
|switch|p2a: Wartortle|Wartortle, L85|274\/274
|move|p1a: Parasect|Body Slam|p2a: Wartortle
|-damage|p2a: Wartortle|198\/274
|
|turn|29
|choice|move 4|move 2
|
|move|p2a: Wartortle|Body Slam|p1a: Parasect
|-crit|p1a: Parasect
|-damage|p1a: Parasect|166\/291
|move|p1a: Parasect|Mega Drain|p2a: Wartortle
|-supereffective|p2a: Wartortle
|-damage|p2a: Wartortle|89\/274
|-heal|p1a: Parasect|220\/291|[from] drain|[of] p2a: Wartortle
|
|turn|30
|choice|move 4|move 2
|
|move|p2a: Wartortle|Body Slam|p1a: Parasect
|-damage|p1a: Parasect|170\/291
|move|p1a: Parasect|Mega Drain|p2a: Wartortle
|-supereffective|p2a: Wartortle
|-damage|p2a: Wartortle|0 fnt
|-heal|p1a: Parasect|214\/291|[from] drain|[of] p2a: Wartortle
|faint|p2a: Wartortle
|choice||switch 4
|
|switch|p2a: Graveler|Graveler, L85|267\/267
|turn|31
|choice|move 4|move 4
|
|move|p2a: Graveler|Explosion|p1a: Parasect
|-damage|p1a: Parasect|0 fnt
|faint|p1a: Parasect
|faint|p2a: Graveler
|choice|switch 6|switch 2
|
|switch|p2a: Chansey|Chansey, L79|55\/557
|switch|p1a: Primeape|Primeape, L90|171\/300 par
|turn|32
|choice|move 3|move 1
|
|move|p2a: Chansey|Soft-Boiled|p2a: Chansey
|-heal|p2a: Chansey|333\/557
|cant|p1a: Primeape|par
|
|turn|33
|choice|move 3|move 1
|
|move|p2a: Chansey|Soft-Boiled|p2a: Chansey
|-heal|p2a: Chansey|557\/557
|move|p1a: Primeape|Submission|p2a: Chansey
|-supereffective|p2a: Chansey
|-damage|p2a: Chansey|22\/557
|-damage|p1a: Primeape|38\/300 par|[from] recoil|[of] p2a: Chansey
|
|turn|34
|choice|move 3|move 1
|
|move|p2a: Chansey|Soft-Boiled|p2a: Chansey
|-heal|p2a: Chansey|300\/557
|move|p1a: Primeape|Submission|p2a: Chansey
|-supereffective|p2a: Chansey
|-damage|p2a: Chansey|0 fnt
|-damage|p1a: Primeape|0 fnt|[from] recoil|[of] p2a: Chansey
|faint|p2a: Chansey
|faint|p1a: Primeape
|choice|switch 2|switch 6
|
|switch|p2a: Dugtrio|Dugtrio, L85|233\/233
|switch|p1a: Jolteon|Jolteon, L79|265\/265
|turn|35
|choice|move 2|move 1
|
|move|p2a: Dugtrio|Earthquake|p1a: Jolteon
|-crit|p1a: Jolteon
|-supereffective|p1a: Jolteon
|-damage|p1a: Jolteon|0 fnt
|faint|p1a: Jolteon
|
|win|MALESANI
|raw|vsterel's rating: 1429 &rarr; <strong>1404<\/strong><br \/>(-25 for losing)
|raw|MALESANI's rating: 1341 &rarr; <strong>1366<\/strong><br \/>(+25 for winning)
|leave|vsterel
|player|p1