|join|kid gf lol
|join|PimpMyRaichu
|player|p1|kid gf lol|167
|player|p2|PimpMyRaichu|8
|gametype|singles
|gen|1
|tier|[Gen 1] OU (beta)
|rated
|rule|Sleep Clause Mod: Limit one foe put to sleep
|rule|Species Clause: Limit one of each Pokemon
|rule|OHKO Clause: OHKO moves are banned
|rule|Moody Clause: Moody is banned
|rule|Evasion Moves Clause: Evasion moves are banned
|rule|Endless Battle Clause: Forcing endless battles is banned.
|rule|HP Percentage Mod: HP is reported as percentages
|
|start
|switch|p1a: First Lol|Alakazam|313\/313
|switch|p2a: Jynx|Jynx|333\/333
|turn|1
|callback|decision
|chat|PimpMyRaichu|omg kid 
|chat|PimpMyRaichu|i luv your brown name ;D
|
|switch|p1a: TNT|Golem|363\/363
|move|p2a: Jynx|Lovely Kiss|p1a: TNT
|-status|p1a: TNT|slp
|
|turn|2
|callback|decision
|
|switch|p1a: Future Steak|Tauros|353\/353
|move|p2a: Jynx|Blizzard|p1a: Future Steak
|-damage|p1a: Future Steak|181\/353
|
|turn|3
|callback|decision
|
|move|p1a: Future Steak|Body Slam|p2a: Jynx
|-damage|p2a: Jynx|145\/333
|move|p2a: Jynx|Blizzard|p1a: Future Steak
|-damage|p1a: Future Steak|1\/353
|
|turn|4
|callback|decision
|chat|PimpMyRaichu|lol
|
|switch|p2a: Exeggutor|Exeggutor|393\/393
|move|p1a: Future Steak|Body Slam|p2a: Exeggutor
|-damage|p2a: Exeggutor|288\/393
|
|turn|5
|callback|decision
|
|switch|p1a: Patrick|Starmie|323\/323
|move|p2a: Exeggutor|Psychic|p1a: Patrick
|-resisted|p1a: Patrick
|-damage|p1a: Patrick|267\/323
|
|turn|6
|callback|decision
|
|move|p1a: Patrick|Blizzard|p2a: Exeggutor
|-crit|p2a: Exeggutor
|-supereffective|p2a: Exeggutor
|-damage|p2a: Exeggutor|0 fnt
|faint|p2a: Exeggutor
|
|callback|decision
|chat|PimpMyRaichu|;_; er ner
|chat|PimpMyRaichu|crit hit
|chat|kid gf lol|yes!!
|
|switch|p2a: Chansey|Chansey|703\/703
|turn|7
|callback|decision
|
|switch|p1a: Breakfast Pouch|Chansey|703\/703
|move|p2a: Chansey|Seismic Toss|p1a: Breakfast Pouch
|-damage|p1a: Breakfast Pouch|603\/703
|
|turn|8
|callback|decision
|
|move|p1a: Breakfast Pouch|Ice Beam|p2a: Chansey
|-damage|p2a: Chansey|627\/703
|move|p2a: Chansey|Ice Beam|p1a: Breakfast Pouch
|-crit|p1a: Breakfast Pouch
|-damage|p1a: Breakfast Pouch|446\/703
|
|turn|9
|callback|decision
|
|switch|p2a: Jynx|Jynx|145\/333
|move|p1a: Breakfast Pouch|Ice Beam|p2a: Jynx
|-resisted|p2a: Jynx
|-damage|p2a: Jynx|106\/333
|
|turn|10
|callback|decision
|
|switch|p1a: Patrick|Starmie|267\/323
|move|p2a: Jynx|Blizzard|p1a: Patrick
|-crit|p1a: Patrick
|-resisted|p1a: Patrick
|-damage|p1a: Patrick|122\/323
|
|turn|11
|callback|decision
|
|move|p1a: Patrick|Thunderbolt|p2a: Jynx
|-crit|p2a: Jynx
|-damage|p2a: Jynx|0 fnt
|faint|p2a: Jynx
|
|callback|decision
|chat|kid gf lol|yes!!
|
|switch|p2a: Tauros|Tauros|353\/353
|turn|12
|callback|decision
|
|move|p1a: Patrick|Thunder Wave|p2a: Tauros
|-status|p2a: Tauros|par
|move|p2a: Tauros|Hyper Beam|p1a: Patrick
|-damage|p1a: Patrick|0 fnt
|faint|p1a: Patrick
|
|callback|decision
|
|switch|p1a: Future Steak|Tauros|1\/353
|turn|13
|callback|decision
|
|move|p1a: Future Steak|Hyper Beam|p2a: Tauros|[miss]
|-miss|p1a: Future Steak
|move|p2a: Tauros|Body Slam|p1a: Future Steak
|-crit|p1a: Future Steak
|-damage|p1a: Future Steak|0 fnt
|faint|p1a: Future Steak
|
|callback|decision
|chat|kid gf lol|nooo
|chat|PimpMyRaichu|yaaaay
|
|switch|p1a: Result of Incest|Exeggutor|393\/393
|turn|14
|callback|decision
|
|move|p1a: Result of Incest|Psychic|p2a: Tauros
|-crit|p2a: Tauros
|-damage|p2a: Tauros|61\/353 par
|-unboost|p2a: Tauros|spd|1
|-unboost|p2a: Tauros|spa|1
|cant|p2a: Tauros|par
|
|turn|15
|callback|decision
|join|AntiScootaTwo
|chat|PimpMyRaichu|omg
|chat|PimpMyRaichu|u r joking me
|
|move|p1a: Result of Incest|Psychic|p2a: Tauros
|-damage|p2a: Tauros|0 fnt
|faint|p2a: Tauros
|
|callback|decision
|chat|kid gf lol|haha
|
|switch|p2a: Chansey|Chansey|627\/703
|turn|16
|callback|decision
|
|move|p1a: Result of Incest|Sleep Powder|p2a: Chansey
|-status|p2a: Chansey|slp
|cant|p2a: Chansey|slp
|
|turn|17
|callback|decision
|chat|PimpMyRaichu|-_-
|
|move|p1a: Result of Incest|Psychic|p2a: Chansey
|-damage|p2a: Chansey|504\/703 slp
|cant|p2a: Chansey|slp
|-curestatus|p2a: Chansey|slp
|
|turn|18
|callback|decision
|
|move|p1a: Result of Incest|Explosion|p2a: Chansey
|-damage|p2a: Chansey|0 fnt
|faint|p2a: Chansey
|faint|p1a: Result of Incest
|callback|decision
|chat|PimpMyRaichu|lmao boom
|
|switch|p1a: First Lol|Alakazam|313\/313
|switch|p2a: Snorlax|Snorlax|523\/523
|turn|19
|callback|decision
|chat|PimpMyRaichu|BOOM!
|
|move|p1a: First Lol|Thunder Wave|p2a: Snorlax
|-status|p2a: Snorlax|par
|move|p2a: Snorlax|Blizzard|p1a: First Lol
|-damage|p1a: First Lol|251\/313
|
|turn|20
|callback|decision
|
|move|p1a: First Lol|Psychic|p2a: Snorlax
|-crit|p2a: Snorlax
|-damage|p2a: Snorlax|200\/523 par
|move|p2a: Snorlax|Self-Destruct|p1a: First Lol
|-damage|p1a: First Lol|0 fnt
|faint|p1a: First Lol
|faint|p2a: Snorlax
|callback|decision
|chat|PimpMyRaichu|kid i have never seen anyone get so many crits hahaha
|chat|PimpMyRaichu|umg 
|
|switch|p2a: Alakazam|Alakazam|313\/313
|switch|p1a: Breakfast Pouch|Chansey|446\/703
|turn|21
|callback|decision
|
|move|p2a: Alakazam|Thunder Wave|p1a: Breakfast Pouch
|-status|p1a: Breakfast Pouch|par
|move|p1a: Breakfast Pouch|Thunder Wave|p2a: Alakazam
|-status|p2a: Alakazam|par
|
|turn|22
|callback|decision
|
|cant|p2a: Alakazam|par
|move|p1a: Breakfast Pouch|Soft-Boiled|p1a: Breakfast Pouch
|-heal|p1a: Breakfast Pouch|703\/703 par
|
|turn|23
|callback|decision
|
|move|p2a: Alakazam|Psychic|p1a: Breakfast Pouch
|-damage|p1a: Breakfast Pouch|581\/703 par
|move|p1a: Breakfast Pouch|Ice Beam|p2a: Alakazam
|-damage|p2a: Alakazam|247\/313 par
|
|turn|24
|callback|decision
|
|move|p2a: Alakazam|Psychic|p1a: Breakfast Pouch
|-damage|p1a: Breakfast Pouch|452\/703 par
|cant|p1a: Breakfast Pouch|par
|
|turn|25
|callback|decision
|chat|kid gf lol|this might be awhile
|
|move|p2a: Alakazam|Psychic|p1a: Breakfast Pouch
|-crit|p1a: Breakfast Pouch
|-damage|p1a: Breakfast Pouch|207\/703 par
|move|p1a: Breakfast Pouch|Ice Beam|p2a: Alakazam
|-damage|p2a: Alakazam|187\/313 par
|
|turn|26
|callback|decision
|chat|kid gf lol|or not
|chat|PimpMyRaichu|yeh lol
|
|move|p2a: Alakazam|Psychic|p1a: Breakfast Pouch
|-crit|p1a: Breakfast Pouch
|-damage|p1a: Breakfast Pouch|0 fnt
|faint|p1a: Breakfast Pouch
|
|callback|decision
|chat|kid gf lol|lolol
|
|switch|p1a: TNT|Golem|363\/363 slp
|turn|27
|callback|decision
|chat|PimpMyRaichu|omg lol
|
|cant|p1a: TNT|slp
|move|p2a: Alakazam|Psychic|p1a: TNT
|-damage|p1a: TNT|188\/363 slp
|
|turn|28
|callback|decision
|chat|kid gf lol|wake up damn it
|
|cant|p1a: TNT|slp
|move|p2a: Alakazam|Reflect|p2a: Alakazam
|
|turn|29
|callback|decision
|chat|kid gf lol|parpa
|chat|kid gf lol|par
|
|cant|p1a: TNT|slp
|move|p2a: Alakazam|Psychic|p1a: TNT
|-crit|p1a: TNT
|-damage|p1a: TNT|0 fnt
|faint|p1a: TNT
|
|win|PimpMyRaichu
|raw|Ladder updating...
|raw|kid gf lol's rating: 1228 &rarr; <strong>1192<\/strong><br \/>(-36 for losing)
|raw|PimpMyRaichu's rating: 1063 &rarr; <strong>1099<\/strong><br \/>(+36 for winning)
|chat|kid gf lol|nooo
|chat|PimpMyRaichu|gg kid lol
|leave|AntiScootaTwo
|chat|PimpMyRaichu|;D