|join|LibertarianMaster
|join|LPV14
|player|p1|LibertarianMaster|2
|player|p2|LPV14|169
|gametype|singles
|gen|1
|tier|[Gen 1] Random Battle
|rated
|seed|29907,6138,51600,632
|rule|Sleep Clause Mod: Limit one foe put to sleep
|rule|Freeze Clause Mod: Limit one foe frozen
|rule|HP Percentage Mod: HP is shown in percentages
|
|start
|switch|p1a: Exeggcute|Exeggcute, L96|310\/310
|switch|p2a: Nidorina|Nidorina, L90|309\/309
|turn|1
|c|★LibertarianMaster|glhf
|choice|move 1|move 4
|
|move|p2a: Nidorina|Body Slam|p1a: Exeggcute
|-damage|p1a: Exeggcute|259\/310
|-status|p1a: Exeggcute|par
|move|p1a: Exeggcute|Psychic|p2a: Nidorina
|-supereffective|p2a: Nidorina
|-damage|p2a: Nidorina|100\/309
|-unboost|p2a: Nidorina|spd|1
|-unboost|p2a: Nidorina|spa|1
|
|turn|2
|choice|move 2|switch 6
|
|switch|p2a: Butterfree|Butterfree, L90|291\/291
|cant|p1a: Exeggcute|par
|
|turn|3
|choice|move 2|move 2
|
|move|p2a: Butterfree|Psychic|p1a: Exeggcute
|-resisted|p1a: Exeggcute
|-damage|p1a: Exeggcute|226\/310 par
|cant|p1a: Exeggcute|par
|
|turn|4
|choice|move 2|switch 5
|
|switch|p2a: Raticate|Raticate, L85|267\/267
|cant|p1a: Exeggcute|par
|
|turn|5
|choice|move 2|move 1
|
|move|p2a: Raticate|Super Fang|p1a: Exeggcute
|-damage|p1a: Exeggcute|113\/310 par
|move|p1a: Exeggcute|Sleep Powder|p2a: Raticate
|-status|p2a: Raticate|slp
|
|turn|6
|choice|move 1|move 3
|
|cant|p2a: Raticate|slp
|cant|p1a: Exeggcute|par
|
|turn|7
|choice|move 3|move 3
|
|cant|p2a: Raticate|slp
|move|p1a: Exeggcute|Explosion|p2a: Raticate
|-damage|p2a: Raticate|25\/267 slp
|faint|p1a: Exeggcute
|choice|switch 4|
|
|switch|p1a: Charmeleon|Charmeleon, L85|272\/272
|turn|8
|choice|move 1|switch 2
|
|switch|p2a: Diglett|Diglett, L96|214\/214
|move|p1a: Charmeleon|Slash|p2a: Diglett
|-crit|p2a: Diglett
|-damage|p2a: Diglett|82\/214
|
|turn|9
|choice|switch 6|move 1
|
|switch|p1a: Exeggutor|Exeggutor, L79|312\/312
|move|p2a: Diglett|Earthquake|p1a: Exeggutor
|-resisted|p1a: Exeggutor
|-damage|p1a: Exeggutor|261\/312
|
|turn|10
|choice|move 1|switch 3
|
|switch|p2a: Magneton|Magneton, L90|273\/273
|move|p1a: Exeggutor|Sleep Powder|p2a: Magneton
|-message|Sleep Clause Mod activated.
|
|turn|11
|choice|move 3|move 1
|
|move|p2a: Magneton|Thunderbolt|p1a: Exeggutor
|-resisted|p1a: Exeggutor
|-damage|p1a: Exeggutor|209\/312
|move|p1a: Exeggutor|Psychic|p2a: Magneton
|-damage|p2a: Magneton|193\/273
|
|turn|12
|choice|move 3|move 4
|
|move|p2a: Magneton|Double-Edge|p1a: Exeggutor
|-damage|p1a: Exeggutor|146\/312
|-damage|p2a: Magneton|178\/273|[from] recoil|[of] p1a: Exeggutor
|move|p1a: Exeggutor|Psychic|p2a: Magneton
|-damage|p2a: Magneton|104\/273
|
|turn|13
|choice|move 3|move 1
|
|move|p2a: Magneton|Thunderbolt|p1a: Exeggutor
|-crit|p1a: Exeggutor
|-resisted|p1a: Exeggutor
|-damage|p1a: Exeggutor|35\/312
|move|p1a: Exeggutor|Psychic|p2a: Magneton
|-damage|p2a: Magneton|25\/273
|
|turn|14
|choice|switch 6|move 1
|
|switch|p1a: Charmeleon|Charmeleon, L85|272\/272
|move|p2a: Magneton|Thunderbolt|p1a: Charmeleon
|-damage|p1a: Charmeleon|115\/272
|
|turn|15
|choice|move 1|move 2
|
|move|p1a: Charmeleon|Slash|p2a: Magneton
|-crit|p2a: Magneton
|-damage|p2a: Magneton|0 fnt
|faint|p2a: Magneton
|choice||switch 4
|
|switch|p2a: Raichu|Raichu, L85|276\/276
|turn|16
|choice|switch 6|move 1
|
|switch|p1a: Exeggutor|Exeggutor, L79|35\/312
|move|p2a: Raichu|Surf|p1a: Exeggutor
|-resisted|p1a: Exeggutor
|-damage|p1a: Exeggutor|8\/312
|
|turn|17
|choice|move 1|move 1
|
|move|p2a: Raichu|Surf|p1a: Exeggutor
|-resisted|p1a: Exeggutor
|-damage|p1a: Exeggutor|0 fnt
|faint|p1a: Exeggutor
|choice|switch 3|
|
|switch|p1a: Machoke|Machoke, L85|310\/310
|turn|18
|choice|move 4|move 1
|
|move|p2a: Raichu|Surf|p1a: Machoke
|-damage|p1a: Machoke|219\/310
|move|p1a: Machoke|Earthquake|p2a: Raichu
|-supereffective|p2a: Raichu
|-damage|p2a: Raichu|71\/276
|
|turn|19
|choice|move 1|switch 5
|
|switch|p2a: Butterfree|Butterfree, L90|291\/291
|move|p1a: Machoke|Body Slam|p2a: Butterfree
|-damage|p2a: Butterfree|213\/291
|
|turn|20
|choice|switch 2|move 4
|
|switch|p1a: Arcanine|Arcanine, L85|327\/327
|move|p2a: Butterfree|Sleep Powder|p1a: Arcanine|[miss]
|-miss|p2a: Butterfree
|
|turn|21
|choice|move 1|switch 3
|
|switch|p2a: Diglett|Diglett, L96|82\/214
|move|p1a: Arcanine|Fire Blast|p2a: Diglett|[miss]
|-miss|p1a: Arcanine
|
|turn|22
|choice|move 3|move 1
|
|move|p2a: Diglett|Earthquake|p1a: Arcanine
|-crit|p1a: Arcanine
|-supereffective|p1a: Arcanine
|-damage|p1a: Arcanine|0 fnt
|faint|p1a: Arcanine
|choice|switch 2|
|
|switch|p1a: Machoke|Machoke, L85|219\/310
|turn|23
|choice|move 1|move 4
|
|move|p2a: Diglett|Substitute|p2a: Diglett
|-start|p2a: Diglett|Substitute
|-damage|p2a: Diglett|29\/214
|move|p1a: Machoke|Body Slam|p2a: Diglett
|-crit|p2a: Diglett
|-end|p2a: Diglett|Substitute
|
|turn|24
|choice|move 1|move 1
|
|move|p2a: Diglett|Earthquake|p1a: Machoke
|-damage|p1a: Machoke|110\/310
|move|p1a: Machoke|Body Slam|p2a: Diglett
|-damage|p2a: Diglett|0 fnt
|faint|p2a: Diglett
|choice||switch 2
|
|switch|p2a: Raticate|Raticate, L85|25\/267 slp
|turn|25
|choice|switch 5|move 3
|
|switch|p1a: Hitmonchan|Hitmonchan, L90|273\/273
|cant|p2a: Raticate|slp
|
|turn|26
|choice|move 2|move 3
|
|cant|p2a: Raticate|slp
|move|p1a: Hitmonchan|Seismic Toss|p2a: Raticate
|-damage|p2a: Raticate|0 fnt
|faint|p2a: Raticate
|choice||switch 3
|
|switch|p2a: Butterfree|Butterfree, L90|213\/291
|turn|27
|choice|move 1|move 4
|
|move|p1a: Hitmonchan|Body Slam|p2a: Butterfree
|-crit|p2a: Butterfree
|-damage|p2a: Butterfree|27\/291
|move|p2a: Butterfree|Sleep Powder|p1a: Hitmonchan
|-status|p1a: Hitmonchan|slp
|
|turn|28
|choice|switch 6|move 1
|
|switch|p1a: Charmeleon|Charmeleon, L85|115\/272
|move|p2a: Butterfree|Mega Drain|p1a: Charmeleon
|-resisted|p1a: Charmeleon
|-damage|p1a: Charmeleon|96\/272
|-heal|p2a: Butterfree|36\/291|[from] drain|[of] p1a: Charmeleon
|
|turn|29
|choice|move 1|switch 6
|
|switch|p2a: Nidorina|Nidorina, L90|100\/309
|move|p1a: Charmeleon|Slash|p2a: Nidorina
|-crit|p2a: Nidorina
|-damage|p2a: Nidorina|20\/309
|
|turn|30
|choice|move 1|move 4
|
|move|p1a: Charmeleon|Slash|p2a: Nidorina
|-crit|p2a: Nidorina
|-damage|p2a: Nidorina|0 fnt
|faint|p2a: Nidorina
|choice||switch 5
|
|switch|p2a: Raichu|Raichu, L85|71\/276
|turn|31
|choice|switch 5|move 1
|
|switch|p1a: Machoke|Machoke, L85|110\/310
|move|p2a: Raichu|Surf|p1a: Machoke
|-damage|p1a: Machoke|19\/310
|
|turn|32
|choice|move 1|move 1
|
|move|p2a: Raichu|Surf|p1a: Machoke
|-damage|p1a: Machoke|0 fnt
|faint|p1a: Machoke
|choice|switch 5|
|
|switch|p1a: Charmeleon|Charmeleon, L85|96\/272
|turn|33
|choice|move 1|move 1
|
|move|p2a: Raichu|Surf|p1a: Charmeleon
|-supereffective|p1a: Charmeleon
|-damage|p1a: Charmeleon|0 fnt
|faint|p1a: Charmeleon
|choice|switch 6|
|
|switch|p1a: Hitmonchan|Hitmonchan, L90|273\/273 slp
|turn|34
|c|★LibertarianMaster|damn you raichu with surf
|choice|move 1|move 4
|
|move|p2a: Raichu|Hyper Beam|p1a: Hitmonchan
|-damage|p1a: Hitmonchan|175\/273 slp
|-curestatus|p1a: Hitmonchan|slp
|
|turn|35
|-mustrecharge|p2a: Raichu
|-mustrecharge|p2a: Raichu
|choice|move 1|move 1
|
|cant|p2a: Raichu|recharge
|move|p1a: Hitmonchan|Body Slam|p2a: Raichu
|-damage|p2a: Raichu|0 fnt
|faint|p2a: Raichu
|c|★LibertarianMaster|lol
|choice||switch 6
|
|switch|p2a: Butterfree|Butterfree, L90|36\/291
|turn|36
|choice|move 1|move 4
|
|move|p1a: Hitmonchan|Body Slam|p2a: Butterfree
|-damage|p2a: Butterfree|0 fnt
|faint|p2a: Butterfree
|
|win|LibertarianMaster
|raw|LibertarianMaster's rating: 1191 &rarr; <strong>1204<\/strong><br \/>(+13 for winning)
|raw|LPV14's rating: 1000 &rarr; <strong>1000<\/strong><br \/>(+0 for losing)
|c|★LibertarianMaster|what a luck
|leave|LPV14
|player|p2