|j|242mavsrule
|j|guillecefiro
|player|p1|242mavsrule|154
|player|p2|guillecefiro|2
|gametype|singles
|gen|1
|tier|[Gen 1] Random Battle
|rated
|seed|32542,55506,47412,2046
|rule|Sleep Clause Mod: Limit one foe put to sleep
|rule|Freeze Clause Mod: Limit one foe frozen
|rule|HP Percentage Mod: HP is shown in percentages
|
|start
|switch|p1a: Magmar|Magmar, L90|300\/300
|switch|p2a: Dewgong|Dewgong, L85|327\/327
|turn|1
|choice|move 1|move 4
|
|move|p1a: Magmar|Confuse Ray|p2a: Dewgong
|-start|p2a: Dewgong|confusion
|-activate|p2a: Dewgong|confusion
|-damage|p2a: Dewgong|299\/327|[from] confusion
|
|turn|2
|choice|switch 3|move 3
|
|switch|p1a: Hypno|Hypno, L85|318\/318
|-activate|p2a: Dewgong|confusion
|move|p2a: Dewgong|Surf|p1a: Hypno
|-damage|p1a: Hypno|238\/318
|
|turn|3
|choice|move 3|move 4
|
|-end|p2a: Dewgong|confusion
|move|p2a: Dewgong|Body Slam|p1a: Hypno
|-damage|p1a: Hypno|181\/318
|move|p1a: Hypno|Hypnosis|p2a: Dewgong
|-status|p2a: Dewgong|slp
|
|turn|4
|choice|move 4|switch 3
|
|switch|p2a: Rapidash|Rapidash, L90|300\/300
|move|p1a: Hypno|Counter|p2a: Rapidash
|-fail|p1a: Hypno
|
|turn|5
|choice|move 1|move 1
|
|move|p2a: Rapidash|Fire Blast|p1a: Hypno|[miss]
|-miss|p2a: Rapidash
|move|p1a: Hypno|Psychic|p2a: Rapidash
|-damage|p2a: Rapidash|199\/300
|
|turn|6
|choice|move 1|move 4
|
|move|p2a: Rapidash|Reflect|p2a: Rapidash
|-start|p2a: Rapidash|Reflect
|move|p1a: Hypno|Psychic|p2a: Rapidash
|-damage|p2a: Rapidash|90\/300
|
|turn|7
|choice|move 1|move 1
|
|move|p2a: Rapidash|Fire Blast|p1a: Hypno
|-damage|p1a: Hypno|67\/318
|move|p1a: Hypno|Psychic|p2a: Rapidash
|-damage|p2a: Rapidash|0 fnt
|faint|p2a: Rapidash
|choice||switch 6
|
|switch|p2a: Mew|Mew, L74|300\/300
|turn|8
|choice|move 2|move 1
|
|move|p2a: Mew|Earthquake|p1a: Hypno
|-crit|p1a: Hypno
|-damage|p1a: Hypno|0 fnt
|faint|p1a: Hypno
|choice|switch 6|
|
|switch|p1a: Seaking|Seaking, L90|327\/327
|turn|9
|choice|move 1|move 2
|
|move|p2a: Mew|Psychic|p1a: Seaking
|-damage|p1a: Seaking|246\/327
|move|p1a: Seaking|Surf|p2a: Mew
|-damage|p2a: Mew|198\/300
|
|turn|10
|choice|move 1|move 1
|
|move|p2a: Mew|Earthquake|p1a: Seaking
|-damage|p1a: Seaking|183\/327
|move|p1a: Seaking|Surf|p2a: Mew
|-damage|p2a: Mew|94\/300
|
|turn|11
|choice|move 1|move 4
|
|move|p2a: Mew|Hyper Beam|p1a: Seaking
|-damage|p1a: Seaking|91\/327
|move|p1a: Seaking|Surf|p2a: Mew
|-damage|p2a: Mew|0 fnt
|faint|p2a: Mew
|choice||switch 5
|
|switch|p2a: Gengar|Gengar, L79|257\/257
|turn|12
|choice|switch 5|move 3
|
|switch|p1a: Ninetales|Ninetales, L85|298\/298
|move|p2a: Gengar|Mega Drain|p1a: Ninetales
|-crit|p1a: Ninetales
|-resisted|p1a: Ninetales
|-damage|p1a: Ninetales|273\/298
|
|turn|13
|choice|move 1|switch 4
|
|switch|p2a: Zapdos|Zapdos, L79|304\/304
|move|p1a: Ninetales|Fire Blast|p2a: Zapdos
|-damage|p2a: Zapdos|197\/304
|
|turn|14
|choice|move 1|move 3
|
|move|p1a: Ninetales|Fire Blast|p2a: Zapdos
|-damage|p2a: Zapdos|80\/304
|move|p2a: Zapdos|Thunder Wave|p1a: Ninetales
|-status|p1a: Ninetales|par
|
|turn|15
|choice|move 1|move 4
|
|move|p2a: Zapdos|Thunderbolt|p1a: Ninetales
|-damage|p1a: Ninetales|180\/298 par
|move|p1a: Ninetales|Fire Blast|p2a: Zapdos
|-crit|p2a: Zapdos
|-damage|p2a: Zapdos|0 fnt
|faint|p2a: Zapdos
|choice||switch 4
|
|switch|p2a: Gengar|Gengar, L79|257\/257
|turn|16
|choice|move 1|move 2
|
|move|p2a: Gengar|Psychic|p1a: Ninetales
|-damage|p1a: Ninetales|120\/298 par
|-unboost|p1a: Ninetales|spd|1
|-unboost|p1a: Ninetales|spa|1
|move|p1a: Ninetales|Fire Blast|p2a: Gengar|[miss]
|-miss|p1a: Ninetales
|
|turn|17
|choice|move 1|move 2
|
|move|p2a: Gengar|Psychic|p1a: Ninetales
|-damage|p1a: Ninetales|20\/298 par
|move|p1a: Ninetales|Fire Blast|p2a: Gengar|[miss]
|-miss|p1a: Ninetales
|
|turn|18
|choice|move 1|move 2
|
|move|p2a: Gengar|Psychic|p1a: Ninetales
|-damage|p1a: Ninetales|0 fnt
|faint|p1a: Ninetales
|choice|switch 3|
|
|switch|p1a: Magmar|Magmar, L90|300\/300
|turn|19
|choice|move 2|move 1
|
|move|p1a: Magmar|Fire Blast|p2a: Gengar
|-damage|p2a: Gengar|138\/257
|move|p2a: Gengar|Hypnosis|p1a: Magmar
|-status|p1a: Magmar|slp
|
|turn|20
|choice|move 2|move 2
|
|cant|p1a: Magmar|slp
|move|p2a: Gengar|Psychic|p1a: Magmar
|-damage|p1a: Magmar|232\/300 slp
|
|turn|21
|choice|move 2|move 2
|
|cant|p1a: Magmar|slp
|move|p2a: Gengar|Psychic|p1a: Magmar
|-crit|p1a: Magmar
|-damage|p1a: Magmar|114\/300 slp
|
|turn|22
|choice|move 2|move 2
|
|cant|p1a: Magmar|slp
|move|p2a: Gengar|Psychic|p1a: Magmar
|-damage|p1a: Magmar|47\/300 slp
|
|turn|23
|choice|switch 5|move 2
|
|switch|p1a: Seaking|Seaking, L90|91\/327
|move|p2a: Gengar|Psychic|p1a: Seaking
|-crit|p1a: Seaking
|-damage|p1a: Seaking|0 fnt
|faint|p1a: Seaking
|choice|switch 4|
|
|switch|p1a: Hitmonchan|Hitmonchan, L90|273\/273
|turn|24
|choice|move 2|move 2
|
|move|p2a: Gengar|Psychic|p1a: Hitmonchan
|-supereffective|p1a: Hitmonchan
|-damage|p1a: Hitmonchan|67\/273
|-unboost|p1a: Hitmonchan|spd|1
|-unboost|p1a: Hitmonchan|spa|1
|move|p1a: Hitmonchan|Seismic Toss|p2a: Gengar
|-damage|p2a: Gengar|48\/257
|
|turn|25
|choice|move 2|move 2
|
|move|p2a: Gengar|Psychic|p1a: Hitmonchan
|-supereffective|p1a: Hitmonchan
|-damage|p1a: Hitmonchan|0 fnt
|faint|p1a: Hitmonchan
|choice|switch 2|
|
|switch|p1a: Muk|Muk, L90|372\/372
|turn|26
|choice|move 2|move 2
|
|move|p2a: Gengar|Psychic|p1a: Muk
|-supereffective|p1a: Muk
|-damage|p1a: Muk|225\/372
|move|p1a: Muk|Sludge|p2a: Gengar
|-resisted|p2a: Gengar
|-damage|p2a: Gengar|21\/257
|
|turn|27
|choice|move 2|move 4
|
|move|p2a: Gengar|Explosion|p1a: Muk
|-damage|p1a: Muk|47\/372
|faint|p2a: Gengar
|choice||switch 3
|
|switch|p2a: Dewgong|Dewgong, L85|299\/327 slp
|turn|28
|choice|switch 5|move 3
|
|switch|p1a: Magmar|Magmar, L90|47\/300 slp
|cant|p2a: Dewgong|slp
|
|turn|29
|choice|move 1|move 3
|
|-curestatus|p1a: Magmar|slp
|cant|p2a: Dewgong|slp
|
|turn|30
|choice|move 2|move 3
|
|move|p1a: Magmar|Fire Blast|p2a: Dewgong|[miss]
|-miss|p1a: Magmar
|-curestatus|p2a: Dewgong|slp
|
|turn|31
|choice|move 1|move 3
|
|move|p1a: Magmar|Confuse Ray|p2a: Dewgong
|-start|p2a: Dewgong|confusion
|-activate|p2a: Dewgong|confusion
|-damage|p2a: Dewgong|271\/327|[from] confusion
|
|turn|32
|choice|move 2|move 3
|
|move|p1a: Magmar|Fire Blast|p2a: Dewgong
|-damage|p2a: Dewgong|147\/327
|-activate|p2a: Dewgong|confusion
|-damage|p2a: Dewgong|119\/327|[from] confusion
|
|turn|33
|choice|move 2|move 3
|
|move|p1a: Magmar|Fire Blast|p2a: Dewgong
|-damage|p2a: Dewgong|0 fnt
|faint|p2a: Dewgong
|choice||switch 2
|
|switch|p2a: Pidgeot|Pidgeot, L90|333\/333
|turn|34
|choice|move 1|move 4
|
|move|p1a: Magmar|Confuse Ray|p2a: Pidgeot
|-start|p2a: Pidgeot|confusion
|-activate|p2a: Pidgeot|confusion
|move|p2a: Pidgeot|Hyper Beam|p1a: Magmar
|-damage|p1a: Magmar|0 fnt
|faint|p1a: Magmar
|choice|switch 5|
|
|switch|p1a: Muk|Muk, L90|47\/372
|turn|35
|choice|move 2|move 1
|
|-activate|p2a: Pidgeot|confusion
|-damage|p2a: Pidgeot|300\/333|[from] confusion
|move|p1a: Muk|Sludge|p2a: Pidgeot
|-damage|p2a: Pidgeot|216\/333
|
|turn|36
|choice|move 1|move 4
|
|-end|p2a: Pidgeot|confusion
|move|p2a: Pidgeot|Hyper Beam|p1a: Muk
|-damage|p1a: Muk|0 fnt
|faint|p1a: Muk
|
|win|guillecefiro
|player|p1
|player|p2
|raw|242mavsrule's rating: 1483 &rarr; <strong>1453<\/strong><br \/>(-30 for losing)
|raw|guillecefiro's rating: 1290 &rarr; <strong>1328<\/strong><br \/>(+38 for winning)
|c|★guillecefiro|gg
|c|★242mavsrule|gg
|l|242mavsrule