|join|12ssb
|join|iluvhermione
|player|p1|12ssb|168
|player|p2|iluvhermione|169
|gametype|singles
|gen|1
|tier|[Gen 1] Random Battle
|rated
|rule|Sleep Clause Mod: Limit one foe put to sleep
|rule|Freeze Clause Mod: Limit one foe frozen
|rule|HP Percentage Mod: HP is shown in percentages
|
|start
|switch|p1a: Vileplume|Vileplume, L90|318\/318
|switch|p2a: Gastly|Gastly, L96|252\/252
|turn|1
|
|switch|p1a: Blastoise|Blastoise, L85|308\/308
|move|p2a: Gastly|Hypnosis|p1a: Blastoise
|-status|p1a: Blastoise|slp
|
|turn|2
|
|switch|p1a: Sandslash|Sandslash, L85|301\/301
|move|p2a: Gastly|Mega Drain|p1a: Sandslash
|-supereffective|p1a: Sandslash
|-damage|p1a: Sandslash|208\/301
|
|turn|3
|
|move|p2a: Gastly|Confuse Ray|p1a: Sandslash
|-start|p1a: Sandslash|confusion
|-activate|p1a: Sandslash|confusion
|move|p1a: Sandslash|Earthquake|p2a: Gastly
|-supereffective|p2a: Gastly
|-damage|p2a: Gastly|0 fnt
|faint|p2a: Gastly
|
|switch|p2a: Dodrio|Dodrio, L85|276\/276
|turn|4
|
|move|p2a: Dodrio|Body Slam|p1a: Sandslash
|-damage|p1a: Sandslash|115\/301
|-status|p1a: Sandslash|par
|cant|p1a: Sandslash|par
|
|turn|5
|
|switch|p1a: Gengar|Gengar, L79|257\/257
|move|p2a: Dodrio|Mimic|p1a: Gengar
|-start|p2a: Dodrio|Mimic|Mega Drain
|
|turn|6
|
|move|p2a: Dodrio|Drill Peck|p1a: Gengar
|-damage|p1a: Gengar|135\/257
|move|p1a: Gengar|Thunderbolt|p2a: Dodrio
|-supereffective|p2a: Dodrio
|-damage|p2a: Dodrio|108\/276
|
|turn|7
|
|switch|p2a: Marowak|Marowak, L90|291\/291
|move|p1a: Gengar|Thunderbolt|p2a: Marowak
|-immune|p2a: Marowak|[msg]
|
|turn|8
|
|move|p1a: Gengar|Hypnosis|p2a: Marowak
|-status|p2a: Marowak|slp
|-curestatus|p2a: Marowak|slp
|
|turn|9
|
|switch|p1a: Seaking|Seaking, L90|327\/327
|switch|p2a: Wartortle|Wartortle, L85|274\/274
|
|turn|10
|
|switch|p1a: Gengar|Gengar, L79|135\/257
|move|p2a: Wartortle|Hydro Pump|p1a: Gengar
|-damage|p1a: Gengar|54\/257
|
|turn|11
|
|move|p1a: Gengar|Mega Drain|p2a: Wartortle
|-supereffective|p2a: Wartortle
|-damage|p2a: Wartortle|197\/274
|-heal|p1a: Gengar|92\/257|[from] drain|[of] p2a: Wartortle
|move|p2a: Wartortle|Hydro Pump|p1a: Gengar
|-crit|p1a: Gengar
|-damage|p1a: Gengar|0 fnt
|faint|p1a: Gengar
|
|switch|p1a: Vileplume|Vileplume, L90|318\/318
|turn|12
|
|switch|p2a: Dodrio|Dodrio, L85|108\/276
|move|p1a: Vileplume|Mega Drain|p2a: Dodrio
|-resisted|p2a: Dodrio
|-damage|p2a: Dodrio|79\/276
|
|turn|13
|
|move|p2a: Dodrio|Drill Peck|p1a: Vileplume
|-crit|p1a: Vileplume
|-supereffective|p1a: Vileplume
|-damage|p1a: Vileplume|0 fnt
|faint|p1a: Vileplume
|
|switch|p1a: Sandslash|Sandslash, L85|115\/301 par
|turn|14
|
|move|p2a: Dodrio|Hyper Beam|p1a: Sandslash
|-damage|p1a: Sandslash|0 fnt
|faint|p1a: Sandslash
|
|switch|p1a: Seaking|Seaking, L90|327\/327
|turn|15
|
|move|p2a: Dodrio|Hyper Beam|p1a: Seaking
|-damage|p1a: Seaking|132\/327
|move|p1a: Seaking|Blizzard|p2a: Dodrio
|-supereffective|p2a: Dodrio
|-damage|p2a: Dodrio|0 fnt
|faint|p2a: Dodrio
|
|switch|p2a: Lickitung|Lickitung, L90|345\/345
|turn|16
|
|move|p1a: Seaking|Surf|p2a: Lickitung
|-crit|p2a: Lickitung
|-damage|p2a: Lickitung|97\/345
|move|p2a: Lickitung|Body Slam|p1a: Seaking
|-damage|p1a: Seaking|48\/327
|
|turn|17
|
|move|p1a: Seaking|Surf|p2a: Lickitung
|-damage|p2a: Lickitung|0 fnt
|faint|p2a: Lickitung
|
|switch|p2a: Ninetales|Ninetales, L85|298\/298
|turn|18
|
|move|p2a: Ninetales|Double-Edge|p1a: Seaking
|-damage|p1a: Seaking|0 fnt
|-damage|p2a: Ninetales|286\/298|[from] recoil|[of] p1a: Seaking
|faint|p1a: Seaking
|
|switch|p1a: Lickitung|Lickitung, L90|345\/345
|turn|19
|
|move|p2a: Ninetales|Fire Blast|p1a: Lickitung
|-damage|p1a: Lickitung|188\/345
|move|p1a: Lickitung|Swords Dance|p1a: Lickitung
|-boost|p1a: Lickitung|atk|2
|
|turn|20
|
|move|p2a: Ninetales|Fire Blast|p1a: Lickitung
|-damage|p1a: Lickitung|42\/345
|move|p1a: Lickitung|Earthquake|p2a: Ninetales
|-supereffective|p2a: Ninetales
|-damage|p2a: Ninetales|43\/298
|
|turn|21
|
|move|p2a: Ninetales|Body Slam|p1a: Lickitung
|-damage|p1a: Lickitung|0 fnt
|faint|p1a: Lickitung
|
|switch|p1a: Blastoise|Blastoise, L85|308\/308 slp
|turn|22
|
|move|p2a: Ninetales|Fire Blast|p1a: Blastoise
|-resisted|p1a: Blastoise
|-damage|p1a: Blastoise|244\/308 slp
|cant|p1a: Blastoise|slp
|
|turn|23
|
|move|p2a: Ninetales|Fire Blast|p1a: Blastoise|[miss]
|-miss|p2a: Ninetales
|cant|p1a: Blastoise|slp
|
|turn|24
|
|move|p2a: Ninetales|Fire Blast|p1a: Blastoise
|-resisted|p1a: Blastoise
|-damage|p1a: Blastoise|182\/308 slp
|cant|p1a: Blastoise|slp
|
|turn|25
|
|move|p2a: Ninetales|Fire Blast|p1a: Blastoise|[miss]
|-miss|p2a: Ninetales
|-curestatus|p1a: Blastoise|slp
|
|turn|26
|
|move|p2a: Ninetales|Body Slam|p1a: Blastoise
|-crit|p1a: Blastoise
|-damage|p1a: Blastoise|85\/308
|-status|p1a: Blastoise|par
|move|p1a: Blastoise|Mimic|p2a: Ninetales
|-start|p1a: Blastoise|Mimic|Fire Blast
|
|turn|27
|
|move|p2a: Ninetales|Double-Edge|p1a: Blastoise
|-crit|p1a: Blastoise
|-damage|p1a: Blastoise|0 fnt
|-damage|p2a: Ninetales|22\/298|[from] recoil|[of] p1a: Blastoise
|faint|p1a: Blastoise
|
|win|iluvhermione
|raw|Ladder updating...
|raw|12ssb's rating: 1289 &rarr; <strong>1260<\/strong><br \/>(-29 for losing)
|raw|iluvhermione's rating: 1227 &rarr; <strong>1257<\/strong><br \/>(+30 for winning)
|c|★iluvhermione|gg
|leave|iluvhermione
|player|p2