|join|Firestar493
|join|gen1masterrony
|player|p1|Firestar493|164
|player|p2|gen1masterrony|266
|gametype|singles
|gen|1
|tier|[Gen 1] OU (beta)
|rated
|rule|Sleep Clause Mod: Limit one foe put to sleep
|rule|Species Clause: Limit one of each Pokémon
|rule|OHKO Clause: OHKO moves are banned
|rule|Evasion Moves Clause: Evasion moves are banned
|rule|HP Percentage Mod: HP is shown in percentages
|
|start
|switch|p1a: Focus Sash|Alakazam|313\/313
|switch|p2a: Hypno|Hypno|373\/373
|turn|1
|
|move|p1a: Focus Sash|Thunder Wave|p2a: Hypno
|-status|p2a: Hypno|par
|move|p2a: Hypno|Hypnosis|p1a: Focus Sash
|-status|p1a: Focus Sash|slp
|
|turn|2
|
|switch|p1a: Eviolite|Chansey|703\/703
|switch|p2a: Tauros|Tauros|353\/353
|
|turn|3
|
|switch|p2a: Hypno|Hypno|373\/373 par
|move|p1a: Eviolite|Thunder Wave|p2a: Hypno
|-fail|p2a: Hypno|par
|
|turn|4
|
|move|p1a: Eviolite|Thunderbolt|p2a: Hypno
|-damage|p2a: Hypno|304\/373 par
|move|p2a: Hypno|Thunder Wave|p1a: Eviolite
|-status|p1a: Eviolite|par
|
|turn|5
|
|switch|p1a: Focus Sash|Alakazam|313\/313 slp
|move|p2a: Hypno|Psychic|p1a: Focus Sash
|-resisted|p1a: Focus Sash
|-damage|p1a: Focus Sash|268\/313 slp
|
|turn|6
|
|switch|p1a: Chesto Berry|Snorlax|523\/523
|switch|p2a: Tauros|Tauros|353\/353
|
|turn|7
|
|switch|p2a: Hypno|Hypno|304\/373 par
|move|p1a: Chesto Berry|Body Slam|p2a: Hypno
|-damage|p2a: Hypno|181\/373 par
|
|turn|8
|
|switch|p1a: Eviolite|Chansey|703\/703 par
|move|p2a: Hypno|Psychic|p1a: Eviolite
|-damage|p1a: Eviolite|584\/703 par
|-unboost|p1a: Eviolite|spd|1
|-unboost|p1a: Eviolite|spa|1
|
|turn|9
|
|switch|p1a: Focus Sash|Alakazam|268\/313 slp
|cant|p2a: Hypno|par
|
|turn|10
|
|switch|p1a: Leftovers|Exeggutor|393\/393
|cant|p2a: Hypno|par
|
|turn|11
|
|move|p1a: Leftovers|Psychic|p2a: Hypno
|-resisted|p2a: Hypno
|-damage|p2a: Hypno|127\/373 par
|-unboost|p2a: Hypno|spd|1
|-unboost|p2a: Hypno|spa|1
|move|p2a: Hypno|Psychic|p1a: Leftovers
|-resisted|p1a: Leftovers
|-damage|p1a: Leftovers|358\/393
|-unboost|p1a: Leftovers|spd|1
|-unboost|p1a: Leftovers|spa|1
|
|turn|12
|
|switch|p1a: Eviolite|Chansey|584\/703 par
|move|p2a: Hypno|Thunder Wave|p1a: Eviolite
|-fail|p1a: Eviolite|par
|
|turn|13
|
|move|p2a: Hypno|Psychic|p1a: Eviolite
|-damage|p1a: Eviolite|503\/703 par
|move|p1a: Eviolite|Thunderbolt|p2a: Hypno
|-damage|p2a: Hypno|13\/373 par
|
|turn|14
|
|cant|p2a: Hypno|par
|cant|p1a: Eviolite|par
|
|turn|15
|
|move|p2a: Hypno|Hyper Beam|p1a: Eviolite
|-damage|p1a: Eviolite|246\/703 par
|move|p1a: Eviolite|Soft-Boiled|p1a: Eviolite
|-heal|p1a: Eviolite|597\/703 par
|
|turn|16
|
|switch|p1a: Chesto Berry|Snorlax|523\/523
|cant|p2a: Hypno|recharge
|
|turn|17
|
|move|p1a: Chesto Berry|Body Slam|p2a: Hypno
|-damage|p2a: Hypno|0 fnt
|faint|p2a: Hypno
|
|switch|p2a: Alakazam|Alakazam|313\/313
|turn|18
|
|move|p2a: Alakazam|Reflect|p2a: Alakazam
|move|p1a: Chesto Berry|Body Slam|p2a: Alakazam
|-damage|p2a: Alakazam|228\/313
|
|turn|19
|
|move|p2a: Alakazam|Thunder Wave|p1a: Chesto Berry
|-status|p1a: Chesto Berry|par
|move|p1a: Chesto Berry|Body Slam|p2a: Alakazam
|-damage|p2a: Alakazam|144\/313
|
|turn|20
|
|move|p2a: Alakazam|Psychic|p1a: Chesto Berry
|-damage|p1a: Chesto Berry|341\/523 par
|cant|p1a: Chesto Berry|par
|
|turn|21
|
|switch|p1a: Eviolite|Chansey|597\/703 par
|move|p2a: Alakazam|Psychic|p1a: Eviolite
|-damage|p1a: Eviolite|465\/703 par
|-unboost|p1a: Eviolite|spd|1
|-unboost|p1a: Eviolite|spa|1
|
|turn|22
|
|switch|p1a: Focus Sash|Alakazam|268\/313 slp
|move|p2a: Alakazam|Psychic|p1a: Focus Sash
|-resisted|p1a: Focus Sash
|-damage|p1a: Focus Sash|219\/313 slp
|
|turn|23
|
|switch|p1a: Eviolite|Chansey|465\/703 par
|move|p2a: Alakazam|Psychic|p1a: Eviolite
|-damage|p1a: Eviolite|347\/703 par
|
|turn|24
|
|move|p2a: Alakazam|Psychic|p1a: Eviolite
|-damage|p1a: Eviolite|218\/703 par
|cant|p1a: Eviolite|par
|
|turn|25
|
|move|p2a: Alakazam|Psychic|p1a: Eviolite
|-damage|p1a: Eviolite|93\/703 par
|-unboost|p1a: Eviolite|spd|1
|-unboost|p1a: Eviolite|spa|1
|move|p1a: Eviolite|Soft-Boiled|p1a: Eviolite
|-heal|p1a: Eviolite|444\/703 par
|
|turn|26
|
|move|p2a: Alakazam|Psychic|p1a: Eviolite
|-crit|p1a: Eviolite
|-damage|p1a: Eviolite|174\/703 par
|-unboost|p1a: Eviolite|spd|1
|-unboost|p1a: Eviolite|spa|1
|cant|p1a: Eviolite|par
|
|turn|27
|
|switch|p1a: Leftovers|Exeggutor|358\/393
|move|p2a: Alakazam|Psychic|p1a: Leftovers
|-resisted|p1a: Leftovers
|-damage|p1a: Leftovers|306\/393
|
|turn|28
|
|move|p2a: Alakazam|Psychic|p1a: Leftovers
|-crit|p1a: Leftovers
|-resisted|p1a: Leftovers
|-damage|p1a: Leftovers|192\/393
|move|p1a: Leftovers|Sleep Powder|p2a: Alakazam
|-status|p2a: Alakazam|slp
|
|turn|29
|
|switch|p2a: Starmie|Starmie|323\/323
|switch|p1a: Eviolite|Chansey|174\/703 par
|
|turn|30
|
|move|p2a: Starmie|Blizzard|p1a: Eviolite|[miss]
|-miss|p2a: Starmie
|move|p1a: Eviolite|Soft-Boiled|p1a: Eviolite
|-heal|p1a: Eviolite|525\/703 par
|
|turn|31
|
|switch|p2a: Machamp|Machamp|383\/383
|move|p1a: Eviolite|Thunderbolt|p2a: Machamp
|-damage|p2a: Machamp|285\/383
|
|turn|32
|
|switch|p1a: Leftovers|Exeggutor|192\/393
|move|p2a: Machamp|Low Kick|p1a: Leftovers
|-resisted|p1a: Leftovers
|-damage|p1a: Leftovers|114\/393
|
|turn|33
|
|move|p2a: Machamp|Hyper Beam|p1a: Leftovers
|-damage|p1a: Leftovers|0 fnt
|faint|p1a: Leftovers
|
|switch|p1a: Custap Berry|Golem|363\/363
|turn|34
|
|switch|p2a: Exeggutor|Exeggutor|393\/393
|move|p1a: Custap Berry|Earthquake|p2a: Exeggutor
|-resisted|p2a: Exeggutor
|-damage|p2a: Exeggutor|325\/393
|
|turn|35
|
|switch|p1a: Chesto Berry|Snorlax|341\/523 par
|move|p2a: Exeggutor|Psychic|p1a: Chesto Berry
|-damage|p1a: Chesto Berry|173\/523 par
|
|turn|36
|
|move|p2a: Exeggutor|Psychic|p1a: Chesto Berry
|-crit|p1a: Chesto Berry
|-damage|p1a: Chesto Berry|0 fnt
|faint|p1a: Chesto Berry
|
|switch|p1a: Life Orb|Tauros|353\/353
|turn|37
|
|switch|p2a: Alakazam|Alakazam|144\/313 slp
|move|p1a: Life Orb|Blizzard|p2a: Alakazam|[miss]
|-miss|p1a: Life Orb
|
|turn|38
|
|cant|p2a: Alakazam|slp
|move|p1a: Life Orb|Body Slam|p2a: Alakazam
|-crit|p2a: Alakazam
|-damage|p2a: Alakazam|0 fnt
|faint|p2a: Alakazam
|
|switch|p2a: Machamp|Machamp|285\/383
|turn|39
|
|move|p1a: Life Orb|Body Slam|p2a: Machamp
|-damage|p2a: Machamp|167\/383
|move|p2a: Machamp|Low Kick|p1a: Life Orb
|-supereffective|p1a: Life Orb
|-damage|p1a: Life Orb|125\/353
|
|turn|40
|
|switch|p2a: Exeggutor|Exeggutor|325\/393
|move|p1a: Life Orb|Body Slam|p2a: Exeggutor
|-crit|p2a: Exeggutor
|-damage|p2a: Exeggutor|119\/393
|
|turn|41
|
|move|p1a: Life Orb|Hyper Beam|p2a: Exeggutor
|-damage|p2a: Exeggutor|0 fnt
|faint|p2a: Exeggutor
|
|switch|p2a: Tauros|Tauros|353\/353
|turn|42
|
|switch|p1a: Custap Berry|Golem|363\/363
|move|p2a: Tauros|Body Slam|p1a: Custap Berry
|-crit|p1a: Custap Berry
|-resisted|p1a: Custap Berry
|-damage|p1a: Custap Berry|275\/363
|
|turn|43
|
|move|p2a: Tauros|Blizzard|p1a: Custap Berry
|-supereffective|p1a: Custap Berry
|-damage|p1a: Custap Berry|65\/363
|move|p1a: Custap Berry|Explosion|p2a: Tauros
|-damage|p2a: Tauros|43\/353
|faint|p1a: Custap Berry
|
|switch|p1a: Life Orb|Tauros|125\/353
|turn|44
|
|move|p2a: Tauros|Hyper Beam|p1a: Life Orb
|-crit|p1a: Life Orb
|-damage|p1a: Life Orb|0 fnt
|faint|p1a: Life Orb
|
|switch|p1a: Eviolite|Chansey|525\/703 par
|turn|45
|
|move|p2a: Tauros|Body Slam|p1a: Eviolite
|-damage|p1a: Eviolite|263\/703 par
|move|p1a: Eviolite|Ice Beam|p2a: Tauros
|-damage|p2a: Tauros|0 fnt
|faint|p2a: Tauros
|
|switch|p2a: Machamp|Machamp|167\/383
|turn|46
|
|switch|p1a: Focus Sash|Alakazam|219\/313 slp
|move|p2a: Machamp|Low Kick|p1a: Focus Sash
|-resisted|p1a: Focus Sash
|-damage|p1a: Focus Sash|150\/313 slp
|
|turn|47
|
|cant|p1a: Focus Sash|slp
|-curestatus|p1a: Focus Sash|slp
|move|p2a: Machamp|Earthquake|p1a: Focus Sash
|-damage|p1a: Focus Sash|14\/313
|
|turn|48
|
|switch|p2a: Starmie|Starmie|323\/323
|move|p1a: Focus Sash|Psychic|p2a: Starmie
|-resisted|p2a: Starmie
|-damage|p2a: Starmie|261\/323
|
|turn|49
|
|move|p1a: Focus Sash|Recover|p1a: Focus Sash
|-heal|p1a: Focus Sash|170\/313
|move|p2a: Starmie|Thunder Wave|p1a: Focus Sash
|-status|p1a: Focus Sash|par
|
|turn|50
|
|move|p2a: Starmie|Blizzard|p1a: Focus Sash
|-crit|p1a: Focus Sash
|-damage|p1a: Focus Sash|16\/313 par
|move|p1a: Focus Sash|Recover|p1a: Focus Sash
|-heal|p1a: Focus Sash|172\/313 par
|
|turn|51
|
|move|p2a: Starmie|Thunderbolt|p1a: Focus Sash
|-damage|p1a: Focus Sash|114\/313 par
|move|p1a: Focus Sash|Recover|p1a: Focus Sash
|-heal|p1a: Focus Sash|270\/313 par
|
|turn|52
|
|move|p2a: Starmie|Blizzard|p1a: Focus Sash
|-damage|p1a: Focus Sash|192\/313 par
|move|p1a: Focus Sash|Thunder Wave|p2a: Starmie
|-status|p2a: Starmie|par
|
|turn|53
|
|move|p1a: Focus Sash|Seismic Toss|p2a: Starmie
|-damage|p2a: Starmie|161\/323 par
|move|p2a: Starmie|Blizzard|p1a: Focus Sash
|-damage|p1a: Focus Sash|120\/313 par
|
|turn|54
|
|switch|p2a: Machamp|Machamp|167\/383
|move|p1a: Focus Sash|Recover|p1a: Focus Sash
|-heal|p1a: Focus Sash|276\/313 par
|
|turn|55
|
|switch|p2a: Starmie|Starmie|161\/323 par
|cant|p1a: Focus Sash|par
|
|turn|56
|c|★Firestar493|you don't have natural cure m8
|
|move|p1a: Focus Sash|Seismic Toss|p2a: Starmie
|-damage|p2a: Starmie|61\/323 par
|move|p2a: Starmie|Recover|p2a: Starmie
|-heal|p2a: Starmie|222\/323 par
|
|turn|57
|
|move|p1a: Focus Sash|Seismic Toss|p2a: Starmie
|-damage|p2a: Starmie|122\/323 par
|cant|p2a: Starmie|par
|
|turn|58
|
|cant|p1a: Focus Sash|par
|cant|p2a: Starmie|par
|
|turn|59
|
|move|p1a: Focus Sash|Seismic Toss|p2a: Starmie
|-damage|p2a: Starmie|22\/323 par
|move|p2a: Starmie|Blizzard|p1a: Focus Sash
|-crit|p1a: Focus Sash
|-damage|p1a: Focus Sash|110\/313 par
|
|turn|60
|
|cant|p1a: Focus Sash|par
|move|p2a: Starmie|Blizzard|p1a: Focus Sash
|-damage|p1a: Focus Sash|37\/313 par
|
|turn|61
|
|move|p1a: Focus Sash|Recover|p1a: Focus Sash
|-heal|p1a: Focus Sash|193\/313 par
|move|p2a: Starmie|Blizzard|p1a: Focus Sash
|-damage|p1a: Focus Sash|115\/313 par
|
|turn|62
|
|cant|p1a: Focus Sash|par
|move|p2a: Starmie|Thunderbolt|p1a: Focus Sash
|-damage|p1a: Focus Sash|55\/313 par
|
|turn|63
|
|cant|p1a: Focus Sash|par
|move|p2a: Starmie|Thunderbolt|p1a: Focus Sash
|-damage|p1a: Focus Sash|0 fnt
|faint|p1a: Focus Sash
|c|★Firestar493|fucking scrub
|
|switch|p1a: Eviolite|Chansey|263\/703 par
|turn|64
|
|cant|p2a: Starmie|par
|move|p1a: Eviolite|Soft-Boiled|p1a: Eviolite
|-heal|p1a: Eviolite|614\/703 par
|
|turn|65
|
|cant|p2a: Starmie|par
|move|p1a: Eviolite|Thunderbolt|p2a: Starmie
|-crit|p2a: Starmie
|-supereffective|p2a: Starmie
|-damage|p2a: Starmie|0 fnt
|faint|p2a: Starmie
|
|switch|p2a: Machamp|Machamp|167\/383
|turn|66
|
|move|p2a: Machamp|Low Kick|p1a: Eviolite
|-supereffective|p1a: Eviolite
|-damage|p1a: Eviolite|164\/703 par
|move|p1a: Eviolite|Ice Beam|p2a: Machamp
|-damage|p2a: Machamp|63\/383
|
|turn|67
|
|move|p2a: Machamp|Low Kick|p1a: Eviolite
|-crit|p1a: Eviolite
|-supereffective|p1a: Eviolite
|-damage|p1a: Eviolite|0 fnt
|faint|p1a: Eviolite
|
|win|gen1masterrony
|raw|Ladder updating...
|raw|Firestar493's rating: 1044 &rarr; <strong>1035<\/strong><br \/>(-9 for losing)
|raw|gen1masterrony's rating: 1226 &rarr; <strong>1239<\/strong><br \/>(+13 for winning)
|leave|Firestar493
|player|p1
|leave|gen1masterrony
|player|p2
|join|gen1masterrony