|j|GlintGecko
|j|qht
|player|p1|GlintGecko|2
|player|p2|qht|101
|gametype|singles
|gen|1
|tier|[Gen 1] OU
|rated
|seed|
|rule|Sleep Clause Mod: Limit one foe put to sleep
|rule|Freeze Clause Mod: Limit one foe frozen
|rule|Species Clause: Limit one of each Pokémon
|rule|OHKO Clause: OHKO moves are banned
|rule|Evasion Moves Clause: Evasion moves are banned
|rule|HP Percentage Mod: HP is shown in percentages
|
|start
|switch|p1a: Starmie|Starmie|100\/100
|switch|p2a: Gengar|Gengar|100\/100
|turn|1
|choice||
|
|switch|p2a: Alakazam|Alakazam|100\/100
|move|p1a: Starmie|Psychic|p2a: Alakazam
|-resisted|p2a: Alakazam
|-damage|p2a: Alakazam|86\/100
|
|turn|2
|choice||
|
|move|p2a: Alakazam|Thunder Wave|p1a: Starmie
|-status|p1a: Starmie|par
|move|p1a: Starmie|Blizzard|p2a: Alakazam
|-damage|p2a: Alakazam|62\/100
|
|turn|3
|choice||
|
|move|p2a: Alakazam|Seismic Toss|p1a: Starmie
|-damage|p1a: Starmie|70\/100 par
|move|p1a: Starmie|Thunder Wave|p2a: Alakazam
|-status|p2a: Alakazam|par
|
|turn|4
|choice||
|
|cant|p2a: Alakazam|par
|move|p1a: Starmie|Recover|p1a: Starmie
|-heal|p1a: Starmie|100\/100 par
|
|turn|5
|choice||
|
|switch|p1a: Snorlax|Snorlax|100\/100
|move|p2a: Alakazam|Psychic|p1a: Snorlax
|-crit|p1a: Snorlax
|-damage|p1a: Snorlax|35\/100
|
|turn|6
|choice||
|
|switch|p2a: Gengar|Gengar|100\/100
|move|p1a: Snorlax|Rest|p1a: Snorlax
|-status|p1a: Snorlax|slp
|-heal|p1a: Snorlax|100\/100 slp|[silent]
|-status|p1a: Snorlax|slp|[from] move: Rest
|
|turn|7
|choice||
|
|move|p2a: Gengar|Night Shade|p1a: Snorlax
|-damage|p1a: Snorlax|81\/100 slp
|cant|p1a: Snorlax|slp
|
|turn|8
|choice||
|
|move|p2a: Gengar|Night Shade|p1a: Snorlax
|-damage|p1a: Snorlax|62\/100 slp
|-curestatus|p1a: Snorlax|slp
|
|turn|9
|choice||
|
|switch|p1a: Starmie|Starmie|100\/100 par
|move|p2a: Gengar|Hypnosis|p1a: Starmie
|-fail|p1a: Starmie
|
|turn|10
|choice||
|
|switch|p2a: Alakazam|Alakazam|62\/100 par
|move|p1a: Starmie|Psychic|p2a: Alakazam
|-resisted|p2a: Alakazam
|-damage|p2a: Alakazam|49\/100 par
|
|turn|11
|choice||
|
|switch|p1a: Snorlax|Snorlax|62\/100
|move|p2a: Alakazam|Recover|p2a: Alakazam
|-heal|p2a: Alakazam|99\/100 par
|
|turn|12
|choice||
|
|switch|p2a: Snorlax|Snorlax|100\/100
|move|p1a: Snorlax|Body Slam|p2a: Snorlax
|-damage|p2a: Snorlax|74\/100
|
|turn|13
|choice||
|
|move|p2a: Snorlax|Reflect|p2a: Snorlax
|-start|p2a: Snorlax|Reflect
|move|p1a: Snorlax|Reflect|p1a: Snorlax
|-start|p1a: Snorlax|Reflect
|
|turn|14
|choice||
|
|move|p2a: Snorlax|Ice Beam|p1a: Snorlax
|-damage|p1a: Snorlax|47\/100
|move|p1a: Snorlax|Body Slam|p2a: Snorlax
|-damage|p2a: Snorlax|60\/100
|
|turn|15
|choice||
|
|move|p2a: Snorlax|Ice Beam|p1a: Snorlax
|-damage|p1a: Snorlax|33\/100
|move|p1a: Snorlax|Rest|p1a: Snorlax
|-status|p1a: Snorlax|slp
|-heal|p1a: Snorlax|100\/100 slp|[silent]
|-status|p1a: Snorlax|slp|[from] move: Rest
|
|turn|16
|choice||
|
|cant|p1a: Snorlax|slp
|move|p2a: Snorlax|Body Slam|p1a: Snorlax
|-damage|p1a: Snorlax|86\/100 slp
|
|turn|17
|choice||
|
|-curestatus|p1a: Snorlax|slp
|move|p2a: Snorlax|Body Slam|p1a: Snorlax
|-damage|p1a: Snorlax|72\/100
|
|turn|18
|choice||
|
|move|p2a: Snorlax|Ice Beam|p1a: Snorlax
|-damage|p1a: Snorlax|57\/100
|move|p1a: Snorlax|Body Slam|p2a: Snorlax
|-damage|p2a: Snorlax|47\/100
|
|turn|19
|choice||
|
|move|p1a: Snorlax|Body Slam|p2a: Snorlax
|-damage|p2a: Snorlax|34\/100
|move|p2a: Snorlax|Ice Beam|p1a: Snorlax
|-damage|p1a: Snorlax|43\/100
|
|turn|20
|choice||
|
|move|p1a: Snorlax|Rest|p1a: Snorlax
|-status|p1a: Snorlax|slp
|-heal|p1a: Snorlax|100\/100 slp|[silent]
|-status|p1a: Snorlax|slp|[from] move: Rest
|move|p2a: Snorlax|Rest|p2a: Snorlax
|-status|p2a: Snorlax|slp
|-heal|p2a: Snorlax|100\/100 slp|[silent]
|-status|p2a: Snorlax|slp|[from] move: Rest
|
|turn|21
|choice||
|
|switch|p1a: Exeggutor|Exeggutor|100\/100
|cant|p2a: Snorlax|slp
|
|turn|22
|choice||
|
|switch|p2a: Alakazam|Alakazam|99\/100 par
|move|p1a: Exeggutor|Psychic|p2a: Alakazam
|-resisted|p2a: Alakazam
|-damage|p2a: Alakazam|84\/100 par
|-unboost|p2a: Alakazam|spd|1
|-unboost|p2a: Alakazam|spa|1
|
|turn|23
|j|lotp4
|choice||
|
|switch|p1a: Chansey|Chansey|100\/100
|cant|p2a: Alakazam|par
|
|turn|24
|l|lotp4
|choice||
|
|switch|p2a: Snorlax|Snorlax|100\/100 slp
|move|p1a: Chansey|Thunderbolt|p2a: Snorlax
|-damage|p2a: Snorlax|82\/100 slp
|
|turn|25
|choice||
|
|switch|p1a: Exeggutor|Exeggutor|100\/100
|-curestatus|p2a: Snorlax|slp
|
|turn|26
|choice||
|
|switch|p2a: Alakazam|Alakazam|84\/100 par
|move|p1a: Exeggutor|Double-Edge|p2a: Alakazam
|-damage|p2a: Alakazam|44\/100 par
|-damage|p1a: Exeggutor|93\/100|[from] recoil|[of] p2a: Alakazam
|
|turn|27
|choice||
|
|switch|p1a: Chansey|Chansey|100\/100
|switch|p2a: Gengar|Gengar|100\/100
|
|turn|28
|choice||
|
|switch|p2a: Alakazam|Alakazam|44\/100 par
|switch|p1a: Starmie|Starmie|100\/100 par
|
|turn|29
|j|Groudon80
|choice||
|
|switch|p1a: Snorlax|Snorlax|100\/100 slp
|move|p2a: Alakazam|Recover|p2a: Alakazam
|-heal|p2a: Alakazam|93\/100 par
|
|turn|30
|l|Groudon80
|choice||
|
|cant|p1a: Snorlax|slp
|cant|p2a: Alakazam|par
|
|turn|31
|choice||
|
|switch|p2a: Gengar|Gengar|100\/100
|-curestatus|p1a: Snorlax|slp
|
|turn|32
|choice||
|
|switch|p1a: Starmie|Starmie|100\/100 par
|move|p2a: Gengar|Confuse Ray|p1a: Starmie
|-start|p1a: Starmie|confusion
|
|turn|33
|choice||
|
|switch|p1a: Alakazam|Alakazam|100\/100
|move|p2a: Gengar|Night Shade|p1a: Alakazam
|-damage|p1a: Alakazam|69\/100
|
|turn|34
|choice||
|
|switch|p2a: Alakazam|Alakazam|93\/100 par
|move|p1a: Alakazam|Recover|p1a: Alakazam
|-heal|p1a: Alakazam|100\/100
|
|turn|35
|choice||
|
|switch|p1a: Chansey|Chansey|100\/100
|cant|p2a: Alakazam|par
|
|turn|36
|choice||
|
|move|p1a: Chansey|Thunderbolt|p2a: Alakazam
|-crit|p2a: Alakazam
|-damage|p2a: Alakazam|52\/100 par
|move|p2a: Alakazam|Thunder Wave|p1a: Chansey
|-status|p1a: Chansey|par
|
|turn|37
|choice||
|
|cant|p2a: Alakazam|par
|cant|p1a: Chansey|par
|
|turn|38
|choice||
|
|switch|p1a: Snorlax|Snorlax|100\/100
|move|p2a: Alakazam|Recover|p2a: Alakazam
|-heal|p2a: Alakazam|100\/100 par
|
|turn|39
|choice||
|
|switch|p2a: Snorlax|Snorlax|82\/100
|move|p1a: Snorlax|Body Slam|p2a: Snorlax
|-damage|p2a: Snorlax|57\/100
|
|turn|40
|choice||
|
|move|p2a: Snorlax|Ice Beam|p1a: Snorlax
|-damage|p1a: Snorlax|87\/100
|move|p1a: Snorlax|Reflect|p1a: Snorlax
|-start|p1a: Snorlax|Reflect
|
|turn|41
|choice||
|
|move|p1a: Snorlax|Body Slam|p2a: Snorlax
|-damage|p2a: Snorlax|32\/100
|move|p2a: Snorlax|Reflect|p2a: Snorlax
|-start|p2a: Snorlax|Reflect
|
|turn|42
|choice||
|
|switch|p1a: Tauros|Tauros|100\/100
|move|p2a: Snorlax|Rest|p2a: Snorlax
|-status|p2a: Snorlax|slp
|-heal|p2a: Snorlax|100\/100 slp|[silent]
|-status|p2a: Snorlax|slp|[from] move: Rest
|
|turn|43
|j|Kvantti
|choice||
|
|move|p1a: Tauros|Body Slam|p2a: Snorlax
|-damage|p2a: Snorlax|88\/100 slp
|cant|p2a: Snorlax|slp
|
|turn|44
|choice||
|
|switch|p1a: Exeggutor|Exeggutor|93\/100
|-curestatus|p2a: Snorlax|slp
|
|turn|45
|l|Kvantti
|choice||
|
|switch|p2a: Alakazam|Alakazam|100\/100 par
|move|p1a: Exeggutor|Sleep Powder|p2a: Alakazam
|-fail|p2a: Alakazam
|
|turn|46
|choice||
|
|switch|p1a: Chansey|Chansey|100\/100 par
|move|p2a: Alakazam|Thunder Wave|p1a: Chansey
|-fail|p1a: Chansey|par
|
|turn|47
|choice||
|
|switch|p2a: Snorlax|Snorlax|88\/100
|cant|p1a: Chansey|par
|
|turn|48
|choice||
|
|move|p2a: Snorlax|Body Slam|p1a: Chansey
|-damage|p1a: Chansey|61\/100 par
|move|p1a: Chansey|Thunder Wave|p2a: Snorlax
|-status|p2a: Snorlax|par
|
|turn|49
|choice||
|
|move|p1a: Chansey|Soft-Boiled|p1a: Chansey
|-heal|p1a: Chansey|100\/100 par
|cant|p2a: Snorlax|par
|
|turn|50
|choice||
|
|switch|p1a: Starmie|Starmie|100\/100 par
|move|p2a: Snorlax|Reflect|p2a: Snorlax
|-start|p2a: Snorlax|Reflect
|
|turn|51
|choice||
|
|move|p1a: Starmie|Psychic|p2a: Snorlax
|-damage|p2a: Snorlax|60\/100 par
|-unboost|p2a: Snorlax|spd|1
|-unboost|p2a: Snorlax|spa|1
|move|p2a: Snorlax|Body Slam|p1a: Starmie
|-damage|p1a: Starmie|66\/100 par
|
|turn|52
|choice||
|
|switch|p2a: Alakazam|Alakazam|100\/100 par
|move|p1a: Starmie|Psychic|p2a: Alakazam
|-resisted|p2a: Alakazam
|-damage|p2a: Alakazam|87\/100 par
|-unboost|p2a: Alakazam|spd|1
|-unboost|p2a: Alakazam|spa|1
|
|turn|53
|choice||
|
|switch|p2a: Jolteon|Jolteon|100\/100
|move|p1a: Starmie|Recover|p1a: Starmie
|-heal|p1a: Starmie|100\/100 par
|
|turn|54
|j|Groudon80
|choice||
|
|switch|p1a: Chansey|Chansey|100\/100 par
|move|p2a: Jolteon|Thunderbolt|p1a: Chansey
|-damage|p1a: Chansey|84\/100 par
|
|turn|55
|choice||
|
|switch|p2a: Snorlax|Snorlax|60\/100 par
|switch|p1a: Exeggutor|Exeggutor|93\/100
|
|turn|56
|choice||
|
|switch|p2a: Gengar|Gengar|100\/100
|move|p1a: Exeggutor|Psychic|p2a: Gengar
|-supereffective|p2a: Gengar
|-damage|p2a: Gengar|32\/100
|
|turn|57
|choice||
|
|switch|p1a: Alakazam|Alakazam|100\/100
|move|p2a: Gengar|Hypnosis|p1a: Alakazam
|-status|p1a: Alakazam|slp
|
|turn|58
|j|PcR VeeroX
|l|PcR VeeroX
|choice||
|
|-curestatus|p1a: Alakazam|slp
|move|p2a: Gengar|Night Shade|p1a: Alakazam
|-damage|p1a: Alakazam|69\/100
|
|turn|59
|j|PcR VeeroX
|l|PcR VeeroX
|choice||
|
|switch|p1a: Snorlax|Snorlax|87\/100
|switch|p2a: Alakazam|Alakazam|87\/100 par
|
|turn|60
|choice||
|
|switch|p2a: Snorlax|Snorlax|60\/100 par
|move|p1a: Snorlax|Earthquake|p2a: Snorlax
|-damage|p2a: Snorlax|39\/100 par
|
|turn|61
|choice||
|
|move|p1a: Snorlax|Body Slam|p2a: Snorlax
|-damage|p2a: Snorlax|13\/100 par
|move|p2a: Snorlax|Rest|p2a: Snorlax
|-status|p2a: Snorlax|slp
|-heal|p2a: Snorlax|100\/100 slp|[silent]
|-status|p2a: Snorlax|slp|[from] move: Rest
|
|turn|62
|choice||
|
|switch|p2a: Gengar|Gengar|32\/100
|move|p1a: Snorlax|Body Slam|p2a: Gengar
|-immune|p2a: Gengar|[msg]
|
|turn|63
|choice||
|
|switch|p1a: Alakazam|Alakazam|69\/100
|move|p2a: Gengar|Hypnosis|p1a: Alakazam|[miss]
|-miss|p2a: Gengar
|
|turn|64
|choice||
|
|switch|p1a: Snorlax|Snorlax|87\/100
|switch|p2a: Alakazam|Alakazam|87\/100 par
|
|turn|65
|choice||
|
|switch|p2a: Dragonite|Dragonite|100\/100
|move|p1a: Snorlax|Body Slam|p2a: Dragonite
|-damage|p2a: Dragonite|71\/100
|
|turn|66
|choice||
|
|move|p2a: Dragonite|Wrap|p1a: Snorlax
|-damage|p1a: Snorlax|83\/100
|cant|p1a: Snorlax|partiallytrapped
|
|turn|67
|choice||
|
|switch|p1a: Tauros|Tauros|100\/100
|move|p2a: Dragonite|Wrap|p1a: Tauros
|-damage|p1a: Tauros|96\/100
|
|turn|68
|choice||
|
|cant|p1a: Tauros|partiallytrapped
|move|p2a: Dragonite|Wrap|p1a: Tauros|[from]Wrap
|-damage|p1a: Tauros|91\/100
|
|turn|69
|choice||
|
|switch|p2a: Jolteon|Jolteon|100\/100
|cant|p1a: Tauros|partiallytrapped
|
|turn|70
|choice||
|
|switch|p1a: Chansey|Chansey|84\/100 par
|move|p2a: Jolteon|Thunderbolt|p1a: Chansey
|-damage|p1a: Chansey|67\/100 par
|
|turn|71
|choice||
|
|move|p2a: Jolteon|Double Kick|p1a: Chansey
|-crit|p1a: Chansey
|-supereffective|p1a: Chansey
|-damage|p1a: Chansey|39\/100 par
|-damage|p1a: Chansey|10\/100 par
|-hitcount|p1a: Chansey|2
|move|p1a: Chansey|Soft-Boiled|p1a: Chansey
|-heal|p1a: Chansey|60\/100 par
|
|turn|72
|choice||
|
|move|p2a: Jolteon|Double Kick|p1a: Chansey
|-supereffective|p1a: Chansey
|-damage|p1a: Chansey|45\/100 par
|-damage|p1a: Chansey|31\/100 par
|-hitcount|p1a: Chansey|2
|move|p1a: Chansey|Soft-Boiled|p1a: Chansey
|-heal|p1a: Chansey|81\/100 par
|
|turn|73
|choice||
|
|switch|p2a: Snorlax|Snorlax|100\/100 slp
|move|p1a: Chansey|Thunder Wave|p2a: Snorlax
|-fail|p2a: Snorlax
|
|turn|74
|choice||
|
|switch|p2a: Dragonite|Dragonite|71\/100
|switch|p1a: Tauros|Tauros|91\/100
|
|turn|75
|choice||
|
|switch|p2a: Gengar|Gengar|32\/100
|move|p1a: Tauros|Blizzard|p2a: Gengar
|-damage|p2a: Gengar|14\/100
|
|turn|76
|c|★GlintGecko|man if u can risk a 25%
|c|★GlintGecko|why cant i
|c|★qht|-
|choice||
|
|switch|p1a: Alakazam|Alakazam|69\/100
|move|p2a: Gengar|Explosion|p1a: Alakazam
|-damage|p1a: Alakazam|0 fnt
|faint|p1a: Alakazam
|faint|p2a: Gengar
|choice||
|
|switch|p2a: Dragonite|Dragonite|71\/100
|switch|p1a: Snorlax|Snorlax|83\/100
|turn|77
|c|★GlintGecko|dam got me
|c|★GlintGecko|how do u play around this agaiin
|c|★GlintGecko|am i supposed to switch
|c|★qht|depends on the scenario
|c|★qht|ur playing me way too close for me to give tips mid game
|choice||
|
|move|p2a: Dragonite|Wrap|p1a: Snorlax
|-damage|p1a: Snorlax|80\/100
|cant|p1a: Snorlax|partiallytrapped
|
|turn|78
|c|★qht|:x
|c|★GlintGecko|:v
|c|★qht|:'v
|c|★GlintGecko|i was just remarking how skilled u were
|c|★GlintGecko|and then i matched u.
|c|★qht|who are u
|c|★qht|imo
|c|★GlintGecko|u prob dont know
|c|★GlintGecko|me
|c|★GlintGecko|moxieinfinite tho
|choice||
|
|switch|p1a: Tauros|Tauros|91\/100
|move|p2a: Dragonite|Wrap|p1a: Tauros|[miss]
|-miss|p2a: Dragonite
|
|turn|79
|c|★qht|demanding
|c|★qht|u reveal your identity
|c|★GlintGecko|lol after the game
|c|★qht|fine..
|choice||
|
|switch|p2a: Jolteon|Jolteon|100\/100
|move|p1a: Tauros|Body Slam|p2a: Jolteon
|-damage|p2a: Jolteon|57\/100
|
|turn|80
|j|MoxieInfinite
|choice||
|
|switch|p1a: Exeggutor|Exeggutor|93\/100
|move|p2a: Jolteon|Double Kick|p1a: Exeggutor
|-crit|p1a: Exeggutor
|-resisted|p1a: Exeggutor
|-damage|p1a: Exeggutor|88\/100
|-damage|p1a: Exeggutor|83\/100
|-hitcount|p1a: Exeggutor|2
|
|turn|81
|c| MoxieInfinite|★GlintGecko: moxieinfinite tho
|c| MoxieInfinite|.____.
|c| MoxieInfinite|whatd
|c| MoxieInfinite|i do
|choice||
|
|switch|p1a: Chansey|Chansey|81\/100 par
|move|p2a: Jolteon|Pin Missile|p1a: Chansey
|-damage|p1a: Chansey|78\/100 par
|-damage|p1a: Chansey|74\/100 par
|-damage|p1a: Chansey|71\/100 par
|-hitcount|p1a: Chansey|3
|
|turn|82
|c| MoxieInfinite|o_o
|choice||
|
|switch|p2a: Snorlax|Snorlax|100\/100 slp
|switch|p1a: Exeggutor|Exeggutor|83\/100
|
|turn|83
|choice||
|
|move|p1a: Exeggutor|Double-Edge|p2a: Snorlax
|-damage|p2a: Snorlax|81\/100 slp
|-damage|p1a: Exeggutor|77\/100|[from] recoil|[of] p2a: Snorlax
|cant|p2a: Snorlax|slp
|
|turn|84
|choice||
|
|switch|p2a: Dragonite|Dragonite|71\/100
|move|p1a: Exeggutor|Psychic|p2a: Dragonite
|-damage|p2a: Dragonite|38\/100
|
|turn|85
|choice||
|
|move|p2a: Dragonite|Wrap|p1a: Exeggutor
|-damage|p1a: Exeggutor|72\/100
|cant|p1a: Exeggutor|partiallytrapped
|
|turn|86
|c|★GlintGecko|this move is beyond my comprehension
|choice||
|
|switch|p1a: Tauros|Tauros|91\/100
|move|p2a: Dragonite|Wrap|p1a: Tauros
|-damage|p1a: Tauros|87\/100
|
|turn|87
|c|★qht|it's a pretty strong move, yea
|choice||
|
|switch|p1a: Starmie|Starmie|100\/100 par
|move|p2a: Dragonite|Wrap|p1a: Starmie|[miss]
|-miss|p2a: Dragonite
|
|turn|88
|choice||
|
|move|p2a: Dragonite|Wrap|p1a: Starmie
|-damage|p1a: Starmie|95\/100 par
|cant|p1a: Starmie|partiallytrapped
|
|turn|89
|c|★GlintGecko|!data wrap
|c|~|\/data-move Wrap

|choice||
|
|switch|p1a: Tauros|Tauros|87\/100
|move|p2a: Dragonite|Wrap|p1a: Tauros|[miss]
|-miss|p2a: Dragonite
|
|turn|90
|choice||
|
|switch|p2a: Snorlax|Snorlax|81\/100 slp
|move|p1a: Tauros|Body Slam|p2a: Snorlax
|-damage|p2a: Snorlax|56\/100 slp
|
|turn|91
|choice||
|
|move|p1a: Tauros|Body Slam|p2a: Snorlax
|-crit|p2a: Snorlax
|-damage|p2a: Snorlax|5\/100 slp
|-curestatus|p2a: Snorlax|slp
|
|turn|92
|c|★qht|ow
|c|★GlintGecko|soz.
|c|★qht|np.
|choice||
|
|switch|p2a: Tauros|Tauros|100\/100
|move|p1a: Tauros|Earthquake|p2a: Tauros
|-damage|p2a: Tauros|78\/100
|
|turn|93
|c|★GlintGecko|whoa why did i think there wsa supposed to be a rock somewhere
|c|★qht|jolteon is my rock type.
|c| MoxieInfinite|★GlintGecko: moxieinfinite tho
|c| MoxieInfinite|._______________________________________________________________________.
|c| MoxieInfinite|who are u
|c| MoxieInfinite|oO
|c|★qht|^
|c|★GlintGecko|god fucking dam this stupid fucking sht
|c|★qht|ikr
|c|★qht|dnite is so good lmao
|c|★GlintGecko|my mom rolled up sec
|c|★qht|how do i
|c|★qht|stop timer
|c|★qht|HELP
|c|★GlintGecko|no imgood
|choice||
|
|switch|p1a: Chansey|Chansey|71\/100 par
|move|p2a: Tauros|Body Slam|p1a: Chansey
|-damage|p1a: Chansey|31\/100 par
|
|turn|94
|c|★GlintGecko|oops
|c|★qht|the sac.
|c|★GlintGecko|well this is dead
|c|★GlintGecko|u know i dont even mind this move lmao
|choice||
|
|move|p2a: Tauros|Body Slam|p1a: Chansey
|-damage|p1a: Chansey|0 fnt
|faint|p1a: Chansey
|choice||
|
|switch|p1a: Exeggutor|Exeggutor|72\/100
|turn|95
|choice||
|
|switch|p2a: Alakazam|Alakazam|87\/100 par
|move|p1a: Exeggutor|Psychic|p2a: Alakazam
|-resisted|p2a: Alakazam
|-damage|p2a: Alakazam|71\/100 par
|
|turn|96
|choice||
|
|switch|p1a: Starmie|Starmie|95\/100 par
|move|p2a: Alakazam|Thunder Wave|p1a: Starmie
|-fail|p1a: Starmie|par
|
|turn|97
|choice||
|
|cant|p2a: Alakazam|par
|move|p1a: Starmie|Psychic|p2a: Alakazam
|-resisted|p2a: Alakazam
|-damage|p2a: Alakazam|58\/100 par
|
|turn|98
|choice||
|
|move|p2a: Alakazam|Recover|p2a: Alakazam
|-heal|p2a: Alakazam|100\/100 par
|move|p1a: Starmie|Psychic|p2a: Alakazam
|-resisted|p2a: Alakazam
|-damage|p2a: Alakazam|87\/100 par
|
|turn|99
|choice||
|
|cant|p2a: Alakazam|par
|cant|p1a: Starmie|par
|
|turn|100
|choice||
|
|move|p2a: Alakazam|Seismic Toss|p1a: Starmie|[miss]
|-miss|p2a: Alakazam
|cant|p1a: Starmie|par
|
|turn|101
|choice||
|
|cant|p2a: Alakazam|par
|move|p1a: Starmie|Blizzard|p2a: Alakazam
|-damage|p2a: Alakazam|62\/100 par
|
|turn|102
|choice||
|
|cant|p2a: Alakazam|par
|move|p1a: Starmie|Blizzard|p2a: Alakazam
|-crit|p2a: Alakazam
|-damage|p2a: Alakazam|18\/100 par
|
|turn|103
|choice||
|
|cant|p2a: Alakazam|par
|move|p1a: Starmie|Blizzard|p2a: Alakazam
|-crit|p2a: Alakazam
|-damage|p2a: Alakazam|0 fnt
|faint|p2a: Alakazam
|c|★GlintGecko|dam
|c|★qht|drats
|c|★qht|i twaved tho
|c|★qht|:P
|c|★GlintGecko|im not revealing my identity now
|c|★qht|cmon.
|c|★GlintGecko|yea some good people do that
|c|★GlintGecko|for da tauros
|choice||
|
|switch|p2a: Snorlax|Snorlax|5\/100
|turn|104
|choice||
|
|switch|p1a: Tauros|Tauros|87\/100
|move|p2a: Snorlax|Rest|p2a: Snorlax
|-status|p2a: Snorlax|slp
|-heal|p2a: Snorlax|100\/100 slp|[silent]
|-status|p2a: Snorlax|slp|[from] move: Rest
|
|turn|105
|j|Kel9901
|choice||
|
|switch|p2a: Jolteon|Jolteon|57\/100
|move|p1a: Tauros|Body Slam|p2a: Jolteon
|-damage|p2a: Jolteon|15\/100
|-status|p2a: Jolteon|par
|
|turn|106
|c|★qht|damn
|choice||
|
|move|p1a: Tauros|Body Slam|p2a: Jolteon
|-damage|p2a: Jolteon|0 fnt
|faint|p2a: Jolteon
|c|★qht|i went for it
|choice||
|
|switch|p2a: Tauros|Tauros|78\/100
|turn|107
|choice||
|
|switch|p1a: Snorlax|Snorlax|80\/100
|move|p2a: Tauros|Body Slam|p1a: Snorlax
|-crit|p1a: Snorlax
|-damage|p1a: Snorlax|32\/100
|
|turn|108
|choice||
|
|switch|p1a: Starmie|Starmie|95\/100 par
|move|p2a: Tauros|Body Slam|p1a: Starmie
|-damage|p1a: Starmie|61\/100 par
|
|turn|109
|l|MoxieInfinite
|j|JOHN PENA
|c| JOHN PENA|u suck kel
|c| JOHN PENA|oh kels not even battling
|l|JOHN PENA
|choice||
|
|move|p2a: Tauros|Hyper Beam|p1a: Starmie
|-damage|p1a: Starmie|0 fnt
|faint|p1a: Starmie
|c|★qht|damn kel just got told
|choice||
|
|switch|p1a: Exeggutor|Exeggutor|72\/100
|turn|110
|choice||
|
|switch|p2a: Snorlax|Snorlax|100\/100 slp
|move|p1a: Exeggutor|Sleep Powder|p2a: Snorlax
|-fail|p2a: Snorlax|slp
|
|turn|111
|choice||
|
|switch|p2a: Dragonite|Dragonite|38\/100
|move|p1a: Exeggutor|Sleep Powder|p2a: Dragonite
|-status|p2a: Dragonite|slp
|
|turn|112
|c|★GlintGecko|ok i knew i was a good player
|choice||
|
|-curestatus|p2a: Dragonite|slp
|move|p1a: Exeggutor|Psychic|p2a: Dragonite
|-damage|p2a: Dragonite|8\/100
|-unboost|p2a: Dragonite|spd|1
|-unboost|p2a: Dragonite|spa|1
|
|turn|113
|c|★qht|same
|choice||
|
|move|p2a: Dragonite|Wrap|p1a: Exeggutor
|-damage|p1a: Exeggutor|68\/100
|cant|p1a: Exeggutor|partiallytrapped
|
|turn|114
|l|Kel9901
|c|★GlintGecko|fucking meanie i dont even give a fuck anymore
|choice||
|
|switch|p1a: Snorlax|Snorlax|32\/100
|move|p2a: Dragonite|Wrap|p1a: Snorlax
|-damage|p1a: Snorlax|29\/100
|
|turn|115
|choice||
|
|move|p2a: Dragonite|Wrap|p1a: Snorlax|[from]Wrap
|-damage|p1a: Snorlax|25\/100
|cant|p1a: Snorlax|partiallytrapped
|
|turn|116
|c|★qht|you were supposed to switch tauros :(
|c|★GlintGecko|dude no wya
|c|★qht|after
|c|★qht|sleep hit
|c|★GlintGecko|ugh
|c|★GlintGecko|ur right.
|c|★GlintGecko|dam
|c|★GlintGecko|well
|c|★GlintGecko|i deserve to lose
|c|★GlintGecko|i learned something valuable tho
|c|★qht|me too
|c|★GlintGecko|when u play for misses and wakes
|c|★qht|i prob woulda psychiced too
|choice||
|
|move|p2a: Dragonite|Hyper Beam|p1a: Snorlax|[miss]
|-miss|p2a: Dragonite
|move|p1a: Snorlax|Body Slam|p2a: Dragonite
|-damage|p2a: Dragonite|0 fnt
|faint|p2a: Dragonite
|c|★qht|ah.
|choice||
|
|switch|p2a: Tauros|Tauros|78\/100
|turn|117
|choice||
|
|move|p2a: Tauros|Hyper Beam|p1a: Snorlax
|-damage|p1a: Snorlax|0 fnt
|faint|p1a: Snorlax
|choice||
|
|switch|p1a: Tauros|Tauros|87\/100
|turn|118
|c|★qht|?
|c|★GlintGecko|is this wrong
|c|★qht|hm
|c|★qht|maybe not
|c|★qht|probably correct i guess
|choice||
|
|move|p2a: Tauros|Body Slam|p1a: Tauros
|-damage|p1a: Tauros|57\/100
|move|p1a: Tauros|Body Slam|p2a: Tauros
|-crit|p2a: Tauros
|-damage|p2a: Tauros|23\/100
|
|turn|119
|c| Groudon80|enjoy your fall ladder down
|c|★GlintGecko|lmao.
|c|★qht|damn
|c|★qht|i got told.
|c|★GlintGecko|well im sorry at least
|c|★GlintGecko|fun midgame tho
|c|★qht|yeah
|choice||
|
|move|p2a: Tauros|Blizzard|p1a: Tauros
|-damage|p1a: Tauros|28\/100
|-status|p1a: Tauros|frz
|cant|p1a: Tauros|frz
|
|turn|120
|c|★qht|lmao
|c|★GlintGecko|o word
|c|★qht|im the best
|choice||
|
|switch|p2a: Snorlax|Snorlax|100\/100 slp
|cant|p1a: Tauros|frz
|
|turn|121
|choice||
|
|switch|p1a: Exeggutor|Exeggutor|68\/100
|cant|p2a: Snorlax|slp
|
|turn|122
|choice||
|
|move|p1a: Exeggutor|Psychic|p2a: Snorlax
|-damage|p2a: Snorlax|71\/100 slp
|-curestatus|p2a: Snorlax|slp
|
|turn|123
|choice||
|
|switch|p2a: Tauros|Tauros|23\/100
|move|p1a: Exeggutor|Sleep Powder|p2a: Tauros
|-status|p2a: Tauros|slp
|
|turn|124
|choice||
|
|switch|p2a: Snorlax|Snorlax|71\/100
|move|p1a: Exeggutor|Psychic|p2a: Snorlax
|-damage|p2a: Snorlax|39\/100
|-unboost|p2a: Snorlax|spd|1
|-unboost|p2a: Snorlax|spa|1
|
|turn|125
|c|★qht|GG
|c|★GlintGecko|gg
|choice||
|
|move|p1a: Exeggutor|Psychic|p2a: Snorlax
|-damage|p2a: Snorlax|0 fnt
|faint|p2a: Snorlax
|choice||
|
|switch|p2a: Tauros|Tauros|23\/100 slp
|turn|126
|choice||
|
|cant|p2a: Tauros|slp
|move|p1a: Exeggutor|Psychic|p2a: Tauros
|-damage|p2a: Tauros|0 fnt
|faint|p2a: Tauros
|
|win|GlintGecko
|player|p1
|player|p2
|raw|GlintGecko's rating: 1300 &rarr; <strong>1331<\/strong><br \/>(+31 for winning)
|raw|qht's rating: 1513 &rarr; <strong>1482<\/strong><br \/>(-31 for losing)