|join|oozz112452212
|join|Zorage
|player|p1|oozz112452212|293
|player|p2|Zorage|166
|gametype|singles
|gen|1
|tier|[Gen 1] Random Battle
|rated
|rule|Sleep Clause Mod: Limit one foe put to sleep
|rule|Freeze Clause Mod: Limit one foe frozen
|rule|HP Percentage Mod: HP is shown in percentages
|
|start
|switch|p1a: Nidoran-M|Nidoran-M, L96|283\/283
|switch|p2a: Golem|Golem, L79|288\/288
|turn|1
|
|switch|p1a: Butterfree|Butterfree, L90|291\/291
|move|p2a: Golem|Earthquake|p1a: Butterfree
|-immune|p1a: Butterfree|[msg]
|
|turn|2
|
|move|p1a: Butterfree|Mega Drain|p2a: Golem
|-supereffective|p2a: Golem
|-damage|p2a: Golem|136\/288
|move|p2a: Golem|Rock Slide|p1a: Butterfree
|-supereffective|p1a: Butterfree
|-damage|p1a: Butterfree|0 fnt
|faint|p1a: Butterfree
|
|switch|p1a: Kingler|Kingler, L85|267\/267
|turn|3
|join|upq
|
|switch|p2a: Chansey|Chansey, L79|557\/557
|move|p1a: Kingler|Swords Dance|p1a: Kingler
|-boost|p1a: Kingler|atk|2
|
|turn|4
|
|move|p1a: Kingler|Crabhammer|p2a: Chansey
|-crit|p2a: Chansey
|-damage|p2a: Chansey|436\/557
|move|p2a: Chansey|Counter|p1a: Kingler
|-fail|p2a: Chansey
|
|turn|5
|
|move|p1a: Kingler|Swords Dance|p1a: Kingler
|-boost|p1a: Kingler|atk|2
|move|p2a: Chansey|Soft-Boiled|p2a: Chansey
|-heal|p2a: Chansey|557\/557
|
|turn|6
|
|move|p1a: Kingler|Swords Dance|p1a: Kingler
|-boost|p1a: Kingler|atk|2
|move|p2a: Chansey|Counter|p1a: Kingler
|-fail|p2a: Chansey
|
|turn|7
|
|move|p1a: Kingler|Blizzard|p2a: Chansey
|-crit|p2a: Chansey
|-damage|p2a: Chansey|455\/557
|move|p2a: Chansey|Counter|p1a: Kingler
|-fail|p2a: Chansey
|
|turn|8
|
|move|p1a: Kingler|Crabhammer|p2a: Chansey
|-crit|p2a: Chansey
|-damage|p2a: Chansey|340\/557
|move|p2a: Chansey|Reflect|p2a: Chansey
|-start|p2a: Chansey|Reflect
|
|turn|9
|c|★oozz112452212|ffs
|c|★oozz112452212|we'll be here all day
|
|move|p1a: Kingler|Crabhammer|p2a: Chansey
|-crit|p2a: Chansey
|-damage|p2a: Chansey|217\/557
|move|p2a: Chansey|Soft-Boiled|p2a: Chansey
|-heal|p2a: Chansey|495\/557
|
|turn|10
|c|★Zorage|No physic move ?
|
|move|p1a: Kingler|Blizzard|p2a: Chansey
|-damage|p2a: Chansey|442\/557
|move|p2a: Chansey|Ice Beam|p1a: Kingler
|-resisted|p1a: Kingler
|-damage|p1a: Kingler|225\/267
|
|turn|11
|c|★oozz112452212|that's a negative
|
|move|p1a: Kingler|Blizzard|p2a: Chansey
|-damage|p2a: Chansey|382\/557
|move|p2a: Chansey|Ice Beam|p1a: Kingler
|-crit|p1a: Kingler
|-resisted|p1a: Kingler
|-damage|p1a: Kingler|145\/267
|
|turn|12
|
|move|p1a: Kingler|Blizzard|p2a: Chansey
|-damage|p2a: Chansey|329\/557
|move|p2a: Chansey|Soft-Boiled|p2a: Chansey
|-heal|p2a: Chansey|557\/557
|
|turn|13
|
|move|p1a: Kingler|Blizzard|p2a: Chansey
|-damage|p2a: Chansey|499\/557
|move|p2a: Chansey|Ice Beam|p1a: Kingler
|-resisted|p1a: Kingler
|-damage|p1a: Kingler|105\/267
|
|turn|14
|
|move|p1a: Kingler|Blizzard|p2a: Chansey
|-damage|p2a: Chansey|438\/557
|move|p2a: Chansey|Ice Beam|p1a: Kingler
|-resisted|p1a: Kingler
|-damage|p1a: Kingler|65\/267
|
|turn|15
|c|★oozz112452212|freeeeeeeeeeeezzzzzzzzeeeeeee
|
|move|p1a: Kingler|Blizzard|p2a: Chansey
|-damage|p2a: Chansey|380\/557
|move|p2a: Chansey|Ice Beam|p1a: Kingler
|-crit|p1a: Kingler
|-resisted|p1a: Kingler
|-damage|p1a: Kingler|0 fnt
|faint|p1a: Kingler
|
|switch|p1a: Nidoran-M|Nidoran-M, L96|283\/283
|turn|16
|c|★Zorage|No
|
|move|p1a: Nidoran-M|Double-Edge|p2a: Chansey
|-damage|p2a: Chansey|289\/557
|-damage|p1a: Nidoran-M|261\/283|[from] recoil|[of] p2a: Chansey
|move|p2a: Chansey|Counter|p1a: Nidoran-M
|-damage|p1a: Nidoran-M|79\/283
|
|turn|17
|c|★oozz112452212|gosh darn it
|
|move|p1a: Nidoran-M|Substitute|p1a: Nidoran-M
|-start|p1a: Nidoran-M|Substitute
|-damage|p1a: Nidoran-M|9\/283
|move|p2a: Chansey|Soft-Boiled|p2a: Chansey
|-heal|p2a: Chansey|557\/557
|
|turn|18
|
|move|p1a: Nidoran-M|Rest|p1a: Nidoran-M
|-status|p1a: Nidoran-M|slp
|-heal|p1a: Nidoran-M|283\/283 slp|[silent]
|-status|p1a: Nidoran-M|slp|[from] move: Rest
|move|p2a: Chansey|Ice Beam|p1a: Nidoran-M
|-end|p1a: Nidoran-M|Substitute
|
|turn|19
|
|cant|p1a: Nidoran-M|slp
|move|p2a: Chansey|Ice Beam|p1a: Nidoran-M
|-damage|p1a: Nidoran-M|194\/283 slp
|
|turn|20
|
|-curestatus|p1a: Nidoran-M|slp
|move|p2a: Chansey|Ice Beam|p1a: Nidoran-M
|-crit|p1a: Nidoran-M
|-damage|p1a: Nidoran-M|21\/283
|
|turn|21
|
|move|p1a: Nidoran-M|Leer|p2a: Chansey
|-unboost|p2a: Chansey|def|1
|move|p2a: Chansey|Ice Beam|p1a: Nidoran-M
|-damage|p1a: Nidoran-M|0 fnt
|faint|p1a: Nidoran-M
|
|switch|p1a: Graveler|Graveler, L85|267\/267
|turn|22
|
|move|p1a: Graveler|Earthquake|p2a: Chansey
|-damage|p2a: Chansey|340\/557
|move|p2a: Chansey|Counter|p1a: Graveler
|-fail|p2a: Chansey
|
|turn|23
|
|move|p1a: Graveler|Earthquake|p2a: Chansey
|-damage|p2a: Chansey|126\/557
|move|p2a: Chansey|Counter|p1a: Graveler
|-fail|p2a: Chansey
|
|turn|24
|
|move|p2a: Chansey|Ice Beam|p1a: Graveler
|-supereffective|p1a: Graveler
|-damage|p1a: Graveler|93\/267
|move|p1a: Graveler|Earthquake|p2a: Chansey
|-damage|p2a: Chansey|0 fnt
|faint|p2a: Chansey
|
|switch|p2a: Weepinbell|Weepinbell, L85|284\/284
|turn|25
|
|move|p2a: Weepinbell|Razor Leaf|p1a: Graveler
|-crit|p1a: Graveler
|-supereffective|p1a: Graveler
|-damage|p1a: Graveler|0 fnt
|faint|p1a: Graveler
|
|switch|p1a: Charmeleon|Charmeleon, L85|272\/272
|turn|26
|
|switch|p2a: Hypno|Hypno, L85|318\/318
|move|p1a: Charmeleon|Swords Dance|p1a: Charmeleon
|-boost|p1a: Charmeleon|atk|2
|
|turn|27
|
|move|p1a: Charmeleon|Fire Blast|p2a: Hypno
|-damage|p2a: Hypno|239\/318
|move|p2a: Hypno|Counter|p1a: Charmeleon
|-fail|p2a: Hypno
|
|turn|28
|
|move|p1a: Charmeleon|Substitute|p1a: Charmeleon
|-start|p1a: Charmeleon|Substitute
|-damage|p1a: Charmeleon|204\/272
|move|p2a: Hypno|Thunder Wave|p1a: Charmeleon
|-status|p1a: Charmeleon|par
|
|turn|29
|
|move|p2a: Hypno|Psychic|p1a: Charmeleon
|-end|p1a: Charmeleon|Substitute
|move|p1a: Charmeleon|Fire Blast|p2a: Hypno
|-damage|p2a: Hypno|155\/318
|
|turn|30
|
|move|p2a: Hypno|Psychic|p1a: Charmeleon
|-damage|p1a: Charmeleon|66\/272 par
|move|p1a: Charmeleon|Fire Blast|p2a: Hypno
|-damage|p2a: Hypno|63\/318
|
|turn|31
|
|move|p2a: Hypno|Rest|p2a: Hypno
|-fail|p2a: Hypno
|move|p1a: Charmeleon|Submission|p2a: Hypno
|-resisted|p2a: Hypno
|-damage|p2a: Hypno|13\/318
|-damage|p1a: Charmeleon|54\/272 par|[from] recoil|[of] p2a: Hypno
|
|turn|32
|
|move|p2a: Hypno|Rest|p2a: Hypno
|-status|p2a: Hypno|slp
|-heal|p2a: Hypno|318\/318 slp|[silent]
|-status|p2a: Hypno|slp|[from] move: Rest
|move|p1a: Charmeleon|Submission|p2a: Hypno
|-resisted|p2a: Hypno
|-damage|p2a: Hypno|270\/318 slp
|-damage|p1a: Charmeleon|42\/272 par|[from] recoil|[of] p2a: Hypno
|
|turn|33
|c|★Zorage|255 HP glitch
|
|cant|p2a: Hypno|slp
|move|p1a: Charmeleon|Fire Blast|p2a: Hypno
|-damage|p2a: Hypno|181\/318 slp
|
|turn|34
|
|-curestatus|p2a: Hypno|slp
|move|p1a: Charmeleon|Fire Blast|p2a: Hypno
|-damage|p2a: Hypno|102\/318
|
|turn|35
|
|move|p2a: Hypno|Psychic|p1a: Charmeleon
|-damage|p1a: Charmeleon|0 fnt
|faint|p1a: Charmeleon
|
|switch|p1a: Persian|Persian, L79|265\/265
|turn|36
|
|move|p1a: Persian|Slash|p2a: Hypno
|-crit|p2a: Hypno
|-damage|p2a: Hypno|0 fnt
|faint|p2a: Hypno
|
|switch|p2a: Golem|Golem, L79|136\/288
|turn|37
|
|move|p1a: Persian|Slash|p2a: Golem
|-crit|p2a: Golem
|-resisted|p2a: Golem
|-damage|p2a: Golem|94\/288
|move|p2a: Golem|Explosion|p1a: Persian
|-crit|p1a: Persian
|-damage|p1a: Persian|0 fnt
|faint|p1a: Persian
|faint|p2a: Golem
|
|win|Zorage
|raw|oozz112452212's rating: 1062 &rarr; <strong>1042<\/strong><br \/>(-20 for losing)
|raw|Zorage's rating: 1059 &rarr; <strong>1090<\/strong><br \/>(+31 for winning)
|leave|oozz112452212
|player|p1