|join|Zank
|join|yaldyyyy
|player|p1|Zank|1
|player|p2|yaldyyyy|1
|gametype|singles
|gen|1
|tier|[Gen 1] Random Battle
|rated
|rule|Sleep Clause Mod: Limit one foe put to sleep
|rule|Freeze Clause Mod: Limit one foe frozen
|rule|HP Percentage Mod: HP is shown in percentages
|
|start
|switch|p1a: Gastly|Gastly, L96|252\/252
|switch|p2a: Bulbasaur|Bulbasaur, L96|281\/281
|turn|1
|
|move|p1a: Gastly|Psychic|p2a: Bulbasaur
|-supereffective|p2a: Bulbasaur
|-damage|p2a: Bulbasaur|111\/281
|move|p2a: Bulbasaur|Swords Dance|p2a: Bulbasaur
|-boost|p2a: Bulbasaur|atk|2
|
|turn|2
|
|move|p1a: Gastly|Psychic|p2a: Bulbasaur
|-crit|p2a: Bulbasaur
|-supereffective|p2a: Bulbasaur
|-damage|p2a: Bulbasaur|0 fnt
|faint|p2a: Bulbasaur
|
|switch|p2a: Rhydon|Rhydon, L79|328\/328
|turn|3
|
|move|p1a: Gastly|Mega Drain|p2a: Rhydon
|-supereffective|p2a: Rhydon
|-damage|p2a: Rhydon|105\/328
|move|p2a: Rhydon|Earthquake|p1a: Gastly
|-supereffective|p1a: Gastly
|-damage|p1a: Gastly|0 fnt
|faint|p1a: Gastly
|
|switch|p1a: Blastoise|Blastoise, L85|308\/308
|turn|4
|
|switch|p2a: Mew|Mew, L74|300\/300
|move|p1a: Blastoise|Surf|p2a: Mew
|-damage|p2a: Mew|200\/300
|
|turn|5
|
|move|p2a: Mew|Thunderbolt|p1a: Blastoise
|-supereffective|p1a: Blastoise
|-damage|p1a: Blastoise|193\/308
|move|p1a: Blastoise|Earthquake|p2a: Mew
|-damage|p2a: Mew|130\/300
|
|turn|6
|
|switch|p1a: Abra|Abra, L96|243\/243
|move|p2a: Mew|Thunderbolt|p1a: Abra
|-damage|p1a: Abra|198\/243
|-status|p1a: Abra|par
|
|turn|7
|
|move|p2a: Mew|Earthquake|p1a: Abra
|-damage|p1a: Abra|100\/243 par
|move|p1a: Abra|Seismic Toss|p2a: Mew
|-damage|p2a: Mew|34\/300
|
|turn|8
|
|move|p2a: Mew|Horn Drill|p1a: Abra|[miss]
|-miss|p2a: Mew
|cant|p1a: Abra|par
|
|turn|9
|
|move|p2a: Mew|Horn Drill|p1a: Abra|[miss]
|-miss|p2a: Mew
|move|p1a: Abra|Seismic Toss|p2a: Mew
|-damage|p2a: Mew|0 fnt
|faint|p2a: Mew
|
|switch|p2a: Cloyster|Cloyster, L83|253\/253
|turn|10
|
|move|p2a: Cloyster|Blizzard|p1a: Abra
|-crit|p1a: Abra
|-damage|p1a: Abra|0 fnt
|faint|p1a: Abra
|
|switch|p1a: Gengar|Gengar, L79|257\/257
|turn|11
|
|switch|p2a: Rhydon|Rhydon, L79|105\/328
|move|p1a: Gengar|Thunderbolt|p2a: Rhydon
|-immune|p2a: Rhydon|[msg]
|
|turn|12
|
|move|p1a: Gengar|Psychic|p2a: Rhydon
|-damage|p2a: Rhydon|7\/328
|move|p2a: Rhydon|Earthquake|p1a: Gengar
|-supereffective|p1a: Gengar
|-damage|p1a: Gengar|0 fnt
|faint|p1a: Gengar
|
|switch|p1a: Blastoise|Blastoise, L85|193\/308
|turn|13
|
|switch|p2a: Dragonite|Dragonite, L85|328\/328
|move|p1a: Blastoise|Earthquake|p2a: Dragonite
|-immune|p2a: Dragonite|[msg]
|
|turn|14
|
|move|p2a: Dragonite|Thunderbolt|p1a: Blastoise
|-crit|p1a: Blastoise
|-supereffective|p1a: Blastoise
|-damage|p1a: Blastoise|0 fnt
|faint|p1a: Blastoise
|
|switch|p1a: Alakazam|Alakazam, L79|249\/249
|turn|15
|
|move|p1a: Alakazam|Seismic Toss|p2a: Dragonite
|-damage|p2a: Dragonite|249\/328
|move|p2a: Dragonite|Body Slam|p1a: Alakazam
|-damage|p1a: Alakazam|120\/249
|
|turn|16
|
|move|p1a: Alakazam|Reflect|p1a: Alakazam
|-start|p1a: Alakazam|Reflect
|move|p2a: Dragonite|Body Slam|p1a: Alakazam
|-damage|p1a: Alakazam|57\/249
|-status|p1a: Alakazam|par
|
|turn|17
|
|move|p2a: Dragonite|Surf|p1a: Alakazam
|-damage|p1a: Alakazam|0 fnt
|faint|p1a: Alakazam
|
|switch|p1a: Omastar|Omastar, L85|293\/293
|turn|18
|
|switch|p2a: Cloyster|Cloyster, L83|253\/253
|move|p1a: Omastar|Blizzard|p2a: Cloyster
|-resisted|p2a: Cloyster
|-damage|p2a: Cloyster|227\/253
|
|turn|19
|
|move|p2a: Cloyster|Toxic|p1a: Omastar
|-status|p1a: Omastar|tox
|move|p1a: Omastar|Surf|p2a: Cloyster
|-resisted|p2a: Cloyster
|-damage|p2a: Cloyster|163\/253
|-damage|p1a: Omastar|275\/293 tox|[from] tox|[of] p2a: Cloyster
|
|turn|20
|
|move|p2a: Cloyster|Explosion|p1a: Omastar
|-resisted|p1a: Omastar
|-damage|p1a: Omastar|188\/293 tox
|faint|p2a: Cloyster
|
|switch|p2a: Metapod|Metapod, L99|300\/300
|turn|21
|
|move|p1a: Omastar|Surf|p2a: Metapod
|-crit|p2a: Metapod
|-damage|p2a: Metapod|0 fnt
|faint|p2a: Metapod
|
|switch|p2a: Rhydon|Rhydon, L79|7\/328
|turn|22
|
|move|p1a: Omastar|Surf|p2a: Rhydon
|-supereffective|p2a: Rhydon
|-damage|p2a: Rhydon|0 fnt
|faint|p2a: Rhydon
|
|switch|p2a: Dragonite|Dragonite, L85|249\/328
|turn|23
|
|move|p2a: Dragonite|Body Slam|p1a: Omastar
|-resisted|p1a: Omastar
|-damage|p1a: Omastar|157\/293 tox
|move|p1a: Omastar|Blizzard|p2a: Dragonite
|-supereffective|p2a: Dragonite
|-damage|p2a: Dragonite|0 fnt
|faint|p2a: Dragonite
|
|win|Zank
|raw|Ladder updating...
|raw|Zank's rating: 1295 &rarr; <strong>1308<\/strong><br \/>(+13 for winning)
|raw|yaldyyyy's rating: 1112 &rarr; <strong>1099<\/strong><br \/>(-13 for losing)
|leave|yaldyyyy
|player|p2
|c|★Zank|How did I win?