|j|TonyRBY
|j|Pr0n Snow
|player|p1|TonyRBY|38
|player|p2|Pr0n Snow|96
|gametype|singles
|gen|1
|tier|[Gen 1] OU
|rated
|seed|47514,63474,59659,26864
|rule|Sleep Clause Mod: Limit one foe put to sleep
|rule|Freeze Clause Mod: Limit one foe frozen
|rule|Species Clause: Limit one of each Pokémon
|rule|OHKO Clause: OHKO moves are banned
|rule|Evasion Moves Clause: Evasion moves are banned
|rule|HP Percentage Mod: HP is shown in percentages
|
|start
|switch|p1a: Chansey|Chansey|703\/703
|switch|p2a: Sandslash|Sandslash|353\/353
|turn|1
|choice|move 2|move 3
|
|move|p2a: Sandslash|Swords Dance|p2a: Sandslash
|-boost|p2a: Sandslash|atk|2
|move|p1a: Chansey|Ice Beam|p2a: Sandslash
|-supereffective|p2a: Sandslash
|-damage|p2a: Sandslash|133\/353
|
|turn|2
|choice|move 2|move 1
|
|move|p2a: Sandslash|Earthquake|p1a: Chansey
|-damage|p1a: Chansey|83\/703
|move|p1a: Chansey|Ice Beam|p2a: Sandslash
|-supereffective|p2a: Sandslash
|-damage|p2a: Sandslash|0 fnt
|faint|p2a: Sandslash
|choice||switch 4
|
|switch|p2a: Vaporeon|Vaporeon|463\/463
|turn|3
|choice|switch 4|move 3
|
|switch|p1a: Snorlax|Snorlax|523\/523
|move|p2a: Vaporeon|Surf|p1a: Snorlax
|-damage|p1a: Snorlax|357\/523
|
|turn|4
|choice|move 3|move 1
|
|move|p2a: Vaporeon|Acid Armor|p2a: Vaporeon
|-boost|p2a: Vaporeon|def|2
|move|p1a: Snorlax|Amnesia|p1a: Snorlax
|-boost|p1a: Snorlax|spd|2
|-boost|p1a: Snorlax|spa|2
|
|turn|5
|choice|move 3|move 1
|
|move|p2a: Vaporeon|Acid Armor|p2a: Vaporeon
|-boost|p2a: Vaporeon|def|2
|move|p1a: Snorlax|Amnesia|p1a: Snorlax
|-boost|p1a: Snorlax|spd|2
|-boost|p1a: Snorlax|spa|2
|
|turn|6
|choice|move 3|move 2
|
|move|p2a: Vaporeon|Ice Beam|p1a: Snorlax
|-damage|p1a: Snorlax|321\/523
|move|p1a: Snorlax|Amnesia|p1a: Snorlax
|-boost|p1a: Snorlax|spd|2
|-boost|p1a: Snorlax|spa|2
|
|turn|7
|choice|move 1|move 2
|
|move|p2a: Vaporeon|Ice Beam|p1a: Snorlax
|-damage|p1a: Snorlax|295\/523
|move|p1a: Snorlax|Blizzard|p2a: Vaporeon
|-crit|p2a: Vaporeon
|-resisted|p2a: Vaporeon
|-damage|p2a: Vaporeon|393\/463
|
|turn|8
|choice|move 1|move 2
|
|move|p2a: Vaporeon|Ice Beam|p1a: Snorlax
|-crit|p1a: Snorlax
|-damage|p1a: Snorlax|93\/523
|-status|p1a: Snorlax|frz
|cant|p1a: Snorlax|frz
|
|turn|9
|choice|move 1|move 1
|
|move|p2a: Vaporeon|Acid Armor|p2a: Vaporeon
|-boost|p2a: Vaporeon|def|2
|cant|p1a: Snorlax|frz
|
|turn|10
|choice|move 1|move 3
|
|move|p2a: Vaporeon|Surf|p1a: Snorlax
|-damage|p1a: Snorlax|52\/523 frz
|cant|p1a: Snorlax|frz
|
|turn|11
|choice|move 1|move 3
|
|move|p2a: Vaporeon|Surf|p1a: Snorlax
|-damage|p1a: Snorlax|13\/523 frz
|cant|p1a: Snorlax|frz
|
|turn|12
|choice|move 1|move 3
|
|move|p2a: Vaporeon|Surf|p1a: Snorlax
|-crit|p1a: Snorlax
|-damage|p1a: Snorlax|0 fnt
|faint|p1a: Snorlax
|choice|switch 2|
|
|switch|p1a: Alakazam|Alakazam|313\/313
|turn|13
|choice|move 2|move 2
|
|move|p1a: Alakazam|Thunder Wave|p2a: Vaporeon
|-status|p2a: Vaporeon|par
|move|p2a: Vaporeon|Ice Beam|p1a: Alakazam
|-damage|p1a: Alakazam|243\/313
|
|turn|14
|choice|switch 3|move 2
|
|switch|p1a: Gengar|Gengar|323\/323
|move|p2a: Vaporeon|Ice Beam|p1a: Gengar
|-damage|p1a: Gengar|258\/323
|
|turn|15
|choice|move 2|move 3
|
|move|p1a: Gengar|Confuse Ray|p2a: Vaporeon
|-start|p2a: Vaporeon|confusion
|-activate|p2a: Vaporeon|confusion
|-damage|p2a: Vaporeon|383\/463 par|[from] confusion
|
|turn|16
|choice|move 1|move 3
|
|move|p1a: Gengar|Thunderbolt|p2a: Vaporeon
|-crit|p2a: Vaporeon
|-supereffective|p2a: Vaporeon
|-damage|p2a: Vaporeon|75\/463 par
|-activate|p2a: Vaporeon|confusion
|move|p2a: Vaporeon|Surf|p1a: Gengar
|-damage|p1a: Gengar|155\/323
|
|turn|17
|choice|move 1|switch 3
|
|switch|p2a: Exeggutor|Exeggutor|393\/393
|move|p1a: Gengar|Thunderbolt|p2a: Exeggutor
|-resisted|p2a: Exeggutor
|-damage|p2a: Exeggutor|356\/393
|
|turn|18
|choice|switch 3|move 2
|
|switch|p1a: Alakazam|Alakazam|243\/313
|move|p2a: Exeggutor|Psychic|p1a: Alakazam
|-resisted|p1a: Alakazam
|-damage|p1a: Alakazam|196\/313
|
|turn|19
|choice|move 2|move 3
|
|move|p1a: Alakazam|Thunder Wave|p2a: Exeggutor
|-status|p2a: Exeggutor|par
|move|p2a: Exeggutor|Sleep Powder|p1a: Alakazam
|-status|p1a: Alakazam|slp
|
|turn|20
|choice|switch 3|switch 6
|
|switch|p1a: Gengar|Gengar|155\/323
|switch|p2a: Tauros|Tauros|353\/353
|
|turn|21
|choice|move 2|move 2
|
|move|p1a: Gengar|Confuse Ray|p2a: Tauros
|-start|p2a: Tauros|confusion
|-activate|p2a: Tauros|confusion
|-damage|p2a: Tauros|317\/353|[from] confusion
|
|turn|22
|choice|move 1|move 2
|
|move|p1a: Gengar|Thunderbolt|p2a: Tauros
|-damage|p2a: Tauros|207\/353
|-activate|p2a: Tauros|confusion
|move|p2a: Tauros|Earthquake|p1a: Gengar
|-crit|p1a: Gengar
|-supereffective|p1a: Gengar
|-damage|p1a: Gengar|0 fnt
|faint|p1a: Gengar
|choice|switch 5|
|
|switch|p1a: Tauros|Tauros|353\/353
|turn|23
|choice|move 1|move 1
|
|move|p1a: Tauros|Body Slam|p2a: Tauros
|-damage|p2a: Tauros|95\/353
|-activate|p2a: Tauros|confusion
|-damage|p2a: Tauros|59\/353|[from] confusion
|
|turn|24
|choice|move 1|move 1
|
|-end|p2a: Tauros|confusion
|move|p2a: Tauros|Body Slam|p1a: Tauros
|-crit|p1a: Tauros
|-damage|p1a: Tauros|165\/353
|move|p1a: Tauros|Body Slam|p2a: Tauros
|-crit|p2a: Tauros
|-damage|p2a: Tauros|0 fnt
|faint|p2a: Tauros
|choice||switch 6
|
|switch|p2a: Exeggutor|Exeggutor|356\/393 par
|turn|25
|choice|switch 3|move 2
|
|switch|p1a: Alakazam|Alakazam|196\/313 slp
|move|p2a: Exeggutor|Psychic|p1a: Alakazam
|-resisted|p1a: Alakazam
|-damage|p1a: Alakazam|145\/313 slp
|
|turn|26
|choice|move 1|move 2
|
|cant|p1a: Alakazam|slp
|move|p2a: Exeggutor|Psychic|p1a: Alakazam
|-resisted|p1a: Alakazam
|-damage|p1a: Alakazam|98\/313 slp
|
|turn|27
|choice|move 1|move 2
|
|cant|p1a: Alakazam|slp
|move|p2a: Exeggutor|Psychic|p1a: Alakazam
|-resisted|p1a: Alakazam
|-damage|p1a: Alakazam|51\/313 slp
|
|turn|28
|choice|move 1|move 2
|
|-curestatus|p1a: Alakazam|slp
|move|p2a: Exeggutor|Psychic|p1a: Alakazam
|-crit|p1a: Alakazam
|-resisted|p1a: Alakazam
|-damage|p1a: Alakazam|0 fnt
|faint|p1a: Alakazam
|choice|switch 4|
|
|switch|p1a: Chansey|Chansey|83\/703
|turn|29
|choice|move 2|move 1
|
|move|p1a: Chansey|Ice Beam|p2a: Exeggutor|[miss]
|-miss|p1a: Chansey
|move|p2a: Exeggutor|Explosion|p1a: Chansey
|-damage|p1a: Chansey|0 fnt
|faint|p1a: Chansey
|faint|p2a: Exeggutor
|choice|switch 3|switch 2
|
|switch|p1a: Tauros|Tauros|165\/353
|switch|p2a: Chansey|Chansey|703\/703
|turn|30
|choice|move 3|move 3
|
|move|p1a: Tauros|Earthquake|p2a: Chansey
|-damage|p2a: Chansey|477\/703
|move|p2a: Chansey|Thunder Wave|p1a: Tauros
|-status|p1a: Tauros|par
|
|turn|31
|choice|move 2|move 1
|
|move|p2a: Chansey|Ice Beam|p1a: Tauros
|-damage|p1a: Tauros|73\/353 par
|cant|p1a: Tauros|par
|
|turn|32
|choice|move 2|move 1
|
|move|p2a: Chansey|Ice Beam|p1a: Tauros
|-damage|p1a: Tauros|0 fnt
|faint|p1a: Tauros
|choice|switch 6|
|
|switch|p1a: Golem|Golem|363\/363
|turn|33
|choice|move 1|move 1
|
|move|p2a: Chansey|Ice Beam|p1a: Golem
|-supereffective|p1a: Golem
|-damage|p1a: Golem|135\/363
|-status|p1a: Golem|frz
|cant|p1a: Golem|frz
|
|turn|34
|c|★Pr0n Snow|gg
|-message|TonyRBY forfeited.
|
|win|Pr0n Snow
|player|p1
|player|p2
|raw|TonyRBY's rating: 1322 &rarr; <strong>1300<\/strong><br \/>(-22 for losing)
|raw|Pr0n Snow's rating: 1280 &rarr; <strong>1308<\/strong><br \/>(+28 for winning)