|join|kdshg
|join|MALESANI
|player|p1|kdshg|169
|player|p2|MALESANI|238
|gametype|singles
|gen|1
|tier|[Gen 1] Random Battle
|rated
|seed|32797,64826,52778,22454
|rule|Sleep Clause Mod: Limit one foe put to sleep
|rule|Freeze Clause Mod: Limit one foe frozen
|rule|HP Percentage Mod: HP is shown in percentages
|
|start
|switch|p1a: Kabuto|Kabuto, L96|252\/252
|switch|p2a: Sandslash|Sandslash, L85|301\/301
|turn|1
|choice|move 2|switch 6
|
|switch|p2a: Clefable|Clefable, L85|335\/335
|move|p1a: Kabuto|Swords Dance|p1a: Kabuto
|-boost|p1a: Kabuto|atk|2
|
|turn|2
|choice|move 4|move 4
|
|move|p1a: Kabuto|Surf|p2a: Clefable
|-damage|p2a: Clefable|244\/335
|move|p2a: Clefable|Thunderbolt|p1a: Kabuto
|-supereffective|p1a: Kabuto
|-damage|p1a: Kabuto|100\/252
|
|turn|3
|choice|move 1|move 3
|
|move|p1a: Kabuto|Body Slam|p2a: Clefable
|-damage|p2a: Clefable|97\/335
|move|p2a: Clefable|Thunder Wave|p1a: Kabuto
|-status|p1a: Kabuto|par
|
|turn|4
|choice|move 1|move 4
|
|move|p2a: Clefable|Thunderbolt|p1a: Kabuto
|-supereffective|p1a: Kabuto
|-damage|p1a: Kabuto|0 fnt
|faint|p1a: Kabuto
|choice|switch 3|
|
|switch|p1a: Magneton|Magneton, L90|273\/273
|turn|5
|choice|move 1|move 3
|
|move|p1a: Magneton|Thunderbolt|p2a: Clefable
|-crit|p2a: Clefable
|-damage|p2a: Clefable|0 fnt
|faint|p2a: Clefable
|choice||switch 6
|
|switch|p2a: Sandslash|Sandslash, L85|301\/301
|turn|6
|choice|switch 5|move 3
|
|switch|p1a: Kangaskhan|Kangaskhan, L85|352\/352
|move|p2a: Sandslash|Body Slam|p1a: Kangaskhan
|-damage|p1a: Kangaskhan|288\/352
|
|turn|7
|choice|move 3|switch 5
|
|switch|p2a: Venomoth|Venomoth, L85|293\/293
|move|p1a: Kangaskhan|Surf|p2a: Venomoth
|-damage|p2a: Venomoth|251\/293
|
|turn|8
|choice|move 1|move 3
|
|move|p2a: Venomoth|Stun Spore|p1a: Kangaskhan
|-status|p1a: Kangaskhan|par
|move|p1a: Kangaskhan|Body Slam|p2a: Venomoth
|-damage|p2a: Venomoth|130\/293
|
|turn|9
|choice|move 1|move 4
|
|move|p2a: Venomoth|Psychic|p1a: Kangaskhan
|-damage|p1a: Kangaskhan|187\/352 par
|-unboost|p1a: Kangaskhan|spd|1
|-unboost|p1a: Kangaskhan|spa|1
|move|p1a: Kangaskhan|Body Slam|p2a: Venomoth
|-damage|p2a: Venomoth|22\/293
|
|turn|10
|choice|move 1|move 4
|
|move|p2a: Venomoth|Psychic|p1a: Kangaskhan
|-crit|p1a: Kangaskhan
|-damage|p1a: Kangaskhan|5\/352 par
|-unboost|p1a: Kangaskhan|spd|1
|-unboost|p1a: Kangaskhan|spa|1
|cant|p1a: Kangaskhan|par
|
|turn|11
|choice|move 1|move 1
|
|move|p2a: Venomoth|Mega Drain|p1a: Kangaskhan
|-damage|p1a: Kangaskhan|0 fnt
|-heal|p2a: Venomoth|24\/293|[from] drain|[of] p1a: Kangaskhan
|faint|p1a: Kangaskhan
|choice|switch 5|
|
|switch|p1a: Magneton|Magneton, L90|273\/273
|turn|12
|choice|move 2|switch 5
|
|switch|p2a: Sandslash|Sandslash, L85|301\/301
|move|p1a: Magneton|Hyper Beam|p2a: Sandslash
|-damage|p2a: Sandslash|225\/301
|
|turn|13
|-mustrecharge|p1a: Magneton
|-mustrecharge|p1a: Magneton
|choice|move 1|move 1
|
|cant|p1a: Magneton|recharge
|move|p2a: Sandslash|Earthquake|p1a: Magneton
|-crit|p1a: Magneton
|-supereffective|p1a: Magneton
|-damage|p1a: Magneton|0 fnt
|faint|p1a: Magneton
|choice|switch 4|
|
|switch|p1a: Mr. Mime|Mr. Mime, L85|242\/242
|turn|14
|choice|move 1|switch 3
|
|switch|p2a: Jolteon|Jolteon, L79|265\/265
|move|p1a: Mr. Mime|Seismic Toss|p2a: Jolteon
|-damage|p2a: Jolteon|180\/265
|
|turn|15
|choice|switch 2|move 3
|
|switch|p1a: Rhydon|Rhydon, L79|328\/328
|move|p2a: Jolteon|Thunder Wave|p1a: Rhydon
|-immune|p1a: Rhydon|[msg]
|
|turn|16
|choice|move 4|switch 4
|
|switch|p2a: Aerodactyl|Aerodactyl, L90|327\/327
|move|p1a: Rhydon|Earthquake|p2a: Aerodactyl
|-immune|p2a: Aerodactyl|[msg]
|
|turn|17
|choice|move 3|move 4
|
|move|p2a: Aerodactyl|Reflect|p2a: Aerodactyl
|-start|p2a: Aerodactyl|Reflect
|move|p1a: Rhydon|Rock Slide|p2a: Aerodactyl
|-supereffective|p2a: Aerodactyl
|-damage|p2a: Aerodactyl|228\/327
|
|turn|18
|choice|move 3|move 2
|
|move|p2a: Aerodactyl|Double-Edge|p1a: Rhydon
|-crit|p1a: Rhydon
|-resisted|p1a: Rhydon
|-damage|p1a: Rhydon|263\/328
|-damage|p2a: Aerodactyl|212\/327|[from] recoil|[of] p1a: Rhydon
|move|p1a: Rhydon|Rock Slide|p2a: Aerodactyl
|-supereffective|p2a: Aerodactyl
|-damage|p2a: Aerodactyl|120\/327
|
|turn|19
|choice|move 3|switch 3
|
|switch|p2a: Sandslash|Sandslash, L85|225\/301
|move|p1a: Rhydon|Rock Slide|p2a: Sandslash
|-resisted|p2a: Sandslash
|-damage|p2a: Sandslash|192\/301
|
|turn|20
|choice|move 3|move 1
|
|move|p2a: Sandslash|Earthquake|p1a: Rhydon
|-supereffective|p1a: Rhydon
|-damage|p1a: Rhydon|71\/328
|move|p1a: Rhydon|Rock Slide|p2a: Sandslash
|-resisted|p2a: Sandslash
|-damage|p2a: Sandslash|158\/301
|
|turn|21
|choice|move 4|move 1
|
|move|p2a: Sandslash|Earthquake|p1a: Rhydon
|-supereffective|p1a: Rhydon
|-damage|p1a: Rhydon|0 fnt
|faint|p1a: Rhydon
|choice|switch 2|
|
|switch|p1a: Mr. Mime|Mr. Mime, L85|242\/242
|turn|22
|choice|move 1|switch 3
|
|switch|p2a: Aerodactyl|Aerodactyl, L90|120\/327
|move|p1a: Mr. Mime|Seismic Toss|p2a: Aerodactyl
|-damage|p2a: Aerodactyl|35\/327
|
|turn|23
|choice|move 2|move 1
|
|move|p2a: Aerodactyl|Hyper Beam|p1a: Mr. Mime
|-crit|p1a: Mr. Mime
|-damage|p1a: Mr. Mime|0 fnt
|faint|p1a: Mr. Mime
|choice|switch 6|
|
|switch|p1a: Arcanine|Arcanine, L85|327\/327
|turn|24
|choice|move 1|move 1
|
|move|p2a: Aerodactyl|Hyper Beam|p1a: Arcanine
|-damage|p1a: Arcanine|198\/327
|move|p1a: Arcanine|Hyper Beam|p2a: Aerodactyl
|-resisted|p2a: Aerodactyl
|-damage|p2a: Aerodactyl|0 fnt
|faint|p2a: Aerodactyl
|choice||switch 2
|
|switch|p2a: Koffing|Koffing, L96|272\/272
|turn|25
|choice|move 2|move 1
|
|move|p1a: Arcanine|Fire Blast|p2a: Koffing
|-damage|p2a: Koffing|151\/272
|move|p2a: Koffing|Explosion|p1a: Arcanine
|-damage|p1a: Arcanine|0 fnt
|faint|p1a: Arcanine
|faint|p2a: Koffing
|
|win|MALESANI
|raw|kdshg's rating: 1120 &rarr; <strong>1110<\/strong><br \/>(-10 for losing)
|raw|MALESANI's rating: 1366 &rarr; <strong>1374<\/strong><br \/>(+8 for winning)
|leave|kdshg
|player|p1