|join|darthlegit
|join|Pink Gyarados
|player|p1|darthlegit|20
|player|p2|Pink Gyarados|101
|gametype|singles
|gen|1
|tier|[Gen 1] OU (beta)
|rated
|rule|Sleep Clause Mod: Limit one foe put to sleep
|rule|Species Clause: Limit one of each Pokemon
|rule|OHKO Clause: OHKO moves are banned
|rule|Moody Clause: Moody is banned
|rule|Evasion Moves Clause: Evasion moves are banned
|rule|Endless Battle Clause: Forcing endless battles is banned.
|rule|HP Percentage Mod: HP is reported as percentages
|
|start
|switch|p1a: Ninetales|Ninetales|349\/349
|switch|p2a: Alakazam|Alakazam|313\/313
|turn|1
|
|switch|p2a: Exeggutor|Exeggutor|393\/393
|move|p1a: Ninetales|Body Slam|p2a: Exeggutor
|-damage|p2a: Exeggutor|332\/393
|-status|p2a: Exeggutor|par
|
|turn|2
|chat|Pink Gyarados|erm, i totally didnt make that move
|chat|Pink Gyarados|lmao
|
|switch|p2a: Alakazam|Alakazam|313\/313
|move|p1a: Ninetales|Fire Spin|p2a: Alakazam|[miss]
|-miss|p1a: Ninetales
|
|turn|3
|
|switch|p1a: Exeggutor|Exeggutor|393\/393
|move|p2a: Alakazam|Thunder Wave|p1a: Exeggutor
|-status|p1a: Exeggutor|par
|
|turn|4
|
|switch|p2a: Exeggutor|Exeggutor|332\/393 par
|move|p1a: Exeggutor|Stun Spore|p2a: Exeggutor
|-fail|p2a: Exeggutor|par
|
|turn|5
|
|switch|p1a: Jynx|Jynx|333\/333
|move|p2a: Exeggutor|Sleep Powder|p1a: Jynx
|-status|p1a: Jynx|slp
|
|turn|6
|
|switch|p2a: Tauros|Tauros|353\/353
|cant|p1a: Jynx|slp
|
|turn|7
|
|switch|p1a: Exeggutor|Exeggutor|393\/393 par
|move|p2a: Tauros|Body Slam|p1a: Exeggutor
|-damage|p1a: Exeggutor|275\/393 par
|
|turn|8
|
|switch|p2a: Exeggutor|Exeggutor|332\/393 par
|move|p1a: Exeggutor|Stun Spore|p2a: Exeggutor
|-fail|p2a: Exeggutor|par
|
|turn|9
|
|switch|p1a: Ninetales|Ninetales|349\/349
|move|p2a: Exeggutor|Psychic|p1a: Ninetales
|-damage|p1a: Ninetales|223\/349
|
|turn|10
|
|switch|p2a: Alakazam|Alakazam|313\/313
|move|p1a: Ninetales|Fire Spin|p2a: Alakazam|[miss]
|-miss|p1a: Ninetales
|
|turn|11
|
|move|p2a: Alakazam|Psychic|p1a: Ninetales
|-damage|p1a: Ninetales|90\/349
|move|p1a: Ninetales|Body Slam|p2a: Alakazam
|-damage|p2a: Alakazam|231\/313
|
|turn|12
|
|switch|p1a: Jynx|Jynx|333\/333 slp
|move|p2a: Alakazam|Psychic|p1a: Jynx
|-crit|p1a: Jynx
|-resisted|p1a: Jynx
|-damage|p1a: Jynx|189\/333 slp
|-unboost|p1a: Jynx|spd|1
|-unboost|p1a: Jynx|spa|1
|
|turn|13
|
|move|p2a: Alakazam|Psychic|p1a: Jynx
|-resisted|p1a: Jynx
|-damage|p1a: Jynx|87\/333 slp
|cant|p1a: Jynx|slp
|
|turn|14
|
|move|p2a: Alakazam|Psychic|p1a: Jynx
|-resisted|p1a: Jynx
|-damage|p1a: Jynx|0 fnt
|faint|p1a: Jynx
|
|
|switch|p1a: Jolteon|Jolteon|333\/333
|turn|15
|
|move|p1a: Jolteon|Thunder Wave|p2a: Alakazam
|-status|p2a: Alakazam|par
|move|p2a: Alakazam|Thunder Wave|p1a: Jolteon
|-status|p1a: Jolteon|par
|
|turn|16
|join|TheGreatGrovyle
|
|cant|p1a: Jolteon|par
|move|p2a: Alakazam|Reflect|p2a: Alakazam
|
|turn|17
|
|switch|p1a: Kabutops|Kabutops|323\/323
|cant|p2a: Alakazam|par
|
|turn|18
|
|move|p1a: Kabutops|Swords Dance|p1a: Kabutops
|-boost|p1a: Kabutops|atk|2
|cant|p2a: Alakazam|par
|
|turn|19
|
|move|p1a: Kabutops|Hyper Beam|p2a: Alakazam
|-crit|p2a: Alakazam
|-damage|p2a: Alakazam|38\/313 par
|move|p2a: Alakazam|Psychic|p1a: Kabutops
|-damage|p1a: Kabutops|168\/323
|
|turn|20
|
|cant|p1a: Kabutops|recharge
|move|p2a: Alakazam|Recover|p2a: Alakazam
|-heal|p2a: Alakazam|194\/313 par
|
|turn|21
|
|move|p1a: Kabutops|Hyper Beam|p2a: Alakazam
|-crit|p2a: Alakazam
|-damage|p2a: Alakazam|6\/313 par
|cant|p2a: Alakazam|par
|
|turn|22
|
|cant|p1a: Kabutops|recharge
|cant|p2a: Alakazam|par
|
|turn|23
|chat|Pink Gyarados|FUCKING PARALYSED 
|
|move|p1a: Kabutops|Hyper Beam|p2a: Alakazam
|-damage|p2a: Alakazam|0 fnt
|faint|p2a: Alakazam
|
|chat|Pink Gyarados|lucky bitch
|chat|darthlegit|aw man don't call me a bitch
|
|switch|p2a: Tauros|Tauros|353\/353
|turn|24
|chat|Pink Gyarados|;_; ksry
|
|move|p2a: Tauros|Body Slam|p1a: Kabutops
|-resisted|p1a: Kabutops
|-damage|p1a: Kabutops|121\/323
|move|p1a: Kabutops|Submission|p2a: Tauros
|-supereffective|p2a: Tauros
|-damage|p2a: Tauros|68\/353
|-damage|p1a: Kabutops|50\/323|[from] recoil|[of] p2a: Tauros
|
|turn|25
|
|move|p2a: Tauros|Hyper Beam|p1a: Kabutops
|-crit|p1a: Kabutops
|-resisted|p1a: Kabutops
|-damage|p1a: Kabutops|0 fnt
|faint|p1a: Kabutops
|
|
|switch|p1a: Jolteon|Jolteon|333\/333 par
|turn|26
|
|move|p2a: Tauros|Earthquake|p1a: Jolteon
|-supereffective|p1a: Jolteon
|-damage|p1a: Jolteon|127\/333 par
|move|p1a: Jolteon|Thunder Wave|p2a: Tauros
|-status|p2a: Tauros|par
|
|turn|27
|
|move|p1a: Jolteon|Thunderbolt|p2a: Tauros
|-damage|p2a: Tauros|0 fnt
|faint|p2a: Tauros
|
|
|switch|p2a: Snorlax|Snorlax|523\/523
|turn|28
|
|move|p2a: Snorlax|Earthquake|p1a: Jolteon
|-supereffective|p1a: Jolteon
|-damage|p1a: Jolteon|0 fnt
|faint|p1a: Jolteon
|
|
|switch|p1a: Cloyster|Cloyster|303\/303
|turn|29
|leave|TheGreatGrovyle
|
|move|p1a: Cloyster|Clamp|p2a: Snorlax
|-damage|p2a: Snorlax|478\/523
|-activate|p2a: Snorlax|move: Clamp|[of] p1a: Cloyster
|cant|p2a: Snorlax|partiallytrapped
|
|turn|30
|
|move|p1a: Cloyster|Clamp|p2a: Snorlax
|-damage|p2a: Snorlax|433\/523
|cant|p2a: Snorlax|partiallytrapped
|
|-end|p2a: Snorlax|Clamp|[partiallytrapped]
|turn|31
|chat|Pink Gyarados|oh mayn im not sorry i called you a bitch
|chat|Pink Gyarados|clamp is a bitch move
|chat|darthlegit|haha
|chat|darthlegit|it's true
|
|move|p1a: Cloyster|Clamp|p2a: Snorlax|[miss]
|-miss|p1a: Cloyster
|move|p2a: Snorlax|Body Slam|p1a: Cloyster
|-damage|p1a: Cloyster|234\/303
|
|turn|32
|chat|darthlegit|i do rep at least a few uu tho
|
|move|p1a: Cloyster|Clamp|p2a: Snorlax
|-damage|p2a: Snorlax|382\/523
|-activate|p2a: Snorlax|move: Clamp|[of] p1a: Cloyster
|cant|p2a: Snorlax|partiallytrapped
|
|turn|33
|chat|Pink Gyarados|yeah man ppreciate that
|chat|Pink Gyarados|but i hate your soul because of clamp
|chat|Pink Gyarados|XD
|
|move|p1a: Cloyster|Clamp|p2a: Snorlax
|-damage|p2a: Snorlax|331\/523
|cant|p2a: Snorlax|partiallytrapped
|
|-end|p2a: Snorlax|Clamp|[partiallytrapped]
|turn|34
|chat|Pink Gyarados|im gonna take ages to punish you for it now =\/
|
|move|p1a: Cloyster|Clamp|p2a: Snorlax|[miss]
|-miss|p1a: Cloyster
|move|p2a: Snorlax|Body Slam|p1a: Cloyster
|-damage|p1a: Cloyster|168\/303
|
|turn|35
|
|move|p1a: Cloyster|Clamp|p2a: Snorlax
|-damage|p2a: Snorlax|285\/523
|-activate|p2a: Snorlax|move: Clamp|[of] p1a: Cloyster
|cant|p2a: Snorlax|partiallytrapped
|
|turn|36
|
|move|p1a: Cloyster|Clamp|p2a: Snorlax
|-damage|p2a: Snorlax|239\/523
|cant|p2a: Snorlax|partiallytrapped
|
|turn|37
|
|move|p1a: Cloyster|Clamp|p2a: Snorlax
|-damage|p2a: Snorlax|193\/523
|cant|p2a: Snorlax|partiallytrapped
|
|-end|p2a: Snorlax|Clamp|[partiallytrapped]
|turn|38
|
|move|p1a: Cloyster|Clamp|p2a: Snorlax
|-damage|p2a: Snorlax|147\/523
|-activate|p2a: Snorlax|move: Clamp|[of] p1a: Cloyster
|cant|p2a: Snorlax|partiallytrapped
|
|turn|39
|
|move|p1a: Cloyster|Clamp|p2a: Snorlax
|-damage|p2a: Snorlax|101\/523
|cant|p2a: Snorlax|partiallytrapped
|
|turn|40
|join|SenorStacheMan
|leave|SenorStacheMan
|chat|Pink Gyarados|dum de dummm
|
|move|p1a: Cloyster|Clamp|p2a: Snorlax
|-damage|p2a: Snorlax|55\/523
|cant|p2a: Snorlax|partiallytrapped
|
|-end|p2a: Snorlax|Clamp|[partiallytrapped]
|turn|41
|chat|Pink Gyarados|your name may as well be kid gf lol
|chat|Pink Gyarados|he uses clamp and wrap constantly
|chat|Pink Gyarados|most annoying douche ever
|
|move|p1a: Cloyster|Hyper Beam|p2a: Snorlax
|-damage|p2a: Snorlax|0 fnt
|faint|p2a: Snorlax
|
|
|switch|p2a: Chansey|Chansey|703\/703
|turn|42
|
|move|p1a: Cloyster|Clamp|p2a: Chansey
|-damage|p2a: Chansey|666\/703
|-activate|p2a: Chansey|move: Clamp|[of] p1a: Cloyster
|cant|p2a: Chansey|partiallytrapped
|
|turn|43
|
|move|p1a: Cloyster|Clamp|p2a: Chansey
|-damage|p2a: Chansey|629\/703
|cant|p2a: Chansey|partiallytrapped
|
|turn|44
|
|move|p1a: Cloyster|Clamp|p2a: Chansey
|-damage|p2a: Chansey|592\/703
|cant|p2a: Chansey|partiallytrapped
|
|turn|45
|
|move|p1a: Cloyster|Clamp|p2a: Chansey
|-damage|p2a: Chansey|555\/703
|cant|p2a: Chansey|partiallytrapped
|
|-end|p2a: Chansey|Clamp|[partiallytrapped]
|turn|46
|
|move|p1a: Cloyster|Clamp|p2a: Chansey|[miss]
|-miss|p1a: Cloyster
|move|p2a: Chansey|Thunder Wave|p1a: Cloyster
|-status|p1a: Cloyster|par
|
|turn|47
|
|switch|p1a: Exeggutor|Exeggutor|275\/393 par
|move|p2a: Chansey|Seismic Toss|p1a: Exeggutor
|-damage|p1a: Exeggutor|175\/393 par
|
|turn|48
|
|switch|p2a: Exeggutor|Exeggutor|332\/393 par
|move|p1a: Exeggutor|Stun Spore|p2a: Exeggutor|[miss]
|-miss|p1a: Exeggutor
|
|turn|49
|chat|Pink Gyarados|fuck your clamp dude
|
|move|p1a: Exeggutor|Psychic|p2a: Exeggutor
|-resisted|p2a: Exeggutor
|-damage|p2a: Exeggutor|278\/393 par
|move|p2a: Exeggutor|Psychic|p1a: Exeggutor
|-resisted|p1a: Exeggutor
|-damage|p1a: Exeggutor|120\/393 par
|
|turn|50
|
|move|p2a: Exeggutor|Psychic|p1a: Exeggutor
|-resisted|p1a: Exeggutor
|-damage|p1a: Exeggutor|66\/393 par
|move|p1a: Exeggutor|Psychic|p2a: Exeggutor
|-resisted|p2a: Exeggutor
|-damage|p2a: Exeggutor|222\/393 par
|-unboost|p2a: Exeggutor|spd|1
|-unboost|p2a: Exeggutor|spa|1
|
|turn|51
|
|move|p2a: Exeggutor|Psychic|p1a: Exeggutor
|-resisted|p1a: Exeggutor
|-damage|p1a: Exeggutor|28\/393 par
|cant|p1a: Exeggutor|par
|
|turn|52
|
|move|p1a: Exeggutor|Explosion|p2a: Exeggutor
|-damage|p2a: Exeggutor|0 fnt
|faint|p2a: Exeggutor
|faint|p1a: Exeggutor
|
|switch|p1a: Ninetales|Ninetales|90\/349
|switch|p2a: Lapras|Lapras|463\/463
|turn|53
|
|move|p1a: Ninetales|Fire Spin|p2a: Lapras|[miss]
|-miss|p1a: Ninetales
|move|p2a: Lapras|Body Slam|p1a: Ninetales
|-damage|p1a: Ninetales|23\/349
|
|turn|54
|chat|darthlegit|oh you'll dig this
|chat|Pink Gyarados|your fire spin? no you cheap little bitch, I won't
|chat|darthlegit|come on
|chat|darthlegit|i'm only 3\/6 ou
|chat|darthlegit|the fact of the matter is the game is broken
|chat|Pink Gyarados|when you stop using shitty cheap boring moves that kill games and require no skill, then yeah I'll come on
|chat|Pink Gyarados|I'll come on big time
|chat|Pink Gyarados|all over your ninetales
|chat|Pink Gyarados|then your cloyster can lick it off its furry snout
|chat|Pink Gyarados|<3 :D
|chat|Pink Gyarados|fire and ice and all that
|
|move|p1a: Ninetales|Fire Spin|p2a: Lapras
|-damage|p2a: Lapras|445\/463
|-activate|p2a: Lapras|move: Fire Spin|[of] p1a: Ninetales
|cant|p2a: Lapras|partiallytrapped
|
|turn|55
|chat|darthlegit|i mean running 3 fat slow stall rest type pokemon was your call
|chat|Pink Gyarados|FAT? 
|chat|Pink Gyarados|only snorlax, thank you very much
|
|move|p1a: Ninetales|Fire Spin|p2a: Lapras
|-damage|p2a: Lapras|427\/463
|cant|p2a: Lapras|partiallytrapped
|
|turn|56
|chat|Pink Gyarados|lapras isnt fat ;_;
|
|move|p1a: Ninetales|Fire Spin|p2a: Lapras
|-damage|p2a: Lapras|409\/463
|cant|p2a: Lapras|partiallytrapped
|
|-end|p2a: Lapras|Fire Spin|[partiallytrapped]
|turn|57
|
|move|p1a: Ninetales|Fire Spin|p2a: Lapras|[miss]
|-miss|p1a: Ninetales
|move|p2a: Lapras|Body Slam|p1a: Ninetales
|-crit|p1a: Ninetales
|-damage|p1a: Ninetales|0 fnt
|faint|p1a: Ninetales
|
|
|switch|p1a: Cloyster|Cloyster|168\/303 par
|turn|58
|chat|Pink Gyarados|fuck your inaccurate fire spin my liege
|
|move|p2a: Lapras|Confuse Ray|p1a: Cloyster
|-start|p1a: Cloyster|confusion
|-activate|p1a: Cloyster|confusion
|move|p1a: Cloyster|Explosion|p2a: Lapras
|-damage|p2a: Lapras|96\/463
|faint|p1a: Cloyster
|
|win|Pink Gyarados
|raw|Ladder updating...
|raw|darthlegit's rating: 1196 &rarr; <strong>1160<\/strong><br \/>(-36 for losing)
|raw|Pink Gyarados's rating: 1035 &rarr; <strong>1085<\/strong><br \/>(+50 for winning)
|chat|Pink Gyarados|mmmm
|leave|darthlegit
|player|p1