|j|Leonhaaart
|j|Ch01W0n5h1n
|player|p1|Leonhaaart|148
|player|p2|Ch01W0n5h1n|165
|gametype|singles
|gen|1
|tier|[Gen 1] Random Battle
|rated
|seed|24507,28096,49878,23077
|rule|Sleep Clause Mod: Limit one foe put to sleep
|rule|Freeze Clause Mod: Limit one foe frozen
|rule|HP Percentage Mod: HP is shown in percentages
|
|start
|switch|p1a: Weedle|Weedle, L99|280\/280
|switch|p2a: Slowbro|Slowbro, L79|312\/312
|turn|1
|choice|move 1|move 1
|
|move|p1a: Weedle|Poison Sting|p2a: Slowbro
|-damage|p2a: Slowbro|298\/312
|move|p2a: Slowbro|Amnesia|p2a: Slowbro
|-boost|p2a: Slowbro|spd|2
|-boost|p2a: Slowbro|spa|2
|
|turn|2
|choice|move 1|move 3
|
|move|p1a: Weedle|Poison Sting|p2a: Slowbro
|-damage|p2a: Slowbro|284\/312
|move|p2a: Slowbro|Thunder Wave|p1a: Weedle
|-status|p1a: Weedle|par
|
|turn|3
|choice|move 1|move 1
|
|move|p2a: Slowbro|Amnesia|p2a: Slowbro
|-boost|p2a: Slowbro|spd|2
|-boost|p2a: Slowbro|spa|2
|move|p1a: Weedle|Poison Sting|p2a: Slowbro
|-damage|p2a: Slowbro|271\/312
|
|turn|4
|choice|move 1|move 1
|
|move|p2a: Slowbro|Amnesia|p2a: Slowbro
|-boost|p2a: Slowbro|spd|2
|-boost|p2a: Slowbro|spa|2
|move|p1a: Weedle|Poison Sting|p2a: Slowbro
|-damage|p2a: Slowbro|258\/312
|
|turn|5
|choice|move 1|move 4
|
|move|p2a: Slowbro|Surf|p1a: Weedle
|-damage|p1a: Weedle|0 fnt
|faint|p1a: Weedle
|choice|switch 4|
|
|switch|p1a: Jolteon|Jolteon, L79|265\/265
|turn|6
|choice|move 2|move 4
|
|move|p1a: Jolteon|Sand Attack|p2a: Slowbro
|-unboost|p2a: Slowbro|accuracy|1
|move|p2a: Slowbro|Surf|p1a: Jolteon
|-damage|p1a: Jolteon|0 fnt
|faint|p1a: Jolteon
|choice|switch 2|
|
|switch|p1a: Starmie|Starmie, L79|257\/257
|turn|7
|choice|move 2|move 3
|
|move|p1a: Starmie|Thunderbolt|p2a: Slowbro
|-supereffective|p2a: Slowbro
|-damage|p2a: Slowbro|223\/312
|move|p2a: Slowbro|Thunder Wave|p1a: Starmie
|-status|p1a: Starmie|par
|
|turn|8
|choice|move 3|move 4
|
|move|p2a: Slowbro|Surf|p1a: Starmie|[miss]
|-miss|p2a: Slowbro
|move|p1a: Starmie|Blizzard|p2a: Slowbro
|-resisted|p2a: Slowbro
|-damage|p2a: Slowbro|212\/312
|
|turn|9
|choice|move 4|move 4
|
|move|p2a: Slowbro|Surf|p1a: Starmie
|-resisted|p1a: Starmie
|-damage|p1a: Starmie|102\/257 par
|move|p1a: Starmie|Surf|p2a: Slowbro
|-resisted|p2a: Slowbro
|-damage|p2a: Slowbro|200\/312
|
|turn|10
|choice|move 2|move 4
|
|move|p2a: Slowbro|Surf|p1a: Starmie
|-resisted|p1a: Starmie
|-damage|p1a: Starmie|0 fnt
|faint|p1a: Starmie
|choice|switch 3|
|
|switch|p1a: Jynx|Jynx, L79|265\/265
|turn|11
|choice|move 2|move 2
|
|move|p1a: Jynx|Lovely Kiss|p2a: Slowbro|[miss]
|-miss|p1a: Jynx
|move|p2a: Slowbro|Rest|p2a: Slowbro
|-status|p2a: Slowbro|slp
|-heal|p2a: Slowbro|312\/312 slp|[silent]
|-status|p2a: Slowbro|slp|[from] move: Rest
|
|turn|12
|choice|move 1|move 3
|
|move|p1a: Jynx|Mimic|p2a: Slowbro
|-start|p1a: Jynx|Mimic|Thunder Wave
|cant|p2a: Slowbro|slp
|
|turn|13
|choice|move 4|move 3
|
|move|p1a: Jynx|Psychic|p2a: Slowbro
|-resisted|p2a: Slowbro
|-damage|p2a: Slowbro|300\/312 slp
|-unboost|p2a: Slowbro|spd|1
|-unboost|p2a: Slowbro|spa|1
|-curestatus|p2a: Slowbro|slp
|
|turn|14
|choice|move 2|move 4
|
|move|p1a: Jynx|Lovely Kiss|p2a: Slowbro|[miss]
|-miss|p1a: Jynx
|move|p2a: Slowbro|Surf|p1a: Jynx
|-damage|p1a: Jynx|0 fnt
|faint|p1a: Jynx
|choice|switch 5|
|
|switch|p1a: Persian|Persian, L79|265\/265
|turn|15
|choice|move 3|move 3
|
|move|p1a: Persian|Hyper Beam|p2a: Slowbro
|-damage|p2a: Slowbro|188\/312
|move|p2a: Slowbro|Thunder Wave|p1a: Persian
|-status|p1a: Persian|par
|
|turn|16
|-mustrecharge|p1a: Persian
|-mustrecharge|p1a: Persian
|choice|move 1|move 4
|
|move|p2a: Slowbro|Surf|p1a: Persian
|-damage|p1a: Persian|0 fnt
|faint|p1a: Persian
|choice|switch 6|
|
|switch|p1a: Gengar|Gengar, L79|257\/257
|turn|17
|choice|move 2|move 3
|
|move|p1a: Gengar|Explosion|p2a: Slowbro
|-damage|p2a: Slowbro|39\/312
|faint|p1a: Gengar
|
|win|Ch01W0n5h1n
|player|p1
|player|p2
|raw|Leonhaaart's rating: 1138 &rarr; <strong>1129<\/strong><br \/>(-9 for losing)
|raw|Ch01W0n5h1n's rating: 1383 &rarr; <strong>1391<\/strong><br \/>(+8 for winning)
|l|Leonhaaart