|j|krauersaut
|j|dice
|player|p1|krauersaut|283
|player|p2|dice|168
|gametype|singles
|gen|1
|tier|[Gen 1] OU
|seed|40859,64132,59552,63915
|rule|Sleep Clause Mod: Limit one foe put to sleep
|rule|Freeze Clause Mod: Limit one foe frozen
|rule|Species Clause: Limit one of each Pokémon
|rule|OHKO Clause: OHKO moves are banned
|rule|Evasion Moves Clause: Evasion moves are banned
|rule|HP Percentage Mod: HP is shown in percentages
|
|start
|switch|p1a: Alakazam|Alakazam|313\/313
|switch|p2a: Starmie|Starmie|323\/323
|turn|1
|c|★krauersaut|one game
|j|shrang
|c|★krauersaut|that's it
|j|Haruno
|j|Mr.378
|j|Orch
|choice|move 4|move 4
|
|move|p1a: Alakazam|Thunder Wave|p2a: Starmie
|-status|p2a: Starmie|par
|cant|p2a: Starmie|par
|
|turn|2
|l|Orch
|choice|switch 5|move 2
|
|switch|p1a: Chansey|Chansey|703\/703
|move|p2a: Starmie|Blizzard|p1a: Chansey
|-crit|p1a: Chansey
|-damage|p1a: Chansey|521\/703
|
|turn|3
|j|PomMan
|choice|move 1|switch 3
|
|switch|p2a: Exeggutor|Exeggutor|393\/393
|move|p1a: Chansey|Ice Beam|p2a: Exeggutor
|-supereffective|p2a: Exeggutor
|-damage|p2a: Exeggutor|265\/393
|-status|p2a: Exeggutor|frz
|
|turn|4
|c|★dice|o boy
|choice|move 1|switch 6
|
|switch|p2a: Chansey|Chansey|703\/703
|move|p1a: Chansey|Ice Beam|p2a: Chansey
|-damage|p2a: Chansey|627\/703
|
|turn|5
|c|@shrang|ah typical krau
|c|@shrang|:P
|choice|move 3|move 1
|
|move|p2a: Chansey|Ice Beam|p1a: Chansey
|-damage|p1a: Chansey|449\/703
|move|p1a: Chansey|Thunder Wave|p2a: Chansey
|-status|p2a: Chansey|par
|
|turn|6
|choice|move 2|move 1
|
|move|p1a: Chansey|Soft-Boiled|p1a: Chansey
|-heal|p1a: Chansey|703\/703
|move|p2a: Chansey|Ice Beam|p1a: Chansey
|-damage|p1a: Chansey|634\/703
|
|turn|7
|choice|switch 3|move 1
|
|switch|p1a: Snorlax|Snorlax|523\/523
|cant|p2a: Chansey|par
|
|turn|8
|choice|move 1|move 3
|
|move|p1a: Snorlax|Body Slam|p2a: Chansey
|-damage|p2a: Chansey|312\/703 par
|move|p2a: Chansey|Thunder Wave|p1a: Snorlax
|-status|p1a: Snorlax|par
|
|turn|9
|choice|move 2|move 2
|
|move|p2a: Chansey|Soft-Boiled|p2a: Chansey
|-heal|p2a: Chansey|663\/703 par
|move|p1a: Snorlax|Earthquake|p2a: Chansey|[miss]
|-miss|p1a: Snorlax
|
|turn|10
|c|★krauersaut|stupid
|choice|move 1|switch 4
|
|switch|p2a: Snorlax|Snorlax|523\/523
|move|p1a: Snorlax|Body Slam|p2a: Snorlax
|-damage|p2a: Snorlax|386\/523
|
|turn|11
|c|+PomMan|lol
|c|@shrang|is that like
|c|@shrang|a 255
|c|★krauersaut|1\/255
|c|+PomMan|yep
|c|@shrang|rofl
|choice|switch 6|move 2
|
|switch|p1a: Rhydon|Rhydon|413\/413
|move|p2a: Snorlax|Counter|p1a: Rhydon
|-damage|p1a: Rhydon|139\/413
|
|turn|12
|c|★krauersaut|how does that work
|c| Mr.378|1\/256 I believe
|c|★krauersaut|lol
|choice|move 3|move 3
|
|move|p1a: Rhydon|Rock Slide|p2a: Snorlax
|-damage|p2a: Snorlax|254\/523
|move|p2a: Snorlax|Earthquake|p1a: Rhydon
|-supereffective|p1a: Rhydon
|-damage|p1a: Rhydon|0 fnt
|faint|p1a: Rhydon
|c|★dice|u know rock slide cant flinch right
|choice|switch 4|
|
|switch|p1a: Tauros|Tauros|353\/353
|turn|13
|j|Sturdynips
|choice|move 4|switch 3
|
|switch|p2a: Starmie|Starmie|323\/323 par
|move|p1a: Tauros|Hyper Beam|p2a: Starmie
|-damage|p2a: Starmie|141\/323 par
|
|turn|14
|-mustrecharge|p1a: Tauros
|-mustrecharge|p1a: Tauros
|choice|move 1|move 4
|
|cant|p1a: Tauros|recharge
|move|p2a: Starmie|Thunder Wave|p1a: Tauros
|-status|p1a: Tauros|par
|
|turn|15
|choice|move 4|move 3
|
|cant|p2a: Starmie|par
|move|p1a: Tauros|Hyper Beam|p2a: Starmie
|-crit|p2a: Starmie
|-damage|p2a: Starmie|0 fnt
|faint|p2a: Starmie
|c|★krauersaut|easy
|choice||switch 5
|
|switch|p2a: Tauros|Tauros|353\/353
|turn|16
|choice|move 2|move 1
|
|move|p2a: Tauros|Body Slam|p1a: Tauros|[miss]
|-miss|p2a: Tauros
|move|p1a: Tauros|Body Slam|p2a: Tauros
|-damage|p2a: Tauros|250\/353
|
|turn|17
|c|+Haruno|LOL
|choice|switch 2|move 1
|
|switch|p1a: Exeggutor|Exeggutor|393\/393
|move|p2a: Tauros|Body Slam|p1a: Exeggutor
|-damage|p1a: Exeggutor|278\/393
|-status|p1a: Exeggutor|par
|
|turn|18
|j|SheWentToJarods
|choice|move 3|switch 4
|
|switch|p2a: Chansey|Chansey|663\/703 par
|move|p1a: Exeggutor|Sleep Powder|p2a: Chansey
|-fail|p2a: Chansey
|
|turn|19
|choice|move 1|switch 6
|
|switch|p2a: Exeggutor|Exeggutor|265\/393 frz
|move|p1a: Exeggutor|Explosion|p2a: Exeggutor
|-damage|p2a: Exeggutor|0 fnt
|faint|p2a: Exeggutor
|faint|p1a: Exeggutor
|c|★krauersaut|fuck
|c|★krauersaut|you
|c|★krauersaut|lol
|choice|switch 6|switch 3
|
|switch|p2a: Snorlax|Snorlax|254\/523
|switch|p1a: Snorlax|Snorlax|523\/523 par
|turn|20
|choice|move 3|move 4
|
|move|p2a: Snorlax|Self-Destruct|p1a: Snorlax
|-damage|p1a: Snorlax|68\/523 par
|faint|p2a: Snorlax
|choice||switch 2
|
|switch|p2a: Jolteon|Jolteon|333\/333
|turn|21
|choice|switch 2|move 2
|
|switch|p1a: Tauros|Tauros|353\/353 par
|move|p2a: Jolteon|Thunderbolt|p1a: Tauros
|-damage|p1a: Tauros|216\/353 par
|
|turn|22
|choice|move 3|move 2
|
|move|p2a: Jolteon|Thunderbolt|p1a: Tauros
|-damage|p1a: Tauros|67\/353 par
|cant|p1a: Tauros|par
|
|turn|23
|c|★krauersaut|kys
|choice|move 3|move 4
|
|move|p2a: Jolteon|Double Kick|p1a: Tauros
|-supereffective|p1a: Tauros
|-damage|p1a: Tauros|28\/353 par
|-damage|p1a: Tauros|0 fnt
|-hitcount|p1a: Tauros|2
|faint|p1a: Tauros
|c|★krauersaut|LOL
|choice|switch 3|
|
|switch|p1a: Chansey|Chansey|634\/703
|turn|24
|choice|move 1|switch 6
|
|switch|p2a: Chansey|Chansey|663\/703 par
|move|p1a: Chansey|Ice Beam|p2a: Chansey
|-damage|p2a: Chansey|589\/703 par
|
|turn|25
|choice|switch 2|move 1
|
|switch|p1a: Snorlax|Snorlax|68\/523 par
|move|p2a: Chansey|Ice Beam|p1a: Snorlax
|-damage|p1a: Snorlax|0 fnt
|faint|p1a: Snorlax
|choice|switch 5|
|
|switch|p1a: Alakazam|Alakazam|313\/313
|turn|26
|choice|move 1|move 3
|
|move|p1a: Alakazam|Psychic|p2a: Chansey
|-damage|p2a: Chansey|453\/703 par
|-unboost|p2a: Chansey|spd|1
|-unboost|p2a: Chansey|spa|1
|move|p2a: Chansey|Thunder Wave|p1a: Alakazam
|-status|p1a: Alakazam|par
|
|turn|27
|choice|move 1|move 2
|
|move|p1a: Alakazam|Psychic|p2a: Chansey
|-damage|p2a: Chansey|252\/703 par
|-unboost|p2a: Chansey|spd|1
|-unboost|p2a: Chansey|spa|1
|move|p2a: Chansey|Soft-Boiled|p2a: Chansey
|-heal|p2a: Chansey|603\/703 par
|
|turn|28
|choice|move 1|switch 6
|
|switch|p2a: Jolteon|Jolteon|333\/333
|move|p1a: Alakazam|Psychic|p2a: Jolteon
|-crit|p2a: Jolteon
|-damage|p2a: Jolteon|105\/333
|
|turn|29
|choice|switch 2|move 2
|
|switch|p1a: Chansey|Chansey|634\/703
|move|p2a: Jolteon|Thunderbolt|p1a: Chansey
|-damage|p1a: Chansey|511\/703
|
|turn|30
|choice|switch 2|move 4
|
|switch|p1a: Alakazam|Alakazam|313\/313 par
|move|p2a: Jolteon|Double Kick|p1a: Alakazam
|-resisted|p1a: Alakazam
|-damage|p1a: Alakazam|299\/313 par
|-damage|p1a: Alakazam|285\/313 par
|-hitcount|p1a: Alakazam|2
|
|turn|31
|choice|move 1|move 2
|
|move|p2a: Jolteon|Thunderbolt|p1a: Alakazam
|-damage|p1a: Alakazam|186\/313 par
|cant|p1a: Alakazam|par
|
|turn|32
|choice|move 2|move 2
|
|move|p2a: Jolteon|Thunderbolt|p1a: Alakazam
|-damage|p1a: Alakazam|86\/313 par
|move|p1a: Alakazam|Recover|p1a: Alakazam
|-heal|p1a: Alakazam|242\/313 par
|
|turn|33
|choice|move 1|move 2
|
|move|p2a: Jolteon|Thunderbolt|p1a: Alakazam
|-crit|p1a: Alakazam
|-damage|p1a: Alakazam|71\/313 par
|move|p1a: Alakazam|Psychic|p2a: Jolteon
|-crit|p2a: Jolteon
|-damage|p2a: Jolteon|0 fnt
|faint|p2a: Jolteon
|choice||switch 4
|
|switch|p2a: Tauros|Tauros|250\/353
|turn|34
|c|★krauersaut|GAH
|choice|switch 2|move 1
|
|switch|p1a: Chansey|Chansey|511\/703
|move|p2a: Tauros|Body Slam|p1a: Chansey
|-damage|p1a: Chansey|222\/703
|
|turn|35
|c|★dice|lol
|c|★krauersaut|so
|j|SPEBSQSA
|c|★krauersaut|gay
|c|★krauersaut|lol
|choice|move 3|move 1
|
|move|p2a: Tauros|Body Slam|p1a: Chansey
|-damage|p1a: Chansey|0 fnt
|faint|p1a: Chansey
|c|★dice|u managed u lose this after getting like
|choice|switch 2|
|
|switch|p1a: Alakazam|Alakazam|71\/313 par
|turn|36
|c|★dice|every piece of hax
|c|@shrang|HYPAH BEEEEEEEEEEEEM
|c|★dice|u could imagine
|c|+PomMan|1\/255
|c|★dice|good game.
|c|★krauersaut|1\/255
|c|★krauersaut|let it happen
|l|PomMan
|choice|move 3|move 4
|
|move|p2a: Tauros|Earthquake|p1a: Alakazam
|-damage|p1a: Alakazam|0 fnt
|faint|p1a: Alakazam
|
|win|dice
|player|p1
|player|p2
|c|★krauersaut|=\
|l|shrang
|l|krauersaut