|join|MALESANI
|join|Scultone
|player|p1|MALESANI|238
|player|p2|Scultone|30
|gametype|singles
|gen|1
|tier|[Gen 1] Random Battle
|rated
|seed|52449,36618,27305,12792
|rule|Sleep Clause Mod: Limit one foe put to sleep
|rule|Freeze Clause Mod: Limit one foe frozen
|rule|HP Percentage Mod: HP is shown in percentages
|
|start
|switch|p1a: Metapod|Metapod, L99|300\/300
|switch|p2a: Butterfree|Butterfree, L90|291\/291
|turn|1
|choice|move 1|move 2
|
|move|p2a: Butterfree|Stun Spore|p1a: Metapod|[miss]
|-miss|p2a: Butterfree
|move|p1a: Metapod|String Shot|p2a: Butterfree
|-unboost|p2a: Butterfree|spe|1
|
|turn|2
|choice|move 3|move 2
|
|move|p1a: Metapod|Tackle|p2a: Butterfree
|-damage|p2a: Butterfree|269\/291
|move|p2a: Butterfree|Stun Spore|p1a: Metapod
|-status|p1a: Metapod|par
|
|turn|3
|choice|switch 3|move 3
|
|switch|p1a: Golem|Golem, L79|288\/288
|move|p2a: Butterfree|Psychic|p1a: Golem
|-damage|p1a: Golem|198\/288
|-unboost|p1a: Golem|spd|1
|-unboost|p1a: Golem|spa|1
|
|turn|4
|choice|move 1|switch 4
|
|switch|p2a: Wartortle|Wartortle, L85|274\/274
|move|p1a: Golem|Rock Slide|p2a: Wartortle
|-damage|p2a: Wartortle|195\/274
|
|turn|5
|choice|switch 4|move 2
|
|switch|p1a: Chansey|Chansey, L79|557\/557
|move|p2a: Wartortle|Surf|p1a: Chansey
|-damage|p1a: Chansey|475\/557
|
|turn|6
|choice|move 2|move 4
|
|move|p2a: Wartortle|Body Slam|p1a: Chansey
|-damage|p1a: Chansey|343\/557
|move|p1a: Chansey|Thunder Wave|p2a: Wartortle
|-status|p2a: Wartortle|par
|
|turn|7
|choice|move 3|move 4
|
|move|p2a: Wartortle|Body Slam|p1a: Chansey
|-crit|p1a: Chansey
|-damage|p1a: Chansey|92\/557
|move|p1a: Chansey|Counter|p2a: Wartortle
|-damage|p2a: Wartortle|0 fnt
|faint|p2a: Wartortle
|choice||switch 3
|
|switch|p2a: Hitmonlee|Hitmonlee, L90|273\/273
|turn|8
|choice|switch 2|move 2
|
|switch|p1a: Gengar|Gengar, L79|257\/257
|move|p2a: Hitmonlee|High Jump Kick|p1a: Gengar
|-immune|p1a: Gengar|[msg]
|-damage|p2a: Hitmonlee|272\/273
|
|turn|9
|choice|move 3|switch 6
|
|switch|p2a: Graveler|Graveler, L85|267\/267
|move|p1a: Gengar|Psychic|p2a: Graveler
|-damage|p2a: Graveler|174\/267
|
|turn|10
|choice|switch 3|move 2
|
|switch|p1a: Metapod|Metapod, L99|300\/300 par
|move|p2a: Graveler|Rock Slide|p1a: Metapod
|-supereffective|p1a: Metapod
|-damage|p1a: Metapod|109\/300 par
|
|turn|11
|choice|move 1|move 2
|
|move|p2a: Graveler|Rock Slide|p1a: Metapod
|-supereffective|p1a: Metapod
|-damage|p1a: Metapod|0 fnt
|faint|p1a: Metapod
|choice|switch 4|
|
|switch|p1a: Golem|Golem, L79|198\/288
|turn|12
|choice|move 2|move 1
|
|move|p1a: Golem|Earthquake|p2a: Graveler
|-supereffective|p2a: Graveler
|-damage|p2a: Graveler|0 fnt
|faint|p2a: Graveler
|choice||switch 5
|
|switch|p2a: Wigglytuff|Wigglytuff, L90|435\/435
|turn|13
|choice|move 3|move 3
|
|move|p2a: Wigglytuff|Blizzard|p1a: Golem
|-supereffective|p1a: Golem
|-damage|p1a: Golem|0 fnt
|faint|p1a: Golem
|choice|switch 3|
|
|switch|p1a: Gengar|Gengar, L79|257\/257
|turn|14
|choice|move 1|move 3
|
|move|p1a: Gengar|Hypnosis|p2a: Wigglytuff|[miss]
|-miss|p1a: Gengar
|move|p2a: Wigglytuff|Blizzard|p1a: Gengar
|-damage|p1a: Gengar|204\/257
|
|turn|15
|choice|move 1|move 3
|
|move|p1a: Gengar|Hypnosis|p2a: Wigglytuff
|-status|p2a: Wigglytuff|slp
|-curestatus|p2a: Wigglytuff|slp
|
|turn|16
|choice|move 1|move 3
|
|move|p1a: Gengar|Hypnosis|p2a: Wigglytuff
|-status|p2a: Wigglytuff|slp
|cant|p2a: Wigglytuff|slp
|
|turn|17
|choice|move 3|move 3
|
|move|p1a: Gengar|Psychic|p2a: Wigglytuff
|-crit|p2a: Wigglytuff
|-damage|p2a: Wigglytuff|255\/435 slp
|cant|p2a: Wigglytuff|slp
|
|turn|18
|choice|move 3|move 3
|
|move|p1a: Gengar|Psychic|p2a: Wigglytuff
|-damage|p2a: Wigglytuff|165\/435 slp
|cant|p2a: Wigglytuff|slp
|
|turn|19
|choice|move 3|move 3
|
|move|p1a: Gengar|Psychic|p2a: Wigglytuff
|-crit|p2a: Wigglytuff
|-damage|p2a: Wigglytuff|0 fnt
|faint|p2a: Wigglytuff
|choice||switch 2
|
|switch|p2a: Magmar|Magmar, L90|300\/300
|turn|20
|choice|move 1|move 4
|
|move|p2a: Magmar|Confuse Ray|p1a: Gengar
|-start|p1a: Gengar|confusion
|-activate|p1a: Gengar|confusion
|-damage|p1a: Gengar|175\/257|[from] confusion
|
|turn|21
|choice|move 1|switch 4
|
|switch|p2a: Butterfree|Butterfree, L90|269\/291
|-activate|p1a: Gengar|confusion
|move|p1a: Gengar|Hypnosis|p2a: Butterfree
|-status|p2a: Butterfree|slp
|
|turn|22
|choice|switch 2|move 3
|
|switch|p1a: Chansey|Chansey, L79|92\/557
|-curestatus|p2a: Butterfree|slp
|
|turn|23
|choice|switch 6|move 1
|
|switch|p1a: Exeggutor|Exeggutor, L79|312\/312
|move|p2a: Butterfree|Mega Drain|p1a: Exeggutor
|-resisted|p1a: Exeggutor
|-damage|p1a: Exeggutor|301\/312
|-heal|p2a: Butterfree|274\/291|[from] drain|[of] p1a: Exeggutor
|
|turn|24
|choice|move 3|switch 4
|
|switch|p2a: Magmar|Magmar, L90|300\/300
|move|p1a: Exeggutor|Psychic|p2a: Magmar
|-damage|p2a: Magmar|202\/300
|
|turn|25
|choice|move 1|move 3
|
|move|p2a: Magmar|Body Slam|p1a: Exeggutor
|-damage|p1a: Exeggutor|222\/312
|-status|p1a: Exeggutor|par
|move|p1a: Exeggutor|Sleep Powder|p2a: Magmar
|-status|p2a: Magmar|slp
|
|turn|26
|choice|move 3|move 1
|
|cant|p2a: Magmar|slp
|move|p1a: Exeggutor|Psychic|p2a: Magmar
|-damage|p2a: Magmar|102\/300 slp
|
|turn|27
|choice|move 3|move 1
|
|cant|p2a: Magmar|slp
|move|p1a: Exeggutor|Psychic|p2a: Magmar
|-crit|p2a: Magmar
|-damage|p2a: Magmar|0 fnt
|faint|p2a: Magmar
|choice||switch 4
|
|switch|p2a: Butterfree|Butterfree, L90|274\/291
|turn|28
|choice|move 3|move 3
|
|move|p2a: Butterfree|Psychic|p1a: Exeggutor
|-resisted|p1a: Exeggutor
|-damage|p1a: Exeggutor|197\/312 par
|cant|p1a: Exeggutor|par
|
|turn|29
|choice|move 4|move 3
|
|move|p2a: Butterfree|Psychic|p1a: Exeggutor
|-crit|p1a: Exeggutor
|-resisted|p1a: Exeggutor
|-damage|p1a: Exeggutor|143\/312 par
|-unboost|p1a: Exeggutor|spd|1
|-unboost|p1a: Exeggutor|spa|1
|move|p1a: Exeggutor|Explosion|p2a: Butterfree
|-damage|p2a: Butterfree|0 fnt
|faint|p2a: Butterfree
|faint|p1a: Exeggutor
|choice|switch 5|switch 6
|
|switch|p1a: Tauros|Tauros, L79|280\/280
|switch|p2a: Hitmonlee|Hitmonlee, L90|272\/273
|turn|30
|choice|move 2|move 2
|
|move|p1a: Tauros|Body Slam|p2a: Hitmonlee
|-crit|p2a: Hitmonlee
|-damage|p2a: Hitmonlee|69\/273
|-status|p2a: Hitmonlee|par
|cant|p2a: Hitmonlee|par
|
|turn|31
|choice|move 3|move 2
|
|move|p1a: Tauros|Earthquake|p2a: Hitmonlee
|-crit|p2a: Hitmonlee
|-damage|p2a: Hitmonlee|0 fnt
|faint|p2a: Hitmonlee
|
|win|MALESANI
|raw|MALESANI's rating: 1319 &rarr; <strong>1327<\/strong><br \/>(+8 for winning)
|raw|Scultone's rating: 1086 &rarr; <strong>1076<\/strong><br \/>(-10 for losing)
|leave|Scultone
|player|p2