|join|kid gf lol
|join|IAaronTheBaronI
|player|p1|kid gf lol|114
|player|p2|IAaronTheBaronI|161
|gametype|singles
|gen|1
|tier|[Gen 1] OU (beta)
|rated
|rule|Sleep Clause Mod: Limit one foe put to sleep
|rule|Species Clause: Limit one of each Pokémon
|rule|OHKO Clause: OHKO moves are banned
|rule|Evasion Moves Clause: Evasion moves are banned
|rule|HP Percentage Mod: HP is shown in percentages
|
|start
|switch|p1a: Gengar|Gengar|323\/323
|switch|p2a: Venusaur|Venusaur|363\/363
|turn|1
|c|★IAaronTheBaronI|oh what the hell!!
|c|★IAaronTheBaronI|good luck and have fun :(
|
|switch|p2a: Chansey|Chansey|703\/703
|move|p1a: Gengar|Hypnosis|p2a: Chansey|[miss]
|-miss|p1a: Gengar
|
|turn|2
|
|move|p1a: Gengar|Hypnosis|p2a: Chansey
|-status|p2a: Chansey|slp
|cant|p2a: Chansey|slp
|
|turn|3
|c|★kid gf lol|how are you
|c|★IAaronTheBaronI|it's already identical to our earlier battle
|c|★kid gf lol|is it?
|c|★IAaronTheBaronI|i was fine until this battle started
|c|★IAaronTheBaronI|lol
|
|switch|p2a: Slowbro|Slowbro|393\/393
|move|p1a: Gengar|Psychic|p2a: Slowbro
|-resisted|p2a: Slowbro
|-damage|p2a: Slowbro|341\/393
|-unboost|p2a: Slowbro|spd|1
|-unboost|p2a: Slowbro|spa|1
|
|turn|4
|
|switch|p2a: Venusaur|Venusaur|363\/363
|move|p1a: Gengar|Thunderbolt|p2a: Venusaur
|-crit|p2a: Venusaur
|-resisted|p2a: Venusaur
|-damage|p2a: Venusaur|279\/363
|
|turn|5
|
|switch|p2a: Alakazam|Alakazam|313\/313
|move|p1a: Gengar|Psychic|p2a: Alakazam
|-crit|p2a: Alakazam
|-resisted|p2a: Alakazam
|-damage|p2a: Alakazam|243\/313
|
|turn|6
|
|switch|p1a: Chansey|Chansey|703\/703
|move|p2a: Alakazam|Thunder Wave|p1a: Chansey
|-status|p1a: Chansey|par
|
|turn|7
|
|switch|p2a: Slowbro|Slowbro|341\/393
|move|p1a: Chansey|Thunderbolt|p2a: Slowbro
|-supereffective|p2a: Slowbro
|-damage|p2a: Slowbro|153\/393
|
|turn|8
|c|★IAaronTheBaronI|why? lol
|
|move|p2a: Slowbro|Amnesia|p2a: Slowbro
|-boost|p2a: Slowbro|spd|2
|-boost|p2a: Slowbro|spa|2
|move|p1a: Chansey|Thunderbolt|p2a: Slowbro
|-supereffective|p2a: Slowbro
|-damage|p2a: Slowbro|60\/393
|
|turn|9
|
|switch|p1a: Victreebell|Victreebel|363\/363
|move|p2a: Slowbro|Psychic|p1a: Victreebell
|-supereffective|p1a: Victreebell
|-damage|p1a: Victreebell|0 fnt
|faint|p1a: Victreebell
|
|switch|p1a: Zapdos|Zapdos|383\/383
|turn|10
|
|move|p1a: Zapdos|Drill Peck|p2a: Slowbro
|-crit|p2a: Slowbro
|-damage|p2a: Slowbro|0 fnt
|faint|p2a: Slowbro
|
|switch|p2a: Tauros|Tauros|353\/353
|turn|11
|
|move|p2a: Tauros|Blizzard|p1a: Zapdos|[miss]
|-miss|p2a: Tauros
|move|p1a: Zapdos|Thunder Wave|p2a: Tauros
|-status|p2a: Tauros|par
|
|turn|12
|c|★IAaronTheBaronI|:\/
|
|switch|p1a: Cloyster|Cloyster|303\/303
|cant|p2a: Tauros|par
|
|turn|13
|c|★IAaronTheBaronI|fuck it gg!!!!!
|
|switch|p2a: Venusaur|Venusaur|279\/363
|move|p1a: Cloyster|Clamp|p2a: Venusaur
|-resisted|p2a: Venusaur
|-damage|p2a: Venusaur|261\/363
|-activate|p2a: Venusaur|move: Clamp|[of] p1a: Cloyster
|
|turn|14
|c|★kid gf lol|gg??
|c|★IAaronTheBaronI|lol
|c|★IAaronTheBaronI|Tauros para
|
|switch|p1a: Gengar|Gengar|323\/323
|cant|p2a: Venusaur|partiallytrapped
|
|-end|p2a: Venusaur|Clamp|[partiallytrapped]
|turn|15
|
|switch|p2a: Alakazam|Alakazam|243\/313
|move|p1a: Gengar|Psychic|p2a: Alakazam
|-resisted|p2a: Alakazam
|-damage|p2a: Alakazam|207\/313
|-unboost|p2a: Alakazam|spd|1
|-unboost|p2a: Alakazam|spa|1
|
|turn|16
|
|switch|p2a: Tauros|Tauros|353\/353 par
|move|p1a: Gengar|Thunderbolt|p2a: Tauros
|-crit|p2a: Tauros
|-damage|p2a: Tauros|144\/353 par
|
|turn|17
|c|★IAaronTheBaronI|i swear this sim favours moderators lol
|c|★IAaronTheBaronI|favor*
|c|★IAaronTheBaronI|no favour
|c|★kid gf lol|i'm only a room mod though lol
|c|★IAaronTheBaronI|i don't give a shit!!!
|c|★IAaronTheBaronI|lol
|
|switch|p1a: Cloyster|Cloyster|303\/303
|cant|p2a: Tauros|par
|
|turn|18
|c|★IAaronTheBaronI|<<< see
|c|★IAaronTheBaronI|that was about to be an OHKO fissure
|
|move|p1a: Cloyster|Blizzard|p2a: Tauros
|-crit|p2a: Tauros
|-damage|p2a: Tauros|0 fnt
|faint|p2a: Tauros
|
|switch|p2a: Venusaur|Venusaur|261\/363
|turn|19
|
|switch|p1a: Chansey|Chansey|703\/703 par
|move|p2a: Venusaur|Swords Dance|p2a: Venusaur
|-boost|p2a: Venusaur|atk|2
|
|turn|20
|
|move|p2a: Venusaur|Body Slam|p1a: Chansey
|-damage|p1a: Chansey|362\/703 par
|cant|p1a: Chansey|par
|
|turn|21
|
|switch|p1a: Gengar|Gengar|323\/323
|move|p2a: Venusaur|Body Slam|p1a: Gengar
|-immune|p1a: Gengar|[msg]
|
|turn|22
|c|★kid gf lol|walled-asaur
|
|switch|p2a: Chansey|Chansey|703\/703 slp
|move|p1a: Gengar|Psychic|p2a: Chansey
|-crit|p2a: Chansey
|-damage|p2a: Chansey|549\/703 slp
|-unboost|p2a: Chansey|spd|1
|-unboost|p2a: Chansey|spa|1
|
|turn|23
|
|switch|p2a: Alakazam|Alakazam|207\/313
|move|p1a: Gengar|Psychic|p2a: Alakazam
|-resisted|p2a: Alakazam
|-damage|p2a: Alakazam|172\/313
|
|turn|24
|
|switch|p1a: Chansey|Chansey|362\/703 par
|move|p2a: Alakazam|Recover|p2a: Alakazam
|-heal|p2a: Alakazam|313\/313
|
|turn|25
|
|switch|p2a: Chansey|Chansey|549\/703 slp
|cant|p1a: Chansey|par
|
|turn|26
|
|cant|p2a: Chansey|slp
|move|p1a: Chansey|Soft-Boiled|p1a: Chansey
|-heal|p1a: Chansey|703\/703 par
|
|turn|27
|
|switch|p1a: Gengar|Gengar|323\/323
|cant|p2a: Chansey|slp
|
|turn|28
|
|move|p1a: Gengar|Psychic|p2a: Chansey
|-damage|p2a: Chansey|473\/703 slp
|cant|p2a: Chansey|slp
|
|turn|29
|
|move|p1a: Gengar|Psychic|p2a: Chansey
|-damage|p2a: Chansey|393\/703 slp
|cant|p2a: Chansey|slp
|-curestatus|p2a: Chansey|slp
|
|turn|30
|
|move|p1a: Gengar|Hypnosis|p2a: Chansey
|-status|p2a: Chansey|slp
|cant|p2a: Chansey|slp
|
|turn|31
|c|★IAaronTheBaronI|why is hypnosis so accurate with you
|c|★IAaronTheBaronI|lol
|
|move|p1a: Gengar|Psychic|p2a: Chansey
|-damage|p2a: Chansey|314\/703 slp
|cant|p2a: Chansey|slp
|
|turn|32
|c|★IAaronTheBaronI|i miss like 5 before i hit one -.-
|
|move|p1a: Gengar|Psychic|p2a: Chansey
|-damage|p2a: Chansey|235\/703 slp
|-unboost|p2a: Chansey|spd|1
|-unboost|p2a: Chansey|spa|1
|cant|p2a: Chansey|slp
|-curestatus|p2a: Chansey|slp
|
|turn|33
|c|★kid gf lol|60\/40
|
|switch|p2a: Alakazam|Alakazam|313\/313
|move|p1a: Gengar|Hypnosis|p2a: Alakazam|[miss]
|-miss|p1a: Gengar
|
|turn|34
|
|switch|p2a: Chansey|Chansey|235\/703
|switch|p1a: Chansey|Chansey|703\/703 par
|
|turn|35
|
|move|p2a: Chansey|Soft-Boiled|p2a: Chansey
|-heal|p2a: Chansey|586\/703
|cant|p1a: Chansey|par
|
|turn|36
|
|switch|p2a: Dragonite|Dragonite|385\/385
|move|p1a: Chansey|Ice Beam|p2a: Dragonite
|-supereffective|p2a: Dragonite
|-damage|p2a: Dragonite|49\/385
|
|turn|37
|c|★IAaronTheBaronI|what
|c|★IAaronTheBaronI|i clicked Venuasaur!!!
|
|move|p2a: Dragonite|Agility|p2a: Dragonite
|-boost|p2a: Dragonite|spe|2
|move|p1a: Chansey|Ice Beam|p2a: Dragonite
|-supereffective|p2a: Dragonite
|-damage|p2a: Dragonite|0 fnt
|faint|p2a: Dragonite
|c|★IAaronTheBaronI|full para!!!
|c|★kid gf lol|no u didnt
|c|★IAaronTheBaronI|i flipping did
|c|★IAaronTheBaronI|lol
|
|switch|p2a: Alakazam|Alakazam|313\/313
|turn|38
|c|★kid gf lol|nope, that was definetly dragonite
|
|move|p2a: Alakazam|Psychic|p1a: Chansey
|-damage|p1a: Chansey|581\/703 par
|-unboost|p1a: Chansey|spd|1
|-unboost|p1a: Chansey|spa|1
|cant|p1a: Chansey|par
|
|turn|39
|c|★IAaronTheBaronI|that's this sim for ya
|c|★IAaronTheBaronI|i'm going back to my tcg no lag there :)
|
|move|p2a: Alakazam|Psychic|p1a: Chansey
|-damage|p1a: Chansey|407\/703 par
|-unboost|p1a: Chansey|spd|1
|-unboost|p1a: Chansey|spa|1
|move|p1a: Chansey|Thunder Wave|p2a: Alakazam
|-status|p2a: Alakazam|par
|
|turn|40
|c|★kid gf lol|whats tcg
|
|move|p2a: Alakazam|Psychic|p1a: Chansey
|-crit|p1a: Chansey
|-damage|p1a: Chansey|170\/703 par
|-unboost|p1a: Chansey|spd|1
|-unboost|p1a: Chansey|spa|1
|move|p1a: Chansey|Soft-Boiled|p1a: Chansey
|-heal|p1a: Chansey|521\/703 par
|
|turn|41
|c|★IAaronTheBaronI|trading card game
|
|move|p2a: Alakazam|Psychic|p1a: Chansey
|-crit|p1a: Chansey
|-damage|p1a: Chansey|273\/703 par
|cant|p1a: Chansey|par
|
|turn|42
|c|★kid gf lol|oh
|
|move|p2a: Alakazam|Psychic|p1a: Chansey
|-crit|p1a: Chansey
|-damage|p1a: Chansey|39\/703 par
|cant|p1a: Chansey|par
|
|turn|43
|c|★IAaronTheBaronI|never seen so many special falls on a Chansey lol
|
|move|p2a: Alakazam|Psychic|p1a: Chansey
|-damage|p1a: Chansey|0 fnt
|faint|p1a: Chansey
|
|switch|p1a: Tauros|Tauros|353\/353
|turn|44
|
|switch|p2a: Chansey|Chansey|586\/703
|move|p1a: Tauros|Body Slam|p2a: Chansey
|-damage|p2a: Chansey|333\/703
|-status|p2a: Chansey|par
|
|turn|45
|c|★IAaronTheBaronI|why did that have to be Tauros?
|
|switch|p2a: Venusaur|Venusaur|261\/363
|move|p1a: Tauros|Hyper Beam|p2a: Venusaur
|-damage|p2a: Venusaur|67\/363
|
|turn|46
|c|★IAaronTheBaronI|:D
|
|cant|p1a: Tauros|recharge
|move|p2a: Venusaur|Sleep Powder|p1a: Tauros
|-status|p1a: Tauros|slp
|
|turn|47
|
|switch|p1a: Gengar|Gengar|323\/323
|switch|p2a: Alakazam|Alakazam|313\/313 par
|
|turn|48
|
|move|p1a: Gengar|Explosion|p2a: Alakazam
|-damage|p2a: Alakazam|0 fnt
|faint|p2a: Alakazam
|faint|p1a: Gengar
|c|★IAaronTheBaronI|:'(
|c|★kid gf lol|zappy should sweep from here
|
|switch|p1a: Zapdos|Zapdos|383\/383
|switch|p2a: Chansey|Chansey|333\/703 par
|turn|49
|c|★IAaronTheBaronI|fuck you Gengar!!!!
|
|move|p1a: Zapdos|Drill Peck|p2a: Chansey
|-damage|p2a: Chansey|91\/703 par
|move|p2a: Chansey|Thunder Wave|p1a: Zapdos
|-status|p1a: Zapdos|par
|
|turn|50
|c|★IAaronTheBaronI|full para!!!
|c|★IAaronTheBaronI|please game :)
|
|move|p1a: Zapdos|Drill Peck|p2a: Chansey
|-crit|p2a: Chansey
|-damage|p2a: Chansey|0 fnt
|faint|p2a: Chansey
|c|★kid gf lol|crit lol
|c|★IAaronTheBaronI|well fuck you showdown
|
|switch|p2a: Venusaur|Venusaur|67\/363
|turn|51
|
|move|p2a: Venusaur|Swords Dance|p2a: Venusaur
|-boost|p2a: Venusaur|atk|2
|move|p1a: Zapdos|Drill Peck|p2a: Venusaur
|-supereffective|p2a: Venusaur
|-damage|p2a: Venusaur|0 fnt
|faint|p2a: Venusaur
|
|win|kid gf lol
|raw|Ladder updating...
|raw|kid gf lol's rating: 1395 &rarr; <strong>1406<\/strong><br \/>(+11 for winning)
|raw|IAaronTheBaronI's rating: 1218 &rarr; <strong>1205<\/strong><br \/>(-13 for losing)
|c|★IAaronTheBaronI|nope not there either
|c|★IAaronTheBaronI|did you have Victreebel in our last battle?
|c|★kid gf lol|yeah
|c|★kid gf lol|idk if it got used or not
|c|★kid gf lol|i forget
|c|★IAaronTheBaronI|how come you dropped Exeggutor?
|c|★kid gf lol|i think it did
|c|★kid gf lol|its my wrap team
|c|★IAaronTheBaronI|oh wrap and clamp
|c|★kid gf lol|i need to make some adjustments, but it's always changing
|c|★IAaronTheBaronI|where's your firespinner
|c|★IAaronTheBaronI|Lol
|c|★kid gf lol|fire spin sucks
|c|★IAaronTheBaronI|true clamps the better out the 3, i never fair too well with Cloyster though
|c|★kid gf lol|i cant go without cloyster here
|c|★kid gf lol|it's one of my staples since showdown has glitched wrap mechanics to favor wrap
|c|★kid gf lol|on PO i can drop cloyster
|c|★IAaronTheBaronI|how does showdown favor wrap?
|c|★kid gf lol|it will do the damage of the original clamp that hit in a series
|c|★kid gf lol|or wrap
|c|★kid gf lol|it's most notable if i manage to clamp a golem
|c|★kid gf lol|clamp on golem does 57%
|c|★kid gf lol|since it's water
|c|★IAaronTheBaronI|really?
|c|★kid gf lol|and if you switch from golem to say alakazam
|c|★kid gf lol|clamp will do the normal 7% or w\/e to alakazam the first turn
|c|★kid gf lol|than like 60% the second turn
|c|★IAaronTheBaronI|the stab gives it extra damage
|c|★kid gf lol|since it originally clamped golem
|c|★kid gf lol|so if i crit clamp a golem, your entire team can get sweeped by clamps doing 100% to everything lol
|c|★kid gf lol|if it outspeeds everything anyways
|c|★IAaronTheBaronI|wtf
|c|★IAaronTheBaronI|that's ridiculous
|c|★IAaronTheBaronI|did that also happen on the official rby link system>
|c|★kid gf lol|also reflect and light screen are bugged on this sim
|c|★kid gf lol|no
|c|★kid gf lol|it's the sim
|c|★IAaronTheBaronI|oh
|c|★IAaronTheBaronI|is PO the same?
|c|★kid gf lol|play on Pokemon online if you want correct mechanic RBY
|c|★kid gf lol|no PO has it right
|c|★IAaronTheBaronI|oh cool
|c|★IAaronTheBaronI|might use PO for gen 1 more often
|c|★IAaronTheBaronI|had the android app over a year ago, but was the same people all the time
|c|★kid gf lol|the players on PO are much better atleast in rby too
|c|★kid gf lol|you'd get better at it anyways lol
|c|★IAaronTheBaronI|only two players have regularly beaten me here and that's you and Spence
|c|★IAaronTheBaronI|and that;s saying something because I'm pretty trash lol
|c|★IAaronTheBaronI|does PO have more than just OU tier?
|c|★kid gf lol|yeah
|c|★kid gf lol|for rby?
|c|★IAaronTheBaronI|that's cool
|c|★kid gf lol|they have everything, however OU is really the only thing that gets played
|c|★IAaronTheBaronI|oh
|c|★kid gf lol|it's also more active than this ladder
|c|★IAaronTheBaronI|lol
|c|★IAaronTheBaronI|i'll definitely get into the PO then