|j|Ice-Hyp!
|j|LibertarianMaster
|player|p1|Ice-Hyp!|153
|player|p2|LibertarianMaster|101
|gametype|singles
|gen|1
|tier|[Gen 1] OU
|seed|34882,44060,49540,28177
|rule|Sleep Clause Mod: Limit one foe put to sleep
|rule|Freeze Clause Mod: Limit one foe frozen
|rule|Species Clause: Limit one of each Pokémon
|rule|OHKO Clause: OHKO moves are banned
|rule|Evasion Moves Clause: Evasion moves are banned
|rule|HP Percentage Mod: HP is shown in percentages
|
|start
|switch|p1a: Starmie|Starmie|323\/323
|switch|p2a: Double Pentagram|Starmie|323\/323
|turn|1
|c|★LibertarianMaster|glhf
|choice|switch 3|move 1
|
|switch|p1a: Chansey|Chansey|703\/703
|move|p2a: Double Pentagram|Thunder Wave|p1a: Chansey
|-status|p1a: Chansey|par
|
|turn|2
|choice|move 1|switch 2
|
|switch|p2a: Rock Hard|Golem|363\/363
|move|p1a: Chansey|Thunder Wave|p2a: Rock Hard
|-immune|p2a: Rock Hard|[msg]
|
|turn|3
|choice|move 2|move 1
|
|move|p2a: Rock Hard|Earthquake|p1a: Chansey
|-damage|p1a: Chansey|378\/703 par
|move|p1a: Chansey|Ice Beam|p2a: Rock Hard
|-supereffective|p2a: Rock Hard
|-damage|p2a: Rock Hard|124\/363
|
|turn|4
|choice|switch 2|move 1
|
|switch|p1a: Exeggutor|Exeggutor, M|393\/393
|move|p2a: Rock Hard|Earthquake|p1a: Exeggutor
|-resisted|p1a: Exeggutor
|-damage|p1a: Exeggutor|322\/393
|
|turn|5
|choice|move 3|switch 2
|
|switch|p2a: Double Pentagram|Starmie|323\/323
|move|p1a: Exeggutor|Psychic|p2a: Double Pentagram
|-resisted|p2a: Double Pentagram
|-damage|p2a: Double Pentagram|264\/323
|
|turn|6
|choice|move 1|move 4
|
|move|p2a: Double Pentagram|Blizzard|p1a: Exeggutor
|-supereffective|p1a: Exeggutor
|-damage|p1a: Exeggutor|172\/393
|move|p1a: Exeggutor|Sleep Powder|p2a: Double Pentagram|[miss]
|-miss|p1a: Exeggutor
|
|turn|7
|choice|move 1|move 4
|
|move|p2a: Double Pentagram|Blizzard|p1a: Exeggutor
|-supereffective|p1a: Exeggutor
|-damage|p1a: Exeggutor|4\/393
|move|p1a: Exeggutor|Sleep Powder|p2a: Double Pentagram
|-status|p2a: Double Pentagram|slp
|
|turn|8
|choice|move 3|move 4
|
|cant|p2a: Double Pentagram|slp
|move|p1a: Exeggutor|Psychic|p2a: Double Pentagram
|-resisted|p2a: Double Pentagram
|-damage|p2a: Double Pentagram|206\/323 slp
|
|turn|9
|choice|move 4|switch 4
|
|switch|p2a: There's no spoon|Alakazam|313\/313
|move|p1a: Exeggutor|Explosion|p2a: There's no spoon
|-damage|p2a: There's no spoon|0 fnt
|faint|p2a: There's no spoon
|faint|p1a: Exeggutor
|c|★LibertarianMaster|lol
|j|VegetaNaruto100
|choice|switch 3|switch 5
|
|switch|p1a: Starmie|Starmie|323\/323
|switch|p2a: Bully|Tauros|353\/353
|turn|10
|choice|move 3|move 1
|
|move|p1a: Starmie|Thunder Wave|p2a: Bully
|-status|p2a: Bully|par
|move|p2a: Bully|Body Slam|p1a: Starmie
|-damage|p1a: Starmie|216\/323
|
|turn|11
|choice|move 4|move 1
|
|move|p1a: Starmie|Recover|p1a: Starmie
|-heal|p1a: Starmie|323\/323
|move|p2a: Bully|Body Slam|p1a: Starmie
|-damage|p1a: Starmie|217\/323
|
|turn|12
|choice|move 4|move 1
|
|move|p1a: Starmie|Recover|p1a: Starmie
|-heal|p1a: Starmie|323\/323
|cant|p2a: Bully|par
|
|turn|13
|choice|move 2|move 3
|
|move|p1a: Starmie|Psychic|p2a: Bully
|-damage|p2a: Bully|220\/353 par
|cant|p2a: Bully|par
|
|turn|14
|choice|move 2|switch 4
|
|switch|p2a: Double Pentagram|Starmie|206\/323 slp
|move|p1a: Starmie|Psychic|p2a: Double Pentagram
|-resisted|p2a: Double Pentagram
|-damage|p2a: Double Pentagram|158\/323 slp
|
|turn|15
|choice|switch 6|move 3
|
|switch|p1a: Snorlax|Snorlax, M|523\/523
|cant|p2a: Double Pentagram|slp
|
|turn|16
|choice|move 2|switch 6
|
|switch|p2a: I'm fat but I fly|Dragonite|385\/385
|move|p1a: Snorlax|Reflect|p1a: Snorlax
|-start|p1a: Snorlax|Reflect
|
|turn|17
|choice|move 1|move 2
|
|move|p2a: I'm fat but I fly|Wrap|p1a: Snorlax
|-damage|p1a: Snorlax|512\/523
|-activate|p1a: Snorlax|move: Wrap|[of] p2a: I'm fat but I fly
|cant|p1a: Snorlax|partiallytrapped
|
|turn|18
|choice|move 1|move 2
|
|move|p2a: I'm fat but I fly|Wrap|p1a: Snorlax|[from]Wrap
|-damage|p1a: Snorlax|501\/523
|cant|p1a: Snorlax|partiallytrapped
|
|-end|p1a: Snorlax|Wrap|[partiallytrapped]
|turn|19
|choice|switch 4|move 2
|
|switch|p1a: Golem|Golem, M|363\/363
|move|p2a: I'm fat but I fly|Wrap|p1a: Golem
|-resisted|p1a: Golem
|-damage|p1a: Golem|357\/363
|-activate|p1a: Golem|move: Wrap|[of] p2a: I'm fat but I fly
|
|turn|20
|choice|switch 6|move 2
|
|switch|p1a: Starmie|Starmie|323\/323
|move|p2a: I'm fat but I fly|Wrap|p1a: Starmie
|-damage|p1a: Starmie|306\/323
|-activate|p1a: Starmie|move: Wrap|[of] p2a: I'm fat but I fly
|
|turn|21
|choice|move 3|move 2
|
|cant|p1a: Starmie|partiallytrapped
|move|p2a: I'm fat but I fly|Wrap|p1a: Starmie|[from]Wrap
|-damage|p1a: Starmie|289\/323
|
|-end|p1a: Starmie|Wrap|[partiallytrapped]
|turn|22
|choice|switch 6|switch 3
|
|switch|p1a: Golem|Golem, M|357\/363
|switch|p2a: Parthenogenesis|Chansey|703\/703
|
|turn|23
|choice|move 3|move 3
|
|move|p2a: Parthenogenesis|Ice Beam|p1a: Golem
|-crit|p1a: Golem
|-supereffective|p1a: Golem
|-damage|p1a: Golem|0 fnt
|faint|p1a: Golem
|c|★Ice-Hyp!|jesus
|choice|switch 4|
|
|switch|p1a: Snorlax|Snorlax, M|501\/523
|turn|24
|choice|move 1|move 2
|
|move|p2a: Parthenogenesis|Thunder Wave|p1a: Snorlax
|-status|p1a: Snorlax|par
|move|p1a: Snorlax|Body Slam|p2a: Parthenogenesis
|-damage|p2a: Parthenogenesis|419\/703
|
|turn|25
|choice|move 2|move 1
|
|move|p2a: Parthenogenesis|Soft-Boiled|p2a: Parthenogenesis
|-heal|p2a: Parthenogenesis|703\/703
|move|p1a: Snorlax|Reflect|p1a: Snorlax
|-start|p1a: Snorlax|Reflect
|
|turn|26
|choice|move 3|move 4
|
|move|p2a: Parthenogenesis|Thunderbolt|p1a: Snorlax
|-crit|p1a: Snorlax
|-damage|p1a: Snorlax|314\/523 par
|move|p1a: Snorlax|Amnesia|p1a: Snorlax
|-boost|p1a: Snorlax|spd|2
|-boost|p1a: Snorlax|spa|2
|
|turn|27
|l|VegetaNaruto100
|choice|move 4|move 4
|
|move|p2a: Parthenogenesis|Thunderbolt|p1a: Snorlax
|-damage|p1a: Snorlax|268\/523 par
|move|p1a: Snorlax|Rest|p1a: Snorlax
|-fail|p1a: Snorlax
|
|turn|28
|choice|move 1|move 4
|
|move|p2a: Parthenogenesis|Thunderbolt|p1a: Snorlax
|-damage|p1a: Snorlax|216\/523 par
|move|p1a: Snorlax|Body Slam|p2a: Parthenogenesis
|-damage|p2a: Parthenogenesis|427\/703
|
|turn|29
|c|★LibertarianMaster|interesting moveset
|choice|move 4|move 4
|
|move|p2a: Parthenogenesis|Thunderbolt|p1a: Snorlax
|-damage|p1a: Snorlax|167\/523 par
|move|p1a: Snorlax|Rest|p1a: Snorlax
|-status|p1a: Snorlax|slp
|-heal|p1a: Snorlax|523\/523 slp|[silent]
|-status|p1a: Snorlax|slp|[from] move: Rest
|
|turn|30
|c|★Ice-Hyp!|italian school
|c|★Ice-Hyp!|by marcoasd studyng
|choice|move 1|move 1
|
|move|p2a: Parthenogenesis|Soft-Boiled|p2a: Parthenogenesis
|-heal|p2a: Parthenogenesis|703\/703
|cant|p1a: Snorlax|slp
|
|turn|31
|choice|move 1|move 4
|
|move|p2a: Parthenogenesis|Thunderbolt|p1a: Snorlax
|-damage|p1a: Snorlax|476\/523 slp
|-curestatus|p1a: Snorlax|slp
|
|turn|32
|choice|move 1|move 2
|
|move|p2a: Parthenogenesis|Thunder Wave|p1a: Snorlax
|-status|p1a: Snorlax|par
|move|p1a: Snorlax|Body Slam|p2a: Parthenogenesis
|-damage|p2a: Parthenogenesis|397\/703
|
|turn|33
|choice|switch 2|move 1
|
|switch|p1a: Chansey|Chansey|378\/703 par
|move|p2a: Parthenogenesis|Soft-Boiled|p2a: Parthenogenesis
|-heal|p2a: Parthenogenesis|703\/703
|
|turn|34
|choice|move 2|switch 2
|
|switch|p2a: Rock Hard|Golem|124\/363
|move|p1a: Chansey|Ice Beam|p2a: Rock Hard
|-supereffective|p2a: Rock Hard
|-damage|p2a: Rock Hard|0 fnt
|faint|p2a: Rock Hard
|choice||switch 3
|
|switch|p2a: I'm fat but I fly|Dragonite|385\/385
|turn|35
|choice|move 4|move 4
|
|move|p2a: I'm fat but I fly|Hyper Beam|p1a: Chansey
|-damage|p1a: Chansey|0 fnt
|faint|p1a: Chansey
|choice|switch 6|
|
|switch|p1a: Starmie|Starmie|289\/323
|turn|36
|choice|move 3|switch 2
|
|switch|p2a: Parthenogenesis|Chansey|703\/703
|move|p1a: Starmie|Thunder Wave|p2a: Parthenogenesis
|-status|p2a: Parthenogenesis|par
|
|turn|37
|choice|switch 2|move 2
|
|switch|p1a: Snorlax|Snorlax, M|476\/523 par
|cant|p2a: Parthenogenesis|par
|
|turn|38
|choice|move 2|move 4
|
|move|p2a: Parthenogenesis|Thunderbolt|p1a: Snorlax
|-damage|p1a: Snorlax|375\/523 par
|cant|p1a: Snorlax|par
|
|turn|39
|choice|move 2|move 4
|
|cant|p2a: Parthenogenesis|par
|move|p1a: Snorlax|Reflect|p1a: Snorlax
|-start|p1a: Snorlax|Reflect
|
|turn|40
|choice|move 3|move 4
|
|cant|p2a: Parthenogenesis|par
|move|p1a: Snorlax|Amnesia|p1a: Snorlax
|-boost|p1a: Snorlax|spd|2
|-boost|p1a: Snorlax|spa|2
|
|turn|41
|choice|move 4|move 4
|
|move|p1a: Snorlax|Rest|p1a: Snorlax
|-status|p1a: Snorlax|slp
|-heal|p1a: Snorlax|523\/523 slp|[silent]
|-status|p1a: Snorlax|slp|[from] move: Rest
|move|p2a: Parthenogenesis|Thunderbolt|p1a: Snorlax
|-damage|p1a: Snorlax|469\/523 slp
|
|turn|42
|c|★LibertarianMaster|thats a good stalling snorlax
|c|★Ice-Hyp!|do you like?
|choice|move 1|move 4
|
|cant|p1a: Snorlax|slp
|move|p2a: Parthenogenesis|Thunderbolt|p1a: Snorlax
|-crit|p1a: Snorlax
|-damage|p1a: Snorlax|263\/523 slp
|
|turn|43
|choice|move 4|move 4
|
|-curestatus|p1a: Snorlax|slp
|move|p2a: Parthenogenesis|Thunderbolt|p1a: Snorlax
|-crit|p1a: Snorlax
|-damage|p1a: Snorlax|68\/523
|
|turn|44
|c|★Ice-Hyp!|omg
|choice|move 4|move 4
|
|move|p1a: Snorlax|Rest|p1a: Snorlax
|-status|p1a: Snorlax|slp
|-heal|p1a: Snorlax|523\/523 slp|[silent]
|-status|p1a: Snorlax|slp|[from] move: Rest
|move|p2a: Parthenogenesis|Thunderbolt|p1a: Snorlax
|-damage|p1a: Snorlax|473\/523 slp
|
|turn|45
|choice|move 1|switch 6
|
|switch|p2a: Double Pentagram|Starmie|158\/323 slp
|cant|p1a: Snorlax|slp
|
|turn|46
|choice|move 1|move 3
|
|cant|p2a: Double Pentagram|slp
|-curestatus|p1a: Snorlax|slp
|
|turn|47
|choice|move 1|switch 6
|
|switch|p2a: Parthenogenesis|Chansey|703\/703 par
|move|p1a: Snorlax|Body Slam|p2a: Parthenogenesis
|-damage|p2a: Parthenogenesis|397\/703 par
|
|turn|48
|choice|move 1|move 1
|
|move|p2a: Parthenogenesis|Soft-Boiled|p2a: Parthenogenesis
|-heal|p2a: Parthenogenesis|703\/703 par
|move|p1a: Snorlax|Body Slam|p2a: Parthenogenesis
|-damage|p2a: Parthenogenesis|430\/703 par
|
|turn|49
|choice|move 1|move 2
|
|move|p2a: Parthenogenesis|Thunder Wave|p1a: Snorlax
|-status|p1a: Snorlax|par
|move|p1a: Snorlax|Body Slam|p2a: Parthenogenesis
|-damage|p2a: Parthenogenesis|136\/703 par
|
|turn|50
|c|★Ice-Hyp!|..important moment
|choice|move 1|move 1
|
|move|p2a: Parthenogenesis|Soft-Boiled|p2a: Parthenogenesis
|-heal|p2a: Parthenogenesis|487\/703 par
|move|p1a: Snorlax|Body Slam|p2a: Parthenogenesis
|-damage|p2a: Parthenogenesis|197\/703 par
|
|turn|51
|choice|move 1|move 1
|
|move|p2a: Parthenogenesis|Soft-Boiled|p2a: Parthenogenesis
|-heal|p2a: Parthenogenesis|548\/703 par
|move|p1a: Snorlax|Body Slam|p2a: Parthenogenesis
|-damage|p2a: Parthenogenesis|250\/703 par
|
|turn|52
|choice|move 1|move 1
|
|move|p2a: Parthenogenesis|Soft-Boiled|p2a: Parthenogenesis
|-heal|p2a: Parthenogenesis|601\/703 par
|move|p1a: Snorlax|Body Slam|p2a: Parthenogenesis
|-damage|p2a: Parthenogenesis|298\/703 par
|
|turn|53
|choice|move 1|move 1
|
|cant|p2a: Parthenogenesis|par
|move|p1a: Snorlax|Body Slam|p2a: Parthenogenesis
|-crit|p2a: Parthenogenesis
|-damage|p2a: Parthenogenesis|0 fnt
|faint|p2a: Parthenogenesis
|choice||switch 6
|
|switch|p2a: Double Pentagram|Starmie|158\/323 slp
|turn|54
|choice|move 1|move 3
|
|cant|p2a: Double Pentagram|slp
|cant|p1a: Snorlax|par
|
|turn|55
|choice|move 4|move 3
|
|-curestatus|p2a: Double Pentagram|slp
|move|p1a: Snorlax|Rest|p1a: Snorlax
|-status|p1a: Snorlax|slp
|-heal|p1a: Snorlax|523\/523 slp|[silent]
|-status|p1a: Snorlax|slp|[from] move: Rest
|
|turn|56
|c|★LibertarianMaster|finally woke up
|choice|move 1|move 2
|
|move|p2a: Double Pentagram|Recover|p2a: Double Pentagram
|-heal|p2a: Double Pentagram|319\/323
|cant|p1a: Snorlax|slp
|
|turn|57
|choice|move 1|move 3
|
|move|p2a: Double Pentagram|Thunderbolt|p1a: Snorlax
|-crit|p1a: Snorlax
|-damage|p1a: Snorlax|337\/523 slp
|-curestatus|p1a: Snorlax|slp
|
|turn|58
|j|Mista Jay
|choice|move 1|move 4
|
|move|p2a: Double Pentagram|Blizzard|p1a: Snorlax
|-damage|p1a: Snorlax|279\/523
|move|p1a: Snorlax|Body Slam|p2a: Double Pentagram
|-damage|p2a: Double Pentagram|193\/323
|
|turn|59
|choice|move 4|move 4
|
|move|p2a: Double Pentagram|Blizzard|p1a: Snorlax
|-damage|p1a: Snorlax|212\/523
|move|p1a: Snorlax|Rest|p1a: Snorlax
|-status|p1a: Snorlax|slp
|-heal|p1a: Snorlax|523\/523 slp|[silent]
|-status|p1a: Snorlax|slp|[from] move: Rest
|
|turn|60
|choice|move 1|move 3
|
|move|p2a: Double Pentagram|Thunderbolt|p1a: Snorlax
|-crit|p1a: Snorlax
|-damage|p1a: Snorlax|340\/523 slp
|cant|p1a: Snorlax|slp
|
|turn|61
|choice|move 1|move 3
|
|move|p2a: Double Pentagram|Thunderbolt|p1a: Snorlax
|-damage|p1a: Snorlax|289\/523 slp
|-curestatus|p1a: Snorlax|slp
|
|turn|62
|choice|move 1|move 4
|
|move|p2a: Double Pentagram|Blizzard|p1a: Snorlax
|-damage|p1a: Snorlax|226\/523
|move|p1a: Snorlax|Body Slam|p2a: Double Pentagram
|-damage|p2a: Double Pentagram|72\/323
|
|turn|63
|choice|move 4|move 2
|
|move|p2a: Double Pentagram|Recover|p2a: Double Pentagram
|-heal|p2a: Double Pentagram|233\/323
|move|p1a: Snorlax|Rest|p1a: Snorlax
|-status|p1a: Snorlax|slp
|-heal|p1a: Snorlax|523\/523 slp|[silent]
|-status|p1a: Snorlax|slp|[from] move: Rest
|
|turn|64
|choice|move 1|move 3
|
|move|p2a: Double Pentagram|Thunderbolt|p1a: Snorlax
|-damage|p1a: Snorlax|471\/523 slp
|cant|p1a: Snorlax|slp
|
|turn|65
|choice|move 1|move 3
|
|move|p2a: Double Pentagram|Thunderbolt|p1a: Snorlax
|-crit|p1a: Snorlax
|-damage|p1a: Snorlax|276\/523 slp
|-curestatus|p1a: Snorlax|slp
|
|turn|66
|choice|move 4|move 4
|
|move|p2a: Double Pentagram|Blizzard|p1a: Snorlax|[miss]
|-miss|p2a: Double Pentagram
|move|p1a: Snorlax|Rest|p1a: Snorlax
|-status|p1a: Snorlax|slp
|-heal|p1a: Snorlax|523\/523 slp|[silent]
|-status|p1a: Snorlax|slp|[from] move: Rest
|
|turn|67
|choice|move 1|move 2
|
|move|p2a: Double Pentagram|Recover|p2a: Double Pentagram
|-heal|p2a: Double Pentagram|323\/323
|cant|p1a: Snorlax|slp
|
|turn|68
|c|★LibertarianMaster|lol what a stalling war
|choice|move 1|move 3
|
|move|p2a: Double Pentagram|Thunderbolt|p1a: Snorlax
|-damage|p1a: Snorlax|471\/523 slp
|-curestatus|p1a: Snorlax|slp
|
|turn|69
|choice|move 1|move 4
|
|move|p2a: Double Pentagram|Blizzard|p1a: Snorlax
|-damage|p1a: Snorlax|413\/523
|move|p1a: Snorlax|Body Slam|p2a: Double Pentagram
|-damage|p2a: Double Pentagram|207\/323
|-status|p2a: Double Pentagram|par
|
|turn|70
|choice|move 1|move 4
|
|move|p2a: Double Pentagram|Blizzard|p1a: Snorlax
|-damage|p1a: Snorlax|348\/523
|move|p1a: Snorlax|Body Slam|p2a: Double Pentagram
|-damage|p2a: Double Pentagram|94\/323 par
|
|turn|71
|choice|move 1|move 2
|
|move|p2a: Double Pentagram|Recover|p2a: Double Pentagram
|-heal|p2a: Double Pentagram|255\/323 par
|move|p1a: Snorlax|Body Slam|p2a: Double Pentagram
|-damage|p2a: Double Pentagram|135\/323 par
|
|turn|72
|choice|move 1|move 1
|
|move|p2a: Double Pentagram|Thunder Wave|p1a: Snorlax
|-status|p1a: Snorlax|par
|cant|p1a: Snorlax|par
|
|turn|73
|choice|move 4|move 2
|
|cant|p2a: Double Pentagram|par
|move|p1a: Snorlax|Rest|p1a: Snorlax
|-status|p1a: Snorlax|slp
|-heal|p1a: Snorlax|523\/523 slp|[silent]
|-status|p1a: Snorlax|slp|[from] move: Rest
|
|turn|74
|choice|move 3|move 2
|
|move|p2a: Double Pentagram|Recover|p2a: Double Pentagram
|-heal|p2a: Double Pentagram|296\/323 par
|cant|p1a: Snorlax|slp
|
|turn|75
|choice|move 3|move 3
|
|cant|p2a: Double Pentagram|par
|-curestatus|p1a: Snorlax|slp
|
|turn|76
|l|Mista Jay
|choice|move 3|move 1
|
|move|p2a: Double Pentagram|Thunder Wave|p1a: Snorlax
|-status|p1a: Snorlax|par
|move|p1a: Snorlax|Amnesia|p1a: Snorlax
|-boost|p1a: Snorlax|spd|2
|-boost|p1a: Snorlax|spa|2
|
|turn|77
|choice|move 3|switch 2
|
|switch|p2a: I'm fat but I fly|Dragonite|385\/385
|move|p1a: Snorlax|Amnesia|p1a: Snorlax
|-boost|p1a: Snorlax|spd|2
|-boost|p1a: Snorlax|spa|2
|
|turn|78
|choice|move 4|move 2
|
|move|p2a: I'm fat but I fly|Wrap|p1a: Snorlax
|-damage|p1a: Snorlax|512\/523 par
|-activate|p1a: Snorlax|move: Wrap|[of] p2a: I'm fat but I fly
|cant|p1a: Snorlax|partiallytrapped
|
|turn|79
|choice|move 4|move 2
|
|move|p2a: I'm fat but I fly|Wrap|p1a: Snorlax|[from]Wrap
|-damage|p1a: Snorlax|501\/523 par
|cant|p1a: Snorlax|partiallytrapped
|
|turn|80
|choice|move 4|move 2
|
|move|p2a: I'm fat but I fly|Wrap|p1a: Snorlax|[from]Wrap
|-damage|p1a: Snorlax|490\/523 par
|cant|p1a: Snorlax|partiallytrapped
|
|-end|p1a: Snorlax|Wrap|[partiallytrapped]
|turn|81
|choice|move 4|move 2
|
|move|p2a: I'm fat but I fly|Wrap|p1a: Snorlax
|-damage|p1a: Snorlax|480\/523 par
|-activate|p1a: Snorlax|move: Wrap|[of] p2a: I'm fat but I fly
|cant|p1a: Snorlax|partiallytrapped
|
|turn|82
|j|eeveelution eevee
|choice|move 4|move 2
|
|move|p2a: I'm fat but I fly|Wrap|p1a: Snorlax|[from]Wrap
|-damage|p1a: Snorlax|470\/523 par
|cant|p1a: Snorlax|partiallytrapped
|
|turn|83
|c|★LibertarianMaster|i would use persian right now
|choice|move 4|move 2
|
|move|p2a: I'm fat but I fly|Wrap|p1a: Snorlax|[from]Wrap
|-damage|p1a: Snorlax|460\/523 par
|cant|p1a: Snorlax|partiallytrapped
|
|-end|p1a: Snorlax|Wrap|[partiallytrapped]
|turn|84
|choice|move 3|move 2
|
|move|p2a: I'm fat but I fly|Wrap|p1a: Snorlax
|-crit|p1a: Snorlax
|-damage|p1a: Snorlax|422\/523 par
|-activate|p1a: Snorlax|move: Wrap|[of] p2a: I'm fat but I fly
|cant|p1a: Snorlax|partiallytrapped
|
|turn|85
|c|★LibertarianMaster|a crit!
|c|★LibertarianMaster|yeah :D
|choice|move 1|move 2
|
|move|p2a: I'm fat but I fly|Wrap|p1a: Snorlax|[from]Wrap
|-damage|p1a: Snorlax|384\/523 par
|cant|p1a: Snorlax|partiallytrapped
|
|-end|p1a: Snorlax|Wrap|[partiallytrapped]
|turn|86
|choice|move 3|move 2
|
|move|p2a: I'm fat but I fly|Wrap|p1a: Snorlax
|-damage|p1a: Snorlax|374\/523 par
|-activate|p1a: Snorlax|move: Wrap|[of] p2a: I'm fat but I fly
|cant|p1a: Snorlax|partiallytrapped
|
|turn|87
|c|★LibertarianMaster|only 2times
|c|★LibertarianMaster|:(
|choice|move 4|move 2
|
|move|p2a: I'm fat but I fly|Wrap|p1a: Snorlax|[from]Wrap
|-damage|p1a: Snorlax|364\/523 par
|cant|p1a: Snorlax|partiallytrapped
|
|turn|88
|c|★Ice-Hyp!|trap move are horrible
|choice|move 1|move 2
|
|move|p2a: I'm fat but I fly|Wrap|p1a: Snorlax|[from]Wrap
|-damage|p1a: Snorlax|354\/523 par
|cant|p1a: Snorlax|partiallytrapped
|
|turn|89
|c|★LibertarianMaster|just like dealing with this snorlax :D
|choice|move 1|move 2
|
|move|p2a: I'm fat but I fly|Wrap|p1a: Snorlax|[from]Wrap
|-damage|p1a: Snorlax|344\/523 par
|cant|p1a: Snorlax|partiallytrapped
|
|turn|90
|choice|move 1|move 2
|
|move|p2a: I'm fat but I fly|Wrap|p1a: Snorlax|[from]Wrap
|-damage|p1a: Snorlax|334\/523 par
|cant|p1a: Snorlax|partiallytrapped
|
|-end|p1a: Snorlax|Wrap|[partiallytrapped]
|turn|91
|c| eeveelution eevee|when free switch snorlax
|choice|move 1|move 2
|
|move|p2a: I'm fat but I fly|Wrap|p1a: Snorlax
|-damage|p1a: Snorlax|323\/523 par
|-activate|p1a: Snorlax|move: Wrap|[of] p2a: I'm fat but I fly
|cant|p1a: Snorlax|partiallytrapped
|
|turn|92
|choice|move 1|move 2
|
|move|p2a: I'm fat but I fly|Wrap|p1a: Snorlax|[from]Wrap
|-damage|p1a: Snorlax|312\/523 par
|cant|p1a: Snorlax|partiallytrapped
|
|turn|93
|choice|switch 2|move 2
|
|switch|p1a: Starmie|Starmie|289\/323
|move|p2a: I'm fat but I fly|Wrap|p1a: Starmie
|-damage|p1a: Starmie|271\/323
|-activate|p1a: Starmie|move: Wrap|[of] p2a: I'm fat but I fly
|
|turn|94
|choice|move 3|move 2
|
|cant|p1a: Starmie|partiallytrapped
|move|p2a: I'm fat but I fly|Wrap|p1a: Starmie|[from]Wrap
|-damage|p1a: Starmie|253\/323
|
|turn|95
|choice|move 3|move 2
|
|cant|p1a: Starmie|partiallytrapped
|move|p2a: I'm fat but I fly|Wrap|p1a: Starmie|[from]Wrap
|-damage|p1a: Starmie|235\/323
|
|-end|p1a: Starmie|Wrap|[partiallytrapped]
|turn|96
|choice|move 3|switch 2
|
|switch|p2a: Double Pentagram|Starmie|296\/323 par
|move|p1a: Starmie|Thunder Wave|p2a: Double Pentagram
|-fail|p2a: Double Pentagram|par
|
|turn|97
|choice|switch 2|move 1
|
|switch|p1a: Snorlax|Snorlax, M|312\/523 par
|move|p2a: Double Pentagram|Thunder Wave|p1a: Snorlax
|-fail|p1a: Snorlax|par
|
|turn|98
|choice|move 2|move 3
|
|move|p2a: Double Pentagram|Thunderbolt|p1a: Snorlax
|-damage|p1a: Snorlax|215\/523 par
|move|p1a: Snorlax|Reflect|p1a: Snorlax
|-start|p1a: Snorlax|Reflect
|
|turn|99
|choice|move 4|move 3
|
|move|p2a: Double Pentagram|Thunderbolt|p1a: Snorlax
|-crit|p1a: Snorlax
|-damage|p1a: Snorlax|11\/523 par
|move|p1a: Snorlax|Rest|p1a: Snorlax
|-status|p1a: Snorlax|slp
|-heal|p1a: Snorlax|523\/523 slp|[silent]
|-status|p1a: Snorlax|slp|[from] move: Rest
|
|turn|100
|c|★Ice-Hyp!|prediction level 30
|choice|move 1|switch 2
|
|switch|p2a: I'm fat but I fly|Dragonite|385\/385
|cant|p1a: Snorlax|slp
|
|turn|101
|choice|move 1|move 2
|
|move|p2a: I'm fat but I fly|Wrap|p1a: Snorlax
|-crit|p1a: Snorlax
|-damage|p1a: Snorlax|487\/523 slp
|-activate|p1a: Snorlax|move: Wrap|[of] p2a: I'm fat but I fly
|-curestatus|p1a: Snorlax|slp
|
|turn|102
|choice|move 2|move 2
|
|move|p2a: I'm fat but I fly|Wrap|p1a: Snorlax|[from]Wrap
|-damage|p1a: Snorlax|451\/523
|cant|p1a: Snorlax|partiallytrapped
|
|turn|103
|choice|move 1|move 2
|
|move|p2a: I'm fat but I fly|Wrap|p1a: Snorlax|[from]Wrap
|-damage|p1a: Snorlax|415\/523
|cant|p1a: Snorlax|partiallytrapped
|
|-end|p1a: Snorlax|Wrap|[partiallytrapped]
|turn|104
|c|★LibertarianMaster|lol over 100 turns
|c|★Ice-Hyp!|in 2010
|c|★Ice-Hyp!|i have
|c|★Ice-Hyp!|over 350 adv
|choice|move 1|move 3
|
|move|p2a: I'm fat but I fly|Blizzard|p1a: Snorlax
|-damage|p1a: Snorlax|303\/523
|move|p1a: Snorlax|Body Slam|p2a: I'm fat but I fly
|-damage|p2a: I'm fat but I fly|283\/385
|
|turn|105
|c|★LibertarianMaster|wow
|choice|move 4|move 3
|
|move|p2a: I'm fat but I fly|Blizzard|p1a: Snorlax
|-damage|p1a: Snorlax|183\/523
|move|p1a: Snorlax|Rest|p1a: Snorlax
|-status|p1a: Snorlax|slp
|-heal|p1a: Snorlax|523\/523 slp|[silent]
|-status|p1a: Snorlax|slp|[from] move: Rest
|
|turn|106
|c|★Ice-Hyp!|stall vs stall
|c|★Ice-Hyp!|do you know seymour?
|c|★LibertarianMaster|nope
|c|★Ice-Hyp!|italian RSEr?
|c|★Ice-Hyp!|wi the single world cup rse of atq
|c| eeveelution eevee|you do know people are waiting to battle
|choice|move 1|move 2
|
|move|p2a: I'm fat but I fly|Wrap|p1a: Snorlax|[miss]
|-miss|p2a: I'm fat but I fly
|cant|p1a: Snorlax|slp
|
|turn|107
|choice|move 1|move 2
|
|move|p2a: I'm fat but I fly|Wrap|p1a: Snorlax
|-damage|p1a: Snorlax|512\/523 slp
|-activate|p1a: Snorlax|move: Wrap|[of] p2a: I'm fat but I fly
|-curestatus|p1a: Snorlax|slp
|
|turn|108
|c|★Ice-Hyp!|ok but
|c|★Ice-Hyp!|we stay fight
|choice|move 1|move 2
|
|move|p2a: I'm fat but I fly|Wrap|p1a: Snorlax|[from]Wrap
|-damage|p1a: Snorlax|501\/523
|cant|p1a: Snorlax|partiallytrapped
|
|turn|109
|choice|move 1|move 2
|
|move|p2a: I'm fat but I fly|Wrap|p1a: Snorlax|[from]Wrap
|-damage|p1a: Snorlax|490\/523
|cant|p1a: Snorlax|partiallytrapped
|
|-end|p1a: Snorlax|Wrap|[partiallytrapped]
|turn|110
|choice|move 1|move 3
|
|move|p2a: I'm fat but I fly|Blizzard|p1a: Snorlax
|-crit|p1a: Snorlax
|-damage|p1a: Snorlax|233\/523
|move|p1a: Snorlax|Body Slam|p2a: I'm fat but I fly
|-damage|p2a: I'm fat but I fly|173\/385
|
|turn|111
|choice|move 4|move 3
|
|move|p2a: I'm fat but I fly|Blizzard|p1a: Snorlax
|-damage|p1a: Snorlax|102\/523
|move|p1a: Snorlax|Rest|p1a: Snorlax
|-status|p1a: Snorlax|slp
|-heal|p1a: Snorlax|523\/523 slp|[silent]
|-status|p1a: Snorlax|slp|[from] move: Rest
|
|turn|112
|c|★Ice-Hyp!|trap
|c| eeveelution eevee|but no stall atacks now case this fight is gonna take longer then 100 years to finnish
|c|★Ice-Hyp!|if you tram me at 45%
|c| eeveelution eevee|cause
|choice|move 1|move 1
|
|move|p2a: I'm fat but I fly|Surf|p1a: Snorlax
|-damage|p1a: Snorlax|431\/523 slp
|cant|p1a: Snorlax|slp
|
|turn|113
|choice|move 1|move 1
|
|move|p2a: I'm fat but I fly|Surf|p1a: Snorlax
|-damage|p1a: Snorlax|335\/523 slp
|-curestatus|p1a: Snorlax|slp
|
|turn|114
|c|★Ice-Hyp!|i'm play for win
|c|★LibertarianMaster|like everybody :)
|c|★LibertarianMaster|and to have fun :)
|c| eeveelution eevee|i real winner does not stall
|choice|move 1|move 3
|
|move|p2a: I'm fat but I fly|Blizzard|p1a: Snorlax
|-crit|p1a: Snorlax
|-damage|p1a: Snorlax|106\/523
|move|p1a: Snorlax|Body Slam|p2a: I'm fat but I fly
|-damage|p2a: I'm fat but I fly|70\/385
|-status|p2a: I'm fat but I fly|par
|
|turn|115
|j|the rogue
|c|★Ice-Hyp!|yes
|c|★LibertarianMaster|i was looking for frz
|c|★Ice-Hyp!|for fun
|c| eeveelution eevee|hi rogue this fight gonna take forever
|c|★LibertarianMaster|tried 11 times
|c| the rogue|doesnt ice win?
|c|★LibertarianMaster|no effect :(
|c| eeveelution eevee|look
|choice|move 1|move 3
|
|move|p2a: I'm fat but I fly|Blizzard|p1a: Snorlax
|-crit|p1a: Snorlax
|-damage|p1a: Snorlax|0 fnt
|faint|p1a: Snorlax
|c|★LibertarianMaster|oh
|c| eeveelution eevee|2 v 3
|choice|switch 2|
|
|switch|p1a: Starmie|Starmie|235\/323
|turn|116
|choice|move 1|switch 2
|
|switch|p2a: Double Pentagram|Starmie|296\/323 par
|move|p1a: Starmie|Blizzard|p2a: Double Pentagram
|-resisted|p2a: Double Pentagram
|-damage|p2a: Double Pentagram|247\/323 par
|
|turn|117
|c| eeveelution eevee|or 2 v 2 soon
|choice|move 2|move 1
|
|move|p1a: Starmie|Psychic|p2a: Double Pentagram
|-resisted|p2a: Double Pentagram
|-damage|p2a: Double Pentagram|198\/323 par
|move|p2a: Double Pentagram|Thunder Wave|p1a: Starmie
|-status|p1a: Starmie|par
|
|turn|118
|choice|move 2|move 3
|
|move|p1a: Starmie|Psychic|p2a: Double Pentagram
|-crit|p2a: Double Pentagram
|-resisted|p2a: Double Pentagram
|-damage|p2a: Double Pentagram|90\/323 par
|move|p2a: Double Pentagram|Thunderbolt|p1a: Starmie
|-crit|p1a: Starmie
|-supereffective|p1a: Starmie
|-damage|p1a: Starmie|0 fnt
|faint|p1a: Starmie
|choice|switch 5|
|
|switch|p1a: Tauros|Tauros|353\/353
|turn|119
|c|★LibertarianMaster|holy molly
|c|★Ice-Hyp!|gg?
|c|★LibertarianMaster|kind a expected that
|choice|move 1|switch 4
|
|switch|p2a: Bully|Tauros|220\/353 par
|move|p1a: Tauros|Body Slam|p2a: Bully
|-damage|p2a: Bully|113\/353 par
|
|turn|120
|choice|move 3|move 3
|
|move|p1a: Tauros|Hyper Beam|p2a: Bully
|-damage|p2a: Bully|0 fnt
|faint|p2a: Bully
|choice||switch 4
|
|switch|p2a: Double Pentagram|Starmie|90\/323 par
|turn|121
|c| the rogue|tauros wins again. classic.
|c| eeveelution eevee|i think ice will win
|choice|move 1|move 1
|
|move|p1a: Tauros|Body Slam|p2a: Double Pentagram
|-damage|p2a: Double Pentagram|0 fnt
|faint|p2a: Double Pentagram
|choice||switch 2
|
|switch|p2a: I'm fat but I fly|Dragonite|70\/385 par
|turn|122
|c|★LibertarianMaster|gg
|c|★Ice-Hyp!|fantastic battle
|c|★Ice-Hyp!|save replay
|c|★Ice-Hyp!|ahaha
|choice|move 1|move 4
|
|move|p1a: Tauros|Body Slam|p2a: I'm fat but I fly
|-damage|p2a: I'm fat but I fly|0 fnt
|faint|p2a: I'm fat but I fly
|
|win|Ice-Hyp!
|player|p1
|player|p2
|c|★LibertarianMaster|:D
|c| eeveelution eevee|finally its over
|l|the rogue