|j|XaviWavi412
|j|Steelandiron
|player|p1|XaviWavi412|265
|player|p2|Steelandiron|1
|gametype|singles
|gen|1
|tier|[Gen 1] Random Battle
|rated
|seed|30941,40351,21906,56345
|rule|Sleep Clause Mod: Limit one foe put to sleep
|rule|Freeze Clause Mod: Limit one foe frozen
|rule|HP Percentage Mod: HP is shown in percentages
|
|start
|switch|p1a: Blastoise|Blastoise, L85|308\/308
|switch|p2a: Vaporeon|Vaporeon, L85|395\/395
|turn|1
|choice|switch 3|move 2
|
|switch|p1a: Gloom|Gloom, L90|291\/291
|move|p2a: Vaporeon|Body Slam|p1a: Gloom
|-damage|p1a: Gloom|239\/291
|
|turn|2
|choice|move Mega Drain|move 4
|
|move|p2a: Vaporeon|Blizzard|p1a: Gloom
|-supereffective|p1a: Gloom
|-damage|p1a: Gloom|53\/291
|move|p1a: Gloom|Mega Drain|p2a: Vaporeon
|-supereffective|p2a: Vaporeon
|-damage|p2a: Vaporeon|311\/395
|-heal|p1a: Gloom|95\/291|[from] drain|[of] p2a: Vaporeon
|
|turn|3
|choice|switch 3|move 4
|
|switch|p1a: Blastoise|Blastoise, L85|308\/308
|move|p2a: Vaporeon|Blizzard|p1a: Blastoise|[miss]
|-miss|p2a: Vaporeon
|
|turn|4
|choice|move Body Slam|move 2
|
|move|p1a: Blastoise|Body Slam|p2a: Vaporeon
|-damage|p2a: Vaporeon|237\/395
|move|p2a: Vaporeon|Body Slam|p1a: Blastoise
|-damage|p1a: Blastoise|267\/308
|
|turn|5
|choice|move Body Slam|move 2
|
|move|p1a: Blastoise|Body Slam|p2a: Vaporeon
|-damage|p2a: Vaporeon|162\/395
|-status|p2a: Vaporeon|par
|move|p2a: Vaporeon|Body Slam|p1a: Blastoise
|-damage|p1a: Blastoise|222\/308
|
|turn|6
|choice|move Body Slam|move 2
|
|move|p1a: Blastoise|Body Slam|p2a: Vaporeon
|-damage|p2a: Vaporeon|87\/395 par
|move|p2a: Vaporeon|Body Slam|p1a: Blastoise
|-damage|p1a: Blastoise|175\/308
|
|turn|7
|choice|move Body Slam|move 2
|
|move|p1a: Blastoise|Body Slam|p2a: Vaporeon
|-damage|p2a: Vaporeon|12\/395 par
|cant|p2a: Vaporeon|par
|
|turn|8
|choice|move Body Slam|move 2
|
|move|p1a: Blastoise|Body Slam|p2a: Vaporeon
|-damage|p2a: Vaporeon|0 fnt
|faint|p2a: Vaporeon
|choice||switch 6
|
|switch|p2a: Electrode|Electrode, L90|291\/291
|turn|9
|choice|switch 4|move 4
|
|switch|p1a: Graveler|Graveler, L85|267\/267
|move|p2a: Electrode|Thunderbolt|p1a: Graveler
|-immune|p1a: Graveler|[msg]
|
|turn|10
|choice|move Earthquake|switch 2
|
|switch|p2a: Primeape|Primeape, L90|300\/300
|move|p1a: Graveler|Earthquake|p2a: Primeape
|-damage|p2a: Primeape|172\/300
|
|turn|11
|choice|switch 5|move 3
|
|switch|p1a: Pinsir|Pinsir, L85|284\/284
|move|p2a: Primeape|Body Slam|p1a: Pinsir
|-damage|p1a: Pinsir|215\/284
|
|turn|12
|choice|move Swords Dance|move 1
|
|move|p2a: Primeape|Rock Slide|p1a: Pinsir
|-supereffective|p1a: Pinsir
|-damage|p1a: Pinsir|104\/284
|move|p1a: Pinsir|Swords Dance|p1a: Pinsir
|-boost|p1a: Pinsir|atk|2
|
|turn|13
|choice|move Hyper Beam|move 1
|
|move|p2a: Primeape|Rock Slide|p1a: Pinsir
|-supereffective|p1a: Pinsir
|-damage|p1a: Pinsir|0 fnt
|faint|p1a: Pinsir
|choice|switch 4|
|
|switch|p1a: Blastoise|Blastoise, L85|175\/308
|turn|14
|choice|move Hydro Pump|move 3
|
|move|p2a: Primeape|Body Slam|p1a: Blastoise
|-crit|p1a: Blastoise
|-damage|p1a: Blastoise|47\/308
|-status|p1a: Blastoise|par
|move|p1a: Blastoise|Hydro Pump|p2a: Primeape
|-damage|p2a: Primeape|27\/300
|
|turn|15
|choice|switch 6|move 3
|
|switch|p1a: Nidorina|Nidorina, L90|309\/309
|move|p2a: Primeape|Body Slam|p1a: Nidorina
|-damage|p1a: Nidorina|228\/309
|
|turn|16
|choice|move Double-Edge|move 3
|
|move|p2a: Primeape|Body Slam|p1a: Nidorina
|-damage|p1a: Nidorina|145\/309
|move|p1a: Nidorina|Double-Edge|p2a: Primeape
|-damage|p2a: Primeape|0 fnt
|-damage|p1a: Nidorina|139\/309|[from] recoil|[of] p2a: Primeape
|faint|p2a: Primeape
|choice||switch 3
|
|switch|p2a: Ninetales|Ninetales, L85|298\/298
|turn|17
|choice|switch 5|move 1
|
|switch|p1a: Graveler|Graveler, L85|267\/267
|move|p2a: Ninetales|Fire Blast|p1a: Graveler
|-resisted|p1a: Graveler
|-damage|p1a: Graveler|168\/267
|
|turn|18
|choice|move Earthquake|move 1
|
|move|p2a: Ninetales|Fire Blast|p1a: Graveler|[miss]
|-miss|p2a: Ninetales
|move|p1a: Graveler|Earthquake|p2a: Ninetales
|-supereffective|p2a: Ninetales
|-damage|p2a: Ninetales|68\/298
|
|turn|19
|choice|move Earthquake|move 1
|
|move|p2a: Ninetales|Fire Blast|p1a: Graveler
|-resisted|p1a: Graveler
|-damage|p1a: Graveler|70\/267
|-status|p1a: Graveler|brn
|move|p1a: Graveler|Earthquake|p2a: Ninetales
|-supereffective|p2a: Ninetales
|-damage|p2a: Ninetales|0 fnt
|faint|p2a: Ninetales
|choice||switch 4
|
|switch|p2a: Starmie|Starmie, L79|257\/257
|turn|20
|choice|switch 3|move 2
|
|switch|p1a: Gloom|Gloom, L90|95\/291
|move|p2a: Starmie|Blizzard|p1a: Gloom
|-supereffective|p1a: Gloom
|-damage|p1a: Gloom|0 fnt
|faint|p1a: Gloom
|choice|switch 6|
|
|switch|p1a: Blastoise|Blastoise, L85|47\/308 par
|turn|21
|choice|move Rest|move 4
|
|move|p2a: Starmie|Thunderbolt|p1a: Blastoise
|-crit|p1a: Blastoise
|-supereffective|p1a: Blastoise
|-damage|p1a: Blastoise|0 fnt
|faint|p1a: Blastoise
|choice|switch 2|
|
|switch|p1a: Tauros|Tauros, L79|280\/280
|turn|22
|choice|move Earthquake|move 3
|
|move|p2a: Starmie|Thunder Wave|p1a: Tauros
|-status|p1a: Tauros|par
|move|p1a: Tauros|Earthquake|p2a: Starmie
|-damage|p2a: Starmie|193\/257
|
|turn|23
|choice|move Hyper Beam|move 4
|
|move|p2a: Starmie|Thunderbolt|p1a: Tauros
|-damage|p1a: Tauros|208\/280 par
|move|p1a: Tauros|Hyper Beam|p2a: Starmie
|-crit|p2a: Starmie
|-damage|p2a: Starmie|0 fnt
|faint|p2a: Starmie
|choice||switch 2
|
|switch|p2a: Electrode|Electrode, L90|291\/291
|turn|24
|choice|move Earthquake|move 3
|
|move|p2a: Electrode|Screech|p1a: Tauros
|-unboost|p1a: Tauros|def|2
|move|p1a: Tauros|Earthquake|p2a: Electrode
|-supereffective|p2a: Electrode
|-damage|p2a: Electrode|145\/291
|
|turn|25
|choice|move Earthquake|move 1
|
|move|p2a: Electrode|Explosion|p1a: Tauros
|-damage|p1a: Tauros|0 fnt
|faint|p1a: Tauros
|faint|p2a: Electrode
|choice|switch 3|switch 5
|
|switch|p2a: Nidorina|Nidorina, L90|309\/309
|switch|p1a: Graveler|Graveler, L85|70\/267 brn
|turn|26
|choice|move Earthquake|move 3
|
|move|p2a: Nidorina|Bubble Beam|p1a: Graveler
|-supereffective|p1a: Graveler
|-damage|p1a: Graveler|0 fnt
|faint|p1a: Graveler
|c|★XaviWavi412|wow.. it knows bubble beam... lol
|choice|switch 5|
|
|switch|p1a: Nidorina|Nidorina, L90|139\/309
|turn|27
|choice|move Blizzard|move 4
|
|move|p2a: Nidorina|Double-Edge|p1a: Nidorina
|-damage|p1a: Nidorina|65\/309
|-damage|p2a: Nidorina|291\/309|[from] recoil|[of] p1a: Nidorina
|move|p1a: Nidorina|Blizzard|p2a: Nidorina
|-damage|p2a: Nidorina|211\/309
|
|turn|28
|choice|move Blizzard|move 4
|
|move|p1a: Nidorina|Blizzard|p2a: Nidorina
|-crit|p2a: Nidorina
|-damage|p2a: Nidorina|58\/309
|move|p2a: Nidorina|Double-Edge|p1a: Nidorina
|-damage|p1a: Nidorina|0 fnt
|-damage|p2a: Nidorina|42\/309|[from] recoil|[of] p1a: Nidorina
|faint|p1a: Nidorina
|
|win|Steelandiron
|player|p1
|player|p2
|raw|XaviWavi412's rating: 1040 &rarr; <strong>1026<\/strong><br \/>(-14 for losing)
|raw|Steelandiron's rating: 1079 &rarr; <strong>1104<\/strong><br \/>(+25 for winning)