|j|smilzo
|j|marcoasd
|player|p1|smilzo|157
|player|p2|marcoasd|266
|gametype|singles
|gen|1
|tier|[Gen 1] OU
|seed|2277,42335,28283,2137
|rule|Sleep Clause Mod: Limit one foe put to sleep
|rule|Freeze Clause Mod: Limit one foe frozen
|rule|Species Clause: Limit one of each Pokémon
|rule|OHKO Clause: OHKO moves are banned
|rule|Evasion Moves Clause: Evasion moves are banned
|rule|HP Percentage Mod: HP is shown in percentages
|
|start
|switch|p1a: Alakazam|Alakazam, M|313\/313
|switch|p2a: Alakazam|Alakazam, M|313\/313
|turn|1
|choice|move 1|move 1
|
|move|p2a: Alakazam|Thunder Wave|p1a: Alakazam
|-status|p1a: Alakazam|par
|move|p1a: Alakazam|Thunder Wave|p2a: Alakazam
|-status|p2a: Alakazam|par
|
|turn|2
|choice|move 3|move 3
|
|cant|p1a: Alakazam|par
|move|p2a: Alakazam|Seismic Toss|p1a: Alakazam
|-damage|p1a: Alakazam|213\/313 par
|
|turn|3
|choice|move 3|move 2
|
|move|p2a: Alakazam|Psychic|p1a: Alakazam
|-crit|p1a: Alakazam
|-resisted|p1a: Alakazam
|-damage|p1a: Alakazam|114\/313 par
|move|p1a: Alakazam|Seismic Toss|p2a: Alakazam
|-damage|p2a: Alakazam|213\/313 par
|
|turn|4
|choice|move 4|switch 2
|
|switch|p2a: Golem|Golem|363\/363
|cant|p1a: Alakazam|par
|
|turn|5
|choice|switch 3|move 3
|
|switch|p1a: Exeggutor|Exeggutor, M|393\/393
|move|p2a: Golem|Body Slam|p1a: Exeggutor
|-crit|p1a: Exeggutor
|-damage|p1a: Exeggutor|240\/393
|
|turn|6
|choice|switch 5|switch 6
|
|switch|p1a: Snorlax|Snorlax, M|523\/523
|switch|p2a: Starmie|Starmie|323\/323
|
|turn|7
|choice|move 1|move 3
|
|move|p2a: Starmie|Thunder Wave|p1a: Snorlax
|-status|p1a: Snorlax|par
|cant|p1a: Snorlax|par
|
|turn|8
|choice|switch 3|move 1
|
|switch|p1a: Alakazam|Alakazam, M|114\/313 par
|move|p2a: Starmie|Blizzard|p1a: Alakazam
|-damage|p1a: Alakazam|40\/313 par
|
|turn|9
|choice|switch 4|move 2
|
|switch|p1a: Chansey|Chansey|703\/703
|move|p2a: Starmie|Thunderbolt|p1a: Chansey
|-crit|p1a: Chansey
|-damage|p1a: Chansey|565\/703
|
|turn|10
|choice|move 2|switch 2
|
|switch|p2a: Alakazam|Alakazam, M|213\/313 par
|move|p1a: Chansey|Ice Beam|p2a: Alakazam
|-crit|p2a: Alakazam
|-damage|p2a: Alakazam|98\/313 par
|
|turn|11
|choice|switch 3|move 4
|
|switch|p1a: Snorlax|Snorlax, M|523\/523 par
|move|p2a: Alakazam|Recover|p2a: Alakazam
|-heal|p2a: Alakazam|254\/313 par
|
|turn|12
|choice|move 1|switch 2
|
|switch|p2a: Starmie|Starmie|323\/323
|cant|p1a: Snorlax|par
|
|turn|13
|choice|switch 3|move 1
|
|switch|p1a: Chansey|Chansey|565\/703
|move|p2a: Starmie|Blizzard|p1a: Chansey
|-damage|p1a: Chansey|470\/703
|
|turn|14
|choice|move 4|switch 3
|
|switch|p2a: Chansey|Chansey|703\/703
|move|p1a: Chansey|Soft-Boiled|p1a: Chansey
|-heal|p1a: Chansey|703\/703
|
|turn|15
|choice|move 1|move 3
|
|move|p2a: Chansey|Ice Beam|p1a: Chansey
|-crit|p1a: Chansey
|-damage|p1a: Chansey|564\/703
|move|p1a: Chansey|Thunder Wave|p2a: Chansey
|-status|p2a: Chansey|par
|
|turn|16
|choice|switch 4|move 3
|
|switch|p1a: Alakazam|Alakazam, M|40\/313 par
|move|p2a: Chansey|Ice Beam|p1a: Alakazam
|-damage|p1a: Alakazam|0 fnt
|faint|p1a: Alakazam
|choice|switch 3|
|
|switch|p1a: Snorlax|Snorlax, M|523\/523 par
|turn|17
|choice|move 1|switch 3
|
|switch|p2a: Starmie|Starmie|323\/323
|move|p1a: Snorlax|Body Slam|p2a: Starmie|[miss]
|-miss|p1a: Snorlax
|
|turn|18
|c|★marcoasd|oh
|c|★smilzo|sto lax
|c|★smilzo|non vuole attaccare
|c|★smilzo|:||||
|choice|move 1|move 1
|
|move|p2a: Starmie|Blizzard|p1a: Snorlax
|-damage|p1a: Snorlax|393\/523 par
|cant|p1a: Snorlax|par
|
|turn|19
|choice|move 1|move 1
|
|move|p2a: Starmie|Blizzard|p1a: Snorlax
|-damage|p1a: Snorlax|265\/523 par
|move|p1a: Snorlax|Body Slam|p2a: Starmie
|-damage|p2a: Starmie|198\/323
|-status|p2a: Starmie|par
|
|turn|20
|choice|move 3|move 4
|
|move|p2a: Starmie|Recover|p2a: Starmie
|-heal|p2a: Starmie|323\/323 par
|move|p1a: Snorlax|Earthquake|p2a: Starmie
|-damage|p2a: Starmie|229\/323 par
|
|turn|21
|choice|move 4|move 1
|
|cant|p2a: Starmie|par
|move|p1a: Snorlax|Rest|p1a: Snorlax
|-status|p1a: Snorlax|slp
|-heal|p1a: Snorlax|523\/523 slp|[silent]
|-status|p1a: Snorlax|slp|[from] move: Rest
|
|turn|22
|choice|move 1|move 4
|
|move|p2a: Starmie|Recover|p2a: Starmie
|-heal|p2a: Starmie|323\/323 par
|cant|p1a: Snorlax|slp
|
|turn|23
|choice|move 1|switch 3
|
|switch|p2a: Chansey|Chansey|703\/703 par
|-curestatus|p1a: Snorlax|slp
|
|turn|24
|choice|switch 4|move 2
|
|switch|p1a: Chansey|Chansey|564\/703
|move|p2a: Chansey|Sing|p1a: Chansey|[miss]
|-miss|p2a: Chansey
|
|turn|25
|c|★smilzo|rude
|choice|switch 5|move 2
|
|switch|p1a: Exeggutor|Exeggutor, M|240\/393
|cant|p2a: Chansey|par
|
|turn|26
|choice|move 3|switch 3
|
|switch|p2a: Starmie|Starmie|323\/323 par
|move|p1a: Exeggutor|Psychic|p2a: Starmie
|-resisted|p2a: Starmie
|-damage|p2a: Starmie|260\/323 par
|
|turn|27
|choice|switch 5|move 1
|
|switch|p1a: Chansey|Chansey|564\/703
|move|p2a: Starmie|Blizzard|p1a: Chansey
|-damage|p1a: Chansey|480\/703
|
|turn|28
|choice|move 3|move 1
|
|move|p1a: Chansey|Thunderbolt|p2a: Starmie
|-supereffective|p2a: Starmie
|-damage|p2a: Starmie|106\/323 par
|move|p2a: Starmie|Blizzard|p1a: Chansey
|-damage|p1a: Chansey|394\/703
|
|turn|29
|choice|move 3|switch 3
|
|switch|p2a: Chansey|Chansey|703\/703 par
|move|p1a: Chansey|Thunderbolt|p2a: Chansey
|-damage|p2a: Chansey|625\/703 par
|
|turn|30
|c|★marcoasd|sagace
|choice|switch 5|move 2
|
|switch|p1a: Exeggutor|Exeggutor, M|240\/393
|cant|p2a: Chansey|par
|
|turn|31
|choice|move 3|move 2
|
|move|p1a: Exeggutor|Psychic|p2a: Chansey
|-damage|p2a: Chansey|515\/703 par
|move|p2a: Chansey|Sing|p1a: Exeggutor
|-status|p1a: Exeggutor|slp
|
|turn|32
|choice|switch 4|move 3
|
|switch|p1a: Snorlax|Snorlax, M|523\/523
|move|p2a: Chansey|Ice Beam|p1a: Snorlax
|-damage|p1a: Snorlax|427\/523
|
|turn|33
|choice|move 1|move 1
|
|move|p1a: Snorlax|Body Slam|p2a: Chansey
|-crit|p2a: Chansey
|-damage|p2a: Chansey|0 fnt
|faint|p2a: Chansey
|c|★marcoasd|èh
|choice||switch 4
|
|switch|p2a: Zapdos|Zapdos|383\/383
|turn|34
|choice|move 1|move 3
|
|move|p2a: Zapdos|Thunder Wave|p1a: Snorlax
|-status|p1a: Snorlax|par
|move|p1a: Snorlax|Body Slam|p2a: Zapdos
|-damage|p2a: Zapdos|266\/383
|
|turn|35
|choice|move 1|move 1
|
|move|p2a: Zapdos|Thunderbolt|p1a: Snorlax
|-damage|p1a: Snorlax|246\/523 par
|move|p1a: Snorlax|Body Slam|p2a: Zapdos
|-damage|p2a: Zapdos|150\/383
|
|turn|36
|choice|move 1|move 1
|
|move|p2a: Zapdos|Thunderbolt|p1a: Snorlax
|-damage|p1a: Snorlax|63\/523 par
|move|p1a: Snorlax|Body Slam|p2a: Zapdos
|-damage|p2a: Zapdos|23\/383
|-status|p2a: Zapdos|par
|
|turn|37
|choice|move 4|move 2
|
|move|p2a: Zapdos|Drill Peck|p1a: Snorlax
|-damage|p1a: Snorlax|0 fnt
|faint|p1a: Snorlax
|choice|switch 5|
|
|switch|p1a: Chansey|Chansey|394\/703
|turn|38
|choice|move 2|move 3
|
|move|p1a: Chansey|Ice Beam|p2a: Zapdos
|-supereffective|p2a: Zapdos
|-damage|p2a: Zapdos|0 fnt
|faint|p2a: Zapdos
|choice||switch 2
|
|switch|p2a: Alakazam|Alakazam, M|254\/313 par
|turn|39
|choice|move 4|move 1
|
|move|p1a: Chansey|Soft-Boiled|p1a: Chansey
|-heal|p1a: Chansey|703\/703
|move|p2a: Alakazam|Thunder Wave|p1a: Chansey
|-status|p1a: Chansey|par
|
|turn|40
|choice|move 3|move 3
|
|move|p2a: Alakazam|Seismic Toss|p1a: Chansey
|-damage|p1a: Chansey|603\/703 par
|move|p1a: Chansey|Thunderbolt|p2a: Alakazam
|-damage|p2a: Alakazam|192\/313 par
|
|turn|41
|choice|move 3|move 4
|
|move|p2a: Alakazam|Recover|p2a: Alakazam
|-heal|p2a: Alakazam|313\/313 par
|cant|p1a: Chansey|par
|
|turn|42
|choice|move 2|move 2
|
|move|p2a: Alakazam|Psychic|p1a: Chansey
|-damage|p1a: Chansey|470\/703 par
|-unboost|p1a: Chansey|spd|1
|-unboost|p1a: Chansey|spa|1
|move|p1a: Chansey|Ice Beam|p2a: Alakazam
|-damage|p2a: Alakazam|274\/313 par
|
|turn|43
|choice|move 4|switch 3
|
|switch|p2a: Starmie|Starmie|106\/323 par
|move|p1a: Chansey|Soft-Boiled|p1a: Chansey
|-heal|p1a: Chansey|703\/703 par
|
|turn|44
|choice|move 3|move 4
|
|move|p2a: Starmie|Recover|p2a: Starmie
|-heal|p2a: Starmie|267\/323 par
|cant|p1a: Chansey|par
|
|turn|45
|choice|move 3|switch 3
|
|switch|p2a: Alakazam|Alakazam, M|274\/313 par
|move|p1a: Chansey|Thunderbolt|p2a: Alakazam
|-damage|p2a: Alakazam|231\/313 par
|
|turn|46
|choice|move 3|move 2
|
|move|p2a: Alakazam|Psychic|p1a: Chansey
|-damage|p1a: Chansey|499\/703 par
|move|p1a: Chansey|Thunderbolt|p2a: Alakazam
|-damage|p2a: Alakazam|192\/313 par
|
|turn|47
|choice|switch 4|move 4
|
|switch|p1a: Exeggutor|Exeggutor, M|240\/393 slp
|move|p2a: Alakazam|Recover|p2a: Alakazam
|-heal|p2a: Alakazam|313\/313 par
|
|turn|48
|choice|switch 4|move 3
|
|switch|p1a: Chansey|Chansey|499\/703 par
|cant|p2a: Alakazam|par
|
|turn|49
|c|★marcoasd|l'ultimo è zapdos
|c|★marcoasd|la la la
|choice|move 4|move 2
|
|cant|p2a: Alakazam|par
|cant|p1a: Chansey|par
|
|turn|50
|c|★smilzo|no è lapras
|c|★smilzo|lalala
|choice|move 4|move 2
|
|move|p2a: Alakazam|Psychic|p1a: Chansey
|-damage|p1a: Chansey|370\/703 par
|move|p1a: Chansey|Soft-Boiled|p1a: Chansey
|-heal|p1a: Chansey|703\/703 par
|
|turn|51
|c|★marcoasd|si vedrà
|choice|move 3|move 2
|
|move|p2a: Alakazam|Psychic|p1a: Chansey
|-damage|p1a: Chansey|572\/703 par
|-unboost|p1a: Chansey|spd|1
|-unboost|p1a: Chansey|spa|1
|move|p1a: Chansey|Thunderbolt|p2a: Alakazam
|-damage|p2a: Alakazam|269\/313 par
|
|turn|52
|choice|switch 4|move 2
|
|switch|p1a: Exeggutor|Exeggutor, M|240\/393 slp
|move|p2a: Alakazam|Psychic|p1a: Exeggutor
|-resisted|p1a: Exeggutor
|-damage|p1a: Exeggutor|181\/393 slp
|
|turn|53
|choice|move 3|move 3
|
|cant|p1a: Exeggutor|slp
|cant|p2a: Alakazam|par
|
|turn|54
|choice|move 3|switch 5
|
|switch|p2a: Tauros|Tauros|353\/353
|cant|p1a: Exeggutor|slp
|
|turn|55
|choice|move 3|move 1
|
|move|p2a: Tauros|Body Slam|p1a: Exeggutor
|-damage|p1a: Exeggutor|71\/393 slp
|cant|p1a: Exeggutor|slp
|
|turn|56
|choice|switch 2|move 1
|
|switch|p1a: Lapras|Lapras, M|463\/463
|move|p2a: Tauros|Body Slam|p1a: Lapras
|-crit|p1a: Lapras
|-damage|p1a: Lapras|230\/463
|
|turn|57
|c|★smilzo|dio can
|choice|move 1|switch 5
|
|switch|p2a: Alakazam|Alakazam, M|269\/313 par
|move|p1a: Lapras|Blizzard|p2a: Alakazam
|-damage|p2a: Alakazam|162\/313 par
|
|turn|58
|c|★marcoasd|ha preso una pettinata
|choice|move 4|move 4
|
|move|p1a: Lapras|Hyper Beam|p2a: Alakazam
|-damage|p2a: Alakazam|0 fnt
|faint|p2a: Alakazam
|c|★marcoasd|sìììì è un grande gol
|choice||switch 3
|
|switch|p2a: Starmie|Starmie|267\/323 par
|turn|59
|choice|switch 4|move 2
|
|switch|p1a: Chansey|Chansey|572\/703 par
|move|p2a: Starmie|Thunderbolt|p1a: Chansey
|-damage|p1a: Chansey|499\/703 par
|
|turn|60
|choice|move 2|switch 6
|
|switch|p2a: Golem|Golem|363\/363
|move|p1a: Chansey|Ice Beam|p2a: Golem
|-supereffective|p2a: Golem
|-damage|p2a: Golem|157\/363
|
|turn|61
|choice|switch 2|move 1
|
|switch|p1a: Exeggutor|Exeggutor, M|71\/393 slp
|move|p2a: Golem|Earthquake|p1a: Exeggutor
|-resisted|p1a: Exeggutor
|-damage|p1a: Exeggutor|1\/393 slp
|
|turn|62
|choice|move 3|switch 5
|
|switch|p2a: Tauros|Tauros|353\/353
|-curestatus|p1a: Exeggutor|slp
|
|turn|63
|choice|move 4|move 1
|
|move|p2a: Tauros|Body Slam|p1a: Exeggutor
|-damage|p1a: Exeggutor|0 fnt
|faint|p1a: Exeggutor
|choice|switch 6|
|
|switch|p1a: Tauros|Tauros|353\/353
|turn|64
|choice|move 1|move 1
|
|move|p2a: Tauros|Body Slam|p1a: Tauros
|-damage|p1a: Tauros|244\/353
|move|p1a: Tauros|Body Slam|p2a: Tauros
|-crit|p2a: Tauros
|-damage|p2a: Tauros|149\/353
|
|turn|65
|choice|move 1|move 1
|
|move|p1a: Tauros|Body Slam|p2a: Tauros
|-damage|p2a: Tauros|37\/353
|move|p2a: Tauros|Body Slam|p1a: Tauros
|-damage|p1a: Tauros|144\/353
|
|turn|66
|choice|move 1|switch 6
|
|switch|p2a: Starmie|Starmie|267\/323 par
|move|p1a: Tauros|Body Slam|p2a: Starmie
|-damage|p2a: Starmie|149\/323 par
|
|turn|67
|choice|switch 2|switch 5
|
|switch|p1a: Chansey|Chansey|499\/703 par
|switch|p2a: Golem|Golem|157\/363
|
|turn|68
|choice|switch 2|move 4
|
|switch|p1a: Tauros|Tauros|144\/353
|move|p2a: Golem|Explosion|p1a: Tauros
|-damage|p1a: Tauros|0 fnt
|faint|p1a: Tauros
|faint|p2a: Golem
|choice|switch 4|switch 5
|
|switch|p1a: Lapras|Lapras, M|230\/463
|switch|p2a: Starmie|Starmie|149\/323 par
|turn|69
|choice|move 2|move 2
|
|move|p1a: Lapras|Thunderbolt|p2a: Starmie
|-supereffective|p2a: Starmie
|-damage|p2a: Starmie|0 fnt
|faint|p2a: Starmie
|choice||switch 6
|
|switch|p2a: Tauros|Tauros|37\/353
|turn|70
|choice|move 2|move 3
|
|move|p2a: Tauros|Hyper Beam|p1a: Lapras
|-damage|p1a: Lapras|30\/463
|move|p1a: Lapras|Thunderbolt|p2a: Tauros
|-damage|p2a: Tauros|0 fnt
|faint|p2a: Tauros
|
|win|smilzo
|player|p1
|player|p2
|c|★marcoasd|gg
|c|★smilzo|gg