|join|penguiturtle
|join|amaniania
|player|p1|penguiturtle|102
|player|p2|amaniania|257
|gametype|singles
|gen|1
|tier|[Gen 1] OU (beta)
|rated
|rule|Sleep Clause Mod: Limit one foe put to sleep
|rule|Species Clause: Limit one of each Pokemon
|rule|OHKO Clause: OHKO moves are banned
|rule|Moody Clause: Moody is banned
|rule|Evasion Moves Clause: Evasion moves are banned
|rule|Endless Battle Clause: Forcing endless battles is banned.
|rule|HP Percentage Mod: HP is reported as percentages
|
|start
|switch|p1a: Alakazam|Alakazam|313\/313
|switch|p2a: Crossdresserbro|Jynx|333\/333
|turn|1
|callback|decision
|
|switch|p1a: Persian|Persian|333\/333
|move|p2a: Crossdresserbro|Lovely Kiss|p1a: Persian
|-status|p1a: Persian|slp
|
|turn|2
|callback|decision
|
|switch|p1a: Tauros|Tauros|353\/353
|move|p2a: Crossdresserbro|Psychic|p1a: Tauros
|-crit|p1a: Tauros
|-damage|p1a: Tauros|114\/353
|
|turn|3
|callback|decision
|
|move|p1a: Tauros|Earthquake|p2a: Crossdresserbro
|-crit|p2a: Crossdresserbro
|-damage|p2a: Crossdresserbro|77\/333
|move|p2a: Crossdresserbro|Counter|p1a: Tauros
|-fail|p2a: Crossdresserbro
|
|turn|4
|callback|decision
|join|kid gf lol
|chat|kid gf lol|hi
|chat|amaniania|ah, nice prediction
|
|move|p1a: Tauros|Earthquake|p2a: Crossdresserbro
|-damage|p2a: Crossdresserbro|0 fnt
|faint|p2a: Crossdresserbro
|
|callback|decision
|
|switch|p2a: Alakazam|Alakazam|313\/313
|turn|5
|callback|decision
|chat|penguiturtle|ty
|
|switch|p1a: Starmie|Starmie|323\/323
|move|p2a: Alakazam|Psychic|p1a: Starmie
|-resisted|p1a: Starmie
|-damage|p1a: Starmie|262\/323
|
|turn|6
|callback|decision
|
|switch|p2a: Sickeggbeats|Chansey|703\/703
|move|p1a: Starmie|Hydro Pump|p2a: Sickeggbeats|[miss]
|-miss|p1a: Starmie
|
|turn|7
|callback|decision
|
|switch|p1a: Golem|Golem|363\/363
|move|p2a: Sickeggbeats|Thunderbolt|p1a: Golem
|-immune|p1a: Golem|[msg]
|
|turn|8
|callback|decision
|
|move|p2a: Sickeggbeats|Ice Beam|p1a: Golem
|-supereffective|p1a: Golem
|-damage|p1a: Golem|152\/363
|move|p1a: Golem|Rock Slide|p2a: Sickeggbeats
|-crit|p2a: Sickeggbeats
|-damage|p2a: Sickeggbeats|204\/703
|
|turn|9
|callback|decision
|chat|amaniania|no chansey, or no sleeper
|
|move|p2a: Sickeggbeats|Ice Beam|p1a: Golem
|-supereffective|p1a: Golem
|-damage|p1a: Golem|0 fnt
|faint|p1a: Golem
|
|callback|decision
|chat|amaniania|interesting
|
|switch|p1a: Persian|Persian|333\/333 slp
|turn|10
|callback|decision
|chat|penguiturtle|oh fuck
|chat|penguiturtle|i forgot he was asleep
|chat|penguiturtle|im doing hw atm
|chat|penguiturtle|shit
|
|cant|p1a: Persian|slp
|move|p2a: Sickeggbeats|Soft-Boiled|p2a: Sickeggbeats
|-heal|p2a: Sickeggbeats|555\/703
|
|turn|11
|callback|decision
|chat|penguiturtle|well i just threw
|
|cant|p1a: Persian|slp
|move|p2a: Sickeggbeats|Thunderbolt|p1a: Persian
|-damage|p1a: Persian|228\/333 slp
|
|turn|12
|callback|decision
|
|cant|p1a: Persian|slp
|move|p2a: Sickeggbeats|Thunderbolt|p1a: Persian
|-damage|p1a: Persian|134\/333 slp
|
|turn|13
|callback|decision
|
|cant|p1a: Persian|slp
|move|p2a: Sickeggbeats|Thunderbolt|p1a: Persian
|-damage|p1a: Persian|33\/333 slp
|
|turn|14
|callback|decision
|
|cant|p1a: Persian|slp
|move|p2a: Sickeggbeats|Ice Beam|p1a: Persian
|-damage|p1a: Persian|0 fnt
|faint|p1a: Persian
|
|callback|decision
|chat|penguiturtle|c'mooon
|
|switch|p1a: Tauros|Tauros|114\/353
|turn|15
|callback|decision
|
|move|p1a: Tauros|Hyper Beam|p2a: Sickeggbeats
|-damage|p2a: Sickeggbeats|111\/703
|move|p2a: Sickeggbeats|Ice Beam|p1a: Tauros
|-damage|p1a: Tauros|22\/353
|
|turn|16
|callback|decision
|chat|penguiturtle|fuck
|chat|penguiturtle|gg
|
|cant|p1a: Tauros|recharge
|move|p2a: Sickeggbeats|Ice Beam|p1a: Tauros
|-damage|p1a: Tauros|0 fnt
|faint|p1a: Tauros
|
|callback|decision
|
|switch|p1a: Dragonite|Dragonite|385\/385
|turn|17
|callback|decision
|
|move|p1a: Dragonite|Agility|p1a: Dragonite
|-boost|p1a: Dragonite|spe|2
|move|p2a: Sickeggbeats|Ice Beam|p1a: Dragonite
|-supereffective|p1a: Dragonite
|-damage|p1a: Dragonite|83\/385
|
|turn|18
|callback|decision
|chat|amaniania|shoulda waved
|chat|amaniania|now you have a slim chance
|
|move|p1a: Dragonite|Wrap|p2a: Sickeggbeats
|-damage|p2a: Sickeggbeats|71\/703
|-activate|p2a: Sickeggbeats|move: Wrap|[of] p1a: Dragonite
|cant|p2a: Sickeggbeats|partiallytrapped
|
|turn|19
|callback|decision
|chat|penguiturtle|yup
|
|move|p1a: Dragonite|Wrap|p2a: Sickeggbeats
|-damage|p2a: Sickeggbeats|31\/703
|cant|p2a: Sickeggbeats|partiallytrapped
|
|turn|20
|callback|decision
|
|move|p1a: Dragonite|Wrap|p2a: Sickeggbeats
|-damage|p2a: Sickeggbeats|0 fnt
|faint|p2a: Sickeggbeats
|
|callback|decision
|
|switch|p2a: Alakazam|Alakazam|313\/313
|turn|21
|callback|decision
|
|move|p1a: Dragonite|Wrap|p2a: Alakazam
|-damage|p2a: Alakazam|291\/313
|-activate|p2a: Alakazam|move: Wrap|[of] p1a: Dragonite
|cant|p2a: Alakazam|partiallytrapped
|
|turn|22
|callback|decision
|
|move|p1a: Dragonite|Wrap|p2a: Alakazam
|-damage|p2a: Alakazam|251\/313
|cant|p2a: Alakazam|partiallytrapped
|
|turn|23
|callback|decision
|
|move|p1a: Dragonite|Wrap|p2a: Alakazam
|-damage|p2a: Alakazam|211\/313
|cant|p2a: Alakazam|partiallytrapped
|
|turn|24
|callback|decision
|chat|kid gf lol|lol
|
|move|p1a: Dragonite|Wrap|p2a: Alakazam
|-damage|p2a: Alakazam|171\/313
|cant|p2a: Alakazam|partiallytrapped
|
|turn|25
|callback|decision
|
|move|p1a: Dragonite|Wrap|p2a: Alakazam
|-damage|p2a: Alakazam|131\/313
|cant|p2a: Alakazam|partiallytrapped
|
|-end|p2a: Alakazam|Wrap|[partiallytrapped]
|turn|26
|callback|decision
|chat|penguiturtle|i feel so dirty
|
|switch|p2a: Eggbro|Exeggutor|393\/393
|move|p1a: Dragonite|Wrap|p2a: Eggbro|[miss]
|-miss|p1a: Dragonite
|
|turn|27
|callback|decision
|chat|kid gf lol|gg
|chat|amaniania|lol
|
|move|p1a: Dragonite|Wrap|p2a: Eggbro
|-damage|p2a: Eggbro|377\/393
|-activate|p2a: Eggbro|move: Wrap|[of] p1a: Dragonite
|cant|p2a: Eggbro|partiallytrapped
|
|turn|28
|callback|decision
|
|move|p1a: Dragonite|Wrap|p2a: Eggbro
|-damage|p2a: Eggbro|361\/393
|cant|p2a: Eggbro|partiallytrapped
|
|turn|29
|callback|decision
|
|move|p1a: Dragonite|Wrap|p2a: Eggbro
|-damage|p2a: Eggbro|345\/393
|cant|p2a: Eggbro|partiallytrapped
|
|-end|p2a: Eggbro|Wrap|[partiallytrapped]
|turn|30
|callback|decision
|
|move|p1a: Dragonite|Wrap|p2a: Eggbro
|-damage|p2a: Eggbro|327\/393
|-activate|p2a: Eggbro|move: Wrap|[of] p1a: Dragonite
|cant|p2a: Eggbro|partiallytrapped
|
|turn|31
|callback|decision
|
|move|p1a: Dragonite|Wrap|p2a: Eggbro
|-damage|p2a: Eggbro|309\/393
|cant|p2a: Eggbro|partiallytrapped
|
|turn|32
|callback|decision
|
|move|p1a: Dragonite|Wrap|p2a: Eggbro
|-damage|p2a: Eggbro|291\/393
|cant|p2a: Eggbro|partiallytrapped
|
|turn|33
|callback|decision
|chat|penguiturtle|holy fuckign shit
|
|move|p1a: Dragonite|Wrap|p2a: Eggbro
|-damage|p2a: Eggbro|273\/393
|cant|p2a: Eggbro|partiallytrapped
|
|-end|p2a: Eggbro|Wrap|[partiallytrapped]
|turn|34
|callback|decision
|
|move|p1a: Dragonite|Wrap|p2a: Eggbro|[miss]
|-miss|p1a: Dragonite
|move|p2a: Eggbro|Psychic|p1a: Dragonite
|-damage|p1a: Dragonite|0 fnt
|faint|p1a: Dragonite
|
|callback|decision
|chat|penguiturtle|FUCK
|chat|penguiturtle|NO
|
|switch|p1a: Starmie|Starmie|262\/323
|turn|35
|callback|decision
|
|move|p1a: Starmie|Blizzard|p2a: Eggbro
|-crit|p2a: Eggbro
|-supereffective|p2a: Eggbro
|-damage|p2a: Eggbro|0 fnt
|faint|p2a: Eggbro
|
|callback|decision
|
|switch|p2a: Builtbro|Snorlax|523\/523
|turn|36
|callback|decision
|
|move|p1a: Starmie|Thunderbolt|p2a: Builtbro
|-damage|p2a: Builtbro|421\/523
|move|p2a: Builtbro|Body Slam|p1a: Starmie
|-damage|p1a: Starmie|152\/323
|
|turn|37
|callback|decision
|
|move|p1a: Starmie|Hydro Pump|p2a: Builtbro
|-crit|p2a: Builtbro
|-damage|p2a: Builtbro|46\/523
|move|p2a: Builtbro|Body Slam|p1a: Starmie
|-damage|p1a: Starmie|23\/323
|
|turn|38
|callback|decision
|
|move|p1a: Starmie|Thunderbolt|p2a: Builtbro
|-damage|p2a: Builtbro|0 fnt
|faint|p2a: Builtbro
|
|callback|decision
|chat|amaniania|crits op
|chat|penguiturtle|omg
|
|switch|p2a: Alakazam|Alakazam|131\/313
|turn|39
|callback|decision
|chat|penguiturtle|so op
|
|move|p2a: Alakazam|Psychic|p1a: Starmie
|-crit|p1a: Starmie
|-resisted|p1a: Starmie
|-damage|p1a: Starmie|0 fnt
|faint|p1a: Starmie
|
|callback|decision
|
|switch|p1a: Alakazam|Alakazam|313\/313
|turn|40
|callback|decision
|
|move|p1a: Alakazam|Thunder Wave|p2a: Alakazam
|-status|p2a: Alakazam|par
|move|p2a: Alakazam|Recover|p2a: Alakazam
|-heal|p2a: Alakazam|287\/313 par
|
|turn|41
|callback|decision
|
|move|p1a: Alakazam|Seismic Toss|p2a: Alakazam
|-damage|p2a: Alakazam|187\/313 par
|cant|p2a: Alakazam|par
|
|turn|42
|callback|decision
|
|move|p1a: Alakazam|Seismic Toss|p2a: Alakazam
|-damage|p2a: Alakazam|87\/313 par
|move|p2a: Alakazam|Thunder Wave|p1a: Alakazam
|-status|p1a: Alakazam|par
|
|turn|43
|callback|decision
|chat|amaniania|just let me wave
|chat|amaniania|there we go
|
|move|p1a: Alakazam|Seismic Toss|p2a: Alakazam
|-damage|p2a: Alakazam|0 fnt
|faint|p2a: Alakazam
|
|callback|decision
|
|switch|p2a: Bullbro|Tauros|353\/353
|turn|44
|callback|decision
|
|move|p2a: Bullbro|Body Slam|p1a: Alakazam
|-crit|p1a: Alakazam
|-damage|p1a: Alakazam|0 fnt
|faint|p1a: Alakazam
|
|win|amaniania
|raw|Ladder updating...
|chat|penguiturtle|gg
|chat|amaniania|gg 
|chat|penguiturtle|lol
|raw|penguiturtle's rating: 1005 &rarr; <strong>1000<\/strong><br \/>(-5 for losing)
|raw|amaniania's rating: 1294 &rarr; <strong>1302<\/strong><br \/>(+8 for winning)