|join|unstopped
|join|andrewandres
|player|p1|unstopped|33
|player|p2|andrewandres|102
|gametype|singles
|gen|1
|tier|[Gen 1] Random Battle
|rule|Sleep Clause Mod: Limit one foe put to sleep
|rule|Freeze Clause Mod: Limit one foe frozen
|rule|HP Percentage Mod: HP is shown in percentages
|
|start
|switch|p1a: Vulpix|Vulpix, L96|268\/268
|switch|p2a: Gyarados|Gyarados, L85|335\/335
|turn|1
|
|switch|p1a: Starmie|Starmie, L79|257\/257
|move|p2a: Gyarados|Surf|p1a: Starmie
|-resisted|p1a: Starmie
|-damage|p1a: Starmie|204\/257
|
|turn|2
|join|Lumbreras
|
|switch|p2a: Weedle|Weedle, L99|280\/280
|move|p1a: Starmie|Thunder Wave|p2a: Weedle
|-status|p2a: Weedle|par
|
|turn|3
|leave|Lumbreras
|
|switch|p1a: Vulpix|Vulpix, L96|268\/268
|move|p2a: Weedle|Poison Sting|p1a: Vulpix
|-damage|p1a: Vulpix|250\/268
|
|turn|4
|join|Churielix
|
|switch|p2a: Cloyster|Cloyster, L83|253\/253
|move|p1a: Vulpix|Reflect|p1a: Vulpix
|-start|p1a: Vulpix|Reflect
|
|turn|5
|
|switch|p1a: Starmie|Starmie, L79|204\/257
|move|p2a: Cloyster|Surf|p1a: Starmie
|-resisted|p1a: Starmie
|-damage|p1a: Starmie|162\/257
|
|turn|6
|join|xaveiro
|leave|xaveiro
|
|move|p1a: Starmie|Thunder Wave|p2a: Cloyster
|-status|p2a: Cloyster|par
|move|p2a: Cloyster|Explosion|p1a: Starmie
|-damage|p1a: Starmie|0 fnt
|faint|p1a: Starmie
|faint|p2a: Cloyster
|
|switch|p1a: Haunter|Haunter, L85|250\/250
|switch|p2a: Gyarados|Gyarados, L85|335\/335
|turn|7
|c| Churielix|terminalo andre
|
|move|p1a: Haunter|Confuse Ray|p2a: Gyarados
|-start|p2a: Gyarados|confusion
|-activate|p2a: Gyarados|confusion
|-damage|p2a: Gyarados|294\/335|[from] confusion
|
|turn|8
|c|★unstopped|perdon ando trabajando XD
|c|★andrewandres|pues venga...
|c| Churielix|a
|
|move|p1a: Haunter|Thunderbolt|p2a: Gyarados
|-supereffective|p2a: Gyarados
|-damage|p2a: Gyarados|27\/335
|-activate|p2a: Gyarados|confusion
|-damage|p2a: Gyarados|0 fnt|[from] confusion
|faint|p2a: Gyarados
|c|★andrewandres|y 2 veces..
|c|★andrewandres|joer..
|
|switch|p2a: Chansey|Chansey, L79|557\/557
|turn|9
|
|move|p1a: Haunter|Confuse Ray|p2a: Chansey|[miss]
|-miss|p1a: Haunter
|move|p2a: Chansey|Ice Beam|p1a: Haunter
|-damage|p1a: Haunter|194\/250
|
|turn|10
|
|move|p1a: Haunter|Hypnosis|p2a: Chansey|[miss]
|-miss|p1a: Haunter
|move|p2a: Chansey|Ice Beam|p1a: Haunter
|-damage|p1a: Haunter|138\/250
|-status|p1a: Haunter|frz
|
|turn|11
|
|switch|p1a: Nidorina|Nidorina, L90|309\/309
|switch|p2a: Mewtwo|Mewtwo, L68|285\/285
|
|turn|12
|
|switch|p1a: Vulpix|Vulpix, L96|250\/268
|move|p2a: Mewtwo|Psychic|p1a: Vulpix
|-damage|p1a: Vulpix|158\/268
|
|turn|13
|join|ChandelureBB
|leave|ChandelureBB
|
|switch|p2a: Weedle|Weedle, L99|280\/280 par
|move|p1a: Vulpix|Toxic|p2a: Weedle
|-fail|p2a: Weedle
|
|turn|14
|
|move|p1a: Vulpix|Fire Blast|p2a: Weedle
|-supereffective|p2a: Weedle
|-damage|p2a: Weedle|0 fnt
|faint|p2a: Weedle
|
|switch|p2a: Chansey|Chansey, L79|557\/557
|turn|15
|
|move|p1a: Vulpix|Reflect|p1a: Vulpix
|-start|p1a: Vulpix|Reflect
|move|p2a: Chansey|Ice Beam|p1a: Vulpix
|-damage|p1a: Vulpix|95\/268
|
|turn|16
|
|move|p1a: Vulpix|Toxic|p2a: Chansey
|-status|p2a: Chansey|tox
|move|p2a: Chansey|Ice Beam|p1a: Vulpix
|-damage|p1a: Vulpix|25\/268
|-damage|p2a: Chansey|523\/557 tox|[from] tox|[of] p1a: Vulpix
|
|turn|17
|c|★andrewandres|t subes la def fisica
|c|★andrewandres|y ataco x special
|c|★andrewandres|mbn..
|c| Churielix|omg
|
|move|p1a: Vulpix|Body Slam|p2a: Chansey
|-damage|p2a: Chansey|401\/557 tox
|move|p2a: Chansey|Ice Beam|p1a: Vulpix
|-damage|p1a: Vulpix|0 fnt
|faint|p1a: Vulpix
|c| Churielix|se quiere ir
|c|★unstopped|no puedo hacer mas nada
|
|switch|p1a: Nidorina|Nidorina, L90|309\/309
|turn|18
|
|move|p1a: Nidorina|Double-Edge|p2a: Chansey
|-damage|p2a: Chansey|234\/557 tox
|-damage|p1a: Nidorina|268\/309|[from] recoil|[of] p2a: Chansey
|move|p2a: Chansey|Counter|p1a: Nidorina
|-damage|p1a: Nidorina|0 fnt
|faint|p1a: Nidorina
|c| Churielix|quien ganara
|c| Churielix|?
|
|switch|p1a: Haunter|Haunter, L85|138\/250 frz
|turn|19
|
|switch|p2a: Mewtwo|Mewtwo, L68|285\/285
|cant|p1a: Haunter|frz
|
|turn|20
|
|switch|p1a: Diglett|Diglett, L96|214\/214
|move|p2a: Mewtwo|Amnesia|p2a: Mewtwo
|-boost|p2a: Mewtwo|spd|2
|-boost|p2a: Mewtwo|spa|2
|
|turn|21
|c|★andrewandres|zZzzZzzz
|
|move|p1a: Diglett|Sand Attack|p2a: Mewtwo
|-unboost|p2a: Mewtwo|accuracy|1
|move|p2a: Mewtwo|Psychic|p1a: Diglett
|-damage|p1a: Diglett|0 fnt
|faint|p1a: Diglett
|c|★unstopped|au
|c| Churielix|jajJAJA
|
|switch|p1a: Golem|Golem, L79|288\/288
|turn|22
|c|★unstopped|puto haunter frezzeado
|
|switch|p2a: Chansey|Chansey, L79|234\/557 tox
|-status|p2a: Chansey|psn
|-damage|p2a: Chansey|200\/557 psn|[from] psn
|move|p1a: Golem|Explosion|p2a: Chansey
|-damage|p2a: Chansey|0 fnt
|faint|p2a: Chansey
|faint|p1a: Golem
|c| Churielix|JAH
|c|★unstopped|D=
|
|switch|p2a: Alakazam|Alakazam, L79|249\/249
|switch|p1a: Haunter|Haunter, L85|138\/250 frz
|turn|23
|
|move|p2a: Alakazam|Seismic Toss|p1a: Haunter
|-damage|p1a: Haunter|59\/250 frz
|cant|p1a: Haunter|frz
|
|turn|24
|c|★unstopped|lol
|c|★unstopped|no es inmune XD
|c|★andrewandres|no se te va a descongelar
|c|★unstopped|que wea generacion
|c|★andrewandres|descuida
|c|★andrewandres|XDXD
|c|★unstopped|jaja no mames esos hax
|c|★unstopped|mejor siguo trabajando :V
|c|★andrewandres|ayyy weyyyy
|c|★andrewandres|andale andale
|c|★andrewandres|ay mamasitaaaaaaaaaa
|c|★andrewandres|zZzzz
|c|★unstopped|wey tu abuela
|c|★unstopped|no soy mexicano
|c|★andrewandres|me es lomismo
|c| Churielix|SOY MEXICANO
|
|move|p2a: Alakazam|Reflect|p2a: Alakazam
|-start|p2a: Alakazam|Reflect
|cant|p1a: Haunter|frz
|
|turn|25
|c|★andrewandres|todos sois iguales
|c|★andrewandres|argentinos
|c|★andrewandres|panchitos
|c|★andrewandres|bolivianos
|c|★andrewandres|peruanos
|c|★andrewandres|m la pela XD
|
|move|p2a: Alakazam|Psychic|p1a: Haunter
|-supereffective|p1a: Haunter
|-damage|p1a: Haunter|0 fnt
|faint|p1a: Haunter
|
|win|andrewandres
|c| Churielix|JAJAJA