|join|MALESANI
|join|XianJu
|player|p1|MALESANI|238
|player|p2|XianJu|130
|gametype|singles
|gen|1
|tier|[Gen 1] Random Battle
|rated
|seed|48548,29990,61056,39738
|rule|Sleep Clause Mod: Limit one foe put to sleep
|rule|Freeze Clause Mod: Limit one foe frozen
|rule|HP Percentage Mod: HP is shown in percentages
|
|start
|switch|p1a: Scyther|Scyther, L90|309\/309
|switch|p2a: Sandslash|Sandslash, L85|301\/301
|turn|1
|choice|switch 4|switch 4
|
|switch|p1a: Weezing|Weezing, L90|300\/300
|switch|p2a: Wigglytuff|Wigglytuff, L90|435\/435
|
|turn|2
|choice|move 3|move 3
|
|move|p1a: Weezing|Thunder|p2a: Wigglytuff
|-damage|p2a: Wigglytuff|314\/435
|move|p2a: Wigglytuff|Body Slam|p1a: Weezing
|-damage|p1a: Weezing|232\/300
|-status|p1a: Weezing|par
|
|turn|3
|choice|move 2|move 2
|
|move|p2a: Wigglytuff|Double-Edge|p1a: Weezing
|-damage|p1a: Weezing|157\/300 par
|-damage|p2a: Wigglytuff|296\/435|[from] recoil|[of] p1a: Weezing
|move|p1a: Weezing|Sludge|p2a: Wigglytuff
|-damage|p2a: Wigglytuff|186\/435
|
|turn|4
|choice|move 2|move 4
|
|move|p2a: Wigglytuff|Bubble Beam|p1a: Weezing
|-damage|p1a: Weezing|122\/300 par
|cant|p1a: Weezing|par
|
|turn|5
|choice|move 2|move 2
|
|move|p2a: Wigglytuff|Double-Edge|p1a: Weezing
|-damage|p1a: Weezing|44\/300 par
|-damage|p2a: Wigglytuff|167\/435|[from] recoil|[of] p1a: Weezing
|move|p1a: Weezing|Sludge|p2a: Wigglytuff
|-damage|p2a: Wigglytuff|64\/435
|-status|p2a: Wigglytuff|psn
|
|turn|6
|choice|move 2|move 3
|
|move|p2a: Wigglytuff|Body Slam|p1a: Weezing
|-damage|p1a: Weezing|0 fnt
|faint|p1a: Weezing
|choice|switch 2|
|
|switch|p1a: Cloyster|Cloyster, L83|253\/253
|turn|7
|choice|move 4|switch 2
|
|switch|p2a: Seel|Seel, L96|320\/320
|move|p1a: Cloyster|Surf|p2a: Seel
|-resisted|p2a: Seel
|-damage|p2a: Seel|272\/320
|
|turn|8
|choice|switch 5|move 3
|
|switch|p1a: Nidoran-M|Nidoran-M, L96|283\/283
|move|p2a: Seel|Body Slam|p1a: Nidoran-M
|-damage|p1a: Nidoran-M|221\/283
|
|turn|9
|choice|move 1|move 2
|
|move|p1a: Nidoran-M|Body Slam|p2a: Seel
|-damage|p2a: Seel|209\/320
|move|p2a: Seel|Surf|p1a: Nidoran-M
|-damage|p1a: Nidoran-M|71\/283
|
|turn|10
|choice|move 4|move 2
|
|move|p1a: Nidoran-M|Double-Edge|p2a: Seel
|-damage|p2a: Seel|138\/320
|-damage|p1a: Nidoran-M|54\/283|[from] recoil|[of] p2a: Seel
|move|p2a: Seel|Surf|p1a: Nidoran-M
|-damage|p1a: Nidoran-M|0 fnt
|faint|p1a: Nidoran-M
|choice|switch 3|
|
|switch|p1a: Zapdos|Zapdos, L79|304\/304
|turn|11
|choice|move 3|switch 6
|
|switch|p2a: Mr. Mime|Mr. Mime, L85|242\/242
|move|p1a: Zapdos|Thunderbolt|p2a: Mr. Mime
|-crit|p2a: Mr. Mime
|-damage|p2a: Mr. Mime|42\/242
|
|turn|12
|choice|move 1|move 3
|
|move|p2a: Mr. Mime|Thunder Wave|p1a: Zapdos
|-status|p1a: Zapdos|par
|move|p1a: Zapdos|Drill Peck|p2a: Mr. Mime
|-crit|p2a: Mr. Mime
|-damage|p2a: Mr. Mime|0 fnt
|faint|p2a: Mr. Mime
|choice||switch 2
|
|switch|p2a: Wigglytuff|Wigglytuff, L90|64\/435 psn
|turn|13
|choice|move 1|move 2
|
|move|p2a: Wigglytuff|Double-Edge|p1a: Zapdos
|-damage|p1a: Zapdos|190\/304 par
|-damage|p2a: Wigglytuff|36\/435 psn|[from] recoil|[of] p1a: Zapdos
|-damage|p2a: Wigglytuff|9\/435 psn|[from] psn|[of] p1a: Zapdos
|move|p1a: Zapdos|Drill Peck|p2a: Wigglytuff
|-damage|p2a: Wigglytuff|0 fnt
|faint|p2a: Wigglytuff
|choice||switch 4
|
|switch|p2a: Sandslash|Sandslash, L85|301\/301
|turn|14
|choice|move 1|move 2
|
|move|p2a: Sandslash|Substitute|p2a: Sandslash
|-start|p2a: Sandslash|Substitute
|-damage|p2a: Sandslash|226\/301
|move|p1a: Zapdos|Drill Peck|p2a: Sandslash
|-activate|p2a: Sandslash|Substitute|[damage]
|
|turn|15
|choice|move 1|move 4
|
|move|p2a: Sandslash|Swords Dance|p2a: Sandslash
|-boost|p2a: Sandslash|atk|2
|move|p1a: Zapdos|Drill Peck|p2a: Sandslash
|-end|p2a: Sandslash|Substitute
|
|turn|16
|choice|move 1|move 3
|
|move|p2a: Sandslash|Hyper Beam|p1a: Zapdos
|-damage|p1a: Zapdos|0 fnt
|faint|p1a: Zapdos
|choice|switch 5|
|
|switch|p1a: Cloyster|Cloyster, L83|253\/253
|turn|17
|choice|move 4|move 1
|
|move|p1a: Cloyster|Surf|p2a: Sandslash
|-supereffective|p2a: Sandslash
|-damage|p2a: Sandslash|7\/301
|move|p2a: Sandslash|Earthquake|p1a: Cloyster
|-damage|p1a: Cloyster|107\/253
|
|turn|18
|choice|move 1|move 3
|
|move|p1a: Cloyster|Ice Beam|p2a: Sandslash
|-supereffective|p2a: Sandslash
|-damage|p2a: Sandslash|0 fnt
|faint|p2a: Sandslash
|choice||switch 6
|
|switch|p2a: Seel|Seel, L96|138\/320
|turn|19
|choice|move 3|move 3
|
|move|p1a: Cloyster|Explosion|p2a: Seel
|-damage|p2a: Seel|0 fnt
|faint|p2a: Seel
|faint|p1a: Cloyster
|choice|switch 4|switch 3
|
|switch|p1a: Scyther|Scyther, L90|309\/309
|switch|p2a: Farfetch'd|Farfetch'd, L99|304\/304
|turn|20
|choice|move 4|move 1
|
|move|p1a: Scyther|Slash|p2a: Farfetch'd
|-crit|p2a: Farfetch'd
|-damage|p2a: Farfetch'd|167\/304
|move|p2a: Farfetch'd|Slash|p1a: Scyther
|-crit|p1a: Scyther
|-damage|p1a: Scyther|155\/309
|
|turn|21
|choice|move 4|move 1
|
|move|p1a: Scyther|Slash|p2a: Farfetch'd
|-crit|p2a: Farfetch'd
|-damage|p2a: Farfetch'd|42\/304
|move|p2a: Farfetch'd|Slash|p1a: Scyther
|-crit|p1a: Scyther
|-damage|p1a: Scyther|0 fnt
|faint|p1a: Scyther
|choice|switch 6|
|
|switch|p1a: Ponyta|Ponyta, L96|291\/291
|turn|22
|choice|move 2|move 1
|
|move|p1a: Ponyta|Fire Blast|p2a: Farfetch'd
|-damage|p2a: Farfetch'd|0 fnt
|faint|p2a: Farfetch'd
|choice||switch 5
|
|switch|p2a: Machoke|Machoke, L85|310\/310
|turn|23
|choice|move 2|move 4
|
|move|p1a: Ponyta|Fire Blast|p2a: Machoke
|-damage|p2a: Machoke|150\/310
|-status|p2a: Machoke|brn
|move|p2a: Machoke|Body Slam|p1a: Ponyta
|-damage|p1a: Ponyta|256\/291
|-damage|p2a: Machoke|131\/310 brn|[from] brn|[of] p1a: Ponyta
|
|turn|24
|choice|move 2|move 1
|
|move|p1a: Ponyta|Fire Blast|p2a: Machoke
|-damage|p2a: Machoke|0 fnt
|faint|p2a: Machoke
|
|win|MALESANI
|leave|XianJu
|player|p2