|j|smilzo
|j|marcoasd
|player|p1|smilzo|157
|player|p2|marcoasd|1
|gametype|singles
|gen|1
|tier|[Gen 1] OU
|seed|
|rule|Sleep Clause Mod: Limit one foe put to sleep
|rule|Freeze Clause Mod: Limit one foe frozen
|rule|Species Clause: Limit one of each Pokémon
|rule|OHKO Clause: OHKO moves are banned
|rule|Evasion Moves Clause: Evasion moves are banned
|rule|HP Percentage Mod: HP is shown in percentages
|
|start
|switch|p1a: Gengar|Gengar|100\/100
|switch|p2a: Alakazam|Alakazam, M|100\/100
|turn|1
|choice||
|
|switch|p1a: Chansey|Chansey|100\/100
|move|p2a: Alakazam|Thunder Wave|p1a: Chansey
|-status|p1a: Chansey|par
|
|turn|2
|choice||
|
|move|p2a: Alakazam|Psychic|p1a: Chansey
|-damage|p1a: Chansey|81\/100 par
|move|p1a: Chansey|Sing|p2a: Alakazam|[miss]
|-miss|p1a: Chansey
|
|turn|3
|choice||
|
|move|p2a: Alakazam|Psychic|p1a: Chansey
|-crit|p1a: Chansey
|-damage|p1a: Chansey|48\/100 par
|-unboost|p1a: Chansey|spd|1
|-unboost|p1a: Chansey|spa|1
|move|p1a: Chansey|Sing|p2a: Alakazam
|-status|p2a: Alakazam|slp
|
|turn|4
|choice||
|
|switch|p2a: Snorlax|Snorlax, M|100\/100
|move|p1a: Chansey|Soft-Boiled|p1a: Chansey
|-heal|p1a: Chansey|98\/100 par
|
|turn|5
|choice||
|
|switch|p1a: Snorlax|Snorlax|100\/100
|move|p2a: Snorlax|Body Slam|p1a: Snorlax
|-damage|p1a: Snorlax|72\/100
|
|turn|6
|choice||
|
|move|p2a: Snorlax|Reflect|p2a: Snorlax
|-start|p2a: Snorlax|Reflect
|move|p1a: Snorlax|Earthquake|p2a: Snorlax
|-damage|p2a: Snorlax|90\/100
|
|turn|7
|choice||
|
|move|p2a: Snorlax|Body Slam|p1a: Snorlax
|-damage|p1a: Snorlax|45\/100
|move|p1a: Snorlax|Counter|p2a: Snorlax
|-damage|p2a: Snorlax|36\/100
|
|turn|8
|choice||
|
|move|p1a: Snorlax|Body Slam|p2a: Snorlax
|-damage|p2a: Snorlax|23\/100
|move|p2a: Snorlax|Rest|p2a: Snorlax
|-status|p2a: Snorlax|slp
|-heal|p2a: Snorlax|100\/100 slp|[silent]
|-status|p2a: Snorlax|slp|[from] move: Rest
|
|turn|9
|choice||
|
|switch|p1a: Starmie|Starmie|100\/100
|cant|p2a: Snorlax|slp
|
|turn|10
|choice||
|
|move|p1a: Starmie|Psychic|p2a: Snorlax
|-damage|p2a: Snorlax|73\/100 slp
|-curestatus|p2a: Snorlax|slp
|
|turn|11
|choice||
|
|move|p1a: Starmie|Psychic|p2a: Snorlax
|-crit|p2a: Snorlax
|-damage|p2a: Snorlax|22\/100
|move|p2a: Snorlax|Body Slam|p1a: Starmie
|-damage|p1a: Starmie|61\/100
|-status|p1a: Starmie|par
|
|turn|12
|choice||
|
|move|p2a: Snorlax|Rest|p2a: Snorlax
|-status|p2a: Snorlax|slp
|-heal|p2a: Snorlax|100\/100 slp|[silent]
|-status|p2a: Snorlax|slp|[from] move: Rest
|move|p1a: Starmie|Psychic|p2a: Snorlax
|-damage|p2a: Snorlax|76\/100 slp
|
|turn|13
|choice||
|
|cant|p2a: Snorlax|slp
|cant|p1a: Starmie|par
|
|turn|14
|choice||
|
|-curestatus|p2a: Snorlax|slp
|cant|p1a: Starmie|par
|
|turn|15
|choice||
|
|move|p2a: Snorlax|Body Slam|p1a: Starmie
|-damage|p1a: Starmie|24\/100 par
|move|p1a: Starmie|Thunder Wave|p2a: Snorlax
|-status|p2a: Snorlax|par
|
|turn|16
|choice||
|
|move|p1a: Starmie|Recover|p1a: Starmie
|-heal|p1a: Starmie|74\/100 par
|move|p2a: Snorlax|Body Slam|p1a: Starmie
|-damage|p1a: Starmie|35\/100 par
|
|turn|17
|choice||
|
|cant|p1a: Starmie|par
|move|p2a: Snorlax|Body Slam|p1a: Starmie
|-damage|p1a: Starmie|0 fnt
|faint|p1a: Starmie
|choice||
|
|switch|p1a: Gengar|Gengar|100\/100
|turn|18
|choice||
|
|move|p1a: Gengar|Thunderbolt|p2a: Snorlax
|-damage|p2a: Snorlax|53\/100 par
|move|p2a: Snorlax|Rest|p2a: Snorlax
|-status|p2a: Snorlax|slp
|-heal|p2a: Snorlax|100\/100 slp|[silent]
|-status|p2a: Snorlax|slp|[from] move: Rest
|
|turn|19
|choice||
|
|move|p1a: Gengar|Thunderbolt|p2a: Snorlax
|-damage|p2a: Snorlax|80\/100 slp
|cant|p2a: Snorlax|slp
|
|turn|20
|choice||
|
|move|p1a: Gengar|Thunderbolt|p2a: Snorlax
|-damage|p2a: Snorlax|58\/100 slp
|-curestatus|p2a: Snorlax|slp
|
|turn|21
|choice||
|
|move|p1a: Gengar|Thunderbolt|p2a: Snorlax
|-damage|p2a: Snorlax|38\/100
|move|p2a: Snorlax|Earthquake|p1a: Gengar
|-supereffective|p1a: Gengar
|-damage|p1a: Gengar|27\/100
|
|turn|22
|choice||
|
|switch|p2a: Exeggutor|Exeggutor, M|100\/100
|move|p1a: Gengar|Thunderbolt|p2a: Exeggutor
|-resisted|p2a: Exeggutor
|-damage|p2a: Exeggutor|91\/100
|-status|p2a: Exeggutor|par
|
|turn|23
|choice||
|
|switch|p2a: Alakazam|Alakazam, M|100\/100 slp
|move|p1a: Gengar|Explosion|p2a: Alakazam
|-damage|p2a: Alakazam|5\/100 slp
|faint|p1a: Gengar
|choice||
|
|switch|p1a: Tauros|Tauros|100\/100
|turn|24
|choice||
|
|cant|p2a: Alakazam|slp
|move|p1a: Tauros|Body Slam|p2a: Alakazam
|-damage|p2a: Alakazam|0 fnt
|faint|p2a: Alakazam
|choice||
|
|switch|p2a: Lapras|Lapras, M|100\/100
|turn|25
|choice||
|
|switch|p1a: Chansey|Chansey|98\/100 par
|move|p2a: Lapras|Blizzard|p1a: Chansey
|-crit|p1a: Chansey
|-damage|p1a: Chansey|63\/100 par
|
|turn|26
|choice||
|
|switch|p2a: Snorlax|Snorlax, M|38\/100
|move|p1a: Chansey|Sing|p2a: Snorlax
|-status|p2a: Snorlax|slp
|
|turn|27
|c|★marcoasd|asd
|c|★marcoasd|sulla faccia
|choice||
|
|switch|p2a: Tauros|Tauros|100\/100
|move|p1a: Chansey|Soft-Boiled|p1a: Chansey
|-heal|p1a: Chansey|100\/100 par
|
|turn|28
|choice||
|
|move|p2a: Tauros|Body Slam|p1a: Chansey
|-damage|p1a: Chansey|60\/100 par
|move|p1a: Chansey|Thunder Wave|p2a: Tauros
|-status|p2a: Tauros|par
|
|turn|29
|choice||
|
|switch|p1a: Snorlax|Snorlax|45\/100
|move|p2a: Tauros|Body Slam|p1a: Snorlax
|-crit|p1a: Snorlax
|-damage|p1a: Snorlax|0 fnt
|faint|p1a: Snorlax
|c|★marcoasd|sulla faccia parte 2
|c|★smilzo|mai na gioia eh
|choice||
|
|switch|p1a: Tauros|Tauros|100\/100
|turn|30
|choice||
|
|switch|p2a: Snorlax|Snorlax, M|38\/100 slp
|move|p1a: Tauros|Body Slam|p2a: Snorlax
|-damage|p2a: Snorlax|14\/100 slp
|
|turn|31
|choice||
|
|move|p1a: Tauros|Body Slam|p2a: Snorlax
|-crit|p2a: Snorlax
|-damage|p2a: Snorlax|0 fnt
|faint|p2a: Snorlax
|c|★marcoasd|bèh più o meno sarebbe finita saccando lui
|c|★smilzo|si vabbe
|choice||
|
|switch|p2a: Lapras|Lapras, M|100\/100
|turn|32
|choice||
|
|switch|p1a: Chansey|Chansey|60\/100 par
|move|p2a: Lapras|Blizzard|p1a: Chansey
|-damage|p1a: Chansey|41\/100 par
|
|turn|33
|j|Death to mudbloods
|choice||
|
|switch|p2a: Tauros|Tauros|100\/100 par
|move|p1a: Chansey|Soft-Boiled|p1a: Chansey
|-heal|p1a: Chansey|91\/100 par
|
|turn|34
|choice||
|
|switch|p1a: Golem|Golem|100\/100
|move|p2a: Tauros|Body Slam|p1a: Golem
|-resisted|p1a: Golem
|-damage|p1a: Golem|89\/100
|-status|p1a: Golem|par
|
|turn|35
|choice||
|
|move|p2a: Tauros|Blizzard|p1a: Golem
|-supereffective|p1a: Golem
|-damage|p1a: Golem|25\/100 par
|cant|p1a: Golem|par
|
|turn|36
|c|★smilzo|eh
|c|★smilzo|codio
|c|★marcoasd|questo ha pesato
|c|★smilzo|fullpara adesso dai
|l|Death to mudbloods
|choice||
|
|move|p2a: Tauros|Earthquake|p1a: Golem
|-crit|p1a: Golem
|-supereffective|p1a: Golem
|-damage|p1a: Golem|0 fnt
|faint|p1a: Golem
|choice||
|
|switch|p1a: Tauros|Tauros|100\/100
|turn|37
|choice||
|
|move|p1a: Tauros|Body Slam|p2a: Tauros
|-damage|p2a: Tauros|74\/100 par
|move|p2a: Tauros|Body Slam|p1a: Tauros
|-damage|p1a: Tauros|73\/100
|
|turn|38
|choice||
|
|move|p1a: Tauros|Body Slam|p2a: Tauros
|-damage|p2a: Tauros|44\/100 par
|cant|p2a: Tauros|par
|
|turn|39
|choice||
|
|switch|p2a: Chansey|Chansey|100\/100
|move|p1a: Tauros|Body Slam|p2a: Chansey
|-damage|p2a: Chansey|63\/100
|
|turn|40
|choice||
|
|move|p1a: Tauros|Body Slam|p2a: Chansey
|-crit|p2a: Chansey
|-damage|p2a: Chansey|0 fnt
|faint|p2a: Chansey
|choice||
|
|switch|p2a: Lapras|Lapras, M|100\/100
|turn|41
|choice||
|
|switch|p1a: Chansey|Chansey|91\/100 par
|move|p2a: Lapras|Blizzard|p1a: Chansey|[miss]
|-miss|p2a: Lapras
|
|turn|42
|choice||
|
|switch|p2a: Exeggutor|Exeggutor, M|91\/100 par
|cant|p1a: Chansey|par
|
|turn|43
|choice||
|
|move|p2a: Exeggutor|Psychic|p1a: Chansey
|-crit|p1a: Chansey
|-damage|p1a: Chansey|60\/100 par
|-unboost|p1a: Chansey|spd|1
|-unboost|p1a: Chansey|spa|1
|cant|p1a: Chansey|par
|
|turn|44
|choice||
|
|move|p2a: Exeggutor|Psychic|p1a: Chansey
|-damage|p1a: Chansey|33\/100 par
|move|p1a: Chansey|Soft-Boiled|p1a: Chansey
|-heal|p1a: Chansey|83\/100 par
|
|turn|45
|choice||
|
|move|p2a: Exeggutor|Psychic|p1a: Chansey
|-damage|p1a: Chansey|55\/100 par
|cant|p1a: Chansey|par
|
|turn|46
|choice||
|
|cant|p2a: Exeggutor|par
|move|p1a: Chansey|Soft-Boiled|p1a: Chansey
|-heal|p1a: Chansey|100\/100 par
|
|turn|47
|choice||
|
|cant|p2a: Exeggutor|par
|move|p1a: Chansey|Seismic Toss|p2a: Exeggutor
|-damage|p2a: Exeggutor|66\/100 par
|
|turn|48
|choice||
|
|move|p2a: Exeggutor|Psychic|p1a: Chansey
|-damage|p1a: Chansey|73\/100 par
|cant|p1a: Chansey|par
|
|turn|49
|choice||
|
|move|p2a: Exeggutor|Psychic|p1a: Chansey
|-damage|p1a: Chansey|49\/100 par
|cant|p1a: Chansey|par
|
|turn|50
|choice||
|
|move|p2a: Exeggutor|Explosion|p1a: Chansey
|-damage|p1a: Chansey|0 fnt
|faint|p1a: Chansey
|faint|p2a: Exeggutor
|choice||
|
|switch|p2a: Tauros|Tauros|44\/100 par
|switch|p1a: Tauros|Tauros|73\/100
|turn|51
|choice||
|
|move|p1a: Tauros|Hyper Beam|p2a: Tauros
|-damage|p2a: Tauros|0 fnt
|faint|p2a: Tauros
|choice||
|
|switch|p2a: Lapras|Lapras, M|100\/100
|turn|52
|choice||
|
|move|p1a: Tauros|Body Slam|p2a: Lapras
|-damage|p2a: Lapras|77\/100
|-status|p2a: Lapras|par
|move|p2a: Lapras|Blizzard|p1a: Tauros|[miss]
|-miss|p2a: Lapras
|
|turn|53
|c|★smilzo|alé toro
|c|★marcoasd|aiai
|choice||
|
|move|p1a: Tauros|Body Slam|p2a: Lapras
|-damage|p2a: Lapras|50\/100 par
|move|p2a: Lapras|Blizzard|p1a: Tauros
|-damage|p1a: Tauros|22\/100
|
|turn|54
|c|★marcoasd|gg
|c|★smilzo|critt
|choice||
|
|move|p1a: Tauros|Hyper Beam|p2a: Lapras
|-crit|p2a: Lapras
|-damage|p2a: Lapras|0 fnt
|faint|p2a: Lapras
|
|win|smilzo
|player|p1
|player|p2
|c|★marcoasd|si decidono le sorti
|c|★marcoasd|asd
|c|★smilzo|EY
|c|★smilzo|GG
|c|★marcoasd|mi chiamano al rancio
|l|marcoasd
|c|★smilzo|idem