|j|hiyoukolovelive
|j|electabuzzkinggg
|player|p1|hiyoukolovelive|265
|player|p2|electabuzzkinggg|266
|gametype|singles
|gen|1
|tier|[Gen 1] OU
|rated
|seed|
|rule|Sleep Clause Mod: Limit one foe put to sleep
|rule|Freeze Clause Mod: Limit one foe frozen
|rule|Species Clause: Limit one of each Pokémon
|rule|OHKO Clause: OHKO moves are banned
|rule|Evasion Moves Clause: Evasion moves are banned
|rule|HP Percentage Mod: HP is shown in percentages
|
|start
|switch|p1a: Jolteon|Jolteon|100\/100
|switch|p2a: Jolteon|Jolteon|100\/100
|turn|1
|choice||
|
|switch|p1a: Exeggutor|Exeggutor|100\/100
|move|p2a: Jolteon|Double Kick|p1a: Exeggutor
|-resisted|p1a: Exeggutor
|-damage|p1a: Exeggutor|98\/100
|-damage|p1a: Exeggutor|95\/100
|-hitcount|p1a: Exeggutor|2
|
|turn|2
|choice||
|
|switch|p2a: Chansey|Chansey|100\/100
|move|p1a: Exeggutor|Sleep Powder|p2a: Chansey
|-status|p2a: Chansey|slp
|
|turn|3
|choice||
|
|move|p1a: Exeggutor|Psychic|p2a: Chansey
|-damage|p2a: Chansey|83\/100 slp
|-unboost|p2a: Chansey|spd|1
|-unboost|p2a: Chansey|spa|1
|cant|p2a: Chansey|slp
|
|turn|4
|j|Topkekgenot
|choice||
|
|move|p1a: Exeggutor|Psychic|p2a: Chansey
|-damage|p2a: Chansey|59\/100 slp
|-curestatus|p2a: Chansey|slp
|
|turn|5
|choice||
|
|move|p1a: Exeggutor|Sleep Powder|p2a: Chansey
|-status|p2a: Chansey|slp
|-curestatus|p2a: Chansey|slp
|
|turn|6
|choice||
|
|move|p1a: Exeggutor|Sleep Powder|p2a: Chansey
|-status|p2a: Chansey|slp
|cant|p2a: Chansey|slp
|
|turn|7
|-message|electabuzzkinggg forfeited.
|
|win|hiyoukolovelive
|player|p1
|player|p2
|l|electabuzzkinggg
|raw|hiyoukolovelive's rating: 1148 &rarr; <strong>1175<\/strong><br \/>(+27 for winning)
|raw|electabuzzkinggg's rating: 1168 &rarr; <strong>1142<\/strong><br \/>(-26 for losing)
|l|hiyoukolovelive