|join|andrewandres
|join|niizquierdot
|player|p1|andrewandres|101
|player|p2|niizquierdot|147
|gametype|singles
|gen|1
|tier|[Gen 1] Random Battle
|rule|Sleep Clause Mod: Limit one foe put to sleep
|rule|Freeze Clause Mod: Limit one foe frozen
|rule|HP Percentage Mod: HP is shown in percentages
|
|start
|switch|p1a: Poliwag|Poliwag, L96|272\/272
|switch|p2a: Arcanine|Arcanine, L85|327\/327
|turn|1
|join|raulcanxd2
|c| raulcanxd2|me tocaba a mi
|join|ANGELO PIDGEOT
|c|★andrewandres|vaa..
|c|★andrewandres|no falles
|c|★andrewandres|xfa
|c|★andrewandres|XDXXD
|
|switch|p2a: Jolteon|Jolteon, L79|265\/265
|move|p1a: Poliwag|Hypnosis|p2a: Jolteon
|-status|p2a: Jolteon|slp
|
|turn|2
|c| ANGELO PIDGEOT|xd
|c| raulcanxd2|caguen la cona
|c|★andrewandres|otro tolay..
|join|Zdeagle
|
|cant|p2a: Jolteon|slp
|move|p1a: Poliwag|Amnesia|p1a: Poliwag
|-boost|p1a: Poliwag|spd|2
|-boost|p1a: Poliwag|spa|2
|
|turn|3
|c|★andrewandres|con tontolagor..
|c|★andrewandres|dios que pena de gente
|join|hitty
|c|★andrewandres|XDXD
|
|cant|p2a: Jolteon|slp
|move|p1a: Poliwag|Amnesia|p1a: Poliwag
|-boost|p1a: Poliwag|spd|2
|-boost|p1a: Poliwag|spa|2
|
|turn|4
|leave|Zdeagle
|
|cant|p2a: Jolteon|slp
|move|p1a: Poliwag|Surf|p2a: Jolteon
|-damage|p2a: Jolteon|51\/265 slp
|
|turn|5
|
|cant|p2a: Jolteon|slp
|move|p1a: Poliwag|Surf|p2a: Jolteon
|-damage|p2a: Jolteon|0 fnt
|faint|p2a: Jolteon
|join|animbask10
|leave|hitty
|
|switch|p2a: Tentacruel|Tentacruel, L85|310\/310
|turn|6
|
|move|p1a: Poliwag|Surf|p2a: Tentacruel
|-resisted|p2a: Tentacruel
|-damage|p2a: Tentacruel|224\/310
|move|p2a: Tentacruel|Blizzard|p1a: Poliwag
|-resisted|p1a: Poliwag
|-damage|p1a: Poliwag|250\/272
|
|turn|7
|
|move|p1a: Poliwag|Hypnosis|p2a: Tentacruel|[miss]
|-miss|p1a: Poliwag
|move|p2a: Tentacruel|Swords Dance|p2a: Tentacruel
|-boost|p2a: Tentacruel|atk|2
|
|turn|8
|
|move|p1a: Poliwag|Hypnosis|p2a: Tentacruel
|-status|p2a: Tentacruel|slp
|-curestatus|p2a: Tentacruel|slp
|
|turn|9
|c|★andrewandres|venga..
|c|★andrewandres|ya empezamos
|
|move|p1a: Poliwag|Hypnosis|p2a: Tentacruel
|-status|p2a: Tentacruel|slp
|cant|p2a: Tentacruel|slp
|
|turn|10
|
|move|p1a: Poliwag|Amnesia|p1a: Poliwag
|-boost|p1a: Poliwag|spd|2
|-boost|p1a: Poliwag|spa|2
|-curestatus|p2a: Tentacruel|slp
|
|turn|11
|
|move|p1a: Poliwag|Hypnosis|p2a: Tentacruel
|-status|p2a: Tentacruel|slp
|cant|p2a: Tentacruel|slp
|
|turn|12
|c|★andrewandres|zZzZzZzz
|
|move|p1a: Poliwag|Surf|p2a: Tentacruel
|-resisted|p2a: Tentacruel
|-damage|p2a: Tentacruel|95\/310 slp
|cant|p2a: Tentacruel|slp
|
|turn|13
|
|move|p1a: Poliwag|Surf|p2a: Tentacruel
|-resisted|p2a: Tentacruel
|-damage|p2a: Tentacruel|0 fnt
|faint|p2a: Tentacruel
|
|switch|p2a: Kingler|Kingler, L85|267\/267
|turn|14
|
|move|p1a: Poliwag|Surf|p2a: Kingler
|-resisted|p2a: Kingler
|-damage|p2a: Kingler|36\/267
|move|p2a: Kingler|Hyper Beam|p1a: Poliwag
|-damage|p1a: Poliwag|63\/272
|
|turn|15
|-mustrecharge|p2a: Kingler
|-mustrecharge|p2a: Kingler
|
|move|p1a: Poliwag|Surf|p2a: Kingler
|-resisted|p2a: Kingler
|-damage|p2a: Kingler|0 fnt
|faint|p2a: Kingler
|
|switch|p2a: Ninetales|Ninetales, L85|298\/298
|turn|16
|
|move|p1a: Poliwag|Surf|p2a: Ninetales
|-supereffective|p2a: Ninetales
|-damage|p2a: Ninetales|0 fnt
|faint|p2a: Ninetales
|
|switch|p2a: Beedrill|Beedrill, L90|300\/300
|turn|17
|
|move|p1a: Poliwag|Surf|p2a: Beedrill
|-damage|p2a: Beedrill|0 fnt
|faint|p2a: Beedrill
|
|switch|p2a: Arcanine|Arcanine, L85|327\/327
|turn|18
|join|oshe khe ryko
|join|OMayGATisPLOf
|join|LapisLazuli Gem
|
|move|p1a: Poliwag|Surf|p2a: Arcanine
|-supereffective|p2a: Arcanine
|-damage|p2a: Arcanine|0 fnt
|faint|p2a: Arcanine
|
|win|andrewandres
|leave|niizquierdot
|player|p2
|c|★andrewandres|yeaah
|leave|andrewandres
|player|p1
|c| oshe khe ryko|lol gg