|join|markus1000
|join|Leotronico
|player|p1|markus1000|169
|player|p2|Leotronico|156
|gametype|singles
|gen|1
|tier|[Gen 1] Random Battle
|rated
|rule|Sleep Clause Mod: Limit one foe put to sleep
|rule|Freeze Clause Mod: Limit one foe frozen
|rule|HP Percentage Mod: HP is shown in percentages
|
|start
|switch|p1a: Tangela|Tangela, L86|287\/287
|switch|p2a: Lickitung|Lickitung, L86|330\/330
|turn|1
|
|move|p1a: Tangela|Swords Dance|p1a: Tangela
|-boost|p1a: Tangela|atk|2
|move|p2a: Lickitung|Body Slam|p1a: Tangela
|-damage|p1a: Tangela|236\/287
|-status|p1a: Tangela|par
|
|turn|2
|
|move|p2a: Lickitung|Swords Dance|p2a: Lickitung
|-boost|p2a: Lickitung|atk|2
|cant|p1a: Tangela|par
|
|turn|3
|
|move|p2a: Lickitung|Body Slam|p1a: Tangela
|-damage|p1a: Tangela|120\/287 par
|move|p1a: Tangela|Body Slam|p2a: Lickitung
|-damage|p2a: Lickitung|241\/330
|
|turn|4
|
|move|p2a: Lickitung|Hyper Beam|p1a: Tangela
|-damage|p1a: Tangela|0 fnt
|faint|p1a: Tangela
|
|switch|p1a: Omastar|Omastar, L86|296\/296
|turn|5
|
|move|p1a: Omastar|Surf|p2a: Lickitung
|-damage|p2a: Lickitung|94\/330
|move|p2a: Lickitung|Earthquake|p1a: Omastar
|-supereffective|p1a: Omastar
|-damage|p1a: Omastar|145\/296
|
|turn|6
|
|move|p1a: Omastar|Surf|p2a: Lickitung
|-damage|p2a: Lickitung|0 fnt
|faint|p2a: Lickitung
|
|switch|p2a: Gengar|Gengar, L82|266\/266
|turn|7
|
|switch|p1a: Chansey|Chansey, L82|578\/578
|move|p2a: Gengar|Mega Drain|p1a: Chansey
|-damage|p1a: Chansey|548\/578
|
|turn|8
|
|move|p2a: Gengar|Explosion|p1a: Chansey
|-damage|p1a: Chansey|83\/578
|faint|p2a: Gengar
|
|switch|p2a: Tauros|Tauros, L82|291\/291
|turn|9
|
|move|p2a: Tauros|Body Slam|p1a: Chansey
|-damage|p1a: Chansey|0 fnt
|faint|p1a: Chansey
|
|switch|p1a: Rapidash|Rapidash, L86|287\/287
|turn|10
|
|move|p1a: Rapidash|Fire Spin|p2a: Tauros|[miss]
|-miss|p1a: Rapidash
|move|p2a: Tauros|Earthquake|p1a: Rapidash
|-supereffective|p1a: Rapidash
|-damage|p1a: Rapidash|139\/287
|
|turn|11
|
|move|p1a: Rapidash|Fire Spin|p2a: Tauros
|-crit|p2a: Tauros
|-damage|p2a: Tauros|255\/291
|-activate|p2a: Tauros|move: Fire Spin|[of] p1a: Rapidash
|cant|p2a: Tauros|partiallytrapped
|
|turn|12
|
|switch|p2a: Blastoise|Blastoise, L86|311\/311
|move|p1a: Rapidash|Fire Spin|p2a: Blastoise|[miss]
|-miss|p1a: Rapidash
|
|turn|13
|
|switch|p1a: Lapras|Lapras, L82|381\/381
|move|p2a: Blastoise|Surf|p1a: Lapras
|-resisted|p1a: Lapras
|-damage|p1a: Lapras|332\/381
|
|turn|14
|
|move|p2a: Blastoise|Body Slam|p1a: Lapras
|-damage|p1a: Lapras|272\/381
|move|p1a: Lapras|Ice Beam|p2a: Blastoise
|-resisted|p2a: Blastoise
|-damage|p2a: Blastoise|263\/311
|-status|p2a: Blastoise|frz
|
|turn|15
|
|cant|p2a: Blastoise|frz
|move|p1a: Lapras|Ice Beam|p2a: Blastoise
|-resisted|p2a: Blastoise
|-damage|p2a: Blastoise|215\/311 frz
|
|turn|16
|
|cant|p2a: Blastoise|frz
|move|p1a: Lapras|Thunderbolt|p2a: Blastoise
|-supereffective|p2a: Blastoise
|-damage|p2a: Blastoise|96\/311 frz
|
|turn|17
|
|cant|p2a: Blastoise|frz
|move|p1a: Lapras|Body Slam|p2a: Blastoise
|-damage|p2a: Blastoise|47\/311 frz
|
|turn|18
|
|cant|p2a: Blastoise|frz
|move|p1a: Lapras|Body Slam|p2a: Blastoise
|-crit|p2a: Blastoise
|-damage|p2a: Blastoise|0 fnt
|faint|p2a: Blastoise
|
|switch|p2a: Ivysaur|Ivysaur, L86|279\/279
|turn|19
|
|switch|p1a: Wigglytuff|Wigglytuff, L86|416\/416
|move|p2a: Ivysaur|Sleep Powder|p1a: Wigglytuff
|-status|p1a: Wigglytuff|slp
|
|turn|20
|
|switch|p1a: Rapidash|Rapidash, L86|139\/287
|move|p2a: Ivysaur|Swords Dance|p2a: Ivysaur
|-boost|p2a: Ivysaur|atk|2
|
|turn|21
|
|move|p1a: Rapidash|Fire Spin|p2a: Ivysaur|[miss]
|-miss|p1a: Rapidash
|move|p2a: Ivysaur|Body Slam|p1a: Rapidash
|-damage|p1a: Rapidash|31\/287
|
|turn|22
|
|move|p1a: Rapidash|Fire Spin|p2a: Ivysaur|[miss]
|-miss|p1a: Rapidash
|move|p2a: Ivysaur|Body Slam|p1a: Rapidash
|-damage|p1a: Rapidash|0 fnt
|faint|p1a: Rapidash
|
|switch|p1a: Lapras|Lapras, L82|272\/381
|turn|23
|
|move|p2a: Ivysaur|Razor Leaf|p1a: Lapras
|-crit|p1a: Lapras
|-supereffective|p1a: Lapras
|-damage|p1a: Lapras|84\/381
|move|p1a: Lapras|Ice Beam|p2a: Ivysaur
|-supereffective|p2a: Ivysaur
|-damage|p2a: Ivysaur|90\/279
|-status|p2a: Ivysaur|frz
|
|turn|24
|c|★Leotronico|gg for you
|c|★Leotronico|lol
|c|★Leotronico|damn
|
|cant|p2a: Ivysaur|frz
|move|p1a: Lapras|Rest|p1a: Lapras
|-status|p1a: Lapras|slp
|-heal|p1a: Lapras|381\/381 slp|[silent]
|-status|p1a: Lapras|slp|[from] move: Rest
|
|turn|25
|
|switch|p2a: Flareon|Flareon, L86|287\/287
|cant|p1a: Lapras|slp
|
|turn|26
|
|switch|p1a: Omastar|Omastar, L86|145\/296
|move|p2a: Flareon|Body Slam|p1a: Omastar
|-resisted|p1a: Omastar
|-damage|p1a: Omastar|116\/296
|
|turn|27
|
|switch|p2a: Ivysaur|Ivysaur, L86|90\/279 frz
|move|p1a: Omastar|Surf|p2a: Ivysaur
|-resisted|p2a: Ivysaur
|-damage|p2a: Ivysaur|31\/279 frz
|
|turn|28
|
|cant|p2a: Ivysaur|frz
|move|p1a: Omastar|Rest|p1a: Omastar
|-status|p1a: Omastar|slp
|-heal|p1a: Omastar|296\/296 slp|[silent]
|-status|p1a: Omastar|slp|[from] move: Rest
|
|turn|29
|
|switch|p2a: Tauros|Tauros, L82|255\/291
|cant|p1a: Omastar|slp
|
|turn|30
|
|move|p2a: Tauros|Earthquake|p1a: Omastar
|-supereffective|p1a: Omastar
|-damage|p1a: Omastar|187\/296 slp
|cant|p1a: Omastar|slp
|-curestatus|p1a: Omastar|slp
|
|turn|31
|
|move|p2a: Tauros|Earthquake|p1a: Omastar
|-supereffective|p1a: Omastar
|-damage|p1a: Omastar|87\/296
|move|p1a: Omastar|Surf|p2a: Tauros
|-damage|p2a: Tauros|118\/291
|
|turn|32
|
|switch|p1a: Wigglytuff|Wigglytuff, L86|416\/416 slp
|move|p2a: Tauros|Earthquake|p1a: Wigglytuff
|-crit|p1a: Wigglytuff
|-damage|p1a: Wigglytuff|243\/416 slp
|
|turn|33
|
|move|p2a: Tauros|Body Slam|p1a: Wigglytuff
|-damage|p1a: Wigglytuff|127\/416 slp
|cant|p1a: Wigglytuff|slp
|
|turn|34
|
|move|p2a: Tauros|Body Slam|p1a: Wigglytuff
|-damage|p1a: Wigglytuff|9\/416 slp
|cant|p1a: Wigglytuff|slp
|-curestatus|p1a: Wigglytuff|slp
|
|turn|35
|
|move|p2a: Tauros|Body Slam|p1a: Wigglytuff
|-damage|p1a: Wigglytuff|0 fnt
|faint|p1a: Wigglytuff
|
|switch|p1a: Lapras|Lapras, L82|381\/381 slp
|turn|36
|
|move|p2a: Tauros|Body Slam|p1a: Lapras
|-damage|p1a: Lapras|288\/381 slp
|cant|p1a: Lapras|slp
|-curestatus|p1a: Lapras|slp
|
|turn|37
|
|move|p2a: Tauros|Body Slam|p1a: Lapras
|-damage|p1a: Lapras|187\/381
|move|p1a: Lapras|Ice Beam|p2a: Tauros
|-damage|p2a: Tauros|14\/291
|
|turn|38
|
|move|p2a: Tauros|Hyper Beam|p1a: Lapras
|-damage|p1a: Lapras|36\/381
|move|p1a: Lapras|Body Slam|p2a: Tauros
|-crit|p2a: Tauros
|-damage|p2a: Tauros|0 fnt
|faint|p2a: Tauros
|
|switch|p2a: Flareon|Flareon, L86|287\/287
|turn|39
|
|move|p2a: Flareon|Body Slam|p1a: Lapras
|-damage|p1a: Lapras|0 fnt
|faint|p1a: Lapras
|
|switch|p1a: Omastar|Omastar, L86|87\/296
|turn|40
|
|move|p2a: Flareon|Fire Blast|p1a: Omastar
|-crit|p1a: Omastar
|-resisted|p1a: Omastar
|-damage|p1a: Omastar|32\/296
|-status|p1a: Omastar|brn
|move|p1a: Omastar|Rest|p1a: Omastar
|-status|p1a: Omastar|slp
|-heal|p1a: Omastar|296\/296 slp|[silent]
|-status|p1a: Omastar|slp|[from] move: Rest
|
|turn|41
|
|move|p2a: Flareon|Fire Blast|p1a: Omastar
|-resisted|p1a: Omastar
|-damage|p1a: Omastar|266\/296 slp
|cant|p1a: Omastar|slp
|
|turn|42
|
|move|p2a: Flareon|Fire Blast|p1a: Omastar
|-resisted|p1a: Omastar
|-damage|p1a: Omastar|237\/296 slp
|cant|p1a: Omastar|slp
|-curestatus|p1a: Omastar|slp
|
|turn|43
|
|move|p2a: Flareon|Body Slam|p1a: Omastar
|-resisted|p1a: Omastar
|-damage|p1a: Omastar|206\/296
|move|p1a: Omastar|Surf|p2a: Flareon
|-supereffective|p2a: Flareon
|-damage|p2a: Flareon|87\/287
|
|turn|44
|
|move|p2a: Flareon|Body Slam|p1a: Omastar
|-resisted|p1a: Omastar
|-damage|p1a: Omastar|177\/296
|move|p1a: Omastar|Surf|p2a: Flareon
|-supereffective|p2a: Flareon
|-damage|p2a: Flareon|0 fnt
|faint|p2a: Flareon
|
|switch|p2a: Ivysaur|Ivysaur, L86|31\/279 frz
|turn|45
|
|cant|p2a: Ivysaur|frz
|move|p1a: Omastar|Surf|p2a: Ivysaur
|-crit|p2a: Ivysaur
|-resisted|p2a: Ivysaur
|-damage|p2a: Ivysaur|0 fnt
|faint|p2a: Ivysaur
|
|win|markus1000
|raw|Ladder updating...
|raw|markus1000's rating: 1377 &rarr; <strong>1389<\/strong><br \/>(+12 for winning)
|raw|Leotronico's rating: 1234 &rarr; <strong>1219<\/strong><br \/>(-15 for losing)