|j|RemoteControlLemon
|j|Dazmi
|player|p1|RemoteControlLemon|149
|player|p2|Dazmi|65
|gametype|singles
|gen|1
|tier|[Gen 1] OU
|rated
|seed|
|rule|Sleep Clause Mod: Limit one foe put to sleep
|rule|Freeze Clause Mod: Limit one foe frozen
|rule|Species Clause: Limit one of each Pokémon
|rule|OHKO Clause: OHKO moves are banned
|rule|Evasion Moves Clause: Evasion moves are banned
|rule|HP Percentage Mod: HP is shown in percentages
|
|start
|switch|p1a: Jynx|Jynx|100\/100
|switch|p2a: Starmie|Starmie|100\/100
|turn|1
|choice||
|
|switch|p1a: Lapras|Lapras|100\/100
|move|p2a: Starmie|Thunderbolt|p1a: Lapras
|-crit|p1a: Lapras
|-supereffective|p1a: Lapras
|-damage|p1a: Lapras|33\/100
|
|turn|2
|choice||
|
|move|p2a: Starmie|Thunderbolt|p1a: Lapras
|-crit|p1a: Lapras
|-supereffective|p1a: Lapras
|-damage|p1a: Lapras|0 fnt
|faint|p1a: Lapras
|c|★RemoteControlLemon|...
|choice||
|
|switch|p1a: Alakazam|Alakazam|100\/100
|turn|3
|choice||
|
|move|p1a: Alakazam|Thunder Wave|p2a: Starmie
|-status|p2a: Starmie|par
|cant|p2a: Starmie|par
|
|turn|4
|choice||
|
|switch|p1a: Dragonite|Dragonite|100\/100
|move|p2a: Starmie|Blizzard|p1a: Dragonite
|-supereffective|p1a: Dragonite
|-damage|p1a: Dragonite|1\/100
|
|turn|5
|choice||
|
|move|p1a: Dragonite|Wrap|p2a: Starmie|[miss]
|-miss|p1a: Dragonite
|move|p2a: Starmie|Thunderbolt|p1a: Dragonite
|-damage|p1a: Dragonite|0 fnt
|faint|p1a: Dragonite
|c|★RemoteControlLemon|Oh my god...
|c|★RemoteControlLemon|What are you???
|-message|RemoteControlLemon forfeited.
|
|win|Dazmi
|player|p1
|player|p2
|l|RemoteControlLemon
|raw|RemoteControlLemon's rating: 1226 &rarr; <strong>1198<\/strong><br \/>(-28 for losing)
|raw|Dazmi's rating: 1179 &rarr; <strong>1208<\/strong><br \/>(+29 for winning)