|join|MALESANI
|join|zees
|player|p1|MALESANI|238
|player|p2|zees|153
|gametype|singles
|gen|1
|tier|[Gen 1] Random Battle
|rated
|seed|51969,48450,38453,15575
|rule|Sleep Clause Mod: Limit one foe put to sleep
|rule|Freeze Clause Mod: Limit one foe frozen
|rule|HP Percentage Mod: HP is shown in percentages
|
|start
|switch|p1a: Tentacruel|Tentacruel, L85|310\/310
|switch|p2a: Paras|Paras, L96|262\/262
|turn|1
|choice|move 1|switch 6
|
|switch|p2a: Jynx|Jynx, L79|265\/265
|move|p1a: Tentacruel|Hydro Pump|p2a: Jynx
|-damage|p2a: Jynx|108\/265
|
|turn|2
|choice|move 1|move 2
|
|move|p1a: Tentacruel|Hydro Pump|p2a: Jynx
|-damage|p2a: Jynx|0 fnt
|faint|p2a: Jynx
|c|★zees|okeyyyyy
|choice||switch 6
|
|switch|p2a: Paras|Paras, L96|262\/262
|turn|3
|choice|move 2|move 2
|
|move|p1a: Tentacruel|Blizzard|p2a: Paras
|-crit|p2a: Paras
|-supereffective|p2a: Paras
|-damage|p2a: Paras|0 fnt
|faint|p2a: Paras
|choice||switch 5
|
|switch|p2a: Cloyster|Cloyster, L83|253\/253
|turn|4
|c|★zees|lmfao thats not op
|choice|switch 3|move 1
|
|switch|p1a: Mew|Mew, L74|300\/300
|move|p2a: Cloyster|Toxic|p1a: Mew
|-status|p1a: Mew|tox
|
|turn|5
|choice|move 3|move 2
|
|move|p1a: Mew|Thunderbolt|p2a: Cloyster
|-supereffective|p2a: Cloyster
|-damage|p2a: Cloyster|135\/253
|-damage|p1a: Mew|282\/300 tox|[from] tox|[of] p2a: Cloyster
|move|p2a: Cloyster|Blizzard|p1a: Mew
|-damage|p1a: Mew|164\/300 tox
|
|turn|6
|choice|move 4|switch 4
|
|switch|p2a: Charmeleon|Charmeleon, L85|272\/272
|move|p1a: Mew|Soft-Boiled|p1a: Mew
|-heal|p1a: Mew|300\/300 tox
|-damage|p1a: Mew|264\/300 tox|[from] psn
|
|turn|7
|choice|switch 3|move 4
|
|switch|p1a: Tentacruel|Tentacruel, L85|310\/310
|move|p2a: Charmeleon|Seismic Toss|p1a: Tentacruel
|-damage|p1a: Tentacruel|225\/310
|
|turn|8
|choice|move 1|switch 4
|
|switch|p2a: Cloyster|Cloyster, L83|135\/253
|move|p1a: Tentacruel|Hydro Pump|p2a: Cloyster
|-resisted|p2a: Cloyster
|-damage|p2a: Cloyster|51\/253
|
|turn|9
|choice|move 4|move 1
|
|move|p1a: Tentacruel|Surf|p2a: Cloyster
|-resisted|p2a: Cloyster
|-damage|p2a: Cloyster|0 fnt
|faint|p2a: Cloyster
|choice||switch 3
|
|switch|p2a: Farfetch'd|Farfetch'd, L99|304\/304
|turn|10
|c|★zees|ncie op team
|c|★zees|nice*
|choice|switch 4|move 4
|
|switch|p1a: Golem|Golem, L79|288\/288
|move|p2a: Farfetch'd|Sand Attack|p1a: Golem
|-unboost|p1a: Golem|accuracy|1
|
|turn|11
|choice|move 1|switch 4
|
|switch|p2a: Charmeleon|Charmeleon, L85|272\/272
|move|p1a: Golem|Body Slam|p2a: Charmeleon
|-damage|p2a: Charmeleon|204\/272
|-status|p2a: Charmeleon|par
|
|turn|12
|choice|move 2|move 2
|
|move|p1a: Golem|Earthquake|p2a: Charmeleon
|-supereffective|p2a: Charmeleon
|-damage|p2a: Charmeleon|0 fnt
|faint|p2a: Charmeleon
|choice||switch 2
|
|switch|p2a: Flareon|Flareon, L90|300\/300
|turn|13
|choice|move 2|move 1
|
|move|p2a: Flareon|Hyper Beam|p1a: Golem
|-crit|p1a: Golem
|-resisted|p1a: Golem
|-damage|p1a: Golem|177\/288
|move|p1a: Golem|Earthquake|p2a: Flareon
|-supereffective|p2a: Flareon
|-damage|p2a: Flareon|42\/300
|
|turn|14
|-mustrecharge|p2a: Flareon
|-mustrecharge|p2a: Flareon
|choice|move 1|move 1
|
|cant|p2a: Flareon|recharge
|move|p1a: Golem|Body Slam|p2a: Flareon|[miss]
|-miss|p1a: Golem
|
|turn|15
|choice|switch 6|move 1
|
|switch|p1a: Rhydon|Rhydon, L79|328\/328
|move|p2a: Flareon|Hyper Beam|p1a: Rhydon
|-resisted|p1a: Rhydon
|-damage|p1a: Rhydon|263\/328
|
|turn|16
|-mustrecharge|p2a: Flareon
|-mustrecharge|p2a: Flareon
|choice|move 4|move 1
|
|cant|p2a: Flareon|recharge
|move|p1a: Rhydon|Rock Slide|p2a: Flareon
|-supereffective|p2a: Flareon
|-damage|p2a: Flareon|0 fnt
|faint|p2a: Flareon
|-message|zees forfeited.
|
|win|MALESANI
|leave|zees
|player|p2
|raw|MALESANI's rating: 1089 &rarr; <strong>1119<\/strong><br \/>(+30 for winning)
|raw|zees's rating: 1126 &rarr; <strong>1099<\/strong><br \/>(-27 for losing)