|join|ggc
|join|biswajit
|player|p1|ggc|209
|player|p2|biswajit|162
|gametype|singles
|gen|1
|tier|[Gen 1] OU (beta)
|rule|Sleep Clause Mod: Limit one foe put to sleep
|rule|Species Clause: Limit one of each Pokémon
|rule|OHKO Clause: OHKO moves are banned
|rule|Evasion Moves Clause: Evasion moves are banned
|rule|HP Percentage Mod: HP is shown in percentages
|
|start
|switch|p1a: Gengar|Gengar|323\/323
|switch|p2a: Hypno|Hypno|373\/373
|turn|1
|join|rebgary07
|c|★biswajit|i am the one whom u challenged
|
|move|p1a: Gengar|Hypnosis|p2a: Hypno
|-status|p2a: Hypno|slp
|cant|p2a: Hypno|slp
|
|turn|2
|
|move|p1a: Gengar|Seismic Toss|p2a: Hypno
|-damage|p2a: Hypno|273\/373 slp
|cant|p2a: Hypno|slp
|-curestatus|p2a: Hypno|slp
|
|turn|3
|
|switch|p2a: Alakazam|Alakazam|313\/313
|move|p1a: Gengar|Hypnosis|p2a: Alakazam
|-status|p2a: Alakazam|slp
|
|turn|4
|join|thomasleahy123
|
|cant|p2a: Alakazam|slp
|-curestatus|p2a: Alakazam|slp
|move|p1a: Gengar|Seismic Toss|p2a: Alakazam
|-damage|p2a: Alakazam|213\/313
|
|turn|5
|
|switch|p1a: Chansey|Chansey|703\/703
|move|p2a: Alakazam|Thunder Wave|p1a: Chansey
|-status|p1a: Chansey|par
|
|turn|6
|
|move|p2a: Alakazam|Psychic|p1a: Chansey
|-crit|p1a: Chansey
|-damage|p1a: Chansey|441\/703 par
|move|p1a: Chansey|Reflect|p1a: Chansey
|
|turn|7
|
|move|p2a: Alakazam|Psychic|p1a: Chansey
|-damage|p1a: Chansey|310\/703 par
|cant|p1a: Chansey|par
|
|turn|8
|
|move|p2a: Alakazam|Psychic|p1a: Chansey
|-damage|p1a: Chansey|182\/703 par
|-unboost|p1a: Chansey|spd|1
|-unboost|p1a: Chansey|spa|1
|cant|p1a: Chansey|par
|
|turn|9
|c| thomasleahy123|isnt a major key to the gen status moves
|
|move|p2a: Alakazam|Psychic|p1a: Chansey
|-damage|p1a: Chansey|0 fnt
|faint|p1a: Chansey
|c|★biswajit|cmon
|
|switch|p1a: Exeggutor|Exeggutor|393\/393
|turn|10
|c| thomasleahy123|just wondering
|
|move|p2a: Alakazam|Thunder Wave|p1a: Exeggutor
|-status|p1a: Exeggutor|par
|move|p1a: Exeggutor|Sleep Powder|p2a: Alakazam|[miss]
|-miss|p1a: Exeggutor
|
|turn|11
|
|move|p2a: Alakazam|Psychic|p1a: Exeggutor
|-resisted|p1a: Exeggutor
|-damage|p1a: Exeggutor|338\/393 par
|-unboost|p1a: Exeggutor|spd|1
|-unboost|p1a: Exeggutor|spa|1
|move|p1a: Exeggutor|Sleep Powder|p2a: Alakazam
|-status|p2a: Alakazam|slp
|
|turn|12
|
|switch|p2a: Hypno|Hypno|273\/373
|switch|p1a: Tauros|Tauros|353\/353
|
|turn|13
|
|switch|p1a: Gengar|Gengar|323\/323
|move|p2a: Hypno|Thunder Wave|p1a: Gengar
|-status|p1a: Gengar|par
|
|turn|14
|
|move|p2a: Hypno|Psychic|p1a: Gengar
|-supereffective|p1a: Gengar
|-damage|p1a: Gengar|139\/323 par
|move|p1a: Gengar|Explosion|p2a: Hypno
|-crit|p2a: Hypno
|-damage|p2a: Hypno|0 fnt
|faint|p2a: Hypno
|faint|p1a: Gengar
|
|switch|p1a: Alakazam|Alakazam|313\/313
|switch|p2a: Exeggutor|Exeggutor|393\/393
|turn|15
|
|switch|p1a: Exeggutor|Exeggutor|338\/393 par
|move|p2a: Exeggutor|Sleep Powder|p1a: Exeggutor
|-fail|p1a: Exeggutor
|
|turn|16
|
|move|p2a: Exeggutor|Psychic|p1a: Exeggutor
|-resisted|p1a: Exeggutor
|-damage|p1a: Exeggutor|284\/393 par
|move|p1a: Exeggutor|Stun Spore|p2a: Exeggutor
|-status|p2a: Exeggutor|par
|
|turn|17
|
|cant|p1a: Exeggutor|par
|move|p2a: Exeggutor|Explosion|p1a: Exeggutor
|-crit|p1a: Exeggutor
|-damage|p1a: Exeggutor|0 fnt
|faint|p1a: Exeggutor
|faint|p2a: Exeggutor
|
|switch|p1a: Alakazam|Alakazam|313\/313
|switch|p2a: Starmie|Starmie|323\/323
|turn|18
|
|move|p1a: Alakazam|Thunder Wave|p2a: Starmie
|-status|p2a: Starmie|par
|move|p2a: Starmie|Thunder Wave|p1a: Alakazam
|-status|p1a: Alakazam|par
|
|turn|19
|
|move|p1a: Alakazam|Reflect|p1a: Alakazam
|move|p2a: Starmie|Psychic|p1a: Alakazam
|-resisted|p1a: Alakazam
|-damage|p1a: Alakazam|267\/313 par
|
|turn|20
|join|Ban Metagrossite
|
|move|p1a: Alakazam|Psychic|p2a: Starmie
|-resisted|p2a: Starmie
|-damage|p2a: Starmie|253\/323 par
|move|p2a: Starmie|Psychic|p1a: Alakazam
|-resisted|p1a: Alakazam
|-damage|p1a: Alakazam|228\/313 par
|
|turn|21
|
|move|p1a: Alakazam|Psychic|p2a: Starmie
|-crit|p2a: Starmie
|-resisted|p2a: Starmie
|-damage|p2a: Starmie|117\/323 par
|-unboost|p2a: Starmie|spd|1
|-unboost|p2a: Starmie|spa|1
|move|p2a: Starmie|Psychic|p1a: Alakazam
|-resisted|p1a: Alakazam
|-damage|p1a: Alakazam|201\/313 par
|
|turn|22
|c| Ban Metagrossite|lol
|
|move|p1a: Alakazam|Psychic|p2a: Starmie
|-resisted|p2a: Starmie
|-damage|p2a: Starmie|18\/323 par
|move|p2a: Starmie|Recover|p2a: Starmie
|-heal|p2a: Starmie|179\/323 par
|
|turn|23
|
|move|p1a: Alakazam|Recover|p1a: Alakazam
|-heal|p1a: Alakazam|313\/313 par
|move|p2a: Starmie|Recover|p2a: Starmie
|-heal|p2a: Starmie|323\/323 par
|
|turn|24
|
|move|p1a: Alakazam|Psychic|p2a: Starmie
|-resisted|p2a: Starmie
|-damage|p2a: Starmie|226\/323 par
|-unboost|p2a: Starmie|spd|1
|-unboost|p2a: Starmie|spa|1
|move|p2a: Starmie|Psychic|p1a: Alakazam
|-resisted|p1a: Alakazam
|-damage|p1a: Alakazam|291\/313 par
|
|turn|25
|
|move|p1a: Alakazam|Psychic|p2a: Starmie
|-resisted|p2a: Starmie
|-damage|p2a: Starmie|97\/323 par
|move|p2a: Starmie|Recover|p2a: Starmie
|-heal|p2a: Starmie|258\/323 par
|
|turn|26
|
|switch|p2a: Alakazam|Alakazam|213\/313 slp
|move|p1a: Alakazam|Psychic|p2a: Alakazam
|-resisted|p2a: Alakazam
|-damage|p2a: Alakazam|157\/313 slp
|-unboost|p2a: Alakazam|spd|1
|-unboost|p2a: Alakazam|spa|1
|
|turn|27
|
|switch|p2a: Starmie|Starmie|258\/323 par
|cant|p1a: Alakazam|par
|
|turn|28
|
|move|p1a: Alakazam|Psychic|p2a: Starmie
|-resisted|p2a: Starmie
|-damage|p2a: Starmie|187\/323 par
|cant|p2a: Starmie|par
|
|turn|29
|
|cant|p1a: Alakazam|par
|move|p2a: Starmie|Recover|p2a: Starmie
|-heal|p2a: Starmie|323\/323 par
|
|turn|30
|
|cant|p1a: Alakazam|par
|move|p2a: Starmie|Psychic|p1a: Alakazam
|-resisted|p1a: Alakazam
|-damage|p1a: Alakazam|245\/313 par
|
|turn|31
|
|move|p1a: Alakazam|Psychic|p2a: Starmie
|-resisted|p2a: Starmie
|-damage|p2a: Starmie|259\/323 par
|move|p2a: Starmie|Psychic|p1a: Alakazam
|-resisted|p1a: Alakazam
|-damage|p1a: Alakazam|206\/313 par
|-unboost|p1a: Alakazam|spd|1
|-unboost|p1a: Alakazam|spa|1
|
|turn|32
|
|cant|p1a: Alakazam|par
|cant|p2a: Starmie|par
|
|turn|33
|
|switch|p1a: Starmie|Starmie|323\/323
|move|p2a: Starmie|Psychic|p1a: Starmie
|-resisted|p1a: Starmie
|-damage|p1a: Starmie|268\/323
|-unboost|p1a: Starmie|spd|1
|-unboost|p1a: Starmie|spa|1
|
|turn|34
|
|switch|p1a: Alakazam|Alakazam|206\/313 par
|switch|p2a: Alakazam|Alakazam|157\/313 slp
|
|turn|35
|leave|thomasleahy123
|
|switch|p1a: Tauros|Tauros|353\/353
|cant|p2a: Alakazam|slp
|
|turn|36
|
|cant|p2a: Alakazam|slp
|move|p1a: Tauros|Body Slam|p2a: Alakazam
|-damage|p2a: Alakazam|11\/313 slp
|
|turn|37
|
|cant|p2a: Alakazam|slp
|move|p1a: Tauros|Body Slam|p2a: Alakazam
|-damage|p2a: Alakazam|0 fnt
|faint|p2a: Alakazam
|
|switch|p2a: Tauros|Tauros|353\/353
|turn|38
|
|move|p1a: Tauros|Body Slam|p2a: Tauros
|-damage|p2a: Tauros|250\/353
|move|p2a: Tauros|Body Slam|p1a: Tauros
|-damage|p1a: Tauros|243\/353
|-status|p1a: Tauros|par
|
|turn|39
|
|move|p2a: Tauros|Blizzard|p1a: Tauros
|-damage|p1a: Tauros|151\/353 par
|cant|p1a: Tauros|par
|
|turn|40
|
|move|p2a: Tauros|Hyper Beam|p1a: Tauros
|-crit|p1a: Tauros
|-damage|p1a: Tauros|0 fnt
|faint|p1a: Tauros
|
|switch|p1a: Starmie|Starmie|268\/323
|turn|41
|join|thomasleahy123
|
|switch|p2a: Starmie|Starmie|259\/323 par
|move|p1a: Starmie|Hydro Pump|p2a: Starmie
|-crit|p2a: Starmie
|-resisted|p2a: Starmie
|-damage|p2a: Starmie|120\/323 par
|
|turn|42
|
|move|p1a: Starmie|Thunderbolt|p2a: Starmie
|-crit|p2a: Starmie
|-supereffective|p2a: Starmie
|-damage|p2a: Starmie|0 fnt
|faint|p2a: Starmie
|
|switch|p2a: Tauros|Tauros|250\/353
|turn|43
|
|move|p1a: Starmie|Hydro Pump|p2a: Tauros
|-damage|p2a: Tauros|60\/353
|move|p2a: Tauros|Hyper Beam|p1a: Starmie
|-damage|p1a: Starmie|85\/323
|
|turn|44
|
|move|p1a: Starmie|Recover|p1a: Starmie
|-heal|p1a: Starmie|246\/323
|cant|p2a: Tauros|recharge
|
|turn|45
|
|move|p1a: Starmie|Thunderbolt|p2a: Tauros
|-damage|p2a: Tauros|0 fnt
|faint|p2a: Tauros
|c| rebgary07|machamp?
|
|switch|p2a: Machamp|Machamp|383\/383
|turn|46
|c|★biswajit|yes
|leave|Ban Metagrossite
|
|move|p1a: Starmie|Hydro Pump|p2a: Machamp
|-damage|p2a: Machamp|196\/383
|move|p2a: Machamp|Hyper Beam|p1a: Starmie
|-damage|p1a: Starmie|90\/323
|
|turn|47
|c|★biswajit|i know that i playrd good
|c|★biswajit|well gg
|
|move|p1a: Starmie|Recover|p1a: Starmie
|-heal|p1a: Starmie|251\/323
|cant|p2a: Machamp|recharge
|
|turn|48
|c| rebgary07|gg
|c|★ggc|you got absurdly lucky
|c|★ggc|and still lost
|c|★ggc|no you did not play "good"
|c|★biswajit|so?
|
|move|p1a: Starmie|Hydro Pump|p2a: Machamp|[miss]
|-miss|p1a: Starmie
|move|p2a: Machamp|Earthquake|p1a: Starmie
|-damage|p1a: Starmie|147\/323
|
|turn|49
|c|★biswajit|fuck off
|c| rebgary07|yep
|c|★ggc|and that attitude
|c|★ggc|it why you won't get better
|c| rebgary07|thats biswajit for ya
|c|★biswajit|ur so over confidant and arrogant
|c| thomasleahy123|wow that was unecessary
|c|★ggc|except I'm not
|c|★biswajit|my rank says it all
|c| thomasleahy123|biwait is the cocky one
|c|★ggc|60 is trash
|c|★biswajit|who the keck r u to comment man!!!!?
|c|★biswajit|u r trash
|
|move|p1a: Starmie|Recover|p1a: Starmie
|-heal|p1a: Starmie|308\/323
|move|p2a: Machamp|Hyper Beam|p1a: Starmie|[miss]
|-miss|p2a: Machamp
|
|turn|50
|c|★ggc|yeah the guy that is normally top 5
|c|★ggc|being #1 a goodly amount of the time
|c|★ggc|that is who is to commend
|c|★ggc|your team makes no sense
|c|★ggc|and you misplayed a shit load
|c|★ggc|you got chansey for free
|c|★ggc|and did nothing with it
|c|★biswajit|even thats  by luck u dumb idiot
|
|move|p1a: Starmie|Hydro Pump|p2a: Machamp
|-damage|p2a: Machamp|27\/383
|move|p2a: Machamp|Hyper Beam|p1a: Starmie
|-damage|p1a: Starmie|147\/323
|
|turn|51
|c|★ggc|GG
|c|★biswajit|my team has won me a lot of matches
|c| thomasleahy123|ggc you know your game
|c|★ggc|against other shitter
|c|★ggc|good for you
|c|★ggc|get good
|c|★biswajit|ur just a lucky bitch eho brags about being top 5
|c|★ggc|luck
|leave|thomasleahy123
|c|★ggc|LOL
|c|★ggc|look at my win rate
|c|★ggc|and tell me that's luck
|c|★biswajit|and u look at my win rate idiot
|c|★biswajit|thas above 70%
|join|thomasleahy123
|
|move|p1a: Starmie|Thunderbolt|p2a: Machamp
|-damage|p2a: Machamp|0 fnt
|faint|p2a: Machamp
|
|win|ggc
|leave|thomasleahy123
|c|★ggc|LOL
|c|★ggc|HAHAHAHAH
|join|thomasleahy123
|c|★ggc|YOU'RE NOT EVEN 50%
|c|★biswajit|ur saying as if uve never lost asshol
|c|★ggc|221-263
|c| thomasleahy123|easy biswajit
|c|★ggc|LOL
|c|★ggc|BAHAHAHAHAHA
|c|★biswajit|go to ladder in the home page u bloody villager if u know how to type and see my accomplishments in gen 1
|c|★ggc|hey guess what
|c|★ggc|I'm 127-40
|c|★ggc|so get rket
|c|★ggc|luck nothing
|c|★ggc|you're trash
|c|★biswajit|ya u r a bloody arrogant lucky bitch
|c|★ggc|yeah lucky
|c|★biswajit|ur pokemons r trash 
|c|★ggc|over 75% winrate
|c|★ggc|you shit
|c|★ggc|gtfo
|c| thomasleahy123|biswajit you lost and are losing the argument give up 
|c|★biswajit|so in a nutshell the one who brags is the realtrash
|c|★ggc|you lost shitcan
|c| thomasleahy123|you are the one who says he is the best
|c|★biswajit|even mine is above 70% win rate
|c|★ggc|stop crying
|c|★ggc|you're not above 70%
|c|★biswajit|look at my other accoubts bitch
|c|★ggc|you fucking liar
|c|★biswajit|ronyraichu
|c|★ggc| \/rating biswajit
|c|★biswajit|ron ketchum
|c| thomasleahy123|ggc give up he isnt reasonable
|c|★biswajit|it is 65 %
|c|★ggc|you're 51-36
|c|★ggc|that's not even close to 65%
|c|★biswajit|u r a fucking bitch who thinks every one is a liar
|c|★ggc|did you fail 3rd grade math
|c|★biswajit|no ur momfailed bitch
|c| rebgary07|this is going nowhere gyus
|c| rebgary07|guys*
|c|★ggc|you're 58% win rate on that account
|c|★ggc|still trash
|c|★ggc|gtco
|c|★ggc|LOL
|c|★ggc|and ron ketchum
|c|★ggc|also below 50%
|c|★ggc|LOL
|c|★biswajit|no tyme to waste with these stupid garbage homos who dnt know who is good and eho is bad every one knows that im good who the fucking dust bin r u
|c|★biswajit|lol
|c|★biswajit|losers
|leave|biswajit
|player|p2