|join|Psychedelic Trip
|join|eldougi
|player|p1|Psychedelic Trip|168
|player|p2|eldougi|265
|gametype|singles
|gen|1
|tier|[Gen 1] Random Battle
|rated
|rule|Sleep Clause Mod: Limit one foe put to sleep
|rule|Freeze Clause Mod: Limit one foe frozen
|rule|HP Percentage Mod: HP is shown in percentages
|
|start
|switch|p1a: Onix|Onix, L90|246\/246
|switch|p2a: Chansey|Chansey, L79|557\/557
|turn|1
|
|switch|p2a: Parasect|Parasect, L90|291\/291
|move|p1a: Onix|Toxic|p2a: Parasect
|-status|p2a: Parasect|tox
|
|turn|2
|
|switch|p1a: Golbat|Golbat, L90|318\/318
|move|p2a: Parasect|Slash|p1a: Golbat
|-damage|p1a: Golbat|262\/318
|-damage|p2a: Parasect|273\/291 tox|[from] tox|[of] p1a: Golbat
|
|turn|3
|
|move|p1a: Golbat|Screech|p2a: Parasect
|-unboost|p2a: Parasect|def|2
|move|p2a: Parasect|Spore|p1a: Golbat
|-status|p1a: Golbat|slp
|-damage|p2a: Parasect|237\/291 tox|[from] tox|[of] p1a: Golbat
|
|turn|4
|
|switch|p1a: Ninetales|Ninetales, L85|298\/298
|switch|p2a: Jynx|Jynx, L79|265\/265
|
|turn|5
|
|switch|p2a: Chansey|Chansey, L79|557\/557
|move|p1a: Ninetales|Fire Blast|p2a: Chansey
|-damage|p2a: Chansey|434\/557
|
|turn|6
|
|switch|p1a: Onix|Onix, L90|246\/246
|move|p2a: Chansey|Thunder Wave|p1a: Onix
|-immune|p1a: Onix|[msg]
|
|turn|7
|
|switch|p2a: Cloyster|Cloyster, L83|253\/253
|move|p1a: Onix|Rock Slide|p2a: Cloyster
|-supereffective|p2a: Cloyster
|-damage|p2a: Cloyster|177\/253
|
|turn|8
|
|switch|p1a: Staryu|Staryu, L90|237\/237
|move|p2a: Cloyster|Surf|p1a: Staryu
|-resisted|p1a: Staryu
|-damage|p1a: Staryu|192\/237
|
|turn|9
|
|switch|p2a: Chansey|Chansey, L79|434\/557
|move|p1a: Staryu|Thunderbolt|p2a: Chansey
|-damage|p2a: Chansey|375\/557
|
|turn|10
|
|switch|p1a: Onix|Onix, L90|246\/246
|move|p2a: Chansey|Ice Beam|p1a: Onix
|-supereffective|p1a: Onix
|-damage|p1a: Onix|46\/246
|
|turn|11
|
|switch|p2a: Parasect|Parasect, L90|237\/291 tox
|-status|p2a: Parasect|psn
|-damage|p2a: Parasect|219\/291 psn|[from] psn
|move|p1a: Onix|Explosion|p2a: Parasect
|-damage|p2a: Parasect|44\/291 psn
|faint|p1a: Onix
|
|switch|p1a: Staryu|Staryu, L90|192\/237
|turn|12
|
|move|p1a: Staryu|Blizzard|p2a: Parasect
|-supereffective|p2a: Parasect
|-damage|p2a: Parasect|0 fnt
|faint|p2a: Parasect
|
|switch|p2a: Chansey|Chansey, L79|375\/557
|turn|13
|
|switch|p1a: Persian|Persian, L79|265\/265
|move|p2a: Chansey|Thunder Wave|p1a: Persian
|-status|p1a: Persian|par
|
|turn|14
|
|switch|p2a: Dratini|Dratini, L96|274\/274
|move|p1a: Persian|Slash|p2a: Dratini
|-crit|p2a: Dratini
|-damage|p2a: Dratini|145\/274
|
|turn|15
|
|move|p2a: Dratini|Blizzard|p1a: Persian
|-damage|p1a: Persian|173\/265 par
|move|p1a: Persian|Slash|p2a: Dratini
|-crit|p2a: Dratini
|-damage|p2a: Dratini|14\/274
|
|turn|16
|
|switch|p1a: Staryu|Staryu, L90|192\/237
|move|p2a: Dratini|Blizzard|p1a: Staryu
|-resisted|p1a: Staryu
|-damage|p1a: Staryu|154\/237
|
|turn|17
|
|move|p1a: Staryu|Surf|p2a: Dratini
|-resisted|p2a: Dratini
|-damage|p2a: Dratini|0 fnt
|faint|p2a: Dratini
|
|switch|p2a: Chansey|Chansey, L79|375\/557
|turn|18
|
|switch|p1a: Persian|Persian, L79|173\/265 par
|move|p2a: Chansey|Reflect|p2a: Chansey
|-start|p2a: Chansey|Reflect
|
|turn|19
|
|move|p2a: Chansey|Soft-Boiled|p2a: Chansey
|-heal|p2a: Chansey|557\/557
|cant|p1a: Persian|par
|
|turn|20
|
|move|p2a: Chansey|Ice Beam|p1a: Persian
|-crit|p1a: Persian
|-damage|p1a: Persian|5\/265 par
|move|p1a: Persian|Screech|p2a: Chansey
|-unboost|p2a: Chansey|def|2
|
|turn|21
|
|move|p2a: Chansey|Ice Beam|p1a: Persian
|-crit|p1a: Persian
|-damage|p1a: Persian|0 fnt
|faint|p1a: Persian
|
|switch|p1a: Pidgeot|Pidgeot, L90|333\/333
|turn|22
|
|switch|p2a: Cloyster|Cloyster, L83|177\/253
|move|p1a: Pidgeot|Sky Attack|p2a: Cloyster|[still]
|-prepare|p1a: Pidgeot|Sky Attack|p2a: Cloyster
|
|turn|23
|
|move|p1a: Pidgeot|Sky Attack|p2a: Cloyster
|-damage|p2a: Cloyster|86\/253
|move|p2a: Cloyster|Blizzard|p1a: Pidgeot
|-supereffective|p1a: Pidgeot
|-damage|p1a: Pidgeot|101\/333
|
|turn|24
|
|switch|p1a: Staryu|Staryu, L90|154\/237
|move|p2a: Cloyster|Toxic|p1a: Staryu
|-status|p1a: Staryu|tox
|
|turn|25
|
|switch|p2a: Chansey|Chansey, L79|557\/557
|move|p1a: Staryu|Thunderbolt|p2a: Chansey
|-damage|p2a: Chansey|495\/557
|-damage|p1a: Staryu|140\/237 tox|[from] tox|[of] p2a: Chansey
|
|turn|26
|
|move|p1a: Staryu|Blizzard|p2a: Chansey
|-damage|p2a: Chansey|422\/557
|-damage|p1a: Staryu|112\/237 tox|[from] tox|[of] p2a: Chansey
|move|p2a: Chansey|Reflect|p2a: Chansey
|-start|p2a: Chansey|Reflect
|
|turn|27
|
|move|p1a: Staryu|Recover|p1a: Staryu
|-heal|p1a: Staryu|230\/237 tox
|-damage|p1a: Staryu|188\/237 tox|[from] psn
|move|p2a: Chansey|Soft-Boiled|p2a: Chansey
|-heal|p2a: Chansey|557\/557
|
|turn|28
|
|switch|p1a: Pidgeot|Pidgeot, L90|101\/333
|move|p2a: Chansey|Ice Beam|p1a: Pidgeot
|-supereffective|p1a: Pidgeot
|-damage|p1a: Pidgeot|0 fnt
|faint|p1a: Pidgeot
|
|switch|p1a: Ninetales|Ninetales, L85|298\/298
|turn|29
|
|move|p1a: Ninetales|Fire Blast|p2a: Chansey
|-damage|p2a: Chansey|425\/557
|move|p2a: Chansey|Thunder Wave|p1a: Ninetales
|-status|p1a: Ninetales|par
|
|turn|30
|
|move|p2a: Chansey|Soft-Boiled|p2a: Chansey
|-heal|p2a: Chansey|557\/557
|move|p1a: Ninetales|Body Slam|p2a: Chansey
|-damage|p2a: Chansey|488\/557
|
|turn|31
|
|switch|p2a: Vulpix|Vulpix, L96|268\/268
|move|p1a: Ninetales|Body Slam|p2a: Vulpix
|-damage|p2a: Vulpix|197\/268
|
|turn|32
|
|move|p2a: Vulpix|Confuse Ray|p1a: Ninetales
|-start|p1a: Ninetales|confusion
|-activate|p1a: Ninetales|confusion
|move|p1a: Ninetales|Reflect|p1a: Ninetales
|-start|p1a: Ninetales|Reflect
|
|turn|33
|
|move|p2a: Vulpix|Reflect|p2a: Vulpix
|-start|p2a: Vulpix|Reflect
|-end|p1a: Ninetales|confusion
|move|p1a: Ninetales|Body Slam|p2a: Vulpix
|-damage|p2a: Vulpix|159\/268
|
|turn|34
|
|move|p2a: Vulpix|Confuse Ray|p1a: Ninetales
|-start|p1a: Ninetales|confusion
|-activate|p1a: Ninetales|confusion
|-damage|p1a: Ninetales|267\/298 par|[from] confusion
|
|turn|35
|
|switch|p1a: Staryu|Staryu, L90|188\/237 tox
|-status|p1a: Staryu|psn
|-damage|p1a: Staryu|174\/237 psn|[from] psn
|move|p2a: Vulpix|Fire Blast|p1a: Staryu
|-resisted|p1a: Staryu
|-damage|p1a: Staryu|100\/237 psn
|
|turn|36
|
|switch|p2a: Chansey|Chansey, L79|488\/557
|move|p1a: Staryu|Surf|p2a: Chansey
|-damage|p2a: Chansey|398\/557
|-damage|p1a: Staryu|86\/237 psn|[from] psn|[of] p2a: Chansey
|
|turn|37
|
|move|p1a: Staryu|Surf|p2a: Chansey
|-damage|p2a: Chansey|311\/557
|-damage|p1a: Staryu|72\/237 psn|[from] psn|[of] p2a: Chansey
|move|p2a: Chansey|Reflect|p2a: Chansey
|-start|p2a: Chansey|Reflect
|
|turn|38
|
|move|p1a: Staryu|Blizzard|p2a: Chansey
|-damage|p2a: Chansey|241\/557
|-damage|p1a: Staryu|58\/237 psn|[from] psn|[of] p2a: Chansey
|move|p2a: Chansey|Ice Beam|p1a: Staryu
|-resisted|p1a: Staryu
|-damage|p1a: Staryu|24\/237 psn
|
|turn|39
|
|move|p1a: Staryu|Recover|p1a: Staryu
|-heal|p1a: Staryu|142\/237 psn
|-damage|p1a: Staryu|128\/237 psn|[from] psn
|move|p2a: Chansey|Ice Beam|p1a: Staryu
|-resisted|p1a: Staryu
|-damage|p1a: Staryu|93\/237 psn
|
|turn|40
|
|move|p1a: Staryu|Blizzard|p2a: Chansey
|-damage|p2a: Chansey|165\/557
|-damage|p1a: Staryu|79\/237 psn|[from] psn|[of] p2a: Chansey
|move|p2a: Chansey|Soft-Boiled|p2a: Chansey
|-heal|p2a: Chansey|443\/557
|
|turn|41
|
|switch|p2a: Jynx|Jynx, L79|265\/265
|move|p1a: Staryu|Blizzard|p2a: Jynx
|-resisted|p2a: Jynx
|-damage|p2a: Jynx|229\/265
|-damage|p1a: Staryu|65\/237 psn|[from] psn|[of] p2a: Jynx
|
|turn|42
|
|move|p1a: Staryu|Recover|p1a: Staryu
|-heal|p1a: Staryu|183\/237 psn
|-damage|p1a: Staryu|169\/237 psn|[from] psn
|move|p2a: Jynx|Psychic|p1a: Staryu
|-damage|p1a: Staryu|72\/237 psn
|
|turn|43
|
|move|p1a: Staryu|Surf|p2a: Jynx
|-damage|p2a: Jynx|139\/265
|-damage|p1a: Staryu|58\/237 psn|[from] psn|[of] p2a: Jynx
|move|p2a: Jynx|Psychic|p1a: Staryu
|-damage|p1a: Staryu|0 fnt
|faint|p1a: Staryu
|
|switch|p1a: Ninetales|Ninetales, L85|267\/298 par
|turn|44
|
|switch|p2a: Vulpix|Vulpix, L96|159\/268
|move|p1a: Ninetales|Body Slam|p2a: Vulpix
|-crit|p2a: Vulpix
|-damage|p2a: Vulpix|17\/268
|
|turn|45
|
|move|p2a: Vulpix|Confuse Ray|p1a: Ninetales
|-start|p1a: Ninetales|confusion
|-activate|p1a: Ninetales|confusion
|-damage|p1a: Ninetales|236\/298 par|[from] confusion
|
|turn|46
|
|move|p2a: Vulpix|Fire Blast|p1a: Ninetales
|-resisted|p1a: Ninetales
|-damage|p1a: Ninetales|183\/298 par
|-activate|p1a: Ninetales|confusion
|move|p1a: Ninetales|Body Slam|p2a: Vulpix
|-damage|p2a: Vulpix|0 fnt
|faint|p2a: Vulpix
|
|switch|p2a: Cloyster|Cloyster, L83|86\/253
|turn|47
|
|switch|p1a: Golbat|Golbat, L90|262\/318 slp
|move|p2a: Cloyster|Surf|p1a: Golbat
|-damage|p1a: Golbat|170\/318 slp
|
|turn|48
|
|cant|p1a: Golbat|slp
|move|p2a: Cloyster|Blizzard|p1a: Golbat
|-supereffective|p1a: Golbat
|-damage|p1a: Golbat|0 fnt
|faint|p1a: Golbat
|
|switch|p1a: Ninetales|Ninetales, L85|183\/298 par
|turn|49
|
|move|p2a: Cloyster|Surf|p1a: Ninetales
|-supereffective|p1a: Ninetales
|-damage|p1a: Ninetales|27\/298 par
|move|p1a: Ninetales|Fire Blast|p2a: Cloyster
|-damage|p2a: Cloyster|0 fnt
|faint|p2a: Cloyster
|
|switch|p2a: Jynx|Jynx, L79|139\/265
|turn|50
|
|move|p2a: Jynx|Psychic|p1a: Ninetales
|-damage|p1a: Ninetales|0 fnt
|faint|p1a: Ninetales
|
|win|eldougi
|raw|Ladder updating...
|raw|Psychedelic Trip's rating: 1275 &rarr; <strong>1254<\/strong><br \/>(-21 for losing)
|raw|eldougi's rating: 1335 &rarr; <strong>1351<\/strong><br \/>(+16 for winning)