|join|kid gf lol
|join|RADRAD
|player|p1|kid gf lol|167
|player|p2|RADRAD|219
|gametype|singles
|gen|1
|tier|[Gen 1] OU (beta)
|rated
|rule|Sleep Clause Mod: Limit one foe put to sleep
|rule|Species Clause: Limit one of each Pokemon
|rule|OHKO Clause: OHKO moves are banned
|rule|Moody Clause: Moody is banned
|rule|Evasion Moves Clause: Evasion moves are banned
|rule|Endless Battle Clause: Forcing endless battles is banned.
|rule|HP Percentage Mod: HP is reported as percentages
|
|start
|switch|p1a: Im Fast SPEC|Alakazam|313\/313
|switch|p2a: Starmie|Starmie|323\/323
|turn|1
|
|switch|p2a: Sandslash|Sandslash|353\/353
|move|p1a: Im Fast SPEC|Thunder Wave|p2a: Sandslash
|-immune|p2a: Sandslash|[msg]
|
|turn|2
|
|switch|p1a: Multi Purpose Guy|Exeggutor|393\/393
|move|p2a: Sandslash|Earthquake|p1a: Multi Purpose Guy
|-resisted|p1a: Multi Purpose Guy
|-damage|p1a: Multi Purpose Guy|333\/393
|
|turn|3
|
|switch|p2a: Ninetales|Ninetales|349\/349
|move|p1a: Multi Purpose Guy|Mega Drain|p2a: Ninetales
|-crit|p2a: Ninetales
|-resisted|p2a: Ninetales
|-damage|p2a: Ninetales|298\/349
|-heal|p1a: Multi Purpose Guy|359\/393|[from] drain|[of] p2a: Ninetales
|
|turn|4
|
|switch|p1a: TNT|Golem|363\/363
|move|p2a: Ninetales|Confuse Ray|p1a: TNT
|-start|p1a: TNT|confusion
|
|turn|5
|
|switch|p1a: Im Fast SPEC|Alakazam|313\/313
|move|p2a: Ninetales|Dig|p1a: Im Fast SPEC|[still]
|-prepare|p2a: Ninetales|Dig|p1a: Im Fast SPEC
|
|turn|6
|
|switch|p1a: AnnoyingIfGood|Dragonite|385\/385
|move|p2a: Ninetales|Dig|p1a: AnnoyingIfGood
|-immune|p1a: AnnoyingIfGood|[msg]
|
|turn|7
|join|Rubens118
|
|switch|p2a: Jynx|Jynx|333\/333
|switch|p1a: TNT|Golem|363\/363
|
|turn|8
|
|switch|p1a: Special Wall|Chansey|703\/703
|move|p2a: Jynx|Ice Beam|p1a: Special Wall
|-damage|p1a: Special Wall|599\/703
|
|turn|9
|
|move|p2a: Jynx|Lovely Kiss|p1a: Special Wall
|-status|p1a: Special Wall|slp
|cant|p1a: Special Wall|slp
|
|turn|10
|
|switch|p2a: Sandslash|Sandslash|353\/353
|switch|p1a: Multi Purpose Guy|Exeggutor|359\/393
|
|turn|11
|chat|Rubens118|Special Wall é o melhor nome que já vi
|
|switch|p2a: Jynx|Jynx|333\/333
|move|p1a: Multi Purpose Guy|Sleep Powder|p2a: Jynx|[miss]
|-miss|p1a: Multi Purpose Guy
|
|turn|12
|
|switch|p1a: Special Wall|Chansey|599\/703 slp
|move|p2a: Jynx|Ice Beam|p1a: Special Wall
|-damage|p1a: Special Wall|489\/703 slp
|
|turn|13
|
|move|p2a: Jynx|Psychic|p1a: Special Wall
|-damage|p1a: Special Wall|388\/703 slp
|cant|p1a: Special Wall|slp
|-curestatus|p1a: Special Wall|slp
|
|turn|14
|
|switch|p2a: Sandslash|Sandslash|353\/353
|move|p1a: Special Wall|Soft-Boiled|p1a: Special Wall
|-heal|p1a: Special Wall|703\/703
|
|turn|15
|
|switch|p1a: Multi Purpose Guy|Exeggutor|359\/393
|move|p2a: Sandslash|Swords Dance|p2a: Sandslash
|-boost|p2a: Sandslash|atk|2
|
|turn|16
|
|move|p2a: Sandslash|Rock Slide|p1a: Multi Purpose Guy
|-damage|p1a: Multi Purpose Guy|219\/393
|move|p1a: Multi Purpose Guy|Mega Drain|p2a: Sandslash
|-supereffective|p2a: Sandslash
|-damage|p2a: Sandslash|199\/353
|-heal|p1a: Multi Purpose Guy|296\/393|[from] drain|[of] p2a: Sandslash
|
|turn|17
|
|switch|p2a: Venusaur|Venusaur|363\/363
|move|p1a: Multi Purpose Guy|Mega Drain|p2a: Venusaur
|-resisted|p2a: Venusaur
|-damage|p2a: Venusaur|349\/363
|-heal|p1a: Multi Purpose Guy|303\/393|[from] drain|[of] p2a: Venusaur
|
|turn|18
|
|move|p2a: Venusaur|Sleep Powder|p1a: Multi Purpose Guy
|-status|p1a: Multi Purpose Guy|slp
|cant|p1a: Multi Purpose Guy|slp
|
|turn|19
|
|switch|p2a: Sandslash|Sandslash|199\/353
|cant|p1a: Multi Purpose Guy|slp
|
|turn|20
|
|move|p2a: Sandslash|Swords Dance|p2a: Sandslash
|-boost|p2a: Sandslash|atk|2
|cant|p1a: Multi Purpose Guy|slp
|-curestatus|p1a: Multi Purpose Guy|slp
|
|turn|21
|
|move|p2a: Sandslash|Rock Slide|p1a: Multi Purpose Guy|[miss]
|-miss|p2a: Sandslash
|move|p1a: Multi Purpose Guy|Sleep Powder|p2a: Sandslash
|-status|p2a: Sandslash|slp
|
|turn|22
|
|switch|p2a: Ninetales|Ninetales|298\/349
|move|p1a: Multi Purpose Guy|Psychic|p2a: Ninetales
|-damage|p2a: Ninetales|184\/349
|
|turn|23
|
|switch|p1a: TNT|Golem|363\/363
|move|p2a: Ninetales|Flamethrower|p1a: TNT
|-crit|p1a: TNT
|-resisted|p1a: TNT
|-damage|p1a: TNT|193\/363
|
|turn|24
|
|move|p2a: Ninetales|Confuse Ray|p1a: TNT
|-start|p1a: TNT|confusion
|-activate|p1a: TNT|confusion
|-damage|p1a: TNT|164\/363|[from] confusion
|
|turn|25
|
|move|p2a: Ninetales|Flamethrower|p1a: TNT
|-resisted|p1a: TNT
|-damage|p1a: TNT|86\/363
|-activate|p1a: TNT|confusion
|move|p1a: TNT|Earthquake|p2a: Ninetales
|-supereffective|p2a: Ninetales
|-damage|p2a: Ninetales|0 fnt
|faint|p2a: Ninetales
|
|
|switch|p2a: Starmie|Starmie|323\/323
|turn|26
|
|switch|p1a: Special Wall|Chansey|703\/703
|move|p2a: Starmie|Surf|p1a: Special Wall
|-damage|p1a: Special Wall|597\/703
|
|turn|27
|
|switch|p2a: Jolteon|Jolteon|333\/333
|move|p1a: Special Wall|Thunderbolt|p2a: Jolteon
|-resisted|p2a: Jolteon
|-damage|p2a: Jolteon|298\/333
|
|turn|28
|
|move|p2a: Jolteon|Thunder Wave|p1a: Special Wall
|-status|p1a: Special Wall|par
|move|p1a: Special Wall|Thunder Wave|p2a: Jolteon
|-status|p2a: Jolteon|par
|
|turn|29
|
|switch|p1a: TNT|Golem|86\/363
|move|p2a: Jolteon|Thunderbolt|p1a: TNT
|-immune|p1a: TNT|[msg]
|
|turn|30
|
|switch|p2a: Venusaur|Venusaur|349\/363
|move|p1a: TNT|Earthquake|p2a: Venusaur
|-damage|p2a: Venusaur|217\/363
|
|turn|31
|
|switch|p1a: Multi Purpose Guy|Exeggutor|303\/393
|move|p2a: Venusaur|Razor Leaf|p1a: Multi Purpose Guy
|-crit|p1a: Multi Purpose Guy
|-resisted|p1a: Multi Purpose Guy
|-damage|p1a: Multi Purpose Guy|243\/393
|
|turn|32
|
|switch|p2a: Jynx|Jynx|333\/333
|switch|p1a: Special Wall|Chansey|597\/703 par
|
|turn|33
|
|switch|p2a: Sandslash|Sandslash|199\/353 slp
|move|p1a: Special Wall|Ice Beam|p2a: Sandslash
|-supereffective|p2a: Sandslash
|-damage|p2a: Sandslash|0 fnt
|faint|p2a: Sandslash
|
|
|switch|p2a: Venusaur|Venusaur|217\/363
|turn|34
|chat|Rubens118|Excelente predict
|
|move|p2a: Venusaur|Razor Leaf|p1a: Special Wall
|-crit|p1a: Special Wall
|-damage|p1a: Special Wall|465\/703 par
|cant|p1a: Special Wall|par
|
|turn|35
|
|move|p2a: Venusaur|Leech Seed|p1a: Special Wall
|-start|p1a: Special Wall|move: Leech Seed
|move|p1a: Special Wall|Ice Beam|p2a: Venusaur
|-supereffective|p2a: Venusaur
|-damage|p2a: Venusaur|63\/363
|-damage|p1a: Special Wall|422\/703 par|[from] Leech Seed|[of] p2a: Venusaur
|-heal|p2a: Venusaur|106\/363|[silent]
|
|turn|36
|
|move|p2a: Venusaur|Razor Leaf|p1a: Special Wall
|-crit|p1a: Special Wall
|-damage|p1a: Special Wall|304\/703 par
|move|p1a: Special Wall|Ice Beam|p2a: Venusaur
|-supereffective|p2a: Venusaur
|-damage|p2a: Venusaur|0 fnt
|faint|p2a: Venusaur
|
|
|switch|p2a: Starmie|Starmie|323\/323
|turn|37
|
|move|p2a: Starmie|Psychic|p1a: Special Wall
|-damage|p1a: Special Wall|203\/703 par
|-unboost|p1a: Special Wall|spd|1
|-unboost|p1a: Special Wall|spa|1
|move|p1a: Special Wall|Thunder Wave|p2a: Starmie
|-status|p2a: Starmie|par
|-damage|p1a: Special Wall|160\/703 par|[from] Leech Seed|[of] p2a: Starmie
|
|turn|38
|
|switch|p1a: Im Fast SPEC|Alakazam|313\/313
|move|p2a: Starmie|Psychic|p1a: Im Fast SPEC
|-crit|p1a: Im Fast SPEC
|-resisted|p1a: Im Fast SPEC
|-damage|p1a: Im Fast SPEC|221\/313
|-unboost|p1a: Im Fast SPEC|spd|1
|-unboost|p1a: Im Fast SPEC|spa|1
|
|turn|39
|chat|Rubens118|Tough situation
|
|move|p1a: Im Fast SPEC|Psychic|p2a: Starmie
|-resisted|p2a: Starmie
|-damage|p2a: Starmie|279\/323 par
|-unboost|p2a: Starmie|spd|1
|-unboost|p2a: Starmie|spa|1
|move|p2a: Starmie|Thunderbolt|p1a: Im Fast SPEC
|-crit|p1a: Im Fast SPEC
|-damage|p1a: Im Fast SPEC|99\/313
|
|turn|40
|
|move|p1a: Im Fast SPEC|Recover|p1a: Im Fast SPEC
|-heal|p1a: Im Fast SPEC|255\/313
|move|p2a: Starmie|Thunderbolt|p1a: Im Fast SPEC
|-damage|p1a: Im Fast SPEC|198\/313
|
|turn|41
|
|move|p1a: Im Fast SPEC|Psychic|p2a: Starmie
|-resisted|p2a: Starmie
|-damage|p2a: Starmie|209\/323 par
|cant|p2a: Starmie|par
|
|turn|42
|
|move|p1a: Im Fast SPEC|Psychic|p2a: Starmie
|-resisted|p2a: Starmie
|-damage|p2a: Starmie|146\/323 par
|move|p2a: Starmie|Thunderbolt|p1a: Im Fast SPEC
|-damage|p1a: Im Fast SPEC|139\/313
|-status|p1a: Im Fast SPEC|par
|
|turn|43
|
|move|p1a: Im Fast SPEC|Psychic|p2a: Starmie
|-resisted|p2a: Starmie
|-damage|p2a: Starmie|76\/323 par
|move|p2a: Starmie|Recover|p2a: Starmie
|-heal|p2a: Starmie|237\/323 par
|
|turn|44
|
|move|p1a: Im Fast SPEC|Recover|p1a: Im Fast SPEC
|-heal|p1a: Im Fast SPEC|295\/313 par
|move|p2a: Starmie|Psychic|p1a: Im Fast SPEC
|-resisted|p1a: Im Fast SPEC
|-damage|p1a: Im Fast SPEC|253\/313 par
|
|turn|45
|
|move|p1a: Im Fast SPEC|Psychic|p2a: Starmie
|-resisted|p2a: Starmie
|-damage|p2a: Starmie|174\/323 par
|move|p2a: Starmie|Psychic|p1a: Im Fast SPEC
|-resisted|p1a: Im Fast SPEC
|-damage|p1a: Im Fast SPEC|207\/313 par
|-unboost|p1a: Im Fast SPEC|spd|1
|-unboost|p1a: Im Fast SPEC|spa|1
|
|turn|46
|
|move|p1a: Im Fast SPEC|Psychic|p2a: Starmie
|-crit|p2a: Starmie
|-resisted|p2a: Starmie
|-damage|p2a: Starmie|48\/323 par
|-unboost|p2a: Starmie|spd|1
|-unboost|p2a: Starmie|spa|1
|cant|p2a: Starmie|par
|
|turn|47
|chat|Rubens118|Stramie e Alakazam estão empatadas por hora
|
|move|p1a: Im Fast SPEC|Psychic|p2a: Starmie
|-resisted|p2a: Starmie
|-damage|p2a: Starmie|0 fnt
|faint|p2a: Starmie
|
|
|switch|p2a: Jynx|Jynx|333\/333
|turn|48
|
|move|p2a: Jynx|Ice Beam|p1a: Im Fast SPEC
|-crit|p1a: Im Fast SPEC
|-damage|p1a: Im Fast SPEC|44\/313 par
|move|p1a: Im Fast SPEC|Thunder Wave|p2a: Jynx
|-status|p2a: Jynx|par
|
|turn|49
|
|move|p1a: Im Fast SPEC|Recover|p1a: Im Fast SPEC
|-heal|p1a: Im Fast SPEC|200\/313 par
|move|p2a: Jynx|Ice Beam|p1a: Im Fast SPEC
|-damage|p1a: Im Fast SPEC|36\/313 par
|
|turn|50
|
|move|p1a: Im Fast SPEC|Recover|p1a: Im Fast SPEC
|-heal|p1a: Im Fast SPEC|192\/313 par
|move|p2a: Jynx|Ice Beam|p1a: Im Fast SPEC
|-damage|p1a: Im Fast SPEC|32\/313 par
|
|turn|51
|
|move|p1a: Im Fast SPEC|Recover|p1a: Im Fast SPEC
|-heal|p1a: Im Fast SPEC|188\/313 par
|move|p2a: Jynx|Ice Beam|p1a: Im Fast SPEC
|-crit|p1a: Im Fast SPEC
|-damage|p1a: Im Fast SPEC|23\/313 par
|
|turn|52
|
|cant|p1a: Im Fast SPEC|par
|move|p2a: Jynx|Ice Beam|p1a: Im Fast SPEC
|-damage|p1a: Im Fast SPEC|0 fnt
|faint|p1a: Im Fast SPEC
|
|
|switch|p1a: TNT|Golem|86\/363
|turn|53
|
|move|p1a: TNT|Explosion|p2a: Jynx
|-damage|p2a: Jynx|0 fnt
|faint|p2a: Jynx
|faint|p1a: TNT
|
|switch|p2a: Jolteon|Jolteon|298\/333 par
|switch|p1a: GRR Strong|Tauros|353\/353
|turn|54
|chat|Rubens118|Excelente movimento
|
|move|p1a: GRR Strong|Body Slam|p2a: Jolteon
|-damage|p2a: Jolteon|168\/333 par
|cant|p2a: Jolteon|par
|
|turn|55
|
|move|p1a: GRR Strong|Body Slam|p2a: Jolteon
|-crit|p2a: Jolteon
|-damage|p2a: Jolteon|0 fnt
|faint|p2a: Jolteon
|
|win|kid gf lol
|raw|Ladder updating...
|raw|kid gf lol's rating: 1175 &rarr; <strong>1192<\/strong><br \/>(+17 for winning)
|raw|RADRAD's rating: 1063 &rarr; <strong>1050<\/strong><br \/>(-13 for losing)
|chat|RADRAD|gg
|chat|kid gf lol|gg