|j|RocketSC
|j|Tsavoren
|player|p1|RocketSC|210
|player|p2|Tsavoren|160
|gametype|singles
|gen|1
|tier|[Gen 1] OU
|seed|
|rule|Sleep Clause Mod: Limit one foe put to sleep
|rule|Freeze Clause Mod: Limit one foe frozen
|rule|Species Clause: Limit one of each Pokémon
|rule|OHKO Clause: OHKO moves are banned
|rule|Evasion Moves Clause: Evasion moves are banned
|rule|HP Percentage Mod: HP is shown in percentages
|
|start
|switch|p1a: Jolteon|Jolteon|100\/100
|switch|p2a: Tauros|Tauros|100\/100
|turn|1
|choice||
|
|move|p1a: Jolteon|Thunder Wave|p2a: Tauros
|-status|p2a: Tauros|par
|move|p2a: Tauros|Earthquake|p1a: Jolteon
|-supereffective|p1a: Jolteon
|-damage|p1a: Jolteon|38\/100
|
|turn|2
|choice||
|
|switch|p1a: Slowbro|Slowbro|100\/100
|move|p2a: Tauros|Earthquake|p1a: Slowbro
|-damage|p1a: Slowbro|81\/100
|
|turn|3
|choice||
|
|move|p1a: Slowbro|Amnesia|p1a: Slowbro
|-boost|p1a: Slowbro|spd|2
|-boost|p1a: Slowbro|spa|2
|move|p2a: Tauros|Thunder|p1a: Slowbro
|-supereffective|p1a: Slowbro
|-damage|p1a: Slowbro|57\/100
|
|turn|4
|choice||
|
|move|p1a: Slowbro|Amnesia|p1a: Slowbro
|-boost|p1a: Slowbro|spd|2
|-boost|p1a: Slowbro|spa|2
|move|p2a: Tauros|Hyper Beam|p1a: Slowbro|[miss]
|-miss|p2a: Tauros
|
|turn|5
|choice||
|
|move|p1a: Slowbro|Surf|p2a: Tauros
|-damage|p2a: Tauros|6\/100 par
|cant|p2a: Tauros|par
|
|turn|6
|choice||
|
|move|p1a: Slowbro|Surf|p2a: Tauros
|-damage|p2a: Tauros|0 fnt
|faint|p2a: Tauros
|choice||
|
|switch|p2a: Konserwa|Cloyster|100\/100
|turn|7
|c|★RocketSC|;]
|choice||
|
|move|p2a: Konserwa|Explosion|p1a: Slowbro
|-crit|p1a: Slowbro
|-damage|p1a: Slowbro|0 fnt
|faint|p1a: Slowbro
|faint|p2a: Konserwa
|c|★RocketSC|wiedziałem ;]
|choice||
|
|switch|p1a: Jolteon|Jolteon|38\/100
|switch|p2a: Elza|Persian|100\/100
|turn|8
|choice||
|
|move|p1a: Jolteon|Thunder Wave|p2a: Elza
|-status|p2a: Elza|par
|move|p2a: Elza|Slash|p1a: Jolteon
|-crit|p1a: Jolteon
|-damage|p1a: Jolteon|0 fnt
|faint|p1a: Jolteon
|choice||
|
|switch|p1a: Rhydon|Rhydon|100\/100
|turn|9
|choice||
|
|move|p1a: Rhydon|Earthquake|p2a: Elza
|-damage|p2a: Elza|42\/100 par
|move|p2a: Elza|Bubble Beam|p1a: Rhydon
|-supereffective|p1a: Rhydon
|-damage|p1a: Rhydon|37\/100
|-unboost|p1a: Rhydon|spe|1
|
|turn|10
|choice||
|
|move|p1a: Rhydon|Substitute|p1a: Rhydon
|-start|p1a: Rhydon|Substitute
|-damage|p1a: Rhydon|12\/100
|move|p2a: Elza|Bubble Beam|p1a: Rhydon
|-crit|p1a: Rhydon
|-supereffective|p1a: Rhydon
|-end|p1a: Rhydon|Substitute
|
|turn|11
|choice||
|
|move|p1a: Rhydon|Earthquake|p2a: Elza
|-damage|p2a: Elza|0 fnt
|faint|p2a: Elza
|choice||
|
|switch|p2a: FireLord|Charizard|100\/100
|turn|12
|choice||
|
|move|p2a: FireLord|Seismic Toss|p1a: Rhydon
|-damage|p1a: Rhydon|0 fnt
|faint|p1a: Rhydon
|choice||
|
|switch|p1a: Alakazam|Alakazam|100\/100
|turn|13
|choice||
|
|switch|p2a: Kyuubi|Ninetales|100\/100
|move|p1a: Alakazam|Thunder Wave|p2a: Kyuubi
|-status|p2a: Kyuubi|par
|
|turn|14
|choice||
|
|move|p1a: Alakazam|Reflect|p1a: Alakazam
|-start|p1a: Alakazam|Reflect
|cant|p2a: Kyuubi|par
|
|turn|15
|choice||
|
|move|p1a: Alakazam|Psychic|p2a: Kyuubi
|-damage|p2a: Kyuubi|65\/100 par
|-unboost|p2a: Kyuubi|spd|1
|-unboost|p2a: Kyuubi|spa|1
|move|p2a: Kyuubi|Toxic|p1a: Alakazam
|-status|p1a: Alakazam|tox
|
|turn|16
|j|Austinf
|l|Austinf
|choice||
|
|move|p1a: Alakazam|Psychic|p2a: Kyuubi
|-damage|p2a: Kyuubi|7\/100 par
|-unboost|p2a: Kyuubi|spd|1
|-unboost|p2a: Kyuubi|spa|1
|-damage|p1a: Alakazam|94\/100 tox|[from] tox|[of] p2a: Kyuubi
|cant|p2a: Kyuubi|par
|
|turn|17
|choice||
|
|move|p1a: Alakazam|Psychic|p2a: Kyuubi
|-damage|p2a: Kyuubi|0 fnt
|faint|p2a: Kyuubi
|choice||
|
|switch|p2a: Dragonite|Dragonite|100\/100
|turn|18
|choice||
|
|move|p1a: Alakazam|Thunder Wave|p2a: Dragonite
|-status|p2a: Dragonite|par
|-damage|p1a: Alakazam|82\/100 tox|[from] tox|[of] p2a: Dragonite
|cant|p2a: Dragonite|par
|
|turn|19
|choice||
|
|move|p1a: Alakazam|Psychic|p2a: Dragonite
|-damage|p2a: Dragonite|69\/100 par
|-unboost|p2a: Dragonite|spd|1
|-unboost|p2a: Dragonite|spa|1
|-damage|p1a: Alakazam|64\/100 tox|[from] tox|[of] p2a: Dragonite
|move|p2a: Dragonite|Hyper Beam|p1a: Alakazam
|-damage|p1a: Alakazam|25\/100 tox
|
|turn|20
|-mustrecharge|p2a: Dragonite
|c|★Tsavoren|ile razy ten paraliż
|-mustrecharge|p2a: Dragonite
|choice||
|
|move|p1a: Alakazam|Psychic|p2a: Dragonite
|-damage|p2a: Dragonite|19\/100 par
|-unboost|p2a: Dragonite|spd|1
|-unboost|p2a: Dragonite|spa|1
|-damage|p1a: Alakazam|1\/100 tox|[from] tox|[of] p2a: Dragonite
|cant|p2a: Dragonite|recharge
|
|turn|21
|choice||
|
|move|p1a: Alakazam|Psychic|p2a: Dragonite
|-crit|p2a: Dragonite
|-damage|p2a: Dragonite|0 fnt
|faint|p2a: Dragonite
|choice||
|
|switch|p2a: FireLord|Charizard|100\/100
|turn|22
|c|★RocketSC|;]
|c|★Tsavoren|weź nie paraliżuj
|choice||
|
|move|p1a: Alakazam|Thunder Wave|p2a: FireLord
|-status|p2a: FireLord|par
|-damage|p1a: Alakazam|0 fnt|[from] tox|[of] p2a: FireLord
|faint|p1a: Alakazam
|choice||
|
|switch|p1a: Tauros|Tauros|100\/100
|turn|23
|choice||
|
|move|p1a: Tauros|Hyper Beam|p2a: FireLord
|-damage|p2a: FireLord|40\/100 par
|move|p2a: FireLord|Flamethrower|p1a: Tauros
|-damage|p1a: Tauros|62\/100
|
|turn|24
|-mustrecharge|p1a: Tauros
|c|★RocketSC|:D
|-mustrecharge|p1a: Tauros
|choice||
|
|cant|p1a: Tauros|recharge
|cant|p2a: FireLord|par
|
|turn|25
|c|★Tsavoren|fuckkkkkkkkkkkkkkk
|choice||
|
|move|p1a: Tauros|Body Slam|p2a: FireLord
|-damage|p2a: FireLord|7\/100 par
|move|p2a: FireLord|Seismic Toss|p1a: Tauros
|-damage|p1a: Tauros|34\/100
|
|turn|26
|c|★Tsavoren|gg
|c|★RocketSC|gg
|choice||
|
|move|p1a: Tauros|Body Slam|p2a: FireLord
|-damage|p2a: FireLord|0 fnt
|faint|p2a: FireLord
|
|win|RocketSC
|player|p1
|player|p2