|join|kid gf lol
|join|Rocknlol
|player|p1|kid gf lol|168
|player|p2|Rocknlol|121
|gametype|singles
|gen|1
|tier|[Gen 1] OU (beta)
|rule|Sleep Clause Mod: Limit one foe put to sleep
|rule|Species Clause: Limit one of each Pokemon
|rule|OHKO Clause: OHKO moves are banned
|rule|Moody Clause: Moody is banned
|rule|Evasion Moves Clause: Evasion moves are banned
|rule|Endless Battle Clause: Forcing endless battles is banned.
|rule|HP Percentage Mod: HP is reported as percentages
|
|start
|switch|p1a: Zam Lead|Alakazam|313\/313
|switch|p2a: Alakazam|Alakazam|313\/313
|turn|1
|chat|kid gf lol|heya
|
|switch|p1a: Breakfast Pouch|Chansey|703\/703
|switch|p2a: Chansey|Chansey|703\/703
|
|turn|2
|chat|Rocknlol|Hi
|
|switch|p1a: Mr Mime|Jynx|333\/333
|move|p2a: Chansey|Ice Beam|p1a: Mr Mime
|-resisted|p1a: Mr Mime
|-damage|p1a: Mr Mime|294\/333
|
|turn|3
|
|switch|p2a: Alakazam|Alakazam|313\/313
|move|p1a: Mr Mime|Lovely Kiss|p2a: Alakazam
|-status|p2a: Alakazam|slp
|
|turn|4
|
|switch|p2a: Chansey|Chansey|703\/703
|move|p1a: Mr Mime|Blizzard|p2a: Chansey
|-damage|p2a: Chansey|564\/703
|
|turn|5
|
|move|p1a: Mr Mime|Blizzard|p2a: Chansey
|-damage|p2a: Chansey|431\/703
|-status|p2a: Chansey|frz
|cant|p2a: Chansey|frz
|
|turn|6
|chat|kid gf lol|this is why i moved on to using jynx
|chat|kid gf lol|you know what they say
|chat|kid gf lol|once you go jynx
|
|switch|p2a: Snorlax|Snorlax|523\/523
|move|p1a: Mr Mime|Reflect|p1a: Mr Mime
|
|turn|7
|
|move|p1a: Mr Mime|Blizzard|p2a: Snorlax
|-damage|p2a: Snorlax|354\/523
|move|p2a: Snorlax|Body Slam|p1a: Mr Mime
|-damage|p1a: Mr Mime|207\/333
|
|turn|8
|
|move|p1a: Mr Mime|Blizzard|p2a: Snorlax
|-damage|p2a: Snorlax|189\/523
|move|p2a: Snorlax|Body Slam|p1a: Mr Mime
|-damage|p1a: Mr Mime|109\/333
|
|turn|9
|
|move|p1a: Mr Mime|Blizzard|p2a: Snorlax
|-damage|p2a: Snorlax|10\/523
|move|p2a: Snorlax|Self-Destruct|p1a: Mr Mime
|-damage|p1a: Mr Mime|0 fnt
|faint|p1a: Mr Mime
|faint|p2a: Snorlax
|chat|Rocknlol|I should try jynx
|
|switch|p2a: Exeggutor|Exeggutor|393\/393
|switch|p1a: Breakfast Pouch|Chansey|703\/703
|turn|10
|chat|Rocknlol|I've been sticking with the same team too much, really
|
|switch|p1a: Zam Lead|Alakazam|313\/313
|move|p2a: Exeggutor|Sleep Powder|p1a: Zam Lead|[miss]
|-miss|p2a: Exeggutor
|
|turn|11
|chat|kid gf lol|i change up my team as needed
|
|move|p1a: Zam Lead|Seismic Toss|p2a: Exeggutor
|-damage|p2a: Exeggutor|293\/393
|move|p2a: Exeggutor|Explosion|p1a: Zam Lead
|-damage|p1a: Zam Lead|0 fnt
|faint|p1a: Zam Lead
|faint|p2a: Exeggutor
|chat|kid gf lol|when you're near the top of the ladder, usually it's only 1 person i can battle at times of day like this
|chat|kid gf lol|because of rank difference
|
|switch|p2a: Tauros|Tauros|353\/353
|switch|p1a: Breakfast Pouch|Chansey|703\/703
|turn|12
|chat|kid gf lol|so my team changes based on who i can battle
|
|move|p2a: Tauros|Body Slam|p1a: Breakfast Pouch
|-crit|p1a: Breakfast Pouch
|-damage|p1a: Breakfast Pouch|136\/703
|move|p1a: Breakfast Pouch|Thunder Wave|p2a: Tauros
|-status|p2a: Tauros|par
|
|turn|13
|chat|Rocknlol|Clever
|
|switch|p1a: Kitty|Tauros|353\/353
|cant|p2a: Tauros|par
|
|turn|14
|chat|Rocknlol|I just started using alts once this name got too high on the ladder
|
|move|p1a: Kitty|Body Slam|p2a: Tauros
|-damage|p2a: Tauros|241\/353 par
|move|p2a: Tauros|Body Slam|p1a: Kitty
|-damage|p1a: Kitty|244\/353
|-status|p1a: Kitty|par
|
|turn|15
|chat|kid gf lol|that's mainly what i do too
|
|cant|p2a: Tauros|par
|move|p1a: Kitty|Body Slam|p2a: Tauros
|-damage|p2a: Tauros|146\/353 par
|
|turn|16
|
|move|p1a: Kitty|Hyper Beam|p2a: Tauros
|-damage|p2a: Tauros|0 fnt
|faint|p2a: Tauros
|
|
|switch|p2a: Golem|Golem|363\/363
|turn|17
|chat|kid gf lol|i usually use my alts for test teams
|
|switch|p1a: Result Of Incest|Exeggutor|393\/393
|move|p2a: Golem|Earthquake|p1a: Result Of Incest
|-resisted|p1a: Result Of Incest
|-damage|p1a: Result Of Incest|324\/393
|
|turn|18
|
|move|p1a: Result Of Incest|Mega Drain|p2a: Golem
|-crit|p2a: Golem
|-supereffective|p2a: Golem
|-damage|p2a: Golem|0 fnt
|-heal|p1a: Result Of Incest|393\/393|[from] drain|[of] p2a: Golem
|faint|p2a: Golem
|
|
|switch|p2a: Alakazam|Alakazam|313\/313 slp
|turn|19
|
|switch|p2a: Chansey|Chansey|431\/703 frz
|move|p1a: Result Of Incest|Explosion|p2a: Chansey
|-damage|p2a: Chansey|0 fnt
|faint|p2a: Chansey
|faint|p1a: Result Of Incest
|
|switch|p2a: Alakazam|Alakazam|313\/313 slp
|switch|p1a: TNT|Golem|363\/363
|turn|20
|
|cant|p2a: Alakazam|slp
|move|p1a: TNT|Explosion|p2a: Alakazam
|-damage|p2a: Alakazam|0 fnt
|faint|p2a: Alakazam
|faint|p1a: TNT
|
|win|kid gf lol
|chat|Rocknlol|gg