|join|ankitkhetrapal
|join|Onix 4 LC UU
|player|p1|ankitkhetrapal|52
|player|p2|Onix 4 LC UU|101
|gametype|singles
|gen|1
|tier|[Gen 1] Random Battle
|rated
|rule|Sleep Clause Mod: Limit one foe put to sleep
|rule|Freeze Clause Mod: Limit one foe frozen
|rule|HP Percentage Mod: HP is shown in percentages
|
|start
|switch|p1a: Fearow|Fearow, L90|300\/300
|switch|p2a: Drowzee|Drowzee, L96|310\/310
|turn|1
|
|move|p1a: Fearow|Drill Peck|p2a: Drowzee
|-damage|p2a: Drowzee|197\/310
|move|p2a: Drowzee|Counter|p1a: Fearow
|-fail|p2a: Drowzee
|
|turn|2
|
|move|p1a: Fearow|Drill Peck|p2a: Drowzee
|-damage|p2a: Drowzee|79\/310
|move|p2a: Drowzee|Thunder Wave|p1a: Fearow
|-status|p1a: Fearow|par
|
|turn|3
|
|move|p2a: Drowzee|Psychic|p1a: Fearow
|-damage|p1a: Fearow|158\/300 par
|move|p1a: Fearow|Drill Peck|p2a: Drowzee
|-crit|p2a: Drowzee
|-damage|p2a: Drowzee|0 fnt
|faint|p2a: Drowzee
|
|switch|p2a: Articuno|Articuno, L79|304\/304
|turn|4
|
|move|p2a: Articuno|Blizzard|p1a: Fearow
|-crit|p1a: Fearow
|-supereffective|p1a: Fearow
|-damage|p1a: Fearow|0 fnt
|faint|p1a: Fearow
|
|switch|p1a: Poliwhirl|Poliwhirl, L85|284\/284
|turn|5
|
|switch|p2a: Cubone|Cubone, L96|291\/291
|move|p1a: Poliwhirl|Hypnosis|p2a: Cubone
|-status|p2a: Cubone|slp
|
|turn|6
|
|switch|p2a: Lickitung|Lickitung, L90|345\/345
|move|p1a: Poliwhirl|Amnesia|p1a: Poliwhirl
|-boost|p1a: Poliwhirl|spd|2
|-boost|p1a: Poliwhirl|spa|2
|
|turn|7
|
|move|p1a: Poliwhirl|Surf|p2a: Lickitung
|-damage|p2a: Lickitung|170\/345
|move|p2a: Lickitung|Body Slam|p1a: Poliwhirl
|-damage|p1a: Poliwhirl|192\/284
|
|turn|8
|
|move|p1a: Poliwhirl|Surf|p2a: Lickitung
|-damage|p2a: Lickitung|2\/345
|move|p2a: Lickitung|Body Slam|p1a: Poliwhirl
|-damage|p1a: Poliwhirl|96\/284
|
|turn|9
|
|move|p1a: Poliwhirl|Surf|p2a: Lickitung
|-crit|p2a: Lickitung
|-damage|p2a: Lickitung|0 fnt
|faint|p2a: Lickitung
|
|switch|p2a: Articuno|Articuno, L79|304\/304
|turn|10
|
|move|p1a: Poliwhirl|Surf|p2a: Articuno
|-damage|p2a: Articuno|190\/304
|move|p2a: Articuno|Blizzard|p1a: Poliwhirl
|-resisted|p1a: Poliwhirl
|-damage|p1a: Poliwhirl|51\/284
|
|turn|11
|
|move|p1a: Poliwhirl|Surf|p2a: Articuno
|-damage|p2a: Articuno|69\/304
|move|p2a: Articuno|Blizzard|p1a: Poliwhirl
|-crit|p1a: Poliwhirl
|-resisted|p1a: Poliwhirl
|-damage|p1a: Poliwhirl|0 fnt
|faint|p1a: Poliwhirl
|
|switch|p1a: Arcanine|Arcanine, L85|327\/327
|turn|12
|
|switch|p2a: Golem|Golem, L79|288\/288
|move|p1a: Arcanine|Fire Blast|p2a: Golem
|-crit|p2a: Golem
|-resisted|p2a: Golem
|-damage|p2a: Golem|125\/288
|
|turn|13
|
|move|p1a: Arcanine|Fire Blast|p2a: Golem
|-crit|p2a: Golem
|-resisted|p2a: Golem
|-damage|p2a: Golem|0 fnt
|faint|p2a: Golem
|
|switch|p2a: Articuno|Articuno, L79|69\/304
|turn|14
|c|★Onix 4 LC UU|dear god get luckier
|
|move|p1a: Arcanine|Fire Blast|p2a: Articuno
|-crit|p2a: Articuno
|-supereffective|p2a: Articuno
|-damage|p2a: Articuno|0 fnt
|faint|p2a: Articuno
|
|switch|p2a: Cubone|Cubone, L96|291\/291 slp
|turn|15
|c|★ankitkhetrapal|arcanine is fast, hence high chance of criticial
|c|★Onix 4 LC UU|oh you did!
|c|★ankitkhetrapal|*critical
|c|★Onix 4 LC UU|!dt arcanine
|c|~|\/data-pokemon Arcanine
|raw|<font size="1"><font color=#585858>Dex#:<\/font> 59&nbsp;|&ThickSpace;<font color=#585858>Gen:<\/font> 1&nbsp;|&ThickSpace;<font color=#585858>Height:<\/font> 1.9 m&nbsp;|&ThickSpace;<font color=#585858>Weight:<\/font> 155 kg <em>(100 BP)<\/em>&nbsp;|&ThickSpace;<font color=#585858>Dex Colour:<\/font> Brown&nbsp;|&ThickSpace;<font color=#585858>Egg Group(s):<\/font> Field&nbsp;|&ThickSpace;<font color=#585858><font color=#585858>Does Not Evolve<\/font><\/font><\/font>
|
|move|p1a: Arcanine|Fire Blast|p2a: Cubone
|-damage|p2a: Cubone|132\/291 slp
|cant|p2a: Cubone|slp
|
|turn|16
|c|★Onix 4 LC UU|dawg
|c|★Onix 4 LC UU|.2*.2 = .04
|c|★Onix 4 LC UU|as an indian you should be good at math and know that
|c|★ankitkhetrapal|its not 0.2
|
|move|p1a: Arcanine|Fire Blast|p2a: Cubone
|-damage|p2a: Cubone|0 fnt
|faint|p2a: Cubone
|c|★Onix 4 LC UU|yeah it is
|c|★Onix 4 LC UU|i rounded
|c|★Onix 4 LC UU|it's technically less
|
|switch|p2a: Porygon|Porygon, L85|284\/284
|turn|17
|c|★Onix 4 LC UU|.135
|c|★Onix 4 LC UU|.185
|c|★Onix 4 LC UU|so 3.4%
|c|★Onix 4 LC UU|ie get luckier
|
|move|p1a: Arcanine|Fire Blast|p2a: Porygon
|-crit|p2a: Porygon
|-damage|p2a: Porygon|44\/284
|move|p2a: Porygon|Agility|p2a: Porygon
|-boost|p2a: Porygon|spe|2
|
|turn|18
|c|★ankitkhetrapal|haha
|c|★ankitkhetrapal|u can rematch
|
|move|p2a: Porygon|Recover|p2a: Porygon
|-heal|p2a: Porygon|186\/284
|move|p1a: Arcanine|Fire Blast|p2a: Porygon
|-damage|p2a: Porygon|54\/284
|
|turn|19
|
|move|p2a: Porygon|Recover|p2a: Porygon
|-heal|p2a: Porygon|196\/284
|move|p1a: Arcanine|Body Slam|p2a: Porygon
|-crit|p2a: Porygon
|-damage|p2a: Porygon|59\/284
|
|turn|20
|
|move|p2a: Porygon|Recover|p2a: Porygon
|-heal|p2a: Porygon|201\/284
|move|p1a: Arcanine|Body Slam|p2a: Porygon
|-crit|p2a: Porygon
|-damage|p2a: Porygon|60\/284
|
|turn|21
|c|★Onix 4 LC UU|nah it's okay, i know im better
|c|★ankitkhetrapal|lol
|
|move|p2a: Porygon|Recover|p2a: Porygon
|-heal|p2a: Porygon|202\/284
|move|p1a: Arcanine|Hyper Beam|p2a: Porygon|[miss]
|-miss|p1a: Arcanine
|
|turn|22
|
|move|p2a: Porygon|Blizzard|p1a: Arcanine
|-damage|p1a: Arcanine|245\/327
|move|p1a: Arcanine|Mimic|p2a: Porygon
|-start|p1a: Arcanine|Mimic|Agility
|
|turn|23
|
|move|p2a: Porygon|Blizzard|p1a: Arcanine
|-damage|p1a: Arcanine|165\/327
|move|p1a: Arcanine|Fire Blast|p2a: Porygon
|-damage|p2a: Porygon|77\/284
|-status|p2a: Porygon|brn
|
|turn|24
|c|★Onix 4 LC UU|unreal
|
|move|p2a: Porygon|Recover|p2a: Porygon
|-heal|p2a: Porygon|219\/284 brn
|-damage|p2a: Porygon|202\/284 brn|[from] brn
|move|p1a: Arcanine|Hyper Beam|p2a: Porygon|[miss]
|-miss|p1a: Arcanine
|
|turn|25
|
|move|p2a: Porygon|Tri Attack|p1a: Arcanine
|-damage|p1a: Arcanine|127\/327
|-damage|p2a: Porygon|185\/284 brn|[from] brn|[of] p1a: Arcanine
|move|p1a: Arcanine|Hyper Beam|p2a: Porygon
|-damage|p2a: Porygon|44\/284 brn
|
|turn|26
|-mustrecharge|p1a: Arcanine
|-mustrecharge|p1a: Arcanine
|
|move|p2a: Porygon|Recover|p2a: Porygon
|-heal|p2a: Porygon|186\/284 brn
|-damage|p2a: Porygon|169\/284 brn|[from] brn
|cant|p1a: Arcanine|recharge
|
|turn|27
|
|move|p2a: Porygon|Recover|p2a: Porygon
|-heal|p2a: Porygon|284\/284 brn
|-damage|p2a: Porygon|267\/284 brn|[from] brn
|move|p1a: Arcanine|Body Slam|p2a: Porygon
|-damage|p2a: Porygon|193\/284 brn
|
|turn|28
|
|switch|p1a: Machoke|Machoke, L85|310\/310
|move|p2a: Porygon|Blizzard|p1a: Machoke
|-damage|p1a: Machoke|213\/310
|-damage|p2a: Porygon|176\/284 brn|[from] brn|[of] p1a: Machoke
|
|turn|29
|c|★Onix 4 LC UU|can't even buy a super justice freeze
|
|move|p2a: Porygon|Blizzard|p1a: Machoke
|-damage|p1a: Machoke|120\/310
|-damage|p2a: Porygon|159\/284 brn|[from] brn|[of] p1a: Machoke
|move|p1a: Machoke|Submission|p2a: Porygon
|-supereffective|p2a: Porygon
|-damage|p2a: Porygon|0 fnt
|-damage|p1a: Machoke|81\/310|[from] recoil|[of] p2a: Porygon
|faint|p2a: Porygon
|
|win|ankitkhetrapal
|raw|ankitkhetrapal's rating: 1269 &rarr; <strong>1280<\/strong><br \/>(+11 for winning)
|raw|Onix 4 LC UU's rating: 1043 &rarr; <strong>1036<\/strong><br \/>(-7 for losing)
|c|★Onix 4 LC UU|what a shitty game
|c|★ankitkhetrapal|1043 lol
|c|★Onix 4 LC UU|lol okay
|c|★ankitkhetrapal|and u think u are better
|c|★ankitkhetrapal|haha
|c|★Onix 4 LC UU|second game on this alt
|c|★Onix 4 LC UU|try harder moron
|c|★Onix 4 LC UU|you have a gxe of 69
|c|★Onix 4 LC UU|that is bad
|c|★Onix 4 LC UU|straight up low quality
|c|★ankitkhetrapal|still better than you
|leave|ankitkhetrapal
|player|p1