|join|eldougi
|join|Patapown
|player|p1|eldougi|265
|player|p2|Patapown|264
|gametype|singles
|gen|1
|tier|[Gen 1] Random Battle
|rated
|rule|Sleep Clause Mod: Limit one foe put to sleep
|rule|Freeze Clause Mod: Limit one foe frozen
|rule|HP Percentage Mod: HP is shown in percentages
|
|start
|switch|p1a: Electabuzz|Electabuzz, L85|284\/284
|switch|p2a: Butterfree|Butterfree, L90|291\/291
|turn|1
|
|switch|p1a: Metapod|Metapod, L99|300\/300
|move|p2a: Butterfree|Sleep Powder|p1a: Metapod
|-status|p1a: Metapod|slp
|
|turn|2
|
|switch|p1a: Electabuzz|Electabuzz, L85|284\/284
|move|p2a: Butterfree|Psychic|p1a: Electabuzz
|-damage|p1a: Electabuzz|220\/284
|-unboost|p1a: Electabuzz|spd|1
|-unboost|p1a: Electabuzz|spa|1
|
|turn|3
|
|switch|p2a: Golem|Golem, L79|288\/288
|move|p1a: Electabuzz|Thunderbolt|p2a: Golem
|-immune|p2a: Golem|[msg]
|
|turn|4
|
|switch|p1a: Cloyster|Cloyster, L83|253\/253
|move|p2a: Golem|Body Slam|p1a: Cloyster
|-damage|p1a: Cloyster|216\/253
|
|turn|5
|
|move|p1a: Cloyster|Blizzard|p2a: Golem
|-supereffective|p2a: Golem
|-damage|p2a: Golem|0 fnt
|faint|p2a: Golem
|
|switch|p2a: Gastly|Gastly, L96|252\/252
|turn|6
|
|switch|p1a: Chansey|Chansey, L79|557\/557
|move|p2a: Gastly|Confuse Ray|p1a: Chansey
|-start|p1a: Chansey|confusion
|
|turn|7
|
|switch|p2a: Kabutops|Kabutops, L85|276\/276
|-activate|p1a: Chansey|confusion
|move|p1a: Chansey|Thunderbolt|p2a: Kabutops
|-supereffective|p2a: Kabutops
|-damage|p2a: Kabutops|144\/276
|
|turn|8
|
|switch|p1a: Cloyster|Cloyster, L83|216\/253
|move|p2a: Kabutops|Swords Dance|p2a: Kabutops
|-boost|p2a: Kabutops|atk|2
|
|turn|9
|
|move|p2a: Kabutops|Body Slam|p1a: Cloyster
|-damage|p1a: Cloyster|138\/253
|move|p1a: Cloyster|Toxic|p2a: Kabutops
|-status|p2a: Kabutops|tox
|
|turn|10
|
|move|p2a: Kabutops|Body Slam|p1a: Cloyster
|-damage|p1a: Cloyster|51\/253
|-damage|p2a: Kabutops|127\/276 tox|[from] tox|[of] p1a: Cloyster
|move|p1a: Cloyster|Blizzard|p2a: Kabutops
|-resisted|p2a: Kabutops
|-damage|p2a: Kabutops|64\/276 tox
|
|turn|11
|
|switch|p1a: Metapod|Metapod, L99|300\/300 slp
|move|p2a: Kabutops|Body Slam|p1a: Metapod
|-damage|p1a: Metapod|149\/300 slp
|-damage|p2a: Kabutops|30\/276 tox|[from] tox|[of] p1a: Metapod
|
|turn|12
|
|move|p2a: Kabutops|Body Slam|p1a: Metapod
|-crit|p1a: Metapod
|-damage|p1a: Metapod|0 fnt
|faint|p1a: Metapod
|
|switch|p1a: Electabuzz|Electabuzz, L85|220\/284
|turn|13
|
|move|p1a: Electabuzz|Psychic|p2a: Kabutops
|-damage|p2a: Kabutops|0 fnt
|faint|p2a: Kabutops
|
|switch|p2a: Tauros|Tauros, L79|280\/280
|turn|14
|
|switch|p1a: Zapdos|Zapdos, L79|304\/304
|move|p2a: Tauros|Earthquake|p1a: Zapdos
|-immune|p1a: Zapdos|[msg]
|
|turn|15
|
|move|p2a: Tauros|Blizzard|p1a: Zapdos
|-supereffective|p1a: Zapdos
|-damage|p1a: Zapdos|208\/304
|move|p1a: Zapdos|Thunder Wave|p2a: Tauros
|-status|p2a: Tauros|par
|
|turn|16
|
|switch|p2a: Gastly|Gastly, L96|252\/252
|move|p1a: Zapdos|Thunderbolt|p2a: Gastly
|-crit|p2a: Gastly
|-damage|p2a: Gastly|86\/252
|
|turn|17
|
|move|p2a: Gastly|Explosion|p1a: Zapdos
|-damage|p1a: Zapdos|25\/304
|faint|p2a: Gastly
|
|switch|p2a: Tauros|Tauros, L79|280\/280 par
|turn|18
|
|move|p1a: Zapdos|Thunderbolt|p2a: Tauros
|-damage|p2a: Tauros|158\/280 par
|cant|p2a: Tauros|par
|
|turn|19
|
|move|p1a: Zapdos|Thunderbolt|p2a: Tauros
|-damage|p2a: Tauros|30\/280 par
|move|p2a: Tauros|Body Slam|p1a: Zapdos
|-damage|p1a: Zapdos|0 fnt
|faint|p1a: Zapdos
|
|switch|p1a: Cloyster|Cloyster, L83|51\/253
|turn|20
|
|move|p1a: Cloyster|Blizzard|p2a: Tauros
|-damage|p2a: Tauros|0 fnt
|faint|p2a: Tauros
|
|switch|p2a: Charizard|Charizard, L85|306\/306
|turn|21
|
|move|p2a: Charizard|Body Slam|p1a: Cloyster
|-damage|p1a: Cloyster|19\/253
|move|p1a: Cloyster|Blizzard|p2a: Charizard
|-supereffective|p2a: Charizard
|-damage|p2a: Charizard|83\/306
|
|turn|22
|
|move|p2a: Charizard|Body Slam|p1a: Cloyster
|-damage|p1a: Cloyster|0 fnt
|faint|p1a: Cloyster
|
|switch|p1a: Electabuzz|Electabuzz, L85|220\/284
|turn|23
|
|move|p1a: Electabuzz|Thunderbolt|p2a: Charizard
|-supereffective|p2a: Charizard
|-damage|p2a: Charizard|0 fnt
|faint|p2a: Charizard
|
|switch|p2a: Butterfree|Butterfree, L90|291\/291
|turn|24
|
|move|p1a: Electabuzz|Thunderbolt|p2a: Butterfree
|-crit|p2a: Butterfree
|-supereffective|p2a: Butterfree
|-damage|p2a: Butterfree|0 fnt
|faint|p2a: Butterfree
|
|win|eldougi
|raw|Ladder updating...
|leave|Patapown
|player|p2