|join|INSANIK
|join|Eldougi
|player|p1|INSANIK|264
|player|p2|Eldougi|170
|gametype|singles
|gen|1
|tier|[Gen 1] Random Battle
|rated
|rule|Sleep Clause Mod: Limit one foe put to sleep
|rule|Freeze Clause Mod: Limit one foe frozen
|rule|HP Percentage Mod: HP is shown in percentages
|
|start
|switch|p1a: Lickitung|Lickitung, L85|327\/327
|switch|p2a: Magneton|Magneton, L85|259\/259
|turn|1
|
|switch|p2a: Parasect|Parasect, L85|276\/276
|move|p1a: Lickitung|Earthquake|p2a: Parasect
|-resisted|p2a: Parasect
|-damage|p2a: Parasect|264\/276
|
|turn|2
|
|switch|p1a: Wigglytuff|Wigglytuff, L85|412\/412
|move|p2a: Parasect|Spore|p1a: Wigglytuff
|-status|p1a: Wigglytuff|slp
|
|turn|3
|
|switch|p2a: Slowbro|Slowbro, L79|312\/312
|cant|p1a: Wigglytuff|slp
|
|turn|4
|
|cant|p1a: Wigglytuff|slp
|move|p2a: Slowbro|Amnesia|p2a: Slowbro
|-boost|p2a: Slowbro|spd|2
|-boost|p2a: Slowbro|spa|2
|
|turn|5
|
|cant|p1a: Wigglytuff|slp
|-curestatus|p1a: Wigglytuff|slp
|move|p2a: Slowbro|Amnesia|p2a: Slowbro
|-boost|p2a: Slowbro|spd|2
|-boost|p2a: Slowbro|spa|2
|
|turn|6
|
|move|p1a: Wigglytuff|Thunder Wave|p2a: Slowbro
|-status|p2a: Slowbro|par
|move|p2a: Slowbro|Surf|p1a: Wigglytuff
|-damage|p1a: Wigglytuff|80\/412
|
|turn|7
|
|move|p1a: Wigglytuff|Double-Edge|p2a: Slowbro
|-damage|p2a: Slowbro|226\/312 par
|-damage|p1a: Wigglytuff|59\/412|[from] recoil|[of] p2a: Slowbro
|move|p2a: Slowbro|Surf|p1a: Wigglytuff
|-damage|p1a: Wigglytuff|0 fnt
|faint|p1a: Wigglytuff
|
|switch|p1a: Ivysaur|Ivysaur, L85|276\/276
|turn|8
|
|move|p1a: Ivysaur|Razor Leaf|p2a: Slowbro|[miss]
|-miss|p1a: Ivysaur
|cant|p2a: Slowbro|par
|
|turn|9
|
|move|p1a: Ivysaur|Swords Dance|p1a: Ivysaur
|-boost|p1a: Ivysaur|atk|2
|cant|p2a: Slowbro|par
|
|turn|10
|
|move|p1a: Ivysaur|Razor Leaf|p2a: Slowbro
|-crit|p2a: Slowbro
|-supereffective|p2a: Slowbro
|-damage|p2a: Slowbro|0 fnt
|faint|p2a: Slowbro
|
|switch|p2a: Parasect|Parasect, L85|264\/276
|turn|11
|
|move|p1a: Ivysaur|Sleep Powder|p2a: Parasect
|-status|p2a: Parasect|slp
|cant|p2a: Parasect|slp
|
|turn|12
|
|switch|p2a: Mew|Mew, L74|300\/300
|move|p1a: Ivysaur|Swords Dance|p1a: Ivysaur
|-boost|p1a: Ivysaur|atk|2
|
|turn|13
|
|move|p2a: Mew|Earthquake|p1a: Ivysaur
|-damage|p1a: Ivysaur|211\/276
|move|p1a: Ivysaur|Razor Leaf|p2a: Mew
|-crit|p2a: Mew
|-damage|p2a: Mew|193\/300
|
|turn|14
|
|move|p2a: Mew|Earthquake|p1a: Ivysaur
|-damage|p1a: Ivysaur|141\/276
|move|p1a: Ivysaur|Swords Dance|p1a: Ivysaur
|-boost|p1a: Ivysaur|atk|2
|
|turn|15
|
|move|p2a: Mew|Blizzard|p1a: Ivysaur
|-supereffective|p1a: Ivysaur
|-damage|p1a: Ivysaur|0 fnt
|faint|p1a: Ivysaur
|
|switch|p1a: Victreebel|Victreebel, L85|310\/310
|turn|16
|
|move|p2a: Mew|Blizzard|p1a: Victreebel
|-supereffective|p1a: Victreebel
|-damage|p1a: Victreebel|191\/310
|move|p1a: Victreebel|Stun Spore|p2a: Mew
|-status|p2a: Mew|par
|
|turn|17
|
|move|p1a: Victreebel|Swords Dance|p1a: Victreebel
|-boost|p1a: Victreebel|atk|2
|move|p2a: Mew|Soft-Boiled|p2a: Mew
|-heal|p2a: Mew|300\/300 par
|
|turn|18
|
|move|p1a: Victreebel|Swords Dance|p1a: Victreebel
|-boost|p1a: Victreebel|atk|2
|move|p2a: Mew|Blizzard|p1a: Victreebel|[miss]
|-miss|p2a: Mew
|
|turn|19
|
|move|p1a: Victreebel|Razor Leaf|p2a: Mew
|-crit|p2a: Mew
|-damage|p2a: Mew|180\/300 par
|move|p2a: Mew|Blizzard|p1a: Victreebel
|-supereffective|p1a: Victreebel
|-damage|p1a: Victreebel|59\/310
|
|turn|20
|
|switch|p1a: Machamp|Machamp, L85|327\/327
|move|p2a: Mew|Hyper Beam|p1a: Machamp
|-damage|p1a: Machamp|243\/327
|
|turn|21
|-mustrecharge|p2a: Mew
|-mustrecharge|p2a: Mew
|
|move|p1a: Machamp|Earthquake|p2a: Mew
|-damage|p2a: Mew|82\/300 par
|cant|p2a: Mew|recharge
|
|turn|22
|
|switch|p2a: Parasect|Parasect, L85|264\/276 slp
|move|p1a: Machamp|Earthquake|p2a: Parasect
|-resisted|p2a: Parasect
|-damage|p2a: Parasect|241\/276 slp
|
|turn|23
|
|move|p1a: Machamp|Hyper Beam|p2a: Parasect
|-damage|p2a: Parasect|96\/276 slp
|cant|p2a: Parasect|slp
|
|turn|24
|-mustrecharge|p1a: Machamp
|-mustrecharge|p1a: Machamp
|
|cant|p1a: Machamp|recharge
|cant|p2a: Parasect|slp
|
|turn|25
|
|switch|p2a: Kabuto|Kabuto, L96|252\/252
|move|p1a: Machamp|Earthquake|p2a: Kabuto
|-supereffective|p2a: Kabuto
|-damage|p2a: Kabuto|94\/252
|
|turn|26
|
|switch|p2a: Parasect|Parasect, L85|96\/276 slp
|switch|p1a: Lickitung|Lickitung, L85|327\/327
|
|turn|27
|
|move|p1a: Lickitung|Earthquake|p2a: Parasect
|-resisted|p2a: Parasect
|-damage|p2a: Parasect|84\/276 slp
|cant|p2a: Parasect|slp
|-curestatus|p2a: Parasect|slp
|
|turn|28
|
|move|p1a: Lickitung|Hyper Beam|p2a: Parasect
|-crit|p2a: Parasect
|-damage|p2a: Parasect|0 fnt
|faint|p2a: Parasect
|
|switch|p2a: Magneton|Magneton, L85|259\/259
|turn|29
|
|move|p2a: Magneton|Thunder Wave|p1a: Lickitung
|-status|p1a: Lickitung|par
|move|p1a: Lickitung|Earthquake|p2a: Magneton
|-supereffective|p2a: Magneton
|-damage|p2a: Magneton|157\/259
|
|turn|30
|
|move|p2a: Magneton|Thunderbolt|p1a: Lickitung
|-damage|p1a: Lickitung|164\/327 par
|move|p1a: Lickitung|Earthquake|p2a: Magneton
|-supereffective|p2a: Magneton
|-damage|p2a: Magneton|61\/259
|
|turn|31
|
|move|p2a: Magneton|Thunderbolt|p1a: Lickitung
|-damage|p1a: Lickitung|10\/327 par
|cant|p1a: Lickitung|par
|
|turn|32
|
|move|p2a: Magneton|Thunderbolt|p1a: Lickitung|[miss]
|-miss|p2a: Magneton
|cant|p1a: Lickitung|par
|
|turn|33
|c|★INSANIK|-_-
|
|move|p2a: Magneton|Thunderbolt|p1a: Lickitung
|-damage|p1a: Lickitung|0 fnt
|faint|p1a: Lickitung
|
|switch|p1a: Alakazam|Alakazam, L79|249\/249
|turn|34
|
|move|p1a: Alakazam|Psychic|p2a: Magneton
|-damage|p2a: Magneton|0 fnt
|faint|p2a: Magneton
|
|switch|p2a: Mew|Mew, L74|82\/300 par
|turn|35
|
|move|p1a: Alakazam|Psychic|p2a: Mew
|-resisted|p2a: Mew
|-damage|p2a: Mew|25\/300 par
|cant|p2a: Mew|par
|
|turn|36
|
|move|p1a: Alakazam|Psychic|p2a: Mew
|-crit|p2a: Mew
|-resisted|p2a: Mew
|-damage|p2a: Mew|0 fnt
|faint|p2a: Mew
|
|switch|p2a: Kabuto|Kabuto, L96|94\/252
|turn|37
|
|move|p1a: Alakazam|Psychic|p2a: Kabuto
|-damage|p2a: Kabuto|0 fnt
|faint|p2a: Kabuto
|
|switch|p2a: Raichu|Raichu, L85|276\/276
|turn|38
|
|move|p1a: Alakazam|Psychic|p2a: Raichu
|-damage|p2a: Raichu|171\/276
|move|p2a: Raichu|Thunderbolt|p1a: Alakazam
|-damage|p1a: Alakazam|174\/249
|
|turn|39
|
|move|p1a: Alakazam|Psychic|p2a: Raichu
|-damage|p2a: Raichu|66\/276
|move|p2a: Raichu|Hyper Beam|p1a: Alakazam
|-damage|p1a: Alakazam|5\/249
|
|turn|40
|-mustrecharge|p2a: Raichu
|-mustrecharge|p2a: Raichu
|
|move|p1a: Alakazam|Psychic|p2a: Raichu
|-damage|p2a: Raichu|0 fnt
|faint|p2a: Raichu
|
|win|INSANIK
|raw|Ladder updating...
|raw|INSANIK's rating: 1114 &rarr; <strong>1152<\/strong><br \/>(+38 for winning)
|raw|Eldougi's rating: 1307 &rarr; <strong>1277<\/strong><br \/>(-30 for losing)
|c|★INSANIK|GG