|j|Toonami5
|j|kwikwik
|player|p1|Toonami5|220
|player|p2|kwikwik|170
|gametype|singles
|gen|1
|tier|[Gen 1] OU
|rated
|seed|42160,11395,19965,20112
|rule|Sleep Clause Mod: Limit one foe put to sleep
|rule|Freeze Clause Mod: Limit one foe frozen
|rule|Species Clause: Limit one of each Pokémon
|rule|OHKO Clause: OHKO moves are banned
|rule|Evasion Moves Clause: Evasion moves are banned
|rule|HP Percentage Mod: HP is shown in percentages
|
|start
|switch|p1a: Starmie|Starmie|323\/323
|switch|p2a: Cloyster|Cloyster|303\/303
|turn|1
|choice|move 1|move 2
|
|move|p1a: Starmie|Thunder Wave|p2a: Cloyster
|-status|p2a: Cloyster|par
|cant|p2a: Cloyster|par
|
|turn|2
|choice|move 2|move 2
|
|move|p1a: Starmie|Psychic|p2a: Cloyster
|-damage|p2a: Cloyster|187\/303 par
|-unboost|p2a: Cloyster|spd|1
|-unboost|p2a: Cloyster|spa|1
|move|p2a: Cloyster|Clamp|p1a: Starmie
|-resisted|p1a: Starmie
|-damage|p1a: Starmie|310\/323
|-activate|p1a: Starmie|move: Clamp|[of] p2a: Cloyster
|
|turn|3
|choice|move 2|move 2
|
|cant|p1a: Starmie|partiallytrapped
|cant|p2a: Cloyster|par
|
|-end|p1a: Starmie|Clamp|[partiallytrapped]
|turn|4
|choice|move 2|move 3
|
|move|p1a: Starmie|Psychic|p2a: Cloyster
|-damage|p2a: Cloyster|10\/303 par
|move|p2a: Cloyster|Explosion|p1a: Starmie
|-damage|p1a: Starmie|15\/323
|faint|p2a: Cloyster
|choice||switch 5
|
|switch|p2a: Alakazam|Alakazam|313\/313
|turn|5
|choice|switch 2|move 1
|
|switch|p1a: Alakazam|Alakazam|313\/313
|move|p2a: Alakazam|Psychic|p1a: Alakazam
|-resisted|p1a: Alakazam
|-damage|p1a: Alakazam|257\/313
|
|turn|6
|choice|move 2|switch 4
|
|switch|p2a: Chansey|Chansey|703\/703
|move|p1a: Alakazam|Thunder Wave|p2a: Chansey
|-status|p2a: Chansey|par
|
|turn|7
|choice|switch 5|switch 4
|
|switch|p1a: Snorlax|Snorlax|523\/523
|switch|p2a: Alakazam|Alakazam|313\/313
|
|turn|8
|choice|move 1|move 2
|
|move|p2a: Alakazam|Thunder Wave|p1a: Snorlax
|-status|p1a: Snorlax|par
|move|p1a: Snorlax|Body Slam|p2a: Alakazam
|-damage|p2a: Alakazam|143\/313
|
|turn|9
|choice|move 1|switch 2
|
|switch|p2a: Gengar|Gengar|323\/323
|move|p1a: Snorlax|Body Slam|p2a: Gengar
|-immune|p2a: Gengar|[msg]
|
|turn|10
|choice|move 2|move 3
|
|move|p2a: Gengar|Psychic|p1a: Snorlax
|-damage|p1a: Snorlax|408\/523 par
|-unboost|p1a: Snorlax|spd|1
|-unboost|p1a: Snorlax|spa|1
|move|p1a: Snorlax|Earthquake|p2a: Gengar
|-supereffective|p2a: Gengar
|-damage|p2a: Gengar|108\/323
|
|turn|11
|choice|move 3|switch 3
|
|switch|p2a: Gyarados|Gyarados|393\/393
|move|p1a: Snorlax|Rest|p1a: Snorlax
|-status|p1a: Snorlax|slp
|-heal|p1a: Snorlax|523\/523 slp|[silent]
|-status|p1a: Snorlax|slp|[from] move: Rest
|
|turn|12
|choice|move 1|move 3
|
|move|p2a: Gyarados|Surf|p1a: Snorlax
|-damage|p1a: Snorlax|299\/523 slp
|cant|p1a: Snorlax|slp
|
|turn|13
|choice|switch 5|move 3
|
|switch|p1a: Alakazam|Alakazam|257\/313
|move|p2a: Gyarados|Surf|p1a: Alakazam
|-crit|p1a: Alakazam
|-damage|p1a: Alakazam|71\/313
|
|turn|14
|choice|move 2|move 1
|
|move|p1a: Alakazam|Thunder Wave|p2a: Gyarados
|-status|p2a: Gyarados|par
|move|p2a: Gyarados|Body Slam|p1a: Alakazam
|-damage|p1a: Alakazam|0 fnt
|faint|p1a: Alakazam
|choice|switch 3|
|
|switch|p1a: Hypno|Hypno|373\/373
|turn|15
|choice|move 3|move 1
|
|move|p2a: Gyarados|Body Slam|p1a: Hypno
|-damage|p1a: Hypno|269\/373
|move|p1a: Hypno|Counter|p2a: Gyarados
|-damage|p2a: Gyarados|185\/393 par
|
|turn|16
|choice|move 4|move 1
|
|move|p1a: Hypno|Hypnosis|p2a: Gyarados|[miss]
|-miss|p1a: Hypno
|move|p2a: Gyarados|Body Slam|p1a: Hypno
|-damage|p1a: Hypno|169\/373
|
|turn|17
|choice|move 3|move 2
|
|move|p2a: Gyarados|Hyper Beam|p1a: Hypno|[miss]
|-miss|p2a: Gyarados
|move|p1a: Hypno|Counter|p2a: Gyarados
|-fail|p1a: Hypno
|
|turn|18
|choice|switch 6|move 2
|
|switch|p1a: Rhydon|Rhydon|413\/413
|move|p2a: Gyarados|Hyper Beam|p1a: Rhydon
|-resisted|p1a: Rhydon
|-damage|p1a: Rhydon|349\/413
|
|turn|19
|-mustrecharge|p2a: Gyarados
|-mustrecharge|p2a: Gyarados
|choice|move 4|move 1
|
|move|p1a: Rhydon|Substitute|p1a: Rhydon
|-start|p1a: Rhydon|Substitute
|-damage|p1a: Rhydon|246\/413
|cant|p2a: Gyarados|recharge
|
|turn|20
|choice|move 3|move 3
|
|move|p1a: Rhydon|Rock Slide|p2a: Gyarados|[miss]
|-miss|p1a: Rhydon
|cant|p2a: Gyarados|par
|
|turn|21
|choice|move 3|move 3
|
|move|p1a: Rhydon|Rock Slide|p2a: Gyarados
|-supereffective|p2a: Gyarados
|-damage|p2a: Gyarados|0 fnt
|faint|p2a: Gyarados
|choice||switch 3
|
|switch|p2a: Gengar|Gengar|108\/323
|turn|22
|choice|move 2|move 4
|
|move|p2a: Gengar|Mega Drain|p1a: Rhydon
|-supereffective|p1a: Rhydon
|-end|p1a: Rhydon|Substitute
|move|p1a: Rhydon|Earthquake|p2a: Gengar
|-supereffective|p2a: Gengar
|-damage|p2a: Gengar|0 fnt
|faint|p2a: Gengar
|choice||switch 6
|
|switch|p2a: Tauros|Tauros|353\/353
|turn|23
|choice|switch 5|move 2
|
|switch|p1a: Snorlax|Snorlax|299\/523 slp
|move|p2a: Tauros|Earthquake|p1a: Snorlax
|-damage|p1a: Snorlax|189\/523 slp
|
|turn|24
|choice|move 2|move 2
|
|move|p2a: Tauros|Earthquake|p1a: Snorlax
|-damage|p1a: Snorlax|94\/523 slp
|-curestatus|p1a: Snorlax|slp
|
|turn|25
|choice|move 3|move 2
|
|move|p2a: Tauros|Earthquake|p1a: Snorlax
|-damage|p1a: Snorlax|0 fnt
|faint|p1a: Snorlax
|choice|switch 2|
|
|switch|p1a: Starmie|Starmie|15\/323
|turn|26
|choice|move 1|move 3
|
|move|p1a: Starmie|Thunder Wave|p2a: Tauros
|-status|p2a: Tauros|par
|cant|p2a: Tauros|par
|
|turn|27
|choice|move 2|move 3
|
|move|p1a: Starmie|Psychic|p2a: Tauros
|-damage|p2a: Tauros|212\/353 par
|-unboost|p2a: Tauros|spd|1
|-unboost|p2a: Tauros|spa|1
|move|p2a: Tauros|Hyper Beam|p1a: Starmie
|-damage|p1a: Starmie|0 fnt
|faint|p1a: Starmie
|choice|switch 6|
|
|switch|p1a: Hypno|Hypno|169\/373
|turn|28
|choice|move 3|move 3
|
|move|p2a: Tauros|Hyper Beam|p1a: Hypno
|-damage|p1a: Hypno|0 fnt
|faint|p1a: Hypno
|choice|switch 4|
|
|switch|p1a: Tauros|Tauros|353\/353
|turn|29
|c|★kwikwik|is there a glitch with tauros par against hypno ? the speed
|choice|move 1|move 1
|
|move|p1a: Tauros|Body Slam|p2a: Tauros
|-crit|p2a: Tauros
|-damage|p2a: Tauros|28\/353 par
|cant|p2a: Tauros|par
|
|turn|30
|c|★Toonami5|I used counter I think it goes last
|choice|move 1|move 3
|
|move|p1a: Tauros|Body Slam|p2a: Tauros
|-damage|p2a: Tauros|0 fnt
|faint|p2a: Tauros
|c|★kwikwik|oh right
|choice||switch 4
|
|switch|p2a: Chansey|Chansey|703\/703 par
|turn|31
|choice|move 1|move 4
|
|move|p1a: Tauros|Body Slam|p2a: Chansey
|-damage|p2a: Chansey|436\/703 par
|move|p2a: Chansey|Counter|p1a: Tauros
|-damage|p1a: Tauros|0 fnt
|faint|p1a: Tauros
|c|★kwikwik|gg
|choice|switch 5|
|
|switch|p1a: Rhydon|Rhydon|246\/413
|turn|32
|choice|move 4|move 2
|
|move|p1a: Rhydon|Substitute|p1a: Rhydon
|-start|p1a: Rhydon|Substitute
|-damage|p1a: Rhydon|143\/413
|cant|p2a: Chansey|par
|
|turn|33
|choice|move 2|move 2
|
|move|p1a: Rhydon|Earthquake|p2a: Chansey
|-damage|p2a: Chansey|46\/703 par
|move|p2a: Chansey|Ice Beam|p1a: Rhydon
|-supereffective|p1a: Rhydon
|-end|p1a: Rhydon|Substitute
|
|turn|34
|choice|move 4|move 2
|
|move|p1a: Rhydon|Substitute|p1a: Rhydon
|-start|p1a: Rhydon|Substitute
|-damage|p1a: Rhydon|40\/413
|move|p2a: Chansey|Ice Beam|p1a: Rhydon
|-supereffective|p1a: Rhydon
|-end|p1a: Rhydon|Substitute
|
|turn|35
|choice|move 2|move 2
|
|move|p1a: Rhydon|Earthquake|p2a: Chansey
|-damage|p2a: Chansey|0 fnt
|faint|p2a: Chansey
|choice||switch 2
|
|switch|p2a: Alakazam|Alakazam|143\/313
|turn|36
|choice|move 2|move 1
|
|move|p2a: Alakazam|Psychic|p1a: Rhydon
|-damage|p1a: Rhydon|0 fnt
|faint|p1a: Rhydon
|
|win|kwikwik
|player|p1
|player|p2
|raw|Toonami5's rating: 1157 &rarr; <strong>1122<\/strong><br \/>(-35 for losing)
|raw|kwikwik's rating: 1000 &rarr; <strong>1057<\/strong><br \/>(+57 for winning)
|l|Toonami5