|j|smilzo
|j|marcoasd
|player|p1|smilzo|157
|player|p2|marcoasd|266
|gametype|singles
|gen|1
|tier|[Gen 1] OU
|seed|18032,38910,8841,51274
|rule|Sleep Clause Mod: Limit one foe put to sleep
|rule|Freeze Clause Mod: Limit one foe frozen
|rule|Species Clause: Limit one of each Pokémon
|rule|OHKO Clause: OHKO moves are banned
|rule|Evasion Moves Clause: Evasion moves are banned
|rule|HP Percentage Mod: HP is shown in percentages
|
|start
|switch|p1a: Starmie|Starmie|323\/323
|switch|p2a: Gengar|Gengar, M|323\/323
|turn|1
|c|★smilzo|hf
|c|★marcoasd|U2 electrical storm
|choice|move 1|switch 3
|
|switch|p2a: Chansey|Chansey|703\/703
|move|p1a: Starmie|Thunder Wave|p2a: Chansey
|-status|p2a: Chansey|par
|
|turn|2
|choice|switch 4|move 2
|
|switch|p1a: Chansey|Chansey|703\/703
|move|p2a: Chansey|Ice Beam|p1a: Chansey
|-damage|p1a: Chansey|634\/703
|
|turn|3
|choice|switch 5|switch 4
|
|switch|p1a: Snorlax|Snorlax|523\/523
|switch|p2a: Exeggutor|Exeggutor, M|393\/393
|
|turn|4
|choice|switch 4|move 1
|
|switch|p1a: Starmie|Starmie|323\/323
|move|p2a: Exeggutor|Sleep Powder|p1a: Starmie
|-status|p1a: Starmie|slp
|
|turn|5
|choice|switch 5|switch 6
|
|switch|p1a: Chansey|Chansey|634\/703
|switch|p2a: Snorlax|Snorlax, M|523\/523
|
|turn|6
|choice|move 1|move 3
|
|move|p1a: Chansey|Thunder Wave|p2a: Snorlax
|-status|p2a: Snorlax|par
|cant|p2a: Snorlax|par
|
|turn|7
|choice|move 2|switch 4
|
|switch|p2a: Chansey|Chansey|703\/703 par
|move|p1a: Chansey|Ice Beam|p2a: Chansey
|-damage|p2a: Chansey|632\/703 par
|
|turn|8
|choice|switch 4|move 1
|
|switch|p1a: Snorlax|Snorlax|523\/523
|move|p2a: Chansey|Thunder Wave|p1a: Snorlax
|-status|p1a: Snorlax|par
|
|turn|9
|choice|move 3|switch 4
|
|switch|p2a: Snorlax|Snorlax, M|523\/523 par
|move|p1a: Snorlax|Earthquake|p2a: Snorlax
|-damage|p2a: Snorlax|410\/523 par
|
|turn|10
|choice|move 3|move 1
|
|cant|p1a: Snorlax|par
|cant|p2a: Snorlax|par
|
|turn|11
|choice|move 3|move 1
|
|move|p2a: Snorlax|Body Slam|p1a: Snorlax
|-damage|p1a: Snorlax|392\/523 par
|move|p1a: Snorlax|Earthquake|p2a: Snorlax
|-damage|p2a: Snorlax|309\/523 par
|
|turn|12
|choice|move 2|move 2
|
|move|p1a: Snorlax|Counter|p2a: Snorlax
|-fail|p1a: Snorlax
|cant|p2a: Snorlax|par
|
|turn|13
|c|★smilzo|lmao
|c|★marcoasd|asd
|choice|move 3|move 4
|
|move|p2a: Snorlax|Self-Destruct|p1a: Snorlax
|-damage|p1a: Snorlax|0 fnt
|faint|p1a: Snorlax
|faint|p2a: Snorlax
|choice|switch 4|switch 4
|
|switch|p1a: Chansey|Chansey|634\/703
|switch|p2a: Chansey|Chansey|632\/703 par
|turn|14
|choice|move 2|move 3
|
|move|p1a: Chansey|Ice Beam|p2a: Chansey
|-damage|p2a: Chansey|552\/703 par
|move|p2a: Chansey|Thunderbolt|p1a: Chansey
|-crit|p1a: Chansey
|-damage|p1a: Chansey|482\/703
|
|turn|15
|choice|switch 5|move 2
|
|switch|p1a: Starmie|Starmie|323\/323 slp
|move|p2a: Chansey|Ice Beam|p1a: Starmie
|-resisted|p1a: Starmie
|-damage|p1a: Starmie|286\/323 slp
|
|turn|16
|choice|switch 2|move 2
|
|switch|p1a: Golem|Golem|363\/363
|move|p2a: Chansey|Ice Beam|p1a: Golem
|-supereffective|p1a: Golem
|-damage|p1a: Golem|145\/363
|
|turn|17
|c|★smilzo|cattivone
|c|★marcoasd|un bruttissimo gesto
|choice|move 2|switch 6
|
|switch|p2a: Exeggutor|Exeggutor, M|393\/393
|move|p1a: Golem|Earthquake|p2a: Exeggutor
|-resisted|p2a: Exeggutor
|-damage|p2a: Exeggutor|319\/393
|
|turn|18
|choice|switch 5|move 2
|
|switch|p1a: Chansey|Chansey|482\/703
|move|p2a: Exeggutor|Stun Spore|p1a: Chansey
|-status|p1a: Chansey|par
|
|turn|19
|choice|move 4|move 3
|
|move|p2a: Exeggutor|Psychic|p1a: Chansey
|-damage|p1a: Chansey|359\/703 par
|cant|p1a: Chansey|par
|
|turn|20
|choice|move 4|move 3
|
|move|p2a: Exeggutor|Psychic|p1a: Chansey
|-damage|p1a: Chansey|247\/703 par
|-unboost|p1a: Chansey|spd|1
|-unboost|p1a: Chansey|spa|1
|cant|p1a: Chansey|par
|
|turn|21
|choice|move 4|move 3
|
|move|p2a: Exeggutor|Psychic|p1a: Chansey
|-damage|p1a: Chansey|51\/703 par
|move|p1a: Chansey|Soft-Boiled|p1a: Chansey
|-heal|p1a: Chansey|402\/703 par
|
|turn|22
|choice|move 4|move 3
|
|move|p2a: Exeggutor|Psychic|p1a: Chansey
|-damage|p1a: Chansey|230\/703 par
|-unboost|p1a: Chansey|spd|1
|-unboost|p1a: Chansey|spa|1
|move|p1a: Chansey|Soft-Boiled|p1a: Chansey
|-heal|p1a: Chansey|581\/703 par
|
|turn|23
|choice|switch 2|move 3
|
|switch|p1a: Starmie|Starmie|286\/323 slp
|move|p2a: Exeggutor|Psychic|p1a: Starmie
|-resisted|p1a: Starmie
|-damage|p1a: Starmie|226\/323 slp
|
|turn|24
|choice|switch 2|switch 5
|
|switch|p1a: Chansey|Chansey|581\/703 par
|switch|p2a: Tauros|Tauros|353\/353
|
|turn|25
|choice|move 1|move 2
|
|move|p2a: Tauros|Earthquake|p1a: Chansey
|-damage|p1a: Chansey|364\/703 par
|move|p1a: Chansey|Thunder Wave|p2a: Tauros
|-status|p2a: Tauros|par
|
|turn|26
|choice|switch 5|move 1
|
|switch|p1a: Golem|Golem|145\/363
|cant|p2a: Tauros|par
|
|turn|27
|choice|move 2|move 4
|
|move|p1a: Golem|Earthquake|p2a: Tauros
|-damage|p2a: Tauros|230\/353 par
|move|p2a: Tauros|Blizzard|p1a: Golem
|-supereffective|p1a: Golem
|-damage|p1a: Golem|0 fnt
|faint|p1a: Golem
|choice|switch 6|
|
|switch|p1a: Tauros|Tauros|353\/353
|turn|28
|choice|move 1|move 3
|
|move|p1a: Tauros|Body Slam|p2a: Tauros
|-damage|p2a: Tauros|124\/353 par
|move|p2a: Tauros|Hyper Beam|p1a: Tauros
|-damage|p1a: Tauros|157\/353
|
|turn|29
|-mustrecharge|p2a: Tauros
|-mustrecharge|p2a: Tauros
|choice|move 4|move 1
|
|move|p1a: Tauros|Hyper Beam|p2a: Tauros
|-damage|p2a: Tauros|0 fnt
|faint|p2a: Tauros
|choice||switch 2
|
|switch|p2a: Zapdos|Zapdos|383\/383
|turn|30
|c|★smilzo|doh
|choice|move 1|move 1
|
|move|p1a: Tauros|Body Slam|p2a: Zapdos
|-crit|p2a: Zapdos
|-damage|p2a: Zapdos|154\/383
|move|p2a: Zapdos|Thunderbolt|p1a: Tauros
|-damage|p1a: Tauros|0 fnt
|faint|p1a: Tauros
|choice|switch 5|
|
|switch|p1a: Chansey|Chansey|364\/703 par
|turn|31
|choice|move 4|move 2
|
|move|p2a: Zapdos|Drill Peck|p1a: Chansey
|-damage|p1a: Chansey|139\/703 par
|cant|p1a: Chansey|par
|
|turn|32
|c|★marcoasd|gg penso
|choice|move 4|move 2
|
|move|p2a: Zapdos|Drill Peck|p1a: Chansey
|-damage|p1a: Chansey|0 fnt
|faint|p1a: Chansey
|c|★smilzo|si
|choice|switch 3|
|
|switch|p1a: Exeggutor|Exeggutor|393\/393
|turn|33
|choice|move 3|move 3
|
|move|p2a: Zapdos|Thunder Wave|p1a: Exeggutor
|-status|p1a: Exeggutor|par
|cant|p1a: Exeggutor|par
|
|turn|34
|choice|move 3|switch 6
|
|switch|p2a: Chansey|Chansey|552\/703 par
|move|p1a: Exeggutor|Psychic|p2a: Chansey
|-crit|p2a: Chansey
|-damage|p2a: Chansey|326\/703 par
|
|turn|35
|choice|move 3|move 4
|
|move|p1a: Exeggutor|Psychic|p2a: Chansey
|-damage|p2a: Chansey|202\/703 par
|move|p2a: Chansey|Soft-Boiled|p2a: Chansey
|-heal|p2a: Chansey|553\/703 par
|
|turn|36
|choice|move 3|move 2
|
|cant|p1a: Exeggutor|par
|move|p2a: Chansey|Ice Beam|p1a: Exeggutor
|-supereffective|p1a: Exeggutor
|-damage|p1a: Exeggutor|255\/393 par
|
|turn|37
|choice|move 3|move 2
|
|cant|p1a: Exeggutor|par
|move|p2a: Chansey|Ice Beam|p1a: Exeggutor
|-supereffective|p1a: Exeggutor
|-damage|p1a: Exeggutor|118\/393 par
|
|turn|38
|choice|move 3|move 2
|
|cant|p1a: Exeggutor|par
|cant|p2a: Chansey|par
|
|turn|39
|choice|move 3|switch 3
|
|switch|p2a: Gengar|Gengar, M|323\/323
|move|p1a: Exeggutor|Psychic|p2a: Gengar
|-supereffective|p2a: Gengar
|-damage|p2a: Gengar|128\/323
|
|turn|40
|choice|move 3|move 3
|
|move|p2a: Gengar|Night Shade|p1a: Exeggutor
|-damage|p1a: Exeggutor|18\/393 par
|cant|p1a: Exeggutor|par
|
|turn|41
|choice|move 3|move 3
|
|move|p2a: Gengar|Night Shade|p1a: Exeggutor
|-damage|p1a: Exeggutor|0 fnt
|faint|p1a: Exeggutor
|choice|switch 2|
|
|switch|p1a: Starmie|Starmie|226\/323 slp
|turn|42
|choice|move 2|move 2
|
|cant|p1a: Starmie|slp
|move|p2a: Gengar|Thunderbolt|p1a: Starmie
|-supereffective|p1a: Starmie
|-damage|p1a: Starmie|53\/323 slp
|
|turn|43
|c|★smilzo|gg
|choice|move 2|move 2
|
|cant|p1a: Starmie|slp
|move|p2a: Gengar|Thunderbolt|p1a: Starmie
|-supereffective|p1a: Starmie
|-damage|p1a: Starmie|0 fnt
|faint|p1a: Starmie
|
|win|marcoasd
|player|p1
|player|p2
|j|Le Austin