|join|unfixable
|join|DerpKing
|player|p1|unfixable|#unfixable
|player|p2|DerpKing|108
|gametype|singles
|gen|1
|tier|[Gen 1] OU
|rated
|rule|Sleep Clause Mod: Limit one foe put to sleep
|rule|Freeze Clause Mod: Limit one foe frozen
|rule|Species Clause: Limit one of each Pokémon
|rule|OHKO Clause: OHKO moves are banned
|rule|Evasion Moves Clause: Evasion moves are banned
|rule|HP Percentage Mod: HP is shown in percentages
|
|start
|switch|p1a: Alakazam|Alakazam|313\/313
|switch|p2a: Yo mama|Snorlax|523\/523
|turn|1
|c|★unfixable|gl
|
|move|p1a: Alakazam|Thunder Wave|p2a: Yo mama
|-status|p2a: Yo mama|par
|move|p2a: Yo mama|Amnesia|p2a: Yo mama
|-boost|p2a: Yo mama|spd|2
|-boost|p2a: Yo mama|spa|2
|
|turn|2
|
|switch|p1a: Gengar|Gengar|323\/323
|move|p2a: Yo mama|Body Slam|p1a: Gengar
|-immune|p1a: Gengar|[msg]
|
|turn|3
|
|move|p1a: Gengar|Explosion|p2a: Yo mama
|-damage|p2a: Yo mama|276\/523 par
|faint|p1a: Gengar
|
|switch|p1a: Exeggutor|Exeggutor|393\/393
|turn|4
|
|move|p1a: Exeggutor|Explosion|p2a: Yo mama
|-damage|p2a: Yo mama|0 fnt
|faint|p2a: Yo mama
|faint|p1a: Exeggutor
|
|switch|p2a: McThrusty|Nidoking|365\/365
|switch|p1a: Chansey|Chansey|703\/703
|turn|5
|
|move|p2a: McThrusty|Earthquake|p1a: Chansey
|-crit|p1a: Chansey
|-damage|p1a: Chansey|121\/703
|move|p1a: Chansey|Ice Beam|p2a: McThrusty
|-crit|p2a: McThrusty
|-supereffective|p2a: McThrusty
|-damage|p2a: McThrusty|9\/365
|
|turn|6
|
|move|p2a: McThrusty|Earthquake|p1a: Chansey
|-damage|p1a: Chansey|0 fnt
|faint|p1a: Chansey
|
|switch|p1a: Slowbro|Slowbro|393\/393
|turn|7
|
|move|p2a: McThrusty|Thunderbolt|p1a: Slowbro
|-supereffective|p1a: Slowbro
|-damage|p1a: Slowbro|255\/393
|move|p1a: Slowbro|Amnesia|p1a: Slowbro
|-boost|p1a: Slowbro|spd|2
|-boost|p1a: Slowbro|spa|2
|
|turn|8
|
|move|p2a: McThrusty|Thunderbolt|p1a: Slowbro
|-supereffective|p1a: Slowbro
|-damage|p1a: Slowbro|178\/393
|move|p1a: Slowbro|Surf|p2a: McThrusty
|-supereffective|p2a: McThrusty
|-damage|p2a: McThrusty|0 fnt
|faint|p2a: McThrusty
|
|switch|p2a: Fapdos|Zapdos|383\/383
|turn|9
|
|move|p2a: Fapdos|Thunder Wave|p1a: Slowbro
|-status|p1a: Slowbro|par
|cant|p1a: Slowbro|par
|
|turn|10
|
|move|p2a: Fapdos|Thunderbolt|p1a: Slowbro
|-supereffective|p1a: Slowbro
|-damage|p1a: Slowbro|37\/393 par
|move|p1a: Slowbro|Surf|p2a: Fapdos
|-damage|p2a: Fapdos|227\/383
|
|turn|11
|
|move|p2a: Fapdos|Thunderbolt|p1a: Slowbro
|-supereffective|p1a: Slowbro
|-damage|p1a: Slowbro|0 fnt
|faint|p1a: Slowbro
|
|switch|p1a: Zapdos|Zapdos|383\/383
|turn|12
|
|move|p2a: Fapdos|Thunder Wave|p1a: Zapdos
|-status|p1a: Zapdos|par
|move|p1a: Zapdos|Thunder Wave|p2a: Fapdos
|-status|p2a: Fapdos|par
|
|turn|13
|
|cant|p1a: Zapdos|par
|cant|p2a: Fapdos|par
|
|turn|14
|c|★DerpKing|well, that was a productive round XD
|
|move|p1a: Zapdos|Agility|p1a: Zapdos
|-boost|p1a: Zapdos|spe|2
|cant|p2a: Fapdos|par
|
|turn|15
|
|move|p1a: Zapdos|Thunderbolt|p2a: Fapdos
|-damage|p2a: Fapdos|113\/383 par
|move|p2a: Fapdos|Thunderbolt|p1a: Zapdos
|-crit|p1a: Zapdos
|-damage|p1a: Zapdos|159\/383 par
|
|turn|16
|c|★unfixable|heh
|
|cant|p1a: Zapdos|par
|move|p2a: Fapdos|Thunderbolt|p1a: Zapdos
|-damage|p1a: Zapdos|48\/383 par
|
|turn|17
|
|cant|p1a: Zapdos|par
|move|p2a: Fapdos|Thunderbolt|p1a: Zapdos
|-damage|p1a: Zapdos|0 fnt
|faint|p1a: Zapdos
|
|switch|p1a: Alakazam|Alakazam|313\/313
|turn|18
|c|★unfixable|;
|
|move|p1a: Alakazam|Psychic|p2a: Fapdos
|-damage|p2a: Fapdos|0 fnt
|faint|p2a: Fapdos
|
|switch|p2a: No chansey in hell|Chansey|703\/703
|turn|19
|
|move|p1a: Alakazam|Thunder Wave|p2a: No chansey in hell
|-status|p2a: No chansey in hell|par
|move|p2a: No chansey in hell|Thunder Wave|p1a: Alakazam
|-status|p1a: Alakazam|par
|
|turn|20
|
|cant|p1a: Alakazam|par
|cant|p2a: No chansey in hell|par
|
|turn|21
|
|move|p1a: Alakazam|Psychic|p2a: No chansey in hell
|-damage|p2a: No chansey in hell|569\/703 par
|move|p2a: No chansey in hell|Ice Beam|p1a: Alakazam
|-damage|p1a: Alakazam|249\/313 par
|
|turn|22
|
|move|p1a: Alakazam|Psychic|p2a: No chansey in hell
|-damage|p2a: No chansey in hell|443\/703 par
|-unboost|p2a: No chansey in hell|spd|1
|-unboost|p2a: No chansey in hell|spa|1
|move|p2a: No chansey in hell|Ice Beam|p1a: Alakazam
|-damage|p1a: Alakazam|211\/313 par
|
|turn|23
|
|move|p1a: Alakazam|Psychic|p2a: No chansey in hell
|-damage|p2a: No chansey in hell|255\/703 par
|cant|p2a: No chansey in hell|par
|
|turn|24
|
|move|p1a: Alakazam|Psychic|p2a: No chansey in hell
|-damage|p2a: No chansey in hell|45\/703 par
|move|p2a: No chansey in hell|Ice Beam|p1a: Alakazam
|-crit|p1a: Alakazam
|-damage|p1a: Alakazam|93\/313 par
|
|turn|25
|
|move|p1a: Alakazam|Psychic|p2a: No chansey in hell
|-damage|p2a: No chansey in hell|0 fnt
|faint|p2a: No chansey in hell
|
|switch|p2a: Trogdor|Charizard|359\/359
|turn|26
|
|move|p2a: Trogdor|Earthquake|p1a: Alakazam
|-damage|p1a: Alakazam|0 fnt
|faint|p1a: Alakazam
|
|win|DerpKing
|raw|Ladder updating...
|raw|unfixable's rating: 1091 &rarr; <strong>1063<\/strong><br \/>(-28 for losing)
|raw|DerpKing's rating: 1021 &rarr; <strong>1065<\/strong><br \/>(+44 for winning)
|c|★DerpKing|gg
|leave|unfixable
|player|p1