|join|c353
|join|Feena
|player|p1|c353|167
|player|p2|Feena|263
|gametype|singles
|gen|1
|tier|[Gen 1] OU
|rated
|seed|24082,33807,62035,62974
|rule|Sleep Clause Mod: Limit one foe put to sleep
|rule|Freeze Clause Mod: Limit one foe frozen
|rule|Species Clause: Limit one of each Pokémon
|rule|OHKO Clause: OHKO moves are banned
|rule|Evasion Moves Clause: Evasion moves are banned
|rule|HP Percentage Mod: HP is shown in percentages
|
|start
|switch|p1a: there is no spoon|Alakazam|313\/313
|switch|p2a: Alakazam|Alakazam|313\/313
|turn|1
|c|★c353|glhf
|choice|switch 5|switch 2
|
|switch|p2a: Exeggutor|Exeggutor|393\/393
|switch|p1a: joseph stallin|Chansey|703\/703
|
|turn|2
|choice|switch 3|move 2
|
|switch|p1a: boom n*gga|Exeggutor|393\/393
|move|p2a: Exeggutor|Sleep Powder|p1a: boom n*gga
|-status|p1a: boom n*gga|slp
|
|turn|3
|choice|switch 4|switch 2
|
|switch|p1a: finger lickin good|Snorlax|523\/523
|switch|p2a: Alakazam|Alakazam|313\/313
|
|turn|4
|choice|switch 3|move 1
|
|switch|p1a: joseph stallin|Chansey|703\/703
|move|p2a: Alakazam|Psychic|p1a: joseph stallin
|-damage|p1a: joseph stallin|577\/703
|-unboost|p1a: joseph stallin|spd|1
|-unboost|p1a: joseph stallin|spa|1
|
|turn|5
|choice|switch 5|move 3
|
|switch|p1a: there is no spoon|Alakazam|313\/313
|move|p2a: Alakazam|Thunder Wave|p1a: there is no spoon
|-status|p1a: there is no spoon|par
|
|turn|6
|choice|move 3|move 1
|
|move|p2a: Alakazam|Psychic|p1a: there is no spoon
|-resisted|p1a: there is no spoon
|-damage|p1a: there is no spoon|262\/313 par
|cant|p1a: there is no spoon|par
|
|turn|7
|choice|move 3|move 4
|
|move|p2a: Alakazam|Seismic Toss|p1a: there is no spoon
|-damage|p1a: there is no spoon|162\/313 par
|move|p1a: there is no spoon|Thunder Wave|p2a: Alakazam
|-status|p2a: Alakazam|par
|
|turn|8
|choice|move 2|move 4
|
|cant|p2a: Alakazam|par
|move|p1a: there is no spoon|Recover|p1a: there is no spoon
|-heal|p1a: there is no spoon|313\/313 par
|
|turn|9
|choice|switch 5|move 1
|
|switch|p1a: joseph stallin|Chansey|577\/703
|move|p2a: Alakazam|Psychic|p1a: joseph stallin
|-damage|p1a: joseph stallin|439\/703
|
|turn|10
|choice|move 2|move 3
|
|move|p1a: joseph stallin|Soft-Boiled|p1a: joseph stallin
|-heal|p1a: joseph stallin|703\/703
|cant|p2a: Alakazam|par
|
|turn|11
|choice|move 3|move 3
|
|move|p1a: joseph stallin|Ice Beam|p2a: Alakazam
|-damage|p2a: Alakazam|248\/313 par
|move|p2a: Alakazam|Thunder Wave|p1a: joseph stallin
|-status|p1a: joseph stallin|par
|
|turn|12
|choice|switch 5|move 1
|
|switch|p1a: there is no spoon|Alakazam|313\/313 par
|move|p2a: Alakazam|Psychic|p1a: there is no spoon
|-resisted|p1a: there is no spoon
|-damage|p1a: there is no spoon|259\/313 par
|
|turn|13
|choice|move 1|move 4
|
|move|p2a: Alakazam|Seismic Toss|p1a: there is no spoon
|-damage|p1a: there is no spoon|159\/313 par
|move|p1a: there is no spoon|Psychic|p2a: Alakazam
|-resisted|p2a: Alakazam
|-damage|p2a: Alakazam|196\/313 par
|
|turn|14
|choice|move 2|move 4
|
|cant|p1a: there is no spoon|par
|cant|p2a: Alakazam|par
|
|turn|15
|choice|move 2|move 2
|
|cant|p1a: there is no spoon|par
|move|p2a: Alakazam|Recover|p2a: Alakazam
|-heal|p2a: Alakazam|313\/313 par
|
|turn|16
|choice|move 2|move 4
|
|cant|p1a: there is no spoon|par
|move|p2a: Alakazam|Seismic Toss|p1a: there is no spoon
|-damage|p1a: there is no spoon|59\/313 par
|
|turn|17
|choice|move 2|move 4
|
|move|p1a: there is no spoon|Recover|p1a: there is no spoon
|-heal|p1a: there is no spoon|215\/313 par
|move|p2a: Alakazam|Seismic Toss|p1a: there is no spoon
|-damage|p1a: there is no spoon|115\/313 par
|
|turn|18
|choice|move 2|move 1
|
|move|p1a: there is no spoon|Recover|p1a: there is no spoon
|-heal|p1a: there is no spoon|271\/313 par
|move|p2a: Alakazam|Psychic|p1a: there is no spoon
|-resisted|p1a: there is no spoon
|-damage|p1a: there is no spoon|216\/313 par
|
|turn|19
|choice|move 2|move 4
|
|move|p1a: there is no spoon|Recover|p1a: there is no spoon
|-heal|p1a: there is no spoon|313\/313 par
|move|p2a: Alakazam|Seismic Toss|p1a: there is no spoon
|-damage|p1a: there is no spoon|213\/313 par
|
|turn|20
|choice|move 1|move 4
|
|cant|p1a: there is no spoon|par
|move|p2a: Alakazam|Seismic Toss|p1a: there is no spoon
|-damage|p1a: there is no spoon|113\/313 par
|
|turn|21
|choice|move 2|move 4
|
|cant|p1a: there is no spoon|par
|cant|p2a: Alakazam|par
|
|turn|22
|choice|move 2|move 1
|
|move|p2a: Alakazam|Psychic|p1a: there is no spoon
|-resisted|p1a: there is no spoon
|-damage|p1a: there is no spoon|63\/313 par
|cant|p1a: there is no spoon|par
|
|turn|23
|choice|move 2|move 4
|
|move|p1a: there is no spoon|Recover|p1a: there is no spoon
|-heal|p1a: there is no spoon|219\/313 par
|cant|p2a: Alakazam|par
|
|turn|24
|choice|move 4|move 4
|
|move|p1a: there is no spoon|Seismic Toss|p2a: Alakazam
|-damage|p2a: Alakazam|213\/313 par
|move|p2a: Alakazam|Seismic Toss|p1a: there is no spoon
|-damage|p1a: there is no spoon|119\/313 par
|
|turn|25
|choice|move 2|switch 5
|
|switch|p2a: Snorlax|Snorlax|523\/523
|move|p1a: there is no spoon|Recover|p1a: there is no spoon
|-heal|p1a: there is no spoon|275\/313 par
|
|turn|26
|choice|switch 2|move 1
|
|switch|p1a: rockman|Rhydon|413\/413
|move|p2a: Snorlax|Body Slam|p1a: rockman
|-resisted|p1a: rockman
|-damage|p1a: rockman|368\/413
|-status|p1a: rockman|par
|
|turn|27
|choice|switch 3|move 2
|
|switch|p1a: finger lickin good|Snorlax|523\/523
|move|p2a: Snorlax|Blizzard|p1a: finger lickin good
|-damage|p1a: finger lickin good|424\/523
|
|turn|28
|choice|move 1|switch 2
|
|switch|p2a: Exeggutor|Exeggutor|393\/393
|move|p1a: finger lickin good|Body Slam|p2a: Exeggutor
|-damage|p2a: Exeggutor|275\/393
|-status|p2a: Exeggutor|par
|
|turn|29
|choice|move 1|move 1
|
|move|p1a: finger lickin good|Body Slam|p2a: Exeggutor
|-damage|p2a: Exeggutor|150\/393 par
|move|p2a: Exeggutor|Psychic|p1a: finger lickin good
|-damage|p1a: finger lickin good|255\/523
|
|turn|30
|choice|move 1|move 4
|
|move|p1a: finger lickin good|Body Slam|p2a: Exeggutor
|-damage|p2a: Exeggutor|29\/393 par
|move|p2a: Exeggutor|Explosion|p1a: finger lickin good
|-damage|p1a: finger lickin good|0 fnt
|faint|p1a: finger lickin good
|faint|p2a: Exeggutor
|choice|switch 2|switch 5
|
|switch|p1a: there is no spoon|Alakazam|275\/313 par
|switch|p2a: Alakazam|Alakazam|213\/313 par
|turn|31
|choice|move 1|move 2
|
|move|p2a: Alakazam|Recover|p2a: Alakazam
|-heal|p2a: Alakazam|313\/313 par
|move|p1a: there is no spoon|Psychic|p2a: Alakazam
|-crit|p2a: Alakazam
|-resisted|p2a: Alakazam
|-damage|p2a: Alakazam|205\/313 par
|-unboost|p2a: Alakazam|spd|1
|-unboost|p2a: Alakazam|spa|1
|
|turn|32
|choice|move 1|move 2
|
|move|p1a: there is no spoon|Psychic|p2a: Alakazam
|-resisted|p2a: Alakazam
|-damage|p2a: Alakazam|124\/313 par
|-unboost|p2a: Alakazam|spd|1
|-unboost|p2a: Alakazam|spa|1
|move|p2a: Alakazam|Recover|p2a: Alakazam
|-heal|p2a: Alakazam|280\/313 par
|
|turn|33
|choice|move 1|switch 4
|
|switch|p2a: Chansey|Chansey|703\/703
|move|p1a: there is no spoon|Psychic|p2a: Chansey
|-crit|p2a: Chansey
|-damage|p2a: Chansey|474\/703
|-unboost|p2a: Chansey|spd|1
|-unboost|p2a: Chansey|spa|1
|
|turn|34
|choice|switch 5|move 1
|
|switch|p1a: joseph stallin|Chansey|703\/703 par
|move|p2a: Chansey|Ice Beam|p1a: joseph stallin
|-crit|p1a: joseph stallin
|-damage|p1a: joseph stallin|561\/703 par
|
|turn|35
|choice|move 3|move 4
|
|move|p2a: Chansey|Soft-Boiled|p2a: Chansey
|-heal|p2a: Chansey|703\/703
|cant|p1a: joseph stallin|par
|
|turn|36
|choice|move 3|switch 2
|
|switch|p2a: Snorlax|Snorlax|523\/523
|move|p1a: joseph stallin|Ice Beam|p2a: Snorlax
|-crit|p2a: Snorlax
|-damage|p2a: Snorlax|316\/523
|
|turn|37
|choice|move 3|move 3
|
|move|p2a: Snorlax|Amnesia|p2a: Snorlax
|-boost|p2a: Snorlax|spd|2
|-boost|p2a: Snorlax|spa|2
|move|p1a: joseph stallin|Ice Beam|p2a: Snorlax
|-damage|p2a: Snorlax|268\/523
|
|turn|38
|choice|move 1|move 3
|
|move|p2a: Snorlax|Amnesia|p2a: Snorlax
|-boost|p2a: Snorlax|spd|2
|-boost|p2a: Snorlax|spa|2
|move|p1a: joseph stallin|Thunder Wave|p2a: Snorlax
|-status|p2a: Snorlax|par
|
|turn|39
|choice|switch 3|move 4
|
|switch|p1a: rockman|Rhydon|368\/413 par
|cant|p2a: Snorlax|par
|
|turn|40
|choice|move 1|move 2
|
|move|p1a: rockman|Earthquake|p2a: Snorlax
|-damage|p2a: Snorlax|95\/523 par
|move|p2a: Snorlax|Blizzard|p1a: rockman
|-supereffective|p1a: rockman
|-damage|p1a: rockman|0 fnt
|faint|p1a: rockman
|choice|switch 6|
|
|switch|p1a: cow|Tauros|353\/353
|turn|41
|choice|move 1|switch 3
|
|switch|p2a: Lapras|Lapras|463\/463
|move|p1a: cow|Body Slam|p2a: Lapras
|-crit|p2a: Lapras
|-damage|p2a: Lapras|225\/463
|
|turn|42
|choice|switch 3|move 1
|
|switch|p1a: joseph stallin|Chansey|561\/703 par
|move|p2a: Lapras|Blizzard|p1a: joseph stallin
|-crit|p1a: joseph stallin
|-damage|p1a: joseph stallin|308\/703 par
|
|turn|43
|choice|move 2|switch 3
|
|switch|p2a: Snorlax|Snorlax|95\/523 par
|cant|p1a: joseph stallin|par
|
|turn|44
|choice|move 3|move 1
|
|move|p1a: joseph stallin|Ice Beam|p2a: Snorlax
|-damage|p2a: Snorlax|0 fnt
|faint|p2a: Snorlax
|choice||switch 6
|
|switch|p2a: Tauros|Tauros|353\/353
|turn|45
|choice|switch 4|move 3
|
|switch|p1a: boom n*gga|Exeggutor|393\/393 slp
|move|p2a: Tauros|Hyper Beam|p1a: boom n*gga
|-damage|p1a: boom n*gga|187\/393 slp
|
|turn|46
|-mustrecharge|p2a: Tauros
|-mustrecharge|p2a: Tauros
|choice|move 2|move 1
|
|cant|p2a: Tauros|recharge
|cant|p1a: boom n*gga|slp
|
|turn|47
|choice|move 2|move 1
|
|move|p2a: Tauros|Body Slam|p1a: boom n*gga
|-damage|p1a: boom n*gga|75\/393 slp
|-curestatus|p1a: boom n*gga|slp
|
|turn|48
|choice|move 3|move 1
|
|move|p2a: Tauros|Body Slam|p1a: boom n*gga
|-crit|p1a: boom n*gga
|-damage|p1a: boom n*gga|0 fnt
|faint|p1a: boom n*gga
|choice|switch 3|
|
|switch|p1a: cow|Tauros|353\/353
|turn|49
|choice|move 1|move 1
|
|move|p2a: Tauros|Body Slam|p1a: cow
|-damage|p1a: cow|245\/353
|move|p1a: cow|Body Slam|p2a: Tauros
|-damage|p2a: Tauros|256\/353
|
|turn|50
|choice|move 1|move 1
|
|move|p2a: Tauros|Body Slam|p1a: cow
|-damage|p1a: cow|133\/353
|move|p1a: cow|Body Slam|p2a: Tauros
|-damage|p2a: Tauros|145\/353
|
|turn|51
|choice|move 4|move 3
|
|move|p1a: cow|Hyper Beam|p2a: Tauros
|-damage|p2a: Tauros|0 fnt
|faint|p2a: Tauros
|choice||switch 3
|
|switch|p2a: Lapras|Lapras|225\/463
|turn|52
|choice|move 4|move 1
|
|move|p1a: cow|Hyper Beam|p2a: Lapras
|-damage|p2a: Lapras|14\/463
|move|p2a: Lapras|Blizzard|p1a: cow
|-damage|p1a: cow|0 fnt
|faint|p1a: cow
|choice|switch 5|
|
|switch|p1a: there is no spoon|Alakazam|275\/313 par
|turn|53
|choice|move 4|move 3
|
|move|p2a: Lapras|Confuse Ray|p1a: there is no spoon
|-start|p1a: there is no spoon|confusion
|cant|p1a: there is no spoon|par
|
|turn|54
|choice|move 4|move 2
|
|move|p2a: Lapras|Body Slam|p1a: there is no spoon
|-damage|p1a: there is no spoon|172\/313 par
|-activate|p1a: there is no spoon|confusion
|move|p1a: there is no spoon|Seismic Toss|p2a: Lapras
|-damage|p2a: Lapras|0 fnt
|faint|p2a: Lapras
|choice||switch 4
|
|switch|p2a: Alakazam|Alakazam|280\/313 par
|turn|55
|choice|move 2|move 4
|
|-activate|p1a: there is no spoon|confusion
|-damage|p1a: there is no spoon|135\/313 par|[from] confusion
|cant|p2a: Alakazam|par
|
|turn|56
|choice|move 2|move 4
|
|move|p2a: Alakazam|Seismic Toss|p1a: there is no spoon
|-damage|p1a: there is no spoon|35\/313 par
|-activate|p1a: there is no spoon|confusion
|-damage|p1a: there is no spoon|0 fnt|[from] confusion
|faint|p1a: there is no spoon
|choice|switch 4|
|
|switch|p1a: joseph stallin|Chansey|308\/703 par
|turn|57
|choice|move 2|move 4
|
|move|p2a: Alakazam|Seismic Toss|p1a: joseph stallin
|-damage|p1a: joseph stallin|208\/703 par
|move|p1a: joseph stallin|Soft-Boiled|p1a: joseph stallin
|-heal|p1a: joseph stallin|559\/703 par
|
|turn|58
|choice|move 3|move 1
|
|cant|p2a: Alakazam|par
|move|p1a: joseph stallin|Ice Beam|p2a: Alakazam
|-damage|p2a: Alakazam|218\/313 par
|
|turn|59
|choice|move 4|move 2
|
|move|p2a: Alakazam|Recover|p2a: Alakazam
|-heal|p2a: Alakazam|313\/313 par
|move|p1a: joseph stallin|Thunderbolt|p2a: Alakazam
|-damage|p2a: Alakazam|254\/313 par
|
|turn|60
|choice|move 4|move 1
|
|move|p2a: Alakazam|Psychic|p1a: joseph stallin
|-damage|p1a: joseph stallin|431\/703 par
|move|p1a: joseph stallin|Thunderbolt|p2a: Alakazam
|-damage|p2a: Alakazam|193\/313 par
|
|turn|61
|choice|move 4|move 2
|
|move|p2a: Alakazam|Recover|p2a: Alakazam
|-heal|p2a: Alakazam|313\/313 par
|move|p1a: joseph stallin|Thunderbolt|p2a: Alakazam
|-damage|p2a: Alakazam|247\/313 par
|
|turn|62
|choice|move 4|move 1
|
|move|p2a: Alakazam|Psychic|p1a: joseph stallin
|-crit|p1a: joseph stallin
|-damage|p1a: joseph stallin|193\/703 par
|move|p1a: joseph stallin|Thunderbolt|p2a: Alakazam
|-damage|p2a: Alakazam|186\/313 par
|
|turn|63
|choice|move 2|move 1
|
|cant|p2a: Alakazam|par
|move|p1a: joseph stallin|Soft-Boiled|p1a: joseph stallin
|-heal|p1a: joseph stallin|544\/703 par
|
|turn|64
|choice|move 4|move 1
|
|move|p2a: Alakazam|Psychic|p1a: joseph stallin
|-damage|p1a: joseph stallin|425\/703 par
|cant|p1a: joseph stallin|par
|
|turn|65
|choice|move 4|move 1
|
|cant|p2a: Alakazam|par
|move|p1a: joseph stallin|Thunderbolt|p2a: Alakazam
|-damage|p2a: Alakazam|126\/313 par
|
|turn|66
|choice|move 4|move 2
|
|move|p2a: Alakazam|Recover|p2a: Alakazam
|-heal|p2a: Alakazam|282\/313 par
|move|p1a: joseph stallin|Thunderbolt|p2a: Alakazam
|-damage|p2a: Alakazam|220\/313 par
|
|turn|67
|choice|move 4|move 1
|
|move|p2a: Alakazam|Psychic|p1a: joseph stallin
|-crit|p1a: joseph stallin
|-damage|p1a: joseph stallin|158\/703 par
|move|p1a: joseph stallin|Thunderbolt|p2a: Alakazam
|-damage|p2a: Alakazam|154\/313 par
|
|turn|68
|choice|move 2|move 1
|
|move|p2a: Alakazam|Psychic|p1a: joseph stallin
|-damage|p1a: joseph stallin|30\/703 par
|-unboost|p1a: joseph stallin|spd|1
|-unboost|p1a: joseph stallin|spa|1
|move|p1a: joseph stallin|Soft-Boiled|p1a: joseph stallin
|-heal|p1a: joseph stallin|381\/703 par
|
|turn|69
|choice|move 2|move 1
|
|cant|p2a: Alakazam|par
|move|p1a: joseph stallin|Soft-Boiled|p1a: joseph stallin
|-heal|p1a: joseph stallin|703\/703 par
|
|turn|70
|choice|move 4|move 1
|
|move|p2a: Alakazam|Psychic|p1a: joseph stallin
|-damage|p1a: joseph stallin|511\/703 par
|-unboost|p1a: joseph stallin|spd|1
|-unboost|p1a: joseph stallin|spa|1
|cant|p1a: joseph stallin|par
|
|turn|71
|choice|move 4|move 1
|
|move|p2a: Alakazam|Psychic|p1a: joseph stallin
|-damage|p1a: joseph stallin|263\/703 par
|cant|p1a: joseph stallin|par
|
|turn|72
|choice|move 4|move 1
|
|move|p2a: Alakazam|Psychic|p1a: joseph stallin
|-damage|p1a: joseph stallin|8\/703 par
|move|p1a: joseph stallin|Thunderbolt|p2a: Alakazam
|-damage|p2a: Alakazam|124\/313 par
|
|turn|73
|choice|move 4|move 1
|
|move|p2a: Alakazam|Psychic|p1a: joseph stallin
|-damage|p1a: joseph stallin|0 fnt
|faint|p1a: joseph stallin
|
|win|Feena
|raw|c353's rating: 1135 &rarr; <strong>1105<\/strong><br \/>(-30 for losing)
|raw|Feena's rating: 1057 &rarr; <strong>1095<\/strong><br \/>(+38 for winning)
|c|★Feena|gg
|c|★c353|gg