|j|west1
|j|DerpKing
|player|p1|west1|244
|player|p2|DerpKing|35
|gametype|singles
|gen|1
|tier|[Gen 1] OU
|rated
|seed|
|rule|Sleep Clause Mod: Limit one foe put to sleep
|rule|Freeze Clause Mod: Limit one foe frozen
|rule|Species Clause: Limit one of each Pokémon
|rule|OHKO Clause: OHKO moves are banned
|rule|Evasion Moves Clause: Evasion moves are banned
|rule|HP Percentage Mod: HP is shown in percentages
|
|start
|switch|p1a: Alakazam|Alakazam|100\/100
|switch|p2a: Laprasshole|Lapras|100\/100
|turn|1
|choice||
|
|move|p1a: Alakazam|Psychic|p2a: Laprasshole
|-crit|p2a: Laprasshole
|-damage|p2a: Laprasshole|45\/100
|move|p2a: Laprasshole|Confuse Ray|p1a: Alakazam
|-start|p1a: Alakazam|confusion
|
|turn|2
|choice||
|
|-activate|p1a: Alakazam|confusion
|move|p1a: Alakazam|Psychic|p2a: Laprasshole
|-damage|p2a: Laprasshole|16\/100
|move|p2a: Laprasshole|Surf|p1a: Alakazam
|-damage|p1a: Alakazam|71\/100
|
|turn|3
|choice||
|
|-activate|p1a: Alakazam|confusion
|-damage|p1a: Alakazam|63\/100|[from] confusion
|move|p2a: Laprasshole|Hyper Beam|p1a: Alakazam
|-damage|p1a: Alakazam|8\/100
|
|turn|4
|-mustrecharge|p2a: Laprasshole
|-mustrecharge|p2a: Laprasshole
|choice||
|
|-end|p1a: Alakazam|confusion
|move|p1a: Alakazam|Recover|p1a: Alakazam
|-heal|p1a: Alakazam|58\/100
|cant|p2a: Laprasshole|recharge
|
|turn|5
|choice||
|
|move|p1a: Alakazam|Psychic|p2a: Laprasshole
|-damage|p2a: Laprasshole|0 fnt
|faint|p2a: Laprasshole
|choice||
|
|switch|p2a: Bullsiht|Tauros|100\/100
|turn|6
|choice||
|
|move|p1a: Alakazam|Thunder Wave|p2a: Bullsiht
|-status|p2a: Bullsiht|par
|move|p2a: Bullsiht|Body Slam|p1a: Alakazam
|-crit|p1a: Alakazam
|-damage|p1a: Alakazam|0 fnt
|faint|p1a: Alakazam
|choice||
|
|switch|p1a: Snorlax|Snorlax|100\/100
|turn|7
|choice||
|
|switch|p2a: Bud The Wiser|Slowbro|100\/100
|move|p1a: Snorlax|Body Slam|p2a: Bud The Wiser
|-damage|p2a: Bud The Wiser|74\/100
|
|turn|8
|choice||
|
|switch|p1a: Exeggutor|Exeggutor|100\/100
|move|p2a: Bud The Wiser|Thunder Wave|p1a: Exeggutor
|-status|p1a: Exeggutor|par
|
|turn|9
|choice||
|
|move|p2a: Bud The Wiser|Amnesia|p2a: Bud The Wiser
|-boost|p2a: Bud The Wiser|spd|2
|-boost|p2a: Bud The Wiser|spa|2
|move|p1a: Exeggutor|Sleep Powder|p2a: Bud The Wiser
|-status|p2a: Bud The Wiser|slp
|
|turn|10
|choice||
|
|switch|p1a: Jolteon|Jolteon|100\/100
|cant|p2a: Bud The Wiser|slp
|
|turn|11
|choice||
|
|move|p1a: Jolteon|Thunderbolt|p2a: Bud The Wiser
|-supereffective|p2a: Bud The Wiser
|-damage|p2a: Bud The Wiser|41\/100 slp
|cant|p2a: Bud The Wiser|slp
|
|turn|12
|choice||
|
|switch|p2a: Lumplestiltskin|Snorlax|100\/100
|move|p1a: Jolteon|Thunderbolt|p2a: Lumplestiltskin
|-damage|p2a: Lumplestiltskin|72\/100
|
|turn|13
|choice||
|
|switch|p1a: Exeggutor|Exeggutor|100\/100 par
|move|p2a: Lumplestiltskin|Amnesia|p2a: Lumplestiltskin
|-boost|p2a: Lumplestiltskin|spd|2
|-boost|p2a: Lumplestiltskin|spa|2
|
|turn|14
|choice||
|
|move|p2a: Lumplestiltskin|Amnesia|p2a: Lumplestiltskin
|-boost|p2a: Lumplestiltskin|spd|2
|-boost|p2a: Lumplestiltskin|spa|2
|move|p1a: Exeggutor|Explosion|p2a: Lumplestiltskin
|-damage|p2a: Lumplestiltskin|1\/100
|faint|p1a: Exeggutor
|choice||
|
|switch|p1a: Jolteon|Jolteon|100\/100
|turn|15
|choice||
|
|move|p1a: Jolteon|Thunderbolt|p2a: Lumplestiltskin
|-damage|p2a: Lumplestiltskin|0 fnt
|faint|p2a: Lumplestiltskin
|choice||
|
|switch|p2a: Bullsiht|Tauros|100\/100 par
|turn|16
|choice||
|
|switch|p1a: Snorlax|Snorlax|100\/100
|move|p2a: Bullsiht|Earthquake|p1a: Snorlax
|-damage|p1a: Snorlax|81\/100
|
|turn|17
|choice||
|
|move|p1a: Snorlax|Body Slam|p2a: Bullsiht
|-damage|p2a: Bullsiht|67\/100 par
|move|p2a: Bullsiht|Body Slam|p1a: Snorlax
|-damage|p1a: Snorlax|55\/100
|
|turn|18
|choice||
|
|move|p1a: Snorlax|Body Slam|p2a: Bullsiht
|-damage|p2a: Bullsiht|33\/100 par
|move|p2a: Bullsiht|Body Slam|p1a: Snorlax
|-damage|p1a: Snorlax|32\/100
|
|turn|19
|choice||
|
|move|p1a: Snorlax|Hyper Beam|p2a: Bullsiht
|-damage|p2a: Bullsiht|0 fnt
|faint|p2a: Bullsiht
|choice||
|
|switch|p2a: Spoony Bard|Alakazam|100\/100
|turn|20
|choice||
|
|move|p2a: Spoony Bard|Psychic|p1a: Snorlax
|-damage|p1a: Snorlax|0 fnt
|faint|p1a: Snorlax
|choice||
|
|switch|p1a: Jolteon|Jolteon|100\/100
|turn|21
|choice||
|
|move|p1a: Jolteon|Thunder Wave|p2a: Spoony Bard
|-status|p2a: Spoony Bard|par
|move|p2a: Spoony Bard|Thunder Wave|p1a: Jolteon
|-status|p1a: Jolteon|par
|
|turn|22
|choice||
|
|cant|p1a: Jolteon|par
|move|p2a: Spoony Bard|Psychic|p1a: Jolteon
|-damage|p1a: Jolteon|66\/100 par
|
|turn|23
|choice||
|
|move|p1a: Jolteon|Thunderbolt|p2a: Spoony Bard
|-crit|p2a: Spoony Bard
|-damage|p2a: Spoony Bard|36\/100 par
|move|p2a: Spoony Bard|Psychic|p1a: Jolteon
|-damage|p1a: Jolteon|27\/100 par
|
|turn|24
|choice||
|
|cant|p1a: Jolteon|par
|move|p2a: Spoony Bard|Recover|p2a: Spoony Bard
|-heal|p2a: Spoony Bard|86\/100 par
|
|turn|25
|choice||
|
|move|p1a: Jolteon|Thunderbolt|p2a: Spoony Bard
|-damage|p2a: Spoony Bard|54\/100 par
|move|p2a: Spoony Bard|Psychic|p1a: Jolteon
|-damage|p1a: Jolteon|0 fnt
|faint|p1a: Jolteon
|choice||
|
|switch|p1a: Tauros|Tauros|100\/100
|turn|26
|choice||
|
|move|p1a: Tauros|Hyper Beam|p2a: Spoony Bard
|-damage|p2a: Spoony Bard|0 fnt
|faint|p2a: Spoony Bard
|choice||
|
|switch|p2a: Stupidly fat blob|Chansey|100\/100
|turn|27
|choice||
|
|switch|p1a: Zapdos|Zapdos|100\/100
|move|p2a: Stupidly fat blob|Counter|p1a: Zapdos
|-damage|p1a: Zapdos|13\/100
|
|turn|28
|choice||
|
|move|p1a: Zapdos|Thunder Wave|p2a: Stupidly fat blob
|-status|p2a: Stupidly fat blob|par
|move|p2a: Stupidly fat blob|Seismic Toss|p1a: Zapdos
|-damage|p1a: Zapdos|0 fnt
|faint|p1a: Zapdos
|choice||
|
|switch|p1a: Tauros|Tauros|100\/100
|turn|29
|choice||
|
|move|p1a: Tauros|Earthquake|p2a: Stupidly fat blob
|-crit|p2a: Stupidly fat blob
|-damage|p2a: Stupidly fat blob|44\/100 par
|cant|p2a: Stupidly fat blob|par
|
|turn|30
|choice||
|
|move|p1a: Tauros|Hyper Beam|p2a: Stupidly fat blob|[miss]
|-miss|p1a: Tauros
|move|p2a: Stupidly fat blob|Soft-Boiled|p2a: Stupidly fat blob
|-heal|p2a: Stupidly fat blob|94\/100 par
|
|turn|31
|choice||
|
|move|p1a: Tauros|Earthquake|p2a: Stupidly fat blob
|-crit|p2a: Stupidly fat blob
|-damage|p2a: Stupidly fat blob|39\/100 par
|cant|p2a: Stupidly fat blob|par
|
|turn|32
|choice||
|
|move|p1a: Tauros|Body Slam|p2a: Stupidly fat blob
|-damage|p2a: Stupidly fat blob|1\/100 par
|move|p2a: Stupidly fat blob|Soft-Boiled|p2a: Stupidly fat blob
|-heal|p2a: Stupidly fat blob|51\/100 par
|
|turn|33
|choice||
|
|move|p1a: Tauros|Hyper Beam|p2a: Stupidly fat blob|[miss]
|-miss|p1a: Tauros
|move|p2a: Stupidly fat blob|Soft-Boiled|p2a: Stupidly fat blob
|-heal|p2a: Stupidly fat blob|100\/100 par
|
|turn|34
|choice||
|
|move|p1a: Tauros|Earthquake|p2a: Stupidly fat blob
|-damage|p2a: Stupidly fat blob|70\/100 par
|move|p2a: Stupidly fat blob|Thunder Wave|p1a: Tauros
|-status|p1a: Tauros|par
|
|turn|35
|choice||
|
|cant|p1a: Tauros|par
|move|p2a: Stupidly fat blob|Seismic Toss|p1a: Tauros
|-damage|p1a: Tauros|72\/100 par
|
|turn|36
|choice||
|
|cant|p1a: Tauros|par
|cant|p2a: Stupidly fat blob|par
|
|turn|37
|choice||
|
|move|p1a: Tauros|Earthquake|p2a: Stupidly fat blob
|-damage|p2a: Stupidly fat blob|39\/100 par
|cant|p2a: Stupidly fat blob|par
|
|turn|38
|choice||
|
|move|p1a: Tauros|Hyper Beam|p2a: Stupidly fat blob|[miss]
|-miss|p1a: Tauros
|move|p2a: Stupidly fat blob|Soft-Boiled|p2a: Stupidly fat blob
|-heal|p2a: Stupidly fat blob|89\/100 par
|
|turn|39
|choice||
|
|move|p1a: Tauros|Earthquake|p2a: Stupidly fat blob
|-damage|p2a: Stupidly fat blob|56\/100 par
|move|p2a: Stupidly fat blob|Seismic Toss|p1a: Tauros
|-damage|p1a: Tauros|44\/100 par
|
|turn|40
|choice||
|
|move|p1a: Tauros|Earthquake|p2a: Stupidly fat blob
|-crit|p2a: Stupidly fat blob
|-damage|p2a: Stupidly fat blob|0 fnt
|faint|p2a: Stupidly fat blob
|choice||
|
|switch|p2a: Bud The Wiser|Slowbro|41\/100 slp
|turn|41
|choice||
|
|-curestatus|p2a: Bud The Wiser|slp
|cant|p1a: Tauros|par
|
|turn|42
|choice||
|
|move|p2a: Bud The Wiser|Surf|p1a: Tauros
|-damage|p1a: Tauros|11\/100 par
|move|p1a: Tauros|Body Slam|p2a: Bud The Wiser
|-damage|p2a: Bud The Wiser|19\/100
|
|turn|43
|choice||
|
|move|p2a: Bud The Wiser|Surf|p1a: Tauros
|-damage|p1a: Tauros|0 fnt
|faint|p1a: Tauros
|
|win|DerpKing
|player|p1
|player|p2
|raw|west1's rating: 1179 &rarr; <strong>1149<\/strong><br \/>(-30 for losing)
|raw|DerpKing's rating: 1106 &rarr; <strong>1136<\/strong><br \/>(+30 for winning)
|l|west1
|c|★DerpKing|gg