|join|Broncosfan88
|join|StellarMelon
|player|p1|Broncosfan88|265
|player|p2|StellarMelon|102
|gametype|singles
|gen|1
|tier|[Gen 1] Random Battle
|rated
|seed|64481,51735,25901,65263
|rule|Sleep Clause Mod: Limit one foe put to sleep
|rule|Freeze Clause Mod: Limit one foe frozen
|rule|HP Percentage Mod: HP is shown in percentages
|
|start
|switch|p1a: Zapdos|Zapdos, L79|304\/304
|switch|p2a: Slowbro|Slowbro, L79|312\/312
|turn|1
|choice|move 3|switch 2
|
|switch|p2a: Geodude|Geodude, L96|272\/272
|move|p1a: Zapdos|Thunder Wave|p2a: Geodude
|-immune|p2a: Geodude|[msg]
|
|turn|2
|choice|switch 4|move 4
|
|switch|p1a: Seadra|Seadra, L90|282\/282
|move|p2a: Geodude|Body Slam|p1a: Seadra
|-damage|p1a: Seadra|225\/282
|-status|p1a: Seadra|par
|
|turn|3
|choice|switch 2|switch 6
|
|switch|p2a: Starmie|Starmie, L79|257\/257
|switch|p1a: Victreebel|Victreebel, L85|310\/310
|
|turn|4
|choice|move 1|move 2
|
|move|p2a: Starmie|Blizzard|p1a: Victreebel|[miss]
|-miss|p2a: Starmie
|move|p1a: Victreebel|Razor Leaf|p2a: Starmie
|-crit|p2a: Starmie
|-supereffective|p2a: Starmie
|-damage|p2a: Starmie|16\/257
|
|turn|5
|choice|move 4|switch 3
|
|switch|p2a: Clefairy|Clefairy, L95|326\/326
|move|p1a: Victreebel|Body Slam|p2a: Clefairy
|-damage|p2a: Clefairy|243\/326
|
|turn|6
|choice|move 1|move 3
|
|move|p1a: Victreebel|Razor Leaf|p2a: Clefairy
|-crit|p2a: Clefairy
|-damage|p2a: Clefairy|106\/326
|move|p2a: Clefairy|Thunder Wave|p1a: Victreebel
|-status|p1a: Victreebel|par
|
|turn|7
|choice|move 1|move 1
|
|move|p2a: Clefairy|Blizzard|p1a: Victreebel
|-supereffective|p1a: Victreebel
|-damage|p1a: Victreebel|158\/310 par
|move|p1a: Victreebel|Razor Leaf|p2a: Clefairy
|-crit|p2a: Clefairy
|-damage|p2a: Clefairy|0 fnt
|faint|p2a: Clefairy
|choice||switch 5
|
|switch|p2a: Raticate|Raticate, L85|267\/267
|turn|8
|choice|switch 2|move 3
|
|switch|p1a: Seadra|Seadra, L90|225\/282 par
|move|p2a: Raticate|Hyper Beam|p1a: Seadra
|-crit|p1a: Seadra
|-damage|p1a: Seadra|0 fnt
|faint|p1a: Seadra
|choice|switch 6|
|
|switch|p1a: Clefable|Clefable, L85|335\/335
|turn|9
|c|★StellarMelon|fuck the BRONCOS
|choice|move 3|move 1
|
|move|p2a: Raticate|Super Fang|p1a: Clefable
|-damage|p1a: Clefable|168\/335
|move|p1a: Clefable|Thunder Wave|p2a: Raticate
|-status|p2a: Raticate|par
|
|turn|10
|choice|move 4|move 3
|
|move|p1a: Clefable|Blizzard|p2a: Raticate
|-crit|p2a: Raticate
|-damage|p2a: Raticate|59\/267 par
|move|p2a: Raticate|Hyper Beam|p1a: Clefable
|-crit|p1a: Clefable
|-damage|p1a: Clefable|0 fnt
|faint|p1a: Clefable
|choice|switch 5|
|
|switch|p1a: Hypno|Hypno, L85|318\/318
|turn|11
|choice|move 1|move 4
|
|move|p1a: Hypno|Psychic|p2a: Raticate
|-damage|p2a: Raticate|0 fnt
|faint|p2a: Raticate
|choice||switch 3
|
|switch|p2a: Starmie|Starmie, L79|16\/257
|turn|12
|choice|move 4|move 1
|
|move|p2a: Starmie|Recover|p2a: Starmie
|-heal|p2a: Starmie|144\/257
|move|p1a: Hypno|Thunder Wave|p2a: Starmie
|-status|p2a: Starmie|par
|
|turn|13
|choice|switch 3|move 1
|
|switch|p1a: Pikachu|Pikachu, L96|262\/262
|move|p2a: Starmie|Recover|p2a: Starmie
|-heal|p2a: Starmie|257\/257 par
|
|turn|14
|choice|move 2|switch 4
|
|switch|p2a: Nidoqueen|Nidoqueen, L85|327\/327
|move|p1a: Pikachu|Thunderbolt|p2a: Nidoqueen
|-immune|p2a: Nidoqueen|[msg]
|
|turn|15
|choice|switch 2|move 2
|
|switch|p1a: Victreebel|Victreebel, L85|158\/310 par
|move|p2a: Nidoqueen|Blizzard|p1a: Victreebel
|-supereffective|p1a: Victreebel
|-damage|p1a: Victreebel|14\/310 par
|
|turn|16
|choice|move 1|move 4
|
|move|p2a: Nidoqueen|Body Slam|p1a: Victreebel
|-crit|p1a: Victreebel
|-damage|p1a: Victreebel|0 fnt
|faint|p1a: Victreebel
|choice|switch 3|
|
|switch|p1a: Hypno|Hypno, L85|318\/318
|turn|17
|choice|switch 2|switch 2
|
|switch|p2a: Slowbro|Slowbro, L79|312\/312
|switch|p1a: Pikachu|Pikachu, L96|262\/262
|
|turn|18
|choice|move 4|switch 6
|
|switch|p2a: Geodude|Geodude, L96|272\/272
|move|p1a: Pikachu|Surf|p2a: Geodude
|-supereffective|p2a: Geodude
|-damage|p2a: Geodude|0 fnt
|faint|p2a: Geodude
|choice||switch 2
|
|switch|p2a: Nidoqueen|Nidoqueen, L85|327\/327
|turn|19
|choice|switch 4|move 1
|
|switch|p1a: Zapdos|Zapdos, L79|304\/304
|move|p2a: Nidoqueen|Earthquake|p1a: Zapdos
|-immune|p1a: Zapdos|[msg]
|
|turn|20
|choice|move 2|move 2
|
|move|p1a: Zapdos|Drill Peck|p2a: Nidoqueen
|-damage|p2a: Nidoqueen|258\/327
|move|p2a: Nidoqueen|Blizzard|p1a: Zapdos
|-crit|p1a: Zapdos
|-supereffective|p1a: Zapdos
|-damage|p1a: Zapdos|79\/304
|
|turn|21
|choice|move 2|move 3
|
|move|p1a: Zapdos|Drill Peck|p2a: Nidoqueen
|-damage|p2a: Nidoqueen|181\/327
|move|p2a: Nidoqueen|Thunderbolt|p1a: Zapdos
|-damage|p1a: Zapdos|26\/304
|
|turn|22
|choice|move 2|move 4
|
|move|p1a: Zapdos|Drill Peck|p2a: Nidoqueen
|-damage|p2a: Nidoqueen|106\/327
|move|p2a: Nidoqueen|Body Slam|p1a: Zapdos
|-damage|p1a: Zapdos|0 fnt
|faint|p1a: Zapdos
|choice|switch 4|
|
|switch|p1a: Pikachu|Pikachu, L96|262\/262
|turn|23
|choice|move 2|switch 4
|
|switch|p2a: Starmie|Starmie, L79|257\/257 par
|move|p1a: Pikachu|Thunderbolt|p2a: Starmie
|-supereffective|p2a: Starmie
|-damage|p2a: Starmie|80\/257 par
|
|turn|24
|choice|move 2|move 2
|
|move|p1a: Pikachu|Thunderbolt|p2a: Starmie
|-supereffective|p2a: Starmie
|-damage|p2a: Starmie|0 fnt
|faint|p2a: Starmie
|choice||switch 6
|
|switch|p2a: Slowbro|Slowbro, L79|312\/312
|turn|25
|choice|move 2|move 2
|
|move|p1a: Pikachu|Thunderbolt|p2a: Slowbro
|-supereffective|p2a: Slowbro
|-damage|p2a: Slowbro|102\/312
|move|p2a: Slowbro|Thunder Wave|p1a: Pikachu
|-status|p1a: Pikachu|par
|
|turn|26
|choice|move 4|switch 4
|
|switch|p2a: Nidoqueen|Nidoqueen, L85|106\/327
|move|p1a: Pikachu|Surf|p2a: Nidoqueen
|-supereffective|p2a: Nidoqueen
|-damage|p2a: Nidoqueen|0 fnt
|faint|p2a: Nidoqueen
|choice||switch 4
|
|switch|p2a: Slowbro|Slowbro, L79|102\/312
|turn|27
|choice|move 2|move 3
|
|move|p2a: Slowbro|Rest|p2a: Slowbro
|-status|p2a: Slowbro|slp
|-heal|p2a: Slowbro|312\/312 slp|[silent]
|-status|p2a: Slowbro|slp|[from] move: Rest
|move|p1a: Pikachu|Thunderbolt|p2a: Slowbro
|-supereffective|p2a: Slowbro
|-damage|p2a: Slowbro|98\/312 slp
|
|turn|28
|-message|StellarMelon forfeited.
|
|win|Broncosfan88
|leave|StellarMelon
|player|p2
|raw|Broncosfan88's rating: 1152 &rarr; <strong>1180<\/strong><br \/>(+28 for winning)
|raw|StellarMelon's rating: 1196 &rarr; <strong>1168<\/strong><br \/>(-28 for losing)