|join|Subject Platinum
|join|cosmo797
|player|p1|Subject Platinum|70
|player|p2|cosmo797|70
|gametype|singles
|gen|1
|tier|[Gen 1] Random Battle
|rated
|rule|Sleep Clause Mod: Limit one foe put to sleep
|rule|Freeze Clause Mod: Limit one foe frozen
|rule|HP Percentage Mod: HP is shown in percentages
|
|start
|switch|p1a: Beedrill|Beedrill, L90|300\/300
|switch|p2a: Cloyster|Cloyster, L83|253\/253
|turn|1
|
|move|p1a: Beedrill|Twineedle|p2a: Cloyster
|-damage|p2a: Cloyster|237\/253
|-damage|p2a: Cloyster|221\/253
|-hitcount|p2a: Cloyster|2
|move|p2a: Cloyster|Blizzard|p1a: Beedrill
|-damage|p1a: Beedrill|139\/300
|
|turn|2
|
|move|p1a: Beedrill|Twineedle|p2a: Cloyster
|-damage|p2a: Cloyster|204\/253
|-damage|p2a: Cloyster|187\/253
|-hitcount|p2a: Cloyster|2
|move|p2a: Cloyster|Blizzard|p1a: Beedrill
|-damage|p1a: Beedrill|0 fnt
|faint|p1a: Beedrill
|
|switch|p1a: Gyarados|Gyarados, L85|335\/335
|turn|3
|
|move|p1a: Gyarados|Thunderbolt|p2a: Cloyster
|-supereffective|p2a: Cloyster
|-damage|p2a: Cloyster|49\/253
|move|p2a: Cloyster|Blizzard|p1a: Gyarados
|-crit|p1a: Gyarados
|-damage|p1a: Gyarados|130\/335
|
|turn|4
|
|move|p1a: Gyarados|Thunderbolt|p2a: Cloyster
|-supereffective|p2a: Cloyster
|-damage|p2a: Cloyster|0 fnt
|faint|p2a: Cloyster
|
|switch|p2a: Gyarados|Gyarados, L85|335\/335
|turn|5
|
|move|p2a: Gyarados|Thunderbolt|p1a: Gyarados
|-supereffective|p1a: Gyarados
|-damage|p1a: Gyarados|0 fnt
|faint|p1a: Gyarados
|
|switch|p1a: Seadra|Seadra, L90|282\/282
|turn|6
|
|move|p1a: Seadra|Blizzard|p2a: Gyarados
|-damage|p2a: Gyarados|250\/335
|move|p2a: Gyarados|Thunderbolt|p1a: Seadra
|-supereffective|p1a: Seadra
|-damage|p1a: Seadra|148\/282
|
|turn|7
|
|move|p1a: Seadra|Blizzard|p2a: Gyarados
|-damage|p2a: Gyarados|165\/335
|move|p2a: Gyarados|Thunderbolt|p1a: Seadra
|-supereffective|p1a: Seadra
|-damage|p1a: Seadra|27\/282
|
|turn|8
|
|move|p1a: Seadra|Blizzard|p2a: Gyarados
|-damage|p2a: Gyarados|72\/335
|move|p2a: Gyarados|Thunderbolt|p1a: Seadra
|-supereffective|p1a: Seadra
|-damage|p1a: Seadra|0 fnt
|faint|p1a: Seadra
|
|switch|p1a: Raticate|Raticate, L85|267\/267
|turn|9
|
|move|p1a: Raticate|Body Slam|p2a: Gyarados
|-damage|p2a: Gyarados|0 fnt
|faint|p2a: Gyarados
|
|switch|p2a: Machamp|Machamp, L90|345\/345
|turn|10
|
|switch|p1a: Marowak|Marowak, L90|291\/291
|move|p2a: Machamp|Submission|p1a: Marowak
|-damage|p1a: Marowak|187\/291
|-damage|p2a: Machamp|319\/345|[from] recoil|[of] p1a: Marowak
|
|turn|11
|
|move|p2a: Machamp|Earthquake|p1a: Marowak
|-damage|p1a: Marowak|102\/291
|move|p1a: Marowak|Earthquake|p2a: Machamp
|-damage|p2a: Machamp|219\/345
|
|turn|12
|
|move|p2a: Machamp|Body Slam|p1a: Marowak
|-damage|p1a: Marowak|29\/291
|move|p1a: Marowak|Earthquake|p2a: Machamp
|-damage|p2a: Machamp|117\/345
|
|turn|13
|
|move|p2a: Machamp|Body Slam|p1a: Marowak
|-damage|p1a: Marowak|0 fnt
|faint|p1a: Marowak
|
|switch|p1a: Mankey|Mankey, L96|272\/272
|turn|14
|
|move|p1a: Mankey|Body Slam|p2a: Machamp
|-crit|p2a: Machamp
|-damage|p2a: Machamp|0 fnt
|faint|p2a: Machamp
|
|switch|p2a: Graveler|Graveler, L85|267\/267
|turn|15
|
|move|p1a: Mankey|Submission|p2a: Graveler
|-supereffective|p2a: Graveler
|-damage|p2a: Graveler|108\/267
|-damage|p1a: Mankey|233\/272|[from] recoil|[of] p2a: Graveler
|move|p2a: Graveler|Earthquake|p1a: Mankey
|-damage|p1a: Mankey|72\/272
|
|turn|16
|
|move|p1a: Mankey|Submission|p2a: Graveler
|-supereffective|p2a: Graveler
|-damage|p2a: Graveler|0 fnt
|-damage|p1a: Mankey|45\/272|[from] recoil|[of] p2a: Graveler
|faint|p2a: Graveler
|
|switch|p2a: Nidoran-F|Nidoran-F, L96|300\/300
|turn|17
|
|move|p1a: Mankey|Body Slam|p2a: Nidoran-F
|-damage|p2a: Nidoran-F|221\/300
|move|p2a: Nidoran-F|Body Slam|p1a: Mankey
|-damage|p1a: Mankey|0 fnt
|faint|p1a: Mankey
|
|switch|p1a: Raticate|Raticate, L85|267\/267
|turn|18
|
|move|p1a: Raticate|Body Slam|p2a: Nidoran-F
|-damage|p2a: Nidoran-F|125\/300
|move|p2a: Nidoran-F|Body Slam|p1a: Raticate
|-damage|p1a: Raticate|204\/267
|
|turn|19
|
|move|p1a: Raticate|Hyper Beam|p2a: Nidoran-F
|-damage|p2a: Nidoran-F|0 fnt
|faint|p2a: Nidoran-F
|
|switch|p2a: Mewtwo|Mewtwo, L70|293\/293
|turn|20
|
|move|p2a: Mewtwo|Psychic|p1a: Raticate
|-damage|p1a: Raticate|77\/267
|move|p1a: Raticate|Super Fang|p2a: Mewtwo
|-damage|p2a: Mewtwo|147\/293
|
|turn|21
|
|move|p2a: Mewtwo|Psychic|p1a: Raticate
|-damage|p1a: Raticate|0 fnt
|faint|p1a: Raticate
|
|win|cosmo797