|join|DarthJesus
|join|kid gf lol
|player|p1|DarthJesus|102
|player|p2|kid gf lol|167
|gametype|singles
|gen|1
|tier|[Gen 1] OU (beta)
|rated
|rule|Sleep Clause Mod: Limit one foe put to sleep
|rule|Species Clause: Limit one of each Pokemon
|rule|OHKO Clause: OHKO moves are banned
|rule|Moody Clause: Moody is banned
|rule|Evasion Moves Clause: Evasion moves are banned
|rule|Endless Battle Clause: Forcing endless battles is banned.
|rule|HP Percentage Mod: HP is reported as percentages
|
|start
|switch|p1a: Exeggutor|Exeggutor|393\/393
|switch|p2a: Zam Lead|Alakazam|313\/313
|turn|1
|
|move|p2a: Zam Lead|Seismic Toss|p1a: Exeggutor
|-damage|p1a: Exeggutor|293\/393
|move|p1a: Exeggutor|Sleep Powder|p2a: Zam Lead
|-status|p2a: Zam Lead|slp
|
|turn|2
|
|switch|p2a: Mr Mime|Jynx|333\/333
|move|p1a: Exeggutor|Stun Spore|p2a: Mr Mime|[miss]
|-miss|p1a: Exeggutor
|
|turn|3
|
|switch|p2a: Breakfast Pouch|Chansey|703\/703
|switch|p1a: Chansey|Chansey|703\/703
|
|turn|4
|
|switch|p2a: Mr Mime|Jynx|333\/333
|move|p1a: Chansey|Ice Beam|p2a: Mr Mime
|-resisted|p2a: Mr Mime
|-damage|p2a: Mr Mime|291\/333
|
|turn|5
|
|move|p2a: Mr Mime|Lovely Kiss|p1a: Chansey|[miss]
|-miss|p2a: Mr Mime
|move|p1a: Chansey|Thunder Wave|p2a: Mr Mime
|-status|p2a: Mr Mime|par
|
|turn|6
|
|move|p1a: Chansey|Ice Beam|p2a: Mr Mime
|-resisted|p2a: Mr Mime
|-damage|p2a: Mr Mime|250\/333 par
|move|p2a: Mr Mime|Lovely Kiss|p1a: Chansey
|-status|p1a: Chansey|slp
|
|turn|7
|
|switch|p1a: Lapras|Lapras|463\/463
|move|p2a: Mr Mime|Blizzard|p1a: Lapras
|-resisted|p1a: Lapras
|-damage|p1a: Lapras|426\/463
|
|turn|8
|
|switch|p2a: Breakfast Pouch|Chansey|703\/703
|move|p1a: Lapras|Confuse Ray|p2a: Breakfast Pouch
|-start|p2a: Breakfast Pouch|confusion
|
|turn|9
|
|move|p1a: Lapras|Body Slam|p2a: Breakfast Pouch
|-damage|p2a: Breakfast Pouch|535\/703
|-activate|p2a: Breakfast Pouch|confusion
|move|p2a: Breakfast Pouch|Thunderbolt|p1a: Lapras
|-supereffective|p1a: Lapras
|-damage|p1a: Lapras|263\/463
|
|turn|10
|
|move|p1a: Lapras|Body Slam|p2a: Breakfast Pouch
|-damage|p2a: Breakfast Pouch|369\/703
|-status|p2a: Breakfast Pouch|par
|-activate|p2a: Breakfast Pouch|confusion
|-damage|p2a: Breakfast Pouch|336\/703 par|[from] confusion
|
|turn|11
|
|move|p1a: Lapras|Body Slam|p2a: Breakfast Pouch
|-damage|p2a: Breakfast Pouch|181\/703 par
|-end|p2a: Breakfast Pouch|confusion
|move|p2a: Breakfast Pouch|Soft-Boiled|p2a: Breakfast Pouch
|-heal|p2a: Breakfast Pouch|532\/703 par
|
|turn|12
|
|move|p1a: Lapras|Confuse Ray|p2a: Breakfast Pouch
|-start|p2a: Breakfast Pouch|confusion
|-activate|p2a: Breakfast Pouch|confusion
|-damage|p2a: Breakfast Pouch|502\/703 par|[from] confusion
|
|turn|13
|
|move|p1a: Lapras|Blizzard|p2a: Breakfast Pouch
|-damage|p2a: Breakfast Pouch|377\/703 par
|-end|p2a: Breakfast Pouch|confusion
|move|p2a: Breakfast Pouch|Thunderbolt|p1a: Lapras
|-supereffective|p1a: Lapras
|-damage|p1a: Lapras|95\/463
|-status|p1a: Lapras|par
|
|turn|14
|
|move|p1a: Lapras|Confuse Ray|p2a: Breakfast Pouch
|-start|p2a: Breakfast Pouch|confusion
|-activate|p2a: Breakfast Pouch|confusion
|move|p2a: Breakfast Pouch|Thunderbolt|p1a: Lapras
|-supereffective|p1a: Lapras
|-damage|p1a: Lapras|0 fnt
|faint|p1a: Lapras
|
|
|switch|p1a: Tauros|Tauros|353\/353
|turn|15
|
|switch|p2a: Result of Incest|Exeggutor|393\/393
|move|p1a: Tauros|Hyper Beam|p2a: Result of Incest
|-crit|p2a: Result of Incest
|-damage|p2a: Result of Incest|0 fnt
|faint|p2a: Result of Incest
|
|
|switch|p2a: That's Bull|Tauros|353\/353
|turn|16
|
|switch|p1a: Golem|Golem|363\/363
|move|p2a: That's Bull|Body Slam|p1a: Golem
|-crit|p1a: Golem
|-resisted|p1a: Golem
|-damage|p1a: Golem|274\/363
|
|turn|17
|
|move|p2a: That's Bull|Blizzard|p1a: Golem
|-supereffective|p1a: Golem
|-damage|p1a: Golem|64\/363
|move|p1a: Golem|Explosion|p2a: That's Bull
|-damage|p2a: That's Bull|78\/353
|faint|p1a: Golem
|
|switch|p1a: Tauros|Tauros|353\/353
|turn|18
|
|move|p1a: Tauros|Body Slam|p2a: That's Bull
|-crit|p2a: That's Bull
|-damage|p2a: That's Bull|0 fnt
|faint|p2a: That's Bull
|
|
|switch|p2a: Cleffable|Gengar|323\/323
|turn|19
|
|move|p1a: Tauros|Earthquake|p2a: Cleffable
|-supereffective|p2a: Cleffable
|-damage|p2a: Cleffable|105\/323
|move|p2a: Cleffable|Explosion|p1a: Tauros
|-damage|p1a: Tauros|144\/353
|faint|p2a: Cleffable
|
|switch|p2a: Mr Mime|Jynx|250\/333 par
|turn|20
|
|move|p1a: Tauros|Hyper Beam|p2a: Mr Mime
|-damage|p2a: Mr Mime|0 fnt
|faint|p2a: Mr Mime
|
|
|switch|p2a: Breakfast Pouch|Chansey|377\/703 par
|turn|21
|
|move|p1a: Tauros|Hyper Beam|p2a: Breakfast Pouch
|-damage|p2a: Breakfast Pouch|0 fnt
|faint|p2a: Breakfast Pouch
|
|
|switch|p2a: Zam Lead|Alakazam|313\/313 slp
|turn|22
|
|cant|p2a: Zam Lead|slp
|move|p1a: Tauros|Body Slam|p2a: Zam Lead
|-damage|p2a: Zam Lead|167\/313 slp
|
|turn|23
|
|cant|p2a: Zam Lead|slp
|move|p1a: Tauros|Hyper Beam|p2a: Zam Lead
|-damage|p2a: Zam Lead|0 fnt
|faint|p2a: Zam Lead
|
|win|DarthJesus
|raw|Ladder updating...
|raw|DarthJesus's rating: 1360 &rarr; <strong>1387<\/strong><br \/>(+27 for winning)
|raw|kid gf lol's rating: 1496 &rarr; <strong>1468<\/strong><br \/>(-28 for losing)
|leave|kid gf lol
|player|p2