|j|suckmyfatco_ck
|j|MALESANI
|player|p1|suckmyfatco_ck|25
|player|p2|MALESANI|238
|gametype|singles
|gen|1
|tier|[Gen 1] Random Battle
|rated
|seed|8598,52786,57429,26221
|rule|Sleep Clause Mod: Limit one foe put to sleep
|rule|Freeze Clause Mod: Limit one foe frozen
|rule|HP Percentage Mod: HP is shown in percentages
|
|start
|switch|p1a: Rhydon|Rhydon, L79|328\/328
|switch|p2a: Sandslash|Sandslash, L85|301\/301
|turn|1
|choice|switch 4|move 1
|
|switch|p1a: Venusaur|Venusaur, L85|310\/310
|move|p2a: Sandslash|Earthquake|p1a: Venusaur
|-damage|p1a: Venusaur|193\/310
|
|turn|2
|choice|move 2|switch 2
|
|switch|p2a: Ditto|Ditto, L99|296\/296
|move|p1a: Venusaur|Razor Leaf|p2a: Ditto
|-crit|p2a: Ditto
|-damage|p2a: Ditto|142\/296
|
|turn|3
|choice|move 2|move 1
|
|move|p1a: Venusaur|Razor Leaf|p2a: Ditto
|-crit|p2a: Ditto
|-damage|p2a: Ditto|0 fnt
|faint|p2a: Ditto
|choice||switch 3
|
|switch|p2a: Gengar|Gengar, L79|257\/257
|turn|4
|choice|switch 3|move 1
|
|switch|p1a: Porygon|Porygon, L85|284\/284
|move|p2a: Gengar|Hypnosis|p1a: Porygon
|-status|p1a: Porygon|slp
|
|turn|5
|choice|switch 5|move 2
|
|switch|p1a: Kadabra|Kadabra, L85|242\/242
|move|p2a: Gengar|Thunderbolt|p1a: Kadabra
|-damage|p1a: Kadabra|183\/242
|
|turn|6
|choice|move 1|move 3
|
|move|p1a: Kadabra|Psychic|p2a: Gengar
|-supereffective|p2a: Gengar
|-damage|p2a: Gengar|81\/257
|move|p2a: Gengar|Explosion|p1a: Kadabra
|-damage|p1a: Kadabra|0 fnt
|faint|p1a: Kadabra
|faint|p2a: Gengar
|choice|switch 3|switch 5
|
|switch|p1a: Venusaur|Venusaur, L85|193\/310
|switch|p2a: Articuno|Articuno, L79|304\/304
|turn|7
|choice|switch 6|move 3
|
|switch|p1a: Golduck|Golduck, L85|310\/310
|move|p2a: Articuno|Blizzard|p1a: Golduck
|-crit|p1a: Golduck
|-resisted|p1a: Golduck
|-damage|p1a: Golduck|187\/310
|
|turn|8
|choice|move 3|switch 6
|
|switch|p2a: Jolteon|Jolteon, L79|265\/265
|move|p1a: Golduck|Surf|p2a: Jolteon
|-damage|p2a: Jolteon|178\/265
|
|turn|9
|choice|move 3|move 3
|
|move|p2a: Jolteon|Sand Attack|p1a: Golduck
|-unboost|p1a: Golduck|accuracy|1
|move|p1a: Golduck|Surf|p2a: Jolteon|[miss]
|-miss|p1a: Golduck
|
|turn|10
|choice|switch 4|move 1
|
|switch|p1a: Rhydon|Rhydon, L79|328\/328
|move|p2a: Jolteon|Thunderbolt|p1a: Rhydon
|-immune|p1a: Rhydon|[msg]
|
|turn|11
|choice|move 4|switch 2
|
|switch|p2a: Sandslash|Sandslash, L85|301\/301
|move|p1a: Rhydon|Earthquake|p2a: Sandslash
|-damage|p2a: Sandslash|206\/301
|
|turn|12
|choice|switch 5|move 1
|
|switch|p1a: Porygon|Porygon, L85|284\/284 slp
|move|p2a: Sandslash|Earthquake|p1a: Porygon
|-damage|p1a: Porygon|148\/284 slp
|
|turn|13
|choice|move 4|move 4
|
|move|p2a: Sandslash|Body Slam|p1a: Porygon
|-damage|p1a: Porygon|76\/284 slp
|cant|p1a: Porygon|slp
|
|turn|14
|choice|move 4|move 1
|
|move|p2a: Sandslash|Earthquake|p1a: Porygon
|-damage|p1a: Porygon|0 fnt
|faint|p1a: Porygon
|choice|switch 4|
|
|switch|p1a: Golduck|Golduck, L85|187\/310
|turn|15
|choice|move 3|switch 2
|
|switch|p2a: Jolteon|Jolteon, L79|178\/265
|move|p1a: Golduck|Surf|p2a: Jolteon
|-damage|p2a: Jolteon|100\/265
|
|turn|16
|choice|switch 5|move 3
|
|switch|p1a: Rhydon|Rhydon, L79|328\/328
|move|p2a: Jolteon|Sand Attack|p1a: Rhydon
|-unboost|p1a: Rhydon|accuracy|1
|
|turn|17
|choice|move 3|switch 2
|
|switch|p2a: Sandslash|Sandslash, L85|206\/301
|move|p1a: Rhydon|Rock Slide|p2a: Sandslash
|-resisted|p2a: Sandslash
|-damage|p2a: Sandslash|170\/301
|
|turn|18
|choice|switch 6|move 1
|
|switch|p1a: Venusaur|Venusaur, L85|193\/310
|move|p2a: Sandslash|Earthquake|p1a: Venusaur
|-damage|p1a: Venusaur|69\/310
|
|turn|19
|choice|move 1|switch 6
|
|switch|p2a: Articuno|Articuno, L79|304\/304
|move|p1a: Venusaur|Body Slam|p2a: Articuno
|-damage|p2a: Articuno|248\/304
|
|turn|20
|choice|switch 5|move 3
|
|switch|p1a: Golduck|Golduck, L85|187\/310
|move|p2a: Articuno|Blizzard|p1a: Golduck
|-crit|p1a: Golduck
|-resisted|p1a: Golduck
|-damage|p1a: Golduck|48\/310
|
|turn|21
|c|★suckmyfatco_ck|LOL
|c|★suckmyfatco_ck|2x crit
|choice|move 3|move 3
|
|move|p1a: Golduck|Surf|p2a: Articuno
|-damage|p2a: Articuno|164\/304
|move|p2a: Articuno|Blizzard|p1a: Golduck
|-resisted|p1a: Golduck
|-damage|p1a: Golduck|0 fnt
|faint|p1a: Golduck
|choice|switch 2|
|
|switch|p1a: Weezing|Weezing, L90|300\/300
|turn|22
|choice|move 4|switch 4
|
|switch|p2a: Golem|Golem, L79|288\/288
|move|p1a: Weezing|Fire Blast|p2a: Golem
|-crit|p2a: Golem
|-resisted|p2a: Golem
|-damage|p2a: Golem|176\/288
|
|turn|23
|choice|move 4|move 1
|
|move|p1a: Weezing|Fire Blast|p2a: Golem
|-resisted|p2a: Golem
|-damage|p2a: Golem|118\/288
|move|p2a: Golem|Earthquake|p1a: Weezing
|-supereffective|p1a: Weezing
|-damage|p1a: Weezing|142\/300
|
|turn|24
|choice|switch 6|move 1
|
|switch|p1a: Rhydon|Rhydon, L79|328\/328
|move|p2a: Golem|Earthquake|p1a: Rhydon
|-crit|p1a: Rhydon
|-supereffective|p1a: Rhydon
|-damage|p1a: Rhydon|9\/328
|
|turn|25
|c|★suckmyfatco_ck|LOL suck my cock
|choice|move 4|move 2
|
|move|p2a: Golem|Body Slam|p1a: Rhydon
|-resisted|p1a: Rhydon
|-damage|p1a: Rhydon|0 fnt
|faint|p1a: Rhydon
|-message|suckmyfatco_ck forfeited.
|
|win|MALESANI
|player|p1
|player|p2
|l|suckmyfatco_ck
|raw|suckmyfatco_ck's rating: 1361 &rarr; <strong>1349<\/strong><br \/>(-12 for losing)
|raw|MALESANI's rating: 1506 &rarr; <strong>1518<\/strong><br \/>(+12 for winning)
|c|★MALESANI|you're gay.