|j|SillystringGod
|j|Iocaste
|player|p1|SillystringGod|107
|player|p2|Iocaste|283
|gametype|singles
|gen|1
|tier|[Gen 1] Random Battle
|rated
|seed|15102,12865,50523,13343
|rule|Sleep Clause Mod: Limit one foe put to sleep
|rule|Freeze Clause Mod: Limit one foe frozen
|rule|HP Percentage Mod: HP is shown in percentages
|
|start
|switch|p1a: Mewtwo|Mewtwo, L70|293\/293
|switch|p2a: Dewgong|Dewgong, L85|327\/327
|turn|1
|choice|move 3|move 1
|
|move|p1a: Mewtwo|Thunderbolt|p2a: Dewgong
|-supereffective|p2a: Dewgong
|-damage|p2a: Dewgong|200\/327
|move|p2a: Dewgong|Mimic|p1a: Mewtwo
|-start|p2a: Dewgong|Mimic|Psychic
|
|turn|2
|c|★SillystringGod|best of luck to you =]
|choice|move 3|move 3
|
|move|p1a: Mewtwo|Thunderbolt|p2a: Dewgong
|-crit|p2a: Dewgong
|-supereffective|p2a: Dewgong
|-damage|p2a: Dewgong|0 fnt
|faint|p2a: Dewgong
|choice||switch 3
|
|switch|p2a: Gengar|Gengar, L79|257\/257
|turn|3
|choice|move 1|move 1
|
|move|p2a: Gengar|Hypnosis|p1a: Mewtwo
|-status|p1a: Mewtwo|slp
|cant|p1a: Mewtwo|slp
|
|turn|4
|choice|move 1|move 4
|
|cant|p1a: Mewtwo|slp
|move|p2a: Gengar|Thunderbolt|p1a: Mewtwo
|-damage|p1a: Mewtwo|240\/293 slp
|
|turn|5
|choice|move 1|move 2
|
|cant|p1a: Mewtwo|slp
|move|p2a: Gengar|Psychic|p1a: Mewtwo
|-resisted|p1a: Mewtwo
|-damage|p1a: Mewtwo|212\/293 slp
|
|turn|6
|choice|move 1|move 2
|
|cant|p1a: Mewtwo|slp
|move|p2a: Gengar|Psychic|p1a: Mewtwo
|-crit|p1a: Mewtwo
|-resisted|p1a: Mewtwo
|-damage|p1a: Mewtwo|159\/293 slp
|
|turn|7
|choice|move 1|move 2
|
|move|p2a: Gengar|Psychic|p1a: Mewtwo
|-resisted|p1a: Mewtwo
|-damage|p1a: Mewtwo|132\/293 slp
|cant|p1a: Mewtwo|slp
|
|turn|8
|choice|move 1|move 2
|
|move|p2a: Gengar|Psychic|p1a: Mewtwo
|-resisted|p1a: Mewtwo
|-damage|p1a: Mewtwo|103\/293 slp
|-curestatus|p1a: Mewtwo|slp
|
|turn|9
|choice|move 1|move 1
|
|move|p1a: Mewtwo|Psychic|p2a: Gengar
|-supereffective|p2a: Gengar
|-damage|p2a: Gengar|111\/257
|move|p2a: Gengar|Hypnosis|p1a: Mewtwo
|-status|p1a: Mewtwo|slp
|
|turn|10
|choice|move 1|move 2
|
|cant|p1a: Mewtwo|slp
|move|p2a: Gengar|Psychic|p1a: Mewtwo
|-crit|p1a: Mewtwo
|-resisted|p1a: Mewtwo
|-damage|p1a: Mewtwo|53\/293 slp
|
|turn|11
|choice|switch 5|move 4
|
|switch|p1a: Alakazam|Alakazam, L79|249\/249
|move|p2a: Gengar|Thunderbolt|p1a: Alakazam
|-damage|p1a: Alakazam|189\/249
|
|turn|12
|choice|move 1|switch 2
|
|switch|p2a: Exeggutor|Exeggutor, L79|312\/312
|move|p1a: Alakazam|Psychic|p2a: Exeggutor
|-resisted|p2a: Exeggutor
|-damage|p2a: Exeggutor|271\/312
|
|turn|13
|c|★SillystringGod|nice prediction =]
|choice|move 3|move 2
|
|move|p1a: Alakazam|Thunder Wave|p2a: Exeggutor
|-status|p2a: Exeggutor|par
|move|p2a: Exeggutor|Hyper Beam|p1a: Alakazam
|-damage|p1a: Alakazam|39\/249
|
|turn|14
|-mustrecharge|p2a: Exeggutor
|-mustrecharge|p2a: Exeggutor
|choice|switch 6|move 1
|
|switch|p1a: Arcanine|Arcanine, L85|327\/327
|cant|p2a: Exeggutor|recharge
|
|turn|15
|choice|move 2|move 3
|
|move|p1a: Arcanine|Fire Blast|p2a: Exeggutor
|-supereffective|p2a: Exeggutor
|-damage|p2a: Exeggutor|69\/312 par
|move|p2a: Exeggutor|Psychic|p1a: Arcanine
|-damage|p1a: Arcanine|231\/327
|
|turn|16
|choice|move 3|move 3
|
|move|p1a: Arcanine|Body Slam|p2a: Exeggutor
|-crit|p2a: Exeggutor
|-damage|p2a: Exeggutor|0 fnt
|faint|p2a: Exeggutor
|choice||switch 5
|
|switch|p2a: Lickitung|Lickitung, L90|345\/345
|turn|17
|choice|move 3|move 2
|
|move|p1a: Arcanine|Body Slam|p2a: Lickitung
|-damage|p2a: Lickitung|280\/345
|move|p2a: Lickitung|Earthquake|p1a: Arcanine
|-supereffective|p1a: Arcanine
|-damage|p1a: Arcanine|102\/327
|
|turn|18
|choice|move 1|move 4
|
|move|p1a: Arcanine|Hyper Beam|p2a: Lickitung
|-damage|p2a: Lickitung|165\/345
|move|p2a: Lickitung|Swords Dance|p2a: Lickitung
|-boost|p2a: Lickitung|atk|2
|
|turn|19
|-mustrecharge|p1a: Arcanine
|-mustrecharge|p1a: Arcanine
|choice|move 1|move 2
|
|cant|p1a: Arcanine|recharge
|move|p2a: Lickitung|Earthquake|p1a: Arcanine
|-supereffective|p1a: Arcanine
|-damage|p1a: Arcanine|0 fnt
|faint|p1a: Arcanine
|choice|switch 2|
|
|switch|p1a: Machamp|Machamp, L90|345\/345
|turn|20
|choice|move 4|move 3
|
|move|p1a: Machamp|Earthquake|p2a: Lickitung
|-damage|p2a: Lickitung|58\/345
|move|p2a: Lickitung|Hyper Beam|p1a: Machamp
|-damage|p1a: Machamp|82\/345
|
|turn|21
|-mustrecharge|p2a: Lickitung
|-mustrecharge|p2a: Lickitung
|choice|move 4|move 1
|
|move|p1a: Machamp|Earthquake|p2a: Lickitung
|-damage|p2a: Lickitung|0 fnt
|faint|p2a: Lickitung
|choice||switch 4
|
|switch|p2a: Pidgeot|Pidgeot, L90|333\/333
|turn|22
|choice|move 1|move 2
|
|move|p2a: Pidgeot|Hyper Beam|p1a: Machamp
|-crit|p1a: Machamp
|-damage|p1a: Machamp|0 fnt
|faint|p1a: Machamp
|choice|switch 3|
|
|switch|p1a: Nidoran-M|Nidoran-M, L96|283\/283
|turn|23
|choice|move 4|move 1
|
|move|p2a: Pidgeot|Double-Edge|p1a: Nidoran-M
|-damage|p1a: Nidoran-M|150\/283
|-damage|p2a: Pidgeot|300\/333|[from] recoil|[of] p1a: Nidoran-M
|move|p1a: Nidoran-M|Body Slam|p2a: Pidgeot
|-crit|p2a: Pidgeot
|-damage|p2a: Pidgeot|184\/333
|
|turn|24
|choice|move 4|move 2
|
|move|p2a: Pidgeot|Hyper Beam|p1a: Nidoran-M|[miss]
|-miss|p2a: Pidgeot
|move|p1a: Nidoran-M|Body Slam|p2a: Pidgeot
|-damage|p2a: Pidgeot|125\/333
|
|turn|25
|choice|move 4|move 2
|
|move|p2a: Pidgeot|Hyper Beam|p1a: Nidoran-M
|-damage|p1a: Nidoran-M|0 fnt
|faint|p1a: Nidoran-M
|choice|switch 4|
|
|switch|p1a: Scyther|Scyther, L90|309\/309
|turn|26
|choice|move 1|move 2
|
|move|p1a: Scyther|Hyper Beam|p2a: Pidgeot
|-damage|p2a: Pidgeot|0 fnt
|faint|p2a: Pidgeot
|choice||switch 6
|
|switch|p2a: Nidorino|Nidorino, L90|293\/293
|turn|27
|choice|move 2|move 2
|
|move|p1a: Scyther|Slash|p2a: Nidorino
|-crit|p2a: Nidorino
|-damage|p2a: Nidorino|144\/293
|move|p2a: Nidorino|Blizzard|p1a: Scyther|[miss]
|-miss|p2a: Nidorino
|
|turn|28
|choice|move 2|move 2
|
|move|p1a: Scyther|Slash|p2a: Nidorino
|-crit|p2a: Nidorino
|-damage|p2a: Nidorino|0 fnt
|faint|p2a: Nidorino
|choice||switch 2
|
|switch|p2a: Gengar|Gengar, L79|111\/257
|turn|29
|choice|switch 5|move 4
|
|switch|p1a: Mewtwo|Mewtwo, L70|53\/293 slp
|move|p2a: Gengar|Thunderbolt|p1a: Mewtwo
|-damage|p1a: Mewtwo|0 fnt
|faint|p1a: Mewtwo
|choice|switch 6|
|
|switch|p1a: Alakazam|Alakazam, L79|39\/249
|turn|30
|choice|move 1|move 4
|
|move|p1a: Alakazam|Psychic|p2a: Gengar
|-supereffective|p2a: Gengar
|-damage|p2a: Gengar|0 fnt
|faint|p2a: Gengar
|
|win|SillystringGod
|player|p1
|player|p2
|raw|SillystringGod's rating: 1276 &rarr; <strong>1297<\/strong><br \/>(+21 for winning)
|raw|Iocaste's rating: 1213 &rarr; <strong>1192<\/strong><br \/>(-21 for losing)
|c|★SillystringGod|gg =]
|l|Iocaste