|join|Logikozed
|join|andrewandres
|player|p1|Logikozed|80
|player|p2|andrewandres|1
|gametype|singles
|gen|1
|tier|[Gen 1] Random Battle
|rule|Sleep Clause Mod: Limit one foe put to sleep
|rule|Freeze Clause Mod: Limit one foe frozen
|rule|HP Percentage Mod: HP is shown in percentages
|
|start
|switch|p1a: Tauros|Tauros, L79|280\/280
|switch|p2a: Mankey|Mankey, L96|272\/272
|turn|1
|c|★Logikozed|ojo
|c|★Logikozed|ma tocao la gorda
|join|Subject Platinum
|c|★andrewandres|a mi una mierda de equipo
|join|Yukki's
|c|★andrewandres|como no me ganes
|join|Trainerr22
|c|★andrewandres|es pra matarte
|c| Subject Platinum|Se puede
|c| Subject Platinum|Freeze 'em all
|
|switch|p1a: Beedrill|Beedrill, L90|300\/300
|move|p2a: Mankey|Submission|p1a: Beedrill
|-resisted|p1a: Beedrill
|-damage|p1a: Beedrill|268\/300
|-damage|p2a: Mankey|264\/272|[from] recoil|[of] p1a: Beedrill
|
|turn|2
|
|move|p2a: Mankey|Rock Slide|p1a: Beedrill
|-supereffective|p1a: Beedrill
|-damage|p1a: Beedrill|85\/300
|move|p1a: Beedrill|Swords Dance|p1a: Beedrill
|-boost|p1a: Beedrill|atk|2
|
|turn|3
|join|logane
|leave|logane
|c|★Logikozed|ps ok
|
|switch|p1a: Seaking|Seaking, L90|327\/327
|move|p2a: Mankey|Rock Slide|p1a: Seaking
|-damage|p1a: Seaking|254\/327
|
|turn|4
|join|RivalSilver97
|c| Subject Platinum|Mega beedrill confirmed
|c| RivalSilver97|Lol
|
|move|p2a: Mankey|Body Slam|p1a: Seaking
|-damage|p1a: Seaking|178\/327
|move|p1a: Seaking|Surf|p2a: Mankey
|-damage|p2a: Mankey|127\/272
|
|turn|5
|c|★andrewandres|para que cambias
|c|★andrewandres|melon XD
|
|move|p2a: Mankey|Body Slam|p1a: Seaking
|-damage|p1a: Seaking|104\/327
|move|p1a: Seaking|Hyper Beam|p2a: Mankey
|-damage|p2a: Mankey|0 fnt
|faint|p2a: Mankey
|leave|Yukki's
|c|★Logikozed|porque me lo matas? xD
|c|★andrewandres|preferiblemente
|c|★andrewandres|prefiero a seaking que a la mierda
|join|AleX PoKentrenador
|c|★andrewandres|de la abeja maya
|c|★andrewandres|:V
|
|switch|p2a: Clefairy|Clefairy, L95|326\/326
|turn|6
|c| Subject Platinum|Jajaj
|c|★Logikozed|tio
|c|★Logikozed|en serio me sacas eso xd
|c|★andrewandres|aqui va la putita cosmica
|c|★andrewandres|XD
|leave|RivalSilver97
|
|move|p1a: Seaking|Hyper Beam|p2a: Clefairy
|-damage|p2a: Clefairy|172\/326
|move|p2a: Clefairy|Thunder Wave|p1a: Seaking
|-status|p1a: Seaking|par
|
|turn|7
|-mustrecharge|p1a: Seaking
|-mustrecharge|p1a: Seaking
|
|move|p2a: Clefairy|Thunderbolt|p1a: Seaking
|-crit|p1a: Seaking
|-supereffective|p1a: Seaking
|-damage|p1a: Seaking|0 fnt
|faint|p1a: Seaking
|c|★andrewandres|criticaso
|join|0Pablo1
|c|★Logikozed|xD
|c|★andrewandres|tienes alguno mejor q el tauros ?
|
|switch|p1a: Jynx|Jynx, L79|265\/265
|turn|8
|c|★andrewandres|vale
|c|★andrewandres|xD
|leave|AleX PoKentrenador
|c|★Logikozed|la negrassa
|c|★andrewandres|de un psiquico
|c|★andrewandres|estoy muerto
|c|★andrewandres|ojh si
|c|★andrewandres|la negra
|c|★andrewandres|la gorda
|c|★andrewandres|tu q tienes una ONG ?
|c|★andrewandres|XDXD
|c|★Logikozed|tengo el set ya
|c|★Logikozed|xD
|
|move|p1a: Jynx|Lovely Kiss|p2a: Clefairy|[miss]
|-miss|p1a: Jynx
|move|p2a: Clefairy|Thunder Wave|p1a: Jynx
|-status|p1a: Jynx|par
|
|turn|9
|c|★andrewandres|oh si
|c|★Logikozed|...
|
|move|p2a: Clefairy|Body Slam|p1a: Jynx
|-damage|p1a: Jynx|143\/265 par
|move|p1a: Jynx|Lovely Kiss|p2a: Clefairy
|-status|p2a: Clefairy|slp
|
|turn|10
|join|thedarftsman
|leave|thedarftsman
|c| Subject Platinum|Ke zhukulemto
|join|thedarftsman
|c|★Logikozed|cojones
|
|cant|p2a: Clefairy|slp
|move|p1a: Jynx|Psychic|p2a: Clefairy
|-damage|p2a: Clefairy|79\/326 slp
|
|turn|11
|c| thedarftsman|cuanta homosesualidad
|
|cant|p2a: Clefairy|slp
|move|p1a: Jynx|Psychic|p2a: Clefairy
|-crit|p2a: Clefairy
|-damage|p2a: Clefairy|0 fnt
|faint|p2a: Clefairy
|
|switch|p2a: Pidgeotto|Pidgeotto, L90|297\/297
|turn|12
|
|move|p2a: Pidgeotto|Double-Edge|p1a: Jynx|[miss]
|-miss|p2a: Pidgeotto
|cant|p1a: Jynx|par
|
|turn|13
|c|★Logikozed|xd
|c|★andrewandres|uff
|c|★andrewandres|XDXD
|c| Subject Platinum|Lol
|leave|thedarftsman
|
|move|p2a: Pidgeotto|Double-Edge|p1a: Jynx
|-damage|p1a: Jynx|0 fnt
|-damage|p2a: Pidgeotto|262\/297|[from] recoil|[of] p1a: Jynx
|faint|p1a: Jynx
|
|switch|p1a: Tauros|Tauros, L79|280\/280
|turn|14
|c|★andrewandres|venga
|c|★andrewandres|esa ventisca
|c| Subject Platinum|Tipico ataque con 100 de acc que falla
|c|★andrewandres|que rule ¡¡
|c|★Logikozed|no pasa res
|c|★andrewandres|XDXD
|
|move|p1a: Tauros|Blizzard|p2a: Pidgeotto|[miss]
|-miss|p1a: Tauros
|move|p2a: Pidgeotto|Double-Edge|p1a: Tauros
|-damage|p1a: Tauros|183\/280
|-damage|p2a: Pidgeotto|238\/297|[from] recoil|[of] p1a: Tauros
|
|turn|15
|c|★Logikozed|o si?
|c|★Logikozed|xD
|c|★andrewandres|lol
|
|move|p1a: Tauros|Blizzard|p2a: Pidgeotto
|-supereffective|p2a: Pidgeotto
|-damage|p2a: Pidgeotto|66\/297
|move|p2a: Pidgeotto|Double-Edge|p1a: Tauros
|-damage|p1a: Tauros|85\/280
|-damage|p2a: Pidgeotto|42\/297|[from] recoil|[of] p1a: Tauros
|
|turn|16
|c|★Logikozed|tio
|c|★Logikozed|ps me rayo
|
|move|p1a: Tauros|Body Slam|p2a: Pidgeotto
|-damage|p2a: Pidgeotto|0 fnt
|faint|p2a: Pidgeotto
|
|switch|p2a: Electabuzz|Electabuzz, L85|284\/284
|turn|17
|c|★andrewandres|vamo que nos vamo
|c|★andrewandres|este es el mejor q tengo
|c|★andrewandres|XDXD
|
|switch|p1a: Beedrill|Beedrill, L90|85\/300
|move|p2a: Electabuzz|Thunderbolt|p1a: Beedrill
|-damage|p1a: Beedrill|0 fnt
|faint|p1a: Beedrill
|
|switch|p1a: Chansey|Chansey, L79|557\/557
|turn|18
|c| Subject Platinum|Adios maya
|c|★Logikozed|a la mierda la abeja
|c|★andrewandres|tio
|c|★andrewandres|ataca ya
|c|★andrewandres|XDXD
|c|★Logikozed|mmmm
|c|★andrewandres|tneog un arma secreta
|c|★andrewandres|a arceus
|c|★andrewandres|pero no digas nada
|c|★andrewandres|:V
|
|switch|p2a: Tangela|Tangela, L85|284\/284
|move|p1a: Chansey|Counter|p2a: Tangela
|-fail|p1a: Chansey
|
|turn|19
|c|★Logikozed|no pls
|
|switch|p1a: Tauros|Tauros, L79|85\/280
|move|p2a: Tangela|Stun Spore|p1a: Tauros|[miss]
|-miss|p2a: Tangela
|
|turn|20
|c|★Logikozed|xD
|c|★andrewandres|omayga
|
|move|p1a: Tauros|Hyper Beam|p2a: Tangela
|-damage|p2a: Tangela|162\/284
|move|p2a: Tangela|Stun Spore|p1a: Tauros|[miss]
|-miss|p2a: Tangela
|
|turn|21
|-mustrecharge|p1a: Tauros
|-mustrecharge|p1a: Tauros
|c|★Logikozed|xD
|c|★andrewandres|o
|c|★andrewandres|mai
|c|★andrewandres|ga
|
|cant|p1a: Tauros|recharge
|move|p2a: Tangela|Stun Spore|p1a: Tauros
|-status|p1a: Tauros|par
|
|turn|22
|
|move|p2a: Tangela|Hyper Beam|p1a: Tauros
|-damage|p1a: Tauros|3\/280 par
|move|p1a: Tauros|Blizzard|p2a: Tangela
|-crit|p2a: Tangela
|-supereffective|p2a: Tangela
|-damage|p2a: Tangela|0 fnt
|faint|p2a: Tangela
|c|★Logikozed|OUUUUUUUUUUUUUUUUUUUUUUUUUUUUUUUU
|c|★andrewandres|tendra suerte
|c|★andrewandres|la sorra
|
|switch|p2a: Hitmonchan|Hitmonchan, L90|273\/273
|turn|23
|c|★Logikozed|insultando aqui
|
|move|p2a: Hitmonchan|Body Slam|p1a: Tauros
|-damage|p1a: Tauros|0 fnt
|faint|p1a: Tauros
|
|switch|p1a: Mew|Mew, L74|300\/300
|turn|24
|c| Subject Platinum|Lol
|c|★Logikozed|este ataque es brital
|c|★andrewandres|por falla un puto
|c|★andrewandres|paralizador
|c|★Logikozed|Horn Drill
|c| Subject Platinum|Gtfo
|c|★andrewandres|voy a perder?
|c|★andrewandres|enserio? XD
|c|★Logikozed|me la juego
|c|★Logikozed|30% de precision
|c|★Logikozed|me la pela
|
|switch|p2a: Electabuzz|Electabuzz, L85|284\/284
|move|p1a: Mew|Horn Drill|p2a: Electabuzz
|-immune|p2a: Electabuzz|[ohko]
|
|turn|25
|
|move|p2a: Electabuzz|Thunder Wave|p1a: Mew
|-status|p1a: Mew|par
|move|p1a: Mew|Earthquake|p2a: Electabuzz
|-supereffective|p2a: Electabuzz
|-damage|p2a: Electabuzz|129\/284
|
|turn|26
|c| Subject Platinum|Lel
|c|★Logikozed|ups
|
|move|p2a: Electabuzz|Thunderbolt|p1a: Mew
|-damage|p1a: Mew|195\/300 par
|move|p1a: Mew|Earthquake|p2a: Electabuzz
|-supereffective|p2a: Electabuzz
|-damage|p2a: Electabuzz|0 fnt
|faint|p2a: Electabuzz
|
|switch|p2a: Hitmonchan|Hitmonchan, L90|273\/273
|turn|27
|
|switch|p1a: Chansey|Chansey, L79|557\/557
|move|p2a: Hitmonchan|Seismic Toss|p1a: Chansey
|-damage|p1a: Chansey|467\/557
|
|turn|28
|c| Subject Platinum|andrewandres get rekt
|
|move|p2a: Hitmonchan|Submission|p1a: Chansey
|-supereffective|p1a: Chansey
|-damage|p1a: Chansey|0 fnt
|-damage|p2a: Hitmonchan|157\/273|[from] recoil|[of] p1a: Chansey
|faint|p1a: Chansey
|c|★Logikozed|XD
|
|switch|p1a: Mew|Mew, L74|195\/300 par
|turn|29
|c|★andrewandres|al carajo
|c|★andrewandres|la gorda
|c| Subject Platinum|Loooooool
|c|★andrewandres|XDXD
|
|move|p2a: Hitmonchan|Seismic Toss|p1a: Mew
|-damage|p1a: Mew|105\/300 par
|move|p1a: Mew|Earthquake|p2a: Hitmonchan
|-damage|p2a: Hitmonchan|99\/273
|
|turn|30
|c| Subject Platinum|-42%
|
|move|p2a: Hitmonchan|Body Slam|p1a: Mew
|-damage|p1a: Mew|31\/300 par
|move|p1a: Mew|Soft-Boiled|p1a: Mew
|-heal|p1a: Mew|181\/300 par
|
|turn|31
|c|★Logikozed|VAMOS
|c|★andrewandres|paralizate
|c|★Logikozed|no quiero
|c|★andrewandres|vamoooooos
|c|★andrewandres|siii
|c|★andrewandres|lo presiento
|c|★andrewandres|yo te lo imploro
|c|★andrewandres|haaax
|
|move|p2a: Hitmonchan|Seismic Toss|p1a: Mew
|-damage|p1a: Mew|91\/300 par
|move|p1a: Mew|Soft-Boiled|p1a: Mew
|-heal|p1a: Mew|241\/300 par
|
|turn|32
|c|★Logikozed|XDDDD
|c| Subject Platinum|Fuck
|c|★andrewandres|criticaso
|c|★andrewandres|vamos
|c|★andrewandres|criticaso
|
|move|p2a: Hitmonchan|Body Slam|p1a: Mew
|-damage|p1a: Mew|170\/300 par
|move|p1a: Mew|Swords Dance|p1a: Mew
|-boost|p1a: Mew|atk|2
|
|turn|33
|c|★Logikozed|>:D
|leave|Subject Platinum
|c|★andrewandres|mi utlima oportunidad
|c|★andrewandres|te tienes que apralizard
|c|★andrewandres|para algo te tire
|c|★Logikozed|no me la voy a jugar tt
|c|★andrewandres|onda trueno
|c|★andrewandres|XD
|
|move|p2a: Hitmonchan|Seismic Toss|p1a: Mew
|-damage|p1a: Mew|80\/300 par
|cant|p1a: Mew|par
|
|turn|34
|c|★andrewandres|oh
|c|★Logikozed|tio
|c|★andrewandres|si
|c|★Logikozed|a tomar por culo
|c|★Logikozed|cuando vea un mew le petare el ano
|
|move|p2a: Hitmonchan|Seismic Toss|p1a: Mew
|-damage|p1a: Mew|0 fnt
|faint|p1a: Mew
|
|win|andrewandres