|join|Nanako chan
|join|Mr.Jean
|player|p1|Nanako chan|174
|player|p2|Mr.Jean|290
|gametype|singles
|gen|1
|tier|[Gen 1] OU (beta)
|rated
|rule|Sleep Clause Mod: Limit one foe put to sleep
|rule|Species Clause: Limit one of each Pokémon
|rule|OHKO Clause: OHKO moves are banned
|rule|Evasion Moves Clause: Evasion moves are banned
|rule|HP Percentage Mod: HP is shown in percentages
|
|start
|switch|p1a: ▀█▀ █ ▀█▀ ▄█▀|Jynx|333\/333
|switch|p2a: Exeggutor|Exeggutor|393\/393
|turn|1
|
|switch|p2a: Chansey|Chansey|703\/703
|move|p1a: ▀█▀ █ ▀█▀ ▄█▀|Blizzard|p2a: Chansey
|-damage|p2a: Chansey|581\/703
|-status|p2a: Chansey|frz
|
|turn|2
|
|switch|p2a: Slowbro|Slowbro|393\/393
|move|p1a: ▀█▀ █ ▀█▀ ▄█▀|Substitute|p1a: ▀█▀ █ ▀█▀ ▄█▀
|-start|p1a: ▀█▀ █ ▀█▀ ▄█▀|Substitute
|-damage|p1a: ▀█▀ █ ▀█▀ ▄█▀|250\/333
|
|turn|3
|c|★Nanako chan|oops sorry
|
|move|p1a: ▀█▀ █ ▀█▀ ▄█▀|Lovely Kiss|p2a: Slowbro|[miss]
|-miss|p1a: ▀█▀ █ ▀█▀ ▄█▀
|move|p2a: Slowbro|Amnesia|p2a: Slowbro
|-boost|p2a: Slowbro|spd|2
|-boost|p2a: Slowbro|spa|2
|
|turn|4
|
|move|p1a: ▀█▀ █ ▀█▀ ▄█▀|Lovely Kiss|p2a: Slowbro
|-status|p2a: Slowbro|slp
|cant|p2a: Slowbro|slp
|
|turn|5
|
|switch|p2a: Tauros|Tauros|353\/353
|move|p1a: ▀█▀ █ ▀█▀ ▄█▀|Psychic|p2a: Tauros
|-damage|p2a: Tauros|223\/353
|-unboost|p2a: Tauros|spd|1
|-unboost|p2a: Tauros|spa|1
|
|turn|6
|
|move|p2a: Tauros|Fire Blast|p1a: ▀█▀ █ ▀█▀ ▄█▀
|-supereffective|p1a: ▀█▀ █ ▀█▀ ▄█▀
|-end|p1a: ▀█▀ █ ▀█▀ ▄█▀|Substitute
|move|p1a: ▀█▀ █ ▀█▀ ▄█▀|Blizzard|p2a: Tauros
|-damage|p2a: Tauros|0 fnt
|faint|p2a: Tauros
|
|switch|p2a: Exeggutor|Exeggutor|393\/393
|turn|7
|
|move|p1a: ▀█▀ █ ▀█▀ ▄█▀|Blizzard|p2a: Exeggutor
|-crit|p2a: Exeggutor
|-supereffective|p2a: Exeggutor
|-damage|p2a: Exeggutor|0 fnt
|faint|p2a: Exeggutor
|c|★Nanako chan|i'm so sorry
|
|switch|p2a: Slowbro|Slowbro|393\/393 slp
|turn|8
|
|switch|p2a: Chansey|Chansey|581\/703 frz
|move|p1a: ▀█▀ █ ▀█▀ ▄█▀|Substitute|p1a: ▀█▀ █ ▀█▀ ▄█▀
|-start|p1a: ▀█▀ █ ▀█▀ ▄█▀|Substitute
|-damage|p1a: ▀█▀ █ ▀█▀ ▄█▀|167\/333
|
|turn|9
|
|move|p1a: ▀█▀ █ ▀█▀ ▄█▀|Psychic|p2a: Chansey
|-damage|p2a: Chansey|479\/703 frz
|cant|p2a: Chansey|frz
|
|turn|10
|
|move|p1a: ▀█▀ █ ▀█▀ ▄█▀|Blizzard|p2a: Chansey
|-damage|p2a: Chansey|351\/703 frz
|cant|p2a: Chansey|frz
|
|turn|11
|
|move|p1a: ▀█▀ █ ▀█▀ ▄█▀|Psychic|p2a: Chansey
|-damage|p2a: Chansey|256\/703 frz
|-unboost|p2a: Chansey|spd|1
|-unboost|p2a: Chansey|spa|1
|cant|p2a: Chansey|frz
|
|turn|12
|
|move|p1a: ▀█▀ █ ▀█▀ ▄█▀|Psychic|p2a: Chansey
|-damage|p2a: Chansey|109\/703 frz
|cant|p2a: Chansey|frz
|
|turn|13
|
|move|p1a: ▀█▀ █ ▀█▀ ▄█▀|Psychic|p2a: Chansey
|-crit|p2a: Chansey
|-damage|p2a: Chansey|0 fnt
|faint|p2a: Chansey
|
|switch|p2a: Zapdos|Zapdos|383\/383
|turn|14
|
|move|p2a: Zapdos|Thunder Wave|p1a: ▀█▀ █ ▀█▀ ▄█▀
|-status|p1a: ▀█▀ █ ▀█▀ ▄█▀|par
|cant|p1a: ▀█▀ █ ▀█▀ ▄█▀|par
|
|turn|15
|
|move|p2a: Zapdos|Thunderbolt|p1a: ▀█▀ █ ▀█▀ ▄█▀
|-crit|p1a: ▀█▀ █ ▀█▀ ▄█▀
|-end|p1a: ▀█▀ █ ▀█▀ ▄█▀|Substitute
|move|p1a: ▀█▀ █ ▀█▀ ▄█▀|Blizzard|p2a: Zapdos
|-supereffective|p2a: Zapdos
|-damage|p2a: Zapdos|145\/383
|
|turn|16
|
|move|p2a: Zapdos|Thunder|p1a: ▀█▀ █ ▀█▀ ▄█▀
|-damage|p1a: ▀█▀ █ ▀█▀ ▄█▀|4\/333 par
|cant|p1a: ▀█▀ █ ▀█▀ ▄█▀|par
|
|turn|17
|
|switch|p1a: Imma Firin Mah...|Golem|363\/363
|move|p2a: Zapdos|Thunderbolt|p1a: Imma Firin Mah...
|-immune|p1a: Imma Firin Mah...|[msg]
|
|turn|18
|
|switch|p2a: Slowbro|Slowbro|393\/393 slp
|move|p1a: Imma Firin Mah...|Body Slam|p2a: Slowbro
|-damage|p2a: Slowbro|326\/393 slp
|
|turn|19
|-message|Mr.Jean forfeited.
|
|win|Nanako chan
|raw|Ladder updating...
|leave|Mr.Jean
|player|p2
|raw|Nanako chan's rating: 1377 &rarr; <strong>1385<\/strong><br \/>(+8 for winning)
|raw|Mr.Jean's rating: 1117 &rarr; <strong>1107<\/strong><br \/>(-10 for losing)