|join|nice thighs
|join|xordims
|player|p1|nice thighs|241
|player|p2|xordims|2
|gametype|singles
|gen|1
|tier|[Gen 1] Random Battle
|rated
|rule|Sleep Clause Mod: Limit one foe put to sleep
|rule|Freeze Clause Mod: Limit one foe frozen
|rule|HP Percentage Mod: HP is shown in percentages
|
|start
|switch|p1a: Ekans|Ekans, L96|262\/262
|switch|p2a: Oddish|Oddish, L96|281\/281
|turn|1
|
|move|p1a: Ekans|Glare|p2a: Oddish
|-status|p2a: Oddish|par
|cant|p2a: Oddish|par
|
|turn|2
|
|move|p1a: Ekans|Earthquake|p2a: Oddish
|-damage|p2a: Oddish|198\/281 par
|move|p2a: Oddish|Double-Edge|p1a: Ekans
|-damage|p1a: Ekans|177\/262
|-damage|p2a: Oddish|177\/281 par|[from] recoil|[of] p1a: Ekans
|
|turn|3
|
|switch|p2a: Starmie|Starmie, L79|257\/257
|move|p1a: Ekans|Earthquake|p2a: Starmie
|-damage|p2a: Starmie|180\/257
|
|turn|4
|
|switch|p1a: Electabuzz|Electabuzz, L85|284\/284
|move|p2a: Starmie|Thunder Wave|p1a: Electabuzz
|-status|p1a: Electabuzz|par
|
|turn|5
|
|switch|p2a: Oddish|Oddish, L96|177\/281 par
|cant|p1a: Electabuzz|par
|
|turn|6
|
|move|p1a: Electabuzz|Psychic|p2a: Oddish
|-supereffective|p2a: Oddish
|-damage|p2a: Oddish|61\/281 par
|move|p2a: Oddish|Double-Edge|p1a: Electabuzz
|-damage|p1a: Electabuzz|201\/284 par
|-damage|p2a: Oddish|41\/281 par|[from] recoil|[of] p1a: Electabuzz
|
|turn|7
|
|move|p1a: Electabuzz|Seismic Toss|p2a: Oddish
|-damage|p2a: Oddish|0 fnt
|faint|p2a: Oddish
|
|switch|p2a: Magmar|Magmar, L85|284\/284
|turn|8
|
|switch|p1a: Seaking|Seaking, L85|310\/310
|move|p2a: Magmar|Confuse Ray|p1a: Seaking
|-start|p1a: Seaking|confusion
|
|turn|9
|
|move|p2a: Magmar|Body Slam|p1a: Seaking
|-damage|p1a: Seaking|235\/310
|-status|p1a: Seaking|par
|-activate|p1a: Seaking|confusion
|-damage|p1a: Seaking|198\/310 par|[from] confusion
|
|turn|10
|
|move|p2a: Magmar|Hyper Beam|p1a: Seaking|[miss]
|-miss|p2a: Magmar
|-end|p1a: Seaking|confusion
|move|p1a: Seaking|Surf|p2a: Magmar
|-supereffective|p2a: Magmar
|-damage|p2a: Magmar|109\/284
|
|turn|11
|
|move|p2a: Magmar|Hyper Beam|p1a: Seaking
|-damage|p1a: Seaking|62\/310 par
|move|p1a: Seaking|Surf|p2a: Magmar
|-crit|p2a: Magmar
|-supereffective|p2a: Magmar
|-damage|p2a: Magmar|0 fnt
|faint|p2a: Magmar
|
|switch|p2a: Starmie|Starmie, L79|180\/257
|turn|12
|
|move|p2a: Starmie|Thunderbolt|p1a: Seaking
|-crit|p1a: Seaking
|-supereffective|p1a: Seaking
|-damage|p1a: Seaking|0 fnt
|faint|p1a: Seaking
|
|switch|p1a: Electabuzz|Electabuzz, L85|201\/284 par
|turn|13
|
|move|p2a: Starmie|Surf|p1a: Electabuzz
|-damage|p1a: Electabuzz|110\/284 par
|move|p1a: Electabuzz|Thunderbolt|p2a: Starmie
|-supereffective|p2a: Starmie
|-damage|p2a: Starmie|0 fnt
|faint|p2a: Starmie
|
|switch|p2a: Hitmonlee|Hitmonlee, L85|259\/259
|turn|14
|
|move|p2a: Hitmonlee|High Jump Kick|p1a: Electabuzz
|-crit|p1a: Electabuzz
|-damage|p1a: Electabuzz|0 fnt
|faint|p1a: Electabuzz
|
|switch|p1a: Ekans|Ekans, L96|177\/262
|turn|15
|
|move|p2a: Hitmonlee|Substitute|p2a: Hitmonlee
|-start|p2a: Hitmonlee|Substitute
|-damage|p2a: Hitmonlee|195\/259
|move|p1a: Ekans|Glare|p2a: Hitmonlee
|-status|p2a: Hitmonlee|par
|
|turn|16
|
|move|p1a: Ekans|Body Slam|p2a: Hitmonlee
|-end|p2a: Hitmonlee|Substitute
|move|p2a: Hitmonlee|Seismic Toss|p1a: Ekans
|-damage|p1a: Ekans|92\/262
|
|turn|17
|
|move|p1a: Ekans|Earthquake|p2a: Hitmonlee
|-damage|p2a: Hitmonlee|101\/259 par
|cant|p2a: Hitmonlee|par
|
|turn|18
|
|move|p1a: Ekans|Earthquake|p2a: Hitmonlee
|-damage|p2a: Hitmonlee|13\/259 par
|move|p2a: Hitmonlee|Seismic Toss|p1a: Ekans
|-damage|p1a: Ekans|7\/262
|
|turn|19
|
|move|p1a: Ekans|Body Slam|p2a: Hitmonlee
|-damage|p2a: Hitmonlee|0 fnt
|faint|p2a: Hitmonlee
|
|switch|p2a: Tentacruel|Tentacruel, L85|310\/310
|turn|20
|
|move|p2a: Tentacruel|Surf|p1a: Ekans
|-damage|p1a: Ekans|0 fnt
|faint|p1a: Ekans
|
|switch|p1a: Poliwhirl|Poliwhirl, L85|284\/284
|turn|21
|
|switch|p2a: Hitmonchan|Hitmonchan, L85|259\/259
|move|p1a: Poliwhirl|Amnesia|p1a: Poliwhirl
|-boost|p1a: Poliwhirl|spd|2
|-boost|p1a: Poliwhirl|spa|2
|
|turn|22
|
|move|p1a: Poliwhirl|Psychic|p2a: Hitmonchan
|-supereffective|p2a: Hitmonchan
|-damage|p2a: Hitmonchan|0 fnt
|faint|p2a: Hitmonchan
|c|★xordims|gg
|
|switch|p2a: Tentacruel|Tentacruel, L85|310\/310
|turn|23
|
|move|p2a: Tentacruel|Blizzard|p1a: Poliwhirl
|-resisted|p1a: Poliwhirl
|-damage|p1a: Poliwhirl|248\/284
|-status|p1a: Poliwhirl|frz
|cant|p1a: Poliwhirl|frz
|
|turn|24
|
|move|p2a: Tentacruel|Blizzard|p1a: Poliwhirl
|-resisted|p1a: Poliwhirl
|-damage|p1a: Poliwhirl|213\/284 frz
|cant|p1a: Poliwhirl|frz
|
|turn|25
|
|move|p2a: Tentacruel|Hydro Pump|p1a: Poliwhirl|[miss]
|-miss|p2a: Tentacruel
|cant|p1a: Poliwhirl|frz
|
|turn|26
|
|move|p2a: Tentacruel|Hydro Pump|p1a: Poliwhirl
|-crit|p1a: Poliwhirl
|-resisted|p1a: Poliwhirl
|-damage|p1a: Poliwhirl|8\/284 frz
|cant|p1a: Poliwhirl|frz
|
|turn|27
|
|move|p2a: Tentacruel|Surf|p1a: Poliwhirl
|-resisted|p1a: Poliwhirl
|-damage|p1a: Poliwhirl|0 fnt
|faint|p1a: Poliwhirl
|
|switch|p1a: Muk|Muk, L85|352\/352
|turn|28
|
|move|p2a: Tentacruel|Blizzard|p1a: Muk
|-crit|p1a: Muk
|-damage|p1a: Muk|119\/352
|-status|p1a: Muk|frz
|cant|p1a: Muk|frz
|
|turn|29
|leave|nice thighs
|c|★xordims|lol
|player|p1
|-message|nicethighs lost due to inactivity.
|
|win|xordims
|raw|Ladder updating...
|raw|nice thighs's rating: 1267 &rarr; <strong>1240<\/strong><br \/>(-27 for losing)
|raw|xordims's rating: 1241 &rarr; <strong>1268<\/strong><br \/>(+27 for winning)