|j|Fella McFellerson
|j|HusDuk
|player|p1|Fella McFellerson|162
|player|p2|HusDuk|1
|gametype|singles
|gen|1
|tier|[Gen 1] Random Battle
|rated
|seed|15025,56708,22237,64999
|rule|Sleep Clause Mod: Limit one foe put to sleep
|rule|Freeze Clause Mod: Limit one foe frozen
|rule|HP Percentage Mod: HP is shown in percentages
|
|start
|switch|p1a: Clefable|Clefable, L85|335\/335
|switch|p2a: Kadabra|Kadabra, L85|242\/242
|turn|1
|choice|move 4|move 4
|
|move|p2a: Kadabra|Seismic Toss|p1a: Clefable
|-damage|p1a: Clefable|250\/335
|move|p1a: Clefable|Sing|p2a: Kadabra
|-status|p2a: Kadabra|slp
|
|turn|2
|choice|move 3|move 2
|
|cant|p2a: Kadabra|slp
|move|p1a: Clefable|Body Slam|p2a: Kadabra
|-damage|p2a: Kadabra|115\/242 slp
|
|turn|3
|choice|move 3|move 2
|
|cant|p2a: Kadabra|slp
|move|p1a: Clefable|Body Slam|p2a: Kadabra
|-damage|p2a: Kadabra|0 fnt
|faint|p2a: Kadabra
|choice||switch 2
|
|switch|p2a: Machamp|Machamp, L90|345\/345
|turn|4
|choice|move 4|move 3
|
|move|p2a: Machamp|Submission|p1a: Clefable
|-supereffective|p1a: Clefable
|-damage|p1a: Clefable|0 fnt
|-damage|p2a: Machamp|283\/345|[from] recoil|[of] p1a: Clefable
|faint|p1a: Clefable
|choice|switch 2|
|
|switch|p1a: Metapod|Metapod, L99|300\/300
|turn|5
|choice|move 1|move 2
|
|move|p2a: Machamp|Body Slam|p1a: Metapod
|-damage|p1a: Metapod|213\/300
|move|p1a: Metapod|Tackle|p2a: Machamp
|-damage|p2a: Machamp|268\/345
|
|turn|6
|choice|move 1|move 2
|
|move|p2a: Machamp|Body Slam|p1a: Metapod
|-damage|p1a: Metapod|124\/300
|move|p1a: Metapod|Tackle|p2a: Machamp
|-damage|p2a: Machamp|253\/345
|
|turn|7
|choice|move 3|move 2
|
|move|p2a: Machamp|Body Slam|p1a: Metapod
|-damage|p1a: Metapod|21\/300
|move|p1a: Metapod|Harden|p1a: Metapod
|-boost|p1a: Metapod|def|1
|
|turn|8
|choice|move 2|move 2
|
|move|p2a: Machamp|Body Slam|p1a: Metapod
|-damage|p1a: Metapod|0 fnt
|faint|p1a: Metapod
|choice|switch 4|
|
|switch|p1a: Alakazam|Alakazam, L79|249\/249
|turn|9
|choice|move 1|move 2
|
|move|p1a: Alakazam|Psychic|p2a: Machamp
|-supereffective|p2a: Machamp
|-damage|p2a: Machamp|13\/345
|-unboost|p2a: Machamp|spd|1
|-unboost|p2a: Machamp|spa|1
|move|p2a: Machamp|Body Slam|p1a: Alakazam
|-damage|p1a: Alakazam|110\/249
|
|turn|10
|choice|move 4|move 4
|
|move|p1a: Alakazam|Seismic Toss|p2a: Machamp
|-damage|p2a: Machamp|0 fnt
|faint|p2a: Machamp
|choice||switch 5
|
|switch|p2a: Tauros|Tauros, L79|280\/280
|turn|11
|choice|move 1|move 3
|
|move|p1a: Alakazam|Psychic|p2a: Tauros
|-damage|p2a: Tauros|145\/280
|-unboost|p2a: Tauros|spd|1
|-unboost|p2a: Tauros|spa|1
|move|p2a: Tauros|Earthquake|p1a: Alakazam
|-damage|p1a: Alakazam|12\/249
|
|turn|12
|choice|move 1|move 1
|
|move|p1a: Alakazam|Psychic|p2a: Tauros
|-damage|p2a: Tauros|0 fnt
|faint|p2a: Tauros
|-message|HusDuk forfeited.
|
|win|Fella McFellerson
|player|p1
|player|p2
|l|HusDuk
|raw|Fella McFellerson's rating: 1067 &rarr; <strong>1094<\/strong><br \/>(+27 for winning)
|raw|HusDuk's rating: 1030 &rarr; <strong>1017<\/strong><br \/>(-13 for losing)