|j|marcoasd
|j|Agarest
|player|p1|marcoasd|102
|player|p2|Agarest|209
|gametype|singles
|gen|1
|tier|[Gen 1] OU
|seed|
|rule|Sleep Clause Mod: Limit one foe put to sleep
|rule|Freeze Clause Mod: Limit one foe frozen
|rule|Species Clause: Limit one of each Pokémon
|rule|OHKO Clause: OHKO moves are banned
|rule|Evasion Moves Clause: Evasion moves are banned
|rule|HP Percentage Mod: HP is shown in percentages
|
|start
|switch|p1a: Alakazam|Alakazam, M|100\/100
|switch|p2a: Gengar|Gengar|100\/100
|turn|1
|choice||
|
|switch|p2a: Chansey|Chansey|100\/100
|move|p1a: Alakazam|Thunder Wave|p2a: Chansey
|-status|p2a: Chansey|par
|
|turn|2
|j|uDashHD
|choice||
|
|move|p1a: Alakazam|Psychic|p2a: Chansey
|-damage|p2a: Chansey|82\/100 par
|-unboost|p2a: Chansey|spd|1
|-unboost|p2a: Chansey|spa|1
|move|p2a: Chansey|Thunder Wave|p1a: Alakazam
|-status|p1a: Alakazam|par
|
|turn|3
|choice||
|
|move|p1a: Alakazam|Psychic|p2a: Chansey
|-damage|p2a: Chansey|55\/100 par
|cant|p2a: Chansey|par
|
|turn|4
|j|Diegolh
|choice||
|
|switch|p2a: Exeggutor|Exeggutor|100\/100
|move|p1a: Alakazam|Psychic|p2a: Exeggutor
|-resisted|p2a: Exeggutor
|-damage|p2a: Exeggutor|86\/100
|
|turn|5
|choice||
|
|switch|p2a: Chansey|Chansey|55\/100 par
|move|p1a: Alakazam|Seismic Toss|p2a: Chansey
|-damage|p2a: Chansey|41\/100 par
|
|turn|6
|choice||
|
|move|p1a: Alakazam|Psychic|p2a: Chansey
|-damage|p2a: Chansey|24\/100 par
|move|p2a: Chansey|Soft-Boiled|p2a: Chansey
|-heal|p2a: Chansey|73\/100 par
|
|turn|7
|choice||
|
|move|p1a: Alakazam|Psychic|p2a: Chansey
|-damage|p2a: Chansey|55\/100 par
|cant|p2a: Chansey|par
|
|turn|8
|choice||
|
|move|p1a: Alakazam|Psychic|p2a: Chansey
|-crit|p2a: Chansey
|-damage|p2a: Chansey|22\/100 par
|move|p2a: Chansey|Soft-Boiled|p2a: Chansey
|-heal|p2a: Chansey|72\/100 par
|
|turn|9
|choice||
|
|move|p1a: Alakazam|Psychic|p2a: Chansey
|-crit|p2a: Chansey
|-damage|p2a: Chansey|39\/100 par
|move|p2a: Chansey|Soft-Boiled|p2a: Chansey
|-heal|p2a: Chansey|89\/100 par
|
|turn|10
|choice||
|
|cant|p1a: Alakazam|par
|move|p2a: Chansey|Seismic Toss|p1a: Alakazam
|-damage|p1a: Alakazam|69\/100 par
|
|turn|11
|choice||
|
|cant|p1a: Alakazam|par
|cant|p2a: Chansey|par
|
|turn|12
|choice||
|
|cant|p1a: Alakazam|par
|move|p2a: Chansey|Seismic Toss|p1a: Alakazam
|-damage|p1a: Alakazam|37\/100 par
|
|turn|13
|choice||
|
|move|p1a: Alakazam|Recover|p1a: Alakazam
|-heal|p1a: Alakazam|86\/100 par
|move|p2a: Chansey|Seismic Toss|p1a: Alakazam
|-damage|p1a: Alakazam|54\/100 par
|
|turn|14
|choice||
|
|cant|p1a: Alakazam|par
|move|p2a: Chansey|Seismic Toss|p1a: Alakazam
|-damage|p1a: Alakazam|23\/100 par
|
|turn|15
|choice||
|
|switch|p2a: Rhydon|Rhydon|100\/100
|move|p1a: Alakazam|Recover|p1a: Alakazam
|-heal|p1a: Alakazam|72\/100 par
|
|turn|16
|choice||
|
|switch|p1a: Starmie|Starmie|100\/100
|move|p2a: Rhydon|Earthquake|p1a: Starmie
|-damage|p1a: Starmie|49\/100
|
|turn|17
|choice||
|
|switch|p2a: Chansey|Chansey|89\/100 par
|move|p1a: Starmie|Recover|p1a: Starmie
|-heal|p1a: Starmie|99\/100
|
|turn|18
|choice||
|
|switch|p1a: Chansey|Chansey|100\/100
|move|p2a: Chansey|Seismic Toss|p1a: Chansey
|-damage|p1a: Chansey|86\/100
|
|turn|19
|choice||
|
|switch|p1a: Alakazam|Alakazam, M|72\/100 par
|move|p2a: Chansey|Thunder Wave|p1a: Alakazam
|-fail|p1a: Alakazam|par
|
|turn|20
|choice||
|
|move|p1a: Alakazam|Psychic|p2a: Chansey
|-damage|p2a: Chansey|70\/100 par
|move|p2a: Chansey|Seismic Toss|p1a: Alakazam
|-damage|p1a: Alakazam|40\/100 par
|
|turn|21
|choice||
|
|cant|p1a: Alakazam|par
|move|p2a: Chansey|Seismic Toss|p1a: Alakazam
|-damage|p1a: Alakazam|8\/100 par
|
|turn|22
|choice||
|
|switch|p2a: Rhydon|Rhydon|100\/100
|move|p1a: Alakazam|Recover|p1a: Alakazam
|-heal|p1a: Alakazam|58\/100 par
|
|turn|23
|choice||
|
|switch|p1a: Starmie|Starmie|99\/100
|move|p2a: Rhydon|Body Slam|p1a: Starmie
|-damage|p1a: Starmie|71\/100
|
|turn|24
|choice||
|
|switch|p1a: Tauros|Tauros|100\/100
|switch|p2a: Chansey|Chansey|70\/100 par
|
|turn|25
|choice||
|
|switch|p2a: Exeggutor|Exeggutor|86\/100
|move|p1a: Tauros|Earthquake|p2a: Exeggutor
|-resisted|p2a: Exeggutor
|-damage|p2a: Exeggutor|74\/100
|
|turn|26
|l|Diegolh
|choice||
|
|switch|p1a: Alakazam|Alakazam, M|58\/100 par
|move|p2a: Exeggutor|Sleep Powder|p1a: Alakazam
|-fail|p1a: Alakazam
|
|turn|27
|choice||
|
|switch|p2a: Chansey|Chansey|70\/100 par
|move|p1a: Alakazam|Recover|p1a: Alakazam
|-heal|p1a: Alakazam|100\/100 par
|
|turn|28
|choice||
|
|move|p1a: Alakazam|Psychic|p2a: Chansey
|-crit|p2a: Chansey
|-damage|p2a: Chansey|36\/100 par
|move|p2a: Chansey|Seismic Toss|p1a: Alakazam
|-damage|p1a: Alakazam|69\/100 par
|
|turn|29
|choice||
|
|switch|p1a: Tauros|Tauros|100\/100
|move|p2a: Chansey|Soft-Boiled|p2a: Chansey
|-heal|p2a: Chansey|86\/100 par
|
|turn|30
|choice||
|
|move|p1a: Tauros|Earthquake|p2a: Chansey
|-damage|p2a: Chansey|57\/100 par
|move|p2a: Chansey|Thunder Wave|p1a: Tauros
|-status|p1a: Tauros|par
|
|turn|31
|choice||
|
|switch|p2a: Exeggutor|Exeggutor|74\/100
|move|p1a: Tauros|Body Slam|p2a: Exeggutor
|-damage|p2a: Exeggutor|44\/100
|-status|p2a: Exeggutor|par
|
|turn|32
|choice||
|
|switch|p1a: Golem|Golem|100\/100
|move|p2a: Exeggutor|Explosion|p1a: Golem
|-crit|p1a: Golem
|-resisted|p1a: Golem
|-damage|p1a: Golem|41\/100
|faint|p2a: Exeggutor
|choice||
|
|switch|p2a: Tauros|Tauros|100\/100
|turn|33
|choice||
|
|switch|p1a: Starmie|Starmie|71\/100
|move|p2a: Tauros|Blizzard|p1a: Starmie|[miss]
|-miss|p2a: Tauros
|
|turn|34
|j|vinioss
|choice||
|
|switch|p2a: Chansey|Chansey|57\/100 par
|move|p1a: Starmie|Recover|p1a: Starmie
|-heal|p1a: Starmie|100\/100
|
|turn|35
|l|vinioss
|choice||
|
|switch|p1a: Tauros|Tauros|100\/100 par
|move|p2a: Chansey|Seismic Toss|p1a: Tauros
|-damage|p1a: Tauros|72\/100 par
|
|turn|36
|choice||
|
|switch|p2a: Rhydon|Rhydon|100\/100
|cant|p1a: Tauros|par
|
|turn|37
|choice||
|
|move|p2a: Rhydon|Earthquake|p1a: Tauros
|-crit|p1a: Tauros
|-damage|p1a: Tauros|0 fnt
|faint|p1a: Tauros
|choice||
|
|switch|p1a: Starmie|Starmie|100\/100
|turn|38
|choice||
|
|switch|p2a: Chansey|Chansey|57\/100 par
|move|p1a: Starmie|Blizzard|p2a: Chansey
|-damage|p2a: Chansey|44\/100 par
|
|turn|39
|choice||
|
|switch|p1a: Golem|Golem|41\/100
|move|p2a: Chansey|Soft-Boiled|p2a: Chansey
|-heal|p2a: Chansey|94\/100 par
|
|turn|40
|choice||
|
|move|p1a: Golem|Earthquake|p2a: Chansey
|-damage|p2a: Chansey|45\/100 par
|move|p2a: Chansey|Reflect|p2a: Chansey
|-start|p2a: Chansey|Reflect
|
|turn|41
|choice||
|
|move|p1a: Golem|Earthquake|p2a: Chansey
|-crit|p2a: Chansey
|-damage|p2a: Chansey|0 fnt
|faint|p2a: Chansey
|choice||
|
|switch|p2a: Tauros|Tauros|100\/100
|turn|42
|choice||
|
|switch|p1a: Starmie|Starmie|100\/100
|move|p2a: Tauros|Body Slam|p1a: Starmie
|-crit|p1a: Starmie
|-damage|p1a: Starmie|37\/100
|-status|p1a: Starmie|par
|
|turn|43
|choice||
|
|switch|p1a: Zapdos|Zapdos|100\/100
|move|p2a: Tauros|Body Slam|p1a: Zapdos
|-damage|p1a: Zapdos|73\/100
|
|turn|44
|choice||
|
|switch|p2a: Rhydon|Rhydon|100\/100
|switch|p1a: Chansey|Chansey|86\/100
|
|turn|45
|choice||
|
|switch|p2a: Gengar|Gengar|100\/100
|move|p1a: Chansey|Sing|p2a: Gengar
|-status|p2a: Gengar|slp
|
|turn|46
|choice||
|
|cant|p2a: Gengar|slp
|move|p1a: Chansey|Ice Beam|p2a: Gengar
|-damage|p2a: Gengar|80\/100 slp
|
|turn|47
|choice||
|
|switch|p1a: Golem|Golem|41\/100
|cant|p2a: Gengar|slp
|
|turn|48
|choice||
|
|switch|p2a: Tauros|Tauros|100\/100
|move|p1a: Golem|Earthquake|p2a: Tauros
|-damage|p2a: Tauros|66\/100
|
|turn|49
|choice||
|
|switch|p1a: Starmie|Starmie|37\/100 par
|move|p2a: Tauros|Blizzard|p1a: Starmie|[miss]
|-miss|p2a: Tauros
|
|turn|50
|choice||
|
|move|p2a: Tauros|Body Slam|p1a: Starmie
|-damage|p1a: Starmie|2\/100 par
|move|p1a: Starmie|Blizzard|p2a: Tauros|[miss]
|-miss|p1a: Starmie
|
|turn|51
|choice||
|
|move|p2a: Tauros|Body Slam|p1a: Starmie
|-damage|p1a: Starmie|0 fnt
|faint|p1a: Starmie
|choice||
|
|switch|p1a: Chansey|Chansey|86\/100
|turn|52
|choice||
|
|switch|p2a: Gengar|Gengar|80\/100 slp
|move|p1a: Chansey|Thunder Wave|p2a: Gengar
|-fail|p2a: Gengar
|
|turn|53
|choice||
|
|-curestatus|p2a: Gengar|slp
|move|p1a: Chansey|Ice Beam|p2a: Gengar
|-damage|p2a: Gengar|61\/100
|
|turn|54
|choice||
|
|switch|p1a: Alakazam|Alakazam, M|69\/100 par
|move|p2a: Gengar|Night Shade|p1a: Alakazam
|-damage|p1a: Alakazam|37\/100 par
|
|turn|55
|j|fraluni
|choice||
|
|switch|p2a: Rhydon|Rhydon|100\/100
|cant|p1a: Alakazam|par
|
|turn|56
|choice||
|
|move|p2a: Rhydon|Earthquake|p1a: Alakazam
|-damage|p1a: Alakazam|0 fnt
|faint|p1a: Alakazam
|choice||
|
|switch|p1a: Chansey|Chansey|86\/100
|turn|57
|choice||
|
|switch|p2a: Gengar|Gengar|61\/100
|move|p1a: Chansey|Sing|p2a: Gengar
|-status|p2a: Gengar|slp
|
|turn|58
|choice||
|
|cant|p2a: Gengar|slp
|move|p1a: Chansey|Ice Beam|p2a: Gengar
|-damage|p2a: Gengar|41\/100 slp
|
|turn|59
|choice||
|
|-curestatus|p2a: Gengar|slp
|move|p1a: Chansey|Ice Beam|p2a: Gengar
|-damage|p2a: Gengar|21\/100
|-status|p2a: Gengar|frz
|
|turn|60
|choice||
|
|switch|p2a: Slowbro|Slowbro|100\/100
|move|p1a: Chansey|Ice Beam|p2a: Slowbro
|-crit|p2a: Slowbro
|-resisted|p2a: Slowbro
|-damage|p2a: Slowbro|79\/100
|
|turn|61
|choice||
|
|move|p1a: Chansey|Sing|p2a: Slowbro
|-status|p2a: Slowbro|slp
|cant|p2a: Slowbro|slp
|
|turn|62
|choice||
|
|switch|p1a: Golem|Golem|41\/100
|cant|p2a: Slowbro|slp
|
|turn|63
|choice||
|
|switch|p2a: Gengar|Gengar|21\/100 frz
|move|p1a: Golem|Earthquake|p2a: Gengar
|-supereffective|p2a: Gengar
|-damage|p2a: Gengar|0 fnt
|faint|p2a: Gengar
|choice||
|
|switch|p2a: Tauros|Tauros|66\/100
|turn|64
|choice||
|
|switch|p1a: Zapdos|Zapdos|73\/100
|move|p2a: Tauros|Blizzard|p1a: Zapdos|[miss]
|-miss|p2a: Tauros
|
|turn|65
|choice||
|
|switch|p1a: Chansey|Chansey|86\/100
|move|p2a: Tauros|Body Slam|p1a: Chansey
|-damage|p1a: Chansey|47\/100
|
|turn|66
|j|Diegolh
|choice||
|
|switch|p1a: Zapdos|Zapdos|73\/100
|move|p2a: Tauros|Hyper Beam|p1a: Zapdos
|-damage|p1a: Zapdos|24\/100
|
|turn|67
|-mustrecharge|p2a: Tauros
|-mustrecharge|p2a: Tauros
|choice||
|
|cant|p2a: Tauros|recharge
|move|p1a: Zapdos|Thunder Wave|p2a: Tauros
|-status|p2a: Tauros|par
|
|turn|68
|l|uDashHD
|choice||
|
|switch|p1a: Golem|Golem|41\/100
|move|p2a: Tauros|Blizzard|p1a: Golem
|-supereffective|p1a: Golem
|-damage|p1a: Golem|0 fnt
|faint|p1a: Golem
|choice||
|
|switch|p1a: Chansey|Chansey|47\/100
|turn|69
|choice||
|
|switch|p2a: Slowbro|Slowbro|79\/100 slp
|move|p1a: Chansey|Soft-Boiled|p1a: Chansey
|-heal|p1a: Chansey|97\/100
|
|turn|70
|choice||
|
|move|p1a: Chansey|Ice Beam|p2a: Slowbro
|-resisted|p2a: Slowbro
|-damage|p2a: Slowbro|67\/100 slp
|-curestatus|p2a: Slowbro|slp
|
|turn|71
|choice||
|
|move|p1a: Chansey|Sing|p2a: Slowbro|[miss]
|-miss|p1a: Chansey
|move|p2a: Slowbro|Thunder Wave|p1a: Chansey
|-status|p1a: Chansey|par
|
|turn|72
|choice||
|
|move|p2a: Slowbro|Amnesia|p2a: Slowbro
|-boost|p2a: Slowbro|spd|2
|-boost|p2a: Slowbro|spa|2
|move|p1a: Chansey|Sing|p2a: Slowbro
|-status|p2a: Slowbro|slp
|
|turn|73
|c|★marcoasd|gg
|choice||
|
|switch|p1a: Zapdos|Zapdos|24\/100
|cant|p2a: Slowbro|slp
|
|turn|74
|-message|marcoasd forfeited.
|
|win|Agarest
|player|p1
|player|p2
|l|marcoasd
|c|★Agarest|gg
|l|fraluni