|join|Kel9901
|join|fat Moron
|player|p1|Kel9901|101
|player|p2|fat Moron|275
|gametype|singles
|gen|1
|tier|[Gen 1] OU (beta)
|rated
|rule|Sleep Clause Mod: Limit one foe put to sleep
|rule|Species Clause: Limit one of each Pokemon
|rule|OHKO Clause: OHKO moves are banned
|rule|Moody Clause: Moody is banned
|rule|Evasion Moves Clause: Evasion moves are banned
|rule|Endless Battle Clause: Forcing endless battles is banned.
|rule|HP Percentage Mod: HP is reported as percentages
|
|start
|switch|p1a: Gengar|Gengar|323\/323
|switch|p2a: Starmie|Starmie|323\/323
|turn|1
|callback|decision
|
|switch|p1a: Chansey|Chansey|703\/703
|move|p2a: Starmie|Blizzard|p1a: Chansey
|-damage|p1a: Chansey|608\/703
|
|turn|2
|callback|decision
|
|switch|p2a: Chansey|Chansey|703\/703
|move|p1a: Chansey|Thunderbolt|p2a: Chansey
|-damage|p2a: Chansey|623\/703
|
|turn|3
|callback|decision
|
|move|p1a: Chansey|Ice Beam|p2a: Chansey
|-damage|p2a: Chansey|546\/703
|move|p2a: Chansey|Ice Beam|p1a: Chansey
|-damage|p1a: Chansey|530\/703
|
|turn|4
|callback|decision
|
|switch|p1a: Gengar|Gengar|323\/323
|move|p2a: Chansey|Ice Beam|p1a: Gengar
|-damage|p1a: Gengar|260\/323
|
|turn|5
|callback|decision
|
|switch|p2a: Starmie|Starmie|323\/323
|move|p1a: Gengar|Hypnosis|p2a: Starmie
|-status|p2a: Starmie|slp
|
|turn|6
|callback|decision
|
|switch|p2a: Exeggutor|Exeggutor|393\/393
|move|p1a: Gengar|Thunderbolt|p2a: Exeggutor
|-resisted|p2a: Exeggutor
|-damage|p2a: Exeggutor|353\/393
|
|turn|7
|callback|decision
|
|move|p1a: Gengar|Night Shade|p2a: Exeggutor
|-damage|p2a: Exeggutor|253\/393
|move|p2a: Exeggutor|Sleep Powder|p1a: Gengar
|-status|p1a: Gengar|slp
|
|turn|8
|callback|decision
|
|switch|p1a: Chansey|Chansey|530\/703
|move|p2a: Exeggutor|Stun Spore|p1a: Chansey
|-status|p1a: Chansey|par
|
|turn|9
|callback|decision
|
|switch|p2a: Lapras|Lapras|463\/463
|switch|p1a: Exeggutor|Exeggutor|393\/393
|
|turn|10
|callback|decision
|
|switch|p1a: Chansey|Chansey|530\/703 par
|move|p2a: Lapras|Confuse Ray|p1a: Chansey
|-start|p1a: Chansey|confusion
|
|turn|11
|callback|decision
|
|move|p2a: Lapras|Body Slam|p1a: Chansey
|-crit|p1a: Chansey
|-damage|p1a: Chansey|187\/703 par
|-activate|p1a: Chansey|confusion
|move|p1a: Chansey|Soft-Boiled|p1a: Chansey
|-heal|p1a: Chansey|538\/703 par
|
|turn|12
|callback|decision
|
|move|p2a: Lapras|Body Slam|p1a: Chansey
|-damage|p1a: Chansey|363\/703 par
|-activate|p1a: Chansey|confusion
|-damage|p1a: Chansey|334\/703 par|[from] confusion
|
|turn|13
|callback|decision
|
|move|p2a: Lapras|Body Slam|p1a: Chansey
|-damage|p1a: Chansey|170\/703 par
|cant|p1a: Chansey|par
|
|turn|14
|callback|decision
|
|move|p2a: Lapras|Body Slam|p1a: Chansey
|-damage|p1a: Chansey|6\/703 par
|-activate|p1a: Chansey|confusion
|-damage|p1a: Chansey|0 fnt|[from] confusion
|faint|p1a: Chansey
|
|callback|decision
|
|switch|p1a: Snorlax|Snorlax|523\/523
|turn|15
|callback|decision
|
|move|p2a: Lapras|Confuse Ray|p1a: Snorlax
|-start|p1a: Snorlax|confusion
|-activate|p1a: Snorlax|confusion
|-damage|p1a: Snorlax|480\/523|[from] confusion
|
|turn|16
|callback|decision
|
|move|p2a: Lapras|Blizzard|p1a: Snorlax|[miss]
|-miss|p2a: Lapras
|-end|p1a: Snorlax|confusion
|move|p1a: Snorlax|Body Slam|p2a: Lapras
|-damage|p2a: Lapras|339\/463
|-status|p2a: Lapras|par
|
|turn|17
|callback|decision
|
|move|p1a: Snorlax|Body Slam|p2a: Lapras
|-damage|p2a: Lapras|221\/463 par
|cant|p2a: Lapras|par
|
|turn|18
|callback|decision
|
|move|p1a: Snorlax|Body Slam|p2a: Lapras
|-damage|p2a: Lapras|93\/463 par
|move|p2a: Lapras|Rest|p2a: Lapras
|-status|p2a: Lapras|slp
|-heal|p2a: Lapras|463\/463 slp|[silent]
|-status|p2a: Lapras|slp|[from] move: Rest
|
|turn|19
|callback|decision
|
|move|p1a: Snorlax|Body Slam|p2a: Lapras
|-damage|p2a: Lapras|334\/463 slp
|cant|p2a: Lapras|slp
|
|turn|20
|callback|decision
|
|move|p1a: Snorlax|Body Slam|p2a: Lapras
|-damage|p2a: Lapras|208\/463 slp
|cant|p2a: Lapras|slp
|-curestatus|p2a: Lapras|slp
|
|turn|21
|callback|decision
|
|move|p1a: Snorlax|Body Slam|p2a: Lapras
|-damage|p2a: Lapras|83\/463
|move|p2a: Lapras|Confuse Ray|p1a: Snorlax
|-start|p1a: Snorlax|confusion
|
|turn|22
|callback|decision
|
|-activate|p1a: Snorlax|confusion
|move|p1a: Snorlax|Body Slam|p2a: Lapras
|-damage|p2a: Lapras|0 fnt
|faint|p2a: Lapras
|
|callback|decision
|
|switch|p2a: Exeggutor|Exeggutor|253\/393
|turn|23
|callback|decision
|
|switch|p1a: Exeggutor|Exeggutor|393\/393
|move|p2a: Exeggutor|Stun Spore|p1a: Exeggutor
|-status|p1a: Exeggutor|par
|
|turn|24
|callback|decision
|
|move|p2a: Exeggutor|Psychic|p1a: Exeggutor
|-resisted|p1a: Exeggutor
|-damage|p1a: Exeggutor|342\/393 par
|-unboost|p1a: Exeggutor|spd|1
|-unboost|p1a: Exeggutor|spa|1
|cant|p1a: Exeggutor|par
|
|turn|25
|callback|decision
|
|move|p2a: Exeggutor|Psychic|p1a: Exeggutor
|-resisted|p1a: Exeggutor
|-damage|p1a: Exeggutor|261\/393 par
|move|p1a: Exeggutor|Explosion|p2a: Exeggutor
|-damage|p2a: Exeggutor|0 fnt
|faint|p2a: Exeggutor
|faint|p1a: Exeggutor
|callback|decision
|
|switch|p2a: Chansey|Chansey|546\/703
|switch|p1a: Snorlax|Snorlax|480\/523
|turn|26
|callback|decision
|
|move|p2a: Chansey|Thunder Wave|p1a: Snorlax
|-status|p1a: Snorlax|par
|cant|p1a: Snorlax|par
|
|turn|27
|callback|decision
|
|move|p2a: Chansey|Ice Beam|p1a: Snorlax
|-damage|p1a: Snorlax|382\/523 par
|move|p1a: Snorlax|Body Slam|p2a: Chansey
|-damage|p2a: Chansey|263\/703
|-status|p2a: Chansey|par
|
|turn|28
|callback|decision
|
|switch|p2a: Golem|Golem|363\/363
|move|p1a: Snorlax|Body Slam|p2a: Golem
|-resisted|p2a: Golem
|-damage|p2a: Golem|317\/363
|-status|p2a: Golem|par
|
|turn|29
|callback|decision
|
|move|p2a: Golem|Explosion|p1a: Snorlax
|-damage|p1a: Snorlax|10\/523 par
|faint|p2a: Golem
|callback|decision
|
|switch|p2a: Tauros|Tauros|353\/353
|turn|30
|callback|decision
|
|move|p2a: Tauros|Earthquake|p1a: Snorlax
|-damage|p1a: Snorlax|0 fnt
|faint|p1a: Snorlax
|
|callback|decision
|
|switch|p1a: Tauros|Tauros|353\/353
|turn|31
|callback|decision
|
|move|p2a: Tauros|Body Slam|p1a: Tauros
|-damage|p1a: Tauros|241\/353
|-status|p1a: Tauros|par
|move|p1a: Tauros|Body Slam|p2a: Tauros
|-damage|p2a: Tauros|257\/353
|
|turn|32
|callback|decision
|
|move|p2a: Tauros|Body Slam|p1a: Tauros
|-damage|p1a: Tauros|136\/353 par
|cant|p1a: Tauros|par
|
|turn|33
|callback|decision
|
|switch|p1a: Golem|Golem|363\/363
|move|p2a: Tauros|Hyper Beam|p1a: Golem
|-resisted|p1a: Golem
|-damage|p1a: Golem|292\/363
|
|turn|34
|callback|decision
|
|cant|p2a: Tauros|recharge
|move|p1a: Golem|Earthquake|p2a: Tauros
|-damage|p2a: Tauros|118\/353
|
|turn|35
|callback|decision
|
|switch|p2a: Starmie|Starmie|323\/323 slp
|move|p1a: Golem|Earthquake|p2a: Starmie
|-crit|p2a: Starmie
|-damage|p2a: Starmie|54\/323 slp
|
|turn|36
|callback|decision
|
|cant|p2a: Starmie|slp
|move|p1a: Golem|Earthquake|p2a: Starmie
|-damage|p2a: Starmie|0 fnt
|faint|p2a: Starmie
|
|callback|decision
|
|switch|p2a: Tauros|Tauros|118\/353
|turn|37
|callback|decision
|
|move|p2a: Tauros|Blizzard|p1a: Golem
|-crit|p1a: Golem
|-supereffective|p1a: Golem
|-damage|p1a: Golem|0 fnt
|faint|p1a: Golem
|
|callback|decision
|
|switch|p1a: Tauros|Tauros|136\/353 par
|turn|38
|callback|decision
|chat|Kel9901|gg
|
|move|p2a: Tauros|Hyper Beam|p1a: Tauros
|-damage|p1a: Tauros|0 fnt
|faint|p1a: Tauros
|
|callback|decision
|
|switch|p1a: Gengar|Gengar|260\/323 slp
|turn|39
|callback|decision
|chat|fat Moron|gg
|
|move|p2a: Tauros|Earthquake|p1a: Gengar
|-supereffective|p1a: Gengar
|-damage|p1a: Gengar|38\/323 slp
|cant|p1a: Gengar|slp
|
|turn|40
|callback|decision
|
|move|p2a: Tauros|Earthquake|p1a: Gengar
|-crit|p1a: Gengar
|-supereffective|p1a: Gengar
|-damage|p1a: Gengar|0 fnt
|faint|p1a: Gengar
|
|win|fat Moron
|raw|Ladder updating...
|raw|Kel9901's rating: 1355 &rarr; <strong>1320<\/strong><br \/>(-35 for losing)
|raw|fat Moron's rating: 1210 &rarr; <strong>1245<\/strong><br \/>(+35 for winning)