|join|Noratraika
|join|Mushroom Barley
|player|p1|Noratraika|285
|player|p2|Mushroom Barley|113
|gametype|singles
|gen|1
|tier|[Gen 1] Random Battle
|rated
|seed|51456,40879,44670,39442
|rule|Sleep Clause Mod: Limit one foe put to sleep
|rule|Freeze Clause Mod: Limit one foe frozen
|rule|HP Percentage Mod: HP is shown in percentages
|
|start
|switch|p1a: Nidoqueen|Nidoqueen, L85|327\/327
|switch|p2a: Omanyte|Omanyte, L96|262\/262
|turn|1
|choice|move 1|move 2
|
|move|p1a: Nidoqueen|Earthquake|p2a: Omanyte
|-supereffective|p2a: Omanyte
|-damage|p2a: Omanyte|116\/262
|move|p2a: Omanyte|Surf|p1a: Nidoqueen
|-supereffective|p1a: Nidoqueen
|-damage|p1a: Nidoqueen|65\/327
|
|turn|2
|choice|move 1|switch 2
|
|switch|p2a: Articuno|Articuno, L79|304\/304
|move|p1a: Nidoqueen|Earthquake|p2a: Articuno
|-immune|p2a: Articuno|[msg]
|
|turn|3
|choice|move 2|move 2
|
|move|p1a: Nidoqueen|Body Slam|p2a: Articuno
|-damage|p2a: Articuno|251\/304
|-status|p2a: Articuno|par
|cant|p2a: Articuno|par
|
|turn|4
|choice|move 3|move 2
|
|move|p1a: Nidoqueen|Thunder|p2a: Articuno|[miss]
|-miss|p1a: Nidoqueen
|move|p2a: Articuno|Blizzard|p1a: Nidoqueen
|-supereffective|p1a: Nidoqueen
|-damage|p1a: Nidoqueen|0 fnt
|faint|p1a: Nidoqueen
|choice|switch 5|
|
|switch|p1a: Mew|Mew, L74|300\/300
|turn|5
|choice|move 4|switch 4
|
|switch|p2a: Snorlax|Snorlax, L79|415\/415
|move|p1a: Mew|Thunderbolt|p2a: Snorlax
|-damage|p2a: Snorlax|348\/415
|
|turn|6
|choice|move 3|move 1
|
|move|p1a: Mew|Horn Drill|p2a: Snorlax|[miss]
|-miss|p1a: Mew
|move|p2a: Snorlax|Amnesia|p2a: Snorlax
|-boost|p2a: Snorlax|spd|2
|-boost|p2a: Snorlax|spa|2
|
|turn|7
|choice|move 3|move 1
|
|move|p1a: Mew|Horn Drill|p2a: Snorlax|[miss]
|-miss|p1a: Mew
|move|p2a: Snorlax|Amnesia|p2a: Snorlax
|-boost|p2a: Snorlax|spd|2
|-boost|p2a: Snorlax|spa|2
|
|turn|8
|choice|move 3|move 3
|
|move|p1a: Mew|Horn Drill|p2a: Snorlax
|-damage|p2a: Snorlax|0 fnt
|-ohko
|faint|p2a: Snorlax
|choice||switch 3
|
|switch|p2a: Raticate|Raticate, L85|267\/267
|turn|9
|choice|switch 3|move 1
|
|switch|p1a: Articuno|Articuno, L79|304\/304
|move|p2a: Raticate|Super Fang|p1a: Articuno
|-damage|p1a: Articuno|152\/304
|
|turn|10
|choice|move 1|switch 4
|
|switch|p2a: Articuno|Articuno, L79|251\/304 par
|move|p1a: Articuno|Blizzard|p2a: Articuno
|-damage|p2a: Articuno|148\/304 par
|
|turn|11
|choice|move 1|move 2
|
|move|p1a: Articuno|Blizzard|p2a: Articuno
|-crit|p2a: Articuno
|-damage|p2a: Articuno|0 fnt
|faint|p2a: Articuno
|choice||switch 2
|
|switch|p2a: Omanyte|Omanyte, L96|116\/262
|turn|12
|choice|move 4|move 2
|
|move|p1a: Articuno|Mimic|p2a: Omanyte
|-start|p1a: Articuno|Mimic|Blizzard
|move|p2a: Omanyte|Surf|p1a: Articuno
|-damage|p1a: Articuno|48\/304
|
|turn|13
|choice|move 3|move 2
|
|move|p1a: Articuno|Rest|p1a: Articuno
|-status|p1a: Articuno|slp
|-heal|p1a: Articuno|304\/304 slp|[silent]
|-status|p1a: Articuno|slp|[from] move: Rest
|move|p2a: Omanyte|Surf|p1a: Articuno
|-damage|p1a: Articuno|193\/304 slp
|
|turn|14
|choice|move 1|move 2
|
|cant|p1a: Articuno|slp
|move|p2a: Omanyte|Surf|p1a: Articuno
|-damage|p1a: Articuno|83\/304 slp
|
|turn|15
|choice|move 1|move 2
|
|-curestatus|p1a: Articuno|slp
|move|p2a: Omanyte|Surf|p1a: Articuno
|-damage|p1a: Articuno|0 fnt
|faint|p1a: Articuno
|choice|switch 2|
|
|switch|p1a: Machamp|Machamp, L90|345\/345
|turn|16
|choice|move 1|move 2
|
|move|p1a: Machamp|Earthquake|p2a: Omanyte
|-supereffective|p2a: Omanyte
|-damage|p2a: Omanyte|0 fnt
|faint|p2a: Omanyte
|choice||switch 5
|
|switch|p2a: Muk|Muk, L90|372\/372
|turn|17
|choice|move 1|move 1
|
|move|p1a: Machamp|Earthquake|p2a: Muk
|-supereffective|p2a: Muk
|-damage|p2a: Muk|151\/372
|move|p2a: Muk|Explosion|p1a: Machamp
|-damage|p1a: Machamp|81\/345
|faint|p2a: Muk
|choice||switch 4
|
|switch|p2a: Raticate|Raticate, L85|267\/267
|turn|18
|choice|switch 6|move 4
|
|switch|p1a: Snorlax|Snorlax, L79|415\/415
|move|p2a: Raticate|Body Slam|p1a: Snorlax
|-damage|p1a: Snorlax|318\/415
|
|turn|19
|choice|move 4|move 1
|
|move|p2a: Raticate|Super Fang|p1a: Snorlax
|-damage|p1a: Snorlax|159\/415
|move|p1a: Snorlax|Self-Destruct|p2a: Raticate
|-damage|p2a: Raticate|0 fnt
|faint|p2a: Raticate
|faint|p1a: Snorlax
|choice|switch 3|switch 6
|
|switch|p1a: Mew|Mew, L74|300\/300
|switch|p2a: Flareon|Flareon, L90|300\/300
|turn|20
|choice|move 2|move 2
|
|move|p1a: Mew|Earthquake|p2a: Flareon
|-supereffective|p2a: Flareon
|-damage|p2a: Flareon|174\/300
|move|p2a: Flareon|Fire Blast|p1a: Mew
|-damage|p1a: Mew|131\/300
|
|turn|21
|choice|move 2|move 2
|
|move|p1a: Mew|Earthquake|p2a: Flareon
|-supereffective|p2a: Flareon
|-damage|p2a: Flareon|44\/300
|move|p2a: Flareon|Fire Blast|p1a: Mew|[miss]
|-miss|p2a: Flareon
|
|turn|22
|c|★Mushroom Barley|gg
|-message|Mushroom Barley forfeited.
|
|win|Noratraika
|leave|Mushroom Barley
|player|p2
|raw|Noratraika's rating: 1221 &rarr; <strong>1241<\/strong><br \/>(+20 for winning)
|raw|Mushroom Barley's rating: 1156 &rarr; <strong>1135<\/strong><br \/>(-21 for losing)