|join|Keldeo Wifi
|join|ggc
|player|p1|Keldeo Wifi|1
|player|p2|ggc|209
|gametype|singles
|gen|1
|tier|[Gen 1] OU (beta)
|rule|Sleep Clause Mod: Limit one foe put to sleep
|rule|Species Clause: Limit one of each Pokemon
|rule|OHKO Clause: OHKO moves are banned
|rule|Moody Clause: Moody is banned
|rule|Evasion Moves Clause: Evasion moves are banned
|rule|Endless Battle Clause: Forcing endless battles is banned.
|rule|HP Percentage Mod: HP is reported as percentages
|
|start
|switch|p1a: Gengar|Gengar|323\/323
|switch|p2a: Jynx|Jynx|333\/333
|turn|1
|join|CaterpieFlow
|
|move|p1a: Gengar|Hypnosis|p2a: Jynx
|-status|p2a: Jynx|slp
|cant|p2a: Jynx|slp
|
|turn|2
|
|move|p1a: Gengar|Thunderbolt|p2a: Jynx
|-damage|p2a: Jynx|241\/333 slp
|cant|p2a: Jynx|slp
|-curestatus|p2a: Jynx|slp
|
|turn|3
|
|move|p1a: Gengar|Hypnosis|p2a: Jynx
|-status|p2a: Jynx|slp
|cant|p2a: Jynx|slp
|
|turn|4
|
|switch|p2a: Alakazam|Alakazam|313\/313
|move|p1a: Gengar|Thunderbolt|p2a: Alakazam
|-crit|p2a: Alakazam
|-damage|p2a: Alakazam|173\/313
|
|turn|5
|chat|CaterpieFlow|lol ur gnna ls kld wf
|
|move|p2a: Alakazam|Recover|p2a: Alakazam
|-heal|p2a: Alakazam|313\/313
|move|p1a: Gengar|Explosion|p2a: Alakazam
|-damage|p2a: Alakazam|4\/313
|faint|p1a: Gengar
|
|switch|p1a: Zapdos|Zapdos|383\/383
|turn|6
|
|move|p2a: Alakazam|Recover|p2a: Alakazam
|-heal|p2a: Alakazam|160\/313
|move|p1a: Zapdos|Agility|p1a: Zapdos
|-boost|p1a: Zapdos|spe|2
|
|turn|7
|
|move|p1a: Zapdos|Drill Peck|p2a: Alakazam
|-damage|p2a: Alakazam|32\/313
|move|p2a: Alakazam|Thunder Wave|p1a: Zapdos
|-status|p1a: Zapdos|par
|
|turn|8
|
|move|p2a: Alakazam|Recover|p2a: Alakazam
|-heal|p2a: Alakazam|188\/313
|move|p1a: Zapdos|Thunder Wave|p2a: Alakazam
|-status|p2a: Alakazam|par
|
|turn|9
|
|move|p1a: Zapdos|Drill Peck|p2a: Alakazam
|-damage|p2a: Alakazam|44\/313 par
|cant|p2a: Alakazam|par
|
|turn|10
|chat|ggc|um
|chat|ggc|what the fuck
|chat|ggc|bug
|join|Khalogie
|chat|ggc|I should have gone first
|chat|Keldeo Wifi|ggc
|chat|CaterpieFlow|lel
|chat|Keldeo Wifi|we r both para'd
|leave|Khalogie
|chat|ggc|Hey retard
|chat|CaterpieFlow|>2x
|chat|Keldeo Wifi|but I have x2 speed
|chat|ggc|If you get burned or paraed
|chat|ggc|AFTER you do it
|join|Senpai Brawley
|chat|ggc|it negates it
|chat|CaterpieFlow|lol
|chat|CaterpieFlow|rekt fgt
|chat|ggc|totally
|chat|Senpai Brawley|mega
|
|move|p1a: Zapdos|Drill Peck|p2a: Alakazam
|-crit|p2a: Alakazam
|-damage|p2a: Alakazam|0 fnt
|faint|p2a: Alakazam
|
|
|switch|p2a: Chansey|Chansey|703\/703
|turn|11
|chat|Keldeo Wifi|repot to shymn dn
|chat|CaterpieFlow|Mega Zapdos
|chat|Senpai Brawley|wot
|chat|ggc|what a croc of hist
|chat|ggc|shit
|chat|Keldeo Wifi|oh man
|chat|CaterpieFlow|lol
|chat|Senpai Brawley|u shed had megad
|chat|Keldeo Wifi|is the bby mad about hax
|chat|Keldeo Wifi|>megad
|chat|Keldeo Wifi|>gen1ou
|chat|ggc|no I'm mad about bugs
|chat|ggc|they never get fixed
|chat|ggc|like wrap damage
|chat|Keldeo Wifi|yeah
|
|move|p2a: Chansey|Ice Beam|p1a: Zapdos
|-supereffective|p1a: Zapdos
|-damage|p1a: Zapdos|261\/383 par
|move|p1a: Zapdos|Drill Peck|p2a: Chansey
|-damage|p2a: Chansey|474\/703
|
|turn|12
|join|kid gf lol
|join|Tyrone8918
|leave|Tyrone8918
|chat|Keldeo Wifi|hey ggc, seriously if there was a gen 1 uu ladder
|chat|Keldeo Wifi|would u play it
|chat|ggc|no
|chat|Senpai Brawley|bring out the almighty helix
|
|move|p2a: Chansey|Ice Beam|p1a: Zapdos
|-supereffective|p1a: Zapdos
|-damage|p1a: Zapdos|125\/383 par
|move|p1a: Zapdos|Drill Peck|p2a: Chansey
|-damage|p2a: Chansey|253\/703
|
|turn|13
|chat|ggc|because no one else would
|chat|Keldeo Wifi|I would
|chat|CaterpieFlow|lel
|chat|kid gf lol|i would
|
|move|p2a: Chansey|Soft-Boiled|p2a: Chansey
|-heal|p2a: Chansey|604\/703
|move|p1a: Zapdos|Thunder Wave|p2a: Chansey
|-status|p2a: Chansey|par
|
|turn|14
|chat|ggc|and that's still bullshit
|chat|ggc|this entire time
|chat|ggc|chansey should have gone first
|chat|ggc|before the para
|
|switch|p1a: Exeggutor|Exeggutor|393\/393
|move|p2a: Chansey|Ice Beam|p1a: Exeggutor
|-supereffective|p1a: Exeggutor
|-damage|p1a: Exeggutor|267\/393
|
|turn|15
|
|switch|p2a: Exeggutor|Exeggutor|393\/393
|move|p1a: Exeggutor|Explosion|p2a: Exeggutor
|-damage|p2a: Exeggutor|113\/393
|faint|p1a: Exeggutor
|chat|kid gf lol|she did
|chat|Senpai Brawley|oh
|
|switch|p1a: Tauros|Tauros|353\/353
|turn|16
|chat|ggc|good
|chat|Senpai Brawley|nice
|
|switch|p2a: Jynx|Jynx|241\/333 slp
|move|p1a: Tauros|Blizzard|p2a: Jynx
|-crit|p2a: Jynx
|-resisted|p2a: Jynx
|-damage|p2a: Jynx|162\/333 slp
|
|turn|17
|chat|Keldeo Wifi|nocrits5me
|
|move|p1a: Tauros|Body Slam|p2a: Jynx
|-damage|p2a: Jynx|0 fnt
|faint|p2a: Jynx
|
|
|switch|p2a: Snorlax|Snorlax|523\/523
|turn|18
|
|switch|p1a: Alakazam|Alakazam|313\/313
|move|p2a: Snorlax|Body Slam|p1a: Alakazam
|-damage|p1a: Alakazam|143\/313
|
|turn|19
|
|switch|p2a: Exeggutor|Exeggutor|113\/393
|move|p1a: Alakazam|Thunder Wave|p2a: Exeggutor
|-status|p2a: Exeggutor|par
|
|turn|20
|chat|Senpai Brawley|mega
|
|move|p1a: Alakazam|Psychic|p2a: Exeggutor
|-resisted|p2a: Exeggutor
|-damage|p2a: Exeggutor|61\/393 par
|cant|p2a: Exeggutor|par
|
|turn|21
|chat|Keldeo Wifi|dude
|chat|Keldeo Wifi|we cant mega
|chat|Keldeo Wifi|this is gen 1
|
|move|p1a: Alakazam|Psychic|p2a: Exeggutor
|-crit|p2a: Exeggutor
|-resisted|p2a: Exeggutor
|-damage|p2a: Exeggutor|0 fnt
|faint|p2a: Exeggutor
|
|
|switch|p2a: Snorlax|Snorlax|523\/523
|turn|22
|chat|Senpai Brawley|totally can mega
|
|move|p1a: Alakazam|Thunder Wave|p2a: Snorlax
|-status|p2a: Snorlax|par
|move|p2a: Snorlax|Hyper Beam|p1a: Alakazam
|-damage|p1a: Alakazam|0 fnt
|faint|p1a: Alakazam
|
|chat|Senpai Brawley|mega snor
|
|switch|p1a: Rhydon|Rhydon|413\/413
|turn|23
|join|brodypgxxx
|
|move|p1a: Rhydon|Earthquake|p2a: Snorlax
|-damage|p2a: Snorlax|346\/523 par
|move|p2a: Snorlax|Earthquake|p1a: Rhydon
|-supereffective|p1a: Rhydon
|-damage|p1a: Rhydon|264\/413
|
|turn|24
|chat|brodypgxxx|cat suks
|chat|brodypgxxx|cok
|
|move|p1a: Rhydon|Earthquake|p2a: Snorlax
|-damage|p2a: Snorlax|177\/523 par
|move|p2a: Snorlax|Earthquake|p1a: Rhydon
|-supereffective|p1a: Rhydon
|-damage|p1a: Rhydon|106\/413
|
|turn|25
|chat|Keldeo Wifi|^
|chat|brodypgxxx|lololol
|chat|Keldeo Wifi|so tr00
|
|move|p1a: Rhydon|Earthquake|p2a: Snorlax
|-damage|p2a: Snorlax|0 fnt
|faint|p2a: Snorlax
|
|
|switch|p2a: Tauros|Tauros|353\/353
|turn|26
|
|move|p2a: Tauros|Earthquake|p1a: Rhydon
|-supereffective|p1a: Rhydon
|-damage|p1a: Rhydon|0 fnt
|faint|p1a: Rhydon
|
|chat|CaterpieFlow|Brody
|
|switch|p1a: Tauros|Tauros|353\/353
|turn|27
|chat|CaterpieFlow|ur mom sux cok
|chat|brodypgxxx|yess
|
|move|p1a: Tauros|Body Slam|p2a: Tauros
|-crit|p2a: Tauros
|-damage|p2a: Tauros|158\/353
|-status|p2a: Tauros|par
|cant|p2a: Tauros|par
|
|turn|28
|chat|brodypgxxx|she cant drink cok
|chat|Keldeo Wifi|your mom does too cat
|chat|ggc|Yeah
|chat|ggc|bullshit game
|chat|Keldeo Wifi|that's how you exist\
|chat|CaterpieFlow|lol
|chat|ggc|I'm reporting this
|chat|ggc|to whoever
|chat|Senpai Brawley|tauros stand off
|chat|CaterpieFlow|>gave birth through mouth
|chat|brodypgxxx|cat 
|
|move|p1a: Tauros|Hyper Beam|p2a: Tauros
|-damage|p2a: Tauros|0 fnt
|faint|p2a: Tauros
|
|
|switch|p2a: Chansey|Chansey|604\/703 par
|turn|29
|chat|CaterpieFlow|what nerd
|chat|brodypgxxx|ur name is kaleb
|chat|CaterpieFlow|k
|chat|brodypgxxx|what a gay name
|chat|CaterpieFlow|ik
|chat|CaterpieFlow|and ur brody
|chat|brodypgxxx|lolololol
|chat|brodypgxxx|no
|chat|CaterpieFlow|what a Cock sucking name
|chat|CaterpieFlow|u suk ur mums cok
|chat|brodypgxxx|thats not ma real name fgt
|chat|ggc|GPO
|chat|Senpai Brawley|why not?
|chat|ggc|GO
|chat|ggc|GO
|chat|ggc|GO
|
|move|p1a: Tauros|Body Slam|p2a: Chansey
|-damage|p2a: Chansey|333\/703 par
|move|p2a: Chansey|Thunder Wave|p1a: Tauros
|-status|p1a: Tauros|par
|
|turn|30
|chat|brodypgxxx|i dont like the drink cok
|
|move|p1a: Tauros|Hyper Beam|p2a: Chansey
|-crit|p2a: Chansey
|-damage|p2a: Chansey|0 fnt
|faint|p2a: Chansey
|
|win|Keldeo Wifi
|leave|ggc
|player|p2
|leave|Keldeo Wifi
|player|p1
|leave|Senpai Brawley
|leave|brodypgxxx
|leave|CaterpieFlow
|join|ggc