|join|Beds
|join|kid gf lol
|player|p1|Beds|252
|player|p2|kid gf lol|114
|gametype|singles
|gen|1
|tier|[Gen 1] OU
|rule|Sleep Clause Mod: Limit one foe put to sleep
|rule|Freeze Clause Mod: Limit one foe frozen
|rule|Species Clause: Limit one of each Pokémon
|rule|OHKO Clause: OHKO moves are banned
|rule|Evasion Moves Clause: Evasion moves are banned
|rule|HP Percentage Mod: HP is shown in percentages
|
|start
|switch|p1a: Jynx|Jynx|333\/333
|switch|p2a: Gengar|Gengar|323\/323
|turn|1
|c|★kid gf lol|hey
|c|★Beds|ur going down
|
|move|p2a: Gengar|Explosion|p1a: Jynx
|-damage|p1a: Jynx|0 fnt
|faint|p1a: Jynx
|faint|p2a: Gengar
|c|★kid gf lol|nope
|
|switch|p1a: Starmie|Starmie|323\/323
|switch|p2a: Victreebel|Victreebel|363\/363
|turn|2
|join|Mike was dropped
|
|switch|p1a: Chansey|Chansey|703\/703
|switch|p2a: Chansey|Chansey|703\/703
|
|turn|3
|
|switch|p2a: Cloyster|Cloyster|303\/303
|move|p1a: Chansey|Ice Beam|p2a: Cloyster
|-resisted|p2a: Cloyster
|-damage|p2a: Cloyster|284\/303
|
|turn|4
|
|switch|p2a: Chansey|Chansey|703\/703
|move|p1a: Chansey|Ice Beam|p2a: Chansey
|-damage|p2a: Chansey|624\/703
|
|turn|5
|
|move|p2a: Chansey|Ice Beam|p1a: Chansey
|-damage|p1a: Chansey|627\/703
|move|p1a: Chansey|Ice Beam|p2a: Chansey
|-damage|p2a: Chansey|545\/703
|
|turn|6
|
|switch|p1a: Exeggutor|Exeggutor|393\/393
|move|p2a: Chansey|Ice Beam|p1a: Exeggutor
|-supereffective|p1a: Exeggutor
|-damage|p1a: Exeggutor|253\/393
|
|turn|7
|
|switch|p2a: Alakazam|Alakazam|313\/313
|move|p1a: Exeggutor|Sleep Powder|p2a: Alakazam
|-status|p2a: Alakazam|slp
|
|turn|8
|
|switch|p2a: Chansey|Chansey|545\/703
|move|p1a: Exeggutor|Explosion|p2a: Chansey
|-damage|p2a: Chansey|0 fnt
|faint|p2a: Chansey
|faint|p1a: Exeggutor
|
|switch|p1a: Tauros|Tauros|353\/353
|switch|p2a: Victreebel|Victreebel|363\/363
|turn|9
|
|move|p1a: Tauros|Body Slam|p2a: Victreebel
|-damage|p2a: Victreebel|231\/363
|move|p2a: Victreebel|Sleep Powder|p1a: Tauros
|-status|p1a: Tauros|slp
|
|turn|10
|
|switch|p1a: Chansey|Chansey|627\/703
|move|p2a: Victreebel|Razor Leaf|p1a: Chansey
|-crit|p1a: Chansey
|-damage|p1a: Chansey|511\/703
|
|turn|11
|
|move|p2a: Victreebel|Wrap|p1a: Chansey
|-damage|p1a: Chansey|479\/703
|-activate|p1a: Chansey|move: Wrap|[of] p2a: Victreebel
|cant|p1a: Chansey|partiallytrapped
|
|turn|12
|
|move|p2a: Victreebel|Wrap|p1a: Chansey
|-damage|p1a: Chansey|447\/703
|cant|p1a: Chansey|partiallytrapped
|
|turn|13
|
|move|p2a: Victreebel|Wrap|p1a: Chansey
|-damage|p1a: Chansey|415\/703
|cant|p1a: Chansey|partiallytrapped
|
|-end|p1a: Chansey|Wrap|[partiallytrapped]
|turn|14
|
|move|p2a: Victreebel|Wrap|p1a: Chansey
|-damage|p1a: Chansey|381\/703
|-activate|p1a: Chansey|move: Wrap|[of] p2a: Victreebel
|cant|p1a: Chansey|partiallytrapped
|
|turn|15
|
|move|p2a: Victreebel|Wrap|p1a: Chansey
|-damage|p1a: Chansey|347\/703
|cant|p1a: Chansey|partiallytrapped
|
|turn|16
|
|move|p2a: Victreebel|Wrap|p1a: Chansey
|-damage|p1a: Chansey|313\/703
|cant|p1a: Chansey|partiallytrapped
|
|-end|p1a: Chansey|Wrap|[partiallytrapped]
|turn|17
|
|move|p2a: Victreebel|Wrap|p1a: Chansey|[miss]
|-miss|p2a: Victreebel
|move|p1a: Chansey|Thunder Wave|p2a: Victreebel
|-status|p2a: Victreebel|par
|
|turn|18
|
|move|p1a: Chansey|Soft-Boiled|p1a: Chansey
|-heal|p1a: Chansey|664\/703
|move|p2a: Victreebel|Stun Spore|p1a: Chansey
|-status|p1a: Chansey|par
|
|turn|19
|
|move|p2a: Victreebel|Wrap|p1a: Chansey
|-damage|p1a: Chansey|628\/703 par
|-activate|p1a: Chansey|move: Wrap|[of] p2a: Victreebel
|cant|p1a: Chansey|partiallytrapped
|
|turn|20
|
|switch|p1a: Starmie|Starmie|323\/323
|cant|p2a: Victreebel|par
|
|turn|21
|
|switch|p1a: Tauros|Tauros|353\/353 slp
|move|p2a: Victreebel|Stun Spore|p1a: Tauros
|-fail|p1a: Tauros
|
|turn|22
|
|cant|p1a: Tauros|slp
|move|p2a: Victreebel|Razor Leaf|p1a: Tauros
|-crit|p1a: Tauros
|-damage|p1a: Tauros|190\/353 slp
|
|turn|23
|
|cant|p1a: Tauros|slp
|cant|p2a: Victreebel|par
|
|turn|24
|
|cant|p1a: Tauros|slp
|cant|p2a: Victreebel|par
|
|turn|25
|
|cant|p1a: Tauros|slp
|move|p2a: Victreebel|Razor Leaf|p1a: Tauros
|-crit|p1a: Tauros
|-damage|p1a: Tauros|20\/353 slp
|
|turn|26
|join|jayden1209
|
|switch|p1a: Snorlax|Snorlax|523\/523
|move|p2a: Victreebel|Razor Leaf|p1a: Snorlax
|-crit|p1a: Snorlax
|-damage|p1a: Snorlax|359\/523
|
|turn|27
|
|switch|p2a: Cloyster|Cloyster|284\/303
|move|p1a: Snorlax|Body Slam|p2a: Cloyster
|-damage|p2a: Cloyster|214\/303
|
|turn|28
|
|switch|p1a: Tauros|Tauros|20\/353 slp
|move|p2a: Cloyster|Clamp|p1a: Tauros
|-crit|p1a: Tauros
|-damage|p1a: Tauros|0 fnt
|faint|p1a: Tauros
|
|switch|p1a: Starmie|Starmie|323\/323
|turn|29
|join|triballllll
|
|switch|p1a: Chansey|Chansey|628\/703 par
|switch|p2a: Golem|Golem|363\/363
|
|turn|30
|
|move|p2a: Golem|Earthquake|p1a: Chansey
|-damage|p1a: Chansey|261\/703 par
|cant|p1a: Chansey|par
|
|turn|31
|
|move|p2a: Golem|Earthquake|p1a: Chansey
|-damage|p1a: Chansey|0 fnt
|faint|p1a: Chansey
|
|switch|p1a: Starmie|Starmie|323\/323
|turn|32
|
|switch|p1a: Snorlax|Snorlax|359\/523
|switch|p2a: Alakazam|Alakazam|313\/313 slp
|
|turn|33
|
|switch|p2a: Cloyster|Cloyster|214\/303
|move|p1a: Snorlax|Body Slam|p2a: Cloyster
|-damage|p2a: Cloyster|138\/303
|
|turn|34
|
|move|p2a: Cloyster|Clamp|p1a: Snorlax|[miss]
|-miss|p2a: Cloyster
|move|p1a: Snorlax|Body Slam|p2a: Cloyster
|-damage|p2a: Cloyster|73\/303
|
|turn|35
|
|move|p2a: Cloyster|Clamp|p1a: Snorlax
|-damage|p1a: Snorlax|313\/523
|-activate|p1a: Snorlax|move: Clamp|[of] p2a: Cloyster
|cant|p1a: Snorlax|partiallytrapped
|
|turn|36
|
|move|p2a: Cloyster|Clamp|p1a: Snorlax
|-damage|p1a: Snorlax|267\/523
|cant|p1a: Snorlax|partiallytrapped
|
|turn|37
|
|switch|p1a: Starmie|Starmie|323\/323
|move|p2a: Cloyster|Clamp|p1a: Starmie|[miss]
|-miss|p2a: Cloyster
|
|turn|38
|
|switch|p2a: Alakazam|Alakazam|313\/313 slp
|move|p1a: Starmie|Thunderbolt|p2a: Alakazam
|-damage|p2a: Alakazam|253\/313 slp
|
|turn|39
|
|cant|p2a: Alakazam|slp
|move|p1a: Starmie|Blizzard|p2a: Alakazam
|-damage|p2a: Alakazam|178\/313 slp
|
|turn|40
|
|switch|p1a: Snorlax|Snorlax|267\/523
|cant|p2a: Alakazam|slp
|
|turn|41
|
|cant|p2a: Alakazam|slp
|move|p1a: Snorlax|Body Slam|p2a: Alakazam
|-damage|p2a: Alakazam|11\/313 slp
|
|turn|42
|
|cant|p2a: Alakazam|slp
|move|p1a: Snorlax|Body Slam|p2a: Alakazam
|-damage|p2a: Alakazam|0 fnt
|faint|p2a: Alakazam
|join|Nanako chin
|
|switch|p2a: Cloyster|Cloyster|73\/303
|turn|43
|
|move|p2a: Cloyster|Explosion|p1a: Snorlax
|-damage|p1a: Snorlax|0 fnt
|faint|p1a: Snorlax
|faint|p2a: Cloyster
|leave|Mike was dropped
|
|switch|p1a: Starmie|Starmie|323\/323
|switch|p2a: Victreebel|Victreebel|231\/363 par
|turn|44
|
|move|p1a: Starmie|Blizzard|p2a: Victreebel
|-crit|p2a: Victreebel
|-supereffective|p2a: Victreebel
|-damage|p2a: Victreebel|0 fnt
|faint|p2a: Victreebel
|
|switch|p2a: Golem|Golem|363\/363
|turn|45
|
|move|p1a: Starmie|Blizzard|p2a: Golem
|-supereffective|p2a: Golem
|-damage|p2a: Golem|117\/363
|move|p2a: Golem|Explosion|p1a: Starmie
|-damage|p1a: Starmie|9\/323
|faint|p2a: Golem
|
|win|Beds
|c|★Beds|GG
|c|★kid gf lol|damn
|c|★kid gf lol|gg
|c|★Beds|damn that was intense
|c|★kid gf lol|ik lol
|leave|Nanako chin
|leave|triballllll
|c|★kid gf lol|i wish starmie didnt crit bell
|c|★Beds|yeah, decent chance though with para too
|c|★Beds|that i'd win that matchup
|c|★Beds|clutch starmie
|c|★kid gf lol|yeah i know, 25%+ crit rate of like 20%
|leave|jayden1209
|c|★kid gf lol|+ 5% chance of missing
|c|★kid gf lol|with r-leaf
|c|★Beds|blizzard miss chance though i guess
|c|★kid gf lol|oh yeah
|c|★Beds|well, odds were in your favor, but not like terribly
|c|★kid gf lol|but then even if r-leaf hits, starmie can still crit golem
|c|★kid gf lol|i think it was in your favor
|c|★kid gf lol|idk
|c|★Beds|don't i win when you explode last mon anyways?
|c|★Beds|since you die first
|c|★kid gf lol|no, i win if we both have 1 left
|c|★kid gf lol|the exploder wins lol
|c|★Beds|isn't that only on po
|c|★Beds|self ko clause
|c|★kid gf lol|no it's here too, look at the top
|c|★kid gf lol|there is no clause
|c|★Beds|ok
|join|Eon lights
|leave|Eon lights
|leave|Beds
|player|p1