|join|andrewandres
|join|patatta
|player|p1|andrewandres|1
|player|p2|patatta|156
|gametype|singles
|gen|1
|tier|[Gen 1] Random Battle
|rule|Sleep Clause Mod: Limit one foe put to sleep
|rule|Freeze Clause Mod: Limit one foe frozen
|rule|HP Percentage Mod: HP is shown in percentages
|
|start
|switch|p1a: Graveler|Graveler, L85|267\/267
|switch|p2a: Nidorino|Nidorino, L90|293\/293
|turn|1
|
|move|p2a: Nidorino|Bubble Beam|p1a: Graveler
|-supereffective|p1a: Graveler
|-damage|p1a: Graveler|54\/267
|move|p1a: Graveler|Earthquake|p2a: Nidorino
|-crit|p2a: Nidorino
|-supereffective|p2a: Nidorino
|-damage|p2a: Nidorino|0 fnt
|faint|p2a: Nidorino
|
|switch|p2a: Ekans|Ekans, L96|262\/262
|turn|2
|join|Prject
|join|wee60
|
|switch|p1a: Kakuna|Kakuna, L99|290\/290
|move|p2a: Ekans|Earthquake|p1a: Kakuna
|-damage|p1a: Kakuna|216\/290
|
|turn|3
|leave|Prject
|
|move|p2a: Ekans|Rock Slide|p1a: Kakuna
|-supereffective|p1a: Kakuna
|-damage|p1a: Kakuna|105\/290
|move|p1a: Kakuna|String Shot|p2a: Ekans
|-unboost|p2a: Ekans|spe|1
|
|turn|4
|
|move|p1a: Kakuna|String Shot|p2a: Ekans
|-unboost|p2a: Ekans|spe|1
|move|p2a: Ekans|Rock Slide|p1a: Kakuna|[miss]
|-miss|p2a: Ekans
|
|turn|5
|
|move|p1a: Kakuna|Poison Sting|p2a: Ekans
|-resisted|p2a: Ekans
|-damage|p2a: Ekans|254\/262
|move|p2a: Ekans|Rock Slide|p1a: Kakuna
|-supereffective|p1a: Kakuna
|-damage|p1a: Kakuna|0 fnt
|faint|p1a: Kakuna
|
|switch|p1a: Graveler|Graveler, L85|54\/267
|turn|6
|
|move|p1a: Graveler|Explosion|p2a: Ekans
|-damage|p2a: Ekans|0 fnt
|faint|p2a: Ekans
|faint|p1a: Graveler
|
|switch|p2a: Starmie|Starmie, L79|257\/257
|switch|p1a: Seadra|Seadra, L90|282\/282
|turn|7
|c|★patatta|tengo un ou
|c|★andrewandres|bah.. me lo matara
|c|★patatta|!dt kingdra
|c|~|\/data-pokemon Kingdra
|raw|<font size="1"><font color=#585858>Dex#:<\/font> 230&nbsp;|&ThickSpace;<font color=#585858>Gen:<\/font> 2&nbsp;|&ThickSpace;<font color=#585858>Height:<\/font> 1.8 m&nbsp;|&ThickSpace;<font color=#585858>Weight:<\/font> 152 kg <em>(100 BP)<\/em>&nbsp;|&ThickSpace;<font color=#585858>Dex Colour:<\/font> Blue&nbsp;|&ThickSpace;<font color=#585858>Egg Group(s):<\/font> Water 1, Dragon&nbsp;|&ThickSpace;<font color=#585858><font color=#585858>Does Not Evolve<\/font><\/font><\/font>
|
|switch|p1a: Ditto|Ditto, L99|296\/296
|move|p2a: Starmie|Thunder Wave|p1a: Ditto
|-status|p1a: Ditto|par
|
|turn|8
|
|move|p2a: Starmie|Blizzard|p1a: Ditto
|-damage|p1a: Ditto|201\/296 par
|cant|p1a: Ditto|par
|
|turn|9
|
|move|p2a: Starmie|Thunderbolt|p1a: Ditto
|-crit|p1a: Ditto
|-damage|p1a: Ditto|55\/296 par
|move|p1a: Ditto|Transform|p2a: Starmie
|-transform|p1a: Ditto|p2a: Starmie
|
|turn|10
|c|★andrewandres|ahora
|c|★andrewandres|ay dios
|c|★andrewandres|XD
|
|move|p2a: Starmie|Thunderbolt|p1a: Ditto
|-supereffective|p1a: Ditto
|-damage|p1a: Ditto|0 fnt
|faint|p1a: Ditto
|
|switch|p1a: Beedrill|Beedrill, L90|300\/300
|turn|11
|
|move|p2a: Starmie|Thunder Wave|p1a: Beedrill
|-status|p1a: Beedrill|par
|move|p1a: Beedrill|Agility|p1a: Beedrill
|-boost|p1a: Beedrill|spe|2
|
|turn|12
|
|move|p1a: Beedrill|Swords Dance|p1a: Beedrill
|-boost|p1a: Beedrill|atk|2
|move|p2a: Starmie|Thunderbolt|p1a: Beedrill
|-damage|p1a: Beedrill|220\/300 par
|
|turn|13
|
|cant|p1a: Beedrill|par
|move|p2a: Starmie|Blizzard|p1a: Beedrill
|-damage|p1a: Beedrill|120\/300 par
|
|turn|14
|
|move|p1a: Beedrill|Twineedle|p2a: Starmie
|-supereffective|p2a: Starmie
|-damage|p2a: Starmie|146\/257
|-damage|p2a: Starmie|35\/257
|-hitcount|p2a: Starmie|2
|move|p2a: Starmie|Thunderbolt|p1a: Beedrill
|-crit|p1a: Beedrill
|-damage|p1a: Beedrill|0 fnt
|faint|p1a: Beedrill
|
|switch|p1a: Seadra|Seadra, L90|282\/282
|turn|15
|c|★andrewandres|claro
|c|★andrewandres|xD
|
|move|p2a: Starmie|Blizzard|p1a: Seadra
|-resisted|p1a: Seadra
|-damage|p1a: Seadra|249\/282
|-status|p1a: Seadra|frz
|cant|p1a: Seadra|frz
|
|turn|16
|join|andre2015
|c|★andrewandres|repito:
|c|★andrewandres|claro
|c|★andrewandres|XD
|
|move|p2a: Starmie|Recover|p2a: Starmie
|-heal|p2a: Starmie|163\/257
|cant|p1a: Seadra|frz
|
|turn|17
|leave|wee60
|c|★andrewandres|tu ganas
|c|★andrewandres|tengo a artic
|-message|andrewandres forfeited.
|
|win|patatta
|leave|andrewandres
|player|p1
|c|★patatta|yo tambien
|c|★patatta|y un porygon
|leave|patatta
|player|p2