|j|MALESANI
|j|Joshuamos
|player|p1|MALESANI|238
|player|p2|Joshuamos|92
|gametype|singles
|gen|1
|tier|[Gen 1] Random Battle
|rated
|seed|14068,29208,42350,18599
|rule|Sleep Clause Mod: Limit one foe put to sleep
|rule|Freeze Clause Mod: Limit one foe frozen
|rule|HP Percentage Mod: HP is shown in percentages
|
|start
|switch|p1a: Mr. Mime|Mr. Mime, L85|242\/242
|switch|p2a: Scyther|Scyther, L90|309\/309
|turn|1
|choice|switch 4|move 3
|
|switch|p1a: Onix|Onix, L90|246\/246
|move|p2a: Scyther|Agility|p2a: Scyther
|-boost|p2a: Scyther|spe|2
|
|turn|2
|choice|move 1|switch 2
|
|switch|p2a: Shellder|Shellder, L96|252\/252
|move|p1a: Onix|Toxic|p2a: Shellder
|-status|p2a: Shellder|tox
|
|turn|3
|choice|switch 4|move 2
|
|switch|p1a: Mr. Mime|Mr. Mime, L85|242\/242
|move|p2a: Shellder|Blizzard|p1a: Mr. Mime
|-damage|p1a: Mr. Mime|179\/242
|-damage|p2a: Shellder|237\/252 tox|[from] tox|[of] p1a: Mr. Mime
|
|turn|4
|choice|move 2|move 3
|
|move|p1a: Mr. Mime|Thunderbolt|p2a: Shellder
|-supereffective|p2a: Shellder
|-damage|p2a: Shellder|61\/252 tox
|move|p2a: Shellder|Supersonic|p1a: Mr. Mime
|-start|p1a: Mr. Mime|confusion
|-damage|p2a: Shellder|31\/252 tox|[from] tox|[of] p1a: Mr. Mime
|
|turn|5
|choice|move 3|move 4
|
|-activate|p1a: Mr. Mime|confusion
|move|p1a: Mr. Mime|Seismic Toss|p2a: Shellder
|-damage|p2a: Shellder|0 fnt
|faint|p2a: Shellder
|choice||switch 2
|
|switch|p2a: Scyther|Scyther, L90|309\/309
|turn|6
|choice|switch 4|move 4
|
|switch|p1a: Onix|Onix, L90|246\/246
|move|p2a: Scyther|Swords Dance|p2a: Scyther
|-boost|p2a: Scyther|atk|2
|
|turn|7
|choice|move 1|switch 5
|
|switch|p2a: Rhydon|Rhydon, L79|328\/328
|move|p1a: Onix|Toxic|p2a: Rhydon
|-status|p2a: Rhydon|tox
|
|turn|8
|choice|switch 5|move 3
|
|switch|p1a: Kingler|Kingler, L85|267\/267
|move|p2a: Rhydon|Earthquake|p1a: Kingler
|-damage|p1a: Kingler|176\/267
|-damage|p2a: Rhydon|308\/328 tox|[from] tox|[of] p1a: Kingler
|
|turn|9
|choice|move 1|move 1
|
|move|p1a: Kingler|Crabhammer|p2a: Rhydon
|-crit|p2a: Rhydon
|-supereffective|p2a: Rhydon
|-damage|p2a: Rhydon|0 fnt
|faint|p2a: Rhydon
|choice||switch 6
|
|switch|p2a: Alakazam|Alakazam, L79|249\/249
|turn|10
|choice|switch 4|move 1
|
|switch|p1a: Mr. Mime|Mr. Mime, L85|179\/242
|move|p2a: Alakazam|Psychic|p1a: Mr. Mime
|-resisted|p1a: Mr. Mime
|-damage|p1a: Mr. Mime|130\/242
|-unboost|p1a: Mr. Mime|spd|1
|-unboost|p1a: Mr. Mime|spa|1
|
|turn|11
|choice|move 1|move 1
|
|move|p2a: Alakazam|Psychic|p1a: Mr. Mime
|-resisted|p1a: Mr. Mime
|-damage|p1a: Mr. Mime|55\/242
|move|p1a: Mr. Mime|Thunder Wave|p2a: Alakazam
|-status|p2a: Alakazam|par
|
|turn|12
|choice|move 3|move 1
|
|move|p1a: Mr. Mime|Seismic Toss|p2a: Alakazam
|-damage|p2a: Alakazam|164\/249 par
|cant|p2a: Alakazam|par
|
|turn|13
|choice|move 3|move 1
|
|move|p1a: Mr. Mime|Seismic Toss|p2a: Alakazam
|-damage|p2a: Alakazam|79\/249 par
|move|p2a: Alakazam|Psychic|p1a: Mr. Mime
|-resisted|p1a: Mr. Mime
|-damage|p1a: Mr. Mime|0 fnt
|faint|p1a: Mr. Mime
|choice|switch 3|
|
|switch|p1a: Farfetch'd|Farfetch'd, L99|304\/304
|turn|14
|choice|move 1|move 2
|
|move|p1a: Farfetch'd|Slash|p2a: Alakazam
|-crit|p2a: Alakazam
|-damage|p2a: Alakazam|0 fnt
|faint|p2a: Alakazam
|choice||switch 5
|
|switch|p2a: Scyther|Scyther, L90|309\/309
|turn|15
|choice|switch 6|move 4
|
|switch|p1a: Machamp|Machamp, L90|345\/345
|move|p2a: Scyther|Swords Dance|p2a: Scyther
|-boost|p2a: Scyther|atk|2
|
|turn|16
|choice|move 1|move 1
|
|move|p2a: Scyther|Slash|p1a: Machamp
|-crit|p1a: Machamp
|-damage|p1a: Machamp|221\/345
|move|p1a: Machamp|Rock Slide|p2a: Scyther
|-supereffective|p2a: Scyther
|-damage|p2a: Scyther|0 fnt
|faint|p2a: Scyther
|choice||switch 3
|
|switch|p2a: Persian|Persian, L79|265\/265
|turn|17
|choice|move 2|move 1
|
|move|p2a: Persian|Slash|p1a: Machamp
|-crit|p1a: Machamp
|-damage|p1a: Machamp|116\/345
|move|p1a: Machamp|Submission|p2a: Persian
|-supereffective|p2a: Persian
|-damage|p2a: Persian|0 fnt
|-damage|p1a: Machamp|50\/345|[from] recoil|[of] p2a: Persian
|faint|p2a: Persian
|-message|Joshuamos forfeited.
|
|win|MALESANI
|player|p1
|player|p2
|l|Joshuamos
|raw|MALESANI's rating: 1356 &rarr; <strong>1368<\/strong><br \/>(+12 for winning)
|raw|Joshuamos's rating: 1213 &rarr; <strong>1198<\/strong><br \/>(-15 for losing)