|j|business is cool
|j|Knight Paladin
|player|p1|business is cool|97
|player|p2|Knight Paladin|1
|gametype|singles
|gen|1
|tier|[Gen 1] Random Battle
|seed|
|rule|Sleep Clause Mod: Limit one foe put to sleep
|rule|Freeze Clause Mod: Limit one foe frozen
|rule|HP Percentage Mod: HP is shown in percentages
|
|start
|switch|p1a: Onix|Onix, L90|100\/100
|switch|p2a: Metapod|Metapod, L99|100\/100
|turn|1
|choice||
|
|switch|p1a: Snorlax|Snorlax, L79|100\/100
|switch|p2a: Exeggutor|Exeggutor, L79|100\/100
|
|turn|2
|choice||
|
|switch|p1a: Beedrill|Beedrill, L90|100\/100
|move|p2a: Exeggutor|Psychic|p1a: Beedrill
|-supereffective|p1a: Beedrill
|-damage|p1a: Beedrill|6\/100
|
|turn|3
|choice||
|
|move|p1a: Beedrill|Hyper Beam|p2a: Exeggutor
|-damage|p2a: Exeggutor|65\/100
|move|p2a: Exeggutor|Psychic|p1a: Beedrill
|-supereffective|p1a: Beedrill
|-damage|p1a: Beedrill|0 fnt
|faint|p1a: Beedrill
|choice||
|
|switch|p1a: Articuno|Articuno, L79|100\/100
|turn|4
|choice||
|
|switch|p2a: Persian|Persian, L79|100\/100
|move|p1a: Articuno|Blizzard|p2a: Persian
|-damage|p2a: Persian|41\/100
|-status|p2a: Persian|frz
|
|turn|5
|choice||
|
|switch|p1a: Snorlax|Snorlax, L79|100\/100
|cant|p2a: Persian|frz
|
|turn|6
|choice||
|
|cant|p2a: Persian|frz
|move|p1a: Snorlax|Amnesia|p1a: Snorlax
|-boost|p1a: Snorlax|spd|2
|-boost|p1a: Snorlax|spa|2
|
|turn|7
|choice||
|
|switch|p2a: Gengar|Gengar, L79|100\/100
|move|p1a: Snorlax|Amnesia|p1a: Snorlax
|-boost|p1a: Snorlax|spd|2
|-boost|p1a: Snorlax|spa|2
|
|turn|8
|choice||
|
|switch|p1a: Wigglytuff|Wigglytuff, L90|100\/100
|move|p2a: Gengar|Hypnosis|p1a: Wigglytuff|[miss]
|-miss|p2a: Gengar
|
|turn|9
|choice||
|
|switch|p1a: Machoke|Machoke, L85|100\/100
|move|p2a: Gengar|Hypnosis|p1a: Machoke
|-status|p1a: Machoke|slp
|
|turn|10
|choice||
|
|switch|p1a: Snorlax|Snorlax, L79|100\/100
|move|p2a: Gengar|Psychic|p1a: Snorlax
|-damage|p1a: Snorlax|78\/100
|
|turn|11
|choice||
|
|move|p2a: Gengar|Psychic|p1a: Snorlax
|-damage|p1a: Snorlax|58\/100
|-unboost|p1a: Snorlax|spd|1
|-unboost|p1a: Snorlax|spa|1
|move|p1a: Snorlax|Amnesia|p1a: Snorlax
|-boost|p1a: Snorlax|spd|2
|-boost|p1a: Snorlax|spa|2
|
|turn|12
|choice||
|
|move|p2a: Gengar|Explosion|p1a: Snorlax
|-damage|p1a: Snorlax|10\/100
|faint|p2a: Gengar
|choice||
|
|switch|p2a: Persian|Persian, L79|41\/100 frz
|turn|13
|choice||
|
|switch|p2a: Cloyster|Cloyster, L83|100\/100
|move|p1a: Snorlax|Amnesia|p1a: Snorlax
|-boost|p1a: Snorlax|spd|2
|-boost|p1a: Snorlax|spa|2
|
|turn|14
|choice||
|
|move|p2a: Cloyster|Surf|p1a: Snorlax
|-crit|p1a: Snorlax
|-damage|p1a: Snorlax|0 fnt
|faint|p1a: Snorlax
|choice||
|
|switch|p1a: Wigglytuff|Wigglytuff, L90|100\/100
|turn|15
|choice||
|
|move|p2a: Cloyster|Blizzard|p1a: Wigglytuff
|-damage|p1a: Wigglytuff|65\/100
|-status|p1a: Wigglytuff|frz
|cant|p1a: Wigglytuff|frz
|
|turn|16
|choice||
|
|move|p2a: Cloyster|Surf|p1a: Wigglytuff
|-crit|p1a: Wigglytuff
|-damage|p1a: Wigglytuff|10\/100 frz
|cant|p1a: Wigglytuff|frz
|
|turn|17
|choice||
|
|move|p2a: Cloyster|Surf|p1a: Wigglytuff
|-damage|p1a: Wigglytuff|0 fnt
|faint|p1a: Wigglytuff
|choice||
|
|switch|p1a: Articuno|Articuno, L79|100\/100
|turn|18
|choice||
|
|move|p1a: Articuno|Mimic|p2a: Cloyster
|-start|p1a: Articuno|Mimic|Toxic
|move|p2a: Cloyster|Toxic|p1a: Articuno
|-status|p1a: Articuno|tox
|
|turn|19
|choice||
|
|switch|p2a: Exeggutor|Exeggutor, L79|65\/100
|move|p1a: Articuno|Toxic|p2a: Exeggutor
|-status|p2a: Exeggutor|tox
|-damage|p1a: Articuno|94\/100 tox|[from] tox|[of] p2a: Exeggutor
|
|turn|20
|choice||
|
|move|p1a: Articuno|Blizzard|p2a: Exeggutor
|-supereffective|p2a: Exeggutor
|-damage|p2a: Exeggutor|0 fnt
|faint|p2a: Exeggutor
|choice||
|
|switch|p2a: Metapod|Metapod, L99|100\/100
|turn|21
|choice||
|
|switch|p1a: Machoke|Machoke, L85|100\/100 slp
|move|p2a: Metapod|String Shot|p1a: Machoke
|-unboost|p1a: Machoke|spe|1
|
|turn|22
|choice||
|
|switch|p2a: Dragonite|Dragonite, L85|100\/100
|cant|p1a: Machoke|slp
|
|turn|23
|choice||
|
|move|p2a: Dragonite|Ice Beam|p1a: Machoke
|-crit|p1a: Machoke
|-damage|p1a: Machoke|39\/100 slp
|cant|p1a: Machoke|slp
|
|turn|24
|choice||
|
|move|p2a: Dragonite|Ice Beam|p1a: Machoke
|-damage|p1a: Machoke|8\/100 slp
|-curestatus|p1a: Machoke|slp
|
|turn|25
|choice||
|
|move|p2a: Dragonite|Ice Beam|p1a: Machoke
|-damage|p1a: Machoke|0 fnt
|faint|p1a: Machoke
|choice||
|
|switch|p1a: Articuno|Articuno, L79|94\/100 tox
|-status|p1a: Articuno|psn
|turn|26
|choice||
|
|move|p2a: Dragonite|Body Slam|p1a: Articuno
|-damage|p1a: Articuno|71\/100 psn
|move|p1a: Articuno|Blizzard|p2a: Dragonite
|-supereffective|p2a: Dragonite
|-damage|p2a: Dragonite|0 fnt
|faint|p2a: Dragonite
|choice||
|
|switch|p2a: Cloyster|Cloyster, L83|100\/100
|turn|27
|choice||
|
|move|p1a: Articuno|Mimic|p2a: Cloyster
|-start|p1a: Articuno|Mimic|Surf
|-damage|p1a: Articuno|65\/100 psn|[from] psn|[of] p2a: Cloyster
|move|p2a: Cloyster|Blizzard|p1a: Articuno
|-damage|p1a: Articuno|36\/100 psn
|
|turn|28
|choice||
|
|move|p1a: Articuno|Rest|p1a: Articuno
|-status|p1a: Articuno|slp
|-heal|p1a: Articuno|100\/100 slp|[silent]
|-status|p1a: Articuno|slp|[from] move: Rest
|move|p2a: Cloyster|Blizzard|p1a: Articuno
|-damage|p1a: Articuno|67\/100 slp
|
|turn|29
|choice||
|
|cant|p1a: Articuno|slp
|move|p2a: Cloyster|Blizzard|p1a: Articuno|[miss]
|-miss|p2a: Cloyster
|
|turn|30
|choice||
|
|-curestatus|p1a: Articuno|slp
|move|p2a: Cloyster|Blizzard|p1a: Articuno
|-damage|p1a: Articuno|34\/100
|
|turn|31
|choice||
|
|move|p1a: Articuno|Rest|p1a: Articuno
|-status|p1a: Articuno|slp
|-heal|p1a: Articuno|100\/100 slp|[silent]
|-status|p1a: Articuno|slp|[from] move: Rest
|move|p2a: Cloyster|Blizzard|p1a: Articuno
|-damage|p1a: Articuno|70\/100 slp
|
|turn|32
|choice||
|
|cant|p1a: Articuno|slp
|move|p2a: Cloyster|Blizzard|p1a: Articuno
|-damage|p1a: Articuno|38\/100 slp
|
|turn|33
|choice||
|
|-curestatus|p1a: Articuno|slp
|move|p2a: Cloyster|Blizzard|p1a: Articuno
|-damage|p1a: Articuno|4\/100
|
|turn|34
|choice||
|
|move|p1a: Articuno|Rest|p1a: Articuno
|-status|p1a: Articuno|slp
|-heal|p1a: Articuno|100\/100 slp|[silent]
|-status|p1a: Articuno|slp|[from] move: Rest
|move|p2a: Cloyster|Toxic|p1a: Articuno|[miss]
|-miss|p2a: Cloyster
|
|turn|35
|choice||
|
|cant|p1a: Articuno|slp
|move|p2a: Cloyster|Toxic|p1a: Articuno
|-fail|p1a: Articuno
|
|turn|36
|choice||
|
|-curestatus|p1a: Articuno|slp
|move|p2a: Cloyster|Surf|p1a: Articuno
|-damage|p1a: Articuno|76\/100
|
|turn|37
|choice||
|
|move|p1a: Articuno|Blizzard|p2a: Cloyster|[miss]
|-miss|p1a: Articuno
|move|p2a: Cloyster|Surf|p1a: Articuno
|-damage|p1a: Articuno|52\/100
|
|turn|38
|choice||
|
|move|p1a: Articuno|Blizzard|p2a: Cloyster
|-crit|p2a: Cloyster
|-resisted|p2a: Cloyster
|-damage|p2a: Cloyster|75\/100
|move|p2a: Cloyster|Surf|p1a: Articuno
|-crit|p1a: Articuno
|-damage|p1a: Articuno|0 fnt
|faint|p1a: Articuno
|choice||
|
|switch|p1a: Onix|Onix, L90|100\/100
|turn|39
|choice||
|
|move|p1a: Onix|Rock Slide|p2a: Cloyster|[miss]
|-miss|p1a: Onix
|move|p2a: Cloyster|Surf|p1a: Onix
|-supereffective|p1a: Onix
|-damage|p1a: Onix|0 fnt
|faint|p1a: Onix
|
|win|Knight Paladin
|player|p1
|player|p2