|j|Reverb
|j|LordRamirez
|player|p1|Reverb|#reverb
|player|p2|LordRamirez|244
|gametype|singles
|gen|1
|tier|[Gen 1] OU
|rated
|seed|51822,4173,18119,55294
|rule|Sleep Clause Mod: Limit one foe put to sleep
|rule|Freeze Clause Mod: Limit one foe frozen
|rule|Species Clause: Limit one of each Pokémon
|rule|OHKO Clause: OHKO moves are banned
|rule|Evasion Moves Clause: Evasion moves are banned
|rule|HP Percentage Mod: HP is shown in percentages
|
|start
|switch|p1a: Starmie|Starmie|323\/323
|switch|p2a: Chillex|Snorlax|523\/523
|turn|1
|choice|switch 2|move 4
|
|switch|p1a: Exeggutor|Exeggutor, M|393\/393
|move|p2a: Chillex|Toxic|p1a: Exeggutor
|-status|p1a: Exeggutor|tox
|
|turn|2
|choice|move 1|move 3
|
|move|p1a: Exeggutor|Sleep Powder|p2a: Chillex
|-status|p2a: Chillex|slp
|-damage|p1a: Exeggutor|369\/393 tox|[from] tox|[of] p2a: Chillex
|cant|p2a: Chillex|slp
|
|turn|3
|choice|switch 2|move 3
|
|switch|p1a: Starmie|Starmie|323\/323
|cant|p2a: Chillex|slp
|
|turn|4
|choice|move 3|switch 5
|
|switch|p2a: Ramirez|Raichu|323\/323
|move|p1a: Starmie|Blizzard|p2a: Ramirez
|-damage|p2a: Ramirez|213\/323
|
|turn|5
|j|orai9
|j|Stryxx
|choice|switch 2|move 2
|
|switch|p1a: Exeggutor|Exeggutor, M|369\/393 tox
|-status|p1a: Exeggutor|psn
|-damage|p1a: Exeggutor|345\/393 psn|[from] psn
|move|p2a: Ramirez|Thunderbolt|p1a: Exeggutor
|-resisted|p1a: Exeggutor
|-damage|p1a: Exeggutor|302\/393 psn
|
|turn|6
|choice|move 3|switch 3
|
|switch|p2a: Buchtel|Dragonite|385\/385
|move|p1a: Exeggutor|Psychic|p2a: Buchtel
|-damage|p2a: Buchtel|268\/385
|-damage|p1a: Exeggutor|278\/393 psn|[from] psn|[of] p2a: Buchtel
|
|turn|7
|choice|move 2|move 3
|
|move|p2a: Buchtel|Fire Blast|p1a: Exeggutor
|-supereffective|p1a: Exeggutor
|-damage|p1a: Exeggutor|123\/393 psn
|move|p1a: Exeggutor|Stun Spore|p2a: Buchtel
|-status|p2a: Buchtel|par
|-damage|p1a: Exeggutor|99\/393 psn|[from] psn|[of] p2a: Buchtel
|
|turn|8
|j|ShowBattle
|choice|move 4|move 1
|
|move|p1a: Exeggutor|Explosion|p2a: Buchtel
|-damage|p2a: Buchtel|20\/385 par
|faint|p1a: Exeggutor
|choice|switch 2|
|
|switch|p1a: Starmie|Starmie|323\/323
|turn|9
|choice|move 3|move 4
|
|move|p1a: Starmie|Blizzard|p2a: Buchtel
|-supereffective|p2a: Buchtel
|-damage|p2a: Buchtel|0 fnt
|faint|p2a: Buchtel
|l|orai9
|choice||switch 3
|
|switch|p2a: Ramirez|Raichu|213\/323
|turn|10
|choice|switch 4|move 2
|
|switch|p1a: Chansey|Chansey|703\/703
|move|p2a: Ramirez|Thunderbolt|p1a: Chansey
|-damage|p1a: Chansey|600\/703
|
|turn|11
|l|ShowBattle
|choice|move 2|switch 6
|
|switch|p2a: ???????????????|Venusaur|363\/363
|move|p1a: Chansey|Ice Beam|p2a: ???????????????
|-supereffective|p2a: ???????????????
|-damage|p2a: ???????????????|214\/363
|
|turn|12
|j|ShowBattle
|choice|switch 4|move 2
|
|switch|p1a: Starmie|Starmie|323\/323
|move|p2a: ???????????????|Leech Seed|p1a: Starmie
|-start|p1a: Starmie|move: Leech Seed
|
|turn|13
|j|LeInf
|choice|move 3|switch 6
|
|switch|p2a: Ramirez|Raichu|213\/323
|move|p1a: Starmie|Blizzard|p2a: Ramirez
|-damage|p2a: Ramirez|117\/323
|-damage|p1a: Starmie|303\/323|[from] Leech Seed|[of] p2a: Ramirez
|-heal|p2a: Ramirez|137\/323|[silent]
|
|turn|14
|choice|switch 4|move 2
|
|switch|p1a: Chansey|Chansey|600\/703
|move|p2a: Ramirez|Thunderbolt|p1a: Chansey
|-damage|p1a: Chansey|497\/703
|
|turn|15
|choice|move 4|switch 4
|
|switch|p2a: Lord|Gengar|323\/323
|move|p1a: Chansey|Soft-Boiled|p1a: Chansey
|-heal|p1a: Chansey|703\/703
|
|turn|16
|choice|switch 4|move 3
|
|switch|p1a: Starmie|Starmie|303\/323
|move|p2a: Lord|Hypnosis|p1a: Starmie
|-status|p1a: Starmie|slp
|
|turn|17
|l|Stryxx
|choice|switch 3|move 3
|
|switch|p1a: Snorlax|Snorlax, M|523\/523
|move|p2a: Lord|Hypnosis|p1a: Snorlax
|-message|Sleep Clause Mod activated.
|
|turn|18
|choice|move 2|switch 2
|
|switch|p2a: AL|Alakazam|313\/313
|move|p1a: Snorlax|Earthquake|p2a: AL
|-crit|p2a: AL
|-damage|p2a: AL|42\/313
|
|turn|19
|choice|move 2|move 4
|
|move|p2a: AL|Thunder Wave|p1a: Snorlax
|-status|p1a: Snorlax|par
|cant|p1a: Snorlax|par
|
|turn|20
|choice|move 1|move 2
|
|move|p2a: AL|Recover|p2a: AL
|-heal|p2a: AL|198\/313
|move|p1a: Snorlax|Body Slam|p2a: AL
|-damage|p2a: AL|20\/313
|-status|p2a: AL|par
|
|turn|21
|c| ShowBattle|un endormi lord pas deux
|choice|move 1|move 2
|
|move|p2a: AL|Recover|p2a: AL
|-heal|p2a: AL|176\/313 par
|move|p1a: Snorlax|Body Slam|p2a: AL
|-damage|p2a: AL|4\/313 par
|
|turn|22
|choice|move 1|move 2
|
|move|p2a: AL|Recover|p2a: AL
|-heal|p2a: AL|160\/313 par
|move|p1a: Snorlax|Body Slam|p2a: AL
|-damage|p2a: AL|0 fnt
|faint|p2a: AL
|choice||switch 6
|
|switch|p2a: ???????????????|Venusaur|214\/363
|turn|23
|choice|move 1|move 2
|
|move|p2a: ???????????????|Leech Seed|p1a: Snorlax
|-start|p1a: Snorlax|move: Leech Seed
|move|p1a: Snorlax|Body Slam|p2a: ???????????????
|-damage|p2a: ???????????????|89\/363
|-damage|p1a: Snorlax|491\/523 par|[from] Leech Seed|[of] p2a: ???????????????
|-heal|p2a: ???????????????|121\/363|[silent]
|
|turn|24
|choice|move 1|move 4
|
|move|p2a: ???????????????|Body Slam|p1a: Snorlax
|-damage|p1a: Snorlax|409\/523 par
|move|p1a: Snorlax|Body Slam|p2a: ???????????????
|-damage|p2a: ???????????????|0 fnt
|faint|p2a: ???????????????
|choice||switch 5
|
|switch|p2a: Chillex|Snorlax|523\/523 slp
|turn|25
|choice|switch 6|move 1
|
|switch|p1a: Persian|Persian, M|333\/333
|-curestatus|p2a: Chillex|slp
|
|turn|26
|choice|switch 4|move 4
|
|switch|p1a: Chansey|Chansey|703\/703
|move|p2a: Chillex|Toxic|p1a: Chansey
|-status|p1a: Chansey|tox
|
|turn|27
|choice|move 1|move 1
|
|move|p1a: Chansey|Thunder Wave|p2a: Chillex
|-status|p2a: Chillex|par
|-damage|p1a: Chansey|660\/703 tox|[from] tox|[of] p2a: Chillex
|move|p2a: Chillex|Psychic|p1a: Chansey
|-damage|p1a: Chansey|607\/703 tox
|
|turn|28
|choice|move 3|move 1
|
|move|p1a: Chansey|Thunderbolt|p2a: Chillex
|-damage|p2a: Chillex|416\/523 par
|-damage|p1a: Chansey|521\/703 tox|[from] tox|[of] p2a: Chillex
|cant|p2a: Chillex|par
|
|turn|29
|choice|move 3|move 3
|
|move|p1a: Chansey|Thunderbolt|p2a: Chillex
|-damage|p2a: Chillex|317\/523 par
|-damage|p1a: Chansey|392\/703 tox|[from] tox|[of] p2a: Chillex
|cant|p2a: Chillex|par
|
|turn|30
|choice|switch 3|move 3
|
|switch|p1a: Starmie|Starmie|303\/323 slp
|cant|p2a: Chillex|par
|
|turn|31
|choice|switch 3|move 3
|
|switch|p1a: Chansey|Chansey|392\/703 tox
|-status|p1a: Chansey|psn
|-damage|p1a: Chansey|349\/703 psn|[from] psn
|move|p2a: Chillex|Ice Beam|p1a: Chansey
|-damage|p1a: Chansey|296\/703 psn
|
|turn|32
|l|ShowBattle
|choice|move 4|move 1
|
|move|p1a: Chansey|Soft-Boiled|p1a: Chansey
|-heal|p1a: Chansey|647\/703 psn
|-damage|p1a: Chansey|604\/703 psn|[from] psn
|move|p2a: Chillex|Psychic|p1a: Chansey
|-damage|p1a: Chansey|548\/703 psn
|-unboost|p1a: Chansey|spd|1
|-unboost|p1a: Chansey|spa|1
|
|turn|33
|choice|switch 3|move 1
|
|switch|p1a: Starmie|Starmie|303\/323 slp
|move|p2a: Chillex|Psychic|p1a: Starmie
|-resisted|p1a: Starmie
|-damage|p1a: Starmie|277\/323 slp
|
|turn|34
|choice|switch 3|move 3
|
|switch|p1a: Chansey|Chansey|548\/703 psn
|-damage|p1a: Chansey|505\/703 psn|[from] psn
|cant|p2a: Chillex|par
|
|turn|35
|choice|move 3|move 3
|
|move|p1a: Chansey|Thunderbolt|p2a: Chillex
|-damage|p2a: Chillex|217\/523 par
|-damage|p1a: Chansey|462\/703 psn|[from] psn|[of] p2a: Chillex
|cant|p2a: Chillex|par
|
|turn|36
|choice|move 3|move 3
|
|move|p1a: Chansey|Thunderbolt|p2a: Chillex
|-damage|p2a: Chillex|114\/523 par
|-damage|p1a: Chansey|419\/703 psn|[from] psn|[of] p2a: Chillex
|move|p2a: Chillex|Ice Beam|p1a: Chansey
|-damage|p1a: Chansey|367\/703 psn
|
|turn|37
|choice|move 4|move 2
|
|move|p1a: Chansey|Soft-Boiled|p1a: Chansey
|-heal|p1a: Chansey|703\/703 psn
|-damage|p1a: Chansey|660\/703 psn|[from] psn
|cant|p2a: Chillex|par
|
|turn|38
|l|LeInf
|choice|move 3|move 2
|
|move|p1a: Chansey|Thunderbolt|p2a: Chillex
|-damage|p2a: Chillex|9\/523 par
|-damage|p1a: Chansey|617\/703 psn|[from] psn|[of] p2a: Chillex
|move|p2a: Chillex|Rest|p2a: Chillex
|-status|p2a: Chillex|slp
|-heal|p2a: Chillex|523\/523 slp|[silent]
|-status|p2a: Chillex|slp|[from] move: Rest
|
|turn|39
|j|Caetano93
|choice|switch 4|switch 2
|
|switch|p1a: Persian|Persian, M|333\/333
|switch|p2a: Lord|Gengar|323\/323
|
|turn|40
|choice|switch 4|move 3
|
|switch|p1a: Chansey|Chansey|617\/703 psn
|-damage|p1a: Chansey|574\/703 psn|[from] psn
|move|p2a: Lord|Hypnosis|p1a: Chansey
|-fail|p1a: Chansey
|
|turn|41
|choice|move 2|move 1
|
|move|p2a: Lord|Night Shade|p1a: Chansey
|-damage|p1a: Chansey|474\/703 psn
|move|p1a: Chansey|Ice Beam|p2a: Lord
|-damage|p2a: Lord|258\/323
|-damage|p1a: Chansey|431\/703 psn|[from] psn|[of] p2a: Lord
|
|turn|42
|choice|move 4|move 1
|
|move|p2a: Lord|Night Shade|p1a: Chansey
|-damage|p1a: Chansey|331\/703 psn
|move|p1a: Chansey|Soft-Boiled|p1a: Chansey
|-heal|p1a: Chansey|682\/703 psn
|-damage|p1a: Chansey|639\/703 psn|[from] psn
|
|turn|43
|choice|move 2|move 1
|
|move|p2a: Lord|Night Shade|p1a: Chansey
|-damage|p1a: Chansey|539\/703 psn
|move|p1a: Chansey|Ice Beam|p2a: Lord
|-crit|p2a: Lord
|-damage|p2a: Lord|134\/323
|-damage|p1a: Chansey|496\/703 psn|[from] psn|[of] p2a: Lord
|
|turn|44
|choice|move 4|move 1
|
|move|p2a: Lord|Night Shade|p1a: Chansey
|-damage|p1a: Chansey|396\/703 psn
|move|p1a: Chansey|Soft-Boiled|p1a: Chansey
|-heal|p1a: Chansey|703\/703 psn
|-damage|p1a: Chansey|660\/703 psn|[from] psn
|
|turn|45
|choice|move 2|switch 4
|
|switch|p2a: Ramirez|Raichu|137\/323
|move|p1a: Chansey|Ice Beam|p2a: Ramirez
|-damage|p2a: Ramirez|51\/323
|-damage|p1a: Chansey|617\/703 psn|[from] psn|[of] p2a: Ramirez
|
|turn|46
|choice|move 2|move 4
|
|move|p2a: Ramirez|Hyper Beam|p1a: Chansey
|-damage|p1a: Chansey|341\/703 psn
|move|p1a: Chansey|Ice Beam|p2a: Ramirez
|-damage|p2a: Ramirez|0 fnt
|faint|p2a: Ramirez
|choice||switch 2
|
|switch|p2a: Chillex|Snorlax|523\/523 slp
|turn|47
|choice|switch 4|move 3
|
|switch|p1a: Persian|Persian, M|333\/333
|cant|p2a: Chillex|slp
|
|turn|48
|choice|move 4|move 1
|
|move|p1a: Persian|Screech|p2a: Chillex
|-unboost|p2a: Chillex|def|2
|-curestatus|p2a: Chillex|slp
|
|turn|49
|choice|move 2|move 1
|
|move|p1a: Persian|Hyper Beam|p2a: Chillex
|-damage|p2a: Chillex|162\/523
|move|p2a: Chillex|Psychic|p1a: Persian
|-damage|p1a: Persian|258\/333
|
|turn|50
|-mustrecharge|p1a: Persian
|-mustrecharge|p1a: Persian
|choice|move 1|move 3
|
|cant|p1a: Persian|recharge
|move|p2a: Chillex|Ice Beam|p1a: Persian
|-damage|p1a: Persian|183\/333
|
|turn|51
|choice|move 1|move 3
|
|move|p1a: Persian|Slash|p2a: Chillex
|-crit|p2a: Chillex
|-damage|p2a: Chillex|0 fnt
|faint|p2a: Chillex
|choice||switch 4
|
|switch|p2a: Lord|Gengar|134\/323
|turn|52
|choice|move 3|move 2
|
|move|p1a: Persian|Bubble Beam|p2a: Lord
|-damage|p2a: Lord|104\/323
|move|p2a: Lord|Psychic|p1a: Persian
|-damage|p1a: Persian|72\/333
|
|turn|53
|choice|move 3|move 2
|
|move|p1a: Persian|Bubble Beam|p2a: Lord
|-damage|p2a: Lord|70\/323
|move|p2a: Lord|Psychic|p1a: Persian
|-damage|p1a: Persian|0 fnt
|faint|p1a: Persian
|choice|switch 5|
|
|switch|p1a: Tauros|Tauros|353\/353
|turn|54
|choice|move 2|move 3
|
|move|p1a: Tauros|Earthquake|p2a: Lord
|-supereffective|p2a: Lord
|-damage|p2a: Lord|0 fnt
|faint|p2a: Lord
|
|win|Reverb
|player|p1
|player|p2
|c|★Reverb|gg
|l|LordRamirez
|raw|Reverb's rating: 1331 &rarr; <strong>1338<\/strong><br \/>(+7 for winning)
|raw|LordRamirez's rating: 1063 &rarr; <strong>1057<\/strong><br \/>(-6 for losing)