|join|Dubbioman
|join|toiho-toiho
|player|p1|Dubbioman|165
|player|p2|toiho-toiho|102
|gametype|singles
|gen|1
|tier|[Gen 1] Random Battle
|rated
|rule|Sleep Clause Mod: Limit one foe put to sleep
|rule|Freeze Clause Mod: Limit one foe frozen
|rule|HP Percentage Mod: HP is shown in percentages
|
|start
|switch|p1a: Magnemite|Magnemite, L96|243\/243
|switch|p2a: Geodude|Geodude, L96|272\/272
|turn|1
|
|switch|p1a: Ivysaur|Ivysaur, L85|276\/276
|move|p2a: Geodude|Earthquake|p1a: Ivysaur
|-damage|p1a: Ivysaur|139\/276
|
|turn|2
|
|switch|p2a: Parasect|Parasect, L85|276\/276
|move|p1a: Ivysaur|Razor Leaf|p2a: Parasect
|-crit|p2a: Parasect
|-resisted|p2a: Parasect
|-damage|p2a: Parasect|251\/276
|
|turn|3
|
|move|p1a: Ivysaur|Toxic|p2a: Parasect
|-status|p2a: Parasect|tox
|move|p2a: Parasect|Spore|p1a: Ivysaur
|-status|p1a: Ivysaur|slp
|-damage|p2a: Parasect|234\/276 tox|[from] tox|[of] p1a: Ivysaur
|
|turn|4
|
|cant|p1a: Ivysaur|slp
|move|p2a: Parasect|Slash|p1a: Ivysaur
|-damage|p1a: Ivysaur|81\/276 slp
|-damage|p2a: Parasect|200\/276 tox|[from] tox|[of] p1a: Ivysaur
|
|turn|5
|
|switch|p1a: Magnemite|Magnemite, L96|243\/243
|move|p2a: Parasect|Slash|p1a: Magnemite
|-damage|p1a: Magnemite|193\/243
|-damage|p2a: Parasect|149\/276 tox|[from] tox|[of] p1a: Magnemite
|
|turn|6
|
|switch|p2a: Geodude|Geodude, L96|272\/272
|move|p1a: Magnemite|Mimic|p2a: Geodude
|-start|p1a: Magnemite|Mimic|Explosion
|
|turn|7
|
|switch|p1a: Starmie|Starmie, L79|257\/257
|move|p2a: Geodude|Earthquake|p1a: Starmie
|-damage|p1a: Starmie|131\/257
|
|turn|8
|
|switch|p2a: Parasect|Parasect, L85|149\/276 tox
|-status|p2a: Parasect|psn
|-damage|p2a: Parasect|132\/276 psn|[from] psn
|move|p1a: Starmie|Blizzard|p2a: Parasect
|-supereffective|p2a: Parasect
|-damage|p2a: Parasect|0 fnt
|faint|p2a: Parasect
|
|switch|p2a: Mew|Mew, L74|300\/300
|turn|9
|
|move|p1a: Starmie|Thunder Wave|p2a: Mew
|-status|p2a: Mew|par
|move|p2a: Mew|Thunderbolt|p1a: Starmie
|-supereffective|p1a: Starmie
|-damage|p1a: Starmie|28\/257
|
|turn|10
|
|move|p1a: Starmie|Recover|p1a: Starmie
|-heal|p1a: Starmie|156\/257
|cant|p2a: Mew|par
|
|turn|11
|
|move|p1a: Starmie|Blizzard|p2a: Mew
|-damage|p2a: Mew|223\/300 par
|cant|p2a: Mew|par
|
|turn|12
|
|move|p1a: Starmie|Recover|p1a: Starmie
|-heal|p1a: Starmie|257\/257
|move|p2a: Mew|Explosion|p1a: Starmie
|-damage|p1a: Starmie|49\/257
|faint|p2a: Mew
|
|switch|p2a: Vileplume|Vileplume, L85|301\/301
|turn|13
|
|move|p1a: Starmie|Blizzard|p2a: Vileplume
|-supereffective|p2a: Vileplume
|-damage|p2a: Vileplume|166\/301
|move|p2a: Vileplume|Swords Dance|p2a: Vileplume
|-boost|p2a: Vileplume|atk|2
|
|turn|14
|
|move|p1a: Starmie|Blizzard|p2a: Vileplume
|-supereffective|p2a: Vileplume
|-damage|p2a: Vileplume|31\/301
|move|p2a: Vileplume|Body Slam|p1a: Starmie
|-damage|p1a: Starmie|0 fnt
|faint|p1a: Starmie
|
|switch|p1a: Clefable|Clefable, L85|335\/335
|turn|15
|
|switch|p2a: Vaporeon|Vaporeon, L85|395\/395
|move|p1a: Clefable|Ice Beam|p2a: Vaporeon
|-resisted|p2a: Vaporeon
|-damage|p2a: Vaporeon|367\/395
|
|turn|16
|
|move|p2a: Vaporeon|Blizzard|p1a: Clefable
|-damage|p1a: Clefable|239\/335
|move|p1a: Clefable|Thunderbolt|p2a: Vaporeon
|-supereffective|p2a: Vaporeon
|-damage|p2a: Vaporeon|255\/395
|
|turn|17
|
|move|p2a: Vaporeon|Blizzard|p1a: Clefable
|-crit|p1a: Clefable
|-damage|p1a: Clefable|55\/335
|move|p1a: Clefable|Sing|p2a: Vaporeon|[miss]
|-miss|p1a: Clefable
|
|turn|18
|
|move|p2a: Vaporeon|Blizzard|p1a: Clefable
|-damage|p1a: Clefable|0 fnt
|faint|p1a: Clefable
|
|switch|p1a: Jolteon|Jolteon, L85|284\/284
|turn|19
|
|switch|p2a: Vileplume|Vileplume, L85|31\/301
|move|p1a: Jolteon|Double Kick|p2a: Vileplume
|-resisted|p2a: Vileplume
|-damage|p2a: Vileplume|22\/301
|-damage|p2a: Vileplume|13\/301
|-hitcount|p2a: Vileplume|2
|
|turn|20
|
|move|p1a: Jolteon|Body Slam|p2a: Vileplume
|-crit|p2a: Vileplume
|-damage|p2a: Vileplume|0 fnt
|faint|p2a: Vileplume
|
|switch|p2a: Geodude|Geodude, L96|272\/272
|turn|21
|
|switch|p1a: Ivysaur|Ivysaur, L85|81\/276 slp
|move|p2a: Geodude|Earthquake|p1a: Ivysaur
|-damage|p1a: Ivysaur|0 fnt
|faint|p1a: Ivysaur
|
|switch|p1a: Tauros|Tauros, L79|280\/280
|turn|22
|
|switch|p2a: Vaporeon|Vaporeon, L85|255\/395
|move|p1a: Tauros|Earthquake|p2a: Vaporeon
|-damage|p2a: Vaporeon|178\/395
|
|turn|23
|
|move|p1a: Tauros|Body Slam|p2a: Vaporeon
|-crit|p2a: Vaporeon
|-damage|p2a: Vaporeon|0 fnt
|faint|p2a: Vaporeon
|c|★toiho-toiho|that did hurt...
|
|switch|p2a: Ninetales|Ninetales, L85|298\/298
|turn|24
|
|move|p2a: Ninetales|Fire Blast|p1a: Tauros|[miss]
|-miss|p2a: Ninetales
|move|p1a: Tauros|Earthquake|p2a: Ninetales
|-supereffective|p2a: Ninetales
|-damage|p2a: Ninetales|164\/298
|
|turn|25
|
|move|p2a: Ninetales|Fire Blast|p1a: Tauros
|-damage|p1a: Tauros|115\/280
|move|p1a: Tauros|Hyper Beam|p2a: Ninetales
|-damage|p2a: Ninetales|14\/298
|
|turn|26
|
|move|p2a: Ninetales|Fire Blast|p1a: Tauros
|-damage|p1a: Tauros|0 fnt
|faint|p1a: Tauros
|
|switch|p1a: Jolteon|Jolteon, L85|284\/284
|turn|27
|
|move|p1a: Jolteon|Body Slam|p2a: Ninetales
|-damage|p2a: Ninetales|0 fnt
|faint|p2a: Ninetales
|
|switch|p2a: Geodude|Geodude, L96|272\/272
|turn|28
|
|move|p1a: Jolteon|Sand Attack|p2a: Geodude
|-unboost|p2a: Geodude|accuracy|1
|move|p2a: Geodude|Earthquake|p1a: Jolteon
|-supereffective|p1a: Jolteon
|-damage|p1a: Jolteon|0 fnt
|faint|p1a: Jolteon
|
|switch|p1a: Magnemite|Magnemite, L96|193\/243
|turn|29
|
|move|p1a: Magnemite|Mimic|p2a: Geodude
|-start|p1a: Magnemite|Mimic|Earthquake
|move|p2a: Geodude|Earthquake|p1a: Magnemite
|-supereffective|p1a: Magnemite
|-damage|p1a: Magnemite|0 fnt
|faint|p1a: Magnemite
|
|win|toiho-toiho
|raw|Ladder updating...
|raw|Dubbioman's rating: 1359 &rarr; <strong>1331<\/strong><br \/>(-28 for losing)
|raw|toiho-toiho's rating: 1216 &rarr; <strong>1250<\/strong><br \/>(+34 for winning)
|leave|Dubbioman
|player|p1
|c|★toiho-toiho|gg