|join|ggc
|join|Guerolino_
|player|p1|ggc|10
|player|p2|Guerolino_|34
|gametype|singles
|gen|1
|tier|[Gen 1] OU (beta)
|rated
|rule|Sleep Clause Mod: Limit one foe put to sleep
|rule|Species Clause: Limit one of each Pokémon
|rule|OHKO Clause: OHKO moves are banned
|rule|Moody Clause: Moody is banned
|rule|Evasion Moves Clause: Evasion moves are banned
|rule|Endless Battle Clause: Forcing endless battles is banned
|rule|HP Percentage Mod: HP is shown in percentages
|
|start
|switch|p1a: Gengar|Gengar|323\/323
|switch|p2a: Onix|Onix|273\/273
|turn|1
|
|switch|p1a: Exeggutor|Exeggutor|393\/393
|move|p2a: Onix|Earthquake|p1a: Exeggutor
|-resisted|p1a: Exeggutor
|-damage|p1a: Exeggutor|349\/393
|
|turn|2
|
|switch|p2a: Lapras|Lapras|463\/463
|move|p1a: Exeggutor|Sleep Powder|p2a: Lapras
|-status|p2a: Lapras|slp
|
|turn|3
|
|switch|p2a: Zapdos|Zapdos|383\/383
|move|p1a: Exeggutor|Psychic|p2a: Zapdos
|-damage|p2a: Zapdos|278\/383
|
|turn|4
|
|switch|p1a: Alakazam|Alakazam|313\/313
|move|p2a: Zapdos|Thunder Wave|p1a: Alakazam
|-status|p1a: Alakazam|par
|
|turn|5
|
|switch|p2a: Onix|Onix|273\/273
|cant|p1a: Alakazam|par
|
|turn|6
|
|switch|p2a: Butterfree|Butterfree|323\/323
|switch|p1a: Exeggutor|Exeggutor|349\/393
|
|turn|7
|
|switch|p1a: Gengar|Gengar|323\/323
|move|p2a: Butterfree|Sleep Powder|p1a: Gengar
|-status|p1a: Gengar|slp
|
|turn|8
|
|switch|p1a: Exeggutor|Exeggutor|349\/393
|switch|p2a: Zapdos|Zapdos|278\/383
|
|turn|9
|
|move|p2a: Zapdos|Drill Peck|p1a: Exeggutor
|-supereffective|p1a: Exeggutor
|-damage|p1a: Exeggutor|157\/393
|move|p1a: Exeggutor|Stun Spore|p2a: Zapdos
|-status|p2a: Zapdos|par
|
|turn|10
|
|switch|p1a: Alakazam|Alakazam|313\/313 par
|move|p2a: Zapdos|Agility|p2a: Zapdos
|-boost|p2a: Zapdos|spe|2
|
|turn|11
|
|move|p2a: Zapdos|Thunderbolt|p1a: Alakazam
|-damage|p1a: Alakazam|200\/313 par
|cant|p1a: Alakazam|par
|
|turn|12
|
|switch|p1a: Chansey|Chansey|703\/703
|move|p2a: Zapdos|Drill Peck|p1a: Chansey
|-damage|p1a: Chansey|466\/703
|
|turn|13
|
|switch|p2a: Onix|Onix|273\/273
|move|p1a: Chansey|Ice Beam|p2a: Onix
|-supereffective|p2a: Onix
|-damage|p2a: Onix|3\/273
|
|turn|14
|
|move|p2a: Onix|Explosion|p1a: Chansey
|-damage|p1a: Chansey|0 fnt
|faint|p1a: Chansey
|faint|p2a: Onix
|
|switch|p1a: Alakazam|Alakazam|200\/313 par
|switch|p2a: Zapdos|Zapdos|278\/383 par
|turn|15
|
|cant|p1a: Alakazam|par
|move|p2a: Zapdos|Agility|p2a: Zapdos
|-boost|p2a: Zapdos|spe|2
|
|turn|16
|join|Blue53
|
|move|p2a: Zapdos|Drill Peck|p1a: Alakazam
|-crit|p1a: Alakazam
|-damage|p1a: Alakazam|0 fnt
|faint|p1a: Alakazam
|
|switch|p1a: Tauros|Tauros|353\/353
|turn|17
|chat|Blue53|Onix?
|chat|Blue53|interesting 
|chat|Guerolino_|Thanks :]
|
|switch|p2a: Butterfree|Butterfree|323\/323
|move|p1a: Tauros|Blizzard|p2a: Butterfree|[miss]
|-miss|p1a: Tauros
|
|turn|18
|
|switch|p1a: Exeggutor|Exeggutor|157\/393
|switch|p2a: Lapras|Lapras|463\/463 slp
|
|turn|19
|
|switch|p1a: Starmie|Starmie|323\/323
|cant|p2a: Lapras|slp
|
|turn|20
|
|move|p1a: Starmie|Thunderbolt|p2a: Lapras
|-supereffective|p2a: Lapras
|-damage|p2a: Lapras|302\/463 slp
|cant|p2a: Lapras|slp
|-curestatus|p2a: Lapras|slp
|
|turn|21
|
|move|p1a: Starmie|Thunderbolt|p2a: Lapras
|-supereffective|p2a: Lapras
|-damage|p2a: Lapras|136\/463
|move|p2a: Lapras|Thunderbolt|p1a: Starmie
|-supereffective|p1a: Starmie
|-damage|p1a: Starmie|178\/323
|-status|p1a: Starmie|par
|
|turn|22
|chat|Guerolino_|sorry
|
|move|p2a: Lapras|Thunderbolt|p1a: Starmie
|-supereffective|p1a: Starmie
|-damage|p1a: Starmie|27\/323 par
|move|p1a: Starmie|Thunderbolt|p2a: Lapras
|-crit|p2a: Lapras
|-supereffective|p2a: Lapras
|-damage|p2a: Lapras|0 fnt
|faint|p2a: Lapras
|
|switch|p2a: Alakazam|Alakazam|313\/313
|turn|23
|
|switch|p1a: Exeggutor|Exeggutor|157\/393
|move|p2a: Alakazam|Psychic|p1a: Exeggutor
|-resisted|p1a: Exeggutor
|-damage|p1a: Exeggutor|101\/393
|-unboost|p1a: Exeggutor|spd|1
|-unboost|p1a: Exeggutor|spa|1
|
|turn|24
|
|move|p2a: Alakazam|Seismic Toss|p1a: Exeggutor
|-damage|p1a: Exeggutor|1\/393
|move|p1a: Exeggutor|Sleep Powder|p2a: Alakazam
|-status|p2a: Alakazam|slp
|
|turn|25
|
|switch|p2a: Butterfree|Butterfree|323\/323
|switch|p1a: Tauros|Tauros|353\/353
|
|turn|26
|
|move|p1a: Tauros|Body Slam|p2a: Butterfree
|-damage|p2a: Butterfree|185\/323
|move|p2a: Butterfree|Stun Spore|p1a: Tauros
|-status|p1a: Tauros|par
|
|turn|27
|
|move|p2a: Butterfree|Mega Drain|p1a: Tauros
|-damage|p1a: Tauros|318\/353 par
|-heal|p2a: Butterfree|203\/323|[from] drain|[of] p1a: Tauros
|move|p1a: Tauros|Hyper Beam|p2a: Butterfree
|-damage|p2a: Butterfree|0 fnt
|faint|p2a: Butterfree
|
|switch|p2a: Zapdos|Zapdos|278\/383 par
|turn|28
|
|move|p1a: Tauros|Blizzard|p2a: Zapdos
|-supereffective|p2a: Zapdos
|-damage|p2a: Zapdos|150\/383 par
|move|p2a: Zapdos|Agility|p2a: Zapdos
|-boost|p2a: Zapdos|spe|2
|
|turn|29
|
|cant|p2a: Zapdos|par
|cant|p1a: Tauros|par
|
|turn|30
|chat|Guerolino_|In see you are high on the ladder
|chat|ggc|zapdos gives me problems
|
|cant|p2a: Zapdos|par
|move|p1a: Tauros|Hyper Beam|p2a: Zapdos
|-damage|p2a: Zapdos|0 fnt
|faint|p2a: Zapdos
|chat|ggc|and I forgot the speed of onix
|
|switch|p2a: Tauros|Tauros|353\/353
|turn|31
|chat|Blue53|I've always used raichu
|chat|Blue53|for surf
|chat|Blue53|but he's rather...weak
|
|move|p2a: Tauros|Body Slam|p1a: Tauros
|-damage|p1a: Tauros|212\/353 par
|cant|p1a: Tauros|par
|
|turn|32
|
|move|p2a: Tauros|Hyper Beam|p1a: Tauros
|-damage|p1a: Tauros|24\/353 par
|move|p1a: Tauros|Body Slam|p2a: Tauros
|-damage|p2a: Tauros|257\/353
|
|turn|33
|
|cant|p2a: Tauros|recharge
|cant|p1a: Tauros|par
|
|turn|34
|
|move|p2a: Tauros|Earthquake|p1a: Tauros
|-damage|p1a: Tauros|0 fnt
|faint|p1a: Tauros
|
|switch|p1a: Gengar|Gengar|323\/323 slp
|turn|35
|
|cant|p1a: Gengar|slp
|move|p2a: Tauros|Earthquake|p1a: Gengar
|-supereffective|p1a: Gengar
|-damage|p1a: Gengar|110\/323 slp
|
|turn|36
|
|cant|p1a: Gengar|slp
|-curestatus|p1a: Gengar|slp
|move|p2a: Tauros|Earthquake|p1a: Gengar
|-supereffective|p1a: Gengar
|-damage|p1a: Gengar|0 fnt
|faint|p1a: Gengar
|
|switch|p1a: Exeggutor|Exeggutor|1\/393
|turn|37
|
|move|p2a: Tauros|Body Slam|p1a: Exeggutor
|-damage|p1a: Exeggutor|0 fnt
|faint|p1a: Exeggutor
|
|switch|p1a: Starmie|Starmie|27\/323 par
|turn|38
|
|move|p2a: Tauros|Body Slam|p1a: Starmie
|-damage|p1a: Starmie|0 fnt
|faint|p1a: Starmie
|
|win|Guerolino_
|raw|Ladder updating...
|raw|ggc's rating: 1435 &rarr; <strong>1401<\/strong><br \/>(-34 for losing)
|raw|Guerolino_'s rating: 1141 &rarr; <strong>1183<\/strong><br \/>(+42 for winning)
|leave|ggc
|player|p1