|j|LibertarianMaster
|j|Sun Rays1
|player|p1|LibertarianMaster|59
|player|p2|Sun Rays1|107
|gametype|singles
|gen|1
|tier|[Gen 1] Random Battle
|seed|40815,10342,39445,14476
|rule|Sleep Clause Mod: Limit one foe put to sleep
|rule|Freeze Clause Mod: Limit one foe frozen
|rule|HP Percentage Mod: HP is shown in percentages
|
|start
|switch|p1a: Arcanine|Arcanine, L85|327\/327
|switch|p2a: Slowpoke|Slowpoke, L96|368\/368
|turn|1
|choice|switch 6|move 1
|
|switch|p1a: Magneton|Magneton, L90|273\/273
|move|p2a: Slowpoke|Surf|p1a: Magneton
|-damage|p1a: Magneton|217\/273
|
|turn|2
|c|★LibertarianMaster|usually i only play rated random battles
|choice|move 1|switch 4
|
|switch|p2a: Dugtrio|Dugtrio, L85|233\/233
|move|p1a: Magneton|Thunderbolt|p2a: Dugtrio
|-immune|p2a: Dugtrio|[msg]
|
|turn|3
|choice|switch 3|move 4
|
|switch|p1a: Dragonite|Dragonite, L85|328\/328
|move|p2a: Dugtrio|Mimic|p1a: Dragonite
|-start|p2a: Dugtrio|Mimic|Surf
|
|turn|4
|choice|move 1|switch 3
|
|switch|p2a: Zapdos|Zapdos, L79|304\/304
|move|p1a: Dragonite|Surf|p2a: Zapdos
|-damage|p2a: Zapdos|247\/304
|
|turn|5
|choice|move 4|move 4
|
|move|p2a: Zapdos|Thunder Wave|p1a: Dragonite
|-status|p1a: Dragonite|par
|cant|p1a: Dragonite|par
|
|turn|6
|choice|move 4|move 3
|
|move|p2a: Zapdos|Agility|p2a: Zapdos
|-boost|p2a: Zapdos|spe|2
|move|p1a: Dragonite|Ice Beam|p2a: Zapdos
|-supereffective|p2a: Zapdos
|-damage|p2a: Zapdos|135\/304
|
|turn|7
|choice|move 3|move 2
|
|move|p2a: Zapdos|Thunderbolt|p1a: Dragonite
|-damage|p1a: Dragonite|235\/328 par
|move|p1a: Dragonite|Agility|p1a: Dragonite
|-boost|p1a: Dragonite|spe|2
|
|turn|8
|choice|move 4|move 2
|
|move|p2a: Zapdos|Thunderbolt|p1a: Dragonite
|-damage|p1a: Dragonite|139\/328 par
|move|p1a: Dragonite|Ice Beam|p2a: Zapdos
|-supereffective|p2a: Zapdos
|-damage|p2a: Zapdos|6\/304
|
|turn|9
|choice|move 4|move 2
|
|move|p2a: Zapdos|Thunderbolt|p1a: Dragonite
|-damage|p1a: Dragonite|43\/328 par
|move|p1a: Dragonite|Ice Beam|p2a: Zapdos
|-supereffective|p2a: Zapdos
|-damage|p2a: Zapdos|0 fnt
|faint|p2a: Zapdos
|choice||switch 4
|
|switch|p2a: Slowpoke|Slowpoke, L96|368\/368
|turn|10
|choice|move 2|move 2
|
|cant|p1a: Dragonite|par
|move|p2a: Slowpoke|Amnesia|p2a: Slowpoke
|-boost|p2a: Slowpoke|spd|2
|-boost|p2a: Slowpoke|spa|2
|
|turn|11
|choice|move 2|move 1
|
|move|p2a: Slowpoke|Surf|p1a: Dragonite
|-resisted|p1a: Dragonite
|-damage|p1a: Dragonite|0 fnt
|faint|p1a: Dragonite
|choice|switch 3|
|
|switch|p1a: Magneton|Magneton, L90|217\/273
|turn|12
|choice|move 3|switch 3
|
|switch|p2a: Dugtrio|Dugtrio, L85|233\/233
|move|p1a: Magneton|Double-Edge|p2a: Dugtrio
|-damage|p2a: Dugtrio|154\/233
|-damage|p1a: Magneton|198\/273|[from] recoil|[of] p2a: Dugtrio
|
|turn|13
|choice|switch 4|move 1
|
|switch|p1a: Seaking|Seaking, L90|327\/327
|move|p2a: Dugtrio|Earthquake|p1a: Seaking
|-damage|p1a: Seaking|223\/327
|
|turn|14
|choice|move 1|switch 3
|
|switch|p2a: Slowpoke|Slowpoke, L96|368\/368
|move|p1a: Seaking|Surf|p2a: Slowpoke
|-resisted|p2a: Slowpoke
|-damage|p2a: Slowpoke|302\/368
|
|turn|15
|choice|move 3|move 3
|
|move|p1a: Seaking|Double-Edge|p2a: Slowpoke
|-damage|p2a: Slowpoke|218\/368
|-damage|p1a: Seaking|202\/327|[from] recoil|[of] p2a: Slowpoke
|move|p2a: Slowpoke|Thunder Wave|p1a: Seaking
|-status|p1a: Seaking|par
|
|turn|16
|choice|switch 4|move 2
|
|switch|p1a: Magneton|Magneton, L90|198\/273
|move|p2a: Slowpoke|Amnesia|p2a: Slowpoke
|-boost|p2a: Slowpoke|spd|2
|-boost|p2a: Slowpoke|spa|2
|
|turn|17
|choice|move 3|switch 3
|
|switch|p2a: Dugtrio|Dugtrio, L85|154\/233
|move|p1a: Magneton|Double-Edge|p2a: Dugtrio
|-damage|p2a: Dugtrio|73\/233
|-damage|p1a: Magneton|178\/273|[from] recoil|[of] p2a: Dugtrio
|
|turn|18
|choice|switch 2|move 1
|
|switch|p1a: Dodrio|Dodrio, L85|276\/276
|move|p2a: Dugtrio|Earthquake|p1a: Dodrio
|-immune|p1a: Dodrio|[msg]
|
|turn|19
|choice|move 3|move 2
|
|move|p2a: Dugtrio|Slash|p1a: Dodrio
|-crit|p1a: Dodrio
|-damage|p1a: Dodrio|169\/276
|move|p1a: Dodrio|Body Slam|p2a: Dugtrio
|-damage|p2a: Dugtrio|0 fnt
|faint|p2a: Dugtrio
|choice||switch 3
|
|switch|p2a: Slowpoke|Slowpoke, L96|218\/368
|turn|20
|choice|switch 4|move 3
|
|switch|p1a: Seaking|Seaking, L90|202\/327 par
|move|p2a: Slowpoke|Thunder Wave|p1a: Seaking
|-fail|p1a: Seaking|par
|
|turn|21
|choice|move 3|move 2
|
|move|p2a: Slowpoke|Amnesia|p2a: Slowpoke
|-boost|p2a: Slowpoke|spd|2
|-boost|p2a: Slowpoke|spa|2
|cant|p1a: Seaking|par
|
|turn|22
|choice|move 2|move 1
|
|move|p2a: Slowpoke|Surf|p1a: Seaking
|-resisted|p1a: Seaking
|-damage|p1a: Seaking|122\/327 par
|cant|p1a: Seaking|par
|
|turn|23
|choice|move 2|move 1
|
|move|p2a: Slowpoke|Surf|p1a: Seaking
|-resisted|p1a: Seaking
|-damage|p1a: Seaking|44\/327 par
|move|p1a: Seaking|Hyper Beam|p2a: Slowpoke
|-damage|p2a: Slowpoke|84\/368
|
|turn|24
|-mustrecharge|p1a: Seaking
|-mustrecharge|p1a: Seaking
|choice|move 1|move 4
|
|move|p2a: Slowpoke|Rest|p2a: Slowpoke
|-status|p2a: Slowpoke|slp
|-heal|p2a: Slowpoke|368\/368 slp|[silent]
|-status|p2a: Slowpoke|slp|[from] move: Rest
|cant|p1a: Seaking|recharge
|
|turn|25
|choice|switch 2|switch 2
|
|switch|p2a: Grimer|Grimer, L96|348\/348
|switch|p1a: Magneton|Magneton, L90|178\/273
|
|turn|26
|choice|move 1|switch 6
|
|switch|p2a: Raticate|Raticate, L85|267\/267
|move|p1a: Magneton|Thunderbolt|p2a: Raticate
|-damage|p2a: Raticate|98\/267
|
|turn|27
|choice|move 1|move 2
|
|move|p2a: Raticate|Body Slam|p1a: Magneton
|-damage|p1a: Magneton|100\/273
|move|p1a: Magneton|Thunderbolt|p2a: Raticate
|-damage|p2a: Raticate|0 fnt
|faint|p2a: Raticate
|choice||switch 6
|
|switch|p2a: Grimer|Grimer, L96|348\/348
|turn|28
|choice|switch 2|move 2
|
|switch|p1a: Seaking|Seaking, L90|44\/327 par
|move|p2a: Grimer|Body Slam|p1a: Seaking
|-damage|p1a: Seaking|0 fnt
|faint|p1a: Seaking
|choice|switch 2|
|
|switch|p1a: Magneton|Magneton, L90|100\/273
|turn|29
|choice|move 1|move 2
|
|move|p1a: Magneton|Thunderbolt|p2a: Grimer
|-damage|p2a: Grimer|161\/348
|move|p2a: Grimer|Body Slam|p1a: Magneton
|-damage|p1a: Magneton|42\/273
|-status|p1a: Magneton|par
|
|turn|30
|choice|move 1|move 2
|
|move|p2a: Grimer|Body Slam|p1a: Magneton
|-damage|p1a: Magneton|0 fnt
|faint|p1a: Magneton
|c|★Sun Rays1|r u in another battle?
|c|★Sun Rays1|also?
|choice|switch 4|
|
|switch|p1a: Dodrio|Dodrio, L85|169\/276
|turn|31
|choice|move 2|move 1
|
|move|p1a: Dodrio|Hyper Beam|p2a: Grimer
|-crit|p2a: Grimer
|-damage|p2a: Grimer|0 fnt
|faint|p2a: Grimer
|choice||switch 5
|
|switch|p2a: Arbok|Arbok, L90|291\/291
|turn|32
|choice|move 3|move 3
|
|move|p1a: Dodrio|Body Slam|p2a: Arbok
|-damage|p2a: Arbok|176\/291
|move|p2a: Arbok|Glare|p1a: Dodrio
|-status|p1a: Dodrio|par
|
|turn|33
|choice|move 2|move 4
|
|move|p2a: Arbok|Rock Slide|p1a: Dodrio
|-supereffective|p1a: Dodrio
|-damage|p1a: Dodrio|34\/276 par
|move|p1a: Dodrio|Hyper Beam|p2a: Arbok
|-damage|p2a: Arbok|0 fnt
|faint|p2a: Arbok
|choice||switch 2
|
|switch|p2a: Slowpoke|Slowpoke, L96|368\/368 slp
|turn|34
|choice|switch 5|move 2
|
|switch|p1a: Nidorino|Nidorino, L90|293\/293
|cant|p2a: Slowpoke|slp
|
|turn|35
|choice|move 2|move 2
|
|move|p1a: Nidorino|Substitute|p1a: Nidorino
|-start|p1a: Nidorino|Substitute
|-damage|p1a: Nidorino|220\/293
|-curestatus|p2a: Slowpoke|slp
|
|turn|36
|choice|move 4|move 3
|
|move|p1a: Nidorino|Thunder|p2a: Slowpoke|[miss]
|-miss|p1a: Nidorino
|move|p2a: Slowpoke|Thunder Wave|p1a: Nidorino
|-status|p1a: Nidorino|par
|
|turn|37
|choice|move 4|move 2
|
|move|p2a: Slowpoke|Amnesia|p2a: Slowpoke
|-boost|p2a: Slowpoke|spd|2
|-boost|p2a: Slowpoke|spa|2
|move|p1a: Nidorino|Thunder|p2a: Slowpoke
|-supereffective|p2a: Slowpoke
|-damage|p2a: Slowpoke|271\/368
|
|turn|38
|choice|move 4|move 1
|
|move|p2a: Slowpoke|Surf|p1a: Nidorino
|-end|p1a: Nidorino|Substitute
|move|p1a: Nidorino|Thunder|p2a: Slowpoke
|-supereffective|p2a: Slowpoke
|-damage|p2a: Slowpoke|169\/368
|
|turn|39
|choice|move 4|move 4
|
|move|p2a: Slowpoke|Rest|p2a: Slowpoke
|-status|p2a: Slowpoke|slp
|-heal|p2a: Slowpoke|368\/368 slp|[silent]
|-status|p2a: Slowpoke|slp|[from] move: Rest
|move|p1a: Nidorino|Thunder|p2a: Slowpoke
|-supereffective|p2a: Slowpoke
|-damage|p2a: Slowpoke|278\/368 slp
|
|turn|40
|choice|move 2|move 2
|
|cant|p2a: Slowpoke|slp
|move|p1a: Nidorino|Substitute|p1a: Nidorino
|-start|p1a: Nidorino|Substitute
|-damage|p1a: Nidorino|147\/293 par
|
|turn|41
|choice|move 4|move 2
|
|-curestatus|p2a: Slowpoke|slp
|cant|p1a: Nidorino|par
|
|turn|42
|choice|move 4|move 1
|
|move|p2a: Slowpoke|Surf|p1a: Nidorino
|-crit|p1a: Nidorino
|-end|p1a: Nidorino|Substitute
|cant|p1a: Nidorino|par
|
|turn|43
|choice|move 4|move 1
|
|move|p2a: Slowpoke|Surf|p1a: Nidorino
|-damage|p1a: Nidorino|0 fnt
|faint|p1a: Nidorino
|choice|switch 6|
|
|switch|p1a: Arcanine|Arcanine, L85|327\/327
|turn|44
|choice|move 3|move 3
|
|move|p1a: Arcanine|Hyper Beam|p2a: Slowpoke
|-damage|p2a: Slowpoke|150\/368
|move|p2a: Slowpoke|Thunder Wave|p1a: Arcanine
|-status|p1a: Arcanine|par
|
|turn|45
|-mustrecharge|p1a: Arcanine
|-mustrecharge|p1a: Arcanine
|choice|move 1|move 4
|
|move|p2a: Slowpoke|Rest|p2a: Slowpoke
|-status|p2a: Slowpoke|slp
|-heal|p2a: Slowpoke|368\/368 slp|[silent]
|-status|p2a: Slowpoke|slp|[from] move: Rest
|cant|p1a: Arcanine|recharge
|
|turn|46
|choice|move 4|move 2
|
|cant|p2a: Slowpoke|slp
|move|p1a: Arcanine|Body Slam|p2a: Slowpoke
|-damage|p2a: Slowpoke|294\/368 slp
|
|turn|47
|choice|move 4|move 2
|
|-curestatus|p2a: Slowpoke|slp
|move|p1a: Arcanine|Body Slam|p2a: Slowpoke
|-damage|p2a: Slowpoke|226\/368
|
|turn|48
|choice|move 4|move 1
|
|move|p2a: Slowpoke|Surf|p1a: Arcanine
|-supereffective|p1a: Arcanine
|-damage|p1a: Arcanine|0 fnt
|faint|p1a: Arcanine
|choice|switch 5|
|
|switch|p1a: Dodrio|Dodrio, L85|34\/276 par
|turn|49
|choice|move 2|move 1
|
|move|p2a: Slowpoke|Surf|p1a: Dodrio
|-damage|p1a: Dodrio|0 fnt
|faint|p1a: Dodrio
|
|win|Sun Rays1
|player|p1
|player|p2
|c|★Sun Rays1|gg