|join|blacks r subhuman
|join|magnet420
|player|p1|blacks r subhuman|101
|player|p2|magnet420|169
|gametype|singles
|gen|1
|tier|[Gen 1] Random Battle
|rated
|seed|43596,62869,29407,39266
|rule|Sleep Clause Mod: Limit one foe put to sleep
|rule|Freeze Clause Mod: Limit one foe frozen
|rule|HP Percentage Mod: HP is shown in percentages
|
|start
|switch|p1a: Nidorina|Nidorina, L90|309\/309
|switch|p2a: Clefairy|Clefairy, L95|326\/326
|turn|1
|choice|move 3|move 3
|
|move|p1a: Nidorina|Blizzard|p2a: Clefairy
|-damage|p2a: Clefairy|243\/326
|-status|p2a: Clefairy|frz
|cant|p2a: Clefairy|frz
|
|turn|2
|choice|switch 3|move 3
|
|switch|p1a: Kingler|Kingler, L85|267\/267
|cant|p2a: Clefairy|frz
|
|turn|3
|choice|move 3|move 4
|
|move|p1a: Kingler|Swords Dance|p1a: Kingler
|-boost|p1a: Kingler|atk|2
|cant|p2a: Clefairy|frz
|
|turn|4
|choice|move 3|switch 3
|
|switch|p2a: Mr. Mime|Mr. Mime, L85|242\/242
|move|p1a: Kingler|Swords Dance|p1a: Kingler
|-boost|p1a: Kingler|atk|2
|
|turn|5
|choice|move 4|move 4
|
|move|p2a: Mr. Mime|Psychic|p1a: Kingler
|-damage|p1a: Kingler|119\/267
|move|p1a: Kingler|Body Slam|p2a: Mr. Mime
|-damage|p2a: Mr. Mime|0 fnt
|faint|p2a: Mr. Mime
|choice||switch 5
|
|switch|p2a: Fearow|Fearow, L90|300\/300
|turn|6
|choice|move 2|move 2
|
|move|p2a: Fearow|Hyper Beam|p1a: Kingler
|-damage|p1a: Kingler|0 fnt
|faint|p1a: Kingler
|choice|switch 4|
|
|switch|p1a: Aerodactyl|Aerodactyl, L90|327\/327
|turn|7
|choice|move 2|move 1
|
|move|p1a: Aerodactyl|Sky Attack|p2a: Fearow|[still]
|-prepare|p1a: Aerodactyl|Sky Attack|p2a: Fearow
|move|p2a: Fearow|Drill Peck|p1a: Aerodactyl
|-resisted|p1a: Aerodactyl
|-damage|p1a: Aerodactyl|273\/327
|
|turn|8
|choice|move 1|move 3
|
|move|p1a: Aerodactyl|Sky Attack|p2a: Fearow
|-damage|p2a: Fearow|108\/300
|move|p2a: Fearow|Double-Edge|p1a: Aerodactyl
|-resisted|p1a: Aerodactyl
|-damage|p1a: Aerodactyl|211\/327
|-damage|p2a: Fearow|93\/300|[from] recoil|[of] p1a: Aerodactyl
|
|turn|9
|choice|move 3|move 2
|
|move|p1a: Aerodactyl|Hyper Beam|p2a: Fearow
|-damage|p2a: Fearow|0 fnt
|faint|p2a: Fearow
|choice||switch 3
|
|switch|p2a: Clefairy|Clefairy, L95|243\/326 frz
|turn|10
|choice|move 4|move 3
|
|move|p1a: Aerodactyl|Reflect|p1a: Aerodactyl
|-start|p1a: Aerodactyl|Reflect
|cant|p2a: Clefairy|frz
|
|turn|11
|choice|move 2|move 3
|
|move|p1a: Aerodactyl|Sky Attack|p2a: Clefairy|[still]
|-prepare|p1a: Aerodactyl|Sky Attack|p2a: Clefairy
|cant|p2a: Clefairy|frz
|
|turn|12
|choice|move 1|move 3
|
|move|p1a: Aerodactyl|Sky Attack|p2a: Clefairy|[miss]
|-miss|p1a: Aerodactyl
|cant|p2a: Clefairy|frz
|
|turn|13
|choice|move 2|move 3
|
|move|p1a: Aerodactyl|Sky Attack|p2a: Clefairy|[still]
|-prepare|p1a: Aerodactyl|Sky Attack|p2a: Clefairy
|cant|p2a: Clefairy|frz
|
|turn|14
|choice|move 1|move 3
|
|move|p1a: Aerodactyl|Sky Attack|p2a: Clefairy|[miss]
|-miss|p1a: Aerodactyl
|cant|p2a: Clefairy|frz
|
|turn|15
|choice|move 2|move 3
|
|move|p1a: Aerodactyl|Sky Attack|p2a: Clefairy|[still]
|-prepare|p1a: Aerodactyl|Sky Attack|p2a: Clefairy
|cant|p2a: Clefairy|frz
|
|turn|16
|choice|move 1|move 3
|
|move|p1a: Aerodactyl|Sky Attack|p2a: Clefairy
|-crit|p2a: Clefairy
|-damage|p2a: Clefairy|0 fnt
|faint|p2a: Clefairy
|choice||switch 4
|
|switch|p2a: Arbok|Arbok, L90|291\/291
|turn|17
|choice|move 2|move 1
|
|move|p1a: Aerodactyl|Sky Attack|p2a: Arbok|[still]
|-prepare|p1a: Aerodactyl|Sky Attack|p2a: Arbok
|move|p2a: Arbok|Earthquake|p1a: Aerodactyl
|-immune|p1a: Aerodactyl|[msg]
|
|turn|18
|choice|move 1|move 2
|
|move|p1a: Aerodactyl|Sky Attack|p2a: Arbok
|-damage|p2a: Arbok|105\/291
|move|p2a: Arbok|Hyper Beam|p1a: Aerodactyl
|-resisted|p1a: Aerodactyl
|-damage|p1a: Aerodactyl|179\/327
|
|turn|19
|-mustrecharge|p2a: Arbok
|-mustrecharge|p2a: Arbok
|choice|move 3|move 1
|
|move|p1a: Aerodactyl|Hyper Beam|p2a: Arbok
|-damage|p2a: Arbok|0 fnt
|faint|p2a: Arbok
|choice||switch 6
|
|switch|p2a: Flareon|Flareon, L90|300\/300
|turn|20
|choice|move 3|move 4
|
|move|p1a: Aerodactyl|Hyper Beam|p2a: Flareon
|-damage|p2a: Flareon|147\/300
|move|p2a: Flareon|Fire Blast|p1a: Aerodactyl
|-resisted|p1a: Aerodactyl
|-damage|p1a: Aerodactyl|81\/327
|
|turn|21
|-mustrecharge|p1a: Aerodactyl
|-mustrecharge|p1a: Aerodactyl
|choice|move 1|move 1
|
|move|p2a: Flareon|Quick Attack|p1a: Aerodactyl
|-resisted|p1a: Aerodactyl
|-damage|p1a: Aerodactyl|71\/327
|cant|p1a: Aerodactyl|recharge
|
|turn|22
|choice|move 3|move 4
|
|move|p1a: Aerodactyl|Hyper Beam|p2a: Flareon
|-damage|p2a: Flareon|0 fnt
|faint|p2a: Flareon
|choice||switch 2
|
|switch|p2a: Seel|Seel, L96|320\/320
|turn|23
|choice|switch 5|move 2
|
|switch|p1a: Raichu|Raichu, L85|276\/276
|move|p2a: Seel|Body Slam|p1a: Raichu
|-damage|p1a: Raichu|206\/276
|-status|p1a: Raichu|par
|
|turn|24
|choice|move 4|move 1
|
|move|p2a: Seel|Blizzard|p1a: Raichu
|-damage|p1a: Raichu|117\/276 par
|cant|p1a: Raichu|par
|
|turn|25
|choice|move 4|move 1
|
|move|p2a: Seel|Blizzard|p1a: Raichu|[miss]
|-miss|p2a: Seel
|move|p1a: Raichu|Thunder Wave|p2a: Seel
|-status|p2a: Seel|par
|
|turn|26
|choice|move 3|move 1
|
|cant|p1a: Raichu|par
|move|p2a: Seel|Blizzard|p1a: Raichu
|-damage|p1a: Raichu|25\/276 par
|
|turn|27
|choice|move 3|move 2
|
|move|p1a: Raichu|Thunderbolt|p2a: Seel
|-supereffective|p2a: Seel
|-damage|p2a: Seel|132\/320 par
|move|p2a: Seel|Body Slam|p1a: Raichu
|-damage|p1a: Raichu|0 fnt
|faint|p1a: Raichu
|choice|switch 2|
|
|switch|p1a: Nidorino|Nidorino, L90|293\/293
|turn|28
|choice|move 3|move 3
|
|move|p1a: Nidorino|Leer|p2a: Seel
|-unboost|p2a: Seel|def|1
|move|p2a: Seel|Surf|p1a: Nidorino
|-damage|p1a: Nidorino|159\/293
|
|turn|29
|choice|move 1|move 1
|
|move|p1a: Nidorino|Body Slam|p2a: Seel
|-damage|p2a: Seel|36\/320 par
|move|p2a: Seel|Blizzard|p1a: Nidorino
|-damage|p1a: Nidorino|54\/293
|
|turn|30
|choice|move 2|move 2
|
|move|p1a: Nidorino|Rest|p1a: Nidorino
|-status|p1a: Nidorino|slp
|-heal|p1a: Nidorino|293\/293 slp|[silent]
|-status|p1a: Nidorino|slp|[from] move: Rest
|move|p2a: Seel|Body Slam|p1a: Nidorino
|-damage|p1a: Nidorino|227\/293 slp
|
|turn|31
|c|★magnet420|gg
|c|★blacks r subhuman|so tell me
|choice|move 2|move 1
|
|cant|p1a: Nidorino|slp
|move|p2a: Seel|Blizzard|p1a: Nidorino
|-damage|p1a: Nidorino|121\/293 slp
|
|turn|32
|c|★blacks r subhuman|if someone is as bad as you
|c|★blacks r subhuman|why play so many?
|c|★blacks r subhuman|28-59 is a pretty insane record
|c|★magnet420|cause its fuun
|choice|move 2|move 1
|
|-curestatus|p1a: Nidorino|slp
|cant|p2a: Seel|par
|
|turn|33
|choice|move 2|move 2
|
|move|p1a: Nidorino|Rest|p1a: Nidorino
|-status|p1a: Nidorino|slp
|-heal|p1a: Nidorino|293\/293 slp|[silent]
|-status|p1a: Nidorino|slp|[from] move: Rest
|move|p2a: Seel|Body Slam|p1a: Nidorino
|-damage|p1a: Nidorino|237\/293 slp
|
|turn|34
|c|★blacks r subhuman|mk question two
|c|★blacks r subhuman|why haven't you quit yet
|choice|move 2|move 3
|
|cant|p1a: Nidorino|slp
|move|p2a: Seel|Surf|p1a: Nidorino
|-damage|p1a: Nidorino|115\/293 slp
|
|turn|35
|c|★magnet420|cause its fun
|choice|move 2|move 3
|
|-curestatus|p1a: Nidorino|slp
|cant|p2a: Seel|par
|
|turn|36
|choice|move 4|move 1
|
|move|p1a: Nidorino|Thunderbolt|p2a: Seel
|-supereffective|p2a: Seel
|-damage|p2a: Seel|0 fnt
|faint|p2a: Seel
|
|win|blacks r subhuman
|raw|blacks r subhuman's rating: 1233 &rarr; <strong>1247<\/strong><br \/>(+14 for winning)
|raw|magnet420's rating: 1066 &rarr; <strong>1055<\/strong><br \/>(-11 for losing)