|join|Layell
|join|princessofmusic
|c|★Layell|ok yes
|player|p1|Layell|2
|player|p2|princessofmusic|211
|gametype|singles
|gen|1
|tier|[Gen 1] Random Battle
|rule|Sleep Clause Mod: Limit one foe put to sleep
|rule|Freeze Clause Mod: Limit one foe frozen
|rule|HP Percentage Mod: HP is shown in percentages
|
|start
|switch|p1a: Rhydon|Rhydon, L82|340\/340
|switch|p2a: Kabutops|Kabutops, L86|279\/279
|turn|1
|c|★Layell|I have to leave in 20 minutes so
|c|★Layell|FIGHT
|
|move|p2a: Kabutops|Surf|p1a: Rhydon
|-supereffective|p1a: Rhydon
|-damage|p1a: Rhydon|0 fnt
|faint|p1a: Rhydon
|
|switch|p1a: Victreebel|Victreebel, L86|313\/313
|turn|2
|c|★princessofmusic|hmm, i can't see the sprite
|c|★Layell|really?
|
|move|p2a: Kabutops|Body Slam|p1a: Victreebel
|-damage|p1a: Victreebel|227\/313
|move|p1a: Victreebel|Sleep Powder|p2a: Kabutops
|-status|p2a: Kabutops|slp
|
|turn|3
|c|★Layell|oof
|c|★princessofmusic|wait does gen 1 have sleep clause
|c|★Layell|yea
|
|switch|p2a: Magikarp|Magikarp, L99|240\/240
|move|p1a: Victreebel|Razor Leaf|p2a: Magikarp
|-crit|p2a: Magikarp
|-supereffective|p2a: Magikarp
|-damage|p2a: Magikarp|0 fnt
|faint|p2a: Magikarp
|
|switch|p2a: Alakazam|Alakazam, L82|258\/258
|turn|4
|
|move|p2a: Alakazam|Psychic|p1a: Victreebel
|-crit|p1a: Victreebel
|-supereffective|p1a: Victreebel
|-damage|p1a: Victreebel|0 fnt
|faint|p1a: Victreebel
|
|switch|p1a: Chansey|Chansey, L82|578\/578
|turn|5
|c|★Layell|decisive karp
|
|move|p2a: Alakazam|Seismic Toss|p1a: Chansey
|-damage|p1a: Chansey|496\/578
|move|p1a: Chansey|Thunder Wave|p2a: Alakazam
|-status|p2a: Alakazam|par
|
|turn|6
|
|move|p1a: Chansey|Ice Beam|p2a: Alakazam
|-damage|p2a: Alakazam|207\/258 par
|move|p2a: Alakazam|Thunder Wave|p1a: Chansey
|-status|p1a: Chansey|par
|
|turn|7
|
|cant|p2a: Alakazam|par
|move|p1a: Chansey|Ice Beam|p2a: Alakazam
|-damage|p2a: Alakazam|157\/258 par
|
|turn|8
|
|switch|p2a: Kingler|Kingler, L86|270\/270
|move|p1a: Chansey|Ice Beam|p2a: Kingler
|-resisted|p2a: Kingler
|-damage|p2a: Kingler|221\/270
|
|turn|9
|
|move|p2a: Kingler|Body Slam|p1a: Chansey
|-damage|p1a: Chansey|305\/578 par
|move|p1a: Chansey|Thunder Wave|p2a: Kingler
|-status|p2a: Kingler|par
|
|turn|10
|c|★princessofmusic|is showdown programmed to remove the physical\/special split for old gens
|c|★Layell|yes
|c|★Layell|it still displays that is dumb
|
|move|p2a: Kingler|Body Slam|p1a: Chansey
|-damage|p1a: Chansey|89\/578 par
|move|p1a: Chansey|Counter|p2a: Kingler
|-damage|p2a: Kingler|0 fnt
|faint|p2a: Kingler
|
|switch|p2a: Seaking|Seaking, L86|313\/313
|turn|11
|
|move|p2a: Seaking|Double-Edge|p1a: Chansey
|-damage|p1a: Chansey|0 fnt
|-damage|p2a: Seaking|291\/313|[from] recoil|[of] p1a: Chansey
|faint|p1a: Chansey
|c|★Layell|all your dumb waters
|c|★princessofmusic|my team is pretty much a fish tank
|
|switch|p1a: Nidoqueen|Nidoqueen, L86|330\/330
|turn|12
|c|★princessofmusic|was STAB a thing in gen 1?
|c|★Layell|yes
|
|move|p1a: Nidoqueen|Thunder|p2a: Seaking
|-supereffective|p2a: Seaking
|-damage|p2a: Seaking|131\/313
|-status|p2a: Seaking|par
|move|p2a: Seaking|Surf|p1a: Nidoqueen
|-supereffective|p1a: Nidoqueen
|-damage|p1a: Nidoqueen|129\/330
|
|turn|13
|
|move|p1a: Nidoqueen|Earthquake|p2a: Seaking
|-damage|p2a: Seaking|15\/313 par
|move|p2a: Seaking|Surf|p1a: Nidoqueen
|-crit|p1a: Nidoqueen
|-supereffective|p1a: Nidoqueen
|-damage|p1a: Nidoqueen|0 fnt
|faint|p1a: Nidoqueen
|
|switch|p1a: Omastar|Omastar, L86|296\/296
|turn|14
|c|★Layell|oof
|
|move|p1a: Omastar|Surf|p2a: Seaking
|-resisted|p2a: Seaking
|-damage|p2a: Seaking|0 fnt
|faint|p2a: Seaking
|
|switch|p2a: Mewtwo|Mewtwo, L71|297\/297
|turn|15
|c|★Layell|no
|c|★Layell|noooooooooooooooo
|c|★Layell|I am already dead
|
|move|p2a: Mewtwo|Psychic|p1a: Omastar
|-damage|p1a: Omastar|217\/296
|move|p1a: Omastar|Surf|p2a: Mewtwo
|-damage|p2a: Mewtwo|201\/297
|
|turn|16
|
|move|p2a: Mewtwo|Submission|p1a: Omastar|[miss]
|-miss|p2a: Mewtwo
|move|p1a: Omastar|Surf|p2a: Mewtwo
|-damage|p2a: Mewtwo|106\/297
|
|turn|17
|c|★princessofmusic|how are you so bulky
|
|move|p2a: Mewtwo|Submission|p1a: Omastar
|-supereffective|p1a: Omastar
|-damage|p1a: Omastar|153\/296
|-damage|p2a: Mewtwo|90\/297|[from] recoil|[of] p1a: Omastar
|move|p1a: Omastar|Surf|p2a: Mewtwo
|-damage|p2a: Mewtwo|0 fnt
|faint|p2a: Mewtwo
|
|switch|p2a: Alakazam|Alakazam, L82|157\/258 par
|turn|18
|c|★Layell|I think that is just for chansey
|c|★Layell|also lv 70
|
|move|p1a: Omastar|Surf|p2a: Alakazam
|-damage|p2a: Alakazam|74\/258 par
|move|p2a: Alakazam|Thunder Wave|p1a: Omastar
|-status|p1a: Omastar|par
|
|turn|19
|
|move|p2a: Alakazam|Recover|p2a: Alakazam
|-heal|p2a: Alakazam|203\/258 par
|cant|p1a: Omastar|par
|
|turn|20
|
|cant|p2a: Alakazam|par
|cant|p1a: Omastar|par
|
|turn|21
|c|★Layell|how fun
|
|move|p2a: Alakazam|Psychic|p1a: Omastar
|-damage|p1a: Omastar|53\/296 par
|move|p1a: Omastar|Rest|p1a: Omastar
|-status|p1a: Omastar|slp
|-heal|p1a: Omastar|296\/296 slp|[silent]
|-status|p1a: Omastar|slp|[from] move: Rest
|
|turn|22
|c|★princessofmusic|that was productive
|
|cant|p2a: Alakazam|par
|cant|p1a: Omastar|slp
|
|turn|23
|
|move|p2a: Alakazam|Recover|p2a: Alakazam
|-heal|p2a: Alakazam|258\/258 par
|cant|p1a: Omastar|slp
|-curestatus|p1a: Omastar|slp
|
|turn|24
|
|move|p2a: Alakazam|Psychic|p1a: Omastar
|-damage|p1a: Omastar|206\/296
|-unboost|p1a: Omastar|spd|1
|-unboost|p1a: Omastar|spa|1
|move|p1a: Omastar|Surf|p2a: Alakazam
|-damage|p2a: Alakazam|199\/258 par
|
|turn|25
|
|move|p2a: Alakazam|Psychic|p1a: Omastar
|-crit|p1a: Omastar
|-damage|p1a: Omastar|16\/296
|move|p1a: Omastar|Seismic Toss|p2a: Alakazam
|-damage|p2a: Alakazam|113\/258 par
|
|turn|26
|
|move|p2a: Alakazam|Seismic Toss|p1a: Omastar
|-damage|p1a: Omastar|0 fnt
|faint|p1a: Omastar
|
|switch|p1a: Articuno|Articuno, L86|330\/330
|turn|27
|
|move|p1a: Articuno|Blizzard|p2a: Alakazam
|-crit|p2a: Alakazam
|-damage|p2a: Alakazam|0 fnt
|faint|p2a: Alakazam
|
|switch|p2a: Kabutops|Kabutops, L86|279\/279 slp
|turn|28
|c|★princessofmusic|gg i lose
|c|★Layell|if you wake you might win
|
|move|p1a: Articuno|Blizzard|p2a: Kabutops
|-resisted|p2a: Kabutops
|-damage|p2a: Kabutops|191\/279 slp
|cant|p2a: Kabutops|slp
|
|turn|29
|c|★princessofmusic|i might be asleep up to 6 turns
|
|move|p1a: Articuno|Blizzard|p2a: Kabutops
|-crit|p2a: Kabutops
|-resisted|p2a: Kabutops
|-damage|p2a: Kabutops|34\/279 slp
|cant|p2a: Kabutops|slp
|
|turn|30
|c|★Layell|well hope for blizzard misses
|c|★princessofmusic|are you kidding it's 90% in this gen
|
|move|p1a: Articuno|Blizzard|p2a: Kabutops
|-resisted|p2a: Kabutops
|-damage|p2a: Kabutops|0 fnt
|faint|p2a: Kabutops
|
|win|Layell
|c|★Layell|oh
|c|★Layell|well then
|c|★Layell|gg
|leave|Layell
|player|p1