|j|trickster is a fag
|j|ssacchet
|player|p1|trickster is a fag|169
|player|p2|ssacchet|2
|gametype|singles
|gen|1
|tier|[Gen 1] Random Battle
|rated
|seed|58880,2057,10533,52764
|rule|Sleep Clause Mod: Limit one foe put to sleep
|rule|Freeze Clause Mod: Limit one foe frozen
|rule|HP Percentage Mod: HP is shown in percentages
|
|start
|switch|p1a: Onix|Onix, L90|246\/246
|switch|p2a: Chansey|Chansey, L79|557\/557
|turn|1
|choice|move 2|move 1
|
|move|p1a: Onix|Earthquake|p2a: Chansey|[miss]
|-miss|p1a: Onix
|move|p2a: Chansey|Soft-Boiled|p2a: Chansey
|-fail|p2a: Chansey
|
|turn|2
|choice|move 4|switch 5
|
|switch|p2a: Hitmonlee|Hitmonlee, L90|273\/273
|move|p1a: Onix|Rock Slide|p2a: Hitmonlee
|-resisted|p2a: Hitmonlee
|-damage|p2a: Hitmonlee|238\/273
|
|turn|3
|choice|switch 3|move 3
|
|switch|p1a: Nidorino|Nidorino, L90|293\/293
|move|p2a: Hitmonlee|Body Slam|p1a: Nidorino
|-damage|p1a: Nidorino|201\/293
|-status|p1a: Nidorino|par
|
|turn|4
|choice|move 3|move 4
|
|move|p2a: Hitmonlee|Mimic|p1a: Nidorino
|-start|p2a: Hitmonlee|Mimic|Rest
|move|p1a: Nidorino|Body Slam|p2a: Hitmonlee
|-damage|p2a: Hitmonlee|164\/273
|-status|p2a: Hitmonlee|par
|
|turn|5
|choice|move 3|move 2
|
|cant|p1a: Nidorino|par
|move|p2a: Hitmonlee|Counter|p1a: Nidorino
|-damage|p1a: Nidorino|53\/293 par
|
|turn|6
|choice|move 3|move 3
|
|move|p2a: Hitmonlee|Body Slam|p1a: Nidorino
|-damage|p1a: Nidorino|0 fnt
|faint|p1a: Nidorino
|choice|switch 3|
|
|switch|p1a: Onix|Onix, L90|246\/246
|turn|7
|choice|move 2|move 3
|
|move|p1a: Onix|Earthquake|p2a: Hitmonlee
|-damage|p2a: Hitmonlee|65\/273 par
|move|p2a: Hitmonlee|Body Slam|p1a: Onix
|-resisted|p1a: Onix
|-damage|p1a: Onix|222\/246
|
|turn|8
|choice|move 2|move 3
|
|move|p1a: Onix|Earthquake|p2a: Hitmonlee
|-damage|p2a: Hitmonlee|0 fnt
|faint|p2a: Hitmonlee
|choice||switch 4
|
|switch|p2a: Slowbro|Slowbro, L79|312\/312
|turn|9
|choice|switch 2|move 3
|
|switch|p1a: Parasect|Parasect, L90|291\/291
|move|p2a: Slowbro|Surf|p1a: Parasect
|-crit|p1a: Parasect
|-resisted|p1a: Parasect
|-damage|p1a: Parasect|211\/291
|
|turn|10
|choice|move 2|switch 2
|
|switch|p2a: Muk|Muk, L90|372\/372
|move|p1a: Parasect|Spore|p2a: Muk
|-status|p2a: Muk|slp
|
|turn|11
|choice|move 1|switch 6
|
|switch|p2a: Articuno|Articuno, L79|304\/304
|move|p1a: Parasect|Body Slam|p2a: Articuno
|-damage|p2a: Articuno|243\/304
|-status|p2a: Articuno|par
|
|turn|12
|choice|switch 5|move 3
|
|switch|p1a: Chansey|Chansey, L79|557\/557
|cant|p2a: Articuno|par
|
|turn|13
|choice|move 2|switch 2
|
|switch|p2a: Slowbro|Slowbro, L79|312\/312
|move|p1a: Chansey|Thunder Wave|p2a: Slowbro
|-status|p2a: Slowbro|par
|
|turn|14
|choice|switch 5|move 2
|
|switch|p1a: Parasect|Parasect, L90|211\/291
|cant|p2a: Slowbro|par
|
|turn|15
|choice|move 4|move 4
|
|move|p1a: Parasect|Swords Dance|p1a: Parasect
|-boost|p1a: Parasect|atk|2
|move|p2a: Slowbro|Thunder Wave|p1a: Parasect
|-status|p1a: Parasect|par
|
|turn|16
|choice|move 1|switch 6
|
|switch|p2a: Muk|Muk, L90|372\/372 slp
|cant|p1a: Parasect|par
|
|turn|17
|choice|move 1|move 2
|
|cant|p2a: Muk|slp
|move|p1a: Parasect|Body Slam|p2a: Muk
|-damage|p2a: Muk|230\/372 slp
|
|turn|18
|choice|move 3|move 2
|
|cant|p2a: Muk|slp
|cant|p1a: Parasect|par
|
|turn|19
|choice|move 3|move 2
|
|cant|p2a: Muk|slp
|move|p1a: Parasect|Hyper Beam|p2a: Muk
|-damage|p2a: Muk|0 fnt
|faint|p2a: Muk
|choice||switch 2
|
|switch|p2a: Articuno|Articuno, L79|243\/304 par
|turn|20
|choice|switch 5|move 3
|
|switch|p1a: Chansey|Chansey, L79|557\/557
|move|p2a: Articuno|Blizzard|p1a: Chansey
|-damage|p1a: Chansey|427\/557
|-status|p1a: Chansey|frz
|
|turn|21
|choice|move 2|move 4
|
|cant|p1a: Chansey|frz
|move|p2a: Articuno|Reflect|p2a: Articuno
|-start|p2a: Articuno|Reflect
|
|turn|22
|choice|move 3|move 2
|
|move|p2a: Articuno|Mimic|p1a: Chansey
|-start|p2a: Articuno|Mimic|Reflect
|cant|p1a: Chansey|frz
|
|turn|23
|choice|move 2|switch 5
|
|switch|p2a: Chansey|Chansey, L79|557\/557
|cant|p1a: Chansey|frz
|
|turn|24
|choice|move 3|switch 6
|
|switch|p2a: Slowbro|Slowbro, L79|312\/312 par
|cant|p1a: Chansey|frz
|
|turn|25
|choice|switch 5|move 2
|
|switch|p1a: Parasect|Parasect, L90|211\/291 par
|cant|p2a: Slowbro|par
|
|turn|26
|choice|move 1|switch 5
|
|switch|p2a: Articuno|Articuno, L79|243\/304 par
|move|p1a: Parasect|Body Slam|p2a: Articuno
|-damage|p2a: Articuno|172\/304 par
|
|turn|27
|choice|switch 5|move 3
|
|switch|p1a: Chansey|Chansey, L79|427\/557 frz
|cant|p2a: Articuno|par
|
|turn|28
|choice|move 3|move 3
|
|move|p2a: Articuno|Blizzard|p1a: Chansey
|-damage|p1a: Chansey|312\/557 frz
|cant|p1a: Chansey|frz
|
|turn|29
|choice|move 2|move 2
|
|cant|p1a: Chansey|frz
|move|p2a: Articuno|Mimic|p1a: Chansey
|-start|p2a: Articuno|Mimic|Soft-Boiled
|
|turn|30
|choice|switch 2|move 2
|
|switch|p1a: Onix|Onix, L90|222\/246
|move|p2a: Articuno|Soft-Boiled|p2a: Articuno
|-heal|p2a: Articuno|304\/304 par
|
|turn|31
|choice|move 4|switch 6
|
|switch|p2a: Chansey|Chansey, L79|557\/557
|move|p1a: Onix|Rock Slide|p2a: Chansey
|-damage|p2a: Chansey|405\/557
|
|turn|32
|choice|move 2|move 1
|
|move|p1a: Onix|Earthquake|p2a: Chansey
|-damage|p2a: Chansey|211\/557
|move|p2a: Chansey|Soft-Boiled|p2a: Chansey
|-heal|p2a: Chansey|489\/557
|
|turn|33
|choice|move 2|move 1
|
|move|p1a: Onix|Earthquake|p2a: Chansey
|-damage|p2a: Chansey|278\/557
|move|p2a: Chansey|Soft-Boiled|p2a: Chansey
|-heal|p2a: Chansey|556\/557
|
|turn|34
|choice|move 2|move 1
|
|move|p1a: Onix|Earthquake|p2a: Chansey
|-damage|p2a: Chansey|331\/557
|move|p2a: Chansey|Soft-Boiled|p2a: Chansey
|-heal|p2a: Chansey|557\/557
|
|turn|35
|choice|move 2|move 1
|
|move|p1a: Onix|Earthquake|p2a: Chansey
|-damage|p2a: Chansey|354\/557
|move|p2a: Chansey|Soft-Boiled|p2a: Chansey
|-heal|p2a: Chansey|557\/557
|
|turn|36
|choice|move 4|switch 5
|
|switch|p2a: Slowbro|Slowbro, L79|312\/312 par
|move|p1a: Onix|Rock Slide|p2a: Slowbro|[miss]
|-miss|p1a: Onix
|
|turn|37
|choice|switch 5|move 2
|
|switch|p1a: Parasect|Parasect, L90|211\/291 par
|move|p2a: Slowbro|Amnesia|p2a: Slowbro
|-boost|p2a: Slowbro|spd|2
|-boost|p2a: Slowbro|spa|2
|
|turn|38
|choice|move 1|move 3
|
|move|p2a: Slowbro|Surf|p1a: Parasect
|-resisted|p1a: Parasect
|-damage|p1a: Parasect|140\/291 par
|cant|p1a: Parasect|par
|
|turn|39
|choice|move 1|move 3
|
|move|p2a: Slowbro|Surf|p1a: Parasect
|-crit|p1a: Parasect
|-resisted|p1a: Parasect
|-damage|p1a: Parasect|61\/291 par
|move|p1a: Parasect|Body Slam|p2a: Slowbro
|-damage|p2a: Slowbro|255\/312 par
|
|turn|40
|choice|move 3|move 3
|
|move|p2a: Slowbro|Surf|p1a: Parasect
|-resisted|p1a: Parasect
|-damage|p1a: Parasect|0 fnt
|faint|p1a: Parasect
|choice|switch 4|
|
|switch|p1a: Kingler|Kingler, L85|267\/267
|turn|41
|choice|move 2|move 4
|
|move|p1a: Kingler|Swords Dance|p1a: Kingler
|-boost|p1a: Kingler|atk|2
|cant|p2a: Slowbro|par
|
|turn|42
|choice|move 3|move 4
|
|move|p1a: Kingler|Hyper Beam|p2a: Slowbro
|-damage|p2a: Slowbro|23\/312 par
|move|p2a: Slowbro|Thunder Wave|p1a: Kingler
|-status|p1a: Kingler|par
|
|turn|43
|-mustrecharge|p1a: Kingler
|-mustrecharge|p1a: Kingler
|choice|move 1|switch 6
|
|switch|p2a: Articuno|Articuno, L79|304\/304 par
|cant|p1a: Kingler|recharge
|
|turn|44
|choice|move 4|move 4
|
|move|p2a: Articuno|Reflect|p2a: Articuno
|-start|p2a: Articuno|Reflect
|move|p1a: Kingler|Body Slam|p2a: Articuno
|-damage|p2a: Articuno|228\/304 par
|
|turn|45
|choice|move 4|move 3
|
|move|p2a: Articuno|Blizzard|p1a: Kingler
|-resisted|p1a: Kingler
|-damage|p1a: Kingler|181\/267 par
|cant|p1a: Kingler|par
|
|turn|46
|choice|move 4|move 3
|
|cant|p2a: Articuno|par
|move|p1a: Kingler|Body Slam|p2a: Articuno
|-damage|p2a: Articuno|160\/304 par
|
|turn|47
|choice|move 4|move 3
|
|cant|p2a: Articuno|par
|move|p1a: Kingler|Body Slam|p2a: Articuno
|-damage|p2a: Articuno|91\/304 par
|
|turn|48
|choice|move 3|move 3
|
|cant|p2a: Articuno|par
|cant|p1a: Kingler|par
|
|turn|49
|choice|move 3|move 3
|
|move|p2a: Articuno|Blizzard|p1a: Kingler
|-resisted|p1a: Kingler
|-damage|p1a: Kingler|90\/267 par
|move|p1a: Kingler|Hyper Beam|p2a: Articuno
|-damage|p2a: Articuno|0 fnt
|faint|p2a: Articuno
|choice||switch 5
|
|switch|p2a: Chansey|Chansey, L79|557\/557
|turn|50
|choice|switch 5|move 2
|
|switch|p1a: Onix|Onix, L90|222\/246
|move|p2a: Chansey|Thunderbolt|p1a: Onix
|-immune|p1a: Onix|[msg]
|
|turn|51
|choice|move 4|move 1
|
|move|p1a: Onix|Rock Slide|p2a: Chansey
|-damage|p2a: Chansey|405\/557
|move|p2a: Chansey|Soft-Boiled|p2a: Chansey
|-heal|p2a: Chansey|557\/557
|
|turn|52
|choice|move 4|move 1
|
|move|p1a: Onix|Rock Slide|p2a: Chansey
|-damage|p2a: Chansey|399\/557
|move|p2a: Chansey|Soft-Boiled|p2a: Chansey
|-heal|p2a: Chansey|557\/557
|
|turn|53
|choice|move 2|move 1
|
|move|p1a: Onix|Earthquake|p2a: Chansey
|-damage|p2a: Chansey|341\/557
|move|p2a: Chansey|Soft-Boiled|p2a: Chansey
|-heal|p2a: Chansey|557\/557
|
|turn|54
|choice|move 4|move 1
|
|move|p1a: Onix|Rock Slide|p2a: Chansey
|-damage|p2a: Chansey|391\/557
|move|p2a: Chansey|Soft-Boiled|p2a: Chansey
|-heal|p2a: Chansey|557\/557
|
|turn|55
|choice|move 4|move 4
|
|move|p1a: Onix|Rock Slide|p2a: Chansey
|-damage|p2a: Chansey|404\/557
|move|p2a: Chansey|Thunder Wave|p1a: Onix
|-immune|p1a: Onix|[msg]
|
|turn|56
|choice|move 4|move 4
|
|move|p1a: Onix|Rock Slide|p2a: Chansey
|-crit|p2a: Chansey
|-damage|p2a: Chansey|93\/557
|move|p2a: Chansey|Thunder Wave|p1a: Onix
|-immune|p1a: Onix|[msg]
|
|turn|57
|c|★trickster is a fag|lol
|c|★trickster is a fag|had to happen eventually
|c|★ssacchet|yep
|c|★ssacchet|that should do it
|choice|move 2|move 1
|
|move|p1a: Onix|Earthquake|p2a: Chansey
|-damage|p2a: Chansey|0 fnt
|faint|p2a: Chansey
|choice||switch 3
|
|switch|p2a: Electrode|Electrode, L90|291\/291
|turn|58
|choice|move 2|move 4
|
|move|p2a: Electrode|Flash|p1a: Onix
|-unboost|p1a: Onix|accuracy|1
|move|p1a: Onix|Earthquake|p2a: Electrode
|-supereffective|p2a: Electrode
|-damage|p2a: Electrode|131\/291
|
|turn|59
|choice|move 2|move 4
|
|move|p2a: Electrode|Flash|p1a: Onix
|-unboost|p1a: Onix|accuracy|1
|move|p1a: Onix|Earthquake|p2a: Electrode
|-supereffective|p2a: Electrode
|-damage|p2a: Electrode|0 fnt
|faint|p2a: Electrode
|choice||switch 6
|
|switch|p2a: Slowbro|Slowbro, L79|23\/312 par
|turn|60
|choice|move 2|move 1
|
|move|p1a: Onix|Earthquake|p2a: Slowbro|[miss]
|-miss|p1a: Onix
|cant|p2a: Slowbro|par
|
|turn|61
|c|★trickster is a fag|lol
|choice|move 2|move 1
|
|move|p1a: Onix|Earthquake|p2a: Slowbro
|-damage|p2a: Slowbro|0 fnt
|faint|p2a: Slowbro
|
|win|trickster is a fag
|player|p1
|player|p2
|raw|trickster is a fag's rating: 1497 &rarr; <strong>1514<\/strong><br \/>(+17 for winning)
|raw|ssacchet's rating: 1436 &rarr; <strong>1420<\/strong><br \/>(-16 for losing)
|c|★ssacchet|tough one
|c|★ssacchet|gg
|l|ssacchet
|c|★trickster is a fag|gg