|j|Mega-Noctali
|j|oneofpanda
|player|p1|Mega-Noctali|65
|player|p2|oneofpanda|161
|gametype|singles
|gen|1
|tier|[Gen 1] Random Battle
|rated
|seed|23619,3864,9650,58019
|rule|Sleep Clause Mod: Limit one foe put to sleep
|rule|Freeze Clause Mod: Limit one foe frozen
|rule|HP Percentage Mod: HP is shown in percentages
|
|start
|switch|p1a: Ivysaur|Ivysaur, L85|276\/276
|switch|p2a: Porygon|Porygon, L85|284\/284
|turn|1
|choice|move 2|move 2
|
|move|p1a: Ivysaur|Leech Seed|p2a: Porygon
|-start|p2a: Porygon|move: Leech Seed
|move|p2a: Porygon|Thunder Wave|p1a: Ivysaur
|-status|p1a: Ivysaur|par
|-damage|p2a: Porygon|267\/284|[from] Leech Seed|[of] p1a: Ivysaur
|
|turn|2
|choice|move 4|switch 3
|
|switch|p2a: Butterfree|Butterfree, L90|291\/291
|cant|p1a: Ivysaur|par
|
|turn|3
|choice|move 4|move 4
|
|move|p2a: Butterfree|Psychic|p1a: Ivysaur
|-crit|p1a: Ivysaur
|-supereffective|p1a: Ivysaur
|-damage|p1a: Ivysaur|0 fnt
|faint|p1a: Ivysaur
|choice|switch 5|
|
|switch|p1a: Raichu|Raichu, L85|276\/276
|turn|4
|choice|move 2|switch 4
|
|switch|p2a: Nidoking|Nidoking, L85|311\/311
|move|p1a: Raichu|Thunder Wave|p2a: Nidoking
|-immune|p2a: Nidoking|[msg]
|
|turn|5
|choice|move 1|move 1
|
|move|p1a: Raichu|Surf|p2a: Nidoking
|-supereffective|p2a: Nidoking
|-damage|p2a: Nidoking|170\/311
|move|p2a: Nidoking|Earthquake|p1a: Raichu
|-crit|p1a: Raichu
|-supereffective|p1a: Raichu
|-damage|p1a: Raichu|0 fnt
|faint|p1a: Raichu
|choice|switch 3|
|
|switch|p1a: Moltres|Moltres, L85|327\/327
|turn|6
|c|★Mega-Noctali|lucky
|choice|move 3|move 2
|
|move|p1a: Moltres|Reflect|p1a: Moltres
|-start|p1a: Moltres|Reflect
|move|p2a: Nidoking|Thunder|p1a: Moltres|[miss]
|-miss|p2a: Nidoking
|
|turn|7
|choice|move 1|move 2
|
|move|p1a: Moltres|Fire Blast|p2a: Nidoking
|-damage|p2a: Nidoking|0 fnt
|faint|p2a: Nidoking
|choice||switch 3
|
|switch|p2a: Porygon|Porygon, L85|267\/284
|turn|8
|choice|move 1|move 2
|
|move|p1a: Moltres|Fire Blast|p2a: Porygon
|-damage|p2a: Porygon|87\/284
|move|p2a: Porygon|Thunder Wave|p1a: Moltres
|-status|p1a: Moltres|par
|
|turn|9
|choice|move 4|move 1
|
|move|p2a: Porygon|Recover|p2a: Porygon
|-heal|p2a: Porygon|229\/284
|cant|p1a: Moltres|par
|
|turn|10
|choice|move 4|move 1
|
|move|p2a: Porygon|Recover|p2a: Porygon
|-heal|p2a: Porygon|284\/284
|move|p1a: Moltres|Agility|p1a: Moltres
|-boost|p1a: Moltres|spe|2
|
|turn|11
|choice|move 1|move 4
|
|move|p1a: Moltres|Fire Blast|p2a: Porygon
|-damage|p2a: Porygon|112\/284
|move|p2a: Porygon|Agility|p2a: Porygon
|-boost|p2a: Porygon|spe|2
|
|turn|12
|choice|move 1|move 1
|
|move|p2a: Porygon|Recover|p2a: Porygon
|-heal|p2a: Porygon|254\/284
|move|p1a: Moltres|Fire Blast|p2a: Porygon
|-damage|p2a: Porygon|95\/284
|
|turn|13
|choice|move 4|move 1
|
|move|p2a: Porygon|Recover|p2a: Porygon
|-heal|p2a: Porygon|237\/284
|move|p1a: Moltres|Agility|p1a: Moltres
|-boost|p1a: Moltres|spe|2
|
|turn|14
|choice|move 1|move 4
|
|move|p1a: Moltres|Fire Blast|p2a: Porygon
|-damage|p2a: Porygon|75\/284
|move|p2a: Porygon|Agility|p2a: Porygon
|-boost|p2a: Porygon|spe|2
|
|turn|15
|choice|move 3|move 1
|
|move|p2a: Porygon|Recover|p2a: Porygon
|-heal|p2a: Porygon|217\/284
|move|p1a: Moltres|Reflect|p1a: Moltres
|-fail|p1a: Moltres
|
|turn|16
|choice|move 1|move 1
|
|move|p2a: Porygon|Recover|p2a: Porygon
|-heal|p2a: Porygon|284\/284
|move|p1a: Moltres|Fire Blast|p2a: Porygon
|-crit|p2a: Porygon
|-damage|p2a: Porygon|0 fnt
|faint|p2a: Porygon
|choice||switch 5
|
|switch|p2a: Kadabra|Kadabra, L85|242\/242
|turn|17
|choice|move 1|move 1
|
|move|p2a: Kadabra|Psychic|p1a: Moltres
|-damage|p1a: Moltres|239\/327 par
|move|p1a: Moltres|Fire Blast|p2a: Kadabra
|-damage|p2a: Kadabra|121\/242
|
|turn|18
|choice|move 2|move 4
|
|move|p2a: Kadabra|Seismic Toss|p1a: Moltres
|-damage|p1a: Moltres|154\/327 par
|cant|p1a: Moltres|par
|
|turn|19
|choice|move 2|move 4
|
|move|p2a: Kadabra|Seismic Toss|p1a: Moltres
|-damage|p1a: Moltres|69\/327 par
|move|p1a: Moltres|Hyper Beam|p2a: Kadabra
|-damage|p2a: Kadabra|0 fnt
|faint|p2a: Kadabra
|choice||switch 4
|
|switch|p2a: Butterfree|Butterfree, L90|291\/291
|turn|20
|choice|move 1|move 4
|
|move|p2a: Butterfree|Psychic|p1a: Moltres
|-damage|p1a: Moltres|20\/327 par
|move|p1a: Moltres|Fire Blast|p2a: Butterfree
|-supereffective|p2a: Butterfree
|-damage|p2a: Butterfree|0 fnt
|faint|p2a: Butterfree
|choice||switch 2
|
|switch|p2a: Seel|Seel, L96|320\/320
|turn|21
|choice|move 2|move 1
|
|move|p2a: Seel|Mimic|p1a: Moltres
|-start|p2a: Seel|Mimic|Reflect
|move|p1a: Moltres|Hyper Beam|p2a: Seel
|-damage|p2a: Seel|195\/320
|
|turn|22
|-mustrecharge|p1a: Moltres
|-mustrecharge|p1a: Moltres
|choice|move 1|move 1
|
|move|p2a: Seel|Reflect|p2a: Seel
|-start|p2a: Seel|Reflect
|cant|p1a: Moltres|recharge
|
|turn|23
|choice|move 2|move 3
|
|move|p2a: Seel|Surf|p1a: Moltres
|-supereffective|p1a: Moltres
|-damage|p1a: Moltres|0 fnt
|faint|p1a: Moltres
|choice|switch 6|
|
|switch|p1a: Electrode|Electrode, L90|291\/291
|turn|24
|choice|move 2|move 4
|
|move|p1a: Electrode|Thunderbolt|p2a: Seel
|-supereffective|p2a: Seel
|-damage|p2a: Seel|0 fnt
|faint|p2a: Seel
|choice||switch 6
|
|switch|p2a: Machoke|Machoke, L85|310\/310
|turn|25
|choice|move 2|move 4
|
|move|p1a: Electrode|Thunderbolt|p2a: Machoke
|-crit|p2a: Machoke
|-damage|p2a: Machoke|31\/310
|move|p2a: Machoke|Earthquake|p1a: Electrode
|-supereffective|p1a: Electrode
|-damage|p1a: Electrode|120\/291
|
|turn|26
|-message|oneofpanda forfeited.
|
|win|Mega-Noctali
|l|oneofpanda
|player|p2