|j|Dice
|j|tr0mb0ner
|player|p1|Dice|168
|player|p2|tr0mb0ner|1
|gametype|singles
|gen|1
|tier|[Gen 1] OU
|rated
|seed|30111,2620,60964,11848
|rule|Sleep Clause Mod: Limit one foe put to sleep
|rule|Freeze Clause Mod: Limit one foe frozen
|rule|Species Clause: Limit one of each Pokémon
|rule|OHKO Clause: OHKO moves are banned
|rule|Evasion Moves Clause: Evasion moves are banned
|rule|HP Percentage Mod: HP is shown in percentages
|
|start
|switch|p1a: Starmie|Starmie|323\/323
|switch|p2a: Starmie|Starmie|323\/323
|turn|1
|choice|move 4|move 3
|
|move|p1a: Starmie|Thunder Wave|p2a: Starmie
|-status|p2a: Starmie|par
|move|p2a: Starmie|Thunderbolt|p1a: Starmie
|-supereffective|p1a: Starmie
|-damage|p1a: Starmie|170\/323
|
|turn|2
|choice|move 3|switch 2
|
|switch|p2a: Chansey|Chansey|703\/703
|move|p1a: Starmie|Recover|p1a: Starmie
|-heal|p1a: Starmie|323\/323
|
|turn|3
|choice|switch 5|move 1
|
|switch|p1a: Chansey|Chansey|703\/703
|move|p2a: Chansey|Ice Beam|p1a: Chansey
|-damage|p1a: Chansey|631\/703
|
|turn|4
|choice|move 1|move 1
|
|move|p2a: Chansey|Ice Beam|p1a: Chansey
|-damage|p1a: Chansey|558\/703
|move|p1a: Chansey|Sing|p2a: Chansey|[miss]
|-miss|p1a: Chansey
|
|turn|5
|choice|move 1|switch 2
|
|switch|p2a: Starmie|Starmie|323\/323 par
|move|p1a: Chansey|Sing|p2a: Starmie
|-fail|p2a: Starmie
|
|turn|6
|choice|move 3|switch 3
|
|switch|p2a: Exeggutor|Exeggutor|393\/393
|move|p1a: Chansey|Soft-Boiled|p1a: Chansey
|-heal|p1a: Chansey|703\/703
|
|turn|7
|choice|switch 5|move 1
|
|switch|p1a: Starmie|Starmie|323\/323
|move|p2a: Exeggutor|Sleep Powder|p1a: Starmie
|-status|p1a: Starmie|slp
|
|turn|8
|choice|move 4|move 2
|
|cant|p1a: Starmie|slp
|move|p2a: Exeggutor|Stun Spore|p1a: Starmie
|-fail|p1a: Starmie
|
|turn|9
|choice|move 4|move 4
|
|cant|p1a: Starmie|slp
|move|p2a: Exeggutor|Psychic|p1a: Starmie
|-resisted|p1a: Starmie
|-damage|p1a: Starmie|258\/323 slp
|
|turn|10
|choice|move 4|move 4
|
|-curestatus|p1a: Starmie|slp
|move|p2a: Exeggutor|Psychic|p1a: Starmie
|-resisted|p1a: Starmie
|-damage|p1a: Starmie|197\/323
|
|turn|11
|choice|move 4|move 1
|
|move|p1a: Starmie|Thunder Wave|p2a: Exeggutor
|-status|p2a: Exeggutor|par
|move|p2a: Exeggutor|Sleep Powder|p1a: Starmie|[miss]
|-miss|p2a: Exeggutor
|
|turn|12
|choice|move 3|move 1
|
|move|p1a: Starmie|Recover|p1a: Starmie
|-heal|p1a: Starmie|323\/323
|cant|p2a: Exeggutor|par
|
|turn|13
|choice|move 1|move 1
|
|move|p1a: Starmie|Blizzard|p2a: Exeggutor
|-supereffective|p2a: Exeggutor
|-damage|p2a: Exeggutor|235\/393 par
|move|p2a: Exeggutor|Sleep Powder|p1a: Starmie|[miss]
|-miss|p2a: Exeggutor
|
|turn|14
|choice|move 1|switch 2
|
|switch|p2a: Chansey|Chansey|703\/703
|move|p1a: Starmie|Blizzard|p2a: Chansey
|-damage|p2a: Chansey|618\/703
|
|turn|15
|choice|switch 5|move 1
|
|switch|p1a: Chansey|Chansey|703\/703
|move|p2a: Chansey|Ice Beam|p1a: Chansey
|-damage|p1a: Chansey|634\/703
|
|turn|16
|choice|move 4|switch 2
|
|switch|p2a: Exeggutor|Exeggutor|235\/393 par
|move|p1a: Chansey|Ice Beam|p2a: Exeggutor
|-supereffective|p2a: Exeggutor
|-damage|p2a: Exeggutor|110\/393 par
|
|turn|17
|choice|move 4|switch 2
|
|switch|p2a: Chansey|Chansey|618\/703
|move|p1a: Chansey|Ice Beam|p2a: Chansey
|-damage|p2a: Chansey|548\/703
|
|turn|18
|choice|move 1|switch 3
|
|switch|p2a: Starmie|Starmie|323\/323 par
|move|p1a: Chansey|Sing|p2a: Starmie
|-fail|p2a: Starmie
|
|turn|19
|choice|switch 4|move 1
|
|switch|p1a: Snorlax|Snorlax|523\/523
|cant|p2a: Starmie|par
|
|turn|20
|choice|move 1|switch 4
|
|switch|p2a: Snorlax|Snorlax|523\/523
|move|p1a: Snorlax|Headbutt|p2a: Snorlax
|-damage|p2a: Snorlax|411\/523
|
|turn|21
|choice|move 1|move 1
|
|move|p1a: Snorlax|Headbutt|p2a: Snorlax
|-damage|p2a: Snorlax|298\/523
|move|p2a: Snorlax|Body Slam|p1a: Snorlax
|-damage|p1a: Snorlax|385\/523
|
|turn|22
|choice|move 1|move 4
|
|move|p1a: Snorlax|Headbutt|p2a: Snorlax
|-damage|p2a: Snorlax|184\/523
|cant|p2a: Snorlax|flinch
|
|turn|23
|choice|switch 2|move 2
|
|switch|p1a: Rhydon|Rhydon|413\/413
|move|p2a: Snorlax|Self-Destruct|p1a: Rhydon
|-resisted|p1a: Rhydon
|-damage|p1a: Rhydon|274\/413
|faint|p2a: Snorlax
|choice||switch 3
|
|switch|p2a: Chansey|Chansey|548\/703
|turn|24
|choice|switch 4|move 1
|
|switch|p1a: Chansey|Chansey|634\/703
|move|p2a: Chansey|Ice Beam|p1a: Chansey
|-crit|p1a: Chansey
|-damage|p1a: Chansey|489\/703
|
|turn|25
|choice|move 3|move 1
|
|move|p2a: Chansey|Ice Beam|p1a: Chansey
|-crit|p1a: Chansey
|-damage|p1a: Chansey|342\/703
|move|p1a: Chansey|Soft-Boiled|p1a: Chansey
|-heal|p1a: Chansey|693\/703
|
|turn|26
|choice|switch 2|switch 4
|
|switch|p1a: Snorlax|Snorlax|385\/523
|switch|p2a: Starmie|Starmie|323\/323 par
|
|turn|27
|choice|move 2|move 1
|
|move|p1a: Snorlax|Body Slam|p2a: Starmie
|-damage|p2a: Starmie|214\/323 par
|move|p2a: Starmie|Psychic|p1a: Snorlax
|-damage|p1a: Snorlax|257\/523
|-unboost|p1a: Snorlax|spd|1
|-unboost|p1a: Snorlax|spa|1
|
|turn|28
|choice|move 1|move 1
|
|move|p1a: Snorlax|Headbutt|p2a: Starmie
|-damage|p2a: Starmie|121\/323 par
|cant|p2a: Starmie|flinch
|
|turn|29
|choice|move 1|move 4
|
|move|p1a: Snorlax|Headbutt|p2a: Starmie
|-damage|p2a: Starmie|22\/323 par
|cant|p2a: Starmie|flinch
|
|turn|30
|choice|move 2|move 1
|
|move|p1a: Snorlax|Body Slam|p2a: Starmie
|-damage|p2a: Starmie|0 fnt
|faint|p2a: Starmie
|choice||switch 6
|
|switch|p2a: Tauros|Tauros|353\/353
|turn|31
|choice|move 4|move 1
|
|move|p2a: Tauros|Body Slam|p1a: Snorlax
|-crit|p1a: Snorlax
|-damage|p1a: Snorlax|18\/523
|move|p1a: Snorlax|Self-Destruct|p2a: Tauros
|-damage|p2a: Tauros|42\/353
|faint|p1a: Snorlax
|choice|switch 5|
|
|switch|p1a: Starmie|Starmie|323\/323
|turn|32
|choice|move 1|switch 4
|
|switch|p2a: Chansey|Chansey|548\/703
|move|p1a: Starmie|Blizzard|p2a: Chansey
|-damage|p2a: Chansey|458\/703
|
|turn|33
|choice|switch 2|move 1
|
|switch|p1a: Chansey|Chansey|693\/703
|move|p2a: Chansey|Ice Beam|p1a: Chansey
|-damage|p1a: Chansey|618\/703
|
|turn|34
|choice|move 1|move 1
|
|move|p2a: Chansey|Ice Beam|p1a: Chansey
|-damage|p1a: Chansey|538\/703
|move|p1a: Chansey|Sing|p2a: Chansey
|-status|p2a: Chansey|slp
|
|turn|35
|choice|move 3|switch 2
|
|switch|p2a: Exeggutor|Exeggutor|110\/393 par
|move|p1a: Chansey|Soft-Boiled|p1a: Chansey
|-heal|p1a: Chansey|703\/703
|
|turn|36
|choice|move 4|move 3
|
|move|p1a: Chansey|Ice Beam|p2a: Exeggutor
|-supereffective|p2a: Exeggutor
|-damage|p2a: Exeggutor|0 fnt
|faint|p2a: Exeggutor
|choice||switch 5
|
|switch|p2a: Bruh|Slowbro|393\/393
|turn|37
|choice|switch 3|move 3
|
|switch|p1a: Exeggutor|Exeggutor|393\/393
|move|p2a: Bruh|Thunder Wave|p1a: Exeggutor
|-status|p1a: Exeggutor|par
|
|turn|38
|choice|move 1|move 2
|
|move|p2a: Bruh|Surf|p1a: Exeggutor
|-resisted|p1a: Exeggutor
|-damage|p1a: Exeggutor|355\/393 par
|cant|p1a: Exeggutor|par
|
|turn|39
|choice|move 1|switch 4
|
|switch|p2a: Tauros|Tauros|42\/353
|move|p1a: Exeggutor|Stun Spore|p2a: Tauros
|-status|p2a: Tauros|par
|
|turn|40
|choice|switch 2|move 4
|
|switch|p1a: Starmie|Starmie|323\/323
|cant|p2a: Tauros|par
|
|turn|41
|-message|tr0mb0ner forfeited.
|
|win|Dice
|player|p1
|player|p2
|l|tr0mb0ner
|raw|Dice's rating: 1316 &rarr; <strong>1348<\/strong><br \/>(+32 for winning)
|raw|tr0mb0ner's rating: 1554 &rarr; <strong>1522<\/strong><br \/>(-32 for losing)