|join|ralphmchua
|join|Zorage
|player|p1|ralphmchua|1
|player|p2|Zorage|166
|gametype|singles
|gen|1
|tier|[Gen 1] Random Battle
|rated
|rule|Sleep Clause Mod: Limit one foe put to sleep
|rule|Freeze Clause Mod: Limit one foe frozen
|rule|HP Percentage Mod: HP is shown in percentages
|
|start
|switch|p1a: Tentacruel|Tentacruel, L85|310\/310
|switch|p2a: Clefairy|Clefairy, L95|326\/326
|turn|1
|
|move|p1a: Tentacruel|Blizzard|p2a: Clefairy
|-damage|p2a: Clefairy|207\/326
|move|p2a: Clefairy|Thunderbolt|p1a: Tentacruel
|-supereffective|p1a: Tentacruel
|-damage|p1a: Tentacruel|207\/310
|
|turn|2
|
|move|p1a: Tentacruel|Blizzard|p2a: Clefairy
|-crit|p2a: Clefairy
|-damage|p2a: Clefairy|0 fnt
|faint|p2a: Clefairy
|
|switch|p2a: Electabuzz|Electabuzz, L85|284\/284
|turn|3
|
|switch|p1a: Magnemite|Magnemite, L96|243\/243
|move|p2a: Electabuzz|Thunderbolt|p1a: Magnemite
|-resisted|p1a: Magnemite
|-damage|p1a: Magnemite|206\/243
|
|turn|4
|
|switch|p2a: Victreebel|Victreebel, L85|310\/310
|move|p1a: Magnemite|Double-Edge|p2a: Victreebel
|-crit|p2a: Victreebel
|-damage|p2a: Victreebel|187\/310
|-damage|p1a: Magnemite|176\/243|[from] recoil|[of] p2a: Victreebel
|
|turn|5
|
|switch|p1a: Mr. Mime|Mr. Mime, L85|242\/242
|move|p2a: Victreebel|Sleep Powder|p1a: Mr. Mime
|-status|p1a: Mr. Mime|slp
|
|turn|6
|
|cant|p1a: Mr. Mime|slp
|move|p2a: Victreebel|Swords Dance|p2a: Victreebel
|-boost|p2a: Victreebel|atk|2
|
|turn|7
|
|cant|p1a: Mr. Mime|slp
|move|p2a: Victreebel|Body Slam|p1a: Mr. Mime
|-damage|p1a: Mr. Mime|73\/242 slp
|
|turn|8
|
|cant|p1a: Mr. Mime|slp
|move|p2a: Victreebel|Body Slam|p1a: Mr. Mime
|-damage|p1a: Mr. Mime|0 fnt
|faint|p1a: Mr. Mime
|
|switch|p1a: Golem|Golem, L79|288\/288
|turn|9
|
|move|p2a: Victreebel|Razor Leaf|p1a: Golem
|-crit|p1a: Golem
|-supereffective|p1a: Golem
|-damage|p1a: Golem|0 fnt
|faint|p1a: Golem
|-message|ralphmchua forfeited.
|
|win|Zorage
|raw|Ladder updating...
|leave|ralphmchua
|player|p1
|raw|ralphmchua's rating: 1000 &rarr; <strong>1000<\/strong><br \/>(+0 for losing)
|raw|Zorage's rating: 1000 &rarr; <strong>1040<\/strong><br \/>(+40 for winning)