|j|smilzo
|j|marcoasd
|player|p1|smilzo|157
|player|p2|marcoasd|169
|gametype|singles
|gen|1
|tier|[Gen 1] OU
|seed|43820,62168,35203,63047
|rule|Sleep Clause Mod: Limit one foe put to sleep
|rule|Freeze Clause Mod: Limit one foe frozen
|rule|Species Clause: Limit one of each Pokémon
|rule|OHKO Clause: OHKO moves are banned
|rule|Evasion Moves Clause: Evasion moves are banned
|rule|HP Percentage Mod: HP is shown in percentages
|
|start
|switch|p1a: Jynx|Jynx|333\/333
|switch|p2a: Gengar|Gengar|323\/323
|turn|1
|c|★smilzo|hf
|choice|move 3|move 1
|
|move|p2a: Gengar|Hypnosis|p1a: Jynx|[miss]
|-miss|p2a: Gengar
|move|p1a: Jynx|Psychic|p2a: Gengar
|-supereffective|p2a: Gengar
|-damage|p2a: Gengar|154\/323
|
|turn|2
|choice|move 3|move 4
|
|move|p2a: Gengar|Explosion|p1a: Jynx
|-damage|p1a: Jynx|0 fnt
|faint|p1a: Jynx
|faint|p2a: Gengar
|choice|switch 2|switch 2
|
|switch|p1a: Starmie|Starmie|323\/323
|switch|p2a: Moltres|Moltres|383\/383
|turn|3
|c|★smilzo|ooo
|choice|move 3|switch 4
|
|switch|p2a: Exeggutor|Exeggutor|393\/393
|move|p1a: Starmie|Thunder Wave|p2a: Exeggutor
|-status|p2a: Exeggutor|par
|
|turn|4
|choice|move 1|switch 3
|
|switch|p2a: Chansey|Chansey|703\/703
|move|p1a: Starmie|Blizzard|p2a: Chansey|[miss]
|-miss|p1a: Starmie
|
|turn|5
|choice|switch 4|move 3
|
|switch|p1a: Chansey|Chansey|703\/703
|move|p2a: Chansey|Sing|p1a: Chansey|[miss]
|-miss|p2a: Chansey
|
|turn|6
|c|★smilzo|D:
|c|★marcoasd|CI SONO COSE NEL SILENZIO
|choice|switch 4|move 3
|
|switch|p1a: Starmie|Starmie|323\/323
|move|p2a: Chansey|Sing|p1a: Starmie
|-status|p1a: Starmie|slp
|
|turn|7
|j|Not Troller
|choice|switch 4|move 2
|
|switch|p1a: Chansey|Chansey|703\/703
|move|p2a: Chansey|Seismic Toss|p1a: Chansey
|-damage|p1a: Chansey|603\/703
|
|turn|8
|choice|move 1|move 1
|
|move|p2a: Chansey|Thunder Wave|p1a: Chansey
|-status|p1a: Chansey|par
|move|p1a: Chansey|Thunder Wave|p2a: Chansey
|-status|p2a: Chansey|par
|
|turn|9
|choice|move 3|move 2
|
|move|p1a: Chansey|Ice Beam|p2a: Chansey
|-damage|p2a: Chansey|632\/703 par
|move|p2a: Chansey|Seismic Toss|p1a: Chansey
|-damage|p1a: Chansey|503\/703 par
|
|turn|10
|choice|move 3|switch 6
|
|switch|p2a: Snorlax|Snorlax|523\/523
|move|p1a: Chansey|Ice Beam|p2a: Snorlax
|-damage|p2a: Snorlax|417\/523
|
|turn|11
|choice|switch 3|move 3
|
|switch|p1a: Exeggutor|Exeggutor|393\/393
|move|p2a: Snorlax|Earthquake|p1a: Exeggutor
|-resisted|p1a: Exeggutor
|-damage|p1a: Exeggutor|346\/393
|
|turn|12
|choice|move 3|switch 3
|
|switch|p2a: Exeggutor|Exeggutor|393\/393 par
|move|p1a: Exeggutor|Psychic|p2a: Exeggutor
|-resisted|p2a: Exeggutor
|-damage|p2a: Exeggutor|344\/393 par
|-unboost|p2a: Exeggutor|spd|1
|-unboost|p2a: Exeggutor|spa|1
|
|turn|13
|choice|switch 3|move 2
|
|switch|p1a: Chansey|Chansey|503\/703 par
|cant|p2a: Exeggutor|par
|
|turn|14
|choice|move 4|switch 3
|
|switch|p2a: Snorlax|Snorlax|417\/523
|move|p1a: Chansey|Soft-Boiled|p1a: Chansey
|-heal|p1a: Chansey|703\/703 par
|
|turn|15
|choice|move 2|move 3
|
|move|p2a: Snorlax|Earthquake|p1a: Chansey
|-damage|p1a: Chansey|489\/703 par
|cant|p1a: Chansey|par
|
|turn|16
|choice|move 2|move 1
|
|move|p2a: Snorlax|Body Slam|p1a: Chansey
|-crit|p1a: Chansey
|-damage|p1a: Chansey|0 fnt
|faint|p1a: Chansey
|c|★smilzo|nooooooo
|c|★marcoasd|era counter'
|c|★marcoasd|?
|c|★smilzo|si :c
|c|★marcoasd|che pezzo dimmerda
|c|★smilzo|rip
|c|★marcoasd|lol
|c|★marcoasd|non ti caghi di moltres?
|choice|switch 3|
|
|switch|p1a: Exeggutor|Exeggutor|346\/393
|turn|17
|c|★marcoasd|ora dovrebbe salirti la caga
|c|★smilzo|eh si
|c|★smilzo|ma almeno potevo avere qualche opportunità di softboiled
|choice|move 3|switch 6
|
|switch|p2a: Chansey|Chansey|632\/703 par
|move|p1a: Exeggutor|Psychic|p2a: Chansey
|-damage|p2a: Chansey|507\/703 par
|-unboost|p2a: Chansey|spd|1
|-unboost|p2a: Chansey|spa|1
|
|turn|18
|choice|move 3|move 1
|
|move|p1a: Exeggutor|Psychic|p2a: Chansey
|-crit|p2a: Chansey
|-damage|p2a: Chansey|280\/703 par
|-unboost|p2a: Chansey|spd|1
|-unboost|p2a: Chansey|spa|1
|move|p2a: Chansey|Thunder Wave|p1a: Exeggutor
|-status|p1a: Exeggutor|par
|
|turn|19
|j|Naoki Miki
|l|Naoki Miki
|choice|move 3|move 4
|
|move|p1a: Exeggutor|Psychic|p2a: Chansey
|-damage|p2a: Chansey|36\/703 par
|move|p2a: Chansey|Soft-Boiled|p2a: Chansey
|-heal|p2a: Chansey|387\/703 par
|
|turn|20
|choice|switch 5|switch 3
|
|switch|p1a: Snorlax|Snorlax|523\/523
|switch|p2a: Exeggutor|Exeggutor|344\/393 par
|
|turn|21
|choice|switch 4|move 3
|
|switch|p1a: Starmie|Starmie|323\/323 slp
|move|p2a: Exeggutor|Psychic|p1a: Starmie
|-resisted|p1a: Starmie
|-damage|p1a: Starmie|260\/323 slp
|
|turn|22
|choice|switch 5|switch 6
|
|switch|p1a: Exeggutor|Exeggutor|346\/393 par
|switch|p2a: Snorlax|Snorlax|417\/523
|
|turn|23
|choice|move 3|move 1
|
|move|p2a: Snorlax|Body Slam|p1a: Exeggutor
|-damage|p1a: Exeggutor|220\/393 par
|move|p1a: Exeggutor|Psychic|p2a: Snorlax
|-damage|p2a: Snorlax|267\/523
|
|turn|24
|choice|move 3|move 1
|
|move|p2a: Snorlax|Body Slam|p1a: Exeggutor
|-damage|p1a: Exeggutor|106\/393 par
|move|p1a: Exeggutor|Psychic|p2a: Snorlax
|-damage|p2a: Snorlax|114\/523
|
|turn|25
|choice|move 3|move 1
|
|move|p2a: Snorlax|Body Slam|p1a: Exeggutor
|-damage|p1a: Exeggutor|0 fnt
|faint|p1a: Exeggutor
|choice|switch 6|
|
|switch|p1a: Tauros|Tauros|353\/353
|turn|26
|choice|move 1|switch 3
|
|switch|p2a: Chansey|Chansey|387\/703 par
|move|p1a: Tauros|Body Slam|p2a: Chansey
|-damage|p2a: Chansey|126\/703 par
|
|turn|27
|choice|move 1|move 4
|
|move|p1a: Tauros|Body Slam|p2a: Chansey
|-damage|p2a: Chansey|0 fnt
|faint|p2a: Chansey
|choice||switch 6
|
|switch|p2a: Exeggutor|Exeggutor|344\/393 par
|turn|28
|choice|switch 5|move 4
|
|switch|p1a: Starmie|Starmie|260\/323 slp
|cant|p2a: Exeggutor|par
|
|turn|29
|choice|move 1|switch 3
|
|switch|p2a: Snorlax|Snorlax|114\/523
|-curestatus|p1a: Starmie|slp
|
|turn|30
|choice|move 1|move 4
|
|move|p1a: Starmie|Blizzard|p2a: Snorlax|[miss]
|-miss|p1a: Starmie
|move|p2a: Snorlax|Self-Destruct|p1a: Starmie
|-damage|p1a: Starmie|0 fnt
|faint|p1a: Starmie
|faint|p2a: Snorlax
|c|★marcoasd|asd
|c|★smilzo|sob
|c|★marcoasd|c'erano dei roll utili
|c|★marcoasd|ma molto probabilmente mi avrebbe smerdato
|choice|switch 5|switch 3
|
|switch|p1a: Tauros|Tauros|353\/353
|switch|p2a: Exeggutor|Exeggutor|344\/393 par
|turn|31
|c|★smilzo|eh vabbe rip
|c|★smilzo|ora crittiamo sto beam
|choice|move 3|move 4
|
|move|p1a: Tauros|Hyper Beam|p2a: Exeggutor
|-damage|p2a: Exeggutor|147\/393 par
|move|p2a: Exeggutor|Explosion|p1a: Tauros
|-crit|p1a: Tauros
|-damage|p1a: Tauros|0 fnt
|faint|p1a: Tauros
|faint|p2a: Exeggutor
|c|★smilzo|niente
|choice|switch 4|switch 4
|
|switch|p2a: Moltres|Moltres|383\/383
|switch|p1a: Snorlax|Snorlax|523\/523
|turn|32
|choice|move 1|move 1
|
|move|p2a: Moltres|Fire Blast|p1a: Snorlax
|-damage|p1a: Snorlax|314\/523
|-status|p1a: Snorlax|brn
|move|p1a: Snorlax|Body Slam|p2a: Moltres
|-damage|p2a: Moltres|321\/383
|-damage|p1a: Snorlax|282\/523 brn|[from] brn|[of] p2a: Moltres
|
|turn|33
|c|★marcoasd|rip
|c|★smilzo|gg
|c|★marcoasd|kick your ass and make u never forget
|choice|move 4|move 2
|
|move|p2a: Moltres|Fire Spin|p1a: Snorlax
|-damage|p1a: Snorlax|252\/523 brn
|-activate|p1a: Snorlax|move: Fire Spin|[of] p2a: Moltres
|cant|p1a: Snorlax|partiallytrapped
|-damage|p1a: Snorlax|220\/523 brn|[from] brn|[of] p2a: Moltres
|
|turn|34
|c|★smilzo|lol
|c|★smilzo|noo
|c|★marcoasd|gg
|j|pima
|c|★smilzo|dai missa voglio vedere quanto fa boom >>
|choice|move 4|move 2
|
|move|p2a: Moltres|Fire Spin|p1a: Snorlax|[from]Fire Spin
|-damage|p1a: Snorlax|190\/523 brn
|cant|p1a: Snorlax|partiallytrapped
|-damage|p1a: Snorlax|158\/523 brn|[from] brn|[of] p2a: Moltres
|
|-end|p1a: Snorlax|Fire Spin|[partiallytrapped]
|turn|35
|c|★marcoasd|un cazzo
|c|★marcoasd|43 50 tipo
|choice|move 4|move 1
|
|move|p2a: Moltres|Fire Blast|p1a: Snorlax
|-damage|p1a: Snorlax|0 fnt
|faint|p1a: Snorlax
|
|win|marcoasd
|player|p1
|player|p2
|l|marcoasd