|j|Phemt
|j|jaredpokelegit
|player|p1|Phemt|170
|player|p2|jaredpokelegit|167
|gametype|singles
|gen|1
|tier|[Gen 1] OU
|rated
|seed|
|rule|Sleep Clause Mod: Limit one foe put to sleep
|rule|Freeze Clause Mod: Limit one foe frozen
|rule|Species Clause: Limit one of each Pokémon
|rule|OHKO Clause: OHKO moves are banned
|rule|Evasion Moves Clause: Evasion moves are banned
|rule|HP Percentage Mod: HP is shown in percentages
|
|start
|switch|p1a: Snorlax|Snorlax|100\/100
|switch|p2a: Alakazam|Alakazam|100\/100
|turn|1
|c|★jaredpokelegit|gl
|choice||
|
|move|p2a: Alakazam|Reflect|p2a: Alakazam
|-start|p2a: Alakazam|Reflect
|move|p1a: Snorlax|Amnesia|p1a: Snorlax
|-boost|p1a: Snorlax|spd|2
|-boost|p1a: Snorlax|spa|2
|
|turn|2
|choice||
|
|switch|p2a: Gengar|Gengar|100\/100
|move|p1a: Snorlax|Amnesia|p1a: Snorlax
|-boost|p1a: Snorlax|spd|2
|-boost|p1a: Snorlax|spa|2
|
|turn|3
|choice||
|
|move|p2a: Gengar|Hypnosis|p1a: Snorlax
|-status|p1a: Snorlax|slp
|-curestatus|p1a: Snorlax|slp
|
|turn|4
|choice||
|
|move|p2a: Gengar|Hypnosis|p1a: Snorlax|[miss]
|-miss|p2a: Gengar
|move|p1a: Snorlax|Surf|p2a: Gengar
|-damage|p2a: Gengar|53\/100
|
|turn|5
|choice||
|
|move|p2a: Gengar|Hypnosis|p1a: Snorlax
|-status|p1a: Snorlax|slp
|cant|p1a: Snorlax|slp
|
|turn|6
|choice||
|
|switch|p2a: Tauros|Tauros|100\/100
|cant|p1a: Snorlax|slp
|
|turn|7
|choice||
|
|move|p2a: Tauros|Body Slam|p1a: Snorlax
|-damage|p1a: Snorlax|74\/100 slp
|cant|p1a: Snorlax|slp
|
|turn|8
|choice||
|
|move|p2a: Tauros|Body Slam|p1a: Snorlax
|-crit|p1a: Snorlax
|-damage|p1a: Snorlax|27\/100 slp
|cant|p1a: Snorlax|slp
|
|turn|9
|choice||
|
|move|p2a: Tauros|Body Slam|p1a: Snorlax
|-crit|p1a: Snorlax
|-damage|p1a: Snorlax|0 fnt
|faint|p1a: Snorlax
|choice||
|
|switch|p1a: Jolteon|Jolteon|100\/100
|turn|10
|choice||
|
|move|p1a: Jolteon|Thunder Wave|p2a: Tauros
|-status|p2a: Tauros|par
|move|p2a: Tauros|Earthquake|p1a: Jolteon
|-crit|p1a: Jolteon
|-supereffective|p1a: Jolteon
|-damage|p1a: Jolteon|0 fnt
|faint|p1a: Jolteon
|choice||
|
|switch|p1a: Charizard|Charizard|100\/100
|turn|11
|choice||
|
|move|p1a: Charizard|Fire Spin|p2a: Tauros
|-damage|p2a: Tauros|94\/100 par
|cant|p2a: Tauros|partiallytrapped
|
|turn|12
|choice||
|
|switch|p2a: Jolteon|Jolteon|100\/100
|move|p1a: Charizard|Fire Spin|p2a: Jolteon
|-damage|p2a: Jolteon|96\/100
|
|turn|13
|choice||
|
|switch|p2a: Gengar|Gengar|53\/100
|switch|p1a: Exeggutor|Exeggutor|100\/100
|
|turn|14
|choice||
|
|move|p2a: Gengar|Hypnosis|p1a: Exeggutor|[miss]
|-miss|p2a: Gengar
|move|p1a: Exeggutor|Psychic|p2a: Gengar
|-supereffective|p2a: Gengar
|-damage|p2a: Gengar|0 fnt
|faint|p2a: Gengar
|choice||
|
|switch|p2a: Tauros|Tauros|94\/100 par
|turn|15
|choice||
|
|switch|p1a: Slowbro|Slowbro|100\/100
|cant|p2a: Tauros|par
|
|turn|16
|choice||
|
|switch|p2a: Dragonite|Dragonite|100\/100
|move|p1a: Slowbro|Amnesia|p1a: Slowbro
|-boost|p1a: Slowbro|spd|2
|-boost|p1a: Slowbro|spa|2
|
|turn|17
|choice||
|
|move|p2a: Dragonite|Wrap|p1a: Slowbro|[miss]
|-miss|p2a: Dragonite
|move|p1a: Slowbro|Amnesia|p1a: Slowbro
|-boost|p1a: Slowbro|spd|2
|-boost|p1a: Slowbro|spa|2
|
|turn|18
|choice||
|
|move|p2a: Dragonite|Wrap|p1a: Slowbro
|-damage|p1a: Slowbro|97\/100
|cant|p1a: Slowbro|partiallytrapped
|
|turn|19
|choice||
|
|move|p2a: Dragonite|Wrap|p1a: Slowbro|[from]Wrap
|-damage|p1a: Slowbro|94\/100
|cant|p1a: Slowbro|partiallytrapped
|
|turn|20
|choice||
|
|move|p2a: Dragonite|Wrap|p1a: Slowbro|[from]Wrap
|-damage|p1a: Slowbro|91\/100
|cant|p1a: Slowbro|partiallytrapped
|
|turn|21
|choice||
|
|move|p2a: Dragonite|Wrap|p1a: Slowbro
|-damage|p1a: Slowbro|87\/100
|cant|p1a: Slowbro|partiallytrapped
|
|turn|22
|choice||
|
|move|p2a: Dragonite|Wrap|p1a: Slowbro|[from]Wrap
|-damage|p1a: Slowbro|83\/100
|cant|p1a: Slowbro|partiallytrapped
|
|turn|23
|choice||
|
|move|p2a: Dragonite|Wrap|p1a: Slowbro
|-damage|p1a: Slowbro|79\/100
|cant|p1a: Slowbro|partiallytrapped
|
|turn|24
|choice||
|
|move|p2a: Dragonite|Wrap|p1a: Slowbro|[from]Wrap
|-damage|p1a: Slowbro|76\/100
|cant|p1a: Slowbro|partiallytrapped
|
|turn|25
|choice||
|
|move|p2a: Dragonite|Wrap|p1a: Slowbro
|-damage|p1a: Slowbro|72\/100
|cant|p1a: Slowbro|partiallytrapped
|
|turn|26
|choice||
|
|move|p2a: Dragonite|Wrap|p1a: Slowbro|[from]Wrap
|-damage|p1a: Slowbro|68\/100
|cant|p1a: Slowbro|partiallytrapped
|
|turn|27
|choice||
|
|move|p2a: Dragonite|Wrap|p1a: Slowbro|[from]Wrap
|-damage|p1a: Slowbro|64\/100
|cant|p1a: Slowbro|partiallytrapped
|
|turn|28
|choice||
|
|move|p2a: Dragonite|Wrap|p1a: Slowbro|[from]Wrap
|-damage|p1a: Slowbro|61\/100
|cant|p1a: Slowbro|partiallytrapped
|
|turn|29
|choice||
|
|move|p2a: Dragonite|Wrap|p1a: Slowbro|[from]Wrap
|-damage|p1a: Slowbro|57\/100
|cant|p1a: Slowbro|partiallytrapped
|
|turn|30
|choice||
|
|move|p2a: Dragonite|Wrap|p1a: Slowbro
|-damage|p1a: Slowbro|53\/100
|cant|p1a: Slowbro|partiallytrapped
|
|turn|31
|choice||
|
|move|p2a: Dragonite|Wrap|p1a: Slowbro|[from]Wrap
|-damage|p1a: Slowbro|50\/100
|cant|p1a: Slowbro|partiallytrapped
|
|turn|32
|choice||
|
|move|p2a: Dragonite|Wrap|p1a: Slowbro
|-damage|p1a: Slowbro|46\/100
|cant|p1a: Slowbro|partiallytrapped
|
|turn|33
|choice||
|
|switch|p1a: Tauros|Tauros|100\/100
|move|p2a: Dragonite|Wrap|p1a: Tauros
|-damage|p1a: Tauros|97\/100
|
|turn|34
|choice||
|
|cant|p1a: Tauros|partiallytrapped
|move|p2a: Dragonite|Wrap|p1a: Tauros|[from]Wrap
|-damage|p1a: Tauros|93\/100
|
|turn|35
|choice||
|
|cant|p1a: Tauros|partiallytrapped
|move|p2a: Dragonite|Wrap|p1a: Tauros|[from]Wrap
|-damage|p1a: Tauros|89\/100
|
|turn|36
|choice||
|
|move|p1a: Tauros|Blizzard|p2a: Dragonite
|-supereffective|p2a: Dragonite
|-damage|p2a: Dragonite|26\/100
|move|p2a: Dragonite|Wrap|p1a: Tauros
|-damage|p1a: Tauros|84\/100
|
|turn|37
|choice||
|
|switch|p2a: Tauros|Tauros|94\/100 par
|cant|p1a: Tauros|partiallytrapped
|
|turn|38
|choice||
|
|move|p1a: Tauros|Body Slam|p2a: Tauros
|-damage|p2a: Tauros|63\/100 par
|move|p2a: Tauros|Body Slam|p1a: Tauros
|-damage|p1a: Tauros|55\/100
|
|turn|39
|choice||
|
|move|p1a: Tauros|Body Slam|p2a: Tauros
|-damage|p2a: Tauros|33\/100 par
|move|p2a: Tauros|Body Slam|p1a: Tauros
|-damage|p1a: Tauros|24\/100
|
|turn|40
|choice||
|
|move|p1a: Tauros|Hyper Beam|p2a: Tauros
|-damage|p2a: Tauros|0 fnt
|faint|p2a: Tauros
|choice||
|
|switch|p2a: Jolteon|Jolteon|96\/100
|turn|41
|choice||
|
|switch|p1a: Exeggutor|Exeggutor|100\/100
|move|p2a: Jolteon|Thunderbolt|p1a: Exeggutor
|-crit|p1a: Exeggutor
|-resisted|p1a: Exeggutor
|-damage|p1a: Exeggutor|76\/100
|-status|p1a: Exeggutor|par
|
|turn|42
|choice||
|
|move|p2a: Jolteon|Pin Missile|p1a: Exeggutor
|-supereffective|p1a: Exeggutor
|-damage|p1a: Exeggutor|65\/100 par
|-damage|p1a: Exeggutor|54\/100 par
|-damage|p1a: Exeggutor|43\/100 par
|-damage|p1a: Exeggutor|32\/100 par
|-hitcount|p1a: Exeggutor|4
|move|p1a: Exeggutor|Sleep Powder|p2a: Jolteon
|-status|p2a: Jolteon|slp
|
|turn|43
|choice||
|
|switch|p2a: Alakazam|Alakazam|100\/100
|cant|p1a: Exeggutor|par
|
|turn|44
|choice||
|
|move|p2a: Alakazam|Psychic|p1a: Exeggutor
|-resisted|p1a: Exeggutor
|-damage|p1a: Exeggutor|17\/100 par
|move|p1a: Exeggutor|Toxic|p2a: Alakazam
|-status|p2a: Alakazam|tox
|
|turn|45
|choice||
|
|move|p2a: Alakazam|Psychic|p1a: Exeggutor
|-resisted|p1a: Exeggutor
|-damage|p1a: Exeggutor|2\/100 par
|-damage|p2a: Alakazam|94\/100 tox|[from] tox|[of] p1a: Exeggutor
|move|p1a: Exeggutor|Leech Seed|p2a: Alakazam
|-start|p2a: Alakazam|move: Leech Seed
|
|turn|46
|choice||
|
|move|p2a: Alakazam|Psychic|p1a: Exeggutor
|-resisted|p1a: Exeggutor
|-damage|p1a: Exeggutor|0 fnt
|faint|p1a: Exeggutor
|j|Daito37
|choice||
|
|switch|p1a: Charizard|Charizard|100\/100
|turn|47
|choice||
|
|move|p2a: Alakazam|Thunder Wave|p1a: Charizard
|-status|p1a: Charizard|par
|-damage|p2a: Alakazam|82\/100 tox|[from] tox|[of] p1a: Charizard
|-damage|p2a: Alakazam|64\/100 tox|[from] Leech Seed|[of] p1a: Charizard
|move|p1a: Charizard|Fire Spin|p2a: Alakazam
|-damage|p2a: Alakazam|59\/100 tox
|
|turn|48
|choice||
|
|switch|p2a: Lapras|Lapras|100\/100
|move|p1a: Charizard|Fire Spin|p2a: Lapras
|-damage|p2a: Lapras|97\/100
|
|turn|49
|j|Austinf
|choice||
|
|cant|p2a: Lapras|partiallytrapped
|move|p1a: Charizard|Fire Spin|p2a: Lapras|[from]Fire Spin
|-damage|p2a: Lapras|94\/100
|
|turn|50
|choice||
|
|cant|p2a: Lapras|partiallytrapped
|move|p1a: Charizard|Fire Spin|p2a: Lapras|[from]Fire Spin
|-damage|p2a: Lapras|90\/100
|
|turn|51
|choice||
|
|cant|p2a: Lapras|partiallytrapped
|move|p1a: Charizard|Fire Spin|p2a: Lapras|[from]Fire Spin
|-damage|p2a: Lapras|87\/100
|
|turn|52
|choice||
|
|move|p2a: Lapras|Thunderbolt|p1a: Charizard
|-supereffective|p1a: Charizard
|-damage|p1a: Charizard|56\/100 par
|move|p1a: Charizard|Submission|p2a: Lapras|[miss]
|-miss|p1a: Charizard
|
|turn|53
|choice||
|
|move|p2a: Lapras|Thunderbolt|p1a: Charizard
|-supereffective|p1a: Charizard
|-damage|p1a: Charizard|12\/100 par
|cant|p1a: Charizard|par
|
|turn|54
|choice||
|
|move|p2a: Lapras|Thunderbolt|p1a: Charizard
|-supereffective|p1a: Charizard
|-damage|p1a: Charizard|0 fnt
|faint|p1a: Charizard
|choice||
|
|switch|p1a: Tauros|Tauros|24\/100
|turn|55
|choice||
|
|move|p1a: Tauros|Body Slam|p2a: Lapras
|-crit|p2a: Lapras
|-damage|p2a: Lapras|41\/100
|-status|p2a: Lapras|par
|move|p2a: Lapras|Blizzard|p1a: Tauros
|-damage|p1a: Tauros|0 fnt
|faint|p1a: Tauros
|choice||
|
|switch|p1a: Slowbro|Slowbro|46\/100
|turn|56
|choice||
|
|move|p1a: Slowbro|Amnesia|p1a: Slowbro
|-boost|p1a: Slowbro|spd|2
|-boost|p1a: Slowbro|spa|2
|cant|p2a: Lapras|par
|
|turn|57
|choice||
|
|move|p1a: Slowbro|Amnesia|p1a: Slowbro
|-boost|p1a: Slowbro|spd|2
|-boost|p1a: Slowbro|spa|2
|cant|p2a: Lapras|par
|
|turn|58
|l|Daito37
|choice||
|
|move|p1a: Slowbro|Amnesia|p1a: Slowbro
|-boost|p1a: Slowbro|spd|2
|-boost|p1a: Slowbro|spa|2
|move|p2a: Lapras|Confuse Ray|p1a: Slowbro
|-start|p1a: Slowbro|confusion
|
|turn|59
|choice||
|
|-activate|p1a: Slowbro|confusion
|-damage|p1a: Slowbro|39\/100|[from] confusion
|cant|p2a: Lapras|par
|
|turn|60
|choice||
|
|-activate|p1a: Slowbro|confusion
|-damage|p1a: Slowbro|32\/100|[from] confusion
|move|p2a: Lapras|Thunderbolt|p1a: Slowbro
|-supereffective|p1a: Slowbro
|-damage|p1a: Slowbro|19\/100
|
|turn|61
|choice||
|
|-activate|p1a: Slowbro|confusion
|move|p1a: Slowbro|Rest|p1a: Slowbro
|-status|p1a: Slowbro|slp
|-heal|p1a: Slowbro|100\/100 slp|[silent]
|-status|p1a: Slowbro|slp|[from] move: Rest
|move|p2a: Lapras|Thunderbolt|p1a: Slowbro
|-supereffective|p1a: Slowbro
|-damage|p1a: Slowbro|88\/100 slp
|
|turn|62
|c|★jaredpokelegit|the stall begins
|choice||
|
|switch|p2a: Dragonite|Dragonite|26\/100
|cant|p1a: Slowbro|slp
|
|turn|63
|choice||
|
|move|p2a: Dragonite|Wrap|p1a: Slowbro
|-damage|p1a: Slowbro|84\/100 slp
|-curestatus|p1a: Slowbro|slp
|
|turn|64
|l|Austinf
|choice||
|
|move|p2a: Dragonite|Wrap|p1a: Slowbro|[from]Wrap
|-damage|p1a: Slowbro|81\/100
|cant|p1a: Slowbro|partiallytrapped
|
|turn|65
|choice||
|
|move|p2a: Dragonite|Wrap|p1a: Slowbro
|-damage|p1a: Slowbro|77\/100
|cant|p1a: Slowbro|partiallytrapped
|
|turn|66
|choice||
|
|move|p2a: Dragonite|Wrap|p1a: Slowbro|[from]Wrap
|-damage|p1a: Slowbro|74\/100
|cant|p1a: Slowbro|partiallytrapped
|
|turn|67
|choice||
|
|move|p2a: Dragonite|Wrap|p1a: Slowbro
|-damage|p1a: Slowbro|70\/100
|cant|p1a: Slowbro|partiallytrapped
|
|turn|68
|choice||
|
|move|p2a: Dragonite|Wrap|p1a: Slowbro|[from]Wrap
|-damage|p1a: Slowbro|67\/100
|cant|p1a: Slowbro|partiallytrapped
|
|turn|69
|choice||
|
|move|p2a: Dragonite|Wrap|p1a: Slowbro|[from]Wrap
|-damage|p1a: Slowbro|63\/100
|cant|p1a: Slowbro|partiallytrapped
|
|turn|70
|choice||
|
|move|p2a: Dragonite|Wrap|p1a: Slowbro
|-damage|p1a: Slowbro|60\/100
|cant|p1a: Slowbro|partiallytrapped
|
|turn|71
|choice||
|
|move|p2a: Dragonite|Wrap|p1a: Slowbro|[from]Wrap
|-damage|p1a: Slowbro|56\/100
|cant|p1a: Slowbro|partiallytrapped
|
|turn|72
|choice||
|
|move|p2a: Dragonite|Wrap|p1a: Slowbro|[from]Wrap
|-damage|p1a: Slowbro|52\/100
|cant|p1a: Slowbro|partiallytrapped
|
|turn|73
|choice||
|
|move|p2a: Dragonite|Wrap|p1a: Slowbro|[from]Wrap
|-damage|p1a: Slowbro|49\/100
|cant|p1a: Slowbro|partiallytrapped
|
|turn|74
|choice||
|
|move|p2a: Dragonite|Wrap|p1a: Slowbro
|-damage|p1a: Slowbro|45\/100
|cant|p1a: Slowbro|partiallytrapped
|
|turn|75
|choice||
|
|move|p2a: Dragonite|Wrap|p1a: Slowbro|[from]Wrap
|-damage|p1a: Slowbro|42\/100
|cant|p1a: Slowbro|partiallytrapped
|
|turn|76
|choice||
|
|move|p2a: Dragonite|Wrap|p1a: Slowbro
|-damage|p1a: Slowbro|38\/100
|cant|p1a: Slowbro|partiallytrapped
|
|turn|77
|choice||
|
|move|p2a: Dragonite|Wrap|p1a: Slowbro|[from]Wrap
|-damage|p1a: Slowbro|35\/100
|cant|p1a: Slowbro|partiallytrapped
|
|turn|78
|choice||
|
|move|p2a: Dragonite|Wrap|p1a: Slowbro|[from]Wrap
|-damage|p1a: Slowbro|31\/100
|cant|p1a: Slowbro|partiallytrapped
|
|turn|79
|choice||
|
|move|p2a: Dragonite|Wrap|p1a: Slowbro
|-damage|p1a: Slowbro|27\/100
|cant|p1a: Slowbro|partiallytrapped
|
|turn|80
|choice||
|
|move|p2a: Dragonite|Wrap|p1a: Slowbro|[from]Wrap
|-damage|p1a: Slowbro|24\/100
|cant|p1a: Slowbro|partiallytrapped
|
|turn|81
|choice||
|
|move|p2a: Dragonite|Hyper Beam|p1a: Slowbro
|-damage|p1a: Slowbro|0 fnt
|faint|p1a: Slowbro
|
|win|jaredpokelegit
|player|p1
|player|p2
|raw|Phemt's rating: 1000 &rarr; <strong>1000<\/strong><br \/>(+0 for losing)
|raw|jaredpokelegit's rating: 1172 &rarr; <strong>1185<\/strong><br \/>(+13 for winning)
|c|★jaredpokelegit|gg