|join|XianJu
|join|monbu
|player|p1|XianJu|130
|player|p2|monbu|1
|gametype|singles
|gen|1
|tier|[Gen 1] Random Battle
|rated
|seed|6088,9162,41815,826
|rule|Sleep Clause Mod: Limit one foe put to sleep
|rule|Freeze Clause Mod: Limit one foe frozen
|rule|HP Percentage Mod: HP is shown in percentages
|
|start
|switch|p1a: Electabuzz|Electabuzz, L85|284\/284
|switch|p2a: Rattata|Rattata, L96|252\/252
|turn|1
|choice|move 1|switch 3
|
|switch|p2a: Onix|Onix, L90|246\/246
|move|p1a: Electabuzz|Thunderbolt|p2a: Onix
|-immune|p2a: Onix|[msg]
|
|turn|2
|choice|switch 2|move 1
|
|switch|p1a: Squirtle|Squirtle, L96|279\/279
|move|p2a: Onix|Earthquake|p1a: Squirtle
|-crit|p1a: Squirtle
|-damage|p1a: Squirtle|115\/279
|
|turn|3
|choice|move 4|switch 6
|
|switch|p2a: Jolteon|Jolteon, L79|265\/265
|move|p1a: Squirtle|Surf|p2a: Jolteon
|-damage|p2a: Jolteon|182\/265
|
|turn|4
|choice|switch 2|move 2
|
|switch|p1a: Electabuzz|Electabuzz, L85|284\/284
|move|p2a: Jolteon|Thunder Wave|p1a: Electabuzz
|-status|p1a: Electabuzz|par
|
|turn|5
|choice|move 2|move 4
|
|move|p2a: Jolteon|Double Kick|p1a: Electabuzz
|-crit|p1a: Electabuzz
|-damage|p1a: Electabuzz|247\/284 par
|-damage|p1a: Electabuzz|210\/284 par
|-hitcount|p1a: Electabuzz|2
|move|p1a: Electabuzz|Psychic|p2a: Jolteon
|-crit|p2a: Jolteon
|-damage|p2a: Jolteon|66\/265
|
|turn|6
|choice|move 2|switch 6
|
|switch|p2a: Onix|Onix, L90|246\/246
|move|p1a: Electabuzz|Psychic|p2a: Onix
|-damage|p2a: Onix|146\/246
|
|turn|7
|choice|switch 6|move 4
|
|switch|p1a: Machoke|Machoke, L85|310\/310
|move|p2a: Onix|Rock Slide|p1a: Machoke|[miss]
|-miss|p2a: Onix
|
|turn|8
|choice|move 3|move 3
|
|move|p2a: Onix|Explosion|p1a: Machoke
|-damage|p1a: Machoke|117\/310
|faint|p2a: Onix
|choice||switch 4
|
|switch|p2a: Mewtwo|Mewtwo, L68|285\/285
|turn|9
|c|★monbu|this is fair lol
|choice|switch 6|move 1
|
|switch|p1a: Electabuzz|Electabuzz, L85|210\/284 par
|move|p2a: Mewtwo|Psychic|p1a: Electabuzz
|-damage|p1a: Electabuzz|127\/284 par
|
|turn|10
|choice|move 3|move 3
|
|move|p2a: Mewtwo|Amnesia|p2a: Mewtwo
|-boost|p2a: Mewtwo|spd|2
|-boost|p2a: Mewtwo|spa|2
|cant|p1a: Electabuzz|par
|
|turn|11
|choice|move 3|move 3
|
|move|p2a: Mewtwo|Amnesia|p2a: Mewtwo
|-boost|p2a: Mewtwo|spd|2
|-boost|p2a: Mewtwo|spa|2
|move|p1a: Electabuzz|Thunder Wave|p2a: Mewtwo
|-status|p2a: Mewtwo|par
|
|turn|12
|choice|move 4|move 3
|
|move|p2a: Mewtwo|Amnesia|p2a: Mewtwo
|-boost|p2a: Mewtwo|spd|2
|-boost|p2a: Mewtwo|spa|2
|move|p1a: Electabuzz|Seismic Toss|p2a: Mewtwo
|-damage|p2a: Mewtwo|200\/285 par
|
|turn|13
|choice|move 4|move 1
|
|move|p2a: Mewtwo|Psychic|p1a: Electabuzz
|-damage|p1a: Electabuzz|0 fnt
|faint|p1a: Electabuzz
|choice|switch 3|
|
|switch|p1a: Weepinbell|Weepinbell, L85|284\/284
|turn|14
|choice|move 1|move 1
|
|move|p1a: Weepinbell|Razor Leaf|p2a: Mewtwo
|-crit|p2a: Mewtwo
|-damage|p2a: Mewtwo|104\/285 par
|move|p2a: Mewtwo|Psychic|p1a: Weepinbell
|-supereffective|p1a: Weepinbell
|-damage|p1a: Weepinbell|0 fnt
|faint|p1a: Weepinbell
|choice|switch 5|
|
|switch|p1a: Raticate|Raticate, L85|267\/267
|turn|15
|choice|move 4|move 2
|
|move|p1a: Raticate|Hyper Beam|p2a: Mewtwo
|-damage|p2a: Mewtwo|0 fnt
|faint|p2a: Mewtwo
|choice||switch 2
|
|switch|p2a: Charmander|Charmander, L96|270\/270
|turn|16
|c|★monbu|this thing has the bootiest set lol
|choice|move 3|move 2
|
|move|p1a: Raticate|Bubble Beam|p2a: Charmander
|-supereffective|p2a: Charmander
|-damage|p2a: Charmander|197\/270
|move|p2a: Charmander|Submission|p1a: Raticate
|-supereffective|p1a: Raticate
|-damage|p1a: Raticate|135\/267
|-damage|p2a: Charmander|164\/270|[from] recoil|[of] p1a: Raticate
|
|turn|17
|choice|move 4|move 1
|
|move|p1a: Raticate|Hyper Beam|p2a: Charmander
|-damage|p2a: Charmander|0 fnt
|faint|p2a: Charmander
|choice||switch 3
|
|switch|p2a: Rattata|Rattata, L96|252\/252
|turn|18
|choice|move 2|move 3
|
|move|p1a: Raticate|Body Slam|p2a: Rattata
|-crit|p2a: Rattata
|-damage|p2a: Rattata|40\/252
|move|p2a: Rattata|Blizzard|p1a: Raticate
|-damage|p1a: Raticate|61\/267
|
|turn|19
|choice|move 2|move 4
|
|move|p1a: Raticate|Body Slam|p2a: Rattata
|-damage|p2a: Rattata|0 fnt
|faint|p2a: Rattata
|choice||switch 6
|
|switch|p2a: Jolteon|Jolteon, L79|66\/265
|turn|20
|choice|switch 4|move 4
|
|switch|p1a: Dragonite|Dragonite, L85|328\/328
|move|p2a: Jolteon|Double Kick|p1a: Dragonite
|-resisted|p1a: Dragonite
|-damage|p1a: Dragonite|321\/328
|-damage|p1a: Dragonite|314\/328
|-hitcount|p1a: Dragonite|2
|
|turn|21
|-message|monbu lost due to inactivity.
|
|win|XianJu
|raw|XianJu's rating: 1043 &rarr; <strong>1072<\/strong><br \/>(+29 for winning)
|raw|monbu's rating: 1000 &rarr; <strong>1000<\/strong><br \/>(+0 for losing)