|join|c353
|join|DavidXanatos
|player|p1|c353|167
|player|p2|DavidXanatos|163
|gametype|singles
|gen|1
|tier|[Gen 1] OU
|rated
|seed|2601,39146,45911,883
|rule|Sleep Clause Mod: Limit one foe put to sleep
|rule|Freeze Clause Mod: Limit one foe frozen
|rule|Species Clause: Limit one of each Pokémon
|rule|OHKO Clause: OHKO moves are banned
|rule|Evasion Moves Clause: Evasion moves are banned
|rule|HP Percentage Mod: HP is shown in percentages
|
|start
|switch|p1a: there is no spoon|Alakazam|313\/313
|switch|p2a: Jynx|Jynx|333\/333
|turn|1
|c|★c353|glhf
|choice|move 3|move 1
|
|move|p1a: there is no spoon|Thunder Wave|p2a: Jynx
|-status|p2a: Jynx|par
|move|p2a: Jynx|Lovely Kiss|p1a: there is no spoon
|-status|p1a: there is no spoon|slp
|
|turn|2
|choice|switch 5|move 2
|
|switch|p1a: joseph stallin|Chansey|703\/703
|move|p2a: Jynx|Blizzard|p1a: joseph stallin
|-damage|p1a: joseph stallin|570\/703
|
|turn|3
|choice|move 4|move 2
|
|move|p1a: joseph stallin|Thunderbolt|p2a: Jynx
|-damage|p2a: Jynx|251\/333 par
|move|p2a: Jynx|Blizzard|p1a: joseph stallin
|-damage|p1a: joseph stallin|430\/703
|-status|p1a: joseph stallin|frz
|
|turn|4
|choice|switch 4|move 3
|
|switch|p1a: finger lickin good|Snorlax|523\/523
|move|p2a: Jynx|Psychic|p1a: finger lickin good
|-crit|p1a: finger lickin good
|-damage|p1a: finger lickin good|270\/523
|
|turn|5
|choice|move 3|switch 5
|
|switch|p2a: Snorlax|Snorlax|523\/523
|move|p1a: finger lickin good|Earthquake|p2a: Snorlax
|-damage|p2a: Snorlax|414\/523
|
|turn|6
|choice|move 1|move 1
|
|move|p1a: finger lickin good|Body Slam|p2a: Snorlax
|-damage|p2a: Snorlax|273\/523
|move|p2a: Snorlax|Body Slam|p1a: finger lickin good
|-damage|p1a: finger lickin good|128\/523
|
|turn|7
|choice|move 4|move 1
|
|move|p2a: Snorlax|Body Slam|p1a: finger lickin good
|-damage|p1a: finger lickin good|0 fnt
|faint|p1a: finger lickin good
|choice|switch 2|
|
|switch|p1a: black woman|Jynx|333\/333
|turn|8
|choice|move 2|switch 5
|
|switch|p2a: Jynx|Jynx|251\/333 par
|move|p1a: black woman|Lovely Kiss|p2a: Jynx
|-fail|p2a: Jynx
|
|turn|9
|choice|move 1|move 3
|
|move|p1a: black woman|Blizzard|p2a: Jynx
|-resisted|p2a: Jynx
|-damage|p2a: Jynx|176\/333 par
|move|p2a: Jynx|Psychic|p1a: black woman
|-resisted|p1a: black woman
|-damage|p1a: black woman|284\/333
|
|turn|10
|choice|move 4|move 3
|
|move|p1a: black woman|Bubble Beam|p2a: Jynx
|-crit|p2a: Jynx
|-damage|p2a: Jynx|69\/333 par
|cant|p2a: Jynx|par
|
|turn|11
|choice|move 4|move 4
|
|move|p1a: black woman|Bubble Beam|p2a: Jynx
|-crit|p2a: Jynx
|-damage|p2a: Jynx|0 fnt
|faint|p2a: Jynx
|choice||switch 6
|
|switch|p2a: Tauros|Tauros|353\/353
|turn|12
|choice|move 2|move 2
|
|move|p2a: Tauros|Hyper Beam|p1a: black woman
|-damage|p1a: black woman|0 fnt
|faint|p1a: black woman
|choice|switch 3|
|
|switch|p1a: boom n*gga|Exeggutor|393\/393
|turn|13
|choice|move 3|switch 2
|
|switch|p2a: Starmie|Starmie|323\/323
|move|p1a: boom n*gga|Sleep Powder|p2a: Starmie|[miss]
|-miss|p1a: boom n*gga
|
|turn|14
|choice|move 3|move 3
|
|move|p2a: Starmie|Thunder Wave|p1a: boom n*gga
|-status|p1a: boom n*gga|par
|cant|p1a: boom n*gga|par
|
|turn|15
|choice|move 2|move 1
|
|move|p2a: Starmie|Blizzard|p1a: boom n*gga
|-supereffective|p1a: boom n*gga
|-damage|p1a: boom n*gga|224\/393 par
|cant|p1a: boom n*gga|par
|
|turn|16
|choice|move 3|move 1
|
|move|p2a: Starmie|Blizzard|p1a: boom n*gga
|-crit|p1a: boom n*gga
|-supereffective|p1a: boom n*gga
|-damage|p1a: boom n*gga|0 fnt
|faint|p1a: boom n*gga
|choice|switch 6|
|
|switch|p1a: cow|Tauros|353\/353
|turn|17
|choice|move 3|move 3
|
|move|p2a: Starmie|Thunder Wave|p1a: cow
|-status|p1a: cow|par
|move|p1a: cow|Body Slam|p2a: Starmie
|-damage|p2a: Starmie|218\/323
|
|turn|18
|choice|move 4|move 2
|
|move|p2a: Starmie|Psychic|p1a: cow
|-crit|p1a: cow
|-damage|p1a: cow|113\/353 par
|-unboost|p1a: cow|spd|1
|-unboost|p1a: cow|spa|1
|cant|p1a: cow|par
|
|turn|19
|choice|move 3|move 2
|
|move|p2a: Starmie|Psychic|p1a: cow
|-damage|p1a: cow|0 fnt
|faint|p1a: cow
|choice|switch 5|
|
|switch|p1a: there is no spoon|Alakazam|313\/313 slp
|turn|20
|choice|move 1|switch 5
|
|switch|p2a: Snorlax|Snorlax|273\/523
|-curestatus|p1a: there is no spoon|slp
|
|turn|21
|choice|move 1|move 3
|
|move|p1a: there is no spoon|Psychic|p2a: Snorlax
|-crit|p2a: Snorlax
|-damage|p2a: Snorlax|0 fnt
|faint|p2a: Snorlax
|choice||switch 3
|
|switch|p2a: Exeggutor|Exeggutor|393\/393
|turn|22
|choice|move 3|move 1
|
|move|p1a: there is no spoon|Thunder Wave|p2a: Exeggutor
|-status|p2a: Exeggutor|par
|move|p2a: Exeggutor|Sleep Powder|p1a: there is no spoon
|-status|p1a: there is no spoon|slp
|
|turn|23
|choice|move 1|switch 2
|
|switch|p2a: Tauros|Tauros|353\/353
|-curestatus|p1a: there is no spoon|slp
|
|turn|24
|choice|move 3|switch 2
|
|switch|p2a: Exeggutor|Exeggutor|393\/393 par
|move|p1a: there is no spoon|Thunder Wave|p2a: Exeggutor
|-fail|p2a: Exeggutor|par
|
|turn|25
|choice|move 1|move 1
|
|move|p1a: there is no spoon|Psychic|p2a: Exeggutor
|-crit|p2a: Exeggutor
|-resisted|p2a: Exeggutor
|-damage|p2a: Exeggutor|291\/393 par
|-unboost|p2a: Exeggutor|spd|1
|-unboost|p2a: Exeggutor|spa|1
|cant|p2a: Exeggutor|par
|
|turn|26
|choice|move 1|move 3
|
|move|p1a: there is no spoon|Psychic|p2a: Exeggutor
|-resisted|p2a: Exeggutor
|-damage|p2a: Exeggutor|206\/393 par
|-unboost|p2a: Exeggutor|spd|1
|-unboost|p2a: Exeggutor|spa|1
|move|p2a: Exeggutor|Explosion|p1a: there is no spoon
|-damage|p1a: there is no spoon|0 fnt
|faint|p1a: there is no spoon
|faint|p2a: Exeggutor
|choice|switch 4|switch 2
|
|switch|p2a: Tauros|Tauros|353\/353
|switch|p1a: joseph stallin|Chansey|430\/703 frz
|turn|27
|choice|move 3|move 1
|
|move|p2a: Tauros|Body Slam|p1a: joseph stallin
|-damage|p1a: joseph stallin|178\/703 frz
|cant|p1a: joseph stallin|frz
|
|turn|28
|choice|move 3|move 1
|
|move|p2a: Tauros|Body Slam|p1a: joseph stallin
|-damage|p1a: joseph stallin|0 fnt
|faint|p1a: joseph stallin
|
|win|DavidXanatos