|join|charizard reyiz
|join|biiist
|player|p1|charizard reyiz|117
|player|p2|biiist|265
|gametype|singles
|gen|1
|tier|[Gen 1] Random Battle
|rated
|rule|Sleep Clause Mod: Limit one foe put to sleep
|rule|Freeze Clause Mod: Limit one foe frozen
|rule|HP Percentage Mod: HP is shown in percentages
|
|start
|switch|p1a: Krabby|Krabby, L96|252\/252
|switch|p2a: Mewtwo|Mewtwo, L70|293\/293
|turn|1
|c|★charizard reyiz|wtf
|join|NAM2F
|c|★charizard reyiz|mewteo
|c|★charizard reyiz|mewtwo*
|c| NAM2F|it's not amnesia two
|
|switch|p1a: Mr. Mime|Mr. Mime, L85|242\/242
|move|p2a: Mewtwo|Psychic|p1a: Mr. Mime
|-crit|p1a: Mr. Mime
|-resisted|p1a: Mr. Mime
|-damage|p1a: Mr. Mime|156\/242
|
|turn|2
|c| NAM2F|n2\/2mmf
|
|move|p2a: Mewtwo|Body Slam|p1a: Mr. Mime
|-crit|p1a: Mr. Mime
|-damage|p1a: Mr. Mime|55\/242
|move|p1a: Mr. Mime|Thunder Wave|p2a: Mewtwo
|-status|p2a: Mewtwo|par
|
|turn|3
|
|move|p1a: Mr. Mime|Psychic|p2a: Mewtwo
|-resisted|p2a: Mewtwo
|-damage|p2a: Mewtwo|251\/293 par
|-unboost|p2a: Mewtwo|spd|1
|-unboost|p2a: Mewtwo|spa|1
|cant|p2a: Mewtwo|par
|
|turn|4
|
|move|p1a: Mr. Mime|Psychic|p2a: Mewtwo
|-crit|p2a: Mewtwo
|-resisted|p2a: Mewtwo
|-damage|p2a: Mewtwo|180\/293 par
|-unboost|p2a: Mewtwo|spd|1
|-unboost|p2a: Mewtwo|spa|1
|move|p2a: Mewtwo|Thunder Wave|p1a: Mr. Mime
|-status|p1a: Mr. Mime|par
|
|turn|5
|c|★biiist|get luckier
|c| NAM2F|nfpsdf
|c| NAM2F|ndspdf
|
|switch|p2a: Dragonite|Dragonite, L85|328\/328
|move|p1a: Mr. Mime|Psychic|p2a: Dragonite
|-damage|p2a: Dragonite|238\/328
|
|turn|6
|
|move|p2a: Dragonite|Body Slam|p1a: Mr. Mime
|-crit|p1a: Mr. Mime
|-damage|p1a: Mr. Mime|0 fnt
|faint|p1a: Mr. Mime
|
|switch|p1a: Snorlax|Snorlax, L79|415\/415
|turn|7
|c| NAM2F|does this have ice beam
|
|switch|p2a: Poliwag|Poliwag, L96|272\/272
|move|p1a: Snorlax|Amnesia|p1a: Snorlax
|-boost|p1a: Snorlax|spd|2
|-boost|p1a: Snorlax|spa|2
|
|turn|8
|
|move|p2a: Poliwag|Hypnosis|p1a: Snorlax
|-status|p1a: Snorlax|slp
|cant|p1a: Snorlax|slp
|
|turn|9
|c| NAM2F|is this about to go to sleep?
|c| NAM2F|y\/y
|
|switch|p1a: Chansey|Chansey, L79|557\/557
|move|p2a: Poliwag|Amnesia|p2a: Poliwag
|-boost|p2a: Poliwag|spd|2
|-boost|p2a: Poliwag|spa|2
|
|turn|10
|c| NAM2F|ncfffffffffffffffffffff
|
|switch|p2a: Mewtwo|Mewtwo, L70|180\/293 par
|move|p1a: Chansey|Thunderbolt|p2a: Mewtwo
|-damage|p2a: Mewtwo|127\/293 par
|
|turn|11
|
|move|p2a: Mewtwo|Thunder Wave|p1a: Chansey
|-status|p1a: Chansey|par
|cant|p1a: Chansey|par
|
|turn|12
|
|move|p2a: Mewtwo|Rest|p2a: Mewtwo
|-status|p2a: Mewtwo|slp
|-heal|p2a: Mewtwo|293\/293 slp|[silent]
|-status|p2a: Mewtwo|slp|[from] move: Rest
|move|p1a: Chansey|Counter|p2a: Mewtwo
|-fail|p1a: Chansey
|
|turn|13
|
|cant|p2a: Mewtwo|slp
|move|p1a: Chansey|Ice Beam|p2a: Mewtwo
|-damage|p2a: Mewtwo|238\/293 slp
|
|turn|14
|c| NAM2F|nr2fffff
|
|cant|p2a: Mewtwo|slp
|-curestatus|p2a: Mewtwo|slp
|move|p1a: Chansey|Ice Beam|p2a: Mewtwo
|-damage|p2a: Mewtwo|191\/293
|
|turn|15
|
|move|p2a: Mewtwo|Psychic|p1a: Chansey
|-damage|p1a: Chansey|468\/557 par
|move|p1a: Chansey|Ice Beam|p2a: Mewtwo
|-damage|p2a: Mewtwo|142\/293
|
|turn|16
|
|move|p2a: Mewtwo|Body Slam|p1a: Chansey
|-damage|p1a: Chansey|343\/557 par
|move|p1a: Chansey|Ice Beam|p2a: Mewtwo
|-damage|p2a: Mewtwo|91\/293
|
|turn|17
|
|move|p2a: Mewtwo|Rest|p2a: Mewtwo
|-status|p2a: Mewtwo|slp
|-heal|p2a: Mewtwo|293\/293 slp|[silent]
|-status|p2a: Mewtwo|slp|[from] move: Rest
|move|p1a: Chansey|Ice Beam|p2a: Mewtwo
|-damage|p2a: Mewtwo|244\/293 slp
|
|turn|18
|
|switch|p1a: Krabby|Krabby, L96|252\/252
|cant|p2a: Mewtwo|slp
|
|turn|19
|
|move|p1a: Krabby|Swords Dance|p1a: Krabby
|-boost|p1a: Krabby|atk|2
|cant|p2a: Mewtwo|slp
|-curestatus|p2a: Mewtwo|slp
|
|turn|20
|
|move|p1a: Krabby|Body Slam|p2a: Mewtwo
|-damage|p2a: Mewtwo|64\/293
|move|p2a: Mewtwo|Psychic|p1a: Krabby
|-damage|p1a: Krabby|100\/252
|
|turn|21
|c| NAM2F|krabby outspeeds mewtwo
|c| NAM2F|sir
|c|★biiist|the para glitch
|c| NAM2F|oh that shits back
|c| NAM2F|right
|c|★charizard reyiz|thanks to gen 1 shit
|
|switch|p2a: Dragonite|Dragonite, L85|238\/328
|move|p1a: Krabby|Body Slam|p2a: Dragonite
|-damage|p2a: Dragonite|79\/328
|
|turn|22
|
|move|p2a: Dragonite|Body Slam|p1a: Krabby
|-damage|p1a: Krabby|38\/252
|move|p1a: Krabby|Body Slam|p2a: Dragonite
|-damage|p2a: Dragonite|0 fnt
|faint|p2a: Dragonite
|
|switch|p2a: Magneton|Magneton, L85|259\/259
|turn|23
|
|move|p2a: Magneton|Thunderbolt|p1a: Krabby
|-crit|p1a: Krabby
|-supereffective|p1a: Krabby
|-damage|p1a: Krabby|0 fnt
|faint|p1a: Krabby
|
|switch|p1a: Jynx|Jynx, L79|265\/265
|turn|24
|
|move|p1a: Jynx|Lovely Kiss|p2a: Magneton
|-status|p2a: Magneton|slp
|cant|p2a: Magneton|slp
|
|turn|25
|
|switch|p2a: Snorlax|Snorlax, L79|415\/415
|move|p1a: Jynx|Blizzard|p2a: Snorlax
|-crit|p2a: Snorlax
|-damage|p2a: Snorlax|150\/415
|
|turn|26
|c| NAM2F|ncf
|c|★biiist|wanna get fucking luckier
|
|move|p1a: Jynx|Psychic|p2a: Snorlax
|-damage|p2a: Snorlax|49\/415
|move|p2a: Snorlax|Body Slam|p1a: Jynx
|-damage|p1a: Jynx|115\/265
|
|turn|27
|c|★biiist|unreal
|c| NAM2F|nnpf
|
|move|p1a: Jynx|Psychic|p2a: Snorlax
|-damage|p2a: Snorlax|0 fnt
|faint|p2a: Snorlax
|
|switch|p2a: Poliwag|Poliwag, L96|272\/272
|turn|28
|
|move|p2a: Poliwag|Amnesia|p2a: Poliwag
|-boost|p2a: Poliwag|spd|2
|-boost|p2a: Poliwag|spa|2
|move|p1a: Jynx|Psychic|p2a: Poliwag
|-damage|p2a: Poliwag|219\/272
|-unboost|p2a: Poliwag|spd|1
|-unboost|p2a: Poliwag|spa|1
|
|turn|29
|c| NAM2F|nspcdf
|
|move|p2a: Poliwag|Amnesia|p2a: Poliwag
|-boost|p2a: Poliwag|spd|2
|-boost|p2a: Poliwag|spa|2
|move|p1a: Jynx|Mimic|p2a: Poliwag
|-start|p1a: Jynx|Mimic|Psychic
|
|turn|30
|c|★biiist|you're terrible
|c|★charizard reyiz|i got two psychic
|c|★biiist|and 0 brain
|c|★charizard reyiz|i could got mnesia
|
|move|p2a: Poliwag|Amnesia|p2a: Poliwag
|-boost|p2a: Poliwag|spd|2
|-boost|p2a: Poliwag|spa|2
|move|p1a: Jynx|Psychic|p2a: Poliwag
|-damage|p2a: Poliwag|188\/272
|-unboost|p2a: Poliwag|spd|1
|-unboost|p2a: Poliwag|spa|1
|
|turn|31
|
|switch|p1a: Kakuna|Kakuna, L99|290\/290
|move|p2a: Poliwag|Surf|p1a: Kakuna
|-damage|p1a: Kakuna|0 fnt
|faint|p1a: Kakuna
|
|switch|p1a: Chansey|Chansey, L79|343\/557 par
|turn|32
|
|move|p2a: Poliwag|Surf|p1a: Chansey
|-damage|p1a: Chansey|102\/557 par
|move|p1a: Chansey|Soft-Boiled|p1a: Chansey
|-heal|p1a: Chansey|380\/557 par
|
|turn|33
|
|move|p2a: Poliwag|Surf|p1a: Chansey
|-damage|p1a: Chansey|174\/557 par
|move|p1a: Chansey|Thunderbolt|p2a: Poliwag
|-supereffective|p2a: Poliwag
|-damage|p2a: Poliwag|134\/272
|
|turn|34
|c|★biiist|get fucked
|
|move|p2a: Poliwag|Surf|p1a: Chansey
|-damage|p1a: Chansey|0 fnt
|faint|p1a: Chansey
|
|switch|p1a: Snorlax|Snorlax, L79|415\/415 slp
|turn|35
|c| NAM2F|super questionable tbolt
|c|★biiist|^
|
|move|p2a: Poliwag|Surf|p1a: Snorlax
|-damage|p1a: Snorlax|135\/415 slp
|cant|p1a: Snorlax|slp
|
|turn|36
|
|move|p2a: Poliwag|Amnesia|p2a: Poliwag
|-boost|p2a: Poliwag|spd|2
|-boost|p2a: Poliwag|spa|2
|cant|p1a: Snorlax|slp
|
|turn|37
|c|★biiist|just bc suck a dick
|
|move|p2a: Poliwag|Surf|p1a: Snorlax
|-damage|p1a: Snorlax|0 fnt
|faint|p1a: Snorlax
|c| NAM2F|psychic or pussy
|c|★biiist|btw I could win with an explosion
|c| NAM2F|gay
|
|switch|p1a: Jynx|Jynx, L79|115\/265
|turn|38
|c|★biiist|but its risky haha
|c| NAM2F|explosion miss y\/y
|c|★biiist|hahaha
|c|★biiist|fuck this guy
|
|move|p2a: Poliwag|Psychic|p1a: Jynx
|-resisted|p1a: Jynx
|-damage|p1a: Jynx|9\/265
|move|p1a: Jynx|Psychic|p2a: Poliwag
|-damage|p2a: Poliwag|106\/272
|-unboost|p2a: Poliwag|spd|1
|-unboost|p2a: Poliwag|spa|1
|
|turn|39
|c|★biiist|lmao
|c|★biiist|hax till the end
|c| NAM2F|ofc it drops
|
|move|p2a: Poliwag|Hypnosis|p1a: Jynx|[miss]
|-miss|p2a: Poliwag
|move|p1a: Jynx|Psychic|p2a: Poliwag
|-damage|p2a: Poliwag|72\/272
|
|turn|40
|
|move|p2a: Poliwag|Hypnosis|p1a: Jynx|[miss]
|-miss|p2a: Poliwag
|move|p1a: Jynx|Psychic|p2a: Poliwag
|-damage|p2a: Poliwag|39\/272
|
|turn|41
|
|move|p2a: Poliwag|Hypnosis|p1a: Jynx|[miss]
|-miss|p2a: Poliwag
|move|p1a: Jynx|Psychic|p2a: Poliwag
|-damage|p2a: Poliwag|4\/272
|-unboost|p2a: Poliwag|spd|1
|-unboost|p2a: Poliwag|spa|1
|
|turn|42
|c|★biiist|lmao
|c|★biiist|unreal
|c| NAM2F|l2aim lmao
|
|move|p2a: Poliwag|Hypnosis|p1a: Jynx
|-status|p1a: Jynx|slp
|cant|p1a: Jynx|slp
|
|turn|43
|c|★biiist|charizard even with your crazy luck
|c|★biiist|you still lost
|
|move|p2a: Poliwag|Amnesia|p2a: Poliwag
|-boost|p2a: Poliwag|spd|2
|-boost|p2a: Poliwag|spa|2
|cant|p1a: Jynx|slp
|-curestatus|p1a: Jynx|slp
|
|turn|44
|c|★biiist|bc you're stupid
|c|★biiist|also def hispanic
|c|★charizard reyiz|whatas
|c|★charizard reyiz|whats your glicko exo or another thing i cant hear
|c|★biiist|Learn English
|c|★biiist|also my everything is better than yours
|c|★biiist|hurry up and lose
|c|★biiist|idiot
|
|move|p2a: Poliwag|Surf|p1a: Jynx
|-damage|p1a: Jynx|0 fnt
|faint|p1a: Jynx
|
|win|biiist
|raw|Ladder updating...
|raw|charizard reyiz's rating: 1306 &rarr; <strong>1284<\/strong><br \/>(-22 for losing)
|raw|biiist's rating: 1265 &rarr; <strong>1293<\/strong><br \/>(+28 for winning)
|c|★biiist|easy
|c|★biiist|bye bye
|leave|NAM2F
|c|★biiist|loser