|join|Disband
|join|jynx2000
|player|p1|Disband|290
|player|p2|jynx2000|25
|gametype|singles
|gen|1
|tier|[Gen 1] Random Battle
|rated
|rule|Sleep Clause Mod: Limit one foe put to sleep
|rule|Freeze Clause Mod: Limit one foe frozen
|rule|HP Percentage Mod: HP is shown in percentages
|
|start
|switch|p1a: Abra|Abra, L96|243\/243
|switch|p2a: Shellder|Shellder, L96|252\/252
|turn|1
|
|move|p1a: Abra|Reflect|p1a: Abra
|-start|p1a: Abra|Reflect
|move|p2a: Shellder|Explosion|p1a: Abra
|-damage|p1a: Abra|14\/243
|faint|p2a: Shellder
|c|★Disband|yum
|c|★Disband|hi fren
|c|★Disband|long time no see
|
|switch|p2a: Arcanine|Arcanine, L85|327\/327
|turn|2
|
|move|p1a: Abra|Thunder Wave|p2a: Arcanine
|-status|p2a: Arcanine|par
|move|p2a: Arcanine|Body Slam|p1a: Abra
|-damage|p1a: Abra|0 fnt
|faint|p1a: Abra
|
|switch|p1a: Dugtrio|Dugtrio, L85|233\/233
|turn|3
|c|★jynx2000|i don't recall you
|
|switch|p2a: Lickitung|Lickitung, L90|345\/345
|move|p1a: Dugtrio|Substitute|p1a: Dugtrio
|-start|p1a: Dugtrio|Substitute
|-damage|p1a: Dugtrio|175\/233
|
|turn|4
|c|★Disband|weve played like 3 times my other account is poopstickkk
|c|★jynx2000|oh I see
|
|move|p1a: Dugtrio|Sand Attack|p2a: Lickitung
|-unboost|p2a: Lickitung|accuracy|1
|move|p2a: Lickitung|Body Slam|p1a: Dugtrio
|-end|p1a: Dugtrio|Substitute
|
|turn|5
|
|move|p1a: Dugtrio|Sand Attack|p2a: Lickitung
|-unboost|p2a: Lickitung|accuracy|1
|move|p2a: Lickitung|Body Slam|p1a: Dugtrio|[miss]
|-miss|p2a: Lickitung
|
|turn|6
|
|move|p1a: Dugtrio|Earthquake|p2a: Lickitung
|-damage|p2a: Lickitung|239\/345
|move|p2a: Lickitung|Body Slam|p1a: Dugtrio
|-damage|p1a: Dugtrio|70\/233
|
|turn|7
|
|move|p1a: Dugtrio|Earthquake|p2a: Lickitung
|-damage|p2a: Lickitung|143\/345
|move|p2a: Lickitung|Body Slam|p1a: Dugtrio|[miss]
|-miss|p2a: Lickitung
|
|turn|8
|
|switch|p2a: Nidorina|Nidorina, L90|309\/309
|move|p1a: Dugtrio|Earthquake|p2a: Nidorina
|-supereffective|p2a: Nidorina
|-damage|p2a: Nidorina|87\/309
|
|turn|9
|
|move|p1a: Dugtrio|Earthquake|p2a: Nidorina
|-supereffective|p2a: Nidorina
|-damage|p2a: Nidorina|0 fnt
|faint|p2a: Nidorina
|
|switch|p2a: Lickitung|Lickitung, L90|143\/345
|turn|10
|
|move|p1a: Dugtrio|Earthquake|p2a: Lickitung
|-damage|p2a: Lickitung|36\/345
|move|p2a: Lickitung|Body Slam|p1a: Dugtrio
|-damage|p1a: Dugtrio|0 fnt
|faint|p1a: Dugtrio
|
|switch|p1a: Hitmonlee|Hitmonlee, L90|273\/273
|turn|11
|
|move|p1a: Hitmonlee|Seismic Toss|p2a: Lickitung
|-damage|p2a: Lickitung|0 fnt
|faint|p2a: Lickitung
|
|switch|p2a: Hitmonlee|Hitmonlee, L90|273\/273
|turn|12
|
|move|p2a: Hitmonlee|High Jump Kick|p1a: Hitmonlee
|-damage|p1a: Hitmonlee|112\/273
|move|p1a: Hitmonlee|Counter|p2a: Hitmonlee
|-damage|p2a: Hitmonlee|0 fnt
|faint|p2a: Hitmonlee
|
|switch|p2a: Arcanine|Arcanine, L85|327\/327 par
|turn|13
|
|move|p1a: Hitmonlee|Body Slam|p2a: Arcanine
|-damage|p2a: Arcanine|246\/327 par
|cant|p2a: Arcanine|par
|
|turn|14
|
|move|p1a: Hitmonlee|Seismic Toss|p2a: Arcanine
|-damage|p2a: Arcanine|156\/327 par
|move|p2a: Arcanine|Fire Blast|p1a: Hitmonlee
|-damage|p1a: Hitmonlee|0 fnt
|faint|p1a: Hitmonlee
|
|switch|p1a: Kadabra|Kadabra, L85|242\/242
|turn|15
|
|move|p1a: Kadabra|Psychic|p2a: Arcanine
|-damage|p2a: Arcanine|33\/327 par
|-unboost|p2a: Arcanine|spd|1
|-unboost|p2a: Arcanine|spa|1
|cant|p2a: Arcanine|par
|
|turn|16
|-message|jynx2000 forfeited.
|
|win|Disband
|leave|jynx2000
|player|p2
|c|★Disband|gg
||Ladder (probably) updated, but score could not be retrieved (Response not received).