|j|TheFinderDX
|j|MQCoba
|player|p1|TheFinderDX|162
|player|p2|MQCoba|169
|gametype|singles
|gen|1
|tier|[Gen 1] OU
|rated
|seed|16478,31895,58519,42280
|rule|Sleep Clause Mod: Limit one foe put to sleep
|rule|Freeze Clause Mod: Limit one foe frozen
|rule|Species Clause: Limit one of each Pokémon
|rule|OHKO Clause: OHKO moves are banned
|rule|Evasion Moves Clause: Evasion moves are banned
|rule|HP Percentage Mod: HP is shown in percentages
|
|start
|switch|p1a: Tabasco|Tauros|353\/353
|switch|p2a: Alakazam|Alakazam|313\/313
|turn|1
|choice|move 1|move 2
|
|move|p2a: Alakazam|Thunder Wave|p1a: Tabasco
|-status|p1a: Tabasco|par
|move|p1a: Tabasco|Body Slam|p2a: Alakazam
|-crit|p2a: Alakazam
|-damage|p2a: Alakazam|27\/313
|-status|p2a: Alakazam|par
|
|turn|2
|choice|move 1|move 3
|
|cant|p2a: Alakazam|par
|cant|p1a: Tabasco|par
|
|turn|3
|choice|move 1|move 3
|
|move|p2a: Alakazam|Recover|p2a: Alakazam
|-heal|p2a: Alakazam|183\/313 par
|move|p1a: Tabasco|Body Slam|p2a: Alakazam
|-damage|p2a: Alakazam|19\/313 par
|
|turn|4
|choice|move 1|move 3
|
|move|p2a: Alakazam|Recover|p2a: Alakazam
|-heal|p2a: Alakazam|175\/313 par
|move|p1a: Tabasco|Body Slam|p2a: Alakazam
|-damage|p2a: Alakazam|15\/313 par
|
|turn|5
|choice|move 1|move 3
|
|move|p2a: Alakazam|Recover|p2a: Alakazam
|-heal|p2a: Alakazam|171\/313 par
|move|p1a: Tabasco|Body Slam|p2a: Alakazam
|-damage|p2a: Alakazam|11\/313 par
|
|turn|6
|choice|move 1|move 3
|
|move|p2a: Alakazam|Recover|p2a: Alakazam
|-heal|p2a: Alakazam|167\/313 par
|cant|p1a: Tabasco|par
|
|turn|7
|choice|move 1|move 3
|
|move|p2a: Alakazam|Recover|p2a: Alakazam
|-heal|p2a: Alakazam|313\/313 par
|move|p1a: Tabasco|Body Slam|p2a: Alakazam
|-damage|p2a: Alakazam|153\/313 par
|
|turn|8
|choice|move 1|move 3
|
|move|p2a: Alakazam|Recover|p2a: Alakazam
|-heal|p2a: Alakazam|309\/313 par
|move|p1a: Tabasco|Body Slam|p2a: Alakazam
|-damage|p2a: Alakazam|156\/313 par
|
|turn|9
|choice|move 1|move 3
|
|move|p2a: Alakazam|Recover|p2a: Alakazam
|-heal|p2a: Alakazam|312\/313 par
|move|p1a: Tabasco|Body Slam|p2a: Alakazam
|-crit|p2a: Alakazam
|-damage|p2a: Alakazam|2\/313 par
|
|turn|10
|choice|move 1|move 3
|
|move|p2a: Alakazam|Recover|p2a: Alakazam
|-heal|p2a: Alakazam|158\/313 par
|cant|p1a: Tabasco|par
|
|turn|11
|choice|move 1|move 3
|
|cant|p2a: Alakazam|par
|move|p1a: Tabasco|Body Slam|p2a: Alakazam
|-damage|p2a: Alakazam|2\/313 par
|
|turn|12
|choice|move 1|move 3
|
|move|p2a: Alakazam|Recover|p2a: Alakazam
|-heal|p2a: Alakazam|158\/313 par
|move|p1a: Tabasco|Body Slam|p2a: Alakazam
|-damage|p2a: Alakazam|0 fnt
|faint|p2a: Alakazam
|c|★TheFinderDX|finally!
|c|★TheFinderDX|oh man
|choice||switch 6
|
|switch|p2a: Dragonite|Dragonite|385\/385
|turn|13
|c|★TheFinderDX|that was kind of comical
|choice|move 4|move 2
|
|move|p2a: Dragonite|Wrap|p1a: Tabasco
|-damage|p1a: Tabasco|338\/353 par
|-activate|p1a: Tabasco|move: Wrap|[of] p2a: Dragonite
|cant|p1a: Tabasco|par
|
|turn|14
|choice|move 4|move 2
|
|move|p2a: Dragonite|Wrap|p1a: Tabasco
|-damage|p1a: Tabasco|323\/353 par
|cant|p1a: Tabasco|partiallytrapped
|
|turn|15
|choice|move 4|move 2
|
|move|p2a: Dragonite|Wrap|p1a: Tabasco
|-damage|p1a: Tabasco|308\/353 par
|cant|p1a: Tabasco|partiallytrapped
|
|turn|16
|choice|move 4|move 2
|
|move|p2a: Dragonite|Wrap|p1a: Tabasco
|-damage|p1a: Tabasco|293\/353 par
|cant|p1a: Tabasco|partiallytrapped
|
|-end|p1a: Tabasco|Wrap|[partiallytrapped]
|turn|17
|choice|move 4|move 2
|
|move|p2a: Dragonite|Wrap|p1a: Tabasco
|-damage|p1a: Tabasco|279\/353 par
|-activate|p1a: Tabasco|move: Wrap|[of] p2a: Dragonite
|cant|p1a: Tabasco|par
|
|turn|18
|choice|move 4|move 2
|
|move|p2a: Dragonite|Wrap|p1a: Tabasco
|-damage|p1a: Tabasco|265\/353 par
|cant|p1a: Tabasco|partiallytrapped
|
|turn|19
|choice|move 4|move 2
|
|move|p2a: Dragonite|Wrap|p1a: Tabasco
|-damage|p1a: Tabasco|251\/353 par
|cant|p1a: Tabasco|partiallytrapped
|
|-end|p1a: Tabasco|Wrap|[partiallytrapped]
|turn|20
|choice|move 4|move 2
|
|move|p2a: Dragonite|Wrap|p1a: Tabasco|[miss]
|-miss|p2a: Dragonite
|move|p1a: Tabasco|Blizzard|p2a: Dragonite|[miss]
|-miss|p1a: Tabasco
|
|turn|21
|choice|switch 6|move 2
|
|switch|p1a: Shuriken|Starmie|323\/323
|move|p2a: Dragonite|Wrap|p1a: Shuriken|[miss]
|-miss|p2a: Dragonite
|
|turn|22
|choice|move 3|switch 4
|
|switch|p2a: Chansey|Chansey|703\/703
|move|p1a: Shuriken|Blizzard|p2a: Chansey
|-damage|p2a: Chansey|607\/703
|
|turn|23
|choice|switch 4|move 3
|
|switch|p1a: Aurora|Lapras|463\/463
|move|p2a: Chansey|Ice Beam|p1a: Aurora
|-resisted|p1a: Aurora
|-damage|p1a: Aurora|443\/463
|
|turn|24
|choice|move 2|move 1
|
|move|p1a: Aurora|Body Slam|p2a: Chansey
|-damage|p2a: Chansey|436\/703
|move|p2a: Chansey|Thunder Wave|p1a: Aurora
|-status|p1a: Aurora|par
|
|turn|25
|choice|move 2|move 2
|
|move|p2a: Chansey|Thunderbolt|p1a: Aurora
|-supereffective|p1a: Aurora
|-damage|p1a: Aurora|293\/463 par
|move|p1a: Aurora|Body Slam|p2a: Chansey
|-damage|p2a: Chansey|267\/703
|
|turn|26
|choice|move 2|move 4
|
|move|p2a: Chansey|Soft-Boiled|p2a: Chansey
|-heal|p2a: Chansey|618\/703
|cant|p1a: Aurora|par
|
|turn|27
|choice|move 2|move 2
|
|move|p2a: Chansey|Thunderbolt|p1a: Aurora
|-supereffective|p1a: Aurora
|-damage|p1a: Aurora|143\/463 par
|cant|p1a: Aurora|par
|
|turn|28
|choice|move 2|move 2
|
|move|p2a: Chansey|Thunderbolt|p1a: Aurora
|-supereffective|p1a: Aurora
|-damage|p1a: Aurora|0 fnt
|faint|p1a: Aurora
|choice|switch 5|
|
|switch|p1a: Doc Brown|Jolteon|333\/333
|turn|29
|choice|move 2|move 1
|
|move|p1a: Doc Brown|Thunder Wave|p2a: Chansey
|-status|p2a: Chansey|par
|move|p2a: Chansey|Thunder Wave|p1a: Doc Brown
|-status|p1a: Doc Brown|par
|
|turn|30
|choice|move 4|move 3
|
|move|p1a: Doc Brown|Double Kick|p2a: Chansey
|-supereffective|p2a: Chansey
|-damage|p2a: Chansey|518\/703 par
|-damage|p2a: Chansey|418\/703 par
|-hitcount|p2a: Chansey|2
|move|p2a: Chansey|Ice Beam|p1a: Doc Brown
|-damage|p1a: Doc Brown|266\/333 par
|
|turn|31
|choice|move 4|move 4
|
|cant|p1a: Doc Brown|par
|move|p2a: Chansey|Soft-Boiled|p2a: Chansey
|-heal|p2a: Chansey|703\/703 par
|
|turn|32
|choice|move 4|move 3
|
|move|p1a: Doc Brown|Double Kick|p2a: Chansey
|-supereffective|p2a: Chansey
|-damage|p2a: Chansey|602\/703 par
|-damage|p2a: Chansey|501\/703 par
|-hitcount|p2a: Chansey|2
|cant|p2a: Chansey|par
|
|turn|33
|choice|move 4|move 4
|
|move|p1a: Doc Brown|Double Kick|p2a: Chansey
|-supereffective|p2a: Chansey
|-damage|p2a: Chansey|398\/703 par
|-damage|p2a: Chansey|295\/703 par
|-hitcount|p2a: Chansey|2
|move|p2a: Chansey|Soft-Boiled|p2a: Chansey
|-heal|p2a: Chansey|646\/703 par
|
|turn|34
|choice|move 4|move 3
|
|move|p1a: Doc Brown|Double Kick|p2a: Chansey
|-supereffective|p2a: Chansey
|-damage|p2a: Chansey|540\/703 par
|-damage|p2a: Chansey|434\/703 par
|-hitcount|p2a: Chansey|2
|cant|p2a: Chansey|par
|
|turn|35
|choice|move 4|move 4
|
|move|p1a: Doc Brown|Double Kick|p2a: Chansey
|-supereffective|p2a: Chansey
|-damage|p2a: Chansey|336\/703 par
|-damage|p2a: Chansey|238\/703 par
|-hitcount|p2a: Chansey|2
|move|p2a: Chansey|Soft-Boiled|p2a: Chansey
|-heal|p2a: Chansey|589\/703 par
|
|turn|36
|choice|move 4|move 3
|
|move|p1a: Doc Brown|Double Kick|p2a: Chansey
|-supereffective|p2a: Chansey
|-damage|p2a: Chansey|486\/703 par
|-damage|p2a: Chansey|383\/703 par
|-hitcount|p2a: Chansey|2
|move|p2a: Chansey|Ice Beam|p1a: Doc Brown
|-damage|p1a: Doc Brown|188\/333 par
|
|turn|37
|choice|move 4|move 4
|
|cant|p1a: Doc Brown|par
|move|p2a: Chansey|Soft-Boiled|p2a: Chansey
|-heal|p2a: Chansey|703\/703 par
|
|turn|38
|choice|move 4|move 3
|
|move|p1a: Doc Brown|Double Kick|p2a: Chansey
|-supereffective|p2a: Chansey
|-damage|p2a: Chansey|605\/703 par
|-damage|p2a: Chansey|507\/703 par
|-hitcount|p2a: Chansey|2
|move|p2a: Chansey|Ice Beam|p1a: Doc Brown
|-damage|p1a: Doc Brown|115\/333 par
|
|turn|39
|choice|move 4|move 4
|
|cant|p1a: Doc Brown|par
|move|p2a: Chansey|Soft-Boiled|p2a: Chansey
|-heal|p2a: Chansey|703\/703 par
|
|turn|40
|choice|move 4|move 3
|
|cant|p1a: Doc Brown|par
|move|p2a: Chansey|Ice Beam|p1a: Doc Brown
|-crit|p1a: Doc Brown
|-damage|p1a: Doc Brown|0 fnt
|faint|p1a: Doc Brown
|choice|switch 6|
|
|switch|p1a: Tabasco|Tauros|251\/353 par
|turn|41
|choice|move 1|switch 5
|
|switch|p2a: Exeggutor|Exeggutor|393\/393
|move|p1a: Tabasco|Body Slam|p2a: Exeggutor
|-damage|p2a: Exeggutor|273\/393
|
|turn|42
|choice|move 4|move 3
|
|move|p2a: Exeggutor|Psychic|p1a: Tabasco
|-damage|p1a: Tabasco|107\/353 par
|move|p1a: Tabasco|Blizzard|p2a: Exeggutor
|-supereffective|p2a: Exeggutor
|-damage|p2a: Exeggutor|141\/393
|
|turn|43
|choice|move 4|move 3
|
|move|p2a: Exeggutor|Psychic|p1a: Tabasco
|-damage|p1a: Tabasco|0 fnt
|faint|p1a: Tabasco
|choice|switch 3|
|
|switch|p1a: Vesuvius|Charizard|359\/359
|turn|44
|choice|move 1|switch 5
|
|switch|p2a: Chansey|Chansey|703\/703 par
|move|p1a: Vesuvius|Flamethrower|p2a: Chansey
|-damage|p2a: Chansey|602\/703 par
|
|turn|45
|choice|switch 2|move 1
|
|switch|p1a: Dr.Grant|Dugtrio|273\/273
|move|p2a: Chansey|Thunder Wave|p1a: Dr.Grant
|-immune|p1a: Dr.Grant|[msg]
|
|turn|46
|choice|move 4|switch 3
|
|switch|p2a: Snorlax|Snorlax|523\/523
|move|p1a: Dr.Grant|Earthquake|p2a: Snorlax
|-damage|p2a: Snorlax|401\/523
|
|turn|47
|choice|move 4|move 1
|
|move|p1a: Dr.Grant|Earthquake|p2a: Snorlax
|-damage|p2a: Snorlax|272\/523
|move|p2a: Snorlax|Body Slam|p1a: Dr.Grant
|-damage|p1a: Dr.Grant|102\/273
|-status|p1a: Dr.Grant|par
|
|turn|48
|choice|move 4|switch 4
|
|switch|p2a: Dragonite|Dragonite|385\/385
|move|p1a: Dr.Grant|Earthquake|p2a: Dragonite
|-immune|p2a: Dragonite|[msg]
|
|turn|49
|choice|move 2|move 1
|
|move|p2a: Dragonite|Agility|p2a: Dragonite
|-boost|p2a: Dragonite|spe|2
|move|p1a: Dr.Grant|Rock Slide|p2a: Dragonite
|-crit|p2a: Dragonite
|-supereffective|p2a: Dragonite
|-damage|p2a: Dragonite|171\/385
|
|turn|50
|choice|move 2|move 3
|
|move|p2a: Dragonite|Hyper Beam|p1a: Dr.Grant
|-damage|p1a: Dr.Grant|0 fnt
|faint|p1a: Dr.Grant
|choice|switch 4|
|
|switch|p1a: Shuriken|Starmie|323\/323
|turn|51
|choice|move 3|move 2
|
|move|p2a: Dragonite|Wrap|p1a: Shuriken
|-damage|p1a: Shuriken|306\/323
|-activate|p1a: Shuriken|move: Wrap|[of] p2a: Dragonite
|cant|p1a: Shuriken|partiallytrapped
|
|turn|52
|choice|move 3|move 2
|
|move|p2a: Dragonite|Wrap|p1a: Shuriken
|-damage|p1a: Shuriken|289\/323
|cant|p1a: Shuriken|partiallytrapped
|
|-end|p1a: Shuriken|Wrap|[partiallytrapped]
|turn|53
|choice|move 3|move 2
|
|move|p2a: Dragonite|Wrap|p1a: Shuriken
|-damage|p1a: Shuriken|273\/323
|-activate|p1a: Shuriken|move: Wrap|[of] p2a: Dragonite
|cant|p1a: Shuriken|partiallytrapped
|
|turn|54
|choice|move 3|move 2
|
|move|p2a: Dragonite|Wrap|p1a: Shuriken
|-damage|p1a: Shuriken|257\/323
|cant|p1a: Shuriken|partiallytrapped
|
|turn|55
|choice|move 3|move 2
|
|move|p2a: Dragonite|Wrap|p1a: Shuriken
|-damage|p1a: Shuriken|241\/323
|cant|p1a: Shuriken|partiallytrapped
|
|-end|p1a: Shuriken|Wrap|[partiallytrapped]
|turn|56
|choice|move 3|move 2
|
|move|p2a: Dragonite|Wrap|p1a: Shuriken
|-damage|p1a: Shuriken|223\/323
|-activate|p1a: Shuriken|move: Wrap|[of] p2a: Dragonite
|cant|p1a: Shuriken|partiallytrapped
|
|turn|57
|choice|move 3|move 2
|
|move|p2a: Dragonite|Wrap|p1a: Shuriken
|-damage|p1a: Shuriken|205\/323
|cant|p1a: Shuriken|partiallytrapped
|
|-end|p1a: Shuriken|Wrap|[partiallytrapped]
|turn|58
|choice|move 3|move 2
|
|move|p2a: Dragonite|Wrap|p1a: Shuriken
|-damage|p1a: Shuriken|187\/323
|-activate|p1a: Shuriken|move: Wrap|[of] p2a: Dragonite
|cant|p1a: Shuriken|partiallytrapped
|
|turn|59
|choice|move 3|move 2
|
|move|p2a: Dragonite|Wrap|p1a: Shuriken
|-damage|p1a: Shuriken|169\/323
|cant|p1a: Shuriken|partiallytrapped
|
|turn|60
|choice|move 3|move 2
|
|move|p2a: Dragonite|Wrap|p1a: Shuriken
|-damage|p1a: Shuriken|151\/323
|cant|p1a: Shuriken|partiallytrapped
|
|-end|p1a: Shuriken|Wrap|[partiallytrapped]
|turn|61
|choice|move 3|move 2
|
|move|p2a: Dragonite|Wrap|p1a: Shuriken
|-damage|p1a: Shuriken|135\/323
|-activate|p1a: Shuriken|move: Wrap|[of] p2a: Dragonite
|cant|p1a: Shuriken|partiallytrapped
|
|turn|62
|choice|move 3|move 2
|
|move|p2a: Dragonite|Wrap|p1a: Shuriken
|-damage|p1a: Shuriken|119\/323
|cant|p1a: Shuriken|partiallytrapped
|
|-end|p1a: Shuriken|Wrap|[partiallytrapped]
|turn|63
|choice|move 3|move 3
|
|move|p2a: Dragonite|Hyper Beam|p1a: Shuriken
|-damage|p1a: Shuriken|0 fnt
|faint|p1a: Shuriken
|choice|switch 2|
|
|switch|p1a: Vesuvius|Charizard|359\/359
|turn|64
|choice|move 2|move 2
|
|move|p2a: Dragonite|Wrap|p1a: Vesuvius
|-damage|p1a: Vesuvius|342\/359
|-activate|p1a: Vesuvius|move: Wrap|[of] p2a: Dragonite
|cant|p1a: Vesuvius|partiallytrapped
|
|turn|65
|choice|move 2|move 2
|
|move|p2a: Dragonite|Wrap|p1a: Vesuvius
|-damage|p1a: Vesuvius|325\/359
|cant|p1a: Vesuvius|partiallytrapped
|
|turn|66
|choice|move 2|move 2
|
|move|p2a: Dragonite|Wrap|p1a: Vesuvius
|-damage|p1a: Vesuvius|308\/359
|cant|p1a: Vesuvius|partiallytrapped
|
|turn|67
|choice|move 2|move 2
|
|move|p2a: Dragonite|Wrap|p1a: Vesuvius
|-damage|p1a: Vesuvius|291\/359
|cant|p1a: Vesuvius|partiallytrapped
|
|-end|p1a: Vesuvius|Wrap|[partiallytrapped]
|turn|68
|choice|move 2|move 2
|
|move|p2a: Dragonite|Wrap|p1a: Vesuvius
|-crit|p1a: Vesuvius
|-damage|p1a: Vesuvius|258\/359
|-activate|p1a: Vesuvius|move: Wrap|[of] p2a: Dragonite
|cant|p1a: Vesuvius|partiallytrapped
|
|turn|69
|choice|move 2|move 2
|
|move|p2a: Dragonite|Wrap|p1a: Vesuvius
|-damage|p1a: Vesuvius|225\/359
|cant|p1a: Vesuvius|partiallytrapped
|
|turn|70
|choice|move 2|move 2
|
|move|p2a: Dragonite|Wrap|p1a: Vesuvius
|-damage|p1a: Vesuvius|192\/359
|cant|p1a: Vesuvius|partiallytrapped
|
|turn|71
|choice|move 2|move 2
|
|move|p2a: Dragonite|Wrap|p1a: Vesuvius
|-damage|p1a: Vesuvius|159\/359
|cant|p1a: Vesuvius|partiallytrapped
|
|-end|p1a: Vesuvius|Wrap|[partiallytrapped]
|turn|72
|choice|move 2|move 2
|
|move|p2a: Dragonite|Wrap|p1a: Vesuvius|[miss]
|-miss|p2a: Dragonite
|move|p1a: Vesuvius|Slash|p2a: Dragonite
|-crit|p2a: Dragonite
|-damage|p2a: Dragonite|80\/385
|
|turn|73
|choice|move 2|move 2
|
|move|p2a: Dragonite|Wrap|p1a: Vesuvius
|-damage|p1a: Vesuvius|140\/359
|-activate|p1a: Vesuvius|move: Wrap|[of] p2a: Dragonite
|cant|p1a: Vesuvius|partiallytrapped
|
|turn|74
|choice|move 2|move 2
|
|move|p2a: Dragonite|Wrap|p1a: Vesuvius
|-damage|p1a: Vesuvius|121\/359
|cant|p1a: Vesuvius|partiallytrapped
|
|-end|p1a: Vesuvius|Wrap|[partiallytrapped]
|turn|75
|choice|move 2|move 3
|
|move|p2a: Dragonite|Hyper Beam|p1a: Vesuvius
|-damage|p1a: Vesuvius|0 fnt
|faint|p1a: Vesuvius
|
|win|MQCoba
|raw|TheFinderDX's rating: 1087 &rarr; <strong>1071<\/strong><br \/>(-16 for losing)
|raw|MQCoba's rating: 1191 &rarr; <strong>1209<\/strong><br \/>(+18 for winning)
|c|★TheFinderDX|gg