|j|abeijon08
|j|jack cheese
|player|p1|abeijon08|266
|player|p2|jack cheese|196
|gametype|singles
|gen|1
|tier|[Gen 1] Random Battle
|rated
|seed|54994,60178,10453,2610
|rule|Sleep Clause Mod: Limit one foe put to sleep
|rule|Freeze Clause Mod: Limit one foe frozen
|rule|HP Percentage Mod: HP is shown in percentages
|
|start
|switch|p1a: Raichu|Raichu, L85|276\/276
|switch|p2a: Cloyster|Cloyster, L83|253\/253
|turn|1
|choice|move Surf|switch 3
|
|switch|p2a: Arbok|Arbok, L90|291\/291
|move|p1a: Raichu|Surf|p2a: Arbok
|-damage|p2a: Arbok|211\/291
|
|turn|2
|choice|move Thunder|move 2
|
|move|p1a: Raichu|Thunder|p2a: Arbok
|-damage|p2a: Arbok|71\/291
|move|p2a: Arbok|Glare|p1a: Raichu
|-status|p1a: Raichu|par
|
|turn|3
|choice|move Hyper Beam|move 1
|
|move|p2a: Arbok|Hyper Beam|p1a: Raichu
|-damage|p1a: Raichu|140\/276 par
|move|p1a: Raichu|Hyper Beam|p2a: Arbok
|-damage|p2a: Arbok|0 fnt
|faint|p2a: Arbok
|choice||switch 5
|
|switch|p2a: Lickitung|Lickitung, L90|345\/345
|turn|4
|choice|move Hyper Beam|move 1
|
|move|p2a: Lickitung|Hyper Beam|p1a: Raichu
|-damage|p1a: Raichu|0 fnt
|faint|p1a: Raichu
|choice|switch 6|
|
|switch|p1a: Kangaskhan|Kangaskhan, L85|352\/352
|turn|5
|choice|move Body Slam|switch 2
|
|switch|p2a: Kabutops|Kabutops, L85|276\/276
|move|p1a: Kangaskhan|Body Slam|p2a: Kabutops
|-resisted|p2a: Kabutops
|-damage|p2a: Kabutops|238\/276
|
|turn|6
|choice|move Earthquake|move 3
|
|move|p1a: Kangaskhan|Earthquake|p2a: Kabutops
|-supereffective|p2a: Kabutops
|-damage|p2a: Kabutops|109\/276
|move|p2a: Kabutops|Surf|p1a: Kangaskhan
|-damage|p1a: Kangaskhan|215\/352
|
|turn|7
|choice|move Hyper Beam|switch 6
|
|switch|p2a: Zapdos|Zapdos, L79|304\/304
|move|p1a: Kangaskhan|Hyper Beam|p2a: Zapdos
|-damage|p2a: Zapdos|133\/304
|
|turn|8
|-mustrecharge|p1a: Kangaskhan
|-mustrecharge|p1a: Kangaskhan
|choice|move Recharge|move 3
|
|cant|p1a: Kangaskhan|recharge
|move|p2a: Zapdos|Thunderbolt|p1a: Kangaskhan
|-damage|p1a: Kangaskhan|64\/352
|
|turn|9
|choice|move Hyper Beam|switch 6
|
|switch|p2a: Kabutops|Kabutops, L85|109\/276
|move|p1a: Kangaskhan|Hyper Beam|p2a: Kabutops
|-resisted|p2a: Kabutops
|-damage|p2a: Kabutops|40\/276
|
|turn|10
|-mustrecharge|p1a: Kangaskhan
|-mustrecharge|p1a: Kangaskhan
|choice|move Recharge|move 3
|
|cant|p1a: Kangaskhan|recharge
|move|p2a: Kabutops|Surf|p1a: Kangaskhan
|-damage|p1a: Kangaskhan|0 fnt
|faint|p1a: Kangaskhan
|choice|switch 2|
|
|switch|p1a: Starmie|Starmie, L79|257\/257
|turn|11
|choice|move Surf|move 1
|
|move|p1a: Starmie|Surf|p2a: Kabutops
|-damage|p2a: Kabutops|0 fnt
|faint|p2a: Kabutops
|choice||switch 2
|
|switch|p2a: Lickitung|Lickitung, L90|345\/345
|turn|12
|choice|move Surf|move 3
|
|move|p1a: Starmie|Surf|p2a: Lickitung
|-damage|p2a: Lickitung|245\/345
|move|p2a: Lickitung|Swords Dance|p2a: Lickitung
|-boost|p2a: Lickitung|atk|2
|
|turn|13
|choice|switch 4|move 3
|
|switch|p1a: Cloyster|Cloyster, L83|253\/253
|move|p2a: Lickitung|Swords Dance|p2a: Lickitung
|-boost|p2a: Lickitung|atk|2
|
|turn|14
|choice|move Toxic|switch 6
|
|switch|p2a: Zapdos|Zapdos, L79|133\/304
|move|p1a: Cloyster|Toxic|p2a: Zapdos
|-status|p2a: Zapdos|tox
|
|turn|15
|choice|switch 3|move 3
|
|switch|p1a: Dugtrio|Dugtrio, L85|233\/233
|move|p2a: Zapdos|Thunderbolt|p1a: Dugtrio
|-immune|p1a: Dugtrio|[msg]
|-damage|p2a: Zapdos|114\/304 tox|[from] tox|[of] p1a: Dugtrio
|
|turn|16
|raw|<div class="broadcast-red"><b>The server is restarting soon.<\/b><br \/>Please finish your battles quickly. No new battles can be started until the server resets in a few minutes.<\/div>
|raw|<div class="broadcast-red"><b>Moderated chat was set to +!<\/b><br \/>Only users of rank + and higher can talk.<\/div>
|choice|move Earthquake|move 2
|
|move|p1a: Dugtrio|Earthquake|p2a: Zapdos
|-immune|p2a: Zapdos|[msg]
|move|p2a: Zapdos|Drill Peck|p1a: Dugtrio
|-damage|p1a: Dugtrio|139\/233
|-damage|p2a: Zapdos|76\/304 tox|[from] tox|[of] p1a: Dugtrio
|
|turn|17
|choice|move Substitute|switch 3
|
|switch|p2a: Cloyster|Cloyster, L83|253\/253
|move|p1a: Dugtrio|Substitute|p1a: Dugtrio
|-start|p1a: Dugtrio|Substitute
|-damage|p1a: Dugtrio|81\/233
|
|turn|18
|choice|move Earthquake|move 2
|
|move|p1a: Dugtrio|Earthquake|p2a: Cloyster
|-damage|p2a: Cloyster|191\/253
|move|p2a: Cloyster|Blizzard|p1a: Dugtrio
|-supereffective|p1a: Dugtrio
|-end|p1a: Dugtrio|Substitute
|
|turn|19
|choice|switch 4|move 2
|
|switch|p1a: Starmie|Starmie, L79|257\/257
|move|p2a: Cloyster|Blizzard|p1a: Starmie
|-resisted|p1a: Starmie
|-damage|p1a: Starmie|202\/257
|-status|p1a: Starmie|frz
|
|turn|20
|choice|move Thunder Wave|switch 3
|
|switch|p2a: Zapdos|Zapdos, L79|76\/304 tox
|-status|p2a: Zapdos|psn
|-damage|p2a: Zapdos|57\/304 psn|[from] psn
|cant|p1a: Starmie|frz
|
|turn|21
|choice|switch 4|move 2
|
|switch|p1a: Dugtrio|Dugtrio, L85|81\/233
|move|p2a: Zapdos|Drill Peck|p1a: Dugtrio
|-damage|p1a: Dugtrio|0 fnt
|faint|p1a: Dugtrio
|choice|switch 5|
|
|switch|p1a: Victreebel|Victreebel, L85|310\/310
|turn|22
|choice|switch 4|move 2
|
|switch|p1a: Starmie|Starmie, L79|202\/257 frz
|move|p2a: Zapdos|Drill Peck|p1a: Starmie
|-damage|p1a: Starmie|126\/257 frz
|-damage|p2a: Zapdos|38\/304 psn|[from] psn|[of] p1a: Starmie
|
|turn|23
|choice|move Surf|move 3
|
|cant|p1a: Starmie|frz
|move|p2a: Zapdos|Thunderbolt|p1a: Starmie
|-crit|p1a: Starmie
|-supereffective|p1a: Starmie
|-damage|p1a: Starmie|0 fnt
|faint|p1a: Starmie
|choice|switch 4|
|
|switch|p1a: Victreebel|Victreebel, L85|310\/310
|turn|24
|choice|switch 3|move 4
|
|switch|p1a: Cloyster|Cloyster, L83|253\/253
|move|p2a: Zapdos|Thunder Wave|p1a: Cloyster
|-status|p1a: Cloyster|par
|-damage|p2a: Zapdos|19\/304 psn|[from] psn|[of] p1a: Cloyster
|
|turn|25
|choice|switch 3|move 2
|
|switch|p1a: Victreebel|Victreebel, L85|310\/310
|move|p2a: Zapdos|Drill Peck|p1a: Victreebel
|-supereffective|p1a: Victreebel
|-damage|p1a: Victreebel|147\/310
|-damage|p2a: Zapdos|0 fnt|[from] psn|[of] p1a: Victreebel
|faint|p2a: Zapdos
|choice||switch 3
|
|switch|p2a: Cloyster|Cloyster, L83|191\/253
|turn|26
|choice|move Razor Leaf|move 2
|
|move|p1a: Victreebel|Razor Leaf|p2a: Cloyster
|-crit|p2a: Cloyster
|-supereffective|p2a: Cloyster
|-damage|p2a: Cloyster|0 fnt
|faint|p2a: Cloyster
|choice||switch 6
|
|switch|p2a: Lickitung|Lickitung, L90|245\/345
|turn|27
|choice|switch 3|move 3
|
|switch|p1a: Cloyster|Cloyster, L83|253\/253 par
|move|p2a: Lickitung|Swords Dance|p2a: Lickitung
|-boost|p2a: Lickitung|atk|2
|
|turn|28
|choice|move Toxic|move 3
|
|move|p2a: Lickitung|Swords Dance|p2a: Lickitung
|-boost|p2a: Lickitung|atk|2
|move|p1a: Cloyster|Toxic|p2a: Lickitung|[miss]
|-miss|p1a: Cloyster
|
|turn|29
|j|Llama lump
|choice|move Surf|move 4
|
|move|p2a: Lickitung|Body Slam|p1a: Cloyster
|-damage|p1a: Cloyster|116\/253 par
|move|p1a: Cloyster|Surf|p2a: Lickitung
|-damage|p2a: Lickitung|130\/345
|
|turn|30
|choice|move Explosion|move 4
|
|move|p2a: Lickitung|Body Slam|p1a: Cloyster
|-damage|p1a: Cloyster|0 fnt
|faint|p1a: Cloyster
|choice|switch 3|
|
|switch|p1a: Victreebel|Victreebel, L85|147\/310
|turn|31
|choice|move Hyper Beam|move 4
|
|move|p1a: Victreebel|Hyper Beam|p2a: Lickitung
|-damage|p2a: Lickitung|8\/345
|move|p2a: Lickitung|Body Slam|p1a: Victreebel
|-crit|p1a: Victreebel
|-damage|p1a: Victreebel|0 fnt
|faint|p1a: Victreebel
|
|win|jack cheese
|player|p1
|player|p2
|raw|abeijon08's rating: 1252 &rarr; <strong>1214<\/strong><br \/>(-38 for losing)
|raw|jack cheese's rating: 1050 &rarr; <strong>1099<\/strong><br \/>(+49 for winning)
|c|★jack cheese|gg
|l|Llama lump