|j|Dervodel2
|j|tptptp31
|player|p1|Dervodel2|238
|player|p2|tptptp31|266
|gametype|singles
|gen|1
|tier|[Gen 1] Random Battle
|rated
|seed|
|rule|Sleep Clause Mod: Limit one foe put to sleep
|rule|Freeze Clause Mod: Limit one foe frozen
|rule|HP Percentage Mod: HP is shown in percentages
|
|start
|switch|p1a: Seaking|Seaking, L90|100\/100
|switch|p2a: Aerodactyl|Aerodactyl, L90|100\/100
|turn|1
|choice||
|
|switch|p2a: Jynx|Jynx, L79|100\/100
|move|p1a: Seaking|Surf|p2a: Jynx
|-damage|p2a: Jynx|61\/100
|
|turn|2
|choice||
|
|move|p2a: Jynx|Lovely Kiss|p1a: Seaking
|-status|p1a: Seaking|slp
|cant|p1a: Seaking|slp
|
|turn|3
|choice||
|
|move|p2a: Jynx|Psychic|p1a: Seaking
|-damage|p1a: Seaking|74\/100 slp
|-unboost|p1a: Seaking|spd|1
|-unboost|p1a: Seaking|spa|1
|cant|p1a: Seaking|slp
|
|turn|4
|choice||
|
|switch|p1a: Hypno|Hypno, L85|100\/100
|move|p2a: Jynx|Psychic|p1a: Hypno
|-resisted|p1a: Hypno
|-damage|p1a: Hypno|89\/100
|-unboost|p1a: Hypno|spd|1
|-unboost|p1a: Hypno|spa|1
|
|turn|5
|choice||
|
|move|p2a: Jynx|Blizzard|p1a: Hypno
|-damage|p1a: Hypno|43\/100
|move|p1a: Hypno|Thunder Wave|p2a: Jynx
|-status|p2a: Jynx|par
|
|turn|6
|choice||
|
|move|p1a: Hypno|Rest|p1a: Hypno
|-status|p1a: Hypno|slp
|-heal|p1a: Hypno|100\/100 slp|[silent]
|-status|p1a: Hypno|slp|[from] move: Rest
|move|p2a: Jynx|Blizzard|p1a: Hypno
|-damage|p1a: Hypno|58\/100 slp
|
|turn|7
|choice||
|
|cant|p1a: Hypno|slp
|move|p2a: Jynx|Blizzard|p1a: Hypno
|-damage|p1a: Hypno|14\/100 slp
|
|turn|8
|choice||
|
|-curestatus|p1a: Hypno|slp
|cant|p2a: Jynx|par
|
|turn|9
|choice||
|
|move|p1a: Hypno|Rest|p1a: Hypno
|-status|p1a: Hypno|slp
|-heal|p1a: Hypno|100\/100 slp|[silent]
|-status|p1a: Hypno|slp|[from] move: Rest
|move|p2a: Jynx|Blizzard|p1a: Hypno
|-damage|p1a: Hypno|56\/100 slp
|
|turn|10
|choice||
|
|switch|p1a: Pinsir|Pinsir, L85|100\/100
|move|p2a: Jynx|Blizzard|p1a: Pinsir
|-damage|p1a: Pinsir|51\/100
|
|turn|11
|choice||
|
|move|p1a: Pinsir|Body Slam|p2a: Jynx
|-damage|p2a: Jynx|12\/100 par
|move|p2a: Jynx|Blizzard|p1a: Pinsir
|-crit|p1a: Pinsir
|-damage|p1a: Pinsir|0 fnt
|faint|p1a: Pinsir
|choice||
|
|switch|p1a: Victreebel|Victreebel, L85|100\/100
|turn|12
|c|★Dervodel2|amazing luck
|choice||
|
|move|p1a: Victreebel|Body Slam|p2a: Jynx
|-crit|p2a: Jynx
|-damage|p2a: Jynx|0 fnt
|faint|p2a: Jynx
|choice||
|
|switch|p2a: Beedrill|Beedrill, L90|100\/100
|turn|13
|choice||
|
|move|p2a: Beedrill|Swords Dance|p2a: Beedrill
|-boost|p2a: Beedrill|atk|2
|move|p1a: Victreebel|Body Slam|p2a: Beedrill
|-damage|p2a: Beedrill|68\/100
|
|turn|14
|choice||
|
|switch|p1a: Golem|Golem, L79|100\/100
|move|p2a: Beedrill|Twineedle|p1a: Golem
|-damage|p1a: Golem|86\/100
|-damage|p1a: Golem|71\/100
|-status|p1a: Golem|psn
|-hitcount|p1a: Golem|2
|
|turn|15
|choice||
|
|move|p2a: Beedrill|Twineedle|p1a: Golem
|-damage|p1a: Golem|56\/100 psn
|-damage|p1a: Golem|41\/100 psn
|-hitcount|p1a: Golem|2
|move|p1a: Golem|Rock Slide|p2a: Beedrill
|-supereffective|p2a: Beedrill
|-damage|p2a: Beedrill|0 fnt
|faint|p2a: Beedrill
|choice||
|
|switch|p2a: Blastoise|Blastoise, L85|100\/100
|turn|16
|choice||
|
|switch|p1a: Hypno|Hypno, L85|56\/100 slp
|move|p2a: Blastoise|Blizzard|p1a: Hypno
|-damage|p1a: Hypno|36\/100 slp
|
|turn|17
|choice||
|
|move|p2a: Blastoise|Hyper Beam|p1a: Hypno
|-damage|p1a: Hypno|1\/100 slp
|cant|p1a: Hypno|slp
|
|turn|18
|-mustrecharge|p2a: Blastoise
|-mustrecharge|p2a: Blastoise
|choice||
|
|cant|p2a: Blastoise|recharge
|-curestatus|p1a: Hypno|slp
|
|turn|19
|choice||
|
|switch|p1a: Victreebel|Victreebel, L85|100\/100
|move|p2a: Blastoise|Surf|p1a: Victreebel
|-resisted|p1a: Victreebel
|-damage|p1a: Victreebel|86\/100
|
|turn|20
|choice||
|
|move|p2a: Blastoise|Blizzard|p1a: Victreebel
|-supereffective|p1a: Victreebel
|-damage|p1a: Victreebel|38\/100
|move|p1a: Victreebel|Razor Leaf|p2a: Blastoise
|-crit|p2a: Blastoise
|-supereffective|p2a: Blastoise
|-damage|p2a: Blastoise|22\/100
|
|turn|21
|choice||
|
|move|p2a: Blastoise|Blizzard|p1a: Victreebel|[miss]
|-miss|p2a: Blastoise
|move|p1a: Victreebel|Razor Leaf|p2a: Blastoise
|-crit|p2a: Blastoise
|-supereffective|p2a: Blastoise
|-damage|p2a: Blastoise|0 fnt
|faint|p2a: Blastoise
|choice||
|
|switch|p2a: Nidoqueen|Nidoqueen, L85|100\/100
|turn|22
|choice||
|
|move|p2a: Nidoqueen|Blizzard|p1a: Victreebel
|-supereffective|p1a: Victreebel
|-damage|p1a: Victreebel|0 fnt
|faint|p1a: Victreebel
|choice||
|
|switch|p1a: Articuno|Articuno, L79|100\/100
|turn|23
|choice||
|
|move|p2a: Nidoqueen|Thunderbolt|p1a: Articuno
|-supereffective|p1a: Articuno
|-damage|p1a: Articuno|68\/100
|move|p1a: Articuno|Ice Beam|p2a: Nidoqueen
|-supereffective|p2a: Nidoqueen
|-damage|p2a: Nidoqueen|25\/100
|
|turn|24
|choice||
|
|move|p2a: Nidoqueen|Body Slam|p1a: Articuno
|-damage|p1a: Articuno|49\/100
|move|p1a: Articuno|Ice Beam|p2a: Nidoqueen
|-supereffective|p2a: Nidoqueen
|-damage|p2a: Nidoqueen|0 fnt
|faint|p2a: Nidoqueen
|choice||
|
|switch|p2a: Aerodactyl|Aerodactyl, L90|100\/100
|turn|25
|choice||
|
|move|p2a: Aerodactyl|Double-Edge|p1a: Articuno
|-damage|p1a: Articuno|22\/100
|-damage|p2a: Aerodactyl|94\/100|[from] recoil|[of] p1a: Articuno
|move|p1a: Articuno|Ice Beam|p2a: Aerodactyl
|-supereffective|p2a: Aerodactyl
|-damage|p2a: Aerodactyl|18\/100
|
|turn|26
|choice||
|
|switch|p1a: Golem|Golem, L79|41\/100 psn
|-damage|p1a: Golem|35\/100 psn|[from] psn
|move|p2a: Aerodactyl|Hyper Beam|p1a: Golem
|-resisted|p1a: Golem
|-damage|p1a: Golem|18\/100 psn
|
|turn|27
|-mustrecharge|p2a: Aerodactyl
|-mustrecharge|p2a: Aerodactyl
|choice||
|
|cant|p2a: Aerodactyl|recharge
|move|p1a: Golem|Rock Slide|p2a: Aerodactyl
|-supereffective|p2a: Aerodactyl
|-damage|p2a: Aerodactyl|0 fnt
|faint|p2a: Aerodactyl
|choice||
|
|switch|p2a: Wigglytuff|Wigglytuff, L90|100\/100
|turn|28
|choice||
|
|move|p2a: Wigglytuff|Blizzard|p1a: Golem
|-supereffective|p1a: Golem
|-damage|p1a: Golem|0 fnt
|faint|p1a: Golem
|choice||
|
|switch|p1a: Hypno|Hypno, L85|1\/100
|turn|29
|choice||
|
|move|p1a: Hypno|Thunder Wave|p2a: Wigglytuff
|-status|p2a: Wigglytuff|par
|cant|p2a: Wigglytuff|par
|
|turn|30
|choice||
|
|move|p1a: Hypno|Rest|p1a: Hypno
|-status|p1a: Hypno|slp
|-heal|p1a: Hypno|100\/100 slp|[silent]
|-status|p1a: Hypno|slp|[from] move: Rest
|move|p2a: Wigglytuff|Body Slam|p1a: Hypno
|-damage|p1a: Hypno|69\/100 slp
|
|turn|31
|choice||
|
|cant|p1a: Hypno|slp
|cant|p2a: Wigglytuff|par
|
|turn|32
|choice||
|
|-curestatus|p1a: Hypno|slp
|move|p2a: Wigglytuff|Body Slam|p1a: Hypno
|-damage|p1a: Hypno|39\/100
|
|turn|33
|choice||
|
|move|p1a: Hypno|Psychic|p2a: Wigglytuff
|-damage|p2a: Wigglytuff|67\/100 par
|move|p2a: Wigglytuff|Body Slam|p1a: Hypno
|-damage|p1a: Hypno|7\/100
|-status|p1a: Hypno|par
|
|turn|34
|choice||
|
|cant|p1a: Hypno|par
|cant|p2a: Wigglytuff|par
|
|turn|35
|choice||
|
|move|p1a: Hypno|Rest|p1a: Hypno
|-status|p1a: Hypno|slp
|-heal|p1a: Hypno|100\/100 slp|[silent]
|-status|p1a: Hypno|slp|[from] move: Rest
|move|p2a: Wigglytuff|Body Slam|p1a: Hypno
|-damage|p1a: Hypno|70\/100 slp
|
|turn|36
|choice||
|
|cant|p1a: Hypno|slp
|move|p2a: Wigglytuff|Body Slam|p1a: Hypno
|-damage|p1a: Hypno|40\/100 slp
|
|turn|37
|choice||
|
|-curestatus|p1a: Hypno|slp
|move|p2a: Wigglytuff|Hyper Beam|p1a: Hypno|[miss]
|-miss|p2a: Wigglytuff
|
|turn|38
|choice||
|
|move|p1a: Hypno|Rest|p1a: Hypno
|-status|p1a: Hypno|slp
|-heal|p1a: Hypno|100\/100 slp|[silent]
|-status|p1a: Hypno|slp|[from] move: Rest
|move|p2a: Wigglytuff|Body Slam|p1a: Hypno
|-damage|p1a: Hypno|71\/100 slp
|
|turn|39
|choice||
|
|cant|p1a: Hypno|slp
|move|p2a: Wigglytuff|Body Slam|p1a: Hypno
|-damage|p1a: Hypno|39\/100 slp
|
|turn|40
|choice||
|
|-curestatus|p1a: Hypno|slp
|move|p2a: Wigglytuff|Hyper Beam|p1a: Hypno
|-damage|p1a: Hypno|0 fnt
|faint|p1a: Hypno
|c|★Dervodel2|amazing
|choice||
|
|switch|p1a: Articuno|Articuno, L79|22\/100
|turn|41
|choice||
|
|move|p1a: Articuno|Reflect|p1a: Articuno
|-start|p1a: Articuno|Reflect
|move|p2a: Wigglytuff|Hyper Beam|p1a: Articuno
|-damage|p1a: Articuno|0 fnt
|faint|p1a: Articuno
|choice||
|
|switch|p1a: Seaking|Seaking, L90|74\/100 slp
|turn|42
|choice||
|
|-curestatus|p1a: Seaking|slp
|move|p2a: Wigglytuff|Body Slam|p1a: Seaking
|-damage|p1a: Seaking|46\/100
|-status|p1a: Seaking|par
|
|turn|43
|choice||
|
|move|p1a: Seaking|Surf|p2a: Wigglytuff
|-damage|p2a: Wigglytuff|36\/100 par
|cant|p2a: Wigglytuff|par
|
|turn|44
|choice||
|
|move|p1a: Seaking|Hyper Beam|p2a: Wigglytuff
|-damage|p2a: Wigglytuff|1\/100 par
|move|p2a: Wigglytuff|Hyper Beam|p1a: Seaking
|-crit|p1a: Seaking
|-damage|p1a: Seaking|0 fnt
|faint|p1a: Seaking
|
|win|tptptp31
|player|p1
|player|p2
|raw|Dervodel2's rating: 1413 &rarr; <strong>1391<\/strong><br \/>(-22 for losing)
|raw|tptptp31's rating: 1382 &rarr; <strong>1403<\/strong><br \/>(+21 for winning)