|join|Nachito000
|join|Dervodel
|player|p1|Nachito000|92
|player|p2|Dervodel|238
|gametype|singles
|gen|1
|tier|[Gen 1] Random Battle
|rated
|rule|Sleep Clause Mod: Limit one foe put to sleep
|rule|Freeze Clause Mod: Limit one foe frozen
|rule|HP Percentage Mod: HP is shown in percentages
|
|start
|switch|p1a: Tauros|Tauros, L79|280\/280
|switch|p2a: Dragonite|Dragonite, L85|328\/328
|turn|1
|
|move|p1a: Tauros|Blizzard|p2a: Dragonite
|-supereffective|p2a: Dragonite
|-damage|p2a: Dragonite|106\/328
|move|p2a: Dragonite|Thunder Wave|p1a: Tauros
|-status|p1a: Tauros|par
|
|turn|2
|
|switch|p2a: Seaking|Seaking, L90|327\/327
|cant|p1a: Tauros|par
|
|turn|3
|
|switch|p1a: Jynx|Jynx, L79|265\/265
|move|p2a: Seaking|Surf|p1a: Jynx
|-damage|p1a: Jynx|162\/265
|
|turn|4
|
|move|p1a: Jynx|Lovely Kiss|p2a: Seaking
|-status|p2a: Seaking|slp
|cant|p2a: Seaking|slp
|
|turn|5
|
|move|p1a: Jynx|Psychic|p2a: Seaking
|-damage|p2a: Seaking|242\/327 slp
|cant|p2a: Seaking|slp
|
|turn|6
|
|move|p1a: Jynx|Psychic|p2a: Seaking
|-damage|p2a: Seaking|156\/327 slp
|-unboost|p2a: Seaking|spd|1
|-unboost|p2a: Seaking|spa|1
|cant|p2a: Seaking|slp
|
|turn|7
|
|switch|p2a: Kangaskhan|Kangaskhan, L85|352\/352
|move|p1a: Jynx|Psychic|p2a: Kangaskhan
|-damage|p2a: Kangaskhan|222\/352
|
|turn|8
|
|switch|p1a: Charizard|Charizard, L85|306\/306
|move|p2a: Kangaskhan|Hyper Beam|p1a: Charizard
|-damage|p1a: Charizard|132\/306
|
|turn|9
|-mustrecharge|p2a: Kangaskhan
|-mustrecharge|p2a: Kangaskhan
|
|move|p1a: Charizard|Body Slam|p2a: Kangaskhan
|-damage|p2a: Kangaskhan|168\/352
|cant|p2a: Kangaskhan|recharge
|
|turn|10
|
|switch|p2a: Vaporeon|Vaporeon, L85|395\/395
|move|p1a: Charizard|Hyper Beam|p2a: Vaporeon|[miss]
|-miss|p1a: Charizard
|
|turn|11
|c|★Dervodel|lucky miss xD
|c|★Nachito000|yep
|
|switch|p1a: Mew|Mew, L74|300\/300
|move|p2a: Vaporeon|Body Slam|p1a: Mew
|-damage|p1a: Mew|251\/300
|
|turn|12
|
|move|p1a: Mew|Thunderbolt|p2a: Vaporeon
|-supereffective|p2a: Vaporeon
|-damage|p2a: Vaporeon|305\/395
|move|p2a: Vaporeon|Surf|p1a: Mew
|-damage|p1a: Mew|136\/300
|
|turn|13
|
|move|p1a: Mew|Thunderbolt|p2a: Vaporeon
|-supereffective|p2a: Vaporeon
|-damage|p2a: Vaporeon|220\/395
|-status|p2a: Vaporeon|par
|move|p2a: Vaporeon|Surf|p1a: Mew
|-damage|p1a: Mew|16\/300
|
|turn|14
|c|★Dervodel|omg you people xD
|
|move|p1a: Mew|Thunderbolt|p2a: Vaporeon
|-supereffective|p2a: Vaporeon
|-damage|p2a: Vaporeon|129\/395 par
|move|p2a: Vaporeon|Surf|p1a: Mew
|-damage|p1a: Mew|0 fnt
|faint|p1a: Mew
|
|switch|p1a: Jynx|Jynx, L79|162\/265
|turn|15
|
|move|p1a: Jynx|Psychic|p2a: Vaporeon
|-damage|p2a: Vaporeon|61\/395 par
|move|p2a: Vaporeon|Rest|p2a: Vaporeon
|-status|p2a: Vaporeon|slp
|-heal|p2a: Vaporeon|395\/395 slp|[silent]
|-status|p2a: Vaporeon|slp|[from] move: Rest
|
|turn|16
|
|move|p1a: Jynx|Psychic|p2a: Vaporeon
|-damage|p2a: Vaporeon|323\/395 slp
|cant|p2a: Vaporeon|slp
|
|turn|17
|
|move|p1a: Jynx|Psychic|p2a: Vaporeon
|-damage|p2a: Vaporeon|249\/395 slp
|-unboost|p2a: Vaporeon|spd|1
|-unboost|p2a: Vaporeon|spa|1
|-curestatus|p2a: Vaporeon|slp
|
|turn|18
|
|move|p1a: Jynx|Psychic|p2a: Vaporeon
|-damage|p2a: Vaporeon|142\/395
|move|p2a: Vaporeon|Body Slam|p1a: Jynx
|-damage|p1a: Jynx|78\/265
|
|turn|19
|
|move|p1a: Jynx|Psychic|p2a: Vaporeon
|-damage|p2a: Vaporeon|37\/395
|move|p2a: Vaporeon|Rest|p2a: Vaporeon
|-status|p2a: Vaporeon|slp
|-heal|p2a: Vaporeon|395\/395 slp|[silent]
|-status|p2a: Vaporeon|slp|[from] move: Rest
|
|turn|20
|
|switch|p2a: Bellsprout|Bellsprout, L96|291\/291
|move|p1a: Jynx|Psychic|p2a: Bellsprout
|-supereffective|p2a: Bellsprout
|-damage|p2a: Bellsprout|126\/291
|
|turn|21
|
|switch|p2a: Vaporeon|Vaporeon, L85|395\/395 slp
|move|p1a: Jynx|Psychic|p2a: Vaporeon
|-damage|p2a: Vaporeon|328\/395 slp
|-unboost|p2a: Vaporeon|spd|1
|-unboost|p2a: Vaporeon|spa|1
|
|turn|22
|
|switch|p2a: Bellsprout|Bellsprout, L96|126\/291
|move|p1a: Jynx|Psychic|p2a: Bellsprout
|-supereffective|p2a: Bellsprout
|-damage|p2a: Bellsprout|0 fnt
|faint|p2a: Bellsprout
|
|switch|p2a: Kangaskhan|Kangaskhan, L85|168\/352
|turn|23
|
|switch|p1a: Tauros|Tauros, L79|280\/280 par
|move|p2a: Kangaskhan|Earthquake|p1a: Tauros
|-damage|p1a: Tauros|212\/280 par
|
|turn|24
|
|switch|p2a: Haunter|Haunter, L85|250\/250
|cant|p1a: Tauros|par
|
|turn|25
|
|move|p2a: Haunter|Psychic|p1a: Tauros
|-damage|p1a: Tauros|119\/280 par
|move|p1a: Tauros|Earthquake|p2a: Haunter
|-supereffective|p2a: Haunter
|-damage|p2a: Haunter|66\/250
|
|turn|26
|
|switch|p2a: Dragonite|Dragonite, L85|106\/328
|cant|p1a: Tauros|par
|
|turn|27
|
|move|p2a: Dragonite|Hyper Beam|p1a: Tauros
|-damage|p1a: Tauros|0 fnt
|faint|p1a: Tauros
|
|switch|p1a: Jynx|Jynx, L79|78\/265
|turn|28
|
|switch|p2a: Vaporeon|Vaporeon, L85|328\/395 slp
|move|p1a: Jynx|Blizzard|p2a: Vaporeon
|-resisted|p2a: Vaporeon
|-damage|p2a: Vaporeon|282\/395 slp
|
|turn|29
|
|move|p1a: Jynx|Psychic|p2a: Vaporeon
|-damage|p2a: Vaporeon|205\/395 slp
|-unboost|p2a: Vaporeon|spd|1
|-unboost|p2a: Vaporeon|spa|1
|cant|p2a: Vaporeon|slp
|
|turn|30
|
|switch|p2a: Seaking|Seaking, L90|156\/327 slp
|move|p1a: Jynx|Psychic|p2a: Seaking
|-damage|p2a: Seaking|69\/327 slp
|-unboost|p2a: Seaking|spd|1
|-unboost|p2a: Seaking|spa|1
|
|turn|31
|
|switch|p2a: Vaporeon|Vaporeon, L85|205\/395 slp
|move|p1a: Jynx|Psychic|p2a: Vaporeon
|-damage|p2a: Vaporeon|139\/395 slp
|-unboost|p2a: Vaporeon|spd|1
|-unboost|p2a: Vaporeon|spa|1
|
|turn|32
|
|switch|p2a: Seaking|Seaking, L90|69\/327 slp
|move|p1a: Jynx|Psychic|p2a: Seaking
|-damage|p2a: Seaking|0 fnt
|faint|p2a: Seaking
|
|switch|p2a: Kangaskhan|Kangaskhan, L85|168\/352
|turn|33
|
|switch|p1a: Charizard|Charizard, L85|132\/306
|move|p2a: Kangaskhan|Hyper Beam|p1a: Charizard
|-damage|p1a: Charizard|0 fnt
|faint|p1a: Charizard
|
|switch|p1a: Golbat|Golbat, L90|318\/318
|turn|34
|
|switch|p2a: Haunter|Haunter, L85|66\/250
|move|p1a: Golbat|Double-Edge|p2a: Haunter
|-immune|p2a: Haunter|[msg]
|
|turn|35
|
|move|p1a: Golbat|Mega Drain|p2a: Haunter
|-crit|p2a: Haunter
|-resisted|p2a: Haunter
|-damage|p2a: Haunter|46\/250
|move|p2a: Haunter|Hypnosis|p1a: Golbat
|-status|p1a: Golbat|slp
|
|turn|36
|
|cant|p1a: Golbat|slp
|move|p2a: Haunter|Thunderbolt|p1a: Golbat
|-supereffective|p1a: Golbat
|-damage|p1a: Golbat|166\/318 slp
|
|turn|37
|
|switch|p1a: Venomoth|Venomoth, L85|293\/293
|move|p2a: Haunter|Mega Drain|p1a: Venomoth
|-resisted|p1a: Venomoth
|-damage|p1a: Venomoth|286\/293
|-heal|p2a: Haunter|49\/250|[from] drain|[of] p1a: Venomoth
|
|turn|38
|
|move|p2a: Haunter|Psychic|p1a: Venomoth
|-supereffective|p1a: Venomoth
|-damage|p1a: Venomoth|154\/293
|move|p1a: Venomoth|Sleep Powder|p2a: Haunter
|-status|p2a: Haunter|slp
|
|turn|39
|
|cant|p2a: Haunter|slp
|move|p1a: Venomoth|Psychic|p2a: Haunter
|-supereffective|p2a: Haunter
|-damage|p2a: Haunter|0 fnt
|faint|p2a: Haunter
|
|switch|p2a: Dragonite|Dragonite, L85|106\/328
|turn|40
|
|move|p1a: Venomoth|Sleep Powder|p2a: Dragonite
|-status|p2a: Dragonite|slp
|-curestatus|p2a: Dragonite|slp
|
|turn|41
|
|move|p1a: Venomoth|Sleep Powder|p2a: Dragonite
|-status|p2a: Dragonite|slp
|-curestatus|p2a: Dragonite|slp
|
|turn|42
|
|move|p1a: Venomoth|Sleep Powder|p2a: Dragonite
|-status|p2a: Dragonite|slp
|-curestatus|p2a: Dragonite|slp
|
|turn|43
|
|move|p1a: Venomoth|Sleep Powder|p2a: Dragonite
|-status|p2a: Dragonite|slp
|-curestatus|p2a: Dragonite|slp
|
|turn|44
|
|move|p1a: Venomoth|Sleep Powder|p2a: Dragonite
|-status|p2a: Dragonite|slp
|cant|p2a: Dragonite|slp
|
|turn|45
|c|★Dervodel|i cant belive it
|
|move|p1a: Venomoth|Psychic|p2a: Dragonite
|-damage|p2a: Dragonite|46\/328 slp
|cant|p2a: Dragonite|slp
|
|turn|46
|
|switch|p2a: Vaporeon|Vaporeon, L85|139\/395 slp
|move|p1a: Venomoth|Psychic|p2a: Vaporeon
|-damage|p2a: Vaporeon|89\/395 slp
|-unboost|p2a: Vaporeon|spd|1
|-unboost|p2a: Vaporeon|spa|1
|
|turn|47
|
|switch|p2a: Dragonite|Dragonite, L85|46\/328 slp
|move|p1a: Venomoth|Psychic|p2a: Dragonite
|-damage|p2a: Dragonite|0 fnt
|faint|p2a: Dragonite
|
|switch|p2a: Kangaskhan|Kangaskhan, L85|168\/352
|turn|48
|
|move|p2a: Kangaskhan|Hyper Beam|p1a: Venomoth
|-damage|p1a: Venomoth|0 fnt
|faint|p1a: Venomoth
|
|switch|p1a: Golbat|Golbat, L90|166\/318 slp
|turn|49
|
|-curestatus|p1a: Golbat|slp
|move|p2a: Kangaskhan|Hyper Beam|p1a: Golbat
|-damage|p1a: Golbat|0 fnt
|faint|p1a: Golbat
|
|switch|p1a: Jynx|Jynx, L79|78\/265
|turn|50
|
|move|p2a: Kangaskhan|Hyper Beam|p1a: Jynx
|-crit|p1a: Jynx
|-damage|p1a: Jynx|0 fnt
|faint|p1a: Jynx
|
|win|Dervodel
|c|★Nachito000|gg
|raw|Nachito000's rating: 1407 &rarr; <strong>1383<\/strong><br \/>(-24 for losing)
|raw|Dervodel's rating: 1348 &rarr; <strong>1372<\/strong><br \/>(+24 for winning)
|c|★Dervodel|gg
|leave|Nachito000
|player|p1