|j|MALESANI
|j|PickledBeets
|player|p1|MALESANI|238
|player|p2|PickledBeets|162
|gametype|singles
|gen|1
|tier|[Gen 1] Random Battle
|rated
|seed|28012,50324,3506,50321
|rule|Sleep Clause Mod: Limit one foe put to sleep
|rule|Freeze Clause Mod: Limit one foe frozen
|rule|HP Percentage Mod: HP is shown in percentages
|
|start
|switch|p1a: Kabutops|Kabutops, L85|276\/276
|switch|p2a: Rapidash|Rapidash, L90|300\/300
|turn|1
|choice|move 1|switch 3
|
|switch|p2a: Tauros|Tauros, L79|280\/280
|move|p1a: Kabutops|Body Slam|p2a: Tauros
|-damage|p2a: Tauros|212\/280
|
|turn|2
|choice|move 2|move 2
|
|move|p2a: Tauros|Earthquake|p1a: Kabutops
|-supereffective|p1a: Kabutops
|-damage|p1a: Kabutops|169\/276
|move|p1a: Kabutops|Surf|p2a: Tauros
|-damage|p2a: Tauros|102\/280
|
|turn|3
|choice|move 2|switch 5
|
|switch|p2a: Dragonite|Dragonite, L85|328\/328
|move|p1a: Kabutops|Surf|p2a: Dragonite
|-resisted|p2a: Dragonite
|-damage|p2a: Dragonite|290\/328
|
|turn|4
|choice|move 1|move 2
|
|move|p2a: Dragonite|Thunder Wave|p1a: Kabutops
|-status|p1a: Kabutops|par
|move|p1a: Kabutops|Body Slam|p2a: Dragonite
|-crit|p2a: Dragonite
|-damage|p2a: Dragonite|173\/328
|
|turn|5
|choice|move 1|move 1
|
|move|p2a: Dragonite|Thunder|p1a: Kabutops
|-supereffective|p1a: Kabutops
|-damage|p1a: Kabutops|0 fnt
|faint|p1a: Kabutops
|choice|switch 5|
|
|switch|p1a: Jynx|Jynx, L79|265\/265
|turn|6
|choice|move 3|move 2
|
|move|p1a: Jynx|Blizzard|p2a: Dragonite
|-supereffective|p2a: Dragonite
|-damage|p2a: Dragonite|0 fnt
|faint|p2a: Dragonite
|choice||switch 3
|
|switch|p2a: Rapidash|Rapidash, L90|300\/300
|turn|7
|choice|switch 6|move 1
|
|switch|p1a: Machoke|Machoke, L85|310\/310
|move|p2a: Rapidash|Fire Blast|p1a: Machoke
|-crit|p1a: Machoke
|-damage|p1a: Machoke|0 fnt
|faint|p1a: Machoke
|choice|switch 4|
|
|switch|p1a: Dugtrio|Dugtrio, L85|233\/233
|turn|8
|choice|move 1|move 1
|
|move|p1a: Dugtrio|Earthquake|p2a: Rapidash
|-supereffective|p2a: Rapidash
|-damage|p2a: Rapidash|90\/300
|move|p2a: Rapidash|Fire Blast|p1a: Dugtrio
|-damage|p1a: Dugtrio|96\/233
|
|turn|9
|choice|move 1|move 1
|
|move|p1a: Dugtrio|Earthquake|p2a: Rapidash
|-supereffective|p2a: Rapidash
|-damage|p2a: Rapidash|0 fnt
|faint|p2a: Rapidash
|choice||switch 2
|
|switch|p2a: Kingler|Kingler, L85|267\/267
|turn|10
|choice|switch 2|move 1
|
|switch|p1a: Bulbasaur|Bulbasaur, L96|281\/281
|move|p2a: Kingler|Crabhammer|p1a: Bulbasaur
|-crit|p1a: Bulbasaur
|-resisted|p1a: Bulbasaur
|-damage|p1a: Bulbasaur|217\/281
|
|turn|11
|choice|move 2|move 4
|
|move|p2a: Kingler|Body Slam|p1a: Bulbasaur
|-damage|p1a: Bulbasaur|125\/281
|-status|p1a: Bulbasaur|par
|cant|p1a: Bulbasaur|par
|
|turn|12
|choice|move 1|move 2
|
|move|p2a: Kingler|Hyper Beam|p1a: Bulbasaur
|-damage|p1a: Bulbasaur|0 fnt
|faint|p1a: Bulbasaur
|choice|switch 3|
|
|switch|p1a: Raticate|Raticate, L85|267\/267
|turn|13
|choice|move 1|move 1
|
|move|p1a: Raticate|Super Fang|p2a: Kingler
|-damage|p2a: Kingler|134\/267
|move|p2a: Kingler|Crabhammer|p1a: Raticate
|-crit|p1a: Raticate
|-damage|p1a: Raticate|79\/267
|
|turn|14
|choice|move 2|switch 6
|
|switch|p2a: Golem|Golem, L79|288\/288
|move|p1a: Raticate|Hyper Beam|p2a: Golem
|-resisted|p2a: Golem
|-damage|p2a: Golem|230\/288
|
|turn|15
|-mustrecharge|p1a: Raticate
|-mustrecharge|p1a: Raticate
|choice|move 1|switch 5
|
|switch|p2a: Tauros|Tauros, L79|102\/280
|cant|p1a: Raticate|recharge
|
|turn|16
|choice|move 3|move 1
|
|move|p2a: Tauros|Hyper Beam|p1a: Raticate
|-crit|p1a: Raticate
|-damage|p1a: Raticate|0 fnt
|faint|p1a: Raticate
|choice|switch 2|
|
|switch|p1a: Dugtrio|Dugtrio, L85|96\/233
|turn|17
|choice|move 1|move 1
|
|move|p1a: Dugtrio|Earthquake|p2a: Tauros
|-damage|p2a: Tauros|1\/280
|move|p2a: Tauros|Hyper Beam|p1a: Dugtrio|[miss]
|-miss|p2a: Tauros
|
|turn|18
|choice|move 2|move 1
|
|move|p1a: Dugtrio|Slash|p2a: Tauros
|-crit|p2a: Tauros
|-damage|p2a: Tauros|0 fnt
|faint|p2a: Tauros
|choice||switch 6
|
|switch|p2a: Kingler|Kingler, L85|134\/267
|turn|19
|choice|move 1|move 2
|
|move|p1a: Dugtrio|Earthquake|p2a: Kingler
|-damage|p2a: Kingler|50\/267
|move|p2a: Kingler|Hyper Beam|p1a: Dugtrio
|-damage|p1a: Dugtrio|0 fnt
|faint|p1a: Dugtrio
|choice|switch 6|
|
|switch|p1a: Jynx|Jynx, L79|265\/265
|turn|20
|choice|move 2|move 2
|
|move|p1a: Jynx|Psychic|p2a: Kingler
|-crit|p2a: Kingler
|-damage|p2a: Kingler|0 fnt
|faint|p2a: Kingler
|choice||switch 5
|
|switch|p2a: Golem|Golem, L79|230\/288
|turn|21
|choice|move 1|move 4
|
|move|p1a: Jynx|Lovely Kiss|p2a: Golem
|-status|p2a: Golem|slp
|cant|p2a: Golem|slp
|
|turn|22
|choice|move 2|switch 4
|
|switch|p2a: Tentacruel|Tentacruel, L85|310\/310
|move|p1a: Jynx|Psychic|p2a: Tentacruel
|-supereffective|p2a: Tentacruel
|-damage|p2a: Tentacruel|174\/310
|
|turn|23
|choice|move 2|move 3
|
|move|p2a: Tentacruel|Hydro Pump|p1a: Jynx
|-damage|p1a: Jynx|114\/265
|move|p1a: Jynx|Psychic|p2a: Tentacruel
|-crit|p2a: Tentacruel
|-supereffective|p2a: Tentacruel
|-damage|p2a: Tentacruel|0 fnt
|faint|p2a: Tentacruel
|c|★PickledBeets|hahah i knew it would happen
|c|★PickledBeets|good game
|choice||switch 4
|
|switch|p2a: Golem|Golem, L79|230\/288 slp
|turn|24
|choice|move 2|move 4
|
|move|p1a: Jynx|Psychic|p2a: Golem
|-damage|p2a: Golem|105\/288 slp
|cant|p2a: Golem|slp
|
|turn|25
|c|★MALESANI|gg man
|choice|move 2|move 4
|
|move|p1a: Jynx|Psychic|p2a: Golem
|-damage|p2a: Golem|0 fnt
|faint|p2a: Golem
|
|win|MALESANI
|raw|MALESANI's rating: 1468 &rarr; <strong>1484<\/strong><br \/>(+16 for winning)
|raw|PickledBeets's rating: 1391 &rarr; <strong>1376<\/strong><br \/>(-15 for losing)
|l|PickledBeets
|player|p2