|j|trueWario
|j|MatiiasTB
|player|p1|trueWario|168
|player|p2|MatiiasTB|102
|gametype|singles
|gen|1
|tier|[Gen 1] Random Battle
|rated
|seed|32398,20434,56077,50059
|rule|Sleep Clause Mod: Limit one foe put to sleep
|rule|Freeze Clause Mod: Limit one foe frozen
|rule|HP Percentage Mod: HP is shown in percentages
|
|start
|switch|p1a: Pinsir|Pinsir, L85|284\/284
|switch|p2a: Magneton|Magneton, L90|273\/273
|turn|1
|choice|move 4|move 3
|
|move|p1a: Pinsir|Swords Dance|p1a: Pinsir
|-boost|p1a: Pinsir|atk|2
|move|p2a: Magneton|Thunder Wave|p1a: Pinsir
|-status|p1a: Pinsir|par
|
|turn|2
|choice|move 2|switch 3
|
|switch|p2a: Dodrio|Dodrio, L85|276\/276
|cant|p1a: Pinsir|par
|
|turn|3
|choice|switch 2|move 3
|
|switch|p1a: Krabby|Krabby, L96|252\/252
|move|p2a: Dodrio|Drill Peck|p1a: Krabby
|-damage|p1a: Krabby|166\/252
|
|turn|4
|choice|move 3|switch 4
|
|switch|p2a: Starmie|Starmie, L79|257\/257
|move|p1a: Krabby|Blizzard|p2a: Starmie
|-resisted|p2a: Starmie
|-damage|p2a: Starmie|230\/257
|
|turn|5
|choice|switch 5|move 2
|
|switch|p1a: Kadabra|Kadabra, L85|242\/242
|move|p2a: Starmie|Thunderbolt|p1a: Kadabra
|-damage|p1a: Kadabra|190\/242
|
|turn|6
|choice|switch 2|move 4
|
|switch|p1a: Pinsir|Pinsir, L85|284\/284 par
|move|p2a: Starmie|Thunder Wave|p1a: Pinsir
|-fail|p1a: Pinsir|par
|
|turn|7
|choice|move 2|move 3
|
|move|p2a: Starmie|Blizzard|p1a: Pinsir
|-damage|p1a: Pinsir|190\/284 par
|move|p1a: Pinsir|Body Slam|p2a: Starmie
|-crit|p2a: Starmie
|-damage|p2a: Starmie|65\/257
|
|turn|8
|choice|move 2|move 1
|
|move|p2a: Starmie|Recover|p2a: Starmie
|-heal|p2a: Starmie|193\/257
|move|p1a: Pinsir|Body Slam|p2a: Starmie
|-damage|p2a: Starmie|113\/257
|
|turn|9
|choice|move 2|move 1
|
|move|p2a: Starmie|Recover|p2a: Starmie
|-heal|p2a: Starmie|241\/257
|cant|p1a: Pinsir|par
|
|turn|10
|choice|switch 6|move 3
|
|switch|p1a: Jynx|Jynx, L79|265\/265
|move|p2a: Starmie|Blizzard|p1a: Jynx
|-resisted|p1a: Jynx
|-damage|p1a: Jynx|230\/265
|
|turn|11
|choice|move 3|move 4
|
|move|p2a: Starmie|Thunder Wave|p1a: Jynx
|-status|p1a: Jynx|par
|move|p1a: Jynx|Lovely Kiss|p2a: Starmie
|-status|p2a: Starmie|slp
|
|turn|12
|choice|move 1|move 2
|
|cant|p2a: Starmie|slp
|move|p1a: Jynx|Mimic|p2a: Starmie
|-start|p1a: Jynx|Mimic|Recover
|
|turn|13
|choice|move 4|move 2
|
|cant|p2a: Starmie|slp
|move|p1a: Jynx|Psychic|p2a: Starmie
|-resisted|p2a: Starmie
|-damage|p2a: Starmie|198\/257 slp
|
|turn|14
|choice|move 4|move 2
|
|cant|p2a: Starmie|slp
|cant|p1a: Jynx|par
|
|turn|15
|choice|move 4|move 2
|
|-curestatus|p2a: Starmie|slp
|cant|p1a: Jynx|par
|
|turn|16
|choice|move 3|move 2
|
|move|p2a: Starmie|Thunderbolt|p1a: Jynx
|-damage|p1a: Jynx|173\/265 par
|move|p1a: Jynx|Lovely Kiss|p2a: Starmie
|-status|p2a: Starmie|slp
|
|turn|17
|choice|move 4|move 2
|
|cant|p2a: Starmie|slp
|cant|p1a: Jynx|par
|
|turn|18
|choice|move 4|move 3
|
|cant|p2a: Starmie|slp
|move|p1a: Jynx|Psychic|p2a: Starmie
|-resisted|p2a: Starmie
|-damage|p2a: Starmie|159\/257 slp
|
|turn|19
|choice|move 1|move 3
|
|cant|p2a: Starmie|slp
|move|p1a: Jynx|Recover|p1a: Jynx
|-heal|p1a: Jynx|265\/265 par
|
|turn|20
|choice|move 4|move 3
|
|cant|p2a: Starmie|slp
|move|p1a: Jynx|Psychic|p2a: Starmie
|-resisted|p2a: Starmie
|-damage|p2a: Starmie|119\/257 slp
|
|turn|21
|choice|move 3|move 3
|
|cant|p2a: Starmie|slp
|cant|p1a: Jynx|par
|
|turn|22
|choice|move 3|move 3
|
|-curestatus|p2a: Starmie|slp
|move|p1a: Jynx|Lovely Kiss|p2a: Starmie
|-status|p2a: Starmie|slp
|
|turn|23
|choice|move 2|move 3
|
|cant|p2a: Starmie|slp
|cant|p1a: Jynx|par
|
|turn|24
|choice|move 2|move 3
|
|cant|p2a: Starmie|slp
|move|p1a: Jynx|Blizzard|p2a: Starmie
|-crit|p2a: Starmie
|-resisted|p2a: Starmie
|-damage|p2a: Starmie|22\/257 slp
|
|turn|25
|choice|move 4|move 1
|
|cant|p2a: Starmie|slp
|move|p1a: Jynx|Psychic|p2a: Starmie
|-resisted|p2a: Starmie
|-damage|p2a: Starmie|0 fnt
|faint|p2a: Starmie
|choice||switch 6
|
|switch|p2a: Machamp|Machamp, L90|345\/345
|turn|26
|choice|move 3|move 4
|
|move|p2a: Machamp|Submission|p1a: Jynx
|-crit|p1a: Jynx
|-damage|p1a: Jynx|0 fnt
|-damage|p2a: Machamp|279\/345|[from] recoil|[of] p1a: Jynx
|faint|p1a: Jynx
|choice|switch 2|
|
|switch|p1a: Kadabra|Kadabra, L85|190\/242
|turn|27
|choice|move 1|switch 2
|
|switch|p2a: Flareon|Flareon, L90|300\/300
|move|p1a: Kadabra|Psychic|p2a: Flareon
|-damage|p2a: Flareon|214\/300
|-unboost|p2a: Flareon|spd|1
|-unboost|p2a: Flareon|spa|1
|
|turn|28
|choice|switch 5|move 4
|
|switch|p1a: Krabby|Krabby, L96|166\/252
|move|p2a: Flareon|Fire Blast|p1a: Krabby
|-resisted|p1a: Krabby
|-damage|p1a: Krabby|81\/252
|
|turn|29
|choice|move 2|move 1
|
|move|p2a: Flareon|Hyper Beam|p1a: Krabby
|-damage|p1a: Krabby|0 fnt
|faint|p1a: Krabby
|choice|switch 3|
|
|switch|p1a: Charizard|Charizard, L85|306\/306
|turn|30
|choice|move 1|move 2
|
|move|p1a: Charizard|Swords Dance|p1a: Charizard
|-boost|p1a: Charizard|atk|2
|move|p2a: Flareon|Body Slam|p1a: Charizard
|-damage|p1a: Charizard|210\/306
|-status|p1a: Charizard|par
|
|turn|31
|choice|move 4|move 2
|
|move|p2a: Flareon|Body Slam|p1a: Charizard
|-damage|p1a: Charizard|117\/306 par
|move|p1a: Charizard|Earthquake|p2a: Flareon
|-supereffective|p2a: Flareon
|-damage|p2a: Flareon|0 fnt
|faint|p2a: Flareon
|choice||switch 3
|
|switch|p2a: Magneton|Magneton, L90|273\/273
|turn|32
|choice|move 4|move 1
|
|move|p2a: Magneton|Thunderbolt|p1a: Charizard
|-crit|p1a: Charizard
|-supereffective|p1a: Charizard
|-damage|p1a: Charizard|0 fnt
|faint|p1a: Charizard
|choice|switch 4|
|
|switch|p1a: Snorlax|Snorlax, L79|415\/415
|turn|33
|choice|move 1|move 3
|
|move|p2a: Magneton|Thunder Wave|p1a: Snorlax
|-status|p1a: Snorlax|par
|move|p1a: Snorlax|Amnesia|p1a: Snorlax
|-boost|p1a: Snorlax|spd|2
|-boost|p1a: Snorlax|spa|2
|
|turn|34
|choice|move 2|move 2
|
|move|p2a: Magneton|Double-Edge|p1a: Snorlax
|-crit|p1a: Snorlax
|-damage|p1a: Snorlax|269\/415 par
|-damage|p2a: Magneton|237\/273|[from] recoil|[of] p1a: Snorlax
|cant|p1a: Snorlax|par
|
|turn|35
|choice|move 2|move 2
|
|move|p2a: Magneton|Double-Edge|p1a: Snorlax
|-damage|p1a: Snorlax|188\/415 par
|-damage|p2a: Magneton|217\/273|[from] recoil|[of] p1a: Snorlax
|move|p1a: Snorlax|Earthquake|p2a: Magneton
|-supereffective|p2a: Magneton
|-damage|p2a: Magneton|102\/273
|
|turn|36
|choice|move 3|move 4
|
|move|p2a: Magneton|Hyper Beam|p1a: Snorlax|[miss]
|-miss|p2a: Magneton
|move|p1a: Snorlax|Rest|p1a: Snorlax
|-status|p1a: Snorlax|slp
|-heal|p1a: Snorlax|415\/415 slp|[silent]
|-status|p1a: Snorlax|slp|[from] move: Rest
|
|turn|37
|choice|move 2|move 1
|
|move|p2a: Magneton|Thunderbolt|p1a: Snorlax
|-damage|p1a: Snorlax|334\/415 slp
|cant|p1a: Snorlax|slp
|
|turn|38
|choice|move 2|move 1
|
|move|p2a: Magneton|Thunderbolt|p1a: Snorlax
|-damage|p1a: Snorlax|246\/415 slp
|-curestatus|p1a: Snorlax|slp
|
|turn|39
|choice|move 2|move 3
|
|move|p2a: Magneton|Thunder Wave|p1a: Snorlax
|-status|p1a: Snorlax|par
|move|p1a: Snorlax|Earthquake|p2a: Magneton
|-supereffective|p2a: Magneton
|-damage|p2a: Magneton|0 fnt
|faint|p2a: Magneton
|choice||switch 2
|
|switch|p2a: Machamp|Machamp, L90|279\/345
|turn|40
|choice|switch 6|move 4
|
|switch|p1a: Pinsir|Pinsir, L85|190\/284 par
|move|p2a: Machamp|Submission|p1a: Pinsir
|-resisted|p1a: Pinsir
|-damage|p1a: Pinsir|139\/284 par
|-damage|p2a: Machamp|267\/345|[from] recoil|[of] p1a: Pinsir
|
|turn|41
|choice|move 2|move 3
|
|move|p2a: Machamp|Earthquake|p1a: Pinsir
|-resisted|p1a: Pinsir
|-damage|p1a: Pinsir|96\/284 par
|move|p1a: Pinsir|Body Slam|p2a: Machamp
|-damage|p2a: Machamp|192\/345
|-status|p2a: Machamp|par
|
|turn|42
|choice|move 2|move 1
|
|cant|p1a: Pinsir|par
|move|p2a: Machamp|Hyper Beam|p1a: Pinsir
|-crit|p1a: Pinsir
|-damage|p1a: Pinsir|0 fnt
|faint|p1a: Pinsir
|choice|switch 5|
|
|switch|p1a: Kadabra|Kadabra, L85|190\/242
|turn|43
|choice|move 1|move 1
|
|move|p1a: Kadabra|Psychic|p2a: Machamp
|-supereffective|p2a: Machamp
|-damage|p2a: Machamp|0 fnt
|faint|p2a: Machamp
|choice||switch 4
|
|switch|p2a: Dodrio|Dodrio, L85|276\/276
|turn|44
|choice|switch 6|move 3
|
|switch|p1a: Snorlax|Snorlax, L79|246\/415 par
|move|p2a: Dodrio|Drill Peck|p1a: Snorlax
|-crit|p1a: Snorlax
|-damage|p1a: Snorlax|7\/415 par
|
|turn|45
|choice|move 4|move 4
|
|move|p2a: Dodrio|Body Slam|p1a: Snorlax
|-crit|p1a: Snorlax
|-damage|p1a: Snorlax|0 fnt
|faint|p1a: Snorlax
|choice|switch 6|
|
|switch|p1a: Kadabra|Kadabra, L85|190\/242
|turn|46
|choice|move 1|move 3
|
|move|p1a: Kadabra|Psychic|p2a: Dodrio
|-damage|p2a: Dodrio|126\/276
|-unboost|p2a: Dodrio|spd|1
|-unboost|p2a: Dodrio|spa|1
|move|p2a: Dodrio|Drill Peck|p1a: Kadabra
|-damage|p1a: Kadabra|16\/242
|
|turn|47
|choice|move 1|move 1
|
|move|p1a: Kadabra|Psychic|p2a: Dodrio
|-damage|p2a: Dodrio|0 fnt
|faint|p2a: Dodrio
|choice||switch 5
|
|switch|p2a: Muk|Muk, L90|372\/372
|turn|48
|choice|move 2|move 2
|
|move|p1a: Kadabra|Recover|p1a: Kadabra
|-heal|p1a: Kadabra|137\/242
|move|p2a: Muk|Body Slam|p1a: Kadabra
|-crit|p1a: Kadabra
|-damage|p1a: Kadabra|0 fnt
|faint|p1a: Kadabra
|
|win|MatiiasTB
|raw|trueWario's rating: 1490 &rarr; <strong>1456<\/strong><br \/>(-34 for losing)
|raw|MatiiasTB's rating: 1182 &rarr; <strong>1225<\/strong><br \/>(+43 for winning)
|l|trueWario
|player|p1