|join|XianJu
|join|ACpanda123
|player|p1|XianJu|130
|player|p2|ACpanda123|163
|gametype|singles
|gen|1
|tier|[Gen 1] Random Battle
|rated
|rule|Sleep Clause Mod: Limit one foe put to sleep
|rule|Freeze Clause Mod: Limit one foe frozen
|rule|HP Percentage Mod: HP is shown in percentages
|
|start
|switch|p1a: Hitmonlee|Hitmonlee, L90|273\/273
|switch|p2a: Dragonair|Dragonair, L85|277\/277
|turn|1
|
|move|p1a: Hitmonlee|Body Slam|p2a: Dragonair
|-damage|p2a: Dragonair|177\/277
|move|p2a: Dragonair|Thunder Wave|p1a: Hitmonlee
|-status|p1a: Hitmonlee|par
|
|turn|2
|
|move|p2a: Dragonair|Thunderbolt|p1a: Hitmonlee
|-crit|p1a: Hitmonlee
|-damage|p1a: Hitmonlee|105\/273 par
|move|p1a: Hitmonlee|Body Slam|p2a: Dragonair
|-crit|p2a: Dragonair
|-damage|p2a: Dragonair|6\/277
|
|turn|3
|
|move|p2a: Dragonair|Thunderbolt|p1a: Hitmonlee
|-damage|p1a: Hitmonlee|18\/273 par
|move|p1a: Hitmonlee|Body Slam|p2a: Dragonair
|-damage|p2a: Dragonair|0 fnt
|faint|p2a: Dragonair
|
|switch|p2a: Machamp|Machamp, L90|345\/345
|turn|4
|
|switch|p1a: Hypno|Hypno, L85|318\/318
|move|p2a: Machamp|Body Slam|p1a: Hypno
|-damage|p1a: Hypno|221\/318
|
|turn|5
|
|switch|p2a: Magneton|Magneton, L90|273\/273
|move|p1a: Hypno|Psychic|p2a: Magneton
|-damage|p2a: Magneton|185\/273
|
|turn|6
|
|move|p2a: Magneton|Thunderbolt|p1a: Hypno
|-damage|p1a: Hypno|119\/318
|move|p1a: Hypno|Hypnosis|p2a: Magneton
|-status|p2a: Magneton|slp
|
|turn|7
|
|switch|p1a: Pidgeotto|Pidgeotto, L90|297\/297
|cant|p2a: Magneton|slp
|
|turn|8
|
|move|p1a: Pidgeotto|Mimic|p2a: Magneton
|-start|p1a: Pidgeotto|Mimic|Mimic
|cant|p2a: Magneton|slp
|
|turn|9
|
|move|p1a: Pidgeotto|Double-Edge|p2a: Magneton
|-damage|p2a: Magneton|104\/273 slp
|-damage|p1a: Pidgeotto|277\/297|[from] recoil|[of] p2a: Magneton
|-curestatus|p2a: Magneton|slp
|
|turn|10
|c|★ACpanda123|hurry up dude
|
|switch|p1a: Nidoran-F|Nidoran-F, L96|300\/300
|move|p2a: Magneton|Thunderbolt|p1a: Nidoran-F
|-damage|p1a: Nidoran-F|105\/300
|
|turn|11
|
|move|p2a: Magneton|Hyper Beam|p1a: Nidoran-F
|-damage|p1a: Nidoran-F|0 fnt
|faint|p1a: Nidoran-F
|
|switch|p1a: Hypno|Hypno, L85|119\/318
|turn|12
|
|move|p2a: Magneton|Hyper Beam|p1a: Hypno
|-damage|p1a: Hypno|21\/318
|move|p1a: Hypno|Thunder Wave|p2a: Magneton
|-status|p2a: Magneton|par
|
|turn|13
|-mustrecharge|p2a: Magneton
|-mustrecharge|p2a: Magneton
|
|move|p1a: Hypno|Psychic|p2a: Magneton
|-damage|p2a: Magneton|26\/273 par
|-unboost|p2a: Magneton|spd|1
|-unboost|p2a: Magneton|spa|1
|cant|p2a: Magneton|recharge
|
|turn|14
|
|move|p1a: Hypno|Psychic|p2a: Magneton
|-damage|p2a: Magneton|0 fnt
|faint|p2a: Magneton
|
|switch|p2a: Vaporeon|Vaporeon, L85|395\/395
|turn|15
|-message|ACpanda123 forfeited.
|
|win|XianJu
|leave|ACpanda123
|player|p2
|raw|XianJu's rating: 1314 &rarr; <strong>1326<\/strong><br \/>(+12 for winning)
|raw|ACpanda123's rating: 1172 &rarr; <strong>1156<\/strong><br \/>(-16 for losing)