|j|fapkingg
|j|teal6
|player|p1|fapkingg|96
|player|p2|teal6|138
|gametype|singles
|gen|1
|tier|[Gen 1] OU
|seed|59305,52739,38661,31443
|rule|Sleep Clause Mod: Limit one foe put to sleep
|rule|Freeze Clause Mod: Limit one foe frozen
|rule|Species Clause: Limit one of each Pokémon
|rule|OHKO Clause: OHKO moves are banned
|rule|Evasion Moves Clause: Evasion moves are banned
|rule|HP Percentage Mod: HP is shown in percentages
|
|start
|switch|p1a: Gengar|Gengar|323\/323
|switch|p2a: Jynx|Jynx|333\/333
|turn|1
|c|★teal6|have fun bro
|c|★fa p kingg|you too!
|choice|move 1|move 2
|
|move|p1a: Gengar|Hypnosis|p2a: Jynx|[miss]
|-miss|p1a: Gengar
|move|p2a: Jynx|Lovely Kiss|p1a: Gengar|[miss]
|-miss|p2a: Jynx
|
|turn|2
|choice|move 1|move 2
|
|move|p1a: Gengar|Hypnosis|p2a: Jynx
|-status|p2a: Jynx|slp
|cant|p2a: Jynx|slp
|
|turn|3
|choice|move 3|switch 5
|
|switch|p2a: Exeggutor|Exeggutor|393\/393
|move|p1a: Gengar|Night Shade|p2a: Exeggutor
|-damage|p2a: Exeggutor|293\/393
|
|turn|4
|choice|move 4|move 2
|
|move|p1a: Gengar|Explosion|p2a: Exeggutor
|-damage|p2a: Exeggutor|54\/393
|faint|p1a: Gengar
|choice|switch 6|
|
|switch|p1a: Tauros|Tauros|353\/353
|turn|5
|choice|move 1|switch 5
|
|switch|p2a: Jynx|Jynx|333\/333 slp
|move|p1a: Tauros|Body Slam|p2a: Jynx
|-damage|p2a: Jynx|170\/333 slp
|
|turn|6
|choice|move 1|move 2
|
|move|p1a: Tauros|Body Slam|p2a: Jynx
|-damage|p2a: Jynx|9\/333 slp
|-curestatus|p2a: Jynx|slp
|
|turn|7
|choice|move 3|move 2
|
|move|p1a: Tauros|Earthquake|p2a: Jynx
|-damage|p2a: Jynx|0 fnt
|faint|p2a: Jynx
|choice||switch 2
|
|switch|p2a: Zapdos|Zapdos|383\/383
|turn|8
|choice|switch 4|move 4
|
|switch|p1a: Golem|Golem|363\/363
|move|p2a: Zapdos|Thunder Wave|p1a: Golem
|-immune|p1a: Golem|[msg]
|
|turn|9
|choice|move 1|switch 6
|
|switch|p2a: Chansey|Chansey|703\/703
|move|p1a: Golem|Body Slam|p2a: Chansey
|-damage|p2a: Chansey|508\/703
|
|turn|10
|choice|switch 3|move 1
|
|switch|p1a: Chansey|Chansey|703\/703
|move|p2a: Chansey|Ice Beam|p1a: Chansey
|-damage|p1a: Chansey|635\/703
|
|turn|11
|choice|move 1|move 1
|
|move|p2a: Chansey|Ice Beam|p1a: Chansey
|-damage|p1a: Chansey|565\/703
|move|p1a: Chansey|Ice Beam|p2a: Chansey
|-damage|p2a: Chansey|435\/703
|
|turn|12
|choice|move 1|move 1
|
|move|p1a: Chansey|Ice Beam|p2a: Chansey
|-damage|p2a: Chansey|356\/703
|-status|p2a: Chansey|frz
|cant|p2a: Chansey|frz
|
|turn|13
|choice|move 4|switch 4
|
|switch|p2a: Snorlax|Snorlax|523\/523
|move|p1a: Chansey|Thunder Wave|p2a: Snorlax
|-status|p2a: Snorlax|par
|
|turn|14
|choice|move 2|move 1
|
|move|p1a: Chansey|Reflect|p1a: Chansey
|-start|p1a: Chansey|Reflect
|move|p2a: Snorlax|Body Slam|p1a: Chansey
|-damage|p1a: Chansey|412\/703
|
|turn|15
|choice|move 3|move 1
|
|move|p1a: Chansey|Soft-Boiled|p1a: Chansey
|-heal|p1a: Chansey|703\/703
|cant|p2a: Snorlax|par
|
|turn|16
|choice|move 1|move 1
|
|move|p1a: Chansey|Ice Beam|p2a: Snorlax
|-damage|p2a: Snorlax|417\/523 par
|move|p2a: Snorlax|Body Slam|p1a: Chansey
|-damage|p1a: Chansey|568\/703
|
|turn|17
|choice|move 1|move 1
|
|move|p1a: Chansey|Ice Beam|p2a: Snorlax
|-damage|p2a: Snorlax|315\/523 par
|move|p2a: Snorlax|Body Slam|p1a: Chansey
|-damage|p1a: Chansey|420\/703
|
|turn|18
|choice|move 3|switch 5
|
|switch|p2a: Exeggutor|Exeggutor|54\/393
|move|p1a: Chansey|Soft-Boiled|p1a: Chansey
|-heal|p1a: Chansey|703\/703
|
|turn|19
|choice|switch 3|move 2
|
|switch|p1a: Golem|Golem|363\/363
|move|p2a: Exeggutor|Sleep Powder|p1a: Golem
|-status|p1a: Golem|slp
|
|turn|20
|choice|switch 2|move 4
|
|switch|p1a: Exeggutor|Exeggutor|393\/393
|move|p2a: Exeggutor|Stun Spore|p1a: Exeggutor
|-status|p1a: Exeggutor|par
|
|turn|21
|choice|switch 2|move 3
|
|switch|p1a: Golem|Golem|363\/363 slp
|move|p2a: Exeggutor|Explosion|p1a: Golem
|-resisted|p1a: Golem
|-damage|p1a: Golem|262\/363 slp
|faint|p2a: Exeggutor
|choice||switch 3
|
|switch|p2a: Tauros|Tauros|353\/353
|turn|22
|choice|switch 5|move 2
|
|switch|p1a: Snorlax|Snorlax|523\/523
|move|p2a: Tauros|Blizzard|p1a: Snorlax
|-damage|p1a: Snorlax|432\/523
|
|turn|23
|choice|move 1|move 2
|
|move|p2a: Tauros|Blizzard|p1a: Snorlax
|-damage|p1a: Snorlax|340\/523
|move|p1a: Snorlax|Body Slam|p2a: Tauros
|-damage|p2a: Tauros|238\/353
|
|turn|24
|choice|move 1|move 1
|
|move|p2a: Tauros|Body Slam|p1a: Snorlax
|-damage|p1a: Snorlax|214\/523
|move|p1a: Snorlax|Body Slam|p2a: Tauros
|-damage|p2a: Tauros|134\/353
|
|turn|25
|choice|switch 3|move 4
|
|switch|p1a: Chansey|Chansey|703\/703
|move|p2a: Tauros|Hyper Beam|p1a: Chansey
|-crit|p1a: Chansey
|-damage|p1a: Chansey|0 fnt
|faint|p1a: Chansey
|choice|switch 4|
|
|switch|p1a: Tauros|Tauros|353\/353
|turn|26
|choice|move 2|switch 4
|
|switch|p2a: Chansey|Chansey|356\/703 frz
|move|p1a: Tauros|Hyper Beam|p2a: Chansey
|-damage|p2a: Chansey|0 fnt
|faint|p2a: Chansey
|choice||switch 5
|
|switch|p2a: Snorlax|Snorlax|315\/523 par
|turn|27
|choice|switch 5|move 4
|
|switch|p1a: Golem|Golem|262\/363 slp
|move|p2a: Snorlax|Self-Destruct|p1a: Golem
|-crit|p1a: Golem
|-resisted|p1a: Golem
|-damage|p1a: Golem|0 fnt
|faint|p1a: Golem
|faint|p2a: Snorlax
|choice|switch 2|switch 6
|
|switch|p2a: Zapdos|Zapdos|383\/383
|switch|p1a: Exeggutor|Exeggutor|393\/393 par
|turn|28
|choice|move 4|move 3
|
|move|p2a: Zapdos|Drill Peck|p1a: Exeggutor
|-supereffective|p1a: Exeggutor
|-damage|p1a: Exeggutor|185\/393 par
|move|p1a: Exeggutor|Explosion|p2a: Zapdos
|-damage|p2a: Zapdos|89\/383
|faint|p1a: Exeggutor
|choice|switch 5|
|
|switch|p1a: Tauros|Tauros|353\/353
|turn|29
|choice|move 1|move 4
|
|move|p1a: Tauros|Body Slam|p2a: Zapdos
|-damage|p2a: Zapdos|0 fnt
|faint|p2a: Zapdos
|choice||switch 4
|
|switch|p2a: Tauros|Tauros|134\/353
|turn|30
|choice|move 2|move 2
|
|move|p1a: Tauros|Hyper Beam|p2a: Tauros
|-damage|p2a: Tauros|0 fnt
|faint|p2a: Tauros
|
|win|fapkingg
|c|★teal6|gg
|c|★fa p kingg|gg
|l|teal6
|player|p2