|join|MALESANI
|join|Casserou
|player|p1|MALESANI|238
|player|p2|Casserou|10
|gametype|singles
|gen|1
|tier|[Gen 1] Random Battle
|rated
|rule|Sleep Clause Mod: Limit one foe put to sleep
|rule|Freeze Clause Mod: Limit one foe frozen
|rule|HP Percentage Mod: HP is shown in percentages
|
|start
|switch|p1a: Poliwag|Poliwag, L96|272\/272
|switch|p2a: Magikarp|Magikarp, L99|240\/240
|turn|1
|
|move|p1a: Poliwag|Amnesia|p1a: Poliwag
|-boost|p1a: Poliwag|spd|2
|-boost|p1a: Poliwag|spa|2
|move|p2a: Magikarp|Dragon Rage|p1a: Poliwag
|-damage|p1a: Poliwag|232\/272
|
|turn|2
|
|move|p1a: Poliwag|Psychic|p2a: Magikarp
|-damage|p2a: Magikarp|72\/240
|move|p2a: Magikarp|Dragon Rage|p1a: Poliwag
|-damage|p1a: Poliwag|192\/272
|
|turn|3
|
|move|p1a: Poliwag|Amnesia|p1a: Poliwag
|-boost|p1a: Poliwag|spd|2
|-boost|p1a: Poliwag|spa|2
|move|p2a: Magikarp|Dragon Rage|p1a: Poliwag
|-damage|p1a: Poliwag|152\/272
|
|turn|4
|
|move|p1a: Poliwag|Psychic|p2a: Magikarp
|-damage|p2a: Magikarp|0 fnt
|faint|p2a: Magikarp
|
|switch|p2a: Mewtwo|Mewtwo, L70|293\/293
|turn|5
|
|move|p1a: Poliwag|Surf|p2a: Mewtwo
|-damage|p2a: Mewtwo|88\/293
|move|p2a: Mewtwo|Hyper Beam|p1a: Poliwag
|-damage|p1a: Poliwag|39\/272
|
|turn|6
|-mustrecharge|p2a: Mewtwo
|-mustrecharge|p2a: Mewtwo
|
|move|p1a: Poliwag|Surf|p2a: Mewtwo
|-damage|p2a: Mewtwo|0 fnt
|faint|p2a: Mewtwo
|
|switch|p2a: Zapdos|Zapdos, L79|304\/304
|turn|7
|
|move|p1a: Poliwag|Blizzard|p2a: Zapdos
|-crit|p2a: Zapdos
|-supereffective|p2a: Zapdos
|-damage|p2a: Zapdos|82\/304
|-status|p2a: Zapdos|frz
|cant|p2a: Zapdos|frz
|
|turn|8
|
|move|p1a: Poliwag|Amnesia|p1a: Poliwag
|-boost|p1a: Poliwag|spd|2
|-boost|p1a: Poliwag|spa|2
|cant|p2a: Zapdos|frz
|
|turn|9
|
|move|p1a: Poliwag|Psychic|p2a: Zapdos
|-damage|p2a: Zapdos|0 fnt
|faint|p2a: Zapdos
|
|switch|p2a: Dragonite|Dragonite, L85|328\/328
|turn|10
|
|move|p1a: Poliwag|Blizzard|p2a: Dragonite
|-supereffective|p2a: Dragonite
|-damage|p2a: Dragonite|0 fnt
|faint|p2a: Dragonite
|-message|Casserou forfeited.
|
|win|MALESANI
|raw|Ladder updating...
|leave|Casserou
|player|p2
|raw|Ladder (probably) updated, but score could not be retrieved (Response not received).
|raw|Ladder (probably) updated, but score could not be retrieved (socket hang up).