|j|IDRONDATA
|j|Groudon80
|player|p1|IDRONDATA|46
|player|p2|Groudon80|168
|gametype|singles
|gen|1
|tier|[Gen 1] OU
|rated
|seed|19672,9960,15572,9676
|rule|Sleep Clause Mod: Limit one foe put to sleep
|rule|Freeze Clause Mod: Limit one foe frozen
|rule|Species Clause: Limit one of each Pokémon
|rule|OHKO Clause: OHKO moves are banned
|rule|Evasion Moves Clause: Evasion moves are banned
|rule|HP Percentage Mod: HP is shown in percentages
|
|start
|switch|p1a: Gengar|Gengar|323\/323
|switch|p2a: Jynx|Jynx|333\/333
|turn|1
|choice|move 3|move 3
|
|move|p1a: Gengar|Hypnosis|p2a: Jynx
|-status|p2a: Jynx|slp
|-curestatus|p2a: Jynx|slp
|
|turn|2
|choice|move 1|move 3
|
|move|p1a: Gengar|Night Shade|p2a: Jynx
|-damage|p2a: Jynx|233\/333
|move|p2a: Jynx|Lovely Kiss|p1a: Gengar
|-status|p1a: Gengar|slp
|
|turn|3
|c|★IDRONDATA|lmao
|c|★IDRONDATA|legit
|choice|switch 2|move 1
|
|switch|p1a: Chansey|Chansey|703\/703
|move|p2a: Jynx|Psychic|p1a: Chansey
|-damage|p1a: Chansey|599\/703
|-unboost|p1a: Chansey|spd|1
|-unboost|p1a: Chansey|spa|1
|
|turn|4
|choice|move 2|switch 4
|
|switch|p2a: Putinha|Chansey|703\/703
|move|p1a: Chansey|Ice Beam|p2a: Putinha
|-crit|p2a: Putinha
|-damage|p2a: Putinha|564\/703
|
|turn|5
|choice|move 2|move 1
|
|move|p2a: Putinha|Ice Beam|p1a: Chansey
|-damage|p1a: Chansey|487\/703
|move|p1a: Chansey|Ice Beam|p2a: Putinha
|-crit|p2a: Putinha
|-damage|p2a: Putinha|416\/703
|
|turn|6
|choice|move 2|move 1
|
|move|p1a: Chansey|Ice Beam|p2a: Putinha
|-damage|p2a: Putinha|365\/703
|move|p2a: Putinha|Ice Beam|p1a: Chansey
|-crit|p1a: Chansey
|-damage|p1a: Chansey|332\/703
|
|turn|7
|choice|move 3|switch 3
|
|switch|p2a: Tiãozinho|Snorlax|523\/523
|move|p1a: Chansey|Soft-Boiled|p1a: Chansey
|-heal|p1a: Chansey|683\/703
|
|turn|8
|choice|move 4|move 1
|
|move|p1a: Chansey|Thunder Wave|p2a: Tiãozinho
|-status|p2a: Tiãozinho|par
|move|p2a: Tiãozinho|Body Slam|p1a: Chansey
|-damage|p1a: Chansey|398\/703
|
|turn|9
|choice|move 3|move 1
|
|move|p1a: Chansey|Soft-Boiled|p1a: Chansey
|-heal|p1a: Chansey|703\/703
|cant|p2a: Tiãozinho|par
|
|turn|10
|choice|switch 3|move 1
|
|switch|p1a: Golem|Golem|363\/363
|move|p2a: Tiãozinho|Body Slam|p1a: Golem
|-resisted|p1a: Golem
|-damage|p1a: Golem|318\/363
|-status|p1a: Golem|par
|
|turn|11
|choice|move 4|switch 2
|
|switch|p2a: Exeggutor|Exeggutor|393\/393
|move|p1a: Golem|Earthquake|p2a: Exeggutor
|-resisted|p2a: Exeggutor
|-damage|p2a: Exeggutor|321\/393
|
|turn|12
|choice|switch 4|switch 2
|
|switch|p2a: Tiãozinho|Snorlax|523\/523 par
|switch|p1a: Starmie|Starmie|323\/323
|
|turn|13
|j|Headonim
|choice|switch 3|move 1
|
|switch|p1a: Chansey|Chansey|703\/703
|move|p2a: Tiãozinho|Body Slam|p1a: Chansey
|-damage|p1a: Chansey|406\/703
|
|turn|14
|choice|move 3|move 1
|
|move|p1a: Chansey|Soft-Boiled|p1a: Chansey
|-heal|p1a: Chansey|703\/703
|move|p2a: Tiãozinho|Body Slam|p1a: Chansey
|-damage|p1a: Chansey|398\/703
|
|turn|15
|choice|move 3|move 1
|
|move|p1a: Chansey|Soft-Boiled|p1a: Chansey
|-heal|p1a: Chansey|703\/703
|move|p2a: Tiãozinho|Body Slam|p1a: Chansey
|-damage|p1a: Chansey|391\/703
|
|turn|16
|choice|move 3|move 1
|
|move|p1a: Chansey|Soft-Boiled|p1a: Chansey
|-heal|p1a: Chansey|703\/703
|move|p2a: Tiãozinho|Body Slam|p1a: Chansey
|-damage|p1a: Chansey|411\/703
|
|turn|17
|c|★IDRONDATA|ma diocane
|choice|move 3|move 1
|
|move|p1a: Chansey|Soft-Boiled|p1a: Chansey
|-heal|p1a: Chansey|703\/703
|move|p2a: Tiãozinho|Body Slam|p1a: Chansey
|-damage|p1a: Chansey|412\/703
|
|turn|18
|choice|move 3|move 1
|
|move|p1a: Chansey|Soft-Boiled|p1a: Chansey
|-heal|p1a: Chansey|703\/703
|move|p2a: Tiãozinho|Body Slam|p1a: Chansey
|-damage|p1a: Chansey|393\/703
|
|turn|19
|c| Headonim|Dai
|c| Headonim|Ci penso io
|c|★IDRONDATA|ti venisse un cancro
|c| Headonim|Para
|c|★IDRONDATA|al cervello
|c|★IDRONDATA|puttana la madonna in croce
|choice|move 3|move 1
|
|move|p1a: Chansey|Soft-Boiled|p1a: Chansey
|-heal|p1a: Chansey|703\/703
|move|p2a: Tiãozinho|Body Slam|p1a: Chansey
|-damage|p1a: Chansey|423\/703
|
|turn|20
|c| Headonim|E' troppo forte
|choice|move 3|move 1
|
|move|p1a: Chansey|Soft-Boiled|p1a: Chansey
|-heal|p1a: Chansey|703\/703
|move|p2a: Tiãozinho|Body Slam|p1a: Chansey
|-damage|p1a: Chansey|429\/703
|
|turn|21
|choice|move 3|move 1
|
|move|p1a: Chansey|Soft-Boiled|p1a: Chansey
|-heal|p1a: Chansey|703\/703
|move|p2a: Tiãozinho|Body Slam|p1a: Chansey
|-damage|p1a: Chansey|421\/703
|
|turn|22
|choice|switch 4|move 1
|
|switch|p1a: Golem|Golem|318\/363 par
|move|p2a: Tiãozinho|Body Slam|p1a: Golem
|-resisted|p1a: Golem
|-damage|p1a: Golem|277\/363 par
|
|turn|23
|c|★IDRONDATA|porco il dio che ti ha fatto nascere
|choice|move 1|switch 2
|
|switch|p2a: Exeggutor|Exeggutor|321\/393
|move|p1a: Golem|Rock Slide|p2a: Exeggutor
|-crit|p2a: Exeggutor
|-damage|p2a: Exeggutor|114\/393
|
|turn|24
|choice|switch 3|move 1
|
|switch|p1a: Starmie|Starmie|323\/323
|move|p2a: Exeggutor|Psychic|p1a: Starmie
|-resisted|p1a: Starmie
|-damage|p1a: Starmie|261\/323
|
|turn|25
|choice|switch 2|switch 3
|
|switch|p1a: Gengar|Gengar|323\/323 slp
|switch|p2a: Putinha|Chansey|365\/703
|
|turn|26
|choice|move 1|switch 6
|
|switch|p2a: Tauros|Tauros|353\/353
|cant|p1a: Gengar|slp
|
|turn|27
|choice|switch 2|move 1
|
|switch|p1a: Starmie|Starmie|261\/323
|move|p2a: Tauros|Body Slam|p1a: Starmie
|-damage|p1a: Starmie|151\/323
|-status|p1a: Starmie|par
|
|turn|28
|c|★IDRONDATA|niente
|c|★IDRONDATA|porcodio
|c| Headonim|Ma usano tutti quel team
|c|★IDRONDATA|ti venisse davvero
|c| Headonim|lol
|c|★IDRONDATA|un cancro al cervello
|choice|move 4|move 1
|
|move|p2a: Tauros|Body Slam|p1a: Starmie
|-damage|p1a: Starmie|43\/323 par
|move|p1a: Starmie|Thunder Wave|p2a: Tauros
|-status|p2a: Tauros|par
|
|turn|29
|choice|move 3|move 4
|
|move|p1a: Starmie|Recover|p1a: Starmie
|-heal|p1a: Starmie|204\/323 par
|move|p2a: Tauros|Hyper Beam|p1a: Starmie
|-damage|p1a: Starmie|22\/323 par
|
|turn|30
|-mustrecharge|p2a: Tauros
|c| Headonim|para su mie
|c| Headonim|y\/n
|-mustrecharge|p2a: Tauros
|choice|move 3|move 1
|
|move|p1a: Starmie|Recover|p1a: Starmie
|-heal|p1a: Starmie|183\/323 par
|cant|p2a: Tauros|recharge
|
|turn|31
|choice|move 2|switch 6
|
|switch|p2a: Putinha|Chansey|365\/703
|move|p1a: Starmie|Psychic|p2a: Putinha
|-damage|p2a: Putinha|258\/703
|-unboost|p2a: Putinha|spd|1
|-unboost|p2a: Putinha|spa|1
|
|turn|32
|choice|move 3|move 4
|
|move|p2a: Putinha|Thunderbolt|p1a: Starmie
|-supereffective|p1a: Starmie
|-damage|p1a: Starmie|87\/323 par
|cant|p1a: Starmie|par
|
|turn|33
|choice|move 3|move 4
|
|move|p2a: Putinha|Thunderbolt|p1a: Starmie
|-supereffective|p1a: Starmie
|-damage|p1a: Starmie|0 fnt
|faint|p1a: Starmie
|choice|switch 5|
|
|switch|p1a: Tauros|Tauros|353\/353
|turn|34
|choice|move 1|switch 5
|
|switch|p2a: Concha du mal|Cloyster|303\/303
|move|p1a: Tauros|Body Slam|p2a: Concha du mal
|-damage|p2a: Concha du mal|241\/303
|
|turn|35
|choice|move 1|move 1
|
|move|p1a: Tauros|Body Slam|p2a: Concha du mal
|-damage|p2a: Concha du mal|176\/303
|-status|p2a: Concha du mal|par
|move|p2a: Concha du mal|Blizzard|p1a: Tauros|[miss]
|-miss|p2a: Concha du mal
|
|turn|36
|choice|switch 4|move 3
|
|switch|p1a: Chansey|Chansey|421\/703
|move|p2a: Concha du mal|Explosion|p1a: Chansey
|-crit|p1a: Chansey
|-damage|p1a: Chansey|0 fnt
|faint|p1a: Chansey
|faint|p2a: Concha du mal
|choice|switch 4|switch 2
|
|switch|p1a: Tauros|Tauros|353\/353
|switch|p2a: Tiãozinho|Snorlax|523\/523 par
|turn|37
|choice|switch 3|move 2
|
|switch|p1a: Golem|Golem|277\/363 par
|cant|p2a: Tiãozinho|par
|
|turn|38
|choice|move 4|move 2
|
|move|p1a: Golem|Earthquake|p2a: Tiãozinho
|-damage|p2a: Tiãozinho|359\/523 par
|move|p2a: Tiãozinho|Earthquake|p1a: Golem
|-supereffective|p1a: Golem
|-damage|p1a: Golem|130\/363 par
|
|turn|39
|choice|move 2|switch 3
|
|switch|p2a: Exeggutor|Exeggutor|114\/393
|move|p1a: Golem|Explosion|p2a: Exeggutor
|-damage|p2a: Exeggutor|0 fnt
|faint|p2a: Exeggutor
|faint|p1a: Golem
|choice|switch 3|switch 3
|
|switch|p1a: Tauros|Tauros|353\/353
|switch|p2a: Tiãozinho|Snorlax|359\/523 par
|turn|40
|choice|switch 2|move 2
|
|switch|p1a: Gengar|Gengar|323\/323 slp
|move|p2a: Tiãozinho|Earthquake|p1a: Gengar
|-supereffective|p1a: Gengar
|-damage|p1a: Gengar|80\/323 slp
|
|turn|41
|choice|switch 6|move 1
|
|switch|p1a: Snorlax|Snorlax|523\/523
|cant|p2a: Tiãozinho|par
|
|turn|42
|choice|move 1|move 4
|
|move|p1a: Snorlax|Body Slam|p2a: Tiãozinho
|-damage|p2a: Tiãozinho|229\/523 par
|move|p2a: Tiãozinho|Counter|p1a: Snorlax
|-damage|p1a: Snorlax|263\/523
|
|turn|43
|choice|move 2|move 1
|
|move|p1a: Snorlax|Earthquake|p2a: Tiãozinho
|-damage|p2a: Tiãozinho|114\/523 par
|move|p2a: Tiãozinho|Body Slam|p1a: Snorlax
|-damage|p1a: Snorlax|119\/523
|
|turn|44
|choice|move 1|move 3
|
|move|p1a: Snorlax|Body Slam|p2a: Tiãozinho
|-damage|p2a: Tiãozinho|0 fnt
|faint|p2a: Tiãozinho
|choice||switch 4
|
|switch|p2a: Jynx|Jynx|233\/333
|turn|45
|choice|move 4|move 1
|
|move|p2a: Jynx|Psychic|p1a: Snorlax
|-damage|p1a: Snorlax|0 fnt
|faint|p1a: Snorlax
|choice|switch 2|
|
|switch|p1a: Tauros|Tauros|353\/353
|turn|46
|choice|move 4|move 2
|
|move|p1a: Tauros|Hyper Beam|p2a: Jynx
|-damage|p2a: Jynx|0 fnt
|faint|p2a: Jynx
|choice||switch 5
|
|switch|p2a: Putinha|Chansey|258\/703
|turn|47
|choice|move 4|move 2
|
|move|p1a: Tauros|Hyper Beam|p2a: Putinha
|-damage|p2a: Putinha|0 fnt
|faint|p2a: Putinha
|choice||switch 6
|
|switch|p2a: Tauros|Tauros|353\/353 par
|turn|48
|choice|move 1|move 1
|
|move|p1a: Tauros|Body Slam|p2a: Tauros
|-damage|p2a: Tauros|252\/353 par
|cant|p2a: Tauros|par
|
|turn|49
|choice|move 1|move 1
|
|move|p1a: Tauros|Body Slam|p2a: Tauros
|-crit|p2a: Tauros
|-damage|p2a: Tauros|53\/353 par
|move|p2a: Tauros|Body Slam|p1a: Tauros
|-damage|p1a: Tauros|242\/353
|
|turn|50
|-message|Groudon80 forfeited.
|
|win|IDRONDATA
|player|p1
|player|p2
|l|Groudon80
|c|★IDRONDATA|lmao
|l|Headonim
||Ladder (probably) updated, but score could not be retrieved (Response not received).
|j|Headonim
|j|GinoPavesino
|c|★IDRONDATA|This server isn't registered, and doesn't support uploading replays.
|l|GinoPavesino
|c|★IDRONDATA|rofl
|j|GinoPavesino