|j|smilzo
|j|marcoasd
|player|p1|smilzo|157
|player|p2|marcoasd|169
|gametype|singles
|gen|1
|tier|[Gen 1] OU
|seed|57471,27668,9819,31446
|rule|Sleep Clause Mod: Limit one foe put to sleep
|rule|Freeze Clause Mod: Limit one foe frozen
|rule|Species Clause: Limit one of each Pokémon
|rule|OHKO Clause: OHKO moves are banned
|rule|Evasion Moves Clause: Evasion moves are banned
|rule|HP Percentage Mod: HP is shown in percentages
|
|start
|switch|p1a: Starmie|Starmie|323\/323
|switch|p2a: Gengar|Gengar, M|323\/323
|turn|1
|c|★smilzo|ah
|c|★smilzo|rosso eh?
|c|★marcoasd|ROSSO E GIALLO PIU
|choice|move 2|switch 4
|
|switch|p2a: Alakazam|Alakazam, M|313\/313
|move|p1a: Starmie|Psychic|p2a: Alakazam
|-resisted|p2a: Alakazam
|-damage|p2a: Alakazam|268\/313
|
|turn|2
|c|★marcoasd|ROSANEROEBLU
|c|★marcoasd|dico giallo
|choice|switch 3|move 1
|
|switch|p1a: Exeggutor|Exeggutor|393\/393
|move|p2a: Alakazam|Thunder Wave|p1a: Exeggutor
|-status|p1a: Exeggutor|par
|
|turn|3
|choice|move 1|switch 3
|
|switch|p2a: Cloyster|Cloyster, M|303\/303
|cant|p1a: Exeggutor|par
|
|turn|4
|c|★smilzo|mm rude
|choice|switch 3|move 1
|
|switch|p1a: Starmie|Starmie|323\/323
|move|p2a: Cloyster|Blizzard|p1a: Starmie
|-resisted|p1a: Starmie
|-damage|p1a: Starmie|256\/323
|
|turn|5
|choice|move 3|switch 3
|
|switch|p2a: Alakazam|Alakazam, M|268\/313
|move|p1a: Starmie|Thunderbolt|p2a: Alakazam
|-damage|p2a: Alakazam|211\/313
|
|turn|6
|choice|switch 3|move 2
|
|switch|p1a: Exeggutor|Exeggutor|393\/393 par
|move|p2a: Alakazam|Psychic|p1a: Exeggutor
|-resisted|p1a: Exeggutor
|-damage|p1a: Exeggutor|337\/393 par
|-unboost|p1a: Exeggutor|spd|1
|-unboost|p1a: Exeggutor|spa|1
|
|turn|7
|choice|move 1|switch 4
|
|switch|p2a: Gengar|Gengar, M|323\/323
|move|p1a: Exeggutor|Sleep Powder|p2a: Gengar
|-status|p2a: Gengar|slp
|
|turn|8
|choice|move 2|move 2
|
|cant|p2a: Gengar|slp
|cant|p1a: Exeggutor|par
|
|turn|9
|choice|switch 3|switch 4
|
|switch|p2a: Alakazam|Alakazam, M|211\/313
|switch|p1a: Starmie|Starmie|256\/323
|
|turn|10
|choice|switch 4|move 1
|
|switch|p1a: Chansey|Chansey|703\/703
|move|p2a: Alakazam|Thunder Wave|p1a: Chansey
|-status|p1a: Chansey|par
|
|turn|11
|choice|move 1|move 2
|
|move|p2a: Alakazam|Psychic|p1a: Chansey
|-crit|p1a: Chansey
|-damage|p1a: Chansey|472\/703 par
|move|p1a: Chansey|Thunder Wave|p2a: Alakazam
|-status|p2a: Alakazam|par
|
|turn|12
|choice|move 4|move 3
|
|move|p2a: Alakazam|Reflect|p2a: Alakazam
|-start|p2a: Alakazam|Reflect
|move|p1a: Chansey|Soft-Boiled|p1a: Chansey
|-heal|p1a: Chansey|703\/703 par
|
|turn|13
|choice|move 2|move 4
|
|cant|p2a: Alakazam|par
|move|p1a: Chansey|Ice Beam|p2a: Alakazam
|-damage|p2a: Alakazam|144\/313 par
|
|turn|14
|choice|switch 3|move 4
|
|switch|p1a: Exeggutor|Exeggutor|337\/393 par
|move|p2a: Alakazam|Recover|p2a: Alakazam
|-heal|p2a: Alakazam|300\/313 par
|
|turn|15
|choice|move 3|move 2
|
|move|p2a: Alakazam|Psychic|p1a: Exeggutor
|-resisted|p1a: Exeggutor
|-damage|p1a: Exeggutor|286\/393 par
|move|p1a: Exeggutor|Psychic|p2a: Alakazam
|-resisted|p2a: Alakazam
|-damage|p2a: Alakazam|247\/313 par
|
|turn|16
|choice|move 3|move 2
|
|move|p2a: Alakazam|Psychic|p1a: Exeggutor
|-crit|p1a: Exeggutor
|-resisted|p1a: Exeggutor
|-damage|p1a: Exeggutor|177\/393 par
|cant|p1a: Exeggutor|par
|
|turn|17
|choice|move 3|move 4
|
|move|p2a: Alakazam|Recover|p2a: Alakazam
|-heal|p2a: Alakazam|313\/313 par
|move|p1a: Exeggutor|Psychic|p2a: Alakazam
|-resisted|p2a: Alakazam
|-damage|p2a: Alakazam|260\/313 par
|
|turn|18
|choice|move 3|move 2
|
|move|p2a: Alakazam|Psychic|p1a: Exeggutor
|-crit|p1a: Exeggutor
|-resisted|p1a: Exeggutor
|-damage|p1a: Exeggutor|63\/393 par
|-unboost|p1a: Exeggutor|spd|1
|-unboost|p1a: Exeggutor|spa|1
|cant|p1a: Exeggutor|par
|
|turn|19
|c|★smilzo|sob
|c|★marcoasd|reep
|choice|switch 3|move 2
|
|switch|p1a: Chansey|Chansey|703\/703 par
|move|p2a: Alakazam|Psychic|p1a: Chansey
|-damage|p1a: Chansey|574\/703 par
|
|turn|20
|choice|move 2|move 2
|
|move|p2a: Alakazam|Psychic|p1a: Chansey
|-damage|p1a: Chansey|442\/703 par
|move|p1a: Chansey|Ice Beam|p2a: Alakazam
|-damage|p2a: Alakazam|201\/313 par
|
|turn|21
|choice|move 4|move 2
|
|move|p2a: Alakazam|Psychic|p1a: Chansey
|-crit|p1a: Chansey
|-damage|p1a: Chansey|183\/703 par
|move|p1a: Chansey|Soft-Boiled|p1a: Chansey
|-heal|p1a: Chansey|534\/703 par
|
|turn|22
|choice|move 4|move 4
|
|move|p2a: Alakazam|Recover|p2a: Alakazam
|-heal|p2a: Alakazam|313\/313 par
|move|p1a: Chansey|Soft-Boiled|p1a: Chansey
|-heal|p1a: Chansey|703\/703 par
|
|turn|23
|choice|move 2|move 2
|
|cant|p2a: Alakazam|par
|move|p1a: Chansey|Ice Beam|p2a: Alakazam
|-damage|p2a: Alakazam|253\/313 par
|
|turn|24
|choice|move 2|move 2
|
|move|p2a: Alakazam|Psychic|p1a: Chansey
|-damage|p1a: Chansey|567\/703 par
|-unboost|p1a: Chansey|spd|1
|-unboost|p1a: Chansey|spa|1
|move|p1a: Chansey|Ice Beam|p2a: Alakazam
|-damage|p2a: Alakazam|211\/313 par
|
|turn|25
|choice|move 4|move 2
|
|cant|p2a: Alakazam|par
|move|p1a: Chansey|Soft-Boiled|p1a: Chansey
|-heal|p1a: Chansey|703\/703 par
|
|turn|26
|choice|move 2|move 2
|
|cant|p2a: Alakazam|par
|move|p1a: Chansey|Ice Beam|p2a: Alakazam
|-damage|p2a: Alakazam|167\/313 par
|
|turn|27
|choice|switch 3|move 4
|
|switch|p1a: Exeggutor|Exeggutor|63\/393 par
|move|p2a: Alakazam|Recover|p2a: Alakazam
|-heal|p2a: Alakazam|313\/313 par
|
|turn|28
|choice|move 3|move 2
|
|cant|p2a: Alakazam|par
|move|p1a: Exeggutor|Psychic|p2a: Alakazam
|-resisted|p2a: Alakazam
|-damage|p2a: Alakazam|264\/313 par
|-unboost|p2a: Alakazam|spd|1
|-unboost|p2a: Alakazam|spa|1
|
|turn|29
|choice|move 3|move 2
|
|move|p1a: Exeggutor|Psychic|p2a: Alakazam
|-resisted|p2a: Alakazam
|-damage|p2a: Alakazam|187\/313 par
|-unboost|p2a: Alakazam|spd|1
|-unboost|p2a: Alakazam|spa|1
|cant|p2a: Alakazam|par
|
|turn|30
|c|★smilzo|revenge
|choice|move 3|switch 4
|
|switch|p2a: Gengar|Gengar, M|323\/323 slp
|move|p1a: Exeggutor|Psychic|p2a: Gengar
|-supereffective|p2a: Gengar
|-damage|p2a: Gengar|99\/323 slp
|
|turn|31
|choice|move 3|switch 4
|
|switch|p2a: Alakazam|Alakazam, M|187\/313 par
|cant|p1a: Exeggutor|par
|
|turn|32
|choice|move 4|move 2
|
|cant|p2a: Alakazam|par
|move|p1a: Exeggutor|Explosion|p2a: Alakazam
|-damage|p2a: Alakazam|0 fnt
|faint|p2a: Alakazam
|faint|p1a: Exeggutor
|choice|switch 4|switch 6
|
|switch|p1a: Starmie|Starmie|256\/323
|switch|p2a: Snorlax|Snorlax, M|523\/523
|turn|33
|choice|switch 5|move 1
|
|switch|p1a: Snorlax|Snorlax|523\/523
|move|p2a: Snorlax|Body Slam|p1a: Snorlax
|-damage|p1a: Snorlax|382\/523
|
|turn|34
|choice|move 3|move 1
|
|move|p1a: Snorlax|Earthquake|p2a: Snorlax
|-damage|p2a: Snorlax|419\/523
|move|p2a: Snorlax|Body Slam|p1a: Snorlax
|-crit|p1a: Snorlax
|-damage|p1a: Snorlax|123\/523
|
|turn|35
|c|★smilzo|male
|choice|move 4|switch 4
|
|switch|p2a: Gengar|Gengar, M|99\/323 slp
|move|p1a: Snorlax|Self-Destruct|p2a: Gengar
|-immune|p2a: Gengar|[msg]
|faint|p1a: Snorlax
|choice|switch 5|
|
|switch|p1a: Starmie|Starmie|256\/323
|turn|36
|choice|move 2|switch 2
|
|switch|p2a: Chansey|Chansey|703\/703
|move|p1a: Starmie|Psychic|p2a: Chansey
|-damage|p2a: Chansey|602\/703
|-unboost|p2a: Chansey|spd|1
|-unboost|p2a: Chansey|spa|1
|
|turn|37
|choice|switch 3|move 3
|
|switch|p1a: Chansey|Chansey|703\/703 par
|move|p2a: Chansey|Ice Beam|p1a: Chansey
|-damage|p1a: Chansey|656\/703 par
|
|turn|38
|choice|move 2|switch 4
|
|switch|p2a: Snorlax|Snorlax, M|419\/523
|move|p1a: Chansey|Ice Beam|p2a: Snorlax
|-damage|p2a: Snorlax|323\/523
|
|turn|39
|choice|move 1|move 2
|
|move|p2a: Snorlax|Earthquake|p1a: Chansey
|-damage|p1a: Chansey|424\/703 par
|cant|p1a: Chansey|par
|
|turn|40
|choice|switch 3|move 2
|
|switch|p1a: Starmie|Starmie|256\/323
|move|p2a: Snorlax|Earthquake|p1a: Starmie
|-damage|p1a: Starmie|170\/323
|
|turn|41
|choice|move 4|move 3
|
|move|p1a: Starmie|Recover|p1a: Starmie
|-heal|p1a: Starmie|323\/323
|move|p2a: Snorlax|Hyper Beam|p1a: Starmie
|-damage|p1a: Starmie|132\/323
|
|turn|42
|-mustrecharge|p2a: Snorlax
|c|★marcoasd|la vigliaccata
|-mustrecharge|p2a: Snorlax
|choice|move 1|move 1
|
|move|p1a: Starmie|Thunder Wave|p2a: Snorlax
|-status|p2a: Snorlax|par
|cant|p2a: Snorlax|recharge
|
|turn|43
|c|★smilzo|mm
|choice|switch 2|move 4
|
|switch|p1a: Golem|Golem|363\/363
|move|p2a: Snorlax|Self-Destruct|p1a: Golem
|-resisted|p1a: Golem
|-damage|p1a: Golem|236\/363
|faint|p2a: Snorlax
|c|★marcoasd|esatto
|choice||switch 3
|
|switch|p2a: Cloyster|Cloyster, M|303\/303
|turn|44
|choice|switch 3|move 1
|
|switch|p1a: Chansey|Chansey|424\/703 par
|move|p2a: Cloyster|Blizzard|p1a: Chansey
|-damage|p1a: Chansey|306\/703 par
|
|turn|45
|choice|move 4|move 2
|
|move|p2a: Cloyster|Clamp|p1a: Chansey
|-damage|p1a: Chansey|272\/703 par
|-activate|p1a: Chansey|move: Clamp|[of] p2a: Cloyster
|cant|p1a: Chansey|partiallytrapped
|
|turn|46
|choice|switch 2|move 2
|
|switch|p1a: Starmie|Starmie|132\/323
|move|p2a: Cloyster|Clamp|p1a: Starmie
|-crit|p1a: Starmie
|-resisted|p1a: Starmie
|-damage|p1a: Starmie|94\/323
|-activate|p1a: Starmie|move: Clamp|[of] p2a: Cloyster
|
|turn|47
|choice|switch 2|move 2
|
|switch|p1a: Chansey|Chansey|272\/703 par
|move|p2a: Cloyster|Clamp|p1a: Chansey
|-damage|p1a: Chansey|234\/703 par
|-activate|p1a: Chansey|move: Clamp|[of] p2a: Cloyster
|
|turn|48
|choice|switch 2|move 2
|
|switch|p1a: Starmie|Starmie|94\/323
|move|p2a: Cloyster|Clamp|p1a: Starmie|[miss]
|-miss|p2a: Cloyster
|
|turn|49
|choice|move 4|move 1
|
|move|p1a: Starmie|Recover|p1a: Starmie
|-heal|p1a: Starmie|255\/323
|move|p2a: Cloyster|Blizzard|p1a: Starmie|[miss]
|-miss|p2a: Cloyster
|
|turn|50
|choice|move 1|switch 4
|
|switch|p2a: Chansey|Chansey|602\/703
|move|p1a: Starmie|Thunder Wave|p2a: Chansey
|-status|p2a: Chansey|par
|
|turn|51
|choice|switch 2|move 3
|
|switch|p1a: Chansey|Chansey|234\/703 par
|move|p2a: Chansey|Ice Beam|p1a: Chansey
|-damage|p1a: Chansey|154\/703 par
|
|turn|52
|choice|move 4|switch 5
|
|switch|p2a: Tauros|Tauros|353\/353
|move|p1a: Chansey|Soft-Boiled|p1a: Chansey
|-heal|p1a: Chansey|505\/703 par
|
|turn|53
|choice|move 1|move 2
|
|move|p2a: Tauros|Earthquake|p1a: Chansey
|-damage|p1a: Chansey|294\/703 par
|move|p1a: Chansey|Thunder Wave|p2a: Tauros
|-status|p2a: Tauros|par
|
|turn|54
|choice|move 3|move 1
|
|move|p2a: Tauros|Body Slam|p1a: Chansey
|-damage|p1a: Chansey|3\/703 par
|move|p1a: Chansey|Thunderbolt|p2a: Tauros
|-damage|p2a: Tauros|262\/353 par
|
|turn|55
|choice|move 3|move 1
|
|cant|p2a: Tauros|par
|move|p1a: Chansey|Thunderbolt|p2a: Tauros
|-damage|p2a: Tauros|161\/353 par
|
|turn|56
|choice|move 3|move 1
|
|move|p2a: Tauros|Body Slam|p1a: Chansey
|-damage|p1a: Chansey|0 fnt
|faint|p1a: Chansey
|j|LeInf
|choice|switch 6|
|
|switch|p1a: Tauros|Tauros|353\/353
|turn|57
|choice|move 4|switch 2
|
|switch|p2a: Gengar|Gengar, M|99\/323 slp
|move|p1a: Tauros|Hyper Beam|p2a: Gengar
|-immune|p2a: Gengar|[msg]
|
|turn|58
|choice|move 3|move 2
|
|cant|p2a: Gengar|slp
|move|p1a: Tauros|Earthquake|p2a: Gengar
|-supereffective|p2a: Gengar
|-damage|p2a: Gengar|0 fnt
|faint|p2a: Gengar
|choice||switch 4
|
|switch|p2a: Cloyster|Cloyster, M|303\/303
|turn|59
|choice|move 1|switch 5
|
|switch|p2a: Chansey|Chansey|602\/703 par
|move|p1a: Tauros|Body Slam|p2a: Chansey
|-damage|p2a: Chansey|351\/703 par
|
|turn|60
|choice|move 4|move 2
|
|move|p1a: Tauros|Hyper Beam|p2a: Chansey
|-damage|p2a: Chansey|0 fnt
|faint|p2a: Chansey
|choice||switch 5
|
|switch|p2a: Cloyster|Cloyster, M|303\/303
|turn|61
|choice|switch 2|move 1
|
|switch|p1a: Starmie|Starmie|255\/323
|move|p2a: Cloyster|Blizzard|p1a: Starmie
|-resisted|p1a: Starmie
|-damage|p1a: Starmie|187\/323
|
|turn|62
|choice|move 3|move 1
|
|move|p1a: Starmie|Thunderbolt|p2a: Cloyster
|-supereffective|p2a: Cloyster
|-damage|p2a: Cloyster|147\/303
|move|p2a: Cloyster|Blizzard|p1a: Starmie
|-crit|p1a: Starmie
|-resisted|p1a: Starmie
|-damage|p1a: Starmie|55\/323
|
|turn|63
|choice|move 3|switch 2
|
|switch|p2a: Tauros|Tauros|161\/353 par
|move|p1a: Starmie|Thunderbolt|p2a: Tauros
|-damage|p2a: Tauros|66\/353 par
|
|turn|64
|choice|move 3|move 1
|
|move|p1a: Starmie|Thunderbolt|p2a: Tauros
|-damage|p2a: Tauros|0 fnt
|faint|p2a: Tauros
|c|★marcoasd|gg
|c|★smilzo|gg
|choice||switch 2
|
|switch|p2a: Cloyster|Cloyster, M|147\/303
|turn|65
|choice|move 3|move 1
|
|move|p1a: Starmie|Thunderbolt|p2a: Cloyster
|-supereffective|p2a: Cloyster
|-damage|p2a: Cloyster|0 fnt
|faint|p2a: Cloyster
|
|win|smilzo
|player|p1
|player|p2