|j|GlintGecko
|j|Golden Gyarados
|player|p1|GlintGecko|101
|player|p2|Golden Gyarados|37
|gametype|singles
|gen|1
|tier|[Gen 1] OU
|rated
|seed|
|rule|Sleep Clause Mod: Limit one foe put to sleep
|rule|Freeze Clause Mod: Limit one foe frozen
|rule|Species Clause: Limit one of each Pokémon
|rule|OHKO Clause: OHKO moves are banned
|rule|Evasion Moves Clause: Evasion moves are banned
|rule|HP Percentage Mod: HP is shown in percentages
|
|start
|switch|p1a: Alakazam|Alakazam|100\/100
|switch|p2a: Jynx|Jynx|100\/100
|turn|1
|choice||
|
|move|p1a: Alakazam|Thunder Wave|p2a: Jynx
|-status|p2a: Jynx|par
|move|p2a: Jynx|Lovely Kiss|p1a: Alakazam
|-status|p1a: Alakazam|slp
|
|turn|2
|choice||
|
|switch|p1a: Lapras|Lapras|100\/100
|move|p2a: Jynx|Blizzard|p1a: Lapras
|-crit|p1a: Lapras
|-resisted|p1a: Lapras
|-damage|p1a: Lapras|86\/100
|
|turn|3
|choice||
|
|switch|p2a: Chansey|Chansey|100\/100
|move|p1a: Lapras|Confuse Ray|p2a: Chansey
|-start|p2a: Chansey|confusion
|
|turn|4
|choice||
|
|switch|p1a: Chansey|Chansey|100\/100
|-activate|p2a: Chansey|confusion
|-damage|p2a: Chansey|98\/100|[from] confusion
|
|turn|5
|choice||
|
|-activate|p2a: Chansey|confusion
|move|p2a: Chansey|Ice Beam|p1a: Chansey
|-damage|p1a: Chansey|90\/100
|move|p1a: Chansey|Sing|p2a: Chansey|[miss]
|-miss|p1a: Chansey
|
|turn|6
|choice||
|
|switch|p2a: Jynx|Jynx|100\/100 par
|switch|p1a: Snorlax|Snorlax|100\/100
|
|turn|7
|choice||
|
|move|p1a: Snorlax|Body Slam|p2a: Jynx
|-damage|p2a: Jynx|40\/100 par
|move|p2a: Jynx|Counter|p1a: Snorlax
|-damage|p1a: Snorlax|23\/100
|
|turn|8
|choice||
|
|switch|p2a: Golem|Golem, M|100\/100
|move|p1a: Snorlax|Rest|p1a: Snorlax
|-status|p1a: Snorlax|slp
|-heal|p1a: Snorlax|100\/100 slp|[silent]
|-status|p1a: Snorlax|slp|[from] move: Rest
|
|turn|9
|choice||
|
|switch|p1a: Starmie|Starmie|100\/100
|move|p2a: Golem|Earthquake|p1a: Starmie
|-damage|p1a: Starmie|55\/100
|
|turn|10
|choice||
|
|switch|p2a: Chansey|Chansey|98\/100
|move|p1a: Starmie|Recover|p1a: Starmie
|-heal|p1a: Starmie|100\/100
|
|turn|11
|choice||
|
|switch|p1a: Chansey|Chansey|90\/100
|move|p2a: Chansey|Ice Beam|p1a: Chansey
|-damage|p1a: Chansey|80\/100
|
|turn|12
|choice||
|
|switch|p2a: Jynx|Jynx|40\/100 par
|move|p1a: Chansey|Sing|p2a: Jynx
|-fail|p2a: Jynx
|
|turn|13
|choice||
|
|switch|p2a: Chansey|Chansey|98\/100
|move|p1a: Chansey|Seismic Toss|p2a: Chansey
|-damage|p2a: Chansey|84\/100
|
|turn|14
|choice||
|
|move|p1a: Chansey|Sing|p2a: Chansey
|-status|p2a: Chansey|slp
|-curestatus|p2a: Chansey|slp
|
|turn|15
|choice||
|
|switch|p2a: Jynx|Jynx|40\/100 par
|move|p1a: Chansey|Sing|p2a: Jynx
|-fail|p2a: Jynx
|
|turn|16
|choice||
|
|move|p1a: Chansey|Seismic Toss|p2a: Jynx
|-damage|p2a: Jynx|10\/100 par
|move|p2a: Jynx|Blizzard|p1a: Chansey|[miss]
|-miss|p2a: Jynx
|
|turn|17
|choice||
|
|move|p1a: Chansey|Seismic Toss|p2a: Jynx
|-damage|p2a: Jynx|0 fnt
|faint|p2a: Jynx
|choice||
|
|switch|p2a: Exeggutor|Exeggutor, M|100\/100
|turn|18
|choice||
|
|move|p2a: Exeggutor|Stun Spore|p1a: Chansey
|-status|p1a: Chansey|par
|move|p1a: Chansey|Thunder Wave|p2a: Exeggutor
|-status|p2a: Exeggutor|par
|
|turn|19
|choice||
|
|switch|p1a: Lapras|Lapras|86\/100
|move|p2a: Exeggutor|Psychic|p1a: Lapras
|-damage|p1a: Lapras|59\/100
|
|turn|20
|choice||
|
|switch|p2a: Chansey|Chansey|84\/100
|move|p1a: Lapras|Blizzard|p2a: Chansey
|-crit|p2a: Chansey
|-damage|p2a: Chansey|48\/100
|
|turn|21
|choice||
|
|switch|p1a: Snorlax|Snorlax|100\/100 slp
|move|p2a: Chansey|Soft-Boiled|p2a: Chansey
|-heal|p2a: Chansey|98\/100
|
|turn|22
|choice||
|
|move|p2a: Chansey|Thunderbolt|p1a: Snorlax
|-damage|p1a: Snorlax|80\/100 slp
|cant|p1a: Snorlax|slp
|
|turn|23
|choice||
|
|move|p2a: Chansey|Thunderbolt|p1a: Snorlax
|-crit|p1a: Snorlax
|-damage|p1a: Snorlax|40\/100 slp
|-curestatus|p1a: Snorlax|slp
|
|turn|24
|choice||
|
|move|p2a: Chansey|Thunderbolt|p1a: Snorlax
|-damage|p1a: Snorlax|20\/100
|move|p1a: Snorlax|Rest|p1a: Snorlax
|-status|p1a: Snorlax|slp
|-heal|p1a: Snorlax|100\/100 slp|[silent]
|-status|p1a: Snorlax|slp|[from] move: Rest
|
|turn|25
|choice||
|
|move|p2a: Chansey|Thunderbolt|p1a: Snorlax
|-crit|p1a: Snorlax
|-damage|p1a: Snorlax|65\/100 slp
|cant|p1a: Snorlax|slp
|
|turn|26
|choice||
|
|move|p2a: Chansey|Thunderbolt|p1a: Snorlax
|-damage|p1a: Snorlax|44\/100 slp
|-curestatus|p1a: Snorlax|slp
|
|turn|27
|choice||
|
|switch|p2a: Tauros|Tauros|100\/100
|move|p1a: Snorlax|Rest|p1a: Snorlax
|-status|p1a: Snorlax|slp
|-heal|p1a: Snorlax|100\/100 slp|[silent]
|-status|p1a: Snorlax|slp|[from] move: Rest
|
|turn|28
|choice||
|
|switch|p1a: Starmie|Starmie|100\/100
|move|p2a: Tauros|Body Slam|p1a: Starmie
|-crit|p1a: Starmie
|-damage|p1a: Starmie|35\/100
|-status|p1a: Starmie|par
|
|turn|29
|choice||
|
|move|p2a: Tauros|Body Slam|p1a: Starmie
|-damage|p1a: Starmie|3\/100 par
|move|p1a: Starmie|Recover|p1a: Starmie
|-heal|p1a: Starmie|53\/100 par
|
|turn|30
|choice||
|
|move|p2a: Tauros|Body Slam|p1a: Starmie
|-damage|p1a: Starmie|17\/100 par
|cant|p1a: Starmie|par
|
|turn|31
|choice||
|
|move|p2a: Tauros|Body Slam|p1a: Starmie
|-damage|p1a: Starmie|0 fnt
|faint|p1a: Starmie
|choice||
|
|switch|p1a: Tauros|Tauros|100\/100
|turn|32
|choice||
|
|move|p2a: Tauros|Body Slam|p1a: Tauros
|-damage|p1a: Tauros|70\/100
|move|p1a: Tauros|Body Slam|p2a: Tauros
|-crit|p2a: Tauros
|-damage|p2a: Tauros|42\/100
|
|turn|33
|choice||
|
|move|p1a: Tauros|Blizzard|p2a: Tauros
|-damage|p2a: Tauros|14\/100
|move|p2a: Tauros|Hyper Beam|p1a: Tauros|[miss]
|-miss|p2a: Tauros
|
|turn|34
|choice||
|
|move|p1a: Tauros|Body Slam|p2a: Tauros
|-damage|p2a: Tauros|0 fnt
|faint|p2a: Tauros
|choice||
|
|switch|p2a: Zapdos|Zapdos|100\/100
|turn|35
|choice||
|
|move|p1a: Tauros|Blizzard|p2a: Zapdos
|-supereffective|p2a: Zapdos
|-damage|p2a: Zapdos|64\/100
|move|p2a: Zapdos|Thunder Wave|p1a: Tauros
|-status|p1a: Tauros|par
|
|turn|36
|choice||
|
|switch|p2a: Chansey|Chansey|98\/100
|move|p1a: Tauros|Blizzard|p2a: Chansey|[miss]
|-miss|p1a: Tauros
|
|turn|37
|choice||
|
|move|p2a: Chansey|Thunderbolt|p1a: Tauros
|-damage|p1a: Tauros|42\/100 par
|cant|p1a: Tauros|par
|
|turn|38
|choice||
|
|switch|p1a: Chansey|Chansey|80\/100 par
|move|p2a: Chansey|Thunderbolt|p1a: Chansey
|-damage|p1a: Chansey|68\/100 par
|
|turn|39
|choice||
|
|move|p2a: Chansey|Thunderbolt|p1a: Chansey
|-damage|p1a: Chansey|58\/100 par
|move|p1a: Chansey|Soft-Boiled|p1a: Chansey
|-heal|p1a: Chansey|100\/100 par
|
|turn|40
|choice||
|
|switch|p2a: Golem|Golem, M|100\/100
|cant|p1a: Chansey|par
|
|turn|41
|choice||
|
|move|p2a: Golem|Rock Slide|p1a: Chansey|[miss]
|-miss|p2a: Golem
|move|p1a: Chansey|Sing|p2a: Golem
|-status|p2a: Golem|slp
|
|turn|42
|choice||
|
|switch|p2a: Exeggutor|Exeggutor, M|100\/100 par
|switch|p1a: Tauros|Tauros|42\/100 par
|
|turn|43
|choice||
|
|cant|p1a: Tauros|par
|move|p2a: Exeggutor|Psychic|p1a: Tauros
|-damage|p1a: Tauros|0 fnt
|faint|p1a: Tauros
|choice||
|
|switch|p1a: Lapras|Lapras|59\/100
|turn|44
|choice||
|
|switch|p2a: Chansey|Chansey|98\/100
|move|p1a: Lapras|Blizzard|p2a: Chansey
|-damage|p2a: Chansey|80\/100
|
|turn|45
|choice||
|
|switch|p1a: Chansey|Chansey|100\/100 par
|move|p2a: Chansey|Thunderbolt|p1a: Chansey
|-damage|p1a: Chansey|90\/100 par
|
|turn|46
|choice||
|
|move|p2a: Chansey|Thunderbolt|p1a: Chansey
|-crit|p1a: Chansey
|-damage|p1a: Chansey|69\/100 par
|cant|p1a: Chansey|par
|
|turn|47
|choice||
|
|move|p2a: Chansey|Thunderbolt|p1a: Chansey
|-crit|p1a: Chansey
|-damage|p1a: Chansey|49\/100 par
|move|p1a: Chansey|Soft-Boiled|p1a: Chansey
|-heal|p1a: Chansey|99\/100 par
|
|turn|48
|choice||
|
|move|p2a: Chansey|Thunder Wave|p1a: Chansey
|-fail|p1a: Chansey|par
|move|p1a: Chansey|Thunder Wave|p2a: Chansey
|-status|p2a: Chansey|par
|
|turn|49
|choice||
|
|move|p1a: Chansey|Seismic Toss|p2a: Chansey
|-damage|p2a: Chansey|66\/100 par
|move|p2a: Chansey|Thunder Wave|p1a: Chansey
|-fail|p1a: Chansey|par
|
|turn|50
|choice||
|
|switch|p1a: Alakazam|Alakazam|100\/100 slp
|move|p2a: Chansey|Soft-Boiled|p2a: Chansey
|-heal|p2a: Chansey|100\/100 par
|
|turn|51
|choice||
|
|switch|p2a: Zapdos|Zapdos|64\/100
|cant|p1a: Alakazam|slp
|
|turn|52
|choice||
|
|cant|p1a: Alakazam|slp
|move|p2a: Zapdos|Drill Peck|p1a: Alakazam
|-damage|p1a: Alakazam|54\/100 slp
|
|turn|53
|choice||
|
|cant|p1a: Alakazam|slp
|move|p2a: Zapdos|Drill Peck|p1a: Alakazam
|-damage|p1a: Alakazam|10\/100 slp
|
|turn|54
|choice||
|
|switch|p1a: Chansey|Chansey|99\/100 par
|move|p2a: Zapdos|Thunderbolt|p1a: Chansey
|-damage|p1a: Chansey|80\/100 par
|
|turn|55
|choice||
|
|switch|p2a: Chansey|Chansey|100\/100 par
|move|p1a: Chansey|Thunder Wave|p2a: Chansey
|-fail|p2a: Chansey|par
|
|turn|56
|choice||
|
|move|p2a: Chansey|Ice Beam|p1a: Chansey
|-damage|p1a: Chansey|69\/100 par
|cant|p1a: Chansey|par
|
|turn|57
|choice||
|
|move|p2a: Chansey|Ice Beam|p1a: Chansey
|-crit|p1a: Chansey
|-damage|p1a: Chansey|50\/100 par
|move|p1a: Chansey|Soft-Boiled|p1a: Chansey
|-heal|p1a: Chansey|99\/100 par
|
|turn|58
|choice||
|
|switch|p1a: Snorlax|Snorlax|100\/100 slp
|cant|p2a: Chansey|par
|
|turn|59
|choice||
|
|switch|p2a: Zapdos|Zapdos|64\/100
|cant|p1a: Snorlax|slp
|
|turn|60
|choice||
|
|move|p2a: Zapdos|Thunderbolt|p1a: Snorlax
|-damage|p1a: Snorlax|67\/100 slp
|-curestatus|p1a: Snorlax|slp
|
|turn|61
|choice||
|
|move|p2a: Zapdos|Thunderbolt|p1a: Snorlax
|-damage|p1a: Snorlax|32\/100
|move|p1a: Snorlax|Body Slam|p2a: Zapdos
|-crit|p2a: Zapdos
|-damage|p2a: Zapdos|0 fnt
|faint|p2a: Zapdos
|choice||
|
|switch|p2a: Exeggutor|Exeggutor, M|100\/100 par
|turn|62
|j|Diegolh
|choice||
|
|switch|p1a: Chansey|Chansey|99\/100 par
|cant|p2a: Exeggutor|par
|
|turn|63
|choice||
|
|switch|p2a: Chansey|Chansey|100\/100 par
|move|p1a: Chansey|Seismic Toss|p2a: Chansey
|-damage|p2a: Chansey|86\/100 par
|
|turn|64
|choice||
|
|switch|p2a: Exeggutor|Exeggutor, M|100\/100 par
|move|p1a: Chansey|Seismic Toss|p2a: Exeggutor
|-damage|p2a: Exeggutor|75\/100 par
|
|turn|65
|choice||
|
|cant|p2a: Exeggutor|par
|move|p1a: Chansey|Seismic Toss|p2a: Exeggutor
|-damage|p2a: Exeggutor|50\/100 par
|
|turn|66
|choice||
|
|move|p2a: Exeggutor|Psychic|p1a: Chansey
|-damage|p1a: Chansey|84\/100 par
|move|p1a: Chansey|Seismic Toss|p2a: Exeggutor
|-damage|p2a: Exeggutor|24\/100 par
|
|turn|67
|choice||
|
|switch|p1a: Alakazam|Alakazam|10\/100 slp
|move|p2a: Exeggutor|Psychic|p1a: Alakazam
|-resisted|p1a: Alakazam
|-damage|p1a: Alakazam|0 fnt
|faint|p1a: Alakazam
|choice||
|
|switch|p1a: Snorlax|Snorlax|32\/100
|turn|68
|choice||
|
|switch|p2a: Golem|Golem, M|100\/100 slp
|move|p1a: Snorlax|Body Slam|p2a: Golem
|-resisted|p2a: Golem
|-damage|p2a: Golem|89\/100 slp
|
|turn|69
|choice||
|
|cant|p2a: Golem|slp
|move|p1a: Snorlax|Reflect|p1a: Snorlax
|-start|p1a: Snorlax|Reflect
|
|turn|70
|choice||
|
|cant|p2a: Golem|slp
|move|p1a: Snorlax|Rest|p1a: Snorlax
|-status|p1a: Snorlax|slp
|-heal|p1a: Snorlax|100\/100 slp|[silent]
|-status|p1a: Snorlax|slp|[from] move: Rest
|
|turn|71
|choice||
|
|cant|p2a: Golem|slp
|cant|p1a: Snorlax|slp
|
|turn|72
|choice||
|
|-curestatus|p2a: Golem|slp
|-curestatus|p1a: Snorlax|slp
|
|turn|73
|choice||
|
|move|p2a: Golem|Earthquake|p1a: Snorlax
|-damage|p1a: Snorlax|85\/100
|move|p1a: Snorlax|Body Slam|p2a: Golem
|-resisted|p2a: Golem
|-damage|p2a: Golem|77\/100
|
|turn|74
|choice||
|
|move|p2a: Golem|Earthquake|p1a: Snorlax
|-damage|p1a: Snorlax|70\/100
|move|p1a: Snorlax|Body Slam|p2a: Golem
|-resisted|p2a: Golem
|-damage|p2a: Golem|64\/100
|
|turn|75
|choice||
|
|move|p2a: Golem|Earthquake|p1a: Snorlax
|-damage|p1a: Snorlax|55\/100
|move|p1a: Snorlax|Body Slam|p2a: Golem
|-resisted|p2a: Golem
|-damage|p2a: Golem|51\/100
|
|turn|76
|j|MexBakker
|choice||
|
|move|p2a: Golem|Earthquake|p1a: Snorlax
|-damage|p1a: Snorlax|39\/100
|move|p1a: Snorlax|Body Slam|p2a: Golem
|-resisted|p2a: Golem
|-damage|p2a: Golem|38\/100
|
|turn|77
|choice||
|
|move|p2a: Golem|Earthquake|p1a: Snorlax
|-damage|p1a: Snorlax|23\/100
|move|p1a: Snorlax|Rest|p1a: Snorlax
|-status|p1a: Snorlax|slp
|-heal|p1a: Snorlax|100\/100 slp|[silent]
|-status|p1a: Snorlax|slp|[from] move: Rest
|
|turn|78
|choice||
|
|switch|p2a: Exeggutor|Exeggutor, M|24\/100 par
|cant|p1a: Snorlax|slp
|
|turn|79
|choice||
|
|-curestatus|p1a: Snorlax|slp
|move|p2a: Exeggutor|Sleep Powder|p1a: Snorlax
|-status|p1a: Snorlax|slp
|
|turn|80
|choice||
|
|-curestatus|p1a: Snorlax|slp
|move|p2a: Exeggutor|Psychic|p1a: Snorlax
|-damage|p1a: Snorlax|71\/100
|-unboost|p1a: Snorlax|spd|1
|-unboost|p1a: Snorlax|spa|1
|
|turn|81
|j|bgnnr1
|l|bgnnr1
|choice||
|
|move|p1a: Snorlax|Body Slam|p2a: Exeggutor
|-damage|p2a: Exeggutor|0 fnt
|faint|p2a: Exeggutor
|choice||
|
|switch|p2a: Chansey|Chansey|86\/100 par
|turn|82
|choice||
|
|move|p1a: Snorlax|Self-Destruct|p2a: Chansey
|-damage|p2a: Chansey|0 fnt
|faint|p2a: Chansey
|faint|p1a: Snorlax
|choice||
|
|switch|p1a: Lapras|Lapras|59\/100
|switch|p2a: Golem|Golem, M|38\/100
|turn|83
|choice||
|
|move|p1a: Lapras|Blizzard|p2a: Golem
|-supereffective|p2a: Golem
|-damage|p2a: Golem|0 fnt
|faint|p2a: Golem
|
|win|GlintGecko
|player|p1
|player|p2
|raw|GlintGecko's rating: 1352 &rarr; <strong>1383<\/strong><br \/>(+31 for winning)
|raw|Golden Gyarados's rating: 1561 &rarr; <strong>1530<\/strong><br \/>(-31 for losing)
|l|GlintGecko
|l|Golden Gyarados