|j|EL FAPPER
|j|qsns
|player|p1|EL FAPPER|96
|player|p2|qsns|182
|gametype|singles
|gen|1
|tier|[Gen 1] OU
|seed|13790,3474,53134,1727
|rule|Sleep Clause Mod: Limit one foe put to sleep
|rule|Freeze Clause Mod: Limit one foe frozen
|rule|Species Clause: Limit one of each Pokémon
|rule|OHKO Clause: OHKO moves are banned
|rule|Evasion Moves Clause: Evasion moves are banned
|rule|HP Percentage Mod: HP is shown in percentages
|
|start
|switch|p1a: Alakazam|Alakazam|313\/313
|switch|p2a: Jynx|Jynx|333\/333
|turn|1
|c|★qsns|hf
|c|★EL FAPPER|you too
|choice|move 4|move 2
|
|move|p1a: Alakazam|Thunder Wave|p2a: Jynx
|-status|p2a: Jynx|par
|cant|p2a: Jynx|par
|
|turn|2
|l|qsns
|player|p2
|j|qsns
|player|p2|qsns|182
|c|★qsns|sry
|choice|move 3|move 2
|
|move|p1a: Alakazam|Seismic Toss|p2a: Jynx
|-damage|p2a: Jynx|233\/333 par
|cant|p2a: Jynx|par
|
|turn|3
|c|★EL FAPPER|I also dc'ed haha
|c|★qsns|o lol
|choice|move 3|move 2
|
|move|p1a: Alakazam|Seismic Toss|p2a: Jynx
|-damage|p2a: Jynx|133\/333 par
|move|p2a: Jynx|Lovely Kiss|p1a: Alakazam
|-status|p1a: Alakazam|slp
|
|turn|4
|choice|switch 5|move 3
|
|switch|p1a: Snorlax|Snorlax|523\/523
|move|p2a: Jynx|Rest|p2a: Jynx
|-status|p2a: Jynx|slp
|-heal|p2a: Jynx|333\/333 slp|[silent]
|-status|p2a: Jynx|slp|[from] move: Rest
|
|turn|5
|choice|move 1|switch 5
|
|switch|p2a: Exeggutor|Exeggutor|393\/393
|move|p1a: Snorlax|Body Slam|p2a: Exeggutor
|-damage|p2a: Exeggutor|265\/393
|
|turn|6
|choice|switch 5|move 1
|
|switch|p1a: Alakazam|Alakazam|313\/313 slp
|move|p2a: Exeggutor|Psychic|p1a: Alakazam
|-resisted|p1a: Alakazam
|-damage|p1a: Alakazam|265\/313 slp
|
|turn|7
|choice|switch 5|switch 4
|
|switch|p1a: Snorlax|Snorlax|523\/523
|switch|p2a: Snorlax|Snorlax|523\/523
|
|turn|8
|choice|move 2|move 1
|
|move|p2a: Snorlax|Body Slam|p1a: Snorlax
|-damage|p1a: Snorlax|385\/523
|move|p1a: Snorlax|Earthquake|p2a: Snorlax
|-damage|p2a: Snorlax|414\/523
|
|turn|9
|choice|move 1|move 1
|
|move|p1a: Snorlax|Body Slam|p2a: Snorlax
|-damage|p2a: Snorlax|273\/523
|move|p2a: Snorlax|Body Slam|p1a: Snorlax
|-damage|p1a: Snorlax|250\/523
|
|turn|10
|choice|switch 4|move 2
|
|switch|p1a: Rhydon|Rhydon|413\/413
|move|p2a: Snorlax|Earthquake|p1a: Rhydon
|-supereffective|p1a: Rhydon
|-damage|p1a: Rhydon|260\/413
|
|turn|11
|choice|switch 3|switch 4
|
|switch|p1a: Exeggutor|Exeggutor|393\/393
|switch|p2a: Exeggutor|Exeggutor|265\/393
|
|turn|12
|choice|switch 4|move 1
|
|switch|p1a: Snorlax|Snorlax|250\/523
|move|p2a: Exeggutor|Psychic|p1a: Snorlax
|-damage|p1a: Snorlax|80\/523
|-unboost|p1a: Snorlax|spd|1
|-unboost|p1a: Snorlax|spa|1
|
|turn|13
|choice|switch 4|move 1
|
|switch|p1a: Exeggutor|Exeggutor|393\/393
|move|p2a: Exeggutor|Psychic|p1a: Exeggutor
|-resisted|p1a: Exeggutor
|-damage|p1a: Exeggutor|339\/393
|-unboost|p1a: Exeggutor|spd|1
|-unboost|p1a: Exeggutor|spa|1
|
|turn|14
|choice|move 1|switch 5
|
|switch|p2a: Jynx|Jynx|333\/333 slp
|move|p1a: Exeggutor|Sleep Powder|p2a: Jynx|[miss]
|-miss|p1a: Exeggutor
|
|turn|15
|choice|move 1|switch 5
|
|switch|p2a: Exeggutor|Exeggutor|265\/393
|move|p1a: Exeggutor|Sleep Powder|p2a: Exeggutor
|-status|p2a: Exeggutor|slp
|
|turn|16
|choice|switch 4|move 1
|
|switch|p1a: Snorlax|Snorlax|80\/523
|cant|p2a: Exeggutor|slp
|
|turn|17
|choice|move 1|move 1
|
|cant|p2a: Exeggutor|slp
|move|p1a: Snorlax|Body Slam|p2a: Exeggutor
|-damage|p2a: Exeggutor|149\/393 slp
|
|turn|18
|choice|move 3|move 1
|
|cant|p2a: Exeggutor|slp
|move|p1a: Snorlax|Hyper Beam|p2a: Exeggutor
|-damage|p2a: Exeggutor|0 fnt
|faint|p2a: Exeggutor
|choice||switch 3
|
|switch|p2a: Tauros|Tauros|353\/353
|turn|19
|choice|switch 4|move 1
|
|switch|p1a: Exeggutor|Exeggutor|339\/393
|move|p2a: Tauros|Body Slam|p1a: Exeggutor
|-damage|p1a: Exeggutor|223\/393
|
|turn|20
|choice|switch 4|move 1
|
|switch|p1a: Snorlax|Snorlax|80\/523
|move|p2a: Tauros|Body Slam|p1a: Snorlax
|-damage|p1a: Snorlax|0 fnt
|faint|p1a: Snorlax
|choice|switch 4|
|
|switch|p1a: Exeggutor|Exeggutor|223\/393
|turn|21
|choice|move 3|switch 5
|
|switch|p2a: Jynx|Jynx|333\/333 slp
|move|p1a: Exeggutor|Psychic|p2a: Jynx
|-resisted|p2a: Jynx
|-damage|p2a: Jynx|272\/333 slp
|-unboost|p2a: Jynx|spd|1
|-unboost|p2a: Jynx|spa|1
|
|turn|22
|choice|switch 6|move 4
|
|switch|p1a: Tauros|Tauros|353\/353
|cant|p2a: Jynx|slp
|
|turn|23
|choice|move 1|switch 2
|
|switch|p2a: Zapdos|Zapdos|383\/383
|move|p1a: Tauros|Body Slam|p2a: Zapdos
|-damage|p2a: Zapdos|279\/383
|-status|p2a: Zapdos|par
|
|turn|24
|choice|switch 3|switch 6
|
|switch|p1a: Rhydon|Rhydon|260\/413
|switch|p2a: Chansey|Chansey|703\/703
|
|turn|25
|choice|switch 2|move 1
|
|switch|p1a: Starmie|Starmie|323\/323
|move|p2a: Chansey|Ice Beam|p1a: Starmie
|-resisted|p1a: Starmie
|-damage|p1a: Starmie|288\/323
|
|turn|26
|choice|move 2|switch 2
|
|switch|p2a: Jynx|Jynx|272\/333 slp
|move|p1a: Starmie|Blizzard|p2a: Jynx|[miss]
|-miss|p1a: Starmie
|
|turn|27
|choice|switch 3|switch 4
|
|switch|p1a: Tauros|Tauros|353\/353
|switch|p2a: Snorlax|Snorlax|273\/523
|
|turn|28
|choice|switch 6|move 2
|
|switch|p1a: Exeggutor|Exeggutor|223\/393
|move|p2a: Snorlax|Earthquake|p1a: Exeggutor
|-resisted|p1a: Exeggutor
|-damage|p1a: Exeggutor|180\/393
|
|turn|29
|choice|move 1|move 1
|
|move|p1a: Exeggutor|Sleep Powder|p2a: Snorlax
|-status|p2a: Snorlax|slp
|-curestatus|p2a: Snorlax|slp
|
|turn|30
|choice|move 1|switch 4
|
|switch|p2a: Jynx|Jynx|272\/333 slp
|move|p1a: Exeggutor|Sleep Powder|p2a: Jynx
|-fail|p2a: Jynx|slp
|
|turn|31
|choice|move 1|move 4
|
|-curestatus|p2a: Jynx|slp
|move|p1a: Exeggutor|Sleep Powder|p2a: Jynx
|-status|p2a: Jynx|slp
|
|turn|32
|c|★qsns|o
|c|★qsns|lol
|choice|move 3|move 4
|
|cant|p2a: Jynx|slp
|move|p1a: Exeggutor|Psychic|p2a: Jynx
|-resisted|p2a: Jynx
|-damage|p2a: Jynx|206\/333 slp
|
|turn|33
|choice|switch 6|move 4
|
|switch|p1a: Tauros|Tauros|353\/353
|cant|p2a: Jynx|slp
|
|turn|34
|choice|move 1|switch 2
|
|switch|p2a: Chansey|Chansey|703\/703
|move|p1a: Tauros|Body Slam|p2a: Chansey
|-crit|p2a: Chansey
|-damage|p2a: Chansey|168\/703
|
|turn|35
|c|★EL FAPPER|:v
|choice|move 1|move 3
|
|move|p1a: Tauros|Body Slam|p2a: Chansey
|-damage|p2a: Chansey|0 fnt
|faint|p2a: Chansey
|choice||switch 4
|
|switch|p2a: Snorlax|Snorlax|273\/523
|turn|36
|choice|switch 5|move 2
|
|switch|p1a: Alakazam|Alakazam|265\/313 slp
|move|p2a: Snorlax|Earthquake|p1a: Alakazam
|-damage|p1a: Alakazam|143\/313 slp
|
|turn|37
|choice|move 4|move 1
|
|cant|p1a: Alakazam|slp
|move|p2a: Snorlax|Body Slam|p1a: Alakazam
|-damage|p1a: Alakazam|0 fnt
|faint|p1a: Alakazam
|choice|switch 6|
|
|switch|p1a: Exeggutor|Exeggutor|180\/393
|turn|38
|choice|move 3|move 1
|
|move|p1a: Exeggutor|Psychic|p2a: Snorlax
|-damage|p2a: Snorlax|105\/523
|move|p2a: Snorlax|Body Slam|p1a: Exeggutor
|-damage|p1a: Exeggutor|52\/393
|
|turn|39
|choice|move 3|switch 2
|
|switch|p2a: Jynx|Jynx|206\/333 slp
|move|p1a: Exeggutor|Psychic|p2a: Jynx
|-resisted|p2a: Jynx
|-damage|p2a: Jynx|141\/333 slp
|
|turn|40
|choice|move 3|move 1
|
|cant|p2a: Jynx|slp
|move|p1a: Exeggutor|Psychic|p2a: Jynx
|-resisted|p2a: Jynx
|-damage|p2a: Jynx|72\/333 slp
|
|turn|41
|choice|move 3|move 1
|
|-curestatus|p2a: Jynx|slp
|move|p1a: Exeggutor|Psychic|p2a: Jynx
|-resisted|p2a: Jynx
|-damage|p2a: Jynx|13\/333
|
|turn|42
|choice|move 3|move 4
|
|move|p2a: Jynx|Blizzard|p1a: Exeggutor
|-supereffective|p1a: Exeggutor
|-damage|p1a: Exeggutor|0 fnt
|faint|p1a: Exeggutor
|choice|switch 5|
|
|switch|p1a: Tauros|Tauros|353\/353
|turn|43
|choice|move 1|move 2
|
|move|p1a: Tauros|Body Slam|p2a: Jynx
|-crit|p2a: Jynx
|-damage|p2a: Jynx|0 fnt
|faint|p2a: Jynx
|choice||switch 5
|
|switch|p2a: Tauros|Tauros|353\/353
|turn|44
|choice|move 1|move 1
|
|move|p1a: Tauros|Body Slam|p2a: Tauros
|-damage|p2a: Tauros|249\/353
|move|p2a: Tauros|Body Slam|p1a: Tauros
|-damage|p1a: Tauros|246\/353
|
|turn|45
|choice|move 1|move 1
|
|move|p1a: Tauros|Body Slam|p2a: Tauros
|-damage|p2a: Tauros|145\/353
|move|p2a: Tauros|Body Slam|p1a: Tauros
|-crit|p1a: Tauros
|-damage|p1a: Tauros|59\/353
|
|turn|46
|choice|move 2|move 1
|
|move|p1a: Tauros|Hyper Beam|p2a: Tauros
|-crit|p2a: Tauros
|-damage|p2a: Tauros|0 fnt
|faint|p2a: Tauros
|choice||switch 6
|
|switch|p2a: Zapdos|Zapdos|279\/383 par
|turn|47
|c|★qsns|gg
|c|★EL FAPPER|ggs
|choice|move 4|move 1
|
|move|p1a: Tauros|Blizzard|p2a: Zapdos
|-supereffective|p2a: Zapdos
|-damage|p2a: Zapdos|144\/383 par
|cant|p2a: Zapdos|par
|
|turn|48
|choice|move 2|move 1
|
|move|p1a: Tauros|Hyper Beam|p2a: Zapdos|[miss]
|-miss|p1a: Tauros
|move|p2a: Zapdos|Thunderbolt|p1a: Tauros
|-crit|p1a: Tauros
|-damage|p1a: Tauros|0 fnt
|faint|p1a: Tauros
|choice|switch 2|
|
|switch|p1a: Rhydon|Rhydon|260\/413
|turn|49
|choice|move 3|move 4
|
|move|p1a: Rhydon|Rock Slide|p2a: Zapdos
|-supereffective|p2a: Zapdos
|-damage|p2a: Zapdos|0 fnt
|faint|p2a: Zapdos
|choice||switch 2
|
|switch|p2a: Snorlax|Snorlax|105\/523
|turn|50
|choice|move 4|move 2
|
|move|p1a: Rhydon|Earthquake|p2a: Snorlax
|-damage|p2a: Snorlax|0 fnt
|faint|p2a: Snorlax
|
|win|EL FAPPER
|c|★qsns|gl in the rest
|c|★EL FAPPER|Thx
|l|qsns
|player|p2
|c|★EL FAPPER|you too man