|j|Krauersaut
|j|Dice
|player|p1|Krauersaut|288
|player|p2|Dice|168
|gametype|singles
|gen|1
|tier|[Gen 1] OU
|seed|27292,35401,32434,17031
|rule|Sleep Clause Mod: Limit one foe put to sleep
|rule|Freeze Clause Mod: Limit one foe frozen
|rule|Species Clause: Limit one of each Pokémon
|rule|OHKO Clause: OHKO moves are banned
|rule|Evasion Moves Clause: Evasion moves are banned
|rule|HP Percentage Mod: HP is shown in percentages
|
|start
|switch|p1a: Alakazam|Alakazam|313\/313
|switch|p2a: Jynx|Jynx|333\/333
|turn|1
|j|Highlord
|j|Hax3D
|j|Desch
|choice|move 1|move 3
|
|move|p1a: Alakazam|Thunder Wave|p2a: Jynx
|-status|p2a: Jynx|par
|move|p2a: Jynx|Lovely Kiss|p1a: Alakazam
|-status|p1a: Alakazam|slp
|
|turn|2
|c|★Krauersaut|zf thinks im you
|c|★Krauersaut|rof
|j|masmasmas
|choice|switch 5|move 4
|
|switch|p1a: Tauros|Tauros|353\/353
|move|p2a: Jynx|Toxic|p1a: Tauros
|-status|p1a: Tauros|tox
|
|turn|3
|j|Cranham
|choice|move 1|switch 4
|
|switch|p2a: Exeggutor|Exeggutor|393\/393
|move|p1a: Tauros|Body Slam|p2a: Exeggutor
|-damage|p2a: Exeggutor|281\/393
|-damage|p1a: Tauros|331\/353 tox|[from] tox|[of] p2a: Exeggutor
|
|turn|4
|j|MAGERMILCHPUUR
|choice|switch 6|move 2
|
|switch|p1a: Chansey|Chansey|703\/703
|move|p2a: Exeggutor|Psychic|p1a: Chansey
|-damage|p1a: Chansey|574\/703
|-unboost|p1a: Chansey|spd|1
|-unboost|p1a: Chansey|spa|1
|
|turn|5
|choice|move 1|move 4
|
|move|p2a: Exeggutor|Sleep Powder|p1a: Chansey
|-message|Sleep Clause Mod activated.
|move|p1a: Chansey|Ice Beam|p2a: Exeggutor
|-supereffective|p2a: Exeggutor
|-damage|p2a: Exeggutor|196\/393
|-status|p2a: Exeggutor|frz
|
|turn|6
|c|★Krauersaut|??
|c|★Dice|lol
|c|★Dice|i clicked
|c|★Dice|thewrong
|c|★Dice|status move
|c|★Dice|oos
|c|★Krauersaut|lol
|choice|switch 6|switch 2
|
|switch|p2a: Chansey|Chansey|703\/703
|switch|p1a: Tauros|Tauros|331\/353 tox
|-status|p1a: Tauros|psn
|-damage|p1a: Tauros|309\/353 psn|[from] psn
|
|turn|7
|choice|move 1|switch 2
|
|switch|p2a: Exeggutor|Exeggutor|196\/393 frz
|move|p1a: Tauros|Body Slam|p2a: Exeggutor
|-damage|p2a: Exeggutor|90\/393 frz
|-damage|p1a: Tauros|287\/353 psn|[from] psn|[of] p2a: Exeggutor
|
|turn|8
|choice|switch 6|move 2
|
|switch|p1a: Chansey|Chansey|574\/703
|cant|p2a: Exeggutor|frz
|
|turn|9
|choice|move 1|switch 2
|
|switch|p2a: Chansey|Chansey|703\/703
|move|p1a: Chansey|Ice Beam|p2a: Chansey
|-damage|p2a: Chansey|624\/703
|
|turn|10
|choice|switch 6|move 1
|
|switch|p1a: Tauros|Tauros|287\/353 psn
|-damage|p1a: Tauros|265\/353 psn|[from] psn
|move|p2a: Chansey|Toxic|p1a: Tauros
|-fail|p1a: Tauros
|
|turn|11
|choice|move 1|switch 2
|
|switch|p2a: Exeggutor|Exeggutor|90\/393 frz
|move|p1a: Tauros|Body Slam|p2a: Exeggutor
|-damage|p2a: Exeggutor|0 fnt
|faint|p2a: Exeggutor
|choice||switch 5
|
|switch|p2a: Tauros|Tauros|353\/353
|turn|12
|choice|switch 3|move 1
|
|switch|p1a: Exeggutor|Exeggutor|393\/393
|move|p2a: Tauros|Body Slam|p1a: Exeggutor
|-crit|p1a: Exeggutor
|-damage|p1a: Exeggutor|171\/393
|
|turn|13
|j|av Kakuna
|c|★Krauersaut|homo sapien
|l|av Kakuna
|choice|switch 2|switch 4
|
|switch|p2a: Jynx|Jynx|333\/333 par
|switch|p1a: Gengar|Gengar|323\/323
|
|turn|14
|choice|switch 6|move 2
|
|switch|p1a: Chansey|Chansey|574\/703
|cant|p2a: Jynx|par
|
|turn|15
|choice|move 3|move 1
|
|move|p1a: Chansey|Thunderbolt|p2a: Jynx
|-damage|p2a: Jynx|247\/333 par
|move|p2a: Jynx|Blizzard|p1a: Chansey
|-damage|p1a: Chansey|438\/703
|
|turn|16
|choice|switch 3|move 4
|
|switch|p1a: Tauros|Tauros|265\/353 psn
|-damage|p1a: Tauros|243\/353 psn|[from] psn
|move|p2a: Jynx|Toxic|p1a: Tauros
|-fail|p1a: Tauros
|
|turn|17
|choice|move 1|switch 3
|
|switch|p2a: Alakazam|Alakazam|313\/313
|move|p1a: Tauros|Body Slam|p2a: Alakazam
|-damage|p2a: Alakazam|165\/313
|-status|p2a: Alakazam|par
|-damage|p1a: Tauros|221\/353 psn|[from] psn|[of] p2a: Alakazam
|
|turn|18
|l|masmasmas
|choice|move 3|move 1
|
|move|p1a: Tauros|Hyper Beam|p2a: Alakazam
|-damage|p2a: Alakazam|0 fnt
|faint|p2a: Alakazam
|choice||switch 4
|
|switch|p2a: Tauros|Tauros|353\/353
|turn|19
|choice|switch 6|move 2
|
|switch|p1a: Gengar|Gengar|323\/323
|move|p2a: Tauros|Earthquake|p1a: Gengar
|-supereffective|p1a: Gengar
|-damage|p1a: Gengar|95\/323
|
|turn|20
|choice|move 2|move 2
|
|move|p1a: Gengar|Explosion|p2a: Tauros
|-damage|p2a: Tauros|159\/353
|faint|p1a: Gengar
|choice|switch 6|
|
|switch|p1a: Tauros|Tauros|221\/353 psn
|turn|21
|choice|move 3|switch 2
|
|switch|p2a: Chansey|Chansey|624\/703
|move|p1a: Tauros|Hyper Beam|p2a: Chansey|[miss]
|-miss|p1a: Tauros
|-damage|p1a: Tauros|199\/353 psn|[from] psn|[of] p2a: Chansey
|
|turn|22
|choice|move 1|move 4
|
|move|p1a: Tauros|Body Slam|p2a: Chansey
|-damage|p2a: Chansey|354\/703
|-damage|p1a: Tauros|177\/353 psn|[from] psn|[of] p2a: Chansey
|move|p2a: Chansey|Soft-Boiled|p2a: Chansey
|-heal|p2a: Chansey|703\/703
|
|turn|23
|choice|switch 2|move 4
|
|switch|p1a: Exeggutor|Exeggutor|171\/393
|move|p2a: Chansey|Soft-Boiled|p2a: Chansey
|-fail|p2a: Chansey
|
|turn|24
|choice|move 4|switch 3
|
|switch|p2a: Jynx|Jynx|247\/333 par
|move|p1a: Exeggutor|Mega Drain|p2a: Jynx
|-damage|p2a: Jynx|187\/333 par
|-heal|p1a: Exeggutor|201\/393|[from] drain|[of] p2a: Jynx
|
|turn|25
|choice|switch 2|move 1
|
|switch|p1a: Tauros|Tauros|177\/353 psn
|-damage|p1a: Tauros|155\/353 psn|[from] psn
|cant|p2a: Jynx|par
|
|turn|26
|choice|move 1|move 1
|
|move|p1a: Tauros|Body Slam|p2a: Jynx
|-damage|p2a: Jynx|19\/333 par
|-damage|p1a: Tauros|133\/353 psn|[from] psn|[of] p2a: Jynx
|move|p2a: Jynx|Blizzard|p1a: Tauros
|-damage|p1a: Tauros|0 fnt
|faint|p1a: Tauros
|choice|switch 2|
|
|switch|p1a: Exeggutor|Exeggutor|201\/393
|turn|27
|choice|move 4|move 1
|
|move|p1a: Exeggutor|Mega Drain|p2a: Jynx
|-damage|p2a: Jynx|0 fnt
|-heal|p1a: Exeggutor|210\/393|[from] drain|[of] p2a: Jynx
|faint|p2a: Jynx
|choice||switch 6
|
|switch|p2a: Dragonite|Dragonite|385\/385
|turn|28
|choice|move 1|move 3
|
|move|p2a: Dragonite|Wrap|p1a: Exeggutor
|-damage|p1a: Exeggutor|192\/393
|-activate|p1a: Exeggutor|move: Wrap|[of] p2a: Dragonite
|cant|p1a: Exeggutor|partiallytrapped
|
|turn|29
|c|★Krauersaut|ohhhh that's gay
|c|★Krauersaut|that is so gay
|c|★Krauersaut|that is infinitely gay.
|choice|switch 4|move 3
|
|switch|p1a: Snorlax|Snorlax|523\/523
|move|p2a: Dragonite|Wrap|p1a: Snorlax
|-damage|p1a: Snorlax|504\/523
|-activate|p1a: Snorlax|move: Wrap|[of] p2a: Dragonite
|
|turn|30
|c|★Krauersaut|how the fuck do u beat that
|choice|move 4|switch 3
|
|switch|p2a: Chansey|Chansey|703\/703
|cant|p1a: Snorlax|partiallytrapped
|
|-end|p1a: Snorlax|Wrap|[partiallytrapped]
|turn|31
|choice|switch 4|move 2
|
|switch|p1a: Exeggutor|Exeggutor|192\/393
|move|p2a: Chansey|Thunder Wave|p1a: Exeggutor
|-status|p1a: Exeggutor|par
|
|turn|32
|choice|move 1|move 3
|
|move|p2a: Chansey|Ice Beam|p1a: Exeggutor
|-supereffective|p1a: Exeggutor
|-damage|p1a: Exeggutor|58\/393 par
|move|p1a: Exeggutor|Sleep Powder|p2a: Chansey
|-status|p2a: Chansey|slp
|
|turn|33
|choice|move 2|move 1
|
|-curestatus|p2a: Chansey|slp
|move|p1a: Exeggutor|Explosion|p2a: Chansey
|-damage|p2a: Chansey|0 fnt
|faint|p2a: Chansey
|faint|p1a: Exeggutor
|choice|switch 3|switch 2
|
|switch|p2a: Tauros|Tauros|159\/353
|switch|p1a: Chansey|Chansey|438\/703
|turn|34
|choice|switch 5|move 1
|
|switch|p1a: Alakazam|Alakazam|313\/313 slp
|move|p2a: Tauros|Body Slam|p1a: Alakazam
|-crit|p1a: Alakazam
|-damage|p1a: Alakazam|0 fnt
|faint|p1a: Alakazam
|choice|switch 4|
|
|switch|p1a: Snorlax|Snorlax|504\/523
|turn|35
|choice|move 1|move 1
|
|move|p2a: Tauros|Body Slam|p1a: Snorlax
|-damage|p1a: Snorlax|365\/523
|move|p1a: Snorlax|Hyper Beam|p2a: Tauros
|-damage|p2a: Tauros|0 fnt
|faint|p2a: Tauros
|choice||switch 3
|
|switch|p2a: Dragonite|Dragonite|385\/385
|turn|36
|choice|move 4|move 3
|
|move|p2a: Dragonite|Wrap|p1a: Snorlax|[miss]
|-miss|p2a: Dragonite
|move|p1a: Snorlax|Self-Destruct|p2a: Dragonite
|-crit|p2a: Dragonite
|-damage|p2a: Dragonite|0 fnt
|faint|p2a: Dragonite
|faint|p1a: Snorlax
|
|win|Krauersaut
|player|p1
|player|p2
|c|★Dice|gg
|c|★Krauersaut|i did it mom
|c|★Krauersaut|gg
|l|Dice