|j|MexBakker
|j|AA Nickelquack
|player|p1|MexBakker|2
|player|p2|AA Nickelquack|43
|gametype|singles
|gen|1
|tier|[Gen 1] OU
|rated
|seed|
|rule|Sleep Clause Mod: Limit one foe put to sleep
|rule|Freeze Clause Mod: Limit one foe frozen
|rule|Species Clause: Limit one of each Pokémon
|rule|OHKO Clause: OHKO moves are banned
|rule|Evasion Moves Clause: Evasion moves are banned
|rule|HP Percentage Mod: HP is shown in percentages
|
|start
|switch|p1a: Alakazam|Alakazam|100\/100
|switch|p2a: Jolteon|Jolteon|100\/100
|turn|1
|choice||
|
|switch|p1a: Golem|Golem|100\/100
|move|p2a: Jolteon|Thunder Wave|p1a: Golem
|-immune|p1a: Golem|[msg]
|
|turn|2
|choice||
|
|switch|p2a: Exeggutor|Exeggutor|100\/100
|move|p1a: Golem|Body Slam|p2a: Exeggutor
|-crit|p2a: Exeggutor
|-damage|p2a: Exeggutor|61\/100
|
|turn|3
|choice||
|
|switch|p1a: Alakazam|Alakazam|100\/100
|move|p2a: Exeggutor|Mega Drain|p1a: Alakazam
|-damage|p1a: Alakazam|87\/100
|-heal|p2a: Exeggutor|66\/100|[from] drain|[of] p1a: Alakazam
|
|turn|4
|choice||
|
|move|p1a: Alakazam|Thunder Wave|p2a: Exeggutor
|-status|p2a: Exeggutor|par
|move|p2a: Exeggutor|Sleep Powder|p1a: Alakazam
|-status|p1a: Alakazam|slp
|
|turn|5
|choice||
|
|switch|p1a: Chansey|Chansey|100\/100
|move|p2a: Exeggutor|Psychic|p1a: Chansey
|-damage|p1a: Chansey|84\/100
|
|turn|6
|choice||
|
|switch|p2a: Lapras|Lapras|100\/100
|move|p1a: Chansey|Ice Beam|p2a: Lapras
|-resisted|p2a: Lapras
|-damage|p2a: Lapras|96\/100
|
|turn|7
|choice||
|
|move|p2a: Lapras|Confuse Ray|p1a: Chansey
|-start|p1a: Chansey|confusion
|-activate|p1a: Chansey|confusion
|move|p1a: Chansey|Thunderbolt|p2a: Lapras
|-supereffective|p2a: Lapras
|-damage|p2a: Lapras|61\/100
|
|turn|8
|choice||
|
|move|p2a: Lapras|Ice Beam|p1a: Chansey
|-damage|p1a: Chansey|68\/100
|-activate|p1a: Chansey|confusion
|-damage|p1a: Chansey|63\/100|[from] confusion
|
|turn|9
|choice||
|
|move|p2a: Lapras|Ice Beam|p1a: Chansey
|-damage|p1a: Chansey|48\/100
|-activate|p1a: Chansey|confusion
|-damage|p1a: Chansey|43\/100|[from] confusion
|
|turn|10
|choice||
|
|move|p2a: Lapras|Ice Beam|p1a: Chansey
|-damage|p1a: Chansey|28\/100
|-end|p1a: Chansey|confusion
|move|p1a: Chansey|Soft-Boiled|p1a: Chansey
|-heal|p1a: Chansey|78\/100
|
|turn|11
|choice||
|
|move|p2a: Lapras|Confuse Ray|p1a: Chansey
|-start|p1a: Chansey|confusion
|-activate|p1a: Chansey|confusion
|move|p1a: Chansey|Thunderbolt|p2a: Lapras
|-supereffective|p2a: Lapras
|-damage|p2a: Lapras|24\/100
|
|turn|12
|choice||
|
|move|p2a: Lapras|Ice Beam|p1a: Chansey
|-crit|p1a: Chansey
|-damage|p1a: Chansey|50\/100
|-end|p1a: Chansey|confusion
|move|p1a: Chansey|Thunderbolt|p2a: Lapras
|-supereffective|p2a: Lapras
|-damage|p2a: Lapras|0 fnt
|faint|p2a: Lapras
|choice||
|
|switch|p2a: Exeggutor|Exeggutor|66\/100 par
|turn|13
|choice||
|
|move|p1a: Chansey|Ice Beam|p2a: Exeggutor
|-supereffective|p2a: Exeggutor
|-damage|p2a: Exeggutor|32\/100 par
|move|p2a: Exeggutor|Sleep Powder|p1a: Chansey
|-message|Sleep Clause Mod activated.
|
|turn|14
|choice||
|
|move|p1a: Chansey|Ice Beam|p2a: Exeggutor
|-supereffective|p2a: Exeggutor
|-damage|p2a: Exeggutor|0 fnt
|faint|p2a: Exeggutor
|choice||
|
|switch|p2a: Alakazam|Alakazam|100\/100
|turn|15
|choice||
|
|move|p2a: Alakazam|Thunder Wave|p1a: Chansey
|-status|p1a: Chansey|par
|move|p1a: Chansey|Soft-Boiled|p1a: Chansey
|-heal|p1a: Chansey|99\/100 par
|
|turn|16
|choice||
|
|move|p2a: Alakazam|Psychic|p1a: Chansey
|-crit|p1a: Chansey
|-damage|p1a: Chansey|63\/100 par
|move|p1a: Chansey|Thunder Wave|p2a: Alakazam
|-status|p2a: Alakazam|par
|
|turn|17
|choice||
|
|switch|p1a: Snorlax|Snorlax|100\/100
|move|p2a: Alakazam|Psychic|p1a: Snorlax
|-damage|p1a: Snorlax|68\/100
|
|turn|18
|choice||
|
|move|p1a: Snorlax|Body Slam|p2a: Alakazam
|-damage|p2a: Alakazam|50\/100 par
|move|p2a: Alakazam|Thunder Wave|p1a: Snorlax
|-status|p1a: Snorlax|par
|
|turn|19
|choice||
|
|switch|p2a: Rhydon|Rhydon|100\/100
|move|p1a: Snorlax|Body Slam|p2a: Rhydon
|-resisted|p2a: Rhydon
|-damage|p2a: Rhydon|89\/100
|
|turn|20
|choice||
|
|switch|p1a: Exeggutor|Exeggutor|100\/100
|move|p2a: Rhydon|Earthquake|p1a: Exeggutor
|-resisted|p1a: Exeggutor
|-damage|p1a: Exeggutor|80\/100
|
|turn|21
|choice||
|
|switch|p2a: Alakazam|Alakazam|50\/100 par
|move|p1a: Exeggutor|Psychic|p2a: Alakazam
|-resisted|p2a: Alakazam
|-damage|p2a: Alakazam|33\/100 par
|
|turn|22
|choice||
|
|move|p1a: Exeggutor|Psychic|p2a: Alakazam
|-resisted|p2a: Alakazam
|-damage|p2a: Alakazam|19\/100 par
|cant|p2a: Alakazam|par
|
|turn|23
|choice||
|
|move|p1a: Exeggutor|Psychic|p2a: Alakazam
|-resisted|p2a: Alakazam
|-damage|p2a: Alakazam|4\/100 par
|-unboost|p2a: Alakazam|spd|1
|-unboost|p2a: Alakazam|spa|1
|move|p2a: Alakazam|Recover|p2a: Alakazam
|-heal|p2a: Alakazam|54\/100 par
|
|turn|24
|choice||
|
|switch|p2a: Rhydon|Rhydon|89\/100
|move|p1a: Exeggutor|Psychic|p2a: Rhydon
|-damage|p2a: Rhydon|41\/100
|
|turn|25
|choice||
|
|switch|p2a: Alakazam|Alakazam|54\/100 par
|move|p1a: Exeggutor|Psychic|p2a: Alakazam
|-crit|p2a: Alakazam
|-resisted|p2a: Alakazam
|-damage|p2a: Alakazam|22\/100 par
|
|turn|26
|choice||
|
|move|p1a: Exeggutor|Psychic|p2a: Alakazam
|-resisted|p2a: Alakazam
|-damage|p2a: Alakazam|6\/100 par
|cant|p2a: Alakazam|par
|
|turn|27
|choice||
|
|move|p1a: Exeggutor|Psychic|p2a: Alakazam
|-resisted|p2a: Alakazam
|-damage|p2a: Alakazam|0 fnt
|faint|p2a: Alakazam
|choice||
|
|switch|p2a: Jolteon|Jolteon|100\/100
|turn|28
|choice||
|
|switch|p1a: Golem|Golem|100\/100
|move|p2a: Jolteon|Pin Missile|p1a: Golem
|-damage|p1a: Golem|99\/100
|-damage|p1a: Golem|97\/100
|-damage|p1a: Golem|95\/100
|-hitcount|p1a: Golem|3
|
|turn|29
|choice||
|
|switch|p2a: Rhydon|Rhydon|41\/100
|move|p1a: Golem|Earthquake|p2a: Rhydon
|-supereffective|p2a: Rhydon
|-damage|p2a: Rhydon|0 fnt
|faint|p2a: Rhydon
|choice||
|
|switch|p2a: Tauros|Tauros|100\/100
|turn|30
|choice||
|
|switch|p1a: Exeggutor|Exeggutor|80\/100
|move|p2a: Tauros|Blizzard|p1a: Exeggutor
|-supereffective|p1a: Exeggutor
|-damage|p1a: Exeggutor|46\/100
|
|turn|31
|choice||
|
|move|p2a: Tauros|Blizzard|p1a: Exeggutor
|-supereffective|p1a: Exeggutor
|-damage|p1a: Exeggutor|14\/100
|move|p1a: Exeggutor|Explosion|p2a: Tauros
|-damage|p2a: Tauros|27\/100
|faint|p1a: Exeggutor
|choice||
|
|switch|p1a: Tauros|Tauros|100\/100
|turn|32
|choice||
|
|move|p2a: Tauros|Body Slam|p1a: Tauros
|-damage|p1a: Tauros|72\/100
|move|p1a: Tauros|Body Slam|p2a: Tauros
|-damage|p2a: Tauros|0 fnt
|faint|p2a: Tauros
|choice||
|
|switch|p2a: Jolteon|Jolteon|100\/100
|turn|33
|choice||
|
|move|p2a: Jolteon|Thunder Wave|p1a: Tauros
|-status|p1a: Tauros|par
|move|p1a: Tauros|Earthquake|p2a: Jolteon
|-supereffective|p2a: Jolteon
|-damage|p2a: Jolteon|37\/100
|
|turn|34
|choice||
|
|move|p2a: Jolteon|Thunderbolt|p1a: Tauros
|-damage|p1a: Tauros|28\/100 par
|move|p1a: Tauros|Earthquake|p2a: Jolteon
|-crit|p2a: Jolteon
|-supereffective|p2a: Jolteon
|-damage|p2a: Jolteon|0 fnt
|faint|p2a: Jolteon
|
|win|MexBakker
|player|p1
|player|p2
|raw|MexBakker's rating: 1383 &rarr; <strong>1394<\/strong><br \/>(+11 for winning)
|raw|AA Nickelquack's rating: 1203 &rarr; <strong>1190<\/strong><br \/>(-13 for losing)
|c|★AA Nickelquack|Gg
|c|★MexBakker|gg
|l|AA Nickelquack