|join|biswajit
|join|Beargoat!
|player|p1|biswajit|162
|player|p2|Beargoat!|151
|gametype|singles
|gen|1
|tier|[Gen 1] OU (beta)
|rated
|rule|Sleep Clause Mod: Limit one foe put to sleep
|rule|Species Clause: Limit one of each Pokémon
|rule|OHKO Clause: OHKO moves are banned
|rule|Evasion Moves Clause: Evasion moves are banned
|rule|HP Percentage Mod: HP is shown in percentages
|
|start
|switch|p1a: Hypno|Hypno|373\/373
|switch|p2a: Tauros|Tauros|353\/353
|turn|1
|
|move|p2a: Tauros|Double-Edge|p1a: Hypno|[miss]
|-miss|p2a: Tauros
|move|p1a: Hypno|Hypnosis|p2a: Tauros|[miss]
|-miss|p1a: Hypno
|
|turn|2
|
|move|p2a: Tauros|Double-Edge|p1a: Hypno
|-damage|p1a: Hypno|228\/373
|-damage|p2a: Tauros|317\/353|[from] recoil|[of] p1a: Hypno
|move|p1a: Hypno|Hypnosis|p2a: Tauros
|-status|p2a: Tauros|slp
|
|turn|3
|
|cant|p2a: Tauros|slp
|move|p1a: Hypno|Psychic|p2a: Tauros
|-crit|p2a: Tauros
|-damage|p2a: Tauros|22\/353 slp
|
|turn|4
|
|cant|p2a: Tauros|slp
|-curestatus|p2a: Tauros|slp
|move|p1a: Hypno|Psychic|p2a: Tauros
|-damage|p2a: Tauros|0 fnt
|faint|p2a: Tauros
|
|switch|p2a: Alakazam|Alakazam|313\/313
|turn|5
|
|move|p2a: Alakazam|Psychic|p1a: Hypno
|-crit|p1a: Hypno
|-resisted|p1a: Hypno
|-damage|p1a: Hypno|107\/373
|-unboost|p1a: Hypno|spd|1
|-unboost|p1a: Hypno|spa|1
|move|p1a: Hypno|Hypnosis|p2a: Alakazam|[miss]
|-miss|p1a: Hypno
|
|turn|6
|
|move|p2a: Alakazam|Psychic|p1a: Hypno
|-resisted|p1a: Hypno
|-damage|p1a: Hypno|21\/373
|move|p1a: Hypno|Hypnosis|p2a: Alakazam|[miss]
|-miss|p1a: Hypno
|
|turn|7
|
|move|p2a: Alakazam|Psychic|p1a: Hypno|[miss]
|-miss|p2a: Alakazam
|move|p1a: Hypno|Hypnosis|p2a: Alakazam|[miss]
|-miss|p1a: Hypno
|
|turn|8
|
|move|p2a: Alakazam|Psychic|p1a: Hypno
|-crit|p1a: Hypno
|-resisted|p1a: Hypno
|-damage|p1a: Hypno|0 fnt
|faint|p1a: Hypno
|
|switch|p1a: Exeggutor|Exeggutor|393\/393
|turn|9
|
|move|p2a: Alakazam|Disable|p1a: Exeggutor|[miss]
|-miss|p2a: Alakazam
|move|p1a: Exeggutor|Sleep Powder|p2a: Alakazam|[miss]
|-miss|p1a: Exeggutor
|
|turn|10
|
|move|p2a: Alakazam|Disable|p1a: Exeggutor|[miss]
|-miss|p2a: Alakazam
|move|p1a: Exeggutor|Sleep Powder|p2a: Alakazam
|-status|p2a: Alakazam|slp
|
|turn|11
|
|cant|p2a: Alakazam|slp
|move|p1a: Exeggutor|Psychic|p2a: Alakazam
|-resisted|p2a: Alakazam
|-damage|p2a: Alakazam|263\/313 slp
|
|turn|12
|
|cant|p2a: Alakazam|slp
|move|p1a: Exeggutor|Psychic|p2a: Alakazam
|-resisted|p2a: Alakazam
|-damage|p2a: Alakazam|215\/313 slp
|
|turn|13
|
|switch|p1a: Tauros|Tauros|353\/353
|cant|p2a: Alakazam|slp
|
|turn|14
|
|cant|p2a: Alakazam|slp
|move|p1a: Tauros|Body Slam|p2a: Alakazam
|-damage|p2a: Alakazam|47\/313 slp
|
|turn|15
|
|cant|p2a: Alakazam|slp
|move|p1a: Tauros|Body Slam|p2a: Alakazam
|-damage|p2a: Alakazam|0 fnt
|faint|p2a: Alakazam
|
|switch|p2a: Dragonite|Dragonite|385\/385
|turn|16
|
|move|p1a: Tauros|Blizzard|p2a: Dragonite
|-supereffective|p2a: Dragonite
|-damage|p2a: Dragonite|90\/385
|move|p2a: Dragonite|Thunder Wave|p1a: Tauros
|-status|p1a: Tauros|par
|
|turn|17
|
|move|p2a: Dragonite|Wrap|p1a: Tauros
|-damage|p1a: Tauros|337\/353 par
|-activate|p1a: Tauros|move: Wrap|[of] p2a: Dragonite
|cant|p1a: Tauros|partiallytrapped
|
|turn|18
|
|move|p2a: Dragonite|Wrap|p1a: Tauros
|-damage|p1a: Tauros|321\/353 par
|cant|p1a: Tauros|partiallytrapped
|
|turn|19
|
|move|p2a: Dragonite|Wrap|p1a: Tauros
|-damage|p1a: Tauros|305\/353 par
|cant|p1a: Tauros|par
|
|turn|20
|
|move|p2a: Dragonite|Wrap|p1a: Tauros
|-damage|p1a: Tauros|289\/353 par
|cant|p1a: Tauros|par
|
|turn|21
|
|move|p2a: Dragonite|Wrap|p1a: Tauros
|-damage|p1a: Tauros|273\/353 par
|cant|p1a: Tauros|par
|
|-end|p1a: Tauros|Wrap|[partiallytrapped]
|turn|22
|
|move|p2a: Dragonite|Hyper Beam|p1a: Tauros
|-damage|p1a: Tauros|116\/353 par
|cant|p1a: Tauros|par
|
|turn|23
|
|cant|p2a: Dragonite|recharge
|move|p1a: Tauros|Body Slam|p2a: Dragonite
|-damage|p2a: Dragonite|0 fnt
|faint|p2a: Dragonite
|
|switch|p2a: Rhydon|Rhydon|413\/413
|turn|24
|
|move|p2a: Rhydon|Earthquake|p1a: Tauros
|-damage|p1a: Tauros|0 fnt
|faint|p1a: Tauros
|
|switch|p1a: Exeggutor|Exeggutor|393\/393
|turn|25
|
|move|p1a: Exeggutor|Psychic|p2a: Rhydon
|-damage|p2a: Rhydon|224\/413
|-unboost|p2a: Rhydon|spd|1
|-unboost|p2a: Rhydon|spa|1
|move|p2a: Rhydon|Toxic|p1a: Exeggutor
|-status|p1a: Exeggutor|tox
|
|turn|26
|
|move|p1a: Exeggutor|Mega Drain|p2a: Rhydon
|-supereffective|p2a: Rhydon
|-damage|p2a: Rhydon|0 fnt
|-damage|p1a: Exeggutor|369\/393 tox|[from] tox|[of] p2a: Rhydon
|faint|p2a: Rhydon
|
|switch|p2a: Lapras|Lapras|463\/463
|turn|27
|
|move|p2a: Lapras|Ice Beam|p1a: Exeggutor
|-supereffective|p1a: Exeggutor
|-damage|p1a: Exeggutor|165\/393 tox
|move|p1a: Exeggutor|Mega Drain|p2a: Lapras
|-supereffective|p2a: Lapras
|-damage|p2a: Lapras|354\/463
|-heal|p1a: Exeggutor|220\/393 tox|[from] drain|[of] p2a: Lapras
|-damage|p1a: Exeggutor|172\/393 tox|[from] tox|[of] p2a: Lapras
|
|turn|28
|
|move|p2a: Lapras|Ice Beam|p1a: Exeggutor
|-supereffective|p1a: Exeggutor
|-damage|p1a: Exeggutor|0 fnt
|faint|p1a: Exeggutor
|
|switch|p1a: Alakazam|Alakazam|313\/313
|turn|29
|
|move|p1a: Alakazam|Thunder Wave|p2a: Lapras
|-status|p2a: Lapras|par
|move|p2a: Lapras|Surf|p1a: Alakazam
|-damage|p1a: Alakazam|227\/313
|
|turn|30
|
|move|p1a: Alakazam|Psychic|p2a: Lapras
|-damage|p2a: Lapras|209\/463 par
|cant|p2a: Lapras|par
|
|turn|31
|
|move|p1a: Alakazam|Seismic Toss|p2a: Lapras
|-damage|p2a: Lapras|109\/463 par
|move|p2a: Lapras|Rest|p2a: Lapras
|-status|p2a: Lapras|slp
|-heal|p2a: Lapras|463\/463 slp|[silent]
|-status|p2a: Lapras|slp|[from] move: Rest
|
|turn|32
|
|move|p1a: Alakazam|Psychic|p2a: Lapras
|-damage|p2a: Lapras|324\/463 slp
|-unboost|p2a: Lapras|spd|1
|-unboost|p2a: Lapras|spa|1
|cant|p2a: Lapras|slp
|
|turn|33
|
|move|p1a: Alakazam|Psychic|p2a: Lapras
|-crit|p2a: Lapras
|-damage|p2a: Lapras|30\/463 slp
|-unboost|p2a: Lapras|spd|1
|-unboost|p2a: Lapras|spa|1
|cant|p2a: Lapras|slp
|-curestatus|p2a: Lapras|slp
|
|turn|34
|c|★biswajit|gojne foyur good
|c|★biswajit|hag
|
|move|p1a: Alakazam|Psychic|p2a: Lapras
|-damage|p2a: Lapras|0 fnt
|faint|p2a: Lapras
|
|switch|p2a: Raichu|Raichu|323\/323
|turn|35
|
|move|p1a: Alakazam|Psychic|p2a: Raichu
|-damage|p2a: Raichu|178\/323
|move|p2a: Raichu|Body Slam|p1a: Alakazam
|-damage|p1a: Alakazam|127\/313
|-status|p1a: Alakazam|par
|
|turn|36
|
|move|p2a: Raichu|Thunderbolt|p1a: Alakazam
|-damage|p1a: Alakazam|47\/313 par
|move|p1a: Alakazam|Psychic|p2a: Raichu
|-crit|p2a: Raichu
|-damage|p2a: Raichu|0 fnt
|faint|p2a: Raichu
|
|win|biswajit
|raw|Ladder updating...
|raw|biswajit's rating: 1236 &rarr; <strong>1249<\/strong><br \/>(+13 for winning)
|raw|Beargoat!'s rating: 1059 &rarr; <strong>1049<\/strong><br \/>(-10 for losing)
|leave|Beargoat!
|player|p2