|join|Tendoh
|join|PimpMyRaikou
|player|p1|Tendoh|244
|player|p2|PimpMyRaikou|153
|gametype|singles
|gen|1
|tier|[Gen 1] OU (beta)
|rated
|rule|Sleep Clause Mod: Limit one foe put to sleep
|rule|Species Clause: Limit one of each Pokemon
|rule|OHKO Clause: OHKO moves are banned
|rule|Moody Clause: Moody is banned
|rule|Evasion Moves Clause: Evasion moves are banned
|rule|Endless Battle Clause: Forcing endless battles is banned.
|rule|HP Percentage Mod: HP is reported as percentages
|
|start
|switch|p1a: Luma|Starmie|323\/323
|switch|p2a: Jynx|Jynx|333\/333
|turn|1
|
|move|p1a: Luma|Surf|p2a: Jynx
|-damage|p2a: Jynx|220\/333
|move|p2a: Jynx|Lovely Kiss|p1a: Luma
|-status|p1a: Luma|slp
|
|turn|2
|
|switch|p1a: Whorey|Chansey|703\/703
|move|p2a: Jynx|Reflect|p2a: Jynx
|
|turn|3
|
|move|p2a: Jynx|Blizzard|p1a: Whorey
|-crit|p1a: Whorey
|-damage|p1a: Whorey|444\/703
|move|p1a: Whorey|Ice Beam|p2a: Jynx
|-resisted|p2a: Jynx
|-damage|p2a: Jynx|184\/333
|
|turn|4
|
|move|p2a: Jynx|Blizzard|p1a: Whorey
|-damage|p1a: Whorey|309\/703
|move|p1a: Whorey|Thunder Wave|p2a: Jynx
|-status|p2a: Jynx|par
|
|turn|5
|
|move|p1a: Whorey|Soft-Boiled|p1a: Whorey
|-heal|p1a: Whorey|660\/703
|move|p2a: Jynx|Blizzard|p1a: Whorey|[miss]
|-miss|p2a: Jynx
|
|turn|6
|
|switch|p1a: Ness|Alakazam|313\/313
|move|p2a: Jynx|Blizzard|p1a: Ness|[miss]
|-miss|p2a: Jynx
|
|turn|7
|
|move|p1a: Ness|Seismic Toss|p2a: Jynx
|-damage|p2a: Jynx|84\/333 par
|move|p2a: Jynx|Blizzard|p1a: Ness|[miss]
|-miss|p2a: Jynx
|
|turn|8
|chat|Tendoh|>.<
|chat|PimpMyRaikou|mehhh
|
|move|p1a: Ness|Seismic Toss|p2a: Jynx
|-damage|p2a: Jynx|0 fnt
|faint|p2a: Jynx
|
|
|switch|p2a: Chansey|Chansey|703\/703
|turn|9
|chat|PimpMyRaikou|3 in a row ;-;
|
|switch|p1a: Luma|Starmie|323\/323 slp
|move|p2a: Chansey|Ice Beam|p1a: Luma
|-resisted|p1a: Luma
|-damage|p1a: Luma|286\/323 slp
|
|turn|10
|
|cant|p1a: Luma|slp
|move|p2a: Chansey|Seismic Toss|p1a: Luma
|-damage|p1a: Luma|186\/323 slp
|
|turn|11
|
|cant|p1a: Luma|slp
|move|p2a: Chansey|Seismic Toss|p1a: Luma
|-damage|p1a: Luma|86\/323 slp
|
|turn|12
|
|switch|p1a: Hensel Sisters|Exeggutor|393\/393
|move|p2a: Chansey|Seismic Toss|p1a: Hensel Sisters
|-damage|p1a: Hensel Sisters|293\/393
|
|turn|13
|
|switch|p2a: Exeggutor|Exeggutor|393\/393
|move|p1a: Hensel Sisters|Sleep Powder|p2a: Exeggutor|[miss]
|-miss|p1a: Hensel Sisters
|
|turn|14
|
|move|p2a: Exeggutor|Explosion|p1a: Hensel Sisters
|-damage|p1a: Hensel Sisters|0 fnt
|faint|p1a: Hensel Sisters
|faint|p2a: Exeggutor
|
|switch|p1a: Corrida Killer|Tauros|353\/353
|switch|p2a: Chansey|Chansey|703\/703
|turn|15
|
|switch|p1a: Whorey|Chansey|660\/703
|move|p2a: Chansey|Ice Beam|p1a: Whorey
|-damage|p1a: Whorey|586\/703
|
|turn|16
|
|move|p2a: Chansey|Ice Beam|p1a: Whorey
|-damage|p1a: Whorey|516\/703
|-status|p1a: Whorey|frz
|cant|p1a: Whorey|frz
|
|turn|17
|
|switch|p2a: Alakazam|Alakazam|313\/313
|switch|p1a: Corrida Killer|Tauros|353\/353
|
|turn|18
|
|move|p2a: Alakazam|Thunder Wave|p1a: Corrida Killer
|-status|p1a: Corrida Killer|par
|move|p1a: Corrida Killer|Body Slam|p2a: Alakazam
|-damage|p2a: Alakazam|155\/313
|
|turn|19
|
|move|p2a: Alakazam|Psychic|p1a: Corrida Killer
|-damage|p1a: Corrida Killer|192\/353 par
|-unboost|p1a: Corrida Killer|spd|1
|-unboost|p1a: Corrida Killer|spa|1
|cant|p1a: Corrida Killer|par
|
|turn|20
|
|switch|p1a: Ness|Alakazam|313\/313
|move|p2a: Alakazam|Psychic|p1a: Ness
|-crit|p1a: Ness
|-resisted|p1a: Ness
|-damage|p1a: Ness|213\/313
|
|turn|21
|
|switch|p2a: Chansey|Chansey|703\/703
|move|p1a: Ness|Thunder Wave|p2a: Chansey
|-status|p2a: Chansey|par
|
|turn|22
|
|move|p1a: Ness|Psychic|p2a: Chansey
|-damage|p2a: Chansey|586\/703 par
|move|p2a: Chansey|Seismic Toss|p1a: Ness
|-damage|p1a: Ness|113\/313
|
|turn|23
|
|move|p1a: Ness|Recover|p1a: Ness
|-heal|p1a: Ness|269\/313
|cant|p2a: Chansey|par
|
|turn|24
|
|move|p1a: Ness|Psychic|p2a: Chansey
|-damage|p2a: Chansey|450\/703 par
|-unboost|p2a: Chansey|spd|1
|-unboost|p2a: Chansey|spa|1
|cant|p2a: Chansey|par
|
|turn|25
|
|move|p1a: Ness|Psychic|p2a: Chansey
|-damage|p2a: Chansey|268\/703 par
|move|p2a: Chansey|Soft-Boiled|p2a: Chansey
|-heal|p2a: Chansey|619\/703 par
|
|turn|26
|
|switch|p2a: Alakazam|Alakazam|155\/313
|move|p1a: Ness|Psychic|p2a: Alakazam
|-crit|p2a: Alakazam
|-resisted|p2a: Alakazam
|-damage|p2a: Alakazam|52\/313
|
|turn|27
|
|switch|p2a: Chansey|Chansey|619\/703 par
|move|p1a: Ness|Psychic|p2a: Chansey
|-damage|p2a: Chansey|495\/703 par
|-unboost|p2a: Chansey|spd|1
|-unboost|p2a: Chansey|spa|1
|
|turn|28
|
|move|p1a: Ness|Psychic|p2a: Chansey
|-damage|p2a: Chansey|309\/703 par
|move|p2a: Chansey|Thunder Wave|p1a: Ness
|-status|p1a: Ness|par
|
|turn|29
|
|move|p1a: Ness|Psychic|p2a: Chansey
|-crit|p2a: Chansey
|-damage|p2a: Chansey|39\/703 par
|-unboost|p2a: Chansey|spd|1
|-unboost|p2a: Chansey|spa|1
|cant|p2a: Chansey|par
|
|turn|30
|
|cant|p1a: Ness|par
|cant|p2a: Chansey|par
|
|turn|31
|chat|PimpMyRaikou|._.
|
|move|p1a: Ness|Seismic Toss|p2a: Chansey
|-damage|p2a: Chansey|0 fnt
|faint|p2a: Chansey
|
|
|switch|p2a: Snorlax|Snorlax|523\/523
|turn|32
|
|switch|p1a: Whorey|Chansey|516\/703 frz
|move|p2a: Snorlax|Body Slam|p1a: Whorey
|-damage|p1a: Whorey|202\/703 frz
|
|turn|33
|chat|PimpMyRaikou|hate how luck based gen1 is sometimes
|chat|Tendoh|"sometimes"?
|
|cant|p1a: Whorey|frz
|move|p2a: Snorlax|Body Slam|p1a: Whorey
|-damage|p1a: Whorey|0 fnt
|faint|p1a: Whorey
|
|chat|PimpMyRaikou|sometimes I hate it
|chat|PimpMyRaikou|...when it negatively effects me*
|
|switch|p1a: Thor|Zapdos|383\/383
|turn|34
|chat|PimpMyRaikou|lol
|chat|Tendoh|That's it!
|
|move|p1a: Thor|Thunderbolt|p2a: Snorlax
|-damage|p2a: Snorlax|356\/523
|move|p2a: Snorlax|Body Slam|p1a: Thor
|-damage|p1a: Thor|274\/383
|
|turn|35
|chat|PimpMyRaikou|(:
|
|move|p1a: Thor|Thunderbolt|p2a: Snorlax
|-crit|p2a: Snorlax
|-damage|p2a: Snorlax|28\/523
|move|p2a: Snorlax|Self-Destruct|p1a: Thor
|-crit|p1a: Thor
|-damage|p1a: Thor|0 fnt
|faint|p1a: Thor
|faint|p2a: Snorlax
|
|switch|p1a: Ness|Alakazam|269\/313 par
|switch|p2a: Tauros|Tauros|353\/353
|turn|36
|
|move|p2a: Tauros|Body Slam|p1a: Ness
|-damage|p1a: Ness|122\/313 par
|move|p1a: Ness|Psychic|p2a: Tauros
|-damage|p2a: Tauros|203\/353
|-unboost|p2a: Tauros|spd|1
|-unboost|p2a: Tauros|spa|1
|
|turn|37
|
|switch|p1a: Luma|Starmie|86\/323 slp
|move|p2a: Tauros|Hyper Beam|p1a: Luma
|-damage|p1a: Luma|0 fnt
|faint|p1a: Luma
|
|
|switch|p1a: Corrida Killer|Tauros|192\/353 par
|turn|38
|
|move|p2a: Tauros|Hyper Beam|p1a: Corrida Killer
|-crit|p1a: Corrida Killer
|-damage|p1a: Corrida Killer|0 fnt
|faint|p1a: Corrida Killer
|
|-message|Tendoh forfeited.
|
|win|PimpMyRaikou
|raw|Ladder updating...
|raw|Tendoh's rating: 1428 &rarr; <strong>1397<\/strong><br \/>(-31 for losing)
|raw|PimpMyRaikou's rating: 1224 &rarr; <strong>1262<\/strong><br \/>(+38 for winning)
|leave|Tendoh
|player|p1