|join|AceDuff
|join|PsyMuk
|player|p1|AceDuff|124
|player|p2|PsyMuk|154
|gametype|singles
|gen|1
|tier|[Gen 1] Random Battle
|rated
|rule|Sleep Clause Mod: Limit one foe put to sleep
|rule|Freeze Clause Mod: Limit one foe frozen
|rule|HP Percentage Mod: HP is shown in percentages
|
|start
|switch|p1a: Caterpie|Caterpie, L99|290\/290
|switch|p2a: Psyduck|Psyduck, L96|291\/291
|turn|1
|c|★PsyMuk|gl hf
|
|move|p2a: Psyduck|Amnesia|p2a: Psyduck
|-boost|p2a: Psyduck|spd|2
|-boost|p2a: Psyduck|spa|2
|move|p1a: Caterpie|Tackle|p2a: Psyduck
|-damage|p2a: Psyduck|267\/291
|
|turn|2
|c|★AceDuff|sorry?
|c|★PsyMuk|good luck have fun
|c|★AceDuff|oh! :s
|c|★AceDuff|and to you :)
|
|move|p2a: Psyduck|Amnesia|p2a: Psyduck
|-boost|p2a: Psyduck|spd|2
|-boost|p2a: Psyduck|spa|2
|move|p1a: Caterpie|String Shot|p2a: Psyduck
|-unboost|p2a: Psyduck|spe|1
|
|turn|3
|
|move|p1a: Caterpie|String Shot|p2a: Psyduck
|-unboost|p2a: Psyduck|spe|1
|move|p2a: Psyduck|Amnesia|p2a: Psyduck
|-boost|p2a: Psyduck|spd|2
|-boost|p2a: Psyduck|spa|2
|
|turn|4
|
|move|p1a: Caterpie|String Shot|p2a: Psyduck
|-unboost|p2a: Psyduck|spe|1
|move|p2a: Psyduck|Ice Beam|p1a: Caterpie
|-damage|p1a: Caterpie|0 fnt
|faint|p1a: Caterpie
|
|switch|p1a: Gengar|Gengar, L79|257\/257
|turn|5
|
|move|p1a: Gengar|Thunderbolt|p2a: Psyduck
|-supereffective|p2a: Psyduck
|-damage|p2a: Psyduck|222\/291
|-status|p2a: Psyduck|par
|move|p2a: Psyduck|Ice Beam|p1a: Gengar
|-damage|p1a: Gengar|53\/257
|-status|p1a: Gengar|frz
|
|turn|6
|c|★AceDuff|I massively under estimated psyduck :\/
|
|cant|p1a: Gengar|frz
|move|p2a: Psyduck|Rest|p2a: Psyduck
|-status|p2a: Psyduck|slp
|-heal|p2a: Psyduck|291\/291 slp|[silent]
|-status|p2a: Psyduck|slp|[from] move: Rest
|
|turn|7
|c|★PsyMuk|u let me use max out amnesia
|
|cant|p1a: Gengar|frz
|cant|p2a: Psyduck|slp
|
|turn|8
|c|★PsyMuk|and Psyduck is my favortie
|c|★AceDuff|yeah, well caterpie wasn't a great start
|c|★PsyMuk|Muk is #2
|c|★AceDuff|I didn't think it could do that much damage
|
|switch|p1a: Tauros|Tauros, L79|280\/280
|cant|p2a: Psyduck|slp
|-curestatus|p2a: Psyduck|slp
|
|turn|9
|
|move|p1a: Tauros|Body Slam|p2a: Psyduck
|-damage|p2a: Psyduck|186\/291
|move|p2a: Psyduck|Ice Beam|p1a: Tauros
|-damage|p1a: Tauros|0 fnt
|faint|p1a: Tauros
|c|★AceDuff|expected gengar to do more
|c|★AceDuff|ok, I give
|c|★AceDuff|I fucked up from the start
|c|★AceDuff|rematch?
|c|★PsyMuk|please dont quit
|c|★PsyMuk|i will if u finish
|c|★AceDuff|why wouldnt I?
|c|★PsyMuk|to be nice
|c|★AceDuff|sorry dude, it's boring
|c|★AceDuff|you win
|c|★PsyMuk|id love to get the Psyduck sweep its my favorite and I never get it in random
|c|★AceDuff|you got it
|c|★AceDuff|it'll easily be a sweep
|-message|AceDuff forfeited.
|leave|AceDuff
|
|win|PsyMuk
|raw|Ladder updating...
|player|p1
|raw|AceDuff's rating: 1260 &rarr; <strong>1243<\/strong><br \/>(-17 for losing)
|raw|PsyMuk's rating: 1379 &rarr; <strong>1393<\/strong><br \/>(+14 for winning)