|j|Stoned Skitty
|j|Pokemon-Sucks OK
|player|p1|Stoned Skitty|97
|player|p2|Pokemon-Sucks OK|115
|gametype|singles
|gen|1
|tier|[Gen 1] Random Battle
|rated
|seed|10050,10862,39440,62302
|rule|Sleep Clause Mod: Limit one foe put to sleep
|rule|Freeze Clause Mod: Limit one foe frozen
|rule|HP Percentage Mod: HP is shown in percentages
|
|start
|switch|p1a: Rapidash|Rapidash, L90|300\/300
|switch|p2a: Gloom|Gloom, L90|291\/291
|turn|1
|choice|move 1|switch 5
|
|switch|p2a: Golduck|Golduck, L85|310\/310
|move|p1a: Rapidash|Fire Blast|p2a: Golduck
|-resisted|p2a: Golduck
|-damage|p2a: Golduck|245\/310
|-status|p2a: Golduck|brn
|
|turn|2
|choice|switch 3|move 1
|
|switch|p1a: Victreebel|Victreebel, L85|310\/310
|move|p2a: Golduck|Amnesia|p2a: Golduck
|-boost|p2a: Golduck|spd|2
|-boost|p2a: Golduck|spa|2
|-damage|p2a: Golduck|226\/310 brn|[from] brn
|
|turn|3
|choice|move 1|move 2
|
|move|p2a: Golduck|Body Slam|p1a: Victreebel
|-crit|p1a: Victreebel
|-damage|p1a: Victreebel|185\/310
|-damage|p2a: Golduck|207\/310 brn|[from] brn|[of] p1a: Victreebel
|move|p1a: Victreebel|Razor Leaf|p2a: Golduck
|-crit|p2a: Golduck
|-supereffective|p2a: Golduck
|-damage|p2a: Golduck|0 fnt
|faint|p2a: Golduck
|choice||switch 2
|
|switch|p2a: Alakazam|Alakazam, L79|249\/249
|turn|4
|choice|move 2|move 1
|
|move|p2a: Alakazam|Psychic|p1a: Victreebel
|-supereffective|p1a: Victreebel
|-damage|p1a: Victreebel|1\/310
|-unboost|p1a: Victreebel|spd|1
|-unboost|p1a: Victreebel|spa|1
|move|p1a: Victreebel|Hyper Beam|p2a: Alakazam
|-damage|p2a: Alakazam|76\/249
|
|turn|5
|-mustrecharge|p1a: Victreebel
|-mustrecharge|p1a: Victreebel
|choice|move 1|move 3
|
|move|p2a: Alakazam|Recover|p2a: Alakazam
|-heal|p2a: Alakazam|200\/249
|cant|p1a: Victreebel|recharge
|
|turn|6
|choice|move 2|move 1
|
|move|p2a: Alakazam|Psychic|p1a: Victreebel
|-supereffective|p1a: Victreebel
|-damage|p1a: Victreebel|0 fnt
|faint|p1a: Victreebel
|choice|switch 4|
|
|switch|p1a: Cloyster|Cloyster, L83|253\/253
|turn|7
|choice|move 2|switch 4
|
|switch|p2a: Magneton|Magneton, L90|273\/273
|move|p1a: Cloyster|Toxic|p2a: Magneton|[miss]
|-miss|p1a: Cloyster
|
|turn|8
|choice|switch 2|move 3
|
|switch|p1a: Golem|Golem, L79|288\/288
|move|p2a: Magneton|Thunder Wave|p1a: Golem
|-immune|p1a: Golem|[msg]
|
|turn|9
|choice|move 3|switch 5
|
|switch|p2a: Gloom|Gloom, L90|291\/291
|move|p1a: Golem|Earthquake|p2a: Gloom
|-damage|p2a: Gloom|183\/291
|
|turn|10
|choice|switch 3|move 4
|
|switch|p1a: Rapidash|Rapidash, L90|300\/300
|move|p2a: Gloom|Sleep Powder|p1a: Rapidash
|-status|p1a: Rapidash|slp
|
|turn|11
|choice|move 1|switch 3
|
|switch|p2a: Lapras|Lapras, L79|367\/367
|cant|p1a: Rapidash|slp
|
|turn|12
|choice|switch 6|move 4
|
|switch|p1a: Porygon|Porygon, L85|284\/284
|move|p2a: Lapras|Confuse Ray|p1a: Porygon
|-start|p1a: Porygon|confusion
|
|turn|13
|choice|move 3|switch 5
|
|switch|p2a: Magneton|Magneton, L90|273\/273
|-activate|p1a: Porygon|confusion
|-damage|p1a: Porygon|256\/284|[from] confusion
|
|turn|14
|choice|move 3|switch 3
|
|switch|p2a: Gloom|Gloom, L90|183\/291
|-activate|p1a: Porygon|confusion
|-damage|p1a: Porygon|228\/284|[from] confusion
|
|turn|15
|choice|move 3|move 2
|
|move|p2a: Gloom|Swords Dance|p2a: Gloom
|-boost|p2a: Gloom|atk|2
|-activate|p1a: Porygon|confusion
|-damage|p1a: Porygon|200\/284|[from] confusion
|
|turn|16
|choice|move 3|move 3
|
|move|p2a: Gloom|Double-Edge|p1a: Porygon
|-damage|p1a: Porygon|43\/284
|-damage|p2a: Gloom|144\/291|[from] recoil|[of] p1a: Porygon
|-activate|p1a: Porygon|confusion
|-damage|p1a: Porygon|15\/284|[from] confusion
|
|turn|17
|choice|move 2|move 3
|
|move|p2a: Gloom|Double-Edge|p1a: Porygon
|-damage|p1a: Porygon|0 fnt
|-damage|p2a: Gloom|141\/291|[from] recoil|[of] p1a: Porygon
|faint|p1a: Porygon
|choice|switch 6|
|
|switch|p1a: Rapidash|Rapidash, L90|300\/300 slp
|turn|18
|choice|move 1|move 3
|
|-curestatus|p1a: Rapidash|slp
|move|p2a: Gloom|Double-Edge|p1a: Rapidash
|-damage|p1a: Rapidash|152\/300
|-damage|p2a: Gloom|104\/291|[from] recoil|[of] p1a: Rapidash
|
|turn|19
|choice|move 1|move 3
|
|move|p1a: Rapidash|Fire Blast|p2a: Gloom
|-supereffective|p2a: Gloom
|-damage|p2a: Gloom|0 fnt
|faint|p2a: Gloom
|choice||switch 5
|
|switch|p2a: Lapras|Lapras, L79|367\/367
|turn|20
|choice|switch 2|move 3
|
|switch|p1a: Cloyster|Cloyster, L83|253\/253
|move|p2a: Lapras|Blizzard|p1a: Cloyster
|-resisted|p1a: Cloyster
|-damage|p1a: Cloyster|226\/253
|
|turn|21
|choice|move 2|move 4
|
|move|p1a: Cloyster|Toxic|p2a: Lapras
|-status|p2a: Lapras|tox
|move|p2a: Lapras|Confuse Ray|p1a: Cloyster
|-start|p1a: Cloyster|confusion
|-damage|p2a: Lapras|345\/367 tox|[from] tox|[of] p1a: Cloyster
|
|turn|22
|choice|move 3|move 2
|
|-activate|p1a: Cloyster|confusion
|move|p1a: Cloyster|Surf|p2a: Lapras
|-crit|p2a: Lapras
|-resisted|p2a: Lapras
|-damage|p2a: Lapras|256\/367 tox
|move|p2a: Lapras|Body Slam|p1a: Cloyster
|-damage|p1a: Cloyster|198\/253
|-damage|p2a: Lapras|212\/367 tox|[from] tox|[of] p1a: Cloyster
|
|turn|23
|choice|move 3|switch 4
|
|switch|p2a: Alakazam|Alakazam, L79|200\/249
|-end|p1a: Cloyster|confusion
|move|p1a: Cloyster|Surf|p2a: Alakazam
|-damage|p2a: Alakazam|130\/249
|
|turn|24
|choice|move 2|move 1
|
|move|p2a: Alakazam|Psychic|p1a: Cloyster
|-crit|p1a: Cloyster
|-damage|p1a: Cloyster|0 fnt
|faint|p1a: Cloyster
|choice|switch 5|
|
|switch|p1a: Hitmonchan|Hitmonchan, L90|273\/273
|turn|25
|choice|move 2|move 1
|
|move|p2a: Alakazam|Psychic|p1a: Hitmonchan
|-crit|p1a: Hitmonchan
|-supereffective|p1a: Hitmonchan
|-damage|p1a: Hitmonchan|0 fnt
|faint|p1a: Hitmonchan
|choice|switch 2|
|
|switch|p1a: Rapidash|Rapidash, L90|152\/300
|turn|26
|choice|move 1|switch 3
|
|switch|p2a: Magneton|Magneton, L90|273\/273
|move|p1a: Rapidash|Fire Blast|p2a: Magneton
|-damage|p2a: Magneton|176\/273
|
|turn|27
|choice|move 1|move 4
|
|move|p1a: Rapidash|Fire Blast|p2a: Magneton
|-damage|p2a: Magneton|80\/273
|move|p2a: Magneton|Double-Edge|p1a: Rapidash
|-damage|p1a: Rapidash|88\/300
|-damage|p2a: Magneton|64\/273|[from] recoil|[of] p1a: Rapidash
|
|turn|28
|choice|move 1|move 4
|
|move|p1a: Rapidash|Fire Blast|p2a: Magneton|[miss]
|-miss|p1a: Rapidash
|move|p2a: Magneton|Double-Edge|p1a: Rapidash
|-crit|p1a: Rapidash
|-damage|p1a: Rapidash|0 fnt
|-damage|p2a: Magneton|42\/273|[from] recoil|[of] p1a: Rapidash
|faint|p1a: Rapidash
|choice|switch 3|
|
|switch|p1a: Golem|Golem, L79|288\/288
|turn|29
|choice|move 3|move 4
|
|move|p2a: Magneton|Double-Edge|p1a: Golem
|-resisted|p1a: Golem
|-damage|p1a: Golem|263\/288
|-damage|p2a: Magneton|36\/273|[from] recoil|[of] p1a: Golem
|move|p1a: Golem|Earthquake|p2a: Magneton
|-supereffective|p2a: Magneton
|-damage|p2a: Magneton|0 fnt
|faint|p2a: Magneton
|choice||switch 4
|
|switch|p2a: Lapras|Lapras, L79|212\/367 tox
|-status|p2a: Lapras|psn
|turn|30
|c|★Pokemon-Sucks OK|gg
|choice|move 3|move 3
|
|move|p2a: Lapras|Blizzard|p1a: Golem
|-supereffective|p1a: Golem
|-damage|p1a: Golem|0 fnt
|faint|p1a: Golem
|
|win|Pokemon-Sucks OK
|player|p1
|player|p2
|raw|Stoned Skitty's rating: 1130 &rarr; <strong>1100<\/strong><br \/>(-30 for losing)
|raw|Pokemon-Sucks OK's rating: 1052 &rarr; <strong>1092<\/strong><br \/>(+40 for winning)