|j|Mandelbrot
|j|NoahCraft
|player|p1|Mandelbrot|101
|player|p2|NoahCraft|294
|gametype|singles
|gen|1
|tier|[Gen 1] Random Battle
|rated
|seed|41160,2470,46479,46316
|rule|Sleep Clause Mod: Limit one foe put to sleep
|rule|Freeze Clause Mod: Limit one foe frozen
|rule|HP Percentage Mod: HP is shown in percentages
|
|start
|switch|p1a: Electrode|Electrode, L90|291\/291
|switch|p2a: Poliwhirl|Poliwhirl, L85|284\/284
|turn|1
|c|★NoahCraft|gl hf
|c|★Mandelbrot|you too!
|c|★NoahCraft|Thanks! ^_^
|c|★Mandelbrot|Whatever happens in this crazy game...
|choice|move 4|move 3
|
|move|p1a: Electrode|Flash|p2a: Poliwhirl
|-unboost|p2a: Poliwhirl|accuracy|1
|move|p2a: Poliwhirl|Hypnosis|p1a: Electrode
|-status|p1a: Electrode|slp
|
|turn|2
|j|orb man120
|c|★NoahCraft|Yep.
|choice|move 3|move 1
|
|cant|p1a: Electrode|slp
|move|p2a: Poliwhirl|Amnesia|p2a: Poliwhirl
|-boost|p2a: Poliwhirl|spd|2
|-boost|p2a: Poliwhirl|spa|2
|
|turn|3
|raw|<div class="broadcast-red"><b>Moderated chat was set to +!<\/b><br \/>Only users of rank + and higher can talk.<\/div>
|choice|switch 3|move 1
|
|switch|p1a: Ivysaur|Ivysaur, L85|276\/276
|move|p2a: Poliwhirl|Amnesia|p2a: Poliwhirl
|-boost|p2a: Poliwhirl|spd|2
|-boost|p2a: Poliwhirl|spa|2
|
|turn|4
|choice|move 3|move 4
|
|move|p2a: Poliwhirl|Blizzard|p1a: Ivysaur
|-supereffective|p1a: Ivysaur
|-damage|p1a: Ivysaur|0 fnt
|faint|p1a: Ivysaur
|c|★NoahCraft|Holy Shit..
|choice|switch 2|
|
|switch|p1a: Slowpoke|Slowpoke, L96|368\/368
|turn|5
|choice|move 1|move 3
|
|move|p2a: Poliwhirl|Hypnosis|p1a: Slowpoke
|-message|Sleep Clause Mod activated.
|move|p1a: Slowpoke|Thunder Wave|p2a: Poliwhirl
|-status|p2a: Poliwhirl|par
|
|turn|6
|c|★NoahCraft|Oops.
|c|★Mandelbrot|lol
|l|orb man120
|choice|switch 5|switch 6
|
|switch|p1a: Kangaskhan|Kangaskhan, L85|352\/352
|switch|p2a: Alakazam|Alakazam, L79|249\/249
|
|turn|7
|choice|move 2|move 3
|
|move|p2a: Alakazam|Thunder Wave|p1a: Kangaskhan
|-status|p1a: Kangaskhan|par
|move|p1a: Kangaskhan|Body Slam|p2a: Alakazam
|-damage|p2a: Alakazam|108\/249
|
|turn|8
|choice|move 2|move 2
|
|move|p2a: Alakazam|Recover|p2a: Alakazam
|-heal|p2a: Alakazam|232\/249
|move|p1a: Kangaskhan|Body Slam|p2a: Alakazam
|-damage|p2a: Alakazam|99\/249
|
|turn|9
|choice|move 2|move 2
|
|move|p2a: Alakazam|Recover|p2a: Alakazam
|-heal|p2a: Alakazam|223\/249
|move|p1a: Kangaskhan|Body Slam|p2a: Alakazam
|-crit|p2a: Alakazam
|-damage|p2a: Alakazam|0 fnt
|faint|p2a: Alakazam
|choice||switch 2
|
|switch|p2a: Kadabra|Kadabra, L85|242\/242
|turn|10
|choice|move 2|move 1
|
|move|p2a: Kadabra|Psychic|p1a: Kangaskhan
|-damage|p1a: Kangaskhan|192\/352 par
|move|p1a: Kangaskhan|Body Slam|p2a: Kadabra
|-damage|p2a: Kadabra|80\/242
|
|turn|11
|choice|move 2|move 1
|
|move|p2a: Kadabra|Psychic|p1a: Kangaskhan
|-damage|p1a: Kangaskhan|34\/352 par
|-unboost|p1a: Kangaskhan|spd|1
|-unboost|p1a: Kangaskhan|spa|1
|move|p1a: Kangaskhan|Body Slam|p2a: Kadabra
|-damage|p2a: Kadabra|0 fnt
|faint|p2a: Kadabra
|choice||switch 4
|
|switch|p2a: Haunter|Haunter, L85|250\/250
|turn|12
|choice|move 1|move 2
|
|move|p2a: Haunter|Mega Drain|p1a: Kangaskhan
|-damage|p1a: Kangaskhan|0 fnt
|faint|p1a: Kangaskhan
|choice|switch 6|
|
|switch|p1a: Golem|Golem, L79|288\/288
|turn|13
|choice|move 4|move 2
|
|move|p2a: Haunter|Mega Drain|p1a: Golem
|-supereffective|p1a: Golem
|-damage|p1a: Golem|117\/288
|move|p1a: Golem|Earthquake|p2a: Haunter
|-supereffective|p2a: Haunter
|-damage|p2a: Haunter|0 fnt
|faint|p2a: Haunter
|choice||switch 3
|
|switch|p2a: Hitmonchan|Hitmonchan, L90|273\/273
|turn|14
|choice|switch 5|move 1
|
|switch|p1a: Slowpoke|Slowpoke, L96|368\/368
|move|p2a: Hitmonchan|Submission|p1a: Slowpoke
|-crit|p1a: Slowpoke
|-resisted|p1a: Slowpoke
|-damage|p1a: Slowpoke|256\/368
|-damage|p2a: Hitmonchan|245\/273|[from] recoil|[of] p1a: Slowpoke
|
|turn|15
|choice|move 3|move 4
|
|move|p2a: Hitmonchan|Body Slam|p1a: Slowpoke
|-damage|p1a: Slowpoke|179\/368
|-status|p1a: Slowpoke|par
|move|p1a: Slowpoke|Amnesia|p1a: Slowpoke
|-boost|p1a: Slowpoke|spd|2
|-boost|p1a: Slowpoke|spa|2
|
|turn|16
|choice|move 2|move 4
|
|move|p2a: Hitmonchan|Body Slam|p1a: Slowpoke
|-damage|p1a: Slowpoke|99\/368 par
|cant|p1a: Slowpoke|par
|
|turn|17
|choice|move 2|move 4
|
|move|p2a: Hitmonchan|Body Slam|p1a: Slowpoke
|-crit|p1a: Slowpoke
|-damage|p1a: Slowpoke|0 fnt
|faint|p1a: Slowpoke
|choice|switch 4|
|
|switch|p1a: Charizard|Charizard, L85|306\/306
|turn|18
|choice|move 4|move 4
|
|move|p1a: Charizard|Swords Dance|p1a: Charizard
|-boost|p1a: Charizard|atk|2
|move|p2a: Hitmonchan|Body Slam|p1a: Charizard
|-damage|p1a: Charizard|234\/306
|-status|p1a: Charizard|par
|
|turn|19
|choice|move 1|move 4
|
|move|p2a: Hitmonchan|Body Slam|p1a: Charizard
|-crit|p1a: Charizard
|-damage|p1a: Charizard|96\/306 par
|cant|p1a: Charizard|par
|
|turn|20
|choice|move 2|move 4
|
|move|p2a: Hitmonchan|Body Slam|p1a: Charizard
|-damage|p1a: Charizard|19\/306 par
|move|p1a: Charizard|Hyper Beam|p2a: Hitmonchan|[miss]
|-miss|p1a: Charizard
|
|turn|21
|choice|move 2|move 4
|
|move|p2a: Hitmonchan|Body Slam|p1a: Charizard
|-damage|p1a: Charizard|0 fnt
|faint|p1a: Charizard
|choice|switch 3|
|
|switch|p1a: Electrode|Electrode, L90|291\/291 slp
|turn|22
|choice|move 3|move 4
|
|-curestatus|p1a: Electrode|slp
|move|p2a: Hitmonchan|Body Slam|p1a: Electrode
|-damage|p1a: Electrode|214\/291
|-status|p1a: Electrode|par
|
|turn|23
|c|★Mandelbrot|I should really just quit tonight.
|c|★Mandelbrot|lol
|choice|move 3|move 4
|
|move|p2a: Hitmonchan|Body Slam|p1a: Electrode
|-crit|p1a: Electrode
|-damage|p1a: Electrode|72\/291 par
|cant|p1a: Electrode|par
|
|turn|24
|choice|move 3|move 1
|
|move|p2a: Hitmonchan|Submission|p1a: Electrode
|-crit|p1a: Electrode
|-damage|p1a: Electrode|0 fnt
|-damage|p2a: Hitmonchan|227\/273|[from] recoil|[of] p1a: Electrode
|faint|p1a: Electrode
|c|★NoahCraft|Haha.
|choice|switch 5|
|
|switch|p1a: Golem|Golem, L79|117\/288
|turn|25
|c|★NoahCraft|Rematch?
|c|★NoahCraft|n_n
|choice|move 3|move 1
|
|move|p2a: Hitmonchan|Submission|p1a: Golem
|-supereffective|p1a: Golem
|-damage|p1a: Golem|0 fnt
|-damage|p2a: Hitmonchan|198\/273|[from] recoil|[of] p1a: Golem
|faint|p1a: Golem
|
|win|NoahCraft
|player|p1
|player|p2
|raw|Mandelbrot's rating: 1252 &rarr; <strong>1217<\/strong><br \/>(-35 for losing)
|raw|NoahCraft's rating: 1098 &rarr; <strong>1134<\/strong><br \/>(+36 for winning)
|c|★Mandelbrot|nah. I think I'm really gunna quit.
|c|★NoahCraft|What why?
|l|NoahCraft
|c|★Mandelbrot|I was 1400 earlier.