|j|zeekmeat
|j|callmebigmeat
|player|p1|zeekmeat|169
|player|p2|callmebigmeat|237
|gametype|singles
|gen|1
|tier|[Gen 1] Random Battle
|seed|31501,42039,47996,42101
|rule|Sleep Clause Mod: Limit one foe put to sleep
|rule|Freeze Clause Mod: Limit one foe frozen
|rule|HP Percentage Mod: HP is shown in percentages
|
|start
|switch|p1a: Magnemite|Magnemite, L96|243\/243
|switch|p2a: Dragonair|Dragonair, L85|277\/277
|turn|1
|c|★zeekmeat|The og pkmon
|c|★zeekmeat|Looks bootleg af
|choice|switch 6|move 2
|
|switch|p1a: Mewtwo|Mewtwo, L70|293\/293
|move|p2a: Dragonair|Surf|p1a: Mewtwo
|-damage|p1a: Mewtwo|244\/293
|
|turn|2
|c|★callmebigmeat|chill
|c|★callmebigmeat|my nigga got a mewtwo
|choice|move 1|move 3
|
|move|p1a: Mewtwo|Psychic|p2a: Dragonair
|-damage|p2a: Dragonair|175\/277
|move|p2a: Dragonair|Thunder Wave|p1a: Mewtwo
|-status|p1a: Mewtwo|par
|
|turn|3
|choice|move 1|move 1
|
|move|p2a: Dragonair|Ice Beam|p1a: Mewtwo
|-damage|p1a: Mewtwo|200\/293 par
|move|p1a: Mewtwo|Psychic|p2a: Dragonair
|-damage|p2a: Dragonair|67\/277
|
|turn|4
|choice|move 4|move 1
|
|move|p2a: Dragonair|Ice Beam|p1a: Mewtwo
|-crit|p1a: Mewtwo
|-damage|p1a: Mewtwo|113\/293 par
|move|p1a: Mewtwo|Barrier|p1a: Mewtwo
|-boost|p1a: Mewtwo|def|2
|
|turn|5
|choice|move 3|move 1
|
|move|p2a: Dragonair|Ice Beam|p1a: Mewtwo
|-damage|p1a: Mewtwo|64\/293 par
|move|p1a: Mewtwo|Rest|p1a: Mewtwo
|-status|p1a: Mewtwo|slp
|-heal|p1a: Mewtwo|293\/293 slp|[silent]
|-status|p1a: Mewtwo|slp|[from] move: Rest
|
|turn|6
|choice|move 1|switch 2
|
|switch|p2a: Gloom|Gloom, L90|291\/291
|cant|p1a: Mewtwo|slp
|
|turn|7
|choice|move 1|move 1
|
|move|p2a: Gloom|Swords Dance|p2a: Gloom
|-boost|p2a: Gloom|atk|2
|-curestatus|p1a: Mewtwo|slp
|
|turn|8
|choice|move 1|move 1
|
|move|p2a: Gloom|Swords Dance|p2a: Gloom
|-boost|p2a: Gloom|atk|2
|move|p1a: Mewtwo|Psychic|p2a: Gloom
|-crit|p2a: Gloom
|-supereffective|p2a: Gloom
|-damage|p2a: Gloom|0 fnt
|faint|p2a: Gloom
|c|★callmebigmeat|bruh wtf
|c|★zeekmeat|Ooooohhhhhhhh
|c|★callmebigmeat|first turn wake up
|choice||switch 2
|
|switch|p2a: Dragonair|Dragonair, L85|67\/277
|turn|9
|c|★zeekmeat|lol
|choice|move 1|move 1
|
|move|p2a: Dragonair|Ice Beam|p1a: Mewtwo
|-damage|p1a: Mewtwo|250\/293
|move|p1a: Mewtwo|Psychic|p2a: Dragonair
|-damage|p2a: Dragonair|0 fnt
|faint|p2a: Dragonair
|choice||switch 6
|
|switch|p2a: Cloyster|Cloyster, L83|253\/253
|turn|10
|choice|move 1|move 4
|
|move|p2a: Cloyster|Toxic|p1a: Mewtwo|[miss]
|-miss|p2a: Cloyster
|move|p1a: Mewtwo|Psychic|p2a: Cloyster
|-damage|p2a: Cloyster|157\/253
|
|turn|11
|choice|move 1|move 4
|
|move|p2a: Cloyster|Toxic|p1a: Mewtwo
|-status|p1a: Mewtwo|tox
|move|p1a: Mewtwo|Psychic|p2a: Cloyster
|-damage|p2a: Cloyster|52\/253
|-damage|p1a: Mewtwo|232\/293 tox|[from] tox|[of] p2a: Cloyster
|
|turn|12
|choice|move 1|move 3
|
|move|p2a: Cloyster|Hyper Beam|p1a: Mewtwo
|-damage|p1a: Mewtwo|176\/293 tox
|move|p1a: Mewtwo|Psychic|p2a: Cloyster
|-crit|p2a: Cloyster
|-damage|p2a: Cloyster|0 fnt
|faint|p2a: Cloyster
|choice||switch 3
|
|switch|p2a: Tauros|Tauros, L79|280\/280
|turn|13
|c|★zeekmeat|Spam
|choice|move 2|move 4
|
|move|p2a: Tauros|Earthquake|p1a: Mewtwo
|-damage|p1a: Mewtwo|138\/293 tox
|move|p1a: Mewtwo|Thunderbolt|p2a: Tauros
|-damage|p2a: Tauros|204\/280
|-damage|p1a: Mewtwo|102\/293 tox|[from] tox|[of] p2a: Tauros
|
|turn|14
|choice|move 3|move 4
|
|move|p2a: Tauros|Earthquake|p1a: Mewtwo
|-damage|p1a: Mewtwo|65\/293 tox
|move|p1a: Mewtwo|Rest|p1a: Mewtwo
|-status|p1a: Mewtwo|slp
|-heal|p1a: Mewtwo|293\/293 slp|[silent]
|-status|p1a: Mewtwo|slp|[from] move: Rest
|
|turn|15
|choice|move 4|move 4
|
|move|p2a: Tauros|Earthquake|p1a: Mewtwo
|-crit|p1a: Mewtwo
|-damage|p1a: Mewtwo|147\/293 slp
|cant|p1a: Mewtwo|slp
|
|turn|16
|choice|move 3|move 4
|
|move|p2a: Tauros|Earthquake|p1a: Mewtwo
|-crit|p1a: Mewtwo
|-damage|p1a: Mewtwo|12\/293 slp
|-curestatus|p1a: Mewtwo|slp
|
|turn|17
|choice|move 3|move 4
|
|move|p2a: Tauros|Earthquake|p1a: Mewtwo
|-crit|p1a: Mewtwo
|-damage|p1a: Mewtwo|0 fnt
|faint|p1a: Mewtwo
|choice|switch 4|
|
|switch|p1a: Fearow|Fearow, L90|300\/300
|turn|18
|choice|move 4|move 2
|
|move|p1a: Fearow|Hyper Beam|p2a: Tauros
|-crit|p2a: Tauros
|-damage|p2a: Tauros|0 fnt
|faint|p2a: Tauros
|c|★callmebigmeat|bruh lmao
|choice||switch 4
|
|switch|p2a: Seaking|Seaking, L90|327\/327
|turn|19
|c|★zeekmeat|fav move right there
|choice|move 3|move 2
|
|move|p1a: Fearow|Drill Peck|p2a: Seaking
|-damage|p2a: Seaking|214\/327
|move|p2a: Seaking|Blizzard|p1a: Fearow
|-supereffective|p1a: Fearow
|-damage|p1a: Fearow|111\/300
|
|turn|20
|choice|move 4|move 2
|
|move|p1a: Fearow|Hyper Beam|p2a: Seaking|[miss]
|-miss|p1a: Fearow
|move|p2a: Seaking|Blizzard|p1a: Fearow
|-supereffective|p1a: Fearow
|-damage|p1a: Fearow|0 fnt
|faint|p1a: Fearow
|choice|switch 5|
|
|switch|p1a: Ivysaur|Ivysaur, L85|276\/276
|turn|21
|choice|move 2|move 2
|
|move|p2a: Seaking|Blizzard|p1a: Ivysaur
|-supereffective|p1a: Ivysaur
|-damage|p1a: Ivysaur|91\/276
|move|p1a: Ivysaur|Sleep Powder|p2a: Seaking
|-status|p2a: Seaking|slp
|
|turn|22
|choice|move 1|move 2
|
|-curestatus|p2a: Seaking|slp
|move|p1a: Ivysaur|Razor Leaf|p2a: Seaking|[miss]
|-miss|p1a: Ivysaur
|
|turn|23
|choice|move 3|move 2
|
|move|p2a: Seaking|Blizzard|p1a: Ivysaur
|-supereffective|p1a: Ivysaur
|-damage|p1a: Ivysaur|0 fnt
|faint|p1a: Ivysaur
|choice|switch 3|
|
|switch|p1a: Starmie|Starmie, L79|257\/257
|turn|24
|choice|move 3|switch 5
|
|switch|p2a: Primeape|Primeape, L90|300\/300
|move|p1a: Starmie|Thunderbolt|p2a: Primeape
|-damage|p2a: Primeape|231\/300
|
|turn|25
|choice|move 4|move 4
|
|move|p1a: Starmie|Surf|p2a: Primeape
|-damage|p2a: Primeape|121\/300
|move|p2a: Primeape|Body Slam|p1a: Starmie
|-damage|p1a: Starmie|179\/257
|-status|p1a: Starmie|par
|
|turn|26
|choice|move 4|switch 5
|
|switch|p2a: Seaking|Seaking, L90|214\/327
|move|p1a: Starmie|Surf|p2a: Seaking
|-resisted|p2a: Seaking
|-damage|p2a: Seaking|166\/327
|
|turn|27
|choice|move 3|move 3
|
|move|p2a: Seaking|Double-Edge|p1a: Starmie
|-damage|p1a: Starmie|97\/257 par
|-damage|p2a: Seaking|146\/327|[from] recoil|[of] p1a: Starmie
|move|p1a: Starmie|Thunderbolt|p2a: Seaking
|-supereffective|p2a: Seaking
|-damage|p2a: Seaking|33\/327
|
|turn|28
|choice|move 4|move 1
|
|move|p2a: Seaking|Hyper Beam|p1a: Starmie
|-damage|p1a: Starmie|0 fnt
|faint|p1a: Starmie
|choice|switch 6|
|
|switch|p1a: Magnemite|Magnemite, L96|243\/243
|turn|29
|choice|move 2|move 1
|
|move|p2a: Seaking|Hyper Beam|p1a: Magnemite
|-damage|p1a: Magnemite|119\/243
|move|p1a: Magnemite|Thunderbolt|p2a: Seaking
|-supereffective|p2a: Seaking
|-damage|p2a: Seaking|0 fnt
|faint|p2a: Seaking
|choice||switch 5
|
|switch|p2a: Primeape|Primeape, L90|121\/300
|turn|30
|choice|move 4|move 1
|
|move|p2a: Primeape|Hyper Beam|p1a: Magnemite
|-damage|p1a: Magnemite|0 fnt
|faint|p1a: Magnemite
|choice|switch 2|
|
|switch|p1a: Primeape|Primeape, L90|300\/300
|turn|31
|choice|move 3|move 4
|
|move|p1a: Primeape|Hyper Beam|p2a: Primeape
|-damage|p2a: Primeape|0 fnt
|faint|p2a: Primeape
|
|win|zeekmeat
|player|p1
|player|p2
|c|★callmebigmeat|gg
|c|★zeekmeat|Lil bitch
|l|callmebigmeat
|c|★zeekmeat|See me wit the hands lil NIH