|j|Ofursure
|j|Diddlyscart
|player|p1|Ofursure|155
|player|p2|Diddlyscart|266
|gametype|singles
|gen|1
|tier|[Gen 1] OU
|rated
|seed|60407,805,47313,37035
|rule|Sleep Clause Mod: Limit one foe put to sleep
|rule|Freeze Clause Mod: Limit one foe frozen
|rule|Species Clause: Limit one of each Pokémon
|rule|OHKO Clause: OHKO moves are banned
|rule|Evasion Moves Clause: Evasion moves are banned
|rule|HP Percentage Mod: HP is shown in percentages
|
|start
|switch|p1a: Alakazam|Alakazam|313\/313
|switch|p2a: Gengar|Gengar|323\/323
|turn|1
|choice|move 1|switch 3
|
|switch|p2a: Chansey|Chansey|703\/703
|move|p1a: Alakazam|Psychic|p2a: Chansey
|-damage|p2a: Chansey|578\/703
|-unboost|p2a: Chansey|spd|1
|-unboost|p2a: Chansey|spa|1
|
|turn|2
|choice|move 4|move 1
|
|move|p1a: Alakazam|Toxic|p2a: Chansey|[miss]
|-miss|p1a: Alakazam
|move|p2a: Chansey|Thunder Wave|p1a: Alakazam
|-status|p1a: Alakazam|par
|
|turn|3
|choice|move 1|switch 4
|
|switch|p2a: Snorlax|Snorlax|523\/523
|move|p1a: Alakazam|Psychic|p2a: Snorlax
|-crit|p2a: Snorlax
|-damage|p2a: Snorlax|193\/523
|
|turn|4
|choice|move 1|move 1
|
|move|p2a: Snorlax|Body Slam|p1a: Alakazam
|-damage|p1a: Alakazam|138\/313 par
|cant|p1a: Alakazam|par
|
|turn|5
|choice|switch 5|move 1
|
|switch|p1a: Rhydon|Rhydon|413\/413
|move|p2a: Snorlax|Body Slam|p1a: Rhydon
|-resisted|p1a: Rhydon
|-damage|p1a: Rhydon|365\/413
|
|turn|6
|choice|move 1|switch 5
|
|switch|p2a: Exeggutor|Exeggutor|393\/393
|move|p1a: Rhydon|Substitute|p1a: Rhydon
|-start|p1a: Rhydon|Substitute
|-damage|p1a: Rhydon|262\/413
|
|turn|7
|choice|move 4|move 1
|
|move|p2a: Exeggutor|Sleep Powder|p1a: Rhydon
|-status|p1a: Rhydon|slp
|cant|p1a: Rhydon|slp
|
|turn|8
|c|★Ofursure|because logic
|choice|move 4|move 2
|
|move|p2a: Exeggutor|Psychic|p1a: Rhydon
|-end|p1a: Rhydon|Substitute
|cant|p1a: Rhydon|slp
|
|turn|9
|c|★Diddlyscart|lol
|choice|switch 3|move 2
|
|switch|p1a: Slowbro|Slowbro|393\/393
|move|p2a: Exeggutor|Psychic|p1a: Slowbro
|-resisted|p1a: Slowbro
|-damage|p1a: Slowbro|318\/393
|
|turn|10
|choice|move 1|switch 5
|
|switch|p2a: Snorlax|Snorlax|193\/523
|move|p1a: Slowbro|Amnesia|p1a: Slowbro
|-boost|p1a: Slowbro|spd|2
|-boost|p1a: Slowbro|spa|2
|
|turn|11
|choice|move 4|move 4
|
|move|p1a: Slowbro|Psychic|p2a: Snorlax
|-damage|p2a: Snorlax|0 fnt
|faint|p2a: Snorlax
|choice||switch 6
|
|switch|p2a: Zapdos|Zapdos|383\/383
|turn|12
|choice|move 3|move 4
|
|move|p2a: Zapdos|Thunder Wave|p1a: Slowbro
|-status|p1a: Slowbro|par
|move|p1a: Slowbro|Thunder Wave|p2a: Zapdos
|-status|p2a: Zapdos|par
|
|turn|13
|choice|move 2|move 1
|
|cant|p2a: Zapdos|par
|move|p1a: Slowbro|Ice Beam|p2a: Zapdos
|-supereffective|p2a: Zapdos
|-damage|p2a: Zapdos|174\/383 par
|
|turn|14
|choice|move 2|move 1
|
|move|p2a: Zapdos|Thunderbolt|p1a: Slowbro
|-supereffective|p1a: Slowbro
|-damage|p1a: Slowbro|178\/393 par
|move|p1a: Slowbro|Ice Beam|p2a: Zapdos
|-supereffective|p2a: Zapdos
|-damage|p2a: Zapdos|0 fnt
|faint|p2a: Zapdos
|choice||switch 2
|
|switch|p2a: Tauros|Tauros|353\/353
|turn|15
|choice|move 4|move 1
|
|move|p2a: Tauros|Body Slam|p1a: Slowbro
|-damage|p1a: Slowbro|86\/393 par
|move|p1a: Slowbro|Psychic|p2a: Tauros
|-damage|p2a: Tauros|122\/353
|
|turn|16
|choice|switch 6|move 2
|
|switch|p1a: Tauros|Tauros|353\/353
|move|p2a: Tauros|Hyper Beam|p1a: Tauros
|-damage|p1a: Tauros|182\/353
|
|turn|17
|-mustrecharge|p2a: Tauros
|-mustrecharge|p2a: Tauros
|choice|move 4|move 1
|
|cant|p2a: Tauros|recharge
|move|p1a: Tauros|Hyper Beam|p2a: Tauros
|-damage|p2a: Tauros|0 fnt
|faint|p2a: Tauros
|choice||switch 3
|
|switch|p2a: Gengar|Gengar|323\/323
|turn|18
|choice|move 3|move 3
|
|move|p1a: Tauros|Earthquake|p2a: Gengar
|-supereffective|p2a: Gengar
|-damage|p2a: Gengar|98\/323
|move|p2a: Gengar|Thunderbolt|p1a: Tauros
|-damage|p1a: Tauros|64\/353
|
|turn|19
|choice|switch 4|move 3
|
|switch|p1a: Exeggutor|Exeggutor|393\/393
|move|p2a: Gengar|Thunderbolt|p1a: Exeggutor
|-resisted|p1a: Exeggutor
|-damage|p1a: Exeggutor|358\/393
|-status|p1a: Exeggutor|par
|
|turn|20
|choice|move 4|switch 4
|
|switch|p2a: Chansey|Chansey|578\/703
|move|p1a: Exeggutor|Sleep Powder|p2a: Chansey|[miss]
|-miss|p1a: Exeggutor
|
|turn|21
|choice|move 1|move 2
|
|move|p2a: Chansey|Ice Beam|p1a: Exeggutor
|-crit|p1a: Exeggutor
|-supereffective|p1a: Exeggutor
|-damage|p1a: Exeggutor|87\/393 par
|move|p1a: Exeggutor|Explosion|p2a: Chansey
|-damage|p2a: Chansey|0 fnt
|faint|p2a: Chansey
|faint|p1a: Exeggutor
|choice|switch 5|switch 5
|
|switch|p2a: Exeggutor|Exeggutor|393\/393
|switch|p1a: Alakazam|Alakazam|138\/313 par
|turn|22
|choice|move 4|move 2
|
|move|p2a: Exeggutor|Psychic|p1a: Alakazam
|-resisted|p1a: Alakazam
|-damage|p1a: Alakazam|88\/313 par
|move|p1a: Alakazam|Toxic|p2a: Exeggutor
|-status|p2a: Exeggutor|tox
|
|turn|23
|choice|move 3|move 2
|
|move|p2a: Exeggutor|Psychic|p1a: Alakazam
|-resisted|p1a: Alakazam
|-damage|p1a: Alakazam|40\/313 par
|-damage|p2a: Exeggutor|369\/393 tox|[from] tox|[of] p1a: Alakazam
|cant|p1a: Alakazam|par
|
|turn|24
|choice|move 3|move 2
|
|move|p2a: Exeggutor|Psychic|p1a: Alakazam
|-resisted|p1a: Alakazam
|-damage|p1a: Alakazam|0 fnt
|faint|p1a: Alakazam
|choice|switch 6|
|
|switch|p1a: Slowbro|Slowbro|86\/393 par
|turn|25
|choice|move 2|move 2
|
|move|p2a: Exeggutor|Psychic|p1a: Slowbro
|-resisted|p1a: Slowbro
|-damage|p1a: Slowbro|16\/393 par
|-unboost|p1a: Slowbro|spd|1
|-unboost|p1a: Slowbro|spa|1
|-damage|p2a: Exeggutor|321\/393 tox|[from] tox|[of] p1a: Slowbro
|move|p1a: Slowbro|Ice Beam|p2a: Exeggutor
|-supereffective|p2a: Exeggutor
|-damage|p2a: Exeggutor|248\/393 tox
|
|turn|26
|choice|move 2|move 2
|
|move|p2a: Exeggutor|Psychic|p1a: Slowbro
|-resisted|p1a: Slowbro
|-damage|p1a: Slowbro|0 fnt
|faint|p1a: Slowbro
|choice|switch 3|
|
|switch|p1a: Rhydon|Rhydon|262\/413 slp
|turn|27
|choice|move 4|move 3
|
|move|p2a: Exeggutor|Rest|p2a: Exeggutor
|-status|p2a: Exeggutor|slp
|-heal|p2a: Exeggutor|393\/393 slp|[silent]
|-status|p2a: Exeggutor|slp|[from] move: Rest
|cant|p1a: Rhydon|slp
|
|turn|28
|choice|switch 4|move 2
|
|switch|p1a: Tauros|Tauros|64\/353
|cant|p2a: Exeggutor|slp
|
|turn|29
|choice|move 2|move 2
|
|move|p1a: Tauros|Body Slam|p2a: Exeggutor
|-damage|p2a: Exeggutor|289\/393 slp
|-curestatus|p2a: Exeggutor|slp
|
|turn|30
|choice|switch 4|move 2
|
|switch|p1a: Rhydon|Rhydon|262\/413 slp
|move|p2a: Exeggutor|Psychic|p1a: Rhydon
|-damage|p1a: Rhydon|83\/413 slp
|
|turn|31
|choice|move 2|move 2
|
|move|p2a: Exeggutor|Psychic|p1a: Rhydon
|-damage|p1a: Rhydon|0 fnt
|faint|p1a: Rhydon
|choice|switch 2|
|
|switch|p1a: Dragonite|Dragonite|385\/385
|turn|32
|choice|move 1|move 1
|
|move|p1a: Dragonite|Agility|p1a: Dragonite
|-boost|p1a: Dragonite|spe|2
|move|p2a: Exeggutor|Sleep Powder|p1a: Dragonite
|-status|p1a: Dragonite|slp
|
|turn|33
|choice|move 4|move 2
|
|cant|p1a: Dragonite|slp
|move|p2a: Exeggutor|Psychic|p1a: Dragonite
|-crit|p1a: Dragonite
|-damage|p1a: Dragonite|158\/385 slp
|
|turn|34
|choice|move 4|move 2
|
|cant|p1a: Dragonite|slp
|move|p2a: Exeggutor|Psychic|p1a: Dragonite
|-damage|p1a: Dragonite|38\/385 slp
|
|turn|35
|choice|move 4|move 2
|
|cant|p1a: Dragonite|slp
|move|p2a: Exeggutor|Psychic|p1a: Dragonite
|-damage|p1a: Dragonite|0 fnt
|faint|p1a: Dragonite
|choice|switch 4|
|
|switch|p1a: Tauros|Tauros|64\/353
|turn|36
|choice|move 4|move 2
|
|move|p1a: Tauros|Hyper Beam|p2a: Exeggutor
|-damage|p2a: Exeggutor|93\/393
|move|p2a: Exeggutor|Psychic|p1a: Tauros
|-damage|p1a: Tauros|0 fnt
|faint|p1a: Tauros
|
|win|Diddlyscart
|player|p1
|player|p2
|l|Ofursure
|raw|Ofursure's rating: 1231 &rarr; <strong>1191<\/strong><br \/>(-40 for losing)
|raw|Diddlyscart's rating: 1000 &rarr; <strong>1063<\/strong><br \/>(+63 for winning)
|c|★Diddlyscart|gg...