|join|MALESANI
|join|cuffsaddy
|player|p1|MALESANI|238
|player|p2|cuffsaddy|161
|gametype|singles
|gen|1
|tier|[Gen 1] Random Battle
|rated
|seed|64189,29836,41251,61210
|rule|Sleep Clause Mod: Limit one foe put to sleep
|rule|Freeze Clause Mod: Limit one foe frozen
|rule|HP Percentage Mod: HP is shown in percentages
|
|start
|switch|p1a: Doduo|Doduo, L96|262\/262
|switch|p2a: Dragonair|Dragonair, L85|277\/277
|turn|1
|choice|switch 6|move 1
|
|switch|p1a: Primeape|Primeape, L90|300\/300
|move|p2a: Dragonair|Thunderbolt|p1a: Primeape
|-crit|p1a: Primeape
|-damage|p1a: Primeape|181\/300
|-status|p1a: Primeape|par
|
|turn|2
|choice|move 1|move 1
|
|move|p2a: Dragonair|Thunderbolt|p1a: Primeape
|-damage|p1a: Primeape|112\/300 par
|move|p1a: Primeape|Mega Kick|p2a: Dragonair
|-damage|p2a: Dragonair|155\/277
|
|turn|3
|choice|move 4|move 3
|
|move|p2a: Dragonair|Body Slam|p1a: Primeape
|-damage|p1a: Primeape|47\/300 par
|move|p1a: Primeape|Hyper Beam|p2a: Dragonair
|-damage|p2a: Dragonair|1\/277
|
|turn|4
|-mustrecharge|p1a: Primeape
|-mustrecharge|p1a: Primeape
|choice|move 1|move 3
|
|move|p2a: Dragonair|Body Slam|p1a: Primeape
|-damage|p1a: Primeape|0 fnt
|faint|p1a: Primeape
|choice|switch 3|
|
|switch|p1a: Charmeleon|Charmeleon, L85|272\/272
|turn|5
|choice|move 1|move 4
|
|move|p1a: Charmeleon|Seismic Toss|p2a: Dragonair
|-damage|p2a: Dragonair|0 fnt
|faint|p2a: Dragonair
|choice||switch 3
|
|switch|p2a: Dugtrio|Dugtrio, L85|233\/233
|turn|6
|choice|switch 6|move 1
|
|switch|p1a: Doduo|Doduo, L96|262\/262
|move|p2a: Dugtrio|Earthquake|p1a: Doduo
|-immune|p1a: Doduo|[msg]
|
|turn|7
|choice|move 3|move 2
|
|move|p2a: Dugtrio|Mimic|p1a: Doduo
|-start|p2a: Dugtrio|Mimic|Double-Edge
|move|p1a: Doduo|Double-Edge|p2a: Dugtrio
|-damage|p2a: Dugtrio|52\/233
|-damage|p1a: Doduo|217\/262|[from] recoil|[of] p2a: Dugtrio
|
|turn|8
|choice|move 3|switch 5
|
|switch|p2a: Hitmonlee|Hitmonlee, L90|273\/273
|move|p1a: Doduo|Double-Edge|p2a: Hitmonlee
|-damage|p2a: Hitmonlee|115\/273
|-damage|p1a: Doduo|178\/262|[from] recoil|[of] p2a: Hitmonlee
|
|turn|9
|choice|move 3|move 4
|
|move|p2a: Hitmonlee|Seismic Toss|p1a: Doduo
|-damage|p1a: Doduo|88\/262
|move|p1a: Doduo|Double-Edge|p2a: Hitmonlee
|-damage|p2a: Hitmonlee|0 fnt
|-damage|p1a: Doduo|60\/262|[from] recoil|[of] p2a: Hitmonlee
|faint|p2a: Hitmonlee
|choice||switch 4
|
|switch|p2a: Kangaskhan|Kangaskhan, L85|352\/352
|turn|10
|choice|move 3|move 4
|
|move|p1a: Doduo|Double-Edge|p2a: Kangaskhan
|-damage|p2a: Kangaskhan|229\/352
|-damage|p1a: Doduo|30\/262|[from] recoil|[of] p2a: Kangaskhan
|move|p2a: Kangaskhan|Surf|p1a: Doduo
|-damage|p1a: Doduo|0 fnt
|faint|p1a: Doduo
|choice|switch 2|
|
|switch|p1a: Omastar|Omastar, L90|309\/309
|turn|11
|choice|move 4|move 2
|
|move|p2a: Kangaskhan|Earthquake|p1a: Omastar
|-supereffective|p1a: Omastar
|-damage|p1a: Omastar|203\/309
|move|p1a: Omastar|Hydro Pump|p2a: Kangaskhan|[miss]
|-miss|p1a: Omastar
|
|turn|12
|choice|move 4|move 2
|
|move|p2a: Kangaskhan|Earthquake|p1a: Omastar
|-supereffective|p1a: Omastar
|-damage|p1a: Omastar|99\/309
|move|p1a: Omastar|Hydro Pump|p2a: Kangaskhan
|-damage|p2a: Kangaskhan|0 fnt
|faint|p2a: Kangaskhan
|choice||switch 2
|
|switch|p2a: Nidorino|Nidorino, L90|293\/293
|turn|13
|choice|switch 4|move 3
|
|switch|p1a: Graveler|Graveler, L85|267\/267
|move|p2a: Nidorino|Body Slam|p1a: Graveler
|-resisted|p1a: Graveler
|-damage|p1a: Graveler|243\/267
|
|turn|14
|choice|move 4|move 4
|
|move|p2a: Nidorino|Bubble Beam|p1a: Graveler
|-supereffective|p1a: Graveler
|-damage|p1a: Graveler|41\/267
|move|p1a: Graveler|Earthquake|p2a: Nidorino
|-supereffective|p2a: Nidorino
|-damage|p2a: Nidorino|49\/293
|
|turn|15
|choice|move 2|move 4
|
|move|p2a: Nidorino|Bubble Beam|p1a: Graveler
|-supereffective|p1a: Graveler
|-damage|p1a: Graveler|0 fnt
|faint|p1a: Graveler
|choice|switch 6|
|
|switch|p1a: Charmeleon|Charmeleon, L85|272\/272
|turn|16
|choice|move 1|move 4
|
|move|p1a: Charmeleon|Seismic Toss|p2a: Nidorino
|-damage|p2a: Nidorino|0 fnt
|faint|p2a: Nidorino
|choice||switch 5
|
|switch|p2a: Dugtrio|Dugtrio, L85|52\/233
|turn|17
|choice|switch 4|move 1
|
|switch|p1a: Omastar|Omastar, L90|99\/309
|move|p2a: Dugtrio|Earthquake|p1a: Omastar
|-supereffective|p1a: Omastar
|-damage|p1a: Omastar|0 fnt
|faint|p1a: Omastar
|choice|switch 5|
|
|switch|p1a: Machamp|Machamp, L90|345\/345
|turn|18
|choice|move 1|move 1
|
|move|p2a: Dugtrio|Earthquake|p1a: Machamp
|-damage|p1a: Machamp|255\/345
|move|p1a: Machamp|Body Slam|p2a: Dugtrio
|-damage|p2a: Dugtrio|0 fnt
|faint|p2a: Dugtrio
|choice||switch 6
|
|switch|p2a: Charmeleon|Charmeleon, L85|272\/272
|turn|19
|choice|move 2|move 3
|
|move|p2a: Charmeleon|Body Slam|p1a: Machamp
|-damage|p1a: Machamp|204\/345
|move|p1a: Machamp|Earthquake|p2a: Charmeleon
|-supereffective|p2a: Charmeleon
|-damage|p2a: Charmeleon|18\/272
|
|turn|20
|c|★cuffsaddy|gg
|c|★MALESANI|gg
|choice|move 1|move 4
|
|move|p2a: Charmeleon|Seismic Toss|p1a: Machamp
|-damage|p1a: Machamp|119\/345
|move|p1a: Machamp|Body Slam|p2a: Charmeleon
|-damage|p2a: Charmeleon|0 fnt
|faint|p2a: Charmeleon
|
|win|MALESANI
|raw|MALESANI's rating: 1304 &rarr; <strong>1313<\/strong><br \/>(+9 for winning)
|raw|cuffsaddy's rating: 1090 &rarr; <strong>1080<\/strong><br \/>(-10 for losing)