|join|kid gf lol
|join|SonicJaxx
|player|p1|kid gf lol|45
|player|p2|SonicJaxx|80
|gametype|singles
|gen|1
|tier|[Gen 1] OU (beta)
|rated
|rule|Sleep Clause Mod: Limit one foe put to sleep
|rule|Species Clause: Limit one of each Pokémon
|rule|OHKO Clause: OHKO moves are banned
|rule|Evasion Moves Clause: Evasion moves are banned
|
|start
|switch|p1a: Alakazam|Alakazam|313\/313
|switch|p2a: Alakazam|Alakazam|313\/313
|turn|1
|
|move|p1a: Alakazam|Thunder Wave|p2a: Alakazam
|-status|p2a: Alakazam|par
|move|p2a: Alakazam|Seismic Toss|p1a: Alakazam
|-damage|p1a: Alakazam|213\/313
|
|turn|2
|
|switch|p1a: Cloyster|Cloyster|303\/303
|switch|p2a: Exeggutor|Exeggutor|393\/393
|
|turn|3
|
|move|p1a: Cloyster|Clamp|p2a: Exeggutor
|-resisted|p2a: Exeggutor
|-damage|p2a: Exeggutor|376\/393
|-activate|p2a: Exeggutor|move: Clamp|[of] p1a: Cloyster
|cant|p2a: Exeggutor|partiallytrapped
|
|turn|4
|
|move|p1a: Cloyster|Clamp|p2a: Exeggutor
|-damage|p2a: Exeggutor|359\/393
|cant|p2a: Exeggutor|partiallytrapped
|
|-end|p2a: Exeggutor|Clamp|[partiallytrapped]
|turn|5
|
|move|p1a: Cloyster|Clamp|p2a: Exeggutor|[miss]
|-miss|p1a: Cloyster
|move|p2a: Exeggutor|Sleep Powder|p1a: Cloyster
|-status|p1a: Cloyster|slp
|
|turn|6
|
|switch|p1a: Alakazam|Alakazam|213\/313
|move|p2a: Exeggutor|Psychic|p1a: Alakazam
|-crit|p1a: Alakazam
|-resisted|p1a: Alakazam
|-damage|p1a: Alakazam|107\/313
|-unboost|p1a: Alakazam|spd|1
|-unboost|p1a: Alakazam|spa|1
|
|turn|7
|
|move|p1a: Alakazam|Thunder Wave|p2a: Exeggutor
|-status|p2a: Exeggutor|par
|move|p2a: Exeggutor|Psychic|p1a: Alakazam
|-resisted|p1a: Alakazam
|-damage|p1a: Alakazam|27\/313
|
|turn|8
|
|move|p1a: Alakazam|Recover|p1a: Alakazam
|-heal|p1a: Alakazam|183\/313
|move|p2a: Exeggutor|Hyper Beam|p1a: Alakazam
|-damage|p1a: Alakazam|6\/313
|
|turn|9
|
|move|p1a: Alakazam|Recover|p1a: Alakazam
|-heal|p1a: Alakazam|162\/313
|cant|p2a: Exeggutor|recharge
|
|turn|10
|
|move|p1a: Alakazam|Recover|p1a: Alakazam
|-heal|p1a: Alakazam|313\/313
|cant|p2a: Exeggutor|par
|
|turn|11
|
|move|p1a: Alakazam|Seismic Toss|p2a: Exeggutor
|-damage|p2a: Exeggutor|259\/393 par
|move|p2a: Exeggutor|Psychic|p1a: Alakazam
|-resisted|p1a: Alakazam
|-damage|p1a: Alakazam|241\/313
|
|turn|12
|
|switch|p1a: Golem|Golem|363\/363
|cant|p2a: Exeggutor|par
|
|turn|13
|
|switch|p1a: Alakazam|Alakazam|241\/313
|move|p2a: Exeggutor|Psychic|p1a: Alakazam
|-crit|p1a: Alakazam
|-resisted|p1a: Alakazam
|-damage|p1a: Alakazam|140\/313
|-unboost|p1a: Alakazam|spd|1
|-unboost|p1a: Alakazam|spa|1
|
|turn|14
|
|move|p1a: Alakazam|Seismic Toss|p2a: Exeggutor
|-damage|p2a: Exeggutor|159\/393 par
|move|p2a: Exeggutor|Psychic|p1a: Alakazam
|-resisted|p1a: Alakazam
|-damage|p1a: Alakazam|68\/313
|
|turn|15
|
|move|p1a: Alakazam|Recover|p1a: Alakazam
|-heal|p1a: Alakazam|224\/313
|move|p2a: Exeggutor|Psychic|p1a: Alakazam
|-resisted|p1a: Alakazam
|-damage|p1a: Alakazam|147\/313
|-unboost|p1a: Alakazam|spd|1
|-unboost|p1a: Alakazam|spa|1
|
|turn|16
|
|move|p1a: Alakazam|Recover|p1a: Alakazam
|-heal|p1a: Alakazam|303\/313
|move|p2a: Exeggutor|Psychic|p1a: Alakazam
|-resisted|p1a: Alakazam
|-damage|p1a: Alakazam|200\/313
|-unboost|p1a: Alakazam|spd|1
|-unboost|p1a: Alakazam|spa|1
|
|turn|17
|
|switch|p1a: Golem|Golem|363\/363
|cant|p2a: Exeggutor|par
|
|turn|18
|
|switch|p1a: Tauros|Tauros|353\/353
|move|p2a: Exeggutor|Hyper Beam|p1a: Tauros
|-damage|p1a: Tauros|245\/353
|
|turn|19
|
|move|p1a: Tauros|Hyper Beam|p2a: Exeggutor
|-crit|p2a: Exeggutor
|-damage|p2a: Exeggutor|0 fnt
|faint|p2a: Exeggutor
|
|switch|p2a: Tauros|Tauros|353\/353
|turn|20
|
|move|p1a: Tauros|Body Slam|p2a: Tauros
|-damage|p2a: Tauros|258\/353
|move|p2a: Tauros|Body Slam|p1a: Tauros
|-damage|p1a: Tauros|142\/353
|
|turn|21
|
|move|p2a: Tauros|Earthquake|p1a: Tauros
|-crit|p1a: Tauros
|-damage|p1a: Tauros|0 fnt
|faint|p1a: Tauros
|
|switch|p1a: Exeggutor|Exeggutor|393\/393
|turn|22
|
|switch|p2a: Alakazam|Alakazam|313\/313 par
|move|p1a: Exeggutor|Sleep Powder|p2a: Alakazam
|-fail|p2a: Alakazam
|
|turn|23
|
|switch|p1a: Chansey|Chansey|703\/703
|move|p2a: Alakazam|Seismic Toss|p1a: Chansey
|-damage|p1a: Chansey|603\/703
|
|turn|24
|
|move|p1a: Chansey|Thunderbolt|p2a: Alakazam
|-damage|p2a: Alakazam|247\/313 par
|cant|p2a: Alakazam|par
|
|turn|25
|
|move|p1a: Chansey|Thunderbolt|p2a: Alakazam
|-crit|p2a: Alakazam
|-damage|p2a: Alakazam|132\/313 par
|move|p2a: Alakazam|Seismic Toss|p1a: Chansey
|-damage|p1a: Chansey|503\/703
|
|turn|26
|
|switch|p1a: Golem|Golem|363\/363
|cant|p2a: Alakazam|par
|
|turn|27
|
|switch|p2a: Snorlax|Snorlax|523\/523
|move|p1a: Golem|Earthquake|p2a: Snorlax
|-damage|p2a: Snorlax|365\/523
|
|turn|28
|
|switch|p1a: Exeggutor|Exeggutor|393\/393
|move|p2a: Snorlax|Earthquake|p1a: Exeggutor
|-resisted|p1a: Exeggutor
|-damage|p1a: Exeggutor|345\/393
|
|turn|29
|
|switch|p1a: Golem|Golem|363\/363
|switch|p2a: Alakazam|Alakazam|132\/313 par
|
|turn|30
|
|switch|p2a: Snorlax|Snorlax|365\/523
|move|p1a: Golem|Earthquake|p2a: Snorlax
|-damage|p2a: Snorlax|209\/523
|
|turn|31
|
|switch|p1a: Exeggutor|Exeggutor|345\/393
|move|p2a: Snorlax|Rest|p2a: Snorlax
|-status|p2a: Snorlax|slp
|-heal|p2a: Snorlax|523\/523 slp|[silent]
|-status|p2a: Snorlax|slp|[from] move: Rest
|
|turn|32
|
|switch|p1a: Golem|Golem|363\/363
|switch|p2a: Chansey|Chansey|703\/703
|
|turn|33
|
|move|p2a: Chansey|Thunderbolt|p1a: Golem
|-immune|p1a: Golem|[msg]
|move|p1a: Golem|Explosion|p2a: Chansey
|-damage|p2a: Chansey|0 fnt
|faint|p2a: Chansey
|faint|p1a: Golem
|
|switch|p1a: Alakazam|Alakazam|200\/313
|switch|p2a: Tauros|Tauros|258\/353
|turn|34
|
|move|p1a: Alakazam|Psychic|p2a: Tauros
|-damage|p2a: Tauros|83\/353
|move|p2a: Tauros|Body Slam|p1a: Alakazam
|-damage|p1a: Alakazam|42\/313
|
|turn|35
|
|switch|p2a: Alakazam|Alakazam|132\/313 par
|move|p1a: Alakazam|Psychic|p2a: Alakazam
|-resisted|p2a: Alakazam
|-damage|p2a: Alakazam|81\/313 par
|
|turn|36
|
|move|p1a: Alakazam|Seismic Toss|p2a: Alakazam
|-damage|p2a: Alakazam|0 fnt
|faint|p2a: Alakazam
|
|switch|p2a: Gengar|Gengar|323\/323
|turn|37
|
|move|p1a: Alakazam|Recover|p1a: Alakazam
|-heal|p1a: Alakazam|198\/313
|move|p2a: Gengar|Night Shade|p1a: Alakazam
|-damage|p1a: Alakazam|98\/313
|
|turn|38
|
|move|p1a: Alakazam|Recover|p1a: Alakazam
|-heal|p1a: Alakazam|254\/313
|move|p2a: Gengar|Hypnosis|p1a: Alakazam
|-message|Sleep Clause Mod activated.
|
|turn|39
|join|gudituti
|
|switch|p2a: Snorlax|Snorlax|523\/523 slp
|move|p1a: Alakazam|Psychic|p2a: Snorlax
|-damage|p2a: Snorlax|364\/523 slp
|
|turn|40
|
|move|p1a: Alakazam|Psychic|p2a: Snorlax
|-damage|p2a: Snorlax|184\/523 slp
|-unboost|p2a: Snorlax|spd|1
|-unboost|p2a: Snorlax|spa|1
|cant|p2a: Snorlax|slp
|
|turn|41
|-message|SonicJaxx forfeited.
|
|win|kid gf lol
|raw|Ladder updating...
|leave|SonicJaxx
|player|p2
|raw|kid gf lol's rating: 1506 &rarr; <strong>1516<\/strong><br \/>(+10 for winning)
|raw|SonicJaxx's rating: 1325 &rarr; <strong>1315<\/strong><br \/>(-10 for losing)