|join|uvash2
|join|Conman033
|player|p1|uvash2|1
|player|p2|Conman033|162
|gametype|singles
|gen|1
|tier|[Gen 1] Random Battle
|rated
|seed|59658,4357,60995,46968
|rule|Sleep Clause Mod: Limit one foe put to sleep
|rule|Freeze Clause Mod: Limit one foe frozen
|rule|HP Percentage Mod: HP is shown in percentages
|
|start
|switch|p1a: Weezing|Weezing, L90|300\/300
|switch|p2a: Jigglypuff|Jigglypuff, L99|428\/428
|turn|1
|choice|move 3|move 3
|
|move|p1a: Weezing|Sludge|p2a: Jigglypuff
|-damage|p2a: Jigglypuff|295\/428
|-status|p2a: Jigglypuff|psn
|move|p2a: Jigglypuff|Thunder Wave|p1a: Weezing
|-status|p1a: Weezing|par
|-damage|p2a: Jigglypuff|269\/428 psn|[from] psn|[of] p1a: Weezing
|
|turn|2
|choice|move 3|move 4
|
|move|p2a: Jigglypuff|Disable|p1a: Weezing|[miss]
|-miss|p2a: Jigglypuff
|-damage|p2a: Jigglypuff|243\/428 psn|[from] psn|[of] p1a: Weezing
|cant|p1a: Weezing|par
|
|turn|3
|choice|move 3|move 4
|
|move|p2a: Jigglypuff|Disable|p1a: Weezing
|-start|p1a: Weezing|Disable|Thunder
|-damage|p2a: Jigglypuff|217\/428 psn|[from] psn|[of] p1a: Weezing
|move|p1a: Weezing|Sludge|p2a: Jigglypuff
|-damage|p2a: Jigglypuff|86\/428 psn
|
|turn|4
|choice|move 3|move 3
|
|move|p2a: Jigglypuff|Thunder Wave|p1a: Weezing
|-fail|p1a: Weezing|par
|-damage|p2a: Jigglypuff|60\/428 psn|[from] psn|[of] p1a: Weezing
|move|p1a: Weezing|Sludge|p2a: Jigglypuff
|-damage|p2a: Jigglypuff|0 fnt
|faint|p2a: Jigglypuff
|choice||switch 3
|
|switch|p2a: Golem|Golem, L79|288\/288
|turn|5
|choice|switch 3|move 1
|
|switch|p1a: Gyarados|Gyarados, L85|335\/335
|move|p2a: Golem|Earthquake|p1a: Gyarados
|-immune|p1a: Gyarados|[msg]
|
|turn|6
|choice|move 2|switch 2
|
|switch|p2a: Omastar|Omastar, L90|309\/309
|move|p1a: Gyarados|Surf|p2a: Omastar
|-damage|p2a: Omastar|231\/309
|
|turn|7
|choice|move 4|move 1
|
|move|p1a: Gyarados|Thunderbolt|p2a: Omastar
|-supereffective|p2a: Omastar
|-damage|p2a: Omastar|113\/309
|move|p2a: Omastar|Blizzard|p1a: Gyarados
|-damage|p1a: Gyarados|237\/335
|
|turn|8
|choice|move 4|switch 6
|
|switch|p2a: Jolteon|Jolteon, L79|265\/265
|move|p1a: Gyarados|Thunderbolt|p2a: Jolteon
|-resisted|p2a: Jolteon
|-damage|p2a: Jolteon|234\/265
|
|turn|9
|choice|switch 6|move 1
|
|switch|p1a: Rhydon|Rhydon, L79|328\/328
|move|p2a: Jolteon|Thunderbolt|p1a: Rhydon
|-immune|p1a: Rhydon|[msg]
|
|turn|10
|choice|move 1|switch 2
|
|switch|p2a: Golem|Golem, L79|288\/288
|move|p1a: Rhydon|Earthquake|p2a: Golem
|-supereffective|p2a: Golem
|-damage|p2a: Golem|112\/288
|
|turn|11
|choice|switch 5|move 1
|
|switch|p1a: Tauros|Tauros, L79|280\/280
|move|p2a: Golem|Earthquake|p1a: Tauros
|-damage|p1a: Tauros|181\/280
|
|turn|12
|choice|move 1|move 4
|
|move|p1a: Tauros|Earthquake|p2a: Golem
|-supereffective|p2a: Golem
|-damage|p2a: Golem|7\/288
|move|p2a: Golem|Explosion|p1a: Tauros
|-crit|p1a: Tauros
|-damage|p1a: Tauros|0 fnt
|faint|p1a: Tauros
|faint|p2a: Golem
|choice|switch 3|switch 6
|
|switch|p2a: Omastar|Omastar, L90|113\/309
|switch|p1a: Weezing|Weezing, L90|300\/300 par
|turn|13
|c|★Conman033|since you already have an all star team, im just gonna assume u have a mewtwo and dragonite
|choice|move 2|move 3
|
|move|p2a: Omastar|Surf|p1a: Weezing
|-damage|p1a: Weezing|178\/300 par
|move|p1a: Weezing|Thunder|p2a: Omastar
|-supereffective|p2a: Omastar
|-damage|p2a: Omastar|0 fnt
|faint|p2a: Omastar
|choice||switch 5
|
|switch|p2a: Jynx|Jynx, L79|265\/265
|turn|14
|choice|switch 2|move 2
|
|switch|p1a: Hypno|Hypno, L85|318\/318
|move|p2a: Jynx|Psychic|p1a: Hypno
|-resisted|p1a: Hypno
|-damage|p1a: Hypno|281\/318
|-unboost|p1a: Hypno|spd|1
|-unboost|p1a: Hypno|spa|1
|
|turn|15
|choice|move 4|move 4
|
|move|p2a: Jynx|Lovely Kiss|p1a: Hypno
|-status|p1a: Hypno|slp
|cant|p1a: Hypno|slp
|
|turn|16
|choice|switch 6|move 1
|
|switch|p1a: Gyarados|Gyarados, L85|237\/335
|move|p2a: Jynx|Blizzard|p1a: Gyarados|[miss]
|-miss|p2a: Jynx
|
|turn|17
|choice|move 3|move 1
|
|move|p2a: Jynx|Blizzard|p1a: Gyarados
|-damage|p1a: Gyarados|135\/335
|move|p1a: Gyarados|Hyper Beam|p2a: Jynx
|-damage|p2a: Jynx|24\/265
|
|turn|18
|-mustrecharge|p1a: Gyarados
|-mustrecharge|p1a: Gyarados
|choice|move 1|move 2
|
|move|p2a: Jynx|Psychic|p1a: Gyarados
|-damage|p1a: Gyarados|55\/335
|-unboost|p1a: Gyarados|spd|1
|-unboost|p1a: Gyarados|spa|1
|cant|p1a: Gyarados|recharge
|
|turn|19
|choice|switch 6|move 2
|
|switch|p1a: Hypno|Hypno, L85|281\/318 slp
|move|p2a: Jynx|Psychic|p1a: Hypno
|-resisted|p1a: Hypno
|-damage|p1a: Hypno|246\/318 slp
|-unboost|p1a: Hypno|spd|1
|-unboost|p1a: Hypno|spa|1
|
|turn|20
|choice|move 1|move 2
|
|move|p2a: Jynx|Psychic|p1a: Hypno
|-resisted|p1a: Hypno
|-damage|p1a: Hypno|198\/318 slp
|-curestatus|p1a: Hypno|slp
|
|turn|21
|choice|move 1|move 4
|
|move|p2a: Jynx|Lovely Kiss|p1a: Hypno
|-status|p1a: Hypno|slp
|-curestatus|p1a: Hypno|slp
|
|turn|22
|choice|move 1|move 4
|
|move|p2a: Jynx|Lovely Kiss|p1a: Hypno
|-status|p1a: Hypno|slp
|cant|p1a: Hypno|slp
|
|turn|23
|choice|move 1|move 1
|
|move|p2a: Jynx|Blizzard|p1a: Hypno
|-damage|p1a: Hypno|55\/318 slp
|cant|p1a: Hypno|slp
|
|turn|24
|choice|move 1|move 2
|
|move|p2a: Jynx|Psychic|p1a: Hypno
|-resisted|p1a: Hypno
|-damage|p1a: Hypno|3\/318 slp
|cant|p1a: Hypno|slp
|
|turn|25
|choice|move 1|move 3
|
|move|p2a: Jynx|Mimic|p1a: Hypno
|-start|p2a: Jynx|Mimic|Rest
|cant|p1a: Hypno|slp
|
|turn|26
|choice|move 1|move 2
|
|move|p2a: Jynx|Psychic|p1a: Hypno
|-resisted|p1a: Hypno
|-damage|p1a: Hypno|0 fnt
|faint|p1a: Hypno
|choice|switch 4|
|
|switch|p1a: Golbat|Golbat, L90|318\/318
|turn|27
|choice|move 1|switch 2
|
|switch|p2a: Jolteon|Jolteon, L79|234\/265
|move|p1a: Golbat|Double-Edge|p2a: Jolteon
|-damage|p2a: Jolteon|146\/265
|-damage|p1a: Golbat|296\/318|[from] recoil|[of] p2a: Jolteon
|
|turn|28
|choice|switch 5|switch 4
|
|switch|p2a: Nidoking|Nidoking, L85|311\/311
|switch|p1a: Rhydon|Rhydon, L79|328\/328
|
|turn|29
|choice|switch 6|move 1
|
|switch|p1a: Gyarados|Gyarados, L85|55\/335
|move|p2a: Nidoking|Earthquake|p1a: Gyarados
|-immune|p1a: Gyarados|[msg]
|
|turn|30
|choice|move 2|move 4
|
|move|p2a: Nidoking|Body Slam|p1a: Gyarados
|-crit|p1a: Gyarados
|-damage|p1a: Gyarados|0 fnt
|faint|p1a: Gyarados
|choice|switch 2|
|
|switch|p1a: Weezing|Weezing, L90|178\/300 par
|turn|31
|choice|move 1|switch 4
|
|switch|p2a: Jolteon|Jolteon, L79|146\/265
|cant|p1a: Weezing|par
|
|turn|32
|choice|move 1|move 1
|
|move|p2a: Jolteon|Thunderbolt|p1a: Weezing
|-damage|p1a: Weezing|84\/300 par
|move|p1a: Weezing|Explosion|p2a: Jolteon
|-crit|p2a: Jolteon
|-damage|p2a: Jolteon|0 fnt
|faint|p2a: Jolteon
|faint|p1a: Weezing
|choice|switch 5|switch 2
|
|switch|p1a: Golbat|Golbat, L90|296\/318
|switch|p2a: Jynx|Jynx, L79|24\/265
|turn|33
|choice|move 1|move 4
|
|move|p1a: Golbat|Double-Edge|p2a: Jynx
|-damage|p2a: Jynx|0 fnt
|-damage|p1a: Golbat|290\/318|[from] recoil|[of] p2a: Jynx
|faint|p2a: Jynx
|choice||switch 4
|
|switch|p2a: Nidoking|Nidoking, L85|311\/311
|turn|34
|choice|move 4|move 2
|
|move|p1a: Golbat|Screech|p2a: Nidoking
|-unboost|p2a: Nidoking|def|2
|move|p2a: Nidoking|Blizzard|p1a: Golbat
|-crit|p1a: Golbat
|-supereffective|p1a: Golbat
|-damage|p1a: Golbat|0 fnt
|faint|p1a: Golbat
|choice|switch 6|
|
|switch|p1a: Rhydon|Rhydon, L79|328\/328
|turn|35
|choice|move 1|move 2
|
|move|p2a: Nidoking|Blizzard|p1a: Rhydon
|-supereffective|p1a: Rhydon
|-damage|p1a: Rhydon|116\/328
|move|p1a: Rhydon|Earthquake|p2a: Nidoking
|-supereffective|p2a: Nidoking
|-damage|p2a: Nidoking|0 fnt
|faint|p2a: Nidoking
|
|win|uvash2
|raw|uvash2's rating: 1203 &rarr; <strong>1235<\/strong><br \/>(+32 for winning)
|raw|Conman033's rating: 1312 &rarr; <strong>1286<\/strong><br \/>(-26 for losing)
|leave|Conman033
|player|p2