|j|Dervodel2
|j|Vitako
|player|p1|Dervodel2|238
|player|p2|Vitako|92
|gametype|singles
|gen|1
|tier|[Gen 1] Random Battle
|rated
|seed|63135,46089,5559,36906
|rule|Sleep Clause Mod: Limit one foe put to sleep
|rule|Freeze Clause Mod: Limit one foe frozen
|rule|HP Percentage Mod: HP is shown in percentages
|
|start
|switch|p1a: Dewgong|Dewgong, L85|327\/327
|switch|p2a: Psyduck|Psyduck, L96|291\/291
|turn|1
|choice|switch 6|move 1
|
|switch|p1a: Zapdos|Zapdos, L79|304\/304
|move|p2a: Psyduck|Amnesia|p2a: Psyduck
|-boost|p2a: Psyduck|spd|2
|-boost|p2a: Psyduck|spa|2
|
|turn|2
|choice|move 3|move 2
|
|move|p1a: Zapdos|Thunderbolt|p2a: Psyduck
|-supereffective|p2a: Psyduck
|-damage|p2a: Psyduck|164\/291
|move|p2a: Psyduck|Ice Beam|p1a: Zapdos
|-supereffective|p1a: Zapdos
|-damage|p1a: Zapdos|105\/304
|
|turn|3
|choice|move 3|move 2
|
|move|p1a: Zapdos|Thunderbolt|p2a: Psyduck
|-crit|p2a: Psyduck
|-supereffective|p2a: Psyduck
|-damage|p2a: Psyduck|0 fnt
|faint|p2a: Psyduck
|choice||switch 6
|
|switch|p2a: Arcanine|Arcanine, L85|327\/327
|turn|4
|choice|move 1|move 3
|
|move|p2a: Arcanine|Fire Blast|p1a: Zapdos
|-damage|p1a: Zapdos|3\/304
|move|p1a: Zapdos|Thunder Wave|p2a: Arcanine
|-status|p2a: Arcanine|par
|
|turn|5
|choice|move 3|move 2
|
|move|p1a: Zapdos|Thunderbolt|p2a: Arcanine
|-damage|p2a: Arcanine|227\/327 par
|cant|p2a: Arcanine|par
|
|turn|6
|choice|move 3|move 2
|
|move|p1a: Zapdos|Thunderbolt|p2a: Arcanine
|-damage|p2a: Arcanine|115\/327 par
|move|p2a: Arcanine|Hyper Beam|p1a: Zapdos
|-damage|p1a: Zapdos|0 fnt
|faint|p1a: Zapdos
|choice|switch 2|
|
|switch|p1a: Ekans|Ekans, L96|262\/262
|turn|7
|choice|move 1|move 3
|
|move|p1a: Ekans|Rock Slide|p2a: Arcanine
|-supereffective|p2a: Arcanine
|-damage|p2a: Arcanine|8\/327 par
|move|p2a: Arcanine|Fire Blast|p1a: Ekans
|-crit|p1a: Ekans
|-damage|p1a: Ekans|0 fnt
|faint|p1a: Ekans
|choice|switch 4|
|
|switch|p1a: Poliwhirl|Poliwhirl, L85|284\/284
|turn|8
|choice|move 1|move 2
|
|move|p1a: Poliwhirl|Amnesia|p1a: Poliwhirl
|-boost|p1a: Poliwhirl|spd|2
|-boost|p1a: Poliwhirl|spa|2
|move|p2a: Arcanine|Hyper Beam|p1a: Poliwhirl
|-damage|p1a: Poliwhirl|141\/284
|
|turn|9
|-mustrecharge|p2a: Arcanine
|-mustrecharge|p2a: Arcanine
|choice|move 1|move 1
|
|move|p1a: Poliwhirl|Amnesia|p1a: Poliwhirl
|-boost|p1a: Poliwhirl|spd|2
|-boost|p1a: Poliwhirl|spa|2
|cant|p2a: Arcanine|recharge
|
|turn|10
|choice|move 4|move 2
|
|move|p1a: Poliwhirl|Surf|p2a: Arcanine
|-supereffective|p2a: Arcanine
|-damage|p2a: Arcanine|0 fnt
|faint|p2a: Arcanine
|choice||switch 2
|
|switch|p2a: Jolteon|Jolteon, L79|265\/265
|turn|11
|choice|move 3|move 1
|
|move|p2a: Jolteon|Thunderbolt|p1a: Poliwhirl
|-supereffective|p1a: Poliwhirl
|-damage|p1a: Poliwhirl|48\/284
|move|p1a: Poliwhirl|Psychic|p2a: Jolteon
|-damage|p2a: Jolteon|146\/265
|
|turn|12
|choice|move 2|move 1
|
|move|p2a: Jolteon|Thunderbolt|p1a: Poliwhirl
|-supereffective|p1a: Poliwhirl
|-damage|p1a: Poliwhirl|0 fnt
|faint|p1a: Poliwhirl
|choice|switch 5|
|
|switch|p1a: Snorlax|Snorlax, L79|415\/415
|turn|13
|choice|move 2|move 2
|
|move|p2a: Jolteon|Double Kick|p1a: Snorlax
|-crit|p1a: Snorlax
|-supereffective|p1a: Snorlax
|-damage|p1a: Snorlax|335\/415
|-damage|p1a: Snorlax|255\/415
|-hitcount|p1a: Snorlax|2
|move|p1a: Snorlax|Body Slam|p2a: Jolteon
|-damage|p2a: Jolteon|37\/265
|
|turn|14
|choice|move 2|move 2
|
|move|p2a: Jolteon|Double Kick|p1a: Snorlax
|-crit|p1a: Snorlax
|-supereffective|p1a: Snorlax
|-damage|p1a: Snorlax|183\/415
|-damage|p1a: Snorlax|111\/415
|-hitcount|p1a: Snorlax|2
|move|p1a: Snorlax|Body Slam|p2a: Jolteon
|-damage|p2a: Jolteon|0 fnt
|faint|p2a: Jolteon
|choice||switch 4
|
|switch|p2a: Pinsir|Pinsir, L85|284\/284
|turn|15
|choice|move 2|move 3
|
|move|p2a: Pinsir|Submission|p1a: Snorlax
|-supereffective|p1a: Snorlax
|-damage|p1a: Snorlax|0 fnt
|-damage|p2a: Pinsir|257\/284|[from] recoil|[of] p1a: Snorlax
|faint|p1a: Snorlax
|choice|switch 3|
|
|switch|p1a: Dragonair|Dragonair, L85|277\/277
|turn|16
|choice|move 3|move 4
|
|move|p2a: Pinsir|Body Slam|p1a: Dragonair
|-damage|p1a: Dragonair|194\/277
|move|p1a: Dragonair|Blizzard|p2a: Pinsir
|-damage|p2a: Pinsir|164\/284
|-status|p2a: Pinsir|frz
|
|turn|17
|choice|move 1|move 2
|
|cant|p2a: Pinsir|frz
|move|p1a: Dragonair|Agility|p1a: Dragonair
|-boost|p1a: Dragonair|spe|2
|
|turn|18
|choice|move 2|move 2
|
|move|p1a: Dragonair|Substitute|p1a: Dragonair
|-start|p1a: Dragonair|Substitute
|-damage|p1a: Dragonair|125\/277
|cant|p2a: Pinsir|frz
|
|turn|19
|choice|move 4|move 2
|
|move|p1a: Dragonair|Body Slam|p2a: Pinsir
|-damage|p2a: Pinsir|115\/284 frz
|cant|p2a: Pinsir|frz
|
|turn|20
|choice|move 3|move 2
|
|move|p1a: Dragonair|Blizzard|p2a: Pinsir
|-damage|p2a: Pinsir|23\/284 frz
|cant|p2a: Pinsir|frz
|
|turn|21
|choice|move 4|move 4
|
|move|p1a: Dragonair|Body Slam|p2a: Pinsir
|-damage|p2a: Pinsir|0 fnt
|faint|p2a: Pinsir
|choice||switch 3
|
|switch|p2a: Butterfree|Butterfree, L90|291\/291
|turn|22
|choice|move 3|move 3
|
|move|p1a: Dragonair|Blizzard|p2a: Butterfree
|-crit|p2a: Butterfree
|-supereffective|p2a: Butterfree
|-damage|p2a: Butterfree|16\/291
|move|p2a: Butterfree|Psychic|p1a: Dragonair
|-end|p1a: Dragonair|Substitute
|
|turn|23
|choice|move 4|move 3
|
|move|p1a: Dragonair|Body Slam|p2a: Butterfree
|-damage|p2a: Butterfree|0 fnt
|faint|p2a: Butterfree
|choice||switch 5
|
|switch|p2a: Weezing|Weezing, L90|300\/300
|turn|24
|choice|move 3|move 1
|
|move|p1a: Dragonair|Blizzard|p2a: Weezing
|-damage|p2a: Weezing|231\/300
|move|p2a: Weezing|Explosion|p1a: Dragonair
|-damage|p1a: Dragonair|0 fnt
|faint|p1a: Dragonair
|faint|p2a: Weezing
|
|win|Dervodel2
|player|p1
|player|p2
|raw|Dervodel2's rating: 1397 &rarr; <strong>1406<\/strong><br \/>(+9 for winning)
|raw|Vitako's rating: 1190 &rarr; <strong>1178<\/strong><br \/>(-12 for losing)