|j|Bug Meteor
|j|Nintendi
|player|p1|Bug Meteor|127
|player|p2|Nintendi|178
|gametype|singles
|gen|1
|tier|[Gen 1] OU
|seed|9876,28959,65519,16437
|rule|Sleep Clause Mod: Limit one foe put to sleep
|rule|Freeze Clause Mod: Limit one foe frozen
|rule|Species Clause: Limit one of each Pokémon
|rule|OHKO Clause: OHKO moves are banned
|rule|Evasion Moves Clause: Evasion moves are banned
|rule|HP Percentage Mod: HP is shown in percentages
|
|start
|switch|p1a: Gengar|Gengar|323\/323
|switch|p2a: Gengar|Gengar|323\/323
|turn|1
|choice|move 1|move 1
|
|move|p2a: Gengar|Hypnosis|p1a: Gengar
|-status|p1a: Gengar|slp
|-curestatus|p1a: Gengar|slp
|
|turn|2
|c|★Bug Meteor|love it
|choice|move 1|move 1
|
|move|p1a: Gengar|Hypnosis|p2a: Gengar
|-status|p2a: Gengar|slp
|cant|p2a: Gengar|slp
|
|turn|3
|c|★Nintendi|melhor gen
|choice|switch 4|move 1
|
|switch|p1a: Alakazam|Alakazam|313\/313
|-curestatus|p2a: Gengar|slp
|
|turn|4
|choice|move 1|switch 2
|
|switch|p2a: Chansey|Chansey|703\/703
|move|p1a: Alakazam|Psychic|p2a: Chansey
|-damage|p2a: Chansey|565\/703
|-unboost|p2a: Chansey|spd|1
|-unboost|p2a: Chansey|spa|1
|
|turn|5
|choice|switch 4|move 2
|
|switch|p1a: Gengar|Gengar|323\/323
|move|p2a: Chansey|Ice Beam|p1a: Gengar
|-damage|p1a: Gengar|281\/323
|
|turn|6
|choice|move 1|switch 2
|
|switch|p2a: Gengar|Gengar|323\/323
|move|p1a: Gengar|Hypnosis|p2a: Gengar|[miss]
|-miss|p1a: Gengar
|
|turn|7
|choice|move 1|move 1
|
|move|p1a: Gengar|Hypnosis|p2a: Gengar|[miss]
|-miss|p1a: Gengar
|move|p2a: Gengar|Hypnosis|p1a: Gengar|[miss]
|-miss|p2a: Gengar
|
|turn|8
|c|★Bug Meteor|Uiii
|c|★Bug Meteor|Deu um gelo na barriga
|c|★Bug Meteor|lol
|choice|move 1|move 1
|
|move|p1a: Gengar|Hypnosis|p2a: Gengar|[miss]
|-miss|p1a: Gengar
|move|p2a: Gengar|Hypnosis|p1a: Gengar
|-status|p1a: Gengar|slp
|
|turn|9
|c|★Nintendi|mas gente
|choice|move 1|move 2
|
|-curestatus|p1a: Gengar|slp
|move|p2a: Gengar|Thunderbolt|p1a: Gengar
|-damage|p1a: Gengar|204\/323
|
|turn|10
|choice|move 1|move 1
|
|move|p1a: Gengar|Hypnosis|p2a: Gengar
|-status|p2a: Gengar|slp
|cant|p2a: Gengar|slp
|
|turn|11
|c|★Nintendi|para
|choice|switch 2|move 1
|
|switch|p1a: Golem|Golem|363\/363
|cant|p2a: Gengar|slp
|
|turn|12
|c|★Nintendi|de ganhar toda tie possivel
|choice|move 2|switch 3
|
|switch|p2a: Exeggutor|Exeggutor|393\/393
|move|p1a: Golem|Earthquake|p2a: Exeggutor
|-resisted|p2a: Exeggutor
|-damage|p2a: Exeggutor|328\/393
|
|turn|13
|choice|switch 5|move 2
|
|switch|p1a: Chansey|Chansey|703\/703
|move|p2a: Exeggutor|Psychic|p1a: Chansey
|-damage|p1a: Chansey|583\/703
|
|turn|14
|choice|move 1|move 1
|
|move|p2a: Exeggutor|Sleep Powder|p1a: Chansey
|-status|p1a: Chansey|slp
|cant|p1a: Chansey|slp
|
|turn|15
|choice|move 1|move 2
|
|move|p2a: Exeggutor|Psychic|p1a: Chansey
|-damage|p1a: Chansey|469\/703 slp
|-unboost|p1a: Chansey|spd|1
|-unboost|p1a: Chansey|spa|1
|-curestatus|p1a: Chansey|slp
|
|turn|16
|choice|switch 2|move 2
|
|switch|p1a: Gengar|Gengar|204\/323
|move|p2a: Exeggutor|Psychic|p1a: Gengar
|-supereffective|p1a: Gengar
|-damage|p1a: Gengar|6\/323
|-unboost|p1a: Gengar|spd|1
|-unboost|p1a: Gengar|spa|1
|
|turn|17
|choice|move 2|switch 3
|
|switch|p2a: Gengar|Gengar|323\/323 slp
|move|p1a: Gengar|Explosion|p2a: Gengar
|-immune|p2a: Gengar|[msg]
|faint|p1a: Gengar
|choice|switch 4|
|
|switch|p1a: Alakazam|Alakazam|313\/313
|turn|18
|choice|move 1|switch 2
|
|switch|p2a: Chansey|Chansey|565\/703
|move|p1a: Alakazam|Psychic|p2a: Chansey
|-damage|p2a: Chansey|435\/703
|-unboost|p2a: Chansey|spd|1
|-unboost|p2a: Chansey|spa|1
|
|turn|19
|choice|move 1|move 4
|
|move|p1a: Alakazam|Psychic|p2a: Chansey
|-crit|p2a: Chansey
|-damage|p2a: Chansey|193\/703
|-unboost|p2a: Chansey|spd|1
|-unboost|p2a: Chansey|spa|1
|move|p2a: Chansey|Soft-Boiled|p2a: Chansey
|-heal|p2a: Chansey|544\/703
|
|turn|20
|c|★Bug Meteor|hauhauhau
|c|★Bug Meteor|ch ignora os drops
|choice|move 1|move 1
|
|move|p1a: Alakazam|Psychic|p2a: Chansey
|-crit|p2a: Chansey
|-damage|p2a: Chansey|313\/703
|-unboost|p2a: Chansey|spd|1
|-unboost|p2a: Chansey|spa|1
|move|p2a: Chansey|Thunder Wave|p1a: Alakazam
|-status|p1a: Alakazam|par
|
|turn|21
|c|★Nintendi|mas gente
|c|★Bug Meteor|Deus do ceu D:
|c|★Bug Meteor|Vc tá me haxeando!!
|choice|move 1|move 4
|
|move|p2a: Chansey|Soft-Boiled|p2a: Chansey
|-heal|p2a: Chansey|664\/703
|move|p1a: Alakazam|Psychic|p2a: Chansey
|-damage|p2a: Chansey|343\/703
|
|turn|22
|c|★Nintendi|só um pouquinho >:
|choice|move 1|switch 3
|
|switch|p2a: Exeggutor|Exeggutor|328\/393
|move|p1a: Alakazam|Psychic|p2a: Exeggutor
|-crit|p2a: Exeggutor
|-resisted|p2a: Exeggutor
|-damage|p2a: Exeggutor|214\/393
|
|turn|23
|choice|switch 2|switch 3
|
|switch|p2a: Chansey|Chansey|343\/703
|switch|p1a: Chansey|Chansey|469\/703
|
|turn|24
|choice|move 3|move 2
|
|move|p2a: Chansey|Ice Beam|p1a: Chansey
|-damage|p1a: Chansey|394\/703
|move|p1a: Chansey|Thunder Wave|p2a: Chansey
|-status|p2a: Chansey|par
|
|turn|25
|choice|move 2|move 4
|
|move|p1a: Chansey|Soft-Boiled|p1a: Chansey
|-heal|p1a: Chansey|703\/703
|move|p2a: Chansey|Soft-Boiled|p2a: Chansey
|-heal|p2a: Chansey|694\/703 par
|
|turn|26
|choice|switch 2|move 2
|
|switch|p1a: Alakazam|Alakazam|313\/313 par
|move|p2a: Chansey|Ice Beam|p1a: Alakazam
|-damage|p1a: Alakazam|254\/313 par
|
|turn|27
|c|★Nintendi|ok
|c|★Nintendi|isso vai demorar
|choice|move 1|move 2
|
|move|p1a: Alakazam|Psychic|p2a: Chansey
|-crit|p2a: Chansey
|-damage|p2a: Chansey|457\/703 par
|-unboost|p2a: Chansey|spd|1
|-unboost|p2a: Chansey|spa|1
|move|p2a: Chansey|Ice Beam|p1a: Alakazam
|-damage|p1a: Alakazam|216\/313 par
|
|turn|28
|c|★Nintendi|um pouquinho
|j|Ch01W0n5h1n
|c|★Nintendi|mas
|c|★Nintendi|gente
|choice|move 1|switch 4
|
|switch|p2a: Snorlax|Snorlax|523\/523
|move|p1a: Alakazam|Psychic|p2a: Snorlax
|-damage|p2a: Snorlax|350\/523
|-unboost|p2a: Snorlax|spd|1
|-unboost|p2a: Snorlax|spa|1
|
|turn|29
|choice|switch 5|move 3
|
|switch|p1a: Golem|Golem|363\/363
|move|p2a: Snorlax|Earthquake|p1a: Golem
|-supereffective|p1a: Golem
|-damage|p1a: Golem|223\/363
|
|turn|30
|choice|move 4|switch 3
|
|switch|p2a: Exeggutor|Exeggutor|214\/393
|move|p1a: Golem|Explosion|p2a: Exeggutor
|-damage|p2a: Exeggutor|0 fnt
|faint|p2a: Exeggutor
|faint|p1a: Golem
|choice|switch 2|switch 4
|
|switch|p1a: Chansey|Chansey|703\/703
|switch|p2a: Chansey|Chansey|457\/703 par
|turn|31
|choice|switch 5|switch 3
|
|switch|p1a: Alakazam|Alakazam|216\/313 par
|switch|p2a: Snorlax|Snorlax|350\/523
|
|turn|32
|choice|switch 5|move 1
|
|switch|p1a: Chansey|Chansey|703\/703
|move|p2a: Snorlax|Body Slam|p1a: Chansey
|-damage|p1a: Chansey|403\/703
|
|turn|33
|choice|move 4|switch 2
|
|switch|p2a: Gengar|Gengar|323\/323 slp
|move|p1a: Chansey|Counter|p2a: Gengar
|-damage|p2a: Gengar|0 fnt
|faint|p2a: Gengar
|c|★Nintendi|a
|c|★Bug Meteor|.toma
|c|★Nintendi|isso acerta
|choice||switch 6
|
|switch|p2a: Tauros|Tauros|353\/353
|turn|34
|choice|move 3|move 3
|
|move|p2a: Tauros|Hyper Beam|p1a: Chansey|[miss]
|-miss|p2a: Tauros
|move|p1a: Chansey|Thunder Wave|p2a: Tauros
|-status|p2a: Tauros|par
|
|turn|35
|c|★Nintendi|mas isso
|c|★Nintendi|n acerta
|c|★Nintendi|:c
|choice|move 2|switch 5
|
|switch|p2a: Lapras|Lapras|463\/463
|move|p1a: Chansey|Soft-Boiled|p1a: Chansey
|-heal|p1a: Chansey|703\/703
|
|turn|36
|choice|switch 5|move 4
|
|switch|p1a: Alakazam|Alakazam|216\/313 par
|move|p2a: Lapras|Sing|p1a: Alakazam
|-fail|p1a: Alakazam
|
|turn|37
|choice|move 3|switch 3
|
|switch|p2a: Chansey|Chansey|457\/703 par
|move|p1a: Alakazam|Thunder Wave|p2a: Chansey
|-fail|p2a: Chansey|par
|
|turn|38
|choice|move 2|switch 2
|
|switch|p2a: Snorlax|Snorlax|350\/523
|move|p1a: Alakazam|Recover|p1a: Alakazam
|-heal|p1a: Alakazam|313\/313 par
|
|turn|39
|choice|move 4|move 1
|
|move|p2a: Snorlax|Body Slam|p1a: Alakazam
|-crit|p1a: Alakazam
|-damage|p1a: Alakazam|0 fnt
|faint|p1a: Alakazam
|choice|switch 3|
|
|switch|p1a: Dragonite|Dragonite|385\/385
|turn|40
|c|★Nintendi|a n
|c|★Nintendi|isso n
|choice|move 2|move 1
|
|move|p1a: Dragonite|Wrap|p2a: Snorlax
|-damage|p2a: Snorlax|331\/523
|-activate|p2a: Snorlax|move: Wrap|[of] p1a: Dragonite
|cant|p2a: Snorlax|partiallytrapped
|
|turn|41
|choice|move 2|switch 3
|
|switch|p2a: Lapras|Lapras|463\/463
|move|p1a: Dragonite|Wrap|p2a: Lapras|[miss]
|-miss|p1a: Dragonite
|
|turn|42
|choice|move 2|move 1
|
|move|p1a: Dragonite|Wrap|p2a: Lapras
|-damage|p2a: Lapras|446\/463
|-activate|p2a: Lapras|move: Wrap|[of] p1a: Dragonite
|cant|p2a: Lapras|partiallytrapped
|
|turn|43
|choice|move 2|switch 5
|
|switch|p2a: Tauros|Tauros|353\/353 par
|move|p1a: Dragonite|Wrap|p2a: Tauros
|-damage|p2a: Tauros|339\/353 par
|-activate|p2a: Tauros|move: Wrap|[of] p1a: Dragonite
|
|turn|44
|choice|move 2|move 2
|
|move|p1a: Dragonite|Wrap|p2a: Tauros|[from]Wrap
|-damage|p2a: Tauros|325\/353 par
|cant|p2a: Tauros|partiallytrapped
|
|-end|p2a: Tauros|Wrap|[partiallytrapped]
|turn|45
|choice|move 2|switch 2
|
|switch|p2a: Chansey|Chansey|457\/703 par
|move|p1a: Dragonite|Wrap|p2a: Chansey
|-damage|p2a: Chansey|420\/703 par
|-activate|p2a: Chansey|move: Wrap|[of] p1a: Dragonite
|
|turn|46
|choice|move 2|switch 5
|
|switch|p2a: Lapras|Lapras|446\/463
|move|p1a: Dragonite|Wrap|p2a: Lapras
|-damage|p2a: Lapras|429\/463
|-activate|p2a: Lapras|move: Wrap|[of] p1a: Dragonite
|
|turn|47
|choice|move 2|switch 5
|
|switch|p2a: Chansey|Chansey|420\/703 par
|move|p1a: Dragonite|Wrap|p2a: Chansey
|-damage|p2a: Chansey|377\/703 par
|-activate|p2a: Chansey|move: Wrap|[of] p1a: Dragonite
|
|turn|48
|choice|move 2|switch 5
|
|switch|p2a: Lapras|Lapras|429\/463
|move|p1a: Dragonite|Wrap|p2a: Lapras
|-damage|p2a: Lapras|411\/463
|-activate|p2a: Lapras|move: Wrap|[of] p1a: Dragonite
|
|turn|49
|choice|move 2|switch 5
|
|switch|p2a: Chansey|Chansey|377\/703 par
|move|p1a: Dragonite|Wrap|p2a: Chansey
|-damage|p2a: Chansey|337\/703 par
|-activate|p2a: Chansey|move: Wrap|[of] p1a: Dragonite
|
|turn|50
|choice|move 2|switch 5
|
|switch|p2a: Lapras|Lapras|411\/463
|move|p1a: Dragonite|Wrap|p2a: Lapras
|-damage|p2a: Lapras|394\/463
|-activate|p2a: Lapras|move: Wrap|[of] p1a: Dragonite
|
|turn|51
|choice|move 2|switch 2
|
|switch|p2a: Tauros|Tauros|325\/353 par
|move|p1a: Dragonite|Wrap|p2a: Tauros
|-damage|p2a: Tauros|310\/353 par
|-activate|p2a: Tauros|move: Wrap|[of] p1a: Dragonite
|
|turn|52
|c|★Bug Meteor|o,o
|choice|move 2|switch 5
|
|switch|p2a: Chansey|Chansey|337\/703 par
|move|p1a: Dragonite|Wrap|p2a: Chansey
|-crit|p2a: Chansey
|-damage|p2a: Chansey|263\/703 par
|-activate|p2a: Chansey|move: Wrap|[of] p1a: Dragonite
|
|turn|53
|c|★Nintendi|ban wrap
|choice|move 2|switch 5
|
|switch|p2a: Tauros|Tauros|310\/353 par
|move|p1a: Dragonite|Wrap|p2a: Tauros|[miss]
|-miss|p1a: Dragonite
|
|turn|54
|choice|move 2|move 2
|
|move|p1a: Dragonite|Wrap|p2a: Tauros
|-damage|p2a: Tauros|296\/353 par
|-activate|p2a: Tauros|move: Wrap|[of] p1a: Dragonite
|cant|p2a: Tauros|partiallytrapped
|
|turn|55
|choice|move 2|switch 5
|
|switch|p2a: Chansey|Chansey|263\/703 par
|move|p1a: Dragonite|Wrap|p2a: Chansey
|-damage|p2a: Chansey|220\/703 par
|-activate|p2a: Chansey|move: Wrap|[of] p1a: Dragonite
|
|turn|56
|choice|move 2|switch 5
|
|switch|p2a: Tauros|Tauros|296\/353 par
|move|p1a: Dragonite|Wrap|p2a: Tauros
|-damage|p2a: Tauros|281\/353 par
|-activate|p2a: Tauros|move: Wrap|[of] p1a: Dragonite
|
|turn|57
|choice|move 2|switch 2
|
|switch|p2a: Lapras|Lapras|394\/463
|move|p1a: Dragonite|Wrap|p2a: Lapras
|-damage|p2a: Lapras|378\/463
|-activate|p2a: Lapras|move: Wrap|[of] p1a: Dragonite
|
|turn|58
|choice|move 2|switch 2
|
|switch|p2a: Tauros|Tauros|281\/353 par
|move|p1a: Dragonite|Wrap|p2a: Tauros
|-damage|p2a: Tauros|265\/353 par
|-activate|p2a: Tauros|move: Wrap|[of] p1a: Dragonite
|
|turn|59
|choice|move 2|switch 5
|
|switch|p2a: Chansey|Chansey|220\/703 par
|move|p1a: Dragonite|Wrap|p2a: Chansey
|-damage|p2a: Chansey|178\/703 par
|-activate|p2a: Chansey|move: Wrap|[of] p1a: Dragonite
|
|turn|60
|choice|move 2|switch 5
|
|switch|p2a: Tauros|Tauros|265\/353 par
|move|p1a: Dragonite|Wrap|p2a: Tauros
|-damage|p2a: Tauros|251\/353 par
|-activate|p2a: Tauros|move: Wrap|[of] p1a: Dragonite
|
|turn|61
|choice|move 2|switch 3
|
|switch|p2a: Snorlax|Snorlax|331\/523
|move|p1a: Dragonite|Wrap|p2a: Snorlax
|-damage|p2a: Snorlax|311\/523
|-activate|p2a: Snorlax|move: Wrap|[of] p1a: Dragonite
|
|turn|62
|choice|move 2|switch 5
|
|switch|p2a: Chansey|Chansey|178\/703 par
|move|p1a: Dragonite|Wrap|p2a: Chansey
|-damage|p2a: Chansey|134\/703 par
|-activate|p2a: Chansey|move: Wrap|[of] p1a: Dragonite
|
|turn|63
|choice|move 2|switch 5
|
|switch|p2a: Snorlax|Snorlax|311\/523
|move|p1a: Dragonite|Wrap|p2a: Snorlax
|-crit|p2a: Snorlax
|-damage|p2a: Snorlax|270\/523
|-activate|p2a: Snorlax|move: Wrap|[of] p1a: Dragonite
|
|turn|64
|choice|move 2|switch 5
|
|switch|p2a: Chansey|Chansey|134\/703 par
|move|p1a: Dragonite|Wrap|p2a: Chansey
|-damage|p2a: Chansey|92\/703 par
|-activate|p2a: Chansey|move: Wrap|[of] p1a: Dragonite
|
|turn|65
|choice|move 2|switch 5
|
|switch|p2a: Snorlax|Snorlax|270\/523
|move|p1a: Dragonite|Wrap|p2a: Snorlax
|-damage|p2a: Snorlax|250\/523
|-activate|p2a: Snorlax|move: Wrap|[of] p1a: Dragonite
|
|turn|66
|choice|move 2|switch 5
|
|switch|p2a: Chansey|Chansey|92\/703 par
|move|p1a: Dragonite|Wrap|p2a: Chansey
|-damage|p2a: Chansey|55\/703 par
|-activate|p2a: Chansey|move: Wrap|[of] p1a: Dragonite
|
|turn|67
|choice|move 2|switch 5
|
|switch|p2a: Snorlax|Snorlax|250\/523
|move|p1a: Dragonite|Wrap|p2a: Snorlax
|-damage|p2a: Snorlax|231\/523
|-activate|p2a: Snorlax|move: Wrap|[of] p1a: Dragonite
|
|turn|68
|choice|move 2|switch 5
|
|switch|p2a: Chansey|Chansey|55\/703 par
|move|p1a: Dragonite|Wrap|p2a: Chansey
|-crit|p2a: Chansey
|-damage|p2a: Chansey|0 fnt
|faint|p2a: Chansey
|choice||switch 2
|
|switch|p2a: Lapras|Lapras|378\/463
|turn|69
|choice|move 2|move 1
|
|move|p1a: Dragonite|Wrap|p2a: Lapras
|-damage|p2a: Lapras|359\/463
|-activate|p2a: Lapras|move: Wrap|[of] p1a: Dragonite
|cant|p2a: Lapras|partiallytrapped
|
|turn|70
|choice|move 2|switch 5
|
|switch|p2a: Snorlax|Snorlax|231\/523
|move|p1a: Dragonite|Wrap|p2a: Snorlax
|-damage|p2a: Snorlax|213\/523
|-activate|p2a: Snorlax|move: Wrap|[of] p1a: Dragonite
|
|turn|71
|c|★Nintendi|esse crit
|c|★Nintendi|foi um pouquinho chato
|choice|move 2|switch 3
|
|switch|p2a: Tauros|Tauros|251\/353 par
|move|p1a: Dragonite|Wrap|p2a: Tauros
|-damage|p2a: Tauros|236\/353 par
|-activate|p2a: Tauros|move: Wrap|[of] p1a: Dragonite
|
|turn|72
|choice|move 2|switch 3
|
|switch|p2a: Snorlax|Snorlax|213\/523
|move|p1a: Dragonite|Wrap|p2a: Snorlax
|-damage|p2a: Snorlax|193\/523
|-activate|p2a: Snorlax|move: Wrap|[of] p1a: Dragonite
|
|html|<div class="broadcast-red">Dragonite is in an endless loop.<\/div>
|turn|73
|choice|move 2|switch 5
|
|switch|p2a: Lapras|Lapras|359\/463
|move|p1a: Dragonite|Wrap|p2a: Lapras
|-damage|p2a: Lapras|341\/463
|-activate|p2a: Lapras|move: Wrap|[of] p1a: Dragonite
|
|turn|74
|c|★Nintendi|q
|choice|move 2|move 1
|
|move|p1a: Dragonite|Wrap|p2a: Lapras|[from]Wrap
|-damage|p2a: Lapras|323\/463
|cant|p2a: Lapras|partiallytrapped
|
|turn|75
|c|★Bug Meteor|Pronto rs
|choice|move 2|move 1
|
|move|p1a: Dragonite|Wrap|p2a: Lapras|[from]Wrap
|-damage|p2a: Lapras|305\/463
|cant|p2a: Lapras|partiallytrapped
|
|-end|p2a: Lapras|Wrap|[partiallytrapped]
|turn|76
|choice|move 2|move 1
|
|move|p1a: Dragonite|Wrap|p2a: Lapras
|-damage|p2a: Lapras|288\/463
|-activate|p2a: Lapras|move: Wrap|[of] p1a: Dragonite
|cant|p2a: Lapras|partiallytrapped
|
|turn|77
|choice|move 2|move 1
|
|move|p1a: Dragonite|Wrap|p2a: Lapras|[from]Wrap
|-damage|p2a: Lapras|271\/463
|cant|p2a: Lapras|partiallytrapped
|
|turn|78
|choice|move 2|move 1
|
|move|p1a: Dragonite|Wrap|p2a: Lapras|[from]Wrap
|-damage|p2a: Lapras|254\/463
|cant|p2a: Lapras|partiallytrapped
|
|turn|79
|c|★Nintendi|qq ta acontecendo
|choice|move 2|move 1
|
|move|p1a: Dragonite|Wrap|p2a: Lapras|[from]Wrap
|-damage|p2a: Lapras|237\/463
|cant|p2a: Lapras|partiallytrapped
|
|-end|p2a: Lapras|Wrap|[partiallytrapped]
|turn|80
|choice|move 2|move 1
|
|move|p1a: Dragonite|Wrap|p2a: Lapras
|-damage|p2a: Lapras|221\/463
|-activate|p2a: Lapras|move: Wrap|[of] p1a: Dragonite
|cant|p2a: Lapras|partiallytrapped
|
|turn|81
|c|★Bug Meteor|Tem um bug no jogo que deixa o pp negativo
|c|★Bug Meteor|ehuaehu
|c|★Bug Meteor|.rip
|choice|move 2|move 1
|
|move|p1a: Dragonite|Wrap|p2a: Lapras|[from]Wrap
|-damage|p2a: Lapras|205\/463
|cant|p2a: Lapras|partiallytrapped
|
|turn|82
|c|★Nintendi|missa
|choice|move 2|move 1
|
|move|p1a: Dragonite|Wrap|p2a: Lapras|[from]Wrap
|-damage|p2a: Lapras|189\/463
|cant|p2a: Lapras|partiallytrapped
|
|-end|p2a: Lapras|Wrap|[partiallytrapped]
|turn|83
|c|★Nintendi|1 ae
|choice|move 2|move 1
|
|move|p1a: Dragonite|Wrap|p2a: Lapras
|-damage|p2a: Lapras|171\/463
|-activate|p2a: Lapras|move: Wrap|[of] p1a: Dragonite
|cant|p2a: Lapras|partiallytrapped
|
|turn|84
|choice|move 2|move 1
|
|move|p1a: Dragonite|Wrap|p2a: Lapras|[from]Wrap
|-damage|p2a: Lapras|153\/463
|cant|p2a: Lapras|partiallytrapped
|
|turn|85
|choice|move 2|move 1
|
|move|p1a: Dragonite|Wrap|p2a: Lapras|[from]Wrap
|-damage|p2a: Lapras|135\/463
|cant|p2a: Lapras|partiallytrapped
|
|-end|p2a: Lapras|Wrap|[partiallytrapped]
|turn|86
|choice|move 3|move 1
|
|move|p1a: Dragonite|Hyper Beam|p2a: Lapras|[miss]
|-miss|p1a: Dragonite
|move|p2a: Lapras|Blizzard|p1a: Dragonite
|-supereffective|p1a: Dragonite
|-damage|p1a: Dragonite|0 fnt
|faint|p1a: Dragonite
|choice|switch 6|
|
|switch|p1a: Tauros|Tauros|353\/353
|turn|87
|choice|move 2|switch 3
|
|switch|p2a: Tauros|Tauros|236\/353 par
|move|p1a: Tauros|Hyper Beam|p2a: Tauros|[miss]
|-miss|p1a: Tauros
|
|turn|88
|c|★Nintendi|acerta
|c|★Nintendi|n era pra erra
|c|★Nintendi|;_;
|choice|move 1|move 2
|
|move|p1a: Tauros|Body Slam|p2a: Tauros
|-damage|p2a: Tauros|128\/353 par
|cant|p2a: Tauros|par
|
|turn|89
|choice|move 2|move 2
|
|move|p1a: Tauros|Hyper Beam|p2a: Tauros
|-damage|p2a: Tauros|0 fnt
|faint|p2a: Tauros
|choice||switch 5
|
|switch|p2a: Snorlax|Snorlax|193\/523
|turn|90
|choice|move 2|move 4
|
|move|p1a: Tauros|Hyper Beam|p2a: Snorlax
|-damage|p2a: Snorlax|0 fnt
|faint|p2a: Snorlax
|choice||switch 3
|
|switch|p2a: Lapras|Lapras|135\/463
|turn|91
|choice|move 2|move 1
|
|move|p1a: Tauros|Hyper Beam|p2a: Lapras
|-damage|p2a: Lapras|0 fnt
|faint|p2a: Lapras
|
|win|Bug Meteor
|player|p1
|player|p2
|c|★Nintendi|gg
|l|Ch01W0n5h1n
|c|★Bug Meteor|gg
|l|Nintendi