|join|MALESANI
|join|DefogYourMoxie
|player|p1|MALESANI|238
|player|p2|DefogYourMoxie|209
|gametype|singles
|gen|1
|tier|[Gen 1] Random Battle
|rated
|seed|1324,21301,16434,22624
|rule|Sleep Clause Mod: Limit one foe put to sleep
|rule|Freeze Clause Mod: Limit one foe frozen
|rule|HP Percentage Mod: HP is shown in percentages
|
|start
|switch|p1a: Kadabra|Kadabra, L85|242\/242
|switch|p2a: Nidoking|Nidoking, L85|311\/311
|turn|1
|c|★DefogYourMoxie|Good luck and have fun too
|c|★MALESANI|same to you!
|c|★DefogYourMoxie|Thank you
|choice|move 1|switch 5
|
|switch|p2a: Snorlax|Snorlax, L79|415\/415
|move|p1a: Kadabra|Psychic|p2a: Snorlax
|-damage|p2a: Snorlax|273\/415
|-unboost|p2a: Snorlax|spd|1
|-unboost|p2a: Snorlax|spa|1
|
|turn|2
|choice|switch 5|move 1
|
|switch|p1a: Machamp|Machamp, L90|345\/345
|move|p2a: Snorlax|Amnesia|p2a: Snorlax
|-boost|p2a: Snorlax|spd|2
|-boost|p2a: Snorlax|spa|2
|
|turn|3
|choice|move 4|switch 5
|
|switch|p2a: Nidoking|Nidoking, L85|311\/311
|move|p1a: Machamp|Submission|p2a: Nidoking|[miss]
|-miss|p1a: Machamp
|
|turn|4
|choice|move 3|move 1
|
|move|p2a: Nidoking|Earthquake|p1a: Machamp
|-damage|p1a: Machamp|232\/345
|move|p1a: Machamp|Body Slam|p2a: Nidoking
|-damage|p2a: Nidoking|224\/311
|
|turn|5
|choice|move 3|move 4
|
|move|p2a: Nidoking|Body Slam|p1a: Machamp
|-damage|p1a: Machamp|171\/345
|-status|p1a: Machamp|par
|move|p1a: Machamp|Body Slam|p2a: Nidoking
|-damage|p2a: Nidoking|136\/311
|
|turn|6
|choice|move 3|move 1
|
|move|p2a: Nidoking|Earthquake|p1a: Machamp
|-damage|p1a: Machamp|74\/345 par
|cant|p1a: Machamp|par
|
|turn|7
|choice|move 2|move 1
|
|move|p2a: Nidoking|Earthquake|p1a: Machamp
|-damage|p1a: Machamp|0 fnt
|faint|p1a: Machamp
|choice|switch 5|
|
|switch|p1a: Kadabra|Kadabra, L85|242\/242
|turn|8
|choice|move 1|move 4
|
|move|p1a: Kadabra|Psychic|p2a: Nidoking
|-crit|p2a: Nidoking
|-supereffective|p2a: Nidoking
|-damage|p2a: Nidoking|0 fnt
|faint|p2a: Nidoking
|choice||switch 2
|
|switch|p2a: Shellder|Shellder, L96|252\/252
|turn|9
|choice|switch 3|move 4
|
|switch|p1a: Kabutops|Kabutops, L85|276\/276
|move|p2a: Shellder|Supersonic|p1a: Kabutops
|-start|p1a: Kabutops|confusion
|
|turn|10
|choice|move 1|move 2
|
|-activate|p1a: Kabutops|confusion
|move|p1a: Kabutops|Surf|p2a: Shellder
|-resisted|p2a: Shellder
|-damage|p2a: Shellder|193\/252
|move|p2a: Shellder|Withdraw|p2a: Shellder
|-boost|p2a: Shellder|def|1
|
|turn|11
|choice|move 2|move 2
|
|-activate|p1a: Kabutops|confusion
|-damage|p1a: Kabutops|244\/276|[from] confusion
|move|p2a: Shellder|Withdraw|p2a: Shellder
|-boost|p2a: Shellder|def|1
|
|turn|12
|choice|move 2|move 3
|
|-end|p1a: Kabutops|confusion
|move|p1a: Kabutops|Swords Dance|p1a: Kabutops
|-boost|p1a: Kabutops|atk|2
|move|p2a: Shellder|Blizzard|p1a: Kabutops
|-resisted|p1a: Kabutops
|-damage|p1a: Kabutops|206\/276
|
|turn|13
|choice|move 3|move 4
|
|move|p1a: Kabutops|Body Slam|p2a: Shellder
|-damage|p2a: Shellder|134\/252
|-status|p2a: Shellder|par
|move|p2a: Shellder|Supersonic|p1a: Kabutops
|-start|p1a: Kabutops|confusion
|
|turn|14
|choice|move 2|move 1
|
|-activate|p1a: Kabutops|confusion
|move|p1a: Kabutops|Swords Dance|p1a: Kabutops
|-boost|p1a: Kabutops|atk|2
|move|p2a: Shellder|Explosion|p1a: Kabutops
|-resisted|p1a: Kabutops
|-damage|p1a: Kabutops|91\/276
|faint|p2a: Shellder
|choice||switch 5
|
|switch|p2a: Snorlax|Snorlax, L79|273\/415
|turn|15
|choice|move 4|move 3
|
|-end|p1a: Kabutops|confusion
|move|p1a: Kabutops|Hyper Beam|p2a: Snorlax
|-damage|p2a: Snorlax|0 fnt
|faint|p2a: Snorlax
|choice||switch 4
|
|switch|p2a: Pinsir|Pinsir, L85|284\/284
|turn|16
|choice|move 4|move 4
|
|move|p2a: Pinsir|Body Slam|p1a: Kabutops
|-resisted|p1a: Kabutops
|-damage|p1a: Kabutops|59\/276
|move|p1a: Kabutops|Hyper Beam|p2a: Pinsir
|-damage|p2a: Pinsir|0 fnt
|faint|p2a: Pinsir
|choice||switch 3
|
|switch|p2a: Pidgeotto|Pidgeotto, L90|297\/297
|turn|17
|choice|move 4|move 1
|
|move|p1a: Kabutops|Hyper Beam|p2a: Pidgeotto|[miss]
|-miss|p1a: Kabutops
|move|p2a: Pidgeotto|Double-Edge|p1a: Kabutops
|-resisted|p1a: Kabutops
|-damage|p1a: Kabutops|21\/276
|-damage|p2a: Pidgeotto|288\/297|[from] recoil|[of] p1a: Kabutops
|
|turn|18
|choice|move 4|move 4
|
|move|p1a: Kabutops|Hyper Beam|p2a: Pidgeotto
|-damage|p2a: Pidgeotto|0 fnt
|faint|p2a: Pidgeotto
|choice||switch 6
|
|switch|p2a: Magmar|Magmar, L90|300\/300
|turn|19
|choice|move 1|move 1
|
|move|p2a: Magmar|Body Slam|p1a: Kabutops
|-resisted|p1a: Kabutops
|-damage|p1a: Kabutops|0 fnt
|faint|p1a: Kabutops
|choice|switch 2|
|
|switch|p1a: Ivysaur|Ivysaur, L85|276\/276
|turn|20
|choice|move 4|move 4
|
|move|p2a: Magmar|Fire Blast|p1a: Ivysaur
|-supereffective|p1a: Ivysaur
|-damage|p1a: Ivysaur|0 fnt
|faint|p1a: Ivysaur
|choice|switch 6|
|
|switch|p1a: Butterfree|Butterfree, L90|291\/291
|turn|21
|choice|move 2|move 4
|
|move|p2a: Magmar|Fire Blast|p1a: Butterfree
|-supereffective|p1a: Butterfree
|-damage|p1a: Butterfree|15\/291
|move|p1a: Butterfree|Sleep Powder|p2a: Magmar|[miss]
|-miss|p1a: Butterfree
|
|turn|22
|choice|move 2|move 1
|
|move|p2a: Magmar|Body Slam|p1a: Butterfree
|-damage|p1a: Butterfree|0 fnt
|faint|p1a: Butterfree
|choice|switch 4|
|
|switch|p1a: Ninetales|Ninetales, L85|298\/298
|turn|23
|choice|move 2|move 2
|
|move|p2a: Magmar|Hyper Beam|p1a: Ninetales
|-damage|p1a: Ninetales|175\/298
|move|p1a: Ninetales|Toxic|p2a: Magmar|[miss]
|-miss|p1a: Ninetales
|
|turn|24
|-mustrecharge|p2a: Magmar
|-mustrecharge|p2a: Magmar
|choice|move 2|move 1
|
|cant|p2a: Magmar|recharge
|move|p1a: Ninetales|Toxic|p2a: Magmar
|-status|p2a: Magmar|tox
|
|turn|25
|choice|move 3|move 1
|
|move|p2a: Magmar|Body Slam|p1a: Ninetales
|-damage|p1a: Ninetales|104\/298
|-damage|p2a: Magmar|282\/300 tox|[from] tox|[of] p1a: Ninetales
|move|p1a: Ninetales|Double-Edge|p2a: Magmar
|-damage|p2a: Magmar|206\/300 tox
|-damage|p1a: Ninetales|85\/298|[from] recoil|[of] p2a: Magmar
|
|turn|26
|choice|move 4|move 1
|
|move|p2a: Magmar|Body Slam|p1a: Ninetales
|-damage|p1a: Ninetales|5\/298
|-damage|p2a: Magmar|170\/300 tox|[from] tox|[of] p1a: Ninetales
|move|p1a: Ninetales|Hyper Beam|p2a: Magmar
|-damage|p2a: Magmar|60\/300 tox
|
|turn|27
|-mustrecharge|p1a: Ninetales
|-mustrecharge|p1a: Ninetales
|choice|move 1|move 1
|
|move|p2a: Magmar|Body Slam|p1a: Ninetales
|-damage|p1a: Ninetales|0 fnt
|faint|p1a: Ninetales
|choice|switch 3|
|
|switch|p1a: Kadabra|Kadabra, L85|242\/242
|turn|28
|choice|move 4|move 4
|
|move|p1a: Kadabra|Seismic Toss|p2a: Magmar
|-damage|p2a: Magmar|0 fnt
|faint|p2a: Magmar
|
|win|MALESANI
|raw|MALESANI's rating: 1352 &rarr; <strong>1361<\/strong><br \/>(+9 for winning)
|raw|DefogYourMoxie's rating: 1120 &rarr; <strong>1110<\/strong><br \/>(-10 for losing)
|c|★DefogYourMoxie|gg