|j|diskoliperiodos
|j|26thBaam5
|player|p1|diskoliperiodos|2
|player|p2|26thBaam5|101
|gametype|singles
|gen|1
|tier|[Gen 1] Random Battle
|rated
|seed|
|rule|Sleep Clause Mod: Limit one foe put to sleep
|rule|Freeze Clause Mod: Limit one foe frozen
|rule|HP Percentage Mod: HP is shown in percentages
|
|start
|switch|p1a: Kangaskhan|Kangaskhan, L85|100\/100
|switch|p2a: Poliwhirl|Poliwhirl, L85|100\/100
|turn|1
|choice||
|
|move|p1a: Kangaskhan|Body Slam|p2a: Poliwhirl
|-damage|p2a: Poliwhirl|63\/100
|move|p2a: Poliwhirl|Hypnosis|p1a: Kangaskhan
|-status|p1a: Kangaskhan|slp
|
|turn|2
|c|★26thBaam5|hmmm
|choice||
|
|switch|p1a: Tangela|Tangela, L85|100\/100
|move|p2a: Poliwhirl|Amnesia|p2a: Poliwhirl
|-boost|p2a: Poliwhirl|spd|2
|-boost|p2a: Poliwhirl|spa|2
|
|turn|3
|choice||
|
|move|p2a: Poliwhirl|Blizzard|p1a: Tangela
|-supereffective|p1a: Tangela
|-damage|p1a: Tangela|26\/100
|move|p1a: Tangela|Sleep Powder|p2a: Poliwhirl
|-status|p2a: Poliwhirl|slp
|
|turn|4
|c|★26thBaam5|touche
|choice||
|
|switch|p2a: Paras|Paras, L96|100\/100
|switch|p1a: Scyther|Scyther, L90|100\/100
|
|turn|5
|choice||
|
|move|p1a: Scyther|Swords Dance|p1a: Scyther
|-boost|p1a: Scyther|atk|2
|move|p2a: Paras|Body Slam|p1a: Scyther
|-damage|p1a: Scyther|80\/100
|
|turn|6
|choice||
|
|move|p1a: Scyther|Hyper Beam|p2a: Paras|[miss]
|-miss|p1a: Scyther
|move|p2a: Paras|Body Slam|p1a: Scyther
|-damage|p1a: Scyther|60\/100
|-status|p1a: Scyther|par
|
|turn|7
|choice||
|
|move|p2a: Paras|Slash|p1a: Scyther
|-damage|p1a: Scyther|43\/100 par
|move|p1a: Scyther|Agility|p1a: Scyther
|-boost|p1a: Scyther|spe|2
|
|turn|8
|choice||
|
|cant|p1a: Scyther|par
|move|p2a: Paras|Slash|p1a: Scyther
|-crit|p1a: Scyther
|-damage|p1a: Scyther|10\/100 par
|
|turn|9
|choice||
|
|move|p1a: Scyther|Hyper Beam|p2a: Paras|[miss]
|-miss|p1a: Scyther
|move|p2a: Paras|Body Slam|p1a: Scyther
|-damage|p1a: Scyther|0 fnt
|faint|p1a: Scyther
|c|★26thBaam5|haha scyther is blind
|choice||
|
|switch|p1a: Tangela|Tangela, L85|26\/100
|turn|10
|choice||
|
|move|p1a: Tangela|Body Slam|p2a: Paras
|-damage|p2a: Paras|83\/100
|move|p2a: Paras|Slash|p1a: Tangela
|-crit|p1a: Tangela
|-damage|p1a: Tangela|0 fnt
|faint|p1a: Tangela
|choice||
|
|switch|p1a: Dewgong|Dewgong, L85|100\/100
|turn|11
|choice||
|
|switch|p2a: Poliwhirl|Poliwhirl, L85|63\/100 slp
|move|p1a: Dewgong|Blizzard|p2a: Poliwhirl|[miss]
|-miss|p1a: Dewgong
|
|turn|12
|choice||
|
|cant|p2a: Poliwhirl|slp
|move|p1a: Dewgong|Mimic|p2a: Poliwhirl
|-start|p1a: Dewgong|Mimic|Amnesia
|
|turn|13
|c|★26thBaam5|!weakness dewgong
|raw|<div class="infobox">Dewgong (ignoring abilities):<br><span class="message-effect-weak">Weaknesses<\/span>: Electric, Fighting, Grass, Rock<br><span class="message-effect-resist">Resistances<\/span>: <b>Ice<\/b>, Water<br><span class="message-effect-immune">Immunities<\/span>: <font color=#999999>None<\/font><\/div>
|choice||
|
|switch|p2a: Hypno|Hypno, L85|100\/100
|move|p1a: Dewgong|Amnesia|p1a: Dewgong
|-boost|p1a: Dewgong|spd|2
|-boost|p1a: Dewgong|spa|2
|
|turn|14
|choice||
|
|move|p1a: Dewgong|Blizzard|p2a: Hypno
|-damage|p2a: Hypno|29\/100
|move|p2a: Hypno|Thunder Wave|p1a: Dewgong
|-status|p1a: Dewgong|par
|
|turn|15
|c|★26thBaam5|nice
|choice||
|
|switch|p2a: Paras|Paras, L96|83\/100
|move|p1a: Dewgong|Blizzard|p2a: Paras
|-supereffective|p2a: Paras
|-damage|p2a: Paras|0 fnt
|faint|p2a: Paras
|choice||
|
|switch|p2a: Kangaskhan|Kangaskhan, L85|100\/100
|turn|16
|choice||
|
|move|p2a: Kangaskhan|Body Slam|p1a: Dewgong
|-damage|p1a: Dewgong|73\/100 par
|move|p1a: Dewgong|Blizzard|p2a: Kangaskhan
|-damage|p2a: Kangaskhan|0 fnt
|faint|p2a: Kangaskhan
|choice||
|
|switch|p2a: Exeggutor|Exeggutor, L79|100\/100
|turn|17
|choice||
|
|move|p2a: Exeggutor|Egg Bomb|p1a: Dewgong
|-damage|p1a: Dewgong|53\/100 par
|cant|p1a: Dewgong|par
|
|turn|18
|choice||
|
|move|p2a: Exeggutor|Psychic|p1a: Dewgong
|-damage|p1a: Dewgong|39\/100 par
|cant|p1a: Dewgong|par
|
|turn|19
|choice||
|
|move|p2a: Exeggutor|Psychic|p1a: Dewgong
|-damage|p1a: Dewgong|24\/100 par
|move|p1a: Dewgong|Blizzard|p2a: Exeggutor|[miss]
|-miss|p1a: Dewgong
|
|turn|20
|choice||
|
|move|p2a: Exeggutor|Psychic|p1a: Dewgong
|-crit|p1a: Dewgong
|-damage|p1a: Dewgong|0 fnt
|faint|p1a: Dewgong
|c|★26thBaam5|fuck yes
|c|★26thBaam5|that was so ugly
|choice||
|
|switch|p1a: Nidorino|Nidorino, L90|100\/100
|turn|21
|choice||
|
|move|p1a: Nidorino|Body Slam|p2a: Exeggutor
|-crit|p2a: Exeggutor
|-damage|p2a: Exeggutor|61\/100
|move|p2a: Exeggutor|Psychic|p1a: Nidorino
|-supereffective|p1a: Nidorino
|-damage|p1a: Nidorino|14\/100
|-unboost|p1a: Nidorino|spd|1
|-unboost|p1a: Nidorino|spa|1
|
|turn|22
|choice||
|
|move|p1a: Nidorino|Body Slam|p2a: Exeggutor
|-damage|p2a: Exeggutor|39\/100
|move|p2a: Exeggutor|Psychic|p1a: Nidorino
|-supereffective|p1a: Nidorino
|-damage|p1a: Nidorino|0 fnt
|faint|p1a: Nidorino
|choice||
|
|switch|p1a: Raichu|Raichu, L85|100\/100
|turn|23
|choice||
|
|move|p1a: Raichu|Hyper Beam|p2a: Exeggutor
|-damage|p2a: Exeggutor|2\/100
|move|p2a: Exeggutor|Psychic|p1a: Raichu
|-damage|p1a: Raichu|66\/100
|
|turn|24
|-mustrecharge|p1a: Raichu
|-mustrecharge|p1a: Raichu
|choice||
|
|cant|p1a: Raichu|recharge
|move|p2a: Exeggutor|Psychic|p1a: Raichu
|-damage|p1a: Raichu|29\/100
|-unboost|p1a: Raichu|spd|1
|-unboost|p1a: Raichu|spa|1
|
|turn|25
|choice||
|
|move|p1a: Raichu|Surf|p2a: Exeggutor
|-crit|p2a: Exeggutor
|-resisted|p2a: Exeggutor
|-damage|p2a: Exeggutor|0 fnt
|faint|p2a: Exeggutor
|choice||
|
|switch|p2a: Hypno|Hypno, L85|29\/100
|turn|26
|choice||
|
|switch|p2a: Articuno|Articuno, L79|100\/100
|move|p1a: Raichu|Hyper Beam|p2a: Articuno
|-crit|p2a: Articuno
|-damage|p2a: Articuno|41\/100
|
|turn|27
|-mustrecharge|p1a: Raichu
|c|★26thBaam5|hmmm
|-mustrecharge|p1a: Raichu
|c|★26thBaam5|called it
|choice||
|
|cant|p1a: Raichu|recharge
|move|p2a: Articuno|Blizzard|p1a: Raichu
|-damage|p1a: Raichu|0 fnt
|faint|p1a: Raichu
|c|★26thBaam5|bitch
|choice||
|
|switch|p1a: Kangaskhan|Kangaskhan, L85|100\/100 slp
|turn|28
|choice||
|
|cant|p1a: Kangaskhan|slp
|move|p2a: Articuno|Reflect|p2a: Articuno
|-start|p2a: Articuno|Reflect
|
|turn|29
|choice||
|
|cant|p1a: Kangaskhan|slp
|move|p2a: Articuno|Blizzard|p1a: Kangaskhan
|-damage|p1a: Kangaskhan|44\/100 slp
|
|turn|30
|choice||
|
|-curestatus|p1a: Kangaskhan|slp
|move|p2a: Articuno|Blizzard|p1a: Kangaskhan
|-damage|p1a: Kangaskhan|0 fnt
|faint|p1a: Kangaskhan
|
|win|26thBaam5
|player|p1
|player|p2
|c|★26thBaam5|too l8
|c|★26thBaam5|gg
|c|★26thBaam5|ish
|raw|diskoliperiodos's rating: 1419 &rarr; <strong>1390<\/strong><br \/>(-29 for losing)
|raw|26thBaam5's rating: 1268 &rarr; <strong>1303<\/strong><br \/>(+35 for winning)