|j|whataresocks
|j|PEGUPOYERII
|player|p1|whataresocks|115
|player|p2|PEGUPOYERII|102
|gametype|singles
|gen|1
|tier|[Gen 1] Random Battle
|rated
|seed|61386,28982,43820,46093
|rule|Sleep Clause Mod: Limit one foe put to sleep
|rule|Freeze Clause Mod: Limit one foe frozen
|rule|HP Percentage Mod: HP is shown in percentages
|
|start
|switch|p1a: Slowbro|Slowbro, L79|312\/312
|switch|p2a: Kabuto|Kabuto, L96|252\/252
|turn|1
|choice|move 4|move Harden
|
|move|p2a: Kabuto|Harden|p2a: Kabuto
|-boost|p2a: Kabuto|def|1
|move|p1a: Slowbro|Thunder Wave|p2a: Kabuto
|-status|p2a: Kabuto|par
|
|turn|2
|choice|move 1|move Swords Dance
|
|move|p1a: Slowbro|Amnesia|p1a: Slowbro
|-boost|p1a: Slowbro|spd|2
|-boost|p1a: Slowbro|spa|2
|move|p2a: Kabuto|Swords Dance|p2a: Kabuto
|-boost|p2a: Kabuto|atk|2
|
|turn|3
|choice|move 1|move Harden
|
|move|p1a: Slowbro|Amnesia|p1a: Slowbro
|-boost|p1a: Slowbro|spd|2
|-boost|p1a: Slowbro|spa|2
|move|p2a: Kabuto|Harden|p2a: Kabuto
|-boost|p2a: Kabuto|def|1
|
|turn|4
|choice|move 1|move Swords Dance
|
|move|p1a: Slowbro|Amnesia|p1a: Slowbro
|-boost|p1a: Slowbro|spd|2
|-boost|p1a: Slowbro|spa|2
|cant|p2a: Kabuto|par
|
|turn|5
|choice|move 2|move Swords Dance
|
|move|p1a: Slowbro|Surf|p2a: Kabuto
|-crit|p2a: Kabuto
|-damage|p2a: Kabuto|64\/252 par
|move|p2a: Kabuto|Swords Dance|p2a: Kabuto
|-boost|p2a: Kabuto|atk|2
|
|turn|6
|choice|move 2|move Body Slam
|
|move|p1a: Slowbro|Surf|p2a: Kabuto
|-damage|p2a: Kabuto|0 fnt
|faint|p2a: Kabuto
|choice||switch 5
|
|switch|p2a: Dragonair|Dragonair, L85|277\/277
|turn|7
|choice|move 4|move Thunder
|
|move|p2a: Dragonair|Thunder|p1a: Slowbro
|-supereffective|p1a: Slowbro
|-damage|p1a: Slowbro|268\/312
|move|p1a: Slowbro|Thunder Wave|p2a: Dragonair
|-status|p2a: Dragonair|par
|
|turn|8
|choice|move 2|switch 2
|
|switch|p2a: Kangaskhan|Kangaskhan, L85|352\/352
|move|p1a: Slowbro|Surf|p2a: Kangaskhan
|-damage|p2a: Kangaskhan|0 fnt
|faint|p2a: Kangaskhan
|choice||switch 6
|
|switch|p2a: Persian|Persian, L79|265\/265
|turn|9
|choice|move 2|move Slash
|
|move|p2a: Persian|Slash|p1a: Slowbro
|-crit|p1a: Slowbro
|-damage|p1a: Slowbro|179\/312
|move|p1a: Slowbro|Surf|p2a: Persian
|-damage|p2a: Persian|0 fnt
|faint|p2a: Persian
|choice||switch 3
|
|switch|p2a: Dugtrio|Dugtrio, L85|233\/233
|turn|10
|choice|move 2|move Sand Attack
|
|move|p2a: Dugtrio|Sand Attack|p1a: Slowbro
|-unboost|p1a: Slowbro|accuracy|1
|move|p1a: Slowbro|Surf|p2a: Dugtrio
|-supereffective|p2a: Dugtrio
|-damage|p2a: Dugtrio|0 fnt
|faint|p2a: Dugtrio
|choice||switch 4
|
|switch|p2a: Seadra|Seadra, L90|282\/282
|turn|11
|c|★whataresocks|GO SLOWBRO
|choice|move 4|move Smokescreen
|
|move|p2a: Seadra|Smokescreen|p1a: Slowbro
|-unboost|p1a: Slowbro|accuracy|1
|move|p1a: Slowbro|Thunder Wave|p2a: Seadra
|-status|p2a: Seadra|par
|
|turn|12
|choice|move 2|move Smokescreen
|
|move|p1a: Slowbro|Surf|p2a: Seadra
|-resisted|p2a: Seadra
|-damage|p2a: Seadra|147\/282 par
|move|p2a: Seadra|Smokescreen|p1a: Slowbro
|-unboost|p1a: Slowbro|accuracy|1
|
|turn|13
|choice|move 2|move Mimic
|
|move|p1a: Slowbro|Surf|p2a: Seadra
|-resisted|p2a: Seadra
|-damage|p2a: Seadra|0 fnt
|faint|p2a: Seadra
|choice||switch 2
|
|switch|p2a: Dragonair|Dragonair, L85|277\/277 par
|turn|14
|choice|move 2|move Hyper Beam
|
|move|p1a: Slowbro|Surf|p2a: Dragonair|[miss]
|-miss|p1a: Slowbro
|cant|p2a: Dragonair|par
|
|turn|15
|choice|move 2|move Hyper Beam
|
|move|p1a: Slowbro|Surf|p2a: Dragonair|[miss]
|-miss|p1a: Slowbro
|move|p2a: Dragonair|Hyper Beam|p1a: Slowbro
|-damage|p1a: Slowbro|88\/312
|
|turn|16
|-mustrecharge|p2a: Dragonair
|-mustrecharge|p2a: Dragonair
|choice|move 2|move Recharge
|
|move|p1a: Slowbro|Surf|p2a: Dragonair
|-resisted|p2a: Dragonair
|-damage|p2a: Dragonair|105\/277 par
|cant|p2a: Dragonair|recharge
|
|turn|17
|choice|move 2|move Thunder
|
|move|p1a: Slowbro|Surf|p2a: Dragonair|[miss]
|-miss|p1a: Slowbro
|move|p2a: Dragonair|Thunder|p1a: Slowbro
|-supereffective|p1a: Slowbro
|-damage|p1a: Slowbro|43\/312
|
|turn|18
|choice|move 2|move Thunder
|
|move|p1a: Slowbro|Surf|p2a: Dragonair|[miss]
|-miss|p1a: Slowbro
|move|p2a: Dragonair|Thunder|p1a: Slowbro|[miss]
|-miss|p2a: Dragonair
|
|turn|19
|choice|move 2|move Thunder
|
|move|p1a: Slowbro|Surf|p2a: Dragonair|[miss]
|-miss|p1a: Slowbro
|cant|p2a: Dragonair|par
|
|turn|20
|choice|move 2|move Thunder
|
|move|p1a: Slowbro|Surf|p2a: Dragonair|[miss]
|-miss|p1a: Slowbro
|move|p2a: Dragonair|Thunder|p1a: Slowbro
|-supereffective|p1a: Slowbro
|-damage|p1a: Slowbro|4\/312
|
|turn|21
|choice|move 2|move Thunder
|
|move|p1a: Slowbro|Surf|p2a: Dragonair
|-resisted|p2a: Dragonair
|-damage|p2a: Dragonair|0 fnt
|faint|p2a: Dragonair
|
|win|whataresocks
|player|p1
|player|p2
|raw|whataresocks's rating: 1265 &rarr; <strong>1276<\/strong><br \/>(+11 for winning)
|raw|PEGUPOYERII's rating: 1028 &rarr; <strong>1022<\/strong><br \/>(-6 for losing)
|l|PEGUPOYERII
|c|★whataresocks|YES SLOWBRO