|join|BlackDragonCat
|join|123onetwothreeleaf
|player|p1|BlackDragonCat|292
|player|p2|123onetwothreeleaf|145
|gametype|singles
|gen|1
|tier|[Gen 1] Random Battle
|rated
|rule|Sleep Clause Mod: Limit one foe put to sleep
|rule|Freeze Clause Mod: Limit one foe frozen
|rule|HP Percentage Mod: HP is shown in percentages
|
|start
|switch|p1a: Venomoth|Venomoth, L85|293\/293
|switch|p2a: Zapdos|Zapdos, L79|304\/304
|turn|1
|
|move|p1a: Venomoth|Sleep Powder|p2a: Zapdos
|-status|p2a: Zapdos|slp
|cant|p2a: Zapdos|slp
|
|turn|2
|
|move|p1a: Venomoth|Psychic|p2a: Zapdos
|-damage|p2a: Zapdos|250\/304 slp
|-unboost|p2a: Zapdos|spd|1
|-unboost|p2a: Zapdos|spa|1
|cant|p2a: Zapdos|slp
|
|turn|3
|
|switch|p1a: Dragonite|Dragonite, L85|328\/328
|cant|p2a: Zapdos|slp
|
|turn|4
|
|cant|p2a: Zapdos|slp
|move|p1a: Dragonite|Blizzard|p2a: Zapdos
|-supereffective|p2a: Zapdos
|-damage|p2a: Zapdos|18\/304 slp
|
|turn|5
|
|cant|p2a: Zapdos|slp
|move|p1a: Dragonite|Ice Beam|p2a: Zapdos
|-supereffective|p2a: Zapdos
|-damage|p2a: Zapdos|0 fnt
|faint|p2a: Zapdos
|
|switch|p2a: Persian|Persian, L79|265\/265
|turn|6
|
|move|p2a: Persian|Screech|p1a: Dragonite
|-unboost|p1a: Dragonite|def|2
|move|p1a: Dragonite|Thunder Wave|p2a: Persian
|-status|p2a: Persian|par
|
|turn|7
|
|move|p1a: Dragonite|Thunder|p2a: Persian
|-damage|p2a: Persian|161\/265 par
|move|p2a: Persian|Body Slam|p1a: Dragonite
|-crit|p1a: Dragonite
|-damage|p1a: Dragonite|207\/328
|
|turn|8
|
|move|p1a: Dragonite|Thunder|p2a: Persian
|-crit|p2a: Persian
|-damage|p2a: Persian|0 fnt
|faint|p2a: Persian
|
|switch|p2a: Hitmonchan|Hitmonchan, L90|273\/273
|turn|9
|
|switch|p1a: Venomoth|Venomoth, L85|293\/293
|move|p2a: Hitmonchan|Body Slam|p1a: Venomoth
|-damage|p1a: Venomoth|199\/293
|-status|p1a: Venomoth|par
|
|turn|10
|
|move|p2a: Hitmonchan|Seismic Toss|p1a: Venomoth
|-damage|p1a: Venomoth|109\/293 par
|move|p1a: Venomoth|Psychic|p2a: Hitmonchan
|-supereffective|p2a: Hitmonchan
|-damage|p2a: Hitmonchan|84\/273
|
|turn|11
|
|move|p2a: Hitmonchan|Seismic Toss|p1a: Venomoth
|-damage|p1a: Venomoth|19\/293 par
|cant|p1a: Venomoth|par
|
|turn|12
|
|move|p2a: Hitmonchan|Seismic Toss|p1a: Venomoth
|-damage|p1a: Venomoth|0 fnt
|faint|p1a: Venomoth
|
|switch|p1a: Dragonite|Dragonite, L85|207\/328
|turn|13
|
|move|p2a: Hitmonchan|Seismic Toss|p1a: Dragonite
|-damage|p1a: Dragonite|117\/328
|move|p1a: Dragonite|Ice Beam|p2a: Hitmonchan
|-damage|p2a: Hitmonchan|0 fnt
|faint|p2a: Hitmonchan
|
|switch|p2a: Cubone|Cubone, L96|291\/291
|turn|14
|
|move|p1a: Dragonite|Ice Beam|p2a: Cubone
|-supereffective|p2a: Cubone
|-damage|p2a: Cubone|94\/291
|move|p2a: Cubone|Blizzard|p1a: Dragonite
|-supereffective|p1a: Dragonite
|-damage|p1a: Dragonite|0 fnt
|faint|p1a: Dragonite
|
|switch|p1a: Chansey|Chansey, L79|557\/557
|turn|15
|
|move|p2a: Cubone|Earthquake|p1a: Chansey
|-damage|p1a: Chansey|305\/557
|move|p1a: Chansey|Counter|p2a: Cubone
|-fail|p1a: Chansey
|
|turn|16
|
|move|p2a: Cubone|Earthquake|p1a: Chansey
|-damage|p1a: Chansey|73\/557
|move|p1a: Chansey|Soft-Boiled|p1a: Chansey
|-heal|p1a: Chansey|351\/557
|
|turn|17
|
|move|p2a: Cubone|Earthquake|p1a: Chansey
|-damage|p1a: Chansey|95\/557
|move|p1a: Chansey|Soft-Boiled|p1a: Chansey
|-heal|p1a: Chansey|373\/557
|
|turn|18
|
|move|p2a: Cubone|Earthquake|p1a: Chansey
|-damage|p1a: Chansey|111\/557
|move|p1a: Chansey|Soft-Boiled|p1a: Chansey
|-heal|p1a: Chansey|389\/557
|
|turn|19
|
|move|p2a: Cubone|Earthquake|p1a: Chansey
|-crit|p1a: Chansey
|-damage|p1a: Chansey|0 fnt
|faint|p1a: Chansey
|
|switch|p1a: Vulpix|Vulpix, L96|268\/268
|turn|20
|
|move|p1a: Vulpix|Body Slam|p2a: Cubone
|-damage|p2a: Cubone|57\/291
|move|p2a: Cubone|Earthquake|p1a: Vulpix
|-supereffective|p1a: Vulpix
|-damage|p1a: Vulpix|8\/268
|
|turn|21
|
|move|p1a: Vulpix|Body Slam|p2a: Cubone
|-damage|p2a: Cubone|19\/291
|move|p2a: Cubone|Seismic Toss|p1a: Vulpix
|-damage|p1a: Vulpix|0 fnt
|faint|p1a: Vulpix
|
|switch|p1a: Magneton|Magneton, L90|273\/273
|turn|22
|
|move|p1a: Magneton|Hyper Beam|p2a: Cubone
|-damage|p2a: Cubone|0 fnt
|faint|p2a: Cubone
|
|switch|p2a: Machoke|Machoke, L85|310\/310
|turn|23
|
|move|p1a: Magneton|Hyper Beam|p2a: Machoke
|-damage|p2a: Machoke|214\/310
|move|p2a: Machoke|Leer|p1a: Magneton
|-unboost|p1a: Magneton|def|1
|
|turn|24
|-mustrecharge|p1a: Magneton
|-mustrecharge|p1a: Magneton
|
|cant|p1a: Magneton|recharge
|move|p2a: Machoke|Leer|p1a: Magneton
|-unboost|p1a: Magneton|def|1
|
|turn|25
|
|move|p1a: Magneton|Thunderbolt|p2a: Machoke
|-damage|p2a: Machoke|20\/310
|move|p2a: Machoke|Body Slam|p1a: Magneton
|-damage|p1a: Magneton|157\/273
|
|turn|26
|
|move|p1a: Magneton|Thunderbolt|p2a: Machoke
|-damage|p2a: Machoke|0 fnt
|faint|p2a: Machoke
|
|switch|p2a: Scyther|Scyther, L90|309\/309
|turn|27
|
|move|p2a: Scyther|Hyper Beam|p1a: Magneton
|-damage|p1a: Magneton|0 fnt
|faint|p1a: Magneton
|
|switch|p1a: Nidorina|Nidorina, L90|309\/309
|turn|28
|
|move|p2a: Scyther|Swords Dance|p2a: Scyther
|-boost|p2a: Scyther|atk|2
|move|p1a: Nidorina|Thunderbolt|p2a: Scyther
|-supereffective|p2a: Scyther
|-damage|p2a: Scyther|177\/309
|
|turn|29
|
|move|p2a: Scyther|Hyper Beam|p1a: Nidorina
|-damage|p1a: Nidorina|12\/309
|move|p1a: Nidorina|Thunderbolt|p2a: Scyther
|-supereffective|p2a: Scyther
|-damage|p2a: Scyther|44\/309
|-status|p2a: Scyther|par
|
|turn|30
|-mustrecharge|p2a: Scyther
|-mustrecharge|p2a: Scyther
|
|move|p1a: Nidorina|Thunderbolt|p2a: Scyther
|-supereffective|p2a: Scyther
|-damage|p2a: Scyther|0 fnt
|faint|p2a: Scyther
|
|win|BlackDragonCat
|raw|Ladder updating...
|raw|BlackDragonCat's rating: 1011 &rarr; <strong>1058<\/strong><br \/>(+47 for winning)
|raw|123onetwothreeleaf's rating: 1087 &rarr; <strong>1059<\/strong><br \/>(-28 for losing)
|c|★BlackDragonCat|gg