|join|kid gf lol
|join|I Suck XD
|player|p1|kid gf lol|167
|player|p2|I Suck XD|264
|gametype|singles
|gen|1
|tier|[Gen 1] OU (beta)
|rated
|rule|Sleep Clause Mod: Limit one foe put to sleep
|rule|Species Clause: Limit one of each Pokemon
|rule|OHKO Clause: OHKO moves are banned
|rule|Moody Clause: Moody is banned
|rule|Evasion Moves Clause: Evasion moves are banned
|rule|Endless Battle Clause: Forcing endless battles is banned.
|rule|HP Percentage Mod: HP is reported as percentages
|
|start
|switch|p1a: Mr Mime|Jynx|333\/333
|switch|p2a: Tauros|Tauros|353\/353
|turn|1
|
|switch|p2a: Snorlax|Snorlax|523\/523
|move|p1a: Mr Mime|Lovely Kiss|p2a: Snorlax|[miss]
|-miss|p1a: Mr Mime
|
|turn|2
|
|move|p1a: Mr Mime|Lovely Kiss|p2a: Snorlax|[miss]
|-miss|p1a: Mr Mime
|move|p2a: Snorlax|Blizzard|p1a: Mr Mime
|-resisted|p1a: Mr Mime
|-damage|p1a: Mr Mime|298\/333
|
|turn|3
|
|move|p1a: Mr Mime|Lovely Kiss|p2a: Snorlax
|-status|p2a: Snorlax|slp
|cant|p2a: Snorlax|slp
|
|turn|4
|
|switch|p2a: Chansey|Chansey|703\/703
|move|p1a: Mr Mime|Reflect|p1a: Mr Mime
|
|turn|5
|
|move|p1a: Mr Mime|Blizzard|p2a: Chansey
|-crit|p2a: Chansey
|-damage|p2a: Chansey|447\/703
|move|p2a: Chansey|Blizzard|p1a: Mr Mime
|-resisted|p1a: Mr Mime
|-damage|p1a: Mr Mime|246\/333
|
|turn|6
|
|move|p1a: Mr Mime|Blizzard|p2a: Chansey
|-damage|p2a: Chansey|314\/703
|move|p2a: Chansey|Thunder Wave|p1a: Mr Mime
|-status|p1a: Mr Mime|par
|
|turn|7
|
|switch|p2a: Snorlax|Snorlax|523\/523 slp
|move|p1a: Mr Mime|Blizzard|p2a: Snorlax
|-damage|p2a: Snorlax|342\/523 slp
|
|turn|8
|
|switch|p2a: Chansey|Chansey|314\/703
|cant|p1a: Mr Mime|par
|
|turn|9
|
|move|p2a: Chansey|Soft-Boiled|p2a: Chansey
|-heal|p2a: Chansey|665\/703
|cant|p1a: Mr Mime|par
|
|turn|10
|
|move|p2a: Chansey|Thunderbolt|p1a: Mr Mime
|-damage|p1a: Mr Mime|169\/333 par
|move|p1a: Mr Mime|Blizzard|p2a: Chansey
|-damage|p2a: Chansey|524\/703
|
|turn|11
|
|move|p2a: Chansey|Thunderbolt|p1a: Mr Mime
|-damage|p1a: Mr Mime|96\/333 par
|move|p1a: Mr Mime|Blizzard|p2a: Chansey
|-damage|p2a: Chansey|401\/703
|
|turn|12
|
|move|p2a: Chansey|Thunderbolt|p1a: Mr Mime
|-crit|p1a: Mr Mime
|-damage|p1a: Mr Mime|0 fnt
|faint|p1a: Mr Mime
|
|
|switch|p1a: Breakfast Pouch|Chansey|703\/703
|turn|13
|
|move|p1a: Breakfast Pouch|Ice Beam|p2a: Chansey
|-damage|p2a: Chansey|322\/703
|move|p2a: Chansey|Blizzard|p1a: Breakfast Pouch
|-damage|p1a: Breakfast Pouch|605\/703
|
|turn|14
|
|move|p2a: Chansey|Soft-Boiled|p2a: Chansey
|-heal|p2a: Chansey|673\/703
|move|p1a: Breakfast Pouch|Ice Beam|p2a: Chansey
|-damage|p2a: Chansey|601\/703
|
|turn|15
|
|move|p2a: Chansey|Blizzard|p1a: Breakfast Pouch
|-damage|p1a: Breakfast Pouch|518\/703
|-status|p1a: Breakfast Pouch|frz
|cant|p1a: Breakfast Pouch|frz
|
|turn|16
|
|move|p2a: Chansey|Thunderbolt|p1a: Breakfast Pouch
|-damage|p1a: Breakfast Pouch|446\/703 frz
|cant|p1a: Breakfast Pouch|frz
|
|turn|17
|leave|I Suck XD
|player|p2
|join|I Suck XD
|player|p2|I Suck XD|264
|
|move|p2a: Chansey|Thunderbolt|p1a: Breakfast Pouch
|-damage|p1a: Breakfast Pouch|372\/703 frz
|cant|p1a: Breakfast Pouch|frz
|
|turn|18
|
|cant|p1a: Breakfast Pouch|frz
|move|p2a: Chansey|Blizzard|p1a: Breakfast Pouch
|-damage|p1a: Breakfast Pouch|273\/703 frz
|
|turn|19
|
|move|p2a: Chansey|Thunderbolt|p1a: Breakfast Pouch
|-damage|p1a: Breakfast Pouch|204\/703 frz
|cant|p1a: Breakfast Pouch|frz
|
|turn|20
|
|switch|p2a: Snorlax|Snorlax|342\/523 slp
|cant|p1a: Breakfast Pouch|frz
|
|turn|21
|
|switch|p1a: GhostInaShell|Cloyster|303\/303
|cant|p2a: Snorlax|slp
|
|turn|22
|
|switch|p2a: Chansey|Chansey|601\/703
|move|p1a: GhostInaShell|Blizzard|p2a: Chansey
|-damage|p2a: Chansey|470\/703
|
|turn|23
|
|move|p1a: GhostInaShell|Clamp|p2a: Chansey
|-damage|p2a: Chansey|433\/703
|-activate|p2a: Chansey|move: Clamp|[of] p1a: GhostInaShell
|cant|p2a: Chansey|partiallytrapped
|
|turn|24
|
|move|p1a: GhostInaShell|Clamp|p2a: Chansey
|-damage|p2a: Chansey|396\/703
|cant|p2a: Chansey|partiallytrapped
|
|turn|25
|
|move|p1a: GhostInaShell|Clamp|p2a: Chansey
|-damage|p2a: Chansey|359\/703
|cant|p2a: Chansey|partiallytrapped
|
|turn|26
|
|move|p1a: GhostInaShell|Clamp|p2a: Chansey
|-damage|p2a: Chansey|322\/703
|cant|p2a: Chansey|partiallytrapped
|
|-end|p2a: Chansey|Clamp|[partiallytrapped]
|turn|27
|
|move|p1a: GhostInaShell|Clamp|p2a: Chansey|[miss]
|-miss|p1a: GhostInaShell
|move|p2a: Chansey|Thunderbolt|p1a: GhostInaShell
|-supereffective|p1a: GhostInaShell
|-damage|p1a: GhostInaShell|119\/303
|
|turn|28
|
|move|p1a: GhostInaShell|Clamp|p2a: Chansey
|-crit|p2a: Chansey
|-damage|p2a: Chansey|246\/703
|-activate|p2a: Chansey|move: Clamp|[of] p1a: GhostInaShell
|cant|p2a: Chansey|partiallytrapped
|
|turn|29
|
|move|p1a: GhostInaShell|Clamp|p2a: Chansey
|-damage|p2a: Chansey|170\/703
|cant|p2a: Chansey|partiallytrapped
|
|-end|p2a: Chansey|Clamp|[partiallytrapped]
|turn|30
|
|move|p1a: GhostInaShell|Clamp|p2a: Chansey|[miss]
|-miss|p1a: GhostInaShell
|move|p2a: Chansey|Thunderbolt|p1a: GhostInaShell
|-supereffective|p1a: GhostInaShell
|-damage|p1a: GhostInaShell|0 fnt
|faint|p1a: GhostInaShell
|
|
|switch|p1a: TNT|Golem|363\/363
|turn|31
|
|move|p2a: Chansey|Soft-Boiled|p2a: Chansey
|-heal|p2a: Chansey|521\/703
|move|p1a: TNT|Earthquake|p2a: Chansey
|-damage|p2a: Chansey|182\/703
|
|turn|32
|
|move|p2a: Chansey|Soft-Boiled|p2a: Chansey
|-heal|p2a: Chansey|533\/703
|move|p1a: TNT|Earthquake|p2a: Chansey
|-damage|p2a: Chansey|175\/703
|
|turn|33
|
|move|p2a: Chansey|Soft-Boiled|p2a: Chansey
|-heal|p2a: Chansey|526\/703
|move|p1a: TNT|Earthquake|p2a: Chansey
|-damage|p2a: Chansey|157\/703
|
|turn|34
|
|move|p2a: Chansey|Blizzard|p1a: TNT
|-supereffective|p1a: TNT
|-damage|p1a: TNT|77\/363
|move|p1a: TNT|Earthquake|p2a: Chansey
|-damage|p2a: Chansey|0 fnt
|faint|p2a: Chansey
|
|
|switch|p2a: Exeggutor|Exeggutor|393\/393
|turn|35
|
|switch|p1a: Breakfast Pouch|Chansey|204\/703 frz
|move|p2a: Exeggutor|Mega Drain|p1a: Breakfast Pouch
|-damage|p1a: Breakfast Pouch|152\/703 frz
|
|turn|36
|
|switch|p2a: Snorlax|Snorlax|342\/523 slp
|cant|p1a: Breakfast Pouch|frz
|
|turn|37
|
|switch|p1a: Result of Incest|Exeggutor|393\/393
|cant|p2a: Snorlax|slp
|
|turn|38
|
|switch|p2a: Exeggutor|Exeggutor|393\/393
|move|p1a: Result of Incest|Psychic|p2a: Exeggutor
|-resisted|p2a: Exeggutor
|-damage|p2a: Exeggutor|343\/393
|
|turn|39
|
|move|p1a: Result of Incest|Explosion|p2a: Exeggutor
|-damage|p2a: Exeggutor|82\/393
|faint|p1a: Result of Incest
|
|switch|p1a: Zam Lead|Alakazam|313\/313
|turn|40
|
|move|p1a: Zam Lead|Psychic|p2a: Exeggutor
|-resisted|p2a: Exeggutor
|-damage|p2a: Exeggutor|27\/393
|move|p2a: Exeggutor|Explosion|p1a: Zam Lead
|-damage|p1a: Zam Lead|0 fnt
|faint|p1a: Zam Lead
|faint|p2a: Exeggutor
|
|switch|p2a: Gengar|Gengar|323\/323
|switch|p1a: TNT|Golem|77\/363
|turn|41
|
|move|p2a: Gengar|Psychic|p1a: TNT
|-damage|p1a: TNT|0 fnt
|faint|p1a: TNT
|
|
|switch|p1a: Breakfast Pouch|Chansey|152\/703 frz
|turn|42
|
|switch|p2a: Snorlax|Snorlax|342\/523 slp
|cant|p1a: Breakfast Pouch|frz
|
|turn|43
|-message|kid gf lol forfeited.
|
|win|I Suck XD
|raw|Ladder updating...
|raw|kid gf lol's rating: 1441 &rarr; <strong>1408<\/strong><br \/>(-33 for losing)
|raw|I Suck XD's rating: 1182 &rarr; <strong>1223<\/strong><br \/>(+41 for winning)
|leave|kid gf lol
|player|p1