|join|marcoasd
|join|Piexplode
|player|p1|marcoasd|169
|player|p2|Piexplode|32
|gametype|singles
|gen|1
|tier|[Gen 1] OU (beta)
|rule|Sleep Clause Mod: Limit one foe put to sleep
|rule|Species Clause: Limit one of each Pokemon
|rule|OHKO Clause: OHKO moves are banned
|rule|Moody Clause: Moody is banned
|rule|Evasion Moves Clause: Evasion moves are banned
|rule|Endless Battle Clause: Forcing endless battles is banned
|rule|HP Percentage Mod: HP is reported as percentages
|
|start
|switch|p1a: Ekans|Ekans, L5|23\/23
|switch|p2a: Venonat|Venonat, L5|25\/25
|turn|1
|chat|Piexplode|back
|chat|Piexplode|ugh I hate it when
|chat|Piexplode|battles cut me out mid sentence
|chat|Piexplode|xD
|join|Fieryguns
|join|MegaMan775
|chat|Piexplode|gl hf
|chat|marcoasd|neutral luck
|
|move|p1a: Ekans|Rock Slide|p2a: Venonat|[miss]
|-miss|p1a: Ekans
|move|p2a: Venonat|Sleep Powder|p1a: Ekans
|-status|p1a: Ekans|slp
|
|turn|2
|chat|marcoasd|lol
|chat|MegaMan775|dat miss
|chat|marcoasd|porco dio asd
|join|8-BIT NPC
|join|pinsirinubers
|chat|Piexplode|yeah
|join|absdaddy
|chat|Piexplode|hax right at the start
|join|Lutra
|chat|marcoasd|how can i switch into that thing
|chat|marcoasd|lol
|join|Smoeyjith
|chat|Piexplode|:]
|chat|Piexplode|u can't that's why it's omnipresent
|leave|pinsirinubers
|chat|Piexplode|then again in RBY OU
|chat|Piexplode|u can't switch into tauros
|join|pinsirinubers
|chat|Piexplode|easily
|chat|Piexplode|lol
|
|switch|p1a: Jigglypuff|Jigglypuff, L5|31\/31
|move|p2a: Venonat|Substitute|p2a: Venonat
|-start|p2a: Venonat|Substitute
|-damage|p2a: Venonat|19\/25
|
|turn|3
|leave|absdaddy
|leave|Smoeyjith
|leave|MegaMan775
|join|CarolOfTheBells
|join|Kingmidas
|
|move|p2a: Venonat|Stun Spore|p1a: Jigglypuff
|-status|p1a: Jigglypuff|par
|cant|p1a: Jigglypuff|par
|
|turn|4
|chat|marcoasd|madonna dedio cane
|
|switch|p2a: Cubone|Cubone, L5|24\/24
|move|p1a: Jigglypuff|Body Slam|p2a: Cubone
|-damage|p2a: Cubone|15\/24
|
|turn|5
|join|UXQ SteveMan
|chat|Kingmidas|>subbing
|chat|Kingmidas|then switching out
|chat|Piexplode|so not psychic
|chat|Piexplode|and not twave
|chat|Piexplode|km I didn't want nat to get para'd
|
|move|p2a: Cubone|Submission|p1a: Jigglypuff
|-supereffective|p1a: Jigglypuff
|-damage|p1a: Jigglypuff|13\/31 par
|-damage|p2a: Cubone|10\/24|[from] recoil|[of] p1a: Jigglypuff
|move|p1a: Jigglypuff|Blizzard|p2a: Cubone
|-supereffective|p2a: Cubone
|-damage|p2a: Cubone|0 fnt
|faint|p2a: Cubone
|
|join|MoxieInfinite
|chat|Kingmidas|oh yeah t-wave goes through sub
|
|switch|p2a: NidoranF|NidoranF, L5|25\/25
|turn|6
|chat|Kingmidas|sorry forgot
|chat|Piexplode|dw
|leave|Kingmidas
|
|move|p2a: NidoranF|Substitute|p2a: NidoranF
|-start|p2a: NidoranF|Substitute
|-damage|p2a: NidoranF|19\/25
|cant|p1a: Jigglypuff|par
|
|turn|7
|leave|MoxieInfinite
|join|v creatin
|leave|Fieryguns
|
|move|p2a: NidoranF|Body Slam|p1a: Jigglypuff
|-damage|p1a: Jigglypuff|4\/31 par
|move|p1a: Jigglypuff|Body Slam|p2a: NidoranF
|-end|p2a: NidoranF|Substitute
|
|turn|8
|chat|v creatin|rby lc uu
|
|move|p2a: NidoranF|Substitute|p2a: NidoranF
|-start|p2a: NidoranF|Substitute
|-damage|p2a: NidoranF|13\/25
|move|p1a: Jigglypuff|Mega Kick|p2a: NidoranF
|-end|p2a: NidoranF|Substitute
|
|turn|9
|chat|Piexplode|best tier
|chat|v creatin|didnt even know that exsists
|
|move|p2a: NidoranF|Substitute|p2a: NidoranF
|-start|p2a: NidoranF|Substitute
|-damage|p2a: NidoranF|7\/25
|move|p1a: Jigglypuff|Body Slam|p2a: NidoranF
|-end|p2a: NidoranF|Substitute
|
|turn|10
|
|move|p2a: NidoranF|Substitute|p2a: NidoranF
|-start|p2a: NidoranF|Substitute
|-damage|p2a: NidoranF|1\/25
|move|p1a: Jigglypuff|Body Slam|p2a: NidoranF
|-end|p2a: NidoranF|Substitute
|
|turn|11
|chat|Piexplode|owell
|
|move|p2a: NidoranF|Body Slam|p1a: Jigglypuff
|-damage|p1a: Jigglypuff|0 fnt
|faint|p1a: Jigglypuff
|
|chat|v creatin|does that even have a playerbase lol dont think so
|chat|Piexplode|the whole advantage of f>m is
|chat|Piexplode|4 subs>3
|
|switch|p1a: Goldeen|Goldeen, L5|24\/24
|turn|12
|chat|Piexplode|but ties with cubone\/outsped by nat
|
|move|p1a: Goldeen|Double-Edge|p2a: NidoranF
|-damage|p2a: NidoranF|0 fnt
|-damage|p1a: Goldeen|24\/24|[from] recoil|[of] p2a: NidoranF
|faint|p2a: NidoranF
|
|
|switch|p2a: Ekans|Ekans, L5|23\/23
|turn|13
|
|move|p1a: Goldeen|Surf|p2a: Ekans
|-damage|p2a: Ekans|10\/23
|move|p2a: Ekans|Glare|p1a: Goldeen
|-status|p1a: Goldeen|par
|
|turn|14
|
|move|p2a: Ekans|Substitute|p2a: Ekans
|-start|p2a: Ekans|Substitute
|-damage|p2a: Ekans|5\/23
|move|p1a: Goldeen|Surf|p2a: Ekans
|-end|p2a: Ekans|Substitute
|
|turn|15
|leave|CarolOfTheBells
|
|move|p2a: Ekans|Double-Edge|p1a: Goldeen
|-damage|p1a: Goldeen|15\/24 par
|-damage|p2a: Ekans|3\/23|[from] recoil|[of] p1a: Goldeen
|move|p1a: Goldeen|Surf|p2a: Ekans
|-damage|p2a: Ekans|0 fnt
|faint|p2a: Ekans
|
|
|switch|p2a: Goldeen|Goldeen, L5|24\/24
|turn|16
|
|move|p2a: Goldeen|Double-Edge|p1a: Goldeen
|-damage|p1a: Goldeen|6\/24 par
|-damage|p2a: Goldeen|22\/24|[from] recoil|[of] p1a: Goldeen
|move|p1a: Goldeen|Double-Edge|p2a: Goldeen
|-damage|p2a: Goldeen|14\/24
|-damage|p1a: Goldeen|4\/24 par|[from] recoil|[of] p2a: Goldeen
|
|turn|17
|
|move|p2a: Goldeen|Double-Edge|p1a: Goldeen
|-damage|p1a: Goldeen|0 fnt
|-damage|p2a: Goldeen|13\/24|[from] recoil|[of] p1a: Goldeen
|faint|p1a: Goldeen
|
|
|switch|p1a: Venonat|Venonat, L5|25\/25
|turn|18
|
|move|p2a: Goldeen|Double-Edge|p1a: Venonat
|-damage|p1a: Venonat|15\/25
|-damage|p2a: Goldeen|10\/24|[from] recoil|[of] p1a: Venonat
|move|p1a: Venonat|Sleep Powder|p2a: Goldeen
|-status|p2a: Goldeen|slp
|
|turn|19
|
|switch|p2a: Zubat|Zubat, L5|23\/23
|switch|p1a: NidoranM|NidoranM, L5|24\/24
|
|turn|20
|
|move|p2a: Zubat|Confuse Ray|p1a: NidoranM
|-start|p1a: NidoranM|confusion
|-activate|p1a: NidoranM|confusion
|move|p1a: NidoranM|Blizzard|p2a: Zubat
|-supereffective|p2a: Zubat
|-damage|p2a: Zubat|3\/23
|
|turn|21
|
|switch|p1a: Cubone|Cubone, L5|24\/24
|move|p2a: Zubat|Double-Edge|p1a: Cubone
|-damage|p1a: Cubone|18\/24
|-damage|p2a: Zubat|1\/23|[from] recoil|[of] p1a: Cubone
|
|turn|22
|
|switch|p2a: Goldeen|Goldeen, L5|10\/24 slp
|move|p1a: Cubone|Body Slam|p2a: Goldeen
|-damage|p2a: Goldeen|3\/24 slp
|
|turn|23
|
|cant|p2a: Goldeen|slp
|-curestatus|p2a: Goldeen|slp
|move|p1a: Cubone|Body Slam|p2a: Goldeen
|-damage|p2a: Goldeen|0 fnt
|faint|p2a: Goldeen
|
|leave|8-BIT NPC
|
|switch|p2a: Venonat|Venonat, L5|19\/25
|turn|24
|
|move|p2a: Venonat|Stun Spore|p1a: Cubone|[miss]
|-miss|p2a: Venonat
|move|p1a: Cubone|Fire Blast|p2a: Venonat
|-crit|p2a: Venonat
|-supereffective|p2a: Venonat
|-damage|p2a: Venonat|0 fnt
|faint|p2a: Venonat
|
|chat|marcoasd|gg
|chat|Piexplode|!!!
|chat|Piexplode|gg
|
|switch|p2a: Zubat|Zubat, L5|1\/23
|turn|25
|chat|Piexplode|how do u keep beating me?
|chat|Piexplode|xD
|
|move|p2a: Zubat|Confuse Ray|p1a: Cubone
|-start|p1a: Cubone|confusion
|-activate|p1a: Cubone|confusion
|move|p1a: Cubone|Body Slam|p2a: Zubat
|-damage|p2a: Zubat|0 fnt
|faint|p2a: Zubat
|
|win|marcoasd
|chat|v creatin|he is good
|chat|marcoasd|i use good moves
|chat|marcoasd|and good switches
|chat|marcoasd|there are few moves and pokes
|chat|Piexplode|well gg
|join|inFluence_iV
|chat|marcoasd|ggs
|chat|Piexplode|:]
|leave|v creatin