|j|SinisterHFigure
|j|postmodernist
|player|p1|SinisterHFigure|269
|player|p2|postmodernist|211
|gametype|singles
|gen|1
|tier|[Gen 1] OU
|rated
|seed|11153,28667,52182,14530
|rule|Sleep Clause Mod: Limit one foe put to sleep
|rule|Freeze Clause Mod: Limit one foe frozen
|rule|Species Clause: Limit one of each Pokémon
|rule|OHKO Clause: OHKO moves are banned
|rule|Evasion Moves Clause: Evasion moves are banned
|rule|HP Percentage Mod: HP is shown in percentages
|
|start
|switch|p1a: Dragonair|Dragonair|325\/325
|switch|p2a: Alakazam|Alakazam|313\/313
|turn|1
|choice|move 2|move 4
|
|move|p2a: Alakazam|Seismic Toss|p1a: Dragonair
|-damage|p1a: Dragonair|225\/325
|move|p1a: Dragonair|Thunder Wave|p2a: Alakazam
|-status|p2a: Alakazam|par
|
|turn|2
|choice|move 1|move 1
|
|move|p1a: Dragonair|Wrap|p2a: Alakazam
|-damage|p2a: Alakazam|295\/313 par
|-activate|p2a: Alakazam|move: Wrap|[of] p1a: Dragonair
|cant|p2a: Alakazam|partiallytrapped
|
|turn|3
|choice|move 1|move 1
|
|move|p1a: Dragonair|Wrap|p2a: Alakazam
|-damage|p2a: Alakazam|277\/313 par
|cant|p2a: Alakazam|partiallytrapped
|
|turn|4
|choice|move 1|move 1
|
|move|p1a: Dragonair|Wrap|p2a: Alakazam
|-damage|p2a: Alakazam|259\/313 par
|cant|p2a: Alakazam|partiallytrapped
|
|-end|p2a: Alakazam|Wrap|[partiallytrapped]
|turn|5
|choice|move 1|move 1
|
|move|p1a: Dragonair|Wrap|p2a: Alakazam
|-damage|p2a: Alakazam|243\/313 par
|-activate|p2a: Alakazam|move: Wrap|[of] p1a: Dragonair
|cant|p2a: Alakazam|par
|
|turn|6
|choice|move 1|move 1
|
|move|p1a: Dragonair|Wrap|p2a: Alakazam
|-damage|p2a: Alakazam|227\/313 par
|cant|p2a: Alakazam|partiallytrapped
|
|-end|p2a: Alakazam|Wrap|[partiallytrapped]
|turn|7
|choice|move 1|move 1
|
|move|p1a: Dragonair|Wrap|p2a: Alakazam|[miss]
|-miss|p1a: Dragonair
|move|p2a: Alakazam|Psychic|p1a: Dragonair
|-damage|p1a: Dragonair|71\/325
|
|turn|8
|choice|move 1|move 4
|
|move|p1a: Dragonair|Wrap|p2a: Alakazam
|-damage|p2a: Alakazam|209\/313 par
|-activate|p2a: Alakazam|move: Wrap|[of] p1a: Dragonair
|cant|p2a: Alakazam|partiallytrapped
|
|turn|9
|choice|move 1|move 1
|
|move|p1a: Dragonair|Wrap|p2a: Alakazam
|-damage|p2a: Alakazam|191\/313 par
|cant|p2a: Alakazam|partiallytrapped
|
|-end|p2a: Alakazam|Wrap|[partiallytrapped]
|turn|10
|choice|move 1|move 1
|
|move|p1a: Dragonair|Wrap|p2a: Alakazam
|-damage|p2a: Alakazam|174\/313 par
|-activate|p2a: Alakazam|move: Wrap|[of] p1a: Dragonair
|cant|p2a: Alakazam|partiallytrapped
|
|turn|11
|choice|move 1|move 1
|
|move|p1a: Dragonair|Wrap|p2a: Alakazam
|-damage|p2a: Alakazam|157\/313 par
|cant|p2a: Alakazam|partiallytrapped
|
|turn|12
|choice|move 1|move 1
|
|move|p1a: Dragonair|Wrap|p2a: Alakazam
|-damage|p2a: Alakazam|140\/313 par
|cant|p2a: Alakazam|partiallytrapped
|
|turn|13
|choice|move 1|move 2
|
|move|p1a: Dragonair|Wrap|p2a: Alakazam
|-damage|p2a: Alakazam|123\/313 par
|cant|p2a: Alakazam|partiallytrapped
|
|-end|p2a: Alakazam|Wrap|[partiallytrapped]
|turn|14
|choice|move 1|move 2
|
|move|p1a: Dragonair|Wrap|p2a: Alakazam
|-damage|p2a: Alakazam|105\/313 par
|-activate|p2a: Alakazam|move: Wrap|[of] p1a: Dragonair
|cant|p2a: Alakazam|partiallytrapped
|
|turn|15
|choice|switch 3|move 2
|
|switch|p1a: Victreebel|Victreebel|363\/363
|cant|p2a: Alakazam|par
|
|-end|p2a: Alakazam|Wrap|[partiallytrapped]
|turn|16
|choice|move 4|move 2
|
|move|p1a: Victreebel|Body Slam|p2a: Alakazam
|-damage|p2a: Alakazam|0 fnt
|faint|p2a: Alakazam
|choice||switch 6
|
|switch|p2a: Charizard|Charizard|359\/359
|turn|17
|choice|switch 3|move 2
|
|switch|p1a: Dragonair|Dragonair|71\/325
|move|p2a: Charizard|Earthquake|p1a: Dragonair
|-damage|p1a: Dragonair|0 fnt
|faint|p1a: Dragonair
|choice|switch 5|
|
|switch|p1a: Dragonite|Dragonite|385\/385
|turn|18
|choice|move 2|move 3
|
|move|p2a: Charizard|Swords Dance|p2a: Charizard
|-boost|p2a: Charizard|atk|2
|move|p1a: Dragonite|Thunder Wave|p2a: Charizard
|-status|p2a: Charizard|par
|
|turn|19
|choice|move 1|move 1
|
|move|p1a: Dragonite|Wrap|p2a: Charizard
|-crit|p2a: Charizard
|-damage|p2a: Charizard|328\/359 par
|-activate|p2a: Charizard|move: Wrap|[of] p1a: Dragonite
|cant|p2a: Charizard|partiallytrapped
|
|turn|20
|choice|move 1|move 1
|
|move|p1a: Dragonite|Wrap|p2a: Charizard
|-damage|p2a: Charizard|297\/359 par
|cant|p2a: Charizard|partiallytrapped
|
|-end|p2a: Charizard|Wrap|[partiallytrapped]
|turn|21
|choice|move 1|move 1
|
|move|p1a: Dragonite|Wrap|p2a: Charizard|[miss]
|-miss|p1a: Dragonite
|cant|p2a: Charizard|par
|
|turn|22
|choice|move 1|move 1
|
|move|p1a: Dragonite|Wrap|p2a: Charizard
|-damage|p2a: Charizard|278\/359 par
|-activate|p2a: Charizard|move: Wrap|[of] p1a: Dragonite
|cant|p2a: Charizard|par
|
|turn|23
|choice|move 1|move 1
|
|move|p1a: Dragonite|Wrap|p2a: Charizard
|-damage|p2a: Charizard|259\/359 par
|cant|p2a: Charizard|partiallytrapped
|
|turn|24
|choice|move 1|move 1
|
|move|p1a: Dragonite|Wrap|p2a: Charizard
|-damage|p2a: Charizard|240\/359 par
|cant|p2a: Charizard|partiallytrapped
|
|-end|p2a: Charizard|Wrap|[partiallytrapped]
|turn|25
|choice|move 1|move 1
|
|move|p1a: Dragonite|Wrap|p2a: Charizard
|-damage|p2a: Charizard|223\/359 par
|-activate|p2a: Charizard|move: Wrap|[of] p1a: Dragonite
|cant|p2a: Charizard|partiallytrapped
|
|turn|26
|choice|move 1|move 1
|
|move|p1a: Dragonite|Wrap|p2a: Charizard
|-damage|p2a: Charizard|206\/359 par
|cant|p2a: Charizard|partiallytrapped
|
|turn|27
|choice|move 1|move 1
|
|move|p1a: Dragonite|Wrap|p2a: Charizard
|-damage|p2a: Charizard|189\/359 par
|cant|p2a: Charizard|partiallytrapped
|
|-end|p2a: Charizard|Wrap|[partiallytrapped]
|turn|28
|choice|move 1|move 1
|
|move|p1a: Dragonite|Wrap|p2a: Charizard|[miss]
|-miss|p1a: Dragonite
|cant|p2a: Charizard|par
|
|turn|29
|choice|move 1|move 1
|
|move|p1a: Dragonite|Wrap|p2a: Charizard
|-damage|p2a: Charizard|171\/359 par
|-activate|p2a: Charizard|move: Wrap|[of] p1a: Dragonite
|cant|p2a: Charizard|partiallytrapped
|
|turn|30
|choice|move 1|move 1
|
|move|p1a: Dragonite|Wrap|p2a: Charizard
|-damage|p2a: Charizard|153\/359 par
|cant|p2a: Charizard|partiallytrapped
|
|turn|31
|choice|move 1|move 1
|
|move|p1a: Dragonite|Wrap|p2a: Charizard
|-damage|p2a: Charizard|135\/359 par
|cant|p2a: Charizard|par
|
|turn|32
|choice|move 1|move 1
|
|move|p1a: Dragonite|Wrap|p2a: Charizard
|-damage|p2a: Charizard|117\/359 par
|cant|p2a: Charizard|partiallytrapped
|
|-end|p2a: Charizard|Wrap|[partiallytrapped]
|turn|33
|-message|postmodernist forfeited.
|
|win|SinisterHFigure
|c|★postmodernist|gg
|raw|SinisterHFigure's rating: 1100 &rarr; <strong>1118<\/strong><br \/>(+18 for winning)
|raw|postmodernist's rating: 1000 &rarr; <strong>1000<\/strong><br \/>(+0 for losing)
|l|postmodernist
|player|p2