|join|yaldyyyy
|join|S For Shadow
|player|p1|yaldyyyy|275
|player|p2|S For Shadow|248
|gametype|singles
|gen|1
|tier|[Gen 1] Random Battle
|rated
|rule|Sleep Clause Mod: Limit one foe put to sleep
|rule|Freeze Clause Mod: Limit one foe frozen
|rule|HP Percentage Mod: HP is shown in percentages
|
|start
|switch|p1a: Squirtle|Squirtle, L96|279\/279
|switch|p2a: Dragonair|Dragonair, L85|277\/277
|turn|1
|
|move|p2a: Dragonair|Thunder|p1a: Squirtle
|-supereffective|p1a: Squirtle
|-damage|p1a: Squirtle|104\/279
|-status|p1a: Squirtle|par
|move|p1a: Squirtle|Blizzard|p2a: Dragonair
|-supereffective|p2a: Dragonair
|-damage|p2a: Dragonair|112\/277
|
|turn|2
|
|move|p2a: Dragonair|Thunder|p1a: Squirtle
|-supereffective|p1a: Squirtle
|-damage|p1a: Squirtle|0 fnt
|faint|p1a: Squirtle
|
|switch|p1a: Exeggutor|Exeggutor, L79|312\/312
|turn|3
|
|move|p2a: Dragonair|Hyper Beam|p1a: Exeggutor
|-damage|p1a: Exeggutor|212\/312
|move|p1a: Exeggutor|Psychic|p2a: Dragonair
|-damage|p2a: Dragonair|5\/277
|
|turn|4
|-mustrecharge|p2a: Dragonair
|-mustrecharge|p2a: Dragonair
|
|cant|p2a: Dragonair|recharge
|move|p1a: Exeggutor|Psychic|p2a: Dragonair
|-damage|p2a: Dragonair|0 fnt
|faint|p2a: Dragonair
|
|switch|p2a: Ekans|Ekans, L96|262\/262
|turn|5
|
|move|p2a: Ekans|Glare|p1a: Exeggutor
|-status|p1a: Exeggutor|par
|move|p1a: Exeggutor|Psychic|p2a: Ekans
|-supereffective|p2a: Ekans
|-damage|p2a: Ekans|0 fnt
|faint|p2a: Ekans
|
|switch|p2a: Magneton|Magneton, L90|273\/273
|turn|6
|
|move|p2a: Magneton|Double-Edge|p1a: Exeggutor
|-damage|p1a: Exeggutor|141\/312 par
|-damage|p2a: Magneton|256\/273|[from] recoil|[of] p1a: Exeggutor
|move|p1a: Exeggutor|Sleep Powder|p2a: Magneton
|-status|p2a: Magneton|slp
|
|turn|7
|
|switch|p2a: Kadabra|Kadabra, L85|242\/242
|cant|p1a: Exeggutor|par
|
|turn|8
|
|switch|p1a: Magnemite|Magnemite, L96|243\/243
|move|p2a: Kadabra|Psychic|p1a: Magnemite
|-damage|p1a: Magnemite|141\/243
|
|turn|9
|
|move|p2a: Kadabra|Psychic|p1a: Magnemite
|-damage|p1a: Magnemite|52\/243
|move|p1a: Magnemite|Thunder Wave|p2a: Kadabra
|-status|p2a: Kadabra|par
|
|turn|10
|
|move|p1a: Magnemite|Thunder|p2a: Kadabra
|-damage|p2a: Kadabra|101\/242 par
|cant|p2a: Kadabra|par
|
|turn|11
|
|move|p1a: Magnemite|Thunder|p2a: Kadabra
|-damage|p2a: Kadabra|0 fnt
|faint|p2a: Kadabra
|
|switch|p2a: Butterfree|Butterfree, L90|291\/291
|turn|12
|
|move|p2a: Butterfree|Psychic|p1a: Magnemite
|-damage|p1a: Magnemite|0 fnt
|faint|p1a: Magnemite
|
|switch|p1a: Charmeleon|Charmeleon, L85|272\/272
|turn|13
|
|move|p1a: Charmeleon|Swords Dance|p1a: Charmeleon
|-boost|p1a: Charmeleon|atk|2
|move|p2a: Butterfree|Sleep Powder|p1a: Charmeleon
|-status|p1a: Charmeleon|slp
|
|turn|14
|
|switch|p1a: Pidgeot|Pidgeot, L90|333\/333
|move|p2a: Butterfree|Psychic|p1a: Pidgeot
|-damage|p1a: Pidgeot|268\/333
|
|turn|15
|
|move|p1a: Pidgeot|Sky Attack|p2a: Butterfree|[still]
|-prepare|p1a: Pidgeot|Sky Attack|p2a: Butterfree
|move|p2a: Butterfree|Psychic|p1a: Pidgeot
|-damage|p1a: Pidgeot|195\/333
|
|turn|16
|
|move|p1a: Pidgeot|Sky Attack|p2a: Butterfree
|-supereffective|p2a: Butterfree
|-damage|p2a: Butterfree|0 fnt
|faint|p2a: Butterfree
|
|switch|p2a: Mr. Mime|Mr. Mime, L85|242\/242
|turn|17
|
|switch|p1a: Exeggutor|Exeggutor, L79|141\/312 par
|move|p2a: Mr. Mime|Thunderbolt|p1a: Exeggutor
|-resisted|p1a: Exeggutor
|-damage|p1a: Exeggutor|111\/312 par
|
|turn|18
|
|move|p2a: Mr. Mime|Psychic|p1a: Exeggutor
|-resisted|p1a: Exeggutor
|-damage|p1a: Exeggutor|68\/312 par
|-unboost|p1a: Exeggutor|spd|1
|-unboost|p1a: Exeggutor|spa|1
|move|p1a: Exeggutor|Explosion|p2a: Mr. Mime
|-crit|p2a: Mr. Mime
|-damage|p2a: Mr. Mime|0 fnt
|faint|p2a: Mr. Mime
|faint|p1a: Exeggutor
|
|switch|p1a: Mew|Mew, L74|300\/300
|switch|p2a: Magneton|Magneton, L90|256\/273 slp
|turn|19
|
|move|p1a: Mew|Fissure|p2a: Magneton|[miss]
|-miss|p1a: Mew
|-curestatus|p2a: Magneton|slp
|
|turn|20
|
|move|p1a: Mew|Fissure|p2a: Magneton
|-damage|p2a: Magneton|0 fnt
|-ohko
|faint|p2a: Magneton
|
|win|yaldyyyy
|raw|Ladder updating...
|raw|yaldyyyy's rating: 1249 &rarr; <strong>1262<\/strong><br \/>(+13 for winning)
|raw|S For Shadow's rating: 1056 &rarr; <strong>1047<\/strong><br \/>(-9 for losing)