|join|arafalo2
|join|angry Moron
|player|p1|arafalo2|102
|player|p2|angry Moron|275
|gametype|singles
|gen|1
|tier|[Gen 1] OU (beta)
|rated
|rule|Sleep Clause Mod: Limit one foe put to sleep
|rule|Species Clause: Limit one of each Pokemon
|rule|OHKO Clause: OHKO moves are banned
|rule|Moody Clause: Moody is banned
|rule|Evasion Moves Clause: Evasion moves are banned
|rule|Endless Battle Clause: Forcing endless battles is banned.
|rule|HP Percentage Mod: HP is reported as percentages
|
|start
|switch|p1a: Jynx|Jynx|333\/333
|switch|p2a: Alakazam|Alakazam|313\/313
|turn|1
|callback|decision
|
|move|p2a: Alakazam|Thunder Wave|p1a: Jynx
|-status|p1a: Jynx|par
|move|p1a: Jynx|Lovely Kiss|p2a: Alakazam|[miss]
|-miss|p1a: Jynx
|
|turn|2
|callback|decision
|
|move|p2a: Alakazam|Psychic|p1a: Jynx
|-resisted|p1a: Jynx
|-damage|p1a: Jynx|266\/333 par
|move|p1a: Jynx|Lovely Kiss|p2a: Alakazam
|-status|p2a: Alakazam|slp
|
|turn|3
|callback|decision
|
|switch|p2a: Cloyster|Cloyster|303\/303
|move|p1a: Jynx|Blizzard|p2a: Cloyster|[miss]
|-miss|p1a: Jynx
|
|turn|4
|callback|decision
|
|switch|p1a: Starmie|Starmie|323\/323
|move|p2a: Cloyster|Clamp|p1a: Starmie
|-crit|p1a: Starmie
|-resisted|p1a: Starmie
|-damage|p1a: Starmie|283\/323
|-activate|p1a: Starmie|move: Clamp|[of] p2a: Cloyster
|
|turn|5
|callback|decision
|
|cant|p1a: Starmie|partiallytrapped
|move|p2a: Cloyster|Clamp|p1a: Starmie
|-damage|p1a: Starmie|243\/323
|
|turn|6
|callback|decision
|
|cant|p1a: Starmie|partiallytrapped
|move|p2a: Cloyster|Clamp|p1a: Starmie
|-damage|p1a: Starmie|203\/323
|
|-end|p1a: Starmie|Clamp|[partiallytrapped]
|turn|7
|callback|decision
|
|switch|p2a: Chansey|Chansey|703\/703
|move|p1a: Starmie|Psychic|p2a: Chansey
|-damage|p2a: Chansey|608\/703
|-unboost|p2a: Chansey|spd|1
|-unboost|p2a: Chansey|spa|1
|
|turn|8
|callback|decision
|
|switch|p1a: Jynx|Jynx|266\/333 par
|move|p2a: Chansey|Thunder Wave|p1a: Jynx
|-fail|p1a: Jynx|par
|
|turn|9
|callback|decision
|
|switch|p2a: Cloyster|Cloyster|303\/303
|move|p1a: Jynx|Blizzard|p2a: Cloyster|[miss]
|-miss|p1a: Jynx
|
|turn|10
|callback|decision
|chat|arafalo2|wow
|
|switch|p1a: Starmie|Starmie|203\/323
|move|p2a: Cloyster|Clamp|p1a: Starmie|[miss]
|-miss|p2a: Cloyster
|
|turn|11
|callback|decision
|
|switch|p2a: Chansey|Chansey|608\/703
|move|p1a: Starmie|Psychic|p2a: Chansey
|-damage|p2a: Chansey|511\/703
|-unboost|p2a: Chansey|spd|1
|-unboost|p2a: Chansey|spa|1
|
|turn|12
|callback|decision
|
|switch|p1a: Jynx|Jynx|266\/333 par
|move|p2a: Chansey|Thunderbolt|p1a: Jynx
|-damage|p1a: Jynx|212\/333 par
|
|turn|13
|callback|decision
|
|switch|p2a: Cloyster|Cloyster|303\/303
|move|p1a: Jynx|Psychic|p2a: Cloyster
|-damage|p2a: Cloyster|187\/303
|-unboost|p2a: Cloyster|spd|1
|-unboost|p2a: Cloyster|spa|1
|
|turn|14
|callback|decision
|
|switch|p1a: Starmie|Starmie|203\/323
|move|p2a: Cloyster|Hyper Beam|p1a: Starmie
|-crit|p1a: Starmie
|-damage|p1a: Starmie|0 fnt
|faint|p1a: Starmie
|
|callback|decision
|
|switch|p1a: Alakazam|Alakazam|313\/313
|turn|15
|callback|decision
|
|switch|p2a: Chansey|Chansey|511\/703
|move|p1a: Alakazam|Psychic|p2a: Chansey
|-crit|p2a: Chansey
|-damage|p2a: Chansey|263\/703
|
|turn|16
|callback|decision
|
|switch|p1a: Tauros|Tauros|353\/353
|move|p2a: Chansey|Soft-Boiled|p2a: Chansey
|-heal|p2a: Chansey|614\/703
|
|turn|17
|callback|decision
|
|move|p1a: Tauros|Hyper Beam|p2a: Chansey
|-damage|p2a: Chansey|123\/703
|move|p2a: Chansey|Thunder Wave|p1a: Tauros
|-status|p1a: Tauros|par
|
|turn|18
|callback|decision
|
|move|p2a: Chansey|Soft-Boiled|p2a: Chansey
|-heal|p2a: Chansey|474\/703
|cant|p1a: Tauros|recharge
|
|turn|19
|callback|decision
|
|switch|p2a: Cloyster|Cloyster|187\/303
|move|p1a: Tauros|Body Slam|p2a: Cloyster
|-damage|p2a: Cloyster|117\/303
|
|turn|20
|callback|decision
|
|switch|p1a: Alakazam|Alakazam|313\/313
|move|p2a: Cloyster|Clamp|p1a: Alakazam
|-damage|p1a: Alakazam|280\/313
|-activate|p1a: Alakazam|move: Clamp|[of] p2a: Cloyster
|
|turn|21
|callback|decision
|
|cant|p1a: Alakazam|partiallytrapped
|move|p2a: Cloyster|Clamp|p1a: Alakazam
|-damage|p1a: Alakazam|247\/313
|
|turn|22
|callback|decision
|
|switch|p2a: Chansey|Chansey|474\/703
|cant|p1a: Alakazam|partiallytrapped
|
|-end|p1a: Alakazam|Clamp|[partiallytrapped]
|turn|23
|callback|decision
|
|switch|p1a: Tauros|Tauros|353\/353 par
|move|p2a: Chansey|Thunderbolt|p1a: Tauros
|-damage|p1a: Tauros|252\/353 par
|
|turn|24
|callback|decision
|
|switch|p2a: Snorlax|Snorlax|523\/523
|move|p1a: Tauros|Body Slam|p2a: Snorlax
|-damage|p2a: Snorlax|387\/523
|
|turn|25
|callback|decision
|
|switch|p1a: Exeggutor|Exeggutor|393\/393
|move|p2a: Snorlax|Body Slam|p1a: Exeggutor
|-damage|p1a: Exeggutor|264\/393
|
|turn|26
|callback|decision
|
|move|p1a: Exeggutor|Psychic|p2a: Snorlax
|-damage|p2a: Snorlax|221\/523
|move|p2a: Snorlax|Self-Destruct|p1a: Exeggutor
|-damage|p1a: Exeggutor|0 fnt
|faint|p1a: Exeggutor
|faint|p2a: Snorlax
|callback|decision
|
|switch|p1a: Alakazam|Alakazam|247\/313
|switch|p2a: Cloyster|Cloyster|117\/303
|turn|27
|callback|decision
|
|move|p1a: Alakazam|Psychic|p2a: Cloyster
|-damage|p2a: Cloyster|0 fnt
|faint|p2a: Cloyster
|
|callback|decision
|
|switch|p2a: Chansey|Chansey|474\/703
|turn|28
|callback|decision
|
|switch|p1a: Tauros|Tauros|252\/353 par
|move|p2a: Chansey|Ice Beam|p1a: Tauros
|-crit|p1a: Tauros
|-damage|p1a: Tauros|55\/353 par
|
|turn|29
|callback|decision
|-message|arafalo2 forfeited.
|
|win|angry Moron
|raw|Ladder updating...
|leave|arafalo2
|player|p1