|j|Parnas
|j|MALESANI
|player|p1|Parnas|162
|player|p2|MALESANI|238
|gametype|singles
|gen|1
|tier|[Gen 1] Random Battle
|rated
|seed|17418,64627,65057,32161
|rule|Sleep Clause Mod: Limit one foe put to sleep
|rule|Freeze Clause Mod: Limit one foe frozen
|rule|HP Percentage Mod: HP is shown in percentages
|
|start
|switch|p1a: Exeggutor|Exeggutor, L79|312\/312
|switch|p2a: Caterpie|Caterpie, L99|290\/290
|turn|1
|c|★MALESANI|good luck
|choice|move 2|move 1
|
|move|p2a: Caterpie|String Shot|p1a: Exeggutor
|-unboost|p1a: Exeggutor|spe|1
|move|p1a: Exeggutor|Psychic|p2a: Caterpie
|-damage|p2a: Caterpie|115\/290
|
|turn|2
|choice|move 2|move 2
|
|move|p2a: Caterpie|Tackle|p1a: Exeggutor
|-damage|p1a: Exeggutor|290\/312
|move|p1a: Exeggutor|Psychic|p2a: Caterpie
|-damage|p2a: Caterpie|0 fnt
|faint|p2a: Caterpie
|choice||switch 2
|
|switch|p2a: Articuno|Articuno, L79|304\/304
|turn|3
|choice|switch 6|move 1
|
|switch|p1a: Rapidash|Rapidash, L90|300\/300
|move|p2a: Articuno|Blizzard|p1a: Rapidash
|-damage|p1a: Rapidash|163\/300
|
|turn|4
|choice|move 1|switch 4
|
|switch|p2a: Golem|Golem, L79|288\/288
|move|p1a: Rapidash|Fire Blast|p2a: Golem|[miss]
|-miss|p1a: Rapidash
|
|turn|5
|choice|switch 2|move 1
|
|switch|p1a: Zubat|Zubat, L96|272\/272
|move|p2a: Golem|Earthquake|p1a: Zubat
|-immune|p1a: Zubat|[msg]
|
|turn|6
|choice|move 3|switch 4
|
|switch|p2a: Articuno|Articuno, L79|304\/304
|move|p1a: Zubat|Confuse Ray|p2a: Articuno
|-start|p2a: Articuno|confusion
|
|turn|7
|choice|switch 3|move 1
|
|switch|p1a: Mankey|Mankey, L96|272\/272
|-activate|p2a: Articuno|confusion
|move|p2a: Articuno|Blizzard|p1a: Mankey
|-damage|p1a: Mankey|68\/272
|
|turn|8
|choice|move 1|switch 5
|
|switch|p2a: Jolteon|Jolteon, L79|265\/265
|move|p1a: Mankey|Rock Slide|p2a: Jolteon
|-crit|p2a: Jolteon
|-damage|p2a: Jolteon|112\/265
|
|turn|9
|choice|switch 6|move 1
|
|switch|p1a: Exeggutor|Exeggutor, L79|290\/312
|move|p2a: Jolteon|Thunderbolt|p1a: Exeggutor
|-resisted|p1a: Exeggutor
|-damage|p1a: Exeggutor|247\/312
|
|turn|10
|choice|move 2|switch 6
|
|switch|p2a: Mew|Mew, L74|300\/300
|move|p1a: Exeggutor|Psychic|p2a: Mew
|-resisted|p2a: Mew
|-damage|p2a: Mew|248\/300
|
|turn|11
|choice|move 1|move 4
|
|move|p2a: Mew|Explosion|p1a: Exeggutor
|-damage|p1a: Exeggutor|34\/312
|faint|p2a: Mew
|choice||switch 6
|
|switch|p2a: Jolteon|Jolteon, L79|112\/265
|turn|12
|choice|move 1|move 2
|
|move|p2a: Jolteon|Body Slam|p1a: Exeggutor
|-damage|p1a: Exeggutor|0 fnt
|faint|p1a: Exeggutor
|choice|switch 5|
|
|switch|p1a: Snorlax|Snorlax, L79|415\/415
|turn|13
|choice|move 1|switch 3
|
|switch|p2a: Exeggutor|Exeggutor, L79|312\/312
|move|p1a: Snorlax|Amnesia|p1a: Snorlax
|-boost|p1a: Snorlax|spd|2
|-boost|p1a: Snorlax|spa|2
|
|turn|14
|choice|switch 3|move 1
|
|switch|p1a: Zubat|Zubat, L96|272\/272
|move|p2a: Exeggutor|Sleep Powder|p1a: Zubat
|-status|p1a: Zubat|slp
|
|turn|15
|choice|switch 2|move 4
|
|switch|p1a: Rapidash|Rapidash, L90|163\/300
|move|p2a: Exeggutor|Psychic|p1a: Rapidash
|-damage|p1a: Rapidash|72\/300
|
|turn|16
|choice|move 1|move 4
|
|move|p1a: Rapidash|Fire Blast|p2a: Exeggutor
|-supereffective|p2a: Exeggutor
|-damage|p2a: Exeggutor|86\/312
|-status|p2a: Exeggutor|brn
|move|p2a: Exeggutor|Psychic|p1a: Rapidash
|-damage|p1a: Rapidash|0 fnt
|faint|p1a: Rapidash
|choice|switch 4|
|
|switch|p1a: Poliwhirl|Poliwhirl, L85|284\/284
|turn|17
|choice|move 3|move 4
|
|move|p1a: Poliwhirl|Blizzard|p2a: Exeggutor
|-crit|p2a: Exeggutor
|-supereffective|p2a: Exeggutor
|-damage|p2a: Exeggutor|0 fnt
|faint|p2a: Exeggutor
|choice||switch 3
|
|switch|p2a: Jolteon|Jolteon, L79|112\/265
|turn|18
|choice|switch 3|move 1
|
|switch|p1a: Snorlax|Snorlax, L79|415\/415
|move|p2a: Jolteon|Thunderbolt|p1a: Snorlax
|-damage|p1a: Snorlax|286\/415
|
|turn|19
|choice|move 4|switch 4
|
|switch|p2a: Golem|Golem, L79|288\/288
|move|p1a: Snorlax|Earthquake|p2a: Golem
|-supereffective|p2a: Golem
|-damage|p2a: Golem|178\/288
|
|turn|20
|choice|move 2|move 1
|
|move|p2a: Golem|Earthquake|p1a: Snorlax
|-damage|p1a: Snorlax|163\/415
|move|p1a: Snorlax|Surf|p2a: Golem
|-supereffective|p2a: Golem
|-damage|p2a: Golem|0 fnt
|faint|p2a: Golem
|choice||switch 5
|
|switch|p2a: Articuno|Articuno, L79|304\/304
|turn|21
|choice|move 2|move 1
|
|move|p2a: Articuno|Blizzard|p1a: Snorlax
|-damage|p1a: Snorlax|0 fnt
|faint|p1a: Snorlax
|choice|switch 6|
|
|switch|p1a: Mankey|Mankey, L96|68\/272
|turn|22
|choice|move 1|move 1
|
|move|p1a: Mankey|Rock Slide|p2a: Articuno
|-supereffective|p2a: Articuno
|-damage|p2a: Articuno|83\/304
|move|p2a: Articuno|Blizzard|p1a: Mankey
|-damage|p1a: Mankey|0 fnt
|faint|p1a: Mankey
|choice|switch 3|
|
|switch|p1a: Poliwhirl|Poliwhirl, L85|284\/284
|turn|23
|choice|move 2|move 1
|
|move|p1a: Poliwhirl|Hypnosis|p2a: Articuno
|-status|p2a: Articuno|slp
|cant|p2a: Articuno|slp
|
|turn|24
|choice|move 1|switch 4
|
|switch|p2a: Jolteon|Jolteon, L79|112\/265
|move|p1a: Poliwhirl|Amnesia|p1a: Poliwhirl
|-boost|p1a: Poliwhirl|spd|2
|-boost|p1a: Poliwhirl|spa|2
|
|turn|25
|choice|move 4|move 1
|
|move|p2a: Jolteon|Thunderbolt|p1a: Poliwhirl
|-crit|p1a: Poliwhirl
|-supereffective|p1a: Poliwhirl
|-damage|p1a: Poliwhirl|0 fnt
|faint|p1a: Poliwhirl
|choice|switch 2|
|
|switch|p1a: Zubat|Zubat, L96|272\/272 slp
|turn|26
|choice|move 3|move 2
|
|move|p2a: Jolteon|Body Slam|p1a: Zubat
|-damage|p1a: Zubat|208\/272 slp
|cant|p1a: Zubat|slp
|
|turn|27
|choice|move 3|move 2
|
|move|p2a: Jolteon|Body Slam|p1a: Zubat
|-damage|p1a: Zubat|153\/272 slp
|cant|p1a: Zubat|slp
|
|turn|28
|choice|move 3|move 2
|
|move|p2a: Jolteon|Body Slam|p1a: Zubat
|-crit|p1a: Zubat
|-damage|p1a: Zubat|41\/272 slp
|cant|p1a: Zubat|slp
|
|turn|29
|choice|move 3|move 3
|
|move|p2a: Jolteon|Double Kick|p1a: Zubat
|-resisted|p1a: Zubat
|-damage|p1a: Zubat|36\/272 slp
|-damage|p1a: Zubat|31\/272 slp
|-hitcount|p1a: Zubat|2
|-curestatus|p1a: Zubat|slp
|
|turn|30
|choice|move 3|move 1
|
|move|p2a: Jolteon|Thunderbolt|p1a: Zubat
|-crit|p1a: Zubat
|-supereffective|p1a: Zubat
|-damage|p1a: Zubat|0 fnt
|faint|p1a: Zubat
|
|win|MALESANI
|raw|Parnas's rating: 1305 &rarr; <strong>1287<\/strong><br \/>(-18 for losing)
|raw|MALESANI's rating: 1340 &rarr; <strong>1358<\/strong><br \/>(+18 for winning)
|l|Parnas
|player|p1