|j|Enigami(RBY-BL)
|j|firepokemon
|player|p1|Enigami(RBY-BL)|130
|player|p2|firepokemon|102
|gametype|singles
|gen|1
|tier|[Gen 1] OU
|rated
|seed|45048,43577,60135,18454
|rule|Sleep Clause Mod: Limit one foe put to sleep
|rule|Freeze Clause Mod: Limit one foe frozen
|rule|Species Clause: Limit one of each Pokémon
|rule|OHKO Clause: OHKO moves are banned
|rule|Evasion Moves Clause: Evasion moves are banned
|rule|HP Percentage Mod: HP is shown in percentages
|
|start
|switch|p1a: Hypno|Hypno|373\/373
|switch|p2a: Exeggutor|Exeggutor|393\/393
|turn|1
|choice|move 3|move 1
|
|move|p1a: Hypno|Thunder Wave|p2a: Exeggutor
|-status|p2a: Exeggutor|par
|move|p2a: Exeggutor|Sleep Powder|p1a: Hypno
|-status|p1a: Hypno|slp
|
|turn|2
|choice|move 2|move 3
|
|cant|p1a: Hypno|slp
|move|p2a: Exeggutor|Psychic|p1a: Hypno
|-crit|p1a: Hypno
|-resisted|p1a: Hypno
|-damage|p1a: Hypno|267\/373 slp
|
|turn|3
|choice|move 2|move 2
|
|cant|p1a: Hypno|slp
|cant|p2a: Exeggutor|par
|
|turn|4
|choice|move 2|move 2
|
|cant|p1a: Hypno|slp
|move|p2a: Exeggutor|Hyper Beam|p1a: Hypno
|-crit|p1a: Hypno
|-damage|p1a: Hypno|0 fnt
|faint|p1a: Hypno
|choice|switch 3|
|
|switch|p1a: Moltres|Moltres|383\/383
|turn|5
|choice|move 1|switch 2
|
|switch|p2a: Dragonite|Dragonite|385\/385
|move|p1a: Moltres|Fire Blast|p2a: Dragonite
|-resisted|p2a: Dragonite
|-damage|p2a: Dragonite|297\/385
|
|turn|6
|choice|move 1|move 3
|
|move|p1a: Moltres|Fire Blast|p2a: Dragonite|[miss]
|-miss|p1a: Moltres
|move|p2a: Dragonite|Thunderbolt|p1a: Moltres
|-supereffective|p1a: Moltres
|-damage|p1a: Moltres|252\/383
|
|turn|7
|choice|switch 5|move 4
|
|switch|p1a: Venusaur|Venusaur|363\/363
|move|p2a: Dragonite|Body Slam|p1a: Venusaur
|-crit|p1a: Venusaur
|-damage|p1a: Venusaur|171\/363
|-status|p1a: Venusaur|par
|
|turn|8
|choice|move 1|move 2
|
|move|p2a: Dragonite|Blizzard|p1a: Venusaur
|-crit|p1a: Venusaur
|-supereffective|p1a: Venusaur
|-damage|p1a: Venusaur|0 fnt
|faint|p1a: Venusaur
|choice|switch 2|
|
|switch|p1a: Tentacruel|Tentacruel|363\/363
|turn|9
|choice|move 4|move 3
|
|move|p1a: Tentacruel|Blizzard|p2a: Dragonite|[miss]
|-miss|p1a: Tentacruel
|move|p2a: Dragonite|Thunderbolt|p1a: Tentacruel
|-supereffective|p1a: Tentacruel
|-damage|p1a: Tentacruel|227\/363
|
|turn|10
|choice|move 4|switch 5
|
|switch|p2a: Snorlax|Snorlax|523\/523
|move|p1a: Tentacruel|Blizzard|p2a: Snorlax
|-damage|p2a: Snorlax|389\/523
|
|turn|11
|choice|move 2|move 1
|
|move|p1a: Tentacruel|Wrap|p2a: Snorlax
|-damage|p2a: Snorlax|376\/523
|-activate|p2a: Snorlax|move: Wrap|[of] p1a: Tentacruel
|cant|p2a: Snorlax|partiallytrapped
|
|turn|12
|choice|move 2|switch 3
|
|switch|p2a: Gengar|Gengar|323\/323
|move|p1a: Tentacruel|Wrap|p2a: Gengar
|-damage|p2a: Gengar|323\/323
|-activate|p2a: Gengar|move: Wrap|[of] p1a: Tentacruel
|
|turn|13
|choice|switch 6|move 4
|
|switch|p1a: Nidoqueen|Nidoqueen|383\/383
|cant|p2a: Gengar|partiallytrapped
|
|-end|p2a: Gengar|Wrap|[partiallytrapped]
|turn|14
|choice|move 2|move 2
|
|move|p2a: Gengar|Psychic|p1a: Nidoqueen
|-supereffective|p1a: Nidoqueen
|-damage|p1a: Nidoqueen|187\/383
|-unboost|p1a: Nidoqueen|spd|1
|-unboost|p1a: Nidoqueen|spa|1
|move|p1a: Nidoqueen|Blizzard|p2a: Gengar
|-damage|p2a: Gengar|283\/323
|
|turn|15
|choice|switch 4|move 2
|
|switch|p1a: Kangaskhan|Kangaskhan|413\/413
|move|p2a: Gengar|Psychic|p1a: Kangaskhan
|-damage|p1a: Kangaskhan|279\/413
|
|turn|16
|choice|move 3|move 4
|
|move|p2a: Gengar|Thunderbolt|p1a: Kangaskhan
|-damage|p1a: Kangaskhan|133\/413
|move|p1a: Kangaskhan|Earthquake|p2a: Gengar
|-supereffective|p2a: Gengar
|-damage|p2a: Gengar|78\/323
|
|turn|17
|choice|switch 4|move 4
|
|switch|p1a: Nidoqueen|Nidoqueen|187\/383
|move|p2a: Gengar|Thunderbolt|p1a: Nidoqueen
|-immune|p1a: Nidoqueen|[msg]
|
|turn|18
|choice|move 1|move 2
|
|move|p2a: Gengar|Psychic|p1a: Nidoqueen
|-supereffective|p1a: Nidoqueen
|-damage|p1a: Nidoqueen|0 fnt
|faint|p1a: Nidoqueen
|choice|switch 6|
|
|switch|p1a: Tentacruel|Tentacruel|227\/363
|turn|19
|choice|move 4|move 2
|
|move|p2a: Gengar|Psychic|p1a: Tentacruel
|-crit|p1a: Tentacruel
|-supereffective|p1a: Tentacruel
|-damage|p1a: Tentacruel|0 fnt
|faint|p1a: Tentacruel
|choice|switch 5|
|
|switch|p1a: Moltres|Moltres|252\/383
|turn|20
|c|★Enigami(RBY-BL)|Your luck is insane
|choice|move 1|move 4
|
|move|p2a: Gengar|Thunderbolt|p1a: Moltres
|-crit|p1a: Moltres
|-supereffective|p1a: Moltres
|-damage|p1a: Moltres|0 fnt
|faint|p1a: Moltres
|c|★firepokemon|bout time
|choice|switch 4|
|
|switch|p1a: Kangaskhan|Kangaskhan|133\/413
|turn|21
|c|★firepokemon|yesterday everything missed
|choice|move 3|move 2
|
|move|p2a: Gengar|Psychic|p1a: Kangaskhan
|-damage|p1a: Kangaskhan|0 fnt
|faint|p1a: Kangaskhan
|
|win|firepokemon
|player|p1
|player|p2
|c|★firepokemon|gg
|c|★Enigami(RBY-BL)|gg