|j|HBGKing
|j|tj.nax
|player|p1|HBGKing|2
|player|p2|tj.nax|163
|gametype|singles
|gen|1
|tier|[Gen 1] Random Battle
|rated
|seed|45282,27647,9175,38630
|rule|Sleep Clause Mod: Limit one foe put to sleep
|rule|Freeze Clause Mod: Limit one foe frozen
|rule|HP Percentage Mod: HP is shown in percentages
|
|start
|switch|p1a: Sandshrew|Sandshrew, L96|291\/291
|switch|p2a: Cubone|Cubone, L96|291\/291
|turn|1
|choice|move 3|move 4
|
|move|p1a: Sandshrew|Swords Dance|p1a: Sandshrew
|-boost|p1a: Sandshrew|atk|2
|move|p2a: Cubone|Blizzard|p1a: Sandshrew
|-crit|p1a: Sandshrew
|-supereffective|p1a: Sandshrew
|-damage|p1a: Sandshrew|0 fnt
|faint|p1a: Sandshrew
|choice|switch 3|
|
|switch|p1a: Dewgong|Dewgong, L85|327\/327
|turn|2
|choice|move 1|switch 6
|
|switch|p2a: Kingler|Kingler, L85|267\/267
|move|p1a: Dewgong|Surf|p2a: Kingler
|-resisted|p2a: Kingler
|-damage|p2a: Kingler|200\/267
|
|turn|3
|choice|move 3|move 3
|
|move|p2a: Kingler|Swords Dance|p2a: Kingler
|-boost|p2a: Kingler|atk|2
|move|p1a: Dewgong|Body Slam|p2a: Kingler
|-crit|p2a: Kingler
|-damage|p2a: Kingler|115\/267
|
|turn|4
|choice|switch 2|move 1
|
|switch|p1a: Tentacruel|Tentacruel, L85|310\/310
|move|p2a: Kingler|Crabhammer|p1a: Tentacruel
|-crit|p1a: Tentacruel
|-resisted|p1a: Tentacruel
|-damage|p1a: Tentacruel|260\/310
|
|turn|5
|choice|move 3|move 3
|
|move|p1a: Tentacruel|Hyper Beam|p2a: Kingler
|-crit|p2a: Kingler
|-damage|p2a: Kingler|0 fnt
|faint|p2a: Kingler
|choice||switch 4
|
|switch|p2a: Lapras|Lapras, L79|367\/367
|turn|6
|choice|move 1|move 1
|
|move|p1a: Tentacruel|Swords Dance|p1a: Tentacruel
|-boost|p1a: Tentacruel|atk|2
|move|p2a: Lapras|Confuse Ray|p1a: Tentacruel
|-start|p1a: Tentacruel|confusion
|
|turn|7
|choice|move 1|move 3
|
|-activate|p1a: Tentacruel|confusion
|-damage|p1a: Tentacruel|198\/310|[from] confusion
|move|p2a: Lapras|Body Slam|p1a: Tentacruel
|-damage|p1a: Tentacruel|141\/310
|
|turn|8
|choice|move 1|move 3
|
|-activate|p1a: Tentacruel|confusion
|move|p1a: Tentacruel|Swords Dance|p1a: Tentacruel
|-boost|p1a: Tentacruel|atk|2
|move|p2a: Lapras|Body Slam|p1a: Tentacruel
|-damage|p1a: Tentacruel|86\/310
|-status|p1a: Tentacruel|par
|
|turn|9
|choice|move 3|move 3
|
|move|p2a: Lapras|Body Slam|p1a: Tentacruel
|-damage|p1a: Tentacruel|29\/310 par
|cant|p1a: Tentacruel|par
|
|turn|10
|choice|move 3|move 3
|
|move|p2a: Lapras|Body Slam|p1a: Tentacruel
|-damage|p1a: Tentacruel|0 fnt
|faint|p1a: Tentacruel
|choice|switch 6|
|
|switch|p1a: Mr. Mime|Mr. Mime, L85|242\/242
|turn|11
|choice|move 1|move 1
|
|move|p1a: Mr. Mime|Thunder Wave|p2a: Lapras
|-status|p2a: Lapras|par
|move|p2a: Lapras|Confuse Ray|p1a: Mr. Mime
|-start|p1a: Mr. Mime|confusion
|
|turn|12
|choice|switch 2|move 3
|
|switch|p1a: Dewgong|Dewgong, L85|327\/327
|move|p2a: Lapras|Body Slam|p1a: Dewgong
|-damage|p1a: Dewgong|279\/327
|
|turn|13
|choice|move 3|move 1
|
|move|p1a: Dewgong|Body Slam|p2a: Lapras
|-damage|p2a: Lapras|313\/367 par
|cant|p2a: Lapras|par
|
|turn|14
|choice|move 3|move 1
|
|move|p1a: Dewgong|Body Slam|p2a: Lapras
|-damage|p2a: Lapras|255\/367 par
|cant|p2a: Lapras|par
|
|turn|15
|choice|move 3|move 1
|
|move|p1a: Dewgong|Body Slam|p2a: Lapras
|-damage|p2a: Lapras|196\/367 par
|move|p2a: Lapras|Confuse Ray|p1a: Dewgong
|-start|p1a: Dewgong|confusion
|
|turn|16
|choice|switch 2|move 3
|
|switch|p1a: Mr. Mime|Mr. Mime, L85|242\/242
|move|p2a: Lapras|Body Slam|p1a: Mr. Mime
|-damage|p1a: Mr. Mime|187\/242
|
|turn|17
|choice|move 3|move 1
|
|move|p1a: Mr. Mime|Thunderbolt|p2a: Lapras
|-supereffective|p2a: Lapras
|-damage|p2a: Lapras|56\/367 par
|move|p2a: Lapras|Confuse Ray|p1a: Mr. Mime
|-start|p1a: Mr. Mime|confusion
|
|turn|18
|choice|switch 2|move 3
|
|switch|p1a: Dewgong|Dewgong, L85|279\/327
|move|p2a: Lapras|Body Slam|p1a: Dewgong
|-damage|p1a: Dewgong|227\/327
|
|turn|19
|choice|move 3|move 1
|
|move|p1a: Dewgong|Body Slam|p2a: Lapras
|-crit|p2a: Lapras
|-damage|p2a: Lapras|0 fnt
|faint|p2a: Lapras
|choice||switch 3
|
|switch|p2a: Weepinbell|Weepinbell, L85|284\/284
|turn|20
|choice|move 2|move 4
|
|move|p1a: Dewgong|Blizzard|p2a: Weepinbell|[miss]
|-miss|p1a: Dewgong
|move|p2a: Weepinbell|Toxic|p1a: Dewgong|[miss]
|-miss|p2a: Weepinbell
|
|turn|21
|choice|move 2|move 1
|
|move|p1a: Dewgong|Blizzard|p2a: Weepinbell
|-supereffective|p2a: Weepinbell
|-damage|p2a: Weepinbell|25\/284
|move|p2a: Weepinbell|Razor Leaf|p1a: Dewgong
|-crit|p1a: Dewgong
|-supereffective|p1a: Dewgong
|-damage|p1a: Dewgong|23\/327
|
|turn|22
|choice|move 3|move 1
|
|move|p1a: Dewgong|Body Slam|p2a: Weepinbell
|-damage|p2a: Weepinbell|0 fnt
|faint|p2a: Weepinbell
|choice||switch 5
|
|switch|p2a: Muk|Muk, L90|372\/372
|turn|23
|choice|move 2|move 4
|
|move|p1a: Dewgong|Blizzard|p2a: Muk
|-damage|p2a: Muk|230\/372
|move|p2a: Muk|Mega Drain|p1a: Dewgong
|-supereffective|p1a: Dewgong
|-damage|p1a: Dewgong|0 fnt
|-heal|p2a: Muk|241\/372|[from] drain|[of] p1a: Dewgong
|faint|p1a: Dewgong
|choice|switch 2|
|
|switch|p1a: Mr. Mime|Mr. Mime, L85|187\/242
|turn|24
|choice|move 2|move 1
|
|move|p1a: Mr. Mime|Psychic|p2a: Muk
|-supereffective|p2a: Muk
|-damage|p2a: Muk|23\/372
|-unboost|p2a: Muk|spd|1
|-unboost|p2a: Muk|spa|1
|move|p2a: Muk|Explosion|p1a: Mr. Mime
|-damage|p1a: Mr. Mime|0 fnt
|faint|p1a: Mr. Mime
|faint|p2a: Muk
|choice|switch 5|switch 2
|
|switch|p1a: Pinsir|Pinsir, L85|284\/284
|switch|p2a: Wigglytuff|Wigglytuff, L90|435\/435
|turn|25
|choice|move 1|move 2
|
|move|p1a: Pinsir|Swords Dance|p1a: Pinsir
|-boost|p1a: Pinsir|atk|2
|move|p2a: Wigglytuff|Thunder Wave|p1a: Pinsir
|-status|p1a: Pinsir|par
|
|turn|26
|choice|move 1|move 1
|
|move|p2a: Wigglytuff|Bubble Beam|p1a: Pinsir
|-damage|p1a: Pinsir|237\/284 par
|cant|p1a: Pinsir|par
|
|turn|27
|choice|move 1|move 1
|
|move|p2a: Wigglytuff|Bubble Beam|p1a: Pinsir
|-damage|p1a: Pinsir|193\/284 par
|move|p1a: Pinsir|Swords Dance|p1a: Pinsir
|-boost|p1a: Pinsir|atk|2
|
|turn|28
|choice|move 3|move 1
|
|move|p2a: Wigglytuff|Bubble Beam|p1a: Pinsir
|-damage|p1a: Pinsir|144\/284 par
|move|p1a: Pinsir|Submission|p2a: Wigglytuff
|-supereffective|p2a: Wigglytuff
|-damage|p2a: Wigglytuff|0 fnt
|-damage|p1a: Pinsir|36\/284 par|[from] recoil|[of] p2a: Wigglytuff
|faint|p2a: Wigglytuff
|choice||switch 6
|
|switch|p2a: Cubone|Cubone, L96|291\/291
|turn|29
|choice|move 4|move 3
|
|move|p2a: Cubone|Body Slam|p1a: Pinsir
|-damage|p1a: Pinsir|0 fnt
|faint|p1a: Pinsir
|choice|switch 4|
|
|switch|p1a: Persian|Persian, L79|265\/265
|turn|30
|choice|move 4|move 1
|
|move|p1a: Persian|Bubble Beam|p2a: Cubone
|-supereffective|p2a: Cubone
|-damage|p2a: Cubone|202\/291
|move|p2a: Cubone|Seismic Toss|p1a: Persian
|-damage|p1a: Persian|169\/265
|
|turn|31
|choice|move 1|move 1
|
|move|p1a: Persian|Slash|p2a: Cubone
|-crit|p2a: Cubone
|-damage|p2a: Cubone|109\/291
|move|p2a: Cubone|Seismic Toss|p1a: Persian
|-damage|p1a: Persian|73\/265
|
|turn|32
|choice|move 3|move 2
|
|move|p1a: Persian|Hyper Beam|p2a: Cubone
|-damage|p2a: Cubone|9\/291
|move|p2a: Cubone|Earthquake|p1a: Persian
|-damage|p1a: Persian|0 fnt
|faint|p1a: Persian
|
|win|tj.nax
|player|p1
|player|p2
|raw|HBGKing's rating: 1381 &rarr; <strong>1352<\/strong><br \/>(-29 for losing)
|raw|tj.nax's rating: 1216 &rarr; <strong>1252<\/strong><br \/>(+36 for winning)
|c|★HBGKing|gg
|l|HBGKing