|join|daaaabears
|join|flame the dragon
|player|p1|daaaabears|15
|player|p2|flame the dragon|260
|gametype|singles
|gen|1
|tier|[Gen 1] Random Battle
|rated
|seed|50356,61064,58509,1077
|rule|Sleep Clause Mod: Limit one foe put to sleep
|rule|Freeze Clause Mod: Limit one foe frozen
|rule|HP Percentage Mod: HP is shown in percentages
|
|start
|switch|p1a: Ekans|Ekans, L96|262\/262
|switch|p2a: Nidoran-F|Nidoran-F, L96|300\/300
|turn|1
|choice|move 3|move 1
|
|move|p1a: Ekans|Earthquake|p2a: Nidoran-F
|-supereffective|p2a: Nidoran-F
|-damage|p2a: Nidoran-F|134\/300
|move|p2a: Nidoran-F|Body Slam|p1a: Ekans
|-damage|p1a: Ekans|194\/262
|
|turn|2
|choice|move 3|move 1
|
|move|p1a: Ekans|Earthquake|p2a: Nidoran-F
|-supereffective|p2a: Nidoran-F
|-damage|p2a: Nidoran-F|0 fnt
|faint|p2a: Nidoran-F
|choice||switch 5
|
|switch|p2a: Dragonite|Dragonite, L85|328\/328
|turn|3
|c|★flame the dragon|hi
|choice|move 4|move 3
|
|move|p2a: Dragonite|Hyper Beam|p1a: Ekans
|-damage|p1a: Ekans|29\/262
|move|p1a: Ekans|Glare|p2a: Dragonite
|-status|p2a: Dragonite|par
|
|turn|4
|-mustrecharge|p2a: Dragonite
|c|★flame the dragon|this has gppd sprites
|-mustrecharge|p2a: Dragonite
|choice|move 2|move 1
|
|move|p1a: Ekans|Rock Slide|p2a: Dragonite
|-supereffective|p2a: Dragonite
|-damage|p2a: Dragonite|231\/328 par
|cant|p2a: Dragonite|recharge
|
|turn|5
|choice|move 2|move 1
|
|move|p1a: Ekans|Rock Slide|p2a: Dragonite
|-supereffective|p2a: Dragonite
|-damage|p2a: Dragonite|135\/328 par
|move|p2a: Dragonite|Blizzard|p1a: Ekans
|-damage|p1a: Ekans|0 fnt
|faint|p1a: Ekans
|choice|switch 3|
|
|switch|p1a: Vaporeon|Vaporeon, L85|395\/395
|turn|6
|choice|move 2|move 2
|
|move|p1a: Vaporeon|Blizzard|p2a: Dragonite
|-supereffective|p2a: Dragonite
|-damage|p2a: Dragonite|0 fnt
|faint|p2a: Dragonite
|choice||switch 2
|
|switch|p2a: Electrode|Electrode, L90|291\/291
|turn|7
|choice|switch 2|move 4
|
|switch|p1a: Koffing|Koffing, L96|272\/272
|move|p2a: Electrode|Thunder|p1a: Koffing
|-damage|p1a: Koffing|131\/272
|
|turn|8
|choice|move 1|move 4
|
|move|p2a: Electrode|Thunder|p1a: Koffing
|-crit|p1a: Koffing
|-damage|p1a: Koffing|0 fnt
|faint|p1a: Koffing
|choice|switch 6|
|
|switch|p1a: Chansey|Chansey, L79|557\/557
|turn|9
|choice|move 3|move 3
|
|move|p2a: Electrode|Screech|p1a: Chansey
|-unboost|p1a: Chansey|def|2
|move|p1a: Chansey|Thunder Wave|p2a: Electrode
|-status|p2a: Electrode|par
|
|turn|10
|choice|switch 2|move 4
|
|switch|p1a: Vaporeon|Vaporeon, L85|395\/395
|move|p2a: Electrode|Thunder|p1a: Vaporeon
|-supereffective|p1a: Vaporeon
|-damage|p1a: Vaporeon|166\/395
|
|turn|11
|choice|move 3|move 4
|
|move|p1a: Vaporeon|Surf|p2a: Electrode
|-damage|p2a: Electrode|172\/291 par
|move|p2a: Electrode|Thunder|p1a: Vaporeon
|-supereffective|p1a: Vaporeon
|-damage|p1a: Vaporeon|0 fnt
|faint|p1a: Vaporeon
|choice|switch 5|
|
|switch|p1a: Charmeleon|Charmeleon, L85|272\/272
|turn|12
|choice|move 2|move 4
|
|move|p1a: Charmeleon|Fire Blast|p2a: Electrode
|-damage|p2a: Electrode|78\/291 par
|move|p2a: Electrode|Thunder|p1a: Charmeleon|[miss]
|-miss|p2a: Electrode
|
|turn|13
|choice|move 2|move 4
|
|move|p1a: Charmeleon|Fire Blast|p2a: Electrode
|-damage|p2a: Electrode|0 fnt
|faint|p2a: Electrode
|choice||switch 6
|
|switch|p2a: Tauros|Tauros, L79|280\/280
|turn|14
|choice|switch 2|move 3
|
|switch|p1a: Chansey|Chansey, L79|557\/557
|move|p2a: Tauros|Earthquake|p1a: Chansey
|-damage|p1a: Chansey|385\/557
|
|turn|15
|choice|move 3|move 2
|
|move|p2a: Tauros|Blizzard|p1a: Chansey
|-damage|p1a: Chansey|331\/557
|move|p1a: Chansey|Thunder Wave|p2a: Tauros
|-status|p2a: Tauros|par
|
|turn|16
|choice|move 2|move 2
|
|move|p1a: Chansey|Thunderbolt|p2a: Tauros
|-damage|p2a: Tauros|208\/280 par
|move|p2a: Tauros|Blizzard|p1a: Chansey
|-damage|p1a: Chansey|274\/557
|
|turn|17
|choice|move 2|move 4
|
|move|p1a: Chansey|Thunderbolt|p2a: Tauros
|-damage|p2a: Tauros|136\/280 par
|move|p2a: Tauros|Hyper Beam|p1a: Chansey
|-crit|p1a: Chansey
|-damage|p1a: Chansey|0 fnt
|faint|p1a: Chansey
|choice|switch 2|
|
|switch|p1a: Charmeleon|Charmeleon, L85|272\/272
|turn|18
|choice|move 3|move 3
|
|move|p1a: Charmeleon|Submission|p2a: Tauros
|-supereffective|p2a: Tauros
|-damage|p2a: Tauros|41\/280 par
|-damage|p1a: Charmeleon|249\/272|[from] recoil|[of] p2a: Tauros
|cant|p2a: Tauros|par
|
|turn|19
|choice|move 1|move 3
|
|move|p1a: Charmeleon|Body Slam|p2a: Tauros
|-damage|p2a: Tauros|0 fnt
|faint|p2a: Tauros
|choice||switch 3
|
|switch|p2a: Ninetales|Ninetales, L85|298\/298
|turn|20
|choice|move 1|move 4
|
|move|p2a: Ninetales|Hyper Beam|p1a: Charmeleon
|-damage|p1a: Charmeleon|136\/272
|move|p1a: Charmeleon|Body Slam|p2a: Ninetales
|-damage|p2a: Ninetales|242\/298
|
|turn|21
|-mustrecharge|p2a: Ninetales
|-mustrecharge|p2a: Ninetales
|choice|move 1|move 1
|
|cant|p2a: Ninetales|recharge
|move|p1a: Charmeleon|Body Slam|p2a: Ninetales
|-damage|p2a: Ninetales|186\/298
|
|turn|22
|choice|move 1|move 4
|
|move|p2a: Ninetales|Hyper Beam|p1a: Charmeleon
|-damage|p1a: Charmeleon|12\/272
|move|p1a: Charmeleon|Body Slam|p2a: Ninetales
|-damage|p2a: Ninetales|136\/298
|-status|p2a: Ninetales|par
|
|turn|23
|-mustrecharge|p2a: Ninetales
|-mustrecharge|p2a: Ninetales
|choice|move 4|move 1
|
|move|p1a: Charmeleon|Slash|p2a: Ninetales
|-crit|p2a: Ninetales
|-damage|p2a: Ninetales|49\/298 par
|cant|p2a: Ninetales|recharge
|
|turn|24
|choice|move 4|move 1
|
|move|p1a: Charmeleon|Slash|p2a: Ninetales
|-crit|p2a: Ninetales
|-damage|p2a: Ninetales|0 fnt
|faint|p2a: Ninetales
|choice||switch 4
|
|switch|p2a: Mewtwo|Mewtwo, L70|293\/293
|turn|25
|choice|move 1|move 2
|
|move|p2a: Mewtwo|Thunderbolt|p1a: Charmeleon
|-damage|p1a: Charmeleon|0 fnt
|faint|p1a: Charmeleon
|choice|switch 4|
|
|switch|p1a: Golduck|Golduck, L85|310\/310
|turn|26
|c|★daaaabears|jesus. other than your nidoran you have a stacked fucking team
|choice|move 1|move 2
|
|move|p2a: Mewtwo|Thunderbolt|p1a: Golduck
|-supereffective|p1a: Golduck
|-damage|p1a: Golduck|171\/310
|move|p1a: Golduck|Amnesia|p1a: Golduck
|-boost|p1a: Golduck|spd|2
|-boost|p1a: Golduck|spa|2
|
|turn|27
|c|★flame the dragon|so lucky
|c|★flame the dragon|were both down to last
|choice|move 4|move 2
|
|move|p2a: Mewtwo|Thunderbolt|p1a: Golduck
|-supereffective|p1a: Golduck
|-damage|p1a: Golduck|101\/310
|move|p1a: Golduck|Body Slam|p2a: Mewtwo
|-damage|p2a: Mewtwo|226\/293
|
|turn|28
|choice|move 2|move 2
|
|move|p2a: Mewtwo|Thunderbolt|p1a: Golduck
|-supereffective|p1a: Golduck
|-damage|p1a: Golduck|35\/310
|move|p1a: Golduck|Rest|p1a: Golduck
|-status|p1a: Golduck|slp
|-heal|p1a: Golduck|310\/310 slp|[silent]
|-status|p1a: Golduck|slp|[from] move: Rest
|
|turn|29
|choice|move 1|move 2
|
|move|p2a: Mewtwo|Thunderbolt|p1a: Golduck
|-supereffective|p1a: Golduck
|-damage|p1a: Golduck|244\/310 slp
|cant|p1a: Golduck|slp
|
|turn|30
|c|★flame the dragon|this may take a while
|choice|move 1|move 3
|
|move|p2a: Mewtwo|Thunder Wave|p1a: Golduck
|-fail|p1a: Golduck
|-curestatus|p1a: Golduck|slp
|
|turn|31
|choice|move 1|move 3
|
|move|p2a: Mewtwo|Thunder Wave|p1a: Golduck
|-status|p1a: Golduck|par
|cant|p1a: Golduck|par
|
|turn|32
|choice|move 1|move 2
|
|move|p2a: Mewtwo|Thunderbolt|p1a: Golduck
|-crit|p1a: Golduck
|-supereffective|p1a: Golduck
|-damage|p1a: Golduck|0 fnt
|faint|p1a: Golduck
|
|win|flame the dragon
|raw|daaaabears's rating: 1209 &rarr; <strong>1173<\/strong><br \/>(-36 for losing)
|raw|flame the dragon's rating: 1048 &rarr; <strong>1095<\/strong><br \/>(+47 for winning)