|join|Peasounay
|join|Sollozzo
|player|p1|Peasounay|101
|player|p2|Sollozzo|1
|gametype|singles
|gen|1
|tier|[Gen 1] OU
|rated
|rule|Sleep Clause Mod: Limit one foe put to sleep
|rule|Freeze Clause Mod: Limit one foe frozen
|rule|Species Clause: Limit one of each Pokémon
|rule|OHKO Clause: OHKO moves are banned
|rule|Evasion Moves Clause: Evasion moves are banned
|rule|HP Percentage Mod: HP is shown in percentages
|
|start
|switch|p1a: I'm Annoying|Jolteon|333\/333
|switch|p2a: Charizard|Charizard|359\/359
|turn|1
|
|move|p1a: I'm Annoying|Thunderbolt|p2a: Charizard
|-supereffective|p2a: Charizard
|-damage|p2a: Charizard|73\/359
|-status|p2a: Charizard|par
|move|p2a: Charizard|Earthquake|p1a: I'm Annoying
|-supereffective|p1a: I'm Annoying
|-damage|p1a: I'm Annoying|135\/333
|
|turn|2
|
|move|p1a: I'm Annoying|Thunderbolt|p2a: Charizard
|-supereffective|p2a: Charizard
|-damage|p2a: Charizard|0 fnt
|faint|p2a: Charizard
|
|switch|p2a: Snorlax|Snorlax|523\/523
|turn|3
|
|switch|p1a: Wear Candoms Kid|Exeggutor|393\/393
|move|p2a: Snorlax|Solar Beam|p1a: Wear Candoms Kid|[still]
|-prepare|p2a: Snorlax|Solar Beam|p1a: Wear Candoms Kid
|
|turn|4
|
|move|p1a: Wear Candoms Kid|Sleep Powder|p2a: Snorlax
|-status|p2a: Snorlax|slp
|cant|p2a: Snorlax|slp
|
|turn|5
|
|move|p1a: Wear Candoms Kid|Psychic|p2a: Snorlax
|-damage|p2a: Snorlax|353\/523 slp
|cant|p2a: Snorlax|slp
|
|turn|6
|
|move|p1a: Wear Candoms Kid|Psychic|p2a: Snorlax
|-damage|p2a: Snorlax|204\/523 slp
|-unboost|p2a: Snorlax|spd|1
|-unboost|p2a: Snorlax|spa|1
|cant|p2a: Snorlax|slp
|
|turn|7
|
|move|p1a: Wear Candoms Kid|Psychic|p2a: Snorlax
|-damage|p2a: Snorlax|0 fnt
|faint|p2a: Snorlax
|
|switch|p2a: Zapdos|Zapdos|383\/383
|turn|8
|
|switch|p1a: I'm Annoying|Jolteon|135\/333
|move|p2a: Zapdos|Thunder|p1a: I'm Annoying
|-resisted|p1a: I'm Annoying
|-damage|p1a: I'm Annoying|60\/333
|
|turn|9
|
|move|p1a: I'm Annoying|Thunder Wave|p2a: Zapdos
|-status|p2a: Zapdos|par
|move|p2a: Zapdos|Sky Attack|p1a: I'm Annoying|[still]
|-prepare|p2a: Zapdos|Sky Attack|p1a: I'm Annoying
|
|turn|10
|
|move|p1a: I'm Annoying|Thunderbolt|p2a: Zapdos
|-damage|p2a: Zapdos|288\/383 par
|move|p2a: Zapdos|Sky Attack|p1a: I'm Annoying|[miss]
|-miss|p2a: Zapdos
|
|turn|11
|
|switch|p2a: Alakazam|Alakazam|313\/313
|move|p1a: I'm Annoying|Thunderbolt|p2a: Alakazam
|-damage|p2a: Alakazam|222\/313
|-status|p2a: Alakazam|par
|
|turn|12
|
|switch|p1a: Wear Candoms Kid|Exeggutor|393\/393
|cant|p2a: Alakazam|par
|
|turn|13
|
|move|p1a: Wear Candoms Kid|Double-Edge|p2a: Alakazam
|-damage|p2a: Alakazam|94\/313 par
|-damage|p1a: Wear Candoms Kid|361\/393|[from] recoil|[of] p2a: Alakazam
|move|p2a: Alakazam|Psychic|p1a: Wear Candoms Kid
|-resisted|p1a: Wear Candoms Kid
|-damage|p1a: Wear Candoms Kid|310\/393
|
|turn|14
|
|move|p1a: Wear Candoms Kid|Double-Edge|p2a: Alakazam
|-damage|p2a: Alakazam|0 fnt
|-damage|p1a: Wear Candoms Kid|287\/393|[from] recoil|[of] p2a: Alakazam
|faint|p2a: Alakazam
|
|switch|p2a: Gyarados|Gyarados|393\/393
|turn|15
|
|move|p2a: Gyarados|Hyper Beam|p1a: Wear Candoms Kid
|-damage|p1a: Wear Candoms Kid|124\/393
|move|p1a: Wear Candoms Kid|Sleep Powder|p2a: Gyarados
|-status|p2a: Gyarados|slp
|
|turn|16
|-mustrecharge|p2a: Gyarados
|-mustrecharge|p2a: Gyarados
|
|cant|p2a: Gyarados|recharge
|move|p1a: Wear Candoms Kid|Psychic|p2a: Gyarados
|-damage|p2a: Gyarados|271\/393 slp
|
|turn|17
|
|cant|p2a: Gyarados|slp
|move|p1a: Wear Candoms Kid|Psychic|p2a: Gyarados
|-damage|p2a: Gyarados|153\/393 slp
|
|turn|18
|
|cant|p2a: Gyarados|slp
|move|p1a: Wear Candoms Kid|Psychic|p2a: Gyarados
|-damage|p2a: Gyarados|38\/393 slp
|-unboost|p2a: Gyarados|spd|1
|-unboost|p2a: Gyarados|spa|1
|
|turn|19
|
|-curestatus|p2a: Gyarados|slp
|move|p1a: Wear Candoms Kid|Psychic|p2a: Gyarados
|-damage|p2a: Gyarados|0 fnt
|faint|p2a: Gyarados
|
|switch|p2a: Blastoise|Blastoise|361\/361
|turn|20
|
|switch|p1a: I Own RBY|Chansey|703\/703
|move|p2a: Blastoise|Earthquake|p1a: I Own RBY
|-damage|p1a: I Own RBY|503\/703
|
|turn|21
|
|move|p2a: Blastoise|Blizzard|p1a: I Own RBY
|-damage|p1a: I Own RBY|417\/703
|move|p1a: I Own RBY|Sing|p2a: Blastoise
|-status|p2a: Blastoise|slp
|
|turn|22
|
|switch|p1a: I'm Annoying|Jolteon|60\/333
|cant|p2a: Blastoise|slp
|
|turn|23
|
|switch|p2a: Zapdos|Zapdos|288\/383 par
|move|p1a: I'm Annoying|Thunderbolt|p2a: Zapdos
|-damage|p2a: Zapdos|188\/383 par
|
|turn|24
|
|move|p1a: I'm Annoying|Thunderbolt|p2a: Zapdos
|-damage|p2a: Zapdos|80\/383 par
|cant|p2a: Zapdos|par
|
|turn|25
|
|move|p1a: I'm Annoying|Thunderbolt|p2a: Zapdos
|-damage|p2a: Zapdos|0 fnt
|faint|p2a: Zapdos
|
|switch|p2a: Blastoise|Blastoise|361\/361 slp
|turn|26
|
|move|p1a: I'm Annoying|Thunderbolt|p2a: Blastoise
|-supereffective|p2a: Blastoise
|-damage|p2a: Blastoise|105\/361 slp
|-curestatus|p2a: Blastoise|slp
|
|turn|27
|
|move|p1a: I'm Annoying|Thunderbolt|p2a: Blastoise
|-supereffective|p2a: Blastoise
|-damage|p2a: Blastoise|0 fnt
|faint|p2a: Blastoise
|
|win|Peasounay
|raw|Peasounay's rating: 1325 &rarr; <strong>1333<\/strong><br \/>(+8 for winning)
|raw|Sollozzo's rating: 1070 &rarr; <strong>1062<\/strong><br \/>(-8 for losing)