|j|Golden Gyarados
|j|MexBakker
|player|p1|Golden Gyarados|37
|player|p2|MexBakker|102
|gametype|singles
|gen|1
|tier|[Gen 1] OU
|rated
|seed|
|rule|Sleep Clause Mod: Limit one foe put to sleep
|rule|Freeze Clause Mod: Limit one foe frozen
|rule|Species Clause: Limit one of each Pokémon
|rule|OHKO Clause: OHKO moves are banned
|rule|Evasion Moves Clause: Evasion moves are banned
|rule|HP Percentage Mod: HP is shown in percentages
|
|start
|switch|p1a: Jynx|Jynx|100\/100
|switch|p2a: Alakazam|Alakazam|100\/100
|turn|1
|choice||
|
|move|p2a: Alakazam|Thunder Wave|p1a: Jynx
|-status|p1a: Jynx|par
|move|p1a: Jynx|Lovely Kiss|p2a: Alakazam
|-status|p2a: Alakazam|slp
|
|turn|2
|choice||
|
|switch|p2a: Chansey|Chansey|100\/100
|move|p1a: Jynx|Blizzard|p2a: Chansey
|-damage|p2a: Chansey|80\/100
|
|turn|3
|choice||
|
|switch|p1a: Chansey|Chansey|100\/100
|move|p2a: Chansey|Thunderbolt|p1a: Chansey
|-damage|p1a: Chansey|90\/100
|
|turn|4
|choice||
|
|move|p1a: Chansey|Ice Beam|p2a: Chansey
|-damage|p2a: Chansey|70\/100
|move|p2a: Chansey|Ice Beam|p1a: Chansey
|-damage|p1a: Chansey|79\/100
|
|turn|5
|choice||
|
|move|p2a: Chansey|Ice Beam|p1a: Chansey
|-damage|p1a: Chansey|69\/100
|move|p1a: Chansey|Ice Beam|p2a: Chansey
|-damage|p2a: Chansey|60\/100
|
|turn|6
|choice||
|
|move|p2a: Chansey|Ice Beam|p1a: Chansey
|-damage|p1a: Chansey|58\/100
|move|p1a: Chansey|Ice Beam|p2a: Chansey
|-damage|p2a: Chansey|49\/100
|
|turn|7
|choice||
|
|move|p1a: Chansey|Ice Beam|p2a: Chansey
|-damage|p2a: Chansey|38\/100
|-status|p2a: Chansey|frz
|cant|p2a: Chansey|frz
|
|turn|8
|choice||
|
|switch|p2a: Exeggutor|Exeggutor|100\/100
|move|p1a: Chansey|Thunder Wave|p2a: Exeggutor
|-status|p2a: Exeggutor|par
|
|turn|9
|choice||
|
|switch|p1a: Jynx|Jynx|100\/100 par
|move|p2a: Exeggutor|Sleep Powder|p1a: Jynx
|-fail|p1a: Jynx
|
|turn|10
|choice||
|
|switch|p2a: Snorlax|Snorlax|100\/100
|move|p1a: Jynx|Blizzard|p2a: Snorlax
|-damage|p2a: Snorlax|65\/100
|-message|Freeze Clause activated.
|
|turn|11
|choice||
|
|move|p2a: Snorlax|Earthquake|p1a: Jynx
|-damage|p1a: Jynx|60\/100 par
|cant|p1a: Jynx|par
|
|turn|12
|choice||
|
|move|p2a: Snorlax|Earthquake|p1a: Jynx
|-damage|p1a: Jynx|17\/100 par
|move|p1a: Jynx|Counter|p2a: Snorlax
|-fail|p1a: Jynx
|
|turn|13
|choice||
|
|move|p2a: Snorlax|Body Slam|p1a: Jynx
|-damage|p1a: Jynx|0 fnt
|faint|p1a: Jynx
|choice||
|
|switch|p1a: Golem|Golem, M|100\/100
|turn|14
|choice||
|
|switch|p1a: Exeggutor|Exeggutor, M|100\/100
|switch|p2a: Exeggutor|Exeggutor|100\/100 par
|
|turn|15
|choice||
|
|move|p1a: Exeggutor|Psychic|p2a: Exeggutor
|-resisted|p2a: Exeggutor
|-damage|p2a: Exeggutor|88\/100 par
|cant|p2a: Exeggutor|par
|
|turn|16
|choice||
|
|move|p1a: Exeggutor|Psychic|p2a: Exeggutor
|-resisted|p2a: Exeggutor
|-damage|p2a: Exeggutor|75\/100 par
|-unboost|p2a: Exeggutor|spd|1
|-unboost|p2a: Exeggutor|spa|1
|move|p2a: Exeggutor|Sleep Powder|p1a: Exeggutor
|-status|p1a: Exeggutor|slp
|
|turn|17
|choice||
|
|switch|p1a: Chansey|Chansey|58\/100
|switch|p2a: Snorlax|Snorlax|65\/100
|
|turn|18
|choice||
|
|move|p1a: Chansey|Thunder Wave|p2a: Snorlax
|-status|p2a: Snorlax|par
|cant|p2a: Snorlax|par
|
|turn|19
|choice||
|
|move|p1a: Chansey|Soft-Boiled|p1a: Chansey
|-heal|p1a: Chansey|100\/100
|move|p2a: Snorlax|Hyper Beam|p1a: Chansey
|-damage|p1a: Chansey|22\/100
|
|turn|20
|-mustrecharge|p2a: Snorlax
|-mustrecharge|p2a: Snorlax
|choice||
|
|move|p1a: Chansey|Soft-Boiled|p1a: Chansey
|-heal|p1a: Chansey|72\/100
|cant|p2a: Snorlax|recharge
|
|turn|21
|choice||
|
|move|p1a: Chansey|Ice Beam|p2a: Snorlax
|-damage|p2a: Snorlax|45\/100 par
|move|p2a: Snorlax|Body Slam|p1a: Chansey
|-damage|p1a: Chansey|29\/100
|
|turn|22
|choice||
|
|move|p1a: Chansey|Soft-Boiled|p1a: Chansey
|-heal|p1a: Chansey|79\/100
|cant|p2a: Snorlax|par
|
|turn|23
|choice||
|
|switch|p1a: Golem|Golem, M|100\/100
|move|p2a: Snorlax|Body Slam|p1a: Golem
|-resisted|p1a: Golem
|-damage|p1a: Golem|88\/100
|
|turn|24
|choice||
|
|switch|p2a: Exeggutor|Exeggutor|75\/100 par
|move|p1a: Golem|Rock Slide|p2a: Exeggutor
|-damage|p2a: Exeggutor|50\/100 par
|
|turn|25
|choice||
|
|switch|p1a: Exeggutor|Exeggutor, M|100\/100 slp
|move|p2a: Exeggutor|Psychic|p1a: Exeggutor
|-resisted|p1a: Exeggutor
|-damage|p1a: Exeggutor|87\/100 slp
|
|turn|26
|choice||
|
|switch|p1a: Chansey|Chansey|79\/100
|switch|p2a: Golem|Golem|100\/100
|
|turn|27
|choice||
|
|switch|p2a: Alakazam|Alakazam|100\/100 slp
|move|p1a: Chansey|Ice Beam|p2a: Alakazam
|-damage|p2a: Alakazam|81\/100 slp
|
|turn|28
|choice||
|
|switch|p1a: Tauros|Tauros|100\/100
|cant|p2a: Alakazam|slp
|
|turn|29
|choice||
|
|switch|p2a: Snorlax|Snorlax|45\/100 par
|move|p1a: Tauros|Earthquake|p2a: Snorlax
|-crit|p2a: Snorlax
|-damage|p2a: Snorlax|8\/100 par
|
|turn|30
|choice||
|
|move|p1a: Tauros|Body Slam|p2a: Snorlax
|-damage|p2a: Snorlax|0 fnt
|faint|p2a: Snorlax
|choice||
|
|switch|p2a: Tauros|Tauros|100\/100
|turn|31
|choice||
|
|move|p1a: Tauros|Body Slam|p2a: Tauros
|-damage|p2a: Tauros|72\/100
|move|p2a: Tauros|Body Slam|p1a: Tauros
|-damage|p1a: Tauros|71\/100
|
|turn|32
|choice||
|
|move|p2a: Tauros|Body Slam|p1a: Tauros
|-crit|p1a: Tauros
|-damage|p1a: Tauros|15\/100
|move|p1a: Tauros|Body Slam|p2a: Tauros
|-damage|p2a: Tauros|42\/100
|
|turn|33
|choice||
|
|switch|p1a: Golem|Golem, M|88\/100
|move|p2a: Tauros|Body Slam|p1a: Golem
|-resisted|p1a: Golem
|-damage|p1a: Golem|77\/100
|
|turn|34
|choice||
|
|switch|p1a: Chansey|Chansey|79\/100
|move|p2a: Tauros|Blizzard|p1a: Chansey
|-damage|p1a: Chansey|69\/100
|-status|p1a: Chansey|frz
|
|turn|35
|choice||
|
|move|p2a: Tauros|Body Slam|p1a: Chansey
|-damage|p1a: Chansey|32\/100 frz
|cant|p1a: Chansey|frz
|
|turn|36
|choice||
|
|switch|p2a: Golem|Golem|100\/100
|cant|p1a: Chansey|frz
|
|turn|37
|choice||
|
|cant|p1a: Chansey|frz
|move|p2a: Golem|Earthquake|p1a: Chansey
|-damage|p1a: Chansey|0 fnt
|faint|p1a: Chansey
|choice||
|
|switch|p1a: Tauros|Tauros|15\/100
|turn|38
|choice||
|
|move|p1a: Tauros|Blizzard|p2a: Golem
|-supereffective|p2a: Golem
|-damage|p2a: Golem|36\/100
|move|p2a: Golem|Earthquake|p1a: Tauros
|-damage|p1a: Tauros|0 fnt
|faint|p1a: Tauros
|choice||
|
|switch|p1a: Golem|Golem, M|77\/100
|turn|39
|choice||
|
|move|p2a: Golem|Earthquake|p1a: Golem
|-supereffective|p1a: Golem
|-damage|p1a: Golem|17\/100
|move|p1a: Golem|Earthquake|p2a: Golem
|-supereffective|p2a: Golem
|-damage|p2a: Golem|0 fnt
|faint|p2a: Golem
|choice||
|
|switch|p2a: Tauros|Tauros|42\/100
|turn|40
|choice||
|
|move|p2a: Tauros|Earthquake|p1a: Golem
|-supereffective|p1a: Golem
|-damage|p1a: Golem|0 fnt
|faint|p1a: Golem
|choice||
|
|switch|p1a: Zapdos|Zapdos|100\/100
|turn|41
|choice||
|
|move|p2a: Tauros|Blizzard|p1a: Zapdos
|-supereffective|p1a: Zapdos
|-damage|p1a: Zapdos|69\/100
|-status|p1a: Zapdos|frz
|cant|p1a: Zapdos|frz
|
|turn|42
|-message|Golden Gyarados forfeited.
|
|win|MexBakker
|player|p1
|player|p2
|l|Golden Gyarados
|raw|Golden Gyarados's rating: 1541 &rarr; <strong>1513<\/strong><br \/>(-28 for losing)
|raw|MexBakker's rating: 1380 &rarr; <strong>1409<\/strong><br \/>(+29 for winning)