|join|Mr.Jean
|join|ConnorTorres
|player|p1|Mr.Jean|199
|player|p2|ConnorTorres|28
|gametype|singles
|gen|1
|tier|[Gen 1] Random Battle
|rated
|seed|38663,57933,29858,42974
|rule|Sleep Clause Mod: Limit one foe put to sleep
|rule|Freeze Clause Mod: Limit one foe frozen
|rule|HP Percentage Mod: HP is shown in percentages
|
|start
|switch|p1a: Psyduck|Psyduck, L96|291\/291
|switch|p2a: Ditto|Ditto, L99|296\/296
|turn|1
|choice|move 1|switch 4
|
|switch|p2a: Magneton|Magneton, L90|273\/273
|move|p1a: Psyduck|Amnesia|p1a: Psyduck
|-boost|p1a: Psyduck|spd|2
|-boost|p1a: Psyduck|spa|2
|
|turn|2
|choice|move 4|move 1
|
|move|p2a: Magneton|Thunderbolt|p1a: Psyduck
|-supereffective|p1a: Psyduck
|-damage|p1a: Psyduck|126\/291
|move|p1a: Psyduck|Surf|p2a: Magneton
|-damage|p2a: Magneton|150\/273
|
|turn|3
|choice|move 3|move 1
|
|move|p2a: Magneton|Thunderbolt|p1a: Psyduck
|-supereffective|p1a: Psyduck
|-damage|p1a: Psyduck|0 fnt
|faint|p1a: Psyduck
|choice|switch 4|
|
|switch|p1a: Nidoqueen|Nidoqueen, L85|327\/327
|turn|4
|choice|move 1|move 4
|
|move|p2a: Magneton|Hyper Beam|p1a: Nidoqueen
|-damage|p1a: Nidoqueen|243\/327
|move|p1a: Nidoqueen|Earthquake|p2a: Magneton
|-supereffective|p2a: Magneton
|-damage|p2a: Magneton|0 fnt
|faint|p2a: Magneton
|choice||switch 5
|
|switch|p2a: Omastar|Omastar, L90|309\/309
|turn|5
|choice|move 2|move 3
|
|move|p1a: Nidoqueen|Thunder|p2a: Omastar|[miss]
|-miss|p1a: Nidoqueen
|move|p2a: Omastar|Hydro Pump|p1a: Nidoqueen|[miss]
|-miss|p2a: Omastar
|
|turn|6
|choice|move 2|move 3
|
|move|p1a: Nidoqueen|Thunder|p2a: Omastar|[miss]
|-miss|p1a: Nidoqueen
|move|p2a: Omastar|Hydro Pump|p1a: Nidoqueen
|-supereffective|p1a: Nidoqueen
|-damage|p1a: Nidoqueen|0 fnt
|faint|p1a: Nidoqueen
|c|★Mr.Jean|awwww
|choice|switch 6|
|
|switch|p1a: Electrode|Electrode, L90|291\/291
|turn|7
|choice|move 2|move 1
|
|move|p1a: Electrode|Thunder|p2a: Omastar|[miss]
|-miss|p1a: Electrode
|move|p2a: Omastar|Blizzard|p1a: Electrode
|-damage|p1a: Electrode|178\/291
|
|turn|8
|choice|move 2|move 1
|
|move|p1a: Electrode|Thunder|p2a: Omastar
|-supereffective|p2a: Omastar
|-damage|p2a: Omastar|89\/309
|move|p2a: Omastar|Blizzard|p1a: Electrode
|-damage|p1a: Electrode|72\/291
|
|turn|9
|choice|move 4|move 1
|
|move|p1a: Electrode|Thunderbolt|p2a: Omastar
|-supereffective|p2a: Omastar
|-damage|p2a: Omastar|0 fnt
|faint|p2a: Omastar
|choice||switch 3
|
|switch|p2a: Rapidash|Rapidash, L90|300\/300
|turn|10
|c|★Mr.Jean|I'm sad
|choice|move 1|move 1
|
|move|p1a: Electrode|Explosion|p2a: Rapidash
|-damage|p2a: Rapidash|96\/300
|faint|p1a: Electrode
|choice|switch 5|
|
|switch|p1a: Arcanine|Arcanine, L85|327\/327
|turn|11
|choice|move 2|move 2
|
|move|p2a: Rapidash|Toxic|p1a: Arcanine|[miss]
|-miss|p2a: Rapidash
|move|p1a: Arcanine|Hyper Beam|p2a: Rapidash|[miss]
|-miss|p1a: Arcanine
|
|turn|12
|choice|move 2|move 2
|
|move|p2a: Rapidash|Toxic|p1a: Arcanine
|-status|p1a: Arcanine|tox
|move|p1a: Arcanine|Hyper Beam|p2a: Rapidash
|-damage|p2a: Rapidash|0 fnt
|faint|p2a: Rapidash
|choice||switch 4
|
|switch|p2a: Ditto|Ditto, L99|296\/296
|turn|13
|choice|switch 3|move 1
|
|switch|p1a: Scyther|Scyther, L90|309\/309
|move|p2a: Ditto|Transform|p1a: Scyther
|-transform|p2a: Ditto|p1a: Scyther
|
|turn|14
|choice|move 4|move 2
|
|move|p1a: Scyther|Slash|p2a: Ditto
|-crit|p2a: Ditto
|-damage|p2a: Ditto|174\/296
|move|p2a: Ditto|Hyper Beam|p1a: Scyther
|-damage|p1a: Scyther|217\/309
|
|turn|15
|-mustrecharge|p2a: Ditto
|-mustrecharge|p2a: Ditto
|choice|move 4|move 1
|
|move|p1a: Scyther|Slash|p2a: Ditto
|-crit|p2a: Ditto
|-damage|p2a: Ditto|53\/296
|cant|p2a: Ditto|recharge
|
|turn|16
|choice|move 4|move 4
|
|move|p1a: Scyther|Slash|p2a: Ditto
|-crit|p2a: Ditto
|-damage|p2a: Ditto|0 fnt
|faint|p2a: Ditto
|choice||switch 6
|
|switch|p2a: Articuno|Articuno, L79|304\/304
|turn|17
|choice|switch 3|move 1
|
|switch|p1a: Arcanine|Arcanine, L85|327\/327 tox
|-status|p1a: Arcanine|psn
|-damage|p1a: Arcanine|307\/327 psn|[from] psn
|move|p2a: Articuno|Ice Beam|p1a: Arcanine
|-damage|p1a: Arcanine|194\/327 psn
|
|turn|18
|choice|move 3|switch 2
|
|switch|p2a: Muk|Muk, L90|372\/372
|move|p1a: Arcanine|Fire Blast|p2a: Muk
|-damage|p2a: Muk|248\/372
|-damage|p1a: Arcanine|174\/327 psn|[from] psn|[of] p2a: Muk
|
|turn|19
|choice|move 2|move 3
|
|move|p1a: Arcanine|Hyper Beam|p2a: Muk
|-damage|p2a: Muk|132\/372
|-damage|p1a: Arcanine|154\/327 psn|[from] psn|[of] p2a: Muk
|move|p2a: Muk|Body Slam|p1a: Arcanine
|-damage|p1a: Arcanine|76\/327 psn
|
|turn|20
|-mustrecharge|p1a: Arcanine
|-mustrecharge|p1a: Arcanine
|choice|move 1|move 4
|
|cant|p1a: Arcanine|recharge
|-damage|p1a: Arcanine|56\/327 psn|[from] psn|[of] p2a: Muk
|move|p2a: Muk|Sludge|p1a: Arcanine
|-damage|p1a: Arcanine|0 fnt
|faint|p1a: Arcanine
|choice|switch 2|
|
|switch|p1a: Eevee|Eevee, L96|300\/300
|turn|21
|choice|move 1|move 4
|
|move|p1a: Eevee|Body Slam|p2a: Muk
|-crit|p2a: Muk
|-damage|p2a: Muk|0 fnt
|faint|p2a: Muk
|choice||switch 2
|
|switch|p2a: Articuno|Articuno, L79|304\/304
|turn|22
|c|★Mr.Jean|let's do this!
|choice|move 4|move 1
|
|move|p2a: Articuno|Ice Beam|p1a: Eevee
|-damage|p1a: Eevee|196\/300
|move|p1a: Eevee|Sand Attack|p2a: Articuno
|-unboost|p2a: Articuno|accuracy|1
|
|turn|23
|choice|move 4|move 1
|
|move|p2a: Articuno|Ice Beam|p1a: Eevee
|-damage|p1a: Eevee|83\/300
|move|p1a: Eevee|Sand Attack|p2a: Articuno
|-unboost|p2a: Articuno|accuracy|1
|
|turn|24
|choice|move 1|move 1
|
|move|p2a: Articuno|Ice Beam|p1a: Eevee
|-damage|p1a: Eevee|0 fnt
|faint|p1a: Eevee
|choice|switch 3|
|
|switch|p1a: Scyther|Scyther, L90|217\/309
|turn|25
|choice|move 4|move 1
|
|move|p1a: Scyther|Slash|p2a: Articuno
|-crit|p2a: Articuno
|-damage|p2a: Articuno|188\/304
|move|p2a: Articuno|Ice Beam|p1a: Scyther|[miss]
|-miss|p2a: Articuno
|
|turn|26
|choice|move 4|move 1
|
|move|p1a: Scyther|Slash|p2a: Articuno
|-crit|p2a: Articuno
|-damage|p2a: Articuno|70\/304
|move|p2a: Articuno|Ice Beam|p1a: Scyther
|-supereffective|p1a: Scyther
|-damage|p1a: Scyther|0 fnt
|faint|p1a: Scyther
|
|win|ConnorTorres
|raw|Mr.Jean's rating: 1299 &rarr; <strong>1263<\/strong><br \/>(-36 for losing)
|raw|ConnorTorres's rating: 1134 &rarr; <strong>1170<\/strong><br \/>(+36 for winning)
|c|★Mr.Jean|so near!
|leave|Mr.Jean
|player|p1