|j|vkdaros
|j|B1ackJack94
|player|p1|vkdaros|92
|player|p2|B1ackJack94|204
|gametype|singles
|gen|1
|tier|[Gen 1] Random Battle
|rated
|seed|26326,36738,25538,48955
|rule|Sleep Clause Mod: Limit one foe put to sleep
|rule|Freeze Clause Mod: Limit one foe frozen
|rule|HP Percentage Mod: HP is shown in percentages
|
|start
|switch|p1a: Cloyster|Cloyster, L83|253\/253
|switch|p2a: Gloom|Gloom, L90|291\/291
|turn|1
|choice|move 2|move 4
|
|move|p1a: Cloyster|Blizzard|p2a: Gloom
|-supereffective|p2a: Gloom
|-damage|p2a: Gloom|80\/291
|move|p2a: Gloom|Sleep Powder|p1a: Cloyster|[miss]
|-miss|p2a: Gloom
|
|turn|2
|choice|move 2|switch 2
|
|switch|p2a: Magneton|Magneton, L90|273\/273
|move|p1a: Cloyster|Blizzard|p2a: Magneton
|-damage|p2a: Magneton|192\/273
|
|turn|3
|choice|switch 4|move 1
|
|switch|p1a: Venusaur|Venusaur, L85|310\/310
|move|p2a: Magneton|Thunderbolt|p1a: Venusaur
|-crit|p1a: Venusaur
|-resisted|p1a: Venusaur
|-damage|p1a: Venusaur|183\/310
|
|turn|4
|choice|move 4|move 1
|
|move|p1a: Venusaur|Body Slam|p2a: Magneton
|-damage|p2a: Magneton|147\/273
|move|p2a: Magneton|Thunderbolt|p1a: Venusaur
|-resisted|p1a: Venusaur
|-damage|p1a: Venusaur|121\/310
|
|turn|5
|choice|move 4|move 3
|
|move|p1a: Venusaur|Body Slam|p2a: Magneton
|-crit|p2a: Magneton
|-damage|p2a: Magneton|58\/273
|-status|p2a: Magneton|par
|move|p2a: Magneton|Double-Edge|p1a: Venusaur
|-damage|p1a: Venusaur|60\/310
|-damage|p2a: Magneton|43\/273 par|[from] recoil|[of] p1a: Venusaur
|
|turn|6
|choice|move 4|switch 6
|
|switch|p2a: Kabutops|Kabutops, L85|276\/276
|move|p1a: Venusaur|Body Slam|p2a: Kabutops
|-resisted|p2a: Kabutops
|-damage|p2a: Kabutops|251\/276
|
|turn|7
|choice|switch 4|move 2
|
|switch|p1a: Cloyster|Cloyster, L83|253\/253
|move|p2a: Kabutops|Body Slam|p1a: Cloyster
|-damage|p1a: Cloyster|211\/253
|-status|p1a: Cloyster|par
|
|turn|8
|choice|move 2|move 4
|
|move|p2a: Kabutops|Swords Dance|p2a: Kabutops
|-boost|p2a: Kabutops|atk|2
|move|p1a: Cloyster|Blizzard|p2a: Kabutops
|-resisted|p2a: Kabutops
|-damage|p2a: Kabutops|184\/276
|
|turn|9
|choice|move 2|move 2
|
|move|p2a: Kabutops|Body Slam|p1a: Cloyster
|-damage|p1a: Cloyster|128\/253 par
|cant|p1a: Cloyster|par
|
|turn|10
|choice|move 2|move 3
|
|move|p2a: Kabutops|Hyper Beam|p1a: Cloyster
|-damage|p1a: Cloyster|0 fnt
|faint|p1a: Cloyster
|choice|switch 3|
|
|switch|p1a: Moltres|Moltres, L85|327\/327
|turn|11
|choice|move 1|move 2
|
|move|p1a: Moltres|Fire Blast|p2a: Kabutops|[miss]
|-miss|p1a: Moltres
|move|p2a: Kabutops|Body Slam|p1a: Moltres
|-damage|p1a: Moltres|194\/327
|
|turn|12
|choice|move 1|move 3
|
|move|p1a: Moltres|Fire Blast|p2a: Kabutops
|-resisted|p2a: Kabutops
|-damage|p2a: Kabutops|137\/276
|move|p2a: Kabutops|Hyper Beam|p1a: Moltres
|-damage|p1a: Moltres|0 fnt
|faint|p1a: Moltres
|choice|switch 6|
|
|switch|p1a: Alakazam|Alakazam, L79|249\/249
|turn|13
|choice|move 1|move 3
|
|move|p1a: Alakazam|Psychic|p2a: Kabutops
|-damage|p2a: Kabutops|10\/276
|move|p2a: Kabutops|Hyper Beam|p1a: Alakazam
|-damage|p1a: Alakazam|0 fnt
|faint|p1a: Alakazam
|choice|switch 5|
|
|switch|p1a: Charmeleon|Charmeleon, L85|272\/272
|turn|14
|choice|move 3|move 1
|
|move|p2a: Kabutops|Surf|p1a: Charmeleon
|-crit|p1a: Charmeleon
|-supereffective|p1a: Charmeleon
|-damage|p1a: Charmeleon|0 fnt
|faint|p1a: Charmeleon
|choice|switch 2|
|
|switch|p1a: Dratini|Dratini, L96|274\/274
|turn|15
|choice|move 1|move 3
|
|move|p2a: Kabutops|Hyper Beam|p1a: Dratini
|-damage|p1a: Dratini|0 fnt
|faint|p1a: Dratini
|choice|switch 4|
|
|switch|p1a: Venusaur|Venusaur, L85|60\/310
|turn|16
|choice|move 1|move 2
|
|move|p1a: Venusaur|Razor Leaf|p2a: Kabutops|[miss]
|-miss|p1a: Venusaur
|move|p2a: Kabutops|Body Slam|p1a: Venusaur
|-damage|p1a: Venusaur|0 fnt
|faint|p1a: Venusaur
|
|win|B1ackJack94
|player|p1
|player|p2
|raw|vkdaros's rating: 1333 &rarr; <strong>1307<\/strong><br \/>(-26 for losing)
|raw|B1ackJack94's rating: 1209 &rarr; <strong>1242<\/strong><br \/>(+33 for winning)
|l|vkdaros