|join|dpschreber
|join|Kozaky
|player|p1|dpschreber|110
|player|p2|Kozaky|130
|gametype|singles
|gen|1
|tier|[Gen 1] Random Battle
|rated
|rule|Sleep Clause Mod: Limit one foe put to sleep
|rule|Freeze Clause Mod: Limit one foe frozen
|rule|HP Percentage Mod: HP is shown in percentages
|
|start
|switch|p1a: Poliwhirl|Poliwhirl, L85|284\/284
|switch|p2a: Machamp|Machamp, L85|327\/327
|turn|1
|
|move|p1a: Poliwhirl|Hypnosis|p2a: Machamp|[miss]
|-miss|p1a: Poliwhirl
|move|p2a: Machamp|Body Slam|p1a: Poliwhirl
|-damage|p1a: Poliwhirl|193\/284
|-status|p1a: Poliwhirl|par
|
|turn|2
|
|move|p2a: Machamp|Rock Slide|p1a: Poliwhirl
|-damage|p1a: Poliwhirl|119\/284 par
|move|p1a: Poliwhirl|Hypnosis|p2a: Machamp
|-status|p2a: Machamp|slp
|
|turn|3
|
|cant|p2a: Machamp|slp
|move|p1a: Poliwhirl|Amnesia|p1a: Poliwhirl
|-boost|p1a: Poliwhirl|spd|2
|-boost|p1a: Poliwhirl|spa|2
|
|turn|4
|
|cant|p2a: Machamp|slp
|cant|p1a: Poliwhirl|par
|
|turn|5
|
|cant|p2a: Machamp|slp
|-curestatus|p2a: Machamp|slp
|move|p1a: Poliwhirl|Surf|p2a: Machamp
|-crit|p2a: Machamp
|-damage|p2a: Machamp|160\/327
|
|turn|6
|
|move|p2a: Machamp|Rock Slide|p1a: Poliwhirl
|-damage|p1a: Poliwhirl|35\/284 par
|move|p1a: Poliwhirl|Hypnosis|p2a: Machamp|[miss]
|-miss|p1a: Poliwhirl
|
|turn|7
|
|move|p2a: Machamp|Body Slam|p1a: Poliwhirl
|-damage|p1a: Poliwhirl|0 fnt
|faint|p1a: Poliwhirl
|
|switch|p1a: Mr. Mime|Mr. Mime, L85|242\/242
|turn|8
|
|move|p1a: Mr. Mime|Psychic|p2a: Machamp
|-supereffective|p2a: Machamp
|-damage|p2a: Machamp|0 fnt
|faint|p2a: Machamp
|
|switch|p2a: Venomoth|Venomoth, L85|293\/293
|turn|9
|
|move|p2a: Venomoth|Sleep Powder|p1a: Mr. Mime
|-status|p1a: Mr. Mime|slp
|cant|p1a: Mr. Mime|slp
|
|turn|10
|
|cant|p1a: Mr. Mime|slp
|move|p2a: Venomoth|Mega Drain|p1a: Mr. Mime
|-damage|p1a: Mr. Mime|216\/242 slp
|
|turn|11
|
|move|p2a: Venomoth|Mega Drain|p1a: Mr. Mime
|-damage|p1a: Mr. Mime|189\/242 slp
|cant|p1a: Mr. Mime|slp
|
|turn|12
|
|move|p2a: Venomoth|Mega Drain|p1a: Mr. Mime
|-damage|p1a: Mr. Mime|162\/242 slp
|cant|p1a: Mr. Mime|slp
|
|turn|13
|
|switch|p1a: Charizard|Charizard, L85|306\/306
|move|p2a: Venomoth|Mega Drain|p1a: Charizard
|-resisted|p1a: Charizard
|-damage|p1a: Charizard|300\/306
|
|turn|14
|
|move|p1a: Charizard|Fire Blast|p2a: Venomoth
|-supereffective|p2a: Venomoth
|-damage|p2a: Venomoth|52\/293
|move|p2a: Venomoth|Sleep Powder|p1a: Charizard|[miss]
|-miss|p2a: Venomoth
|
|turn|15
|join|Verinus
|
|move|p1a: Charizard|Body Slam|p2a: Venomoth
|-damage|p2a: Venomoth|0 fnt
|faint|p2a: Venomoth
|
|switch|p2a: Kakuna|Kakuna, L99|290\/290
|turn|16
|
|switch|p1a: Mr. Mime|Mr. Mime, L85|162\/242 slp
|move|p2a: Kakuna|Poison Sting|p1a: Mr. Mime
|-damage|p1a: Mr. Mime|148\/242 slp
|
|turn|17
|
|cant|p1a: Mr. Mime|slp
|move|p2a: Kakuna|String Shot|p1a: Mr. Mime
|-unboost|p1a: Mr. Mime|spe|1
|
|turn|18
|
|move|p2a: Kakuna|String Shot|p1a: Mr. Mime
|-unboost|p1a: Mr. Mime|spe|1
|cant|p1a: Mr. Mime|slp
|-curestatus|p1a: Mr. Mime|slp
|
|turn|19
|
|switch|p1a: Charizard|Charizard, L85|300\/306
|move|p2a: Kakuna|String Shot|p1a: Charizard
|-unboost|p1a: Charizard|spe|1
|
|turn|20
|
|move|p1a: Charizard|Fire Blast|p2a: Kakuna|[miss]
|-miss|p1a: Charizard
|move|p2a: Kakuna|String Shot|p1a: Charizard
|-unboost|p1a: Charizard|spe|1
|
|turn|21
|
|switch|p1a: Mr. Mime|Mr. Mime, L85|148\/242
|move|p2a: Kakuna|String Shot|p1a: Mr. Mime
|-unboost|p1a: Mr. Mime|spe|1
|
|turn|22
|
|switch|p1a: Charizard|Charizard, L85|300\/306
|move|p2a: Kakuna|String Shot|p1a: Charizard
|-unboost|p1a: Charizard|spe|1
|
|turn|23
|
|move|p1a: Charizard|Fire Blast|p2a: Kakuna|[miss]
|-miss|p1a: Charizard
|move|p2a: Kakuna|String Shot|p1a: Charizard
|-unboost|p1a: Charizard|spe|1
|
|turn|24
|
|switch|p1a: Mr. Mime|Mr. Mime, L85|148\/242
|move|p2a: Kakuna|String Shot|p1a: Mr. Mime
|-unboost|p1a: Mr. Mime|spe|1
|
|turn|25
|
|switch|p1a: Charizard|Charizard, L85|300\/306
|move|p2a: Kakuna|String Shot|p1a: Charizard
|-unboost|p1a: Charizard|spe|1
|
|turn|26
|
|move|p1a: Charizard|Fire Blast|p2a: Kakuna
|-supereffective|p2a: Kakuna
|-damage|p2a: Kakuna|0 fnt
|faint|p2a: Kakuna
|
|switch|p2a: Starmie|Starmie, L79|257\/257
|turn|27
|
|move|p2a: Starmie|Thunderbolt|p1a: Charizard
|-supereffective|p1a: Charizard
|-damage|p1a: Charizard|170\/306
|move|p1a: Charizard|Body Slam|p2a: Starmie
|-damage|p2a: Starmie|200\/257
|
|turn|28
|
|move|p2a: Starmie|Thunderbolt|p1a: Charizard|[miss]
|-miss|p2a: Starmie
|move|p1a: Charizard|Body Slam|p2a: Starmie
|-damage|p2a: Starmie|136\/257
|
|turn|29
|
|move|p2a: Starmie|Thunder Wave|p1a: Charizard
|-status|p1a: Charizard|par
|move|p1a: Charizard|Body Slam|p2a: Starmie
|-crit|p2a: Starmie
|-damage|p2a: Starmie|8\/257
|-status|p2a: Starmie|par
|
|turn|30
|
|move|p2a: Starmie|Recover|p2a: Starmie
|-heal|p2a: Starmie|136\/257 par
|cant|p1a: Charizard|par
|
|turn|31
|
|move|p2a: Starmie|Recover|p2a: Starmie
|-heal|p2a: Starmie|257\/257 par
|move|p1a: Charizard|Body Slam|p2a: Starmie
|-crit|p2a: Starmie
|-damage|p2a: Starmie|145\/257 par
|
|turn|32
|
|cant|p2a: Starmie|par
|cant|p1a: Charizard|par
|
|turn|33
|
|move|p2a: Starmie|Recover|p2a: Starmie
|-heal|p2a: Starmie|257\/257 par
|move|p1a: Charizard|Body Slam|p2a: Starmie
|-damage|p2a: Starmie|191\/257 par
|
|turn|34
|
|move|p2a: Starmie|Thunderbolt|p1a: Charizard
|-supereffective|p1a: Charizard
|-damage|p1a: Charizard|44\/306 par
|cant|p1a: Charizard|par
|
|turn|35
|
|move|p2a: Starmie|Thunderbolt|p1a: Charizard
|-crit|p1a: Charizard
|-supereffective|p1a: Charizard
|-damage|p1a: Charizard|0 fnt
|faint|p1a: Charizard
|
|switch|p1a: Mr. Mime|Mr. Mime, L85|148\/242
|turn|36
|
|move|p1a: Mr. Mime|Psychic|p2a: Starmie
|-crit|p2a: Starmie
|-resisted|p2a: Starmie
|-damage|p2a: Starmie|96\/257 par
|-unboost|p2a: Starmie|spd|1
|-unboost|p2a: Starmie|spa|1
|move|p2a: Starmie|Thunder Wave|p1a: Mr. Mime
|-status|p1a: Mr. Mime|par
|
|turn|37
|
|move|p1a: Mr. Mime|Psychic|p2a: Starmie
|-resisted|p2a: Starmie
|-damage|p2a: Starmie|15\/257 par
|cant|p2a: Starmie|par
|
|turn|38
|
|move|p1a: Mr. Mime|Psychic|p2a: Starmie
|-crit|p2a: Starmie
|-resisted|p2a: Starmie
|-damage|p2a: Starmie|0 fnt
|faint|p2a: Starmie
|
|switch|p2a: Cloyster|Cloyster, L83|253\/253
|turn|39
|
|move|p2a: Cloyster|Surf|p1a: Mr. Mime
|-damage|p1a: Mr. Mime|59\/242 par
|move|p1a: Mr. Mime|Thunder Wave|p2a: Cloyster
|-status|p2a: Cloyster|par
|
|turn|40
|
|move|p1a: Mr. Mime|Thunderbolt|p2a: Cloyster
|-supereffective|p2a: Cloyster
|-damage|p2a: Cloyster|100\/253 par
|move|p2a: Cloyster|Surf|p1a: Mr. Mime
|-damage|p1a: Mr. Mime|0 fnt
|faint|p1a: Mr. Mime
|
|switch|p1a: Dewgong|Dewgong, L85|327\/327
|turn|41
|
|move|p1a: Dewgong|Body Slam|p2a: Cloyster
|-damage|p2a: Cloyster|68\/253 par
|move|p2a: Cloyster|Hyper Beam|p1a: Dewgong|[miss]
|-miss|p2a: Cloyster
|
|turn|42
|
|move|p1a: Dewgong|Body Slam|p2a: Cloyster
|-damage|p2a: Cloyster|38\/253 par
|move|p2a: Cloyster|Hyper Beam|p1a: Dewgong
|-damage|p1a: Dewgong|219\/327
|
|turn|43
|-mustrecharge|p2a: Cloyster
|-mustrecharge|p2a: Cloyster
|
|move|p1a: Dewgong|Body Slam|p2a: Cloyster
|-damage|p2a: Cloyster|7\/253 par
|cant|p2a: Cloyster|recharge
|
|turn|44
|
|move|p1a: Dewgong|Body Slam|p2a: Cloyster
|-damage|p2a: Cloyster|0 fnt
|faint|p2a: Cloyster
|
|switch|p2a: Exeggutor|Exeggutor, L79|312\/312
|turn|45
|
|move|p1a: Dewgong|Blizzard|p2a: Exeggutor
|-supereffective|p2a: Exeggutor
|-damage|p2a: Exeggutor|85\/312
|-status|p2a: Exeggutor|frz
|cant|p2a: Exeggutor|frz
|
|turn|46
|
|switch|p1a: Flareon|Flareon, L85|284\/284
|cant|p2a: Exeggutor|frz
|
|turn|47
|
|move|p1a: Flareon|Fire Blast|p2a: Exeggutor
|-supereffective|p2a: Exeggutor
|-damage|p2a: Exeggutor|0 fnt
|faint|p2a: Exeggutor
|
|win|dpschreber
|raw|Ladder updating...
|raw|dpschreber's rating: 1377 &rarr; <strong>1384<\/strong><br \/>(+7 for winning)
|raw|Kozaky's rating: 1097 &rarr; <strong>1089<\/strong><br \/>(-8 for losing)
|leave|Verinus