|join|amaniania
|join|angry Moron
|player|p1|amaniania|257
|player|p2|angry Moron|275
|gametype|singles
|gen|1
|tier|[Gen 1] OU (beta)
|rated
|rule|Sleep Clause Mod: Limit one foe put to sleep
|rule|Species Clause: Limit one of each Pokemon
|rule|OHKO Clause: OHKO moves are banned
|rule|Moody Clause: Moody is banned
|rule|Evasion Moves Clause: Evasion moves are banned
|rule|Endless Battle Clause: Forcing endless battles is banned.
|rule|HP Percentage Mod: HP is reported as percentages
|
|start
|switch|p1a: Crossdresserbro|Jynx|333\/333
|switch|p2a: Ragneg|Gengar|323\/323
|turn|1
|callback|decision
|
|move|p2a: Ragneg|Hypnosis|p1a: Crossdresserbro
|-status|p1a: Crossdresserbro|slp
|cant|p1a: Crossdresserbro|slp
|
|turn|2
|callback|decision
|
|switch|p2a: Sarpal|Lapras|463\/463
|switch|p1a: Eggbro|Exeggutor|393\/393
|
|turn|3
|callback|decision
|
|move|p2a: Sarpal|Blizzard|p1a: Eggbro
|-supereffective|p1a: Eggbro
|-damage|p1a: Eggbro|170\/393
|-status|p1a: Eggbro|frz
|cant|p1a: Eggbro|frz
|
|turn|4
|callback|decision
|chat|amaniania|lol
|chat|angry Moron|erm
|chat|amaniania|of course 
|
|switch|p1a: Sickeggbeats|Chansey|703\/703
|move|p2a: Sarpal|Confuse Ray|p1a: Sickeggbeats
|-start|p1a: Sickeggbeats|confusion
|
|turn|5
|callback|decision
|chat|amaniania|welp now I have no sleep, game is hard
|
|switch|p2a: Yesnach|Chansey|703\/703
|-activate|p1a: Sickeggbeats|confusion
|-damage|p1a: Sickeggbeats|673\/703|[from] confusion
|
|turn|6
|callback|decision
|
|-activate|p1a: Sickeggbeats|confusion
|-damage|p1a: Sickeggbeats|643\/703|[from] confusion
|move|p2a: Yesnach|Ice Beam|p1a: Sickeggbeats
|-damage|p1a: Sickeggbeats|564\/703
|
|turn|7
|callback|decision
|
|move|p2a: Yesnach|Ice Beam|p1a: Sickeggbeats
|-damage|p1a: Sickeggbeats|491\/703
|-activate|p1a: Sickeggbeats|confusion
|-damage|p1a: Sickeggbeats|461\/703|[from] confusion
|
|turn|8
|callback|decision
|
|-end|p1a: Sickeggbeats|confusion
|move|p1a: Sickeggbeats|Ice Beam|p2a: Yesnach
|-damage|p2a: Yesnach|631\/703
|move|p2a: Yesnach|Ice Beam|p1a: Sickeggbeats
|-damage|p1a: Sickeggbeats|385\/703
|
|turn|9
|callback|decision
|chat|angry Moron|no freeze clause ftw -_-
|
|move|p1a: Sickeggbeats|Ice Beam|p2a: Yesnach
|-damage|p2a: Yesnach|553\/703
|move|p2a: Yesnach|Ice Beam|p1a: Sickeggbeats
|-damage|p1a: Sickeggbeats|305\/703
|
|turn|10
|callback|decision
|
|move|p2a: Yesnach|Ice Beam|p1a: Sickeggbeats
|-damage|p1a: Sickeggbeats|237\/703
|move|p1a: Sickeggbeats|Soft-Boiled|p1a: Sickeggbeats
|-heal|p1a: Sickeggbeats|588\/703
|
|turn|11
|callback|decision
|
|move|p2a: Yesnach|Thunder Wave|p1a: Sickeggbeats
|-status|p1a: Sickeggbeats|par
|cant|p1a: Sickeggbeats|par
|
|turn|12
|callback|decision
|
|switch|p2a: Sarpal|Lapras|463\/463
|move|p1a: Sickeggbeats|Ice Beam|p2a: Sarpal
|-resisted|p2a: Sarpal
|-damage|p2a: Sarpal|444\/463
|
|turn|13
|callback|decision
|
|move|p2a: Sarpal|Confuse Ray|p1a: Sickeggbeats
|-start|p1a: Sickeggbeats|confusion
|-activate|p1a: Sickeggbeats|confusion
|-damage|p1a: Sickeggbeats|558\/703 par|[from] confusion
|
|turn|14
|callback|decision
|
|move|p2a: Sarpal|Body Slam|p1a: Sickeggbeats
|-crit|p1a: Sickeggbeats
|-damage|p1a: Sickeggbeats|254\/703 par
|-end|p1a: Sickeggbeats|confusion
|move|p1a: Sickeggbeats|Thunder Wave|p2a: Sarpal
|-status|p2a: Sarpal|par
|
|turn|15
|callback|decision
|
|move|p2a: Sarpal|Body Slam|p1a: Sickeggbeats
|-damage|p1a: Sickeggbeats|84\/703 par
|move|p1a: Sickeggbeats|Soft-Boiled|p1a: Sickeggbeats
|-heal|p1a: Sickeggbeats|435\/703 par
|
|turn|16
|callback|decision
|
|move|p2a: Sarpal|Confuse Ray|p1a: Sickeggbeats
|-start|p1a: Sickeggbeats|confusion
|-activate|p1a: Sickeggbeats|confusion
|move|p1a: Sickeggbeats|Soft-Boiled|p1a: Sickeggbeats
|-heal|p1a: Sickeggbeats|703\/703 par
|
|turn|17
|callback|decision
|
|move|p2a: Sarpal|Body Slam|p1a: Sickeggbeats
|-damage|p1a: Sickeggbeats|544\/703 par
|cant|p1a: Sickeggbeats|par
|
|turn|18
|callback|decision
|
|move|p2a: Sarpal|Body Slam|p1a: Sickeggbeats
|-damage|p1a: Sickeggbeats|383\/703 par
|cant|p1a: Sickeggbeats|par
|
|turn|19
|callback|decision
|
|switch|p2a: Soruat|Tauros|353\/353
|cant|p1a: Sickeggbeats|par
|
|turn|20
|callback|decision
|
|switch|p1a: Builtbro|Snorlax|523\/523
|move|p2a: Soruat|Body Slam|p1a: Builtbro
|-crit|p1a: Builtbro
|-damage|p1a: Builtbro|281\/523
|-status|p1a: Builtbro|par
|
|turn|21
|callback|decision
|chat|amaniania|lol
|
|switch|p2a: Ragneg|Gengar|323\/323
|move|p1a: Builtbro|Self-Destruct|p2a: Ragneg
|-immune|p2a: Ragneg|[msg]
|faint|p1a: Builtbro
|callback|decision
|chat|amaniania|well played
|-message|amaniania forfeited.
|
|win|angry Moron
|raw|Ladder updating...
|leave|amaniania
|player|p1