|j|ALLIE X
|j|dapellowpat
|player|p1|ALLIE X|95
|player|p2|dapellowpat|150
|gametype|singles
|gen|1
|tier|[Gen 1] Random Battle
|rated
|seed|162,43557,14866,3723
|rule|Sleep Clause Mod: Limit one foe put to sleep
|rule|Freeze Clause Mod: Limit one foe frozen
|rule|HP Percentage Mod: HP is shown in percentages
|
|start
|switch|p1a: Ditto|Ditto, L99|296\/296
|switch|p2a: Weedle|Weedle, L99|280\/280
|turn|1
|choice|switch 4|move 1
|
|switch|p1a: Golem|Golem, L79|288\/288
|move|p2a: Weedle|Poison Sting|p1a: Golem
|-resisted|p1a: Golem
|-damage|p1a: Golem|286\/288
|
|turn|2
|choice|move 4|switch 4
|
|switch|p2a: Chansey|Chansey, L79|557\/557
|move|p1a: Golem|Rock Slide|p2a: Chansey
|-crit|p2a: Chansey
|-damage|p2a: Chansey|171\/557
|
|turn|3
|choice|move 3|move 2
|
|move|p2a: Chansey|Ice Beam|p1a: Golem
|-supereffective|p1a: Golem
|-damage|p1a: Golem|120\/288
|move|p1a: Golem|Earthquake|p2a: Chansey
|-damage|p2a: Chansey|0 fnt
|faint|p2a: Chansey
|choice||switch 3
|
|switch|p2a: Mewtwo|Mewtwo, L70|293\/293
|turn|4
|choice|move 2|move 1
|
|move|p2a: Mewtwo|Psychic|p1a: Golem
|-damage|p1a: Golem|0 fnt
|faint|p1a: Golem
|choice|switch 4|
|
|switch|p1a: Ditto|Ditto, L99|296\/296
|turn|5
|choice|move 1|move 1
|
|move|p2a: Mewtwo|Psychic|p1a: Ditto
|-damage|p1a: Ditto|179\/296
|-unboost|p1a: Ditto|spd|1
|-unboost|p1a: Ditto|spa|1
|move|p1a: Ditto|Transform|p2a: Mewtwo
|-transform|p1a: Ditto|p2a: Mewtwo
|
|turn|6
|choice|move 3|move 2
|
|move|p2a: Mewtwo|Thunderbolt|p1a: Ditto
|-damage|p1a: Ditto|65\/296
|move|p1a: Ditto|Body Slam|p2a: Mewtwo
|-damage|p2a: Mewtwo|232\/293
|
|turn|7
|choice|switch 5|move 2
|
|switch|p1a: Zapdos|Zapdos, L79|304\/304
|move|p2a: Mewtwo|Thunderbolt|p1a: Zapdos
|-damage|p1a: Zapdos|251\/304
|
|turn|8
|choice|move 3|move 1
|
|move|p2a: Mewtwo|Psychic|p1a: Zapdos
|-damage|p1a: Zapdos|166\/304
|-unboost|p1a: Zapdos|spd|1
|-unboost|p1a: Zapdos|spa|1
|move|p1a: Zapdos|Thunder Wave|p2a: Mewtwo
|-status|p2a: Mewtwo|par
|
|turn|9
|choice|switch 5|move 1
|
|switch|p1a: Ditto|Ditto, L99|65\/296
|cant|p2a: Mewtwo|par
|
|turn|10
|choice|move 1|move 1
|
|move|p1a: Ditto|Transform|p2a: Mewtwo
|-transform|p1a: Ditto|p2a: Mewtwo
|move|p2a: Mewtwo|Psychic|p1a: Ditto
|-resisted|p1a: Ditto
|-damage|p1a: Ditto|5\/296
|
|turn|11
|choice|move 4|move 1
|
|move|p1a: Ditto|Rest|p1a: Ditto
|-status|p1a: Ditto|slp
|-heal|p1a: Ditto|296\/296 slp|[silent]
|-status|p1a: Ditto|slp|[from] move: Rest
|cant|p2a: Mewtwo|par
|
|turn|12
|l|dapellowpat
|player|p2
|-message|dapellowpat lost due to inactivity.
|
|win|ALLIE X
|raw|ALLIE X's rating: 1331 &rarr; <strong>1338<\/strong><br \/>(+7 for winning)
|raw|dapellowpat's rating: 1089 &rarr; <strong>1080<\/strong><br \/>(-9 for losing)