|j|TrendyRew
|j|Dervodel2
|player|p1|TrendyRew|242
|player|p2|Dervodel2|238
|gametype|singles
|gen|1
|tier|[Gen 1] Random Battle
|rated
|seed|46671,61448,34199,62187
|rule|Sleep Clause Mod: Limit one foe put to sleep
|rule|Freeze Clause Mod: Limit one foe frozen
|rule|HP Percentage Mod: HP is shown in percentages
|
|start
|switch|p1a: Articuno|Articuno, L79|304\/304
|switch|p2a: Machoke|Machoke, L85|310\/310
|turn|1
|choice|switch 2|move 3
|
|switch|p1a: Starmie|Starmie, L79|257\/257
|move|p2a: Machoke|Rock Slide|p1a: Starmie
|-damage|p1a: Starmie|197\/257
|
|turn|2
|choice|move 4|move 1
|
|move|p1a: Starmie|Blizzard|p2a: Machoke|[miss]
|-miss|p1a: Starmie
|move|p2a: Machoke|Double-Edge|p1a: Starmie
|-damage|p1a: Starmie|111\/257
|-damage|p2a: Machoke|289\/310|[from] recoil|[of] p1a: Starmie
|
|turn|3
|choice|move 1|move 1
|
|move|p1a: Starmie|Recover|p1a: Starmie
|-heal|p1a: Starmie|239\/257
|move|p2a: Machoke|Double-Edge|p1a: Starmie
|-damage|p1a: Starmie|163\/257
|-damage|p2a: Machoke|270\/310|[from] recoil|[of] p1a: Starmie
|
|turn|4
|choice|move 1|move 1
|
|move|p1a: Starmie|Recover|p1a: Starmie
|-heal|p1a: Starmie|257\/257
|move|p2a: Machoke|Double-Edge|p1a: Starmie
|-damage|p1a: Starmie|174\/257
|-damage|p2a: Machoke|250\/310|[from] recoil|[of] p1a: Starmie
|
|turn|5
|choice|move 2|move 2
|
|move|p1a: Starmie|Thunder Wave|p2a: Machoke
|-status|p2a: Machoke|par
|move|p2a: Machoke|Mega Kick|p1a: Starmie
|-damage|p1a: Starmie|75\/257
|
|turn|6
|choice|move 1|switch 2
|
|switch|p2a: Pikachu|Pikachu, L96|262\/262
|move|p1a: Starmie|Recover|p1a: Starmie
|-heal|p1a: Starmie|203\/257
|
|turn|7
|choice|switch 3|move 2
|
|switch|p1a: Rhyhorn|Rhyhorn, L96|348\/348
|move|p2a: Pikachu|Thunder|p1a: Rhyhorn
|-immune|p1a: Rhyhorn|[msg]
|
|turn|8
|choice|move 1|move 3
|
|move|p2a: Pikachu|Surf|p1a: Rhyhorn
|-supereffective|p1a: Rhyhorn
|-damage|p1a: Rhyhorn|0 fnt
|faint|p1a: Rhyhorn
|choice|switch 4|
|
|switch|p1a: Electabuzz|Electabuzz, L85|284\/284
|turn|9
|choice|move 3|switch 5
|
|switch|p2a: Onix|Onix, L90|246\/246
|move|p1a: Electabuzz|Psychic|p2a: Onix
|-damage|p2a: Onix|145\/246
|
|turn|10
|choice|switch 6|switch 4
|
|switch|p1a: Persian|Persian, L79|265\/265
|switch|p2a: Parasect|Parasect, L90|291\/291
|
|turn|11
|choice|move 1|move 1
|
|move|p1a: Persian|Slash|p2a: Parasect
|-crit|p2a: Parasect
|-damage|p2a: Parasect|178\/291
|move|p2a: Parasect|Body Slam|p1a: Persian
|-damage|p1a: Persian|180\/265
|
|turn|12
|choice|move 1|move 2
|
|move|p1a: Persian|Slash|p2a: Parasect
|-crit|p2a: Parasect
|-damage|p2a: Parasect|75\/291
|move|p2a: Parasect|Slash|p1a: Persian
|-damage|p1a: Persian|104\/265
|
|turn|13
|choice|move 1|move 1
|
|move|p1a: Persian|Slash|p2a: Parasect
|-crit|p2a: Parasect
|-damage|p2a: Parasect|0 fnt
|faint|p2a: Parasect
|choice||switch 5
|
|switch|p2a: Pikachu|Pikachu, L96|262\/262
|turn|14
|choice|move 1|move 2
|
|move|p2a: Pikachu|Thunder|p1a: Persian
|-damage|p1a: Persian|0 fnt
|faint|p1a: Persian
|choice|switch 6|
|
|switch|p1a: Electabuzz|Electabuzz, L85|284\/284
|turn|15
|choice|move 3|switch 3
|
|switch|p2a: Snorlax|Snorlax, L79|415\/415
|move|p1a: Electabuzz|Psychic|p2a: Snorlax
|-damage|p2a: Snorlax|332\/415
|-unboost|p2a: Snorlax|spd|1
|-unboost|p2a: Snorlax|spa|1
|
|turn|16
|choice|move 3|move 3
|
|move|p1a: Electabuzz|Psychic|p2a: Snorlax
|-damage|p2a: Snorlax|222\/415
|-unboost|p2a: Snorlax|spd|1
|-unboost|p2a: Snorlax|spa|1
|move|p2a: Snorlax|Body Slam|p1a: Electabuzz
|-damage|p1a: Electabuzz|172\/284
|
|turn|17
|choice|move 4|move 2
|
|move|p1a: Electabuzz|Thunder Wave|p2a: Snorlax
|-status|p2a: Snorlax|par
|move|p2a: Snorlax|Earthquake|p1a: Electabuzz
|-supereffective|p1a: Electabuzz
|-damage|p1a: Electabuzz|3\/284
|
|turn|18
|choice|move 3|switch 2
|
|switch|p2a: Machoke|Machoke, L85|250\/310 par
|move|p1a: Electabuzz|Psychic|p2a: Machoke
|-supereffective|p2a: Machoke
|-damage|p2a: Machoke|72\/310 par
|
|turn|19
|choice|move 3|move 1
|
|move|p1a: Electabuzz|Psychic|p2a: Machoke
|-crit|p2a: Machoke
|-supereffective|p2a: Machoke
|-damage|p2a: Machoke|0 fnt
|faint|p2a: Machoke
|choice||switch 3
|
|switch|p2a: Pikachu|Pikachu, L96|262\/262
|turn|20
|choice|move 3|move 3
|
|move|p2a: Pikachu|Surf|p1a: Electabuzz
|-damage|p1a: Electabuzz|0 fnt
|faint|p1a: Electabuzz
|choice|switch 5|
|
|switch|p1a: Clefable|Clefable, L85|335\/335
|turn|21
|choice|move 1|switch 2
|
|switch|p2a: Snorlax|Snorlax, L79|222\/415 par
|move|p1a: Clefable|Ice Beam|p2a: Snorlax
|-damage|p2a: Snorlax|141\/415 par
|
|turn|22
|choice|move 4|move 3
|
|move|p2a: Snorlax|Body Slam|p1a: Clefable
|-damage|p1a: Clefable|245\/335
|move|p1a: Clefable|Counter|p2a: Snorlax
|-damage|p2a: Snorlax|0 fnt
|faint|p2a: Snorlax
|choice||switch 6
|
|switch|p2a: Primeape|Primeape, L90|300\/300
|turn|23
|choice|switch 2|move 4
|
|switch|p1a: Articuno|Articuno, L79|304\/304
|move|p2a: Primeape|Rock Slide|p1a: Articuno
|-supereffective|p1a: Articuno
|-damage|p1a: Articuno|52\/304
|
|turn|24
|choice|move 1|move 3
|
|move|p2a: Primeape|Hyper Beam|p1a: Articuno
|-damage|p1a: Articuno|0 fnt
|faint|p1a: Articuno
|choice|switch 3|
|
|switch|p1a: Starmie|Starmie, L79|203\/257
|turn|25
|choice|move 2|move 3
|
|move|p1a: Starmie|Thunder Wave|p2a: Primeape
|-status|p2a: Primeape|par
|move|p2a: Primeape|Hyper Beam|p1a: Starmie
|-damage|p1a: Starmie|71\/257
|
|turn|26
|-mustrecharge|p2a: Primeape
|-mustrecharge|p2a: Primeape
|choice|move 1|move 1
|
|move|p1a: Starmie|Recover|p1a: Starmie
|-heal|p1a: Starmie|199\/257
|cant|p2a: Primeape|recharge
|
|turn|27
|choice|move 4|switch 2
|
|switch|p2a: Pikachu|Pikachu, L96|262\/262
|move|p1a: Starmie|Blizzard|p2a: Pikachu
|-damage|p2a: Pikachu|163\/262
|
|turn|28
|choice|switch 2|move 1
|
|switch|p1a: Clefable|Clefable, L85|245\/335
|move|p2a: Pikachu|Thunder Wave|p1a: Clefable
|-status|p1a: Clefable|par
|
|turn|29
|-message|TrendyRew lost due to inactivity.
|
|win|Dervodel2
|player|p1
|player|p2
|raw|TrendyRew's rating: 1274 &rarr; <strong>1255<\/strong><br \/>(-19 for losing)
|raw|Dervodel2's rating: 1369 &rarr; <strong>1384<\/strong><br \/>(+15 for winning)