|join|vsterel
|join|bpizzizzle
|player|p1|vsterel|170
|player|p2|bpizzizzle|252
|gametype|singles
|gen|1
|tier|[Gen 1] Random Battle
|rated
|seed|34962,45497,6416,21957
|rule|Sleep Clause Mod: Limit one foe put to sleep
|rule|Freeze Clause Mod: Limit one foe frozen
|rule|HP Percentage Mod: HP is shown in percentages
|
|start
|switch|p1a: Fearow|Fearow, L90|300\/300
|switch|p2a: Metapod|Metapod, L99|300\/300
|turn|1
|choice|move 4|switch 5
|
|switch|p2a: Cloyster|Cloyster, L83|253\/253
|move|p1a: Fearow|Drill Peck|p2a: Cloyster
|-crit|p2a: Cloyster
|-damage|p2a: Cloyster|145\/253
|
|turn|2
|choice|switch 2|move 3
|
|switch|p1a: Magmar|Magmar, L90|300\/300
|move|p2a: Cloyster|Blizzard|p1a: Magmar
|-damage|p1a: Magmar|199\/300
|
|turn|3
|choice|move 1|switch 2
|
|switch|p2a: Alakazam|Alakazam, L79|249\/249
|move|p1a: Magmar|Fire Blast|p2a: Alakazam
|-damage|p2a: Alakazam|147\/249
|
|turn|4
|choice|move 3|move 3
|
|move|p2a: Alakazam|Recover|p2a: Alakazam
|-heal|p2a: Alakazam|249\/249
|move|p1a: Magmar|Hyper Beam|p2a: Alakazam
|-damage|p2a: Alakazam|69\/249
|
|turn|5
|-mustrecharge|p1a: Magmar
|-mustrecharge|p1a: Magmar
|choice|move 1|move 2
|
|move|p2a: Alakazam|Thunder Wave|p1a: Magmar
|-status|p1a: Magmar|par
|cant|p1a: Magmar|recharge
|
|turn|6
|choice|move 4|move 3
|
|move|p2a: Alakazam|Recover|p2a: Alakazam
|-heal|p2a: Alakazam|193\/249
|cant|p1a: Magmar|par
|
|turn|7
|choice|move 4|move 3
|
|move|p2a: Alakazam|Recover|p2a: Alakazam
|-heal|p2a: Alakazam|249\/249
|move|p1a: Magmar|Confuse Ray|p2a: Alakazam
|-start|p2a: Alakazam|confusion
|
|turn|8
|choice|move 1|switch 5
|
|switch|p2a: Metapod|Metapod, L99|300\/300
|move|p1a: Magmar|Fire Blast|p2a: Metapod
|-supereffective|p2a: Metapod
|-damage|p2a: Metapod|0 fnt
|faint|p2a: Metapod
|choice||switch 3
|
|switch|p2a: Zapdos|Zapdos, L79|304\/304
|turn|9
|choice|move 1|move 4
|
|move|p2a: Zapdos|Thunderbolt|p1a: Magmar
|-crit|p1a: Magmar
|-damage|p1a: Magmar|9\/300 par
|move|p1a: Magmar|Fire Blast|p2a: Zapdos
|-damage|p2a: Zapdos|189\/304
|-status|p2a: Zapdos|brn
|
|turn|10
|choice|move 4|move 3
|
|move|p2a: Zapdos|Drill Peck|p1a: Magmar
|-crit|p1a: Magmar
|-damage|p1a: Magmar|0 fnt
|faint|p1a: Magmar
|choice|switch 5|
|
|switch|p1a: Dragonair|Dragonair, L85|277\/277
|turn|11
|choice|move 2|move 1
|
|move|p2a: Zapdos|Thunder Wave|p1a: Dragonair
|-status|p1a: Dragonair|par
|-damage|p2a: Zapdos|170\/304 brn|[from] brn|[of] p1a: Dragonair
|move|p1a: Dragonair|Agility|p1a: Dragonair
|-boost|p1a: Dragonair|spe|2
|
|turn|12
|choice|move 2|switch 2
|
|switch|p2a: Cloyster|Cloyster, L83|145\/253
|move|p1a: Dragonair|Agility|p1a: Dragonair
|-boost|p1a: Dragonair|spe|2
|
|turn|13
|choice|move 3|move 3
|
|move|p1a: Dragonair|Thunder|p2a: Cloyster
|-crit|p2a: Cloyster
|-supereffective|p2a: Cloyster
|-damage|p2a: Cloyster|0 fnt
|faint|p2a: Cloyster
|choice||switch 4
|
|switch|p2a: Snorlax|Snorlax, L79|415\/415
|turn|14
|choice|move 1|move 1
|
|move|p1a: Dragonair|Thunder Wave|p2a: Snorlax
|-status|p2a: Snorlax|par
|move|p2a: Snorlax|Amnesia|p2a: Snorlax
|-boost|p2a: Snorlax|spd|2
|-boost|p2a: Snorlax|spa|2
|
|turn|15
|choice|move 4|move 4
|
|move|p1a: Dragonair|Surf|p2a: Snorlax
|-damage|p2a: Snorlax|381\/415 par
|cant|p2a: Snorlax|par
|
|turn|16
|choice|move 4|move 4
|
|move|p1a: Dragonair|Surf|p2a: Snorlax
|-crit|p2a: Snorlax
|-damage|p2a: Snorlax|236\/415 par
|move|p2a: Snorlax|Ice Beam|p1a: Dragonair
|-supereffective|p1a: Dragonair
|-damage|p1a: Dragonair|56\/277 par
|
|turn|17
|choice|move 4|move 1
|
|move|p1a: Dragonair|Surf|p2a: Snorlax
|-crit|p2a: Snorlax
|-damage|p2a: Snorlax|106\/415 par
|move|p2a: Snorlax|Amnesia|p2a: Snorlax
|-boost|p2a: Snorlax|spd|2
|-boost|p2a: Snorlax|spa|2
|
|turn|18
|choice|move 4|move 2
|
|move|p1a: Dragonair|Surf|p2a: Snorlax
|-damage|p2a: Snorlax|83\/415 par
|move|p2a: Snorlax|Rest|p2a: Snorlax
|-status|p2a: Snorlax|slp
|-heal|p2a: Snorlax|415\/415 slp|[silent]
|-status|p2a: Snorlax|slp|[from] move: Rest
|
|turn|19
|choice|switch 3|move 4
|
|switch|p1a: Beedrill|Beedrill, L90|300\/300
|cant|p2a: Snorlax|slp
|
|turn|20
|choice|move 2|switch 5
|
|switch|p2a: Alakazam|Alakazam, L79|249\/249
|move|p1a: Beedrill|Swords Dance|p1a: Beedrill
|-boost|p1a: Beedrill|atk|2
|
|turn|21
|choice|move 4|move 1
|
|move|p2a: Alakazam|Psychic|p1a: Beedrill
|-crit|p1a: Beedrill
|-supereffective|p1a: Beedrill
|-damage|p1a: Beedrill|0 fnt
|faint|p1a: Beedrill
|choice|switch 2|
|
|switch|p1a: Fearow|Fearow, L90|300\/300
|turn|22
|choice|move 4|move 2
|
|move|p1a: Fearow|Drill Peck|p2a: Alakazam
|-damage|p2a: Alakazam|98\/249
|move|p2a: Alakazam|Thunder Wave|p1a: Fearow
|-status|p1a: Fearow|par
|
|turn|23
|choice|move 4|move 1
|
|move|p2a: Alakazam|Psychic|p1a: Fearow
|-damage|p1a: Fearow|183\/300 par
|move|p1a: Fearow|Drill Peck|p2a: Alakazam
|-crit|p2a: Alakazam
|-damage|p2a: Alakazam|0 fnt
|faint|p2a: Alakazam
|choice||switch 2
|
|switch|p2a: Zapdos|Zapdos, L79|170\/304 brn
|turn|24
|choice|switch 3|switch 5
|
|switch|p2a: Snorlax|Snorlax, L79|415\/415 slp
|switch|p1a: Dragonair|Dragonair, L85|56\/277 par
|
|turn|25
|choice|switch 4|move 1
|
|switch|p1a: Hitmonlee|Hitmonlee, L90|273\/273
|-curestatus|p2a: Snorlax|slp
|
|turn|26
|choice|move 1|switch 5
|
|switch|p2a: Zapdos|Zapdos, L79|170\/304 brn
|-damage|p2a: Zapdos|151\/304 brn|[from] brn
|move|p1a: Hitmonlee|Seismic Toss|p2a: Zapdos
|-damage|p2a: Zapdos|61\/304 brn
|
|turn|27
|choice|move 3|move 1
|
|move|p1a: Hitmonlee|Body Slam|p2a: Zapdos
|-crit|p2a: Zapdos
|-damage|p2a: Zapdos|0 fnt
|faint|p2a: Zapdos
|choice||switch 6
|
|switch|p2a: Mewtwo|Mewtwo, L70|293\/293
|turn|28
|choice|switch 4|move 1
|
|switch|p1a: Dragonair|Dragonair, L85|56\/277 par
|move|p2a: Mewtwo|Psychic|p1a: Dragonair
|-damage|p1a: Dragonair|0 fnt
|faint|p1a: Dragonair
|choice|switch 3|
|
|switch|p1a: Fearow|Fearow, L90|183\/300 par
|turn|29
|choice|move 2|move 3
|
|move|p2a: Mewtwo|Thunderbolt|p1a: Fearow
|-crit|p1a: Fearow
|-supereffective|p1a: Fearow
|-damage|p1a: Fearow|0 fnt
|faint|p1a: Fearow
|choice|switch 4|
|
|switch|p1a: Hitmonlee|Hitmonlee, L90|273\/273
|turn|30
|choice|move 3|move 1
|
|move|p2a: Mewtwo|Psychic|p1a: Hitmonlee
|-supereffective|p1a: Hitmonlee
|-damage|p1a: Hitmonlee|0 fnt
|faint|p1a: Hitmonlee
|choice|switch 6|
|
|switch|p1a: Kabutops|Kabutops, L85|276\/276
|turn|31
|choice|move 2|move 3
|
|move|p2a: Mewtwo|Thunderbolt|p1a: Kabutops
|-supereffective|p1a: Kabutops
|-damage|p1a: Kabutops|136\/276
|move|p1a: Kabutops|Body Slam|p2a: Mewtwo
|-damage|p2a: Mewtwo|216\/293
|-status|p2a: Mewtwo|par
|
|turn|32
|choice|move 4|move 3
|
|move|p1a: Kabutops|Swords Dance|p1a: Kabutops
|-boost|p1a: Kabutops|atk|2
|cant|p2a: Mewtwo|par
|
|turn|33
|c|★bpizzizzle|oh shit
|choice|move 1|move 3
|
|move|p1a: Kabutops|Hyper Beam|p2a: Mewtwo
|-damage|p2a: Mewtwo|0 fnt
|faint|p2a: Mewtwo
|choice||switch 5
|
|switch|p2a: Snorlax|Snorlax, L79|415\/415
|turn|34
|choice|move 2|move 3
|
|move|p1a: Kabutops|Body Slam|p2a: Snorlax
|-damage|p2a: Snorlax|231\/415
|move|p2a: Snorlax|Surf|p1a: Kabutops
|-damage|p1a: Kabutops|86\/276
|
|turn|35
|choice|move 1|move 3
|
|move|p1a: Kabutops|Hyper Beam|p2a: Snorlax
|-damage|p2a: Snorlax|0 fnt
|faint|p2a: Snorlax
|
|win|vsterel
|raw|vsterel's rating: 1257 &rarr; <strong>1283<\/strong><br \/>(+26 for winning)
|raw|bpizzizzle's rating: 1272 &rarr; <strong>1246<\/strong><br \/>(-26 for losing)
|leave|bpizzizzle
|player|p2
|c|★vsterel|damn that was lucky