|j|soccertroll
|j|Theguy1800
|player|p1|soccertroll|101
|player|p2|Theguy1800|266
|gametype|singles
|gen|1
|tier|[Gen 1] Random Battle
|rated
|seed|
|rule|Sleep Clause Mod: Limit one foe put to sleep
|rule|Freeze Clause Mod: Limit one foe frozen
|rule|HP Percentage Mod: HP is shown in percentages
|
|start
|switch|p1a: Bellsprout|Bellsprout, L96|100\/100
|switch|p2a: Machop|Machop, L96|100\/100
|turn|1
|choice||
|
|switch|p1a: Aerodactyl|Aerodactyl, L90|100\/100
|move|p2a: Machop|Body Slam|p1a: Aerodactyl
|-resisted|p1a: Aerodactyl
|-damage|p1a: Aerodactyl|90\/100
|
|turn|2
|choice||
|
|move|p1a: Aerodactyl|Sky Attack|p2a: Machop|[still]
|-prepare|p1a: Aerodactyl|Sky Attack|p2a: Machop
|move|p2a: Machop|Rock Slide|p1a: Aerodactyl
|-supereffective|p1a: Aerodactyl
|-damage|p1a: Aerodactyl|45\/100
|
|turn|3
|choice||
|
|switch|p2a: Sandslash|Sandslash, L85|100\/100
|move|p1a: Aerodactyl|Sky Attack|p2a: Sandslash|[from]Sky Attack
|-damage|p2a: Sandslash|46\/100
|
|turn|4
|choice||
|
|move|p1a: Aerodactyl|Hyper Beam|p2a: Sandslash
|-damage|p2a: Sandslash|12\/100
|move|p2a: Sandslash|Rock Slide|p1a: Aerodactyl
|-crit|p1a: Aerodactyl
|-supereffective|p1a: Aerodactyl
|-damage|p1a: Aerodactyl|0 fnt
|faint|p1a: Aerodactyl
|choice||
|
|switch|p1a: Bellsprout|Bellsprout, L96|100\/100
|turn|5
|choice||
|
|move|p2a: Sandslash|Earthquake|p1a: Bellsprout
|-crit|p1a: Bellsprout
|-damage|p1a: Bellsprout|0 fnt
|faint|p1a: Bellsprout
|choice||
|
|switch|p1a: Starmie|Starmie, L79|100\/100
|turn|6
|choice||
|
|move|p1a: Starmie|Blizzard|p2a: Sandslash
|-supereffective|p2a: Sandslash
|-damage|p2a: Sandslash|0 fnt
|faint|p2a: Sandslash
|choice||
|
|switch|p2a: Chansey|Chansey, L79|100\/100
|turn|7
|choice||
|
|move|p1a: Starmie|Blizzard|p2a: Chansey
|-damage|p2a: Chansey|88\/100
|-status|p2a: Chansey|frz
|cant|p2a: Chansey|frz
|
|turn|8
|choice||
|
|move|p1a: Starmie|Surf|p2a: Chansey
|-crit|p2a: Chansey
|-damage|p2a: Chansey|57\/100 frz
|cant|p2a: Chansey|frz
|
|turn|9
|choice||
|
|move|p1a: Starmie|Surf|p2a: Chansey
|-damage|p2a: Chansey|43\/100 frz
|cant|p2a: Chansey|frz
|
|turn|10
|choice||
|
|move|p1a: Starmie|Surf|p2a: Chansey
|-damage|p2a: Chansey|27\/100 frz
|cant|p2a: Chansey|frz
|
|turn|11
|choice||
|
|move|p1a: Starmie|Surf|p2a: Chansey
|-damage|p2a: Chansey|11\/100 frz
|cant|p2a: Chansey|frz
|
|turn|12
|choice||
|
|move|p1a: Starmie|Surf|p2a: Chansey
|-damage|p2a: Chansey|0 fnt
|faint|p2a: Chansey
|choice||
|
|switch|p2a: Gyarados|Gyarados, L85|100\/100
|turn|13
|choice||
|
|move|p1a: Starmie|Thunder Wave|p2a: Gyarados
|-status|p2a: Gyarados|par
|cant|p2a: Gyarados|par
|
|turn|14
|choice||
|
|switch|p1a: Magneton|Magneton, L90|100\/100
|move|p2a: Gyarados|Thunderbolt|p1a: Magneton
|-resisted|p1a: Magneton
|-damage|p1a: Magneton|91\/100
|
|turn|15
|choice||
|
|switch|p2a: Machop|Machop, L96|100\/100
|move|p1a: Magneton|Thunderbolt|p2a: Machop
|-damage|p2a: Machop|42\/100
|-status|p2a: Machop|par
|
|turn|16
|choice||
|
|move|p1a: Magneton|Thunderbolt|p2a: Machop
|-damage|p2a: Machop|0 fnt
|faint|p2a: Machop
|choice||
|
|switch|p2a: Porygon|Porygon, L85|100\/100
|turn|17
|choice||
|
|move|p1a: Magneton|Thunder Wave|p2a: Porygon
|-status|p2a: Porygon|par
|cant|p2a: Porygon|par
|
|turn|18
|choice||
|
|move|p1a: Magneton|Thunderbolt|p2a: Porygon
|-damage|p2a: Porygon|52\/100 par
|move|p2a: Porygon|Double-Edge|p1a: Magneton
|-damage|p1a: Magneton|63\/100
|-damage|p2a: Porygon|45\/100 par|[from] recoil|[of] p1a: Magneton
|
|turn|19
|choice||
|
|move|p1a: Magneton|Thunderbolt|p2a: Porygon
|-damage|p2a: Porygon|0 fnt
|faint|p2a: Porygon
|choice||
|
|switch|p2a: Charizard|Charizard, L85|100\/100
|turn|20
|choice||
|
|move|p2a: Charizard|Earthquake|p1a: Magneton
|-supereffective|p1a: Magneton
|-damage|p1a: Magneton|22\/100
|move|p1a: Magneton|Thunderbolt|p2a: Charizard
|-supereffective|p2a: Charizard
|-damage|p2a: Charizard|9\/100
|-status|p2a: Charizard|par
|
|turn|21
|choice||
|
|move|p1a: Magneton|Thunderbolt|p2a: Charizard
|-supereffective|p2a: Charizard
|-damage|p2a: Charizard|0 fnt
|faint|p2a: Charizard
|choice||
|
|switch|p2a: Gyarados|Gyarados, L85|100\/100 par
|turn|22
|choice||
|
|move|p1a: Magneton|Thunderbolt|p2a: Gyarados
|-supereffective|p2a: Gyarados
|-damage|p2a: Gyarados|0 fnt
|faint|p2a: Gyarados
|
|win|soccertroll
|player|p1
|player|p2
|l|Theguy1800
|raw|soccertroll's rating: 1180 &rarr; <strong>1213<\/strong><br \/>(+33 for winning)
|raw|Theguy1800's rating: 1291 &rarr; <strong>1259<\/strong><br \/>(-32 for losing)