|join|The Underwhelmer
|join|watwatbutts
|player|p1|The Underwhelmer|200
|player|p2|watwatbutts|43
|gametype|singles
|gen|1
|tier|[Gen 1] Random Battle
|rated
|seed|46900,1722,62035,54147
|rule|Sleep Clause Mod: Limit one foe put to sleep
|rule|Freeze Clause Mod: Limit one foe frozen
|rule|HP Percentage Mod: HP is shown in percentages
|
|start
|switch|p1a: Shellder|Shellder, L96|252\/252
|switch|p2a: Ekans|Ekans, L96|262\/262
|turn|1
|choice|move 3|move 2
|
|move|p2a: Ekans|Glare|p1a: Shellder
|-status|p1a: Shellder|par
|move|p1a: Shellder|Surf|p2a: Ekans
|-damage|p2a: Ekans|150\/262
|
|turn|2
|choice|move 3|move 1
|
|move|p2a: Ekans|Body Slam|p1a: Shellder
|-damage|p1a: Shellder|202\/252 par
|move|p1a: Shellder|Surf|p2a: Ekans
|-damage|p2a: Ekans|29\/262
|
|turn|3
|choice|move 3|move 4
|
|move|p2a: Ekans|Rock Slide|p1a: Shellder
|-damage|p1a: Shellder|158\/252 par
|move|p1a: Shellder|Surf|p2a: Ekans
|-damage|p2a: Ekans|0 fnt
|faint|p2a: Ekans
|choice||switch 6
|
|switch|p2a: Primeape|Primeape, L90|300\/300
|turn|4
|choice|move 4|move 2
|
|move|p2a: Primeape|Submission|p1a: Shellder
|-damage|p1a: Shellder|70\/252 par
|-damage|p2a: Primeape|278\/300|[from] recoil|[of] p1a: Shellder
|move|p1a: Shellder|Explosion|p2a: Primeape
|-damage|p2a: Primeape|0 fnt
|faint|p2a: Primeape
|faint|p1a: Shellder
|choice|switch 2|switch 3
|
|switch|p1a: Magneton|Magneton, L90|273\/273
|switch|p2a: Sandslash|Sandslash, L85|301\/301
|turn|5
|choice|switch 3|move 1
|
|switch|p1a: Parasect|Parasect, L90|291\/291
|move|p2a: Sandslash|Earthquake|p1a: Parasect
|-resisted|p1a: Parasect
|-damage|p1a: Parasect|262\/291
|
|turn|6
|choice|move 2|switch 2
|
|switch|p2a: Charmander|Charmander, L96|270\/270
|move|p1a: Parasect|Spore|p2a: Charmander
|-status|p2a: Charmander|slp
|
|turn|7
|choice|move 3|switch 5
|
|switch|p2a: Mewtwo|Mewtwo, L70|293\/293
|move|p1a: Parasect|Swords Dance|p1a: Parasect
|-boost|p1a: Parasect|atk|2
|
|turn|8
|choice|move 1|move 2
|
|move|p2a: Mewtwo|Blizzard|p1a: Parasect
|-supereffective|p1a: Parasect
|-damage|p1a: Parasect|87\/291
|move|p1a: Parasect|Body Slam|p2a: Mewtwo
|-damage|p2a: Mewtwo|144\/293
|
|turn|9
|choice|move 4|move 2
|
|move|p2a: Mewtwo|Blizzard|p1a: Parasect
|-supereffective|p1a: Parasect
|-damage|p1a: Parasect|0 fnt
|faint|p1a: Parasect
|choice|switch 5|
|
|switch|p1a: Tauros|Tauros, L79|280\/280
|turn|10
|choice|move 2|move 1
|
|move|p2a: Mewtwo|Psychic|p1a: Tauros
|-damage|p1a: Tauros|157\/280
|-unboost|p1a: Tauros|spd|1
|-unboost|p1a: Tauros|spa|1
|move|p1a: Tauros|Body Slam|p2a: Mewtwo
|-damage|p2a: Mewtwo|43\/293
|-status|p2a: Mewtwo|par
|
|turn|11
|choice|move 2|move 1
|
|move|p1a: Tauros|Body Slam|p2a: Mewtwo
|-damage|p2a: Mewtwo|0 fnt
|faint|p2a: Mewtwo
|choice||switch 2
|
|switch|p2a: Sandslash|Sandslash, L85|301\/301
|turn|12
|choice|move 3|move 1
|
|move|p1a: Tauros|Blizzard|p2a: Sandslash
|-crit|p2a: Sandslash
|-supereffective|p2a: Sandslash
|-damage|p2a: Sandslash|0 fnt
|faint|p2a: Sandslash
|choice||switch 4
|
|switch|p2a: Vaporeon|Vaporeon, L85|395\/395
|turn|13
|choice|move 2|move 2
|
|move|p1a: Tauros|Body Slam|p2a: Vaporeon
|-crit|p2a: Vaporeon
|-damage|p2a: Vaporeon|214\/395
|move|p2a: Vaporeon|Surf|p1a: Tauros
|-damage|p1a: Tauros|0 fnt
|faint|p1a: Tauros
|choice|switch 3|
|
|switch|p1a: Magneton|Magneton, L90|273\/273
|turn|14
|choice|move 1|move 2
|
|move|p1a: Magneton|Thunderbolt|p2a: Vaporeon
|-supereffective|p2a: Vaporeon
|-damage|p2a: Vaporeon|0 fnt
|faint|p2a: Vaporeon
|choice||switch 5
|
|switch|p2a: Charmander|Charmander, L96|270\/270 slp
|turn|15
|choice|move 1|move 4
|
|cant|p2a: Charmander|slp
|move|p1a: Magneton|Thunderbolt|p2a: Charmander
|-damage|p2a: Charmander|106\/270 slp
|
|turn|16
|choice|move 1|move 4
|
|cant|p2a: Charmander|slp
|move|p1a: Magneton|Thunderbolt|p2a: Charmander
|-damage|p2a: Charmander|0 fnt
|faint|p2a: Charmander
|
|win|The Underwhelmer
|raw|The Underwhelmer's rating: 1295 &rarr; <strong>1308<\/strong><br \/>(+13 for winning)
|raw|watwatbutts's rating: 1121 &rarr; <strong>1108<\/strong><br \/>(-13 for losing)