|join|riwu
|join|hlavajda
|player|p1|riwu|2
|player|p2|hlavajda|27
|gametype|singles
|gen|1
|tier|[Gen 1] Random Battle
|rated
|seed|445,33136,16026,9672
|rule|Sleep Clause Mod: Limit one foe put to sleep
|rule|Freeze Clause Mod: Limit one foe frozen
|rule|HP Percentage Mod: HP is shown in percentages
|
|start
|switch|p1a: Charizard|Charizard, L85|306\/306
|switch|p2a: Pidgey|Pidgey, L96|272\/272
|turn|1
|choice|move 3|move 1
|
|move|p1a: Charizard|Fire Blast|p2a: Pidgey
|-damage|p2a: Pidgey|95\/272
|move|p2a: Pidgey|Double-Edge|p1a: Charizard
|-damage|p1a: Charizard|206\/306
|-damage|p2a: Pidgey|70\/272|[from] recoil|[of] p1a: Charizard
|
|turn|2
|choice|move 2|move 1
|
|move|p1a: Charizard|Body Slam|p2a: Pidgey
|-crit|p2a: Pidgey
|-damage|p2a: Pidgey|0 fnt
|faint|p2a: Pidgey
|choice||switch 5
|
|switch|p2a: Magneton|Magneton, L90|273\/273
|turn|3
|choice|switch 3|move 4
|
|switch|p1a: Snorlax|Snorlax, L79|415\/415
|move|p2a: Magneton|Thunder Wave|p1a: Snorlax
|-status|p1a: Snorlax|par
|
|turn|4
|choice|move 1|move 1
|
|move|p2a: Magneton|Thunderbolt|p1a: Snorlax
|-damage|p1a: Snorlax|239\/415 par
|move|p1a: Snorlax|Amnesia|p1a: Snorlax
|-boost|p1a: Snorlax|spd|2
|-boost|p1a: Snorlax|spa|2
|
|turn|5
|choice|move 1|move 1
|
|move|p2a: Magneton|Thunderbolt|p1a: Snorlax
|-damage|p1a: Snorlax|148\/415 par
|move|p1a: Snorlax|Amnesia|p1a: Snorlax
|-boost|p1a: Snorlax|spd|2
|-boost|p1a: Snorlax|spa|2
|
|turn|6
|choice|move 2|move 1
|
|move|p2a: Magneton|Thunderbolt|p1a: Snorlax
|-crit|p1a: Snorlax
|-damage|p1a: Snorlax|0 fnt
|faint|p1a: Snorlax
|choice|switch 4|
|
|switch|p1a: Weepinbell|Weepinbell, L85|284\/284
|turn|7
|choice|move 2|move 4
|
|move|p2a: Magneton|Thunder Wave|p1a: Weepinbell
|-status|p1a: Weepinbell|par
|move|p1a: Weepinbell|Swords Dance|p1a: Weepinbell
|-boost|p1a: Weepinbell|atk|2
|
|turn|8
|choice|move 2|switch 3
|
|switch|p2a: Blastoise|Blastoise, L85|308\/308
|cant|p1a: Weepinbell|par
|
|turn|9
|choice|move 3|move 1
|
|move|p2a: Blastoise|Blizzard|p1a: Weepinbell
|-supereffective|p1a: Weepinbell
|-damage|p1a: Weepinbell|126\/284 par
|move|p1a: Weepinbell|Sleep Powder|p2a: Blastoise
|-status|p2a: Blastoise|slp
|
|turn|10
|choice|move 4|move 1
|
|cant|p2a: Blastoise|slp
|cant|p1a: Weepinbell|par
|
|turn|11
|choice|move 1|move 1
|
|cant|p2a: Blastoise|slp
|move|p1a: Weepinbell|Razor Leaf|p2a: Blastoise
|-supereffective|p2a: Blastoise
|-damage|p2a: Blastoise|191\/308 slp
|
|turn|12
|choice|move 1|move 1
|
|cant|p2a: Blastoise|slp
|move|p1a: Weepinbell|Razor Leaf|p2a: Blastoise
|-supereffective|p2a: Blastoise
|-damage|p2a: Blastoise|82\/308 slp
|
|turn|13
|choice|move 4|move 1
|
|cant|p2a: Blastoise|slp
|move|p1a: Weepinbell|Body Slam|p2a: Blastoise
|-damage|p2a: Blastoise|0 fnt
|faint|p2a: Blastoise
|choice||switch 2
|
|switch|p2a: Sandslash|Sandslash, L85|301\/301
|turn|14
|choice|switch 3|move 4
|
|switch|p1a: Charizard|Charizard, L85|206\/306
|move|p2a: Sandslash|Swords Dance|p2a: Sandslash
|-boost|p2a: Sandslash|atk|2
|
|turn|15
|choice|switch 2|move 3
|
|switch|p1a: Kingler|Kingler, L85|267\/267
|move|p2a: Sandslash|Hyper Beam|p1a: Kingler
|-damage|p1a: Kingler|97\/267
|
|turn|16
|-mustrecharge|p2a: Sandslash
|-mustrecharge|p2a: Sandslash
|choice|move 1|move 1
|
|move|p1a: Kingler|Crabhammer|p2a: Sandslash
|-crit|p2a: Sandslash
|-supereffective|p2a: Sandslash
|-damage|p2a: Sandslash|0 fnt
|faint|p2a: Sandslash
|choice||switch 3
|
|switch|p2a: Magneton|Magneton, L90|273\/273
|turn|17
|choice|switch 6|move 1
|
|switch|p1a: Lickitung|Lickitung, L90|345\/345
|move|p2a: Magneton|Thunderbolt|p1a: Lickitung
|-damage|p1a: Lickitung|194\/345
|-status|p1a: Lickitung|par
|
|turn|18
|choice|move 2|move 1
|
|move|p2a: Magneton|Thunderbolt|p1a: Lickitung
|-damage|p1a: Lickitung|39\/345 par
|move|p1a: Lickitung|Earthquake|p2a: Magneton
|-supereffective|p2a: Magneton
|-damage|p2a: Magneton|174\/273
|
|turn|19
|choice|move 2|move 1
|
|move|p2a: Magneton|Thunderbolt|p1a: Lickitung
|-damage|p1a: Lickitung|0 fnt
|faint|p1a: Lickitung
|choice|switch 5|
|
|switch|p1a: Jynx|Jynx, L79|265\/265
|turn|20
|choice|move 2|move 4
|
|move|p1a: Jynx|Lovely Kiss|p2a: Magneton
|-status|p2a: Magneton|slp
|cant|p2a: Magneton|slp
|
|turn|21
|choice|move 3|switch 6
|
|switch|p2a: Metapod|Metapod, L99|300\/300
|move|p1a: Jynx|Blizzard|p2a: Metapod
|-damage|p2a: Metapod|139\/300
|
|turn|22
|choice|move 3|move 1
|
|move|p1a: Jynx|Blizzard|p2a: Metapod
|-damage|p2a: Metapod|0 fnt
|faint|p2a: Metapod
|choice||switch 4
|
|switch|p2a: Mew|Mew, L74|300\/300
|turn|23
|choice|move 3|move 3
|
|move|p1a: Jynx|Blizzard|p2a: Mew
|-damage|p2a: Mew|185\/300
|move|p2a: Mew|Thunder Wave|p1a: Jynx
|-status|p1a: Jynx|par
|
|turn|24
|choice|move 3|switch 6
|
|switch|p2a: Magneton|Magneton, L90|174\/273 slp
|move|p1a: Jynx|Blizzard|p2a: Magneton
|-crit|p2a: Magneton
|-damage|p2a: Magneton|0 fnt
|faint|p2a: Magneton
|choice||switch 6
|
|switch|p2a: Mew|Mew, L74|185\/300
|turn|25
|choice|move 3|move 1
|
|move|p2a: Mew|Horn Drill|p1a: Jynx
|-damage|p1a: Jynx|0 fnt
|-ohko
|faint|p1a: Jynx
|choice|switch 2|
|
|switch|p1a: Charizard|Charizard, L85|206\/306
|turn|26
|choice|move 3|move 1
|
|move|p1a: Charizard|Fire Blast|p2a: Mew
|-damage|p2a: Mew|55\/300
|move|p2a: Mew|Horn Drill|p1a: Charizard
|-immune|p1a: Charizard|[ohko]
|
|turn|27
|choice|move 2|move 1
|
|move|p1a: Charizard|Body Slam|p2a: Mew
|-damage|p2a: Mew|0 fnt
|faint|p2a: Mew
|
|win|riwu