|j|TheEchoPhoenix
|j|supertomtom
|player|p1|TheEchoPhoenix|99
|player|p2|supertomtom|7
|gametype|singles
|gen|1
|tier|[Gen 1] OU
|rated
|seed|44632,12364,47263,56219
|rule|Sleep Clause Mod: Limit one foe put to sleep
|rule|Freeze Clause Mod: Limit one foe frozen
|rule|Species Clause: Limit one of each Pokémon
|rule|OHKO Clause: OHKO moves are banned
|rule|Evasion Moves Clause: Evasion moves are banned
|rule|HP Percentage Mod: HP is shown in percentages
|
|start
|switch|p1a: Starmie|Starmie|323\/323
|switch|p2a: Volta couille|Jolteon|333\/333
|turn|1
|choice|switch 3|move 2
|
|switch|p1a: Golem|Golem|363\/363
|move|p2a: Volta couille|Double Kick|p1a: Golem
|-crit|p1a: Golem
|-supereffective|p1a: Golem
|-damage|p1a: Golem|299\/363
|-damage|p1a: Golem|235\/363
|-hitcount|p1a: Golem|2
|
|turn|2
|choice|move 2|switch 6
|
|switch|p2a: Crustabite|Cloyster|303\/303
|move|p1a: Golem|Earthquake|p2a: Crustabite
|-damage|p2a: Crustabite|225\/303
|
|turn|3
|choice|switch 6|move 2
|
|switch|p1a: Lapras|Lapras|463\/463
|move|p2a: Crustabite|Blizzard|p1a: Lapras
|-resisted|p1a: Lapras
|-damage|p1a: Lapras|430\/463
|
|turn|4
|choice|move 4|switch 4
|
|switch|p2a: Floridare|Venusaur|363\/363
|move|p1a: Lapras|Thunderbolt|p2a: Floridare
|-resisted|p2a: Floridare
|-damage|p2a: Floridare|330\/363
|
|turn|5
|choice|move 1|move 2
|
|move|p2a: Floridare|Sleep Powder|p1a: Lapras
|-status|p1a: Lapras|slp
|cant|p1a: Lapras|slp
|
|turn|6
|choice|move 1|move 3
|
|move|p2a: Floridare|Swords Dance|p2a: Floridare
|-boost|p2a: Floridare|atk|2
|cant|p1a: Lapras|slp
|
|turn|7
|choice|move 1|move 1
|
|move|p2a: Floridare|Razor Leaf|p1a: Lapras
|-crit|p1a: Lapras
|-supereffective|p1a: Lapras
|-damage|p1a: Lapras|165\/463 slp
|cant|p1a: Lapras|slp
|
|turn|8
|choice|move 1|move 1
|
|move|p2a: Floridare|Razor Leaf|p1a: Lapras
|-crit|p1a: Lapras
|-supereffective|p1a: Lapras
|-damage|p1a: Lapras|0 fnt
|faint|p1a: Lapras
|choice|switch 4|
|
|switch|p1a: Exeggutor|Exeggutor|393\/393
|turn|9
|choice|move 3|move 4
|
|move|p2a: Floridare|Body Slam|p1a: Exeggutor
|-damage|p1a: Exeggutor|273\/393
|move|p1a: Exeggutor|Psychic|p2a: Floridare
|-supereffective|p2a: Floridare
|-damage|p2a: Floridare|98\/363
|
|turn|10
|choice|move 3|switch 2
|
|switch|p2a: Posey|Chansey|703\/703
|move|p1a: Exeggutor|Psychic|p2a: Posey
|-damage|p2a: Posey|592\/703
|
|turn|11
|choice|move 4|move 4
|
|move|p1a: Exeggutor|Sleep Powder|p2a: Posey
|-status|p2a: Posey|slp
|cant|p2a: Posey|slp
|
|turn|12
|choice|switch 6|move 4
|
|switch|p1a: Golem|Golem|235\/363
|cant|p2a: Posey|slp
|
|turn|13
|choice|move 4|move 3
|
|cant|p2a: Posey|slp
|move|p1a: Golem|Substitute|p1a: Golem
|-start|p1a: Golem|Substitute
|-damage|p1a: Golem|145\/363
|
|turn|14
|choice|move 2|switch 4
|
|switch|p2a: Crustabite|Cloyster|225\/303
|move|p1a: Golem|Earthquake|p2a: Crustabite
|-damage|p2a: Crustabite|145\/303
|
|turn|15
|choice|move 1|move 2
|
|move|p2a: Crustabite|Blizzard|p1a: Golem
|-supereffective|p1a: Golem
|-end|p1a: Golem|Substitute
|move|p1a: Golem|Body Slam|p2a: Crustabite
|-damage|p2a: Crustabite|96\/303
|-status|p2a: Crustabite|par
|
|turn|16
|choice|move 3|move 2
|
|move|p1a: Golem|Explosion|p2a: Crustabite
|-damage|p2a: Crustabite|0 fnt
|faint|p2a: Crustabite
|faint|p1a: Golem
|choice|switch 5|switch 4
|
|switch|p1a: Tauros|Tauros|353\/353
|switch|p2a: Posey|Chansey|592\/703 slp
|turn|17
|choice|move 4|move 1
|
|move|p1a: Tauros|Hyper Beam|p2a: Posey
|-damage|p2a: Posey|99\/703 slp
|-curestatus|p2a: Posey|slp
|
|turn|18
|-mustrecharge|p1a: Tauros
|-mustrecharge|p1a: Tauros
|choice|move 1|move 1
|
|cant|p1a: Tauros|recharge
|move|p2a: Posey|Thunder Wave|p1a: Tauros
|-status|p1a: Tauros|par
|
|turn|19
|choice|move 3|move 2
|
|move|p2a: Posey|Soft-Boiled|p2a: Posey
|-heal|p2a: Posey|450\/703
|move|p1a: Tauros|Earthquake|p2a: Posey
|-damage|p2a: Posey|227\/703
|
|turn|20
|choice|move 2|move 3
|
|move|p2a: Posey|Blizzard|p1a: Tauros
|-crit|p1a: Tauros
|-damage|p1a: Tauros|111\/353 par
|cant|p1a: Tauros|par
|
|turn|21
|choice|move 2|move 3
|
|move|p2a: Posey|Blizzard|p1a: Tauros
|-damage|p1a: Tauros|0 fnt
|faint|p1a: Tauros
|choice|switch 6|
|
|switch|p1a: Exeggutor|Exeggutor|273\/393
|turn|22
|choice|move 4|move 3
|
|move|p1a: Exeggutor|Sleep Powder|p2a: Posey
|-status|p2a: Posey|slp
|-curestatus|p2a: Posey|slp
|
|turn|23
|choice|move 4|move 4
|
|move|p1a: Exeggutor|Sleep Powder|p2a: Posey
|-status|p2a: Posey|slp
|cant|p2a: Posey|slp
|
|turn|24
|choice|move 1|switch 6
|
|switch|p2a: Volta couille|Jolteon|333\/333
|move|p1a: Exeggutor|Egg Bomb|p2a: Volta couille
|-damage|p2a: Volta couille|232\/333
|
|turn|25
|choice|move 4|move 4
|
|move|p2a: Volta couille|Thunder Wave|p1a: Exeggutor
|-status|p1a: Exeggutor|par
|move|p1a: Exeggutor|Sleep Powder|p2a: Volta couille
|-message|Sleep Clause Mod activated.
|
|turn|26
|choice|move 3|move 3
|
|move|p2a: Volta couille|Pin Missile|p1a: Exeggutor
|-supereffective|p1a: Exeggutor
|-damage|p1a: Exeggutor|232\/393 par
|-damage|p1a: Exeggutor|191\/393 par
|-hitcount|p1a: Exeggutor|2
|move|p1a: Exeggutor|Psychic|p2a: Volta couille
|-crit|p2a: Volta couille
|-damage|p2a: Volta couille|7\/333
|
|turn|27
|choice|move 3|move 3
|
|move|p2a: Volta couille|Pin Missile|p1a: Exeggutor|[miss]
|-miss|p2a: Volta couille
|cant|p1a: Exeggutor|par
|
|turn|28
|choice|move 3|move 3
|
|move|p2a: Volta couille|Pin Missile|p1a: Exeggutor
|-supereffective|p1a: Exeggutor
|-damage|p1a: Exeggutor|148\/393 par
|-damage|p1a: Exeggutor|105\/393 par
|-damage|p1a: Exeggutor|62\/393 par
|-hitcount|p1a: Exeggutor|3
|move|p1a: Exeggutor|Psychic|p2a: Volta couille
|-damage|p2a: Volta couille|0 fnt
|faint|p2a: Volta couille
|choice||switch 5
|
|switch|p2a: Gros sex|Snorlax|523\/523
|turn|29
|choice|move 2|move 2
|
|move|p2a: Gros sex|Body Slam|p1a: Exeggutor
|-damage|p1a: Exeggutor|0 fnt
|faint|p1a: Exeggutor
|choice|switch 2|
|
|switch|p1a: Chansey|Chansey|703\/703
|turn|30
|choice|move 1|move 2
|
|move|p2a: Gros sex|Body Slam|p1a: Chansey
|-damage|p1a: Chansey|433\/703
|move|p1a: Chansey|Counter|p2a: Gros sex
|-damage|p2a: Gros sex|0 fnt
|faint|p2a: Gros sex
|choice||switch 2
|
|switch|p2a: Floridare|Venusaur|98\/363
|turn|31
|choice|move 2|move 2
|
|move|p2a: Floridare|Sleep Powder|p1a: Chansey
|-status|p1a: Chansey|slp
|-curestatus|p1a: Chansey|slp
|
|turn|32
|choice|move 2|move 2
|
|move|p2a: Floridare|Sleep Powder|p1a: Chansey
|-status|p1a: Chansey|slp
|cant|p1a: Chansey|slp
|
|turn|33
|choice|move 2|move 3
|
|move|p2a: Floridare|Swords Dance|p2a: Floridare
|-boost|p2a: Floridare|atk|2
|cant|p1a: Chansey|slp
|
|turn|34
|choice|move 2|move 4
|
|move|p2a: Floridare|Body Slam|p1a: Chansey
|-damage|p1a: Chansey|129\/703 slp
|cant|p1a: Chansey|slp
|
|turn|35
|choice|move 2|move 4
|
|move|p2a: Floridare|Body Slam|p1a: Chansey
|-damage|p1a: Chansey|0 fnt
|faint|p1a: Chansey
|choice|switch 3|
|
|switch|p1a: Starmie|Starmie|323\/323
|turn|36
|choice|move 2|move 1
|
|move|p1a: Starmie|Psychic|p2a: Floridare
|-crit|p2a: Floridare
|-supereffective|p2a: Floridare
|-damage|p2a: Floridare|0 fnt
|faint|p2a: Floridare
|choice||switch 3
|
|switch|p2a: Ectoplastique|Gengar|323\/323
|turn|37
|choice|move 2|move 1
|
|move|p1a: Starmie|Psychic|p2a: Ectoplastique
|-supereffective|p2a: Ectoplastique
|-damage|p2a: Ectoplastique|150\/323
|move|p2a: Ectoplastique|Hypnosis|p1a: Starmie|[miss]
|-miss|p2a: Ectoplastique
|
|turn|38
|choice|move 2|switch 6
|
|switch|p2a: Posey|Chansey|227\/703 slp
|move|p1a: Starmie|Psychic|p2a: Posey
|-damage|p2a: Posey|123\/703 slp
|
|turn|39
|choice|move 1|move 2
|
|move|p1a: Starmie|Blizzard|p2a: Posey
|-damage|p2a: Posey|27\/703 slp
|cant|p2a: Posey|slp
|
|turn|40
|choice|move 2|move 2
|
|move|p1a: Starmie|Psychic|p2a: Posey
|-damage|p2a: Posey|0 fnt
|faint|p2a: Posey
|choice||switch 6
|
|switch|p2a: Ectoplastique|Gengar|150\/323
|turn|41
|choice|move 2|move 1
|
|move|p1a: Starmie|Psychic|p2a: Ectoplastique
|-supereffective|p2a: Ectoplastique
|-damage|p2a: Ectoplastique|0 fnt
|faint|p2a: Ectoplastique
|
|win|TheEchoPhoenix
|raw|TheEchoPhoenix's rating: 1000 &rarr; <strong>1044<\/strong><br \/>(+44 for winning)
|raw|supertomtom's rating: 1037 &rarr; <strong>1020<\/strong><br \/>(-17 for losing)
|c|★TheEchoPhoenix|gg
|l|supertomtom
|player|p2