|join|riwu
|join|andrewandres
|player|p1|riwu|102
|player|p2|andrewandres|1
|gametype|singles
|gen|1
|tier|[Gen 1] Random Battle
|rated
|seed|22021,23127,45836,20482
|rule|Sleep Clause Mod: Limit one foe put to sleep
|rule|Freeze Clause Mod: Limit one foe frozen
|rule|HP Percentage Mod: HP is shown in percentages
|
|start
|switch|p1a: Electabuzz|Electabuzz, L85|284\/284
|switch|p2a: Magnemite|Magnemite, L96|243\/243
|turn|1
|choice|switch 4|move 2
|
|switch|p1a: Golem|Golem, L79|288\/288
|move|p2a: Magnemite|Thunder Wave|p1a: Golem
|-immune|p1a: Golem|[msg]
|
|turn|2
|choice|move 2|switch 2
|
|switch|p2a: Oddish|Oddish, L96|281\/281
|move|p1a: Golem|Rock Slide|p2a: Oddish
|-damage|p2a: Oddish|190\/281
|
|turn|3
|choice|switch 2|move 3
|
|switch|p1a: Ditto|Ditto, L99|296\/296
|move|p2a: Oddish|Sleep Powder|p1a: Ditto
|-status|p1a: Ditto|slp
|
|turn|4
|choice|switch 3|switch 3
|
|switch|p1a: Slowbro|Slowbro, L79|312\/312
|switch|p2a: Rhydon|Rhydon, L79|328\/328
|
|turn|5
|choice|move 4|move 1
|
|move|p2a: Rhydon|Earthquake|p1a: Slowbro
|-damage|p1a: Slowbro|200\/312
|move|p1a: Slowbro|Thunder Wave|p2a: Rhydon
|-immune|p2a: Rhydon|[msg]
|
|turn|6
|choice|move 1|move 1
|
|move|p2a: Rhydon|Earthquake|p1a: Slowbro
|-crit|p1a: Slowbro
|-damage|p1a: Slowbro|12\/312
|move|p1a: Slowbro|Surf|p2a: Rhydon
|-supereffective|p2a: Rhydon
|-damage|p2a: Rhydon|0 fnt
|faint|p2a: Rhydon
|choice||switch 3
|
|switch|p2a: Oddish|Oddish, L96|190\/281
|turn|7
|choice|switch 4|move 4
|
|switch|p1a: Electabuzz|Electabuzz, L85|284\/284
|move|p2a: Oddish|Double-Edge|p1a: Electabuzz
|-damage|p1a: Electabuzz|207\/284
|-damage|p2a: Oddish|171\/281|[from] recoil|[of] p1a: Electabuzz
|
|turn|8
|choice|move 3|move 4
|
|move|p1a: Electabuzz|Psychic|p2a: Oddish
|-crit|p2a: Oddish
|-supereffective|p2a: Oddish
|-damage|p2a: Oddish|0 fnt
|faint|p2a: Oddish
|choice||switch 2
|
|switch|p2a: Magnemite|Magnemite, L96|243\/243
|turn|9
|choice|switch 2|switch 4
|
|switch|p1a: Golem|Golem, L79|288\/288
|switch|p2a: Poliwrath|Poliwrath, L85|327\/327
|
|turn|10
|choice|switch 2|move 4
|
|switch|p1a: Electabuzz|Electabuzz, L85|207\/284
|move|p2a: Poliwrath|Blizzard|p1a: Electabuzz
|-damage|p1a: Electabuzz|140\/284
|
|turn|11
|choice|move 4|switch 5
|
|switch|p2a: Metapod|Metapod, L99|300\/300
|move|p1a: Electabuzz|Thunderbolt|p2a: Metapod
|-crit|p2a: Metapod
|-damage|p2a: Metapod|15\/300
|
|turn|12
|choice|move 2|move 1
|
|move|p1a: Electabuzz|Seismic Toss|p2a: Metapod
|-damage|p2a: Metapod|0 fnt
|faint|p2a: Metapod
|choice||switch 4
|
|switch|p2a: Magnemite|Magnemite, L96|243\/243
|turn|13
|choice|switch 2|move 2
|
|switch|p1a: Golem|Golem, L79|288\/288
|move|p2a: Magnemite|Thunder Wave|p1a: Golem
|-immune|p1a: Golem|[msg]
|
|turn|14
|choice|move 4|switch 6
|
|switch|p2a: Seaking|Seaking, L90|327\/327
|move|p1a: Golem|Earthquake|p2a: Seaking
|-damage|p2a: Seaking|206\/327
|
|turn|15
|choice|switch 6|move 3
|
|switch|p1a: Seadra|Seadra, L90|282\/282
|move|p2a: Seaking|Double-Edge|p1a: Seadra
|-crit|p1a: Seadra
|-damage|p1a: Seadra|147\/282
|-damage|p2a: Seaking|173\/327|[from] recoil|[of] p1a: Seadra
|
|turn|16
|choice|move 2|move 3
|
|move|p1a: Seadra|Surf|p2a: Seaking
|-crit|p2a: Seaking
|-resisted|p2a: Seaking
|-damage|p2a: Seaking|58\/327
|move|p2a: Seaking|Double-Edge|p1a: Seadra
|-damage|p1a: Seadra|77\/282
|-damage|p2a: Seaking|41\/327|[from] recoil|[of] p1a: Seadra
|
|turn|17
|choice|move 2|move 2
|
|move|p1a: Seadra|Surf|p2a: Seaking
|-resisted|p2a: Seaking
|-damage|p2a: Seaking|0 fnt
|faint|p2a: Seaking
|choice||switch 6
|
|switch|p2a: Magnemite|Magnemite, L96|243\/243
|turn|18
|choice|move 2|switch 5
|
|switch|p2a: Poliwrath|Poliwrath, L85|327\/327
|move|p1a: Seadra|Surf|p2a: Poliwrath
|-crit|p2a: Poliwrath
|-resisted|p2a: Poliwrath
|-damage|p2a: Poliwrath|198\/327
|
|turn|19
|choice|move 2|move 1
|
|move|p1a: Seadra|Surf|p2a: Poliwrath
|-resisted|p2a: Poliwrath
|-damage|p2a: Poliwrath|135\/327
|move|p2a: Poliwrath|Amnesia|p2a: Poliwrath
|-boost|p2a: Poliwrath|spd|2
|-boost|p2a: Poliwrath|spa|2
|
|turn|20
|choice|move 2|move 4
|
|move|p1a: Seadra|Surf|p2a: Poliwrath
|-resisted|p2a: Poliwrath
|-damage|p2a: Poliwrath|101\/327
|move|p2a: Poliwrath|Blizzard|p1a: Seadra
|-resisted|p1a: Seadra
|-damage|p1a: Seadra|17\/282
|
|turn|21
|choice|move 2|move 4
|
|move|p1a: Seadra|Surf|p2a: Poliwrath
|-crit|p2a: Poliwrath
|-resisted|p2a: Poliwrath
|-damage|p2a: Poliwrath|0 fnt
|faint|p2a: Poliwrath
|c|★riwu|lol
|c|★andrewandres|always de luck my gd stupid lucker...
|c|★riwu|u cant even kill
|-message|andrewandres forfeited.
|
|win|riwu
|c|★riwu|one
|leave|andrewandres
|player|p2
|raw|riwu's rating: 1375 &rarr; <strong>1396<\/strong><br \/>(+21 for winning)
|raw|andrewandres's rating: 1394 &rarr; <strong>1373<\/strong><br \/>(-21 for losing)