|join|Steamy nicks
|join|Caesar Augustus
|player|p1|Steamy nicks|279
|player|p2|Caesar Augustus|253
|gametype|singles
|gen|1
|tier|[Gen 1] Random Battle
|rated
|rule|Sleep Clause Mod: Limit one foe put to sleep
|rule|Freeze Clause Mod: Limit one foe frozen
|rule|HP Percentage Mod: HP is shown in percentages
|
|start
|switch|p1a: Caterpie|Caterpie, L99|290\/290
|switch|p2a: Venomoth|Venomoth, L86|296\/296
|turn|1
|
|move|p2a: Venomoth|Stun Spore|p1a: Caterpie
|-status|p1a: Caterpie|par
|cant|p1a: Caterpie|par
|
|turn|2
|join|gen 1 is gay
|
|move|p2a: Venomoth|Psychic|p1a: Caterpie
|-damage|p1a: Caterpie|179\/290 par
|-unboost|p1a: Caterpie|spd|1
|-unboost|p1a: Caterpie|spa|1
|move|p1a: Caterpie|Tackle|p2a: Venomoth
|-damage|p2a: Venomoth|272\/296
|
|turn|3
|c| gen 1 is gay|yo yoooo
|
|move|p2a: Venomoth|Psychic|p1a: Caterpie
|-damage|p1a: Caterpie|17\/290 par
|move|p1a: Caterpie|String Shot|p2a: Venomoth
|-unboost|p2a: Venomoth|spe|1
|
|turn|4
|
|move|p2a: Venomoth|Psychic|p1a: Caterpie
|-damage|p1a: Caterpie|0 fnt
|faint|p1a: Caterpie
|c| gen 1 is gay|steamy dicks vs augustussss, let's see how this goes
|
|switch|p1a: Drowzee|Drowzee, L95|307\/307
|turn|5
|c| gen 1 is gay|hmm yes, caterpie and drowzee
|
|switch|p2a: Butterfree|Butterfree, L86|279\/279
|move|p1a: Drowzee|Hypnosis|p2a: Butterfree|[miss]
|-miss|p1a: Drowzee
|
|turn|6
|
|switch|p1a: Kakuna|Kakuna, L99|290\/290
|move|p2a: Butterfree|Sleep Powder|p1a: Kakuna
|-status|p1a: Kakuna|slp
|
|turn|7
|c| gen 1 is gay|lmao omg
|c| gen 1 is gay|and kakuna
|c|★Steamy nicks|yup
|
|switch|p1a: Drowzee|Drowzee, L95|307\/307
|move|p2a: Butterfree|Psychic|p1a: Drowzee
|-resisted|p1a: Drowzee
|-damage|p1a: Drowzee|283\/307
|
|turn|8
|c| gen 1 is gay|I had a game earlier where I got weedle kakuna and ditto
|
|move|p2a: Butterfree|Stun Spore|p1a: Drowzee|[miss]
|-miss|p2a: Butterfree
|move|p1a: Drowzee|Psychic|p2a: Butterfree
|-crit|p2a: Butterfree
|-damage|p2a: Butterfree|49\/279
|
|turn|9
|c| gen 1 is gay|and hitmonlee
|c| gen 1 is gay|and porygon lol
|
|move|p2a: Butterfree|Stun Spore|p1a: Drowzee
|-status|p1a: Drowzee|par
|cant|p1a: Drowzee|par
|
|turn|10
|c|★Steamy nicks|that sucks
|
|move|p2a: Butterfree|Mega Drain|p1a: Drowzee
|-damage|p1a: Drowzee|258\/307 par
|-heal|p2a: Butterfree|61\/279|[from] drain|[of] p1a: Drowzee
|move|p1a: Drowzee|Psychic|p2a: Butterfree
|-damage|p2a: Butterfree|0 fnt
|faint|p2a: Butterfree
|c| gen 1 is gay|on top of that you're getting haxed
|c| gen 1 is gay|thats unfortunate
|c| gen 1 is gay|hope you have some talent in the bench
|
|switch|p2a: Diglett|Diglett, L95|212\/212
|turn|11
|c| gen 1 is gay|niglett <3
|c| gen 1 is gay|fucking playmaker
|
|move|p2a: Diglett|Substitute|p2a: Diglett
|-start|p2a: Diglett|Substitute
|-damage|p2a: Diglett|159\/212
|move|p1a: Drowzee|Hypnosis|p2a: Diglett
|-status|p2a: Diglett|slp
|
|turn|12
|c| gen 1 is gay|augustus not familiar with how gen 1 works apparently
|
|cant|p2a: Diglett|slp
|move|p1a: Drowzee|Psychic|p2a: Diglett
|-end|p2a: Diglett|Substitute
|
|turn|13
|
|switch|p1a: Poliwrath|Poliwrath, L86|330\/330
|cant|p2a: Diglett|slp
|
|turn|14
|c|★Caesar Augustus|ya, i forgot how sub worked
|c| gen 1 is gay|:(
|
|switch|p2a: Venomoth|Venomoth, L86|272\/296
|move|p1a: Poliwrath|Amnesia|p1a: Poliwrath
|-boost|p1a: Poliwrath|spd|2
|-boost|p1a: Poliwrath|spa|2
|
|turn|15
|c| gen 1 is gay|poliwrooooooth
|
|move|p2a: Venomoth|Psychic|p1a: Poliwrath
|-supereffective|p1a: Poliwrath
|-damage|p1a: Poliwrath|261\/330
|-unboost|p1a: Poliwrath|spd|1
|-unboost|p1a: Poliwrath|spa|1
|move|p1a: Poliwrath|Blizzard|p2a: Venomoth
|-damage|p2a: Venomoth|174\/296
|
|turn|16
|c| gen 1 is gay|steamy back in it
|c| gen 1 is gay|lol still fighting against the RNG
|
|move|p2a: Venomoth|Stun Spore|p1a: Poliwrath
|-status|p1a: Poliwrath|par
|move|p1a: Poliwrath|Blizzard|p2a: Venomoth
|-damage|p2a: Venomoth|70\/296
|
|turn|17
|c| gen 1 is gay|wheres the 2nd amnesia bro
|c| gen 1 is gay|come on
|
|move|p2a: Venomoth|Psychic|p1a: Poliwrath
|-supereffective|p1a: Poliwrath
|-damage|p1a: Poliwrath|167\/330 par
|move|p1a: Poliwrath|Blizzard|p2a: Venomoth
|-damage|p2a: Venomoth|0 fnt
|faint|p2a: Venomoth
|
|switch|p2a: Lickitung|Lickitung, L86|330\/330
|turn|18
|
|move|p2a: Lickitung|Swords Dance|p2a: Lickitung
|-boost|p2a: Lickitung|atk|2
|move|p1a: Poliwrath|Blizzard|p2a: Lickitung
|-damage|p2a: Lickitung|201\/330
|
|turn|19
|
|move|p2a: Lickitung|Hyper Beam|p1a: Poliwrath
|-damage|p1a: Poliwrath|0 fnt
|faint|p1a: Poliwrath
|c| gen 1 is gay|see what happened
|
|switch|p1a: Marowak|Marowak, L86|279\/279
|turn|20
|
|move|p1a: Marowak|Earthquake|p2a: Lickitung
|-damage|p2a: Lickitung|94\/330
|move|p2a: Lickitung|Body Slam|p1a: Marowak
|-damage|p1a: Marowak|174\/279
|-status|p1a: Marowak|par
|
|turn|21
|
|move|p2a: Lickitung|Hyper Beam|p1a: Marowak
|-damage|p1a: Marowak|0 fnt
|faint|p1a: Marowak
|
|switch|p1a: Kangaskhan|Kangaskhan, L86|356\/356
|turn|22
|
|move|p1a: Kangaskhan|Hyper Beam|p2a: Lickitung
|-damage|p2a: Lickitung|0 fnt
|faint|p2a: Lickitung
|
|switch|p2a: Sandslash|Sandslash, L86|304\/304
|turn|23
|
|move|p1a: Kangaskhan|Surf|p2a: Sandslash
|-supereffective|p2a: Sandslash
|-damage|p2a: Sandslash|187\/304
|move|p2a: Sandslash|Earthquake|p1a: Kangaskhan
|-damage|p1a: Kangaskhan|233\/356
|
|turn|24
|
|move|p1a: Kangaskhan|Surf|p2a: Sandslash
|-crit|p2a: Sandslash
|-supereffective|p2a: Sandslash
|-damage|p2a: Sandslash|0 fnt
|faint|p2a: Sandslash
|
|switch|p2a: Mewtwo|Mewtwo, L71|297\/297
|turn|25
|
|switch|p1a: Drowzee|Drowzee, L95|258\/307 par
|move|p2a: Mewtwo|Psychic|p1a: Drowzee
|-resisted|p1a: Drowzee
|-damage|p1a: Drowzee|220\/307 par
|
|turn|26
|
|move|p2a: Mewtwo|Body Slam|p1a: Drowzee
|-damage|p1a: Drowzee|160\/307 par
|cant|p1a: Drowzee|par
|
|turn|27
|
|move|p2a: Mewtwo|Body Slam|p1a: Drowzee
|-damage|p1a: Drowzee|101\/307 par
|cant|p1a: Drowzee|par
|
|turn|28
|
|move|p2a: Mewtwo|Ice Beam|p1a: Drowzee
|-damage|p1a: Drowzee|45\/307 par
|move|p1a: Drowzee|Thunder Wave|p2a: Mewtwo
|-status|p2a: Mewtwo|par
|
|turn|29
|c| gen 1 is gay|some pretty poor performance all round :( I had faith in you nigs
|
|move|p2a: Mewtwo|Body Slam|p1a: Drowzee
|-damage|p1a: Drowzee|0 fnt
|faint|p1a: Drowzee
|
|switch|p1a: Kangaskhan|Kangaskhan, L86|233\/356
|turn|30
|
|move|p1a: Kangaskhan|Earthquake|p2a: Mewtwo
|-damage|p2a: Mewtwo|208\/297 par
|move|p2a: Mewtwo|Psychic|p1a: Kangaskhan
|-damage|p1a: Kangaskhan|85\/356
|-unboost|p1a: Kangaskhan|spd|1
|-unboost|p1a: Kangaskhan|spa|1
|
|turn|31
|
|move|p1a: Kangaskhan|Hyper Beam|p2a: Mewtwo
|-damage|p2a: Mewtwo|27\/297 par
|move|p2a: Mewtwo|Psychic|p1a: Kangaskhan
|-damage|p1a: Kangaskhan|0 fnt
|faint|p1a: Kangaskhan
|c|★Steamy nicks|gg
|c|★Caesar Augustus|gg
|
|switch|p1a: Kakuna|Kakuna, L99|290\/290 slp
|turn|32
|-message|Steamy nicks forfeited.
|c| gen 1 is gay|boo
|leave|Steamy nicks
|
|win|Caesar Augustus
|raw|Ladder updating...
|player|p1
|raw|Steamy nicks's rating: 1411 &rarr; <strong>1390<\/strong><br \/>(-21 for losing)
|raw|Caesar Augustus's rating: 1395 &rarr; <strong>1416<\/strong><br \/>(+21 for winning)
|leave|Caesar Augustus