|join|Tendoh
|join|Selise Totemsbane
|player|p1|Tendoh|244
|player|p2|Selise Totemsbane|148
|gametype|singles
|gen|1
|tier|[Gen 1] OU (beta)
|rated
|rule|Sleep Clause Mod: Limit one foe put to sleep
|rule|Species Clause: Limit one of each Pokemon
|rule|OHKO Clause: OHKO moves are banned
|rule|Moody Clause: Moody is banned
|rule|Evasion Moves Clause: Evasion moves are banned
|rule|Endless Battle Clause: Forcing endless battles is banned.
|rule|HP Percentage Mod: HP is reported as percentages
|
|start
|switch|p1a: Luma|Starmie|323\/323
|switch|p2a: Alakazam|Alakazam|313\/313
|turn|1
|
|switch|p1a: Whorey|Chansey|703\/703
|move|p2a: Alakazam|Thunder Wave|p1a: Whorey
|-status|p1a: Whorey|par
|
|turn|2
|
|switch|p2a: Cloyster|Cloyster|303\/303
|move|p1a: Whorey|Ice Beam|p2a: Cloyster
|-resisted|p2a: Cloyster
|-damage|p2a: Cloyster|281\/303
|
|turn|3
|join|Paladin Bones
|
|move|p2a: Cloyster|Clamp|p1a: Whorey
|-damage|p1a: Whorey|664\/703 par
|-activate|p1a: Whorey|move: Clamp|[of] p2a: Cloyster
|cant|p1a: Whorey|partiallytrapped
|
|turn|4
|
|switch|p1a: Luma|Starmie|323\/323
|move|p2a: Cloyster|Clamp|p1a: Luma
|-resisted|p1a: Luma
|-damage|p1a: Luma|303\/323
|-activate|p1a: Luma|move: Clamp|[of] p2a: Cloyster
|
|turn|5
|
|switch|p2a: Alakazam|Alakazam|313\/313
|cant|p1a: Luma|partiallytrapped
|
|-end|p1a: Luma|Clamp|[partiallytrapped]
|turn|6
|
|switch|p1a: Whorey|Chansey|664\/703 par
|move|p2a: Alakazam|Thunder Wave|p1a: Whorey
|-fail|p1a: Whorey|par
|
|turn|7
|
|switch|p2a: Persian|Persian|333\/333
|move|p1a: Whorey|Ice Beam|p2a: Persian
|-damage|p2a: Persian|229\/333
|
|turn|8
|
|move|p2a: Persian|Screech|p1a: Whorey
|-unboost|p1a: Whorey|def|2
|cant|p1a: Whorey|par
|
|turn|9
|
|move|p2a: Persian|Slash|p1a: Whorey
|-crit|p1a: Whorey
|-damage|p1a: Whorey|283\/703 par
|move|p1a: Whorey|Counter|p2a: Persian
|-damage|p2a: Persian|0 fnt
|faint|p2a: Persian
|
|
|switch|p2a: Snorlax|Snorlax|523\/523
|turn|10
|
|switch|p1a: Luma|Starmie|303\/323
|move|p2a: Snorlax|Body Slam|p1a: Luma
|-damage|p1a: Luma|186\/323
|-status|p1a: Luma|par
|
|turn|11
|
|switch|p1a: Hensel Sisters|Exeggutor|393\/393
|move|p2a: Snorlax|Hyper Beam|p1a: Hensel Sisters
|-damage|p1a: Hensel Sisters|177\/393
|
|turn|12
|
|move|p1a: Hensel Sisters|Sleep Powder|p2a: Snorlax
|-status|p2a: Snorlax|slp
|cant|p2a: Snorlax|slp
|
|turn|13
|
|switch|p2a: Chansey|Chansey|703\/703
|move|p1a: Hensel Sisters|Psychic|p2a: Chansey
|-damage|p2a: Chansey|579\/703
|
|turn|14
|
|switch|p1a: Whorey|Chansey|283\/703 par
|move|p2a: Chansey|Thunder Wave|p1a: Whorey
|-fail|p1a: Whorey|par
|
|turn|15
|
|switch|p2a: Tauros|Tauros|353\/353
|move|p1a: Whorey|Soft-Boiled|p1a: Whorey
|-heal|p1a: Whorey|634\/703 par
|
|turn|16
|
|move|p2a: Tauros|Earthquake|p1a: Whorey
|-damage|p1a: Whorey|425\/703 par
|move|p1a: Whorey|Counter|p2a: Tauros
|-fail|p1a: Whorey
|
|turn|17
|
|switch|p1a: Thor|Zapdos|383\/383
|move|p2a: Tauros|Hyper Beam|p1a: Thor
|-damage|p1a: Thor|194\/383
|
|turn|18
|
|cant|p2a: Tauros|recharge
|move|p1a: Thor|Thunderbolt|p2a: Tauros
|-damage|p2a: Tauros|203\/353
|
|turn|19
|
|switch|p2a: Alakazam|Alakazam|313\/313
|move|p1a: Thor|Thunderbolt|p2a: Alakazam
|-damage|p2a: Alakazam|208\/313
|
|turn|20
|
|switch|p1a: Whorey|Chansey|425\/703 par
|move|p2a: Alakazam|Thunder Wave|p1a: Whorey
|-fail|p1a: Whorey|par
|
|turn|21
|
|switch|p2a: Snorlax|Snorlax|523\/523 slp
|move|p1a: Whorey|Soft-Boiled|p1a: Whorey
|-heal|p1a: Whorey|703\/703 par
|
|turn|22
|
|switch|p1a: Corrida Killer|Tauros|353\/353
|cant|p2a: Snorlax|slp
|
|turn|23
|
|switch|p2a: Cloyster|Cloyster|281\/303
|move|p1a: Corrida Killer|Body Slam|p2a: Cloyster
|-crit|p2a: Cloyster
|-damage|p2a: Cloyster|143\/303
|
|turn|24
|
|move|p1a: Corrida Killer|Body Slam|p2a: Cloyster
|-damage|p2a: Cloyster|72\/303
|move|p2a: Cloyster|Clamp|p1a: Corrida Killer
|-damage|p1a: Corrida Killer|303\/353
|-activate|p1a: Corrida Killer|move: Clamp|[of] p2a: Cloyster
|
|turn|25
|
|switch|p1a: Luma|Starmie|186\/323 par
|move|p2a: Cloyster|Clamp|p1a: Luma
|-resisted|p1a: Luma
|-damage|p1a: Luma|169\/323 par
|-activate|p1a: Luma|move: Clamp|[of] p2a: Cloyster
|
|turn|26
|
|move|p2a: Cloyster|Clamp|p1a: Luma
|-damage|p1a: Luma|119\/323 par
|cant|p1a: Luma|partiallytrapped
|
|turn|27
|
|move|p2a: Cloyster|Clamp|p1a: Luma
|-damage|p1a: Luma|69\/323 par
|cant|p1a: Luma|partiallytrapped
|
|-end|p1a: Luma|Clamp|[partiallytrapped]
|turn|28
|
|move|p2a: Cloyster|Clamp|p1a: Luma
|-crit|p1a: Luma
|-resisted|p1a: Luma
|-damage|p1a: Luma|30\/323 par
|-activate|p1a: Luma|move: Clamp|[of] p2a: Cloyster
|cant|p1a: Luma|partiallytrapped
|
|turn|29
|
|move|p2a: Cloyster|Clamp|p1a: Luma
|-damage|p1a: Luma|0 fnt
|faint|p1a: Luma
|
|
|switch|p1a: Thor|Zapdos|194\/383
|turn|30
|
|switch|p2a: Alakazam|Alakazam|208\/313
|move|p1a: Thor|Thunderbolt|p2a: Alakazam
|-damage|p2a: Alakazam|103\/313
|
|turn|31
|
|switch|p1a: Whorey|Chansey|703\/703 par
|move|p2a: Alakazam|Recover|p2a: Alakazam
|-heal|p2a: Alakazam|259\/313
|
|turn|32
|
|switch|p2a: Cloyster|Cloyster|72\/303
|move|p1a: Whorey|Ice Beam|p2a: Cloyster
|-resisted|p2a: Cloyster
|-damage|p2a: Cloyster|52\/303
|
|turn|33
|
|switch|p1a: Hensel Sisters|Exeggutor|177\/393
|move|p2a: Cloyster|Clamp|p1a: Hensel Sisters
|-resisted|p1a: Hensel Sisters
|-damage|p1a: Hensel Sisters|162\/393
|-activate|p1a: Hensel Sisters|move: Clamp|[of] p2a: Cloyster
|
|turn|34
|
|switch|p1a: Ness|Alakazam|313\/313
|move|p2a: Cloyster|Clamp|p1a: Ness
|-damage|p1a: Ness|285\/313
|-activate|p1a: Ness|move: Clamp|[of] p2a: Cloyster
|
|turn|35
|
|cant|p1a: Ness|partiallytrapped
|move|p2a: Cloyster|Clamp|p1a: Ness
|-damage|p1a: Ness|270\/313
|
|turn|36
|
|cant|p1a: Ness|partiallytrapped
|move|p2a: Cloyster|Clamp|p1a: Ness
|-damage|p1a: Ness|255\/313
|
|turn|37
|leave|Paladin Bones
|
|cant|p1a: Ness|partiallytrapped
|move|p2a: Cloyster|Clamp|p1a: Ness
|-damage|p1a: Ness|240\/313
|
|-end|p1a: Ness|Clamp|[partiallytrapped]
|turn|38
|
|switch|p2a: Alakazam|Alakazam|259\/313
|move|p1a: Ness|Psychic|p2a: Alakazam
|-resisted|p2a: Alakazam
|-damage|p2a: Alakazam|209\/313
|-unboost|p2a: Alakazam|spd|1
|-unboost|p2a: Alakazam|spa|1
|
|turn|39
|
|move|p1a: Ness|Thunder Wave|p2a: Alakazam
|-status|p2a: Alakazam|par
|move|p2a: Alakazam|Thunder Wave|p1a: Ness
|-status|p1a: Ness|par
|
|turn|40
|
|switch|p2a: Cloyster|Cloyster|52\/303
|cant|p1a: Ness|par
|
|turn|41
|
|switch|p1a: Whorey|Chansey|703\/703 par
|move|p2a: Cloyster|Explosion|p1a: Whorey
|-damage|p1a: Whorey|0 fnt
|faint|p1a: Whorey
|faint|p2a: Cloyster
|
|switch|p1a: Thor|Zapdos|194\/383
|switch|p2a: Chansey|Chansey|579\/703
|turn|42
|
|switch|p1a: Ness|Alakazam|240\/313 par
|move|p2a: Chansey|Ice Beam|p1a: Ness
|-damage|p1a: Ness|177\/313 par
|
|turn|43
|
|switch|p2a: Snorlax|Snorlax|523\/523 slp
|cant|p1a: Ness|par
|
|turn|44
|
|switch|p1a: Corrida Killer|Tauros|303\/353
|cant|p2a: Snorlax|slp
|-curestatus|p2a: Snorlax|slp
|
|turn|45
|
|move|p1a: Corrida Killer|Body Slam|p2a: Snorlax
|-damage|p2a: Snorlax|400\/523
|move|p2a: Snorlax|Body Slam|p1a: Corrida Killer
|-damage|p1a: Corrida Killer|189\/353
|-status|p1a: Corrida Killer|par
|
|turn|46
|
|move|p2a: Snorlax|Hyper Beam|p1a: Corrida Killer
|-damage|p1a: Corrida Killer|0 fnt
|faint|p1a: Corrida Killer
|
|
|switch|p1a: Thor|Zapdos|194\/383
|turn|47
|
|move|p1a: Thor|Thunderbolt|p2a: Snorlax
|-damage|p2a: Snorlax|228\/523
|move|p2a: Snorlax|Hyper Beam|p1a: Thor
|-crit|p1a: Thor
|-damage|p1a: Thor|0 fnt
|faint|p1a: Thor
|
|
|switch|p1a: Hensel Sisters|Exeggutor|162\/393
|turn|48
|
|move|p1a: Hensel Sisters|Sleep Powder|p2a: Snorlax
|-status|p2a: Snorlax|slp
|cant|p2a: Snorlax|slp
|
|turn|49
|
|switch|p2a: Chansey|Chansey|579\/703
|move|p1a: Hensel Sisters|Psychic|p2a: Chansey
|-damage|p2a: Chansey|464\/703
|
|turn|50
|
|move|p1a: Hensel Sisters|Psychic|p2a: Chansey
|-damage|p2a: Chansey|337\/703
|move|p2a: Chansey|Thunder Wave|p1a: Hensel Sisters
|-status|p1a: Hensel Sisters|par
|
|turn|51
|
|switch|p1a: Ness|Alakazam|177\/313 par
|move|p2a: Chansey|Soft-Boiled|p2a: Chansey
|-heal|p2a: Chansey|688\/703
|
|turn|52
|
|switch|p2a: Snorlax|Snorlax|228\/523 slp
|cant|p1a: Ness|par
|
|turn|53
|
|cant|p2a: Snorlax|slp
|move|p1a: Ness|Psychic|p2a: Snorlax
|-crit|p2a: Snorlax
|-damage|p2a: Snorlax|0 fnt
|faint|p2a: Snorlax
|
|
|switch|p2a: Tauros|Tauros|203\/353
|turn|54
|
|move|p2a: Tauros|Hyper Beam|p1a: Ness
|-damage|p1a: Ness|0 fnt
|faint|p1a: Ness
|
|-message|Tendoh forfeited.
|
|win|Selise Totemsbane
|raw|Ladder updating...
|raw|Tendoh's rating: 1412 &rarr; <strong>1382<\/strong><br \/>(-30 for losing)
|raw|Selise Totemsbane's rating: 1222 &rarr; <strong>1259<\/strong><br \/>(+37 for winning)
|leave|Tendoh
|player|p1
|chat|Selise Totemsbane|gg