|j|Pokemon-Sucks OK
|j|Mats10000
|player|p1|Pokemon-Sucks OK|115
|player|p2|Mats10000|153
|gametype|singles
|gen|1
|tier|[Gen 1] OU
|rated
|seed|55598,46737,39332,14207
|rule|Sleep Clause Mod: Limit one foe put to sleep
|rule|Freeze Clause Mod: Limit one foe frozen
|rule|Species Clause: Limit one of each Pokémon
|rule|OHKO Clause: OHKO moves are banned
|rule|Evasion Moves Clause: Evasion moves are banned
|rule|HP Percentage Mod: HP is shown in percentages
|
|start
|switch|p1a: Jynx|Jynx|333\/333
|switch|p2a: Charizard|Charizard|359\/359
|turn|1
|choice|switch 4|move 1
|
|switch|p1a: Blastoise|Blastoise|361\/361
|move|p2a: Charizard|Flamethrower|p1a: Blastoise
|-resisted|p1a: Blastoise
|-damage|p1a: Blastoise|305\/361
|-status|p1a: Blastoise|brn
|
|turn|2
|c|★Pokemon-Sucks OK|old school battle
|c|★Pokemon-Sucks OK|blastoise vs charzard
|c|★Pokemon-Sucks OK|:D
|choice|move 1|switch 5
|
|switch|p2a: Jolteon|Jolteon|333\/333
|move|p1a: Blastoise|Blizzard|p2a: Jolteon
|-damage|p2a: Jolteon|256\/333
|-damage|p1a: Blastoise|283\/361 brn|[from] brn|[of] p2a: Jolteon
|
|turn|3
|choice|switch 6|move 1
|
|switch|p1a: Exeggutor|Exeggutor|393\/393
|move|p2a: Jolteon|Thunderbolt|p1a: Exeggutor
|-resisted|p1a: Exeggutor
|-damage|p1a: Exeggutor|339\/393
|
|turn|4
|choice|move 3|switch 5
|
|switch|p2a: Charizard|Charizard|359\/359
|move|p1a: Exeggutor|Sleep Powder|p2a: Charizard
|-status|p2a: Charizard|slp
|
|turn|5
|choice|move 2|move 1
|
|cant|p2a: Charizard|slp
|move|p1a: Exeggutor|Psychic|p2a: Charizard
|-damage|p2a: Charizard|215\/359 slp
|
|turn|6
|choice|move 2|move 1
|
|-curestatus|p2a: Charizard|slp
|move|p1a: Exeggutor|Psychic|p2a: Charizard
|-damage|p2a: Charizard|87\/359
|
|turn|7
|choice|switch 6|move 1
|
|switch|p1a: Blastoise|Blastoise|283\/361 brn
|-damage|p1a: Blastoise|261\/361 brn|[from] brn
|move|p2a: Charizard|Flamethrower|p1a: Blastoise
|-resisted|p1a: Blastoise
|-damage|p1a: Blastoise|207\/361 brn
|
|turn|8
|choice|move 3|switch 6
|
|switch|p2a: Gengar|Gengar|323\/323
|move|p1a: Blastoise|Earthquake|p2a: Gengar
|-crit|p2a: Gengar
|-supereffective|p2a: Gengar
|-damage|p2a: Gengar|0 fnt
|faint|p2a: Gengar
|choice||switch 3
|
|switch|p2a: Dragonite|Dragonite|385\/385
|turn|9
|choice|move 1|move 1
|
|move|p2a: Dragonite|Thunderbolt|p1a: Blastoise
|-supereffective|p1a: Blastoise
|-damage|p1a: Blastoise|39\/361 brn
|move|p1a: Blastoise|Blizzard|p2a: Dragonite
|-supereffective|p2a: Dragonite
|-damage|p2a: Dragonite|38\/385
|-damage|p1a: Blastoise|17\/361 brn|[from] brn|[of] p2a: Dragonite
|
|turn|10
|choice|move 4|move 1
|
|move|p2a: Dragonite|Thunderbolt|p1a: Blastoise
|-supereffective|p1a: Blastoise
|-damage|p1a: Blastoise|0 fnt
|faint|p1a: Blastoise
|choice|switch 2|
|
|switch|p1a: Alakazam|Alakazam|313\/313
|turn|11
|choice|move 1|move 2
|
|move|p1a: Alakazam|Psychic|p2a: Dragonite
|-crit|p2a: Dragonite
|-damage|p2a: Dragonite|0 fnt
|faint|p2a: Dragonite
|choice||switch 2
|
|switch|p2a: Nidoking|Nidoking|365\/365
|turn|12
|choice|switch 5|move 2
|
|switch|p1a: Slowbro|Slowbro|393\/393
|move|p2a: Nidoking|Earthquake|p1a: Slowbro
|-damage|p1a: Slowbro|291\/393
|
|turn|13
|choice|move 1|move 1
|
|move|p2a: Nidoking|Thunderbolt|p1a: Slowbro
|-supereffective|p1a: Slowbro
|-damage|p1a: Slowbro|135\/393
|move|p1a: Slowbro|Psychic|p2a: Nidoking
|-supereffective|p2a: Nidoking
|-damage|p2a: Nidoking|157\/365
|
|turn|14
|choice|move 1|move 1
|
|move|p2a: Nidoking|Thunderbolt|p1a: Slowbro
|-supereffective|p1a: Slowbro
|-damage|p1a: Slowbro|0 fnt
|faint|p1a: Slowbro
|choice|switch 5|
|
|switch|p1a: Alakazam|Alakazam|313\/313
|turn|15
|choice|move 1|move 3
|
|move|p1a: Alakazam|Psychic|p2a: Nidoking
|-supereffective|p2a: Nidoking
|-damage|p2a: Nidoking|0 fnt
|faint|p2a: Nidoking
|choice||switch 6
|
|switch|p2a: Charizard|Charizard|87\/359
|turn|16
|choice|move 1|move 1
|
|move|p1a: Alakazam|Psychic|p2a: Charizard
|-damage|p2a: Charizard|0 fnt
|faint|p2a: Charizard
|choice||switch 4
|
|switch|p2a: Blastoise|Blastoise|361\/361
|turn|17
|choice|switch 3|move 1
|
|switch|p1a: Chansey|Chansey|703\/703
|move|p2a: Blastoise|Surf|p1a: Chansey
|-crit|p1a: Chansey
|-damage|p1a: Chansey|507\/703
|
|turn|18
|choice|move 2|move 2
|
|move|p2a: Blastoise|Seismic Toss|p1a: Chansey
|-damage|p1a: Chansey|407\/703
|move|p1a: Chansey|Thunder Wave|p2a: Blastoise
|-status|p2a: Blastoise|par
|
|turn|19
|choice|move 3|move 4
|
|move|p1a: Chansey|Soft-Boiled|p1a: Chansey
|-heal|p1a: Chansey|703\/703
|cant|p2a: Blastoise|par
|
|turn|20
|choice|move 4|move 4
|
|move|p1a: Chansey|Thunderbolt|p2a: Blastoise
|-supereffective|p2a: Blastoise
|-damage|p2a: Blastoise|202\/361 par
|move|p2a: Blastoise|Blizzard|p1a: Chansey
|-damage|p1a: Chansey|627\/703
|-status|p1a: Chansey|frz
|
|turn|21
|c|★Pokemon-Sucks OK|nooo
|choice|move 4|move 3
|
|cant|p1a: Chansey|frz
|move|p2a: Blastoise|Earthquake|p1a: Chansey
|-damage|p1a: Chansey|433\/703 frz
|
|turn|22
|choice|move 4|move 1
|
|cant|p1a: Chansey|frz
|move|p2a: Blastoise|Surf|p1a: Chansey
|-damage|p1a: Chansey|330\/703 frz
|
|turn|23
|choice|move 4|move 1
|
|cant|p1a: Chansey|frz
|cant|p2a: Blastoise|par
|
|turn|24
|choice|move 4|move 1
|
|cant|p1a: Chansey|frz
|move|p2a: Blastoise|Surf|p1a: Chansey
|-damage|p1a: Chansey|233\/703 frz
|
|turn|25
|choice|move 4|move 3
|
|cant|p1a: Chansey|frz
|move|p2a: Blastoise|Earthquake|p1a: Chansey
|-damage|p1a: Chansey|43\/703 frz
|
|turn|26
|choice|move 4|move 3
|
|cant|p1a: Chansey|frz
|move|p2a: Blastoise|Earthquake|p1a: Chansey
|-damage|p1a: Chansey|0 fnt
|faint|p1a: Chansey
|choice|switch 3|
|
|switch|p1a: Alakazam|Alakazam|313\/313
|turn|27
|choice|move 1|move 3
|
|move|p1a: Alakazam|Psychic|p2a: Blastoise
|-damage|p2a: Blastoise|55\/361 par
|-unboost|p2a: Blastoise|spd|1
|-unboost|p2a: Blastoise|spa|1
|move|p2a: Blastoise|Earthquake|p1a: Alakazam
|-damage|p1a: Alakazam|211\/313
|
|turn|28
|choice|move 1|move 3
|
|move|p1a: Alakazam|Psychic|p2a: Blastoise
|-damage|p2a: Blastoise|0 fnt
|faint|p2a: Blastoise
|choice||switch 5
|
|switch|p2a: Jolteon|Jolteon|256\/333
|turn|29
|choice|move 4|move 1
|
|move|p2a: Jolteon|Thunderbolt|p1a: Alakazam
|-damage|p1a: Alakazam|114\/313
|move|p1a: Alakazam|Thunder Wave|p2a: Jolteon
|-status|p2a: Jolteon|par
|
|turn|30
|choice|move 2|move 1
|
|move|p1a: Alakazam|Recover|p1a: Alakazam
|-heal|p1a: Alakazam|270\/313
|cant|p2a: Jolteon|par
|
|turn|31
|choice|move 1|move 1
|
|move|p1a: Alakazam|Psychic|p2a: Jolteon
|-crit|p2a: Jolteon
|-damage|p2a: Jolteon|36\/333 par
|cant|p2a: Jolteon|par
|
|turn|32
|choice|move 1|move 1
|
|move|p1a: Alakazam|Psychic|p2a: Jolteon
|-damage|p2a: Jolteon|0 fnt
|faint|p2a: Jolteon
|
|win|Pokemon-Sucks OK
|player|p1
|player|p2
|raw|Pokemon-Sucks OK's rating: 1051 &rarr; <strong>1078<\/strong><br \/>(+27 for winning)
|raw|Mats10000's rating: 1000 &rarr; <strong>1000<\/strong><br \/>(+0 for losing)
|c|★Pokemon-Sucks OK|gg