|j|Diegolh
|j|Champion Tiberius
|player|p1|Diegolh|209
|player|p2|Champion Tiberius|165
|gametype|singles
|gen|1
|tier|[Gen 1] OU
|seed|
|rule|Sleep Clause Mod: Limit one foe put to sleep
|rule|Freeze Clause Mod: Limit one foe frozen
|rule|Species Clause: Limit one of each Pokémon
|rule|OHKO Clause: OHKO moves are banned
|rule|Evasion Moves Clause: Evasion moves are banned
|rule|HP Percentage Mod: HP is shown in percentages
|
|start
|switch|p1a: Starmie|Starmie|100\/100
|switch|p2a: Alakazam|Alakazam|100\/100
|turn|1
|choice||
|
|switch|p1a: Chansey|Chansey|100\/100
|move|p2a: Alakazam|Thunder Wave|p1a: Chansey
|-status|p1a: Chansey|par
|
|turn|2
|choice||
|
|switch|p2a: Rhydon|Rhydon|100\/100
|move|p1a: Chansey|Seismic Toss|p2a: Rhydon
|-damage|p2a: Rhydon|76\/100
|
|turn|3
|choice||
|
|switch|p1a: Exeggutor|Exeggutor|100\/100
|move|p2a: Rhydon|Seismic Toss|p1a: Exeggutor
|-damage|p1a: Exeggutor|75\/100
|
|turn|4
|choice||
|
|move|p1a: Exeggutor|Sleep Powder|p2a: Rhydon
|-status|p2a: Rhydon|slp
|cant|p2a: Rhydon|slp
|
|turn|5
|choice||
|
|switch|p2a: Gengar|Gengar|100\/100
|move|p1a: Exeggutor|Psychic|p2a: Gengar
|-supereffective|p2a: Gengar
|-damage|p2a: Gengar|32\/100
|-unboost|p2a: Gengar|spd|1
|-unboost|p2a: Gengar|spa|1
|
|turn|6
|choice||
|
|move|p2a: Gengar|Fire Punch|p1a: Exeggutor
|-supereffective|p1a: Exeggutor
|-damage|p1a: Exeggutor|53\/100
|move|p1a: Exeggutor|Psychic|p2a: Gengar
|-supereffective|p2a: Gengar
|-damage|p2a: Gengar|0 fnt
|faint|p2a: Gengar
|choice||
|
|switch|p2a: Chansey|Chansey|100\/100
|turn|7
|choice||
|
|move|p1a: Exeggutor|Explosion|p2a: Chansey
|-damage|p2a: Chansey|0 fnt
|faint|p2a: Chansey
|faint|p1a: Exeggutor
|c|★Diegolh|Good job my dear exe
|c|★Champion Tiberius|yes, not 6-0d
|choice||
|
|switch|p1a: Chansey|Chansey|100\/100 par
|switch|p2a: Rhydon|Rhydon|76\/100 slp
|turn|8
|choice||
|
|cant|p2a: Rhydon|slp
|move|p1a: Chansey|Ice Beam|p2a: Rhydon
|-supereffective|p2a: Rhydon
|-damage|p2a: Rhydon|20\/100 slp
|
|turn|9
|choice||
|
|cant|p2a: Rhydon|slp
|move|p1a: Chansey|Ice Beam|p2a: Rhydon
|-supereffective|p2a: Rhydon
|-damage|p2a: Rhydon|0 fnt
|faint|p2a: Rhydon
|choice||
|
|switch|p2a: Dragonite|Dragonite|100\/100
|turn|10
|choice||
|
|switch|p1a: Starmie|Starmie|100\/100
|move|p2a: Dragonite|Wrap|p1a: Starmie
|-damage|p1a: Starmie|95\/100
|
|turn|11
|choice||
|
|cant|p1a: Starmie|partiallytrapped
|move|p2a: Dragonite|Wrap|p1a: Starmie|[from]Wrap
|-damage|p1a: Starmie|90\/100
|
|turn|12
|choice||
|
|move|p1a: Starmie|Thunder Wave|p2a: Dragonite
|-status|p2a: Dragonite|par
|move|p2a: Dragonite|Thunderbolt|p1a: Starmie
|-supereffective|p1a: Starmie
|-damage|p1a: Starmie|42\/100
|
|turn|13
|choice||
|
|move|p1a: Starmie|Recover|p1a: Starmie
|-heal|p1a: Starmie|92\/100
|move|p2a: Dragonite|Thunderbolt|p1a: Starmie
|-supereffective|p1a: Starmie
|-damage|p1a: Starmie|42\/100
|
|turn|14
|choice||
|
|move|p1a: Starmie|Recover|p1a: Starmie
|-heal|p1a: Starmie|92\/100
|move|p2a: Dragonite|Thunderbolt|p1a: Starmie
|-supereffective|p1a: Starmie
|-damage|p1a: Starmie|45\/100
|-status|p1a: Starmie|par
|
|turn|15
|choice||
|
|switch|p1a: Chansey|Chansey|100\/100 par
|move|p2a: Dragonite|Thunderbolt|p1a: Chansey
|-damage|p1a: Chansey|91\/100 par
|
|turn|16
|choice||
|
|switch|p2a: Victreebel|Victreebel|100\/100
|move|p1a: Chansey|Ice Beam|p2a: Victreebel
|-supereffective|p2a: Victreebel
|-damage|p2a: Victreebel|58\/100
|
|turn|17
|choice||
|
|move|p2a: Victreebel|Swords Dance|p2a: Victreebel
|-boost|p2a: Victreebel|atk|2
|move|p1a: Chansey|Ice Beam|p2a: Victreebel
|-supereffective|p2a: Victreebel
|-damage|p2a: Victreebel|13\/100
|
|turn|18
|choice||
|
|move|p2a: Victreebel|Body Slam|p1a: Chansey
|-damage|p1a: Chansey|33\/100 par
|cant|p1a: Chansey|par
|
|turn|19
|choice||
|
|move|p2a: Victreebel|Body Slam|p1a: Chansey
|-crit|p1a: Chansey
|-damage|p1a: Chansey|0 fnt
|faint|p1a: Chansey
|choice||
|
|switch|p1a: Tauros|Tauros|100\/100
|turn|20
|c|★Champion Tiberius|yes, not 5-0d
|c|★Diegolh|:D
|choice||
|
|move|p1a: Tauros|Body Slam|p2a: Victreebel
|-crit|p2a: Victreebel
|-damage|p2a: Victreebel|0 fnt
|faint|p2a: Victreebel
|choice||
|
|switch|p2a: Alakazam|Alakazam|100\/100
|turn|21
|choice||
|
|switch|p1a: Slowbro|Slowbro|100\/100
|move|p2a: Alakazam|Thunder Wave|p1a: Slowbro
|-status|p1a: Slowbro|par
|
|turn|22
|choice||
|
|move|p2a: Alakazam|Reflect|p2a: Alakazam
|-start|p2a: Alakazam|Reflect
|cant|p1a: Slowbro|par
|
|turn|23
|choice||
|
|switch|p2a: Dragonite|Dragonite|100\/100 par
|move|p1a: Slowbro|Amnesia|p1a: Slowbro
|-boost|p1a: Slowbro|spd|2
|-boost|p1a: Slowbro|spa|2
|
|turn|24
|choice||
|
|move|p1a: Slowbro|Amnesia|p1a: Slowbro
|-boost|p1a: Slowbro|spd|2
|-boost|p1a: Slowbro|spa|2
|cant|p2a: Dragonite|par
|
|turn|25
|choice||
|
|move|p1a: Slowbro|Psychic|p2a: Dragonite
|-damage|p2a: Dragonite|24\/100 par
|move|p2a: Dragonite|Thunderbolt|p1a: Slowbro
|-supereffective|p1a: Slowbro
|-damage|p1a: Slowbro|87\/100 par
|
|turn|26
|choice||
|
|move|p1a: Slowbro|Psychic|p2a: Dragonite
|-damage|p2a: Dragonite|0 fnt
|faint|p2a: Dragonite
|c|★Champion Tiberius|well this was fun
|choice||
|
|switch|p2a: Alakazam|Alakazam|100\/100
|turn|27
|choice||
|
|move|p2a: Alakazam|Reflect|p2a: Alakazam
|-start|p2a: Alakazam|Reflect
|move|p1a: Slowbro|Psychic|p2a: Alakazam
|-resisted|p2a: Alakazam
|-damage|p2a: Alakazam|63\/100
|
|turn|28
|choice||
|
|move|p2a: Alakazam|Psychic|p1a: Slowbro
|-crit|p1a: Slowbro
|-resisted|p1a: Slowbro
|-damage|p1a: Slowbro|48\/100 par
|move|p1a: Slowbro|Psychic|p2a: Alakazam
|-resisted|p2a: Alakazam
|-damage|p2a: Alakazam|26\/100
|
|turn|29
|choice||
|
|move|p2a: Alakazam|Psychic|p1a: Slowbro
|-crit|p1a: Slowbro
|-resisted|p1a: Slowbro
|-damage|p1a: Slowbro|10\/100 par
|cant|p1a: Slowbro|par
|
|turn|30
|choice||
|
|move|p2a: Alakazam|Psychic|p1a: Slowbro
|-resisted|p1a: Slowbro
|-damage|p1a: Slowbro|4\/100 par
|cant|p1a: Slowbro|par
|
|turn|31
|c|★Diegolh|arg
|choice||
|
|move|p2a: Alakazam|Psychic|p1a: Slowbro
|-resisted|p1a: Slowbro
|-damage|p1a: Slowbro|0 fnt
|faint|p1a: Slowbro
|c|★Champion Tiberius|yes, not 4-0d
|choice||
|
|switch|p1a: Snorlax|Snorlax|100\/100
|turn|32
|c|★Champion Tiberius|oh sh*t!
|c|★Diegolh|it's about to be a 2-0
|choice||
|
|move|p2a: Alakazam|Recover|p2a: Alakazam
|-heal|p2a: Alakazam|76\/100
|move|p1a: Snorlax|Self-Destruct|p2a: Alakazam
|-damage|p2a: Alakazam|0 fnt
|faint|p2a: Alakazam
|faint|p1a: Snorlax
|
|win|Diegolh
|player|p1
|player|p2
|c|★Champion Tiberius|gg
|c|★Diegolh|gg man
|c|★Champion Tiberius|nice to battle a real champ
|c|★Diegolh|lol, i'm not a champ ^^
|c|★Champion Tiberius|hey, when are you on?
|c|★Diegolh|When ?
|c|★Champion Tiberius|yeah, next weak, online
|c|★Champion Tiberius|(week)
|c|★Champion Tiberius|i'm renovating my team
|c|★Diegolh|Think I will be here around 6h-10h am gtm+1
|c|★Champion Tiberius|gtm? what is that?
|c|★Diegolh|gmt*
|c|★Champion Tiberius|what is gmt?
|c|★Diegolh|Greenwich Mean Time
|c|★Champion Tiberius|thx, bye
|l|Champion Tiberius
|l|Diegolh
|j|Champion Tiberius