|j|jghghj
|j|Nikolas86
|player|p1|jghghj|128
|player|p2|Nikolas86|213
|gametype|singles
|gen|1
|tier|[Gen 1] OU
|rated
|seed|61150,32540,34751,45322
|rule|Sleep Clause Mod: Limit one foe put to sleep
|rule|Freeze Clause Mod: Limit one foe frozen
|rule|Species Clause: Limit one of each Pokémon
|rule|OHKO Clause: OHKO moves are banned
|rule|Evasion Moves Clause: Evasion moves are banned
|rule|HP Percentage Mod: HP is shown in percentages
|
|start
|switch|p1a: Jynx|Jynx|333\/333
|switch|p2a: Starmie|Starmie|323\/323
|turn|1
|choice|switch 2|move 3
|
|switch|p1a: Chansey|Chansey|703\/703
|move|p2a: Starmie|Thunderbolt|p1a: Chansey
|-damage|p1a: Chansey|628\/703
|
|turn|2
|choice|move 1|move 1
|
|move|p2a: Starmie|Psychic|p1a: Chansey
|-crit|p1a: Chansey
|-damage|p1a: Chansey|426\/703
|-unboost|p1a: Chansey|spd|1
|-unboost|p1a: Chansey|spa|1
|move|p1a: Chansey|Ice Beam|p2a: Starmie
|-resisted|p2a: Starmie
|-damage|p2a: Starmie|298\/323
|
|turn|3
|choice|move 4|move 4
|
|move|p2a: Starmie|Blizzard|p1a: Chansey|[miss]
|-miss|p2a: Starmie
|move|p1a: Chansey|Soft-Boiled|p1a: Chansey
|-heal|p1a: Chansey|703\/703
|
|turn|4
|choice|move 3|move 1
|
|move|p2a: Starmie|Psychic|p1a: Chansey
|-damage|p1a: Chansey|560\/703
|move|p1a: Chansey|Thunderbolt|p2a: Starmie
|-supereffective|p2a: Starmie
|-damage|p2a: Starmie|201\/323
|
|turn|5
|choice|move 2|move 4
|
|move|p2a: Starmie|Blizzard|p1a: Chansey|[miss]
|-miss|p2a: Starmie
|move|p1a: Chansey|Thunder Wave|p2a: Starmie
|-status|p2a: Starmie|par
|
|turn|6
|choice|move 3|move 1
|
|move|p1a: Chansey|Thunderbolt|p2a: Starmie
|-supereffective|p2a: Starmie
|-damage|p2a: Starmie|102\/323 par
|move|p2a: Starmie|Psychic|p1a: Chansey
|-crit|p1a: Chansey
|-damage|p1a: Chansey|378\/703
|
|turn|7
|j|WampaStompa
|choice|move 3|move 2
|
|move|p1a: Chansey|Thunderbolt|p2a: Starmie
|-supereffective|p2a: Starmie
|-damage|p2a: Starmie|0 fnt
|faint|p2a: Starmie
|choice||switch 2
|
|switch|p2a: Clefable|Clefable|393\/393
|turn|8
|choice|switch 5|move 2
|
|switch|p1a: Lapras|Lapras|463\/463
|move|p2a: Clefable|Thunder Wave|p1a: Lapras
|-status|p1a: Lapras|par
|
|turn|9
|choice|move 1|move 4
|
|move|p2a: Clefable|Thunder|p1a: Lapras
|-crit|p1a: Lapras
|-supereffective|p1a: Lapras
|-damage|p1a: Lapras|99\/463 par
|move|p1a: Lapras|Blizzard|p2a: Clefable
|-crit|p2a: Clefable
|-damage|p2a: Clefable|74\/393
|
|turn|10
|choice|move 1|move 4
|
|move|p2a: Clefable|Thunder|p1a: Lapras
|-crit|p1a: Lapras
|-supereffective|p1a: Lapras
|-damage|p1a: Lapras|0 fnt
|faint|p1a: Lapras
|choice|switch 3|
|
|switch|p1a: Alakazam|Alakazam|313\/313
|turn|11
|choice|move 1|move 2
|
|move|p1a: Alakazam|Psychic|p2a: Clefable
|-damage|p2a: Clefable|0 fnt
|faint|p2a: Clefable
|choice||switch 5
|
|switch|p2a: Gyarados|Gyarados|393\/393
|turn|12
|choice|move 3|move 2
|
|move|p1a: Alakazam|Thunder Wave|p2a: Gyarados
|-status|p2a: Gyarados|par
|move|p2a: Gyarados|Fire Blast|p1a: Alakazam
|-damage|p1a: Alakazam|236\/313
|-status|p1a: Alakazam|brn
|
|turn|13
|choice|move 1|move 1
|
|move|p1a: Alakazam|Psychic|p2a: Gyarados
|-damage|p2a: Gyarados|251\/393 par
|-damage|p1a: Alakazam|217\/313 brn|[from] brn|[of] p2a: Gyarados
|move|p2a: Gyarados|Blizzard|p1a: Alakazam
|-damage|p1a: Alakazam|146\/313 brn
|
|turn|14
|choice|move 2|move 3
|
|move|p1a: Alakazam|Recover|p1a: Alakazam
|-heal|p1a: Alakazam|302\/313 brn
|-damage|p1a: Alakazam|283\/313 brn|[from] brn
|move|p2a: Gyarados|Hydro Pump|p1a: Alakazam
|-damage|p1a: Alakazam|169\/313 brn
|
|turn|15
|choice|move 2|move 3
|
|move|p1a: Alakazam|Recover|p1a: Alakazam
|-heal|p1a: Alakazam|313\/313 brn
|-damage|p1a: Alakazam|294\/313 brn|[from] brn
|move|p2a: Gyarados|Hydro Pump|p1a: Alakazam|[miss]
|-miss|p2a: Gyarados
|
|turn|16
|choice|move 1|move 3
|
|move|p1a: Alakazam|Psychic|p2a: Gyarados
|-damage|p2a: Gyarados|125\/393 par
|-unboost|p2a: Gyarados|spd|1
|-unboost|p2a: Gyarados|spa|1
|-damage|p1a: Alakazam|275\/313 brn|[from] brn|[of] p2a: Gyarados
|move|p2a: Gyarados|Hydro Pump|p1a: Alakazam
|-damage|p1a: Alakazam|203\/313 brn
|
|turn|17
|choice|move 1|move 1
|
|move|p1a: Alakazam|Psychic|p2a: Gyarados
|-crit|p2a: Gyarados
|-damage|p2a: Gyarados|0 fnt
|faint|p2a: Gyarados
|choice||switch 4
|
|switch|p2a: Golduck|Golduck|363\/363
|turn|18
|choice|move 3|move 1
|
|move|p1a: Alakazam|Thunder Wave|p2a: Golduck
|-status|p2a: Golduck|par
|-damage|p1a: Alakazam|184\/313 brn|[from] brn|[of] p2a: Golduck
|cant|p2a: Golduck|par
|
|turn|19
|choice|move 1|move 1
|
|move|p1a: Alakazam|Psychic|p2a: Golduck
|-damage|p2a: Golduck|203\/363 par
|-unboost|p2a: Golduck|spd|1
|-unboost|p2a: Golduck|spa|1
|-damage|p1a: Alakazam|165\/313 brn|[from] brn|[of] p2a: Golduck
|move|p2a: Golduck|Disable|p1a: Alakazam
|-start|p1a: Alakazam|Disable|Seismic Toss
|
|turn|20
|choice|move 1|move 2
|
|move|p1a: Alakazam|Psychic|p2a: Golduck
|-damage|p2a: Golduck|0 fnt
|faint|p2a: Golduck
|choice||switch 3
|
|switch|p2a: Poliwrath|Poliwrath|383\/383
|turn|21
|choice|move 3|move 2
|
|move|p1a: Alakazam|Thunder Wave|p2a: Poliwrath
|-status|p2a: Poliwrath|par
|-damage|p1a: Alakazam|146\/313 brn|[from] brn|[of] p2a: Poliwrath
|move|p2a: Poliwrath|Hypnosis|p1a: Alakazam|[miss]
|-miss|p2a: Poliwrath
|
|turn|22
|choice|move 2|move 2
|
|move|p1a: Alakazam|Recover|p1a: Alakazam
|-heal|p1a: Alakazam|302\/313 brn
|-damage|p1a: Alakazam|283\/313 brn|[from] brn
|move|p2a: Poliwrath|Hypnosis|p1a: Alakazam|[miss]
|-miss|p2a: Poliwrath
|
|turn|23
|choice|move 1|move 2
|
|move|p1a: Alakazam|Psychic|p2a: Poliwrath
|-supereffective|p2a: Poliwrath
|-damage|p2a: Poliwrath|50\/383 par
|-damage|p1a: Alakazam|264\/313 brn|[from] brn|[of] p2a: Poliwrath
|move|p2a: Poliwrath|Hypnosis|p1a: Alakazam|[miss]
|-miss|p2a: Poliwrath
|
|-end|p1a: Alakazam|Disable
|turn|24
|choice|move 1|move 2
|
|move|p1a: Alakazam|Psychic|p2a: Poliwrath
|-supereffective|p2a: Poliwrath
|-damage|p2a: Poliwrath|0 fnt
|faint|p2a: Poliwrath
|choice||switch 6
|
|switch|p2a: Dodrio|Dodrio|323\/323
|turn|25
|choice|move 1|move 3
|
|move|p1a: Alakazam|Psychic|p2a: Dodrio
|-crit|p2a: Dodrio
|-damage|p2a: Dodrio|0 fnt
|faint|p2a: Dodrio
|
|win|jghghj
|player|p1
|player|p2
|raw|jghghj's rating: 1000 &rarr; <strong>1040<\/strong><br \/>(+40 for winning)
|raw|Nikolas86's rating: 1000 &rarr; <strong>1000<\/strong><br \/>(+0 for losing)
|j|RonnyKage
|c|★jghghj|gg