|j|Diegolh
|j|Pr0n Snow
|player|p1|Diegolh|209
|player|p2|Pr0n Snow|96
|gametype|singles
|gen|1
|tier|[Gen 1] OU
|seed|25399,48931,52821,6939
|rule|Sleep Clause Mod: Limit one foe put to sleep
|rule|Freeze Clause Mod: Limit one foe frozen
|rule|Species Clause: Limit one of each Pokémon
|rule|OHKO Clause: OHKO moves are banned
|rule|Evasion Moves Clause: Evasion moves are banned
|rule|HP Percentage Mod: HP is shown in percentages
|
|start
|switch|p1a: Arcanine|Arcanine|383\/383
|switch|p2a: Gengar|Gengar|323\/323
|turn|1
|c|★Pr0n Snow|oooh antilead
|c|★Diegolh|I try him for the first time ^^
|choice|move 1|move 1
|
|move|p2a: Gengar|Hypnosis|p1a: Arcanine
|-status|p1a: Arcanine|slp
|cant|p1a: Arcanine|slp
|
|turn|2
|c|★Pr0n Snow|i prefer moltres but arcanine is cool
|c|★Diegolh|A good dog is a dog asleep
|j|Ch01W0n5h1n
|choice|switch 6|move 4
|
|switch|p1a: Exeggutor|Exeggutor|393\/393
|move|p2a: Gengar|Mega Drain|p1a: Exeggutor
|-resisted|p1a: Exeggutor
|-damage|p1a: Exeggutor|376\/393
|
|turn|3
|c| Ch01W0n5h1n|this is going to be interesting
|j|B-Kx187
|l|B-Kx187
|choice|move 1|switch 4
|
|switch|p2a: Snorlax|Snorlax|523\/523
|move|p1a: Exeggutor|Sleep Powder|p2a: Snorlax
|-status|p2a: Snorlax|slp
|
|turn|4
|choice|switch 4|switch 3
|
|switch|p1a: Tauros|Tauros|353\/353
|switch|p2a: Chansey|Chansey|703\/703
|
|turn|5
|choice|move 1|move 4
|
|move|p1a: Tauros|Body Slam|p2a: Chansey
|-crit|p2a: Chansey
|-damage|p2a: Chansey|175\/703
|move|p2a: Chansey|Thunder Wave|p1a: Tauros
|-status|p1a: Tauros|par
|
|turn|6
|choice|move 1|move 3
|
|move|p2a: Chansey|Soft-Boiled|p2a: Chansey
|-heal|p2a: Chansey|526\/703
|move|p1a: Tauros|Body Slam|p2a: Chansey
|-damage|p2a: Chansey|263\/703
|
|turn|7
|choice|switch 3|move 3
|
|switch|p1a: Chansey|Chansey|703\/703
|move|p2a: Chansey|Soft-Boiled|p2a: Chansey
|-heal|p2a: Chansey|614\/703
|
|turn|8
|choice|move 2|move 1
|
|move|p1a: Chansey|Ice Beam|p2a: Chansey
|-damage|p2a: Chansey|535\/703
|move|p2a: Chansey|Ice Beam|p1a: Chansey
|-damage|p1a: Chansey|623\/703
|
|turn|9
|c|★Diegolh|I try here a new something
|choice|move 2|move 1
|
|move|p2a: Chansey|Ice Beam|p1a: Chansey
|-damage|p1a: Chansey|549\/703
|move|p1a: Chansey|Ice Beam|p2a: Chansey
|-damage|p2a: Chansey|463\/703
|
|turn|10
|choice|move 2|move 1
|
|move|p1a: Chansey|Ice Beam|p2a: Chansey
|-damage|p2a: Chansey|386\/703
|move|p2a: Chansey|Ice Beam|p1a: Chansey
|-damage|p1a: Chansey|474\/703
|
|turn|11
|c|★Diegolh|pls god of frez
|choice|move 2|move 3
|
|move|p2a: Chansey|Soft-Boiled|p2a: Chansey
|-heal|p2a: Chansey|703\/703
|move|p1a: Chansey|Ice Beam|p2a: Chansey
|-damage|p2a: Chansey|628\/703
|
|turn|12
|choice|move 2|move 1
|
|move|p2a: Chansey|Ice Beam|p1a: Chansey
|-damage|p1a: Chansey|402\/703
|move|p1a: Chansey|Ice Beam|p2a: Chansey
|-damage|p2a: Chansey|551\/703
|
|turn|13
|choice|move 1|move 1
|
|move|p1a: Chansey|Soft-Boiled|p1a: Chansey
|-heal|p1a: Chansey|703\/703
|move|p2a: Chansey|Ice Beam|p1a: Chansey
|-crit|p1a: Chansey
|-damage|p1a: Chansey|561\/703
|
|turn|14
|choice|move 2|move 1
|
|move|p1a: Chansey|Ice Beam|p2a: Chansey
|-damage|p2a: Chansey|471\/703
|move|p2a: Chansey|Ice Beam|p1a: Chansey
|-damage|p1a: Chansey|487\/703
|
|turn|15
|choice|move 2|switch 3
|
|switch|p2a: Snorlax|Snorlax|523\/523 slp
|move|p1a: Chansey|Ice Beam|p2a: Snorlax
|-damage|p2a: Snorlax|415\/523 slp
|
|turn|16
|choice|move 2|move 1
|
|move|p1a: Chansey|Ice Beam|p2a: Snorlax
|-damage|p2a: Snorlax|307\/523 slp
|cant|p2a: Snorlax|slp
|
|turn|17
|choice|move 2|move 2
|
|move|p1a: Chansey|Ice Beam|p2a: Snorlax
|-damage|p2a: Snorlax|210\/523 slp
|cant|p2a: Snorlax|slp
|
|turn|18
|choice|move 2|switch 3
|
|switch|p2a: Chansey|Chansey|471\/703
|move|p1a: Chansey|Ice Beam|p2a: Chansey
|-damage|p2a: Chansey|390\/703
|
|turn|19
|choice|move 2|move 3
|
|move|p2a: Chansey|Soft-Boiled|p2a: Chansey
|-heal|p2a: Chansey|703\/703
|move|p1a: Chansey|Ice Beam|p2a: Chansey
|-damage|p2a: Chansey|631\/703
|
|turn|20
|choice|move 2|move 1
|
|move|p1a: Chansey|Ice Beam|p2a: Chansey
|-damage|p2a: Chansey|558\/703
|move|p2a: Chansey|Ice Beam|p1a: Chansey
|-damage|p1a: Chansey|409\/703
|
|turn|21
|choice|move 2|move 1
|
|move|p2a: Chansey|Ice Beam|p1a: Chansey
|-damage|p1a: Chansey|330\/703
|move|p1a: Chansey|Ice Beam|p2a: Chansey
|-damage|p2a: Chansey|482\/703
|
|turn|22
|choice|move 1|move 1
|
|move|p2a: Chansey|Ice Beam|p1a: Chansey
|-damage|p1a: Chansey|261\/703
|move|p1a: Chansey|Soft-Boiled|p1a: Chansey
|-heal|p1a: Chansey|612\/703
|
|turn|23
|choice|move 2|move 1
|
|move|p1a: Chansey|Ice Beam|p2a: Chansey
|-damage|p2a: Chansey|403\/703
|move|p2a: Chansey|Ice Beam|p1a: Chansey
|-damage|p1a: Chansey|537\/703
|
|turn|24
|c|★Diegolh|this is absolutely ridiculous
|choice|move 2|move 3
|
|move|p1a: Chansey|Ice Beam|p2a: Chansey|[miss]
|-miss|p1a: Chansey
|move|p2a: Chansey|Soft-Boiled|p2a: Chansey
|-heal|p2a: Chansey|703\/703
|
|turn|25
|choice|move 2|move 1
|
|move|p2a: Chansey|Ice Beam|p1a: Chansey
|-damage|p1a: Chansey|466\/703
|move|p1a: Chansey|Ice Beam|p2a: Chansey
|-damage|p2a: Chansey|628\/703
|
|turn|26
|choice|move 4|move 1
|
|move|p2a: Chansey|Ice Beam|p1a: Chansey
|-damage|p1a: Chansey|392\/703
|move|p1a: Chansey|Thunder Wave|p2a: Chansey
|-status|p2a: Chansey|par
|
|turn|27
|choice|move 1|move 4
|
|move|p1a: Chansey|Soft-Boiled|p1a: Chansey
|-heal|p1a: Chansey|703\/703
|move|p2a: Chansey|Thunder Wave|p1a: Chansey
|-status|p1a: Chansey|par
|
|turn|28
|choice|move 3|move 2
|
|move|p1a: Chansey|Thunderbolt|p2a: Chansey
|-damage|p2a: Chansey|557\/703 par
|move|p2a: Chansey|Thunderbolt|p1a: Chansey
|-damage|p1a: Chansey|624\/703 par
|
|turn|29
|choice|move 3|move 2
|
|move|p2a: Chansey|Thunderbolt|p1a: Chansey
|-damage|p1a: Chansey|550\/703 par
|move|p1a: Chansey|Thunderbolt|p2a: Chansey
|-damage|p2a: Chansey|480\/703 par
|
|turn|30
|choice|move 3|move 2
|
|move|p1a: Chansey|Thunderbolt|p2a: Chansey
|-damage|p2a: Chansey|405\/703 par
|cant|p2a: Chansey|par
|
|turn|31
|choice|switch 2|move 2
|
|switch|p1a: Articuno|Articuno|383\/383
|cant|p2a: Chansey|par
|
|turn|32
|choice|move 4|move 3
|
|move|p1a: Articuno|Sky Attack|p2a: Chansey|[still]
|-prepare|p1a: Articuno|Sky Attack|p2a: Chansey
|cant|p2a: Chansey|par
|
|turn|33
|choice|move 1|switch 3
|
|switch|p2a: Snorlax|Snorlax|210\/523 slp
|move|p1a: Articuno|Sky Attack|p2a: Snorlax|[from]Sky Attack
|-damage|p2a: Snorlax|24\/523 slp
|
|turn|34
|choice|move 1|move 4
|
|move|p1a: Articuno|Blizzard|p2a: Snorlax|[miss]
|-miss|p1a: Articuno
|cant|p2a: Snorlax|slp
|
|turn|35
|choice|move 1|move 4
|
|move|p1a: Articuno|Blizzard|p2a: Snorlax
|-damage|p2a: Snorlax|0 fnt
|faint|p2a: Snorlax
|choice||switch 3
|
|switch|p2a: Chansey|Chansey|405\/703 par
|turn|36
|choice|move 3|move 4
|
|move|p1a: Articuno|Hyper Beam|p2a: Chansey
|-damage|p2a: Chansey|137\/703 par
|move|p2a: Chansey|Thunder Wave|p1a: Articuno
|-status|p1a: Articuno|par
|
|turn|37
|-mustrecharge|p1a: Articuno
|c|★Diegolh|hmm
|c|★Diegolh|he's not tauros, mybad
|-mustrecharge|p1a: Articuno
|choice|move 1|move 3
|
|cant|p1a: Articuno|recharge
|move|p2a: Chansey|Soft-Boiled|p2a: Chansey
|-heal|p2a: Chansey|488\/703 par
|
|turn|38
|c|★Pr0n Snow|tauros actually has better physical bulk
|choice|switch 4|move 3
|
|switch|p1a: Exeggutor|Exeggutor|376\/393
|move|p2a: Chansey|Soft-Boiled|p2a: Chansey
|-heal|p2a: Chansey|703\/703 par
|
|turn|39
|choice|switch 6|move 1
|
|switch|p1a: Arcanine|Arcanine|383\/383 slp
|cant|p2a: Chansey|par
|
|turn|40
|choice|move 1|switch 5
|
|switch|p2a: Tauros|Tauros|353\/353
|cant|p1a: Arcanine|slp
|
|turn|41
|choice|move 4|move 2
|
|move|p2a: Tauros|Body Slam|p1a: Arcanine
|-damage|p1a: Arcanine|262\/383 slp
|-curestatus|p1a: Arcanine|slp
|
|turn|42
|choice|move 1|switch 5
|
|switch|p2a: Chansey|Chansey|703\/703 par
|move|p1a: Arcanine|Fire Blast|p2a: Chansey
|-damage|p2a: Chansey|583\/703 par
|
|turn|43
|choice|switch 3|move 4
|
|switch|p1a: Tauros|Tauros|353\/353 par
|move|p2a: Chansey|Thunder Wave|p1a: Tauros
|-fail|p1a: Tauros|par
|
|turn|44
|choice|move 1|move 2
|
|cant|p1a: Tauros|par
|move|p2a: Chansey|Thunderbolt|p1a: Tauros
|-damage|p1a: Tauros|255\/353 par
|
|turn|45
|choice|move 1|move 2
|
|move|p1a: Tauros|Body Slam|p2a: Chansey
|-damage|p2a: Chansey|315\/703 par
|move|p2a: Chansey|Thunderbolt|p1a: Tauros
|-damage|p1a: Tauros|163\/353 par
|
|turn|46
|choice|move 2|switch 4
|
|switch|p2a: Gengar|Gengar|323\/323
|move|p1a: Tauros|Hyper Beam|p2a: Gengar
|-immune|p2a: Gengar|[msg]
|
|turn|47
|choice|move 3|move 2
|
|move|p2a: Gengar|Thunderbolt|p1a: Tauros
|-damage|p1a: Tauros|55\/353 par
|move|p1a: Tauros|Earthquake|p2a: Gengar
|-supereffective|p2a: Gengar
|-damage|p2a: Gengar|109\/323
|
|turn|48
|choice|switch 5|move 2
|
|switch|p1a: Jolteon|Jolteon|333\/333
|move|p2a: Gengar|Thunderbolt|p1a: Jolteon
|-crit|p1a: Jolteon
|-resisted|p1a: Jolteon
|-damage|p1a: Jolteon|250\/333
|
|turn|49
|choice|move 1|switch 6
|
|switch|p2a: Golem|Golem|363\/363
|move|p1a: Jolteon|Thunderbolt|p2a: Golem
|-immune|p2a: Golem|[msg]
|
|turn|50
|choice|switch 6|move 3
|
|switch|p1a: Exeggutor|Exeggutor|376\/393
|move|p2a: Golem|Rock Slide|p1a: Exeggutor|[miss]
|-miss|p2a: Golem
|
|turn|51
|choice|move 2|switch 4
|
|switch|p2a: Chansey|Chansey|315\/703 par
|move|p1a: Exeggutor|Psychic|p2a: Chansey
|-damage|p2a: Chansey|187\/703 par
|
|turn|52
|choice|move 2|move 3
|
|move|p1a: Exeggutor|Psychic|p2a: Chansey
|-damage|p2a: Chansey|65\/703 par
|move|p2a: Chansey|Soft-Boiled|p2a: Chansey
|-heal|p2a: Chansey|416\/703 par
|
|turn|53
|choice|switch 3|move 3
|
|switch|p1a: Arcanine|Arcanine|262\/383
|move|p2a: Chansey|Soft-Boiled|p2a: Chansey
|-heal|p2a: Chansey|703\/703 par
|
|turn|54
|choice|move 2|move 2
|
|move|p1a: Arcanine|Body Slam|p2a: Chansey
|-damage|p2a: Chansey|517\/703 par
|move|p2a: Chansey|Thunderbolt|p1a: Arcanine
|-damage|p1a: Arcanine|165\/383
|
|turn|55
|choice|move 2|move 3
|
|move|p1a: Arcanine|Body Slam|p2a: Chansey
|-crit|p2a: Chansey
|-damage|p2a: Chansey|166\/703 par
|move|p2a: Chansey|Soft-Boiled|p2a: Chansey
|-heal|p2a: Chansey|517\/703 par
|
|turn|56
|choice|move 2|move 3
|
|move|p1a: Arcanine|Body Slam|p2a: Chansey
|-damage|p2a: Chansey|337\/703 par
|move|p2a: Chansey|Soft-Boiled|p2a: Chansey
|-heal|p2a: Chansey|688\/703 par
|
|turn|57
|choice|move 2|move 2
|
|move|p1a: Arcanine|Body Slam|p2a: Chansey
|-crit|p2a: Chansey
|-damage|p2a: Chansey|316\/703 par
|cant|p2a: Chansey|par
|
|turn|58
|choice|move 3|move 3
|
|move|p1a: Arcanine|Hyper Beam|p2a: Chansey
|-damage|p2a: Chansey|0 fnt
|faint|p2a: Chansey
|choice||switch 5
|
|switch|p2a: Tauros|Tauros|353\/353
|turn|59
|choice|switch 3|move 4
|
|switch|p1a: Exeggutor|Exeggutor|376\/393
|move|p2a: Tauros|Earthquake|p1a: Exeggutor
|-resisted|p1a: Exeggutor
|-damage|p1a: Exeggutor|330\/393
|
|turn|60
|choice|move 1|switch 6
|
|switch|p2a: Gengar|Gengar|109\/323
|move|p1a: Exeggutor|Sleep Powder|p2a: Gengar
|-status|p2a: Gengar|slp
|
|turn|61
|choice|move 2|switch 2
|
|switch|p2a: Alakazam|Alakazam|313\/313
|move|p1a: Exeggutor|Psychic|p2a: Alakazam
|-resisted|p2a: Alakazam
|-damage|p2a: Alakazam|267\/313
|-unboost|p2a: Alakazam|spd|1
|-unboost|p2a: Alakazam|spa|1
|
|turn|62
|choice|move 2|move 3
|
|move|p2a: Alakazam|Thunder Wave|p1a: Exeggutor
|-status|p1a: Exeggutor|par
|move|p1a: Exeggutor|Psychic|p2a: Alakazam
|-resisted|p2a: Alakazam
|-damage|p2a: Alakazam|192\/313
|-unboost|p2a: Alakazam|spd|1
|-unboost|p2a: Alakazam|spa|1
|
|turn|63
|choice|switch 3|move 1
|
|switch|p1a: Arcanine|Arcanine|165\/383
|move|p2a: Alakazam|Psychic|p1a: Arcanine
|-damage|p1a: Arcanine|94\/383
|-unboost|p1a: Arcanine|spd|1
|-unboost|p1a: Arcanine|spa|1
|
|turn|64
|choice|move 3|move 1
|
|move|p2a: Alakazam|Psychic|p1a: Arcanine
|-crit|p1a: Arcanine
|-damage|p1a: Arcanine|0 fnt
|faint|p1a: Arcanine
|choice|switch 2|
|
|switch|p1a: Chansey|Chansey|550\/703 par
|turn|65
|choice|move 4|switch 2
|
|switch|p2a: Gengar|Gengar|109\/323 slp
|move|p1a: Chansey|Thunder Wave|p2a: Gengar
|-fail|p2a: Gengar
|
|turn|66
|choice|switch 6|move 3
|
|switch|p1a: Jolteon|Jolteon|250\/333
|cant|p2a: Gengar|slp
|
|turn|67
|c| Ch01W0n5h1n|articuno and cloyster are underrated in ou
|choice|move 3|switch 4
|
|switch|p2a: Golem|Golem|363\/363
|move|p1a: Jolteon|Double Kick|p2a: Golem
|-supereffective|p2a: Golem
|-damage|p2a: Golem|328\/363
|-damage|p2a: Golem|293\/363
|-hitcount|p2a: Golem|2
|
|turn|68
|choice|switch 3|move 2
|
|switch|p1a: Exeggutor|Exeggutor|330\/393 par
|move|p2a: Golem|Explosion|p1a: Exeggutor
|-damage|p1a: Exeggutor|0 fnt
|faint|p1a: Exeggutor
|faint|p2a: Golem
|c| Ch01W0n5h1n|missed some turns if you wonder
|c|★Pr0n Snow|perfect
|choice|switch 6|switch 6
|
|switch|p2a: Tauros|Tauros|353\/353
|switch|p1a: Chansey|Chansey|550\/703 par
|turn|69
|choice|move 4|switch 4
|
|switch|p2a: Gengar|Gengar|109\/323 slp
|move|p1a: Chansey|Thunder Wave|p2a: Gengar
|-fail|p2a: Gengar
|
|turn|70
|choice|switch 3|move 3
|
|switch|p1a: Jolteon|Jolteon|250\/333
|cant|p2a: Gengar|slp
|
|turn|71
|choice|move 1|move 3
|
|move|p1a: Jolteon|Thunderbolt|p2a: Gengar
|-damage|p2a: Gengar|17\/323 slp
|cant|p2a: Gengar|slp
|
|turn|72
|c|★Pr0n Snow|ugh still alseep
|choice|move 1|move 3
|
|move|p1a: Jolteon|Thunderbolt|p2a: Gengar
|-damage|p2a: Gengar|0 fnt
|faint|p2a: Gengar
|choice||switch 2
|
|switch|p2a: Alakazam|Alakazam|192\/313
|turn|73
|choice|switch 3|move 3
|
|switch|p1a: Chansey|Chansey|550\/703 par
|move|p2a: Alakazam|Thunder Wave|p1a: Chansey
|-fail|p1a: Chansey|par
|
|turn|74
|choice|move 4|move 1
|
|move|p2a: Alakazam|Psychic|p1a: Chansey
|-damage|p1a: Chansey|422\/703 par
|cant|p1a: Chansey|par
|
|turn|75
|choice|move 4|move 1
|
|move|p2a: Alakazam|Psychic|p1a: Chansey
|-damage|p1a: Chansey|292\/703 par
|cant|p1a: Chansey|par
|
|turn|76
|choice|move 1|move 1
|
|move|p2a: Alakazam|Psychic|p1a: Chansey
|-damage|p1a: Chansey|169\/703 par
|-unboost|p1a: Chansey|spd|1
|-unboost|p1a: Chansey|spa|1
|move|p1a: Chansey|Soft-Boiled|p1a: Chansey
|-heal|p1a: Chansey|520\/703 par
|
|turn|77
|choice|move 4|move 4
|
|move|p2a: Alakazam|Reflect|p2a: Alakazam
|-start|p2a: Alakazam|Reflect
|cant|p1a: Chansey|par
|
|turn|78
|c|★Diegolh|omg
|choice|move 4|move 1
|
|move|p2a: Alakazam|Psychic|p1a: Chansey
|-damage|p1a: Chansey|326\/703 par
|move|p1a: Chansey|Thunder Wave|p2a: Alakazam
|-status|p2a: Alakazam|par
|
|turn|79
|choice|move 1|move 1
|
|move|p2a: Alakazam|Psychic|p1a: Chansey
|-damage|p1a: Chansey|130\/703 par
|move|p1a: Chansey|Soft-Boiled|p1a: Chansey
|-heal|p1a: Chansey|481\/703 par
|
|turn|80
|choice|switch 4|move 1
|
|switch|p1a: Articuno|Articuno|383\/383 par
|move|p2a: Alakazam|Psychic|p1a: Articuno
|-crit|p1a: Articuno
|-damage|p1a: Articuno|169\/383 par
|
|turn|81
|choice|move 1|move 1
|
|cant|p2a: Alakazam|par
|cant|p1a: Articuno|par
|
|turn|82
|choice|move 1|move 1
|
|move|p2a: Alakazam|Psychic|p1a: Articuno
|-crit|p1a: Articuno
|-damage|p1a: Articuno|0 fnt
|faint|p1a: Articuno
|c|★Diegolh|wow
|choice|switch 5|
|
|switch|p1a: Tauros|Tauros|55\/353 par
|turn|83
|choice|move 2|move 1
|
|cant|p2a: Alakazam|par
|move|p1a: Tauros|Hyper Beam|p2a: Alakazam|[miss]
|-miss|p1a: Tauros
|
|turn|84
|c|★Diegolh|wow
|c|★Pr0n Snow|wow
|c|★Diegolh|i got some bad luck here ^^
|choice|move 2|move 1
|
|move|p2a: Alakazam|Psychic|p1a: Tauros
|-damage|p1a: Tauros|0 fnt
|faint|p1a: Tauros
|choice|switch 3|
|
|switch|p1a: Jolteon|Jolteon|250\/333
|turn|85
|choice|move 1|move 3
|
|move|p1a: Jolteon|Thunderbolt|p2a: Alakazam
|-damage|p2a: Alakazam|100\/313 par
|move|p2a: Alakazam|Thunder Wave|p1a: Jolteon
|-status|p1a: Jolteon|par
|
|turn|86
|choice|move 1|move 2
|
|move|p1a: Jolteon|Thunderbolt|p2a: Alakazam
|-damage|p2a: Alakazam|0 fnt
|faint|p2a: Alakazam
|choice||switch 4
|
|switch|p2a: Tauros|Tauros|353\/353
|turn|87
|c|★Diegolh|tb para pls
|c|★Diegolh|no crit from this tauros
|c|★Pr0n Snow|i need a crit
|choice|move 1|move 4
|
|move|p2a: Tauros|Earthquake|p1a: Jolteon
|-crit|p1a: Jolteon
|-supereffective|p1a: Jolteon
|-damage|p1a: Jolteon|0 fnt
|faint|p1a: Jolteon
|c|★Diegolh|god
|c|★Pr0n Snow|wow
|choice|switch 4|
|
|switch|p1a: Chansey|Chansey|481\/703 par
|turn|88
|choice|move 4|move 2
|
|move|p2a: Tauros|Body Slam|p1a: Chansey
|-damage|p1a: Chansey|202\/703 par
|move|p1a: Chansey|Thunder Wave|p2a: Tauros
|-status|p2a: Tauros|par
|
|turn|89
|choice|move 1|move 2
|
|cant|p2a: Tauros|par
|move|p1a: Chansey|Soft-Boiled|p1a: Chansey
|-heal|p1a: Chansey|553\/703 par
|
|turn|90
|choice|move 1|move 2
|
|cant|p2a: Tauros|par
|move|p1a: Chansey|Soft-Boiled|p1a: Chansey
|-heal|p1a: Chansey|703\/703 par
|
|turn|91
|choice|move 3|move 2
|
|move|p2a: Tauros|Body Slam|p1a: Chansey
|-damage|p1a: Chansey|419\/703 par
|move|p1a: Chansey|Thunderbolt|p2a: Tauros
|-damage|p2a: Tauros|255\/353 par
|
|turn|92
|choice|move 1|move 3
|
|move|p2a: Tauros|Hyper Beam|p1a: Chansey|[miss]
|-miss|p2a: Tauros
|cant|p1a: Chansey|par
|
|turn|93
|choice|move 1|move 3
|
|move|p2a: Tauros|Hyper Beam|p1a: Chansey|[miss]
|-miss|p2a: Tauros
|move|p1a: Chansey|Soft-Boiled|p1a: Chansey
|-heal|p1a: Chansey|703\/703 par
|
|turn|94
|c|★Pr0n Snow|just think how pitiful this battle would look in the show
|choice|move 3|move 2
|
|move|p2a: Tauros|Body Slam|p1a: Chansey
|-damage|p1a: Chansey|436\/703 par
|move|p1a: Chansey|Thunderbolt|p2a: Tauros
|-damage|p2a: Tauros|150\/353 par
|
|turn|95
|c|★Diegolh|agree -_-
|choice|move 1|move 3
|
|move|p2a: Tauros|Hyper Beam|p1a: Chansey
|-damage|p1a: Chansey|0 fnt
|faint|p1a: Chansey
|
|win|Pr0n Snow
|player|p1
|player|p2
|c|★Pr0n Snow|gg
|c|★Diegolh|gg