|j|Subject Platinum
|j|SantiPerez98
|player|p1|Subject Platinum|70
|player|p2|SantiPerez98|167
|gametype|singles
|gen|1
|tier|[Gen 1] Random Battle
|seed|64755,11188,31777,25245
|rule|Sleep Clause Mod: Limit one foe put to sleep
|rule|Freeze Clause Mod: Limit one foe frozen
|rule|HP Percentage Mod: HP is shown in percentages
|
|start
|switch|p1a: Paras|Paras, L96|262\/262
|switch|p2a: Zapdos|Zapdos, L79|304\/304
|turn|1
|choice|switch 3|switch 2
|
|switch|p2a: Rhydon|Rhydon, L79|328\/328
|switch|p1a: Marowak|Marowak, L90|291\/291
|
|turn|2
|choice|move 4|move Body Slam
|
|move|p1a: Marowak|Blizzard|p2a: Rhydon
|-supereffective|p2a: Rhydon
|-damage|p2a: Rhydon|132\/328
|move|p2a: Rhydon|Body Slam|p1a: Marowak
|-damage|p1a: Marowak|237\/291
|
|turn|3
|c|★SantiPerez98|es para joy jajajajaja
|c|★SantiPerez98|hoy*
|choice|move 4|switch 5
|
|switch|p2a: Tentacruel|Tentacruel, L85|310\/310
|move|p1a: Marowak|Blizzard|p2a: Tentacruel
|-resisted|p2a: Tentacruel
|-damage|p2a: Tentacruel|283\/310
|
|turn|4
|c|★Subject Platinum|Perdon xD
|c|★Subject Platinum|Estoy ene l tour OU
|choice|switch 3|move Blizzard
|
|switch|p1a: Paras|Paras, L96|262\/262
|move|p2a: Tentacruel|Blizzard|p1a: Paras
|-crit|p1a: Paras
|-supereffective|p1a: Paras
|-damage|p1a: Paras|0 fnt
|faint|p1a: Paras
|c|★Subject Platinum|oh dios
|choice|switch 6|
|
|switch|p1a: Kangaskhan|Kangaskhan, L85|352\/352
|turn|5
|c|★SantiPerez98|ok jejeje
|choice|move 3|move Hydro Pump
|
|move|p2a: Tentacruel|Hydro Pump|p1a: Kangaskhan|[miss]
|-miss|p2a: Tentacruel
|move|p1a: Kangaskhan|Earthquake|p2a: Tentacruel
|-supereffective|p2a: Tentacruel
|-damage|p2a: Tentacruel|114\/310
|
|turn|6
|choice|move 3|switch 2
|
|switch|p2a: Zapdos|Zapdos, L79|304\/304
|move|p1a: Kangaskhan|Earthquake|p2a: Zapdos
|-immune|p2a: Zapdos|[msg]
|
|turn|7
|choice|switch 3|move Drill Peck
|
|switch|p1a: Marowak|Marowak, L90|237\/291
|move|p2a: Zapdos|Drill Peck|p1a: Marowak
|-damage|p1a: Marowak|181\/291
|
|turn|8
|choice|move 4|switch 2
|
|switch|p2a: Tentacruel|Tentacruel, L85|114\/310
|move|p1a: Marowak|Blizzard|p2a: Tentacruel
|-resisted|p2a: Tentacruel
|-damage|p2a: Tentacruel|88\/310
|
|turn|9
|choice|move 3|move Hyper Beam
|
|move|p2a: Tentacruel|Hyper Beam|p1a: Marowak
|-damage|p1a: Marowak|109\/291
|move|p1a: Marowak|Earthquake|p2a: Tentacruel
|-supereffective|p2a: Tentacruel
|-damage|p2a: Tentacruel|0 fnt
|faint|p2a: Tentacruel
|choice||switch 5
|
|switch|p2a: Rhydon|Rhydon, L79|132\/328
|turn|10
|c|★SantiPerez98|sos mujer??
|choice|move 3|move Earthquake
|
|move|p1a: Marowak|Earthquake|p2a: Rhydon
|-supereffective|p2a: Rhydon
|-damage|p2a: Rhydon|0 fnt
|faint|p2a: Rhydon
|c|★Subject Platinum|no
|c|★Subject Platinum|tengo pito
|c|★Subject Platinum|perdon por la tardanza xd
|choice||switch 2
|
|switch|p2a: Zapdos|Zapdos, L79|304\/304
|turn|11
|choice|move 4|move Drill Peck
|
|move|p2a: Zapdos|Drill Peck|p1a: Marowak
|-crit|p1a: Marowak
|-damage|p1a: Marowak|0 fnt
|faint|p1a: Marowak
|c|★SantiPerez98|jajajajajaja
|choice|switch 4|
|
|switch|p1a: Ninetales|Ninetales, L85|298\/298
|turn|12
|c|★SantiPerez98|no pasa nada bro
|c|★SantiPerez98|tomate tu tiempo
|choice|move 1|switch 4
|
|switch|p2a: Poliwag|Poliwag, L96|272\/272
|move|p1a: Ninetales|Fire Blast|p2a: Poliwag|[miss]
|-miss|p1a: Ninetales
|
|turn|13
|choice|switch 2|move Surf
|
|switch|p1a: Horsea|Horsea, L96|252\/252
|move|p2a: Poliwag|Surf|p1a: Horsea
|-crit|p1a: Horsea
|-resisted|p1a: Horsea
|-damage|p1a: Horsea|176\/252
|
|turn|14
|choice|move 4|move Psychic
|
|move|p2a: Poliwag|Psychic|p1a: Horsea
|-damage|p1a: Horsea|132\/252
|move|p1a: Horsea|Blizzard|p2a: Poliwag
|-resisted|p2a: Poliwag
|-damage|p2a: Poliwag|213\/272
|
|turn|15
|choice|move 4|move Psychic
|
|move|p2a: Poliwag|Psychic|p1a: Horsea
|-damage|p1a: Horsea|88\/252
|-unboost|p1a: Horsea|spd|1
|-unboost|p1a: Horsea|spa|1
|move|p1a: Horsea|Blizzard|p2a: Poliwag
|-resisted|p2a: Poliwag
|-damage|p2a: Poliwag|174\/272
|
|turn|16
|choice|move 4|move Psychic
|
|move|p2a: Poliwag|Psychic|p1a: Horsea
|-damage|p1a: Horsea|17\/252
|move|p1a: Horsea|Blizzard|p2a: Poliwag
|-crit|p2a: Poliwag
|-resisted|p2a: Poliwag
|-damage|p2a: Poliwag|63\/272
|
|turn|17
|choice|move 4|move Psychic
|
|move|p2a: Poliwag|Psychic|p1a: Horsea
|-damage|p1a: Horsea|0 fnt
|faint|p1a: Horsea
|choice|switch 3|
|
|switch|p1a: Kangaskhan|Kangaskhan, L85|352\/352
|turn|18
|choice|move 2|move Surf
|
|move|p2a: Poliwag|Surf|p1a: Kangaskhan
|-damage|p1a: Kangaskhan|223\/352
|move|p1a: Kangaskhan|Body Slam|p2a: Poliwag
|-damage|p2a: Poliwag|0 fnt
|faint|p2a: Poliwag
|choice||switch 4
|
|switch|p2a: Zapdos|Zapdos, L79|304\/304
|turn|19
|c|★SantiPerez98|porque tenes un avatar de mujer bro??
|choice|move 2|move Drill Peck
|
|move|p1a: Kangaskhan|Body Slam|p2a: Zapdos
|-damage|p2a: Zapdos|200\/304
|-status|p2a: Zapdos|par
|move|p2a: Zapdos|Drill Peck|p1a: Kangaskhan
|-crit|p1a: Kangaskhan
|-damage|p1a: Kangaskhan|73\/352
|
|turn|20
|c|★Subject Platinum|Me gusta cintia
|c|★SantiPerez98|jajajajajajajaja
|choice|move 4|move Drill Peck
|
|move|p1a: Kangaskhan|Hyper Beam|p2a: Zapdos
|-damage|p2a: Zapdos|18\/304 par
|move|p2a: Zapdos|Drill Peck|p1a: Kangaskhan
|-damage|p1a: Kangaskhan|0 fnt
|faint|p1a: Kangaskhan
|choice|switch 5|
|
|switch|p1a: Hitmonchan|Hitmonchan, L90|273\/273
|turn|21
|choice|move 4|move Thunderbolt
|
|move|p1a: Hitmonchan|Seismic Toss|p2a: Zapdos
|-damage|p2a: Zapdos|0 fnt
|faint|p2a: Zapdos
|choice||switch 3
|
|switch|p2a: Rapidash|Rapidash, L90|300\/300
|turn|22
|choice|move 2|move Fire Blast
|
|move|p2a: Rapidash|Fire Blast|p1a: Hitmonchan
|-damage|p1a: Hitmonchan|79\/273
|move|p1a: Hitmonchan|Body Slam|p2a: Rapidash
|-damage|p2a: Rapidash|218\/300
|-status|p2a: Rapidash|par
|
|turn|23
|choice|move 3|move Fire Blast
|
|move|p1a: Hitmonchan|Submission|p2a: Rapidash
|-damage|p2a: Rapidash|103\/300 par
|-damage|p1a: Hitmonchan|51\/273|[from] recoil|[of] p2a: Rapidash
|move|p2a: Rapidash|Fire Blast|p1a: Hitmonchan|[miss]
|-miss|p2a: Rapidash
|
|turn|24
|choice|move 3|move Hyper Beam
|
|move|p1a: Hitmonchan|Submission|p2a: Rapidash
|-damage|p2a: Rapidash|0 fnt
|-damage|p1a: Hitmonchan|26\/273|[from] recoil|[of] p2a: Rapidash
|faint|p2a: Rapidash
|choice||switch 6
|
|switch|p2a: Venomoth|Venomoth, L85|293\/293
|turn|25
|choice|move 2|move Psychic
|
|move|p2a: Venomoth|Psychic|p1a: Hitmonchan
|-supereffective|p1a: Hitmonchan
|-damage|p1a: Hitmonchan|0 fnt
|faint|p1a: Hitmonchan
|c|★SantiPerez98|buen combate bro
|choice|switch 2|
|
|switch|p1a: Ninetales|Ninetales, L85|298\/298
|turn|26
|c|★Subject Platinum|lo mismo digo
|choice|move 1|move Psychic
|
|move|p1a: Ninetales|Fire Blast|p2a: Venomoth
|-supereffective|p2a: Venomoth
|-damage|p2a: Venomoth|45\/293
|move|p2a: Venomoth|Psychic|p1a: Ninetales
|-crit|p1a: Ninetales
|-damage|p1a: Ninetales|192\/298
|
|turn|27
|choice|move 3|move Mega Drain
|
|move|p1a: Ninetales|Body Slam|p2a: Venomoth
|-damage|p2a: Venomoth|0 fnt
|faint|p2a: Venomoth
|
|win|Subject Platinum
|player|p1
|player|p2
|l|Subject Platinum