|j|Tayblade
|j|R@zzleFD@zzle
|player|p1|Tayblade|101
|player|p2|R@zzleFD@zzle|265
|gametype|singles
|gen|1
|tier|[Gen 1] OU
|seed|56653,11414,26966,54072
|rule|Sleep Clause Mod: Limit one foe put to sleep
|rule|Freeze Clause Mod: Limit one foe frozen
|rule|Species Clause: Limit one of each Pokémon
|rule|OHKO Clause: OHKO moves are banned
|rule|Evasion Moves Clause: Evasion moves are banned
|rule|HP Percentage Mod: HP is shown in percentages
|
|start
|switch|p1a: Snorlax|Snorlax|523\/523
|switch|p2a: Alakazam|Alakazam|313\/313
|turn|1
|choice|move 2|move 1
|
|move|p2a: Alakazam|Thunder Wave|p1a: Snorlax
|-status|p1a: Snorlax|par
|move|p1a: Snorlax|Ice Beam|p2a: Alakazam
|-crit|p2a: Alakazam
|-damage|p2a: Alakazam|222\/313
|
|turn|2
|choice|move 2|move 3
|
|move|p2a: Alakazam|Psychic|p1a: Snorlax
|-damage|p1a: Snorlax|362\/523 par
|move|p1a: Snorlax|Ice Beam|p2a: Alakazam
|-damage|p2a: Alakazam|176\/313
|
|turn|3
|choice|switch 2|move 2
|
|switch|p1a: Gengar|Gengar|323\/323
|move|p2a: Alakazam|Recover|p2a: Alakazam
|-heal|p2a: Alakazam|313\/313
|
|turn|4
|choice|move 4|move 3
|
|move|p2a: Alakazam|Psychic|p1a: Gengar
|-supereffective|p1a: Gengar
|-damage|p1a: Gengar|85\/323
|move|p1a: Gengar|Night Shade|p2a: Alakazam
|-damage|p2a: Alakazam|213\/313
|
|turn|5
|choice|switch 3|move 3
|
|switch|p1a: Dragonite|Dragonite|385\/385
|move|p2a: Alakazam|Psychic|p1a: Dragonite
|-crit|p1a: Dragonite
|-damage|p1a: Dragonite|120\/385
|
|turn|6
|choice|move 1|move 3
|
|move|p2a: Alakazam|Psychic|p1a: Dragonite
|-damage|p1a: Dragonite|0 fnt
|faint|p1a: Dragonite
|choice|switch 5|
|
|switch|p1a: Jolteon|Jolteon|333\/333
|turn|7
|choice|move 4|move 3
|
|move|p1a: Jolteon|Thunder Wave|p2a: Alakazam
|-status|p2a: Alakazam|par
|move|p2a: Alakazam|Psychic|p1a: Jolteon
|-damage|p1a: Jolteon|217\/333
|
|turn|8
|choice|move 1|switch 6
|
|switch|p2a: Rhydon|Rhydon|413\/413
|move|p1a: Jolteon|Thunderbolt|p2a: Rhydon
|-immune|p2a: Rhydon|[msg]
|
|turn|9
|choice|switch 4|move 1
|
|switch|p1a: Starmie|Starmie|323\/323
|move|p2a: Rhydon|Earthquake|p1a: Starmie
|-damage|p1a: Starmie|179\/323
|
|turn|10
|choice|move 3|switch 2
|
|switch|p2a: Exeggutor|Exeggutor|393\/393
|move|p1a: Starmie|Hydro Pump|p2a: Exeggutor|[miss]
|-miss|p1a: Starmie
|
|turn|11
|choice|move 2|move 1
|
|move|p1a: Starmie|Recover|p1a: Starmie
|-heal|p1a: Starmie|323\/323
|move|p2a: Exeggutor|Sleep Powder|p1a: Starmie
|-status|p1a: Starmie|slp
|
|turn|12
|choice|move 1|move 3
|
|cant|p1a: Starmie|slp
|move|p2a: Exeggutor|Mega Drain|p1a: Starmie
|-supereffective|p1a: Starmie
|-damage|p1a: Starmie|216\/323 slp
|
|turn|13
|choice|move 1|move 3
|
|cant|p1a: Starmie|slp
|move|p2a: Exeggutor|Mega Drain|p1a: Starmie
|-supereffective|p1a: Starmie
|-damage|p1a: Starmie|100\/323 slp
|
|turn|14
|choice|move 2|move 3
|
|cant|p1a: Starmie|slp
|move|p2a: Exeggutor|Mega Drain|p1a: Starmie
|-supereffective|p1a: Starmie
|-damage|p1a: Starmie|0 fnt
|faint|p1a: Starmie
|choice|switch 3|
|
|switch|p1a: Gengar|Gengar|85\/323
|turn|15
|choice|move 3|move 2
|
|move|p1a: Gengar|Body Slam|p2a: Exeggutor
|-damage|p2a: Exeggutor|350\/393
|move|p2a: Exeggutor|Psychic|p1a: Gengar
|-supereffective|p1a: Gengar
|-damage|p1a: Gengar|0 fnt
|faint|p1a: Gengar
|choice|switch 4|
|
|switch|p1a: Jolteon|Jolteon|217\/333
|turn|16
|choice|move 4|switch 2
|
|switch|p2a: Rhydon|Rhydon|413\/413
|move|p1a: Jolteon|Thunder Wave|p2a: Rhydon
|-immune|p2a: Rhydon|[msg]
|
|turn|17
|choice|move 3|move 1
|
|move|p1a: Jolteon|Reflect|p1a: Jolteon
|-start|p1a: Jolteon|Reflect
|move|p2a: Rhydon|Earthquake|p1a: Jolteon
|-supereffective|p1a: Jolteon
|-damage|p1a: Jolteon|13\/333
|
|turn|18
|choice|move 2|move 3
|
|move|p1a: Jolteon|Double-Edge|p2a: Rhydon
|-resisted|p2a: Rhydon
|-damage|p2a: Rhydon|394\/413
|-damage|p1a: Jolteon|9\/333|[from] recoil|[of] p2a: Rhydon
|move|p2a: Rhydon|Body Slam|p1a: Jolteon
|-damage|p1a: Jolteon|0 fnt
|faint|p1a: Jolteon
|choice|switch 6|
|
|switch|p1a: Chansey|Chansey|703\/703
|turn|19
|choice|move 3|move 1
|
|move|p1a: Chansey|Blizzard|p2a: Rhydon
|-supereffective|p2a: Rhydon
|-damage|p2a: Rhydon|75\/413
|move|p2a: Rhydon|Earthquake|p1a: Chansey
|-damage|p1a: Chansey|326\/703
|
|turn|20
|choice|move 3|switch 3
|
|switch|p2a: Jynx|Jynx|333\/333
|move|p1a: Chansey|Blizzard|p2a: Jynx
|-resisted|p2a: Jynx
|-damage|p2a: Jynx|282\/333
|
|turn|21
|choice|move 1|move 1
|
|move|p2a: Jynx|Lovely Kiss|p1a: Chansey
|-status|p1a: Chansey|slp
|cant|p1a: Chansey|slp
|
|turn|22
|choice|move 1|switch 3
|
|switch|p2a: Rhydon|Rhydon|75\/413
|-curestatus|p1a: Chansey|slp
|
|turn|23
|choice|move 3|switch 3
|
|switch|p2a: Jynx|Jynx|282\/333
|move|p1a: Chansey|Blizzard|p2a: Jynx
|-resisted|p2a: Jynx
|-damage|p2a: Jynx|231\/333
|
|turn|24
|choice|switch 2|move 1
|
|switch|p1a: Snorlax|Snorlax|362\/523 par
|move|p2a: Jynx|Lovely Kiss|p1a: Snorlax|[miss]
|-miss|p2a: Jynx
|
|turn|25
|choice|move 1|switch 5
|
|switch|p2a: Gengar|Gengar|323\/323
|move|p1a: Snorlax|Rest|p1a: Snorlax
|-status|p1a: Snorlax|slp
|-heal|p1a: Snorlax|523\/523 slp|[silent]
|-status|p1a: Snorlax|slp|[from] move: Rest
|
|turn|26
|choice|move 4|switch 6
|
|switch|p2a: Alakazam|Alakazam|213\/313 par
|cant|p1a: Snorlax|slp
|
|turn|27
|choice|move 4|move 2
|
|cant|p2a: Alakazam|par
|-curestatus|p1a: Snorlax|slp
|
|turn|28
|choice|move 2|move 2
|
|move|p2a: Alakazam|Recover|p2a: Alakazam
|-heal|p2a: Alakazam|313\/313 par
|move|p1a: Snorlax|Ice Beam|p2a: Alakazam
|-damage|p2a: Alakazam|266\/313 par
|
|turn|29
|choice|move 3|move 3
|
|move|p2a: Alakazam|Psychic|p1a: Snorlax
|-crit|p1a: Snorlax
|-damage|p1a: Snorlax|203\/523
|-unboost|p1a: Snorlax|spd|1
|-unboost|p1a: Snorlax|spa|1
|move|p1a: Snorlax|Body Slam|p2a: Alakazam
|-damage|p2a: Alakazam|89\/313 par
|
|turn|30
|choice|move 3|switch 6
|
|switch|p2a: Gengar|Gengar|323\/323
|move|p1a: Snorlax|Body Slam|p2a: Gengar
|-immune|p2a: Gengar|[msg]
|
|turn|31
|choice|move 4|move 1
|
|move|p2a: Gengar|Hypnosis|p1a: Snorlax|[miss]
|-miss|p2a: Gengar
|move|p1a: Snorlax|Psychic|p2a: Gengar
|-supereffective|p2a: Gengar
|-damage|p2a: Gengar|261\/323
|
|turn|32
|choice|move 1|move 1
|
|move|p2a: Gengar|Hypnosis|p1a: Snorlax|[miss]
|-miss|p2a: Gengar
|move|p1a: Snorlax|Rest|p1a: Snorlax
|-status|p1a: Snorlax|slp
|-heal|p1a: Snorlax|523\/523 slp|[silent]
|-status|p1a: Snorlax|slp|[from] move: Rest
|
|turn|33
|choice|move 4|switch 4
|
|switch|p2a: Starmie|Starmie|323\/323
|cant|p1a: Snorlax|slp
|
|turn|34
|choice|move 4|move 2
|
|move|p2a: Starmie|Psychic|p1a: Snorlax
|-damage|p1a: Snorlax|296\/523 slp
|-curestatus|p1a: Snorlax|slp
|
|turn|35
|choice|move 1|move 2
|
|move|p2a: Starmie|Psychic|p1a: Snorlax
|-damage|p1a: Snorlax|76\/523
|-unboost|p1a: Snorlax|spd|1
|-unboost|p1a: Snorlax|spa|1
|move|p1a: Snorlax|Rest|p1a: Snorlax
|-status|p1a: Snorlax|slp
|-heal|p1a: Snorlax|523\/523 slp|[silent]
|-status|p1a: Snorlax|slp|[from] move: Rest
|
|turn|36
|choice|move 2|move 2
|
|move|p2a: Starmie|Psychic|p1a: Snorlax
|-damage|p1a: Snorlax|232\/523 slp
|cant|p1a: Snorlax|slp
|
|turn|37
|choice|move 2|move 2
|
|move|p2a: Starmie|Psychic|p1a: Snorlax
|-damage|p1a: Snorlax|0 fnt
|faint|p1a: Snorlax
|choice|switch 2|
|
|switch|p1a: Chansey|Chansey|326\/703
|turn|38
|choice|move 2|move 2
|
|move|p2a: Starmie|Psychic|p1a: Chansey
|-damage|p1a: Chansey|222\/703
|move|p1a: Chansey|Tri Attack|p2a: Starmie
|-damage|p2a: Starmie|302\/323
|
|turn|39
|choice|move 1|move 2
|
|move|p2a: Starmie|Psychic|p1a: Chansey
|-damage|p1a: Chansey|123\/703
|move|p1a: Chansey|Soft-Boiled|p1a: Chansey
|-heal|p1a: Chansey|474\/703
|
|turn|40
|choice|move 1|switch 5
|
|switch|p2a: Jynx|Jynx|231\/333
|move|p1a: Chansey|Soft-Boiled|p1a: Chansey
|-heal|p1a: Chansey|703\/703
|
|turn|41
|choice|move 4|move 1
|
|move|p2a: Jynx|Lovely Kiss|p1a: Chansey
|-status|p1a: Chansey|slp
|-curestatus|p1a: Chansey|slp
|
|turn|42
|choice|move 4|move 1
|
|move|p2a: Jynx|Lovely Kiss|p1a: Chansey
|-status|p1a: Chansey|slp
|cant|p1a: Chansey|slp
|
|turn|43
|choice|move 4|move 3
|
|move|p2a: Jynx|Psychic|p1a: Chansey
|-damage|p1a: Chansey|605\/703 slp
|cant|p1a: Chansey|slp
|
|turn|44
|choice|move 4|move 3
|
|move|p2a: Jynx|Psychic|p1a: Chansey
|-crit|p1a: Chansey
|-damage|p1a: Chansey|414\/703 slp
|-curestatus|p1a: Chansey|slp
|
|turn|45
|choice|move 4|move 1
|
|move|p2a: Jynx|Lovely Kiss|p1a: Chansey|[miss]
|-miss|p2a: Jynx
|move|p1a: Chansey|Fire Blast|p2a: Jynx
|-supereffective|p2a: Jynx
|-damage|p2a: Jynx|30\/333
|
|turn|46
|choice|move 4|switch 4
|
|switch|p2a: Gengar|Gengar|261\/323
|move|p1a: Chansey|Fire Blast|p2a: Gengar
|-damage|p2a: Gengar|184\/323
|
|turn|47
|choice|move 1|move 1
|
|move|p2a: Gengar|Hypnosis|p1a: Chansey
|-status|p1a: Chansey|slp
|cant|p1a: Chansey|slp
|
|turn|48
|choice|move 1|switch 2
|
|switch|p2a: Exeggutor|Exeggutor|350\/393
|cant|p1a: Chansey|slp
|
|turn|49
|choice|move 1|move 2
|
|move|p2a: Exeggutor|Psychic|p1a: Chansey
|-damage|p1a: Chansey|291\/703 slp
|cant|p1a: Chansey|slp
|
|turn|50
|choice|move 1|move 2
|
|move|p2a: Exeggutor|Psychic|p1a: Chansey
|-damage|p1a: Chansey|167\/703 slp
|cant|p1a: Chansey|slp
|
|turn|51
|choice|move 1|move 4
|
|move|p2a: Exeggutor|Double-Edge|p1a: Chansey
|-damage|p1a: Chansey|0 fnt
|-damage|p2a: Exeggutor|309\/393|[from] recoil|[of] p1a: Chansey
|faint|p1a: Chansey
|
|win|R@zzleFD@zzle
|player|p1
|player|p2
|l|Tayblade