|j|business is cool
|j|Knight Paladin
|player|p1|business is cool|97
|player|p2|Knight Paladin|1
|gametype|singles
|gen|1
|tier|[Gen 1] Random Battle
|seed|
|rule|Sleep Clause Mod: Limit one foe put to sleep
|rule|Freeze Clause Mod: Limit one foe frozen
|rule|HP Percentage Mod: HP is shown in percentages
|
|start
|switch|p1a: Vileplume|Vileplume, L90|100\/100
|switch|p2a: Golduck|Golduck, L85|100\/100
|turn|1
|choice||
|
|switch|p2a: Snorlax|Snorlax, L79|100\/100
|switch|p1a: Tentacruel|Tentacruel, L85|100\/100
|
|turn|2
|choice||
|
|switch|p1a: Vileplume|Vileplume, L90|100\/100
|move|p2a: Snorlax|Earthquake|p1a: Vileplume
|-damage|p1a: Vileplume|80\/100
|
|turn|3
|choice||
|
|move|p1a: Vileplume|Sleep Powder|p2a: Snorlax
|-status|p2a: Snorlax|slp
|cant|p2a: Snorlax|slp
|
|turn|4
|choice||
|
|switch|p2a: Parasect|Parasect, L90|100\/100
|move|p1a: Vileplume|Body Slam|p2a: Parasect
|-damage|p2a: Parasect|81\/100
|
|turn|5
|choice||
|
|switch|p1a: Parasect|Parasect, L90|100\/100
|move|p2a: Parasect|Spore|p1a: Parasect
|-status|p1a: Parasect|slp
|
|turn|6
|choice||
|
|switch|p1a: Articuno|Articuno, L79|100\/100
|move|p2a: Parasect|Mega Drain|p1a: Articuno
|-resisted|p1a: Articuno
|-damage|p1a: Articuno|94\/100
|-heal|p2a: Parasect|84\/100|[from] drain|[of] p1a: Articuno
|
|turn|7
|choice||
|
|switch|p2a: Onix|Onix, L90|100\/100
|move|p1a: Articuno|Blizzard|p2a: Onix
|-supereffective|p2a: Onix
|-damage|p2a: Onix|0 fnt
|faint|p2a: Onix
|choice||
|
|switch|p2a: Golduck|Golduck, L85|100\/100
|turn|8
|choice||
|
|switch|p1a: Tentacruel|Tentacruel, L85|100\/100
|move|p2a: Golduck|Ice Beam|p1a: Tentacruel
|-resisted|p1a: Tentacruel
|-damage|p1a: Tentacruel|92\/100
|
|turn|9
|choice||
|
|move|p1a: Tentacruel|Hydro Pump|p2a: Golduck
|-resisted|p2a: Golduck
|-damage|p2a: Golduck|77\/100
|move|p2a: Golduck|Ice Beam|p1a: Tentacruel
|-resisted|p1a: Tentacruel
|-damage|p1a: Tentacruel|85\/100
|
|turn|10
|choice||
|
|move|p1a: Tentacruel|Surf|p2a: Golduck
|-resisted|p2a: Golduck
|-damage|p2a: Golduck|58\/100
|move|p2a: Golduck|Body Slam|p1a: Tentacruel
|-damage|p1a: Tentacruel|65\/100
|-status|p1a: Tentacruel|par
|
|turn|11
|choice||
|
|move|p2a: Golduck|Body Slam|p1a: Tentacruel
|-crit|p1a: Tentacruel
|-damage|p1a: Tentacruel|21\/100 par
|move|p1a: Tentacruel|Hyper Beam|p2a: Golduck|[miss]
|-miss|p1a: Tentacruel
|
|turn|12
|choice||
|
|move|p2a: Golduck|Body Slam|p1a: Tentacruel
|-damage|p1a: Tentacruel|0 fnt
|faint|p1a: Tentacruel
|choice||
|
|switch|p1a: Pikachu|Pikachu, L96|100\/100
|turn|13
|choice||
|
|switch|p2a: Chansey|Chansey, L79|100\/100
|move|p1a: Pikachu|Thunderbolt|p2a: Chansey
|-damage|p2a: Chansey|85\/100
|
|turn|14
|choice||
|
|move|p1a: Pikachu|Thunder Wave|p2a: Chansey
|-status|p2a: Chansey|par
|move|p2a: Chansey|Ice Beam|p1a: Pikachu
|-damage|p1a: Pikachu|71\/100
|
|turn|15
|choice||
|
|switch|p1a: Articuno|Articuno, L79|94\/100
|move|p2a: Chansey|Ice Beam|p1a: Articuno
|-damage|p1a: Articuno|77\/100
|
|turn|16
|choice||
|
|switch|p2a: Snorlax|Snorlax, L79|100\/100 slp
|move|p1a: Articuno|Reflect|p1a: Articuno
|-start|p1a: Articuno|Reflect
|
|turn|17
|choice||
|
|move|p1a: Articuno|Blizzard|p2a: Snorlax
|-damage|p2a: Snorlax|58\/100 slp
|cant|p2a: Snorlax|slp
|
|turn|18
|choice||
|
|move|p1a: Articuno|Blizzard|p2a: Snorlax
|-damage|p2a: Snorlax|15\/100 slp
|cant|p2a: Snorlax|slp
|
|turn|19
|choice||
|
|switch|p2a: Chansey|Chansey, L79|85\/100 par
|move|p1a: Articuno|Blizzard|p2a: Chansey
|-damage|p2a: Chansey|63\/100 par
|
|turn|20
|choice||
|
|move|p1a: Articuno|Mimic|p2a: Chansey
|-start|p1a: Articuno|Mimic|Thunderbolt
|move|p2a: Chansey|Thunderbolt|p1a: Articuno
|-supereffective|p1a: Articuno
|-damage|p1a: Articuno|44\/100
|-status|p1a: Articuno|par
|
|turn|21
|choice||
|
|move|p1a: Articuno|Rest|p1a: Articuno
|-status|p1a: Articuno|slp
|-heal|p1a: Articuno|100\/100 slp|[silent]
|-status|p1a: Articuno|slp|[from] move: Rest
|move|p2a: Chansey|Thunderbolt|p1a: Articuno
|-supereffective|p1a: Articuno
|-damage|p1a: Articuno|66\/100 slp
|
|turn|22
|choice||
|
|switch|p1a: Mew|Mew, L74|100\/100
|move|p2a: Chansey|Soft-Boiled|p2a: Chansey
|-heal|p2a: Chansey|100\/100 par
|
|turn|23
|choice||
|
|switch|p2a: Pinsir|Pinsir, L85|100\/100
|move|p1a: Mew|Swords Dance|p1a: Mew
|-boost|p1a: Mew|atk|2
|
|turn|24
|choice||
|
|move|p2a: Pinsir|Submission|p1a: Mew
|-resisted|p1a: Mew
|-damage|p1a: Mew|89\/100
|-damage|p2a: Pinsir|98\/100|[from] recoil|[of] p1a: Mew
|move|p1a: Mew|Psychic|p2a: Pinsir
|-damage|p2a: Pinsir|62\/100
|
|turn|25
|choice||
|
|move|p2a: Pinsir|Hyper Beam|p1a: Mew
|-damage|p1a: Mew|40\/100
|move|p1a: Mew|Psychic|p2a: Pinsir
|-crit|p2a: Pinsir
|-damage|p2a: Pinsir|0 fnt
|faint|p2a: Pinsir
|choice||
|
|switch|p2a: Chansey|Chansey, L79|100\/100 par
|turn|26
|choice||
|
|move|p1a: Mew|Soft-Boiled|p1a: Mew
|-heal|p1a: Mew|90\/100
|cant|p2a: Chansey|par
|
|turn|27
|choice||
|
|move|p1a: Mew|Swords Dance|p1a: Mew
|-boost|p1a: Mew|atk|2
|move|p2a: Chansey|Thunderbolt|p1a: Mew
|-damage|p1a: Mew|67\/100
|-status|p1a: Mew|par
|
|turn|28
|choice||
|
|switch|p2a: Parasect|Parasect, L90|84\/100
|move|p1a: Mew|Swords Dance|p1a: Mew
|-boost|p1a: Mew|atk|2
|
|turn|29
|choice||
|
|move|p2a: Parasect|Spore|p1a: Mew
|-fail|p1a: Mew
|cant|p1a: Mew|par
|
|turn|30
|choice||
|
|move|p2a: Parasect|Body Slam|p1a: Mew
|-damage|p1a: Mew|43\/100 par
|move|p1a: Mew|Soft-Boiled|p1a: Mew
|-heal|p1a: Mew|93\/100 par
|
|turn|31
|choice||
|
|move|p2a: Parasect|Body Slam|p1a: Mew
|-damage|p1a: Mew|70\/100 par
|move|p1a: Mew|Psychic|p2a: Parasect
|-damage|p2a: Parasect|60\/100
|
|turn|32
|choice||
|
|move|p2a: Parasect|Spore|p1a: Mew
|-fail|p1a: Mew
|move|p1a: Mew|Psychic|p2a: Parasect
|-damage|p2a: Parasect|35\/100
|
|turn|33
|choice||
|
|move|p2a: Parasect|Body Slam|p1a: Mew
|-damage|p1a: Mew|45\/100 par
|cant|p1a: Mew|par
|
|turn|34
|choice||
|
|move|p2a: Parasect|Body Slam|p1a: Mew
|-crit|p1a: Mew
|-damage|p1a: Mew|0 fnt
|faint|p1a: Mew
|choice||
|
|switch|p1a: Articuno|Articuno, L79|66\/100 slp
|turn|35
|choice||
|
|switch|p2a: Chansey|Chansey, L79|100\/100 par
|cant|p1a: Articuno|slp
|
|turn|36
|choice||
|
|-curestatus|p1a: Articuno|slp
|cant|p2a: Chansey|par
|
|turn|37
|choice||
|
|move|p1a: Articuno|Mimic|p2a: Chansey
|-start|p1a: Articuno|Mimic|Ice Beam
|move|p2a: Chansey|Thunderbolt|p1a: Articuno
|-supereffective|p1a: Articuno
|-damage|p1a: Articuno|31\/100
|-status|p1a: Articuno|par
|
|turn|38
|choice||
|
|move|p1a: Articuno|Rest|p1a: Articuno
|-status|p1a: Articuno|slp
|-heal|p1a: Articuno|100\/100 slp|[silent]
|-status|p1a: Articuno|slp|[from] move: Rest
|move|p2a: Chansey|Thunderbolt|p1a: Articuno
|-supereffective|p1a: Articuno
|-damage|p1a: Articuno|64\/100 slp
|
|turn|39
|choice||
|
|switch|p1a: Pikachu|Pikachu, L96|71\/100
|move|p2a: Chansey|Thunderbolt|p1a: Pikachu
|-resisted|p1a: Pikachu
|-damage|p1a: Pikachu|57\/100
|
|turn|40
|choice||
|
|switch|p1a: Articuno|Articuno, L79|64\/100 slp
|move|p2a: Chansey|Ice Beam|p1a: Articuno
|-damage|p1a: Articuno|48\/100 slp
|
|turn|41
|choice||
|
|switch|p1a: Vileplume|Vileplume, L90|80\/100
|move|p2a: Chansey|Thunderbolt|p1a: Vileplume
|-resisted|p1a: Vileplume
|-damage|p1a: Vileplume|72\/100
|
|turn|42
|choice||
|
|move|p1a: Vileplume|Body Slam|p2a: Chansey
|-damage|p2a: Chansey|71\/100 par
|move|p2a: Chansey|Counter|p1a: Vileplume
|-damage|p1a: Vileplume|0 fnt
|faint|p1a: Vileplume
|choice||
|
|switch|p1a: Pikachu|Pikachu, L96|57\/100
|turn|43
|choice||
|
|move|p1a: Pikachu|Surf|p2a: Chansey
|-damage|p2a: Chansey|61\/100 par
|move|p2a: Chansey|Ice Beam|p1a: Pikachu
|-damage|p1a: Pikachu|30\/100
|
|turn|44
|choice||
|
|move|p1a: Pikachu|Thunderbolt|p2a: Chansey
|-damage|p2a: Chansey|47\/100 par
|move|p2a: Chansey|Ice Beam|p1a: Pikachu
|-damage|p1a: Pikachu|0 fnt
|faint|p1a: Pikachu
|choice||
|
|switch|p1a: Articuno|Articuno, L79|48\/100 slp
|turn|45
|choice||
|
|cant|p1a: Articuno|slp
|cant|p2a: Chansey|par
|
|turn|46
|choice||
|
|-curestatus|p1a: Articuno|slp
|move|p2a: Chansey|Soft-Boiled|p2a: Chansey
|-heal|p2a: Chansey|97\/100 par
|
|turn|47
|choice||
|
|move|p1a: Articuno|Mimic|p2a: Chansey
|-start|p1a: Articuno|Mimic|Counter
|cant|p2a: Chansey|par
|
|turn|48
|choice||
|
|switch|p1a: Parasect|Parasect, L90|100\/100 slp
|move|p2a: Chansey|Thunderbolt|p1a: Parasect
|-resisted|p1a: Parasect
|-damage|p1a: Parasect|90\/100 slp
|
|turn|49
|choice||
|
|cant|p1a: Parasect|slp
|move|p2a: Chansey|Ice Beam|p1a: Parasect
|-crit|p1a: Parasect
|-supereffective|p1a: Parasect
|-damage|p1a: Parasect|14\/100 slp
|
|turn|50
|choice||
|
|cant|p1a: Parasect|slp
|move|p2a: Chansey|Ice Beam|p1a: Parasect
|-supereffective|p1a: Parasect
|-damage|p1a: Parasect|0 fnt
|faint|p1a: Parasect
|choice||
|
|switch|p1a: Articuno|Articuno, L79|48\/100
|turn|51
|choice||
|
|move|p1a: Articuno|Mimic|p2a: Chansey
|-start|p1a: Articuno|Mimic|Counter
|move|p2a: Chansey|Ice Beam|p1a: Articuno
|-damage|p1a: Articuno|30\/100
|
|turn|52
|choice||
|
|move|p1a: Articuno|Rest|p1a: Articuno
|-status|p1a: Articuno|slp
|-heal|p1a: Articuno|100\/100 slp|[silent]
|-status|p1a: Articuno|slp|[from] move: Rest
|move|p2a: Chansey|Thunderbolt|p1a: Articuno
|-supereffective|p1a: Articuno
|-damage|p1a: Articuno|68\/100 slp
|
|turn|53
|choice||
|
|cant|p1a: Articuno|slp
|cant|p2a: Chansey|par
|
|turn|54
|choice||
|
|-curestatus|p1a: Articuno|slp
|move|p2a: Chansey|Thunderbolt|p1a: Articuno
|-supereffective|p1a: Articuno
|-damage|p1a: Articuno|31\/100
|
|turn|55
|choice||
|
|move|p1a: Articuno|Rest|p1a: Articuno
|-status|p1a: Articuno|slp
|-heal|p1a: Articuno|100\/100 slp|[silent]
|-status|p1a: Articuno|slp|[from] move: Rest
|move|p2a: Chansey|Thunderbolt|p1a: Articuno
|-supereffective|p1a: Articuno
|-damage|p1a: Articuno|65\/100 slp
|
|turn|56
|choice||
|
|cant|p1a: Articuno|slp
|cant|p2a: Chansey|par
|
|turn|57
|choice||
|
|-curestatus|p1a: Articuno|slp
|cant|p2a: Chansey|par
|
|turn|58
|choice||
|
|move|p1a: Articuno|Blizzard|p2a: Chansey
|-damage|p2a: Chansey|74\/100 par
|cant|p2a: Chansey|par
|
|turn|59
|choice||
|
|move|p1a: Articuno|Blizzard|p2a: Chansey
|-crit|p2a: Chansey
|-damage|p2a: Chansey|29\/100 par
|move|p2a: Chansey|Thunderbolt|p1a: Articuno
|-supereffective|p1a: Articuno
|-damage|p1a: Articuno|31\/100
|
|turn|60
|choice||
|
|switch|p2a: Parasect|Parasect, L90|35\/100
|move|p1a: Articuno|Blizzard|p2a: Parasect
|-supereffective|p2a: Parasect
|-damage|p2a: Parasect|0 fnt
|faint|p2a: Parasect
|choice||
|
|switch|p2a: Golduck|Golduck, L85|58\/100
|turn|61
|choice||
|
|move|p2a: Golduck|Rest|p2a: Golduck
|-status|p2a: Golduck|slp
|-heal|p2a: Golduck|100\/100 slp|[silent]
|-status|p2a: Golduck|slp|[from] move: Rest
|move|p1a: Articuno|Rest|p1a: Articuno
|-status|p1a: Articuno|slp
|-heal|p1a: Articuno|100\/100 slp|[silent]
|-status|p1a: Articuno|slp|[from] move: Rest
|
|turn|62
|choice||
|
|switch|p2a: Chansey|Chansey, L79|29\/100 par
|cant|p1a: Articuno|slp
|
|turn|63
|choice||
|
|-curestatus|p1a: Articuno|slp
|move|p2a: Chansey|Soft-Boiled|p2a: Chansey
|-heal|p2a: Chansey|79\/100 par
|
|turn|64
|choice||
|
|cant|p2a: Chansey|par
|move|p1a: Articuno|Counter|p2a: Chansey
|-fail|p1a: Articuno
|
|turn|65
|choice||
|
|move|p1a: Articuno|Blizzard|p2a: Chansey
|-damage|p2a: Chansey|56\/100 par
|move|p2a: Chansey|Thunderbolt|p1a: Articuno
|-supereffective|p1a: Articuno
|-damage|p1a: Articuno|68\/100
|
|turn|66
|choice||
|
|move|p1a: Articuno|Reflect|p1a: Articuno
|-start|p1a: Articuno|Reflect
|move|p2a: Chansey|Thunderbolt|p1a: Articuno
|-supereffective|p1a: Articuno
|-damage|p1a: Articuno|34\/100
|
|turn|67
|choice||
|
|move|p1a: Articuno|Rest|p1a: Articuno
|-status|p1a: Articuno|slp
|-heal|p1a: Articuno|100\/100 slp|[silent]
|-status|p1a: Articuno|slp|[from] move: Rest
|move|p2a: Chansey|Thunderbolt|p1a: Articuno
|-supereffective|p1a: Articuno
|-damage|p1a: Articuno|66\/100 slp
|
|turn|68
|choice||
|
|cant|p1a: Articuno|slp
|cant|p2a: Chansey|par
|
|turn|69
|choice||
|
|-curestatus|p1a: Articuno|slp
|move|p2a: Chansey|Soft-Boiled|p2a: Chansey
|-heal|p2a: Chansey|100\/100 par
|
|turn|70
|choice||
|
|switch|p2a: Golduck|Golduck, L85|100\/100 slp
|move|p1a: Articuno|Counter|p2a: Golduck
|-fail|p1a: Articuno
|
|turn|71
|choice||
|
|cant|p2a: Golduck|slp
|move|p1a: Articuno|Reflect|p1a: Articuno
|-fail|p1a: Articuno
|
|turn|72
|choice||
|
|-curestatus|p2a: Golduck|slp
|move|p1a: Articuno|Rest|p1a: Articuno
|-status|p1a: Articuno|slp
|-heal|p1a: Articuno|100\/100 slp|[silent]
|-status|p1a: Articuno|slp|[from] move: Rest
|
|turn|73
|choice||
|
|move|p2a: Golduck|Body Slam|p1a: Articuno
|-damage|p1a: Articuno|92\/100 slp
|cant|p1a: Articuno|slp
|
|turn|74
|choice||
|
|move|p2a: Golduck|Amnesia|p2a: Golduck
|-boost|p2a: Golduck|spd|2
|-boost|p2a: Golduck|spa|2
|-curestatus|p1a: Articuno|slp
|
|turn|75
|choice||
|
|move|p2a: Golduck|Amnesia|p2a: Golduck
|-boost|p2a: Golduck|spd|2
|-boost|p2a: Golduck|spa|2
|move|p1a: Articuno|Counter|p2a: Golduck
|-fail|p1a: Articuno
|
|turn|76
|choice||
|
|move|p2a: Golduck|Amnesia|p2a: Golduck
|-boost|p2a: Golduck|spd|2
|-boost|p2a: Golduck|spa|2
|move|p1a: Articuno|Counter|p2a: Golduck
|-fail|p1a: Articuno
|
|turn|77
|choice||
|
|move|p2a: Golduck|Ice Beam|p1a: Articuno
|-damage|p1a: Articuno|21\/100
|move|p1a: Articuno|Counter|p2a: Golduck
|-fail|p1a: Articuno
|
|turn|78
|choice||
|
|move|p2a: Golduck|Ice Beam|p1a: Articuno
|-crit|p1a: Articuno
|-damage|p1a: Articuno|0 fnt
|faint|p1a: Articuno
|
|win|Knight Paladin
|player|p1
|player|p2