|join|Guillecefiro
|join|erik1erik
|player|p1|Guillecefiro|266
|player|p2|erik1erik|101
|gametype|singles
|gen|1
|tier|[Gen 1] Random Battle
|rated
|rule|Sleep Clause Mod: Limit one foe put to sleep
|rule|Freeze Clause Mod: Limit one foe frozen
|rule|HP Percentage Mod: HP is shown in percentages
|
|start
|switch|p1a: Graveler|Graveler, L85|267\/267
|switch|p2a: Rhyhorn|Rhyhorn, L96|348\/348
|turn|1
|
|move|p1a: Graveler|Earthquake|p2a: Rhyhorn
|-supereffective|p2a: Rhyhorn
|-damage|p2a: Rhyhorn|174\/348
|move|p2a: Rhyhorn|Earthquake|p1a: Graveler
|-supereffective|p1a: Graveler
|-damage|p1a: Graveler|42\/267
|
|turn|2
|
|move|p1a: Graveler|Explosion|p2a: Rhyhorn
|-resisted|p2a: Rhyhorn
|-damage|p2a: Rhyhorn|66\/348
|faint|p1a: Graveler
|
|switch|p1a: Tentacruel|Tentacruel, L85|310\/310
|turn|3
|
|move|p1a: Tentacruel|Surf|p2a: Rhyhorn
|-supereffective|p2a: Rhyhorn
|-damage|p2a: Rhyhorn|0 fnt
|faint|p2a: Rhyhorn
|
|switch|p2a: Magneton|Magneton, L85|259\/259
|turn|4
|
|switch|p1a: Golem|Golem, L79|288\/288
|move|p2a: Magneton|Thunderbolt|p1a: Golem
|-immune|p1a: Golem|[msg]
|
|turn|5
|
|switch|p2a: Seaking|Seaking, L85|310\/310
|move|p1a: Golem|Rock Slide|p2a: Seaking
|-damage|p2a: Seaking|219\/310
|
|turn|6
|
|switch|p1a: Alakazam|Alakazam, L79|249\/249
|move|p2a: Seaking|Double-Edge|p1a: Alakazam
|-damage|p1a: Alakazam|144\/249
|-damage|p2a: Seaking|193\/310|[from] recoil|[of] p1a: Alakazam
|
|turn|7
|
|move|p1a: Alakazam|Psychic|p2a: Seaking
|-crit|p2a: Seaking
|-damage|p2a: Seaking|0 fnt
|faint|p2a: Seaking
|
|switch|p2a: Raichu|Raichu, L85|276\/276
|turn|8
|
|move|p1a: Alakazam|Recover|p1a: Alakazam
|-heal|p1a: Alakazam|249\/249
|move|p2a: Raichu|Body Slam|p1a: Alakazam
|-damage|p1a: Alakazam|151\/249
|
|turn|9
|
|move|p1a: Alakazam|Psychic|p2a: Raichu
|-damage|p2a: Raichu|166\/276
|-unboost|p2a: Raichu|spd|1
|-unboost|p2a: Raichu|spa|1
|move|p2a: Raichu|Body Slam|p1a: Alakazam
|-damage|p1a: Alakazam|59\/249
|
|turn|10
|
|move|p1a: Alakazam|Recover|p1a: Alakazam
|-heal|p1a: Alakazam|183\/249
|move|p2a: Raichu|Hyper Beam|p1a: Alakazam
|-crit|p1a: Alakazam
|-damage|p1a: Alakazam|0 fnt
|faint|p1a: Alakazam
|
|switch|p1a: Grimer|Grimer, L96|348\/348
|turn|11
|
|switch|p2a: Ninetales|Ninetales, L85|298\/298
|move|p1a: Grimer|Body Slam|p2a: Ninetales
|-damage|p2a: Ninetales|226\/298
|
|turn|12
|
|move|p2a: Ninetales|Fire Blast|p1a: Grimer
|-damage|p1a: Grimer|172\/348
|move|p1a: Grimer|Explosion|p2a: Ninetales
|-damage|p2a: Ninetales|0 fnt
|faint|p2a: Ninetales
|faint|p1a: Grimer
|
|switch|p2a: Raichu|Raichu, L85|166\/276
|switch|p1a: Ditto|Ditto, L99|296\/296
|turn|13
|
|move|p2a: Raichu|Body Slam|p1a: Ditto
|-damage|p1a: Ditto|223\/296
|move|p1a: Ditto|Transform|p2a: Raichu
|-transform|p1a: Ditto|p2a: Raichu
|
|turn|14
|
|move|p2a: Raichu|Body Slam|p1a: Ditto
|-damage|p1a: Ditto|147\/296
|-status|p1a: Ditto|par
|cant|p1a: Ditto|par
|
|turn|15
|
|move|p2a: Raichu|Body Slam|p1a: Ditto
|-damage|p1a: Ditto|74\/296 par
|move|p1a: Ditto|Hyper Beam|p2a: Raichu
|-crit|p2a: Raichu
|-damage|p2a: Raichu|0 fnt
|faint|p2a: Raichu
|
|switch|p2a: Magneton|Magneton, L85|259\/259
|turn|16
|
|switch|p1a: Golem|Golem, L79|288\/288
|move|p2a: Magneton|Mimic|p1a: Golem
|-start|p2a: Magneton|Mimic|Earthquake
|
|turn|17
|
|move|p2a: Magneton|Earthquake|p1a: Golem
|-supereffective|p1a: Golem
|-damage|p1a: Golem|195\/288
|move|p1a: Golem|Earthquake|p2a: Magneton
|-supereffective|p2a: Magneton
|-damage|p2a: Magneton|63\/259
|
|turn|18
|
|move|p2a: Magneton|Earthquake|p1a: Golem
|-supereffective|p1a: Golem
|-damage|p1a: Golem|105\/288
|move|p1a: Golem|Earthquake|p2a: Magneton
|-supereffective|p2a: Magneton
|-damage|p2a: Magneton|0 fnt
|faint|p2a: Magneton
|
|switch|p2a: Flareon|Flareon, L85|284\/284
|turn|19
|
|move|p2a: Flareon|Fire Blast|p1a: Golem
|-resisted|p1a: Golem
|-damage|p1a: Golem|9\/288
|move|p1a: Golem|Earthquake|p2a: Flareon
|-supereffective|p2a: Flareon
|-damage|p2a: Flareon|22\/284
|
|turn|20
|
|move|p2a: Flareon|Body Slam|p1a: Golem
|-resisted|p1a: Golem
|-damage|p1a: Golem|0 fnt
|faint|p1a: Golem
|
|switch|p1a: Tentacruel|Tentacruel, L85|310\/310
|turn|21
|
|move|p2a: Flareon|Quick Attack|p1a: Tentacruel
|-damage|p1a: Tentacruel|266\/310
|move|p1a: Tentacruel|Surf|p2a: Flareon
|-supereffective|p2a: Flareon
|-damage|p2a: Flareon|0 fnt
|faint|p2a: Flareon
|
|win|Guillecefiro
|raw|Ladder updating...
|raw|Guillecefiro's rating: 1291 &rarr; <strong>1316<\/strong><br \/>(+25 for winning)
|raw|erik1erik's rating: 1293 &rarr; <strong>1268<\/strong><br \/>(-25 for losing)
|leave|erik1erik