|j|Pokemon-Sucks OK
|j|Ch01W0n5h1n
|player|p1|Pokemon-Sucks OK|115
|player|p2|Ch01W0n5h1n|165
|gametype|singles
|gen|1
|tier|[Gen 1] OU
|rated
|seed|55408,25411,64803,23334
|rule|Sleep Clause Mod: Limit one foe put to sleep
|rule|Freeze Clause Mod: Limit one foe frozen
|rule|Species Clause: Limit one of each Pokémon
|rule|OHKO Clause: OHKO moves are banned
|rule|Evasion Moves Clause: Evasion moves are banned
|rule|HP Percentage Mod: HP is shown in percentages
|
|start
|switch|p1a: Jynx|Jynx|333\/333
|switch|p2a: Cut.Exe|Exeggutor|393\/393
|turn|1
|choice|move 1|switch 3
|
|switch|p2a: Hungry|Alakazam|313\/313
|move|p1a: Jynx|Blizzard|p2a: Hungry
|-damage|p2a: Hungry|193\/313
|
|turn|2
|choice|switch 3|move 2
|
|switch|p1a: Chansey|Chansey|703\/703
|move|p2a: Hungry|Kinesis|p1a: Chansey|[miss]
|-miss|p2a: Hungry
|
|turn|3
|choice|move 1|switch 2
|
|switch|p2a: Chance E|Chansey|703\/703
|move|p1a: Chansey|Ice Beam|p2a: Chance E
|-damage|p2a: Chance E|635\/703
|
|turn|4
|choice|move 1|move 2
|
|move|p1a: Chansey|Ice Beam|p2a: Chance E
|-damage|p2a: Chance E|555\/703
|move|p2a: Chance E|Ice Beam|p1a: Chansey
|-damage|p1a: Chansey|629\/703
|
|turn|5
|choice|move 1|move 2
|
|move|p1a: Chansey|Ice Beam|p2a: Chance E
|-damage|p2a: Chance E|487\/703
|move|p2a: Chance E|Ice Beam|p1a: Chansey
|-damage|p1a: Chansey|556\/703
|
|turn|6
|choice|move 1|move 2
|
|move|p1a: Chansey|Ice Beam|p2a: Chance E
|-damage|p2a: Chance E|409\/703
|move|p2a: Chance E|Ice Beam|p1a: Chansey
|-crit|p1a: Chansey
|-damage|p1a: Chansey|411\/703
|
|turn|7
|choice|move 1|move 2
|
|move|p2a: Chance E|Ice Beam|p1a: Chansey
|-damage|p1a: Chansey|333\/703
|move|p1a: Chansey|Ice Beam|p2a: Chance E
|-damage|p2a: Chance E|328\/703
|
|turn|8
|choice|move 3|move 2
|
|move|p2a: Chance E|Ice Beam|p1a: Chansey
|-crit|p1a: Chansey
|-damage|p1a: Chansey|183\/703
|move|p1a: Chansey|Soft-Boiled|p1a: Chansey
|-heal|p1a: Chansey|534\/703
|
|turn|9
|choice|move 1|move 2
|
|move|p2a: Chance E|Ice Beam|p1a: Chansey
|-damage|p1a: Chansey|460\/703
|move|p1a: Chansey|Ice Beam|p2a: Chance E
|-crit|p2a: Chance E
|-damage|p2a: Chance E|194\/703
|
|turn|10
|choice|move 1|move 2
|
|move|p1a: Chansey|Ice Beam|p2a: Chance E
|-crit|p2a: Chance E
|-damage|p2a: Chance E|37\/703
|move|p2a: Chance E|Ice Beam|p1a: Chansey
|-damage|p1a: Chansey|389\/703
|
|turn|11
|choice|move 1|switch 6
|
|switch|p2a: Kabutops|Kabutops|323\/323
|move|p1a: Chansey|Ice Beam|p2a: Kabutops
|-resisted|p2a: Kabutops
|-damage|p2a: Kabutops|277\/323
|
|turn|12
|choice|move 4|move 1
|
|move|p2a: Kabutops|Swords Dance|p2a: Kabutops
|-boost|p2a: Kabutops|atk|2
|move|p1a: Chansey|Thunderbolt|p2a: Kabutops
|-supereffective|p2a: Kabutops
|-damage|p2a: Kabutops|74\/323
|
|turn|13
|choice|switch 4|move 4
|
|switch|p1a: Articuno|Articuno|383\/383
|move|p2a: Kabutops|Body Slam|p1a: Articuno
|-damage|p1a: Articuno|228\/383
|
|turn|14
|choice|move 1|switch 2
|
|switch|p2a: Hungry|Alakazam|193\/313
|move|p1a: Articuno|Blizzard|p2a: Hungry
|-damage|p2a: Hungry|57\/313
|
|turn|15
|choice|move 1|move 3
|
|move|p2a: Hungry|Recover|p2a: Hungry
|-heal|p2a: Hungry|213\/313
|move|p1a: Articuno|Blizzard|p2a: Hungry
|-crit|p2a: Hungry
|-damage|p2a: Hungry|0 fnt
|faint|p2a: Hungry
|choice||switch 5
|
|switch|p2a: Gorelax|Snorlax|523\/523
|turn|16
|choice|move 2|move 1
|
|move|p1a: Articuno|Reflect|p1a: Articuno
|-start|p1a: Articuno|Reflect
|move|p2a: Gorelax|Amnesia|p2a: Gorelax
|-boost|p2a: Gorelax|spd|2
|-boost|p2a: Gorelax|spa|2
|
|turn|17
|choice|move 1|move 4
|
|move|p1a: Articuno|Blizzard|p2a: Gorelax
|-crit|p2a: Gorelax
|-damage|p2a: Gorelax|133\/523
|move|p2a: Gorelax|Thunderbolt|p1a: Articuno
|-supereffective|p1a: Articuno
|-damage|p1a: Articuno|36\/383
|
|turn|18
|choice|move 4|move 2
|
|move|p1a: Articuno|Hyper Beam|p2a: Gorelax
|-damage|p2a: Gorelax|3\/523
|move|p2a: Gorelax|Rest|p2a: Gorelax
|-status|p2a: Gorelax|slp
|-heal|p2a: Gorelax|523\/523 slp|[silent]
|-status|p2a: Gorelax|slp|[from] move: Rest
|
|turn|19
|-mustrecharge|p1a: Articuno
|-mustrecharge|p1a: Articuno
|choice|move 1|move 1
|
|cant|p1a: Articuno|recharge
|cant|p2a: Gorelax|slp
|
|turn|20
|choice|move 1|move 1
|
|move|p1a: Articuno|Blizzard|p2a: Gorelax
|-damage|p2a: Gorelax|409\/523 slp
|-curestatus|p2a: Gorelax|slp
|
|turn|21
|choice|move 1|move 4
|
|move|p1a: Articuno|Blizzard|p2a: Gorelax
|-damage|p2a: Gorelax|306\/523
|move|p2a: Gorelax|Thunderbolt|p1a: Articuno
|-crit|p1a: Articuno
|-supereffective|p1a: Articuno
|-damage|p1a: Articuno|0 fnt
|faint|p1a: Articuno
|choice|switch 6|
|
|switch|p1a: Exeggutor|Exeggutor|393\/393
|turn|22
|choice|move 3|move 2
|
|move|p1a: Exeggutor|Sleep Powder|p2a: Gorelax
|-status|p2a: Gorelax|slp
|-curestatus|p2a: Gorelax|slp
|
|turn|23
|choice|move 3|move 2
|
|move|p1a: Exeggutor|Sleep Powder|p2a: Gorelax
|-status|p2a: Gorelax|slp
|cant|p2a: Gorelax|slp
|
|turn|24
|choice|move 2|switch 3
|
|switch|p2a: Cut.Exe|Exeggutor|393\/393
|move|p1a: Exeggutor|Psychic|p2a: Cut.Exe
|-resisted|p2a: Cut.Exe
|-damage|p2a: Cut.Exe|337\/393
|-unboost|p2a: Cut.Exe|spd|1
|-unboost|p2a: Cut.Exe|spa|1
|
|turn|25
|choice|switch 3|move 1
|
|switch|p1a: Jynx|Jynx|333\/333
|move|p2a: Cut.Exe|Sleep Powder|p1a: Jynx
|-status|p1a: Jynx|slp
|
|turn|26
|choice|switch 3|move 2
|
|switch|p1a: Exeggutor|Exeggutor|393\/393
|move|p2a: Cut.Exe|Double-Edge|p1a: Exeggutor
|-damage|p1a: Exeggutor|306\/393
|-damage|p2a: Cut.Exe|316\/393|[from] recoil|[of] p1a: Exeggutor
|
|turn|27
|choice|move 2|move 2
|
|move|p1a: Exeggutor|Psychic|p2a: Cut.Exe
|-resisted|p2a: Cut.Exe
|-damage|p2a: Cut.Exe|241\/393
|move|p2a: Cut.Exe|Double-Edge|p1a: Exeggutor
|-damage|p1a: Exeggutor|224\/393
|-damage|p2a: Cut.Exe|221\/393|[from] recoil|[of] p1a: Exeggutor
|
|turn|28
|choice|move 2|move 2
|
|move|p1a: Exeggutor|Psychic|p2a: Cut.Exe
|-resisted|p2a: Cut.Exe
|-damage|p2a: Cut.Exe|140\/393
|move|p2a: Cut.Exe|Double-Edge|p1a: Exeggutor
|-damage|p1a: Exeggutor|146\/393
|-damage|p2a: Cut.Exe|121\/393|[from] recoil|[of] p1a: Exeggutor
|
|turn|29
|choice|move 1|move 4
|
|move|p2a: Cut.Exe|Rest|p2a: Cut.Exe
|-status|p2a: Cut.Exe|slp
|-heal|p2a: Cut.Exe|393\/393 slp|[silent]
|-status|p2a: Cut.Exe|slp|[from] move: Rest
|move|p1a: Exeggutor|Explosion|p2a: Cut.Exe
|-damage|p2a: Cut.Exe|127\/393 slp
|faint|p1a: Exeggutor
|choice|switch 4|
|
|switch|p1a: Chansey|Chansey|389\/703
|turn|30
|choice|move 4|switch 3
|
|switch|p2a: Gorelax|Snorlax|306\/523 slp
|move|p1a: Chansey|Thunderbolt|p2a: Gorelax
|-damage|p2a: Gorelax|201\/523 slp
|
|turn|31
|choice|move 1|move 2
|
|move|p1a: Chansey|Ice Beam|p2a: Gorelax
|-damage|p2a: Gorelax|107\/523 slp
|cant|p2a: Gorelax|slp
|
|turn|32
|choice|move 4|move 2
|
|move|p1a: Chansey|Thunderbolt|p2a: Gorelax
|-crit|p2a: Gorelax
|-damage|p2a: Gorelax|0 fnt
|faint|p2a: Gorelax
|choice||switch 2
|
|switch|p2a: Kabutops|Kabutops|74\/323
|turn|33
|choice|move 4|move 4
|
|move|p2a: Kabutops|Body Slam|p1a: Chansey
|-damage|p1a: Chansey|195\/703
|move|p1a: Chansey|Thunderbolt|p2a: Kabutops
|-supereffective|p2a: Kabutops
|-damage|p2a: Kabutops|0 fnt
|faint|p2a: Kabutops
|choice||switch 4
|
|switch|p2a: Energy|Tauros|353\/353
|turn|34
|choice|switch 3|move 1
|
|switch|p1a: Jynx|Jynx|333\/333 slp
|move|p2a: Energy|Body Slam|p1a: Jynx
|-damage|p1a: Jynx|152\/333 slp
|
|turn|35
|choice|move 1|move 1
|
|move|p2a: Energy|Body Slam|p1a: Jynx
|-damage|p1a: Jynx|0 fnt
|faint|p1a: Jynx
|choice|switch 5|
|
|switch|p1a: Slowbro|Slowbro|393\/393
|turn|36
|choice|move 4|switch 3
|
|switch|p2a: Cut.Exe|Exeggutor|127\/393 slp
|move|p1a: Slowbro|Thunder Wave|p2a: Cut.Exe
|-fail|p2a: Cut.Exe
|
|turn|37
|choice|switch 3|move 1
|
|switch|p1a: Chansey|Chansey|195\/703
|cant|p2a: Cut.Exe|slp
|
|turn|38
|choice|move 1|move 1
|
|-curestatus|p2a: Cut.Exe|slp
|move|p1a: Chansey|Ice Beam|p2a: Cut.Exe
|-supereffective|p2a: Cut.Exe
|-damage|p2a: Cut.Exe|4\/393
|
|turn|39
|choice|move 1|move 4
|
|move|p2a: Cut.Exe|Rest|p2a: Cut.Exe
|-status|p2a: Cut.Exe|slp
|-heal|p2a: Cut.Exe|393\/393 slp|[silent]
|-status|p2a: Cut.Exe|slp|[from] move: Rest
|move|p1a: Chansey|Ice Beam|p2a: Cut.Exe
|-supereffective|p2a: Cut.Exe
|-damage|p2a: Cut.Exe|267\/393 slp
|
|turn|40
|choice|move 3|move 2
|
|cant|p2a: Cut.Exe|slp
|move|p1a: Chansey|Soft-Boiled|p1a: Chansey
|-heal|p1a: Chansey|546\/703
|
|turn|41
|choice|move 1|move 2
|
|-curestatus|p2a: Cut.Exe|slp
|move|p1a: Chansey|Ice Beam|p2a: Cut.Exe
|-crit|p2a: Cut.Exe
|-supereffective|p2a: Cut.Exe
|-damage|p2a: Cut.Exe|0 fnt
|faint|p2a: Cut.Exe
|choice||switch 3
|
|switch|p2a: Energy|Tauros|353\/353
|turn|42
|choice|move 2|move 1
|
|move|p2a: Energy|Body Slam|p1a: Chansey
|-damage|p1a: Chansey|267\/703
|move|p1a: Chansey|Thunder Wave|p2a: Energy
|-status|p2a: Energy|par
|
|turn|43
|choice|move 3|move 4
|
|move|p1a: Chansey|Soft-Boiled|p1a: Chansey
|-heal|p1a: Chansey|618\/703
|move|p2a: Energy|Hyper Beam|p1a: Chansey
|-damage|p1a: Chansey|113\/703
|
|turn|44
|-mustrecharge|p2a: Energy
|-mustrecharge|p2a: Energy
|choice|move 3|move 1
|
|move|p1a: Chansey|Soft-Boiled|p1a: Chansey
|-heal|p1a: Chansey|464\/703
|cant|p2a: Energy|recharge
|
|turn|45
|-message|Ch01W0n5h1n forfeited.
|
|win|Pokemon-Sucks OK
|player|p1
|player|p2
|l|Ch01W0n5h1n
|raw|Pokemon-Sucks OK's rating: 1070 &rarr; <strong>1115<\/strong><br \/>(+45 for winning)
|raw|Ch01W0n5h1n's rating: 1262 &rarr; <strong>1225<\/strong><br \/>(-37 for losing)