|join|THE REAL AJ STYLES
|join|pokeam21
|player|p1|THE REAL AJ STYLES|15
|player|p2|pokeam21|163
|gametype|singles
|gen|1
|tier|[Gen 1] Random Battle
|rated
|seed|52845,41664,42826,19090
|rule|Sleep Clause Mod: Limit one foe put to sleep
|rule|Freeze Clause Mod: Limit one foe frozen
|rule|HP Percentage Mod: HP is shown in percentages
|
|start
|switch|p1a: Magikarp|Magikarp, L99|240\/240
|switch|p2a: Krabby|Krabby, L96|252\/252
|turn|1
|choice|move 1|move 3
|
|move|p1a: Magikarp|Dragon Rage|p2a: Krabby
|-damage|p2a: Krabby|212\/252
|move|p2a: Krabby|Swords Dance|p2a: Krabby
|-boost|p2a: Krabby|atk|2
|
|turn|2
|choice|move 1|move 1
|
|move|p1a: Magikarp|Dragon Rage|p2a: Krabby
|-damage|p2a: Krabby|172\/252
|move|p2a: Krabby|Body Slam|p1a: Magikarp
|-crit|p1a: Magikarp
|-damage|p1a: Magikarp|58\/240
|-status|p1a: Magikarp|par
|
|turn|3
|choice|move 1|move 1
|
|move|p2a: Krabby|Body Slam|p1a: Magikarp
|-damage|p1a: Magikarp|0 fnt
|faint|p1a: Magikarp
|choice|switch 3|
|
|switch|p1a: Dragonite|Dragonite, L85|328\/328
|turn|4
|choice|move 4|move 2
|
|move|p1a: Dragonite|Thunderbolt|p2a: Krabby
|-supereffective|p2a: Krabby
|-damage|p2a: Krabby|0 fnt
|faint|p2a: Krabby
|choice||switch 3
|
|switch|p2a: Clefable|Clefable, L85|335\/335
|turn|5
|choice|switch 2|move 2
|
|switch|p1a: Lapras|Lapras, L79|367\/367
|move|p2a: Clefable|Ice Beam|p1a: Lapras
|-resisted|p1a: Lapras
|-damage|p1a: Lapras|352\/367
|
|turn|6
|choice|move 1|switch 6
|
|switch|p2a: Raichu|Raichu, L85|276\/276
|move|p1a: Lapras|Body Slam|p2a: Raichu
|-damage|p2a: Raichu|211\/276
|
|turn|7
|choice|move 1|move 2
|
|move|p2a: Raichu|Thunderbolt|p1a: Lapras
|-crit|p1a: Lapras
|-supereffective|p1a: Lapras
|-damage|p1a: Lapras|0 fnt
|faint|p1a: Lapras
|choice|switch 5|
|
|switch|p1a: Alakazam|Alakazam, L79|249\/249
|turn|8
|choice|move 1|move 2
|
|move|p1a: Alakazam|Psychic|p2a: Raichu
|-damage|p2a: Raichu|116\/276
|move|p2a: Raichu|Thunderbolt|p1a: Alakazam
|-damage|p1a: Alakazam|174\/249
|
|turn|9
|choice|move 1|move 4
|
|move|p1a: Alakazam|Psychic|p2a: Raichu
|-damage|p2a: Raichu|12\/276
|move|p2a: Raichu|Body Slam|p1a: Alakazam
|-crit|p1a: Alakazam
|-damage|p1a: Alakazam|0 fnt
|faint|p1a: Alakazam
|choice|switch 2|
|
|switch|p1a: Dragonite|Dragonite, L85|328\/328
|turn|10
|choice|move 2|move 2
|
|move|p2a: Raichu|Thunderbolt|p1a: Dragonite
|-damage|p1a: Dragonite|242\/328
|move|p1a: Dragonite|Body Slam|p2a: Raichu
|-damage|p2a: Raichu|0 fnt
|faint|p2a: Raichu
|choice||switch 6
|
|switch|p2a: Clefable|Clefable, L85|335\/335
|turn|11
|choice|move 2|move 2
|
|move|p1a: Dragonite|Body Slam|p2a: Clefable
|-damage|p2a: Clefable|246\/335
|move|p2a: Clefable|Ice Beam|p1a: Dragonite
|-supereffective|p1a: Dragonite
|-damage|p1a: Dragonite|18\/328
|
|turn|12
|choice|move 2|move 2
|
|move|p1a: Dragonite|Body Slam|p2a: Clefable
|-damage|p2a: Clefable|156\/335
|move|p2a: Clefable|Ice Beam|p1a: Dragonite
|-supereffective|p1a: Dragonite
|-damage|p1a: Dragonite|0 fnt
|faint|p1a: Dragonite
|choice|switch 4|
|
|switch|p1a: Mewtwo|Mewtwo, L70|293\/293
|turn|13
|choice|move 1|move 4
|
|move|p1a: Mewtwo|Psychic|p2a: Clefable
|-damage|p2a: Clefable|59\/335
|move|p2a: Clefable|Hyper Beam|p1a: Mewtwo
|-damage|p1a: Mewtwo|148\/293
|
|turn|14
|-mustrecharge|p2a: Clefable
|-mustrecharge|p2a: Clefable
|choice|move 1|move 1
|
|move|p1a: Mewtwo|Psychic|p2a: Clefable
|-crit|p2a: Clefable
|-damage|p2a: Clefable|0 fnt
|faint|p2a: Clefable
|choice||switch 4
|
|switch|p2a: Exeggutor|Exeggutor, L79|312\/312
|turn|15
|choice|move 4|move 2
|
|move|p1a: Mewtwo|Ice Beam|p2a: Exeggutor
|-supereffective|p2a: Exeggutor
|-damage|p2a: Exeggutor|194\/312
|move|p2a: Exeggutor|Explosion|p1a: Mewtwo
|-damage|p1a: Mewtwo|0 fnt
|faint|p1a: Mewtwo
|faint|p2a: Exeggutor
|choice|switch 6|switch 5
|
|switch|p2a: Nidoking|Nidoking, L85|311\/311
|switch|p1a: Rhydon|Rhydon, L79|328\/328
|turn|16
|choice|move 2|move 1
|
|move|p2a: Nidoking|Earthquake|p1a: Rhydon
|-supereffective|p1a: Rhydon
|-damage|p1a: Rhydon|139\/328
|move|p1a: Rhydon|Earthquake|p2a: Nidoking
|-supereffective|p2a: Nidoking
|-damage|p2a: Nidoking|59\/311
|
|turn|17
|c|★THE REAL AJ STYLES|gg
|choice|move 2|move 1
|
|move|p2a: Nidoking|Earthquake|p1a: Rhydon
|-supereffective|p1a: Rhydon
|-damage|p1a: Rhydon|0 fnt
|faint|p1a: Rhydon
|
|win|pokeam21
|raw|THE REAL AJ STYLES's rating: 1215 &rarr; <strong>1178<\/strong><br \/>(-37 for losing)
|raw|pokeam21's rating: 1040 &rarr; <strong>1090<\/strong><br \/>(+50 for winning)
|leave|THE REAL AJ STYLES
|player|p1