|join|Guillecefiro
|join|Arafalo2
|player|p1|Guillecefiro|102
|player|p2|Arafalo2|1
|gametype|singles
|gen|1
|tier|[Gen 1] Random Battle
|rated
|seed|64091,43612,41064,35726
|rule|Sleep Clause Mod: Limit one foe put to sleep
|rule|Freeze Clause Mod: Limit one foe frozen
|rule|HP Percentage Mod: HP is shown in percentages
|
|start
|switch|p1a: Sandshrew|Sandshrew, L96|291\/291
|switch|p2a: Horsea|Horsea, L96|252\/252
|turn|1
|choice|switch 6|move 4
|
|switch|p1a: Persian|Persian, L79|265\/265
|move|p2a: Horsea|Blizzard|p1a: Persian
|-damage|p1a: Persian|149\/265
|
|turn|2
|choice|move 1|move 3
|
|move|p1a: Persian|Slash|p2a: Horsea
|-crit|p2a: Horsea
|-damage|p2a: Horsea|140\/252
|move|p2a: Horsea|Surf|p1a: Persian
|-damage|p1a: Persian|15\/265
|
|turn|3
|choice|move 2|switch 4
|
|switch|p2a: Gengar|Gengar, L79|257\/257
|move|p1a: Persian|Hyper Beam|p2a: Gengar
|-immune|p2a: Gengar|[msg]
|
|turn|4
|choice|move 4|move 2
|
|move|p1a: Persian|Bubble Beam|p2a: Gengar
|-crit|p2a: Gengar
|-damage|p2a: Gengar|202\/257
|move|p2a: Gengar|Thunderbolt|p1a: Persian
|-damage|p1a: Persian|0 fnt
|faint|p1a: Persian
|choice|switch 2|
|
|switch|p1a: Alakazam|Alakazam, L79|249\/249
|turn|5
|choice|move 1|move 1
|
|move|p1a: Alakazam|Psychic|p2a: Gengar
|-supereffective|p2a: Gengar
|-damage|p2a: Gengar|33\/257
|-unboost|p2a: Gengar|spd|1
|-unboost|p2a: Gengar|spa|1
|move|p2a: Gengar|Hypnosis|p1a: Alakazam|[miss]
|-miss|p2a: Gengar
|
|turn|6
|choice|move 1|move 4
|
|move|p1a: Alakazam|Psychic|p2a: Gengar
|-crit|p2a: Gengar
|-supereffective|p2a: Gengar
|-damage|p2a: Gengar|0 fnt
|faint|p2a: Gengar
|choice||switch 6
|
|switch|p2a: Ivysaur|Ivysaur, L85|276\/276
|turn|7
|choice|move 1|move 4
|
|move|p1a: Alakazam|Psychic|p2a: Ivysaur
|-crit|p2a: Ivysaur
|-supereffective|p2a: Ivysaur
|-damage|p2a: Ivysaur|0 fnt
|faint|p2a: Ivysaur
|choice||switch 3
|
|switch|p2a: Mew|Mew, L74|300\/300
|turn|8
|choice|move 3|move 2
|
|move|p1a: Alakazam|Reflect|p1a: Alakazam
|-start|p1a: Alakazam|Reflect
|move|p2a: Mew|Horn Drill|p1a: Alakazam
|-immune|p1a: Alakazam|[ohko]
|
|turn|9
|choice|move 1|move 2
|
|move|p1a: Alakazam|Psychic|p2a: Mew
|-resisted|p2a: Mew
|-damage|p2a: Mew|246\/300
|move|p2a: Mew|Horn Drill|p1a: Alakazam
|-immune|p1a: Alakazam|[ohko]
|
|turn|10
|-message|Arafalo2 lost due to inactivity.
|
|win|Guillecefiro