|j|Arafalo2
|j|c353
|player|p1|Arafalo2|1
|player|p2|c353|265
|gametype|singles
|gen|1
|tier|[Gen 1] OU
|rated
|seed|
|rule|Sleep Clause Mod: Limit one foe put to sleep
|rule|Freeze Clause Mod: Limit one foe frozen
|rule|Species Clause: Limit one of each Pokémon
|rule|OHKO Clause: OHKO moves are banned
|rule|Evasion Moves Clause: Evasion moves are banned
|rule|HP Percentage Mod: HP is shown in percentages
|
|start
|switch|p1a: Jynx|Jynx|100\/100
|switch|p2a: There is no spoon|Alakazam|100\/100
|turn|1
|c|★c353|glhf
|choice||
|
|move|p2a: There is no spoon|Thunder Wave|p1a: Jynx
|-status|p1a: Jynx|par
|move|p1a: Jynx|Lovely Kiss|p2a: There is no spoon|[miss]
|-miss|p1a: Jynx
|
|turn|2
|choice||
|
|move|p2a: There is no spoon|Seismic Toss|p1a: Jynx
|-damage|p1a: Jynx|70\/100 par
|move|p1a: Jynx|Lovely Kiss|p2a: There is no spoon|[miss]
|-miss|p1a: Jynx
|
|turn|3
|choice||
|
|switch|p2a: rockman|Rhydon|100\/100
|move|p1a: Jynx|Lovely Kiss|p2a: rockman
|-status|p2a: rockman|slp
|
|turn|4
|choice||
|
|switch|p2a: finger lickin good|Snorlax|100\/100
|move|p1a: Jynx|Blizzard|p2a: finger lickin good
|-damage|p2a: finger lickin good|68\/100
|
|turn|5
|choice||
|
|move|p2a: finger lickin good|Earthquake|p1a: Jynx
|-damage|p1a: Jynx|22\/100 par
|move|p1a: Jynx|Blizzard|p2a: finger lickin good
|-damage|p2a: finger lickin good|36\/100
|
|turn|6
|choice||
|
|move|p2a: finger lickin good|Earthquake|p1a: Jynx
|-damage|p1a: Jynx|0 fnt
|faint|p1a: Jynx
|choice||
|
|switch|p1a: Tauros|Tauros|100\/100
|turn|7
|choice||
|
|switch|p2a: eggs|Exeggutor|100\/100
|move|p1a: Tauros|Body Slam|p2a: eggs
|-crit|p2a: eggs
|-damage|p2a: eggs|46\/100
|-status|p2a: eggs|par
|
|turn|8
|choice||
|
|move|p1a: Tauros|Hyper Beam|p2a: eggs
|-damage|p2a: eggs|0 fnt
|faint|p2a: eggs
|choice||
|
|switch|p2a: There is no spoon|Alakazam|100\/100
|turn|9
|choice||
|
|switch|p1a: Chansey|Chansey|100\/100
|move|p2a: There is no spoon|Psychic|p1a: Chansey
|-damage|p1a: Chansey|83\/100
|-unboost|p1a: Chansey|spd|1
|-unboost|p1a: Chansey|spa|1
|
|turn|10
|choice||
|
|move|p2a: There is no spoon|Psychic|p1a: Chansey
|-damage|p1a: Chansey|57\/100
|move|p1a: Chansey|Seismic Toss|p2a: There is no spoon
|-damage|p2a: There is no spoon|69\/100
|
|turn|11
|choice||
|
|switch|p2a: TRUMP WALL|Chansey|100\/100
|move|p1a: Chansey|Thunder Wave|p2a: TRUMP WALL
|-status|p2a: TRUMP WALL|par
|
|turn|12
|choice||
|
|move|p1a: Chansey|Soft-Boiled|p1a: Chansey
|-heal|p1a: Chansey|100\/100
|cant|p2a: TRUMP WALL|par
|
|turn|13
|choice||
|
|move|p1a: Chansey|Seismic Toss|p2a: TRUMP WALL
|-damage|p2a: TRUMP WALL|86\/100 par
|move|p2a: TRUMP WALL|Ice Beam|p1a: Chansey
|-damage|p1a: Chansey|84\/100
|-status|p1a: Chansey|frz
|
|turn|14
|choice||
|
|switch|p1a: Tauros|Tauros|100\/100
|cant|p2a: TRUMP WALL|par
|
|turn|15
|choice||
|
|move|p1a: Tauros|Body Slam|p2a: TRUMP WALL
|-damage|p2a: TRUMP WALL|51\/100 par
|cant|p2a: TRUMP WALL|par
|
|turn|16
|choice||
|
|switch|p2a: rockman|Rhydon|100\/100 slp
|move|p1a: Tauros|Body Slam|p2a: rockman
|-resisted|p2a: rockman
|-damage|p2a: rockman|90\/100 slp
|
|turn|17
|choice||
|
|switch|p2a: finger lickin good|Snorlax|36\/100
|move|p1a: Tauros|Ice Beam|p2a: finger lickin good
|-damage|p2a: finger lickin good|20\/100
|
|turn|18
|choice||
|
|move|p1a: Tauros|Body Slam|p2a: finger lickin good
|-damage|p2a: finger lickin good|0 fnt
|faint|p2a: finger lickin good
|choice||
|
|switch|p2a: There is no spoon|Alakazam|69\/100
|turn|19
|choice||
|
|switch|p1a: Alakazam|Alakazam|100\/100
|move|p2a: There is no spoon|Thunder Wave|p1a: Alakazam
|-status|p1a: Alakazam|par
|
|turn|20
|choice||
|
|switch|p2a: TRUMP WALL|Chansey|51\/100 par
|move|p1a: Alakazam|Thunder Wave|p2a: TRUMP WALL
|-fail|p2a: TRUMP WALL|par
|
|turn|21
|choice||
|
|move|p1a: Alakazam|Psychic|p2a: TRUMP WALL
|-damage|p2a: TRUMP WALL|32\/100 par
|move|p2a: TRUMP WALL|Soft-Boiled|p2a: TRUMP WALL
|-heal|p2a: TRUMP WALL|82\/100 par
|
|turn|22
|choice||
|
|move|p1a: Alakazam|Psychic|p2a: TRUMP WALL
|-damage|p2a: TRUMP WALL|65\/100 par
|move|p2a: TRUMP WALL|Soft-Boiled|p2a: TRUMP WALL
|-heal|p2a: TRUMP WALL|100\/100 par
|
|turn|23
|choice||
|
|switch|p2a: There is no spoon|Alakazam|69\/100
|move|p1a: Alakazam|Psychic|p2a: There is no spoon
|-resisted|p2a: There is no spoon
|-damage|p2a: There is no spoon|51\/100
|
|turn|24
|choice||
|
|move|p2a: There is no spoon|Recover|p2a: There is no spoon
|-heal|p2a: There is no spoon|100\/100
|move|p1a: Alakazam|Thunder Wave|p2a: There is no spoon
|-status|p2a: There is no spoon|par
|
|turn|25
|choice||
|
|move|p1a: Alakazam|Recover|p1a: Alakazam
|-fail|p1a: Alakazam
|move|p2a: There is no spoon|Seismic Toss|p1a: Alakazam
|-damage|p1a: Alakazam|69\/100 par
|
|turn|26
|choice||
|
|move|p2a: There is no spoon|Seismic Toss|p1a: Alakazam
|-damage|p1a: Alakazam|37\/100 par
|move|p1a: Alakazam|Psychic|p2a: There is no spoon
|-crit|p2a: There is no spoon
|-resisted|p2a: There is no spoon
|-damage|p2a: There is no spoon|69\/100 par
|
|turn|27
|choice||
|
|move|p1a: Alakazam|Recover|p1a: Alakazam
|-heal|p1a: Alakazam|86\/100 par
|move|p2a: There is no spoon|Seismic Toss|p1a: Alakazam
|-damage|p1a: Alakazam|54\/100 par
|
|turn|28
|choice||
|
|move|p2a: There is no spoon|Seismic Toss|p1a: Alakazam
|-damage|p1a: Alakazam|23\/100 par
|move|p1a: Alakazam|Recover|p1a: Alakazam
|-heal|p1a: Alakazam|72\/100 par
|
|turn|29
|choice||
|
|move|p1a: Alakazam|Seismic Toss|p2a: There is no spoon
|-damage|p2a: There is no spoon|37\/100 par
|move|p2a: There is no spoon|Seismic Toss|p1a: Alakazam
|-damage|p1a: Alakazam|40\/100 par
|
|turn|30
|choice||
|
|move|p1a: Alakazam|Seismic Toss|p2a: There is no spoon
|-damage|p2a: There is no spoon|5\/100 par
|move|p2a: There is no spoon|Recover|p2a: There is no spoon
|-heal|p2a: There is no spoon|55\/100 par
|
|turn|31
|choice||
|
|move|p1a: Alakazam|Seismic Toss|p2a: There is no spoon
|-damage|p2a: There is no spoon|23\/100 par
|move|p2a: There is no spoon|Recover|p2a: There is no spoon
|-heal|p2a: There is no spoon|73\/100 par
|
|turn|32
|choice||
|
|move|p2a: There is no spoon|Recover|p2a: There is no spoon
|-heal|p2a: There is no spoon|100\/100 par
|move|p1a: Alakazam|Recover|p1a: Alakazam
|-heal|p1a: Alakazam|90\/100 par
|
|turn|33
|choice||
|
|move|p2a: There is no spoon|Psychic|p1a: Alakazam
|-resisted|p1a: Alakazam
|-damage|p1a: Alakazam|73\/100 par
|cant|p1a: Alakazam|par
|
|turn|34
|choice||
|
|move|p1a: Alakazam|Recover|p1a: Alakazam
|-heal|p1a: Alakazam|100\/100 par
|move|p2a: There is no spoon|Psychic|p1a: Alakazam
|-crit|p1a: Alakazam
|-resisted|p1a: Alakazam
|-damage|p1a: Alakazam|70\/100 par
|
|turn|35
|choice||
|
|move|p2a: There is no spoon|Psychic|p1a: Alakazam
|-resisted|p1a: Alakazam
|-damage|p1a: Alakazam|53\/100 par
|move|p1a: Alakazam|Seismic Toss|p2a: There is no spoon
|-damage|p2a: There is no spoon|69\/100 par
|
|turn|36
|choice||
|
|move|p2a: There is no spoon|Psychic|p1a: Alakazam
|-resisted|p1a: Alakazam
|-damage|p1a: Alakazam|35\/100 par
|move|p1a: Alakazam|Seismic Toss|p2a: There is no spoon
|-damage|p2a: There is no spoon|37\/100 par
|
|turn|37
|choice||
|
|move|p1a: Alakazam|Recover|p1a: Alakazam
|-heal|p1a: Alakazam|85\/100 par
|move|p2a: There is no spoon|Seismic Toss|p1a: Alakazam
|-damage|p1a: Alakazam|53\/100 par
|
|turn|38
|choice||
|
|move|p2a: There is no spoon|Recover|p2a: There is no spoon
|-heal|p2a: There is no spoon|86\/100 par
|move|p1a: Alakazam|Seismic Toss|p2a: There is no spoon
|-damage|p2a: There is no spoon|54\/100 par
|
|turn|39
|choice||
|
|move|p2a: There is no spoon|Seismic Toss|p1a: Alakazam
|-damage|p1a: Alakazam|21\/100 par
|cant|p1a: Alakazam|par
|
|turn|40
|choice||
|
|cant|p2a: There is no spoon|par
|move|p1a: Alakazam|Seismic Toss|p2a: There is no spoon
|-damage|p2a: There is no spoon|23\/100 par
|
|turn|41
|choice||
|
|move|p1a: Alakazam|Recover|p1a: Alakazam
|-heal|p1a: Alakazam|71\/100 par
|move|p2a: There is no spoon|Seismic Toss|p1a: Alakazam
|-damage|p1a: Alakazam|39\/100 par
|
|turn|42
|choice||
|
|move|p2a: There is no spoon|Recover|p2a: There is no spoon
|-heal|p2a: There is no spoon|72\/100 par
|move|p1a: Alakazam|Seismic Toss|p2a: There is no spoon
|-damage|p2a: There is no spoon|40\/100 par
|
|turn|43
|choice||
|
|move|p2a: There is no spoon|Recover|p2a: There is no spoon
|-heal|p2a: There is no spoon|90\/100 par
|move|p1a: Alakazam|Seismic Toss|p2a: There is no spoon
|-damage|p2a: There is no spoon|58\/100 par
|
|turn|44
|choice||
|
|cant|p1a: Alakazam|par
|move|p2a: There is no spoon|Seismic Toss|p1a: Alakazam
|-damage|p1a: Alakazam|7\/100 par
|
|turn|45
|choice||
|
|move|p1a: Alakazam|Recover|p1a: Alakazam
|-heal|p1a: Alakazam|57\/100 par
|move|p2a: There is no spoon|Seismic Toss|p1a: Alakazam
|-damage|p1a: Alakazam|25\/100 par
|
|turn|46
|choice||
|
|cant|p1a: Alakazam|par
|move|p2a: There is no spoon|Seismic Toss|p1a: Alakazam
|-damage|p1a: Alakazam|0 fnt
|faint|p1a: Alakazam
|choice||
|
|switch|p1a: Tauros|Tauros|100\/100
|turn|47
|choice||
|
|move|p1a: Tauros|Hyper Beam|p2a: There is no spoon
|-damage|p2a: There is no spoon|0 fnt
|faint|p2a: There is no spoon
|choice||
|
|switch|p2a: Tyrone|Tauros|100\/100
|turn|48
|choice||
|
|switch|p1a: Chansey|Chansey|84\/100 frz
|move|p2a: Tyrone|Body Slam|p1a: Chansey
|-damage|p1a: Chansey|46\/100 frz
|
|turn|49
|choice||
|
|switch|p2a: rockman|Rhydon|90\/100 slp
|cant|p1a: Chansey|frz
|
|turn|50
|choice||
|
|switch|p1a: Starmie|Starmie|100\/100
|-curestatus|p2a: rockman|slp
|
|turn|51
|choice||
|
|move|p1a: Starmie|Ice Beam|p2a: rockman
|-supereffective|p2a: rockman
|-damage|p2a: rockman|33\/100
|-status|p2a: rockman|frz
|cant|p2a: rockman|frz
|
|turn|52
|choice||
|
|move|p1a: Starmie|Psychic|p2a: rockman
|-damage|p2a: rockman|0 fnt
|faint|p2a: rockman
|choice||
|
|switch|p2a: TRUMP WALL|Chansey|100\/100 par
|turn|53
|choice||
|
|switch|p1a: Tauros|Tauros|100\/100
|move|p2a: TRUMP WALL|Thunderbolt|p1a: Tauros
|-damage|p1a: Tauros|72\/100
|-status|p1a: Tauros|par
|
|turn|54
|choice||
|
|move|p1a: Tauros|Body Slam|p2a: TRUMP WALL
|-damage|p2a: TRUMP WALL|64\/100 par
|cant|p2a: TRUMP WALL|par
|
|turn|55
|choice||
|
|move|p1a: Tauros|Body Slam|p2a: TRUMP WALL
|-damage|p2a: TRUMP WALL|23\/100 par
|move|p2a: TRUMP WALL|Soft-Boiled|p2a: TRUMP WALL
|-heal|p2a: TRUMP WALL|73\/100 par
|
|turn|56
|choice||
|
|cant|p1a: Tauros|par
|move|p2a: TRUMP WALL|Thunderbolt|p1a: Tauros
|-damage|p1a: Tauros|42\/100 par
|
|turn|57
|choice||
|
|move|p1a: Tauros|Body Slam|p2a: TRUMP WALL
|-damage|p2a: TRUMP WALL|36\/100 par
|move|p2a: TRUMP WALL|Soft-Boiled|p2a: TRUMP WALL
|-heal|p2a: TRUMP WALL|86\/100 par
|
|turn|58
|choice||
|
|move|p1a: Tauros|Body Slam|p2a: TRUMP WALL
|-damage|p2a: TRUMP WALL|49\/100 par
|cant|p2a: TRUMP WALL|par
|
|turn|59
|choice||
|
|move|p1a: Tauros|Body Slam|p2a: TRUMP WALL
|-damage|p2a: TRUMP WALL|10\/100 par
|move|p2a: TRUMP WALL|Soft-Boiled|p2a: TRUMP WALL
|-heal|p2a: TRUMP WALL|60\/100 par
|
|turn|60
|choice||
|
|cant|p1a: Tauros|par
|move|p2a: TRUMP WALL|Soft-Boiled|p2a: TRUMP WALL
|-heal|p2a: TRUMP WALL|100\/100 par
|
|turn|61
|choice||
|
|move|p1a: Tauros|Body Slam|p2a: TRUMP WALL
|-damage|p2a: TRUMP WALL|62\/100 par
|move|p2a: TRUMP WALL|Thunderbolt|p1a: Tauros
|-damage|p1a: Tauros|13\/100 par
|
|turn|62
|choice||
|
|cant|p1a: Tauros|par
|move|p2a: TRUMP WALL|Soft-Boiled|p2a: TRUMP WALL
|-heal|p2a: TRUMP WALL|100\/100 par
|
|turn|63
|choice||
|
|move|p1a: Tauros|Body Slam|p2a: TRUMP WALL
|-damage|p2a: TRUMP WALL|65\/100 par
|move|p2a: TRUMP WALL|Thunderbolt|p1a: Tauros
|-damage|p1a: Tauros|0 fnt
|faint|p1a: Tauros
|choice||
|
|switch|p1a: Exeggutor|Exeggutor|100\/100
|turn|64
|choice||
|
|move|p1a: Exeggutor|Psychic|p2a: TRUMP WALL
|-damage|p2a: TRUMP WALL|49\/100 par
|move|p2a: TRUMP WALL|Ice Beam|p1a: Exeggutor
|-supereffective|p1a: Exeggutor
|-damage|p1a: Exeggutor|69\/100
|
|turn|65
|choice||
|
|move|p1a: Exeggutor|Psychic|p2a: TRUMP WALL
|-damage|p2a: TRUMP WALL|30\/100 par
|-unboost|p2a: TRUMP WALL|spd|1
|-unboost|p2a: TRUMP WALL|spa|1
|move|p2a: TRUMP WALL|Soft-Boiled|p2a: TRUMP WALL
|-heal|p2a: TRUMP WALL|80\/100 par
|
|turn|66
|choice||
|
|move|p1a: Exeggutor|Psychic|p2a: TRUMP WALL
|-damage|p2a: TRUMP WALL|54\/100 par
|move|p2a: TRUMP WALL|Ice Beam|p1a: Exeggutor
|-supereffective|p1a: Exeggutor
|-damage|p1a: Exeggutor|47\/100
|
|turn|67
|choice||
|
|move|p1a: Exeggutor|Psychic|p2a: TRUMP WALL
|-damage|p2a: TRUMP WALL|30\/100 par
|move|p2a: TRUMP WALL|Ice Beam|p1a: Exeggutor
|-supereffective|p1a: Exeggutor
|-damage|p1a: Exeggutor|24\/100
|
|turn|68
|choice||
|
|move|p1a: Exeggutor|Mega Drain|p2a: TRUMP WALL
|-damage|p2a: TRUMP WALL|19\/100 par
|-heal|p1a: Exeggutor|34\/100|[from] drain|[of] p2a: TRUMP WALL
|move|p2a: TRUMP WALL|Soft-Boiled|p2a: TRUMP WALL
|-heal|p2a: TRUMP WALL|69\/100 par
|
|turn|69
|choice||
|
|move|p1a: Exeggutor|Psychic|p2a: TRUMP WALL
|-damage|p2a: TRUMP WALL|43\/100 par
|move|p2a: TRUMP WALL|Ice Beam|p1a: Exeggutor
|-supereffective|p1a: Exeggutor
|-damage|p1a: Exeggutor|12\/100
|
|turn|70
|choice||
|
|move|p1a: Exeggutor|Psychic|p2a: TRUMP WALL
|-crit|p2a: TRUMP WALL
|-damage|p2a: TRUMP WALL|9\/100 par
|move|p2a: TRUMP WALL|Soft-Boiled|p2a: TRUMP WALL
|-heal|p2a: TRUMP WALL|59\/100 par
|
|turn|71
|choice||
|
|move|p1a: Exeggutor|Psychic|p2a: TRUMP WALL
|-crit|p2a: TRUMP WALL
|-damage|p2a: TRUMP WALL|24\/100 par
|move|p2a: TRUMP WALL|Ice Beam|p1a: Exeggutor
|-supereffective|p1a: Exeggutor
|-damage|p1a: Exeggutor|0 fnt
|faint|p1a: Exeggutor
|choice||
|
|switch|p1a: Starmie|Starmie|100\/100
|turn|72
|choice||
|
|move|p1a: Starmie|Psychic|p2a: TRUMP WALL
|-damage|p2a: TRUMP WALL|2\/100 par
|-unboost|p2a: TRUMP WALL|spd|1
|-unboost|p2a: TRUMP WALL|spa|1
|move|p2a: TRUMP WALL|Soft-Boiled|p2a: TRUMP WALL
|-heal|p2a: TRUMP WALL|52\/100 par
|
|turn|73
|choice||
|
|move|p1a: Starmie|Psychic|p2a: TRUMP WALL
|-damage|p2a: TRUMP WALL|23\/100 par
|move|p2a: TRUMP WALL|Soft-Boiled|p2a: TRUMP WALL
|-heal|p2a: TRUMP WALL|73\/100 par
|
|turn|74
|choice||
|
|move|p1a: Starmie|Psychic|p2a: TRUMP WALL
|-crit|p2a: TRUMP WALL
|-damage|p2a: TRUMP WALL|44\/100 par
|move|p2a: TRUMP WALL|Thunderbolt|p1a: Starmie
|-supereffective|p1a: Starmie
|-damage|p1a: Starmie|75\/100
|
|turn|75
|choice||
|
|move|p1a: Starmie|Psychic|p2a: TRUMP WALL
|-crit|p2a: TRUMP WALL
|-damage|p2a: TRUMP WALL|17\/100 par
|cant|p2a: TRUMP WALL|par
|
|turn|76
|choice||
|
|move|p1a: Starmie|Recover|p1a: Starmie
|-heal|p1a: Starmie|100\/100
|move|p2a: TRUMP WALL|Soft-Boiled|p2a: TRUMP WALL
|-heal|p2a: TRUMP WALL|67\/100 par
|
|turn|77
|choice||
|
|move|p1a: Starmie|Psychic|p2a: TRUMP WALL
|-damage|p2a: TRUMP WALL|36\/100 par
|move|p2a: TRUMP WALL|Thunder Wave|p1a: Starmie
|-status|p1a: Starmie|par
|
|turn|78
|choice||
|
|move|p1a: Starmie|Psychic|p2a: TRUMP WALL
|-damage|p2a: TRUMP WALL|7\/100 par
|-unboost|p2a: TRUMP WALL|spd|1
|-unboost|p2a: TRUMP WALL|spa|1
|move|p2a: TRUMP WALL|Soft-Boiled|p2a: TRUMP WALL
|-heal|p2a: TRUMP WALL|57\/100 par
|
|turn|79
|choice||
|
|move|p1a: Starmie|Psychic|p2a: TRUMP WALL
|-crit|p2a: TRUMP WALL
|-damage|p2a: TRUMP WALL|27\/100 par
|cant|p2a: TRUMP WALL|par
|
|turn|80
|choice||
|
|move|p1a: Starmie|Ice Beam|p2a: TRUMP WALL
|-crit|p2a: TRUMP WALL
|-damage|p2a: TRUMP WALL|7\/100 par
|cant|p2a: TRUMP WALL|par
|
|turn|81
|choice||
|
|move|p1a: Starmie|Thunderbolt|p2a: TRUMP WALL
|-damage|p2a: TRUMP WALL|0 fnt
|faint|p2a: TRUMP WALL
|choice||
|
|switch|p2a: Tyrone|Tauros|100\/100
|turn|82
|choice||
|
|move|p2a: Tyrone|Body Slam|p1a: Starmie
|-damage|p1a: Starmie|67\/100 par
|move|p1a: Starmie|Psychic|p2a: Tyrone
|-damage|p2a: Tyrone|62\/100
|
|turn|83
|choice||
|
|move|p2a: Tyrone|Body Slam|p1a: Starmie
|-damage|p1a: Starmie|35\/100 par
|move|p1a: Starmie|Psychic|p2a: Tyrone
|-damage|p2a: Tyrone|22\/100
|-unboost|p2a: Tyrone|spd|1
|-unboost|p2a: Tyrone|spa|1
|
|turn|84
|choice||
|
|switch|p1a: Chansey|Chansey|46\/100 frz
|move|p2a: Tyrone|Hyper Beam|p1a: Chansey
|-damage|p1a: Chansey|0 fnt
|faint|p1a: Chansey
|choice||
|
|switch|p1a: Starmie|Starmie|35\/100 par
|turn|85
|choice||
|
|move|p2a: Tyrone|Hyper Beam|p1a: Starmie
|-damage|p1a: Starmie|0 fnt
|faint|p1a: Starmie
|
|win|c353
|player|p1
|player|p2
|raw|Arafalo2's rating: 1458 &rarr; <strong>1426<\/strong><br \/>(-32 for losing)
|raw|c353's rating: 1208 &rarr; <strong>1249<\/strong><br \/>(+41 for winning)
|l|Arafalo2
|c|★c353|gg