|join|riwu
|join|MALESANI
|player|p1|riwu|101
|player|p2|MALESANI|238
|gametype|singles
|gen|1
|tier|[Gen 1] Random Battle
|rated
|seed|33379,23459,5609,14676
|rule|Sleep Clause Mod: Limit one foe put to sleep
|rule|Freeze Clause Mod: Limit one foe frozen
|rule|HP Percentage Mod: HP is shown in percentages
|
|start
|switch|p1a: Kadabra|Kadabra, L85|242\/242
|switch|p2a: Diglett|Diglett, L96|214\/214
|turn|1
|choice|switch 4|move 1
|
|switch|p1a: Zapdos|Zapdos, L79|304\/304
|move|p2a: Diglett|Earthquake|p1a: Zapdos
|-immune|p1a: Zapdos|[msg]
|
|turn|2
|choice|move 4|switch 6
|
|switch|p2a: Rhydon|Rhydon, L79|328\/328
|move|p1a: Zapdos|Drill Peck|p2a: Rhydon
|-resisted|p2a: Rhydon
|-damage|p2a: Rhydon|300\/328
|
|turn|3
|choice|switch 2|move 3
|
|switch|p1a: Horsea|Horsea, L96|252\/252
|move|p2a: Rhydon|Earthquake|p1a: Horsea
|-damage|p1a: Horsea|130\/252
|
|turn|4
|choice|move 3|switch 3
|
|switch|p2a: Gyarados|Gyarados, L85|335\/335
|move|p1a: Horsea|Surf|p2a: Gyarados
|-resisted|p2a: Gyarados
|-damage|p2a: Gyarados|290\/335
|
|turn|5
|choice|switch 2|move 3
|
|switch|p1a: Zapdos|Zapdos, L79|304\/304
|move|p2a: Gyarados|Thunderbolt|p1a: Zapdos
|-damage|p1a: Zapdos|249\/304
|
|turn|6
|choice|switch 3|switch 3
|
|switch|p1a: Lapras|Lapras, L79|367\/367
|switch|p2a: Rhydon|Rhydon, L79|300\/328
|
|turn|7
|choice|move 1|switch 4
|
|switch|p2a: Electrode|Electrode, L90|291\/291
|move|p1a: Lapras|Confuse Ray|p2a: Electrode
|-start|p2a: Electrode|confusion
|
|turn|8
|choice|switch 4|move 4
|
|switch|p1a: Kadabra|Kadabra, L85|242\/242
|-activate|p2a: Electrode|confusion
|move|p2a: Electrode|Thunderbolt|p1a: Kadabra
|-damage|p1a: Kadabra|164\/242
|
|turn|9
|choice|move 3|move 4
|
|-activate|p2a: Electrode|confusion
|-damage|p2a: Electrode|264\/291|[from] confusion
|move|p1a: Kadabra|Thunder Wave|p2a: Electrode
|-status|p2a: Electrode|par
|
|turn|10
|choice|move 2|move 4
|
|move|p1a: Kadabra|Reflect|p1a: Kadabra
|-start|p1a: Kadabra|Reflect
|-activate|p2a: Electrode|confusion
|-damage|p2a: Electrode|237\/291 par|[from] confusion
|
|turn|11
|choice|move 4|move 4
|
|move|p1a: Kadabra|Recover|p1a: Kadabra
|-heal|p1a: Kadabra|242\/242
|-activate|p2a: Electrode|confusion
|-damage|p2a: Electrode|210\/291 par|[from] confusion
|
|turn|12
|choice|move 1|move 4
|
|move|p1a: Kadabra|Psychic|p2a: Electrode
|-damage|p2a: Electrode|93\/291 par
|-unboost|p2a: Electrode|spd|1
|-unboost|p2a: Electrode|spa|1
|-end|p2a: Electrode|confusion
|move|p2a: Electrode|Thunderbolt|p1a: Kadabra
|-crit|p1a: Kadabra
|-damage|p1a: Kadabra|81\/242
|
|turn|13
|choice|move 1|move 1
|
|move|p1a: Kadabra|Psychic|p2a: Electrode
|-damage|p2a: Electrode|0 fnt
|faint|p2a: Electrode
|choice||switch 6
|
|switch|p2a: Diglett|Diglett, L96|214\/214
|turn|14
|choice|switch 3|move 1
|
|switch|p1a: Zapdos|Zapdos, L79|249\/304
|move|p2a: Diglett|Earthquake|p1a: Zapdos
|-immune|p1a: Zapdos|[msg]
|
|turn|15
|choice|switch 2|switch 4
|
|switch|p2a: Rhydon|Rhydon, L79|300\/328
|switch|p1a: Horsea|Horsea, L96|130\/252
|
|turn|16
|choice|move 4|switch 5
|
|switch|p2a: Ditto|Ditto, L99|296\/296
|move|p1a: Horsea|Blizzard|p2a: Ditto
|-damage|p2a: Ditto|190\/296
|-status|p2a: Ditto|frz
|
|turn|17
|choice|switch 4|move 1
|
|switch|p1a: Lapras|Lapras, L79|367\/367
|cant|p2a: Ditto|frz
|
|turn|18
|choice|move 1|move 1
|
|cant|p2a: Ditto|frz
|move|p1a: Lapras|Confuse Ray|p2a: Ditto
|-start|p2a: Ditto|confusion
|
|turn|19
|choice|move 2|move 1
|
|cant|p2a: Ditto|frz
|move|p1a: Lapras|Body Slam|p2a: Ditto
|-damage|p2a: Ditto|134\/296 frz
|
|turn|20
|choice|switch 3|move 1
|
|switch|p1a: Kadabra|Kadabra, L85|81\/242
|cant|p2a: Ditto|frz
|
|turn|21
|choice|move 4|move 1
|
|move|p1a: Kadabra|Recover|p1a: Kadabra
|-heal|p1a: Kadabra|202\/242
|cant|p2a: Ditto|frz
|
|turn|22
|choice|move 2|move 1
|
|move|p1a: Kadabra|Reflect|p1a: Kadabra
|-start|p1a: Kadabra|Reflect
|cant|p2a: Ditto|frz
|
|turn|23
|-message|MALESANI forfeited.
|
|win|riwu
|leave|MALESANI
|player|p2
|raw|riwu's rating: 1390 &rarr; <strong>1404<\/strong><br \/>(+14 for winning)
|raw|MALESANI's rating: 1288 &rarr; <strong>1270<\/strong><br \/>(-18 for losing)