|j|optic gold
|j|Snap5
|player|p1|optic gold|262
|player|p2|Snap5|170
|gametype|singles
|gen|1
|tier|[Gen 1] Random Battle
|rated
|seed|
|rule|Sleep Clause Mod: Limit one foe put to sleep
|rule|Freeze Clause Mod: Limit one foe frozen
|rule|HP Percentage Mod: HP is shown in percentages
|
|start
|switch|p1a: Weezing|Weezing, L90|100\/100
|switch|p2a: Tentacool|Tentacool, L96|100\/100
|turn|1
|choice||
|
|move|p2a: Tentacool|Hydro Pump|p1a: Weezing
|-damage|p1a: Weezing|46\/100
|move|p1a: Weezing|Thunder|p2a: Tentacool|[miss]
|-miss|p1a: Weezing
|
|turn|2
|choice||
|
|switch|p1a: Kingler|Kingler, L85|100\/100
|move|p2a: Tentacool|Hydro Pump|p1a: Kingler
|-resisted|p1a: Kingler
|-damage|p1a: Kingler|55\/100
|
|turn|3
|choice||
|
|move|p2a: Tentacool|Hydro Pump|p1a: Kingler
|-resisted|p1a: Kingler
|-damage|p1a: Kingler|14\/100
|move|p1a: Kingler|Body Slam|p2a: Tentacool
|-crit|p2a: Tentacool
|-damage|p2a: Tentacool|17\/100
|
|turn|4
|choice||
|
|move|p2a: Tentacool|Hydro Pump|p1a: Kingler
|-resisted|p1a: Kingler
|-damage|p1a: Kingler|0 fnt
|faint|p1a: Kingler
|choice||
|
|switch|p1a: Kadabra|Kadabra, L85|100\/100
|turn|5
|choice||
|
|switch|p2a: Hypno|Hypno, L85|100\/100
|move|p1a: Kadabra|Psychic|p2a: Hypno
|-resisted|p2a: Hypno
|-damage|p2a: Hypno|86\/100
|
|turn|6
|choice||
|
|switch|p1a: Electabuzz|Electabuzz, L85|100\/100
|move|p2a: Hypno|Hypnosis|p1a: Electabuzz|[miss]
|-miss|p2a: Hypno
|
|turn|7
|choice||
|
|move|p1a: Electabuzz|Thunder Wave|p2a: Hypno
|-status|p2a: Hypno|par
|cant|p2a: Hypno|par
|
|turn|8
|choice||
|
|move|p1a: Electabuzz|Thunderbolt|p2a: Hypno
|-damage|p2a: Hypno|60\/100 par
|move|p2a: Hypno|Hypnosis|p1a: Electabuzz|[miss]
|-miss|p2a: Hypno
|
|turn|9
|choice||
|
|move|p1a: Electabuzz|Thunderbolt|p2a: Hypno
|-damage|p2a: Hypno|34\/100 par
|cant|p2a: Hypno|par
|
|turn|10
|choice||
|
|move|p1a: Electabuzz|Thunderbolt|p2a: Hypno
|-damage|p2a: Hypno|8\/100 par
|cant|p2a: Hypno|par
|
|turn|11
|choice||
|
|switch|p2a: Tentacool|Tentacool, L96|17\/100
|move|p1a: Electabuzz|Thunderbolt|p2a: Tentacool
|-supereffective|p2a: Tentacool
|-damage|p2a: Tentacool|0 fnt
|faint|p2a: Tentacool
|choice||
|
|switch|p2a: Flareon|Flareon, L90|100\/100
|turn|12
|choice||
|
|move|p1a: Electabuzz|Thunder Wave|p2a: Flareon
|-status|p2a: Flareon|par
|cant|p2a: Flareon|par
|
|turn|13
|choice||
|
|move|p1a: Electabuzz|Thunderbolt|p2a: Flareon
|-crit|p2a: Flareon
|-damage|p2a: Flareon|52\/100 par
|move|p2a: Flareon|Body Slam|p1a: Electabuzz
|-crit|p1a: Electabuzz
|-damage|p1a: Electabuzz|24\/100
|
|turn|14
|choice||
|
|move|p2a: Flareon|Quick Attack|p1a: Electabuzz
|-damage|p1a: Electabuzz|6\/100
|move|p1a: Electabuzz|Thunderbolt|p2a: Flareon
|-damage|p2a: Flareon|26\/100 par
|
|turn|15
|choice||
|
|cant|p2a: Flareon|par
|move|p1a: Electabuzz|Thunderbolt|p2a: Flareon
|-damage|p2a: Flareon|0 fnt
|faint|p2a: Flareon
|choice||
|
|switch|p2a: Hypno|Hypno, L85|8\/100 par
|turn|16
|c|★Snap5|oups
|choice||
|
|move|p1a: Electabuzz|Thunderbolt|p2a: Hypno
|-damage|p2a: Hypno|0 fnt
|faint|p2a: Hypno
|choice||
|
|switch|p2a: Persian|Persian, L79|100\/100
|turn|17
|choice||
|
|move|p1a: Electabuzz|Thunder Wave|p2a: Persian
|-status|p2a: Persian|par
|move|p2a: Persian|Slash|p1a: Electabuzz
|-crit|p1a: Electabuzz
|-damage|p1a: Electabuzz|0 fnt
|faint|p1a: Electabuzz
|choice||
|
|switch|p1a: Weezing|Weezing, L90|46\/100
|turn|18
|choice||
|
|move|p1a: Weezing|Sludge|p2a: Persian
|-damage|p2a: Persian|62\/100 par
|move|p2a: Persian|Hyper Beam|p1a: Weezing
|-damage|p1a: Weezing|16\/100
|
|turn|19
|-mustrecharge|p2a: Persian
|-mustrecharge|p2a: Persian
|choice||
|
|move|p1a: Weezing|Explosion|p2a: Persian
|-crit|p2a: Persian
|-damage|p2a: Persian|0 fnt
|faint|p2a: Persian
|faint|p1a: Weezing
|choice||
|
|switch|p1a: Kadabra|Kadabra, L85|100\/100
|switch|p2a: Starmie|Starmie, L79|100\/100
|turn|20
|choice||
|
|move|p1a: Kadabra|Seismic Toss|p2a: Starmie
|-damage|p2a: Starmie|67\/100
|move|p2a: Starmie|Thunder Wave|p1a: Kadabra
|-status|p1a: Kadabra|par
|
|turn|21
|choice||
|
|move|p2a: Starmie|Blizzard|p1a: Kadabra
|-damage|p1a: Kadabra|74\/100 par
|move|p1a: Kadabra|Seismic Toss|p2a: Starmie
|-damage|p2a: Starmie|34\/100
|
|turn|22
|choice||
|
|move|p2a: Starmie|Recover|p2a: Starmie
|-heal|p2a: Starmie|84\/100
|move|p1a: Kadabra|Seismic Toss|p2a: Starmie
|-damage|p2a: Starmie|51\/100
|
|turn|23
|choice||
|
|move|p2a: Starmie|Recover|p2a: Starmie
|-heal|p2a: Starmie|100\/100
|move|p1a: Kadabra|Seismic Toss|p2a: Starmie
|-damage|p2a: Starmie|67\/100
|
|turn|24
|choice||
|
|move|p2a: Starmie|Blizzard|p1a: Kadabra
|-damage|p1a: Kadabra|51\/100 par
|move|p1a: Kadabra|Seismic Toss|p2a: Starmie
|-damage|p2a: Starmie|34\/100
|
|turn|25
|choice||
|
|switch|p1a: Muk|Muk, L90|100\/100
|move|p2a: Starmie|Recover|p2a: Starmie
|-heal|p2a: Starmie|84\/100
|
|turn|26
|choice||
|
|switch|p2a: Primeape|Primeape, L90|100\/100
|move|p1a: Muk|Mega Drain|p2a: Primeape
|-damage|p2a: Primeape|90\/100
|
|turn|27
|choice||
|
|move|p2a: Primeape|Body Slam|p1a: Muk
|-crit|p1a: Muk
|-damage|p1a: Muk|58\/100
|move|p1a: Muk|Body Slam|p2a: Primeape
|-crit|p2a: Primeape
|-damage|p2a: Primeape|39\/100
|
|turn|28
|choice||
|
|switch|p1a: Rapidash|Rapidash, L90|100\/100
|move|p2a: Primeape|Hyper Beam|p1a: Rapidash
|-damage|p1a: Rapidash|52\/100
|
|turn|29
|-mustrecharge|p2a: Primeape
|-mustrecharge|p2a: Primeape
|choice||
|
|move|p1a: Rapidash|Substitute|p1a: Rapidash
|-start|p1a: Rapidash|Substitute
|-damage|p1a: Rapidash|27\/100
|cant|p2a: Primeape|recharge
|
|turn|30
|choice||
|
|move|p1a: Rapidash|Fire Blast|p2a: Primeape
|-damage|p2a: Primeape|0 fnt
|faint|p2a: Primeape
|choice||
|
|switch|p2a: Starmie|Starmie, L79|84\/100
|turn|31
|choice||
|
|move|p1a: Rapidash|Fire Blast|p2a: Starmie
|-resisted|p2a: Starmie
|-damage|p2a: Starmie|62\/100
|-status|p2a: Starmie|brn
|move|p2a: Starmie|Thunder Wave|p1a: Rapidash
|-status|p1a: Rapidash|par
|-damage|p2a: Starmie|55\/100 brn|[from] brn|[of] p1a: Rapidash
|
|turn|32
|choice||
|
|move|p2a: Starmie|Recover|p2a: Starmie
|-heal|p2a: Starmie|100\/100 brn
|-damage|p2a: Starmie|94\/100 brn|[from] brn
|cant|p1a: Rapidash|par
|
|turn|33
|choice||
|
|move|p2a: Starmie|Thunderbolt|p1a: Rapidash
|-activate|p1a: Rapidash|Substitute|[damage]
|-damage|p2a: Starmie|88\/100 brn|[from] brn|[of] p1a: Rapidash
|move|p1a: Rapidash|Growl|p2a: Starmie
|-unboost|p2a: Starmie|atk|1
|
|turn|34
|choice||
|
|move|p2a: Starmie|Thunderbolt|p1a: Rapidash
|-end|p1a: Rapidash|Substitute
|-damage|p2a: Starmie|82\/100 brn|[from] brn|[of] p1a: Rapidash
|move|p1a: Rapidash|Fire Blast|p2a: Starmie
|-crit|p2a: Starmie
|-resisted|p2a: Starmie
|-damage|p2a: Starmie|35\/100 brn
|
|turn|35
|choice||
|
|move|p2a: Starmie|Recover|p2a: Starmie
|-heal|p2a: Starmie|85\/100 brn
|-damage|p2a: Starmie|79\/100 brn|[from] brn
|cant|p1a: Rapidash|par
|
|turn|36
|choice||
|
|move|p2a: Starmie|Thunderbolt|p1a: Rapidash
|-damage|p1a: Rapidash|7\/100 par
|-damage|p2a: Starmie|72\/100 brn|[from] brn|[of] p1a: Rapidash
|move|p1a: Rapidash|Fire Blast|p2a: Starmie
|-resisted|p2a: Starmie
|-damage|p2a: Starmie|47\/100 brn
|
|turn|37
|choice||
|
|move|p2a: Starmie|Recover|p2a: Starmie
|-heal|p2a: Starmie|97\/100 brn
|-damage|p2a: Starmie|90\/100 brn|[from] brn
|move|p1a: Rapidash|Fire Blast|p2a: Starmie|[miss]
|-miss|p1a: Rapidash
|
|turn|38
|choice||
|
|move|p2a: Starmie|Thunderbolt|p1a: Rapidash
|-damage|p1a: Rapidash|0 fnt
|faint|p1a: Rapidash
|choice||
|
|switch|p1a: Muk|Muk, L90|58\/100
|turn|39
|choice||
|
|move|p2a: Starmie|Blizzard|p1a: Muk
|-damage|p1a: Muk|35\/100
|-damage|p2a: Starmie|84\/100 brn|[from] brn|[of] p1a: Muk
|move|p1a: Muk|Mega Drain|p2a: Starmie
|-supereffective|p2a: Starmie
|-damage|p2a: Starmie|64\/100 brn
|-heal|p1a: Muk|42\/100|[from] drain|[of] p2a: Starmie
|
|turn|40
|choice||
|
|move|p2a: Starmie|Recover|p2a: Starmie
|-heal|p2a: Starmie|100\/100 brn
|-damage|p2a: Starmie|94\/100 brn|[from] brn
|move|p1a: Muk|Mega Drain|p2a: Starmie
|-supereffective|p2a: Starmie
|-damage|p2a: Starmie|76\/100 brn
|-heal|p1a: Muk|48\/100|[from] drain|[of] p2a: Starmie
|
|turn|41
|choice||
|
|move|p2a: Starmie|Thunder Wave|p1a: Muk|[miss]
|-miss|p2a: Starmie
|-damage|p2a: Starmie|69\/100 brn|[from] brn|[of] p1a: Muk
|move|p1a: Muk|Mega Drain|p2a: Starmie
|-supereffective|p2a: Starmie
|-damage|p2a: Starmie|50\/100 brn
|-heal|p1a: Muk|55\/100|[from] drain|[of] p2a: Starmie
|
|turn|42
|choice||
|
|move|p2a: Starmie|Recover|p2a: Starmie
|-heal|p2a: Starmie|99\/100 brn
|-damage|p2a: Starmie|93\/100 brn|[from] brn
|move|p1a: Muk|Mega Drain|p2a: Starmie
|-supereffective|p2a: Starmie
|-damage|p2a: Starmie|75\/100 brn
|-heal|p1a: Muk|61\/100|[from] drain|[of] p2a: Starmie
|
|turn|43
|choice||
|
|move|p2a: Starmie|Blizzard|p1a: Muk
|-damage|p1a: Muk|37\/100
|-damage|p2a: Starmie|69\/100 brn|[from] brn|[of] p1a: Muk
|move|p1a: Muk|Mega Drain|p2a: Starmie
|-supereffective|p2a: Starmie
|-damage|p2a: Starmie|47\/100 brn
|-heal|p1a: Muk|44\/100|[from] drain|[of] p2a: Starmie
|
|turn|44
|choice||
|
|move|p2a: Starmie|Recover|p2a: Starmie
|-heal|p2a: Starmie|97\/100 brn
|-damage|p2a: Starmie|91\/100 brn|[from] brn
|move|p1a: Muk|Mega Drain|p2a: Starmie
|-supereffective|p2a: Starmie
|-damage|p2a: Starmie|71\/100 brn
|-heal|p1a: Muk|51\/100|[from] drain|[of] p2a: Starmie
|
|turn|45
|choice||
|
|move|p2a: Starmie|Blizzard|p1a: Muk|[miss]
|-miss|p2a: Starmie
|-damage|p2a: Starmie|65\/100 brn|[from] brn|[of] p1a: Muk
|move|p1a: Muk|Mega Drain|p2a: Starmie
|-supereffective|p2a: Starmie
|-damage|p2a: Starmie|46\/100 brn
|-heal|p1a: Muk|57\/100|[from] drain|[of] p2a: Starmie
|
|turn|46
|choice||
|
|move|p2a: Starmie|Recover|p2a: Starmie
|-heal|p2a: Starmie|96\/100 brn
|-damage|p2a: Starmie|90\/100 brn|[from] brn
|move|p1a: Muk|Mega Drain|p2a: Starmie
|-supereffective|p2a: Starmie
|-damage|p2a: Starmie|71\/100 brn
|-heal|p1a: Muk|63\/100|[from] drain|[of] p2a: Starmie
|
|turn|47
|choice||
|
|move|p2a: Starmie|Blizzard|p1a: Muk|[miss]
|-miss|p2a: Starmie
|-damage|p2a: Starmie|65\/100 brn|[from] brn|[of] p1a: Muk
|move|p1a: Muk|Body Slam|p2a: Starmie
|-damage|p2a: Starmie|36\/100 brn
|
|turn|48
|choice||
|
|move|p2a: Starmie|Recover|p2a: Starmie
|-heal|p2a: Starmie|85\/100 brn
|-damage|p2a: Starmie|79\/100 brn|[from] brn
|move|p1a: Muk|Mega Drain|p2a: Starmie
|-supereffective|p2a: Starmie
|-damage|p2a: Starmie|58\/100 brn
|-heal|p1a: Muk|71\/100|[from] drain|[of] p2a: Starmie
|
|turn|49
|choice||
|
|move|p2a: Starmie|Blizzard|p1a: Muk
|-damage|p1a: Muk|48\/100
|-damage|p2a: Starmie|51\/100 brn|[from] brn|[of] p1a: Muk
|move|p1a: Muk|Mega Drain|p2a: Starmie
|-supereffective|p2a: Starmie
|-damage|p2a: Starmie|31\/100 brn
|-heal|p1a: Muk|55\/100|[from] drain|[of] p2a: Starmie
|
|turn|50
|choice||
|
|move|p2a: Starmie|Recover|p2a: Starmie
|-heal|p2a: Starmie|81\/100 brn
|-damage|p2a: Starmie|75\/100 brn|[from] brn
|move|p1a: Muk|Mega Drain|p2a: Starmie
|-supereffective|p2a: Starmie
|-damage|p2a: Starmie|56\/100 brn
|-heal|p1a: Muk|61\/100|[from] drain|[of] p2a: Starmie
|
|turn|51
|choice||
|
|move|p2a: Starmie|Blizzard|p1a: Muk
|-damage|p1a: Muk|40\/100
|-damage|p2a: Starmie|50\/100 brn|[from] brn|[of] p1a: Muk
|move|p1a: Muk|Mega Drain|p2a: Starmie
|-supereffective|p2a: Starmie
|-damage|p2a: Starmie|31\/100 brn
|-heal|p1a: Muk|46\/100|[from] drain|[of] p2a: Starmie
|
|turn|52
|choice||
|
|move|p2a: Starmie|Recover|p2a: Starmie
|-heal|p2a: Starmie|81\/100 brn
|-damage|p2a: Starmie|74\/100 brn|[from] brn
|move|p1a: Muk|Mega Drain|p2a: Starmie
|-supereffective|p2a: Starmie
|-damage|p2a: Starmie|55\/100 brn
|-heal|p1a: Muk|53\/100|[from] drain|[of] p2a: Starmie
|
|turn|53
|choice||
|
|move|p2a: Starmie|Recover|p2a: Starmie
|-heal|p2a: Starmie|100\/100 brn
|-damage|p2a: Starmie|94\/100 brn|[from] brn
|move|p1a: Muk|Mega Drain|p2a: Starmie
|-supereffective|p2a: Starmie
|-damage|p2a: Starmie|74\/100 brn
|-heal|p1a: Muk|60\/100|[from] drain|[of] p2a: Starmie
|
|turn|54
|choice||
|
|move|p2a: Starmie|Thunderbolt|p1a: Muk
|-damage|p1a: Muk|41\/100
|-damage|p2a: Starmie|68\/100 brn|[from] brn|[of] p1a: Muk
|move|p1a: Muk|Mega Drain|p2a: Starmie
|-crit|p2a: Starmie
|-supereffective|p2a: Starmie
|-damage|p2a: Starmie|31\/100 brn
|-heal|p1a: Muk|53\/100|[from] drain|[of] p2a: Starmie
|
|turn|55
|choice||
|
|move|p2a: Starmie|Recover|p2a: Starmie
|-heal|p2a: Starmie|81\/100 brn
|-damage|p2a: Starmie|74\/100 brn|[from] brn
|move|p1a: Muk|Body Slam|p2a: Starmie
|-damage|p2a: Starmie|44\/100 brn
|
|turn|56
|choice||
|
|move|p2a: Starmie|Recover|p2a: Starmie
|-heal|p2a: Starmie|94\/100 brn
|-damage|p2a: Starmie|88\/100 brn|[from] brn
|move|p1a: Muk|Body Slam|p2a: Starmie
|-damage|p2a: Starmie|58\/100 brn
|
|turn|57
|choice||
|
|move|p2a: Starmie|Thunder Wave|p1a: Muk
|-status|p1a: Muk|par
|-damage|p2a: Starmie|51\/100 brn|[from] brn|[of] p1a: Muk
|move|p1a: Muk|Body Slam|p2a: Starmie
|-damage|p2a: Starmie|20\/100 brn
|
|turn|58
|choice||
|
|move|p2a: Starmie|Recover|p2a: Starmie
|-heal|p2a: Starmie|70\/100 brn
|-damage|p2a: Starmie|64\/100 brn|[from] brn
|move|p1a: Muk|Explosion|p2a: Starmie
|-damage|p2a: Starmie|0 fnt
|faint|p2a: Starmie
|faint|p1a: Muk
|
|win|optic gold
|player|p1
|player|p2
|raw|optic gold's rating: 1198 &rarr; <strong>1237<\/strong><br \/>(+39 for winning)
|raw|Snap5's rating: 1427 &rarr; <strong>1395<\/strong><br \/>(-32 for losing)
|l|Snap5