|j|casual climb
|j|moosaidmycow
|player|p1|casual climb|101
|player|p2|moosaidmycow|184
|gametype|singles
|gen|1
|tier|[Gen 1] Random Battle
|rated
|seed|
|rule|Sleep Clause Mod: Limit one foe put to sleep
|rule|Freeze Clause Mod: Limit one foe frozen
|rule|HP Percentage Mod: HP is shown in percentages
|
|start
|switch|p1a: Lapras|Lapras, L79|100\/100
|switch|p2a: Nidoqueen|Nidoqueen, L85|100\/100
|turn|1
|choice||
|
|move|p2a: Nidoqueen|Thunder|p1a: Lapras|[miss]
|-miss|p2a: Nidoqueen
|move|p1a: Lapras|Ice Beam|p2a: Nidoqueen
|-supereffective|p2a: Nidoqueen
|-damage|p2a: Nidoqueen|38\/100
|
|turn|2
|choice||
|
|switch|p2a: Lapras|Lapras, L79|100\/100
|switch|p1a: Venusaur|Venusaur, L85|100\/100
|
|turn|3
|choice||
|
|move|p1a: Venusaur|Razor Leaf|p2a: Lapras
|-crit|p2a: Lapras
|-supereffective|p2a: Lapras
|-damage|p2a: Lapras|30\/100
|move|p2a: Lapras|Confuse Ray|p1a: Venusaur
|-start|p1a: Venusaur|confusion
|
|turn|4
|choice||
|
|switch|p1a: Lapras|Lapras, L79|100\/100
|move|p2a: Lapras|Ice Beam|p1a: Lapras
|-crit|p1a: Lapras
|-resisted|p1a: Lapras
|-damage|p1a: Lapras|89\/100
|
|turn|5
|choice||
|
|move|p1a: Lapras|Thunderbolt|p2a: Lapras
|-supereffective|p2a: Lapras
|-damage|p2a: Lapras|0 fnt
|faint|p2a: Lapras
|choice||
|
|switch|p2a: Jolteon|Jolteon, L79|100\/100
|turn|6
|choice||
|
|switch|p1a: Venusaur|Venusaur, L85|100\/100
|move|p2a: Jolteon|Sand Attack|p1a: Venusaur
|-unboost|p1a: Venusaur|accuracy|1
|
|turn|7
|choice||
|
|switch|p2a: Caterpie|Caterpie, L99|100\/100
|move|p1a: Venusaur|Body Slam|p2a: Caterpie
|-damage|p2a: Caterpie|73\/100
|-status|p2a: Caterpie|par
|
|turn|8
|choice||
|
|switch|p1a: Lapras|Lapras, L79|89\/100
|cant|p2a: Caterpie|par
|
|turn|9
|c|★moosaidmycow|#2 on the ladder now
|choice||
|
|switch|p1a: Venusaur|Venusaur, L85|100\/100
|cant|p2a: Caterpie|par
|
|turn|10
|choice||
|
|move|p1a: Venusaur|Swords Dance|p1a: Venusaur
|-boost|p1a: Venusaur|atk|2
|move|p2a: Caterpie|String Shot|p1a: Venusaur
|-unboost|p1a: Venusaur|spe|1
|
|turn|11
|c|★casual climb|what
|choice||
|
|move|p1a: Venusaur|Swords Dance|p1a: Venusaur
|-boost|p1a: Venusaur|atk|2
|move|p2a: Caterpie|Tackle|p1a: Venusaur
|-damage|p1a: Venusaur|94\/100
|
|turn|12
|choice||
|
|move|p1a: Venusaur|Swords Dance|p1a: Venusaur
|-boost|p1a: Venusaur|atk|2
|cant|p2a: Caterpie|par
|
|turn|13
|c|★moosaidmycow|#2 on the ladder right?
|choice||
|
|move|p1a: Venusaur|Body Slam|p2a: Caterpie
|-damage|p2a: Caterpie|0 fnt
|faint|p2a: Caterpie
|c|★casual climb|yeah
|c|★moosaidmycow|awesome!
|c|★casual climb|how did you know im him though
|c|★casual climb|thanks!
|c|★moosaidmycow|lucky guess
|c|★casual climb|lol
|choice||
|
|switch|p2a: Nidoqueen|Nidoqueen, L85|38\/100
|turn|14
|choice||
|
|move|p2a: Nidoqueen|Blizzard|p1a: Venusaur|[miss]
|-miss|p2a: Nidoqueen
|move|p1a: Venusaur|Body Slam|p2a: Nidoqueen
|-damage|p2a: Nidoqueen|0 fnt
|faint|p2a: Nidoqueen
|c|★moosaidmycow|i cant take this RNG
|choice||
|
|switch|p2a: Dragonite|Dragonite, L85|100\/100
|turn|15
|choice||
|
|move|p2a: Dragonite|Thunder Wave|p1a: Venusaur
|-status|p1a: Venusaur|par
|cant|p1a: Venusaur|par
|
|turn|16
|choice||
|
|move|p2a: Dragonite|Thunder|p1a: Venusaur
|-resisted|p1a: Venusaur
|-damage|p1a: Venusaur|82\/100 par
|move|p1a: Venusaur|Body Slam|p2a: Dragonite
|-crit|p2a: Dragonite
|-damage|p2a: Dragonite|71\/100
|
|turn|17
|choice||
|
|move|p2a: Dragonite|Thunder|p1a: Venusaur
|-resisted|p1a: Venusaur
|-damage|p1a: Venusaur|70\/100 par
|cant|p1a: Venusaur|par
|
|turn|18
|c|★moosaidmycow|thunder\/surf
|choice||
|
|move|p2a: Dragonite|Thunder|p1a: Venusaur|[miss]
|-miss|p2a: Dragonite
|move|p1a: Venusaur|Body Slam|p2a: Dragonite
|-crit|p2a: Dragonite
|-damage|p2a: Dragonite|41\/100
|
|turn|19
|choice||
|
|move|p2a: Dragonite|Thunder|p1a: Venusaur|[miss]
|-miss|p2a: Dragonite
|move|p1a: Venusaur|Body Slam|p2a: Dragonite
|-damage|p2a: Dragonite|0 fnt
|faint|p2a: Dragonite
|choice||
|
|switch|p2a: Tauros|Tauros, L79|100\/100
|turn|20
|choice||
|
|move|p2a: Tauros|Blizzard|p1a: Venusaur
|-supereffective|p1a: Venusaur
|-damage|p1a: Venusaur|36\/100 par
|move|p1a: Venusaur|Body Slam|p2a: Tauros
|-damage|p2a: Tauros|24\/100
|
|turn|21
|choice||
|
|switch|p1a: Muk|Muk, L90|100\/100
|move|p2a: Tauros|Hyper Beam|p1a: Muk
|-damage|p1a: Muk|62\/100
|
|turn|22
|-mustrecharge|p2a: Tauros
|-mustrecharge|p2a: Tauros
|choice||
|
|cant|p2a: Tauros|recharge
|move|p1a: Muk|Sludge|p2a: Tauros
|-damage|p2a: Tauros|0 fnt
|faint|p2a: Tauros
|choice||
|
|switch|p2a: Jolteon|Jolteon, L79|100\/100
|turn|23
|choice||
|
|move|p2a: Jolteon|Sand Attack|p1a: Muk
|-unboost|p1a: Muk|accuracy|1
|move|p1a: Muk|Body Slam|p2a: Jolteon
|-damage|p2a: Jolteon|64\/100
|
|turn|24
|choice||
|
|switch|p1a: Abra|Abra, L96|100\/100
|move|p2a: Jolteon|Thunderbolt|p1a: Abra
|-damage|p1a: Abra|70\/100
|
|turn|25
|choice||
|
|move|p2a: Jolteon|Body Slam|p1a: Abra
|-damage|p1a: Abra|41\/100
|move|p1a: Abra|Thunder Wave|p2a: Jolteon
|-status|p2a: Jolteon|par
|
|turn|26
|choice||
|
|switch|p1a: Clefairy|Clefairy, L95|100\/100
|move|p2a: Jolteon|Thunderbolt|p1a: Clefairy
|-crit|p1a: Clefairy
|-damage|p1a: Clefairy|38\/100
|
|turn|27
|choice||
|
|switch|p1a: Tauros|Tauros, L79|100\/100
|move|p2a: Jolteon|Thunderbolt|p1a: Tauros
|-crit|p1a: Tauros
|-damage|p1a: Tauros|16\/100
|
|turn|28
|c|★moosaidmycow|solid ass team u have there
|c|★casual climb|lol
|c|★casual climb|your team was good too
|c|★casual climb|the hax just werent kind
|choice||
|
|switch|p1a: Venusaur|Venusaur, L85|36\/100 par
|move|p2a: Jolteon|Thunderbolt|p1a: Venusaur
|-resisted|p1a: Venusaur
|-damage|p1a: Venusaur|22\/100 par
|
|turn|29
|c|★moosaidmycow|the moveset on my caterpie wasnt so good xD
|c|★casual climb|lol
|c|★moosaidmycow|im blaming it on that
|choice||
|
|move|p2a: Jolteon|Thunderbolt|p1a: Venusaur
|-resisted|p1a: Venusaur
|-damage|p1a: Venusaur|7\/100 par
|move|p1a: Venusaur|Razor Leaf|p2a: Jolteon
|-crit|p2a: Jolteon
|-damage|p2a: Jolteon|20\/100 par
|
|turn|30
|choice||
|
|switch|p1a: Muk|Muk, L90|62\/100
|move|p2a: Jolteon|Thunderbolt|p1a: Muk
|-damage|p1a: Muk|32\/100
|
|turn|31
|c|★moosaidmycow|gg
|choice||
|
|move|p1a: Muk|Sludge|p2a: Jolteon
|-damage|p2a: Jolteon|0 fnt
|faint|p2a: Jolteon
|
|win|casual climb
|player|p1
|player|p2
|c|★casual climb|gg
|c|★casual climb|got the 6-0 swag
|raw|casual climb's rating: 1319 &rarr; <strong>1337<\/strong><br \/>(+18 for winning)
|raw|moosaidmycow's rating: 1281 &rarr; <strong>1259<\/strong><br \/>(-22 for losing)
|l|moosaidmycow