|join|andrewandres
|join|johnhello
|player|p1|andrewandres|266
|player|p2|johnhello|265
|gametype|singles
|gen|1
|tier|[Gen 1] Random Battle
|rated
|rule|Sleep Clause Mod: Limit one foe put to sleep
|rule|Freeze Clause Mod: Limit one foe frozen
|rule|HP Percentage Mod: HP is shown in percentages
|
|start
|switch|p1a: Sandshrew|Sandshrew, L96|291\/291
|switch|p2a: Ekans|Ekans, L96|262\/262
|turn|1
|
|move|p2a: Ekans|Glare|p1a: Sandshrew
|-status|p1a: Sandshrew|par
|cant|p1a: Sandshrew|par
|
|turn|2
|
|move|p2a: Ekans|Body Slam|p1a: Sandshrew
|-damage|p1a: Sandshrew|242\/291 par
|cant|p1a: Sandshrew|par
|
|turn|3
|
|switch|p2a: Slowbro|Slowbro, L79|312\/312
|move|p1a: Sandshrew|Earthquake|p2a: Slowbro
|-damage|p2a: Slowbro|214\/312
|
|turn|4
|
|switch|p1a: Magneton|Magneton, L90|273\/273
|move|p2a: Slowbro|Surf|p1a: Magneton
|-damage|p1a: Magneton|211\/273
|
|turn|5
|
|switch|p2a: Ivysaur|Ivysaur, L85|276\/276
|move|p1a: Magneton|Thunderbolt|p2a: Ivysaur
|-resisted|p2a: Ivysaur
|-damage|p2a: Ivysaur|202\/276
|
|turn|6
|
|switch|p1a: Metapod|Metapod, L99|300\/300
|move|p2a: Ivysaur|Sleep Powder|p1a: Metapod
|-status|p1a: Metapod|slp
|
|turn|7
|
|switch|p1a: Golbat|Golbat, L90|318\/318
|move|p2a: Ivysaur|Leech Seed|p1a: Golbat
|-start|p1a: Golbat|move: Leech Seed
|
|turn|8
|
|move|p1a: Golbat|Screech|p2a: Ivysaur
|-unboost|p2a: Ivysaur|def|2
|-damage|p1a: Golbat|299\/318|[from] Leech Seed|[of] p2a: Ivysaur
|-heal|p2a: Ivysaur|221\/276|[silent]
|move|p2a: Ivysaur|Body Slam|p1a: Golbat
|-damage|p1a: Golbat|243\/318
|
|turn|9
|
|move|p1a: Golbat|Double-Edge|p2a: Ivysaur
|-damage|p2a: Ivysaur|56\/276
|-damage|p1a: Golbat|202\/318|[from] recoil|[of] p2a: Ivysaur
|-damage|p1a: Golbat|183\/318|[from] Leech Seed|[of] p2a: Ivysaur
|-heal|p2a: Ivysaur|75\/276|[silent]
|move|p2a: Ivysaur|Body Slam|p1a: Golbat
|-crit|p1a: Golbat
|-damage|p1a: Golbat|80\/318
|
|turn|10
|
|move|p1a: Golbat|Double-Edge|p2a: Ivysaur
|-damage|p2a: Ivysaur|0 fnt
|-damage|p1a: Golbat|62\/318|[from] recoil|[of] p2a: Ivysaur
|faint|p2a: Ivysaur
|
|switch|p2a: Magneton|Magneton, L90|273\/273
|turn|11
|
|move|p1a: Golbat|Hyper Beam|p2a: Magneton
|-damage|p2a: Magneton|173\/273
|-damage|p1a: Golbat|43\/318|[from] Leech Seed|[of] p2a: Magneton
|-heal|p2a: Magneton|192\/273|[silent]
|move|p2a: Magneton|Thunderbolt|p1a: Golbat
|-crit|p1a: Golbat
|-supereffective|p1a: Golbat
|-damage|p1a: Golbat|0 fnt
|faint|p1a: Golbat
|
|switch|p1a: Sandshrew|Sandshrew, L96|242\/291 par
|turn|12
|
|switch|p2a: Slowbro|Slowbro, L79|214\/312
|move|p1a: Sandshrew|Body Slam|p2a: Slowbro
|-damage|p2a: Slowbro|154\/312
|
|turn|13
|
|move|p2a: Slowbro|Surf|p1a: Sandshrew
|-supereffective|p1a: Sandshrew
|-damage|p1a: Sandshrew|11\/291 par
|move|p1a: Sandshrew|Earthquake|p2a: Slowbro
|-damage|p2a: Slowbro|53\/312
|
|turn|14
|
|move|p2a: Slowbro|Rest|p2a: Slowbro
|-status|p2a: Slowbro|slp
|-heal|p2a: Slowbro|312\/312 slp|[silent]
|-status|p2a: Slowbro|slp|[from] move: Rest
|move|p1a: Sandshrew|Earthquake|p2a: Slowbro
|-damage|p2a: Slowbro|212\/312 slp
|
|turn|15
|
|cant|p2a: Slowbro|slp
|move|p1a: Sandshrew|Earthquake|p2a: Slowbro
|-damage|p2a: Slowbro|109\/312 slp
|
|turn|16
|
|-curestatus|p2a: Slowbro|slp
|cant|p1a: Sandshrew|par
|
|turn|17
|
|move|p2a: Slowbro|Surf|p1a: Sandshrew
|-supereffective|p1a: Sandshrew
|-damage|p1a: Sandshrew|0 fnt
|faint|p1a: Sandshrew
|
|switch|p1a: Magneton|Magneton, L90|211\/273
|turn|18
|
|move|p1a: Magneton|Thunderbolt|p2a: Slowbro
|-supereffective|p2a: Slowbro
|-damage|p2a: Slowbro|0 fnt
|faint|p2a: Slowbro
|
|switch|p2a: Rapidash|Rapidash, L90|300\/300
|turn|19
|
|move|p2a: Rapidash|Toxic|p1a: Magneton
|-status|p1a: Magneton|tox
|move|p1a: Magneton|Thunder Wave|p2a: Rapidash
|-status|p2a: Rapidash|par
|-damage|p1a: Magneton|194\/273 tox|[from] tox|[of] p2a: Rapidash
|
|turn|20
|
|move|p1a: Magneton|Thunderbolt|p2a: Rapidash
|-damage|p2a: Rapidash|160\/300 par
|-damage|p1a: Magneton|160\/273 tox|[from] tox|[of] p2a: Rapidash
|cant|p2a: Rapidash|par
|
|turn|21
|
|move|p1a: Magneton|Thunderbolt|p2a: Rapidash
|-damage|p2a: Rapidash|32\/300 par
|-damage|p1a: Magneton|109\/273 tox|[from] tox|[of] p2a: Rapidash
|cant|p2a: Rapidash|par
|
|turn|22
|
|move|p1a: Magneton|Double-Edge|p2a: Rapidash
|-damage|p2a: Rapidash|0 fnt
|-damage|p1a: Magneton|101\/273 tox|[from] recoil|[of] p2a: Rapidash
|faint|p2a: Rapidash
|
|switch|p2a: Ekans|Ekans, L96|262\/262
|turn|23
|
|switch|p1a: Metapod|Metapod, L99|300\/300 slp
|move|p2a: Ekans|Earthquake|p1a: Metapod
|-resisted|p1a: Metapod
|-damage|p1a: Metapod|262\/300 slp
|
|turn|24
|
|switch|p2a: Doduo|Doduo, L96|262\/262
|cant|p1a: Metapod|slp
|
|turn|25
|
|move|p2a: Doduo|Drill Peck|p1a: Metapod
|-supereffective|p1a: Metapod
|-damage|p1a: Metapod|22\/300 slp
|cant|p1a: Metapod|slp
|
|turn|26
|
|move|p2a: Doduo|Drill Peck|p1a: Metapod
|-crit|p1a: Metapod
|-supereffective|p1a: Metapod
|-damage|p1a: Metapod|0 fnt
|faint|p1a: Metapod
|
|switch|p1a: Magneton|Magneton, L90|101\/273 tox
|-status|p1a: Magneton|psn
|turn|27
|
|move|p2a: Doduo|Drill Peck|p1a: Magneton
|-resisted|p1a: Magneton
|-damage|p1a: Magneton|53\/273 psn
|move|p1a: Magneton|Thunder Wave|p2a: Doduo
|-status|p2a: Doduo|par
|-damage|p1a: Magneton|36\/273 psn|[from] psn|[of] p2a: Doduo
|
|turn|28
|
|switch|p2a: Magneton|Magneton, L90|192\/273
|move|p1a: Magneton|Thunderbolt|p2a: Magneton
|-resisted|p2a: Magneton
|-damage|p2a: Magneton|139\/273
|-damage|p1a: Magneton|19\/273 psn|[from] psn|[of] p2a: Magneton
|
|turn|29
|
|move|p2a: Magneton|Thunderbolt|p1a: Magneton
|-resisted|p1a: Magneton
|-damage|p1a: Magneton|0 fnt
|faint|p1a: Magneton
|
|switch|p1a: Electabuzz|Electabuzz, L85|284\/284
|turn|30
|
|move|p1a: Electabuzz|Thunder Wave|p2a: Magneton
|-status|p2a: Magneton|par
|cant|p2a: Magneton|par
|
|turn|31
|
|move|p1a: Electabuzz|Seismic Toss|p2a: Magneton
|-damage|p2a: Magneton|54\/273 par
|move|p2a: Magneton|Thunder Wave|p1a: Electabuzz
|-status|p1a: Electabuzz|par
|
|turn|32
|
|move|p1a: Electabuzz|Seismic Toss|p2a: Magneton
|-damage|p2a: Magneton|0 fnt
|faint|p2a: Magneton
|
|switch|p2a: Ekans|Ekans, L96|262\/262
|turn|33
|
|move|p2a: Ekans|Earthquake|p1a: Electabuzz
|-crit|p1a: Electabuzz
|-supereffective|p1a: Electabuzz
|-damage|p1a: Electabuzz|0 fnt
|faint|p1a: Electabuzz
|
|switch|p1a: Horsea|Horsea, L96|252\/252
|turn|34
|
|move|p1a: Horsea|Smokescreen|p2a: Ekans
|-unboost|p2a: Ekans|accuracy|1
|move|p2a: Ekans|Glare|p1a: Horsea|[miss]
|-miss|p2a: Ekans
|
|turn|35
|
|move|p1a: Horsea|Hydro Pump|p2a: Ekans
|-damage|p2a: Ekans|84\/262
|move|p2a: Ekans|Body Slam|p1a: Horsea|[miss]
|-miss|p2a: Ekans
|
|turn|36
|
|move|p1a: Horsea|Surf|p2a: Ekans
|-damage|p2a: Ekans|0 fnt
|faint|p2a: Ekans
|
|switch|p2a: Doduo|Doduo, L96|262\/262 par
|turn|37
|
|move|p1a: Horsea|Surf|p2a: Doduo
|-damage|p2a: Doduo|123\/262 par
|move|p2a: Doduo|Drill Peck|p1a: Horsea
|-damage|p1a: Horsea|152\/252
|
|turn|38
|c|★johnhello|gg
|
|move|p1a: Horsea|Surf|p2a: Doduo
|-damage|p2a: Doduo|0 fnt
|faint|p2a: Doduo
|
|win|andrewandres
|raw|Ladder updating...
|raw|andrewandres's rating: 1294 &rarr; <strong>1316<\/strong><br \/>(+22 for winning)
|raw|johnhello's rating: 1252 &rarr; <strong>1230<\/strong><br \/>(-22 for losing)