|j|Dazmi
|j|Teddy Nape
|player|p1|Dazmi|65
|player|p2|Teddy Nape|73
|gametype|singles
|gen|1
|tier|[Gen 1] OU
|rated
|seed|
|rule|Sleep Clause Mod: Limit one foe put to sleep
|rule|Freeze Clause Mod: Limit one foe frozen
|rule|Species Clause: Limit one of each Pokémon
|rule|OHKO Clause: OHKO moves are banned
|rule|Evasion Moves Clause: Evasion moves are banned
|rule|HP Percentage Mod: HP is shown in percentages
|
|start
|switch|p1a: Starmie|Starmie|100\/100
|switch|p2a: Gengar|Gengar|100\/100
|turn|1
|choice||
|
|move|p1a: Starmie|Psychic|p2a: Gengar
|-crit|p2a: Gengar
|-supereffective|p2a: Gengar
|-damage|p2a: Gengar|1\/100
|move|p2a: Gengar|Hypnosis|p1a: Starmie
|-status|p1a: Starmie|slp
|
|turn|2
|choice||
|
|cant|p1a: Starmie|slp
|move|p2a: Gengar|Mega Drain|p1a: Starmie
|-crit|p1a: Starmie
|-supereffective|p1a: Starmie
|-damage|p1a: Starmie|53\/100 slp
|-heal|p2a: Gengar|25\/100|[from] drain|[of] p1a: Starmie
|
|turn|3
|choice||
|
|-curestatus|p1a: Starmie|slp
|move|p2a: Gengar|Thunderbolt|p1a: Starmie
|-supereffective|p1a: Starmie
|-damage|p1a: Starmie|0 fnt
|faint|p1a: Starmie
|choice||
|
|switch|p1a: Tauros|Tauros|100\/100
|turn|4
|choice||
|
|move|p2a: Gengar|Explosion|p1a: Tauros
|-damage|p1a: Tauros|43\/100
|faint|p2a: Gengar
|choice||
|
|switch|p2a: Tauros|Tauros|100\/100
|turn|5
|choice||
|
|move|p2a: Tauros|Hyper Beam|p1a: Tauros|[miss]
|-miss|p2a: Tauros
|move|p1a: Tauros|Hyper Beam|p2a: Tauros
|-crit|p2a: Tauros
|-damage|p2a: Tauros|0 fnt
|faint|p2a: Tauros
|c|★Teddy Nape|No
|choice||
|
|switch|p2a: Rhydon|Rhydon|100\/100
|turn|6
|c|★Dazmi|Yes
|choice||
|
|move|p1a: Tauros|Blizzard|p2a: Rhydon
|-supereffective|p2a: Rhydon
|-damage|p2a: Rhydon|42\/100
|move|p2a: Rhydon|Earthquake|p1a: Tauros
|-damage|p1a: Tauros|2\/100
|
|turn|7
|c|★Teddy Nape|lucker
|-message|Teddy Nape forfeited.
|
|win|Dazmi
|player|p1
|player|p2
|l|Teddy Nape
|raw|Dazmi's rating: 1208 &rarr; <strong>1222<\/strong><br \/>(+14 for winning)
|raw|Teddy Nape's rating: 1043 &rarr; <strong>1034<\/strong><br \/>(-9 for losing)