|j|SuperKirbyFan
|j|It was all a dream
|player|p1|SuperKirbyFan|265
|player|p2|It was all a dream|229
|gametype|singles
|gen|1
|tier|[Gen 1] OU
|rated
|seed|13416,9813,50417,36889
|rule|Sleep Clause Mod: Limit one foe put to sleep
|rule|Freeze Clause Mod: Limit one foe frozen
|rule|Species Clause: Limit one of each Pokémon
|rule|OHKO Clause: OHKO moves are banned
|rule|Evasion Moves Clause: Evasion moves are banned
|rule|HP Percentage Mod: HP is shown in percentages
|
|start
|switch|p1a: Alakazam|Alakazam|313\/313
|switch|p2a: Gamer|Starmie|323\/323
|turn|1
|choice|move 3|switch 3
|
|switch|p2a: Atta|Golem|363\/363
|move|p1a: Alakazam|Thunder Wave|p2a: Atta
|-immune|p2a: Atta|[msg]
|
|turn|2
|choice|move 1|move 1
|
|move|p1a: Alakazam|Psychic|p2a: Atta
|-damage|p2a: Atta|188\/363
|move|p2a: Atta|Body Slam|p1a: Alakazam
|-damage|p1a: Alakazam|195\/313
|
|turn|3
|choice|move 1|move 3
|
|move|p1a: Alakazam|Psychic|p2a: Atta
|-damage|p2a: Atta|14\/363
|move|p2a: Atta|Explosion|p1a: Alakazam
|-damage|p1a: Alakazam|0 fnt
|faint|p1a: Alakazam
|faint|p2a: Atta
|choice|switch 6|switch 6
|
|switch|p1a: Snorlax|Snorlax|523\/523
|switch|p2a: Arse|Snorlax|523\/523
|turn|4
|choice|move 1|move 1
|
|move|p1a: Snorlax|Body Slam|p2a: Arse
|-damage|p2a: Arse|386\/523
|move|p2a: Arse|Body Slam|p1a: Snorlax
|-damage|p1a: Snorlax|395\/523
|
|turn|5
|choice|move 1|move 1
|
|move|p2a: Arse|Body Slam|p1a: Snorlax
|-damage|p1a: Snorlax|261\/523
|move|p1a: Snorlax|Body Slam|p2a: Arse
|-damage|p2a: Arse|240\/523
|
|turn|6
|choice|move 1|move 1
|
|move|p1a: Snorlax|Body Slam|p2a: Arse
|-damage|p2a: Arse|108\/523
|move|p2a: Arse|Body Slam|p1a: Snorlax
|-damage|p1a: Snorlax|115\/523
|
|turn|7
|choice|switch 5|move 1
|
|switch|p1a: Jolteon|Jolteon|333\/333
|move|p2a: Arse|Body Slam|p1a: Jolteon
|-damage|p1a: Jolteon|181\/333
|
|turn|8
|choice|move 1|move 3
|
|move|p1a: Jolteon|Thunderbolt|p2a: Arse
|-damage|p2a: Arse|0 fnt
|faint|p2a: Arse
|choice||switch 4
|
|switch|p2a: ROYAL RUMBLE|Chansey|703\/703
|turn|9
|choice|move 3|move 3
|
|move|p1a: Jolteon|Thunder Wave|p2a: ROYAL RUMBLE
|-status|p2a: ROYAL RUMBLE|par
|move|p2a: ROYAL RUMBLE|Ice Beam|p1a: Jolteon
|-damage|p1a: Jolteon|103\/333
|
|turn|10
|choice|switch 5|move 3
|
|switch|p1a: Snorlax|Snorlax|115\/523
|move|p2a: ROYAL RUMBLE|Ice Beam|p1a: Snorlax
|-damage|p1a: Snorlax|20\/523
|
|turn|11
|choice|move 3|move 3
|
|move|p1a: Snorlax|Self-Destruct|p2a: ROYAL RUMBLE
|-damage|p2a: ROYAL RUMBLE|0 fnt
|faint|p2a: ROYAL RUMBLE
|faint|p1a: Snorlax
|choice|switch 5|switch 2
|
|switch|p1a: Jolteon|Jolteon|103\/333
|switch|p2a: Nincompoop Bulls|Tauros|353\/353
|turn|12
|choice|move 3|move 2
|
|move|p1a: Jolteon|Thunder Wave|p2a: Nincompoop Bulls
|-status|p2a: Nincompoop Bulls|par
|cant|p2a: Nincompoop Bulls|par
|
|turn|13
|choice|move 1|move 2
|
|move|p1a: Jolteon|Thunderbolt|p2a: Nincompoop Bulls
|-crit|p2a: Nincompoop Bulls
|-damage|p2a: Nincompoop Bulls|79\/353 par
|move|p2a: Nincompoop Bulls|Body Slam|p1a: Jolteon
|-damage|p1a: Jolteon|0 fnt
|faint|p1a: Jolteon
|choice|switch 3|
|
|switch|p1a: Tauros|Tauros|353\/353
|turn|14
|choice|move 1|move 4
|
|move|p1a: Tauros|Body Slam|p2a: Nincompoop Bulls
|-damage|p2a: Nincompoop Bulls|0 fnt
|faint|p2a: Nincompoop Bulls
|choice||switch 5
|
|switch|p2a: RonaldDoesMinecraf|Exeggutor|393\/393
|turn|15
|choice|move 1|move 3
|
|move|p1a: Tauros|Body Slam|p2a: RonaldDoesMinecraf
|-damage|p2a: RonaldDoesMinecraf|277\/393
|move|p2a: RonaldDoesMinecraf|Sleep Powder|p1a: Tauros
|-status|p1a: Tauros|slp
|
|turn|16
|choice|switch 4|move 2
|
|switch|p1a: Dragonite|Dragonite|385\/385
|move|p2a: RonaldDoesMinecraf|Psychic|p1a: Dragonite
|-damage|p1a: Dragonite|261\/385
|
|turn|17
|choice|move 3|move 1
|
|move|p1a: Dragonite|Agility|p1a: Dragonite
|-boost|p1a: Dragonite|spe|2
|move|p2a: RonaldDoesMinecraf|Egg Bomb|p1a: Dragonite
|-damage|p1a: Dragonite|182\/385
|
|turn|18
|choice|move 1|move 2
|
|move|p1a: Dragonite|Wrap|p2a: RonaldDoesMinecraf
|-damage|p2a: RonaldDoesMinecraf|259\/393
|-activate|p2a: RonaldDoesMinecraf|move: Wrap|[of] p1a: Dragonite
|cant|p2a: RonaldDoesMinecraf|partiallytrapped
|
|turn|19
|choice|move 1|move 1
|
|move|p1a: Dragonite|Wrap|p2a: RonaldDoesMinecraf
|-damage|p2a: RonaldDoesMinecraf|241\/393
|cant|p2a: RonaldDoesMinecraf|partiallytrapped
|
|turn|20
|choice|move 1|switch 3
|
|switch|p2a: Gamer|Starmie|323\/323
|move|p1a: Dragonite|Wrap|p2a: Gamer
|-damage|p2a: Gamer|306\/323
|-activate|p2a: Gamer|move: Wrap|[of] p1a: Dragonite
|
|turn|21
|choice|move 1|move 1
|
|move|p1a: Dragonite|Wrap|p2a: Gamer
|-damage|p2a: Gamer|289\/323
|cant|p2a: Gamer|partiallytrapped
|
|-end|p2a: Gamer|Wrap|[partiallytrapped]
|turn|22
|choice|move 1|move 1
|
|move|p1a: Dragonite|Wrap|p2a: Gamer
|-damage|p2a: Gamer|273\/323
|-activate|p2a: Gamer|move: Wrap|[of] p1a: Dragonite
|cant|p2a: Gamer|partiallytrapped
|
|turn|23
|c|★It was all a dream|exccuse your ass
|c|★It was all a dream|CAn i do anything about this
|choice|move 1|move 1
|
|move|p1a: Dragonite|Wrap|p2a: Gamer
|-damage|p2a: Gamer|257\/323
|cant|p2a: Gamer|partiallytrapped
|
|turn|24
|c|★SuperKirbyFan|Not unless i miss or use a different move
|choice|move 1|move 1
|
|move|p1a: Dragonite|Wrap|p2a: Gamer
|-damage|p2a: Gamer|241\/323
|cant|p2a: Gamer|partiallytrapped
|
|-end|p2a: Gamer|Wrap|[partiallytrapped]
|turn|25
|choice|move 1|move 1
|
|move|p1a: Dragonite|Wrap|p2a: Gamer
|-damage|p2a: Gamer|224\/323
|-activate|p2a: Gamer|move: Wrap|[of] p1a: Dragonite
|cant|p2a: Gamer|partiallytrapped
|
|turn|26
|choice|move 1|move 1
|
|move|p1a: Dragonite|Wrap|p2a: Gamer
|-damage|p2a: Gamer|207\/323
|cant|p2a: Gamer|partiallytrapped
|
|turn|27
|choice|move 1|move 1
|
|move|p1a: Dragonite|Wrap|p2a: Gamer
|-damage|p2a: Gamer|190\/323
|cant|p2a: Gamer|partiallytrapped
|
|turn|28
|choice|move 1|move 1
|
|move|p1a: Dragonite|Wrap|p2a: Gamer
|-damage|p2a: Gamer|173\/323
|cant|p2a: Gamer|partiallytrapped
|
|-end|p2a: Gamer|Wrap|[partiallytrapped]
|turn|29
|choice|move 1|move 1
|
|move|p1a: Dragonite|Wrap|p2a: Gamer
|-damage|p2a: Gamer|157\/323
|-activate|p2a: Gamer|move: Wrap|[of] p1a: Dragonite
|cant|p2a: Gamer|partiallytrapped
|
|turn|30
|choice|move 1|move 1
|
|move|p1a: Dragonite|Wrap|p2a: Gamer
|-damage|p2a: Gamer|141\/323
|cant|p2a: Gamer|partiallytrapped
|
|turn|31
|choice|move 1|move 1
|
|move|p1a: Dragonite|Wrap|p2a: Gamer
|-damage|p2a: Gamer|125\/323
|cant|p2a: Gamer|partiallytrapped
|
|turn|32
|choice|move 1|move 1
|
|move|p1a: Dragonite|Wrap|p2a: Gamer
|-damage|p2a: Gamer|109\/323
|cant|p2a: Gamer|partiallytrapped
|
|-end|p2a: Gamer|Wrap|[partiallytrapped]
|turn|33
|choice|move 2|move 1
|
|move|p1a: Dragonite|Hyper Beam|p2a: Gamer
|-damage|p2a: Gamer|0 fnt
|faint|p2a: Gamer
|choice||switch 3
|
|switch|p2a: RonaldDoesMinecraf|Exeggutor|241\/393
|turn|34
|choice|move 1|move 2
|
|move|p1a: Dragonite|Wrap|p2a: RonaldDoesMinecraf
|-damage|p2a: RonaldDoesMinecraf|223\/393
|-activate|p2a: RonaldDoesMinecraf|move: Wrap|[of] p1a: Dragonite
|cant|p2a: RonaldDoesMinecraf|partiallytrapped
|
|turn|35
|c|★It was all a dream|this is basically wobbling pokemon version
|choice|move 1|move 2
|
|move|p1a: Dragonite|Wrap|p2a: RonaldDoesMinecraf
|-damage|p2a: RonaldDoesMinecraf|205\/393
|cant|p2a: RonaldDoesMinecraf|partiallytrapped
|
|-end|p2a: RonaldDoesMinecraf|Wrap|[partiallytrapped]
|turn|36
|c|★SuperKirbyFan|Pretty much
|choice|move 1|move 2
|
|move|p1a: Dragonite|Wrap|p2a: RonaldDoesMinecraf
|-damage|p2a: RonaldDoesMinecraf|187\/393
|-activate|p2a: RonaldDoesMinecraf|move: Wrap|[of] p1a: Dragonite
|cant|p2a: RonaldDoesMinecraf|partiallytrapped
|
|turn|37
|choice|move 1|move 2
|
|move|p1a: Dragonite|Wrap|p2a: RonaldDoesMinecraf
|-damage|p2a: RonaldDoesMinecraf|169\/393
|cant|p2a: RonaldDoesMinecraf|partiallytrapped
|
|turn|38
|choice|move 1|move 2
|
|move|p1a: Dragonite|Wrap|p2a: RonaldDoesMinecraf
|-damage|p2a: RonaldDoesMinecraf|151\/393
|cant|p2a: RonaldDoesMinecraf|partiallytrapped
|
|turn|39
|choice|move 1|move 2
|
|move|p1a: Dragonite|Wrap|p2a: RonaldDoesMinecraf
|-damage|p2a: RonaldDoesMinecraf|133\/393
|cant|p2a: RonaldDoesMinecraf|partiallytrapped
|
|-end|p2a: RonaldDoesMinecraf|Wrap|[partiallytrapped]
|turn|40
|choice|move 2|move 2
|
|move|p1a: Dragonite|Hyper Beam|p2a: RonaldDoesMinecraf
|-damage|p2a: RonaldDoesMinecraf|0 fnt
|faint|p2a: RonaldDoesMinecraf
|
|win|SuperKirbyFan
|player|p1
|player|p2
|raw|SuperKirbyFan's rating: 1135 &rarr; <strong>1160<\/strong><br \/>(+25 for winning)
|raw|It was all a dream's rating: 1131 &rarr; <strong>1106<\/strong><br \/>(-25 for losing)