|j|BISMARCKIANO
|j|Froslass Flakes
|player|p1|BISMARCKIANO|102
|player|p2|Froslass Flakes|129
|gametype|singles
|gen|1
|tier|[Gen 1] Random Battle
|rated
|seed|61214,9594,47157,44821
|rule|Sleep Clause Mod: Limit one foe put to sleep
|rule|Freeze Clause Mod: Limit one foe frozen
|rule|HP Percentage Mod: HP is shown in percentages
|
|start
|switch|p1a: Omanyte|Omanyte, L96|262\/262
|switch|p2a: Shellder|Shellder, L96|252\/252
|turn|1
|c|★BISMARCKIANO|hi
|c|★BISMARCKIANO|gl my friend
|c|★Froslass Flakes|hi
|c|★BISMARCKIANO|:D
|c|★Froslass Flakes|you too
|c|★Froslass Flakes|i dont BM
|c|★Froslass Flakes|i usually dont even talk
|choice|move 4|move 1
|
|move|p2a: Shellder|Surf|p1a: Omanyte
|-damage|p1a: Omanyte|188\/262
|move|p1a: Omanyte|Hydro Pump|p2a: Shellder
|-resisted|p2a: Shellder
|-damage|p2a: Shellder|160\/252
|
|turn|2
|c|★BISMARCKIANO|xD
|c|★BISMARCKIANO|:(
|c|★BISMARCKIANO|no problem my friend
|c|★Froslass Flakes|a lot of people talk trash
|c|★BISMARCKIANO|T.T
|c|★BISMARCKIANO|xD
|choice|move 4|switch 2
|
|switch|p2a: Tangela|Tangela, L85|284\/284
|move|p1a: Omanyte|Hydro Pump|p2a: Tangela
|-resisted|p2a: Tangela
|-damage|p2a: Tangela|211\/284
|
|turn|3
|c|★Froslass Flakes|im not a fan of that
|choice|move 4|move 2
|
|move|p2a: Tangela|Body Slam|p1a: Omanyte
|-resisted|p1a: Omanyte
|-damage|p1a: Omanyte|171\/262
|move|p1a: Omanyte|Hydro Pump|p2a: Tangela
|-resisted|p2a: Tangela
|-damage|p2a: Tangela|141\/284
|
|turn|4
|choice|switch 5|move 1
|
|switch|p1a: Dragonite|Dragonite, L85|328\/328
|move|p2a: Tangela|Mega Drain|p1a: Dragonite
|-resisted|p1a: Dragonite
|-damage|p1a: Dragonite|318\/328
|-heal|p2a: Tangela|146\/284|[from] drain|[of] p1a: Dragonite
|
|turn|5
|choice|move 3|switch 2
|
|switch|p2a: Shellder|Shellder, L96|160\/252
|move|p1a: Dragonite|Blizzard|p2a: Shellder
|-resisted|p2a: Shellder
|-damage|p2a: Shellder|109\/252
|-status|p2a: Shellder|frz
|
|turn|6
|c|★BISMARCKIANO|you are right friend
|c|★BISMARCKIANO|very insolent people
|choice|move 4|switch 6
|
|switch|p2a: Slowbro|Slowbro, L79|312\/312
|move|p1a: Dragonite|Substitute|p1a: Dragonite
|-start|p1a: Dragonite|Substitute
|-damage|p1a: Dragonite|236\/328
|
|turn|7
|choice|move 2|move 2
|
|move|p1a: Dragonite|Thunder Wave|p2a: Slowbro
|-status|p2a: Slowbro|par
|move|p2a: Slowbro|Thunder Wave|p1a: Dragonite
|-status|p1a: Dragonite|par
|
|turn|8
|choice|move 1|move 4
|
|move|p1a: Dragonite|Thunderbolt|p2a: Slowbro
|-supereffective|p2a: Slowbro
|-damage|p2a: Slowbro|163\/312 par
|cant|p2a: Slowbro|par
|
|turn|9
|choice|move 1|switch 2
|
|switch|p2a: Tangela|Tangela, L85|146\/284
|move|p1a: Dragonite|Thunderbolt|p2a: Tangela
|-resisted|p2a: Tangela
|-damage|p2a: Tangela|116\/284
|
|turn|10
|choice|move 2|move 4
|
|move|p2a: Tangela|Hyper Beam|p1a: Dragonite
|-activate|p1a: Dragonite|Substitute|[damage]
|cant|p1a: Dragonite|par
|
|turn|11
|choice|move 2|move 2
|
|move|p2a: Tangela|Body Slam|p1a: Dragonite
|-end|p1a: Dragonite|Substitute
|move|p1a: Dragonite|Thunder Wave|p2a: Tangela
|-status|p2a: Tangela|par
|
|turn|12
|choice|move 4|switch 4
|
|switch|p2a: Raticate|Raticate, L85|267\/267
|move|p1a: Dragonite|Substitute|p1a: Dragonite
|-start|p1a: Dragonite|Substitute
|-damage|p1a: Dragonite|154\/328 par
|
|turn|13
|choice|move 2|move 1
|
|move|p2a: Raticate|Super Fang|p1a: Dragonite
|-activate|p1a: Dragonite|Substitute|[damage]
|move|p1a: Dragonite|Thunder Wave|p2a: Raticate
|-status|p2a: Raticate|par
|
|turn|14
|choice|move 1|move 3
|
|cant|p2a: Raticate|par
|cant|p1a: Dragonite|par
|
|turn|15
|choice|move 3|move 3
|
|move|p2a: Raticate|Body Slam|p1a: Dragonite
|-crit|p1a: Dragonite
|-end|p1a: Dragonite|Substitute
|move|p1a: Dragonite|Blizzard|p2a: Raticate
|-damage|p2a: Raticate|148\/267 par
|
|turn|16
|choice|switch 3|move 2
|
|switch|p1a: Machoke|Machoke, L85|310\/310
|move|p2a: Raticate|Blizzard|p1a: Machoke
|-damage|p1a: Machoke|230\/310
|-status|p1a: Machoke|frz
|
|turn|17
|c|★BISMARCKIANO|DX
|choice|move 1|move 1
|
|cant|p1a: Machoke|frz
|move|p2a: Raticate|Super Fang|p1a: Machoke
|-damage|p1a: Machoke|115\/310 frz
|
|turn|18
|choice|move 2|move 3
|
|move|p2a: Raticate|Body Slam|p1a: Machoke
|-damage|p1a: Machoke|21\/310 frz
|cant|p1a: Machoke|frz
|
|turn|19
|c|★BISMARCKIANO|:(
|choice|move 1|move 3
|
|cant|p1a: Machoke|frz
|move|p2a: Raticate|Body Slam|p1a: Machoke
|-damage|p1a: Machoke|0 fnt
|faint|p1a: Machoke
|choice|switch 6|
|
|switch|p1a: Dewgong|Dewgong, L85|327\/327
|turn|20
|choice|move 3|move 1
|
|move|p1a: Dewgong|Blizzard|p2a: Raticate
|-damage|p2a: Raticate|0 fnt
|faint|p2a: Raticate
|choice||switch 2
|
|switch|p2a: Slowbro|Slowbro, L79|163\/312 par
|turn|21
|choice|move 4|move 4
|
|move|p1a: Dewgong|Body Slam|p2a: Slowbro
|-damage|p2a: Slowbro|119\/312 par
|move|p2a: Slowbro|Amnesia|p2a: Slowbro
|-boost|p2a: Slowbro|spd|2
|-boost|p2a: Slowbro|spa|2
|
|turn|22
|choice|move 1|move 4
|
|move|p1a: Dewgong|Mimic|p2a: Slowbro
|-start|p1a: Dewgong|Mimic|Amnesia
|move|p2a: Slowbro|Amnesia|p2a: Slowbro
|-boost|p2a: Slowbro|spd|2
|-boost|p2a: Slowbro|spa|2
|
|turn|23
|choice|move 4|move 2
|
|move|p1a: Dewgong|Body Slam|p2a: Slowbro
|-damage|p2a: Slowbro|69\/312 par
|move|p2a: Slowbro|Thunder Wave|p1a: Dewgong
|-status|p1a: Dewgong|par
|
|turn|24
|choice|move 4|move 3
|
|move|p1a: Dewgong|Body Slam|p2a: Slowbro
|-damage|p2a: Slowbro|24\/312 par
|move|p2a: Slowbro|Surf|p1a: Dewgong
|-resisted|p1a: Dewgong
|-damage|p1a: Dewgong|225\/327 par
|
|turn|25
|choice|move 4|move 3
|
|move|p1a: Dewgong|Body Slam|p2a: Slowbro
|-crit|p2a: Slowbro
|-damage|p2a: Slowbro|0 fnt
|faint|p2a: Slowbro
|choice||switch 3
|
|switch|p2a: Venusaur|Venusaur, L85|310\/310
|turn|26
|choice|move 1|move 1
|
|move|p2a: Venusaur|Razor Leaf|p1a: Dewgong
|-crit|p1a: Dewgong
|-supereffective|p1a: Dewgong
|-damage|p1a: Dewgong|0 fnt
|faint|p1a: Dewgong
|choice|switch 2|
|
|switch|p1a: Dratini|Dratini, L96|274\/274
|turn|27
|c|★BISMARCKIANO|xD
|c|★BISMARCKIANO|dratini and dragonite
|c|★Froslass Flakes|it happens
|choice|move 1|switch 6
|
|switch|p2a: Shellder|Shellder, L96|109\/252 frz
|move|p1a: Dratini|Thunder Wave|p2a: Shellder
|-fail|p2a: Shellder
|
|turn|28
|c|★BISMARCKIANO|really?
|c|★BISMARCKIANO|xD
|choice|move 3|switch 4
|
|switch|p2a: Tangela|Tangela, L85|116\/284 par
|move|p1a: Dratini|Thunderbolt|p2a: Tangela
|-crit|p2a: Tangela
|-resisted|p2a: Tangela
|-damage|p2a: Tangela|67\/284 par
|
|turn|29
|choice|move 2|move 2
|
|move|p1a: Dratini|Blizzard|p2a: Tangela
|-crit|p2a: Tangela
|-supereffective|p2a: Tangela
|-damage|p2a: Tangela|0 fnt
|faint|p2a: Tangela
|choice||switch 5
|
|switch|p2a: Hitmonchan|Hitmonchan, L90|273\/273
|turn|30
|choice|move 1|move 2
|
|move|p2a: Hitmonchan|Body Slam|p1a: Dratini
|-damage|p1a: Dratini|181\/274
|-status|p1a: Dratini|par
|move|p1a: Dratini|Thunder Wave|p2a: Hitmonchan
|-status|p2a: Hitmonchan|par
|
|turn|31
|choice|move 4|move 1
|
|move|p2a: Hitmonchan|Seismic Toss|p1a: Dratini
|-damage|p1a: Dratini|91\/274 par
|cant|p1a: Dratini|par
|
|turn|32
|choice|move 4|move 4
|
|move|p2a: Hitmonchan|Submission|p1a: Dratini
|-damage|p1a: Dratini|0 fnt
|-damage|p2a: Hitmonchan|251\/273 par|[from] recoil|[of] p1a: Dratini
|faint|p1a: Dratini
|choice|switch 4|
|
|switch|p1a: Mew|Mew, L74|300\/300
|turn|33
|choice|move 4|move 2
|
|move|p1a: Mew|Psychic|p2a: Hitmonchan
|-supereffective|p2a: Hitmonchan
|-damage|p2a: Hitmonchan|10\/273 par
|move|p2a: Hitmonchan|Body Slam|p1a: Mew
|-damage|p1a: Mew|220\/300
|-status|p1a: Mew|par
|
|turn|34
|c|★BISMARCKIANO|DX
|choice|move 4|move 1
|
|move|p2a: Hitmonchan|Seismic Toss|p1a: Mew
|-damage|p1a: Mew|130\/300 par
|cant|p1a: Mew|par
|
|turn|35
|choice|move 4|move 1
|
|move|p2a: Hitmonchan|Seismic Toss|p1a: Mew
|-damage|p1a: Mew|40\/300 par
|cant|p1a: Mew|par
|
|turn|36
|c|★BISMARCKIANO|DX
|choice|move 4|move 1
|
|cant|p2a: Hitmonchan|par
|cant|p1a: Mew|par
|
|turn|37
|c|★BISMARCKIANO|jajaja
|c|★Froslass Flakes|ugh
|c|★Froslass Flakes|:\
|c|★BISMARCKIANO|come on
|c|★BISMARCKIANO|xD
|c|★Froslass Flakes|i feel your pain
|choice|switch 5|move 1
|
|switch|p1a: Omanyte|Omanyte, L96|171\/262
|move|p2a: Hitmonchan|Seismic Toss|p1a: Omanyte
|-damage|p1a: Omanyte|81\/262
|
|turn|38
|choice|move 2|move 1
|
|move|p1a: Omanyte|Seismic Toss|p2a: Hitmonchan
|-damage|p2a: Hitmonchan|0 fnt
|faint|p2a: Hitmonchan
|choice||switch 6
|
|switch|p2a: Venusaur|Venusaur, L85|310\/310
|turn|39
|c|★BISMARCKIANO|you are evil
|c|★BISMARCKIANO|:(
|c|★BISMARCKIANO|xD
|c|★Froslass Flakes|:(
|choice|move 1|move 3
|
|move|p2a: Venusaur|Body Slam|p1a: Omanyte
|-resisted|p1a: Omanyte
|-damage|p1a: Omanyte|59\/262
|-status|p1a: Omanyte|par
|move|p1a: Omanyte|Blizzard|p2a: Venusaur|[miss]
|-miss|p1a: Omanyte
|
|turn|40
|c|★BISMARCKIANO|o:O
|choice|move 1|move 1
|
|move|p2a: Venusaur|Razor Leaf|p1a: Omanyte
|-crit|p1a: Omanyte
|-supereffective|p1a: Omanyte
|-damage|p1a: Omanyte|0 fnt
|faint|p1a: Omanyte
|c|★BISMARCKIANO|DX
|choice|switch 3|
|
|switch|p1a: Dragonite|Dragonite, L85|154\/328 par
|turn|41
|choice|move 3|move 3
|
|move|p2a: Venusaur|Body Slam|p1a: Dragonite
|-damage|p1a: Dragonite|100\/328 par
|move|p1a: Dragonite|Blizzard|p2a: Venusaur|[miss]
|-miss|p1a: Dragonite
|
|turn|42
|c|★BISMARCKIANO|dx
|choice|move 3|move 3
|
|move|p2a: Venusaur|Body Slam|p1a: Dragonite
|-crit|p1a: Dragonite
|-damage|p1a: Dragonite|0 fnt
|faint|p1a: Dragonite
|c|★BISMARCKIANO|¬¬
|c|★Froslass Flakes|:(
|c|★BISMARCKIANO|Hax is hard on me
|c|★BISMARCKIANO|xD
|c|★BISMARCKIANO|gg my friend
|c|★Froslass Flakes|i did not deserve this win
|c|★Froslass Flakes|:(
|c|★BISMARCKIANO|nice to meet you
|c|★BISMARCKIANO|:D
|choice|switch 5|
|
|switch|p1a: Mew|Mew, L74|40\/300 par
|turn|43
|choice|move 4|move 3
|
|move|p2a: Venusaur|Body Slam|p1a: Mew
|-damage|p1a: Mew|0 fnt
|faint|p1a: Mew
|
|win|Froslass Flakes
|raw|BISMARCKIANO's rating: 1153 &rarr; <strong>1137<\/strong><br \/>(-16 for losing)
|raw|Froslass Flakes's rating: 1274 &rarr; <strong>1291<\/strong><br \/>(+17 for winning)
|l|BISMARCKIANO
|player|p1