|join|Tangelato
|join|Scrimshaw
|player|p1|Tangelato|113
|player|p2|Scrimshaw|124
|gametype|singles
|gen|1
|tier|[Gen 1] Random Battle
|rated
|seed|42333,41751,35680,20510
|rule|Sleep Clause Mod: Limit one foe put to sleep
|rule|Freeze Clause Mod: Limit one foe frozen
|rule|HP Percentage Mod: HP is shown in percentages
|
|start
|switch|p1a: Victreebel|Victreebel, L85|310\/310
|switch|p2a: Rapidash|Rapidash, L90|300\/300
|turn|1
|choice|switch 3|move 1
|
|switch|p1a: Ninetales|Ninetales, L85|298\/298
|move|p2a: Rapidash|Fire Blast|p1a: Ninetales|[miss]
|-miss|p2a: Rapidash
|
|turn|2
|choice|move 3|move 4
|
|move|p2a: Rapidash|Body Slam|p1a: Ninetales
|-damage|p1a: Ninetales|213\/298
|move|p1a: Ninetales|Body Slam|p2a: Rapidash
|-damage|p2a: Rapidash|239\/300
|
|turn|3
|choice|move 3|move 4
|
|move|p2a: Rapidash|Body Slam|p1a: Ninetales
|-damage|p1a: Ninetales|130\/298
|move|p1a: Ninetales|Body Slam|p2a: Rapidash
|-damage|p2a: Rapidash|182\/300
|
|turn|4
|choice|move 3|move 4
|
|move|p2a: Rapidash|Body Slam|p1a: Ninetales
|-damage|p1a: Ninetales|51\/298
|move|p1a: Ninetales|Body Slam|p2a: Rapidash
|-crit|p2a: Rapidash
|-damage|p2a: Rapidash|76\/300
|
|turn|5
|choice|move 3|move 4
|
|move|p2a: Rapidash|Body Slam|p1a: Ninetales
|-damage|p1a: Ninetales|0 fnt
|faint|p1a: Ninetales
|choice|switch 5|
|
|switch|p1a: Onix|Onix, L90|246\/246
|turn|6
|choice|move 4|move 4
|
|move|p2a: Rapidash|Body Slam|p1a: Onix
|-resisted|p1a: Onix
|-damage|p1a: Onix|225\/246
|move|p1a: Onix|Rock Slide|p2a: Rapidash|[miss]
|-miss|p1a: Onix
|
|turn|7
|choice|move 1|move 4
|
|move|p2a: Rapidash|Body Slam|p1a: Onix
|-resisted|p1a: Onix
|-damage|p1a: Onix|203\/246
|move|p1a: Onix|Earthquake|p2a: Rapidash
|-crit|p2a: Rapidash
|-supereffective|p2a: Rapidash
|-damage|p2a: Rapidash|0 fnt
|faint|p2a: Rapidash
|choice||switch 3
|
|switch|p2a: Dragonair|Dragonair, L85|277\/277
|turn|8
|choice|switch 2|move 1
|
|switch|p1a: Articuno|Articuno, L79|304\/304
|move|p2a: Dragonair|Surf|p1a: Articuno
|-crit|p1a: Articuno
|-damage|p1a: Articuno|214\/304
|
|turn|9
|choice|move 2|switch 5
|
|switch|p2a: Chansey|Chansey, L79|557\/557
|move|p1a: Articuno|Blizzard|p2a: Chansey
|-damage|p2a: Chansey|435\/557
|
|turn|10
|choice|switch 2|move 3
|
|switch|p1a: Onix|Onix, L90|203\/246
|move|p2a: Chansey|Thunder Wave|p1a: Onix
|-immune|p1a: Onix|[msg]
|
|turn|11
|choice|move 1|move 2
|
|move|p1a: Onix|Earthquake|p2a: Chansey
|-damage|p2a: Chansey|231\/557
|move|p2a: Chansey|Counter|p1a: Onix
|-fail|p2a: Chansey
|
|turn|12
|choice|move 1|move 1
|
|move|p1a: Onix|Earthquake|p2a: Chansey
|-damage|p2a: Chansey|28\/557
|move|p2a: Chansey|Soft-Boiled|p2a: Chansey
|-heal|p2a: Chansey|306\/557
|
|turn|13
|choice|move 1|switch 5
|
|switch|p2a: Dragonair|Dragonair, L85|277\/277
|move|p1a: Onix|Earthquake|p2a: Dragonair
|-damage|p2a: Dragonair|190\/277
|
|turn|14
|choice|switch 6|move 1
|
|switch|p1a: Tentacruel|Tentacruel, L85|310\/310
|move|p2a: Dragonair|Surf|p1a: Tentacruel
|-resisted|p1a: Tentacruel
|-damage|p1a: Tentacruel|289\/310
|
|turn|15
|choice|move 3|move 4
|
|move|p1a: Tentacruel|Blizzard|p2a: Dragonair
|-supereffective|p2a: Dragonair
|-damage|p2a: Dragonair|0 fnt
|faint|p2a: Dragonair
|choice||switch 5
|
|switch|p2a: Chansey|Chansey, L79|306\/557
|turn|16
|choice|switch 6|move 3
|
|switch|p1a: Onix|Onix, L90|203\/246
|move|p2a: Chansey|Thunder Wave|p1a: Onix
|-immune|p1a: Onix|[msg]
|
|turn|17
|choice|move 1|move 1
|
|move|p1a: Onix|Earthquake|p2a: Chansey
|-damage|p2a: Chansey|90\/557
|move|p2a: Chansey|Soft-Boiled|p2a: Chansey
|-heal|p2a: Chansey|368\/557
|
|turn|18
|choice|move 1|switch 4
|
|switch|p2a: Wartortle|Wartortle, L85|274\/274
|move|p1a: Onix|Earthquake|p2a: Wartortle
|-damage|p2a: Wartortle|187\/274
|
|turn|19
|choice|switch 3|move 4
|
|switch|p1a: Victreebel|Victreebel, L85|310\/310
|move|p2a: Wartortle|Mimic|p1a: Victreebel
|-start|p2a: Wartortle|Mimic|Body Slam
|
|turn|20
|choice|move 1|switch 2
|
|switch|p2a: Pidgeot|Pidgeot, L90|333\/333
|move|p1a: Victreebel|Razor Leaf|p2a: Pidgeot
|-crit|p2a: Pidgeot
|-resisted|p2a: Pidgeot
|-damage|p2a: Pidgeot|267\/333
|
|turn|21
|choice|switch 3|move 1
|
|switch|p1a: Onix|Onix, L90|203\/246
|move|p2a: Pidgeot|Double-Edge|p1a: Onix
|-crit|p1a: Onix
|-resisted|p1a: Onix
|-damage|p1a: Onix|142\/246
|-damage|p2a: Pidgeot|252\/333|[from] recoil|[of] p1a: Onix
|
|turn|22
|choice|move 4|switch 2
|
|switch|p2a: Wartortle|Wartortle, L85|187\/274
|move|p1a: Onix|Rock Slide|p2a: Wartortle
|-damage|p2a: Wartortle|124\/274
|
|turn|23
|choice|switch 2|move 1
|
|switch|p1a: Articuno|Articuno, L79|214\/304
|move|p2a: Wartortle|Blizzard|p1a: Articuno
|-crit|p1a: Articuno
|-damage|p1a: Articuno|96\/304
|
|turn|24
|choice|move 2|move 2
|
|move|p1a: Articuno|Blizzard|p2a: Wartortle
|-resisted|p2a: Wartortle
|-damage|p2a: Wartortle|46\/274
|move|p2a: Wartortle|Body Slam|p1a: Articuno
|-damage|p1a: Articuno|52\/304
|
|turn|25
|choice|move 2|switch 4
|
|switch|p2a: Chansey|Chansey, L79|368\/557
|move|p1a: Articuno|Blizzard|p2a: Chansey
|-damage|p2a: Chansey|241\/557
|
|turn|26
|choice|switch 2|move 1
|
|switch|p1a: Onix|Onix, L90|142\/246
|move|p2a: Chansey|Soft-Boiled|p2a: Chansey
|-heal|p2a: Chansey|519\/557
|
|turn|27
|choice|move 4|switch 4
|
|switch|p2a: Wartortle|Wartortle, L85|46\/274
|move|p1a: Onix|Rock Slide|p2a: Wartortle
|-damage|p2a: Wartortle|0 fnt
|faint|p2a: Wartortle
|choice||switch 6
|
|switch|p2a: Alakazam|Alakazam, L79|249\/249
|turn|28
|choice|switch 2|move 1
|
|switch|p1a: Articuno|Articuno, L79|52\/304
|move|p2a: Alakazam|Psychic|p1a: Articuno
|-damage|p1a: Articuno|0 fnt
|faint|p1a: Articuno
|choice|switch 4|
|
|switch|p1a: Jynx|Jynx, L79|265\/265
|turn|29
|choice|move 3|switch 4
|
|switch|p2a: Chansey|Chansey, L79|519\/557
|move|p1a: Jynx|Lovely Kiss|p2a: Chansey
|-status|p2a: Chansey|slp
|
|turn|30
|choice|move 2|switch 4
|
|switch|p2a: Alakazam|Alakazam, L79|249\/249
|move|p1a: Jynx|Mimic|p2a: Alakazam
|-start|p1a: Jynx|Mimic|Thunder Wave
|
|turn|31
|choice|move 2|move 3
|
|move|p2a: Alakazam|Thunder Wave|p1a: Jynx
|-status|p1a: Jynx|par
|cant|p1a: Jynx|par
|
|turn|32
|choice|move 2|switch 4
|
|switch|p2a: Chansey|Chansey, L79|519\/557 slp
|move|p1a: Jynx|Thunder Wave|p2a: Chansey
|-fail|p2a: Chansey
|
|turn|33
|choice|switch 3|move 4
|
|switch|p1a: Victreebel|Victreebel, L85|310\/310
|cant|p2a: Chansey|slp
|
|turn|34
|choice|move 3|switch 4
|
|switch|p2a: Alakazam|Alakazam, L79|249\/249
|move|p1a: Victreebel|Swords Dance|p1a: Victreebel
|-boost|p1a: Victreebel|atk|2
|
|turn|35
|choice|move 4|move 1
|
|move|p2a: Alakazam|Psychic|p1a: Victreebel
|-supereffective|p1a: Victreebel
|-damage|p1a: Victreebel|121\/310
|move|p1a: Victreebel|Hyper Beam|p2a: Alakazam
|-damage|p2a: Alakazam|0 fnt
|faint|p2a: Alakazam
|choice||switch 2
|
|switch|p2a: Pidgeot|Pidgeot, L90|252\/333
|turn|36
|choice|move 4|move 4
|
|move|p2a: Pidgeot|Hyper Beam|p1a: Victreebel
|-damage|p1a: Victreebel|0 fnt
|faint|p1a: Victreebel
|choice|switch 2|
|
|switch|p1a: Onix|Onix, L90|142\/246
|turn|37
|choice|move 4|move 3
|
|move|p2a: Pidgeot|Mirror Move|p2a: Pidgeot
|-fail|p2a: Pidgeot
|move|p1a: Onix|Rock Slide|p2a: Pidgeot
|-supereffective|p2a: Pidgeot
|-damage|p2a: Pidgeot|135\/333
|
|turn|38
|choice|move 4|move 1
|
|move|p2a: Pidgeot|Double-Edge|p1a: Onix
|-resisted|p1a: Onix
|-damage|p1a: Onix|111\/246
|-damage|p2a: Pidgeot|128\/333|[from] recoil|[of] p1a: Onix
|move|p1a: Onix|Rock Slide|p2a: Pidgeot
|-crit|p2a: Pidgeot
|-supereffective|p2a: Pidgeot
|-damage|p2a: Pidgeot|0 fnt
|faint|p2a: Pidgeot
|-message|Scrimshaw forfeited.
|choice||switch 4
|
|switch|p2a: Chansey|Chansey, L79|519\/557 slp
|turn|39
|leave|Scrimshaw
|
|win|Tangelato
|player|p2
|raw|Tangelato's rating: 1243 &rarr; <strong>1263<\/strong><br \/>(+20 for winning)
|raw|Scrimshaw's rating: 1171 &rarr; <strong>1151<\/strong><br \/>(-20 for losing)