|j|Erik Reeds
|j|Zenno
|player|p1|Erik Reeds|244
|player|p2|Zenno|101
|gametype|singles
|gen|1
|tier|[Gen 1] OU
|rated
|seed|21500,5986,61239,55824
|rule|Sleep Clause Mod: Limit one foe put to sleep
|rule|Freeze Clause Mod: Limit one foe frozen
|rule|Species Clause: Limit one of each Pokémon
|rule|OHKO Clause: OHKO moves are banned
|rule|Evasion Moves Clause: Evasion moves are banned
|rule|HP Percentage Mod: HP is shown in percentages
|
|start
|switch|p1a: Dodrio|Dodrio|323\/323
|switch|p2a: Exeggutor|Exeggutor|393\/393
|turn|1
|choice|move 1|move 1
|
|move|p1a: Dodrio|Drill Peck|p2a: Exeggutor
|-supereffective|p2a: Exeggutor
|-damage|p2a: Exeggutor|156\/393
|move|p2a: Exeggutor|Sleep Powder|p1a: Dodrio
|-status|p1a: Dodrio|slp
|
|turn|2
|choice|move 1|move 4
|
|-curestatus|p1a: Dodrio|slp
|move|p2a: Exeggutor|Psychic|p1a: Dodrio
|-crit|p1a: Dodrio
|-damage|p1a: Dodrio|0 fnt
|faint|p1a: Dodrio
|choice|switch 5|
|
|switch|p1a: Starmie|Starmie|323\/323
|turn|3
|choice|move 1|move 3
|
|move|p1a: Starmie|Blizzard|p2a: Exeggutor
|-supereffective|p2a: Exeggutor
|-damage|p2a: Exeggutor|0 fnt
|faint|p2a: Exeggutor
|choice||switch 4
|
|switch|p2a: Chansey|Chansey|703\/703
|turn|4
|choice|switch 3|move 2
|
|switch|p1a: Exeggutor|Exeggutor|393\/393
|move|p2a: Chansey|Thunder Wave|p1a: Exeggutor
|-status|p1a: Exeggutor|par
|
|turn|5
|j|substan
|choice|move 1|move 3
|
|move|p2a: Chansey|Ice Beam|p1a: Exeggutor
|-supereffective|p1a: Exeggutor
|-damage|p1a: Exeggutor|255\/393 par
|move|p1a: Exeggutor|Sleep Powder|p2a: Chansey
|-status|p2a: Chansey|slp
|
|turn|6
|c| substan|lol good lead
|choice|switch 4|switch 2
|
|switch|p2a: Tauros|Tauros|353\/353
|switch|p1a: Tauros|Tauros|353\/353
|
|turn|7
|c| substan|even in the best case scenario
|c| substan|you're relying on a miss
|choice|move 1|move 1
|
|move|p1a: Tauros|Body Slam|p2a: Tauros
|-crit|p2a: Tauros
|-damage|p2a: Tauros|159\/353
|move|p2a: Tauros|Body Slam|p1a: Tauros
|-damage|p1a: Tauros|247\/353
|
|turn|8
|c| substan|to do anything
|choice|move 3|switch 5
|
|switch|p2a: Golem|Golem|363\/363
|move|p1a: Tauros|Hyper Beam|p2a: Golem
|-resisted|p2a: Golem
|-damage|p2a: Golem|293\/363
|
|turn|9
|-mustrecharge|p1a: Tauros
|-mustrecharge|p1a: Tauros
|c| substan|LOL
|c| substan|easy as shit
|choice|move 1|move 2
|
|cant|p1a: Tauros|recharge
|move|p2a: Golem|Earthquake|p1a: Tauros
|-crit|p1a: Tauros
|-damage|p1a: Tauros|0 fnt
|faint|p1a: Tauros
|choice|switch 3|
|
|switch|p1a: Starmie|Starmie|323\/323
|turn|10
|choice|move 1|switch 2
|
|switch|p2a: Chansey|Chansey|703\/703 slp
|move|p1a: Starmie|Blizzard|p2a: Chansey
|-damage|p2a: Chansey|618\/703 slp
|
|turn|11
|choice|switch 6|move 2
|
|switch|p1a: Snorlax|Snorlax|523\/523
|-curestatus|p2a: Chansey|slp
|
|turn|12
|c| substan|counter
|c|★Erik Reeds|gdi
|choice|switch 2|move 4
|
|switch|p1a: Chansey|Chansey|703\/703
|move|p2a: Chansey|Counter|p1a: Chansey
|-fail|p2a: Chansey
|
|turn|13
|c| substan|LOL
|choice|move 2|move 2
|
|move|p2a: Chansey|Thunder Wave|p1a: Chansey
|-status|p1a: Chansey|par
|move|p1a: Chansey|Ice Beam|p2a: Chansey
|-damage|p2a: Chansey|545\/703
|
|turn|14
|c| substan|huh
|c| substan|who twaves a chansey.
|c|★Erik Reeds|it has
|choice|move 2|switch 5
|
|switch|p2a: Tauros|Tauros|159\/353
|move|p1a: Chansey|Ice Beam|p2a: Tauros
|-damage|p2a: Tauros|55\/353
|
|turn|15
|c|★Erik Reeds|applications
|c| substan|i mean yeah ofc
|choice|move 2|move 2
|
|move|p2a: Tauros|Hyper Beam|p1a: Chansey
|-damage|p1a: Chansey|208\/703 par
|move|p1a: Chansey|Ice Beam|p2a: Tauros
|-damage|p2a: Tauros|0 fnt
|faint|p2a: Tauros
|c| substan|most everything has applications
|c| substan|including saccing your entire team
|c| substan|but in that instance
|choice||switch 2
|
|switch|p2a: Golem|Golem|293\/363
|turn|16
|c| substan|who twaves a chansey.
|c|★Erik Reeds|yeah idk why
|c|★Erik Reeds|specific shit like
|c|★Erik Reeds|if you have lax
|choice|switch 6|move 2
|
|switch|p1a: Starmie|Starmie|323\/323
|move|p2a: Golem|Earthquake|p1a: Starmie
|-damage|p1a: Starmie|173\/323
|
|turn|17
|choice|move 3|switch 6
|
|switch|p2a: Starmie|Starmie|323\/323
|move|p1a: Starmie|Recover|p1a: Starmie
|-heal|p1a: Starmie|323\/323
|
|turn|18
|c| substan|or if all your sleepers \/ freezers are dead
|c| substan|and you're using
|choice|move 4|move 2
|
|move|p2a: Starmie|Thunderbolt|p1a: Starmie
|-crit|p1a: Starmie
|-supereffective|p1a: Starmie
|-damage|p1a: Starmie|45\/323
|move|p1a: Starmie|Thunder Wave|p2a: Starmie
|-status|p2a: Starmie|par
|
|turn|19
|c| substan|zam \/ eggy with norm move to beat it
|choice|move 3|move 2
|
|move|p1a: Starmie|Recover|p1a: Starmie
|-heal|p1a: Starmie|206\/323
|move|p2a: Starmie|Thunderbolt|p1a: Starmie
|-supereffective|p1a: Starmie
|-damage|p1a: Starmie|55\/323
|-status|p1a: Starmie|par
|
|turn|20
|choice|move 2|move 2
|
|cant|p2a: Starmie|par
|move|p1a: Starmie|Thunderbolt|p2a: Starmie
|-supereffective|p2a: Starmie
|-damage|p2a: Starmie|166\/323 par
|
|turn|21
|choice|move 2|move 2
|
|move|p2a: Starmie|Thunderbolt|p1a: Starmie
|-crit|p1a: Starmie
|-supereffective|p1a: Starmie
|-damage|p1a: Starmie|0 fnt
|faint|p1a: Starmie
|choice|switch 2|
|
|switch|p1a: Snorlax|Snorlax|523\/523
|turn|22
|choice|move 3|move 3
|
|move|p1a: Snorlax|Earthquake|p2a: Starmie
|-damage|p2a: Starmie|73\/323 par
|move|p2a: Starmie|Blizzard|p1a: Snorlax
|-damage|p1a: Snorlax|410\/523
|
|turn|23
|choice|move 3|move 3
|
|move|p1a: Snorlax|Earthquake|p2a: Starmie
|-damage|p2a: Starmie|0 fnt
|faint|p2a: Starmie
|choice||switch 6
|
|switch|p2a: Golem|Golem|293\/363
|turn|24
|c| substan|chansey with the revenge kill lmao
|choice|move 3|move 2
|
|move|p2a: Golem|Earthquake|p1a: Snorlax
|-damage|p1a: Snorlax|240\/523
|move|p1a: Snorlax|Earthquake|p2a: Golem
|-supereffective|p2a: Golem
|-damage|p2a: Golem|163\/363
|
|turn|25
|choice|switch 4|move 2
|
|switch|p1a: Exeggutor|Exeggutor|255\/393 par
|move|p2a: Golem|Earthquake|p1a: Exeggutor
|-resisted|p1a: Exeggutor
|-damage|p1a: Exeggutor|188\/393 par
|
|turn|26
|choice|move 1|switch 5
|
|switch|p2a: Chansey|Chansey|545\/703
|cant|p1a: Exeggutor|par
|
|turn|27
|choice|move 1|move 3
|
|move|p2a: Chansey|Ice Beam|p1a: Exeggutor
|-supereffective|p1a: Exeggutor
|-damage|p1a: Exeggutor|47\/393 par
|move|p1a: Exeggutor|Sleep Powder|p2a: Chansey
|-status|p2a: Chansey|slp
|
|turn|28
|choice|move 4|move 3
|
|cant|p2a: Chansey|slp
|move|p1a: Exeggutor|Explosion|p2a: Chansey
|-crit|p2a: Chansey
|-damage|p2a: Chansey|0 fnt
|faint|p2a: Chansey
|faint|p1a: Exeggutor
|choice|switch 4|switch 3
|
|switch|p2a: Alakazam|Alakazam|313\/313
|switch|p1a: Snorlax|Snorlax|240\/523
|turn|29
|choice|move 1|move 1
|
|move|p2a: Alakazam|Psychic|p1a: Snorlax
|-damage|p1a: Snorlax|56\/523
|move|p1a: Snorlax|Body Slam|p2a: Alakazam
|-damage|p2a: Alakazam|141\/313
|
|turn|30
|choice|move 1|move 2
|
|move|p2a: Alakazam|Seismic Toss|p1a: Snorlax
|-damage|p1a: Snorlax|0 fnt
|faint|p1a: Snorlax
|choice|switch 6|
|
|switch|p1a: Chansey|Chansey|208\/703 par
|turn|31
|choice|move 4|move 1
|
|move|p2a: Alakazam|Psychic|p1a: Chansey
|-crit|p1a: Chansey
|-damage|p1a: Chansey|0 fnt
|faint|p1a: Chansey
|
|win|Zenno
|raw|Erik Reeds's rating: 1145 &rarr; <strong>1118<\/strong><br \/>(-27 for losing)
|raw|Zenno's rating: 1111 &rarr; <strong>1139<\/strong><br \/>(+28 for winning)
|l|Erik Reeds
|player|p1