|join|kid gf lol
|join|mattttt96
|player|p1|kid gf lol|48
|player|p2|mattttt96|1
|gametype|singles
|gen|1
|tier|[Gen 1] OU (beta)
|rated
|rule|Sleep Clause Mod: Limit one foe put to sleep
|rule|Species Clause: Limit one of each Pokemon
|rule|OHKO Clause: OHKO moves are banned
|rule|Moody Clause: Moody is banned
|rule|Evasion Moves Clause: Evasion moves are banned
|rule|Endless Battle Clause: Forcing endless battles is banned.
|rule|HP Percentage Mod: HP is reported as percentages
|
|start
|switch|p1a: Zam Lead|Alakazam|313\/313
|switch|p2a: Gengar|Gengar|323\/323
|turn|1
|
|move|p1a: Zam Lead|Psychic|p2a: Gengar
|-supereffective|p2a: Gengar
|-damage|p2a: Gengar|118\/323
|move|p2a: Gengar|Hypnosis|p1a: Zam Lead
|-status|p1a: Zam Lead|slp
|
|turn|2
|
|switch|p2a: Snorlax|Snorlax|523\/523
|cant|p1a: Zam Lead|slp
|-curestatus|p1a: Zam Lead|slp
|
|turn|3
|
|switch|p1a: GhostInaShell|Cloyster|303\/303
|move|p2a: Snorlax|Body Slam|p1a: GhostInaShell
|-damage|p1a: GhostInaShell|234\/303
|
|turn|4
|
|move|p1a: GhostInaShell|Clamp|p2a: Snorlax
|-crit|p2a: Snorlax
|-damage|p2a: Snorlax|419\/523
|-activate|p2a: Snorlax|move: Clamp|[of] p1a: GhostInaShell
|cant|p2a: Snorlax|partiallytrapped
|
|turn|5
|
|move|p1a: GhostInaShell|Clamp|p2a: Snorlax
|-damage|p2a: Snorlax|315\/523
|cant|p2a: Snorlax|partiallytrapped
|
|turn|6
|
|move|p1a: GhostInaShell|Clamp|p2a: Snorlax
|-damage|p2a: Snorlax|211\/523
|cant|p2a: Snorlax|partiallytrapped
|
|turn|7
|
|switch|p2a: Zapdos|Zapdos|383\/383
|move|p1a: GhostInaShell|Clamp|p2a: Zapdos
|-damage|p2a: Zapdos|349\/383
|-activate|p2a: Zapdos|move: Clamp|[of] p1a: GhostInaShell
|
|turn|8
|
|cant|p2a: Zapdos|partiallytrapped
|move|p1a: GhostInaShell|Clamp|p2a: Zapdos
|-damage|p2a: Zapdos|245\/383
|
|-end|p2a: Zapdos|Clamp|[partiallytrapped]
|turn|9
|join|ashiemore
|
|switch|p1a: TNT|Golem|363\/363
|move|p2a: Zapdos|Thunderbolt|p1a: TNT
|-immune|p1a: TNT|[msg]
|
|turn|10
|
|switch|p2a: Tauros|Tauros|353\/353
|move|p1a: TNT|Earthquake|p2a: Tauros
|-damage|p2a: Tauros|224\/353
|
|turn|11
|
|switch|p1a: GhostInaShell|Cloyster|234\/303
|move|p2a: Tauros|Blizzard|p1a: GhostInaShell
|-crit|p1a: GhostInaShell
|-resisted|p1a: GhostInaShell
|-damage|p1a: GhostInaShell|194\/303
|
|turn|12
|
|move|p2a: Tauros|Body Slam|p1a: GhostInaShell
|-damage|p1a: GhostInaShell|133\/303
|move|p1a: GhostInaShell|Blizzard|p2a: Tauros
|-damage|p2a: Tauros|59\/353
|
|turn|13
|
|move|p2a: Tauros|Body Slam|p1a: GhostInaShell
|-damage|p1a: GhostInaShell|63\/303
|move|p1a: GhostInaShell|Blizzard|p2a: Tauros
|-crit|p2a: Tauros
|-damage|p2a: Tauros|0 fnt
|faint|p2a: Tauros
|
|chat|ashiemore|>not using hyper beam
|
|switch|p2a: Gengar|Gengar|118\/323
|turn|14
|chat|mattttt96|was hoping for paralysis and had no chance to finish it anywas
|
|switch|p1a: Zam Lead|Alakazam|313\/313
|move|p2a: Gengar|Thunderbolt|p1a: Zam Lead
|-damage|p1a: Zam Lead|243\/313
|-status|p1a: Zam Lead|par
|
|turn|15
|
|move|p2a: Gengar|Explosion|p1a: Zam Lead
|-damage|p1a: Zam Lead|0 fnt
|faint|p1a: Zam Lead
|faint|p2a: Gengar
|
|switch|p1a: Mr Mime|Jynx|333\/333
|switch|p2a: Chansey|Chansey|703\/703
|turn|16
|
|move|p1a: Mr Mime|Lovely Kiss|p2a: Chansey
|-status|p2a: Chansey|slp
|cant|p2a: Chansey|slp
|
|turn|17
|
|move|p1a: Mr Mime|Reflect|p1a: Mr Mime
|cant|p2a: Chansey|slp
|-curestatus|p2a: Chansey|slp
|
|turn|18
|
|move|p1a: Mr Mime|Lovely Kiss|p2a: Chansey|[miss]
|-miss|p1a: Mr Mime
|move|p2a: Chansey|Thunder Wave|p1a: Mr Mime
|-status|p1a: Mr Mime|par
|
|turn|19
|
|move|p2a: Chansey|Ice Beam|p1a: Mr Mime
|-resisted|p1a: Mr Mime
|-damage|p1a: Mr Mime|296\/333 par
|move|p1a: Mr Mime|Lovely Kiss|p2a: Chansey
|-status|p2a: Chansey|slp
|
|turn|20
|
|switch|p2a: Snorlax|Snorlax|211\/523
|move|p1a: Mr Mime|Blizzard|p2a: Snorlax
|-damage|p2a: Snorlax|30\/523
|
|turn|21
|
|switch|p1a: TNT|Golem|363\/363
|move|p2a: Snorlax|Self-Destruct|p1a: TNT
|-crit|p1a: TNT
|-resisted|p1a: TNT
|-damage|p1a: TNT|92\/363
|faint|p2a: Snorlax
|
|switch|p2a: Lapras|Lapras|463\/463
|turn|22
|chat|kid gf lol|ow
|chat|ashiemore|the hax are real
|
|switch|p1a: GhostInaShell|Cloyster|63\/303
|move|p2a: Lapras|Body Slam|p1a: GhostInaShell
|-damage|p1a: GhostInaShell|21\/303
|
|turn|23
|
|move|p1a: GhostInaShell|Explosion|p2a: Lapras
|-damage|p2a: Lapras|172\/463
|faint|p1a: GhostInaShell
|
|switch|p1a: Egg Kangaroo|Chansey|703\/703
|turn|24
|
|move|p2a: Lapras|Confuse Ray|p1a: Egg Kangaroo
|-start|p1a: Egg Kangaroo|confusion
|-activate|p1a: Egg Kangaroo|confusion
|move|p1a: Egg Kangaroo|Thunder Wave|p2a: Lapras
|-status|p2a: Lapras|par
|
|turn|25
|
|-activate|p1a: Egg Kangaroo|confusion
|move|p1a: Egg Kangaroo|Thunderbolt|p2a: Lapras
|-supereffective|p2a: Lapras
|-damage|p2a: Lapras|2\/463 par
|move|p2a: Lapras|Body Slam|p1a: Egg Kangaroo
|-damage|p1a: Egg Kangaroo|530\/703
|-status|p1a: Egg Kangaroo|par
|
|turn|26
|join|BenLan
|
|move|p2a: Lapras|Body Slam|p1a: Egg Kangaroo
|-damage|p1a: Egg Kangaroo|377\/703 par
|cant|p1a: Egg Kangaroo|par
|
|turn|27
|leave|ashiemore
|
|cant|p2a: Lapras|par
|-activate|p1a: Egg Kangaroo|confusion
|-damage|p1a: Egg Kangaroo|346\/703 par|[from] confusion
|
|turn|28
|
|move|p2a: Lapras|Body Slam|p1a: Egg Kangaroo
|-damage|p1a: Egg Kangaroo|194\/703 par
|cant|p1a: Egg Kangaroo|par
|
|turn|29
|
|move|p2a: Lapras|Body Slam|p1a: Egg Kangaroo
|-damage|p1a: Egg Kangaroo|19\/703 par
|-activate|p1a: Egg Kangaroo|confusion
|-damage|p1a: Egg Kangaroo|0 fnt|[from] confusion
|faint|p1a: Egg Kangaroo
|
|
|switch|p1a: TNT|Golem|92\/363
|turn|30
|
|move|p1a: TNT|Earthquake|p2a: Lapras
|-crit|p2a: Lapras
|-damage|p2a: Lapras|0 fnt
|faint|p2a: Lapras
|
|
|switch|p2a: Chansey|Chansey|703\/703 slp
|turn|31
|
|cant|p2a: Chansey|slp
|move|p1a: TNT|Earthquake|p2a: Chansey
|-damage|p2a: Chansey|379\/703 slp
|
|turn|32
|
|cant|p2a: Chansey|slp
|move|p1a: TNT|Earthquake|p2a: Chansey
|-damage|p2a: Chansey|6\/703 slp
|
|turn|33
|
|cant|p2a: Chansey|slp
|-curestatus|p2a: Chansey|slp
|move|p1a: TNT|Earthquake|p2a: Chansey
|-damage|p2a: Chansey|0 fnt
|faint|p2a: Chansey
|
|chat|mattttt96|gg
|
|switch|p2a: Zapdos|Zapdos|245\/383
|turn|34
|chat|kid gf lol|gg
|
|move|p2a: Zapdos|Drill Peck|p1a: TNT
|-crit|p1a: TNT
|-resisted|p1a: TNT
|-damage|p1a: TNT|20\/363
|move|p1a: TNT|Rock Slide|p2a: Zapdos
|-supereffective|p2a: Zapdos
|-damage|p2a: Zapdos|33\/383
|
|turn|35
|
|move|p2a: Zapdos|Drill Peck|p1a: TNT
|-resisted|p1a: TNT
|-damage|p1a: TNT|0 fnt
|faint|p1a: TNT
|
|
|switch|p1a: Result of Incest|Exeggutor|393\/393
|turn|36
|
|move|p2a: Zapdos|Drill Peck|p1a: Result of Incest
|-crit|p1a: Result of Incest
|-supereffective|p1a: Result of Incest
|-damage|p1a: Result of Incest|0 fnt
|faint|p1a: Result of Incest
|
|
|switch|p1a: Mr Mime|Jynx|296\/333 par
|turn|37
|
|move|p2a: Zapdos|Drill Peck|p1a: Mr Mime
|-damage|p1a: Mr Mime|131\/333 par
|move|p1a: Mr Mime|Psychic|p2a: Zapdos
|-damage|p2a: Zapdos|0 fnt
|faint|p2a: Zapdos
|
|win|kid gf lol
|raw|Ladder updating...
|raw|kid gf lol's rating: 1397 &rarr; <strong>1411<\/strong><br \/>(+14 for winning)
|raw|mattttt96's rating: 1293 &rarr; <strong>1275<\/strong><br \/>(-18 for losing)
|leave|kid gf lol
|player|p1