|join|kid gf lol
|join|Kel9901
|player|p1|kid gf lol|114
|player|p2|Kel9901|169
|gametype|singles
|gen|1
|tier|[Gen 1] OU (beta)
|rated
|rule|Sleep Clause Mod: Limit one foe put to sleep
|rule|Species Clause: Limit one of each Pokémon
|rule|OHKO Clause: OHKO moves are banned
|rule|Evasion Moves Clause: Evasion moves are banned
|rule|HP Percentage Mod: HP is shown in percentages
|
|start
|switch|p1a: Gengar|Gengar|323\/323
|switch|p2a: Jynx|Jynx|333\/333
|turn|1
|
|move|p1a: Gengar|Hypnosis|p2a: Jynx|[miss]
|-miss|p1a: Gengar
|move|p2a: Jynx|Lovely Kiss|p1a: Gengar
|-status|p1a: Gengar|slp
|
|turn|2
|
|switch|p1a: Chansey|Chansey|703\/703
|move|p2a: Jynx|Blizzard|p1a: Chansey
|-damage|p1a: Chansey|564\/703
|
|turn|3
|
|move|p2a: Jynx|Blizzard|p1a: Chansey
|-damage|p1a: Chansey|423\/703
|move|p1a: Chansey|Thunderbolt|p2a: Jynx
|-damage|p2a: Jynx|260\/333
|
|turn|4
|
|move|p2a: Jynx|Mimic|p1a: Chansey
|-start|p2a: Jynx|Mimic|Ice Beam
|move|p1a: Chansey|Thunder Wave|p2a: Jynx
|-status|p2a: Jynx|par
|
|turn|5
|
|move|p1a: Chansey|Thunderbolt|p2a: Jynx
|-damage|p2a: Jynx|186\/333 par
|move|p2a: Jynx|Blizzard|p1a: Chansey
|-damage|p1a: Chansey|297\/703
|
|turn|6
|
|move|p1a: Chansey|Soft-Boiled|p1a: Chansey
|-heal|p1a: Chansey|648\/703
|move|p2a: Jynx|Lovely Kiss|p1a: Chansey
|-message|Sleep Clause Mod activated.
|
|turn|7
|c|★kid gf lol|sup
|c|★Kel9901|fuck misclick
|c|★Kel9901|hi
|
|switch|p1a: Cloyster|Cloyster|303\/303
|switch|p2a: Chansey|Chansey|703\/703
|
|turn|8
|
|switch|p1a: Chansey|Chansey|648\/703
|move|p2a: Chansey|Thunder Wave|p1a: Chansey
|-status|p1a: Chansey|par
|
|turn|9
|
|switch|p2a: Jynx|Jynx|186\/333 par
|move|p1a: Chansey|Ice Beam|p2a: Jynx
|-resisted|p2a: Jynx
|-damage|p2a: Jynx|144\/333 par
|
|turn|10
|
|cant|p2a: Jynx|par
|move|p1a: Chansey|Thunderbolt|p2a: Jynx
|-damage|p2a: Jynx|63\/333 par
|
|turn|11
|
|cant|p2a: Jynx|par
|cant|p1a: Chansey|par
|
|turn|12
|
|switch|p2a: Exeggutor|Exeggutor|393\/393
|cant|p1a: Chansey|par
|
|turn|13
|
|move|p2a: Exeggutor|Psychic|p1a: Chansey
|-damage|p1a: Chansey|531\/703 par
|cant|p1a: Chansey|par
|
|turn|14
|
|move|p2a: Exeggutor|Psychic|p1a: Chansey
|-damage|p1a: Chansey|408\/703 par
|move|p1a: Chansey|Thunder Wave|p2a: Exeggutor
|-status|p2a: Exeggutor|par
|
|turn|15
|
|move|p2a: Exeggutor|Explosion|p1a: Chansey
|-damage|p1a: Chansey|0 fnt
|faint|p1a: Chansey
|faint|p2a: Exeggutor
|
|switch|p1a: Cloyster|Cloyster|303\/303
|switch|p2a: Chansey|Chansey|703\/703
|turn|16
|
|move|p1a: Cloyster|Clamp|p2a: Chansey
|-damage|p2a: Chansey|669\/703
|-activate|p2a: Chansey|move: Clamp|[of] p1a: Cloyster
|cant|p2a: Chansey|partiallytrapped
|
|turn|17
|
|switch|p1a: Victreebell|Victreebel|363\/363
|cant|p2a: Chansey|partiallytrapped
|
|-end|p2a: Chansey|Clamp|[partiallytrapped]
|turn|18
|
|move|p1a: Victreebell|Sleep Powder|p2a: Chansey
|-status|p2a: Chansey|slp
|cant|p2a: Chansey|slp
|
|turn|19
|
|move|p1a: Victreebell|Razor Leaf|p2a: Chansey
|-crit|p2a: Chansey
|-damage|p2a: Chansey|545\/703 slp
|cant|p2a: Chansey|slp
|
|turn|20
|c|★Kel9901|imagine being clamped by a cloyster irl
|
|switch|p2a: Jynx|Jynx|63\/333 par
|move|p1a: Victreebell|Razor Leaf|p2a: Jynx
|-crit|p2a: Jynx
|-damage|p2a: Jynx|0 fnt
|faint|p2a: Jynx
|
|switch|p2a: Tauros|Tauros|353\/353
|turn|21
|c|★Kel9901|creepy as
|c|★kid gf lol|pokemon would be too ridiculus irl
|c|★kid gf lol|want to know whats creepy
|c|★kid gf lol|exeggutor is 6'7
|
|move|p2a: Tauros|Body Slam|p1a: Victreebell
|-crit|p1a: Victreebell
|-damage|p1a: Victreebell|116\/363
|-status|p1a: Victreebell|par
|move|p1a: Victreebell|Stun Spore|p2a: Tauros
|-status|p2a: Tauros|par
|
|turn|22
|
|move|p2a: Tauros|Body Slam|p1a: Victreebell
|-crit|p1a: Victreebell
|-damage|p1a: Victreebell|0 fnt
|faint|p1a: Victreebell
|
|switch|p1a: Cloyster|Cloyster|303\/303
|turn|23
|
|move|p1a: Cloyster|Clamp|p2a: Tauros
|-damage|p2a: Tauros|303\/353 par
|-activate|p2a: Tauros|move: Clamp|[of] p1a: Cloyster
|cant|p2a: Tauros|partiallytrapped
|
|turn|24
|
|switch|p2a: Chansey|Chansey|545\/703 slp
|move|p1a: Cloyster|Clamp|p2a: Chansey
|-damage|p2a: Chansey|509\/703 slp
|-activate|p2a: Chansey|move: Clamp|[of] p1a: Cloyster
|
|turn|25
|
|switch|p1a: Tauros|Tauros|353\/353
|cant|p2a: Chansey|slp
|-curestatus|p2a: Chansey|slp
|
|-end|p2a: Chansey|Clamp|[partiallytrapped]
|turn|26
|
|move|p1a: Tauros|Body Slam|p2a: Chansey
|-crit|p2a: Chansey
|-damage|p2a: Chansey|0 fnt
|faint|p2a: Chansey
|
|switch|p2a: Snorlax|Snorlax|523\/523
|turn|27
|c|★kid gf lol|wewt
|
|move|p1a: Tauros|Body Slam|p2a: Snorlax
|-damage|p2a: Snorlax|393\/523
|move|p2a: Snorlax|Body Slam|p1a: Tauros
|-damage|p1a: Tauros|238\/353
|-status|p1a: Tauros|par
|
|turn|28
|
|move|p2a: Snorlax|Body Slam|p1a: Tauros
|-damage|p1a: Tauros|127\/353 par
|move|p1a: Tauros|Body Slam|p2a: Snorlax
|-damage|p2a: Snorlax|266\/523
|
|turn|29
|
|move|p2a: Snorlax|Hyper Beam|p1a: Tauros|[miss]
|-miss|p2a: Snorlax
|move|p1a: Tauros|Hyper Beam|p2a: Snorlax
|-damage|p2a: Snorlax|27\/523
|
|turn|30
|
|move|p2a: Snorlax|Body Slam|p1a: Tauros
|-damage|p1a: Tauros|10\/353 par
|cant|p1a: Tauros|par
|
|turn|31
|
|move|p2a: Snorlax|Body Slam|p1a: Tauros
|-damage|p1a: Tauros|0 fnt
|faint|p1a: Tauros
|
|switch|p1a: Cloyster|Cloyster|303\/303
|turn|32
|
|move|p1a: Cloyster|Blizzard|p2a: Snorlax
|-damage|p2a: Snorlax|0 fnt
|faint|p2a: Snorlax
|
|switch|p2a: Tauros|Tauros|303\/353 par
|turn|33
|
|move|p1a: Cloyster|Clamp|p2a: Tauros|[miss]
|-miss|p1a: Cloyster
|move|p2a: Tauros|Body Slam|p1a: Cloyster
|-damage|p1a: Cloyster|232\/303
|
|turn|34
|
|move|p1a: Cloyster|Substitute|p1a: Cloyster
|-start|p1a: Cloyster|Substitute
|-damage|p1a: Cloyster|157\/303
|move|p2a: Tauros|Body Slam|p1a: Cloyster
|-activate|p1a: Cloyster|Substitute|[damage]
|
|turn|35
|
|move|p1a: Cloyster|Clamp|p2a: Tauros
|-damage|p2a: Tauros|254\/353 par
|-activate|p2a: Tauros|move: Clamp|[of] p1a: Cloyster
|cant|p2a: Tauros|par
|
|turn|36
|c|★Kel9901|hm sub
|
|move|p1a: Cloyster|Clamp|p2a: Tauros
|-damage|p2a: Tauros|205\/353 par
|cant|p2a: Tauros|partiallytrapped
|
|turn|37
|c|★kid gf lol|i use it because tauros and lax dont quite break it usually
|
|move|p1a: Cloyster|Clamp|p2a: Tauros
|-damage|p2a: Tauros|156\/353 par
|cant|p2a: Tauros|partiallytrapped
|
|turn|38
|
|move|p1a: Cloyster|Clamp|p2a: Tauros
|-damage|p2a: Tauros|107\/353 par
|cant|p2a: Tauros|partiallytrapped
|
|-end|p2a: Tauros|Clamp|[partiallytrapped]
|turn|39
|c|★kid gf lol|wiyh b-slam
|c|★Kel9901|mhm
|
|move|p1a: Cloyster|Blizzard|p2a: Tauros
|-damage|p2a: Tauros|0 fnt
|faint|p2a: Tauros
|c|★Kel9901|well gg
|
|switch|p2a: Golem|Golem|363\/363
|turn|40
|
|move|p1a: Cloyster|Blizzard|p2a: Golem
|-supereffective|p2a: Golem
|-damage|p2a: Golem|26\/363
|move|p2a: Golem|Body Slam|p1a: Cloyster
|-end|p1a: Cloyster|Substitute
|
|turn|41
|
|move|p1a: Cloyster|Blizzard|p2a: Golem
|-supereffective|p2a: Golem
|-damage|p2a: Golem|0 fnt
|faint|p2a: Golem
|
|win|kid gf lol
|raw|Ladder updating...
|leave|Kel9901
|player|p2
|raw|kid gf lol's rating: 1386 &rarr; <strong>1395<\/strong><br \/>(+9 for winning)
|raw|Kel9901's rating: 1163 &rarr; <strong>1152<\/strong><br \/>(-11 for losing)