|join|r0730
|join|Hargnyque
|player|p1|r0730|170
|player|p2|Hargnyque|26
|gametype|singles
|gen|1
|tier|[Gen 1] Random Battle
|rated
|rule|Sleep Clause Mod: Limit one foe put to sleep
|rule|Freeze Clause Mod: Limit one foe frozen
|rule|HP Percentage Mod: HP is shown in percentages
|
|start
|switch|p1a: Nidoran-F|Nidoran-F, L96|300\/300
|switch|p2a: Ditto|Ditto, L99|296\/296
|turn|1
|
|move|p2a: Ditto|Transform|p1a: Nidoran-F
|-transform|p2a: Ditto|p1a: Nidoran-F
|move|p1a: Nidoran-F|Body Slam|p2a: Ditto
|-damage|p2a: Ditto|238\/296
|
|turn|2
|
|switch|p1a: Mew|Mew, L74|300\/300
|move|p2a: Ditto|Body Slam|p1a: Mew
|-damage|p1a: Mew|242\/300
|
|turn|3
|
|move|p1a: Mew|Psychic|p2a: Ditto
|-supereffective|p2a: Ditto
|-damage|p2a: Ditto|57\/296
|move|p2a: Ditto|Body Slam|p1a: Mew
|-damage|p1a: Mew|184\/300
|
|turn|4
|
|move|p1a: Mew|Psychic|p2a: Ditto
|-crit|p2a: Ditto
|-supereffective|p2a: Ditto
|-damage|p2a: Ditto|0 fnt
|faint|p2a: Ditto
|
|switch|p2a: Mew|Mew, L74|300\/300
|turn|5
|
|move|p2a: Mew|Blizzard|p1a: Mew
|-damage|p1a: Mew|120\/300
|move|p1a: Mew|Fissure|p2a: Mew|[miss]
|-miss|p1a: Mew
|
|turn|6
|
|move|p1a: Mew|Fissure|p2a: Mew|[miss]
|-miss|p1a: Mew
|move|p2a: Mew|Fissure|p1a: Mew
|-damage|p1a: Mew|0 fnt
|-ohko
|faint|p1a: Mew
|c|★Hargnyque|WTF
|c|★r0730|o mani  used twice
|c|★r0730|u once and u got it
|c|★Hargnyque|I was slower how is it possible !?
|c|★r0730|how are u slower?
|c|★r0730|same speed
|c|★Hargnyque|I attacked 2nd
|c|★Hargnyque|The move must have failed
|
|switch|p1a: Zapdos|Zapdos, L79|304\/304
|turn|7
|
|move|p1a: Zapdos|Thunderbolt|p2a: Mew
|-damage|p2a: Mew|196\/300
|move|p2a: Mew|Blizzard|p1a: Zapdos|[miss]
|-miss|p2a: Mew
|
|turn|8
|
|move|p1a: Zapdos|Thunderbolt|p2a: Mew
|-crit|p2a: Mew
|-damage|p2a: Mew|0 fnt
|faint|p2a: Mew
|
|switch|p2a: Wigglytuff|Wigglytuff, L90|435\/435
|turn|9
|
|move|p1a: Zapdos|Thunderbolt|p2a: Wigglytuff
|-damage|p2a: Wigglytuff|300\/435
|move|p2a: Wigglytuff|Blizzard|p1a: Zapdos
|-supereffective|p1a: Zapdos
|-damage|p1a: Zapdos|197\/304
|-status|p1a: Zapdos|frz
|
|turn|10
|
|switch|p1a: Dewgong|Dewgong, L85|327\/327
|move|p2a: Wigglytuff|Body Slam|p1a: Dewgong
|-damage|p1a: Dewgong|242\/327
|
|turn|11
|
|move|p1a: Dewgong|Blizzard|p2a: Wigglytuff
|-crit|p2a: Wigglytuff
|-damage|p2a: Wigglytuff|0 fnt
|faint|p2a: Wigglytuff
|
|switch|p2a: Hitmonlee|Hitmonlee, L90|273\/273
|turn|12
|
|switch|p1a: Zapdos|Zapdos, L79|197\/304 frz
|move|p2a: Hitmonlee|High Jump Kick|p1a: Zapdos
|-resisted|p1a: Zapdos
|-damage|p1a: Zapdos|138\/304 frz
|
|turn|13
|
|switch|p1a: Pidgeot|Pidgeot, L90|333\/333
|move|p2a: Hitmonlee|Mimic|p1a: Pidgeot
|-start|p2a: Hitmonlee|Mimic|Agility
|
|turn|14
|
|move|p1a: Pidgeot|Sky Attack|p2a: Hitmonlee|[still]
|-prepare|p1a: Pidgeot|Sky Attack|p2a: Hitmonlee
|move|p2a: Hitmonlee|High Jump Kick|p1a: Pidgeot
|-damage|p1a: Pidgeot|206\/333
|
|turn|15
|
|switch|p2a: Jolteon|Jolteon, L79|265\/265
|move|p1a: Pidgeot|Sky Attack|p2a: Jolteon
|-resisted|p2a: Jolteon
|-damage|p2a: Jolteon|168\/265
|
|turn|16
|
|switch|p1a: Machamp|Machamp, L90|345\/345
|move|p2a: Jolteon|Thunderbolt|p1a: Machamp
|-damage|p1a: Machamp|230\/345
|
|turn|17
|
|switch|p2a: Seaking|Seaking, L90|327\/327
|move|p1a: Machamp|Earthquake|p2a: Seaking
|-damage|p2a: Seaking|224\/327
|
|turn|18
|
|move|p2a: Seaking|Surf|p1a: Machamp
|-damage|p1a: Machamp|112\/345
|move|p1a: Machamp|Body Slam|p2a: Seaking
|-damage|p2a: Seaking|124\/327
|-status|p2a: Seaking|par
|
|turn|19
|
|move|p1a: Machamp|Hyper Beam|p2a: Seaking
|-crit|p2a: Seaking
|-damage|p2a: Seaking|0 fnt
|faint|p2a: Seaking
|
|switch|p2a: Jolteon|Jolteon, L79|168\/265
|turn|20
|
|switch|p1a: Zapdos|Zapdos, L79|138\/304 frz
|move|p2a: Jolteon|Thunderbolt|p1a: Zapdos
|-crit|p1a: Zapdos
|-damage|p1a: Zapdos|0 fnt
|faint|p1a: Zapdos
|
|switch|p1a: Nidoran-F|Nidoran-F, L96|300\/300
|turn|21
|
|switch|p2a: Hitmonlee|Hitmonlee, L90|273\/273
|move|p1a: Nidoran-F|Body Slam|p2a: Hitmonlee
|-damage|p2a: Hitmonlee|212\/273
|
|turn|22
|
|move|p2a: Hitmonlee|Body Slam|p1a: Nidoran-F
|-damage|p1a: Nidoran-F|201\/300
|move|p1a: Nidoran-F|Leer|p2a: Hitmonlee
|-unboost|p2a: Hitmonlee|def|1
|
|turn|23
|
|move|p2a: Hitmonlee|Body Slam|p1a: Nidoran-F
|-damage|p1a: Nidoran-F|100\/300
|-status|p1a: Nidoran-F|par
|move|p1a: Nidoran-F|Body Slam|p2a: Hitmonlee
|-damage|p2a: Hitmonlee|119\/273
|
|turn|24
|
|move|p2a: Hitmonlee|Body Slam|p1a: Nidoran-F
|-crit|p1a: Nidoran-F
|-damage|p1a: Nidoran-F|0 fnt
|faint|p1a: Nidoran-F
|
|switch|p1a: Pidgeot|Pidgeot, L90|206\/333
|turn|25
|
|move|p1a: Pidgeot|Hyper Beam|p2a: Hitmonlee
|-crit|p2a: Hitmonlee
|-damage|p2a: Hitmonlee|0 fnt
|faint|p2a: Hitmonlee
|
|switch|p2a: Jolteon|Jolteon, L79|168\/265
|turn|26
|
|move|p2a: Jolteon|Thunderbolt|p1a: Pidgeot
|-crit|p1a: Pidgeot
|-supereffective|p1a: Pidgeot
|-damage|p1a: Pidgeot|0 fnt
|faint|p1a: Pidgeot
|
|switch|p1a: Dewgong|Dewgong, L85|242\/327
|turn|27
|
|move|p2a: Jolteon|Thunderbolt|p1a: Dewgong
|-supereffective|p1a: Dewgong
|-damage|p1a: Dewgong|51\/327
|move|p1a: Dewgong|Blizzard|p2a: Jolteon
|-damage|p2a: Jolteon|50\/265
|
|turn|28
|
|move|p2a: Jolteon|Thunderbolt|p1a: Dewgong
|-supereffective|p1a: Dewgong
|-damage|p1a: Dewgong|0 fnt
|faint|p1a: Dewgong
|
|switch|p1a: Machamp|Machamp, L90|112\/345
|turn|29
|
|move|p2a: Jolteon|Thunderbolt|p1a: Machamp
|-damage|p1a: Machamp|0 fnt
|faint|p1a: Machamp
|
|win|Hargnyque
|c|★Hargnyque|gg and WTF fissure
|raw|r0730's rating: 1292 &rarr; <strong>1263<\/strong><br \/>(-29 for losing)
|raw|Hargnyque's rating: 1243 &rarr; <strong>1271<\/strong><br \/>(+28 for winning)
|leave|r0730
|player|p1