|join|MALESANI
|join|AitorMaster
|player|p1|MALESANI|238
|player|p2|AitorMaster|2
|gametype|singles
|gen|1
|tier|[Gen 1] Random Battle
|rated
|seed|47981,31557,2358,56094
|rule|Sleep Clause Mod: Limit one foe put to sleep
|rule|Freeze Clause Mod: Limit one foe frozen
|rule|HP Percentage Mod: HP is shown in percentages
|
|start
|switch|p1a: Exeggcute|Exeggcute, L96|310\/310
|switch|p2a: Clefable|Clefable, L85|335\/335
|turn|1
|choice|switch 3|move 2
|
|switch|p1a: Dewgong|Dewgong, L85|327\/327
|move|p2a: Clefable|Thunder Wave|p1a: Dewgong
|-status|p1a: Dewgong|par
|
|turn|2
|choice|move 2|switch 2
|
|switch|p2a: Squirtle|Squirtle, L96|279\/279
|cant|p1a: Dewgong|par
|
|turn|3
|choice|move 4|move 3
|
|move|p2a: Squirtle|Body Slam|p1a: Dewgong
|-damage|p1a: Dewgong|272\/327 par
|move|p1a: Dewgong|Body Slam|p2a: Squirtle
|-damage|p2a: Squirtle|223\/279
|
|turn|4
|choice|move 2|move 3
|
|move|p2a: Squirtle|Body Slam|p1a: Dewgong
|-damage|p1a: Dewgong|219\/327 par
|move|p1a: Dewgong|Blizzard|p2a: Squirtle
|-crit|p2a: Squirtle
|-resisted|p2a: Squirtle
|-damage|p2a: Squirtle|82\/279
|
|turn|5
|choice|move 1|move 3
|
|move|p2a: Squirtle|Body Slam|p1a: Dewgong
|-damage|p1a: Dewgong|166\/327 par
|move|p1a: Dewgong|Surf|p2a: Squirtle
|-resisted|p2a: Squirtle
|-damage|p2a: Squirtle|20\/279
|
|turn|6
|choice|move 4|move 4
|
|move|p2a: Squirtle|Blizzard|p1a: Dewgong|[miss]
|-miss|p2a: Squirtle
|move|p1a: Dewgong|Body Slam|p2a: Squirtle
|-crit|p2a: Squirtle
|-damage|p2a: Squirtle|0 fnt
|faint|p2a: Squirtle
|choice||switch 3
|
|switch|p2a: Arbok|Arbok, L90|291\/291
|turn|7
|choice|move 2|move 1
|
|move|p2a: Arbok|Earthquake|p1a: Dewgong
|-damage|p1a: Dewgong|92\/327 par
|move|p1a: Dewgong|Blizzard|p2a: Arbok
|-damage|p2a: Arbok|141\/291
|
|turn|8
|choice|move 2|move 2
|
|move|p2a: Arbok|Hyper Beam|p1a: Dewgong|[miss]
|-miss|p2a: Arbok
|cant|p1a: Dewgong|par
|
|turn|9
|choice|move 2|move 1
|
|move|p2a: Arbok|Earthquake|p1a: Dewgong
|-damage|p1a: Dewgong|17\/327 par
|cant|p1a: Dewgong|par
|
|turn|10
|choice|move 2|move 3
|
|move|p2a: Arbok|Body Slam|p1a: Dewgong
|-damage|p1a: Dewgong|0 fnt
|faint|p1a: Dewgong
|choice|switch 4|
|
|switch|p1a: Rapidash|Rapidash, L90|300\/300
|turn|11
|choice|move 1|move 1
|
|move|p1a: Rapidash|Fire Blast|p2a: Arbok|[miss]
|-miss|p1a: Rapidash
|move|p2a: Arbok|Earthquake|p1a: Rapidash
|-supereffective|p1a: Rapidash
|-damage|p1a: Rapidash|148\/300
|
|turn|12
|choice|move 1|move 1
|
|move|p1a: Rapidash|Fire Blast|p2a: Arbok
|-crit|p2a: Arbok
|-damage|p2a: Arbok|0 fnt
|faint|p2a: Arbok
|choice||switch 2
|
|switch|p2a: Clefable|Clefable, L85|335\/335
|turn|13
|choice|move 1|move 2
|
|move|p1a: Rapidash|Fire Blast|p2a: Clefable|[miss]
|-miss|p1a: Rapidash
|move|p2a: Clefable|Thunder Wave|p1a: Rapidash
|-status|p1a: Rapidash|par
|
|turn|14
|choice|move 1|move 3
|
|move|p2a: Clefable|Ice Beam|p1a: Rapidash
|-damage|p1a: Rapidash|86\/300 par
|cant|p1a: Rapidash|par
|
|turn|15
|choice|move 1|move 1
|
|move|p2a: Clefable|Blizzard|p1a: Rapidash
|-damage|p1a: Rapidash|2\/300 par
|move|p1a: Rapidash|Fire Blast|p2a: Clefable
|-crit|p2a: Clefable
|-damage|p2a: Clefable|80\/335
|
|turn|16
|choice|move 2|move 3
|
|move|p2a: Clefable|Ice Beam|p1a: Rapidash
|-damage|p1a: Rapidash|0 fnt
|faint|p1a: Rapidash
|choice|switch 2|
|
|switch|p1a: Tentacruel|Tentacruel, L85|310\/310
|turn|17
|choice|move 2|move 2
|
|move|p1a: Tentacruel|Hydro Pump|p2a: Clefable
|-damage|p2a: Clefable|0 fnt
|faint|p2a: Clefable
|choice||switch 5
|
|switch|p2a: Kadabra|Kadabra, L85|242\/242
|turn|18
|choice|switch 5|move 1
|
|switch|p1a: Magneton|Magneton, L90|273\/273
|move|p2a: Kadabra|Psychic|p1a: Magneton
|-crit|p1a: Magneton
|-damage|p1a: Magneton|117\/273
|
|turn|19
|choice|move 2|switch 6
|
|switch|p2a: Porygon|Porygon, L85|284\/284
|move|p1a: Magneton|Thunder Wave|p2a: Porygon
|-status|p2a: Porygon|par
|
|turn|20
|choice|move 1|move 4
|
|move|p1a: Magneton|Thunderbolt|p2a: Porygon
|-damage|p2a: Porygon|141\/284 par
|move|p2a: Porygon|Ice Beam|p1a: Magneton
|-damage|p1a: Magneton|71\/273
|
|turn|21
|choice|move 1|move 2
|
|move|p1a: Magneton|Thunderbolt|p2a: Porygon
|-damage|p2a: Porygon|0 fnt
|faint|p2a: Porygon
|choice||switch 6
|
|switch|p2a: Kadabra|Kadabra, L85|242\/242
|turn|22
|choice|move 1|move 1
|
|move|p2a: Kadabra|Psychic|p1a: Magneton
|-crit|p1a: Magneton
|-damage|p1a: Magneton|0 fnt
|faint|p1a: Magneton
|choice|switch 3|
|
|switch|p1a: Exeggcute|Exeggcute, L96|310\/310
|turn|23
|choice|move 3|switch 4
|
|switch|p2a: Golduck|Golduck, L85|310\/310
|move|p1a: Exeggcute|Stun Spore|p2a: Golduck
|-status|p2a: Golduck|par
|
|turn|24
|choice|switch 5|move 3
|
|switch|p1a: Tentacruel|Tentacruel, L85|310\/310
|cant|p2a: Golduck|par
|
|turn|25
|choice|move 2|move 4
|
|move|p1a: Tentacruel|Hydro Pump|p2a: Golduck
|-resisted|p2a: Golduck
|-damage|p2a: Golduck|229\/310 par
|move|p2a: Golduck|Body Slam|p1a: Tentacruel
|-damage|p1a: Tentacruel|240\/310
|
|turn|26
|choice|move 2|move 1
|
|move|p1a: Tentacruel|Hydro Pump|p2a: Golduck|[miss]
|-miss|p1a: Tentacruel
|move|p2a: Golduck|Amnesia|p2a: Golduck
|-boost|p2a: Golduck|spd|2
|-boost|p2a: Golduck|spa|2
|
|turn|27
|choice|move 1|move 4
|
|move|p1a: Tentacruel|Swords Dance|p1a: Tentacruel
|-boost|p1a: Tentacruel|atk|2
|move|p2a: Golduck|Body Slam|p1a: Tentacruel
|-damage|p1a: Tentacruel|175\/310
|
|turn|28
|choice|move 1|move 4
|
|move|p1a: Tentacruel|Swords Dance|p1a: Tentacruel
|-boost|p1a: Tentacruel|atk|2
|cant|p2a: Golduck|par
|
|turn|29
|choice|move 1|move 4
|
|move|p1a: Tentacruel|Swords Dance|p1a: Tentacruel
|-boost|p1a: Tentacruel|atk|2
|cant|p2a: Golduck|par
|
|turn|30
|choice|move 4|move 4
|
|move|p1a: Tentacruel|Hyper Beam|p2a: Golduck
|-damage|p2a: Golduck|0 fnt
|faint|p2a: Golduck
|choice||switch 4
|
|switch|p2a: Kadabra|Kadabra, L85|242\/242
|turn|31
|choice|move 4|move 1
|
|move|p2a: Kadabra|Psychic|p1a: Tentacruel
|-supereffective|p1a: Tentacruel
|-damage|p1a: Tentacruel|0 fnt
|faint|p1a: Tentacruel
|choice|switch 5|
|
|switch|p1a: Exeggcute|Exeggcute, L96|310\/310
|turn|32
|choice|move 3|move 1
|
|move|p2a: Kadabra|Psychic|p1a: Exeggcute
|-resisted|p1a: Exeggcute
|-damage|p1a: Exeggcute|249\/310
|move|p1a: Exeggcute|Stun Spore|p2a: Kadabra
|-status|p2a: Kadabra|par
|
|turn|33
|choice|move 4|move 1
|
|move|p1a: Exeggcute|Mega Drain|p2a: Kadabra
|-damage|p2a: Kadabra|211\/242 par
|-heal|p1a: Exeggcute|264\/310|[from] drain|[of] p2a: Kadabra
|move|p2a: Kadabra|Psychic|p1a: Exeggcute
|-resisted|p1a: Exeggcute
|-damage|p1a: Exeggcute|199\/310
|-unboost|p1a: Exeggcute|spd|1
|-unboost|p1a: Exeggcute|spa|1
|
|turn|34
|choice|move 1|move 2
|
|move|p1a: Exeggcute|Psychic|p2a: Kadabra
|-crit|p2a: Kadabra
|-resisted|p2a: Kadabra
|-damage|p2a: Kadabra|144\/242 par
|-unboost|p2a: Kadabra|spd|1
|-unboost|p2a: Kadabra|spa|1
|move|p2a: Kadabra|Seismic Toss|p1a: Exeggcute
|-damage|p1a: Exeggcute|114\/310
|
|turn|35
|choice|move 2|move 2
|
|move|p1a: Exeggcute|Explosion|p2a: Kadabra
|-damage|p2a: Kadabra|0 fnt
|faint|p2a: Kadabra
|faint|p1a: Exeggcute
|
|win|MALESANI