|j|smilzo
|j|marcoasd
|player|p1|smilzo|157
|player|p2|marcoasd|170
|gametype|singles
|gen|1
|tier|[Gen 1] OU
|seed|59763,38800,46101,34177
|rule|Sleep Clause Mod: Limit one foe put to sleep
|rule|Freeze Clause Mod: Limit one foe frozen
|rule|Species Clause: Limit one of each Pokémon
|rule|OHKO Clause: OHKO moves are banned
|rule|Evasion Moves Clause: Evasion moves are banned
|rule|HP Percentage Mod: HP is shown in percentages
|
|start
|switch|p1a: Gengar|Gengar|323\/323
|switch|p2a: Jynx|Jynx|333\/333
|turn|1
|c|★smilzo|hf
|choice|move 1|move 3
|
|move|p1a: Gengar|Hypnosis|p2a: Jynx|[miss]
|-miss|p1a: Gengar
|move|p2a: Jynx|Psychic|p1a: Gengar
|-supereffective|p1a: Gengar
|-damage|p1a: Gengar|161\/323
|
|turn|2
|c|★marcoasd|asd
|c|★smilzo|male
|choice|move 1|switch 4
|
|switch|p2a: Golem|Golem|363\/363
|move|p1a: Gengar|Hypnosis|p2a: Golem|[miss]
|-miss|p1a: Gengar
|
|turn|3
|c|★smilzo|ancora male
|c|★marcoasd|pensavo al botto ovviamente
|c|★smilzo|già
|c|★smilzo|ora rivelo mega drain e bye
|c|★marcoasd|crit e via
|choice|move 1|switch 4
|
|switch|p2a: Jynx|Jynx|333\/333
|move|p1a: Gengar|Hypnosis|p2a: Jynx
|-status|p2a: Jynx|slp
|
|turn|4
|c|★smilzo|yes
|c|★marcoasd|no fear proprio
|c|★smilzo|be il double su jynx
|c|★smilzo|era un po chiamato
|c|★marcoasd|bèh sì
|choice|switch 5|switch 3
|
|switch|p1a: Snorlax|Snorlax|523\/523
|switch|p2a: Chansey|Chansey|703\/703
|
|turn|5
|choice|switch 4|switch 2
|
|switch|p2a: Exeggutor|Exeggutor|393\/393
|switch|p1a: Chansey|Chansey|703\/703
|
|turn|6
|choice|switch 2|move 1
|
|switch|p1a: Starmie|Starmie|323\/323
|move|p2a: Exeggutor|Sleep Powder|p1a: Starmie
|-status|p1a: Starmie|slp
|
|turn|7
|c|★smilzo|:c
|c|★smilzo|ho osato troppo
|choice|move 2|switch 2
|
|switch|p2a: Chansey|Chansey|703\/703
|cant|p1a: Starmie|slp
|
|turn|8
|choice|switch 2|move 3
|
|switch|p1a: Chansey|Chansey|703\/703
|move|p2a: Chansey|Thunderbolt|p1a: Chansey
|-damage|p1a: Chansey|627\/703
|
|turn|9
|c|★smilzo|vogliamo davvero avere una freeze war
|c|★marcoasd|vai
|c|★smilzo|eh
|choice|move 2|move 2
|
|move|p1a: Chansey|Ice Beam|p2a: Chansey
|-damage|p2a: Chansey|635\/703
|move|p2a: Chansey|Ice Beam|p1a: Chansey
|-damage|p1a: Chansey|554\/703
|-status|p1a: Chansey|frz
|
|turn|10
|c|★smilzo|ripppp
|c|★marcoasd|bèh avevo una controgiocata ora
|c|★marcoasd|volevo solo evitare di prendere twave
|c|★smilzo|mh
|c|★smilzo|avrei dovuto andare su gar probabilmente
|choice|move 1|move 3
|
|cant|p1a: Chansey|frz
|move|p2a: Chansey|Thunderbolt|p1a: Chansey
|-damage|p1a: Chansey|480\/703 frz
|
|turn|11
|c|★marcoasd|mmm qui credo o twave o freeze war
|c|★marcoasd|gar che fa
|c|★smilzo|prendeva un ice beam e minacciavo il boom
|j|king sun
|c|★marcoasd|ho il sasso
|c|★smilzo|anche se fa 0 e probabilmente non sarei scoppiato
|c|★marcoasd|e poi comunque chansey ti si ripropone
|choice|move 1|switch 6
|
|switch|p2a: Slowbro|Slowbro|393\/393
|cant|p1a: Chansey|frz
|
|turn|12
|choice|switch 5|move 1
|
|switch|p1a: Gengar|Gengar|161\/323
|move|p2a: Slowbro|Thunder Wave|p1a: Gengar
|-status|p1a: Gengar|par
|
|turn|13
|l|king sun
|choice|switch 2|switch 4
|
|switch|p2a: Golem|Golem|363\/363
|switch|p1a: Starmie|Starmie|323\/323 slp
|
|turn|14
|choice|switch 3|move 1
|
|switch|p1a: Exeggutor|Exeggutor|393\/393
|move|p2a: Golem|Earthquake|p1a: Exeggutor
|-resisted|p1a: Exeggutor
|-damage|p1a: Exeggutor|325\/393
|
|turn|15
|choice|move 3|switch 2
|
|switch|p2a: Exeggutor|Exeggutor|393\/393
|move|p1a: Exeggutor|Psychic|p2a: Exeggutor
|-resisted|p2a: Exeggutor
|-damage|p2a: Exeggutor|341\/393
|
|turn|16
|choice|switch 3|move 2
|
|switch|p1a: Starmie|Starmie|323\/323 slp
|move|p2a: Exeggutor|Stun Spore|p1a: Starmie
|-fail|p1a: Starmie
|
|turn|17
|choice|move 2|switch 6
|
|switch|p2a: Chansey|Chansey|635\/703
|cant|p1a: Starmie|slp
|
|turn|18
|choice|switch 2|move 3
|
|switch|p1a: Gengar|Gengar|161\/323 par
|move|p2a: Chansey|Thunderbolt|p1a: Gengar
|-damage|p1a: Gengar|101\/323 par
|
|turn|19
|choice|move 3|switch 2
|
|switch|p2a: Golem|Golem|363\/363
|move|p1a: Gengar|Night Shade|p2a: Golem
|-damage|p2a: Golem|263\/363
|
|turn|20
|choice|switch 3|move 3
|
|switch|p1a: Exeggutor|Exeggutor|325\/393
|move|p2a: Golem|Rock Slide|p1a: Exeggutor
|-damage|p1a: Exeggutor|220\/393
|
|turn|21
|choice|move 2|switch 3
|
|switch|p2a: Jynx|Jynx|333\/333 slp
|move|p1a: Exeggutor|Stun Spore|p2a: Jynx
|-fail|p2a: Jynx
|
|turn|22
|j|infe
|choice|switch 4|switch 6
|
|switch|p2a: Exeggutor|Exeggutor|341\/393
|switch|p1a: Snorlax|Snorlax|523\/523
|
|turn|23
|j|Duck
|choice|switch 2|move 3
|
|switch|p1a: Starmie|Starmie|323\/323 slp
|move|p2a: Exeggutor|Psychic|p1a: Starmie
|-resisted|p1a: Starmie
|-damage|p1a: Starmie|261\/323 slp
|
|turn|24
|choice|move 2|switch 2
|
|switch|p2a: Chansey|Chansey|635\/703
|cant|p1a: Starmie|slp
|
|turn|25
|l|Duck
|choice|switch 5|move 2
|
|switch|p1a: Chansey|Chansey|480\/703 frz
|move|p2a: Chansey|Ice Beam|p1a: Chansey
|-damage|p1a: Chansey|404\/703 frz
|
|turn|26
|choice|move 1|move 2
|
|cant|p1a: Chansey|frz
|move|p2a: Chansey|Ice Beam|p1a: Chansey
|-damage|p1a: Chansey|330\/703 frz
|
|turn|27
|l|infe
|choice|move 4|switch 4
|
|switch|p2a: Slowbro|Slowbro|393\/393
|cant|p1a: Chansey|frz
|
|turn|28
|choice|switch 5|move 2
|
|switch|p1a: Starmie|Starmie|261\/323 slp
|move|p2a: Slowbro|Amnesia|p2a: Slowbro
|-boost|p2a: Slowbro|spd|2
|-boost|p2a: Slowbro|spa|2
|
|turn|29
|choice|move 3|move 2
|
|-curestatus|p1a: Starmie|slp
|move|p2a: Slowbro|Amnesia|p2a: Slowbro
|-boost|p2a: Slowbro|spd|2
|-boost|p2a: Slowbro|spa|2
|
|turn|30
|choice|move 3|move 1
|
|move|p1a: Starmie|Thunderbolt|p2a: Slowbro
|-supereffective|p2a: Slowbro
|-damage|p2a: Slowbro|335\/393
|move|p2a: Slowbro|Thunder Wave|p1a: Starmie
|-status|p1a: Starmie|par
|
|turn|31
|choice|move 1|move 3
|
|move|p2a: Slowbro|Psychic|p1a: Starmie
|-resisted|p1a: Starmie
|-damage|p1a: Starmie|115\/323 par
|cant|p1a: Starmie|par
|
|turn|32
|c|★smilzo|eh
|c|★smilzo|gg
|c|★marcoasd|gg
|c|★marcoasd|a meno di cose sconce
|c|★marcoasd|l'ultimo poi è cloy
|c|★marcoasd|lol
|c|★smilzo|ah
|c|★smilzo|meh
|c|★smilzo|vabbe
|-message|smilzo forfeited.
|
|win|marcoasd
|player|p1
|player|p2
|l|marcoasd
|j|Peasounay
|l|smilzo
|l|Peasounay
|j|smilzo