|join|andrewandres
|join|arafalo2
|player|p1|andrewandres|266
|player|p2|arafalo2|1
|gametype|singles
|gen|1
|tier|[Gen 1] Random Battle
|rated
|rule|Sleep Clause Mod: Limit one foe put to sleep
|rule|Freeze Clause Mod: Limit one foe frozen
|rule|HP Percentage Mod: HP is shown in percentages
|
|start
|switch|p1a: Chansey|Chansey, L79|557\/557
|switch|p2a: Magikarp|Magikarp, L99|240\/240
|turn|1
|
|move|p2a: Magikarp|Dragon Rage|p1a: Chansey
|-damage|p1a: Chansey|517\/557
|move|p1a: Chansey|Thunder Wave|p2a: Magikarp
|-status|p2a: Magikarp|par
|
|turn|2
|
|move|p1a: Chansey|Thunderbolt|p2a: Magikarp
|-supereffective|p2a: Magikarp
|-damage|p2a: Magikarp|16\/240 par
|move|p2a: Magikarp|Dragon Rage|p1a: Chansey
|-damage|p1a: Chansey|477\/557
|
|turn|3
|
|move|p1a: Chansey|Thunderbolt|p2a: Magikarp
|-supereffective|p2a: Magikarp
|-damage|p2a: Magikarp|0 fnt
|faint|p2a: Magikarp
|
|switch|p2a: Primeape|Primeape, L90|300\/300
|turn|4
|
|switch|p1a: Gengar|Gengar, L79|257\/257
|move|p2a: Primeape|Body Slam|p1a: Gengar
|-immune|p1a: Gengar|[msg]
|
|turn|5
|
|move|p2a: Primeape|Rock Slide|p1a: Gengar
|-damage|p1a: Gengar|175\/257
|move|p1a: Gengar|Hypnosis|p2a: Primeape
|-status|p2a: Primeape|slp
|
|turn|6
|
|cant|p2a: Primeape|slp
|move|p1a: Gengar|Psychic|p2a: Primeape
|-supereffective|p2a: Primeape
|-damage|p2a: Primeape|135\/300 slp
|
|turn|7
|
|switch|p2a: Lickitung|Lickitung, L90|345\/345
|move|p1a: Gengar|Psychic|p2a: Lickitung
|-damage|p2a: Lickitung|266\/345
|
|turn|8
|
|switch|p1a: Bellsprout|Bellsprout, L96|291\/291
|move|p2a: Lickitung|Earthquake|p1a: Bellsprout
|-damage|p1a: Bellsprout|202\/291
|
|turn|9
|
|move|p1a: Bellsprout|Razor Leaf|p2a: Lickitung
|-crit|p2a: Lickitung
|-damage|p2a: Lickitung|129\/345
|move|p2a: Lickitung|Swords Dance|p2a: Lickitung
|-boost|p2a: Lickitung|atk|2
|
|turn|10
|
|move|p1a: Bellsprout|Razor Leaf|p2a: Lickitung
|-crit|p2a: Lickitung
|-damage|p2a: Lickitung|0 fnt
|faint|p2a: Lickitung
|
|switch|p2a: Aerodactyl|Aerodactyl, L90|327\/327
|turn|11
|
|move|p2a: Aerodactyl|Sky Attack|p1a: Bellsprout|[still]
|-prepare|p2a: Aerodactyl|Sky Attack|p1a: Bellsprout
|move|p1a: Bellsprout|Razor Leaf|p2a: Aerodactyl
|-crit|p2a: Aerodactyl
|-damage|p2a: Aerodactyl|197\/327
|
|turn|12
|
|switch|p1a: Golem|Golem, L79|288\/288
|move|p2a: Aerodactyl|Sky Attack|p1a: Golem
|-resisted|p1a: Golem
|-damage|p1a: Golem|210\/288
|
|turn|13
|
|switch|p2a: Electrode|Electrode, L90|291\/291
|move|p1a: Golem|Rock Slide|p2a: Electrode|[miss]
|-miss|p1a: Golem
|
|turn|14
|
|switch|p2a: Aerodactyl|Aerodactyl, L90|197\/327
|move|p1a: Golem|Earthquake|p2a: Aerodactyl
|-immune|p2a: Aerodactyl|[msg]
|
|turn|15
|
|move|p2a: Aerodactyl|Double-Edge|p1a: Golem
|-crit|p1a: Golem
|-resisted|p1a: Golem
|-damage|p1a: Golem|141\/288
|-damage|p2a: Aerodactyl|180\/327|[from] recoil|[of] p1a: Golem
|move|p1a: Golem|Rock Slide|p2a: Aerodactyl
|-supereffective|p2a: Aerodactyl
|-damage|p2a: Aerodactyl|0 fnt
|faint|p2a: Aerodactyl
|c|★andrewandres|¿?
|
|switch|p2a: Mewtwo|Mewtwo, L68|285\/285
|turn|16
|
|move|p2a: Mewtwo|Psychic|p1a: Golem
|-damage|p1a: Golem|28\/288
|-unboost|p1a: Golem|spd|1
|-unboost|p1a: Golem|spa|1
|move|p1a: Golem|Explosion|p2a: Mewtwo
|-damage|p2a: Mewtwo|18\/285
|faint|p1a: Golem
|
|switch|p1a: Magikarp|Magikarp, L99|240\/240
|turn|17
|join|Feaa Star
|join|AlexPlayer
|join|Omar4
|join|Kesehe
|
|switch|p2a: Electrode|Electrode, L90|291\/291
|move|p1a: Magikarp|Dragon Rage|p2a: Electrode
|-damage|p2a: Electrode|251\/291
|
|turn|18
|join|super jolteon
|c| Feaa Star|khe troll
|c| Feaa Star|:v
|
|switch|p1a: Chansey|Chansey, L79|477\/557
|move|p2a: Electrode|Thunder|p1a: Chansey|[miss]
|-miss|p2a: Electrode
|
|turn|19
|join|discofunny1
|
|move|p2a: Electrode|Thunder|p1a: Chansey|[miss]
|-miss|p2a: Electrode
|move|p1a: Chansey|Thunder Wave|p2a: Electrode
|-status|p2a: Electrode|par
|
|turn|20
|join|verzak
|c| Omar4|Como hace para que se vea asi?
|leave|discofunny1
|join|Kenni kun
|
|move|p1a: Chansey|Ice Beam|p2a: Electrode
|-damage|p2a: Electrode|185\/291 par
|move|p2a: Electrode|Thunder|p1a: Chansey
|-damage|p1a: Chansey|349\/557
|
|turn|21
|leave|Kenni kun
|join|eman-jeff
|
|move|p1a: Chansey|Ice Beam|p2a: Electrode
|-damage|p2a: Electrode|128\/291 par
|move|p2a: Electrode|Explosion|p1a: Chansey
|-damage|p1a: Chansey|0 fnt
|faint|p1a: Chansey
|faint|p2a: Electrode
|c| Feaa Star|si no veo a ese magikarp matar a mewtwo te demando
|c| Feaa Star|:v
|
|switch|p2a: Mewtwo|Mewtwo, L68|18\/285
|switch|p1a: Bellsprout|Bellsprout, L96|202\/291
|turn|22
|c| super jolteon|jaja
|c|★andrewandres|jajajajaja
|join|SuperMaster983
|c| super jolteon|verdad
|c| eman-jeff|que bonitooooo
|
|move|p2a: Mewtwo|Psychic|p1a: Bellsprout
|-supereffective|p1a: Bellsprout
|-damage|p1a: Bellsprout|11\/291
|move|p1a: Bellsprout|Sleep Powder|p2a: Mewtwo|[miss]
|-miss|p1a: Bellsprout
|
|turn|23
|c| verzak|uuuhh re demandado
|c| Omar4|oh
|
|move|p2a: Mewtwo|Psychic|p1a: Bellsprout
|-supereffective|p1a: Bellsprout
|-damage|p1a: Bellsprout|0 fnt
|faint|p1a: Bellsprout
|
|switch|p1a: Magikarp|Magikarp, L99|240\/240
|turn|24
|
|move|p1a: Magikarp|Dragon Rage|p2a: Mewtwo
|-damage|p2a: Mewtwo|0 fnt
|faint|p2a: Mewtwo
|c| Feaa Star|oh si es la hora
|c| eman-jeff|magikarp xD
|c|★andrewandres|OH
|c| super jolteon|lol
|c| verzak|buenaaaaaaaaaaaaaaaaa
|c|★andrewandres|MY
|c| Kesehe|waaaaaaaaaaaaaaaaa
|c| Feaa Star|ooooh
|
|switch|p2a: Primeape|Primeape, L90|135\/300 slp
|turn|25
|c|★andrewandres|GAD
|c| Omar4|:D
|c| Feaa Star|OOOOOH
|c| Kesehe|xD
|c| super jolteon|rekt
|c| SuperMaster983|lollllllllllllllllllllllllllllllllllllllllllllllllllllllllllllllllllllllllllllllllllllllllll
|c| verzak|magikarp valueeeeeeeee
|c| super jolteon|op
|
|-curestatus|p2a: Primeape|slp
|move|p1a: Magikarp|Dragon Rage|p2a: Primeape
|-damage|p2a: Primeape|95\/300
|
|turn|26
|c| AlexPlayer|turm down foe
|c| eman-jeff|magikarp  op
|c| super jolteon|magikarp is life
|join|gran)Gohan9999
|c| super jolteon|is love
|c| SuperMaster983|magikarp opppp
|join|Pinguino66
|c| AlexPlayer|for what*
|c| eman-jeff|magikarp is love
|c| SuperMaster983|jejeje
|join|nameorusername
|leave|gran)Gohan9999
|c| verzak|magikarp is love
|c| Kesehe|yiyi magikarp op ripor mewtwo
|c| eman-jeff|xD
|leave|super jolteon
|c| Pinguino66|XD
|c|★andrewandres|xD
|join|idnvfwfcAS
|c| Pinguino66|jajajajaja
|leave|idnvfwfcAS
|join|idnvfwfcAS
|c|★andrewandres|magickarp <<<<<<<<<<<<<<<<<<<<<<<<<<<<<<< Arceus
|c|★andrewandres|:V
|c| Omar4|Como se le hacen para que se vea haci? :c diganme pls
|c| verzak|report mewtwo noob
|c| SuperMaster983|jejeje si
|c|★andrewandres|haci
|c|★andrewandres|me acaba de entrar cancer
|join|polecia
|c|★andrewandres|en los ojos
|c| verzak|izi mewteo
|c| verzak|omar
|c| Omar4|?
|c| verzak|es generacion 1
|c| Omar4|a
|c| AlexPlayer|es una meta omar de primer gen
|c| Kesehe|el otro tambien tenia un magikarp que hiso con ese magikarp? :v
|join|chumy125
|c| Omar4|ya me di cuenta
|c| nameorusername|celebrate madafakas
|c| Omar4|cierto
|leave|verzak
|c| Feaa Star|lo desperdicio khe nuv
|leave|AlexPlayer
|c| eman-jeff|me da hambre viendo esta pelea
|c| eman-jeff|adios xD
|leave|Omar4
|c| SuperMaster983|primera vez veo un magikarp cpntra un mewtwo
|c| SuperMaster983|y gana magikarp
|c| Kesehe|zi dezperdisio hel mayicarb chuando mayicarb es dhioj
|c| eman-jeff|QUE MIERA ?
|c| Kesehe|xD
|c| Feaa Star|quedo tan impactado que murio frente el pc
|c| Feaa Star|D:
|c|★andrewandres|persigamos
|-message|arafalo2 lost due to inactivity.
|
|win|andrewandres
|c|★andrewandres|al chico
|c| Kesehe|jajajaja
|c| Feaa Star|jajaja
|c|★andrewandres|que hace timestall
|raw|andrewandres's rating: 1465 &rarr; <strong>1474<\/strong><br \/>(+9 for winning)
|raw|arafalo2's rating: 1238 &rarr; <strong>1227<\/strong><br \/>(-11 for losing)
|c| eman-jeff|xD
|leave|nameorusername
|c|★andrewandres|http:\/\/play.pokemonshowdown.com\/battle-gen1randombattle-283003700
|c| eman-jeff|LULZ
|leave|polecia
|leave|andrewandres
|player|p1
|leave|eman-jeff
|leave|SuperMaster983
|join|SuperMaster983
|leave|Kesehe
|leave|SuperMaster983
|leave|idnvfwfcAS
|leave|Pinguino66
|leave|chumy125
|leave|PKM Trainer Nappa