|j|MALESANI
|j|andrew_andres
|player|p1|MALESANI|238
|player|p2|andrew_andres|169
|gametype|singles
|gen|1
|tier|[Gen 1] Random Battle
|rated
|seed|44873,19793,36615,29767
|rule|Sleep Clause Mod: Limit one foe put to sleep
|rule|Freeze Clause Mod: Limit one foe frozen
|rule|HP Percentage Mod: HP is shown in percentages
|
|start
|switch|p1a: Ekans|Ekans, L96|262\/262
|switch|p2a: Nidoran-M|Nidoran-M, L96|283\/283
|turn|1
|choice|move 2|move 2
|
|move|p1a: Ekans|Earthquake|p2a: Nidoran-M
|-supereffective|p2a: Nidoran-M
|-damage|p2a: Nidoran-M|99\/283
|move|p2a: Nidoran-M|Body Slam|p1a: Ekans
|-damage|p1a: Ekans|193\/262
|
|turn|2
|choice|move 4|move 2
|
|move|p1a: Ekans|Body Slam|p2a: Nidoran-M
|-damage|p2a: Nidoran-M|24\/283
|move|p2a: Nidoran-M|Body Slam|p1a: Ekans
|-damage|p1a: Ekans|115\/262
|
|turn|3
|choice|move 4|move 2
|
|move|p1a: Ekans|Body Slam|p2a: Nidoran-M
|-damage|p2a: Nidoran-M|0 fnt
|faint|p2a: Nidoran-M
|choice||switch 6
|
|switch|p2a: Arcanine|Arcanine, L85|327\/327
|turn|4
|choice|move 1|move 3
|
|move|p2a: Arcanine|Fire Blast|p1a: Ekans
|-damage|p1a: Ekans|0 fnt
|faint|p1a: Ekans
|choice|switch 5|
|
|switch|p1a: Dragonite|Dragonite, L85|328\/328
|turn|5
|choice|move 4|switch 5
|
|switch|p2a: Chansey|Chansey, L79|557\/557
|move|p1a: Dragonite|Surf|p2a: Chansey
|-damage|p2a: Chansey|491\/557
|
|turn|6
|choice|switch 3|move 3
|
|switch|p1a: Machamp|Machamp, L90|345\/345
|move|p2a: Chansey|Thunder Wave|p1a: Machamp
|-status|p1a: Machamp|par
|
|turn|7
|choice|move 3|switch 4
|
|switch|p2a: Graveler|Graveler, L85|267\/267
|cant|p1a: Machamp|par
|
|turn|8
|choice|switch 3|move 3
|
|switch|p1a: Dragonite|Dragonite, L85|328\/328
|move|p2a: Graveler|Explosion|p1a: Dragonite
|-damage|p1a: Dragonite|96\/328
|faint|p2a: Graveler
|choice||switch 3
|
|switch|p2a: Primeape|Primeape, L90|300\/300
|turn|9
|choice|move 1|move 4
|
|move|p2a: Primeape|Rock Slide|p1a: Dragonite
|-supereffective|p1a: Dragonite
|-damage|p1a: Dragonite|0 fnt
|faint|p1a: Dragonite
|choice|switch 6|
|
|switch|p1a: Electrode|Electrode, L90|291\/291
|turn|10
|choice|move 3|move 3
|
|move|p1a: Electrode|Thunder|p2a: Primeape
|-damage|p2a: Primeape|149\/300
|move|p2a: Primeape|Body Slam|p1a: Electrode
|-damage|p1a: Electrode|209\/291
|
|turn|11
|choice|move 3|switch 4
|
|switch|p2a: Chansey|Chansey, L79|491\/557
|move|p1a: Electrode|Thunder|p2a: Chansey
|-damage|p2a: Chansey|375\/557
|
|turn|12
|choice|switch 3|move 3
|
|switch|p1a: Machamp|Machamp, L90|345\/345 par
|move|p2a: Chansey|Thunder Wave|p1a: Machamp
|-fail|p1a: Machamp|par
|
|turn|13
|choice|move 3|switch 4
|
|switch|p2a: Primeape|Primeape, L90|149\/300
|move|p1a: Machamp|Earthquake|p2a: Primeape
|-crit|p2a: Primeape
|-damage|p2a: Primeape|0 fnt
|faint|p2a: Primeape
|choice||switch 2
|
|switch|p2a: Exeggcute|Exeggcute, L96|310\/310
|turn|14
|choice|switch 3|move 1
|
|switch|p1a: Electrode|Electrode, L90|209\/291
|move|p2a: Exeggcute|Psychic|p1a: Electrode
|-crit|p1a: Electrode
|-damage|p1a: Electrode|45\/291
|
|turn|15
|choice|move 1|move 2
|
|move|p1a: Electrode|Explosion|p2a: Exeggcute
|-crit|p2a: Exeggcute
|-damage|p2a: Exeggcute|0 fnt
|faint|p2a: Exeggcute
|faint|p1a: Electrode
|choice|switch 4|switch 5
|
|switch|p1a: Tauros|Tauros, L79|280\/280
|switch|p2a: Arcanine|Arcanine, L85|327\/327
|turn|16
|choice|move 2|move 3
|
|move|p1a: Tauros|Body Slam|p2a: Arcanine
|-damage|p2a: Arcanine|237\/327
|move|p2a: Arcanine|Fire Blast|p1a: Tauros
|-damage|p1a: Tauros|147\/280
|
|turn|17
|choice|move 3|move 2
|
|move|p1a: Tauros|Earthquake|p2a: Arcanine
|-supereffective|p2a: Arcanine
|-damage|p2a: Arcanine|98\/327
|move|p2a: Arcanine|Reflect|p2a: Arcanine
|-start|p2a: Arcanine|Reflect
|
|turn|18
|choice|move 1|move 3
|
|move|p1a: Tauros|Hyper Beam|p2a: Arcanine
|-damage|p2a: Arcanine|20\/327
|move|p2a: Arcanine|Fire Blast|p1a: Tauros
|-damage|p1a: Tauros|5\/280
|
|turn|19
|-mustrecharge|p1a: Tauros
|-mustrecharge|p1a: Tauros
|choice|move 1|move 4
|
|cant|p1a: Tauros|recharge
|move|p2a: Arcanine|Body Slam|p1a: Tauros
|-damage|p1a: Tauros|0 fnt
|faint|p1a: Tauros
|choice|switch 2|
|
|switch|p1a: Mr. Mime|Mr. Mime, L85|242\/242
|turn|20
|choice|move 3|move 1
|
|move|p2a: Arcanine|Hyper Beam|p1a: Mr. Mime
|-damage|p1a: Mr. Mime|110\/242
|move|p1a: Mr. Mime|Seismic Toss|p2a: Arcanine
|-damage|p2a: Arcanine|0 fnt
|faint|p2a: Arcanine
|choice||switch 4
|
|switch|p2a: Chansey|Chansey, L79|375\/557
|turn|21
|choice|move 4|move 4
|
|move|p1a: Mr. Mime|Thunder Wave|p2a: Chansey
|-status|p2a: Chansey|par
|move|p2a: Chansey|Ice Beam|p1a: Mr. Mime
|-damage|p1a: Mr. Mime|58\/242
|
|turn|22
|choice|move 3|move 1
|
|move|p1a: Mr. Mime|Seismic Toss|p2a: Chansey
|-damage|p2a: Chansey|290\/557 par
|move|p2a: Chansey|Soft-Boiled|p2a: Chansey
|-heal|p2a: Chansey|557\/557 par
|
|turn|23
|choice|move 2|move 2
|
|move|p1a: Mr. Mime|Psychic|p2a: Chansey
|-damage|p2a: Chansey|464\/557 par
|move|p2a: Chansey|Counter|p1a: Mr. Mime
|-fail|p2a: Chansey
|
|turn|24
|choice|move 2|move 4
|
|move|p1a: Mr. Mime|Psychic|p2a: Chansey
|-damage|p2a: Chansey|364\/557 par
|move|p2a: Chansey|Ice Beam|p1a: Mr. Mime
|-damage|p1a: Mr. Mime|3\/242
|
|turn|25
|choice|move 2|move 1
|
|move|p1a: Mr. Mime|Psychic|p2a: Chansey
|-damage|p2a: Chansey|270\/557 par
|cant|p2a: Chansey|par
|
|turn|26
|choice|move 2|move 1
|
|move|p1a: Mr. Mime|Psychic|p2a: Chansey
|-damage|p2a: Chansey|173\/557 par
|move|p2a: Chansey|Soft-Boiled|p2a: Chansey
|-heal|p2a: Chansey|451\/557 par
|
|turn|27
|choice|move 2|move 1
|
|move|p1a: Mr. Mime|Psychic|p2a: Chansey
|-damage|p2a: Chansey|357\/557 par
|-unboost|p2a: Chansey|spd|1
|-unboost|p2a: Chansey|spa|1
|move|p2a: Chansey|Soft-Boiled|p2a: Chansey
|-heal|p2a: Chansey|557\/557 par
|
|turn|28
|choice|move 2|move 4
|
|move|p1a: Mr. Mime|Psychic|p2a: Chansey
|-damage|p2a: Chansey|401\/557 par
|move|p2a: Chansey|Ice Beam|p1a: Mr. Mime
|-damage|p1a: Mr. Mime|0 fnt
|faint|p1a: Mr. Mime
|choice|switch 3|
|
|switch|p1a: Machamp|Machamp, L90|345\/345 par
|turn|29
|choice|move 3|move 2
|
|cant|p1a: Machamp|par
|move|p2a: Chansey|Counter|p1a: Machamp
|-fail|p2a: Chansey
|
|turn|30
|choice|move 3|move 2
|
|move|p1a: Machamp|Earthquake|p2a: Chansey
|-damage|p2a: Chansey|154\/557 par
|move|p2a: Chansey|Counter|p1a: Machamp
|-fail|p2a: Chansey
|
|turn|31
|-message|andrew_andres forfeited.
|l|andrew_andres
|
|win|MALESANI
|player|p2
|raw|MALESANI's rating: 1327 &rarr; <strong>1351<\/strong><br \/>(+24 for winning)
|raw|andrew_andres's rating: 1398 &rarr; <strong>1374<\/strong><br \/>(-24 for losing)