|j|howiam
|j|ereee
|player|p1|howiam|238
|player|p2|ereee|169
|gametype|singles
|gen|1
|tier|[Gen 1] Random Battle
|seed|10039,9158,36318,45883
|rule|Sleep Clause Mod: Limit one foe put to sleep
|rule|Freeze Clause Mod: Limit one foe frozen
|rule|HP Percentage Mod: HP is shown in percentages
|
|start
|switch|p1a: Voltorb|Voltorb, L96|272\/272
|switch|p2a: Magnemite|Magnemite, L96|243\/243
|turn|1
|c|★ereee|welcome back
|c|★howiam|greats leads
|choice|move 3|move 2
|
|move|p1a: Voltorb|Thunder Wave|p2a: Magnemite
|-status|p2a: Magnemite|par
|move|p2a: Magnemite|Mimic|p1a: Voltorb
|-start|p2a: Magnemite|Mimic|Thunder Wave
|
|turn|2
|c|★howiam|did you build you own 1st gen team?
|choice|move 2|move 2
|
|move|p1a: Voltorb|Flash|p2a: Magnemite|[miss]
|-miss|p1a: Voltorb
|move|p2a: Magnemite|Thunder Wave|p1a: Voltorb
|-status|p1a: Voltorb|par
|
|turn|3
|c|★ereee|no, as i said I'm new to this gen as a tier
|choice|move 2|move 1
|
|move|p1a: Voltorb|Flash|p2a: Magnemite
|-unboost|p2a: Magnemite|accuracy|1
|move|p2a: Magnemite|Double-Edge|p1a: Voltorb
|-damage|p1a: Voltorb|208\/272 par
|-damage|p2a: Magnemite|227\/243 par|[from] recoil|[of] p1a: Voltorb
|
|turn|4
|c|★howiam|i started today too
|choice|move 4|move 3
|
|move|p1a: Voltorb|Thunderbolt|p2a: Magnemite
|-resisted|p2a: Magnemite
|-damage|p2a: Magnemite|189\/243 par
|move|p2a: Magnemite|Thunderbolt|p1a: Voltorb|[miss]
|-miss|p2a: Magnemite
|
|turn|5
|choice|move 4|move 1
|
|move|p1a: Voltorb|Thunderbolt|p2a: Magnemite
|-resisted|p2a: Magnemite
|-damage|p2a: Magnemite|152\/243 par
|move|p2a: Magnemite|Double-Edge|p1a: Voltorb
|-damage|p1a: Voltorb|142\/272 par
|-damage|p2a: Magnemite|136\/243 par|[from] recoil|[of] p1a: Voltorb
|
|turn|6
|c|★ereee|it seems very underrated :D
|c|★ereee|nostalgia
|choice|move 4|move 1
|
|move|p1a: Voltorb|Thunderbolt|p2a: Magnemite
|-crit|p2a: Magnemite
|-resisted|p2a: Magnemite
|-damage|p2a: Magnemite|58\/243 par
|move|p2a: Magnemite|Double-Edge|p1a: Voltorb
|-damage|p1a: Voltorb|81\/272 par
|-damage|p2a: Magnemite|43\/243 par|[from] recoil|[of] p1a: Voltorb
|
|turn|7
|c|★howiam|but i build my team, just for fun!
|choice|move 4|move 3
|
|move|p1a: Voltorb|Thunderbolt|p2a: Magnemite
|-resisted|p2a: Magnemite
|-damage|p2a: Magnemite|7\/243 par
|move|p2a: Magnemite|Thunderbolt|p1a: Voltorb
|-resisted|p1a: Voltorb
|-damage|p1a: Voltorb|11\/272 par
|
|turn|8
|choice|move 4|move 4
|
|move|p1a: Voltorb|Thunderbolt|p2a: Magnemite
|-resisted|p2a: Magnemite
|-damage|p2a: Magnemite|0 fnt
|faint|p2a: Magnemite
|choice||switch 5
|
|switch|p2a: Sandslash|Sandslash, L85|301\/301
|turn|9
|c|★ereee|arcane seems like a pure beast here
|c|★howiam|with "nostalgia" you mean that you played 1st gen as a child?
|c|★howiam|(sorry for my bad english, it's not my language)
|choice|move 3|move 1
|
|move|p2a: Sandslash|Earthquake|p1a: Voltorb
|-supereffective|p1a: Voltorb
|-damage|p1a: Voltorb|0 fnt
|faint|p1a: Voltorb
|c|★howiam|arcanine it's pretti huge
|c|★howiam|pretty
|choice|switch 6|
|
|switch|p1a: Vileplume|Vileplume, L90|318\/318
|turn|10
|c|★ereee|its not mine either and yes i did
|c|★howiam|so... how old are you?
|choice|move 3|switch 2
|
|switch|p2a: Parasect|Parasect, L90|291\/291
|move|p1a: Vileplume|Mega Drain|p2a: Parasect
|-resisted|p2a: Parasect
|-damage|p2a: Parasect|280\/291
|
|turn|11
|choice|switch 4|move 2
|
|switch|p1a: Arcanine|Arcanine, L85|327\/327
|move|p2a: Parasect|Hyper Beam|p1a: Arcanine
|-damage|p1a: Arcanine|199\/327
|
|turn|12
|-mustrecharge|p2a: Parasect
|-mustrecharge|p2a: Parasect
|choice|move 3|move 1
|
|move|p1a: Arcanine|Mimic|p2a: Parasect
|-start|p1a: Arcanine|Mimic|Mega Drain
|cant|p2a: Parasect|recharge
|
|turn|13
|c|★ereee|17
|c|★ereee|i played it when i was around 5-6
|choice|move 1|move 2
|
|move|p1a: Arcanine|Fire Blast|p2a: Parasect
|-crit|p2a: Parasect
|-supereffective|p2a: Parasect
|-damage|p2a: Parasect|0 fnt
|faint|p2a: Parasect
|choice||switch 4
|
|switch|p2a: Gengar|Gengar, L79|257\/257
|turn|14
|choice|move 1|move 1
|
|move|p2a: Gengar|Hypnosis|p1a: Arcanine
|-status|p1a: Arcanine|slp
|-curestatus|p1a: Arcanine|slp
|
|turn|15
|c|★howiam|wow, i'm 20 and i play since when i was 5 too
|choice|move 1|move 3
|
|move|p2a: Gengar|Psychic|p1a: Arcanine
|-damage|p1a: Arcanine|128\/327
|-unboost|p1a: Arcanine|spd|1
|-unboost|p1a: Arcanine|spa|1
|move|p1a: Arcanine|Fire Blast|p2a: Gengar
|-crit|p2a: Gengar
|-damage|p2a: Gengar|67\/257
|-status|p2a: Gengar|brn
|
|turn|16
|c|★ereee|seems like the usual starting age for this game :D
|choice|switch 2|move 1
|
|switch|p1a: Hypno|Hypno, L85|318\/318
|move|p2a: Gengar|Hypnosis|p1a: Hypno|[miss]
|-miss|p2a: Gengar
|-damage|p2a: Gengar|51\/257 brn|[from] brn|[of] p1a: Hypno
|
|turn|17
|choice|move 3|move 2
|
|move|p2a: Gengar|Mega Drain|p1a: Hypno
|-damage|p1a: Hypno|293\/318
|-heal|p2a: Gengar|63\/257 brn|[from] drain|[of] p1a: Hypno
|-damage|p2a: Gengar|47\/257 brn|[from] brn|[of] p1a: Hypno
|move|p1a: Hypno|Thunder Wave|p2a: Gengar
|-fail|p2a: Gengar
|
|turn|18
|c|★howiam|hoped for a switch :(
|choice|move 1|move 3
|
|move|p2a: Gengar|Psychic|p1a: Hypno
|-resisted|p1a: Hypno
|-damage|p1a: Hypno|265\/318
|-unboost|p1a: Hypno|spd|1
|-unboost|p1a: Hypno|spa|1
|-damage|p2a: Gengar|31\/257 brn|[from] brn|[of] p1a: Hypno
|move|p1a: Hypno|Psychic|p2a: Gengar
|-supereffective|p2a: Gengar
|-damage|p2a: Gengar|0 fnt
|faint|p2a: Gengar
|c|★ereee|did not seem worth it :\/ with the burn
|choice||switch 3
|
|switch|p2a: Dewgong|Dewgong, L85|327\/327
|turn|19
|c|★howiam|maybe because of Vileplume, i don't know
|choice|move 3|move 3
|
|move|p2a: Dewgong|Blizzard|p1a: Hypno
|-damage|p1a: Hypno|96\/318
|move|p1a: Hypno|Thunder Wave|p2a: Dewgong
|-status|p2a: Dewgong|par
|
|turn|20
|choice|move 1|move 3
|
|move|p1a: Hypno|Psychic|p2a: Dewgong
|-damage|p2a: Dewgong|258\/327 par
|move|p2a: Dewgong|Blizzard|p1a: Hypno|[miss]
|-miss|p2a: Dewgong
|
|turn|21
|choice|move 1|move 3
|
|move|p1a: Hypno|Psychic|p2a: Dewgong
|-damage|p2a: Dewgong|191\/327 par
|-unboost|p2a: Dewgong|spd|1
|-unboost|p2a: Dewgong|spa|1
|cant|p2a: Dewgong|par
|
|turn|22
|choice|move 1|move 4
|
|move|p1a: Hypno|Psychic|p2a: Dewgong
|-damage|p2a: Dewgong|84\/327 par
|cant|p2a: Dewgong|par
|
|turn|23
|c|★howiam|that luck
|choice|move 1|move 3
|
|move|p1a: Hypno|Psychic|p2a: Dewgong
|-damage|p2a: Dewgong|0 fnt
|faint|p2a: Dewgong
|c|★ereee|paralysis is so op in this gen :D
|c|★ereee|it has a much higher chance
|choice||switch 6
|
|switch|p2a: Golduck|Golduck, L85|310\/310
|turn|24
|c|★howiam|you're right
|choice|move 3|move 4
|
|move|p2a: Golduck|Surf|p1a: Hypno
|-damage|p1a: Hypno|0 fnt
|faint|p1a: Hypno
|choice|switch 4|
|
|switch|p1a: Vileplume|Vileplume, L90|318\/318
|turn|25
|choice|move 3|move 2
|
|move|p2a: Golduck|Blizzard|p1a: Vileplume
|-supereffective|p1a: Vileplume
|-damage|p1a: Vileplume|189\/318
|move|p1a: Vileplume|Mega Drain|p2a: Golduck
|-supereffective|p2a: Golduck
|-damage|p2a: Golduck|211\/310
|-heal|p1a: Vileplume|238\/318|[from] drain|[of] p2a: Golduck
|
|turn|26
|choice|move 3|move 1
|
|move|p2a: Golduck|Amnesia|p2a: Golduck
|-boost|p2a: Golduck|spd|2
|-boost|p2a: Golduck|spa|2
|move|p1a: Vileplume|Mega Drain|p2a: Golduck
|-supereffective|p2a: Golduck
|-damage|p2a: Golduck|154\/310
|-heal|p1a: Vileplume|266\/318|[from] drain|[of] p2a: Golduck
|
|turn|27
|choice|move 2|move 2
|
|move|p2a: Golduck|Blizzard|p1a: Vileplume
|-supereffective|p1a: Vileplume
|-damage|p1a: Vileplume|2\/318
|move|p1a: Vileplume|Sleep Powder|p2a: Golduck
|-status|p2a: Golduck|slp
|
|turn|28
|choice|move 3|move 3
|
|cant|p2a: Golduck|slp
|move|p1a: Vileplume|Mega Drain|p2a: Golduck
|-supereffective|p2a: Golduck
|-damage|p2a: Golduck|101\/310 slp
|-heal|p1a: Vileplume|28\/318|[from] drain|[of] p2a: Golduck
|
|turn|29
|c|★howiam|definitely lucky
|choice|move 3|move 3
|
|cant|p2a: Golduck|slp
|move|p1a: Vileplume|Mega Drain|p2a: Golduck
|-supereffective|p2a: Golduck
|-damage|p2a: Golduck|49\/310 slp
|-heal|p1a: Vileplume|54\/318|[from] drain|[of] p2a: Golduck
|
|turn|30
|choice|move 3|move 3
|
|cant|p2a: Golduck|slp
|move|p1a: Vileplume|Mega Drain|p2a: Golduck
|-supereffective|p2a: Golduck
|-damage|p2a: Golduck|0 fnt
|-heal|p1a: Vileplume|78\/318|[from] drain|[of] p2a: Golduck
|faint|p2a: Golduck
|c|★ereee|yea, tried to get a rest of
|choice||switch 2
|
|switch|p2a: Sandslash|Sandslash, L85|301\/301
|turn|31
|choice|move 3|move 4
|
|move|p2a: Sandslash|Rock Slide|p1a: Vileplume
|-crit|p1a: Vileplume
|-damage|p1a: Vileplume|0 fnt
|faint|p1a: Vileplume
|choice|switch 3|
|
|switch|p1a: Butterfree|Butterfree, L90|291\/291
|turn|32
|choice|move 2|move 3
|
|move|p1a: Butterfree|Sleep Powder|p2a: Sandslash
|-status|p2a: Sandslash|slp
|cant|p2a: Sandslash|slp
|
|turn|33
|choice|move 4|move 4
|
|move|p1a: Butterfree|Mega Drain|p2a: Sandslash
|-supereffective|p2a: Sandslash
|-damage|p2a: Sandslash|219\/301 slp
|cant|p2a: Sandslash|slp
|
|turn|34
|choice|move 4|move 4
|
|move|p1a: Butterfree|Mega Drain|p2a: Sandslash
|-supereffective|p2a: Sandslash
|-damage|p2a: Sandslash|147\/301 slp
|cant|p2a: Sandslash|slp
|
|turn|35
|choice|move 4|move 4
|
|move|p1a: Butterfree|Mega Drain|p2a: Sandslash
|-supereffective|p2a: Sandslash
|-damage|p2a: Sandslash|67\/301 slp
|cant|p2a: Sandslash|slp
|
|turn|36
|c|★howiam|even 75% accuracy seems to be good in this gen
|c|★ereee|yea :D
|c|★howiam|when 100% sometimes miss xD
|choice|move 4|move 4
|
|move|p1a: Butterfree|Mega Drain|p2a: Sandslash
|-supereffective|p2a: Sandslash
|-damage|p2a: Sandslash|0 fnt
|faint|p2a: Sandslash
|
|win|howiam
|player|p1
|player|p2
|c|★ereee|or 30%
|c|★howiam|yes
|c|★ereee|with one hit moves :D
|l|ereee