|j|Mista Jay
|j|Sagran
|player|p1|Mista Jay|102
|player|p2|Sagran|248
|gametype|singles
|gen|1
|tier|[Gen 1] OU
|rated
|seed|22852,41231,54021,57155
|rule|Sleep Clause Mod: Limit one foe put to sleep
|rule|Freeze Clause Mod: Limit one foe frozen
|rule|Species Clause: Limit one of each Pokémon
|rule|OHKO Clause: OHKO moves are banned
|rule|Evasion Moves Clause: Evasion moves are banned
|rule|HP Percentage Mod: HP is shown in percentages
|
|start
|switch|p1a: Jynx|Jynx|333\/333
|switch|p2a: Exeggutor|Exeggutor|393\/393
|turn|1
|choice|move 1|move 1
|
|move|p1a: Jynx|Lovely Kiss|p2a: Exeggutor
|-status|p2a: Exeggutor|slp
|cant|p2a: Exeggutor|slp
|
|turn|2
|choice|move 3|switch 5
|
|switch|p2a: Starmie|Starmie|323\/323
|move|p1a: Jynx|Ice Beam|p2a: Starmie
|-resisted|p2a: Starmie
|-damage|p2a: Starmie|264\/323
|
|turn|3
|choice|switch 5|move 1
|
|switch|p1a: Chansey|Chansey|703\/703
|move|p2a: Starmie|Surf|p1a: Chansey
|-damage|p1a: Chansey|597\/703
|
|turn|4
|choice|move 1|switch 4
|
|switch|p2a: Rhydon|Rhydon|413\/413
|move|p1a: Chansey|Ice Beam|p2a: Rhydon
|-supereffective|p2a: Rhydon
|-damage|p2a: Rhydon|167\/413
|
|turn|5
|choice|move 1|move 1
|
|move|p1a: Chansey|Ice Beam|p2a: Rhydon
|-supereffective|p2a: Rhydon
|-damage|p2a: Rhydon|0 fnt
|faint|p2a: Rhydon
|choice||switch 3
|
|switch|p2a: Tauros|Tauros|353\/353
|turn|6
|choice|switch 6|move 2
|
|switch|p1a: Golem|Golem|363\/363
|move|p2a: Tauros|Body Slam|p1a: Golem
|-crit|p1a: Golem
|-resisted|p1a: Golem
|-damage|p1a: Golem|283\/363
|
|turn|7
|choice|move 1|switch 5
|
|switch|p2a: Exeggutor|Exeggutor|393\/393 slp
|move|p1a: Golem|Earthquake|p2a: Exeggutor
|-resisted|p2a: Exeggutor
|-damage|p2a: Exeggutor|323\/393 slp
|
|turn|8
|choice|switch 6|move 1
|
|switch|p1a: Chansey|Chansey|597\/703
|cant|p2a: Exeggutor|slp
|
|turn|9
|choice|move 1|move 1
|
|cant|p2a: Exeggutor|slp
|move|p1a: Chansey|Ice Beam|p2a: Exeggutor
|-supereffective|p2a: Exeggutor
|-damage|p2a: Exeggutor|191\/393 slp
|
|turn|10
|choice|move 1|move 4
|
|cant|p2a: Exeggutor|slp
|move|p1a: Chansey|Ice Beam|p2a: Exeggutor
|-supereffective|p2a: Exeggutor
|-damage|p2a: Exeggutor|67\/393 slp
|
|turn|11
|choice|move 1|switch 6
|
|switch|p2a: Alakazam|Alakazam|313\/313
|move|p1a: Chansey|Ice Beam|p2a: Alakazam
|-damage|p2a: Alakazam|249\/313
|
|turn|12
|choice|move 3|move 1
|
|move|p2a: Alakazam|Thunder Wave|p1a: Chansey
|-status|p1a: Chansey|par
|cant|p1a: Chansey|par
|
|turn|13
|choice|move 3|move 3
|
|move|p2a: Alakazam|Reflect|p2a: Alakazam
|-start|p2a: Alakazam|Reflect
|cant|p1a: Chansey|par
|
|turn|14
|choice|move 3|move 2
|
|move|p2a: Alakazam|Psychic|p1a: Chansey
|-crit|p1a: Chansey
|-damage|p1a: Chansey|337\/703 par
|move|p1a: Chansey|Thunder Wave|p2a: Alakazam
|-status|p2a: Alakazam|par
|
|turn|15
|choice|move 2|move 2
|
|move|p2a: Alakazam|Psychic|p1a: Chansey
|-crit|p1a: Chansey
|-damage|p1a: Chansey|85\/703 par
|move|p1a: Chansey|Soft-Boiled|p1a: Chansey
|-heal|p1a: Chansey|436\/703 par
|
|turn|16
|choice|move 2|move 2
|
|move|p2a: Alakazam|Psychic|p1a: Chansey
|-damage|p1a: Chansey|314\/703 par
|cant|p1a: Chansey|par
|
|turn|17
|choice|move 2|move 2
|
|cant|p2a: Alakazam|par
|move|p1a: Chansey|Soft-Boiled|p1a: Chansey
|-heal|p1a: Chansey|665\/703 par
|
|turn|18
|choice|switch 2|move 2
|
|switch|p1a: Starmie|Starmie|323\/323
|move|p2a: Alakazam|Psychic|p1a: Starmie
|-resisted|p1a: Starmie
|-damage|p1a: Starmie|253\/323
|
|turn|19
|choice|switch 6|switch 2
|
|switch|p1a: Golem|Golem|283\/363
|switch|p2a: Chansey|Chansey|703\/703
|
|turn|20
|choice|move 4|move 2
|
|move|p2a: Chansey|Reflect|p2a: Chansey
|-start|p2a: Chansey|Reflect
|move|p1a: Golem|Body Slam|p2a: Chansey
|-crit|p2a: Chansey
|-damage|p2a: Chansey|307\/703
|
|turn|21
|choice|move 1|move 4
|
|move|p2a: Chansey|Soft-Boiled|p2a: Chansey
|-heal|p2a: Chansey|658\/703
|move|p1a: Golem|Earthquake|p2a: Chansey
|-damage|p2a: Chansey|493\/703
|
|turn|22
|choice|move 4|move 3
|
|move|p2a: Chansey|Ice Beam|p1a: Golem
|-supereffective|p1a: Golem
|-damage|p1a: Golem|60\/363
|move|p1a: Golem|Body Slam|p2a: Chansey
|-damage|p2a: Chansey|397\/703
|
|turn|23
|choice|switch 2|move 4
|
|switch|p1a: Chansey|Chansey|665\/703 par
|move|p2a: Chansey|Soft-Boiled|p2a: Chansey
|-heal|p2a: Chansey|703\/703
|
|turn|24
|choice|move 1|switch 2
|
|switch|p2a: Alakazam|Alakazam|249\/313 par
|cant|p1a: Chansey|par
|
|turn|25
|choice|move 1|move 3
|
|cant|p2a: Alakazam|par
|cant|p1a: Chansey|par
|
|turn|26
|choice|move 1|move 3
|
|move|p2a: Alakazam|Reflect|p2a: Alakazam
|-start|p2a: Alakazam|Reflect
|move|p1a: Chansey|Ice Beam|p2a: Alakazam
|-damage|p2a: Alakazam|191\/313 par
|
|turn|27
|choice|move 1|move 2
|
|move|p2a: Alakazam|Psychic|p1a: Chansey
|-crit|p1a: Chansey
|-damage|p1a: Chansey|438\/703 par
|cant|p1a: Chansey|par
|
|turn|28
|choice|move 2|move 2
|
|move|p2a: Alakazam|Psychic|p1a: Chansey
|-damage|p1a: Chansey|317\/703 par
|move|p1a: Chansey|Soft-Boiled|p1a: Chansey
|-heal|p1a: Chansey|668\/703 par
|
|turn|29
|choice|move 1|switch 5
|
|switch|p2a: Tauros|Tauros|353\/353
|cant|p1a: Chansey|par
|
|turn|30
|choice|move 3|move 2
|
|move|p2a: Tauros|Body Slam|p1a: Chansey
|-damage|p1a: Chansey|384\/703 par
|cant|p1a: Chansey|par
|
|turn|31
|choice|switch 2|move 1
|
|switch|p1a: Golem|Golem|60\/363
|move|p2a: Tauros|Hyper Beam|p1a: Golem
|-resisted|p1a: Golem
|-damage|p1a: Golem|0 fnt
|faint|p1a: Golem
|choice|switch 4|
|
|switch|p1a: Tauros|Tauros|353\/353
|turn|32
|choice|move 1|switch 4
|
|switch|p2a: Starmie|Starmie|264\/323
|move|p1a: Tauros|Body Slam|p2a: Starmie
|-damage|p2a: Starmie|148\/323
|
|turn|33
|choice|move 1|move 2
|
|move|p2a: Starmie|Recover|p2a: Starmie
|-heal|p2a: Starmie|309\/323
|move|p1a: Tauros|Body Slam|p2a: Starmie
|-damage|p2a: Starmie|193\/323
|-status|p2a: Starmie|par
|
|turn|34
|choice|switch 2|switch 2
|
|switch|p1a: Chansey|Chansey|384\/703 par
|switch|p2a: Chansey|Chansey|703\/703
|
|turn|35
|choice|move 1|switch 5
|
|switch|p2a: Alakazam|Alakazam|191\/313 par
|move|p1a: Chansey|Ice Beam|p2a: Alakazam
|-damage|p2a: Alakazam|126\/313 par
|
|turn|36
|choice|move 2|move 4
|
|cant|p2a: Alakazam|par
|move|p1a: Chansey|Soft-Boiled|p1a: Chansey
|-heal|p1a: Chansey|703\/703 par
|
|turn|37
|choice|switch 2|move 4
|
|switch|p1a: Tauros|Tauros|353\/353
|move|p2a: Alakazam|Recover|p2a: Alakazam
|-heal|p2a: Alakazam|282\/313 par
|
|turn|38
|choice|move 1|move 1
|
|move|p1a: Tauros|Body Slam|p2a: Alakazam
|-damage|p2a: Alakazam|126\/313 par
|cant|p2a: Alakazam|par
|
|turn|39
|choice|move 1|switch 6
|
|switch|p2a: Exeggutor|Exeggutor|67\/393 slp
|move|p1a: Tauros|Body Slam|p2a: Exeggutor
|-crit|p2a: Exeggutor
|-damage|p2a: Exeggutor|0 fnt
|faint|p2a: Exeggutor
|choice||switch 4
|
|switch|p2a: Tauros|Tauros|353\/353
|turn|40
|choice|move 1|move 2
|
|move|p2a: Tauros|Body Slam|p1a: Tauros
|-damage|p1a: Tauros|250\/353
|move|p1a: Tauros|Body Slam|p2a: Tauros
|-damage|p2a: Tauros|255\/353
|
|turn|41
|choice|move 1|move 2
|
|move|p2a: Tauros|Body Slam|p1a: Tauros
|-damage|p1a: Tauros|142\/353
|move|p1a: Tauros|Body Slam|p2a: Tauros
|-damage|p2a: Tauros|153\/353
|
|turn|42
|choice|move 2|move 1
|
|move|p2a: Tauros|Hyper Beam|p1a: Tauros
|-damage|p1a: Tauros|0 fnt
|faint|p1a: Tauros
|choice|switch 6|
|
|switch|p1a: Starmie|Starmie|253\/323
|turn|43
|choice|move 1|switch 5
|
|switch|p2a: Chansey|Chansey|703\/703
|move|p1a: Starmie|Psychic|p2a: Chansey
|-damage|p2a: Chansey|600\/703
|
|turn|44
|choice|switch 5|move 3
|
|switch|p1a: Jynx|Jynx|333\/333
|move|p2a: Chansey|Ice Beam|p1a: Jynx
|-resisted|p1a: Jynx
|-damage|p1a: Jynx|291\/333
|
|turn|45
|choice|move 1|switch 2
|
|switch|p2a: Starmie|Starmie|193\/323 par
|move|p1a: Jynx|Lovely Kiss|p2a: Starmie
|-fail|p2a: Starmie
|
|turn|46
|choice|move 3|move 2
|
|move|p1a: Jynx|Ice Beam|p2a: Starmie
|-resisted|p2a: Starmie
|-damage|p2a: Starmie|136\/323 par
|move|p2a: Starmie|Recover|p2a: Starmie
|-heal|p2a: Starmie|297\/323 par
|
|turn|47
|choice|move 2|move 4
|
|move|p1a: Jynx|Psychic|p2a: Starmie
|-resisted|p2a: Starmie
|-damage|p2a: Starmie|244\/323 par
|cant|p2a: Starmie|par
|
|turn|48
|choice|move 2|move 2
|
|move|p1a: Jynx|Psychic|p2a: Starmie
|-crit|p2a: Starmie
|-resisted|p2a: Starmie
|-damage|p2a: Starmie|142\/323 par
|cant|p2a: Starmie|par
|
|turn|49
|choice|move 2|move 2
|
|move|p1a: Jynx|Psychic|p2a: Starmie
|-resisted|p2a: Starmie
|-damage|p2a: Starmie|88\/323 par
|move|p2a: Starmie|Recover|p2a: Starmie
|-heal|p2a: Starmie|249\/323 par
|
|turn|50
|choice|move 2|move 2
|
|move|p1a: Jynx|Psychic|p2a: Starmie
|-resisted|p2a: Starmie
|-damage|p2a: Starmie|202\/323 par
|-unboost|p2a: Starmie|spd|1
|-unboost|p2a: Starmie|spa|1
|move|p2a: Starmie|Recover|p2a: Starmie
|-heal|p2a: Starmie|323\/323 par
|
|turn|51
|choice|move 2|move 4
|
|move|p1a: Jynx|Psychic|p2a: Starmie
|-resisted|p2a: Starmie
|-damage|p2a: Starmie|246\/323 par
|-unboost|p2a: Starmie|spd|1
|-unboost|p2a: Starmie|spa|1
|move|p2a: Starmie|Thunderbolt|p1a: Jynx
|-damage|p1a: Jynx|250\/333
|
|turn|52
|choice|move 2|move 2
|
|move|p1a: Jynx|Psychic|p2a: Starmie
|-resisted|p2a: Starmie
|-damage|p2a: Starmie|150\/323 par
|-unboost|p2a: Starmie|spd|1
|-unboost|p2a: Starmie|spa|1
|move|p2a: Starmie|Recover|p2a: Starmie
|-heal|p2a: Starmie|311\/323 par
|
|turn|53
|choice|move 2|switch 2
|
|switch|p2a: Chansey|Chansey|600\/703
|move|p1a: Jynx|Psychic|p2a: Chansey
|-damage|p2a: Chansey|503\/703
|
|turn|54
|choice|move 1|switch 2
|
|switch|p2a: Starmie|Starmie|311\/323 par
|move|p1a: Jynx|Lovely Kiss|p2a: Starmie
|-fail|p2a: Starmie
|
|turn|55
|choice|switch 2|move 3
|
|switch|p1a: Chansey|Chansey|703\/703 par
|move|p2a: Starmie|Psychic|p1a: Chansey
|-damage|p1a: Chansey|602\/703 par
|
|turn|56
|choice|move 1|switch 6
|
|switch|p2a: Alakazam|Alakazam|126\/313 par
|cant|p1a: Chansey|par
|
|turn|57
|choice|move 1|move 4
|
|move|p2a: Alakazam|Recover|p2a: Alakazam
|-heal|p2a: Alakazam|282\/313 par
|move|p1a: Chansey|Ice Beam|p2a: Alakazam
|-damage|p2a: Alakazam|218\/313 par
|
|turn|58
|choice|switch 3|move 2
|
|switch|p1a: Articuno|Articuno|383\/383
|move|p2a: Alakazam|Psychic|p1a: Articuno
|-damage|p1a: Articuno|262\/383
|
|turn|59
|choice|move 4|move 1
|
|move|p1a: Articuno|Sky Attack|p2a: Alakazam|[still]
|-prepare|p1a: Articuno|Sky Attack|p2a: Alakazam
|move|p2a: Alakazam|Thunder Wave|p1a: Articuno
|-status|p1a: Articuno|par
|
|turn|60
|choice|move 1|move 3
|
|cant|p2a: Alakazam|par
|move|p1a: Articuno|Sky Attack|p2a: Alakazam|[from]Sky Attack
|-damage|p2a: Alakazam|0 fnt
|faint|p2a: Alakazam
|choice||switch 5
|
|switch|p2a: Tauros|Tauros|153\/353
|turn|61
|choice|move 1|move 4
|
|move|p2a: Tauros|Fire Blast|p1a: Articuno
|-supereffective|p1a: Articuno
|-damage|p1a: Articuno|143\/383 par
|cant|p1a: Articuno|par
|
|turn|62
|choice|move 1|move 1
|
|move|p2a: Tauros|Hyper Beam|p1a: Articuno
|-damage|p1a: Articuno|0 fnt
|faint|p1a: Articuno
|choice|switch 3|
|
|switch|p1a: Chansey|Chansey|602\/703 par
|turn|63
|choice|move 3|switch 6
|
|switch|p2a: Starmie|Starmie|311\/323 par
|move|p1a: Chansey|Thunder Wave|p2a: Starmie
|-fail|p2a: Starmie|par
|
|turn|64
|choice|move 2|move 3
|
|move|p2a: Starmie|Psychic|p1a: Chansey
|-damage|p1a: Chansey|507\/703 par
|move|p1a: Chansey|Soft-Boiled|p1a: Chansey
|-heal|p1a: Chansey|703\/703 par
|
|turn|65
|choice|switch 5|move 3
|
|switch|p1a: Starmie|Starmie|253\/323
|cant|p2a: Starmie|par
|
|turn|66
|choice|move 2|move 4
|
|move|p1a: Starmie|Thunderbolt|p2a: Starmie
|-supereffective|p2a: Starmie
|-damage|p2a: Starmie|153\/323 par
|move|p2a: Starmie|Thunderbolt|p1a: Starmie
|-supereffective|p1a: Starmie
|-damage|p1a: Starmie|107\/323
|
|turn|67
|choice|move 2|switch 2
|
|switch|p2a: Chansey|Chansey|503\/703
|move|p1a: Starmie|Thunderbolt|p2a: Chansey
|-crit|p2a: Chansey
|-damage|p2a: Chansey|367\/703
|
|turn|68
|choice|switch 5|move 4
|
|switch|p1a: Chansey|Chansey|703\/703 par
|move|p2a: Chansey|Soft-Boiled|p2a: Chansey
|-heal|p2a: Chansey|703\/703
|
|turn|69
|choice|move 1|switch 2
|
|switch|p2a: Starmie|Starmie|153\/323 par
|move|p1a: Chansey|Ice Beam|p2a: Starmie
|-resisted|p2a: Starmie
|-damage|p2a: Starmie|113\/323 par
|
|turn|70
|choice|switch 5|move 2
|
|switch|p1a: Starmie|Starmie|107\/323
|move|p2a: Starmie|Recover|p2a: Starmie
|-heal|p2a: Starmie|274\/323 par
|
|turn|71
|choice|move 3|move 4
|
|move|p1a: Starmie|Recover|p1a: Starmie
|-heal|p1a: Starmie|268\/323
|cant|p2a: Starmie|par
|
|turn|72
|choice|move 2|move 4
|
|move|p1a: Starmie|Thunderbolt|p2a: Starmie
|-supereffective|p2a: Starmie
|-damage|p2a: Starmie|130\/323 par
|cant|p2a: Starmie|par
|
|turn|73
|choice|move 2|switch 2
|
|switch|p2a: Chansey|Chansey|703\/703
|move|p1a: Starmie|Thunderbolt|p2a: Chansey
|-damage|p2a: Chansey|633\/703
|
|turn|74
|choice|switch 5|move 3
|
|switch|p1a: Chansey|Chansey|703\/703 par
|move|p2a: Chansey|Ice Beam|p1a: Chansey
|-damage|p1a: Chansey|628\/703 par
|
|turn|75
|choice|move 1|move 1
|
|cant|p1a: Chansey|par
|move|p2a: Chansey|Counter|p1a: Chansey
|-fail|p2a: Chansey
|
|turn|76
|choice|move 1|switch 2
|
|switch|p2a: Starmie|Starmie|130\/323 par
|move|p1a: Chansey|Ice Beam|p2a: Starmie
|-resisted|p2a: Starmie
|-damage|p2a: Starmie|90\/323 par
|
|turn|77
|choice|switch 5|move 2
|
|switch|p1a: Starmie|Starmie|268\/323
|move|p2a: Starmie|Recover|p2a: Starmie
|-heal|p2a: Starmie|251\/323 par
|
|turn|78
|choice|move 3|switch 2
|
|switch|p2a: Chansey|Chansey|633\/703
|move|p1a: Starmie|Recover|p1a: Starmie
|-heal|p1a: Starmie|323\/323
|
|turn|79
|choice|switch 5|move 3
|
|switch|p1a: Chansey|Chansey|628\/703 par
|move|p2a: Chansey|Ice Beam|p1a: Chansey
|-damage|p1a: Chansey|558\/703 par
|
|turn|80
|choice|move 1|move 2
|
|move|p2a: Chansey|Reflect|p2a: Chansey
|-start|p2a: Chansey|Reflect
|move|p1a: Chansey|Ice Beam|p2a: Chansey
|-damage|p2a: Chansey|558\/703
|
|turn|81
|choice|move 1|move 4
|
|move|p2a: Chansey|Soft-Boiled|p2a: Chansey
|-heal|p2a: Chansey|703\/703
|move|p1a: Chansey|Ice Beam|p2a: Chansey
|-damage|p2a: Chansey|629\/703
|
|turn|82
|choice|move 1|switch 2
|
|switch|p2a: Starmie|Starmie|251\/323 par
|move|p1a: Chansey|Ice Beam|p2a: Starmie
|-resisted|p2a: Starmie
|-damage|p2a: Starmie|215\/323 par
|
|turn|83
|choice|switch 5|move 2
|
|switch|p1a: Starmie|Starmie|323\/323
|move|p2a: Starmie|Recover|p2a: Starmie
|-heal|p2a: Starmie|323\/323 par
|
|turn|84
|choice|switch 5|switch 2
|
|switch|p1a: Chansey|Chansey|558\/703 par
|switch|p2a: Chansey|Chansey|629\/703
|
|turn|85
|choice|move 2|switch 2
|
|switch|p2a: Starmie|Starmie|323\/323 par
|cant|p1a: Chansey|par
|
|turn|86
|choice|move 2|move 4
|
|move|p2a: Starmie|Thunderbolt|p1a: Chansey
|-damage|p1a: Chansey|491\/703 par
|cant|p1a: Chansey|par
|
|turn|87
|choice|move 2|move 3
|
|cant|p2a: Starmie|par
|move|p1a: Chansey|Soft-Boiled|p1a: Chansey
|-heal|p1a: Chansey|703\/703 par
|
|turn|88
|choice|move 2|move 4
|
|move|p2a: Starmie|Thunderbolt|p1a: Chansey
|-damage|p1a: Chansey|634\/703 par
|cant|p1a: Chansey|par
|
|turn|89
|choice|move 2|move 3
|
|move|p2a: Starmie|Psychic|p1a: Chansey
|-crit|p1a: Chansey
|-damage|p1a: Chansey|441\/703 par
|move|p1a: Chansey|Soft-Boiled|p1a: Chansey
|-heal|p1a: Chansey|703\/703 par
|
|turn|90
|choice|move 2|move 3
|
|cant|p2a: Starmie|par
|move|p1a: Chansey|Soft-Boiled|p1a: Chansey
|-fail|p1a: Chansey
|
|turn|91
|choice|switch 5|move 3
|
|switch|p1a: Starmie|Starmie|323\/323
|move|p2a: Starmie|Psychic|p1a: Starmie
|-resisted|p1a: Starmie
|-damage|p1a: Starmie|271\/323
|
|turn|92
|choice|move 1|move 4
|
|move|p1a: Starmie|Psychic|p2a: Starmie
|-resisted|p2a: Starmie
|-damage|p2a: Starmie|271\/323 par
|move|p2a: Starmie|Thunderbolt|p1a: Starmie
|-crit|p1a: Starmie
|-supereffective|p1a: Starmie
|-damage|p1a: Starmie|0 fnt
|faint|p1a: Starmie
|c|★Mista Jay|fak
|choice|switch 2|
|
|switch|p1a: Jynx|Jynx|250\/333
|turn|93
|c|★Sagran|there we go
|choice|move 2|move 2
|
|move|p1a: Jynx|Psychic|p2a: Starmie
|-resisted|p2a: Starmie
|-damage|p2a: Starmie|221\/323 par
|cant|p2a: Starmie|par
|
|turn|94
|c|★Mista Jay|luck was on your side
|choice|move 2|move 2
|
|move|p1a: Jynx|Psychic|p2a: Starmie
|-resisted|p2a: Starmie
|-damage|p2a: Starmie|165\/323 par
|move|p2a: Starmie|Recover|p2a: Starmie
|-heal|p2a: Starmie|323\/323 par
|
|turn|95
|c|★Sagran|not really
|c|★Mista Jay|yes really lmao
|c|★Sagran|you did get 0.4 special drop on me one time
|c|★Sagran|that's not really on my side
|choice|move 2|move 4
|
|move|p1a: Jynx|Psychic|p2a: Starmie
|-resisted|p2a: Starmie
|-damage|p2a: Starmie|271\/323 par
|-unboost|p2a: Starmie|spd|1
|-unboost|p2a: Starmie|spa|1
|move|p2a: Starmie|Thunderbolt|p1a: Jynx
|-damage|p1a: Jynx|203\/333
|
|turn|96
|c|★Mista Jay|we were in that stall out and you landed the crit to end it
|choice|move 2|move 4
|
|move|p1a: Jynx|Psychic|p2a: Starmie
|-resisted|p2a: Starmie
|-damage|p2a: Starmie|196\/323 par
|move|p2a: Starmie|Thunderbolt|p1a: Jynx
|-damage|p1a: Jynx|155\/333
|
|turn|97
|c|★Sagran|true
|c|★Sagran|but that doesn't mean it was on my side
|c|★Sagran|now had it been crit
|c|★Mista Jay|yes it does
|c|★Sagran|after crit
|c|★Sagran|after crit
|c|★Sagran|after crit
|c|★Sagran|then yeah
|c|★Sagran|i'd say luck on my side
|choice|move 2|move 2
|
|move|p1a: Jynx|Psychic|p2a: Starmie
|-resisted|p2a: Starmie
|-damage|p2a: Starmie|118\/323 par
|-unboost|p2a: Starmie|spd|1
|-unboost|p2a: Starmie|spa|1
|move|p2a: Starmie|Recover|p2a: Starmie
|-heal|p2a: Starmie|279\/323 par
|
|turn|98
|c|★Mista Jay|you got it when you needed it
|choice|move 2|switch 2
|
|switch|p2a: Chansey|Chansey|629\/703
|move|p1a: Jynx|Psychic|p2a: Chansey
|-crit|p2a: Chansey
|-damage|p2a: Chansey|440\/703
|
|turn|99
|c|★Sagran|no i needed it 40 turns ago
|choice|move 3|move 4
|
|move|p1a: Jynx|Ice Beam|p2a: Chansey
|-crit|p2a: Chansey
|-damage|p2a: Chansey|241\/703
|move|p2a: Chansey|Soft-Boiled|p2a: Chansey
|-heal|p2a: Chansey|592\/703
|
|turn|100
|choice|move 3|switch 2
|
|switch|p2a: Starmie|Starmie|279\/323 par
|move|p1a: Jynx|Ice Beam|p2a: Starmie
|-crit|p2a: Starmie
|-resisted|p2a: Starmie
|-damage|p2a: Starmie|172\/323 par
|
|turn|101
|choice|move 2|move 2
|
|move|p1a: Jynx|Psychic|p2a: Starmie
|-resisted|p2a: Starmie
|-damage|p2a: Starmie|119\/323 par
|-unboost|p2a: Starmie|spd|1
|-unboost|p2a: Starmie|spa|1
|cant|p2a: Starmie|par
|
|turn|102
|choice|move 2|switch 2
|
|switch|p2a: Chansey|Chansey|592\/703
|move|p1a: Jynx|Psychic|p2a: Chansey
|-damage|p2a: Chansey|487\/703
|-unboost|p2a: Chansey|spd|1
|-unboost|p2a: Chansey|spa|1
|
|turn|103
|choice|move 3|move 4
|
|move|p1a: Jynx|Ice Beam|p2a: Chansey
|-crit|p2a: Chansey
|-damage|p2a: Chansey|278\/703
|move|p2a: Chansey|Soft-Boiled|p2a: Chansey
|-heal|p2a: Chansey|629\/703
|
|turn|104
|choice|move 3|switch 2
|
|switch|p2a: Starmie|Starmie|119\/323 par
|move|p1a: Jynx|Ice Beam|p2a: Starmie
|-resisted|p2a: Starmie
|-damage|p2a: Starmie|67\/323 par
|
|turn|105
|choice|move 2|move 2
|
|move|p1a: Jynx|Psychic|p2a: Starmie
|-resisted|p2a: Starmie
|-damage|p2a: Starmie|18\/323 par
|-unboost|p2a: Starmie|spd|1
|-unboost|p2a: Starmie|spa|1
|move|p2a: Starmie|Recover|p2a: Starmie
|-heal|p2a: Starmie|179\/323 par
|
|turn|106
|choice|move 3|switch 2
|
|switch|p2a: Chansey|Chansey|629\/703
|move|p1a: Jynx|Ice Beam|p2a: Chansey
|-damage|p2a: Chansey|524\/703
|
|turn|107
|c|★Mista Jay|end it dude
|choice|move 3|switch 2
|
|switch|p2a: Starmie|Starmie|179\/323 par
|move|p1a: Jynx|Ice Beam|p2a: Starmie
|-resisted|p2a: Starmie
|-damage|p2a: Starmie|121\/323 par
|
|turn|108
|c|★Sagran|i can't
|c|★Sagran|tauros will die to jinx easily
|choice|move 3|move 2
|
|move|p1a: Jynx|Ice Beam|p2a: Starmie
|-resisted|p2a: Starmie
|-damage|p2a: Starmie|71\/323 par
|move|p2a: Starmie|Recover|p2a: Starmie
|-heal|p2a: Starmie|232\/323 par
|
|turn|109
|choice|move 3|move 2
|
|move|p1a: Jynx|Ice Beam|p2a: Starmie
|-resisted|p2a: Starmie
|-damage|p2a: Starmie|182\/323 par
|move|p2a: Starmie|Recover|p2a: Starmie
|-heal|p2a: Starmie|323\/323 par
|
|turn|110
|choice|move 3|move 3
|
|move|p1a: Jynx|Ice Beam|p2a: Starmie
|-resisted|p2a: Starmie
|-damage|p2a: Starmie|267\/323 par
|move|p2a: Starmie|Psychic|p1a: Jynx
|-resisted|p1a: Jynx
|-damage|p1a: Jynx|104\/333
|
|turn|111
|choice|move 3|move 3
|
|move|p1a: Jynx|Ice Beam|p2a: Starmie
|-resisted|p2a: Starmie
|-damage|p2a: Starmie|213\/323 par
|move|p2a: Starmie|Psychic|p1a: Jynx
|-resisted|p1a: Jynx
|-damage|p1a: Jynx|49\/333
|
|turn|112
|choice|move 3|move 2
|
|move|p1a: Jynx|Ice Beam|p2a: Starmie
|-resisted|p2a: Starmie
|-damage|p2a: Starmie|162\/323 par
|cant|p2a: Starmie|par
|
|turn|113
|choice|move 3|move 2
|
|move|p1a: Jynx|Ice Beam|p2a: Starmie
|-resisted|p2a: Starmie
|-damage|p2a: Starmie|109\/323 par
|move|p2a: Starmie|Recover|p2a: Starmie
|-heal|p2a: Starmie|270\/323 par
|
|turn|114
|choice|move 3|move 3
|
|move|p1a: Jynx|Ice Beam|p2a: Starmie
|-resisted|p2a: Starmie
|-damage|p2a: Starmie|218\/323 par
|move|p2a: Starmie|Psychic|p1a: Jynx
|-resisted|p1a: Jynx
|-damage|p1a: Jynx|0 fnt
|faint|p1a: Jynx
|c|★Mista Jay|gg
|c|★Sagran|gg
|choice|switch 5|
|
|switch|p1a: Chansey|Chansey|703\/703 par
|turn|115
|choice|move 3|move 3
|
|move|p2a: Starmie|Psychic|p1a: Chansey
|-damage|p1a: Chansey|599\/703 par
|move|p1a: Chansey|Thunder Wave|p2a: Starmie
|-fail|p2a: Starmie|par
|
|turn|116
|choice|move 3|move 3
|
|move|p2a: Starmie|Psychic|p1a: Chansey
|-damage|p1a: Chansey|499\/703 par
|move|p1a: Chansey|Thunder Wave|p2a: Starmie
|-fail|p2a: Starmie|par
|
|turn|117
|choice|move 4|move 3
|
|move|p2a: Starmie|Psychic|p1a: Chansey
|-damage|p1a: Chansey|396\/703 par
|move|p1a: Chansey|Toxic|p2a: Starmie|[miss]
|-miss|p1a: Chansey
|
|turn|118
|choice|move 2|move 3
|
|move|p2a: Starmie|Psychic|p1a: Chansey
|-damage|p1a: Chansey|300\/703 par
|move|p1a: Chansey|Soft-Boiled|p1a: Chansey
|-heal|p1a: Chansey|651\/703 par
|
|turn|119
|choice|move 3|move 1
|
|cant|p2a: Starmie|par
|move|p1a: Chansey|Thunder Wave|p2a: Starmie
|-fail|p2a: Starmie|par
|
|turn|120
|choice|move 4|move 1
|
|move|p2a: Starmie|Surf|p1a: Chansey
|-damage|p1a: Chansey|538\/703 par
|move|p1a: Chansey|Toxic|p2a: Starmie
|-fail|p2a: Starmie
|
|turn|121
|choice|move 3|move 3
|
|cant|p2a: Starmie|par
|cant|p1a: Chansey|par
|
|turn|122
|choice|move 3|move 3
|
|move|p2a: Starmie|Psychic|p1a: Chansey
|-crit|p1a: Chansey
|-damage|p1a: Chansey|346\/703 par
|move|p1a: Chansey|Thunder Wave|p2a: Starmie
|-fail|p2a: Starmie|par
|
|turn|123
|choice|move 2|move 3
|
|move|p2a: Starmie|Psychic|p1a: Chansey
|-damage|p1a: Chansey|247\/703 par
|cant|p1a: Chansey|par
|
|turn|124
|choice|move 2|move 3
|
|move|p2a: Starmie|Psychic|p1a: Chansey
|-crit|p1a: Chansey
|-damage|p1a: Chansey|49\/703 par
|-unboost|p1a: Chansey|spd|1
|-unboost|p1a: Chansey|spa|1
|cant|p1a: Chansey|par
|
|turn|125
|choice|move 2|move 3
|
|move|p2a: Starmie|Psychic|p1a: Chansey
|-crit|p1a: Chansey
|-damage|p1a: Chansey|0 fnt
|faint|p1a: Chansey
|
|win|Sagran
|player|p1
|player|p2
|c|★Sagran|gg
|raw|Mista Jay's rating: 1211 &rarr; <strong>1182<\/strong><br \/>(-29 for losing)
|raw|Sagran's rating: 1155 &rarr; <strong>1184<\/strong><br \/>(+29 for winning)
|l|Mista Jay