|join|marcoasd
|join|Piexplode
|player|p1|marcoasd|266
|player|p2|Piexplode|32
|gametype|singles
|gen|1
|tier|[Gen 1] OU (beta)
|rule|Sleep Clause Mod: Limit one foe put to sleep
|rule|Species Clause: Limit one of each Pokémon
|rule|OHKO Clause: OHKO moves are banned
|rule|Evasion Moves Clause: Evasion moves are banned
|rule|HP Percentage Mod: HP is shown in percentages
|
|start
|switch|p1a: Cubone|Cubone, L5|24\/24
|switch|p2a: Ekans|Ekans, L5|23\/23
|turn|1
|c|★Piexplode|gl hf
|c|★marcoasd|porcasd
|
|switch|p2a: Zubat|Zubat, L5|23\/23
|move|p1a: Cubone|Earthquake|p2a: Zubat
|-immune|p2a: Zubat|[msg]
|
|turn|2
|
|move|p2a: Zubat|Confuse Ray|p1a: Cubone
|-start|p1a: Cubone|confusion
|-activate|p1a: Cubone|confusion
|-damage|p1a: Cubone|21\/24|[from] confusion
|
|turn|3
|
|switch|p1a: Nidoran-M|Nidoran-M, L5|24\/24
|move|p2a: Zubat|Substitute|p2a: Zubat
|-start|p2a: Zubat|Substitute
|-damage|p2a: Zubat|18\/23
|
|turn|4
|
|move|p2a: Zubat|Confuse Ray|p1a: Nidoran-M
|-start|p1a: Nidoran-M|confusion
|-activate|p1a: Nidoran-M|confusion
|-damage|p1a: Nidoran-M|20\/24|[from] confusion
|
|turn|5
|c|★Piexplode|I have a cute zubat set ;)
|
|move|p2a: Zubat|Mimic|p1a: Nidoran-M
|-start|p2a: Zubat|Mimic|Thunderbolt
|-end|p1a: Nidoran-M|confusion
|move|p1a: Nidoran-M|Thunderbolt|p2a: Zubat
|-supereffective|p2a: Zubat
|-end|p2a: Zubat|Substitute
|
|turn|6
|
|switch|p2a: Cubone|Cubone, L5|24\/24
|move|p1a: Nidoran-M|Blizzard|p2a: Cubone
|-supereffective|p2a: Cubone
|-damage|p2a: Cubone|3\/24
|
|turn|7
|c|★marcoasd|lol
|c|★Piexplode|SNAP
|c|★Piexplode|lol
|c|★Piexplode|nice
|c|★Piexplode|shit
|
|move|p1a: Nidoran-M|Body Slam|p2a: Cubone
|-damage|p2a: Cubone|0 fnt
|faint|p2a: Cubone
|c|★Piexplode|that is what we call a choke
|
|switch|p2a: Venonat|Venonat, L5|25\/25
|turn|8
|
|move|p2a: Venonat|Sleep Powder|p1a: Nidoran-M
|-status|p1a: Nidoran-M|slp
|cant|p1a: Nidoran-M|slp
|
|turn|9
|
|switch|p1a: Jigglypuff|Jigglypuff, L5|31\/31
|move|p2a: Venonat|Substitute|p2a: Venonat
|-start|p2a: Venonat|Substitute
|-damage|p2a: Venonat|19\/25
|
|turn|10
|c|★Piexplode|:p
|
|move|p2a: Venonat|Stun Spore|p1a: Jigglypuff
|-status|p1a: Jigglypuff|par
|move|p1a: Jigglypuff|Thunder Wave|p2a: Venonat
|-status|p2a: Venonat|par
|
|turn|11
|
|move|p1a: Jigglypuff|Psychic|p2a: Venonat
|-supereffective|p2a: Venonat
|-end|p2a: Venonat|Substitute
|cant|p2a: Venonat|par
|
|turn|12
|
|move|p1a: Jigglypuff|Psychic|p2a: Venonat
|-supereffective|p2a: Venonat
|-damage|p2a: Venonat|6\/25 par
|-unboost|p2a: Venonat|spd|1
|-unboost|p2a: Venonat|spa|1
|move|p2a: Venonat|Psychic|p1a: Jigglypuff
|-damage|p1a: Jigglypuff|26\/31 par
|
|turn|13
|c|★Piexplode|rofl
|c|★Piexplode|jigglygod
|
|cant|p1a: Jigglypuff|par
|move|p2a: Venonat|Psychic|p1a: Jigglypuff
|-damage|p1a: Jigglypuff|21\/31 par
|
|turn|14
|
|move|p2a: Venonat|Psychic|p1a: Jigglypuff
|-damage|p1a: Jigglypuff|16\/31 par
|cant|p1a: Jigglypuff|par
|
|turn|15
|c|★marcoasd|dio porco
|c|★Piexplode|!_!
|
|move|p2a: Venonat|Psychic|p1a: Jigglypuff
|-damage|p1a: Jigglypuff|11\/31 par
|move|p1a: Jigglypuff|Psychic|p2a: Venonat
|-supereffective|p2a: Venonat
|-damage|p2a: Venonat|0 fnt
|faint|p2a: Venonat
|c|★Piexplode|the comeback hax
|c|★Piexplode|is here
|c|★Piexplode|time to calc
|c|★Piexplode|;)
|c|★marcoasd|yeah goldeen kills
|
|switch|p2a: Goldeen|Goldeen, L5|24\/24
|turn|16
|c|★marcoasd|porcodio
|c|★Piexplode|only just asd
|c|★Piexplode|oh wait
|c|★Piexplode|I calced with
|c|★Piexplode|double edge
|c|★Piexplode|surf is a nice guarantee though
|
|move|p2a: Goldeen|Surf|p1a: Jigglypuff
|-damage|p1a: Jigglypuff|0 fnt
|faint|p1a: Jigglypuff
|
|switch|p1a: Venonat|Venonat, L5|25\/25
|turn|17
|
|switch|p2a: Zubat|Zubat, L5|18\/23
|move|p1a: Venonat|Sleep Powder|p2a: Zubat
|-status|p2a: Zubat|slp
|
|turn|18
|
|switch|p2a: Jigglypuff|Jigglypuff, L5|31\/31
|move|p1a: Venonat|Psychic|p2a: Jigglypuff
|-damage|p2a: Jigglypuff|23\/31
|
|turn|19
|
|switch|p1a: Nidoran-M|Nidoran-M, L5|20\/24 slp
|move|p2a: Jigglypuff|Blizzard|p1a: Nidoran-M
|-damage|p1a: Nidoran-M|11\/24 slp
|
|turn|20
|c|★Piexplode|lol
|c|★marcoasd|hehe
|
|cant|p1a: Nidoran-M|slp
|move|p2a: Jigglypuff|Psychic|p1a: Nidoran-M
|-supereffective|p1a: Nidoran-M
|-damage|p1a: Nidoran-M|0 fnt
|faint|p1a: Nidoran-M
|c|★Piexplode|this is when you want submission cubone lol
|c|★marcoasd|lol
|c|★marcoasd|it misses
|c|★Piexplode|true
|c|★marcoasd|i'm out of range
|c|★Piexplode|stil so does everything
|c|★Piexplode|yea
|c|★marcoasd|but then outsped
|c|★Piexplode|anyway boltblizz\/psychic\/twave jiggly is a god so you know that
|c|★Piexplode|whatever comes in
|
|switch|p1a: Cubone|Cubone, L5|21\/24
|turn|21
|c|★Piexplode|is gonna be unhappy
|
|move|p1a: Cubone|Earthquake|p2a: Jigglypuff
|-damage|p2a: Jigglypuff|7\/31
|move|p2a: Jigglypuff|Blizzard|p1a: Cubone
|-supereffective|p1a: Cubone
|-damage|p1a: Cubone|3\/24
|
|turn|22
|
|switch|p2a: Zubat|Zubat, L5|18\/23 slp
|move|p1a: Cubone|Earthquake|p2a: Zubat
|-immune|p2a: Zubat|[msg]
|
|turn|23
|
|cant|p2a: Zubat|slp
|-curestatus|p2a: Zubat|slp
|move|p1a: Cubone|Blizzard|p2a: Zubat
|-supereffective|p2a: Zubat
|-damage|p2a: Zubat|0 fnt
|faint|p2a: Zubat
|c|★Piexplode|lol
|
|switch|p2a: Goldeen|Goldeen, L5|24\/24
|turn|24
|
|move|p2a: Goldeen|Surf|p1a: Cubone
|-supereffective|p1a: Cubone
|-damage|p1a: Cubone|0 fnt
|faint|p1a: Cubone
|
|switch|p1a: Ekans|Ekans, L5|23\/23
|turn|25
|
|move|p2a: Goldeen|Agility|p2a: Goldeen
|-boost|p2a: Goldeen|spe|2
|move|p1a: Ekans|Glare|p2a: Goldeen
|-status|p2a: Goldeen|par
|
|turn|26
|
|move|p1a: Ekans|Earthquake|p2a: Goldeen
|-damage|p2a: Goldeen|15\/24 par
|move|p2a: Goldeen|Surf|p1a: Ekans
|-damage|p1a: Ekans|11\/23
|
|turn|27
|
|move|p1a: Ekans|Earthquake|p2a: Goldeen
|-damage|p2a: Goldeen|7\/24 par
|move|p2a: Goldeen|Agility|p2a: Goldeen
|-boost|p2a: Goldeen|spe|2
|
|turn|28
|
|move|p2a: Goldeen|Surf|p1a: Ekans
|-damage|p1a: Ekans|0 fnt
|faint|p1a: Ekans
|
|switch|p1a: Venonat|Venonat, L5|25\/25
|turn|29
|
|cant|p2a: Goldeen|par
|move|p1a: Venonat|Psychic|p2a: Goldeen
|-crit|p2a: Goldeen
|-damage|p2a: Goldeen|0 fnt
|faint|p2a: Goldeen
|
|switch|p2a: Ekans|Ekans, L5|23\/23
|turn|30
|c|★marcoasd|ch rock slide lol
|c|★marcoasd|now
|
|move|p2a: Ekans|Glare|p1a: Venonat|[miss]
|-miss|p2a: Ekans
|move|p1a: Venonat|Psychic|p2a: Ekans
|-supereffective|p2a: Ekans
|-damage|p2a: Ekans|8\/23
|-unboost|p2a: Ekans|spd|1
|-unboost|p2a: Ekans|spa|1
|
|turn|31
|c|★marcoasd|nah
|c|★Piexplode|mm
|c|★Piexplode|yea go for
|c|★Piexplode|CH rock slide si
|c|★Piexplode|best idea
|c|★Piexplode|lel
|
|move|p2a: Ekans|Rock Slide|p1a: Venonat
|-supereffective|p1a: Venonat
|-damage|p1a: Venonat|11\/25
|move|p1a: Venonat|Psychic|p2a: Ekans
|-supereffective|p2a: Ekans
|-damage|p2a: Ekans|0 fnt
|faint|p2a: Ekans
|c|★Piexplode|gg
|c|★Piexplode|u win ez
|c|★marcoasd|ggs
|
|switch|p2a: Jigglypuff|Jigglypuff, L5|7\/31
|turn|32
|
|move|p1a: Venonat|Psychic|p2a: Jigglypuff
|-damage|p2a: Jigglypuff|0 fnt
|faint|p2a: Jigglypuff
|
|win|marcoasd
|c|★Piexplode|not as close as before
|leave|marcoasd
|player|p1