|join|Mandelbrot
|join|Taterskinz
|player|p1|Mandelbrot|101
|player|p2|Taterskinz|23
|gametype|singles
|gen|1
|tier|[Gen 1] Random Battle
|rated
|rule|Sleep Clause Mod: Limit one foe put to sleep
|rule|Freeze Clause Mod: Limit one foe frozen
|rule|HP Percentage Mod: HP is shown in percentages
|
|start
|switch|p1a: Seadra|Seadra, L90|282\/282
|switch|p2a: Parasect|Parasect, L90|291\/291
|turn|1
|
|move|p1a: Seadra|Blizzard|p2a: Parasect
|-supereffective|p2a: Parasect
|-damage|p2a: Parasect|98\/291
|move|p2a: Parasect|Spore|p1a: Seadra
|-status|p1a: Seadra|slp
|
|turn|2
|
|switch|p1a: Dragonite|Dragonite, L85|328\/328
|move|p2a: Parasect|Body Slam|p1a: Dragonite
|-damage|p1a: Dragonite|268\/328
|
|turn|3
|
|move|p1a: Dragonite|Blizzard|p2a: Parasect
|-supereffective|p2a: Parasect
|-damage|p2a: Parasect|0 fnt
|faint|p2a: Parasect
|
|switch|p2a: Seadra|Seadra, L90|282\/282
|turn|4
|
|switch|p1a: Seadra|Seadra, L90|282\/282 slp
|move|p2a: Seadra|Blizzard|p1a: Seadra
|-resisted|p1a: Seadra
|-damage|p1a: Seadra|240\/282 slp
|
|turn|5
|
|switch|p2a: Oddish|Oddish, L96|281\/281
|cant|p1a: Seadra|slp
|
|turn|6
|
|switch|p1a: Dragonite|Dragonite, L85|268\/328
|move|p2a: Oddish|Mega Drain|p1a: Dragonite
|-resisted|p1a: Dragonite
|-damage|p1a: Dragonite|259\/328
|
|turn|7
|
|switch|p2a: Goldeen|Goldeen, L96|281\/281
|move|p1a: Dragonite|Blizzard|p2a: Goldeen
|-crit|p2a: Goldeen
|-resisted|p2a: Goldeen
|-damage|p2a: Goldeen|175\/281
|
|turn|8
|
|move|p1a: Dragonite|Thunder|p2a: Goldeen
|-supereffective|p2a: Goldeen
|-damage|p2a: Goldeen|0 fnt
|faint|p2a: Goldeen
|
|switch|p2a: Seadra|Seadra, L90|282\/282
|turn|9
|
|switch|p1a: Seadra|Seadra, L90|240\/282 slp
|move|p2a: Seadra|Blizzard|p1a: Seadra
|-resisted|p1a: Seadra
|-damage|p1a: Seadra|198\/282 slp
|
|turn|10
|
|move|p2a: Seadra|Hydro Pump|p1a: Seadra
|-resisted|p1a: Seadra
|-damage|p1a: Seadra|135\/282 slp
|cant|p1a: Seadra|slp
|
|turn|11
|
|switch|p2a: Alakazam|Alakazam, L79|249\/249
|cant|p1a: Seadra|slp
|
|turn|12
|
|switch|p1a: Slowbro|Slowbro, L79|312\/312
|move|p2a: Alakazam|Psychic|p1a: Slowbro
|-crit|p1a: Slowbro
|-resisted|p1a: Slowbro
|-damage|p1a: Slowbro|206\/312
|-unboost|p1a: Slowbro|spd|1
|-unboost|p1a: Slowbro|spa|1
|
|turn|13
|
|move|p2a: Alakazam|Seismic Toss|p1a: Slowbro
|-damage|p1a: Slowbro|127\/312
|move|p1a: Slowbro|Thunder Wave|p2a: Alakazam
|-status|p2a: Alakazam|par
|
|turn|14
|
|move|p1a: Slowbro|Amnesia|p1a: Slowbro
|-boost|p1a: Slowbro|spd|2
|-boost|p1a: Slowbro|spa|2
|move|p2a: Alakazam|Seismic Toss|p1a: Slowbro
|-damage|p1a: Slowbro|48\/312
|
|turn|15
|
|move|p1a: Slowbro|Rest|p1a: Slowbro
|-status|p1a: Slowbro|slp
|-heal|p1a: Slowbro|312\/312 slp|[silent]
|-status|p1a: Slowbro|slp|[from] move: Rest
|cant|p2a: Alakazam|par
|
|turn|16
|
|switch|p2a: Oddish|Oddish, L96|281\/281
|cant|p1a: Slowbro|slp
|
|turn|17
|
|move|p2a: Oddish|Mega Drain|p1a: Slowbro
|-supereffective|p1a: Slowbro
|-damage|p1a: Slowbro|235\/312 slp
|-curestatus|p1a: Slowbro|slp
|
|turn|18
|
|move|p2a: Oddish|Mega Drain|p1a: Slowbro
|-supereffective|p1a: Slowbro
|-damage|p1a: Slowbro|169\/312
|move|p1a: Slowbro|Amnesia|p1a: Slowbro
|-boost|p1a: Slowbro|spd|2
|-boost|p1a: Slowbro|spa|2
|
|turn|19
|
|move|p2a: Oddish|Mega Drain|p1a: Slowbro
|-supereffective|p1a: Slowbro
|-damage|p1a: Slowbro|126\/312
|move|p1a: Slowbro|Thunder Wave|p2a: Oddish
|-status|p2a: Oddish|par
|
|turn|20
|
|move|p1a: Slowbro|Amnesia|p1a: Slowbro
|-boost|p1a: Slowbro|spd|2
|-boost|p1a: Slowbro|spa|2
|move|p2a: Oddish|Mega Drain|p1a: Slowbro
|-supereffective|p1a: Slowbro
|-damage|p1a: Slowbro|95\/312
|
|turn|21
|
|move|p1a: Slowbro|Amnesia|p1a: Slowbro
|-boost|p1a: Slowbro|spd|2
|-boost|p1a: Slowbro|spa|2
|cant|p2a: Oddish|par
|
|turn|22
|
|move|p1a: Slowbro|Rest|p1a: Slowbro
|-status|p1a: Slowbro|slp
|-heal|p1a: Slowbro|312\/312 slp|[silent]
|-status|p1a: Slowbro|slp|[from] move: Rest
|move|p2a: Oddish|Mega Drain|p1a: Slowbro
|-supereffective|p1a: Slowbro
|-damage|p1a: Slowbro|285\/312 slp
|
|turn|23
|c|★Taterskinz|gg
|-message|Taterskinz forfeited.
|
|win|Mandelbrot
|leave|Taterskinz
|player|p2
|raw|Mandelbrot's rating: 1179 &rarr; <strong>1193<\/strong><br \/>(+14 for winning)
|raw|Taterskinz's rating: 1021 &rarr; <strong>1014<\/strong><br \/>(-7 for losing)