|join|gaietta
|join|MALESANI
|player|p1|gaietta|112
|player|p2|MALESANI|238
|gametype|singles
|gen|1
|tier|[Gen 1] Random Battle
|rated
|seed|63035,7157,17668,51049
|rule|Sleep Clause Mod: Limit one foe put to sleep
|rule|Freeze Clause Mod: Limit one foe frozen
|rule|HP Percentage Mod: HP is shown in percentages
|
|start
|switch|p1a: Magnemite|Magnemite, L96|243\/243
|switch|p2a: Eevee|Eevee, L96|300\/300
|turn|1
|choice|move 2|switch 5
|
|switch|p2a: Rhydon|Rhydon, L79|328\/328
|move|p1a: Magnemite|Thunder Wave|p2a: Rhydon
|-immune|p2a: Rhydon|[msg]
|
|turn|2
|choice|switch 6|move 2
|
|switch|p1a: Mew|Mew, L74|300\/300
|move|p2a: Rhydon|Rock Slide|p1a: Mew
|-damage|p1a: Mew|210\/300
|
|turn|3
|choice|move 3|move 4
|
|move|p1a: Mew|Blizzard|p2a: Rhydon
|-supereffective|p2a: Rhydon
|-damage|p2a: Rhydon|105\/328
|move|p2a: Rhydon|Earthquake|p1a: Mew
|-damage|p1a: Mew|95\/300
|
|turn|4
|choice|move 3|switch 3
|
|switch|p2a: Gyarados|Gyarados, L85|335\/335
|move|p1a: Mew|Blizzard|p2a: Gyarados
|-damage|p2a: Gyarados|273\/335
|
|turn|5
|choice|move 4|move 1
|
|move|p2a: Gyarados|Surf|p1a: Mew
|-damage|p1a: Mew|0 fnt
|faint|p1a: Mew
|choice|switch 6|
|
|switch|p1a: Magnemite|Magnemite, L96|243\/243
|turn|6
|choice|switch 5|switch 3
|
|switch|p2a: Rhydon|Rhydon, L79|105\/328
|switch|p1a: Omastar|Omastar, L90|309\/309
|
|turn|7
|choice|move 1|switch 3
|
|switch|p2a: Gyarados|Gyarados, L85|273\/335
|move|p1a: Omastar|Blizzard|p2a: Gyarados
|-damage|p2a: Gyarados|182\/335
|
|turn|8
|choice|move 1|move 4
|
|move|p2a: Gyarados|Thunderbolt|p1a: Omastar
|-supereffective|p1a: Omastar
|-damage|p1a: Omastar|193\/309
|-status|p1a: Omastar|par
|move|p1a: Omastar|Blizzard|p2a: Gyarados
|-crit|p2a: Gyarados
|-damage|p2a: Gyarados|0 fnt
|faint|p2a: Gyarados
|choice||switch 2
|
|switch|p2a: Kangaskhan|Kangaskhan, L85|352\/352
|turn|9
|choice|move 1|move 4
|
|move|p2a: Kangaskhan|Earthquake|p1a: Omastar
|-supereffective|p1a: Omastar
|-damage|p1a: Omastar|90\/309 par
|cant|p1a: Omastar|par
|
|turn|10
|choice|move 4|move 4
|
|move|p2a: Kangaskhan|Earthquake|p1a: Omastar
|-supereffective|p1a: Omastar
|-damage|p1a: Omastar|0 fnt
|faint|p1a: Omastar
|choice|switch 2|
|
|switch|p1a: Magmar|Magmar, L90|300\/300
|turn|11
|choice|move 1|move 4
|
|move|p1a: Magmar|Fire Blast|p2a: Kangaskhan
|-crit|p2a: Kangaskhan
|-damage|p2a: Kangaskhan|0 fnt
|faint|p2a: Kangaskhan
|choice||switch 4
|
|switch|p2a: Nidoking|Nidoking, L85|311\/311
|turn|12
|choice|move 1|move 1
|
|move|p1a: Magmar|Fire Blast|p2a: Nidoking
|-damage|p2a: Nidoking|157\/311
|move|p2a: Nidoking|Earthquake|p1a: Magmar
|-supereffective|p1a: Magmar
|-damage|p1a: Magmar|44\/300
|
|turn|13
|choice|move 3|move 3
|
|move|p1a: Magmar|Hyper Beam|p2a: Nidoking
|-damage|p2a: Nidoking|32\/311
|move|p2a: Nidoking|Body Slam|p1a: Magmar
|-damage|p1a: Magmar|0 fnt
|faint|p1a: Magmar
|choice|switch 3|
|
|switch|p1a: Porygon|Porygon, L85|284\/284
|turn|14
|choice|move 3|move 1
|
|move|p2a: Nidoking|Earthquake|p1a: Porygon
|-damage|p1a: Porygon|159\/284
|move|p1a: Porygon|Tri Attack|p2a: Nidoking
|-damage|p2a: Nidoking|0 fnt
|faint|p2a: Nidoking
|choice||switch 5
|
|switch|p2a: Eevee|Eevee, L96|300\/300
|turn|15
|choice|move 2|move 2
|
|move|p2a: Eevee|Toxic|p1a: Porygon
|-status|p1a: Porygon|tox
|move|p1a: Porygon|Thunder Wave|p2a: Eevee
|-status|p2a: Eevee|par
|-damage|p1a: Porygon|142\/284 tox|[from] tox|[of] p2a: Eevee
|
|turn|16
|choice|move 1|move 1
|
|move|p1a: Porygon|Recover|p1a: Porygon
|-heal|p1a: Porygon|284\/284 tox
|-damage|p1a: Porygon|250\/284 tox|[from] psn
|cant|p2a: Eevee|par
|
|turn|17
|choice|move 3|move 3
|
|move|p1a: Porygon|Tri Attack|p2a: Eevee
|-damage|p2a: Eevee|216\/300 par
|-damage|p1a: Porygon|199\/284 tox|[from] tox|[of] p2a: Eevee
|cant|p2a: Eevee|par
|
|turn|18
|choice|move 3|move 3
|
|move|p1a: Porygon|Tri Attack|p2a: Eevee
|-damage|p2a: Eevee|133\/300 par
|-damage|p1a: Porygon|131\/284 tox|[from] tox|[of] p2a: Eevee
|cant|p2a: Eevee|par
|
|turn|19
|choice|move 3|move 3
|
|move|p1a: Porygon|Tri Attack|p2a: Eevee
|-damage|p2a: Eevee|53\/300 par
|-damage|p1a: Porygon|46\/284 tox|[from] tox|[of] p2a: Eevee
|move|p2a: Eevee|Mimic|p1a: Porygon
|-start|p2a: Eevee|Mimic|Thunder Wave
|
|turn|20
|choice|move 1|move 1
|
|move|p1a: Porygon|Recover|p1a: Porygon
|-heal|p1a: Porygon|188\/284 tox
|-damage|p1a: Porygon|86\/284 tox|[from] psn
|move|p2a: Eevee|Body Slam|p1a: Porygon
|-damage|p1a: Porygon|0 fnt
|faint|p1a: Porygon
|choice|switch 5|
|
|switch|p1a: Magnemite|Magnemite, L96|243\/243
|turn|21
|choice|move 3|move 2
|
|move|p1a: Magnemite|Double-Edge|p2a: Eevee
|-damage|p2a: Eevee|0 fnt
|-damage|p1a: Magnemite|230\/243|[from] recoil|[of] p2a: Eevee
|faint|p2a: Eevee
|choice||switch 3
|
|switch|p2a: Rhydon|Rhydon, L79|105\/328
|turn|22
|choice|move 3|move 4
|
|move|p1a: Magnemite|Double-Edge|p2a: Rhydon
|-resisted|p2a: Rhydon
|-damage|p2a: Rhydon|84\/328
|-damage|p1a: Magnemite|225\/243|[from] recoil|[of] p2a: Rhydon
|move|p2a: Rhydon|Earthquake|p1a: Magnemite
|-supereffective|p1a: Magnemite
|-damage|p1a: Magnemite|0 fnt
|faint|p1a: Magnemite
|choice|switch 4|
|
|switch|p1a: Metapod|Metapod, L99|300\/300
|turn|23
|choice|move 3|switch 6
|
|switch|p2a: Kabutops|Kabutops, L85|276\/276
|move|p1a: Metapod|Tackle|p2a: Kabutops
|-resisted|p2a: Kabutops
|-damage|p2a: Kabutops|269\/276
|
|turn|24
|choice|move 2|move 3
|
|move|p2a: Kabutops|Surf|p1a: Metapod
|-damage|p1a: Metapod|167\/300
|move|p1a: Metapod|Harden|p1a: Metapod
|-boost|p1a: Metapod|def|1
|
|turn|25
|choice|move 2|move 1
|
|move|p2a: Kabutops|Body Slam|p1a: Metapod
|-damage|p1a: Metapod|115\/300
|move|p1a: Metapod|Harden|p1a: Metapod
|-boost|p1a: Metapod|def|1
|
|turn|26
|choice|move 1|move 3
|
|move|p2a: Kabutops|Surf|p1a: Metapod
|-damage|p1a: Metapod|0 fnt
|faint|p1a: Metapod
|
|win|MALESANI
|raw|gaietta's rating: 1299 &rarr; <strong>1272<\/strong><br \/>(-27 for losing)
|raw|MALESANI's rating: 1270 &rarr; <strong>1297<\/strong><br \/>(+27 for winning)