|join|Peasounay
|join|XianJu
|player|p1|Peasounay|80
|player|p2|XianJu|130
|gametype|singles
|gen|1
|tier|[Gen 1] OU
|rated
|seed|48660,23591,30477,52976
|rule|Sleep Clause Mod: Limit one foe put to sleep
|rule|Freeze Clause Mod: Limit one foe frozen
|rule|Species Clause: Limit one of each Pokémon
|rule|OHKO Clause: OHKO moves are banned
|rule|Evasion Moves Clause: Evasion moves are banned
|rule|HP Percentage Mod: HP is shown in percentages
|
|start
|switch|p1a: WellIStallYourFace|Alakazam|313\/313
|switch|p2a: Alakazam|Alakazam|313\/313
|turn|1
|choice|switch 2|switch 3
|
|switch|p1a: Wear Candoms Kid|Exeggutor|393\/393
|switch|p2a: Chansey|Chansey|703\/703
|
|turn|2
|choice|move 1|switch 3
|
|switch|p2a: Alakazam|Alakazam|313\/313
|move|p1a: Wear Candoms Kid|Sleep Powder|p2a: Alakazam|[miss]
|-miss|p1a: Wear Candoms Kid
|
|turn|3
|choice|move 1|move 4
|
|move|p2a: Alakazam|Reflect|p2a: Alakazam
|-start|p2a: Alakazam|Reflect
|move|p1a: Wear Candoms Kid|Sleep Powder|p2a: Alakazam
|-status|p2a: Alakazam|slp
|
|turn|4
|choice|move 2|move 1
|
|cant|p2a: Alakazam|slp
|move|p1a: Wear Candoms Kid|Psychic|p2a: Alakazam
|-resisted|p2a: Alakazam
|-damage|p2a: Alakazam|263\/313 slp
|-unboost|p2a: Alakazam|spd|1
|-unboost|p2a: Alakazam|spa|1
|
|turn|5
|choice|move 2|move 1
|
|cant|p2a: Alakazam|slp
|move|p1a: Wear Candoms Kid|Psychic|p2a: Alakazam
|-resisted|p2a: Alakazam
|-damage|p2a: Alakazam|191\/313 slp
|-unboost|p2a: Alakazam|spd|1
|-unboost|p2a: Alakazam|spa|1
|
|turn|6
|choice|move 2|move 1
|
|cant|p2a: Alakazam|slp
|move|p1a: Wear Candoms Kid|Psychic|p2a: Alakazam
|-resisted|p2a: Alakazam
|-damage|p2a: Alakazam|95\/313 slp
|
|turn|7
|choice|move 2|switch 6
|
|switch|p2a: Gengar|Gengar|323\/323
|move|p1a: Wear Candoms Kid|Psychic|p2a: Gengar
|-crit|p2a: Gengar
|-supereffective|p2a: Gengar
|-damage|p2a: Gengar|0 fnt
|faint|p2a: Gengar
|choice||switch 3
|
|switch|p2a: Chansey|Chansey|703\/703
|turn|8
|choice|move 2|move 1
|
|move|p1a: Wear Candoms Kid|Psychic|p2a: Chansey
|-damage|p2a: Chansey|587\/703
|move|p2a: Chansey|Ice Beam|p1a: Wear Candoms Kid
|-supereffective|p1a: Wear Candoms Kid
|-damage|p1a: Wear Candoms Kid|268\/393
|
|turn|9
|choice|move 4|switch 6
|
|switch|p2a: Alakazam|Alakazam|95\/313 slp
|move|p1a: Wear Candoms Kid|Explosion|p2a: Alakazam
|-damage|p2a: Alakazam|0 fnt
|faint|p2a: Alakazam
|faint|p1a: Wear Candoms Kid
|choice|switch 2|switch 4
|
|switch|p1a: WellIStallYourFace|Alakazam|313\/313
|switch|p2a: Exeggutor|Exeggutor|393\/393
|turn|10
|choice|move 1|move 1
|
|move|p1a: WellIStallYourFace|Thunder Wave|p2a: Exeggutor
|-status|p2a: Exeggutor|par
|cant|p2a: Exeggutor|par
|
|turn|11
|choice|move 4|move 1
|
|move|p1a: WellIStallYourFace|Seismic Toss|p2a: Exeggutor
|-damage|p2a: Exeggutor|293\/393 par
|move|p2a: Exeggutor|Sleep Powder|p1a: WellIStallYourFace|[miss]
|-miss|p2a: Exeggutor
|
|turn|12
|choice|move 4|move 1
|
|move|p1a: WellIStallYourFace|Seismic Toss|p2a: Exeggutor
|-damage|p2a: Exeggutor|193\/393 par
|move|p2a: Exeggutor|Sleep Powder|p1a: WellIStallYourFace|[miss]
|-miss|p2a: Exeggutor
|
|turn|13
|choice|move 4|move 1
|
|move|p1a: WellIStallYourFace|Seismic Toss|p2a: Exeggutor
|-damage|p2a: Exeggutor|93\/393 par
|move|p2a: Exeggutor|Sleep Powder|p1a: WellIStallYourFace
|-status|p1a: WellIStallYourFace|slp
|
|turn|14
|choice|move 4|switch 2
|
|switch|p2a: Rhydon|Rhydon|413\/413
|cant|p1a: WellIStallYourFace|slp
|
|turn|15
|choice|switch 5|move 3
|
|switch|p1a: I Own RBY|Chansey|703\/703
|move|p2a: Rhydon|Substitute|p2a: Rhydon
|-start|p2a: Rhydon|Substitute
|-damage|p2a: Rhydon|310\/413
|
|turn|16
|choice|move 4|move 1
|
|move|p1a: I Own RBY|Reflect|p1a: I Own RBY
|-start|p1a: I Own RBY|Reflect
|move|p2a: Rhydon|Earthquake|p1a: I Own RBY
|-damage|p1a: I Own RBY|510\/703
|
|turn|17
|choice|move 2|move 4
|
|move|p1a: I Own RBY|Seismic Toss|p2a: Rhydon
|-activate|p2a: Rhydon|Substitute|[damage]
|move|p2a: Rhydon|Body Slam|p1a: I Own RBY
|-damage|p1a: I Own RBY|404\/703
|
|turn|18
|choice|move 2|move 4
|
|move|p1a: I Own RBY|Seismic Toss|p2a: Rhydon
|-end|p2a: Rhydon|Substitute
|move|p2a: Rhydon|Body Slam|p1a: I Own RBY
|-damage|p1a: I Own RBY|293\/703
|
|turn|19
|choice|move 2|move 1
|
|move|p1a: I Own RBY|Seismic Toss|p2a: Rhydon
|-damage|p2a: Rhydon|210\/413
|move|p2a: Rhydon|Earthquake|p1a: I Own RBY
|-damage|p1a: I Own RBY|89\/703
|
|turn|20
|choice|move 1|move 3
|
|move|p1a: I Own RBY|Soft-Boiled|p1a: I Own RBY
|-heal|p1a: I Own RBY|440\/703
|move|p2a: Rhydon|Substitute|p2a: Rhydon
|-start|p2a: Rhydon|Substitute
|-damage|p2a: Rhydon|107\/413
|
|turn|21
|choice|move 2|move 4
|
|move|p1a: I Own RBY|Seismic Toss|p2a: Rhydon
|-activate|p2a: Rhydon|Substitute|[damage]
|move|p2a: Rhydon|Body Slam|p1a: I Own RBY
|-damage|p1a: I Own RBY|337\/703
|
|turn|22
|choice|move 2|move 4
|
|move|p1a: I Own RBY|Seismic Toss|p2a: Rhydon
|-end|p2a: Rhydon|Substitute
|move|p2a: Rhydon|Body Slam|p1a: I Own RBY
|-damage|p1a: I Own RBY|233\/703
|
|turn|23
|choice|move 2|move 1
|
|move|p1a: I Own RBY|Seismic Toss|p2a: Rhydon
|-damage|p2a: Rhydon|7\/413
|move|p2a: Rhydon|Earthquake|p1a: I Own RBY
|-damage|p1a: I Own RBY|47\/703
|
|turn|24
|choice|move 1|move 1
|
|move|p1a: I Own RBY|Soft-Boiled|p1a: I Own RBY
|-heal|p1a: I Own RBY|398\/703
|move|p2a: Rhydon|Earthquake|p1a: I Own RBY
|-damage|p1a: I Own RBY|199\/703
|
|turn|25
|choice|move 1|move 1
|
|move|p1a: I Own RBY|Soft-Boiled|p1a: I Own RBY
|-heal|p1a: I Own RBY|550\/703
|move|p2a: Rhydon|Earthquake|p1a: I Own RBY
|-damage|p1a: I Own RBY|361\/703
|
|turn|26
|choice|move 2|switch 5
|
|switch|p2a: Starmie|Starmie|323\/323
|move|p1a: I Own RBY|Seismic Toss|p2a: Starmie
|-damage|p2a: Starmie|223\/323
|
|turn|27
|choice|move 3|move 1
|
|move|p2a: Starmie|Surf|p1a: I Own RBY
|-damage|p1a: I Own RBY|246\/703
|move|p1a: I Own RBY|Thunder Wave|p2a: Starmie
|-status|p2a: Starmie|par
|
|turn|28
|choice|move 1|move 1
|
|move|p1a: I Own RBY|Soft-Boiled|p1a: I Own RBY
|-heal|p1a: I Own RBY|597\/703
|move|p2a: Starmie|Surf|p1a: I Own RBY
|-damage|p1a: I Own RBY|496\/703
|
|turn|29
|choice|move 2|switch 6
|
|switch|p2a: Chansey|Chansey|587\/703
|move|p1a: I Own RBY|Seismic Toss|p2a: Chansey
|-damage|p2a: Chansey|487\/703
|
|turn|30
|choice|move 3|move 1
|
|move|p2a: Chansey|Ice Beam|p1a: I Own RBY
|-damage|p1a: I Own RBY|415\/703
|move|p1a: I Own RBY|Thunder Wave|p2a: Chansey
|-status|p2a: Chansey|par
|
|turn|31
|choice|move 2|move 2
|
|move|p1a: I Own RBY|Seismic Toss|p2a: Chansey
|-damage|p2a: Chansey|387\/703 par
|cant|p2a: Chansey|par
|
|turn|32
|choice|switch 3|move 2
|
|switch|p1a: Yo Momma|Snorlax|523\/523
|move|p2a: Chansey|Soft-Boiled|p2a: Chansey
|-heal|p2a: Chansey|703\/703 par
|
|turn|33
|choice|move 1|switch 5
|
|switch|p2a: Rhydon|Rhydon|7\/413
|move|p1a: Yo Momma|Body Slam|p2a: Rhydon
|-resisted|p2a: Rhydon
|-damage|p2a: Rhydon|0 fnt
|faint|p2a: Rhydon
|choice||switch 6
|
|switch|p2a: Starmie|Starmie|223\/323 par
|turn|34
|choice|move 1|move 4
|
|move|p1a: Yo Momma|Body Slam|p2a: Starmie
|-damage|p2a: Starmie|110\/323 par
|cant|p2a: Starmie|par
|
|turn|35
|choice|move 3|move 4
|
|move|p1a: Yo Momma|Hyper Beam|p2a: Starmie
|-damage|p2a: Starmie|0 fnt
|faint|p2a: Starmie
|choice||switch 5
|
|switch|p2a: Chansey|Chansey|703\/703 par
|turn|36
|choice|move 1|move 3
|
|move|p1a: Yo Momma|Body Slam|p2a: Chansey
|-damage|p2a: Chansey|419\/703 par
|cant|p2a: Chansey|par
|
|turn|37
|choice|move 3|move 2
|
|move|p1a: Yo Momma|Hyper Beam|p2a: Chansey|[miss]
|-miss|p1a: Yo Momma
|cant|p2a: Chansey|par
|
|turn|38
|choice|move 3|move 3
|
|move|p1a: Yo Momma|Hyper Beam|p2a: Chansey
|-damage|p2a: Chansey|0 fnt
|faint|p2a: Chansey
|choice||switch 2
|
|switch|p2a: Exeggutor|Exeggutor|93\/393 par
|turn|39
|choice|move 1|move 4
|
|move|p1a: Yo Momma|Body Slam|p2a: Exeggutor
|-damage|p2a: Exeggutor|0 fnt
|faint|p2a: Exeggutor
|
|win|Peasounay
|raw|Peasounay's rating: 1175 &rarr; <strong>1197<\/strong><br \/>(+22 for winning)
|raw|XianJu's rating: 1136 &rarr; <strong>1114<\/strong><br \/>(-22 for losing)
|c|★Peasounay|waiting for the insults in pm :)
|leave|Peasounay
|player|p1
|c|★XianJu|why? i am not luck you
|c|★XianJu|like you*
|c|★XianJu|im not gonna be stalking you in the battles and all that
|c|★XianJu|im glad you finally won
|c|★XianJu|that much amount of luck was needed to finally beat me
|c|★XianJu|http:\/\/pokemonshowdown.com\/replay\/gen1ou-292450740