|j|trickster is a nig
|j|zewing
|player|p1|trickster is a nig|102
|player|p2|zewing|241
|gametype|singles
|gen|1
|tier|[Gen 1] Random Battle
|rated
|seed|
|rule|Sleep Clause Mod: Limit one foe put to sleep
|rule|Freeze Clause Mod: Limit one foe frozen
|rule|HP Percentage Mod: HP is shown in percentages
|
|start
|switch|p1a: Nidoking|Nidoking, L85|100\/100
|switch|p2a: Arbok|Arbok, L90|100\/100
|turn|1
|choice||
|
|move|p2a: Arbok|Glare|p1a: Nidoking
|-status|p1a: Nidoking|par
|move|p1a: Nidoking|Earthquake|p2a: Arbok
|-supereffective|p2a: Arbok
|-damage|p2a: Arbok|21\/100
|
|turn|2
|choice||
|
|switch|p2a: Wigglytuff|Wigglytuff, L90|100\/100
|move|p1a: Nidoking|Body Slam|p2a: Wigglytuff
|-damage|p2a: Wigglytuff|83\/100
|
|turn|3
|choice||
|
|switch|p1a: Dewgong|Dewgong, L85|100\/100
|move|p2a: Wigglytuff|Blizzard|p1a: Dewgong
|-resisted|p1a: Dewgong
|-damage|p1a: Dewgong|96\/100
|
|turn|4
|choice||
|
|move|p1a: Dewgong|Blizzard|p2a: Wigglytuff
|-damage|p2a: Wigglytuff|43\/100
|-status|p2a: Wigglytuff|frz
|cant|p2a: Wigglytuff|frz
|
|turn|5
|choice||
|
|switch|p2a: Kadabra|Kadabra, L85|100\/100
|move|p1a: Dewgong|Surf|p2a: Kadabra
|-damage|p2a: Kadabra|67\/100
|
|turn|6
|choice||
|
|move|p2a: Kadabra|Psychic|p1a: Dewgong
|-damage|p1a: Dewgong|60\/100
|-unboost|p1a: Dewgong|spd|1
|-unboost|p1a: Dewgong|spa|1
|move|p1a: Dewgong|Body Slam|p2a: Kadabra
|-damage|p2a: Kadabra|29\/100
|-status|p2a: Kadabra|par
|
|turn|7
|choice||
|
|move|p1a: Dewgong|Body Slam|p2a: Kadabra
|-crit|p2a: Kadabra
|-damage|p2a: Kadabra|0 fnt
|faint|p2a: Kadabra
|choice||
|
|switch|p2a: Lapras|Lapras, L79|100\/100
|turn|8
|choice||
|
|switch|p1a: Nidoking|Nidoking, L85|100\/100 par
|move|p2a: Lapras|Confuse Ray|p1a: Nidoking
|-start|p1a: Nidoking|confusion
|
|turn|9
|choice||
|
|switch|p1a: Dewgong|Dewgong, L85|60\/100
|move|p2a: Lapras|Body Slam|p1a: Dewgong
|-damage|p1a: Dewgong|46\/100
|-status|p1a: Dewgong|par
|
|turn|10
|choice||
|
|move|p2a: Lapras|Confuse Ray|p1a: Dewgong
|-start|p1a: Dewgong|confusion
|-activate|p1a: Dewgong|confusion
|-damage|p1a: Dewgong|38\/100 par|[from] confusion
|
|turn|11
|choice||
|
|move|p2a: Lapras|Body Slam|p1a: Dewgong
|-damage|p1a: Dewgong|23\/100 par
|-activate|p1a: Dewgong|confusion
|move|p1a: Dewgong|Body Slam|p2a: Lapras
|-damage|p2a: Lapras|84\/100
|
|turn|12
|choice||
|
|move|p2a: Lapras|Body Slam|p1a: Dewgong
|-damage|p1a: Dewgong|7\/100 par
|-activate|p1a: Dewgong|confusion
|-damage|p1a: Dewgong|0 fnt|[from] confusion
|faint|p1a: Dewgong
|choice||
|
|switch|p1a: Wartortle|Wartortle, L85|100\/100
|turn|13
|choice||
|
|move|p1a: Wartortle|Body Slam|p2a: Lapras
|-damage|p2a: Lapras|68\/100
|move|p2a: Lapras|Confuse Ray|p1a: Wartortle
|-start|p1a: Wartortle|confusion
|
|turn|14
|choice||
|
|-activate|p1a: Wartortle|confusion
|move|p1a: Wartortle|Body Slam|p2a: Lapras
|-damage|p2a: Lapras|53\/100
|move|p2a: Lapras|Body Slam|p1a: Wartortle
|-crit|p1a: Wartortle
|-damage|p1a: Wartortle|65\/100
|
|turn|15
|choice||
|
|-activate|p1a: Wartortle|confusion
|move|p1a: Wartortle|Body Slam|p2a: Lapras
|-damage|p2a: Lapras|40\/100
|move|p2a: Lapras|Body Slam|p1a: Wartortle
|-damage|p1a: Wartortle|47\/100
|
|turn|16
|j|Togekiss 2.0
|choice||
|
|-end|p1a: Wartortle|confusion
|move|p1a: Wartortle|Body Slam|p2a: Lapras
|-damage|p2a: Lapras|26\/100
|move|p2a: Lapras|Body Slam|p1a: Wartortle
|-damage|p1a: Wartortle|29\/100
|
|turn|17
|choice||
|
|move|p1a: Wartortle|Body Slam|p2a: Lapras
|-damage|p2a: Lapras|12\/100
|move|p2a: Lapras|Confuse Ray|p1a: Wartortle
|-start|p1a: Wartortle|confusion
|
|turn|18
|choice||
|
|-activate|p1a: Wartortle|confusion
|move|p1a: Wartortle|Body Slam|p2a: Lapras
|-damage|p2a: Lapras|0 fnt
|faint|p2a: Lapras
|l|Togekiss 2.0
|choice||
|
|switch|p2a: Arbok|Arbok, L90|21\/100
|turn|19
|choice||
|
|move|p2a: Arbok|Body Slam|p1a: Wartortle
|-damage|p1a: Wartortle|3\/100
|-activate|p1a: Wartortle|confusion
|-damage|p1a: Wartortle|0 fnt|[from] confusion
|faint|p1a: Wartortle
|choice||
|
|switch|p1a: Dragonite|Dragonite, L85|100\/100
|turn|20
|choice||
|
|switch|p1a: Nidoking|Nidoking, L85|100\/100 par
|move|p2a: Arbok|Hyper Beam|p1a: Nidoking
|-damage|p1a: Nidoking|65\/100 par
|
|turn|21
|-mustrecharge|p2a: Arbok
|-mustrecharge|p2a: Arbok
|choice||
|
|cant|p2a: Arbok|recharge
|move|p1a: Nidoking|Earthquake|p2a: Arbok
|-supereffective|p2a: Arbok
|-damage|p2a: Arbok|0 fnt
|faint|p2a: Arbok
|choice||
|
|switch|p2a: Slowbro|Slowbro, L79|100\/100
|turn|22
|choice||
|
|move|p2a: Slowbro|Thunder Wave|p1a: Nidoking
|-immune|p1a: Nidoking|[msg]
|move|p1a: Nidoking|Earthquake|p2a: Slowbro
|-crit|p2a: Slowbro
|-damage|p2a: Slowbro|40\/100
|
|turn|23
|choice||
|
|move|p2a: Slowbro|Surf|p1a: Nidoking
|-supereffective|p1a: Nidoking
|-damage|p1a: Nidoking|7\/100 par
|cant|p1a: Nidoking|par
|
|turn|24
|choice||
|
|move|p2a: Slowbro|Amnesia|p2a: Slowbro
|-boost|p2a: Slowbro|spd|2
|-boost|p2a: Slowbro|spa|2
|cant|p1a: Nidoking|par
|
|turn|25
|choice||
|
|move|p2a: Slowbro|Surf|p1a: Nidoking
|-supereffective|p1a: Nidoking
|-damage|p1a: Nidoking|0 fnt
|faint|p1a: Nidoking
|choice||
|
|switch|p1a: Dragonite|Dragonite, L85|100\/100
|turn|26
|choice||
|
|move|p1a: Dragonite|Thunder Wave|p2a: Slowbro
|-status|p2a: Slowbro|par
|move|p2a: Slowbro|Thunder Wave|p1a: Dragonite
|-status|p1a: Dragonite|par
|
|turn|27
|choice||
|
|move|p1a: Dragonite|Surf|p2a: Slowbro
|-resisted|p2a: Slowbro
|-damage|p2a: Slowbro|34\/100 par
|move|p2a: Slowbro|Surf|p1a: Dragonite
|-resisted|p1a: Dragonite
|-damage|p1a: Dragonite|80\/100 par
|
|turn|28
|choice||
|
|cant|p1a: Dragonite|par
|cant|p2a: Slowbro|par
|
|turn|29
|choice||
|
|move|p1a: Dragonite|Surf|p2a: Slowbro
|-resisted|p2a: Slowbro
|-damage|p2a: Slowbro|27\/100 par
|move|p2a: Slowbro|Rest|p2a: Slowbro
|-status|p2a: Slowbro|slp
|-heal|p2a: Slowbro|100\/100 slp|[silent]
|-status|p2a: Slowbro|slp|[from] move: Rest
|
|turn|30
|choice||
|
|switch|p1a: Kadabra|Kadabra, L85|100\/100
|cant|p2a: Slowbro|slp
|
|turn|31
|choice||
|
|move|p1a: Kadabra|Psychic|p2a: Slowbro
|-resisted|p2a: Slowbro
|-damage|p2a: Slowbro|90\/100 slp
|-curestatus|p2a: Slowbro|slp
|
|turn|32
|choice||
|
|switch|p1a: Dragonite|Dragonite, L85|80\/100 par
|move|p2a: Slowbro|Thunder Wave|p1a: Dragonite
|-fail|p1a: Dragonite|par
|
|turn|33
|choice||
|
|move|p1a: Dragonite|Thunder Wave|p2a: Slowbro
|-status|p2a: Slowbro|par
|move|p2a: Slowbro|Amnesia|p2a: Slowbro
|-boost|p2a: Slowbro|spd|2
|-boost|p2a: Slowbro|spa|2
|
|turn|34
|choice||
|
|cant|p1a: Dragonite|par
|move|p2a: Slowbro|Surf|p1a: Dragonite
|-resisted|p1a: Dragonite
|-damage|p1a: Dragonite|47\/100 par
|
|turn|35
|choice||
|
|move|p1a: Dragonite|Surf|p2a: Slowbro
|-resisted|p2a: Slowbro
|-damage|p2a: Slowbro|86\/100 par
|cant|p2a: Slowbro|par
|
|turn|36
|choice||
|
|move|p1a: Dragonite|Surf|p2a: Slowbro
|-resisted|p2a: Slowbro
|-damage|p2a: Slowbro|82\/100 par
|cant|p2a: Slowbro|par
|
|turn|37
|choice||
|
|move|p1a: Dragonite|Surf|p2a: Slowbro
|-resisted|p2a: Slowbro
|-damage|p2a: Slowbro|78\/100 par
|cant|p2a: Slowbro|par
|
|turn|38
|choice||
|
|move|p1a: Dragonite|Surf|p2a: Slowbro
|-resisted|p2a: Slowbro
|-damage|p2a: Slowbro|74\/100 par
|move|p2a: Slowbro|Amnesia|p2a: Slowbro
|-boost|p2a: Slowbro|spd|2
|-boost|p2a: Slowbro|spa|2
|
|turn|39
|choice||
|
|move|p2a: Slowbro|Rest|p2a: Slowbro
|-status|p2a: Slowbro|slp
|-heal|p2a: Slowbro|100\/100 slp|[silent]
|-status|p2a: Slowbro|slp|[from] move: Rest
|move|p1a: Dragonite|Surf|p2a: Slowbro|[miss]
|-miss|p1a: Dragonite
|
|turn|40
|choice||
|
|cant|p2a: Slowbro|slp
|move|p1a: Dragonite|Surf|p2a: Slowbro
|-crit|p2a: Slowbro
|-resisted|p2a: Slowbro
|-damage|p2a: Slowbro|76\/100 slp
|
|turn|41
|choice||
|
|-curestatus|p2a: Slowbro|slp
|move|p1a: Dragonite|Surf|p2a: Slowbro
|-resisted|p2a: Slowbro
|-damage|p2a: Slowbro|73\/100
|
|turn|42
|choice||
|
|move|p2a: Slowbro|Surf|p1a: Dragonite
|-resisted|p1a: Dragonite
|-damage|p1a: Dragonite|6\/100 par
|move|p1a: Dragonite|Thunder Wave|p2a: Slowbro
|-status|p2a: Slowbro|par
|
|turn|43
|choice||
|
|move|p1a: Dragonite|Surf|p2a: Slowbro
|-resisted|p2a: Slowbro
|-damage|p2a: Slowbro|70\/100 par
|move|p2a: Slowbro|Surf|p1a: Dragonite
|-resisted|p1a: Dragonite
|-damage|p1a: Dragonite|0 fnt
|faint|p1a: Dragonite
|choice||
|
|switch|p1a: Rapidash|Rapidash, L90|100\/100
|turn|44
|choice||
|
|move|p1a: Rapidash|Substitute|p1a: Rapidash
|-start|p1a: Rapidash|Substitute
|-damage|p1a: Rapidash|75\/100
|move|p2a: Slowbro|Surf|p1a: Rapidash
|-supereffective|p1a: Rapidash
|-end|p1a: Rapidash|Substitute
|
|turn|45
|choice||
|
|move|p1a: Rapidash|Substitute|p1a: Rapidash
|-start|p1a: Rapidash|Substitute
|-damage|p1a: Rapidash|50\/100
|move|p2a: Slowbro|Surf|p1a: Rapidash
|-supereffective|p1a: Rapidash
|-end|p1a: Rapidash|Substitute
|
|turn|46
|choice||
|
|move|p1a: Rapidash|Substitute|p1a: Rapidash
|-start|p1a: Rapidash|Substitute
|-damage|p1a: Rapidash|25\/100
|move|p2a: Slowbro|Surf|p1a: Rapidash
|-supereffective|p1a: Rapidash
|-end|p1a: Rapidash|Substitute
|
|turn|47
|choice||
|
|move|p1a: Rapidash|Hyper Beam|p2a: Slowbro
|-damage|p2a: Slowbro|35\/100 par
|cant|p2a: Slowbro|par
|
|turn|48
|-mustrecharge|p1a: Rapidash
|-mustrecharge|p1a: Rapidash
|choice||
|
|cant|p1a: Rapidash|recharge
|cant|p2a: Slowbro|par
|
|turn|49
|choice||
|
|move|p1a: Rapidash|Hyper Beam|p2a: Slowbro
|-damage|p2a: Slowbro|2\/100 par
|move|p2a: Slowbro|Surf|p1a: Rapidash
|-supereffective|p1a: Rapidash
|-damage|p1a: Rapidash|0 fnt
|faint|p1a: Rapidash
|choice||
|
|switch|p1a: Kadabra|Kadabra, L85|100\/100
|turn|50
|choice||
|
|move|p1a: Kadabra|Psychic|p2a: Slowbro
|-resisted|p2a: Slowbro
|-damage|p2a: Slowbro|0 fnt
|faint|p2a: Slowbro
|choice||
|
|switch|p2a: Arcanine|Arcanine, L85|100\/100
|turn|51
|choice||
|
|move|p1a: Kadabra|Psychic|p2a: Arcanine
|-damage|p2a: Arcanine|66\/100
|-unboost|p2a: Arcanine|spd|1
|-unboost|p2a: Arcanine|spa|1
|move|p2a: Arcanine|Body Slam|p1a: Kadabra
|-crit|p1a: Kadabra
|-damage|p1a: Kadabra|11\/100
|-status|p1a: Kadabra|par
|
|turn|52
|choice||
|
|move|p2a: Arcanine|Body Slam|p1a: Kadabra
|-damage|p1a: Kadabra|0 fnt
|faint|p1a: Kadabra
|
|win|zewing
|player|p1
|player|p2
|c|★zewing|god damn dude nice match
|raw|trickster is a nig's rating: 1508 &rarr; <strong>1476<\/strong><br \/>(-32 for losing)
|raw|zewing's rating: 1268 &rarr; <strong>1308<\/strong><br \/>(+40 for winning)