|join|Psychedelic Trip
|join|jart1990
|player|p1|Psychedelic Trip|168
|player|p2|jart1990|265
|gametype|singles
|gen|1
|tier|[Gen 1] Random Battle
|rated
|rule|Sleep Clause Mod: Limit one foe put to sleep
|rule|Freeze Clause Mod: Limit one foe frozen
|rule|HP Percentage Mod: HP is shown in percentages
|
|start
|switch|p1a: Wigglytuff|Wigglytuff, L86|416\/416
|switch|p2a: Poliwag|Poliwag, L95|269\/269
|turn|1
|
|move|p2a: Poliwag|Hypnosis|p1a: Wigglytuff
|-status|p1a: Wigglytuff|slp
|cant|p1a: Wigglytuff|slp
|
|turn|2
|
|move|p2a: Poliwag|Amnesia|p2a: Poliwag
|-boost|p2a: Poliwag|spd|2
|-boost|p2a: Poliwag|spa|2
|cant|p1a: Wigglytuff|slp
|
|turn|3
|
|move|p2a: Poliwag|Amnesia|p2a: Poliwag
|-boost|p2a: Poliwag|spd|2
|-boost|p2a: Poliwag|spa|2
|cant|p1a: Wigglytuff|slp
|-curestatus|p1a: Wigglytuff|slp
|
|turn|4
|
|move|p2a: Poliwag|Hypnosis|p1a: Wigglytuff
|-status|p1a: Wigglytuff|slp
|cant|p1a: Wigglytuff|slp
|-curestatus|p1a: Wigglytuff|slp
|
|turn|5
|
|move|p2a: Poliwag|Hypnosis|p1a: Wigglytuff
|-status|p1a: Wigglytuff|slp
|cant|p1a: Wigglytuff|slp
|
|turn|6
|
|move|p2a: Poliwag|Amnesia|p2a: Poliwag
|-boost|p2a: Poliwag|spd|2
|-boost|p2a: Poliwag|spa|2
|cant|p1a: Wigglytuff|slp
|-curestatus|p1a: Wigglytuff|slp
|
|turn|7
|
|move|p2a: Poliwag|Hypnosis|p1a: Wigglytuff
|-status|p1a: Wigglytuff|slp
|cant|p1a: Wigglytuff|slp
|
|turn|8
|
|move|p2a: Poliwag|Blizzard|p1a: Wigglytuff
|-crit|p1a: Wigglytuff
|-damage|p1a: Wigglytuff|252\/416 slp
|cant|p1a: Wigglytuff|slp
|
|turn|9
|
|move|p2a: Poliwag|Surf|p1a: Wigglytuff
|-damage|p1a: Wigglytuff|0 fnt
|faint|p1a: Wigglytuff
|
|switch|p1a: Raichu|Raichu, L86|279\/279
|turn|10
|
|move|p2a: Poliwag|Hypnosis|p1a: Raichu
|-status|p1a: Raichu|slp
|cant|p1a: Raichu|slp
|
|turn|11
|
|move|p2a: Poliwag|Blizzard|p1a: Raichu
|-damage|p1a: Raichu|15\/279 slp
|cant|p1a: Raichu|slp
|
|turn|12
|
|move|p2a: Poliwag|Surf|p1a: Raichu
|-damage|p1a: Raichu|0 fnt
|faint|p1a: Raichu
|
|switch|p1a: Mew|Mew, L77|312\/312
|turn|13
|
|move|p2a: Poliwag|Hypnosis|p1a: Mew
|-status|p1a: Mew|slp
|cant|p1a: Mew|slp
|
|turn|14
|
|move|p2a: Poliwag|Surf|p1a: Mew
|-damage|p1a: Mew|0 fnt
|faint|p1a: Mew
|
|switch|p1a: Poliwhirl|Poliwhirl, L86|287\/287
|turn|15
|
|move|p2a: Poliwag|Hypnosis|p1a: Poliwhirl
|-status|p1a: Poliwhirl|slp
|cant|p1a: Poliwhirl|slp
|
|turn|16
|
|move|p2a: Poliwag|Surf|p1a: Poliwhirl
|-resisted|p1a: Poliwhirl
|-damage|p1a: Poliwhirl|90\/287 slp
|cant|p1a: Poliwhirl|slp
|
|turn|17
|
|move|p2a: Poliwag|Surf|p1a: Poliwhirl
|-resisted|p1a: Poliwhirl
|-damage|p1a: Poliwhirl|0 fnt
|faint|p1a: Poliwhirl
|
|switch|p1a: Golbat|Golbat, L86|304\/304
|turn|18
|c|★jart1990|poliwag master race!
|
|move|p2a: Poliwag|Hypnosis|p1a: Golbat
|-status|p1a: Golbat|slp
|cant|p1a: Golbat|slp
|-curestatus|p1a: Golbat|slp
|
|turn|19
|c|★Psychedelic Trip|poliwag is wrecking
|c|★Psychedelic Trip|and i love that whole evolution chain
|
|move|p2a: Poliwag|Blizzard|p1a: Golbat
|-supereffective|p1a: Golbat
|-damage|p1a: Golbat|0 fnt
|faint|p1a: Golbat
|
|switch|p1a: Butterfree|Butterfree, L86|279\/279
|turn|20
|
|move|p2a: Poliwag|Hypnosis|p1a: Butterfree|[miss]
|-miss|p2a: Poliwag
|move|p1a: Butterfree|Mega Drain|p2a: Poliwag
|-supereffective|p2a: Poliwag
|-damage|p2a: Poliwag|249\/269
|
|turn|21
|
|move|p2a: Poliwag|Hypnosis|p1a: Butterfree
|-status|p1a: Butterfree|slp
|cant|p1a: Butterfree|slp
|
|turn|22
|
|move|p2a: Poliwag|Blizzard|p1a: Butterfree
|-supereffective|p1a: Butterfree
|-damage|p1a: Butterfree|0 fnt
|faint|p1a: Butterfree
|
|win|jart1990
|raw|Ladder updating...
|raw|Psychedelic Trip's rating: 1053 &rarr; <strong>1032<\/strong><br \/>(-21 for losing)
|raw|jart1990's rating: 1006 &rarr; <strong>1051<\/strong><br \/>(+45 for winning)
|c|★jart1990|gg