|j|DamspaN
|j|Kazam10
|player|p1|DamspaN|12
|player|p2|Kazam10|102
|gametype|singles
|gen|1
|tier|[Gen 1] Random Battle
|rated
|seed|
|rule|Sleep Clause Mod: Limit one foe put to sleep
|rule|Freeze Clause Mod: Limit one foe frozen
|rule|HP Percentage Mod: HP is shown in percentages
|
|start
|switch|p1a: Dewgong|Dewgong, L85|100\/100
|switch|p2a: Jolteon|Jolteon, L79|100\/100
|turn|1
|choice||
|
|switch|p1a: Metapod|Metapod, L99|100\/100
|move|p2a: Jolteon|Thunderbolt|p1a: Metapod
|-crit|p1a: Metapod
|-damage|p1a: Metapod|0 fnt
|faint|p1a: Metapod
|choice||
|
|switch|p1a: Tauros|Tauros, L79|100\/100
|turn|2
|choice||
|
|move|p2a: Jolteon|Thunderbolt|p1a: Tauros
|-damage|p1a: Tauros|58\/100
|move|p1a: Tauros|Blizzard|p2a: Jolteon
|-damage|p2a: Jolteon|80\/100
|
|turn|3
|choice||
|
|move|p2a: Jolteon|Thunderbolt|p1a: Tauros
|-damage|p1a: Tauros|17\/100
|move|p1a: Tauros|Earthquake|p2a: Jolteon
|-supereffective|p2a: Jolteon
|-damage|p2a: Jolteon|17\/100
|
|turn|4
|choice||
|
|switch|p1a: Alakazam|Alakazam, L79|100\/100
|move|p2a: Jolteon|Thunderbolt|p1a: Alakazam
|-damage|p1a: Alakazam|69\/100
|
|turn|5
|choice||
|
|move|p2a: Jolteon|Pin Missile|p1a: Alakazam
|-supereffective|p1a: Alakazam
|-damage|p1a: Alakazam|60\/100
|-damage|p1a: Alakazam|51\/100
|-damage|p1a: Alakazam|42\/100
|-hitcount|p1a: Alakazam|3
|move|p1a: Alakazam|Psychic|p2a: Jolteon
|-damage|p2a: Jolteon|0 fnt
|faint|p2a: Jolteon
|choice||
|
|switch|p2a: Dragonair|Dragonair, L85|100\/100
|turn|6
|choice||
|
|move|p1a: Alakazam|Recover|p1a: Alakazam
|-heal|p1a: Alakazam|92\/100
|move|p2a: Dragonair|Body Slam|p1a: Alakazam
|-damage|p1a: Alakazam|59\/100
|
|turn|7
|choice||
|
|move|p1a: Alakazam|Recover|p1a: Alakazam
|-heal|p1a: Alakazam|100\/100
|move|p2a: Dragonair|Body Slam|p1a: Alakazam
|-damage|p1a: Alakazam|66\/100
|-status|p1a: Alakazam|par
|
|turn|8
|choice||
|
|move|p2a: Dragonair|Body Slam|p1a: Alakazam
|-damage|p1a: Alakazam|34\/100 par
|move|p1a: Alakazam|Recover|p1a: Alakazam
|-heal|p1a: Alakazam|84\/100 par
|
|turn|9
|choice||
|
|move|p2a: Dragonair|Body Slam|p1a: Alakazam
|-damage|p1a: Alakazam|49\/100 par
|cant|p1a: Alakazam|par
|
|turn|10
|choice||
|
|move|p2a: Dragonair|Body Slam|p1a: Alakazam
|-damage|p1a: Alakazam|17\/100 par
|move|p1a: Alakazam|Recover|p1a: Alakazam
|-heal|p1a: Alakazam|67\/100 par
|
|turn|11
|choice||
|
|move|p2a: Dragonair|Body Slam|p1a: Alakazam
|-damage|p1a: Alakazam|34\/100 par
|move|p1a: Alakazam|Recover|p1a: Alakazam
|-heal|p1a: Alakazam|84\/100 par
|
|turn|12
|choice||
|
|move|p2a: Dragonair|Body Slam|p1a: Alakazam
|-damage|p1a: Alakazam|49\/100 par
|move|p1a: Alakazam|Recover|p1a: Alakazam
|-heal|p1a: Alakazam|98\/100 par
|
|turn|13
|choice||
|
|move|p2a: Dragonair|Body Slam|p1a: Alakazam
|-crit|p1a: Alakazam
|-damage|p1a: Alakazam|27\/100 par
|cant|p1a: Alakazam|par
|
|turn|14
|choice||
|
|switch|p1a: Mew|Mew, L74|100\/100
|move|p2a: Dragonair|Body Slam|p1a: Mew
|-damage|p1a: Mew|82\/100
|
|turn|15
|choice||
|
|move|p1a: Mew|Blizzard|p2a: Dragonair
|-crit|p2a: Dragonair
|-supereffective|p2a: Dragonair
|-damage|p2a: Dragonair|0 fnt
|faint|p2a: Dragonair
|choice||
|
|switch|p2a: Rattata|Rattata, L96|100\/100
|turn|16
|choice||
|
|move|p2a: Rattata|Body Slam|p1a: Mew
|-crit|p1a: Mew
|-damage|p1a: Mew|25\/100
|move|p1a: Mew|Blizzard|p2a: Rattata
|-damage|p2a: Rattata|57\/100
|
|turn|17
|choice||
|
|switch|p1a: Zapdos|Zapdos, L79|100\/100
|move|p2a: Rattata|Body Slam|p1a: Zapdos
|-damage|p1a: Zapdos|73\/100
|
|turn|18
|choice||
|
|move|p1a: Zapdos|Drill Peck|p2a: Rattata
|-damage|p2a: Rattata|15\/100
|move|p2a: Rattata|Body Slam|p1a: Zapdos
|-damage|p1a: Zapdos|42\/100
|
|turn|19
|choice||
|
|move|p1a: Zapdos|Drill Peck|p2a: Rattata
|-damage|p2a: Rattata|0 fnt
|faint|p2a: Rattata
|choice||
|
|switch|p2a: Haunter|Haunter, L85|100\/100
|turn|20
|choice||
|
|move|p2a: Haunter|Hypnosis|p1a: Zapdos
|-status|p1a: Zapdos|slp
|-curestatus|p1a: Zapdos|slp
|
|turn|21
|choice||
|
|move|p2a: Haunter|Hypnosis|p1a: Zapdos|[miss]
|-miss|p2a: Haunter
|move|p1a: Zapdos|Thunder Wave|p2a: Haunter
|-status|p2a: Haunter|par
|
|turn|22
|choice||
|
|switch|p1a: Alakazam|Alakazam, L79|27\/100 par
|move|p2a: Haunter|Psychic|p1a: Alakazam
|-resisted|p1a: Alakazam
|-damage|p1a: Alakazam|16\/100 par
|
|turn|23
|choice||
|
|switch|p2a: Kabuto|Kabuto, L96|100\/100
|move|p1a: Alakazam|Recover|p1a: Alakazam
|-heal|p1a: Alakazam|66\/100 par
|
|turn|24
|choice||
|
|move|p2a: Kabuto|Body Slam|p1a: Alakazam
|-damage|p1a: Alakazam|21\/100 par
|move|p1a: Alakazam|Recover|p1a: Alakazam
|-heal|p1a: Alakazam|70\/100 par
|
|turn|25
|choice||
|
|move|p2a: Kabuto|Swords Dance|p2a: Kabuto
|-boost|p2a: Kabuto|atk|2
|cant|p1a: Alakazam|par
|
|turn|26
|choice||
|
|move|p2a: Kabuto|Body Slam|p1a: Alakazam
|-damage|p1a: Alakazam|0 fnt
|faint|p1a: Alakazam
|choice||
|
|switch|p1a: Zapdos|Zapdos, L79|42\/100
|turn|27
|choice||
|
|switch|p2a: Haunter|Haunter, L85|100\/100 par
|move|p1a: Zapdos|Thunderbolt|p2a: Haunter
|-damage|p2a: Haunter|63\/100 par
|
|turn|28
|choice||
|
|move|p1a: Zapdos|Thunderbolt|p2a: Haunter
|-damage|p2a: Haunter|27\/100 par
|move|p2a: Haunter|Explosion|p1a: Zapdos
|-damage|p1a: Zapdos|0 fnt
|faint|p1a: Zapdos
|faint|p2a: Haunter
|choice||
|
|switch|p1a: Tauros|Tauros, L79|17\/100
|switch|p2a: Kabuto|Kabuto, L96|100\/100
|turn|29
|choice||
|
|move|p1a: Tauros|Hyper Beam|p2a: Kabuto
|-resisted|p2a: Kabuto
|-damage|p2a: Kabuto|76\/100
|move|p2a: Kabuto|Body Slam|p1a: Tauros
|-crit|p1a: Tauros
|-damage|p1a: Tauros|0 fnt
|faint|p1a: Tauros
|choice||
|
|switch|p1a: Mew|Mew, L74|25\/100
|turn|30
|choice||
|
|move|p1a: Mew|Soft-Boiled|p1a: Mew
|-heal|p1a: Mew|75\/100
|move|p2a: Kabuto|Body Slam|p1a: Mew
|-crit|p1a: Mew
|-damage|p1a: Mew|29\/100
|-status|p1a: Mew|par
|
|turn|31
|choice||
|
|move|p2a: Kabuto|Body Slam|p1a: Mew
|-damage|p1a: Mew|3\/100 par
|move|p1a: Mew|Soft-Boiled|p1a: Mew
|-heal|p1a: Mew|53\/100 par
|
|turn|32
|choice||
|
|move|p2a: Kabuto|Swords Dance|p2a: Kabuto
|-boost|p2a: Kabuto|atk|2
|move|p1a: Mew|Blizzard|p2a: Kabuto
|-resisted|p2a: Kabuto
|-damage|p2a: Kabuto|60\/100
|
|turn|33
|choice||
|
|move|p2a: Kabuto|Body Slam|p1a: Mew
|-damage|p1a: Mew|8\/100 par
|cant|p1a: Mew|par
|
|turn|34
|choice||
|
|move|p2a: Kabuto|Body Slam|p1a: Mew
|-damage|p1a: Mew|0 fnt
|faint|p1a: Mew
|choice||
|
|switch|p1a: Dewgong|Dewgong, L85|100\/100
|turn|35
|choice||
|
|move|p1a: Dewgong|Surf|p2a: Kabuto
|-crit|p2a: Kabuto
|-damage|p2a: Kabuto|0 fnt
|faint|p2a: Kabuto
|choice||
|
|switch|p2a: Machamp|Machamp, L90|100\/100
|turn|36
|choice||
|
|move|p1a: Dewgong|Blizzard|p2a: Machamp
|-damage|p2a: Machamp|61\/100
|move|p2a: Machamp|Submission|p1a: Dewgong
|-supereffective|p1a: Dewgong
|-damage|p1a: Dewgong|27\/100
|-damage|p2a: Machamp|44\/100|[from] recoil|[of] p1a: Dewgong
|
|turn|37
|c|★DamspaN|gg
|choice||
|
|move|p1a: Dewgong|Blizzard|p2a: Machamp
|-damage|p2a: Machamp|0 fnt
|faint|p2a: Machamp
|
|win|DamspaN
|player|p1
|player|p2
|raw|DamspaN's rating: 1349 &rarr; <strong>1367<\/strong><br \/>(+18 for winning)
|raw|Kazam10's rating: 1320 &rarr; <strong>1302<\/strong><br \/>(-18 for losing)
|c|★Kazam10|GG
|l|Kazam10