|join|soulsss
|join|Airfoil
|player|p1|soulsss|101
|player|p2|Airfoil|169
|gametype|singles
|gen|1
|tier|[Gen 1] OU (beta)
|rated
|rule|Sleep Clause Mod: Limit one foe put to sleep
|rule|Species Clause: Limit one of each Pokemon
|rule|OHKO Clause: OHKO moves are banned
|rule|Moody Clause: Moody is banned
|rule|Evasion Moves Clause: Evasion moves are banned
|rule|Endless Battle Clause: Forcing endless battles is banned.
|rule|HP Percentage Mod: HP is reported as percentages
|
|start
|switch|p1a: Egghead|Exeggutor|393\/393
|switch|p2a: Gengar|Gengar|323\/323
|turn|1
|
|move|p2a: Gengar|Hypnosis|p1a: Egghead|[miss]
|-miss|p2a: Gengar
|move|p1a: Egghead|Psychic|p2a: Gengar
|-supereffective|p2a: Gengar
|-damage|p2a: Gengar|122\/323
|
|turn|2
|
|move|p2a: Gengar|Hypnosis|p1a: Egghead
|-status|p1a: Egghead|slp
|cant|p1a: Egghead|slp
|
|turn|3
|
|move|p2a: Gengar|Confuse Ray|p1a: Egghead
|-start|p1a: Egghead|confusion
|cant|p1a: Egghead|slp
|
|turn|4
|
|switch|p2a: Lapras|Lapras|463\/463
|cant|p1a: Egghead|slp
|
|turn|5
|
|switch|p1a: Chansey|Chansey|703\/703
|move|p2a: Lapras|Blizzard|p1a: Chansey
|-damage|p1a: Chansey|564\/703
|
|turn|6
|
|switch|p2a: Golem|Golem|363\/363
|move|p1a: Chansey|Thunder Wave|p2a: Golem
|-immune|p2a: Golem|[msg]
|
|turn|7
|
|move|p1a: Chansey|Ice Beam|p2a: Golem
|-supereffective|p2a: Golem
|-damage|p2a: Golem|152\/363
|move|p2a: Golem|Body Slam|p1a: Chansey
|-damage|p1a: Chansey|384\/703
|
|turn|8
|
|switch|p1a: The Rock|Golem|363\/363
|switch|p2a: Lapras|Lapras|463\/463
|
|turn|9
|
|switch|p1a: Snorlax|Snorlax|523\/523
|move|p2a: Lapras|Blizzard|p1a: Snorlax
|-crit|p1a: Snorlax
|-damage|p1a: Snorlax|195\/523
|-status|p1a: Snorlax|frz
|
|turn|10
|
|move|p2a: Lapras|Confuse Ray|p1a: Snorlax
|-start|p1a: Snorlax|confusion
|cant|p1a: Snorlax|frz
|
|turn|11
|
|move|p2a: Lapras|Body Slam|p1a: Snorlax
|-damage|p1a: Snorlax|117\/523 frz
|cant|p1a: Snorlax|frz
|
|turn|12
|
|switch|p1a: Chansey|Chansey|384\/703
|move|p2a: Lapras|Body Slam|p1a: Chansey
|-damage|p1a: Chansey|223\/703
|
|turn|13
|
|move|p2a: Lapras|Blizzard|p1a: Chansey
|-damage|p1a: Chansey|100\/703
|move|p1a: Chansey|Soft-Boiled|p1a: Chansey
|-heal|p1a: Chansey|451\/703
|
|turn|14
|
|switch|p2a: Snorlax|Snorlax|523\/523
|move|p1a: Chansey|Thunder Wave|p2a: Snorlax
|-status|p2a: Snorlax|par
|
|turn|15
|
|switch|p1a: Dragonite|Dragonite|385\/385
|move|p2a: Snorlax|Body Slam|p1a: Dragonite
|-damage|p1a: Dragonite|267\/385
|-status|p1a: Dragonite|par
|
|turn|16
|
|switch|p2a: Gengar|Gengar|122\/323
|move|p1a: Dragonite|Wrap|p2a: Gengar|[miss]
|-miss|p1a: Dragonite
|
|turn|17
|
|move|p2a: Gengar|Confuse Ray|p1a: Dragonite
|-start|p1a: Dragonite|confusion
|cant|p1a: Dragonite|par
|
|turn|18
|
|move|p2a: Gengar|Mega Drain|p1a: Dragonite
|-crit|p1a: Dragonite
|-resisted|p1a: Dragonite
|-damage|p1a: Dragonite|249\/385 par
|-heal|p2a: Gengar|131\/323|[from] drain|[of] p1a: Dragonite
|-activate|p1a: Dragonite|confusion
|move|p1a: Dragonite|Thunderbolt|p2a: Gengar
|-damage|p2a: Gengar|73\/323
|
|turn|19
|
|switch|p1a: Egghead|Exeggutor|393\/393 slp
|move|p2a: Gengar|Thunderbolt|p1a: Egghead
|-resisted|p1a: Egghead
|-damage|p1a: Egghead|354\/393 slp
|
|turn|20
|
|switch|p2a: Lapras|Lapras|463\/463
|cant|p1a: Egghead|slp
|
|turn|21
|
|switch|p1a: Chansey|Chansey|451\/703
|move|p2a: Lapras|Confuse Ray|p1a: Chansey
|-start|p1a: Chansey|confusion
|
|turn|22
|
|move|p2a: Lapras|Body Slam|p1a: Chansey
|-damage|p1a: Chansey|289\/703
|-activate|p1a: Chansey|confusion
|move|p1a: Chansey|Thunder Wave|p2a: Lapras
|-status|p2a: Lapras|par
|
|turn|23
|
|-end|p1a: Chansey|confusion
|move|p1a: Chansey|Soft-Boiled|p1a: Chansey
|-heal|p1a: Chansey|640\/703
|move|p2a: Lapras|Body Slam|p1a: Chansey
|-damage|p1a: Chansey|487\/703
|-status|p1a: Chansey|par
|
|turn|24
|
|move|p2a: Lapras|Confuse Ray|p1a: Chansey
|-start|p1a: Chansey|confusion
|-activate|p1a: Chansey|confusion
|move|p1a: Chansey|Thunderbolt|p2a: Lapras
|-supereffective|p2a: Lapras
|-damage|p2a: Lapras|300\/463 par
|
|turn|25
|
|switch|p2a: Snorlax|Snorlax|523\/523 par
|-activate|p1a: Chansey|confusion
|move|p1a: Chansey|Thunderbolt|p2a: Snorlax
|-crit|p2a: Snorlax
|-damage|p2a: Snorlax|310\/523 par
|
|turn|26
|
|-activate|p1a: Chansey|confusion
|move|p1a: Chansey|Ice Beam|p2a: Snorlax
|-damage|p2a: Snorlax|204\/523 par
|move|p2a: Snorlax|Body Slam|p1a: Chansey
|-damage|p1a: Chansey|204\/703 par
|
|turn|27
|
|-activate|p1a: Chansey|confusion
|-damage|p1a: Chansey|175\/703 par|[from] confusion
|cant|p2a: Snorlax|par
|
|turn|28
|
|cant|p1a: Chansey|par
|move|p2a: Snorlax|Rest|p2a: Snorlax
|-status|p2a: Snorlax|slp
|-heal|p2a: Snorlax|523\/523 slp|[silent]
|-status|p2a: Snorlax|slp|[from] move: Rest
|
|turn|29
|
|switch|p2a: Gengar|Gengar|73\/323
|cant|p1a: Chansey|par
|
|turn|30
|
|switch|p1a: Egghead|Exeggutor|354\/393 slp
|move|p2a: Gengar|Thunderbolt|p1a: Egghead
|-crit|p1a: Egghead
|-resisted|p1a: Egghead
|-damage|p1a: Egghead|282\/393 slp
|
|turn|31
|
|switch|p2a: Lapras|Lapras|300\/463 par
|cant|p1a: Egghead|slp
|
|turn|32
|
|switch|p1a: Dragonite|Dragonite|249\/385 par
|cant|p2a: Lapras|par
|
|turn|33
|
|switch|p2a: Gengar|Gengar|73\/323
|move|p1a: Dragonite|Thunderbolt|p2a: Gengar
|-damage|p2a: Gengar|8\/323
|
|turn|34
|
|move|p2a: Gengar|Confuse Ray|p1a: Dragonite
|-start|p1a: Dragonite|confusion
|-activate|p1a: Dragonite|confusion
|move|p1a: Dragonite|Ice Beam|p2a: Gengar
|-damage|p2a: Gengar|0 fnt
|faint|p2a: Gengar
|
|
|switch|p2a: Lapras|Lapras|300\/463 par
|turn|35
|
|-end|p1a: Dragonite|confusion
|move|p1a: Dragonite|Thunderbolt|p2a: Lapras
|-supereffective|p2a: Lapras
|-damage|p2a: Lapras|139\/463 par
|cant|p2a: Lapras|par
|
|turn|36
|
|move|p1a: Dragonite|Ice Beam|p2a: Lapras
|-resisted|p2a: Lapras
|-damage|p2a: Lapras|120\/463 par
|cant|p2a: Lapras|par
|
|turn|37
|
|cant|p1a: Dragonite|par
|move|p2a: Lapras|Blizzard|p1a: Dragonite
|-supereffective|p1a: Dragonite
|-damage|p1a: Dragonite|0 fnt
|faint|p1a: Dragonite
|
|
|switch|p1a: Bulldude|Tauros|353\/353
|turn|38
|
|move|p1a: Bulldude|Earthquake|p2a: Lapras
|-damage|p2a: Lapras|23\/463 par
|cant|p2a: Lapras|par
|
|turn|39
|
|move|p1a: Bulldude|Body Slam|p2a: Lapras
|-damage|p2a: Lapras|0 fnt
|faint|p2a: Lapras
|
|
|switch|p2a: Venusaur|Venusaur|363\/363
|turn|40
|
|move|p1a: Bulldude|Earthquake|p2a: Venusaur
|-damage|p2a: Venusaur|271\/363
|move|p2a: Venusaur|Leech Seed|p1a: Bulldude
|-start|p1a: Bulldude|move: Leech Seed
|
|turn|41
|
|switch|p1a: The Rock|Golem|363\/363
|move|p2a: Venusaur|Body Slam|p1a: The Rock
|-resisted|p1a: The Rock
|-damage|p1a: The Rock|340\/363
|-status|p1a: The Rock|par
|
|turn|42
|
|move|p2a: Venusaur|Razor Leaf|p1a: The Rock|[miss]
|-miss|p2a: Venusaur
|move|p1a: The Rock|Rock Slide|p2a: Venusaur
|-damage|p2a: Venusaur|168\/363
|
|turn|43
|
|move|p2a: Venusaur|Razor Leaf|p1a: The Rock
|-crit|p1a: The Rock
|-supereffective|p1a: The Rock
|-damage|p1a: The Rock|0 fnt
|faint|p1a: The Rock
|
|
|switch|p1a: Bulldude|Tauros|353\/353
|turn|44
|
|move|p1a: Bulldude|Body Slam|p2a: Venusaur
|-damage|p2a: Venusaur|54\/363
|-status|p2a: Venusaur|par
|move|p2a: Venusaur|Leech Seed|p1a: Bulldude
|-start|p1a: Bulldude|move: Leech Seed
|
|turn|45
|
|switch|p2a: Golem|Golem|152\/363
|move|p1a: Bulldude|Body Slam|p2a: Golem
|-resisted|p2a: Golem
|-damage|p2a: Golem|113\/363
|-status|p2a: Golem|par
|-damage|p1a: Bulldude|331\/353|[from] Leech Seed|[of] p2a: Golem
|-heal|p2a: Golem|135\/363 par|[silent]
|
|turn|46
|
|switch|p1a: Egghead|Exeggutor|282\/393 slp
|switch|p2a: Venusaur|Venusaur|54\/363 par
|
|turn|47
|
|cant|p1a: Egghead|slp
|-curestatus|p1a: Egghead|slp
|move|p2a: Venusaur|Body Slam|p1a: Egghead
|-crit|p1a: Egghead
|-damage|p1a: Egghead|145\/393
|
|turn|48
|
|move|p1a: Egghead|Psychic|p2a: Venusaur
|-supereffective|p2a: Venusaur
|-damage|p2a: Venusaur|0 fnt
|faint|p2a: Venusaur
|
|
|switch|p2a: Snorlax|Snorlax|523\/523 slp
|turn|49
|
|move|p1a: Egghead|Psychic|p2a: Snorlax
|-crit|p2a: Snorlax
|-damage|p2a: Snorlax|190\/523 slp
|cant|p2a: Snorlax|slp
|
|turn|50
|
|move|p1a: Egghead|Psychic|p2a: Snorlax
|-damage|p2a: Snorlax|15\/523 slp
|cant|p2a: Snorlax|slp
|-curestatus|p2a: Snorlax|slp
|
|turn|51
|
|move|p1a: Egghead|Psychic|p2a: Snorlax
|-damage|p2a: Snorlax|0 fnt
|faint|p2a: Snorlax
|
|
|switch|p2a: Raichu|Raichu|323\/323
|turn|52
|
|move|p2a: Raichu|Body Slam|p1a: Egghead
|-damage|p1a: Egghead|73\/393
|move|p1a: Egghead|Psychic|p2a: Raichu
|-damage|p2a: Raichu|188\/323
|
|turn|53
|
|switch|p1a: Bulldude|Tauros|331\/353
|move|p2a: Raichu|Body Slam|p1a: Bulldude
|-damage|p1a: Bulldude|266\/353
|-status|p1a: Bulldude|par
|
|turn|54
|
|move|p2a: Raichu|Thunderbolt|p1a: Bulldude
|-damage|p1a: Bulldude|136\/353 par
|move|p1a: Bulldude|Earthquake|p2a: Raichu
|-supereffective|p2a: Raichu
|-damage|p2a: Raichu|0 fnt
|faint|p2a: Raichu
|
|
|switch|p2a: Golem|Golem|135\/363 par
|turn|55
|
|move|p1a: Bulldude|Earthquake|p2a: Golem
|-supereffective|p2a: Golem
|-damage|p2a: Golem|0 fnt
|faint|p2a: Golem
|
|win|soulsss
|raw|Ladder updating...
|raw|soulsss's rating: 1000 &rarr; <strong>1045<\/strong><br \/>(+45 for winning)
|raw|Airfoil's rating: 1042 &rarr; <strong>1024<\/strong><br \/>(-18 for losing)
|leave|soulsss
|player|p1