|join|NoseOnAPlate
|join|bj0rn
|player|p1|NoseOnAPlate|33
|player|p2|bj0rn|1
|gametype|singles
|gen|1
|tier|[Gen 1] OU (beta)
|rated
|rule|Sleep Clause Mod: Limit one foe put to sleep
|rule|Species Clause: Limit one of each Pokemon
|rule|OHKO Clause: OHKO moves are banned
|rule|Moody Clause: Moody is banned
|rule|Evasion Moves Clause: Evasion moves are banned
|rule|Endless Battle Clause: Forcing endless battles is banned.
|rule|HP Percentage Mod: HP is reported as percentages
|
|start
|switch|p1a: Jynx|Jynx|333\/333
|switch|p2a: Alakazam|Alakazam|313\/313
|turn|1
|
|move|p2a: Alakazam|Thunder Wave|p1a: Jynx
|-status|p1a: Jynx|par
|cant|p1a: Jynx|par
|
|turn|2
|
|move|p2a: Alakazam|Psychic|p1a: Jynx
|-crit|p1a: Jynx
|-resisted|p1a: Jynx
|-damage|p1a: Jynx|206\/333 par
|-unboost|p1a: Jynx|spd|1
|-unboost|p1a: Jynx|spa|1
|move|p1a: Jynx|Lovely Kiss|p2a: Alakazam
|-status|p2a: Alakazam|slp
|
|turn|3
|
|switch|p2a: Chansey|Chansey|703\/703
|switch|p1a: Alakazam|Alakazam|313\/313
|
|turn|4
|
|move|p1a: Alakazam|Thunder Wave|p2a: Chansey
|-status|p2a: Chansey|par
|cant|p2a: Chansey|par
|
|turn|5
|
|move|p1a: Alakazam|Reflect|p1a: Alakazam
|move|p2a: Chansey|Ice Beam|p1a: Alakazam
|-damage|p1a: Alakazam|254\/313
|
|turn|6
|
|move|p1a: Alakazam|Psychic|p2a: Chansey
|-damage|p2a: Chansey|586\/703 par
|move|p2a: Chansey|Ice Beam|p1a: Alakazam
|-damage|p1a: Alakazam|188\/313
|
|turn|7
|
|move|p1a: Alakazam|Psychic|p2a: Chansey
|-damage|p2a: Chansey|468\/703 par
|move|p2a: Chansey|Ice Beam|p1a: Alakazam
|-damage|p1a: Alakazam|124\/313
|
|turn|8
|
|move|p1a: Alakazam|Psychic|p2a: Chansey
|-damage|p2a: Chansey|346\/703 par
|move|p2a: Chansey|Ice Beam|p1a: Alakazam
|-damage|p1a: Alakazam|65\/313
|
|turn|9
|
|move|p1a: Alakazam|Recover|p1a: Alakazam
|-heal|p1a: Alakazam|221\/313
|move|p2a: Chansey|Soft-Boiled|p2a: Chansey
|-heal|p2a: Chansey|697\/703 par
|
|turn|10
|
|switch|p2a: Exeggutor|Exeggutor|393\/393
|move|p1a: Alakazam|Psychic|p2a: Exeggutor
|-resisted|p2a: Exeggutor
|-damage|p2a: Exeggutor|338\/393
|-unboost|p2a: Exeggutor|spd|1
|-unboost|p2a: Exeggutor|spa|1
|
|turn|11
|
|switch|p1a: Jynx|Jynx|206\/333 par
|move|p2a: Exeggutor|Sleep Powder|p1a: Jynx
|-fail|p1a: Jynx
|
|turn|12
|
|switch|p2a: Chansey|Chansey|697\/703 par
|move|p1a: Jynx|Blizzard|p2a: Chansey
|-damage|p2a: Chansey|562\/703 par
|
|turn|13
|
|switch|p1a: Alakazam|Alakazam|221\/313
|cant|p2a: Chansey|par
|
|turn|14
|
|move|p1a: Alakazam|Thunder Wave|p2a: Chansey
|-fail|p2a: Chansey|par
|move|p2a: Chansey|Ice Beam|p1a: Alakazam
|-damage|p1a: Alakazam|162\/313
|
|turn|15
|
|move|p1a: Alakazam|Psychic|p2a: Chansey
|-crit|p2a: Chansey
|-damage|p2a: Chansey|295\/703 par
|cant|p2a: Chansey|par
|
|turn|16
|
|move|p1a: Alakazam|Psychic|p2a: Chansey
|-damage|p2a: Chansey|164\/703 par
|move|p2a: Chansey|Soft-Boiled|p2a: Chansey
|-heal|p2a: Chansey|515\/703 par
|
|turn|17
|
|move|p1a: Alakazam|Psychic|p2a: Chansey
|-damage|p2a: Chansey|379\/703 par
|cant|p2a: Chansey|par
|
|turn|18
|
|move|p1a: Alakazam|Psychic|p2a: Chansey
|-damage|p2a: Chansey|244\/703 par
|-unboost|p2a: Chansey|spd|1
|-unboost|p2a: Chansey|spa|1
|move|p2a: Chansey|Soft-Boiled|p2a: Chansey
|-heal|p2a: Chansey|595\/703 par
|
|turn|19
|
|switch|p2a: Exeggutor|Exeggutor|338\/393
|move|p1a: Alakazam|Psychic|p2a: Exeggutor
|-crit|p2a: Exeggutor
|-resisted|p2a: Exeggutor
|-damage|p2a: Exeggutor|221\/393
|-unboost|p2a: Exeggutor|spd|1
|-unboost|p2a: Exeggutor|spa|1
|
|turn|20
|
|move|p1a: Alakazam|Psychic|p2a: Exeggutor
|-resisted|p2a: Exeggutor
|-damage|p2a: Exeggutor|136\/393
|move|p2a: Exeggutor|Psychic|p1a: Alakazam
|-resisted|p1a: Alakazam
|-damage|p1a: Alakazam|130\/313
|
|turn|21
|
|switch|p1a: Jynx|Jynx|206\/333 par
|move|p2a: Exeggutor|Sleep Powder|p1a: Jynx
|-fail|p1a: Jynx
|
|turn|22
|
|switch|p2a: Chansey|Chansey|595\/703 par
|move|p1a: Jynx|Blizzard|p2a: Chansey
|-damage|p2a: Chansey|457\/703 par
|
|turn|23
|
|switch|p1a: Alakazam|Alakazam|130\/313
|move|p2a: Chansey|Ice Beam|p1a: Alakazam
|-damage|p1a: Alakazam|63\/313
|
|turn|24
|
|move|p1a: Alakazam|Recover|p1a: Alakazam
|-heal|p1a: Alakazam|219\/313
|move|p2a: Chansey|Ice Beam|p1a: Alakazam
|-damage|p1a: Alakazam|154\/313
|
|turn|25
|
|move|p1a: Alakazam|Psychic|p2a: Chansey
|-crit|p2a: Chansey
|-damage|p2a: Chansey|198\/703 par
|-unboost|p2a: Chansey|spd|1
|-unboost|p2a: Chansey|spa|1
|move|p2a: Chansey|Ice Beam|p1a: Alakazam
|-damage|p1a: Alakazam|113\/313
|
|turn|26
|
|move|p1a: Alakazam|Psychic|p2a: Chansey
|-damage|p2a: Chansey|24\/703 par
|move|p2a: Chansey|Soft-Boiled|p2a: Chansey
|-heal|p2a: Chansey|375\/703 par
|
|turn|27
|
|switch|p2a: Alakazam|Alakazam|313\/313 slp
|move|p1a: Alakazam|Psychic|p2a: Alakazam
|-resisted|p2a: Alakazam
|-damage|p2a: Alakazam|263\/313 slp
|
|turn|28
|
|switch|p1a: Snorlax|Snorlax|523\/523
|cant|p2a: Alakazam|slp
|
|turn|29
|
|switch|p2a: Golem|Golem|363\/363
|move|p1a: Snorlax|Body Slam|p2a: Golem
|-resisted|p2a: Golem
|-damage|p2a: Golem|320\/363
|
|turn|30
|
|switch|p2a: Exeggutor|Exeggutor|136\/393
|switch|p1a: Exeggutor|Exeggutor|393\/393
|
|turn|31
|
|switch|p1a: Jynx|Jynx|206\/333 par
|move|p2a: Exeggutor|Explosion|p1a: Jynx
|-damage|p1a: Jynx|0 fnt
|faint|p1a: Jynx
|faint|p2a: Exeggutor
|
|switch|p1a: Alakazam|Alakazam|113\/313
|switch|p2a: Golem|Golem|320\/363
|turn|32
|
|move|p1a: Alakazam|Reflect|p1a: Alakazam
|move|p2a: Golem|Earthquake|p1a: Alakazam
|-damage|p1a: Alakazam|7\/313
|
|turn|33
|
|switch|p2a: Alakazam|Alakazam|263\/313 slp
|move|p1a: Alakazam|Recover|p1a: Alakazam
|-heal|p1a: Alakazam|163\/313
|
|turn|34
|
|cant|p2a: Alakazam|slp
|move|p1a: Alakazam|Psychic|p2a: Alakazam
|-resisted|p2a: Alakazam
|-damage|p2a: Alakazam|212\/313 slp
|
|turn|35
|
|switch|p1a: Snorlax|Snorlax|523\/523
|cant|p2a: Alakazam|slp
|
|turn|36
|
|switch|p2a: Golem|Golem|320\/363
|move|p1a: Snorlax|Earthquake|p2a: Golem
|-supereffective|p2a: Golem
|-damage|p2a: Golem|181\/363
|
|turn|37
|
|move|p2a: Golem|Body Slam|p1a: Snorlax
|-damage|p1a: Snorlax|434\/523
|move|p1a: Snorlax|Reflect|p1a: Snorlax
|
|turn|38
|
|move|p2a: Golem|Explosion|p1a: Snorlax
|-damage|p1a: Snorlax|238\/523
|faint|p2a: Golem
|
|switch|p2a: Tentacruel|Tentacruel|363\/363
|turn|39
|
|move|p2a: Tentacruel|Wrap|p1a: Snorlax
|-damage|p1a: Snorlax|232\/523
|-activate|p1a: Snorlax|move: Wrap|[of] p2a: Tentacruel
|cant|p1a: Snorlax|partiallytrapped
|
|turn|40
|
|switch|p1a: Alakazam|Alakazam|163\/313
|move|p2a: Tentacruel|Wrap|p1a: Alakazam
|-crit|p1a: Alakazam
|-damage|p1a: Alakazam|134\/313
|-activate|p1a: Alakazam|move: Wrap|[of] p2a: Tentacruel
|
|turn|41
|join|YamiYugiXD
|
|cant|p1a: Alakazam|partiallytrapped
|move|p2a: Tentacruel|Wrap|p1a: Alakazam
|-damage|p1a: Alakazam|128\/313
|
|-end|p1a: Alakazam|Wrap|[partiallytrapped]
|turn|42
|
|switch|p2a: Chansey|Chansey|375\/703 par
|move|p1a: Alakazam|Psychic|p2a: Chansey
|-damage|p2a: Chansey|258\/703 par
|-unboost|p2a: Chansey|spd|1
|-unboost|p2a: Chansey|spa|1
|
|turn|43
|
|move|p1a: Alakazam|Psychic|p2a: Chansey
|-damage|p2a: Chansey|56\/703 par
|move|p2a: Chansey|Soft-Boiled|p2a: Chansey
|-heal|p2a: Chansey|407\/703 par
|
|turn|44
|
|move|p1a: Alakazam|Recover|p1a: Alakazam
|-heal|p1a: Alakazam|284\/313
|move|p2a: Chansey|Thunder Wave|p1a: Alakazam
|-status|p1a: Alakazam|par
|
|turn|45
|
|switch|p2a: Alakazam|Alakazam|212\/313 slp
|move|p1a: Alakazam|Recover|p1a: Alakazam
|-heal|p1a: Alakazam|313\/313 par
|
|turn|46
|
|switch|p1a: Snorlax|Snorlax|232\/523
|cant|p2a: Alakazam|slp
|-curestatus|p2a: Alakazam|slp
|
|turn|47
|
|move|p2a: Alakazam|Psychic|p1a: Snorlax
|-damage|p1a: Snorlax|71\/523
|move|p1a: Snorlax|Self-Destruct|p2a: Alakazam
|-damage|p2a: Alakazam|0 fnt
|faint|p2a: Alakazam
|faint|p1a: Snorlax
|
|switch|p1a: Tauros|Tauros|353\/353
|switch|p2a: Tentacruel|Tentacruel|363\/363
|turn|48
|
|move|p1a: Tauros|Body Slam|p2a: Tentacruel
|-damage|p2a: Tentacruel|241\/363
|move|p2a: Tentacruel|Hydro Pump|p1a: Tauros
|-damage|p1a: Tauros|147\/353
|
|turn|49
|
|move|p1a: Tauros|Body Slam|p2a: Tentacruel
|-damage|p2a: Tentacruel|105\/363
|move|p2a: Tentacruel|Hydro Pump|p1a: Tauros
|-damage|p1a: Tauros|0 fnt
|faint|p1a: Tauros
|
|
|switch|p1a: Exeggutor|Exeggutor|393\/393
|turn|50
|
|move|p2a: Tentacruel|Wrap|p1a: Exeggutor
|-damage|p1a: Exeggutor|380\/393
|-activate|p1a: Exeggutor|move: Wrap|[of] p2a: Tentacruel
|cant|p1a: Exeggutor|partiallytrapped
|
|turn|51
|
|move|p2a: Tentacruel|Wrap|p1a: Exeggutor
|-damage|p1a: Exeggutor|367\/393
|cant|p1a: Exeggutor|partiallytrapped
|
|-end|p1a: Exeggutor|Wrap|[partiallytrapped]
|turn|52
|
|switch|p2a: Chansey|Chansey|407\/703 par
|move|p1a: Exeggutor|Psychic|p2a: Chansey
|-damage|p2a: Chansey|281\/703 par
|
|turn|53
|
|move|p1a: Exeggutor|Psychic|p2a: Chansey
|-damage|p2a: Chansey|159\/703 par
|-unboost|p2a: Chansey|spd|1
|-unboost|p2a: Chansey|spa|1
|cant|p2a: Chansey|par
|
|turn|54
|
|move|p1a: Exeggutor|Psychic|p2a: Chansey
|-damage|p2a: Chansey|0 fnt
|faint|p2a: Chansey
|
|
|switch|p2a: Tentacruel|Tentacruel|105\/363
|turn|55
|
|switch|p1a: Alakazam|Alakazam|313\/313 par
|move|p2a: Tentacruel|Wrap|p1a: Alakazam
|-damage|p1a: Alakazam|298\/313 par
|-activate|p1a: Alakazam|move: Wrap|[of] p2a: Tentacruel
|
|turn|56
|
|move|p2a: Tentacruel|Wrap|p1a: Alakazam
|-damage|p1a: Alakazam|283\/313 par
|cant|p1a: Alakazam|partiallytrapped
|
|turn|57
|chat|NoseOnAPlate|you may as well have agiliwrap dragonite here lol, wrap is so cheap
|
|move|p2a: Tentacruel|Wrap|p1a: Alakazam
|-damage|p1a: Alakazam|268\/313 par
|cant|p1a: Alakazam|partiallytrapped
|
|turn|58
|
|move|p2a: Tentacruel|Wrap|p1a: Alakazam
|-damage|p1a: Alakazam|253\/313 par
|cant|p1a: Alakazam|par
|
|-end|p1a: Alakazam|Wrap|[partiallytrapped]
|turn|59
|
|move|p2a: Tentacruel|Wrap|p1a: Alakazam|[miss]
|-miss|p2a: Tentacruel
|cant|p1a: Alakazam|par
|
|turn|60
|
|move|p2a: Tentacruel|Wrap|p1a: Alakazam|[miss]
|-miss|p2a: Tentacruel
|move|p1a: Alakazam|Thunder Wave|p2a: Tentacruel
|-status|p2a: Tentacruel|par
|
|turn|61
|chat|NoseOnAPlate|fuck your wrap
|
|move|p1a: Alakazam|Recover|p1a: Alakazam
|-heal|p1a: Alakazam|313\/313 par
|move|p2a: Tentacruel|Hydro Pump|p1a: Alakazam|[miss]
|-miss|p2a: Tentacruel
|
|turn|62
|
|move|p1a: Alakazam|Recover|p1a: Alakazam
|-fail|p1a: Alakazam
|move|p2a: Tentacruel|Hydro Pump|p1a: Alakazam
|-damage|p1a: Alakazam|192\/313 par
|
|turn|63
|
|move|p1a: Alakazam|Recover|p1a: Alakazam
|-heal|p1a: Alakazam|313\/313 par
|cant|p2a: Tentacruel|par
|
|turn|64
|
|move|p1a: Alakazam|Thunder Wave|p2a: Tentacruel
|-fail|p2a: Tentacruel|par
|cant|p2a: Tentacruel|par
|
|turn|65
|
|move|p1a: Alakazam|Reflect|p1a: Alakazam
|move|p2a: Tentacruel|Hydro Pump|p1a: Alakazam
|-damage|p1a: Alakazam|185\/313 par
|
|turn|66
|
|cant|p1a: Alakazam|par
|move|p2a: Tentacruel|Hydro Pump|p1a: Alakazam|[miss]
|-miss|p2a: Tentacruel
|
|turn|67
|
|move|p1a: Alakazam|Recover|p1a: Alakazam
|-heal|p1a: Alakazam|313\/313 par
|move|p2a: Tentacruel|Hydro Pump|p1a: Alakazam
|-damage|p1a: Alakazam|184\/313 par
|
|turn|68
|
|cant|p1a: Alakazam|par
|move|p2a: Tentacruel|Hydro Pump|p1a: Alakazam|[miss]
|-miss|p2a: Tentacruel
|
|turn|69
|
|cant|p1a: Alakazam|par
|move|p2a: Tentacruel|Swords Dance|p2a: Tentacruel
|-boost|p2a: Tentacruel|atk|2
|
|turn|70
|
|move|p1a: Alakazam|Recover|p1a: Alakazam
|-heal|p1a: Alakazam|313\/313 par
|move|p2a: Tentacruel|Swords Dance|p2a: Tentacruel
|-boost|p2a: Tentacruel|atk|2
|
|turn|71
|
|move|p1a: Alakazam|Recover|p1a: Alakazam
|-fail|p1a: Alakazam
|move|p2a: Tentacruel|Swords Dance|p2a: Tentacruel
|-boost|p2a: Tentacruel|atk|2
|
|turn|72
|
|move|p1a: Alakazam|Recover|p1a: Alakazam
|-fail|p1a: Alakazam
|move|p2a: Tentacruel|Hyper Beam|p1a: Alakazam
|-damage|p1a: Alakazam|21\/313 par
|
|turn|73
|
|move|p1a: Alakazam|Recover|p1a: Alakazam
|-heal|p1a: Alakazam|177\/313 par
|cant|p2a: Tentacruel|recharge
|
|turn|74
|
|move|p1a: Alakazam|Recover|p1a: Alakazam
|-heal|p1a: Alakazam|313\/313 par
|move|p2a: Tentacruel|Hyper Beam|p1a: Alakazam
|-damage|p1a: Alakazam|18\/313 par
|
|turn|75
|
|cant|p1a: Alakazam|par
|cant|p2a: Tentacruel|recharge
|
|turn|76
|
|move|p1a: Alakazam|Recover|p1a: Alakazam
|-heal|p1a: Alakazam|174\/313 par
|move|p2a: Tentacruel|Hyper Beam|p1a: Alakazam|[miss]
|-miss|p2a: Tentacruel
|
|turn|77
|leave|YamiYugiXD
|chat|NoseOnAPlate|lol
|
|move|p1a: Alakazam|Recover|p1a: Alakazam
|-heal|p1a: Alakazam|313\/313 par
|move|p2a: Tentacruel|Hyper Beam|p1a: Alakazam
|-crit|p1a: Alakazam
|-damage|p1a: Alakazam|169\/313 par
|
|turn|78
|
|move|p1a: Alakazam|Recover|p1a: Alakazam
|-heal|p1a: Alakazam|313\/313 par
|cant|p2a: Tentacruel|par
|
|turn|79
|
|move|p1a: Alakazam|Thunder Wave|p2a: Tentacruel
|-fail|p2a: Tentacruel|par
|move|p2a: Tentacruel|Hyper Beam|p1a: Alakazam
|-crit|p1a: Alakazam
|-damage|p1a: Alakazam|160\/313 par
|
|turn|80
|
|move|p1a: Alakazam|Recover|p1a: Alakazam
|-heal|p1a: Alakazam|313\/313 par
|cant|p2a: Tentacruel|recharge
|
|turn|81
|
|move|p1a: Alakazam|Thunder Wave|p2a: Tentacruel
|-fail|p2a: Tentacruel|par
|move|p2a: Tentacruel|Hyper Beam|p1a: Alakazam
|-damage|p1a: Alakazam|41\/313 par
|
|turn|82
|
|move|p1a: Alakazam|Recover|p1a: Alakazam
|-heal|p1a: Alakazam|197\/313 par
|cant|p2a: Tentacruel|recharge
|
|turn|83
|
|cant|p1a: Alakazam|par
|move|p2a: Tentacruel|Hyper Beam|p1a: Alakazam
|-damage|p1a: Alakazam|0 fnt
|faint|p1a: Alakazam
|
|
|switch|p1a: Exeggutor|Exeggutor|367\/393
|turn|84
|
|move|p1a: Exeggutor|Psychic|p2a: Tentacruel
|-supereffective|p2a: Tentacruel
|-damage|p2a: Tentacruel|0 fnt
|faint|p2a: Tentacruel
|
|
|switch|p2a: Tauros|Tauros|353\/353
|turn|85
|
|move|p2a: Tauros|Blizzard|p1a: Exeggutor|[miss]
|-miss|p2a: Tauros
|move|p1a: Exeggutor|Psychic|p2a: Tauros
|-damage|p2a: Tauros|204\/353
|-unboost|p2a: Tauros|spd|1
|-unboost|p2a: Tauros|spa|1
|
|turn|86
|chat|NoseOnAPlate|lol
|chat|NoseOnAPlate|bad game wrap boy
|chat|bj0rn|yea, you're just too lucky
|
|move|p2a: Tauros|Blizzard|p1a: Exeggutor
|-supereffective|p1a: Exeggutor
|-damage|p1a: Exeggutor|288\/393
|move|p1a: Exeggutor|Explosion|p2a: Tauros
|-damage|p2a: Tauros|0 fnt
|faint|p2a: Tauros
|faint|p1a: Exeggutor
|
|win|NoseOnAPlate
|raw|Ladder updating...
|raw|NoseOnAPlate's rating: 1083 &rarr; <strong>1128<\/strong><br \/>(+45 for winning)
|raw|bj0rn's rating: 1349 &rarr; <strong>1316<\/strong><br \/>(-33 for losing)
|chat|NoseOnAPlate|XD and youre just crap
|leave|bj0rn
|player|p2