|j|dirkaka
|j|Hidol
|player|p1|dirkaka|257
|player|p2|Hidol|266
|gametype|singles
|gen|1
|tier|[Gen 1] Random Battle
|rated
|seed|
|rule|Sleep Clause Mod: Limit one foe put to sleep
|rule|Freeze Clause Mod: Limit one foe frozen
|rule|HP Percentage Mod: HP is shown in percentages
|
|start
|switch|p1a: Omanyte|Omanyte, L96|100\/100
|switch|p2a: Magneton|Magneton, L90|100\/100
|turn|1
|choice||
|
|switch|p1a: Arbok|Arbok, L90|100\/100
|move|p2a: Magneton|Thunderbolt|p1a: Arbok
|-damage|p1a: Arbok|46\/100
|
|turn|2
|choice||
|
|switch|p2a: Jigglypuff|Jigglypuff, L99|100\/100
|move|p1a: Arbok|Glare|p2a: Jigglypuff
|-status|p2a: Jigglypuff|par
|
|turn|3
|choice||
|
|move|p1a: Arbok|Body Slam|p2a: Jigglypuff
|-damage|p2a: Jigglypuff|74\/100 par
|move|p2a: Jigglypuff|Sing|p1a: Arbok
|-status|p1a: Arbok|slp
|
|turn|4
|choice||
|
|switch|p1a: Bulbasaur|Bulbasaur, L96|100\/100
|switch|p2a: Alakazam|Alakazam, L79|100\/100
|
|turn|5
|choice||
|
|switch|p1a: Omanyte|Omanyte, L96|100\/100
|move|p2a: Alakazam|Psychic|p1a: Omanyte
|-damage|p1a: Omanyte|68\/100
|-unboost|p1a: Omanyte|spd|1
|-unboost|p1a: Omanyte|spa|1
|
|turn|6
|choice||
|
|move|p2a: Alakazam|Seismic Toss|p1a: Omanyte
|-damage|p1a: Omanyte|38\/100
|move|p1a: Omanyte|Blizzard|p2a: Alakazam
|-damage|p2a: Alakazam|78\/100
|
|turn|7
|choice||
|
|move|p2a: Alakazam|Psychic|p1a: Omanyte
|-damage|p1a: Omanyte|0 fnt
|faint|p1a: Omanyte
|choice||
|
|switch|p1a: Arbok|Arbok, L90|46\/100 slp
|turn|8
|choice||
|
|move|p2a: Alakazam|Reflect|p2a: Alakazam
|-start|p2a: Alakazam|Reflect
|cant|p1a: Arbok|slp
|
|turn|9
|choice||
|
|move|p2a: Alakazam|Seismic Toss|p1a: Arbok
|-damage|p1a: Arbok|19\/100 slp
|-curestatus|p1a: Arbok|slp
|
|turn|10
|choice||
|
|move|p2a: Alakazam|Seismic Toss|p1a: Arbok
|-damage|p1a: Arbok|0 fnt
|faint|p1a: Arbok
|choice||
|
|switch|p1a: Magneton|Magneton, L90|100\/100
|turn|11
|choice||
|
|switch|p2a: Jigglypuff|Jigglypuff, L99|74\/100 par
|move|p1a: Magneton|Thunderbolt|p2a: Jigglypuff
|-damage|p2a: Jigglypuff|26\/100 par
|
|turn|12
|choice||
|
|switch|p2a: Magneton|Magneton, L90|100\/100
|move|p1a: Magneton|Mimic|p2a: Magneton
|-start|p1a: Magneton|Mimic|Mimic
|
|turn|13
|choice||
|
|switch|p1a: Bulbasaur|Bulbasaur, L96|100\/100
|move|p2a: Magneton|Double-Edge|p1a: Bulbasaur
|-damage|p1a: Bulbasaur|75\/100
|-damage|p2a: Magneton|94\/100|[from] recoil|[of] p1a: Bulbasaur
|
|turn|14
|choice||
|
|switch|p2a: Jigglypuff|Jigglypuff, L99|26\/100 par
|move|p1a: Bulbasaur|Leech Seed|p2a: Jigglypuff
|-start|p2a: Jigglypuff|move: Leech Seed
|
|turn|15
|choice||
|
|switch|p2a: Ninetales|Ninetales, L85|100\/100
|move|p1a: Bulbasaur|Body Slam|p2a: Ninetales
|-damage|p2a: Ninetales|82\/100
|-status|p2a: Ninetales|par
|
|turn|16
|choice||
|
|switch|p1a: Dragonair|Dragonair, L85|100\/100
|move|p2a: Ninetales|Reflect|p2a: Ninetales
|-start|p2a: Ninetales|Reflect
|
|turn|17
|choice||
|
|switch|p2a: Jigglypuff|Jigglypuff, L99|26\/100 par
|move|p1a: Dragonair|Surf|p2a: Jigglypuff
|-damage|p2a: Jigglypuff|6\/100 par
|
|turn|18
|choice||
|
|move|p1a: Dragonair|Body Slam|p2a: Jigglypuff
|-damage|p2a: Jigglypuff|0 fnt
|faint|p2a: Jigglypuff
|j|Ch01W0n5h1n
|choice||
|
|switch|p2a: Alakazam|Alakazam, L79|78\/100
|turn|19
|choice||
|
|move|p2a: Alakazam|Thunder Wave|p1a: Dragonair
|-status|p1a: Dragonair|par
|move|p1a: Dragonair|Body Slam|p2a: Alakazam
|-damage|p2a: Alakazam|41\/100
|
|turn|20
|choice||
|
|switch|p2a: Haunter|Haunter, L85|100\/100
|cant|p1a: Dragonair|par
|
|turn|21
|choice||
|
|switch|p1a: Bulbasaur|Bulbasaur, L96|75\/100
|move|p2a: Haunter|Confuse Ray|p1a: Bulbasaur
|-start|p1a: Bulbasaur|confusion
|
|turn|22
|choice||
|
|switch|p1a: Dragonair|Dragonair, L85|100\/100 par
|move|p2a: Haunter|Hypnosis|p1a: Dragonair|[miss]
|-miss|p2a: Haunter
|
|turn|23
|choice||
|
|move|p2a: Haunter|Confuse Ray|p1a: Dragonair
|-start|p1a: Dragonair|confusion
|-activate|p1a: Dragonair|confusion
|move|p1a: Dragonair|Thunder|p2a: Haunter
|-damage|p2a: Haunter|76\/100
|
|turn|24
|choice||
|
|switch|p2a: Magneton|Magneton, L90|94\/100
|-activate|p1a: Dragonair|confusion
|move|p1a: Dragonair|Thunder|p2a: Magneton
|-crit|p2a: Magneton
|-resisted|p2a: Magneton
|-damage|p2a: Magneton|73\/100
|
|turn|25
|choice||
|
|move|p2a: Magneton|Mimic|p1a: Dragonair
|-start|p2a: Magneton|Mimic|Thunder
|-end|p1a: Dragonair|confusion
|move|p1a: Dragonair|Body Slam|p2a: Magneton
|-damage|p2a: Magneton|55\/100
|
|turn|26
|choice||
|
|move|p2a: Magneton|Double-Edge|p1a: Dragonair
|-damage|p1a: Dragonair|76\/100 par
|-damage|p2a: Magneton|49\/100|[from] recoil|[of] p1a: Dragonair
|cant|p1a: Dragonair|par
|
|turn|27
|choice||
|
|move|p2a: Magneton|Thunder|p1a: Dragonair|[miss]
|-miss|p2a: Magneton
|cant|p1a: Dragonair|par
|
|turn|28
|choice||
|
|move|p2a: Magneton|Double-Edge|p1a: Dragonair
|-damage|p1a: Dragonair|49\/100 par
|-damage|p2a: Magneton|43\/100|[from] recoil|[of] p1a: Dragonair
|move|p1a: Dragonair|Surf|p2a: Magneton
|-damage|p2a: Magneton|26\/100
|
|turn|29
|choice||
|
|move|p2a: Magneton|Hyper Beam|p1a: Dragonair
|-damage|p1a: Dragonair|8\/100 par
|move|p1a: Dragonair|Hyper Beam|p2a: Magneton
|-crit|p2a: Magneton
|-damage|p2a: Magneton|0 fnt
|faint|p2a: Magneton
|choice||
|
|switch|p2a: Haunter|Haunter, L85|76\/100
|turn|30
|choice||
|
|move|p2a: Haunter|Thunderbolt|p1a: Dragonair
|-resisted|p1a: Dragonair
|-damage|p1a: Dragonair|0 fnt
|faint|p1a: Dragonair
|choice||
|
|switch|p1a: Magneton|Magneton, L90|100\/100
|turn|31
|choice||
|
|switch|p1a: Bulbasaur|Bulbasaur, L96|75\/100
|move|p2a: Haunter|Explosion|p1a: Bulbasaur
|-crit|p1a: Bulbasaur
|-damage|p1a: Bulbasaur|0 fnt
|faint|p1a: Bulbasaur
|faint|p2a: Haunter
|choice||
|
|switch|p2a: Alakazam|Alakazam, L79|41\/100
|switch|p1a: Magneton|Magneton, L90|100\/100
|turn|32
|choice||
|
|move|p2a: Alakazam|Thunder Wave|p1a: Magneton
|-status|p1a: Magneton|par
|cant|p1a: Magneton|par
|
|turn|33
|choice||
|
|move|p2a: Alakazam|Psychic|p1a: Magneton
|-damage|p1a: Magneton|71\/100 par
|cant|p1a: Magneton|par
|
|turn|34
|choice||
|
|move|p2a: Alakazam|Psychic|p1a: Magneton
|-damage|p1a: Magneton|43\/100 par
|cant|p1a: Magneton|par
|
|turn|35
|c|★dirkaka|hahahah
|c|★dirkaka|triple para
|choice||
|
|switch|p2a: Ninetales|Ninetales, L85|82\/100 par
|move|p1a: Magneton|Hyper Beam|p2a: Ninetales
|-crit|p2a: Ninetales
|-damage|p2a: Ninetales|21\/100 par
|
|turn|36
|-mustrecharge|p1a: Magneton
|-mustrecharge|p1a: Magneton
|choice||
|
|move|p2a: Ninetales|Fire Blast|p1a: Magneton
|-damage|p1a: Magneton|9\/100 par
|cant|p1a: Magneton|recharge
|
|turn|37
|choice||
|
|move|p2a: Ninetales|Fire Blast|p1a: Magneton
|-damage|p1a: Magneton|0 fnt
|faint|p1a: Magneton
|choice||
|
|switch|p1a: Kangaskhan|Kangaskhan, L85|100\/100
|turn|38
|choice||
|
|move|p1a: Kangaskhan|Earthquake|p2a: Ninetales
|-supereffective|p2a: Ninetales
|-damage|p2a: Ninetales|0 fnt
|faint|p2a: Ninetales
|choice||
|
|switch|p2a: Alakazam|Alakazam, L79|41\/100
|turn|39
|c|★Hidol|gg
|choice||
|
|move|p2a: Alakazam|Thunder Wave|p1a: Kangaskhan
|-status|p1a: Kangaskhan|par
|move|p1a: Kangaskhan|Hyper Beam|p2a: Alakazam
|-damage|p2a: Alakazam|0 fnt
|faint|p2a: Alakazam
|choice||
|
|switch|p2a: Mewtwo|Mewtwo, L70|100\/100
|turn|40
|c|★dirkaka|its not over o_o
|c|★dirkaka|now it is lol
|choice||
|
|move|p2a: Mewtwo|Psychic|p1a: Kangaskhan
|-damage|p1a: Kangaskhan|61\/100 par
|move|p1a: Kangaskhan|Body Slam|p2a: Mewtwo
|-damage|p2a: Mewtwo|64\/100
|
|turn|41
|choice||
|
|move|p2a: Mewtwo|Hyper Beam|p1a: Kangaskhan
|-damage|p1a: Kangaskhan|35\/100 par
|move|p1a: Kangaskhan|Hyper Beam|p2a: Mewtwo
|-damage|p2a: Mewtwo|0 fnt
|faint|p2a: Mewtwo
|
|win|dirkaka
|player|p1
|player|p2
|raw|dirkaka's rating: 1316 &rarr; <strong>1329<\/strong><br \/>(+13 for winning)
|raw|Hidol's rating: 1182 &rarr; <strong>1167<\/strong><br \/>(-15 for losing)
|c|★dirkaka|gg
|l|Hidol