|j|B1ackJack94
|j|khetrapal
|player|p1|B1ackJack94|204
|player|p2|khetrapal|52
|gametype|singles
|gen|1
|tier|[Gen 1] Random Battle
|rated
|seed|
|rule|Sleep Clause Mod: Limit one foe put to sleep
|rule|Freeze Clause Mod: Limit one foe frozen
|rule|HP Percentage Mod: HP is shown in percentages
|
|start
|switch|p1a: Moltres|Moltres, L85|100\/100
|switch|p2a: Arbok|Arbok, L90|100\/100
|turn|1
|choice||
|
|switch|p2a: Slowpoke|Slowpoke, L96|100\/100
|move|p1a: Moltres|Fire Blast|p2a: Slowpoke
|-crit|p2a: Slowpoke
|-resisted|p2a: Slowpoke
|-damage|p2a: Slowpoke|49\/100
|-status|p2a: Slowpoke|brn
|
|turn|2
|choice||
|
|move|p1a: Moltres|Fire Blast|p2a: Slowpoke
|-crit|p2a: Slowpoke
|-resisted|p2a: Slowpoke
|-damage|p2a: Slowpoke|0 fnt
|faint|p2a: Slowpoke
|choice||
|
|switch|p2a: Clefable|Clefable, L85|100\/100
|turn|3
|choice||
|
|move|p1a: Moltres|Sky Attack|p2a: Clefable|[still]
|-prepare|p1a: Moltres|Sky Attack|p2a: Clefable
|move|p2a: Clefable|Sing|p1a: Moltres|[miss]
|-miss|p2a: Clefable
|
|turn|4
|choice||
|
|move|p1a: Moltres|Sky Attack|p2a: Clefable|[from]Sky Attack
|-damage|p2a: Clefable|49\/100
|move|p2a: Clefable|Sing|p1a: Moltres|[miss]
|-miss|p2a: Clefable
|
|turn|5
|choice||
|
|move|p1a: Moltres|Fire Blast|p2a: Clefable
|-damage|p2a: Clefable|2\/100
|move|p2a: Clefable|Sing|p1a: Moltres
|-status|p1a: Moltres|slp
|
|turn|6
|choice||
|
|-curestatus|p1a: Moltres|slp
|move|p2a: Clefable|Ice Beam|p1a: Moltres
|-crit|p1a: Moltres
|-supereffective|p1a: Moltres
|-damage|p1a: Moltres|45\/100
|
|turn|7
|choice||
|
|move|p1a: Moltres|Fire Blast|p2a: Clefable
|-damage|p2a: Clefable|0 fnt
|faint|p2a: Clefable
|choice||
|
|switch|p2a: Dragonair|Dragonair, L85|100\/100
|turn|8
|choice||
|
|move|p1a: Moltres|Substitute|p1a: Moltres
|-start|p1a: Moltres|Substitute
|-damage|p1a: Moltres|20\/100
|move|p2a: Dragonair|Ice Beam|p1a: Moltres
|-supereffective|p1a: Moltres
|-end|p1a: Moltres|Substitute
|
|turn|9
|choice||
|
|switch|p1a: Articuno|Articuno, L79|100\/100
|move|p2a: Dragonair|Ice Beam|p1a: Articuno
|-damage|p1a: Articuno|84\/100
|
|turn|10
|choice||
|
|switch|p2a: Charizard|Charizard, L85|100\/100
|move|p1a: Articuno|Blizzard|p2a: Charizard
|-supereffective|p2a: Charizard
|-damage|p2a: Charizard|6\/100
|
|turn|11
|choice||
|
|move|p2a: Charizard|Fire Blast|p1a: Articuno
|-supereffective|p1a: Articuno
|-damage|p1a: Articuno|16\/100
|move|p1a: Articuno|Mimic|p2a: Charizard
|-start|p1a: Articuno|Mimic|Earthquake
|
|turn|12
|choice||
|
|switch|p1a: Dragonair|Dragonair, L85|100\/100
|move|p2a: Charizard|Body Slam|p1a: Dragonair
|-damage|p1a: Dragonair|78\/100
|
|turn|13
|choice||
|
|move|p2a: Charizard|Hyper Beam|p1a: Dragonair
|-damage|p1a: Dragonair|38\/100
|move|p1a: Dragonair|Thunderbolt|p2a: Charizard
|-crit|p2a: Charizard
|-supereffective|p2a: Charizard
|-damage|p2a: Charizard|0 fnt
|faint|p2a: Charizard
|choice||
|
|switch|p2a: Dragonair|Dragonair, L85|100\/100
|turn|14
|choice||
|
|switch|p1a: Raticate|Raticate, L85|100\/100
|move|p2a: Dragonair|Ice Beam|p1a: Raticate
|-damage|p1a: Raticate|73\/100
|
|turn|15
|choice||
|
|move|p1a: Raticate|Super Fang|p2a: Dragonair
|-damage|p2a: Dragonair|51\/100
|move|p2a: Dragonair|Agility|p2a: Dragonair
|-boost|p2a: Dragonair|spe|2
|
|turn|16
|choice||
|
|move|p2a: Dragonair|Body Slam|p1a: Raticate
|-damage|p1a: Raticate|49\/100
|move|p1a: Raticate|Hyper Beam|p2a: Dragonair
|-damage|p2a: Dragonair|0 fnt
|faint|p2a: Dragonair
|choice||
|
|switch|p2a: Arbok|Arbok, L90|100\/100
|turn|17
|choice||
|
|move|p1a: Raticate|Super Fang|p2a: Arbok
|-damage|p2a: Arbok|51\/100
|move|p2a: Arbok|Glare|p1a: Raticate
|-status|p1a: Raticate|par
|
|turn|18
|choice||
|
|switch|p1a: Machamp|Machamp, L90|100\/100
|move|p2a: Arbok|Earthquake|p1a: Machamp
|-damage|p1a: Machamp|81\/100
|
|turn|19
|choice||
|
|switch|p2a: Marowak|Marowak, L90|100\/100
|move|p1a: Machamp|Earthquake|p2a: Marowak
|-damage|p2a: Marowak|73\/100
|
|turn|20
|choice||
|
|move|p1a: Machamp|Submission|p2a: Marowak|[miss]
|-miss|p1a: Machamp
|move|p2a: Marowak|Blizzard|p1a: Machamp
|-damage|p1a: Machamp|61\/100
|
|turn|21
|choice||
|
|move|p1a: Machamp|Earthquake|p2a: Marowak
|-damage|p2a: Marowak|45\/100
|move|p2a: Marowak|Blizzard|p1a: Machamp
|-crit|p1a: Machamp
|-damage|p1a: Machamp|16\/100
|
|turn|22
|choice||
|
|move|p1a: Machamp|Body Slam|p2a: Marowak
|-crit|p2a: Marowak
|-damage|p2a: Marowak|0 fnt
|faint|p2a: Marowak
|choice||
|
|switch|p2a: Arbok|Arbok, L90|51\/100
|turn|23
|choice||
|
|switch|p1a: Kadabra|Kadabra, L85|100\/100
|move|p2a: Arbok|Earthquake|p1a: Kadabra
|-damage|p1a: Kadabra|50\/100
|
|turn|24
|choice||
|
|move|p1a: Kadabra|Psychic|p2a: Arbok
|-supereffective|p2a: Arbok
|-damage|p2a: Arbok|0 fnt
|faint|p2a: Arbok
|
|win|B1ackJack94
|player|p1
|player|p2
|raw|B1ackJack94's rating: 1383 &rarr; <strong>1404<\/strong><br \/>(+21 for winning)
|raw|khetrapal's rating: 1404 &rarr; <strong>1383<\/strong><br \/>(-21 for losing)
|l|khetrapal