|j|Judo
|j|Jamie Fun
|player|p1|Judo|70
|player|p2|Jamie Fun|281
|gametype|singles
|gen|1
|tier|[Gen 1] Random Battle
|seed|65459,60748,39164,55692
|rule|Sleep Clause Mod: Limit one foe put to sleep
|rule|Freeze Clause Mod: Limit one foe frozen
|rule|HP Percentage Mod: HP is shown in percentages
|
|start
|switch|p1a: Wigglytuff|Wigglytuff, L90|435\/435
|switch|p2a: Farfetch'd|Farfetch'd, L99|304\/304
|turn|1
|c|★Judo|gen 1 hype :D
|choice|move 3|move 2
|
|move|p2a: Farfetch'd|Sand Attack|p1a: Wigglytuff
|-unboost|p1a: Wigglytuff|accuracy|1
|move|p1a: Wigglytuff|Thunder Wave|p2a: Farfetch'd
|-status|p2a: Farfetch'd|par
|
|turn|2
|choice|move 2|move 3
|
|move|p1a: Wigglytuff|Blizzard|p2a: Farfetch'd
|-supereffective|p2a: Farfetch'd
|-damage|p2a: Farfetch'd|168\/304 par
|move|p2a: Farfetch'd|Body Slam|p1a: Wigglytuff
|-damage|p1a: Wigglytuff|305\/435
|
|turn|3
|c|★Jamie Fun|How did you hit that Blizzard?
|choice|move 4|move 3
|
|move|p1a: Wigglytuff|Hyper Beam|p2a: Farfetch'd|[miss]
|-miss|p1a: Wigglytuff
|move|p2a: Farfetch'd|Body Slam|p1a: Wigglytuff
|-damage|p1a: Wigglytuff|177\/435
|
|turn|4
|choice|move 3|move 3
|
|move|p1a: Wigglytuff|Thunder Wave|p2a: Farfetch'd|[miss]
|-miss|p1a: Wigglytuff
|move|p2a: Farfetch'd|Body Slam|p1a: Wigglytuff
|-damage|p1a: Wigglytuff|37\/435
|
|turn|5
|choice|move 4|move 3
|
|move|p1a: Wigglytuff|Hyper Beam|p2a: Farfetch'd
|-damage|p2a: Farfetch'd|0 fnt
|faint|p2a: Farfetch'd
|choice||switch 6
|
|switch|p2a: Mewtwo|Mewtwo, L70|293\/293
|turn|6
|choice|switch 6|move 2
|
|switch|p1a: Mewtwo|Mewtwo, L70|293\/293
|move|p2a: Mewtwo|Barrier|p2a: Mewtwo
|-boost|p2a: Mewtwo|def|2
|
|turn|7
|choice|move 2|move 3
|
|move|p2a: Mewtwo|Thunder Wave|p1a: Mewtwo
|-status|p1a: Mewtwo|par
|move|p1a: Mewtwo|Thunderbolt|p2a: Mewtwo
|-damage|p2a: Mewtwo|240\/293
|
|turn|8
|choice|move 2|switch 2
|
|switch|p2a: Nidoran-F|Nidoran-F, L96|300\/300
|move|p1a: Mewtwo|Thunderbolt|p2a: Nidoran-F
|-damage|p2a: Nidoran-F|215\/300
|
|turn|9
|choice|move 1|move 2
|
|move|p2a: Nidoran-F|Substitute|p2a: Nidoran-F
|-start|p2a: Nidoran-F|Substitute
|-damage|p2a: Nidoran-F|140\/300
|move|p1a: Mewtwo|Psychic|p2a: Nidoran-F
|-crit|p2a: Nidoran-F
|-supereffective|p2a: Nidoran-F
|-end|p2a: Nidoran-F|Substitute
|
|turn|10
|choice|move 1|move 3
|
|move|p2a: Nidoran-F|Leer|p1a: Mewtwo
|-unboost|p1a: Mewtwo|def|1
|move|p1a: Mewtwo|Psychic|p2a: Nidoran-F
|-supereffective|p2a: Nidoran-F
|-damage|p2a: Nidoran-F|0 fnt
|faint|p2a: Nidoran-F
|choice||switch 3
|
|switch|p2a: Pidgeot|Pidgeot, L90|333\/333
|turn|11
|choice|switch 5|move 1
|
|switch|p1a: Golem|Golem, L79|288\/288
|move|p2a: Pidgeot|Double-Edge|p1a: Golem
|-resisted|p1a: Golem
|-damage|p1a: Golem|244\/288
|-damage|p2a: Pidgeot|322\/333|[from] recoil|[of] p1a: Golem
|
|turn|12
|c|★Judo|dat sprite <3
|choice|move 3|switch 2
|
|switch|p2a: Mewtwo|Mewtwo, L70|240\/293
|move|p1a: Golem|Rock Slide|p2a: Mewtwo
|-damage|p2a: Mewtwo|145\/293
|
|turn|13
|choice|move 4|move 1
|
|move|p2a: Mewtwo|Psychic|p1a: Golem
|-damage|p1a: Golem|120\/288
|move|p1a: Golem|Explosion|p2a: Mewtwo
|-damage|p2a: Mewtwo|0 fnt
|faint|p2a: Mewtwo
|faint|p1a: Golem
|choice|switch 3|switch 5
|
|switch|p1a: Golbat|Golbat, L90|318\/318
|switch|p2a: Jynx|Jynx, L79|265\/265
|turn|14
|choice|move 4|move 4
|
|move|p1a: Golbat|Confuse Ray|p2a: Jynx
|-start|p2a: Jynx|confusion
|-activate|p2a: Jynx|confusion
|-damage|p2a: Jynx|232\/265|[from] confusion
|
|turn|15
|choice|switch 5|move 4
|
|switch|p1a: Mewtwo|Mewtwo, L70|293\/293 par
|-activate|p2a: Jynx|confusion
|move|p2a: Jynx|Blizzard|p1a: Mewtwo
|-damage|p1a: Mewtwo|196\/293 par
|
|turn|16
|choice|move 2|move 4
|
|-end|p2a: Jynx|confusion
|move|p2a: Jynx|Blizzard|p1a: Mewtwo
|-damage|p1a: Mewtwo|103\/293 par
|move|p1a: Mewtwo|Thunderbolt|p2a: Jynx
|-damage|p2a: Jynx|170\/265
|
|turn|17
|choice|move 3|move 1
|
|move|p2a: Jynx|Psychic|p1a: Mewtwo
|-crit|p1a: Mewtwo
|-resisted|p1a: Mewtwo
|-damage|p1a: Mewtwo|34\/293 par
|-unboost|p1a: Mewtwo|spd|1
|-unboost|p1a: Mewtwo|spa|1
|move|p1a: Mewtwo|Hyper Beam|p2a: Jynx
|-damage|p2a: Jynx|25\/265
|
|turn|18
|-mustrecharge|p1a: Mewtwo
|-mustrecharge|p1a: Mewtwo
|choice|move 1|move 1
|
|move|p2a: Jynx|Psychic|p1a: Mewtwo
|-resisted|p1a: Mewtwo
|-damage|p1a: Mewtwo|0 fnt
|faint|p1a: Mewtwo
|choice|switch 5|
|
|switch|p1a: Golbat|Golbat, L90|318\/318
|turn|19
|choice|move 1|move 4
|
|move|p1a: Golbat|Hyper Beam|p2a: Jynx
|-damage|p2a: Jynx|0 fnt
|faint|p2a: Jynx
|choice||switch 2
|
|switch|p2a: Pidgeot|Pidgeot, L90|322\/333
|turn|20
|choice|move 4|move 2
|
|move|p2a: Pidgeot|Sky Attack|p1a: Golbat|[still]
|-prepare|p2a: Pidgeot|Sky Attack|p1a: Golbat
|move|p1a: Golbat|Confuse Ray|p2a: Pidgeot
|-start|p2a: Pidgeot|confusion
|
|turn|21
|c|★Jamie Fun|What?
|c|★Jamie Fun|How?
|choice|move 2|move 1
|
|-activate|p2a: Pidgeot|confusion
|-damage|p2a: Pidgeot|289\/333|[from] confusion
|move|p1a: Golbat|Screech|p2a: Pidgeot
|-unboost|p2a: Pidgeot|def|2
|
|turn|22
|choice|move 1|switch 4
|
|switch|p2a: Flareon|Flareon, L90|300\/300
|move|p1a: Golbat|Hyper Beam|p2a: Flareon
|-damage|p2a: Flareon|176\/300
|
|turn|23
|-mustrecharge|p1a: Golbat
|-mustrecharge|p1a: Golbat
|c|★Jamie Fun|How did you attack?
|choice|move 1|move 2
|
|cant|p1a: Golbat|recharge
|move|p2a: Flareon|Body Slam|p1a: Golbat
|-damage|p1a: Golbat|230\/318
|
|turn|24
|choice|move 2|move 2
|
|move|p1a: Golbat|Screech|p2a: Flareon
|-unboost|p2a: Flareon|def|2
|move|p2a: Flareon|Body Slam|p1a: Golbat
|-damage|p1a: Golbat|140\/318
|
|turn|25
|choice|move 1|move 2
|
|move|p1a: Golbat|Hyper Beam|p2a: Flareon|[miss]
|-miss|p1a: Golbat
|move|p2a: Flareon|Body Slam|p1a: Golbat
|-damage|p1a: Golbat|52\/318
|
|turn|26
|choice|move 1|move 1
|
|move|p2a: Flareon|Quick Attack|p1a: Golbat
|-damage|p1a: Golbat|6\/318
|move|p1a: Golbat|Hyper Beam|p2a: Flareon
|-damage|p2a: Flareon|0 fnt
|faint|p2a: Flareon
|choice||switch 4
|
|switch|p2a: Pidgeot|Pidgeot, L90|289\/333
|turn|27
|choice|move 4|move 1
|
|move|p2a: Pidgeot|Double-Edge|p1a: Golbat
|-damage|p1a: Golbat|0 fnt
|-damage|p2a: Pidgeot|288\/333|[from] recoil|[of] p1a: Golbat
|faint|p1a: Golbat
|choice|switch 4|
|
|switch|p1a: Flareon|Flareon, L90|300\/300
|turn|28
|choice|move 2|move 1
|
|move|p2a: Pidgeot|Double-Edge|p1a: Flareon
|-damage|p1a: Flareon|173\/300
|-damage|p2a: Pidgeot|257\/333|[from] recoil|[of] p1a: Flareon
|move|p1a: Flareon|Fire Blast|p2a: Pidgeot
|-damage|p2a: Pidgeot|86\/333
|-status|p2a: Pidgeot|brn
|
|turn|29
|choice|move 4|move 3
|
|move|p1a: Flareon|Quick Attack|p2a: Pidgeot
|-damage|p2a: Pidgeot|47\/333 brn
|move|p2a: Pidgeot|Mirror Move|p2a: Pidgeot
|move|p2a: Pidgeot|Quick Attack|p1a: Flareon|[from]Mirror Move
|-damage|p1a: Flareon|148\/300
|-damage|p2a: Pidgeot|27\/333 brn|[from] brn
|
|turn|30
|c|★Jamie Fun|HOW DID YOU ATTACK?
|choice|switch 6|move 2
|
|switch|p1a: Wigglytuff|Wigglytuff, L90|37\/435
|move|p2a: Pidgeot|Sky Attack|p1a: Wigglytuff|[still]
|-prepare|p2a: Pidgeot|Sky Attack|p1a: Wigglytuff
|-damage|p2a: Pidgeot|7\/333 brn|[from] brn|[of] p1a: Wigglytuff
|
|turn|31
|choice|move 3|move 1
|
|move|p2a: Pidgeot|Sky Attack|p1a: Wigglytuff|[from]Sky Attack
|-crit|p1a: Wigglytuff
|-damage|p1a: Wigglytuff|0 fnt
|faint|p1a: Wigglytuff
|choice|switch 2|
|
|switch|p1a: Hitmonchan|Hitmonchan, L90|273\/273
|turn|32
|choice|move 4|move 2
|
|move|p2a: Pidgeot|Sky Attack|p1a: Hitmonchan|[still]
|-prepare|p2a: Pidgeot|Sky Attack|p1a: Hitmonchan
|-damage|p2a: Pidgeot|0 fnt|[from] brn|[of] p1a: Hitmonchan
|faint|p2a: Pidgeot
|
|win|Judo
|player|p1
|player|p2
|c|★Judo|gg :P