|j|erik1erik
|j|Dervodel2
|player|p1|erik1erik|169
|player|p2|Dervodel2|238
|gametype|singles
|gen|1
|tier|[Gen 1] Random Battle
|rated
|seed|7527,4396,28927,19531
|rule|Sleep Clause Mod: Limit one foe put to sleep
|rule|Freeze Clause Mod: Limit one foe frozen
|rule|HP Percentage Mod: HP is shown in percentages
|
|start
|switch|p1a: Krabby|Krabby, L96|252\/252
|switch|p2a: Persian|Persian, L79|265\/265
|turn|1
|choice|move 1|move 2
|
|move|p2a: Persian|Thunderbolt|p1a: Krabby
|-supereffective|p1a: Krabby
|-damage|p1a: Krabby|113\/252
|move|p1a: Krabby|Crabhammer|p2a: Persian
|-crit|p2a: Persian
|-damage|p2a: Persian|119\/265
|
|turn|2
|choice|switch 4|move 2
|
|switch|p1a: Arbok|Arbok, L90|291\/291
|move|p2a: Persian|Thunderbolt|p1a: Arbok
|-damage|p1a: Arbok|242\/291
|
|turn|3
|choice|move 3|switch 4
|
|switch|p2a: Exeggutor|Exeggutor, L79|312\/312
|move|p1a: Arbok|Earthquake|p2a: Exeggutor
|-resisted|p2a: Exeggutor
|-damage|p2a: Exeggutor|271\/312
|
|turn|4
|choice|move 1|move 1
|
|move|p1a: Arbok|Hyper Beam|p2a: Exeggutor
|-damage|p2a: Exeggutor|156\/312
|move|p2a: Exeggutor|Sleep Powder|p1a: Arbok
|-status|p1a: Arbok|slp
|
|turn|5
|-mustrecharge|p1a: Arbok
|-mustrecharge|p1a: Arbok
|choice|move 1|switch 6
|
|switch|p2a: Rhydon|Rhydon, L79|328\/328
|cant|p1a: Arbok|recharge
|
|turn|6
|choice|switch 3|move 4
|
|switch|p1a: Venonat|Venonat, L96|310\/310
|move|p2a: Rhydon|Substitute|p2a: Rhydon
|-start|p2a: Rhydon|Substitute
|-damage|p2a: Rhydon|246\/328
|
|turn|7
|choice|move 4|move 2
|
|move|p1a: Venonat|Sleep Powder|p2a: Rhydon
|-status|p2a: Rhydon|slp
|cant|p2a: Rhydon|slp
|
|turn|8
|c|★Dervodel2|you really needed that xD
|choice|move 3|move 2
|
|move|p1a: Venonat|Stun Spore|p2a: Rhydon
|-fail|p2a: Rhydon
|cant|p2a: Rhydon|slp
|
|turn|9
|choice|move 1|move 2
|
|move|p1a: Venonat|Mega Drain|p2a: Rhydon
|-supereffective|p2a: Rhydon
|-end|p2a: Rhydon|Substitute
|cant|p2a: Rhydon|slp
|
|turn|10
|choice|move 3|switch 4
|
|switch|p2a: Persian|Persian, L79|119\/265
|move|p1a: Venonat|Stun Spore|p2a: Persian
|-status|p2a: Persian|par
|
|turn|11
|choice|move 2|move 1
|
|move|p1a: Venonat|Psychic|p2a: Persian
|-damage|p2a: Persian|57\/265 par
|move|p2a: Persian|Slash|p1a: Venonat
|-crit|p1a: Venonat
|-damage|p1a: Venonat|172\/310
|
|turn|12
|choice|move 2|switch 5
|
|switch|p2a: Mew|Mew, L74|300\/300
|move|p1a: Venonat|Psychic|p2a: Mew
|-resisted|p2a: Mew
|-damage|p2a: Mew|274\/300
|
|turn|13
|choice|move 3|move 4
|
|move|p2a: Mew|Psychic|p1a: Venonat
|-supereffective|p1a: Venonat
|-damage|p1a: Venonat|0 fnt
|faint|p1a: Venonat
|choice|switch 5|
|
|switch|p1a: Articuno|Articuno, L79|304\/304
|turn|14
|choice|move 1|move 2
|
|move|p2a: Mew|Thunder Wave|p1a: Articuno
|-status|p1a: Articuno|par
|cant|p1a: Articuno|par
|
|turn|15
|choice|move 1|move 3
|
|move|p2a: Mew|Horn Drill|p1a: Articuno|[miss]
|-miss|p2a: Mew
|move|p1a: Articuno|Blizzard|p2a: Mew
|-damage|p2a: Mew|128\/300
|
|turn|16
|choice|move 1|move 3
|
|move|p2a: Mew|Horn Drill|p1a: Articuno|[miss]
|-miss|p2a: Mew
|move|p1a: Articuno|Blizzard|p2a: Mew
|-damage|p2a: Mew|0 fnt
|faint|p2a: Mew
|choice||switch 3
|
|switch|p2a: Ditto|Ditto, L99|296\/296
|turn|17
|choice|switch 4|move 1
|
|switch|p1a: Krabby|Krabby, L96|113\/252
|move|p2a: Ditto|Transform|p1a: Krabby
|-transform|p2a: Ditto|p1a: Krabby
|
|turn|18
|choice|move 1|move 4
|
|move|p2a: Ditto|Swords Dance|p2a: Ditto
|-boost|p2a: Ditto|atk|2
|move|p1a: Krabby|Crabhammer|p2a: Ditto
|-crit|p2a: Ditto
|-resisted|p2a: Ditto
|-damage|p2a: Ditto|205\/296
|
|turn|19
|choice|move 1|move 3
|
|move|p2a: Ditto|Body Slam|p1a: Krabby
|-damage|p1a: Krabby|0 fnt
|faint|p1a: Krabby
|choice|switch 6|
|
|switch|p1a: Alakazam|Alakazam, L79|249\/249
|turn|20
|choice|move 1|move 3
|
|move|p1a: Alakazam|Psychic|p2a: Ditto
|-damage|p2a: Ditto|86\/296
|move|p2a: Ditto|Body Slam|p1a: Alakazam
|-crit|p1a: Alakazam
|-damage|p1a: Alakazam|0 fnt
|faint|p1a: Alakazam
|choice|switch 2|
|
|switch|p1a: Snorlax|Snorlax, L79|415\/415
|turn|21
|choice|move 3|move 3
|
|move|p2a: Ditto|Body Slam|p1a: Snorlax
|-damage|p1a: Snorlax|209\/415
|move|p1a: Snorlax|Surf|p2a: Ditto
|-resisted|p2a: Ditto
|-damage|p2a: Ditto|58\/296
|
|turn|22
|choice|move 4|move 3
|
|move|p2a: Ditto|Body Slam|p1a: Snorlax
|-damage|p1a: Snorlax|0 fnt
|faint|p1a: Snorlax
|l|erik1erik
|player|p1
|-message|erik1erik lost due to inactivity.
|
|win|Dervodel2