|j|Mega-Noctali
|j|Sxlegend
|player|p1|Mega-Noctali|65
|player|p2|Sxlegend|162
|gametype|singles
|gen|1
|tier|[Gen 1] Random Battle
|rated
|seed|61636,16448,23997,1763
|rule|Sleep Clause Mod: Limit one foe put to sleep
|rule|Freeze Clause Mod: Limit one foe frozen
|rule|HP Percentage Mod: HP is shown in percentages
|
|start
|switch|p1a: Primeape|Primeape, L90|300\/300
|switch|p2a: Voltorb|Voltorb, L96|272\/272
|turn|1
|choice|move 4|move 3
|
|move|p2a: Voltorb|Thunder|p1a: Primeape
|-damage|p1a: Primeape|158\/300
|-status|p1a: Primeape|par
|cant|p1a: Primeape|par
|
|turn|2
|choice|move 4|move 3
|
|move|p2a: Voltorb|Thunder|p1a: Primeape
|-damage|p1a: Primeape|17\/300 par
|move|p1a: Primeape|Body Slam|p2a: Voltorb
|-damage|p2a: Voltorb|179\/272
|-status|p2a: Voltorb|par
|
|turn|3
|choice|move 3|move 3
|
|cant|p2a: Voltorb|par
|move|p1a: Primeape|Rock Slide|p2a: Voltorb
|-crit|p2a: Voltorb
|-damage|p2a: Voltorb|32\/272 par
|
|turn|4
|choice|move 4|move 3
|
|move|p2a: Voltorb|Thunder|p1a: Primeape
|-damage|p1a: Primeape|0 fnt
|faint|p1a: Primeape
|choice|switch 4|
|
|switch|p1a: Tangela|Tangela, L85|284\/284
|turn|5
|choice|move 3|move 1
|
|move|p1a: Tangela|Body Slam|p2a: Voltorb
|-crit|p2a: Voltorb
|-damage|p2a: Voltorb|0 fnt
|faint|p2a: Voltorb
|choice||switch 3
|
|switch|p2a: Muk|Muk, L90|372\/372
|turn|6
|choice|move 1|move 4
|
|move|p1a: Tangela|Sleep Powder|p2a: Muk
|-status|p2a: Muk|slp
|cant|p2a: Muk|slp
|
|turn|7
|choice|move 4|move 4
|
|move|p1a: Tangela|Swords Dance|p1a: Tangela
|-boost|p1a: Tangela|atk|2
|cant|p2a: Muk|slp
|
|turn|8
|choice|move 4|move 4
|
|move|p1a: Tangela|Swords Dance|p1a: Tangela
|-boost|p1a: Tangela|atk|2
|cant|p2a: Muk|slp
|
|turn|9
|choice|move 3|move 4
|
|move|p1a: Tangela|Body Slam|p2a: Muk
|-damage|p2a: Muk|241\/372 slp
|cant|p2a: Muk|slp
|
|turn|10
|choice|move 3|move 4
|
|move|p1a: Tangela|Body Slam|p2a: Muk
|-damage|p2a: Muk|97\/372 slp
|-curestatus|p2a: Muk|slp
|
|turn|11
|choice|move 3|move 1
|
|move|p1a: Tangela|Body Slam|p2a: Muk
|-damage|p2a: Muk|0 fnt
|faint|p2a: Muk
|choice||switch 5
|
|switch|p2a: Wigglytuff|Wigglytuff, L90|435\/435
|turn|12
|choice|move 1|move 1
|
|move|p1a: Tangela|Sleep Powder|p2a: Wigglytuff
|-status|p2a: Wigglytuff|slp
|-curestatus|p2a: Wigglytuff|slp
|
|turn|13
|choice|move 1|move 1
|
|move|p1a: Tangela|Sleep Powder|p2a: Wigglytuff
|-status|p2a: Wigglytuff|slp
|cant|p2a: Wigglytuff|slp
|
|turn|14
|choice|move 3|switch 2
|
|switch|p2a: Hypno|Hypno, L85|318\/318
|move|p1a: Tangela|Body Slam|p2a: Hypno
|-damage|p2a: Hypno|164\/318
|
|turn|15
|choice|move 2|move 3
|
|move|p2a: Hypno|Hypnosis|p1a: Tangela|[miss]
|-miss|p2a: Hypno
|move|p1a: Tangela|Hyper Beam|p2a: Hypno
|-damage|p2a: Hypno|0 fnt
|faint|p2a: Hypno
|choice||switch 6
|
|switch|p2a: Golduck|Golduck, L85|310\/310
|turn|16
|choice|move 3|move 4
|
|move|p2a: Golduck|Ice Beam|p1a: Tangela
|-supereffective|p1a: Tangela
|-damage|p1a: Tangela|169\/284
|move|p1a: Tangela|Body Slam|p2a: Golduck
|-damage|p2a: Golduck|174\/310
|-status|p2a: Golduck|par
|
|turn|17
|-message|Sxlegend forfeited.
|l|Sxlegend
|choice|move 2|move 4
|
|move|p1a: Tangela|Hyper Beam|p2a: Golduck
|-damage|p2a: Golduck|0 fnt
|faint|p2a: Golduck
|
|win|Mega-Noctali
|player|p2
|raw|Mega-Noctali's rating: 1310 &rarr; <strong>1321<\/strong><br \/>(+11 for winning)
|raw|Sxlegend's rating: 1144 &rarr; <strong>1130<\/strong><br \/>(-14 for losing)