|join|eldougi
|join|LekkasPetalouda
|player|p1|eldougi|169
|player|p2|LekkasPetalouda|1
|gametype|singles
|gen|1
|tier|[Gen 1] Random Battle
|rated
|rule|Sleep Clause Mod: Limit one foe put to sleep
|rule|Freeze Clause Mod: Limit one foe frozen
|rule|HP Percentage Mod: HP is shown in percentages
|
|start
|switch|p1a: Tauros|Tauros, L79|280\/280
|switch|p2a: Drowzee|Drowzee, L96|310\/310
|turn|1
|
|switch|p1a: Nidorino|Nidorino, L90|293\/293
|move|p2a: Drowzee|Hypnosis|p1a: Nidorino
|-status|p1a: Nidorino|slp
|
|turn|2
|
|switch|p1a: Farfetch'd|Farfetch'd, L99|304\/304
|move|p2a: Drowzee|Psychic|p1a: Farfetch'd
|-damage|p1a: Farfetch'd|170\/304
|
|turn|3
|
|move|p1a: Farfetch'd|Slash|p2a: Drowzee
|-crit|p2a: Drowzee
|-damage|p2a: Drowzee|126\/310
|move|p2a: Drowzee|Counter|p1a: Farfetch'd
|-damage|p1a: Farfetch'd|0 fnt
|faint|p1a: Farfetch'd
|
|switch|p1a: Tauros|Tauros, L79|280\/280
|turn|4
|
|move|p1a: Tauros|Earthquake|p2a: Drowzee
|-crit|p2a: Drowzee
|-damage|p2a: Drowzee|0 fnt
|faint|p2a: Drowzee
|
|switch|p2a: Persian|Persian, L79|265\/265
|turn|5
|
|move|p2a: Persian|Slash|p1a: Tauros
|-crit|p1a: Tauros
|-damage|p1a: Tauros|173\/280
|move|p1a: Tauros|Body Slam|p2a: Persian
|-damage|p2a: Persian|151\/265
|
|turn|6
|
|switch|p1a: Gastly|Gastly, L96|252\/252
|move|p2a: Persian|Slash|p1a: Gastly
|-immune|p1a: Gastly|[msg]
|
|turn|7
|
|move|p2a: Persian|Bubble Beam|p1a: Gastly
|-damage|p1a: Gastly|228\/252
|move|p1a: Gastly|Confuse Ray|p2a: Persian
|-start|p2a: Persian|confusion
|
|turn|8
|
|switch|p2a: Pikachu|Pikachu, L96|262\/262
|move|p1a: Gastly|Psychic|p2a: Pikachu
|-damage|p2a: Pikachu|156\/262
|-unboost|p2a: Pikachu|spd|1
|-unboost|p2a: Pikachu|spa|1
|
|turn|9
|
|move|p2a: Pikachu|Thunder Wave|p1a: Gastly
|-status|p1a: Gastly|par
|cant|p1a: Gastly|par
|
|turn|10
|
|switch|p2a: Blastoise|Blastoise, L85|308\/308
|move|p1a: Gastly|Psychic|p2a: Blastoise
|-damage|p2a: Blastoise|227\/308
|
|turn|11
|
|move|p2a: Blastoise|Earthquake|p1a: Gastly
|-supereffective|p1a: Gastly
|-damage|p1a: Gastly|36\/252 par
|move|p1a: Gastly|Hypnosis|p2a: Blastoise
|-status|p2a: Blastoise|slp
|
|turn|12
|
|switch|p2a: Pikachu|Pikachu, L96|156\/262
|move|p1a: Gastly|Thunderbolt|p2a: Pikachu
|-resisted|p2a: Pikachu
|-damage|p2a: Pikachu|100\/262
|
|turn|13
|
|switch|p1a: Electabuzz|Electabuzz, L85|284\/284
|move|p2a: Pikachu|Thunderbolt|p1a: Electabuzz
|-resisted|p1a: Electabuzz
|-damage|p1a: Electabuzz|240\/284
|
|turn|14
|
|move|p2a: Pikachu|Thunder Wave|p1a: Electabuzz
|-status|p1a: Electabuzz|par
|move|p1a: Electabuzz|Psychic|p2a: Pikachu
|-damage|p2a: Pikachu|30\/262
|
|turn|15
|
|move|p2a: Pikachu|Surf|p1a: Electabuzz
|-crit|p1a: Electabuzz
|-damage|p1a: Electabuzz|116\/284 par
|cant|p1a: Electabuzz|par
|
|turn|16
|
|move|p2a: Pikachu|Surf|p1a: Electabuzz
|-damage|p1a: Electabuzz|57\/284 par
|move|p1a: Electabuzz|Psychic|p2a: Pikachu
|-crit|p2a: Pikachu
|-damage|p2a: Pikachu|0 fnt
|faint|p2a: Pikachu
|
|switch|p2a: Jolteon|Jolteon, L79|265\/265
|turn|17
|
|move|p2a: Jolteon|Thunderbolt|p1a: Electabuzz
|-resisted|p1a: Electabuzz
|-damage|p1a: Electabuzz|6\/284 par
|move|p1a: Electabuzz|Thunder Wave|p2a: Jolteon
|-status|p2a: Jolteon|par
|
|turn|18
|
|cant|p2a: Jolteon|par
|cant|p1a: Electabuzz|par
|
|turn|19
|
|move|p2a: Jolteon|Body Slam|p1a: Electabuzz
|-damage|p1a: Electabuzz|0 fnt
|faint|p1a: Electabuzz
|
|switch|p1a: Tauros|Tauros, L79|173\/280
|turn|20
|
|switch|p2a: Blastoise|Blastoise, L85|227\/308 slp
|move|p1a: Tauros|Earthquake|p2a: Blastoise
|-damage|p2a: Blastoise|168\/308 slp
|
|turn|21
|
|move|p1a: Tauros|Body Slam|p2a: Blastoise
|-damage|p2a: Blastoise|91\/308 slp
|cant|p2a: Blastoise|slp
|
|turn|22
|
|move|p1a: Tauros|Body Slam|p2a: Blastoise
|-damage|p2a: Blastoise|18\/308 slp
|cant|p2a: Blastoise|slp
|-curestatus|p2a: Blastoise|slp
|
|turn|23
|
|move|p1a: Tauros|Body Slam|p2a: Blastoise
|-crit|p2a: Blastoise
|-damage|p2a: Blastoise|0 fnt
|faint|p2a: Blastoise
|
|switch|p2a: Persian|Persian, L79|151\/265
|turn|24
|
|switch|p1a: Gastly|Gastly, L96|36\/252 par
|move|p2a: Persian|Bubble Beam|p1a: Gastly
|-crit|p1a: Gastly
|-damage|p1a: Gastly|0 fnt
|faint|p1a: Gastly
|
|switch|p1a: Dragonite|Dragonite, L85|328\/328
|turn|25
|
|switch|p2a: Ivysaur|Ivysaur, L85|276\/276
|move|p1a: Dragonite|Thunder Wave|p2a: Ivysaur
|-status|p2a: Ivysaur|par
|
|turn|26
|
|move|p1a: Dragonite|Blizzard|p2a: Ivysaur
|-supereffective|p2a: Ivysaur
|-damage|p2a: Ivysaur|78\/276 par
|move|p2a: Ivysaur|Toxic|p1a: Dragonite
|-status|p1a: Dragonite|tox
|
|turn|27
|
|move|p1a: Dragonite|Blizzard|p2a: Ivysaur|[miss]
|-miss|p1a: Dragonite
|-damage|p1a: Dragonite|308\/328 tox|[from] tox|[of] p2a: Ivysaur
|move|p2a: Ivysaur|Leech Seed|p1a: Dragonite
|-start|p1a: Dragonite|move: Leech Seed
|
|turn|28
|
|move|p1a: Dragonite|Blizzard|p2a: Ivysaur
|-supereffective|p2a: Ivysaur
|-damage|p2a: Ivysaur|0 fnt
|faint|p2a: Ivysaur
|
|switch|p2a: Jolteon|Jolteon, L79|265\/265 par
|turn|29
|
|switch|p1a: Nidorino|Nidorino, L90|293\/293 slp
|move|p2a: Jolteon|Thunderbolt|p1a: Nidorino
|-damage|p1a: Nidorino|181\/293 slp
|
|turn|30
|
|cant|p1a: Nidorino|slp
|move|p2a: Jolteon|Thunderbolt|p1a: Nidorino
|-crit|p1a: Nidorino
|-damage|p1a: Nidorino|0 fnt
|faint|p1a: Nidorino
|
|switch|p1a: Tauros|Tauros, L79|173\/280
|turn|31
|
|move|p1a: Tauros|Earthquake|p2a: Jolteon
|-supereffective|p2a: Jolteon
|-damage|p2a: Jolteon|92\/265 par
|move|p2a: Jolteon|Thunderbolt|p1a: Tauros
|-damage|p1a: Tauros|53\/280
|
|turn|32
|
|move|p1a: Tauros|Hyper Beam|p2a: Jolteon
|-damage|p2a: Jolteon|0 fnt
|faint|p2a: Jolteon
|
|switch|p2a: Persian|Persian, L79|151\/265
|turn|33
|
|move|p2a: Persian|Slash|p1a: Tauros
|-crit|p1a: Tauros
|-damage|p1a: Tauros|0 fnt
|faint|p1a: Tauros
|
|switch|p1a: Dragonite|Dragonite, L85|308\/328 tox
|-status|p1a: Dragonite|psn
|turn|34
|
|move|p2a: Persian|Slash|p1a: Dragonite
|-crit|p1a: Dragonite
|-damage|p1a: Dragonite|212\/328 psn
|move|p1a: Dragonite|Thunder Wave|p2a: Persian
|-status|p2a: Persian|par
|-damage|p1a: Dragonite|192\/328 psn|[from] psn|[of] p2a: Persian
|
|turn|35
|
|move|p1a: Dragonite|Body Slam|p2a: Persian
|-damage|p2a: Persian|50\/265 par
|-damage|p1a: Dragonite|172\/328 psn|[from] psn|[of] p2a: Persian
|cant|p2a: Persian|par
|
|turn|36
|
|move|p1a: Dragonite|Body Slam|p2a: Persian
|-damage|p2a: Persian|0 fnt
|faint|p2a: Persian
|
|win|eldougi
|raw|Ladder updating...
|leave|LekkasPetalouda
|player|p2
|raw|eldougi's rating: 1392 &rarr; <strong>1405<\/strong><br \/>(+13 for winning)
|raw|LekkasPetalouda's rating: 1266 &rarr; <strong>1250<\/strong><br \/>(-16 for losing)