|j|Peasounay
|j|Diegolh
|player|p1|Peasounay|80
|player|p2|Diegolh|209
|gametype|singles
|gen|1
|tier|[Gen 1] OU
|seed|59851,55516,63801,51239
|rule|Sleep Clause Mod: Limit one foe put to sleep
|rule|Freeze Clause Mod: Limit one foe frozen
|rule|Species Clause: Limit one of each Pokémon
|rule|OHKO Clause: OHKO moves are banned
|rule|Evasion Moves Clause: Evasion moves are banned
|rule|HP Percentage Mod: HP is shown in percentages
|
|start
|switch|p1a: Alakazam|Alakazam|313\/313
|switch|p2a: Alakazam|Alakazam|313\/313
|turn|1
|c|★Peasounay|gl hf
|j|gomes80
|c|★Diegolh|meh
|c|★Diegolh|thx, you too
|choice|switch 2|switch 3
|
|switch|p1a: Exeggutor|Exeggutor|393\/393
|switch|p2a: Chansey|Chansey|703\/703
|
|turn|2
|choice|move 1|switch 3
|
|switch|p2a: Alakazam|Alakazam|313\/313
|move|p1a: Exeggutor|Sleep Powder|p2a: Alakazam
|-status|p2a: Alakazam|slp
|
|turn|3
|choice|switch 3|switch 3
|
|switch|p2a: Chansey|Chansey|703\/703
|switch|p1a: Snorlax|Snorlax|523\/523
|
|turn|4
|choice|switch 2|move 1
|
|switch|p1a: Alakazam|Alakazam|313\/313
|move|p2a: Chansey|Ice Beam|p1a: Alakazam
|-crit|p1a: Alakazam
|-damage|p1a: Alakazam|190\/313
|-status|p1a: Alakazam|frz
|
|turn|5
|c|★Diegolh|oh man
|j|doctorcapaldi
|choice|switch 5|move 1
|
|switch|p1a: Chansey|Chansey|703\/703
|move|p2a: Chansey|Ice Beam|p1a: Chansey
|-damage|p1a: Chansey|624\/703
|
|turn|6
|l|doctorcapaldi
|j|doctorcapaldi
|choice|move 3|move 4
|
|move|p2a: Chansey|Thunderbolt|p1a: Chansey
|-damage|p1a: Chansey|551\/703
|move|p1a: Chansey|Thunder Wave|p2a: Chansey
|-status|p2a: Chansey|par
|
|turn|7
|choice|move 2|move 3
|
|move|p1a: Chansey|Seismic Toss|p2a: Chansey
|-damage|p2a: Chansey|603\/703 par
|move|p2a: Chansey|Thunder Wave|p1a: Chansey
|-status|p1a: Chansey|par
|
|turn|8
|l|doctorcapaldi
|j|doctorcapaldi
|choice|switch 2|move 4
|
|switch|p1a: Snorlax|Snorlax|523\/523
|move|p2a: Chansey|Thunderbolt|p1a: Snorlax
|-damage|p1a: Snorlax|428\/523
|
|turn|9
|choice|move 1|move 3
|
|move|p1a: Snorlax|Body Slam|p2a: Chansey
|-damage|p2a: Chansey|311\/703 par
|move|p2a: Chansey|Thunder Wave|p1a: Snorlax
|-status|p1a: Snorlax|par
|
|turn|10
|choice|move 1|move 2
|
|move|p2a: Chansey|Soft-Boiled|p2a: Chansey
|-heal|p2a: Chansey|662\/703 par
|move|p1a: Snorlax|Body Slam|p2a: Chansey
|-damage|p2a: Chansey|349\/703 par
|
|turn|11
|choice|move 1|move 2
|
|move|p2a: Chansey|Soft-Boiled|p2a: Chansey
|-heal|p2a: Chansey|700\/703 par
|move|p1a: Snorlax|Body Slam|p2a: Chansey
|-damage|p2a: Chansey|415\/703 par
|
|turn|12
|j|crule cubone
|l|crule cubone
|choice|move 1|switch 6
|
|switch|p2a: Exeggutor|Exeggutor|393\/393
|cant|p1a: Snorlax|par
|
|turn|13
|choice|switch 2|move 2
|
|switch|p1a: Chansey|Chansey|551\/703 par
|move|p2a: Exeggutor|Psychic|p1a: Chansey
|-damage|p1a: Chansey|433\/703 par
|-unboost|p1a: Chansey|spd|1
|-unboost|p1a: Chansey|spa|1
|
|turn|14
|choice|move 1|switch 5
|
|switch|p2a: Lapras|Lapras|463\/463
|cant|p1a: Chansey|par
|
|turn|15
|choice|move 3|move 1
|
|move|p2a: Lapras|Blizzard|p1a: Chansey
|-damage|p1a: Chansey|245\/703 par
|cant|p1a: Chansey|par
|
|turn|16
|choice|move 1|move 1
|
|move|p2a: Lapras|Blizzard|p1a: Chansey
|-damage|p1a: Chansey|55\/703 par
|move|p1a: Chansey|Soft-Boiled|p1a: Chansey
|-heal|p1a: Chansey|406\/703 par
|
|turn|17
|choice|move 1|move 4
|
|move|p2a: Lapras|Confuse Ray|p1a: Chansey
|-start|p1a: Chansey|confusion
|cant|p1a: Chansey|par
|
|turn|18
|choice|move 1|move 1
|
|move|p2a: Lapras|Blizzard|p1a: Chansey
|-damage|p1a: Chansey|205\/703 par
|-activate|p1a: Chansey|confusion
|-damage|p1a: Chansey|170\/703 par|[from] confusion
|
|turn|19
|choice|switch 5|move 1
|
|switch|p1a: Alakazam|Alakazam|190\/313 frz
|move|p2a: Lapras|Blizzard|p1a: Alakazam|[miss]
|-miss|p2a: Lapras
|
|turn|20
|j|jn jkhj
|choice|move 3|move 4
|
|cant|p1a: Alakazam|frz
|move|p2a: Lapras|Confuse Ray|p1a: Alakazam
|-start|p1a: Alakazam|confusion
|
|turn|21
|j|Goldeneyes
|l|jn jkhj
|choice|move 3|move 4
|
|cant|p1a: Alakazam|frz
|move|p2a: Lapras|Confuse Ray|p1a: Alakazam
|
|turn|22
|choice|move 2|switch 2
|
|switch|p2a: Tauros|Tauros|353\/353
|cant|p1a: Alakazam|frz
|
|turn|23
|choice|move 2|move 1
|
|cant|p1a: Alakazam|frz
|move|p2a: Tauros|Body Slam|p1a: Alakazam
|-crit|p1a: Alakazam
|-damage|p1a: Alakazam|0 fnt
|faint|p1a: Alakazam
|choice|switch 4|
|
|switch|p1a: Tauros|Tauros|353\/353
|turn|24
|choice|move 2|switch 2
|
|switch|p2a: Lapras|Lapras|463\/463
|move|p1a: Tauros|Body Slam|p2a: Lapras
|-damage|p2a: Lapras|347\/463
|
|turn|25
|choice|switch 6|move 4
|
|switch|p1a: Lapras|Lapras|463\/463
|move|p2a: Lapras|Confuse Ray|p1a: Lapras
|-start|p1a: Lapras|confusion
|
|turn|26
|choice|switch 2|move 2
|
|switch|p1a: Snorlax|Snorlax|428\/523 par
|move|p2a: Lapras|Thunderbolt|p1a: Snorlax
|-damage|p1a: Snorlax|327\/523 par
|
|turn|27
|choice|move 1|move 4
|
|move|p2a: Lapras|Confuse Ray|p1a: Snorlax
|-start|p1a: Snorlax|confusion
|cant|p1a: Snorlax|par
|
|turn|28
|choice|switch 2|move 1
|
|switch|p1a: Lapras|Lapras|463\/463
|move|p2a: Lapras|Blizzard|p1a: Lapras
|-resisted|p1a: Lapras
|-damage|p1a: Lapras|429\/463
|
|turn|29
|choice|move 4|move 4
|
|move|p1a: Lapras|Confuse Ray|p2a: Lapras
|-start|p2a: Lapras|confusion
|-activate|p2a: Lapras|confusion
|move|p2a: Lapras|Confuse Ray|p1a: Lapras
|-start|p1a: Lapras|confusion
|
|turn|30
|choice|move 2|move 2
|
|-activate|p2a: Lapras|confusion
|move|p2a: Lapras|Thunderbolt|p1a: Lapras
|-supereffective|p1a: Lapras
|-damage|p1a: Lapras|290\/463
|-activate|p1a: Lapras|confusion
|-damage|p1a: Lapras|254\/463|[from] confusion
|
|turn|31
|l|Goldeneyes
|choice|move 2|move 2
|
|-activate|p2a: Lapras|confusion
|move|p2a: Lapras|Thunderbolt|p1a: Lapras
|-supereffective|p1a: Lapras
|-damage|p1a: Lapras|103\/463
|-activate|p1a: Lapras|confusion
|move|p1a: Lapras|Thunderbolt|p2a: Lapras
|-supereffective|p2a: Lapras
|-damage|p2a: Lapras|206\/463
|
|turn|32
|choice|switch 3|move 2
|
|switch|p1a: Exeggutor|Exeggutor|393\/393
|-activate|p2a: Lapras|confusion
|-damage|p2a: Lapras|170\/463|[from] confusion
|
|turn|33
|choice|switch 3|switch 5
|
|switch|p2a: Exeggutor|Exeggutor|393\/393
|switch|p1a: Lapras|Lapras|103\/463
|
|turn|34
|choice|move 2|move 2
|
|move|p1a: Lapras|Thunderbolt|p2a: Exeggutor
|-resisted|p2a: Exeggutor
|-damage|p2a: Exeggutor|364\/393
|-status|p2a: Exeggutor|par
|cant|p2a: Exeggutor|par
|
|turn|35
|c|★Peasounay|wow
|c| gomes80|lol
|c|★Diegolh|hmm
|l|doctorcapaldi
|c|★Diegolh|i think
|c|★Diegolh|i was lucky since the begining
|c|★Diegolh|so
|c|★Diegolh|it's ok
|choice|move 1|switch 5
|
|switch|p2a: Lapras|Lapras|170\/463
|move|p1a: Lapras|Blizzard|p2a: Lapras
|-resisted|p2a: Lapras
|-damage|p2a: Lapras|133\/463
|
|turn|36
|c|★Peasounay|that wow wasn't only about the luck
|c|★Peasounay|u crazy staying in
|c|★Diegolh|hmm
|choice|move 2|move 2
|
|move|p2a: Lapras|Thunderbolt|p1a: Lapras
|-supereffective|p1a: Lapras
|-damage|p1a: Lapras|0 fnt
|faint|p1a: Lapras
|choice|switch 5|
|
|switch|p1a: Chansey|Chansey|170\/703 par
|turn|37
|c|★Diegolh|i don't think so
|j|Ch01W0n5h1n
|c| gomes80|doesn't he live one?
|c|★Diegolh|cause i know that you will tb
|c|★Peasounay|even so lol
|c|★Peasounay|it puts him in hb range from tauros
|c| gomes80|he would KO you..
|choice|move 1|move 3
|
|move|p2a: Lapras|Body Slam|p1a: Chansey
|-damage|p1a: Chansey|17\/703 par
|move|p1a: Chansey|Soft-Boiled|p1a: Chansey
|-heal|p1a: Chansey|368\/703 par
|
|turn|38
|choice|move 1|move 4
|
|move|p2a: Lapras|Confuse Ray|p1a: Chansey
|-start|p1a: Chansey|confusion
|-activate|p1a: Chansey|confusion
|move|p1a: Chansey|Soft-Boiled|p1a: Chansey
|-heal|p1a: Chansey|703\/703 par
|
|turn|39
|choice|move 2|move 3
|
|move|p2a: Lapras|Body Slam|p1a: Chansey
|-damage|p1a: Chansey|524\/703 par
|-end|p1a: Chansey|confusion
|move|p1a: Chansey|Seismic Toss|p2a: Lapras
|-damage|p2a: Lapras|33\/463
|
|turn|40
|choice|move 2|move 3
|
|move|p2a: Lapras|Body Slam|p1a: Chansey
|-damage|p1a: Chansey|358\/703 par
|cant|p1a: Chansey|par
|
|turn|41
|choice|move 1|move 3
|
|move|p2a: Lapras|Body Slam|p1a: Chansey
|-damage|p1a: Chansey|196\/703 par
|move|p1a: Chansey|Soft-Boiled|p1a: Chansey
|-heal|p1a: Chansey|547\/703 par
|
|turn|42
|choice|move 1|move 4
|
|move|p2a: Lapras|Confuse Ray|p1a: Chansey
|-start|p1a: Chansey|confusion
|-activate|p1a: Chansey|confusion
|-damage|p1a: Chansey|512\/703 par|[from] confusion
|
|turn|43
|choice|move 2|move 3
|
|move|p2a: Lapras|Body Slam|p1a: Chansey
|-damage|p1a: Chansey|343\/703 par
|cant|p1a: Chansey|par
|
|turn|44
|choice|move 1|move 3
|
|move|p2a: Lapras|Body Slam|p1a: Chansey
|-damage|p1a: Chansey|186\/703 par
|-activate|p1a: Chansey|confusion
|-damage|p1a: Chansey|151\/703 par|[from] confusion
|
|turn|45
|choice|move 1|move 3
|
|move|p2a: Lapras|Body Slam|p1a: Chansey
|-damage|p1a: Chansey|0 fnt
|faint|p1a: Chansey
|choice|switch 6|
|
|switch|p1a: Tauros|Tauros|353\/353
|turn|46
|choice|move 2|move 4
|
|move|p1a: Tauros|Body Slam|p2a: Lapras
|-damage|p2a: Lapras|0 fnt
|faint|p2a: Lapras
|choice||switch 5
|
|switch|p2a: Exeggutor|Exeggutor|364\/393 par
|turn|47
|choice|switch 2|move 2
|
|switch|p1a: Snorlax|Snorlax|327\/523 par
|move|p2a: Exeggutor|Psychic|p1a: Snorlax
|-damage|p1a: Snorlax|174\/523 par
|
|turn|48
|choice|move 3|move 2
|
|move|p2a: Exeggutor|Psychic|p1a: Snorlax
|-damage|p1a: Snorlax|18\/523 par
|move|p1a: Snorlax|Hyper Beam|p2a: Exeggutor
|-damage|p2a: Exeggutor|147\/393 par
|
|turn|49
|-mustrecharge|p1a: Snorlax
|-mustrecharge|p1a: Snorlax
|choice|move 1|move 4
|
|move|p2a: Exeggutor|Mega Drain|p1a: Snorlax
|-damage|p1a: Snorlax|0 fnt
|-heal|p2a: Exeggutor|156\/393 par|[from] drain|[of] p1a: Snorlax
|faint|p1a: Snorlax
|choice|switch 2|
|
|switch|p1a: Tauros|Tauros|353\/353
|turn|50
|choice|move 1|move 3
|
|move|p1a: Tauros|Blizzard|p2a: Exeggutor
|-supereffective|p2a: Exeggutor
|-damage|p2a: Exeggutor|24\/393 par
|move|p2a: Exeggutor|Explosion|p1a: Tauros
|-damage|p1a: Tauros|107\/353
|faint|p2a: Exeggutor
|choice||switch 4
|
|switch|p2a: Rhydon|Rhydon|413\/413
|turn|51
|choice|switch 3|move 2
|
|switch|p1a: Exeggutor|Exeggutor|393\/393
|move|p2a: Rhydon|Rock Slide|p1a: Exeggutor
|-damage|p1a: Exeggutor|278\/393
|
|turn|52
|choice|switch 3|switch 6
|
|switch|p1a: Tauros|Tauros|107\/353
|switch|p2a: Chansey|Chansey|415\/703 par
|
|turn|53
|choice|move 1|switch 6
|
|switch|p2a: Rhydon|Rhydon|413\/413
|move|p1a: Tauros|Blizzard|p2a: Rhydon
|-supereffective|p2a: Rhydon
|-damage|p2a: Rhydon|170\/413
|
|turn|54
|c| gomes80|nice
|choice|move 1|switch 2
|
|switch|p2a: Tauros|Tauros|353\/353
|move|p1a: Tauros|Blizzard|p2a: Tauros
|-damage|p2a: Tauros|260\/353
|
|turn|55
|c| gomes80|but too late :\/
|choice|switch 3|move 2
|
|switch|p1a: Exeggutor|Exeggutor|278\/393
|move|p2a: Tauros|Hyper Beam|p1a: Exeggutor
|-crit|p1a: Exeggutor
|-damage|p1a: Exeggutor|0 fnt
|faint|p1a: Exeggutor
|choice|switch 3|
|
|switch|p1a: Tauros|Tauros|107\/353
|turn|56
|c| gomes80|damn
|choice|move 3|move 2
|
|move|p2a: Tauros|Hyper Beam|p1a: Tauros
|-damage|p1a: Tauros|0 fnt
|faint|p1a: Tauros
|
|win|Diegolh
|player|p1
|player|p2
|c|★Peasounay|gg
|l|gomes80
|c|★Diegolh|i don't deserve it
|l|Ch01W0n5h1n
|c|★Peasounay|yo do
|c|★Peasounay|you do*
|c|★Peasounay|every win is legit
|c|★Diegolh|not this one
|c|★Peasounay|it is
|c|★Diegolh|definitively
|l|Diegolh
|l|Peasounay
|j|Diegolh