|j|Ciri91
|j|lutti
|player|p1|Ciri91|163
|player|p2|lutti|54
|gametype|singles
|gen|1
|tier|[Gen 1] OU
|rated
|seed|63154,38110,1652,49462
|rule|Sleep Clause Mod: Limit one foe put to sleep
|rule|Freeze Clause Mod: Limit one foe frozen
|rule|Species Clause: Limit one of each Pokémon
|rule|OHKO Clause: OHKO moves are banned
|rule|Evasion Moves Clause: Evasion moves are banned
|rule|HP Percentage Mod: HP is shown in percentages
|
|start
|switch|p1a: Venusaur|Venusaur|363\/363
|switch|p2a: Jynx|Jynx|333\/333
|turn|1
|choice|move 4|move 1
|
|move|p2a: Jynx|Lovely Kiss|p1a: Venusaur
|-status|p1a: Venusaur|slp
|cant|p1a: Venusaur|slp
|
|turn|2
|choice|switch 2|move 3
|
|switch|p1a: Charizard|Charizard|359\/359
|move|p2a: Jynx|Psychic|p1a: Charizard
|-damage|p1a: Charizard|242\/359
|
|turn|3
|choice|move 1|switch 6
|
|switch|p2a: Rhydon|Rhydon|413\/413
|move|p1a: Charizard|Fire Blast|p2a: Rhydon
|-resisted|p2a: Rhydon
|-damage|p2a: Rhydon|308\/413
|-status|p2a: Rhydon|brn
|
|turn|4
|choice|switch 5|move 2
|
|switch|p1a: Lapras|Lapras|463\/463
|move|p2a: Rhydon|Rock Slide|p1a: Lapras
|-supereffective|p1a: Lapras
|-damage|p1a: Lapras|342\/463
|-damage|p2a: Rhydon|283\/413 brn|[from] brn|[of] p1a: Lapras
|
|turn|5
|choice|move 2|switch 3
|
|switch|p2a: Snorlax|Snorlax|523\/523
|move|p1a: Lapras|Surf|p2a: Snorlax
|-damage|p2a: Snorlax|383\/523
|
|turn|6
|choice|move 4|move 1
|
|move|p1a: Lapras|Thunderbolt|p2a: Snorlax
|-damage|p2a: Snorlax|285\/523
|move|p2a: Snorlax|Body Slam|p1a: Lapras
|-damage|p1a: Lapras|213\/463
|
|turn|7
|choice|move 1|move 2
|
|move|p1a: Lapras|Blizzard|p2a: Snorlax
|-damage|p2a: Snorlax|115\/523
|move|p2a: Snorlax|Hyper Beam|p1a: Lapras
|-damage|p1a: Lapras|14\/463
|
|turn|8
|-mustrecharge|p2a: Snorlax
|-mustrecharge|p2a: Snorlax
|choice|move 3|move 1
|
|move|p1a: Lapras|Rest|p1a: Lapras
|-status|p1a: Lapras|slp
|-heal|p1a: Lapras|463\/463 slp|[silent]
|-status|p1a: Lapras|slp|[from] move: Rest
|cant|p2a: Snorlax|recharge
|
|turn|9
|choice|switch 4|move 1
|
|switch|p1a: Gengar|Gengar|323\/323
|move|p2a: Snorlax|Body Slam|p1a: Gengar
|-immune|p1a: Gengar|[msg]
|
|turn|10
|choice|move 1|move 3
|
|move|p1a: Gengar|Psychic|p2a: Snorlax
|-crit|p2a: Snorlax
|-damage|p2a: Snorlax|0 fnt
|faint|p2a: Snorlax
|c|★lutti|LOL
|choice||switch 6
|
|switch|p2a: Jynx|Jynx|333\/333
|turn|11
|choice|switch 4|move 3
|
|switch|p1a: Lapras|Lapras|463\/463 slp
|move|p2a: Jynx|Psychic|p1a: Lapras
|-crit|p1a: Lapras
|-damage|p1a: Lapras|265\/463 slp
|
|turn|12
|choice|switch 5|move 3
|
|switch|p1a: Charizard|Charizard|242\/359
|move|p2a: Jynx|Psychic|p1a: Charizard
|-damage|p1a: Charizard|136\/359
|-unboost|p1a: Charizard|spd|1
|-unboost|p1a: Charizard|spa|1
|
|turn|13
|choice|move 2|switch 3
|
|switch|p2a: Rhydon|Rhydon|283\/413 brn
|-damage|p2a: Rhydon|258\/413 brn|[from] brn
|move|p1a: Charizard|Earthquake|p2a: Rhydon
|-supereffective|p2a: Rhydon
|-damage|p2a: Rhydon|132\/413 brn
|
|turn|14
|choice|switch 5|move 2
|
|switch|p1a: Lapras|Lapras|265\/463 slp
|move|p2a: Rhydon|Rock Slide|p1a: Lapras
|-supereffective|p1a: Lapras
|-damage|p1a: Lapras|150\/463 slp
|-damage|p2a: Rhydon|107\/413 brn|[from] brn|[of] p1a: Lapras
|
|turn|15
|choice|move 2|move 2
|
|cant|p1a: Lapras|slp
|move|p2a: Rhydon|Rock Slide|p1a: Lapras
|-supereffective|p1a: Lapras
|-damage|p1a: Lapras|22\/463 slp
|-damage|p2a: Rhydon|82\/413 brn|[from] brn|[of] p1a: Lapras
|
|turn|16
|choice|move 2|move 1
|
|-curestatus|p1a: Lapras|slp
|move|p2a: Rhydon|Earthquake|p1a: Lapras
|-crit|p1a: Lapras
|-damage|p1a: Lapras|0 fnt
|faint|p1a: Lapras
|choice|switch 4|
|
|switch|p1a: Gengar|Gengar|323\/323
|turn|17
|choice|move 1|move 1
|
|move|p1a: Gengar|Psychic|p2a: Rhydon
|-damage|p2a: Rhydon|0 fnt
|faint|p2a: Rhydon
|choice||switch 3
|
|switch|p2a: Jynx|Jynx|333\/333
|turn|18
|choice|switch 5|move 3
|
|switch|p1a: Charizard|Charizard|136\/359
|move|p2a: Jynx|Psychic|p1a: Charizard
|-crit|p1a: Charizard
|-damage|p1a: Charizard|0 fnt
|faint|p1a: Charizard
|choice|switch 6|
|
|switch|p1a: Alakazam|Alakazam|313\/313
|turn|19
|choice|move 1|switch 4
|
|switch|p2a: Chansey|Chansey|703\/703
|move|p1a: Alakazam|Thunder Wave|p2a: Chansey
|-status|p2a: Chansey|par
|
|turn|20
|choice|move 2|move 3
|
|move|p1a: Alakazam|Psychic|p2a: Chansey
|-damage|p2a: Chansey|585\/703 par
|-unboost|p2a: Chansey|spd|1
|-unboost|p2a: Chansey|spa|1
|move|p2a: Chansey|Thunder Wave|p1a: Alakazam
|-status|p1a: Alakazam|par
|
|turn|21
|choice|move 2|move 4
|
|cant|p1a: Alakazam|par
|cant|p2a: Chansey|par
|
|turn|22
|choice|move 2|move 4
|
|move|p1a: Alakazam|Psychic|p2a: Chansey
|-damage|p2a: Chansey|394\/703 par
|-unboost|p2a: Chansey|spd|1
|-unboost|p2a: Chansey|spa|1
|cant|p2a: Chansey|par
|
|turn|23
|choice|move 2|switch 5
|
|switch|p2a: Alakazam|Alakazam|313\/313
|cant|p1a: Alakazam|par
|
|turn|24
|c|★lutti|haxx is really lol
|choice|move 3|switch 5
|
|switch|p2a: Chansey|Chansey|394\/703 par
|move|p1a: Alakazam|Toxic|p2a: Chansey
|-fail|p2a: Chansey
|
|turn|25
|choice|move 2|move 2
|
|move|p1a: Alakazam|Psychic|p2a: Chansey
|-crit|p2a: Chansey
|-damage|p2a: Chansey|132\/703 par
|move|p2a: Chansey|Soft-Boiled|p2a: Chansey
|-heal|p2a: Chansey|483\/703 par
|
|turn|26
|choice|move 2|move 2
|
|cant|p1a: Alakazam|par
|move|p2a: Chansey|Soft-Boiled|p2a: Chansey
|-heal|p2a: Chansey|703\/703 par
|
|turn|27
|choice|move 2|move 4
|
|move|p1a: Alakazam|Psychic|p2a: Chansey
|-damage|p2a: Chansey|568\/703 par
|-unboost|p2a: Chansey|spd|1
|-unboost|p2a: Chansey|spa|1
|move|p2a: Chansey|Thunderbolt|p1a: Alakazam
|-crit|p1a: Alakazam
|-damage|p1a: Alakazam|183\/313 par
|
|turn|28
|choice|move 4|move 4
|
|move|p1a: Alakazam|Recover|p1a: Alakazam
|-heal|p1a: Alakazam|313\/313 par
|cant|p2a: Chansey|par
|
|turn|29
|choice|move 2|switch 4
|
|switch|p2a: Jynx|Jynx|333\/333
|move|p1a: Alakazam|Psychic|p2a: Jynx
|-resisted|p2a: Jynx
|-damage|p2a: Jynx|268\/333
|
|turn|30
|choice|move 3|switch 4
|
|switch|p2a: Chansey|Chansey|568\/703 par
|move|p1a: Alakazam|Toxic|p2a: Chansey
|-fail|p2a: Chansey
|
|turn|31
|choice|move 2|move 4
|
|move|p1a: Alakazam|Psychic|p2a: Chansey
|-damage|p2a: Chansey|446\/703 par
|-unboost|p2a: Chansey|spd|1
|-unboost|p2a: Chansey|spa|1
|move|p2a: Chansey|Thunderbolt|p1a: Alakazam
|-damage|p1a: Alakazam|269\/313 par
|
|turn|32
|choice|move 2|switch 5
|
|switch|p2a: Alakazam|Alakazam|313\/313
|cant|p1a: Alakazam|par
|
|turn|33
|choice|move 2|move 4
|
|move|p2a: Alakazam|Seismic Toss|p1a: Alakazam
|-damage|p1a: Alakazam|169\/313 par
|move|p1a: Alakazam|Psychic|p2a: Alakazam
|-crit|p2a: Alakazam
|-resisted|p2a: Alakazam
|-damage|p2a: Alakazam|215\/313
|-unboost|p2a: Alakazam|spd|1
|-unboost|p2a: Alakazam|spa|1
|
|turn|34
|choice|move 4|move 4
|
|move|p2a: Alakazam|Seismic Toss|p1a: Alakazam
|-damage|p1a: Alakazam|69\/313 par
|move|p1a: Alakazam|Recover|p1a: Alakazam
|-heal|p1a: Alakazam|225\/313 par
|
|turn|35
|choice|move 3|move 4
|
|move|p2a: Alakazam|Seismic Toss|p1a: Alakazam
|-damage|p1a: Alakazam|125\/313 par
|move|p1a: Alakazam|Toxic|p2a: Alakazam|[miss]
|-miss|p1a: Alakazam
|
|turn|36
|choice|move 4|move 4
|
|move|p2a: Alakazam|Seismic Toss|p1a: Alakazam
|-damage|p1a: Alakazam|25\/313 par
|move|p1a: Alakazam|Recover|p1a: Alakazam
|-heal|p1a: Alakazam|181\/313 par
|
|turn|37
|choice|move 3|move 4
|
|move|p2a: Alakazam|Seismic Toss|p1a: Alakazam
|-damage|p1a: Alakazam|81\/313 par
|move|p1a: Alakazam|Toxic|p2a: Alakazam
|-status|p2a: Alakazam|tox
|
|turn|38
|choice|move 4|move 4
|
|move|p2a: Alakazam|Seismic Toss|p1a: Alakazam
|-damage|p1a: Alakazam|0 fnt
|faint|p1a: Alakazam
|choice|switch 3|
|
|switch|p1a: Zapdos|Zapdos|383\/383
|turn|39
|choice|move 3|move 3
|
|move|p2a: Alakazam|Thunder Wave|p1a: Zapdos
|-status|p1a: Zapdos|par
|-damage|p2a: Alakazam|196\/313 tox|[from] tox|[of] p1a: Zapdos
|move|p1a: Zapdos|Hyper Beam|p2a: Alakazam
|-damage|p2a: Alakazam|17\/313 tox
|
|turn|40
|-mustrecharge|p1a: Zapdos
|-mustrecharge|p1a: Zapdos
|choice|move 1|move 2
|
|move|p2a: Alakazam|Recover|p2a: Alakazam
|-heal|p2a: Alakazam|173\/313 tox
|-damage|p2a: Alakazam|135\/313 tox|[from] psn
|cant|p1a: Zapdos|recharge
|
|turn|41
|choice|move 3|switch 5
|
|switch|p2a: Chansey|Chansey|446\/703 par
|move|p1a: Zapdos|Hyper Beam|p2a: Chansey
|-damage|p2a: Chansey|164\/703 par
|
|turn|42
|-mustrecharge|p1a: Zapdos
|-mustrecharge|p1a: Zapdos
|choice|move 1|move 2
|
|cant|p1a: Zapdos|recharge
|move|p2a: Chansey|Soft-Boiled|p2a: Chansey
|-heal|p2a: Chansey|515\/703 par
|
|turn|43
|choice|move 1|move 2
|
|cant|p1a: Zapdos|par
|move|p2a: Chansey|Soft-Boiled|p2a: Chansey
|-heal|p2a: Chansey|703\/703 par
|
|turn|44
|choice|move 1|move 1
|
|move|p1a: Zapdos|Thunderbolt|p2a: Chansey
|-damage|p2a: Chansey|574\/703 par
|move|p2a: Chansey|Ice Beam|p1a: Zapdos
|-supereffective|p1a: Zapdos
|-damage|p1a: Zapdos|249\/383 par
|
|turn|45
|choice|move 3|move 1
|
|move|p1a: Zapdos|Hyper Beam|p2a: Chansey
|-damage|p2a: Chansey|259\/703 par
|move|p2a: Chansey|Ice Beam|p1a: Zapdos
|-supereffective|p1a: Zapdos
|-damage|p1a: Zapdos|112\/383 par
|
|turn|46
|-mustrecharge|p1a: Zapdos
|-mustrecharge|p1a: Zapdos
|choice|move 1|move 2
|
|cant|p1a: Zapdos|recharge
|move|p2a: Chansey|Soft-Boiled|p2a: Chansey
|-heal|p2a: Chansey|610\/703 par
|
|turn|47
|choice|switch 5|move 1
|
|switch|p1a: Gengar|Gengar|323\/323
|move|p2a: Chansey|Ice Beam|p1a: Gengar
|-damage|p1a: Gengar|253\/323
|
|turn|48
|choice|move 4|move 3
|
|move|p1a: Gengar|Night Shade|p2a: Chansey
|-damage|p2a: Chansey|510\/703 par
|move|p2a: Chansey|Thunder Wave|p1a: Gengar
|-status|p1a: Gengar|par
|
|turn|49
|choice|move 1|move 4
|
|cant|p1a: Gengar|par
|cant|p2a: Chansey|par
|
|turn|50
|choice|move 1|move 4
|
|move|p1a: Gengar|Psychic|p2a: Chansey
|-damage|p2a: Chansey|427\/703 par
|-unboost|p2a: Chansey|spd|1
|-unboost|p2a: Chansey|spa|1
|move|p2a: Chansey|Thunderbolt|p1a: Gengar
|-damage|p1a: Gengar|208\/323 par
|
|turn|51
|choice|move 1|switch 4
|
|switch|p2a: Jynx|Jynx|268\/333
|move|p1a: Gengar|Psychic|p2a: Jynx
|-resisted|p2a: Jynx
|-damage|p2a: Jynx|225\/333
|
|turn|52
|choice|switch 2|move 3
|
|switch|p1a: Venusaur|Venusaur|363\/363 slp
|move|p2a: Jynx|Psychic|p1a: Venusaur
|-supereffective|p1a: Venusaur
|-damage|p1a: Venusaur|173\/363 slp
|
|turn|53
|choice|move 1|move 3
|
|move|p2a: Jynx|Psychic|p1a: Venusaur
|-supereffective|p1a: Venusaur
|-damage|p1a: Venusaur|0 fnt
|faint|p1a: Venusaur
|choice|switch 2|
|
|switch|p1a: Gengar|Gengar|208\/323 par
|turn|54
|choice|move 4|move 3
|
|move|p2a: Jynx|Psychic|p1a: Gengar
|-supereffective|p1a: Gengar
|-damage|p1a: Gengar|28\/323 par
|-unboost|p1a: Gengar|spd|1
|-unboost|p1a: Gengar|spa|1
|move|p1a: Gengar|Night Shade|p2a: Jynx
|-damage|p2a: Jynx|125\/333
|
|turn|55
|choice|move 2|move 3
|
|move|p2a: Jynx|Psychic|p1a: Gengar
|-supereffective|p1a: Gengar
|-damage|p1a: Gengar|0 fnt
|faint|p1a: Gengar
|choice|switch 5|
|
|switch|p1a: Zapdos|Zapdos|112\/383 par
|turn|56
|choice|move 3|move 2
|
|move|p2a: Jynx|Blizzard|p1a: Zapdos
|-crit|p1a: Zapdos
|-supereffective|p1a: Zapdos
|-damage|p1a: Zapdos|0 fnt
|faint|p1a: Zapdos
|
|win|lutti
|player|p1
|player|p2
|raw|Ciri91's rating: 1029 &rarr; <strong>1016<\/strong><br \/>(-13 for losing)
|raw|lutti's rating: 1050 &rarr; <strong>1081<\/strong><br \/>(+31 for winning)
|l|Ciri91