|j|gen1masterrony
|j|IBeYSaC
|player|p1|gen1masterrony|102
|player|p2|IBeYSaC|169
|gametype|singles
|gen|1
|tier|[Gen 1] Random Battle
|rated
|seed|47848,52695,28621,20663
|rule|Sleep Clause Mod: Limit one foe put to sleep
|rule|Freeze Clause Mod: Limit one foe frozen
|rule|HP Percentage Mod: HP is shown in percentages
|
|start
|switch|p1a: Voltorb|Voltorb, L96|272\/272
|switch|p2a: Dratini|Dratini, L96|274\/274
|turn|1
|choice|move 4|move 3
|
|move|p1a: Voltorb|Screech|p2a: Dratini
|-unboost|p2a: Dratini|def|2
|move|p2a: Dratini|Body Slam|p1a: Voltorb
|-damage|p1a: Voltorb|205\/272
|
|turn|2
|choice|switch 4|switch 4
|
|switch|p1a: Muk|Muk, L90|372\/372
|switch|p2a: Electabuzz|Electabuzz, L85|284\/284
|
|turn|3
|choice|move 3|move 3
|
|move|p2a: Electabuzz|Thunder Wave|p1a: Muk
|-status|p1a: Muk|par
|move|p1a: Muk|Body Slam|p2a: Electabuzz
|-damage|p2a: Electabuzz|192\/284
|
|turn|4
|choice|move 3|move 2
|
|move|p2a: Electabuzz|Psychic|p1a: Muk
|-supereffective|p1a: Muk
|-damage|p1a: Muk|236\/372 par
|-unboost|p1a: Muk|spd|1
|-unboost|p1a: Muk|spa|1
|move|p1a: Muk|Body Slam|p2a: Electabuzz
|-damage|p2a: Electabuzz|99\/284
|-status|p2a: Electabuzz|par
|
|turn|5
|choice|move 1|move 2
|
|move|p2a: Electabuzz|Psychic|p1a: Muk
|-supereffective|p1a: Muk
|-damage|p1a: Muk|20\/372 par
|move|p1a: Muk|Explosion|p2a: Electabuzz
|-damage|p2a: Electabuzz|0 fnt
|faint|p2a: Electabuzz
|faint|p1a: Muk
|choice|switch 3|switch 5
|
|switch|p2a: Charizard|Charizard, L85|306\/306
|switch|p1a: Butterfree|Butterfree, L90|291\/291
|turn|6
|choice|switch 4|move 1
|
|switch|p1a: Voltorb|Voltorb, L96|205\/272
|move|p2a: Charizard|Fire Blast|p1a: Voltorb
|-damage|p1a: Voltorb|76\/272
|
|turn|7
|choice|move 1|move 3
|
|move|p1a: Voltorb|Explosion|p2a: Charizard
|-damage|p2a: Charizard|124\/306
|faint|p1a: Voltorb
|choice|switch 5|
|
|switch|p1a: Electabuzz|Electabuzz, L85|284\/284
|turn|8
|choice|move 3|move 3
|
|move|p1a: Electabuzz|Thunderbolt|p2a: Charizard
|-supereffective|p2a: Charizard
|-damage|p2a: Charizard|0 fnt
|faint|p2a: Charizard
|choice||switch 6
|
|switch|p2a: Mew|Mew, L74|300\/300
|turn|9
|choice|move 2|move 3
|
|move|p1a: Electabuzz|Thunder Wave|p2a: Mew
|-status|p2a: Mew|par
|move|p2a: Mew|Psychic|p1a: Electabuzz
|-damage|p1a: Electabuzz|210\/284
|-unboost|p1a: Electabuzz|spd|1
|-unboost|p1a: Electabuzz|spa|1
|
|turn|10
|choice|move 1|move 1
|
|move|p1a: Electabuzz|Psychic|p2a: Mew
|-resisted|p2a: Mew
|-damage|p2a: Mew|282\/300 par
|move|p2a: Mew|Blizzard|p1a: Electabuzz
|-damage|p1a: Electabuzz|114\/284
|-status|p1a: Electabuzz|frz
|
|turn|11
|choice|move 1|move 3
|
|cant|p1a: Electabuzz|frz
|move|p2a: Mew|Psychic|p1a: Electabuzz
|-damage|p1a: Electabuzz|2\/284 frz
|
|turn|12
|choice|move 1|move 3
|
|cant|p1a: Electabuzz|frz
|cant|p2a: Mew|par
|
|turn|13
|choice|move 4|move 3
|
|cant|p1a: Electabuzz|frz
|move|p2a: Mew|Psychic|p1a: Electabuzz
|-crit|p1a: Electabuzz
|-damage|p1a: Electabuzz|0 fnt
|faint|p1a: Electabuzz
|choice|switch 6|
|
|switch|p1a: Tauros|Tauros, L79|280\/280
|turn|14
|choice|move 1|move 4
|
|move|p1a: Tauros|Body Slam|p2a: Mew
|-damage|p2a: Mew|198\/300 par
|move|p2a: Mew|Thunder Wave|p1a: Tauros
|-status|p1a: Tauros|par
|
|turn|15
|choice|move 2|move 3
|
|move|p1a: Tauros|Earthquake|p2a: Mew
|-damage|p2a: Mew|132\/300 par
|move|p2a: Mew|Psychic|p1a: Tauros
|-crit|p1a: Tauros
|-damage|p1a: Tauros|86\/280 par
|
|turn|16
|choice|move 4|move 3
|
|move|p1a: Tauros|Hyper Beam|p2a: Mew
|-damage|p2a: Mew|0 fnt
|faint|p2a: Mew
|choice||switch 2
|
|switch|p2a: Rattata|Rattata, L96|252\/252
|turn|17
|choice|move 4|move 4
|
|move|p2a: Rattata|Thunderbolt|p1a: Tauros
|-damage|p1a: Tauros|33\/280 par
|move|p1a: Tauros|Hyper Beam|p2a: Rattata|[miss]
|-miss|p1a: Tauros
|
|turn|18
|choice|move 4|move 4
|
|move|p2a: Rattata|Thunderbolt|p1a: Tauros
|-damage|p1a: Tauros|0 fnt
|faint|p1a: Tauros
|choice|switch 2|
|
|switch|p1a: Zubat|Zubat, L96|272\/272
|turn|19
|choice|move 2|move 4
|
|move|p2a: Rattata|Thunderbolt|p1a: Zubat
|-supereffective|p1a: Zubat
|-damage|p1a: Zubat|148\/272
|move|p1a: Zubat|Confuse Ray|p2a: Rattata
|-start|p2a: Rattata|confusion
|
|turn|20
|choice|move 1|move 4
|
|-activate|p2a: Rattata|confusion
|-damage|p2a: Rattata|211\/252|[from] confusion
|move|p1a: Zubat|Double-Edge|p2a: Rattata
|-damage|p2a: Rattata|133\/252
|-damage|p1a: Zubat|129\/272|[from] recoil|[of] p2a: Rattata
|
|turn|21
|choice|move 1|move 4
|
|-activate|p2a: Rattata|confusion
|-damage|p2a: Rattata|92\/252|[from] confusion
|move|p1a: Zubat|Double-Edge|p2a: Rattata
|-damage|p2a: Rattata|15\/252
|-damage|p1a: Zubat|110\/272|[from] recoil|[of] p2a: Rattata
|
|turn|22
|choice|move 4|move 4
|
|-activate|p2a: Rattata|confusion
|-damage|p2a: Rattata|0 fnt|[from] confusion
|faint|p2a: Rattata
|choice||switch 3
|
|switch|p2a: Aerodactyl|Aerodactyl, L90|327\/327
|turn|23
|choice|move 2|move 4
|
|move|p2a: Aerodactyl|Sky Attack|p1a: Zubat|[still]
|-prepare|p2a: Aerodactyl|Sky Attack|p1a: Zubat
|move|p1a: Zubat|Confuse Ray|p2a: Aerodactyl
|-start|p2a: Aerodactyl|confusion
|
|turn|24
|choice|move 1|move 1
|
|-activate|p2a: Aerodactyl|confusion
|move|p2a: Aerodactyl|Sky Attack|p1a: Zubat|[from]Sky Attack
|-crit|p1a: Zubat
|-damage|p1a: Zubat|0 fnt
|faint|p1a: Zubat
|choice|switch 4|
|
|switch|p1a: Butterfree|Butterfree, L90|291\/291
|turn|25
|choice|move 2|move 4
|
|-activate|p2a: Aerodactyl|confusion
|-damage|p2a: Aerodactyl|284\/327|[from] confusion
|move|p1a: Butterfree|Sleep Powder|p2a: Aerodactyl
|-status|p2a: Aerodactyl|slp
|
|turn|26
|choice|move 4|move 2
|
|cant|p2a: Aerodactyl|slp
|move|p1a: Butterfree|Psychic|p2a: Aerodactyl
|-damage|p2a: Aerodactyl|210\/327 slp
|
|turn|27
|choice|move 4|move 2
|
|cant|p2a: Aerodactyl|slp
|move|p1a: Butterfree|Psychic|p2a: Aerodactyl
|-damage|p2a: Aerodactyl|131\/327 slp
|-unboost|p2a: Aerodactyl|spd|1
|-unboost|p2a: Aerodactyl|spa|1
|
|turn|28
|choice|move 4|move 2
|
|-curestatus|p2a: Aerodactyl|slp
|move|p1a: Butterfree|Psychic|p2a: Aerodactyl
|-damage|p2a: Aerodactyl|21\/327
|-unboost|p2a: Aerodactyl|spd|1
|-unboost|p2a: Aerodactyl|spa|1
|
|turn|29
|choice|move 4|move 2
|
|-end|p2a: Aerodactyl|confusion
|move|p2a: Aerodactyl|Hyper Beam|p1a: Butterfree
|-damage|p1a: Butterfree|121\/291
|move|p1a: Butterfree|Psychic|p2a: Aerodactyl
|-damage|p2a: Aerodactyl|0 fnt
|faint|p2a: Aerodactyl
|choice||switch 4
|
|switch|p2a: Dratini|Dratini, L96|274\/274
|turn|30
|choice|move 2|move 1
|
|move|p1a: Butterfree|Sleep Powder|p2a: Dratini
|-status|p2a: Dratini|slp
|cant|p2a: Dratini|slp
|
|turn|31
|choice|move 4|move 1
|
|move|p1a: Butterfree|Psychic|p2a: Dratini
|-damage|p2a: Dratini|195\/274 slp
|-curestatus|p2a: Dratini|slp
|
|turn|32
|choice|move 2|move 1
|
|move|p1a: Butterfree|Sleep Powder|p2a: Dratini
|-status|p2a: Dratini|slp
|cant|p2a: Dratini|slp
|
|turn|33
|choice|move 4|move 1
|
|move|p1a: Butterfree|Psychic|p2a: Dratini
|-damage|p2a: Dratini|119\/274 slp
|-curestatus|p2a: Dratini|slp
|
|turn|34
|choice|move 2|move 1
|
|move|p1a: Butterfree|Sleep Powder|p2a: Dratini
|-status|p2a: Dratini|slp
|cant|p2a: Dratini|slp
|
|turn|35
|choice|move 4|move 1
|
|move|p1a: Butterfree|Psychic|p2a: Dratini
|-damage|p2a: Dratini|44\/274 slp
|cant|p2a: Dratini|slp
|
|turn|36
|choice|move 4|move 1
|
|move|p1a: Butterfree|Psychic|p2a: Dratini
|-damage|p2a: Dratini|0 fnt
|faint|p2a: Dratini
|
|win|gen1masterrony
|player|p1
|player|p2
|raw|gen1masterrony's rating: 1103 &rarr; <strong>1121<\/strong><br \/>(+18 for winning)
|raw|IBeYSaC's rating: 1000 &rarr; <strong>1000<\/strong><br \/>(+0 for losing)