|j|tpot55
|j|Whoremaster
|player|p1|tpot55|241
|player|p2|Whoremaster|43
|gametype|singles
|gen|1
|tier|[Gen 1] OU
|seed|27330,5153,51597,11807
|rule|Sleep Clause Mod: Limit one foe put to sleep
|rule|Freeze Clause Mod: Limit one foe frozen
|rule|Species Clause: Limit one of each Pokémon
|rule|OHKO Clause: OHKO moves are banned
|rule|Evasion Moves Clause: Evasion moves are banned
|rule|HP Percentage Mod: HP is shown in percentages
|
|start
|switch|p1a: Alakazam|Alakazam|313\/313
|switch|p2a: Old Mate|Alakazam|313\/313
|turn|1
|choice|switch 4|switch 3
|
|switch|p1a: Starmie|Starmie|323\/323
|switch|p2a: Bitch Tits|Chansey|703\/703
|
|turn|2
|choice|switch 6|move 2
|
|switch|p1a: Exeggutor|Exeggutor|393\/393
|move|p2a: Bitch Tits|Thunderbolt|p1a: Exeggutor
|-resisted|p1a: Exeggutor
|-damage|p1a: Exeggutor|363\/393
|
|turn|3
|choice|move 2|switch 3
|
|switch|p2a: Old Mate|Alakazam|313\/313
|move|p1a: Exeggutor|Sleep Powder|p2a: Old Mate|[miss]
|-miss|p1a: Exeggutor
|
|turn|4
|choice|switch 2|move 1
|
|switch|p1a: Chansey|Chansey|703\/703
|move|p2a: Old Mate|Psychic|p1a: Chansey
|-crit|p1a: Chansey
|-damage|p1a: Chansey|463\/703
|-unboost|p1a: Chansey|spd|1
|-unboost|p1a: Chansey|spa|1
|
|turn|5
|choice|move 2|move 1
|
|move|p2a: Old Mate|Psychic|p1a: Chansey
|-damage|p1a: Chansey|253\/703
|move|p1a: Chansey|Seismic Toss|p2a: Old Mate
|-damage|p2a: Old Mate|213\/313
|
|turn|6
|choice|move 3|move 1
|
|move|p2a: Old Mate|Psychic|p1a: Chansey
|-damage|p1a: Chansey|51\/703
|move|p1a: Chansey|Soft-Boiled|p1a: Chansey
|-heal|p1a: Chansey|402\/703
|
|turn|7
|choice|move 3|move 1
|
|move|p2a: Old Mate|Psychic|p1a: Chansey
|-damage|p1a: Chansey|205\/703
|move|p1a: Chansey|Soft-Boiled|p1a: Chansey
|-heal|p1a: Chansey|556\/703
|
|turn|8
|choice|move 3|move 4
|
|move|p2a: Old Mate|Recover|p2a: Old Mate
|-heal|p2a: Old Mate|313\/313
|move|p1a: Chansey|Soft-Boiled|p1a: Chansey
|-heal|p1a: Chansey|703\/703
|
|turn|9
|choice|switch 6|move 1
|
|switch|p1a: Starmie|Starmie|323\/323
|move|p2a: Old Mate|Psychic|p1a: Starmie
|-resisted|p1a: Starmie
|-damage|p1a: Starmie|254\/323
|
|turn|10
|choice|move 2|move 2
|
|move|p2a: Old Mate|Thunder Wave|p1a: Starmie
|-status|p1a: Starmie|par
|cant|p1a: Starmie|par
|
|turn|11
|choice|move 2|switch 3
|
|switch|p2a: Bitch Tits|Chansey|703\/703
|cant|p1a: Starmie|par
|
|turn|12
|choice|switch 2|move 2
|
|switch|p1a: Exeggutor|Exeggutor|363\/393
|move|p2a: Bitch Tits|Thunderbolt|p1a: Exeggutor
|-resisted|p1a: Exeggutor
|-damage|p1a: Exeggutor|331\/393
|
|turn|13
|choice|move 2|switch 3
|
|switch|p2a: Old Mate|Alakazam|313\/313
|move|p1a: Exeggutor|Sleep Powder|p2a: Old Mate
|-status|p2a: Old Mate|slp
|
|turn|14
|choice|switch 5|switch 3
|
|switch|p2a: Bitch Tits|Chansey|703\/703
|switch|p1a: Golem|Golem|363\/363
|
|turn|15
|choice|move 3|move 1
|
|move|p2a: Bitch Tits|Ice Beam|p1a: Golem
|-supereffective|p1a: Golem
|-damage|p1a: Golem|156\/363
|move|p1a: Golem|Earthquake|p2a: Bitch Tits
|-damage|p2a: Bitch Tits|373\/703
|
|turn|16
|choice|move 3|move 1
|
|move|p2a: Bitch Tits|Ice Beam|p1a: Golem
|-supereffective|p1a: Golem
|-damage|p1a: Golem|0 fnt
|faint|p1a: Golem
|choice|switch 5|
|
|switch|p1a: Exeggutor|Exeggutor|331\/393
|turn|17
|choice|move 1|switch 4
|
|switch|p2a: Fat Fuck|Golem|363\/363
|move|p1a: Exeggutor|Explosion|p2a: Fat Fuck
|-resisted|p2a: Fat Fuck
|-damage|p2a: Fat Fuck|264\/363
|faint|p1a: Exeggutor
|choice|switch 2|
|
|switch|p1a: Starmie|Starmie|254\/323 par
|turn|18
|choice|move 3|switch 4
|
|switch|p2a: Bitch Tits|Chansey|373\/703
|move|p1a: Starmie|Surf|p2a: Bitch Tits
|-damage|p2a: Bitch Tits|274\/703
|
|turn|19
|c|★tpot55|you win
|choice|move 2|move 4
|
|move|p2a: Bitch Tits|Soft-Boiled|p2a: Bitch Tits
|-heal|p2a: Bitch Tits|625\/703
|cant|p1a: Starmie|par
|
|turn|20
|choice|move 2|move 2
|
|move|p2a: Bitch Tits|Thunderbolt|p1a: Starmie
|-supereffective|p1a: Starmie
|-damage|p1a: Starmie|94\/323 par
|move|p1a: Starmie|Blizzard|p2a: Bitch Tits
|-damage|p2a: Bitch Tits|533\/703
|
|turn|21
|choice|switch 6|move 2
|
|switch|p1a: Chansey|Chansey|703\/703
|move|p2a: Bitch Tits|Thunderbolt|p1a: Chansey
|-damage|p1a: Chansey|634\/703
|
|turn|22
|choice|move 1|move 4
|
|move|p1a: Chansey|Ice Beam|p2a: Bitch Tits
|-damage|p2a: Bitch Tits|454\/703
|move|p2a: Bitch Tits|Soft-Boiled|p2a: Bitch Tits
|-heal|p2a: Bitch Tits|703\/703
|
|turn|23
|choice|move 1|switch 6
|
|switch|p2a: BBC|Tauros|353\/353
|move|p1a: Chansey|Ice Beam|p2a: BBC
|-damage|p2a: BBC|252\/353
|
|turn|24
|choice|switch 6|switch 6
|
|switch|p2a: Bitch Tits|Chansey|703\/703
|switch|p1a: Starmie|Starmie|94\/323 par
|
|turn|25
|choice|move 4|move 1
|
|move|p2a: Bitch Tits|Ice Beam|p1a: Starmie
|-resisted|p1a: Starmie
|-damage|p1a: Starmie|55\/323 par
|move|p1a: Starmie|Recover|p1a: Starmie
|-heal|p1a: Starmie|216\/323 par
|
|turn|26
|choice|switch 6|move 2
|
|switch|p1a: Chansey|Chansey|634\/703
|move|p2a: Bitch Tits|Thunderbolt|p1a: Chansey
|-damage|p1a: Chansey|558\/703
|
|turn|27
|choice|move 1|move 1
|
|move|p2a: Bitch Tits|Ice Beam|p1a: Chansey
|-damage|p1a: Chansey|484\/703
|move|p1a: Chansey|Ice Beam|p2a: Bitch Tits
|-crit|p2a: Bitch Tits
|-damage|p2a: Bitch Tits|556\/703
|
|turn|28
|choice|move 1|move 1
|
|move|p1a: Chansey|Ice Beam|p2a: Bitch Tits
|-damage|p2a: Bitch Tits|478\/703
|move|p2a: Bitch Tits|Ice Beam|p1a: Chansey
|-damage|p1a: Chansey|405\/703
|
|turn|29
|choice|move 1|move 1
|
|move|p1a: Chansey|Ice Beam|p2a: Bitch Tits
|-damage|p2a: Bitch Tits|406\/703
|move|p2a: Bitch Tits|Ice Beam|p1a: Chansey
|-damage|p1a: Chansey|325\/703
|
|turn|30
|choice|move 1|move 1
|
|move|p2a: Bitch Tits|Ice Beam|p1a: Chansey
|-damage|p1a: Chansey|251\/703
|move|p1a: Chansey|Ice Beam|p2a: Bitch Tits
|-damage|p2a: Bitch Tits|326\/703
|
|turn|31
|choice|move 1|move 1
|
|move|p1a: Chansey|Ice Beam|p2a: Bitch Tits
|-damage|p2a: Bitch Tits|248\/703
|move|p2a: Bitch Tits|Ice Beam|p1a: Chansey
|-damage|p1a: Chansey|177\/703
|
|turn|32
|choice|move 1|move 4
|
|move|p1a: Chansey|Ice Beam|p2a: Bitch Tits
|-damage|p2a: Bitch Tits|167\/703
|move|p2a: Bitch Tits|Soft-Boiled|p2a: Bitch Tits
|-heal|p2a: Bitch Tits|518\/703
|
|turn|33
|choice|move 3|move 1
|
|move|p1a: Chansey|Soft-Boiled|p1a: Chansey
|-heal|p1a: Chansey|528\/703
|move|p2a: Bitch Tits|Ice Beam|p1a: Chansey
|-damage|p1a: Chansey|453\/703
|
|turn|34
|choice|move 1|move 1
|
|move|p1a: Chansey|Ice Beam|p2a: Bitch Tits
|-damage|p2a: Bitch Tits|441\/703
|move|p2a: Bitch Tits|Ice Beam|p1a: Chansey
|-damage|p1a: Chansey|374\/703
|
|turn|35
|choice|move 1|move 1
|
|move|p1a: Chansey|Ice Beam|p2a: Bitch Tits
|-crit|p2a: Bitch Tits
|-damage|p2a: Bitch Tits|306\/703
|move|p2a: Bitch Tits|Ice Beam|p1a: Chansey
|-damage|p1a: Chansey|299\/703
|
|turn|36
|choice|move 1|move 4
|
|move|p1a: Chansey|Ice Beam|p2a: Bitch Tits
|-damage|p2a: Bitch Tits|235\/703
|move|p2a: Bitch Tits|Soft-Boiled|p2a: Bitch Tits
|-heal|p2a: Bitch Tits|586\/703
|
|turn|37
|choice|move 1|move 1
|
|move|p2a: Bitch Tits|Ice Beam|p1a: Chansey
|-damage|p1a: Chansey|220\/703
|move|p1a: Chansey|Ice Beam|p2a: Bitch Tits
|-damage|p2a: Bitch Tits|506\/703
|
|turn|38
|choice|move 3|move 4
|
|move|p1a: Chansey|Soft-Boiled|p1a: Chansey
|-heal|p1a: Chansey|571\/703
|move|p2a: Bitch Tits|Soft-Boiled|p2a: Bitch Tits
|-heal|p2a: Bitch Tits|703\/703
|
|turn|39
|choice|move 1|move 1
|
|move|p2a: Bitch Tits|Ice Beam|p1a: Chansey
|-damage|p1a: Chansey|499\/703
|move|p1a: Chansey|Ice Beam|p2a: Bitch Tits
|-damage|p2a: Bitch Tits|630\/703
|
|turn|40
|choice|move 1|move 4
|
|move|p1a: Chansey|Ice Beam|p2a: Bitch Tits
|-damage|p2a: Bitch Tits|558\/703
|-status|p2a: Bitch Tits|frz
|cant|p2a: Bitch Tits|frz
|
|turn|41
|choice|move 2|switch 2
|
|switch|p2a: Weird Cunt|Exeggutor|393\/393
|move|p1a: Chansey|Seismic Toss|p2a: Weird Cunt
|-damage|p2a: Weird Cunt|293\/393
|
|turn|42
|choice|switch 3|switch 3
|
|switch|p2a: Old Mate|Alakazam|313\/313 slp
|switch|p1a: Tauros|Tauros|353\/353
|
|turn|43
|choice|move 1|switch 3
|
|switch|p2a: Weird Cunt|Exeggutor|293\/393
|move|p1a: Tauros|Body Slam|p2a: Weird Cunt
|-crit|p2a: Weird Cunt
|-damage|p2a: Weird Cunt|92\/393
|
|turn|44
|choice|move 3|move 4
|
|move|p1a: Tauros|Hyper Beam|p2a: Weird Cunt
|-damage|p2a: Weird Cunt|0 fnt
|faint|p2a: Weird Cunt
|choice||switch 5
|
|switch|p2a: Jolteon|Jolteon|333\/333
|turn|45
|choice|move 2|move 1
|
|move|p2a: Jolteon|Thunderbolt|p1a: Tauros
|-damage|p1a: Tauros|203\/353
|move|p1a: Tauros|Earthquake|p2a: Jolteon
|-supereffective|p2a: Jolteon
|-damage|p2a: Jolteon|109\/333
|
|turn|46
|choice|move 2|move 1
|
|move|p2a: Jolteon|Thunderbolt|p1a: Tauros
|-damage|p1a: Tauros|48\/353
|move|p1a: Tauros|Earthquake|p2a: Jolteon
|-crit|p2a: Jolteon
|-supereffective|p2a: Jolteon
|-damage|p2a: Jolteon|0 fnt
|faint|p2a: Jolteon
|choice||switch 6
|
|switch|p2a: BBC|Tauros|252\/353
|turn|47
|choice|move 3|move 1
|
|move|p1a: Tauros|Hyper Beam|p2a: BBC
|-damage|p2a: BBC|70\/353
|move|p2a: BBC|Body Slam|p1a: Tauros
|-damage|p1a: Tauros|0 fnt
|faint|p1a: Tauros
|choice|switch 4|
|
|switch|p1a: Alakazam|Alakazam|313\/313
|turn|48
|choice|move 2|switch 3
|
|switch|p2a: Old Mate|Alakazam|313\/313 slp
|move|p1a: Alakazam|Psychic|p2a: Old Mate
|-crit|p2a: Old Mate
|-resisted|p2a: Old Mate
|-damage|p2a: Old Mate|213\/313 slp
|
|turn|49
|choice|switch 3|move 4
|
|switch|p1a: Chansey|Chansey|499\/703
|cant|p2a: Old Mate|slp
|
|turn|50
|choice|move 2|move 4
|
|cant|p2a: Old Mate|slp
|move|p1a: Chansey|Seismic Toss|p2a: Old Mate
|-damage|p2a: Old Mate|113\/313 slp
|
|turn|51
|choice|move 2|move 4
|
|-curestatus|p2a: Old Mate|slp
|move|p1a: Chansey|Seismic Toss|p2a: Old Mate
|-damage|p2a: Old Mate|13\/313
|
|turn|52
|choice|move 2|switch 4
|
|switch|p2a: Fat Fuck|Golem|264\/363
|move|p1a: Chansey|Seismic Toss|p2a: Fat Fuck
|-damage|p2a: Fat Fuck|164\/363
|
|turn|53
|choice|move 1|switch 2
|
|switch|p2a: Bitch Tits|Chansey|558\/703 frz
|move|p1a: Chansey|Ice Beam|p2a: Bitch Tits
|-damage|p2a: Bitch Tits|481\/703 frz
|
|turn|54
|choice|move 2|move 4
|
|move|p1a: Chansey|Seismic Toss|p2a: Bitch Tits
|-damage|p2a: Bitch Tits|381\/703 frz
|cant|p2a: Bitch Tits|frz
|
|turn|55
|choice|move 2|switch 2
|
|switch|p2a: Fat Fuck|Golem|164\/363
|move|p1a: Chansey|Seismic Toss|p2a: Fat Fuck
|-damage|p2a: Fat Fuck|64\/363
|
|turn|56
|choice|move 2|switch 2
|
|switch|p2a: Bitch Tits|Chansey|381\/703 frz
|move|p1a: Chansey|Seismic Toss|p2a: Bitch Tits
|-damage|p2a: Bitch Tits|281\/703 frz
|
|turn|57
|choice|move 2|move 2
|
|move|p1a: Chansey|Seismic Toss|p2a: Bitch Tits
|-damage|p2a: Bitch Tits|181\/703 frz
|cant|p2a: Bitch Tits|frz
|
|turn|58
|choice|move 2|switch 2
|
|switch|p2a: Fat Fuck|Golem|64\/363
|move|p1a: Chansey|Seismic Toss|p2a: Fat Fuck
|-damage|p2a: Fat Fuck|0 fnt
|faint|p2a: Fat Fuck
|choice||switch 4
|
|switch|p2a: Old Mate|Alakazam|13\/313
|turn|59
|choice|move 2|move 4
|
|move|p2a: Old Mate|Recover|p2a: Old Mate
|-heal|p2a: Old Mate|169\/313
|move|p1a: Chansey|Seismic Toss|p2a: Old Mate
|-damage|p2a: Old Mate|69\/313
|
|turn|60
|choice|move 1|move 4
|
|move|p2a: Old Mate|Recover|p2a: Old Mate
|-heal|p2a: Old Mate|225\/313
|move|p1a: Chansey|Ice Beam|p2a: Old Mate
|-damage|p2a: Old Mate|159\/313
|
|turn|61
|choice|move 2|move 4
|
|move|p2a: Old Mate|Recover|p2a: Old Mate
|-heal|p2a: Old Mate|313\/313
|move|p1a: Chansey|Seismic Toss|p2a: Old Mate
|-damage|p2a: Old Mate|213\/313
|
|turn|62
|choice|move 2|move 2
|
|move|p2a: Old Mate|Thunder Wave|p1a: Chansey
|-status|p1a: Chansey|par
|move|p1a: Chansey|Seismic Toss|p2a: Old Mate
|-damage|p2a: Old Mate|113\/313
|
|turn|63
|choice|move 4|move 4
|
|move|p2a: Old Mate|Recover|p2a: Old Mate
|-heal|p2a: Old Mate|269\/313
|move|p1a: Chansey|Thunderbolt|p2a: Old Mate
|-damage|p2a: Old Mate|208\/313
|
|turn|64
|choice|move 4|move 4
|
|move|p2a: Old Mate|Recover|p2a: Old Mate
|-heal|p2a: Old Mate|313\/313
|move|p1a: Chansey|Thunderbolt|p2a: Old Mate
|-damage|p2a: Old Mate|248\/313
|
|turn|65
|choice|switch 3|move 1
|
|switch|p1a: Alakazam|Alakazam|313\/313
|move|p2a: Old Mate|Psychic|p1a: Alakazam
|-resisted|p1a: Alakazam
|-damage|p1a: Alakazam|257\/313
|
|turn|66
|choice|move 1|move 2
|
|move|p1a: Alakazam|Thunder Wave|p2a: Old Mate
|-status|p2a: Old Mate|par
|move|p2a: Old Mate|Thunder Wave|p1a: Alakazam
|-status|p1a: Alakazam|par
|
|turn|67
|choice|switch 3|move 1
|
|switch|p1a: Chansey|Chansey|499\/703 par
|cant|p2a: Old Mate|par
|
|turn|68
|choice|move 2|move 4
|
|move|p2a: Old Mate|Recover|p2a: Old Mate
|-heal|p2a: Old Mate|313\/313 par
|move|p1a: Chansey|Seismic Toss|p2a: Old Mate
|-damage|p2a: Old Mate|213\/313 par
|
|turn|69
|choice|move 2|move 4
|
|move|p2a: Old Mate|Recover|p2a: Old Mate
|-heal|p2a: Old Mate|313\/313 par
|cant|p1a: Chansey|par
|
|turn|70
|choice|move 2|move 3
|
|move|p2a: Old Mate|Reflect|p2a: Old Mate
|-start|p2a: Old Mate|Reflect
|move|p1a: Chansey|Seismic Toss|p2a: Old Mate
|-damage|p2a: Old Mate|213\/313 par
|
|turn|71
|c|★Whoremaster|oh it has no effect on seismic hm
|choice|move 2|move 4
|
|move|p2a: Old Mate|Recover|p2a: Old Mate
|-heal|p2a: Old Mate|313\/313 par
|move|p1a: Chansey|Seismic Toss|p2a: Old Mate
|-damage|p2a: Old Mate|213\/313 par
|
|turn|72
|choice|move 2|move 1
|
|move|p2a: Old Mate|Psychic|p1a: Chansey
|-damage|p1a: Chansey|382\/703 par
|-unboost|p1a: Chansey|spd|1
|-unboost|p1a: Chansey|spa|1
|move|p1a: Chansey|Seismic Toss|p2a: Old Mate
|-damage|p2a: Old Mate|113\/313 par
|
|turn|73
|choice|move 3|move 4
|
|move|p2a: Old Mate|Recover|p2a: Old Mate
|-heal|p2a: Old Mate|269\/313 par
|move|p1a: Chansey|Soft-Boiled|p1a: Chansey
|-heal|p1a: Chansey|703\/703 par
|
|turn|74
|choice|move 2|move 1
|
|move|p2a: Old Mate|Psychic|p1a: Chansey
|-damage|p1a: Chansey|515\/703 par
|move|p1a: Chansey|Seismic Toss|p2a: Old Mate
|-damage|p2a: Old Mate|169\/313 par
|
|turn|75
|choice|move 2|move 4
|
|move|p2a: Old Mate|Recover|p2a: Old Mate
|-heal|p2a: Old Mate|313\/313 par
|move|p1a: Chansey|Seismic Toss|p2a: Old Mate
|-damage|p2a: Old Mate|213\/313 par
|
|turn|76
|choice|move 2|move 1
|
|move|p2a: Old Mate|Psychic|p1a: Chansey
|-crit|p1a: Chansey
|-damage|p1a: Chansey|274\/703 par
|move|p1a: Chansey|Seismic Toss|p2a: Old Mate
|-damage|p2a: Old Mate|113\/313 par
|
|turn|77
|choice|move 2|move 4
|
|move|p2a: Old Mate|Recover|p2a: Old Mate
|-heal|p2a: Old Mate|269\/313 par
|move|p1a: Chansey|Seismic Toss|p2a: Old Mate
|-damage|p2a: Old Mate|169\/313 par
|
|turn|78
|choice|move 3|move 4
|
|move|p2a: Old Mate|Recover|p2a: Old Mate
|-heal|p2a: Old Mate|313\/313 par
|move|p1a: Chansey|Soft-Boiled|p1a: Chansey
|-heal|p1a: Chansey|625\/703 par
|
|turn|79
|choice|move 2|move 1
|
|move|p2a: Old Mate|Psychic|p1a: Chansey
|-damage|p1a: Chansey|424\/703 par
|move|p1a: Chansey|Seismic Toss|p2a: Old Mate
|-damage|p2a: Old Mate|213\/313 par
|
|turn|80
|choice|move 2|move 1
|
|cant|p2a: Old Mate|par
|move|p1a: Chansey|Seismic Toss|p2a: Old Mate
|-damage|p2a: Old Mate|113\/313 par
|
|turn|81
|choice|move 2|move 4
|
|move|p2a: Old Mate|Recover|p2a: Old Mate
|-heal|p2a: Old Mate|269\/313 par
|cant|p1a: Chansey|par
|
|turn|82
|choice|move 2|move 1
|
|move|p2a: Old Mate|Psychic|p1a: Chansey
|-damage|p1a: Chansey|216\/703 par
|move|p1a: Chansey|Seismic Toss|p2a: Old Mate
|-damage|p2a: Old Mate|169\/313 par
|
|turn|83
|choice|move 3|move 1
|
|cant|p2a: Old Mate|par
|move|p1a: Chansey|Soft-Boiled|p1a: Chansey
|-heal|p1a: Chansey|567\/703 par
|
|turn|84
|choice|move 2|move 4
|
|move|p2a: Old Mate|Recover|p2a: Old Mate
|-heal|p2a: Old Mate|313\/313 par
|move|p1a: Chansey|Seismic Toss|p2a: Old Mate
|-damage|p2a: Old Mate|213\/313 par
|
|turn|85
|choice|move 2|move 4
|
|cant|p2a: Old Mate|par
|move|p1a: Chansey|Seismic Toss|p2a: Old Mate
|-damage|p2a: Old Mate|113\/313 par
|
|turn|86
|choice|move 2|move 4
|
|cant|p2a: Old Mate|par
|move|p1a: Chansey|Seismic Toss|p2a: Old Mate
|-damage|p2a: Old Mate|13\/313 par
|
|turn|87
|choice|move 2|move 4
|
|cant|p2a: Old Mate|par
|move|p1a: Chansey|Seismic Toss|p2a: Old Mate
|-damage|p2a: Old Mate|0 fnt
|faint|p2a: Old Mate
|c|★Whoremaster|haxed
|choice||switch 3
|
|switch|p2a: BBC|Tauros|70\/353
|turn|88
|c|★tpot55|bound to happen eventually
|c|★tpot55|with starmie i have more healing moves
|c|★Whoremaster|was hoping to get you out of seismic toss pp
|c|★tpot55|ah
|choice|move 2|move 1
|
|move|p2a: BBC|Body Slam|p1a: Chansey
|-crit|p1a: Chansey
|-damage|p1a: Chansey|64\/703 par
|move|p1a: Chansey|Seismic Toss|p2a: BBC
|-damage|p2a: BBC|0 fnt
|faint|p2a: BBC
|choice||switch 2
|
|switch|p2a: Bitch Tits|Chansey|181\/703 frz
|turn|89
|c|★Whoremaster|gg was tough
|choice|move 2|move 4
|
|cant|p2a: Bitch Tits|frz
|move|p1a: Chansey|Seismic Toss|p2a: Bitch Tits
|-damage|p2a: Bitch Tits|81\/703 frz
|
|turn|90
|c|★tpot55|gg
|c|★tpot55|longest ive played
|choice|move 2|move 4
|
|cant|p2a: Bitch Tits|frz
|move|p1a: Chansey|Seismic Toss|p2a: Bitch Tits
|-damage|p2a: Bitch Tits|0 fnt
|faint|p2a: Bitch Tits
|
|win|tpot55
|c|★Whoremaster|rematch a bit later once i have a feed?
|c|★tpot55|maybe i've been playing all day
|c|★Whoremaster|fair enough