|join|p1z4
|join|eldougi
|player|p1|p1z4|1
|player|p2|eldougi|169
|gametype|singles
|gen|1
|tier|[Gen 1] Random Battle
|rated
|rule|Sleep Clause Mod: Limit one foe put to sleep
|rule|Freeze Clause Mod: Limit one foe frozen
|rule|HP Percentage Mod: HP is shown in percentages
|
|start
|switch|p1a: Poliwag|Poliwag, L96|272\/272
|switch|p2a: Kakuna|Kakuna, L99|290\/290
|turn|1
|
|switch|p1a: Charmeleon|Charmeleon, L85|272\/272
|move|p2a: Kakuna|String Shot|p1a: Charmeleon
|-unboost|p1a: Charmeleon|spe|1
|
|turn|2
|
|switch|p2a: Golem|Golem, L79|288\/288
|move|p1a: Charmeleon|Submission|p2a: Golem
|-supereffective|p2a: Golem
|-damage|p2a: Golem|214\/288
|-damage|p1a: Charmeleon|254\/272|[from] recoil|[of] p2a: Golem
|
|turn|3
|
|switch|p1a: Poliwrath|Poliwrath, L85|327\/327
|move|p2a: Golem|Earthquake|p1a: Poliwrath
|-damage|p1a: Poliwrath|235\/327
|
|turn|4
|
|switch|p2a: Kakuna|Kakuna, L99|290\/290
|move|p1a: Poliwrath|Hypnosis|p2a: Kakuna
|-status|p2a: Kakuna|slp
|
|turn|5
|
|move|p1a: Poliwrath|Surf|p2a: Kakuna
|-damage|p2a: Kakuna|149\/290 slp
|cant|p2a: Kakuna|slp
|-curestatus|p2a: Kakuna|slp
|
|turn|6
|
|move|p1a: Poliwrath|Amnesia|p1a: Poliwrath
|-boost|p1a: Poliwrath|spd|2
|-boost|p1a: Poliwrath|spa|2
|move|p2a: Kakuna|String Shot|p1a: Poliwrath
|-unboost|p1a: Poliwrath|spe|1
|
|turn|7
|
|move|p2a: Kakuna|Poison Sting|p1a: Poliwrath
|-damage|p1a: Poliwrath|224\/327
|move|p1a: Poliwrath|Hypnosis|p2a: Kakuna|[miss]
|-miss|p1a: Poliwrath
|
|turn|8
|
|move|p2a: Kakuna|String Shot|p1a: Poliwrath
|-unboost|p1a: Poliwrath|spe|1
|move|p1a: Poliwrath|Surf|p2a: Kakuna
|-damage|p2a: Kakuna|0 fnt
|faint|p2a: Kakuna
|
|switch|p2a: Gengar|Gengar, L79|257\/257
|turn|9
|
|move|p2a: Gengar|Thunderbolt|p1a: Poliwrath
|-supereffective|p1a: Poliwrath
|-damage|p1a: Poliwrath|148\/327
|move|p1a: Poliwrath|Submission|p2a: Gengar
|-immune|p2a: Gengar|[msg]
|
|turn|10
|
|move|p2a: Gengar|Thunderbolt|p1a: Poliwrath
|-crit|p1a: Poliwrath
|-supereffective|p1a: Poliwrath
|-damage|p1a: Poliwrath|0 fnt
|faint|p1a: Poliwrath
|
|switch|p1a: Primeape|Primeape, L85|284\/284
|turn|11
|
|move|p2a: Gengar|Hypnosis|p1a: Primeape
|-status|p1a: Primeape|slp
|cant|p1a: Primeape|slp
|
|turn|12
|
|move|p2a: Gengar|Thunderbolt|p1a: Primeape
|-crit|p1a: Primeape
|-damage|p1a: Primeape|107\/284 slp
|cant|p1a: Primeape|slp
|
|turn|13
|
|switch|p1a: Pidgeot|Pidgeot, L85|315\/315
|move|p2a: Gengar|Thunderbolt|p1a: Pidgeot
|-supereffective|p1a: Pidgeot
|-damage|p1a: Pidgeot|161\/315
|
|turn|14
|
|move|p2a: Gengar|Thunderbolt|p1a: Pidgeot
|-supereffective|p1a: Pidgeot
|-damage|p1a: Pidgeot|9\/315
|move|p1a: Pidgeot|Double-Edge|p2a: Gengar
|-immune|p2a: Gengar|[msg]
|
|turn|15
|
|move|p2a: Gengar|Thunderbolt|p1a: Pidgeot
|-crit|p1a: Pidgeot
|-supereffective|p1a: Pidgeot
|-damage|p1a: Pidgeot|0 fnt
|faint|p1a: Pidgeot
|
|switch|p1a: Porygon|Porygon, L85|284\/284
|turn|16
|
|move|p2a: Gengar|Hypnosis|p1a: Porygon|[miss]
|-miss|p2a: Gengar
|move|p1a: Porygon|Tri Attack|p2a: Gengar
|-immune|p2a: Gengar|[msg]
|
|turn|17
|
|move|p2a: Gengar|Hypnosis|p1a: Porygon|[miss]
|-miss|p2a: Gengar
|move|p1a: Porygon|Ice Beam|p2a: Gengar
|-damage|p2a: Gengar|211\/257
|
|turn|18
|
|move|p2a: Gengar|Hypnosis|p1a: Porygon
|-message|Sleep Clause Mod activated.
|move|p1a: Porygon|Ice Beam|p2a: Gengar
|-damage|p2a: Gengar|166\/257
|
|turn|19
|
|move|p2a: Gengar|Mega Drain|p1a: Porygon
|-damage|p1a: Porygon|251\/284
|-heal|p2a: Gengar|182\/257|[from] drain|[of] p1a: Porygon
|move|p1a: Porygon|Sharpen|p1a: Porygon
|-boost|p1a: Porygon|atk|1
|
|turn|20
|
|move|p2a: Gengar|Mega Drain|p1a: Porygon
|-crit|p1a: Porygon
|-damage|p1a: Porygon|189\/284
|-heal|p2a: Gengar|213\/257|[from] drain|[of] p1a: Porygon
|move|p1a: Porygon|Ice Beam|p2a: Gengar
|-damage|p2a: Gengar|165\/257
|
|turn|21
|
|move|p2a: Gengar|Mega Drain|p1a: Porygon
|-damage|p1a: Porygon|157\/284
|-heal|p2a: Gengar|181\/257|[from] drain|[of] p1a: Porygon
|move|p1a: Porygon|Recover|p1a: Porygon
|-heal|p1a: Porygon|284\/284
|
|turn|22
|
|move|p2a: Gengar|Hypnosis|p1a: Porygon
|-message|Sleep Clause Mod activated.
|move|p1a: Porygon|Ice Beam|p2a: Gengar
|-damage|p2a: Gengar|131\/257
|
|turn|23
|
|move|p2a: Gengar|Mega Drain|p1a: Porygon
|-damage|p1a: Porygon|253\/284
|-heal|p2a: Gengar|146\/257|[from] drain|[of] p1a: Porygon
|move|p1a: Porygon|Sharpen|p1a: Porygon
|-boost|p1a: Porygon|atk|1
|
|turn|24
|
|move|p2a: Gengar|Mega Drain|p1a: Porygon
|-damage|p1a: Porygon|219\/284
|-heal|p2a: Gengar|163\/257|[from] drain|[of] p1a: Porygon
|move|p1a: Porygon|Ice Beam|p2a: Gengar
|-damage|p2a: Gengar|116\/257
|
|turn|25
|
|move|p2a: Gengar|Hypnosis|p1a: Porygon
|-message|Sleep Clause Mod activated.
|move|p1a: Porygon|Ice Beam|p2a: Gengar
|-damage|p2a: Gengar|71\/257
|
|turn|26
|
|move|p2a: Gengar|Mega Drain|p1a: Porygon
|-damage|p1a: Porygon|187\/284
|-heal|p2a: Gengar|87\/257|[from] drain|[of] p1a: Porygon
|move|p1a: Porygon|Ice Beam|p2a: Gengar
|-damage|p2a: Gengar|42\/257
|
|turn|27
|
|move|p2a: Gengar|Mega Drain|p1a: Porygon
|-crit|p1a: Porygon
|-damage|p1a: Porygon|120\/284
|-heal|p2a: Gengar|75\/257|[from] drain|[of] p1a: Porygon
|move|p1a: Porygon|Sharpen|p1a: Porygon
|-boost|p1a: Porygon|atk|1
|
|turn|28
|
|move|p2a: Gengar|Explosion|p1a: Porygon
|-damage|p1a: Porygon|0 fnt
|faint|p1a: Porygon
|faint|p2a: Gengar
|
|switch|p2a: Tauros|Tauros, L79|280\/280
|switch|p1a: Charmeleon|Charmeleon, L85|254\/272
|turn|29
|
|move|p2a: Tauros|Earthquake|p1a: Charmeleon
|-supereffective|p1a: Charmeleon
|-damage|p1a: Charmeleon|83\/272
|move|p1a: Charmeleon|Slash|p2a: Tauros
|-crit|p2a: Tauros
|-damage|p2a: Tauros|200\/280
|
|turn|30
|
|move|p2a: Tauros|Earthquake|p1a: Charmeleon
|-crit|p1a: Charmeleon
|-supereffective|p1a: Charmeleon
|-damage|p1a: Charmeleon|0 fnt
|faint|p1a: Charmeleon
|
|switch|p1a: Poliwag|Poliwag, L96|272\/272
|turn|31
|
|move|p1a: Poliwag|Blizzard|p2a: Tauros
|-damage|p2a: Tauros|125\/280
|move|p2a: Tauros|Body Slam|p1a: Poliwag
|-crit|p1a: Poliwag
|-damage|p1a: Poliwag|57\/272
|-status|p1a: Poliwag|par
|
|turn|32
|
|move|p2a: Tauros|Body Slam|p1a: Poliwag
|-damage|p1a: Poliwag|0 fnt
|faint|p1a: Poliwag
|
|switch|p1a: Primeape|Primeape, L85|107\/284 slp
|turn|33
|
|move|p2a: Tauros|Body Slam|p1a: Primeape
|-damage|p1a: Primeape|12\/284 slp
|cant|p1a: Primeape|slp
|-curestatus|p1a: Primeape|slp
|
|turn|34
|
|move|p2a: Tauros|Body Slam|p1a: Primeape
|-crit|p1a: Primeape
|-damage|p1a: Primeape|0 fnt
|faint|p1a: Primeape
|
|win|eldougi
|raw|Ladder updating...
|raw|p1z4's rating: 1000 &rarr; <strong>1000<\/strong><br \/>(+0 for losing)
|raw|eldougi's rating: 1082 &rarr; <strong>1103<\/strong><br \/>(+21 for winning)
|leave|p1z4