|join|kid gf lol
|join|bluast
|player|p1|kid gf lol|3
|player|p2|bluast|1
|gametype|singles
|gen|1
|tier|[Gen 1] OU (beta)
|rated
|rule|Sleep Clause Mod: Limit one foe put to sleep
|rule|Species Clause: Limit one of each Pokemon
|rule|OHKO Clause: OHKO moves are banned
|rule|Moody Clause: Moody is banned
|rule|Evasion Moves Clause: Evasion moves are banned
|rule|Endless Battle Clause: Forcing endless battles is banned.
|rule|HP Percentage Mod: HP is reported as percentages
|
|start
|switch|p1a: Zam Lead|Alakazam|313\/313
|switch|p2a: Alakazam|Alakazam|313\/313
|turn|1
|
|switch|p1a: Egg Kangaroo|Chansey|703\/703
|move|p2a: Alakazam|Thunder Wave|p1a: Egg Kangaroo
|-status|p1a: Egg Kangaroo|par
|
|turn|2
|
|switch|p1a: Result of Incest|Exeggutor|393\/393
|move|p2a: Alakazam|Seismic Toss|p1a: Result of Incest
|-damage|p1a: Result of Incest|293\/393
|
|turn|3
|
|move|p2a: Alakazam|Thunder Wave|p1a: Result of Incest
|-status|p1a: Result of Incest|par
|move|p1a: Result of Incest|Psychic|p2a: Alakazam
|-resisted|p2a: Alakazam
|-damage|p2a: Alakazam|268\/313
|
|turn|4
|
|switch|p2a: Jynx|Jynx|333\/333
|move|p1a: Result of Incest|Sleep Powder|p2a: Jynx|[miss]
|-miss|p1a: Result of Incest
|
|turn|5
|
|switch|p1a: Egg Kangaroo|Chansey|703\/703 par
|move|p2a: Jynx|Blizzard|p1a: Egg Kangaroo
|-damage|p1a: Egg Kangaroo|581\/703 par
|
|turn|6
|
|switch|p2a: Alakazam|Alakazam|268\/313
|move|p1a: Egg Kangaroo|Thunderbolt|p2a: Alakazam
|-damage|p2a: Alakazam|206\/313
|
|turn|7
|
|move|p2a: Alakazam|Seismic Toss|p1a: Egg Kangaroo
|-damage|p1a: Egg Kangaroo|481\/703 par
|move|p1a: Egg Kangaroo|Ice Beam|p2a: Alakazam
|-damage|p2a: Alakazam|143\/313
|
|turn|8
|
|move|p2a: Alakazam|Recover|p2a: Alakazam
|-heal|p2a: Alakazam|299\/313
|move|p1a: Egg Kangaroo|Ice Beam|p2a: Alakazam
|-damage|p2a: Alakazam|241\/313
|
|turn|9
|
|move|p2a: Alakazam|Seismic Toss|p1a: Egg Kangaroo
|-damage|p1a: Egg Kangaroo|381\/703 par
|cant|p1a: Egg Kangaroo|par
|
|turn|10
|
|move|p2a: Alakazam|Seismic Toss|p1a: Egg Kangaroo
|-damage|p1a: Egg Kangaroo|281\/703 par
|cant|p1a: Egg Kangaroo|par
|
|turn|11
|
|move|p2a: Alakazam|Psychic|p1a: Egg Kangaroo
|-damage|p1a: Egg Kangaroo|152\/703 par
|move|p1a: Egg Kangaroo|Soft-Boiled|p1a: Egg Kangaroo
|-heal|p1a: Egg Kangaroo|503\/703 par
|
|turn|12
|
|move|p2a: Alakazam|Psychic|p1a: Egg Kangaroo
|-damage|p1a: Egg Kangaroo|383\/703 par
|move|p1a: Egg Kangaroo|Soft-Boiled|p1a: Egg Kangaroo
|-heal|p1a: Egg Kangaroo|703\/703 par
|
|turn|13
|join|ashiemore
|leave|ashiemore
|
|move|p2a: Alakazam|Psychic|p1a: Egg Kangaroo
|-crit|p1a: Egg Kangaroo
|-damage|p1a: Egg Kangaroo|463\/703 par
|-unboost|p1a: Egg Kangaroo|spd|1
|-unboost|p1a: Egg Kangaroo|spa|1
|move|p1a: Egg Kangaroo|Ice Beam|p2a: Alakazam
|-damage|p2a: Alakazam|197\/313
|
|turn|14
|
|switch|p1a: Result of Incest|Exeggutor|293\/393 par
|move|p2a: Alakazam|Psychic|p1a: Result of Incest
|-resisted|p1a: Result of Incest
|-damage|p1a: Result of Incest|233\/393 par
|
|turn|15
|
|move|p2a: Alakazam|Seismic Toss|p1a: Result of Incest
|-damage|p1a: Result of Incest|133\/393 par
|cant|p1a: Result of Incest|par
|
|turn|16
|
|move|p2a: Alakazam|Seismic Toss|p1a: Result of Incest
|-damage|p1a: Result of Incest|33\/393 par
|cant|p1a: Result of Incest|par
|
|turn|17
|
|switch|p1a: Egg Kangaroo|Chansey|463\/703 par
|move|p2a: Alakazam|Seismic Toss|p1a: Egg Kangaroo
|-damage|p1a: Egg Kangaroo|363\/703 par
|
|turn|18
|
|switch|p2a: Tauros|Tauros|353\/353
|cant|p1a: Egg Kangaroo|par
|
|turn|19
|chat|kid gf lol|wtf
|
|switch|p1a: Result of Incest|Exeggutor|33\/393 par
|move|p2a: Tauros|Hyper Beam|p1a: Result of Incest
|-damage|p1a: Result of Incest|0 fnt
|faint|p1a: Result of Incest
|
|
|switch|p1a: GhostInaShell|Cloyster|303\/303
|turn|20
|
|move|p2a: Tauros|Body Slam|p1a: GhostInaShell
|-crit|p1a: GhostInaShell
|-damage|p1a: GhostInaShell|174\/303
|move|p1a: GhostInaShell|Clamp|p2a: Tauros
|-crit|p2a: Tauros
|-damage|p2a: Tauros|258\/353
|-activate|p2a: Tauros|move: Clamp|[of] p1a: GhostInaShell
|
|turn|21
|
|cant|p2a: Tauros|partiallytrapped
|move|p1a: GhostInaShell|Clamp|p2a: Tauros
|-damage|p2a: Tauros|163\/353
|
|turn|22
|
|cant|p2a: Tauros|partiallytrapped
|move|p1a: GhostInaShell|Clamp|p2a: Tauros
|-damage|p2a: Tauros|68\/353
|
|-end|p2a: Tauros|Clamp|[partiallytrapped]
|turn|23
|
|move|p2a: Tauros|Hyper Beam|p1a: GhostInaShell
|-damage|p1a: GhostInaShell|59\/303
|move|p1a: GhostInaShell|Blizzard|p2a: Tauros
|-damage|p2a: Tauros|0 fnt
|faint|p2a: Tauros
|
|
|switch|p2a: Alakazam|Alakazam|197\/313
|turn|24
|
|switch|p1a: Egg Kangaroo|Chansey|363\/703 par
|move|p2a: Alakazam|Psychic|p1a: Egg Kangaroo
|-crit|p1a: Egg Kangaroo
|-damage|p1a: Egg Kangaroo|118\/703 par
|
|turn|25
|
|switch|p1a: Zam Lead|Alakazam|313\/313
|move|p2a: Alakazam|Psychic|p1a: Zam Lead
|-crit|p1a: Zam Lead
|-resisted|p1a: Zam Lead
|-damage|p1a: Zam Lead|215\/313
|
|turn|26
|
|move|p2a: Alakazam|Thunder Wave|p1a: Zam Lead
|-status|p1a: Zam Lead|par
|move|p1a: Zam Lead|Thunder Wave|p2a: Alakazam
|-status|p2a: Alakazam|par
|
|turn|27
|
|switch|p2a: Persian|Persian|333\/333
|cant|p1a: Zam Lead|par
|
|turn|28
|
|move|p2a: Persian|Slash|p1a: Zam Lead
|-crit|p1a: Zam Lead
|-damage|p1a: Zam Lead|0 fnt
|faint|p1a: Zam Lead
|
|
|switch|p1a: That's Bull|Tauros|353\/353
|turn|29
|
|move|p2a: Persian|Slash|p1a: That's Bull
|-crit|p1a: That's Bull
|-damage|p1a: That's Bull|218\/353
|move|p1a: That's Bull|Body Slam|p2a: Persian
|-crit|p2a: Persian
|-damage|p2a: Persian|42\/333
|
|turn|30
|
|move|p2a: Persian|Hyper Beam|p1a: That's Bull
|-damage|p1a: That's Bull|75\/353
|move|p1a: That's Bull|Body Slam|p2a: Persian
|-damage|p2a: Persian|0 fnt
|faint|p2a: Persian
|
|
|switch|p2a: Chansey|Chansey|703\/703
|turn|31
|
|move|p1a: That's Bull|Hyper Beam|p2a: Chansey
|-crit|p2a: Chansey
|-damage|p2a: Chansey|0 fnt
|faint|p2a: Chansey
|
|
|switch|p2a: Jynx|Jynx|333\/333
|turn|32
|
|move|p1a: That's Bull|Hyper Beam|p2a: Jynx|[miss]
|-miss|p1a: That's Bull
|move|p2a: Jynx|Psychic|p1a: That's Bull
|-damage|p1a: That's Bull|0 fnt
|faint|p1a: That's Bull
|
|
|switch|p1a: TNT|Golem|363\/363
|turn|33
|
|move|p2a: Jynx|Blizzard|p1a: TNT
|-crit|p1a: TNT
|-supereffective|p1a: TNT
|-damage|p1a: TNT|0 fnt
|faint|p1a: TNT
|
|
|switch|p1a: GhostInaShell|Cloyster|59\/303
|turn|34
|
|move|p2a: Jynx|Psychic|p1a: GhostInaShell
|-damage|p1a: GhostInaShell|0 fnt
|faint|p1a: GhostInaShell
|
|
|switch|p1a: Egg Kangaroo|Chansey|118\/703 par
|turn|35
|
|move|p2a: Jynx|Psychic|p1a: Egg Kangaroo
|-damage|p1a: Egg Kangaroo|17\/703 par
|-unboost|p1a: Egg Kangaroo|spd|1
|-unboost|p1a: Egg Kangaroo|spa|1
|move|p1a: Egg Kangaroo|Soft-Boiled|p1a: Egg Kangaroo
|-heal|p1a: Egg Kangaroo|368\/703 par
|
|turn|36
|
|move|p2a: Jynx|Psychic|p1a: Egg Kangaroo
|-damage|p1a: Egg Kangaroo|226\/703 par
|move|p1a: Egg Kangaroo|Soft-Boiled|p1a: Egg Kangaroo
|-heal|p1a: Egg Kangaroo|577\/703 par
|
|turn|37
|
|move|p2a: Jynx|Psychic|p1a: Egg Kangaroo
|-crit|p1a: Egg Kangaroo
|-damage|p1a: Egg Kangaroo|370\/703 par
|cant|p1a: Egg Kangaroo|par
|
|turn|38
|
|move|p2a: Jynx|Psychic|p1a: Egg Kangaroo
|-damage|p1a: Egg Kangaroo|233\/703 par
|-unboost|p1a: Egg Kangaroo|spd|1
|-unboost|p1a: Egg Kangaroo|spa|1
|move|p1a: Egg Kangaroo|Soft-Boiled|p1a: Egg Kangaroo
|-heal|p1a: Egg Kangaroo|584\/703 par
|
|turn|39
|
|move|p2a: Jynx|Psychic|p1a: Egg Kangaroo
|-damage|p1a: Egg Kangaroo|383\/703 par
|-unboost|p1a: Egg Kangaroo|spd|1
|-unboost|p1a: Egg Kangaroo|spa|1
|cant|p1a: Egg Kangaroo|par
|
|turn|40
|
|move|p2a: Jynx|Psychic|p1a: Egg Kangaroo
|-damage|p1a: Egg Kangaroo|145\/703 par
|cant|p1a: Egg Kangaroo|par
|
|turn|41
|
|move|p2a: Jynx|Psychic|p1a: Egg Kangaroo
|-damage|p1a: Egg Kangaroo|0 fnt
|faint|p1a: Egg Kangaroo
|
|win|bluast
|raw|Ladder updating...
|raw|kid gf lol's rating: 1368 &rarr; <strong>1336<\/strong><br \/>(-32 for losing)
|raw|bluast's rating: 1121 &rarr; <strong>1161<\/strong><br \/>(+40 for winning)
|leave|kid gf lol
|player|p1
|leave|bluast
|player|p2