|j|jorgelococ
|j|howiam
|player|p1|jorgelococ|266
|player|p2|howiam|238
|gametype|singles
|gen|1
|tier|[Gen 1] Random Battle
|rated
|seed|27903,48415,56142,50059
|rule|Sleep Clause Mod: Limit one foe put to sleep
|rule|Freeze Clause Mod: Limit one foe frozen
|rule|HP Percentage Mod: HP is shown in percentages
|
|start
|switch|p1a: Tentacruel|Tentacruel, L85|310\/310
|switch|p2a: Horsea|Horsea, L96|252\/252
|turn|1
|choice|move 3|move 3
|
|move|p1a: Tentacruel|Swords Dance|p1a: Tentacruel
|-boost|p1a: Tentacruel|atk|2
|move|p2a: Horsea|Smokescreen|p1a: Tentacruel
|-unboost|p1a: Tentacruel|accuracy|1
|
|turn|2
|choice|move 3|move 3
|
|move|p1a: Tentacruel|Swords Dance|p1a: Tentacruel
|-boost|p1a: Tentacruel|atk|2
|move|p2a: Horsea|Smokescreen|p1a: Tentacruel
|-unboost|p1a: Tentacruel|accuracy|1
|
|turn|3
|choice|move 4|move 3
|
|move|p1a: Tentacruel|Hyper Beam|p2a: Horsea
|-damage|p2a: Horsea|6\/252
|move|p2a: Horsea|Smokescreen|p1a: Tentacruel
|-unboost|p1a: Tentacruel|accuracy|1
|
|turn|4
|-mustrecharge|p1a: Tentacruel
|-mustrecharge|p1a: Tentacruel
|choice|move 1|move 2
|
|cant|p1a: Tentacruel|recharge
|move|p2a: Horsea|Mimic|p1a: Tentacruel
|-start|p2a: Horsea|Mimic|Swords Dance
|
|turn|5
|choice|move 2|move 3
|
|move|p1a: Tentacruel|Blizzard|p2a: Horsea|[miss]
|-miss|p1a: Tentacruel
|move|p2a: Horsea|Smokescreen|p1a: Tentacruel
|-unboost|p1a: Tentacruel|accuracy|1
|
|turn|6
|choice|move 4|move 3
|
|move|p1a: Tentacruel|Hyper Beam|p2a: Horsea|[miss]
|-miss|p1a: Tentacruel
|move|p2a: Horsea|Smokescreen|p1a: Tentacruel
|-unboost|p1a: Tentacruel|accuracy|1
|
|turn|7
|choice|move 1|switch 6
|
|switch|p2a: Hypno|Hypno, L85|318\/318
|move|p1a: Tentacruel|Hydro Pump|p2a: Hypno|[miss]
|-miss|p1a: Tentacruel
|
|turn|8
|c|★jorgelococ|nop
|-message|jorgelococ forfeited.
|
|win|howiam
|player|p1
|player|p2
|l|jorgelococ
|raw|jorgelococ's rating: 1000 &rarr; <strong>1000<\/strong><br \/>(+0 for losing)
|raw|howiam's rating: 1060 &rarr; <strong>1085<\/strong><br \/>(+25 for winning)