|join|FaceOnAPlate
|join|Airfoil
|player|p1|FaceOnAPlate|33
|player|p2|Airfoil|169
|gametype|singles
|gen|1
|tier|[Gen 1] OU (beta)
|rated
|rule|Sleep Clause Mod: Limit one foe put to sleep
|rule|Species Clause: Limit one of each Pokemon
|rule|OHKO Clause: OHKO moves are banned
|rule|Moody Clause: Moody is banned
|rule|Evasion Moves Clause: Evasion moves are banned
|rule|Endless Battle Clause: Forcing endless battles is banned.
|rule|HP Percentage Mod: HP is reported as percentages
|
|start
|switch|p1a: Jynx|Jynx|333\/333
|switch|p2a: Gengar|Gengar|323\/323
|turn|1
|chat|FaceOnAPlate|good luck, have fun
|
|switch|p1a: Exeggutor|Exeggutor|393\/393
|move|p2a: Gengar|Hypnosis|p1a: Exeggutor
|-status|p1a: Exeggutor|slp
|
|turn|2
|chat|Airfoil|you too thx
|
|switch|p1a: Alakazam|Alakazam|313\/313
|move|p2a: Gengar|Confuse Ray|p1a: Alakazam
|-start|p1a: Alakazam|confusion
|
|turn|3
|
|switch|p1a: Chansey|Chansey|703\/703
|switch|p2a: Snorlax|Snorlax|523\/523
|
|turn|4
|
|move|p1a: Chansey|Thunder Wave|p2a: Snorlax
|-status|p2a: Snorlax|par
|cant|p2a: Snorlax|par
|
|turn|5
|
|switch|p1a: Snorlax|Snorlax|523\/523
|move|p2a: Snorlax|Body Slam|p1a: Snorlax
|-damage|p1a: Snorlax|382\/523
|
|turn|6
|
|move|p1a: Snorlax|Reflect|p1a: Snorlax
|cant|p2a: Snorlax|par
|
|turn|7
|
|move|p1a: Snorlax|Earthquake|p2a: Snorlax
|-damage|p2a: Snorlax|415\/523 par
|move|p2a: Snorlax|Body Slam|p1a: Snorlax
|-damage|p1a: Snorlax|313\/523
|
|turn|8
|
|move|p1a: Snorlax|Body Slam|p2a: Snorlax
|-crit|p2a: Snorlax
|-damage|p2a: Snorlax|116\/523 par
|move|p2a: Snorlax|Body Slam|p1a: Snorlax
|-crit|p1a: Snorlax
|-damage|p1a: Snorlax|176\/523
|
|turn|9
|
|switch|p2a: Gengar|Gengar|323\/323
|move|p1a: Snorlax|Body Slam|p2a: Gengar
|-immune|p2a: Gengar|[msg]
|
|turn|10
|
|move|p2a: Gengar|Confuse Ray|p1a: Snorlax
|-start|p1a: Snorlax|confusion
|-activate|p1a: Snorlax|confusion
|-damage|p1a: Snorlax|152\/523|[from] confusion
|
|turn|11
|
|move|p2a: Gengar|Thunderbolt|p1a: Snorlax
|-damage|p1a: Snorlax|41\/523
|-activate|p1a: Snorlax|confusion
|move|p1a: Snorlax|Earthquake|p2a: Gengar
|-crit|p2a: Gengar
|-supereffective|p2a: Gengar
|-damage|p2a: Gengar|0 fnt
|faint|p2a: Gengar
|
|
|switch|p2a: Raichu|Raichu|323\/323
|turn|12
|chat|FaceOnAPlate|been a while since ive seen a raichu here, thats awesome
|chat|FaceOnAPlate|^_^
|
|switch|p1a: Chansey|Chansey|703\/703
|move|p2a: Raichu|Body Slam|p1a: Chansey
|-crit|p1a: Chansey
|-damage|p1a: Chansey|385\/703
|
|turn|13
|chat|Airfoil|thx
|
|switch|p2a: Snorlax|Snorlax|116\/523 par
|switch|p1a: Exeggutor|Exeggutor|393\/393 slp
|
|turn|14
|
|cant|p1a: Exeggutor|slp
|move|p2a: Snorlax|Rest|p2a: Snorlax
|-status|p2a: Snorlax|slp
|-heal|p2a: Snorlax|523\/523 slp|[silent]
|-status|p2a: Snorlax|slp|[from] move: Rest
|
|turn|15
|
|switch|p2a: Lapras|Lapras|463\/463
|cant|p1a: Exeggutor|slp
|
|turn|16
|
|move|p2a: Lapras|Confuse Ray|p1a: Exeggutor
|-start|p1a: Exeggutor|confusion
|cant|p1a: Exeggutor|slp
|
|turn|17
|
|move|p2a: Lapras|Body Slam|p1a: Exeggutor
|-damage|p1a: Exeggutor|329\/393 slp
|cant|p1a: Exeggutor|slp
|
|turn|18
|
|move|p2a: Lapras|Blizzard|p1a: Exeggutor
|-supereffective|p1a: Exeggutor
|-damage|p1a: Exeggutor|114\/393 slp
|cant|p1a: Exeggutor|slp
|-curestatus|p1a: Exeggutor|slp
|
|turn|19
|
|switch|p1a: Alakazam|Alakazam|313\/313
|move|p2a: Lapras|Blizzard|p1a: Alakazam
|-damage|p1a: Alakazam|205\/313
|
|turn|20
|
|move|p1a: Alakazam|Thunder Wave|p2a: Lapras
|-status|p2a: Lapras|par
|move|p2a: Lapras|Body Slam|p1a: Alakazam
|-damage|p1a: Alakazam|107\/313
|
|turn|21
|
|move|p1a: Alakazam|Recover|p1a: Alakazam
|-heal|p1a: Alakazam|263\/313
|cant|p2a: Lapras|par
|
|turn|22
|
|move|p1a: Alakazam|Reflect|p1a: Alakazam
|move|p2a: Lapras|Body Slam|p1a: Alakazam
|-damage|p1a: Alakazam|217\/313
|
|turn|23
|
|move|p1a: Alakazam|Psychic|p2a: Lapras
|-damage|p2a: Lapras|336\/463 par
|move|p2a: Lapras|Body Slam|p1a: Alakazam
|-damage|p1a: Alakazam|173\/313
|
|turn|24
|
|move|p1a: Alakazam|Psychic|p2a: Lapras
|-damage|p2a: Lapras|206\/463 par
|-unboost|p2a: Lapras|spd|1
|-unboost|p2a: Lapras|spa|1
|move|p2a: Lapras|Body Slam|p1a: Alakazam
|-damage|p1a: Alakazam|129\/313
|
|turn|25
|chat|Airfoil|I am not getting lucky with these paras
|chat|FaceOnAPlate|nope
|
|switch|p2a: Raichu|Raichu|323\/323
|move|p1a: Alakazam|Psychic|p2a: Raichu
|-damage|p2a: Raichu|184\/323
|-unboost|p2a: Raichu|spd|1
|-unboost|p2a: Raichu|spa|1
|
|turn|26
|chat|Airfoil|well crap
|
|switch|p2a: Snorlax|Snorlax|523\/523 slp
|move|p1a: Alakazam|Recover|p1a: Alakazam
|-heal|p1a: Alakazam|285\/313
|
|turn|27
|
|move|p1a: Alakazam|Psychic|p2a: Snorlax
|-damage|p2a: Snorlax|362\/523 slp
|-unboost|p2a: Snorlax|spd|1
|-unboost|p2a: Snorlax|spa|1
|cant|p2a: Snorlax|slp
|
|turn|28
|chat|Airfoil|....
|
|move|p1a: Alakazam|Psychic|p2a: Snorlax
|-damage|p2a: Snorlax|108\/523 slp
|cant|p2a: Snorlax|slp
|-curestatus|p2a: Snorlax|slp
|
|turn|29
|chat|FaceOnAPlate|you seem to love stat drops though XD
|
|move|p1a: Alakazam|Psychic|p2a: Snorlax
|-crit|p2a: Snorlax
|-damage|p2a: Snorlax|0 fnt
|faint|p2a: Snorlax
|
|
|switch|p2a: Raichu|Raichu|184\/323
|turn|30
|
|move|p1a: Alakazam|Psychic|p2a: Raichu
|-damage|p2a: Raichu|38\/323
|move|p2a: Raichu|Thunder Wave|p1a: Alakazam
|-status|p1a: Alakazam|par
|
|turn|31
|
|move|p2a: Raichu|Body Slam|p1a: Alakazam
|-damage|p1a: Alakazam|235\/313 par
|cant|p1a: Alakazam|par
|
|turn|32
|
|switch|p2a: Golem|Golem|363\/363
|move|p1a: Alakazam|Psychic|p2a: Golem
|-damage|p2a: Golem|188\/363
|
|turn|33
|
|move|p2a: Golem|Earthquake|p1a: Alakazam
|-damage|p1a: Alakazam|136\/313 par
|move|p1a: Alakazam|Psychic|p2a: Golem
|-crit|p2a: Golem
|-damage|p2a: Golem|0 fnt
|faint|p2a: Golem
|
|
|switch|p2a: Venusaur|Venusaur|363\/363
|turn|34
|chat|FaceOnAPlate|a reflect alakaxam is a wonderful thing
|
|move|p2a: Venusaur|Leech Seed|p1a: Alakazam
|-start|p1a: Alakazam|move: Leech Seed
|move|p1a: Alakazam|Thunder Wave|p2a: Venusaur
|-status|p2a: Venusaur|par
|-damage|p1a: Alakazam|117\/313 par|[from] Leech Seed|[of] p2a: Venusaur
|
|turn|35
|
|switch|p1a: Exeggutor|Exeggutor|114\/393
|switch|p2a: Lapras|Lapras|206\/463 par
|
|turn|36
|
|move|p1a: Exeggutor|Explosion|p2a: Lapras
|-damage|p2a: Lapras|0 fnt
|faint|p2a: Lapras
|faint|p1a: Exeggutor
|
|switch|p1a: Jynx|Jynx|333\/333
|switch|p2a: Venusaur|Venusaur|363\/363 par
|turn|37
|
|move|p1a: Jynx|Blizzard|p2a: Venusaur
|-supereffective|p2a: Venusaur
|-damage|p2a: Venusaur|79\/363 par
|move|p2a: Venusaur|Sleep Powder|p1a: Jynx
|-status|p1a: Jynx|slp
|
|turn|38
|
|switch|p1a: Chansey|Chansey|385\/703
|move|p2a: Venusaur|Leech Seed|p1a: Chansey|[miss]
|-miss|p2a: Venusaur
|
|turn|39
|
|move|p1a: Chansey|Ice Beam|p2a: Venusaur
|-supereffective|p2a: Venusaur
|-damage|p2a: Venusaur|0 fnt
|faint|p2a: Venusaur
|
|
|switch|p2a: Raichu|Raichu|38\/323
|turn|40
|chat|Airfoil|gg
|chat|FaceOnAPlate|gg my friend. i enjoyed it. great team!
|
|move|p2a: Raichu|Body Slam|p1a: Chansey
|-damage|p1a: Chansey|200\/703
|move|p1a: Chansey|Seismic Toss|p2a: Raichu
|-damage|p2a: Raichu|0 fnt
|faint|p2a: Raichu
|
|win|FaceOnAPlate
|raw|Ladder updating...
|raw|FaceOnAPlate's rating: 1137 &rarr; <strong>1153<\/strong><br \/>(+16 for winning)
|raw|Airfoil's rating: 1015 &rarr; <strong>1007<\/strong><br \/>(-8 for losing)