|j|AA Nickelquack
|j|MCVoidSurvivalist
|player|p1|AA Nickelquack|21
|player|p2|MCVoidSurvivalist|162
|gametype|singles
|gen|1
|tier|[Gen 1] OU
|rated
|seed|17152,52819,27672,15123
|rule|Sleep Clause Mod: Limit one foe put to sleep
|rule|Freeze Clause Mod: Limit one foe frozen
|rule|Species Clause: Limit one of each Pokémon
|rule|OHKO Clause: OHKO moves are banned
|rule|Evasion Moves Clause: Evasion moves are banned
|rule|HP Percentage Mod: HP is shown in percentages
|
|start
|switch|p1a: Starmie|Starmie|323\/323
|switch|p2a: Zapdos|Zapdos|383\/383
|turn|1
|choice|move 1|move 3
|
|move|p1a: Starmie|Blizzard|p2a: Zapdos
|-supereffective|p2a: Zapdos
|-damage|p2a: Zapdos|209\/383
|move|p2a: Zapdos|Agility|p2a: Zapdos
|-boost|p2a: Zapdos|spe|2
|
|turn|2
|choice|move 1|move 1
|
|move|p2a: Zapdos|Thunderbolt|p1a: Starmie
|-supereffective|p1a: Starmie
|-damage|p1a: Starmie|54\/323
|move|p1a: Starmie|Blizzard|p2a: Zapdos
|-supereffective|p2a: Zapdos
|-damage|p2a: Zapdos|51\/383
|
|turn|3
|choice|move 1|move 1
|
|move|p2a: Zapdos|Thunderbolt|p1a: Starmie
|-supereffective|p1a: Starmie
|-damage|p1a: Starmie|0 fnt
|faint|p1a: Starmie
|c|★AA Nickelquack|nice
|choice|switch 5|
|
|switch|p1a: Exeggutor|Exeggutor|393\/393
|turn|4
|c|★MCVoidSurvivalist|Thanks. That Starmie set was good too.
|choice|move 1|move 2
|
|move|p2a: Zapdos|Drill Peck|p1a: Exeggutor
|-supereffective|p1a: Exeggutor
|-damage|p1a: Exeggutor|206\/393
|move|p1a: Exeggutor|Sleep Powder|p2a: Zapdos
|-status|p2a: Zapdos|slp
|
|turn|5
|c|★AA Nickelquack|oh zapdos gets drill peck?
|choice|move 2|move 2
|
|cant|p2a: Zapdos|slp
|move|p1a: Exeggutor|Psychic|p2a: Zapdos
|-damage|p2a: Zapdos|0 fnt
|faint|p2a: Zapdos
|c|★AA Nickelquack|i'm basck to this game after 16 years lol
|c|★AA Nickelquack|1st match in that long
|c|★AA Nickelquack|well, 3 randoms before this
|c|★AA Nickelquack|but anyways
|choice||switch 4
|
|switch|p2a: Dragonite|Dragonite|385\/385
|turn|6
|c|★MCVoidSurvivalist|Yeah. I never played Gen 1 xD
|choice|move 1|move 2
|
|move|p2a: Dragonite|Fire Blast|p1a: Exeggutor
|-supereffective|p1a: Exeggutor
|-damage|p1a: Exeggutor|42\/393
|move|p1a: Exeggutor|Sleep Powder|p2a: Dragonite
|-status|p2a: Dragonite|slp
|
|turn|7
|choice|move 2|switch 3
|
|switch|p2a: Alakazam|Alakazam|313\/313
|move|p1a: Exeggutor|Psychic|p2a: Alakazam
|-resisted|p2a: Alakazam
|-damage|p2a: Alakazam|262\/313
|
|turn|8
|c|★AA Nickelquack|crud
|c|★MCVoidSurvivalist|xD
|choice|switch 2|move 3
|
|switch|p1a: Alakazam|Alakazam|313\/313
|move|p2a: Alakazam|Disable|p1a: Alakazam
|-start|p1a: Alakazam|Disable|Thunder Wave
|
|turn|9
|c|★AA Nickelquack|well,.......
|choice|move 3|move 4
|
|move|p1a: Alakazam|Reflect|p1a: Alakazam
|-start|p1a: Alakazam|Reflect
|move|p2a: Alakazam|Seismic Toss|p1a: Alakazam
|-damage|p1a: Alakazam|213\/313
|
|turn|10
|c|★MCVoidSurvivalist|Wasn't expecting that to work...
|choice|move 1|move 4
|
|move|p1a: Alakazam|Psychic|p2a: Alakazam
|-resisted|p2a: Alakazam
|-damage|p2a: Alakazam|214\/313
|-unboost|p2a: Alakazam|spd|1
|-unboost|p2a: Alakazam|spa|1
|move|p2a: Alakazam|Seismic Toss|p1a: Alakazam
|-damage|p1a: Alakazam|113\/313
|
|turn|11
|c|★AA Nickelquack|ya
|c|★AA Nickelquack|yay
|choice|move 4|move 4
|
|move|p1a: Alakazam|Recover|p1a: Alakazam
|-heal|p1a: Alakazam|269\/313
|move|p2a: Alakazam|Seismic Toss|p1a: Alakazam
|-damage|p1a: Alakazam|169\/313
|
|turn|12
|c|★MCVoidSurvivalist|Speed tie...
|choice|move 1|move 4
|
|move|p2a: Alakazam|Seismic Toss|p1a: Alakazam
|-damage|p1a: Alakazam|69\/313
|move|p1a: Alakazam|Psychic|p2a: Alakazam
|-resisted|p2a: Alakazam
|-damage|p2a: Alakazam|127\/313
|
|turn|13
|c|★MCVoidSurvivalist|This next move might be up to RNGsus now.
|c|★AA Nickelquack|wont matter
|choice|move 1|move 4
|
|move|p2a: Alakazam|Seismic Toss|p1a: Alakazam
|-damage|p1a: Alakazam|0 fnt
|faint|p1a: Alakazam
|c|★AA Nickelquack|u would've downed me either way
|c|★MCVoidSurvivalist|Speed ties randomly select one Pokémon to attack first.
|choice|switch 2|
|
|switch|p1a: Exeggutor|Exeggutor|42\/393
|turn|14
|c|★MCVoidSurvivalist|So annoying when they come up xD
|c|★AA Nickelquack|wait, oops
|c|★AA Nickelquack|oh well
|choice|move 3|move 2
|
|move|p2a: Alakazam|Recover|p2a: Alakazam
|-heal|p2a: Alakazam|283\/313
|move|p1a: Exeggutor|Explosion|p2a: Alakazam
|-damage|p2a: Alakazam|0 fnt
|faint|p2a: Alakazam
|faint|p1a: Exeggutor
|c|★AA Nickelquack|oh wow
|c|★AA Nickelquack|uh, thanks
|c|★MCVoidSurvivalist|Umm...
|choice|switch 4|switch 3
|
|switch|p1a: Gengar|Gengar|323\/323
|switch|p2a: Dragonite|Dragonite|385\/385 slp
|turn|15
|c|★MCVoidSurvivalist|Crud, forgot he was asleep
|choice|move 3|move 3
|
|move|p1a: Gengar|Thunderbolt|p2a: Dragonite
|-damage|p2a: Dragonite|297\/385 slp
|cant|p2a: Dragonite|slp
|
|turn|16
|c|★AA Nickelquack|22% dmg?!?
|c|★AA Nickelquack|aren't u weak to lgithing?
|c|★MCVoidSurvivalist|Dragon is resistant to it.
|c|★AA Nickelquack|ah
|c|★AA Nickelquack|!weak dragon
|raw|<div class="infobox">Dragon:<br><span class="message-effect-weak">Weaknesses<\/span>: Dragon, Fairy, Ice<br><span class="message-effect-resist">Resistances<\/span>: Electric, Fire, Grass, Water<br><span class="message-effect-immune">Immunities<\/span>: <font color=#999999>None<\/font><\/div>
|choice|move 3|move 3
|
|move|p1a: Gengar|Thunderbolt|p2a: Dragonite
|-crit|p2a: Dragonite
|-damage|p2a: Dragonite|135\/385 slp
|-curestatus|p2a: Dragonite|slp
|
|turn|17
|choice|move 3|move 3
|
|move|p1a: Gengar|Thunderbolt|p2a: Dragonite
|-damage|p2a: Dragonite|50\/385
|move|p2a: Dragonite|Surf|p1a: Gengar
|-damage|p1a: Gengar|261\/323
|
|turn|18
|c|★AA Nickelquack|nuts
|choice|move 3|move 2
|
|move|p1a: Gengar|Thunderbolt|p2a: Dragonite
|-crit|p2a: Dragonite
|-damage|p2a: Dragonite|0 fnt
|faint|p2a: Dragonite
|c|★AA Nickelquack|sorta close match
|c|★MCVoidSurvivalist|Yup
|c|★AA Nickelquack|actually u'll win here
|choice||switch 5
|
|switch|p2a: Gengar|Gengar|323\/323
|turn|19
|c|★AA Nickelquack|unless i'm very lucky
|choice|move 3|move 4
|
|move|p1a: Gengar|Thunderbolt|p2a: Gengar
|-crit|p2a: Gengar
|-damage|p2a: Gengar|174\/323
|move|p2a: Gengar|Psychic|p1a: Gengar
|-crit|p1a: Gengar
|-supereffective|p1a: Gengar
|-damage|p1a: Gengar|2\/323
|
|turn|20
|c|★AA Nickelquack|oh whoop
|c|★MCVoidSurvivalist|Bruh...
|c|★AA Nickelquack|rofl lol
|choice|move 2|move 2
|
|move|p1a: Gengar|Explosion|p2a: Gengar
|-immune|p2a: Gengar|[msg]
|faint|p1a: Gengar
|c|★AA Nickelquack|i thought it was thunder wave
|c|★MCVoidSurvivalist|xD
|c|★AA Nickelquack|instead of thunderbolt lol
|choice|switch 3|
|
|switch|p1a: Articuno|Articuno|383\/383
|turn|21
|choice|move 2|move 3
|
|move|p2a: Gengar|Thunderbolt|p1a: Articuno
|-supereffective|p1a: Articuno
|-damage|p1a: Articuno|233\/383
|-status|p1a: Articuno|par
|move|p1a: Articuno|Agility|p1a: Articuno
|-boost|p1a: Articuno|spe|2
|
|turn|22
|c|★AA Nickelquack|ugh
|c|★AA Nickelquack|!weak normal
|raw|<div class="infobox">Normal:<br><span class="message-effect-weak">Weaknesses<\/span>: Fighting<br><span class="message-effect-resist">Resistances<\/span>: <font color=#999999>None<\/font><br><span class="message-effect-immune">Immunities<\/span>: Ghost<\/div>
|choice|move 1|move 3
|
|move|p1a: Articuno|Ice Beam|p2a: Gengar
|-crit|p2a: Gengar
|-damage|p2a: Gengar|0 fnt
|faint|p2a: Gengar
|c|★AA Nickelquack|WOW!
|c|★AA Nickelquack|yay
|choice||switch 6
|
|switch|p2a: Rhydon|Rhydon|413\/413
|turn|23
|c|★AA Nickelquack|!weak ground
|raw|<div class="infobox">Ground:<br><span class="message-effect-weak">Weaknesses<\/span>: Grass, Ice, Water<br><span class="message-effect-resist">Resistances<\/span>: Poison, Rock<br><span class="message-effect-immune">Immunities<\/span>: Electric<\/div>
|c|★MCVoidSurvivalist|I made this guy to counter the bird's. Let's see how this works...
|c|★AA Nickelquack|oh cool
|choice|move 1|move 1
|
|move|p1a: Articuno|Ice Beam|p2a: Rhydon
|-supereffective|p2a: Rhydon
|-damage|p2a: Rhydon|0 fnt
|faint|p2a: Rhydon
|c|★AA Nickelquack|=D
|c|★MCVoidSurvivalist|...
|choice||switch 2
|
|switch|p2a: Snorlax|Snorlax|523\/523
|turn|24
|c|★AA Nickelquack|if i hadn't already had agility
|c|★AA Nickelquack|that would've been very very different
|c|★AA Nickelquack|ur rock slide would've OHKO
|c|★AA Nickelquack|cause articuno is slow
|c|★MCVoidSurvivalist|Dunno. Rhydon is slower than Golem so I might swap them out.
|choice|move 1|move 4
|
|cant|p1a: Articuno|par
|move|p2a: Snorlax|Substitute|p2a: Snorlax
|-start|p2a: Snorlax|Substitute
|-damage|p2a: Snorlax|393\/523
|
|turn|25
|c|★AA Nickelquack|noooo
|choice|move 1|move 2
|
|move|p1a: Articuno|Ice Beam|p2a: Snorlax|[miss]
|-miss|p1a: Articuno
|move|p2a: Snorlax|Body Slam|p1a: Articuno
|-damage|p1a: Articuno|126\/383 par
|
|turn|26
|choice|move 1|move 2
|
|move|p1a: Articuno|Ice Beam|p2a: Snorlax
|-end|p2a: Snorlax|Substitute
|move|p2a: Snorlax|Body Slam|p1a: Articuno
|-damage|p1a: Articuno|17\/383 par
|
|turn|27
|choice|move 3|move 2
|
|move|p1a: Articuno|Double-Edge|p2a: Snorlax
|-damage|p2a: Snorlax|301\/523
|-damage|p1a: Articuno|0 fnt|[from] recoil|[of] p2a: Snorlax
|faint|p1a: Articuno
|c|★AA Nickelquack|crud, should've hyper beamed
|choice|switch 6|
|
|switch|p1a: Tauros|Tauros|353\/353
|turn|28
|c|★MCVoidSurvivalist|xD
|choice|move 3|move 2
|
|move|p1a: Tauros|Earthquake|p2a: Snorlax
|-damage|p2a: Snorlax|202\/523
|move|p2a: Snorlax|Body Slam|p1a: Tauros
|-damage|p1a: Tauros|245\/353
|
|turn|29
|choice|move 3|move 2
|
|move|p1a: Tauros|Earthquake|p2a: Snorlax
|-crit|p2a: Snorlax
|-damage|p2a: Snorlax|0 fnt
|faint|p2a: Snorlax
|
|win|AA Nickelquack
|player|p1
|player|p2
|c|★AA Nickelquack|gg
|c|★MCVoidSurvivalist|Gg
|l|MCVoidSurvivalist
||Ladder (probably) updated, but score could not be retrieved (Response not received).
|j|MCVoidSurvivalist
|c|★AA Nickelquack|later
|c|★MCVoidSurvivalist|Cya
|c|★AA Nickelquack|what was rhydon?
|c|★AA Nickelquack|rock slide, right?
|c|★MCVoidSurvivalist|Yup
|c|★MCVoidSurvivalist|Had Fire Blast and Surf too