|j|smilzo
|j|Lutra
|player|p1|smilzo|157
|player|p2|Lutra|281
|gametype|singles
|gen|1
|tier|[Gen 1] OU
|seed|45820,20946,28231,48494
|rule|Sleep Clause Mod: Limit one foe put to sleep
|rule|Freeze Clause Mod: Limit one foe frozen
|rule|Species Clause: Limit one of each Pokémon
|rule|OHKO Clause: OHKO moves are banned
|rule|Evasion Moves Clause: Evasion moves are banned
|rule|HP Percentage Mod: HP is shown in percentages
|
|start
|switch|p1a: Alakazam|Alakazam, M|313\/313
|switch|p2a: Hypno|Hypno, M|373\/373
|turn|1
|c|★smilzo|hf
|c|★Lutra|u2
|choice|move 1|move 1
|
|move|p1a: Alakazam|Thunder Wave|p2a: Hypno
|-status|p2a: Hypno|par
|move|p2a: Hypno|Hypnosis|p1a: Alakazam
|-status|p1a: Alakazam|slp
|
|turn|2
|j|dio maialino
|choice|switch 4|move 3
|
|switch|p1a: Chansey|Chansey|703\/703
|move|p2a: Hypno|Seismic Toss|p1a: Chansey
|-damage|p1a: Chansey|603\/703
|
|turn|3
|choice|move 2|move 4
|
|move|p1a: Chansey|Ice Beam|p2a: Hypno
|-damage|p2a: Hypno|306\/373 par
|cant|p2a: Hypno|par
|
|turn|4
|j|MONNA LUSA
|choice|move 2|move 4
|
|move|p1a: Chansey|Ice Beam|p2a: Hypno
|-damage|p2a: Hypno|241\/373 par
|move|p2a: Hypno|Thunder Wave|p1a: Chansey
|-status|p1a: Chansey|par
|
|turn|5
|c| MONNA LUSA|gl smilzo
|j|HQuaze
|c| HQuaze|gl mate
|choice|move 2|switch 6
|
|switch|p2a: Starmie|Starmie|323\/323
|move|p1a: Chansey|Ice Beam|p2a: Starmie
|-resisted|p2a: Starmie
|-damage|p2a: Starmie|286\/323
|
|turn|6
|choice|move 1|switch 3
|
|switch|p2a: Chansey|Chansey|703\/703
|move|p1a: Chansey|Thunder Wave|p2a: Chansey
|-status|p2a: Chansey|par
|
|turn|7
|choice|switch 5|move 3
|
|switch|p1a: Snorlax|Snorlax, M|523\/523
|move|p2a: Chansey|Thunder Wave|p1a: Snorlax
|-status|p1a: Snorlax|par
|
|turn|8
|choice|move 1|switch 2
|
|switch|p2a: Snorlax|Snorlax, M|523\/523
|move|p1a: Snorlax|Body Slam|p2a: Snorlax
|-damage|p2a: Snorlax|383\/523
|
|turn|9
|choice|move 3|move 1
|
|move|p2a: Snorlax|Reflect|p2a: Snorlax
|-start|p2a: Snorlax|Reflect
|move|p1a: Snorlax|Reflect|p1a: Snorlax
|-start|p1a: Snorlax|Reflect
|
|turn|10
|choice|move 2|move 2
|
|move|p2a: Snorlax|Amnesia|p2a: Snorlax
|-boost|p2a: Snorlax|spd|2
|-boost|p2a: Snorlax|spa|2
|move|p1a: Snorlax|Ice Beam|p2a: Snorlax
|-damage|p2a: Snorlax|347\/523
|
|turn|11
|choice|move 2|move 4
|
|move|p2a: Snorlax|Rest|p2a: Snorlax
|-status|p2a: Snorlax|slp
|-heal|p2a: Snorlax|523\/523 slp|[silent]
|-status|p2a: Snorlax|slp|[from] move: Rest
|move|p1a: Snorlax|Ice Beam|p2a: Snorlax
|-damage|p2a: Snorlax|488\/523 slp
|
|turn|12
|j|Naoki Miki
|choice|switch 3|move 3
|
|switch|p1a: Exeggutor|Exeggutor, M|393\/393
|cant|p2a: Snorlax|slp
|
|turn|13
|j|Fading Lights
|choice|move 3|move 3
|
|move|p1a: Exeggutor|Psychic|p2a: Snorlax
|-damage|p2a: Snorlax|405\/523 slp
|-unboost|p2a: Snorlax|spd|1
|-unboost|p2a: Snorlax|spa|1
|-curestatus|p2a: Snorlax|slp
|
|turn|14
|choice|move 3|switch 6
|
|switch|p2a: Hypno|Hypno, M|241\/373 par
|move|p1a: Exeggutor|Psychic|p2a: Hypno
|-resisted|p2a: Hypno
|-damage|p2a: Hypno|186\/373 par
|
|turn|15
|choice|switch 3|move 2
|
|switch|p1a: Snorlax|Snorlax, M|523\/523 par
|move|p2a: Hypno|Psychic|p1a: Snorlax
|-damage|p1a: Snorlax|373\/523 par
|
|turn|16
|choice|switch 5|switch 4
|
|switch|p2a: Exeggutor|Exeggutor, M|393\/393
|switch|p1a: Chansey|Chansey|603\/703 par
|
|turn|17
|choice|move 2|switch 2
|
|switch|p2a: Chansey|Chansey|703\/703 par
|move|p1a: Chansey|Ice Beam|p2a: Chansey
|-damage|p2a: Chansey|631\/703 par
|
|turn|18
|j|ToxigenVGC
|choice|switch 5|move 2
|
|switch|p1a: Snorlax|Snorlax, M|373\/523 par
|cant|p2a: Chansey|par
|
|turn|19
|choice|move 3|move 1
|
|move|p1a: Snorlax|Reflect|p1a: Snorlax
|-start|p1a: Snorlax|Reflect
|move|p2a: Chansey|Counter|p1a: Snorlax
|-fail|p2a: Chansey
|
|turn|20
|choice|move 2|move 1
|
|move|p1a: Snorlax|Ice Beam|p2a: Chansey
|-damage|p2a: Chansey|579\/703 par
|move|p2a: Chansey|Counter|p1a: Snorlax
|-fail|p2a: Chansey
|
|turn|21
|choice|move 4|move 2
|
|move|p2a: Chansey|Ice Beam|p1a: Snorlax
|-damage|p1a: Snorlax|270\/523 par
|move|p1a: Snorlax|Rest|p1a: Snorlax
|-status|p1a: Snorlax|slp
|-heal|p1a: Snorlax|523\/523 slp|[silent]
|-status|p1a: Snorlax|slp|[from] move: Rest
|
|turn|22
|choice|move 1|switch 2
|
|switch|p2a: Exeggutor|Exeggutor, M|393\/393
|cant|p1a: Snorlax|slp
|
|turn|23
|choice|move 1|move 3
|
|move|p2a: Exeggutor|Psychic|p1a: Snorlax
|-damage|p1a: Snorlax|361\/523 slp
|-curestatus|p1a: Snorlax|slp
|
|turn|24
|choice|switch 5|move 3
|
|switch|p1a: Chansey|Chansey|603\/703 par
|move|p2a: Exeggutor|Psychic|p1a: Chansey
|-damage|p1a: Chansey|478\/703 par
|
|turn|25
|choice|move 1|move 3
|
|move|p2a: Exeggutor|Psychic|p1a: Chansey
|-damage|p1a: Chansey|366\/703 par
|cant|p1a: Chansey|par
|
|turn|26
|choice|move 4|move 3
|
|move|p2a: Exeggutor|Psychic|p1a: Chansey
|-damage|p1a: Chansey|256\/703 par
|-unboost|p1a: Chansey|spd|1
|-unboost|p1a: Chansey|spa|1
|move|p1a: Chansey|Soft-Boiled|p1a: Chansey
|-heal|p1a: Chansey|607\/703 par
|
|turn|27
|choice|move 1|move 3
|
|move|p2a: Exeggutor|Psychic|p1a: Chansey
|-damage|p1a: Chansey|416\/703 par
|move|p1a: Chansey|Thunder Wave|p2a: Exeggutor
|-status|p2a: Exeggutor|par
|
|turn|28
|choice|move 4|move 3
|
|move|p2a: Exeggutor|Psychic|p1a: Chansey
|-damage|p1a: Chansey|246\/703 par
|move|p1a: Chansey|Soft-Boiled|p1a: Chansey
|-heal|p1a: Chansey|597\/703 par
|
|turn|29
|choice|switch 4|move 3
|
|switch|p1a: Alakazam|Alakazam, M|313\/313 slp
|move|p2a: Exeggutor|Psychic|p1a: Alakazam
|-resisted|p1a: Alakazam
|-damage|p1a: Alakazam|265\/313 slp
|
|turn|30
|choice|switch 4|switch 6
|
|switch|p1a: Chansey|Chansey|597\/703 par
|switch|p2a: Snorlax|Snorlax, M|405\/523
|
|turn|31
|choice|switch 5|move 3
|
|switch|p1a: Snorlax|Snorlax, M|361\/523
|move|p2a: Snorlax|Body Slam|p1a: Snorlax
|-damage|p1a: Snorlax|219\/523
|
|turn|32
|choice|move 1|move 3
|
|move|p1a: Snorlax|Body Slam|p2a: Snorlax
|-damage|p2a: Snorlax|268\/523
|move|p2a: Snorlax|Body Slam|p1a: Snorlax
|-damage|p1a: Snorlax|83\/523
|
|turn|33
|choice|switch 3|move 3
|
|switch|p1a: Exeggutor|Exeggutor, M|393\/393
|move|p2a: Snorlax|Body Slam|p1a: Exeggutor
|-crit|p1a: Exeggutor
|-damage|p1a: Exeggutor|167\/393
|-status|p1a: Exeggutor|par
|
|turn|34
|choice|move 1|switch 6
|
|switch|p2a: Exeggutor|Exeggutor, M|393\/393 par
|cant|p1a: Exeggutor|par
|
|turn|35
|l|Aryma
|choice|switch 5|move 3
|
|switch|p1a: Chansey|Chansey|597\/703 par
|cant|p2a: Exeggutor|par
|
|turn|36
|choice|move 2|move 3
|
|move|p2a: Exeggutor|Psychic|p1a: Chansey
|-damage|p1a: Chansey|481\/703 par
|move|p1a: Chansey|Ice Beam|p2a: Exeggutor
|-supereffective|p2a: Exeggutor
|-damage|p2a: Exeggutor|261\/393 par
|
|turn|37
|choice|move 4|switch 2
|
|switch|p2a: Chansey|Chansey|579\/703 par
|move|p1a: Chansey|Soft-Boiled|p1a: Chansey
|-heal|p1a: Chansey|703\/703 par
|
|turn|38
|choice|move 3|move 2
|
|move|p1a: Chansey|Thunderbolt|p2a: Chansey
|-damage|p2a: Chansey|504\/703 par
|move|p2a: Chansey|Ice Beam|p1a: Chansey
|-damage|p1a: Chansey|630\/703 par
|
|turn|39
|j|Aryma
|choice|move 3|move 4
|
|move|p1a: Chansey|Thunderbolt|p2a: Chansey
|-damage|p2a: Chansey|426\/703 par
|move|p2a: Chansey|Soft-Boiled|p2a: Chansey
|-heal|p2a: Chansey|703\/703 par
|
|turn|40
|choice|move 3|move 2
|
|move|p2a: Chansey|Ice Beam|p1a: Chansey
|-damage|p1a: Chansey|556\/703 par
|cant|p1a: Chansey|par
|
|turn|41
|choice|move 3|move 2
|
|move|p2a: Chansey|Ice Beam|p1a: Chansey
|-damage|p1a: Chansey|484\/703 par
|move|p1a: Chansey|Thunderbolt|p2a: Chansey
|-damage|p2a: Chansey|624\/703 par
|
|turn|42
|choice|move 4|switch 6
|
|switch|p2a: Snorlax|Snorlax, M|268\/523
|move|p1a: Chansey|Soft-Boiled|p1a: Chansey
|-heal|p1a: Chansey|703\/703 par
|
|turn|43
|choice|move 1|switch 6
|
|switch|p2a: Chansey|Chansey|624\/703 par
|move|p1a: Chansey|Thunder Wave|p2a: Chansey
|-fail|p2a: Chansey|par
|
|turn|44
|choice|move 3|move 2
|
|cant|p2a: Chansey|par
|move|p1a: Chansey|Thunderbolt|p2a: Chansey
|-damage|p2a: Chansey|549\/703 par
|
|turn|45
|choice|move 3|move 3
|
|move|p1a: Chansey|Thunderbolt|p2a: Chansey|[miss]
|-miss|p1a: Chansey
|move|p2a: Chansey|Thunder Wave|p1a: Chansey
|-fail|p1a: Chansey|par
|
|turn|46
|choice|move 3|move 3
|
|cant|p1a: Chansey|par
|move|p2a: Chansey|Thunder Wave|p1a: Chansey
|-fail|p1a: Chansey|par
|
|turn|47
|choice|move 3|move 2
|
|cant|p2a: Chansey|par
|move|p1a: Chansey|Thunderbolt|p2a: Chansey
|-damage|p2a: Chansey|475\/703 par
|
|turn|48
|choice|move 3|move 2
|
|cant|p2a: Chansey|par
|cant|p1a: Chansey|par
|
|turn|49
|choice|switch 3|move 2
|
|switch|p1a: Snorlax|Snorlax, M|83\/523
|move|p2a: Chansey|Ice Beam|p1a: Snorlax
|-damage|p1a: Snorlax|0 fnt
|faint|p1a: Snorlax
|choice|switch 5|
|
|switch|p1a: Exeggutor|Exeggutor, M|167\/393 par
|turn|50
|choice|move 3|switch 2
|
|switch|p2a: Exeggutor|Exeggutor, M|261\/393 par
|move|p1a: Exeggutor|Psychic|p2a: Exeggutor
|-resisted|p2a: Exeggutor
|-damage|p2a: Exeggutor|210\/393 par
|
|turn|51
|choice|move 3|move 3
|
|move|p2a: Exeggutor|Psychic|p1a: Exeggutor
|-resisted|p1a: Exeggutor
|-damage|p1a: Exeggutor|119\/393 par
|move|p1a: Exeggutor|Psychic|p2a: Exeggutor
|-crit|p2a: Exeggutor
|-resisted|p2a: Exeggutor
|-damage|p2a: Exeggutor|110\/393 par
|
|turn|52
|choice|switch 4|move 2
|
|switch|p1a: Alakazam|Alakazam, M|265\/313 slp
|move|p2a: Exeggutor|Hyper Beam|p1a: Alakazam
|-damage|p1a: Alakazam|78\/313 slp
|
|turn|53
|-mustrecharge|p2a: Exeggutor
|-mustrecharge|p2a: Exeggutor
|choice|move 2|move 1
|
|cant|p1a: Alakazam|slp
|cant|p2a: Exeggutor|recharge
|
|turn|54
|choice|switch 3|move 2
|
|switch|p1a: Chansey|Chansey|703\/703 par
|move|p2a: Exeggutor|Hyper Beam|p1a: Chansey
|-crit|p1a: Chansey
|-damage|p1a: Chansey|69\/703 par
|
|turn|55
|-mustrecharge|p2a: Exeggutor
|-mustrecharge|p2a: Exeggutor
|choice|move 2|move 1
|
|cant|p2a: Exeggutor|recharge
|cant|p1a: Chansey|par
|
|turn|56
|choice|move 2|move 3
|
|move|p2a: Exeggutor|Psychic|p1a: Chansey
|-damage|p1a: Chansey|0 fnt
|faint|p1a: Chansey
|choice|switch 6|
|
|switch|p1a: Tauros|Tauros|353\/353
|turn|57
|choice|move 4|move 4
|
|move|p1a: Tauros|Blizzard|p2a: Exeggutor
|-supereffective|p2a: Exeggutor
|-damage|p2a: Exeggutor|0 fnt
|faint|p2a: Exeggutor
|choice||switch 3
|
|switch|p2a: Starmie|Starmie|286\/323
|turn|58
|choice|switch 3|move 3
|
|switch|p1a: Alakazam|Alakazam, M|78\/313 slp
|move|p2a: Starmie|Thunder Wave|p1a: Alakazam
|-fail|p1a: Alakazam
|
|turn|59
|choice|move 2|move 2
|
|-curestatus|p1a: Alakazam|slp
|move|p2a: Starmie|Thunderbolt|p1a: Alakazam
|-damage|p1a: Alakazam|21\/313
|
|turn|60
|choice|move 1|switch 2
|
|switch|p2a: Chansey|Chansey|475\/703 par
|move|p1a: Alakazam|Thunder Wave|p2a: Chansey
|-fail|p2a: Chansey|par
|
|turn|61
|choice|move 4|move 4
|
|move|p1a: Alakazam|Recover|p1a: Alakazam
|-heal|p1a: Alakazam|177\/313
|move|p2a: Chansey|Soft-Boiled|p2a: Chansey
|-heal|p2a: Chansey|703\/703 par
|
|turn|62
|choice|switch 4|move 3
|
|switch|p1a: Exeggutor|Exeggutor, M|119\/393 par
|move|p2a: Chansey|Thunder Wave|p1a: Exeggutor
|-fail|p1a: Exeggutor|par
|
|turn|63
|choice|move 3|switch 4
|
|switch|p2a: Hypno|Hypno, M|186\/373 par
|move|p1a: Exeggutor|Psychic|p2a: Hypno
|-resisted|p2a: Hypno
|-damage|p2a: Hypno|131\/373 par
|
|turn|64
|choice|move 3|move 3
|
|move|p2a: Hypno|Seismic Toss|p1a: Exeggutor
|-damage|p1a: Exeggutor|19\/393 par
|move|p1a: Exeggutor|Psychic|p2a: Hypno
|-resisted|p2a: Hypno
|-damage|p2a: Hypno|71\/373 par
|
|turn|65
|choice|switch 4|move 2
|
|switch|p1a: Alakazam|Alakazam, M|177\/313
|cant|p2a: Hypno|par
|
|turn|66
|choice|move 3|switch 4
|
|switch|p2a: Chansey|Chansey|703\/703 par
|move|p1a: Alakazam|Seismic Toss|p2a: Chansey
|-damage|p2a: Chansey|603\/703 par
|
|turn|67
|choice|move 4|move 2
|
|move|p1a: Alakazam|Recover|p1a: Alakazam
|-heal|p1a: Alakazam|313\/313
|move|p2a: Chansey|Ice Beam|p1a: Alakazam
|-damage|p1a: Alakazam|252\/313
|
|turn|68
|choice|move 2|move 3
|
|move|p1a: Alakazam|Psychic|p2a: Chansey
|-damage|p2a: Chansey|485\/703 par
|cant|p2a: Chansey|par
|
|turn|69
|choice|move 2|move 4
|
|move|p1a: Alakazam|Psychic|p2a: Chansey
|-damage|p2a: Chansey|349\/703 par
|-unboost|p2a: Chansey|spd|1
|-unboost|p2a: Chansey|spa|1
|cant|p2a: Chansey|par
|
|turn|70
|choice|switch 4|move 4
|
|switch|p1a: Exeggutor|Exeggutor, M|19\/393 par
|move|p2a: Chansey|Soft-Boiled|p2a: Chansey
|-heal|p2a: Chansey|700\/703 par
|
|turn|71
|j|Iside
|choice|move 4|switch 4
|
|switch|p2a: Hypno|Hypno, M|71\/373 par
|cant|p1a: Exeggutor|par
|
|turn|72
|choice|switch 4|move 3
|
|switch|p1a: Alakazam|Alakazam, M|252\/313
|move|p2a: Hypno|Seismic Toss|p1a: Alakazam
|-damage|p1a: Alakazam|152\/313
|
|turn|73
|choice|move 3|switch 4
|
|switch|p2a: Chansey|Chansey|700\/703 par
|move|p1a: Alakazam|Seismic Toss|p2a: Chansey
|-damage|p2a: Chansey|600\/703 par
|
|turn|74
|j|Specterito
|c| Aryma|Ai
|choice|move 4|move 3
|
|move|p1a: Alakazam|Recover|p1a: Alakazam
|-heal|p1a: Alakazam|308\/313
|cant|p2a: Chansey|par
|
|turn|75
|j|silverghoooost
|choice|switch 4|move 3
|
|switch|p1a: Exeggutor|Exeggutor, M|19\/393 par
|move|p2a: Chansey|Thunder Wave|p1a: Exeggutor
|-fail|p1a: Exeggutor|par
|
|turn|76
|choice|move 4|switch 4
|
|switch|p2a: Hypno|Hypno, M|71\/373 par
|move|p1a: Exeggutor|Explosion|p2a: Hypno
|-damage|p2a: Hypno|0 fnt
|faint|p2a: Hypno
|faint|p1a: Exeggutor
|j|sky ipod
|choice|switch 3|switch 4
|
|switch|p1a: Tauros|Tauros|353\/353
|switch|p2a: Chansey|Chansey|600\/703 par
|turn|77
|c| silverghoooost|vai smilzo
|c| silverghoooost|porra
|c| silverghoooost|:D
|choice|switch 4|move 3
|
|switch|p1a: Alakazam|Alakazam, M|308\/313
|cant|p2a: Chansey|par
|
|turn|78
|j|Erazio
|choice|move 2|move 3
|
|move|p1a: Alakazam|Psychic|p2a: Chansey
|-damage|p2a: Chansey|474\/703 par
|move|p2a: Chansey|Thunder Wave|p1a: Alakazam
|-status|p1a: Alakazam|par
|
|turn|79
|choice|move 2|move 4
|
|move|p1a: Alakazam|Psychic|p2a: Chansey
|-damage|p2a: Chansey|351\/703 par
|-unboost|p2a: Chansey|spd|1
|-unboost|p2a: Chansey|spa|1
|move|p2a: Chansey|Soft-Boiled|p2a: Chansey
|-heal|p2a: Chansey|702\/703 par
|
|turn|80
|choice|move 2|move 2
|
|move|p1a: Alakazam|Psychic|p2a: Chansey
|-damage|p2a: Chansey|505\/703 par
|move|p2a: Chansey|Ice Beam|p1a: Alakazam
|-damage|p1a: Alakazam|265\/313 par
|
|turn|81
|choice|move 2|switch 2
|
|switch|p2a: Starmie|Starmie|286\/323
|move|p1a: Alakazam|Psychic|p2a: Starmie
|-resisted|p2a: Starmie
|-damage|p2a: Starmie|216\/323
|
|turn|82
|choice|move 2|switch 2
|
|switch|p2a: Chansey|Chansey|505\/703 par
|cant|p1a: Alakazam|par
|
|turn|83
|choice|move 2|move 4
|
|move|p1a: Alakazam|Psychic|p2a: Chansey
|-crit|p2a: Chansey
|-damage|p2a: Chansey|267\/703 par
|-unboost|p2a: Chansey|spd|1
|-unboost|p2a: Chansey|spa|1
|cant|p2a: Chansey|par
|
|turn|84
|choice|move 2|move 4
|
|move|p1a: Alakazam|Psychic|p2a: Chansey
|-damage|p2a: Chansey|76\/703 par
|move|p2a: Chansey|Soft-Boiled|p2a: Chansey
|-heal|p2a: Chansey|427\/703 par
|
|turn|85
|c| silverghoooost|uh
|c| silverghoooost|gogogo
|choice|move 2|move 4
|
|move|p1a: Alakazam|Psychic|p2a: Chansey
|-damage|p2a: Chansey|228\/703 par
|move|p2a: Chansey|Soft-Boiled|p2a: Chansey
|-heal|p2a: Chansey|579\/703 par
|
|turn|86
|choice|move 2|move 4
|
|cant|p1a: Alakazam|par
|cant|p2a: Chansey|par
|
|turn|87
|choice|move 2|move 4
|
|move|p1a: Alakazam|Psychic|p2a: Chansey
|-crit|p2a: Chansey
|-damage|p2a: Chansey|321\/703 par
|-unboost|p2a: Chansey|spd|1
|-unboost|p2a: Chansey|spa|1
|cant|p2a: Chansey|par
|
|turn|88
|c| silverghoooost|GOGOOGG
|choice|move 2|move 4
|
|move|p1a: Alakazam|Psychic|p2a: Chansey
|-damage|p2a: Chansey|53\/703 par
|cant|p2a: Chansey|par
|
|turn|89
|c| silverghoooost|gogogogogg
|choice|move 3|move 4
|
|move|p1a: Alakazam|Seismic Toss|p2a: Chansey
|-damage|p2a: Chansey|0 fnt
|faint|p2a: Chansey
|c| silverghoooost|boaaaa
|c| silverghoooost|porra
|choice||switch 6
|
|switch|p2a: Snorlax|Snorlax, M|268\/523
|turn|90
|choice|move 2|move 3
|
|move|p2a: Snorlax|Body Slam|p1a: Alakazam
|-damage|p1a: Alakazam|89\/313 par
|move|p1a: Alakazam|Psychic|p2a: Snorlax
|-damage|p2a: Snorlax|88\/523
|-unboost|p2a: Snorlax|spd|1
|-unboost|p2a: Snorlax|spa|1
|
|turn|91
|choice|move 2|move 3
|
|move|p2a: Snorlax|Body Slam|p1a: Alakazam
|-damage|p1a: Alakazam|0 fnt
|faint|p1a: Alakazam
|choice|switch 4|
|
|switch|p1a: Tauros|Tauros|353\/353
|turn|92
|choice|move 1|move 3
|
|move|p1a: Tauros|Body Slam|p2a: Snorlax
|-damage|p2a: Snorlax|0 fnt
|faint|p2a: Snorlax
|choice||switch 2
|
|switch|p2a: Starmie|Starmie|216\/323
|turn|93
|choice|move 1|move 3
|
|move|p2a: Starmie|Thunder Wave|p1a: Tauros
|-status|p1a: Tauros|par
|move|p1a: Tauros|Body Slam|p2a: Starmie
|-damage|p2a: Starmie|96\/323
|
|turn|94
|choice|move 1|move 4
|
|move|p2a: Starmie|Recover|p2a: Starmie
|-heal|p2a: Starmie|257\/323
|move|p1a: Tauros|Body Slam|p2a: Starmie
|-damage|p2a: Starmie|153\/323
|
|turn|95
|choice|move 1|move 4
|
|move|p2a: Starmie|Recover|p2a: Starmie
|-heal|p2a: Starmie|314\/323
|move|p1a: Tauros|Body Slam|p2a: Starmie
|-damage|p2a: Starmie|210\/323
|
|turn|96
|choice|move 1|move 1
|
|move|p2a: Starmie|Psychic|p1a: Tauros
|-damage|p1a: Tauros|213\/353 par
|-unboost|p1a: Tauros|spd|1
|-unboost|p1a: Tauros|spa|1
|cant|p1a: Tauros|par
|
|turn|97
|choice|move 1|move 1
|
|move|p2a: Starmie|Psychic|p1a: Tauros
|-crit|p1a: Tauros
|-damage|p1a: Tauros|0 fnt
|faint|p1a: Tauros
|c| Naoki Miki|good
|choice|switch 2|
|
|switch|p1a: Zapdos|Zapdos|383\/383
|turn|98
|c| Aryma|Io h
|choice|move 4|move 3
|
|move|p2a: Starmie|Thunder Wave|p1a: Zapdos
|-status|p1a: Zapdos|par
|move|p1a: Zapdos|Agility|p1a: Zapdos
|-boost|p1a: Zapdos|spe|2
|
|turn|99
|c| silverghoooost|go zapdos
|c| Aryma|Ahi
|choice|move 1|move 1
|
|move|p1a: Zapdos|Thunderbolt|p2a: Starmie
|-supereffective|p2a: Starmie
|-damage|p2a: Starmie|0 fnt
|faint|p2a: Starmie
|choice||switch 5
|
|switch|p2a: Tauros|Tauros|353\/353
|turn|100
|c| Aryma|AVAI ZAPPY
|c| silverghoooost|GOGOGOG
|choice|move 1|move 1
|
|move|p1a: Zapdos|Thunderbolt|p2a: Tauros
|-damage|p2a: Tauros|177\/353
|move|p2a: Tauros|Body Slam|p1a: Zapdos
|-damage|p1a: Zapdos|265\/383 par
|
|turn|101
|c| silverghoooost|AVANTE PORRA
|choice|move 1|move 1
|
|move|p1a: Zapdos|Thunderbolt|p2a: Tauros
|-crit|p2a: Tauros
|-damage|p2a: Tauros|0 fnt
|faint|p2a: Tauros
|
|win|smilzo
|player|p1
|player|p2
|c| silverghoooost|NO PARA
|c| Aryma|VAI PORRA
|c| silverghoooost|BOAA
|c| silverghoooost|PORRAA
|c|★smilzo|gg
|c| silverghoooost|CARALHO
|c|★Lutra|gg
|l|Naoki Miki
|c| silverghoooost|FILHODAPUTA
|c| Aryma|PORRA
|c| Aryma|SBORRA
|c| Aryma|OMG
|c| silverghoooost|DALEEEEE