|join|Crorem
|join|kid gf lol
|player|p1|Crorem|121
|player|p2|kid gf lol|167
|gametype|singles
|gen|1
|tier|[Gen 1] OU (beta)
|rated
|rule|Sleep Clause Mod: Limit one foe put to sleep
|rule|Species Clause: Limit one of each Pokemon
|rule|OHKO Clause: OHKO moves are banned
|rule|Moody Clause: Moody is banned
|rule|Evasion Moves Clause: Evasion moves are banned
|rule|Endless Battle Clause: Forcing endless battles is banned.
|rule|HP Percentage Mod: HP is reported as percentages
|
|start
|switch|p1a: Alakazam|Alakazam|313\/313
|switch|p2a: Jynx Lead|Jynx|333\/333
|turn|1
|
|move|p1a: Alakazam|Thunder Wave|p2a: Jynx Lead
|-status|p2a: Jynx Lead|par
|move|p2a: Jynx Lead|Lovely Kiss|p1a: Alakazam
|-status|p1a: Alakazam|slp
|
|turn|2
|chat|kid gf lol|IT'S ON
|join|adotw
|
|switch|p1a: Chansey|Chansey|703\/703
|move|p2a: Jynx Lead|Blizzard|p1a: Chansey
|-damage|p1a: Chansey|580\/703
|
|turn|3
|chat|kid gf lol|Litterally
|
|move|p1a: Chansey|Thunderbolt|p2a: Jynx Lead
|-damage|p2a: Jynx Lead|250\/333 par
|move|p2a: Jynx Lead|Blizzard|p1a: Chansey
|-damage|p1a: Chansey|447\/703
|
|turn|4
|
|move|p1a: Chansey|Thunderbolt|p2a: Jynx Lead
|-damage|p2a: Jynx Lead|173\/333 par
|cant|p2a: Jynx Lead|par
|
|turn|5
|
|move|p1a: Chansey|Thunderbolt|p2a: Jynx Lead
|-damage|p2a: Jynx Lead|93\/333 par
|cant|p2a: Jynx Lead|par
|
|turn|6
|
|move|p1a: Chansey|Thunderbolt|p2a: Jynx Lead
|-damage|p2a: Jynx Lead|15\/333 par
|cant|p2a: Jynx Lead|par
|
|turn|7
|
|move|p1a: Chansey|Thunderbolt|p2a: Jynx Lead
|-damage|p2a: Jynx Lead|0 fnt
|faint|p2a: Jynx Lead
|
|
|switch|p2a: He's Got A Big|Snorlax|523\/523
|turn|8
|
|move|p1a: Chansey|Thunder Wave|p2a: He's Got A Big
|-status|p2a: He's Got A Big|par
|cant|p2a: He's Got A Big|par
|
|turn|9
|
|switch|p1a: Snorlax|Snorlax|523\/523
|move|p2a: He's Got A Big|Body Slam|p1a: Snorlax
|-damage|p1a: Snorlax|386\/523
|-status|p1a: Snorlax|par
|
|turn|10
|
|move|p1a: Snorlax|Body Slam|p2a: He's Got A Big
|-crit|p2a: He's Got A Big
|-damage|p2a: He's Got A Big|245\/523 par
|cant|p2a: He's Got A Big|par
|
|turn|11
|chat|kid gf lol|wtf of the 6 turns ive had a paralyzed guy out 5 of them were para
|join|JerQ_Q
|
|move|p1a: Snorlax|Body Slam|p2a: He's Got A Big
|-damage|p2a: He's Got A Big|94\/523 par
|move|p2a: He's Got A Big|Body Slam|p1a: Snorlax
|-damage|p1a: Snorlax|254\/523 par
|
|turn|12
|chat|Crorem|Yeah that stinks
|
|switch|p1a: Golem|Golem|363\/363
|cant|p2a: He's Got A Big|par
|
|turn|13
|join|J- manator
|chat|kid gf lol|this is ridiculus
|
|switch|p2a: Result of Incest|Exeggutor|393\/393
|move|p1a: Golem|Body Slam|p2a: Result of Incest
|-damage|p2a: Result of Incest|319\/393
|
|turn|14
|
|switch|p1a: Chansey|Chansey|447\/703
|move|p2a: Result of Incest|Psychic|p1a: Chansey
|-damage|p1a: Chansey|323\/703
|-unboost|p1a: Chansey|spd|1
|-unboost|p1a: Chansey|spa|1
|
|turn|15
|
|move|p2a: Result of Incest|Psychic|p1a: Chansey
|-damage|p1a: Chansey|150\/703
|move|p1a: Chansey|Soft-Boiled|p1a: Chansey
|-heal|p1a: Chansey|501\/703
|
|turn|16
|
|move|p2a: Result of Incest|Psychic|p1a: Chansey
|-damage|p1a: Chansey|336\/703
|move|p1a: Chansey|Soft-Boiled|p1a: Chansey
|-heal|p1a: Chansey|687\/703
|
|turn|17
|
|move|p2a: Result of Incest|Explosion|p1a: Chansey
|-damage|p1a: Chansey|0 fnt
|faint|p1a: Chansey
|faint|p2a: Result of Incest
|
|switch|p1a: Exeggutor|Exeggutor|393\/393
|switch|p2a: Breakfast Pouch|Chansey|703\/703
|turn|18
|leave|J- manator
|
|move|p1a: Exeggutor|Sleep Powder|p2a: Breakfast Pouch
|-status|p2a: Breakfast Pouch|slp
|cant|p2a: Breakfast Pouch|slp
|
|turn|19
|
|switch|p1a: Golem|Golem|363\/363
|cant|p2a: Breakfast Pouch|slp
|
|turn|20
|
|switch|p2a: He's Got A Big|Snorlax|94\/523 par
|move|p1a: Golem|Earthquake|p2a: He's Got A Big
|-damage|p2a: He's Got A Big|0 fnt
|faint|p2a: He's Got A Big
|
|
|switch|p2a: That's Bull|Tauros|353\/353
|turn|21
|
|switch|p2a: TNT|Golem|363\/363
|move|p1a: Golem|Body Slam|p2a: TNT
|-resisted|p2a: TNT
|-damage|p2a: TNT|335\/363
|
|turn|22
|
|move|p2a: TNT|Earthquake|p1a: Golem
|-crit|p1a: Golem
|-supereffective|p1a: Golem
|-damage|p1a: Golem|0 fnt
|faint|p1a: Golem
|
|
|switch|p1a: Tauros|Tauros|353\/353
|turn|23
|
|move|p1a: Tauros|Blizzard|p2a: TNT
|-crit|p2a: TNT
|-supereffective|p2a: TNT
|-damage|p2a: TNT|0 fnt
|faint|p2a: TNT
|
|
|switch|p2a: That's Bull|Tauros|353\/353
|turn|24
|
|move|p1a: Tauros|Body Slam|p2a: That's Bull
|-crit|p2a: That's Bull
|-damage|p2a: That's Bull|146\/353
|-status|p2a: That's Bull|par
|move|p2a: That's Bull|Body Slam|p1a: Tauros
|-damage|p1a: Tauros|253\/353
|-status|p1a: Tauros|par
|
|turn|25
|
|move|p1a: Tauros|Hyper Beam|p2a: That's Bull
|-crit|p2a: That's Bull
|-damage|p2a: That's Bull|0 fnt
|faint|p2a: That's Bull
|
|
|switch|p2a: Breakfast Pouch|Chansey|703\/703 slp
|turn|26
|
|cant|p2a: Breakfast Pouch|slp
|cant|p1a: Tauros|par
|
|turn|27
|-message|kid gf lol forfeited.
|
|win|Crorem
|raw|Ladder updating...
|leave|kid gf lol
|player|p2
|raw|Crorem's rating: 1236 &rarr; <strong>1271<\/strong><br \/>(+35 for winning)
|raw|kid gf lol's rating: 1396 &rarr; <strong>1367<\/strong><br \/>(-29 for losing)
|leave|adotw
|leave|JerQ_Q
|chat|Crorem|!ladder
|chat|Crorem|aww