|join|Kel9901
|join|luc1993
|player|p1|Kel9901|265
|player|p2|luc1993|169
|gametype|singles
|gen|1
|tier|[Gen 1] OU (beta)
|rule|Sleep Clause Mod: Limit one foe put to sleep
|rule|Species Clause: Limit one of each Pokemon
|rule|OHKO Clause: OHKO moves are banned
|rule|Moody Clause: Moody is banned
|rule|Evasion Moves Clause: Evasion moves are banned
|rule|Endless Battle Clause: Forcing endless battles is banned.
|rule|HP Percentage Mod: HP is reported as percentages
|
|start
|switch|p1a: Gengar|Gengar|323\/323
|switch|p2a: Exeggutor|Exeggutor|393\/393
|turn|1
|
|move|p1a: Gengar|Hypnosis|p2a: Exeggutor|[miss]
|-miss|p1a: Gengar
|move|p2a: Exeggutor|Psychic|p1a: Gengar
|-supereffective|p1a: Gengar
|-damage|p1a: Gengar|120\/323
|
|turn|2
|
|move|p1a: Gengar|Hypnosis|p2a: Exeggutor
|-status|p2a: Exeggutor|slp
|cant|p2a: Exeggutor|slp
|
|turn|3
|join|Hakros323
|
|switch|p2a: Chansey|Chansey|703\/703
|move|p1a: Gengar|Night Shade|p2a: Chansey
|-damage|p2a: Chansey|603\/703
|
|turn|4
|
|move|p1a: Gengar|Explosion|p2a: Chansey
|-damage|p2a: Chansey|24\/703
|faint|p1a: Gengar
|
|switch|p1a: Tauros|Tauros|353\/353
|turn|5
|
|switch|p2a: Slowbro|Slowbro|393\/393
|move|p1a: Tauros|Body Slam|p2a: Slowbro
|-damage|p2a: Slowbro|301\/393
|
|turn|6
|
|switch|p1a: Golem|Golem|363\/363
|move|p2a: Slowbro|Thunder Wave|p1a: Golem
|-immune|p1a: Golem|[msg]
|
|turn|7
|
|switch|p1a: Chansey|Chansey|703\/703
|move|p2a: Slowbro|Surf|p1a: Chansey
|-damage|p1a: Chansey|609\/703
|
|turn|8
|
|move|p1a: Chansey|Thunder Wave|p2a: Slowbro
|-status|p2a: Slowbro|par
|move|p2a: Slowbro|Thunder Wave|p1a: Chansey
|-status|p1a: Chansey|par
|
|turn|9
|
|cant|p1a: Chansey|par
|move|p2a: Slowbro|Amnesia|p2a: Slowbro
|-boost|p2a: Slowbro|spd|2
|-boost|p2a: Slowbro|spa|2
|
|turn|10
|
|move|p1a: Chansey|Thunderbolt|p2a: Slowbro
|-supereffective|p2a: Slowbro
|-damage|p2a: Slowbro|216\/393 par
|move|p2a: Slowbro|Amnesia|p2a: Slowbro
|-boost|p2a: Slowbro|spd|2
|-boost|p2a: Slowbro|spa|2
|
|turn|11
|
|cant|p1a: Chansey|par
|move|p2a: Slowbro|Amnesia|p2a: Slowbro
|-boost|p2a: Slowbro|spd|2
|-boost|p2a: Slowbro|spa|2
|
|turn|12
|
|switch|p1a: Exeggutor|Exeggutor|393\/393
|move|p2a: Slowbro|Rest|p2a: Slowbro
|-status|p2a: Slowbro|slp
|-heal|p2a: Slowbro|393\/393 slp|[silent]
|-status|p2a: Slowbro|slp|[from] move: Rest
|
|turn|13
|
|move|p1a: Exeggutor|Psychic|p2a: Slowbro
|-crit|p2a: Slowbro
|-resisted|p2a: Slowbro
|-damage|p2a: Slowbro|252\/393 slp
|cant|p2a: Slowbro|slp
|
|turn|14
|
|move|p1a: Exeggutor|Psychic|p2a: Slowbro
|-resisted|p2a: Slowbro
|-damage|p2a: Slowbro|234\/393 slp
|cant|p2a: Slowbro|slp
|-curestatus|p2a: Slowbro|slp
|
|turn|15
|
|move|p1a: Exeggutor|Explosion|p2a: Slowbro
|-damage|p2a: Slowbro|0 fnt
|faint|p2a: Slowbro
|faint|p1a: Exeggutor
|
|switch|p1a: Tauros|Tauros|353\/353
|switch|p2a: Machamp|Machamp|383\/383
|turn|16
|
|move|p1a: Tauros|Body Slam|p2a: Machamp
|-damage|p2a: Machamp|275\/383
|move|p2a: Machamp|Submission|p1a: Tauros
|-supereffective|p1a: Tauros
|-damage|p1a: Tauros|105\/353
|-damage|p2a: Machamp|213\/383|[from] recoil|[of] p1a: Tauros
|
|turn|17
|
|switch|p2a: Rhydon|Rhydon|413\/413
|move|p1a: Tauros|Hyper Beam|p2a: Rhydon
|-resisted|p2a: Rhydon
|-damage|p2a: Rhydon|331\/413
|
|turn|18
|
|cant|p1a: Tauros|recharge
|move|p2a: Rhydon|Earthquake|p1a: Tauros
|-damage|p1a: Tauros|0 fnt
|faint|p1a: Tauros
|
|
|switch|p1a: Golem|Golem|363\/363
|turn|19
|
|switch|p2a: Exeggutor|Exeggutor|393\/393 slp
|move|p1a: Golem|Earthquake|p2a: Exeggutor
|-resisted|p2a: Exeggutor
|-damage|p2a: Exeggutor|330\/393 slp
|
|turn|20
|
|switch|p1a: Snorlax|Snorlax|523\/523
|cant|p2a: Exeggutor|slp
|
|turn|21
|
|cant|p2a: Exeggutor|slp
|-curestatus|p2a: Exeggutor|slp
|move|p1a: Snorlax|Body Slam|p2a: Exeggutor
|-damage|p2a: Exeggutor|207\/393
|
|turn|22
|
|switch|p1a: Chansey|Chansey|609\/703 par
|move|p2a: Exeggutor|Sleep Powder|p1a: Chansey|[miss]
|-miss|p2a: Exeggutor
|
|turn|23
|
|move|p2a: Exeggutor|Psychic|p1a: Chansey
|-damage|p1a: Chansey|490\/703 par
|move|p1a: Chansey|Ice Beam|p2a: Exeggutor
|-supereffective|p2a: Exeggutor
|-damage|p2a: Exeggutor|71\/393
|
|turn|24
|
|switch|p1a: Golem|Golem|363\/363
|move|p2a: Exeggutor|Psychic|p1a: Golem
|-damage|p1a: Golem|198\/363
|-unboost|p1a: Golem|spd|1
|-unboost|p1a: Golem|spa|1
|
|turn|25
|
|switch|p1a: Chansey|Chansey|490\/703 par
|move|p2a: Exeggutor|Psychic|p1a: Chansey
|-damage|p1a: Chansey|380\/703 par
|
|turn|26
|
|move|p2a: Exeggutor|Psychic|p1a: Chansey
|-damage|p1a: Chansey|260\/703 par
|move|p1a: Chansey|Soft-Boiled|p1a: Chansey
|-heal|p1a: Chansey|611\/703 par
|
|turn|27
|
|move|p2a: Exeggutor|Psychic|p1a: Chansey
|-damage|p1a: Chansey|485\/703 par
|move|p1a: Chansey|Ice Beam|p2a: Exeggutor
|-supereffective|p2a: Exeggutor
|-damage|p2a: Exeggutor|0 fnt
|faint|p2a: Exeggutor
|
|
|switch|p2a: Machamp|Machamp|213\/383
|turn|28
|
|move|p2a: Machamp|Submission|p1a: Chansey
|-supereffective|p1a: Chansey
|-damage|p1a: Chansey|0 fnt
|-damage|p2a: Machamp|92\/383|[from] recoil|[of] p1a: Chansey
|faint|p1a: Chansey
|
|
|switch|p1a: Snorlax|Snorlax|523\/523
|turn|29
|
|move|p2a: Machamp|Submission|p1a: Snorlax
|-supereffective|p1a: Snorlax
|-damage|p1a: Snorlax|248\/523
|-damage|p2a: Machamp|23\/383|[from] recoil|[of] p1a: Snorlax
|move|p1a: Snorlax|Body Slam|p2a: Machamp
|-damage|p2a: Machamp|0 fnt
|faint|p2a: Machamp
|
|
|switch|p2a: Rhydon|Rhydon|331\/413
|turn|30
|
|move|p2a: Rhydon|Earthquake|p1a: Snorlax
|-damage|p1a: Snorlax|75\/523
|move|p1a: Snorlax|Surf|p2a: Rhydon
|-crit|p2a: Rhydon
|-supereffective|p2a: Rhydon
|-damage|p2a: Rhydon|0 fnt
|faint|p2a: Rhydon
|
|
|switch|p2a: Tauros|Tauros|353\/353
|turn|31
|
|move|p2a: Tauros|Body Slam|p1a: Snorlax
|-damage|p1a: Snorlax|0 fnt
|faint|p1a: Snorlax
|
|
|switch|p1a: Golem|Golem|198\/363
|turn|32
|chat|luc1993|gg
|chat|Kel9901|gg
|
|move|p2a: Tauros|Blizzard|p1a: Golem
|-supereffective|p1a: Golem
|-damage|p1a: Golem|0 fnt
|faint|p1a: Golem
|
|win|luc1993