|j|MALESANI
|j|erik1erik
|player|p1|MALESANI|238
|player|p2|erik1erik|266
|gametype|singles
|gen|1
|tier|[Gen 1] Random Battle
|rated
|seed|13258,49502,55459,56636
|rule|Sleep Clause Mod: Limit one foe put to sleep
|rule|Freeze Clause Mod: Limit one foe frozen
|rule|HP Percentage Mod: HP is shown in percentages
|
|start
|switch|p1a: Magnemite|Magnemite, L96|243\/243
|switch|p2a: Kabuto|Kabuto, L96|252\/252
|turn|1
|choice|move 4|switch 3
|
|switch|p2a: Weepinbell|Weepinbell, L85|284\/284
|move|p1a: Magnemite|Thunder Wave|p2a: Weepinbell
|-status|p2a: Weepinbell|par
|
|turn|2
|choice|move 1|move 3
|
|move|p1a: Magnemite|Thunder|p2a: Weepinbell|[miss]
|-miss|p1a: Magnemite
|move|p2a: Weepinbell|Sleep Powder|p1a: Magnemite
|-status|p1a: Magnemite|slp
|
|turn|3
|choice|switch 5|switch 4
|
|switch|p1a: Mew|Mew, L74|300\/300
|switch|p2a: Alakazam|Alakazam, L79|249\/249
|
|turn|4
|choice|move 1|switch 4
|
|switch|p2a: Weepinbell|Weepinbell, L85|284\/284 par
|move|p1a: Mew|Swift|p2a: Weepinbell
|-damage|p2a: Weepinbell|239\/284 par
|
|turn|5
|choice|move 3|move 2
|
|move|p1a: Mew|Swords Dance|p1a: Mew
|-boost|p1a: Mew|atk|2
|move|p2a: Weepinbell|Body Slam|p1a: Mew
|-damage|p1a: Mew|234\/300
|
|turn|6
|choice|move 1|move 2
|
|move|p1a: Mew|Swift|p2a: Weepinbell
|-damage|p2a: Weepinbell|147\/284 par
|cant|p2a: Weepinbell|par
|
|turn|7
|choice|move 1|move 2
|
|move|p1a: Mew|Swift|p2a: Weepinbell
|-damage|p2a: Weepinbell|61\/284 par
|move|p2a: Weepinbell|Body Slam|p1a: Mew
|-crit|p1a: Mew
|-damage|p1a: Mew|118\/300
|
|turn|8
|choice|move 2|move 2
|
|move|p1a: Mew|Soft-Boiled|p1a: Mew
|-heal|p1a: Mew|268\/300
|cant|p2a: Weepinbell|par
|
|turn|9
|choice|move 1|move 2
|
|move|p1a: Mew|Swift|p2a: Weepinbell
|-crit|p2a: Weepinbell
|-damage|p2a: Weepinbell|0 fnt
|faint|p2a: Weepinbell
|choice||switch 2
|
|switch|p2a: Eevee|Eevee, L96|300\/300
|turn|10
|choice|move 3|move 2
|
|move|p1a: Mew|Swords Dance|p1a: Mew
|-boost|p1a: Mew|atk|2
|move|p2a: Eevee|Reflect|p2a: Eevee
|-start|p2a: Eevee|Reflect
|
|turn|11
|choice|move 1|move 1
|
|move|p1a: Mew|Swift|p2a: Eevee
|-damage|p2a: Eevee|237\/300
|move|p2a: Eevee|Body Slam|p1a: Mew
|-damage|p1a: Mew|179\/300
|
|turn|12
|choice|move 4|move 1
|
|move|p1a: Mew|Horn Drill|p2a: Eevee
|-damage|p2a: Eevee|0 fnt
|-ohko
|faint|p2a: Eevee
|choice||switch 3
|
|switch|p2a: Kabuto|Kabuto, L96|252\/252
|turn|13
|choice|move 4|move 2
|
|move|p1a: Mew|Horn Drill|p2a: Kabuto|[miss]
|-miss|p1a: Mew
|move|p2a: Kabuto|Slash|p1a: Mew
|-crit|p1a: Mew
|-damage|p1a: Mew|57\/300
|
|turn|14
|choice|move 2|move 2
|
|move|p1a: Mew|Soft-Boiled|p1a: Mew
|-heal|p1a: Mew|207\/300
|move|p2a: Kabuto|Slash|p1a: Mew
|-crit|p1a: Mew
|-damage|p1a: Mew|101\/300
|
|turn|15
|choice|move 2|move 4
|
|move|p1a: Mew|Soft-Boiled|p1a: Mew
|-heal|p1a: Mew|251\/300
|move|p2a: Kabuto|Body Slam|p1a: Mew
|-damage|p1a: Mew|184\/300
|-status|p1a: Mew|par
|
|turn|16
|choice|move 2|move 2
|
|move|p2a: Kabuto|Slash|p1a: Mew
|-crit|p1a: Mew
|-damage|p1a: Mew|70\/300 par
|move|p1a: Mew|Soft-Boiled|p1a: Mew
|-heal|p1a: Mew|220\/300 par
|
|turn|17
|choice|move 1|move 2
|
|move|p2a: Kabuto|Slash|p1a: Mew
|-crit|p1a: Mew
|-damage|p1a: Mew|97\/300 par
|move|p1a: Mew|Swift|p2a: Kabuto
|-crit|p2a: Kabuto
|-resisted|p2a: Kabuto
|-damage|p2a: Kabuto|224\/252
|
|turn|18
|choice|move 2|move 2
|
|move|p2a: Kabuto|Slash|p1a: Mew
|-crit|p1a: Mew
|-damage|p1a: Mew|0 fnt
|faint|p1a: Mew
|choice|switch 4|
|
|switch|p1a: Porygon|Porygon, L85|284\/284
|turn|19
|choice|move 3|move 2
|
|move|p2a: Kabuto|Slash|p1a: Porygon
|-crit|p1a: Porygon
|-damage|p1a: Porygon|167\/284
|move|p1a: Porygon|Thunder Wave|p2a: Kabuto
|-status|p2a: Kabuto|par
|
|turn|20
|choice|move 2|move 2
|
|move|p1a: Porygon|Agility|p1a: Porygon
|-boost|p1a: Porygon|spe|2
|move|p2a: Kabuto|Slash|p1a: Porygon
|-crit|p1a: Porygon
|-damage|p1a: Porygon|41\/284
|
|turn|21
|choice|move 1|switch 4
|
|switch|p2a: Alakazam|Alakazam, L79|249\/249
|move|p1a: Porygon|Recover|p1a: Porygon
|-heal|p1a: Porygon|183\/284
|
|turn|22
|choice|move 3|move 4
|
|move|p1a: Porygon|Thunder Wave|p2a: Alakazam
|-status|p2a: Alakazam|par
|move|p2a: Alakazam|Thunder Wave|p1a: Porygon
|-status|p1a: Porygon|par
|
|turn|23
|choice|move 1|move 1
|
|move|p1a: Porygon|Recover|p1a: Porygon
|-heal|p1a: Porygon|284\/284 par
|move|p2a: Alakazam|Psychic|p1a: Porygon
|-damage|p1a: Porygon|177\/284 par
|
|turn|24
|choice|move 4|move 1
|
|move|p1a: Porygon|Thunderbolt|p2a: Alakazam
|-crit|p2a: Alakazam
|-damage|p2a: Alakazam|155\/249 par
|move|p2a: Alakazam|Psychic|p1a: Porygon
|-damage|p1a: Porygon|60\/284 par
|
|turn|25
|choice|move 1|move 1
|
|move|p1a: Porygon|Recover|p1a: Porygon
|-heal|p1a: Porygon|202\/284 par
|move|p2a: Alakazam|Psychic|p1a: Porygon
|-crit|p1a: Porygon
|-damage|p1a: Porygon|0 fnt
|faint|p1a: Porygon
|choice|switch 6|
|
|switch|p1a: Cloyster|Cloyster, L83|253\/253
|turn|26
|choice|move 3|move 4
|
|move|p1a: Cloyster|Blizzard|p2a: Alakazam
|-damage|p2a: Alakazam|60\/249 par
|move|p2a: Alakazam|Thunder Wave|p1a: Cloyster
|-status|p1a: Cloyster|par
|
|turn|27
|choice|move 3|move 1
|
|move|p2a: Alakazam|Psychic|p1a: Cloyster
|-damage|p1a: Cloyster|148\/253 par
|-unboost|p1a: Cloyster|spd|1
|-unboost|p1a: Cloyster|spa|1
|move|p1a: Cloyster|Blizzard|p2a: Alakazam
|-crit|p2a: Alakazam
|-damage|p2a: Alakazam|0 fnt
|faint|p2a: Alakazam
|choice||switch 4
|
|switch|p2a: Kabuto|Kabuto, L96|224\/252 par
|turn|28
|choice|move 3|move 2
|
|move|p2a: Kabuto|Slash|p1a: Cloyster
|-crit|p1a: Cloyster
|-damage|p1a: Cloyster|81\/253 par
|move|p1a: Cloyster|Blizzard|p2a: Kabuto
|-resisted|p2a: Kabuto
|-damage|p2a: Kabuto|178\/252 par
|
|turn|29
|choice|move 4|move 2
|
|move|p2a: Kabuto|Slash|p1a: Cloyster
|-crit|p1a: Cloyster
|-damage|p1a: Cloyster|13\/253 par
|move|p1a: Cloyster|Explosion|p2a: Kabuto
|-crit|p2a: Kabuto
|-resisted|p2a: Kabuto
|-damage|p2a: Kabuto|0 fnt
|faint|p2a: Kabuto
|faint|p1a: Cloyster
|choice|switch 2|switch 5
|
|switch|p2a: Mew|Mew, L74|300\/300
|switch|p1a: Jigglypuff|Jigglypuff, L99|428\/428
|turn|30
|choice|move 1|move 1
|
|move|p2a: Mew|Psychic|p1a: Jigglypuff
|-damage|p1a: Jigglypuff|301\/428
|move|p1a: Jigglypuff|Sing|p2a: Mew
|-status|p2a: Mew|slp
|
|turn|31
|choice|switch 3|move 1
|
|switch|p1a: Weepinbell|Weepinbell, L85|284\/284
|-curestatus|p2a: Mew|slp
|
|turn|32
|choice|move 4|move 1
|
|move|p2a: Mew|Psychic|p1a: Weepinbell
|-supereffective|p1a: Weepinbell
|-damage|p1a: Weepinbell|139\/284
|move|p1a: Weepinbell|Sleep Powder|p2a: Mew
|-status|p2a: Mew|slp
|
|turn|33
|choice|move 3|switch 6
|
|switch|p2a: Pidgeot|Pidgeot, L90|333\/333
|move|p1a: Weepinbell|Body Slam|p2a: Pidgeot
|-damage|p2a: Pidgeot|270\/333
|
|turn|34
|choice|move 2|move 1
|
|move|p2a: Pidgeot|Double-Edge|p1a: Weepinbell
|-damage|p1a: Weepinbell|2\/284
|-damage|p2a: Pidgeot|236\/333|[from] recoil|[of] p1a: Weepinbell
|move|p1a: Weepinbell|Stun Spore|p2a: Pidgeot
|-status|p2a: Pidgeot|par
|
|turn|35
|choice|switch 3|move 1
|
|switch|p1a: Jigglypuff|Jigglypuff, L99|301\/428
|cant|p2a: Pidgeot|par
|
|turn|36
|choice|move 4|move 1
|
|move|p1a: Jigglypuff|Disable|p2a: Pidgeot|[miss]
|-miss|p1a: Jigglypuff
|cant|p2a: Pidgeot|par
|
|turn|37
|choice|switch 5|move 1
|
|switch|p1a: Magnemite|Magnemite, L96|243\/243 slp
|move|p2a: Pidgeot|Double-Edge|p1a: Magnemite
|-damage|p1a: Magnemite|137\/243 slp
|-damage|p2a: Pidgeot|210\/333 par|[from] recoil|[of] p1a: Magnemite
|
|turn|38
|choice|move 1|move 1
|
|cant|p1a: Magnemite|slp
|cant|p2a: Pidgeot|par
|
|turn|39
|choice|move 1|move 1
|
|cant|p1a: Magnemite|slp
|move|p2a: Pidgeot|Double-Edge|p1a: Magnemite
|-damage|p1a: Magnemite|31\/243 slp
|-damage|p2a: Pidgeot|184\/333 par|[from] recoil|[of] p1a: Magnemite
|
|turn|40
|choice|switch 5|move 1
|
|switch|p1a: Jigglypuff|Jigglypuff, L99|301\/428
|move|p2a: Pidgeot|Double-Edge|p1a: Jigglypuff
|-damage|p1a: Jigglypuff|121\/428
|-damage|p2a: Pidgeot|139\/333 par|[from] recoil|[of] p1a: Jigglypuff
|
|turn|41
|choice|move 2|move 1
|
|move|p1a: Jigglypuff|Defense Curl|p1a: Jigglypuff
|-boost|p1a: Jigglypuff|def|1
|move|p2a: Pidgeot|Double-Edge|p1a: Jigglypuff
|-crit|p1a: Jigglypuff
|-damage|p1a: Jigglypuff|0 fnt
|-damage|p2a: Pidgeot|109\/333 par|[from] recoil|[of] p1a: Jigglypuff
|faint|p1a: Jigglypuff
|choice|switch 5|
|
|switch|p1a: Magnemite|Magnemite, L96|31\/243 slp
|turn|42
|choice|move 1|move 1
|
|cant|p1a: Magnemite|slp
|cant|p2a: Pidgeot|par
|
|turn|43
|choice|move 1|move 1
|
|-curestatus|p1a: Magnemite|slp
|move|p2a: Pidgeot|Double-Edge|p1a: Magnemite
|-crit|p1a: Magnemite
|-damage|p1a: Magnemite|0 fnt
|-damage|p2a: Pidgeot|102\/333 par|[from] recoil|[of] p1a: Magnemite
|faint|p1a: Magnemite
|choice|switch 3|
|
|switch|p1a: Weepinbell|Weepinbell, L85|2\/284
|turn|44
|choice|move 3|move 1
|
|move|p1a: Weepinbell|Body Slam|p2a: Pidgeot
|-damage|p2a: Pidgeot|40\/333 par
|cant|p2a: Pidgeot|par
|
|turn|45
|choice|move 3|move 1
|
|move|p1a: Weepinbell|Body Slam|p2a: Pidgeot
|-damage|p2a: Pidgeot|0 fnt
|faint|p2a: Pidgeot
|choice||switch 6
|
|switch|p2a: Mew|Mew, L74|300\/300 slp
|turn|46
|choice|move 1|move 1
|
|cant|p2a: Mew|slp
|move|p1a: Weepinbell|Razor Leaf|p2a: Mew
|-crit|p2a: Mew
|-damage|p2a: Mew|196\/300 slp
|
|turn|47
|choice|move 1|move 1
|
|cant|p2a: Mew|slp
|move|p1a: Weepinbell|Razor Leaf|p2a: Mew
|-damage|p2a: Mew|140\/300 slp
|
|turn|48
|choice|move 3|move 1
|
|cant|p2a: Mew|slp
|move|p1a: Weepinbell|Body Slam|p2a: Mew
|-damage|p2a: Mew|75\/300 slp
|
|turn|49
|choice|move 1|move 1
|
|cant|p2a: Mew|slp
|move|p1a: Weepinbell|Razor Leaf|p2a: Mew
|-damage|p2a: Mew|13\/300 slp
|
|turn|50
|choice|move 3|move 1
|
|cant|p2a: Mew|slp
|move|p1a: Weepinbell|Body Slam|p2a: Mew
|-damage|p2a: Mew|0 fnt
|faint|p2a: Mew
|
|win|MALESANI
|raw|MALESANI's rating: 1442 &rarr; <strong>1459<\/strong><br \/>(+17 for winning)
|raw|erik1erik's rating: 1387 &rarr; <strong>1371<\/strong><br \/>(-16 for losing)
|l|erik1erik
|player|p2