|join|MALESANI
|join|haldobaglio
|player|p1|MALESANI|238
|player|p2|haldobaglio|161
|gametype|singles
|gen|1
|tier|[Gen 1] Random Battle
|rated
|seed|43527,14005,11917,40355
|rule|Sleep Clause Mod: Limit one foe put to sleep
|rule|Freeze Clause Mod: Limit one foe frozen
|rule|HP Percentage Mod: HP is shown in percentages
|
|start
|switch|p1a: Magnemite|Magnemite, L96|243\/243
|switch|p2a: Lapras|Lapras, L79|367\/367
|turn|1
|choice|move 4|switch 6
|
|switch|p2a: Graveler|Graveler, L85|267\/267
|move|p1a: Magnemite|Thunder Wave|p2a: Graveler
|-immune|p2a: Graveler|[msg]
|
|turn|2
|choice|switch 6|move 2
|
|switch|p1a: Venusaur|Venusaur, L85|310\/310
|move|p2a: Graveler|Rock Slide|p1a: Venusaur
|-damage|p1a: Venusaur|229\/310
|
|turn|3
|choice|move 4|switch 4
|
|switch|p2a: Grimer|Grimer, L96|348\/348
|move|p1a: Venusaur|Razor Leaf|p2a: Grimer
|-crit|p2a: Grimer
|-resisted|p2a: Grimer
|-damage|p2a: Grimer|267\/348
|
|turn|4
|choice|move 1|move 2
|
|move|p1a: Venusaur|Leech Seed|p2a: Grimer
|-start|p2a: Grimer|move: Leech Seed
|move|p2a: Grimer|Sludge|p1a: Venusaur
|-damage|p1a: Venusaur|154\/310
|-damage|p2a: Grimer|246\/348|[from] Leech Seed|[of] p1a: Venusaur
|-heal|p1a: Venusaur|175\/310|[silent]
|
|turn|5
|choice|move 2|switch 6
|
|switch|p2a: Lapras|Lapras, L79|367\/367
|move|p1a: Venusaur|Body Slam|p2a: Lapras
|-damage|p2a: Lapras|304\/367
|
|turn|6
|choice|move 4|move 4
|
|move|p1a: Venusaur|Razor Leaf|p2a: Lapras
|-crit|p2a: Lapras
|-supereffective|p2a: Lapras
|-damage|p2a: Lapras|78\/367
|move|p2a: Lapras|Blizzard|p1a: Venusaur
|-supereffective|p1a: Venusaur
|-damage|p1a: Venusaur|0 fnt
|faint|p1a: Venusaur
|choice|switch 4|
|
|switch|p1a: Raticate|Raticate, L85|267\/267
|turn|7
|choice|move 3|switch 4
|
|switch|p2a: Graveler|Graveler, L85|267\/267
|move|p1a: Raticate|Body Slam|p2a: Graveler
|-resisted|p2a: Graveler
|-damage|p2a: Graveler|233\/267
|-status|p2a: Graveler|par
|
|turn|8
|choice|move 2|move 4
|
|move|p1a: Raticate|Blizzard|p2a: Graveler
|-supereffective|p2a: Graveler
|-damage|p2a: Graveler|51\/267 par
|move|p2a: Graveler|Earthquake|p1a: Raticate
|-damage|p1a: Raticate|130\/267
|
|turn|9
|choice|move 2|switch 6
|
|switch|p2a: Grimer|Grimer, L96|246\/348
|move|p1a: Raticate|Blizzard|p2a: Grimer|[miss]
|-miss|p1a: Raticate
|
|turn|10
|choice|switch 5|move 2
|
|switch|p1a: Graveler|Graveler, L85|267\/267
|move|p2a: Grimer|Sludge|p1a: Graveler
|-resisted|p1a: Graveler
|-damage|p1a: Graveler|251\/267
|
|turn|11
|choice|move 2|move 3
|
|move|p1a: Graveler|Earthquake|p2a: Grimer
|-supereffective|p2a: Grimer
|-damage|p2a: Grimer|0 fnt
|faint|p2a: Grimer
|choice||switch 4
|
|switch|p2a: Lapras|Lapras, L79|78\/367
|turn|12
|choice|switch 6|move 4
|
|switch|p1a: Magnemite|Magnemite, L96|243\/243
|move|p2a: Lapras|Blizzard|p1a: Magnemite
|-damage|p1a: Magnemite|147\/243
|
|turn|13
|choice|move 1|switch 6
|
|switch|p2a: Graveler|Graveler, L85|51\/267 par
|move|p1a: Magnemite|Double-Edge|p2a: Graveler
|-resisted|p2a: Graveler
|-damage|p2a: Graveler|30\/267 par
|-damage|p1a: Magnemite|142\/243|[from] recoil|[of] p2a: Graveler
|
|turn|14
|choice|move 1|move 4
|
|move|p1a: Magnemite|Double-Edge|p2a: Graveler
|-resisted|p2a: Graveler
|-damage|p2a: Graveler|10\/267 par
|-damage|p1a: Magnemite|137\/243|[from] recoil|[of] p2a: Graveler
|move|p2a: Graveler|Earthquake|p1a: Magnemite
|-supereffective|p1a: Magnemite
|-damage|p1a: Magnemite|0 fnt
|faint|p1a: Magnemite
|choice|switch 5|
|
|switch|p1a: Raticate|Raticate, L85|130\/267
|turn|15
|choice|move 3|move 3
|
|move|p1a: Raticate|Body Slam|p2a: Graveler
|-resisted|p2a: Graveler
|-damage|p2a: Graveler|0 fnt
|faint|p2a: Graveler
|choice||switch 3
|
|switch|p2a: Jolteon|Jolteon, L79|265\/265
|turn|16
|choice|switch 6|switch 6
|
|switch|p2a: Lapras|Lapras, L79|78\/367
|switch|p1a: Graveler|Graveler, L85|251\/267
|
|turn|17
|choice|switch 2|move 4
|
|switch|p1a: Golduck|Golduck, L85|310\/310
|move|p2a: Lapras|Blizzard|p1a: Golduck
|-resisted|p1a: Golduck
|-damage|p1a: Golduck|248\/310
|
|turn|18
|choice|move 2|move 1
|
|move|p1a: Golduck|Body Slam|p2a: Lapras
|-damage|p2a: Lapras|16\/367
|move|p2a: Lapras|Confuse Ray|p1a: Golduck
|-start|p1a: Golduck|confusion
|
|turn|19
|choice|move 2|move 2
|
|-activate|p1a: Golduck|confusion
|move|p1a: Golduck|Body Slam|p2a: Lapras
|-damage|p2a: Lapras|0 fnt
|faint|p2a: Lapras
|choice||switch 2
|
|switch|p2a: Tauros|Tauros, L79|280\/280
|turn|20
|choice|switch 6|move 4
|
|switch|p1a: Raticate|Raticate, L85|130\/267
|move|p2a: Tauros|Body Slam|p1a: Raticate
|-crit|p1a: Raticate
|-damage|p1a: Raticate|0 fnt
|faint|p1a: Raticate
|choice|switch 3|
|
|switch|p1a: Mewtwo|Mewtwo, L70|293\/293
|turn|21
|choice|move 1|move 4
|
|move|p1a: Mewtwo|Psychic|p2a: Tauros
|-crit|p2a: Tauros
|-damage|p2a: Tauros|42\/280
|move|p2a: Tauros|Body Slam|p1a: Mewtwo
|-damage|p1a: Mewtwo|201\/293
|
|turn|22
|choice|move 4|move 1
|
|move|p1a: Mewtwo|Ice Beam|p2a: Tauros
|-damage|p2a: Tauros|0 fnt
|faint|p2a: Tauros
|choice||switch 5
|
|switch|p2a: Dragonite|Dragonite, L85|328\/328
|turn|23
|choice|move 1|move 3
|
|move|p1a: Mewtwo|Psychic|p2a: Dragonite
|-damage|p2a: Dragonite|245\/328
|-unboost|p2a: Dragonite|spd|1
|-unboost|p2a: Dragonite|spa|1
|move|p2a: Dragonite|Thunderbolt|p1a: Mewtwo
|-damage|p1a: Mewtwo|163\/293
|
|turn|24
|choice|move 4|move 1
|
|move|p1a: Mewtwo|Ice Beam|p2a: Dragonite
|-supereffective|p2a: Dragonite
|-damage|p2a: Dragonite|0 fnt
|faint|p2a: Dragonite
|choice||switch 6
|
|switch|p2a: Jolteon|Jolteon, L79|265\/265
|turn|25
|c|★haldobaglio|mi sa che ho perso
|choice|move 1|move 3
|
|move|p2a: Jolteon|Thunder Wave|p1a: Mewtwo
|-status|p1a: Mewtwo|par
|move|p1a: Mewtwo|Psychic|p2a: Jolteon
|-crit|p2a: Jolteon
|-damage|p2a: Jolteon|111\/265
|-unboost|p2a: Jolteon|spd|1
|-unboost|p2a: Jolteon|spa|1
|
|turn|26
|c|★haldobaglio|cazzo però
|choice|move 4|move 1
|
|move|p2a: Jolteon|Thunderbolt|p1a: Mewtwo
|-damage|p1a: Mewtwo|109\/293 par
|cant|p1a: Mewtwo|par
|
|turn|27
|choice|move 4|move 1
|
|move|p2a: Jolteon|Thunderbolt|p1a: Mewtwo
|-damage|p1a: Mewtwo|59\/293 par
|cant|p1a: Mewtwo|par
|
|turn|28
|c|★MALESANI|eh
|choice|move 4|move 1
|
|move|p2a: Jolteon|Thunderbolt|p1a: Mewtwo
|-damage|p1a: Mewtwo|5\/293 par
|move|p1a: Mewtwo|Ice Beam|p2a: Jolteon
|-damage|p2a: Jolteon|17\/265
|
|turn|29
|choice|move 4|move 1
|
|move|p2a: Jolteon|Thunderbolt|p1a: Mewtwo
|-damage|p1a: Mewtwo|0 fnt
|faint|p1a: Mewtwo
|choice|switch 6|
|
|switch|p1a: Golduck|Golduck, L85|248\/310
|turn|30
|choice|move 4|move 1
|
|move|p2a: Jolteon|Thunderbolt|p1a: Golduck
|-supereffective|p1a: Golduck
|-damage|p1a: Golduck|113\/310
|move|p1a: Golduck|Surf|p2a: Jolteon
|-damage|p2a: Jolteon|0 fnt
|faint|p2a: Jolteon
|
|win|MALESANI
|raw|MALESANI's rating: 1036 &rarr; <strong>1079<\/strong><br \/>(+43 for winning)
|raw|haldobaglio's rating: 1128 &rarr; <strong>1097<\/strong><br \/>(-31 for losing)
|c|★haldobaglio|non sono mollo
|c|★MALESANI|ahah