|j|Abstrix
|j|Caetano93
|player|p1|Abstrix|8
|player|p2|Caetano93|165
|gametype|singles
|gen|1
|tier|[Gen 1] OU
|rated
|seed|28240,22519,29819,50957
|rule|Sleep Clause Mod: Limit one foe put to sleep
|rule|Freeze Clause Mod: Limit one foe frozen
|rule|Species Clause: Limit one of each Pokémon
|rule|OHKO Clause: OHKO moves are banned
|rule|Evasion Moves Clause: Evasion moves are banned
|rule|HP Percentage Mod: HP is shown in percentages
|
|start
|switch|p1a: Jynx|Jynx|333\/333
|switch|p2a: Tauros|Tauros|353\/353
|turn|1
|choice|switch 3|move 4
|
|switch|p1a: Golem|Golem|363\/363
|move|p2a: Tauros|Substitute|p2a: Tauros
|-start|p2a: Tauros|Substitute
|-damage|p2a: Tauros|265\/353
|
|turn|2
|choice|move 1|move 2
|
|move|p2a: Tauros|Earthquake|p1a: Golem
|-crit|p1a: Golem
|-supereffective|p1a: Golem
|-damage|p1a: Golem|113\/363
|move|p1a: Golem|Earthquake|p2a: Tauros
|-end|p2a: Tauros|Substitute
|
|turn|3
|choice|switch 5|move 2
|
|switch|p1a: Exeggutor|Exeggutor|393\/393
|move|p2a: Tauros|Earthquake|p1a: Exeggutor
|-resisted|p1a: Exeggutor
|-damage|p1a: Exeggutor|352\/393
|
|turn|4
|choice|move 2|move 1
|
|move|p2a: Tauros|Body Slam|p1a: Exeggutor
|-crit|p1a: Exeggutor
|-damage|p1a: Exeggutor|139\/393
|move|p1a: Exeggutor|Stun Spore|p2a: Tauros
|-status|p2a: Tauros|par
|
|turn|5
|choice|switch 5|move 1
|
|switch|p1a: Golem|Golem|113\/363
|cant|p2a: Tauros|par
|
|turn|6
|choice|move 1|switch 5
|
|switch|p2a: Dragonite|Dragonite|385\/385
|move|p1a: Golem|Earthquake|p2a: Dragonite
|-immune|p2a: Dragonite|[msg]
|
|turn|7
|choice|switch 3|move 1
|
|switch|p1a: Jynx|Jynx|333\/333
|move|p2a: Dragonite|Blizzard|p1a: Jynx
|-resisted|p1a: Jynx
|-damage|p1a: Jynx|282\/333
|
|turn|8
|choice|move 1|switch 2
|
|switch|p2a: Slowbro|Slowbro|393\/393
|move|p1a: Jynx|Ice Beam|p2a: Slowbro
|-crit|p2a: Slowbro
|-resisted|p2a: Slowbro
|-damage|p2a: Slowbro|275\/393
|-status|p2a: Slowbro|frz
|
|turn|9
|choice|move 1|switch 6
|
|switch|p2a: Articuno|Articuno|383\/383
|move|p1a: Jynx|Ice Beam|p2a: Articuno
|-damage|p2a: Articuno|290\/383
|
|turn|10
|choice|switch 2|move 1
|
|switch|p1a: Chansey|Chansey|703\/703
|move|p2a: Articuno|Blizzard|p1a: Chansey|[miss]
|-miss|p2a: Articuno
|
|turn|11
|choice|switch 2|switch 5
|
|switch|p2a: Tauros|Tauros|265\/353 par
|switch|p1a: Jynx|Jynx|282\/333
|
|turn|12
|choice|switch 5|move 2
|
|switch|p1a: Exeggutor|Exeggutor|139\/393
|move|p2a: Tauros|Earthquake|p1a: Exeggutor
|-resisted|p1a: Exeggutor
|-damage|p1a: Exeggutor|98\/393
|
|turn|13
|choice|move 4|move 1
|
|move|p1a: Exeggutor|Rest|p1a: Exeggutor
|-status|p1a: Exeggutor|slp
|-heal|p1a: Exeggutor|393\/393 slp|[silent]
|-status|p1a: Exeggutor|slp|[from] move: Rest
|move|p2a: Tauros|Body Slam|p1a: Exeggutor
|-damage|p1a: Exeggutor|285\/393 slp
|
|turn|14
|choice|move 1|move 1
|
|cant|p1a: Exeggutor|slp
|move|p2a: Tauros|Body Slam|p1a: Exeggutor
|-damage|p1a: Exeggutor|176\/393 slp
|
|turn|15
|choice|move 1|move 3
|
|-curestatus|p1a: Exeggutor|slp
|move|p2a: Tauros|Hyper Beam|p1a: Exeggutor
|-crit|p1a: Exeggutor
|-damage|p1a: Exeggutor|0 fnt
|faint|p1a: Exeggutor
|choice|switch 6|
|
|switch|p1a: Tauros|Tauros|353\/353
|turn|16
|j|LeInf
|choice|move 2|move 3
|
|move|p1a: Tauros|Body Slam|p2a: Tauros
|-damage|p2a: Tauros|163\/353 par
|move|p2a: Tauros|Hyper Beam|p1a: Tauros
|-damage|p1a: Tauros|186\/353
|
|turn|17
|-mustrecharge|p2a: Tauros
|-mustrecharge|p2a: Tauros
|choice|move 4|move 1
|
|move|p1a: Tauros|Hyper Beam|p2a: Tauros|[miss]
|-miss|p1a: Tauros
|cant|p2a: Tauros|recharge
|
|turn|18
|choice|move 2|move 1
|
|move|p1a: Tauros|Body Slam|p2a: Tauros
|-crit|p2a: Tauros
|-damage|p2a: Tauros|0 fnt
|faint|p2a: Tauros
|choice||switch 3
|
|switch|p2a: Alakazam|Alakazam|313\/313
|turn|19
|choice|switch 2|move 1
|
|switch|p1a: Chansey|Chansey|703\/703
|move|p2a: Alakazam|Psychic|p1a: Chansey
|-damage|p1a: Chansey|570\/703
|
|turn|20
|choice|move 4|move 3
|
|move|p2a: Alakazam|Thunder Wave|p1a: Chansey
|-status|p1a: Chansey|par
|move|p1a: Chansey|Thunder Wave|p2a: Alakazam
|-status|p2a: Alakazam|par
|
|turn|21
|c|★Abstrix|Thanks
|choice|move 2|move 1
|
|move|p2a: Alakazam|Psychic|p1a: Chansey
|-damage|p1a: Chansey|441\/703 par
|-unboost|p1a: Chansey|spd|1
|-unboost|p1a: Chansey|spa|1
|cant|p1a: Chansey|par
|
|turn|22
|choice|switch 5|move 1
|
|switch|p1a: Jynx|Jynx|282\/333
|move|p2a: Alakazam|Psychic|p1a: Jynx
|-resisted|p1a: Jynx
|-damage|p1a: Jynx|217\/333
|-unboost|p1a: Jynx|spd|1
|-unboost|p1a: Jynx|spa|1
|
|turn|23
|choice|switch 4|move 3
|
|switch|p1a: Slowbro|Slowbro|393\/393
|move|p2a: Alakazam|Thunder Wave|p1a: Slowbro
|-status|p1a: Slowbro|par
|
|turn|24
|choice|move 2|switch 4
|
|switch|p2a: Jolteon|Jolteon|333\/333
|move|p1a: Slowbro|Amnesia|p1a: Slowbro
|-boost|p1a: Slowbro|spd|2
|-boost|p1a: Slowbro|spa|2
|
|turn|25
|choice|switch 3|move 3
|
|switch|p1a: Golem|Golem|113\/363
|move|p2a: Jolteon|Pin Missile|p1a: Golem
|-crit|p1a: Golem
|-damage|p1a: Golem|99\/363
|-damage|p1a: Golem|85\/363
|-hitcount|p1a: Golem|2
|
|turn|26
|choice|move 3|switch 6
|
|switch|p2a: Slowbro|Slowbro|275\/393 frz
|move|p1a: Golem|Explosion|p2a: Slowbro|[miss]
|-miss|p1a: Golem
|faint|p1a: Golem
|c|★Caetano93|???????
|choice|switch 3|
|
|switch|p1a: Slowbro|Slowbro|393\/393 par
|turn|27
|c|★Abstrix|256
|choice|move 3|switch 6
|
|switch|p2a: Jolteon|Jolteon|333\/333
|move|p1a: Slowbro|Thunder Wave|p2a: Jolteon
|-status|p2a: Jolteon|par
|
|turn|28
|choice|switch 5|move 2
|
|switch|p1a: Chansey|Chansey|441\/703 par
|move|p2a: Jolteon|Thunderbolt|p1a: Chansey
|-damage|p1a: Chansey|321\/703 par
|
|turn|29
|choice|move 3|move 4
|
|cant|p2a: Jolteon|par
|move|p1a: Chansey|Soft-Boiled|p1a: Chansey
|-heal|p1a: Chansey|672\/703 par
|
|turn|30
|choice|move 2|move 4
|
|move|p2a: Jolteon|Body Slam|p1a: Chansey
|-crit|p1a: Chansey
|-damage|p1a: Chansey|412\/703 par
|move|p1a: Chansey|Seismic Toss|p2a: Jolteon
|-damage|p2a: Jolteon|233\/333 par
|
|turn|31
|choice|move 3|move 4
|
|move|p2a: Jolteon|Body Slam|p1a: Chansey
|-damage|p1a: Chansey|274\/703 par
|move|p1a: Chansey|Soft-Boiled|p1a: Chansey
|-heal|p1a: Chansey|625\/703 par
|
|turn|32
|choice|move 2|switch 4
|
|switch|p2a: Alakazam|Alakazam|313\/313 par
|cant|p1a: Chansey|par
|
|turn|33
|choice|switch 4|move 1
|
|switch|p1a: Jynx|Jynx|217\/333
|move|p2a: Alakazam|Psychic|p1a: Jynx
|-resisted|p1a: Jynx
|-damage|p1a: Jynx|149\/333
|-unboost|p1a: Jynx|spd|1
|-unboost|p1a: Jynx|spa|1
|
|turn|34
|choice|switch 4|move 1
|
|switch|p1a: Chansey|Chansey|625\/703 par
|cant|p2a: Alakazam|par
|
|turn|35
|choice|move 2|switch 2
|
|switch|p2a: Dragonite|Dragonite|385\/385
|move|p1a: Chansey|Seismic Toss|p2a: Dragonite
|-damage|p2a: Dragonite|285\/385
|
|turn|36
|choice|move 1|move 3
|
|move|p2a: Dragonite|Body Slam|p1a: Chansey
|-damage|p1a: Chansey|415\/703 par
|move|p1a: Chansey|Ice Beam|p2a: Dragonite
|-supereffective|p2a: Dragonite
|-damage|p2a: Dragonite|0 fnt
|faint|p2a: Dragonite
|choice||switch 2
|
|switch|p2a: Alakazam|Alakazam|313\/313 par
|turn|37
|c|★Abstrix|test
|choice|move 3|move 1
|
|move|p2a: Alakazam|Psychic|p1a: Chansey
|-damage|p1a: Chansey|280\/703 par
|-unboost|p1a: Chansey|spd|1
|-unboost|p1a: Chansey|spa|1
|move|p1a: Chansey|Soft-Boiled|p1a: Chansey
|-heal|p1a: Chansey|631\/703 par
|
|turn|38
|choice|switch 4|move 4
|
|switch|p1a: Jynx|Jynx|149\/333
|move|p2a: Alakazam|Seismic Toss|p1a: Jynx
|-damage|p1a: Jynx|49\/333
|
|turn|39
|choice|move 3|move 4
|
|move|p1a: Jynx|Rest|p1a: Jynx
|-status|p1a: Jynx|slp
|-heal|p1a: Jynx|333\/333 slp|[silent]
|-status|p1a: Jynx|slp|[from] move: Rest
|move|p2a: Alakazam|Seismic Toss|p1a: Jynx
|-damage|p1a: Jynx|233\/333 slp
|
|turn|40
|choice|move 1|switch 4
|
|switch|p2a: Jolteon|Jolteon|233\/333 par
|cant|p1a: Jynx|slp
|
|turn|41
|choice|move 1|move 4
|
|-curestatus|p1a: Jynx|slp
|move|p2a: Jolteon|Body Slam|p1a: Jynx
|-damage|p1a: Jynx|144\/333
|-status|p1a: Jynx|par
|
|turn|42
|choice|move 2|move 2
|
|move|p2a: Jolteon|Thunderbolt|p1a: Jynx
|-damage|p1a: Jynx|29\/333 par
|move|p1a: Jynx|Psychic|p2a: Jolteon
|-crit|p2a: Jolteon
|-damage|p2a: Jolteon|57\/333 par
|
|turn|43
|choice|move 3|move 2
|
|move|p2a: Jolteon|Thunderbolt|p1a: Jynx
|-damage|p1a: Jynx|0 fnt
|faint|p1a: Jynx
|choice|switch 2|
|
|switch|p1a: Tauros|Tauros|186\/353
|turn|44
|choice|move 2|switch 6
|
|switch|p2a: Slowbro|Slowbro|275\/393 frz
|move|p1a: Tauros|Body Slam|p2a: Slowbro
|-damage|p2a: Slowbro|183\/393 frz
|
|turn|45
|choice|switch 5|switch 6
|
|switch|p1a: Slowbro|Slowbro|393\/393 par
|switch|p2a: Jolteon|Jolteon|57\/333 par
|
|turn|46
|choice|move 1|move 2
|
|move|p2a: Jolteon|Thunderbolt|p1a: Slowbro
|-supereffective|p1a: Slowbro
|-damage|p1a: Slowbro|99\/393 par
|move|p1a: Slowbro|Surf|p2a: Jolteon
|-crit|p2a: Jolteon
|-damage|p2a: Jolteon|0 fnt
|faint|p2a: Jolteon
|choice||switch 4
|
|switch|p2a: Alakazam|Alakazam|313\/313 par
|turn|47
|choice|switch 4|move 4
|
|switch|p1a: Chansey|Chansey|631\/703 par
|move|p2a: Alakazam|Seismic Toss|p1a: Chansey
|-damage|p1a: Chansey|531\/703 par
|
|turn|48
|choice|move 2|move 1
|
|cant|p2a: Alakazam|par
|move|p1a: Chansey|Seismic Toss|p2a: Alakazam
|-damage|p2a: Alakazam|213\/313 par
|
|turn|49
|choice|move 2|move 1
|
|cant|p2a: Alakazam|par
|move|p1a: Chansey|Seismic Toss|p2a: Alakazam
|-damage|p2a: Alakazam|113\/313 par
|
|turn|50
|choice|switch 5|move 2
|
|switch|p1a: Tauros|Tauros|186\/353
|move|p2a: Alakazam|Recover|p2a: Alakazam
|-heal|p2a: Alakazam|269\/313 par
|
|turn|51
|choice|move 2|switch 6
|
|switch|p2a: Slowbro|Slowbro|183\/393 frz
|move|p1a: Tauros|Body Slam|p2a: Slowbro
|-damage|p2a: Slowbro|94\/393 frz
|
|turn|52
|choice|move 2|move 3
|
|move|p1a: Tauros|Body Slam|p2a: Slowbro
|-damage|p2a: Slowbro|0 fnt
|faint|p2a: Slowbro
|choice||switch 5
|
|switch|p2a: Articuno|Articuno|290\/383
|turn|53
|choice|switch 5|move 1
|
|switch|p1a: Chansey|Chansey|531\/703 par
|move|p2a: Articuno|Blizzard|p1a: Chansey|[miss]
|-miss|p2a: Articuno
|
|turn|54
|choice|move 4|switch 6
|
|switch|p2a: Alakazam|Alakazam|269\/313 par
|move|p1a: Chansey|Thunder Wave|p2a: Alakazam
|-fail|p2a: Alakazam|par
|
|turn|55
|choice|move 2|move 3
|
|move|p2a: Alakazam|Thunder Wave|p1a: Chansey
|-fail|p1a: Chansey|par
|move|p1a: Chansey|Seismic Toss|p2a: Alakazam
|-damage|p2a: Alakazam|169\/313 par
|
|turn|56
|choice|move 2|move 2
|
|move|p2a: Alakazam|Recover|p2a: Alakazam
|-heal|p2a: Alakazam|313\/313 par
|move|p1a: Chansey|Seismic Toss|p2a: Alakazam
|-damage|p2a: Alakazam|213\/313 par
|
|turn|57
|choice|move 2|move 1
|
|cant|p2a: Alakazam|par
|move|p1a: Chansey|Seismic Toss|p2a: Alakazam
|-damage|p2a: Alakazam|113\/313 par
|
|turn|58
|choice|switch 4|move 1
|
|switch|p1a: Slowbro|Slowbro|99\/393 par
|move|p2a: Alakazam|Psychic|p1a: Slowbro
|-resisted|p1a: Slowbro
|-damage|p1a: Slowbro|30\/393 par
|
|turn|59
|choice|move 4|move 1
|
|move|p2a: Alakazam|Psychic|p1a: Slowbro
|-resisted|p1a: Slowbro
|-damage|p1a: Slowbro|0 fnt
|faint|p1a: Slowbro
|choice|switch 5|
|
|switch|p1a: Tauros|Tauros|186\/353
|turn|60
|choice|move 2|switch 6
|
|switch|p2a: Articuno|Articuno|290\/383
|move|p1a: Tauros|Body Slam|p2a: Articuno
|-damage|p2a: Articuno|191\/383
|-status|p2a: Articuno|par
|
|turn|61
|choice|move 2|move 3
|
|move|p1a: Tauros|Body Slam|p2a: Articuno
|-crit|p2a: Articuno
|-damage|p2a: Articuno|0 fnt
|faint|p2a: Articuno
|choice||switch 6
|
|switch|p2a: Alakazam|Alakazam|113\/313 par
|turn|62
|choice|move 2|move 1
|
|move|p1a: Tauros|Body Slam|p2a: Alakazam
|-crit|p2a: Alakazam
|-damage|p2a: Alakazam|0 fnt
|faint|p2a: Alakazam
|
|win|Abstrix
|player|p1
|player|p2
|l|Caetano93
|raw|Abstrix's rating: 1178 &rarr; <strong>1196<\/strong><br \/>(+18 for winning)
|raw|Caetano93's rating: 1076 &rarr; <strong>1060<\/strong><br \/>(-16 for losing)
|l|LeInf