|j|leonskennedy1992
|j|trueWario
|player|p1|leonskennedy1992|260
|player|p2|trueWario|167
|gametype|singles
|gen|1
|tier|[Gen 1] OU
|rated
|seed|30083,28962,2288,38464
|rule|Sleep Clause Mod: Limit one foe put to sleep
|rule|Freeze Clause Mod: Limit one foe frozen
|rule|Species Clause: Limit one of each Pokémon
|rule|OHKO Clause: OHKO moves are banned
|rule|Evasion Moves Clause: Evasion moves are banned
|rule|HP Percentage Mod: HP is shown in percentages
|
|start
|switch|p1a: Gengar|Gengar|323\/323
|switch|p2a: Exeggutor|Exeggutor|393\/393
|turn|1
|choice|move 2|move Sleep Powder
|
|move|p1a: Gengar|Hypnosis|p2a: Exeggutor
|-status|p2a: Exeggutor|slp
|cant|p2a: Exeggutor|slp
|
|turn|2
|choice|switch 2|move Sleep Powder
|
|switch|p1a: Dragonite|Dragonite|385\/385
|cant|p2a: Exeggutor|slp
|
|turn|3
|choice|move 1|switch 6
|
|switch|p2a: Cloyster|Cloyster|303\/303
|move|p1a: Dragonite|Agility|p1a: Dragonite
|-boost|p1a: Dragonite|spe|2
|
|turn|4
|choice|move 2|move Blizzard
|
|move|p1a: Dragonite|Wrap|p2a: Cloyster
|-damage|p2a: Cloyster|293\/303
|-activate|p2a: Cloyster|move: Wrap|[of] p1a: Dragonite
|cant|p2a: Cloyster|partiallytrapped
|
|turn|5
|choice|move 2|move Blizzard
|
|move|p1a: Dragonite|Wrap|p2a: Cloyster
|-damage|p2a: Cloyster|283\/303
|cant|p2a: Cloyster|partiallytrapped
|
|-end|p2a: Cloyster|Wrap|[partiallytrapped]
|turn|6
|choice|move 2|move Blizzard
|
|move|p1a: Dragonite|Wrap|p2a: Cloyster
|-damage|p2a: Cloyster|272\/303
|-activate|p2a: Cloyster|move: Wrap|[of] p1a: Dragonite
|cant|p2a: Cloyster|partiallytrapped
|
|turn|7
|choice|move 2|move Blizzard
|
|move|p1a: Dragonite|Wrap|p2a: Cloyster
|-damage|p2a: Cloyster|261\/303
|cant|p2a: Cloyster|partiallytrapped
|
|-end|p2a: Cloyster|Wrap|[partiallytrapped]
|turn|8
|choice|move 2|move Blizzard
|
|move|p1a: Dragonite|Wrap|p2a: Cloyster
|-damage|p2a: Cloyster|251\/303
|-activate|p2a: Cloyster|move: Wrap|[of] p1a: Dragonite
|cant|p2a: Cloyster|partiallytrapped
|
|turn|9
|choice|move 2|switch 5
|
|switch|p2a: Golem|Golem|363\/363
|move|p1a: Dragonite|Wrap|p2a: Golem
|-resisted|p2a: Golem
|-damage|p2a: Golem|357\/363
|-activate|p2a: Golem|move: Wrap|[of] p1a: Dragonite
|
|turn|10
|choice|move 2|move Rock Slide
|
|move|p1a: Dragonite|Wrap|p2a: Golem
|-damage|p2a: Golem|351\/363
|cant|p2a: Golem|partiallytrapped
|
|turn|11
|choice|move 2|move Rock Slide
|
|move|p1a: Dragonite|Wrap|p2a: Golem
|-damage|p2a: Golem|345\/363
|cant|p2a: Golem|partiallytrapped
|
|-end|p2a: Golem|Wrap|[partiallytrapped]
|turn|12
|choice|move 2|switch 5
|
|switch|p2a: Cloyster|Cloyster|251\/303
|move|p1a: Dragonite|Wrap|p2a: Cloyster
|-damage|p2a: Cloyster|241\/303
|-activate|p2a: Cloyster|move: Wrap|[of] p1a: Dragonite
|
|turn|13
|choice|move 2|switch 5
|
|switch|p2a: Golem|Golem|345\/363
|move|p1a: Dragonite|Wrap|p2a: Golem|[miss]
|-miss|p1a: Dragonite
|
|turn|14
|choice|move 2|switch 5
|
|switch|p2a: Cloyster|Cloyster|241\/303
|move|p1a: Dragonite|Wrap|p2a: Cloyster
|-damage|p2a: Cloyster|231\/303
|-activate|p2a: Cloyster|move: Wrap|[of] p1a: Dragonite
|
|turn|15
|choice|move 2|switch 5
|
|switch|p2a: Golem|Golem|345\/363
|move|p1a: Dragonite|Wrap|p2a: Golem
|-resisted|p2a: Golem
|-damage|p2a: Golem|339\/363
|-activate|p2a: Golem|move: Wrap|[of] p1a: Dragonite
|
|turn|16
|choice|move 2|move Body Slam
|
|move|p1a: Dragonite|Wrap|p2a: Golem
|-damage|p2a: Golem|333\/363
|cant|p2a: Golem|partiallytrapped
|
|turn|17
|choice|move 2|move Body Slam
|
|move|p1a: Dragonite|Wrap|p2a: Golem
|-damage|p2a: Golem|327\/363
|cant|p2a: Golem|partiallytrapped
|
|-end|p2a: Golem|Wrap|[partiallytrapped]
|turn|18
|choice|move 2|switch 5
|
|switch|p2a: Cloyster|Cloyster|231\/303
|move|p1a: Dragonite|Wrap|p2a: Cloyster
|-damage|p2a: Cloyster|220\/303
|-activate|p2a: Cloyster|move: Wrap|[of] p1a: Dragonite
|
|turn|19
|choice|move 2|move Blizzard
|
|move|p1a: Dragonite|Wrap|p2a: Cloyster
|-damage|p2a: Cloyster|209\/303
|cant|p2a: Cloyster|partiallytrapped
|
|turn|20
|choice|move 2|move Blizzard
|
|move|p1a: Dragonite|Wrap|p2a: Cloyster
|-damage|p2a: Cloyster|198\/303
|cant|p2a: Cloyster|partiallytrapped
|
|-end|p2a: Cloyster|Wrap|[partiallytrapped]
|turn|21
|choice|move 2|move Blizzard
|
|move|p1a: Dragonite|Wrap|p2a: Cloyster
|-damage|p2a: Cloyster|187\/303
|-activate|p2a: Cloyster|move: Wrap|[of] p1a: Dragonite
|cant|p2a: Cloyster|partiallytrapped
|
|turn|22
|choice|move 2|switch 5
|
|switch|p2a: Golem|Golem|327\/363
|move|p1a: Dragonite|Wrap|p2a: Golem
|-resisted|p2a: Golem
|-damage|p2a: Golem|321\/363
|-activate|p2a: Golem|move: Wrap|[of] p1a: Dragonite
|
|turn|23
|choice|move 2|move Rock Slide
|
|move|p1a: Dragonite|Wrap|p2a: Golem
|-damage|p2a: Golem|315\/363
|cant|p2a: Golem|partiallytrapped
|
|turn|24
|choice|move 2|move Rock Slide
|
|move|p1a: Dragonite|Wrap|p2a: Golem
|-damage|p2a: Golem|309\/363
|cant|p2a: Golem|partiallytrapped
|
|turn|25
|choice|move 2|move Rock Slide
|
|move|p1a: Dragonite|Wrap|p2a: Golem
|-damage|p2a: Golem|303\/363
|cant|p2a: Golem|partiallytrapped
|
|turn|26
|choice|move 2|move Rock Slide
|
|move|p1a: Dragonite|Wrap|p2a: Golem
|-damage|p2a: Golem|297\/363
|cant|p2a: Golem|partiallytrapped
|
|-end|p2a: Golem|Wrap|[partiallytrapped]
|turn|27
|choice|switch 2|switch 5
|
|switch|p1a: Gengar|Gengar|323\/323
|switch|p2a: Cloyster|Cloyster|187\/303
|
|turn|28
|choice|move 2|switch 6
|
|switch|p2a: Exeggutor|Exeggutor|393\/393 slp
|move|p1a: Gengar|Hypnosis|p2a: Exeggutor
|-fail|p2a: Exeggutor|slp
|
|turn|29
|choice|switch 6|move Sleep Powder
|
|switch|p1a: Charizard|Charizard|359\/359
|cant|p2a: Exeggutor|slp
|
|turn|30
|choice|move 2|switch 5
|
|switch|p2a: Golem|Golem|297\/363
|move|p1a: Charizard|Swords Dance|p1a: Charizard
|-boost|p1a: Charizard|atk|2
|
|turn|31
|choice|move 1|move Rock Slide
|
|move|p1a: Charizard|Earthquake|p2a: Golem
|-supereffective|p2a: Golem
|-damage|p2a: Golem|43\/363
|move|p2a: Golem|Rock Slide|p1a: Charizard
|-supereffective|p1a: Charizard
|-damage|p1a: Charizard|0 fnt
|faint|p1a: Charizard
|choice|switch 3|
|
|switch|p1a: Alakazam|Alakazam|313\/313
|turn|32
|choice|move 1|switch 3
|
|switch|p2a: Chansey|Chansey|703\/703
|move|p1a: Alakazam|Psychic|p2a: Chansey
|-damage|p2a: Chansey|577\/703
|
|turn|33
|choice|move 3|move Thunder Wave
|
|move|p1a: Alakazam|Thunder Wave|p2a: Chansey
|-status|p2a: Chansey|par
|move|p2a: Chansey|Thunder Wave|p1a: Alakazam
|-status|p1a: Alakazam|par
|
|turn|34
|choice|move 1|move Ice Beam
|
|move|p1a: Alakazam|Psychic|p2a: Chansey
|-damage|p2a: Chansey|443\/703 par
|cant|p2a: Chansey|par
|
|turn|35
|choice|move 1|move Soft-Boiled
|
|move|p1a: Alakazam|Psychic|p2a: Chansey
|-damage|p2a: Chansey|313\/703 par
|-unboost|p2a: Chansey|spd|1
|-unboost|p2a: Chansey|spa|1
|move|p2a: Chansey|Soft-Boiled|p2a: Chansey
|-heal|p2a: Chansey|664\/703 par
|
|turn|36
|choice|move 1|switch 5
|
|switch|p2a: Exeggutor|Exeggutor|393\/393 slp
|cant|p1a: Alakazam|par
|
|turn|37
|choice|move 4|move Sleep Powder
|
|-curestatus|p2a: Exeggutor|slp
|move|p1a: Alakazam|Reflect|p1a: Alakazam
|-start|p1a: Alakazam|Reflect
|
|turn|38
|choice|move 3|move Psychic
|
|move|p2a: Exeggutor|Psychic|p1a: Alakazam
|-resisted|p1a: Alakazam
|-damage|p1a: Alakazam|264\/313 par
|-unboost|p1a: Alakazam|spd|1
|-unboost|p1a: Alakazam|spa|1
|move|p1a: Alakazam|Thunder Wave|p2a: Exeggutor
|-status|p2a: Exeggutor|par
|
|turn|39
|choice|switch 4|move Psychic
|
|switch|p1a: Chansey|Chansey|703\/703
|move|p2a: Exeggutor|Psychic|p1a: Chansey
|-damage|p1a: Chansey|584\/703
|
|turn|40
|choice|move 2|move Sleep Powder
|
|move|p1a: Chansey|Fire Blast|p2a: Exeggutor
|-supereffective|p2a: Exeggutor
|-damage|p2a: Exeggutor|224\/393 par
|cant|p2a: Exeggutor|par
|
|turn|41
|choice|move 2|switch 5
|
|switch|p2a: Chansey|Chansey|664\/703 par
|move|p1a: Chansey|Fire Blast|p2a: Chansey
|-damage|p2a: Chansey|570\/703 par
|
|turn|42
|choice|switch 4|move Ice Beam
|
|switch|p1a: Alakazam|Alakazam|264\/313 par
|move|p2a: Chansey|Ice Beam|p1a: Alakazam
|-damage|p1a: Alakazam|197\/313 par
|
|turn|43
|choice|move 2|switch 4
|
|switch|p2a: Tauros|Tauros|353\/353
|move|p1a: Alakazam|Recover|p1a: Alakazam
|-heal|p1a: Alakazam|313\/313 par
|
|turn|44
|choice|switch 6|switch 5
|
|switch|p2a: Exeggutor|Exeggutor|224\/393 par
|switch|p1a: Gengar|Gengar|323\/323
|
|turn|45
|choice|move 4|move Psychic
|
|move|p1a: Gengar|Thunder|p2a: Exeggutor|[miss]
|-miss|p1a: Gengar
|move|p2a: Exeggutor|Psychic|p1a: Gengar
|-supereffective|p1a: Gengar
|-damage|p1a: Gengar|117\/323
|
|turn|46
|choice|move 4|switch 3
|
|switch|p2a: Golem|Golem|43\/363
|move|p1a: Gengar|Thunder|p2a: Golem
|-immune|p2a: Golem|[msg]
|
|turn|47
|choice|move 3|switch 3
|
|switch|p2a: Exeggutor|Exeggutor|224\/393 par
|move|p1a: Gengar|Mega Drain|p2a: Exeggutor
|-crit|p2a: Exeggutor
|-resisted|p2a: Exeggutor
|-damage|p2a: Exeggutor|192\/393 par
|-heal|p1a: Gengar|133\/323|[from] drain|[of] p2a: Exeggutor
|
|turn|48
|choice|move 1|move Sleep Powder
|
|move|p1a: Gengar|Explosion|p2a: Exeggutor
|-damage|p2a: Exeggutor|0 fnt
|faint|p2a: Exeggutor
|faint|p1a: Gengar
|choice|switch 2|switch 3
|
|switch|p1a: Dragonite|Dragonite|385\/385
|switch|p2a: Golem|Golem|43\/363
|turn|49
|choice|move 4|switch 6
|
|switch|p2a: Cloyster|Cloyster|187\/303
|move|p1a: Dragonite|Hyper Beam|p2a: Cloyster
|-damage|p2a: Cloyster|93\/303
|
|turn|50
|-mustrecharge|p1a: Dragonite
|-mustrecharge|p1a: Dragonite
|choice|move 1|move Blizzard
|
|cant|p1a: Dragonite|recharge
|move|p2a: Cloyster|Blizzard|p1a: Dragonite|[miss]
|-miss|p2a: Cloyster
|
|turn|51
|choice|move 2|move Blizzard
|
|move|p1a: Dragonite|Wrap|p2a: Cloyster
|-damage|p2a: Cloyster|83\/303
|-activate|p2a: Cloyster|move: Wrap|[of] p1a: Dragonite
|cant|p2a: Cloyster|partiallytrapped
|
|turn|52
|choice|move 2|switch 6
|
|switch|p2a: Golem|Golem|43\/363
|move|p1a: Dragonite|Wrap|p2a: Golem
|-resisted|p2a: Golem
|-damage|p2a: Golem|37\/363
|-activate|p2a: Golem|move: Wrap|[of] p1a: Dragonite
|
|turn|53
|choice|move 2|switch 5
|
|switch|p2a: Tauros|Tauros|353\/353
|move|p1a: Dragonite|Wrap|p2a: Tauros
|-damage|p2a: Tauros|338\/353
|-activate|p2a: Tauros|move: Wrap|[of] p1a: Dragonite
|
|turn|54
|choice|move 2|move Blizzard
|
|cant|p2a: Tauros|partiallytrapped
|move|p1a: Dragonite|Wrap|p2a: Tauros
|-damage|p2a: Tauros|323\/353
|
|turn|55
|choice|move 2|move Blizzard
|
|cant|p2a: Tauros|partiallytrapped
|move|p1a: Dragonite|Wrap|p2a: Tauros
|-damage|p2a: Tauros|308\/353
|
|turn|56
|choice|move 2|move Blizzard
|
|cant|p2a: Tauros|partiallytrapped
|move|p1a: Dragonite|Wrap|p2a: Tauros
|-damage|p2a: Tauros|293\/353
|
|turn|57
|choice|move 2|move Blizzard
|
|cant|p2a: Tauros|partiallytrapped
|move|p1a: Dragonite|Wrap|p2a: Tauros
|-damage|p2a: Tauros|278\/353
|
|-end|p2a: Tauros|Wrap|[partiallytrapped]
|turn|58
|choice|move 2|move Body Slam
|
|move|p2a: Tauros|Body Slam|p1a: Dragonite
|-damage|p1a: Dragonite|297\/385
|move|p1a: Dragonite|Wrap|p2a: Tauros
|-damage|p2a: Tauros|263\/353
|-activate|p2a: Tauros|move: Wrap|[of] p1a: Dragonite
|
|turn|59
|choice|move 2|move Body Slam
|
|cant|p2a: Tauros|partiallytrapped
|move|p1a: Dragonite|Wrap|p2a: Tauros
|-damage|p2a: Tauros|248\/353
|
|turn|60
|choice|move 2|move Blizzard
|
|cant|p2a: Tauros|partiallytrapped
|move|p1a: Dragonite|Wrap|p2a: Tauros
|-damage|p2a: Tauros|233\/353
|
|-end|p2a: Tauros|Wrap|[partiallytrapped]
|turn|61
|choice|move 1|move Blizzard
|
|move|p2a: Tauros|Blizzard|p1a: Dragonite
|-supereffective|p1a: Dragonite
|-damage|p1a: Dragonite|0 fnt
|faint|p1a: Dragonite
|choice|switch 6|
|
|switch|p1a: Alakazam|Alakazam|313\/313 par
|turn|62
|choice|move 1|switch 5
|
|switch|p2a: Golem|Golem|37\/363
|move|p1a: Alakazam|Psychic|p2a: Golem
|-damage|p2a: Golem|0 fnt
|faint|p2a: Golem
|choice||switch 6
|
|switch|p2a: Cloyster|Cloyster|83\/303
|turn|63
|choice|move 3|move Explosion
|
|move|p2a: Cloyster|Explosion|p1a: Alakazam
|-damage|p1a: Alakazam|0 fnt
|faint|p1a: Alakazam
|faint|p2a: Cloyster
|choice|switch 4|switch 4
|
|switch|p1a: Chansey|Chansey|584\/703
|switch|p2a: Chansey|Chansey|570\/703 par
|turn|64
|choice|move 1|move Ice Beam
|
|move|p1a: Chansey|Blizzard|p2a: Chansey|[miss]
|-miss|p1a: Chansey
|cant|p2a: Chansey|par
|
|turn|65
|choice|move 1|move Ice Beam
|
|move|p1a: Chansey|Blizzard|p2a: Chansey
|-damage|p2a: Chansey|480\/703 par
|cant|p2a: Chansey|par
|
|turn|66
|choice|move 3|move Ice Beam
|
|move|p1a: Chansey|Soft-Boiled|p1a: Chansey
|-heal|p1a: Chansey|703\/703
|move|p2a: Chansey|Ice Beam|p1a: Chansey
|-damage|p1a: Chansey|634\/703
|
|turn|67
|choice|switch 5|move Ice Beam
|
|switch|p1a: Slowbro|Slowbro|393\/393
|move|p2a: Chansey|Ice Beam|p1a: Slowbro
|-resisted|p1a: Slowbro
|-damage|p1a: Slowbro|347\/393
|
|turn|68
|choice|move 2|move Thunder Wave
|
|move|p1a: Slowbro|Amnesia|p1a: Slowbro
|-boost|p1a: Slowbro|spd|2
|-boost|p1a: Slowbro|spa|2
|move|p2a: Chansey|Thunder Wave|p1a: Slowbro
|-status|p1a: Slowbro|par
|
|turn|69
|choice|move 4|move Thunderbolt
|
|cant|p1a: Slowbro|par
|cant|p2a: Chansey|par
|
|turn|70
|choice|move 2|move Thunderbolt
|
|move|p1a: Slowbro|Amnesia|p1a: Slowbro
|-boost|p1a: Slowbro|spd|2
|-boost|p1a: Slowbro|spa|2
|move|p2a: Chansey|Thunderbolt|p1a: Slowbro
|-supereffective|p1a: Slowbro
|-damage|p1a: Slowbro|287\/393 par
|
|turn|71
|choice|move 4|move Thunderbolt
|
|cant|p1a: Slowbro|par
|cant|p2a: Chansey|par
|
|turn|72
|choice|move 2|move Thunderbolt
|
|move|p1a: Slowbro|Amnesia|p1a: Slowbro
|-boost|p1a: Slowbro|spd|2
|-boost|p1a: Slowbro|spa|2
|move|p2a: Chansey|Thunderbolt|p1a: Slowbro
|-supereffective|p1a: Slowbro
|-damage|p1a: Slowbro|237\/393 par
|
|turn|73
|choice|move 4|move Thunderbolt
|
|move|p1a: Slowbro|Thunder Wave|p2a: Chansey
|-fail|p2a: Chansey|par
|move|p2a: Chansey|Thunderbolt|p1a: Slowbro
|-supereffective|p1a: Slowbro
|-damage|p1a: Slowbro|186\/393 par
|
|turn|74
|choice|move 3|move Thunderbolt
|
|move|p1a: Slowbro|Rest|p1a: Slowbro
|-status|p1a: Slowbro|slp
|-heal|p1a: Slowbro|393\/393 slp|[silent]
|-status|p1a: Slowbro|slp|[from] move: Rest
|move|p2a: Chansey|Thunderbolt|p1a: Slowbro
|-supereffective|p1a: Slowbro
|-damage|p1a: Slowbro|348\/393 slp
|
|turn|75
|choice|move 1|move Thunderbolt
|
|cant|p1a: Slowbro|slp
|move|p2a: Chansey|Thunderbolt|p1a: Slowbro
|-supereffective|p1a: Slowbro
|-damage|p1a: Slowbro|299\/393 slp
|
|turn|76
|choice|move 1|move Thunderbolt
|
|-curestatus|p1a: Slowbro|slp
|move|p2a: Chansey|Thunderbolt|p1a: Slowbro
|-supereffective|p1a: Slowbro
|-damage|p1a: Slowbro|249\/393
|
|turn|77
|choice|move 1|move Thunderbolt
|
|move|p1a: Slowbro|Psychic|p2a: Chansey
|-damage|p2a: Chansey|135\/703 par
|move|p2a: Chansey|Thunderbolt|p1a: Slowbro
|-supereffective|p1a: Slowbro
|-damage|p1a: Slowbro|202\/393
|
|turn|78
|choice|move 1|move Thunderbolt
|
|move|p1a: Slowbro|Psychic|p2a: Chansey
|-damage|p2a: Chansey|0 fnt
|faint|p2a: Chansey
|choice||switch 2
|
|switch|p2a: Alakazam|Alakazam|313\/313
|turn|79
|choice|move 4|move Seismic Toss
|
|move|p2a: Alakazam|Seismic Toss|p1a: Slowbro
|-damage|p1a: Slowbro|102\/393
|move|p1a: Slowbro|Thunder Wave|p2a: Alakazam
|-status|p2a: Alakazam|par
|
|turn|80
|choice|move 3|move Seismic Toss
|
|cant|p2a: Alakazam|par
|move|p1a: Slowbro|Rest|p1a: Slowbro
|-status|p1a: Slowbro|slp
|-heal|p1a: Slowbro|393\/393 slp|[silent]
|-status|p1a: Slowbro|slp|[from] move: Rest
|
|turn|81
|choice|move 1|move Seismic Toss
|
|move|p2a: Alakazam|Seismic Toss|p1a: Slowbro
|-damage|p1a: Slowbro|293\/393 slp
|cant|p1a: Slowbro|slp
|
|turn|82
|choice|move 1|move Seismic Toss
|
|move|p2a: Alakazam|Seismic Toss|p1a: Slowbro
|-damage|p1a: Slowbro|193\/393 slp
|-curestatus|p1a: Slowbro|slp
|
|turn|83
|choice|move 1|move Seismic Toss
|
|cant|p2a: Alakazam|par
|move|p1a: Slowbro|Psychic|p2a: Alakazam
|-resisted|p2a: Alakazam
|-damage|p2a: Alakazam|159\/313 par
|
|turn|84
|choice|move 1|move Seismic Toss
|
|move|p2a: Alakazam|Seismic Toss|p1a: Slowbro
|-damage|p1a: Slowbro|93\/393
|move|p1a: Slowbro|Psychic|p2a: Alakazam
|-resisted|p2a: Alakazam
|-damage|p2a: Alakazam|21\/313 par
|-unboost|p2a: Alakazam|spd|1
|-unboost|p2a: Alakazam|spa|1
|
|turn|85
|choice|move 3|move Seismic Toss
|
|move|p1a: Slowbro|Rest|p1a: Slowbro
|-status|p1a: Slowbro|slp
|-heal|p1a: Slowbro|393\/393 slp|[silent]
|-status|p1a: Slowbro|slp|[from] move: Rest
|cant|p2a: Alakazam|par
|
|turn|86
|choice|move 1|move Seismic Toss
|
|cant|p1a: Slowbro|slp
|cant|p2a: Alakazam|par
|
|turn|87
|choice|move 1|move Seismic Toss
|
|-curestatus|p1a: Slowbro|slp
|move|p2a: Alakazam|Seismic Toss|p1a: Slowbro
|-damage|p1a: Slowbro|293\/393
|
|turn|88
|choice|move 1|move Seismic Toss
|
|move|p1a: Slowbro|Psychic|p2a: Alakazam
|-resisted|p2a: Alakazam
|-damage|p2a: Alakazam|0 fnt
|faint|p2a: Alakazam
|choice||switch 5
|
|switch|p2a: Tauros|Tauros|233\/353
|turn|89
|choice|move 4|move Body Slam
|
|move|p2a: Tauros|Body Slam|p1a: Slowbro
|-damage|p1a: Slowbro|210\/393
|move|p1a: Slowbro|Thunder Wave|p2a: Tauros
|-status|p2a: Tauros|par
|
|turn|90
|choice|move 1|move Body Slam
|
|cant|p2a: Tauros|par
|move|p1a: Slowbro|Psychic|p2a: Tauros
|-damage|p2a: Tauros|0 fnt
|faint|p2a: Tauros
|
|win|leonskennedy1992
|raw|leonskennedy1992's rating: 1075 &rarr; <strong>1111<\/strong><br \/>(+36 for winning)
|raw|trueWario's rating: 1161 &rarr; <strong>1130<\/strong><br \/>(-31 for losing)
|l|trueWario
|player|p2
|c|★leonskennedy1992|gg