|join|XianJu
|join|tacman
|player|p1|XianJu|130
|player|p2|tacman|15
|gametype|singles
|gen|1
|tier|[Gen 1] Random Battle
|rated
|seed|21935,57190,63846,19273
|rule|Sleep Clause Mod: Limit one foe put to sleep
|rule|Freeze Clause Mod: Limit one foe frozen
|rule|HP Percentage Mod: HP is shown in percentages
|
|start
|switch|p1a: Scyther|Scyther, L90|309\/309
|switch|p2a: Blastoise|Blastoise, L85|308\/308
|turn|1
|choice|switch 3|move 2
|
|switch|p1a: Gengar|Gengar, L79|257\/257
|move|p2a: Blastoise|Blizzard|p1a: Gengar
|-damage|p1a: Gengar|189\/257
|
|turn|2
|choice|move 4|switch 2
|
|switch|p2a: Clefairy|Clefairy, L95|326\/326
|move|p1a: Gengar|Thunderbolt|p2a: Clefairy
|-damage|p2a: Clefairy|245\/326
|
|turn|3
|choice|move 1|move 2
|
|move|p1a: Gengar|Hypnosis|p2a: Clefairy
|-status|p2a: Clefairy|slp
|cant|p2a: Clefairy|slp
|
|turn|4
|choice|switch 3|switch 3
|
|switch|p1a: Scyther|Scyther, L90|309\/309
|switch|p2a: Mr. Mime|Mr. Mime, L85|242\/242
|
|turn|5
|choice|move 1|move 1
|
|move|p1a: Scyther|Slash|p2a: Mr. Mime
|-crit|p2a: Mr. Mime
|-damage|p2a: Mr. Mime|99\/242
|move|p2a: Mr. Mime|Thunder Wave|p1a: Scyther
|-status|p1a: Scyther|par
|
|turn|6
|choice|move 4|move 4
|
|move|p2a: Mr. Mime|Thunderbolt|p1a: Scyther
|-supereffective|p1a: Scyther
|-damage|p1a: Scyther|145\/309 par
|move|p1a: Scyther|Agility|p1a: Scyther
|-boost|p1a: Scyther|spe|2
|
|turn|7
|choice|move 1|move 4
|
|move|p1a: Scyther|Slash|p2a: Mr. Mime
|-crit|p2a: Mr. Mime
|-damage|p2a: Mr. Mime|0 fnt
|faint|p2a: Mr. Mime
|choice||switch 6
|
|switch|p2a: Kingler|Kingler, L85|267\/267
|turn|8
|choice|move 1|move 3
|
|move|p1a: Scyther|Slash|p2a: Kingler
|-crit|p2a: Kingler
|-damage|p2a: Kingler|168\/267
|move|p2a: Kingler|Blizzard|p1a: Scyther
|-supereffective|p1a: Scyther
|-damage|p1a: Scyther|0 fnt
|faint|p1a: Scyther
|choice|switch 3|
|
|switch|p1a: Gengar|Gengar, L79|189\/257
|turn|9
|choice|move 4|switch 4
|
|switch|p2a: Vileplume|Vileplume, L90|318\/318
|move|p1a: Gengar|Thunderbolt|p2a: Vileplume
|-resisted|p2a: Vileplume
|-damage|p2a: Vileplume|290\/318
|
|turn|10
|choice|move 3|move 2
|
|move|p1a: Gengar|Psychic|p2a: Vileplume
|-supereffective|p2a: Vileplume
|-damage|p2a: Vileplume|167\/318
|-unboost|p2a: Vileplume|spd|1
|-unboost|p2a: Vileplume|spa|1
|move|p2a: Vileplume|Sleep Powder|p1a: Gengar
|-status|p1a: Gengar|slp
|
|turn|11
|choice|move 3|switch 2
|
|switch|p2a: Blastoise|Blastoise, L85|308\/308
|cant|p1a: Gengar|slp
|
|turn|12
|choice|switch 4|move 4
|
|switch|p1a: Mr. Mime|Mr. Mime, L85|242\/242
|move|p2a: Blastoise|Earthquake|p1a: Mr. Mime
|-damage|p1a: Mr. Mime|163\/242
|
|turn|13
|choice|move 1|switch 2
|
|switch|p2a: Vileplume|Vileplume, L90|167\/318
|move|p1a: Mr. Mime|Thunderbolt|p2a: Vileplume
|-crit|p2a: Vileplume
|-resisted|p2a: Vileplume
|-damage|p2a: Vileplume|110\/318
|
|turn|14
|choice|move 3|move 3
|
|move|p1a: Mr. Mime|Psychic|p2a: Vileplume
|-supereffective|p2a: Vileplume
|-damage|p2a: Vileplume|0 fnt
|faint|p2a: Vileplume
|choice||switch 4
|
|switch|p2a: Kingler|Kingler, L85|168\/267
|turn|15
|choice|move 1|move 1
|
|move|p1a: Mr. Mime|Thunderbolt|p2a: Kingler
|-supereffective|p2a: Kingler
|-damage|p2a: Kingler|0 fnt
|faint|p2a: Kingler
|choice||switch 5
|
|switch|p2a: Jolteon|Jolteon, L79|265\/265
|turn|16
|choice|switch 6|move 1
|
|switch|p1a: Marowak|Marowak, L90|291\/291
|move|p2a: Jolteon|Thunderbolt|p1a: Marowak
|-immune|p1a: Marowak|[msg]
|
|turn|17
|choice|move 1|switch 3
|
|switch|p2a: Clefairy|Clefairy, L95|245\/326 slp
|move|p1a: Marowak|Body Slam|p2a: Clefairy
|-damage|p2a: Clefairy|163\/326 slp
|
|turn|18
|choice|move 3|switch 2
|
|switch|p2a: Blastoise|Blastoise, L85|308\/308
|move|p1a: Marowak|Earthquake|p2a: Blastoise
|-damage|p2a: Blastoise|214\/308
|
|turn|19
|choice|switch 4|move 3
|
|switch|p1a: Gengar|Gengar, L79|189\/257 slp
|move|p2a: Blastoise|Hydro Pump|p1a: Gengar
|-damage|p1a: Gengar|95\/257 slp
|
|turn|20
|choice|move 1|move 3
|
|cant|p1a: Gengar|slp
|move|p2a: Blastoise|Hydro Pump|p1a: Gengar
|-damage|p1a: Gengar|0 fnt
|faint|p1a: Gengar
|choice|switch 6|
|
|switch|p1a: Mr. Mime|Mr. Mime, L85|163\/242
|turn|21
|choice|move 4|switch 2
|
|switch|p2a: Clefairy|Clefairy, L95|163\/326 slp
|move|p1a: Mr. Mime|Thunder Wave|p2a: Clefairy
|-fail|p2a: Clefairy
|
|turn|22
|choice|move 3|move 2
|
|move|p1a: Mr. Mime|Psychic|p2a: Clefairy
|-damage|p2a: Clefairy|47\/326 slp
|cant|p2a: Clefairy|slp
|
|turn|23
|choice|move 3|move 2
|
|move|p1a: Mr. Mime|Psychic|p2a: Clefairy
|-damage|p2a: Clefairy|0 fnt
|faint|p2a: Clefairy
|choice||switch 3
|
|switch|p2a: Jolteon|Jolteon, L79|265\/265
|turn|24
|choice|move 4|switch 2
|
|switch|p2a: Blastoise|Blastoise, L85|214\/308
|move|p1a: Mr. Mime|Thunder Wave|p2a: Blastoise
|-status|p2a: Blastoise|par
|
|turn|25
|choice|move 4|switch 2
|
|switch|p2a: Jolteon|Jolteon, L79|265\/265
|move|p1a: Mr. Mime|Thunder Wave|p2a: Jolteon
|-status|p2a: Jolteon|par
|
|turn|26
|choice|switch 4|move 4
|
|switch|p1a: Marowak|Marowak, L90|291\/291
|move|p2a: Jolteon|Double Kick|p1a: Marowak
|-damage|p1a: Marowak|278\/291
|-damage|p1a: Marowak|265\/291
|-hitcount|p1a: Marowak|2
|
|turn|27
|choice|move 3|switch 2
|
|switch|p2a: Blastoise|Blastoise, L85|214\/308 par
|move|p1a: Marowak|Earthquake|p2a: Blastoise
|-damage|p2a: Blastoise|112\/308 par
|
|turn|28
|choice|move 3|move 3
|
|move|p1a: Marowak|Earthquake|p2a: Blastoise
|-damage|p2a: Blastoise|19\/308 par
|move|p2a: Blastoise|Hydro Pump|p1a: Marowak
|-supereffective|p1a: Marowak
|-damage|p1a: Marowak|0 fnt
|faint|p1a: Marowak
|choice|switch 4|
|
|switch|p1a: Mr. Mime|Mr. Mime, L85|163\/242
|turn|29
|choice|move 3|move 1
|
|move|p1a: Mr. Mime|Psychic|p2a: Blastoise
|-damage|p2a: Blastoise|0 fnt
|faint|p2a: Blastoise
|choice||switch 2
|
|switch|p2a: Jolteon|Jolteon, L79|265\/265 par
|turn|30
|choice|move 3|move 1
|
|move|p1a: Mr. Mime|Psychic|p2a: Jolteon
|-damage|p2a: Jolteon|176\/265 par
|move|p2a: Jolteon|Thunderbolt|p1a: Mr. Mime|[miss]
|-miss|p2a: Jolteon
|
|turn|31
|choice|move 3|move 1
|
|move|p1a: Mr. Mime|Psychic|p2a: Jolteon
|-damage|p2a: Jolteon|88\/265 par
|move|p2a: Jolteon|Thunderbolt|p1a: Mr. Mime
|-damage|p1a: Mr. Mime|79\/242
|
|turn|32
|choice|move 3|move 1
|
|move|p1a: Mr. Mime|Psychic|p2a: Jolteon
|-damage|p2a: Jolteon|0 fnt
|faint|p2a: Jolteon
|
|win|XianJu
|raw|XianJu's rating: 1316 &rarr; <strong>1330<\/strong><br \/>(+14 for winning)
|raw|tacman's rating: 1210 &rarr; <strong>1193<\/strong><br \/>(-17 for losing)
|leave|tacman
|player|p2