|join|SonicJaxx
|join|daw523
|player|p1|SonicJaxx|1
|player|p2|daw523|170
|gametype|singles
|gen|1
|tier|[Gen 1] Random Battle
|rated
|rule|Sleep Clause Mod: Limit one foe put to sleep
|rule|Freeze Clause Mod: Limit one foe frozen
|rule|HP Percentage Mod: HP is shown in percentages
|
|start
|switch|p1a: Goldeen|Goldeen, L96|281\/281
|switch|p2a: Dragonair|Dragonair, L85|277\/277
|turn|1
|
|switch|p2a: Vaporeon|Vaporeon, L85|395\/395
|move|p1a: Goldeen|Blizzard|p2a: Vaporeon
|-resisted|p2a: Vaporeon
|-damage|p2a: Vaporeon|364\/395
|
|turn|2
|
|switch|p1a: Mr. Mime|Mr. Mime, L85|242\/242
|move|p2a: Vaporeon|Blizzard|p1a: Mr. Mime
|-crit|p1a: Mr. Mime
|-damage|p1a: Mr. Mime|65\/242
|
|turn|3
|
|move|p1a: Mr. Mime|Thunderbolt|p2a: Vaporeon
|-supereffective|p2a: Vaporeon
|-damage|p2a: Vaporeon|248\/395
|move|p2a: Vaporeon|Blizzard|p1a: Mr. Mime
|-damage|p1a: Mr. Mime|0 fnt
|faint|p1a: Mr. Mime
|
|switch|p1a: Ivysaur|Ivysaur, L85|276\/276
|turn|4
|
|move|p2a: Vaporeon|Blizzard|p1a: Ivysaur
|-supereffective|p1a: Ivysaur
|-damage|p1a: Ivysaur|73\/276
|-status|p1a: Ivysaur|frz
|cant|p1a: Ivysaur|frz
|
|turn|5
|
|switch|p1a: Chansey|Chansey, L79|557\/557
|move|p2a: Vaporeon|Blizzard|p1a: Chansey
|-damage|p1a: Chansey|465\/557
|
|turn|6
|
|switch|p1a: Ivysaur|Ivysaur, L85|73\/276 frz
|move|p2a: Vaporeon|Hydro Pump|p1a: Ivysaur
|-resisted|p1a: Ivysaur
|-damage|p1a: Ivysaur|0 fnt
|faint|p1a: Ivysaur
|
|switch|p1a: Chansey|Chansey, L79|465\/557
|turn|7
|
|switch|p1a: Goldeen|Goldeen, L96|281\/281
|move|p2a: Vaporeon|Mimic|p1a: Goldeen
|-start|p2a: Vaporeon|Mimic|Supersonic
|
|turn|8
|
|move|p1a: Goldeen|Supersonic|p2a: Vaporeon|[miss]
|-miss|p1a: Goldeen
|move|p2a: Vaporeon|Supersonic|p1a: Goldeen|[miss]
|-miss|p2a: Vaporeon
|
|turn|9
|
|move|p1a: Goldeen|Supersonic|p2a: Vaporeon
|-start|p2a: Vaporeon|confusion
|-activate|p2a: Vaporeon|confusion
|-damage|p2a: Vaporeon|216\/395|[from] confusion
|
|turn|10
|
|move|p1a: Goldeen|Surf|p2a: Vaporeon
|-resisted|p2a: Vaporeon
|-damage|p2a: Vaporeon|180\/395
|-end|p2a: Vaporeon|confusion
|move|p2a: Vaporeon|Supersonic|p1a: Goldeen
|-start|p1a: Goldeen|confusion
|
|turn|11
|
|-activate|p1a: Goldeen|confusion
|-damage|p1a: Goldeen|246\/281|[from] confusion
|move|p2a: Vaporeon|Blizzard|p1a: Goldeen
|-resisted|p1a: Goldeen
|-damage|p1a: Goldeen|185\/281
|
|turn|12
|
|-end|p1a: Goldeen|confusion
|move|p1a: Goldeen|Supersonic|p2a: Vaporeon
|-start|p2a: Vaporeon|confusion
|-activate|p2a: Vaporeon|confusion
|move|p2a: Vaporeon|Blizzard|p1a: Goldeen
|-resisted|p1a: Goldeen
|-damage|p1a: Goldeen|131\/281
|
|turn|13
|
|move|p1a: Goldeen|Surf|p2a: Vaporeon
|-resisted|p2a: Vaporeon
|-damage|p2a: Vaporeon|143\/395
|-activate|p2a: Vaporeon|confusion
|move|p2a: Vaporeon|Supersonic|p1a: Goldeen
|-start|p1a: Goldeen|confusion
|
|turn|14
|
|switch|p1a: Chansey|Chansey, L79|465\/557
|-activate|p2a: Vaporeon|confusion
|-damage|p2a: Vaporeon|111\/395|[from] confusion
|
|turn|15
|
|-activate|p2a: Vaporeon|confusion
|-damage|p2a: Vaporeon|79\/395|[from] confusion
|move|p1a: Chansey|Thunder Wave|p2a: Vaporeon
|-status|p2a: Vaporeon|par
|
|turn|16
|
|switch|p1a: Sandslash|Sandslash, L85|301\/301
|-end|p2a: Vaporeon|confusion
|move|p2a: Vaporeon|Supersonic|p1a: Sandslash
|-start|p1a: Sandslash|confusion
|
|turn|17
|
|-activate|p1a: Sandslash|confusion
|move|p1a: Sandslash|Earthquake|p2a: Vaporeon
|-damage|p2a: Vaporeon|0 fnt
|faint|p2a: Vaporeon
|
|switch|p2a: Dragonair|Dragonair, L85|277\/277
|turn|18
|
|switch|p1a: Chansey|Chansey, L79|465\/557
|move|p2a: Dragonair|Blizzard|p1a: Chansey
|-crit|p1a: Chansey
|-damage|p1a: Chansey|336\/557
|
|turn|19
|
|move|p2a: Dragonair|Body Slam|p1a: Chansey
|-damage|p1a: Chansey|185\/557
|move|p1a: Chansey|Thunder Wave|p2a: Dragonair
|-status|p2a: Dragonair|par
|
|turn|20
|
|move|p1a: Chansey|Soft-Boiled|p1a: Chansey
|-heal|p1a: Chansey|463\/557
|move|p2a: Dragonair|Body Slam|p1a: Chansey
|-damage|p1a: Chansey|308\/557
|
|turn|21
|
|move|p1a: Chansey|Reflect|p1a: Chansey
|move|p2a: Dragonair|Body Slam|p1a: Chansey
|-damage|p1a: Chansey|229\/557
|
|turn|22
|
|move|p1a: Chansey|Soft-Boiled|p1a: Chansey
|-heal|p1a: Chansey|507\/557
|cant|p2a: Dragonair|par
|
|turn|23
|
|move|p1a: Chansey|Ice Beam|p2a: Dragonair
|-supereffective|p2a: Dragonair
|-damage|p2a: Dragonair|139\/277 par
|move|p2a: Dragonair|Body Slam|p1a: Chansey
|-damage|p1a: Chansey|431\/557
|
|turn|24
|
|switch|p2a: Kangaskhan|Kangaskhan, L85|352\/352
|move|p1a: Chansey|Ice Beam|p2a: Kangaskhan
|-crit|p2a: Kangaskhan
|-damage|p2a: Kangaskhan|178\/352
|
|turn|25
|
|move|p1a: Chansey|Thunder Wave|p2a: Kangaskhan
|-status|p2a: Kangaskhan|par
|move|p2a: Kangaskhan|Counter|p1a: Chansey
|-fail|p2a: Kangaskhan
|
|turn|26
|
|move|p1a: Chansey|Ice Beam|p2a: Kangaskhan
|-crit|p2a: Kangaskhan
|-damage|p2a: Kangaskhan|0 fnt
|faint|p2a: Kangaskhan
|
|switch|p2a: Hitmonchan|Hitmonchan, L85|259\/259
|turn|27
|
|move|p2a: Hitmonchan|Seismic Toss|p1a: Chansey
|-damage|p1a: Chansey|346\/557
|move|p1a: Chansey|Thunder Wave|p2a: Hitmonchan
|-status|p2a: Hitmonchan|par
|
|turn|28
|
|move|p1a: Chansey|Ice Beam|p2a: Hitmonchan
|-damage|p2a: Hitmonchan|163\/259 par
|move|p2a: Hitmonchan|Seismic Toss|p1a: Chansey
|-damage|p1a: Chansey|261\/557
|
|turn|29
|
|move|p1a: Chansey|Soft-Boiled|p1a: Chansey
|-heal|p1a: Chansey|539\/557
|cant|p2a: Hitmonchan|par
|
|turn|30
|
|move|p1a: Chansey|Ice Beam|p2a: Hitmonchan
|-damage|p2a: Hitmonchan|56\/259 par
|move|p2a: Hitmonchan|Body Slam|p1a: Chansey
|-damage|p1a: Chansey|455\/557
|
|turn|31
|
|move|p1a: Chansey|Ice Beam|p2a: Hitmonchan
|-damage|p2a: Hitmonchan|0 fnt
|faint|p2a: Hitmonchan
|c|★SonicJaxx|I just might win this.
|
|switch|p2a: Hypno|Hypno, L85|318\/318
|turn|32
|
|switch|p1a: Nidorina|Nidorina, L90|309\/309
|move|p2a: Hypno|Hypnosis|p1a: Nidorina|[miss]
|-miss|p2a: Hypno
|
|turn|33
|
|move|p2a: Hypno|Psychic|p1a: Nidorina
|-supereffective|p1a: Nidorina
|-damage|p1a: Nidorina|39\/309
|move|p1a: Nidorina|Blizzard|p2a: Hypno
|-damage|p2a: Hypno|262\/318
|
|turn|34
|
|switch|p1a: Chansey|Chansey, L79|455\/557
|move|p2a: Hypno|Psychic|p1a: Chansey
|-damage|p1a: Chansey|345\/557
|-unboost|p1a: Chansey|spd|1
|-unboost|p1a: Chansey|spa|1
|
|turn|35
|
|switch|p1a: Nidorina|Nidorina, L90|39\/309
|move|p2a: Hypno|Hypnosis|p1a: Nidorina|[miss]
|-miss|p2a: Hypno
|
|turn|36
|
|switch|p1a: Chansey|Chansey, L79|345\/557
|move|p2a: Hypno|Psychic|p1a: Chansey
|-damage|p1a: Chansey|240\/557
|-unboost|p1a: Chansey|spd|1
|-unboost|p1a: Chansey|spa|1
|
|turn|37
|
|switch|p1a: Nidorina|Nidorina, L90|39\/309
|move|p2a: Hypno|Hypnosis|p1a: Nidorina|[miss]
|-miss|p2a: Hypno
|
|turn|38
|
|move|p2a: Hypno|Psychic|p1a: Nidorina
|-supereffective|p1a: Nidorina
|-damage|p1a: Nidorina|0 fnt
|faint|p1a: Nidorina
|
|switch|p1a: Chansey|Chansey, L79|240\/557
|turn|39
|
|switch|p1a: Goldeen|Goldeen, L96|131\/281
|move|p2a: Hypno|Hypnosis|p1a: Goldeen|[miss]
|-miss|p2a: Hypno
|
|turn|40
|
|move|p1a: Goldeen|Blizzard|p2a: Hypno
|-damage|p2a: Hypno|198\/318
|move|p2a: Hypno|Psychic|p1a: Goldeen
|-damage|p1a: Goldeen|2\/281
|-unboost|p1a: Goldeen|spd|1
|-unboost|p1a: Goldeen|spa|1
|
|turn|41
|
|move|p1a: Goldeen|Supersonic|p2a: Hypno
|-start|p2a: Hypno|confusion
|-activate|p2a: Hypno|confusion
|-damage|p2a: Hypno|167\/318|[from] confusion
|
|turn|42
|
|switch|p1a: Chansey|Chansey, L79|240\/557
|-activate|p2a: Hypno|confusion
|-damage|p2a: Hypno|136\/318|[from] confusion
|
|turn|43
|
|-end|p2a: Hypno|confusion
|move|p2a: Hypno|Psychic|p1a: Chansey
|-damage|p1a: Chansey|131\/557
|move|p1a: Chansey|Soft-Boiled|p1a: Chansey
|-heal|p1a: Chansey|409\/557
|
|turn|44
|
|switch|p1a: Goldeen|Goldeen, L96|2\/281
|move|p2a: Hypno|Hypnosis|p1a: Goldeen
|-status|p1a: Goldeen|slp
|
|turn|45
|
|switch|p1a: Chansey|Chansey, L79|409\/557
|move|p2a: Hypno|Psychic|p1a: Chansey
|-damage|p1a: Chansey|301\/557
|
|turn|46
|
|move|p1a: Chansey|Thunder Wave|p2a: Hypno
|-status|p2a: Hypno|par
|move|p2a: Hypno|Counter|p1a: Chansey
|-fail|p2a: Hypno
|
|turn|47
|
|move|p1a: Chansey|Soft-Boiled|p1a: Chansey
|-heal|p1a: Chansey|557\/557
|cant|p2a: Hypno|par
|
|turn|48
|c|★SonicJaxx|Counter only works if you are physically attacked.
|
|move|p1a: Chansey|Reflect|p1a: Chansey
|cant|p2a: Hypno|par
|
|turn|49
|
|move|p1a: Chansey|Ice Beam|p2a: Hypno
|-damage|p2a: Hypno|83\/318 par
|move|p2a: Hypno|Rest|p2a: Hypno
|-status|p2a: Hypno|slp
|-heal|p2a: Hypno|318\/318 slp|[silent]
|-status|p2a: Hypno|slp|[from] move: Rest
|
|turn|50
|
|switch|p1a: Sandslash|Sandslash, L85|301\/301
|cant|p2a: Hypno|slp
|
|turn|51
|
|move|p1a: Sandslash|Earthquake|p2a: Hypno
|-damage|p2a: Hypno|196\/318 slp
|cant|p2a: Hypno|slp
|-curestatus|p2a: Hypno|slp
|
|turn|52
|
|switch|p2a: Dragonair|Dragonair, L85|139\/277 par
|move|p1a: Sandslash|Earthquake|p2a: Dragonair
|-crit|p2a: Dragonair
|-damage|p2a: Dragonair|0 fnt
|faint|p2a: Dragonair
|
|switch|p2a: Hypno|Hypno, L85|196\/318
|turn|53
|
|move|p2a: Hypno|Psychic|p1a: Sandslash
|-damage|p1a: Sandslash|167\/301
|move|p1a: Sandslash|Earthquake|p2a: Hypno
|-damage|p2a: Hypno|66\/318
|
|turn|54
|
|move|p2a: Hypno|Rest|p2a: Hypno
|-status|p2a: Hypno|slp
|-heal|p2a: Hypno|318\/318 slp|[silent]
|-status|p2a: Hypno|slp|[from] move: Rest
|move|p1a: Sandslash|Earthquake|p2a: Hypno
|-damage|p2a: Hypno|186\/318 slp
|
|turn|55
|
|cant|p2a: Hypno|slp
|move|p1a: Sandslash|Earthquake|p2a: Hypno
|-damage|p2a: Hypno|55\/318 slp
|
|turn|56
|
|cant|p2a: Hypno|slp
|-curestatus|p2a: Hypno|slp
|move|p1a: Sandslash|Earthquake|p2a: Hypno
|-crit|p2a: Hypno
|-damage|p2a: Hypno|0 fnt
|faint|p2a: Hypno
|
|switch|p2a: Arcanine|Arcanine, L85|327\/327
|turn|57
|
|move|p2a: Arcanine|Body Slam|p1a: Sandslash
|-damage|p1a: Sandslash|104\/301
|move|p1a: Sandslash|Earthquake|p2a: Arcanine
|-supereffective|p2a: Arcanine
|-damage|p2a: Arcanine|108\/327
|
|turn|58
|
|move|p2a: Arcanine|Body Slam|p1a: Sandslash
|-crit|p1a: Sandslash
|-damage|p1a: Sandslash|0 fnt
|faint|p1a: Sandslash
|
|switch|p1a: Chansey|Chansey, L79|557\/557
|turn|59
|
|move|p2a: Arcanine|Mimic|p1a: Chansey
|-start|p2a: Arcanine|Mimic|Reflect
|move|p1a: Chansey|Thunder Wave|p2a: Arcanine
|-status|p2a: Arcanine|par
|
|turn|60
|
|move|p1a: Chansey|Reflect|p1a: Chansey
|move|p2a: Arcanine|Fire Blast|p1a: Chansey|[miss]
|-miss|p2a: Arcanine
|
|turn|61
|
|move|p1a: Chansey|Ice Beam|p2a: Arcanine
|-damage|p2a: Arcanine|40\/327 par
|move|p2a: Arcanine|Fire Blast|p1a: Chansey
|-damage|p1a: Chansey|449\/557
|
|turn|62
|
|move|p1a: Chansey|Ice Beam|p2a: Arcanine
|-crit|p2a: Arcanine
|-damage|p2a: Arcanine|0 fnt
|faint|p2a: Arcanine
|
|win|SonicJaxx
|raw|Ladder updating...
|raw|SonicJaxx's rating: 1357 &rarr; <strong>1371<\/strong><br \/>(+14 for winning)
|raw|daw523's rating: 1252 &rarr; <strong>1235<\/strong><br \/>(-17 for losing)
|c|★SonicJaxx|gg
|leave|daw523
|player|p2