|j|moosaidmycow
|j|pimaxiu
|player|p1|moosaidmycow|184
|player|p2|pimaxiu|102
|gametype|singles
|gen|1
|tier|[Gen 1] Random Battle
|rated
|seed|
|rule|Sleep Clause Mod: Limit one foe put to sleep
|rule|Freeze Clause Mod: Limit one foe frozen
|rule|HP Percentage Mod: HP is shown in percentages
|
|start
|switch|p1a: Victreebel|Victreebel, L85|100\/100
|switch|p2a: Raichu|Raichu, L85|100\/100
|turn|1
|choice||
|
|move|p2a: Raichu|Thunder Wave|p1a: Victreebel
|-status|p1a: Victreebel|par
|cant|p1a: Victreebel|par
|
|turn|2
|choice||
|
|switch|p2a: Marowak|Marowak, L90|100\/100
|move|p1a: Victreebel|Stun Spore|p2a: Marowak
|-status|p2a: Marowak|par
|
|turn|3
|choice||
|
|move|p1a: Victreebel|Razor Leaf|p2a: Marowak
|-crit|p2a: Marowak
|-supereffective|p2a: Marowak
|-damage|p2a: Marowak|0 fnt
|faint|p2a: Marowak
|c|★moosaidmycow|sweet
|choice||
|
|switch|p2a: Mew|Mew, L74|100\/100
|turn|4
|choice||
|
|move|p2a: Mew|Blizzard|p1a: Victreebel
|-supereffective|p1a: Victreebel
|-damage|p1a: Victreebel|63\/100 par
|move|p1a: Victreebel|Stun Spore|p2a: Mew
|-status|p2a: Mew|par
|
|turn|5
|choice||
|
|move|p2a: Mew|Psychic|p1a: Victreebel
|-supereffective|p1a: Victreebel
|-damage|p1a: Victreebel|19\/100 par
|-unboost|p1a: Victreebel|spd|1
|-unboost|p1a: Victreebel|spa|1
|move|p1a: Victreebel|Razor Leaf|p2a: Mew
|-crit|p2a: Mew
|-damage|p2a: Mew|58\/100 par
|
|turn|6
|choice||
|
|switch|p1a: Jynx|Jynx, L79|100\/100
|cant|p2a: Mew|par
|
|turn|7
|choice||
|
|move|p1a: Jynx|Blizzard|p2a: Mew
|-damage|p2a: Mew|19\/100 par
|cant|p2a: Mew|par
|
|turn|8
|choice||
|
|move|p1a: Jynx|Blizzard|p2a: Mew|[miss]
|-miss|p1a: Jynx
|move|p2a: Mew|Explosion|p1a: Jynx
|-crit|p1a: Jynx
|-damage|p1a: Jynx|0 fnt
|faint|p1a: Jynx
|faint|p2a: Mew
|c|★moosaidmycow|-_-
|choice||
|
|switch|p2a: Raichu|Raichu, L85|100\/100
|switch|p1a: Victreebel|Victreebel, L85|19\/100 par
|turn|9
|choice||
|
|move|p2a: Raichu|Hyper Beam|p1a: Victreebel
|-crit|p1a: Victreebel
|-damage|p1a: Victreebel|0 fnt
|faint|p1a: Victreebel
|choice||
|
|switch|p1a: Dragonair|Dragonair, L85|100\/100
|turn|10
|choice||
|
|move|p2a: Raichu|Thunder Wave|p1a: Dragonair
|-status|p1a: Dragonair|par
|move|p1a: Dragonair|Thunder Wave|p2a: Raichu
|-status|p2a: Raichu|par
|
|turn|11
|c|★moosaidmycow|miss blizzard crit explode
|choice||
|
|move|p2a: Raichu|Thunder|p1a: Dragonair
|-crit|p1a: Dragonair
|-resisted|p1a: Dragonair
|-damage|p1a: Dragonair|48\/100 par
|move|p1a: Dragonair|Ice Beam|p2a: Raichu
|-damage|p2a: Raichu|82\/100 par
|
|turn|12
|c|★moosaidmycow|crit
|choice||
|
|move|p2a: Raichu|Thunder|p1a: Dragonair
|-resisted|p1a: Dragonair
|-damage|p1a: Dragonair|25\/100 par
|move|p1a: Dragonair|Ice Beam|p2a: Raichu
|-damage|p2a: Raichu|61\/100 par
|
|turn|13
|c|★moosaidmycow|keep it coming
|choice||
|
|move|p2a: Raichu|Hyper Beam|p1a: Dragonair
|-damage|p1a: Dragonair|0 fnt
|faint|p1a: Dragonair
|choice||
|
|switch|p1a: Magneton|Magneton, L90|100\/100
|turn|14
|choice||
|
|move|p1a: Magneton|Thunderbolt|p2a: Raichu
|-resisted|p2a: Raichu
|-damage|p2a: Raichu|37\/100 par
|move|p2a: Raichu|Thunder Wave|p1a: Magneton
|-status|p1a: Magneton|par
|
|turn|15
|choice||
|
|move|p2a: Raichu|Hyper Beam|p1a: Magneton
|-damage|p1a: Magneton|67\/100 par
|move|p1a: Magneton|Thunderbolt|p2a: Raichu
|-resisted|p2a: Raichu
|-damage|p2a: Raichu|14\/100 par
|
|turn|16
|-mustrecharge|p2a: Raichu
|c|★moosaidmycow|no para
|c|★moosaidmycow|keep it coming
|-mustrecharge|p2a: Raichu
|choice||
|
|cant|p2a: Raichu|recharge
|cant|p1a: Magneton|par
|
|turn|17
|choice||
|
|move|p2a: Raichu|Hyper Beam|p1a: Magneton
|-damage|p1a: Magneton|33\/100 par
|move|p1a: Magneton|Thunderbolt|p2a: Raichu
|-crit|p2a: Raichu
|-resisted|p2a: Raichu
|-damage|p2a: Raichu|0 fnt
|faint|p2a: Raichu
|c|★moosaidmycow|keep the luck coming god damnit
|choice||
|
|switch|p2a: Bellsprout|Bellsprout, L96|100\/100
|turn|18
|choice||
|
|move|p2a: Bellsprout|Razor Leaf|p1a: Magneton
|-crit|p1a: Magneton
|-damage|p1a: Magneton|0 fnt
|faint|p1a: Magneton
|c|★pimaxiu|you ok?
|c|★moosaidmycow|no
|choice||
|
|switch|p1a: Rapidash|Rapidash, L90|100\/100
|turn|19
|choice||
|
|move|p1a: Rapidash|Fire Blast|p2a: Bellsprout
|-supereffective|p2a: Bellsprout
|-damage|p2a: Bellsprout|17\/100
|move|p2a: Bellsprout|Sleep Powder|p1a: Rapidash
|-status|p1a: Rapidash|slp
|
|turn|20
|choice||
|
|cant|p1a: Rapidash|slp
|move|p2a: Bellsprout|Swords Dance|p2a: Bellsprout
|-boost|p2a: Bellsprout|atk|2
|
|turn|21
|c|★moosaidmycow|man u hitting everything
|choice||
|
|-curestatus|p1a: Rapidash|slp
|move|p2a: Bellsprout|Body Slam|p1a: Rapidash
|-damage|p1a: Rapidash|54\/100
|
|turn|22
|choice||
|
|move|p1a: Rapidash|Fire Blast|p2a: Bellsprout|[miss]
|-miss|p1a: Rapidash
|move|p2a: Bellsprout|Sleep Powder|p1a: Rapidash
|-status|p1a: Rapidash|slp
|
|turn|23
|c|★moosaidmycow|lol
|c|★pimaxiu|lmao
|c|★moosaidmycow|keep the luck coming man
|choice||
|
|cant|p1a: Rapidash|slp
|move|p2a: Bellsprout|Swords Dance|p2a: Bellsprout
|-boost|p2a: Bellsprout|atk|2
|
|turn|24
|c|★moosaidmycow|keep that shit coming
|choice||
|
|cant|p1a: Rapidash|slp
|move|p2a: Bellsprout|Body Slam|p1a: Rapidash
|-damage|p1a: Rapidash|0 fnt
|faint|p1a: Rapidash
|choice||
|
|switch|p1a: Dewgong|Dewgong, L85|100\/100
|turn|25
|c|★moosaidmycow|u normally get this lucky
|c|★moosaidmycow|?
|c|★pimaxiu|nah usuallt im in ur spot
|choice||
|
|move|p1a: Dewgong|Blizzard|p2a: Bellsprout
|-supereffective|p2a: Bellsprout
|-damage|p2a: Bellsprout|0 fnt
|faint|p2a: Bellsprout
|c|★moosaidmycow|RNG FTW
|c|★pimaxiu|this is a nice chamge of pace
|choice||
|
|switch|p2a: Magneton|Magneton, L90|100\/100
|turn|26
|choice||
|
|move|p2a: Magneton|Thunder Wave|p1a: Dewgong
|-status|p1a: Dewgong|par
|move|p1a: Dewgong|Blizzard|p2a: Magneton|[miss]
|-miss|p1a: Dewgong
|
|turn|27
|c|★moosaidmycow|ugh
|choice||
|
|move|p2a: Magneton|Thunderbolt|p1a: Dewgong
|-supereffective|p1a: Dewgong
|-damage|p1a: Dewgong|25\/100 par
|move|p1a: Dewgong|Blizzard|p2a: Magneton
|-crit|p2a: Magneton
|-damage|p2a: Magneton|28\/100
|-status|p2a: Magneton|frz
|
|turn|28
|choice||
|
|switch|p2a: Slowbro|Slowbro, L79|100\/100
|move|p1a: Dewgong|Mimic|p2a: Slowbro
|-start|p1a: Dewgong|Mimic|Rest
|
|turn|29
|choice||
|
|move|p2a: Slowbro|Amnesia|p2a: Slowbro
|-boost|p2a: Slowbro|spd|2
|-boost|p2a: Slowbro|spa|2
|move|p1a: Dewgong|Rest|p1a: Dewgong
|-status|p1a: Dewgong|slp
|-heal|p1a: Dewgong|100\/100 slp|[silent]
|-status|p1a: Dewgong|slp|[from] move: Rest
|
|turn|30
|choice||
|
|move|p2a: Slowbro|Amnesia|p2a: Slowbro
|-boost|p2a: Slowbro|spd|2
|-boost|p2a: Slowbro|spa|2
|cant|p1a: Dewgong|slp
|
|turn|31
|c|★moosaidmycow|if i only had a chance in the start
|choice||
|
|move|p2a: Slowbro|Surf|p1a: Dewgong
|-resisted|p1a: Dewgong
|-damage|p1a: Dewgong|66\/100 slp
|-curestatus|p1a: Dewgong|slp
|
|turn|32
|c|★moosaidmycow|its a shame
|choice||
|
|move|p2a: Slowbro|Thunder Wave|p1a: Dewgong
|-status|p1a: Dewgong|par
|cant|p1a: Dewgong|par
|
|turn|33
|choice||
|
|move|p2a: Slowbro|Amnesia|p2a: Slowbro
|-boost|p2a: Slowbro|spd|2
|-boost|p2a: Slowbro|spa|2
|move|p1a: Dewgong|Body Slam|p2a: Slowbro
|-damage|p2a: Slowbro|85\/100
|-status|p2a: Slowbro|par
|
|turn|34
|choice||
|
|move|p2a: Slowbro|Surf|p1a: Dewgong
|-resisted|p1a: Dewgong
|-damage|p1a: Dewgong|23\/100 par
|move|p1a: Dewgong|Body Slam|p2a: Slowbro
|-damage|p2a: Slowbro|69\/100 par
|
|turn|35
|choice||
|
|move|p2a: Slowbro|Surf|p1a: Dewgong
|-resisted|p1a: Dewgong
|-damage|p1a: Dewgong|0 fnt
|faint|p1a: Dewgong
|
|win|pimaxiu
|player|p1
|player|p2
|c|★pimaxiu|gg
|raw|moosaidmycow's rating: 1240 &rarr; <strong>1217<\/strong><br \/>(-23 for losing)
|raw|pimaxiu's rating: 1279 &rarr; <strong>1302<\/strong><br \/>(+23 for winning)
|l|pimaxiu