|j|Verge88
|j|MALESANI
|player|p1|Verge88|1
|player|p2|MALESANI|238
|gametype|singles
|gen|1
|tier|[Gen 1] Random Battle
|rated
|seed|51092,19602,2468,4489
|rule|Sleep Clause Mod: Limit one foe put to sleep
|rule|Freeze Clause Mod: Limit one foe frozen
|rule|HP Percentage Mod: HP is shown in percentages
|
|start
|switch|p1a: Graveler|Graveler, L85|267\/267
|switch|p2a: Wigglytuff|Wigglytuff, L90|435\/435
|turn|1
|choice|move 2|move 2
|
|move|p2a: Wigglytuff|Blizzard|p1a: Graveler
|-supereffective|p1a: Graveler
|-damage|p1a: Graveler|75\/267
|move|p1a: Graveler|Explosion|p2a: Wigglytuff
|-damage|p2a: Wigglytuff|93\/435
|faint|p1a: Graveler
|choice|switch 4|
|
|switch|p1a: Persian|Persian, L79|265\/265
|turn|2
|choice|move 1|move 3
|
|move|p1a: Persian|Slash|p2a: Wigglytuff
|-crit|p2a: Wigglytuff
|-damage|p2a: Wigglytuff|0 fnt
|faint|p2a: Wigglytuff
|choice||switch 5
|
|switch|p2a: Exeggutor|Exeggutor, L79|312\/312
|turn|3
|c|★Verge88|#ihatewigglytuffthismuch
|c|★Verge88|:D
|c|★MALESANI|lol
|choice|switch 2|move 2
|
|switch|p1a: Nidorino|Nidorino, L90|293\/293
|move|p2a: Exeggutor|Psychic|p1a: Nidorino
|-crit|p1a: Nidorino
|-supereffective|p1a: Nidorino
|-damage|p1a: Nidorino|0 fnt
|faint|p1a: Nidorino
|choice|switch 5|
|
|switch|p1a: Slowbro|Slowbro, L79|312\/312
|turn|4
|choice|move 3|move 1
|
|move|p2a: Exeggutor|Sleep Powder|p1a: Slowbro
|-status|p1a: Slowbro|slp
|cant|p1a: Slowbro|slp
|
|turn|5
|c|★Verge88|you got it wrong man...
|c|★MALESANI|maybe
|c|★Verge88|you were supposed to sleep me last turn :D
|choice|move 3|switch 3
|
|switch|p2a: Zapdos|Zapdos, L79|304\/304
|-curestatus|p1a: Slowbro|slp
|
|turn|6
|choice|switch 2|move 4
|
|switch|p1a: Persian|Persian, L79|265\/265
|move|p2a: Zapdos|Thunderbolt|p1a: Persian
|-damage|p1a: Persian|131\/265
|
|turn|7
|choice|move 1|move 4
|
|move|p1a: Persian|Slash|p2a: Zapdos
|-crit|p2a: Zapdos
|-damage|p2a: Zapdos|184\/304
|move|p2a: Zapdos|Thunderbolt|p1a: Persian
|-damage|p1a: Persian|0 fnt
|faint|p1a: Persian
|choice|switch 3|
|
|switch|p1a: Scyther|Scyther, L90|309\/309
|turn|8
|choice|move 3|switch 2
|
|switch|p2a: Weedle|Weedle, L99|280\/280
|move|p1a: Scyther|Hyper Beam|p2a: Weedle|[miss]
|-miss|p1a: Scyther
|
|turn|9
|choice|switch 2|move 2
|
|switch|p1a: Slowbro|Slowbro, L79|312\/312
|move|p2a: Weedle|Poison Sting|p1a: Slowbro
|-damage|p1a: Slowbro|298\/312
|
|turn|10
|choice|move 1|switch 3
|
|switch|p2a: Exeggutor|Exeggutor, L79|312\/312
|move|p1a: Slowbro|Amnesia|p1a: Slowbro
|-boost|p1a: Slowbro|spd|2
|-boost|p1a: Slowbro|spa|2
|
|turn|11
|choice|move 1|move 1
|
|move|p2a: Exeggutor|Sleep Powder|p1a: Slowbro
|-status|p1a: Slowbro|slp
|cant|p1a: Slowbro|slp
|
|turn|12
|choice|move 1|move 3
|
|move|p2a: Exeggutor|Egg Bomb|p1a: Slowbro
|-damage|p1a: Slowbro|241\/312 slp
|cant|p1a: Slowbro|slp
|
|turn|13
|choice|switch 6|move 3
|
|switch|p1a: Arbok|Arbok, L90|291\/291
|move|p2a: Exeggutor|Egg Bomb|p1a: Arbok
|-crit|p1a: Arbok
|-damage|p1a: Arbok|157\/291
|
|turn|14
|choice|move 4|move 2
|
|move|p1a: Arbok|Glare|p2a: Exeggutor
|-status|p2a: Exeggutor|par
|cant|p2a: Exeggutor|par
|
|turn|15
|choice|switch 6|move 2
|
|switch|p1a: Slowbro|Slowbro, L79|241\/312 slp
|move|p2a: Exeggutor|Psychic|p1a: Slowbro
|-resisted|p1a: Slowbro
|-damage|p1a: Slowbro|188\/312 slp
|
|turn|16
|choice|move 2|move 4
|
|cant|p1a: Slowbro|slp
|move|p2a: Exeggutor|Explosion|p1a: Slowbro
|-damage|p1a: Slowbro|0 fnt
|faint|p1a: Slowbro
|faint|p2a: Exeggutor
|c|★Verge88|noooooo
|choice|switch 6|switch 4
|
|switch|p1a: Arbok|Arbok, L90|157\/291
|switch|p2a: Articuno|Articuno, L79|304\/304
|turn|17
|choice|move 4|move 1
|
|move|p1a: Arbok|Glare|p2a: Articuno
|-status|p2a: Articuno|par
|cant|p2a: Articuno|par
|
|turn|18
|choice|move 2|switch 3
|
|switch|p2a: Weedle|Weedle, L99|280\/280
|move|p1a: Arbok|Body Slam|p2a: Weedle
|-damage|p2a: Weedle|189\/280
|
|turn|19
|choice|move 4|move 1
|
|move|p1a: Arbok|Glare|p2a: Weedle|[miss]
|-miss|p1a: Arbok
|move|p2a: Weedle|String Shot|p1a: Arbok
|-unboost|p1a: Arbok|spe|1
|
|turn|20
|choice|move 4|move 2
|
|move|p2a: Weedle|Poison Sting|p1a: Arbok
|-resisted|p1a: Arbok
|-damage|p1a: Arbok|150\/291
|move|p1a: Arbok|Glare|p2a: Weedle
|-status|p2a: Weedle|par
|
|turn|21
|choice|move 2|move 2
|
|move|p1a: Arbok|Body Slam|p2a: Weedle
|-damage|p2a: Weedle|102\/280 par
|move|p2a: Weedle|Poison Sting|p1a: Arbok
|-resisted|p1a: Arbok
|-damage|p1a: Arbok|143\/291
|
|turn|22
|choice|move 2|move 2
|
|move|p1a: Arbok|Body Slam|p2a: Weedle
|-damage|p2a: Weedle|16\/280 par
|move|p2a: Weedle|Poison Sting|p1a: Arbok
|-crit|p1a: Arbok
|-resisted|p1a: Arbok
|-damage|p1a: Arbok|130\/291
|
|turn|23
|choice|switch 2|move 2
|
|switch|p1a: Scyther|Scyther, L90|309\/309
|move|p2a: Weedle|Poison Sting|p1a: Scyther
|-supereffective|p1a: Scyther
|-damage|p1a: Scyther|282\/309
|
|turn|24
|choice|switch 2|move 1
|
|switch|p1a: Arbok|Arbok, L90|130\/291
|move|p2a: Weedle|String Shot|p1a: Arbok|[miss]
|-miss|p2a: Weedle
|
|turn|25
|choice|move 2|move 1
|
|move|p1a: Arbok|Body Slam|p2a: Weedle
|-damage|p2a: Weedle|0 fnt
|faint|p2a: Weedle
|choice||switch 6
|
|switch|p2a: Jynx|Jynx, L79|265\/265
|turn|26
|choice|move 4|move 2
|
|move|p1a: Arbok|Glare|p2a: Jynx|[miss]
|-miss|p1a: Arbok
|move|p2a: Jynx|Psychic|p1a: Arbok
|-crit|p1a: Arbok
|-supereffective|p1a: Arbok
|-damage|p1a: Arbok|0 fnt
|faint|p1a: Arbok
|choice|switch 2|
|
|switch|p1a: Scyther|Scyther, L90|282\/309
|turn|27
|c|★Verge88|meh
|choice|move 2|move 4
|
|move|p1a: Scyther|Slash|p2a: Jynx
|-crit|p2a: Jynx
|-damage|p2a: Jynx|60\/265
|move|p2a: Jynx|Blizzard|p1a: Scyther
|-supereffective|p1a: Scyther
|-damage|p1a: Scyther|6\/309
|
|turn|28
|choice|move 2|move 2
|
|move|p1a: Scyther|Slash|p2a: Jynx
|-crit|p2a: Jynx
|-damage|p2a: Jynx|0 fnt
|faint|p2a: Jynx
|c|★Verge88|interesting though
|choice||switch 2
|
|switch|p2a: Zapdos|Zapdos, L79|184\/304
|turn|29
|choice|move 2|move 2
|
|move|p1a: Scyther|Slash|p2a: Zapdos
|-crit|p2a: Zapdos
|-damage|p2a: Zapdos|47\/304
|move|p2a: Zapdos|Drill Peck|p1a: Scyther
|-crit|p1a: Scyther
|-supereffective|p1a: Scyther
|-damage|p1a: Scyther|0 fnt
|faint|p1a: Scyther
|
|win|MALESANI
|raw|Verge88's rating: 1278 &rarr; <strong>1258<\/strong><br \/>(-20 for losing)
|raw|MALESANI's rating: 1351 &rarr; <strong>1367<\/strong><br \/>(+16 for winning)
|c|★Verge88|meh
|c|★Verge88|gg
|c|★Verge88|meh
|c|★MALESANI|hyper beam > slash
|c|★MALESANI|gg btw