|join|MALESANI
|join|The Underwhelmer
|player|p1|MALESANI|238
|player|p2|The Underwhelmer|200
|gametype|singles
|gen|1
|tier|[Gen 1] Random Battle
|rated
|seed|11042,387,33832,47514
|rule|Sleep Clause Mod: Limit one foe put to sleep
|rule|Freeze Clause Mod: Limit one foe frozen
|rule|HP Percentage Mod: HP is shown in percentages
|
|start
|switch|p1a: Rhydon|Rhydon, L79|328\/328
|switch|p2a: Ekans|Ekans, L96|262\/262
|turn|1
|choice|move 4|move 3
|
|move|p2a: Ekans|Glare|p1a: Rhydon|[miss]
|-miss|p2a: Ekans
|move|p1a: Rhydon|Earthquake|p2a: Ekans
|-supereffective|p2a: Ekans
|-damage|p2a: Ekans|0 fnt
|faint|p2a: Ekans
|choice||switch 2
|
|switch|p2a: Magikarp|Magikarp, L99|240\/240
|turn|2
|choice|move 1|move 2
|
|move|p2a: Magikarp|Dragon Rage|p1a: Rhydon
|-damage|p1a: Rhydon|288\/328
|move|p1a: Rhydon|Body Slam|p2a: Magikarp
|-damage|p2a: Magikarp|171\/240
|
|turn|3
|choice|switch 6|move 2
|
|switch|p1a: Jolteon|Jolteon, L79|265\/265
|move|p2a: Magikarp|Dragon Rage|p1a: Jolteon
|-damage|p1a: Jolteon|225\/265
|
|turn|4
|choice|move 1|move 2
|
|move|p1a: Jolteon|Thunderbolt|p2a: Magikarp
|-crit|p2a: Magikarp
|-supereffective|p2a: Magikarp
|-damage|p2a: Magikarp|0 fnt
|faint|p2a: Magikarp
|choice||switch 4
|
|switch|p2a: Rhydon|Rhydon, L79|328\/328
|turn|5
|choice|switch 5|move 4
|
|switch|p1a: Exeggutor|Exeggutor, L79|312\/312
|move|p2a: Rhydon|Body Slam|p1a: Exeggutor
|-damage|p1a: Exeggutor|245\/312
|
|turn|6
|choice|move 4|switch 5
|
|switch|p2a: Jynx|Jynx, L79|265\/265
|move|p1a: Exeggutor|Psychic|p2a: Jynx
|-resisted|p2a: Jynx
|-damage|p2a: Jynx|216\/265
|
|turn|7
|choice|switch 3|move 2
|
|switch|p1a: Ditto|Ditto, L99|296\/296
|move|p2a: Jynx|Blizzard|p1a: Ditto
|-damage|p1a: Ditto|158\/296
|
|turn|8
|choice|move 1|move 3
|
|move|p2a: Jynx|Lovely Kiss|p1a: Ditto
|-status|p1a: Ditto|slp
|cant|p1a: Ditto|slp
|
|turn|9
|choice|switch 4|move 2
|
|switch|p1a: Lapras|Lapras, L79|367\/367
|move|p2a: Jynx|Blizzard|p1a: Lapras|[miss]
|-miss|p2a: Jynx
|
|turn|10
|choice|move 3|move 4
|
|move|p2a: Jynx|Psychic|p1a: Lapras
|-damage|p1a: Lapras|289\/367
|move|p1a: Lapras|Confuse Ray|p2a: Jynx
|-start|p2a: Jynx|confusion
|
|turn|11
|choice|move 4|switch 3
|
|switch|p2a: Mew|Mew, L74|300\/300
|move|p1a: Lapras|Thunderbolt|p2a: Mew
|-damage|p2a: Mew|237\/300
|
|turn|12
|choice|switch 3|move 4
|
|switch|p1a: Exeggutor|Exeggutor, L79|245\/312
|move|p2a: Mew|Thunder Wave|p1a: Exeggutor
|-status|p1a: Exeggutor|par
|
|turn|13
|choice|move 1|switch 3
|
|switch|p2a: Jynx|Jynx, L79|216\/265
|move|p1a: Exeggutor|Sleep Powder|p2a: Jynx
|-status|p2a: Jynx|slp
|
|turn|14
|choice|move 4|move 2
|
|cant|p2a: Jynx|slp
|move|p1a: Exeggutor|Psychic|p2a: Jynx
|-resisted|p2a: Jynx
|-damage|p2a: Jynx|165\/265 slp
|
|turn|15
|choice|move 3|move 2
|
|cant|p2a: Jynx|slp
|move|p1a: Exeggutor|Hyper Beam|p2a: Jynx
|-damage|p2a: Jynx|3\/265 slp
|
|turn|16
|-mustrecharge|p1a: Exeggutor
|-mustrecharge|p1a: Exeggutor
|choice|move 1|move 2
|
|cant|p2a: Jynx|slp
|cant|p1a: Exeggutor|recharge
|
|turn|17
|choice|move 4|move 2
|
|-curestatus|p2a: Jynx|slp
|move|p1a: Exeggutor|Psychic|p2a: Jynx
|-resisted|p2a: Jynx
|-damage|p2a: Jynx|0 fnt
|faint|p2a: Jynx
|choice||switch 6
|
|switch|p2a: Dragonite|Dragonite, L85|328\/328
|turn|18
|choice|switch 2|move 1
|
|switch|p1a: Muk|Muk, L90|372\/372
|move|p2a: Dragonite|Blizzard|p1a: Muk
|-damage|p1a: Muk|271\/372
|
|turn|19
|choice|move 3|switch 5
|
|switch|p2a: Rhydon|Rhydon, L79|328\/328
|move|p1a: Muk|Body Slam|p2a: Rhydon
|-resisted|p2a: Rhydon
|-damage|p2a: Rhydon|298\/328
|
|turn|20
|choice|switch 4|move 3
|
|switch|p1a: Ditto|Ditto, L99|158\/296 slp
|move|p2a: Rhydon|Earthquake|p1a: Ditto
|-damage|p1a: Ditto|16\/296 slp
|
|turn|21
|choice|move 1|move 3
|
|cant|p1a: Ditto|slp
|move|p2a: Rhydon|Earthquake|p1a: Ditto
|-damage|p1a: Ditto|0 fnt
|faint|p1a: Ditto
|choice|switch 3|
|
|switch|p1a: Lapras|Lapras, L79|289\/367
|turn|22
|choice|move 1|move 2
|
|move|p1a: Lapras|Ice Beam|p2a: Rhydon
|-supereffective|p2a: Rhydon
|-damage|p2a: Rhydon|46\/328
|move|p2a: Rhydon|Rock Slide|p1a: Lapras
|-supereffective|p1a: Lapras
|-damage|p1a: Lapras|109\/367
|
|turn|23
|choice|move 1|switch 3
|
|switch|p2a: Mew|Mew, L74|237\/300
|move|p1a: Lapras|Ice Beam|p2a: Mew
|-damage|p2a: Mew|140\/300
|
|turn|24
|choice|switch 2|move 2
|
|switch|p1a: Exeggutor|Exeggutor, L79|245\/312 par
|move|p2a: Mew|Psychic|p1a: Exeggutor
|-crit|p1a: Exeggutor
|-resisted|p1a: Exeggutor
|-damage|p1a: Exeggutor|184\/312 par
|-unboost|p1a: Exeggutor|spd|1
|-unboost|p1a: Exeggutor|spa|1
|
|turn|25
|choice|move 2|move 2
|
|move|p2a: Mew|Psychic|p1a: Exeggutor
|-resisted|p1a: Exeggutor
|-damage|p1a: Exeggutor|136\/312 par
|move|p1a: Exeggutor|Explosion|p2a: Mew
|-damage|p2a: Mew|0 fnt
|faint|p2a: Mew
|faint|p1a: Exeggutor
|choice|switch 4|switch 5
|
|switch|p2a: Dragonite|Dragonite, L85|328\/328
|switch|p1a: Muk|Muk, L90|271\/372
|turn|26
|choice|move 3|move 4
|
|move|p2a: Dragonite|Thunder|p1a: Muk|[miss]
|-miss|p2a: Dragonite
|move|p1a: Muk|Body Slam|p2a: Dragonite
|-damage|p2a: Dragonite|258\/328
|
|turn|27
|choice|move 4|move 4
|
|move|p2a: Dragonite|Thunder|p1a: Muk
|-damage|p1a: Muk|173\/372
|move|p1a: Muk|Sludge|p2a: Dragonite
|-crit|p2a: Dragonite
|-damage|p2a: Dragonite|118\/328
|-status|p2a: Dragonite|psn
|
|turn|28
|choice|move 1|move 4
|
|move|p2a: Dragonite|Thunder|p1a: Muk
|-damage|p1a: Muk|76\/372
|-damage|p2a: Dragonite|98\/328 psn|[from] psn|[of] p1a: Muk
|move|p1a: Muk|Explosion|p2a: Dragonite
|-damage|p2a: Dragonite|0 fnt
|faint|p2a: Dragonite
|faint|p1a: Muk
|choice|switch 6|switch 3
|
|switch|p1a: Rhydon|Rhydon, L79|288\/328
|switch|p2a: Rhydon|Rhydon, L79|46\/328
|turn|29
|choice|move 1|move 3
|
|move|p1a: Rhydon|Body Slam|p2a: Rhydon
|-crit|p2a: Rhydon
|-resisted|p2a: Rhydon
|-damage|p2a: Rhydon|0 fnt
|faint|p2a: Rhydon
|
|win|MALESANI
|raw|MALESANI's rating: 1256 &rarr; <strong>1284<\/strong><br \/>(+28 for winning)
|raw|The Underwhelmer's rating: 1294 &rarr; <strong>1266<\/strong><br \/>(-28 for losing)
|leave|The Underwhelmer
|player|p2