|j|riote
|j|AitorMaster
|player|p1|riote|263
|player|p2|AitorMaster|169
|gametype|singles
|gen|1
|tier|[Gen 1] Random Battle
|rated
|seed|36570,1373,58179,64067
|rule|Sleep Clause Mod: Limit one foe put to sleep
|rule|Freeze Clause Mod: Limit one foe frozen
|rule|HP Percentage Mod: HP is shown in percentages
|
|start
|switch|p1a: Rhyhorn|Rhyhorn, L96|348\/348
|switch|p2a: Dragonair|Dragonair, L85|277\/277
|turn|1
|choice|switch 2|move 3
|
|switch|p1a: Seadra|Seadra, L90|282\/282
|move|p2a: Dragonair|Surf|p1a: Seadra
|-crit|p1a: Seadra
|-resisted|p1a: Seadra
|-damage|p1a: Seadra|232\/282
|
|turn|2
|choice|move 3|switch 3
|
|switch|p2a: Jynx|Jynx, L79|265\/265
|move|p1a: Seadra|Mimic|p2a: Jynx
|-start|p1a: Seadra|Mimic|Lovely Kiss
|
|turn|3
|choice|move 3|move 3
|
|move|p1a: Seadra|Lovely Kiss|p2a: Jynx
|-status|p2a: Jynx|slp
|cant|p2a: Jynx|slp
|
|turn|4
|choice|move 1|move 3
|
|move|p1a: Seadra|Surf|p2a: Jynx
|-damage|p2a: Jynx|155\/265 slp
|cant|p2a: Jynx|slp
|
|turn|5
|choice|move 1|switch 2
|
|switch|p2a: Clefairy|Clefairy, L95|326\/326
|move|p1a: Seadra|Surf|p2a: Clefairy
|-damage|p2a: Clefairy|208\/326
|
|turn|6
|choice|move 1|move 3
|
|move|p1a: Seadra|Surf|p2a: Clefairy
|-damage|p2a: Clefairy|86\/326
|move|p2a: Clefairy|Thunder Wave|p1a: Seadra
|-status|p1a: Seadra|par
|
|turn|7
|choice|move 1|move 1
|
|move|p2a: Clefairy|Thunderbolt|p1a: Seadra
|-crit|p1a: Seadra
|-supereffective|p1a: Seadra
|-damage|p1a: Seadra|18\/282 par
|cant|p1a: Seadra|par
|
|turn|8
|choice|move 1|move 1
|
|move|p2a: Clefairy|Thunderbolt|p1a: Seadra
|-supereffective|p1a: Seadra
|-damage|p1a: Seadra|0 fnt
|faint|p1a: Seadra
|choice|switch 3|
|
|switch|p1a: Nidorino|Nidorino, L90|293\/293
|turn|9
|choice|move 3|move 3
|
|move|p1a: Nidorino|Thunderbolt|p2a: Clefairy
|-damage|p2a: Clefairy|26\/326
|-status|p2a: Clefairy|par
|cant|p2a: Clefairy|par
|
|turn|10
|choice|move 3|move 3
|
|move|p1a: Nidorino|Thunderbolt|p2a: Clefairy
|-crit|p2a: Clefairy
|-damage|p2a: Clefairy|0 fnt
|faint|p2a: Clefairy
|choice||switch 2
|
|switch|p2a: Jynx|Jynx, L79|155\/265 slp
|turn|11
|choice|move 1|move 4
|
|cant|p2a: Jynx|slp
|move|p1a: Nidorino|Substitute|p1a: Nidorino
|-start|p1a: Nidorino|Substitute
|-damage|p1a: Nidorino|220\/293
|
|turn|12
|choice|move 3|move 4
|
|cant|p2a: Jynx|slp
|move|p1a: Nidorino|Thunderbolt|p2a: Jynx
|-damage|p2a: Jynx|97\/265 slp
|
|turn|13
|choice|move 3|move 4
|
|-curestatus|p2a: Jynx|slp
|move|p1a: Nidorino|Thunderbolt|p2a: Jynx
|-damage|p2a: Jynx|37\/265
|-status|p2a: Jynx|par
|
|turn|14
|choice|move 3|move 4
|
|move|p1a: Nidorino|Thunderbolt|p2a: Jynx
|-damage|p2a: Jynx|0 fnt
|faint|p2a: Jynx
|choice||switch 4
|
|switch|p2a: Nidoqueen|Nidoqueen, L85|327\/327
|turn|15
|choice|switch 2|move 1
|
|switch|p1a: Rhyhorn|Rhyhorn, L96|348\/348
|move|p2a: Nidoqueen|Earthquake|p1a: Rhyhorn
|-supereffective|p1a: Rhyhorn
|-damage|p1a: Rhyhorn|172\/348
|
|turn|16
|choice|move 2|move 1
|
|move|p2a: Nidoqueen|Earthquake|p1a: Rhyhorn
|-supereffective|p1a: Rhyhorn
|-damage|p1a: Rhyhorn|0 fnt
|faint|p1a: Rhyhorn
|choice|switch 6|
|
|switch|p1a: Hypno|Hypno, L85|318\/318
|turn|17
|choice|move 1|move 1
|
|move|p2a: Nidoqueen|Earthquake|p1a: Hypno
|-damage|p1a: Hypno|201\/318
|move|p1a: Hypno|Psychic|p2a: Nidoqueen
|-crit|p2a: Nidoqueen
|-supereffective|p2a: Nidoqueen
|-damage|p2a: Nidoqueen|0 fnt
|faint|p2a: Nidoqueen
|choice||switch 3
|
|switch|p2a: Dragonair|Dragonair, L85|277\/277
|turn|18
|choice|move 3|move 3
|
|move|p2a: Dragonair|Surf|p1a: Hypno
|-damage|p1a: Hypno|155\/318
|move|p1a: Hypno|Hypnosis|p2a: Dragonair
|-status|p2a: Dragonair|slp
|
|turn|19
|choice|switch 5|switch 5
|
|switch|p2a: Rapidash|Rapidash, L90|300\/300
|switch|p1a: Snorlax|Snorlax, L79|415\/415
|
|turn|20
|choice|move 1|move 1
|
|move|p2a: Rapidash|Fire Blast|p1a: Snorlax
|-crit|p1a: Snorlax
|-damage|p1a: Snorlax|95\/415
|move|p1a: Snorlax|Amnesia|p1a: Snorlax
|-boost|p1a: Snorlax|spd|2
|-boost|p1a: Snorlax|spa|2
|
|turn|21
|choice|move 3|move 1
|
|move|p2a: Rapidash|Fire Blast|p1a: Snorlax
|-damage|p1a: Snorlax|15\/415
|-status|p1a: Snorlax|brn
|move|p1a: Snorlax|Surf|p2a: Rapidash
|-supereffective|p2a: Rapidash
|-damage|p2a: Rapidash|125\/300
|-damage|p1a: Snorlax|0 fnt|[from] brn|[of] p2a: Rapidash
|faint|p1a: Snorlax
|choice|switch 2|
|
|switch|p1a: Nidorino|Nidorino, L90|220\/293
|turn|22
|choice|move 3|move 1
|
|move|p2a: Rapidash|Fire Blast|p1a: Nidorino
|-damage|p1a: Nidorino|71\/293
|move|p1a: Nidorino|Thunderbolt|p2a: Rapidash
|-damage|p2a: Rapidash|71\/300
|
|turn|23
|choice|move 3|move 4
|
|move|p2a: Rapidash|Hyper Beam|p1a: Nidorino
|-damage|p1a: Nidorino|0 fnt
|faint|p1a: Nidorino
|choice|switch 4|
|
|switch|p1a: Zapdos|Zapdos, L79|304\/304
|turn|24
|choice|move 3|move 1
|
|move|p2a: Rapidash|Fire Blast|p1a: Zapdos
|-damage|p1a: Zapdos|199\/304
|move|p1a: Zapdos|Drill Peck|p2a: Rapidash
|-damage|p2a: Rapidash|0 fnt
|faint|p2a: Rapidash
|choice||switch 6
|
|switch|p2a: Kadabra|Kadabra, L85|242\/242
|turn|25
|choice|move 2|move 1
|
|move|p2a: Kadabra|Psychic|p1a: Zapdos
|-damage|p1a: Zapdos|101\/304
|move|p1a: Zapdos|Thunder Wave|p2a: Kadabra
|-status|p2a: Kadabra|par
|
|turn|26
|choice|move 4|move 2
|
|move|p1a: Zapdos|Thunderbolt|p2a: Kadabra
|-damage|p2a: Kadabra|160\/242 par
|move|p2a: Kadabra|Thunder Wave|p1a: Zapdos
|-status|p1a: Zapdos|par
|
|turn|27
|choice|move 4|move 4
|
|move|p2a: Kadabra|Reflect|p2a: Kadabra
|-start|p2a: Kadabra|Reflect
|move|p1a: Zapdos|Thunderbolt|p2a: Kadabra
|-crit|p2a: Kadabra
|-damage|p2a: Kadabra|4\/242 par
|
|turn|28
|choice|move 4|move 3
|
|move|p2a: Kadabra|Recover|p2a: Kadabra
|-heal|p2a: Kadabra|125\/242 par
|move|p1a: Zapdos|Thunderbolt|p2a: Kadabra
|-damage|p2a: Kadabra|35\/242 par
|
|turn|29
|choice|move 1|move 3
|
|move|p2a: Kadabra|Recover|p2a: Kadabra
|-heal|p2a: Kadabra|156\/242 par
|move|p1a: Zapdos|Agility|p1a: Zapdos
|-boost|p1a: Zapdos|spe|2
|
|turn|30
|choice|move 4|move 3
|
|move|p1a: Zapdos|Thunderbolt|p2a: Kadabra|[miss]
|-miss|p1a: Zapdos
|cant|p2a: Kadabra|par
|
|turn|31
|choice|move 4|move 1
|
|move|p1a: Zapdos|Thunderbolt|p2a: Kadabra
|-damage|p2a: Kadabra|71\/242 par
|move|p2a: Kadabra|Psychic|p1a: Zapdos
|-crit|p1a: Zapdos
|-damage|p1a: Zapdos|0 fnt
|faint|p1a: Zapdos
|choice|switch 5|
|
|switch|p1a: Hypno|Hypno, L85|155\/318
|turn|32
|choice|move 1|move 2
|
|move|p1a: Hypno|Psychic|p2a: Kadabra
|-crit|p2a: Kadabra
|-resisted|p2a: Kadabra
|-damage|p2a: Kadabra|0 fnt
|faint|p2a: Kadabra
|choice||switch 5
|
|switch|p2a: Dragonair|Dragonair, L85|277\/277 slp
|turn|33
|choice|move 1|move 3
|
|cant|p2a: Dragonair|slp
|move|p1a: Hypno|Psychic|p2a: Dragonair
|-damage|p2a: Dragonair|147\/277 slp
|
|turn|34
|choice|move 1|move 3
|
|cant|p2a: Dragonair|slp
|move|p1a: Hypno|Psychic|p2a: Dragonair
|-damage|p2a: Dragonair|18\/277 slp
|
|turn|35
|choice|move 1|move 3
|
|cant|p2a: Dragonair|slp
|move|p1a: Hypno|Psychic|p2a: Dragonair
|-damage|p2a: Dragonair|0 fnt
|faint|p2a: Dragonair
|
|win|riote
|raw|riote's rating: 1214 &rarr; <strong>1237<\/strong><br \/>(+23 for winning)
|raw|AitorMaster's rating: 1189 &rarr; <strong>1166<\/strong><br \/>(-23 for losing)
|c|★riote|gg
|l|AitorMaster
|player|p2