|join|kid gf lol
|join|IAaronTheBaronI
|player|p1|kid gf lol|48
|player|p2|IAaronTheBaronI|161
|gametype|singles
|gen|1
|tier|[Gen 1] OU (beta)
|rated
|rule|Sleep Clause Mod: Limit one foe put to sleep
|rule|Species Clause: Limit one of each Pokemon
|rule|OHKO Clause: OHKO moves are banned
|rule|Moody Clause: Moody is banned
|rule|Evasion Moves Clause: Evasion moves are banned
|rule|Endless Battle Clause: Forcing endless battles is banned.
|rule|HP Percentage Mod: HP is reported as percentages
|
|start
|switch|p1a: Mr Mime|Jynx|333\/333
|switch|p2a: Venusaur|Venusaur|363\/363
|turn|1
|
|switch|p2a: Slowbro|Slowbro|393\/393
|move|p1a: Mr Mime|Blizzard|p2a: Slowbro
|-resisted|p2a: Slowbro
|-damage|p2a: Slowbro|321\/393
|
|turn|2
|
|move|p1a: Mr Mime|Lovely Kiss|p2a: Slowbro
|-status|p2a: Slowbro|slp
|cant|p2a: Slowbro|slp
|
|turn|3
|
|switch|p2a: Alakazam|Alakazam|313\/313
|move|p1a: Mr Mime|Reflect|p1a: Mr Mime
|
|turn|4
|
|move|p2a: Alakazam|Thunder Wave|p1a: Mr Mime
|-status|p1a: Mr Mime|par
|cant|p1a: Mr Mime|par
|
|turn|5
|
|switch|p1a: Zam Lead|Alakazam|313\/313
|move|p2a: Alakazam|Seismic Toss|p1a: Zam Lead
|-damage|p1a: Zam Lead|213\/313
|
|turn|6
|
|switch|p1a: Egg Kangaroo|Chansey|703\/703
|switch|p2a: Rhydon|Rhydon|413\/413
|
|turn|7
|
|move|p1a: Egg Kangaroo|Ice Beam|p2a: Rhydon
|-supereffective|p2a: Rhydon
|-damage|p2a: Rhydon|168\/413
|-status|p2a: Rhydon|frz
|cant|p2a: Rhydon|frz
|
|turn|8
|chat|kid gf lol|rhydon is cold
|
|switch|p1a: Zam Lead|Alakazam|213\/313
|cant|p2a: Rhydon|frz
|
|turn|9
|chat|kid gf lol|rip
|
|move|p1a: Zam Lead|Recover|p1a: Zam Lead
|-heal|p1a: Zam Lead|313\/313
|cant|p2a: Rhydon|frz
|
|turn|10
|
|switch|p1a: Mr Mime|Jynx|333\/333 par
|cant|p2a: Rhydon|frz
|
|turn|11
|
|cant|p2a: Rhydon|frz
|move|p1a: Mr Mime|Reflect|p1a: Mr Mime
|
|turn|12
|join|Duane Baptiste
|
|cant|p2a: Rhydon|frz
|move|p1a: Mr Mime|Psychic|p2a: Rhydon
|-damage|p2a: Rhydon|16\/413 frz
|
|turn|13
|
|cant|p2a: Rhydon|frz
|move|p1a: Mr Mime|Psychic|p2a: Rhydon
|-damage|p2a: Rhydon|0 fnt
|faint|p2a: Rhydon
|
|
|switch|p2a: Dragonite|Dragonite|385\/385
|turn|14
|
|move|p2a: Dragonite|Wrap|p1a: Mr Mime
|-damage|p1a: Mr Mime|320\/333 par
|-activate|p1a: Mr Mime|move: Wrap|[of] p2a: Dragonite
|cant|p1a: Mr Mime|partiallytrapped
|
|turn|15
|
|move|p2a: Dragonite|Wrap|p1a: Mr Mime
|-damage|p1a: Mr Mime|307\/333 par
|cant|p1a: Mr Mime|partiallytrapped
|
|turn|16
|leave|Duane Baptiste
|
|move|p2a: Dragonite|Wrap|p1a: Mr Mime
|-damage|p1a: Mr Mime|294\/333 par
|cant|p1a: Mr Mime|partiallytrapped
|
|turn|17
|
|move|p2a: Dragonite|Wrap|p1a: Mr Mime
|-damage|p1a: Mr Mime|281\/333 par
|cant|p1a: Mr Mime|partiallytrapped
|
|-end|p1a: Mr Mime|Wrap|[partiallytrapped]
|turn|18
|
|move|p2a: Dragonite|Wrap|p1a: Mr Mime
|-damage|p1a: Mr Mime|266\/333 par
|-activate|p1a: Mr Mime|move: Wrap|[of] p2a: Dragonite
|cant|p1a: Mr Mime|partiallytrapped
|
|turn|19
|
|move|p2a: Dragonite|Wrap|p1a: Mr Mime
|-damage|p1a: Mr Mime|251\/333 par
|cant|p1a: Mr Mime|partiallytrapped
|
|-end|p1a: Mr Mime|Wrap|[partiallytrapped]
|turn|20
|
|move|p2a: Dragonite|Wrap|p1a: Mr Mime
|-damage|p1a: Mr Mime|239\/333 par
|-activate|p1a: Mr Mime|move: Wrap|[of] p2a: Dragonite
|cant|p1a: Mr Mime|partiallytrapped
|
|turn|21
|
|move|p2a: Dragonite|Wrap|p1a: Mr Mime
|-damage|p1a: Mr Mime|227\/333 par
|cant|p1a: Mr Mime|partiallytrapped
|
|turn|22
|
|move|p2a: Dragonite|Wrap|p1a: Mr Mime
|-damage|p1a: Mr Mime|215\/333 par
|cant|p1a: Mr Mime|par
|
|-end|p1a: Mr Mime|Wrap|[partiallytrapped]
|turn|23
|
|move|p2a: Dragonite|Wrap|p1a: Mr Mime
|-damage|p1a: Mr Mime|201\/333 par
|-activate|p1a: Mr Mime|move: Wrap|[of] p2a: Dragonite
|cant|p1a: Mr Mime|par
|
|turn|24
|
|move|p2a: Dragonite|Wrap|p1a: Mr Mime
|-damage|p1a: Mr Mime|187\/333 par
|cant|p1a: Mr Mime|partiallytrapped
|
|-end|p1a: Mr Mime|Wrap|[partiallytrapped]
|turn|25
|
|move|p2a: Dragonite|Wrap|p1a: Mr Mime
|-damage|p1a: Mr Mime|174\/333 par
|-activate|p1a: Mr Mime|move: Wrap|[of] p2a: Dragonite
|cant|p1a: Mr Mime|partiallytrapped
|
|turn|26
|
|move|p2a: Dragonite|Wrap|p1a: Mr Mime
|-damage|p1a: Mr Mime|161\/333 par
|cant|p1a: Mr Mime|partiallytrapped
|
|turn|27
|
|move|p2a: Dragonite|Wrap|p1a: Mr Mime
|-damage|p1a: Mr Mime|148\/333 par
|cant|p1a: Mr Mime|partiallytrapped
|
|turn|28
|
|move|p2a: Dragonite|Wrap|p1a: Mr Mime
|-damage|p1a: Mr Mime|135\/333 par
|cant|p1a: Mr Mime|partiallytrapped
|
|turn|29
|
|move|p2a: Dragonite|Wrap|p1a: Mr Mime
|-damage|p1a: Mr Mime|122\/333 par
|cant|p1a: Mr Mime|partiallytrapped
|
|-end|p1a: Mr Mime|Wrap|[partiallytrapped]
|turn|30
|
|move|p2a: Dragonite|Hyper Beam|p1a: Mr Mime
|-damage|p1a: Mr Mime|0 fnt
|faint|p1a: Mr Mime
|
|
|switch|p1a: Zam Lead|Alakazam|313\/313
|turn|31
|
|switch|p2a: Slowbro|Slowbro|321\/393 slp
|move|p1a: Zam Lead|Thunder Wave|p2a: Slowbro
|-fail|p2a: Slowbro
|
|turn|32
|
|switch|p1a: Egg Kangaroo|Chansey|703\/703
|cant|p2a: Slowbro|slp
|
|turn|33
|
|move|p1a: Egg Kangaroo|Thunder Wave|p2a: Slowbro
|-fail|p2a: Slowbro
|cant|p2a: Slowbro|slp
|
|turn|34
|
|switch|p2a: Venusaur|Venusaur|363\/363
|move|p1a: Egg Kangaroo|Thunderbolt|p2a: Venusaur
|-resisted|p2a: Venusaur
|-damage|p2a: Venusaur|324\/363
|
|turn|35
|
|switch|p1a: TNT|Golem|363\/363
|move|p2a: Venusaur|Sleep Powder|p1a: TNT
|-status|p1a: TNT|slp
|
|turn|36
|
|switch|p1a: Zam Lead|Alakazam|313\/313
|move|p2a: Venusaur|Leech Seed|p1a: Zam Lead
|-start|p1a: Zam Lead|move: Leech Seed
|
|turn|37
|
|switch|p2a: Slowbro|Slowbro|321\/393 slp
|move|p1a: Zam Lead|Psychic|p2a: Slowbro
|-resisted|p2a: Slowbro
|-damage|p2a: Slowbro|245\/393 slp
|-unboost|p2a: Slowbro|spd|1
|-unboost|p2a: Slowbro|spa|1
|-damage|p1a: Zam Lead|294\/313|[from] Leech Seed|[of] p2a: Slowbro
|-heal|p2a: Slowbro|264\/393 slp|[silent]
|
|turn|38
|
|switch|p1a: Egg Kangaroo|Chansey|703\/703
|switch|p2a: Alakazam|Alakazam|313\/313
|
|turn|39
|
|switch|p2a: Slowbro|Slowbro|264\/393 slp
|move|p1a: Egg Kangaroo|Thunder Wave|p2a: Slowbro
|-fail|p2a: Slowbro
|
|turn|40
|
|move|p1a: Egg Kangaroo|Thunder Wave|p2a: Slowbro
|-fail|p2a: Slowbro
|cant|p2a: Slowbro|slp
|-curestatus|p2a: Slowbro|slp
|
|turn|41
|
|switch|p1a: Result of Incest|Exeggutor|393\/393
|move|p2a: Slowbro|Thunder Wave|p1a: Result of Incest
|-status|p1a: Result of Incest|par
|
|turn|42
|
|move|p2a: Slowbro|Amnesia|p2a: Slowbro
|-boost|p2a: Slowbro|spd|2
|-boost|p2a: Slowbro|spa|2
|move|p1a: Result of Incest|Sleep Powder|p2a: Slowbro
|-status|p2a: Slowbro|slp
|
|turn|43
|chat|IAaronTheBaronI|ffs
|
|cant|p2a: Slowbro|slp
|move|p1a: Result of Incest|Leech Seed|p2a: Slowbro
|-start|p2a: Slowbro|move: Leech Seed
|
|turn|44
|
|cant|p2a: Slowbro|slp
|-damage|p2a: Slowbro|240\/393 slp|[from] Leech Seed|[of] p1a: Result of Incest
|cant|p1a: Result of Incest|par
|
|turn|45
|
|cant|p2a: Slowbro|slp
|-damage|p2a: Slowbro|216\/393 slp|[from] Leech Seed|[of] p1a: Result of Incest
|move|p1a: Result of Incest|Explosion|p2a: Slowbro
|-damage|p2a: Slowbro|0 fnt
|faint|p2a: Slowbro
|faint|p1a: Result of Incest
|
|switch|p1a: Zam Lead|Alakazam|294\/313
|switch|p2a: Dragonite|Dragonite|385\/385
|turn|46
|
|move|p1a: Zam Lead|Thunder Wave|p2a: Dragonite
|-status|p2a: Dragonite|par
|cant|p2a: Dragonite|par
|
|turn|47
|
|move|p1a: Zam Lead|Kinesis|p2a: Dragonite
|-unboost|p2a: Dragonite|accuracy|1
|move|p2a: Dragonite|Agility|p2a: Dragonite
|-boost|p2a: Dragonite|spe|2
|
|turn|48
|
|move|p2a: Dragonite|Agility|p2a: Dragonite
|-boost|p2a: Dragonite|spe|2
|move|p1a: Zam Lead|Psychic|p2a: Dragonite
|-damage|p2a: Dragonite|262\/385 par
|
|turn|49
|
|cant|p2a: Dragonite|par
|move|p1a: Zam Lead|Psychic|p2a: Dragonite
|-damage|p2a: Dragonite|140\/385 par
|-unboost|p2a: Dragonite|spd|1
|-unboost|p2a: Dragonite|spa|1
|
|turn|50
|
|move|p2a: Dragonite|Hyper Beam|p1a: Zam Lead|[miss]
|-miss|p2a: Dragonite
|move|p1a: Zam Lead|Psychic|p2a: Dragonite
|-damage|p2a: Dragonite|0 fnt
|faint|p2a: Dragonite
|
|
|switch|p2a: Alakazam|Alakazam|313\/313
|turn|51
|
|switch|p1a: Egg Kangaroo|Chansey|703\/703
|move|p2a: Alakazam|Thunder Wave|p1a: Egg Kangaroo
|-status|p1a: Egg Kangaroo|par
|
|turn|52
|
|move|p2a: Alakazam|Seismic Toss|p1a: Egg Kangaroo
|-damage|p1a: Egg Kangaroo|603\/703 par
|move|p1a: Egg Kangaroo|Ice Beam|p2a: Alakazam
|-damage|p2a: Alakazam|248\/313
|
|turn|53
|
|move|p2a: Alakazam|Seismic Toss|p1a: Egg Kangaroo
|-damage|p1a: Egg Kangaroo|503\/703 par
|move|p1a: Egg Kangaroo|Ice Beam|p2a: Alakazam
|-damage|p2a: Alakazam|186\/313
|
|turn|54
|
|move|p2a: Alakazam|Seismic Toss|p1a: Egg Kangaroo
|-damage|p1a: Egg Kangaroo|403\/703 par
|move|p1a: Egg Kangaroo|Ice Beam|p2a: Alakazam
|-damage|p2a: Alakazam|123\/313
|
|turn|55
|
|move|p2a: Alakazam|Recover|p2a: Alakazam
|-heal|p2a: Alakazam|279\/313
|move|p1a: Egg Kangaroo|Soft-Boiled|p1a: Egg Kangaroo
|-heal|p1a: Egg Kangaroo|703\/703 par
|
|turn|56
|
|move|p2a: Alakazam|Seismic Toss|p1a: Egg Kangaroo
|-damage|p1a: Egg Kangaroo|603\/703 par
|move|p1a: Egg Kangaroo|Ice Beam|p2a: Alakazam
|-damage|p2a: Alakazam|218\/313
|
|turn|57
|
|move|p2a: Alakazam|Seismic Toss|p1a: Egg Kangaroo
|-damage|p1a: Egg Kangaroo|503\/703 par
|move|p1a: Egg Kangaroo|Ice Beam|p2a: Alakazam
|-damage|p2a: Alakazam|157\/313
|
|turn|58
|
|move|p2a: Alakazam|Psychic|p1a: Egg Kangaroo
|-damage|p1a: Egg Kangaroo|377\/703 par
|move|p1a: Egg Kangaroo|Ice Beam|p2a: Alakazam
|-damage|p2a: Alakazam|89\/313
|
|turn|59
|
|move|p2a: Alakazam|Recover|p2a: Alakazam
|-heal|p2a: Alakazam|245\/313
|cant|p1a: Egg Kangaroo|par
|
|turn|60
|
|move|p2a: Alakazam|Psychic|p1a: Egg Kangaroo
|-damage|p1a: Egg Kangaroo|248\/703 par
|cant|p1a: Egg Kangaroo|par
|
|turn|61
|
|move|p2a: Alakazam|Psychic|p1a: Egg Kangaroo
|-damage|p1a: Egg Kangaroo|117\/703 par
|move|p1a: Egg Kangaroo|Soft-Boiled|p1a: Egg Kangaroo
|-heal|p1a: Egg Kangaroo|468\/703 par
|
|turn|62
|
|move|p2a: Alakazam|Psychic|p1a: Egg Kangaroo
|-damage|p1a: Egg Kangaroo|337\/703 par
|move|p1a: Egg Kangaroo|Soft-Boiled|p1a: Egg Kangaroo
|-heal|p1a: Egg Kangaroo|688\/703 par
|
|turn|63
|chat|IAaronTheBaronI|i never get the special fall
|
|move|p2a: Alakazam|Psychic|p1a: Egg Kangaroo
|-damage|p1a: Egg Kangaroo|559\/703 par
|move|p1a: Egg Kangaroo|Ice Beam|p2a: Alakazam
|-damage|p2a: Alakazam|182\/313
|
|turn|64
|
|move|p2a: Alakazam|Psychic|p1a: Egg Kangaroo
|-crit|p1a: Egg Kangaroo
|-damage|p1a: Egg Kangaroo|297\/703 par
|cant|p1a: Egg Kangaroo|par
|
|turn|65
|
|move|p2a: Alakazam|Psychic|p1a: Egg Kangaroo
|-damage|p1a: Egg Kangaroo|177\/703 par
|cant|p1a: Egg Kangaroo|par
|
|turn|66
|
|move|p2a: Alakazam|Psychic|p1a: Egg Kangaroo
|-damage|p1a: Egg Kangaroo|48\/703 par
|move|p1a: Egg Kangaroo|Soft-Boiled|p1a: Egg Kangaroo
|-heal|p1a: Egg Kangaroo|399\/703 par
|
|turn|67
|
|move|p2a: Alakazam|Psychic|p1a: Egg Kangaroo
|-damage|p1a: Egg Kangaroo|274\/703 par
|move|p1a: Egg Kangaroo|Soft-Boiled|p1a: Egg Kangaroo
|-heal|p1a: Egg Kangaroo|625\/703 par
|
|turn|68
|
|move|p2a: Alakazam|Psychic|p1a: Egg Kangaroo
|-damage|p1a: Egg Kangaroo|499\/703 par
|move|p1a: Egg Kangaroo|Ice Beam|p2a: Alakazam
|-damage|p2a: Alakazam|123\/313
|
|turn|69
|
|move|p2a: Alakazam|Recover|p2a: Alakazam
|-heal|p2a: Alakazam|279\/313
|move|p1a: Egg Kangaroo|Ice Beam|p2a: Alakazam
|-damage|p2a: Alakazam|211\/313
|
|turn|70
|
|move|p2a: Alakazam|Seismic Toss|p1a: Egg Kangaroo
|-damage|p1a: Egg Kangaroo|399\/703 par
|move|p1a: Egg Kangaroo|Soft-Boiled|p1a: Egg Kangaroo
|-heal|p1a: Egg Kangaroo|703\/703 par
|
|turn|71
|
|switch|p2a: Jolteon|Jolteon|333\/333
|cant|p1a: Egg Kangaroo|par
|
|turn|72
|
|move|p2a: Jolteon|Double Kick|p1a: Egg Kangaroo
|-supereffective|p1a: Egg Kangaroo
|-damage|p1a: Egg Kangaroo|608\/703 par
|-damage|p1a: Egg Kangaroo|513\/703 par
|-hitcount|p1a: Egg Kangaroo|2
|move|p1a: Egg Kangaroo|Thunder Wave|p2a: Jolteon
|-status|p2a: Jolteon|par
|
|turn|73
|
|switch|p1a: TNT|Golem|363\/363 slp
|move|p2a: Jolteon|Double Kick|p1a: TNT
|-supereffective|p1a: TNT
|-damage|p1a: TNT|331\/363 slp
|-damage|p1a: TNT|299\/363 slp
|-hitcount|p1a: TNT|2
|
|turn|74
|chat|kid gf lol|ew
|
|switch|p1a: Zam Lead|Alakazam|294\/313
|switch|p2a: Alakazam|Alakazam|211\/313
|
|turn|75
|
|switch|p1a: Egg Kangaroo|Chansey|513\/703 par
|move|p2a: Alakazam|Recover|p2a: Alakazam
|-heal|p2a: Alakazam|313\/313
|
|turn|76
|
|switch|p2a: Jolteon|Jolteon|333\/333 par
|cant|p1a: Egg Kangaroo|par
|
|turn|77
|
|move|p2a: Jolteon|Double Kick|p1a: Egg Kangaroo
|-crit|p1a: Egg Kangaroo
|-supereffective|p1a: Egg Kangaroo
|-damage|p1a: Egg Kangaroo|311\/703 par
|-damage|p1a: Egg Kangaroo|109\/703 par
|-hitcount|p1a: Egg Kangaroo|2
|move|p1a: Egg Kangaroo|Soft-Boiled|p1a: Egg Kangaroo
|-heal|p1a: Egg Kangaroo|460\/703 par
|
|turn|78
|
|switch|p1a: Zam Lead|Alakazam|294\/313
|move|p2a: Jolteon|Double Kick|p1a: Zam Lead
|-resisted|p1a: Zam Lead
|-damage|p1a: Zam Lead|279\/313
|-damage|p1a: Zam Lead|264\/313
|-hitcount|p1a: Zam Lead|2
|
|turn|79
|
|move|p1a: Zam Lead|Psychic|p2a: Jolteon
|-crit|p2a: Jolteon
|-damage|p2a: Jolteon|75\/333 par
|move|p2a: Jolteon|Pin Missile|p1a: Zam Lead
|-supereffective|p1a: Zam Lead
|-damage|p1a: Zam Lead|237\/313
|-damage|p1a: Zam Lead|210\/313
|-damage|p1a: Zam Lead|183\/313
|-damage|p1a: Zam Lead|156\/313
|-damage|p1a: Zam Lead|129\/313
|-hitcount|p1a: Zam Lead|5
|
|turn|80
|
|switch|p2a: Alakazam|Alakazam|313\/313
|move|p1a: Zam Lead|Psychic|p2a: Alakazam
|-resisted|p2a: Alakazam
|-damage|p2a: Alakazam|261\/313
|
|turn|81
|
|move|p1a: Zam Lead|Recover|p1a: Zam Lead
|-heal|p1a: Zam Lead|285\/313
|move|p2a: Alakazam|Seismic Toss|p1a: Zam Lead
|-damage|p1a: Zam Lead|185\/313
|
|turn|82
|
|move|p2a: Alakazam|Seismic Toss|p1a: Zam Lead
|-damage|p1a: Zam Lead|85\/313
|move|p1a: Zam Lead|Thunder Wave|p2a: Alakazam
|-status|p2a: Alakazam|par
|
|turn|83
|
|move|p1a: Zam Lead|Recover|p1a: Zam Lead
|-heal|p1a: Zam Lead|241\/313
|move|p2a: Alakazam|Seismic Toss|p1a: Zam Lead
|-damage|p1a: Zam Lead|141\/313
|
|turn|84
|
|move|p1a: Zam Lead|Recover|p1a: Zam Lead
|-heal|p1a: Zam Lead|297\/313
|move|p2a: Alakazam|Seismic Toss|p1a: Zam Lead
|-damage|p1a: Zam Lead|197\/313
|
|turn|85
|
|move|p1a: Zam Lead|Recover|p1a: Zam Lead
|-heal|p1a: Zam Lead|313\/313
|move|p2a: Alakazam|Thunder Wave|p1a: Zam Lead
|-status|p1a: Zam Lead|par
|
|turn|86
|
|move|p2a: Alakazam|Seismic Toss|p1a: Zam Lead
|-damage|p1a: Zam Lead|213\/313 par
|move|p1a: Zam Lead|Psychic|p2a: Alakazam
|-resisted|p2a: Alakazam
|-damage|p2a: Alakazam|205\/313 par
|
|turn|87
|
|move|p1a: Zam Lead|Psychic|p2a: Alakazam
|-resisted|p2a: Alakazam
|-damage|p2a: Alakazam|156\/313 par
|move|p2a: Alakazam|Seismic Toss|p1a: Zam Lead
|-damage|p1a: Zam Lead|113\/313 par
|
|turn|88
|
|switch|p2a: Jolteon|Jolteon|75\/333 par
|move|p1a: Zam Lead|Recover|p1a: Zam Lead
|-heal|p1a: Zam Lead|269\/313 par
|
|turn|89
|
|move|p2a: Jolteon|Pin Missile|p1a: Zam Lead
|-crit|p1a: Zam Lead
|-supereffective|p1a: Zam Lead
|-damage|p1a: Zam Lead|208\/313 par
|-damage|p1a: Zam Lead|147\/313 par
|-damage|p1a: Zam Lead|86\/313 par
|-damage|p1a: Zam Lead|25\/313 par
|-damage|p1a: Zam Lead|0 fnt
|-hitcount|p1a: Zam Lead|5
|faint|p1a: Zam Lead
|
|
|switch|p1a: GhostInaShell|Cloyster|303\/303
|turn|90
|
|move|p1a: GhostInaShell|Blizzard|p2a: Jolteon
|-damage|p2a: Jolteon|0 fnt
|faint|p2a: Jolteon
|
|
|switch|p2a: Venusaur|Venusaur|324\/363
|turn|91
|
|move|p2a: Venusaur|Razor Leaf|p1a: GhostInaShell
|-crit|p1a: GhostInaShell
|-supereffective|p1a: GhostInaShell
|-damage|p1a: GhostInaShell|0 fnt
|faint|p1a: GhostInaShell
|
|chat|kid gf lol|wwtf
|chat|kid gf lol|????
|chat|IAaronTheBaronI|Venusaur was quicker than a lot of pkmn in gen 1
|chat|kid gf lol|no
|chat|kid gf lol|it's guarenteed to not do that
|chat|IAaronTheBaronI|yeah lol
|chat|kid gf lol|(84.4 - 99.6%)
|chat|kid gf lol|how the fuck did it do 100%
|chat|IAaronTheBaronI|ok
|chat|IAaronTheBaronI|oh you talking about thr crit??
|chat|kid gf lol|that's with critical hit included
|chat|IAaronTheBaronI|stab included?
|chat|IAaronTheBaronI|lol
|
|switch|p1a: Egg Kangaroo|Chansey|460\/703 par
|turn|92
|chat|kid gf lol|yes..
|
|move|p2a: Venusaur|Leech Seed|p1a: Egg Kangaroo
|-start|p1a: Egg Kangaroo|move: Leech Seed
|cant|p1a: Egg Kangaroo|par
|-damage|p1a: Egg Kangaroo|417\/703 par|[from] Leech Seed|[of] p2a: Venusaur
|-heal|p2a: Venusaur|363\/363|[silent]
|
|turn|93
|chat|kid gf lol|thats bs
|
|switch|p2a: Alakazam|Alakazam|156\/313 par
|move|p1a: Egg Kangaroo|Soft-Boiled|p1a: Egg Kangaroo
|-heal|p1a: Egg Kangaroo|703\/703 par
|-damage|p1a: Egg Kangaroo|660\/703 par|[from] Leech Seed|[of] p2a: Alakazam
|-heal|p2a: Alakazam|199\/313 par|[silent]
|
|turn|94
|
|switch|p1a: TNT|Golem|299\/363 slp
|cant|p2a: Alakazam|par
|
|turn|95
|
|switch|p1a: Egg Kangaroo|Chansey|660\/703 par
|switch|p2a: Venusaur|Venusaur|363\/363
|
|turn|96
|
|move|p2a: Venusaur|Leech Seed|p1a: Egg Kangaroo
|-start|p1a: Egg Kangaroo|move: Leech Seed
|move|p1a: Egg Kangaroo|Ice Beam|p2a: Venusaur
|-crit|p2a: Venusaur
|-supereffective|p2a: Venusaur
|-damage|p2a: Venusaur|34\/363
|-status|p2a: Venusaur|frz
|-damage|p1a: Egg Kangaroo|617\/703 par|[from] Leech Seed|[of] p2a: Venusaur
|-heal|p2a: Venusaur|77\/363 frz|[silent]
|
|turn|97
|chat|kid gf lol|makes up for the lying calculator
|chat|IAaronTheBaronI|well you got two frz in this battle i think that's bs lol
|
|switch|p2a: Alakazam|Alakazam|199\/313 par
|switch|p1a: TNT|Golem|299\/363 slp
|
|turn|98
|
|switch|p1a: Egg Kangaroo|Chansey|617\/703 par
|move|p2a: Alakazam|Psychic|p1a: Egg Kangaroo
|-damage|p1a: Egg Kangaroo|482\/703 par
|
|turn|99
|chat|kid gf lol|Venusaur Razor Leaf vs. Cloyster on a critical hit: 256-302 (84.4 - 99.6%) -
|
|cant|p2a: Alakazam|par
|move|p1a: Egg Kangaroo|Soft-Boiled|p1a: Egg Kangaroo
|-heal|p1a: Egg Kangaroo|703\/703 par
|
|turn|100
|chat|IAaronTheBaronI|calculator is probs expecting Razor Leaf to be a physichal attack
|chat|IAaronTheBaronI|when it's special in gen 1 and Cloyster's special def is shit
|
|move|p2a: Alakazam|Seismic Toss|p1a: Egg Kangaroo
|-damage|p1a: Egg Kangaroo|603\/703 par
|move|p1a: Egg Kangaroo|Thunderbolt|p2a: Alakazam
|-damage|p2a: Alakazam|136\/313 par
|
|turn|101
|
|cant|p2a: Alakazam|par
|move|p1a: Egg Kangaroo|Thunderbolt|p2a: Alakazam
|-damage|p2a: Alakazam|71\/313 par
|
|turn|102
|chat|IAaronTheBaronI|seems logical to me
|
|move|p2a: Alakazam|Recover|p2a: Alakazam
|-heal|p2a: Alakazam|227\/313 par
|move|p1a: Egg Kangaroo|Thunderbolt|p2a: Alakazam
|-damage|p2a: Alakazam|167\/313 par
|
|turn|103
|
|move|p2a: Alakazam|Recover|p2a: Alakazam
|-heal|p2a: Alakazam|313\/313 par
|cant|p1a: Egg Kangaroo|par
|
|turn|104
|
|cant|p2a: Alakazam|par
|cant|p1a: Egg Kangaroo|par
|
|turn|105
|join|mirrr
|
|move|p2a: Alakazam|Psychic|p1a: Egg Kangaroo
|-damage|p1a: Egg Kangaroo|470\/703 par
|move|p1a: Egg Kangaroo|Thunderbolt|p2a: Alakazam
|-damage|p2a: Alakazam|247\/313 par
|
|turn|106
|
|move|p2a: Alakazam|Psychic|p1a: Egg Kangaroo
|-damage|p1a: Egg Kangaroo|352\/703 par
|-unboost|p1a: Egg Kangaroo|spd|1
|-unboost|p1a: Egg Kangaroo|spa|1
|move|p1a: Egg Kangaroo|Soft-Boiled|p1a: Egg Kangaroo
|-heal|p1a: Egg Kangaroo|703\/703 par
|
|turn|107
|
|switch|p1a: TNT|Golem|299\/363 slp
|move|p2a: Alakazam|Psychic|p1a: TNT
|-crit|p1a: TNT
|-damage|p1a: TNT|0 fnt
|faint|p1a: TNT
|
|
|switch|p1a: Egg Kangaroo|Chansey|703\/703 par
|turn|108
|
|move|p2a: Alakazam|Psychic|p1a: Egg Kangaroo
|-damage|p1a: Egg Kangaroo|582\/703 par
|-unboost|p1a: Egg Kangaroo|spd|1
|-unboost|p1a: Egg Kangaroo|spa|1
|move|p1a: Egg Kangaroo|Thunderbolt|p2a: Alakazam
|-damage|p2a: Alakazam|204\/313 par
|
|turn|109
|
|move|p2a: Alakazam|Psychic|p1a: Egg Kangaroo
|-crit|p1a: Egg Kangaroo
|-damage|p1a: Egg Kangaroo|340\/703 par
|-unboost|p1a: Egg Kangaroo|spd|1
|-unboost|p1a: Egg Kangaroo|spa|1
|cant|p1a: Egg Kangaroo|par
|
|turn|110
|
|cant|p2a: Alakazam|par
|move|p1a: Egg Kangaroo|Soft-Boiled|p1a: Egg Kangaroo
|-heal|p1a: Egg Kangaroo|691\/703 par
|
|turn|111
|chat|kid gf lol|are you out of psychics yet
|chat|IAaronTheBaronI|just run out lol
|
|move|p2a: Alakazam|Seismic Toss|p1a: Egg Kangaroo
|-damage|p1a: Egg Kangaroo|591\/703 par
|cant|p1a: Egg Kangaroo|par
|
|turn|112
|
|move|p2a: Alakazam|Seismic Toss|p1a: Egg Kangaroo
|-damage|p1a: Egg Kangaroo|491\/703 par
|move|p1a: Egg Kangaroo|Thunderbolt|p2a: Alakazam
|-damage|p2a: Alakazam|174\/313 par
|
|turn|113
|
|move|p2a: Alakazam|Seismic Toss|p1a: Egg Kangaroo
|-damage|p1a: Egg Kangaroo|391\/703 par
|move|p1a: Egg Kangaroo|Thunder Wave|p2a: Alakazam
|-fail|p2a: Alakazam|par
|
|turn|114
|
|move|p2a: Alakazam|Seismic Toss|p1a: Egg Kangaroo
|-damage|p1a: Egg Kangaroo|291\/703 par
|move|p1a: Egg Kangaroo|Soft-Boiled|p1a: Egg Kangaroo
|-heal|p1a: Egg Kangaroo|642\/703 par
|
|turn|115
|
|move|p2a: Alakazam|Seismic Toss|p1a: Egg Kangaroo
|-damage|p1a: Egg Kangaroo|542\/703 par
|move|p1a: Egg Kangaroo|Thunderbolt|p2a: Alakazam
|-damage|p2a: Alakazam|144\/313 par
|
|turn|116
|
|move|p2a: Alakazam|Seismic Toss|p1a: Egg Kangaroo
|-damage|p1a: Egg Kangaroo|442\/703 par
|move|p1a: Egg Kangaroo|Thunderbolt|p2a: Alakazam
|-damage|p2a: Alakazam|113\/313 par
|
|turn|117
|
|cant|p2a: Alakazam|par
|cant|p1a: Egg Kangaroo|par
|
|turn|118
|
|move|p2a: Alakazam|Seismic Toss|p1a: Egg Kangaroo
|-damage|p1a: Egg Kangaroo|342\/703 par
|cant|p1a: Egg Kangaroo|par
|
|turn|119
|
|cant|p2a: Alakazam|par
|cant|p1a: Egg Kangaroo|par
|
|turn|120
|
|move|p2a: Alakazam|Seismic Toss|p1a: Egg Kangaroo
|-damage|p1a: Egg Kangaroo|242\/703 par
|cant|p1a: Egg Kangaroo|par
|
|turn|121
|
|move|p2a: Alakazam|Seismic Toss|p1a: Egg Kangaroo
|-damage|p1a: Egg Kangaroo|142\/703 par
|cant|p1a: Egg Kangaroo|par
|
|turn|122
|
|move|p2a: Alakazam|Seismic Toss|p1a: Egg Kangaroo
|-damage|p1a: Egg Kangaroo|42\/703 par
|move|p1a: Egg Kangaroo|Soft-Boiled|p1a: Egg Kangaroo
|-heal|p1a: Egg Kangaroo|393\/703 par
|
|turn|123
|chat|kid gf lol|omg
|chat|IAaronTheBaronI|so close lol
|chat|IAaronTheBaronI|i would've felt bad if it went all that way
|
|cant|p2a: Alakazam|par
|move|p1a: Egg Kangaroo|Soft-Boiled|p1a: Egg Kangaroo
|-heal|p1a: Egg Kangaroo|703\/703 par
|
|turn|124
|
|move|p2a: Alakazam|Recover|p2a: Alakazam
|-heal|p2a: Alakazam|269\/313 par
|move|p1a: Egg Kangaroo|Thunderbolt|p2a: Alakazam
|-damage|p2a: Alakazam|239\/313 par
|
|turn|125
|
|cant|p2a: Alakazam|par
|move|p1a: Egg Kangaroo|Thunder Wave|p2a: Alakazam
|-fail|p2a: Alakazam|par
|
|turn|126
|
|move|p2a: Alakazam|Recover|p2a: Alakazam
|-heal|p2a: Alakazam|313\/313 par
|move|p1a: Egg Kangaroo|Thunder Wave|p2a: Alakazam
|-fail|p2a: Alakazam|par
|
|turn|127
|
|move|p2a: Alakazam|Thunder Wave|p1a: Egg Kangaroo
|-fail|p1a: Egg Kangaroo|par
|move|p1a: Egg Kangaroo|Thunder Wave|p2a: Alakazam
|-fail|p2a: Alakazam|par
|
|turn|128
|chat|kid gf lol|how many s tosses do you have lol
|
|move|p2a: Alakazam|Thunder Wave|p1a: Egg Kangaroo
|-fail|p1a: Egg Kangaroo|par
|move|p1a: Egg Kangaroo|Thunder Wave|p2a: Alakazam
|-fail|p2a: Alakazam|par
|
|turn|129
|chat|IAaronTheBaronI|8
|chat|IAaronTheBaronI|lol
|chat|IAaronTheBaronI|is this seriously going to come down to struggle, which your Chansey will win if i don't get the hax 
|
|cant|p2a: Alakazam|par
|move|p1a: Egg Kangaroo|Thunder Wave|p2a: Alakazam
|-fail|p2a: Alakazam|par
|
|turn|130
|
|move|p2a: Alakazam|Thunder Wave|p1a: Egg Kangaroo
|-fail|p1a: Egg Kangaroo|par
|move|p1a: Egg Kangaroo|Thunder Wave|p2a: Alakazam
|-fail|p2a: Alakazam|par
|
|turn|131
|
|move|p2a: Alakazam|Thunder Wave|p1a: Egg Kangaroo
|-fail|p1a: Egg Kangaroo|par
|move|p1a: Egg Kangaroo|Thunder Wave|p2a: Alakazam
|-fail|p2a: Alakazam|par
|
|turn|132
|chat|kid gf lol|umm
|
|cant|p2a: Alakazam|par
|move|p1a: Egg Kangaroo|Thunder Wave|p2a: Alakazam
|-fail|p2a: Alakazam|par
|
|turn|133
|
|move|p2a: Alakazam|Thunder Wave|p1a: Egg Kangaroo
|-fail|p1a: Egg Kangaroo|par
|move|p1a: Egg Kangaroo|Thunder Wave|p2a: Alakazam
|-fail|p2a: Alakazam|par
|
|turn|134
|chat|kid gf lol|it will abolsutely come to struggle for me
|
|move|p2a: Alakazam|Thunder Wave|p1a: Egg Kangaroo
|-fail|p1a: Egg Kangaroo|par
|move|p1a: Egg Kangaroo|Thunder Wave|p2a: Alakazam
|-fail|p2a: Alakazam|par
|
|turn|135
|
|move|p2a: Alakazam|Seismic Toss|p1a: Egg Kangaroo
|-damage|p1a: Egg Kangaroo|603\/703 par
|cant|p1a: Egg Kangaroo|par
|
|turn|136
|
|cant|p2a: Alakazam|par
|move|p1a: Egg Kangaroo|Thunder Wave|p2a: Alakazam
|-fail|p2a: Alakazam|par
|
|turn|137
|
|move|p2a: Alakazam|Seismic Toss|p1a: Egg Kangaroo
|-damage|p1a: Egg Kangaroo|503\/703 par
|move|p1a: Egg Kangaroo|Thunder Wave|p2a: Alakazam
|-fail|p2a: Alakazam|par
|
|turn|138
|
|move|p2a: Alakazam|Seismic Toss|p1a: Egg Kangaroo
|-damage|p1a: Egg Kangaroo|403\/703 par
|move|p1a: Egg Kangaroo|Thunder Wave|p2a: Alakazam
|-fail|p2a: Alakazam|par
|
|turn|139
|
|move|p2a: Alakazam|Seismic Toss|p1a: Egg Kangaroo
|-damage|p1a: Egg Kangaroo|303\/703 par
|move|p1a: Egg Kangaroo|Thunder Wave|p2a: Alakazam
|-fail|p2a: Alakazam|par
|
|turn|140
|
|cant|p2a: Alakazam|par
|move|p1a: Egg Kangaroo|Soft-Boiled|p1a: Egg Kangaroo
|-heal|p1a: Egg Kangaroo|654\/703 par
|
|turn|141
|
|move|p2a: Alakazam|Thunder Wave|p1a: Egg Kangaroo
|-fail|p1a: Egg Kangaroo|par
|move|p1a: Egg Kangaroo|Thunder Wave|p2a: Alakazam|[miss]
|-miss|p1a: Egg Kangaroo
|
|turn|142
|
|move|p2a: Alakazam|Thunder Wave|p1a: Egg Kangaroo
|-fail|p1a: Egg Kangaroo|par
|move|p1a: Egg Kangaroo|Thunder Wave|p2a: Alakazam
|-fail|p2a: Alakazam|par
|
|turn|143
|
|move|p2a: Alakazam|Thunder Wave|p1a: Egg Kangaroo
|-fail|p1a: Egg Kangaroo|par
|move|p1a: Egg Kangaroo|Thunderbolt|p2a: Alakazam
|-damage|p2a: Alakazam|279\/313 par
|
|turn|144
|
|move|p2a: Alakazam|Thunder Wave|p1a: Egg Kangaroo
|-fail|p1a: Egg Kangaroo|par
|move|p1a: Egg Kangaroo|Thunderbolt|p2a: Alakazam
|-damage|p2a: Alakazam|249\/313 par
|
|turn|145
|
|move|p2a: Alakazam|Thunder Wave|p1a: Egg Kangaroo
|-fail|p1a: Egg Kangaroo|par
|move|p1a: Egg Kangaroo|Thunderbolt|p2a: Alakazam
|-damage|p2a: Alakazam|216\/313 par
|
|turn|146
|
|move|p2a: Alakazam|Seismic Toss|p1a: Egg Kangaroo
|-damage|p1a: Egg Kangaroo|554\/703 par
|move|p1a: Egg Kangaroo|Thunderbolt|p2a: Alakazam
|-damage|p2a: Alakazam|185\/313 par
|
|turn|147
|
|move|p2a: Alakazam|Seismic Toss|p1a: Egg Kangaroo
|-damage|p1a: Egg Kangaroo|454\/703 par
|move|p1a: Egg Kangaroo|Thunderbolt|p2a: Alakazam
|-damage|p2a: Alakazam|151\/313 par
|
|turn|148
|
|move|p2a: Alakazam|Recover|p2a: Alakazam
|-heal|p2a: Alakazam|307\/313 par
|move|p1a: Egg Kangaroo|Thunderbolt|p2a: Alakazam
|-crit|p2a: Alakazam
|-damage|p2a: Alakazam|192\/313 par
|
|turn|149
|
|cant|p2a: Alakazam|par
|cant|p1a: Egg Kangaroo|par
|
|turn|150
|
|move|p2a: Alakazam|Seismic Toss|p1a: Egg Kangaroo
|-damage|p1a: Egg Kangaroo|354\/703 par
|move|p1a: Egg Kangaroo|Thunderbolt|p2a: Alakazam
|-crit|p2a: Alakazam
|-damage|p2a: Alakazam|62\/313 par
|
|turn|151
|
|cant|p2a: Alakazam|par
|move|p1a: Egg Kangaroo|Thunderbolt|p2a: Alakazam
|-damage|p2a: Alakazam|30\/313 par
|
|turn|152
|
|move|p2a: Alakazam|Recover|p2a: Alakazam
|-heal|p2a: Alakazam|186\/313 par
|move|p1a: Egg Kangaroo|Thunderbolt|p2a: Alakazam
|-damage|p2a: Alakazam|155\/313 par
|
|turn|153
|
|move|p2a: Alakazam|Recover|p2a: Alakazam
|-heal|p2a: Alakazam|311\/313 par
|move|p1a: Egg Kangaroo|Thunderbolt|p2a: Alakazam
|-damage|p2a: Alakazam|280\/313 par
|
|turn|154
|chat|kid gf lol|so close
|chat|IAaronTheBaronI|lol
|
|move|p2a: Alakazam|Seismic Toss|p1a: Egg Kangaroo
|-damage|p1a: Egg Kangaroo|254\/703 par
|cant|p1a: Egg Kangaroo|par
|
|turn|155
|
|move|p2a: Alakazam|Thunder Wave|p1a: Egg Kangaroo
|-fail|p1a: Egg Kangaroo|par
|move|p1a: Egg Kangaroo|Soft-Boiled|p1a: Egg Kangaroo
|-heal|p1a: Egg Kangaroo|605\/703 par
|
|turn|156
|
|move|p2a: Alakazam|Thunder Wave|p1a: Egg Kangaroo
|-fail|p1a: Egg Kangaroo|par
|move|p1a: Egg Kangaroo|Thunderbolt|p2a: Alakazam
|-damage|p2a: Alakazam|250\/313 par
|
|turn|157
|
|move|p2a: Alakazam|Thunder Wave|p1a: Egg Kangaroo
|-fail|p1a: Egg Kangaroo|par
|move|p1a: Egg Kangaroo|Thunder Wave|p2a: Alakazam
|-fail|p2a: Alakazam|par
|
|turn|158
|
|move|p2a: Alakazam|Thunder Wave|p1a: Egg Kangaroo
|-fail|p1a: Egg Kangaroo|par
|move|p1a: Egg Kangaroo|Thunder Wave|p2a: Alakazam
|-fail|p2a: Alakazam|par
|
|turn|159
|
|move|p2a: Alakazam|Thunder Wave|p1a: Egg Kangaroo
|-fail|p1a: Egg Kangaroo|par
|cant|p1a: Egg Kangaroo|par
|
|turn|160
|
|cant|p2a: Alakazam|par
|cant|p1a: Egg Kangaroo|par
|
|turn|161
|
|move|p2a: Alakazam|Thunder Wave|p1a: Egg Kangaroo
|-fail|p1a: Egg Kangaroo|par
|move|p1a: Egg Kangaroo|Thunderbolt|p2a: Alakazam
|-damage|p2a: Alakazam|220\/313 par
|
|turn|162
|
|move|p2a: Alakazam|Thunder Wave|p1a: Egg Kangaroo
|-fail|p1a: Egg Kangaroo|par
|cant|p1a: Egg Kangaroo|par
|
|turn|163
|
|cant|p2a: Alakazam|par
|move|p1a: Egg Kangaroo|Thunderbolt|p2a: Alakazam
|-damage|p2a: Alakazam|187\/313 par
|
|turn|164
|
|move|p2a: Alakazam|Thunder Wave|p1a: Egg Kangaroo
|-fail|p1a: Egg Kangaroo|par
|move|p1a: Egg Kangaroo|Thunderbolt|p2a: Alakazam
|-damage|p2a: Alakazam|153\/313 par
|
|turn|165
|
|move|p2a: Alakazam|Recover|p2a: Alakazam
|-heal|p2a: Alakazam|309\/313 par
|move|p1a: Egg Kangaroo|Thunder Wave|p2a: Alakazam
|-fail|p2a: Alakazam|par
|
|turn|166
|
|cant|p2a: Alakazam|par
|cant|p1a: Egg Kangaroo|par
|
|turn|167
|
|move|p2a: Alakazam|Thunder Wave|p1a: Egg Kangaroo
|-fail|p1a: Egg Kangaroo|par
|move|p1a: Egg Kangaroo|Ice Beam|p2a: Alakazam
|-damage|p2a: Alakazam|275\/313 par
|
|turn|168
|
|cant|p2a: Alakazam|par
|move|p1a: Egg Kangaroo|Thunder Wave|p2a: Alakazam
|-fail|p2a: Alakazam|par
|
|turn|169
|
|move|p2a: Alakazam|Thunder Wave|p1a: Egg Kangaroo
|-fail|p1a: Egg Kangaroo|par
|move|p1a: Egg Kangaroo|Thunder Wave|p2a: Alakazam
|-fail|p2a: Alakazam|par
|
|turn|170
|
|move|p2a: Alakazam|Thunder Wave|p1a: Egg Kangaroo
|-fail|p1a: Egg Kangaroo|par
|move|p1a: Egg Kangaroo|Thunder Wave|p2a: Alakazam
|-fail|p2a: Alakazam|par
|
|turn|171
|
|move|p2a: Alakazam|Thunder Wave|p1a: Egg Kangaroo
|-fail|p1a: Egg Kangaroo|par
|move|p1a: Egg Kangaroo|Thunder Wave|p2a: Alakazam
|-fail|p2a: Alakazam|par
|
|turn|172
|
|move|p2a: Alakazam|Thunder Wave|p1a: Egg Kangaroo
|-fail|p1a: Egg Kangaroo|par
|cant|p1a: Egg Kangaroo|par
|
|turn|173
|
|move|p2a: Alakazam|Thunder Wave|p1a: Egg Kangaroo
|-fail|p1a: Egg Kangaroo|par
|move|p1a: Egg Kangaroo|Thunder Wave|p2a: Alakazam
|-fail|p2a: Alakazam|par
|
|turn|174
|chat|IAaronTheBaronI|i beat Gary in my first ever pkmn league championship match when i was a kid with struggle on Charizard lol
|
|cant|p2a: Alakazam|par
|cant|p1a: Egg Kangaroo|par
|
|turn|175
|
|move|p2a: Alakazam|Thunder Wave|p1a: Egg Kangaroo
|-fail|p1a: Egg Kangaroo|par
|move|p1a: Egg Kangaroo|Thunder Wave|p2a: Alakazam
|-fail|p2a: Alakazam|par
|
|turn|176
|chat|kid gf lol|nice
|
|move|p2a: Alakazam|Thunder Wave|p1a: Egg Kangaroo
|-fail|p1a: Egg Kangaroo|par
|move|p1a: Egg Kangaroo|Thunder Wave|p2a: Alakazam
|-fail|p2a: Alakazam|par
|
|turn|177
|
|move|p2a: Alakazam|Thunder Wave|p1a: Egg Kangaroo
|-fail|p1a: Egg Kangaroo|par
|move|p1a: Egg Kangaroo|Thunder Wave|p2a: Alakazam
|-fail|p2a: Alakazam|par
|
|turn|178
|
|move|p2a: Alakazam|Thunder Wave|p1a: Egg Kangaroo
|-fail|p1a: Egg Kangaroo|par
|move|p1a: Egg Kangaroo|Ice Beam|p2a: Alakazam
|-damage|p2a: Alakazam|245\/313 par
|
|turn|179
|
|switch|p2a: Venusaur|Venusaur|77\/363 frz
|cant|p1a: Egg Kangaroo|par
|
|turn|180
|
|cant|p2a: Venusaur|frz
|move|p1a: Egg Kangaroo|Ice Beam|p2a: Venusaur
|-supereffective|p2a: Venusaur
|-damage|p2a: Venusaur|4\/363 frz
|
|turn|181
|
|cant|p2a: Venusaur|frz
|cant|p1a: Egg Kangaroo|par
|
|turn|182
|
|cant|p2a: Venusaur|frz
|move|p1a: Egg Kangaroo|Ice Beam|p2a: Venusaur
|-supereffective|p2a: Venusaur
|-damage|p2a: Venusaur|0 fnt
|faint|p2a: Venusaur
|
|
|switch|p2a: Alakazam|Alakazam|245\/313 par
|turn|183
|chat|kid gf lol|why did you do that lol
|chat|IAaronTheBaronI|it was anoying me lol
|
|cant|p2a: Alakazam|par
|move|p1a: Egg Kangaroo|Ice Beam|p2a: Alakazam
|-damage|p2a: Alakazam|214\/313 par
|
|turn|184
|
|cant|p2a: Alakazam|par
|-message|Egg Kangaroo has no moves left! (placeholder)
|move|p1a: Egg Kangaroo|Struggle|p2a: Alakazam
|-damage|p2a: Alakazam|190\/313 par
|-damage|p1a: Egg Kangaroo|593\/703 par|[from] recoil|[of] p2a: Alakazam
|
|turn|185
|
|move|p2a: Alakazam|Recover|p2a: Alakazam
|-heal|p2a: Alakazam|313\/313 par
|-message|Egg Kangaroo has no moves left! (placeholder)
|move|p1a: Egg Kangaroo|Struggle|p2a: Alakazam
|-damage|p2a: Alakazam|288\/313 par
|-damage|p1a: Egg Kangaroo|580\/703 par|[from] recoil|[of] p2a: Alakazam
|
|turn|186
|chat|kid gf lol|your prob full of pp still
|
|move|p2a: Alakazam|Recover|p2a: Alakazam
|-heal|p2a: Alakazam|313\/313 par
|-message|Egg Kangaroo has no moves left! (placeholder)
|move|p1a: Egg Kangaroo|Struggle|p2a: Alakazam
|-damage|p2a: Alakazam|290\/313 par
|-damage|p1a: Egg Kangaroo|568\/703 par|[from] recoil|[of] p2a: Alakazam
|
|turn|187
|chat|IAaronTheBaronI|how much pp does Softboiled have?
|
|move|p2a: Alakazam|Recover|p2a: Alakazam
|-heal|p2a: Alakazam|313\/313 par
|-message|Egg Kangaroo has no moves left! (placeholder)
|move|p1a: Egg Kangaroo|Struggle|p2a: Alakazam
|-damage|p2a: Alakazam|291\/313 par
|-damage|p1a: Egg Kangaroo|557\/703 par|[from] recoil|[of] p2a: Alakazam
|
|turn|188
|chat|IAaronTheBaronI|32?
|
|move|p2a: Alakazam|Recover|p2a: Alakazam
|-heal|p2a: Alakazam|313\/313 par
|-message|Egg Kangaroo has no moves left! (placeholder)
|move|p1a: Egg Kangaroo|Struggle|p2a: Alakazam
|-damage|p2a: Alakazam|290\/313 par
|-damage|p1a: Egg Kangaroo|545\/703 par|[from] recoil|[of] p2a: Alakazam
|
|turn|189
|chat|kid gf lol|16
|chat|IAaronTheBaronI|oh
|
|move|p2a: Alakazam|Recover|p2a: Alakazam
|-heal|p2a: Alakazam|313\/313 par
|-message|Egg Kangaroo has no moves left! (placeholder)
|move|p1a: Egg Kangaroo|Struggle|p2a: Alakazam
|-damage|p2a: Alakazam|291\/313 par
|-damage|p1a: Egg Kangaroo|534\/703 par|[from] recoil|[of] p2a: Alakazam
|
|turn|190
|
|move|p2a: Alakazam|Recover|p2a: Alakazam
|-heal|p2a: Alakazam|313\/313 par
|-message|Egg Kangaroo has no moves left! (placeholder)
|move|p1a: Egg Kangaroo|Struggle|p2a: Alakazam
|-damage|p2a: Alakazam|289\/313 par
|-damage|p1a: Egg Kangaroo|522\/703 par|[from] recoil|[of] p2a: Alakazam
|
|turn|191
|chat|kid gf lol|your still packing heat though
|
|cant|p2a: Alakazam|par
|-message|Egg Kangaroo has no moves left! (placeholder)
|move|p1a: Egg Kangaroo|Struggle|p2a: Alakazam
|-damage|p2a: Alakazam|265\/313 par
|-damage|p1a: Egg Kangaroo|510\/703 par|[from] recoil|[of] p2a: Alakazam
|
|turn|192
|chat|IAaronTheBaronI|that recoil might win it for me lol
|
|cant|p2a: Alakazam|par
|cant|p1a: Egg Kangaroo|par
|
|turn|193
|
|move|p2a: Alakazam|Recover|p2a: Alakazam
|-heal|p2a: Alakazam|313\/313 par
|-message|Egg Kangaroo has no moves left! (placeholder)
|move|p1a: Egg Kangaroo|Struggle|p2a: Alakazam
|-damage|p2a: Alakazam|290\/313 par
|-damage|p1a: Egg Kangaroo|498\/703 par|[from] recoil|[of] p2a: Alakazam
|
|turn|194
|
|cant|p2a: Alakazam|par
|-message|Egg Kangaroo has no moves left! (placeholder)
|move|p1a: Egg Kangaroo|Struggle|p2a: Alakazam
|-damage|p2a: Alakazam|266\/313 par
|-damage|p1a: Egg Kangaroo|486\/703 par|[from] recoil|[of] p2a: Alakazam
|
|turn|195
|chat|kid gf lol|how much pp do you have
|chat|IAaronTheBaronI|13
|
|move|p2a: Alakazam|Recover|p2a: Alakazam
|-heal|p2a: Alakazam|313\/313 par
|-message|Egg Kangaroo has no moves left! (placeholder)
|move|p1a: Egg Kangaroo|Struggle|p2a: Alakazam
|-damage|p2a: Alakazam|290\/313 par
|-damage|p1a: Egg Kangaroo|474\/703 par|[from] recoil|[of] p2a: Alakazam
|
|turn|196
|chat|kid gf lol|ow
|
|move|p2a: Alakazam|Recover|p2a: Alakazam
|-heal|p2a: Alakazam|313\/313 par
|cant|p1a: Egg Kangaroo|par
|
|turn|197
|
|cant|p2a: Alakazam|par
|cant|p1a: Egg Kangaroo|par
|
|turn|198
|
|move|p2a: Alakazam|Recover|p2a: Alakazam
|-fail|p2a: Alakazam
|-message|Egg Kangaroo has no moves left! (placeholder)
|move|p1a: Egg Kangaroo|Struggle|p2a: Alakazam
|-damage|p2a: Alakazam|290\/313 par
|-damage|p1a: Egg Kangaroo|462\/703 par|[from] recoil|[of] p2a: Alakazam
|
|turn|199
|chat|IAaronTheBaronI|i need alakazam to get para
|
|move|p2a: Alakazam|Recover|p2a: Alakazam
|-heal|p2a: Alakazam|313\/313 par
|cant|p1a: Egg Kangaroo|par
|
|turn|200
|
|cant|p2a: Alakazam|par
|-message|Egg Kangaroo has no moves left! (placeholder)
|move|p1a: Egg Kangaroo|Struggle|p2a: Alakazam
|-damage|p2a: Alakazam|290\/313 par
|-damage|p1a: Egg Kangaroo|450\/703 par|[from] recoil|[of] p2a: Alakazam
|
|turn|201
|
|cant|p2a: Alakazam|par
|cant|p1a: Egg Kangaroo|par
|
|turn|202
|
|move|p2a: Alakazam|Recover|p2a: Alakazam
|-heal|p2a: Alakazam|313\/313 par
|-message|Egg Kangaroo has no moves left! (placeholder)
|move|p1a: Egg Kangaroo|Struggle|p2a: Alakazam
|-damage|p2a: Alakazam|290\/313 par
|-damage|p1a: Egg Kangaroo|438\/703 par|[from] recoil|[of] p2a: Alakazam
|
|turn|203
|
|move|p2a: Alakazam|Recover|p2a: Alakazam
|-heal|p2a: Alakazam|313\/313 par
|cant|p1a: Egg Kangaroo|par
|
|turn|204
|
|move|p2a: Alakazam|Recover|p2a: Alakazam
|-fail|p2a: Alakazam
|-message|Egg Kangaroo has no moves left! (placeholder)
|move|p1a: Egg Kangaroo|Struggle|p2a: Alakazam
|-damage|p2a: Alakazam|289\/313 par
|-damage|p1a: Egg Kangaroo|426\/703 par|[from] recoil|[of] p2a: Alakazam
|
|turn|205
|
|move|p2a: Alakazam|Recover|p2a: Alakazam
|-heal|p2a: Alakazam|313\/313 par
|-message|Egg Kangaroo has no moves left! (placeholder)
|move|p1a: Egg Kangaroo|Struggle|p2a: Alakazam
|-damage|p2a: Alakazam|289\/313 par
|-damage|p1a: Egg Kangaroo|414\/703 par|[from] recoil|[of] p2a: Alakazam
|
|turn|206
|
|move|p2a: Alakazam|Recover|p2a: Alakazam
|-heal|p2a: Alakazam|313\/313 par
|-message|Egg Kangaroo has no moves left! (placeholder)
|move|p1a: Egg Kangaroo|Struggle|p2a: Alakazam
|-damage|p2a: Alakazam|289\/313 par
|-damage|p1a: Egg Kangaroo|402\/703 par|[from] recoil|[of] p2a: Alakazam
|
|turn|207
|
|move|p2a: Alakazam|Recover|p2a: Alakazam
|-heal|p2a: Alakazam|313\/313 par
|cant|p1a: Egg Kangaroo|par
|
|turn|208
|
|move|p2a: Alakazam|Recover|p2a: Alakazam
|-fail|p2a: Alakazam
|-message|Egg Kangaroo has no moves left! (placeholder)
|move|p1a: Egg Kangaroo|Struggle|p2a: Alakazam
|-damage|p2a: Alakazam|291\/313 par
|-damage|p1a: Egg Kangaroo|391\/703 par|[from] recoil|[of] p2a: Alakazam
|
|turn|209
|
|cant|p2a: Alakazam|par
|-message|Egg Kangaroo has no moves left! (placeholder)
|move|p1a: Egg Kangaroo|Struggle|p2a: Alakazam
|-damage|p2a: Alakazam|269\/313 par
|-damage|p1a: Egg Kangaroo|380\/703 par|[from] recoil|[of] p2a: Alakazam
|
|turn|210
|
|cant|p2a: Alakazam|par
|cant|p1a: Egg Kangaroo|par
|
|turn|211
|
|move|p2a: Alakazam|Recover|p2a: Alakazam
|-heal|p2a: Alakazam|313\/313 par
|cant|p1a: Egg Kangaroo|par
|
|turn|212
|chat|IAaronTheBaronI|Jynx using blizzard on Slowbro seems like a long time ago
|chat|IAaronTheBaronI|lol
|
|move|p2a: Alakazam|Recover|p2a: Alakazam
|-fail|p2a: Alakazam
|cant|p1a: Egg Kangaroo|par
|
|turn|213
|
|-message|Alakazam has no moves left! (placeholder)
|move|p2a: Alakazam|Struggle|p1a: Egg Kangaroo
|-damage|p1a: Egg Kangaroo|313\/703 par
|-damage|p2a: Alakazam|279\/313 par|[from] recoil|[of] p1a: Egg Kangaroo
|-message|Egg Kangaroo has no moves left! (placeholder)
|move|p1a: Egg Kangaroo|Struggle|p2a: Alakazam
|-damage|p2a: Alakazam|254\/313 par
|-damage|p1a: Egg Kangaroo|300\/703 par|[from] recoil|[of] p2a: Alakazam
|
|turn|214
|chat|kid gf lol|lol
|
|-message|Alakazam has no moves left! (placeholder)
|move|p2a: Alakazam|Struggle|p1a: Egg Kangaroo
|-damage|p1a: Egg Kangaroo|225\/703 par
|-damage|p2a: Alakazam|216\/313 par|[from] recoil|[of] p1a: Egg Kangaroo
|-message|Egg Kangaroo has no moves left! (placeholder)
|move|p1a: Egg Kangaroo|Struggle|p2a: Alakazam
|-damage|p2a: Alakazam|192\/313 par
|-damage|p1a: Egg Kangaroo|213\/703 par|[from] recoil|[of] p2a: Alakazam
|
|turn|215
|
|-message|Alakazam has no moves left! (placeholder)
|move|p2a: Alakazam|Struggle|p1a: Egg Kangaroo
|-crit|p1a: Egg Kangaroo
|-damage|p1a: Egg Kangaroo|63\/703 par
|-damage|p2a: Alakazam|117\/313 par|[from] recoil|[of] p1a: Egg Kangaroo
|-message|Egg Kangaroo has no moves left! (placeholder)
|move|p1a: Egg Kangaroo|Struggle|p2a: Alakazam
|-damage|p2a: Alakazam|94\/313 par
|-damage|p1a: Egg Kangaroo|51\/703 par|[from] recoil|[of] p2a: Alakazam
|
|turn|216
|chat|kid gf lol|omg
|chat|IAaronTheBaronI|yes!!!
|
|-message|Alakazam has no moves left! (placeholder)
|move|p2a: Alakazam|Struggle|p1a: Egg Kangaroo
|-damage|p1a: Egg Kangaroo|0 fnt
|-damage|p2a: Alakazam|68\/313 par|[from] recoil|[of] p1a: Egg Kangaroo
|faint|p1a: Egg Kangaroo
|
|win|IAaronTheBaronI
|raw|Ladder updating...
|raw|kid gf lol's rating: 1368 &rarr; <strong>1334<\/strong><br \/>(-34 for losing)
|raw|IAaronTheBaronI's rating: 1076 &rarr; <strong>1124<\/strong><br \/>(+48 for winning)
|chat|IAaronTheBaronI|a draw would've been funny
|chat|kid gf lol|ik
|chat|kid gf lol|but killing off venusaur could of lost you it
|leave|mirrr
|chat|IAaronTheBaronI|took you down and hit that horrible recoil lol
|chat|IAaronTheBaronI|why's because of the 1 damage recoil?
|chat|IAaronTheBaronI|lol
|chat|kid gf lol|yeah
|chat|kid gf lol|i would of had to go through him and venusaur
|chat|kid gf lol|with him hitting me
|chat|IAaronTheBaronI|nah Chansey would've taken it down with 3-5 hits lol
|chat|IAaronTheBaronI|oh yeah true
|leave|kid gf lol
|player|p1