|j|WHYWHOWHAT
|j|vsterel
|player|p1|WHYWHOWHAT|29
|player|p2|vsterel|169
|gametype|singles
|gen|1
|tier|[Gen 1] Random Battle
|rated
|seed|62621,9353,27690,25
|rule|Sleep Clause Mod: Limit one foe put to sleep
|rule|Freeze Clause Mod: Limit one foe frozen
|rule|HP Percentage Mod: HP is shown in percentages
|
|start
|switch|p1a: Sandshrew|Sandshrew, L96|291\/291
|switch|p2a: Beedrill|Beedrill, L90|300\/300
|turn|1
|choice|move 1|switch 2
|
|switch|p2a: Horsea|Horsea, L96|252\/252
|move|p1a: Sandshrew|Earthquake|p2a: Horsea
|-damage|p2a: Horsea|141\/252
|
|turn|2
|choice|switch 3|move 1
|
|switch|p1a: Electabuzz|Electabuzz, L85|284\/284
|move|p2a: Horsea|Surf|p1a: Electabuzz
|-damage|p1a: Electabuzz|176\/284
|
|turn|3
|choice|move 1|switch 3
|
|switch|p2a: Dugtrio|Dugtrio, L85|233\/233
|move|p1a: Electabuzz|Thunderbolt|p2a: Dugtrio
|-immune|p2a: Dugtrio|[msg]
|
|turn|4
|choice|switch 4|move 1
|
|switch|p1a: Seadra|Seadra, L90|282\/282
|move|p2a: Dugtrio|Earthquake|p1a: Seadra
|-damage|p1a: Seadra|197\/282
|
|turn|5
|choice|move 3|switch 3
|
|switch|p2a: Horsea|Horsea, L96|141\/252
|move|p1a: Seadra|Surf|p2a: Horsea
|-resisted|p2a: Horsea
|-damage|p2a: Horsea|92\/252
|
|turn|6
|choice|move 3|move 4
|
|move|p1a: Seadra|Surf|p2a: Horsea
|-resisted|p2a: Horsea
|-damage|p2a: Horsea|40\/252
|move|p2a: Horsea|Blizzard|p1a: Seadra
|-resisted|p1a: Seadra
|-damage|p1a: Seadra|161\/282
|
|turn|7
|choice|move 3|move 1
|
|move|p1a: Seadra|Surf|p2a: Horsea
|-resisted|p2a: Horsea
|-damage|p2a: Horsea|0 fnt
|faint|p2a: Horsea
|choice||switch 4
|
|switch|p2a: Jynx|Jynx, L79|265\/265
|turn|8
|choice|move 3|move 1
|
|move|p1a: Seadra|Surf|p2a: Jynx
|-damage|p2a: Jynx|146\/265
|move|p2a: Jynx|Lovely Kiss|p1a: Seadra
|-status|p1a: Seadra|slp
|
|turn|9
|choice|switch 6|move 3
|
|switch|p1a: Flareon|Flareon, L90|300\/300
|move|p2a: Jynx|Psychic|p1a: Flareon
|-crit|p1a: Flareon
|-damage|p1a: Flareon|176\/300
|-unboost|p1a: Flareon|spd|1
|-unboost|p1a: Flareon|spa|1
|
|turn|10
|choice|move 2|move 4
|
|move|p2a: Jynx|Blizzard|p1a: Flareon
|-crit|p1a: Flareon
|-damage|p1a: Flareon|0 fnt
|faint|p1a: Flareon
|choice|switch 5|
|
|switch|p1a: Gengar|Gengar, L79|257\/257
|turn|11
|choice|move 1|move 3
|
|move|p1a: Gengar|Hypnosis|p2a: Jynx
|-status|p2a: Jynx|slp
|-curestatus|p2a: Jynx|slp
|
|turn|12
|choice|move 1|move 3
|
|move|p1a: Gengar|Hypnosis|p2a: Jynx
|-status|p2a: Jynx|slp
|cant|p2a: Jynx|slp
|
|turn|13
|choice|move 4|move 3
|
|move|p1a: Gengar|Thunderbolt|p2a: Jynx
|-damage|p2a: Jynx|72\/265 slp
|cant|p2a: Jynx|slp
|
|turn|14
|choice|move 4|move 3
|
|move|p1a: Gengar|Thunderbolt|p2a: Jynx
|-damage|p2a: Jynx|1\/265 slp
|cant|p2a: Jynx|slp
|
|turn|15
|choice|move 4|move 3
|
|move|p1a: Gengar|Thunderbolt|p2a: Jynx
|-damage|p2a: Jynx|0 fnt
|faint|p2a: Jynx
|choice||switch 3
|
|switch|p2a: Dugtrio|Dugtrio, L85|233\/233
|turn|16
|choice|switch 2|move 1
|
|switch|p1a: Farfetch'd|Farfetch'd, L99|304\/304
|move|p2a: Dugtrio|Earthquake|p1a: Farfetch'd
|-immune|p1a: Farfetch'd|[msg]
|
|turn|17
|choice|move 1|switch 6
|
|switch|p2a: Lickitung|Lickitung, L90|345\/345
|move|p1a: Farfetch'd|Slash|p2a: Lickitung
|-crit|p2a: Lickitung
|-damage|p2a: Lickitung|190\/345
|
|turn|18
|choice|move 1|move 2
|
|move|p1a: Farfetch'd|Slash|p2a: Lickitung
|-crit|p2a: Lickitung
|-damage|p2a: Lickitung|38\/345
|move|p2a: Lickitung|Body Slam|p1a: Farfetch'd
|-damage|p1a: Farfetch'd|217\/304
|
|turn|19
|choice|move 1|move 2
|
|move|p1a: Farfetch'd|Slash|p2a: Lickitung
|-crit|p2a: Lickitung
|-damage|p2a: Lickitung|0 fnt
|faint|p2a: Lickitung
|choice||switch 5
|
|switch|p2a: Snorlax|Snorlax, L79|415\/415
|turn|20
|choice|move 2|move 2
|
|move|p1a: Farfetch'd|Body Slam|p2a: Snorlax
|-damage|p2a: Snorlax|285\/415
|move|p2a: Snorlax|Body Slam|p1a: Farfetch'd
|-damage|p1a: Farfetch'd|125\/304
|
|turn|21
|choice|move 1|move 2
|
|move|p1a: Farfetch'd|Slash|p2a: Snorlax
|-crit|p2a: Snorlax
|-damage|p2a: Snorlax|97\/415
|move|p2a: Snorlax|Body Slam|p1a: Farfetch'd
|-damage|p1a: Farfetch'd|21\/304
|
|turn|22
|choice|move 1|move 2
|
|move|p1a: Farfetch'd|Slash|p2a: Snorlax
|-crit|p2a: Snorlax
|-damage|p2a: Snorlax|0 fnt
|faint|p2a: Snorlax
|choice||switch 2
|
|switch|p2a: Beedrill|Beedrill, L90|300\/300
|turn|23
|choice|move 1|move 4
|
|move|p2a: Beedrill|Twineedle|p1a: Farfetch'd
|-resisted|p1a: Farfetch'd
|-damage|p1a: Farfetch'd|7\/304
|-status|p1a: Farfetch'd|psn
|-damage|p1a: Farfetch'd|0 fnt
|-hitcount|p1a: Farfetch'd|2
|faint|p1a: Farfetch'd
|choice|switch 3|
|
|switch|p1a: Sandshrew|Sandshrew, L96|291\/291
|turn|24
|choice|move 1|move 1
|
|move|p2a: Beedrill|Swords Dance|p2a: Beedrill
|-boost|p2a: Beedrill|atk|2
|move|p1a: Sandshrew|Earthquake|p2a: Beedrill
|-damage|p2a: Beedrill|144\/300
|
|turn|25
|choice|move 1|move 3
|
|move|p2a: Beedrill|Hyper Beam|p1a: Sandshrew
|-crit|p1a: Sandshrew
|-damage|p1a: Sandshrew|92\/291
|move|p1a: Sandshrew|Earthquake|p2a: Beedrill
|-damage|p2a: Beedrill|0 fnt
|faint|p2a: Beedrill
|choice||switch 6
|
|switch|p2a: Dugtrio|Dugtrio, L85|233\/233
|turn|26
|choice|move 1|move 1
|
|move|p2a: Dugtrio|Earthquake|p1a: Sandshrew
|-damage|p1a: Sandshrew|7\/291
|move|p1a: Sandshrew|Earthquake|p2a: Dugtrio
|-damage|p2a: Dugtrio|69\/233
|
|turn|27
|choice|move 1|move 1
|
|move|p2a: Dugtrio|Earthquake|p1a: Sandshrew
|-damage|p1a: Sandshrew|0 fnt
|faint|p1a: Sandshrew
|choice|switch 6|
|
|switch|p1a: Seadra|Seadra, L90|161\/282 slp
|turn|28
|choice|move 3|move 4
|
|move|p2a: Dugtrio|Substitute|p2a: Dugtrio
|-start|p2a: Dugtrio|Substitute
|-damage|p2a: Dugtrio|11\/233
|-curestatus|p1a: Seadra|slp
|
|turn|29
|choice|move 3|move 1
|
|move|p2a: Dugtrio|Earthquake|p1a: Seadra
|-damage|p1a: Seadra|75\/282
|move|p1a: Seadra|Surf|p2a: Dugtrio
|-supereffective|p2a: Dugtrio
|-end|p2a: Dugtrio|Substitute
|
|turn|30
|choice|move 3|move 1
|
|move|p2a: Dugtrio|Earthquake|p1a: Seadra
|-damage|p1a: Seadra|0 fnt
|faint|p1a: Seadra
|choice|switch 4|
|
|switch|p1a: Electabuzz|Electabuzz, L85|176\/284
|turn|31
|choice|move 2|move 1
|
|move|p2a: Dugtrio|Earthquake|p1a: Electabuzz
|-supereffective|p1a: Electabuzz
|-damage|p1a: Electabuzz|0 fnt
|faint|p1a: Electabuzz
|choice|switch 2|
|
|switch|p1a: Gengar|Gengar, L79|257\/257
|turn|32
|choice|move 3|move 1
|
|move|p2a: Dugtrio|Earthquake|p1a: Gengar
|-supereffective|p1a: Gengar
|-damage|p1a: Gengar|0 fnt
|faint|p1a: Gengar
|
|win|vsterel
|raw|WHYWHOWHAT's rating: 1275 &rarr; <strong>1255<\/strong><br \/>(-20 for losing)
|raw|vsterel's rating: 1339 &rarr; <strong>1356<\/strong><br \/>(+17 for winning)