|join|utyr
|join|toiho-toiho
|player|p1|utyr|265
|player|p2|toiho-toiho|102
|gametype|singles
|gen|1
|tier|[Gen 1] Random Battle
|rated
|rule|Sleep Clause Mod: Limit one foe put to sleep
|rule|Freeze Clause Mod: Limit one foe frozen
|rule|HP Percentage Mod: HP is shown in percentages
|
|start
|switch|p1a: Sandslash|Sandslash, L85|301\/301
|switch|p2a: Rhyhorn|Rhyhorn, L96|348\/348
|turn|1
|
|switch|p1a: Dragonite|Dragonite, L85|328\/328
|switch|p2a: Ditto|Ditto, L99|296\/296
|
|turn|2
|
|move|p1a: Dragonite|Thunder Wave|p2a: Ditto
|-status|p2a: Ditto|par
|move|p2a: Ditto|Transform|p1a: Dragonite
|-transform|p2a: Ditto|p1a: Dragonite
|
|turn|3
|
|move|p1a: Dragonite|Blizzard|p2a: Ditto
|-crit|p2a: Ditto
|-supereffective|p2a: Ditto
|-damage|p2a: Ditto|0 fnt
|faint|p2a: Ditto
|
|switch|p2a: Snorlax|Snorlax, L79|415\/415
|turn|4
|
|switch|p1a: Golduck|Golduck, L85|310\/310
|move|p2a: Snorlax|Amnesia|p2a: Snorlax
|-boost|p2a: Snorlax|spd|2
|-boost|p2a: Snorlax|spa|2
|
|turn|5
|
|move|p1a: Golduck|Amnesia|p1a: Golduck
|-boost|p1a: Golduck|spd|2
|-boost|p1a: Golduck|spa|2
|move|p2a: Snorlax|Ice Beam|p1a: Golduck
|-resisted|p1a: Golduck
|-damage|p1a: Golduck|285\/310
|
|turn|6
|
|move|p1a: Golduck|Amnesia|p1a: Golduck
|-boost|p1a: Golduck|spd|2
|-boost|p1a: Golduck|spa|2
|move|p2a: Snorlax|Amnesia|p2a: Snorlax
|-boost|p2a: Snorlax|spd|2
|-boost|p2a: Snorlax|spa|2
|
|turn|7
|
|move|p1a: Golduck|Amnesia|p1a: Golduck
|-boost|p1a: Golduck|spd|2
|-boost|p1a: Golduck|spa|2
|move|p2a: Snorlax|Amnesia|p2a: Snorlax
|-boost|p2a: Snorlax|spd|2
|-boost|p2a: Snorlax|spa|2
|
|turn|8
|
|move|p1a: Golduck|Surf|p2a: Snorlax
|-damage|p2a: Snorlax|292\/415
|move|p2a: Snorlax|Ice Beam|p1a: Golduck
|-crit|p1a: Golduck
|-resisted|p1a: Golduck
|-damage|p1a: Golduck|241\/310
|
|turn|9
|
|move|p1a: Golduck|Surf|p2a: Snorlax
|-damage|p2a: Snorlax|165\/415
|move|p2a: Snorlax|Ice Beam|p1a: Golduck
|-resisted|p1a: Golduck
|-damage|p1a: Golduck|218\/310
|
|turn|10
|
|move|p1a: Golduck|Surf|p2a: Snorlax
|-damage|p2a: Snorlax|44\/415
|move|p2a: Snorlax|Rest|p2a: Snorlax
|-status|p2a: Snorlax|slp
|-heal|p2a: Snorlax|415\/415 slp|[silent]
|-status|p2a: Snorlax|slp|[from] move: Rest
|
|turn|11
|
|move|p1a: Golduck|Surf|p2a: Snorlax
|-damage|p2a: Snorlax|296\/415 slp
|cant|p2a: Snorlax|slp
|
|turn|12
|
|move|p1a: Golduck|Surf|p2a: Snorlax
|-damage|p2a: Snorlax|188\/415 slp
|cant|p2a: Snorlax|slp
|-curestatus|p2a: Snorlax|slp
|
|turn|13
|
|move|p1a: Golduck|Surf|p2a: Snorlax
|-crit|p2a: Snorlax
|-damage|p2a: Snorlax|0 fnt
|faint|p2a: Snorlax
|
|switch|p2a: Ninetales|Ninetales, L85|298\/298
|turn|14
|
|move|p2a: Ninetales|Confuse Ray|p1a: Golduck
|-start|p1a: Golduck|confusion
|-activate|p1a: Golduck|confusion
|-damage|p1a: Golduck|187\/310|[from] confusion
|
|turn|15
|
|move|p2a: Ninetales|Hyper Beam|p1a: Golduck
|-damage|p1a: Golduck|84\/310
|-activate|p1a: Golduck|confusion
|-damage|p1a: Golduck|53\/310|[from] confusion
|
|turn|16
|
|cant|p2a: Ninetales|recharge
|-end|p1a: Golduck|confusion
|move|p1a: Golduck|Surf|p2a: Ninetales
|-supereffective|p2a: Ninetales
|-damage|p2a: Ninetales|0 fnt
|faint|p2a: Ninetales
|
|switch|p2a: Haunter|Haunter, L85|250\/250
|turn|17
|
|move|p2a: Haunter|Thunderbolt|p1a: Golduck
|-supereffective|p1a: Golduck
|-damage|p1a: Golduck|8\/310
|move|p1a: Golduck|Surf|p2a: Haunter
|-damage|p2a: Haunter|0 fnt
|faint|p2a: Haunter
|c|★toiho-toiho|gg
|
|switch|p2a: Nidoking|Nidoking, L85|311\/311
|turn|18
|c|★utyr|gg
|
|move|p1a: Golduck|Surf|p2a: Nidoking
|-supereffective|p2a: Nidoking
|-damage|p2a: Nidoking|0 fnt
|faint|p2a: Nidoking
|
|switch|p2a: Rhyhorn|Rhyhorn, L96|348\/348
|turn|19
|-message|toiho-toiho forfeited.
|
|win|utyr
|raw|Ladder updating...
|leave|toiho-toiho
|player|p2
|raw|utyr's rating: 1049 &rarr; <strong>1096<\/strong><br \/>(+47 for winning)
|raw|toiho-toiho's rating: 1211 &rarr; <strong>1176<\/strong><br \/>(-35 for losing)