|j|GaryTheGengar
|j|Peasounay
|player|p1|GaryTheGengar|21
|player|p2|Peasounay|80
|gametype|singles
|gen|1
|tier|[Gen 1] OU
|seed|53663,36901,18321,36342
|rule|Sleep Clause Mod: Limit one foe put to sleep
|rule|Freeze Clause Mod: Limit one foe frozen
|rule|Species Clause: Limit one of each Pokémon
|rule|OHKO Clause: OHKO moves are banned
|rule|Evasion Moves Clause: Evasion moves are banned
|rule|HP Percentage Mod: HP is shown in percentages
|
|start
|switch|p1a: Alakazam|Alakazam|313\/313
|switch|p2a: WellIStallYourFace|Alakazam|313\/313
|turn|1
|choice|switch 3|move 1
|
|switch|p1a: Chansey|Chansey|703\/703
|move|p2a: WellIStallYourFace|Thunder Wave|p1a: Chansey
|-status|p1a: Chansey|par
|
|turn|2
|choice|move 2|move 2
|
|move|p2a: WellIStallYourFace|Psychic|p1a: Chansey
|-damage|p1a: Chansey|576\/703 par
|move|p1a: Chansey|Sing|p2a: WellIStallYourFace|[miss]
|-miss|p1a: Chansey
|
|turn|3
|choice|move 2|move 2
|
|move|p2a: WellIStallYourFace|Psychic|p1a: Chansey
|-damage|p1a: Chansey|455\/703 par
|move|p1a: Chansey|Sing|p2a: WellIStallYourFace|[miss]
|-miss|p1a: Chansey
|
|turn|4
|choice|move 4|move 2
|
|move|p2a: WellIStallYourFace|Psychic|p1a: Chansey
|-damage|p1a: Chansey|333\/703 par
|move|p1a: Chansey|Soft-Boiled|p1a: Chansey
|-heal|p1a: Chansey|684\/703 par
|
|turn|5
|choice|move 1|move 2
|
|move|p2a: WellIStallYourFace|Psychic|p1a: Chansey
|-damage|p1a: Chansey|551\/703 par
|move|p1a: Chansey|Thunder Wave|p2a: WellIStallYourFace
|-status|p2a: WellIStallYourFace|par
|
|turn|6
|choice|move 3|move 1
|
|move|p2a: WellIStallYourFace|Thunder Wave|p1a: Chansey
|-fail|p1a: Chansey|par
|cant|p1a: Chansey|par
|
|turn|7
|choice|move 3|move 2
|
|move|p2a: WellIStallYourFace|Psychic|p1a: Chansey
|-damage|p1a: Chansey|421\/703 par
|move|p1a: Chansey|Ice Beam|p2a: WellIStallYourFace
|-damage|p2a: WellIStallYourFace|253\/313 par
|
|turn|8
|choice|move 4|move 2
|
|move|p2a: WellIStallYourFace|Psychic|p1a: Chansey
|-damage|p1a: Chansey|299\/703 par
|move|p1a: Chansey|Soft-Boiled|p1a: Chansey
|-heal|p1a: Chansey|650\/703 par
|
|turn|9
|choice|move 3|move 2
|
|move|p2a: WellIStallYourFace|Psychic|p1a: Chansey
|-damage|p1a: Chansey|532\/703 par
|move|p1a: Chansey|Ice Beam|p2a: WellIStallYourFace
|-damage|p2a: WellIStallYourFace|192\/313 par
|
|turn|10
|choice|move 3|move 2
|
|move|p2a: WellIStallYourFace|Psychic|p1a: Chansey
|-damage|p1a: Chansey|397\/703 par
|move|p1a: Chansey|Ice Beam|p2a: WellIStallYourFace
|-damage|p2a: WellIStallYourFace|125\/313 par
|
|turn|11
|choice|move 4|move 3
|
|move|p2a: WellIStallYourFace|Recover|p2a: WellIStallYourFace
|-heal|p2a: WellIStallYourFace|281\/313 par
|move|p1a: Chansey|Soft-Boiled|p1a: Chansey
|-heal|p1a: Chansey|703\/703 par
|
|turn|12
|choice|move 3|move 2
|
|move|p2a: WellIStallYourFace|Psychic|p1a: Chansey
|-damage|p1a: Chansey|586\/703 par
|-unboost|p1a: Chansey|spd|1
|-unboost|p1a: Chansey|spa|1
|move|p1a: Chansey|Ice Beam|p2a: WellIStallYourFace
|-damage|p2a: WellIStallYourFace|238\/313 par
|
|turn|13
|choice|move 4|move 2
|
|move|p2a: WellIStallYourFace|Psychic|p1a: Chansey
|-damage|p1a: Chansey|402\/703 par
|move|p1a: Chansey|Soft-Boiled|p1a: Chansey
|-heal|p1a: Chansey|703\/703 par
|
|turn|14
|choice|move 2|move 2
|
|cant|p2a: WellIStallYourFace|par
|move|p1a: Chansey|Sing|p2a: WellIStallYourFace|[miss]
|-miss|p1a: Chansey
|
|turn|15
|choice|switch 6|move 2
|
|switch|p1a: Starmie|Starmie|323\/323
|cant|p2a: WellIStallYourFace|par
|
|turn|16
|choice|switch 6|move 1
|
|switch|p1a: Chansey|Chansey|703\/703 par
|move|p2a: WellIStallYourFace|Thunder Wave|p1a: Chansey
|-fail|p1a: Chansey|par
|
|turn|17
|choice|move 3|move 2
|
|cant|p2a: WellIStallYourFace|par
|move|p1a: Chansey|Ice Beam|p2a: WellIStallYourFace|[miss]
|-miss|p1a: Chansey
|
|turn|18
|choice|move 3|move 2
|
|move|p2a: WellIStallYourFace|Psychic|p1a: Chansey
|-damage|p1a: Chansey|584\/703 par
|move|p1a: Chansey|Ice Beam|p2a: WellIStallYourFace
|-damage|p2a: WellIStallYourFace|175\/313 par
|
|turn|19
|choice|move 3|move 2
|
|move|p2a: WellIStallYourFace|Psychic|p1a: Chansey
|-damage|p1a: Chansey|452\/703 par
|-unboost|p1a: Chansey|spd|1
|-unboost|p1a: Chansey|spa|1
|move|p1a: Chansey|Ice Beam|p2a: WellIStallYourFace
|-damage|p2a: WellIStallYourFace|135\/313 par
|
|turn|20
|choice|move 4|move 2
|
|move|p2a: WellIStallYourFace|Psychic|p1a: Chansey
|-damage|p1a: Chansey|265\/703 par
|-unboost|p1a: Chansey|spd|1
|-unboost|p1a: Chansey|spa|1
|cant|p1a: Chansey|par
|
|turn|21
|choice|switch 6|move 2
|
|switch|p1a: Starmie|Starmie|323\/323
|move|p2a: WellIStallYourFace|Psychic|p1a: Starmie
|-resisted|p1a: Starmie
|-damage|p1a: Starmie|256\/323
|
|turn|22
|choice|move 1|move 3
|
|move|p1a: Starmie|Blizzard|p2a: WellIStallYourFace
|-damage|p2a: WellIStallYourFace|56\/313 par
|cant|p2a: WellIStallYourFace|par
|
|turn|23
|choice|move 1|switch 5
|
|switch|p2a: I Own RBY|Chansey|703\/703
|move|p1a: Starmie|Blizzard|p2a: I Own RBY
|-damage|p2a: I Own RBY|619\/703
|
|turn|24
|choice|switch 6|switch 3
|
|switch|p1a: Chansey|Chansey|265\/703 par
|switch|p2a: Yo Momma|Snorlax|523\/523
|
|turn|25
|choice|switch 2|move 1
|
|switch|p1a: Golem|Golem|363\/363
|move|p2a: Yo Momma|Body Slam|p1a: Golem
|-crit|p1a: Golem
|-resisted|p1a: Golem
|-damage|p1a: Golem|281\/363
|
|turn|26
|choice|move 1|switch 2
|
|switch|p2a: Wear Candoms Kid|Exeggutor|393\/393
|move|p1a: Golem|Earthquake|p2a: Wear Candoms Kid
|-resisted|p2a: Wear Candoms Kid
|-damage|p2a: Wear Candoms Kid|320\/393
|
|turn|27
|choice|move 4|move 2
|
|move|p2a: Wear Candoms Kid|Psychic|p1a: Golem
|-damage|p1a: Golem|118\/363
|-unboost|p1a: Golem|spd|1
|-unboost|p1a: Golem|spa|1
|move|p1a: Golem|Explosion|p2a: Wear Candoms Kid
|-damage|p2a: Wear Candoms Kid|0 fnt
|faint|p2a: Wear Candoms Kid
|faint|p1a: Golem
|choice|switch 3|switch 2
|
|switch|p1a: Alakazam|Alakazam|313\/313
|switch|p2a: Yo Momma|Snorlax|523\/523
|turn|28
|j|Abry fallito
|choice|move 2|move 1
|
|move|p1a: Alakazam|Psychic|p2a: Yo Momma
|-damage|p2a: Yo Momma|357\/523
|move|p2a: Yo Momma|Body Slam|p1a: Alakazam
|-damage|p1a: Alakazam|136\/313
|
|turn|29
|c| Abry fallito|hi gary the gengar
|choice|move 2|move 1
|
|move|p1a: Alakazam|Psychic|p2a: Yo Momma
|-damage|p2a: Yo Momma|198\/523
|move|p2a: Yo Momma|Body Slam|p1a: Alakazam
|-damage|p1a: Alakazam|0 fnt
|faint|p1a: Alakazam
|c|★GaryTheGengar|hello
|c| Abry fallito|where are u from?
|choice|switch 5|
|
|switch|p1a: Tauros|Tauros|353\/353
|turn|30
|c|★GaryTheGengar|california
|c| Abry fallito|do u know carlo?
|c|★GaryTheGengar|no
|choice|move 2|switch 6
|
|switch|p2a: Imma SEX TOY|Slowbro|393\/393
|move|p1a: Tauros|Earthquake|p2a: Imma SEX TOY
|-damage|p2a: Imma SEX TOY|314\/393
|
|turn|31
|c| Abry fallito|but use his rse team with speed vaporeon and sandlash
|c|★GaryTheGengar|lol
|c|★GaryTheGengar|i suppose
|c|★GaryTheGengar|i found it on a forum
|choice|switch 2|move 1
|
|switch|p1a: Chansey|Chansey|265\/703 par
|move|p2a: Imma SEX TOY|Thunder Wave|p1a: Chansey
|-fail|p1a: Chansey|par
|
|turn|32
|choice|move 4|move 2
|
|move|p2a: Imma SEX TOY|Amnesia|p2a: Imma SEX TOY
|-boost|p2a: Imma SEX TOY|spd|2
|-boost|p2a: Imma SEX TOY|spa|2
|move|p1a: Chansey|Soft-Boiled|p1a: Chansey
|-heal|p1a: Chansey|616\/703 par
|
|turn|33
|choice|move 2|switch 5
|
|switch|p2a: WellIStallYourFace|Alakazam|56\/313 par
|cant|p1a: Chansey|par
|
|turn|34
|c| Abry fallito|yeah he was too strong in rse in past
|choice|switch 2|move 1
|
|switch|p1a: Tauros|Tauros|353\/353
|move|p2a: WellIStallYourFace|Thunder Wave|p1a: Tauros
|-status|p1a: Tauros|par
|
|turn|35
|choice|move 1|switch 5
|
|switch|p2a: Imma SEX TOY|Slowbro|314\/393
|move|p1a: Tauros|Body Slam|p2a: Imma SEX TOY
|-damage|p2a: Imma SEX TOY|213\/393
|
|turn|36
|choice|switch 2|move 2
|
|switch|p1a: Chansey|Chansey|616\/703 par
|move|p2a: Imma SEX TOY|Amnesia|p2a: Imma SEX TOY
|-boost|p2a: Imma SEX TOY|spd|2
|-boost|p2a: Imma SEX TOY|spa|2
|
|turn|37
|choice|move 3|switch 5
|
|switch|p2a: WellIStallYourFace|Alakazam|56\/313 par
|move|p1a: Chansey|Ice Beam|p2a: WellIStallYourFace
|-damage|p2a: WellIStallYourFace|0 fnt
|faint|p2a: WellIStallYourFace
|choice||switch 6
|
|switch|p2a: Yo Momma|Snorlax|198\/523
|turn|38
|choice|move 1|move 4
|
|move|p2a: Yo Momma|Self-Destruct|p1a: Chansey
|-damage|p1a: Chansey|0 fnt
|faint|p1a: Chansey
|faint|p2a: Yo Momma
|choice|switch 4|switch 4
|
|switch|p2a: I'm God|Tauros|353\/353
|switch|p1a: Zapdos|Zapdos|383\/383
|turn|39
|choice|move 3|move 1
|
|move|p2a: I'm God|Blizzard|p1a: Zapdos
|-crit|p1a: Zapdos
|-supereffective|p1a: Zapdos
|-damage|p1a: Zapdos|123\/383
|move|p1a: Zapdos|Thunder Wave|p2a: I'm God
|-status|p2a: I'm God|par
|
|turn|40
|choice|switch 6|move 1
|
|switch|p1a: Starmie|Starmie|256\/323
|move|p2a: I'm God|Blizzard|p1a: Starmie
|-resisted|p1a: Starmie
|-damage|p1a: Starmie|218\/323
|
|turn|41
|choice|switch 2|switch 3
|
|switch|p1a: Tauros|Tauros|353\/353 par
|switch|p2a: I Own RBY|Chansey|619\/703
|
|turn|42
|choice|move 1|move 4
|
|move|p2a: I Own RBY|Reflect|p2a: I Own RBY
|-start|p2a: I Own RBY|Reflect
|move|p1a: Tauros|Body Slam|p2a: I Own RBY
|-damage|p2a: I Own RBY|482\/703
|
|turn|43
|choice|move 1|move 2
|
|move|p2a: I Own RBY|Seismic Toss|p1a: Tauros
|-damage|p1a: Tauros|253\/353 par
|cant|p1a: Tauros|par
|
|turn|44
|c|★GaryTheGengar|zzz'
|choice|move 1|move 2
|
|move|p2a: I Own RBY|Seismic Toss|p1a: Tauros
|-damage|p1a: Tauros|153\/353 par
|cant|p1a: Tauros|par
|
|turn|45
|-message|GaryTheGengar forfeited.
|
|win|Peasounay
|l|GaryTheGengar
|player|p1
|l|Peasounay
|player|p2