|j|baron du bambou
|j|jjdjjd
|player|p1|baron du bambou|161
|player|p2|jjdjjd|1
|gametype|singles
|gen|1
|tier|[Gen 1] OU
|rated
|seed|
|rule|Sleep Clause Mod: Limit one foe put to sleep
|rule|Freeze Clause Mod: Limit one foe frozen
|rule|Species Clause: Limit one of each Pokémon
|rule|OHKO Clause: OHKO moves are banned
|rule|Evasion Moves Clause: Evasion moves are banned
|rule|HP Percentage Mod: HP is shown in percentages
|
|start
|switch|p1a: Exeggutor|Exeggutor|100\/100
|switch|p2a: Alakazam|Alakazam|100\/100
|turn|1
|choice||
|
|move|p2a: Alakazam|Thunder Wave|p1a: Exeggutor
|-status|p1a: Exeggutor|par
|cant|p1a: Exeggutor|par
|
|turn|2
|choice||
|
|switch|p2a: Chansey|Chansey|100\/100
|move|p1a: Exeggutor|Sleep Powder|p2a: Chansey
|-status|p2a: Chansey|slp
|
|turn|3
|choice||
|
|cant|p2a: Chansey|slp
|move|p1a: Exeggutor|Psychic|p2a: Chansey
|-damage|p2a: Chansey|84\/100 slp
|
|turn|4
|choice||
|
|cant|p2a: Chansey|slp
|move|p1a: Exeggutor|Psychic|p2a: Chansey
|-damage|p2a: Chansey|67\/100 slp
|
|turn|5
|choice||
|
|cant|p2a: Chansey|slp
|cant|p1a: Exeggutor|par
|
|turn|6
|choice||
|
|-curestatus|p2a: Chansey|slp
|move|p1a: Exeggutor|Psychic|p2a: Chansey
|-damage|p2a: Chansey|51\/100
|
|turn|7
|choice||
|
|move|p2a: Chansey|Ice Beam|p1a: Exeggutor
|-supereffective|p1a: Exeggutor
|-damage|p1a: Exeggutor|69\/100 par
|move|p1a: Exeggutor|Sleep Powder|p2a: Chansey|[miss]
|-miss|p1a: Exeggutor
|
|turn|8
|choice||
|
|move|p2a: Chansey|Soft-Boiled|p2a: Chansey
|-heal|p2a: Chansey|100\/100
|move|p1a: Exeggutor|Sleep Powder|p2a: Chansey
|-status|p2a: Chansey|slp
|
|turn|9
|choice||
|
|switch|p1a: Rhydon|Rhydon|100\/100
|cant|p2a: Chansey|slp
|
|turn|10
|choice||
|
|switch|p2a: Exeggutor|Exeggutor|100\/100
|move|p1a: Rhydon|Earthquake|p2a: Exeggutor
|-resisted|p2a: Exeggutor
|-damage|p2a: Exeggutor|82\/100
|
|turn|11
|choice||
|
|move|p2a: Exeggutor|Stun Spore|p1a: Rhydon
|-status|p1a: Rhydon|par
|move|p1a: Rhydon|Fire Blast|p2a: Exeggutor
|-supereffective|p2a: Exeggutor
|-damage|p2a: Exeggutor|56\/100
|
|turn|12
|choice||
|
|switch|p2a: Snorlax|Snorlax|100\/100
|move|p1a: Rhydon|Earthquake|p2a: Snorlax
|-damage|p2a: Snorlax|65\/100
|
|turn|13
|choice||
|
|move|p2a: Snorlax|Surf|p1a: Rhydon
|-supereffective|p1a: Rhydon
|-damage|p1a: Rhydon|9\/100 par
|move|p1a: Rhydon|Earthquake|p2a: Snorlax
|-damage|p2a: Snorlax|32\/100
|
|turn|14
|choice||
|
|switch|p1a: Starmie|Starmie|100\/100
|move|p2a: Snorlax|Surf|p1a: Starmie
|-resisted|p1a: Starmie
|-damage|p1a: Starmie|92\/100
|
|turn|15
|choice||
|
|switch|p2a: Chansey|Chansey|100\/100 slp
|move|p1a: Starmie|Psychic|p2a: Chansey
|-crit|p2a: Chansey
|-damage|p2a: Chansey|72\/100 slp
|
|turn|16
|choice||
|
|switch|p1a: Rhydon|Rhydon|9\/100 par
|cant|p2a: Chansey|slp
|
|turn|17
|choice||
|
|switch|p2a: Exeggutor|Exeggutor|56\/100
|cant|p1a: Rhydon|par
|
|turn|18
|choice||
|
|switch|p1a: Starmie|Starmie|92\/100
|move|p2a: Exeggutor|Psychic|p1a: Starmie
|-resisted|p1a: Starmie
|-damage|p1a: Starmie|74\/100
|
|turn|19
|choice||
|
|switch|p2a: Chansey|Chansey|72\/100 slp
|move|p1a: Starmie|Ice Beam|p2a: Chansey
|-damage|p2a: Chansey|61\/100 slp
|
|turn|20
|choice||
|
|switch|p1a: Rhydon|Rhydon|9\/100 par
|cant|p2a: Chansey|slp
|
|turn|21
|choice||
|
|switch|p2a: Exeggutor|Exeggutor|56\/100
|move|p1a: Rhydon|Fire Blast|p2a: Exeggutor
|-supereffective|p2a: Exeggutor
|-damage|p2a: Exeggutor|30\/100
|-status|p2a: Exeggutor|brn
|
|turn|22
|choice||
|
|switch|p1a: Starmie|Starmie|74\/100
|move|p2a: Exeggutor|Sleep Powder|p1a: Starmie|[miss]
|-miss|p2a: Exeggutor
|-damage|p2a: Exeggutor|24\/100 brn|[from] brn|[of] p1a: Starmie
|
|turn|23
|choice||
|
|switch|p2a: Chansey|Chansey|61\/100 slp
|move|p1a: Starmie|Ice Beam|p2a: Chansey
|-damage|p2a: Chansey|51\/100 slp
|
|turn|24
|choice||
|
|switch|p1a: Exeggutor|Exeggutor|69\/100 par
|cant|p2a: Chansey|slp
|
|turn|25
|choice||
|
|-curestatus|p2a: Chansey|slp
|move|p1a: Exeggutor|Explosion|p2a: Chansey
|-damage|p2a: Chansey|0 fnt
|faint|p2a: Chansey
|faint|p1a: Exeggutor
|choice||
|
|switch|p2a: Alakazam|Alakazam|100\/100
|switch|p1a: Starmie|Starmie|74\/100
|turn|26
|choice||
|
|move|p2a: Alakazam|Thunder Wave|p1a: Starmie
|-status|p1a: Starmie|par
|move|p1a: Starmie|Surf|p2a: Alakazam
|-damage|p2a: Alakazam|71\/100
|
|turn|27
|j|Diegolh
|choice||
|
|move|p2a: Alakazam|Psychic|p1a: Starmie
|-resisted|p1a: Starmie
|-damage|p1a: Starmie|54\/100 par
|move|p1a: Starmie|Surf|p2a: Alakazam|[miss]
|-miss|p1a: Starmie
|
|turn|28
|choice||
|
|move|p2a: Alakazam|Psychic|p1a: Starmie
|-resisted|p1a: Starmie
|-damage|p1a: Starmie|32\/100 par
|cant|p1a: Starmie|par
|
|turn|29
|choice||
|
|switch|p1a: Alakazam|Alakazam|100\/100
|move|p2a: Alakazam|Psychic|p1a: Alakazam
|-resisted|p1a: Alakazam
|-damage|p1a: Alakazam|85\/100
|
|turn|30
|choice||
|
|move|p2a: Alakazam|Thunder Wave|p1a: Alakazam
|-status|p1a: Alakazam|par
|cant|p1a: Alakazam|par
|
|turn|31
|choice||
|
|switch|p2a: Exeggutor|Exeggutor|24\/100 brn
|-damage|p2a: Exeggutor|18\/100 brn|[from] brn
|move|p1a: Alakazam|Body Slam|p2a: Exeggutor
|-crit|p2a: Exeggutor
|-damage|p2a: Exeggutor|0 fnt
|faint|p2a: Exeggutor
|choice||
|
|switch|p2a: Snorlax|Snorlax|32\/100
|turn|32
|choice||
|
|move|p2a: Snorlax|Self-Destruct|p1a: Alakazam
|-damage|p1a: Alakazam|0 fnt
|faint|p1a: Alakazam
|faint|p2a: Snorlax
|choice||
|
|switch|p1a: Jolteon|Jolteon|100\/100
|switch|p2a: Persian|Persian|100\/100
|turn|33
|choice||
|
|move|p1a: Jolteon|Thunderbolt|p2a: Persian
|-damage|p2a: Persian|56\/100
|move|p2a: Persian|Slash|p1a: Jolteon
|-crit|p1a: Jolteon
|-damage|p1a: Jolteon|49\/100
|
|turn|34
|choice||
|
|move|p1a: Jolteon|Thunderbolt|p2a: Persian
|-crit|p2a: Persian
|-damage|p2a: Persian|0 fnt
|faint|p2a: Persian
|choice||
|
|switch|p2a: Tauros|Tauros|100\/100
|turn|35
|choice||
|
|move|p1a: Jolteon|Thunderbolt|p2a: Tauros
|-damage|p2a: Tauros|55\/100
|move|p2a: Tauros|Hyper Beam|p1a: Jolteon
|-damage|p1a: Jolteon|0 fnt
|faint|p1a: Jolteon
|choice||
|
|switch|p1a: Gengar|Gengar|100\/100
|turn|36
|choice||
|
|switch|p2a: Alakazam|Alakazam|71\/100
|move|p1a: Gengar|Psychic|p2a: Alakazam
|-resisted|p2a: Alakazam
|-damage|p2a: Alakazam|60\/100
|
|turn|37
|choice||
|
|move|p2a: Alakazam|Thunder Wave|p1a: Gengar
|-status|p1a: Gengar|par
|move|p1a: Gengar|Night Shade|p2a: Alakazam
|-damage|p2a: Alakazam|28\/100
|
|turn|38
|choice||
|
|move|p2a: Alakazam|Recover|p2a: Alakazam
|-heal|p2a: Alakazam|78\/100
|cant|p1a: Gengar|par
|
|turn|39
|choice||
|
|move|p2a: Alakazam|Psychic|p1a: Gengar
|-crit|p1a: Gengar
|-supereffective|p1a: Gengar
|-damage|p1a: Gengar|0 fnt
|faint|p1a: Gengar
|c|★baron du bambou|gg
|choice||
|
|switch|p1a: Rhydon|Rhydon|9\/100 par
|turn|40
|choice||
|
|move|p2a: Alakazam|Psychic|p1a: Rhydon
|-crit|p1a: Rhydon
|-damage|p1a: Rhydon|0 fnt
|faint|p1a: Rhydon
|choice||
|
|switch|p1a: Starmie|Starmie|32\/100 par
|turn|41
|choice||
|
|move|p2a: Alakazam|Psychic|p1a: Starmie
|-resisted|p1a: Starmie
|-damage|p1a: Starmie|11\/100 par
|-unboost|p1a: Starmie|spd|1
|-unboost|p1a: Starmie|spa|1
|cant|p1a: Starmie|par
|
|turn|42
|choice||
|
|move|p2a: Alakazam|Psychic|p1a: Starmie
|-crit|p1a: Starmie
|-resisted|p1a: Starmie
|-damage|p1a: Starmie|0 fnt
|faint|p1a: Starmie
|
|win|jjdjjd
|player|p1
|player|p2
|raw|baron du bambou's rating: 1125 &rarr; <strong>1097<\/strong><br \/>(-28 for losing)
|raw|jjdjjd's rating: 1087 &rarr; <strong>1117<\/strong><br \/>(+30 for winning)