|j|tsun34
|j|eddiewalkabout
|player|p1|tsun34|25
|player|p2|eddiewalkabout|76
|gametype|singles
|gen|1
|tier|[Gen 1] Random Battle
|rated
|seed|
|rule|Sleep Clause Mod: Limit one foe put to sleep
|rule|Freeze Clause Mod: Limit one foe frozen
|rule|HP Percentage Mod: HP is shown in percentages
|
|start
|switch|p1a: Golem|Golem, L79|100\/100
|switch|p2a: Aerodactyl|Aerodactyl, L90|100\/100
|turn|1
|choice||
|
|switch|p2a: Ivysaur|Ivysaur, L85|100\/100
|move|p1a: Golem|Rock Slide|p2a: Ivysaur|[miss]
|-miss|p1a: Golem
|
|turn|2
|choice||
|
|switch|p1a: Ninetales|Ninetales, L85|100\/100
|move|p2a: Ivysaur|Swords Dance|p2a: Ivysaur
|-boost|p2a: Ivysaur|atk|2
|
|turn|3
|choice||
|
|switch|p2a: Aerodactyl|Aerodactyl, L90|100\/100
|move|p1a: Ninetales|Fire Blast|p2a: Aerodactyl
|-resisted|p2a: Aerodactyl
|-damage|p2a: Aerodactyl|77\/100
|-status|p2a: Aerodactyl|brn
|
|turn|4
|choice||
|
|switch|p1a: Clefairy|Clefairy, L95|100\/100
|move|p2a: Aerodactyl|Hyper Beam|p1a: Clefairy
|-damage|p1a: Clefairy|78\/100
|-damage|p2a: Aerodactyl|71\/100 brn|[from] brn|[of] p1a: Clefairy
|
|turn|5
|-mustrecharge|p2a: Aerodactyl
|-mustrecharge|p2a: Aerodactyl
|choice||
|
|cant|p2a: Aerodactyl|recharge
|-damage|p2a: Aerodactyl|64\/100 brn|[from] brn|[of] p1a: Clefairy
|move|p1a: Clefairy|Blizzard|p2a: Aerodactyl
|-supereffective|p2a: Aerodactyl
|-damage|p2a: Aerodactyl|1\/100 brn
|
|turn|6
|choice||
|
|move|p2a: Aerodactyl|Double-Edge|p1a: Clefairy
|-crit|p1a: Clefairy
|-damage|p1a: Clefairy|12\/100
|-damage|p2a: Aerodactyl|0 fnt|[from] recoil|[of] p1a: Clefairy
|faint|p2a: Aerodactyl
|choice||
|
|switch|p2a: Jigglypuff|Jigglypuff, L99|100\/100
|turn|7
|c|★eddiewalkabout|r\/aww
|choice||
|
|move|p1a: Clefairy|Sing|p2a: Jigglypuff|[miss]
|-miss|p1a: Clefairy
|move|p2a: Jigglypuff|Double-Edge|p1a: Clefairy
|-crit|p1a: Clefairy
|-damage|p1a: Clefairy|0 fnt
|-damage|p2a: Jigglypuff|98\/100|[from] recoil|[of] p1a: Clefairy
|faint|p1a: Clefairy
|choice||
|
|switch|p1a: Dodrio|Dodrio, L85|100\/100
|turn|8
|choice||
|
|move|p1a: Dodrio|Body Slam|p2a: Jigglypuff
|-damage|p2a: Jigglypuff|61\/100
|move|p2a: Jigglypuff|Sing|p1a: Dodrio
|-status|p1a: Dodrio|slp
|
|turn|9
|choice||
|
|cant|p1a: Dodrio|slp
|move|p2a: Jigglypuff|Bubble Beam|p1a: Dodrio
|-damage|p1a: Dodrio|86\/100 slp
|
|turn|10
|choice||
|
|switch|p2a: Ivysaur|Ivysaur, L85|100\/100
|-curestatus|p1a: Dodrio|slp
|
|turn|11
|choice||
|
|switch|p2a: Mew|Mew, L74|100\/100
|move|p1a: Dodrio|Drill Peck|p2a: Mew
|-damage|p2a: Mew|70\/100
|
|turn|12
|choice||
|
|switch|p1a: Jolteon|Jolteon, L79|100\/100
|move|p2a: Mew|Thunderbolt|p1a: Jolteon
|-resisted|p1a: Jolteon
|-damage|p1a: Jolteon|91\/100
|
|turn|13
|choice||
|
|move|p1a: Jolteon|Thunder Wave|p2a: Mew
|-status|p2a: Mew|par
|move|p2a: Mew|Earthquake|p1a: Jolteon
|-supereffective|p1a: Jolteon
|-damage|p1a: Jolteon|32\/100
|
|turn|14
|choice||
|
|move|p1a: Jolteon|Thunderbolt|p2a: Mew
|-damage|p2a: Mew|38\/100 par
|cant|p2a: Mew|par
|
|turn|15
|choice||
|
|move|p1a: Jolteon|Thunderbolt|p2a: Mew
|-damage|p2a: Mew|3\/100 par
|move|p2a: Mew|Earthquake|p1a: Jolteon
|-crit|p1a: Jolteon
|-supereffective|p1a: Jolteon
|-damage|p1a: Jolteon|0 fnt
|faint|p1a: Jolteon
|choice||
|
|switch|p1a: Dodrio|Dodrio, L85|86\/100
|turn|16
|choice||
|
|move|p1a: Dodrio|Body Slam|p2a: Mew
|-damage|p2a: Mew|0 fnt
|faint|p2a: Mew
|choice||
|
|switch|p2a: Jigglypuff|Jigglypuff, L99|61\/100
|turn|17
|choice||
|
|move|p1a: Dodrio|Body Slam|p2a: Jigglypuff
|-damage|p2a: Jigglypuff|24\/100
|move|p2a: Jigglypuff|Sing|p1a: Dodrio
|-status|p1a: Dodrio|slp
|
|turn|18
|choice||
|
|cant|p1a: Dodrio|slp
|move|p2a: Jigglypuff|Bubble Beam|p1a: Dodrio
|-damage|p1a: Dodrio|71\/100 slp
|
|turn|19
|choice||
|
|cant|p1a: Dodrio|slp
|move|p2a: Jigglypuff|Bubble Beam|p1a: Dodrio
|-damage|p1a: Dodrio|56\/100 slp
|-unboost|p1a: Dodrio|spe|1
|
|turn|20
|choice||
|
|-curestatus|p1a: Dodrio|slp
|move|p2a: Jigglypuff|Bubble Beam|p1a: Dodrio
|-damage|p1a: Dodrio|42\/100
|
|turn|21
|choice||
|
|move|p1a: Dodrio|Body Slam|p2a: Jigglypuff
|-damage|p2a: Jigglypuff|0 fnt
|faint|p2a: Jigglypuff
|choice||
|
|switch|p2a: Lickitung|Lickitung, L90|100\/100
|turn|22
|choice||
|
|switch|p1a: Arbok|Arbok, L90|100\/100
|move|p2a: Lickitung|Hyper Beam|p1a: Arbok
|-damage|p1a: Arbok|48\/100
|
|turn|23
|-mustrecharge|p2a: Lickitung
|-mustrecharge|p2a: Lickitung
|choice||
|
|move|p1a: Arbok|Glare|p2a: Lickitung
|-status|p2a: Lickitung|par
|cant|p2a: Lickitung|recharge
|
|turn|24
|choice||
|
|move|p1a: Arbok|Hyper Beam|p2a: Lickitung
|-damage|p2a: Lickitung|67\/100 par
|move|p2a: Lickitung|Earthquake|p1a: Arbok
|-supereffective|p1a: Arbok
|-damage|p1a: Arbok|1\/100
|
|turn|25
|-mustrecharge|p1a: Arbok
|-mustrecharge|p1a: Arbok
|choice||
|
|cant|p1a: Arbok|recharge
|move|p2a: Lickitung|Body Slam|p1a: Arbok
|-damage|p1a: Arbok|0 fnt
|faint|p1a: Arbok
|choice||
|
|switch|p1a: Dodrio|Dodrio, L85|42\/100
|turn|26
|choice||
|
|move|p1a: Dodrio|Body Slam|p2a: Lickitung
|-damage|p2a: Lickitung|36\/100 par
|move|p2a: Lickitung|Swords Dance|p2a: Lickitung
|-boost|p2a: Lickitung|atk|2
|
|turn|27
|choice||
|
|move|p1a: Dodrio|Hyper Beam|p2a: Lickitung
|-damage|p2a: Lickitung|0 fnt
|faint|p2a: Lickitung
|choice||
|
|switch|p2a: Ivysaur|Ivysaur, L85|100\/100
|turn|28
|choice||
|
|move|p1a: Dodrio|Drill Peck|p2a: Ivysaur
|-supereffective|p2a: Ivysaur
|-damage|p2a: Ivysaur|20\/100
|move|p2a: Ivysaur|Body Slam|p1a: Dodrio
|-damage|p1a: Dodrio|22\/100
|
|turn|29
|choice||
|
|move|p1a: Dodrio|Drill Peck|p2a: Ivysaur
|-supereffective|p2a: Ivysaur
|-damage|p2a: Ivysaur|0 fnt
|faint|p2a: Ivysaur
|choice||
|
|switch|p2a: Charmeleon|Charmeleon, L85|100\/100
|turn|30
|choice||
|
|move|p1a: Dodrio|Hyper Beam|p2a: Charmeleon
|-damage|p2a: Charmeleon|19\/100
|move|p2a: Charmeleon|Fire Blast|p1a: Dodrio|[miss]
|-miss|p2a: Charmeleon
|
|turn|31
|-mustrecharge|p1a: Dodrio
|-mustrecharge|p1a: Dodrio
|choice||
|
|cant|p1a: Dodrio|recharge
|move|p2a: Charmeleon|Fire Blast|p1a: Dodrio
|-damage|p1a: Dodrio|0 fnt
|faint|p1a: Dodrio
|choice||
|
|switch|p1a: Golem|Golem, L79|100\/100
|turn|32
|c|★tsun34|gg
|choice||
|
|move|p2a: Charmeleon|Substitute|p2a: Charmeleon
|-fail|p2a: Charmeleon|move: Substitute|[weak]
|move|p1a: Golem|Earthquake|p2a: Charmeleon
|-supereffective|p2a: Charmeleon
|-damage|p2a: Charmeleon|0 fnt
|faint|p2a: Charmeleon
|
|win|tsun34
|player|p1
|player|p2
|raw|tsun34's rating: 1332 &rarr; <strong>1352<\/strong><br \/>(+20 for winning)
|raw|eddiewalkabout's rating: 1324 &rarr; <strong>1304<\/strong><br \/>(-20 for losing)