|j|MrVipers
|j|Dervodel1
|player|p1|MrVipers|101
|player|p2|Dervodel1|101
|gametype|singles
|gen|1
|tier|[Gen 1] Random Battle
|rated
|seed|28850,23575,64227,63711
|rule|Sleep Clause Mod: Limit one foe put to sleep
|rule|Freeze Clause Mod: Limit one foe frozen
|rule|HP Percentage Mod: HP is shown in percentages
|
|start
|switch|p1a: Eevee|Eevee, L96|300\/300
|switch|p2a: Weezing|Weezing, L90|300\/300
|turn|1
|choice|move 4|move 4
|
|move|p1a: Eevee|Reflect|p1a: Eevee
|-start|p1a: Eevee|Reflect
|move|p2a: Weezing|Sludge|p1a: Eevee
|-damage|p1a: Eevee|256\/300
|
|turn|2
|choice|switch 5|move 2
|
|switch|p1a: Graveler|Graveler, L85|267\/267
|move|p2a: Weezing|Fire Blast|p1a: Graveler
|-resisted|p1a: Graveler
|-damage|p1a: Graveler|208\/267
|-status|p1a: Graveler|brn
|
|turn|3
|choice|move 1|switch 3
|
|switch|p2a: Kingler|Kingler, L85|267\/267
|move|p1a: Graveler|Earthquake|p2a: Kingler
|-damage|p2a: Kingler|220\/267
|-damage|p1a: Graveler|192\/267 brn|[from] brn|[of] p2a: Kingler
|
|turn|4
|choice|switch 2|move 1
|
|switch|p1a: Electrode|Electrode, L90|291\/291
|move|p2a: Kingler|Crabhammer|p1a: Electrode
|-crit|p1a: Electrode
|-damage|p1a: Electrode|164\/291
|
|turn|5
|choice|move 4|switch 5
|
|switch|p2a: Sandslash|Sandslash, L85|301\/301
|move|p1a: Electrode|Screech|p2a: Sandslash
|-unboost|p2a: Sandslash|def|2
|
|turn|6
|choice|move 1|switch 3
|
|switch|p2a: Weezing|Weezing, L90|300\/300
|move|p1a: Electrode|Explosion|p2a: Weezing
|-damage|p2a: Weezing|154\/300
|faint|p1a: Electrode
|choice|switch 4|
|
|switch|p1a: Mewtwo|Mewtwo, L70|293\/293
|turn|7
|choice|move 1|move 1
|
|move|p1a: Mewtwo|Psychic|p2a: Weezing
|-supereffective|p2a: Weezing
|-damage|p2a: Weezing|0 fnt
|faint|p2a: Weezing
|choice||switch 6
|
|switch|p2a: Persian|Persian, L79|265\/265
|turn|8
|choice|switch 2|move 1
|
|switch|p1a: Graveler|Graveler, L85|192\/267 brn
|-damage|p1a: Graveler|176\/267 brn|[from] brn
|move|p2a: Persian|Slash|p1a: Graveler
|-crit|p1a: Graveler
|-resisted|p1a: Graveler
|-damage|p1a: Graveler|134\/267 brn
|
|turn|9
|choice|move 4|move 4
|
|move|p2a: Persian|Bubble Beam|p1a: Graveler
|-supereffective|p1a: Graveler
|-damage|p1a: Graveler|0 fnt
|faint|p1a: Graveler
|choice|switch 3|
|
|switch|p1a: Venusaur|Venusaur, L85|310\/310
|turn|10
|choice|move 2|move 1
|
|move|p2a: Persian|Slash|p1a: Venusaur
|-crit|p1a: Venusaur
|-damage|p1a: Venusaur|205\/310
|move|p1a: Venusaur|Leech Seed|p2a: Persian
|-start|p2a: Persian|move: Leech Seed
|
|turn|11
|choice|move 3|move 2
|
|move|p2a: Persian|Body Slam|p1a: Venusaur
|-crit|p1a: Venusaur
|-damage|p1a: Venusaur|83\/310
|-status|p1a: Venusaur|par
|-damage|p2a: Persian|249\/265|[from] Leech Seed|[of] p1a: Venusaur
|-heal|p1a: Venusaur|99\/310 par|[silent]
|move|p1a: Venusaur|Razor Leaf|p2a: Persian
|-crit|p2a: Persian
|-damage|p2a: Persian|103\/265
|
|turn|12
|choice|switch 5|move 1
|
|switch|p1a: Eevee|Eevee, L96|256\/300
|move|p2a: Persian|Slash|p1a: Eevee
|-crit|p1a: Eevee
|-damage|p1a: Eevee|137\/300
|-damage|p2a: Persian|87\/265|[from] Leech Seed|[of] p1a: Eevee
|-heal|p1a: Eevee|153\/300|[silent]
|
|turn|13
|choice|move 4|switch 2
|
|switch|p2a: Ekans|Ekans, L96|262\/262
|move|p1a: Eevee|Reflect|p1a: Eevee
|-start|p1a: Eevee|Reflect
|
|turn|14
|choice|move 3|move 3
|
|move|p1a: Eevee|Mimic|p2a: Ekans
|-start|p1a: Eevee|Mimic|Body Slam
|move|p2a: Ekans|Glare|p1a: Eevee
|-status|p1a: Eevee|par
|
|turn|15
|choice|move 1|move 4
|
|move|p2a: Ekans|Earthquake|p1a: Eevee
|-crit|p1a: Eevee
|-damage|p1a: Eevee|0 fnt
|faint|p1a: Eevee
|choice|switch 2|
|
|switch|p1a: Mewtwo|Mewtwo, L70|293\/293
|turn|16
|choice|move 1|move 3
|
|move|p1a: Mewtwo|Psychic|p2a: Ekans
|-supereffective|p2a: Ekans
|-damage|p2a: Ekans|0 fnt
|faint|p2a: Ekans
|choice||switch 2
|
|switch|p2a: Persian|Persian, L79|87\/265
|turn|17
|choice|move 1|move 1
|
|move|p2a: Persian|Slash|p1a: Mewtwo
|-crit|p1a: Mewtwo
|-damage|p1a: Mewtwo|162\/293
|move|p1a: Mewtwo|Psychic|p2a: Persian
|-crit|p2a: Persian
|-damage|p2a: Persian|0 fnt
|faint|p2a: Persian
|choice||switch 4
|
|switch|p2a: Raichu|Raichu, L85|276\/276
|turn|18
|choice|switch 5|move 2
|
|switch|p1a: Venusaur|Venusaur, L85|99\/310 par
|move|p2a: Raichu|Thunder Wave|p1a: Venusaur
|-fail|p1a: Venusaur|par
|
|turn|19
|choice|move 1|move 4
|
|move|p2a: Raichu|Hyper Beam|p1a: Venusaur
|-damage|p1a: Venusaur|0 fnt
|faint|p1a: Venusaur
|choice|switch 6|
|
|switch|p1a: Blastoise|Blastoise, L85|308\/308
|turn|20
|choice|move 1|move 2
|
|move|p2a: Raichu|Thunder Wave|p1a: Blastoise
|-status|p1a: Blastoise|par
|cant|p1a: Blastoise|par
|
|turn|21
|choice|move 1|switch 5
|
|switch|p2a: Kingler|Kingler, L85|220\/267
|cant|p1a: Blastoise|par
|
|turn|22
|choice|move 2|move 4
|
|move|p2a: Kingler|Body Slam|p1a: Blastoise
|-damage|p1a: Blastoise|244\/308 par
|move|p1a: Blastoise|Body Slam|p2a: Kingler
|-damage|p2a: Kingler|171\/267
|
|turn|23
|choice|move 2|move 4
|
|move|p2a: Kingler|Body Slam|p1a: Blastoise
|-damage|p1a: Blastoise|180\/308 par
|move|p1a: Blastoise|Body Slam|p2a: Kingler
|-damage|p2a: Kingler|121\/267
|
|turn|24
|choice|move 2|move 2
|
|move|p2a: Kingler|Hyper Beam|p1a: Blastoise
|-damage|p1a: Blastoise|50\/308 par
|move|p1a: Blastoise|Body Slam|p2a: Kingler
|-damage|p2a: Kingler|71\/267
|
|turn|25
|-mustrecharge|p2a: Kingler
|-mustrecharge|p2a: Kingler
|choice|switch 5|move 1
|
|switch|p1a: Mewtwo|Mewtwo, L70|162\/293
|cant|p2a: Kingler|recharge
|
|turn|26
|choice|move 1|move 2
|
|move|p1a: Mewtwo|Psychic|p2a: Kingler
|-damage|p2a: Kingler|0 fnt
|faint|p2a: Kingler
|choice||switch 5
|
|switch|p2a: Raichu|Raichu, L85|276\/276
|turn|27
|choice|switch 5|move 2
|
|switch|p1a: Blastoise|Blastoise, L85|50\/308 par
|move|p2a: Raichu|Thunder Wave|p1a: Blastoise
|-fail|p1a: Blastoise|par
|
|turn|28
|choice|move 3|move 4
|
|move|p2a: Raichu|Hyper Beam|p1a: Blastoise
|-damage|p1a: Blastoise|0 fnt
|faint|p1a: Blastoise
|choice|switch 5|
|
|switch|p1a: Mewtwo|Mewtwo, L70|162\/293
|turn|29
|choice|move 1|move 2
|
|move|p2a: Raichu|Thunder Wave|p1a: Mewtwo
|-status|p1a: Mewtwo|par
|cant|p1a: Mewtwo|par
|
|turn|30
|choice|move 2|move 1
|
|move|p2a: Raichu|Surf|p1a: Mewtwo
|-damage|p1a: Mewtwo|107\/293 par
|move|p1a: Mewtwo|Recover|p1a: Mewtwo
|-heal|p1a: Mewtwo|253\/293 par
|
|turn|31
|choice|move 1|move 4
|
|move|p2a: Raichu|Hyper Beam|p1a: Mewtwo
|-damage|p1a: Mewtwo|130\/293 par
|move|p1a: Mewtwo|Psychic|p2a: Raichu
|-damage|p2a: Raichu|191\/276
|-unboost|p2a: Raichu|spd|1
|-unboost|p2a: Raichu|spa|1
|
|turn|32
|-mustrecharge|p2a: Raichu
|-mustrecharge|p2a: Raichu
|choice|move 2|move 1
|
|cant|p2a: Raichu|recharge
|move|p1a: Mewtwo|Recover|p1a: Mewtwo
|-heal|p1a: Mewtwo|276\/293 par
|
|turn|33
|c|★Dervodel1|how op is mr. mewtwo
|choice|move 1|move 1
|
|move|p2a: Raichu|Surf|p1a: Mewtwo
|-damage|p1a: Mewtwo|238\/293 par
|move|p1a: Mewtwo|Psychic|p2a: Raichu
|-crit|p2a: Raichu
|-damage|p2a: Raichu|24\/276
|
|turn|34
|choice|move 2|move 4
|
|move|p2a: Raichu|Hyper Beam|p1a: Mewtwo
|-damage|p1a: Mewtwo|109\/293 par
|move|p1a: Mewtwo|Recover|p1a: Mewtwo
|-heal|p1a: Mewtwo|255\/293 par
|
|turn|35
|-mustrecharge|p2a: Raichu
|-mustrecharge|p2a: Raichu
|choice|move 1|move 1
|
|cant|p2a: Raichu|recharge
|cant|p1a: Mewtwo|par
|
|turn|36
|choice|move 2|move 4
|
|move|p2a: Raichu|Hyper Beam|p1a: Mewtwo
|-damage|p1a: Mewtwo|132\/293 par
|move|p1a: Mewtwo|Recover|p1a: Mewtwo
|-heal|p1a: Mewtwo|278\/293 par
|
|turn|37
|-mustrecharge|p2a: Raichu
|-mustrecharge|p2a: Raichu
|choice|move 1|move 1
|
|cant|p2a: Raichu|recharge
|move|p1a: Mewtwo|Psychic|p2a: Raichu
|-damage|p2a: Raichu|0 fnt
|faint|p2a: Raichu
|choice||switch 3
|
|switch|p2a: Sandslash|Sandslash, L85|301\/301
|turn|38
|choice|move 3|move 1
|
|move|p2a: Sandslash|Earthquake|p1a: Mewtwo
|-damage|p1a: Mewtwo|142\/293 par
|move|p1a: Mewtwo|Blizzard|p2a: Sandslash
|-supereffective|p2a: Sandslash
|-damage|p2a: Sandslash|100\/301
|
|turn|39
|choice|move 3|move 1
|
|move|p2a: Sandslash|Earthquake|p1a: Mewtwo
|-damage|p1a: Mewtwo|8\/293 par
|move|p1a: Mewtwo|Blizzard|p2a: Sandslash
|-supereffective|p2a: Sandslash
|-damage|p2a: Sandslash|0 fnt
|faint|p2a: Sandslash
|
|win|MrVipers
|raw|MrVipers's rating: 1091 &rarr; <strong>1132<\/strong><br \/>(+41 for winning)
|raw|Dervodel1's rating: 1305 &rarr; <strong>1274<\/strong><br \/>(-31 for losing)