|j|DAMSPAN
|j|simpje
|player|p1|DAMSPAN|12
|player|p2|simpje|161
|gametype|singles
|gen|1
|tier|[Gen 1] Random Battle
|rated
|seed|
|rule|Sleep Clause Mod: Limit one foe put to sleep
|rule|Freeze Clause Mod: Limit one foe frozen
|rule|HP Percentage Mod: HP is shown in percentages
|
|start
|switch|p1a: Cubone|Cubone, L96|100\/100
|switch|p2a: Scyther|Scyther, L90|100\/100
|turn|1
|choice||
|
|move|p2a: Scyther|Swords Dance|p2a: Scyther
|-boost|p2a: Scyther|atk|2
|move|p1a: Cubone|Blizzard|p2a: Scyther
|-supereffective|p2a: Scyther
|-damage|p2a: Scyther|48\/100
|
|turn|2
|choice||
|
|move|p2a: Scyther|Hyper Beam|p1a: Cubone
|-damage|p1a: Cubone|19\/100
|move|p1a: Cubone|Blizzard|p2a: Scyther
|-supereffective|p2a: Scyther
|-damage|p2a: Scyther|0 fnt
|faint|p2a: Scyther
|choice||
|
|switch|p2a: Omastar|Omastar, L90|100\/100
|turn|3
|choice||
|
|switch|p1a: Poliwhirl|Poliwhirl, L85|100\/100
|move|p2a: Omastar|Seismic Toss|p1a: Poliwhirl
|-damage|p1a: Poliwhirl|69\/100
|
|turn|4
|choice||
|
|move|p1a: Poliwhirl|Hypnosis|p2a: Omastar|[miss]
|-miss|p1a: Poliwhirl
|move|p2a: Omastar|Seismic Toss|p1a: Poliwhirl
|-damage|p1a: Poliwhirl|37\/100
|
|turn|5
|choice||
|
|move|p1a: Poliwhirl|Hypnosis|p2a: Omastar|[miss]
|-miss|p1a: Poliwhirl
|move|p2a: Omastar|Seismic Toss|p1a: Poliwhirl
|-damage|p1a: Poliwhirl|5\/100
|
|turn|6
|choice||
|
|move|p1a: Poliwhirl|Hypnosis|p2a: Omastar
|-status|p2a: Omastar|slp
|cant|p2a: Omastar|slp
|
|turn|7
|choice||
|
|move|p1a: Poliwhirl|Amnesia|p1a: Poliwhirl
|-boost|p1a: Poliwhirl|spd|2
|-boost|p1a: Poliwhirl|spa|2
|-curestatus|p2a: Omastar|slp
|
|turn|8
|choice||
|
|move|p1a: Poliwhirl|Hypnosis|p2a: Omastar
|-status|p2a: Omastar|slp
|-curestatus|p2a: Omastar|slp
|
|turn|9
|choice||
|
|move|p1a: Poliwhirl|Hypnosis|p2a: Omastar
|-status|p2a: Omastar|slp
|cant|p2a: Omastar|slp
|
|turn|10
|choice||
|
|move|p1a: Poliwhirl|Surf|p2a: Omastar
|-crit|p2a: Omastar
|-damage|p2a: Omastar|64\/100 slp
|cant|p2a: Omastar|slp
|
|turn|11
|choice||
|
|move|p1a: Poliwhirl|Amnesia|p1a: Poliwhirl
|-boost|p1a: Poliwhirl|spd|2
|-boost|p1a: Poliwhirl|spa|2
|cant|p2a: Omastar|slp
|
|turn|12
|choice||
|
|switch|p2a: Electrode|Electrode, L90|100\/100
|move|p1a: Poliwhirl|Surf|p2a: Electrode
|-damage|p2a: Electrode|26\/100
|
|turn|13
|choice||
|
|switch|p1a: Cubone|Cubone, L96|19\/100
|move|p2a: Electrode|Thunder|p1a: Cubone
|-immune|p1a: Cubone|[msg]
|
|turn|14
|choice||
|
|switch|p2a: Omastar|Omastar, L90|64\/100 slp
|switch|p1a: Venusaur|Venusaur, L85|100\/100
|
|turn|15
|choice||
|
|move|p1a: Venusaur|Swords Dance|p1a: Venusaur
|-boost|p1a: Venusaur|atk|2
|cant|p2a: Omastar|slp
|
|turn|16
|choice||
|
|move|p1a: Venusaur|Body Slam|p2a: Omastar
|-resisted|p2a: Omastar
|-damage|p2a: Omastar|52\/100 slp
|-curestatus|p2a: Omastar|slp
|
|turn|17
|choice||
|
|move|p1a: Venusaur|Razor Leaf|p2a: Omastar
|-crit|p2a: Omastar
|-supereffective|p2a: Omastar
|-damage|p2a: Omastar|0 fnt
|faint|p2a: Omastar
|choice||
|
|switch|p2a: Magmar|Magmar, L90|100\/100
|turn|18
|choice||
|
|switch|p1a: Snorlax|Snorlax, L79|100\/100
|move|p2a: Magmar|Confuse Ray|p1a: Snorlax
|-start|p1a: Snorlax|confusion
|
|turn|19
|choice||
|
|move|p2a: Magmar|Mimic|p1a: Snorlax
|-start|p2a: Magmar|Mimic|Body Slam
|-activate|p1a: Snorlax|confusion
|move|p1a: Snorlax|Blizzard|p2a: Magmar
|-crit|p2a: Magmar
|-damage|p2a: Magmar|61\/100
|
|turn|20
|choice||
|
|move|p2a: Magmar|Body Slam|p1a: Snorlax
|-damage|p1a: Snorlax|80\/100
|-activate|p1a: Snorlax|confusion
|move|p1a: Snorlax|Amnesia|p1a: Snorlax
|-boost|p1a: Snorlax|spd|2
|-boost|p1a: Snorlax|spa|2
|
|turn|21
|choice||
|
|move|p2a: Magmar|Body Slam|p1a: Snorlax
|-damage|p1a: Snorlax|59\/100
|-end|p1a: Snorlax|confusion
|move|p1a: Snorlax|Blizzard|p2a: Magmar
|-damage|p2a: Magmar|27\/100
|
|turn|22
|choice||
|
|move|p2a: Magmar|Body Slam|p1a: Snorlax
|-damage|p1a: Snorlax|38\/100
|move|p1a: Snorlax|Amnesia|p1a: Snorlax
|-boost|p1a: Snorlax|spd|2
|-boost|p1a: Snorlax|spa|2
|
|turn|23
|choice||
|
|move|p2a: Magmar|Body Slam|p1a: Snorlax
|-damage|p1a: Snorlax|17\/100
|move|p1a: Snorlax|Blizzard|p2a: Magmar
|-damage|p2a: Magmar|0 fnt
|faint|p2a: Magmar
|choice||
|
|switch|p2a: Electrode|Electrode, L90|26\/100
|turn|24
|choice||
|
|move|p2a: Electrode|Thunder|p1a: Snorlax|[miss]
|-miss|p2a: Electrode
|move|p1a: Snorlax|Self-Destruct|p2a: Electrode
|-damage|p2a: Electrode|0 fnt
|faint|p2a: Electrode
|faint|p1a: Snorlax
|choice||
|
|switch|p1a: Gyarados|Gyarados, L85|100\/100
|switch|p2a: Machoke|Machoke, L85|100\/100
|turn|25
|choice||
|
|move|p1a: Gyarados|Body Slam|p2a: Machoke
|-damage|p2a: Machoke|74\/100
|-status|p2a: Machoke|par
|move|p2a: Machoke|Rock Slide|p1a: Gyarados
|-supereffective|p1a: Gyarados
|-damage|p1a: Gyarados|68\/100
|
|turn|26
|choice||
|
|move|p1a: Gyarados|Blizzard|p2a: Machoke
|-damage|p2a: Machoke|33\/100 par
|move|p2a: Machoke|Leer|p1a: Gyarados
|-unboost|p1a: Gyarados|def|1
|
|turn|27
|choice||
|
|move|p1a: Gyarados|Hyper Beam|p2a: Machoke
|-damage|p2a: Machoke|0 fnt
|faint|p2a: Machoke
|choice||
|
|switch|p2a: Nidoqueen|Nidoqueen, L85|100\/100
|turn|28
|choice||
|
|move|p1a: Gyarados|Blizzard|p2a: Nidoqueen
|-supereffective|p2a: Nidoqueen
|-damage|p2a: Nidoqueen|39\/100
|move|p2a: Nidoqueen|Thunder|p1a: Gyarados|[miss]
|-miss|p2a: Nidoqueen
|
|turn|29
|c|★DAMSPAN|gg
|choice||
|
|move|p1a: Gyarados|Blizzard|p2a: Nidoqueen|[miss]
|-miss|p1a: Gyarados
|move|p2a: Nidoqueen|Body Slam|p1a: Gyarados
|-damage|p1a: Gyarados|39\/100
|
|turn|30
|choice||
|
|move|p1a: Gyarados|Blizzard|p2a: Nidoqueen
|-supereffective|p2a: Nidoqueen
|-damage|p2a: Nidoqueen|0 fnt
|faint|p2a: Nidoqueen
|
|win|DAMSPAN
|player|p1
|player|p2
|l|simpje
|raw|DAMSPAN's rating: 1177 &rarr; <strong>1199<\/strong><br \/>(+22 for winning)
|raw|simpje's rating: 1137 &rarr; <strong>1115<\/strong><br \/>(-22 for losing)