|join|choobz
|join|gen1masterrony
|player|p1|choobz|2
|player|p2|gen1masterrony|101
|gametype|singles
|gen|1
|tier|[Gen 1] Random Battle
|rated
|rule|Sleep Clause Mod: Limit one foe put to sleep
|rule|Freeze Clause Mod: Limit one foe frozen
|rule|HP Percentage Mod: HP is shown in percentages
|
|start
|switch|p1a: Omastar|Omastar, L90|309\/309
|switch|p2a: Flareon|Flareon, L90|300\/300
|turn|1
|
|switch|p2a: Exeggutor|Exeggutor, L79|312\/312
|move|p1a: Omastar|Seismic Toss|p2a: Exeggutor
|-damage|p2a: Exeggutor|222\/312
|
|turn|2
|
|move|p1a: Omastar|Blizzard|p2a: Exeggutor
|-supereffective|p2a: Exeggutor
|-damage|p2a: Exeggutor|49\/312
|move|p2a: Exeggutor|Sleep Powder|p1a: Omastar
|-status|p1a: Omastar|slp
|
|turn|3
|
|switch|p1a: Raticate|Raticate, L85|267\/267
|move|p2a: Exeggutor|Mega Drain|p1a: Raticate
|-damage|p1a: Raticate|206\/267
|-heal|p2a: Exeggutor|79\/312|[from] drain|[of] p1a: Raticate
|
|turn|4
|
|switch|p2a: Flareon|Flareon, L90|300\/300
|move|p1a: Raticate|Body Slam|p2a: Flareon
|-damage|p2a: Flareon|208\/300
|
|turn|5
|
|move|p1a: Raticate|Hyper Beam|p2a: Flareon|[miss]
|-miss|p1a: Raticate
|move|p2a: Flareon|Fire Blast|p1a: Raticate
|-crit|p1a: Raticate
|-damage|p1a: Raticate|0 fnt
|faint|p1a: Raticate
|
|switch|p1a: Kangaskhan|Kangaskhan, L85|352\/352
|turn|6
|
|switch|p2a: Gyarados|Gyarados, L85|335\/335
|move|p1a: Kangaskhan|Surf|p2a: Gyarados
|-resisted|p2a: Gyarados
|-damage|p2a: Gyarados|316\/335
|
|turn|7
|
|switch|p1a: Horsea|Horsea, L96|252\/252
|move|p2a: Gyarados|Surf|p1a: Horsea
|-resisted|p1a: Horsea
|-damage|p1a: Horsea|204\/252
|
|turn|8
|
|move|p2a: Gyarados|Thunderbolt|p1a: Horsea
|-supereffective|p1a: Horsea
|-damage|p1a: Horsea|72\/252
|move|p1a: Horsea|Blizzard|p2a: Gyarados
|-damage|p2a: Gyarados|239\/335
|
|turn|9
|
|move|p2a: Gyarados|Thunderbolt|p1a: Horsea
|-supereffective|p1a: Horsea
|-damage|p1a: Horsea|0 fnt
|faint|p1a: Horsea
|
|switch|p1a: Kangaskhan|Kangaskhan, L85|352\/352
|turn|10
|
|move|p1a: Kangaskhan|Body Slam|p2a: Gyarados
|-damage|p2a: Gyarados|147\/335
|-status|p2a: Gyarados|par
|move|p2a: Gyarados|Surf|p1a: Kangaskhan
|-damage|p1a: Kangaskhan|200\/352
|
|turn|11
|
|move|p1a: Kangaskhan|Body Slam|p2a: Gyarados
|-damage|p2a: Gyarados|56\/335 par
|move|p2a: Gyarados|Hyper Beam|p1a: Kangaskhan
|-damage|p1a: Kangaskhan|56\/352
|
|turn|12
|-mustrecharge|p2a: Gyarados
|-mustrecharge|p2a: Gyarados
|
|move|p1a: Kangaskhan|Body Slam|p2a: Gyarados
|-damage|p2a: Gyarados|0 fnt
|faint|p2a: Gyarados
|
|switch|p2a: Dugtrio|Dugtrio, L85|233\/233
|turn|13
|
|move|p2a: Dugtrio|Earthquake|p1a: Kangaskhan
|-damage|p1a: Kangaskhan|0 fnt
|faint|p1a: Kangaskhan
|
|switch|p1a: Omastar|Omastar, L90|309\/309 slp
|turn|14
|
|move|p2a: Dugtrio|Earthquake|p1a: Omastar
|-supereffective|p1a: Omastar
|-damage|p1a: Omastar|171\/309 slp
|cant|p1a: Omastar|slp
|
|turn|15
|
|move|p2a: Dugtrio|Earthquake|p1a: Omastar
|-supereffective|p1a: Omastar
|-damage|p1a: Omastar|36\/309 slp
|cant|p1a: Omastar|slp
|
|turn|16
|
|move|p2a: Dugtrio|Earthquake|p1a: Omastar
|-supereffective|p1a: Omastar
|-damage|p1a: Omastar|0 fnt
|faint|p1a: Omastar
|
|switch|p1a: Primeape|Primeape, L90|300\/300
|turn|17
|
|move|p2a: Dugtrio|Sand Attack|p1a: Primeape
|-unboost|p1a: Primeape|accuracy|1
|move|p1a: Primeape|Submission|p2a: Dugtrio
|-damage|p2a: Dugtrio|90\/233
|-damage|p1a: Primeape|265\/300|[from] recoil|[of] p2a: Dugtrio
|
|turn|18
|
|move|p2a: Dugtrio|Sand Attack|p1a: Primeape
|-unboost|p1a: Primeape|accuracy|1
|move|p1a: Primeape|Submission|p2a: Dugtrio|[miss]
|-miss|p1a: Primeape
|
|turn|19
|
|move|p2a: Dugtrio|Slash|p1a: Primeape
|-crit|p1a: Primeape
|-damage|p1a: Primeape|161\/300
|move|p1a: Primeape|Submission|p2a: Dugtrio
|-damage|p2a: Dugtrio|0 fnt
|-damage|p1a: Primeape|139\/300|[from] recoil|[of] p2a: Dugtrio
|faint|p2a: Dugtrio
|
|switch|p2a: Mr. Mime|Mr. Mime, L85|242\/242
|turn|20
|
|switch|p1a: Arcanine|Arcanine, L85|327\/327
|move|p2a: Mr. Mime|Psychic|p1a: Arcanine
|-damage|p1a: Arcanine|216\/327
|
|turn|21
|
|move|p1a: Arcanine|Fire Blast|p2a: Mr. Mime
|-damage|p2a: Mr. Mime|134\/242
|move|p2a: Mr. Mime|Thunder Wave|p1a: Arcanine
|-status|p1a: Arcanine|par
|
|turn|22
|
|move|p2a: Mr. Mime|Psychic|p1a: Arcanine
|-damage|p1a: Arcanine|110\/327 par
|cant|p1a: Arcanine|par
|
|turn|23
|
|move|p2a: Mr. Mime|Psychic|p1a: Arcanine
|-damage|p1a: Arcanine|2\/327 par
|move|p1a: Arcanine|Fire Blast|p2a: Mr. Mime
|-crit|p2a: Mr. Mime
|-damage|p2a: Mr. Mime|0 fnt
|faint|p2a: Mr. Mime
|
|switch|p2a: Flareon|Flareon, L90|208\/300
|turn|24
|
|move|p2a: Flareon|Quick Attack|p1a: Arcanine
|-damage|p1a: Arcanine|0 fnt
|faint|p1a: Arcanine
|
|switch|p1a: Primeape|Primeape, L90|139\/300
|turn|25
|
|move|p2a: Flareon|Quick Attack|p1a: Primeape
|-damage|p1a: Primeape|91\/300
|move|p1a: Primeape|Rock Slide|p2a: Flareon
|-supereffective|p2a: Flareon
|-damage|p2a: Flareon|61\/300
|
|turn|26
|
|move|p2a: Flareon|Quick Attack|p1a: Primeape
|-damage|p1a: Primeape|43\/300
|move|p1a: Primeape|Rock Slide|p2a: Flareon
|-supereffective|p2a: Flareon
|-damage|p2a: Flareon|0 fnt
|faint|p2a: Flareon
|
|switch|p2a: Exeggutor|Exeggutor, L79|79\/312
|turn|27
|
|move|p1a: Primeape|Body Slam|p2a: Exeggutor
|-crit|p2a: Exeggutor
|-damage|p2a: Exeggutor|0 fnt
|faint|p2a: Exeggutor
|
|switch|p2a: Tauros|Tauros, L79|280\/280
|turn|28
|
|move|p1a: Primeape|Submission|p2a: Tauros
|-supereffective|p2a: Tauros
|-damage|p2a: Tauros|72\/280
|-damage|p1a: Primeape|0 fnt|[from] recoil|[of] p2a: Tauros
|faint|p1a: Primeape
|
|win|gen1masterrony
|raw|choobz's rating: 1083 &rarr; <strong>1060<\/strong><br \/>(-23 for losing)
|raw|gen1masterrony's rating: 1066 &rarr; <strong>1098<\/strong><br \/>(+32 for winning)
|c|★choobz|gg
|leave|choobz
|player|p1