|j|mjbrookstenor89
|j|ashleylion
|player|p1|mjbrookstenor89|265
|player|p2|ashleylion|2
|gametype|singles
|gen|1
|tier|[Gen 1] OU
|rated
|seed|12821,29456,56999,30057
|rule|Sleep Clause Mod: Limit one foe put to sleep
|rule|Freeze Clause Mod: Limit one foe frozen
|rule|Species Clause: Limit one of each Pokémon
|rule|OHKO Clause: OHKO moves are banned
|rule|Evasion Moves Clause: Evasion moves are banned
|rule|HP Percentage Mod: HP is shown in percentages
|
|start
|switch|p1a: Exeggutor|Exeggutor|393\/393
|switch|p2a: Lapras|Lapras|463\/463
|turn|1
|choice|move 2|move 4
|
|move|p2a: Lapras|Hydro Pump|p1a: Exeggutor
|-resisted|p1a: Exeggutor
|-damage|p1a: Exeggutor|337\/393
|move|p1a: Exeggutor|Sleep Powder|p2a: Lapras
|-status|p2a: Lapras|slp
|
|turn|2
|choice|move 3|move 1
|
|cant|p2a: Lapras|slp
|move|p1a: Exeggutor|Stun Spore|p2a: Lapras|[miss]
|-miss|p1a: Exeggutor
|
|turn|3
|choice|move 1|move 1
|
|cant|p2a: Lapras|slp
|move|p1a: Exeggutor|Leech Seed|p2a: Lapras
|-start|p2a: Lapras|move: Leech Seed
|
|turn|4
|choice|move 3|move 1
|
|cant|p2a: Lapras|slp
|-damage|p2a: Lapras|435\/463 slp|[from] Leech Seed|[of] p1a: Exeggutor
|-heal|p1a: Exeggutor|365\/393|[silent]
|move|p1a: Exeggutor|Stun Spore|p2a: Lapras
|-fail|p2a: Lapras
|
|turn|5
|choice|move 2|move 1
|
|cant|p2a: Lapras|slp
|-damage|p2a: Lapras|407\/463 slp|[from] Leech Seed|[of] p1a: Exeggutor
|-heal|p1a: Exeggutor|393\/393|[silent]
|move|p1a: Exeggutor|Sleep Powder|p2a: Lapras
|-fail|p2a: Lapras|slp
|
|turn|6
|choice|move 2|move 1
|
|cant|p2a: Lapras|slp
|-damage|p2a: Lapras|379\/463 slp|[from] Leech Seed|[of] p1a: Exeggutor
|move|p1a: Exeggutor|Sleep Powder|p2a: Lapras|[miss]
|-miss|p1a: Exeggutor
|
|turn|7
|choice|move 2|move 1
|
|-damage|p2a: Lapras|351\/463 slp|[from] Leech Seed|[of] p1a: Exeggutor
|-curestatus|p2a: Lapras|slp
|move|p1a: Exeggutor|Sleep Powder|p2a: Lapras|[miss]
|-miss|p1a: Exeggutor
|
|turn|8
|choice|move 2|move 1
|
|move|p2a: Lapras|Blizzard|p1a: Exeggutor
|-crit|p1a: Exeggutor
|-supereffective|p1a: Exeggutor
|-damage|p1a: Exeggutor|0 fnt
|faint|p1a: Exeggutor
|choice|switch 5|
|
|switch|p1a: Jolteon|Jolteon|333\/333
|turn|9
|choice|move 1|move 1
|
|move|p1a: Jolteon|Thunderbolt|p2a: Lapras
|-supereffective|p2a: Lapras
|-damage|p2a: Lapras|85\/463
|move|p2a: Lapras|Blizzard|p1a: Jolteon
|-damage|p1a: Jolteon|199\/333
|-damage|p2a: Lapras|57\/463|[from] Leech Seed|[of] p1a: Jolteon
|-heal|p1a: Jolteon|227\/333|[silent]
|
|turn|10
|choice|move 1|move 1
|
|move|p1a: Jolteon|Thunderbolt|p2a: Lapras
|-supereffective|p2a: Lapras
|-damage|p2a: Lapras|0 fnt
|faint|p2a: Lapras
|choice||switch 2
|
|switch|p2a: Slowbro|Slowbro|393\/393
|turn|11
|choice|move 1|move 1
|
|move|p1a: Jolteon|Thunderbolt|p2a: Slowbro
|-supereffective|p2a: Slowbro
|-damage|p2a: Slowbro|99\/393
|move|p2a: Slowbro|Blizzard|p1a: Jolteon
|-damage|p1a: Jolteon|149\/333
|
|turn|12
|choice|move 1|move 1
|
|move|p1a: Jolteon|Thunderbolt|p2a: Slowbro
|-supereffective|p2a: Slowbro
|-damage|p2a: Slowbro|0 fnt
|faint|p2a: Slowbro
|choice||switch 3
|
|switch|p2a: Starmie|Starmie|323\/323
|turn|13
|choice|move 1|move 1
|
|move|p1a: Jolteon|Thunderbolt|p2a: Starmie
|-supereffective|p2a: Starmie
|-damage|p2a: Starmie|75\/323
|move|p2a: Starmie|Blizzard|p1a: Jolteon
|-damage|p1a: Jolteon|66\/333
|
|turn|14
|choice|move 1|move 1
|
|move|p1a: Jolteon|Thunderbolt|p2a: Starmie
|-supereffective|p2a: Starmie
|-damage|p2a: Starmie|0 fnt
|faint|p2a: Starmie
|choice||switch 4
|
|switch|p2a: Blastoise|Blastoise|361\/361
|turn|15
|choice|move 1|move 4
|
|move|p1a: Jolteon|Thunderbolt|p2a: Blastoise
|-supereffective|p2a: Blastoise
|-damage|p2a: Blastoise|98\/361
|move|p2a: Blastoise|Earthquake|p1a: Jolteon
|-supereffective|p1a: Jolteon
|-damage|p1a: Jolteon|0 fnt
|faint|p1a: Jolteon
|choice|switch 2|
|
|switch|p1a: Chansey|Chansey|703\/703
|turn|16
|choice|move 3|move 1
|
|move|p2a: Blastoise|Blizzard|p1a: Chansey
|-damage|p1a: Chansey|620\/703
|move|p1a: Chansey|Seismic Toss|p2a: Blastoise
|-damage|p2a: Blastoise|0 fnt
|faint|p2a: Blastoise
|choice||switch 5
|
|switch|p2a: Dewgong|Dewgong|383\/383
|turn|17
|choice|move 3|move 1
|
|move|p2a: Dewgong|Blizzard|p1a: Chansey
|-damage|p1a: Chansey|497\/703
|move|p1a: Chansey|Seismic Toss|p2a: Dewgong
|-damage|p2a: Dewgong|283\/383
|
|turn|18
|choice|move 3|move 1
|
|move|p2a: Dewgong|Blizzard|p1a: Chansey
|-damage|p1a: Chansey|374\/703
|move|p1a: Chansey|Seismic Toss|p2a: Dewgong
|-damage|p2a: Dewgong|183\/383
|
|turn|19
|choice|move 3|move 1
|
|move|p2a: Dewgong|Blizzard|p1a: Chansey
|-damage|p1a: Chansey|251\/703
|move|p1a: Chansey|Seismic Toss|p2a: Dewgong
|-damage|p2a: Dewgong|83\/383
|
|turn|20
|choice|move 4|move 1
|
|move|p2a: Dewgong|Blizzard|p1a: Chansey
|-damage|p1a: Chansey|114\/703
|-status|p1a: Chansey|frz
|cant|p1a: Chansey|frz
|
|turn|21
|choice|move 3|move 4
|
|move|p2a: Dewgong|Hyper Beam|p1a: Chansey
|-damage|p1a: Chansey|0 fnt
|faint|p1a: Chansey
|choice|switch 6|
|
|switch|p1a: Slowbro|Slowbro|393\/393
|turn|22
|choice|move 1|move 1
|
|move|p2a: Dewgong|Blizzard|p1a: Slowbro
|-resisted|p1a: Slowbro
|-damage|p1a: Slowbro|317\/393
|move|p1a: Slowbro|Amnesia|p1a: Slowbro
|-boost|p1a: Slowbro|spd|2
|-boost|p1a: Slowbro|spa|2
|
|turn|23
|choice|move 4|move 4
|
|move|p2a: Dewgong|Hyper Beam|p1a: Slowbro
|-damage|p1a: Slowbro|232\/393
|move|p1a: Slowbro|Psychic|p2a: Dewgong
|-damage|p2a: Dewgong|0 fnt
|faint|p2a: Dewgong
|choice||switch 6
|
|switch|p2a: Golduck|Golduck|363\/363
|turn|24
|choice|move 4|move 4
|
|move|p2a: Golduck|Double-Edge|p1a: Slowbro
|-damage|p1a: Slowbro|167\/393
|-damage|p2a: Golduck|347\/363|[from] recoil|[of] p1a: Slowbro
|move|p1a: Slowbro|Psychic|p2a: Golduck
|-damage|p2a: Golduck|124\/363
|
|turn|25
|choice|move 4|move 4
|
|move|p2a: Golduck|Double-Edge|p1a: Slowbro
|-damage|p1a: Slowbro|101\/393
|-damage|p2a: Golduck|108\/363|[from] recoil|[of] p1a: Slowbro
|move|p1a: Slowbro|Psychic|p2a: Golduck
|-damage|p2a: Golduck|0 fnt
|faint|p2a: Golduck
|
|win|mjbrookstenor89
|player|p1
|player|p2
|raw|mjbrookstenor89's rating: 1208 &rarr; <strong>1219<\/strong><br \/>(+11 for winning)
|raw|ashleylion's rating: 1000 &rarr; <strong>1000<\/strong><br \/>(+0 for losing)
|c|★mjbrookstenor89|gg
|l|mjbrookstenor89