|j|dirkaka
|j|Wilchan
|player|p1|dirkaka|257
|player|p2|Wilchan|266
|gametype|singles
|gen|1
|tier|[Gen 1] OU
|seed|
|rule|Sleep Clause Mod: Limit one foe put to sleep
|rule|Freeze Clause Mod: Limit one foe frozen
|rule|Species Clause: Limit one of each Pokémon
|rule|OHKO Clause: OHKO moves are banned
|rule|Evasion Moves Clause: Evasion moves are banned
|rule|HP Percentage Mod: HP is shown in percentages
|
|start
|switch|p1a: $50\/hr|Jynx|100\/100
|switch|p2a: Levi|Alakazam, F|100\/100
|turn|1
|c|★dirkaka|didnt you beat me before
|c|★dirkaka|o_o
|choice||
|
|switch|p1a: Asian Mark Henry|Chansey|100\/100
|move|p2a: Levi|Thunder Wave|p1a: Asian Mark Henry
|-status|p1a: Asian Mark Henry|par
|
|turn|2
|c|★Wilchan|did I?
|c|★Wilchan|wait......
|c|★dirkaka|i think so
|c|★dirkaka|2days ago
|c|★Wilchan|aren't you that guy who said you only lost once with that team?
|c|★dirkaka|yeah
|c|★dirkaka|:p
|c|★Wilchan|OHHHHHHHHHHHHHHHHHHHHHHHHH
|c|★dirkaka|hahah
|c|★dirkaka|hi
|c|★Wilchan|we have met before
|c|★dirkaka|again
|c|★Wilchan|lol hey how've you been?
|choice||
|
|switch|p2a: Golem|Golem|100\/100
|cant|p1a: Asian Mark Henry|par
|
|turn|3
|c|★dirkaka|bad i should be studying :p
|choice||
|
|switch|p1a: Armoured Weapon|Cloyster|100\/100
|move|p2a: Golem|Earthquake|p1a: Armoured Weapon
|-damage|p1a: Armoured Weapon|75\/100
|
|turn|4
|c|★Wilchan|lol
|c|★Wilchan|that time is it?
|choice||
|
|switch|p2a: Juvia|Starmie|100\/100
|move|p1a: Armoured Weapon|Blizzard|p2a: Juvia
|-resisted|p2a: Juvia
|-damage|p2a: Juvia|81\/100
|
|turn|5
|choice||
|
|switch|p1a: Asian Mark Henry|Chansey|100\/100 par
|move|p2a: Juvia|Thunderbolt|p1a: Asian Mark Henry
|-crit|p1a: Asian Mark Henry
|-damage|p1a: Asian Mark Henry|82\/100 par
|
|turn|6
|c|★dirkaka|4pm here
|choice||
|
|switch|p2a: Golem|Golem|100\/100
|move|p1a: Asian Mark Henry|Thunderbolt|p2a: Golem
|-immune|p2a: Golem|[msg]
|
|turn|7
|c|★Wilchan|wow
|c|★Wilchan|where do you live?
|choice||
|
|switch|p1a: Armoured Weapon|Cloyster|75\/100
|move|p2a: Golem|Rock Slide|p1a: Armoured Weapon|[miss]
|-miss|p2a: Golem
|
|turn|8
|choice||
|
|switch|p2a: Juvia|Starmie|81\/100
|move|p1a: Armoured Weapon|Blizzard|p2a: Juvia
|-resisted|p2a: Juvia
|-damage|p2a: Juvia|61\/100
|
|turn|9
|choice||
|
|switch|p1a: Asian Mark Henry|Chansey|82\/100 par
|move|p2a: Juvia|Recover|p2a: Juvia
|-heal|p2a: Juvia|100\/100
|
|turn|10
|choice||
|
|switch|p2a: Natsu|Tauros|100\/100
|cant|p1a: Asian Mark Henry|par
|
|turn|11
|c|★dirkaka|singapore
|choice||
|
|move|p2a: Natsu|Hyper Beam|p1a: Asian Mark Henry
|-damage|p1a: Asian Mark Henry|19\/100 par
|move|p1a: Asian Mark Henry|Counter|p2a: Natsu
|-damage|p2a: Natsu|0 fnt
|faint|p2a: Natsu
|c|★Wilchan|ah i see
|c|★Wilchan|WOW THAT WAS STRONG
|c|★dirkaka|youre from
|c|★Wilchan|lol
|c|★dirkaka|cali right?
|c|★Wilchan|california
|c|★Wilchan|yup that's right
|choice||
|
|switch|p2a: Laxus|Electabuzz, M|100\/100
|turn|12
|c|★Wilchan|lol I thought that would have killed you
|c|★Wilchan|guess i underestimate chansey
|c|★dirkaka|wow
|c|★dirkaka|electabuzz
|c|★dirkaka|havent seen him here before xD
|c|★Wilchan|lol
|c|★Wilchan|i'm literally the only one who uses him
|c|★dirkaka|usually try to get chansey to 70 or 80
|c|★dirkaka|from hyper beam
|c|★dirkaka|unless you crit wihch is very likely too with tauros
|c|★Wilchan|it's cause he's my favorite pokemon
|c|★Wilchan|hm thanks for the tip
|choice||
|
|switch|p1a: Not Fat Just Big B|Snorlax|100\/100
|move|p2a: Laxus|Rolling Kick|p1a: Not Fat Just Big B
|-supereffective|p1a: Not Fat Just Big B
|-damage|p1a: Not Fat Just Big B|80\/100
|
|turn|13
|choice||
|
|move|p2a: Laxus|Thunder|p1a: Not Fat Just Big B|[miss]
|-miss|p2a: Laxus
|move|p1a: Not Fat Just Big B|Earthquake|p2a: Laxus
|-supereffective|p2a: Laxus
|-damage|p2a: Laxus|26\/100
|
|turn|14
|choice||
|
|switch|p2a: Droy|Exeggutor, M|100\/100
|move|p1a: Not Fat Just Big B|Earthquake|p2a: Droy
|-resisted|p2a: Droy
|-damage|p2a: Droy|89\/100
|
|turn|15
|choice||
|
|switch|p1a: Asian Mark Henry|Chansey|19\/100 par
|move|p2a: Droy|Stun Spore|p1a: Asian Mark Henry
|-fail|p1a: Asian Mark Henry|par
|
|turn|16
|choice||
|
|move|p2a: Droy|Psychic|p1a: Asian Mark Henry
|-damage|p1a: Asian Mark Henry|1\/100 par
|cant|p1a: Asian Mark Henry|par
|
|turn|17
|c|★dirkaka|dam
|choice||
|
|switch|p1a: Frozen|Slowbro|100\/100
|move|p2a: Droy|Mega Drain|p1a: Frozen
|-supereffective|p1a: Frozen
|-damage|p1a: Frozen|66\/100
|-heal|p2a: Droy|100\/100|[from] drain|[of] p1a: Frozen
|
|turn|18
|c|★Wilchan|lol so close
|choice||
|
|move|p2a: Droy|Mega Drain|p1a: Frozen
|-supereffective|p1a: Frozen
|-damage|p1a: Frozen|33\/100
|move|p1a: Frozen|Ice Beam|p2a: Droy
|-supereffective|p2a: Droy
|-damage|p2a: Droy|72\/100
|
|turn|19
|c|★Wilchan|hm thought you'd use amnesia
|choice||
|
|move|p2a: Droy|Mega Drain|p1a: Frozen
|-supereffective|p1a: Frozen
|-damage|p1a: Frozen|0 fnt
|-heal|p2a: Droy|88\/100|[from] drain|[of] p1a: Frozen
|faint|p1a: Frozen
|c|★dirkaka|yeah
|choice||
|
|switch|p1a: $50\/hr|Jynx|100\/100
|turn|20
|choice||
|
|move|p1a: $50\/hr|Lovely Kiss|p2a: Droy|[miss]
|-miss|p1a: $50\/hr
|move|p2a: Droy|Stun Spore|p1a: $50\/hr
|-status|p1a: $50\/hr|par
|
|turn|21
|c|★dirkaka|shiet
|c|★Wilchan|lolo
|choice||
|
|switch|p2a: Levi|Alakazam, F|100\/100
|move|p1a: $50\/hr|Lovely Kiss|p2a: Levi
|-status|p2a: Levi|slp
|
|turn|22
|c|★dirkaka|very unlucky today..
|choice||
|
|switch|p1a: Asian Mark Henry|Chansey|1\/100 par
|cant|p2a: Levi|slp
|
|turn|23
|c|★Wilchan|dang it wake up
|c|★Wilchan|wait no
|c|★Wilchan|I should've seen that coming
|c|★dirkaka|i might still para lol
|choice||
|
|switch|p2a: Golem|Golem|100\/100
|move|p1a: Asian Mark Henry|Soft-Boiled|p1a: Asian Mark Henry
|-heal|p1a: Asian Mark Henry|51\/100 par
|
|turn|24
|choice||
|
|switch|p1a: Armoured Weapon|Cloyster|75\/100
|move|p2a: Golem|Earthquake|p1a: Armoured Weapon
|-damage|p1a: Armoured Weapon|48\/100
|
|turn|25
|c|★Wilchan|lol
|c|★Wilchan|that happened once
|c|★Wilchan|i tried to click cancel but it was too late
|c|★dirkaka|lul
|choice||
|
|switch|p2a: Juvia|Starmie|100\/100
|move|p1a: Armoured Weapon|Blizzard|p2a: Juvia
|-resisted|p2a: Juvia
|-damage|p2a: Juvia|81\/100
|
|turn|26
|choice||
|
|switch|p1a: Asian Mark Henry|Chansey|51\/100 par
|move|p2a: Juvia|Thunderbolt|p1a: Asian Mark Henry
|-crit|p1a: Asian Mark Henry
|-damage|p1a: Asian Mark Henry|31\/100 par
|
|turn|27
|choice||
|
|switch|p2a: Laxus|Electabuzz, M|26\/100
|move|p1a: Asian Mark Henry|Soft-Boiled|p1a: Asian Mark Henry
|-heal|p1a: Asian Mark Henry|81\/100 par
|
|turn|28
|c|★Wilchan|lol oh no
|choice||
|
|switch|p1a: Not Fat Just Big B|Snorlax|80\/100
|move|p2a: Laxus|Rolling Kick|p1a: Not Fat Just Big B
|-supereffective|p1a: Not Fat Just Big B
|-damage|p1a: Not Fat Just Big B|60\/100
|
|turn|29
|choice||
|
|move|p2a: Laxus|Thunder|p1a: Not Fat Just Big B
|-damage|p1a: Not Fat Just Big B|28\/100
|move|p1a: Not Fat Just Big B|Earthquake|p2a: Laxus
|-supereffective|p2a: Laxus
|-damage|p2a: Laxus|0 fnt
|faint|p2a: Laxus
|c|★dirkaka|"super effective"
|c|★Wilchan|forgot he had earthquake
|c|★dirkaka|does 20.3% damage
|c|★Wilchan|LOL
|c|★dirkaka|pokemon logic
|choice||
|
|switch|p2a: Golem|Golem|100\/100
|turn|30
|choice||
|
|move|p2a: Golem|Earthquake|p1a: Not Fat Just Big B
|-damage|p1a: Not Fat Just Big B|0 fnt
|faint|p1a: Not Fat Just Big B
|choice||
|
|switch|p1a: Armoured Weapon|Cloyster|48\/100
|turn|31
|choice||
|
|switch|p2a: Droy|Exeggutor, M|88\/100
|move|p1a: Armoured Weapon|Clamp|p2a: Droy
|-resisted|p2a: Droy
|-damage|p2a: Droy|84\/100
|
|turn|32
|c|★Wilchan|if only i wasn't dumb enough to fall for that chancey trick lol
|choice||
|
|move|p1a: Armoured Weapon|Clamp|p2a: Droy|[from]Clamp
|-damage|p2a: Droy|80\/100
|cant|p2a: Droy|partiallytrapped
|
|turn|33
|c|★dirkaka|sorry i have to do this
|choice||
|
|move|p1a: Armoured Weapon|Clamp|p2a: Droy|[miss]
|-miss|p1a: Armoured Weapon
|move|p2a: Droy|Mega Drain|p1a: Armoured Weapon
|-supereffective|p1a: Armoured Weapon
|-damage|p1a: Armoured Weapon|5\/100
|-heal|p2a: Droy|97\/100|[from] drain|[of] p1a: Armoured Weapon
|
|turn|34
|c|★Wilchan|lol it's fine
|c|★dirkaka|OH SHIT
|c|★Wilchan|I drained you anyways LOL
|choice||
|
|move|p1a: Armoured Weapon|Clamp|p2a: Droy
|-resisted|p2a: Droy
|-damage|p2a: Droy|93\/100
|cant|p2a: Droy|partiallytrapped
|
|turn|35
|c|★dirkaka|cuz i missed ;_;
|choice||
|
|move|p1a: Armoured Weapon|Clamp|p2a: Droy|[from]Clamp
|-damage|p2a: Droy|88\/100
|cant|p2a: Droy|partiallytrapped
|
|turn|36
|c|★Wilchan|lol
|c|★Wilchan|it's only 90% accuracy
|c|★dirkaka|85 actually :p
|c|★Wilchan|yeah that lol
|choice||
|
|move|p1a: Armoured Weapon|Clamp|p2a: Droy
|-resisted|p2a: Droy
|-damage|p2a: Droy|84\/100
|cant|p2a: Droy|partiallytrapped
|
|turn|37
|choice||
|
|move|p1a: Armoured Weapon|Clamp|p2a: Droy|[from]Clamp
|-damage|p2a: Droy|80\/100
|cant|p2a: Droy|partiallytrapped
|
|turn|38
|choice||
|
|move|p1a: Armoured Weapon|Clamp|p2a: Droy|[from]Clamp
|-damage|p2a: Droy|75\/100
|cant|p2a: Droy|partiallytrapped
|
|turn|39
|choice||
|
|move|p1a: Armoured Weapon|Clamp|p2a: Droy|[from]Clamp
|-damage|p2a: Droy|71\/100
|cant|p2a: Droy|partiallytrapped
|
|turn|40
|c|★Wilchan|lol if only you were paralyzed
|choice||
|
|move|p1a: Armoured Weapon|Clamp|p2a: Droy
|-resisted|p2a: Droy
|-damage|p2a: Droy|67\/100
|cant|p2a: Droy|partiallytrapped
|
|turn|41
|choice||
|
|move|p1a: Armoured Weapon|Clamp|p2a: Droy|[from]Clamp
|-damage|p2a: Droy|63\/100
|cant|p2a: Droy|partiallytrapped
|
|turn|42
|choice||
|
|move|p1a: Armoured Weapon|Clamp|p2a: Droy|[from]Clamp
|-damage|p2a: Droy|59\/100
|cant|p2a: Droy|partiallytrapped
|
|turn|43
|choice||
|
|move|p1a: Armoured Weapon|Clamp|p2a: Droy|[miss]
|-miss|p1a: Armoured Weapon
|move|p2a: Droy|Mega Drain|p1a: Armoured Weapon
|-crit|p1a: Armoured Weapon
|-supereffective|p1a: Armoured Weapon
|-damage|p1a: Armoured Weapon|0 fnt
|-heal|p2a: Droy|61\/100|[from] drain|[of] p1a: Armoured Weapon
|faint|p1a: Armoured Weapon
|c|★dirkaka|fail
|c|★Wilchan|finally lol
|choice||
|
|switch|p1a: $50\/hr|Jynx|100\/100 par
|turn|44
|choice||
|
|switch|p2a: Levi|Alakazam, F|100\/100 slp
|move|p1a: $50\/hr|Blizzard|p2a: Levi
|-damage|p2a: Levi|67\/100 slp
|
|turn|45
|c|★Wilchan|this really is not good lol
|choice||
|
|-curestatus|p2a: Levi|slp
|move|p1a: $50\/hr|Psychic|p2a: Levi
|-resisted|p2a: Levi
|-damage|p2a: Levi|54\/100
|
|turn|46
|c|★Wilchan|i'm in quite a pickle here
|c|★Wilchan|oh sweet
|c|★dirkaka|oh you woke up lol
|choice||
|
|move|p2a: Levi|Recover|p2a: Levi
|-heal|p2a: Levi|100\/100
|move|p1a: $50\/hr|Lovely Kiss|p2a: Levi|[miss]
|-miss|p1a: $50\/hr
|
|turn|47
|c|★Wilchan|lol
|c|★dirkaka|good mornign sunshine
|choice||
|
|move|p2a: Levi|Seismic Toss|p1a: $50\/hr
|-damage|p1a: $50\/hr|70\/100 par
|move|p1a: $50\/hr|Lovely Kiss|p2a: Levi
|-status|p2a: Levi|slp
|
|turn|48
|c|★Wilchan|SUNRISE
|c|★Wilchan|not again
|c|★dirkaka|go back to sleep
|c|★dirkaka|xD
|choice||
|
|switch|p2a: Juvia|Starmie|81\/100
|move|p1a: $50\/hr|Blizzard|p2a: Juvia
|-resisted|p2a: Juvia
|-damage|p2a: Juvia|60\/100
|
|turn|49
|choice||
|
|switch|p1a: Asian Mark Henry|Chansey|81\/100 par
|move|p2a: Juvia|Recover|p2a: Juvia
|-heal|p2a: Juvia|100\/100
|
|turn|50
|choice||
|
|switch|p2a: Droy|Exeggutor, M|61\/100
|cant|p1a: Asian Mark Henry|par
|
|turn|51
|c|★Wilchan|NOOOOOOOOOO
|c|★Wilchan|lol
|choice||
|
|switch|p1a: $50\/hr|Jynx|70\/100 par
|move|p2a: Droy|Explosion|p1a: $50\/hr
|-damage|p1a: $50\/hr|0 fnt
|faint|p1a: $50\/hr
|faint|p2a: Droy
|c|★Wilchan|dang it lol
|c|★dirkaka|nice
|choice||
|
|switch|p2a: Juvia|Starmie|100\/100
|switch|p1a: Asian Mark Henry|Chansey|81\/100 par
|turn|52
|choice||
|
|switch|p2a: Levi|Alakazam, F|100\/100 slp
|move|p1a: Asian Mark Henry|Ice Beam|p2a: Levi
|-damage|p2a: Levi|80\/100 slp
|
|turn|53
|c|★Wilchan|man i'd really love to wake up
|c|★Wilchan|that would be nice
|c|★Wilchan|LOL
|choice||
|
|cant|p2a: Levi|slp
|move|p1a: Asian Mark Henry|Ice Beam|p2a: Levi
|-damage|p2a: Levi|59\/100 slp
|
|turn|54
|c|★dirkaka|very possible
|choice||
|
|cant|p2a: Levi|slp
|move|p1a: Asian Mark Henry|Thunderbolt|p2a: Levi
|-damage|p2a: Levi|39\/100 slp
|
|turn|55
|c|★Wilchan|very???
|c|★Wilchan|if i wake up now I could still do this
|c|★dirkaka|sometimes they wake up in first turn so you never know
|choice||
|
|cant|p2a: Levi|slp
|cant|p1a: Asian Mark Henry|par
|
|turn|56
|c|★dirkaka|happens alot
|c|★Wilchan|it was my own fault
|c|★Wilchan|cause I didn't switch out when chancey healed
|c|★Wilchan|i'm dumb lol
|c|★Wilchan|this is why you almost always win
|c|★Wilchan|you're smart
|c|★dirkaka|chill bro
|choice||
|
|cant|p2a: Levi|slp
|move|p1a: Asian Mark Henry|Thunderbolt|p2a: Levi
|-damage|p2a: Levi|19\/100 slp
|
|turn|57
|c|★Wilchan|LOL
|c|★dirkaka|dont call yourself dumb because of pokemon xD
|choice||
|
|cant|p2a: Levi|slp
|move|p1a: Asian Mark Henry|Thunderbolt|p2a: Levi
|-damage|p2a: Levi|1\/100 slp
|
|turn|58
|c|★Wilchan|SURVIVAl
|choice||
|
|-curestatus|p2a: Levi|slp
|cant|p1a: Asian Mark Henry|par
|
|turn|59
|c|★dirkaka|:p
|c|★Wilchan|LOL
|c|★dirkaka|omg
|c|★dirkaka|LOLOL
|c|★dirkaka|nice
|choice||
|
|move|p2a: Levi|Recover|p2a: Levi
|-heal|p2a: Levi|51\/100
|cant|p1a: Asian Mark Henry|par
|
|turn|60
|c|★dirkaka|now im dead xD
|c|★Wilchan|watch me get frozen
|choice||
|
|move|p2a: Levi|Recover|p2a: Levi
|-heal|p2a: Levi|100\/100
|cant|p1a: Asian Mark Henry|par
|
|turn|61
|c|★Wilchan|you still got tauros lol
|c|★dirkaka|3 para
|c|★dirkaka|you are out for revenge arent you
|choice||
|
|switch|p2a: Golem|Golem|100\/100
|move|p1a: Asian Mark Henry|Ice Beam|p2a: Golem
|-supereffective|p2a: Golem
|-damage|p2a: Golem|41\/100
|
|turn|62
|c|★Wilchan|lol
|c|★Wilchan|.....maybe
|choice||
|
|switch|p1a: Bullean=true;|Tauros|100\/100
|move|p2a: Golem|Explosion|p1a: Bullean=true;
|-damage|p1a: Bullean=true;|15\/100
|faint|p2a: Golem
|choice||
|
|switch|p2a: Levi|Alakazam, F|100\/100
|turn|63
|c|★Wilchan|that's what i was hoping for
|choice||
|
|switch|p1a: Asian Mark Henry|Chansey|81\/100 par
|move|p2a: Levi|Psychic|p1a: Asian Mark Henry
|-damage|p1a: Asian Mark Henry|63\/100 par
|-unboost|p1a: Asian Mark Henry|spd|1
|-unboost|p1a: Asian Mark Henry|spa|1
|
|turn|64
|c|★dirkaka|:)
|choice||
|
|move|p2a: Levi|Psychic|p1a: Asian Mark Henry
|-crit|p1a: Asian Mark Henry
|-damage|p1a: Asian Mark Henry|28\/100 par
|-unboost|p1a: Asian Mark Henry|spd|1
|-unboost|p1a: Asian Mark Henry|spa|1
|cant|p1a: Asian Mark Henry|par
|
|turn|65
|c|★Wilchan|gg
|c|★dirkaka|oh wow lol
|c|★Wilchan|that was fun
|choice||
|
|move|p2a: Levi|Psychic|p1a: Asian Mark Henry
|-damage|p1a: Asian Mark Henry|0 fnt
|faint|p1a: Asian Mark Henry
|choice||
|
|switch|p1a: Bullean=true;|Tauros|15\/100
|turn|66
|choice||
|
|move|p2a: Levi|Psychic|p1a: Bullean=true;
|-damage|p1a: Bullean=true;|0 fnt
|faint|p1a: Bullean=true;
|
|win|Wilchan
|player|p1
|player|p2
|c|★dirkaka|gg :)
|c|★Wilchan|haha well good luck on your studies
|c|★Wilchan|see ya next time!
|c|★dirkaka|yess :)
|l|dirkaka