|j|smilzo
|j|marcoasd
|player|p1|smilzo|157
|player|p2|marcoasd|1
|gametype|singles
|gen|1
|tier|[Gen 1] OU
|seed|
|rule|Sleep Clause Mod: Limit one foe put to sleep
|rule|Freeze Clause Mod: Limit one foe frozen
|rule|Species Clause: Limit one of each Pokémon
|rule|OHKO Clause: OHKO moves are banned
|rule|Evasion Moves Clause: Evasion moves are banned
|rule|HP Percentage Mod: HP is shown in percentages
|
|start
|switch|p1a: Jolteon|Jolteon, M|100\/100
|switch|p2a: Alakazam|Alakazam, M|100\/100
|turn|1
|choice||
|
|switch|p1a: Exeggutor|Exeggutor, M|100\/100
|move|p2a: Alakazam|Thunder Wave|p1a: Exeggutor
|-status|p1a: Exeggutor|par
|
|turn|2
|choice||
|
|move|p2a: Alakazam|Seismic Toss|p1a: Exeggutor
|-damage|p1a: Exeggutor|75\/100 par
|move|p1a: Exeggutor|Sleep Powder|p2a: Alakazam
|-status|p2a: Alakazam|slp
|
|turn|3
|choice||
|
|switch|p2a: Starmie|Starmie|100\/100
|move|p1a: Exeggutor|Psychic|p2a: Starmie
|-resisted|p2a: Starmie
|-damage|p2a: Starmie|81\/100
|
|turn|4
|choice||
|
|switch|p1a: Chansey|Chansey|100\/100
|move|p2a: Starmie|Psychic|p1a: Chansey
|-damage|p1a: Chansey|85\/100
|
|turn|5
|choice||
|
|move|p2a: Starmie|Thunder Wave|p1a: Chansey
|-status|p1a: Chansey|par
|move|p1a: Chansey|Thunder Wave|p2a: Starmie
|-status|p2a: Starmie|par
|
|turn|6
|choice||
|
|switch|p2a: Snorlax|Snorlax, M|100\/100
|cant|p1a: Chansey|par
|
|turn|7
|choice||
|
|move|p2a: Snorlax|Earthquake|p1a: Chansey
|-damage|p1a: Chansey|54\/100 par
|move|p1a: Chansey|Reflect|p1a: Chansey
|-start|p1a: Chansey|Reflect
|
|turn|8
|choice||
|
|move|p2a: Snorlax|Body Slam|p1a: Chansey
|-damage|p1a: Chansey|32\/100 par
|move|p1a: Chansey|Soft-Boiled|p1a: Chansey
|-heal|p1a: Chansey|81\/100 par
|
|turn|9
|choice||
|
|switch|p2a: Starmie|Starmie|81\/100 par
|move|p1a: Chansey|Thunder Wave|p2a: Starmie
|-fail|p2a: Starmie|par
|
|turn|10
|choice||
|
|move|p2a: Starmie|Psychic|p1a: Chansey
|-crit|p1a: Chansey
|-damage|p1a: Chansey|52\/100 par
|-unboost|p1a: Chansey|spd|1
|-unboost|p1a: Chansey|spa|1
|move|p1a: Chansey|Seismic Toss|p2a: Starmie
|-damage|p2a: Starmie|50\/100 par
|
|turn|11
|choice||
|
|move|p2a: Starmie|Psychic|p1a: Chansey
|-damage|p1a: Chansey|29\/100 par
|-unboost|p1a: Chansey|spd|1
|-unboost|p1a: Chansey|spa|1
|move|p1a: Chansey|Soft-Boiled|p1a: Chansey
|-heal|p1a: Chansey|78\/100 par
|
|turn|12
|choice||
|
|move|p2a: Starmie|Recover|p2a: Starmie
|-heal|p2a: Starmie|99\/100 par
|move|p1a: Chansey|Soft-Boiled|p1a: Chansey
|-heal|p1a: Chansey|100\/100 par
|
|turn|13
|j|Ch01W0n5h1n
|choice||
|
|switch|p1a: Exeggutor|Exeggutor, M|75\/100 par
|move|p2a: Starmie|Psychic|p1a: Exeggutor
|-resisted|p1a: Exeggutor
|-damage|p1a: Exeggutor|65\/100 par
|-unboost|p1a: Exeggutor|spd|1
|-unboost|p1a: Exeggutor|spa|1
|
|turn|14
|choice||
|
|switch|p1a: Chansey|Chansey|100\/100 par
|cant|p2a: Starmie|par
|
|turn|15
|choice||
|
|move|p2a: Starmie|Psychic|p1a: Chansey
|-damage|p1a: Chansey|85\/100 par
|-unboost|p1a: Chansey|spd|1
|-unboost|p1a: Chansey|spa|1
|move|p1a: Chansey|Seismic Toss|p2a: Starmie
|-damage|p2a: Starmie|69\/100 par
|
|turn|16
|choice||
|
|switch|p2a: Snorlax|Snorlax, M|100\/100
|switch|p1a: Jolteon|Jolteon, M|100\/100
|
|turn|17
|choice||
|
|switch|p1a: Snorlax|Snorlax, M|100\/100
|move|p2a: Snorlax|Body Slam|p1a: Snorlax
|-damage|p1a: Snorlax|75\/100
|
|turn|18
|choice||
|
|move|p1a: Snorlax|Earthquake|p2a: Snorlax
|-damage|p2a: Snorlax|81\/100
|move|p2a: Snorlax|Earthquake|p1a: Snorlax
|-damage|p1a: Snorlax|55\/100
|
|turn|19
|choice||
|
|move|p2a: Snorlax|Body Slam|p1a: Snorlax
|-damage|p1a: Snorlax|27\/100
|move|p1a: Snorlax|Self-Destruct|p2a: Snorlax
|-damage|p2a: Snorlax|0 fnt
|faint|p2a: Snorlax
|faint|p1a: Snorlax
|choice||
|
|switch|p2a: Exeggutor|Exeggutor, M|100\/100
|switch|p1a: Chansey|Chansey|85\/100 par
|turn|20
|choice||
|
|switch|p2a: Starmie|Starmie|69\/100 par
|move|p1a: Chansey|Thunder Wave|p2a: Starmie
|-fail|p2a: Starmie|par
|
|turn|21
|choice||
|
|move|p2a: Starmie|Psychic|p1a: Chansey
|-crit|p1a: Chansey
|-damage|p1a: Chansey|59\/100 par
|cant|p1a: Chansey|par
|
|turn|22
|choice||
|
|move|p2a: Starmie|Psychic|p1a: Chansey
|-damage|p1a: Chansey|45\/100 par
|move|p1a: Chansey|Soft-Boiled|p1a: Chansey
|-heal|p1a: Chansey|95\/100 par
|
|turn|23
|choice||
|
|move|p2a: Starmie|Psychic|p1a: Chansey
|-damage|p1a: Chansey|82\/100 par
|-unboost|p1a: Chansey|spd|1
|-unboost|p1a: Chansey|spa|1
|move|p1a: Chansey|Seismic Toss|p2a: Starmie
|-damage|p2a: Starmie|38\/100 par
|
|turn|24
|choice||
|
|switch|p1a: Jolteon|Jolteon, M|100\/100
|move|p2a: Starmie|Recover|p2a: Starmie
|-heal|p2a: Starmie|88\/100 par
|
|turn|25
|choice||
|
|switch|p1a: Chansey|Chansey|82\/100 par
|switch|p2a: Jolteon|Jolteon, M|100\/100
|
|turn|26
|choice||
|
|switch|p2a: Starmie|Starmie|88\/100 par
|move|p1a: Chansey|Thunder Wave|p2a: Starmie
|-fail|p2a: Starmie|par
|
|turn|27
|choice||
|
|move|p2a: Starmie|Psychic|p1a: Chansey
|-damage|p1a: Chansey|68\/100 par
|move|p1a: Chansey|Seismic Toss|p2a: Starmie
|-damage|p2a: Starmie|57\/100 par
|
|turn|28
|choice||
|
|cant|p2a: Starmie|par
|move|p1a: Chansey|Soft-Boiled|p1a: Chansey
|-heal|p1a: Chansey|100\/100 par
|
|turn|29
|choice||
|
|switch|p1a: Jolteon|Jolteon, M|100\/100
|move|p2a: Starmie|Psychic|p1a: Jolteon
|-damage|p1a: Jolteon|72\/100
|
|turn|30
|choice||
|
|switch|p2a: Alakazam|Alakazam, M|100\/100 slp
|move|p1a: Jolteon|Thunder Wave|p2a: Alakazam
|-fail|p2a: Alakazam
|
|turn|31
|choice||
|
|move|p1a: Jolteon|Thunderbolt|p2a: Alakazam
|-damage|p2a: Alakazam|71\/100 slp
|cant|p2a: Alakazam|slp
|
|turn|32
|choice||
|
|switch|p2a: Jolteon|Jolteon, M|100\/100
|move|p1a: Jolteon|Thunderbolt|p2a: Jolteon
|-resisted|p2a: Jolteon
|-damage|p2a: Jolteon|84\/100
|
|turn|33
|choice||
|
|switch|p1a: Chansey|Chansey|100\/100 par
|move|p2a: Jolteon|Thunder Wave|p1a: Chansey
|-fail|p1a: Chansey|par
|
|turn|34
|choice||
|
|move|p2a: Jolteon|Double Kick|p1a: Chansey
|-supereffective|p1a: Chansey
|-damage|p1a: Chansey|86\/100 par
|-damage|p1a: Chansey|72\/100 par
|-hitcount|p1a: Chansey|2
|move|p1a: Chansey|Seismic Toss|p2a: Jolteon
|-damage|p2a: Jolteon|54\/100
|
|turn|35
|choice||
|
|move|p2a: Jolteon|Double Kick|p1a: Chansey
|-supereffective|p1a: Chansey
|-damage|p1a: Chansey|58\/100 par
|-damage|p1a: Chansey|43\/100 par
|-hitcount|p1a: Chansey|2
|move|p1a: Chansey|Soft-Boiled|p1a: Chansey
|-heal|p1a: Chansey|93\/100 par
|
|turn|36
|choice||
|
|switch|p2a: Starmie|Starmie|57\/100 par
|cant|p1a: Chansey|par
|
|turn|37
|choice||
|
|move|p2a: Starmie|Recover|p2a: Starmie
|-heal|p2a: Starmie|100\/100 par
|move|p1a: Chansey|Seismic Toss|p2a: Starmie
|-damage|p2a: Starmie|70\/100 par
|
|turn|38
|choice||
|
|cant|p2a: Starmie|par
|move|p1a: Chansey|Seismic Toss|p2a: Starmie
|-damage|p2a: Starmie|39\/100 par
|
|turn|39
|j|Nagim
|choice||
|
|switch|p1a: Jolteon|Jolteon, M|72\/100
|cant|p2a: Starmie|par
|
|turn|40
|choice||
|
|switch|p2a: Jolteon|Jolteon, M|54\/100
|move|p1a: Jolteon|Thunderbolt|p2a: Jolteon
|-resisted|p2a: Jolteon
|-damage|p2a: Jolteon|37\/100
|
|turn|41
|j|zeviellos
|j|Kruzynn
|c| Kruzynn|guys wth is GEn 1 OU(tradeback)?
|c|★marcoasd|gen 1 + moves learned in gsc
|c|★smilzo|^
|c|★marcoasd|that were legal in gen 1
|c|★marcoasd|like nidoking getting lovely kiss
|choice||
|
|move|p1a: Jolteon|Thunder Wave|p2a: Jolteon
|-status|p2a: Jolteon|par
|cant|p2a: Jolteon|par
|
|turn|42
|c|★smilzo|ey
|c|★marcoasd|persian getting hypnosis, hypno getting amnesia
|j|nbf per la gente
|c|★smilzo|cos'avevi fatto
|c|★marcoasd|non si sa
|c|★marcoasd|non twave comunque
|choice||
|
|switch|p1a: Chansey|Chansey|93\/100 par
|move|p2a: Jolteon|Pin Missile|p1a: Chansey
|-crit|p1a: Chansey
|-damage|p1a: Chansey|86\/100 par
|-damage|p1a: Chansey|79\/100 par
|-damage|p1a: Chansey|72\/100 par
|-hitcount|p1a: Chansey|3
|
|turn|43
|c|★smilzo|ok
|l|Kruzynn
|j|empoleon2
|c|★smilzo|mi importava se era non-twave
|l|empoleon2
|choice||
|
|cant|p2a: Jolteon|par
|move|p1a: Chansey|Soft-Boiled|p1a: Chansey
|-heal|p1a: Chansey|100\/100 par
|
|turn|44
|choice||
|
|move|p2a: Jolteon|Double Kick|p1a: Chansey
|-supereffective|p1a: Chansey
|-damage|p1a: Chansey|87\/100 par
|-damage|p1a: Chansey|74\/100 par
|-hitcount|p1a: Chansey|2
|move|p1a: Chansey|Seismic Toss|p2a: Jolteon
|-damage|p2a: Jolteon|7\/100 par
|
|turn|45
|choice||
|
|move|p2a: Jolteon|Double Kick|p1a: Chansey
|-supereffective|p1a: Chansey
|-damage|p1a: Chansey|60\/100 par
|-damage|p1a: Chansey|46\/100 par
|-hitcount|p1a: Chansey|2
|move|p1a: Chansey|Soft-Boiled|p1a: Chansey
|-heal|p1a: Chansey|96\/100 par
|
|turn|46
|choice||
|
|move|p2a: Jolteon|Double Kick|p1a: Chansey
|-supereffective|p1a: Chansey
|-damage|p1a: Chansey|83\/100 par
|-damage|p1a: Chansey|70\/100 par
|-hitcount|p1a: Chansey|2
|move|p1a: Chansey|Seismic Toss|p2a: Jolteon
|-damage|p2a: Jolteon|0 fnt
|faint|p2a: Jolteon
|choice||
|
|switch|p2a: Tauros|Tauros|100\/100
|turn|47
|l|nbf per la gente
|l|Nagim
|c|★smilzo|hmm
|choice||
|
|switch|p1a: Exeggutor|Exeggutor, M|65\/100 par
|move|p2a: Tauros|Body Slam|p1a: Exeggutor
|-crit|p1a: Exeggutor
|-damage|p1a: Exeggutor|10\/100 par
|
|turn|48
|choice||
|
|move|p2a: Tauros|Body Slam|p1a: Exeggutor
|-damage|p1a: Exeggutor|0 fnt
|faint|p1a: Exeggutor
|choice||
|
|switch|p1a: Starmie|Starmie|100\/100
|turn|49
|choice||
|
|switch|p2a: Starmie|Starmie|39\/100 par
|move|p1a: Starmie|Blizzard|p2a: Starmie
|-resisted|p2a: Starmie
|-damage|p2a: Starmie|23\/100 par
|
|turn|50
|choice||
|
|move|p1a: Starmie|Thunderbolt|p2a: Starmie
|-crit|p2a: Starmie
|-supereffective|p2a: Starmie
|-damage|p2a: Starmie|0 fnt
|faint|p2a: Starmie
|choice||
|
|switch|p2a: Exeggutor|Exeggutor, M|100\/100
|turn|51
|choice||
|
|switch|p1a: Chansey|Chansey|70\/100 par
|move|p2a: Exeggutor|Psychic|p1a: Chansey
|-damage|p1a: Chansey|52\/100 par
|
|turn|52
|choice||
|
|move|p2a: Exeggutor|Psychic|p1a: Chansey
|-damage|p1a: Chansey|34\/100 par
|-unboost|p1a: Chansey|spd|1
|-unboost|p1a: Chansey|spa|1
|move|p1a: Chansey|Thunder Wave|p2a: Exeggutor
|-status|p2a: Exeggutor|par
|
|turn|53
|choice||
|
|move|p2a: Exeggutor|Hyper Beam|p1a: Chansey
|-damage|p1a: Chansey|0 fnt
|faint|p1a: Chansey
|choice||
|
|switch|p1a: Jolteon|Jolteon, M|72\/100
|turn|54
|choice||
|
|move|p1a: Jolteon|Pin Missile|p2a: Exeggutor|[miss]
|-miss|p1a: Jolteon
|cant|p2a: Exeggutor|par
|
|turn|55
|choice||
|
|move|p1a: Jolteon|Pin Missile|p2a: Exeggutor
|-supereffective|p2a: Exeggutor
|-damage|p2a: Exeggutor|89\/100 par
|-damage|p2a: Exeggutor|78\/100 par
|-damage|p2a: Exeggutor|66\/100 par
|-damage|p2a: Exeggutor|55\/100 par
|-hitcount|p2a: Exeggutor|4
|cant|p2a: Exeggutor|par
|
|turn|56
|j|Death to mudbloods
|choice||
|
|move|p1a: Jolteon|Pin Missile|p2a: Exeggutor
|-supereffective|p2a: Exeggutor
|-damage|p2a: Exeggutor|43\/100 par
|-damage|p2a: Exeggutor|32\/100 par
|-damage|p2a: Exeggutor|20\/100 par
|-damage|p2a: Exeggutor|9\/100 par
|-damage|p2a: Exeggutor|0 fnt
|-hitcount|p2a: Exeggutor|5
|faint|p2a: Exeggutor
|c|★marcoasd|rip gg
|c|★smilzo|lol
|c|★smilzo|gg
|choice||
|
|switch|p2a: Tauros|Tauros|100\/100
|turn|57
|choice||
|
|move|p1a: Jolteon|Thunderbolt|p2a: Tauros
|-damage|p2a: Tauros|59\/100
|move|p2a: Tauros|Earthquake|p1a: Jolteon
|-supereffective|p1a: Jolteon
|-damage|p1a: Jolteon|10\/100
|
|turn|58
|choice||
|
|move|p1a: Jolteon|Thunderbolt|p2a: Tauros
|-damage|p2a: Tauros|16\/100
|move|p2a: Tauros|Body Slam|p1a: Jolteon
|-damage|p1a: Jolteon|0 fnt
|faint|p1a: Jolteon
|choice||
|
|switch|p1a: Tauros|Tauros|100\/100
|turn|59
|choice||
|
|move|p1a: Tauros|Body Slam|p2a: Tauros
|-damage|p2a: Tauros|0 fnt
|faint|p2a: Tauros
|choice||
|
|switch|p2a: Alakazam|Alakazam, M|71\/100 slp
|turn|60
|l|zeviellos
|choice||
|
|-curestatus|p2a: Alakazam|slp
|move|p1a: Tauros|Hyper Beam|p2a: Alakazam|[miss]
|-miss|p1a: Tauros
|
|turn|61
|c|★smilzo|lmao
|c|★marcoasd|oh
|choice||
|
|switch|p1a: Starmie|Starmie|100\/100
|move|p2a: Alakazam|Thunder Wave|p1a: Starmie
|-status|p1a: Starmie|par
|
|turn|62
|choice||
|
|move|p2a: Alakazam|Psychic|p1a: Starmie
|-resisted|p1a: Starmie
|-damage|p1a: Starmie|81\/100 par
|move|p1a: Starmie|Thunder Wave|p2a: Alakazam
|-status|p2a: Alakazam|par
|
|turn|63
|choice||
|
|move|p2a: Alakazam|Recover|p2a: Alakazam
|-heal|p2a: Alakazam|100\/100 par
|move|p1a: Starmie|Blizzard|p2a: Alakazam
|-damage|p2a: Alakazam|78\/100 par
|
|turn|64
|choice||
|
|move|p2a: Alakazam|Psychic|p1a: Starmie
|-crit|p1a: Starmie
|-resisted|p1a: Starmie
|-damage|p1a: Starmie|42\/100 par
|-unboost|p1a: Starmie|spd|1
|-unboost|p1a: Starmie|spa|1
|move|p1a: Starmie|Blizzard|p2a: Alakazam
|-damage|p2a: Alakazam|62\/100 par
|
|turn|65
|choice||
|
|cant|p2a: Alakazam|par
|move|p1a: Starmie|Recover|p1a: Starmie
|-heal|p1a: Starmie|92\/100 par
|
|turn|66
|choice||
|
|move|p2a: Alakazam|Recover|p2a: Alakazam
|-heal|p2a: Alakazam|100\/100 par
|move|p1a: Starmie|Blizzard|p2a: Alakazam|[miss]
|-miss|p1a: Starmie
|
|turn|67
|choice||
|
|move|p2a: Alakazam|Psychic|p1a: Starmie
|-crit|p1a: Starmie
|-resisted|p1a: Starmie
|-damage|p1a: Starmie|52\/100 par
|move|p1a: Starmie|Thunderbolt|p2a: Alakazam
|-damage|p2a: Alakazam|89\/100 par
|
|turn|68
|choice||
|
|move|p2a: Alakazam|Psychic|p1a: Starmie
|-crit|p1a: Starmie
|-resisted|p1a: Starmie
|-damage|p1a: Starmie|14\/100 par
|move|p1a: Starmie|Thunderbolt|p2a: Alakazam
|-damage|p2a: Alakazam|76\/100 par
|
|turn|69
|choice||
|
|move|p2a: Alakazam|Recover|p2a: Alakazam
|-heal|p2a: Alakazam|100\/100 par
|move|p1a: Starmie|Thunderbolt|p2a: Alakazam
|-damage|p2a: Alakazam|87\/100 par
|
|turn|70
|choice||
|
|move|p2a: Alakazam|Recover|p2a: Alakazam
|-heal|p2a: Alakazam|100\/100 par
|cant|p1a: Starmie|par
|
|turn|71
|choice||
|
|move|p2a: Alakazam|Seismic Toss|p1a: Starmie
|-damage|p1a: Starmie|0 fnt
|faint|p1a: Starmie
|choice||
|
|switch|p1a: Tauros|Tauros|100\/100
|turn|72
|c|★marcoasd|l'impossibile
|c|★marcoasd|sta per realizzarsi
|choice||
|
|move|p1a: Tauros|Body Slam|p2a: Alakazam
|-damage|p2a: Alakazam|54\/100 par
|cant|p2a: Alakazam|par
|
|turn|73
|j|santu the first
|c|★smilzo|se misso di nuovo
|c|★smilzo|,,
|c| santu the first|ciao smilzo
|c|★marcoasd|asd
|choice||
|
|move|p1a: Tauros|Hyper Beam|p2a: Alakazam
|-crit|p2a: Alakazam
|-damage|p2a: Alakazam|0 fnt
|faint|p2a: Alakazam
|
|win|smilzo
|player|p1
|player|p2
|c|★marcoasd|gg
|c|★smilzo|gg
|l|Ch01W0n5h1n
|l|marcoasd
|l|santu the first