|join|biswajit
|join|kid gf lol
|player|p1|biswajit|101
|player|p2|kid gf lol|37
|gametype|singles
|gen|1
|tier|[Gen 1] OU (beta)
|rated
|rule|Sleep Clause Mod: Limit one foe put to sleep
|rule|Species Clause: Limit one of each Pokémon
|rule|OHKO Clause: OHKO moves are banned
|rule|Moody Clause: Moody is banned
|rule|Evasion Moves Clause: Evasion moves are banned
|rule|Endless Battle Clause: Forcing endless battles is banned
|rule|HP Percentage Mod: HP is reported as percentages
|
|start
|switch|p1a: Hypno|Hypno|373\/373
|switch|p2a: Insert Into Rectum|Starmie|323\/323
|turn|1
|
|move|p2a: Insert Into Rectum|Thunder Wave|p1a: Hypno
|-status|p1a: Hypno|par
|move|p1a: Hypno|Thunder Wave|p2a: Insert Into Rectum
|-status|p2a: Insert Into Rectum|par
|
|turn|2
|
|move|p2a: Insert Into Rectum|Thunderbolt|p1a: Hypno
|-damage|p1a: Hypno|309\/373 par
|move|p1a: Hypno|Psychic|p2a: Insert Into Rectum
|-resisted|p2a: Insert Into Rectum
|-damage|p2a: Insert Into Rectum|264\/323 par
|-unboost|p2a: Insert Into Rectum|spd|1
|-unboost|p2a: Insert Into Rectum|spa|1
|
|turn|3
|
|move|p2a: Insert Into Rectum|Psychic|p1a: Hypno
|-resisted|p1a: Hypno
|-damage|p1a: Hypno|277\/373 par
|-unboost|p1a: Hypno|spd|1
|-unboost|p1a: Hypno|spa|1
|move|p1a: Hypno|Psychic|p2a: Insert Into Rectum
|-resisted|p2a: Insert Into Rectum
|-damage|p2a: Insert Into Rectum|208\/323 par
|
|turn|4
|
|cant|p2a: Insert Into Rectum|par
|cant|p1a: Hypno|par
|
|turn|5
|
|move|p2a: Insert Into Rectum|Psychic|p1a: Hypno
|-crit|p1a: Hypno
|-resisted|p1a: Hypno
|-damage|p1a: Hypno|185\/373 par
|cant|p1a: Hypno|par
|
|turn|6
|
|move|p2a: Insert Into Rectum|Psychic|p1a: Hypno
|-resisted|p1a: Hypno
|-damage|p1a: Hypno|139\/373 par
|move|p1a: Hypno|Psychic|p2a: Insert Into Rectum
|-resisted|p2a: Insert Into Rectum
|-damage|p2a: Insert Into Rectum|149\/323 par
|-unboost|p2a: Insert Into Rectum|spd|1
|-unboost|p2a: Insert Into Rectum|spa|1
|
|turn|7
|
|cant|p2a: Insert Into Rectum|par
|move|p1a: Hypno|Psychic|p2a: Insert Into Rectum
|-resisted|p2a: Insert Into Rectum
|-damage|p2a: Insert Into Rectum|68\/323 par
|
|turn|8
|join|JoycapJoshST
|
|move|p2a: Insert Into Rectum|Recover|p2a: Insert Into Rectum
|-fail|p2a: Insert Into Rectum
|move|p1a: Hypno|Psychic|p2a: Insert Into Rectum
|-resisted|p2a: Insert Into Rectum
|-damage|p2a: Insert Into Rectum|0 fnt
|faint|p2a: Insert Into Rectum
|
|chat|kid gf lol|gay
|
|switch|p2a: Horn Anus Go|Cloyster|303\/303
|turn|9
|leave|JoycapJoshST
|
|move|p2a: Horn Anus Go|Blizzard|p1a: Hypno
|-damage|p1a: Hypno|0 fnt
|faint|p1a: Hypno
|
|
|switch|p1a: Starmie|Starmie|323\/323
|turn|10
|
|switch|p2a: My Egg your Asshol|Chansey|703\/703
|move|p1a: Starmie|Thunder Wave|p2a: My Egg your Asshol
|-status|p2a: My Egg your Asshol|par
|
|turn|11
|
|move|p1a: Starmie|Psychic|p2a: My Egg your Asshol
|-damage|p2a: My Egg your Asshol|597\/703 par
|-unboost|p2a: My Egg your Asshol|spd|1
|-unboost|p2a: My Egg your Asshol|spa|1
|move|p2a: My Egg your Asshol|Ice Beam|p1a: Starmie
|-resisted|p1a: Starmie
|-damage|p1a: Starmie|298\/323
|
|turn|12
|
|move|p1a: Starmie|Psychic|p2a: My Egg your Asshol
|-crit|p2a: My Egg your Asshol
|-damage|p2a: My Egg your Asshol|393\/703 par
|move|p2a: My Egg your Asshol|Thunder Wave|p1a: Starmie
|-status|p1a: Starmie|par
|
|turn|13
|
|move|p1a: Starmie|Psychic|p2a: My Egg your Asshol
|-damage|p2a: My Egg your Asshol|251\/703 par
|move|p2a: My Egg your Asshol|Soft-Boiled|p2a: My Egg your Asshol
|-heal|p2a: My Egg your Asshol|602\/703 par
|
|turn|14
|
|cant|p1a: Starmie|par
|move|p2a: My Egg your Asshol|Soft-Boiled|p2a: My Egg your Asshol
|-heal|p2a: My Egg your Asshol|703\/703 par
|
|turn|15
|
|switch|p2a: Beak In Your A-Hol|Zapdos|383\/383
|move|p1a: Starmie|Psychic|p2a: Beak In Your A-Hol
|-damage|p2a: Beak In Your A-Hol|290\/383
|
|turn|16
|
|move|p2a: Beak In Your A-Hol|Thunderbolt|p1a: Starmie
|-supereffective|p1a: Starmie
|-damage|p1a: Starmie|49\/323 par
|move|p1a: Starmie|Blizzard|p2a: Beak In Your A-Hol|[miss]
|-miss|p1a: Starmie
|
|turn|17
|
|move|p2a: Beak In Your A-Hol|Drill Peck|p1a: Starmie
|-damage|p1a: Starmie|0 fnt
|faint|p1a: Starmie
|
|
|switch|p1a: Tauros|Tauros|353\/353
|turn|18
|
|move|p1a: Tauros|Blizzard|p2a: Beak In Your A-Hol|[miss]
|-miss|p1a: Tauros
|move|p2a: Beak In Your A-Hol|Thunder Wave|p1a: Tauros
|-status|p1a: Tauros|par
|
|turn|19
|
|switch|p2a: Horn Anus Go|Cloyster|303\/303
|move|p1a: Tauros|Blizzard|p2a: Horn Anus Go
|-resisted|p2a: Horn Anus Go
|-damage|p2a: Horn Anus Go|284\/303
|
|turn|20
|
|move|p2a: Horn Anus Go|Clamp|p1a: Tauros
|-damage|p1a: Tauros|309\/353 par
|-activate|p1a: Tauros|move: Clamp|[of] p2a: Horn Anus Go
|cant|p1a: Tauros|par
|
|turn|21
|
|switch|p1a: Alakazam|Alakazam|313\/313
|move|p2a: Horn Anus Go|Clamp|p1a: Alakazam
|-damage|p1a: Alakazam|281\/313
|-activate|p1a: Alakazam|move: Clamp|[of] p2a: Horn Anus Go
|
|turn|22
|
|switch|p2a: My Egg your Asshol|Chansey|703\/703 par
|cant|p1a: Alakazam|partiallytrapped
|
|-end|p1a: Alakazam|Clamp|[partiallytrapped]
|turn|23
|
|move|p1a: Alakazam|Psychic|p2a: My Egg your Asshol
|-damage|p2a: My Egg your Asshol|579\/703 par
|-unboost|p2a: My Egg your Asshol|spd|1
|-unboost|p2a: My Egg your Asshol|spa|1
|cant|p2a: My Egg your Asshol|par
|
|turn|24
|
|move|p1a: Alakazam|Psychic|p2a: My Egg your Asshol
|-crit|p2a: My Egg your Asshol
|-damage|p2a: My Egg your Asshol|342\/703 par
|cant|p2a: My Egg your Asshol|par
|
|turn|25
|
|move|p1a: Alakazam|Hyper Beam|p2a: My Egg your Asshol|[miss]
|-miss|p1a: Alakazam
|move|p2a: My Egg your Asshol|Soft-Boiled|p2a: My Egg your Asshol
|-heal|p2a: My Egg your Asshol|693\/703 par
|
|turn|26
|
|move|p1a: Alakazam|Psychic|p2a: My Egg your Asshol
|-damage|p2a: My Egg your Asshol|491\/703 par
|-unboost|p2a: My Egg your Asshol|spd|1
|-unboost|p2a: My Egg your Asshol|spa|1
|move|p2a: My Egg your Asshol|Thunder Wave|p1a: Alakazam
|-status|p1a: Alakazam|par
|
|turn|27
|
|move|p1a: Alakazam|Psychic|p2a: My Egg your Asshol
|-crit|p2a: My Egg your Asshol
|-damage|p2a: My Egg your Asshol|221\/703 par
|-unboost|p2a: My Egg your Asshol|spd|1
|-unboost|p2a: My Egg your Asshol|spa|1
|move|p2a: My Egg your Asshol|Soft-Boiled|p2a: My Egg your Asshol
|-heal|p2a: My Egg your Asshol|572\/703 par
|
|turn|28
|
|move|p1a: Alakazam|Psychic|p2a: My Egg your Asshol
|-crit|p2a: My Egg your Asshol
|-damage|p2a: My Egg your Asshol|338\/703 par
|-unboost|p2a: My Egg your Asshol|spd|1
|-unboost|p2a: My Egg your Asshol|spa|1
|move|p2a: My Egg your Asshol|Soft-Boiled|p2a: My Egg your Asshol
|-heal|p2a: My Egg your Asshol|689\/703 par
|
|turn|29
|
|move|p1a: Alakazam|Psychic|p2a: My Egg your Asshol
|-damage|p2a: My Egg your Asshol|287\/703 par
|-unboost|p2a: My Egg your Asshol|spd|1
|-unboost|p2a: My Egg your Asshol|spa|1
|move|p2a: My Egg your Asshol|Soft-Boiled|p2a: My Egg your Asshol
|-heal|p2a: My Egg your Asshol|638\/703 par
|
|turn|30
|
|cant|p1a: Alakazam|par
|move|p2a: My Egg your Asshol|Soft-Boiled|p2a: My Egg your Asshol
|-heal|p2a: My Egg your Asshol|703\/703 par
|
|turn|31
|
|switch|p2a: Beak In Your A-Hol|Zapdos|290\/383
|move|p1a: Alakazam|Psychic|p2a: Beak In Your A-Hol
|-damage|p2a: Beak In Your A-Hol|171\/383
|
|turn|32
|
|move|p2a: Beak In Your A-Hol|Drill Peck|p1a: Alakazam
|-damage|p1a: Alakazam|134\/313 par
|move|p1a: Alakazam|Thunder Wave|p2a: Beak In Your A-Hol
|-status|p2a: Beak In Your A-Hol|par
|
|turn|33
|
|cant|p1a: Alakazam|par
|cant|p2a: Beak In Your A-Hol|par
|
|turn|34
|
|move|p1a: Alakazam|Recover|p1a: Alakazam
|-heal|p1a: Alakazam|290\/313 par
|cant|p2a: Beak In Your A-Hol|par
|
|turn|35
|
|move|p1a: Alakazam|Psychic|p2a: Beak In Your A-Hol
|-crit|p2a: Beak In Your A-Hol
|-damage|p2a: Beak In Your A-Hol|0 fnt
|faint|p2a: Beak In Your A-Hol
|
|
|switch|p2a: Horn Anus Go|Cloyster|284\/303
|turn|36
|
|move|p2a: Horn Anus Go|Clamp|p1a: Alakazam
|-damage|p1a: Alakazam|261\/313 par
|-activate|p1a: Alakazam|move: Clamp|[of] p2a: Horn Anus Go
|cant|p1a: Alakazam|partiallytrapped
|
|turn|37
|
|move|p2a: Horn Anus Go|Clamp|p1a: Alakazam
|-damage|p1a: Alakazam|232\/313 par
|cant|p1a: Alakazam|partiallytrapped
|
|turn|38
|
|move|p2a: Horn Anus Go|Clamp|p1a: Alakazam
|-damage|p1a: Alakazam|203\/313 par
|cant|p1a: Alakazam|par
|
|turn|39
|
|move|p2a: Horn Anus Go|Clamp|p1a: Alakazam
|-damage|p1a: Alakazam|174\/313 par
|cant|p1a: Alakazam|partiallytrapped
|
|turn|40
|
|move|p2a: Horn Anus Go|Clamp|p1a: Alakazam
|-damage|p1a: Alakazam|145\/313 par
|cant|p1a: Alakazam|par
|
|-end|p1a: Alakazam|Clamp|[partiallytrapped]
|turn|41
|
|move|p2a: Horn Anus Go|Clamp|p1a: Alakazam
|-damage|p1a: Alakazam|115\/313 par
|-activate|p1a: Alakazam|move: Clamp|[of] p2a: Horn Anus Go
|cant|p1a: Alakazam|partiallytrapped
|
|turn|42
|
|move|p2a: Horn Anus Go|Clamp|p1a: Alakazam
|-damage|p1a: Alakazam|85\/313 par
|cant|p1a: Alakazam|partiallytrapped
|
|-end|p1a: Alakazam|Clamp|[partiallytrapped]
|turn|43
|
|move|p2a: Horn Anus Go|Blizzard|p1a: Alakazam|[miss]
|-miss|p2a: Horn Anus Go
|move|p1a: Alakazam|Thunder Wave|p2a: Horn Anus Go
|-status|p2a: Horn Anus Go|par
|
|turn|44
|
|move|p1a: Alakazam|Recover|p1a: Alakazam
|-heal|p1a: Alakazam|241\/313 par
|cant|p2a: Horn Anus Go|par
|
|turn|45
|
|move|p1a: Alakazam|Psychic|p2a: Horn Anus Go
|-damage|p2a: Horn Anus Go|148\/303 par
|move|p2a: Horn Anus Go|Explosion|p1a: Alakazam
|-damage|p1a: Alakazam|0 fnt
|faint|p1a: Alakazam
|faint|p2a: Horn Anus Go
|
|switch|p2a: Insert Vine In Ass|Victreebel|363\/363
|switch|p1a: Exeggutor|Exeggutor|393\/393
|turn|46
|
|move|p2a: Insert Vine In Ass|Sleep Powder|p1a: Exeggutor|[miss]
|-miss|p2a: Insert Vine In Ass
|move|p1a: Exeggutor|Psychic|p2a: Insert Vine In Ass
|-supereffective|p2a: Insert Vine In Ass
|-damage|p2a: Insert Vine In Ass|129\/363
|
|turn|47
|
|switch|p2a: My Egg your Asshol|Chansey|703\/703 par
|switch|p1a: Tauros|Tauros|309\/353 par
|
|turn|48
|
|move|p1a: Tauros|Earthquake|p2a: My Egg your Asshol
|-damage|p2a: My Egg your Asshol|498\/703 par
|move|p2a: My Egg your Asshol|Counter|p1a: Tauros
|-fail|p2a: My Egg your Asshol
|
|turn|49
|
|move|p1a: Tauros|Hyper Beam|p2a: My Egg your Asshol
|-damage|p2a: My Egg your Asshol|54\/703 par
|move|p2a: My Egg your Asshol|Soft-Boiled|p2a: My Egg your Asshol
|-heal|p2a: My Egg your Asshol|405\/703 par
|
|turn|50
|
|switch|p2a: Insert Vine In Ass|Victreebel|129\/363
|cant|p1a: Tauros|recharge
|
|turn|51
|join|Watermage
|
|move|p2a: Insert Vine In Ass|Wrap|p1a: Tauros|[miss]
|-miss|p2a: Insert Vine In Ass
|move|p1a: Tauros|Earthquake|p2a: Insert Vine In Ass
|-damage|p2a: Insert Vine In Ass|28\/363
|
|turn|52
|leave|Watermage
|
|move|p2a: Insert Vine In Ass|Wrap|p1a: Tauros
|-damage|p1a: Tauros|295\/353 par
|-activate|p1a: Tauros|move: Wrap|[of] p2a: Insert Vine In Ass
|cant|p1a: Tauros|partiallytrapped
|
|turn|53
|
|move|p2a: Insert Vine In Ass|Wrap|p1a: Tauros
|-damage|p1a: Tauros|281\/353 par
|cant|p1a: Tauros|par
|
|-end|p1a: Tauros|Wrap|[partiallytrapped]
|turn|54
|
|move|p2a: Insert Vine In Ass|Wrap|p1a: Tauros
|-damage|p1a: Tauros|267\/353 par
|-activate|p1a: Tauros|move: Wrap|[of] p2a: Insert Vine In Ass
|cant|p1a: Tauros|partiallytrapped
|
|turn|55
|
|move|p2a: Insert Vine In Ass|Wrap|p1a: Tauros
|-damage|p1a: Tauros|253\/353 par
|cant|p1a: Tauros|par
|
|turn|56
|
|move|p2a: Insert Vine In Ass|Wrap|p1a: Tauros
|-damage|p1a: Tauros|239\/353 par
|cant|p1a: Tauros|partiallytrapped
|
|turn|57
|
|move|p2a: Insert Vine In Ass|Wrap|p1a: Tauros
|-damage|p1a: Tauros|225\/353 par
|cant|p1a: Tauros|partiallytrapped
|
|-end|p1a: Tauros|Wrap|[partiallytrapped]
|turn|58
|
|move|p2a: Insert Vine In Ass|Wrap|p1a: Tauros
|-damage|p1a: Tauros|211\/353 par
|-activate|p1a: Tauros|move: Wrap|[of] p2a: Insert Vine In Ass
|cant|p1a: Tauros|partiallytrapped
|
|turn|59
|
|move|p2a: Insert Vine In Ass|Wrap|p1a: Tauros
|-damage|p1a: Tauros|197\/353 par
|cant|p1a: Tauros|par
|
|turn|60
|
|move|p2a: Insert Vine In Ass|Wrap|p1a: Tauros
|-damage|p1a: Tauros|183\/353 par
|cant|p1a: Tauros|partiallytrapped
|
|-end|p1a: Tauros|Wrap|[partiallytrapped]
|turn|61
|
|move|p2a: Insert Vine In Ass|Wrap|p1a: Tauros
|-damage|p1a: Tauros|169\/353 par
|-activate|p1a: Tauros|move: Wrap|[of] p2a: Insert Vine In Ass
|cant|p1a: Tauros|partiallytrapped
|
|turn|62
|
|move|p2a: Insert Vine In Ass|Wrap|p1a: Tauros
|-damage|p1a: Tauros|155\/353 par
|cant|p1a: Tauros|partiallytrapped
|
|turn|63
|
|move|p2a: Insert Vine In Ass|Wrap|p1a: Tauros
|-damage|p1a: Tauros|141\/353 par
|cant|p1a: Tauros|partiallytrapped
|
|-end|p1a: Tauros|Wrap|[partiallytrapped]
|turn|64
|join|DaRedSheep
|
|move|p2a: Insert Vine In Ass|Razor Leaf|p1a: Tauros
|-crit|p1a: Tauros
|-damage|p1a: Tauros|0 fnt
|faint|p1a: Tauros
|
|
|switch|p1a: Exeggutor|Exeggutor|393\/393
|turn|65
|
|switch|p2a: My Egg your Asshol|Chansey|405\/703 par
|move|p1a: Exeggutor|Psychic|p2a: My Egg your Asshol
|-crit|p2a: My Egg your Asshol
|-damage|p2a: My Egg your Asshol|173\/703 par
|
|turn|66
|
|move|p1a: Exeggutor|Hyper Beam|p2a: My Egg your Asshol
|-damage|p2a: My Egg your Asshol|0 fnt
|faint|p2a: My Egg your Asshol
|
|
|switch|p2a: Insert Vine In Ass|Victreebel|28\/363
|turn|67
|
|move|p2a: Insert Vine In Ass|Wrap|p1a: Exeggutor
|-damage|p1a: Exeggutor|379\/393
|-activate|p1a: Exeggutor|move: Wrap|[of] p2a: Insert Vine In Ass
|cant|p1a: Exeggutor|partiallytrapped
|
|turn|68
|
|move|p2a: Insert Vine In Ass|Wrap|p1a: Exeggutor
|-damage|p1a: Exeggutor|365\/393
|cant|p1a: Exeggutor|partiallytrapped
|
|turn|69
|
|move|p2a: Insert Vine In Ass|Wrap|p1a: Exeggutor
|-damage|p1a: Exeggutor|351\/393
|cant|p1a: Exeggutor|partiallytrapped
|
|turn|70
|
|move|p2a: Insert Vine In Ass|Wrap|p1a: Exeggutor
|-damage|p1a: Exeggutor|337\/393
|cant|p1a: Exeggutor|partiallytrapped
|
|turn|71
|
|move|p2a: Insert Vine In Ass|Wrap|p1a: Exeggutor
|-damage|p1a: Exeggutor|323\/393
|cant|p1a: Exeggutor|partiallytrapped
|
|-end|p1a: Exeggutor|Wrap|[partiallytrapped]
|turn|72
|join|DaRedGoat
|
|move|p2a: Insert Vine In Ass|Wrap|p1a: Exeggutor
|-damage|p1a: Exeggutor|309\/393
|-activate|p1a: Exeggutor|move: Wrap|[of] p2a: Insert Vine In Ass
|cant|p1a: Exeggutor|partiallytrapped
|
|turn|73
|
|move|p2a: Insert Vine In Ass|Wrap|p1a: Exeggutor
|-damage|p1a: Exeggutor|295\/393
|cant|p1a: Exeggutor|partiallytrapped
|
|-end|p1a: Exeggutor|Wrap|[partiallytrapped]
|turn|74
|
|move|p2a: Insert Vine In Ass|Wrap|p1a: Exeggutor
|-damage|p1a: Exeggutor|281\/393
|-activate|p1a: Exeggutor|move: Wrap|[of] p2a: Insert Vine In Ass
|cant|p1a: Exeggutor|partiallytrapped
|
|turn|75
|
|move|p2a: Insert Vine In Ass|Wrap|p1a: Exeggutor
|-damage|p1a: Exeggutor|267\/393
|cant|p1a: Exeggutor|partiallytrapped
|
|turn|76
|chat|DaRedSheep|lol
|
|move|p2a: Insert Vine In Ass|Wrap|p1a: Exeggutor
|-damage|p1a: Exeggutor|253\/393
|cant|p1a: Exeggutor|partiallytrapped
|
|turn|77
|
|move|p2a: Insert Vine In Ass|Wrap|p1a: Exeggutor
|-damage|p1a: Exeggutor|239\/393
|cant|p1a: Exeggutor|partiallytrapped
|
|-end|p1a: Exeggutor|Wrap|[partiallytrapped]
|turn|78
|
|move|p2a: Insert Vine In Ass|Wrap|p1a: Exeggutor
|-damage|p1a: Exeggutor|225\/393
|-activate|p1a: Exeggutor|move: Wrap|[of] p2a: Insert Vine In Ass
|cant|p1a: Exeggutor|partiallytrapped
|
|turn|79
|
|move|p2a: Insert Vine In Ass|Wrap|p1a: Exeggutor
|-damage|p1a: Exeggutor|211\/393
|cant|p1a: Exeggutor|partiallytrapped
|
|-end|p1a: Exeggutor|Wrap|[partiallytrapped]
|turn|80
|
|move|p2a: Insert Vine In Ass|Wrap|p1a: Exeggutor|[miss]
|-miss|p2a: Insert Vine In Ass
|move|p1a: Exeggutor|Psychic|p2a: Insert Vine In Ass
|-supereffective|p2a: Insert Vine In Ass
|-damage|p2a: Insert Vine In Ass|0 fnt
|faint|p2a: Insert Vine In Ass
|
|
|switch|p2a: Horn In Your Ass|Nidoqueen|383\/383
|turn|81
|
|move|p2a: Horn In Your Ass|Blizzard|p1a: Exeggutor
|-supereffective|p1a: Exeggutor
|-damage|p1a: Exeggutor|74\/393
|move|p1a: Exeggutor|Mega Drain|p2a: Horn In Your Ass
|-damage|p2a: Horn In Your Ass|318\/383
|-heal|p1a: Exeggutor|107\/393|[from] drain|[of] p2a: Horn In Your Ass
|
|turn|82
|
|move|p2a: Horn In Your Ass|Blizzard|p1a: Exeggutor|[miss]
|-miss|p2a: Horn In Your Ass
|move|p1a: Exeggutor|Psychic|p2a: Horn In Your Ass
|-supereffective|p2a: Horn In Your Ass
|-damage|p2a: Horn In Your Ass|27\/383
|
|turn|83
|
|move|p2a: Horn In Your Ass|Blizzard|p1a: Exeggutor
|-supereffective|p1a: Exeggutor
|-damage|p1a: Exeggutor|0 fnt
|faint|p1a: Exeggutor
|
|
|switch|p1a: Machamp|Machamp|383\/383
|turn|84
|chat|DaRedSheep|gg
|chat|DaRedSheep|or nah
|
|move|p2a: Horn In Your Ass|Blizzard|p1a: Machamp
|-crit|p1a: Machamp
|-damage|p1a: Machamp|177\/383
|move|p1a: Machamp|Earthquake|p2a: Horn In Your Ass
|-supereffective|p2a: Horn In Your Ass
|-damage|p2a: Horn In Your Ass|0 fnt
|faint|p2a: Horn In Your Ass
|
|win|biswajit
|raw|Ladder updating...
|raw|biswajit's rating: 1175 &rarr; <strong>1211<\/strong><br \/>(+36 for winning)
|raw|kid gf lol's rating: 1326 &rarr; <strong>1298<\/strong><br \/>(-28 for losing)
|leave|kid gf lol
|player|p2
|leave|biswajit
|player|p1
|chat|DaRedSheep|lol
|leave|DaRedGoat
|leave|DaRedSheep
|join|biswajit