|j|truewario_dates_me
|j|B1ackJack94
|player|p1|truewario_dates_me|25
|player|p2|B1ackJack94|204
|gametype|singles
|gen|1
|tier|[Gen 1] Random Battle
|rated
|seed|
|rule|Sleep Clause Mod: Limit one foe put to sleep
|rule|Freeze Clause Mod: Limit one foe frozen
|rule|HP Percentage Mod: HP is shown in percentages
|
|start
|switch|p1a: Magnemite|Magnemite, L96|100\/100
|switch|p2a: Mewtwo|Mewtwo, L70|100\/100
|turn|1
|choice||
|
|move|p2a: Mewtwo|Body Slam|p1a: Magnemite
|-damage|p1a: Magnemite|82\/100
|move|p1a: Magnemite|Thunder Wave|p2a: Mewtwo
|-status|p2a: Mewtwo|par
|
|turn|2
|choice||
|
|move|p1a: Magnemite|Thunderbolt|p2a: Mewtwo
|-damage|p2a: Mewtwo|64\/100 par
|move|p2a: Mewtwo|Psychic|p1a: Magnemite
|-damage|p1a: Magnemite|49\/100
|
|turn|3
|choice||
|
|move|p1a: Magnemite|Thunderbolt|p2a: Mewtwo
|-damage|p2a: Mewtwo|29\/100 par
|cant|p2a: Mewtwo|par
|
|turn|4
|choice||
|
|switch|p2a: Rapidash|Rapidash, L90|100\/100
|move|p1a: Magnemite|Thunderbolt|p2a: Rapidash
|-damage|p2a: Rapidash|61\/100
|
|turn|5
|choice||
|
|move|p2a: Rapidash|Hyper Beam|p1a: Magnemite
|-damage|p1a: Magnemite|1\/100
|move|p1a: Magnemite|Thunder Wave|p2a: Rapidash
|-status|p2a: Rapidash|par
|
|turn|6
|-mustrecharge|p2a: Rapidash
|-mustrecharge|p2a: Rapidash
|choice||
|
|move|p1a: Magnemite|Thunderbolt|p2a: Rapidash
|-damage|p2a: Rapidash|22\/100 par
|cant|p2a: Rapidash|recharge
|
|turn|7
|c|★B1ackJack94|well that sucks
|choice||
|
|move|p1a: Magnemite|Thunderbolt|p2a: Rapidash
|-damage|p2a: Rapidash|0 fnt
|faint|p2a: Rapidash
|choice||
|
|switch|p2a: Golduck|Golduck, L85|100\/100
|turn|8
|choice||
|
|switch|p1a: Weezing|Weezing, L90|100\/100
|move|p2a: Golduck|Surf|p1a: Weezing
|-damage|p1a: Weezing|69\/100
|
|turn|9
|choice||
|
|switch|p2a: Mewtwo|Mewtwo, L70|29\/100 par
|move|p1a: Weezing|Thunderbolt|p2a: Mewtwo
|-damage|p2a: Mewtwo|8\/100 par
|
|turn|10
|choice||
|
|move|p1a: Weezing|Thunderbolt|p2a: Mewtwo
|-damage|p2a: Mewtwo|0 fnt
|faint|p2a: Mewtwo
|choice||
|
|switch|p2a: Dragonite|Dragonite, L85|100\/100
|turn|11
|choice||
|
|move|p2a: Dragonite|Blizzard|p1a: Weezing
|-damage|p1a: Weezing|40\/100
|move|p1a: Weezing|Sludge|p2a: Dragonite
|-damage|p2a: Dragonite|77\/100
|
|turn|12
|choice||
|
|move|p2a: Dragonite|Thunderbolt|p1a: Weezing
|-damage|p1a: Weezing|16\/100
|move|p1a: Weezing|Explosion|p2a: Dragonite
|-crit|p2a: Dragonite
|-damage|p2a: Dragonite|0 fnt
|faint|p2a: Dragonite
|faint|p1a: Weezing
|choice||
|
|switch|p1a: Persian|Persian, L79|100\/100
|switch|p2a: Golduck|Golduck, L85|100\/100
|turn|13
|choice||
|
|move|p1a: Persian|Slash|p2a: Golduck
|-crit|p2a: Golduck
|-damage|p2a: Golduck|68\/100
|move|p2a: Golduck|Amnesia|p2a: Golduck
|-boost|p2a: Golduck|spd|2
|-boost|p2a: Golduck|spa|2
|
|turn|14
|choice||
|
|move|p1a: Persian|Slash|p2a: Golduck
|-crit|p2a: Golduck
|-damage|p2a: Golduck|32\/100
|move|p2a: Golduck|Surf|p1a: Persian
|-damage|p1a: Persian|5\/100
|
|turn|15
|choice||
|
|switch|p2a: Lapras|Lapras, L79|100\/100
|move|p1a: Persian|Slash|p2a: Lapras
|-crit|p2a: Lapras
|-damage|p2a: Lapras|69\/100
|
|turn|16
|choice||
|
|move|p1a: Persian|Slash|p2a: Lapras
|-crit|p2a: Lapras
|-damage|p2a: Lapras|38\/100
|move|p2a: Lapras|Body Slam|p1a: Persian
|-damage|p1a: Persian|0 fnt
|faint|p1a: Persian
|choice||
|
|switch|p1a: Magnemite|Magnemite, L96|1\/100
|turn|17
|choice||
|
|move|p1a: Magnemite|Thunderbolt|p2a: Lapras
|-supereffective|p2a: Lapras
|-damage|p2a: Lapras|0 fnt
|faint|p2a: Lapras
|choice||
|
|switch|p2a: Golduck|Golduck, L85|32\/100
|turn|18
|choice||
|
|move|p2a: Golduck|Surf|p1a: Magnemite
|-damage|p1a: Magnemite|0 fnt
|faint|p1a: Magnemite
|choice||
|
|switch|p1a: Pidgeotto|Pidgeotto, L90|100\/100
|turn|19
|choice||
|
|move|p2a: Golduck|Blizzard|p1a: Pidgeotto
|-supereffective|p1a: Pidgeotto
|-damage|p1a: Pidgeotto|32\/100
|-status|p1a: Pidgeotto|frz
|cant|p1a: Pidgeotto|frz
|
|turn|20
|choice||
|
|switch|p1a: Machop|Machop, L96|100\/100
|move|p2a: Golduck|Amnesia|p2a: Golduck
|-boost|p2a: Golduck|spd|2
|-boost|p2a: Golduck|spa|2
|
|turn|21
|choice||
|
|move|p2a: Golduck|Surf|p1a: Machop
|-damage|p1a: Machop|18\/100
|move|p1a: Machop|Earthquake|p2a: Golduck
|-damage|p2a: Golduck|3\/100
|
|turn|22
|choice||
|
|move|p2a: Golduck|Surf|p1a: Machop
|-damage|p1a: Machop|0 fnt
|faint|p1a: Machop
|c|★truewario_dates_me|i was literally humilliating you but will end up losing
|c|★truewario_dates_me|goes to show how much this game sucks
|choice||
|
|switch|p1a: Marowak|Marowak, L90|100\/100
|turn|23
|c|★B1ackJack94|true
|choice||
|
|move|p2a: Golduck|Surf|p1a: Marowak
|-supereffective|p1a: Marowak
|-damage|p1a: Marowak|0 fnt
|faint|p1a: Marowak
|-message|truewario_dates_me forfeited.
|
|win|B1ackJack94
|player|p1
|player|p2
|l|truewario_dates_me
|raw|truewario_dates_me's rating: 1534 &rarr; <strong>1509<\/strong><br \/>(-25 for losing)
|raw|B1ackJack94's rating: 1433 &rarr; <strong>1458<\/strong><br \/>(+25 for winning)