|join|poopyblanket
|join|lasdflkjklj
|player|p1|poopyblanket|162
|player|p2|lasdflkjklj|170
|gametype|singles
|gen|1
|tier|[Gen 1] Random Battle
|rated
|seed|28586,47721,60886,59708
|rule|Sleep Clause Mod: Limit one foe put to sleep
|rule|Freeze Clause Mod: Limit one foe frozen
|rule|HP Percentage Mod: HP is shown in percentages
|
|start
|switch|p1a: Hitmonchan|Hitmonchan, L90|273\/273
|switch|p2a: Bulbasaur|Bulbasaur, L96|281\/281
|turn|1
|choice|switch 4|move 4
|
|switch|p1a: Metapod|Metapod, L99|300\/300
|move|p2a: Bulbasaur|Razor Leaf|p1a: Metapod
|-crit|p1a: Metapod
|-resisted|p1a: Metapod
|-damage|p1a: Metapod|207\/300
|
|turn|2
|choice|move 2|switch 5
|
|switch|p2a: Lickitung|Lickitung, L90|345\/345
|move|p1a: Metapod|String Shot|p2a: Lickitung|[miss]
|-miss|p1a: Metapod
|
|turn|3
|choice|switch 5|move 1
|
|switch|p1a: Golbat|Golbat, L90|318\/318
|move|p2a: Lickitung|Swords Dance|p2a: Lickitung
|-boost|p2a: Lickitung|atk|2
|
|turn|4
|choice|move 2|move 3
|
|move|p1a: Golbat|Confuse Ray|p2a: Lickitung
|-start|p2a: Lickitung|confusion
|-activate|p2a: Lickitung|confusion
|-damage|p2a: Lickitung|293\/345|[from] confusion
|
|turn|5
|choice|move 1|move 3
|
|move|p1a: Golbat|Screech|p2a: Lickitung|[miss]
|-miss|p1a: Golbat
|-end|p2a: Lickitung|confusion
|move|p2a: Lickitung|Body Slam|p1a: Golbat
|-damage|p1a: Golbat|170\/318
|
|turn|6
|choice|move 2|move 2
|
|move|p1a: Golbat|Confuse Ray|p2a: Lickitung
|-start|p2a: Lickitung|confusion
|-activate|p2a: Lickitung|confusion
|move|p2a: Lickitung|Hyper Beam|p1a: Golbat
|-damage|p1a: Golbat|0 fnt
|faint|p1a: Golbat
|choice|switch 4|
|
|switch|p1a: Hitmonchan|Hitmonchan, L90|273\/273
|turn|7
|choice|move 1|switch 3
|
|switch|p2a: Alakazam|Alakazam, L79|249\/249
|move|p1a: Hitmonchan|Submission|p2a: Alakazam
|-resisted|p2a: Alakazam
|-damage|p2a: Alakazam|168\/249
|-damage|p1a: Hitmonchan|253\/273|[from] recoil|[of] p2a: Alakazam
|
|turn|8
|choice|switch 5|move 1
|
|switch|p1a: Metapod|Metapod, L99|207\/300
|move|p2a: Alakazam|Psychic|p1a: Metapod
|-crit|p1a: Metapod
|-damage|p1a: Metapod|0 fnt
|faint|p1a: Metapod
|choice|switch 3|
|
|switch|p1a: Sandslash|Sandslash, L85|301\/301
|turn|9
|choice|move 1|switch 4
|
|switch|p2a: Dewgong|Dewgong, L85|327\/327
|move|p1a: Sandslash|Earthquake|p2a: Dewgong
|-crit|p2a: Dewgong
|-damage|p2a: Dewgong|99\/327
|
|turn|10
|choice|switch 5|move 4
|
|switch|p1a: Hitmonchan|Hitmonchan, L90|253\/273
|move|p2a: Dewgong|Blizzard|p1a: Hitmonchan
|-damage|p1a: Hitmonchan|50\/273
|
|turn|11
|choice|move 3|switch 6
|
|switch|p2a: Hitmonlee|Hitmonlee, L90|273\/273
|move|p1a: Hitmonchan|Seismic Toss|p2a: Hitmonlee
|-damage|p2a: Hitmonlee|183\/273
|
|turn|12
|choice|move 4|move 2
|
|move|p2a: Hitmonlee|Seismic Toss|p1a: Hitmonchan
|-damage|p1a: Hitmonchan|0 fnt
|faint|p1a: Hitmonchan
|choice|switch 5|
|
|switch|p1a: Sandslash|Sandslash, L85|301\/301
|turn|13
|choice|move 3|move 3
|
|move|p2a: Hitmonlee|High Jump Kick|p1a: Sandslash
|-damage|p1a: Sandslash|203\/301
|move|p1a: Sandslash|Swords Dance|p1a: Sandslash
|-boost|p1a: Sandslash|atk|2
|
|turn|14
|choice|move 1|move 2
|
|move|p2a: Hitmonlee|Seismic Toss|p1a: Sandslash
|-damage|p1a: Sandslash|113\/301
|move|p1a: Sandslash|Earthquake|p2a: Hitmonlee
|-damage|p2a: Hitmonlee|0 fnt
|faint|p2a: Hitmonlee
|choice||switch 6
|
|switch|p2a: Dewgong|Dewgong, L85|99\/327
|turn|15
|choice|move 1|move 2
|
|move|p2a: Dewgong|Surf|p1a: Sandslash
|-supereffective|p1a: Sandslash
|-damage|p1a: Sandslash|0 fnt
|faint|p1a: Sandslash
|choice|switch 6|
|
|switch|p1a: Seaking|Seaking, L90|327\/327
|turn|16
|choice|move 3|move 1
|
|move|p1a: Seaking|Hyper Beam|p2a: Dewgong
|-damage|p2a: Dewgong|0 fnt
|faint|p2a: Dewgong
|choice||switch 5
|
|switch|p2a: Bulbasaur|Bulbasaur, L96|281\/281
|turn|17
|choice|switch 2|move 4
|
|switch|p1a: Eevee|Eevee, L96|300\/300
|move|p2a: Bulbasaur|Razor Leaf|p1a: Eevee
|-damage|p1a: Eevee|234\/300
|
|turn|18
|choice|move 1|switch 2
|
|switch|p2a: Marowak|Marowak, L90|291\/291
|move|p1a: Eevee|Body Slam|p2a: Marowak
|-damage|p2a: Marowak|226\/291
|
|turn|19
|choice|move 1|move 1
|
|move|p1a: Eevee|Body Slam|p2a: Marowak
|-damage|p2a: Marowak|160\/291
|move|p2a: Marowak|Earthquake|p1a: Eevee
|-damage|p1a: Eevee|98\/300
|
|turn|20
|choice|move 1|move 1
|
|move|p1a: Eevee|Body Slam|p2a: Marowak
|-damage|p2a: Marowak|89\/291
|move|p2a: Marowak|Earthquake|p1a: Eevee
|-damage|p1a: Eevee|0 fnt
|faint|p1a: Eevee
|c|★lasdflkjklj|gg
|choice|switch 2|
|
|switch|p1a: Seaking|Seaking, L90|327\/327
|turn|21
|choice|move 2|move 1
|
|move|p1a: Seaking|Surf|p2a: Marowak
|-supereffective|p2a: Marowak
|-damage|p2a: Marowak|0 fnt
|faint|p2a: Marowak
|choice||switch 4
|
|switch|p2a: Alakazam|Alakazam, L79|168\/249
|turn|22
|c|★poopyblanket|is it though?
|choice|move 3|move 2
|
|move|p2a: Alakazam|Thunder Wave|p1a: Seaking
|-status|p1a: Seaking|par
|cant|p1a: Seaking|par
|
|turn|23
|c|★lasdflkjklj|yeah
|c|★poopyblanket|yup
|c|★lasdflkjklj|even if you dont get parad
|c|★poopyblanket|well my team was shit lol
|choice|move 3|move 1
|
|move|p2a: Alakazam|Psychic|p1a: Seaking
|-damage|p1a: Seaking|221\/327 par
|cant|p1a: Seaking|par
|
|turn|24
|c|★lasdflkjklj|it helps that you suck too
|choice|move 3|move 1
|
|move|p2a: Alakazam|Psychic|p1a: Seaking
|-damage|p1a: Seaking|120\/327 par
|move|p1a: Seaking|Hyper Beam|p2a: Alakazam
|-damage|p2a: Alakazam|0 fnt
|faint|p2a: Alakazam
|choice||switch 2
|
|switch|p2a: Bulbasaur|Bulbasaur, L96|281\/281
|turn|25
|c|★poopyblanket|excuse me?
|choice|move 4|move 4
|
|move|p2a: Bulbasaur|Razor Leaf|p1a: Seaking
|-crit|p1a: Seaking
|-supereffective|p1a: Seaking
|-damage|p1a: Seaking|0 fnt
|faint|p1a: Seaking
|
|win|lasdflkjklj
|raw|poopyblanket's rating: 1348 &rarr; <strong>1316<\/strong><br \/>(-32 for losing)
|raw|lasdflkjklj's rating: 1099 &rarr; <strong>1139<\/strong><br \/>(+40 for winning)
|c|★lasdflkjklj|you're excused
|c|★lasdflkjklj|gg screeb
|leave|poopyblanket
|player|p1
|player|p2|baaaste|170
|player|p2|beeest|170