|j|dirkaka
|j|Ch01W0n5h1n
|player|p1|dirkaka|153
|player|p2|Ch01W0n5h1n|165
|gametype|singles
|gen|1
|tier|[Gen 1] OU
|rated
|seed|612,34588,46768,50379
|rule|Sleep Clause Mod: Limit one foe put to sleep
|rule|Freeze Clause Mod: Limit one foe frozen
|rule|Species Clause: Limit one of each Pokémon
|rule|OHKO Clause: OHKO moves are banned
|rule|Evasion Moves Clause: Evasion moves are banned
|rule|HP Percentage Mod: HP is shown in percentages
|
|start
|switch|p1a: Alakazam|Alakazam|313\/313
|switch|p2a: Hungry|Alakazam|313\/313
|turn|1
|choice|switch 6|switch 3
|
|switch|p1a: Golem|Golem|363\/363
|switch|p2a: Chance E|Chansey|703\/703
|
|turn|2
|choice|move 2|switch 2
|
|switch|p2a: Cut.Exe|Exeggutor|393\/393
|move|p1a: Golem|Earthquake|p2a: Cut.Exe
|-resisted|p2a: Cut.Exe
|-damage|p2a: Cut.Exe|325\/393
|
|turn|3
|choice|move 1|move 1
|
|move|p2a: Cut.Exe|Sleep Powder|p1a: Golem
|-status|p1a: Golem|slp
|cant|p1a: Golem|slp
|
|turn|4
|choice|move 1|switch 4
|
|switch|p2a: Mega Gastly|Cloyster|303\/303
|cant|p1a: Golem|slp
|
|turn|5
|choice|switch 4|move 3
|
|switch|p1a: Chansey|Chansey|703\/703
|move|p2a: Mega Gastly|Blizzard|p1a: Chansey
|-damage|p1a: Chansey|585\/703
|
|turn|6
|choice|move 2|switch 2
|
|switch|p2a: Chance E|Chansey|703\/703
|move|p1a: Chansey|Thunder Wave|p2a: Chance E
|-status|p2a: Chance E|par
|
|turn|7
|choice|move 1|move 1
|
|move|p1a: Chansey|Ice Beam|p2a: Chance E
|-damage|p2a: Chance E|631\/703 par
|move|p2a: Chance E|Ice Beam|p1a: Chansey
|-damage|p1a: Chansey|509\/703
|
|turn|8
|choice|move 1|move 1
|
|move|p1a: Chansey|Ice Beam|p2a: Chance E
|-damage|p2a: Chance E|559\/703 par
|move|p2a: Chance E|Ice Beam|p1a: Chansey
|-damage|p1a: Chansey|432\/703
|
|turn|9
|choice|move 1|move 1
|
|move|p1a: Chansey|Ice Beam|p2a: Chance E
|-damage|p2a: Chance E|484\/703 par
|cant|p2a: Chance E|par
|
|turn|10
|j|Pr0n Snow
|choice|move 3|move 1
|
|move|p1a: Chansey|Soft-Boiled|p1a: Chansey
|-heal|p1a: Chansey|703\/703
|move|p2a: Chance E|Ice Beam|p1a: Chansey
|-damage|p1a: Chansey|626\/703
|
|turn|11
|choice|switch 4|move 1
|
|switch|p1a: Golem|Golem|363\/363 slp
|cant|p2a: Chance E|par
|
|turn|12
|choice|switch 5|switch 2
|
|switch|p1a: Zapdos|Zapdos|383\/383
|switch|p2a: Mega Gastly|Cloyster|303\/303
|
|turn|13
|choice|move 4|switch 6
|
|switch|p2a: Gorelax|Snorlax|523\/523
|move|p1a: Zapdos|Drill Peck|p2a: Gorelax
|-damage|p2a: Gorelax|401\/523
|
|turn|14
|choice|switch 5|move 1
|
|switch|p1a: Golem|Golem|363\/363 slp
|move|p2a: Gorelax|Amnesia|p2a: Gorelax
|-boost|p2a: Gorelax|spd|2
|-boost|p2a: Gorelax|spa|2
|
|turn|15
|choice|move 3|move 2
|
|-curestatus|p1a: Golem|slp
|move|p2a: Gorelax|Ice Beam|p1a: Golem
|-supereffective|p1a: Golem
|-damage|p1a: Golem|60\/363
|
|turn|16
|choice|move 1|switch 6
|
|switch|p2a: Mega Gastly|Cloyster|303\/303
|move|p1a: Golem|Explosion|p2a: Mega Gastly
|-damage|p2a: Mega Gastly|133\/303
|faint|p1a: Golem
|choice|switch 5|
|
|switch|p1a: Zapdos|Zapdos|383\/383
|turn|17
|choice|move 3|switch 4
|
|switch|p2a: Cut.Exe|Exeggutor|325\/393
|move|p1a: Zapdos|Thunderbolt|p2a: Cut.Exe
|-resisted|p2a: Cut.Exe
|-damage|p2a: Cut.Exe|270\/393
|-status|p2a: Cut.Exe|par
|
|turn|18
|choice|move 4|move 1
|
|move|p1a: Zapdos|Drill Peck|p2a: Cut.Exe
|-supereffective|p2a: Cut.Exe
|-damage|p2a: Cut.Exe|83\/393 par
|move|p2a: Cut.Exe|Sleep Powder|p1a: Zapdos
|-status|p1a: Zapdos|slp
|
|turn|19
|choice|move 4|move 4
|
|-curestatus|p1a: Zapdos|slp
|move|p2a: Cut.Exe|Rest|p2a: Cut.Exe
|-status|p2a: Cut.Exe|slp
|-heal|p2a: Cut.Exe|393\/393 slp|[silent]
|-status|p2a: Cut.Exe|slp|[from] move: Rest
|
|turn|20
|choice|move 4|switch 6
|
|switch|p2a: Gorelax|Snorlax|401\/523
|move|p1a: Zapdos|Drill Peck|p2a: Gorelax
|-damage|p2a: Gorelax|282\/523
|
|turn|21
|choice|move 3|move 1
|
|move|p1a: Zapdos|Thunderbolt|p2a: Gorelax
|-damage|p2a: Gorelax|112\/523
|move|p2a: Gorelax|Amnesia|p2a: Gorelax
|-boost|p2a: Gorelax|spd|2
|-boost|p2a: Gorelax|spa|2
|
|turn|22
|choice|move 4|move 2
|
|move|p1a: Zapdos|Drill Peck|p2a: Gorelax
|-damage|p2a: Gorelax|0 fnt
|faint|p2a: Gorelax
|choice||switch 3
|
|switch|p2a: Hungry|Alakazam|313\/313
|turn|23
|choice|move 4|move 3
|
|move|p2a: Hungry|Kinesis|p1a: Zapdos
|-unboost|p1a: Zapdos|accuracy|1
|move|p1a: Zapdos|Drill Peck|p2a: Hungry
|-crit|p2a: Hungry
|-damage|p2a: Hungry|58\/313
|
|turn|24
|choice|move 4|switch 6
|
|switch|p2a: Cut.Exe|Exeggutor|393\/393 slp
|move|p1a: Zapdos|Drill Peck|p2a: Cut.Exe
|-supereffective|p2a: Cut.Exe
|-damage|p2a: Cut.Exe|204\/393 slp
|
|turn|25
|choice|move 4|move 1
|
|move|p1a: Zapdos|Drill Peck|p2a: Cut.Exe
|-supereffective|p2a: Cut.Exe
|-damage|p2a: Cut.Exe|0 fnt
|faint|p2a: Cut.Exe
|choice||switch 2
|
|switch|p2a: Chance E|Chansey|484\/703 par
|turn|26
|choice|move 4|move 2
|
|move|p1a: Zapdos|Drill Peck|p2a: Chance E|[miss]
|-miss|p1a: Zapdos
|cant|p2a: Chance E|par
|
|turn|27
|choice|move 4|move 2
|
|move|p1a: Zapdos|Drill Peck|p2a: Chance E
|-damage|p2a: Chance E|245\/703 par
|move|p2a: Chance E|Thunder Wave|p1a: Zapdos
|-status|p1a: Zapdos|par
|
|turn|28
|choice|move 4|move 4
|
|move|p1a: Zapdos|Drill Peck|p2a: Chance E
|-crit|p2a: Chance E
|-damage|p2a: Chance E|0 fnt
|faint|p2a: Chance E
|choice||switch 5
|
|switch|p2a: Energy|Tauros|353\/353
|turn|29
|choice|switch 2|move 4
|
|switch|p1a: Exeggutor|Exeggutor|393\/393
|move|p2a: Energy|Blizzard|p1a: Exeggutor
|-supereffective|p1a: Exeggutor
|-damage|p1a: Exeggutor|260\/393
|
|turn|30
|choice|move 4|move 4
|
|move|p2a: Energy|Blizzard|p1a: Exeggutor
|-supereffective|p1a: Exeggutor
|-damage|p1a: Exeggutor|123\/393
|move|p1a: Exeggutor|Sleep Powder|p2a: Energy
|-status|p2a: Energy|slp
|
|turn|31
|choice|move 1|move 4
|
|cant|p2a: Energy|slp
|move|p1a: Exeggutor|Psychic|p2a: Energy
|-damage|p2a: Energy|207\/353 slp
|
|turn|32
|choice|move 1|move 4
|
|cant|p2a: Energy|slp
|move|p1a: Exeggutor|Psychic|p2a: Energy
|-damage|p2a: Energy|50\/353 slp
|
|turn|33
|choice|move 1|move 4
|
|cant|p2a: Energy|slp
|move|p1a: Exeggutor|Psychic|p2a: Energy
|-damage|p2a: Energy|0 fnt
|faint|p2a: Energy
|choice||switch 4
|
|switch|p2a: Mega Gastly|Cloyster|133\/303
|turn|34
|choice|switch 4|move 3
|
|switch|p1a: Chansey|Chansey|626\/703
|move|p2a: Mega Gastly|Blizzard|p1a: Chansey
|-damage|p1a: Chansey|507\/703
|
|turn|35
|choice|move 2|move 1
|
|move|p2a: Mega Gastly|Clamp|p1a: Chansey
|-damage|p1a: Chansey|469\/703
|-activate|p1a: Chansey|move: Clamp|[of] p2a: Mega Gastly
|cant|p1a: Chansey|partiallytrapped
|
|turn|36
|choice|move 3|switch 6
|
|switch|p2a: Hungry|Alakazam|58\/313
|cant|p1a: Chansey|partiallytrapped
|
|-end|p1a: Chansey|Clamp|[partiallytrapped]
|turn|37
|choice|move 2|move 4
|
|move|p2a: Hungry|Recover|p2a: Hungry
|-fail|p2a: Hungry
|move|p1a: Chansey|Thunder Wave|p2a: Hungry
|-status|p2a: Hungry|par
|
|turn|38
|-message|Ch01W0n5h1n forfeited.
|
|win|dirkaka
|player|p1
|player|p2
|l|Ch01W0n5h1n
|c| Pr0n Snow|THAT 256
|raw|dirkaka's rating: 1275 &rarr; <strong>1311<\/strong><br \/>(+36 for winning)
|raw|Ch01W0n5h1n's rating: 1429 &rarr; <strong>1401<\/strong><br \/>(-28 for losing)
|c|★dirkaka|lol