|join|kid gf lol
|join|xyzygy
|player|p1|kid gf lol|262
|player|p2|xyzygy|167
|gametype|singles
|gen|1
|tier|[Gen 1] OU (beta)
|rated
|rule|Sleep Clause Mod: Limit one foe put to sleep
|rule|Species Clause: Limit one of each Pokemon
|rule|OHKO Clause: OHKO moves are banned
|rule|Moody Clause: Moody is banned
|rule|Evasion Moves Clause: Evasion moves are banned
|rule|Endless Battle Clause: Forcing endless battles is banned
|rule|HP Percentage Mod: HP is reported as percentages
|
|start
|switch|p1a: ▀█▀ █ ▀█▀|Jynx|333\/333
|switch|p2a: Venusaur|Venusaur|363\/363
|turn|1
|join|milkshakercow
|chat|milkshakercow|LOL titz
|leave|milkshakercow
|
|move|p1a: ▀█▀ █ ▀█▀|Lovely Kiss|p2a: Venusaur|[miss]
|-miss|p1a: ▀█▀ █ ▀█▀
|move|p2a: Venusaur|Sleep Powder|p1a: ▀█▀ █ ▀█▀
|-status|p1a: ▀█▀ █ ▀█▀|slp
|
|turn|2
|
|switch|p1a: Zam Lead|Alakazam|313\/313
|move|p2a: Venusaur|Swords Dance|p2a: Venusaur
|-boost|p2a: Venusaur|atk|2
|
|turn|3
|
|move|p1a: Zam Lead|Psychic|p2a: Venusaur
|-supereffective|p2a: Venusaur
|-damage|p2a: Venusaur|97\/363
|move|p2a: Venusaur|Body Slam|p1a: Zam Lead
|-damage|p1a: Zam Lead|127\/313
|-status|p1a: Zam Lead|par
|
|turn|4
|
|move|p2a: Venusaur|Body Slam|p1a: Zam Lead
|-damage|p1a: Zam Lead|0 fnt
|faint|p1a: Zam Lead
|
|
|switch|p1a: Result of Incest|Exeggutor|393\/393
|turn|5
|
|move|p2a: Venusaur|Body Slam|p1a: Result of Incest
|-damage|p1a: Result of Incest|267\/393
|-status|p1a: Result of Incest|par
|cant|p1a: Result of Incest|par
|
|turn|6
|
|switch|p2a: Chansey|Chansey|703\/703
|move|p1a: Result of Incest|Psychic|p2a: Chansey
|-damage|p2a: Chansey|576\/703
|
|turn|7
|
|move|p2a: Chansey|Ice Beam|p1a: Result of Incest
|-supereffective|p1a: Result of Incest
|-damage|p1a: Result of Incest|142\/393 par
|move|p1a: Result of Incest|Explosion|p2a: Chansey
|-damage|p2a: Chansey|0 fnt
|faint|p2a: Chansey
|faint|p1a: Result of Incest
|
|switch|p2a: Venusaur|Venusaur|97\/363
|switch|p1a: Breakfast Pouch|Chansey|703\/703
|turn|8
|
|move|p2a: Venusaur|Body Slam|p1a: Breakfast Pouch
|-damage|p1a: Breakfast Pouch|530\/703
|move|p1a: Breakfast Pouch|Ice Beam|p2a: Venusaur
|-supereffective|p2a: Venusaur
|-damage|p2a: Venusaur|0 fnt
|faint|p2a: Venusaur
|
|
|switch|p2a: Victreebel|Victreebel|363\/363
|turn|9
|
|move|p2a: Victreebel|Wrap|p1a: Breakfast Pouch|[miss]
|-miss|p2a: Victreebel
|move|p1a: Breakfast Pouch|Thunder Wave|p2a: Victreebel
|-status|p2a: Victreebel|par
|
|turn|10
|
|move|p1a: Breakfast Pouch|Ice Beam|p2a: Victreebel
|-supereffective|p2a: Victreebel
|-damage|p2a: Victreebel|206\/363 par
|move|p2a: Victreebel|Stun Spore|p1a: Breakfast Pouch
|-status|p1a: Breakfast Pouch|par
|
|turn|11
|
|move|p2a: Victreebel|Wrap|p1a: Breakfast Pouch
|-damage|p1a: Breakfast Pouch|495\/703 par
|-activate|p1a: Breakfast Pouch|move: Wrap|[of] p2a: Victreebel
|cant|p1a: Breakfast Pouch|partiallytrapped
|
|turn|12
|
|switch|p1a: GhostInaShell|Cloyster|303\/303
|move|p2a: Victreebel|Wrap|p1a: GhostInaShell
|-damage|p1a: GhostInaShell|293\/303
|-activate|p1a: GhostInaShell|move: Wrap|[of] p2a: Victreebel
|
|turn|13
|
|cant|p1a: GhostInaShell|partiallytrapped
|move|p2a: Victreebel|Wrap|p1a: GhostInaShell
|-damage|p1a: GhostInaShell|258\/303
|
|-end|p1a: GhostInaShell|Wrap|[partiallytrapped]
|turn|14
|join|HHerr
|
|switch|p2a: Cloyster|Cloyster|303\/303
|move|p1a: GhostInaShell|Clamp|p2a: Cloyster
|-resisted|p2a: Cloyster
|-damage|p2a: Cloyster|281\/303
|-activate|p2a: Cloyster|move: Clamp|[of] p1a: GhostInaShell
|
|turn|15
|
|cant|p2a: Cloyster|partiallytrapped
|move|p1a: GhostInaShell|Clamp|p2a: Cloyster
|-damage|p2a: Cloyster|259\/303
|
|turn|16
|
|move|p1a: GhostInaShell|Clamp|p2a: Cloyster
|-damage|p2a: Cloyster|237\/303
|cant|p2a: Cloyster|partiallytrapped
|
|-end|p2a: Cloyster|Clamp|[partiallytrapped]
|turn|17
|
|move|p2a: Cloyster|Clamp|p1a: GhostInaShell
|-crit|p1a: GhostInaShell
|-resisted|p1a: GhostInaShell
|-damage|p1a: GhostInaShell|215\/303
|-activate|p1a: GhostInaShell|move: Clamp|[of] p2a: Cloyster
|cant|p1a: GhostInaShell|partiallytrapped
|
|turn|18
|
|move|p2a: Cloyster|Clamp|p1a: GhostInaShell
|-damage|p1a: GhostInaShell|172\/303
|cant|p1a: GhostInaShell|partiallytrapped
|
|-end|p1a: GhostInaShell|Clamp|[partiallytrapped]
|turn|19
|
|switch|p1a: ▀█▀ █ ▀█▀|Jynx|333\/333 slp
|move|p2a: Cloyster|Clamp|p1a: ▀█▀ █ ▀█▀
|-damage|p1a: ▀█▀ █ ▀█▀|297\/333 slp
|-activate|p1a: ▀█▀ █ ▀█▀|move: Clamp|[of] p2a: Cloyster
|
|turn|20
|
|cant|p1a: ▀█▀ █ ▀█▀|slp
|move|p2a: Cloyster|Clamp|p1a: ▀█▀ █ ▀█▀
|-damage|p1a: ▀█▀ █ ▀█▀|261\/333 slp
|
|turn|21
|
|cant|p1a: ▀█▀ █ ▀█▀|slp
|-curestatus|p1a: ▀█▀ █ ▀█▀|slp
|move|p2a: Cloyster|Clamp|p1a: ▀█▀ █ ▀█▀
|-damage|p1a: ▀█▀ █ ▀█▀|225\/333
|
|turn|22
|
|cant|p1a: ▀█▀ █ ▀█▀|partiallytrapped
|move|p2a: Cloyster|Clamp|p1a: ▀█▀ █ ▀█▀
|-damage|p1a: ▀█▀ █ ▀█▀|189\/333
|
|-end|p1a: ▀█▀ █ ▀█▀|Clamp|[partiallytrapped]
|turn|23
|
|move|p1a: ▀█▀ █ ▀█▀|Lovely Kiss|p2a: Cloyster|[miss]
|-miss|p1a: ▀█▀ █ ▀█▀
|move|p2a: Cloyster|Hyper Beam|p1a: ▀█▀ █ ▀█▀|[miss]
|-miss|p2a: Cloyster
|
|turn|24
|
|move|p1a: ▀█▀ █ ▀█▀|Lovely Kiss|p2a: Cloyster
|-status|p2a: Cloyster|slp
|cant|p2a: Cloyster|slp
|
|turn|25
|
|switch|p2a: Alakazam|Alakazam|313\/313
|move|p1a: ▀█▀ █ ▀█▀|Reflect|p1a: ▀█▀ █ ▀█▀
|
|turn|26
|
|switch|p1a: Breakfast Pouch|Chansey|495\/703 par
|move|p2a: Alakazam|Psychic|p1a: Breakfast Pouch
|-damage|p1a: Breakfast Pouch|363\/703 par
|
|turn|27
|
|switch|p2a: Victreebel|Victreebel|206\/363 par
|move|p1a: Breakfast Pouch|Soft-Boiled|p1a: Breakfast Pouch
|-heal|p1a: Breakfast Pouch|703\/703 par
|
|turn|28
|
|move|p2a: Victreebel|Wrap|p1a: Breakfast Pouch
|-damage|p1a: Breakfast Pouch|667\/703 par
|-activate|p1a: Breakfast Pouch|move: Wrap|[of] p2a: Victreebel
|cant|p1a: Breakfast Pouch|partiallytrapped
|
|turn|29
|
|move|p2a: Victreebel|Wrap|p1a: Breakfast Pouch
|-damage|p1a: Breakfast Pouch|631\/703 par
|cant|p1a: Breakfast Pouch|partiallytrapped
|
|turn|30
|
|cant|p2a: Victreebel|par
|cant|p1a: Breakfast Pouch|partiallytrapped
|
|-end|p1a: Breakfast Pouch|Wrap|[partiallytrapped]
|turn|31
|
|move|p2a: Victreebel|Wrap|p1a: Breakfast Pouch
|-damage|p1a: Breakfast Pouch|595\/703 par
|-activate|p1a: Breakfast Pouch|move: Wrap|[of] p2a: Victreebel
|cant|p1a: Breakfast Pouch|par
|
|turn|32
|
|move|p2a: Victreebel|Wrap|p1a: Breakfast Pouch
|-crit|p1a: Breakfast Pouch
|-damage|p1a: Breakfast Pouch|523\/703 par
|cant|p1a: Breakfast Pouch|partiallytrapped
|
|-end|p1a: Breakfast Pouch|Wrap|[partiallytrapped]
|turn|33
|
|move|p2a: Victreebel|Wrap|p1a: Breakfast Pouch
|-damage|p1a: Breakfast Pouch|451\/703 par
|-activate|p1a: Breakfast Pouch|move: Wrap|[of] p2a: Victreebel
|cant|p1a: Breakfast Pouch|par
|
|turn|34
|
|move|p2a: Victreebel|Wrap|p1a: Breakfast Pouch
|-damage|p1a: Breakfast Pouch|419\/703 par
|cant|p1a: Breakfast Pouch|partiallytrapped
|
|-end|p1a: Breakfast Pouch|Wrap|[partiallytrapped]
|turn|35
|
|cant|p2a: Victreebel|par
|move|p1a: Breakfast Pouch|Soft-Boiled|p1a: Breakfast Pouch
|-heal|p1a: Breakfast Pouch|703\/703 par
|
|turn|36
|
|move|p2a: Victreebel|Wrap|p1a: Breakfast Pouch|[miss]
|-miss|p2a: Victreebel
|move|p1a: Breakfast Pouch|Ice Beam|p2a: Victreebel
|-supereffective|p2a: Victreebel
|-damage|p2a: Victreebel|52\/363 par
|
|turn|37
|
|move|p2a: Victreebel|Wrap|p1a: Breakfast Pouch
|-damage|p1a: Breakfast Pouch|668\/703 par
|-activate|p1a: Breakfast Pouch|move: Wrap|[of] p2a: Victreebel
|cant|p1a: Breakfast Pouch|partiallytrapped
|
|turn|38
|
|move|p2a: Victreebel|Wrap|p1a: Breakfast Pouch
|-damage|p1a: Breakfast Pouch|633\/703 par
|cant|p1a: Breakfast Pouch|par
|
|turn|39
|
|cant|p2a: Victreebel|par
|cant|p1a: Breakfast Pouch|partiallytrapped
|
|-end|p1a: Breakfast Pouch|Wrap|[partiallytrapped]
|turn|40
|
|move|p2a: Victreebel|Wrap|p1a: Breakfast Pouch|[miss]
|-miss|p2a: Victreebel
|move|p1a: Breakfast Pouch|Ice Beam|p2a: Victreebel
|-supereffective|p2a: Victreebel
|-damage|p2a: Victreebel|0 fnt
|faint|p2a: Victreebel
|
|
|switch|p2a: Golem|Golem|363\/363
|turn|41
|
|move|p2a: Golem|Earthquake|p1a: Breakfast Pouch
|-damage|p1a: Breakfast Pouch|302\/703 par
|cant|p1a: Breakfast Pouch|par
|
|turn|42
|
|switch|p1a: GhostInaShell|Cloyster|172\/303
|move|p2a: Golem|Earthquake|p1a: GhostInaShell
|-damage|p1a: GhostInaShell|84\/303
|
|turn|43
|
|switch|p2a: Cloyster|Cloyster|237\/303 slp
|move|p1a: GhostInaShell|Clamp|p2a: Cloyster
|-resisted|p2a: Cloyster
|-damage|p2a: Cloyster|217\/303 slp
|-activate|p2a: Cloyster|move: Clamp|[of] p1a: GhostInaShell
|
|turn|44
|
|switch|p1a: ▀█▀ █ ▀█▀|Jynx|189\/333
|cant|p2a: Cloyster|slp
|
|-end|p2a: Cloyster|Clamp|[partiallytrapped]
|turn|45
|
|switch|p2a: Alakazam|Alakazam|313\/313
|move|p1a: ▀█▀ █ ▀█▀|Psychic|p2a: Alakazam
|-resisted|p2a: Alakazam
|-damage|p2a: Alakazam|271\/313
|
|turn|46
|
|move|p2a: Alakazam|Psychic|p1a: ▀█▀ █ ▀█▀
|-resisted|p1a: ▀█▀ █ ▀█▀
|-damage|p1a: ▀█▀ █ ▀█▀|125\/333
|move|p1a: ▀█▀ █ ▀█▀|Blizzard|p2a: Alakazam
|-damage|p2a: Alakazam|156\/313
|
|turn|47
|
|move|p2a: Alakazam|Recover|p2a: Alakazam
|-heal|p2a: Alakazam|312\/313
|move|p1a: ▀█▀ █ ▀█▀|Blizzard|p2a: Alakazam
|-crit|p2a: Alakazam
|-damage|p2a: Alakazam|108\/313
|
|turn|48
|
|move|p2a: Alakazam|Recover|p2a: Alakazam
|-heal|p2a: Alakazam|264\/313
|move|p1a: ▀█▀ █ ▀█▀|Blizzard|p2a: Alakazam|[miss]
|-miss|p1a: ▀█▀ █ ▀█▀
|
|turn|49
|
|move|p2a: Alakazam|Thunder Wave|p1a: ▀█▀ █ ▀█▀
|-status|p1a: ▀█▀ █ ▀█▀|par
|cant|p1a: ▀█▀ █ ▀█▀|par
|
|turn|50
|
|move|p2a: Alakazam|Seismic Toss|p1a: ▀█▀ █ ▀█▀
|-damage|p1a: ▀█▀ █ ▀█▀|25\/333 par
|move|p1a: ▀█▀ █ ▀█▀|Blizzard|p2a: Alakazam
|-crit|p2a: Alakazam
|-damage|p2a: Alakazam|32\/313
|-status|p2a: Alakazam|frz
|
|turn|51
|
|switch|p1a: Breakfast Pouch|Chansey|302\/703 par
|cant|p2a: Alakazam|frz
|
|turn|52
|
|switch|p2a: Golem|Golem|363\/363
|move|p1a: Breakfast Pouch|Soft-Boiled|p1a: Breakfast Pouch
|-heal|p1a: Breakfast Pouch|653\/703 par
|
|turn|53
|
|move|p2a: Golem|Earthquake|p1a: Breakfast Pouch
|-crit|p1a: Breakfast Pouch
|-damage|p1a: Breakfast Pouch|0 fnt
|faint|p1a: Breakfast Pouch
|
|
|switch|p1a: GhostInaShell|Cloyster|84\/303
|turn|54
|
|switch|p2a: Cloyster|Cloyster|217\/303 slp
|move|p1a: GhostInaShell|Blizzard|p2a: Cloyster
|-crit|p2a: Cloyster
|-resisted|p2a: Cloyster
|-damage|p2a: Cloyster|141\/303 slp
|
|turn|55
|
|cant|p2a: Cloyster|slp
|move|p1a: GhostInaShell|Blizzard|p2a: Cloyster
|-resisted|p2a: Cloyster
|-damage|p2a: Cloyster|105\/303 slp
|
|turn|56
|
|cant|p2a: Cloyster|slp
|move|p1a: GhostInaShell|Explosion|p2a: Cloyster
|-damage|p2a: Cloyster|0 fnt
|faint|p2a: Cloyster
|faint|p1a: GhostInaShell
|
|switch|p2a: Golem|Golem|363\/363
|switch|p1a: TNT|Golem|363\/363
|turn|57
|chat|kid gf lol|50-50 coin toss gl
|
|move|p1a: TNT|Earthquake|p2a: Golem
|-supereffective|p2a: Golem
|-damage|p2a: Golem|165\/363
|move|p2a: Golem|Earthquake|p1a: TNT
|-supereffective|p1a: TNT
|-damage|p1a: TNT|142\/363
|
|turn|58
|
|move|p2a: Golem|Earthquake|p1a: TNT
|-supereffective|p1a: TNT
|-damage|p1a: TNT|0 fnt
|faint|p1a: TNT
|
|
|switch|p1a: ▀█▀ █ ▀█▀|Jynx|25\/333 par
|turn|59
|
|move|p2a: Golem|Earthquake|p1a: ▀█▀ █ ▀█▀
|-damage|p1a: ▀█▀ █ ▀█▀|0 fnt
|faint|p1a: ▀█▀ █ ▀█▀
|
|win|xyzygy
|raw|Ladder updating...
|raw|kid gf lol's rating: 1481 &rarr; <strong>1453<\/strong><br \/>(-28 for losing)
|raw|xyzygy's rating: 1322 &rarr; <strong>1351<\/strong><br \/>(+29 for winning)
|leave|kid gf lol
|player|p1