|join|jb champ
|join|Yus
|player|p1|jb champ|150
|player|p2|Yus|165
|gametype|singles
|gen|1
|tier|[Gen 1] OU (beta)
|rated
|rule|Sleep Clause Mod: Limit one foe put to sleep
|rule|Species Clause: Limit one of each Pokemon
|rule|OHKO Clause: OHKO moves are banned
|rule|Moody Clause: Moody is banned
|rule|Evasion Moves Clause: Evasion moves are banned
|rule|Endless Battle Clause: Forcing endless battles is banned.
|rule|HP Percentage Mod: HP is reported as percentages
|
|start
|switch|p1a: Gengar|Gengar|323\/323
|switch|p2a: Exeggutor|Exeggutor|393\/393
|turn|1
|
|move|p1a: Gengar|Hypnosis|p2a: Exeggutor
|-status|p2a: Exeggutor|slp
|cant|p2a: Exeggutor|slp
|
|turn|2
|
|switch|p1a: Kangaskhan|Kangaskhan|413\/413
|switch|p2a: Chansey|Chansey|703\/703
|
|turn|3
|
|move|p1a: Kangaskhan|Body Slam|p2a: Chansey
|-damage|p2a: Chansey|427\/703
|move|p2a: Chansey|Thunder Wave|p1a: Kangaskhan
|-status|p1a: Kangaskhan|par
|
|turn|4
|
|switch|p2a: Exeggutor|Exeggutor|393\/393 slp
|cant|p1a: Kangaskhan|par
|
|turn|5
|
|cant|p2a: Exeggutor|slp
|move|p1a: Kangaskhan|Body Slam|p2a: Exeggutor
|-damage|p2a: Exeggutor|280\/393 slp
|
|turn|6
|
|cant|p2a: Exeggutor|slp
|-curestatus|p2a: Exeggutor|slp
|move|p1a: Kangaskhan|Body Slam|p2a: Exeggutor
|-crit|p2a: Exeggutor
|-damage|p2a: Exeggutor|54\/393
|
|turn|7
|
|switch|p1a: Golem|Golem|363\/363
|move|p2a: Exeggutor|Explosion|p1a: Golem
|-resisted|p1a: Golem
|-damage|p1a: Golem|263\/363
|faint|p2a: Exeggutor
|
|switch|p2a: Cloyster|Cloyster|303\/303
|turn|8
|join|blazebomb
|
|switch|p1a: Slowbro|Slowbro|393\/393
|move|p2a: Cloyster|Clamp|p1a: Slowbro
|-resisted|p1a: Slowbro
|-damage|p1a: Slowbro|372\/393
|-activate|p1a: Slowbro|move: Clamp|[of] p2a: Cloyster
|
|turn|9
|
|move|p2a: Cloyster|Clamp|p1a: Slowbro
|-damage|p1a: Slowbro|351\/393
|cant|p1a: Slowbro|partiallytrapped
|
|turn|10
|
|move|p2a: Cloyster|Clamp|p1a: Slowbro
|-damage|p1a: Slowbro|330\/393
|cant|p1a: Slowbro|partiallytrapped
|
|turn|11
|
|move|p2a: Cloyster|Clamp|p1a: Slowbro
|-damage|p1a: Slowbro|309\/393
|cant|p1a: Slowbro|partiallytrapped
|
|-end|p1a: Slowbro|Clamp|[partiallytrapped]
|turn|12
|join|TheRazDazzler
|
|switch|p2a: Chansey|Chansey|427\/703
|move|p1a: Slowbro|Thunder Wave|p2a: Chansey
|-status|p2a: Chansey|par
|
|turn|13
|join|luc1993
|leave|blazebomb
|
|switch|p1a: Kangaskhan|Kangaskhan|413\/413 par
|move|p2a: Chansey|Thunderbolt|p1a: Kangaskhan
|-damage|p1a: Kangaskhan|279\/413 par
|
|turn|14
|join|Sonicboom379
|leave|TheRazDazzler
|
|move|p1a: Kangaskhan|Body Slam|p2a: Chansey
|-damage|p2a: Chansey|168\/703 par
|move|p2a: Chansey|Soft-Boiled|p2a: Chansey
|-heal|p2a: Chansey|519\/703 par
|
|turn|15
|
|switch|p2a: Cloyster|Cloyster|303\/303
|move|p1a: Kangaskhan|Body Slam|p2a: Cloyster
|-damage|p2a: Cloyster|237\/303
|
|turn|16
|leave|Sonicboom379
|
|switch|p1a: Slowbro|Slowbro|309\/393
|move|p2a: Cloyster|Clamp|p1a: Slowbro
|-resisted|p1a: Slowbro
|-damage|p1a: Slowbro|287\/393
|-activate|p1a: Slowbro|move: Clamp|[of] p2a: Cloyster
|
|turn|17
|
|move|p2a: Cloyster|Clamp|p1a: Slowbro
|-damage|p1a: Slowbro|265\/393
|cant|p1a: Slowbro|partiallytrapped
|
|turn|18
|
|move|p2a: Cloyster|Clamp|p1a: Slowbro
|-damage|p1a: Slowbro|243\/393
|cant|p1a: Slowbro|partiallytrapped
|
|turn|19
|
|move|p2a: Cloyster|Clamp|p1a: Slowbro
|-damage|p1a: Slowbro|221\/393
|cant|p1a: Slowbro|partiallytrapped
|
|-end|p1a: Slowbro|Clamp|[partiallytrapped]
|turn|20
|
|move|p2a: Cloyster|Clamp|p1a: Slowbro|[miss]
|-miss|p2a: Cloyster
|move|p1a: Slowbro|Thunder Wave|p2a: Cloyster
|-status|p2a: Cloyster|par
|
|turn|21
|
|move|p1a: Slowbro|Amnesia|p1a: Slowbro
|-boost|p1a: Slowbro|spd|2
|-boost|p1a: Slowbro|spa|2
|cant|p2a: Cloyster|par
|
|turn|22
|
|move|p1a: Slowbro|Surf|p2a: Cloyster
|-resisted|p2a: Cloyster
|-damage|p2a: Cloyster|131\/303 par
|cant|p2a: Cloyster|par
|
|turn|23
|
|switch|p1a: Gengar|Gengar|323\/323
|move|p2a: Cloyster|Explosion|p1a: Gengar
|-immune|p1a: Gengar|[msg]
|faint|p2a: Cloyster
|
|switch|p2a: Broslow|Slowbro|393\/393
|turn|24
|
|switch|p2a: Chansey|Chansey|519\/703 par
|move|p1a: Gengar|Hypnosis|p2a: Chansey
|-fail|p2a: Chansey
|
|turn|25
|
|switch|p1a: Golem|Golem|263\/363
|move|p2a: Chansey|Thunder Wave|p1a: Golem
|-immune|p1a: Golem|[msg]
|
|turn|26
|
|move|p1a: Golem|Explosion|p2a: Chansey
|-damage|p2a: Chansey|0 fnt
|faint|p2a: Chansey
|faint|p1a: Golem
|
|switch|p1a: Gengar|Gengar|323\/323
|switch|p2a: Tauros|Tauros|353\/353
|turn|27
|
|switch|p2a: Golem|Golem|363\/363
|move|p1a: Gengar|Hypnosis|p2a: Golem|[miss]
|-miss|p1a: Gengar
|
|turn|28
|
|move|p1a: Gengar|Hypnosis|p2a: Golem|[miss]
|-miss|p1a: Gengar
|move|p2a: Golem|Earthquake|p1a: Gengar
|-supereffective|p1a: Gengar
|-damage|p1a: Gengar|0 fnt
|faint|p1a: Gengar
|
|
|switch|p1a: Slowbro|Slowbro|221\/393
|turn|29
|
|move|p2a: Golem|Earthquake|p1a: Slowbro
|-damage|p1a: Slowbro|99\/393
|move|p1a: Slowbro|Surf|p2a: Golem
|-supereffective|p2a: Golem
|-damage|p2a: Golem|0 fnt
|faint|p2a: Golem
|
|
|switch|p2a: Tauros|Tauros|353\/353
|turn|30
|
|move|p2a: Tauros|Body Slam|p1a: Slowbro
|-crit|p1a: Slowbro
|-damage|p1a: Slowbro|0 fnt
|faint|p1a: Slowbro
|
|
|switch|p1a: Tauros|Tauros|353\/353
|turn|31
|
|move|p1a: Tauros|Body Slam|p2a: Tauros
|-crit|p2a: Tauros
|-damage|p2a: Tauros|149\/353
|move|p2a: Tauros|Body Slam|p1a: Tauros
|-damage|p1a: Tauros|246\/353
|
|turn|32
|
|move|p1a: Tauros|Body Slam|p2a: Tauros
|-damage|p2a: Tauros|39\/353
|move|p2a: Tauros|Body Slam|p1a: Tauros
|-damage|p1a: Tauros|141\/353
|
|turn|33
|
|move|p2a: Tauros|Hyper Beam|p1a: Tauros
|-damage|p1a: Tauros|0 fnt
|faint|p1a: Tauros
|
|
|switch|p1a: Alakazam|Alakazam|313\/313
|turn|34
|
|switch|p2a: Broslow|Slowbro|393\/393
|move|p1a: Alakazam|Seismic Toss|p2a: Broslow
|-damage|p2a: Broslow|293\/393
|
|turn|35
|
|switch|p1a: Kangaskhan|Kangaskhan|279\/413 par
|move|p2a: Broslow|Amnesia|p2a: Broslow
|-boost|p2a: Broslow|spd|2
|-boost|p2a: Broslow|spa|2
|
|turn|36
|
|move|p2a: Broslow|Psychic|p1a: Kangaskhan
|-damage|p1a: Kangaskhan|0 fnt
|faint|p1a: Kangaskhan
|
|
|switch|p1a: Alakazam|Alakazam|313\/313
|turn|37
|
|move|p1a: Alakazam|Thunder Wave|p2a: Broslow
|-status|p2a: Broslow|par
|move|p2a: Broslow|Thunder Wave|p1a: Alakazam
|-status|p1a: Alakazam|par
|
|turn|38
|
|move|p1a: Alakazam|Seismic Toss|p2a: Broslow
|-damage|p2a: Broslow|193\/393 par
|move|p2a: Broslow|Surf|p1a: Alakazam
|-damage|p1a: Alakazam|158\/313 par
|
|turn|39
|
|move|p1a: Alakazam|Seismic Toss|p2a: Broslow
|-damage|p2a: Broslow|93\/393 par
|move|p2a: Broslow|Surf|p1a: Alakazam
|-damage|p1a: Alakazam|8\/313 par
|
|turn|40
|
|move|p1a: Alakazam|Recover|p1a: Alakazam
|-heal|p1a: Alakazam|164\/313 par
|move|p2a: Broslow|Surf|p1a: Alakazam
|-damage|p1a: Alakazam|17\/313 par
|
|turn|41
|
|move|p1a: Alakazam|Recover|p1a: Alakazam
|-heal|p1a: Alakazam|173\/313 par
|move|p2a: Broslow|Surf|p1a: Alakazam
|-damage|p1a: Alakazam|25\/313 par
|
|turn|42
|
|move|p1a: Alakazam|Recover|p1a: Alakazam
|-heal|p1a: Alakazam|181\/313 par
|move|p2a: Broslow|Surf|p1a: Alakazam
|-damage|p1a: Alakazam|19\/313 par
|
|turn|43
|
|move|p1a: Alakazam|Recover|p1a: Alakazam
|-heal|p1a: Alakazam|175\/313 par
|move|p2a: Broslow|Surf|p1a: Alakazam
|-damage|p1a: Alakazam|13\/313 par
|
|turn|44
|
|move|p1a: Alakazam|Recover|p1a: Alakazam
|-heal|p1a: Alakazam|169\/313 par
|move|p2a: Broslow|Surf|p1a: Alakazam
|-damage|p1a: Alakazam|6\/313 par
|
|turn|45
|
|cant|p1a: Alakazam|par
|move|p2a: Broslow|Surf|p1a: Alakazam
|-damage|p1a: Alakazam|0 fnt
|faint|p1a: Alakazam
|
|win|Yus
|raw|Ladder updating...
|raw|jb champ's rating: 1323 &rarr; <strong>1304<\/strong><br \/>(-19 for losing)
|raw|Yus's rating: 1340 &rarr; <strong>1359<\/strong><br \/>(+19 for winning)
|chat|Yus|gg
|leave|jb champ
|player|p1