|join|ALLIE X
|join|farmertome
|player|p1|ALLIE X|95
|player|p2|farmertome|266
|gametype|singles
|gen|1
|tier|[Gen 1] Random Battle
|rated
|seed|10449,47865,30776,11136
|rule|Sleep Clause Mod: Limit one foe put to sleep
|rule|Freeze Clause Mod: Limit one foe frozen
|rule|HP Percentage Mod: HP is shown in percentages
|
|start
|switch|p1a: Weedle|Weedle, L99|280\/280
|switch|p2a: Zubat|Zubat, L96|272\/272
|turn|1
|choice|move 2|move 2
|
|move|p2a: Zubat|Confuse Ray|p1a: Weedle
|-start|p1a: Weedle|confusion
|-activate|p1a: Weedle|confusion
|-damage|p1a: Weedle|244\/280|[from] confusion
|
|turn|2
|choice|move 2|move 4
|
|move|p2a: Zubat|Leech Life|p1a: Weedle
|-crit|p1a: Weedle
|-supereffective|p1a: Weedle
|-damage|p1a: Weedle|179\/280
|-activate|p1a: Weedle|confusion
|move|p1a: Weedle|String Shot|p2a: Zubat
|-unboost|p2a: Zubat|spe|1
|
|turn|3
|choice|switch 6|move 4
|
|switch|p1a: Dragonite|Dragonite, L85|328\/328
|move|p2a: Zubat|Leech Life|p1a: Dragonite
|-resisted|p1a: Dragonite
|-damage|p1a: Dragonite|323\/328
|
|turn|4
|choice|move 3|move 2
|
|move|p1a: Dragonite|Blizzard|p2a: Zubat
|-supereffective|p2a: Zubat
|-damage|p2a: Zubat|14\/272
|move|p2a: Zubat|Confuse Ray|p1a: Dragonite
|-start|p1a: Dragonite|confusion
|
|turn|5
|choice|move 4|move 3
|
|-activate|p1a: Dragonite|confusion
|-damage|p1a: Dragonite|285\/328|[from] confusion
|move|p2a: Zubat|Screech|p1a: Dragonite
|-unboost|p1a: Dragonite|def|2
|
|turn|6
|choice|switch 6|move 2
|
|switch|p1a: Weedle|Weedle, L99|179\/280
|move|p2a: Zubat|Confuse Ray|p1a: Weedle
|-start|p1a: Weedle|confusion
|
|turn|7
|choice|move 1|move 2
|
|-activate|p1a: Weedle|confusion
|move|p1a: Weedle|Poison Sting|p2a: Zubat
|-resisted|p2a: Zubat
|-damage|p2a: Zubat|5\/272
|move|p2a: Zubat|Confuse Ray|p1a: Weedle
|
|turn|8
|choice|move 1|move 3
|
|-activate|p1a: Weedle|confusion
|-damage|p1a: Weedle|143\/280|[from] confusion
|move|p2a: Zubat|Screech|p1a: Weedle|[miss]
|-miss|p2a: Zubat
|
|turn|9
|choice|move 1|move 3
|
|-activate|p1a: Weedle|confusion
|move|p1a: Weedle|Poison Sting|p2a: Zubat
|-resisted|p2a: Zubat
|-damage|p2a: Zubat|0 fnt
|faint|p2a: Zubat
|choice||switch 5
|
|switch|p2a: Arcanine|Arcanine, L85|327\/327
|turn|10
|choice|switch 5|move 4
|
|switch|p1a: Starmie|Starmie, L79|257\/257
|move|p2a: Arcanine|Reflect|p2a: Arcanine
|-start|p2a: Arcanine|Reflect
|
|turn|11
|choice|move 3|move 1
|
|move|p1a: Starmie|Surf|p2a: Arcanine
|-supereffective|p2a: Arcanine
|-damage|p2a: Arcanine|124\/327
|move|p2a: Arcanine|Body Slam|p1a: Starmie
|-damage|p1a: Starmie|188\/257
|
|turn|12
|choice|move 3|switch 3
|
|switch|p2a: Parasect|Parasect, L90|291\/291
|move|p1a: Starmie|Surf|p2a: Parasect
|-resisted|p2a: Parasect
|-damage|p2a: Parasect|245\/291
|
|turn|13
|choice|switch 5|move 1
|
|switch|p1a: Weedle|Weedle, L99|143\/280
|move|p2a: Parasect|Body Slam|p1a: Weedle
|-damage|p1a: Weedle|47\/280
|-status|p1a: Weedle|par
|
|turn|14
|choice|move 2|switch 6
|
|switch|p2a: Alakazam|Alakazam, L79|249\/249
|move|p1a: Weedle|String Shot|p2a: Alakazam
|-unboost|p2a: Alakazam|spe|1
|
|turn|15
|choice|move 2|switch 6
|
|switch|p2a: Parasect|Parasect, L90|245\/291
|move|p1a: Weedle|String Shot|p2a: Parasect
|-unboost|p2a: Parasect|spe|1
|
|turn|16
|choice|move 2|switch 6
|
|switch|p2a: Alakazam|Alakazam, L79|249\/249
|cant|p1a: Weedle|par
|
|turn|17
|choice|move 2|move 1
|
|move|p2a: Alakazam|Psychic|p1a: Weedle
|-supereffective|p1a: Weedle
|-damage|p1a: Weedle|0 fnt
|faint|p1a: Weedle
|choice|switch 2|
|
|switch|p1a: Chansey|Chansey, L79|557\/557
|turn|18
|choice|move 2|switch 6
|
|switch|p2a: Parasect|Parasect, L90|245\/291
|move|p1a: Chansey|Ice Beam|p2a: Parasect
|-supereffective|p2a: Parasect
|-damage|p2a: Parasect|128\/291
|
|turn|19
|choice|switch 6|move 2
|
|switch|p1a: Dragonite|Dragonite, L85|285\/328
|move|p2a: Parasect|Spore|p1a: Dragonite
|-status|p1a: Dragonite|slp
|
|turn|20
|choice|move 3|switch 2
|
|switch|p2a: Articuno|Articuno, L79|304\/304
|cant|p1a: Dragonite|slp
|
|turn|21
|choice|switch 6|move 2
|
|switch|p1a: Chansey|Chansey, L79|557\/557
|move|p2a: Articuno|Blizzard|p1a: Chansey
|-crit|p1a: Chansey
|-damage|p1a: Chansey|311\/557
|
|turn|22
|choice|move 4|move 2
|
|move|p2a: Articuno|Blizzard|p1a: Chansey
|-damage|p1a: Chansey|193\/557
|move|p1a: Chansey|Thunderbolt|p2a: Articuno
|-supereffective|p2a: Articuno
|-damage|p2a: Articuno|193\/304
|
|turn|23
|choice|move 1|move 2
|
|move|p2a: Articuno|Blizzard|p1a: Chansey
|-damage|p1a: Chansey|64\/557
|move|p1a: Chansey|Soft-Boiled|p1a: Chansey
|-heal|p1a: Chansey|342\/557
|
|turn|24
|choice|move 1|move 2
|
|move|p2a: Articuno|Blizzard|p1a: Chansey
|-damage|p1a: Chansey|224\/557
|-status|p1a: Chansey|frz
|cant|p1a: Chansey|frz
|
|turn|25
|choice|switch 5|move 1
|
|switch|p1a: Starmie|Starmie, L79|188\/257
|move|p2a: Articuno|Reflect|p2a: Articuno
|-start|p2a: Articuno|Reflect
|
|turn|26
|choice|move 2|switch 2
|
|switch|p2a: Parasect|Parasect, L90|128\/291
|move|p1a: Starmie|Thunderbolt|p2a: Parasect
|-crit|p2a: Parasect
|-resisted|p2a: Parasect
|-damage|p2a: Parasect|71\/291
|
|turn|27
|choice|move 4|move 1
|
|move|p1a: Starmie|Blizzard|p2a: Parasect
|-crit|p2a: Parasect
|-supereffective|p2a: Parasect
|-damage|p2a: Parasect|0 fnt
|faint|p2a: Parasect
|choice||switch 6
|
|switch|p2a: Alakazam|Alakazam, L79|249\/249
|turn|28
|choice|move 3|move 3
|
|move|p2a: Alakazam|Thunder Wave|p1a: Starmie
|-status|p1a: Starmie|par
|cant|p1a: Starmie|par
|
|turn|29
|choice|move 3|move 1
|
|move|p2a: Alakazam|Psychic|p1a: Starmie
|-resisted|p1a: Starmie
|-damage|p1a: Starmie|138\/257 par
|cant|p1a: Starmie|par
|
|turn|30
|choice|move 1|move 1
|
|move|p2a: Alakazam|Psychic|p1a: Starmie
|-resisted|p1a: Starmie
|-damage|p1a: Starmie|87\/257 par
|-unboost|p1a: Starmie|spd|1
|-unboost|p1a: Starmie|spa|1
|cant|p1a: Starmie|par
|
|turn|31
|c|★ALLIE X|hax & co.
|choice|switch 3|move 1
|
|switch|p1a: Exeggutor|Exeggutor, L79|312\/312
|move|p2a: Alakazam|Psychic|p1a: Exeggutor
|-resisted|p1a: Exeggutor
|-damage|p1a: Exeggutor|264\/312
|
|turn|32
|choice|move 1|move 4
|
|move|p2a: Alakazam|Reflect|p2a: Alakazam
|-start|p2a: Alakazam|Reflect
|move|p1a: Exeggutor|Sleep Powder|p2a: Alakazam
|-status|p2a: Alakazam|slp
|
|turn|33
|choice|switch 3|move 3
|
|switch|p1a: Starmie|Starmie, L79|87\/257 par
|cant|p2a: Alakazam|slp
|
|turn|34
|choice|move 1|move 3
|
|cant|p2a: Alakazam|slp
|move|p1a: Starmie|Recover|p1a: Starmie
|-heal|p1a: Starmie|215\/257 par
|
|turn|35
|choice|move 3|move 3
|
|cant|p2a: Alakazam|slp
|move|p1a: Starmie|Surf|p2a: Alakazam
|-damage|p2a: Alakazam|174\/249 slp
|
|turn|36
|choice|move 3|move 3
|
|cant|p2a: Alakazam|slp
|cant|p1a: Starmie|par
|
|turn|37
|choice|move 3|move 3
|
|cant|p2a: Alakazam|slp
|cant|p1a: Starmie|par
|
|turn|38
|choice|move 3|move 3
|
|-curestatus|p2a: Alakazam|slp
|move|p1a: Starmie|Surf|p2a: Alakazam
|-damage|p2a: Alakazam|107\/249
|
|turn|39
|choice|switch 3|move 2
|
|switch|p1a: Exeggutor|Exeggutor, L79|264\/312
|move|p2a: Alakazam|Recover|p2a: Alakazam
|-heal|p2a: Alakazam|231\/249
|
|turn|40
|choice|move 1|switch 3
|
|switch|p2a: Arcanine|Arcanine, L85|124\/327
|move|p1a: Exeggutor|Sleep Powder|p2a: Arcanine
|-status|p2a: Arcanine|slp
|
|turn|41
|choice|move 3|switch 4
|
|switch|p2a: Rapidash|Rapidash, L90|300\/300
|move|p1a: Exeggutor|Psychic|p2a: Rapidash
|-damage|p2a: Rapidash|201\/300
|
|turn|42
|choice|switch 5|move 1
|
|switch|p1a: Chansey|Chansey, L79|224\/557 frz
|move|p2a: Rapidash|Fire Blast|p1a: Chansey
|-damage|p1a: Chansey|95\/557 frz
|-curestatus|p1a: Chansey|frz
|
|turn|43
|choice|switch 3|move 1
|
|switch|p1a: Starmie|Starmie, L79|215\/257 par
|move|p2a: Rapidash|Fire Blast|p1a: Starmie
|-resisted|p1a: Starmie
|-damage|p1a: Starmie|149\/257 par
|
|turn|44
|choice|move 1|move 2
|
|move|p2a: Rapidash|Body Slam|p1a: Starmie
|-damage|p1a: Starmie|78\/257 par
|cant|p1a: Starmie|par
|
|turn|45
|choice|move 1|move 2
|
|move|p2a: Rapidash|Body Slam|p1a: Starmie
|-damage|p1a: Starmie|0 fnt
|faint|p1a: Starmie
|choice|switch 6|
|
|switch|p1a: Dragonite|Dragonite, L85|285\/328 slp
|turn|46
|choice|move 1|move 2
|
|move|p2a: Rapidash|Body Slam|p1a: Dragonite
|-damage|p1a: Dragonite|214\/328 slp
|cant|p1a: Dragonite|slp
|
|turn|47
|choice|move 1|move 2
|
|move|p2a: Rapidash|Body Slam|p1a: Dragonite
|-damage|p1a: Dragonite|146\/328 slp
|-curestatus|p1a: Dragonite|slp
|
|turn|48
|choice|move 2|move 2
|
|move|p2a: Rapidash|Body Slam|p1a: Dragonite
|-damage|p1a: Dragonite|84\/328
|move|p1a: Dragonite|Thunder Wave|p2a: Rapidash
|-status|p2a: Rapidash|par
|
|turn|49
|choice|move 3|move 2
|
|move|p1a: Dragonite|Blizzard|p2a: Rapidash
|-damage|p2a: Rapidash|118\/300 par
|cant|p2a: Rapidash|par
|
|turn|50
|choice|move 3|move 2
|
|move|p1a: Dragonite|Blizzard|p2a: Rapidash
|-crit|p2a: Rapidash
|-damage|p2a: Rapidash|0 fnt
|faint|p2a: Rapidash
|choice||switch 2
|
|switch|p2a: Articuno|Articuno, L79|193\/304
|turn|51
|choice|switch 3|move 2
|
|switch|p1a: Chansey|Chansey, L79|95\/557
|move|p2a: Articuno|Blizzard|p1a: Chansey
|-damage|p1a: Chansey|0 fnt
|faint|p1a: Chansey
|choice|switch 4|
|
|switch|p1a: Tauros|Tauros, L79|280\/280
|turn|52
|choice|move 1|move 2
|
|move|p1a: Tauros|Body Slam|p2a: Articuno
|-damage|p2a: Articuno|112\/304
|move|p2a: Articuno|Blizzard|p1a: Tauros
|-damage|p1a: Tauros|116\/280
|
|turn|53
|choice|move 2|move 2
|
|move|p1a: Tauros|Hyper Beam|p2a: Articuno
|-crit|p2a: Articuno
|-damage|p2a: Articuno|0 fnt
|faint|p2a: Articuno
|choice||switch 3
|
|switch|p2a: Alakazam|Alakazam, L79|231\/249
|turn|54
|choice|switch 5|move 1
|
|switch|p1a: Exeggutor|Exeggutor, L79|264\/312
|move|p2a: Alakazam|Psychic|p1a: Exeggutor
|-resisted|p1a: Exeggutor
|-damage|p1a: Exeggutor|217\/312
|
|turn|55
|choice|move 2|move 4
|
|move|p2a: Alakazam|Reflect|p2a: Alakazam
|-start|p2a: Alakazam|Reflect
|move|p1a: Exeggutor|Hyper Beam|p2a: Alakazam
|-damage|p2a: Alakazam|157\/249
|
|turn|56
|-mustrecharge|p1a: Exeggutor
|-mustrecharge|p1a: Exeggutor
|choice|move 1|move 1
|
|move|p2a: Alakazam|Psychic|p1a: Exeggutor
|-resisted|p1a: Exeggutor
|-damage|p1a: Exeggutor|173\/312
|cant|p1a: Exeggutor|recharge
|
|turn|57
|choice|move 3|move 2
|
|move|p2a: Alakazam|Recover|p2a: Alakazam
|-heal|p2a: Alakazam|249\/249
|move|p1a: Exeggutor|Psychic|p2a: Alakazam
|-resisted|p2a: Alakazam
|-damage|p2a: Alakazam|210\/249
|-unboost|p2a: Alakazam|spd|1
|-unboost|p2a: Alakazam|spa|1
|
|turn|58
|choice|move 3|switch 4
|
|switch|p2a: Arcanine|Arcanine, L85|124\/327 slp
|move|p1a: Exeggutor|Psychic|p2a: Arcanine
|-damage|p2a: Arcanine|15\/327 slp
|
|turn|59
|choice|move 3|move 2
|
|cant|p2a: Arcanine|slp
|move|p1a: Exeggutor|Psychic|p2a: Arcanine
|-damage|p2a: Arcanine|0 fnt
|faint|p2a: Arcanine
|choice||switch 4
|
|switch|p2a: Alakazam|Alakazam, L79|210\/249
|turn|60
|choice|move 1|move 4
|
|move|p2a: Alakazam|Reflect|p2a: Alakazam
|-start|p2a: Alakazam|Reflect
|move|p1a: Exeggutor|Sleep Powder|p2a: Alakazam
|-status|p2a: Alakazam|slp
|
|turn|61
|choice|switch 3|move 1
|
|switch|p1a: Dragonite|Dragonite, L85|84\/328
|cant|p2a: Alakazam|slp
|
|turn|62
|choice|move 1|move 1
|
|cant|p2a: Alakazam|slp
|move|p1a: Dragonite|Agility|p1a: Dragonite
|-boost|p1a: Dragonite|spe|2
|
|turn|63
|choice|move 3|move 3
|
|move|p1a: Dragonite|Blizzard|p2a: Alakazam|[miss]
|-miss|p1a: Dragonite
|cant|p2a: Alakazam|slp
|
|turn|64
|choice|move 3|move 3
|
|move|p1a: Dragonite|Blizzard|p2a: Alakazam|[miss]
|-miss|p1a: Dragonite
|cant|p2a: Alakazam|slp
|
|turn|65
|choice|move 3|move 3
|
|move|p1a: Dragonite|Blizzard|p2a: Alakazam
|-damage|p2a: Alakazam|144\/249 slp
|cant|p2a: Alakazam|slp
|
|turn|66
|choice|move 3|move 3
|
|move|p1a: Dragonite|Blizzard|p2a: Alakazam
|-damage|p2a: Alakazam|71\/249 slp
|-curestatus|p2a: Alakazam|slp
|
|turn|67
|choice|move 3|move 3
|
|move|p1a: Dragonite|Blizzard|p2a: Alakazam
|-damage|p2a: Alakazam|0 fnt
|faint|p2a: Alakazam
|
|win|ALLIE X
|raw|ALLIE X's rating: 1288 &rarr; <strong>1306<\/strong><br \/>(+18 for winning)
|raw|farmertome's rating: 1193 &rarr; <strong>1175<\/strong><br \/>(-18 for losing)
|leave|farmertome
|player|p2
|leave|ALLIE X
|player|p1
|join|ALLIE X