|join|Stallinho
|join|Feena
|player|p1|Stallinho|149
|player|p2|Feena|170
|gametype|singles
|gen|1
|tier|[Gen 1] OU
|rated
|rule|Sleep Clause Mod: Limit one foe put to sleep
|rule|Freeze Clause Mod: Limit one foe frozen
|rule|Species Clause: Limit one of each Pokémon
|rule|OHKO Clause: OHKO moves are banned
|rule|Evasion Moves Clause: Evasion moves are banned
|rule|HP Percentage Mod: HP is shown in percentages
|
|start
|switch|p1a: Alakazam|Alakazam|313\/313
|switch|p2a: Alakazam|Alakazam|313\/313
|turn|1
|
|switch|p1a: Exeggutor|Exeggutor|393\/393
|move|p2a: Alakazam|Thunder Wave|p1a: Exeggutor
|-status|p1a: Exeggutor|par
|
|turn|2
|
|move|p2a: Alakazam|Seismic Toss|p1a: Exeggutor
|-damage|p1a: Exeggutor|293\/393 par
|move|p1a: Exeggutor|Sleep Powder|p2a: Alakazam
|-status|p2a: Alakazam|slp
|
|turn|3
|
|switch|p2a: Lapras|Lapras|463\/463
|move|p1a: Exeggutor|Stun Spore|p2a: Lapras
|-status|p2a: Lapras|par
|
|turn|4
|
|switch|p1a: Chansey|Chansey|703\/703
|cant|p2a: Lapras|par
|
|turn|5
|
|switch|p2a: Chansey|Chansey|703\/703
|move|p1a: Chansey|Thunderbolt|p2a: Chansey
|-damage|p2a: Chansey|628\/703
|
|turn|6
|
|switch|p1a: Exeggutor|Exeggutor|293\/393 par
|move|p2a: Chansey|Thunder Wave|p1a: Exeggutor
|-fail|p1a: Exeggutor|par
|
|turn|7
|
|move|p2a: Chansey|Ice Beam|p1a: Exeggutor
|-supereffective|p1a: Exeggutor
|-damage|p1a: Exeggutor|156\/393 par
|move|p1a: Exeggutor|Stun Spore|p2a: Chansey|[miss]
|-miss|p1a: Exeggutor
|
|turn|8
|
|switch|p2a: Lapras|Lapras|463\/463 par
|move|p1a: Exeggutor|Explosion|p2a: Lapras
|-damage|p2a: Lapras|159\/463 par
|faint|p1a: Exeggutor
|
|switch|p1a: Tauros|Tauros|353\/353
|turn|9
|
|move|p1a: Tauros|Hyper Beam|p2a: Lapras|[miss]
|-miss|p1a: Tauros
|move|p2a: Lapras|Blizzard|p1a: Tauros
|-damage|p1a: Tauros|188\/353
|
|turn|10
|
|move|p1a: Tauros|Hyper Beam|p2a: Lapras
|-damage|p2a: Lapras|0 fnt
|faint|p2a: Lapras
|
|switch|p2a: Exeggutor|Exeggutor|393\/393
|turn|11
|
|switch|p1a: Alakazam|Alakazam|313\/313
|move|p2a: Exeggutor|Sleep Powder|p1a: Alakazam
|-status|p1a: Alakazam|slp
|
|turn|12
|
|switch|p1a: Chansey|Chansey|703\/703
|move|p2a: Exeggutor|Psychic|p1a: Chansey
|-damage|p1a: Chansey|580\/703
|
|turn|13
|
|switch|p2a: Chansey|Chansey|628\/703
|move|p1a: Chansey|Ice Beam|p2a: Chansey
|-damage|p2a: Chansey|551\/703
|
|turn|14
|
|switch|p1a: Golem|Golem|363\/363
|move|p2a: Chansey|Thunder Wave|p1a: Golem
|-immune|p1a: Golem|[msg]
|
|turn|15
|
|switch|p2a: Exeggutor|Exeggutor|393\/393
|move|p1a: Golem|Earthquake|p2a: Exeggutor
|-resisted|p2a: Exeggutor
|-damage|p2a: Exeggutor|320\/393
|
|turn|16
|
|switch|p1a: Chansey|Chansey|580\/703
|move|p2a: Exeggutor|Mega Drain|p1a: Chansey
|-damage|p1a: Chansey|523\/703
|-heal|p2a: Exeggutor|348\/393|[from] drain|[of] p1a: Chansey
|
|turn|17
|
|switch|p2a: Chansey|Chansey|551\/703
|move|p1a: Chansey|Ice Beam|p2a: Chansey
|-damage|p2a: Chansey|481\/703
|-status|p2a: Chansey|frz
|
|turn|18
|
|switch|p2a: Alakazam|Alakazam|313\/313 slp
|move|p1a: Chansey|Thunder Wave|p2a: Alakazam
|-fail|p2a: Alakazam
|
|turn|19
|
|switch|p2a: Exeggutor|Exeggutor|348\/393
|switch|p1a: Golem|Golem|363\/363
|
|turn|20
|
|switch|p1a: Chansey|Chansey|523\/703
|move|p2a: Exeggutor|Psychic|p1a: Chansey
|-damage|p1a: Chansey|394\/703
|
|turn|21
|
|move|p2a: Exeggutor|Explosion|p1a: Chansey
|-damage|p1a: Chansey|0 fnt
|faint|p1a: Chansey
|faint|p2a: Exeggutor
|
|switch|p2a: Snorlax|Snorlax|523\/523
|switch|p1a: Snorlax|Snorlax|523\/523
|turn|22
|
|move|p2a: Snorlax|Amnesia|p2a: Snorlax
|-boost|p2a: Snorlax|spd|2
|-boost|p2a: Snorlax|spa|2
|move|p1a: Snorlax|Body Slam|p2a: Snorlax
|-damage|p2a: Snorlax|375\/523
|
|turn|23
|
|move|p1a: Snorlax|Self-Destruct|p2a: Snorlax
|-damage|p2a: Snorlax|0 fnt
|faint|p2a: Snorlax
|faint|p1a: Snorlax
|
|switch|p2a: Tauros|Tauros|353\/353
|switch|p1a: Golem|Golem|363\/363
|turn|24
|
|switch|p2a: Chansey|Chansey|481\/703 frz
|move|p1a: Golem|Earthquake|p2a: Chansey
|-damage|p2a: Chansey|123\/703 frz
|
|turn|25
|
|cant|p2a: Chansey|frz
|move|p1a: Golem|Earthquake|p2a: Chansey
|-damage|p2a: Chansey|0 fnt
|faint|p2a: Chansey
|
|switch|p2a: Tauros|Tauros|353\/353
|turn|26
|
|switch|p1a: Alakazam|Alakazam|313\/313 slp
|move|p2a: Tauros|Blizzard|p1a: Alakazam
|-crit|p1a: Alakazam
|-damage|p1a: Alakazam|198\/313 slp
|
|turn|27
|
|cant|p1a: Alakazam|slp
|move|p2a: Tauros|Earthquake|p1a: Alakazam
|-damage|p1a: Alakazam|72\/313 slp
|
|turn|28
|
|cant|p1a: Alakazam|slp
|move|p2a: Tauros|Blizzard|p1a: Alakazam
|-damage|p1a: Alakazam|11\/313 slp
|
|turn|29
|c|★Feena|asd
|
|cant|p1a: Alakazam|slp
|move|p2a: Tauros|Earthquake|p1a: Alakazam
|-crit|p1a: Alakazam
|-damage|p1a: Alakazam|0 fnt
|faint|p1a: Alakazam
|
|switch|p1a: Golem|Golem|363\/363
|turn|30
|
|move|p2a: Tauros|Blizzard|p1a: Golem
|-crit|p1a: Golem
|-supereffective|p1a: Golem
|-damage|p1a: Golem|0 fnt
|faint|p1a: Golem
|
|switch|p1a: Tauros|Tauros|188\/353
|turn|31
|
|move|p2a: Tauros|Body Slam|p1a: Tauros
|-damage|p1a: Tauros|81\/353
|move|p1a: Tauros|Hyper Beam|p2a: Tauros
|-damage|p2a: Tauros|163\/353
|
|turn|32
|-mustrecharge|p1a: Tauros
|c|★Feena|gg
|-mustrecharge|p1a: Tauros
|
|cant|p1a: Tauros|recharge
|move|p2a: Tauros|Body Slam|p1a: Tauros
|-damage|p1a: Tauros|0 fnt
|faint|p1a: Tauros
|
|win|Feena
|raw|Ladder updating...
|c|★Stallinho|gg
|raw|Stallinho's rating: 1300 &rarr; <strong>1285<\/strong><br \/>(-15 for losing)
|raw|Feena's rating: 1449 &rarr; <strong>1461<\/strong><br \/>(+12 for winning)
|leave|Stallinho
|player|p1