|join|arafalo2
|join|theoneandonly2
|player|p1|arafalo2|1
|player|p2|theoneandonly2|120
|gametype|singles
|gen|1
|tier|[Gen 1] Random Battle
|rated
|rule|Sleep Clause Mod: Limit one foe put to sleep
|rule|Freeze Clause Mod: Limit one foe frozen
|rule|HP Percentage Mod: HP is shown in percentages
|
|start
|switch|p1a: Mr. Mime|Mr. Mime, L85|242\/242
|switch|p2a: Venonat|Venonat, L96|310\/310
|turn|1
|
|switch|p2a: Machoke|Machoke, L85|310\/310
|move|p1a: Mr. Mime|Psychic|p2a: Machoke
|-crit|p2a: Machoke
|-supereffective|p2a: Machoke
|-damage|p2a: Machoke|0 fnt
|faint|p2a: Machoke
|
|switch|p2a: Zapdos|Zapdos, L79|304\/304
|turn|2
|
|switch|p1a: Electrode|Electrode, L90|291\/291
|move|p2a: Zapdos|Thunderbolt|p1a: Electrode
|-resisted|p1a: Electrode
|-damage|p1a: Electrode|243\/291
|
|turn|3
|
|move|p1a: Electrode|Thunder|p2a: Zapdos
|-damage|p2a: Zapdos|203\/304
|move|p2a: Zapdos|Drill Peck|p1a: Electrode
|-resisted|p1a: Electrode
|-damage|p1a: Electrode|202\/291
|
|turn|4
|
|switch|p2a: Magmar|Magmar, L90|300\/300
|move|p1a: Electrode|Screech|p2a: Magmar|[miss]
|-miss|p1a: Electrode
|
|turn|5
|
|move|p1a: Electrode|Thunder|p2a: Magmar
|-damage|p2a: Magmar|182\/300
|-status|p2a: Magmar|par
|move|p2a: Magmar|Fire Blast|p1a: Electrode
|-crit|p1a: Electrode
|-damage|p1a: Electrode|0 fnt
|faint|p1a: Electrode
|
|switch|p1a: Dewgong|Dewgong, L85|327\/327
|turn|6
|
|move|p1a: Dewgong|Surf|p2a: Magmar
|-supereffective|p2a: Magmar
|-damage|p2a: Magmar|0 fnt
|faint|p2a: Magmar
|
|switch|p2a: Zapdos|Zapdos, L79|203\/304
|turn|7
|
|switch|p1a: Zubat|Zubat, L96|272\/272
|move|p2a: Zapdos|Thunder Wave|p1a: Zubat
|-status|p1a: Zubat|par
|
|turn|8
|
|move|p2a: Zapdos|Thunderbolt|p1a: Zubat
|-supereffective|p1a: Zubat
|-damage|p1a: Zubat|0 fnt
|faint|p1a: Zubat
|
|switch|p1a: Mr. Mime|Mr. Mime, L85|242\/242
|turn|9
|
|move|p1a: Mr. Mime|Psychic|p2a: Zapdos
|-damage|p2a: Zapdos|123\/304
|move|p2a: Zapdos|Agility|p2a: Zapdos
|-boost|p2a: Zapdos|spe|2
|
|turn|10
|
|move|p2a: Zapdos|Thunder Wave|p1a: Mr. Mime
|-status|p1a: Mr. Mime|par
|cant|p1a: Mr. Mime|par
|
|turn|11
|
|move|p2a: Zapdos|Drill Peck|p1a: Mr. Mime
|-damage|p1a: Mr. Mime|164\/242 par
|move|p1a: Mr. Mime|Psychic|p2a: Zapdos
|-damage|p2a: Zapdos|35\/304
|-unboost|p2a: Zapdos|spd|1
|-unboost|p2a: Zapdos|spa|1
|
|turn|12
|
|move|p2a: Zapdos|Drill Peck|p1a: Mr. Mime
|-crit|p1a: Mr. Mime
|-damage|p1a: Mr. Mime|3\/242 par
|move|p1a: Mr. Mime|Psychic|p2a: Zapdos
|-damage|p2a: Zapdos|0 fnt
|faint|p2a: Zapdos
|
|switch|p2a: Farfetch'd|Farfetch'd, L99|304\/304
|turn|13
|
|move|p2a: Farfetch'd|Slash|p1a: Mr. Mime
|-crit|p1a: Mr. Mime
|-damage|p1a: Mr. Mime|0 fnt
|faint|p1a: Mr. Mime
|
|switch|p1a: Parasect|Parasect, L90|291\/291
|turn|14
|
|move|p2a: Farfetch'd|Swords Dance|p2a: Farfetch'd
|-boost|p2a: Farfetch'd|atk|2
|move|p1a: Parasect|Spore|p2a: Farfetch'd
|-status|p2a: Farfetch'd|slp
|
|turn|15
|
|cant|p2a: Farfetch'd|slp
|move|p1a: Parasect|Swords Dance|p1a: Parasect
|-boost|p1a: Parasect|atk|2
|
|turn|16
|
|cant|p2a: Farfetch'd|slp
|move|p1a: Parasect|Body Slam|p2a: Farfetch'd
|-damage|p2a: Farfetch'd|141\/304 slp
|
|turn|17
|
|cant|p2a: Farfetch'd|slp
|move|p1a: Parasect|Body Slam|p2a: Farfetch'd
|-damage|p2a: Farfetch'd|0 fnt
|faint|p2a: Farfetch'd
|
|switch|p2a: Seadra|Seadra, L90|282\/282
|turn|18
|
|move|p2a: Seadra|Blizzard|p1a: Parasect
|-supereffective|p1a: Parasect
|-damage|p1a: Parasect|105\/291
|move|p1a: Parasect|Spore|p2a: Seadra
|-status|p2a: Seadra|slp
|
|turn|19
|
|-curestatus|p2a: Seadra|slp
|move|p1a: Parasect|Swords Dance|p1a: Parasect
|-boost|p1a: Parasect|atk|2
|
|turn|20
|
|move|p2a: Seadra|Blizzard|p1a: Parasect
|-supereffective|p1a: Parasect
|-damage|p1a: Parasect|0 fnt
|faint|p1a: Parasect
|
|switch|p1a: Dewgong|Dewgong, L85|327\/327
|turn|21
|
|move|p2a: Seadra|Smokescreen|p1a: Dewgong
|-unboost|p1a: Dewgong|accuracy|1
|move|p1a: Dewgong|Body Slam|p2a: Seadra|[miss]
|-miss|p1a: Dewgong
|
|turn|22
|
|move|p2a: Seadra|Smokescreen|p1a: Dewgong
|-unboost|p1a: Dewgong|accuracy|1
|move|p1a: Dewgong|Body Slam|p2a: Seadra|[miss]
|-miss|p1a: Dewgong
|
|turn|23
|
|switch|p1a: Snorlax|Snorlax, L79|415\/415
|move|p2a: Seadra|Smokescreen|p1a: Snorlax
|-unboost|p1a: Snorlax|accuracy|1
|
|turn|24
|
|move|p2a: Seadra|Hydro Pump|p1a: Snorlax|[miss]
|-miss|p2a: Seadra
|move|p1a: Snorlax|Thunderbolt|p2a: Seadra
|-supereffective|p2a: Seadra
|-damage|p2a: Seadra|194\/282
|
|turn|25
|
|switch|p1a: Dewgong|Dewgong, L85|327\/327
|move|p2a: Seadra|Blizzard|p1a: Dewgong
|-resisted|p1a: Dewgong
|-damage|p1a: Dewgong|304\/327
|
|turn|26
|
|move|p2a: Seadra|Mimic|p1a: Dewgong
|-start|p2a: Seadra|Mimic|Surf
|move|p1a: Dewgong|Body Slam|p2a: Seadra
|-crit|p2a: Seadra
|-damage|p2a: Seadra|100\/282
|
|turn|27
|
|move|p2a: Seadra|Hydro Pump|p1a: Dewgong
|-crit|p1a: Dewgong
|-resisted|p1a: Dewgong
|-damage|p1a: Dewgong|166\/327
|move|p1a: Dewgong|Body Slam|p2a: Seadra
|-damage|p2a: Seadra|54\/282
|-status|p2a: Seadra|par
|
|turn|28
|
|move|p1a: Dewgong|Body Slam|p2a: Seadra
|-damage|p2a: Seadra|11\/282 par
|move|p2a: Seadra|Hydro Pump|p1a: Dewgong
|-resisted|p1a: Dewgong
|-damage|p1a: Dewgong|101\/327
|
|turn|29
|
|move|p1a: Dewgong|Body Slam|p2a: Seadra
|-damage|p2a: Seadra|0 fnt
|faint|p2a: Seadra
|
|switch|p2a: Venonat|Venonat, L96|310\/310
|turn|30
|
|move|p1a: Dewgong|Blizzard|p2a: Venonat
|-damage|p2a: Venonat|145\/310
|move|p2a: Venonat|Sleep Powder|p1a: Dewgong|[miss]
|-miss|p2a: Venonat
|
|turn|31
|
|move|p1a: Dewgong|Blizzard|p2a: Venonat
|-damage|p2a: Venonat|0 fnt
|faint|p2a: Venonat
|
|win|arafalo2
|raw|arafalo2's rating: 1225 &rarr; <strong>1236<\/strong><br \/>(+11 for winning)
|raw|theoneandonly2's rating: 1000 &rarr; <strong>1000<\/strong><br \/>(+0 for losing)
|leave|theoneandonly2
|player|p2