|join|aksldjfsdlkj
|join|kcroxsox
|player|p1|aksldjfsdlkj|101
|player|p2|kcroxsox|102
|gametype|singles
|gen|1
|tier|[Gen 1] Random Battle
|rated
|rule|Sleep Clause Mod: Limit one foe put to sleep
|rule|Freeze Clause Mod: Limit one foe frozen
|rule|HP Percentage Mod: HP is shown in percentages
|
|start
|switch|p1a: Scyther|Scyther, L90|309\/309
|switch|p2a: Wigglytuff|Wigglytuff, L90|435\/435
|turn|1
|
|move|p1a: Scyther|Slash|p2a: Wigglytuff
|-crit|p2a: Wigglytuff
|-damage|p2a: Wigglytuff|273\/435
|move|p2a: Wigglytuff|Blizzard|p1a: Scyther
|-supereffective|p1a: Scyther
|-damage|p1a: Scyther|154\/309
|
|turn|2
|
|move|p1a: Scyther|Hyper Beam|p2a: Wigglytuff
|-crit|p2a: Wigglytuff
|-damage|p2a: Wigglytuff|0 fnt
|faint|p2a: Wigglytuff
|
|switch|p2a: Pidgeot|Pidgeot, L90|333\/333
|turn|3
|
|move|p1a: Scyther|Hyper Beam|p2a: Pidgeot
|-damage|p2a: Pidgeot|200\/333
|move|p2a: Pidgeot|Mirror Move|p2a: Pidgeot
|move|p2a: Pidgeot|Hyper Beam|p1a: Scyther|[from]Mirror Move
|-damage|p1a: Scyther|0 fnt
|faint|p1a: Scyther
|
|switch|p1a: Raichu|Raichu, L85|276\/276
|turn|4
|-mustrecharge|p2a: Pidgeot
|-mustrecharge|p2a: Pidgeot
|
|move|p1a: Raichu|Thunder|p2a: Pidgeot
|-supereffective|p2a: Pidgeot
|-damage|p2a: Pidgeot|0 fnt
|faint|p2a: Pidgeot
|
|switch|p2a: Dugtrio|Dugtrio, L85|233\/233
|turn|5
|
|switch|p1a: Moltres|Moltres, L85|327\/327
|move|p2a: Dugtrio|Substitute|p2a: Dugtrio
|-start|p2a: Dugtrio|Substitute
|-damage|p2a: Dugtrio|175\/233
|
|turn|6
|
|move|p2a: Dugtrio|Sand Attack|p1a: Moltres
|-unboost|p1a: Moltres|accuracy|1
|move|p1a: Moltres|Fire Blast|p2a: Dugtrio
|-end|p2a: Dugtrio|Substitute
|
|turn|7
|
|move|p2a: Dugtrio|Sand Attack|p1a: Moltres
|-unboost|p1a: Moltres|accuracy|1
|move|p1a: Moltres|Fire Blast|p2a: Dugtrio|[miss]
|-miss|p1a: Moltres
|
|turn|8
|
|switch|p2a: Vaporeon|Vaporeon, L85|395\/395
|move|p1a: Moltres|Hyper Beam|p2a: Vaporeon
|-damage|p2a: Vaporeon|266\/395
|
|turn|9
|-mustrecharge|p1a: Moltres
|-mustrecharge|p1a: Moltres
|
|cant|p1a: Moltres|recharge
|move|p2a: Vaporeon|Surf|p1a: Moltres
|-supereffective|p1a: Moltres
|-damage|p1a: Moltres|159\/327
|
|turn|10
|
|switch|p1a: Ivysaur|Ivysaur, L85|276\/276
|move|p2a: Vaporeon|Surf|p1a: Ivysaur
|-resisted|p1a: Ivysaur
|-damage|p1a: Ivysaur|218\/276
|
|turn|11
|
|switch|p2a: Charmeleon|Charmeleon, L85|272\/272
|move|p1a: Ivysaur|Sleep Powder|p2a: Charmeleon|[miss]
|-miss|p1a: Ivysaur
|
|turn|12
|
|switch|p1a: Ninetales|Ninetales, L85|298\/298
|move|p2a: Charmeleon|Body Slam|p1a: Ninetales
|-damage|p1a: Ninetales|243\/298
|
|turn|13
|
|move|p1a: Ninetales|Confuse Ray|p2a: Charmeleon
|-start|p2a: Charmeleon|confusion
|-activate|p2a: Charmeleon|confusion
|move|p2a: Charmeleon|Body Slam|p1a: Ninetales
|-damage|p1a: Ninetales|187\/298
|
|turn|14
|
|move|p1a: Ninetales|Reflect|p1a: Ninetales
|-start|p1a: Ninetales|Reflect
|-activate|p2a: Charmeleon|confusion
|-damage|p2a: Charmeleon|240\/272|[from] confusion
|
|turn|15
|
|move|p1a: Ninetales|Fire Blast|p2a: Charmeleon
|-crit|p2a: Charmeleon
|-resisted|p2a: Charmeleon
|-damage|p2a: Charmeleon|83\/272
|-end|p2a: Charmeleon|confusion
|move|p2a: Charmeleon|Seismic Toss|p1a: Ninetales
|-damage|p1a: Ninetales|102\/298
|
|turn|16
|
|move|p1a: Ninetales|Hyper Beam|p2a: Charmeleon
|-damage|p2a: Charmeleon|0 fnt
|faint|p2a: Charmeleon
|
|switch|p2a: Vaporeon|Vaporeon, L85|266\/395
|turn|17
|
|move|p1a: Ninetales|Confuse Ray|p2a: Vaporeon
|-start|p2a: Vaporeon|confusion
|-activate|p2a: Vaporeon|confusion
|move|p2a: Vaporeon|Surf|p1a: Ninetales
|-crit|p1a: Ninetales
|-supereffective|p1a: Ninetales
|-damage|p1a: Ninetales|0 fnt
|faint|p1a: Ninetales
|
|switch|p1a: Ivysaur|Ivysaur, L85|218\/276
|turn|18
|
|-activate|p2a: Vaporeon|confusion
|move|p2a: Vaporeon|Body Slam|p1a: Ivysaur
|-damage|p1a: Ivysaur|159\/276
|move|p1a: Ivysaur|Sleep Powder|p2a: Vaporeon
|-status|p2a: Vaporeon|slp
|
|turn|19
|
|switch|p2a: Kadabra|Kadabra, L85|242\/242
|move|p1a: Ivysaur|Swords Dance|p1a: Ivysaur
|-boost|p1a: Ivysaur|atk|2
|
|turn|20
|
|move|p2a: Kadabra|Psychic|p1a: Ivysaur
|-supereffective|p1a: Ivysaur
|-damage|p1a: Ivysaur|0 fnt
|faint|p1a: Ivysaur
|
|switch|p1a: Muk|Muk, L90|372\/372
|turn|21
|
|move|p2a: Kadabra|Psychic|p1a: Muk
|-crit|p1a: Muk
|-supereffective|p1a: Muk
|-damage|p1a: Muk|0 fnt
|faint|p1a: Muk
|
|switch|p1a: Moltres|Moltres, L85|159\/327
|turn|22
|
|move|p2a: Kadabra|Thunder Wave|p1a: Moltres
|-status|p1a: Moltres|par
|move|p1a: Moltres|Hyper Beam|p2a: Kadabra
|-crit|p2a: Kadabra
|-damage|p2a: Kadabra|0 fnt
|faint|p2a: Kadabra
|
|switch|p2a: Vaporeon|Vaporeon, L85|266\/395 slp
|turn|23
|
|switch|p1a: Raichu|Raichu, L85|276\/276
|cant|p2a: Vaporeon|slp
|
|turn|24
|
|switch|p2a: Dugtrio|Dugtrio, L85|175\/233
|move|p1a: Raichu|Surf|p2a: Dugtrio
|-supereffective|p2a: Dugtrio
|-damage|p2a: Dugtrio|33\/233
|
|turn|25
|
|switch|p1a: Moltres|Moltres, L85|159\/327 par
|move|p2a: Dugtrio|Earthquake|p1a: Moltres
|-immune|p1a: Moltres|[msg]
|
|turn|26
|
|move|p2a: Dugtrio|Sand Attack|p1a: Moltres
|-unboost|p1a: Moltres|accuracy|1
|move|p1a: Moltres|Fire Blast|p2a: Dugtrio
|-damage|p2a: Dugtrio|0 fnt
|faint|p2a: Dugtrio
|
|switch|p2a: Vaporeon|Vaporeon, L85|266\/395 slp
|turn|27
|
|switch|p1a: Raichu|Raichu, L85|276\/276
|cant|p2a: Vaporeon|slp
|
|turn|28
|c|★aksldjfsdlkj|go fuck yourself
|
|move|p1a: Raichu|Thunder|p2a: Vaporeon
|-supereffective|p2a: Vaporeon
|-damage|p2a: Vaporeon|61\/395 slp
|cant|p2a: Vaporeon|slp
|
|turn|29
|c|★kcroxsox|Wow what's your problem
|
|move|p1a: Raichu|Surf|p2a: Vaporeon
|-crit|p2a: Vaporeon
|-resisted|p2a: Vaporeon
|-damage|p2a: Vaporeon|6\/395 slp
|cant|p2a: Vaporeon|slp
|
|turn|30
|
|move|p1a: Raichu|Thunder|p2a: Vaporeon
|-crit|p2a: Vaporeon
|-supereffective|p2a: Vaporeon
|-damage|p2a: Vaporeon|0 fnt
|faint|p2a: Vaporeon
|
|win|aksldjfsdlkj
|raw|Ladder updating...
|raw|aksldjfsdlkj's rating: 1169 &rarr; <strong>1199<\/strong><br \/>(+30 for winning)
|raw|kcroxsox's rating: 1229 &rarr; <strong>1200<\/strong><br \/>(-29 for losing)
|leave|kcroxsox
|player|p2