|join|kid gf lol
|join|Selise Totemsbane
|player|p1|kid gf lol|167
|player|p2|Selise Totemsbane|148
|gametype|singles
|gen|1
|tier|[Gen 1] OU (beta)
|rated
|rule|Sleep Clause Mod: Limit one foe put to sleep
|rule|Species Clause: Limit one of each Pokemon
|rule|OHKO Clause: OHKO moves are banned
|rule|Moody Clause: Moody is banned
|rule|Evasion Moves Clause: Evasion moves are banned
|rule|Endless Battle Clause: Forcing endless battles is banned.
|rule|HP Percentage Mod: HP is reported as percentages
|
|start
|switch|p1a: Patrick|Starmie|323\/323
|switch|p2a: Jynx|Jynx|333\/333
|turn|1
|
|move|p1a: Patrick|Thunder Wave|p2a: Jynx
|-status|p2a: Jynx|par
|move|p2a: Jynx|Lovely Kiss|p1a: Patrick|[miss]
|-miss|p2a: Jynx
|
|turn|2
|
|move|p1a: Patrick|Thunderbolt|p2a: Jynx
|-damage|p2a: Jynx|251\/333 par
|move|p2a: Jynx|Lovely Kiss|p1a: Patrick
|-status|p1a: Patrick|slp
|
|turn|3
|
|switch|p1a: Zam Lead|Alakazam|313\/313
|cant|p2a: Jynx|par
|
|turn|4
|
|move|p1a: Zam Lead|Psychic|p2a: Jynx
|-resisted|p2a: Jynx
|-damage|p2a: Jynx|186\/333 par
|-unboost|p2a: Jynx|spd|1
|-unboost|p2a: Jynx|spa|1
|move|p2a: Jynx|Seismic Toss|p1a: Zam Lead
|-damage|p1a: Zam Lead|213\/313
|
|turn|5
|
|move|p1a: Zam Lead|Psychic|p2a: Jynx
|-crit|p2a: Jynx
|-resisted|p2a: Jynx
|-damage|p2a: Jynx|59\/333 par
|move|p2a: Jynx|Seismic Toss|p1a: Zam Lead
|-damage|p1a: Zam Lead|113\/313
|
|turn|6
|
|move|p1a: Zam Lead|Recover|p1a: Zam Lead
|-heal|p1a: Zam Lead|269\/313
|move|p2a: Jynx|Seismic Toss|p1a: Zam Lead
|-damage|p1a: Zam Lead|169\/313
|
|turn|7
|
|move|p1a: Zam Lead|Recover|p1a: Zam Lead
|-heal|p1a: Zam Lead|313\/313
|move|p2a: Jynx|Seismic Toss|p1a: Zam Lead
|-damage|p1a: Zam Lead|213\/313
|
|turn|8
|
|move|p1a: Zam Lead|Psychic|p2a: Jynx
|-resisted|p2a: Jynx
|-damage|p2a: Jynx|0 fnt
|faint|p2a: Jynx
|
|
|switch|p2a: Chansey|Chansey|703\/703
|turn|9
|
|switch|p1a: Patrick|Starmie|323\/323 slp
|move|p2a: Chansey|Thunder Wave|p1a: Patrick
|-fail|p1a: Patrick
|
|turn|10
|
|switch|p1a: Wall Gal|Chansey|703\/703
|switch|p2a: Snorlax|Snorlax|523\/523
|
|turn|11
|
|switch|p1a: Multi Purpose Guy|Exeggutor|393\/393
|move|p2a: Snorlax|Body Slam|p1a: Multi Purpose Guy
|-damage|p1a: Multi Purpose Guy|266\/393
|-status|p1a: Multi Purpose Guy|par
|
|turn|12
|
|move|p2a: Snorlax|Body Slam|p1a: Multi Purpose Guy
|-damage|p1a: Multi Purpose Guy|156\/393 par
|move|p1a: Multi Purpose Guy|Sleep Powder|p2a: Snorlax
|-status|p2a: Snorlax|slp
|
|turn|13
|
|switch|p2a: Chansey|Chansey|703\/703
|switch|p1a: Strong Guy|Tauros|353\/353
|
|turn|14
|
|switch|p1a: Wall Gal|Chansey|703\/703
|move|p2a: Chansey|Thunder Wave|p1a: Wall Gal
|-status|p1a: Wall Gal|par
|
|turn|15
|
|switch|p2a: Snorlax|Snorlax|523\/523 slp
|move|p1a: Wall Gal|Ice Beam|p2a: Snorlax
|-crit|p2a: Snorlax
|-damage|p2a: Snorlax|310\/523 slp
|
|turn|16
|
|switch|p1a: Strong Guy|Tauros|353\/353
|cant|p2a: Snorlax|slp
|
|turn|17
|
|switch|p2a: Exeggutor|Exeggutor|393\/393
|move|p1a: Strong Guy|Body Slam|p2a: Exeggutor
|-crit|p2a: Exeggutor
|-damage|p2a: Exeggutor|165\/393
|
|turn|18
|
|switch|p2a: Chansey|Chansey|703\/703
|move|p1a: Strong Guy|Hyper Beam|p2a: Chansey
|-damage|p2a: Chansey|248\/703
|
|turn|19
|
|cant|p1a: Strong Guy|recharge
|move|p2a: Chansey|Thunder Wave|p1a: Strong Guy
|-status|p1a: Strong Guy|par
|
|turn|20
|
|move|p2a: Chansey|Soft-Boiled|p2a: Chansey
|-heal|p2a: Chansey|599\/703
|move|p1a: Strong Guy|Body Slam|p2a: Chansey
|-damage|p2a: Chansey|346\/703
|-status|p2a: Chansey|par
|
|turn|21
|
|switch|p2a: Alakazam|Alakazam|313\/313
|cant|p1a: Strong Guy|par
|
|turn|22
|
|switch|p1a: Wall Gal|Chansey|703\/703 par
|move|p2a: Alakazam|Reflect|p2a: Alakazam
|
|turn|23
|
|move|p2a: Alakazam|Psychic|p1a: Wall Gal
|-damage|p1a: Wall Gal|577\/703 par
|move|p1a: Wall Gal|Thunder Wave|p2a: Alakazam
|-status|p2a: Alakazam|par
|
|turn|24
|
|switch|p2a: Exeggutor|Exeggutor|165\/393
|move|p1a: Wall Gal|Ice Beam|p2a: Exeggutor
|-supereffective|p2a: Exeggutor
|-damage|p2a: Exeggutor|33\/393
|
|turn|25
|
|switch|p1a: TNT|Golem|363\/363
|move|p2a: Exeggutor|Explosion|p1a: TNT
|-resisted|p1a: TNT
|-damage|p1a: TNT|260\/363
|faint|p2a: Exeggutor
|
|switch|p2a: Alakazam|Alakazam|313\/313 par
|turn|26
|
|move|p1a: TNT|Explosion|p2a: Alakazam
|-crit|p2a: Alakazam
|-damage|p2a: Alakazam|0 fnt
|faint|p2a: Alakazam
|faint|p1a: TNT
|
|switch|p1a: Strong Guy|Tauros|353\/353 par
|switch|p2a: Chansey|Chansey|346\/703 par
|turn|27
|
|move|p1a: Strong Guy|Hyper Beam|p2a: Chansey
|-damage|p2a: Chansey|0 fnt
|faint|p2a: Chansey
|
|
|switch|p2a: Tauros|Tauros|353\/353
|turn|28
|
|move|p2a: Tauros|Body Slam|p1a: Strong Guy
|-damage|p1a: Strong Guy|253\/353 par
|cant|p1a: Strong Guy|par
|
|turn|29
|
|move|p2a: Tauros|Body Slam|p1a: Strong Guy
|-damage|p1a: Strong Guy|153\/353 par
|cant|p1a: Strong Guy|par
|
|turn|30
|
|switch|p1a: Wall Gal|Chansey|577\/703 par
|move|p2a: Tauros|Hyper Beam|p1a: Wall Gal
|-damage|p1a: Wall Gal|86\/703 par
|
|turn|31
|
|cant|p2a: Tauros|recharge
|cant|p1a: Wall Gal|par
|
|turn|32
|chat|kid gf lol|ffs
|
|switch|p1a: Patrick|Starmie|323\/323 slp
|move|p2a: Tauros|Body Slam|p1a: Patrick
|-damage|p1a: Patrick|218\/323 slp
|
|turn|33
|
|cant|p1a: Patrick|slp
|move|p2a: Tauros|Body Slam|p1a: Patrick
|-damage|p1a: Patrick|101\/323 slp
|
|turn|34
|
|cant|p1a: Patrick|slp
|move|p2a: Tauros|Body Slam|p1a: Patrick
|-damage|p1a: Patrick|0 fnt
|faint|p1a: Patrick
|
|
|switch|p1a: Zam Lead|Alakazam|213\/313
|turn|35
|
|move|p1a: Zam Lead|Thunder Wave|p2a: Tauros
|-status|p2a: Tauros|par
|move|p2a: Tauros|Hyper Beam|p1a: Zam Lead
|-damage|p1a: Zam Lead|0 fnt
|faint|p1a: Zam Lead
|
|
|switch|p1a: Strong Guy|Tauros|153\/353 par
|turn|36
|
|move|p2a: Tauros|Hyper Beam|p1a: Strong Guy
|-damage|p1a: Strong Guy|0 fnt
|faint|p1a: Strong Guy
|
|
|switch|p1a: Multi Purpose Guy|Exeggutor|156\/393 par
|turn|37
|
|move|p2a: Tauros|Hyper Beam|p1a: Multi Purpose Guy
|-damage|p1a: Multi Purpose Guy|0 fnt
|faint|p1a: Multi Purpose Guy
|
|chat|kid gf lol|oh my god really, luck much?
|
|switch|p1a: Wall Gal|Chansey|86\/703 par
|turn|38
|chat|Selise Totemsbane|RNG loves me today.
|
|cant|p2a: Tauros|par
|move|p1a: Wall Gal|Soft-Boiled|p1a: Wall Gal
|-heal|p1a: Wall Gal|437\/703 par
|
|turn|39
|
|move|p2a: Tauros|Hyper Beam|p1a: Wall Gal
|-crit|p1a: Wall Gal
|-damage|p1a: Wall Gal|0 fnt
|faint|p1a: Wall Gal
|
|win|Selise Totemsbane
|raw|Ladder updating...
|raw|kid gf lol's rating: 1394 &rarr; <strong>1353<\/strong><br \/>(-41 for losing)
|raw|Selise Totemsbane's rating: 1126 &rarr; <strong>1167<\/strong><br \/>(+41 for winning)
|chat|Selise Totemsbane|gg
|chat|kid gf lol|gg
|leave|kid gf lol
|player|p1