|j|B1ackJack94
|j|Green Vessel
|player|p1|B1ackJack94|204
|player|p2|Green Vessel|198
|gametype|singles
|gen|1
|tier|[Gen 1] Random Battle
|rated
|seed|62468,3739,49079,59663
|rule|Sleep Clause Mod: Limit one foe put to sleep
|rule|Freeze Clause Mod: Limit one foe frozen
|rule|HP Percentage Mod: HP is shown in percentages
|
|start
|switch|p1a: Gastly|Gastly, L96|252\/252
|switch|p2a: Machop|Machop, L96|329\/329
|turn|1
|choice|move 4|move 2
|
|move|p1a: Gastly|Psychic|p2a: Machop
|-crit|p2a: Machop
|-supereffective|p2a: Machop
|-damage|p2a: Machop|0 fnt
|faint|p2a: Machop
|choice||switch 2
|
|switch|p2a: Kangaskhan|Kangaskhan, L85|352\/352
|turn|2
|choice|switch 3|move 1
|
|switch|p1a: Scyther|Scyther, L90|309\/309
|move|p2a: Kangaskhan|Earthquake|p1a: Scyther
|-immune|p1a: Scyther|[msg]
|
|turn|3
|choice|move 3|move 2
|
|move|p1a: Scyther|Swords Dance|p1a: Scyther
|-boost|p1a: Scyther|atk|2
|move|p2a: Kangaskhan|Body Slam|p1a: Scyther
|-damage|p1a: Scyther|217\/309
|
|turn|4
|choice|move 4|move 2
|
|move|p1a: Scyther|Slash|p2a: Kangaskhan
|-crit|p2a: Kangaskhan
|-damage|p2a: Kangaskhan|219\/352
|move|p2a: Kangaskhan|Body Slam|p1a: Scyther
|-crit|p1a: Scyther
|-damage|p1a: Scyther|36\/309
|
|turn|5
|choice|move 1|move 2
|
|move|p1a: Scyther|Hyper Beam|p2a: Kangaskhan
|-damage|p2a: Kangaskhan|0 fnt
|faint|p2a: Kangaskhan
|choice||switch 5
|
|switch|p2a: Marowak|Marowak, L90|291\/291
|turn|6
|choice|switch 3|move 1
|
|switch|p1a: Gastly|Gastly, L96|252\/252
|move|p2a: Marowak|Blizzard|p1a: Gastly
|-damage|p1a: Gastly|199\/252
|
|turn|7
|choice|move 1|move 1
|
|move|p1a: Gastly|Hypnosis|p2a: Marowak
|-status|p2a: Marowak|slp
|cant|p2a: Marowak|slp
|
|turn|8
|choice|move 3|switch 6
|
|switch|p2a: Electabuzz|Electabuzz, L85|284\/284
|move|p1a: Gastly|Mega Drain|p2a: Electabuzz
|-crit|p2a: Electabuzz
|-damage|p2a: Electabuzz|208\/284
|-heal|p1a: Gastly|237\/252|[from] drain|[of] p2a: Electabuzz
|
|turn|9
|choice|move 4|move 4
|
|move|p2a: Electabuzz|Psychic|p1a: Gastly
|-supereffective|p1a: Gastly
|-damage|p1a: Gastly|132\/252
|move|p1a: Gastly|Psychic|p2a: Electabuzz
|-damage|p2a: Electabuzz|122\/284
|
|turn|10
|choice|move 3|move 4
|
|move|p2a: Electabuzz|Psychic|p1a: Gastly
|-supereffective|p1a: Gastly
|-damage|p1a: Gastly|38\/252
|move|p1a: Gastly|Mega Drain|p2a: Electabuzz
|-damage|p2a: Electabuzz|88\/284
|-heal|p1a: Gastly|55\/252|[from] drain|[of] p2a: Electabuzz
|
|turn|11
|choice|switch 4|move 4
|
|switch|p1a: Hypno|Hypno, L85|318\/318
|move|p2a: Electabuzz|Psychic|p1a: Hypno
|-resisted|p1a: Hypno
|-damage|p1a: Hypno|291\/318
|-unboost|p1a: Hypno|spd|1
|-unboost|p1a: Hypno|spa|1
|
|turn|12
|choice|move 2|move 3
|
|move|p2a: Electabuzz|Thunder Wave|p1a: Hypno
|-status|p1a: Hypno|par
|move|p1a: Hypno|Counter|p2a: Electabuzz
|-fail|p1a: Hypno
|
|turn|13
|choice|move 1|move 1
|
|move|p2a: Electabuzz|Thunderbolt|p1a: Hypno
|-damage|p1a: Hypno|169\/318 par
|move|p1a: Hypno|Psychic|p2a: Electabuzz
|-damage|p2a: Electabuzz|19\/284
|-unboost|p2a: Electabuzz|spd|1
|-unboost|p2a: Electabuzz|spa|1
|
|turn|14
|choice|switch 2|move 1
|
|switch|p1a: Diglett|Diglett, L96|214\/214
|move|p2a: Electabuzz|Thunderbolt|p1a: Diglett
|-immune|p1a: Diglett|[msg]
|
|turn|15
|choice|move 3|move 4
|
|move|p1a: Diglett|Slash|p2a: Electabuzz
|-crit|p2a: Electabuzz
|-damage|p2a: Electabuzz|0 fnt
|faint|p2a: Electabuzz
|choice||switch 3
|
|switch|p2a: Weepinbell|Weepinbell, L85|284\/284
|turn|16
|choice|move 2|move 1
|
|move|p1a: Diglett|Substitute|p1a: Diglett
|-start|p1a: Diglett|Substitute
|-damage|p1a: Diglett|161\/214
|move|p2a: Weepinbell|Razor Leaf|p1a: Diglett
|-crit|p1a: Diglett
|-supereffective|p1a: Diglett
|-end|p1a: Diglett|Substitute
|
|turn|17
|choice|switch 4|move 1
|
|switch|p1a: Gastly|Gastly, L96|55\/252
|move|p2a: Weepinbell|Razor Leaf|p1a: Gastly
|-crit|p1a: Gastly
|-resisted|p1a: Gastly
|-damage|p1a: Gastly|10\/252
|
|turn|18
|choice|move 4|move 1
|
|move|p1a: Gastly|Psychic|p2a: Weepinbell
|-crit|p2a: Weepinbell
|-supereffective|p2a: Weepinbell
|-damage|p2a: Weepinbell|0 fnt
|faint|p2a: Weepinbell
|choice||switch 6
|
|switch|p2a: Marowak|Marowak, L90|291\/291 slp
|turn|19
|choice|move 3|move 4
|
|move|p1a: Gastly|Mega Drain|p2a: Marowak
|-supereffective|p2a: Marowak
|-damage|p2a: Marowak|193\/291 slp
|-heal|p1a: Gastly|59\/252|[from] drain|[of] p2a: Marowak
|cant|p2a: Marowak|slp
|
|turn|20
|choice|move 3|move 4
|
|move|p1a: Gastly|Mega Drain|p2a: Marowak
|-supereffective|p2a: Marowak
|-damage|p2a: Marowak|96\/291 slp
|-heal|p1a: Gastly|107\/252|[from] drain|[of] p2a: Marowak
|-curestatus|p2a: Marowak|slp
|
|turn|21
|j|Daddy's Milk
|choice|move 4|move 4
|
|move|p1a: Gastly|Psychic|p2a: Marowak
|-damage|p2a: Marowak|0 fnt
|faint|p2a: Marowak
|choice||switch 4
|
|switch|p2a: Mew|Mew, L74|300\/300
|turn|22
|choice|move 1|move 3
|
|move|p1a: Gastly|Hypnosis|p2a: Mew
|-status|p2a: Mew|slp
|cant|p2a: Mew|slp
|
|turn|23
|choice|switch 3|move 1
|
|switch|p1a: Scyther|Scyther, L90|36\/309
|cant|p2a: Mew|slp
|
|turn|24
|choice|move 4|move 1
|
|move|p1a: Scyther|Slash|p2a: Mew
|-crit|p2a: Mew
|-damage|p2a: Mew|167\/300 slp
|cant|p2a: Mew|slp
|
|turn|25
|l|Daddy's Milk
|choice|move 3|move 1
|
|move|p1a: Scyther|Swords Dance|p1a: Scyther
|-boost|p1a: Scyther|atk|2
|-curestatus|p2a: Mew|slp
|
|turn|26
|choice|move 1|move 2
|
|move|p1a: Scyther|Hyper Beam|p2a: Mew
|-damage|p2a: Mew|0 fnt
|faint|p2a: Mew
|
|win|B1ackJack94
|player|p1
|player|p2
|raw|B1ackJack94's rating: 1250 &rarr; <strong>1274<\/strong><br \/>(+24 for winning)
|raw|Green Vessel's rating: 1247 &rarr; <strong>1222<\/strong><br \/>(-25 for losing)
|l|Green Vessel