|j|SGA006195
|j|sony.o
|player|p1|SGA006195|163
|player|p2|sony.o|238
|gametype|singles
|gen|1
|tier|[Gen 1] Random Battle
|rated
|seed|13437,49331,52570,3503
|rule|Sleep Clause Mod: Limit one foe put to sleep
|rule|Freeze Clause Mod: Limit one foe frozen
|rule|HP Percentage Mod: HP is shown in percentages
|
|start
|switch|p1a: Venomoth|Venomoth, L85|293\/293
|switch|p2a: Scyther|Scyther, L90|309\/309
|turn|1
|choice|move 4|move 4
|
|move|p2a: Scyther|Hyper Beam|p1a: Venomoth
|-damage|p1a: Venomoth|128\/293
|move|p1a: Venomoth|Sleep Powder|p2a: Scyther
|-status|p2a: Scyther|slp
|
|turn|2
|-mustrecharge|p2a: Scyther
|-mustrecharge|p2a: Scyther
|choice|move 2|move 1
|
|cant|p2a: Scyther|recharge
|move|p1a: Venomoth|Mega Drain|p2a: Scyther
|-crit|p2a: Scyther
|-resisted|p2a: Scyther
|-damage|p2a: Scyther|293\/309 slp
|-heal|p1a: Venomoth|136\/293|[from] drain|[of] p2a: Scyther
|
|turn|3
|choice|switch 5|switch 4
|
|switch|p2a: Flareon|Flareon, L90|300\/300
|switch|p1a: Mr. Mime|Mr. Mime, L85|242\/242
|
|turn|4
|choice|switch 2|move 3
|
|switch|p1a: Kingler|Kingler, L85|267\/267
|move|p2a: Flareon|Hyper Beam|p1a: Kingler
|-damage|p1a: Kingler|145\/267
|
|turn|5
|-mustrecharge|p2a: Flareon
|-mustrecharge|p2a: Flareon
|choice|move 4|move 1
|
|move|p1a: Kingler|Swords Dance|p1a: Kingler
|-boost|p1a: Kingler|atk|2
|cant|p2a: Flareon|recharge
|
|turn|6
|choice|move 2|switch 3
|
|switch|p2a: Rhydon|Rhydon, L79|328\/328
|move|p1a: Kingler|Hyper Beam|p2a: Rhydon
|-resisted|p2a: Rhydon
|-damage|p2a: Rhydon|206\/328
|
|turn|7
|-mustrecharge|p1a: Kingler
|-mustrecharge|p1a: Kingler
|choice|move 1|move 2
|
|cant|p1a: Kingler|recharge
|move|p2a: Rhydon|Earthquake|p1a: Kingler
|-damage|p1a: Kingler|48\/267
|
|turn|8
|choice|move 1|move 2
|
|move|p1a: Kingler|Crabhammer|p2a: Rhydon|[miss]
|-miss|p1a: Kingler
|move|p2a: Rhydon|Earthquake|p1a: Kingler
|-damage|p1a: Kingler|0 fnt
|faint|p1a: Kingler
|choice|switch 5|
|
|switch|p1a: Venomoth|Venomoth, L85|136\/293
|turn|9
|choice|move 2|switch 3
|
|switch|p2a: Flareon|Flareon, L90|300\/300
|move|p1a: Venomoth|Mega Drain|p2a: Flareon
|-resisted|p2a: Flareon
|-damage|p2a: Flareon|289\/300
|-heal|p1a: Venomoth|141\/293|[from] drain|[of] p2a: Flareon
|
|turn|10
|choice|move 3|move 2
|
|move|p1a: Venomoth|Psychic|p2a: Flareon
|-damage|p2a: Flareon|243\/300
|move|p2a: Flareon|Fire Blast|p1a: Venomoth
|-supereffective|p1a: Venomoth
|-damage|p1a: Venomoth|0 fnt
|faint|p1a: Venomoth
|choice|switch 6|
|
|switch|p1a: Dragonair|Dragonair, L85|277\/277
|turn|11
|choice|move 2|move 3
|
|move|p2a: Flareon|Hyper Beam|p1a: Dragonair
|-damage|p1a: Dragonair|87\/277
|move|p1a: Dragonair|Thunder|p2a: Flareon
|-damage|p2a: Flareon|189\/300
|
|turn|12
|-mustrecharge|p2a: Flareon
|-mustrecharge|p2a: Flareon
|choice|move 4|move 1
|
|cant|p2a: Flareon|recharge
|move|p1a: Dragonair|Substitute|p1a: Dragonair
|-start|p1a: Dragonair|Substitute
|-damage|p1a: Dragonair|18\/277
|
|turn|13
|choice|move 2|move 2
|
|move|p2a: Flareon|Fire Blast|p1a: Dragonair
|-resisted|p1a: Dragonair
|-end|p1a: Dragonair|Substitute
|move|p1a: Dragonair|Thunder|p2a: Flareon|[miss]
|-miss|p1a: Dragonair
|
|turn|14
|choice|move 2|move 2
|
|move|p2a: Flareon|Fire Blast|p1a: Dragonair|[miss]
|-miss|p2a: Flareon
|move|p1a: Dragonair|Thunder|p2a: Flareon|[miss]
|-miss|p1a: Dragonair
|
|turn|15
|choice|move 2|move 2
|
|move|p2a: Flareon|Fire Blast|p1a: Dragonair|[miss]
|-miss|p2a: Flareon
|move|p1a: Dragonair|Thunder|p2a: Flareon
|-damage|p2a: Flareon|129\/300
|
|turn|16
|choice|move 2|move 2
|
|move|p2a: Flareon|Fire Blast|p1a: Dragonair
|-resisted|p1a: Dragonair
|-damage|p1a: Dragonair|0 fnt
|faint|p1a: Dragonair
|choice|switch 4|
|
|switch|p1a: Magneton|Magneton, L90|273\/273
|turn|17
|choice|move 2|move 2
|
|move|p1a: Magneton|Mimic|p2a: Flareon
|-start|p1a: Magneton|Mimic|Body Slam
|move|p2a: Flareon|Fire Blast|p1a: Magneton|[miss]
|-miss|p2a: Flareon
|
|turn|18
|choice|move 4|move 2
|
|move|p1a: Magneton|Thunder Wave|p2a: Flareon
|-status|p2a: Flareon|par
|move|p2a: Flareon|Fire Blast|p1a: Magneton
|-damage|p1a: Magneton|162\/273
|-status|p1a: Magneton|brn
|
|turn|19
|choice|move 1|switch 6
|
|switch|p2a: Alakazam|Alakazam, L79|249\/249
|move|p1a: Magneton|Thunderbolt|p2a: Alakazam
|-damage|p2a: Alakazam|146\/249
|-status|p2a: Alakazam|par
|-damage|p1a: Magneton|145\/273 brn|[from] brn|[of] p2a: Alakazam
|
|turn|20
|choice|move 3|move 4
|
|move|p1a: Magneton|Double-Edge|p2a: Alakazam
|-damage|p2a: Alakazam|100\/249 par
|-damage|p1a: Magneton|134\/273 brn|[from] recoil|[of] p2a: Alakazam
|-damage|p1a: Magneton|117\/273 brn|[from] brn|[of] p2a: Alakazam
|move|p2a: Alakazam|Recover|p2a: Alakazam
|-heal|p2a: Alakazam|224\/249 par
|
|turn|21
|choice|move 1|move 1
|
|move|p1a: Magneton|Thunderbolt|p2a: Alakazam
|-damage|p2a: Alakazam|120\/249 par
|-damage|p1a: Magneton|100\/273 brn|[from] brn|[of] p2a: Alakazam
|move|p2a: Alakazam|Psychic|p1a: Magneton
|-damage|p1a: Magneton|13\/273 brn
|
|turn|22
|choice|move 1|move 1
|
|move|p1a: Magneton|Thunderbolt|p2a: Alakazam
|-damage|p2a: Alakazam|16\/249 par
|-damage|p1a: Magneton|0 fnt|[from] brn|[of] p2a: Alakazam
|faint|p1a: Magneton
|choice|switch 2|
|
|switch|p1a: Mr. Mime|Mr. Mime, L85|242\/242
|turn|23
|choice|move 4|move 1
|
|move|p1a: Mr. Mime|Seismic Toss|p2a: Alakazam
|-damage|p2a: Alakazam|0 fnt
|faint|p2a: Alakazam
|choice||switch 4
|
|switch|p2a: Scyther|Scyther, L90|293\/309 slp
|turn|24
|choice|move 2|move 4
|
|cant|p2a: Scyther|slp
|move|p1a: Mr. Mime|Thunderbolt|p2a: Scyther
|-supereffective|p2a: Scyther
|-damage|p2a: Scyther|131\/309 slp
|
|turn|25
|choice|move 2|move 4
|
|-curestatus|p2a: Scyther|slp
|move|p1a: Mr. Mime|Thunderbolt|p2a: Scyther
|-crit|p2a: Scyther
|-supereffective|p2a: Scyther
|-damage|p2a: Scyther|0 fnt
|faint|p2a: Scyther
|choice||switch 2
|
|switch|p2a: Seel|Seel, L96|320\/320
|turn|26
|choice|move 2|move 2
|
|move|p1a: Mr. Mime|Thunderbolt|p2a: Seel|[miss]
|-miss|p1a: Mr. Mime
|move|p2a: Seel|Blizzard|p1a: Mr. Mime
|-damage|p1a: Mr. Mime|156\/242
|-status|p1a: Mr. Mime|frz
|
|turn|27
|choice|move 2|move 3
|
|cant|p1a: Mr. Mime|frz
|move|p2a: Seel|Surf|p1a: Mr. Mime
|-damage|p1a: Mr. Mime|65\/242 frz
|
|turn|28
|choice|move 2|move 3
|
|cant|p1a: Mr. Mime|frz
|move|p2a: Seel|Surf|p1a: Mr. Mime
|-damage|p1a: Mr. Mime|0 fnt
|faint|p1a: Mr. Mime
|choice|switch 3|
|
|switch|p1a: Kadabra|Kadabra, L85|242\/242
|turn|29
|choice|move 1|move 2
|
|move|p1a: Kadabra|Psychic|p2a: Seel
|-damage|p2a: Seel|214\/320
|move|p2a: Seel|Blizzard|p1a: Kadabra
|-damage|p1a: Kadabra|172\/242
|
|turn|30
|choice|move 3|move 3
|
|move|p1a: Kadabra|Thunder Wave|p2a: Seel
|-status|p2a: Seel|par
|move|p2a: Seel|Surf|p1a: Kadabra
|-damage|p1a: Kadabra|93\/242
|
|turn|31
|choice|move 1|move 3
|
|move|p1a: Kadabra|Psychic|p2a: Seel
|-damage|p2a: Seel|105\/320 par
|-unboost|p2a: Seel|spd|1
|-unboost|p2a: Seel|spa|1
|move|p2a: Seel|Surf|p1a: Kadabra
|-damage|p1a: Kadabra|40\/242
|
|turn|32
|choice|move 1|move 3
|
|move|p1a: Kadabra|Psychic|p2a: Seel
|-crit|p2a: Seel
|-damage|p2a: Seel|0 fnt
|faint|p2a: Seel
|choice||switch 5
|
|switch|p2a: Nidorino|Nidorino, L90|293\/293
|turn|33
|choice|move 1|move 2
|
|move|p1a: Kadabra|Psychic|p2a: Nidorino
|-supereffective|p2a: Nidorino
|-damage|p2a: Nidorino|7\/293
|move|p2a: Nidorino|Substitute|p2a: Nidorino
|-fail|p2a: Nidorino|move: Substitute|[weak]
|
|turn|34
|choice|move 1|move 1
|
|move|p1a: Kadabra|Psychic|p2a: Nidorino
|-supereffective|p2a: Nidorino
|-damage|p2a: Nidorino|0 fnt
|faint|p2a: Nidorino
|choice||switch 6
|
|switch|p2a: Flareon|Flareon, L90|129\/300 par
|turn|35
|choice|move 1|move 4
|
|move|p2a: Flareon|Quick Attack|p1a: Kadabra
|-damage|p1a: Kadabra|0 fnt
|faint|p1a: Kadabra
|
|win|sony.o
|player|p1
|player|p2
|l|SGA006195
|raw|SGA006195's rating: 1049 &rarr; <strong>1029<\/strong><br \/>(-20 for losing)
|raw|sony.o's rating: 1000 &rarr; <strong>1046<\/strong><br \/>(+46 for winning)