|join|Conman033
|join|AutisticAnge1
|player|p1|Conman033|162
|player|p2|AutisticAnge1|147
|gametype|singles
|gen|1
|tier|[Gen 1] Random Battle
|rated
|seed|56756,38803,36904,2787
|rule|Sleep Clause Mod: Limit one foe put to sleep
|rule|Freeze Clause Mod: Limit one foe frozen
|rule|HP Percentage Mod: HP is shown in percentages
|
|start
|switch|p1a: Dugtrio|Dugtrio, L85|233\/233
|switch|p2a: Aerodactyl|Aerodactyl, L90|327\/327
|turn|1
|c|★AutisticAnge1|gl
|choice|move 3|move 3
|
|move|p2a: Aerodactyl|Reflect|p2a: Aerodactyl
|-start|p2a: Aerodactyl|Reflect
|move|p1a: Dugtrio|Slash|p2a: Aerodactyl
|-crit|p2a: Aerodactyl
|-resisted|p2a: Aerodactyl
|-damage|p2a: Aerodactyl|276\/327
|
|turn|2
|c|★Conman033|u2
|c|★AutisticAnge1|!weakness dugtrio
|raw|<div class="infobox">Dugtrio (ignoring abilities):<br><span class="message-effect-weak">Weaknesses<\/span>: Grass, Ice, Water<br><span class="message-effect-resist">Resistances<\/span>: Poison, Rock<br><span class="message-effect-immune">Immunities<\/span>: Electric<\/div>
|choice|switch 4|move 4
|
|switch|p1a: Seadra|Seadra, L90|282\/282
|move|p2a: Aerodactyl|Sky Attack|p1a: Seadra|[still]
|-prepare|p2a: Aerodactyl|Sky Attack|p1a: Seadra
|
|turn|3
|choice|switch 3|move 1
|
|switch|p1a: Aerodactyl|Aerodactyl, L90|327\/327
|move|p2a: Aerodactyl|Sky Attack|p1a: Aerodactyl
|-resisted|p1a: Aerodactyl
|-damage|p1a: Aerodactyl|236\/327
|
|turn|4
|choice|switch 3|move 1
|
|switch|p1a: Seadra|Seadra, L90|282\/282
|move|p2a: Aerodactyl|Hyper Beam|p1a: Seadra
|-damage|p1a: Seadra|163\/282
|
|turn|5
|-mustrecharge|p2a: Aerodactyl
|-mustrecharge|p2a: Aerodactyl
|choice|move 1|move 1
|
|cant|p2a: Aerodactyl|recharge
|move|p1a: Seadra|Hydro Pump|p2a: Aerodactyl|[miss]
|-miss|p1a: Seadra
|
|turn|6
|choice|move 1|move 4
|
|move|p2a: Aerodactyl|Sky Attack|p1a: Seadra|[still]
|-prepare|p2a: Aerodactyl|Sky Attack|p1a: Seadra
|move|p1a: Seadra|Hydro Pump|p2a: Aerodactyl
|-crit|p2a: Aerodactyl
|-supereffective|p2a: Aerodactyl
|-damage|p2a: Aerodactyl|0 fnt
|faint|p2a: Aerodactyl
|choice||switch 5
|
|switch|p2a: Vileplume|Vileplume, L90|318\/318
|turn|7
|choice|switch 6|move 3
|
|switch|p1a: Muk|Muk, L90|372\/372
|move|p2a: Vileplume|Sleep Powder|p1a: Muk
|-status|p1a: Muk|slp
|
|turn|8
|c|★AutisticAnge1|!weakness Muk
|raw|<div class="infobox">Muk (ignoring abilities):<br><span class="message-effect-weak">Weaknesses<\/span>: Ground, Psychic<br><span class="message-effect-resist">Resistances<\/span>: Bug, Fairy, Fighting, Grass, Poison<br><span class="message-effect-immune">Immunities<\/span>: <font color=#999999>None<\/font><\/div>
|c|★AutisticAnge1|Hmmm...
|choice|move 3|switch 4
|
|switch|p2a: Snorlax|Snorlax, L79|415\/415
|cant|p1a: Muk|slp
|
|turn|9
|choice|move 3|move 4
|
|cant|p1a: Muk|slp
|move|p2a: Snorlax|Earthquake|p1a: Muk
|-crit|p1a: Muk
|-supereffective|p1a: Muk
|-damage|p1a: Muk|76\/372 slp
|
|turn|10
|choice|switch 3|move 4
|
|switch|p1a: Aerodactyl|Aerodactyl, L90|236\/327
|move|p2a: Snorlax|Earthquake|p1a: Aerodactyl
|-immune|p1a: Aerodactyl|[msg]
|
|turn|11
|choice|move 3|move 3
|
|move|p1a: Aerodactyl|Double-Edge|p2a: Snorlax
|-damage|p2a: Snorlax|302\/415
|-damage|p1a: Aerodactyl|208\/327|[from] recoil|[of] p2a: Snorlax
|move|p2a: Snorlax|Thunderbolt|p1a: Aerodactyl
|-supereffective|p1a: Aerodactyl
|-damage|p1a: Aerodactyl|107\/327
|
|turn|12
|choice|switch 4|move 2
|
|switch|p1a: Dugtrio|Dugtrio, L85|233\/233
|move|p2a: Snorlax|Blizzard|p1a: Dugtrio
|-supereffective|p1a: Dugtrio
|-damage|p1a: Dugtrio|92\/233
|
|turn|13
|choice|move 1|move 2
|
|move|p1a: Dugtrio|Earthquake|p2a: Snorlax
|-damage|p2a: Snorlax|186\/415
|move|p2a: Snorlax|Blizzard|p1a: Dugtrio
|-supereffective|p1a: Dugtrio
|-damage|p1a: Dugtrio|0 fnt
|faint|p1a: Dugtrio
|choice|switch 2|
|
|switch|p1a: Hitmonchan|Hitmonchan, L90|273\/273
|turn|14
|choice|move 2|move 2
|
|move|p1a: Hitmonchan|Submission|p2a: Snorlax
|-supereffective|p2a: Snorlax
|-damage|p2a: Snorlax|0 fnt
|-damage|p1a: Hitmonchan|227\/273|[from] recoil|[of] p2a: Snorlax
|faint|p2a: Snorlax
|choice||switch 6
|
|switch|p2a: Kingler|Kingler, L85|267\/267
|turn|15
|choice|move 4|move 4
|
|move|p1a: Hitmonchan|Body Slam|p2a: Kingler
|-damage|p2a: Kingler|206\/267
|move|p2a: Kingler|Blizzard|p1a: Hitmonchan|[miss]
|-miss|p2a: Kingler
|
|turn|16
|choice|move 4|move 4
|
|move|p1a: Hitmonchan|Body Slam|p2a: Kingler
|-damage|p2a: Kingler|147\/267
|move|p2a: Kingler|Blizzard|p1a: Hitmonchan
|-crit|p1a: Hitmonchan
|-damage|p1a: Hitmonchan|60\/273
|
|turn|17
|choice|move 3|move 1
|
|move|p1a: Hitmonchan|Seismic Toss|p2a: Kingler
|-damage|p2a: Kingler|57\/267
|move|p2a: Kingler|Crabhammer|p1a: Hitmonchan
|-crit|p1a: Hitmonchan
|-damage|p1a: Hitmonchan|0 fnt
|faint|p1a: Hitmonchan
|choice|switch 4|
|
|switch|p1a: Aerodactyl|Aerodactyl, L90|107\/327
|turn|18
|choice|move 1|move 4
|
|move|p1a: Aerodactyl|Hyper Beam|p2a: Kingler|[miss]
|-miss|p1a: Aerodactyl
|move|p2a: Kingler|Blizzard|p1a: Aerodactyl
|-supereffective|p1a: Aerodactyl
|-damage|p1a: Aerodactyl|0 fnt
|faint|p1a: Aerodactyl
|c|★Conman033|man this is just bogus
|choice|switch 5|
|
|switch|p1a: Raticate|Raticate, L85|267\/267
|turn|19
|choice|move 2|move 1
|
|move|p1a: Raticate|Hyper Beam|p2a: Kingler
|-damage|p2a: Kingler|0 fnt
|faint|p2a: Kingler
|choice||switch 2
|
|switch|p2a: Magmar|Magmar, L90|300\/300
|turn|20
|choice|switch 6|move 4
|
|switch|p1a: Seadra|Seadra, L90|163\/282
|move|p2a: Magmar|Fire Blast|p1a: Seadra
|-crit|p1a: Seadra
|-resisted|p1a: Seadra
|-damage|p1a: Seadra|38\/282
|
|turn|21
|choice|move 1|move 2
|
|move|p2a: Magmar|Body Slam|p1a: Seadra
|-damage|p1a: Seadra|0 fnt
|faint|p1a: Seadra
|choice|switch 3|
|
|switch|p1a: Muk|Muk, L90|76\/372 slp
|turn|22
|choice|move 1|move 2
|
|move|p2a: Magmar|Body Slam|p1a: Muk
|-damage|p1a: Muk|5\/372 slp
|cant|p1a: Muk|slp
|
|turn|23
|choice|move 1|move 2
|
|move|p2a: Magmar|Body Slam|p1a: Muk
|-crit|p1a: Muk
|-damage|p1a: Muk|0 fnt
|faint|p1a: Muk
|choice|switch 6|
|
|switch|p1a: Raticate|Raticate, L85|267\/267
|turn|24
|choice|move 4|move 4
|
|move|p2a: Magmar|Fire Blast|p1a: Raticate|[miss]
|-miss|p2a: Magmar
|move|p1a: Raticate|Body Slam|p2a: Magmar
|-damage|p2a: Magmar|201\/300
|
|turn|25
|choice|move 4|move 4
|
|move|p2a: Magmar|Fire Blast|p1a: Raticate
|-damage|p1a: Raticate|74\/267
|-status|p1a: Raticate|brn
|move|p1a: Raticate|Body Slam|p2a: Magmar
|-damage|p2a: Magmar|149\/300
|-status|p2a: Magmar|par
|-damage|p1a: Raticate|58\/267 brn|[from] brn|[of] p2a: Magmar
|
|turn|26
|choice|move 2|move 2
|
|move|p1a: Raticate|Hyper Beam|p2a: Magmar
|-damage|p2a: Magmar|67\/300 par
|-damage|p1a: Raticate|42\/267 brn|[from] brn|[of] p2a: Magmar
|move|p2a: Magmar|Body Slam|p1a: Raticate
|-damage|p1a: Raticate|0 fnt
|faint|p1a: Raticate
|
|win|AutisticAnge1
|raw|Conman033's rating: 1149 &rarr; <strong>1120<\/strong><br \/>(-29 for losing)
|raw|AutisticAnge1's rating: 1084 &rarr; <strong>1116<\/strong><br \/>(+32 for winning)
|leave|Conman033
|player|p1
|c|★AutisticAnge1|gg
|c|★AutisticAnge1|Or not.
|c|★AutisticAnge1|I guess he's agitated I got lucky.
|c|★AutisticAnge1|All a part of the game, you win some, you lose some ^^