|join|MALESANI
|join|buuust
|player|p1|MALESANI|238
|player|p2|buuust|170
|gametype|singles
|gen|1
|tier|[Gen 1] Random Battle
|rated
|rule|Sleep Clause Mod: Limit one foe put to sleep
|rule|Freeze Clause Mod: Limit one foe frozen
|rule|HP Percentage Mod: HP is shown in percentages
|
|start
|switch|p1a: Chansey|Chansey, L79|557\/557
|switch|p2a: Jolteon|Jolteon, L79|265\/265
|turn|1
|
|switch|p2a: Ivysaur|Ivysaur, L85|276\/276
|move|p1a: Chansey|Ice Beam|p2a: Ivysaur
|-supereffective|p2a: Ivysaur
|-damage|p2a: Ivysaur|146\/276
|
|turn|2
|
|switch|p1a: Tangela|Tangela, L85|284\/284
|move|p2a: Ivysaur|Sleep Powder|p1a: Tangela
|-status|p1a: Tangela|slp
|
|turn|3
|
|switch|p1a: Gastly|Gastly, L96|252\/252
|move|p2a: Ivysaur|Body Slam|p1a: Gastly
|-immune|p1a: Gastly|[msg]
|
|turn|4
|
|switch|p2a: Hypno|Hypno, L85|318\/318
|move|p1a: Gastly|Psychic|p2a: Hypno
|-resisted|p2a: Hypno
|-damage|p2a: Hypno|285\/318
|-unboost|p2a: Hypno|spd|1
|-unboost|p2a: Hypno|spa|1
|
|turn|5
|
|switch|p2a: Ivysaur|Ivysaur, L85|146\/276
|move|p1a: Gastly|Hypnosis|p2a: Ivysaur
|-status|p2a: Ivysaur|slp
|
|turn|6
|
|switch|p2a: Hypno|Hypno, L85|285\/318
|move|p1a: Gastly|Confuse Ray|p2a: Hypno
|-start|p2a: Hypno|confusion
|
|turn|7
|
|switch|p1a: Horsea|Horsea, L96|252\/252
|-activate|p2a: Hypno|confusion
|move|p2a: Hypno|Thunder Wave|p1a: Horsea
|-status|p1a: Horsea|par
|
|turn|8
|
|switch|p2a: Jolteon|Jolteon, L79|265\/265
|move|p1a: Horsea|Hydro Pump|p2a: Jolteon
|-damage|p2a: Jolteon|137\/265
|
|turn|9
|
|move|p2a: Jolteon|Thunderbolt|p1a: Horsea
|-supereffective|p1a: Horsea
|-damage|p1a: Horsea|72\/252 par
|cant|p1a: Horsea|par
|
|turn|10
|
|move|p2a: Jolteon|Thunderbolt|p1a: Horsea
|-supereffective|p1a: Horsea
|-damage|p1a: Horsea|0 fnt
|faint|p1a: Horsea
|
|switch|p1a: Chansey|Chansey, L79|557\/557
|turn|11
|
|switch|p2a: Krabby|Krabby, L96|252\/252
|move|p1a: Chansey|Ice Beam|p2a: Krabby
|-resisted|p2a: Krabby
|-damage|p2a: Krabby|199\/252
|
|turn|12
|
|switch|p1a: Starmie|Starmie, L79|257\/257
|move|p2a: Krabby|Body Slam|p1a: Starmie
|-damage|p1a: Starmie|173\/257
|-status|p1a: Starmie|par
|
|turn|13
|
|switch|p2a: Jolteon|Jolteon, L79|137\/265
|move|p1a: Starmie|Thunderbolt|p2a: Jolteon
|-resisted|p2a: Jolteon
|-damage|p2a: Jolteon|111\/265
|
|turn|14
|
|switch|p1a: Chansey|Chansey, L79|557\/557
|move|p2a: Jolteon|Thunderbolt|p1a: Chansey
|-damage|p1a: Chansey|462\/557
|
|turn|15
|
|switch|p2a: Krabby|Krabby, L96|199\/252
|move|p1a: Chansey|Reflect|p1a: Chansey
|-start|p1a: Chansey|Reflect
|
|turn|16
|
|move|p2a: Krabby|Body Slam|p1a: Chansey
|-damage|p1a: Chansey|362\/557
|move|p1a: Chansey|Ice Beam|p2a: Krabby
|-resisted|p2a: Krabby
|-damage|p2a: Krabby|153\/252
|
|turn|17
|
|move|p2a: Krabby|Swords Dance|p2a: Krabby
|-boost|p2a: Krabby|atk|2
|move|p1a: Chansey|Counter|p2a: Krabby
|-fail|p1a: Chansey
|
|turn|18
|
|switch|p1a: Gastly|Gastly, L96|252\/252
|move|p2a: Krabby|Crabhammer|p1a: Gastly
|-crit|p1a: Gastly
|-damage|p1a: Gastly|160\/252
|
|turn|19
|
|switch|p2a: Hypno|Hypno, L85|285\/318
|move|p1a: Gastly|Mega Drain|p2a: Hypno
|-damage|p2a: Hypno|255\/318
|-heal|p1a: Gastly|175\/252|[from] drain|[of] p2a: Hypno
|
|turn|20
|
|switch|p1a: Starmie|Starmie, L79|173\/257 par
|move|p2a: Hypno|Thunder Wave|p1a: Starmie
|-fail|p1a: Starmie|par
|
|turn|21
|
|move|p2a: Hypno|Psychic|p1a: Starmie
|-resisted|p1a: Starmie
|-damage|p1a: Starmie|118\/257 par
|-unboost|p1a: Starmie|spd|1
|-unboost|p1a: Starmie|spa|1
|move|p1a: Starmie|Surf|p2a: Hypno
|-damage|p2a: Hypno|205\/318
|
|turn|22
|
|move|p2a: Hypno|Psychic|p1a: Starmie
|-resisted|p1a: Starmie
|-damage|p1a: Starmie|29\/257 par
|-unboost|p1a: Starmie|spd|1
|-unboost|p1a: Starmie|spa|1
|move|p1a: Starmie|Recover|p1a: Starmie
|-heal|p1a: Starmie|157\/257 par
|
|turn|23
|
|switch|p1a: Chansey|Chansey, L79|362\/557
|move|p2a: Hypno|Psychic|p1a: Chansey
|-damage|p1a: Chansey|264\/557
|
|turn|24
|
|switch|p2a: Krabby|Krabby, L96|153\/252
|move|p1a: Chansey|Soft-Boiled|p1a: Chansey
|-heal|p1a: Chansey|542\/557
|
|turn|25
|
|move|p2a: Krabby|Crabhammer|p1a: Chansey
|-crit|p1a: Chansey
|-damage|p1a: Chansey|424\/557
|move|p1a: Chansey|Reflect|p1a: Chansey
|-start|p1a: Chansey|Reflect
|
|turn|26
|
|move|p2a: Krabby|Swords Dance|p2a: Krabby
|-boost|p2a: Krabby|atk|2
|move|p1a: Chansey|Ice Beam|p2a: Krabby
|-resisted|p2a: Krabby
|-damage|p2a: Krabby|101\/252
|
|turn|27
|
|switch|p1a: Gastly|Gastly, L96|175\/252
|move|p2a: Krabby|Body Slam|p1a: Gastly
|-immune|p1a: Gastly|[msg]
|
|turn|28
|
|switch|p2a: Hypno|Hypno, L85|205\/318
|move|p1a: Gastly|Mega Drain|p2a: Hypno
|-damage|p2a: Hypno|172\/318
|-heal|p1a: Gastly|191\/252|[from] drain|[of] p2a: Hypno
|
|turn|29
|
|switch|p1a: Starmie|Starmie, L79|157\/257 par
|move|p2a: Hypno|Psychic|p1a: Starmie
|-resisted|p1a: Starmie
|-damage|p1a: Starmie|108\/257 par
|
|turn|30
|
|switch|p2a: Jolteon|Jolteon, L79|111\/265
|move|p1a: Starmie|Recover|p1a: Starmie
|-heal|p1a: Starmie|236\/257 par
|
|turn|31
|
|switch|p1a: Chansey|Chansey, L79|424\/557
|move|p2a: Jolteon|Thunderbolt|p1a: Chansey
|-crit|p1a: Chansey
|-damage|p1a: Chansey|241\/557
|-status|p1a: Chansey|par
|
|turn|32
|
|move|p2a: Jolteon|Thunderbolt|p1a: Chansey
|-crit|p1a: Chansey
|-damage|p1a: Chansey|61\/557 par
|move|p1a: Chansey|Soft-Boiled|p1a: Chansey
|-heal|p1a: Chansey|339\/557 par
|
|turn|33
|
|switch|p2a: Krabby|Krabby, L96|101\/252
|move|p1a: Chansey|Soft-Boiled|p1a: Chansey
|-heal|p1a: Chansey|557\/557 par
|
|turn|34
|
|move|p2a: Krabby|Swords Dance|p2a: Krabby
|-boost|p2a: Krabby|atk|2
|move|p1a: Chansey|Ice Beam|p2a: Krabby
|-resisted|p2a: Krabby
|-damage|p2a: Krabby|53\/252
|
|turn|35
|
|switch|p1a: Gastly|Gastly, L96|191\/252
|move|p2a: Krabby|Crabhammer|p1a: Gastly|[miss]
|-miss|p2a: Krabby
|
|turn|36
|
|switch|p2a: Hypno|Hypno, L85|172\/318
|move|p1a: Gastly|Psychic|p2a: Hypno
|-resisted|p2a: Hypno
|-damage|p2a: Hypno|136\/318
|-unboost|p2a: Hypno|spd|1
|-unboost|p2a: Hypno|spa|1
|
|turn|37
|
|switch|p1a: Starmie|Starmie, L79|236\/257 par
|move|p2a: Hypno|Rest|p2a: Hypno
|-status|p2a: Hypno|slp
|-heal|p2a: Hypno|318\/318 slp|[silent]
|-status|p2a: Hypno|slp|[from] move: Rest
|
|turn|38
|
|cant|p2a: Hypno|slp
|move|p1a: Starmie|Surf|p2a: Hypno
|-damage|p2a: Hypno|211\/318 slp
|
|turn|39
|
|-curestatus|p2a: Hypno|slp
|move|p1a: Starmie|Surf|p2a: Hypno
|-damage|p2a: Hypno|103\/318
|
|turn|40
|
|move|p2a: Hypno|Rest|p2a: Hypno
|-status|p2a: Hypno|slp
|-heal|p2a: Hypno|318\/318 slp|[silent]
|-status|p2a: Hypno|slp|[from] move: Rest
|cant|p1a: Starmie|par
|
|turn|41
|
|switch|p2a: Ivysaur|Ivysaur, L85|146\/276 slp
|move|p1a: Starmie|Surf|p2a: Ivysaur
|-resisted|p2a: Ivysaur
|-damage|p2a: Ivysaur|103\/276 slp
|
|turn|42
|
|switch|p2a: Jolteon|Jolteon, L79|111\/265
|cant|p1a: Starmie|par
|
|turn|43
|
|switch|p1a: Chansey|Chansey, L79|557\/557 par
|move|p2a: Jolteon|Body Slam|p1a: Chansey|[miss]
|-miss|p2a: Jolteon
|
|turn|44
|
|switch|p2a: Krabby|Krabby, L96|53\/252
|move|p1a: Chansey|Ice Beam|p2a: Krabby
|-resisted|p2a: Krabby
|-damage|p2a: Krabby|5\/252
|-status|p2a: Krabby|frz
|
|turn|45
|
|switch|p2a: Hypno|Hypno, L85|318\/318 slp
|cant|p1a: Chansey|par
|
|turn|46
|
|cant|p2a: Hypno|slp
|cant|p1a: Chansey|par
|
|turn|47
|
|switch|p1a: Starmie|Starmie, L79|236\/257 par
|-curestatus|p2a: Hypno|slp
|
|turn|48
|
|move|p2a: Hypno|Psychic|p1a: Starmie
|-resisted|p1a: Starmie
|-damage|p1a: Starmie|186\/257 par
|move|p1a: Starmie|Surf|p2a: Hypno
|-damage|p2a: Hypno|236\/318
|
|turn|49
|
|move|p2a: Hypno|Psychic|p1a: Starmie
|-resisted|p1a: Starmie
|-damage|p1a: Starmie|132\/257 par
|-unboost|p1a: Starmie|spd|1
|-unboost|p1a: Starmie|spa|1
|move|p1a: Starmie|Blizzard|p2a: Hypno
|-damage|p2a: Hypno|193\/318
|-message|Freeze Clause activated.
|
|turn|50
|
|switch|p1a: Chansey|Chansey, L79|557\/557 par
|move|p2a: Hypno|Psychic|p1a: Chansey
|-damage|p1a: Chansey|451\/557 par
|-unboost|p1a: Chansey|spd|1
|-unboost|p1a: Chansey|spa|1
|
|turn|51
|
|switch|p2a: Raticate|Raticate, L85|267\/267
|move|p1a: Chansey|Ice Beam|p2a: Raticate
|-damage|p2a: Raticate|209\/267
|
|turn|52
|
|switch|p1a: Gastly|Gastly, L96|191\/252
|move|p2a: Raticate|Body Slam|p1a: Gastly
|-immune|p1a: Gastly|[msg]
|
|turn|53
|
|switch|p2a: Hypno|Hypno, L85|193\/318
|move|p1a: Gastly|Mega Drain|p2a: Hypno
|-damage|p2a: Hypno|161\/318
|-heal|p1a: Gastly|207\/252|[from] drain|[of] p2a: Hypno
|
|turn|54
|
|switch|p1a: Chansey|Chansey, L79|451\/557 par
|move|p2a: Hypno|Psychic|p1a: Chansey
|-crit|p1a: Chansey
|-damage|p1a: Chansey|264\/557 par
|-unboost|p1a: Chansey|spd|1
|-unboost|p1a: Chansey|spa|1
|
|turn|55
|
|move|p2a: Hypno|Psychic|p1a: Chansey
|-damage|p1a: Chansey|113\/557 par
|-unboost|p1a: Chansey|spd|1
|-unboost|p1a: Chansey|spa|1
|move|p1a: Chansey|Soft-Boiled|p1a: Chansey
|-heal|p1a: Chansey|391\/557 par
|
|turn|56
|
|switch|p2a: Jolteon|Jolteon, L79|111\/265
|switch|p1a: Starmie|Starmie, L79|132\/257 par
|
|turn|57
|
|switch|p1a: Gastly|Gastly, L96|207\/252
|move|p2a: Jolteon|Thunderbolt|p1a: Gastly
|-damage|p1a: Gastly|132\/252
|
|turn|58
|
|move|p2a: Jolteon|Thunderbolt|p1a: Gastly
|-damage|p1a: Gastly|52\/252
|move|p1a: Gastly|Psychic|p2a: Jolteon
|-damage|p2a: Jolteon|34\/265
|
|turn|59
|
|switch|p1a: Chansey|Chansey, L79|391\/557 par
|move|p2a: Jolteon|Thunderbolt|p1a: Chansey
|-damage|p1a: Chansey|298\/557 par
|
|turn|60
|
|switch|p2a: Hypno|Hypno, L85|161\/318
|move|p1a: Chansey|Soft-Boiled|p1a: Chansey
|-heal|p1a: Chansey|557\/557 par
|
|turn|61
|
|move|p2a: Hypno|Thunder Wave|p1a: Chansey
|-fail|p1a: Chansey|par
|move|p1a: Chansey|Ice Beam|p2a: Hypno
|-damage|p2a: Hypno|113\/318
|
|turn|62
|
|move|p2a: Hypno|Thunder Wave|p1a: Chansey
|-fail|p1a: Chansey|par
|cant|p1a: Chansey|par
|
|turn|63
|
|move|p2a: Hypno|Thunder Wave|p1a: Chansey
|-fail|p1a: Chansey|par
|cant|p1a: Chansey|par
|
|turn|64
|
|move|p2a: Hypno|Thunder Wave|p1a: Chansey
|-fail|p1a: Chansey|par
|cant|p1a: Chansey|par
|
|turn|65
|
|move|p2a: Hypno|Thunder Wave|p1a: Chansey
|-fail|p1a: Chansey|par
|move|p1a: Chansey|Ice Beam|p2a: Hypno
|-damage|p2a: Hypno|57\/318
|
|turn|66
|
|move|p2a: Hypno|Rest|p2a: Hypno
|-status|p2a: Hypno|slp
|-heal|p2a: Hypno|318\/318 slp|[silent]
|-status|p2a: Hypno|slp|[from] move: Rest
|move|p1a: Chansey|Ice Beam|p2a: Hypno
|-damage|p2a: Hypno|269\/318 slp
|
|turn|67
|
|switch|p1a: Gastly|Gastly, L96|52\/252
|cant|p2a: Hypno|slp
|
|turn|68
|
|move|p1a: Gastly|Mega Drain|p2a: Hypno
|-damage|p2a: Hypno|240\/318 slp
|-heal|p1a: Gastly|66\/252|[from] drain|[of] p2a: Hypno
|-curestatus|p2a: Hypno|slp
|
|turn|69
|
|switch|p1a: Chansey|Chansey, L79|557\/557 par
|move|p2a: Hypno|Thunder Wave|p1a: Chansey
|-fail|p1a: Chansey|par
|
|turn|70
|
|move|p2a: Hypno|Thunder Wave|p1a: Chansey
|-fail|p1a: Chansey|par
|move|p1a: Chansey|Ice Beam|p2a: Hypno
|-damage|p2a: Hypno|189\/318
|
|turn|71
|
|switch|p1a: Starmie|Starmie, L79|132\/257 par
|move|p2a: Hypno|Thunder Wave|p1a: Starmie
|-fail|p1a: Starmie|par
|
|turn|72
|
|move|p2a: Hypno|Psychic|p1a: Starmie
|-resisted|p1a: Starmie
|-damage|p1a: Starmie|82\/257 par
|-unboost|p1a: Starmie|spd|1
|-unboost|p1a: Starmie|spa|1
|move|p1a: Starmie|Recover|p1a: Starmie
|-heal|p1a: Starmie|210\/257 par
|
|turn|73
|
|switch|p2a: Jolteon|Jolteon, L79|34\/265
|move|p1a: Starmie|Blizzard|p2a: Jolteon
|-damage|p2a: Jolteon|0 fnt
|faint|p2a: Jolteon
|
|switch|p2a: Raticate|Raticate, L85|209\/267
|turn|74
|
|move|p2a: Raticate|Super Fang|p1a: Starmie
|-damage|p1a: Starmie|105\/257 par
|move|p1a: Starmie|Recover|p1a: Starmie
|-heal|p1a: Starmie|233\/257 par
|
|turn|75
|
|move|p2a: Raticate|Super Fang|p1a: Starmie
|-damage|p1a: Starmie|117\/257 par
|move|p1a: Starmie|Surf|p2a: Raticate
|-damage|p2a: Raticate|130\/267
|
|turn|76
|
|move|p2a: Raticate|Hyper Beam|p1a: Starmie
|-damage|p1a: Starmie|0 fnt
|faint|p1a: Starmie
|
|switch|p1a: Primeape|Primeape, L90|300\/300
|turn|77
|
|switch|p2a: Krabby|Krabby, L96|5\/252 frz
|move|p1a: Primeape|Body Slam|p2a: Krabby
|-crit|p2a: Krabby
|-damage|p2a: Krabby|0 fnt
|faint|p2a: Krabby
|
|switch|p2a: Hypno|Hypno, L85|189\/318
|turn|78
|
|switch|p1a: Chansey|Chansey, L79|557\/557 par
|move|p2a: Hypno|Thunder Wave|p1a: Chansey
|-fail|p1a: Chansey|par
|
|turn|79
|
|move|p2a: Hypno|Rest|p2a: Hypno
|-status|p2a: Hypno|slp
|-heal|p2a: Hypno|318\/318 slp|[silent]
|-status|p2a: Hypno|slp|[from] move: Rest
|move|p1a: Chansey|Reflect|p1a: Chansey
|-start|p1a: Chansey|Reflect
|
|turn|80
|
|switch|p1a: Primeape|Primeape, L90|300\/300
|cant|p2a: Hypno|slp
|
|turn|81
|
|move|p1a: Primeape|Mega Kick|p2a: Hypno
|-crit|p2a: Hypno
|-damage|p2a: Hypno|90\/318 slp
|-curestatus|p2a: Hypno|slp
|
|turn|82
|
|switch|p2a: Ivysaur|Ivysaur, L85|103\/276 slp
|move|p1a: Primeape|Mega Kick|p2a: Ivysaur
|-damage|p2a: Ivysaur|0 fnt
|faint|p2a: Ivysaur
|
|switch|p2a: Magmar|Magmar, L90|300\/300
|turn|83
|
|switch|p1a: Chansey|Chansey, L79|557\/557 par
|move|p2a: Magmar|Body Slam|p1a: Chansey
|-damage|p1a: Chansey|389\/557 par
|
|turn|84
|
|move|p2a: Magmar|Confuse Ray|p1a: Chansey
|-start|p1a: Chansey|confusion
|-activate|p1a: Chansey|confusion
|move|p1a: Chansey|Counter|p2a: Magmar
|-fail|p1a: Chansey
|
|turn|85
|
|move|p2a: Magmar|Confuse Ray|p1a: Chansey
|-end|p1a: Chansey|confusion
|move|p1a: Chansey|Reflect|p1a: Chansey
|-start|p1a: Chansey|Reflect
|
|turn|86
|
|move|p2a: Magmar|Confuse Ray|p1a: Chansey
|-start|p1a: Chansey|confusion
|-activate|p1a: Chansey|confusion
|-damage|p1a: Chansey|361\/557 par|[from] confusion
|
|turn|87
|
|move|p2a: Magmar|Mimic|p1a: Chansey
|-start|p2a: Magmar|Mimic|Reflect
|-activate|p1a: Chansey|confusion
|move|p1a: Chansey|Soft-Boiled|p1a: Chansey
|-heal|p1a: Chansey|557\/557 par
|
|turn|88
|
|move|p2a: Magmar|Reflect|p2a: Magmar
|-start|p2a: Magmar|Reflect
|-end|p1a: Chansey|confusion
|move|p1a: Chansey|Ice Beam|p2a: Magmar
|-damage|p2a: Magmar|236\/300
|
|turn|89
|
|move|p2a: Magmar|Confuse Ray|p1a: Chansey
|-start|p1a: Chansey|confusion
|-activate|p1a: Chansey|confusion
|move|p1a: Chansey|Counter|p2a: Magmar
|-fail|p1a: Chansey
|
|turn|90
|
|move|p2a: Magmar|Body Slam|p1a: Chansey
|-damage|p1a: Chansey|459\/557 par
|-activate|p1a: Chansey|confusion
|move|p1a: Chansey|Soft-Boiled|p1a: Chansey
|-heal|p1a: Chansey|557\/557 par
|
|turn|91
|
|move|p2a: Magmar|Body Slam|p1a: Chansey
|-damage|p1a: Chansey|461\/557 par
|-end|p1a: Chansey|confusion
|move|p1a: Chansey|Counter|p2a: Magmar
|-damage|p2a: Magmar|44\/300
|
|turn|92
|
|move|p2a: Magmar|Hyper Beam|p1a: Chansey
|-crit|p1a: Chansey
|-damage|p1a: Chansey|0 fnt
|faint|p1a: Chansey
|
|switch|p1a: Primeape|Primeape, L90|300\/300
|turn|93
|
|move|p1a: Primeape|Body Slam|p2a: Magmar
|-damage|p2a: Magmar|0 fnt
|faint|p2a: Magmar
|
|switch|p2a: Raticate|Raticate, L85|130\/267
|turn|94
|
|move|p1a: Primeape|Submission|p2a: Raticate
|-supereffective|p2a: Raticate
|-damage|p2a: Raticate|0 fnt
|-damage|p1a: Primeape|268\/300|[from] recoil|[of] p2a: Raticate
|faint|p2a: Raticate
|
|switch|p2a: Hypno|Hypno, L85|90\/318
|turn|95
|
|move|p1a: Primeape|Mega Kick|p2a: Hypno
|-crit|p2a: Hypno
|-damage|p2a: Hypno|0 fnt
|faint|p2a: Hypno
|
|win|MALESANI