|join|MALESANI
|join|vGrowlithe
|player|p1|MALESANI|238
|player|p2|vGrowlithe|92
|gametype|singles
|gen|1
|tier|[Gen 1] Random Battle
|rated
|seed|44096,49220,25755,53631
|rule|Sleep Clause Mod: Limit one foe put to sleep
|rule|Freeze Clause Mod: Limit one foe frozen
|rule|HP Percentage Mod: HP is shown in percentages
|
|start
|switch|p1a: Raichu|Raichu, L85|276\/276
|switch|p2a: Victreebel|Victreebel, L85|310\/310
|turn|1
|choice|switch 3|move 2
|
|switch|p1a: Mew|Mew, L74|300\/300
|move|p2a: Victreebel|Swords Dance|p2a: Victreebel
|-boost|p2a: Victreebel|atk|2
|
|turn|2
|choice|move 4|move 4
|
|move|p1a: Mew|Blizzard|p2a: Victreebel
|-supereffective|p2a: Victreebel
|-damage|p2a: Victreebel|191\/310
|move|p2a: Victreebel|Hyper Beam|p1a: Mew
|-damage|p1a: Mew|76\/300
|
|turn|3
|-mustrecharge|p2a: Victreebel
|-mustrecharge|p2a: Victreebel
|choice|move 4|move 1
|
|move|p1a: Mew|Blizzard|p2a: Victreebel
|-supereffective|p2a: Victreebel
|-damage|p2a: Victreebel|76\/310
|cant|p2a: Victreebel|recharge
|
|turn|4
|choice|move 4|move 4
|
|move|p1a: Mew|Blizzard|p2a: Victreebel
|-supereffective|p2a: Victreebel
|-damage|p2a: Victreebel|0 fnt
|faint|p2a: Victreebel
|choice||switch 5
|
|switch|p2a: Jynx|Jynx, L79|265\/265
|turn|5
|choice|move 1|move 4
|
|move|p2a: Jynx|Blizzard|p1a: Mew
|-damage|p1a: Mew|0 fnt
|faint|p1a: Mew
|choice|switch 6|
|
|switch|p1a: Kangaskhan|Kangaskhan, L85|352\/352
|turn|6
|choice|move 4|move 3
|
|move|p1a: Kangaskhan|Body Slam|p2a: Jynx
|-damage|p2a: Jynx|115\/265
|move|p2a: Jynx|Lovely Kiss|p1a: Kangaskhan
|-status|p1a: Kangaskhan|slp
|
|turn|7
|choice|switch 5|move 4
|
|switch|p1a: Dewgong|Dewgong, L85|327\/327
|move|p2a: Jynx|Blizzard|p1a: Dewgong
|-resisted|p1a: Dewgong
|-damage|p1a: Dewgong|302\/327
|
|turn|8
|choice|move 1|move 1
|
|move|p2a: Jynx|Psychic|p1a: Dewgong
|-damage|p1a: Dewgong|228\/327
|move|p1a: Dewgong|Surf|p2a: Jynx
|-damage|p2a: Jynx|20\/265
|
|turn|9
|choice|move 3|move 1
|
|move|p2a: Jynx|Psychic|p1a: Dewgong
|-damage|p1a: Dewgong|147\/327
|move|p1a: Dewgong|Body Slam|p2a: Jynx
|-damage|p2a: Jynx|0 fnt
|faint|p2a: Jynx
|choice||switch 4
|
|switch|p2a: Kangaskhan|Kangaskhan, L85|352\/352
|turn|10
|choice|move 2|move 2
|
|move|p2a: Kangaskhan|Earthquake|p1a: Dewgong
|-damage|p1a: Dewgong|69\/327
|move|p1a: Dewgong|Blizzard|p2a: Kangaskhan|[miss]
|-miss|p1a: Dewgong
|
|turn|11
|choice|move 2|move 2
|
|move|p2a: Kangaskhan|Earthquake|p1a: Dewgong
|-damage|p1a: Dewgong|0 fnt
|faint|p1a: Dewgong
|choice|switch 4|
|
|switch|p1a: Poliwhirl|Poliwhirl, L85|284\/284
|turn|12
|choice|move 1|move 2
|
|move|p2a: Kangaskhan|Earthquake|p1a: Poliwhirl
|-damage|p1a: Poliwhirl|200\/284
|move|p1a: Poliwhirl|Amnesia|p1a: Poliwhirl
|-boost|p1a: Poliwhirl|spd|2
|-boost|p1a: Poliwhirl|spa|2
|
|turn|13
|choice|move 3|move 2
|
|move|p1a: Poliwhirl|Surf|p2a: Kangaskhan
|-damage|p2a: Kangaskhan|136\/352
|move|p2a: Kangaskhan|Earthquake|p1a: Poliwhirl
|-damage|p1a: Poliwhirl|121\/284
|
|turn|14
|choice|move 3|move 3
|
|move|p2a: Kangaskhan|Hyper Beam|p1a: Poliwhirl
|-damage|p1a: Poliwhirl|0 fnt
|faint|p1a: Poliwhirl
|choice|switch 3|
|
|switch|p1a: Raichu|Raichu, L85|276\/276
|turn|15
|choice|move 2|move 2
|
|move|p1a: Raichu|Thunderbolt|p2a: Kangaskhan
|-crit|p2a: Kangaskhan
|-damage|p2a: Kangaskhan|0 fnt
|faint|p2a: Kangaskhan
|choice||switch 2
|
|switch|p2a: Tauros|Tauros, L79|280\/280
|turn|16
|choice|move 2|move 1
|
|move|p1a: Raichu|Thunderbolt|p2a: Tauros
|-crit|p2a: Tauros
|-damage|p2a: Tauros|49\/280
|move|p2a: Tauros|Earthquake|p1a: Raichu
|-supereffective|p1a: Raichu
|-damage|p1a: Raichu|100\/276
|
|turn|17
|choice|move 1|move 1
|
|move|p1a: Raichu|Surf|p2a: Tauros
|-crit|p2a: Tauros
|-damage|p2a: Tauros|0 fnt
|faint|p2a: Tauros
|choice||switch 6
|
|switch|p2a: Arcanine|Arcanine, L85|327\/327
|turn|18
|choice|switch 5|move 4
|
|switch|p1a: Kangaskhan|Kangaskhan, L85|352\/352 slp
|move|p2a: Arcanine|Hyper Beam|p1a: Kangaskhan|[miss]
|-miss|p2a: Arcanine
|
|turn|19
|choice|move 3|move 1
|
|move|p2a: Arcanine|Fire Blast|p1a: Kangaskhan
|-damage|p1a: Kangaskhan|173\/352 slp
|-curestatus|p1a: Kangaskhan|slp
|
|turn|20
|choice|move 4|move 1
|
|move|p2a: Arcanine|Fire Blast|p1a: Kangaskhan
|-damage|p1a: Kangaskhan|0 fnt
|faint|p1a: Kangaskhan
|choice|switch 2|
|
|switch|p1a: Nidoking|Nidoking, L85|311\/311
|turn|21
|choice|move 1|move 1
|
|move|p2a: Arcanine|Fire Blast|p1a: Nidoking
|-damage|p1a: Nidoking|177\/311
|move|p1a: Nidoking|Earthquake|p2a: Arcanine
|-supereffective|p2a: Arcanine
|-damage|p2a: Arcanine|92\/327
|
|turn|22
|choice|move 1|move 1
|
|move|p2a: Arcanine|Fire Blast|p1a: Nidoking
|-damage|p1a: Nidoking|52\/311
|move|p1a: Nidoking|Earthquake|p2a: Arcanine
|-crit|p2a: Arcanine
|-supereffective|p2a: Arcanine
|-damage|p2a: Arcanine|0 fnt
|faint|p2a: Arcanine
|choice||switch 3
|
|switch|p2a: Seaking|Seaking, L90|327\/327
|turn|23
|choice|move 1|move 1
|
|move|p1a: Nidoking|Earthquake|p2a: Seaking
|-crit|p2a: Seaking
|-damage|p2a: Seaking|103\/327
|move|p2a: Seaking|Surf|p1a: Nidoking
|-crit|p1a: Nidoking
|-supereffective|p1a: Nidoking
|-damage|p1a: Nidoking|0 fnt
|faint|p1a: Nidoking
|choice|switch 5|
|
|switch|p1a: Raichu|Raichu, L85|100\/276
|turn|24
|choice|move 2|move 3
|
|move|p1a: Raichu|Thunderbolt|p2a: Seaking
|-supereffective|p2a: Seaking
|-damage|p2a: Seaking|0 fnt
|faint|p2a: Seaking
|
|win|MALESANI
|raw|MALESANI's rating: 1356 &rarr; <strong>1366<\/strong><br \/>(+10 for winning)
|raw|vGrowlithe's rating: 1153 &rarr; <strong>1141<\/strong><br \/>(-12 for losing)