|join|El Caesar
|join|Arafalo2
|player|p1|El Caesar|161
|player|p2|Arafalo2|1
|gametype|singles
|gen|1
|tier|[Gen 1] Random Battle
|rated
|seed|61564,24343,26635,53475
|rule|Sleep Clause Mod: Limit one foe put to sleep
|rule|Freeze Clause Mod: Limit one foe frozen
|rule|HP Percentage Mod: HP is shown in percentages
|
|start
|switch|p1a: Krabby|Krabby, L96|252\/252
|switch|p2a: Raichu|Raichu, L85|276\/276
|turn|1
|choice|switch 5|move 2
|
|switch|p1a: Zapdos|Zapdos, L79|304\/304
|move|p2a: Raichu|Body Slam|p1a: Zapdos
|-damage|p1a: Zapdos|240\/304
|
|turn|2
|choice|move 4|move 4
|
|move|p2a: Raichu|Thunderbolt|p1a: Zapdos
|-crit|p1a: Zapdos
|-damage|p1a: Zapdos|90\/304
|move|p1a: Zapdos|Agility|p1a: Zapdos
|-boost|p1a: Zapdos|spe|2
|
|turn|3
|choice|move 2|move 4
|
|move|p1a: Zapdos|Thunderbolt|p2a: Raichu
|-resisted|p2a: Raichu
|-damage|p2a: Raichu|223\/276
|move|p2a: Raichu|Thunderbolt|p1a: Zapdos
|-damage|p1a: Zapdos|12\/304
|
|turn|4
|choice|move 2|move 3
|
|move|p1a: Zapdos|Thunderbolt|p2a: Raichu
|-resisted|p2a: Raichu
|-damage|p2a: Raichu|174\/276
|move|p2a: Raichu|Agility|p2a: Raichu
|-boost|p2a: Raichu|spe|2
|
|turn|5
|choice|move 2|move 2
|
|move|p2a: Raichu|Body Slam|p1a: Zapdos
|-damage|p1a: Zapdos|0 fnt
|faint|p1a: Zapdos
|choice|switch 2|
|
|switch|p1a: Ponyta|Ponyta, L96|291\/291
|turn|6
|choice|move 4|move 1
|
|move|p2a: Raichu|Surf|p1a: Ponyta
|-supereffective|p1a: Ponyta
|-damage|p1a: Ponyta|144\/291
|move|p1a: Ponyta|Substitute|p1a: Ponyta
|-start|p1a: Ponyta|Substitute
|-damage|p1a: Ponyta|72\/291
|
|turn|7
|choice|move 3|move 1
|
|move|p2a: Raichu|Surf|p1a: Ponyta
|-supereffective|p1a: Ponyta
|-end|p1a: Ponyta|Substitute
|move|p1a: Ponyta|Fire Blast|p2a: Raichu
|-damage|p2a: Raichu|54\/276
|
|turn|8
|choice|move 3|move 1
|
|move|p2a: Raichu|Surf|p1a: Ponyta
|-supereffective|p1a: Ponyta
|-damage|p1a: Ponyta|0 fnt
|faint|p1a: Ponyta
|choice|switch 3|
|
|switch|p1a: Chansey|Chansey, L79|557\/557
|turn|9
|choice|move 2|switch 2
|
|switch|p2a: Jigglypuff|Jigglypuff, L99|428\/428
|move|p1a: Chansey|Counter|p2a: Jigglypuff
|-fail|p1a: Chansey
|
|turn|10
|choice|move 4|move 2
|
|move|p1a: Chansey|Reflect|p1a: Chansey
|-start|p1a: Chansey|Reflect
|move|p2a: Jigglypuff|Disable|p1a: Chansey|[miss]
|-miss|p2a: Jigglypuff
|
|turn|11
|choice|move 3|move 2
|
|move|p1a: Chansey|Thunderbolt|p2a: Jigglypuff
|-crit|p2a: Jigglypuff
|-damage|p2a: Jigglypuff|229\/428
|move|p2a: Jigglypuff|Disable|p1a: Chansey
|-start|p1a: Chansey|Disable|Counter
|
|turn|12
|choice|move 3|move 3
|
|move|p1a: Chansey|Thunderbolt|p2a: Jigglypuff
|-damage|p2a: Jigglypuff|139\/428
|move|p2a: Jigglypuff|Body Slam|p1a: Chansey
|-damage|p1a: Chansey|445\/557
|
|turn|13
|choice|move 3|move 3
|
|move|p1a: Chansey|Thunderbolt|p2a: Jigglypuff
|-damage|p2a: Jigglypuff|37\/428
|move|p2a: Jigglypuff|Body Slam|p1a: Chansey
|-damage|p1a: Chansey|346\/557
|
|turn|14
|choice|move 3|move 3
|
|move|p1a: Chansey|Thunderbolt|p2a: Jigglypuff
|-crit|p2a: Jigglypuff
|-damage|p2a: Jigglypuff|0 fnt
|faint|p2a: Jigglypuff
|choice||switch 3
|
|switch|p2a: Beedrill|Beedrill, L90|300\/300
|turn|15
|choice|move 3|move 1
|
|move|p2a: Beedrill|Swords Dance|p2a: Beedrill
|-boost|p2a: Beedrill|atk|2
|move|p1a: Chansey|Thunderbolt|p2a: Beedrill
|-damage|p2a: Beedrill|209\/300
|
|turn|16
|choice|move 3|move 4
|
|move|p2a: Beedrill|Agility|p2a: Beedrill
|-boost|p2a: Beedrill|spe|2
|move|p1a: Chansey|Thunderbolt|p2a: Beedrill
|-damage|p2a: Beedrill|124\/300
|
|-end|p1a: Chansey|Disable
|turn|17
|choice|move 3|move 1
|
|move|p2a: Beedrill|Swords Dance|p2a: Beedrill
|-boost|p2a: Beedrill|atk|2
|move|p1a: Chansey|Thunderbolt|p2a: Beedrill
|-crit|p2a: Beedrill
|-damage|p2a: Beedrill|0 fnt
|faint|p2a: Beedrill
|choice||switch 6
|
|switch|p2a: Rapidash|Rapidash, L90|300\/300
|turn|18
|choice|move 3|move 1
|
|move|p2a: Rapidash|Fire Blast|p1a: Chansey
|-damage|p1a: Chansey|215\/557
|move|p1a: Chansey|Thunderbolt|p2a: Rapidash
|-damage|p2a: Rapidash|240\/300
|
|turn|19
|choice|move 1|move 4
|
|move|p2a: Rapidash|Body Slam|p1a: Chansey
|-damage|p1a: Chansey|121\/557
|move|p1a: Chansey|Soft-Boiled|p1a: Chansey
|-heal|p1a: Chansey|399\/557
|
|turn|20
|choice|move 3|move 1
|
|move|p2a: Rapidash|Fire Blast|p1a: Chansey
|-damage|p1a: Chansey|286\/557
|move|p1a: Chansey|Thunderbolt|p2a: Rapidash
|-damage|p2a: Rapidash|181\/300
|
|turn|21
|choice|move 3|move 4
|
|move|p2a: Rapidash|Body Slam|p1a: Chansey
|-damage|p1a: Chansey|186\/557
|move|p1a: Chansey|Thunderbolt|p2a: Rapidash
|-damage|p2a: Rapidash|120\/300
|
|turn|22
|choice|move 1|move 1
|
|move|p2a: Rapidash|Fire Blast|p1a: Chansey
|-damage|p1a: Chansey|73\/557
|move|p1a: Chansey|Soft-Boiled|p1a: Chansey
|-heal|p1a: Chansey|351\/557
|
|turn|23
|choice|move 3|move 3
|
|move|p2a: Rapidash|Reflect|p2a: Rapidash
|-start|p2a: Rapidash|Reflect
|move|p1a: Chansey|Thunderbolt|p2a: Rapidash
|-damage|p2a: Rapidash|60\/300
|
|turn|24
|choice|move 3|move 4
|
|move|p2a: Rapidash|Body Slam|p1a: Chansey
|-damage|p1a: Chansey|251\/557
|move|p1a: Chansey|Thunderbolt|p2a: Rapidash
|-damage|p2a: Rapidash|0 fnt
|faint|p2a: Rapidash
|choice||switch 4
|
|switch|p2a: Cloyster|Cloyster, L83|253\/253
|turn|25
|choice|move 3|move 1
|
|move|p2a: Cloyster|Toxic|p1a: Chansey
|-status|p1a: Chansey|tox
|move|p1a: Chansey|Thunderbolt|p2a: Cloyster
|-supereffective|p2a: Cloyster
|-damage|p2a: Cloyster|128\/253
|-damage|p1a: Chansey|217\/557 tox|[from] tox|[of] p2a: Cloyster
|
|turn|26
|choice|move 3|switch 2
|
|switch|p2a: Raichu|Raichu, L85|54\/276
|move|p1a: Chansey|Thunderbolt|p2a: Raichu
|-resisted|p2a: Raichu
|-damage|p2a: Raichu|25\/276
|-damage|p1a: Chansey|149\/557 tox|[from] tox|[of] p2a: Raichu
|
|turn|27
|choice|move 3|move 2
|
|move|p2a: Raichu|Body Slam|p1a: Chansey
|-crit|p1a: Chansey
|-damage|p1a: Chansey|0 fnt
|faint|p1a: Chansey
|choice|switch 6|
|
|switch|p1a: Gengar|Gengar, L79|257\/257
|turn|28
|choice|move 4|move 4
|
|move|p2a: Raichu|Thunderbolt|p1a: Gengar
|-damage|p1a: Gengar|182\/257
|move|p1a: Gengar|Psychic|p2a: Raichu
|-damage|p2a: Raichu|0 fnt
|faint|p2a: Raichu
|choice||switch 5
|
|switch|p2a: Dragonite|Dragonite, L85|328\/328
|turn|29
|choice|move 1|move 2
|
|move|p1a: Gengar|Hypnosis|p2a: Dragonite|[miss]
|-miss|p1a: Gengar
|move|p2a: Dragonite|Thunder|p1a: Gengar|[miss]
|-miss|p2a: Dragonite
|
|turn|30
|choice|move 1|move 4
|
|move|p1a: Gengar|Hypnosis|p2a: Dragonite
|-status|p2a: Dragonite|slp
|-curestatus|p2a: Dragonite|slp
|
|turn|31
|choice|move 1|move 4
|
|move|p1a: Gengar|Hypnosis|p2a: Dragonite|[miss]
|-miss|p1a: Gengar
|move|p2a: Dragonite|Ice Beam|p1a: Gengar
|-damage|p1a: Gengar|128\/257
|-status|p1a: Gengar|frz
|
|turn|32
|choice|move 1|move 3
|
|cant|p1a: Gengar|frz
|move|p2a: Dragonite|Substitute|p2a: Dragonite
|-start|p2a: Dragonite|Substitute
|-damage|p2a: Dragonite|246\/328
|
|turn|33
|choice|move 2|move 2
|
|cant|p1a: Gengar|frz
|move|p2a: Dragonite|Thunder|p1a: Gengar
|-damage|p1a: Gengar|58\/257 frz
|
|turn|34
|choice|move 2|move 4
|
|cant|p1a: Gengar|frz
|move|p2a: Dragonite|Ice Beam|p1a: Gengar
|-damage|p1a: Gengar|3\/257 frz
|
|turn|35
|choice|move 2|move 2
|
|cant|p1a: Gengar|frz
|move|p2a: Dragonite|Thunder|p1a: Gengar
|-damage|p1a: Gengar|0 fnt
|faint|p1a: Gengar
|choice|switch 4|
|
|switch|p1a: Fearow|Fearow, L90|300\/300
|turn|36
|choice|move 1|move 4
|
|move|p1a: Fearow|Drill Peck|p2a: Dragonite
|-end|p2a: Dragonite|Substitute
|move|p2a: Dragonite|Ice Beam|p1a: Fearow
|-supereffective|p1a: Fearow
|-damage|p1a: Fearow|134\/300
|
|turn|37
|choice|move 3|move 4
|
|move|p1a: Fearow|Mirror Move|p1a: Fearow
|move|p1a: Fearow|Ice Beam|p2a: Dragonite|[from]Mirror Move
|-supereffective|p2a: Dragonite
|-damage|p2a: Dragonite|34\/328
|move|p2a: Dragonite|Ice Beam|p1a: Fearow
|-supereffective|p1a: Fearow
|-damage|p1a: Fearow|0 fnt
|faint|p1a: Fearow
|choice|switch 5|
|
|switch|p1a: Krabby|Krabby, L96|252\/252
|turn|38
|choice|move 1|switch 2
|
|switch|p2a: Cloyster|Cloyster, L83|128\/253
|move|p1a: Krabby|Crabhammer|p2a: Cloyster|[miss]
|-miss|p1a: Krabby
|
|turn|39
|choice|move 3|move 1
|
|move|p2a: Cloyster|Toxic|p1a: Krabby|[miss]
|-miss|p2a: Cloyster
|move|p1a: Krabby|Body Slam|p2a: Cloyster
|-damage|p2a: Cloyster|76\/253
|
|turn|40
|choice|move 1|move 3
|
|move|p2a: Cloyster|Explosion|p1a: Krabby
|-damage|p1a: Krabby|55\/252
|faint|p2a: Cloyster
|choice||switch 2
|
|switch|p2a: Dragonite|Dragonite, L85|34\/328
|turn|41
|choice|move 1|move 1
|
|move|p2a: Dragonite|Body Slam|p1a: Krabby
|-damage|p1a: Krabby|0 fnt
|faint|p1a: Krabby
|
|win|Arafalo2
|raw|El Caesar's rating: 1000 &rarr; <strong>1000<\/strong><br \/>(+0 for losing)
|raw|Arafalo2's rating: 1193 &rarr; <strong>1205<\/strong><br \/>(+12 for winning)