|j|MALESANI
|j|Fake Laughter
|player|p1|MALESANI|238
|player|p2|Fake Laughter|113
|gametype|singles
|gen|1
|tier|[Gen 1] Random Battle
|rated
|seed|9024,45834,46078,64613
|rule|Sleep Clause Mod: Limit one foe put to sleep
|rule|Freeze Clause Mod: Limit one foe frozen
|rule|HP Percentage Mod: HP is shown in percentages
|
|start
|switch|p1a: Gyarados|Gyarados, L85|335\/335
|switch|p2a: Dragonite|Dragonite, L85|328\/328
|turn|1
|choice|switch 5|switch 5
|
|switch|p1a: Wigglytuff|Wigglytuff, L90|435\/435
|switch|p2a: Lickitung|Lickitung, L90|345\/345
|
|turn|2
|choice|move 3|move 2
|
|move|p1a: Wigglytuff|Thunder Wave|p2a: Lickitung
|-status|p2a: Lickitung|par
|move|p2a: Lickitung|Swords Dance|p2a: Lickitung
|-boost|p2a: Lickitung|atk|2
|
|turn|3
|choice|move 1|move 1
|
|move|p1a: Wigglytuff|Hyper Beam|p2a: Lickitung
|-damage|p2a: Lickitung|179\/345 par
|move|p2a: Lickitung|Body Slam|p1a: Wigglytuff
|-damage|p1a: Wigglytuff|224\/435
|
|turn|4
|-mustrecharge|p1a: Wigglytuff
|-mustrecharge|p1a: Wigglytuff
|choice|move 1|move 4
|
|cant|p1a: Wigglytuff|recharge
|cant|p2a: Lickitung|par
|
|turn|5
|choice|move 1|move 1
|
|move|p1a: Wigglytuff|Hyper Beam|p2a: Lickitung
|-damage|p2a: Lickitung|13\/345 par
|cant|p2a: Lickitung|par
|
|turn|6
|-mustrecharge|p1a: Wigglytuff
|-mustrecharge|p1a: Wigglytuff
|choice|move 1|move 4
|
|cant|p1a: Wigglytuff|recharge
|move|p2a: Lickitung|Hyper Beam|p1a: Wigglytuff
|-crit|p1a: Wigglytuff
|-damage|p1a: Wigglytuff|0 fnt
|faint|p1a: Wigglytuff
|choice|switch 5|
|
|switch|p1a: Gyarados|Gyarados, L85|335\/335
|turn|7
|choice|move 4|move 1
|
|move|p1a: Gyarados|Body Slam|p2a: Lickitung
|-damage|p2a: Lickitung|0 fnt
|faint|p2a: Lickitung
|choice||switch 3
|
|switch|p2a: Poliwag|Poliwag, L96|272\/272
|turn|8
|choice|move 1|move 3
|
|move|p2a: Poliwag|Hypnosis|p1a: Gyarados|[miss]
|-miss|p2a: Poliwag
|move|p1a: Gyarados|Thunderbolt|p2a: Poliwag
|-supereffective|p2a: Poliwag
|-damage|p2a: Poliwag|74\/272
|
|turn|9
|choice|move 1|move 3
|
|move|p2a: Poliwag|Hypnosis|p1a: Gyarados|[miss]
|-miss|p2a: Poliwag
|move|p1a: Gyarados|Thunderbolt|p2a: Poliwag
|-supereffective|p2a: Poliwag
|-damage|p2a: Poliwag|0 fnt
|faint|p2a: Poliwag
|choice||switch 5
|
|switch|p2a: Dragonite|Dragonite, L85|328\/328
|turn|10
|choice|move 4|move 4
|
|move|p1a: Gyarados|Body Slam|p2a: Dragonite
|-damage|p2a: Dragonite|259\/328
|move|p2a: Dragonite|Thunder Wave|p1a: Gyarados
|-status|p1a: Gyarados|par
|
|turn|11
|choice|switch 2|move 1
|
|switch|p1a: Vileplume|Vileplume, L90|318\/318
|move|p2a: Dragonite|Thunderbolt|p1a: Vileplume
|-resisted|p1a: Vileplume
|-damage|p1a: Vileplume|288\/318
|
|turn|12
|choice|move 2|move 2
|
|move|p2a: Dragonite|Blizzard|p1a: Vileplume
|-supereffective|p1a: Vileplume
|-damage|p1a: Vileplume|131\/318
|move|p1a: Vileplume|Sleep Powder|p2a: Dragonite
|-status|p2a: Dragonite|slp
|
|turn|13
|choice|move 3|switch 4
|
|switch|p2a: Weezing|Weezing, L90|300\/300
|move|p1a: Vileplume|Swords Dance|p1a: Vileplume
|-boost|p1a: Vileplume|atk|2
|
|turn|14
|choice|move 4|move 2
|
|move|p2a: Weezing|Fire Blast|p1a: Vileplume|[miss]
|-miss|p2a: Weezing
|move|p1a: Vileplume|Body Slam|p2a: Weezing
|-damage|p2a: Weezing|205\/300
|
|turn|15
|choice|switch 6|move 3
|
|switch|p1a: Magmar|Magmar, L90|300\/300
|move|p2a: Weezing|Sludge|p1a: Magmar
|-damage|p1a: Magmar|210\/300
|
|turn|16
|choice|move 3|move 3
|
|move|p1a: Magmar|Fire Blast|p2a: Weezing
|-damage|p2a: Weezing|78\/300
|move|p2a: Weezing|Sludge|p1a: Magmar
|-damage|p1a: Magmar|126\/300
|
|turn|17
|choice|move 3|switch 2
|
|switch|p2a: Ninetales|Ninetales, L85|298\/298
|move|p1a: Magmar|Fire Blast|p2a: Ninetales
|-resisted|p2a: Ninetales
|-damage|p2a: Ninetales|238\/298
|
|turn|18
|choice|move 2|move 4
|
|move|p1a: Magmar|Confuse Ray|p2a: Ninetales
|-start|p2a: Ninetales|confusion
|-activate|p2a: Ninetales|confusion
|move|p2a: Ninetales|Confuse Ray|p1a: Magmar
|-start|p1a: Magmar|confusion
|
|turn|19
|choice|move 4|move 3
|
|-activate|p1a: Magmar|confusion
|-damage|p1a: Magmar|83\/300|[from] confusion
|-activate|p2a: Ninetales|confusion
|move|p2a: Ninetales|Body Slam|p1a: Magmar
|-damage|p1a: Magmar|21\/300
|
|turn|20
|choice|move 1|move 3
|
|-end|p1a: Magmar|confusion
|move|p1a: Magmar|Hyper Beam|p2a: Ninetales
|-damage|p2a: Ninetales|99\/298
|-activate|p2a: Ninetales|confusion
|-damage|p2a: Ninetales|68\/298|[from] confusion
|
|turn|21
|-mustrecharge|p1a: Magmar
|-mustrecharge|p1a: Magmar
|choice|move 1|move 3
|
|cant|p1a: Magmar|recharge
|-activate|p2a: Ninetales|confusion
|-damage|p2a: Ninetales|37\/298|[from] confusion
|
|turn|22
|choice|move 4|move 3
|
|move|p1a: Magmar|Body Slam|p2a: Ninetales
|-damage|p2a: Ninetales|0 fnt
|faint|p2a: Ninetales
|choice||switch 6
|
|switch|p2a: Kangaskhan|Kangaskhan, L85|352\/352
|turn|23
|choice|move 3|move 2
|
|move|p1a: Magmar|Fire Blast|p2a: Kangaskhan
|-damage|p2a: Kangaskhan|158\/352
|-status|p2a: Kangaskhan|brn
|move|p2a: Kangaskhan|Body Slam|p1a: Magmar
|-crit|p1a: Magmar
|-damage|p1a: Magmar|0 fnt
|faint|p1a: Magmar
|-message|Fake Laughter forfeited.
|
|win|MALESANI
|l|Fake Laughter
|player|p2
|raw|MALESANI's rating: 1317 &rarr; <strong>1337<\/strong><br \/>(+20 for winning)
|raw|Fake Laughter's rating: 1312 &rarr; <strong>1292<\/strong><br \/>(-20 for losing)