|join|Cotton Gin
|join|charizard reyiz
|player|p1|Cotton Gin|26
|player|p2|charizard reyiz|117
|gametype|singles
|gen|1
|tier|[Gen 1] OU
|rated
|rule|Sleep Clause Mod: Limit one foe put to sleep
|rule|Freeze Clause Mod: Limit one foe frozen
|rule|Species Clause: Limit one of each Pokémon
|rule|OHKO Clause: OHKO moves are banned
|rule|Evasion Moves Clause: Evasion moves are banned
|rule|HP Percentage Mod: HP is shown in percentages
|
|start
|switch|p1a: Alakazam|Alakazam|313\/313
|switch|p2a: Tauros|Tauros|353\/353
|turn|1
|
|move|p1a: Alakazam|Thunder Wave|p2a: Tauros
|-status|p2a: Tauros|par
|move|p2a: Tauros|Body Slam|p1a: Alakazam
|-damage|p1a: Alakazam|163\/313
|
|turn|2
|
|switch|p1a: Cloyster|Cloyster|303\/303
|switch|p2a: Alakazam|Alakazam|313\/313
|
|turn|3
|join|Toyota Music
|
|move|p2a: Alakazam|Thunder Wave|p1a: Cloyster
|-status|p1a: Cloyster|par
|move|p1a: Cloyster|Hyper Beam|p2a: Alakazam
|-crit|p2a: Alakazam
|-damage|p2a: Alakazam|0 fnt
|faint|p2a: Alakazam
|leave|Toyota Music
|
|switch|p2a: Jolteon|Jolteon|333\/333
|turn|4
|
|switch|p1a: Rhydon|Rhydon|413\/413
|move|p2a: Jolteon|Thunderbolt|p1a: Rhydon
|-immune|p1a: Rhydon|[msg]
|
|turn|5
|
|switch|p2a: Cloyster|Cloyster|303\/303
|move|p1a: Rhydon|Earthquake|p2a: Cloyster
|-damage|p2a: Cloyster|205\/303
|
|turn|6
|
|switch|p1a: Exeggutor|Exeggutor|393\/393
|move|p2a: Cloyster|Clamp|p1a: Exeggutor|[miss]
|-miss|p2a: Cloyster
|
|turn|7
|
|move|p2a: Cloyster|Clamp|p1a: Exeggutor
|-resisted|p1a: Exeggutor
|-damage|p1a: Exeggutor|376\/393
|-activate|p1a: Exeggutor|move: Clamp|[of] p2a: Cloyster
|cant|p1a: Exeggutor|partiallytrapped
|
|turn|8
|
|switch|p2a: Moltres|Moltres|383\/383
|switch|p1a: Rhydon|Rhydon|413\/413
|
|turn|9
|
|move|p2a: Moltres|Fire Spin|p1a: Rhydon|[miss]
|-miss|p2a: Moltres
|move|p1a: Rhydon|Rock Slide|p2a: Moltres
|-supereffective|p2a: Moltres
|-damage|p2a: Moltres|0 fnt
|faint|p2a: Moltres
|
|switch|p2a: Cloyster|Cloyster|205\/303
|turn|10
|
|switch|p1a: Exeggutor|Exeggutor|376\/393
|move|p2a: Cloyster|Surf|p1a: Exeggutor
|-resisted|p1a: Exeggutor
|-damage|p1a: Exeggutor|335\/393
|
|turn|11
|
|move|p2a: Cloyster|Blizzard|p1a: Exeggutor
|-supereffective|p1a: Exeggutor
|-damage|p1a: Exeggutor|102\/393
|-status|p1a: Exeggutor|frz
|cant|p1a: Exeggutor|frz
|
|turn|12
|
|switch|p2a: Rhydon|Rhydon|413\/413
|cant|p1a: Exeggutor|frz
|
|turn|13
|
|cant|p1a: Exeggutor|frz
|move|p2a: Rhydon|Substitute|p2a: Rhydon
|-start|p2a: Rhydon|Substitute
|-damage|p2a: Rhydon|310\/413
|
|turn|14
|
|switch|p1a: Cloyster|Cloyster|303\/303 par
|move|p2a: Rhydon|Body Slam|p1a: Cloyster
|-damage|p1a: Cloyster|248\/303 par
|
|turn|15
|
|move|p2a: Rhydon|Rock Slide|p1a: Cloyster
|-supereffective|p1a: Cloyster
|-damage|p1a: Cloyster|97\/303 par
|move|p1a: Cloyster|Blizzard|p2a: Rhydon
|-crit|p2a: Rhydon
|-supereffective|p2a: Rhydon
|-end|p2a: Rhydon|Substitute
|
|turn|16
|
|move|p2a: Rhydon|Rock Slide|p1a: Cloyster|[miss]
|-miss|p2a: Rhydon
|move|p1a: Cloyster|Blizzard|p2a: Rhydon
|-crit|p2a: Rhydon
|-supereffective|p2a: Rhydon
|-damage|p2a: Rhydon|0 fnt
|faint|p2a: Rhydon
|
|switch|p2a: Cloyster|Cloyster|205\/303
|turn|17
|
|move|p2a: Cloyster|Clamp|p1a: Cloyster|[miss]
|-miss|p2a: Cloyster
|move|p1a: Cloyster|Explosion|p2a: Cloyster
|-damage|p2a: Cloyster|46\/303
|faint|p1a: Cloyster
|
|switch|p1a: Alakazam|Alakazam|163\/313
|turn|18
|
|switch|p2a: Tauros|Tauros|353\/353 par
|move|p1a: Alakazam|Psychic|p2a: Tauros
|-damage|p2a: Tauros|194\/353 par
|
|turn|19
|
|move|p1a: Alakazam|Psychic|p2a: Tauros
|-damage|p2a: Tauros|29\/353 par
|-unboost|p2a: Tauros|spd|1
|-unboost|p2a: Tauros|spa|1
|cant|p2a: Tauros|par
|
|turn|20
|
|move|p1a: Alakazam|Seismic Toss|p2a: Tauros
|-damage|p2a: Tauros|0 fnt
|faint|p2a: Tauros
|
|switch|p2a: Jolteon|Jolteon|333\/333
|turn|21
|
|move|p2a: Jolteon|Double Kick|p1a: Alakazam
|-crit|p1a: Alakazam
|-resisted|p1a: Alakazam
|-damage|p1a: Alakazam|133\/313
|-damage|p1a: Alakazam|103\/313
|-hitcount|p1a: Alakazam|2
|move|p1a: Alakazam|Thunder Wave|p2a: Jolteon
|-status|p2a: Jolteon|par
|
|turn|22
|
|move|p1a: Alakazam|Recover|p1a: Alakazam
|-heal|p1a: Alakazam|259\/313
|move|p2a: Jolteon|Double Kick|p1a: Alakazam
|-resisted|p1a: Alakazam
|-damage|p1a: Alakazam|246\/313
|-damage|p1a: Alakazam|233\/313
|-hitcount|p1a: Alakazam|2
|
|turn|23
|
|move|p1a: Alakazam|Psychic|p2a: Jolteon
|-damage|p2a: Jolteon|209\/333 par
|-unboost|p2a: Jolteon|spd|1
|-unboost|p2a: Jolteon|spa|1
|move|p2a: Jolteon|Thunder Wave|p1a: Alakazam
|-status|p1a: Alakazam|par
|
|turn|24
|
|cant|p2a: Jolteon|par
|move|p1a: Alakazam|Psychic|p2a: Jolteon
|-damage|p2a: Jolteon|10\/333 par
|-unboost|p2a: Jolteon|spd|1
|-unboost|p2a: Jolteon|spa|1
|
|turn|25
|
|move|p2a: Jolteon|Pin Missile|p1a: Alakazam
|-supereffective|p1a: Alakazam
|-damage|p1a: Alakazam|205\/313 par
|-damage|p1a: Alakazam|177\/313 par
|-damage|p1a: Alakazam|149\/313 par
|-hitcount|p1a: Alakazam|3
|move|p1a: Alakazam|Seismic Toss|p2a: Jolteon
|-damage|p2a: Jolteon|0 fnt
|faint|p2a: Jolteon
|-message|charizard reyiz lost due to inactivity.
|
|win|Cotton Gin
|raw|Ladder updating...
|raw|Cotton Gin's rating: 1116 &rarr; <strong>1145<\/strong><br \/>(+29 for winning)
|raw|charizard reyiz's rating: 1169 &rarr; <strong>1140<\/strong><br \/>(-29 for losing)