|j|LibertarianMaster
|j|business is cool
|player|p1|LibertarianMaster|101
|player|p2|business is cool|82
|gametype|singles
|gen|1
|tier|[Gen 1] Random Battle
|rated
|seed|18055,24464,33607,60620
|rule|Sleep Clause Mod: Limit one foe put to sleep
|rule|Freeze Clause Mod: Limit one foe frozen
|rule|HP Percentage Mod: HP is shown in percentages
|
|start
|switch|p1a: Nidoran-M|Nidoran-M, L96|283\/283
|switch|p2a: Poliwhirl|Poliwhirl, L85|284\/284
|turn|1
|c|★business is cool|glhf'
|c|★LibertarianMaster|u2 :)
|choice|move 1|switch 4
|
|switch|p2a: Nidorino|Nidorino, L90|293\/293
|move|p1a: Nidoran-M|Body Slam|p2a: Nidorino
|-damage|p2a: Nidorino|225\/293
|
|turn|2
|c|★business is cool|:)
|choice|move 1|move 1
|
|move|p2a: Nidorino|Double-Edge|p1a: Nidoran-M
|-damage|p1a: Nidoran-M|189\/283
|-damage|p2a: Nidorino|202\/293|[from] recoil|[of] p1a: Nidoran-M
|move|p1a: Nidoran-M|Body Slam|p2a: Nidorino
|-damage|p2a: Nidorino|131\/293
|
|turn|3
|choice|move 1|move 1
|
|move|p2a: Nidorino|Double-Edge|p1a: Nidoran-M
|-crit|p1a: Nidoran-M
|-damage|p1a: Nidoran-M|17\/283
|-damage|p2a: Nidorino|88\/293|[from] recoil|[of] p1a: Nidoran-M
|move|p1a: Nidoran-M|Body Slam|p2a: Nidorino
|-damage|p2a: Nidorino|24\/293
|
|turn|4
|choice|switch 2|move 3
|
|switch|p1a: Onix|Onix, L90|246\/246
|move|p2a: Nidorino|Thunderbolt|p1a: Onix
|-immune|p1a: Onix|[msg]
|
|turn|5
|c|★business is cool|nice
|choice|move 1|move 1
|
|move|p1a: Onix|Earthquake|p2a: Nidorino
|-supereffective|p2a: Nidorino
|-damage|p2a: Nidorino|0 fnt
|faint|p2a: Nidorino
|c|★LibertarianMaster|thx
|choice||switch 2
|
|switch|p2a: Machoke|Machoke, L85|310\/310
|turn|6
|choice|move 4|move 1
|
|move|p1a: Onix|Toxic|p2a: Machoke|[miss]
|-miss|p1a: Onix
|move|p2a: Machoke|Body Slam|p1a: Onix
|-resisted|p1a: Onix
|-damage|p1a: Onix|228\/246
|-status|p1a: Onix|par
|
|turn|7
|choice|move 1|move 1
|
|move|p2a: Machoke|Body Slam|p1a: Onix
|-resisted|p1a: Onix
|-damage|p1a: Onix|209\/246 par
|cant|p1a: Onix|par
|
|turn|8
|choice|move 4|move 2
|
|move|p2a: Machoke|Submission|p1a: Onix
|-supereffective|p1a: Onix
|-damage|p1a: Onix|103\/246 par
|-damage|p2a: Machoke|284\/310|[from] recoil|[of] p1a: Onix
|cant|p1a: Onix|par
|
|turn|9
|choice|switch 3|move 1
|
|switch|p1a: Wartortle|Wartortle, L85|274\/274
|move|p2a: Machoke|Body Slam|p1a: Wartortle
|-damage|p1a: Wartortle|209\/274
|-status|p1a: Wartortle|par
|
|turn|10
|choice|move 2|move 2
|
|move|p2a: Machoke|Submission|p1a: Wartortle
|-damage|p1a: Wartortle|122\/274 par
|-damage|p2a: Machoke|263\/310|[from] recoil|[of] p1a: Wartortle
|cant|p1a: Wartortle|par
|
|turn|11
|choice|move 2|move 1
|
|move|p2a: Machoke|Body Slam|p1a: Wartortle
|-damage|p1a: Wartortle|56\/274 par
|move|p1a: Wartortle|Surf|p2a: Machoke
|-damage|p2a: Machoke|149\/310
|
|turn|12
|choice|move 2|move 1
|
|move|p2a: Machoke|Body Slam|p1a: Wartortle
|-damage|p1a: Wartortle|0 fnt
|faint|p1a: Wartortle
|choice|switch 2|
|
|switch|p1a: Nidoran-M|Nidoran-M, L96|17\/283
|turn|13
|choice|move 3|move 1
|
|move|p1a: Nidoran-M|Rest|p1a: Nidoran-M
|-status|p1a: Nidoran-M|slp
|-heal|p1a: Nidoran-M|283\/283 slp|[silent]
|-status|p1a: Nidoran-M|slp|[from] move: Rest
|move|p2a: Machoke|Body Slam|p1a: Nidoran-M
|-damage|p1a: Nidoran-M|193\/283 slp
|
|turn|14
|choice|move 1|move 1
|
|cant|p1a: Nidoran-M|slp
|move|p2a: Machoke|Body Slam|p1a: Nidoran-M
|-damage|p1a: Nidoran-M|104\/283 slp
|
|turn|15
|choice|move 1|move 1
|
|-curestatus|p1a: Nidoran-M|slp
|move|p2a: Machoke|Body Slam|p1a: Nidoran-M
|-damage|p1a: Nidoran-M|16\/283
|
|turn|16
|choice|move 3|move 1
|
|move|p1a: Nidoran-M|Rest|p1a: Nidoran-M
|-status|p1a: Nidoran-M|slp
|-heal|p1a: Nidoran-M|283\/283 slp|[silent]
|-status|p1a: Nidoran-M|slp|[from] move: Rest
|move|p2a: Machoke|Body Slam|p1a: Nidoran-M
|-damage|p1a: Nidoran-M|196\/283 slp
|
|turn|17
|choice|move 2|move 3
|
|cant|p1a: Nidoran-M|slp
|move|p2a: Machoke|Leer|p1a: Nidoran-M
|-unboost|p1a: Nidoran-M|def|1
|
|turn|18
|choice|move 1|move 1
|
|-curestatus|p1a: Nidoran-M|slp
|move|p2a: Machoke|Body Slam|p1a: Nidoran-M
|-damage|p1a: Nidoran-M|58\/283
|-status|p1a: Nidoran-M|par
|
|turn|19
|choice|switch 3|move 1
|
|switch|p1a: Onix|Onix, L90|103\/246 par
|move|p2a: Machoke|Body Slam|p1a: Onix
|-resisted|p1a: Onix
|-damage|p1a: Onix|85\/246 par
|
|turn|20
|choice|move 1|move 2
|
|move|p2a: Machoke|Submission|p1a: Onix
|-supereffective|p1a: Onix
|-damage|p1a: Onix|0 fnt
|-damage|p2a: Machoke|128\/310|[from] recoil|[of] p1a: Onix
|faint|p1a: Onix
|choice|switch 4|
|
|switch|p1a: Gyarados|Gyarados, L85|335\/335
|turn|21
|choice|move 3|move 4
|
|move|p1a: Gyarados|Surf|p2a: Machoke
|-damage|p2a: Machoke|0 fnt
|faint|p2a: Machoke
|choice||switch 6
|
|switch|p2a: Jynx|Jynx, L79|265\/265
|turn|22
|choice|move 2|move 1
|
|move|p2a: Jynx|Lovely Kiss|p1a: Gyarados
|-status|p1a: Gyarados|slp
|-curestatus|p1a: Gyarados|slp
|
|turn|23
|choice|switch 3|move 1
|
|switch|p1a: Nidoran-M|Nidoran-M, L96|58\/283 par
|move|p2a: Jynx|Lovely Kiss|p1a: Nidoran-M
|-fail|p1a: Nidoran-M
|
|turn|24
|choice|move 3|move 2
|
|move|p2a: Jynx|Psychic|p1a: Nidoran-M
|-supereffective|p1a: Nidoran-M
|-damage|p1a: Nidoran-M|0 fnt
|faint|p1a: Nidoran-M
|choice|switch 3|
|
|switch|p1a: Gyarados|Gyarados, L85|335\/335
|turn|25
|choice|move 2|move 1
|
|move|p2a: Jynx|Lovely Kiss|p1a: Gyarados|[miss]
|-miss|p2a: Jynx
|move|p1a: Gyarados|Hyper Beam|p2a: Jynx
|-damage|p2a: Jynx|40\/265
|
|turn|26
|-mustrecharge|p1a: Gyarados
|-mustrecharge|p1a: Gyarados
|choice|move 1|move 1
|
|move|p2a: Jynx|Lovely Kiss|p1a: Gyarados
|-status|p1a: Gyarados|slp
|cant|p1a: Gyarados|recharge
|
|turn|27
|c|★LibertarianMaster|296atk fot nothinh
|c|★LibertarianMaster|*nothing
|c|★business is cool|true
|choice|switch 6|move 2
|
|switch|p1a: Lickitung|Lickitung, L90|345\/345
|move|p2a: Jynx|Psychic|p1a: Lickitung
|-crit|p1a: Lickitung
|-damage|p1a: Lickitung|151\/345
|-unboost|p1a: Lickitung|spd|1
|-unboost|p1a: Lickitung|spa|1
|
|turn|28
|choice|move 1|move 2
|
|move|p2a: Jynx|Psychic|p1a: Lickitung
|-damage|p1a: Lickitung|3\/345
|move|p1a: Lickitung|Body Slam|p2a: Jynx
|-crit|p2a: Jynx
|-damage|p2a: Jynx|0 fnt
|faint|p2a: Jynx
|choice||switch 4
|
|switch|p2a: Poliwhirl|Poliwhirl, L85|284\/284
|turn|29
|choice|move 3|move 4
|
|move|p2a: Poliwhirl|Psychic|p1a: Lickitung
|-crit|p1a: Lickitung
|-damage|p1a: Lickitung|0 fnt
|faint|p1a: Lickitung
|choice|switch 5|
|
|switch|p1a: Mewtwo|Mewtwo, L70|293\/293
|turn|30
|c|★business is cool|mewtwo
|c|★business is cool|o.o
|choice|move 1|move 3
|
|move|p1a: Mewtwo|Psychic|p2a: Poliwhirl
|-crit|p2a: Poliwhirl
|-damage|p2a: Poliwhirl|48\/284
|move|p2a: Poliwhirl|Blizzard|p1a: Mewtwo
|-damage|p1a: Mewtwo|243\/293
|-status|p1a: Mewtwo|frz
|
|turn|31
|c|★LibertarianMaster|lol
|c|★LibertarianMaster|gg
|c|★business is cool|im so lucky'
|choice|move 1|move 4
|
|cant|p1a: Mewtwo|frz
|move|p2a: Poliwhirl|Psychic|p1a: Mewtwo
|-resisted|p1a: Mewtwo
|-damage|p1a: Mewtwo|225\/293 frz
|
|turn|32
|choice|switch 6|move 3
|
|switch|p1a: Gyarados|Gyarados, L85|335\/335 slp
|move|p2a: Poliwhirl|Blizzard|p1a: Gyarados
|-crit|p1a: Gyarados
|-damage|p1a: Gyarados|232\/335 slp
|
|turn|33
|choice|move 1|move 4
|
|move|p2a: Poliwhirl|Psychic|p1a: Gyarados
|-damage|p1a: Gyarados|193\/335 slp
|-unboost|p1a: Gyarados|spd|1
|-unboost|p1a: Gyarados|spa|1
|cant|p1a: Gyarados|slp
|
|turn|34
|choice|move 1|move 3
|
|move|p2a: Poliwhirl|Blizzard|p1a: Gyarados
|-damage|p1a: Gyarados|113\/335 slp
|cant|p1a: Gyarados|slp
|
|turn|35
|c|★business is cool|sorry bro too much hacks
|c|★business is cool|for me
|c|★business is cool|i wanted a clean nattle
|choice|move 1|move 3
|
|move|p2a: Poliwhirl|Blizzard|p1a: Gyarados
|-damage|p1a: Gyarados|34\/335 slp
|cant|p1a: Gyarados|slp
|
|turn|36
|c|★LibertarianMaster|that's ok
|c|★LibertarianMaster|its gen1 after all xD
|choice|move 3|move 4
|
|move|p2a: Poliwhirl|Psychic|p1a: Gyarados
|-crit|p1a: Gyarados
|-damage|p1a: Gyarados|0 fnt
|faint|p1a: Gyarados
|choice|switch 6|
|
|switch|p1a: Mewtwo|Mewtwo, L70|225\/293 frz
|turn|37
|c|★business is cool|gg man
|choice|move 2|move 3
|
|cant|p1a: Mewtwo|frz
|move|p2a: Poliwhirl|Blizzard|p1a: Mewtwo
|-damage|p1a: Mewtwo|180\/293 frz
|
|turn|38
|choice|move 3|move 1
|
|cant|p1a: Mewtwo|frz
|move|p2a: Poliwhirl|Amnesia|p2a: Poliwhirl
|-boost|p2a: Poliwhirl|spd|2
|-boost|p2a: Poliwhirl|spa|2
|
|turn|39
|choice|move 4|move 1
|
|cant|p1a: Mewtwo|frz
|move|p2a: Poliwhirl|Amnesia|p2a: Poliwhirl
|-boost|p2a: Poliwhirl|spd|2
|-boost|p2a: Poliwhirl|spa|2
|
|turn|40
|choice|move 2|move 1
|
|cant|p1a: Mewtwo|frz
|move|p2a: Poliwhirl|Amnesia|p2a: Poliwhirl
|-boost|p2a: Poliwhirl|spd|2
|-boost|p2a: Poliwhirl|spa|2
|
|turn|41
|choice|move 2|move 3
|
|cant|p1a: Mewtwo|frz
|move|p2a: Poliwhirl|Blizzard|p1a: Mewtwo
|-damage|p1a: Mewtwo|0 fnt
|faint|p1a: Mewtwo
|
|win|business is cool
|player|p1
|player|p2
|raw|LibertarianMaster's rating: 1364 &rarr; <strong>1333<\/strong><br \/>(-31 for losing)
|raw|business is cool's rating: 1142 &rarr; <strong>1181<\/strong><br \/>(+39 for winning)