|join|Selise Totemsbane
|join|jb champ
|player|p1|Selise Totemsbane|148
|player|p2|jb champ|150
|gametype|singles
|gen|1
|tier|[Gen 1] OU (beta)
|rated
|rule|Sleep Clause Mod: Limit one foe put to sleep
|rule|Species Clause: Limit one of each Pokemon
|rule|OHKO Clause: OHKO moves are banned
|rule|Moody Clause: Moody is banned
|rule|Evasion Moves Clause: Evasion moves are banned
|rule|Endless Battle Clause: Forcing endless battles is banned.
|rule|HP Percentage Mod: HP is reported as percentages
|
|start
|switch|p1a: Alakazam|Alakazam|313\/313
|switch|p2a: Gengar|Gengar|323\/323
|turn|1
|
|switch|p2a: Slowbro|Slowbro|393\/393
|move|p1a: Alakazam|Thunder Wave|p2a: Slowbro
|-status|p2a: Slowbro|par
|
|turn|2
|
|switch|p1a: Snorlax|Snorlax|523\/523
|move|p2a: Slowbro|Thunder Wave|p1a: Snorlax
|-status|p1a: Snorlax|par
|
|turn|3
|
|move|p1a: Snorlax|Body Slam|p2a: Slowbro
|-crit|p2a: Slowbro
|-damage|p2a: Slowbro|203\/393 par
|move|p2a: Slowbro|Amnesia|p2a: Slowbro
|-boost|p2a: Slowbro|spd|2
|-boost|p2a: Slowbro|spa|2
|
|turn|4
|
|move|p1a: Snorlax|Body Slam|p2a: Slowbro
|-damage|p2a: Slowbro|105\/393 par
|move|p2a: Slowbro|Surf|p1a: Snorlax
|-damage|p1a: Snorlax|289\/523 par
|
|turn|5
|
|switch|p1a: Cloyster|Cloyster|303\/303
|move|p2a: Slowbro|Rest|p2a: Slowbro
|-status|p2a: Slowbro|slp
|-heal|p2a: Slowbro|393\/393 slp|[silent]
|-status|p2a: Slowbro|slp|[from] move: Rest
|
|turn|6
|
|switch|p1a: Persian|Persian|333\/333
|cant|p2a: Slowbro|slp
|
|turn|7
|
|switch|p2a: Gengar|Gengar|323\/323
|move|p1a: Persian|Screech|p2a: Gengar|[miss]
|-miss|p1a: Persian
|
|turn|8
|
|switch|p1a: Alakazam|Alakazam|313\/313
|move|p2a: Gengar|Psychic|p1a: Alakazam
|-resisted|p1a: Alakazam
|-damage|p1a: Alakazam|278\/313
|
|turn|9
|
|switch|p2a: Slowbro|Slowbro|393\/393 slp
|move|p1a: Alakazam|Thunder Wave|p2a: Slowbro
|-fail|p2a: Slowbro
|
|turn|10
|
|switch|p1a: Persian|Persian|333\/333
|cant|p2a: Slowbro|slp
|-curestatus|p2a: Slowbro|slp
|
|turn|11
|join|seranmert
|
|switch|p1a: Chansey|Chansey|703\/703
|move|p2a: Slowbro|Thunder Wave|p1a: Chansey
|-status|p1a: Chansey|par
|
|turn|12
|
|move|p2a: Slowbro|Amnesia|p2a: Slowbro
|-boost|p2a: Slowbro|spd|2
|-boost|p2a: Slowbro|spa|2
|move|p1a: Chansey|Thunder Wave|p2a: Slowbro
|-status|p2a: Slowbro|par
|
|turn|13
|
|switch|p1a: Persian|Persian|333\/333
|move|p2a: Slowbro|Amnesia|p2a: Slowbro
|-boost|p2a: Slowbro|spd|2
|-boost|p2a: Slowbro|spa|2
|
|turn|14
|
|move|p1a: Persian|Screech|p2a: Slowbro
|-unboost|p2a: Slowbro|def|2
|move|p2a: Slowbro|Thunder Wave|p1a: Persian
|-status|p1a: Persian|par
|
|turn|15
|
|switch|p2a: Gengar|Gengar|323\/323
|move|p1a: Persian|Slash|p2a: Gengar
|-immune|p2a: Gengar|[msg]
|
|turn|16
|
|switch|p1a: Alakazam|Alakazam|278\/313
|move|p2a: Gengar|Hypnosis|p1a: Alakazam
|-status|p1a: Alakazam|slp
|
|turn|17
|
|switch|p1a: Cloyster|Cloyster|303\/303
|move|p2a: Gengar|Thunderbolt|p1a: Cloyster
|-supereffective|p1a: Cloyster
|-damage|p1a: Cloyster|118\/303
|
|turn|18
|
|switch|p1a: Tauros|Tauros|353\/353
|move|p2a: Gengar|Thunderbolt|p1a: Tauros
|-damage|p1a: Tauros|236\/353
|
|turn|19
|
|move|p2a: Gengar|Explosion|p1a: Tauros
|-crit|p1a: Tauros
|-damage|p1a: Tauros|0 fnt
|faint|p1a: Tauros
|faint|p2a: Gengar
|
|switch|p1a: Chansey|Chansey|703\/703 par
|switch|p2a: Slowbro|Slowbro|393\/393 par
|turn|20
|
|switch|p1a: Persian|Persian|333\/333 par
|cant|p2a: Slowbro|par
|
|turn|21
|
|cant|p1a: Persian|par
|cant|p2a: Slowbro|par
|
|turn|22
|
|move|p1a: Persian|Screech|p2a: Slowbro
|-unboost|p2a: Slowbro|def|2
|move|p2a: Slowbro|Amnesia|p2a: Slowbro
|-boost|p2a: Slowbro|spd|2
|-boost|p2a: Slowbro|spa|2
|
|turn|23
|
|move|p1a: Persian|Screech|p2a: Slowbro
|-unboost|p2a: Slowbro|def|2
|move|p2a: Slowbro|Surf|p1a: Persian
|-damage|p1a: Persian|82\/333 par
|
|turn|24
|
|switch|p2a: Golem|Golem|363\/363
|move|p1a: Persian|Slash|p2a: Golem
|-crit|p2a: Golem
|-resisted|p2a: Golem
|-damage|p2a: Golem|307\/363
|
|turn|25
|
|switch|p1a: Cloyster|Cloyster|118\/303
|move|p2a: Golem|Rock Slide|p1a: Cloyster
|-supereffective|p1a: Cloyster
|-damage|p1a: Cloyster|0 fnt
|faint|p1a: Cloyster
|
|
|switch|p1a: Snorlax|Snorlax|289\/523 par
|turn|26
|
|move|p2a: Golem|Earthquake|p1a: Snorlax
|-damage|p1a: Snorlax|126\/523 par
|move|p1a: Snorlax|Surf|p2a: Golem
|-supereffective|p2a: Golem
|-damage|p2a: Golem|0 fnt
|faint|p2a: Golem
|
|
|switch|p2a: Alakazam|Alakazam|313\/313
|turn|27
|
|switch|p1a: Alakazam|Alakazam|278\/313 slp
|move|p2a: Alakazam|Psychic|p1a: Alakazam
|-crit|p1a: Alakazam
|-resisted|p1a: Alakazam
|-damage|p1a: Alakazam|163\/313 slp
|-unboost|p1a: Alakazam|spd|1
|-unboost|p1a: Alakazam|spa|1
|
|turn|28
|leave|seranmert
|
|switch|p1a: Chansey|Chansey|703\/703 par
|move|p2a: Alakazam|Seismic Toss|p1a: Chansey
|-damage|p1a: Chansey|603\/703 par
|
|turn|29
|
|switch|p2a: Slowbro|Slowbro|393\/393 par
|cant|p1a: Chansey|par
|
|turn|30
|
|switch|p1a: Snorlax|Snorlax|126\/523 par
|move|p2a: Slowbro|Amnesia|p2a: Slowbro
|-boost|p2a: Slowbro|spd|2
|-boost|p2a: Slowbro|spa|2
|
|turn|31
|
|cant|p2a: Slowbro|par
|move|p1a: Snorlax|Self-Destruct|p2a: Slowbro
|-crit|p2a: Slowbro
|-damage|p2a: Slowbro|0 fnt
|faint|p2a: Slowbro
|faint|p1a: Snorlax
|
|switch|p2a: Alakazam|Alakazam|313\/313
|switch|p1a: Chansey|Chansey|603\/703 par
|turn|32
|
|move|p2a: Alakazam|Psychic|p1a: Chansey
|-damage|p1a: Chansey|478\/703 par
|move|p1a: Chansey|Ice Beam|p2a: Alakazam
|-damage|p2a: Alakazam|254\/313
|-status|p2a: Alakazam|frz
|
|turn|33
|
|switch|p2a: Tauros|Tauros|353\/353
|switch|p1a: Alakazam|Alakazam|163\/313 slp
|
|turn|34
|
|cant|p1a: Alakazam|slp
|-curestatus|p1a: Alakazam|slp
|move|p2a: Tauros|Body Slam|p1a: Alakazam
|-crit|p1a: Alakazam
|-damage|p1a: Alakazam|0 fnt
|faint|p1a: Alakazam
|
|
|switch|p1a: Chansey|Chansey|478\/703 par
|turn|35
|
|move|p2a: Tauros|Hyper Beam|p1a: Chansey
|-damage|p1a: Chansey|29\/703 par
|move|p1a: Chansey|Counter|p2a: Tauros
|-damage|p2a: Tauros|0 fnt
|faint|p2a: Tauros
|
|
|switch|p2a: Chansey|Chansey|703\/703
|turn|36
|
|switch|p1a: Persian|Persian|82\/333 par
|move|p2a: Chansey|Thunderbolt|p1a: Persian
|-damage|p1a: Persian|0 fnt
|faint|p1a: Persian
|
|
|switch|p1a: Chansey|Chansey|29\/703 par
|turn|37
|
|move|p2a: Chansey|Thunderbolt|p1a: Chansey
|-damage|p1a: Chansey|0 fnt
|faint|p1a: Chansey
|
|win|jb champ
|raw|Ladder updating...
|raw|Selise Totemsbane's rating: 1238 &rarr; <strong>1216<\/strong><br \/>(-22 for losing)
|raw|jb champ's rating: 1282 &rarr; <strong>1304<\/strong><br \/>(+22 for winning)
|chat|Selise Totemsbane|gg
|chat|jb champ|gg