|j|Sxlegend
|j|chrisgreece
|player|p1|Sxlegend|253
|player|p2|chrisgreece|65
|gametype|singles
|gen|1
|tier|[Gen 1] Random Battle
|rated
|seed|29006,8642,44168,23481
|rule|Sleep Clause Mod: Limit one foe put to sleep
|rule|Freeze Clause Mod: Limit one foe frozen
|rule|HP Percentage Mod: HP is shown in percentages
|
|start
|switch|p1a: Abra|Abra, L96|243\/243
|switch|p2a: Slowpoke|Slowpoke, L96|368\/368
|turn|1
|choice|move 2|move 4
|
|move|p1a: Abra|Reflect|p1a: Abra
|-start|p1a: Abra|Reflect
|move|p2a: Slowpoke|Thunder Wave|p1a: Abra
|-status|p1a: Abra|par
|
|turn|2
|choice|move 4|move 2
|
|move|p2a: Slowpoke|Surf|p1a: Abra
|-damage|p1a: Abra|183\/243 par
|move|p1a: Abra|Thunder Wave|p2a: Slowpoke
|-status|p2a: Slowpoke|par
|
|turn|3
|choice|move 1|move 2
|
|cant|p1a: Abra|par
|move|p2a: Slowpoke|Surf|p1a: Abra
|-damage|p1a: Abra|120\/243 par
|
|turn|4
|choice|move 1|move 2
|
|move|p1a: Abra|Seismic Toss|p2a: Slowpoke
|-damage|p2a: Slowpoke|272\/368 par
|cant|p2a: Slowpoke|par
|
|turn|5
|choice|move 1|move 2
|
|move|p1a: Abra|Seismic Toss|p2a: Slowpoke
|-damage|p2a: Slowpoke|176\/368 par
|cant|p2a: Slowpoke|par
|
|turn|6
|choice|move 1|move 2
|
|move|p1a: Abra|Seismic Toss|p2a: Slowpoke
|-damage|p2a: Slowpoke|80\/368 par
|move|p2a: Slowpoke|Surf|p1a: Abra
|-damage|p1a: Abra|56\/243 par
|
|turn|7
|choice|move 1|move 2
|
|cant|p1a: Abra|par
|move|p2a: Slowpoke|Surf|p1a: Abra
|-damage|p1a: Abra|0 fnt
|faint|p1a: Abra
|choice|switch 2|
|
|switch|p1a: Magnemite|Magnemite, L96|243\/243
|turn|8
|choice|move 2|switch 3
|
|switch|p2a: Golem|Golem, L79|288\/288
|move|p1a: Magnemite|Double-Edge|p2a: Golem
|-resisted|p2a: Golem
|-damage|p2a: Golem|266\/288
|-damage|p1a: Magnemite|238\/243|[from] recoil|[of] p2a: Golem
|
|turn|9
|choice|move 2|move 1
|
|move|p1a: Magnemite|Double-Edge|p2a: Golem
|-resisted|p2a: Golem
|-damage|p2a: Golem|245\/288
|-damage|p1a: Magnemite|233\/243|[from] recoil|[of] p2a: Golem
|move|p2a: Golem|Body Slam|p1a: Magnemite
|-damage|p1a: Magnemite|171\/243
|-status|p1a: Magnemite|par
|
|turn|10
|choice|move 2|move 3
|
|move|p2a: Golem|Rock Slide|p1a: Magnemite
|-damage|p1a: Magnemite|91\/243 par
|cant|p1a: Magnemite|par
|
|turn|11
|choice|move 2|move 2
|
|move|p2a: Golem|Earthquake|p1a: Magnemite
|-supereffective|p1a: Magnemite
|-damage|p1a: Magnemite|0 fnt
|faint|p1a: Magnemite
|choice|switch 3|
|
|switch|p1a: Venusaur|Venusaur, L85|310\/310
|turn|12
|choice|move 4|switch 5
|
|switch|p2a: Exeggutor|Exeggutor, L79|312\/312
|move|p1a: Venusaur|Razor Leaf|p2a: Exeggutor
|-crit|p2a: Exeggutor
|-resisted|p2a: Exeggutor
|-damage|p2a: Exeggutor|265\/312
|
|turn|13
|choice|move 2|move 1
|
|move|p1a: Venusaur|Body Slam|p2a: Exeggutor
|-damage|p2a: Exeggutor|206\/312
|move|p2a: Exeggutor|Sleep Powder|p1a: Venusaur
|-status|p1a: Venusaur|slp
|
|turn|14
|choice|switch 4|switch 4
|
|switch|p1a: Clefable|Clefable, L85|335\/335
|switch|p2a: Vulpix|Vulpix, L96|268\/268
|
|turn|15
|choice|move 1|switch 3
|
|switch|p2a: Slowpoke|Slowpoke, L96|80\/368 par
|move|p1a: Clefable|Thunder Wave|p2a: Slowpoke
|-fail|p2a: Slowpoke|par
|
|turn|16
|choice|move 3|move 4
|
|move|p1a: Clefable|Thunderbolt|p2a: Slowpoke
|-supereffective|p2a: Slowpoke
|-damage|p2a: Slowpoke|0 fnt
|faint|p2a: Slowpoke
|choice||switch 5
|
|switch|p2a: Golem|Golem, L79|245\/288
|turn|17
|choice|move 2|move 1
|
|move|p1a: Clefable|Blizzard|p2a: Golem
|-supereffective|p2a: Golem
|-damage|p2a: Golem|13\/288
|move|p2a: Golem|Body Slam|p1a: Clefable
|-damage|p1a: Clefable|271\/335
|
|turn|18
|choice|move 2|move 4
|
|move|p1a: Clefable|Blizzard|p2a: Golem
|-supereffective|p2a: Golem
|-damage|p2a: Golem|0 fnt
|faint|p2a: Golem
|choice||switch 3
|
|switch|p2a: Vulpix|Vulpix, L96|268\/268
|turn|19
|choice|switch 6|move 2
|
|switch|p1a: Vaporeon|Vaporeon, L85|395\/395
|move|p2a: Vulpix|Confuse Ray|p1a: Vaporeon
|-start|p1a: Vaporeon|confusion
|
|turn|20
|choice|move 1|switch 4
|
|switch|p2a: Exeggutor|Exeggutor, L79|206\/312
|-activate|p1a: Vaporeon|confusion
|move|p1a: Vaporeon|Hydro Pump|p2a: Exeggutor
|-resisted|p2a: Exeggutor
|-damage|p2a: Exeggutor|143\/312
|
|turn|21
|choice|switch 4|move 3
|
|switch|p1a: Venusaur|Venusaur, L85|310\/310 slp
|move|p2a: Exeggutor|Mega Drain|p1a: Venusaur
|-resisted|p1a: Venusaur
|-damage|p1a: Venusaur|300\/310 slp
|-heal|p2a: Exeggutor|148\/312|[from] drain|[of] p1a: Venusaur
|
|turn|22
|choice|switch 6|switch 4
|
|switch|p1a: Clefable|Clefable, L85|271\/335
|switch|p2a: Vulpix|Vulpix, L96|268\/268
|
|turn|23
|choice|move 1|move 2
|
|move|p2a: Vulpix|Confuse Ray|p1a: Clefable
|-start|p1a: Clefable|confusion
|-activate|p1a: Clefable|confusion
|-damage|p1a: Clefable|241\/335|[from] confusion
|
|turn|24
|choice|move 1|move 4
|
|move|p2a: Vulpix|Body Slam|p1a: Clefable
|-damage|p1a: Clefable|183\/335
|-activate|p1a: Clefable|confusion
|-damage|p1a: Clefable|153\/335|[from] confusion
|
|turn|25
|choice|switch 6|move 1
|
|switch|p1a: Venusaur|Venusaur, L85|300\/310 slp
|move|p2a: Vulpix|Fire Blast|p1a: Venusaur
|-supereffective|p1a: Venusaur
|-damage|p1a: Venusaur|76\/310 slp
|
|turn|26
|choice|switch 4|move 1
|
|switch|p1a: Vaporeon|Vaporeon, L85|395\/395
|move|p2a: Vulpix|Fire Blast|p1a: Vaporeon
|-resisted|p1a: Vaporeon
|-damage|p1a: Vaporeon|343\/395
|
|turn|27
|choice|move 4|switch 4
|
|switch|p2a: Exeggutor|Exeggutor, L79|148\/312
|move|p1a: Vaporeon|Body Slam|p2a: Exeggutor
|-damage|p2a: Exeggutor|97\/312
|-status|p2a: Exeggutor|par
|
|turn|28
|choice|switch 5|move 3
|
|switch|p1a: Raticate|Raticate, L85|267\/267
|cant|p2a: Exeggutor|par
|
|turn|29
|choice|move 3|switch 6
|
|switch|p2a: Cloyster|Cloyster, L83|253\/253
|move|p1a: Raticate|Blizzard|p2a: Cloyster
|-resisted|p2a: Cloyster
|-damage|p2a: Cloyster|239\/253
|
|turn|30
|choice|move 1|move 2
|
|move|p1a: Raticate|Super Fang|p2a: Cloyster
|-damage|p2a: Cloyster|120\/253
|move|p2a: Cloyster|Blizzard|p1a: Raticate|[miss]
|-miss|p2a: Cloyster
|
|turn|31
|choice|switch 5|move 2
|
|switch|p1a: Vaporeon|Vaporeon, L85|343\/395
|move|p2a: Cloyster|Blizzard|p1a: Vaporeon
|-resisted|p1a: Vaporeon
|-damage|p1a: Vaporeon|298\/395
|
|turn|32
|choice|move 4|move 4
|
|move|p2a: Cloyster|Explosion|p1a: Vaporeon
|-damage|p1a: Vaporeon|36\/395
|faint|p2a: Cloyster
|choice||switch 2
|
|switch|p2a: Persian|Persian, L79|265\/265
|turn|33
|choice|move 2|move 1
|
|move|p2a: Persian|Slash|p1a: Vaporeon
|-crit|p1a: Vaporeon
|-damage|p1a: Vaporeon|0 fnt
|faint|p1a: Vaporeon
|choice|switch 6|
|
|switch|p1a: Clefable|Clefable, L85|153\/335
|turn|34
|choice|move 4|move 1
|
|move|p2a: Persian|Slash|p1a: Clefable
|-crit|p1a: Clefable
|-damage|p1a: Clefable|35\/335
|move|p1a: Clefable|Counter|p2a: Persian
|-damage|p2a: Persian|29\/265
|
|turn|35
|choice|move 3|move 1
|
|move|p2a: Persian|Slash|p1a: Clefable
|-crit|p1a: Clefable
|-damage|p1a: Clefable|0 fnt
|faint|p1a: Clefable
|choice|switch 4|
|
|switch|p1a: Venusaur|Venusaur, L85|76\/310 slp
|turn|36
|choice|move 2|move 3
|
|move|p2a: Persian|Hyper Beam|p1a: Venusaur
|-crit|p1a: Venusaur
|-damage|p1a: Venusaur|0 fnt
|faint|p1a: Venusaur
|choice|switch 5|
|
|switch|p1a: Raticate|Raticate, L85|267\/267
|turn|37
|choice|move 2|move 1
|
|move|p2a: Persian|Slash|p1a: Raticate
|-crit|p1a: Raticate
|-damage|p1a: Raticate|140\/267
|move|p1a: Raticate|Body Slam|p2a: Persian
|-damage|p2a: Persian|0 fnt
|faint|p2a: Persian
|choice||switch 6
|
|switch|p2a: Exeggutor|Exeggutor, L79|97\/312 par
|turn|38
|choice|move 3|move 2
|
|move|p1a: Raticate|Blizzard|p2a: Exeggutor
|-supereffective|p2a: Exeggutor
|-damage|p2a: Exeggutor|0 fnt
|faint|p2a: Exeggutor
|choice||switch 4
|
|switch|p2a: Vulpix|Vulpix, L96|268\/268
|turn|39
|choice|move 1|move 2
|
|move|p1a: Raticate|Super Fang|p2a: Vulpix
|-damage|p2a: Vulpix|134\/268
|move|p2a: Vulpix|Confuse Ray|p1a: Raticate
|-start|p1a: Raticate|confusion
|
|turn|40
|choice|move 4|move 4
|
|-activate|p1a: Raticate|confusion
|-damage|p1a: Raticate|104\/267|[from] confusion
|move|p2a: Vulpix|Body Slam|p1a: Raticate
|-damage|p1a: Raticate|45\/267
|
|turn|41
|choice|move 4|move 4
|
|-end|p1a: Raticate|confusion
|move|p1a: Raticate|Hyper Beam|p2a: Vulpix
|-crit|p2a: Vulpix
|-damage|p2a: Vulpix|0 fnt
|faint|p2a: Vulpix
|
|win|Sxlegend
|player|p1
|player|p2
|raw|Sxlegend's rating: 1321 &rarr; <strong>1337<\/strong><br \/>(+16 for winning)
|raw|chrisgreece's rating: 1259 &rarr; <strong>1239<\/strong><br \/>(-20 for losing)
|c|★Sxlegend|YES!
|c|★Sxlegend|Good duel
|l|chrisgreece