|j|Ray Strong
|j|AAbramowicz1
|player|p1|Ray Strong|102
|player|p2|AAbramowicz1|265
|gametype|singles
|gen|1
|tier|[Gen 1] OU
|rated
|seed|54579,50278,33403,59618
|rule|Sleep Clause Mod: Limit one foe put to sleep
|rule|Freeze Clause Mod: Limit one foe frozen
|rule|Species Clause: Limit one of each Pokémon
|rule|OHKO Clause: OHKO moves are banned
|rule|Evasion Moves Clause: Evasion moves are banned
|rule|HP Percentage Mod: HP is shown in percentages
|
|start
|switch|p1a: Exeggutor|Exeggutor|393\/393
|switch|p2a: Alakazam|Alakazam|313\/313
|turn|1
|choice|move 1|move 1
|
|move|p2a: Alakazam|Psychic|p1a: Exeggutor
|-crit|p1a: Exeggutor
|-resisted|p1a: Exeggutor
|-damage|p1a: Exeggutor|278\/393
|-unboost|p1a: Exeggutor|spd|1
|-unboost|p1a: Exeggutor|spa|1
|move|p1a: Exeggutor|Sleep Powder|p2a: Alakazam
|-status|p2a: Alakazam|slp
|
|turn|2
|choice|switch 5|move 1
|
|switch|p1a: Tauros|Tauros|353\/353
|cant|p2a: Alakazam|slp
|
|turn|3
|choice|move 1|move 1
|
|cant|p2a: Alakazam|slp
|move|p1a: Tauros|Body Slam|p2a: Alakazam
|-damage|p2a: Alakazam|150\/313 slp
|
|turn|4
|j|Cthulhu Aquirre
|choice|move 1|move 2
|
|cant|p2a: Alakazam|slp
|move|p1a: Tauros|Body Slam|p2a: Alakazam
|-crit|p2a: Alakazam
|-damage|p2a: Alakazam|0 fnt
|faint|p2a: Alakazam
|choice||switch 4
|
|switch|p2a: Zapdos|Zapdos|383\/383
|turn|5
|choice|switch 5|move 1
|
|switch|p1a: Exeggutor|Exeggutor|278\/393
|move|p2a: Zapdos|Thunder|p1a: Exeggutor
|-resisted|p1a: Exeggutor
|-damage|p1a: Exeggutor|213\/393
|
|turn|6
|choice|switch 4|move 2
|
|switch|p1a: Rhydon|Rhydon|413\/413
|move|p2a: Zapdos|Thunder Wave|p1a: Rhydon
|-immune|p1a: Rhydon|[msg]
|
|turn|7
|choice|move 4|switch 5
|
|switch|p2a: Blastoise|Blastoise|361\/361
|move|p1a: Rhydon|Substitute|p1a: Rhydon
|-start|p1a: Rhydon|Substitute
|-damage|p1a: Rhydon|310\/413
|
|turn|8
|choice|move 2|move 3
|
|move|p2a: Blastoise|Surf|p1a: Rhydon
|-supereffective|p1a: Rhydon
|-end|p1a: Rhydon|Substitute
|move|p1a: Rhydon|Earthquake|p2a: Blastoise
|-damage|p2a: Blastoise|215\/361
|
|turn|9
|choice|switch 4|move 3
|
|switch|p1a: Exeggutor|Exeggutor|213\/393
|move|p2a: Blastoise|Surf|p1a: Exeggutor
|-resisted|p1a: Exeggutor
|-damage|p1a: Exeggutor|169\/393
|
|turn|10
|choice|move 1|switch 2
|
|switch|p2a: Charizard|Charizard|359\/359
|move|p1a: Exeggutor|Sleep Powder|p2a: Charizard|[miss]
|-miss|p1a: Exeggutor
|
|turn|11
|choice|switch 6|move 1
|
|switch|p1a: Starmie|Starmie|323\/323
|move|p2a: Charizard|Flamethrower|p1a: Starmie
|-crit|p1a: Starmie
|-resisted|p1a: Starmie
|-damage|p1a: Starmie|223\/323
|
|turn|12
|choice|move 4|switch 5
|
|switch|p2a: Zapdos|Zapdos|383\/383
|move|p1a: Starmie|Thunder Wave|p2a: Zapdos
|-status|p2a: Zapdos|par
|
|turn|13
|choice|switch 4|move 1
|
|switch|p1a: Rhydon|Rhydon|310\/413
|move|p2a: Zapdos|Thunder|p1a: Rhydon
|-immune|p1a: Rhydon|[msg]
|
|turn|14
|choice|move 3|switch 2
|
|switch|p2a: Blastoise|Blastoise|215\/361
|move|p1a: Rhydon|Rock Slide|p2a: Blastoise
|-damage|p2a: Blastoise|116\/361
|
|turn|15
|choice|switch 6|move 3
|
|switch|p1a: Exeggutor|Exeggutor|169\/393
|move|p2a: Blastoise|Surf|p1a: Exeggutor
|-resisted|p1a: Exeggutor
|-damage|p1a: Exeggutor|125\/393
|
|turn|16
|choice|move 1|switch 5
|
|switch|p2a: Charizard|Charizard|359\/359
|move|p1a: Exeggutor|Sleep Powder|p2a: Charizard
|-status|p2a: Charizard|slp
|
|turn|17
|choice|switch 4|switch 2
|
|switch|p2a: Zapdos|Zapdos|383\/383 par
|switch|p1a: Starmie|Starmie|223\/323
|
|turn|18
|choice|switch 6|move 1
|
|switch|p1a: Rhydon|Rhydon|310\/413
|cant|p2a: Zapdos|par
|
|turn|19
|choice|move 3|switch 3
|
|switch|p2a: Gengar|Gengar|323\/323
|move|p1a: Rhydon|Rock Slide|p2a: Gengar
|-crit|p2a: Gengar
|-damage|p2a: Gengar|43\/323
|
|turn|20
|choice|switch 3|move 1
|
|switch|p1a: Chansey|Chansey|703\/703
|move|p2a: Gengar|Hypnosis|p1a: Chansey|[miss]
|-miss|p2a: Gengar
|
|turn|21
|choice|switch 4|move 1
|
|switch|p1a: Exeggutor|Exeggutor|125\/393
|move|p2a: Gengar|Hypnosis|p1a: Exeggutor
|-status|p1a: Exeggutor|slp
|
|turn|22
|choice|switch 4|move 3
|
|switch|p1a: Chansey|Chansey|703\/703
|move|p2a: Gengar|Thunderbolt|p1a: Chansey
|-crit|p1a: Chansey
|-damage|p1a: Chansey|545\/703
|
|turn|23
|choice|move 1|switch 2
|
|switch|p2a: Charizard|Charizard|359\/359 slp
|move|p1a: Chansey|Ice Beam|p2a: Charizard
|-supereffective|p2a: Charizard
|-damage|p2a: Charizard|188\/359 slp
|
|turn|24
|choice|move 1|move 1
|
|cant|p2a: Charizard|slp
|move|p1a: Chansey|Ice Beam|p2a: Charizard
|-supereffective|p2a: Charizard
|-damage|p2a: Charizard|16\/359 slp
|
|turn|25
|choice|move 2|move 2
|
|cant|p2a: Charizard|slp
|move|p1a: Chansey|Thunderbolt|p2a: Charizard
|-supereffective|p2a: Charizard
|-damage|p2a: Charizard|0 fnt
|faint|p2a: Charizard
|choice||switch 2
|
|switch|p2a: Gengar|Gengar|43\/323
|turn|26
|choice|move 2|move 1
|
|move|p2a: Gengar|Hypnosis|p1a: Chansey
|-message|Sleep Clause Mod activated.
|move|p1a: Chansey|Thunderbolt|p2a: Gengar
|-damage|p2a: Gengar|0 fnt
|faint|p2a: Gengar
|choice||switch 3
|
|switch|p2a: Zapdos|Zapdos|383\/383 par
|turn|27
|choice|switch 3|move 1
|
|switch|p1a: Rhydon|Rhydon|310\/413
|cant|p2a: Zapdos|par
|
|turn|28
|choice|move 3|move 4
|
|move|p1a: Rhydon|Rock Slide|p2a: Zapdos|[miss]
|-miss|p1a: Rhydon
|move|p2a: Zapdos|Drill Peck|p1a: Rhydon
|-resisted|p1a: Rhydon
|-damage|p1a: Rhydon|271\/413
|
|turn|29
|choice|move 3|switch 5
|
|switch|p2a: Blastoise|Blastoise|116\/361
|move|p1a: Rhydon|Rock Slide|p2a: Blastoise
|-damage|p2a: Blastoise|12\/361
|
|turn|30
|choice|switch 6|move 3
|
|switch|p1a: Starmie|Starmie|223\/323
|move|p2a: Blastoise|Surf|p1a: Starmie
|-resisted|p1a: Starmie
|-damage|p1a: Starmie|175\/323
|
|turn|31
|choice|move 2|move 1
|
|move|p1a: Starmie|Thunderbolt|p2a: Blastoise
|-supereffective|p2a: Blastoise
|-damage|p2a: Blastoise|0 fnt
|faint|p2a: Blastoise
|choice||switch 6
|
|switch|p2a: Golem|Golem|363\/363
|turn|32
|choice|move 1|move 4
|
|move|p1a: Starmie|Blizzard|p2a: Golem
|-supereffective|p2a: Golem
|-damage|p2a: Golem|73\/363
|move|p2a: Golem|Body Slam|p1a: Starmie
|-damage|p1a: Starmie|93\/323
|
|turn|33
|choice|move 1|move 4
|
|move|p1a: Starmie|Blizzard|p2a: Golem
|-supereffective|p2a: Golem
|-damage|p2a: Golem|0 fnt
|faint|p2a: Golem
|choice||switch 5
|
|switch|p2a: Zapdos|Zapdos|383\/383 par
|turn|34
|choice|move 1|move 4
|
|move|p1a: Starmie|Blizzard|p2a: Zapdos
|-crit|p2a: Zapdos
|-supereffective|p2a: Zapdos
|-damage|p2a: Zapdos|45\/383 par
|move|p2a: Zapdos|Drill Peck|p1a: Starmie
|-damage|p1a: Starmie|0 fnt
|faint|p1a: Starmie
|choice|switch 5|
|
|switch|p1a: Tauros|Tauros|353\/353
|turn|35
|choice|move 1|move 1
|
|move|p1a: Tauros|Body Slam|p2a: Zapdos
|-damage|p2a: Zapdos|0 fnt
|faint|p2a: Zapdos
|
|win|Ray Strong
|player|p1
|player|p2
|raw|Ray Strong's rating: 1175 &rarr; <strong>1193<\/strong><br \/>(+18 for winning)
|raw|AAbramowicz1's rating: 1070 &rarr; <strong>1056<\/strong><br \/>(-14 for losing)
|c|★Ray Strong|gg
|l|AAbramowicz1