|join|Bulbagarden
|join|amaniania
|player|p1|Bulbagarden|8
|player|p2|amaniania|257
|gametype|singles
|gen|1
|tier|[Gen 1] OU (beta)
|rated
|rule|Sleep Clause Mod: Limit one foe put to sleep
|rule|Species Clause: Limit one of each Pokemon
|rule|OHKO Clause: OHKO moves are banned
|rule|Moody Clause: Moody is banned
|rule|Evasion Moves Clause: Evasion moves are banned
|rule|Endless Battle Clause: Forcing endless battles is banned.
|rule|HP Percentage Mod: HP is reported as percentages
|
|start
|switch|p1a: Alakazam|Alakazam|313\/313
|switch|p2a: Satantakethewheel|Gengar|323\/323
|turn|1
|callback|decision
|
|switch|p2a: Eggbro|Exeggutor|393\/393
|move|p1a: Alakazam|Psychic|p2a: Eggbro
|-resisted|p2a: Eggbro
|-damage|p2a: Eggbro|341\/393
|
|turn|2
|callback|decision
|
|switch|p1a: Exeggutor|Exeggutor|393\/393
|move|p2a: Eggbro|Sleep Powder|p1a: Exeggutor|[miss]
|-miss|p2a: Eggbro
|
|turn|3
|callback|decision
|
|move|p2a: Eggbro|Sleep Powder|p1a: Exeggutor
|-status|p1a: Exeggutor|slp
|cant|p1a: Exeggutor|slp
|
|turn|4
|callback|decision
|
|switch|p2a: Builtbro|Snorlax|523\/523
|switch|p1a: Alakazam|Alakazam|313\/313
|
|turn|5
|callback|decision
|
|move|p1a: Alakazam|Psychic|p2a: Builtbro
|-damage|p2a: Builtbro|360\/523
|move|p2a: Builtbro|Body Slam|p1a: Alakazam
|-crit|p1a: Alakazam
|-damage|p1a: Alakazam|0 fnt
|faint|p1a: Alakazam
|
|callback|decision
|
|switch|p1a: Slowbro|Slowbro|393\/393
|turn|6
|callback|decision
|
|move|p1a: Slowbro|Reflect|p1a: Slowbro
|move|p2a: Builtbro|Body Slam|p1a: Slowbro
|-damage|p1a: Slowbro|343\/393
|-status|p1a: Slowbro|par
|
|turn|7
|callback|decision
|
|switch|p2a: Sickeggbeats|Chansey|703\/703
|move|p1a: Slowbro|Amnesia|p1a: Slowbro
|-boost|p1a: Slowbro|spd|2
|-boost|p1a: Slowbro|spa|2
|
|turn|8
|callback|decision
|
|move|p2a: Sickeggbeats|Thunderbolt|p1a: Slowbro
|-supereffective|p1a: Slowbro
|-damage|p1a: Slowbro|255\/393 par
|move|p1a: Slowbro|Amnesia|p1a: Slowbro
|-boost|p1a: Slowbro|spd|2
|-boost|p1a: Slowbro|spa|2
|
|turn|9
|callback|decision
|
|move|p2a: Sickeggbeats|Thunderbolt|p1a: Slowbro
|-supereffective|p1a: Slowbro
|-damage|p1a: Slowbro|197\/393 par
|move|p1a: Slowbro|Amnesia|p1a: Slowbro
|-boost|p1a: Slowbro|spd|2
|-boost|p1a: Slowbro|spa|2
|
|turn|10
|callback|decision
|
|move|p2a: Sickeggbeats|Thunderbolt|p1a: Slowbro
|-supereffective|p1a: Slowbro
|-damage|p1a: Slowbro|153\/393 par
|move|p1a: Slowbro|Rest|p1a: Slowbro
|-status|p1a: Slowbro|slp
|-heal|p1a: Slowbro|393\/393 slp|[silent]
|-status|p1a: Slowbro|slp|[from] move: Rest
|
|turn|11
|callback|decision
|
|switch|p2a: Eggbro|Exeggutor|341\/393
|cant|p1a: Slowbro|slp
|
|turn|12
|callback|decision
|
|move|p2a: Eggbro|Psychic|p1a: Slowbro
|-resisted|p1a: Slowbro
|-damage|p1a: Slowbro|374\/393 slp
|-unboost|p1a: Slowbro|spd|1
|-unboost|p1a: Slowbro|spa|1
|cant|p1a: Slowbro|slp
|-curestatus|p1a: Slowbro|slp
|
|turn|13
|callback|decision
|
|move|p2a: Eggbro|Psychic|p1a: Slowbro
|-resisted|p1a: Slowbro
|-damage|p1a: Slowbro|354\/393
|move|p1a: Slowbro|Amnesia|p1a: Slowbro
|-boost|p1a: Slowbro|spd|2
|-boost|p1a: Slowbro|spa|2
|
|turn|14
|callback|decision
|
|move|p2a: Eggbro|Stun Spore|p1a: Slowbro|[miss]
|-miss|p2a: Eggbro
|move|p1a: Slowbro|Surf|p2a: Eggbro
|-resisted|p2a: Eggbro
|-damage|p2a: Eggbro|193\/393
|
|turn|15
|callback|decision
|
|move|p2a: Eggbro|Psychic|p1a: Slowbro
|-resisted|p1a: Slowbro
|-damage|p1a: Slowbro|336\/393
|move|p1a: Slowbro|Surf|p2a: Eggbro
|-resisted|p2a: Eggbro
|-damage|p2a: Eggbro|26\/393
|
|turn|16
|callback|decision
|
|move|p2a: Eggbro|Explosion|p1a: Slowbro
|-damage|p1a: Slowbro|216\/393
|faint|p2a: Eggbro
|callback|decision
|
|switch|p2a: Satantakethewheel|Gengar|323\/323
|turn|17
|callback|decision
|
|move|p2a: Satantakethewheel|Thunderbolt|p1a: Slowbro
|-supereffective|p1a: Slowbro
|-damage|p1a: Slowbro|161\/393
|move|p1a: Slowbro|Surf|p2a: Satantakethewheel
|-damage|p2a: Satantakethewheel|0 fnt
|faint|p2a: Satantakethewheel
|
|callback|decision
|chat|Bulbagarden|hehe
|
|switch|p2a: Sickeggbeats|Chansey|703\/703
|turn|18
|callback|decision
|
|move|p2a: Sickeggbeats|Thunderbolt|p1a: Slowbro
|-supereffective|p1a: Slowbro
|-damage|p1a: Slowbro|116\/393
|move|p1a: Slowbro|Surf|p2a: Sickeggbeats
|-damage|p2a: Sickeggbeats|321\/703
|
|turn|19
|callback|decision
|chat|amaniania|don't remember the last time I lost to a slowbro
|
|move|p2a: Sickeggbeats|Ice Beam|p1a: Slowbro
|-resisted|p1a: Slowbro
|-damage|p1a: Slowbro|104\/393
|move|p1a: Slowbro|Surf|p2a: Sickeggbeats
|-damage|p2a: Sickeggbeats|0 fnt
|faint|p2a: Sickeggbeats
|
|callback|decision
|chat|Bulbagarden|ikr
|chat|amaniania|gg
|-message|amaniania forfeited.
|
|win|Bulbagarden
|raw|Ladder updating...
|chat|Bulbagarden|thanks
|leave|amaniania
|player|p2
|raw|Bulbagarden's rating: 1026 &rarr; <strong>1059<\/strong><br \/>(+33 for winning)
|raw|amaniania's rating: 1137 &rarr; <strong>1104<\/strong><br \/>(-33 for losing)