|j|red atual
|j|Eagie
|player|p1|red atual|101
|player|p2|Eagie|1
|gametype|singles
|gen|1
|tier|[Gen 1] Random Battle
|rated
|seed|
|rule|Sleep Clause Mod: Limit one foe put to sleep
|rule|Freeze Clause Mod: Limit one foe frozen
|rule|HP Percentage Mod: HP is shown in percentages
|
|start
|switch|p1a: Tauros|Tauros, L79|100\/100
|switch|p2a: Magmar|Magmar, L90|100\/100
|turn|1
|choice||
|
|switch|p2a: Machop|Machop, L96|100\/100
|move|p1a: Tauros|Earthquake|p2a: Machop
|-damage|p2a: Machop|76\/100
|
|turn|2
|choice||
|
|move|p1a: Tauros|Body Slam|p2a: Machop
|-damage|p2a: Machop|46\/100
|move|p2a: Machop|Counter|p1a: Tauros
|-damage|p1a: Tauros|28\/100
|
|turn|3
|choice||
|
|move|p1a: Tauros|Hyper Beam|p2a: Machop|[miss]
|-miss|p1a: Tauros
|move|p2a: Machop|Earthquake|p1a: Tauros
|-damage|p1a: Tauros|0 fnt
|faint|p1a: Tauros
|choice||
|
|switch|p1a: Ninetales|Ninetales, L85|100\/100
|turn|4
|choice||
|
|move|p1a: Ninetales|Confuse Ray|p2a: Machop
|-start|p2a: Machop|confusion
|-activate|p2a: Machop|confusion
|-damage|p2a: Machop|33\/100|[from] confusion
|
|turn|5
|choice||
|
|move|p1a: Ninetales|Reflect|p1a: Ninetales
|-start|p1a: Ninetales|Reflect
|-activate|p2a: Machop|confusion
|move|p2a: Machop|Earthquake|p1a: Ninetales
|-crit|p1a: Ninetales
|-supereffective|p1a: Ninetales
|-damage|p1a: Ninetales|0 fnt
|faint|p1a: Ninetales
|choice||
|
|switch|p1a: Machoke|Machoke, L85|100\/100
|turn|6
|choice||
|
|move|p1a: Machoke|Submission|p2a: Machop
|-damage|p2a: Machop|0 fnt
|-damage|p1a: Machoke|92\/100|[from] recoil|[of] p2a: Machop
|faint|p2a: Machop
|choice||
|
|switch|p2a: Hitmonlee|Hitmonlee, L90|100\/100
|turn|7
|choice||
|
|move|p2a: Hitmonlee|Body Slam|p1a: Machoke
|-crit|p1a: Machoke
|-damage|p1a: Machoke|32\/100
|move|p1a: Machoke|Counter|p2a: Hitmonlee
|-damage|p2a: Hitmonlee|0 fnt
|faint|p2a: Hitmonlee
|choice||
|
|switch|p2a: Rapidash|Rapidash, L90|100\/100
|turn|8
|choice||
|
|move|p2a: Rapidash|Hyper Beam|p1a: Machoke
|-crit|p1a: Machoke
|-damage|p1a: Machoke|0 fnt
|faint|p1a: Machoke
|choice||
|
|switch|p1a: Porygon|Porygon, L85|100\/100
|turn|9
|choice||
|
|move|p2a: Rapidash|Fire Blast|p1a: Porygon
|-damage|p1a: Porygon|53\/100
|move|p1a: Porygon|Thunder Wave|p2a: Rapidash
|-status|p2a: Rapidash|par
|
|turn|10
|choice||
|
|move|p1a: Porygon|Thunderbolt|p2a: Rapidash
|-crit|p2a: Rapidash
|-damage|p2a: Rapidash|64\/100 par
|move|p2a: Rapidash|Fire Blast|p1a: Porygon
|-damage|p1a: Porygon|6\/100
|
|turn|11
|choice||
|
|move|p1a: Porygon|Recover|p1a: Porygon
|-heal|p1a: Porygon|56\/100
|move|p2a: Rapidash|Hyper Beam|p1a: Porygon
|-damage|p1a: Porygon|9\/100
|
|turn|12
|-mustrecharge|p2a: Rapidash
|-mustrecharge|p2a: Rapidash
|choice||
|
|move|p1a: Porygon|Recover|p1a: Porygon
|-heal|p1a: Porygon|59\/100
|cant|p2a: Rapidash|recharge
|
|turn|13
|choice||
|
|move|p1a: Porygon|Recover|p1a: Porygon
|-heal|p1a: Porygon|100\/100
|move|p2a: Rapidash|Fire Blast|p1a: Porygon
|-damage|p1a: Porygon|52\/100
|-status|p1a: Porygon|brn
|
|turn|14
|choice||
|
|move|p1a: Porygon|Thunderbolt|p2a: Rapidash
|-damage|p2a: Rapidash|45\/100 par
|-damage|p1a: Porygon|46\/100 brn|[from] brn|[of] p2a: Rapidash
|move|p2a: Rapidash|Fire Blast|p1a: Porygon
|-damage|p1a: Porygon|0 fnt
|faint|p1a: Porygon
|choice||
|
|switch|p1a: Butterfree|Butterfree, L90|100\/100
|turn|15
|choice||
|
|move|p1a: Butterfree|Psychic|p2a: Rapidash
|-damage|p2a: Rapidash|23\/100 par
|cant|p2a: Rapidash|par
|
|turn|16
|choice||
|
|move|p1a: Butterfree|Psychic|p2a: Rapidash
|-damage|p2a: Rapidash|2\/100 par
|-unboost|p2a: Rapidash|spd|1
|-unboost|p2a: Rapidash|spa|1
|cant|p2a: Rapidash|par
|
|turn|17
|choice||
|
|move|p1a: Butterfree|Psychic|p2a: Rapidash
|-crit|p2a: Rapidash
|-damage|p2a: Rapidash|0 fnt
|faint|p2a: Rapidash
|choice||
|
|switch|p2a: Magmar|Magmar, L90|100\/100
|turn|18
|choice||
|
|move|p2a: Magmar|Fire Blast|p1a: Butterfree
|-supereffective|p1a: Butterfree
|-damage|p1a: Butterfree|5\/100
|move|p1a: Butterfree|Sleep Powder|p2a: Magmar
|-status|p2a: Magmar|slp
|
|turn|19
|choice||
|
|cant|p2a: Magmar|slp
|move|p1a: Butterfree|Psychic|p2a: Magmar
|-crit|p2a: Magmar
|-damage|p2a: Magmar|59\/100 slp
|-unboost|p2a: Magmar|spd|1
|-unboost|p2a: Magmar|spa|1
|
|turn|20
|choice||
|
|cant|p2a: Magmar|slp
|move|p1a: Butterfree|Psychic|p2a: Magmar
|-damage|p2a: Magmar|29\/100 slp
|-unboost|p2a: Magmar|spd|1
|-unboost|p2a: Magmar|spa|1
|
|turn|21
|choice||
|
|cant|p2a: Magmar|slp
|move|p1a: Butterfree|Psychic|p2a: Magmar
|-damage|p2a: Magmar|0 fnt
|faint|p2a: Magmar
|choice||
|
|switch|p2a: Porygon|Porygon, L85|100\/100
|turn|22
|choice||
|
|move|p1a: Butterfree|Sleep Powder|p2a: Porygon|[miss]
|-miss|p1a: Butterfree
|move|p2a: Porygon|Ice Beam|p1a: Butterfree
|-supereffective|p1a: Butterfree
|-damage|p1a: Butterfree|0 fnt
|faint|p1a: Butterfree
|choice||
|
|switch|p1a: Bellsprout|Bellsprout, L96|100\/100
|turn|23
|choice||
|
|move|p1a: Bellsprout|Sleep Powder|p2a: Porygon
|-status|p2a: Porygon|slp
|cant|p2a: Porygon|slp
|
|turn|24
|choice||
|
|move|p1a: Bellsprout|Swords Dance|p1a: Bellsprout
|-boost|p1a: Bellsprout|atk|2
|cant|p2a: Porygon|slp
|
|turn|25
|choice||
|
|switch|p2a: Wigglytuff|Wigglytuff, L90|100\/100
|move|p1a: Bellsprout|Razor Leaf|p2a: Wigglytuff
|-damage|p2a: Wigglytuff|82\/100
|
|turn|26
|choice||
|
|move|p1a: Bellsprout|Sleep Powder|p2a: Wigglytuff
|-message|Sleep Clause Mod activated.
|move|p2a: Wigglytuff|Blizzard|p1a: Bellsprout
|-supereffective|p1a: Bellsprout
|-damage|p1a: Bellsprout|57\/100
|-status|p1a: Bellsprout|frz
|
|turn|27
|choice||
|
|cant|p1a: Bellsprout|frz
|move|p2a: Wigglytuff|Double-Edge|p1a: Bellsprout
|-damage|p1a: Bellsprout|11\/100 frz
|-damage|p2a: Wigglytuff|75\/100|[from] recoil|[of] p1a: Bellsprout
|
|turn|28
|choice||
|
|cant|p1a: Bellsprout|frz
|move|p2a: Wigglytuff|Double-Edge|p1a: Bellsprout
|-damage|p1a: Bellsprout|0 fnt
|-damage|p2a: Wigglytuff|73\/100|[from] recoil|[of] p1a: Bellsprout
|faint|p1a: Bellsprout
|
|win|Eagie
|player|p1
|player|p2
|raw|red atual's rating: 1061 &rarr; <strong>1049<\/strong><br \/>(-12 for losing)
|raw|Eagie's rating: 1199 &rarr; <strong>1214<\/strong><br \/>(+15 for winning)
|l|Eagie