|j|Shpejton
|j|Dervodel2
|player|p1|Shpejton|3
|player|p2|Dervodel2|238
|gametype|singles
|gen|1
|tier|[Gen 1] Random Battle
|rated
|seed|24689,23029,49102,55107
|rule|Sleep Clause Mod: Limit one foe put to sleep
|rule|Freeze Clause Mod: Limit one foe frozen
|rule|HP Percentage Mod: HP is shown in percentages
|
|start
|switch|p1a: Pikachu|Pikachu, L96|262\/262
|switch|p2a: Blastoise|Blastoise, L85|308\/308
|turn|1
|choice|move 2|switch 2
|
|switch|p2a: Gloom|Gloom, L90|291\/291
|move|p1a: Pikachu|Thunder Wave|p2a: Gloom
|-status|p2a: Gloom|par
|
|turn|2
|choice|switch 4|move 4
|
|switch|p1a: Rapidash|Rapidash, L90|300\/300
|cant|p2a: Gloom|par
|
|turn|3
|choice|move 2|switch 2
|
|switch|p2a: Blastoise|Blastoise, L85|308\/308
|move|p1a: Rapidash|Agility|p1a: Rapidash
|-boost|p1a: Rapidash|spe|2
|
|turn|4
|choice|switch 3|move 4
|
|switch|p1a: Wartortle|Wartortle, L85|274\/274
|move|p2a: Blastoise|Surf|p1a: Wartortle
|-resisted|p1a: Wartortle
|-damage|p1a: Wartortle|217\/274
|
|turn|5
|choice|move 2|move 1
|
|move|p2a: Blastoise|Body Slam|p1a: Wartortle
|-crit|p1a: Wartortle
|-damage|p1a: Wartortle|108\/274
|move|p1a: Wartortle|Body Slam|p2a: Blastoise
|-damage|p2a: Blastoise|264\/308
|-status|p2a: Blastoise|par
|
|turn|6
|choice|move 2|move 1
|
|move|p1a: Wartortle|Body Slam|p2a: Blastoise
|-damage|p2a: Blastoise|220\/308 par
|move|p2a: Blastoise|Body Slam|p1a: Wartortle
|-damage|p1a: Wartortle|45\/274
|
|turn|7
|choice|move 3|move 4
|
|move|p1a: Wartortle|Rest|p1a: Wartortle
|-status|p1a: Wartortle|slp
|-heal|p1a: Wartortle|274\/274 slp|[silent]
|-status|p1a: Wartortle|slp|[from] move: Rest
|move|p2a: Blastoise|Surf|p1a: Wartortle
|-resisted|p1a: Wartortle
|-damage|p1a: Wartortle|215\/274 slp
|
|turn|8
|choice|move 2|move 1
|
|cant|p1a: Wartortle|slp
|cant|p2a: Blastoise|par
|
|turn|9
|choice|move 2|move 1
|
|-curestatus|p1a: Wartortle|slp
|move|p2a: Blastoise|Body Slam|p1a: Wartortle
|-damage|p1a: Wartortle|161\/274
|
|turn|10
|choice|move 2|move 1
|
|move|p1a: Wartortle|Body Slam|p2a: Blastoise
|-damage|p2a: Blastoise|178\/308 par
|move|p2a: Blastoise|Body Slam|p1a: Wartortle
|-damage|p1a: Wartortle|98\/274
|
|turn|11
|c|★Dervodel2|get paralized xd
|choice|move 2|move 1
|
|move|p1a: Wartortle|Body Slam|p2a: Blastoise
|-damage|p2a: Blastoise|137\/308 par
|cant|p2a: Blastoise|par
|
|turn|12
|choice|move 2|move 1
|
|move|p1a: Wartortle|Body Slam|p2a: Blastoise
|-crit|p2a: Blastoise
|-damage|p2a: Blastoise|53\/308 par
|move|p2a: Blastoise|Body Slam|p1a: Wartortle
|-damage|p1a: Wartortle|40\/274
|
|turn|13
|choice|move 3|move 2
|
|move|p1a: Wartortle|Rest|p1a: Wartortle
|-status|p1a: Wartortle|slp
|-heal|p1a: Wartortle|274\/274 slp|[silent]
|-status|p1a: Wartortle|slp|[from] move: Rest
|move|p2a: Blastoise|Rest|p2a: Blastoise
|-fail|p2a: Blastoise
|
|turn|14
|c|★Dervodel2|how and why did it fail??
|choice|move 2|move 2
|
|cant|p1a: Wartortle|slp
|move|p2a: Blastoise|Rest|p2a: Blastoise
|-fail|p2a: Blastoise
|
|turn|15
|c|★Shpejton|what?
|c|★Dervodel2|why does my rest fail?
|c|★Shpejton|i dont now sorry
|c|★Dervodel2|its ok :)
|choice|move 2|move 2
|
|-curestatus|p1a: Wartortle|slp
|move|p2a: Blastoise|Rest|p2a: Blastoise
|-fail|p2a: Blastoise
|
|turn|16
|c|★Shpejton|are you from Germany?
|choice|move 2|switch 2
|
|switch|p2a: Gloom|Gloom, L90|291\/291 par
|move|p1a: Wartortle|Body Slam|p2a: Gloom
|-crit|p2a: Gloom
|-damage|p2a: Gloom|187\/291 par
|
|turn|17
|c|★Dervodel2|no sory
|choice|switch 3|move 1
|
|switch|p1a: Rapidash|Rapidash, L90|300\/300
|move|p2a: Gloom|Mega Drain|p1a: Rapidash
|-resisted|p1a: Rapidash
|-damage|p1a: Rapidash|277\/300
|-heal|p2a: Gloom|198\/291 par|[from] drain|[of] p1a: Rapidash
|
|turn|18
|choice|move 2|move 2
|
|move|p1a: Rapidash|Agility|p1a: Rapidash
|-boost|p1a: Rapidash|spe|2
|move|p2a: Gloom|Sleep Powder|p1a: Rapidash
|-status|p1a: Rapidash|slp
|
|turn|19
|c|★Shpejton|no Problem ist just your Name seams german :D
|c|★Shpejton|i hope you understand becous i cant realy good english
|c|★Dervodel2|yeah i know xD
|choice|move 1|switch 2
|
|switch|p2a: Blastoise|Blastoise, L85|53\/308 par
|-curestatus|p1a: Rapidash|slp
|
|turn|20
|c|★Dervodel2|its good enough :)
|choice|move 3|move 2
|
|move|p1a: Rapidash|Body Slam|p2a: Blastoise
|-damage|p2a: Blastoise|0 fnt
|faint|p2a: Blastoise
|c|★Shpejton|okay good:D
|choice||switch 5
|
|switch|p2a: Exeggutor|Exeggutor, L79|312\/312
|turn|21
|c|★Dervodel2|i think its gg
|choice|move 1|move 1
|
|move|p1a: Rapidash|Fire Blast|p2a: Exeggutor
|-supereffective|p2a: Exeggutor
|-damage|p2a: Exeggutor|94\/312
|move|p2a: Exeggutor|Sleep Powder|p1a: Rapidash
|-status|p1a: Rapidash|slp
|
|turn|22
|choice|move 1|switch 3
|
|switch|p2a: Raticate|Raticate, L85|267\/267
|cant|p1a: Rapidash|slp
|
|turn|23
|c|★Shpejton|why ther is evrythink open
|choice|move 3|move 1
|
|cant|p1a: Rapidash|slp
|move|p2a: Raticate|Super Fang|p1a: Rapidash
|-damage|p1a: Rapidash|139\/300 slp
|
|turn|24
|choice|switch 6|move 3
|
|switch|p1a: Blastoise|Blastoise, L85|308\/308
|move|p2a: Raticate|Body Slam|p1a: Blastoise
|-damage|p1a: Blastoise|232\/308
|
|turn|25
|choice|move 1|switch 4
|
|switch|p2a: Lapras|Lapras, L79|367\/367
|move|p1a: Blastoise|Body Slam|p2a: Lapras
|-damage|p2a: Lapras|299\/367
|
|turn|26
|c|★Dervodel2|.. i dont have answers :)
|choice|switch 4|move 4
|
|switch|p1a: Pikachu|Pikachu, L96|262\/262
|move|p2a: Lapras|Confuse Ray|p1a: Pikachu
|-start|p1a: Pikachu|confusion
|
|turn|27
|choice|move 2|switch 3
|
|switch|p2a: Exeggutor|Exeggutor, L79|94\/312
|-activate|p1a: Pikachu|confusion
|move|p1a: Pikachu|Thunder Wave|p2a: Exeggutor
|-status|p2a: Exeggutor|par
|
|turn|28
|choice|switch 4|move 2
|
|switch|p1a: Blastoise|Blastoise, L85|232\/308
|move|p2a: Exeggutor|Egg Bomb|p1a: Blastoise
|-damage|p1a: Blastoise|179\/308
|
|turn|29
|c|★Dervodel2|you are very lucky xD
|choice|move 1|switch 3
|
|switch|p2a: Lapras|Lapras, L79|299\/367
|move|p1a: Blastoise|Body Slam|p2a: Lapras
|-crit|p2a: Lapras
|-damage|p2a: Lapras|166\/367
|-status|p2a: Lapras|par
|
|turn|30
|c|★Shpejton|yeah
|c|★Dervodel2|you play very good as well :)
|c|★Shpejton|but i hate it wen i win becauce hacks
|c|★Dervodel2|:P
|choice|move 1|move 4
|
|move|p1a: Blastoise|Body Slam|p2a: Lapras
|-damage|p2a: Lapras|105\/367 par
|move|p2a: Lapras|Confuse Ray|p1a: Blastoise
|-start|p1a: Blastoise|confusion
|
|turn|31
|choice|move 1|move 2
|
|-activate|p1a: Blastoise|confusion
|move|p1a: Blastoise|Body Slam|p2a: Lapras
|-damage|p2a: Lapras|41\/367 par
|move|p2a: Lapras|Rest|p2a: Lapras
|-status|p2a: Lapras|slp
|-heal|p2a: Lapras|367\/367 slp|[silent]
|-status|p2a: Lapras|slp|[from] move: Rest
|
|turn|32
|choice|move 1|move 1
|
|-activate|p1a: Blastoise|confusion
|-damage|p1a: Blastoise|152\/308|[from] confusion
|cant|p2a: Lapras|slp
|
|turn|33
|c|★Shpejton|thanks i usualy Play oras but a Boy toledme that you kann Play first gen on Showdown so i tried it
|choice|move 1|move 1
|
|-activate|p1a: Blastoise|confusion
|-damage|p1a: Blastoise|125\/308|[from] confusion
|-curestatus|p2a: Lapras|slp
|
|turn|34
|c|★Shpejton|ist the third game i Play hahah
|c|★Dervodel2|i only know gen 1 :P
|choice|move 1|move 1
|
|-end|p1a: Blastoise|confusion
|move|p1a: Blastoise|Body Slam|p2a: Lapras
|-damage|p2a: Lapras|299\/367
|move|p2a: Lapras|Thunderbolt|p1a: Blastoise
|-crit|p1a: Blastoise
|-supereffective|p1a: Blastoise
|-damage|p1a: Blastoise|0 fnt
|faint|p1a: Blastoise
|c|★Shpejton|ist the best game
|choice|switch 2|
|
|switch|p1a: Weezing|Weezing, L90|300\/300
|turn|35
|c|★Shpejton|best gen
|choice|move 3|move 4
|
|move|p1a: Weezing|Thunder|p2a: Lapras
|-supereffective|p2a: Lapras
|-damage|p2a: Lapras|122\/367
|move|p2a: Lapras|Confuse Ray|p1a: Weezing
|-start|p1a: Weezing|confusion
|
|turn|36
|choice|switch 3|move 3
|
|switch|p1a: Wartortle|Wartortle, L85|274\/274
|move|p2a: Lapras|Blizzard|p1a: Wartortle
|-crit|p1a: Wartortle
|-resisted|p1a: Wartortle
|-damage|p1a: Wartortle|151\/274
|
|turn|37
|choice|move 2|move 1
|
|move|p1a: Wartortle|Body Slam|p2a: Lapras
|-damage|p2a: Lapras|69\/367
|-status|p2a: Lapras|par
|cant|p2a: Lapras|par
|
|turn|38
|c|★Dervodel2|lol
|choice|move 2|move 2
|
|move|p1a: Wartortle|Body Slam|p2a: Lapras
|-damage|p2a: Lapras|13\/367 par
|move|p2a: Lapras|Rest|p2a: Lapras
|-status|p2a: Lapras|slp
|-heal|p2a: Lapras|367\/367 slp|[silent]
|-status|p2a: Lapras|slp|[from] move: Rest
|
|turn|39
|c|★Shpejton|i hate it hahah
|choice|switch 4|move 4
|
|switch|p1a: Pikachu|Pikachu, L96|262\/262
|cant|p2a: Lapras|slp
|
|turn|40
|choice|move 1|switch 2
|
|switch|p2a: Gloom|Gloom, L90|198\/291 par
|move|p1a: Pikachu|Thunderbolt|p2a: Gloom
|-crit|p2a: Gloom
|-resisted|p2a: Gloom
|-damage|p2a: Gloom|119\/291 par
|
|turn|41
|choice|switch 3|move 4
|
|switch|p1a: Weezing|Weezing, L90|300\/300
|cant|p2a: Gloom|par
|
|turn|42
|c|★Dervodel2|stupid fire blast
|choice|move 4|move 3
|
|move|p1a: Weezing|Fire Blast|p2a: Gloom
|-supereffective|p2a: Gloom
|-damage|p2a: Gloom|0 fnt
|faint|p2a: Gloom
|choice||switch 4
|
|switch|p2a: Raticate|Raticate, L85|267\/267
|turn|43
|c|★Shpejton|i wonder that i hit evry time
|choice|switch 4|move 1
|
|switch|p1a: Wartortle|Wartortle, L85|151\/274
|move|p2a: Raticate|Super Fang|p1a: Wartortle
|-damage|p1a: Wartortle|76\/274
|
|turn|44
|c|★Dervodel2|xD
|c|★Dervodel2|yes you did
|choice|move 2|move 3
|
|move|p2a: Raticate|Body Slam|p1a: Wartortle
|-damage|p1a: Wartortle|0 fnt
|faint|p1a: Wartortle
|c|★Shpejton|but in oras i lose evrytime becauce hacks and now...
|choice|switch 5|
|
|switch|p1a: Kadabra|Kadabra, L85|242\/242
|turn|45
|c|★Dervodel2|haha xD
|c|★Dervodel2|its just for fun i guess
|choice|move 3|switch 3
|
|switch|p2a: Exeggutor|Exeggutor, L79|94\/312 par
|move|p1a: Kadabra|Reflect|p1a: Kadabra
|-start|p1a: Kadabra|Reflect
|
|turn|46
|choice|move 1|move 3
|
|move|p1a: Kadabra|Psychic|p2a: Exeggutor
|-resisted|p2a: Exeggutor
|-damage|p2a: Exeggutor|43\/312 par
|-unboost|p2a: Exeggutor|spd|1
|-unboost|p2a: Exeggutor|spa|1
|move|p2a: Exeggutor|Explosion|p1a: Kadabra
|-damage|p1a: Kadabra|63\/242
|faint|p2a: Exeggutor
|choice||switch 3
|
|switch|p2a: Raticate|Raticate, L85|267\/267
|turn|47
|choice|move 4|move 3
|
|move|p1a: Kadabra|Recover|p1a: Kadabra
|-heal|p1a: Kadabra|184\/242
|move|p2a: Raticate|Body Slam|p1a: Kadabra
|-damage|p1a: Kadabra|113\/242
|-status|p1a: Kadabra|par
|
|turn|48
|choice|move 1|move 2
|
|move|p2a: Raticate|Hyper Beam|p1a: Kadabra
|-damage|p1a: Kadabra|0 fnt
|faint|p1a: Kadabra
|choice|switch 6|
|
|switch|p1a: Rapidash|Rapidash, L90|139\/300 slp
|turn|49
|choice|move 4|move 3
|
|-curestatus|p1a: Rapidash|slp
|move|p2a: Raticate|Body Slam|p1a: Rapidash
|-damage|p1a: Rapidash|44\/300
|
|turn|50
|c|★Dervodel2|damn
|choice|move 4|move 3
|
|move|p1a: Rapidash|Hyper Beam|p2a: Raticate
|-damage|p2a: Raticate|113\/267
|move|p2a: Raticate|Body Slam|p1a: Rapidash
|-damage|p1a: Rapidash|0 fnt
|faint|p1a: Rapidash
|choice|switch 3|
|
|switch|p1a: Pikachu|Pikachu, L96|262\/262
|turn|51
|c|★Dervodel2|pikachu is gonna get me
|c|★Dervodel2|are you ash?
|choice|move 1|move 2
|
|move|p1a: Pikachu|Thunderbolt|p2a: Raticate
|-damage|p2a: Raticate|0 fnt
|faint|p2a: Raticate
|choice||switch 6
|
|switch|p2a: Jynx|Jynx, L79|265\/265
|turn|52
|c|★Shpejton|maby
|c|★Shpejton|haha
|choice|move 2|move 3
|
|move|p1a: Pikachu|Thunder Wave|p2a: Jynx
|-status|p2a: Jynx|par
|cant|p2a: Jynx|par
|
|turn|53
|choice|move 1|move 3
|
|move|p1a: Pikachu|Thunderbolt|p2a: Jynx
|-damage|p2a: Jynx|181\/265 par
|move|p2a: Jynx|Lovely Kiss|p1a: Pikachu|[miss]
|-miss|p2a: Jynx
|
|turn|54
|c|★Dervodel2|i get paralized avery time
|c|★Dervodel2|and my pokemon are blind
|choice|move 1|move 3
|
|move|p1a: Pikachu|Thunderbolt|p2a: Jynx
|-damage|p2a: Jynx|89\/265 par
|move|p2a: Jynx|Lovely Kiss|p1a: Pikachu
|-status|p1a: Pikachu|slp
|
|turn|55
|c|★Shpejton|yelow was the first pokemon game i played
|c|★Shpejton|so pikachu like me
|c|★Shpejton|hahah
|c|★Dervodel2|^^
|choice|move 1|switch 2
|
|switch|p2a: Lapras|Lapras, L79|367\/367 slp
|cant|p1a: Pikachu|slp
|
|turn|56
|choice|move 1|move 4
|
|cant|p1a: Pikachu|slp
|-curestatus|p2a: Lapras|slp
|
|turn|57
|c|★Shpejton|are you the top 4
|choice|move 1|switch 2
|
|switch|p2a: Jynx|Jynx, L79|89\/265 par
|cant|p1a: Pikachu|slp
|
|turn|58
|c|★Dervodel2|not by far
|c|★Dervodel2|this is my third account :P
|choice|move 1|move 2
|
|cant|p1a: Pikachu|slp
|move|p2a: Jynx|Psychic|p1a: Pikachu
|-damage|p1a: Pikachu|155\/262 slp
|
|turn|59
|choice|move 1|move 4
|
|cant|p1a: Pikachu|slp
|move|p2a: Jynx|Blizzard|p1a: Pikachu
|-damage|p1a: Pikachu|30\/262 slp
|
|turn|60
|c|★Shpejton|okay me pikachu dont want to wake up
|c|★Shpejton|hhahaha
|choice|move 1|move 2
|
|-curestatus|p1a: Pikachu|slp
|move|p2a: Jynx|Psychic|p1a: Pikachu
|-damage|p1a: Pikachu|0 fnt
|faint|p1a: Pikachu
|choice|switch 4|
|
|switch|p1a: Weezing|Weezing, L90|300\/300
|turn|61
|choice|move 4|move 2
|
|move|p1a: Weezing|Fire Blast|p2a: Jynx
|-supereffective|p2a: Jynx
|-damage|p2a: Jynx|0 fnt
|faint|p2a: Jynx
|choice||switch 2
|
|switch|p2a: Lapras|Lapras, L79|367\/367
|turn|62
|c|★Dervodel2|its gonna be close xD
|choice|move 3|move 4
|
|move|p1a: Weezing|Thunder|p2a: Lapras
|-supereffective|p2a: Lapras
|-damage|p2a: Lapras|176\/367
|move|p2a: Lapras|Confuse Ray|p1a: Weezing
|-start|p1a: Weezing|confusion
|
|turn|63
|c|★Shpejton|you will win
|c|★Shpejton|i think
|c|★Dervodel2|no way
|choice|move 3|move 3
|
|-activate|p1a: Weezing|confusion
|-damage|p1a: Weezing|273\/300|[from] confusion
|move|p2a: Lapras|Blizzard|p1a: Weezing|[miss]
|-miss|p2a: Lapras
|
|turn|64
|c|★Dervodel2|-.-
|choice|move 3|move 3
|
|-activate|p1a: Weezing|confusion
|-damage|p1a: Weezing|246\/300|[from] confusion
|move|p2a: Lapras|Blizzard|p1a: Weezing|[miss]
|-miss|p2a: Lapras
|
|turn|65
|c|★Shpejton|you are the winner cauce my hacks ;)
|choice|move 3|move 3
|
|-activate|p1a: Weezing|confusion
|-damage|p1a: Weezing|219\/300|[from] confusion
|move|p2a: Lapras|Blizzard|p1a: Weezing
|-damage|p1a: Weezing|117\/300
|
|turn|66
|choice|move 3|move 3
|
|-end|p1a: Weezing|confusion
|move|p1a: Weezing|Thunder|p2a: Lapras|[miss]
|-miss|p1a: Weezing
|move|p2a: Lapras|Blizzard|p1a: Weezing
|-damage|p1a: Weezing|16\/300
|
|turn|67
|c|★Dervodel2|xD
|c|★Shpejton|gg
|c|★Shpejton|hahaha
|c|★Dervodel2|if my poke wouldnt be blinde i would have you
|c|★Dervodel2|but gg :)
|c|★Dervodel2|have a good one :)
|choice|move 3|move 1
|
|move|p1a: Weezing|Thunder|p2a: Lapras
|-supereffective|p2a: Lapras
|-damage|p2a: Lapras|8\/367
|move|p2a: Lapras|Thunderbolt|p1a: Weezing
|-damage|p1a: Weezing|0 fnt
|faint|p1a: Weezing
|
|win|Dervodel2
|player|p1
|player|p2
|c|★Shpejton|hahah maby
|c|★Dervodel2|lol wut?