|j|Pr0n Snow
|j|Da Maw
|player|p1|Pr0n Snow|96
|player|p2|Da Maw|167
|gametype|singles
|gen|1
|tier|[Gen 1] OU
|rated
|seed|698,11081,36894,11468
|rule|Sleep Clause Mod: Limit one foe put to sleep
|rule|Freeze Clause Mod: Limit one foe frozen
|rule|Species Clause: Limit one of each Pokémon
|rule|OHKO Clause: OHKO moves are banned
|rule|Evasion Moves Clause: Evasion moves are banned
|rule|HP Percentage Mod: HP is shown in percentages
|
|start
|switch|p1a: Gengar|Gengar|323\/323
|switch|p2a: Alakazam|Alakazam|313\/313
|turn|1
|choice|switch 3|move 2
|
|switch|p1a: Chansey|Chansey|703\/703
|move|p2a: Alakazam|Thunder Wave|p1a: Chansey
|-status|p1a: Chansey|par
|
|turn|2
|j|Ch01W0n5h1n
|choice|move 1|switch 2
|
|switch|p2a: Exeggutor|Exeggutor|393\/393
|move|p1a: Chansey|Ice Beam|p2a: Exeggutor
|-supereffective|p2a: Exeggutor
|-damage|p2a: Exeggutor|268\/393
|
|turn|3
|choice|move 1|switch 5
|
|switch|p2a: Lapras|Lapras|463\/463
|move|p1a: Chansey|Ice Beam|p2a: Lapras
|-crit|p2a: Lapras
|-resisted|p2a: Lapras
|-damage|p2a: Lapras|424\/463
|
|turn|4
|choice|move 2|move 3
|
|move|p2a: Lapras|Confuse Ray|p1a: Chansey
|-start|p1a: Chansey|confusion
|-activate|p1a: Chansey|confusion
|-damage|p1a: Chansey|668\/703 par|[from] confusion
|
|turn|5
|choice|move 2|switch 4
|
|switch|p2a: Tauros|Tauros|353\/353
|-activate|p1a: Chansey|confusion
|cant|p1a: Chansey|par
|
|turn|6
|choice|move 4|move 2
|
|move|p2a: Tauros|Earthquake|p1a: Chansey
|-damage|p1a: Chansey|450\/703 par
|-activate|p1a: Chansey|confusion
|move|p1a: Chansey|Thunder Wave|p2a: Tauros
|-status|p2a: Tauros|par
|
|turn|7
|choice|switch 4|move 1
|
|switch|p1a: Snorlax|Snorlax|523\/523
|move|p2a: Tauros|Body Slam|p1a: Snorlax
|-damage|p1a: Snorlax|393\/523
|
|turn|8
|choice|move 1|move 1
|
|move|p1a: Snorlax|Body Slam|p2a: Tauros
|-damage|p2a: Tauros|234\/353 par
|move|p2a: Tauros|Body Slam|p1a: Snorlax
|-crit|p1a: Snorlax
|-damage|p1a: Snorlax|156\/523
|
|turn|9
|choice|move 4|switch 6
|
|switch|p2a: Snorlax|Snorlax|523\/523
|move|p1a: Snorlax|Self-Destruct|p2a: Snorlax
|-damage|p2a: Snorlax|113\/523
|faint|p1a: Snorlax
|choice|switch 2|
|
|switch|p1a: Alakazam|Alakazam|313\/313
|turn|10
|choice|move 1|switch 5
|
|switch|p2a: Exeggutor|Exeggutor|268\/393
|move|p1a: Alakazam|Psychic|p2a: Exeggutor
|-resisted|p2a: Exeggutor
|-damage|p2a: Exeggutor|215\/393
|
|turn|11
|choice|switch 4|move 1
|
|switch|p1a: Chansey|Chansey|450\/703 par
|move|p2a: Exeggutor|Leech Seed|p1a: Chansey
|-start|p1a: Chansey|move: Leech Seed
|
|turn|12
|choice|move 1|move 3
|
|move|p2a: Exeggutor|Psychic|p1a: Chansey
|-damage|p1a: Chansey|333\/703 par
|move|p1a: Chansey|Ice Beam|p2a: Exeggutor
|-crit|p2a: Exeggutor
|-supereffective|p2a: Exeggutor
|-damage|p2a: Exeggutor|0 fnt
|faint|p2a: Exeggutor
|choice||switch 6
|
|switch|p2a: Tauros|Tauros|234\/353 par
|turn|13
|choice|switch 6|move 1
|
|switch|p1a: Golem|Golem|363\/363
|move|p2a: Tauros|Body Slam|p1a: Golem
|-resisted|p1a: Golem
|-damage|p1a: Golem|320\/363
|
|turn|14
|choice|move 1|move 4
|
|move|p1a: Golem|Earthquake|p2a: Tauros
|-damage|p2a: Tauros|100\/353 par
|move|p2a: Tauros|Blizzard|p1a: Golem
|-crit|p1a: Golem
|-supereffective|p1a: Golem
|-damage|p1a: Golem|0 fnt
|faint|p1a: Golem
|choice|switch 5|
|
|switch|p1a: Tauros|Tauros|353\/353
|turn|15
|choice|move 2|move 3
|
|move|p1a: Tauros|Body Slam|p2a: Tauros
|-damage|p2a: Tauros|3\/353 par
|move|p2a: Tauros|Hyper Beam|p1a: Tauros
|-damage|p1a: Tauros|164\/353
|
|turn|16
|-mustrecharge|p2a: Tauros
|-mustrecharge|p2a: Tauros
|choice|move 2|move 1
|
|move|p1a: Tauros|Body Slam|p2a: Tauros
|-damage|p2a: Tauros|0 fnt
|faint|p2a: Tauros
|choice||switch 2
|
|switch|p2a: Alakazam|Alakazam|313\/313
|turn|17
|choice|switch 4|move 1
|
|switch|p1a: Alakazam|Alakazam|313\/313
|move|p2a: Alakazam|Psychic|p1a: Alakazam
|-resisted|p1a: Alakazam
|-damage|p1a: Alakazam|263\/313
|
|turn|18
|choice|move 3|switch 5
|
|switch|p2a: Snorlax|Snorlax|113\/523
|move|p1a: Alakazam|Thunder Wave|p2a: Snorlax
|-status|p2a: Snorlax|par
|
|turn|19
|choice|move 1|move 2
|
|move|p1a: Alakazam|Psychic|p2a: Snorlax
|-crit|p2a: Snorlax
|-damage|p2a: Snorlax|0 fnt
|faint|p2a: Snorlax
|choice||switch 5
|
|switch|p2a: Alakazam|Alakazam|313\/313
|turn|20
|choice|move 3|move 2
|
|move|p2a: Alakazam|Thunder Wave|p1a: Alakazam
|-status|p1a: Alakazam|par
|move|p1a: Alakazam|Thunder Wave|p2a: Alakazam
|-status|p2a: Alakazam|par
|
|turn|21
|choice|move 1|move 1
|
|move|p2a: Alakazam|Psychic|p1a: Alakazam
|-resisted|p1a: Alakazam
|-damage|p1a: Alakazam|211\/313 par
|-unboost|p1a: Alakazam|spd|1
|-unboost|p1a: Alakazam|spa|1
|move|p1a: Alakazam|Psychic|p2a: Alakazam
|-crit|p2a: Alakazam
|-resisted|p2a: Alakazam
|-damage|p2a: Alakazam|218\/313 par
|
|turn|22
|choice|switch 6|move 1
|
|switch|p1a: Chansey|Chansey|333\/703 par
|cant|p2a: Alakazam|par
|
|turn|23
|choice|move 3|move 4
|
|cant|p2a: Alakazam|par
|move|p1a: Chansey|Soft-Boiled|p1a: Chansey
|-heal|p1a: Chansey|684\/703 par
|
|turn|24
|choice|move 1|move 1
|
|move|p2a: Alakazam|Psychic|p1a: Chansey
|-damage|p1a: Chansey|557\/703 par
|move|p1a: Chansey|Ice Beam|p2a: Alakazam
|-damage|p2a: Alakazam|159\/313 par
|
|turn|25
|choice|move 1|move 3
|
|move|p2a: Alakazam|Recover|p2a: Alakazam
|-heal|p2a: Alakazam|313\/313 par
|move|p1a: Chansey|Ice Beam|p2a: Alakazam
|-damage|p2a: Alakazam|250\/313 par
|
|turn|26
|choice|move 1|move 1
|
|move|p2a: Alakazam|Psychic|p1a: Chansey
|-damage|p1a: Chansey|424\/703 par
|move|p1a: Chansey|Ice Beam|p2a: Alakazam
|-damage|p2a: Alakazam|192\/313 par
|
|turn|27
|choice|move 3|move 1
|
|move|p2a: Alakazam|Psychic|p1a: Chansey
|-crit|p1a: Chansey
|-damage|p1a: Chansey|194\/703 par
|move|p1a: Chansey|Soft-Boiled|p1a: Chansey
|-heal|p1a: Chansey|545\/703 par
|
|turn|28
|choice|switch 4|move 1
|
|switch|p1a: Tauros|Tauros|164\/353
|move|p2a: Alakazam|Psychic|p1a: Tauros
|-damage|p1a: Tauros|0 fnt
|faint|p1a: Tauros
|choice|switch 4|
|
|switch|p1a: Chansey|Chansey|545\/703 par
|turn|29
|j|CrobatFan
|choice|move 1|move 1
|
|move|p2a: Alakazam|Psychic|p1a: Chansey
|-damage|p1a: Chansey|428\/703 par
|-unboost|p1a: Chansey|spd|1
|-unboost|p1a: Chansey|spa|1
|move|p1a: Chansey|Ice Beam|p2a: Alakazam
|-damage|p2a: Alakazam|153\/313 par
|
|turn|30
|choice|move 3|move 3
|
|move|p2a: Alakazam|Recover|p2a: Alakazam
|-heal|p2a: Alakazam|309\/313 par
|move|p1a: Chansey|Soft-Boiled|p1a: Chansey
|-heal|p1a: Chansey|703\/703 par
|
|turn|31
|choice|switch 6|move 1
|
|switch|p1a: Alakazam|Alakazam|211\/313 par
|move|p2a: Alakazam|Psychic|p1a: Alakazam
|-crit|p1a: Alakazam
|-resisted|p1a: Alakazam
|-damage|p1a: Alakazam|104\/313 par
|
|turn|32
|choice|move 2|move 4
|
|cant|p2a: Alakazam|par
|move|p1a: Alakazam|Recover|p1a: Alakazam
|-heal|p1a: Alakazam|260\/313 par
|
|turn|33
|choice|move 1|move 4
|
|move|p1a: Alakazam|Psychic|p2a: Alakazam
|-resisted|p2a: Alakazam
|-damage|p2a: Alakazam|255\/313 par
|move|p2a: Alakazam|Seismic Toss|p1a: Alakazam
|-damage|p1a: Alakazam|160\/313 par
|
|turn|34
|choice|move 2|move 4
|
|cant|p2a: Alakazam|par
|move|p1a: Alakazam|Recover|p1a: Alakazam
|-heal|p1a: Alakazam|313\/313 par
|
|turn|35
|choice|move 1|move 4
|
|move|p1a: Alakazam|Psychic|p2a: Alakazam
|-crit|p2a: Alakazam
|-resisted|p2a: Alakazam
|-damage|p2a: Alakazam|146\/313 par
|cant|p2a: Alakazam|par
|
|turn|36
|choice|move 1|move 3
|
|move|p2a: Alakazam|Recover|p2a: Alakazam
|-heal|p2a: Alakazam|302\/313 par
|move|p1a: Alakazam|Psychic|p2a: Alakazam
|-resisted|p2a: Alakazam
|-damage|p2a: Alakazam|247\/313 par
|
|turn|37
|choice|switch 6|move 4
|
|switch|p1a: Chansey|Chansey|703\/703 par
|move|p2a: Alakazam|Seismic Toss|p1a: Chansey
|-damage|p1a: Chansey|603\/703 par
|
|turn|38
|choice|move 1|move 4
|
|move|p2a: Alakazam|Seismic Toss|p1a: Chansey
|-damage|p1a: Chansey|503\/703 par
|move|p1a: Chansey|Ice Beam|p2a: Alakazam
|-damage|p2a: Alakazam|186\/313 par
|
|turn|39
|choice|move 2|move 1
|
|move|p2a: Alakazam|Psychic|p1a: Chansey
|-damage|p1a: Chansey|373\/703 par
|-unboost|p1a: Chansey|spd|1
|-unboost|p1a: Chansey|spa|1
|cant|p1a: Chansey|par
|
|turn|40
|choice|move 3|move 1
|
|cant|p2a: Alakazam|par
|cant|p1a: Chansey|par
|
|turn|41
|choice|move 3|move 1
|
|move|p2a: Alakazam|Psychic|p1a: Chansey
|-crit|p1a: Chansey
|-damage|p1a: Chansey|110\/703 par
|move|p1a: Chansey|Soft-Boiled|p1a: Chansey
|-heal|p1a: Chansey|461\/703 par
|
|turn|42
|choice|switch 6|move 1
|
|switch|p1a: Alakazam|Alakazam|313\/313 par
|cant|p2a: Alakazam|par
|
|turn|43
|choice|move 1|move 3
|
|cant|p1a: Alakazam|par
|move|p2a: Alakazam|Recover|p2a: Alakazam
|-heal|p2a: Alakazam|313\/313 par
|
|turn|44
|choice|move 4|move 4
|
|move|p2a: Alakazam|Seismic Toss|p1a: Alakazam
|-damage|p1a: Alakazam|213\/313 par
|move|p1a: Alakazam|Reflect|p1a: Alakazam
|-start|p1a: Alakazam|Reflect
|
|turn|45
|choice|move 2|move 4
|
|move|p2a: Alakazam|Seismic Toss|p1a: Alakazam
|-damage|p1a: Alakazam|113\/313 par
|move|p1a: Alakazam|Recover|p1a: Alakazam
|-heal|p1a: Alakazam|269\/313 par
|
|turn|46
|choice|switch 3|move 4
|
|switch|p1a: Gengar|Gengar|323\/323
|move|p2a: Alakazam|Seismic Toss|p1a: Gengar
|-damage|p1a: Gengar|223\/323
|
|turn|47
|c|★Da Maw|whoa, i didn't know that would hit!
|choice|move 3|move 2
|
|move|p1a: Gengar|Explosion|p2a: Alakazam
|-crit|p2a: Alakazam
|-damage|p2a: Alakazam|0 fnt
|faint|p2a: Alakazam
|faint|p1a: Gengar
|c|★Da Maw|nice!!
|c|★Pr0n Snow|yea lol
|c|★Pr0n Snow|god i hate zam stall
|c|★Pr0n Snow|it's been half of my matches today
|c|★Da Maw|i love it, zam is one of my all time faves :)
|choice|switch 3|switch 4
|
|switch|p2a: Lapras|Lapras|424\/463
|switch|p1a: Alakazam|Alakazam|269\/313 par
|turn|48
|choice|move 1|move 3
|
|move|p2a: Lapras|Confuse Ray|p1a: Alakazam
|-start|p1a: Alakazam|confusion
|-activate|p1a: Alakazam|confusion
|cant|p1a: Alakazam|par
|
|turn|49
|choice|move 3|move 2
|
|move|p2a: Lapras|Body Slam|p1a: Alakazam
|-crit|p1a: Alakazam
|-damage|p1a: Alakazam|88\/313 par
|-end|p1a: Alakazam|confusion
|move|p1a: Alakazam|Thunder Wave|p2a: Lapras
|-status|p2a: Lapras|par
|
|turn|50
|choice|move 2|move 2
|
|move|p1a: Alakazam|Recover|p1a: Alakazam
|-heal|p1a: Alakazam|244\/313 par
|cant|p2a: Lapras|par
|
|turn|51
|choice|move 4|move 2
|
|move|p1a: Alakazam|Reflect|p1a: Alakazam
|-start|p1a: Alakazam|Reflect
|move|p2a: Lapras|Body Slam|p1a: Alakazam
|-crit|p1a: Alakazam
|-damage|p1a: Alakazam|62\/313 par
|
|turn|52
|choice|move 2|move 3
|
|move|p1a: Alakazam|Recover|p1a: Alakazam
|-heal|p1a: Alakazam|218\/313 par
|move|p2a: Lapras|Confuse Ray|p1a: Alakazam
|-start|p1a: Alakazam|confusion
|
|turn|53
|choice|move 1|move 2
|
|-activate|p1a: Alakazam|confusion
|-damage|p1a: Alakazam|181\/313 par|[from] confusion
|move|p2a: Lapras|Body Slam|p1a: Alakazam
|-crit|p1a: Alakazam
|-damage|p1a: Alakazam|0 fnt
|faint|p1a: Alakazam
|c|★Pr0n Snow|...wow
|choice|switch 6|
|
|switch|p1a: Chansey|Chansey|461\/703 par
|turn|54
|c|★Da Maw|yeah lapras, didn't see it coming but it's been so damn good
|choice|move 3|move 3
|
|move|p2a: Lapras|Confuse Ray|p1a: Chansey
|-start|p1a: Chansey|confusion
|-activate|p1a: Chansey|confusion
|move|p1a: Chansey|Soft-Boiled|p1a: Chansey
|-heal|p1a: Chansey|703\/703 par
|
|turn|55
|c|★Pr0n Snow|lapras's crit rate isn't even that good in gen 1
|choice|move 2|move 2
|
|move|p2a: Lapras|Body Slam|p1a: Chansey
|-damage|p1a: Chansey|532\/703 par
|-activate|p1a: Chansey|confusion
|-damage|p1a: Chansey|497\/703 par|[from] confusion
|
|turn|56
|choice|move 2|move 2
|
|move|p2a: Lapras|Body Slam|p1a: Chansey
|-damage|p1a: Chansey|339\/703 par
|-activate|p1a: Chansey|confusion
|move|p1a: Chansey|Thunderbolt|p2a: Lapras
|-supereffective|p2a: Lapras
|-damage|p2a: Lapras|273\/463 par
|
|turn|57
|choice|move 3|move 2
|
|move|p2a: Lapras|Body Slam|p1a: Chansey
|-damage|p1a: Chansey|172\/703 par
|-end|p1a: Chansey|confusion
|cant|p1a: Chansey|par
|
|turn|58
|c| Ch01W0n5h1n|i prefer cloyster over lapras
|choice|move 3|move 3
|
|move|p2a: Lapras|Confuse Ray|p1a: Chansey
|-start|p1a: Chansey|confusion
|-activate|p1a: Chansey|confusion
|-damage|p1a: Chansey|137\/703 par|[from] confusion
|
|turn|59
|c|★Pr0n Snow|....
|c|★Pr0n Snow|gg
|c|★Da Maw|gg wp
|choice|move 3|move 2
|
|move|p2a: Lapras|Body Slam|p1a: Chansey
|-damage|p1a: Chansey|0 fnt
|faint|p1a: Chansey
|
|win|Da Maw
|player|p1
|player|p2
|raw|Pr0n Snow's rating: 1288 &rarr; <strong>1262<\/strong><br \/>(-26 for losing)
|raw|Da Maw's rating: 1275 &rarr; <strong>1301<\/strong><br \/>(+26 for winning)
|l|Da Maw