|join|Amourson
|join|PickledBeets
|player|p1|Amourson|163
|player|p2|PickledBeets|162
|gametype|singles
|gen|1
|tier|[Gen 1] Random Battle
|rated
|seed|53725,46124,44196,14345
|rule|Sleep Clause Mod: Limit one foe put to sleep
|rule|Freeze Clause Mod: Limit one foe frozen
|rule|HP Percentage Mod: HP is shown in percentages
|
|start
|switch|p1a: Charmeleon|Charmeleon, L85|272\/272
|switch|p2a: Paras|Paras, L96|262\/262
|turn|1
|choice|move 3|move 1
|
|move|p1a: Charmeleon|Fire Blast|p2a: Paras
|-supereffective|p2a: Paras
|-damage|p2a: Paras|0 fnt
|faint|p2a: Paras
|choice||switch 2
|
|switch|p2a: Diglett|Diglett, L96|214\/214
|turn|2
|choice|switch 4|move 1
|
|switch|p1a: Charizard|Charizard, L85|306\/306
|move|p2a: Diglett|Earthquake|p1a: Charizard
|-immune|p1a: Charizard|[msg]
|
|turn|3
|choice|move 3|move 2
|
|move|p2a: Diglett|Sand Attack|p1a: Charizard
|-unboost|p1a: Charizard|accuracy|1
|move|p1a: Charizard|Swords Dance|p1a: Charizard
|-boost|p1a: Charizard|atk|2
|
|turn|4
|choice|move 4|move 3
|
|move|p2a: Diglett|Substitute|p2a: Diglett
|-start|p2a: Diglett|Substitute
|-damage|p2a: Diglett|161\/214
|move|p1a: Charizard|Body Slam|p2a: Diglett
|-end|p2a: Diglett|Substitute
|
|turn|5
|choice|move 4|move 3
|
|move|p2a: Diglett|Substitute|p2a: Diglett
|-start|p2a: Diglett|Substitute
|-damage|p2a: Diglett|108\/214
|move|p1a: Charizard|Body Slam|p2a: Diglett|[miss]
|-miss|p1a: Charizard
|
|turn|6
|choice|move 4|move 4
|
|move|p2a: Diglett|Slash|p1a: Charizard
|-crit|p1a: Charizard
|-damage|p1a: Charizard|216\/306
|move|p1a: Charizard|Body Slam|p2a: Diglett|[miss]
|-miss|p1a: Charizard
|
|turn|7
|choice|move 4|move 4
|
|move|p2a: Diglett|Slash|p1a: Charizard
|-crit|p1a: Charizard
|-damage|p1a: Charizard|128\/306
|move|p1a: Charizard|Body Slam|p2a: Diglett
|-end|p2a: Diglett|Substitute
|
|turn|8
|choice|move 4|move 3
|
|move|p2a: Diglett|Substitute|p2a: Diglett
|-start|p2a: Diglett|Substitute
|-damage|p2a: Diglett|55\/214
|move|p1a: Charizard|Body Slam|p2a: Diglett
|-crit|p2a: Diglett
|-end|p2a: Diglett|Substitute
|
|turn|9
|choice|move 4|move 3
|
|move|p2a: Diglett|Substitute|p2a: Diglett
|-start|p2a: Diglett|Substitute
|-damage|p2a: Diglett|2\/214
|move|p1a: Charizard|Body Slam|p2a: Diglett|[miss]
|-miss|p1a: Charizard
|
|turn|10
|choice|move 4|move 4
|
|move|p2a: Diglett|Slash|p1a: Charizard
|-crit|p1a: Charizard
|-damage|p1a: Charizard|30\/306
|move|p1a: Charizard|Body Slam|p2a: Diglett
|-end|p2a: Diglett|Substitute
|
|turn|11
|choice|move 4|move 4
|
|move|p2a: Diglett|Slash|p1a: Charizard
|-crit|p1a: Charizard
|-damage|p1a: Charizard|0 fnt
|faint|p1a: Charizard
|choice|switch 5|
|
|switch|p1a: Parasect|Parasect, L90|291\/291
|turn|12
|choice|move 1|move 2
|
|move|p2a: Diglett|Sand Attack|p1a: Parasect
|-unboost|p1a: Parasect|accuracy|1
|move|p1a: Parasect|Body Slam|p2a: Diglett
|-damage|p2a: Diglett|0 fnt
|faint|p2a: Diglett
|choice||switch 4
|
|switch|p2a: Ninetales|Ninetales, L85|298\/298
|turn|13
|choice|switch 2|move 2
|
|switch|p1a: Krabby|Krabby, L96|252\/252
|move|p2a: Ninetales|Confuse Ray|p1a: Krabby
|-start|p1a: Krabby|confusion
|
|turn|14
|choice|move 1|switch 6
|
|switch|p2a: Slowbro|Slowbro, L79|312\/312
|-activate|p1a: Krabby|confusion
|move|p1a: Krabby|Crabhammer|p2a: Slowbro|[miss]
|-miss|p1a: Krabby
|
|turn|15
|choice|switch 3|move 2
|
|switch|p1a: Machamp|Machamp, L90|345\/345
|move|p2a: Slowbro|Thunder Wave|p1a: Machamp
|-status|p1a: Machamp|par
|
|turn|16
|choice|move 4|move 3
|
|move|p2a: Slowbro|Surf|p1a: Machamp
|-damage|p1a: Machamp|260\/345 par
|cant|p1a: Machamp|par
|
|turn|17
|choice|move 4|move 4
|
|move|p2a: Slowbro|Amnesia|p2a: Slowbro
|-boost|p2a: Slowbro|spd|2
|-boost|p2a: Slowbro|spa|2
|cant|p1a: Machamp|par
|
|turn|18
|c|★Amourson|=(
|choice|move 2|move 4
|
|move|p2a: Slowbro|Amnesia|p2a: Slowbro
|-boost|p2a: Slowbro|spd|2
|-boost|p2a: Slowbro|spa|2
|cant|p1a: Machamp|par
|
|turn|19
|choice|move 2|move 4
|
|move|p2a: Slowbro|Amnesia|p2a: Slowbro
|-boost|p2a: Slowbro|spd|2
|-boost|p2a: Slowbro|spa|2
|move|p1a: Machamp|Hyper Beam|p2a: Slowbro
|-damage|p2a: Slowbro|175\/312
|
|turn|20
|-mustrecharge|p1a: Machamp
|-mustrecharge|p1a: Machamp
|choice|move 1|move 3
|
|move|p2a: Slowbro|Surf|p1a: Machamp
|-damage|p1a: Machamp|0 fnt
|faint|p1a: Machamp
|choice|switch 2|
|
|switch|p1a: Parasect|Parasect, L90|291\/291
|turn|21
|choice|move 2|move 2
|
|move|p1a: Parasect|Spore|p2a: Slowbro
|-status|p2a: Slowbro|slp
|cant|p2a: Slowbro|slp
|
|turn|22
|choice|move 4|move 2
|
|move|p1a: Parasect|Mega Drain|p2a: Slowbro
|-supereffective|p2a: Slowbro
|-damage|p2a: Slowbro|146\/312 slp
|cant|p2a: Slowbro|slp
|
|turn|23
|choice|move 1|switch 6
|
|switch|p2a: Ninetales|Ninetales, L85|298\/298
|move|p1a: Parasect|Body Slam|p2a: Ninetales
|-damage|p2a: Ninetales|228\/298
|-status|p2a: Ninetales|par
|
|turn|24
|choice|switch 3|move 2
|
|switch|p1a: Krabby|Krabby, L96|252\/252
|move|p2a: Ninetales|Confuse Ray|p1a: Krabby
|-start|p1a: Krabby|confusion
|
|turn|25
|choice|move 1|switch 3
|
|switch|p2a: Wigglytuff|Wigglytuff, L90|435\/435
|-activate|p1a: Krabby|confusion
|-damage|p1a: Krabby|215\/252|[from] confusion
|
|turn|26
|choice|move 1|move 2
|
|-activate|p1a: Krabby|confusion
|-damage|p1a: Krabby|178\/252|[from] confusion
|move|p2a: Wigglytuff|Thunder Wave|p1a: Krabby
|-status|p1a: Krabby|par
|
|turn|27
|choice|move 1|move 1
|
|move|p2a: Wigglytuff|Body Slam|p1a: Krabby
|-crit|p1a: Krabby
|-damage|p1a: Krabby|35\/252 par
|-activate|p1a: Krabby|confusion
|-damage|p1a: Krabby|0 fnt|[from] confusion
|faint|p1a: Krabby
|c|★Amourson|Such bad luck in this fight. XD
|choice|switch 4|
|
|switch|p1a: Charmeleon|Charmeleon, L85|272\/272
|turn|28
|choice|move 3|move 2
|
|move|p1a: Charmeleon|Fire Blast|p2a: Wigglytuff
|-damage|p2a: Wigglytuff|301\/435
|move|p2a: Wigglytuff|Thunder Wave|p1a: Charmeleon
|-status|p1a: Charmeleon|par
|
|turn|29
|choice|move 2|switch 3
|
|switch|p2a: Ninetales|Ninetales, L85|228\/298 par
|cant|p1a: Charmeleon|par
|
|turn|30
|choice|move 1|move 2
|
|move|p2a: Ninetales|Confuse Ray|p1a: Charmeleon
|-start|p1a: Charmeleon|confusion
|-activate|p1a: Charmeleon|confusion
|-damage|p1a: Charmeleon|240\/272 par|[from] confusion
|
|turn|31
|choice|move 1|move 3
|
|move|p2a: Ninetales|Body Slam|p1a: Charmeleon
|-damage|p1a: Charmeleon|172\/272 par
|-end|p1a: Charmeleon|confusion
|move|p1a: Charmeleon|Seismic Toss|p2a: Ninetales
|-damage|p2a: Ninetales|143\/298 par
|
|turn|32
|choice|move 1|move 2
|
|move|p2a: Ninetales|Confuse Ray|p1a: Charmeleon
|-start|p1a: Charmeleon|confusion
|-activate|p1a: Charmeleon|confusion
|-damage|p1a: Charmeleon|140\/272 par|[from] confusion
|
|turn|33
|choice|move 1|move 3
|
|move|p2a: Ninetales|Body Slam|p1a: Charmeleon
|-damage|p1a: Charmeleon|76\/272 par
|cant|p1a: Charmeleon|par
|
|turn|34
|choice|move 1|move 3
|
|cant|p2a: Ninetales|par
|-end|p1a: Charmeleon|confusion
|move|p1a: Charmeleon|Seismic Toss|p2a: Ninetales
|-damage|p2a: Ninetales|58\/298 par
|
|turn|35
|choice|move 1|move 3
|
|move|p2a: Ninetales|Body Slam|p1a: Charmeleon
|-damage|p1a: Charmeleon|14\/272 par
|move|p1a: Charmeleon|Seismic Toss|p2a: Ninetales
|-damage|p2a: Ninetales|0 fnt
|faint|p2a: Ninetales
|choice||switch 3
|
|switch|p2a: Wigglytuff|Wigglytuff, L90|301\/435
|turn|36
|choice|move 1|move 1
|
|move|p2a: Wigglytuff|Body Slam|p1a: Charmeleon
|-damage|p1a: Charmeleon|0 fnt
|faint|p1a: Charmeleon
|choice|switch 6|
|
|switch|p1a: Arbok|Arbok, L90|291\/291
|turn|37
|choice|move 4|move 2
|
|move|p1a: Arbok|Glare|p2a: Wigglytuff
|-status|p2a: Wigglytuff|par
|move|p2a: Wigglytuff|Thunder Wave|p1a: Arbok
|-status|p1a: Arbok|par
|
|turn|38
|choice|move 3|switch 5
|
|switch|p2a: Machamp|Machamp, L90|345\/345
|move|p1a: Arbok|Body Slam|p2a: Machamp
|-damage|p2a: Machamp|285\/345
|
|turn|39
|choice|move 4|move 2
|
|move|p2a: Machamp|Earthquake|p1a: Arbok
|-supereffective|p1a: Arbok
|-damage|p1a: Arbok|67\/291 par
|move|p1a: Arbok|Glare|p2a: Machamp|[miss]
|-miss|p1a: Arbok
|
|turn|40
|choice|move 4|move 2
|
|move|p2a: Machamp|Earthquake|p1a: Arbok
|-supereffective|p1a: Arbok
|-damage|p1a: Arbok|0 fnt
|faint|p1a: Arbok
|choice|switch 3|
|
|switch|p1a: Parasect|Parasect, L90|291\/291
|turn|41
|choice|move 1|move 4
|
|move|p2a: Machamp|Body Slam|p1a: Parasect
|-damage|p1a: Parasect|204\/291
|move|p1a: Parasect|Body Slam|p2a: Machamp
|-damage|p2a: Machamp|220\/345
|-status|p2a: Machamp|par
|
|turn|42
|choice|move 1|move 4
|
|move|p1a: Parasect|Body Slam|p2a: Machamp
|-damage|p2a: Machamp|158\/345 par
|move|p2a: Machamp|Body Slam|p1a: Parasect
|-damage|p1a: Parasect|120\/291
|
|turn|43
|choice|move 1|move 4
|
|move|p1a: Parasect|Body Slam|p2a: Machamp
|-damage|p2a: Machamp|94\/345 par
|move|p2a: Machamp|Body Slam|p1a: Parasect
|-damage|p1a: Parasect|37\/291
|-status|p1a: Parasect|par
|
|turn|44
|choice|move 3|move 4
|
|cant|p2a: Machamp|par
|move|p1a: Parasect|Hyper Beam|p2a: Machamp
|-damage|p2a: Machamp|0 fnt
|faint|p2a: Machamp
|choice||switch 5
|
|switch|p2a: Wigglytuff|Wigglytuff, L90|301\/435 par
|turn|45
|choice|move 1|move 1
|
|move|p2a: Wigglytuff|Body Slam|p1a: Parasect
|-damage|p1a: Parasect|0 fnt
|faint|p1a: Parasect
|
|win|PickledBeets
|leave|PickledBeets
|player|p2