|j|qht
|j|TopLel TopKek
|player|p1|qht|101
|player|p2|TopLel TopKek|107
|gametype|singles
|gen|1
|tier|[Gen 1] OU
|rated
|seed|
|rule|Sleep Clause Mod: Limit one foe put to sleep
|rule|Freeze Clause Mod: Limit one foe frozen
|rule|Species Clause: Limit one of each Pokémon
|rule|OHKO Clause: OHKO moves are banned
|rule|Evasion Moves Clause: Evasion moves are banned
|rule|HP Percentage Mod: HP is shown in percentages
|
|start
|switch|p1a: Gengar|Gengar|100\/100
|switch|p2a: Gengar|Gengar|100\/100
|turn|1
|choice||
|
|move|p2a: Gengar|Hypnosis|p1a: Gengar
|-status|p1a: Gengar|slp
|-curestatus|p1a: Gengar|slp
|
|turn|2
|choice||
|
|move|p1a: Gengar|Hypnosis|p2a: Gengar|[miss]
|-miss|p1a: Gengar
|move|p2a: Gengar|Hypnosis|p1a: Gengar
|-status|p1a: Gengar|slp
|
|turn|3
|c|★qht|drats
|choice||
|
|switch|p1a: Alakazam|Alakazam|100\/100
|move|p2a: Gengar|Psychic|p1a: Alakazam
|-resisted|p1a: Alakazam
|-damage|p1a: Alakazam|91\/100
|
|turn|4
|choice||
|
|switch|p2a: Chansey|Chansey|100\/100
|move|p1a: Alakazam|Psychic|p2a: Chansey
|-crit|p2a: Chansey
|-damage|p2a: Chansey|67\/100
|
|turn|5
|choice||
|
|switch|p1a: Gengar|Gengar|100\/100 slp
|move|p2a: Chansey|Thunder Wave|p1a: Gengar
|-fail|p1a: Gengar
|
|turn|6
|choice||
|
|switch|p2a: Golem|Golem|100\/100
|cant|p1a: Gengar|slp
|
|turn|7
|choice||
|
|switch|p1a: Dragonite|Dragonite|100\/100
|move|p2a: Golem|Earthquake|p1a: Dragonite
|-immune|p1a: Dragonite|[msg]
|
|turn|8
|choice||
|
|move|p1a: Dragonite|Blizzard|p2a: Golem
|-supereffective|p2a: Golem
|-damage|p2a: Golem|32\/100
|move|p2a: Golem|Rock Slide|p1a: Dragonite
|-supereffective|p1a: Dragonite
|-damage|p1a: Dragonite|46\/100
|
|turn|9
|choice||
|
|switch|p2a: Zapdos|Zapdos|100\/100
|move|p1a: Dragonite|Blizzard|p2a: Zapdos
|-crit|p2a: Zapdos
|-supereffective|p2a: Zapdos
|-damage|p2a: Zapdos|16\/100
|-status|p2a: Zapdos|frz
|
|turn|10
|choice||
|
|switch|p2a: Gengar|Gengar|100\/100
|move|p1a: Dragonite|Blizzard|p2a: Gengar
|-damage|p2a: Gengar|76\/100
|
|turn|11
|choice||
|
|switch|p1a: Alakazam|Alakazam|91\/100
|move|p2a: Gengar|Psychic|p1a: Alakazam
|-resisted|p1a: Alakazam
|-damage|p1a: Alakazam|79\/100
|
|turn|12
|choice||
|
|switch|p2a: Chansey|Chansey|67\/100
|move|p1a: Alakazam|Thunder Wave|p2a: Chansey
|-status|p2a: Chansey|par
|
|turn|13
|choice||
|
|switch|p1a: Dragonite|Dragonite|46\/100
|cant|p2a: Chansey|par
|
|turn|14
|choice||
|
|move|p1a: Dragonite|Wrap|p2a: Chansey
|-damage|p2a: Chansey|62\/100 par
|cant|p2a: Chansey|partiallytrapped
|
|turn|15
|choice||
|
|switch|p2a: Gengar|Gengar|76\/100
|move|p1a: Dragonite|Wrap|p2a: Gengar
|-damage|p2a: Gengar|76\/100
|
|turn|16
|choice||
|
|switch|p1a: Snorlax|Snorlax|100\/100
|cant|p2a: Gengar|partiallytrapped
|
|turn|17
|choice||
|
|switch|p2a: Slowbro|Slowbro|100\/100
|move|p1a: Snorlax|Earthquake|p2a: Slowbro
|-damage|p2a: Slowbro|80\/100
|
|turn|18
|choice||
|
|move|p2a: Slowbro|Thunder Wave|p1a: Snorlax
|-status|p1a: Snorlax|par
|cant|p1a: Snorlax|par
|
|turn|19
|choice||
|
|move|p2a: Slowbro|Amnesia|p2a: Slowbro
|-boost|p2a: Slowbro|spd|2
|-boost|p2a: Slowbro|spa|2
|move|p1a: Snorlax|Body Slam|p2a: Slowbro
|-damage|p2a: Slowbro|55\/100
|-status|p2a: Slowbro|par
|
|turn|20
|choice||
|
|move|p2a: Slowbro|Rest|p2a: Slowbro
|-status|p2a: Slowbro|slp
|-heal|p2a: Slowbro|100\/100 slp|[silent]
|-status|p2a: Slowbro|slp|[from] move: Rest
|move|p1a: Snorlax|Body Slam|p2a: Slowbro
|-damage|p2a: Slowbro|77\/100 slp
|
|turn|21
|choice||
|
|switch|p1a: Jolteon|Jolteon|100\/100
|cant|p2a: Slowbro|slp
|
|turn|22
|choice||
|
|switch|p2a: Golem|Golem|32\/100
|move|p1a: Jolteon|Thunderbolt|p2a: Golem
|-immune|p2a: Golem|[msg]
|
|turn|23
|choice||
|
|switch|p1a: Tauros|Tauros|100\/100
|move|p2a: Golem|Rock Slide|p1a: Tauros
|-damage|p1a: Tauros|74\/100
|
|turn|24
|choice||
|
|switch|p2a: Gengar|Gengar|76\/100
|move|p1a: Tauros|Earthquake|p2a: Gengar
|-supereffective|p2a: Gengar
|-damage|p2a: Gengar|5\/100
|
|turn|25
|choice||
|
|switch|p1a: Gengar|Gengar|100\/100 slp
|move|p2a: Gengar|Explosion|p1a: Gengar
|-immune|p1a: Gengar|[msg]
|faint|p2a: Gengar
|choice||
|
|switch|p2a: Tauros|Tauros|100\/100
|turn|26
|choice||
|
|cant|p1a: Gengar|slp
|move|p2a: Tauros|Body Slam|p1a: Gengar
|-immune|p1a: Gengar|[msg]
|
|turn|27
|choice||
|
|cant|p1a: Gengar|slp
|move|p2a: Tauros|Blizzard|p1a: Gengar
|-damage|p1a: Gengar|82\/100 slp
|
|turn|28
|choice||
|
|switch|p1a: Dragonite|Dragonite|46\/100
|move|p2a: Tauros|Earthquake|p1a: Dragonite
|-immune|p1a: Dragonite|[msg]
|
|turn|29
|choice||
|
|switch|p1a: Alakazam|Alakazam|79\/100
|move|p2a: Tauros|Blizzard|p1a: Alakazam
|-damage|p1a: Alakazam|61\/100
|
|turn|30
|choice||
|
|switch|p2a: Slowbro|Slowbro|77\/100 slp
|move|p1a: Alakazam|Recover|p1a: Alakazam
|-heal|p1a: Alakazam|100\/100
|
|turn|31
|choice||
|
|switch|p1a: Dragonite|Dragonite|46\/100
|switch|p2a: Golem|Golem|32\/100
|
|turn|32
|-message|TopLel TopKek forfeited.
|
|win|qht
|player|p1
|player|p2
|l|TopLel TopKek
|raw|qht's rating: 1505 &rarr; <strong>1515<\/strong><br \/>(+10 for winning)
|raw|TopLel TopKek's rating: 1302 &rarr; <strong>1292<\/strong><br \/>(-10 for losing)