|join|Gigantus
|join|Dervodel
|player|p1|Gigantus|15
|player|p2|Dervodel|238
|gametype|singles
|gen|1
|tier|[Gen 1] Random Battle
|rated
|seed|33811,3263,55400,28721
|rule|Sleep Clause Mod: Limit one foe put to sleep
|rule|Freeze Clause Mod: Limit one foe frozen
|rule|HP Percentage Mod: HP is shown in percentages
|
|start
|switch|p1a: Charizard|Charizard, L85|306\/306
|switch|p2a: Pidgey|Pidgey, L96|272\/272
|turn|1
|choice|switch 4|switch 2
|
|switch|p1a: Rhydon|Rhydon, L79|328\/328
|switch|p2a: Dragonite|Dragonite, L85|328\/328
|
|turn|2
|choice|switch 3|move 4
|
|switch|p1a: Hypno|Hypno, L85|318\/318
|move|p2a: Dragonite|Substitute|p2a: Dragonite
|-start|p2a: Dragonite|Substitute
|-damage|p2a: Dragonite|246\/328
|
|turn|3
|c|★Dervodel|run
|choice|move 1|move 2
|
|move|p2a: Dragonite|Blizzard|p1a: Hypno
|-crit|p1a: Hypno
|-damage|p1a: Hypno|168\/318
|move|p1a: Hypno|Psychic|p2a: Dragonite
|-end|p2a: Dragonite|Substitute
|
|turn|4
|choice|move 3|move 2
|
|move|p2a: Dragonite|Blizzard|p1a: Hypno
|-damage|p1a: Hypno|100\/318
|move|p1a: Hypno|Thunder Wave|p2a: Dragonite
|-status|p2a: Dragonite|par
|
|turn|5
|choice|switch 2|move 2
|
|switch|p1a: Seadra|Seadra, L90|282\/282
|cant|p2a: Dragonite|par
|
|turn|6
|choice|move 1|switch 3
|
|switch|p2a: Poliwhirl|Poliwhirl, L85|284\/284
|move|p1a: Seadra|Blizzard|p2a: Poliwhirl
|-resisted|p2a: Poliwhirl
|-damage|p2a: Poliwhirl|217\/284
|
|turn|7
|choice|move 2|move 1
|
|move|p1a: Seadra|Smokescreen|p2a: Poliwhirl
|-unboost|p2a: Poliwhirl|accuracy|1
|move|p2a: Poliwhirl|Amnesia|p2a: Poliwhirl
|-boost|p2a: Poliwhirl|spd|2
|-boost|p2a: Poliwhirl|spa|2
|
|turn|8
|choice|move 2|move 3
|
|move|p1a: Seadra|Smokescreen|p2a: Poliwhirl
|-unboost|p2a: Poliwhirl|accuracy|1
|move|p2a: Poliwhirl|Psychic|p1a: Seadra|[miss]
|-miss|p2a: Poliwhirl
|
|turn|9
|choice|move 2|move 1
|
|move|p1a: Seadra|Smokescreen|p2a: Poliwhirl
|-unboost|p2a: Poliwhirl|accuracy|1
|move|p2a: Poliwhirl|Amnesia|p2a: Poliwhirl
|-boost|p2a: Poliwhirl|spd|2
|-boost|p2a: Poliwhirl|spa|2
|
|turn|10
|choice|move 2|move 3
|
|move|p1a: Seadra|Smokescreen|p2a: Poliwhirl
|-unboost|p2a: Poliwhirl|accuracy|1
|move|p2a: Poliwhirl|Psychic|p1a: Seadra|[miss]
|-miss|p2a: Poliwhirl
|
|turn|11
|choice|move 2|move 3
|
|move|p1a: Seadra|Smokescreen|p2a: Poliwhirl
|-unboost|p2a: Poliwhirl|accuracy|1
|move|p2a: Poliwhirl|Psychic|p1a: Seadra|[miss]
|-miss|p2a: Poliwhirl
|
|turn|12
|choice|move 2|move 3
|
|move|p1a: Seadra|Smokescreen|p2a: Poliwhirl
|-unboost|p2a: Poliwhirl|accuracy|1
|move|p2a: Poliwhirl|Psychic|p1a: Seadra|[miss]
|-miss|p2a: Poliwhirl
|
|turn|13
|choice|move 2|move 3
|
|move|p1a: Seadra|Smokescreen|p2a: Poliwhirl
|-unboost|p2a: Poliwhirl|accuracy|1
|move|p2a: Poliwhirl|Psychic|p1a: Seadra
|-damage|p1a: Seadra|158\/282
|
|turn|14
|choice|switch 5|move 1
|
|switch|p1a: Raticate|Raticate, L85|267\/267
|move|p2a: Poliwhirl|Amnesia|p2a: Poliwhirl
|-boost|p2a: Poliwhirl|spd|2
|-boost|p2a: Poliwhirl|spa|2
|
|turn|15
|choice|move 1|move 2
|
|move|p1a: Raticate|Super Fang|p2a: Poliwhirl
|-damage|p2a: Poliwhirl|109\/284
|move|p2a: Poliwhirl|Surf|p1a: Raticate
|-damage|p1a: Raticate|0 fnt
|faint|p1a: Raticate
|choice|switch 6|
|
|switch|p1a: Lickitung|Lickitung, L90|345\/345
|turn|16
|c|★Dervodel|B)
|choice|move 3|move 2
|
|move|p2a: Poliwhirl|Surf|p1a: Lickitung|[miss]
|-miss|p2a: Poliwhirl
|move|p1a: Lickitung|Body Slam|p2a: Poliwhirl
|-damage|p2a: Poliwhirl|16\/284
|
|turn|17
|choice|move 3|move 2
|
|move|p2a: Poliwhirl|Surf|p1a: Lickitung|[miss]
|-miss|p2a: Poliwhirl
|move|p1a: Lickitung|Body Slam|p2a: Poliwhirl
|-damage|p2a: Poliwhirl|0 fnt
|faint|p2a: Poliwhirl
|choice||switch 4
|
|switch|p2a: Hitmonchan|Hitmonchan, L90|273\/273
|turn|18
|choice|switch 4|move 2
|
|switch|p1a: Charizard|Charizard, L85|306\/306
|move|p2a: Hitmonchan|Counter|p1a: Charizard
|-damage|p1a: Charizard|274\/306
|
|turn|19
|choice|move 4|move 4
|
|move|p1a: Charizard|Swords Dance|p1a: Charizard
|-boost|p1a: Charizard|atk|2
|move|p2a: Hitmonchan|Body Slam|p1a: Charizard
|-damage|p1a: Charizard|194\/306
|
|turn|20
|choice|move 3|switch 3
|
|switch|p2a: Dragonite|Dragonite, L85|246\/328 par
|move|p1a: Charizard|Body Slam|p2a: Dragonite
|-damage|p2a: Dragonite|143\/328 par
|
|turn|21
|choice|switch 5|move 3
|
|switch|p1a: Seadra|Seadra, L90|158\/282
|cant|p2a: Dragonite|par
|
|turn|22
|choice|move 1|switch 3
|
|switch|p2a: Hitmonchan|Hitmonchan, L90|273\/273
|move|p1a: Seadra|Blizzard|p2a: Hitmonchan
|-damage|p2a: Hitmonchan|127\/273
|
|turn|23
|choice|switch 5|move 1
|
|switch|p1a: Charizard|Charizard, L85|194\/306
|move|p2a: Hitmonchan|Submission|p1a: Charizard
|-crit|p1a: Charizard
|-resisted|p1a: Charizard
|-damage|p1a: Charizard|90\/306
|-damage|p2a: Hitmonchan|101\/273|[from] recoil|[of] p1a: Charizard
|
|turn|24
|choice|move 1|move 3
|
|move|p1a: Charizard|Hyper Beam|p2a: Hitmonchan
|-damage|p2a: Hitmonchan|9\/273
|move|p2a: Hitmonchan|Seismic Toss|p1a: Charizard
|-damage|p1a: Charizard|0 fnt
|faint|p1a: Charizard
|choice|switch 5|
|
|switch|p1a: Seadra|Seadra, L90|158\/282
|turn|25
|choice|move 4|move 1
|
|move|p1a: Seadra|Surf|p2a: Hitmonchan
|-crit|p2a: Hitmonchan
|-damage|p2a: Hitmonchan|0 fnt
|faint|p2a: Hitmonchan
|choice||switch 2
|
|switch|p2a: Pidgey|Pidgey, L96|272\/272
|turn|26
|choice|move 1|move 1
|
|move|p1a: Seadra|Blizzard|p2a: Pidgey
|-supereffective|p2a: Pidgey
|-damage|p2a: Pidgey|0 fnt
|faint|p2a: Pidgey
|choice||switch 5
|
|switch|p2a: Alakazam|Alakazam, L79|249\/249
|turn|27
|choice|switch 4|move 1
|
|switch|p1a: Lickitung|Lickitung, L90|345\/345
|move|p2a: Alakazam|Psychic|p1a: Lickitung
|-crit|p1a: Lickitung
|-damage|p1a: Lickitung|114\/345
|
|turn|28
|choice|move 2|move 1
|
|move|p2a: Alakazam|Psychic|p1a: Lickitung
|-damage|p1a: Lickitung|0 fnt
|faint|p1a: Lickitung
|choice|switch 2|
|
|switch|p1a: Hypno|Hypno, L85|100\/318
|turn|29
|choice|move 3|move 2
|
|move|p2a: Alakazam|Seismic Toss|p1a: Hypno
|-damage|p1a: Hypno|21\/318
|move|p1a: Hypno|Thunder Wave|p2a: Alakazam
|-status|p2a: Alakazam|par
|
|turn|30
|choice|move 1|move 2
|
|move|p1a: Hypno|Psychic|p2a: Alakazam
|-resisted|p2a: Alakazam
|-damage|p2a: Alakazam|208\/249 par
|-unboost|p2a: Alakazam|spd|1
|-unboost|p2a: Alakazam|spa|1
|move|p2a: Alakazam|Seismic Toss|p1a: Hypno
|-damage|p1a: Hypno|0 fnt
|faint|p1a: Hypno
|choice|switch 3|
|
|switch|p1a: Rhydon|Rhydon, L79|328\/328
|turn|31
|choice|move 1|move 1
|
|move|p1a: Rhydon|Earthquake|p2a: Alakazam
|-damage|p2a: Alakazam|32\/249 par
|move|p2a: Alakazam|Psychic|p1a: Rhydon
|-damage|p1a: Rhydon|228\/328
|
|turn|32
|choice|move 4|switch 3
|
|switch|p2a: Dragonite|Dragonite, L85|143\/328 par
|move|p1a: Rhydon|Rock Slide|p2a: Dragonite
|-crit|p2a: Dragonite
|-supereffective|p2a: Dragonite
|-damage|p2a: Dragonite|0 fnt
|faint|p2a: Dragonite
|c|★Gigantus|:D
|choice||switch 6
|
|switch|p2a: Ninetales|Ninetales, L85|298\/298
|turn|33
|choice|move 1|move 3
|
|move|p2a: Ninetales|Confuse Ray|p1a: Rhydon
|-start|p1a: Rhydon|confusion
|-activate|p1a: Rhydon|confusion
|-damage|p1a: Rhydon|199\/328|[from] confusion
|
|turn|34
|choice|move 1|move 1
|
|move|p2a: Ninetales|Fire Blast|p1a: Rhydon
|-resisted|p1a: Rhydon
|-damage|p1a: Rhydon|89\/328
|-activate|p1a: Rhydon|confusion
|move|p1a: Rhydon|Earthquake|p2a: Ninetales
|-supereffective|p2a: Ninetales
|-damage|p2a: Ninetales|37\/298
|
|turn|35
|choice|move 1|move 1
|
|move|p2a: Ninetales|Fire Blast|p1a: Rhydon
|-resisted|p1a: Rhydon
|-damage|p1a: Rhydon|0 fnt
|faint|p1a: Rhydon
|choice|switch 4|
|
|switch|p1a: Seadra|Seadra, L90|158\/282
|turn|36
|choice|move 4|move 3
|
|move|p2a: Ninetales|Confuse Ray|p1a: Seadra
|-start|p1a: Seadra|confusion
|-activate|p1a: Seadra|confusion
|-damage|p1a: Seadra|132\/282|[from] confusion
|
|turn|37
|choice|move 4|move 1
|
|move|p2a: Ninetales|Fire Blast|p1a: Seadra
|-crit|p1a: Seadra
|-resisted|p1a: Seadra
|-damage|p1a: Seadra|22\/282
|-status|p1a: Seadra|brn
|-activate|p1a: Seadra|confusion
|-damage|p1a: Seadra|9\/282 brn|[from] confusion
|-damage|p1a: Seadra|0 fnt|[from] brn|[of] p2a: Ninetales
|faint|p1a: Seadra
|
|win|Dervodel
|raw|Gigantus's rating: 1140 &rarr; <strong>1113<\/strong><br \/>(-27 for losing)
|raw|Dervodel's rating: 1102 &rarr; <strong>1129<\/strong><br \/>(+27 for winning)
|leave|Gigantus
|player|p1
|c|★Dervodel|buja1!!