|j|MALESANI
|j|poopyface5000
|player|p1|MALESANI|238
|player|p2|poopyface5000|169
|gametype|singles
|gen|1
|tier|[Gen 1] Random Battle
|rated
|seed|64863,58340,35244,28314
|rule|Sleep Clause Mod: Limit one foe put to sleep
|rule|Freeze Clause Mod: Limit one foe frozen
|rule|HP Percentage Mod: HP is shown in percentages
|
|start
|switch|p1a: Magmar|Magmar, L90|300\/300
|switch|p2a: Dragonair|Dragonair, L85|277\/277
|turn|1
|choice|switch 3|move 1
|
|switch|p1a: Chansey|Chansey, L79|557\/557
|move|p2a: Dragonair|Blizzard|p1a: Chansey
|-damage|p1a: Chansey|487\/557
|
|turn|2
|choice|move 2|switch 2
|
|switch|p2a: Ditto|Ditto, L99|296\/296
|move|p1a: Chansey|Thunder Wave|p2a: Ditto
|-status|p2a: Ditto|par
|
|turn|3
|choice|switch 3|move 1
|
|switch|p1a: Magmar|Magmar, L90|300\/300
|move|p2a: Ditto|Transform|p1a: Magmar
|-transform|p2a: Ditto|p1a: Magmar
|
|turn|4
|choice|move 4|move 2
|
|move|p1a: Magmar|Fire Blast|p2a: Ditto
|-crit|p2a: Ditto
|-resisted|p2a: Ditto
|-damage|p2a: Ditto|165\/296 par
|move|p2a: Ditto|Confuse Ray|p1a: Magmar
|-start|p1a: Magmar|confusion
|
|turn|5
|choice|switch 2|move 4
|
|switch|p1a: Shellder|Shellder, L96|252\/252
|move|p2a: Ditto|Fire Blast|p1a: Shellder|[miss]
|-miss|p2a: Ditto
|
|turn|6
|choice|move 1|move 2
|
|move|p1a: Shellder|Blizzard|p2a: Ditto
|-damage|p2a: Ditto|80\/296 par
|move|p2a: Ditto|Confuse Ray|p1a: Shellder
|-start|p1a: Shellder|confusion
|
|turn|7
|choice|switch 2|move 4
|
|switch|p1a: Magmar|Magmar, L90|300\/300
|move|p2a: Ditto|Fire Blast|p1a: Magmar
|-resisted|p1a: Magmar
|-damage|p1a: Magmar|244\/300
|
|turn|8
|choice|move 3|move 3
|
|move|p1a: Magmar|Hyper Beam|p2a: Ditto
|-damage|p2a: Ditto|0 fnt
|faint|p2a: Ditto
|choice||switch 3
|
|switch|p2a: Cloyster|Cloyster, L83|253\/253
|turn|9
|choice|move 4|move 1
|
|move|p1a: Magmar|Fire Blast|p2a: Cloyster
|-damage|p2a: Cloyster|115\/253
|move|p2a: Cloyster|Surf|p1a: Magmar
|-supereffective|p1a: Magmar
|-damage|p1a: Magmar|59\/300
|
|turn|10
|choice|move 4|move 1
|
|move|p1a: Magmar|Fire Blast|p2a: Cloyster
|-damage|p2a: Cloyster|0 fnt
|faint|p2a: Cloyster
|choice||switch 2
|
|switch|p2a: Dragonair|Dragonair, L85|277\/277
|turn|11
|choice|switch 3|move 1
|
|switch|p1a: Chansey|Chansey, L79|487\/557
|move|p2a: Dragonair|Blizzard|p1a: Chansey
|-damage|p1a: Chansey|421\/557
|
|turn|12
|choice|move 2|switch 4
|
|switch|p2a: Jynx|Jynx, L79|265\/265
|move|p1a: Chansey|Thunder Wave|p2a: Jynx
|-status|p2a: Jynx|par
|
|turn|13
|choice|switch 6|move 1
|
|switch|p1a: Machamp|Machamp, L90|345\/345
|move|p2a: Jynx|Lovely Kiss|p1a: Machamp
|-status|p1a: Machamp|slp
|
|turn|14
|choice|switch 6|move 4
|
|switch|p1a: Chansey|Chansey, L79|421\/557
|move|p2a: Jynx|Psychic|p1a: Chansey
|-damage|p1a: Chansey|339\/557
|
|turn|15
|choice|move 3|move 3
|
|move|p1a: Chansey|Thunderbolt|p2a: Jynx
|-damage|p2a: Jynx|206\/265 par
|move|p2a: Jynx|Mimic|p1a: Chansey
|-start|p2a: Jynx|Mimic|Soft-Boiled
|
|turn|16
|choice|move 1|move 2
|
|move|p1a: Chansey|Soft-Boiled|p1a: Chansey
|-heal|p1a: Chansey|557\/557
|move|p2a: Jynx|Blizzard|p1a: Chansey
|-damage|p1a: Chansey|446\/557
|
|turn|17
|choice|move 3|move 3
|
|move|p1a: Chansey|Thunderbolt|p2a: Jynx
|-damage|p2a: Jynx|145\/265 par
|move|p2a: Jynx|Soft-Boiled|p2a: Jynx
|-heal|p2a: Jynx|265\/265 par
|
|turn|18
|choice|switch 2|move 2
|
|switch|p1a: Shellder|Shellder, L96|252\/252
|move|p2a: Jynx|Blizzard|p1a: Shellder
|-resisted|p1a: Shellder
|-damage|p1a: Shellder|178\/252
|
|turn|19
|choice|move 3|move 2
|
|move|p1a: Shellder|Supersonic|p2a: Jynx
|-start|p2a: Jynx|confusion
|-activate|p2a: Jynx|confusion
|-damage|p2a: Jynx|232\/265 par|[from] confusion
|
|turn|20
|choice|move 4|move 4
|
|move|p1a: Shellder|Surf|p2a: Jynx
|-damage|p2a: Jynx|142\/265 par
|-activate|p2a: Jynx|confusion
|-damage|p2a: Jynx|109\/265 par|[from] confusion
|
|turn|21
|choice|move 4|move 3
|
|move|p1a: Shellder|Surf|p2a: Jynx
|-damage|p2a: Jynx|22\/265 par
|-activate|p2a: Jynx|confusion
|move|p2a: Jynx|Soft-Boiled|p2a: Jynx
|-heal|p2a: Jynx|154\/265 par
|
|turn|22
|choice|move 4|move 3
|
|move|p1a: Shellder|Surf|p2a: Jynx
|-damage|p2a: Jynx|75\/265 par
|-end|p2a: Jynx|confusion
|move|p2a: Jynx|Soft-Boiled|p2a: Jynx
|-heal|p2a: Jynx|207\/265 par
|
|turn|23
|choice|move 3|move 3
|
|move|p1a: Shellder|Supersonic|p2a: Jynx|[miss]
|-miss|p1a: Shellder
|move|p2a: Jynx|Soft-Boiled|p2a: Jynx
|-heal|p2a: Jynx|265\/265 par
|
|turn|24
|choice|move 3|move 4
|
|move|p1a: Shellder|Supersonic|p2a: Jynx
|-start|p2a: Jynx|confusion
|-activate|p2a: Jynx|confusion
|move|p2a: Jynx|Psychic|p1a: Shellder
|-damage|p1a: Shellder|77\/252
|
|turn|25
|choice|move 2|move 4
|
|move|p1a: Shellder|Explosion|p2a: Jynx
|-damage|p2a: Jynx|0 fnt
|faint|p2a: Jynx
|faint|p1a: Shellder
|choice|switch 2|switch 5
|
|switch|p2a: Mewtwo|Mewtwo, L70|293\/293
|switch|p1a: Chansey|Chansey, L79|446\/557
|turn|26
|choice|move 2|move 3
|
|move|p2a: Mewtwo|Ice Beam|p1a: Chansey
|-damage|p1a: Chansey|388\/557
|move|p1a: Chansey|Thunder Wave|p2a: Mewtwo
|-status|p2a: Mewtwo|par
|
|turn|27
|choice|move 3|move 3
|
|move|p1a: Chansey|Thunderbolt|p2a: Mewtwo
|-crit|p2a: Mewtwo
|-damage|p2a: Mewtwo|189\/293 par
|move|p2a: Mewtwo|Ice Beam|p1a: Chansey
|-damage|p1a: Chansey|329\/557
|
|turn|28
|choice|move 1|move 3
|
|move|p1a: Chansey|Soft-Boiled|p1a: Chansey
|-heal|p1a: Chansey|557\/557
|cant|p2a: Mewtwo|par
|
|turn|29
|choice|move 3|move 3
|
|move|p1a: Chansey|Thunderbolt|p2a: Mewtwo
|-damage|p2a: Mewtwo|138\/293 par
|cant|p2a: Mewtwo|par
|
|turn|30
|choice|move 3|move 3
|
|move|p1a: Chansey|Thunderbolt|p2a: Mewtwo
|-crit|p2a: Mewtwo
|-damage|p2a: Mewtwo|33\/293 par
|move|p2a: Mewtwo|Ice Beam|p1a: Chansey|[miss]
|-miss|p2a: Mewtwo
|
|turn|31
|choice|move 3|move 3
|
|move|p1a: Chansey|Thunderbolt|p2a: Mewtwo
|-damage|p2a: Mewtwo|0 fnt
|faint|p2a: Mewtwo
|choice||switch 6
|
|switch|p2a: Golem|Golem, L79|288\/288
|turn|32
|choice|switch 6|move 2
|
|switch|p1a: Machamp|Machamp, L90|345\/345 slp
|move|p2a: Golem|Earthquake|p1a: Machamp
|-damage|p1a: Machamp|241\/345 slp
|
|turn|33
|choice|move 3|move 2
|
|cant|p1a: Machamp|slp
|move|p2a: Golem|Earthquake|p1a: Machamp
|-damage|p1a: Machamp|139\/345 slp
|
|turn|34
|choice|move 3|move 1
|
|cant|p1a: Machamp|slp
|move|p2a: Golem|Body Slam|p1a: Machamp
|-crit|p1a: Machamp
|-damage|p1a: Machamp|26\/345 slp
|
|turn|35
|choice|move 3|switch 4
|
|switch|p2a: Dragonair|Dragonair, L85|277\/277
|-curestatus|p1a: Machamp|slp
|
|turn|36
|choice|switch 6|move 4
|
|switch|p1a: Chansey|Chansey, L79|557\/557
|move|p2a: Dragonair|Hyper Beam|p1a: Chansey
|-damage|p1a: Chansey|300\/557
|
|turn|37
|-mustrecharge|p2a: Dragonair
|-mustrecharge|p2a: Dragonair
|choice|move 2|move 1
|
|cant|p2a: Dragonair|recharge
|move|p1a: Chansey|Thunder Wave|p2a: Dragonair
|-status|p2a: Dragonair|par
|
|turn|38
|choice|move 1|switch 4
|
|switch|p2a: Golem|Golem, L79|288\/288
|move|p1a: Chansey|Soft-Boiled|p1a: Chansey
|-heal|p1a: Chansey|557\/557
|
|turn|39
|choice|move 4|move 2
|
|move|p1a: Chansey|Reflect|p1a: Chansey
|-start|p1a: Chansey|Reflect
|move|p2a: Golem|Earthquake|p1a: Chansey
|-damage|p1a: Chansey|416\/557
|
|turn|40
|choice|move 1|move 1
|
|move|p1a: Chansey|Soft-Boiled|p1a: Chansey
|-heal|p1a: Chansey|557\/557
|move|p2a: Golem|Body Slam|p1a: Chansey
|-crit|p1a: Chansey
|-damage|p1a: Chansey|273\/557
|
|turn|41
|choice|move 1|move 1
|
|move|p1a: Chansey|Soft-Boiled|p1a: Chansey
|-heal|p1a: Chansey|551\/557
|move|p2a: Golem|Body Slam|p1a: Chansey
|-damage|p1a: Chansey|480\/557
|
|turn|42
|choice|switch 5|move 1
|
|switch|p1a: Hitmonchan|Hitmonchan, L90|273\/273
|move|p2a: Golem|Body Slam|p1a: Hitmonchan
|-damage|p1a: Hitmonchan|216\/273
|
|turn|43
|choice|move 3|switch 4
|
|switch|p2a: Dragonair|Dragonair, L85|277\/277 par
|move|p1a: Hitmonchan|Seismic Toss|p2a: Dragonair
|-damage|p2a: Dragonair|187\/277 par
|
|turn|44
|choice|switch 5|move 1
|
|switch|p1a: Chansey|Chansey, L79|480\/557
|cant|p2a: Dragonair|par
|
|turn|45
|choice|move 3|switch 4
|
|switch|p2a: Golem|Golem, L79|288\/288
|move|p1a: Chansey|Thunderbolt|p2a: Golem
|-immune|p2a: Golem|[msg]
|
|turn|46
|c|★poopyface5000|!weakness hitmonchan
|raw|<div class="infobox">Hitmonchan (ignoring abilities):<br><span class="message-effect-weak">Weaknesses<\/span>: Fairy, Flying, Psychic<br><span class="message-effect-resist">Resistances<\/span>: Bug, Dark, Rock<br><span class="message-effect-immune">Immunities<\/span>: <font color=#999999>None<\/font><\/div>
|choice|move 4|move 1
|
|move|p1a: Chansey|Reflect|p1a: Chansey
|-start|p1a: Chansey|Reflect
|move|p2a: Golem|Body Slam|p1a: Chansey
|-crit|p1a: Chansey
|-damage|p1a: Chansey|176\/557
|
|turn|47
|choice|move 1|move 1
|
|move|p1a: Chansey|Soft-Boiled|p1a: Chansey
|-heal|p1a: Chansey|454\/557
|move|p2a: Golem|Body Slam|p1a: Chansey
|-damage|p1a: Chansey|379\/557
|
|turn|48
|choice|move 1|move 1
|
|move|p1a: Chansey|Soft-Boiled|p1a: Chansey
|-heal|p1a: Chansey|557\/557
|move|p2a: Golem|Body Slam|p1a: Chansey
|-damage|p1a: Chansey|480\/557
|
|turn|49
|choice|switch 5|move 1
|
|switch|p1a: Hitmonchan|Hitmonchan, L90|216\/273
|move|p2a: Golem|Body Slam|p1a: Hitmonchan
|-crit|p1a: Hitmonchan
|-damage|p1a: Hitmonchan|104\/273
|
|turn|50
|choice|move 3|move 1
|
|move|p1a: Hitmonchan|Seismic Toss|p2a: Golem
|-damage|p2a: Golem|198\/288
|move|p2a: Golem|Body Slam|p1a: Hitmonchan
|-damage|p1a: Hitmonchan|45\/273
|
|turn|51
|choice|move 4|move 1
|
|move|p1a: Hitmonchan|Submission|p2a: Golem
|-supereffective|p2a: Golem
|-damage|p2a: Golem|31\/288
|-damage|p1a: Hitmonchan|4\/273|[from] recoil|[of] p2a: Golem
|move|p2a: Golem|Body Slam|p1a: Hitmonchan
|-damage|p1a: Hitmonchan|0 fnt
|faint|p1a: Hitmonchan
|choice|switch 3|
|
|switch|p1a: Magmar|Magmar, L90|59\/300
|turn|52
|choice|move 4|move 2
|
|move|p1a: Magmar|Fire Blast|p2a: Golem
|-resisted|p2a: Golem
|-damage|p2a: Golem|0 fnt
|faint|p2a: Golem
|choice||switch 4
|
|switch|p2a: Dragonair|Dragonair, L85|187\/277 par
|turn|53
|choice|move 2|move 4
|
|move|p1a: Magmar|Confuse Ray|p2a: Dragonair
|-start|p2a: Dragonair|confusion
|cant|p2a: Dragonair|par
|
|turn|54
|choice|move 4|move 4
|
|move|p1a: Magmar|Fire Blast|p2a: Dragonair|[miss]
|-miss|p1a: Magmar
|cant|p2a: Dragonair|par
|
|turn|55
|choice|move 4|move 4
|
|move|p1a: Magmar|Fire Blast|p2a: Dragonair
|-resisted|p2a: Dragonair
|-damage|p2a: Dragonair|114\/277 par
|-activate|p2a: Dragonair|confusion
|move|p2a: Dragonair|Hyper Beam|p1a: Magmar
|-damage|p1a: Magmar|0 fnt
|faint|p1a: Magmar
|choice|switch 4|
|
|switch|p1a: Magneton|Magneton, L90|273\/273
|turn|56
|choice|move 1|move 1
|
|move|p1a: Magneton|Thunderbolt|p2a: Dragonair
|-resisted|p2a: Dragonair
|-damage|p2a: Dragonair|31\/277 par
|-activate|p2a: Dragonair|confusion
|move|p2a: Dragonair|Blizzard|p1a: Magneton
|-damage|p1a: Magneton|218\/273
|
|turn|57
|choice|move 4|move 1
|
|move|p1a: Magneton|Double-Edge|p2a: Dragonair
|-damage|p2a: Dragonair|0 fnt
|-damage|p1a: Magneton|211\/273|[from] recoil|[of] p2a: Dragonair
|faint|p2a: Dragonair
|
|win|MALESANI
|raw|MALESANI's rating: 1514 &rarr; <strong>1525<\/strong><br \/>(+11 for winning)
|raw|poopyface5000's rating: 1351 &rarr; <strong>1339<\/strong><br \/>(-12 for losing)