|join|Buts X
|join|evilrabbitlord
|player|p1|Buts X|43
|player|p2|evilrabbitlord|199
|gametype|singles
|gen|1
|tier|[Gen 1] Random Battle
|rated
|rule|Sleep Clause Mod: Limit one foe put to sleep
|rule|Freeze Clause Mod: Limit one foe frozen
|rule|HP Percentage Mod: HP is shown in percentages
|
|start
|switch|p1a: Koffing|Koffing, L96|272\/272
|switch|p2a: Poliwhirl|Poliwhirl, L85|284\/284
|turn|1
|
|move|p2a: Poliwhirl|Hypnosis|p1a: Koffing|[miss]
|-miss|p2a: Poliwhirl
|move|p1a: Koffing|Thunderbolt|p2a: Poliwhirl
|-supereffective|p2a: Poliwhirl
|-damage|p2a: Poliwhirl|103\/284
|
|turn|2
|
|switch|p2a: Graveler|Graveler, L85|267\/267
|switch|p1a: Kakuna|Kakuna, L99|290\/290
|
|turn|3
|
|move|p1a: Kakuna|Poison Sting|p2a: Graveler
|-resisted|p2a: Graveler
|-damage|p2a: Graveler|265\/267
|-status|p2a: Graveler|psn
|move|p2a: Graveler|Body Slam|p1a: Kakuna
|-damage|p1a: Kakuna|222\/290
|-damage|p2a: Graveler|249\/267 psn|[from] psn|[of] p1a: Kakuna
|
|turn|4
|
|move|p1a: Kakuna|Harden|p1a: Kakuna
|-boost|p1a: Kakuna|def|1
|move|p2a: Graveler|Earthquake|p1a: Kakuna
|-damage|p1a: Kakuna|139\/290
|-damage|p2a: Graveler|233\/267 psn|[from] psn|[of] p1a: Kakuna
|
|turn|5
|
|move|p1a: Kakuna|Harden|p1a: Kakuna
|-boost|p1a: Kakuna|def|1
|move|p2a: Graveler|Earthquake|p1a: Kakuna
|-damage|p1a: Kakuna|76\/290
|-damage|p2a: Graveler|217\/267 psn|[from] psn|[of] p1a: Kakuna
|
|turn|6
|join|enteizard
|c| enteizard|I won
|c|★Buts X|nice
|
|move|p1a: Kakuna|Harden|p1a: Kakuna
|-boost|p1a: Kakuna|def|1
|move|p2a: Graveler|Earthquake|p1a: Kakuna
|-damage|p1a: Kakuna|26\/290
|-damage|p2a: Graveler|201\/267 psn|[from] psn|[of] p1a: Kakuna
|
|turn|7
|
|move|p1a: Kakuna|Poison Sting|p2a: Graveler
|-resisted|p2a: Graveler
|-damage|p2a: Graveler|199\/267 psn
|move|p2a: Graveler|Earthquake|p1a: Kakuna
|-damage|p1a: Kakuna|0 fnt
|faint|p1a: Kakuna
|
|switch|p1a: Mankey|Mankey, L96|272\/272
|turn|8
|
|switch|p2a: Vileplume|Vileplume, L85|301\/301
|move|p1a: Mankey|Submission|p2a: Vileplume
|-resisted|p2a: Vileplume
|-damage|p2a: Vileplume|253\/301
|-damage|p1a: Mankey|260\/272|[from] recoil|[of] p2a: Vileplume
|
|turn|9
|c|★evilrabbitlord|evilrabbit
|
|switch|p1a: Koffing|Koffing, L96|272\/272
|move|p2a: Vileplume|Sleep Powder|p1a: Koffing|[miss]
|-miss|p2a: Vileplume
|
|turn|10
|
|switch|p2a: Graveler|Graveler, L85|199\/267 psn
|-damage|p2a: Graveler|183\/267 psn|[from] psn
|move|p1a: Koffing|Fire Blast|p2a: Graveler
|-resisted|p2a: Graveler
|-damage|p2a: Graveler|126\/267 psn
|
|turn|11
|c|★Buts X|uhhh
|c|★Buts X|buts x?
|
|switch|p1a: Moltres|Moltres, L85|327\/327
|move|p2a: Graveler|Explosion|p1a: Moltres
|-damage|p1a: Moltres|85\/327
|faint|p2a: Graveler
|c|★evilrabbitlord|no
|c|★Buts X|hmmmmmmm yeah
|c|★Buts X|i might take taht
|
|switch|p2a: Slowbro|Slowbro, L79|312\/312
|turn|12
|c| enteizard|rip
|c|★Buts X|shit
|
|move|p1a: Moltres|Fire Blast|p2a: Slowbro
|-resisted|p2a: Slowbro
|-damage|p2a: Slowbro|225\/312
|move|p2a: Slowbro|Amnesia|p2a: Slowbro
|-boost|p2a: Slowbro|spd|2
|-boost|p2a: Slowbro|spa|2
|
|turn|13
|c|★evilrabbitlord|wanna party?
|
|move|p1a: Moltres|Sky Attack|p2a: Slowbro|[still]
|-prepare|p1a: Moltres|Sky Attack|p2a: Slowbro
|move|p2a: Slowbro|Surf|p1a: Moltres
|-supereffective|p1a: Moltres
|-damage|p1a: Moltres|0 fnt
|faint|p1a: Moltres
|
|switch|p1a: Exeggutor|Exeggutor, L79|312\/312
|turn|14
|
|switch|p2a: Raichu|Raichu, L85|276\/276
|move|p1a: Exeggutor|Sleep Powder|p2a: Raichu
|-status|p2a: Raichu|slp
|
|turn|15
|
|switch|p2a: Slowbro|Slowbro, L79|225\/312
|move|p1a: Exeggutor|Egg Bomb|p2a: Slowbro
|-damage|p2a: Slowbro|172\/312
|
|turn|16
|c|★evilrabbitlord|slowbro can party like a champ
|
|move|p1a: Exeggutor|Stun Spore|p2a: Slowbro|[miss]
|-miss|p1a: Exeggutor
|move|p2a: Slowbro|Thunder Wave|p1a: Exeggutor
|-status|p1a: Exeggutor|par
|
|turn|17
|
|move|p2a: Slowbro|Amnesia|p2a: Slowbro
|-boost|p2a: Slowbro|spd|2
|-boost|p2a: Slowbro|spa|2
|move|p1a: Exeggutor|Stun Spore|p2a: Slowbro
|-status|p2a: Slowbro|par
|
|turn|18
|
|move|p1a: Exeggutor|Egg Bomb|p2a: Slowbro
|-damage|p2a: Slowbro|117\/312 par
|move|p2a: Slowbro|Amnesia|p2a: Slowbro
|-boost|p2a: Slowbro|spd|2
|-boost|p2a: Slowbro|spa|2
|
|turn|19
|
|move|p1a: Exeggutor|Egg Bomb|p2a: Slowbro|[miss]
|-miss|p1a: Exeggutor
|cant|p2a: Slowbro|par
|
|turn|20
|
|cant|p1a: Exeggutor|par
|move|p2a: Slowbro|Rest|p2a: Slowbro
|-status|p2a: Slowbro|slp
|-heal|p2a: Slowbro|312\/312 slp|[silent]
|-status|p2a: Slowbro|slp|[from] move: Rest
|
|turn|21
|c|★Buts X|shit
|c| enteizard|most unbalanced teams
|c| enteizard|ever
|c|★evilrabbitlord|i may be fat
|c|★Buts X|couldnt get the hyper beam off
|
|move|p1a: Exeggutor|Hyper Beam|p2a: Slowbro
|-damage|p2a: Slowbro|233\/312 slp
|cant|p2a: Slowbro|slp
|
|turn|22
|c|★evilrabbitlord|but i can party
|c|★Buts X|at laest i know what it does
|c| enteizard|wouldn't have worked anyway
|
|cant|p1a: Exeggutor|par
|cant|p2a: Slowbro|slp
|-curestatus|p2a: Slowbro|slp
|
|turn|23
|
|cant|p1a: Exeggutor|par
|move|p2a: Slowbro|Surf|p1a: Exeggutor
|-resisted|p1a: Exeggutor
|-damage|p1a: Exeggutor|215\/312 par
|
|turn|24
|c|★evilrabbitlord|its ok
|
|move|p1a: Exeggutor|Sleep Powder|p2a: Slowbro|[miss]
|-miss|p1a: Exeggutor
|move|p2a: Slowbro|Surf|p1a: Exeggutor
|-resisted|p1a: Exeggutor
|-damage|p1a: Exeggutor|118\/312 par
|
|turn|25
|
|cant|p1a: Exeggutor|par
|move|p2a: Slowbro|Surf|p1a: Exeggutor
|-resisted|p1a: Exeggutor
|-damage|p1a: Exeggutor|13\/312 par
|
|turn|26
|c| enteizard|so uh
|c| enteizard|plan B
|c|★evilrabbitlord|your number 1 right
|c| enteizard|any chance we could convince you to forfeit?
|c|★Buts X|haha
|c|★evilrabbitlord|why lol?
|c| enteizard|well, then buts will be #1
|c| enteizard|right now
|c|★Buts X|i'm 1 point shy of the #1 ranking
|c| enteizard|he's a sad
|c| enteizard|very sad
|c| enteizard|#2
|c| enteizard|take pity on him
|c| enteizard|and surrender
|
|move|p1a: Exeggutor|Sleep Powder|p2a: Slowbro
|-message|Sleep Clause Mod activated.
|move|p2a: Slowbro|Surf|p1a: Exeggutor
|-resisted|p1a: Exeggutor
|-damage|p1a: Exeggutor|0 fnt
|faint|p1a: Exeggutor
|c|★Buts X|am i that dumb?
|c|★Buts X|ones alraedy down?
|
|switch|p1a: Koffing|Koffing, L96|272\/272
|turn|27
|c| enteizard|it doesn't matter anyway
|c|★evilrabbitlord|the time of the rabbit lord is now
|c| enteizard|we're on plan B now
|c|★Buts X|this is plan x
|
|move|p1a: Koffing|Explosion|p2a: Slowbro
|-damage|p2a: Slowbro|15\/312
|faint|p1a: Koffing
|
|switch|p1a: Flareon|Flareon, L85|284\/284
|turn|28
|
|move|p1a: Flareon|Quick Attack|p2a: Slowbro
|-damage|p2a: Slowbro|0 fnt
|faint|p2a: Slowbro
|
|switch|p2a: Lickitung|Lickitung, L85|327\/327
|turn|29
|
|switch|p1a: Mankey|Mankey, L96|260\/272
|move|p2a: Lickitung|Earthquake|p1a: Mankey
|-damage|p1a: Mankey|181\/272
|
|turn|30
|c|★evilrabbitlord|um lick?
|
|switch|p2a: Raichu|Raichu, L85|276\/276 slp
|move|p1a: Mankey|Submission|p2a: Raichu
|-crit|p2a: Raichu
|-damage|p2a: Raichu|45\/276 slp
|-damage|p1a: Mankey|124\/272|[from] recoil|[of] p2a: Raichu
|
|turn|31
|
|cant|p2a: Raichu|slp
|move|p1a: Mankey|Body Slam|p2a: Raichu
|-damage|p2a: Raichu|0 fnt
|faint|p2a: Raichu
|
|switch|p2a: Vileplume|Vileplume, L85|253\/301
|turn|32
|
|move|p1a: Mankey|Rock Slide|p2a: Vileplume
|-damage|p2a: Vileplume|189\/301
|move|p2a: Vileplume|Sleep Powder|p1a: Mankey
|-status|p1a: Mankey|slp
|
|turn|33
|
|switch|p1a: Flareon|Flareon, L85|284\/284
|move|p2a: Vileplume|Body Slam|p1a: Flareon
|-crit|p1a: Flareon
|-damage|p1a: Flareon|155\/284
|
|turn|34
|
|switch|p2a: Poliwhirl|Poliwhirl, L85|103\/284
|move|p1a: Flareon|Fire Blast|p2a: Poliwhirl
|-resisted|p2a: Poliwhirl
|-damage|p2a: Poliwhirl|6\/284
|
|turn|35
|
|move|p1a: Flareon|Quick Attack|p2a: Poliwhirl
|-damage|p2a: Poliwhirl|0 fnt
|faint|p2a: Poliwhirl
|
|switch|p2a: Lickitung|Lickitung, L85|327\/327
|turn|36
|c|★evilrabbitlord|lick?
|
|move|p1a: Flareon|Fire Blast|p2a: Lickitung
|-damage|p2a: Lickitung|152\/327
|move|p2a: Lickitung|Earthquake|p1a: Flareon
|-supereffective|p1a: Flareon
|-damage|p1a: Flareon|33\/284
|
|turn|37
|c| enteizard|omg
|c| enteizard|lol
|c| enteizard|omfg
|c|★Buts X|i might pull this out my ass
|
|move|p1a: Flareon|Fire Blast|p2a: Lickitung
|-damage|p2a: Lickitung|0 fnt
|faint|p2a: Lickitung
|c|★Buts X|HIT
|c|★Buts X|holy f
|
|switch|p2a: Vileplume|Vileplume, L85|189\/301
|turn|38
|c| enteizard|wow
|c|★Buts X|cmon cmon
|c| enteizard|if this hits
|
|move|p1a: Flareon|Fire Blast|p2a: Vileplume
|-supereffective|p2a: Vileplume
|-damage|p2a: Vileplume|0 fnt
|faint|p2a: Vileplume
|
|win|Buts X
|raw|Ladder updating...
|raw|Buts X's rating: 1493 &rarr; <strong>1501<\/strong><br \/>(+8 for winning)
|raw|evilrabbitlord's rating: 1257 &rarr; <strong>1247<\/strong><br \/>(-10 for losing)
|c| enteizard|LOL
|c| enteizard|OMG
|c|★Buts X|I AM A GOD AMONG MEN
|c| enteizard|wow
|c| enteizard|I left you for dead
|c|★Buts X|me too
|c|★Buts X|my heart is racing. i care waaaay too much.
|c| enteizard|LOL