|join|KING) Vaporub
|join|whoremaster
|player|p1|KING) Vaporub|265
|player|p2|whoremaster|43
|gametype|singles
|gen|1
|tier|[Gen 1] OU (beta)
|rated
|rule|Sleep Clause Mod: Limit one foe put to sleep
|rule|Species Clause: Limit one of each Pokemon
|rule|OHKO Clause: OHKO moves are banned
|rule|Moody Clause: Moody is banned
|rule|Evasion Moves Clause: Evasion moves are banned
|rule|Endless Battle Clause: Forcing endless battles is banned
|rule|HP Percentage Mod: HP is reported as percentages
|
|start
|switch|p1a: Exeggutor|Exeggutor|393\/393
|switch|p2a: Alakazam|Alakazam|313\/313
|turn|1
|
|move|p2a: Alakazam|Seismic Toss|p1a: Exeggutor
|-damage|p1a: Exeggutor|293\/393
|move|p1a: Exeggutor|Sleep Powder|p2a: Alakazam|[miss]
|-miss|p1a: Exeggutor
|
|turn|2
|
|move|p2a: Alakazam|Seismic Toss|p1a: Exeggutor
|-damage|p1a: Exeggutor|193\/393
|move|p1a: Exeggutor|Sleep Powder|p2a: Alakazam
|-status|p2a: Alakazam|slp
|
|turn|3
|
|switch|p2a: Exeggutor|Exeggutor|393\/393
|switch|p1a: Snorlax|Snorlax|523\/523
|
|turn|4
|
|move|p2a: Exeggutor|Sleep Powder|p1a: Snorlax
|-status|p1a: Snorlax|slp
|cant|p1a: Snorlax|slp
|
|turn|5
|
|switch|p1a: Chansey|Chansey|703\/703
|move|p2a: Exeggutor|Psychic|p1a: Chansey
|-damage|p1a: Chansey|584\/703
|-unboost|p1a: Chansey|spd|1
|-unboost|p1a: Chansey|spa|1
|
|turn|6
|
|switch|p2a: Chansey|Chansey|703\/703
|move|p1a: Chansey|Thunder Wave|p2a: Chansey
|-status|p2a: Chansey|par
|
|turn|7
|
|switch|p1a: Snorlax|Snorlax|523\/523 slp
|cant|p2a: Chansey|par
|
|turn|8
|
|cant|p1a: Snorlax|slp
|move|p2a: Chansey|Ice Beam|p1a: Snorlax
|-damage|p1a: Snorlax|421\/523 slp
|
|turn|9
|
|cant|p1a: Snorlax|slp
|move|p2a: Chansey|Ice Beam|p1a: Snorlax
|-damage|p1a: Snorlax|312\/523 slp
|
|turn|10
|
|cant|p1a: Snorlax|slp
|-curestatus|p1a: Snorlax|slp
|move|p2a: Chansey|Thunderbolt|p1a: Snorlax
|-damage|p1a: Snorlax|210\/523
|
|turn|11
|
|move|p1a: Snorlax|Amnesia|p1a: Snorlax
|-boost|p1a: Snorlax|spd|2
|-boost|p1a: Snorlax|spa|2
|move|p2a: Chansey|Ice Beam|p1a: Snorlax
|-damage|p1a: Snorlax|160\/523
|
|turn|12
|
|move|p1a: Snorlax|Blizzard|p2a: Chansey
|-crit|p2a: Chansey
|-damage|p2a: Chansey|555\/703 par
|cant|p2a: Chansey|par
|
|turn|13
|
|move|p1a: Snorlax|Amnesia|p1a: Snorlax
|-boost|p1a: Snorlax|spd|2
|-boost|p1a: Snorlax|spa|2
|move|p2a: Chansey|Ice Beam|p1a: Snorlax
|-damage|p1a: Snorlax|129\/523
|
|turn|14
|
|switch|p2a: Exeggutor|Exeggutor|393\/393
|move|p1a: Snorlax|Rest|p1a: Snorlax
|-status|p1a: Snorlax|slp
|-heal|p1a: Snorlax|523\/523 slp|[silent]
|-status|p1a: Snorlax|slp|[from] move: Rest
|
|turn|15
|
|move|p2a: Exeggutor|Psychic|p1a: Snorlax
|-damage|p1a: Snorlax|472\/523 slp
|cant|p1a: Snorlax|slp
|
|turn|16
|
|move|p2a: Exeggutor|Double-Edge|p1a: Snorlax
|-damage|p1a: Snorlax|373\/523 slp
|-damage|p2a: Exeggutor|368\/393|[from] recoil|[of] p1a: Snorlax
|cant|p1a: Snorlax|slp
|-curestatus|p1a: Snorlax|slp
|
|turn|17
|
|switch|p2a: Cloyster|Cloyster|303\/303
|move|p1a: Snorlax|Blizzard|p2a: Cloyster
|-resisted|p2a: Cloyster
|-damage|p2a: Cloyster|243\/303
|
|turn|18
|
|move|p2a: Cloyster|Clamp|p1a: Snorlax
|-damage|p1a: Snorlax|357\/523
|-activate|p1a: Snorlax|move: Clamp|[of] p2a: Cloyster
|cant|p1a: Snorlax|partiallytrapped
|
|turn|19
|
|move|p2a: Cloyster|Clamp|p1a: Snorlax
|-damage|p1a: Snorlax|341\/523
|cant|p1a: Snorlax|partiallytrapped
|
|-end|p1a: Snorlax|Clamp|[partiallytrapped]
|turn|20
|
|move|p2a: Cloyster|Clamp|p1a: Snorlax|[miss]
|-miss|p2a: Cloyster
|move|p1a: Snorlax|Blizzard|p2a: Cloyster
|-resisted|p2a: Cloyster
|-damage|p2a: Cloyster|187\/303
|
|turn|21
|
|move|p2a: Cloyster|Clamp|p1a: Snorlax
|-damage|p1a: Snorlax|323\/523
|-activate|p1a: Snorlax|move: Clamp|[of] p2a: Cloyster
|cant|p1a: Snorlax|partiallytrapped
|
|turn|22
|
|move|p2a: Cloyster|Clamp|p1a: Snorlax
|-damage|p1a: Snorlax|305\/523
|cant|p1a: Snorlax|partiallytrapped
|
|-end|p1a: Snorlax|Clamp|[partiallytrapped]
|turn|23
|
|move|p2a: Cloyster|Blizzard|p1a: Snorlax
|-damage|p1a: Snorlax|247\/523
|move|p1a: Snorlax|Blizzard|p2a: Cloyster
|-resisted|p2a: Cloyster
|-damage|p2a: Cloyster|131\/303
|
|turn|24
|
|move|p2a: Cloyster|Clamp|p1a: Snorlax|[miss]
|-miss|p2a: Cloyster
|move|p1a: Snorlax|Rest|p1a: Snorlax
|-status|p1a: Snorlax|slp
|-heal|p1a: Snorlax|523\/523 slp|[silent]
|-status|p1a: Snorlax|slp|[from] move: Rest
|
|turn|25
|
|move|p2a: Cloyster|Blizzard|p1a: Snorlax
|-crit|p1a: Snorlax
|-damage|p1a: Snorlax|199\/523 slp
|cant|p1a: Snorlax|slp
|
|turn|26
|
|switch|p2a: Tauros|Tauros|353\/353
|cant|p1a: Snorlax|slp
|-curestatus|p1a: Snorlax|slp
|
|turn|27
|
|switch|p1a: Golem|Golem|363\/363
|move|p2a: Tauros|Hyper Beam|p1a: Golem
|-crit|p1a: Golem
|-resisted|p1a: Golem
|-damage|p1a: Golem|222\/363
|
|turn|28
|
|cant|p2a: Tauros|recharge
|move|p1a: Golem|Earthquake|p2a: Tauros
|-damage|p2a: Tauros|221\/353
|
|turn|29
|
|switch|p2a: Exeggutor|Exeggutor|368\/393
|move|p1a: Golem|Explosion|p2a: Exeggutor
|-damage|p2a: Exeggutor|62\/393
|faint|p1a: Golem
|
|switch|p1a: Tauros|Tauros|353\/353
|turn|30
|
|switch|p2a: Cloyster|Cloyster|131\/303
|move|p1a: Tauros|Body Slam|p2a: Cloyster
|-damage|p2a: Cloyster|61\/303
|-status|p2a: Cloyster|par
|
|turn|31
|
|move|p1a: Tauros|Body Slam|p2a: Cloyster
|-damage|p2a: Cloyster|0 fnt
|faint|p2a: Cloyster
|
|
|switch|p2a: Golem|Golem|363\/363
|turn|32
|
|move|p1a: Tauros|Blizzard|p2a: Golem
|-supereffective|p2a: Golem
|-damage|p2a: Golem|148\/363
|-status|p2a: Golem|frz
|cant|p2a: Golem|frz
|
|turn|33
|chat|whoremaster|aw slut
|
|move|p1a: Tauros|Body Slam|p2a: Golem
|-crit|p2a: Golem
|-resisted|p2a: Golem
|-damage|p2a: Golem|57\/363 frz
|cant|p2a: Golem|frz
|
|turn|34
|
|move|p1a: Tauros|Body Slam|p2a: Golem
|-crit|p2a: Golem
|-resisted|p2a: Golem
|-damage|p2a: Golem|0 fnt
|faint|p2a: Golem
|
|
|switch|p2a: Chansey|Chansey|555\/703 par
|turn|35
|
|switch|p1a: Snorlax|Snorlax|199\/523
|move|p2a: Chansey|Thunder Wave|p1a: Snorlax
|-status|p1a: Snorlax|par
|
|turn|36
|
|switch|p2a: Exeggutor|Exeggutor|62\/393
|move|p1a: Snorlax|Rest|p1a: Snorlax
|-status|p1a: Snorlax|slp
|-heal|p1a: Snorlax|523\/523 slp|[silent]
|-status|p1a: Snorlax|slp|[from] move: Rest
|
|turn|37
|
|move|p2a: Exeggutor|Psychic|p1a: Snorlax
|-damage|p1a: Snorlax|369\/523 slp
|cant|p1a: Snorlax|slp
|
|turn|38
|
|switch|p1a: Tauros|Tauros|353\/353
|move|p2a: Exeggutor|Psychic|p1a: Tauros
|-crit|p1a: Tauros
|-damage|p1a: Tauros|54\/353
|-unboost|p1a: Tauros|spd|1
|-unboost|p1a: Tauros|spa|1
|
|turn|39
|
|switch|p2a: Chansey|Chansey|555\/703 par
|move|p1a: Tauros|Body Slam|p2a: Chansey
|-damage|p2a: Chansey|263\/703 par
|
|turn|40
|
|move|p1a: Tauros|Body Slam|p2a: Chansey
|-crit|p2a: Chansey
|-damage|p2a: Chansey|0 fnt
|faint|p2a: Chansey
|
|
|switch|p2a: Tauros|Tauros|221\/353
|turn|41
|
|switch|p1a: Exeggutor|Exeggutor|193\/393
|move|p2a: Tauros|Body Slam|p1a: Exeggutor
|-damage|p1a: Exeggutor|80\/393
|
|turn|42
|
|switch|p2a: Alakazam|Alakazam|313\/313 slp
|move|p1a: Exeggutor|Stun Spore|p2a: Alakazam
|-fail|p2a: Alakazam
|
|turn|43
|
|cant|p2a: Alakazam|slp
|move|p1a: Exeggutor|Psychic|p2a: Alakazam
|-resisted|p2a: Alakazam
|-damage|p2a: Alakazam|264\/313 slp
|
|turn|44
|
|cant|p2a: Alakazam|slp
|move|p1a: Exeggutor|Explosion|p2a: Alakazam
|-damage|p2a: Alakazam|0 fnt
|faint|p2a: Alakazam
|faint|p1a: Exeggutor
|
|switch|p2a: Exeggutor|Exeggutor|62\/393
|switch|p1a: Chansey|Chansey|584\/703
|turn|45
|
|move|p2a: Exeggutor|Sleep Powder|p1a: Chansey
|-status|p1a: Chansey|slp
|cant|p1a: Chansey|slp
|
|turn|46
|
|switch|p1a: Alakazam|Alakazam|313\/313
|move|p2a: Exeggutor|Psychic|p1a: Alakazam
|-crit|p1a: Alakazam
|-resisted|p1a: Alakazam
|-damage|p1a: Alakazam|208\/313
|
|turn|47
|
|move|p1a: Alakazam|Thunder Wave|p2a: Exeggutor
|-status|p2a: Exeggutor|par
|move|p2a: Exeggutor|Explosion|p1a: Alakazam
|-damage|p1a: Alakazam|0 fnt
|faint|p1a: Alakazam
|faint|p2a: Exeggutor
|
|switch|p1a: Tauros|Tauros|54\/353
|switch|p2a: Tauros|Tauros|221\/353
|turn|48
|
|move|p1a: Tauros|Hyper Beam|p2a: Tauros
|-damage|p2a: Tauros|35\/353
|move|p2a: Tauros|Body Slam|p1a: Tauros
|-damage|p1a: Tauros|0 fnt
|faint|p1a: Tauros
|
|chat|whoremaster|lets pray
|
|switch|p1a: Snorlax|Snorlax|369\/523 slp
|turn|49
|chat|whoremaster|to the gods
|
|move|p2a: Tauros|Body Slam|p1a: Snorlax
|-damage|p1a: Snorlax|236\/523 slp
|cant|p1a: Snorlax|slp
|-curestatus|p1a: Snorlax|slp
|
|turn|50
|
|switch|p1a: Chansey|Chansey|584\/703 slp
|move|p2a: Tauros|Hyper Beam|p1a: Chansey
|-damage|p1a: Chansey|129\/703 slp
|
|turn|51
|chat|KING) Vaporub|damn
|
|cant|p2a: Tauros|recharge
|cant|p1a: Chansey|slp
|
|turn|52
|
|move|p2a: Tauros|Body Slam|p1a: Chansey
|-damage|p1a: Chansey|0 fnt
|faint|p1a: Chansey
|
|
|switch|p1a: Snorlax|Snorlax|236\/523
|turn|53
|chat|whoremaster|unless i miss aaha
|
|move|p2a: Tauros|Hyper Beam|p1a: Snorlax
|-damage|p1a: Snorlax|7\/523
|move|p1a: Snorlax|Hyper Beam|p2a: Tauros
|-damage|p2a: Tauros|0 fnt
|faint|p2a: Tauros
|
|win|KING) Vaporub
|raw|Ladder updating...
|chat|KING) Vaporub|yes
|raw|KING) Vaporub's rating: 1158 &rarr; <strong>1179<\/strong><br \/>(+21 for winning)
|raw|whoremaster's rating: 1098 &rarr; <strong>1077<\/strong><br \/>(-21 for losing)
|chat|KING) Vaporub|lol
|chat|whoremaster|LMAO
|chat|KING) Vaporub|too bulky
|chat|whoremaster|ahaha gg dude
|chat|KING) Vaporub|gg
|leave|whoremaster
|player|p2