|j|B1ackJack94
|j|Tao Bai Bai
|player|p1|B1ackJack94|204
|player|p2|Tao Bai Bai|1
|gametype|singles
|gen|1
|tier|[Gen 1] Random Battle
|rated
|seed|8861,19506,1181,4104
|rule|Sleep Clause Mod: Limit one foe put to sleep
|rule|Freeze Clause Mod: Limit one foe frozen
|rule|HP Percentage Mod: HP is shown in percentages
|
|start
|switch|p1a: Magneton|Magneton, L90|273\/273
|switch|p2a: Poliwhirl|Poliwhirl, L85|284\/284
|turn|1
|choice|move 2|switch 4
|
|switch|p2a: Golem|Golem, L79|288\/288
|move|p1a: Magneton|Mimic|p2a: Golem
|-start|p1a: Magneton|Mimic|Explosion
|
|turn|2
|choice|move 2|move 3
|
|move|p1a: Magneton|Explosion|p2a: Golem
|-resisted|p2a: Golem
|-damage|p2a: Golem|206\/288
|faint|p1a: Magneton
|choice|switch 3|
|
|switch|p1a: Victreebel|Victreebel, L85|310\/310
|turn|3
|choice|move 2|switch 3
|
|switch|p2a: Weezing|Weezing, L90|300\/300
|move|p1a: Victreebel|Swords Dance|p1a: Victreebel
|-boost|p1a: Victreebel|atk|2
|
|turn|4
|choice|move 3|move 3
|
|move|p1a: Victreebel|Body Slam|p2a: Weezing
|-damage|p2a: Weezing|202\/300
|move|p2a: Weezing|Fire Blast|p1a: Victreebel
|-supereffective|p1a: Victreebel
|-damage|p1a: Victreebel|148\/310
|
|turn|5
|choice|move 4|move 3
|
|move|p1a: Victreebel|Hyper Beam|p2a: Weezing
|-damage|p2a: Weezing|23\/300
|move|p2a: Weezing|Fire Blast|p1a: Victreebel
|-supereffective|p1a: Victreebel
|-damage|p1a: Victreebel|0 fnt
|faint|p1a: Victreebel
|choice|switch 2|
|
|switch|p1a: Goldeen|Goldeen, L96|281\/281
|turn|6
|choice|move 1|move 1
|
|move|p1a: Goldeen|Surf|p2a: Weezing
|-damage|p2a: Weezing|0 fnt
|faint|p2a: Weezing
|choice||switch 5
|
|switch|p2a: Tauros|Tauros, L79|280\/280
|turn|7
|choice|move 3|move 2
|
|move|p2a: Tauros|Body Slam|p1a: Goldeen
|-damage|p1a: Goldeen|190\/281
|move|p1a: Goldeen|Agility|p1a: Goldeen
|-boost|p1a: Goldeen|spe|2
|
|turn|8
|choice|move 4|move 3
|
|move|p1a: Goldeen|Supersonic|p2a: Tauros
|-start|p2a: Tauros|confusion
|-activate|p2a: Tauros|confusion
|move|p2a: Tauros|Hyper Beam|p1a: Goldeen
|-damage|p1a: Goldeen|35\/281
|
|turn|9
|-mustrecharge|p2a: Tauros
|-mustrecharge|p2a: Tauros
|choice|move 2|move 1
|
|move|p1a: Goldeen|Blizzard|p2a: Tauros
|-damage|p2a: Tauros|184\/280
|cant|p2a: Tauros|recharge
|
|turn|10
|choice|move 2|move 3
|
|move|p1a: Goldeen|Blizzard|p2a: Tauros|[miss]
|-miss|p1a: Goldeen
|-activate|p2a: Tauros|confusion
|-damage|p2a: Tauros|155\/280|[from] confusion
|
|turn|11
|choice|move 1|move 3
|
|move|p1a: Goldeen|Surf|p2a: Tauros
|-damage|p2a: Tauros|52\/280
|-activate|p2a: Tauros|confusion
|move|p2a: Tauros|Hyper Beam|p1a: Goldeen
|-crit|p1a: Goldeen
|-damage|p1a: Goldeen|0 fnt
|faint|p1a: Goldeen
|choice|switch 6|
|
|switch|p1a: Rapidash|Rapidash, L90|300\/300
|turn|12
|choice|move 4|move 4
|
|move|p1a: Rapidash|Body Slam|p2a: Tauros
|-crit|p2a: Tauros
|-damage|p2a: Tauros|0 fnt
|faint|p2a: Tauros
|choice||switch 3
|
|switch|p2a: Golem|Golem, L79|206\/288
|turn|13
|choice|move 3|move 3
|
|move|p1a: Rapidash|Substitute|p1a: Rapidash
|-start|p1a: Rapidash|Substitute
|-damage|p1a: Rapidash|225\/300
|move|p2a: Golem|Earthquake|p1a: Rapidash
|-supereffective|p1a: Rapidash
|-end|p1a: Rapidash|Substitute
|
|turn|14
|choice|move 1|move 3
|
|move|p1a: Rapidash|Fire Blast|p2a: Golem
|-resisted|p2a: Golem
|-damage|p2a: Golem|116\/288
|move|p2a: Golem|Earthquake|p1a: Rapidash
|-supereffective|p1a: Rapidash
|-damage|p1a: Rapidash|2\/300
|
|turn|15
|choice|move 1|move 3
|
|move|p1a: Rapidash|Fire Blast|p2a: Golem
|-resisted|p2a: Golem
|-damage|p2a: Golem|29\/288
|-status|p2a: Golem|brn
|move|p2a: Golem|Earthquake|p1a: Rapidash
|-supereffective|p1a: Rapidash
|-damage|p1a: Rapidash|0 fnt
|faint|p1a: Rapidash
|choice|switch 5|
|
|switch|p1a: Sandslash|Sandslash, L85|301\/301
|turn|16
|choice|move 2|move 2
|
|move|p1a: Sandslash|Swords Dance|p1a: Sandslash
|-boost|p1a: Sandslash|atk|2
|move|p2a: Golem|Explosion|p1a: Sandslash
|-crit|p1a: Sandslash
|-damage|p1a: Sandslash|0 fnt
|faint|p1a: Sandslash
|faint|p2a: Golem
|choice|switch 4|switch 6
|
|switch|p2a: Charmeleon|Charmeleon, L85|272\/272
|switch|p1a: Chansey|Chansey, L79|557\/557
|turn|17
|choice|move 2|move 3
|
|move|p2a: Charmeleon|Submission|p1a: Chansey
|-supereffective|p1a: Chansey
|-damage|p1a: Chansey|336\/557
|-damage|p2a: Charmeleon|217\/272|[from] recoil|[of] p1a: Chansey
|move|p1a: Chansey|Thunder Wave|p2a: Charmeleon
|-status|p2a: Charmeleon|par
|
|turn|18
|choice|move 4|move 3
|
|move|p1a: Chansey|Reflect|p1a: Chansey
|-start|p1a: Chansey|Reflect
|move|p2a: Charmeleon|Submission|p1a: Chansey|[miss]
|-miss|p2a: Charmeleon
|
|turn|19
|choice|move 1|move 3
|
|move|p1a: Chansey|Soft-Boiled|p1a: Chansey
|-heal|p1a: Chansey|557\/557
|move|p2a: Charmeleon|Submission|p1a: Chansey
|-supereffective|p1a: Chansey
|-damage|p1a: Chansey|445\/557
|-damage|p2a: Charmeleon|189\/272 par|[from] recoil|[of] p1a: Chansey
|
|turn|20
|choice|move 3|move 3
|
|move|p1a: Chansey|Ice Beam|p2a: Charmeleon
|-damage|p2a: Charmeleon|110\/272 par
|move|p2a: Charmeleon|Submission|p1a: Chansey|[miss]
|-miss|p2a: Charmeleon
|
|turn|21
|choice|move 3|move 3
|
|move|p1a: Chansey|Ice Beam|p2a: Charmeleon
|-damage|p2a: Charmeleon|40\/272 par
|move|p2a: Charmeleon|Submission|p1a: Chansey
|-supereffective|p1a: Chansey
|-damage|p1a: Chansey|322\/557
|-damage|p2a: Charmeleon|10\/272 par|[from] recoil|[of] p1a: Chansey
|
|turn|22
|choice|move 1|move 3
|
|move|p1a: Chansey|Soft-Boiled|p1a: Chansey
|-heal|p1a: Chansey|557\/557
|cant|p2a: Charmeleon|par
|
|turn|23
|choice|move 3|move 3
|
|move|p1a: Chansey|Ice Beam|p2a: Charmeleon
|-damage|p2a: Charmeleon|0 fnt
|faint|p2a: Charmeleon
|choice||switch 4
|
|switch|p2a: Poliwhirl|Poliwhirl, L85|284\/284
|turn|24
|choice|move 2|move 2
|
|move|p2a: Poliwhirl|Hypnosis|p1a: Chansey
|-status|p1a: Chansey|slp
|-curestatus|p1a: Chansey|slp
|
|turn|25
|choice|move 2|move 2
|
|move|p2a: Poliwhirl|Hypnosis|p1a: Chansey|[miss]
|-miss|p2a: Poliwhirl
|move|p1a: Chansey|Thunder Wave|p2a: Poliwhirl
|-status|p2a: Poliwhirl|par
|
|turn|26
|choice|move 3|move 2
|
|move|p1a: Chansey|Ice Beam|p2a: Poliwhirl
|-crit|p2a: Poliwhirl
|-resisted|p2a: Poliwhirl
|-damage|p2a: Poliwhirl|195\/284 par
|move|p2a: Poliwhirl|Hypnosis|p1a: Chansey|[miss]
|-miss|p2a: Poliwhirl
|
|turn|27
|choice|move 3|move 2
|
|move|p1a: Chansey|Ice Beam|p2a: Poliwhirl
|-crit|p2a: Poliwhirl
|-resisted|p2a: Poliwhirl
|-damage|p2a: Poliwhirl|111\/284 par
|move|p2a: Poliwhirl|Hypnosis|p1a: Chansey
|-status|p1a: Chansey|slp
|
|turn|28
|choice|move 3|move 4
|
|cant|p1a: Chansey|slp
|cant|p2a: Poliwhirl|par
|
|turn|29
|choice|move 3|move 4
|
|-curestatus|p1a: Chansey|slp
|cant|p2a: Poliwhirl|par
|
|turn|30
|choice|move 3|move 4
|
|move|p1a: Chansey|Ice Beam|p2a: Poliwhirl
|-crit|p2a: Poliwhirl
|-resisted|p2a: Poliwhirl
|-damage|p2a: Poliwhirl|31\/284 par
|cant|p2a: Poliwhirl|par
|
|turn|31
|choice|move 3|move 4
|
|move|p1a: Chansey|Ice Beam|p2a: Poliwhirl
|-resisted|p2a: Poliwhirl
|-damage|p2a: Poliwhirl|0 fnt
|faint|p2a: Poliwhirl
|choice||switch 2
|
|switch|p2a: Shellder|Shellder, L96|252\/252
|turn|32
|choice|move 2|move 2
|
|move|p2a: Shellder|Supersonic|p1a: Chansey
|-start|p1a: Chansey|confusion
|-activate|p1a: Chansey|confusion
|-damage|p1a: Chansey|529\/557|[from] confusion
|
|turn|33
|choice|move 2|move 1
|
|move|p2a: Shellder|Blizzard|p1a: Chansey
|-damage|p1a: Chansey|468\/557
|-activate|p1a: Chansey|confusion
|-damage|p1a: Chansey|440\/557|[from] confusion
|
|turn|34
|choice|move 2|move 4
|
|move|p2a: Shellder|Surf|p1a: Chansey
|-damage|p1a: Chansey|362\/557
|-activate|p1a: Chansey|confusion
|-damage|p1a: Chansey|334\/557|[from] confusion
|
|turn|35
|choice|move 1|move 4
|
|move|p2a: Shellder|Surf|p1a: Chansey
|-damage|p1a: Chansey|259\/557
|-activate|p1a: Chansey|confusion
|-damage|p1a: Chansey|231\/557|[from] confusion
|
|turn|36
|choice|move 1|move 4
|
|move|p2a: Shellder|Surf|p1a: Chansey
|-damage|p1a: Chansey|148\/557
|-end|p1a: Chansey|confusion
|move|p1a: Chansey|Soft-Boiled|p1a: Chansey
|-heal|p1a: Chansey|426\/557
|
|turn|37
|choice|move 2|move 4
|
|move|p2a: Shellder|Surf|p1a: Chansey
|-damage|p1a: Chansey|344\/557
|move|p1a: Chansey|Thunder Wave|p2a: Shellder
|-status|p2a: Shellder|par
|
|turn|38
|choice|move 3|move 4
|
|move|p1a: Chansey|Ice Beam|p2a: Shellder
|-resisted|p2a: Shellder
|-damage|p2a: Shellder|212\/252 par
|move|p2a: Shellder|Surf|p1a: Chansey
|-damage|p1a: Chansey|261\/557
|
|turn|39
|choice|move 1|move 1
|
|move|p1a: Chansey|Soft-Boiled|p1a: Chansey
|-heal|p1a: Chansey|539\/557
|move|p2a: Shellder|Blizzard|p1a: Chansey
|-crit|p1a: Chansey
|-damage|p1a: Chansey|406\/557
|
|turn|40
|choice|move 3|move 1
|
|move|p1a: Chansey|Ice Beam|p2a: Shellder
|-resisted|p2a: Shellder
|-damage|p2a: Shellder|173\/252 par
|cant|p2a: Shellder|par
|
|turn|41
|choice|move 3|move 1
|
|move|p1a: Chansey|Ice Beam|p2a: Shellder
|-resisted|p2a: Shellder
|-damage|p2a: Shellder|134\/252 par
|cant|p2a: Shellder|par
|
|turn|42
|choice|move 3|move 1
|
|move|p1a: Chansey|Ice Beam|p2a: Shellder
|-resisted|p2a: Shellder
|-damage|p2a: Shellder|92\/252 par
|move|p2a: Shellder|Blizzard|p1a: Chansey
|-damage|p1a: Chansey|340\/557
|
|turn|43
|choice|move 3|move 1
|
|move|p1a: Chansey|Ice Beam|p2a: Shellder
|-resisted|p2a: Shellder
|-damage|p2a: Shellder|50\/252 par
|move|p2a: Shellder|Blizzard|p1a: Chansey
|-damage|p1a: Chansey|273\/557
|
|turn|44
|choice|move 3|move 1
|
|move|p1a: Chansey|Ice Beam|p2a: Shellder
|-resisted|p2a: Shellder
|-damage|p2a: Shellder|10\/252 par
|move|p2a: Shellder|Blizzard|p1a: Chansey
|-damage|p1a: Chansey|209\/557
|
|turn|45
|choice|move 3|move 1
|
|move|p1a: Chansey|Ice Beam|p2a: Shellder
|-resisted|p2a: Shellder
|-damage|p2a: Shellder|0 fnt
|faint|p2a: Shellder
|
|win|B1ackJack94
|player|p1
|player|p2
|raw|B1ackJack94's rating: 1226 &rarr; <strong>1239<\/strong><br \/>(+13 for winning)
|raw|Tao Bai Bai's rating: 1040 &rarr; <strong>1032<\/strong><br \/>(-8 for losing)
|c|★B1ackJack94|gg
|l|Tao Bai Bai