|join|Jano CC
|join|JAYDG
|player|p1|Jano CC|163
|player|p2|JAYDG|151
|gametype|singles
|gen|1
|tier|[Gen 1] Random Battle
|rated
|seed|37025,26853,55344,8571
|rule|Sleep Clause Mod: Limit one foe put to sleep
|rule|Freeze Clause Mod: Limit one foe frozen
|rule|HP Percentage Mod: HP is shown in percentages
|
|start
|switch|p1a: Jolteon|Jolteon, L79|265\/265
|switch|p2a: Mew|Mew, L74|300\/300
|turn|1
|choice|move 3|move 4
|
|move|p1a: Jolteon|Thunder Wave|p2a: Mew
|-status|p2a: Mew|par
|move|p2a: Mew|Earthquake|p1a: Jolteon
|-supereffective|p1a: Jolteon
|-damage|p1a: Jolteon|123\/265
|
|turn|2
|choice|move 4|switch 6
|
|switch|p2a: Electrode|Electrode, L90|291\/291
|move|p1a: Jolteon|Pin Missile|p2a: Electrode
|-crit|p2a: Electrode
|-damage|p2a: Electrode|275\/291
|-damage|p2a: Electrode|259\/291
|-hitcount|p2a: Electrode|2
|
|turn|3
|choice|switch 2|move 4
|
|switch|p1a: Tauros|Tauros, L79|280\/280
|move|p2a: Electrode|Reflect|p2a: Electrode
|-start|p2a: Electrode|Reflect
|
|turn|4
|choice|move 4|move 2
|
|move|p2a: Electrode|Flash|p1a: Tauros
|-unboost|p1a: Tauros|accuracy|1
|move|p1a: Tauros|Earthquake|p2a: Electrode
|-supereffective|p2a: Electrode
|-damage|p2a: Electrode|186\/291
|
|turn|5
|choice|move 3|move 3
|
|move|p2a: Electrode|Screech|p1a: Tauros
|-unboost|p1a: Tauros|def|2
|move|p1a: Tauros|Body Slam|p2a: Electrode
|-crit|p2a: Electrode
|-damage|p2a: Electrode|9\/291
|
|turn|6
|choice|move 4|move 1
|
|move|p2a: Electrode|Explosion|p1a: Tauros
|-crit|p1a: Tauros
|-damage|p1a: Tauros|0 fnt
|faint|p1a: Tauros
|faint|p2a: Electrode
|choice|switch 2|switch 2
|
|switch|p1a: Jolteon|Jolteon, L79|123\/265
|switch|p2a: Caterpie|Caterpie, L99|290\/290
|turn|7
|choice|move 3|move 1
|
|move|p1a: Jolteon|Thunder Wave|p2a: Caterpie
|-status|p2a: Caterpie|par
|move|p2a: Caterpie|String Shot|p1a: Jolteon
|-unboost|p1a: Jolteon|spe|1
|
|turn|8
|choice|move 1|move 2
|
|move|p1a: Jolteon|Thunderbolt|p2a: Caterpie
|-damage|p2a: Caterpie|124\/290 par
|move|p2a: Caterpie|Tackle|p1a: Jolteon
|-damage|p1a: Jolteon|98\/265
|
|turn|9
|choice|move 1|move 1
|
|move|p1a: Jolteon|Thunderbolt|p2a: Caterpie
|-damage|p2a: Caterpie|0 fnt
|faint|p2a: Caterpie
|choice||switch 6
|
|switch|p2a: Mew|Mew, L74|300\/300 par
|turn|10
|choice|move 4|move 2
|
|move|p1a: Jolteon|Pin Missile|p2a: Mew
|-crit|p2a: Mew
|-supereffective|p2a: Mew
|-damage|p2a: Mew|269\/300 par
|-damage|p2a: Mew|238\/300 par
|-damage|p2a: Mew|207\/300 par
|-damage|p2a: Mew|176\/300 par
|-damage|p2a: Mew|145\/300 par
|-hitcount|p2a: Mew|5
|move|p2a: Mew|Blizzard|p1a: Jolteon
|-damage|p1a: Jolteon|40\/265
|
|turn|11
|choice|move 4|move 4
|
|move|p1a: Jolteon|Pin Missile|p2a: Mew
|-supereffective|p2a: Mew
|-damage|p2a: Mew|130\/300 par
|-damage|p2a: Mew|115\/300 par
|-damage|p2a: Mew|100\/300 par
|-hitcount|p2a: Mew|3
|cant|p2a: Mew|par
|
|turn|12
|choice|move 4|switch 4
|
|switch|p2a: Gengar|Gengar, L79|257\/257
|move|p1a: Jolteon|Pin Missile|p2a: Gengar
|-damage|p2a: Gengar|247\/257
|-damage|p2a: Gengar|237\/257
|-damage|p2a: Gengar|227\/257
|-damage|p2a: Gengar|217\/257
|-damage|p2a: Gengar|207\/257
|-hitcount|p2a: Gengar|5
|
|turn|13
|choice|switch 4|move 4
|
|switch|p1a: Squirtle|Squirtle, L96|279\/279
|move|p2a: Gengar|Mega Drain|p1a: Squirtle
|-supereffective|p1a: Squirtle
|-damage|p1a: Squirtle|206\/279
|-heal|p2a: Gengar|243\/257|[from] drain|[of] p1a: Squirtle
|
|turn|14
|choice|move 4|move 1
|
|move|p2a: Gengar|Hypnosis|p1a: Squirtle|[miss]
|-miss|p2a: Gengar
|move|p1a: Squirtle|Blizzard|p2a: Gengar
|-damage|p2a: Gengar|180\/257
|
|turn|15
|choice|switch 5|move 3
|
|switch|p1a: Muk|Muk, L90|372\/372
|move|p2a: Gengar|Thunderbolt|p1a: Muk
|-damage|p1a: Muk|287\/372
|
|turn|16
|choice|move 3|move 3
|
|move|p2a: Gengar|Thunderbolt|p1a: Muk
|-damage|p1a: Muk|208\/372
|move|p1a: Muk|Screech|p2a: Gengar|[miss]
|-miss|p1a: Muk
|
|turn|17
|choice|switch 6|move 3
|
|switch|p1a: Vileplume|Vileplume, L90|318\/318
|move|p2a: Gengar|Thunderbolt|p1a: Vileplume
|-resisted|p1a: Vileplume
|-damage|p1a: Vileplume|290\/318
|
|turn|18
|choice|move 3|switch 5
|
|switch|p2a: Fearow|Fearow, L90|300\/300
|move|p1a: Vileplume|Sleep Powder|p2a: Fearow
|-status|p2a: Fearow|slp
|
|turn|19
|choice|switch 5|switch 3
|
|switch|p2a: Zapdos|Zapdos, L79|304\/304
|switch|p1a: Squirtle|Squirtle, L96|206\/279
|
|turn|20
|choice|switch 6|move 4
|
|switch|p1a: Muk|Muk, L90|208\/372
|move|p2a: Zapdos|Thunder Wave|p1a: Muk
|-status|p1a: Muk|par
|
|turn|21
|choice|move 4|move 1
|
|move|p2a: Zapdos|Thunderbolt|p1a: Muk
|-damage|p1a: Muk|84\/372 par
|cant|p1a: Muk|par
|
|turn|22
|choice|move 1|move 1
|
|move|p2a: Zapdos|Thunderbolt|p1a: Muk
|-damage|p1a: Muk|0 fnt
|faint|p1a: Muk
|choice|switch 4|
|
|switch|p1a: Jolteon|Jolteon, L79|40\/265
|turn|23
|choice|move 3|move 2
|
|move|p1a: Jolteon|Thunder Wave|p2a: Zapdos
|-status|p2a: Zapdos|par
|cant|p2a: Zapdos|par
|
|turn|24
|choice|move 1|move 4
|
|move|p1a: Jolteon|Thunderbolt|p2a: Zapdos
|-damage|p2a: Zapdos|217\/304 par
|move|p2a: Zapdos|Thunder Wave|p1a: Jolteon
|-status|p1a: Jolteon|par
|
|turn|25
|choice|move 2|move 1
|
|move|p1a: Jolteon|Sand Attack|p2a: Zapdos
|-unboost|p2a: Zapdos|accuracy|1
|move|p2a: Zapdos|Thunderbolt|p1a: Jolteon
|-resisted|p1a: Jolteon
|-damage|p1a: Jolteon|0 fnt
|faint|p1a: Jolteon
|choice|switch 6|
|
|switch|p1a: Squirtle|Squirtle, L96|206\/279
|turn|26
|choice|move 4|move 4
|
|move|p1a: Squirtle|Blizzard|p2a: Zapdos
|-supereffective|p2a: Zapdos
|-damage|p2a: Zapdos|87\/304 par
|move|p2a: Zapdos|Thunder Wave|p1a: Squirtle|[miss]
|-miss|p2a: Zapdos
|
|turn|27
|choice|move 2|move 1
|
|move|p1a: Squirtle|Surf|p2a: Zapdos
|-damage|p2a: Zapdos|18\/304 par
|move|p2a: Zapdos|Thunderbolt|p1a: Squirtle|[miss]
|-miss|p2a: Zapdos
|
|turn|28
|choice|move 2|move 1
|
|move|p1a: Squirtle|Surf|p2a: Zapdos
|-damage|p2a: Zapdos|0 fnt
|faint|p2a: Zapdos
|choice||switch 5
|
|switch|p2a: Gengar|Gengar, L79|180\/257
|turn|29
|choice|move 4|move 4
|
|move|p2a: Gengar|Mega Drain|p1a: Squirtle
|-crit|p1a: Squirtle
|-supereffective|p1a: Squirtle
|-damage|p1a: Squirtle|53\/279
|-heal|p2a: Gengar|256\/257|[from] drain|[of] p1a: Squirtle
|move|p1a: Squirtle|Blizzard|p2a: Gengar
|-damage|p2a: Gengar|193\/257
|
|turn|30
|choice|switch 5|move 3
|
|switch|p1a: Vileplume|Vileplume, L90|290\/318
|move|p2a: Gengar|Thunderbolt|p1a: Vileplume
|-resisted|p1a: Vileplume
|-damage|p1a: Vileplume|260\/318
|
|turn|31
|choice|move 3|move 1
|
|move|p2a: Gengar|Hypnosis|p1a: Vileplume
|-status|p1a: Vileplume|slp
|cant|p1a: Vileplume|slp
|
|turn|32
|choice|move 3|switch 3
|
|switch|p2a: Fearow|Fearow, L90|300\/300 slp
|cant|p1a: Vileplume|slp
|
|turn|33
|choice|switch 5|move 1
|
|switch|p1a: Squirtle|Squirtle, L96|53\/279
|cant|p2a: Fearow|slp
|
|turn|34
|choice|move 4|move 1
|
|cant|p2a: Fearow|slp
|move|p1a: Squirtle|Blizzard|p2a: Fearow
|-supereffective|p2a: Fearow
|-damage|p2a: Fearow|131\/300 slp
|
|turn|35
|choice|move 4|move 3
|
|cant|p2a: Fearow|slp
|move|p1a: Squirtle|Blizzard|p2a: Fearow
|-supereffective|p2a: Fearow
|-damage|p2a: Fearow|0 fnt
|faint|p2a: Fearow
|choice||switch 4
|
|switch|p2a: Mew|Mew, L74|100\/300 par
|turn|36
|choice|move 4|move 3
|
|move|p1a: Squirtle|Blizzard|p2a: Mew
|-damage|p2a: Mew|22\/300 par
|move|p2a: Mew|Thunderbolt|p1a: Squirtle
|-supereffective|p1a: Squirtle
|-damage|p1a: Squirtle|0 fnt
|faint|p1a: Squirtle
|choice|switch 5|
|
|switch|p1a: Vileplume|Vileplume, L90|260\/318 slp
|turn|37
|choice|move 4|move 2
|
|cant|p1a: Vileplume|slp
|move|p2a: Mew|Blizzard|p1a: Vileplume
|-supereffective|p1a: Vileplume
|-damage|p1a: Vileplume|139\/318 slp
|
|turn|38
|choice|move 1|move 2
|
|cant|p1a: Vileplume|slp
|move|p2a: Mew|Blizzard|p1a: Vileplume
|-supereffective|p1a: Vileplume
|-damage|p1a: Vileplume|23\/318 slp
|
|turn|39
|choice|move 4|move 3
|
|-curestatus|p1a: Vileplume|slp
|move|p2a: Mew|Thunderbolt|p1a: Vileplume
|-crit|p1a: Vileplume
|-resisted|p1a: Vileplume
|-damage|p1a: Vileplume|0 fnt
|faint|p1a: Vileplume
|choice|switch 3|
|
|switch|p1a: Dodrio|Dodrio, L85|276\/276
|turn|40
|choice|move 2|move 2
|
|move|p1a: Dodrio|Drill Peck|p2a: Mew
|-damage|p2a: Mew|0 fnt
|faint|p2a: Mew
|choice||switch 3
|
|switch|p2a: Gengar|Gengar, L79|193\/257
|turn|41
|choice|move 2|move 1
|
|move|p1a: Dodrio|Drill Peck|p2a: Gengar
|-damage|p2a: Gengar|61\/257
|move|p2a: Gengar|Hypnosis|p1a: Dodrio
|-status|p1a: Dodrio|slp
|
|turn|42
|choice|move 2|move 3
|
|cant|p1a: Dodrio|slp
|move|p2a: Gengar|Thunderbolt|p1a: Dodrio
|-supereffective|p1a: Dodrio
|-damage|p1a: Dodrio|85\/276 slp
|
|turn|43
|choice|move 2|move 3
|
|-curestatus|p1a: Dodrio|slp
|move|p2a: Gengar|Thunderbolt|p1a: Dodrio
|-supereffective|p1a: Dodrio
|-damage|p1a: Dodrio|0 fnt
|faint|p1a: Dodrio
|
|win|JAYDG
|c|★JAYDG|gg!
|raw|Jano CC's rating: 1123 &rarr; <strong>1093<\/strong><br \/>(-30 for losing)
|raw|JAYDG's rating: 1042 &rarr; <strong>1083<\/strong><br \/>(+41 for winning)