|join|POChamp
|join|MALESANI
|player|p1|POChamp|167
|player|p2|MALESANI|238
|gametype|singles
|gen|1
|tier|[Gen 1] Random Battle
|rated
|seed|49450,32420,30620,12255
|rule|Sleep Clause Mod: Limit one foe put to sleep
|rule|Freeze Clause Mod: Limit one foe frozen
|rule|HP Percentage Mod: HP is shown in percentages
|
|start
|switch|p1a: Wigglytuff|Wigglytuff, L90|435\/435
|switch|p2a: Marowak|Marowak, L90|291\/291
|turn|1
|choice|move 4|switch 2
|
|switch|p2a: Metapod|Metapod, L99|300\/300
|move|p1a: Wigglytuff|Blizzard|p2a: Metapod
|-crit|p2a: Metapod
|-damage|p2a: Metapod|114\/300
|
|turn|2
|choice|move 1|move 3
|
|move|p1a: Wigglytuff|Hyper Beam|p2a: Metapod
|-damage|p2a: Metapod|0 fnt
|faint|p2a: Metapod
|choice||switch 3
|
|switch|p2a: Hitmonlee|Hitmonlee, L90|273\/273
|turn|3
|choice|switch 3|move 3
|
|switch|p1a: Butterfree|Butterfree, L90|291\/291
|move|p2a: Hitmonlee|High Jump Kick|p1a: Butterfree
|-resisted|p1a: Butterfree
|-damage|p1a: Butterfree|251\/291
|
|turn|4
|choice|move 1|move 2
|
|move|p2a: Hitmonlee|Body Slam|p1a: Butterfree
|-crit|p1a: Butterfree
|-damage|p1a: Butterfree|34\/291
|move|p1a: Butterfree|Stun Spore|p2a: Hitmonlee
|-status|p2a: Hitmonlee|par
|
|turn|5
|choice|move 4|move 4
|
|move|p1a: Butterfree|Psychic|p2a: Hitmonlee
|-crit|p2a: Hitmonlee
|-supereffective|p2a: Hitmonlee
|-damage|p2a: Hitmonlee|0 fnt
|faint|p2a: Hitmonlee
|choice||switch 5
|
|switch|p2a: Aerodactyl|Aerodactyl, L90|327\/327
|turn|6
|choice|switch 6|move 2
|
|switch|p1a: Omanyte|Omanyte, L96|262\/262
|move|p2a: Aerodactyl|Double-Edge|p1a: Omanyte
|-resisted|p1a: Omanyte
|-damage|p1a: Omanyte|225\/262
|-damage|p2a: Aerodactyl|318\/327|[from] recoil|[of] p1a: Omanyte
|
|turn|7
|choice|move 2|switch 4
|
|switch|p2a: Wigglytuff|Wigglytuff, L90|435\/435
|move|p1a: Omanyte|Surf|p2a: Wigglytuff
|-damage|p2a: Wigglytuff|278\/435
|
|turn|8
|choice|switch 3|move 4
|
|switch|p1a: Wigglytuff|Wigglytuff, L90|435\/435
|move|p2a: Wigglytuff|Thunder Wave|p1a: Wigglytuff
|-status|p1a: Wigglytuff|par
|
|turn|9
|choice|move 2|move 1
|
|move|p2a: Wigglytuff|Blizzard|p1a: Wigglytuff|[miss]
|-miss|p2a: Wigglytuff
|cant|p1a: Wigglytuff|par
|
|turn|10
|choice|move 2|move 1
|
|move|p2a: Wigglytuff|Blizzard|p1a: Wigglytuff
|-damage|p1a: Wigglytuff|354\/435 par
|cant|p1a: Wigglytuff|par
|
|turn|11
|choice|move 2|move 1
|
|move|p2a: Wigglytuff|Blizzard|p1a: Wigglytuff
|-damage|p1a: Wigglytuff|272\/435 par
|move|p1a: Wigglytuff|Double-Edge|p2a: Wigglytuff
|-damage|p2a: Wigglytuff|144\/435
|-damage|p1a: Wigglytuff|239\/435 par|[from] recoil|[of] p2a: Wigglytuff
|
|turn|12
|choice|move 1|move 2
|
|move|p2a: Wigglytuff|Hyper Beam|p1a: Wigglytuff|[miss]
|-miss|p2a: Wigglytuff
|cant|p1a: Wigglytuff|par
|
|turn|13
|choice|move 1|move 2
|
|move|p2a: Wigglytuff|Hyper Beam|p1a: Wigglytuff
|-damage|p1a: Wigglytuff|32\/435 par
|cant|p1a: Wigglytuff|par
|
|turn|14
|-mustrecharge|p2a: Wigglytuff
|-mustrecharge|p2a: Wigglytuff
|choice|move 1|move 1
|
|cant|p2a: Wigglytuff|recharge
|move|p1a: Wigglytuff|Hyper Beam|p2a: Wigglytuff
|-damage|p2a: Wigglytuff|0 fnt
|faint|p2a: Wigglytuff
|choice||switch 2
|
|switch|p2a: Marowak|Marowak, L90|291\/291
|turn|15
|choice|move 4|move 3
|
|move|p2a: Marowak|Body Slam|p1a: Wigglytuff
|-crit|p1a: Wigglytuff
|-damage|p1a: Wigglytuff|0 fnt
|faint|p1a: Wigglytuff
|choice|switch 3|
|
|switch|p1a: Omanyte|Omanyte, L96|225\/262
|turn|16
|choice|move 2|move 4
|
|move|p2a: Marowak|Earthquake|p1a: Omanyte
|-supereffective|p1a: Omanyte
|-damage|p1a: Omanyte|45\/262
|move|p1a: Omanyte|Surf|p2a: Marowak
|-supereffective|p2a: Marowak
|-damage|p2a: Marowak|0 fnt
|faint|p2a: Marowak
|choice||switch 6
|
|switch|p2a: Mew|Mew, L74|300\/300
|turn|17
|choice|move 2|move 1
|
|move|p2a: Mew|Earthquake|p1a: Omanyte
|-crit|p1a: Omanyte
|-supereffective|p1a: Omanyte
|-damage|p1a: Omanyte|0 fnt
|faint|p1a: Omanyte
|choice|switch 2|
|
|switch|p1a: Parasect|Parasect, L90|291\/291
|turn|18
|choice|move 4|move 2
|
|move|p2a: Mew|Fissure|p1a: Parasect
|-damage|p1a: Parasect|0 fnt
|-ohko
|faint|p1a: Parasect
|choice|switch 4|
|
|switch|p1a: Arbok|Arbok, L90|291\/291
|turn|19
|choice|move 3|move 1
|
|move|p1a: Arbok|Glare|p2a: Mew
|-status|p2a: Mew|par
|cant|p2a: Mew|par
|
|turn|20
|choice|switch 6|move 1
|
|switch|p1a: Butterfree|Butterfree, L90|34\/291
|move|p2a: Mew|Earthquake|p1a: Butterfree
|-immune|p1a: Butterfree|[msg]
|
|turn|21
|choice|move 3|move 4
|
|move|p1a: Butterfree|Mega Drain|p2a: Mew
|-damage|p2a: Mew|269\/300 par
|-heal|p1a: Butterfree|49\/291|[from] drain|[of] p2a: Mew
|cant|p2a: Mew|par
|
|turn|22
|choice|move 3|move 4
|
|move|p1a: Butterfree|Mega Drain|p2a: Mew
|-damage|p2a: Mew|241\/300 par
|-heal|p1a: Butterfree|63\/291|[from] drain|[of] p2a: Mew
|move|p2a: Mew|Hyper Beam|p1a: Butterfree
|-damage|p1a: Butterfree|0 fnt
|faint|p1a: Butterfree
|choice|switch 5|
|
|switch|p1a: Machoke|Machoke, L85|310\/310
|turn|23
|choice|move 3|move 1
|
|move|p1a: Machoke|Double-Edge|p2a: Mew
|-damage|p2a: Mew|159\/300 par
|-damage|p1a: Machoke|290\/310|[from] recoil|[of] p2a: Mew
|move|p2a: Mew|Earthquake|p1a: Machoke
|-damage|p1a: Machoke|223\/310
|
|turn|24
|choice|move 3|move 3
|
|move|p1a: Machoke|Double-Edge|p2a: Mew
|-damage|p2a: Mew|76\/300 par
|-damage|p1a: Machoke|203\/310|[from] recoil|[of] p2a: Mew
|move|p2a: Mew|Explosion|p1a: Machoke
|-crit|p1a: Machoke
|-damage|p1a: Machoke|0 fnt
|faint|p1a: Machoke
|faint|p2a: Mew
|choice|switch 6|switch 4
|
|switch|p2a: Aerodactyl|Aerodactyl, L90|318\/327
|switch|p1a: Arbok|Arbok, L90|291\/291
|turn|25
|choice|move 3|move 3
|
|move|p2a: Aerodactyl|Reflect|p2a: Aerodactyl
|-start|p2a: Aerodactyl|Reflect
|move|p1a: Arbok|Glare|p2a: Aerodactyl
|-status|p2a: Aerodactyl|par
|
|turn|26
|choice|move 1|move 2
|
|move|p1a: Arbok|Rock Slide|p2a: Aerodactyl
|-supereffective|p2a: Aerodactyl
|-damage|p2a: Aerodactyl|255\/327 par
|move|p2a: Aerodactyl|Double-Edge|p1a: Arbok
|-damage|p1a: Arbok|191\/291
|-damage|p2a: Aerodactyl|230\/327 par|[from] recoil|[of] p1a: Arbok
|
|turn|27
|choice|move 1|move 2
|
|move|p1a: Arbok|Rock Slide|p2a: Aerodactyl
|-supereffective|p2a: Aerodactyl
|-damage|p2a: Aerodactyl|162\/327 par
|move|p2a: Aerodactyl|Double-Edge|p1a: Arbok
|-damage|p1a: Arbok|99\/291
|-damage|p2a: Aerodactyl|139\/327 par|[from] recoil|[of] p1a: Arbok
|
|turn|28
|choice|move 1|move 4
|
|move|p1a: Arbok|Rock Slide|p2a: Aerodactyl
|-supereffective|p2a: Aerodactyl
|-damage|p2a: Aerodactyl|76\/327 par
|move|p2a: Aerodactyl|Hyper Beam|p1a: Arbok
|-damage|p1a: Arbok|0 fnt
|faint|p1a: Arbok
|
|win|MALESANI
|raw|POChamp's rating: 1424 &rarr; <strong>1395<\/strong><br \/>(-29 for losing)
|raw|MALESANI's rating: 1254 &rarr; <strong>1291<\/strong><br \/>(+37 for winning)