|join|grorschach
|join|MALESANI
|player|p1|grorschach|170
|player|p2|MALESANI|238
|gametype|singles
|gen|1
|tier|[Gen 1] Random Battle
|rated
|seed|12344,2838,54456,47644
|rule|Sleep Clause Mod: Limit one foe put to sleep
|rule|Freeze Clause Mod: Limit one foe frozen
|rule|HP Percentage Mod: HP is shown in percentages
|
|start
|switch|p1a: Venomoth|Venomoth, L85|293\/293
|switch|p2a: Kabutops|Kabutops, L85|276\/276
|turn|1
|choice|move Sleep Powder|switch 5
|
|switch|p2a: Kakuna|Kakuna, L99|290\/290
|move|p1a: Venomoth|Sleep Powder|p2a: Kakuna
|-status|p2a: Kakuna|slp
|
|turn|2
|choice|switch 4|switch 3
|
|switch|p1a: Golem|Golem, L79|288\/288
|switch|p2a: Charmeleon|Charmeleon, L85|272\/272
|
|turn|3
|choice|move Earthquake|switch 2
|
|switch|p2a: Machamp|Machamp, L90|345\/345
|move|p1a: Golem|Earthquake|p2a: Machamp
|-damage|p2a: Machamp|248\/345
|
|turn|4
|choice|switch 5|move 3
|
|switch|p1a: Rapidash|Rapidash, L90|300\/300
|move|p2a: Machamp|Earthquake|p1a: Rapidash
|-supereffective|p1a: Rapidash
|-damage|p1a: Rapidash|99\/300
|
|turn|5
|choice|switch 3|move 3
|
|switch|p1a: Dragonite|Dragonite, L85|328\/328
|move|p2a: Machamp|Earthquake|p1a: Dragonite
|-immune|p1a: Dragonite|[msg]
|
|turn|6
|choice|move Thunder Wave|move 1
|
|move|p1a: Dragonite|Thunder Wave|p2a: Machamp
|-status|p2a: Machamp|par
|move|p2a: Machamp|Rock Slide|p1a: Dragonite
|-supereffective|p1a: Dragonite
|-damage|p1a: Dragonite|178\/328
|
|turn|7
|choice|move Substitute|move 1
|
|move|p1a: Dragonite|Substitute|p1a: Dragonite
|-start|p1a: Dragonite|Substitute
|-damage|p1a: Dragonite|96\/328
|move|p2a: Machamp|Rock Slide|p1a: Dragonite
|-supereffective|p1a: Dragonite
|-end|p1a: Dragonite|Substitute
|
|turn|8
|choice|move Blizzard|move 1
|
|move|p1a: Dragonite|Blizzard|p2a: Machamp
|-crit|p2a: Machamp
|-damage|p2a: Machamp|62\/345 par
|move|p2a: Machamp|Rock Slide|p1a: Dragonite
|-supereffective|p1a: Dragonite
|-damage|p1a: Dragonite|0 fnt
|faint|p1a: Dragonite
|choice|switch 2|
|
|switch|p1a: Horsea|Horsea, L96|252\/252
|turn|9
|choice|move Mimic|move 2
|
|move|p1a: Horsea|Mimic|p2a: Machamp
|-start|p1a: Horsea|Mimic|Earthquake
|move|p2a: Machamp|Hyper Beam|p1a: Horsea
|-damage|p1a: Horsea|108\/252
|
|turn|10
|-mustrecharge|p2a: Machamp
|-mustrecharge|p2a: Machamp
|choice|move Surf|move 1
|
|move|p1a: Horsea|Surf|p2a: Machamp
|-damage|p2a: Machamp|0 fnt
|faint|p2a: Machamp
|choice||switch 5
|
|switch|p2a: Kabutops|Kabutops, L85|276\/276
|turn|11
|choice|switch 4|move 1
|
|switch|p1a: Venomoth|Venomoth, L85|293\/293
|move|p2a: Kabutops|Body Slam|p1a: Venomoth
|-damage|p1a: Venomoth|209\/293
|
|turn|12
|choice|move Mega Drain|switch 2
|
|switch|p2a: Charmeleon|Charmeleon, L85|272\/272
|move|p1a: Venomoth|Mega Drain|p2a: Charmeleon
|-resisted|p2a: Charmeleon
|-damage|p2a: Charmeleon|257\/272
|-heal|p1a: Venomoth|216\/293|[from] drain|[of] p2a: Charmeleon
|
|turn|13
|choice|move Sleep Powder|move 1
|
|move|p1a: Venomoth|Sleep Powder|p2a: Charmeleon
|-message|Sleep Clause Mod activated.
|move|p2a: Charmeleon|Fire Blast|p1a: Venomoth
|-crit|p1a: Venomoth
|-supereffective|p1a: Venomoth
|-damage|p1a: Venomoth|0 fnt
|faint|p1a: Venomoth
|choice|switch 5|
|
|switch|p1a: Golem|Golem, L79|288\/288
|turn|14
|choice|move Rock Slide|switch 3
|
|switch|p2a: Kakuna|Kakuna, L99|290\/290 slp
|move|p1a: Golem|Rock Slide|p2a: Kakuna
|-supereffective|p2a: Kakuna
|-damage|p2a: Kakuna|115\/290 slp
|
|turn|15
|choice|move Rock Slide|move 2
|
|cant|p2a: Kakuna|slp
|move|p1a: Golem|Rock Slide|p2a: Kakuna
|-supereffective|p2a: Kakuna
|-damage|p2a: Kakuna|0 fnt
|faint|p2a: Kakuna
|choice||switch 2
|
|switch|p2a: Kabutops|Kabutops, L85|276\/276
|turn|16
|choice|move Earthquake|move 4
|
|move|p2a: Kabutops|Surf|p1a: Golem
|-supereffective|p1a: Golem
|-damage|p1a: Golem|0 fnt
|faint|p1a: Golem
|choice|switch 6|
|
|switch|p1a: Wigglytuff|Wigglytuff, L90|435\/435
|turn|17
|choice|move Sing|switch 6
|
|switch|p2a: Ditto|Ditto, L99|296\/296
|move|p1a: Wigglytuff|Sing|p2a: Ditto
|-status|p2a: Ditto|slp
|
|turn|18
|choice|move Double-Edge|switch 3
|
|switch|p2a: Charmeleon|Charmeleon, L85|257\/272
|move|p1a: Wigglytuff|Double-Edge|p2a: Charmeleon
|-damage|p2a: Charmeleon|129\/272
|-damage|p1a: Wigglytuff|403\/435|[from] recoil|[of] p2a: Charmeleon
|
|turn|19
|choice|move Double-Edge|move 1
|
|move|p2a: Charmeleon|Fire Blast|p1a: Wigglytuff
|-damage|p1a: Wigglytuff|262\/435
|move|p1a: Wigglytuff|Double-Edge|p2a: Charmeleon
|-damage|p2a: Charmeleon|12\/272
|-damage|p1a: Wigglytuff|233\/435|[from] recoil|[of] p2a: Charmeleon
|
|turn|20
|choice|switch 4|move 1
|
|switch|p1a: Horsea|Horsea, L96|108\/252
|move|p2a: Charmeleon|Fire Blast|p1a: Horsea
|-resisted|p1a: Horsea
|-damage|p1a: Horsea|57\/252
|
|turn|21
|choice|move Surf|move 3
|
|move|p2a: Charmeleon|Slash|p1a: Horsea
|-crit|p1a: Horsea
|-damage|p1a: Horsea|0 fnt
|faint|p1a: Horsea
|choice|switch 4|
|
|switch|p1a: Wigglytuff|Wigglytuff, L90|233\/435
|turn|22
|choice|move Body Slam|move 1
|
|move|p2a: Charmeleon|Fire Blast|p1a: Wigglytuff
|-damage|p1a: Wigglytuff|94\/435
|-status|p1a: Wigglytuff|brn
|move|p1a: Wigglytuff|Body Slam|p2a: Charmeleon
|-damage|p2a: Charmeleon|0 fnt
|faint|p2a: Charmeleon
|choice||switch 4
|
|switch|p2a: Snorlax|Snorlax, L79|415\/415
|turn|23
|choice|switch 3|move 1
|
|switch|p1a: Rapidash|Rapidash, L90|99\/300
|move|p2a: Snorlax|Amnesia|p2a: Snorlax
|-boost|p2a: Snorlax|spd|2
|-boost|p2a: Snorlax|spa|2
|
|turn|24
|choice|move Toxic|move 1
|
|move|p1a: Rapidash|Toxic|p2a: Snorlax
|-status|p2a: Snorlax|tox
|move|p2a: Snorlax|Amnesia|p2a: Snorlax
|-boost|p2a: Snorlax|spd|2
|-boost|p2a: Snorlax|spa|2
|-damage|p2a: Snorlax|390\/415 tox|[from] psn
|
|turn|25
|choice|switch 3|move 3
|
|switch|p1a: Wigglytuff|Wigglytuff, L90|94\/435 brn
|-damage|p1a: Wigglytuff|67\/435 brn|[from] brn
|move|p2a: Snorlax|Thunderbolt|p1a: Wigglytuff
|-crit|p1a: Wigglytuff
|-damage|p1a: Wigglytuff|0 fnt
|faint|p1a: Wigglytuff
|-message|grorschach forfeited.
|
|win|MALESANI
|leave|grorschach
|player|p1
|raw|grorschach's rating: 1071 &rarr; <strong>1062<\/strong><br \/>(-9 for losing)
|raw|MALESANI's rating: 1291 &rarr; <strong>1302<\/strong><br \/>(+11 for winning)