|join|kcroxsox
|join|Solarpsy
|player|p1|kcroxsox|2
|player|p2|Solarpsy|1
|gametype|singles
|gen|1
|tier|[Gen 1] Random Battle
|rule|Sleep Clause Mod: Limit one foe put to sleep
|rule|Freeze Clause Mod: Limit one foe frozen
|rule|HP Percentage Mod: HP is shown in percentages
|
|start
|switch|p1a: Kadabra|Kadabra, L85|242\/242
|switch|p2a: Oddish|Oddish, L96|281\/281
|turn|1
|c|★Solarpsy|see theres 1 thing wrong with that
|c|★kcroxsox|bad luck on the starters
|c|★Solarpsy|i cant predict less its closer
|c|★Solarpsy|i dont care what form these take
|
|move|p1a: Kadabra|Psychic|p2a: Oddish
|-crit|p2a: Oddish
|-supereffective|p2a: Oddish
|-damage|p2a: Oddish|0 fnt
|faint|p2a: Oddish
|c|★Solarpsy|dont pummel
|c|★Solarpsy|u know i hate that
|c|★kcroxsox|I'll try to make it a longer one
|
|switch|p2a: Arbok|Arbok, L90|291\/291
|turn|2
|
|move|p1a: Kadabra|Thunder Wave|p2a: Arbok
|-status|p2a: Arbok|par
|move|p2a: Arbok|Earthquake|p1a: Kadabra
|-damage|p1a: Kadabra|122\/242
|
|turn|3
|
|move|p1a: Kadabra|Recover|p1a: Kadabra
|-heal|p1a: Kadabra|242\/242
|move|p2a: Arbok|Earthquake|p1a: Kadabra
|-damage|p1a: Kadabra|125\/242
|
|turn|4
|
|move|p1a: Kadabra|Recover|p1a: Kadabra
|-heal|p1a: Kadabra|242\/242
|move|p2a: Arbok|Glare|p1a: Kadabra|[miss]
|-miss|p2a: Arbok
|
|turn|5
|
|move|p1a: Kadabra|Reflect|p1a: Kadabra
|-start|p1a: Kadabra|Reflect
|move|p2a: Arbok|Glare|p1a: Kadabra
|-status|p1a: Kadabra|par
|
|turn|6
|
|switch|p1a: Pidgeotto|Pidgeotto, L90|297\/297
|move|p2a: Arbok|Earthquake|p1a: Pidgeotto
|-immune|p1a: Pidgeotto|[msg]
|
|turn|7
|
|switch|p2a: Dragonair|Dragonair, L85|277\/277
|move|p1a: Pidgeotto|Agility|p1a: Pidgeotto
|-boost|p1a: Pidgeotto|spe|2
|
|turn|8
|c|★Solarpsy|ok im gonna be very realistic here
|c|★Solarpsy|its 6-0 right now is that closer
|c|★Solarpsy|bud
|
|move|p1a: Pidgeotto|Sky Attack|p2a: Dragonair|[still]
|-prepare|p1a: Pidgeotto|Sky Attack|p2a: Dragonair
|move|p2a: Dragonair|Thunderbolt|p1a: Pidgeotto
|-supereffective|p1a: Pidgeotto
|-damage|p1a: Pidgeotto|142\/297
|
|turn|9
|
|move|p1a: Pidgeotto|Sky Attack|p2a: Dragonair
|-damage|p2a: Dragonair|133\/277
|move|p2a: Dragonair|Thunderbolt|p1a: Pidgeotto
|-supereffective|p1a: Pidgeotto
|-damage|p1a: Pidgeotto|0 fnt
|faint|p1a: Pidgeotto
|c|★Solarpsy|now its 5-0
|
|switch|p1a: Tangela|Tangela, L85|284\/284
|turn|10
|c|★Solarpsy|3-0 like last time would be but for 1 thing
|
|move|p2a: Dragonair|Blizzard|p1a: Tangela
|-supereffective|p1a: Tangela
|-damage|p1a: Tangela|163\/284
|move|p1a: Tangela|Sleep Powder|p2a: Dragonair
|-status|p2a: Dragonair|slp
|
|turn|11
|c|★Solarpsy|u crushed any hope i had of a decent match
|
|switch|p2a: Arbok|Arbok, L90|291\/291 par
|move|p1a: Tangela|Mega Drain|p2a: Arbok
|-resisted|p2a: Arbok
|-damage|p2a: Arbok|266\/291 par
|-heal|p1a: Tangela|175\/284|[from] drain|[of] p2a: Arbok
|
|turn|12
|
|move|p1a: Tangela|Body Slam|p2a: Arbok
|-damage|p2a: Arbok|218\/291 par
|move|p2a: Arbok|Body Slam|p1a: Tangela
|-crit|p1a: Tangela
|-damage|p1a: Tangela|70\/284
|
|turn|13
|
|move|p1a: Tangela|Body Slam|p2a: Arbok
|-crit|p2a: Arbok
|-damage|p2a: Arbok|130\/291 par
|move|p2a: Arbok|Body Slam|p1a: Tangela
|-damage|p1a: Tangela|13\/284
|
|turn|14
|c|★Solarpsy|u body slam i para i hit u u dont wth
|
|move|p1a: Tangela|Body Slam|p2a: Arbok
|-damage|p2a: Arbok|81\/291 par
|cant|p2a: Arbok|par
|
|turn|15
|
|move|p1a: Tangela|Mega Drain|p2a: Arbok
|-resisted|p2a: Arbok
|-damage|p2a: Arbok|55\/291 par
|-heal|p1a: Tangela|26\/284|[from] drain|[of] p2a: Arbok
|move|p2a: Arbok|Body Slam|p1a: Tangela
|-damage|p1a: Tangela|0 fnt
|faint|p1a: Tangela
|
|switch|p1a: Tauros|Tauros, L79|280\/280
|turn|16
|c|★Solarpsy|1 slam im para 4 later i ko u so out of 4 i cant hit 1 para
|
|move|p1a: Tauros|Body Slam|p2a: Arbok
|-crit|p2a: Arbok
|-damage|p2a: Arbok|0 fnt
|faint|p2a: Arbok
|
|switch|p2a: Krabby|Krabby, L96|252\/252
|turn|17
|
|move|p1a: Tauros|Blizzard|p2a: Krabby
|-resisted|p2a: Krabby
|-damage|p2a: Krabby|206\/252
|move|p2a: Krabby|Body Slam|p1a: Tauros
|-crit|p1a: Tauros
|-damage|p1a: Tauros|118\/280
|
|turn|18
|
|move|p1a: Tauros|Body Slam|p2a: Krabby
|-damage|p2a: Krabby|133\/252
|-status|p2a: Krabby|par
|move|p2a: Krabby|Body Slam|p1a: Tauros
|-damage|p1a: Tauros|34\/280
|
|turn|19
|c|★Solarpsy|6th turn no para n a 25%
|c|★Solarpsy|and u hit one twice
|c|★Solarpsy|para both times
|c|★Solarpsy|somethings screwy
|c|★kcroxsox|the paralyze on body slam seems to hit more than the 30% that it says
|
|move|p1a: Tauros|Hyper Beam|p2a: Krabby
|-damage|p2a: Krabby|15\/252 par
|move|p2a: Krabby|Body Slam|p1a: Tauros
|-damage|p1a: Tauros|0 fnt
|faint|p1a: Tauros
|c|★Solarpsy|ive used 6 slams hit every time
|c|★Solarpsy|no para
|
|switch|p1a: Hypno|Hypno, L85|318\/318
|turn|20
|c|★Solarpsy|u use 2 on non para pokes get both
|c|★Solarpsy|seethe issue im having
|c|★kcroxsox|yeah luck is just screwing you right now
|
|move|p1a: Hypno|Psychic|p2a: Krabby
|-damage|p2a: Krabby|0 fnt
|faint|p2a: Krabby
|
|switch|p2a: Flareon|Flareon, L90|300\/300
|turn|21
|c|★kcroxsox|I've had pokemon sleep for like 7 straight turns, 90% hits miss 3 straight times
|
|move|p2a: Flareon|Body Slam|p1a: Hypno
|-crit|p1a: Hypno
|-damage|p1a: Hypno|141\/318
|move|p1a: Hypno|Counter|p2a: Flareon
|-damage|p2a: Flareon|0 fnt
|faint|p2a: Flareon
|c|★Solarpsy|thats #7
|c|★Solarpsy|wth
|c|★Solarpsy|again with the shit huh
|
|switch|p2a: Magmar|Magmar, L90|300\/300
|turn|22
|c|★kcroxsox|Counter doubles any physical attacks. If you hit me for 20% it hits you for 40$
|
|move|p2a: Magmar|Confuse Ray|p1a: Hypno
|-start|p1a: Hypno|confusion
|-activate|p1a: Hypno|confusion
|-damage|p1a: Hypno|110\/318|[from] confusion
|
|turn|23
|c|★Solarpsy|i know but i was actually trying to prove my body slam shit should work right and it isnt
|
|move|p2a: Magmar|Body Slam|p1a: Hypno
|-damage|p1a: Hypno|34\/318
|-activate|p1a: Hypno|confusion
|-damage|p1a: Hypno|3\/318|[from] confusion
|
|turn|24
|
|move|p2a: Magmar|Body Slam|p1a: Hypno
|-damage|p1a: Hypno|0 fnt
|faint|p1a: Hypno
|c|★Solarpsy|so now thats 9 slams
|c|★Solarpsy|no para
|
|switch|p1a: Lapras|Lapras, L79|367\/367
|turn|25
|c|★Solarpsy|see the thing
|c|★kcroxsox|last one wouldn't have on the ko
|
|move|p2a: Magmar|Confuse Ray|p1a: Lapras
|-start|p1a: Lapras|confusion
|-activate|p1a: Lapras|confusion
|move|p1a: Lapras|Confuse Ray|p2a: Magmar
|-start|p2a: Magmar|confusion
|
|turn|26
|
|-activate|p2a: Magmar|confusion
|move|p2a: Magmar|Body Slam|p1a: Lapras
|-damage|p1a: Lapras|292\/367
|-end|p1a: Lapras|confusion
|move|p1a: Lapras|Ice Beam|p2a: Magmar
|-damage|p2a: Magmar|214\/300
|
|turn|27
|c|★kcroxsox|yeah thats bad luck
|c|★Solarpsy|i know that point is all my danm para didnt do shit
|
|-activate|p2a: Magmar|confusion
|move|p2a: Magmar|Body Slam|p1a: Lapras
|-damage|p1a: Lapras|218\/367
|move|p1a: Lapras|Thunderbolt|p2a: Magmar
|-crit|p2a: Magmar
|-damage|p2a: Magmar|109\/300
|
|turn|28
|c|★Solarpsy|i got 1 para all game
|c|★Solarpsy|on your lead poke
|c|★Solarpsy|after a missed glare
|
|-end|p2a: Magmar|confusion
|move|p2a: Magmar|Confuse Ray|p1a: Lapras
|-start|p1a: Lapras|confusion
|-activate|p1a: Lapras|confusion
|move|p1a: Lapras|Thunderbolt|p2a: Magmar
|-damage|p2a: Magmar|50\/300
|
|turn|29
|c|★kcroxsox|at least they are on damaging moves and not just stun spore
|
|move|p2a: Magmar|Body Slam|p1a: Lapras
|-damage|p1a: Lapras|145\/367
|-status|p1a: Lapras|par
|cant|p1a: Lapras|par
|
|turn|30
|c|★Solarpsy|finally can i plz get something right
|
|move|p2a: Magmar|Mimic|p1a: Lapras
|-start|p2a: Magmar|Mimic|Confuse Ray
|cant|p1a: Lapras|par
|
|turn|31
|c|★Solarpsy|u used tbolt last
|c|★Solarpsy|man even mimic is fin screwed
|c|★Solarpsy|up
|c|★kcroxsox|mimic just grabs a random one I think
|
|move|p2a: Magmar|Body Slam|p1a: Lapras
|-damage|p1a: Lapras|65\/367 par
|-activate|p1a: Lapras|confusion
|-damage|p1a: Lapras|36\/367 par|[from] confusion
|
|turn|32
|c|★Solarpsy|it said last move used
|c|★Solarpsy|last move used prior to mimic was body slam by me
|c|★Solarpsy|last one by u was tbolt
|c|★Solarpsy|it shouldve been 1 of those 2
|
|move|p2a: Magmar|Body Slam|p1a: Lapras
|-damage|p1a: Lapras|0 fnt
|faint|p1a: Lapras
|c|★kcroxsox|yeah it definitely didnt deliver as promised
|
|switch|p1a: Kadabra|Kadabra, L85|242\/242 par
|turn|33
|
|move|p2a: Magmar|Confuse Ray|p1a: Kadabra
|-start|p1a: Kadabra|confusion
|-activate|p1a: Kadabra|confusion
|-damage|p1a: Kadabra|210\/242 par|[from] confusion
|
|turn|34
|c|★kcroxsox|also a lot of moves in this thing are broken in some way or another
|
|move|p2a: Magmar|Body Slam|p1a: Kadabra
|-damage|p1a: Kadabra|99\/242 par
|-activate|p1a: Kadabra|confusion
|move|p1a: Kadabra|Psychic|p2a: Magmar
|-damage|p2a: Magmar|0 fnt
|faint|p2a: Magmar
|c|★Solarpsy|last move target uses replaces this one
|c|★Solarpsy|target was lapras
|c|★Solarpsy|u last used bolt
|c|★Solarpsy|i wouldve had tbolt on a para lapras
|c|★kcroxsox|Yep, but mimic has never worked for me that way on here
|
|switch|p2a: Dragonair|Dragonair, L85|133\/277 slp
|turn|35
|c|★Solarpsy|just hope my never waking up from sleep curse lifts for 1-2 turns
|
|cant|p2a: Dragonair|slp
|cant|p1a: Kadabra|par
|
|turn|36
|c|★Solarpsy|so i can crush this
|c|★Solarpsy|yep
|c|★Solarpsy|wake up dragon
|c|★kcroxsox|kadabra might confuse himself fainted in the meanwhile
|
|-curestatus|p2a: Dragonair|slp
|cant|p1a: Kadabra|par
|
|turn|37
|
|move|p2a: Dragonair|Thunderbolt|p1a: Kadabra
|-damage|p1a: Kadabra|52\/242 par
|-activate|p1a: Kadabra|confusion
|move|p1a: Kadabra|Recover|p1a: Kadabra
|-heal|p1a: Kadabra|173\/242 par
|
|turn|38
|c|★Solarpsy|really u have to be a grade a piece of crap and break not only para but confusion
|c|★Solarpsy|this game really dont fricken like me
|
|move|p2a: Dragonair|Blizzard|p1a: Kadabra
|-damage|p1a: Kadabra|112\/242 par
|-activate|p1a: Kadabra|confusion
|-damage|p1a: Kadabra|80\/242 par|[from] confusion
|
|turn|39
|
|move|p2a: Dragonair|Blizzard|p1a: Kadabra
|-damage|p1a: Kadabra|20\/242 par
|-end|p1a: Kadabra|confusion
|move|p1a: Kadabra|Recover|p1a: Kadabra
|-heal|p1a: Kadabra|141\/242 par
|
|turn|40
|c|★Solarpsy|son off a not again
|c|★kcroxsox|they are both 50\/50 to have the effect i think
|
|move|p2a: Dragonair|Body Slam|p1a: Kadabra
|-damage|p1a: Kadabra|44\/242 par
|cant|p1a: Kadabra|par
|
|turn|41
|c|★Solarpsy|thank the lord
|
|move|p2a: Dragonair|Body Slam|p1a: Kadabra
|-crit|p1a: Kadabra
|-damage|p1a: Kadabra|0 fnt
|faint|p1a: Kadabra
|
|win|Solarpsy
|c|★kcroxsox|Just remember even 100% moves miss once in a while
|c|★kcroxsox|Well I've got to go. Good battle, hope the luck improves
|leave|kcroxsox
|player|p1