|join|bloodyloliokachan
|join|kid gf lol
|player|p1|bloodyloliokachan|155
|player|p2|kid gf lol|167
|gametype|singles
|gen|1
|tier|[Gen 1] OU (beta)
|rated
|rule|Sleep Clause Mod: Limit one foe put to sleep
|rule|Species Clause: Limit one of each Pokémon
|rule|OHKO Clause: OHKO moves are banned
|rule|Moody Clause: Moody is banned
|rule|Evasion Moves Clause: Evasion moves are banned
|rule|Endless Battle Clause: Forcing endless battles is banned
|rule|HP Percentage Mod: HP is reported as percentages
|
|start
|switch|p1a: Jynx|Jynx|333\/333
|switch|p2a: ▀█▀ █ ▀█▀|Jynx|333\/333
|turn|1
|join|Bacon & Cheese
|
|move|p1a: Jynx|Lovely Kiss|p2a: ▀█▀ █ ▀█▀
|-status|p2a: ▀█▀ █ ▀█▀|slp
|cant|p2a: ▀█▀ █ ▀█▀|slp
|
|turn|2
|
|switch|p2a: Zam Lead|Alakazam|313\/313
|switch|p1a: Snorlax|Snorlax|523\/523
|
|turn|3
|
|move|p2a: Zam Lead|Reflect|p2a: Zam Lead
|move|p1a: Snorlax|Body Slam|p2a: Zam Lead
|-damage|p2a: Zam Lead|231\/313
|
|turn|4
|
|move|p2a: Zam Lead|Thunder Wave|p1a: Snorlax
|-status|p1a: Snorlax|par
|move|p1a: Snorlax|Body Slam|p2a: Zam Lead
|-damage|p2a: Zam Lead|145\/313
|
|turn|5
|
|move|p2a: Zam Lead|Recover|p2a: Zam Lead
|-heal|p2a: Zam Lead|301\/313
|move|p1a: Snorlax|Body Slam|p2a: Zam Lead
|-damage|p2a: Zam Lead|212\/313
|-status|p2a: Zam Lead|par
|
|turn|6
|
|cant|p2a: Zam Lead|par
|move|p1a: Snorlax|Body Slam|p2a: Zam Lead
|-damage|p2a: Zam Lead|125\/313 par
|
|turn|7
|
|move|p2a: Zam Lead|Recover|p2a: Zam Lead
|-heal|p2a: Zam Lead|281\/313 par
|move|p1a: Snorlax|Body Slam|p2a: Zam Lead
|-damage|p2a: Zam Lead|190\/313 par
|
|turn|8
|
|move|p2a: Zam Lead|Psychic|p1a: Snorlax
|-damage|p1a: Snorlax|351\/523 par
|-unboost|p1a: Snorlax|spd|1
|-unboost|p1a: Snorlax|spa|1
|cant|p1a: Snorlax|par
|
|turn|9
|
|switch|p1a: Jynx|Jynx|333\/333
|move|p2a: Zam Lead|Recover|p2a: Zam Lead
|-heal|p2a: Zam Lead|313\/313 par
|
|turn|10
|
|move|p1a: Jynx|Blizzard|p2a: Zam Lead
|-damage|p2a: Zam Lead|199\/313 par
|move|p2a: Zam Lead|Thunder Wave|p1a: Jynx
|-status|p1a: Jynx|par
|
|turn|11
|
|cant|p2a: Zam Lead|par
|move|p1a: Jynx|Blizzard|p2a: Zam Lead
|-damage|p2a: Zam Lead|97\/313 par
|
|turn|12
|
|move|p2a: Zam Lead|Recover|p2a: Zam Lead
|-heal|p2a: Zam Lead|253\/313 par
|move|p1a: Jynx|Blizzard|p2a: Zam Lead
|-damage|p2a: Zam Lead|143\/313 par
|
|turn|13
|
|move|p2a: Zam Lead|Recover|p2a: Zam Lead
|-heal|p2a: Zam Lead|299\/313 par
|move|p1a: Jynx|Blizzard|p2a: Zam Lead
|-crit|p2a: Zam Lead
|-damage|p2a: Zam Lead|67\/313 par
|
|turn|14
|
|move|p2a: Zam Lead|Recover|p2a: Zam Lead
|-heal|p2a: Zam Lead|223\/313 par
|move|p1a: Jynx|Blizzard|p2a: Zam Lead
|-damage|p2a: Zam Lead|120\/313 par
|
|turn|15
|
|move|p2a: Zam Lead|Recover|p2a: Zam Lead
|-heal|p2a: Zam Lead|276\/313 par
|move|p1a: Jynx|Blizzard|p2a: Zam Lead|[miss]
|-miss|p1a: Jynx
|
|turn|16
|
|move|p2a: Zam Lead|Psychic|p1a: Jynx
|-resisted|p1a: Jynx
|-damage|p1a: Jynx|271\/333 par
|cant|p1a: Jynx|par
|
|turn|17
|
|move|p2a: Zam Lead|Psychic|p1a: Jynx
|-resisted|p1a: Jynx
|-damage|p1a: Jynx|201\/333 par
|move|p1a: Jynx|Psychic|p2a: Zam Lead
|-resisted|p2a: Zam Lead
|-damage|p2a: Zam Lead|235\/313 par
|-unboost|p2a: Zam Lead|spd|1
|-unboost|p2a: Zam Lead|spa|1
|
|turn|18
|
|move|p2a: Zam Lead|Psychic|p1a: Jynx
|-crit|p1a: Jynx
|-resisted|p1a: Jynx
|-damage|p1a: Jynx|69\/333 par
|move|p1a: Jynx|Psychic|p2a: Zam Lead
|-crit|p2a: Zam Lead
|-resisted|p2a: Zam Lead
|-damage|p2a: Zam Lead|146\/313 par
|
|turn|19
|
|switch|p1a: Tauros|Tauros|353\/353
|move|p2a: Zam Lead|Recover|p2a: Zam Lead
|-heal|p2a: Zam Lead|302\/313 par
|
|turn|20
|chat|bloodyloliokachan|damn no paras lol
|
|move|p1a: Tauros|Body Slam|p2a: Zam Lead
|-damage|p2a: Zam Lead|225\/313 par
|move|p2a: Zam Lead|Thunder Wave|p1a: Tauros
|-status|p1a: Tauros|par
|
|turn|21
|chat|kid gf lol|theres 1
|
|move|p2a: Zam Lead|Psychic|p1a: Tauros
|-crit|p1a: Tauros
|-damage|p1a: Tauros|7\/353 par
|move|p1a: Tauros|Body Slam|p2a: Zam Lead
|-damage|p2a: Zam Lead|146\/313 par
|
|turn|22
|
|cant|p2a: Zam Lead|par
|move|p1a: Tauros|Hyper Beam|p2a: Zam Lead
|-damage|p2a: Zam Lead|5\/313 par
|
|turn|23
|
|move|p2a: Zam Lead|Psychic|p1a: Tauros
|-damage|p1a: Tauros|0 fnt
|faint|p1a: Tauros
|
|
|switch|p1a: Starmie|Starmie|323\/323
|turn|24
|chat|kid gf lol|tauros is no longer a threat
|chat|kid gf lol|the biggest threat is no longer available
|
|switch|p2a: Breakfast Pouch|Chansey|703\/703
|move|p1a: Starmie|Thunderbolt|p2a: Breakfast Pouch
|-damage|p2a: Breakfast Pouch|626\/703
|
|turn|25
|
|switch|p1a: Snorlax|Snorlax|351\/523 par
|move|p2a: Breakfast Pouch|Thunder Wave|p1a: Snorlax
|-fail|p1a: Snorlax|par
|
|turn|26
|
|switch|p2a: GhostInaShell|Cloyster|303\/303
|move|p1a: Snorlax|Body Slam|p2a: GhostInaShell
|-damage|p2a: GhostInaShell|234\/303
|-status|p2a: GhostInaShell|par
|
|turn|27
|
|cant|p2a: GhostInaShell|par
|move|p1a: Snorlax|Body Slam|p2a: GhostInaShell
|-damage|p2a: GhostInaShell|162\/303 par
|
|turn|28
|
|move|p2a: GhostInaShell|Blizzard|p1a: Snorlax
|-damage|p1a: Snorlax|198\/523 par
|move|p1a: Snorlax|Body Slam|p2a: GhostInaShell
|-damage|p2a: GhostInaShell|95\/303 par
|
|turn|29
|
|move|p2a: GhostInaShell|Clamp|p1a: Snorlax|[miss]
|-miss|p2a: GhostInaShell
|move|p1a: Snorlax|Hyper Beam|p2a: GhostInaShell
|-damage|p2a: GhostInaShell|0 fnt
|faint|p2a: GhostInaShell
|
|
|switch|p2a: Zam Lead|Alakazam|5\/313 par
|turn|30
|
|move|p2a: Zam Lead|Psychic|p1a: Snorlax
|-damage|p1a: Snorlax|33\/523 par
|move|p1a: Snorlax|Body Slam|p2a: Zam Lead
|-damage|p2a: Zam Lead|0 fnt
|faint|p2a: Zam Lead
|
|
|switch|p2a: Breakfast Pouch|Chansey|626\/703
|turn|31
|
|move|p2a: Breakfast Pouch|Thunderbolt|p1a: Snorlax
|-damage|p1a: Snorlax|0 fnt
|faint|p1a: Snorlax
|
|
|switch|p1a: Exeggutor|Exeggutor|393\/393
|turn|32
|
|switch|p2a: ▀█▀ █ ▀█▀|Jynx|333\/333 slp
|move|p1a: Exeggutor|Stun Spore|p2a: ▀█▀ █ ▀█▀|[miss]
|-miss|p1a: Exeggutor
|
|turn|33
|
|switch|p1a: Gengar|Gengar|323\/323
|cant|p2a: ▀█▀ █ ▀█▀|slp
|
|turn|34
|
|move|p1a: Gengar|Thunderbolt|p2a: ▀█▀ █ ▀█▀
|-damage|p2a: ▀█▀ █ ▀█▀|237\/333 slp
|cant|p2a: ▀█▀ █ ▀█▀|slp
|-curestatus|p2a: ▀█▀ █ ▀█▀|slp
|
|turn|35
|
|switch|p1a: Jynx|Jynx|69\/333 par
|move|p2a: ▀█▀ █ ▀█▀|Lovely Kiss|p1a: Jynx
|-fail|p1a: Jynx
|
|turn|36
|
|move|p2a: ▀█▀ █ ▀█▀|Psychic|p1a: Jynx
|-resisted|p1a: Jynx
|-damage|p1a: Jynx|16\/333 par
|cant|p1a: Jynx|par
|
|turn|37
|
|move|p2a: ▀█▀ █ ▀█▀|Psychic|p1a: Jynx
|-crit|p1a: Jynx
|-resisted|p1a: Jynx
|-damage|p1a: Jynx|0 fnt
|faint|p1a: Jynx
|
|
|switch|p1a: Starmie|Starmie|323\/323
|turn|38
|
|move|p1a: Starmie|Thunder Wave|p2a: ▀█▀ █ ▀█▀
|-status|p2a: ▀█▀ █ ▀█▀|par
|move|p2a: ▀█▀ █ ▀█▀|Lovely Kiss|p1a: Starmie
|-status|p1a: Starmie|slp
|
|turn|39
|
|switch|p2a: Breakfast Pouch|Chansey|626\/703
|cant|p1a: Starmie|slp
|
|turn|40
|
|switch|p1a: Gengar|Gengar|323\/323
|move|p2a: Breakfast Pouch|Ice Beam|p1a: Gengar
|-damage|p1a: Gengar|258\/323
|
|turn|41
|
|switch|p2a: ▀█▀ █ ▀█▀|Jynx|237\/333 par
|move|p1a: Gengar|Thunderbolt|p2a: ▀█▀ █ ▀█▀
|-damage|p2a: ▀█▀ █ ▀█▀|147\/333 par
|
|turn|42
|
|move|p1a: Gengar|Thunderbolt|p2a: ▀█▀ █ ▀█▀
|-damage|p2a: ▀█▀ █ ▀█▀|51\/333 par
|move|p2a: ▀█▀ █ ▀█▀|Blizzard|p1a: Gengar
|-crit|p1a: Gengar
|-damage|p1a: Gengar|37\/323
|
|turn|43
|
|switch|p2a: Result of Incest|Exeggutor|393\/393
|move|p1a: Gengar|Thunderbolt|p2a: Result of Incest
|-resisted|p2a: Result of Incest
|-damage|p2a: Result of Incest|357\/393
|
|turn|44
|
|switch|p2a: ▀█▀ █ ▀█▀|Jynx|51\/333 par
|move|p1a: Gengar|Thunderbolt|p2a: ▀█▀ █ ▀█▀
|-crit|p2a: ▀█▀ █ ▀█▀
|-damage|p2a: ▀█▀ █ ▀█▀|0 fnt
|faint|p2a: ▀█▀ █ ▀█▀
|
|
|switch|p2a: Result of Incest|Exeggutor|357\/393
|turn|45
|
|move|p1a: Gengar|Hypnosis|p2a: Result of Incest
|-status|p2a: Result of Incest|slp
|cant|p2a: Result of Incest|slp
|
|turn|46
|
|move|p1a: Gengar|Thunderbolt|p2a: Result of Incest
|-resisted|p2a: Result of Incest
|-damage|p2a: Result of Incest|319\/393 slp
|cant|p2a: Result of Incest|slp
|-curestatus|p2a: Result of Incest|slp
|
|turn|47
|
|switch|p2a: TNT|Golem|363\/363
|move|p1a: Gengar|Hypnosis|p2a: TNT
|-status|p2a: TNT|slp
|
|turn|48
|
|switch|p2a: Breakfast Pouch|Chansey|626\/703
|move|p1a: Gengar|Mega Drain|p2a: Breakfast Pouch
|-crit|p2a: Breakfast Pouch
|-damage|p2a: Breakfast Pouch|551\/703
|-heal|p1a: Gengar|75\/323|[from] drain|[of] p2a: Breakfast Pouch
|
|turn|49
|
|move|p1a: Gengar|Mega Drain|p2a: Breakfast Pouch
|-damage|p2a: Breakfast Pouch|516\/703
|-heal|p1a: Gengar|93\/323|[from] drain|[of] p2a: Breakfast Pouch
|move|p2a: Breakfast Pouch|Ice Beam|p1a: Gengar
|-damage|p1a: Gengar|30\/323
|
|turn|50
|
|switch|p2a: TNT|Golem|363\/363 slp
|move|p1a: Gengar|Mega Drain|p2a: TNT
|-supereffective|p2a: TNT
|-damage|p2a: TNT|161\/363 slp
|-heal|p1a: Gengar|131\/323|[from] drain|[of] p2a: TNT
|
|turn|51
|
|switch|p2a: Result of Incest|Exeggutor|319\/393
|move|p1a: Gengar|Mega Drain|p2a: Result of Incest
|-resisted|p2a: Result of Incest
|-damage|p2a: Result of Incest|304\/393
|-heal|p1a: Gengar|139\/323|[from] drain|[of] p2a: Result of Incest
|
|turn|52
|
|move|p1a: Gengar|Mega Drain|p2a: Result of Incest
|-resisted|p2a: Result of Incest
|-damage|p2a: Result of Incest|287\/393
|-heal|p1a: Gengar|148\/323|[from] drain|[of] p2a: Result of Incest
|move|p2a: Result of Incest|Psychic|p1a: Gengar
|-supereffective|p1a: Gengar
|-damage|p1a: Gengar|0 fnt
|faint|p1a: Gengar
|
|
|switch|p1a: Exeggutor|Exeggutor|393\/393
|turn|53
|
|move|p1a: Exeggutor|Stun Spore|p2a: Result of Incest
|-status|p2a: Result of Incest|par
|cant|p2a: Result of Incest|par
|
|turn|54
|
|move|p1a: Exeggutor|Psychic|p2a: Result of Incest
|-resisted|p2a: Result of Incest
|-damage|p2a: Result of Incest|233\/393 par
|cant|p2a: Result of Incest|par
|
|turn|55
|
|move|p1a: Exeggutor|Psychic|p2a: Result of Incest
|-resisted|p2a: Result of Incest
|-damage|p2a: Result of Incest|178\/393 par
|-unboost|p2a: Result of Incest|spd|1
|-unboost|p2a: Result of Incest|spa|1
|cant|p2a: Result of Incest|par
|
|turn|56
|
|move|p1a: Exeggutor|Psychic|p2a: Result of Incest
|-resisted|p2a: Result of Incest
|-damage|p2a: Result of Incest|99\/393 par
|cant|p2a: Result of Incest|par
|
|turn|57
|join|hghrft
|chat|kid gf lol|are you fucking joking me?
|
|move|p1a: Exeggutor|Psychic|p2a: Result of Incest
|-resisted|p2a: Result of Incest
|-damage|p2a: Result of Incest|26\/393 par
|cant|p2a: Result of Incest|par
|
|turn|58
|leave|hghrft
|chat|kid gf lol|what bullshit
|chat|Bacon & Cheese|ikr
|
|switch|p2a: Breakfast Pouch|Chansey|516\/703
|move|p1a: Exeggutor|Psychic|p2a: Breakfast Pouch
|-crit|p2a: Breakfast Pouch
|-damage|p2a: Breakfast Pouch|279\/703
|
|turn|59
|
|move|p1a: Exeggutor|Stun Spore|p2a: Breakfast Pouch
|-status|p2a: Breakfast Pouch|par
|move|p2a: Breakfast Pouch|Soft-Boiled|p2a: Breakfast Pouch
|-heal|p2a: Breakfast Pouch|630\/703 par
|
|turn|60
|chat|Bacon & Cheese|that moment when...
|
|move|p1a: Exeggutor|Explosion|p2a: Breakfast Pouch
|-damage|p2a: Breakfast Pouch|0 fnt
|faint|p2a: Breakfast Pouch
|faint|p1a: Exeggutor
|
|switch|p1a: Starmie|Starmie|323\/323 slp
|switch|p2a: Result of Incest|Exeggutor|26\/393 par
|turn|61
|
|cant|p1a: Starmie|slp
|-curestatus|p1a: Starmie|slp
|cant|p2a: Result of Incest|par
|
|turn|62
|chat|kid gf lol|yeah that's fucking bs
|
|move|p1a: Starmie|Blizzard|p2a: Result of Incest
|-crit|p2a: Result of Incest
|-supereffective|p2a: Result of Incest
|-damage|p2a: Result of Incest|0 fnt
|faint|p2a: Result of Incest
|
|
|switch|p2a: TNT|Golem|161\/363 slp
|turn|63
|
|move|p1a: Starmie|Blizzard|p2a: TNT
|-supereffective|p2a: TNT
|-damage|p2a: TNT|0 fnt
|faint|p2a: TNT
|
|win|bloodyloliokachan
|raw|Ladder updating...
|join|Aiden Stark
|leave|kid gf lol
|player|p2
|leave|Bacon & Cheese
|raw|Ladder (probably) updated, but score could not be retrieved (timeout).
|raw|Ladder (probably) updated, but score could not be retrieved (Error: socket hang up).
|leave|Aiden Stark