|join|SILVER4045
|join|katje eet vis
|player|p1|SILVER4045|154
|player|p2|katje eet vis|1
|gametype|singles
|gen|1
|tier|[Gen 1] Random Battle
|rated
|seed|37916,32672,49023,9646
|rule|Sleep Clause Mod: Limit one foe put to sleep
|rule|Freeze Clause Mod: Limit one foe frozen
|rule|HP Percentage Mod: HP is shown in percentages
|
|start
|switch|p1a: Chansey|Chansey, L79|557\/557
|switch|p2a: Arbok|Arbok, L90|291\/291
|turn|1
|choice|move 2|move 2
|
|move|p2a: Arbok|Glare|p1a: Chansey
|-status|p1a: Chansey|par
|cant|p1a: Chansey|par
|
|turn|2
|choice|switch 6|move 3
|
|switch|p1a: Onix|Onix, L90|246\/246
|move|p2a: Arbok|Earthquake|p1a: Onix
|-supereffective|p1a: Onix
|-damage|p1a: Onix|150\/246
|
|turn|3
|choice|move 1|switch 2
|
|switch|p2a: Kingler|Kingler, L85|267\/267
|move|p1a: Onix|Earthquake|p2a: Kingler
|-damage|p2a: Kingler|205\/267
|
|turn|4
|choice|switch 5|move 1
|
|switch|p1a: Jolteon|Jolteon, L79|265\/265
|move|p2a: Kingler|Crabhammer|p1a: Jolteon|[miss]
|-miss|p2a: Kingler
|
|turn|5
|choice|move 1|move 4
|
|move|p1a: Jolteon|Thunderbolt|p2a: Kingler|[miss]
|-miss|p1a: Jolteon
|move|p2a: Kingler|Body Slam|p1a: Jolteon
|-damage|p1a: Jolteon|162\/265
|
|turn|6
|choice|move 1|switch 4
|
|switch|p2a: Jolteon|Jolteon, L79|265\/265
|move|p1a: Jolteon|Thunderbolt|p2a: Jolteon
|-resisted|p2a: Jolteon
|-damage|p2a: Jolteon|221\/265
|
|turn|7
|choice|move 3|move 2
|
|move|p1a: Jolteon|Thunder Wave|p2a: Jolteon
|-status|p2a: Jolteon|par
|move|p2a: Jolteon|Body Slam|p1a: Jolteon
|-damage|p1a: Jolteon|109\/265
|
|turn|8
|choice|switch 5|move 2
|
|switch|p1a: Onix|Onix, L90|150\/246
|move|p2a: Jolteon|Body Slam|p1a: Onix
|-resisted|p1a: Onix
|-damage|p1a: Onix|138\/246
|
|turn|9
|choice|move 1|switch 4
|
|switch|p2a: Kingler|Kingler, L85|205\/267
|move|p1a: Onix|Earthquake|p2a: Kingler
|-damage|p2a: Kingler|142\/267
|
|turn|10
|choice|switch 4|move 1
|
|switch|p1a: Victreebel|Victreebel, L85|310\/310
|move|p2a: Kingler|Crabhammer|p1a: Victreebel
|-crit|p1a: Victreebel
|-resisted|p1a: Victreebel
|-damage|p1a: Victreebel|255\/310
|
|turn|11
|choice|move 1|switch 4
|
|switch|p2a: Jolteon|Jolteon, L79|221\/265 par
|move|p1a: Victreebel|Razor Leaf|p2a: Jolteon
|-crit|p2a: Jolteon
|-damage|p2a: Jolteon|115\/265 par
|
|turn|12
|choice|move 2|move 3
|
|move|p1a: Victreebel|Hyper Beam|p2a: Jolteon
|-damage|p2a: Jolteon|0 fnt
|faint|p2a: Jolteon
|choice||switch 5
|
|switch|p2a: Butterfree|Butterfree, L90|291\/291
|turn|13
|choice|switch 6|move 1
|
|switch|p1a: Chansey|Chansey, L79|557\/557 par
|move|p2a: Butterfree|Psychic|p1a: Chansey
|-damage|p1a: Chansey|500\/557 par
|-unboost|p1a: Chansey|spd|1
|-unboost|p1a: Chansey|spa|1
|
|turn|14
|choice|move 2|switch 2
|
|switch|p2a: Arbok|Arbok, L90|291\/291
|move|p1a: Chansey|Thunder Wave|p2a: Arbok
|-status|p2a: Arbok|par
|
|turn|15
|choice|move 1|move 3
|
|move|p2a: Arbok|Earthquake|p1a: Chansey
|-damage|p1a: Chansey|314\/557 par
|move|p1a: Chansey|Soft-Boiled|p1a: Chansey
|-heal|p1a: Chansey|557\/557 par
|
|turn|16
|choice|switch 6|move 3
|
|switch|p1a: Victreebel|Victreebel, L85|255\/310
|move|p2a: Arbok|Earthquake|p1a: Victreebel
|-damage|p1a: Victreebel|163\/310
|
|turn|17
|choice|switch 4|move 1
|
|switch|p1a: Onix|Onix, L90|138\/246
|move|p2a: Arbok|Body Slam|p1a: Onix
|-resisted|p1a: Onix
|-damage|p1a: Onix|119\/246
|
|turn|18
|choice|move 1|move 3
|
|move|p1a: Onix|Earthquake|p2a: Arbok
|-supereffective|p2a: Arbok
|-damage|p2a: Arbok|108\/291 par
|move|p2a: Arbok|Earthquake|p1a: Onix
|-crit|p1a: Onix
|-supereffective|p1a: Onix
|-damage|p1a: Onix|0 fnt
|faint|p1a: Onix
|choice|switch 4|
|
|switch|p1a: Victreebel|Victreebel, L85|163\/310
|turn|19
|choice|move 2|move 1
|
|move|p1a: Victreebel|Hyper Beam|p2a: Arbok
|-crit|p2a: Arbok
|-damage|p2a: Arbok|0 fnt
|faint|p2a: Arbok
|choice||switch 3
|
|switch|p2a: Arcanine|Arcanine, L85|327\/327
|turn|20
|choice|switch 6|move 4
|
|switch|p1a: Chansey|Chansey, L79|557\/557 par
|move|p2a: Arcanine|Fire Blast|p1a: Chansey
|-crit|p1a: Chansey
|-damage|p1a: Chansey|351\/557 par
|
|turn|21
|choice|move 1|switch 4
|
|switch|p2a: Kingler|Kingler, L85|142\/267
|move|p1a: Chansey|Soft-Boiled|p1a: Chansey
|-heal|p1a: Chansey|557\/557 par
|
|turn|22
|choice|move 2|move 4
|
|move|p2a: Kingler|Body Slam|p1a: Chansey
|-damage|p1a: Chansey|363\/557 par
|move|p1a: Chansey|Thunder Wave|p2a: Kingler
|-status|p2a: Kingler|par
|
|turn|23
|choice|switch 6|move 4
|
|switch|p1a: Victreebel|Victreebel, L85|163\/310
|move|p2a: Kingler|Body Slam|p1a: Victreebel
|-crit|p1a: Victreebel
|-damage|p1a: Victreebel|0 fnt
|faint|p1a: Victreebel
|choice|switch 5|
|
|switch|p1a: Jolteon|Jolteon, L79|109\/265
|turn|24
|choice|move 1|switch 4
|
|switch|p2a: Arcanine|Arcanine, L85|327\/327
|move|p1a: Jolteon|Thunderbolt|p2a: Arcanine
|-crit|p2a: Arcanine
|-damage|p2a: Arcanine|145\/327
|-status|p2a: Arcanine|par
|
|turn|25
|choice|move 1|move 1
|
|move|p1a: Jolteon|Thunderbolt|p2a: Arcanine
|-damage|p2a: Arcanine|52\/327 par
|move|p2a: Arcanine|Body Slam|p1a: Jolteon
|-crit|p1a: Jolteon
|-damage|p1a: Jolteon|0 fnt
|faint|p1a: Jolteon
|choice|switch 2|
|
|switch|p1a: Ninetales|Ninetales, L85|298\/298
|turn|26
|choice|move 2|move 1
|
|move|p1a: Ninetales|Body Slam|p2a: Arcanine
|-crit|p2a: Arcanine
|-damage|p2a: Arcanine|0 fnt
|faint|p2a: Arcanine
|choice||switch 4
|
|switch|p2a: Kingler|Kingler, L85|142\/267 par
|turn|27
|choice|move 4|move 4
|
|move|p1a: Ninetales|Hyper Beam|p2a: Kingler
|-damage|p2a: Kingler|67\/267 par
|move|p2a: Kingler|Body Slam|p1a: Ninetales
|-damage|p1a: Ninetales|220\/298
|-status|p1a: Ninetales|par
|
|turn|28
|-mustrecharge|p1a: Ninetales
|-mustrecharge|p1a: Ninetales
|choice|move 1|move 1
|
|cant|p1a: Ninetales|recharge
|move|p2a: Kingler|Crabhammer|p1a: Ninetales
|-crit|p1a: Ninetales
|-supereffective|p1a: Ninetales
|-damage|p1a: Ninetales|3\/298 par
|
|turn|29
|choice|move 4|move 4
|
|move|p1a: Ninetales|Hyper Beam|p2a: Kingler
|-damage|p2a: Kingler|0 fnt
|faint|p2a: Kingler
|choice||switch 2
|
|switch|p2a: Butterfree|Butterfree, L90|291\/291
|turn|30
|choice|move 1|move 1
|
|move|p2a: Butterfree|Psychic|p1a: Ninetales
|-damage|p1a: Ninetales|0 fnt
|faint|p1a: Ninetales
|choice|switch 6|
|
|switch|p1a: Chansey|Chansey, L79|363\/557 par
|turn|31
|choice|move 1|move 1
|
|move|p2a: Butterfree|Psychic|p1a: Chansey
|-damage|p1a: Chansey|299\/557 par
|-unboost|p1a: Chansey|spd|1
|-unboost|p1a: Chansey|spa|1
|move|p1a: Chansey|Soft-Boiled|p1a: Chansey
|-heal|p1a: Chansey|557\/557 par
|
|turn|32
|choice|move 2|move 1
|
|move|p2a: Butterfree|Psychic|p1a: Chansey
|-crit|p1a: Chansey
|-damage|p1a: Chansey|445\/557 par
|cant|p1a: Chansey|par
|
|turn|33
|choice|move 1|move 1
|
|move|p2a: Butterfree|Psychic|p1a: Chansey
|-damage|p1a: Chansey|355\/557 par
|move|p1a: Chansey|Soft-Boiled|p1a: Chansey
|-heal|p1a: Chansey|557\/557 par
|
|turn|34
|choice|move 2|move 1
|
|move|p2a: Butterfree|Psychic|p1a: Chansey
|-crit|p1a: Chansey
|-damage|p1a: Chansey|437\/557 par
|move|p1a: Chansey|Thunder Wave|p2a: Butterfree
|-status|p2a: Butterfree|par
|
|turn|35
|choice|move 1|move 1
|
|cant|p2a: Butterfree|par
|move|p1a: Chansey|Soft-Boiled|p1a: Chansey
|-heal|p1a: Chansey|557\/557 par
|
|turn|36
|choice|move 4|move 1
|
|move|p2a: Butterfree|Psychic|p1a: Chansey
|-damage|p1a: Chansey|468\/557 par
|move|p1a: Chansey|Ice Beam|p2a: Butterfree
|-supereffective|p2a: Butterfree
|-damage|p2a: Butterfree|204\/291 par
|
|turn|37
|choice|move 4|move 1
|
|cant|p2a: Butterfree|par
|move|p1a: Chansey|Ice Beam|p2a: Butterfree
|-supereffective|p2a: Butterfree
|-damage|p2a: Butterfree|120\/291 par
|
|turn|38
|choice|move 4|move 1
|
|move|p2a: Butterfree|Psychic|p1a: Chansey
|-damage|p1a: Chansey|380\/557 par
|-unboost|p1a: Chansey|spd|1
|-unboost|p1a: Chansey|spa|1
|move|p1a: Chansey|Ice Beam|p2a: Butterfree
|-supereffective|p2a: Butterfree
|-damage|p2a: Butterfree|57\/291 par
|
|turn|39
|choice|move 1|move 4
|
|move|p2a: Butterfree|Mega Drain|p1a: Chansey
|-damage|p1a: Chansey|328\/557 par
|-heal|p2a: Butterfree|83\/291 par|[from] drain|[of] p1a: Chansey
|move|p1a: Chansey|Soft-Boiled|p1a: Chansey
|-heal|p1a: Chansey|557\/557 par
|
|turn|40
|choice|switch 3|move 1
|
|switch|p1a: Weezing|Weezing, L90|300\/300
|move|p2a: Butterfree|Psychic|p1a: Weezing
|-supereffective|p1a: Weezing
|-damage|p1a: Weezing|186\/300
|
|turn|41
|choice|move 3|move 1
|
|move|p1a: Weezing|Thunder|p2a: Butterfree|[miss]
|-miss|p1a: Weezing
|cant|p2a: Butterfree|par
|
|turn|42
|choice|move 3|move 3
|
|move|p1a: Weezing|Thunder|p2a: Butterfree
|-supereffective|p2a: Butterfree
|-damage|p2a: Butterfree|0 fnt
|faint|p2a: Butterfree
|choice||switch 6
|
|switch|p2a: Machoke|Machoke, L85|310\/310
|turn|43
|choice|move 4|move 1
|
|move|p1a: Weezing|Fire Blast|p2a: Machoke
|-damage|p2a: Machoke|191\/310
|move|p2a: Machoke|Body Slam|p1a: Weezing
|-damage|p1a: Weezing|136\/300
|-status|p1a: Weezing|par
|
|turn|44
|choice|move 1|move 2
|
|move|p2a: Machoke|Earthquake|p1a: Weezing
|-supereffective|p1a: Weezing
|-damage|p1a: Weezing|22\/300 par
|move|p1a: Weezing|Explosion|p2a: Machoke
|-damage|p2a: Machoke|0 fnt
|faint|p2a: Machoke
|faint|p1a: Weezing
|
|win|SILVER4045
|raw|SILVER4045's rating: 1115 &rarr; <strong>1149<\/strong><br \/>(+34 for winning)
|raw|katje eet vis's rating: 1252 &rarr; <strong>1218<\/strong><br \/>(-34 for losing)
|leave|katje eet vis
|player|p2