|join|Buts X
|join|crona3
|player|p1|Buts X|43
|player|p2|crona3|170
|gametype|singles
|gen|1
|tier|[Gen 1] Random Battle
|rated
|rule|Sleep Clause Mod: Limit one foe put to sleep
|rule|Freeze Clause Mod: Limit one foe frozen
|rule|HP Percentage Mod: HP is shown in percentages
|
|start
|switch|p1a: Blastoise|Blastoise, L85|308\/308
|switch|p2a: Haunter|Haunter, L85|250\/250
|turn|1
|
|move|p2a: Haunter|Confuse Ray|p1a: Blastoise
|-start|p1a: Blastoise|confusion
|-activate|p1a: Blastoise|confusion
|-damage|p1a: Blastoise|281\/308|[from] confusion
|
|turn|2
|
|move|p2a: Haunter|Hypnosis|p1a: Blastoise
|-status|p1a: Blastoise|slp
|cant|p1a: Blastoise|slp
|
|turn|3
|
|switch|p1a: Jynx|Jynx, L79|265\/265
|move|p2a: Haunter|Psychic|p1a: Jynx
|-resisted|p1a: Jynx
|-damage|p1a: Jynx|226\/265
|-unboost|p1a: Jynx|spd|1
|-unboost|p1a: Jynx|spa|1
|
|turn|4
|
|move|p2a: Haunter|Confuse Ray|p1a: Jynx
|-start|p1a: Jynx|confusion
|-activate|p1a: Jynx|confusion
|-damage|p1a: Jynx|193\/265|[from] confusion
|
|turn|5
|c|★Buts X|oh my god
|c|★Buts X|hate this haunter
|
|move|p2a: Haunter|Psychic|p1a: Jynx
|-resisted|p1a: Jynx
|-damage|p1a: Jynx|138\/265
|-activate|p1a: Jynx|confusion
|move|p1a: Jynx|Psychic|p2a: Haunter
|-supereffective|p2a: Haunter
|-damage|p2a: Haunter|160\/250
|
|turn|6
|
|move|p2a: Haunter|Psychic|p1a: Jynx
|-resisted|p1a: Jynx
|-damage|p1a: Jynx|84\/265
|-unboost|p1a: Jynx|spd|1
|-unboost|p1a: Jynx|spa|1
|-activate|p1a: Jynx|confusion
|-damage|p1a: Jynx|51\/265|[from] confusion
|
|turn|7
|c|★Buts X|i had made it up to 3rd on the ladder
|
|move|p2a: Haunter|Psychic|p1a: Jynx
|-crit|p1a: Jynx
|-resisted|p1a: Jynx
|-damage|p1a: Jynx|0 fnt
|faint|p1a: Jynx
|c|★Buts X|and this is fixing to be my 4th loss in a row
|
|switch|p1a: Lickitung|Lickitung, L85|327\/327
|turn|8
|c|★crona3|it happens at times
|
|move|p2a: Haunter|Confuse Ray|p1a: Lickitung
|-start|p1a: Lickitung|confusion
|-activate|p1a: Lickitung|confusion
|-damage|p1a: Lickitung|301\/327|[from] confusion
|
|turn|9
|c|★Buts X|yeah... the losses hurt way more than the wins help
|c|★Buts X|HOLY S
|
|move|p2a: Haunter|Psychic|p1a: Lickitung
|-damage|p1a: Lickitung|211\/327
|-end|p1a: Lickitung|confusion
|move|p1a: Lickitung|Earthquake|p2a: Haunter
|-supereffective|p2a: Haunter
|-damage|p2a: Haunter|21\/250
|
|turn|10
|c|★Buts X|most valuable ghost
|
|move|p2a: Haunter|Explosion|p1a: Lickitung
|-crit|p1a: Lickitung
|-damage|p1a: Lickitung|0 fnt
|faint|p1a: Lickitung
|faint|p2a: Haunter
|c|★Buts X|unbelievable
|
|switch|p1a: Rapidash|Rapidash, L85|284\/284
|switch|p2a: Farfetch'd|Farfetch'd, L99|304\/304
|turn|11
|
|move|p1a: Rapidash|Fire Blast|p2a: Farfetch'd
|-damage|p2a: Farfetch'd|174\/304
|-status|p2a: Farfetch'd|brn
|move|p2a: Farfetch'd|Toxic|p1a: Rapidash
|-status|p1a: Rapidash|tox
|-damage|p2a: Farfetch'd|155\/304 brn|[from] brn|[of] p1a: Rapidash
|
|turn|12
|
|move|p1a: Rapidash|Fire Blast|p2a: Farfetch'd
|-damage|p2a: Farfetch'd|21\/304 brn
|-damage|p1a: Rapidash|267\/284 tox|[from] tox|[of] p2a: Farfetch'd
|move|p2a: Farfetch'd|Slash|p1a: Rapidash
|-crit|p1a: Rapidash
|-damage|p1a: Rapidash|92\/284 tox
|-damage|p2a: Farfetch'd|2\/304 brn|[from] brn|[of] p1a: Rapidash
|
|turn|13
|
|move|p1a: Rapidash|Hyper Beam|p2a: Farfetch'd|[miss]
|-miss|p1a: Rapidash
|-damage|p1a: Rapidash|58\/284 tox|[from] tox|[of] p2a: Farfetch'd
|move|p2a: Farfetch'd|Slash|p1a: Rapidash
|-damage|p1a: Rapidash|11\/284 tox
|-damage|p2a: Farfetch'd|0 fnt|[from] brn|[of] p1a: Rapidash
|faint|p2a: Farfetch'd
|c|★Buts X|obliterate his ass
|c|★Buts X|mother f
|
|switch|p2a: Shellder|Shellder, L96|252\/252
|turn|14
|c|★crona3|oh man
|
|switch|p1a: Blastoise|Blastoise, L85|281\/308 slp
|move|p2a: Shellder|Supersonic|p1a: Blastoise
|-start|p1a: Blastoise|confusion
|
|turn|15
|
|switch|p2a: Muk|Muk, L85|352\/352
|cant|p1a: Blastoise|slp
|-curestatus|p1a: Blastoise|slp
|
|turn|16
|c|★Buts X|mega drain or thunder?
|
|-activate|p1a: Blastoise|confusion
|move|p1a: Blastoise|Surf|p2a: Muk
|-damage|p2a: Muk|246\/352
|move|p2a: Muk|Mega Drain|p1a: Blastoise
|-supereffective|p1a: Blastoise
|-damage|p1a: Blastoise|236\/308
|-heal|p2a: Muk|268\/352|[from] drain|[of] p1a: Blastoise
|
|turn|17
|
|-end|p1a: Blastoise|confusion
|move|p1a: Blastoise|Surf|p2a: Muk
|-damage|p2a: Muk|159\/352
|move|p2a: Muk|Body Slam|p1a: Blastoise
|-damage|p1a: Blastoise|173\/308
|-status|p1a: Blastoise|par
|
|turn|18
|c|★Buts X|oh of course
|
|move|p2a: Muk|Mega Drain|p1a: Blastoise
|-supereffective|p1a: Blastoise
|-damage|p1a: Blastoise|128\/308 par
|-heal|p2a: Muk|181\/352|[from] drain|[of] p1a: Blastoise
|move|p1a: Blastoise|Hydro Pump|p2a: Muk
|-damage|p2a: Muk|35\/352
|
|turn|19
|
|move|p2a: Muk|Explosion|p1a: Blastoise
|-damage|p1a: Blastoise|0 fnt
|faint|p1a: Blastoise
|faint|p2a: Muk
|
|switch|p1a: Pinsir|Pinsir, L85|284\/284
|switch|p2a: Shellder|Shellder, L96|252\/252
|turn|20
|
|move|p1a: Pinsir|Swords Dance|p1a: Pinsir
|-boost|p1a: Pinsir|atk|2
|move|p2a: Shellder|Toxic|p1a: Pinsir
|-status|p1a: Pinsir|tox
|
|turn|21
|
|move|p1a: Pinsir|Swords Dance|p1a: Pinsir
|-boost|p1a: Pinsir|atk|2
|-damage|p1a: Pinsir|267\/284 tox|[from] psn
|move|p2a: Shellder|Supersonic|p1a: Pinsir
|-start|p1a: Pinsir|confusion
|
|turn|22
|c|★Buts X|here goes nothing
|
|-activate|p1a: Pinsir|confusion
|move|p1a: Pinsir|Body Slam|p2a: Shellder
|-crit|p2a: Shellder
|-damage|p2a: Shellder|132\/252
|-damage|p1a: Pinsir|233\/284 tox|[from] tox|[of] p2a: Shellder
|move|p2a: Shellder|Withdraw|p2a: Shellder
|-boost|p2a: Shellder|def|1
|
|turn|23
|
|-activate|p1a: Pinsir|confusion
|move|p1a: Pinsir|Body Slam|p2a: Shellder
|-damage|p2a: Shellder|14\/252
|-damage|p1a: Pinsir|182\/284 tox|[from] tox|[of] p2a: Shellder
|move|p2a: Shellder|Ice Beam|p1a: Pinsir
|-damage|p1a: Pinsir|107\/284 tox
|
|turn|24
|
|-activate|p1a: Pinsir|confusion
|move|p1a: Pinsir|Body Slam|p2a: Shellder
|-damage|p2a: Shellder|0 fnt
|faint|p2a: Shellder
|c|★Buts X|best bug ever
|
|switch|p2a: Seadra|Seadra, L85|267\/267
|turn|25
|c|★Buts X|im really hoping you have metapod and caterpie hiding back there
|
|-end|p1a: Pinsir|confusion
|move|p1a: Pinsir|Hyper Beam|p2a: Seadra|[miss]
|-miss|p1a: Pinsir
|-damage|p1a: Pinsir|39\/284 tox|[from] tox|[of] p2a: Seadra
|move|p2a: Seadra|Hydro Pump|p1a: Pinsir
|-damage|p1a: Pinsir|0 fnt
|faint|p1a: Pinsir
|c|★Buts X|of course
|
|switch|p1a: Rapidash|Rapidash, L85|11\/284 tox
|-status|p1a: Rapidash|psn
|turn|26
|
|move|p1a: Rapidash|Hyper Beam|p2a: Seadra
|-damage|p2a: Seadra|170\/267
|-damage|p1a: Rapidash|0 fnt|[from] psn|[of] p2a: Seadra
|faint|p1a: Rapidash
|c|★Buts X|die a thousand deaths
|c|★Buts X|that would have been much better had pinsir's hit
|
|switch|p1a: Persian|Persian, L79|265\/265
|turn|27
|c|★crona3|oh yeah
|
|move|p1a: Persian|Slash|p2a: Seadra
|-crit|p2a: Seadra
|-damage|p2a: Seadra|72\/267
|move|p2a: Seadra|Smokescreen|p1a: Persian
|-unboost|p1a: Persian|accuracy|1
|
|turn|28
|c|★Buts X|fight through it, cat!
|
|move|p1a: Persian|Slash|p2a: Seadra
|-crit|p2a: Seadra
|-damage|p2a: Seadra|0 fnt
|faint|p2a: Seadra
|
|switch|p2a: Mew|Mew, L74|300\/300
|turn|29
|c|★Buts X|oh dear
|c|★Buts X|not impossible
|
|move|p1a: Persian|Slash|p2a: Mew
|-crit|p2a: Mew
|-damage|p2a: Mew|192\/300
|move|p2a: Mew|Psychic|p1a: Persian
|-damage|p1a: Persian|163\/265
|
|turn|30
|c|★Buts X|no crits!
|c|★crona3|HERE WE GO
|
|move|p1a: Persian|Slash|p2a: Mew
|-crit|p2a: Mew
|-damage|p2a: Mew|88\/300
|move|p2a: Mew|Hyper Beam|p1a: Persian
|-damage|p1a: Persian|59\/265
|
|turn|31
|c|★crona3|FFFF
|c|★Buts X|oh dear
|c|★Buts X|i would have thought it hits way more than that
|c|★crona3|nah
|c|★Buts X|mew isnt all that great... mewtwo much better
|c|★Buts X|i could still miss...
|
|move|p1a: Persian|Slash|p2a: Mew
|-damage|p2a: Mew|33\/300
|cant|p2a: Mew|recharge
|
|turn|32
|c|★Buts X|why
|c|★Buts X|why god why
|c|★crona3|lol
|c|★Buts X|slash didnt crit
|c|★Buts X|good luck, sir
|
|move|p1a: Persian|Slash|p2a: Mew|[miss]
|-miss|p1a: Persian
|move|p2a: Mew|Psychic|p1a: Persian
|-damage|p1a: Persian|0 fnt
|faint|p1a: Persian
|
|win|crona3
|raw|Ladder updating...
|raw|Buts X's rating: 1423 &rarr; <strong>1389<\/strong><br \/>(-34 for losing)
|raw|crona3's rating: 1132 &rarr; <strong>1174<\/strong><br \/>(+42 for winning)
|c|★Buts X|i hate my life so much
|c|★crona3|WHOOO
|c|★crona3|oh man i was on the edge of my seat
|leave|Buts X