|j|moosaidmycow
|j|neonblaster54
|player|p1|moosaidmycow|184
|player|p2|neonblaster54|163
|gametype|singles
|gen|1
|tier|[Gen 1] Random Battle
|rated
|seed|11270,53305,6810,50037
|rule|Sleep Clause Mod: Limit one foe put to sleep
|rule|Freeze Clause Mod: Limit one foe frozen
|rule|HP Percentage Mod: HP is shown in percentages
|
|start
|switch|p1a: Charmander|Charmander, L96|270\/270
|switch|p2a: Dragonite|Dragonite, L85|328\/328
|turn|1
|choice|move 3|move 4
|
|move|p2a: Dragonite|Surf|p1a: Charmander
|-supereffective|p1a: Charmander
|-damage|p1a: Charmander|106\/270
|move|p1a: Charmander|Body Slam|p2a: Dragonite
|-damage|p2a: Dragonite|277\/328
|
|turn|2
|c|★moosaidmycow|probably one of the worst teams i have ever had
|c|★neonblaster54|lol
|choice|move 3|move 4
|
|move|p2a: Dragonite|Surf|p1a: Charmander
|-supereffective|p1a: Charmander
|-damage|p1a: Charmander|0 fnt
|faint|p1a: Charmander
|choice|switch 3|
|
|switch|p1a: Nidorina|Nidorina, L90|309\/309
|turn|3
|choice|move 2|move 2
|
|move|p2a: Dragonite|Blizzard|p1a: Nidorina
|-damage|p1a: Nidorina|204\/309
|move|p1a: Nidorina|Body Slam|p2a: Dragonite
|-damage|p2a: Dragonite|224\/328
|
|turn|4
|choice|move 2|move 4
|
|move|p2a: Dragonite|Surf|p1a: Nidorina
|-damage|p1a: Nidorina|122\/309
|move|p1a: Nidorina|Body Slam|p2a: Dragonite
|-damage|p2a: Dragonite|175\/328
|
|turn|5
|choice|move 2|move 1
|
|move|p2a: Dragonite|Thunder|p1a: Nidorina
|-damage|p1a: Nidorina|10\/309
|-status|p1a: Nidorina|par
|move|p1a: Nidorina|Body Slam|p2a: Dragonite
|-damage|p2a: Dragonite|122\/328
|
|turn|6
|choice|move 2|move 4
|
|move|p2a: Dragonite|Surf|p1a: Nidorina
|-crit|p1a: Nidorina
|-damage|p1a: Nidorina|0 fnt
|faint|p1a: Nidorina
|choice|switch 2|
|
|switch|p1a: Zubat|Zubat, L96|272\/272
|turn|7
|choice|move 1|move 1
|
|move|p2a: Dragonite|Thunder|p1a: Zubat
|-supereffective|p1a: Zubat
|-damage|p1a: Zubat|22\/272
|move|p1a: Zubat|Confuse Ray|p2a: Dragonite
|-start|p2a: Dragonite|confusion
|
|turn|8
|choice|move 2|move 4
|
|-activate|p2a: Dragonite|confusion
|-damage|p2a: Dragonite|84\/328|[from] confusion
|move|p1a: Zubat|Double-Edge|p2a: Dragonite
|-damage|p2a: Dragonite|25\/328
|-damage|p1a: Zubat|8\/272|[from] recoil|[of] p2a: Dragonite
|
|turn|9
|choice|move 2|move 4
|
|-activate|p2a: Dragonite|confusion
|-damage|p2a: Dragonite|0 fnt|[from] confusion
|faint|p2a: Dragonite
|choice||switch 6
|
|switch|p2a: Charmeleon|Charmeleon, L85|272\/272
|turn|10
|choice|move 1|move 2
|
|move|p2a: Charmeleon|Slash|p1a: Zubat
|-crit|p1a: Zubat
|-damage|p1a: Zubat|0 fnt
|faint|p1a: Zubat
|choice|switch 6|
|
|switch|p1a: Charmeleon|Charmeleon, L85|272\/272
|turn|11
|choice|move 4|move 1
|
|move|p2a: Charmeleon|Body Slam|p1a: Charmeleon
|-crit|p1a: Charmeleon
|-damage|p1a: Charmeleon|154\/272
|-status|p1a: Charmeleon|par
|move|p1a: Charmeleon|Slash|p2a: Charmeleon
|-crit|p2a: Charmeleon
|-damage|p2a: Charmeleon|168\/272
|
|turn|12
|choice|move 4|move 2
|
|move|p2a: Charmeleon|Slash|p1a: Charmeleon
|-crit|p1a: Charmeleon
|-damage|p1a: Charmeleon|60\/272 par
|move|p1a: Charmeleon|Slash|p2a: Charmeleon
|-crit|p2a: Charmeleon
|-damage|p2a: Charmeleon|73\/272
|
|turn|13
|c|★moosaidmycow|definitely the worst team i've ever had
|choice|move 4|move 2
|
|move|p2a: Charmeleon|Slash|p1a: Charmeleon
|-crit|p1a: Charmeleon
|-damage|p1a: Charmeleon|0 fnt
|faint|p1a: Charmeleon
|choice|switch 4|
|
|switch|p1a: Porygon|Porygon, L85|284\/284
|turn|14
|choice|move 2|move 1
|
|move|p2a: Charmeleon|Body Slam|p1a: Porygon
|-crit|p1a: Porygon
|-damage|p1a: Porygon|178\/284
|move|p1a: Porygon|Agility|p1a: Porygon
|-boost|p1a: Porygon|spe|2
|
|turn|15
|choice|move 3|move 1
|
|move|p1a: Porygon|Hyper Beam|p2a: Charmeleon
|-damage|p2a: Charmeleon|0 fnt
|faint|p2a: Charmeleon
|choice||switch 4
|
|switch|p2a: Arbok|Arbok, L90|291\/291
|turn|16
|choice|move 1|move 2
|
|move|p1a: Porygon|Recover|p1a: Porygon
|-heal|p1a: Porygon|284\/284
|move|p2a: Arbok|Glare|p1a: Porygon
|-status|p1a: Porygon|par
|
|turn|17
|choice|move 4|move 4
|
|move|p2a: Arbok|Rock Slide|p1a: Porygon
|-damage|p1a: Porygon|224\/284 par
|cant|p1a: Porygon|par
|
|turn|18
|choice|move 1|move 3
|
|move|p2a: Arbok|Body Slam|p1a: Porygon
|-damage|p1a: Porygon|154\/284 par
|move|p1a: Porygon|Recover|p1a: Porygon
|-heal|p1a: Porygon|284\/284 par
|
|turn|19
|choice|move 4|move 1
|
|move|p2a: Arbok|Earthquake|p1a: Porygon
|-damage|p1a: Porygon|203\/284 par
|cant|p1a: Porygon|par
|
|turn|20
|choice|move 1|move 1
|
|move|p2a: Arbok|Earthquake|p1a: Porygon
|-damage|p1a: Porygon|113\/284 par
|cant|p1a: Porygon|par
|
|turn|21
|choice|move 1|move 1
|
|move|p2a: Arbok|Earthquake|p1a: Porygon
|-damage|p1a: Porygon|22\/284 par
|cant|p1a: Porygon|par
|
|turn|22
|choice|move 3|move 1
|
|move|p2a: Arbok|Earthquake|p1a: Porygon
|-crit|p1a: Porygon
|-damage|p1a: Porygon|0 fnt
|faint|p1a: Porygon
|choice|switch 5|
|
|switch|p1a: Butterfree|Butterfree, L90|291\/291
|turn|23
|choice|move 3|move 2
|
|move|p2a: Arbok|Glare|p1a: Butterfree
|-status|p1a: Butterfree|par
|move|p1a: Butterfree|Sleep Powder|p2a: Arbok|[miss]
|-miss|p1a: Butterfree
|
|turn|24
|choice|move 3|move 4
|
|move|p2a: Arbok|Rock Slide|p1a: Butterfree
|-crit|p1a: Butterfree
|-supereffective|p1a: Butterfree
|-damage|p1a: Butterfree|0 fnt
|faint|p1a: Butterfree
|
|win|neonblaster54
|player|p1
|player|p2
|raw|moosaidmycow's rating: 1310 &rarr; <strong>1281<\/strong><br \/>(-29 for losing)
|raw|neonblaster54's rating: 1149 &rarr; <strong>1185<\/strong><br \/>(+36 for winning)
|c|★neonblaster54|gg
|l|neonblaster54
|c|★moosaidmycow|http:\/\/replay.pokemonshowdown.com\/gen1randombattle-331180352