|join|Mega-Noctali
|join|Mimiroppu♥
|player|p1|Mega-Noctali|65
|player|p2|Mimiroppu♥|217
|gametype|singles
|gen|1
|tier|[Gen 1] Random Battle
|rated
|seed|38874,62355,1264,547
|rule|Sleep Clause Mod: Limit one foe put to sleep
|rule|Freeze Clause Mod: Limit one foe frozen
|rule|HP Percentage Mod: HP is shown in percentages
|
|start
|switch|p1a: Tentacruel|Tentacruel, L85|310\/310
|switch|p2a: Rhydon|Rhydon, L79|328\/328
|turn|1
|choice|move 2|switch 5
|
|switch|p2a: Jolteon|Jolteon, L79|265\/265
|move|p1a: Tentacruel|Surf|p2a: Jolteon
|-damage|p2a: Jolteon|153\/265
|
|turn|2
|choice|switch 2|move 1
|
|switch|p1a: Mr. Mime|Mr. Mime, L85|242\/242
|move|p2a: Jolteon|Thunderbolt|p1a: Mr. Mime
|-damage|p1a: Mr. Mime|153\/242
|
|turn|3
|choice|move 4|move 4
|
|move|p2a: Jolteon|Pin Missile|p1a: Mr. Mime
|-supereffective|p1a: Mr. Mime
|-damage|p1a: Mr. Mime|134\/242
|-damage|p1a: Mr. Mime|115\/242
|-damage|p1a: Mr. Mime|96\/242
|-hitcount|p1a: Mr. Mime|3
|move|p1a: Mr. Mime|Psychic|p2a: Jolteon
|-damage|p2a: Jolteon|59\/265
|
|turn|4
|choice|move 4|move 1
|
|move|p2a: Jolteon|Thunderbolt|p1a: Mr. Mime
|-damage|p1a: Mr. Mime|3\/242
|move|p1a: Mr. Mime|Psychic|p2a: Jolteon
|-damage|p2a: Jolteon|0 fnt
|faint|p2a: Jolteon
|choice||switch 2
|
|switch|p2a: Snorlax|Snorlax, L79|415\/415
|turn|5
|choice|move 2|move 1
|
|move|p1a: Mr. Mime|Thunder Wave|p2a: Snorlax
|-status|p2a: Snorlax|par
|cant|p2a: Snorlax|par
|
|turn|6
|choice|move 4|move 3
|
|move|p1a: Mr. Mime|Psychic|p2a: Snorlax
|-damage|p2a: Snorlax|281\/415 par
|move|p2a: Snorlax|Earthquake|p1a: Mr. Mime
|-damage|p1a: Mr. Mime|0 fnt
|faint|p1a: Mr. Mime
|choice|switch 3|
|
|switch|p1a: Machamp|Machamp, L90|345\/345
|turn|7
|choice|move 3|switch 4
|
|switch|p2a: Tentacruel|Tentacruel, L85|310\/310
|move|p1a: Machamp|Body Slam|p2a: Tentacruel
|-damage|p2a: Tentacruel|213\/310
|
|turn|8
|choice|move 3|move 3
|
|move|p2a: Tentacruel|Surf|p1a: Machamp
|-crit|p1a: Machamp
|-damage|p1a: Machamp|104\/345
|move|p1a: Machamp|Body Slam|p2a: Tentacruel
|-damage|p2a: Tentacruel|104\/310
|
|turn|9
|choice|switch 6|move 3
|
|switch|p1a: Magneton|Magneton, L90|273\/273
|move|p2a: Tentacruel|Surf|p1a: Magneton
|-damage|p1a: Magneton|186\/273
|
|turn|10
|choice|move 3|switch 5
|
|switch|p2a: Rhydon|Rhydon, L79|328\/328
|move|p1a: Magneton|Mimic|p2a: Rhydon
|-start|p1a: Magneton|Mimic|Substitute
|
|turn|11
|choice|switch 2|move 4
|
|switch|p1a: Tentacruel|Tentacruel, L85|310\/310
|move|p2a: Rhydon|Earthquake|p1a: Tentacruel
|-supereffective|p1a: Tentacruel
|-damage|p1a: Tentacruel|42\/310
|
|turn|12
|choice|move 1|switch 4
|
|switch|p2a: Snorlax|Snorlax, L79|281\/415 par
|move|p1a: Tentacruel|Blizzard|p2a: Snorlax
|-damage|p2a: Snorlax|143\/415 par
|
|turn|13
|choice|move 2|move 3
|
|move|p1a: Tentacruel|Surf|p2a: Snorlax
|-crit|p2a: Snorlax
|-damage|p2a: Snorlax|0 fnt
|faint|p2a: Snorlax
|choice||switch 6
|
|switch|p2a: Hitmonlee|Hitmonlee, L90|273\/273
|turn|14
|choice|move 2|move 4
|
|move|p1a: Tentacruel|Surf|p2a: Hitmonlee
|-crit|p2a: Hitmonlee
|-damage|p2a: Hitmonlee|0 fnt
|faint|p2a: Hitmonlee
|choice||switch 5
|
|switch|p2a: Tentacruel|Tentacruel, L85|104\/310
|turn|15
|choice|move 4|move 2
|
|move|p2a: Tentacruel|Hyper Beam|p1a: Tentacruel|[miss]
|-miss|p2a: Tentacruel
|move|p1a: Tentacruel|Hyper Beam|p2a: Tentacruel
|-damage|p2a: Tentacruel|0 fnt
|faint|p2a: Tentacruel
|choice||switch 4
|
|switch|p2a: Rhydon|Rhydon, L79|328\/328
|turn|16
|choice|move 2|move 4
|
|move|p1a: Tentacruel|Surf|p2a: Rhydon
|-crit|p2a: Rhydon
|-supereffective|p2a: Rhydon
|-damage|p2a: Rhydon|0 fnt
|faint|p2a: Rhydon
|-message|Mimiroppu♥ forfeited.
|
|win|Mega-Noctali
|leave|Mimiroppu♥
|player|p2
|raw|Mega-Noctali's rating: 1261 &rarr; <strong>1277<\/strong><br \/>(+16 for winning)
|raw|Mimiroppu♥'s rating: 1139 &rarr; <strong>1122<\/strong><br \/>(-17 for losing)