|j|HydreigonRoco
|j|andrew_andres2
|player|p1|HydreigonRoco|65
|player|p2|andrew_andres2|1
|gametype|singles
|gen|1
|tier|[Gen 1] Random Battle
|seed|61259,24758,37897,11385
|rule|Sleep Clause Mod: Limit one foe put to sleep
|rule|Freeze Clause Mod: Limit one foe frozen
|rule|HP Percentage Mod: HP is shown in percentages
|
|start
|switch|p1a: Wartortle|Wartortle, L85|274\/274
|switch|p2a: Hitmonlee|Hitmonlee, L90|273\/273
|turn|1
|j|Subject Platinum
|c| Subject Platinum|lol
|c| Subject Platinum|mi wartortle
|choice|move 2|move 4
|
|move|p2a: Hitmonlee|High Jump Kick|p1a: Wartortle
|-damage|p1a: Wartortle|148\/274
|move|p1a: Wartortle|Body Slam|p2a: Hitmonlee
|-damage|p2a: Hitmonlee|211\/273
|-status|p2a: Hitmonlee|par
|
|turn|2
|choice|move 3|move 1
|
|move|p1a: Wartortle|Surf|p2a: Hitmonlee
|-damage|p2a: Hitmonlee|86\/273 par
|move|p2a: Hitmonlee|Body Slam|p1a: Wartortle
|-damage|p1a: Wartortle|62\/274
|-status|p1a: Wartortle|par
|
|turn|3
|choice|switch 2|move 1
|
|switch|p1a: Gastly|Gastly, L96|252\/252
|move|p2a: Hitmonlee|Body Slam|p1a: Gastly
|-immune|p1a: Gastly|[msg]
|
|turn|4
|choice|move 3|move 1
|
|move|p1a: Gastly|Thunderbolt|p2a: Hitmonlee
|-damage|p2a: Hitmonlee|0 fnt
|faint|p2a: Hitmonlee
|choice||switch 5
|
|switch|p2a: Alakazam|Alakazam, L79|249\/249
|turn|5
|choice|move 4|move 1
|
|move|p2a: Alakazam|Psychic|p1a: Gastly
|-crit|p1a: Gastly
|-supereffective|p1a: Gastly
|-damage|p1a: Gastly|0 fnt
|faint|p1a: Gastly
|choice|switch 6|
|
|switch|p1a: Slowbro|Slowbro, L79|312\/312
|turn|6
|c|★andrew_andres2|seeeeeeeh
|c|★andrew_andres2|noooo xD
|choice|move 3|switch 2
|
|switch|p2a: Ivysaur|Ivysaur, L85|276\/276
|move|p1a: Slowbro|Thunder Wave|p2a: Ivysaur
|-status|p2a: Ivysaur|par
|
|turn|7
|c| Subject Platinum|xdddd
|choice|switch 3|move 4
|
|switch|p1a: Dragonite|Dragonite, L85|328\/328
|move|p2a: Ivysaur|Razor Leaf|p1a: Dragonite
|-crit|p1a: Dragonite
|-resisted|p1a: Dragonite
|-damage|p1a: Dragonite|305\/328
|
|turn|8
|choice|move 4|move 3
|
|move|p1a: Dragonite|Substitute|p1a: Dragonite
|-start|p1a: Dragonite|Substitute
|-damage|p1a: Dragonite|223\/328
|move|p2a: Ivysaur|Body Slam|p1a: Dragonite
|-activate|p1a: Dragonite|Substitute|[damage]
|
|turn|9
|choice|move 2|move 3
|
|move|p1a: Dragonite|Agility|p1a: Dragonite
|-boost|p1a: Dragonite|spe|2
|move|p2a: Ivysaur|Body Slam|p1a: Dragonite
|-end|p1a: Dragonite|Substitute
|
|turn|10
|choice|move 4|move 1
|
|move|p1a: Dragonite|Substitute|p1a: Dragonite
|-start|p1a: Dragonite|Substitute
|-damage|p1a: Dragonite|141\/328
|move|p2a: Ivysaur|Swords Dance|p2a: Ivysaur
|-boost|p2a: Ivysaur|atk|2
|
|turn|11
|choice|move 3|move 3
|
|move|p1a: Dragonite|Blizzard|p2a: Ivysaur
|-supereffective|p2a: Ivysaur
|-damage|p2a: Ivysaur|87\/276 par
|cant|p2a: Ivysaur|par
|
|turn|12
|choice|move 3|move 3
|
|move|p1a: Dragonite|Blizzard|p2a: Ivysaur
|-supereffective|p2a: Ivysaur
|-damage|p2a: Ivysaur|0 fnt
|faint|p2a: Ivysaur
|choice||switch 4
|
|switch|p2a: Kingler|Kingler, L85|267\/267
|turn|13
|choice|move 1|move 3
|
|move|p1a: Dragonite|Thunder|p2a: Kingler|[miss]
|-miss|p1a: Dragonite
|move|p2a: Kingler|Body Slam|p1a: Dragonite
|-crit|p1a: Dragonite
|-end|p1a: Dragonite|Substitute
|
|turn|14
|choice|move 1|move 4
|
|move|p1a: Dragonite|Thunder|p2a: Kingler
|-supereffective|p2a: Kingler
|-damage|p2a: Kingler|18\/267
|-status|p2a: Kingler|par
|cant|p2a: Kingler|par
|
|turn|15
|c|★andrew_andres2|of course...
|c|★andrew_andres2|madre mia
|choice|move 1|move 3
|
|move|p1a: Dragonite|Thunder|p2a: Kingler
|-supereffective|p2a: Kingler
|-damage|p2a: Kingler|0 fnt
|faint|p2a: Kingler
|choice||switch 6
|
|switch|p2a: Kabutops|Kabutops, L85|276\/276
|turn|16
|c|★HydreigonRoco|evitar el trueno lo compensa asique chiton
|choice|move 1|move 3
|
|move|p1a: Dragonite|Thunder|p2a: Kabutops|[miss]
|-miss|p1a: Dragonite
|move|p2a: Kabutops|Hyper Beam|p1a: Dragonite
|-crit|p1a: Dragonite
|-damage|p1a: Dragonite|0 fnt
|faint|p1a: Dragonite
|c|★andrew_andres2|ale
|c|★andrew_andres2|a cascarla
|choice|switch 3|
|
|switch|p1a: Slowbro|Slowbro, L79|312\/312
|turn|17
|choice|move 3|move 4
|
|move|p2a: Kabutops|Swords Dance|p2a: Kabutops
|-boost|p2a: Kabutops|atk|2
|move|p1a: Slowbro|Thunder Wave|p2a: Kabutops
|-status|p2a: Kabutops|par
|
|turn|18
|choice|switch 2|move 1
|
|switch|p1a: Wartortle|Wartortle, L85|62\/274 par
|move|p2a: Kabutops|Body Slam|p1a: Wartortle
|-damage|p1a: Wartortle|0 fnt
|faint|p1a: Wartortle
|choice|switch 4|
|
|switch|p1a: Clefable|Clefable, L85|335\/335
|turn|19
|choice|move 2|move 3
|
|move|p1a: Clefable|Thunderbolt|p2a: Kabutops
|-supereffective|p2a: Kabutops
|-damage|p2a: Kabutops|139\/276 par
|move|p2a: Kabutops|Hyper Beam|p1a: Clefable
|-damage|p1a: Clefable|73\/335
|
|turn|20
|-mustrecharge|p2a: Kabutops
|-mustrecharge|p2a: Kabutops
|choice|move 2|move 1
|
|move|p1a: Clefable|Thunderbolt|p2a: Kabutops
|-supereffective|p2a: Kabutops
|-damage|p2a: Kabutops|2\/276 par
|cant|p2a: Kabutops|recharge
|
|turn|21
|choice|move 2|move 1
|
|move|p1a: Clefable|Thunderbolt|p2a: Kabutops
|-supereffective|p2a: Kabutops
|-damage|p2a: Kabutops|0 fnt
|faint|p2a: Kabutops
|choice||switch 3
|
|switch|p2a: Jynx|Jynx, L79|265\/265
|turn|22
|choice|move 1|move 1
|
|move|p2a: Jynx|Blizzard|p1a: Clefable
|-damage|p1a: Clefable|0 fnt
|faint|p1a: Clefable
|j|Centi★nela♥
|choice|switch 5|
|
|switch|p1a: Raticate|Raticate, L85|267\/267
|turn|23
|choice|move 4|move 3
|
|move|p1a: Raticate|Hyper Beam|p2a: Jynx
|-crit|p2a: Jynx
|-damage|p2a: Jynx|0 fnt
|faint|p2a: Jynx
|choice||switch 2
|
|switch|p2a: Alakazam|Alakazam, L79|249\/249
|turn|24
|j|Luke u3u
|c|★andrew_andres2|ahora
|c|★andrew_andres2|no lloras?
|c|★andrew_andres2|my god...
|c| Centi★nela♥|mega alakazam comfirmed
|c| Centi★nela♥|oh wait
|c|★HydreigonRoco|enserio te quejas de una tier que se basa en haxear antes que el otro?
|c|★HydreigonRoco|ya se que tu te lo tomas como main tier pero esto es una mierda
|c|★andrew_andres2|HydreigonRoco aprende a jugar
|c|★andrew_andres2|no todo es hax
|c|★andrew_andres2|lol
|c|★HydreigonRoco|en esta tier si
|j|xDavidomgx
|c|★andrew_andres2|oks
|c|★andrew_andres2|te har eun par de preguntas
|c| Luke u3u|la mayoría :\/
|c|★andrew_andres2|si tardas
|c|★andrew_andres2|mas de 1 minuto
|c|★andrew_andres2|es que lo estas buscando
|c|★andrew_andres2|ok?
|l|xDavidomgx
|c| Subject Platinum|lel
|j|arlequin guillermo
|c| Centi★nela♥|lel
|c|★HydreigonRoco|comeme los huevos
|c|★andrew_andres2|no contest.a..
|c| Subject Platinum|Gane con allahu akbar
|choice|move 4|move 4
|
|move|p2a: Alakazam|Thunder Wave|p1a: Raticate
|-status|p1a: Raticate|par
|cant|p1a: Raticate|par
|
|turn|25
|c|★andrew_andres2|ya esta preparando google
|c|★andrew_andres2|XXD
|c| Luke u3u|Y si no le gusta, para qué la juega?
|c| Centi★nela♥|dat hax
|c| Centi★nela♥|ahahaha
|c| Centi★nela♥|xD
|choice|move 4|move 1
|
|move|p2a: Alakazam|Psychic|p1a: Raticate
|-damage|p1a: Raticate|129\/267 par
|cant|p1a: Raticate|par
|
|turn|26
|c| Centi★nela♥|lol
|choice|move 4|move 1
|
|move|p2a: Alakazam|Psychic|p1a: Raticate
|-damage|p1a: Raticate|0 fnt
|faint|p1a: Raticate
|choice|switch 2|
|
|switch|p1a: Slowbro|Slowbro, L79|312\/312
|turn|27
|c| Centi★nela♥|pinche haxeada
|c| Centi★nela♥|extrema
|c| Centi★nela♥|xD
|choice|move 3|move 4
|
|move|p2a: Alakazam|Thunder Wave|p1a: Slowbro
|-status|p1a: Slowbro|par
|cant|p1a: Slowbro|par
|
|turn|28
|choice|move 3|move 1
|
|move|p2a: Alakazam|Psychic|p1a: Slowbro
|-resisted|p1a: Slowbro
|-damage|p1a: Slowbro|255\/312 par
|-unboost|p1a: Slowbro|spd|1
|-unboost|p1a: Slowbro|spa|1
|move|p1a: Slowbro|Thunder Wave|p2a: Alakazam
|-status|p2a: Alakazam|par
|
|turn|29
|c| Centi★nela♥|jajajaja
|choice|move 2|move 1
|
|cant|p2a: Alakazam|par
|move|p1a: Slowbro|Amnesia|p1a: Slowbro
|-boost|p1a: Slowbro|spd|2
|-boost|p1a: Slowbro|spa|2
|
|turn|30
|choice|move 2|move 1
|
|move|p2a: Alakazam|Psychic|p1a: Slowbro
|-resisted|p1a: Slowbro
|-damage|p1a: Slowbro|216\/312 par
|move|p1a: Slowbro|Amnesia|p1a: Slowbro
|-boost|p1a: Slowbro|spd|2
|-boost|p1a: Slowbro|spa|2
|
|turn|31
|j|GreninjaDeAsh
|c| Centi★nela♥|maddre mia xD
|choice|move 4|move 2
|
|move|p1a: Slowbro|Surf|p2a: Alakazam
|-damage|p2a: Alakazam|91\/249 par
|move|p2a: Alakazam|Seismic Toss|p1a: Slowbro
|-damage|p1a: Slowbro|137\/312 par
|
|turn|32
|c| Luke u3u|ugh~
|c| Centi★nela♥|hasta ahi llego el show
|c| Centi★nela♥|u.u
|c|★andrew_andres2|no me contesta...
|c|★andrew_andres2|vaya por dios..
|c| Centi★nela♥|almenos que se paralice
|c|★andrew_andres2|has quedao...
|c| Centi★nela♥|2 veces
|c|★andrew_andres2|MEGA RETRATADO
|c|★andrew_andres2|eso si...
|choice|move 4|move 2
|
|move|p1a: Slowbro|Surf|p2a: Alakazam
|-damage|p2a: Alakazam|0 fnt
|faint|p2a: Alakazam
|
|win|HydreigonRoco
|player|p1
|player|p2
|l|Luke u3u
|l|Centi★nela♥
|l|GreninjaDeAsh
|l|Subject Platinum
|c|★andrew_andres2|pobre.. dice sber jguar y ni me contesta XDXD
|l|arlequin guillermo
|l|HydreigonRoco