|j|dazmi
|j|testrun.exe
|player|p1|dazmi|256
|player|p2|testrun.exe|1
|gametype|singles
|gen|1
|tier|[Gen 1] OU
|rated
|seed|
|rule|Sleep Clause Mod: Limit one foe put to sleep
|rule|Freeze Clause Mod: Limit one foe frozen
|rule|Species Clause: Limit one of each Pokémon
|rule|OHKO Clause: OHKO moves are banned
|rule|Evasion Moves Clause: Evasion moves are banned
|rule|HP Percentage Mod: HP is shown in percentages
|
|start
|switch|p1a: Starmie|Starmie|100\/100
|switch|p2a: Alakazam|Alakazam|100\/100
|turn|1
|choice||
|
|move|p2a: Alakazam|Thunder Wave|p1a: Starmie
|-status|p1a: Starmie|par
|move|p1a: Starmie|Blizzard|p2a: Alakazam
|-crit|p2a: Alakazam
|-damage|p2a: Alakazam|54\/100
|
|turn|2
|choice||
|
|switch|p2a: Snorlax|Snorlax|100\/100
|move|p1a: Starmie|Blizzard|p2a: Snorlax
|-crit|p2a: Snorlax
|-damage|p2a: Snorlax|52\/100
|
|turn|3
|choice||
|
|switch|p1a: Chansey|Chansey|100\/100
|move|p2a: Snorlax|Amnesia|p2a: Snorlax
|-boost|p2a: Snorlax|spd|2
|-boost|p2a: Snorlax|spa|2
|
|turn|4
|choice||
|
|move|p1a: Chansey|Thunder Wave|p2a: Snorlax
|-status|p2a: Snorlax|par
|move|p2a: Snorlax|Body Slam|p1a: Chansey
|-damage|p1a: Chansey|62\/100
|
|turn|5
|choice||
|
|move|p2a: Snorlax|Body Slam|p1a: Chansey
|-damage|p1a: Chansey|19\/100
|move|p1a: Chansey|Counter|p2a: Snorlax
|-damage|p2a: Snorlax|0 fnt
|faint|p2a: Snorlax
|choice||
|
|switch|p2a: Alakazam|Alakazam|54\/100
|turn|6
|choice||
|
|move|p2a: Alakazam|Psychic|p1a: Chansey
|-damage|p1a: Chansey|1\/100
|move|p1a: Chansey|Soft-Boiled|p1a: Chansey
|-heal|p1a: Chansey|51\/100
|
|turn|7
|choice||
|
|move|p2a: Alakazam|Thunder Wave|p1a: Chansey
|-status|p1a: Chansey|par
|move|p1a: Chansey|Thunder Wave|p2a: Alakazam
|-status|p2a: Alakazam|par
|
|turn|8
|choice||
|
|move|p2a: Alakazam|Psychic|p1a: Chansey
|-damage|p1a: Chansey|33\/100 par
|move|p1a: Chansey|Soft-Boiled|p1a: Chansey
|-heal|p1a: Chansey|83\/100 par
|
|turn|9
|choice||
|
|switch|p2a: Exeggutor|Exeggutor|100\/100
|switch|p1a: Snorlax|Snorlax|100\/100
|
|turn|10
|choice||
|
|move|p2a: Exeggutor|Sleep Powder|p1a: Snorlax
|-status|p1a: Snorlax|slp
|cant|p1a: Snorlax|slp
|
|turn|11
|choice||
|
|switch|p1a: Starmie|Starmie|100\/100 par
|move|p2a: Exeggutor|Leech Seed|p1a: Starmie
|-start|p1a: Starmie|move: Leech Seed
|
|turn|12
|choice||
|
|switch|p2a: Alakazam|Alakazam|54\/100 par
|switch|p1a: Exeggutor|Exeggutor|100\/100
|
|turn|13
|choice||
|
|switch|p1a: Starmie|Starmie|100\/100 par
|move|p2a: Alakazam|Thunder Wave|p1a: Starmie
|-fail|p1a: Starmie|par
|
|turn|14
|choice||
|
|switch|p2a: Chansey|Chansey|100\/100
|move|p1a: Starmie|Blizzard|p2a: Chansey|[miss]
|-miss|p1a: Starmie
|
|turn|15
|choice||
|
|switch|p1a: Snorlax|Snorlax|100\/100 slp
|move|p2a: Chansey|Thunderbolt|p1a: Snorlax
|-crit|p1a: Snorlax
|-damage|p1a: Snorlax|62\/100 slp
|
|turn|16
|choice||
|
|move|p2a: Chansey|Thunderbolt|p1a: Snorlax
|-damage|p1a: Snorlax|41\/100 slp
|cant|p1a: Snorlax|slp
|
|turn|17
|choice||
|
|move|p2a: Chansey|Thunderbolt|p1a: Snorlax
|-damage|p1a: Snorlax|23\/100 slp
|cant|p1a: Snorlax|slp
|
|turn|18
|choice||
|
|move|p2a: Chansey|Thunderbolt|p1a: Snorlax
|-damage|p1a: Snorlax|5\/100 slp
|cant|p1a: Snorlax|slp
|
|turn|19
|choice||
|
|move|p2a: Chansey|Thunderbolt|p1a: Snorlax
|-damage|p1a: Snorlax|0 fnt
|faint|p1a: Snorlax
|choice||
|
|switch|p1a: Exeggutor|Exeggutor|100\/100
|turn|20
|choice||
|
|move|p1a: Exeggutor|Sleep Powder|p2a: Chansey
|-status|p2a: Chansey|slp
|cant|p2a: Chansey|slp
|
|turn|21
|choice||
|
|move|p1a: Exeggutor|Psychic|p2a: Chansey
|-crit|p2a: Chansey
|-damage|p2a: Chansey|68\/100 slp
|cant|p2a: Chansey|slp
|
|turn|22
|choice||
|
|move|p1a: Exeggutor|Psychic|p2a: Chansey
|-damage|p2a: Chansey|51\/100 slp
|cant|p2a: Chansey|slp
|
|turn|23
|choice||
|
|move|p1a: Exeggutor|Psychic|p2a: Chansey
|-damage|p2a: Chansey|33\/100 slp
|cant|p2a: Chansey|slp
|
|turn|24
|choice||
|
|switch|p2a: Alakazam|Alakazam|54\/100 par
|move|p1a: Exeggutor|Psychic|p2a: Alakazam
|-resisted|p2a: Alakazam
|-damage|p2a: Alakazam|39\/100 par
|
|turn|25
|choice||
|
|switch|p1a: Tauros|Tauros|100\/100
|cant|p2a: Alakazam|par
|
|turn|26
|choice||
|
|switch|p2a: Slowbro|Slowbro|100\/100
|move|p1a: Tauros|Earthquake|p2a: Slowbro
|-damage|p2a: Slowbro|81\/100
|
|turn|27
|choice||
|
|move|p1a: Tauros|Body Slam|p2a: Slowbro
|-damage|p2a: Slowbro|58\/100
|move|p2a: Slowbro|Amnesia|p2a: Slowbro
|-boost|p2a: Slowbro|spd|2
|-boost|p2a: Slowbro|spa|2
|
|turn|28
|choice||
|
|move|p1a: Tauros|Body Slam|p2a: Slowbro
|-damage|p2a: Slowbro|36\/100
|-status|p2a: Slowbro|par
|move|p2a: Slowbro|Surf|p1a: Tauros
|-damage|p1a: Tauros|29\/100
|
|turn|29
|choice||
|
|move|p1a: Tauros|Hyper Beam|p2a: Slowbro
|-damage|p2a: Slowbro|0 fnt
|faint|p2a: Slowbro
|choice||
|
|switch|p2a: Jolteon|Jolteon|100\/100
|turn|30
|choice||
|
|move|p2a: Jolteon|Thunderbolt|p1a: Tauros
|-damage|p1a: Tauros|0 fnt
|faint|p1a: Tauros
|choice||
|
|switch|p1a: Chansey|Chansey|83\/100 par
|turn|31
|j|I Am Asleep
|choice||
|
|move|p2a: Jolteon|Double Kick|p1a: Chansey
|-supereffective|p1a: Chansey
|-damage|p1a: Chansey|68\/100 par
|-damage|p1a: Chansey|53\/100 par
|-hitcount|p1a: Chansey|2
|move|p1a: Chansey|Ice Beam|p2a: Jolteon
|-damage|p2a: Jolteon|80\/100
|
|turn|32
|choice||
|
|move|p2a: Jolteon|Double Kick|p1a: Chansey
|-supereffective|p1a: Chansey
|-damage|p1a: Chansey|39\/100 par
|-damage|p1a: Chansey|24\/100 par
|-hitcount|p1a: Chansey|2
|move|p1a: Chansey|Soft-Boiled|p1a: Chansey
|-heal|p1a: Chansey|74\/100 par
|
|turn|33
|choice||
|
|switch|p2a: Alakazam|Alakazam|39\/100 par
|cant|p1a: Chansey|par
|
|turn|34
|choice||
|
|move|p2a: Alakazam|Recover|p2a: Alakazam
|-heal|p2a: Alakazam|88\/100 par
|cant|p1a: Chansey|par
|
|turn|35
|choice||
|
|switch|p1a: Starmie|Starmie|100\/100 par
|move|p2a: Alakazam|Psychic|p1a: Starmie
|-resisted|p1a: Starmie
|-damage|p1a: Starmie|79\/100 par
|
|turn|36
|choice||
|
|cant|p2a: Alakazam|par
|move|p1a: Starmie|Blizzard|p2a: Alakazam
|-crit|p2a: Alakazam
|-damage|p2a: Alakazam|41\/100 par
|
|turn|37
|choice||
|
|cant|p2a: Alakazam|par
|move|p1a: Starmie|Blizzard|p2a: Alakazam
|-damage|p2a: Alakazam|15\/100 par
|
|turn|38
|choice||
|
|move|p2a: Alakazam|Recover|p2a: Alakazam
|-heal|p2a: Alakazam|65\/100 par
|move|p1a: Starmie|Thunderbolt|p2a: Alakazam
|-damage|p2a: Alakazam|47\/100 par
|
|turn|39
|choice||
|
|move|p2a: Alakazam|Recover|p2a: Alakazam
|-heal|p2a: Alakazam|96\/100 par
|move|p1a: Starmie|Blizzard|p2a: Alakazam
|-crit|p2a: Alakazam
|-damage|p2a: Alakazam|47\/100 par
|
|turn|40
|choice||
|
|move|p2a: Alakazam|Recover|p2a: Alakazam
|-heal|p2a: Alakazam|97\/100 par
|move|p1a: Starmie|Blizzard|p2a: Alakazam
|-crit|p2a: Alakazam
|-damage|p2a: Alakazam|51\/100 par
|
|turn|41
|choice||
|
|move|p2a: Alakazam|Recover|p2a: Alakazam
|-heal|p2a: Alakazam|100\/100 par
|move|p1a: Starmie|Thunderbolt|p2a: Alakazam
|-damage|p2a: Alakazam|79\/100 par
|
|turn|42
|choice||
|
|move|p2a: Alakazam|Psychic|p1a: Starmie
|-resisted|p1a: Starmie
|-damage|p1a: Starmie|58\/100 par
|move|p1a: Starmie|Thunderbolt|p2a: Alakazam
|-damage|p2a: Alakazam|60\/100 par
|
|turn|43
|choice||
|
|move|p2a: Alakazam|Psychic|p1a: Starmie
|-resisted|p1a: Starmie
|-damage|p1a: Starmie|39\/100 par
|move|p1a: Starmie|Recover|p1a: Starmie
|-heal|p1a: Starmie|89\/100 par
|
|turn|44
|choice||
|
|move|p2a: Alakazam|Recover|p2a: Alakazam
|-heal|p2a: Alakazam|100\/100 par
|move|p1a: Starmie|Thunderbolt|p2a: Alakazam
|-damage|p2a: Alakazam|80\/100 par
|
|turn|45
|choice||
|
|move|p2a: Alakazam|Psychic|p1a: Starmie
|-resisted|p1a: Starmie
|-damage|p1a: Starmie|68\/100 par
|move|p1a: Starmie|Thunderbolt|p2a: Alakazam
|-crit|p2a: Alakazam
|-damage|p2a: Alakazam|42\/100 par
|
|turn|46
|choice||
|
|switch|p2a: Exeggutor|Exeggutor|100\/100
|move|p1a: Starmie|Thunderbolt|p2a: Exeggutor
|-resisted|p2a: Exeggutor
|-damage|p2a: Exeggutor|92\/100
|
|turn|47
|choice||
|
|switch|p2a: Chansey|Chansey|33\/100 slp
|move|p1a: Starmie|Blizzard|p2a: Chansey|[miss]
|-miss|p1a: Starmie
|
|turn|48
|choice||
|
|switch|p1a: Zapdos|Zapdos|100\/100
|cant|p2a: Chansey|slp
|
|turn|49
|choice||
|
|move|p1a: Zapdos|Agility|p1a: Zapdos
|-boost|p1a: Zapdos|spe|2
|-curestatus|p2a: Chansey|slp
|
|turn|50
|choice||
|
|move|p1a: Zapdos|Drill Peck|p2a: Chansey
|-damage|p2a: Chansey|0 fnt
|faint|p2a: Chansey
|choice||
|
|switch|p2a: Jolteon|Jolteon|80\/100
|turn|51
|choice||
|
|move|p1a: Zapdos|Light Screen|p1a: Zapdos
|-start|p1a: Zapdos|Light Screen
|move|p2a: Jolteon|Thunderbolt|p1a: Zapdos
|-damage|p1a: Zapdos|86\/100
|
|turn|52
|choice||
|
|move|p1a: Zapdos|Drill Peck|p2a: Jolteon
|-resisted|p2a: Jolteon
|-damage|p2a: Jolteon|61\/100
|move|p2a: Jolteon|Thunderbolt|p1a: Zapdos
|-damage|p1a: Zapdos|73\/100
|
|turn|53
|choice||
|
|move|p1a: Zapdos|Thunder|p2a: Jolteon
|-resisted|p2a: Jolteon
|-damage|p2a: Jolteon|38\/100
|move|p2a: Jolteon|Thunderbolt|p1a: Zapdos
|-damage|p1a: Zapdos|60\/100
|
|turn|54
|choice||
|
|switch|p1a: Chansey|Chansey|74\/100 par
|move|p2a: Jolteon|Thunderbolt|p1a: Chansey
|-damage|p1a: Chansey|59\/100 par
|
|turn|55
|l|I Am Asleep
|choice||
|
|move|p2a: Jolteon|Double Kick|p1a: Chansey
|-supereffective|p1a: Chansey
|-damage|p1a: Chansey|46\/100 par
|-damage|p1a: Chansey|32\/100 par
|-hitcount|p1a: Chansey|2
|cant|p1a: Chansey|par
|
|turn|56
|choice||
|
|move|p2a: Jolteon|Double Kick|p1a: Chansey
|-crit|p1a: Chansey
|-supereffective|p1a: Chansey
|-damage|p1a: Chansey|4\/100 par
|-damage|p1a: Chansey|0 fnt
|-hitcount|p1a: Chansey|2
|faint|p1a: Chansey
|choice||
|
|switch|p1a: Exeggutor|Exeggutor|100\/100
|turn|57
|choice||
|
|move|p2a: Jolteon|Pin Missile|p1a: Exeggutor
|-crit|p1a: Exeggutor
|-supereffective|p1a: Exeggutor
|-damage|p1a: Exeggutor|79\/100
|-damage|p1a: Exeggutor|58\/100
|-damage|p1a: Exeggutor|37\/100
|-damage|p1a: Exeggutor|16\/100
|-hitcount|p1a: Exeggutor|4
|move|p1a: Exeggutor|Psychic|p2a: Jolteon
|-damage|p2a: Jolteon|2\/100
|-unboost|p2a: Jolteon|spd|1
|-unboost|p2a: Jolteon|spa|1
|
|turn|58
|choice||
|
|move|p2a: Jolteon|Pin Missile|p1a: Exeggutor|[miss]
|-miss|p2a: Jolteon
|move|p1a: Exeggutor|Psychic|p2a: Jolteon
|-damage|p2a: Jolteon|0 fnt
|faint|p2a: Jolteon
|choice||
|
|switch|p2a: Alakazam|Alakazam|42\/100 par
|turn|59
|choice||
|
|move|p1a: Exeggutor|Explosion|p2a: Alakazam
|-damage|p2a: Alakazam|0 fnt
|faint|p2a: Alakazam
|faint|p1a: Exeggutor
|choice||
|
|switch|p1a: Zapdos|Zapdos|60\/100
|switch|p2a: Exeggutor|Exeggutor|92\/100
|turn|60
|choice||
|
|move|p1a: Zapdos|Drill Peck|p2a: Exeggutor
|-supereffective|p2a: Exeggutor
|-damage|p2a: Exeggutor|41\/100
|move|p2a: Exeggutor|Sleep Powder|p1a: Zapdos
|-status|p1a: Zapdos|slp
|
|turn|61
|choice||
|
|-curestatus|p1a: Zapdos|slp
|move|p2a: Exeggutor|Leech Seed|p1a: Zapdos
|-start|p1a: Zapdos|move: Leech Seed
|
|turn|62
|choice||
|
|move|p1a: Zapdos|Drill Peck|p2a: Exeggutor
|-supereffective|p2a: Exeggutor
|-damage|p2a: Exeggutor|0 fnt
|faint|p2a: Exeggutor
|
|win|dazmi
|player|p1
|player|p2
|c|★testrun.exe|gg
|raw|dazmi's rating: 1255 &rarr; <strong>1276<\/strong><br \/>(+21 for winning)
|raw|testrun.exe's rating: 1202 &rarr; <strong>1180<\/strong><br \/>(-22 for losing)