|j|Enigami
|j|kuronekoMia
|player|p1|Enigami|266
|player|p2|kuronekoMia|157
|gametype|singles
|gen|1
|tier|[Gen 1] OU
|seed|44772,54728,12296,28224
|rule|Sleep Clause Mod: Limit one foe put to sleep
|rule|Freeze Clause Mod: Limit one foe frozen
|rule|Species Clause: Limit one of each Pokémon
|rule|OHKO Clause: OHKO moves are banned
|rule|Evasion Moves Clause: Evasion moves are banned
|rule|HP Percentage Mod: HP is shown in percentages
|
|start
|switch|p1a: Starmie|Starmie|323\/323
|switch|p2a: Nicola|Alakazam|313\/313
|turn|1
|j|TIBot
|j|Whoremaster
|j|Ch01W0n5h1n
|c|★kuronekoMia|glhf!
|j|the rogue
|c|★Enigami|u2
|choice|switch 3|move 2
|
|switch|p1a: Chansey|Chansey|703\/703
|move|p2a: Nicola|Thunder Wave|p1a: Chansey
|-status|p1a: Chansey|par
|
|turn|2
|choice|move 3|switch 6
|
|switch|p2a: vaporwave|Nidoking|365\/365
|move|p1a: Chansey|Thunder Wave|p2a: vaporwave
|-immune|p2a: vaporwave|[msg]
|
|turn|3
|c|★Enigami|Huh, a nidoking?
|j|Peasounay
|choice|switch 6|move 3
|
|switch|p1a: Exeggutor|Exeggutor|393\/393
|move|p2a: vaporwave|Earthquake|p1a: Exeggutor
|-resisted|p1a: Exeggutor
|-damage|p1a: Exeggutor|334\/393
|
|turn|4
|c|★Enigami|Interesting
|choice|move 1|switch 2
|
|switch|p2a: Chiara|Chansey|703\/703
|move|p1a: Exeggutor|Sleep Powder|p2a: Chiara|[miss]
|-miss|p1a: Exeggutor
|
|turn|5
|choice|move 1|move 1
|
|move|p1a: Exeggutor|Sleep Powder|p2a: Chiara
|-status|p2a: Chiara|slp
|-curestatus|p2a: Chiara|slp
|
|turn|6
|choice|move 1|move 1
|
|move|p1a: Exeggutor|Sleep Powder|p2a: Chiara
|-status|p2a: Chiara|slp
|cant|p2a: Chiara|slp
|
|turn|7
|c|★Enigami|Stay asleep pls. :)
|choice|move 3|switch 5
|
|switch|p2a: Beyond|Starmie|323\/323
|move|p1a: Exeggutor|Psychic|p2a: Beyond
|-resisted|p2a: Beyond
|-damage|p2a: Beyond|264\/323
|-unboost|p2a: Beyond|spd|1
|-unboost|p2a: Beyond|spa|1
|
|turn|8
|j|LibertarianMaster
|choice|move 4|move 1
|
|move|p2a: Beyond|Ice Beam|p1a: Exeggutor
|-crit|p1a: Exeggutor
|-supereffective|p1a: Exeggutor
|-damage|p1a: Exeggutor|98\/393
|move|p1a: Exeggutor|Explosion|p2a: Beyond
|-damage|p2a: Beyond|0 fnt
|faint|p2a: Beyond
|faint|p1a: Exeggutor
|c| Ch01W0n5h1n|it has its niche, only mixed ground attacker
|l|the rogue
|c| Peasounay|it sucks
|j|rayval
|c| Ch01W0n5h1n|well beside queen
|choice|switch 4|switch 5
|
|switch|p2a: Chiara|Chansey|703\/703 slp
|switch|p1a: Snorlax|Snorlax|523\/523
|turn|9
|choice|move 1|switch 3
|
|switch|p2a: Sofia|Gengar|323\/323
|move|p1a: Snorlax|Body Slam|p2a: Sofia
|-immune|p2a: Sofia|[msg]
|
|turn|10
|choice|switch 3|move 2
|
|switch|p1a: Starmie|Starmie|323\/323
|move|p2a: Sofia|Confuse Ray|p1a: Starmie
|-start|p1a: Starmie|confusion
|
|turn|11
|c| Whoremaster|are the name of your pokemon the names of girls you've fucked?
|choice|move 3|move 3
|
|-activate|p1a: Starmie|confusion
|move|p1a: Starmie|Thunder Wave|p2a: Sofia
|-status|p2a: Sofia|par
|move|p2a: Sofia|Hypnosis|p1a: Starmie|[miss]
|-miss|p2a: Sofia
|
|turn|12
|c| Peasounay|he too is a whoremaster
|c| Whoremaster|coz vaporwave is an interesting one
|c|★kuronekoMia|you guys are funny. lol
|c|★kuronekoMia|Just some friends
|choice|switch 6|switch 3
|
|switch|p1a: Chansey|Chansey|703\/703 par
|switch|p2a: Chiara|Chansey|703\/703 slp
|
|turn|13
|c| Peasounay|don't show sofia what you named her after
|c| Peasounay|except if she's a creepy stalker obv
|c|★kuronekoMia|I named my Gengar Sofia just because it's her favourite Pokémon. What's the problem?
|c| Peasounay|lmao chill
|c|★kuronekoMia|About Chiara, it's a girl who I hate so much
|c| Whoremaster|nicola must be one skinny bitch
|c|★kuronekoMia|Nicola is a guy rotfl
|choice|switch 5|move 4
|
|switch|p1a: Tauros|Tauros|353\/353
|cant|p2a: Chiara|slp
|
|turn|14
|j|LordofHookers
|choice|move 1|move 3
|
|move|p1a: Tauros|Body Slam|p2a: Chiara
|-damage|p2a: Chiara|408\/703 slp
|cant|p2a: Chiara|slp
|
|turn|15
|choice|move 2|switch 4
|
|switch|p2a: Buff|Tauros|353\/353
|move|p1a: Tauros|Earthquake|p2a: Buff
|-crit|p2a: Buff
|-damage|p2a: Buff|193\/353
|
|turn|16
|choice|move 1|move 1
|
|move|p1a: Tauros|Body Slam|p2a: Buff
|-damage|p2a: Buff|92\/353
|move|p2a: Buff|Body Slam|p1a: Tauros
|-crit|p1a: Tauros
|-damage|p1a: Tauros|163\/353
|
|turn|17
|choice|switch 6|switch 3
|
|switch|p1a: Starmie|Starmie|323\/323
|switch|p2a: Sofia|Gengar|323\/323 par
|
|turn|18
|c| LordofHookers|aw shit i cant wait for the new RBY virtual games
|choice|switch 5|switch 4
|
|switch|p1a: Chansey|Chansey|703\/703 par
|switch|p2a: Chiara|Chansey|408\/703 slp
|
|turn|19
|c| Peasounay|on 3ds ?
|c| LordofHookers|wireless link battles are going to be sick
|c| Peasounay|imma buy one just for that
|choice|switch 6|move 2
|
|switch|p1a: Tauros|Tauros|163\/353
|cant|p2a: Chiara|slp
|
|turn|20
|c| LordofHookers|yea
|c| Peasounay|is it pure gen 1 with the mechanics and stuff ?
|c| LordofHookers|absolutely
|c|★Enigami|Should be.
|c| Peasounay|jeez
|c| Ch01W0n5h1n|its just locally though i guess
|c| Peasounay|hope 3ds isn't to expensive
|c| LordofHookers|its pretty cheap for like a normal
|c| LordofHookers|version
|c| Whoremaster|i dont think it'll kick off
|c|★kuronekoMia|I really don't know how I'm going to build a competitive team into those games. I don't know how to evs or get every item lol
|choice|move 1|move 3
|
|move|p1a: Tauros|Body Slam|p2a: Chiara
|-damage|p2a: Chiara|145\/703 slp
|-curestatus|p2a: Chiara|slp
|
|turn|21
|c| LordofHookers|yea i didnt think that through either
|c| Whoremaster|aye hf catching tauros lol
|c| Peasounay|it's impossible to play rby normally after having played competitive
|c| Whoremaster|true lol its so boring
|c| Peasounay|"zard, yikes"
|c| LordofHookers|ah actually good luck catching chansey tho
|choice|move 2|switch 6
|
|switch|p2a: Nicola|Alakazam|313\/313
|move|p1a: Tauros|Earthquake|p2a: Nicola
|-damage|p2a: Nicola|196\/313
|
|turn|22
|c| Whoremaster|i got an egg and that dude just steamrolled so many trainers
|c|★kuronekoMia|I'm probably gonna get every version for trading moves and items. hopefully I own more than one 3DS so it won't be a problem. but, huh.. how boring
|c| LordofHookers|im hoping i could still do some missingno shit again
|c| Whoremaster|aye all that work for a team and your friends battle with level 29 charizards and 5 ratattas vs your decked out gen 1 ou team
|c| Whoremaster|will be worth the 30000 hours
|choice|switch 6|move 1
|
|switch|p1a: Chansey|Chansey|703\/703 par
|move|p2a: Nicola|Psychic|p1a: Chansey
|-damage|p1a: Chansey|580\/703 par
|
|turn|23
|c| LordofHookers|yeah def
|c| Peasounay|honestly
|c| LordofHookers|missingno can be used in link battle?
|c| Peasounay|i'm not ev-ing my self
|c| Peasounay|action replay obv
|c| LordofHookers|right?
|c| Peasounay|if it exists
|choice|move 1|switch 4
|
|switch|p2a: Sofia|Gengar|323\/323 par
|move|p1a: Chansey|Ice Beam|p2a: Sofia
|-damage|p2a: Sofia|261\/323 par
|
|turn|24
|choice|switch 5|move 2
|
|switch|p1a: Starmie|Starmie|323\/323
|move|p2a: Sofia|Confuse Ray|p1a: Starmie
|-start|p1a: Starmie|confusion
|
|turn|25
|choice|switch 5|switch 4
|
|switch|p1a: Chansey|Chansey|580\/703 par
|switch|p2a: Nicola|Alakazam|196\/313
|
|turn|26
|choice|move 1|switch 2
|
|switch|p2a: vaporwave|Nidoking|365\/365
|move|p1a: Chansey|Ice Beam|p2a: vaporwave
|-supereffective|p2a: vaporwave
|-damage|p2a: vaporwave|183\/365
|
|turn|27
|choice|switch 5|move 3
|
|switch|p1a: Starmie|Starmie|323\/323
|move|p2a: vaporwave|Earthquake|p1a: Starmie
|-damage|p1a: Starmie|207\/323
|
|turn|28
|c| LordofHookers|someone should start an gen 1 OU draft tho
|c| LordofHookers|that'd be fun
|c| Whoremaster|wot dat
|choice|move 3|switch 6
|
|switch|p2a: Chiara|Chansey|145\/703
|move|p1a: Starmie|Thunder Wave|p2a: Chiara
|-status|p2a: Chiara|par
|
|turn|29
|choice|switch 2|move 2
|
|switch|p1a: Nidoqueen|Nidoqueen|383\/383
|cant|p2a: Chiara|par
|
|turn|30
|c|★kuronekoMia|omg
|c|★Enigami|:)
|c|★kuronekoMia|i love you
|j|Nails
|c| LordofHookers|who me
|c| LordofHookers|why thank you
|choice|move 1|move 2
|
|move|p1a: Nidoqueen|Earthquake|p2a: Chiara
|-damage|p2a: Chiara|0 fnt
|faint|p2a: Chiara
|c| LordofHookers|but im taken
|choice||switch 2
|
|switch|p2a: Nicola|Alakazam|196\/313
|turn|31
|choice|switch 5|move 3
|
|switch|p1a: Chansey|Chansey|580\/703 par
|move|p2a: Nicola|Reflect|p2a: Nicola
|-start|p2a: Nicola|Reflect
|
|turn|32
|choice|move 1|move 1
|
|move|p2a: Nicola|Psychic|p1a: Chansey
|-crit|p1a: Chansey
|-damage|p1a: Chansey|313\/703 par
|move|p1a: Chansey|Ice Beam|p2a: Nicola
|-damage|p2a: Nicola|128\/313
|
|turn|33
|choice|move 4|move 4
|
|move|p2a: Nicola|Recover|p2a: Nicola
|-heal|p2a: Nicola|284\/313
|move|p1a: Chansey|Soft-Boiled|p1a: Chansey
|-heal|p1a: Chansey|664\/703 par
|
|turn|34
|choice|move 1|switch 4
|
|switch|p2a: Sofia|Gengar|261\/323 par
|cant|p1a: Chansey|par
|
|turn|35
|choice|switch 5|move 3
|
|switch|p1a: Nidoqueen|Nidoqueen|383\/383
|move|p2a: Sofia|Hypnosis|p1a: Nidoqueen
|-status|p1a: Nidoqueen|slp
|
|turn|36
|l|LordofHookers
|c| Whoremaster|omg how cute
|choice|switch 5|move 2
|
|switch|p1a: Chansey|Chansey|664\/703 par
|move|p2a: Sofia|Confuse Ray|p1a: Chansey
|-start|p1a: Chansey|confusion
|
|turn|37
|c| Whoremaster|king and queen can live in harmony
|choice|switch 2|move 1
|
|switch|p1a: Starmie|Starmie|207\/323
|move|p2a: Sofia|Night Shade|p1a: Starmie
|-damage|p1a: Starmie|107\/323
|
|turn|38
|choice|move 4|switch 4
|
|switch|p2a: Nicola|Alakazam|284\/313
|move|p1a: Starmie|Recover|p1a: Starmie
|-heal|p1a: Starmie|268\/323
|
|turn|39
|choice|switch 2|move 1
|
|switch|p1a: Chansey|Chansey|664\/703 par
|move|p2a: Nicola|Psychic|p1a: Chansey
|-damage|p1a: Chansey|547\/703 par
|
|turn|40
|choice|move 1|switch 4
|
|switch|p2a: Sofia|Gengar|261\/323 par
|move|p1a: Chansey|Ice Beam|p2a: Sofia
|-damage|p2a: Sofia|195\/323 par
|
|turn|41
|choice|move 1|move 1
|
|move|p2a: Sofia|Night Shade|p1a: Chansey
|-damage|p1a: Chansey|447\/703 par
|move|p1a: Chansey|Ice Beam|p2a: Sofia
|-damage|p2a: Sofia|130\/323 par
|
|turn|42
|choice|move 1|move 2
|
|move|p2a: Sofia|Confuse Ray|p1a: Chansey
|-start|p1a: Chansey|confusion
|-activate|p1a: Chansey|confusion
|move|p1a: Chansey|Ice Beam|p2a: Sofia
|-damage|p2a: Sofia|67\/323 par
|
|turn|43
|choice|switch 3|move 4
|
|switch|p1a: Snorlax|Snorlax|523\/523
|cant|p2a: Sofia|par
|
|turn|44
|j|Bert C
|choice|move 2|switch 4
|
|switch|p2a: Nicola|Alakazam|284\/313
|move|p1a: Snorlax|Earthquake|p2a: Nicola
|-damage|p2a: Nicola|149\/313
|
|turn|45
|choice|move 1|move 4
|
|move|p2a: Nicola|Recover|p2a: Nicola
|-heal|p2a: Nicola|305\/313
|move|p1a: Snorlax|Body Slam|p2a: Nicola
|-damage|p2a: Nicola|131\/313
|
|turn|46
|choice|move 1|move 3
|
|move|p2a: Nicola|Reflect|p2a: Nicola
|-start|p2a: Nicola|Reflect
|move|p1a: Snorlax|Body Slam|p2a: Nicola
|-damage|p2a: Nicola|50\/313
|-status|p2a: Nicola|par
|
|turn|47
|c|★Enigami|rip
|choice|move 1|move 1
|
|move|p1a: Snorlax|Body Slam|p2a: Nicola
|-damage|p2a: Nicola|0 fnt
|faint|p2a: Nicola
|c|★kuronekoMia|lol i couldn't do nothing
|choice||switch 3
|
|switch|p2a: Buff|Tauros|92\/353
|turn|48
|l|Bert C
|choice|move 1|move 4
|
|move|p2a: Buff|Blizzard|p1a: Snorlax
|-damage|p1a: Snorlax|430\/523
|move|p1a: Snorlax|Body Slam|p2a: Buff
|-damage|p2a: Buff|0 fnt
|faint|p2a: Buff
|c| Whoremaster|pls let it come down to husband vs wife
|c|★Enigami|Wife is sleeping.
|c|★kuronekoMia|husband will win you know
|choice||switch 6
|
|switch|p2a: vaporwave|Nidoking|183\/365
|turn|49
|c| Whoremaster|typical wife, sleeps all the time and watches oprah all day
|c|★kuronekoMia|and i'm so slow, sorry lol
|c|★Enigami|np
|c|★kuronekoMia|honestly i don't like so much tv
|choice|move 2|move 1
|
|move|p2a: vaporwave|Blizzard|p1a: Snorlax
|-damage|p1a: Snorlax|331\/523
|-status|p1a: Snorlax|frz
|cant|p1a: Snorlax|frz
|
|turn|50
|c|★Enigami|Ahh!
|c| Whoremaster|he gets the best freezes aye
|c| Whoremaster|froze my chansey with a starmie :'('''''''''
|choice|switch 6|move 3
|
|switch|p1a: Tauros|Tauros|163\/353
|move|p2a: vaporwave|Earthquake|p1a: Tauros
|-damage|p1a: Tauros|56\/353
|
|turn|51
|c|★Enigami|He kinda needs it tho, I've got this in the bag
|choice|move 3|move 3
|
|move|p1a: Tauros|Hyper Beam|p2a: vaporwave
|-damage|p2a: vaporwave|0 fnt
|faint|p2a: vaporwave
|c|★kuronekoMia|:(
|choice||switch 4
|
|switch|p2a: Sofia|Gengar|67\/323 par
|turn|52
|c|★Enigami|gg
|c|★kuronekoMia|gg!
|choice|move 2|move 4
|
|move|p1a: Tauros|Earthquake|p2a: Sofia
|-supereffective|p2a: Sofia
|-damage|p2a: Sofia|0 fnt
|faint|p2a: Sofia
|
|win|Enigami
|c|★Enigami|Fun nido marital dispute.
|player|p1
|player|p2
|l|TIBot
|l|Peasounay
|c|★kuronekoMia|it was really fun! I hope we'll play again
|l|kuronekoMia