|j|MALESANI
|j|Steak McQueen
|player|p1|MALESANI|238
|player|p2|Steak McQueen|162
|gametype|singles
|gen|1
|tier|[Gen 1] Random Battle
|rated
|seed|
|rule|Sleep Clause Mod: Limit one foe put to sleep
|rule|Freeze Clause Mod: Limit one foe frozen
|rule|HP Percentage Mod: HP is shown in percentages
|
|start
|switch|p1a: Hitmonlee|Hitmonlee, L90|100\/100
|switch|p2a: Ivysaur|Ivysaur, L85|100\/100
|turn|1
|choice||
|
|move|p1a: Hitmonlee|Body Slam|p2a: Ivysaur
|-damage|p2a: Ivysaur|64\/100
|move|p2a: Ivysaur|Swords Dance|p2a: Ivysaur
|-boost|p2a: Ivysaur|atk|2
|
|turn|2
|choice||
|
|move|p1a: Hitmonlee|Body Slam|p2a: Ivysaur
|-damage|p2a: Ivysaur|27\/100
|-status|p2a: Ivysaur|par
|cant|p2a: Ivysaur|par
|
|turn|3
|choice||
|
|move|p1a: Hitmonlee|Seismic Toss|p2a: Ivysaur
|-damage|p2a: Ivysaur|0 fnt
|faint|p2a: Ivysaur
|choice||
|
|switch|p2a: Venomoth|Venomoth, L85|100\/100
|turn|4
|choice||
|
|move|p1a: Hitmonlee|Body Slam|p2a: Venomoth
|-crit|p2a: Venomoth
|-damage|p2a: Venomoth|36\/100
|move|p2a: Venomoth|Psychic|p1a: Hitmonlee
|-supereffective|p1a: Hitmonlee
|-damage|p1a: Hitmonlee|25\/100
|
|turn|5
|choice||
|
|move|p1a: Hitmonlee|Body Slam|p2a: Venomoth
|-damage|p2a: Venomoth|1\/100
|move|p2a: Venomoth|Psychic|p1a: Hitmonlee
|-supereffective|p1a: Hitmonlee
|-damage|p1a: Hitmonlee|0 fnt
|faint|p1a: Hitmonlee
|choice||
|
|switch|p1a: Charizard|Charizard, L85|100\/100
|turn|6
|choice||
|
|switch|p2a: Omastar|Omastar, L90|100\/100
|move|p1a: Charizard|Earthquake|p2a: Omastar
|-supereffective|p2a: Omastar
|-damage|p2a: Omastar|68\/100
|
|turn|7
|choice||
|
|switch|p1a: Poliwhirl|Poliwhirl, L85|100\/100
|move|p2a: Omastar|Surf|p1a: Poliwhirl
|-crit|p1a: Poliwhirl
|-resisted|p1a: Poliwhirl
|-damage|p1a: Poliwhirl|45\/100
|
|turn|8
|choice||
|
|switch|p2a: Tauros|Tauros, L79|100\/100
|move|p1a: Poliwhirl|Hypnosis|p2a: Tauros
|-status|p2a: Tauros|slp
|
|turn|9
|choice||
|
|switch|p2a: Scyther|Scyther, L90|100\/100
|move|p1a: Poliwhirl|Amnesia|p1a: Poliwhirl
|-boost|p1a: Poliwhirl|spd|2
|-boost|p1a: Poliwhirl|spa|2
|
|turn|10
|choice||
|
|move|p2a: Scyther|Hyper Beam|p1a: Poliwhirl
|-crit|p1a: Poliwhirl
|-damage|p1a: Poliwhirl|0 fnt
|faint|p1a: Poliwhirl
|choice||
|
|switch|p1a: Charizard|Charizard, L85|100\/100
|turn|11
|choice||
|
|switch|p2a: Flareon|Flareon, L90|100\/100
|move|p1a: Charizard|Fire Blast|p2a: Flareon
|-crit|p2a: Flareon
|-resisted|p2a: Flareon
|-damage|p2a: Flareon|69\/100
|
|turn|12
|choice||
|
|move|p1a: Charizard|Earthquake|p2a: Flareon
|-supereffective|p2a: Flareon
|-damage|p2a: Flareon|19\/100
|move|p2a: Flareon|Body Slam|p1a: Charizard
|-damage|p1a: Charizard|69\/100
|
|turn|13
|choice||
|
|move|p1a: Charizard|Body Slam|p2a: Flareon
|-damage|p2a: Flareon|0 fnt
|faint|p2a: Flareon
|choice||
|
|switch|p2a: Omastar|Omastar, L90|68\/100
|turn|14
|choice||
|
|switch|p1a: Pinsir|Pinsir, L85|100\/100
|move|p2a: Omastar|Surf|p1a: Pinsir
|-damage|p1a: Pinsir|46\/100
|
|turn|15
|choice||
|
|move|p1a: Pinsir|Submission|p2a: Omastar|[miss]
|-miss|p1a: Pinsir
|move|p2a: Omastar|Surf|p1a: Pinsir
|-damage|p1a: Pinsir|0 fnt
|faint|p1a: Pinsir
|choice||
|
|switch|p1a: Nidoking|Nidoking, L85|100\/100
|turn|16
|choice||
|
|move|p1a: Nidoking|Earthquake|p2a: Omastar
|-supereffective|p2a: Omastar
|-damage|p2a: Omastar|17\/100
|move|p2a: Omastar|Surf|p1a: Nidoking
|-supereffective|p1a: Nidoking
|-damage|p1a: Nidoking|15\/100
|
|turn|17
|choice||
|
|switch|p2a: Scyther|Scyther, L90|100\/100
|move|p1a: Nidoking|Body Slam|p2a: Scyther
|-damage|p2a: Scyther|82\/100
|
|turn|18
|choice||
|
|move|p2a: Scyther|Slash|p1a: Nidoking
|-crit|p1a: Nidoking
|-damage|p1a: Nidoking|0 fnt
|faint|p1a: Nidoking
|choice||
|
|switch|p1a: Snorlax|Snorlax, L79|100\/100
|turn|19
|choice||
|
|move|p2a: Scyther|Swords Dance|p2a: Scyther
|-boost|p2a: Scyther|atk|2
|move|p1a: Snorlax|Ice Beam|p2a: Scyther
|-supereffective|p2a: Scyther
|-damage|p2a: Scyther|46\/100
|
|turn|20
|choice||
|
|move|p2a: Scyther|Slash|p1a: Snorlax
|-crit|p1a: Snorlax
|-damage|p1a: Snorlax|64\/100
|move|p1a: Snorlax|Self-Destruct|p2a: Scyther
|-damage|p2a: Scyther|0 fnt
|faint|p2a: Scyther
|faint|p1a: Snorlax
|choice||
|
|switch|p1a: Charizard|Charizard, L85|69\/100
|switch|p2a: Tauros|Tauros, L79|100\/100 slp
|turn|21
|choice||
|
|move|p1a: Charizard|Fire Blast|p2a: Tauros
|-damage|p2a: Tauros|50\/100 slp
|cant|p2a: Tauros|slp
|
|turn|22
|choice||
|
|move|p1a: Charizard|Swords Dance|p1a: Charizard
|-boost|p1a: Charizard|atk|2
|cant|p2a: Tauros|slp
|
|turn|23
|choice||
|
|move|p1a: Charizard|Body Slam|p2a: Tauros
|-damage|p2a: Tauros|13\/100 slp
|cant|p2a: Tauros|slp
|
|turn|24
|choice||
|
|move|p1a: Charizard|Body Slam|p2a: Tauros
|-damage|p2a: Tauros|0 fnt
|faint|p2a: Tauros
|choice||
|
|switch|p2a: Omastar|Omastar, L90|17\/100
|turn|25
|choice||
|
|move|p1a: Charizard|Earthquake|p2a: Omastar
|-supereffective|p2a: Omastar
|-damage|p2a: Omastar|0 fnt
|faint|p2a: Omastar
|choice||
|
|switch|p2a: Venomoth|Venomoth, L85|1\/100
|turn|26
|choice||
|
|move|p1a: Charizard|Body Slam|p2a: Venomoth
|-damage|p2a: Venomoth|0 fnt
|faint|p2a: Venomoth
|
|win|MALESANI
|player|p1
|player|p2
|raw|MALESANI's rating: 1459 &rarr; <strong>1474<\/strong><br \/>(+15 for winning)
|raw|Steak McQueen's rating: 1373 &rarr; <strong>1357<\/strong><br \/>(-16 for losing)