|j|arafalo2
|j|Agarest
|player|p1|arafalo2|169
|player|p2|Agarest|209
|gametype|singles
|gen|1
|tier|[Gen 1] OU
|rated
|seed|
|rule|Sleep Clause Mod: Limit one foe put to sleep
|rule|Freeze Clause Mod: Limit one foe frozen
|rule|Species Clause: Limit one of each Pokémon
|rule|OHKO Clause: OHKO moves are banned
|rule|Evasion Moves Clause: Evasion moves are banned
|rule|HP Percentage Mod: HP is shown in percentages
|
|start
|switch|p1a: Jynx|Jynx|100\/100
|switch|p2a: Jynx|Jynx|100\/100
|turn|1
|choice||
|
|move|p1a: Jynx|Lovely Kiss|p2a: Jynx|[miss]
|-miss|p1a: Jynx
|move|p2a: Jynx|Lovely Kiss|p1a: Jynx
|-status|p1a: Jynx|slp
|
|turn|2
|choice||
|
|move|p2a: Jynx|Psychic|p1a: Jynx
|-resisted|p1a: Jynx
|-damage|p1a: Jynx|85\/100 slp
|cant|p1a: Jynx|slp
|
|turn|3
|choice||
|
|switch|p2a: Tauros|Tauros|100\/100
|cant|p1a: Jynx|slp
|
|turn|4
|choice||
|
|switch|p1a: Exeggutor|Exeggutor|100\/100
|move|p2a: Tauros|Body Slam|p1a: Exeggutor
|-damage|p1a: Exeggutor|75\/100
|-status|p1a: Exeggutor|par
|
|turn|5
|choice||
|
|switch|p2a: Jynx|Jynx|100\/100
|move|p1a: Exeggutor|Sleep Powder|p2a: Jynx
|-status|p2a: Jynx|slp
|
|turn|6
|choice||
|
|switch|p1a: Tauros|Tauros|100\/100
|cant|p2a: Jynx|slp
|
|turn|7
|choice||
|
|switch|p2a: Snorlax|Snorlax|100\/100
|move|p1a: Tauros|Body Slam|p2a: Snorlax
|-damage|p2a: Snorlax|76\/100
|
|turn|8
|choice||
|
|switch|p1a: Exeggutor|Exeggutor|75\/100 par
|move|p2a: Snorlax|Body Slam|p1a: Exeggutor
|-damage|p1a: Exeggutor|44\/100 par
|
|turn|9
|choice||
|
|move|p2a: Snorlax|Hyper Beam|p1a: Exeggutor
|-damage|p1a: Exeggutor|0 fnt
|faint|p1a: Exeggutor
|choice||
|
|switch|p1a: Alakazam|Alakazam|100\/100
|turn|10
|choice||
|
|move|p1a: Alakazam|Psychic|p2a: Snorlax
|-damage|p2a: Snorlax|44\/100
|move|p2a: Snorlax|Body Slam|p1a: Alakazam
|-damage|p1a: Alakazam|44\/100
|
|turn|11
|choice||
|
|switch|p2a: Chansey|Chansey|100\/100
|move|p1a: Alakazam|Psychic|p2a: Chansey
|-damage|p2a: Chansey|83\/100
|
|turn|12
|choice||
|
|switch|p1a: Chansey|Chansey|100\/100
|move|p2a: Chansey|Thunder Wave|p1a: Chansey
|-status|p1a: Chansey|par
|
|turn|13
|choice||
|
|switch|p2a: Snorlax|Snorlax|44\/100
|move|p1a: Chansey|Ice Beam|p2a: Snorlax
|-damage|p2a: Snorlax|24\/100
|
|turn|14
|choice||
|
|move|p2a: Snorlax|Body Slam|p1a: Chansey
|-damage|p1a: Chansey|57\/100 par
|move|p1a: Chansey|Ice Beam|p2a: Snorlax
|-damage|p2a: Snorlax|4\/100
|-status|p2a: Snorlax|frz
|
|turn|15
|choice||
|
|switch|p2a: Chansey|Chansey|83\/100
|move|p1a: Chansey|Soft-Boiled|p1a: Chansey
|-heal|p1a: Chansey|100\/100 par
|
|turn|16
|choice||
|
|move|p2a: Chansey|Seismic Toss|p1a: Chansey
|-damage|p1a: Chansey|86\/100 par
|move|p1a: Chansey|Ice Beam|p2a: Chansey
|-damage|p2a: Chansey|73\/100
|
|turn|17
|choice||
|
|move|p2a: Chansey|Seismic Toss|p1a: Chansey
|-damage|p1a: Chansey|72\/100 par
|move|p1a: Chansey|Thunder Wave|p2a: Chansey
|-status|p2a: Chansey|par
|
|turn|18
|choice||
|
|move|p2a: Chansey|Thunder Wave|p1a: Chansey
|-fail|p1a: Chansey|par
|move|p1a: Chansey|Soft-Boiled|p1a: Chansey
|-heal|p1a: Chansey|100\/100 par
|
|turn|19
|choice||
|
|switch|p1a: Alakazam|Alakazam|44\/100
|move|p2a: Chansey|Thunder Wave|p1a: Alakazam
|-status|p1a: Alakazam|par
|
|turn|20
|choice||
|
|move|p1a: Alakazam|Psychic|p2a: Chansey
|-crit|p2a: Chansey
|-damage|p2a: Chansey|40\/100 par
|-unboost|p2a: Chansey|spd|1
|-unboost|p2a: Chansey|spa|1
|cant|p2a: Chansey|par
|
|turn|21
|choice||
|
|switch|p2a: Snorlax|Snorlax|4\/100 frz
|move|p1a: Alakazam|Recover|p1a: Alakazam
|-heal|p1a: Alakazam|93\/100 par
|
|turn|22
|choice||
|
|switch|p1a: Starmie|Starmie|100\/100
|cant|p2a: Snorlax|frz
|
|turn|23
|choice||
|
|move|p1a: Starmie|Ice Beam|p2a: Snorlax
|-damage|p2a: Snorlax|0 fnt
|faint|p2a: Snorlax
|choice||
|
|switch|p2a: Chansey|Chansey|40\/100 par
|turn|24
|j|Xak Charles
|l|Xak Charles
|choice||
|
|switch|p1a: Chansey|Chansey|100\/100 par
|move|p2a: Chansey|Soft-Boiled|p2a: Chansey
|-heal|p2a: Chansey|90\/100 par
|
|turn|25
|choice||
|
|switch|p2a: Jynx|Jynx|100\/100 slp
|move|p1a: Chansey|Seismic Toss|p2a: Jynx
|-damage|p2a: Jynx|70\/100 slp
|
|turn|26
|choice||
|
|cant|p2a: Jynx|slp
|move|p1a: Chansey|Seismic Toss|p2a: Jynx
|-damage|p2a: Jynx|40\/100 slp
|
|turn|27
|choice||
|
|switch|p1a: Tauros|Tauros|100\/100
|cant|p2a: Jynx|slp
|
|turn|28
|choice||
|
|switch|p2a: Exeggutor|Exeggutor|100\/100
|move|p1a: Tauros|Body Slam|p2a: Exeggutor
|-crit|p2a: Exeggutor
|-damage|p2a: Exeggutor|49\/100
|
|turn|29
|choice||
|
|switch|p1a: Chansey|Chansey|100\/100 par
|move|p2a: Exeggutor|Stun Spore|p1a: Chansey|[miss]
|-miss|p2a: Exeggutor
|
|turn|30
|choice||
|
|move|p2a: Exeggutor|Explosion|p1a: Chansey
|-damage|p1a: Chansey|0 fnt
|faint|p1a: Chansey
|faint|p2a: Exeggutor
|choice||
|
|switch|p1a: Starmie|Starmie|100\/100
|switch|p2a: Tauros|Tauros|100\/100
|turn|31
|choice||
|
|switch|p2a: Chansey|Chansey|90\/100 par
|move|p1a: Starmie|Psychic|p2a: Chansey
|-crit|p2a: Chansey
|-damage|p2a: Chansey|64\/100 par
|
|turn|32
|choice||
|
|switch|p1a: Alakazam|Alakazam|93\/100 par
|cant|p2a: Chansey|par
|
|turn|33
|choice||
|
|cant|p1a: Alakazam|par
|move|p2a: Chansey|Soft-Boiled|p2a: Chansey
|-heal|p2a: Chansey|100\/100 par
|
|turn|34
|choice||
|
|cant|p1a: Alakazam|par
|move|p2a: Chansey|Seismic Toss|p1a: Alakazam
|-damage|p1a: Alakazam|62\/100 par
|
|turn|35
|choice||
|
|move|p1a: Alakazam|Psychic|p2a: Chansey
|-damage|p2a: Chansey|81\/100 par
|move|p2a: Chansey|Seismic Toss|p1a: Alakazam
|-damage|p1a: Alakazam|30\/100 par
|
|turn|36
|choice||
|
|switch|p2a: Tauros|Tauros|100\/100
|move|p1a: Alakazam|Recover|p1a: Alakazam
|-heal|p1a: Alakazam|79\/100 par
|
|turn|37
|choice||
|
|switch|p1a: Starmie|Starmie|100\/100
|move|p2a: Tauros|Body Slam|p1a: Starmie
|-damage|p1a: Starmie|67\/100
|
|turn|38
|choice||
|
|switch|p2a: Jynx|Jynx|40\/100 slp
|move|p1a: Starmie|Psychic|p2a: Jynx
|-resisted|p2a: Jynx
|-damage|p2a: Jynx|24\/100 slp
|
|turn|39
|choice||
|
|switch|p2a: Tauros|Tauros|100\/100
|move|p1a: Starmie|Recover|p1a: Starmie
|-heal|p1a: Starmie|100\/100
|
|turn|40
|choice||
|
|switch|p2a: Chansey|Chansey|81\/100 par
|move|p1a: Starmie|Psychic|p2a: Chansey
|-damage|p2a: Chansey|67\/100 par
|-unboost|p2a: Chansey|spd|1
|-unboost|p2a: Chansey|spa|1
|
|turn|41
|choice||
|
|move|p1a: Starmie|Psychic|p2a: Chansey
|-damage|p2a: Chansey|46\/100 par
|cant|p2a: Chansey|par
|
|turn|42
|choice||
|
|switch|p1a: Alakazam|Alakazam|79\/100 par
|switch|p2a: Jynx|Jynx|24\/100 slp
|
|turn|43
|choice||
|
|cant|p2a: Jynx|slp
|move|p1a: Alakazam|Seismic Toss|p2a: Jynx
|-damage|p2a: Jynx|0 fnt
|faint|p2a: Jynx
|j|Le Austin
|choice||
|
|switch|p2a: Tauros|Tauros|100\/100
|turn|44
|choice||
|
|move|p2a: Tauros|Hyper Beam|p1a: Alakazam
|-damage|p1a: Alakazam|0 fnt
|faint|p1a: Alakazam
|choice||
|
|switch|p1a: Starmie|Starmie|100\/100
|turn|45
|choice||
|
|move|p1a: Starmie|Psychic|p2a: Tauros
|-damage|p2a: Tauros|64\/100
|move|p2a: Tauros|Body Slam|p1a: Starmie
|-damage|p1a: Starmie|69\/100
|-status|p1a: Starmie|par
|
|turn|46
|choice||
|
|switch|p2a: Chansey|Chansey|46\/100 par
|move|p1a: Starmie|Psychic|p2a: Chansey
|-damage|p2a: Chansey|32\/100 par
|-unboost|p2a: Chansey|spd|1
|-unboost|p2a: Chansey|spa|1
|
|turn|47
|choice||
|
|move|p1a: Starmie|Psychic|p2a: Chansey
|-crit|p2a: Chansey
|-damage|p2a: Chansey|2\/100 par
|move|p2a: Chansey|Soft-Boiled|p2a: Chansey
|-heal|p2a: Chansey|52\/100 par
|
|turn|48
|choice||
|
|move|p1a: Starmie|Psychic|p2a: Chansey
|-damage|p2a: Chansey|30\/100 par
|-unboost|p2a: Chansey|spd|1
|-unboost|p2a: Chansey|spa|1
|cant|p2a: Chansey|par
|
|turn|49
|choice||
|
|move|p1a: Starmie|Recover|p1a: Starmie
|-heal|p1a: Starmie|100\/100 par
|move|p2a: Chansey|Soft-Boiled|p2a: Chansey
|-heal|p2a: Chansey|80\/100 par
|
|turn|50
|choice||
|
|move|p1a: Starmie|Psychic|p2a: Chansey
|-damage|p2a: Chansey|49\/100 par
|move|p2a: Chansey|Seismic Toss|p1a: Starmie
|-damage|p1a: Starmie|70\/100 par
|
|turn|51
|choice||
|
|move|p1a: Starmie|Psychic|p2a: Chansey
|-damage|p2a: Chansey|22\/100 par
|move|p2a: Chansey|Seismic Toss|p1a: Starmie
|-damage|p1a: Starmie|39\/100 par
|
|turn|52
|choice||
|
|move|p1a: Starmie|Recover|p1a: Starmie
|-heal|p1a: Starmie|88\/100 par
|move|p2a: Chansey|Seismic Toss|p1a: Starmie
|-damage|p1a: Starmie|57\/100 par
|
|turn|53
|l|Le Austin
|choice||
|
|move|p1a: Starmie|Recover|p1a: Starmie
|-heal|p1a: Starmie|100\/100 par
|move|p2a: Chansey|Seismic Toss|p1a: Starmie
|-damage|p1a: Starmie|70\/100 par
|
|turn|54
|choice||
|
|move|p1a: Starmie|Recover|p1a: Starmie
|-heal|p1a: Starmie|100\/100 par
|move|p2a: Chansey|Seismic Toss|p1a: Starmie
|-damage|p1a: Starmie|70\/100 par
|
|turn|55
|choice||
|
|cant|p1a: Starmie|par
|move|p2a: Chansey|Seismic Toss|p1a: Starmie
|-damage|p1a: Starmie|39\/100 par
|
|turn|56
|choice||
|
|move|p1a: Starmie|Recover|p1a: Starmie
|-heal|p1a: Starmie|88\/100 par
|move|p2a: Chansey|Seismic Toss|p1a: Starmie
|-damage|p1a: Starmie|57\/100 par
|
|turn|57
|choice||
|
|move|p1a: Starmie|Recover|p1a: Starmie
|-heal|p1a: Starmie|100\/100 par
|move|p2a: Chansey|Seismic Toss|p1a: Starmie
|-damage|p1a: Starmie|70\/100 par
|
|turn|58
|c|★arafalo2|para
|c|★arafalo2|?
|choice||
|
|move|p1a: Starmie|Recover|p1a: Starmie
|-heal|p1a: Starmie|100\/100 par
|move|p2a: Chansey|Seismic Toss|p1a: Starmie
|-damage|p1a: Starmie|70\/100 par
|
|turn|59
|choice||
|
|move|p1a: Starmie|Recover|p1a: Starmie
|-heal|p1a: Starmie|100\/100 par
|move|p2a: Chansey|Seismic Toss|p1a: Starmie
|-damage|p1a: Starmie|70\/100 par
|
|turn|60
|choice||
|
|move|p1a: Starmie|Recover|p1a: Starmie
|-heal|p1a: Starmie|100\/100 par
|move|p2a: Chansey|Seismic Toss|p1a: Starmie
|-damage|p1a: Starmie|70\/100 par
|
|turn|61
|choice||
|
|cant|p1a: Starmie|par
|move|p2a: Chansey|Seismic Toss|p1a: Starmie
|-damage|p1a: Starmie|39\/100 par
|
|turn|62
|choice||
|
|move|p1a: Starmie|Recover|p1a: Starmie
|-heal|p1a: Starmie|88\/100 par
|move|p2a: Chansey|Seismic Toss|p1a: Starmie
|-damage|p1a: Starmie|57\/100 par
|
|turn|63
|choice||
|
|move|p1a: Starmie|Recover|p1a: Starmie
|-heal|p1a: Starmie|100\/100 par
|move|p2a: Chansey|Seismic Toss|p1a: Starmie
|-damage|p1a: Starmie|70\/100 par
|
|turn|64
|choice||
|
|cant|p1a: Starmie|par
|move|p2a: Chansey|Seismic Toss|p1a: Starmie
|-damage|p1a: Starmie|39\/100 par
|
|turn|65
|choice||
|
|move|p1a: Starmie|Recover|p1a: Starmie
|-heal|p1a: Starmie|88\/100 par
|cant|p2a: Chansey|par
|
|turn|66
|choice||
|
|move|p1a: Starmie|Psychic|p2a: Chansey
|-damage|p2a: Chansey|0 fnt
|faint|p2a: Chansey
|choice||
|
|switch|p2a: Zapdos|Zapdos|100\/100
|turn|67
|choice||
|
|move|p2a: Zapdos|Thunderbolt|p1a: Starmie
|-supereffective|p1a: Starmie
|-damage|p1a: Starmie|5\/100 par
|move|p1a: Starmie|Ice Beam|p2a: Zapdos
|-supereffective|p2a: Zapdos
|-damage|p2a: Zapdos|65\/100
|
|turn|68
|choice||
|
|move|p2a: Zapdos|Thunderbolt|p1a: Starmie
|-crit|p1a: Starmie
|-supereffective|p1a: Starmie
|-damage|p1a: Starmie|0 fnt
|faint|p1a: Starmie
|choice||
|
|switch|p1a: Jynx|Jynx|85\/100 slp
|turn|69
|choice||
|
|move|p2a: Zapdos|Drill Peck|p1a: Jynx
|-damage|p1a: Jynx|39\/100 slp
|cant|p1a: Jynx|slp
|
|turn|70
|choice||
|
|move|p2a: Zapdos|Agility|p2a: Zapdos
|-boost|p2a: Zapdos|spe|2
|cant|p1a: Jynx|slp
|
|turn|71
|choice||
|
|move|p2a: Zapdos|Drill Peck|p1a: Jynx
|-crit|p1a: Jynx
|-damage|p1a: Jynx|0 fnt
|faint|p1a: Jynx
|choice||
|
|switch|p1a: Tauros|Tauros|100\/100
|turn|72
|choice||
|
|move|p2a: Zapdos|Thunder Wave|p1a: Tauros
|-status|p1a: Tauros|par
|move|p1a: Tauros|Body Slam|p2a: Zapdos
|-crit|p2a: Zapdos
|-damage|p2a: Zapdos|12\/100
|
|turn|73
|choice||
|
|move|p2a: Zapdos|Thunderbolt|p1a: Tauros
|-damage|p1a: Tauros|51\/100 par
|move|p1a: Tauros|Body Slam|p2a: Zapdos
|-crit|p2a: Zapdos
|-damage|p2a: Zapdos|0 fnt
|faint|p2a: Zapdos
|choice||
|
|switch|p2a: Tauros|Tauros|64\/100
|turn|74
|choice||
|
|move|p2a: Tauros|Body Slam|p1a: Tauros
|-damage|p1a: Tauros|22\/100 par
|move|p1a: Tauros|Body Slam|p2a: Tauros
|-damage|p2a: Tauros|35\/100
|
|turn|75
|choice||
|
|move|p2a: Tauros|Body Slam|p1a: Tauros
|-damage|p1a: Tauros|0 fnt
|faint|p1a: Tauros
|
|win|Agarest
|player|p1
|player|p2
|c|★Agarest|gg
|raw|arafalo2's rating: 1467 &rarr; <strong>1437<\/strong><br \/>(-30 for losing)
|raw|Agarest's rating: 1272 &rarr; <strong>1310<\/strong><br \/>(+38 for winning)