|join|Buts X
|join|ohlesnoes
|player|p1|Buts X|43
|player|p2|ohlesnoes|1
|gametype|singles
|gen|1
|tier|[Gen 1] Random Battle
|rated
|rule|Sleep Clause Mod: Limit one foe put to sleep
|rule|Freeze Clause Mod: Limit one foe frozen
|rule|HP Percentage Mod: HP is shown in percentages
|
|start
|switch|p1a: Bulbasaur|Bulbasaur, L96|281\/281
|switch|p2a: Charmeleon|Charmeleon, L85|272\/272
|turn|1
|
|switch|p1a: Mr. Mime|Mr. Mime, L85|242\/242
|move|p2a: Charmeleon|Fire Blast|p1a: Mr. Mime
|-crit|p1a: Mr. Mime
|-damage|p1a: Mr. Mime|66\/242
|
|turn|2
|c|★Buts X|OW
|c|★Buts X|thats real bad
|
|move|p1a: Mr. Mime|Thunder Wave|p2a: Charmeleon
|-status|p2a: Charmeleon|par
|move|p2a: Charmeleon|Fire Blast|p1a: Mr. Mime
|-damage|p1a: Mr. Mime|0 fnt
|faint|p1a: Mr. Mime
|
|switch|p1a: Marowak|Marowak, L85|276\/276
|turn|3
|
|switch|p2a: Slowbro|Slowbro, L79|312\/312
|move|p1a: Marowak|Earthquake|p2a: Slowbro
|-damage|p2a: Slowbro|221\/312
|
|turn|4
|c|★Buts X|jesus
|c|★Buts X|bad to worse
|
|switch|p1a: Bulbasaur|Bulbasaur, L96|281\/281
|move|p2a: Slowbro|Surf|p1a: Bulbasaur
|-resisted|p1a: Bulbasaur
|-damage|p1a: Bulbasaur|238\/281
|
|turn|5
|
|switch|p2a: Charmeleon|Charmeleon, L85|272\/272 par
|move|p1a: Bulbasaur|Razor Leaf|p2a: Charmeleon
|-resisted|p2a: Charmeleon
|-damage|p2a: Charmeleon|239\/272 par
|
|turn|6
|
|switch|p1a: Weezing|Weezing, L85|284\/284
|cant|p2a: Charmeleon|par
|
|turn|7
|
|switch|p2a: Raticate|Raticate, L85|267\/267
|move|p1a: Weezing|Sludge|p2a: Raticate
|-damage|p2a: Raticate|182\/267
|
|turn|8
|
|move|p2a: Raticate|Super Fang|p1a: Weezing
|-damage|p1a: Weezing|142\/284
|move|p1a: Weezing|Thunder|p2a: Raticate
|-damage|p2a: Raticate|76\/267
|
|turn|9
|
|move|p2a: Raticate|Hyper Beam|p1a: Weezing
|-crit|p1a: Weezing
|-damage|p1a: Weezing|0 fnt
|faint|p1a: Weezing
|
|switch|p1a: Charmeleon|Charmeleon, L85|272\/272
|turn|10
|c|★ohlesnoes|getting lucky here
|c|★Buts X|crit...
|c|★Buts X|yeah
|c|★Buts X|id been sitting on the top of the ladder for a while
|c|★Buts X|only looked for a match cause i was bumped by bpizzizzle
|
|move|p2a: Raticate|Super Fang|p1a: Charmeleon
|-damage|p1a: Charmeleon|136\/272
|move|p1a: Charmeleon|Slash|p2a: Raticate
|-crit|p2a: Raticate
|-damage|p2a: Raticate|0 fnt
|faint|p2a: Raticate
|c|★Buts X|instantly regretting my decision tonight
|
|switch|p2a: Persian|Persian, L79|265\/265
|turn|11
|c|★Buts X|wow
|c|★ohlesnoes|stacked team yup
|c|★Buts X|stacked team
|
|move|p2a: Persian|Slash|p1a: Charmeleon
|-crit|p1a: Charmeleon
|-damage|p1a: Charmeleon|13\/272
|move|p1a: Charmeleon|Submission|p2a: Persian|[miss]
|-miss|p1a: Charmeleon
|
|turn|12
|
|move|p2a: Persian|Slash|p1a: Charmeleon
|-crit|p1a: Charmeleon
|-damage|p1a: Charmeleon|0 fnt
|faint|p1a: Charmeleon
|c|★Buts X|...
|c|★ohlesnoes|stacked team with lolzy hax
|
|switch|p1a: Mew|Mew, L74|300\/300
|turn|13
|c|★Buts X|mew is shit
|
|switch|p2a: Slowbro|Slowbro, L79|221\/312
|move|p1a: Mew|Thunder Wave|p2a: Slowbro
|-status|p2a: Slowbro|par
|
|turn|14
|
|switch|p1a: Marowak|Marowak, L85|276\/276
|move|p2a: Slowbro|Thunder Wave|p1a: Marowak
|-immune|p1a: Marowak|[msg]
|
|turn|15
|
|move|p1a: Marowak|Earthquake|p2a: Slowbro
|-damage|p2a: Slowbro|131\/312 par
|move|p2a: Slowbro|Surf|p1a: Marowak
|-supereffective|p1a: Marowak
|-damage|p1a: Marowak|65\/276
|
|turn|16
|
|move|p1a: Marowak|Earthquake|p2a: Slowbro
|-damage|p2a: Slowbro|40\/312 par
|move|p2a: Slowbro|Surf|p1a: Marowak
|-supereffective|p1a: Marowak
|-damage|p1a: Marowak|0 fnt
|faint|p1a: Marowak
|
|switch|p1a: Bulbasaur|Bulbasaur, L96|238\/281
|turn|17
|
|move|p1a: Bulbasaur|Body Slam|p2a: Slowbro
|-damage|p2a: Slowbro|0 fnt
|faint|p2a: Slowbro
|
|switch|p2a: Charmeleon|Charmeleon, L85|239\/272 par
|turn|18
|
|move|p1a: Bulbasaur|Body Slam|p2a: Charmeleon
|-damage|p2a: Charmeleon|177\/272 par
|move|p2a: Charmeleon|Fire Blast|p1a: Bulbasaur
|-supereffective|p1a: Bulbasaur
|-damage|p1a: Bulbasaur|31\/281
|-status|p1a: Bulbasaur|brn
|
|turn|19
|
|move|p1a: Bulbasaur|Leech Seed|p2a: Charmeleon
|-start|p2a: Charmeleon|move: Leech Seed
|-damage|p1a: Bulbasaur|14\/281 brn|[from] brn|[of] p2a: Charmeleon
|move|p2a: Charmeleon|Slash|p1a: Bulbasaur
|-crit|p1a: Bulbasaur
|-damage|p1a: Bulbasaur|0 fnt
|faint|p1a: Bulbasaur
|c|★Buts X|dear lord
|
|switch|p1a: Mew|Mew, L74|300\/300
|turn|20
|
|move|p1a: Mew|Earthquake|p2a: Charmeleon
|-crit|p2a: Charmeleon
|-supereffective|p2a: Charmeleon
|-damage|p2a: Charmeleon|0 fnt
|faint|p2a: Charmeleon
|
|switch|p2a: Blastoise|Blastoise, L85|308\/308
|turn|21
|
|move|p1a: Mew|Thunder Wave|p2a: Blastoise
|-status|p2a: Blastoise|par
|move|p2a: Blastoise|Surf|p1a: Mew
|-damage|p1a: Mew|208\/300
|
|turn|22
|
|move|p1a: Mew|Earthquake|p2a: Blastoise
|-crit|p2a: Blastoise
|-damage|p2a: Blastoise|207\/308 par
|cant|p2a: Blastoise|par
|
|turn|23
|
|move|p1a: Mew|Earthquake|p2a: Blastoise
|-damage|p2a: Blastoise|156\/308 par
|cant|p2a: Blastoise|par
|
|turn|24
|c|★ohlesnoes|if it's a recover Mew I think you might have it
|c|★Buts X|thats the best i can do
|
|move|p1a: Mew|Earthquake|p2a: Blastoise
|-crit|p2a: Blastoise
|-damage|p2a: Blastoise|51\/308 par
|cant|p2a: Blastoise|par
|
|turn|25
|
|move|p1a: Mew|Earthquake|p2a: Blastoise|[miss]
|-miss|p1a: Mew
|cant|p2a: Blastoise|par
|
|turn|26
|c|★Buts X|MISSED QUAKE
|
|move|p1a: Mew|Earthquake|p2a: Blastoise
|-crit|p2a: Blastoise
|-damage|p2a: Blastoise|0 fnt
|faint|p2a: Blastoise
|
|switch|p2a: Persian|Persian, L79|265\/265
|turn|27
|
|move|p2a: Persian|Slash|p1a: Mew
|-crit|p1a: Mew
|-damage|p1a: Mew|91\/300
|move|p1a: Mew|Thunder Wave|p2a: Persian
|-status|p2a: Persian|par
|
|turn|28
|
|move|p1a: Mew|Soft-Boiled|p1a: Mew
|-heal|p1a: Mew|241\/300
|cant|p2a: Persian|par
|
|turn|29
|
|move|p1a: Mew|Earthquake|p2a: Persian
|-damage|p2a: Persian|196\/265 par
|move|p2a: Persian|Body Slam|p1a: Mew
|-crit|p1a: Mew
|-damage|p1a: Mew|110\/300
|
|turn|30
|
|move|p1a: Mew|Soft-Boiled|p1a: Mew
|-heal|p1a: Mew|260\/300
|cant|p2a: Persian|par
|
|turn|31
|c|★Buts X|no para, no para
|
|move|p1a: Mew|Earthquake|p2a: Persian
|-damage|p2a: Persian|126\/265 par
|move|p2a: Persian|Body Slam|p1a: Mew
|-damage|p1a: Mew|196\/300
|
|turn|32
|
|move|p1a: Mew|Earthquake|p2a: Persian
|-crit|p2a: Persian
|-damage|p2a: Persian|0 fnt
|faint|p2a: Persian
|c|★Buts X|holy f
|
|switch|p2a: Arcanine|Arcanine, L85|327\/327
|turn|33
|c|★ohlesnoes|lol "mew is shit"
|
|move|p2a: Arcanine|Fire Blast|p1a: Mew
|-damage|p1a: Mew|74\/300
|-status|p1a: Mew|brn
|move|p1a: Mew|Thunder Wave|p2a: Arcanine
|-status|p2a: Arcanine|par
|-damage|p1a: Mew|56\/300 brn|[from] brn|[of] p2a: Arcanine
|
|turn|34
|c|★Buts X|oh no
|c|★Buts X|shit's real now
|
|move|p1a: Mew|Soft-Boiled|p1a: Mew
|-heal|p1a: Mew|206\/300 brn
|-damage|p1a: Mew|188\/300 brn|[from] brn
|move|p2a: Arcanine|Fire Blast|p1a: Mew
|-damage|p1a: Mew|74\/300 brn
|
|turn|35
|c|★ohlesnoes|not really?
|c|★Buts X|he works well against this lineup, apparently
|c|★ohlesnoes|unless crit
|
|move|p1a: Mew|Soft-Boiled|p1a: Mew
|-heal|p1a: Mew|224\/300 brn
|-damage|p1a: Mew|206\/300 brn|[from] brn
|move|p2a: Arcanine|Fire Blast|p1a: Mew
|-damage|p1a: Mew|86\/300 brn
|
|turn|36
|
|move|p1a: Mew|Soft-Boiled|p1a: Mew
|-heal|p1a: Mew|236\/300 brn
|-damage|p1a: Mew|218\/300 brn|[from] brn
|move|p2a: Arcanine|Fire Blast|p1a: Mew|[miss]
|-miss|p2a: Arcanine
|
|turn|37
|c|★Buts X|yeah, matter of time
|
|move|p1a: Mew|Earthquake|p2a: Arcanine
|-crit|p2a: Arcanine
|-supereffective|p2a: Arcanine
|-damage|p2a: Arcanine|101\/327 par
|-damage|p1a: Mew|200\/300 brn|[from] brn|[of] p2a: Arcanine
|move|p2a: Arcanine|Fire Blast|p1a: Mew
|-damage|p1a: Mew|76\/300 brn
|
|turn|38
|c|★ohlesnoes|whoof
|c|★ohlesnoes|gg
|
|move|p1a: Mew|Earthquake|p2a: Arcanine
|-supereffective|p2a: Arcanine
|-damage|p2a: Arcanine|42\/327 par
|-damage|p1a: Mew|58\/300 brn|[from] brn|[of] p2a: Arcanine
|move|p2a: Arcanine|Fire Blast|p1a: Mew|[miss]
|-miss|p2a: Arcanine
|
|turn|39
|c|★Buts X|OH WOW
|c|★Buts X|i forgit i was burned
|c|★ohlesnoes|miss quake again gogogo
|c|★ohlesnoes|lol me too
|
|move|p1a: Mew|Earthquake|p2a: Arcanine
|-supereffective|p2a: Arcanine
|-damage|p2a: Arcanine|0 fnt
|faint|p2a: Arcanine
|
|win|Buts X
|raw|Ladder updating...
|raw|Buts X's rating: 1486 &rarr; <strong>1497<\/strong><br \/>(+11 for winning)
|raw|ohlesnoes's rating: 1332 &rarr; <strong>1320<\/strong><br \/>(-12 for losing)
|c|★Buts X|good match
|c|★ohlesnoes|gg
|leave|ohlesnoes
|player|p2