|join|ashiemore
|join|kid gf lol
|player|p1|ashiemore|277
|player|p2|kid gf lol|168
|gametype|singles
|gen|1
|tier|[Gen 1] OU (beta)
|rule|Sleep Clause Mod: Limit one foe put to sleep
|rule|Species Clause: Limit one of each Pokemon
|rule|OHKO Clause: OHKO moves are banned
|rule|Moody Clause: Moody is banned
|rule|Evasion Moves Clause: Evasion moves are banned
|rule|Endless Battle Clause: Forcing endless battles is banned.
|rule|HP Percentage Mod: HP is reported as percentages
|
|start
|switch|p1a: Clefable|Clefable|393\/393
|switch|p2a: Egg Kangaroo|Clefable|393\/393
|turn|1
|
|move|p2a: Egg Kangaroo|Psychic|p1a: Clefable
|-damage|p1a: Clefable|325\/393
|move|p1a: Clefable|Bide|p1a: Clefable
|-start|p1a: Clefable|Bide
|
|turn|2
|chat|kid gf lol|just do bide once
|chat|kid gf lol|see how it says you have bide up
|chat|ashiemore|k
|chat|ashiemore|yes
|
|-fail|p1a: Clefable
|move|p2a: Egg Kangaroo|Reflect|p2a: Egg Kangaroo
|
|turn|3
|chat|kid gf lol|now it still says it
|chat|ashiemore|yes
|chat|kid gf lol|try a diff move
|chat|ashiemore|so now use rest
|
|move|p1a: Clefable|Rest|p1a: Clefable
|-status|p1a: Clefable|slp
|-heal|p1a: Clefable|393\/393 slp|[silent]
|-status|p1a: Clefable|slp|[from] move: Rest
|move|p2a: Egg Kangaroo|Psychic|p1a: Clefable
|-damage|p1a: Clefable|319\/393 slp
|
|turn|4
|
|move|p2a: Egg Kangaroo|Reflect|p2a: Egg Kangaroo
|-fail|p2a: Egg Kangaroo
|cant|p1a: Clefable|slp
|
|turn|5
|
|move|p2a: Egg Kangaroo|Reflect|p2a: Egg Kangaroo
|-fail|p2a: Egg Kangaroo
|cant|p1a: Clefable|slp
|-curestatus|p1a: Clefable|slp
|
|turn|6
|chat|kid gf lol|then try bide again
|
|move|p1a: Clefable|Bide|p1a: Clefable
|-start|p1a: Clefable|Bide
|move|p2a: Egg Kangaroo|Psychic|p1a: Clefable
|-damage|p1a: Clefable|252\/393
|
|turn|7
|chat|ashiemore|umm.
|
|move|p2a: Egg Kangaroo|Psychic|p1a: Clefable
|-damage|p1a: Clefable|176\/393
|-end|p1a: Clefable|Bide
|-damage|p2a: Egg Kangaroo|107\/393
|
|turn|8
|chat|ashiemore|this is wierd
|
|move|p2a: Egg Kangaroo|Rest|p2a: Egg Kangaroo
|-status|p2a: Egg Kangaroo|slp
|-heal|p2a: Egg Kangaroo|393\/393 slp|[silent]
|-status|p2a: Egg Kangaroo|slp|[from] move: Rest
|move|p1a: Clefable|Rest|p1a: Clefable
|-status|p1a: Clefable|slp
|-heal|p1a: Clefable|393\/393 slp|[silent]
|-status|p1a: Clefable|slp|[from] move: Rest
|
|turn|9
|chat|kid gf lol|bide went away wtf lol
|
|cant|p1a: Clefable|slp
|cant|p2a: Egg Kangaroo|slp
|
|turn|10
|chat|ashiemore|ye
|
|cant|p2a: Egg Kangaroo|slp
|-curestatus|p2a: Egg Kangaroo|slp
|cant|p1a: Clefable|slp
|-curestatus|p1a: Clefable|slp
|
|turn|11
|chat|ashiemore|now what
|chat|kid gf lol|bide i guess
|
|move|p1a: Clefable|Bide|p1a: Clefable
|-start|p1a: Clefable|Bide
|move|p2a: Egg Kangaroo|Psychic|p1a: Clefable
|-damage|p1a: Clefable|328\/393
|-unboost|p1a: Clefable|spd|1
|-unboost|p1a: Clefable|spa|1
|
|turn|12
|
|-end|p1a: Clefable|Bide
|-damage|p2a: Egg Kangaroo|263\/393
|move|p2a: Egg Kangaroo|Reflect|p2a: Egg Kangaroo
|-fail|p2a: Egg Kangaroo
|
|turn|13
|chat|ashiemore|bide went away
|
|move|p1a: Clefable|Bide|p1a: Clefable
|-start|p1a: Clefable|Bide
|move|p2a: Egg Kangaroo|Psychic|p1a: Clefable
|-crit|p1a: Clefable
|-damage|p1a: Clefable|179\/393
|
|turn|14
|chat|kid gf lol|sometimes it does sometimes it doesnt
|
|move|p2a: Egg Kangaroo|Reflect|p2a: Egg Kangaroo
|-fail|p2a: Egg Kangaroo
|-end|p1a: Clefable|Bide
|-damage|p2a: Egg Kangaroo|0 fnt
|faint|p2a: Egg Kangaroo
|
|chat|kid gf lol|lol
|chat|ashiemore|oops
|leave|kid gf lol
|player|p2
|-message|ashiemore forfeited.
|
|win|kid gf lol