|join|devinkevinlong
|join|bj0rn
|player|p1|devinkevinlong|1
|player|p2|bj0rn|102
|gametype|singles
|gen|1
|tier|[Gen 1] OU (beta)
|rated
|rule|Sleep Clause Mod: Limit one foe put to sleep
|rule|Species Clause: Limit one of each Pokemon
|rule|OHKO Clause: OHKO moves are banned
|rule|Moody Clause: Moody is banned
|rule|Evasion Moves Clause: Evasion moves are banned
|rule|Endless Battle Clause: Forcing endless battles is banned.
|rule|HP Percentage Mod: HP is reported as percentages
|
|start
|switch|p1a: Alakazam|Alakazam|313\/313
|switch|p2a: Jynx|Jynx|333\/333
|turn|1
|
|move|p1a: Alakazam|Thunder Wave|p2a: Jynx
|-status|p2a: Jynx|par
|cant|p2a: Jynx|par
|
|turn|2
|
|move|p1a: Alakazam|Reflect|p1a: Alakazam
|move|p2a: Jynx|Lovely Kiss|p1a: Alakazam|[miss]
|-miss|p2a: Jynx
|
|turn|3
|
|move|p1a: Alakazam|Psychic|p2a: Jynx
|-crit|p2a: Jynx
|-resisted|p2a: Jynx
|-damage|p2a: Jynx|197\/333 par
|move|p2a: Jynx|Lovely Kiss|p1a: Alakazam
|-status|p1a: Alakazam|slp
|
|turn|4
|
|switch|p1a: Tauros|Tauros|353\/353
|move|p2a: Jynx|Substitute|p2a: Jynx
|-start|p2a: Jynx|Substitute
|-damage|p2a: Jynx|114\/333 par
|
|turn|5
|
|switch|p1a: Exeggutor|Exeggutor|393\/393
|move|p2a: Jynx|Blizzard|p1a: Exeggutor|[miss]
|-miss|p2a: Jynx
|
|turn|6
|
|switch|p1a: Chansey|Chansey|703\/703
|move|p2a: Jynx|Blizzard|p1a: Chansey|[miss]
|-miss|p2a: Jynx
|
|turn|7
|
|move|p1a: Chansey|Thunderbolt|p2a: Jynx
|-activate|p2a: Jynx|Substitute|[damage]
|move|p2a: Jynx|Blizzard|p1a: Chansey
|-crit|p1a: Chansey
|-damage|p1a: Chansey|424\/703
|
|turn|8
|
|move|p1a: Chansey|Thunderbolt|p2a: Jynx
|-end|p2a: Jynx|Substitute
|move|p2a: Jynx|Substitute|p2a: Jynx
|-start|p2a: Jynx|Substitute
|-damage|p2a: Jynx|31\/333 par
|
|turn|9
|
|move|p1a: Chansey|Thunderbolt|p2a: Jynx
|-end|p2a: Jynx|Substitute
|move|p2a: Jynx|Blizzard|p1a: Chansey
|-crit|p1a: Chansey
|-damage|p1a: Chansey|168\/703
|
|turn|10
|
|move|p1a: Chansey|Soft-Boiled|p1a: Chansey
|-heal|p1a: Chansey|519\/703
|move|p2a: Jynx|Blizzard|p1a: Chansey
|-crit|p1a: Chansey
|-damage|p1a: Chansey|266\/703
|
|turn|11
|
|move|p1a: Chansey|Soft-Boiled|p1a: Chansey
|-heal|p1a: Chansey|617\/703
|move|p2a: Jynx|Blizzard|p1a: Chansey
|-crit|p1a: Chansey
|-damage|p1a: Chansey|361\/703
|
|turn|12
|
|move|p1a: Chansey|Soft-Boiled|p1a: Chansey
|-heal|p1a: Chansey|703\/703
|move|p2a: Jynx|Blizzard|p1a: Chansey
|-crit|p1a: Chansey
|-damage|p1a: Chansey|444\/703
|
|turn|13
|
|move|p1a: Chansey|Thunderbolt|p2a: Jynx
|-damage|p2a: Jynx|0 fnt
|faint|p2a: Jynx
|
|
|switch|p2a: Snorlax|Snorlax|523\/523
|turn|14
|
|move|p1a: Chansey|Thunder Wave|p2a: Snorlax
|-status|p2a: Snorlax|par
|move|p2a: Snorlax|Body Slam|p1a: Chansey
|-damage|p1a: Chansey|161\/703
|-status|p1a: Chansey|par
|
|turn|15
|
|move|p1a: Chansey|Soft-Boiled|p1a: Chansey
|-heal|p1a: Chansey|512\/703 par
|move|p2a: Snorlax|Body Slam|p1a: Chansey
|-damage|p1a: Chansey|194\/703 par
|
|turn|16
|
|switch|p1a: Rhydon|Rhydon|413\/413
|move|p2a: Snorlax|Body Slam|p1a: Rhydon
|-resisted|p1a: Rhydon
|-damage|p1a: Rhydon|364\/413
|
|turn|17
|
|switch|p1a: Starmie|Starmie|323\/323
|move|p2a: Snorlax|Surf|p1a: Starmie
|-resisted|p1a: Starmie
|-damage|p1a: Starmie|294\/323
|
|turn|18
|
|move|p1a: Starmie|Blizzard|p2a: Snorlax
|-damage|p2a: Snorlax|390\/523 par
|cant|p2a: Snorlax|par
|
|turn|19
|join|Kirbysmith
|
|move|p1a: Starmie|Blizzard|p2a: Snorlax
|-damage|p2a: Snorlax|271\/523 par
|move|p2a: Snorlax|Body Slam|p1a: Starmie
|-damage|p1a: Starmie|180\/323
|
|turn|20
|
|move|p1a: Starmie|Blizzard|p2a: Snorlax
|-damage|p2a: Snorlax|146\/523 par
|move|p2a: Snorlax|Body Slam|p1a: Starmie
|-damage|p1a: Starmie|71\/323
|-status|p1a: Starmie|par
|
|turn|21
|
|move|p1a: Starmie|Recover|p1a: Starmie
|-heal|p1a: Starmie|232\/323 par
|move|p2a: Snorlax|Self-Destruct|p1a: Starmie
|-damage|p1a: Starmie|0 fnt
|faint|p1a: Starmie
|faint|p2a: Snorlax
|
|switch|p2a: Victreebel|Victreebel|363\/363
|switch|p1a: Exeggutor|Exeggutor|393\/393
|turn|22
|
|move|p2a: Victreebel|Wrap|p1a: Exeggutor
|-damage|p1a: Exeggutor|378\/393
|-activate|p1a: Exeggutor|move: Wrap|[of] p2a: Victreebel
|cant|p1a: Exeggutor|partiallytrapped
|
|turn|23
|
|move|p2a: Victreebel|Wrap|p1a: Exeggutor
|-damage|p1a: Exeggutor|363\/393
|cant|p1a: Exeggutor|partiallytrapped
|
|turn|24
|
|move|p2a: Victreebel|Wrap|p1a: Exeggutor
|-damage|p1a: Exeggutor|348\/393
|cant|p1a: Exeggutor|partiallytrapped
|
|turn|25
|
|move|p2a: Victreebel|Wrap|p1a: Exeggutor
|-damage|p1a: Exeggutor|333\/393
|cant|p1a: Exeggutor|partiallytrapped
|
|-end|p1a: Exeggutor|Wrap|[partiallytrapped]
|turn|26
|
|move|p2a: Victreebel|Wrap|p1a: Exeggutor
|-damage|p1a: Exeggutor|320\/393
|-activate|p1a: Exeggutor|move: Wrap|[of] p2a: Victreebel
|cant|p1a: Exeggutor|partiallytrapped
|
|turn|27
|
|switch|p1a: Alakazam|Alakazam|313\/313 slp
|move|p2a: Victreebel|Wrap|p1a: Alakazam
|-damage|p1a: Alakazam|294\/313 slp
|-activate|p1a: Alakazam|move: Wrap|[of] p2a: Victreebel
|
|turn|28
|
|cant|p1a: Alakazam|slp
|move|p2a: Victreebel|Wrap|p1a: Alakazam
|-damage|p1a: Alakazam|281\/313 slp
|
|turn|29
|
|cant|p1a: Alakazam|slp
|move|p2a: Victreebel|Wrap|p1a: Alakazam
|-damage|p1a: Alakazam|268\/313 slp
|
|-end|p1a: Alakazam|Wrap|[partiallytrapped]
|turn|30
|
|switch|p2a: Lapras|Lapras|463\/463
|cant|p1a: Alakazam|slp
|
|turn|31
|
|cant|p1a: Alakazam|slp
|-curestatus|p1a: Alakazam|slp
|move|p2a: Lapras|Body Slam|p1a: Alakazam
|-damage|p1a: Alakazam|174\/313
|
|turn|32
|
|switch|p2a: Chansey|Chansey|703\/703
|move|p1a: Alakazam|Thunder Wave|p2a: Chansey
|-status|p2a: Chansey|par
|
|turn|33
|
|move|p1a: Alakazam|Reflect|p1a: Alakazam
|move|p2a: Chansey|Ice Beam|p1a: Alakazam
|-damage|p1a: Alakazam|113\/313
|
|turn|34
|
|move|p1a: Alakazam|Recover|p1a: Alakazam
|-heal|p1a: Alakazam|269\/313
|move|p2a: Chansey|Ice Beam|p1a: Alakazam
|-damage|p1a: Alakazam|208\/313
|
|turn|35
|
|move|p1a: Alakazam|Psychic|p2a: Chansey
|-damage|p2a: Chansey|586\/703 par
|move|p2a: Chansey|Ice Beam|p1a: Alakazam
|-damage|p1a: Alakazam|145\/313
|
|turn|36
|
|move|p1a: Alakazam|Psychic|p2a: Chansey
|-damage|p2a: Chansey|460\/703 par
|move|p2a: Chansey|Ice Beam|p1a: Alakazam
|-damage|p1a: Alakazam|86\/313
|
|turn|37
|
|move|p1a: Alakazam|Recover|p1a: Alakazam
|-heal|p1a: Alakazam|242\/313
|move|p2a: Chansey|Ice Beam|p1a: Alakazam
|-damage|p1a: Alakazam|184\/313
|
|turn|38
|
|switch|p1a: Exeggutor|Exeggutor|320\/393
|cant|p2a: Chansey|par
|
|turn|39
|
|move|p1a: Exeggutor|Explosion|p2a: Chansey
|-damage|p2a: Chansey|0 fnt
|faint|p2a: Chansey
|faint|p1a: Exeggutor
|
|switch|p1a: Alakazam|Alakazam|184\/313
|switch|p2a: Lapras|Lapras|463\/463
|turn|40
|
|move|p1a: Alakazam|Thunder Wave|p2a: Lapras
|-status|p2a: Lapras|par
|cant|p2a: Lapras|par
|
|turn|41
|
|move|p1a: Alakazam|Psychic|p2a: Lapras
|-damage|p2a: Lapras|318\/463 par
|cant|p2a: Lapras|par
|
|turn|42
|
|move|p1a: Alakazam|Psychic|p2a: Lapras
|-damage|p2a: Lapras|182\/463 par
|move|p2a: Lapras|Body Slam|p1a: Alakazam
|-damage|p1a: Alakazam|95\/313
|
|turn|43
|
|move|p1a: Alakazam|Psychic|p2a: Lapras
|-damage|p2a: Lapras|38\/463 par
|-unboost|p2a: Lapras|spd|1
|-unboost|p2a: Lapras|spa|1
|move|p2a: Lapras|Confuse Ray|p1a: Alakazam
|-start|p1a: Alakazam|confusion
|
|turn|44
|
|switch|p1a: Rhydon|Rhydon|364\/413
|move|p2a: Lapras|Body Slam|p1a: Rhydon
|-resisted|p1a: Rhydon
|-damage|p1a: Rhydon|337\/413
|-status|p1a: Rhydon|par
|
|turn|45
|
|switch|p1a: Alakazam|Alakazam|95\/313
|move|p2a: Lapras|Blizzard|p1a: Alakazam
|-damage|p1a: Alakazam|27\/313
|
|turn|46
|
|move|p1a: Alakazam|Psychic|p2a: Lapras
|-damage|p2a: Lapras|0 fnt
|faint|p2a: Lapras
|
|
|switch|p2a: Tauros|Tauros|353\/353
|turn|47
|
|move|p1a: Alakazam|Thunder Wave|p2a: Tauros
|-status|p2a: Tauros|par
|move|p2a: Tauros|Body Slam|p1a: Alakazam
|-crit|p1a: Alakazam
|-damage|p1a: Alakazam|0 fnt
|faint|p1a: Alakazam
|
|
|switch|p1a: Tauros|Tauros|353\/353
|turn|48
|
|move|p1a: Tauros|Body Slam|p2a: Tauros
|-damage|p2a: Tauros|250\/353 par
|cant|p2a: Tauros|par
|
|turn|49
|
|move|p1a: Tauros|Body Slam|p2a: Tauros
|-crit|p2a: Tauros
|-damage|p2a: Tauros|57\/353 par
|move|p2a: Tauros|Body Slam|p1a: Tauros
|-damage|p1a: Tauros|248\/353
|
|turn|50
|
|move|p1a: Tauros|Body Slam|p2a: Tauros
|-crit|p2a: Tauros
|-damage|p2a: Tauros|0 fnt
|faint|p2a: Tauros
|
|
|switch|p2a: Victreebel|Victreebel|363\/363
|turn|51
|
|move|p1a: Tauros|Body Slam|p2a: Victreebel
|-damage|p2a: Victreebel|236\/363
|move|p2a: Victreebel|Stun Spore|p1a: Tauros
|-status|p1a: Tauros|par
|
|turn|52
|
|move|p2a: Victreebel|Wrap|p1a: Tauros|[miss]
|-miss|p2a: Victreebel
|move|p1a: Tauros|Hyper Beam|p2a: Victreebel
|-damage|p2a: Victreebel|2\/363
|
|turn|53
|
|move|p2a: Victreebel|Razor Leaf|p1a: Tauros
|-crit|p1a: Tauros
|-damage|p1a: Tauros|87\/353 par
|cant|p1a: Tauros|par
|
|turn|54
|
|move|p2a: Victreebel|Razor Leaf|p1a: Tauros
|-crit|p1a: Tauros
|-damage|p1a: Tauros|0 fnt
|faint|p1a: Tauros
|
|
|switch|p1a: Rhydon|Rhydon|337\/413 par
|turn|55
|
|move|p2a: Victreebel|Razor Leaf|p1a: Rhydon
|-crit|p1a: Rhydon
|-supereffective|p1a: Rhydon
|-damage|p1a: Rhydon|0 fnt
|faint|p1a: Rhydon
|
|
|switch|p1a: Chansey|Chansey|194\/703 par
|turn|56
|
|move|p2a: Victreebel|Wrap|p1a: Chansey
|-damage|p1a: Chansey|159\/703 par
|-activate|p1a: Chansey|move: Wrap|[of] p2a: Victreebel
|cant|p1a: Chansey|par
|
|turn|57
|
|move|p2a: Victreebel|Wrap|p1a: Chansey
|-damage|p1a: Chansey|124\/703 par
|cant|p1a: Chansey|partiallytrapped
|
|-end|p1a: Chansey|Wrap|[partiallytrapped]
|turn|58
|
|move|p2a: Victreebel|Hyper Beam|p1a: Chansey
|-damage|p1a: Chansey|0 fnt
|faint|p1a: Chansey
|
|win|bj0rn
|raw|Ladder updating...
|raw|devinkevinlong's rating: 1258 &rarr; <strong>1236<\/strong><br \/>(-22 for losing)
|raw|bj0rn's rating: 1295 &rarr; <strong>1317<\/strong><br \/>(+22 for winning)
|leave|bj0rn
|player|p2
|leave|devinkevinlong
|player|p1