|join|vsterel
|join|TW19
|player|p1|vsterel|170
|player|p2|TW19|237
|gametype|singles
|gen|1
|tier|[Gen 1] Random Battle
|rated
|seed|27690,7558,29014,16147
|rule|Sleep Clause Mod: Limit one foe put to sleep
|rule|Freeze Clause Mod: Limit one foe frozen
|rule|HP Percentage Mod: HP is shown in percentages
|
|start
|switch|p1a: Lapras|Lapras, L79|367\/367
|switch|p2a: Ponyta|Ponyta, L96|291\/291
|turn|1
|choice|move 3|switch 4
|
|switch|p2a: Jolteon|Jolteon, L79|265\/265
|move|p1a: Lapras|Confuse Ray|p2a: Jolteon
|-start|p2a: Jolteon|confusion
|
|turn|2
|choice|move 2|move 1
|
|-activate|p2a: Jolteon|confusion
|move|p2a: Jolteon|Thunderbolt|p1a: Lapras
|-supereffective|p1a: Lapras
|-damage|p1a: Lapras|175\/367
|move|p1a: Lapras|Blizzard|p2a: Jolteon
|-damage|p2a: Jolteon|169\/265
|
|turn|3
|choice|move 2|move 1
|
|-activate|p2a: Jolteon|confusion
|move|p2a: Jolteon|Thunderbolt|p1a: Lapras
|-supereffective|p1a: Lapras
|-damage|p1a: Lapras|0 fnt
|faint|p1a: Lapras
|choice|switch 6|
|
|switch|p1a: Lickitung|Lickitung, L90|345\/345
|turn|4
|choice|move 1|move 4
|
|-activate|p2a: Jolteon|confusion
|move|p2a: Jolteon|Thunder Wave|p1a: Lickitung
|-status|p1a: Lickitung|par
|move|p1a: Lickitung|Swords Dance|p1a: Lickitung
|-boost|p1a: Lickitung|atk|2
|
|turn|5
|choice|move 2|move 1
|
|-activate|p2a: Jolteon|confusion
|move|p2a: Jolteon|Thunderbolt|p1a: Lickitung
|-damage|p1a: Lickitung|234\/345 par
|move|p1a: Lickitung|Earthquake|p2a: Jolteon
|-supereffective|p2a: Jolteon
|-damage|p2a: Jolteon|0 fnt
|faint|p2a: Jolteon
|choice||switch 5
|
|switch|p2a: Butterfree|Butterfree, L90|291\/291
|turn|6
|choice|move 3|move 1
|
|move|p2a: Butterfree|Psychic|p1a: Lickitung
|-damage|p1a: Lickitung|155\/345 par
|move|p1a: Lickitung|Body Slam|p2a: Butterfree
|-damage|p2a: Butterfree|113\/291
|-status|p2a: Butterfree|par
|
|turn|7
|choice|move 3|move 1
|
|cant|p2a: Butterfree|par
|move|p1a: Lickitung|Body Slam|p2a: Butterfree
|-damage|p2a: Butterfree|0 fnt
|faint|p2a: Butterfree
|choice||switch 2
|
|switch|p2a: Hypno|Hypno, L85|318\/318
|turn|8
|choice|move 4|move 1
|
|move|p2a: Hypno|Psychic|p1a: Lickitung
|-damage|p1a: Lickitung|22\/345 par
|move|p1a: Lickitung|Hyper Beam|p2a: Hypno
|-damage|p2a: Hypno|1\/318
|
|turn|9
|-mustrecharge|p1a: Lickitung
|-mustrecharge|p1a: Lickitung
|choice|move 1|move 1
|
|move|p2a: Hypno|Psychic|p1a: Lickitung
|-damage|p1a: Lickitung|0 fnt
|faint|p1a: Lickitung
|choice|switch 4|
|
|switch|p1a: Magneton|Magneton, L90|273\/273
|turn|10
|choice|move 1|switch 4
|
|switch|p2a: Ponyta|Ponyta, L96|291\/291
|move|p1a: Magneton|Thunderbolt|p2a: Ponyta
|-crit|p2a: Ponyta
|-damage|p2a: Ponyta|0 fnt
|faint|p2a: Ponyta
|choice||switch 3
|
|switch|p2a: Nidorino|Nidorino, L90|293\/293
|turn|11
|choice|move 1|move 1
|
|move|p1a: Magneton|Thunderbolt|p2a: Nidorino|[miss]
|-miss|p1a: Magneton
|move|p2a: Nidorino|Blizzard|p1a: Magneton
|-damage|p1a: Magneton|219\/273
|-status|p1a: Magneton|frz
|
|turn|12
|choice|move 1|switch 4
|
|switch|p2a: Hypno|Hypno, L85|1\/318
|cant|p1a: Magneton|frz
|
|turn|13
|choice|move 1|move 1
|
|cant|p1a: Magneton|frz
|move|p2a: Hypno|Psychic|p1a: Magneton
|-damage|p1a: Magneton|132\/273 frz
|
|turn|14
|choice|move 1|move 1
|
|cant|p1a: Magneton|frz
|move|p2a: Hypno|Psychic|p1a: Magneton
|-damage|p1a: Magneton|52\/273 frz
|
|turn|15
|choice|move 1|move 1
|
|cant|p1a: Magneton|frz
|move|p2a: Hypno|Psychic|p1a: Magneton
|-damage|p1a: Magneton|0 fnt
|faint|p1a: Magneton
|choice|switch 2|
|
|switch|p1a: Charmander|Charmander, L96|270\/270
|turn|16
|choice|move 2|move 2
|
|move|p1a: Charmander|Slash|p2a: Hypno
|-crit|p2a: Hypno
|-damage|p2a: Hypno|0 fnt
|faint|p2a: Hypno
|choice||switch 4
|
|switch|p2a: Nidorino|Nidorino, L90|293\/293
|turn|17
|choice|move 3|move 1
|
|move|p1a: Charmander|Fire Blast|p2a: Nidorino
|-damage|p2a: Nidorino|161\/293
|move|p2a: Nidorino|Blizzard|p1a: Charmander
|-damage|p1a: Charmander|180\/270
|
|turn|18
|choice|move 3|move 2
|
|move|p1a: Charmander|Fire Blast|p2a: Nidorino
|-damage|p2a: Nidorino|19\/293
|-status|p2a: Nidorino|brn
|move|p2a: Nidorino|Body Slam|p1a: Charmander
|-damage|p1a: Charmander|140\/270
|-damage|p2a: Nidorino|1\/293 brn|[from] brn|[of] p1a: Charmander
|
|turn|19
|choice|move 2|move 4
|
|move|p1a: Charmander|Slash|p2a: Nidorino
|-crit|p2a: Nidorino
|-damage|p2a: Nidorino|0 fnt
|faint|p2a: Nidorino
|choice||switch 6
|
|switch|p2a: Magneton|Magneton, L90|273\/273
|turn|20
|choice|move 3|move 1
|
|move|p1a: Charmander|Fire Blast|p2a: Magneton
|-damage|p2a: Magneton|189\/273
|move|p2a: Magneton|Thunderbolt|p1a: Charmander
|-damage|p1a: Charmander|0 fnt
|faint|p1a: Charmander
|choice|switch 5|
|
|switch|p1a: Arcanine|Arcanine, L85|327\/327
|turn|21
|choice|move 3|move 4
|
|move|p1a: Arcanine|Body Slam|p2a: Magneton
|-damage|p2a: Magneton|129\/273
|move|p2a: Magneton|Thunder Wave|p1a: Arcanine
|-status|p1a: Arcanine|par
|
|turn|22
|choice|move 2|move 1
|
|move|p2a: Magneton|Thunderbolt|p1a: Arcanine
|-damage|p1a: Arcanine|185\/327 par
|move|p1a: Arcanine|Fire Blast|p2a: Magneton
|-damage|p2a: Magneton|46\/273
|
|turn|23
|choice|move 3|move 1
|
|move|p2a: Magneton|Thunderbolt|p1a: Arcanine
|-damage|p1a: Arcanine|42\/327 par
|move|p1a: Arcanine|Body Slam|p2a: Magneton
|-damage|p2a: Magneton|0 fnt
|faint|p2a: Magneton
|
|win|vsterel
|leave|TW19
|player|p2