|join|DavidXanatos
|join|Pietro Albuquerque
|player|p1|DavidXanatos|165
|player|p2|Pietro Albuquerque|109
|gametype|singles
|gen|1
|tier|[Gen 1] OU (beta)
|rated
|rule|Sleep Clause Mod: Limit one foe put to sleep
|rule|Species Clause: Limit one of each Pokémon
|rule|OHKO Clause: OHKO moves are banned
|rule|Evasion Moves Clause: Evasion moves are banned
|rule|HP Percentage Mod: HP is shown in percentages
|
|start
|switch|p1a: Gengar|Gengar|323\/323
|switch|p2a: Gengar|Gengar|323\/323
|turn|1
|
|move|p1a: Gengar|Hypnosis|p2a: Gengar
|-status|p2a: Gengar|slp
|cant|p2a: Gengar|slp
|
|turn|2
|
|switch|p1a: Exeggutor|Exeggutor|393\/393
|switch|p2a: Alakazam|Alakazam|313\/313
|
|turn|3
|
|move|p2a: Alakazam|Thunder Wave|p1a: Exeggutor
|-status|p1a: Exeggutor|par
|move|p1a: Exeggutor|Stun Spore|p2a: Alakazam
|-status|p2a: Alakazam|par
|
|turn|4
|
|switch|p2a: Tauros|Tauros|353\/353
|switch|p1a: Snorlax|Snorlax|523\/523
|
|turn|5
|
|move|p2a: Tauros|Earthquake|p1a: Snorlax
|-damage|p1a: Snorlax|417\/523
|move|p1a: Snorlax|Body Slam|p2a: Tauros
|-damage|p2a: Tauros|250\/353
|
|turn|6
|
|switch|p2a: Golem|Golem|363\/363
|move|p1a: Snorlax|Body Slam|p2a: Golem
|-resisted|p2a: Golem
|-damage|p2a: Golem|317\/363
|
|turn|7
|
|switch|p1a: Exeggutor|Exeggutor|393\/393 par
|move|p2a: Golem|Body Slam|p1a: Exeggutor
|-damage|p1a: Exeggutor|320\/393 par
|
|turn|8
|
|switch|p1a: Snorlax|Snorlax|417\/523
|move|p2a: Golem|Substitute|p2a: Golem
|-start|p2a: Golem|Substitute
|-damage|p2a: Golem|227\/363
|
|turn|9
|
|move|p2a: Golem|Body Slam|p1a: Snorlax
|-damage|p1a: Snorlax|327\/523
|-status|p1a: Snorlax|par
|move|p1a: Snorlax|Earthquake|p2a: Golem
|-supereffective|p2a: Golem
|-end|p2a: Golem|Substitute
|
|turn|10
|
|switch|p2a: Chansey|Chansey|703\/703
|move|p1a: Snorlax|Earthquake|p2a: Chansey
|-damage|p2a: Chansey|457\/703
|
|turn|11
|
|move|p2a: Chansey|Soft-Boiled|p2a: Chansey
|-heal|p2a: Chansey|703\/703
|move|p1a: Snorlax|Body Slam|p2a: Chansey
|-crit|p2a: Chansey
|-damage|p2a: Chansey|74\/703
|
|turn|12
|
|move|p2a: Chansey|Soft-Boiled|p2a: Chansey
|-heal|p2a: Chansey|425\/703
|move|p1a: Snorlax|Body Slam|p2a: Chansey
|-damage|p2a: Chansey|120\/703
|
|turn|13
|
|move|p2a: Chansey|Soft-Boiled|p2a: Chansey
|-heal|p2a: Chansey|471\/703
|move|p1a: Snorlax|Hyper Beam|p2a: Chansey
|-damage|p2a: Chansey|0 fnt
|faint|p2a: Chansey
|
|switch|p2a: Gengar|Gengar|323\/323 slp
|turn|14
|
|cant|p2a: Gengar|slp
|-curestatus|p2a: Gengar|slp
|move|p1a: Snorlax|Earthquake|p2a: Gengar
|-supereffective|p2a: Gengar
|-damage|p2a: Gengar|83\/323
|
|turn|15
|
|switch|p1a: Gengar|Gengar|323\/323
|move|p2a: Gengar|Confuse Ray|p1a: Gengar
|-start|p1a: Gengar|confusion
|
|turn|16
|
|switch|p1a: Exeggutor|Exeggutor|320\/393 par
|move|p2a: Gengar|Hypnosis|p1a: Exeggutor
|-fail|p1a: Exeggutor
|
|turn|17
|
|move|p2a: Gengar|Confuse Ray|p1a: Exeggutor
|-start|p1a: Exeggutor|confusion
|-activate|p1a: Exeggutor|confusion
|move|p1a: Exeggutor|Psychic|p2a: Gengar
|-crit|p2a: Gengar
|-supereffective|p2a: Gengar
|-damage|p2a: Gengar|0 fnt
|faint|p2a: Gengar
|
|switch|p2a: Alakazam|Alakazam|313\/313 par
|turn|18
|
|switch|p1a: Snorlax|Snorlax|327\/523 par
|move|p2a: Alakazam|Reflect|p2a: Alakazam
|
|turn|19
|
|move|p2a: Alakazam|Psychic|p1a: Snorlax
|-damage|p1a: Snorlax|169\/523 par
|move|p1a: Snorlax|Self-Destruct|p2a: Alakazam
|-damage|p2a: Alakazam|57\/313 par
|faint|p1a: Snorlax
|
|switch|p1a: Tauros|Tauros|353\/353
|turn|20
|
|switch|p2a: Golem|Golem|227\/363
|move|p1a: Tauros|Body Slam|p2a: Golem
|-resisted|p2a: Golem
|-damage|p2a: Golem|186\/363
|
|turn|21
|
|move|p1a: Tauros|Blizzard|p2a: Golem
|-supereffective|p2a: Golem
|-damage|p2a: Golem|0 fnt
|faint|p2a: Golem
|
|switch|p2a: Snorlax|Snorlax|523\/523
|turn|22
|
|switch|p1a: Gengar|Gengar|323\/323
|move|p2a: Snorlax|Body Slam|p1a: Gengar
|-immune|p1a: Gengar|[msg]
|
|turn|23
|
|move|p1a: Gengar|Thunderbolt|p2a: Snorlax
|-damage|p2a: Snorlax|416\/523
|move|p2a: Snorlax|Earthquake|p1a: Gengar
|-supereffective|p1a: Gengar
|-damage|p1a: Gengar|110\/323
|
|turn|24
|
|move|p1a: Gengar|Explosion|p2a: Snorlax
|-damage|p2a: Snorlax|161\/523
|faint|p1a: Gengar
|
|switch|p1a: Lapras|Lapras|463\/463
|turn|25
|
|switch|p2a: Tauros|Tauros|250\/353
|move|p1a: Lapras|Blizzard|p2a: Tauros
|-damage|p2a: Tauros|68\/353
|
|turn|26
|
|move|p2a: Tauros|Body Slam|p1a: Lapras
|-damage|p1a: Lapras|343\/463
|-status|p1a: Lapras|par
|move|p1a: Lapras|Blizzard|p2a: Tauros
|-damage|p2a: Tauros|0 fnt
|faint|p2a: Tauros
|
|switch|p2a: Snorlax|Snorlax|161\/523
|turn|27
|
|move|p2a: Snorlax|Earthquake|p1a: Lapras
|-damage|p1a: Lapras|245\/463 par
|move|p1a: Lapras|Blizzard|p2a: Snorlax
|-damage|p2a: Snorlax|0 fnt
|faint|p2a: Snorlax
|
|switch|p2a: Alakazam|Alakazam|57\/313 par
|turn|28
|
|cant|p2a: Alakazam|par
|move|p1a: Lapras|Confuse Ray|p2a: Alakazam
|-start|p2a: Alakazam|confusion
|
|turn|29
|
|-activate|p2a: Alakazam|confusion
|move|p2a: Alakazam|Recover|p2a: Alakazam
|-heal|p2a: Alakazam|213\/313 par
|cant|p1a: Lapras|par
|
|turn|30
|
|switch|p1a: Exeggutor|Exeggutor|320\/393 par
|cant|p2a: Alakazam|par
|
|turn|31
|
|-activate|p2a: Alakazam|confusion
|move|p2a: Alakazam|Reflect|p2a: Alakazam
|move|p1a: Exeggutor|Explosion|p2a: Alakazam
|-damage|p2a: Alakazam|22\/313 par
|faint|p1a: Exeggutor
|
|switch|p1a: Tauros|Tauros|353\/353
|turn|32
|
|move|p1a: Tauros|Body Slam|p2a: Alakazam
|-crit|p2a: Alakazam
|-damage|p2a: Alakazam|0 fnt
|faint|p2a: Alakazam
|
|win|DavidXanatos
|raw|Ladder updating...
|raw|DavidXanatos's rating: 1420 &rarr; <strong>1426<\/strong><br \/>(+6 for winning)
|raw|Pietro Albuquerque's rating: 1122 &rarr; <strong>1114<\/strong><br \/>(-8 for losing)
|leave|Pietro Albuquerque
|player|p2