|j|vsterel
|j|Skego
|player|p1|vsterel|2
|player|p2|Skego|126
|gametype|singles
|gen|1
|tier|[Gen 1] Random Battle
|rated
|seed|41369,20411,37071,59617
|rule|Sleep Clause Mod: Limit one foe put to sleep
|rule|Freeze Clause Mod: Limit one foe frozen
|rule|HP Percentage Mod: HP is shown in percentages
|
|start
|switch|p1a: Kabuto|Kabuto, L96|252\/252
|switch|p2a: Kabutops|Kabutops, L85|276\/276
|turn|1
|choice|move 4|move 1
|
|move|p2a: Kabutops|Surf|p1a: Kabuto
|-damage|p1a: Kabuto|147\/252
|move|p1a: Kabuto|Surf|p2a: Kabutops
|-damage|p2a: Kabutops|188\/276
|
|turn|2
|choice|move 4|move 1
|
|move|p2a: Kabutops|Surf|p1a: Kabuto
|-damage|p1a: Kabuto|30\/252
|move|p1a: Kabuto|Surf|p2a: Kabutops
|-damage|p2a: Kabutops|88\/276
|
|turn|3
|choice|move 4|move 1
|
|move|p2a: Kabutops|Surf|p1a: Kabuto
|-damage|p1a: Kabuto|0 fnt
|faint|p1a: Kabuto
|choice|switch 6|
|
|switch|p1a: Haunter|Haunter, L85|250\/250
|turn|4
|choice|move 2|switch 5
|
|switch|p2a: Mewtwo|Mewtwo, L70|293\/293
|move|p1a: Haunter|Mega Drain|p2a: Mewtwo
|-damage|p2a: Mewtwo|265\/293
|
|turn|5
|choice|move 1|move 4
|
|move|p2a: Mewtwo|Barrier|p2a: Mewtwo
|-boost|p2a: Mewtwo|def|2
|move|p1a: Haunter|Hypnosis|p2a: Mewtwo
|-status|p2a: Mewtwo|slp
|
|turn|6
|choice|switch 4|move 1
|
|switch|p1a: Weepinbell|Weepinbell, L85|284\/284
|cant|p2a: Mewtwo|slp
|
|turn|7
|choice|move 1|move 1
|
|cant|p2a: Mewtwo|slp
|move|p1a: Weepinbell|Razor Leaf|p2a: Mewtwo
|-crit|p2a: Mewtwo
|-damage|p2a: Mewtwo|181\/293 slp
|
|turn|8
|choice|move 1|move 1
|
|cant|p2a: Mewtwo|slp
|move|p1a: Weepinbell|Razor Leaf|p2a: Mewtwo
|-crit|p2a: Mewtwo
|-damage|p2a: Mewtwo|90\/293 slp
|
|turn|9
|choice|move 1|move 2
|
|-curestatus|p2a: Mewtwo|slp
|move|p1a: Weepinbell|Razor Leaf|p2a: Mewtwo
|-crit|p2a: Mewtwo
|-damage|p2a: Mewtwo|7\/293
|
|turn|10
|choice|move 3|move 2
|
|move|p2a: Mewtwo|Recover|p2a: Mewtwo
|-heal|p2a: Mewtwo|153\/293
|move|p1a: Weepinbell|Body Slam|p2a: Mewtwo
|-damage|p2a: Mewtwo|118\/293
|
|turn|11
|choice|move 2|move 2
|
|move|p2a: Mewtwo|Recover|p2a: Mewtwo
|-heal|p2a: Mewtwo|264\/293
|move|p1a: Weepinbell|Sleep Powder|p2a: Mewtwo|[miss]
|-miss|p1a: Weepinbell
|
|turn|12
|choice|move 2|switch 5
|
|switch|p2a: Kabutops|Kabutops, L85|88\/276
|move|p1a: Weepinbell|Sleep Powder|p2a: Kabutops
|-status|p2a: Kabutops|slp
|
|turn|13
|choice|move 4|switch 5
|
|switch|p2a: Mewtwo|Mewtwo, L70|264\/293
|move|p1a: Weepinbell|Swords Dance|p1a: Weepinbell
|-boost|p1a: Weepinbell|atk|2
|
|turn|14
|choice|move 3|move 1
|
|move|p2a: Mewtwo|Psychic|p1a: Weepinbell
|-supereffective|p1a: Weepinbell
|-damage|p1a: Weepinbell|93\/284
|move|p1a: Weepinbell|Body Slam|p2a: Mewtwo
|-damage|p2a: Mewtwo|122\/293
|
|turn|15
|choice|move 3|move 1
|
|move|p2a: Mewtwo|Psychic|p1a: Weepinbell
|-supereffective|p1a: Weepinbell
|-damage|p1a: Weepinbell|0 fnt
|faint|p1a: Weepinbell
|choice|switch 2|
|
|switch|p1a: Wigglytuff|Wigglytuff, L90|435\/435
|turn|16
|choice|move 4|move 2
|
|move|p2a: Mewtwo|Recover|p2a: Mewtwo
|-heal|p2a: Mewtwo|268\/293
|move|p1a: Wigglytuff|Thunder Wave|p2a: Mewtwo
|-status|p2a: Mewtwo|par
|
|turn|17
|choice|move 3|move 4
|
|move|p1a: Wigglytuff|Double-Edge|p2a: Mewtwo
|-damage|p2a: Mewtwo|158\/293 par
|-damage|p1a: Wigglytuff|408\/435|[from] recoil|[of] p2a: Mewtwo
|move|p2a: Mewtwo|Barrier|p2a: Mewtwo
|-boost|p2a: Mewtwo|def|2
|
|turn|18
|choice|move 3|move 2
|
|move|p1a: Wigglytuff|Double-Edge|p2a: Mewtwo
|-damage|p2a: Mewtwo|96\/293 par
|-damage|p1a: Wigglytuff|393\/435|[from] recoil|[of] p2a: Mewtwo
|move|p2a: Mewtwo|Recover|p2a: Mewtwo
|-heal|p2a: Mewtwo|242\/293 par
|
|turn|19
|choice|move 3|move 4
|
|move|p1a: Wigglytuff|Double-Edge|p2a: Mewtwo
|-damage|p2a: Mewtwo|186\/293 par
|-damage|p1a: Wigglytuff|379\/435|[from] recoil|[of] p2a: Mewtwo
|move|p2a: Mewtwo|Barrier|p2a: Mewtwo
|-boost|p2a: Mewtwo|def|2
|
|turn|20
|choice|move 3|move 2
|
|move|p1a: Wigglytuff|Double-Edge|p2a: Mewtwo
|-damage|p2a: Mewtwo|145\/293 par
|-damage|p1a: Wigglytuff|369\/435|[from] recoil|[of] p2a: Mewtwo
|move|p2a: Mewtwo|Recover|p2a: Mewtwo
|-heal|p2a: Mewtwo|291\/293 par
|
|turn|21
|choice|move 3|move 1
|
|move|p1a: Wigglytuff|Double-Edge|p2a: Mewtwo
|-damage|p2a: Mewtwo|251\/293 par
|-damage|p1a: Wigglytuff|359\/435|[from] recoil|[of] p2a: Mewtwo
|move|p2a: Mewtwo|Psychic|p1a: Wigglytuff
|-damage|p1a: Wigglytuff|237\/435
|
|turn|22
|choice|move 3|move 1
|
|move|p1a: Wigglytuff|Double-Edge|p2a: Mewtwo
|-crit|p2a: Mewtwo
|-damage|p2a: Mewtwo|42\/293 par
|-damage|p1a: Wigglytuff|185\/435|[from] recoil|[of] p2a: Mewtwo
|move|p2a: Mewtwo|Psychic|p1a: Wigglytuff
|-damage|p1a: Wigglytuff|63\/435
|
|turn|23
|choice|move 3|switch 6
|
|switch|p2a: Tangela|Tangela, L85|284\/284
|move|p1a: Wigglytuff|Double-Edge|p2a: Tangela
|-damage|p2a: Tangela|201\/284
|-damage|p1a: Wigglytuff|43\/435|[from] recoil|[of] p2a: Tangela
|
|turn|24
|choice|move 3|move 2
|
|move|p2a: Tangela|Body Slam|p1a: Wigglytuff
|-crit|p1a: Wigglytuff
|-damage|p1a: Wigglytuff|0 fnt
|faint|p1a: Wigglytuff
|choice|switch 3|
|
|switch|p1a: Porygon|Porygon, L85|284\/284
|turn|25
|choice|move 3|move 2
|
|move|p2a: Tangela|Body Slam|p1a: Porygon
|-damage|p1a: Porygon|229\/284
|move|p1a: Porygon|Agility|p1a: Porygon
|-boost|p1a: Porygon|spe|2
|
|turn|26
|choice|move 2|move 2
|
|move|p1a: Porygon|Ice Beam|p2a: Tangela
|-crit|p2a: Tangela
|-supereffective|p2a: Tangela
|-damage|p2a: Tangela|0 fnt
|faint|p2a: Tangela
|choice||switch 2
|
|switch|p2a: Muk|Muk, L90|372\/372
|turn|27
|choice|move 4|move 4
|
|move|p1a: Porygon|Double-Edge|p2a: Muk
|-damage|p2a: Muk|285\/372
|-damage|p1a: Porygon|208\/284|[from] recoil|[of] p2a: Muk
|move|p2a: Muk|Sludge|p1a: Porygon
|-damage|p1a: Porygon|108\/284
|-status|p1a: Porygon|psn
|
|turn|28
|choice|move 1|move 4
|
|move|p1a: Porygon|Recover|p1a: Porygon
|-heal|p1a: Porygon|250\/284 psn
|-damage|p1a: Porygon|233\/284 psn|[from] psn
|move|p2a: Muk|Sludge|p1a: Porygon
|-damage|p1a: Porygon|136\/284 psn
|
|turn|29
|choice|move 1|move 3
|
|move|p1a: Porygon|Recover|p1a: Porygon
|-heal|p1a: Porygon|278\/284 psn
|-damage|p1a: Porygon|261\/284 psn|[from] psn
|move|p2a: Muk|Body Slam|p1a: Porygon
|-damage|p1a: Porygon|184\/284 psn
|
|turn|30
|choice|move 2|move 4
|
|move|p1a: Porygon|Ice Beam|p2a: Muk
|-damage|p2a: Muk|214\/372
|-damage|p1a: Porygon|167\/284 psn|[from] psn|[of] p2a: Muk
|move|p2a: Muk|Sludge|p1a: Porygon
|-damage|p1a: Porygon|71\/284 psn
|
|turn|31
|choice|move 1|move 1
|
|move|p1a: Porygon|Recover|p1a: Porygon
|-heal|p1a: Porygon|213\/284 psn
|-damage|p1a: Porygon|196\/284 psn|[from] psn
|move|p2a: Muk|Explosion|p1a: Porygon
|-damage|p1a: Porygon|0 fnt
|faint|p1a: Porygon
|faint|p2a: Muk
|choice|switch 5|switch 3
|
|switch|p1a: Mewtwo|Mewtwo, L70|293\/293
|switch|p2a: Dragonair|Dragonair, L85|277\/277
|turn|32
|choice|move 2|move 1
|
|move|p1a: Mewtwo|Blizzard|p2a: Dragonair
|-supereffective|p2a: Dragonair
|-damage|p2a: Dragonair|73\/277
|move|p2a: Dragonair|Thunder Wave|p1a: Mewtwo
|-status|p1a: Mewtwo|par
|
|turn|33
|choice|move 1|move 4
|
|move|p2a: Dragonair|Hyper Beam|p1a: Mewtwo
|-damage|p1a: Mewtwo|170\/293 par
|cant|p1a: Mewtwo|par
|
|turn|34
|-mustrecharge|p2a: Dragonair
|-mustrecharge|p2a: Dragonair
|choice|move 3|move 1
|
|cant|p2a: Dragonair|recharge
|cant|p1a: Mewtwo|par
|
|turn|35
|choice|move 3|move 4
|
|move|p2a: Dragonair|Hyper Beam|p1a: Mewtwo
|-crit|p1a: Mewtwo
|-damage|p1a: Mewtwo|0 fnt
|faint|p1a: Mewtwo
|choice|switch 4|
|
|switch|p1a: Haunter|Haunter, L85|250\/250
|turn|36
|choice|move 4|move 1
|
|move|p1a: Haunter|Confuse Ray|p2a: Dragonair
|-start|p2a: Dragonair|confusion
|-activate|p2a: Dragonair|confusion
|-damage|p2a: Dragonair|38\/277|[from] confusion
|
|turn|37
|choice|move 3|move 1
|
|move|p1a: Haunter|Thunderbolt|p2a: Dragonair
|-resisted|p2a: Dragonair
|-damage|p2a: Dragonair|0 fnt
|faint|p2a: Dragonair
|choice||switch 4
|
|switch|p2a: Dewgong|Dewgong, L85|327\/327
|turn|38
|choice|move 3|move 4
|
|move|p1a: Haunter|Thunderbolt|p2a: Dewgong
|-supereffective|p2a: Dewgong
|-damage|p2a: Dewgong|179\/327
|move|p2a: Dewgong|Surf|p1a: Haunter
|-damage|p1a: Haunter|167\/250
|
|turn|39
|choice|move 3|move 4
|
|move|p1a: Haunter|Thunderbolt|p2a: Dewgong
|-supereffective|p2a: Dewgong
|-damage|p2a: Dewgong|38\/327
|-status|p2a: Dewgong|par
|cant|p2a: Dewgong|par
|
|turn|40
|choice|move 2|move 4
|
|move|p1a: Haunter|Mega Drain|p2a: Dewgong
|-supereffective|p2a: Dewgong
|-damage|p2a: Dewgong|0 fnt
|-heal|p1a: Haunter|186\/250|[from] drain|[of] p2a: Dewgong
|faint|p2a: Dewgong
|choice||switch 6
|
|switch|p2a: Mewtwo|Mewtwo, L70|42\/293 par
|turn|41
|choice|move 3|move 2
|
|move|p1a: Haunter|Thunderbolt|p2a: Mewtwo
|-damage|p2a: Mewtwo|0 fnt
|faint|p2a: Mewtwo
|choice||switch 5
|
|switch|p2a: Kabutops|Kabutops, L85|88\/276 slp
|turn|42
|-message|Skego forfeited.
|
|win|vsterel
|l|Skego
|player|p2
|raw|vsterel's rating: 1394 &rarr; <strong>1409<\/strong><br \/>(+15 for winning)
|raw|Skego's rating: 1310 &rarr; <strong>1295<\/strong><br \/>(-15 for losing)