|join|PeachCat93
|join|Buts X
|player|p1|PeachCat93|263
|player|p2|Buts X|43
|gametype|singles
|gen|1
|tier|[Gen 1] Random Battle
|rated
|rule|Sleep Clause Mod: Limit one foe put to sleep
|rule|Freeze Clause Mod: Limit one foe frozen
|rule|HP Percentage Mod: HP is shown in percentages
|
|start
|switch|p1a: Machamp|Machamp, L85|327\/327
|switch|p2a: Golem|Golem, L79|288\/288
|turn|1
|
|switch|p2a: Slowbro|Slowbro, L79|312\/312
|move|p1a: Machamp|Submission|p2a: Slowbro
|-resisted|p2a: Slowbro
|-damage|p2a: Slowbro|259\/312
|-damage|p1a: Machamp|314\/327|[from] recoil|[of] p2a: Slowbro
|
|turn|2
|
|switch|p1a: Mew|Mew, L74|300\/300
|move|p2a: Slowbro|Thunder Wave|p1a: Mew
|-status|p1a: Mew|par
|
|turn|3
|
|move|p2a: Slowbro|Amnesia|p2a: Slowbro
|-boost|p2a: Slowbro|spd|2
|-boost|p2a: Slowbro|spa|2
|move|p1a: Mew|Thunderbolt|p2a: Slowbro
|-supereffective|p2a: Slowbro
|-damage|p2a: Slowbro|197\/312
|
|turn|4
|
|move|p2a: Slowbro|Amnesia|p2a: Slowbro
|-boost|p2a: Slowbro|spd|2
|-boost|p2a: Slowbro|spa|2
|move|p1a: Mew|Thunderbolt|p2a: Slowbro
|-supereffective|p2a: Slowbro
|-damage|p2a: Slowbro|158\/312
|
|turn|5
|
|move|p2a: Slowbro|Amnesia|p2a: Slowbro
|-boost|p2a: Slowbro|spd|2
|-boost|p2a: Slowbro|spa|2
|cant|p1a: Mew|par
|
|turn|6
|
|move|p2a: Slowbro|Rest|p2a: Slowbro
|-status|p2a: Slowbro|slp
|-heal|p2a: Slowbro|312\/312 slp|[silent]
|-status|p2a: Slowbro|slp|[from] move: Rest
|cant|p1a: Mew|par
|
|turn|7
|
|cant|p2a: Slowbro|slp
|move|p1a: Mew|Thunderbolt|p2a: Slowbro
|-crit|p2a: Slowbro
|-supereffective|p2a: Slowbro
|-damage|p2a: Slowbro|88\/312 slp
|
|turn|8
|c|★Buts X|no crits
|
|cant|p2a: Slowbro|slp
|-curestatus|p2a: Slowbro|slp
|move|p1a: Mew|Thunderbolt|p2a: Slowbro
|-supereffective|p2a: Slowbro
|-damage|p2a: Slowbro|56\/312
|
|turn|9
|
|move|p2a: Slowbro|Rest|p2a: Slowbro
|-status|p2a: Slowbro|slp
|-heal|p2a: Slowbro|312\/312 slp|[silent]
|-status|p2a: Slowbro|slp|[from] move: Rest
|cant|p1a: Mew|par
|
|turn|10
|
|cant|p2a: Slowbro|slp
|move|p1a: Mew|Thunderbolt|p2a: Slowbro
|-supereffective|p2a: Slowbro
|-damage|p2a: Slowbro|280\/312 slp
|
|turn|11
|
|cant|p2a: Slowbro|slp
|-curestatus|p2a: Slowbro|slp
|cant|p1a: Mew|par
|
|turn|12
|
|move|p2a: Slowbro|Surf|p1a: Mew
|-damage|p1a: Mew|0 fnt
|faint|p1a: Mew
|
|switch|p1a: Wigglytuff|Wigglytuff, L85|412\/412
|turn|13
|
|move|p1a: Wigglytuff|Sing|p2a: Slowbro
|-status|p2a: Slowbro|slp
|cant|p2a: Slowbro|slp
|
|turn|14
|
|move|p1a: Wigglytuff|Body Slam|p2a: Slowbro
|-damage|p2a: Slowbro|212\/312 slp
|cant|p2a: Slowbro|slp
|
|turn|15
|
|move|p1a: Wigglytuff|Blizzard|p2a: Slowbro
|-resisted|p2a: Slowbro
|-damage|p2a: Slowbro|204\/312 slp
|cant|p2a: Slowbro|slp
|
|turn|16
|
|move|p1a: Wigglytuff|Body Slam|p2a: Slowbro
|-damage|p2a: Slowbro|137\/312 slp
|cant|p2a: Slowbro|slp
|
|turn|17
|
|move|p1a: Wigglytuff|Body Slam|p2a: Slowbro
|-damage|p2a: Slowbro|70\/312 slp
|cant|p2a: Slowbro|slp
|
|turn|18
|
|move|p1a: Wigglytuff|Body Slam|p2a: Slowbro
|-damage|p2a: Slowbro|0 fnt
|faint|p2a: Slowbro
|
|switch|p2a: Jynx|Jynx, L79|265\/265
|turn|19
|
|move|p2a: Jynx|Psychic|p1a: Wigglytuff
|-damage|p1a: Wigglytuff|292\/412
|move|p1a: Wigglytuff|Sing|p2a: Jynx
|-status|p2a: Jynx|slp
|
|turn|20
|
|switch|p1a: Charmeleon|Charmeleon, L85|272\/272
|cant|p2a: Jynx|slp
|
|turn|21
|
|switch|p2a: Golem|Golem, L79|288\/288
|move|p1a: Charmeleon|Fire Blast|p2a: Golem
|-resisted|p2a: Golem
|-damage|p2a: Golem|220\/288
|-status|p2a: Golem|brn
|
|turn|22
|
|move|p1a: Charmeleon|Seismic Toss|p2a: Golem
|-damage|p2a: Golem|135\/288 brn
|move|p2a: Golem|Earthquake|p1a: Charmeleon
|-supereffective|p1a: Charmeleon
|-damage|p1a: Charmeleon|137\/272
|-damage|p2a: Golem|117\/288 brn|[from] brn|[of] p1a: Charmeleon
|
|turn|23
|
|switch|p1a: Kabutops|Kabutops, L85|276\/276
|move|p2a: Golem|Earthquake|p1a: Kabutops
|-supereffective|p1a: Kabutops
|-damage|p1a: Kabutops|185\/276
|-damage|p2a: Golem|99\/288 brn|[from] brn|[of] p1a: Kabutops
|
|turn|24
|
|move|p1a: Kabutops|Surf|p2a: Golem
|-supereffective|p2a: Golem
|-damage|p2a: Golem|0 fnt
|faint|p2a: Golem
|
|switch|p2a: Jynx|Jynx, L79|265\/265 slp
|turn|25
|
|switch|p1a: Charmeleon|Charmeleon, L85|137\/272
|cant|p2a: Jynx|slp
|
|turn|26
|
|switch|p2a: Persian|Persian, L79|265\/265
|move|p1a: Charmeleon|Fire Blast|p2a: Persian
|-damage|p2a: Persian|143\/265
|
|turn|27
|
|move|p2a: Persian|Bubble Beam|p1a: Charmeleon
|-crit|p1a: Charmeleon
|-supereffective|p1a: Charmeleon
|-damage|p1a: Charmeleon|0 fnt
|faint|p1a: Charmeleon
|
|switch|p1a: Machamp|Machamp, L85|314\/327
|turn|28
|
|move|p2a: Persian|Hyper Beam|p1a: Machamp
|-damage|p1a: Machamp|192\/327
|move|p1a: Machamp|Submission|p2a: Persian
|-supereffective|p2a: Persian
|-damage|p2a: Persian|0 fnt
|-damage|p1a: Machamp|157\/327|[from] recoil|[of] p2a: Persian
|faint|p2a: Persian
|
|switch|p2a: Ditto|Ditto, L99|296\/296
|turn|29
|
|move|p2a: Ditto|Transform|p1a: Machamp
|-transform|p2a: Ditto|p1a: Machamp
|move|p1a: Machamp|Submission|p2a: Ditto|[miss]
|-miss|p1a: Machamp
|
|turn|30
|
|switch|p1a: Wigglytuff|Wigglytuff, L85|292\/412
|move|p2a: Ditto|Earthquake|p1a: Wigglytuff
|-damage|p1a: Wigglytuff|151\/412
|
|turn|31
|
|move|p2a: Ditto|Earthquake|p1a: Wigglytuff
|-damage|p1a: Wigglytuff|11\/412
|move|p1a: Wigglytuff|Blizzard|p2a: Ditto
|-damage|p2a: Ditto|226\/296
|
|turn|32
|
|move|p2a: Ditto|Earthquake|p1a: Wigglytuff
|-damage|p1a: Wigglytuff|0 fnt
|faint|p1a: Wigglytuff
|
|switch|p1a: Cubone|Cubone, L96|291\/291
|turn|33
|
|move|p2a: Ditto|Earthquake|p1a: Cubone
|-crit|p1a: Cubone
|-damage|p1a: Cubone|130\/291
|move|p1a: Cubone|Body Slam|p2a: Ditto
|-damage|p2a: Ditto|174\/296
|
|turn|34
|
|move|p2a: Ditto|Earthquake|p1a: Cubone
|-damage|p1a: Cubone|41\/291
|move|p1a: Cubone|Earthquake|p2a: Ditto
|-damage|p2a: Ditto|81\/296
|
|turn|35
|
|move|p2a: Ditto|Hyper Beam|p1a: Cubone|[miss]
|-miss|p2a: Ditto
|move|p1a: Cubone|Earthquake|p2a: Ditto
|-damage|p2a: Ditto|0 fnt
|faint|p2a: Ditto
|
|switch|p2a: Jynx|Jynx, L79|265\/265 slp
|turn|36
|
|cant|p2a: Jynx|slp
|move|p1a: Cubone|Earthquake|p2a: Jynx
|-damage|p2a: Jynx|93\/265 slp
|
|turn|37
|
|cant|p2a: Jynx|slp
|move|p1a: Cubone|Earthquake|p2a: Jynx
|-damage|p2a: Jynx|0 fnt
|faint|p2a: Jynx
|
|switch|p2a: Lapras|Lapras, L79|367\/367
|turn|38
|
|move|p2a: Lapras|Ice Beam|p1a: Cubone
|-supereffective|p1a: Cubone
|-damage|p1a: Cubone|0 fnt
|faint|p1a: Cubone
|
|switch|p1a: Machamp|Machamp, L85|157\/327
|turn|39
|
|move|p1a: Machamp|Submission|p2a: Lapras
|-supereffective|p2a: Lapras
|-damage|p2a: Lapras|139\/367
|-damage|p1a: Machamp|100\/327|[from] recoil|[of] p2a: Lapras
|move|p2a: Lapras|Ice Beam|p1a: Machamp
|-damage|p1a: Machamp|0 fnt
|faint|p1a: Machamp
|
|switch|p1a: Kabutops|Kabutops, L85|185\/276
|turn|40
|
|move|p1a: Kabutops|Hyper Beam|p2a: Lapras
|-damage|p2a: Lapras|5\/367
|move|p2a: Lapras|Confuse Ray|p1a: Kabutops
|-start|p1a: Kabutops|confusion
|
|turn|41
|
|cant|p1a: Kabutops|recharge
|move|p2a: Lapras|Rest|p2a: Lapras
|-status|p2a: Lapras|slp
|-heal|p2a: Lapras|367\/367 slp|[silent]
|-status|p2a: Lapras|slp|[from] move: Rest
|
|turn|42
|
|-activate|p1a: Kabutops|confusion
|move|p1a: Kabutops|Swords Dance|p1a: Kabutops
|-boost|p1a: Kabutops|atk|2
|cant|p2a: Lapras|slp
|
|turn|43
|
|-end|p1a: Kabutops|confusion
|move|p1a: Kabutops|Body Slam|p2a: Lapras
|-damage|p2a: Lapras|206\/367 slp
|cant|p2a: Lapras|slp
|-curestatus|p2a: Lapras|slp
|
|turn|44
|
|move|p1a: Kabutops|Body Slam|p2a: Lapras
|-damage|p2a: Lapras|62\/367
|move|p2a: Lapras|Confuse Ray|p1a: Kabutops
|-start|p1a: Kabutops|confusion
|
|turn|45
|
|-activate|p1a: Kabutops|confusion
|move|p1a: Kabutops|Body Slam|p2a: Lapras
|-damage|p2a: Lapras|0 fnt
|faint|p2a: Lapras
|
|win|PeachCat93
|raw|Ladder updating...
|raw|PeachCat93's rating: 1125 &rarr; <strong>1163<\/strong><br \/>(+38 for winning)
|raw|Buts X's rating: 1316 &rarr; <strong>1286<\/strong><br \/>(-30 for losing)
|c|★PeachCat93|gg
|c|★Buts X|fu