|join|MaexPayne
|join|bj0rn
|player|p1|MaexPayne|12
|player|p2|bj0rn|170
|gametype|singles
|gen|1
|tier|[Gen 1] OU (beta)
|rated
|rule|Sleep Clause Mod: Limit one foe put to sleep
|rule|Species Clause: Limit one of each Pokemon
|rule|OHKO Clause: OHKO moves are banned
|rule|Moody Clause: Moody is banned
|rule|Evasion Moves Clause: Evasion moves are banned
|rule|Endless Battle Clause: Forcing endless battles is banned.
|rule|HP Percentage Mod: HP is reported as percentages
|
|start
|switch|p1a: Alakazam|Alakazam|313\/313
|switch|p2a: Alakazam|Alakazam|313\/313
|turn|1
|
|switch|p2a: Chansey|Chansey|703\/703
|move|p1a: Alakazam|Thunder Wave|p2a: Chansey
|-status|p2a: Chansey|par
|
|turn|2
|
|switch|p1a: Snorlax|Snorlax|523\/523
|cant|p2a: Chansey|par
|
|turn|3
|join|Akrein
|
|switch|p2a: Exeggutor|Exeggutor|393\/393
|move|p1a: Snorlax|Earthquake|p2a: Exeggutor
|-resisted|p2a: Exeggutor
|-damage|p2a: Exeggutor|346\/393
|
|turn|4
|
|switch|p1a: Alakazam|Alakazam|313\/313
|move|p2a: Exeggutor|Sleep Powder|p1a: Alakazam
|-status|p1a: Alakazam|slp
|
|turn|5
|
|cant|p1a: Alakazam|slp
|move|p2a: Exeggutor|Psychic|p1a: Alakazam
|-resisted|p1a: Alakazam
|-damage|p1a: Alakazam|264\/313 slp
|
|turn|6
|
|cant|p1a: Alakazam|slp
|move|p2a: Exeggutor|Psychic|p1a: Alakazam
|-resisted|p1a: Alakazam
|-damage|p1a: Alakazam|216\/313 slp
|-unboost|p1a: Alakazam|spd|1
|-unboost|p1a: Alakazam|spa|1
|
|turn|7
|leave|Akrein
|
|switch|p1a: Exeggutor|Exeggutor|393\/393
|switch|p2a: Tauros|Tauros|353\/353
|
|turn|8
|
|switch|p2a: Chansey|Chansey|703\/703 par
|move|p1a: Exeggutor|Stun Spore|p2a: Chansey
|-fail|p2a: Chansey|par
|
|turn|9
|
|switch|p1a: Alakazam|Alakazam|216\/313 slp
|move|p2a: Chansey|Ice Beam|p1a: Alakazam
|-damage|p1a: Alakazam|151\/313 slp
|
|turn|10
|
|switch|p1a: Snorlax|Snorlax|523\/523
|switch|p2a: Tauros|Tauros|353\/353
|
|turn|11
|
|switch|p2a: Tentacruel|Tentacruel|363\/363
|move|p1a: Snorlax|Body Slam|p2a: Tentacruel
|-damage|p2a: Tentacruel|216\/363
|-status|p2a: Tentacruel|par
|
|turn|12
|
|switch|p2a: Exeggutor|Exeggutor|346\/393
|move|p1a: Snorlax|Body Slam|p2a: Exeggutor
|-damage|p2a: Exeggutor|236\/393
|
|turn|13
|
|switch|p1a: Alakazam|Alakazam|151\/313 slp
|move|p2a: Exeggutor|Psychic|p1a: Alakazam
|-crit|p1a: Alakazam
|-resisted|p1a: Alakazam
|-damage|p1a: Alakazam|57\/313 slp
|
|turn|14
|
|cant|p1a: Alakazam|slp
|-curestatus|p1a: Alakazam|slp
|move|p2a: Exeggutor|Psychic|p1a: Alakazam
|-resisted|p1a: Alakazam
|-damage|p1a: Alakazam|9\/313
|-unboost|p1a: Alakazam|spd|1
|-unboost|p1a: Alakazam|spa|1
|
|turn|15
|
|move|p1a: Alakazam|Recover|p1a: Alakazam
|-heal|p1a: Alakazam|165\/313
|move|p2a: Exeggutor|Sleep Powder|p1a: Alakazam
|-status|p1a: Alakazam|slp
|
|turn|16
|
|switch|p1a: Exeggutor|Exeggutor|393\/393
|move|p2a: Exeggutor|Psychic|p1a: Exeggutor
|-resisted|p1a: Exeggutor
|-damage|p1a: Exeggutor|338\/393
|-unboost|p1a: Exeggutor|spd|1
|-unboost|p1a: Exeggutor|spa|1
|
|turn|17
|
|switch|p2a: Tentacruel|Tentacruel|216\/363 par
|switch|p1a: Alakazam|Alakazam|165\/313 slp
|
|turn|18
|
|switch|p1a: Starmie|Starmie|323\/323
|move|p2a: Tentacruel|Hydro Pump|p1a: Starmie
|-crit|p1a: Starmie
|-resisted|p1a: Starmie
|-damage|p1a: Starmie|162\/323
|
|turn|19
|
|switch|p2a: Chansey|Chansey|703\/703 par
|move|p1a: Starmie|Thunderbolt|p2a: Chansey
|-damage|p2a: Chansey|632\/703 par
|
|turn|20
|
|move|p1a: Starmie|Recover|p1a: Starmie
|-heal|p1a: Starmie|323\/323
|move|p2a: Chansey|Ice Beam|p1a: Starmie
|-resisted|p1a: Starmie
|-damage|p1a: Starmie|286\/323
|
|turn|21
|
|switch|p1a: Snorlax|Snorlax|523\/523
|move|p2a: Chansey|Thunderbolt|p1a: Snorlax
|-damage|p1a: Snorlax|431\/523
|
|turn|22
|
|switch|p2a: Golem|Golem|363\/363
|move|p1a: Snorlax|Body Slam|p2a: Golem
|-resisted|p2a: Golem
|-damage|p2a: Golem|319\/363
|
|turn|23
|
|switch|p1a: Starmie|Starmie|286\/323
|move|p2a: Golem|Body Slam|p1a: Starmie
|-damage|p1a: Starmie|212\/323
|
|turn|24
|
|move|p1a: Starmie|Blizzard|p2a: Golem
|-supereffective|p2a: Golem
|-damage|p2a: Golem|48\/363
|move|p2a: Golem|Explosion|p1a: Starmie
|-damage|p1a: Starmie|0 fnt
|faint|p1a: Starmie
|faint|p2a: Golem
|
|switch|p1a: Tauros|Tauros|353\/353
|switch|p2a: Tentacruel|Tentacruel|216\/363 par
|turn|25
|
|move|p1a: Tauros|Body Slam|p2a: Tentacruel
|-damage|p2a: Tentacruel|90\/363 par
|move|p2a: Tentacruel|Hydro Pump|p1a: Tauros
|-damage|p1a: Tauros|160\/353
|
|turn|26
|
|move|p1a: Tauros|Body Slam|p2a: Tentacruel
|-damage|p2a: Tentacruel|0 fnt
|faint|p2a: Tentacruel
|
|
|switch|p2a: Alakazam|Alakazam|313\/313
|turn|27
|
|switch|p1a: Alakazam|Alakazam|165\/313 slp
|move|p2a: Alakazam|Psychic|p1a: Alakazam
|-resisted|p1a: Alakazam
|-damage|p1a: Alakazam|114\/313 slp
|-unboost|p1a: Alakazam|spd|1
|-unboost|p1a: Alakazam|spa|1
|
|turn|28
|
|switch|p1a: Exeggutor|Exeggutor|338\/393
|move|p2a: Alakazam|Psychic|p1a: Exeggutor
|-resisted|p1a: Exeggutor
|-damage|p1a: Exeggutor|281\/393
|
|turn|29
|
|switch|p2a: Chansey|Chansey|632\/703 par
|switch|p1a: Alakazam|Alakazam|114\/313 slp
|
|turn|30
|
|switch|p1a: Snorlax|Snorlax|431\/523
|cant|p2a: Chansey|par
|
|turn|31
|
|switch|p2a: Exeggutor|Exeggutor|236\/393
|move|p1a: Snorlax|Body Slam|p2a: Exeggutor
|-damage|p2a: Exeggutor|115\/393
|
|turn|32
|
|switch|p1a: Alakazam|Alakazam|114\/313 slp
|move|p2a: Exeggutor|Explosion|p1a: Alakazam
|-damage|p1a: Alakazam|0 fnt
|faint|p1a: Alakazam
|faint|p2a: Exeggutor
|
|switch|p2a: Alakazam|Alakazam|313\/313
|switch|p1a: Exeggutor|Exeggutor|281\/393
|turn|33
|
|switch|p2a: Chansey|Chansey|632\/703 par
|move|p1a: Exeggutor|Sleep Powder|p2a: Chansey|[miss]
|-miss|p1a: Exeggutor
|
|turn|34
|
|switch|p1a: Snorlax|Snorlax|431\/523
|switch|p2a: Tauros|Tauros|353\/353
|
|turn|35
|
|move|p2a: Tauros|Body Slam|p1a: Snorlax
|-damage|p1a: Snorlax|301\/523
|move|p1a: Snorlax|Body Slam|p2a: Tauros
|-damage|p2a: Tauros|244\/353
|
|turn|36
|
|switch|p1a: Golem|Golem|363\/363
|move|p2a: Tauros|Body Slam|p1a: Golem
|-resisted|p1a: Golem
|-damage|p1a: Golem|323\/363
|
|turn|37
|
|move|p2a: Tauros|Blizzard|p1a: Golem
|-supereffective|p1a: Golem
|-damage|p1a: Golem|104\/363
|move|p1a: Golem|Explosion|p2a: Tauros
|-damage|p2a: Tauros|0 fnt
|faint|p2a: Tauros
|faint|p1a: Golem
|
|switch|p2a: Alakazam|Alakazam|313\/313
|switch|p1a: Exeggutor|Exeggutor|281\/393
|turn|38
|
|switch|p2a: Chansey|Chansey|632\/703 par
|move|p1a: Exeggutor|Explosion|p2a: Chansey
|-damage|p2a: Chansey|0 fnt
|faint|p2a: Chansey
|faint|p1a: Exeggutor
|
|switch|p2a: Alakazam|Alakazam|313\/313
|switch|p1a: Snorlax|Snorlax|301\/523
|turn|39
|
|move|p2a: Alakazam|Reflect|p2a: Alakazam
|move|p1a: Snorlax|Self-Destruct|p2a: Alakazam
|-crit|p2a: Alakazam
|-damage|p2a: Alakazam|0 fnt
|faint|p2a: Alakazam
|faint|p1a: Snorlax
|
|win|MaexPayne
|raw|Ladder updating...
|raw|MaexPayne's rating: 1334 &rarr; <strong>1356<\/strong><br \/>(+22 for winning)
|raw|bj0rn's rating: 1364 &rarr; <strong>1342<\/strong><br \/>(-22 for losing)
|leave|bj0rn
|player|p2
|leave|MaexPayne
|player|p1
|join|MaexPayne