|j|snowani
|j|gravygraves
|player|p1|snowani|1
|player|p2|gravygraves|22
|gametype|singles
|gen|1
|tier|[Gen 1] Random Battle
|rated
|seed|34062,14562,25015,5704
|rule|Sleep Clause Mod: Limit one foe put to sleep
|rule|Freeze Clause Mod: Limit one foe frozen
|rule|HP Percentage Mod: HP is shown in percentages
|
|start
|switch|p1a: Snorlax|Snorlax, L79|415\/415
|switch|p2a: Scyther|Scyther, L90|309\/309
|turn|1
|choice|move 1|move 1
|
|move|p2a: Scyther|Swords Dance|p2a: Scyther
|-boost|p2a: Scyther|atk|2
|move|p1a: Snorlax|Amnesia|p1a: Snorlax
|-boost|p1a: Snorlax|spd|2
|-boost|p1a: Snorlax|spa|2
|
|turn|2
|choice|move 3|move 2
|
|move|p2a: Scyther|Slash|p1a: Snorlax
|-crit|p1a: Snorlax
|-damage|p1a: Snorlax|256\/415
|move|p1a: Snorlax|Blizzard|p2a: Scyther
|-supereffective|p2a: Scyther
|-damage|p2a: Scyther|26\/309
|-status|p2a: Scyther|frz
|
|turn|3
|choice|move 1|move 3
|
|cant|p2a: Scyther|frz
|move|p1a: Snorlax|Amnesia|p1a: Snorlax
|-boost|p1a: Snorlax|spd|2
|-boost|p1a: Snorlax|spa|2
|
|turn|4
|choice|move 2|move 3
|
|cant|p2a: Scyther|frz
|move|p1a: Snorlax|Hyper Beam|p2a: Scyther
|-damage|p2a: Scyther|0 fnt
|faint|p2a: Scyther
|choice||switch 3
|
|switch|p2a: Weezing|Weezing, L90|300\/300
|turn|5
|choice|move 4|move 2
|
|move|p2a: Weezing|Sludge|p1a: Snorlax
|-damage|p1a: Snorlax|158\/415
|move|p1a: Snorlax|Earthquake|p2a: Weezing
|-supereffective|p2a: Weezing
|-damage|p2a: Weezing|190\/300
|
|turn|6
|choice|move 2|move 2
|
|move|p2a: Weezing|Sludge|p1a: Snorlax
|-damage|p1a: Snorlax|64\/415
|move|p1a: Snorlax|Hyper Beam|p2a: Weezing
|-damage|p2a: Weezing|66\/300
|
|turn|7
|-mustrecharge|p1a: Snorlax
|-mustrecharge|p1a: Snorlax
|choice|move 1|move 2
|
|move|p2a: Weezing|Sludge|p1a: Snorlax
|-damage|p1a: Snorlax|0 fnt
|faint|p1a: Snorlax
|choice|switch 6|
|
|switch|p1a: Poliwhirl|Poliwhirl, L85|284\/284
|turn|8
|choice|move 1|move 4
|
|move|p1a: Poliwhirl|Amnesia|p1a: Poliwhirl
|-boost|p1a: Poliwhirl|spd|2
|-boost|p1a: Poliwhirl|spa|2
|move|p2a: Weezing|Thunder|p1a: Poliwhirl
|-supereffective|p1a: Poliwhirl
|-damage|p1a: Poliwhirl|155\/284
|
|turn|9
|choice|move 3|move 1
|
|move|p1a: Poliwhirl|Psychic|p2a: Weezing
|-crit|p2a: Weezing
|-supereffective|p2a: Weezing
|-damage|p2a: Weezing|0 fnt
|faint|p2a: Weezing
|choice||switch 4
|
|switch|p2a: Jolteon|Jolteon, L79|265\/265
|turn|10
|choice|move 2|move 1
|
|move|p2a: Jolteon|Thunderbolt|p1a: Poliwhirl
|-supereffective|p1a: Poliwhirl
|-damage|p1a: Poliwhirl|23\/284
|move|p1a: Poliwhirl|Hypnosis|p2a: Jolteon
|-status|p2a: Jolteon|slp
|
|turn|11
|choice|move 1|move 3
|
|cant|p2a: Jolteon|slp
|move|p1a: Poliwhirl|Amnesia|p1a: Poliwhirl
|-boost|p1a: Poliwhirl|spd|2
|-boost|p1a: Poliwhirl|spa|2
|
|turn|12
|choice|move 4|move 3
|
|cant|p2a: Jolteon|slp
|move|p1a: Poliwhirl|Blizzard|p2a: Jolteon
|-damage|p2a: Jolteon|112\/265 slp
|
|turn|13
|choice|move 4|move 2
|
|cant|p2a: Jolteon|slp
|move|p1a: Poliwhirl|Blizzard|p2a: Jolteon
|-crit|p2a: Jolteon
|-damage|p2a: Jolteon|15\/265 slp
|
|turn|14
|choice|move 3|move 2
|
|-curestatus|p2a: Jolteon|slp
|move|p1a: Poliwhirl|Psychic|p2a: Jolteon
|-damage|p2a: Jolteon|0 fnt
|faint|p2a: Jolteon
|choice||switch 6
|
|switch|p2a: Flareon|Flareon, L90|300\/300
|turn|15
|choice|move 3|move 2
|
|move|p2a: Flareon|Quick Attack|p1a: Poliwhirl
|-damage|p1a: Poliwhirl|0 fnt
|faint|p1a: Poliwhirl
|choice|switch 4|
|
|switch|p1a: Arbok|Arbok, L90|291\/291
|turn|16
|choice|move 2|move 4
|
|move|p1a: Arbok|Glare|p2a: Flareon
|-status|p2a: Flareon|par
|move|p2a: Flareon|Fire Blast|p1a: Arbok
|-damage|p1a: Arbok|117\/291
|
|turn|17
|choice|move 3|move 4
|
|move|p1a: Arbok|Earthquake|p2a: Flareon
|-supereffective|p2a: Flareon
|-damage|p2a: Flareon|128\/300 par
|move|p2a: Flareon|Fire Blast|p1a: Arbok
|-damage|p1a: Arbok|0 fnt
|faint|p1a: Arbok
|choice|switch 2|
|
|switch|p1a: Squirtle|Squirtle, L96|279\/279
|turn|18
|choice|move 3|move 1
|
|move|p1a: Squirtle|Surf|p2a: Flareon
|-supereffective|p2a: Flareon
|-damage|p2a: Flareon|0 fnt
|faint|p2a: Flareon
|choice||switch 5
|
|switch|p2a: Cloyster|Cloyster, L83|253\/253
|turn|19
|choice|move 2|move 3
|
|move|p2a: Cloyster|Toxic|p1a: Squirtle
|-status|p1a: Squirtle|tox
|move|p1a: Squirtle|Body Slam|p2a: Cloyster
|-damage|p2a: Cloyster|219\/253
|-damage|p1a: Squirtle|262\/279 tox|[from] tox|[of] p2a: Cloyster
|
|turn|20
|choice|move 2|move 1
|
|move|p2a: Cloyster|Surf|p1a: Squirtle
|-crit|p1a: Squirtle
|-resisted|p1a: Squirtle
|-damage|p1a: Squirtle|150\/279 tox
|move|p1a: Squirtle|Body Slam|p2a: Cloyster
|-damage|p2a: Cloyster|187\/253
|-damage|p1a: Squirtle|116\/279 tox|[from] tox|[of] p2a: Cloyster
|
|turn|21
|choice|move 2|move 2
|
|move|p2a: Cloyster|Hyper Beam|p1a: Squirtle
|-damage|p1a: Squirtle|14\/279 tox
|move|p1a: Squirtle|Body Slam|p2a: Cloyster
|-damage|p2a: Cloyster|155\/253
|-status|p2a: Cloyster|par
|-damage|p1a: Squirtle|0 fnt|[from] tox|[of] p2a: Cloyster
|faint|p1a: Squirtle
|choice|switch 5|
|
|switch|p1a: Exeggutor|Exeggutor, L79|312\/312
|turn|22
|-mustrecharge|p2a: Cloyster
|-mustrecharge|p2a: Cloyster
|choice|move 2|move 1
|
|move|p1a: Exeggutor|Mega Drain|p2a: Cloyster
|-supereffective|p2a: Cloyster
|-damage|p2a: Cloyster|61\/253 par
|cant|p2a: Cloyster|recharge
|
|turn|23
|choice|move 2|move 4
|
|move|p1a: Exeggutor|Mega Drain|p2a: Cloyster
|-supereffective|p2a: Cloyster
|-damage|p2a: Cloyster|0 fnt
|faint|p2a: Cloyster
|choice||switch 2
|
|switch|p2a: Dragonite|Dragonite, L85|328\/328
|turn|24
|choice|move 1|move 4
|
|move|p2a: Dragonite|Blizzard|p1a: Exeggutor
|-supereffective|p1a: Exeggutor
|-damage|p1a: Exeggutor|156\/312
|move|p1a: Exeggutor|Sleep Powder|p2a: Dragonite
|-status|p2a: Dragonite|slp
|
|turn|25
|choice|move 3|move 4
|
|cant|p2a: Dragonite|slp
|move|p1a: Exeggutor|Hyper Beam|p2a: Dragonite
|-damage|p2a: Dragonite|241\/328 slp
|
|turn|26
|-mustrecharge|p1a: Exeggutor
|-mustrecharge|p1a: Exeggutor
|choice|move 1|move 4
|
|cant|p2a: Dragonite|slp
|cant|p1a: Exeggutor|recharge
|
|turn|27
|choice|move 3|move 4
|
|-curestatus|p2a: Dragonite|slp
|move|p1a: Exeggutor|Hyper Beam|p2a: Dragonite
|-damage|p2a: Dragonite|148\/328
|
|turn|28
|-mustrecharge|p1a: Exeggutor
|-mustrecharge|p1a: Exeggutor
|choice|move 1|move 1
|
|move|p2a: Dragonite|Agility|p2a: Dragonite
|-boost|p2a: Dragonite|spe|2
|cant|p1a: Exeggutor|recharge
|
|turn|29
|choice|move 4|move 4
|
|move|p2a: Dragonite|Blizzard|p1a: Exeggutor
|-supereffective|p1a: Exeggutor
|-damage|p1a: Exeggutor|3\/312
|move|p1a: Exeggutor|Explosion|p2a: Dragonite
|-damage|p2a: Dragonite|0 fnt
|faint|p2a: Dragonite
|faint|p1a: Exeggutor
|
|win|snowani
|raw|snowani's rating: 1128 &rarr; <strong>1159<\/strong><br \/>(+31 for winning)
|raw|gravygraves's rating: 1216 &rarr; <strong>1185<\/strong><br \/>(-31 for losing)
|l|gravygraves
|player|p2