|j|tsun34
|j|Partywithsloots
|player|p1|tsun34|25
|player|p2|Partywithsloots|170
|gametype|singles
|gen|1
|tier|[Gen 1] Random Battle
|rated
|seed|
|rule|Sleep Clause Mod: Limit one foe put to sleep
|rule|Freeze Clause Mod: Limit one foe frozen
|rule|HP Percentage Mod: HP is shown in percentages
|
|start
|switch|p1a: Beedrill|Beedrill, L90|100\/100
|switch|p2a: Squirtle|Squirtle, L96|100\/100
|turn|1
|choice||
|
|move|p1a: Beedrill|Swords Dance|p1a: Beedrill
|-boost|p1a: Beedrill|atk|2
|move|p2a: Squirtle|Blizzard|p1a: Beedrill
|-damage|p1a: Beedrill|66\/100
|
|turn|2
|choice||
|
|move|p1a: Beedrill|Swords Dance|p1a: Beedrill
|-boost|p1a: Beedrill|atk|2
|move|p2a: Squirtle|Blizzard|p1a: Beedrill
|-damage|p1a: Beedrill|31\/100
|
|turn|3
|choice||
|
|move|p1a: Beedrill|Twineedle|p2a: Squirtle
|-crit|p2a: Squirtle
|-damage|p2a: Squirtle|81\/100
|-damage|p2a: Squirtle|62\/100
|-hitcount|p2a: Squirtle|2
|move|p2a: Squirtle|Blizzard|p1a: Beedrill
|-damage|p1a: Beedrill|0 fnt
|faint|p1a: Beedrill
|choice||
|
|switch|p1a: Persian|Persian, L79|100\/100
|turn|4
|choice||
|
|move|p1a: Persian|Thunderbolt|p2a: Squirtle
|-supereffective|p2a: Squirtle
|-damage|p2a: Squirtle|19\/100
|move|p2a: Squirtle|Blizzard|p1a: Persian
|-damage|p1a: Persian|67\/100
|
|turn|5
|choice||
|
|switch|p2a: Golem|Golem, L79|100\/100
|move|p1a: Persian|Thunderbolt|p2a: Golem
|-immune|p2a: Golem|[msg]
|
|turn|6
|choice||
|
|switch|p1a: Slowbro|Slowbro, L79|100\/100
|move|p2a: Golem|Body Slam|p1a: Slowbro
|-damage|p1a: Slowbro|84\/100
|
|turn|7
|choice||
|
|switch|p2a: Squirtle|Squirtle, L96|19\/100
|move|p1a: Slowbro|Amnesia|p1a: Slowbro
|-boost|p1a: Slowbro|spd|2
|-boost|p1a: Slowbro|spa|2
|
|turn|8
|choice||
|
|move|p2a: Squirtle|Blizzard|p1a: Slowbro
|-resisted|p1a: Slowbro
|-damage|p1a: Slowbro|78\/100
|move|p1a: Slowbro|Surf|p2a: Squirtle
|-resisted|p2a: Squirtle
|-damage|p2a: Squirtle|0 fnt
|faint|p2a: Squirtle
|choice||
|
|switch|p2a: Ditto|Ditto, L99|100\/100
|turn|9
|choice||
|
|switch|p1a: Doduo|Doduo, L96|100\/100
|move|p2a: Ditto|Transform|p1a: Doduo
|-transform|p2a: Ditto|p1a: Doduo
|
|turn|10
|choice||
|
|move|p1a: Doduo|Body Slam|p2a: Ditto
|-crit|p2a: Ditto
|-damage|p2a: Ditto|17\/100
|move|p2a: Ditto|Body Slam|p1a: Doduo
|-damage|p1a: Doduo|61\/100
|
|turn|11
|choice||
|
|move|p1a: Doduo|Body Slam|p2a: Ditto
|-damage|p2a: Ditto|0 fnt
|faint|p2a: Ditto
|choice||
|
|switch|p2a: Mewtwo|Mewtwo, L70|100\/100
|turn|12
|choice||
|
|move|p2a: Mewtwo|Ice Beam|p1a: Doduo
|-supereffective|p1a: Doduo
|-damage|p1a: Doduo|0 fnt
|faint|p1a: Doduo
|choice||
|
|switch|p1a: Slowbro|Slowbro, L79|78\/100
|turn|13
|choice||
|
|move|p2a: Mewtwo|Psychic|p1a: Slowbro
|-resisted|p1a: Slowbro
|-damage|p1a: Slowbro|61\/100
|move|p1a: Slowbro|Thunder Wave|p2a: Mewtwo
|-status|p2a: Mewtwo|par
|
|turn|14
|choice||
|
|move|p1a: Slowbro|Amnesia|p1a: Slowbro
|-boost|p1a: Slowbro|spd|2
|-boost|p1a: Slowbro|spa|2
|move|p2a: Mewtwo|Ice Beam|p1a: Slowbro
|-crit|p1a: Slowbro
|-resisted|p1a: Slowbro
|-damage|p1a: Slowbro|37\/100
|
|turn|15
|choice||
|
|move|p1a: Slowbro|Amnesia|p1a: Slowbro
|-boost|p1a: Slowbro|spd|2
|-boost|p1a: Slowbro|spa|2
|cant|p2a: Mewtwo|par
|
|turn|16
|choice||
|
|move|p1a: Slowbro|Rest|p1a: Slowbro
|-status|p1a: Slowbro|slp
|-heal|p1a: Slowbro|100\/100 slp|[silent]
|-status|p1a: Slowbro|slp|[from] move: Rest
|move|p2a: Mewtwo|Ice Beam|p1a: Slowbro
|-resisted|p1a: Slowbro
|-damage|p1a: Slowbro|97\/100 slp
|
|turn|17
|choice||
|
|switch|p2a: Cloyster|Cloyster, L83|100\/100
|cant|p1a: Slowbro|slp
|
|turn|18
|choice||
|
|move|p2a: Cloyster|Toxic|p1a: Slowbro
|-fail|p1a: Slowbro
|-curestatus|p1a: Slowbro|slp
|
|turn|19
|choice||
|
|move|p2a: Cloyster|Toxic|p1a: Slowbro
|-status|p1a: Slowbro|tox
|move|p1a: Slowbro|Thunder Wave|p2a: Cloyster
|-status|p2a: Cloyster|par
|-damage|p1a: Slowbro|91\/100 tox|[from] tox|[of] p2a: Cloyster
|
|turn|20
|choice||
|
|move|p1a: Slowbro|Amnesia|p1a: Slowbro
|-boost|p1a: Slowbro|spd|2
|-boost|p1a: Slowbro|spa|2
|-damage|p1a: Slowbro|78\/100 tox|[from] psn
|move|p2a: Cloyster|Blizzard|p1a: Slowbro
|-resisted|p1a: Slowbro
|-damage|p1a: Slowbro|74\/100 tox
|
|turn|21
|choice||
|
|move|p1a: Slowbro|Surf|p2a: Cloyster
|-resisted|p2a: Cloyster
|-damage|p2a: Cloyster|33\/100 par
|-damage|p1a: Slowbro|55\/100 tox|[from] tox|[of] p2a: Cloyster
|move|p2a: Cloyster|Hyper Beam|p1a: Slowbro
|-damage|p1a: Slowbro|26\/100 tox
|
|turn|22
|-mustrecharge|p2a: Cloyster
|-mustrecharge|p2a: Cloyster
|choice||
|
|move|p1a: Slowbro|Rest|p1a: Slowbro
|-status|p1a: Slowbro|slp
|-heal|p1a: Slowbro|100\/100 slp|[silent]
|-status|p1a: Slowbro|slp|[from] move: Rest
|cant|p2a: Cloyster|recharge
|
|turn|23
|choice||
|
|cant|p1a: Slowbro|slp
|cant|p2a: Cloyster|par
|
|turn|24
|choice||
|
|-curestatus|p1a: Slowbro|slp
|move|p2a: Cloyster|Hyper Beam|p1a: Slowbro
|-crit|p1a: Slowbro
|-damage|p1a: Slowbro|47\/100
|
|turn|25
|-mustrecharge|p2a: Cloyster
|-mustrecharge|p2a: Cloyster
|choice||
|
|move|p1a: Slowbro|Surf|p2a: Cloyster
|-resisted|p2a: Cloyster
|-damage|p2a: Cloyster|0 fnt
|faint|p2a: Cloyster
|choice||
|
|switch|p2a: Mew|Mew, L74|100\/100
|turn|26
|choice||
|
|move|p2a: Mew|Explosion|p1a: Slowbro|[miss]
|-miss|p2a: Mew
|faint|p2a: Mew
|-message|Partywithsloots forfeited.
|
|win|tsun34
|player|p1
|player|p2
|raw|tsun34's rating: 1260 &rarr; <strong>1281<\/strong><br \/>(+21 for winning)
|raw|Partywithsloots's rating: 1199 &rarr; <strong>1178<\/strong><br \/>(-21 for losing)
|l|Partywithsloots