|j|Dervodel1
|j|boomshakalakha
|player|p1|Dervodel1|170
|player|p2|boomshakalakha|257
|gametype|singles
|gen|1
|tier|[Gen 1] Random Battle
|rated
|seed|26203,62523,12162,14605
|rule|Sleep Clause Mod: Limit one foe put to sleep
|rule|Freeze Clause Mod: Limit one foe frozen
|rule|HP Percentage Mod: HP is shown in percentages
|
|start
|switch|p1a: Charmander|Charmander, L96|270\/270
|switch|p2a: Tangela|Tangela, L85|284\/284
|turn|1
|choice|move 2|switch 4
|
|switch|p2a: Charmeleon|Charmeleon, L85|272\/272
|move|p1a: Charmander|Substitute|p1a: Charmander
|-start|p1a: Charmander|Substitute
|-damage|p1a: Charmander|203\/270
|
|turn|2
|choice|move 4|move 4
|
|move|p2a: Charmeleon|Submission|p1a: Charmander
|-crit|p1a: Charmander
|-end|p1a: Charmander|Substitute
|-damage|p2a: Charmeleon|255\/272|[from] recoil|[of] p1a: Charmander
|move|p1a: Charmander|Body Slam|p2a: Charmeleon
|-damage|p2a: Charmeleon|185\/272
|
|turn|3
|choice|move 4|move 2
|
|move|p2a: Charmeleon|Body Slam|p1a: Charmander
|-damage|p1a: Charmander|146\/270
|-status|p1a: Charmander|par
|cant|p1a: Charmander|par
|
|turn|4
|choice|move 4|move 4
|
|move|p2a: Charmeleon|Submission|p1a: Charmander
|-damage|p1a: Charmander|91\/270 par
|-damage|p2a: Charmeleon|172\/272|[from] recoil|[of] p1a: Charmander
|move|p1a: Charmander|Body Slam|p2a: Charmeleon
|-crit|p2a: Charmeleon
|-damage|p2a: Charmeleon|47\/272
|-status|p2a: Charmeleon|par
|
|turn|5
|choice|switch 5|move 1
|
|switch|p1a: Gengar|Gengar, L79|257\/257
|cant|p2a: Charmeleon|par
|
|turn|6
|choice|move 4|switch 4
|
|switch|p2a: Tangela|Tangela, L85|284\/284
|move|p1a: Gengar|Psychic|p2a: Tangela
|-damage|p2a: Tangela|223\/284
|-unboost|p2a: Tangela|spd|1
|-unboost|p2a: Tangela|spa|1
|
|turn|7
|choice|switch 5|move 1
|
|switch|p1a: Charmander|Charmander, L96|91\/270 par
|move|p2a: Tangela|Sleep Powder|p1a: Charmander
|-fail|p1a: Charmander
|
|turn|8
|choice|move 4|move 3
|
|move|p2a: Tangela|Hyper Beam|p1a: Charmander
|-damage|p1a: Charmander|0 fnt
|faint|p1a: Charmander
|choice|switch 3|
|
|switch|p1a: Kingler|Kingler, L85|267\/267
|turn|9
|choice|move 3|move 1
|
|move|p1a: Kingler|Blizzard|p2a: Tangela|[miss]
|-miss|p1a: Kingler
|move|p2a: Tangela|Sleep Powder|p1a: Kingler
|-status|p1a: Kingler|slp
|
|turn|10
|choice|switch 6|move 4
|
|switch|p1a: Butterfree|Butterfree, L90|291\/291
|move|p2a: Tangela|Swords Dance|p2a: Tangela
|-boost|p2a: Tangela|atk|2
|
|turn|11
|choice|move 4|move 2
|
|move|p1a: Butterfree|Psychic|p2a: Tangela
|-damage|p2a: Tangela|141\/284
|move|p2a: Tangela|Body Slam|p1a: Butterfree
|-damage|p1a: Butterfree|183\/291
|
|turn|12
|choice|move 2|move 2
|
|move|p1a: Butterfree|Sleep Powder|p2a: Tangela
|-status|p2a: Tangela|slp
|cant|p2a: Tangela|slp
|
|turn|13
|choice|switch 6|move 2
|
|switch|p1a: Kingler|Kingler, L85|267\/267 slp
|cant|p2a: Tangela|slp
|
|turn|14
|choice|move 3|switch 3
|
|switch|p2a: Raichu|Raichu, L85|276\/276
|cant|p1a: Kingler|slp
|
|turn|15
|choice|switch 2|move 2
|
|switch|p1a: Bulbasaur|Bulbasaur, L96|281\/281
|move|p2a: Raichu|Thunder|p1a: Bulbasaur|[miss]
|-miss|p2a: Raichu
|
|turn|16
|choice|move 4|move 2
|
|move|p2a: Raichu|Thunder|p1a: Bulbasaur
|-resisted|p1a: Bulbasaur
|-damage|p1a: Bulbasaur|211\/281
|move|p1a: Bulbasaur|Swords Dance|p1a: Bulbasaur
|-boost|p1a: Bulbasaur|atk|2
|
|turn|17
|choice|move 2|move 2
|
|move|p2a: Raichu|Thunder|p1a: Bulbasaur|[miss]
|-miss|p2a: Raichu
|move|p1a: Bulbasaur|Body Slam|p2a: Raichu
|-damage|p2a: Raichu|144\/276
|-status|p2a: Raichu|par
|
|turn|18
|choice|move 2|move 4
|
|move|p1a: Bulbasaur|Body Slam|p2a: Raichu
|-damage|p2a: Raichu|17\/276 par
|move|p2a: Raichu|Hyper Beam|p1a: Bulbasaur
|-damage|p1a: Bulbasaur|76\/281
|
|turn|19
|-mustrecharge|p2a: Raichu
|-mustrecharge|p2a: Raichu
|choice|move 4|move 1
|
|move|p1a: Bulbasaur|Swords Dance|p1a: Bulbasaur
|-boost|p1a: Bulbasaur|atk|2
|cant|p2a: Raichu|recharge
|
|turn|20
|choice|move 2|move 4
|
|move|p1a: Bulbasaur|Body Slam|p2a: Raichu
|-crit|p2a: Raichu
|-damage|p2a: Raichu|0 fnt
|faint|p2a: Raichu
|choice||switch 4
|
|switch|p2a: Charmeleon|Charmeleon, L85|47\/272 par
|turn|21
|choice|move 2|move 1
|
|move|p1a: Bulbasaur|Body Slam|p2a: Charmeleon
|-damage|p2a: Charmeleon|0 fnt
|faint|p2a: Charmeleon
|choice||switch 2
|
|switch|p2a: Pidgeotto|Pidgeotto, L90|297\/297
|turn|22
|choice|move 2|move 1
|
|move|p2a: Pidgeotto|Double-Edge|p1a: Bulbasaur
|-damage|p1a: Bulbasaur|0 fnt
|-damage|p2a: Pidgeotto|278\/297|[from] recoil|[of] p1a: Bulbasaur
|faint|p1a: Bulbasaur
|choice|switch 4|
|
|switch|p1a: Jolteon|Jolteon, L79|265\/265
|turn|23
|choice|move 1|switch 3
|
|switch|p2a: Tangela|Tangela, L85|141\/284 slp
|move|p1a: Jolteon|Thunderbolt|p2a: Tangela
|-resisted|p2a: Tangela
|-damage|p2a: Tangela|94\/284 slp
|
|turn|24
|choice|move 1|move 1
|
|move|p1a: Jolteon|Thunderbolt|p2a: Tangela
|-resisted|p2a: Tangela
|-damage|p2a: Tangela|47\/284 slp
|-curestatus|p2a: Tangela|slp
|
|turn|25
|choice|move 1|move 1
|
|move|p1a: Jolteon|Thunderbolt|p2a: Tangela
|-crit|p2a: Tangela
|-resisted|p2a: Tangela
|-damage|p2a: Tangela|0 fnt
|faint|p2a: Tangela
|choice||switch 5
|
|switch|p2a: Arbok|Arbok, L90|291\/291
|turn|26
|choice|switch 6|move 2
|
|switch|p1a: Butterfree|Butterfree, L90|183\/291
|move|p2a: Arbok|Earthquake|p1a: Butterfree
|-immune|p1a: Butterfree|[msg]
|
|turn|27
|choice|move 4|move 3
|
|move|p2a: Arbok|Rock Slide|p1a: Butterfree
|-supereffective|p1a: Butterfree
|-damage|p1a: Butterfree|0 fnt
|faint|p1a: Butterfree
|choice|switch 5|
|
|switch|p1a: Gengar|Gengar, L79|257\/257
|turn|28
|choice|move 4|move 2
|
|move|p1a: Gengar|Psychic|p2a: Arbok
|-supereffective|p2a: Arbok
|-damage|p2a: Arbok|140\/291
|-unboost|p2a: Arbok|spd|1
|-unboost|p2a: Arbok|spa|1
|move|p2a: Arbok|Earthquake|p1a: Gengar
|-supereffective|p1a: Gengar
|-damage|p1a: Gengar|55\/257
|
|turn|29
|choice|move 4|switch 3
|
|switch|p2a: Pidgeotto|Pidgeotto, L90|278\/297
|move|p1a: Gengar|Psychic|p2a: Pidgeotto
|-crit|p2a: Pidgeotto
|-damage|p2a: Pidgeotto|99\/297
|
|turn|30
|choice|move 4|move 4
|
|move|p1a: Gengar|Psychic|p2a: Pidgeotto
|-crit|p2a: Pidgeotto
|-damage|p2a: Pidgeotto|0 fnt
|faint|p2a: Pidgeotto
|choice||switch 6
|
|switch|p2a: Kadabra|Kadabra, L85|242\/242
|turn|31
|c|★Dervodel1|gg
|choice|switch 2|move 1
|
|switch|p1a: Kingler|Kingler, L85|267\/267 slp
|move|p2a: Kadabra|Psychic|p1a: Kingler
|-crit|p1a: Kingler
|-damage|p1a: Kingler|0 fnt
|faint|p1a: Kingler
|choice|switch 6|
|
|switch|p1a: Jolteon|Jolteon, L79|265\/265
|turn|32
|c|★boomshakalakha|boooooooooooooomshakalakha
|choice|move 3|move 1
|
|move|p1a: Jolteon|Thunder Wave|p2a: Kadabra
|-status|p2a: Kadabra|par
|move|p2a: Kadabra|Psychic|p1a: Jolteon
|-damage|p1a: Jolteon|165\/265
|
|turn|33
|choice|move 1|move 1
|
|move|p1a: Jolteon|Thunderbolt|p2a: Kadabra
|-crit|p2a: Kadabra
|-damage|p2a: Kadabra|102\/242 par
|move|p2a: Kadabra|Psychic|p1a: Jolteon
|-damage|p1a: Jolteon|60\/265
|-unboost|p1a: Jolteon|spd|1
|-unboost|p1a: Jolteon|spa|1
|
|turn|34
|c|★boomshakalakha|.....
|choice|move 1|move 3
|
|move|p1a: Jolteon|Thunderbolt|p2a: Kadabra
|-damage|p2a: Kadabra|55\/242 par
|cant|p2a: Kadabra|par
|
|turn|35
|choice|switch 2|move 3
|
|switch|p1a: Gengar|Gengar, L79|55\/257
|cant|p2a: Kadabra|par
|
|turn|36
|c|★boomshakalakha|lucky maaaaaaaaaaaaan
|choice|move 3|switch 3
|
|switch|p2a: Arbok|Arbok, L90|140\/291
|move|p1a: Gengar|Explosion|p2a: Arbok
|-crit|p2a: Arbok
|-damage|p2a: Arbok|0 fnt
|faint|p2a: Arbok
|faint|p1a: Gengar
|choice|switch 2|switch 3
|
|switch|p1a: Jolteon|Jolteon, L79|60\/265
|switch|p2a: Kadabra|Kadabra, L85|55\/242 par
|turn|37
|choice|move 1|move 1
|
|move|p1a: Jolteon|Thunderbolt|p2a: Kadabra
|-damage|p2a: Kadabra|0 fnt
|faint|p2a: Kadabra
|
|win|Dervodel1
|raw|Dervodel1's rating: 1258 &rarr; <strong>1279<\/strong><br \/>(+21 for winning)
|raw|boomshakalakha's rating: 1200 &rarr; <strong>1179<\/strong><br \/>(-21 for losing)
|c|★boomshakalakha|fuuuuuck
|l|boomshakalakha
|player|p2