|join|Ashiemore
|join|ggc
|player|p1|Ashiemore|168
|player|p2|ggc|209
|gametype|singles
|gen|1
|tier|[Gen 1] OU (beta)
|rule|Sleep Clause Mod: Limit one foe put to sleep
|rule|Species Clause: Limit one of each Pokemon
|rule|OHKO Clause: OHKO moves are banned
|rule|Moody Clause: Moody is banned
|rule|Evasion Moves Clause: Evasion moves are banned
|rule|Endless Battle Clause: Forcing endless battles is banned.
|rule|HP Percentage Mod: HP is reported as percentages
|
|start
|switch|p1a: Alakazam|Alakazam, L17|61\/61
|switch|p2a: Gastly|Gastly, L20|60\/60
|turn|1
|chat|Ashiemore|this isn't going to work I can tell
|
|switch|p2a: Chansey|Chansey, L15|113\/113
|move|p1a: Alakazam|Psychic|p2a: Chansey
|-crit|p2a: Chansey
|-damage|p2a: Chansey|59\/113
|-unboost|p2a: Chansey|spd|1
|-unboost|p2a: Chansey|spa|1
|
|turn|2
|join|MoxieInfinite
|chat|ggc|holy shit
|chat|Ashiemore|lol
|chat|Ashiemore|pls ban
|join|Bedschibaer
|chat|MoxieInfinite|the hax
|
|switch|p2a: Exeggcute|Exeggcute, L15|56\/56
|move|p1a: Alakazam|Thunder Wave|p2a: Exeggcute
|-status|p2a: Exeggcute|par
|
|turn|3
|chat|MoxieInfinite|lmao
|
|switch|p1a: Chansey|Chansey, L16|120\/120
|cant|p2a: Exeggcute|par
|
|turn|4
|
|switch|p2a: Chansey|Chansey, L15|59\/113
|move|p1a: Chansey|Ice Beam|p2a: Chansey
|-damage|p2a: Chansey|43\/113
|
|turn|5
|chat|Bedschibaer|lvl 17 zam, not op at all
|
|move|p1a: Chansey|Ice Beam|p2a: Chansey
|-damage|p2a: Chansey|26\/113
|move|p2a: Chansey|Soft-Boiled|p2a: Chansey
|-heal|p2a: Chansey|82\/113
|
|turn|6
|chat|Ashiemore|ye
|
|switch|p2a: Gastly|Gastly, L20|60\/60
|move|p1a: Chansey|Ice Beam|p2a: Gastly
|-damage|p2a: Gastly|48\/60
|
|turn|7
|
|move|p2a: Gastly|Hypnosis|p1a: Chansey|[miss]
|-miss|p2a: Gastly
|move|p1a: Chansey|Thunder Wave|p2a: Gastly
|-status|p2a: Gastly|par
|
|turn|8
|chat|Ashiemore|pls
|chat|MoxieInfinite|lulul
|
|move|p1a: Chansey|Ice Beam|p2a: Gastly
|-damage|p2a: Gastly|35\/60 par
|move|p2a: Gastly|Hypnosis|p1a: Chansey
|-status|p1a: Chansey|slp
|
|turn|9
|
|switch|p2a: Alakazam|Alakazam, L20|70\/70
|cant|p1a: Chansey|slp
|
|turn|10
|chat|Ashiemore|I might have some illegal moves idk
|chat|Ashiemore|but no recover on zam
|
|move|p2a: Alakazam|Psychic|p1a: Chansey
|-damage|p1a: Chansey|83\/120 slp
|cant|p1a: Chansey|slp
|
|turn|11
|chat|MoxieInfinite|:\/
|chat|ggc|good
|
|move|p2a: Alakazam|Psychic|p1a: Chansey
|-crit|p1a: Chansey
|-damage|p1a: Chansey|0 fnt
|faint|p1a: Chansey
|
|chat|MoxieInfinite|rip op zam 2014
|chat|ggc|lol
|chat|Ashiemore|whay
|chat|Ashiemore|lol
|
|switch|p1a: Alakazam|Alakazam, L17|61\/61
|turn|12
|
|move|p2a: Alakazam|Seismic Toss|p1a: Alakazam
|-damage|p1a: Alakazam|41\/61
|move|p1a: Alakazam|Thunder Wave|p2a: Alakazam
|-status|p2a: Alakazam|par
|
|turn|13
|
|move|p1a: Alakazam|Seismic Toss|p2a: Alakazam
|-damage|p2a: Alakazam|53\/70 par
|cant|p2a: Alakazam|par
|
|turn|14
|
|move|p1a: Alakazam|Seismic Toss|p2a: Alakazam
|-damage|p2a: Alakazam|36\/70 par
|move|p2a: Alakazam|Thunder Wave|p1a: Alakazam
|-status|p1a: Alakazam|par
|
|turn|15
|
|switch|p1a: Rhyhorn|Rhyhorn, L16|66\/66
|move|p2a: Alakazam|Seismic Toss|p1a: Rhyhorn
|-damage|p1a: Rhyhorn|46\/66
|
|turn|16
|
|switch|p2a: Exeggcute|Exeggcute, L15|56\/56 par
|move|p1a: Rhyhorn|Substitute|p1a: Rhyhorn
|-start|p1a: Rhyhorn|Substitute
|-damage|p1a: Rhyhorn|30\/66
|
|turn|17
|chat|MoxieInfinite|woop
|
|move|p1a: Rhyhorn|Rock Slide|p2a: Exeggcute
|-crit|p2a: Exeggcute
|-damage|p2a: Exeggcute|18\/56 par
|move|p2a: Exeggcute|Hypnosis|p1a: Rhyhorn|[miss]
|-miss|p2a: Exeggcute
|
|turn|18
|chat|Ashiemore|lel
|chat|MoxieInfinite|lmao
|chat|ggc|shi
|
|move|p1a: Rhyhorn|Rock Slide|p2a: Exeggcute
|-damage|p2a: Exeggcute|0 fnt
|faint|p2a: Exeggcute
|
|chat|MoxieInfinite|well trained rhyhorn
|chat|Ashiemore|yep
|chat|Ashiemore|too bad I couldn't use rhydon
|
|switch|p2a: Chansey|Chansey, L15|82\/113
|turn|19
|
|move|p2a: Chansey|Ice Beam|p1a: Rhyhorn
|-supereffective|p1a: Rhyhorn
|-end|p1a: Rhyhorn|Substitute
|move|p1a: Rhyhorn|Body Slam|p2a: Chansey
|-damage|p2a: Chansey|52\/113
|
|turn|20
|
|switch|p1a: Lapras|Lapras, L16|82\/82
|move|p2a: Chansey|Ice Beam|p1a: Lapras
|-resisted|p1a: Lapras
|-damage|p1a: Lapras|79\/82
|
|turn|21
|
|move|p1a: Lapras|Body Slam|p2a: Chansey
|-crit|p2a: Chansey
|-damage|p2a: Chansey|0 fnt
|faint|p2a: Chansey
|
|chat|Ashiemore|haha
|chat|ggc|noooo
|
|switch|p2a: Gastly|Gastly, L20|35\/60 par
|turn|22
|
|move|p1a: Lapras|Blizzard|p2a: Gastly
|-damage|p2a: Gastly|12\/60 par
|move|p2a: Gastly|Mega Drain|p1a: Lapras
|-supereffective|p1a: Lapras
|-damage|p1a: Lapras|59\/82
|-heal|p2a: Gastly|22\/60 par|[from] drain|[of] p1a: Lapras
|
|turn|23
|
|move|p1a: Lapras|Blizzard|p2a: Gastly
|-damage|p2a: Gastly|0 fnt
|faint|p2a: Gastly
|
|
|switch|p2a: Alakazam|Alakazam, L20|36\/70 par
|turn|24
|
|switch|p1a: Rhyhorn|Rhyhorn, L16|30\/66
|move|p2a: Alakazam|Thunder Wave|p1a: Rhyhorn
|-immune|p1a: Rhyhorn|[msg]
|
|turn|25
|chat|Ashiemore|lel
|
|switch|p2a: Rhyhorn|Rhyhorn, L15|62\/62
|move|p1a: Rhyhorn|Substitute|p1a: Rhyhorn
|-start|p1a: Rhyhorn|Substitute
|-damage|p1a: Rhyhorn|14\/66
|
|turn|26
|
|move|p1a: Rhyhorn|Earthquake|p2a: Rhyhorn
|-supereffective|p2a: Rhyhorn
|-damage|p2a: Rhyhorn|17\/62
|move|p2a: Rhyhorn|Earthquake|p1a: Rhyhorn
|-crit|p1a: Rhyhorn
|-supereffective|p1a: Rhyhorn
|-end|p1a: Rhyhorn|Substitute
|
|turn|27
|
|move|p1a: Rhyhorn|Earthquake|p2a: Rhyhorn
|-supereffective|p2a: Rhyhorn
|-damage|p2a: Rhyhorn|0 fnt
|faint|p2a: Rhyhorn
|
|
|switch|p2a: Lickitung|Lickitung, L15|65\/65
|turn|28
|chat|Ashiemore|no lvl 15's 4 me
|
|move|p2a: Lickitung|Swords Dance|p2a: Lickitung
|-boost|p2a: Lickitung|atk|2
|move|p1a: Rhyhorn|Earthquake|p2a: Lickitung
|-damage|p2a: Lickitung|39\/65
|
|turn|29
|
|move|p1a: Rhyhorn|Earthquake|p2a: Lickitung
|-damage|p2a: Lickitung|12\/65
|move|p2a: Lickitung|Earthquake|p1a: Rhyhorn
|-supereffective|p1a: Rhyhorn
|-damage|p1a: Rhyhorn|0 fnt
|faint|p1a: Rhyhorn
|
|chat|Ashiemore|dat tie
|chat|Ashiemore|ready for this
|
|switch|p1a: Gengar|Gengar, L18|66\/66
|turn|30
|chat|ggc|oh that's bull
|chat|ggc|lol
|chat|Ashiemore|lol
|chat|Ashiemore|oh wait
|chat|Ashiemore|he hould be 20
|chat|Ashiemore|oops
|
|move|p1a: Gengar|Psychic|p2a: Lickitung
|-damage|p2a: Lickitung|0 fnt
|faint|p2a: Lickitung
|
|
|switch|p2a: Alakazam|Alakazam, L20|36\/70 par
|turn|31
|
|move|p1a: Gengar|Explosion|p2a: Alakazam
|-damage|p2a: Alakazam|0 fnt
|faint|p2a: Alakazam
|faint|p1a: Gengar
|
|win|Ashiemore
|chat|ggc|haaxxx
|chat|ggc|gg
|chat|Ashiemore|gg
|leave|MoxieInfinite
|chat|Ashiemore|btw
|chat|Ashiemore|my last one
|chat|Ashiemore|was a kadabra
|chat|Ashiemore|lol
|chat|ggc|lol
|leave|Ashiemore
|player|p1
|leave|ggc
|player|p2
|join|Ashiemore