|join|eldougi
|join|yaldyyyy
|player|p1|eldougi|102
|player|p2|yaldyyyy|101
|gametype|singles
|gen|1
|tier|[Gen 1] Random Battle
|rated
|rule|Sleep Clause Mod: Limit one foe put to sleep
|rule|Freeze Clause Mod: Limit one foe frozen
|rule|HP Percentage Mod: HP is shown in percentages
|
|start
|switch|p1a: Arcanine|Arcanine, L85|327\/327
|switch|p2a: Meowth|Meowth, L96|272\/272
|turn|1
|
|switch|p2a: Golduck|Golduck, L85|310\/310
|move|p1a: Arcanine|Fire Blast|p2a: Golduck
|-resisted|p2a: Golduck
|-damage|p2a: Golduck|246\/310
|
|turn|2
|
|switch|p1a: Magneton|Magneton, L90|273\/273
|move|p2a: Golduck|Blizzard|p1a: Magneton|[miss]
|-miss|p2a: Golduck
|
|turn|3
|
|switch|p2a: Venonat|Venonat, L96|310\/310
|move|p1a: Magneton|Thunderbolt|p2a: Venonat
|-crit|p2a: Venonat
|-damage|p2a: Venonat|0 fnt
|faint|p2a: Venonat
|
|switch|p2a: Charmeleon|Charmeleon, L85|272\/272
|turn|4
|
|switch|p1a: Omastar|Omastar, L90|309\/309
|move|p2a: Charmeleon|Slash|p1a: Omastar
|-crit|p1a: Omastar
|-resisted|p1a: Omastar
|-damage|p1a: Omastar|281\/309
|
|turn|5
|
|switch|p2a: Meowth|Meowth, L96|272\/272
|move|p1a: Omastar|Hydro Pump|p2a: Meowth
|-damage|p2a: Meowth|63\/272
|
|turn|6
|
|move|p2a: Meowth|Thunderbolt|p1a: Omastar
|-supereffective|p1a: Omastar
|-damage|p1a: Omastar|202\/309
|move|p1a: Omastar|Surf|p2a: Meowth
|-damage|p2a: Meowth|0 fnt
|faint|p2a: Meowth
|
|switch|p2a: Cloyster|Cloyster, L83|253\/253
|turn|7
|
|switch|p1a: Magneton|Magneton, L90|273\/273
|move|p2a: Cloyster|Toxic|p1a: Magneton
|-status|p1a: Magneton|tox
|
|turn|8
|
|switch|p2a: Charmeleon|Charmeleon, L85|272\/272
|move|p1a: Magneton|Thunderbolt|p2a: Charmeleon
|-damage|p2a: Charmeleon|100\/272
|-damage|p1a: Magneton|256\/273 tox|[from] tox|[of] p2a: Charmeleon
|
|turn|9
|
|switch|p1a: Omastar|Omastar, L90|202\/309
|move|p2a: Charmeleon|Slash|p1a: Omastar
|-crit|p1a: Omastar
|-resisted|p1a: Omastar
|-damage|p1a: Omastar|174\/309
|
|turn|10
|
|switch|p2a: Cloyster|Cloyster, L83|253\/253
|move|p1a: Omastar|Surf|p2a: Cloyster
|-resisted|p2a: Cloyster
|-damage|p2a: Cloyster|187\/253
|
|turn|11
|
|move|p2a: Cloyster|Blizzard|p1a: Omastar
|-resisted|p1a: Omastar
|-damage|p1a: Omastar|129\/309
|move|p1a: Omastar|Mimic|p2a: Cloyster
|-start|p1a: Omastar|Mimic|Hyper Beam
|
|turn|12
|
|move|p2a: Cloyster|Blizzard|p1a: Omastar
|-crit|p1a: Omastar
|-resisted|p1a: Omastar
|-damage|p1a: Omastar|41\/309
|move|p1a: Omastar|Hyper Beam|p2a: Cloyster
|-crit|p2a: Cloyster
|-damage|p2a: Cloyster|81\/253
|
|turn|13
|-mustrecharge|p1a: Omastar
|-mustrecharge|p1a: Omastar
|
|move|p2a: Cloyster|Ice Beam|p1a: Omastar
|-resisted|p1a: Omastar
|-damage|p1a: Omastar|7\/309
|cant|p1a: Omastar|recharge
|
|turn|14
|
|move|p2a: Cloyster|Ice Beam|p1a: Omastar
|-resisted|p1a: Omastar
|-damage|p1a: Omastar|0 fnt
|faint|p1a: Omastar
|
|switch|p1a: Magneton|Magneton, L90|256\/273 tox
|-status|p1a: Magneton|psn
|turn|15
|
|switch|p2a: Charmeleon|Charmeleon, L85|100\/272
|move|p1a: Magneton|Thunderbolt|p2a: Charmeleon
|-damage|p2a: Charmeleon|0 fnt
|faint|p2a: Charmeleon
|
|switch|p2a: Alakazam|Alakazam, L79|249\/249
|turn|16
|
|move|p2a: Alakazam|Psychic|p1a: Magneton
|-damage|p1a: Magneton|181\/273 psn
|move|p1a: Magneton|Double-Edge|p2a: Alakazam
|-crit|p2a: Alakazam
|-damage|p2a: Alakazam|76\/249
|-damage|p1a: Magneton|138\/273 psn|[from] recoil|[of] p2a: Alakazam
|-damage|p1a: Magneton|121\/273 psn|[from] psn|[of] p2a: Alakazam
|
|turn|17
|
|move|p2a: Alakazam|Recover|p2a: Alakazam
|-heal|p2a: Alakazam|200\/249
|move|p1a: Magneton|Double-Edge|p2a: Alakazam
|-damage|p2a: Alakazam|110\/249
|-damage|p1a: Magneton|99\/273 psn|[from] recoil|[of] p2a: Alakazam
|-damage|p1a: Magneton|82\/273 psn|[from] psn|[of] p2a: Alakazam
|
|turn|18
|
|move|p2a: Alakazam|Psychic|p1a: Magneton
|-damage|p1a: Magneton|5\/273 psn
|move|p1a: Magneton|Hyper Beam|p2a: Alakazam
|-damage|p2a: Alakazam|0 fnt
|faint|p2a: Alakazam
|leave|eldougi
|player|p1
|
|switch|p2a: Golduck|Golduck, L85|246\/310
|turn|19
|-message|eldougi lost due to inactivity.
|
|win|yaldyyyy
|raw|Ladder updating...