|j|business is cool
|player|p1|Guest 217845|1
|player|p2|business is cool|287
|gametype|singles
|gen|1
|tier|[Gen 1] Challenge Cup
|seed|32588,48750,2633,38338
|rule|Sleep Clause Mod: Limit one foe put to sleep
|rule|Freeze Clause Mod: Limit one foe frozen
|rule|HP Percentage Mod: HP is shown in percentages
|
|start
|switch|p1a: Jolteon|Jolteon, L65|209\/209
|switch|p2a: Dewgong|Dewgong, L67|245\/245
|turn|1
|choice|move 1|switch 6
|
|switch|p2a: Kakuna|Kakuna, L86|246\/246
|move|p1a: Jolteon|Pin Missile|p2a: Kakuna
|-supereffective|p2a: Kakuna
|-damage|p2a: Kakuna|232\/246
|-damage|p2a: Kakuna|218\/246
|-damage|p2a: Kakuna|204\/246
|-damage|p2a: Kakuna|190\/246
|-damage|p2a: Kakuna|176\/246
|-hitcount|p2a: Kakuna|5
|
|turn|2
|choice|move 4|move 1
|
|move|p1a: Jolteon|Take Down|p2a: Kakuna
|-damage|p2a: Kakuna|138\/246
|-damage|p1a: Jolteon|200\/209|[from] recoil|[of] p2a: Kakuna
|move|p2a: Kakuna|Harden|p2a: Kakuna
|-boost|p2a: Kakuna|def|1
|
|turn|3
|choice|move 2|move 1
|
|move|p1a: Jolteon|Reflect|p1a: Jolteon
|-start|p1a: Jolteon|Reflect
|move|p2a: Kakuna|Harden|p2a: Kakuna
|-boost|p2a: Kakuna|def|1
|
|turn|4
|choice|move 4|move 1
|
|move|p1a: Jolteon|Take Down|p2a: Kakuna|[miss]
|-miss|p1a: Jolteon
|move|p2a: Kakuna|Harden|p2a: Kakuna
|-boost|p2a: Kakuna|def|1
|
|turn|5
|choice|move 4|move 1
|
|move|p1a: Jolteon|Take Down|p2a: Kakuna
|-damage|p2a: Kakuna|123\/246
|-damage|p1a: Jolteon|197\/209|[from] recoil|[of] p2a: Kakuna
|move|p2a: Kakuna|Harden|p2a: Kakuna
|-boost|p2a: Kakuna|def|1
|
|turn|6
|choice|move 1|move 1
|
|move|p1a: Jolteon|Pin Missile|p2a: Kakuna
|-supereffective|p2a: Kakuna
|-damage|p2a: Kakuna|116\/246
|-damage|p2a: Kakuna|109\/246
|-damage|p2a: Kakuna|102\/246
|-damage|p2a: Kakuna|95\/246
|-hitcount|p2a: Kakuna|4
|move|p2a: Kakuna|Harden|p2a: Kakuna
|-boost|p2a: Kakuna|def|1
|
|turn|7
|choice|move 1|move 1
|
|move|p1a: Jolteon|Pin Missile|p2a: Kakuna
|-supereffective|p2a: Kakuna
|-damage|p2a: Kakuna|90\/246
|-damage|p2a: Kakuna|85\/246
|-hitcount|p2a: Kakuna|2
|move|p2a: Kakuna|Harden|p2a: Kakuna
|-boost|p2a: Kakuna|def|1
|
|turn|8
|choice|move 1|move 1
|
|move|p1a: Jolteon|Pin Missile|p2a: Kakuna
|-supereffective|p2a: Kakuna
|-damage|p2a: Kakuna|80\/246
|-damage|p2a: Kakuna|75\/246
|-damage|p2a: Kakuna|70\/246
|-damage|p2a: Kakuna|65\/246
|-hitcount|p2a: Kakuna|4
|move|p2a: Kakuna|Harden|p2a: Kakuna
|-boost|p2a: Kakuna|def|1
|
|turn|9
|choice|move 1|move 1
|
|move|p1a: Jolteon|Pin Missile|p2a: Kakuna
|-supereffective|p2a: Kakuna
|-damage|p2a: Kakuna|60\/246
|-damage|p2a: Kakuna|55\/246
|-damage|p2a: Kakuna|50\/246
|-hitcount|p2a: Kakuna|3
|move|p2a: Kakuna|Harden|p2a: Kakuna
|-boost|p2a: Kakuna|def|1
|
|turn|10
|choice|move 1|move 1
|
|move|p1a: Jolteon|Pin Missile|p2a: Kakuna
|-supereffective|p2a: Kakuna
|-damage|p2a: Kakuna|45\/246
|-damage|p2a: Kakuna|40\/246
|-damage|p2a: Kakuna|35\/246
|-hitcount|p2a: Kakuna|3
|move|p2a: Kakuna|Harden|p2a: Kakuna
|-boost|p2a: Kakuna|def|1
|
|turn|11
|choice|move 1|move 1
|
|move|p1a: Jolteon|Pin Missile|p2a: Kakuna
|-supereffective|p2a: Kakuna
|-damage|p2a: Kakuna|30\/246
|-damage|p2a: Kakuna|25\/246
|-damage|p2a: Kakuna|20\/246
|-damage|p2a: Kakuna|15\/246
|-hitcount|p2a: Kakuna|4
|move|p2a: Kakuna|Harden|p2a: Kakuna
|-boost|p2a: Kakuna|def|1
|
|turn|12
|choice|move 1|move 1
|
|move|p1a: Jolteon|Pin Missile|p2a: Kakuna
|-crit|p2a: Kakuna
|-supereffective|p2a: Kakuna
|-damage|p2a: Kakuna|0 fnt
|-hitcount|p2a: Kakuna|1
|faint|p2a: Kakuna
|choice||switch 3
|
|switch|p2a: Zapdos|Zapdos, L62|235\/235
|turn|13
|choice|move 3|move 1
|
|move|p1a: Jolteon|Mimic|p2a: Zapdos
|-start|p1a: Jolteon|Mimic|Agility
|move|p2a: Zapdos|Substitute|p2a: Zapdos
|-start|p2a: Zapdos|Substitute
|-damage|p2a: Zapdos|177\/235
|
|turn|14
|choice|move 3|move 4
|
|move|p1a: Jolteon|Agility|p1a: Jolteon
|-boost|p1a: Jolteon|spe|2
|move|p2a: Zapdos|Agility|p2a: Zapdos
|-boost|p2a: Zapdos|spe|2
|
|turn|15
|choice|move 2|move 4
|
|move|p1a: Jolteon|Reflect|p1a: Jolteon
|-fail|p1a: Jolteon
|move|p2a: Zapdos|Agility|p2a: Zapdos
|-boost|p2a: Zapdos|spe|2
|
|turn|16
|choice|move 3|move 4
|
|move|p2a: Zapdos|Agility|p2a: Zapdos
|-boost|p2a: Zapdos|spe|2
|move|p1a: Jolteon|Agility|p1a: Jolteon
|-boost|p1a: Jolteon|spe|2
|
|turn|17
|choice|move 3|move 3
|
|move|p2a: Zapdos|Razor Wind|p1a: Jolteon|[still]
|-prepare|p2a: Zapdos|Razor Wind|p1a: Jolteon
|move|p1a: Jolteon|Agility|p1a: Jolteon
|-boost|p1a: Jolteon|spe|2
|
|turn|18
|choice|move 4|move 1
|
|move|p1a: Jolteon|Take Down|p2a: Zapdos
|-activate|p2a: Zapdos|Substitute|[damage]
|-damage|p1a: Jolteon|186\/209|[from] recoil|[of] p2a: Zapdos
|move|p2a: Zapdos|Razor Wind|p1a: Jolteon|[from]Razor Wind|[miss]
|-miss|p2a: Zapdos
|
|turn|19
|choice|move 1|move 3
|
|move|p1a: Jolteon|Pin Missile|p2a: Zapdos
|-resisted|p2a: Zapdos
|-activate|p2a: Zapdos|Substitute|[damage]
|-crit|p2a: Zapdos
|-resisted|p2a: Zapdos
|-activate|p2a: Zapdos|Substitute|[damage]
|-crit|p2a: Zapdos
|-resisted|p2a: Zapdos
|-end|p2a: Zapdos|Substitute
|-hitcount|p2a: Zapdos|3
|move|p2a: Zapdos|Razor Wind|p1a: Jolteon|[still]
|-prepare|p2a: Zapdos|Razor Wind|p1a: Jolteon
|
|turn|20
|choice|switch 2|move 1
|
|switch|p1a: Marowak|Marowak, L73|222\/222
|move|p2a: Zapdos|Razor Wind|p1a: Marowak|[from]Razor Wind
|-damage|p1a: Marowak|193\/222
|
|turn|21
|choice|move 1|switch 5
|
|switch|p2a: Seel|Seel, L75|232\/232
|move|p1a: Marowak|Body Slam|p2a: Seel
|-damage|p2a: Seel|179\/232
|-status|p2a: Seel|par
|
|turn|22
|choice|switch 2|move 2
|
|switch|p1a: Jolteon|Jolteon, L65|186\/209
|cant|p2a: Seel|par
|
|turn|23
|choice|move 1|switch 4
|
|switch|p2a: Pidgeotto|Pidgeotto, L75|232\/232
|move|p1a: Jolteon|Pin Missile|p2a: Pidgeotto
|-resisted|p2a: Pidgeotto
|-damage|p2a: Pidgeotto|229\/232
|-damage|p2a: Pidgeotto|226\/232
|-hitcount|p2a: Pidgeotto|2
|
|turn|24
|choice|switch 2|move 2
|
|switch|p1a: Marowak|Marowak, L73|193\/222
|move|p2a: Pidgeotto|Toxic|p1a: Marowak
|-status|p1a: Marowak|tox
|
|turn|25
|choice|move 1|switch 4
|
|switch|p2a: Seel|Seel, L75|179\/232 par
|move|p1a: Marowak|Body Slam|p2a: Seel
|-damage|p2a: Seel|120\/232 par
|-damage|p1a: Marowak|180\/222 tox|[from] tox|[of] p2a: Seel
|
|turn|26
|choice|switch 2|move 4
|
|switch|p1a: Jolteon|Jolteon, L65|186\/209
|move|p2a: Seel|Water Gun|p1a: Jolteon
|-damage|p1a: Jolteon|156\/209
|
|turn|27
|choice|move 1|switch 4
|
|switch|p2a: Pidgeotto|Pidgeotto, L75|226\/232
|move|p1a: Jolteon|Pin Missile|p2a: Pidgeotto
|-resisted|p2a: Pidgeotto
|-damage|p2a: Pidgeotto|223\/232
|-damage|p2a: Pidgeotto|220\/232
|-hitcount|p2a: Pidgeotto|2
|
|turn|28
|choice|switch 2|move 3
|
|switch|p1a: Marowak|Marowak, L73|180\/222 tox
|-status|p1a: Marowak|psn
|-damage|p1a: Marowak|167\/222 psn|[from] psn
|move|p2a: Pidgeotto|Wing Attack|p1a: Marowak
|-damage|p1a: Marowak|149\/222 psn
|
|turn|29
|choice|move 1|switch 4
|
|switch|p2a: Seel|Seel, L75|120\/232 par
|move|p1a: Marowak|Body Slam|p2a: Seel
|-damage|p2a: Seel|60\/232 par
|-damage|p1a: Marowak|136\/222 psn|[from] psn|[of] p2a: Seel
|
|turn|30
|choice|switch 2|move 4
|
|switch|p1a: Jolteon|Jolteon, L65|156\/209
|move|p2a: Seel|Water Gun|p1a: Jolteon
|-damage|p1a: Jolteon|124\/209
|
|turn|31
|choice|move 4|move 4
|
|move|p1a: Jolteon|Take Down|p2a: Seel
|-damage|p2a: Seel|16\/232 par
|-damage|p1a: Jolteon|113\/209|[from] recoil|[of] p2a: Seel
|move|p2a: Seel|Water Gun|p1a: Jolteon
|-damage|p1a: Jolteon|80\/209
|
|turn|32
|choice|move 4|move 4
|
|move|p1a: Jolteon|Take Down|p2a: Seel|[miss]
|-miss|p1a: Jolteon
|cant|p2a: Seel|par
|
|turn|33
|choice|move 4|move 4
|
|move|p1a: Jolteon|Take Down|p2a: Seel
|-damage|p2a: Seel|0 fnt
|-damage|p1a: Jolteon|76\/209|[from] recoil|[of] p2a: Seel
|faint|p2a: Seel
|choice||switch 4
|
|switch|p2a: Pidgeotto|Pidgeotto, L75|220\/232
|turn|34
|choice|switch 3|move 3
|
|switch|p1a: Rattata|Rattata, L83|216\/216
|move|p2a: Pidgeotto|Wing Attack|p1a: Rattata
|-damage|p1a: Rattata|177\/216
|
|turn|35
|choice|move 2|move 2
|
|move|p1a: Rattata|Swift|p2a: Pidgeotto
|-crit|p2a: Pidgeotto
|-damage|p2a: Pidgeotto|106\/232
|move|p2a: Pidgeotto|Toxic|p1a: Rattata
|-status|p1a: Rattata|tox
|
|turn|36
|choice|move 2|move 1
|
|move|p1a: Rattata|Swift|p2a: Pidgeotto
|-crit|p2a: Pidgeotto
|-damage|p2a: Pidgeotto|0 fnt
|faint|p2a: Pidgeotto
|choice||switch 6
|
|switch|p2a: Dewgong|Dewgong, L67|245\/245
|turn|37
|choice|switch 3|move 2
|
|switch|p1a: Jolteon|Jolteon, L65|76\/209
|move|p2a: Dewgong|Hyper Beam|p1a: Jolteon
|-damage|p1a: Jolteon|0 fnt
|faint|p1a: Jolteon
|choice|switch 3|
|
|switch|p1a: Rattata|Rattata, L83|177\/216 tox
|-status|p1a: Rattata|psn
|turn|38
|choice|move 2|move 2
|
|move|p1a: Rattata|Swift|p2a: Dewgong
|-damage|p2a: Dewgong|190\/245
|-damage|p1a: Rattata|164\/216 psn|[from] psn|[of] p2a: Dewgong
|move|p2a: Dewgong|Hyper Beam|p1a: Rattata
|-damage|p1a: Rattata|68\/216 psn
|
|turn|39
|-mustrecharge|p2a: Dewgong
|-mustrecharge|p2a: Dewgong
|choice|move 3|move 1
|
|move|p1a: Rattata|Tail Whip|p2a: Dewgong
|-unboost|p2a: Dewgong|def|1
|-damage|p1a: Rattata|55\/216 psn|[from] psn|[of] p2a: Dewgong
|cant|p2a: Dewgong|recharge
|
|turn|40
|choice|move 2|switch 5
|
|switch|p2a: Zapdos|Zapdos, L62|177\/235
|move|p1a: Rattata|Swift|p2a: Zapdos
|-damage|p2a: Zapdos|118\/235
|-damage|p1a: Rattata|42\/216 psn|[from] psn|[of] p2a: Zapdos
|
|turn|41
|choice|switch 2|move 2
|
|switch|p1a: Marowak|Marowak, L73|136\/222 psn
|-damage|p1a: Marowak|123\/222 psn|[from] psn
|move|p2a: Zapdos|Swift|p1a: Marowak
|-damage|p1a: Marowak|102\/222 psn
|
|turn|42
|choice|move 1|move 3
|
|move|p2a: Zapdos|Razor Wind|p1a: Marowak|[still]
|-prepare|p2a: Zapdos|Razor Wind|p1a: Marowak
|move|p1a: Marowak|Body Slam|p2a: Zapdos
|-damage|p2a: Zapdos|65\/235
|-damage|p1a: Marowak|89\/222 psn|[from] psn|[of] p2a: Zapdos
|
|turn|43
|choice|move 1|move 1
|
|move|p2a: Zapdos|Razor Wind|p1a: Marowak|[from]Razor Wind
|-damage|p1a: Marowak|63\/222 psn
|move|p1a: Marowak|Body Slam|p2a: Zapdos
|-crit|p2a: Zapdos
|-damage|p2a: Zapdos|0 fnt
|faint|p2a: Zapdos
|choice||switch 5
|
|switch|p2a: Dewgong|Dewgong, L67|190\/245
|turn|44
|choice|switch 2|move 2
|
|switch|p1a: Rattata|Rattata, L83|42\/216 psn
|-damage|p1a: Rattata|29\/216 psn|[from] psn
|move|p2a: Dewgong|Hyper Beam|p1a: Rattata
|-damage|p1a: Rattata|0 fnt
|faint|p1a: Rattata
|choice|switch 4|
|
|switch|p1a: Jigglypuff|Jigglypuff, L82|353\/353
|turn|45
|choice|move 2|move 2
|
|move|p2a: Dewgong|Hyper Beam|p1a: Jigglypuff
|-damage|p1a: Jigglypuff|239\/353
|move|p1a: Jigglypuff|Ice Punch|p2a: Dewgong
|-resisted|p2a: Dewgong
|-damage|p2a: Dewgong|183\/245
|
|turn|46
|-mustrecharge|p2a: Dewgong
|-mustrecharge|p2a: Dewgong
|choice|move 4|move 1
|
|cant|p2a: Dewgong|recharge
|move|p1a: Jigglypuff|Pound|p2a: Dewgong
|-damage|p2a: Dewgong|147\/245
|
|turn|47
|choice|move 4|move 2
|
|move|p2a: Dewgong|Hyper Beam|p1a: Jigglypuff|[miss]
|-miss|p2a: Dewgong
|move|p1a: Jigglypuff|Pound|p2a: Dewgong
|-damage|p2a: Dewgong|112\/245
|
|turn|48
|choice|move 4|move 2
|
|move|p2a: Dewgong|Hyper Beam|p1a: Jigglypuff
|-crit|p1a: Jigglypuff
|-damage|p1a: Jigglypuff|26\/353
|move|p1a: Jigglypuff|Pound|p2a: Dewgong
|-damage|p2a: Dewgong|77\/245
|
|turn|49
|-mustrecharge|p2a: Dewgong
|-mustrecharge|p2a: Dewgong
|choice|move 4|move 1
|
|cant|p2a: Dewgong|recharge
|move|p1a: Jigglypuff|Pound|p2a: Dewgong
|-damage|p2a: Dewgong|41\/245
|
|turn|50
|choice|move 1|move 2
|
|move|p2a: Dewgong|Hyper Beam|p1a: Jigglypuff
|-damage|p1a: Jigglypuff|0 fnt
|faint|p1a: Jigglypuff
|choice|switch 2|
|
|switch|p1a: Marowak|Marowak, L73|63\/222 psn
|turn|51
|choice|move 4|move 4
|
|move|p2a: Dewgong|Aurora Beam|p1a: Marowak
|-supereffective|p1a: Marowak
|-damage|p1a: Marowak|0 fnt
|faint|p1a: Marowak
|choice|switch 5|
|
|switch|p1a: Moltres|Moltres, L62|222\/222
|turn|52
|choice|move 1|move 4
|
|move|p1a: Moltres|Double-Edge|p2a: Dewgong
|-damage|p2a: Dewgong|0 fnt
|-damage|p1a: Moltres|212\/222|[from] recoil|[of] p2a: Dewgong
|faint|p2a: Dewgong
|choice||switch 2
|
|switch|p2a: Dragonair|Dragonair, L72|219\/219
|turn|53
|choice|move 2|move 4
|
|move|p1a: Moltres|Fire Blast|p2a: Dragonair
|-resisted|p2a: Dragonair
|-damage|p2a: Dragonair|157\/219
|move|p2a: Dragonair|Double Team|p2a: Dragonair
|-boost|p2a: Dragonair|evasion|1
|
|turn|54
|choice|switch 6|move 3
|
|switch|p1a: Golem|Golem, L68|245\/245
|move|p2a: Dragonair|Body Slam|p1a: Golem
|-resisted|p1a: Golem
|-damage|p1a: Golem|225\/245
|-status|p1a: Golem|par
|
|turn|55
|choice|move 1|move 1
|
|move|p2a: Dragonair|Wrap|p1a: Golem
|-resisted|p1a: Golem
|-damage|p1a: Golem|222\/245 par
|-activate|p1a: Golem|move: Wrap|[of] p2a: Dragonair
|cant|p1a: Golem|partiallytrapped
|
|turn|56
|choice|move 1|move 1
|
|move|p2a: Dragonair|Wrap|p1a: Golem|[from]Wrap
|-damage|p1a: Golem|219\/245 par
|cant|p1a: Golem|partiallytrapped
|
|turn|57
|choice|move 1|move 1
|
|move|p2a: Dragonair|Wrap|p1a: Golem|[from]Wrap
|-damage|p1a: Golem|216\/245 par
|cant|p1a: Golem|partiallytrapped
|
|-end|p1a: Golem|Wrap|[partiallytrapped]
|turn|58
|choice|move 1|move 1
|
|move|p2a: Dragonair|Wrap|p1a: Golem
|-crit|p1a: Golem
|-resisted|p1a: Golem
|-damage|p1a: Golem|210\/245 par
|-activate|p1a: Golem|move: Wrap|[of] p2a: Dragonair
|cant|p1a: Golem|partiallytrapped
|
|turn|59
|choice|move 1|move 1
|
|move|p2a: Dragonair|Wrap|p1a: Golem|[from]Wrap
|-damage|p1a: Golem|204\/245 par
|cant|p1a: Golem|partiallytrapped
|
|-end|p1a: Golem|Wrap|[partiallytrapped]
|turn|60
|choice|switch 6|move 1
|
|switch|p1a: Moltres|Moltres, L62|212\/222
|move|p2a: Dragonair|Wrap|p1a: Moltres
|-damage|p1a: Moltres|201\/222
|-activate|p1a: Moltres|move: Wrap|[of] p2a: Dragonair
|
|turn|61
|choice|move 2|move 1
|
|cant|p1a: Moltres|partiallytrapped
|move|p2a: Dragonair|Wrap|p1a: Moltres|[from]Wrap
|-damage|p1a: Moltres|190\/222
|
|turn|62
|choice|switch 6|move 1
|
|switch|p1a: Golem|Golem, L68|204\/245 par
|move|p2a: Dragonair|Wrap|p1a: Golem|[miss]
|-miss|p2a: Dragonair
|
|turn|63
|choice|move 1|move 1
|
|move|p2a: Dragonair|Wrap|p1a: Golem|[miss]
|-miss|p2a: Dragonair
|move|p1a: Golem|Explosion|p2a: Dragonair|[miss]
|-miss|p1a: Golem
|faint|p1a: Golem
|choice|switch 6|
|
|switch|p1a: Moltres|Moltres, L62|190\/222
|turn|64
|choice|move 2|move 1
|
|move|p1a: Moltres|Fire Blast|p2a: Dragonair|[miss]
|-miss|p1a: Moltres
|move|p2a: Dragonair|Wrap|p1a: Moltres
|-damage|p1a: Moltres|179\/222
|-activate|p1a: Moltres|move: Wrap|[of] p2a: Dragonair
|
|turn|65
|choice|move 2|move 1
|
|cant|p1a: Moltres|partiallytrapped
|move|p2a: Dragonair|Wrap|p1a: Moltres|[from]Wrap
|-damage|p1a: Moltres|168\/222
|
|turn|66
|choice|move 2|move 1
|
|cant|p1a: Moltres|partiallytrapped
|move|p2a: Dragonair|Wrap|p1a: Moltres|[from]Wrap
|-damage|p1a: Moltres|157\/222
|
|turn|67
|choice|move 2|move 1
|
|cant|p1a: Moltres|partiallytrapped
|move|p2a: Dragonair|Wrap|p1a: Moltres|[from]Wrap
|-damage|p1a: Moltres|146\/222
|
|-end|p1a: Moltres|Wrap|[partiallytrapped]
|turn|68
|choice|move 2|move 1
|
|move|p1a: Moltres|Fire Blast|p2a: Dragonair
|-resisted|p2a: Dragonair
|-damage|p2a: Dragonair|99\/219
|move|p2a: Dragonair|Wrap|p1a: Moltres
|-crit|p1a: Moltres
|-damage|p1a: Moltres|126\/222
|-activate|p1a: Moltres|move: Wrap|[of] p2a: Dragonair
|
|turn|69
|choice|move 2|move 1
|
|cant|p1a: Moltres|partiallytrapped
|move|p2a: Dragonair|Wrap|p1a: Moltres|[from]Wrap
|-damage|p1a: Moltres|106\/222
|
|-end|p1a: Moltres|Wrap|[partiallytrapped]
|turn|70
|choice|move 2|move 1
|
|move|p1a: Moltres|Fire Blast|p2a: Dragonair
|-resisted|p2a: Dragonair
|-damage|p2a: Dragonair|38\/219
|move|p2a: Dragonair|Wrap|p1a: Moltres
|-damage|p1a: Moltres|96\/222
|-activate|p1a: Moltres|move: Wrap|[of] p2a: Dragonair
|
|turn|71
|choice|move 2|move 1
|
|cant|p1a: Moltres|partiallytrapped
|move|p2a: Dragonair|Wrap|p1a: Moltres|[from]Wrap
|-damage|p1a: Moltres|86\/222
|
|-end|p1a: Moltres|Wrap|[partiallytrapped]
|turn|72
|choice|move 2|move 3
|
|move|p1a: Moltres|Fire Blast|p2a: Dragonair
|-resisted|p2a: Dragonair
|-damage|p2a: Dragonair|0 fnt
|faint|p2a: Dragonair
|
|win|Guest 217845
|player|p1
|player|p2