|j|beMypokeBitch
|j|MALESANI
|player|p1|beMypokeBitch|25
|player|p2|MALESANI|238
|gametype|singles
|gen|1
|tier|[Gen 1] Random Battle
|rated
|seed|50203,49750,15079,44729
|rule|Sleep Clause Mod: Limit one foe put to sleep
|rule|Freeze Clause Mod: Limit one foe frozen
|rule|HP Percentage Mod: HP is shown in percentages
|
|start
|switch|p1a: Nidoking|Nidoking, L85|311\/311
|switch|p2a: Golbat|Golbat, L90|318\/318
|turn|1
|choice|move 4|move 3
|
|move|p2a: Golbat|Confuse Ray|p1a: Nidoking
|-start|p1a: Nidoking|confusion
|-activate|p1a: Nidoking|confusion
|-damage|p1a: Nidoking|277\/311|[from] confusion
|
|turn|2
|choice|switch 2|move 1
|
|switch|p1a: Butterfree|Butterfree, L90|291\/291
|move|p2a: Golbat|Screech|p1a: Butterfree
|-unboost|p1a: Butterfree|def|2
|
|turn|3
|choice|move 4|move 2
|
|move|p2a: Golbat|Double-Edge|p1a: Butterfree
|-damage|p1a: Butterfree|113\/291
|-damage|p2a: Golbat|274\/318|[from] recoil|[of] p1a: Butterfree
|move|p1a: Butterfree|Sleep Powder|p2a: Golbat|[miss]
|-miss|p1a: Butterfree
|
|turn|4
|c|★beMypokeBitch|LOL
|choice|switch 5|move 2
|
|switch|p1a: Jolteon|Jolteon, L79|265\/265
|move|p2a: Golbat|Double-Edge|p1a: Jolteon
|-crit|p1a: Jolteon
|-damage|p1a: Jolteon|65\/265
|-damage|p2a: Golbat|224\/318|[from] recoil|[of] p1a: Jolteon
|
|turn|5
|c|★beMypokeBitch|LOL
|choice|move 1|move 2
|
|move|p1a: Jolteon|Thunderbolt|p2a: Golbat
|-supereffective|p2a: Golbat
|-damage|p2a: Golbat|40\/318
|move|p2a: Golbat|Double-Edge|p1a: Jolteon
|-damage|p1a: Jolteon|0 fnt
|-damage|p2a: Golbat|24\/318|[from] recoil|[of] p1a: Jolteon
|faint|p1a: Jolteon
|choice|switch 3|
|
|switch|p1a: Persian|Persian, L79|265\/265
|turn|6
|choice|move 3|switch 6
|
|switch|p2a: Clefable|Clefable, L85|335\/335
|move|p1a: Persian|Body Slam|p2a: Clefable
|-crit|p2a: Clefable
|-damage|p2a: Clefable|203\/335
|
|turn|7
|choice|move 1|move 3
|
|move|p1a: Persian|Slash|p2a: Clefable
|-crit|p2a: Clefable
|-damage|p2a: Clefable|90\/335
|move|p2a: Clefable|Hyper Beam|p1a: Persian
|-damage|p1a: Persian|83\/265
|
|turn|8
|-mustrecharge|p2a: Clefable
|-mustrecharge|p2a: Clefable
|choice|move 1|move 1
|
|move|p1a: Persian|Slash|p2a: Clefable
|-crit|p2a: Clefable
|-damage|p2a: Clefable|0 fnt
|faint|p2a: Clefable
|choice||switch 4
|
|switch|p2a: Scyther|Scyther, L90|309\/309
|turn|9
|choice|switch 6|move 3
|
|switch|p1a: Machamp|Machamp, L90|345\/345
|move|p2a: Scyther|Slash|p1a: Machamp
|-crit|p1a: Machamp
|-damage|p1a: Machamp|225\/345
|
|turn|10
|choice|move 3|switch 6
|
|switch|p2a: Golbat|Golbat, L90|24\/318
|move|p1a: Machamp|Rock Slide|p2a: Golbat
|-supereffective|p2a: Golbat
|-damage|p2a: Golbat|0 fnt
|faint|p2a: Golbat
|choice||switch 2
|
|switch|p2a: Kadabra|Kadabra, L85|242\/242
|turn|11
|choice|move 4|move 1
|
|move|p2a: Kadabra|Psychic|p1a: Machamp
|-supereffective|p1a: Machamp
|-damage|p1a: Machamp|0 fnt
|faint|p1a: Machamp
|choice|switch 6|
|
|switch|p1a: Persian|Persian, L79|83\/265
|turn|12
|choice|move 1|move 1
|
|move|p2a: Kadabra|Psychic|p1a: Persian
|-damage|p1a: Persian|0 fnt
|faint|p1a: Persian
|choice|switch 4|
|
|switch|p1a: Dewgong|Dewgong, L85|327\/327
|turn|13
|choice|move 4|switch 5
|
|switch|p2a: Mew|Mew, L74|300\/300
|move|p1a: Dewgong|Body Slam|p2a: Mew
|-crit|p2a: Mew
|-damage|p2a: Mew|196\/300
|
|turn|14
|choice|switch 2|move 4
|
|switch|p1a: Nidoking|Nidoking, L85|277\/311
|move|p2a: Mew|Psychic|p1a: Nidoking
|-supereffective|p1a: Nidoking
|-damage|p1a: Nidoking|98\/311
|-unboost|p1a: Nidoking|spd|1
|-unboost|p1a: Nidoking|spa|1
|
|turn|15
|choice|move 1|move 4
|
|move|p1a: Nidoking|Earthquake|p2a: Mew
|-damage|p2a: Mew|94\/300
|move|p2a: Mew|Psychic|p1a: Nidoking
|-supereffective|p1a: Nidoking
|-damage|p1a: Nidoking|0 fnt
|faint|p1a: Nidoking
|-message|beMypokeBitch forfeited.
|
|win|MALESANI
|player|p1
|player|p2
|l|beMypokeBitch
|raw|beMypokeBitch's rating: 1478 &rarr; <strong>1456<\/strong><br \/>(-22 for losing)
|raw|MALESANI's rating: 1449 &rarr; <strong>1470<\/strong><br \/>(+21 for winning)